,Date,Stock Price,Book Value per Share,Price to Book Ratio,TTM Sales per Share,Price to Sales Ratio,TTM FCF per Share,Price to FCF Ratio,TTM Net EPS,PE Ratio,Current Assets,Current Liabilities,Current Ratio,Long Term Debt,Shareholder's Equity_x,Debt to Equity Ratio,TTM Revenue_x,TTM Gross Profit,Gross Margin,TTM Revenue_y,TTM Operating Income,Operating Margin,TTM Revenue_x,TTM EBIT,EBIT Margin,TTM Revenue_y,TTM EBITDA,EBITDA Margin,TTM Revenue_x,TTM Pre-Tax Income,Pre-Tax Margin,TTM Revenue_y,TTM Net Income_x,Net Margin,TTM Net Income_y,Shareholder's Equity_y,Return on Equity,TTM Net Income_x,Tangible Equity,Return on Tangible Equity,TTM Net Income_y,Total Assets,Return on Assets,TTM Net Income,LT Investments & Debt,Return on Investment,revenue,cost-goods-sold,gross-profit,research-development-expenses,selling-general-administrative-expenses,operating-expenses,operating-income,total-non-operating-income-expense,pre-tax-income,total-provision-income-taxes,income-after-taxes,income-from-continuous-operations,net-income,ebitda,ebit,basic-shares-outstanding,shares-outstanding,eps-basic-net-earnings-per-share,eps-earnings-per-share-diluted,cash-on-hand,inventory,other-current-assets,total-current-assets,net-property-plant-equipment,long-term-investments,goodwill-intangible-assets-total,other-long-term-assets,total-long-term-assets,total-assets,total-current-liabilities,long-term-debt,other-non-current-liabilities,total-long-term-liabilities,total-liabilities,common-stock-net,retained-earnings-accumulated-deficit,comprehensive-income,total-share-holder-equity,total-liabilities-share-holders-equity,net-income-loss,total-depreciation-amortization-cash-flow,other-non-cash-items,total-non-cash-items,change-in-accounts-receivable,change-in-inventories,change-in-accounts-payable,change-in-assets-liabilities,total-change-in-assets-liabilities,cash-flow-from-operating-activities,net-change-in-property-plant-equipment,net-change-in-intangible-assets,net-acquisitions-divestitures,net-change-in-short-term-investments,net-change-in-long-term-investments,net-change-in-investments-total,investing-activities-other,cash-flow-from-investing-activities,net-long-term-debt,net-current-debt,debt-issuance-retirement-net-total,net-common-equity-issued-repurchased,net-total-equity-issued-repurchased,total-common-preferred-stock-dividends-paid,financial-activities-other,cash-flow-from-financial-activities,net-cash-flow,stock-based-compensation,common-stock-dividends-paid
0,2018-07-31,66.04,$14.32,4.61,$14.81,4.46,$5.70,11.59,$0.91,72.57,$3.67B,$1.01B,3.62,$1.80B,$4.57B,0.39,$4.81B,$2.63B,54.59%,$4.81B,$0.91B,18.96%,$4.81B,$0.91B,18.96%,$4.81B,$1.12B,23.25%,$4.81B,$0.93B,19.30%,$4.81B,$0.30B,6.20%,$0.30B,$4.57B,6.43%,$0.30B,$1.12B,19.15%,$0.30B,$8.35B,3.48%,$0.91B,$6.37B,14.17%,$1294,$585,$709,$104,$356,$1045,$249,$-5,$244,$49,$195,$195,$195,$278,$249,$319,322,$0.61,$0.61,$2131,$623,$180,$3667,$801,$70,$3448,$363,$4682,$8349,$1014,$1799,$750,$2767,$3781,$3,$-416,$-335,$4568,$8349,$121,$154,$44,$198,$-9,$-66,$-9,$504,$396,$715,$-141,$0,$-437,$0,$-11,$-11,$-1,$-590,$0,$-210,$-210,$-283,$-283,$-144,$-29,$-666,$-547,$56,$-144
1,2018-04-30,65.58,$14.34,4.57,$14.51,4.52,$5.41,12.13,$0.72,91.08,$4.53B,$1.37B,3.32,$1.80B,$4.62B,0.39,$4.72B,$2.56B,54.24%,$4.72B,$0.89B,18.81%,$4.72B,$0.89B,18.81%,$4.72B,$1.09B,23.14%,$4.72B,$0.88B,18.62%,$4.72B,$0.24B,5.02%,$0.24B,$4.62B,5.10%,$0.24B,$1.69B,14.09%,$0.24B,$8.78B,2.77%,$0.89B,$6.42B,13.77%,$1203,$542,$661,$97,$339,$978,$225,$17,$242,$6,$236,$236,$236,$265,$225,$320,324,$0.74,$0.73,$3011,$594,$166,$4525,$798,$139,$2932,$390,$4259,$8784,$1365,$1800,$776,$2802,$4167,$3,$-412,$-310,$4617,$8784,$-115,$101,$49,$150,$-21,$-34,$-14,$559,$483,$518,$-108,$0,$-7,$0,$0,$0,$-2,$-117,$-251,$356,$105,$-57,$-57,$-96,$-29,$-77,$333,$43,$-96
2,2018-01-31,73.08,$15.83,4.62,$14.20,5.15,$5.07,14.43,$0.59,123.87,$4.40B,$1.36B,3.23,$1.80B,$4.53B,0.4,$4.62B,$2.51B,54.33%,$4.62B,$0.87B,18.93%,$4.62B,$0.87B,18.93%,$4.62B,$1.08B,23.44%,$4.62B,$0.84B,18.26%,$4.62B,$0.20B,4.25%,$0.20B,$4.53B,4.27%,$0.20B,$1.55B,12.10%,$0.20B,$8.70B,2.35%,$0.87B,$6.33B,13.68%,$1206,$562,$644,$91,$338,$991,$215,$12,$227,$22,$205,$205,$205,$290,$215,$322,326,$0.64,$0.63,$2887,$608,$151,$4397,$792,$140,$2974,$395,$4301,$8698,$1361,$1800,$770,$2811,$4172,$3,$-529,$-269,$4526,$8698,$-320,$51,$31,$82,$-5,$-34,$-3,$557,$453,$215,$-60,$0,$-6,$0,$-1,$-1,$0,$-67,$0,$135,$135,$-22,$-22,$-48,$-28,$37,$209,$31,$-48
3,2017-10-31,67.56,$15.02,4.5,$13.73,4.92,$4.84,13.95,$2.10,32.17,$4.17B,$1.26B,3.3,$1.80B,$4.84B,0.37,$4.47B,$2.41B,53.87%,$4.47B,$0.84B,18.81%,$4.47B,$0.84B,18.81%,$4.47B,$1.05B,23.55%,$4.47B,$0.80B,17.96%,$4.47B,$0.68B,15.30%,$0.68B,$4.84B,15.10%,$0.68B,$1.87B,43.77%,$0.68B,$8.43B,8.40%,$0.84B,$6.64B,13.28%,$1211,$538,$673,$93,$341,$972,$239,$-6,$233,$553,$-320,$-320,$-320,$285,$239,$323,323,$-0.99,$-0.99,$2678,$575,$192,$4169,$757,$138,$2968,$394,$4257,$8426,$1263,$1801,$293,$2328,$3591,$3,$-126,$-346,$4835,$8426,$684,$212,$193,$405,$-81,$-61,$2,$-98,$-200,$889,$-176,$0,$-126,$0,$-2,$-2,$-1,$-305,$110,$0,$110,$-128,$-128,$-170,$-14,$-202,$389,$60,$-170
4,2017-07-31,59.26,$14.32,4.14,$13.46,4.4,$4.64,12.76,$1.94,30.54,$4.00B,$1.24B,3.22,$1.80B,$4.61B,0.39,$4.39B,$2.35B,53.48%,$4.39B,$0.79B,18.00%,$4.39B,$0.79B,18.00%,$4.39B,$1.01B,22.92%,$4.39B,$0.73B,16.57%,$4.39B,$0.63B,14.41%,$0.63B,$4.61B,14.44%,$0.63B,$1.62B,44.44%,$0.63B,$8.26B,7.93%,$0.79B,$6.41B,12.74%,$1189,$542,$647,$89,$325,$956,$233,$-7,$226,$49,$177,$177,$177,$252,$233,$322,326,$0.54,$0.54,$2563,$566,$189,$3996,$716,$137,$2987,$425,$4265,$8261,$1241,$1801,$285,$2409,$3650,$3,$-260,$-417,$4611,$8261,$507,$160,$155,$315,$-29,$-46,$11,$-146,$-221,$601,$-118,$0,$-126,$0,$0,$0,$-1,$-245,$0,$180,$180,$-136,$-136,$-127,$-13,$-96,$274,$48,$-127
5,2017-04-30,54.44,$13.63,3.99,$13.22,4.12,$4.60,11.83,$1.78,30.58,$3.80B,$1.19B,3.2,$1.80B,$4.38B,0.41,$4.32B,$2.30B,53.10%,$4.32B,$0.74B,17.02%,$4.32B,$0.74B,17.02%,$4.32B,$0.96B,22.22%,$4.32B,$0.67B,15.47%,$4.32B,$0.58B,13.46%,$0.58B,$4.38B,13.48%,$0.58B,$1.43B,42.70%,$0.58B,$8.02B,7.41%,$0.74B,$6.18B,12.05%,$1114,$518,$596,$87,$308,$913,$201,$-8,$193,$18,$175,$175,$175,$255,$201,$321,326,$0.55,$0.54,$2389,$548,$186,$3800,$675,$134,$2941,$466,$4216,$8016,$1187,$1802,$335,$2454,$3641,$3,$-393,$-477,$4375,$8016,$332,$109,$72,$181,$-48,$-29,$6,$-76,$-140,$373,$-75,$0,$-69,$0,$0,$0,$0,$-144,$-87,$228,$141,$-168,$-168,$-85,$-13,$-125,$100,$35,$-85
6,2017-01-31,48.3,$13.35,3.62,$12.94,3.73,$4.61,10.49,$1.56,30.96,$3.64B,$1.09B,3.34,$1.80B,$4.30B,0.42,$4.24B,$2.23B,52.68%,$4.24B,$0.67B,15.70%,$4.24B,$0.67B,15.70%,$4.24B,$0.90B,21.24%,$4.24B,$0.60B,14.03%,$4.24B,$0.51B,12.00%,$0.51B,$4.30B,11.94%,$0.51B,$1.33B,39.63%,$0.51B,$7.87B,6.56%,$0.67B,$6.10B,11.07%,$1102,$510,$592,$84,$307,$901,$201,$-10,$191,$27,$164,$164,$164,$261,$201,$321,325,$0.51,$0.50,$2241,$551,$190,$3635,$653,$133,$2974,$477,$4237,$7872,$1089,$1802,$331,$2483,$3572,$3,$-453,$-489,$4300,$7872,$168,$55,$45,$100,$-31,$-26,$9,$-61,$-152,$116,$-32,$0,$-69,$0,$0,$0,$0,$-101,$0,$89,$89,$-93,$-93,$-42,$-12,$-58,$-48,$20,$-42
7,2016-10-31,42.85,$13.10,3.27,$12.76,3.36,$4.57,9.38,$1.41,30.39,$3.64B,$0.95B,3.85,$1.90B,$4.25B,0.45,$4.20B,$2.20B,52.28%,$4.20B,$0.62B,14.64%,$4.20B,$0.62B,14.64%,$4.20B,$0.86B,20.49%,$4.20B,$0.54B,12.95%,$4.20B,$0.46B,10.99%,$0.46B,$4.25B,11.00%,$0.46B,$1.31B,37.96%,$0.46B,$7.79B,6.06%,$0.62B,$6.15B,10.39%,$1067,$493,$574,$79,$289,$861,$206,$-13,$193,$25,$168,$168,$168,$239,$206,$322,326,$0.52,$0.52,$2289,$533,$182,$3635,$639,$135,$2933,$452,$4159,$7794,$945,$1904,$339,$2603,$3548,$6,$6089,$-503,$4246,$7794,$462,$246,$125,$371,$-33,$-7,$-15,$0,$-40,$793,$-139,$0,$-261,$0,$-83,$-83,$245,$-238,$262,$0,$262,$-372,$-372,$-150,$-8,$-268,$286,$58,$-150
8,2016-07-31,47.2,$13.41,3.52,$12.48,3.78,$3.85,12.26,$1.45,32.55,$3.53B,$1.15B,3.07,$1.65B,$4.35B,0.38,$4.13B,$2.14B,51.96%,$4.13B,$0.59B,14.25%,$4.13B,$0.59B,14.25%,$4.13B,$0.84B,20.31%,$4.13B,$0.54B,12.99%,$4.13B,$0.48B,11.54%,$0.48B,$4.35B,11.38%,$0.48B,$1.38B,38.75%,$0.48B,$7.73B,6.31%,$0.59B,$6.00B,10.08%,$1111,$523,$588,$84,$321,$928,$183,$-32,$151,$25,$126,$126,$126,$206,$183,$326,329,$0.39,$0.38,$2199,$543,$198,$3530,$623,$155,$2967,$459,$4204,$7734,$1151,$1652,$356,$2237,$3388,$6,$6000,$-345,$4346,$7734,$336,$190,$113,$303,$19,$-11,$-27,$-47,$-80,$559,$-87,$0,$-235,$0,$-83,$-83,$245,$-160,$0,$235,$235,$-329,$-329,$-112,$-6,$-212,$196,$47,$-112
9,2016-04-30,40.04,$12.82,3.12,$12.33,3.25,$3.04,13.16,$1.38,29.02,$3.49B,$1.13B,3.08,$1.65B,$4.17B,0.4,$4.10B,$2.12B,51.64%,$4.10B,$0.59B,14.31%,$4.10B,$0.59B,14.31%,$4.10B,$0.84B,20.46%,$4.10B,$0.53B,12.94%,$4.10B,$0.46B,11.30%,$0.46B,$4.17B,11.23%,$0.46B,$1.12B,38.66%,$0.46B,$7.64B,6.24%,$0.59B,$5.82B,10.14%,$1044,$502,$542,$86,$310,$898,$146,$-12,$134,$10,$124,$124,$124,$195,$146,$325,328,$0.38,$0.38,$2139,$555,$192,$3488,$610,$157,$3046,$339,$4152,$7640,$1133,$1654,$446,$2342,$3475,$6,$5720,$-299,$4165,$7640,$212,$130,$91,$221,$19,$-13,$-53,$-8,$-68,$365,$-63,$0,$-235,$0,$-83,$-83,$245,$-136,$0,$235,$235,$-262,$-262,$-75,$-5,$-107,$136,$36,$-75
10,2016-01-31,36.74,$12.34,2.98,$12.08,3.04,$2.49,14.78,$1.35,27.21,$3.40B,$0.95B,3.59,$1.65B,$4.05B,0.41,$4.04B,$2.07B,51.11%,$4.04B,$0.56B,13.91%,$4.04B,$0.56B,13.91%,$4.04B,$0.81B,20.12%,$4.04B,$0.51B,12.60%,$4.04B,$0.46B,11.36%,$0.46B,$4.05B,11.14%,$0.46B,$1.06B,36.90%,$0.46B,$7.30B,6.24%,$0.56B,$5.70B,9.73%,$1019,$489,$530,$81,$318,$888,$131,$-14,$117,$26,$91,$91,$91,$221,$131,$326,328,$0.28,$0.28,$1931,$554,$297,$3399,$594,$76,$2991,$242,$3903,$7302,$947,$1653,$412,$2307,$3254,$6,$5666,$-438,$4048,$7302,$121,$66,$33,$99,$-15,$-13,$-18,$-16,$-109,$111,$-38,$0,$-235,$0,$0,$0,$245,$-28,$0,$80,$80,$-176,$-176,$-38,$-5,$-139,$-72,$23,$-38
11,2015-10-31,36.75,$12.56,2.93,$12.02,3.06,$2.11,17.4,$1.19,30.88,$3.69B,$0.98B,3.78,$1.66B,$4.17B,0.4,$4.04B,$2.04B,50.54%,$4.04B,$0.52B,12.93%,$4.04B,$0.52B,12.93%,$4.04B,$0.78B,19.19%,$4.04B,$0.48B,11.89%,$4.04B,$0.40B,9.93%,$0.40B,$4.17B,9.62%,$0.40B,$1.36B,30.56%,$0.40B,$7.48B,5.41%,$0.52B,$5.83B,8.96%,$1028,$491,$537,$78,$304,$873,$155,$-13,$142,$21,$121,$121,$121,$216,$155,$329,332,$0.37,$0.36,$2245,$541,$294,$3686,$604,$86,$2811,$292,$3793,$7479,$976,$1655,$414,$2333,$3309,$6,$5581,$-391,$4170,$7479,$401,$253,$173,$426,$-24,$-24,$-26,$-249,$-315,$512,$-86,$0,$-71,$0,$-3,$-3,$-240,$-400,$0,$0,$0,$-209,$-209,$-133,$-747,$-1089,$-215,$54,$-133
12,2015-07-31,39.73,$12.37,3.21,$14.27,2.78,$2.44,16.3,$0.82,48.46,$3.48B,$0.85B,4.08,$1.66B,$4.11B,0.4,$4.81B,$2.40B,49.98%,$4.81B,$0.54B,11.23%,$4.81B,$0.54B,11.23%,$4.81B,$0.81B,16.89%,$4.81B,$0.42B,8.78%,$4.81B,$0.28B,5.76%,$0.28B,$4.11B,6.22%,$0.28B,$1.26B,18.35%,$0.28B,$7.25B,3.36%,$0.54B,$5.76B,8.84%,$1035,$500,$535,$82,$297,$879,$156,$-13,$143,$3,$140,$140,$140,$206,$156,$333,335,$0.42,$0.42,$2075,$545,$274,$3478,$587,$88,$2850,$248,$3773,$7251,$853,$1655,$469,$2292,$3145,$6,$5474,$-332,$4106,$7251,$261,$193,$60,$253,$1,$-18,$-47,$-152,$-243,$271,$-60,$0,$-63,$0,$-3,$-3,$1,$-125,$0,$0,$0,$-210,$-210,$-100,$-746,$-1056,$-143,$43,$-100
13,2015-04-30,40.04,$12.50,3.2,$14.22,2.82,$2.99,13.41,$0.94,42.6,$3.62B,$0.93B,3.89,$1.66B,$4.16B,0.4,$4.80B,$2.39B,49.80%,$4.80B,$0.53B,10.97%,$4.80B,$0.53B,10.97%,$4.80B,$0.83B,17.22%,$4.80B,$0.38B,7.89%,$4.80B,$0.31B,6.52%,$0.31B,$4.16B,6.47%,$0.31B,$1.30B,18.82%,$0.31B,$7.41B,3.47%,$0.53B,$5.82B,7.95%,$1014,$501,$513,$79,$290,$870,$144,$-16,$128,$15,$113,$113,$111,$170,$144,$332,334,$0.33,$0.33,$2197,$556,$291,$3620,$593,$91,$2857,$251,$3792,$7412,$930,$1656,$489,$2321,$3251,$6,$5397,$-270,$4161,$7412,$150,$131,$55,$186,$16,$-18,$-35,$-129,$-173,$163,$-41,$0,$3,$0,$-1,$-1,$1,$-38,$0,$0,$0,$-128,$-128,$-67,$-734,$-929,$-21,$33,$-67
14,2015-01-31,36.47,$12.62,2.89,$14.29,2.55,$3.88,9.4,$1.10,33.15,$3.65B,$0.93B,3.94,$1.66B,$4.24B,0.39,$4.83B,$2.40B,49.65%,$4.83B,$0.51B,10.65%,$4.83B,$0.51B,10.65%,$4.83B,$0.85B,17.56%,$4.83B,$0.35B,7.29%,$4.83B,$0.37B,7.56%,$0.37B,$4.24B,7.01%,$0.37B,$1.33B,20.61%,$0.37B,$7.52B,3.67%,$0.51B,$5.90B,7.09%,$963,$483,$480,$81,$292,$856,$107,$-11,$96,$4,$92,$92,$87,$183,$107,$334,337,$0.26,$0.26,$2118,$560,$361,$3654,$610,$90,$2911,$254,$3865,$7519,$928,$1658,$499,$2351,$3279,$6,$5348,$-261,$4240,$7519,$63,$68,$35,$103,$-15,$-5,$-39,$-93,$-186,$-20,$-32,$0,$0,$0,$0,$0,$1,$-31,$0,$0,$0,$2,$2,$-34,$-796,$-828,$-100,$22,$-34
15,2014-10-31,38.48,$15.83,2.43,$14.24,2.7,$4.47,8.6,$1.47,26.18,$5.51B,$1.69B,3.26,$1.66B,$5.30B,0.31,$4.81B,$2.39B,49.77%,$4.81B,$0.52B,10.87%,$4.81B,$0.52B,10.87%,$4.81B,$0.89B,18.40%,$4.81B,$0.34B,6.99%,$4.81B,$0.50B,10.33%,$0.50B,$5.30B,9.03%,$0.50B,$2.15B,27.14%,$0.50B,$10.82B,4.64%,$0.52B,$6.97B,6.69%,$1026,$513,$513,$88,$310,$911,$115,$-2,$113,$20,$93,$93,$63,$253,$115,$336,338,$0.19,$0.19,$2218,$574,$263,$5509,$631,$96,$3156,$268,$5306,$10815,$1692,$1663,$513,$3819,$5511,$6,$6469,$-334,$5304,$10815,$549,$362,$5,$367,$-119,$-99,$50,$-26,$-185,$731,$-191,$0,$-11,$0,$-24,$-24,$-4,$-230,$99,$0,$99,$-12,$-12,$-176,$-28,$-117,$353,$96,$-176
16,2014-07-31,38.96,$16.94,2.3,$14.01,2.78,$5.73,6.8,$2.05,19.0,$4.83B,$1.58B,3.06,$2.18B,$5.64B,0.39,$4.72B,$2.41B,50.92%,$4.72B,$0.63B,13.42%,$4.72B,$0.63B,13.42%,$4.72B,$1.01B,21.43%,$4.72B,$0.51B,10.69%,$4.72B,$0.69B,14.65%,$0.69B,$5.64B,12.58%,$0.69B,$1.87B,42.56%,$0.69B,$10.38B,6.48%,$0.63B,$7.82B,7.86%,$1805,$908,$897,$189,$534,$1631,$174,$-89,$85,$69,$16,$16,$16,$221,$174,$334,338,$0.05,$0.05,$2391,$1099,$453,$4834,$1142,$164,$3770,$470,$5546,$10380,$1579,$2181,$745,$3161,$4740,$6,$6487,$53,$5640,$10380,$481,$283,$125,$408,$0,$-73,$-29,$-208,$-342,$547,$-148,$0,$-1,$0,$-24,$-24,$1,$-172,$-500,$35,$-465,$-64,$-64,$-132,$3,$-658,$-284,$77,$-132
17,2014-04-30,37.45,$16.90,2.22,$15.84,2.36,$6.34,5.91,$2.11,17.75,$5.38B,$1.72B,3.13,$2.69B,$5.63B,0.48,$5.37B,$2.76B,51.42%,$5.37B,$0.74B,13.77%,$5.37B,$0.74B,13.77%,$5.37B,$1.12B,20.83%,$5.37B,$0.63B,11.78%,$5.37B,$0.71B,13.29%,$0.71B,$5.63B,13.48%,$0.71B,$1.74B,52.01%,$0.71B,$11.03B,6.69%,$0.74B,$8.32B,9.25%,$1009,$507,$502,$86,$285,$878,$131,$-46,$85,$22,$63,$63,$147,$191,$131,$334,338,$0.44,$0.43,$2950,$1100,$424,$5377,$1139,$133,$3892,$485,$5649,$11026,$1719,$2693,$724,$3678,$5397,$6,$6384,$132,$5629,$11026,$334,$193,$94,$287,$-3,$-56,$44,$-91,$-102,$519,$-96,$0,$-2,$0,$-4,$-4,$0,$-102,$0,$0,$0,$-55,$-55,$-88,$3,$-140,$275,$58,$-88
18,2014-01-31,40.2,$16.31,2.46,$17.87,2.25,$6.38,6.3,$2.18,18.44,$5.07B,$1.55B,3.28,$2.70B,$5.45B,0.5,$6.11B,$3.17B,51.80%,$6.11B,$0.86B,14.04%,$6.11B,$0.86B,14.04%,$6.11B,$1.23B,20.16%,$6.11B,$0.76B,12.45%,$6.11B,$0.74B,12.11%,$0.74B,$5.45B,14.21%,$0.74B,$1.57B,58.57%,$0.74B,$10.64B,7.02%,$0.86B,$8.14B,11.06%,$988,$503,$485,$87,$304,$894,$94,$-25,$69,$29,$40,$40,$139,$220,$94,$333,337,$0.42,$0.41,$2742,$1088,$394,$5073,$1129,$129,$3876,$431,$5565,$10638,$1549,$2695,$673,$3642,$5191,$6,$6289,$36,$5447,$10638,$195,$96,$45,$141,$40,$-33,$-1,$-86,$-142,$194,$-45,$0,$-2,$0,$0,$0,$0,$-47,$0,$0,$0,$-27,$-27,$-44,$3,$-68,$67,$36,$-44
19,2013-10-31,35.01,$15.88,2.2,$19.66,1.78,$6.47,5.41,$2.11,16.59,$4.98B,$1.60B,3.11,$2.70B,$5.29B,0.51,$6.78B,$3.54B,52.12%,$6.78B,$0.95B,14.02%,$6.78B,$0.95B,14.02%,$6.78B,$1.32B,19.51%,$6.78B,$0.86B,12.67%,$6.78B,$0.72B,10.68%,$0.72B,$5.29B,13.96%,$0.72B,$1.33B,61.70%,$0.72B,$10.69B,6.86%,$0.95B,$7.99B,12.53%,$1008,$498,$510,$88,$298,$884,$124,$-27,$97,$-24,$121,$121,$195,$380,$124,$333,338,$0.59,$0.58,$2675,$1066,$343,$4983,$1134,$139,$3963,$467,$5703,$10686,$1602,$2699,$802,$3795,$5397,$6,$6073,$91,$5289,$10686,$734,$372,$135,$507,$14,$-100,$-27,$8,$-89,$1152,$-193,$0,$-21,$0,$-34,$-34,$0,$-248,$347,$0,$347,$-739,$-739,$-156,$-6,$-554,$324,$85,$-156
20,2013-07-31,30.78,$14.47,2.13,$19.56,1.57,$6.55,4.7,$2.68,11.48,$4.58B,$1.55B,2.96,$2.70B,$4.79B,0.56,$6.83B,$3.55B,51.95%,$6.83B,$0.94B,13.82%,$6.83B,$0.94B,13.82%,$6.83B,$1.32B,19.25%,$6.83B,$0.86B,12.60%,$6.83B,$0.94B,13.73%,$0.94B,$4.79B,18.18%,$0.94B,$0.85B,84.47%,$0.94B,$10.28B,8.92%,$0.94B,$7.49B,12.73%,$1718,$810,$908,$173,$450,$1433,$285,$-31,$254,$43,$211,$211,$211,$327,$285,$331,336,$0.64,$0.63,$2330,$1054,$325,$4584,$1139,$124,$3940,$491,$5694,$10278,$1550,$2701,$774,$3938,$5488,$6,$5901,$-173,$4790,$10278,$513,$277,$109,$386,$31,$-81,$-47,$10,$-124,$775,$-161,$0,$-11,$0,$-25,$-25,$0,$-197,$347,$0,$347,$-784,$-784,$-117,$-6,$-560,$-21,$66,$-117
21,2013-04-30,28.44,$15.39,1.85,$19.62,1.45,$6.49,4.38,$2.88,9.87,$4.82B,$1.91B,2.53,$2.11B,$5.31B,0.4,$6.90B,$3.58B,51.91%,$6.90B,$0.98B,14.17%,$6.90B,$0.98B,14.17%,$6.90B,$1.34B,19.44%,$6.90B,$0.89B,12.85%,$6.90B,$1.01B,14.68%,$1.01B,$5.31B,19.56%,$1.01B,$1.31B,91.47%,$1.01B,$10.59B,9.76%,$0.98B,$7.41B,13.60%,$1652,$796,$856,$171,$449,$1416,$236,$-24,$212,$44,$168,$168,$168,$305,$236,$339,343,$0.50,$0.49,$2519,$1042,$341,$4818,$1147,$120,$4001,$501,$5769,$10587,$1908,$2106,$787,$3371,$5279,$6,$5774,$-145,$5308,$10587,$345,$186,$70,$256,$-3,$-53,$-7,$23,$-41,$560,$-108,$0,$-10,$0,$-25,$-25,$0,$-143,$0,$0,$0,$-151,$-151,$-76,$-1,$-228,$168,$49,$-76
22,2013-01-31,30.64,$15.42,1.99,$19.55,1.57,$6.38,4.8,$3.12,9.82,$4.71B,$1.85B,2.55,$2.11B,$5.35B,0.4,$6.90B,$3.61B,52.30%,$6.90B,$1.07B,15.43%,$6.90B,$1.07B,15.43%,$6.90B,$1.40B,20.25%,$6.90B,$0.98B,14.23%,$6.90B,$1.10B,15.96%,$1.10B,$5.35B,21.89%,$1.10B,$1.21B,75.26%,$1.10B,$10.65B,10.92%,$1.07B,$7.46B,15.22%,$1732,$841,$891,$181,$497,$1519,$213,$-15,$198,$32,$166,$166,$166,$311,$213,$345,349,$0.48,$0.48,$2450,$1040,$348,$4712,$1163,$128,$4140,$510,$5941,$10653,$1846,$2111,$791,$3456,$5302,$6,$5607,$-41,$5351,$10653,$179,$94,$39,$133,$53,$-34,$-7,$-9,$-67,$245,$-58,$0,$-10,$0,$-4,$-4,$0,$-72,$0,$0,$0,$-27,$-27,$-35,$-1,$-63,$99,$31,$-35
23,2012-10-31,24.56,$14.99,1.64,$19.43,1.26,$6.14,4.0,$3.26,7.54,$4.63B,$1.89B,2.45,$2.11B,$5.19B,0.41,$6.86B,$3.60B,52.55%,$6.86B,$1.12B,16.32%,$6.86B,$1.12B,16.32%,$6.86B,$1.42B,20.71%,$6.86B,$1.04B,15.21%,$6.86B,$1.15B,16.81%,$1.15B,$5.19B,23.92%,$1.15B,$1.07B,64.66%,$1.15B,$10.54B,11.89%,$1.12B,$7.30B,16.60%,$1680,$800,$880,$179,$484,$1463,$217,$-22,$195,$16,$179,$179,$179,$372,$217,$347,352,$0.52,$0.51,$2351,$1014,$341,$4629,$1164,$109,$4111,$523,$5907,$10536,$1893,$2112,$792,$3458,$5351,$6,$5505,$-111,$5185,$10536,$1153,$301,$-50,$251,$19,$-52,$-31,$-58,$-176,$1228,$-194,$0,$-2257,$0,$85,$85,$0,$-2366,$148,$0,$148,$-72,$-72,$-104,$-9,$-37,$-1176,$74,$-104
24,2012-07-31,26.07,$13.96,1.87,$19.29,1.35,$6.28,4.15,$2.88,9.05,$4.21B,$2.09B,2.02,$1.71B,$4.87B,0.35,$6.82B,$3.60B,52.84%,$6.82B,$1.15B,16.92%,$6.82B,$1.15B,16.92%,$6.82B,$1.42B,20.88%,$6.82B,$1.08B,15.84%,$6.82B,$1.02B,14.91%,$1.02B,$4.87B,22.09%,$1.02B,$0.84B,48.55%,$1.02B,$9.76B,10.90%,$1.15B,$6.59B,17.81%,$1767,$845,$922,$178,$466,$1489,$278,$-22,$256,$-169,$425,$425,$425,$354,$278,$348,353,$1.22,$1.21,$1923,$1036,$302,$4211,$1139,$104,$4035,$268,$5546,$9757,$2090,$1714,$811,$2794,$4884,$6,$5114,$-35,$4873,$9757,$728,$207,$83,$290,$-22,$-74,$-1,$-73,$-275,$743,$-132,$0,$-2227,$0,$85,$85,$0,$-2274,$0,$-1,$-1,$12,$12,$-70,$-6,$-65,$-1604,$59,$-70
25,2012-04-30,28.64,$13.58,2.11,$19.14,1.5,$6.31,4.54,$3.11,9.21,$6.01B,$1.84B,3.28,$1.93B,$4.73B,0.41,$6.79B,$3.61B,53.12%,$6.79B,$1.17B,17.17%,$6.79B,$1.17B,17.17%,$6.79B,$1.41B,20.83%,$6.79B,$1.12B,16.55%,$6.79B,$1.10B,16.27%,$1.10B,$4.73B,24.89%,$1.10B,$2.73B,45.53%,$1.10B,$9.41B,12.16%,$1.17B,$6.65B,18.14%,$1723,$833,$890,$162,$458,$1453,$270,$-32,$238,$-5,$243,$243,$243,$361,$270,$348,353,$0.70,$0.69,$3896,$947,$258,$6010,$996,$111,$1991,$305,$3403,$9413,$1835,$1926,$646,$2853,$4688,$6,$4906,$68,$4725,$9413,$485,$123,$54,$177,$-63,$-64,$-6,$-3,$-159,$503,$-83,$0,$-76,$0,$85,$85,$0,$-74,$0,$0,$0,$-17,$-17,$-35,$-6,$-58,$369,$43,$-35
26,2012-01-31,28.77,$12.93,2.23,$18.97,1.52,$6.28,4.58,$2.95,9.75,$5.72B,$1.71B,3.35,$1.93B,$4.50B,0.43,$6.73B,$3.59B,53.29%,$6.73B,$1.13B,16.80%,$6.73B,$1.13B,16.80%,$6.73B,$1.38B,20.55%,$6.73B,$1.09B,16.19%,$6.73B,$1.05B,15.58%,$1.05B,$4.50B,24.72%,$1.05B,$2.49B,47.26%,$1.05B,$9.10B,11.80%,$1.13B,$6.43B,17.99%,$1733,$815,$918,$166,$452,$1433,$300,$-7,$293,$38,$255,$255,$255,$333,$300,$348,354,$0.73,$0.72,$3662,$937,$302,$5715,$1007,$110,$2012,$255,$3384,$9099,$1705,$1929,$647,$2895,$4600,$6,$4651,$87,$4499,$9099,$230,$62,$44,$106,$35,$-46,$-42,$-31,$-186,$150,$-46,$0,$-55,$0,$83,$83,$0,$-18,$0,$0,$0,$8,$8,$0,$-5,$3,$135,$27,$0
27,2011-10-31,25.12,$12.44,2.02,$18.61,1.35,$6.22,4.04,$2.84,8.84,$5.57B,$1.84B,3.03,$1.93B,$4.32B,0.45,$6.62B,$3.53B,53.35%,$6.62B,$1.07B,16.19%,$6.62B,$1.07B,16.19%,$6.62B,$1.32B,20.02%,$6.62B,$1.03B,15.60%,$6.62B,$1.01B,15.30%,$1.01B,$4.32B,25.59%,$1.01B,$2.32B,51.80%,$1.01B,$9.06B,11.73%,$1.07B,$6.25B,17.70%,$1635,$761,$874,$162,$441,$1364,$271,$-15,$256,$26,$230,$230,$230,$376,$271,$348,352,$0.66,$0.65,$3527,$898,$284,$5569,$1006,$117,$1996,$369,$3488,$9057,$1837,$1932,$643,$2904,$4741,$6,$4456,$116,$4316,$9057,$1012,$253,$154,$407,$11,$-208,$-35,$49,$-159,$1260,$-170,$0,$-97,$0,$16,$16,$1545,$1294,$-1500,$0,$-1500,$-193,$-193,$0,$0,$-1693,$878,$72,$0
28,2011-07-31,28.56,$12.10,2.36,$18.20,1.57,$4.86,5.88,$2.68,10.66,$5.22B,$1.51B,3.47,$2.17B,$4.20B,0.52,$6.46B,$3.44B,53.26%,$6.46B,$0.96B,14.87%,$6.46B,$0.96B,14.87%,$6.46B,$1.22B,18.85%,$6.46B,$0.98B,15.19%,$6.46B,$1.02B,15.70%,$1.02B,$4.20B,27.55%,$1.02B,$2.16B,59.87%,$1.02B,$8.75B,11.55%,$0.96B,$6.37B,16.44%,$1728,$807,$921,$163,$445,$1415,$313,$-20,$293,$4,$289,$289,$289,$344,$313,$347,355,$0.83,$0.83,$3101,$897,$308,$5223,$1000,$122,$2042,$366,$3530,$8753,$1505,$2168,$654,$3048,$4553,$6,$4167,$271,$4200,$8753,$723,$190,$117,$307,$-31,$-192,$-36,$35,$-280,$750,$-121,$0,$-96,$0,$14,$14,$1545,$1342,$-1500,$0,$-1500,$-163,$-163,$0,$0,$-1663,$452,$58,$0
29,2011-04-30,33.81,$11.38,2.97,$17.40,1.94,$3.85,8.79,$2.34,14.45,$5.10B,$1.59B,3.2,$2.14B,$3.96B,0.54,$6.16B,$3.28B,53.20%,$6.16B,$0.80B,12.91%,$6.16B,$0.80B,12.91%,$6.16B,$1.05B,17.04%,$6.16B,$0.93B,15.07%,$6.16B,$0.89B,14.46%,$0.89B,$3.96B,26.67%,$0.89B,$1.91B,64.48%,$0.89B,$8.65B,10.03%,$0.80B,$6.11B,14.46%,$1691,$799,$892,$162,$449,$1410,$281,$0,$281,$-49,$330,$330,$330,$330,$281,$348,357,$0.95,$0.92,$2975,$853,$350,$5096,$1004,$123,$2048,$378,$3553,$8649,$1592,$2144,$719,$3096,$4688,$6,$3837,$278,$3961,$8649,$393,$127,$100,$227,$-26,$-139,$-19,$48,$-122,$498,$-89,$0,$-96,$0,$14,$14,$1545,$1374,$-1500,$0,$-1500,$-66,$-66,$0,$0,$-1566,$326,$44,$0
30,2011-01-31,28.34,$9.68,2.93,$16.27,1.74,$3.27,8.68,$2.09,13.56,$4.60B,$1.41B,3.27,$2.14B,$3.34B,0.64,$5.75B,$3.09B,53.67%,$5.75B,$0.68B,11.88%,$5.75B,$0.68B,11.88%,$5.75B,$0.91B,15.81%,$5.75B,$0.81B,14.03%,$5.75B,$0.80B,13.88%,$0.80B,$3.34B,26.56%,$0.80B,$1.42B,58.35%,$0.80B,$8.04B,9.22%,$0.68B,$5.48B,13.72%,$1677,$777,$900,$165,$469,$1411,$266,$-6,$260,$60,$200,$200,$200,$274,$266,$347,355,$0.58,$0.56,$2655,$797,$292,$4598,$982,$134,$1915,$415,$3446,$8044,$1406,$2138,$692,$3299,$4705,$6,$3637,$-63,$3339,$8044,$193,$63,$40,$103,$13,$-85,$-56,$33,$-176,$120,$-38,$0,$0,$5,$0,$5,$1533,$1500,$-1500,$0,$-1500,$-134,$-134,$0,$0,$-1634,$-11,$28,$0
31,2010-10-31,23.58,$9.35,2.52,$15.41,1.53,$3.05,7.73,$1.77,13.32,$6.17B,$3.08B,2.0,$2.19B,$3.24B,0.68,$5.44B,$2.93B,53.82%,$5.44B,$0.57B,10.40%,$5.44B,$0.57B,10.40%,$5.44B,$0.77B,14.11%,$5.44B,$0.69B,12.71%,$5.44B,$0.68B,12.56%,$0.68B,$3.24B,24.26%,$0.68B,$1.29B,46.86%,$0.68B,$9.70B,8.01%,$0.57B,$5.43B,12.27%,$1519,$703,$816,$159,$446,$1308,$211,$-13,$198,$5,$193,$193,$193,$270,$211,$347,355,$0.56,$0.54,$4199,$716,$385,$6169,$980,$142,$1950,$455,$3527,$9696,$3083,$2190,$710,$3377,$6460,$6,$3444,$-88,$3236,$9696,$684,$202,$-116,$86,$-166,$-51,$113,$35,$-52,$718,$-114,$0,$-1108,$0,$38,$38,$10,$-1174,$718,$0,$718,$-112,$-112,$0,$-5,$601,$170,$66,$0
32,2010-07-31,18.92,$8.12,2.33,$14.32,1.32,$2.15,8.8,$1.18,16.04,$5.74B,$2.92B,1.97,$2.18B,$2.81B,0.78,$5.04B,$2.73B,54.22%,$5.04B,$0.43B,8.62%,$5.04B,$0.43B,8.62%,$5.04B,$0.61B,12.10%,$5.04B,$0.53B,10.49%,$5.04B,$0.42B,8.28%,$0.42B,$2.81B,15.80%,$0.42B,$0.90B,26.71%,$0.42B,$9.10B,5.20%,$0.43B,$4.99B,9.42%,$1576,$742,$834,$159,$472,$1373,$203,$40,$243,$-49,$292,$292,$292,$175,$203,$347,353,$0.84,$0.83,$3868,$688,$389,$5735,$957,$136,$1912,$360,$3365,$9100,$2917,$2177,$699,$3373,$6290,$6,$3152,$-225,$2810,$9100,$392,$135,$-59,$76,$-109,$-22,$85,$-23,$-123,$345,$-80,$0,$-1094,$0,$38,$38,$5,$-1131,$718,$0,$718,$-95,$-95,$0,$-5,$618,$-162,$51,$0
33,2010-04-30,24.57,$7.56,3.25,$13.45,1.83,$1.68,14.64,$0.54,45.49,$5.71B,$2.71B,2.11,$1.39B,$2.63B,0.53,$4.71B,$2.54B,54.04%,$4.71B,$0.32B,6.75%,$4.71B,$0.32B,6.75%,$4.71B,$0.47B,10.07%,$4.71B,$0.26B,5.52%,$4.71B,$0.19B,4.10%,$0.19B,$2.63B,7.54%,$0.19B,$1.86B,11.00%,$0.19B,$7.77B,2.61%,$0.32B,$4.03B,7.03%,$1384,$659,$725,$154,$456,$1269,$115,$112,$227,$22,$205,$205,$205,$190,$115,$347,352,$0.59,$0.58,$4209,$546,$288,$5712,$831,$158,$770,$296,$2055,$7767,$2709,$1393,$550,$2426,$5135,$6,$2947,$-239,$2632,$7767,$187,$75,$120,$195,$-93,$-17,$55,$-90,$-127,$255,$-53,$0,$8,$0,$8,$8,$4,$-33,$-15,$0,$-15,$-41,$-41,$0,$0,$-56,$167,$38,$0
34,2010-01-31,18.99,$7.47,2.54,$13.03,1.46,$1.36,13.99,$-0.06,0.0,$5.52B,$2.55B,2.17,$1.41B,$2.60B,0.54,$4.53B,$2.36B,52.19%,$4.53B,$0.12B,2.58%,$4.53B,$0.12B,2.58%,$4.53B,$0.28B,6.12%,$4.53B,$0.06B,1.39%,$4.53B,$-0.02B,-0.35%,$-0.02B,$2.60B,-0.64%,$-0.02B,$1.79B,-0.95%,$-0.02B,$7.57B,-0.23%,$0.12B,$4.01B,2.51%,$1271,$560,$711,$150,$407,$1117,$154,$-15,$139,$31,$108,$108,$108,$133,$154,$348,354,$0.31,$0.31,$4046,$548,$297,$5519,$837,$154,$805,$259,$2055,$7574,$2549,$1410,$526,$2427,$4976,$6,$2839,$-201,$2598,$7574,$79,$39,$134,$173,$-42,$-1,$8,$-126,$-222,$30,$-25,$0,$-12,$0,$4,$4,$2,$-31,$0,$0,$0,$3,$3,$0,$0,$3,$2,$25,$0
35,2009-10-31,16.76,$7.27,2.31,$12.92,1.3,$1.30,12.94,$-0.10,0.0,$3.96B,$1.12B,3.53,$2.90B,$2.51B,1.16,$4.48B,$2.29B,51.15%,$4.48B,$0.05B,1.05%,$4.48B,$0.05B,1.05%,$4.48B,$0.21B,4.66%,$4.48B,$0.01B,0.16%,$4.48B,$-0.03B,-0.69%,$-0.03B,$2.51B,-1.24%,$-0.03B,$1.69B,-1.87%,$-0.03B,$7.61B,-0.44%,$0.05B,$5.42B,0.97%,$1213,$553,$660,$149,$417,$1119,$94,$-11,$83,$4,$79,$79,$79,$111,$94,$348,354,$0.23,$0.22,$2493,$552,$321,$3961,$845,$163,$822,$1821,$3651,$7612,$1123,$2904,$573,$3975,$5098,$6,$2760,$-185,$2514,$7612,$-31,$162,$172,$334,$193,$47,$-7,$-42,$105,$408,$-127,$0,$43,$0,$64,$64,$6,$-14,$748,$0,$748,$-86,$-86,$0,$-5,$657,$1074,$71,$0
36,2009-07-31,15.73,$7.21,2.18,$13.54,1.16,$2.14,7.34,$0.47,33.47,$2.90B,$0.99B,2.92,$2.15B,$2.49B,0.87,$4.80B,$2.49B,51.89%,$4.80B,$0.23B,4.75%,$4.80B,$0.23B,4.75%,$4.80B,$0.39B,8.22%,$4.80B,$0.19B,3.86%,$4.80B,$0.18B,3.65%,$0.18B,$2.49B,6.97%,$0.18B,$1.67B,10.55%,$0.18B,$6.57B,2.56%,$0.23B,$4.64B,4.90%,$1167,$533,$634,$150,$413,$1096,$71,$8,$79,$54,$25,$25,$25,$40,$71,$346,346,$0.08,$0.08,$1499,$571,$283,$2897,$839,$153,$820,$1864,$3676,$6573,$991,$2153,$562,$3093,$4084,$6,$2735,$-141,$2489,$6573,$-56,$122,$169,$291,$243,$37,$-63,$-117,$-40,$195,$-98,$0,$-1,$0,$51,$51,$14,$-34,$0,$0,$0,$-104,$-104,$0,$0,$-104,$74,$56,$0
37,2009-04-30,12.37,$7.05,1.75,$14.36,0.86,$2.94,4.2,$0.98,12.62,$2.88B,$1.10B,2.62,$2.15B,$2.42B,0.89,$5.18B,$2.75B,53.11%,$5.18B,$0.45B,8.63%,$5.18B,$0.45B,8.63%,$5.18B,$0.63B,12.14%,$5.18B,$0.44B,8.51%,$5.18B,$0.36B,7.01%,$0.36B,$2.42B,13.53%,$0.36B,$1.58B,19.98%,$0.36B,$6.58B,5.13%,$0.45B,$4.57B,10.06%,$1057,$518,$539,$153,$387,$1058,$-1,$-40,$-41,$-22,$-19,$-19,$-19,$-7,$-1,$345,345,$-0.06,$-0.06,$1412,$608,$294,$2883,$821,$167,$837,$1868,$3693,$6576,$1099,$2154,$560,$3058,$4157,$6,$2754,$-188,$2419,$6576,$-37,$81,$154,$235,$203,$13,$-58,$-94,$-44,$154,$-68,$0,$-2,$0,$32,$32,$10,$-28,$0,$0,$0,$-130,$-130,$0,$0,$-130,$-5,$39,$0
38,2009-01-31,12.25,$7.45,1.64,$15.12,0.81,$3.43,3.57,$1.74,7.04,$3.01B,$1.13B,2.66,$2.15B,$2.57B,0.84,$5.55B,$3.03B,54.61%,$5.55B,$0.69B,12.35%,$5.55B,$0.69B,12.35%,$5.55B,$0.88B,15.83%,$5.55B,$0.70B,12.53%,$5.55B,$0.64B,11.48%,$0.64B,$2.57B,22.21%,$0.64B,$1.70B,31.95%,$0.64B,$7.16B,8.67%,$0.69B,$4.73B,16.14%,$1091,$561,$530,$170,$407,$1138,$-47,$-11,$-58,$43,$-101,$-101,$-101,$65,$-47,$344,344,$-0.29,$-0.29,$1380,$655,$343,$3008,$831,$169,$872,$2282,$4154,$7162,$1130,$2154,$984,$3461,$4591,$6,$2855,$-154,$2571,$7162,$64,$41,$74,$115,$140,$-22,$-53,$-85,$-162,$17,$-34,$0,$-1,$0,$20,$20,$4,$-11,$0,$50,$50,$-99,$-99,$0,$0,$-49,$-43,$21,$0
39,2008-10-31,15.03,$7.31,2.06,$15.46,0.97,$3.43,4.38,$1.87,8.04,$3.18B,$1.33B,2.39,$2.13B,$2.56B,0.83,$5.77B,$3.20B,55.35%,$5.77B,$0.80B,13.77%,$5.77B,$0.80B,13.77%,$5.77B,$1.00B,17.25%,$5.77B,$0.82B,14.11%,$5.77B,$0.69B,12.00%,$0.69B,$2.56B,22.96%,$0.69B,$1.69B,32.20%,$0.69B,$7.01B,9.34%,$0.80B,$4.68B,19.81%,$1166,$577,$589,$169,$396,$1142,$24,$3,$27,$-37,$64,$64,$64,$296,$24,$351,352,$0.18,$0.18,$1429,$646,$337,$3182,$824,$206,$874,$1921,$3825,$7007,$1330,$2125,$669,$3118,$4448,$6,$2791,$-178,$2559,$7007,$693,$201,$41,$242,$-44,$-14,$-21,$-90,$-179,$756,$-140,$-256,$-172,$0,$136,$136,$33,$-399,$16,$0,$16,$-790,$-790,$0,$0,$-774,$-421,$82,$0
40,2008-07-31,24.43,$8.92,2.74,$15.03,1.63,$3.81,6.41,$1.69,14.46,$5.07B,$2.89B,1.75,$0.60B,$3.19B,0.19,$5.74B,$3.16B,54.99%,$5.74B,$0.73B,12.77%,$5.74B,$0.73B,12.77%,$5.74B,$0.94B,16.34%,$5.74B,$0.76B,13.23%,$5.74B,$0.64B,11.19%,$0.64B,$3.19B,20.14%,$0.64B,$2.30B,27.26%,$0.64B,$7.54B,8.50%,$0.73B,$3.79B,17.57%,$1481,$651,$830,$170,$408,$1229,$252,$5,$257,$26,$231,$231,$231,$275,$252,$363,371,$0.64,$0.64,$3239,$674,$400,$5074,$816,$251,$883,$517,$2467,$7541,$2894,$604,$737,$1462,$4356,$6,$2560,$455,$3185,$7541,$462,$157,$112,$269,$14,$-38,$-10,$-54,$-233,$498,$-96,$0,$-171,$0,$-123,$-123,$19,$-371,$0,$210,$210,$-552,$-552,$0,$0,$-342,$-186,$67,$0
41,2008-04-30,20.47,$8.77,2.33,$14.52,1.41,$3.88,5.28,$1.69,12.11,$5.19B,$3.04B,1.7,$0.62B,$3.16B,0.2,$5.67B,$3.11B,54.88%,$5.67B,$0.68B,12.05%,$5.67B,$0.68B,12.05%,$5.67B,$0.88B,15.54%,$5.67B,$0.73B,12.95%,$5.67B,$0.66B,11.61%,$0.66B,$3.16B,20.48%,$0.66B,$2.29B,27.20%,$0.66B,$7.67B,8.86%,$0.68B,$3.78B,15.45%,$1444,$641,$803,$170,$415,$1226,$218,$-3,$215,$46,$169,$169,$169,$242,$218,$362,372,$0.47,$0.45,$3312,$674,$408,$5185,$809,$274,$867,$539,$2489,$7674,$3044,$622,$731,$1474,$4518,$6,$2391,$477,$3156,$7674,$293,$100,$101,$201,$-26,$-36,$19,$-23,$-165,$329,$-57,$0,$-130,$0,$-141,$-141,$17,$-311,$0,$250,$250,$-416,$-416,$0,$0,$-166,$-116,$49,$0
42,2008-01-31,22.94,$8.62,2.66,$13.78,1.66,$3.93,5.84,$1.52,15.09,$5.07B,$2.67B,1.9,$0.63B,$3.17B,0.2,$5.53B,$3.03B,54.83%,$5.53B,$0.62B,11.26%,$5.53B,$0.62B,11.26%,$5.53B,$0.82B,14.77%,$5.53B,$0.69B,12.54%,$5.53B,$0.61B,10.99%,$0.61B,$3.17B,18.35%,$0.61B,$2.33B,23.33%,$0.61B,$7.46B,8.29%,$0.62B,$3.80B,13.14%,$1456,$649,$807,$183,$433,$1265,$191,$5,$196,$23,$173,$173,$173,$183,$191,$363,370,$0.48,$0.47,$3148,$674,$522,$5070,$801,$0,$841,$747,$2389,$7459,$2674,$626,$850,$1612,$4286,$6,$2218,$439,$3173,$7459,$120,$49,$43,$92,$30,$-31,$-15,$-9,$-208,$4,$-20,$0,$-113,$0,$-162,$-162,$0,$-295,$0,$0,$0,$-168,$-168,$0,$0,$-168,$-441,$30,$0
43,2007-10-31,24.97,$8.74,2.86,$13.20,1.89,$4.11,6.08,$1.57,15.9,$3.67B,$1.66B,2.21,$2.09B,$3.23B,0.65,$5.42B,$2.97B,54.78%,$5.42B,$0.58B,10.77%,$5.42B,$0.58B,10.77%,$5.42B,$0.78B,14.30%,$5.42B,$0.67B,12.36%,$5.42B,$0.64B,11.77%,$0.64B,$3.23B,18.58%,$0.64B,$2.50B,22.72%,$0.64B,$7.55B,8.78%,$0.58B,$5.32B,11.50%,$1393,$637,$756,$181,$441,$1259,$134,$13,$147,$27,$120,$120,$120,$238,$134,$371,382,$0.32,$0.31,$1826,$643,$467,$3671,$801,$194,$736,$2152,$3883,$7554,$1663,$2087,$429,$2657,$4320,$6,$2172,$408,$3234,$7554,$638,$191,$20,$211,$22,$-21,$-13,$-13,$120,$969,$-142,$0,$-330,$0,$13,$13,$3,$-456,$594,$0,$594,$-1569,$-1569,$0,$-5,$-980,$-436,$139,$0
44,2007-07-31,25.85,$8.50,3.04,$12.65,2.04,$3.56,7.26,$1.47,17.58,$3.28B,$1.51B,2.17,$1.50B,$3.29B,0.46,$5.30B,$2.91B,54.85%,$5.30B,$0.54B,10.24%,$5.30B,$0.54B,10.24%,$5.30B,$0.73B,13.73%,$5.30B,$0.64B,12.11%,$5.30B,$0.61B,11.45%,$0.61B,$3.29B,17.16%,$0.61B,$2.56B,20.38%,$0.61B,$7.02B,8.41%,$0.54B,$4.79B,10.78%,$1446,$656,$790,$174,$426,$1256,$190,$11,$201,$21,$180,$180,$180,$218,$190,$394,406,$0.47,$0.46,$1486,$674,$383,$3281,$787,$0,$732,$2224,$3743,$7024,$1510,$1500,$433,$2226,$3736,$5,$1992,$77,$3288,$7024,$458,$143,$81,$224,$-9,$-46,$-14,$-3,$-111,$571,$-103,$14,$-311,$0,$12,$12,$1,$-387,$-4,$0,$-4,$-969,$-969,$0,$0,$-973,$-776,$103,$0
45,2007-04-30,23.29,$8.98,2.59,$12.21,1.91,$3.13,7.45,$1.56,14.93,$3.79B,$1.55B,2.44,$1.50B,$3.56B,0.42,$5.17B,$2.84B,54.89%,$5.17B,$0.56B,10.78%,$5.17B,$0.56B,10.78%,$5.17B,$0.74B,14.22%,$5.17B,$0.68B,13.14%,$5.17B,$0.65B,12.56%,$0.65B,$3.56B,17.72%,$0.65B,$3.04B,20.49%,$0.65B,$7.28B,8.78%,$0.56B,$5.06B,10.79%,$1374,$616,$758,$170,$420,$1206,$168,$22,$190,$5,$185,$185,$185,$178,$168,$392,407,$0.47,$0.45,$2050,$650,$373,$3791,$777,$0,$517,$2198,$3492,$7283,$1554,$1500,$388,$2174,$3728,$5,$1807,$74,$3555,$7283,$273,$93,$72,$165,$-4,$-30,$-31,$-3,$-43,$395,$-71,$0,$-72,$12,$0,$12,$2,$-129,$0,$0,$0,$-489,$-489,$0,$0,$-489,$-212,$76,$0
46,2007-01-31,21.68,$9.03,2.4,$11.81,1.84,$2.74,7.91,$1.52,14.26,$3.75B,$1.37B,2.73,$1.50B,$3.66B,0.41,$5.09B,$2.75B,54.01%,$5.09B,$0.52B,10.30%,$5.09B,$0.52B,10.30%,$5.09B,$0.70B,13.78%,$5.09B,$0.67B,13.11%,$5.09B,$0.64B,12.60%,$0.64B,$3.66B,16.90%,$0.64B,$3.14B,19.39%,$0.64B,$7.19B,8.45%,$0.52B,$5.16B,9.90%,$1320,$590,$730,$173,$426,$1189,$131,$25,$156,$33,$123,$123,$123,$141,$131,$402,413,$0.31,$0.30,$2090,$648,$340,$3749,$775,$0,$517,$2152,$3444,$7193,$1372,$1500,$385,$2164,$3536,$5,$1684,$21,$3657,$7193,$150,$46,$38,$84,$26,$-20,$-65,$36,$-141,$93,$-36,$0,$-70,$0,$12,$12,$1,$-93,$0,$0,$0,$-169,$-169,$0,$0,$-169,$-172,$36,$0
47,2006-10-31,24.12,$8.94,2.7,$11.17,2.16,$2.25,10.74,$6.99,3.45,$3.96B,$1.54B,2.57,$1.50B,$3.65B,0.41,$4.97B,$2.66B,53.45%,$4.97B,$0.46B,9.33%,$4.97B,$0.46B,9.33%,$4.97B,$0.63B,12.75%,$4.97B,$0.63B,12.61%,$4.97B,$3.31B,66.50%,$3.31B,$3.65B,84.28%,$3.31B,$3.18B,95.23%,$3.31B,$7.37B,42.42%,$0.46B,$5.15B,8.55%,$1280,$589,$691,$168,$428,$1185,$95,$28,$123,$-27,$150,$150,$150,$191,$95,$406,418,$0.37,$0.36,$2262,$627,$377,$3958,$775,$0,$468,$2168,$3411,$7369,$1538,$1500,$395,$2183,$3721,$5,$1534,$29,$3648,$7369,$3307,$170,$-2558,$-2388,$8,$-55,$56,$-121,$-285,$634,$22,$0,$3434,$0,$-84,$-84,$-1576,$1796,$1500,$0,$1500,$-3688,$-3688,$-16,$-204,$-2408,$36,$94,$-16
