,Date,Stock Price,Book Value per Share,Price to Book Ratio,TTM Sales per Share,Price to Sales Ratio,TTM FCF per Share,Price to FCF Ratio,TTM Net EPS,PE Ratio,Current Assets,Current Liabilities,Current Ratio,Long Term Debt,Shareholder's Equity_x,Debt to Equity Ratio,TTM Revenue_x,TTM Gross Profit,Gross Margin,TTM Revenue_y,TTM Operating Income,Operating Margin,TTM Revenue_x,TTM EBIT,EBIT Margin,TTM Revenue_y,TTM EBITDA,EBITDA Margin,TTM Revenue_x,TTM Pre-Tax Income,Pre-Tax Margin,TTM Revenue_y,TTM Net Income_x,Net Margin,TTM Net Income_y,Shareholder's Equity_y,Return on Equity,TTM Net Income_x,Tangible Equity,Return on Tangible Equity,TTM Net Income_y,Total Assets,Return on Assets,TTM Net Income,LT Investments & Debt,Return on Investment,revenue,cost-goods-sold,gross-profit,research-development-expenses,selling-general-administrative-expenses,operating-expenses,operating-income,total-non-operating-income-expense,pre-tax-income,total-provision-income-taxes,income-after-taxes,income-from-continuous-operations,net-income,ebitda,ebit,basic-shares-outstanding,shares-outstanding,eps-basic-net-earnings-per-share,eps-earnings-per-share-diluted,cash-on-hand,inventory,other-current-assets,total-current-assets,net-property-plant-equipment,long-term-investments,goodwill-intangible-assets-total,other-long-term-assets,total-long-term-assets,total-assets,total-current-liabilities,long-term-debt,other-non-current-liabilities,total-long-term-liabilities,total-liabilities,common-stock-net,retained-earnings-accumulated-deficit,comprehensive-income,total-share-holder-equity,total-liabilities-share-holders-equity,net-income-loss,total-depreciation-amortization-cash-flow,other-non-cash-items,total-non-cash-items,change-in-accounts-receivable,change-in-inventories,change-in-accounts-payable,change-in-assets-liabilities,total-change-in-assets-liabilities,cash-flow-from-operating-activities,net-change-in-property-plant-equipment,net-change-in-intangible-assets,net-acquisitions-divestitures,net-change-in-short-term-investments,net-change-in-long-term-investments,net-change-in-investments-total,investing-activities-other,cash-flow-from-investing-activities,net-long-term-debt,net-current-debt,debt-issuance-retirement-net-total,net-common-equity-issued-repurchased,net-total-equity-issued-repurchased,total-common-preferred-stock-dividends-paid,financial-activities-other,cash-flow-from-financial-activities,net-cash-flow,stock-based-compensation,common-stock-dividends-paid
0,2017-03-31,46.41,$37.04,1.25,$5.67,8.19,$3.49,13.28,$-0.02,0.0,$8.03B,$1.17B,6.87,$1.32B,$35.47B,0.04,$5.41B,$2.45B,45.31%,$5.41B,$-0.54B,-9.93%,$5.41B,$-0.54B,-9.93%,$5.41B,$0.44B,8.19%,$5.41B,$-0.52B,-9.69%,$5.41B,$-0.02B,-0.30%,$-0.02B,$35.47B,-0.05%,$-0.02B,$34.89B,-0.05%,$-0.02B,$55.37B,-0.03%,$-0.54B,$36.78B,-1.59%,$1327,$750,$577,$252,$366,$1386,$-59,$19,$-40,$-26,$-14,$100,$99,$57,$-59,$956,963,$0.10,$0.10,$6911,$0,$0,$8028,$1178,$45311,$573,$279,$47341,$55369,$1168,$1317,$91,$18734,$19902,$1,$4561,$22612,$35467,$55369,$100,$116,$-50,$66,$152,$0,$-5,$20,$48,$214,$-60,$-0,$0,$99,$0,$99,$7,$46,$0,$0,$0,$3,$3,$0,$-75,$-72,$209,$109,$0
1,2016-12-31,38.67,$32.54,1.19,$5.44,7.11,$3.64,10.62,$-0.22,0.0,$8.13B,$1.29B,6.31,$1.30B,$31.08B,0.04,$5.17B,$2.45B,47.42%,$5.17B,$-0.65B,-12.48%,$5.17B,$-0.65B,-12.48%,$5.17B,$0.37B,7.18%,$5.17B,$-0.70B,-13.52%,$5.17B,$-0.21B,-4.14%,$-0.21B,$31.08B,-0.70%,$-0.21B,$30.51B,-0.71%,$-0.21B,$48.08B,-0.45%,$-0.65B,$32.38B,-2.02%,$1469,$771,$699,$254,$367,$1405,$64,$-15,$49,$-1,$50,$164,$162,$186,$64,$950,950,$0.16,$0.16,$6820,$0,$0,$8126,$1210,$37963,$577,$206,$39957,$48083,$1287,$1300,$96,$15712,$16999,$1,$4354,$18478,$31084,$48083,$-209,$1015,$22,$1037,$-43,$0,$-5,$363,$421,$1249,$11,$-1,$0,$-1614,$-0,$-1614,$29,$-1574,$0,$0,$0,$18,$18,$0,$-211,$-194,$-512,$499,$0
2,2016-09-30,43.1,$36.57,1.18,$5.25,8.21,$-0.80,0.0,$-5.09,0.0,$7.79B,$1.27B,6.14,$1.28B,$34.87B,0.04,$4.97B,$2.44B,49.02%,$4.97B,$-5.24B,-105.35%,$4.97B,$-5.24B,-105.35%,$4.97B,$0.29B,5.87%,$4.97B,$-5.29B,-106.31%,$4.97B,$-4.81B,-96.74%,$-4.81B,$34.87B,-15.92%,$-4.81B,$34.25B,-16.40%,$-4.81B,$54.67B,-10.22%,$-5.24B,$36.15B,-16.65%,$1305,$703,$602,$244,$389,$1358,$-52,$-6,$-58,$-106,$47,$163,$163,$68,$-52,$951,957,$0.17,$0.17,$6601,$0,$0,$7791,$1273,$44769,$620,$219,$46881,$54672,$1268,$1283,$102,$18534,$19802,$1,$4192,$22515,$34869,$54672,$-373,$894,$28,$922,$106,$0,$-10,$336,$445,$994,$52,$-1,$0,$-1175,$-0,$-1175,$32,$-1092,$0,$0,$0,$16,$16,$0,$-172,$-157,$-221,$377,$0
3,2016-06-30,37.56,$29.87,1.26,$5.18,7.25,$-4.99,0.0,$-5.18,0.0,$7.60B,$1.28B,5.95,$1.27B,$28.40B,0.05,$4.89B,$2.54B,51.82%,$4.89B,$-5.27B,-107.74%,$4.89B,$-5.27B,-107.74%,$4.89B,$0.31B,6.23%,$4.89B,$-5.34B,-109.09%,$4.89B,$-4.90B,-100.08%,$-4.90B,$28.40B,-17.15%,$-4.90B,$27.76B,-18.54%,$-4.90B,$44.21B,-11.21%,$-5.27B,$29.66B,-17.69%,$1308,$735,$573,$280,$384,$1797,$-490,$15,$-475,$16,$-490,$-438,$-440,$132,$-490,$948,948,$-0.46,$-0.46,$6381,$0,$0,$7597,$1326,$34412,$633,$245,$36617,$44214,$1277,$1266,$126,$14541,$15818,$1,$4030,$16264,$28396,$44214,$-537,$774,$85,$858,$58,$0,$-1,$337,$454,$776,$94,$-0,$0,$-1146,$-0,$-1146,$33,$-1021,$0,$0,$0,$11,$11,$0,$-94,$-83,$-307,$248,$0
4,2016-03-31,36.81,$30.07,1.22,$5.13,7.18,$-9.02,0.0,$-4.74,0.0,$7.22B,$1.16B,6.24,$1.25B,$28.52B,0.04,$4.83B,$2.71B,56.12%,$4.83B,$-4.83B,-99.98%,$4.83B,$-4.83B,-99.98%,$4.83B,$0.29B,5.98%,$4.83B,$-4.92B,-101.91%,$4.83B,$-4.48B,-92.77%,$-4.48B,$28.52B,-15.00%,$-4.48B,$27.38B,-16.92%,$-4.48B,$44.16B,-9.92%,$-4.83B,$29.77B,-15.53%,$1087,$510,$577,$278,$391,$1254,$-167,$-47,$-215,$-35,$-180,$-98,$-99,$-15,$-167,$946,946,$-0.10,$-0.10,$5977,$0,$0,$7224,$1497,$34044,$1132,$261,$36934,$44158,$1158,$1250,$124,$14485,$15643,$1,$4471,$16029,$28515,$44158,$-98,$152,$38,$190,$173,$0,$3,$241,$274,$366,$-76,$0,$0,$-454,$0,$-454,$33,$-497,$0,$0,$0,$5,$5,$0,$-38,$-33,$-152,$116,$0
5,2015-12-31,33.26,$30.74,1.08,$5.27,6.31,$-12.57,0.0,$-4.62,0.0,$7.51B,$1.28B,5.88,$1.23B,$29.08B,0.04,$4.97B,$2.89B,58.19%,$4.97B,$-4.75B,-95.57%,$4.97B,$-4.75B,-95.57%,$4.97B,$0.38B,7.73%,$4.97B,$-4.82B,-97.10%,$4.97B,$-4.36B,-87.76%,$-4.36B,$29.08B,-13.99%,$-4.36B,$27.92B,-16.35%,$-4.36B,$45.20B,-9.33%,$-4.75B,$30.31B,-14.67%,$1273,$587,$686,$272,$438,$5803,$-4530,$-9,$-4539,$-14,$-4525,$-4432,$-4435,$107,$-4530,$939,939,$-4.72,$-4.72,$5857,$0,$0,$7507,$1547,$34652,$1155,$342,$37697,$45204,$1277,$1233,$119,$14847,$16125,$1,$4571,$16576,$29079,$45204,$-4351,$5133,$280,$5413,$-39,$0,$-60,$-173,$-3445,$-2383,$-543,$24,$-176,$2308,$0,$2308,$138,$1752,$0,$0,$0,$-145,$-145,$0,$-233,$-377,$-1032,$460,$0
6,2015-09-30,28.91,$29.97,0.96,$5.16,5.6,$-8.93,0.0,$0.25,115.64,$7.60B,$1.35B,5.63,$1.22B,$28.28B,0.04,$4.95B,$3.10B,62.59%,$4.95B,$-0.19B,-3.76%,$4.95B,$-0.19B,-3.76%,$4.95B,$0.58B,11.74%,$4.95B,$-0.17B,-3.33%,$4.95B,$0.24B,4.87%,$0.24B,$28.28B,0.72%,$0.24B,$22.62B,0.86%,$0.24B,$41.14B,0.47%,$-0.19B,$29.50B,-0.53%,$1226,$526,$700,$272,$426,$1312,$-86,$-24,$-110,$-93,$-17,$78,$76,$81,$-86,$941,947,$0.08,$0.08,$5882,$0,$0,$7596,$1590,$25892,$5664,$393,$33539,$41135,$1349,$1217,$126,$11507,$12856,$1,$9007,$11434,$28279,$41135,$81,$496,$246,$742,$34,$0,$-30,$-256,$-3339,$-2516,$-417,$24,$-175,$1983,$0,$1983,$114,$1530,$0,$0,$0,$-151,$-151,$0,$-212,$-364,$-1383,$354,$0
7,2015-06-30,39.29,$35.71,1.1,$5.01,7.85,$-5.36,0.0,$6.87,5.72,$7.58B,$1.41B,5.39,$1.20B,$33.56B,0.04,$4.87B,$3.20B,65.67%,$4.87B,$-0.06B,-1.19%,$4.87B,$-0.06B,-1.19%,$4.87B,$0.69B,14.19%,$4.87B,$10.30B,211.42%,$4.87B,$6.94B,142.48%,$6.94B,$33.56B,19.44%,$6.94B,$28.01B,22.98%,$6.94B,$50.19B,12.63%,$-0.06B,$34.77B,-0.16%,$1243,$496,$747,$306,$455,$1288,$-45,$-12,$-57,$58,$-115,$-19,$-22,$116,$-45,$938,938,$-0.02,$-0.02,$5824,$0,$0,$7581,$1525,$35052,$5559,$475,$42611,$50192,$1407,$1202,$126,$15221,$16628,$1,$8937,$16875,$33564,$50192,$3,$329,$218,$547,$33,$0,$38,$-223,$-3203,$-2653,$-267,$15,$-21,$1731,$0,$1731,$61,$1519,$0,$0,$0,$-157,$-157,$0,$-173,$-330,$-1476,$244,$0
8,2015-03-31,44.44,$35.96,1.24,$4.75,9.36,$-1.94,0.0,$7.15,6.21,$7.02B,$1.40B,5.02,$1.19B,$33.70B,0.04,$4.71B,$3.20B,67.84%,$4.71B,$0.03B,0.53%,$4.71B,$0.03B,0.53%,$4.71B,$0.76B,16.13%,$4.71B,$10.38B,220.29%,$4.71B,$7.23B,153.49%,$7.23B,$33.70B,23.71%,$7.23B,$28.12B,28.79%,$7.23B,$50.49B,15.55%,$0.03B,$34.89B,0.08%,$1226,$468,$758,$327,$449,$1313,$-87,$-31,$-118,$-41,$-78,$22,$21,$80,$-87,$935,948,$0.02,$0.02,$5284,$0,$0,$7023,$1484,$35893,$5582,$510,$43469,$50492,$1398,$1186,$131,$15390,$16788,$1,$8958,$17028,$33704,$50492,$22,$168,$74,$241,$90,$0,$31,$-129,$-3225,$-2961,$-111,$19,$-23,$1819,$0,$1819,$17,$1721,$0,$0,$0,$-168,$-168,$0,$-65,$-232,$-1489,$118,$0
9,2014-12-31,50.51,$41.40,1.22,$4.55,11.09,$1.35,37.44,$7.42,6.81,$9.44B,$4.52B,2.09,$1.17B,$38.79B,0.03,$4.62B,$3.23B,69.97%,$4.62B,$0.14B,3.07%,$4.62B,$0.14B,3.07%,$4.62B,$0.87B,18.80%,$4.62B,$10.51B,227.65%,$4.62B,$7.52B,162.88%,$7.52B,$38.79B,29.72%,$7.52B,$33.16B,37.51%,$7.52B,$61.71B,19.79%,$0.14B,$39.96B,0.54%,$1253,$361,$892,$304,$451,$1221,$32,$88,$120,$52,$67,$169,$166,$304,$32,$988,1004,$0.21,$0.20,$7992,$0,$0,$9444,$1488,$44588,$5623,$564,$52263,$61707,$4515,$1170,$143,$18407,$22922,$1,$8934,$22020,$38786,$61707,$7532,$726,$-10546,$-9820,$29,$0,$14,$-277,$3205,$916,$-396,$84,$-859,$-4675,$9331,$4656,$254,$3739,$0,$0,$0,$-3855,$-3855,$0,$-167,$-4022,$587,$420,$0
10,2014-09-30,40.75,$37.53,1.09,$4.49,9.08,$1.63,24.99,$7.58,5.38,$12.58B,$4.38B,2.87,$1.16B,$36.75B,0.03,$4.63B,$3.27B,70.50%,$4.63B,$0.28B,6.13%,$4.63B,$0.28B,6.13%,$4.63B,$0.99B,21.31%,$4.63B,$10.57B,228.14%,$4.63B,$7.70B,166.36%,$7.70B,$36.75B,40.77%,$7.70B,$31.50B,55.95%,$7.70B,$57.30B,28.76%,$0.28B,$37.91B,1.41%,$1148,$347,$801,$292,$445,$1106,$42,$10309,$10351,$3973,$6378,$6776,$6774,$191,$42,$994,1008,$6.82,$6.70,$11194,$0,$0,$12580,$1484,$37712,$5256,$266,$44718,$57298,$4378,$1155,$146,$16165,$20543,$1,$11623,$18692,$36754,$57298,$7363,$454,$-10478,$-10024,$143,$0,$-0,$-98,$3447,$786,$-304,$60,$-314,$988,$9345,$10333,$182,$9957,$0,$0,$0,$-2303,$-2303,$0,$-144,$-2446,$8268,$317,$0
11,2014-06-30,35.13,$12.79,2.75,$4.44,7.91,$1.74,20.22,$1.16,30.28,$4.16B,$1.19B,3.48,$1.29B,$12.73B,0.1,$4.62B,$3.27B,70.81%,$4.62B,$0.34B,7.25%,$4.62B,$0.34B,7.25%,$4.62B,$1.05B,22.65%,$4.62B,$0.31B,6.75%,$4.62B,$1.23B,26.55%,$1.23B,$12.73B,9.55%,$1.23B,$7.67B,15.84%,$1.23B,$16.46B,7.58%,$0.34B,$14.02B,2.43%,$1084,$340,$745,$292,$408,$1046,$38,$-14,$25,$8,$17,$273,$270,$185,$38,$1000,1015,$0.27,$0.26,$2744,$0,$0,$4158,$1470,$5595,$5058,$176,$12299,$16457,$1194,$1294,$0,$2533,$3726,$1,$4849,$223,$12731,$16457,$586,$304,$-270,$34,$154,$0,$-10,$-66,$-124,$496,$-192,$-1,$-22,$-293,$-10,$-303,$168,$-350,$0,$0,$0,$-1004,$-1004,$0,$-109,$-1113,$-963,$212,$0
12,2014-03-31,35.9,$12.83,2.8,$4.41,8.14,$1.80,19.94,$1.20,29.92,$4.48B,$1.20B,3.75,$1.23B,$12.96B,0.1,$4.67B,$3.33B,71.22%,$4.67B,$0.43B,9.29%,$4.67B,$0.43B,9.29%,$4.67B,$1.16B,24.80%,$4.67B,$0.45B,9.59%,$4.67B,$1.29B,27.56%,$1.29B,$12.96B,9.81%,$1.29B,$7.87B,16.00%,$1.29B,$16.59B,7.98%,$0.43B,$14.20B,3.15%,$1133,$340,$793,$268,$467,$1103,$30,$-13,$17,$4,$13,$314,$312,$188,$30,$1010,1031,$0.31,$0.29,$2940,$0,$0,$4482,$1479,$5361,$5093,$178,$12111,$16593,$1195,$1234,$0,$2435,$3630,$1,$4579,$163,$12963,$16593,$314,$158,$-161,$-4,$98,$0,$19,$-49,$-171,$139,$-85,$-1,$-22,$-462,$-10,$-472,$2,$-578,$0,$0,$0,$-371,$-371,$0,$-69,$-440,$-880,$109,$0
13,2013-12-31,40.44,$12.95,3.12,$4.34,9.31,$1.88,21.48,$1.26,32.1,$5.03B,$1.34B,3.75,$1.11B,$13.13B,0.09,$4.68B,$3.33B,71.18%,$4.68B,$0.59B,12.61%,$4.68B,$0.59B,12.61%,$4.68B,$1.32B,28.18%,$4.68B,$0.63B,13.55%,$4.68B,$1.37B,29.19%,$1.37B,$13.13B,10.17%,$1.37B,$8.03B,15.81%,$1.37B,$16.81B,8.48%,$0.59B,$14.24B,4.28%,$1266,$340,$926,$224,$512,$1092,$174,$-3,$172,$41,$130,$352,$348,$423,$174,$1053,1071,$0.34,$0.33,$3408,$0,$0,$5026,$1489,$5016,$5097,$177,$11779,$16805,$1340,$1111,$117,$2334,$3674,$1,$4267,$318,$13131,$16805,$1377,$730,$-708,$22,$26,$0,$-8,$-123,$-203,$1195,$-338,$77,$-1248,$398,$796,$1193,$292,$-23,$1207,$0,$1207,$-2866,$-2866,$0,$-84,$-1744,$-590,$278,$0
14,2013-09-30,33.17,$12.38,2.68,$4.28,7.75,$0.43,77.57,$1.16,28.59,$3.57B,$1.19B,2.99,$0.12B,$12.55B,0.01,$4.76B,$3.34B,70.15%,$4.76B,$0.61B,12.73%,$4.76B,$0.61B,12.73%,$4.76B,$1.26B,26.37%,$4.76B,$0.67B,14.08%,$4.76B,$1.29B,27.10%,$1.29B,$12.55B,9.35%,$1.29B,$7.41B,13.88%,$1.29B,$14.91B,7.97%,$0.61B,$12.67B,4.35%,$1139,$330,$809,$267,$434,$1046,$93,$5,$98,$32,$66,$299,$297,$251,$93,$1024,1042,$0.29,$0.28,$1830,$0,$0,$3566,$1536,$4505,$5132,$166,$11340,$14906,$1193,$121,$0,$1166,$2359,$1,$6811,$261,$12546,$14906,$1025,$481,$-460,$21,$161,$0,$-54,$-132,$-208,$838,$-229,$8,$-1187,$953,$796,$1749,$-7,$333,$0,$0,$0,$-2910,$-2910,$0,$-65,$-2975,$-1825,$193,$0
15,2013-06-30,25.13,$13.01,1.93,$4.19,6.0,$0.90,27.92,$3.52,7.14,$4.46B,$1.18B,3.78,$0.13B,$13.86B,0.01,$4.82B,$3.34B,69.19%,$4.82B,$0.67B,13.79%,$4.82B,$0.67B,13.79%,$4.82B,$1.33B,27.51%,$4.82B,$5.33B,110.55%,$4.82B,$4.15B,86.11%,$4.15B,$13.86B,28.52%,$4.15B,$8.88B,40.25%,$4.15B,$16.23B,23.65%,$0.67B,$13.98B,4.53%,$1135,$336,$800,$246,$415,$998,$137,$24,$161,$50,$110,$335,$331,$297,$137,$1079,1095,$0.31,$0.30,$2629,$0,$0,$4458,$1580,$5036,$4981,$171,$11768,$16226,$1178,$126,$0,$1190,$2368,$1,$6514,$319,$13859,$16226,$726,$323,$-263,$60,$59,$0,$-60,$-104,$-236,$550,$-152,$-2,$-1024,$-323,$800,$477,$-3,$-704,$0,$0,$0,$-1305,$-1305,$0,$-35,$-1340,$-1526,$113,$0
16,2013-03-31,23.53,$13.08,1.8,$4.15,5.67,$0.83,28.41,$3.40,6.92,$4.60B,$1.14B,4.04,$0.12B,$14.19B,0.01,$4.91B,$3.34B,68.06%,$4.91B,$0.58B,11.88%,$4.91B,$0.58B,11.88%,$4.91B,$1.25B,25.38%,$4.91B,$5.25B,106.93%,$4.91B,$4.05B,82.53%,$4.05B,$14.19B,28.46%,$4.05B,$10.25B,39.67%,$4.05B,$16.49B,23.59%,$0.58B,$14.31B,4.06%,$1140,$344,$796,$220,$390,$954,$186,$17,$203,$30,$173,$391,$390,$348,$186,$1094,1108,$0.36,$0.35,$3013,$0,$0,$4601,$1613,$6098,$3940,$239,$11890,$16491,$1139,$121,$0,$1166,$2305,$1,$6183,$459,$14186,$16491,$391,$162,$-192,$-30,$58,$0,$-71,$-6,$-142,$219,$-70,$-1,$-10,$-874,$0,$-874,$4,$-951,$0,$0,$0,$-714,$-714,$0,$-32,$-746,$-1493,$45,$0
17,2012-12-31,19.9,$13.10,1.52,$4.12,4.83,$0.85,23.51,$3.28,6.07,$5.65B,$1.29B,4.38,$0.13B,$14.61B,0.01,$4.99B,$3.37B,67.50%,$4.99B,$0.57B,11.35%,$4.99B,$0.57B,11.35%,$4.99B,$1.22B,24.46%,$4.99B,$5.22B,104.57%,$4.99B,$3.95B,79.11%,$3.95B,$14.61B,28.39%,$3.95B,$10.63B,40.15%,$3.95B,$17.10B,23.50%,$0.57B,$14.73B,4.04%,$1346,$412,$934,$240,$419,$1156,$190,$18,$208,$83,$125,$274,$272,$359,$190,$1193,1203,$0.22,$0.23,$4184,$0,$0,$5653,$1686,$5495,$3981,$289,$11451,$17103,$1290,$125,$0,$1207,$2498,$1,$5792,$571,$14606,$17103,$3951,$655,$-5734,$-5079,$35,$0,$13,$544,$847,$-282,$-506,$-4,$6242,$-2397,$-8,$-2405,$34,$3362,$0,$0,$0,$-1949,$-1949,$0,$-30,$-1979,$1105,$221,$0
18,2012-09-30,15.98,$13.16,1.21,$4.03,3.96,$2.07,7.72,$3.29,4.86,$9.69B,$3.51B,2.76,$0.13B,$15.61B,0.01,$4.97B,$3.34B,67.21%,$4.97B,$0.62B,12.45%,$4.97B,$0.62B,12.45%,$4.97B,$1.26B,25.36%,$4.97B,$5.26B,105.92%,$4.97B,$3.97B,79.94%,$3.97B,$15.61B,29.64%,$3.97B,$11.52B,42.79%,$3.97B,$20.41B,24.49%,$0.62B,$15.73B,4.58%,$1202,$395,$807,$217,$405,$1050,$152,$4608,$4760,$1774,$2986,$3161,$3160,$323,$152,$1186,1195,$2.66,$2.64,$8413,$0,$0,$9686,$1671,$4425,$4084,$548,$10728,$20414,$3506,$128,$0,$1302,$4809,$1,$6106,$520,$15606,$20414,$3677,$485,$-5793,$-5308,$87,$0,$-22,$556,$3249,$1618,$-356,$-3,$6248,$-903,$0,$-903,$17,$5002,$0,$0,$0,$-600,$-600,$0,$-21,$-621,$5998,$163,$0
19,2012-06-30,15.83,$10.48,1.51,$3.99,3.97,$1.36,11.68,$0.88,17.99,$3.27B,$1.08B,3.04,$0.13B,$12.52B,0.01,$4.98B,$3.36B,67.53%,$4.98B,$0.64B,12.91%,$4.98B,$0.64B,12.91%,$4.98B,$1.27B,25.52%,$4.98B,$0.69B,13.94%,$4.98B,$1.10B,22.13%,$1.10B,$12.52B,8.74%,$1.10B,$8.43B,12.91%,$1.10B,$14.66B,7.48%,$0.64B,$12.65B,5.07%,$1218,$415,$802,$200,$409,$1163,$55,$20,$75,$27,$48,$228,$227,$215,$55,$1213,1222,$0.19,$0.18,$1910,$0,$0,$3270,$1664,$5431,$4084,$210,$11388,$14658,$1077,$130,$0,$1065,$2142,$1,$2945,$492,$12516,$14658,$516,$315,$-186,$129,$-10,$0,$-36,$-11,$-73,$572,$-216,$-3,$0,$102,$0,$102,$17,$-101,$0,$0,$0,$-448,$-448,$0,$-24,$-472,$-23,$102,$0
20,2012-03-31,15.22,$10.85,1.4,$3.93,3.87,$1.21,12.53,$0.88,17.3,$3.48B,$1.07B,3.25,$0.13B,$12.86B,0.01,$4.99B,$3.41B,68.24%,$4.99B,$0.78B,15.61%,$4.99B,$0.78B,15.61%,$4.99B,$1.41B,28.31%,$4.99B,$0.80B,16.11%,$4.99B,$1.11B,22.28%,$1.11B,$12.86B,8.77%,$1.11B,$8.72B,12.90%,$1.11B,$14.96B,7.53%,$0.78B,$12.99B,6.12%,$1221,$398,$823,$228,$410,$1052,$169,$2,$172,$56,$115,$287,$286,$323,$169,$1216,1226,$0.24,$0.23,$2210,$0,$0,$3483,$1727,$5392,$4137,$224,$11480,$14963,$1070,$133,$0,$1033,$2103,$1,$2719,$715,$12860,$14963,$287,$154,$-132,$22,$103,$0,$-42,$-29,$-12,$297,$-110,$-2,$0,$35,$0,$35,$-7,$-83,$0,$0,$0,$-59,$-59,$0,$-24,$-83,$158,$56,$0
21,2011-12-31,16.13,$10.33,1.56,$3.86,4.18,$1.09,14.79,$0.82,19.67,$3.45B,$1.21B,2.86,$0.00B,$12.58B,0.0,$4.98B,$3.40B,68.18%,$4.98B,$0.80B,16.05%,$4.98B,$0.80B,16.05%,$4.98B,$1.45B,29.05%,$4.98B,$0.83B,16.59%,$4.98B,$1.05B,21.05%,$1.05B,$12.58B,8.27%,$1.05B,$8.43B,12.11%,$1.05B,$14.78B,7.11%,$0.80B,$12.58B,6.31%,$1324,$419,$905,$236,$402,$1082,$242,$10,$252,$78,$174,$301,$296,$398,$242,$1274,1282,$0.24,$0.24,$2056,$0,$0,$3453,$1731,$5223,$4155,$221,$11330,$14783,$1207,$0,$135,$994,$2201,$1,$2432,$698,$12581,$14783,$1063,$648,$-159,$489,$38,$0,$-0,$24,$-228,$1324,$-593,$-12,$-324,$1138,$0,$1138,$-7,$202,$0,$0,$0,$-1463,$-1463,$0,$7,$-1456,$36,$204,$0
22,2011-09-30,13.17,$10.09,1.31,$3.94,3.34,$0.91,14.53,$0.82,16.06,$3.40B,$1.20B,2.83,$0.00B,$12.51B,0.0,$5.19B,$3.41B,65.69%,$5.19B,$0.78B,15.00%,$5.19B,$0.78B,15.00%,$5.19B,$1.47B,28.29%,$5.19B,$0.80B,15.49%,$5.19B,$1.07B,20.54%,$1.07B,$12.51B,8.39%,$1.07B,$8.55B,12.22%,$1.07B,$14.53B,7.20%,$0.78B,$12.51B,6.11%,$1217,$384,$833,$229,$420,$1039,$177,$18,$195,$56,$140,$298,$293,$335,$177,$1253,1260,$0.23,$0.23,$2115,$0,$0,$3404,$1726,$5224,$3955,$218,$11123,$14528,$1202,$0,$134,$821,$2022,$1,$2696,$625,$12505,$14528,$762,$493,$-84,$409,$156,$0,$0,$-56,$-278,$892,$-463,$-11,$-69,$681,$0,$681,$16,$153,$0,$0,$0,$-1096,$-1096,$0,$0,$-1095,$-62,$144,$0
23,2011-06-30,15.04,$9.98,1.51,$4.17,3.61,$0.84,17.88,$0.88,17.09,$3.89B,$1.24B,3.13,$0.00B,$12.80B,0.0,$5.57B,$3.49B,62.72%,$5.57B,$0.79B,14.19%,$5.57B,$0.79B,14.19%,$5.57B,$1.48B,26.63%,$5.57B,$0.99B,17.76%,$5.57B,$1.17B,20.97%,$1.17B,$12.80B,9.28%,$1.17B,$8.78B,13.54%,$1.17B,$14.81B,7.93%,$0.79B,$12.80B,6.26%,$1229,$384,$845,$233,$412,$1038,$191,$-6,$185,$56,$130,$239,$237,$357,$191,$1300,1308,$0.18,$0.18,$2553,$0,$0,$3890,$1741,$4925,$4016,$235,$10918,$14807,$1242,$0,$136,$767,$2009,$1,$2403,$676,$12799,$14807,$463,$335,$28,$363,$87,$0,$0,$20,$-290,$536,$-339,$-11,$-69,$416,$0,$416,$0,$-3,$0,$0,$0,$-510,$-510,$0,$-11,$-521,$54,$93,$0
24,2011-03-31,16.68,$9.86,1.69,$4.38,3.81,$0.83,20.21,$0.85,19.62,$4.09B,$1.34B,3.06,$0.00B,$12.87B,0.0,$5.94B,$3.57B,60.04%,$5.94B,$0.77B,13.03%,$5.94B,$0.77B,13.03%,$5.94B,$1.46B,24.56%,$5.94B,$0.99B,16.70%,$5.94B,$1.14B,19.26%,$1.14B,$12.87B,9.20%,$1.14B,$8.88B,13.47%,$1.14B,$14.93B,7.83%,$0.77B,$12.87B,6.21%,$1214,$400,$815,$221,$385,$1025,$190,$5,$195,$52,$143,$225,$223,$358,$190,$1309,1320,$0.17,$0.17,$2789,$0,$0,$4094,$1695,$4917,$3984,$237,$10834,$14928,$1340,$0,$139,$724,$2064,$1,$2166,$635,$12865,$14928,$225,$169,$-23,$146,$107,$0,$0,$37,$-165,$206,$-168,$-3,$-32,$186,$0,$186,$0,$-17,$0,$0,$0,$-115,$-115,$0,$-9,$-123,$93,$34,$0
25,2010-12-31,16.63,$9.62,1.73,$4.59,3.62,$0.82,20.32,$0.90,18.48,$4.35B,$1.63B,2.67,$0.14B,$12.60B,0.01,$6.32B,$3.64B,57.61%,$6.32B,$0.77B,12.21%,$6.32B,$0.77B,12.21%,$6.32B,$1.45B,22.99%,$6.32B,$1.07B,16.94%,$6.32B,$1.23B,19.47%,$1.23B,$12.60B,9.98%,$1.23B,$8.66B,14.64%,$1.23B,$14.93B,8.47%,$0.77B,$12.74B,6.24%,$1525,$612,$913,$224,$423,$1305,$220,$8,$228,$17,$210,$318,$312,$417,$220,$1354,1365,$0.24,$0.24,$2884,$0,$0,$4346,$1653,$4756,$3938,$235,$10583,$14928,$1626,$143,$0,$706,$2332,$1,$1943,$504,$12596,$14928,$1245,$683,$-310,$372,$-31,$0,$24,$-294,$-376,$1240,$-714,$-21,$168,$1097,$0,$1097,$-19,$510,$0,$0,$0,$-1582,$-1582,$0,$80,$-1502,$251,$219,$0
26,2010-09-30,14.17,$9.30,1.52,$4.70,3.02,$1.05,13.47,$0.77,18.4,$4.10B,$1.35B,3.03,$0.00B,$12.11B,0.0,$6.53B,$3.71B,56.84%,$6.53B,$0.67B,10.27%,$6.53B,$0.67B,10.27%,$6.53B,$1.34B,20.49%,$6.53B,$0.97B,14.81%,$6.53B,$1.07B,16.41%,$1.07B,$12.11B,8.71%,$1.07B,$8.19B,12.80%,$1.07B,$14.22B,7.37%,$0.67B,$12.11B,5.45%,$1601,$681,$920,$270,$448,$1412,$189,$191,$381,$86,$294,$398,$396,$351,$189,$1334,1343,$0.30,$0.29,$2819,$0,$0,$4100,$1549,$4420,$3922,$225,$10116,$14217,$1351,$0,$139,$756,$2107,$1,$2519,$404,$12109,$14217,$927,$485,$-303,$183,$59,$0,$0,$-142,$-272,$837,$-467,$-19,$213,$1367,$0,$1367,$-19,$1075,$0,$0,$0,$-1650,$-1650,$0,$86,$-1564,$340,$169,$0
27,2010-06-30,13.84,$8.93,1.55,$4.61,3.0,$1.26,10.95,$0.61,22.69,$4.05B,$1.44B,2.81,$0.00B,$12.17B,0.0,$6.51B,$3.66B,56.25%,$6.51B,$0.57B,8.81%,$6.51B,$0.57B,8.81%,$6.51B,$1.26B,19.31%,$6.51B,$0.78B,12.04%,$6.51B,$0.86B,13.25%,$0.86B,$12.17B,6.99%,$0.86B,$8.24B,10.25%,$0.86B,$14.35B,5.91%,$0.57B,$12.17B,4.65%,$1601,$683,$919,$269,$457,$1426,$175,$13,$188,$69,$119,$216,$213,$333,$175,$1378,1390,$0.15,$0.15,$2760,$0,$0,$4048,$1518,$4641,$3929,$216,$10304,$14352,$1440,$0,$140,$748,$2187,$1,$2123,$204,$12165,$14352,$528,$323,$-70,$253,$60,$0,$0,$-144,$-291,$491,$-303,$-13,$-12,$600,$0,$600,$-19,$253,$0,$0,$0,$-798,$-798,$0,$22,$-775,$-92,$118,$0
28,2010-03-31,16.53,$8.98,1.84,$4.57,3.62,$1.44,11.48,$0.56,29.52,$4.57B,$1.52B,3.02,$0.00B,$12.45B,0.0,$6.48B,$3.60B,55.58%,$6.48B,$0.47B,7.32%,$6.48B,$0.47B,7.32%,$6.48B,$1.20B,18.47%,$6.48B,$0.74B,11.47%,$6.48B,$0.79B,12.20%,$0.79B,$12.45B,6.44%,$0.79B,$8.56B,9.44%,$0.79B,$14.65B,5.44%,$0.47B,$12.45B,3.86%,$1597,$706,$891,$266,$424,$1409,$188,$86,$274,$49,$225,$312,$310,$353,$188,$1398,1413,$0.22,$0.22,$3242,$0,$0,$4570,$1470,$4585,$3889,$135,$10078,$14649,$1515,$0,$136,$686,$2201,$1,$1910,$311,$12448,$14649,$312,$165,$-69,$96,$89,$0,$0,$-182,$-265,$144,$-113,$-5,$100,$312,$0,$312,$0,$294,$0,$0,$0,$-372,$-372,$0,$2,$-370,$55,$61,$0
29,2009-12-31,16.78,$8.90,1.88,$4.56,3.68,$1.55,10.8,$0.42,39.95,$4.60B,$1.72B,2.68,$0.00B,$12.52B,0.0,$6.46B,$3.59B,55.54%,$6.46B,$0.39B,5.99%,$6.46B,$0.39B,5.99%,$6.46B,$1.13B,17.41%,$6.46B,$0.58B,8.90%,$6.46B,$0.60B,9.26%,$0.60B,$12.52B,4.96%,$0.60B,$8.52B,7.33%,$0.60B,$14.94B,4.18%,$0.39B,$12.52B,3.21%,$1732,$750,$982,$306,$507,$1613,$119,$5,$124,$37,$87,$156,$153,$301,$119,$1398,1416,$0.12,$0.11,$3291,$0,$0,$4595,$1427,$4723,$3996,$195,$10341,$14936,$1718,$0,$83,$700,$2417,$1,$1600,$369,$12519,$14936,$605,$739,$-119,$620,$82,$0,$-20,$-83,$85,$1310,$-434,$-32,$-195,$-1762,$0,$-1762,$4,$-2419,$0,$0,$0,$-1,$-1,$0,$35,$35,$-1017,$449,$0
30,2009-09-30,17.81,$8.71,2.05,$4.64,3.84,$1.80,9.89,$0.09,197.89,$5.08B,$1.51B,3.37,$0.00B,$12.18B,0.0,$6.53B,$3.68B,56.35%,$6.53B,$-0.01B,-0.15%,$6.53B,$-0.01B,-0.15%,$6.53B,$1.23B,18.75%,$6.53B,$0.20B,3.03%,$6.53B,$0.14B,2.17%,$0.14B,$12.18B,1.21%,$0.14B,$8.32B,1.80%,$0.14B,$14.42B,1.02%,$-0.01B,$12.18B,-0.09%,$1575,$709,$867,$307,$442,$1484,$91,$105,$197,$78,$119,$188,$186,$269,$91,$1402,1425,$0.13,$0.13,$3902,$0,$0,$5077,$1395,$3955,$3866,$127,$9343,$14420,$1506,$0,$84,$732,$2238,$1,$1447,$304,$12182,$14420,$450,$557,$-8,$549,$172,$0,$0,$-76,$-39,$959,$-264,$-29,$-18,$-1076,$0,$-1076,$4,$-1383,$0,$0,$0,$-16,$-16,$0,$24,$8,$-358,$346,$0
31,2009-06-30,15.66,$8.50,1.84,$4.81,3.25,$2.08,7.52,$0.00,0.0,$5.03B,$1.46B,3.44,$0.00B,$11.92B,0.0,$6.75B,$3.83B,56.77%,$6.75B,$-0.03B,-0.46%,$6.75B,$-0.03B,-0.46%,$6.75B,$1.23B,18.30%,$6.75B,$0.08B,1.19%,$6.75B,$0.01B,0.15%,$0.01B,$11.92B,0.09%,$0.01B,$8.06B,0.13%,$0.01B,$14.08B,0.07%,$-0.03B,$11.92B,-0.27%,$1573,$712,$860,$291,$419,$1497,$76,$72,$148,$69,$79,$143,$141,$273,$76,$1395,1414,$0.10,$0.10,$3878,$0,$0,$5029,$1430,$3628,$3858,$132,$9047,$14076,$1463,$0,$87,$693,$2156,$1,$1261,$211,$11920,$14076,$262,$379,$53,$432,$163,$0,$0,$-44,$-90,$604,$-165,$-22,$0,$-558,$0,$-558,$-0,$-745,$0,$0,$0,$71,$71,$0,$41,$112,$-8,$232,$0
32,2009-03-31,12.81,$8.31,1.54,$4.99,2.57,$2.41,5.31,$-0.01,0.0,$4.60B,$1.48B,3.11,$0.00B,$11.59B,0.0,$6.97B,$4.00B,57.40%,$6.97B,$-0.01B,-0.09%,$6.97B,$-0.01B,-0.09%,$6.97B,$1.27B,18.15%,$6.97B,$0.06B,0.82%,$6.97B,0,0.00%,$0.00B,$11.59B,0.00%,$0.00B,$7.75B,0.00%,$0.00B,$13.74B,0.00%,$-0.01B,$11.59B,-0.05%,$1580,$701,$879,$306,$458,$1479,$101,$5,$106,$36,$70,$119,$118,$282,$101,$1392,1407,$0.08,$0.08,$3446,$0,$0,$4595,$1470,$3618,$3842,$211,$9141,$13736,$1480,$0,$71,$665,$2145,$2,$4870,$202,$11591,$13736,$119,$182,$55,$237,$137,$0,$0,$-29,$-93,$262,$-70,$-5,$0,$-140,$0,$-140,$0,$-216,$0,$0,$0,$4,$4,$0,$12,$16,$26,$127,$0
33,2008-12-31,12.2,$8.10,1.51,$5.17,2.36,$2.74,4.45,$0.28,43.57,$4.75B,$1.71B,2.78,$0.00B,$11.27B,0.0,$7.21B,$4.19B,58.06%,$7.21B,$0.01B,0.19%,$7.21B,$0.01B,0.19%,$7.21B,$1.29B,17.91%,$7.21B,$0.09B,1.19%,$7.21B,$0.42B,5.81%,$0.42B,$11.27B,3.72%,$0.42B,$7.34B,6.22%,$0.42B,$13.69B,3.05%,$0.01B,$11.27B,0.12%,$1806,$730,$1076,$278,$482,$2085,$-278,$26,$-253,$107,$-360,$-301,$-303,$401,$-278,$1369,1391,$-0.23,$-0.21,$3452,$0,$0,$4745,$1536,$3247,$3927,$234,$8944,$13690,$1705,$0,$77,$716,$2421,$2,$4753,$120,$11269,$13690,$425,$1278,$-219,$1058,$-62,$0,$-24,$158,$397,$1880,$-675,$-71,$-209,$-368,$0,$-368,$11,$-1312,$0,$0,$0,$284,$284,$0,$48,$332,$778,$408,$0
34,2008-09-30,17.3,$8.37,2.07,$5.21,3.32,$2.84,6.09,$0.65,26.62,$4.40B,$1.68B,2.63,$0.00B,$11.60B,0.0,$7.23B,$4.24B,58.60%,$7.23B,$0.48B,6.68%,$7.23B,$0.48B,6.68%,$7.23B,$1.26B,17.40%,$7.23B,$0.54B,7.45%,$7.23B,$0.91B,12.54%,$0.91B,$11.60B,8.38%,$0.91B,$7.01B,14.80%,$0.91B,$13.91B,6.77%,$0.48B,$11.60B,4.40%,$1786,$772,$1014,$323,$597,$1716,$70,$9,$79,$51,$28,$56,$54,$278,$70,$1384,1398,$0.04,$0.04,$3214,$0,$0,$4397,$1491,$3200,$4595,$226,$9512,$13908,$1675,$0,$63,$632,$2307,$2,$5152,$284,$11602,$13908,$725,$598,$-67,$532,$46,$0,$0,$190,$302,$1559,$-483,$-67,$-209,$-306,$0,$-306,$-8,$-1073,$0,$0,$0,$252,$252,$0,$-30,$223,$630,$381,$0
35,2008-06-30,20.66,$8.42,2.45,$5.20,3.98,$2.70,7.64,$0.72,28.69,$4.30B,$1.68B,2.57,$0.00B,$11.67B,0.0,$7.22B,$4.25B,58.92%,$7.22B,$0.56B,7.80%,$7.22B,$0.56B,7.80%,$7.22B,$1.30B,18.04%,$7.22B,$0.65B,9.06%,$7.22B,$1.00B,13.91%,$1.00B,$11.67B,9.80%,$1.00B,$6.90B,17.66%,$1.00B,$13.99B,7.80%,$0.56B,$11.67B,5.42%,$1798,$766,$1032,$315,$594,$1698,$101,$25,$125,$48,$77,$132,$131,$304,$101,$1373,1398,$0.10,$0.09,$3071,$0,$0,$4304,$1416,$3287,$4767,$216,$9685,$13990,$1678,$0,$23,$645,$2323,$2,$5097,$569,$11667,$13990,$669,$391,$-169,$222,$24,$0,$0,$282,$321,$1212,$-316,$-51,$-180,$-319,$0,$-319,$-8,$-874,$0,$0,$0,$238,$238,$0,$-57,$182,$537,$248,$0
36,2008-03-31,28.93,$7.80,3.71,$5.12,5.65,$2.47,11.69,$0.74,39.09,$3.84B,$1.68B,2.28,$0.58B,$10.50B,0.06,$7.12B,$4.24B,59.51%,$7.12B,$0.65B,9.09%,$7.12B,$0.65B,9.09%,$7.12B,$1.34B,18.87%,$7.12B,$0.75B,10.47%,$7.12B,$1.03B,14.53%,$1.03B,$10.50B,10.80%,$1.03B,$5.69B,19.31%,$1.03B,$13.43B,8.44%,$0.65B,$11.08B,6.66%,$1818,$755,$1063,$306,$596,$1697,$121,$15,$135,$53,$82,$537,$537,$308,$121,$1336,1395,$0.40,$0.37,$2608,$0,$0,$3839,$1363,$3193,$4808,$222,$9587,$13426,$1683,$583,$26,$1242,$2926,$2,$4966,$460,$10500,$13426,$537,$188,$-294,$-107,$27,$0,$0,$327,$356,$786,$-140,$-9,$-166,$344,$0,$344,$-10,$18,$0,$0,$0,$47,$47,$0,$-52,$-5,$827,$0,$0
37,2007-12-31,23.26,$7.16,3.25,$5.00,4.66,$2.23,10.41,$0.47,49.49,$3.24B,$2.30B,1.41,$0.00B,$9.53B,0.0,$6.97B,$4.13B,59.25%,$6.97B,$0.70B,9.97%,$6.97B,$0.70B,9.97%,$6.97B,$1.36B,19.44%,$6.97B,$0.81B,11.68%,$6.97B,$0.64B,9.17%,$0.64B,$9.53B,6.98%,$0.64B,$4.92B,12.07%,$0.64B,$12.23B,5.45%,$0.70B,$9.53B,7.44%,$1832,$702,$1130,$289,$625,$1641,$191,$9,$200,$64,$136,$188,$185,$369,$191,$1339,1366,$0.14,$0.15,$2001,$0,$0,$3238,$1332,$2543,$4614,$504,$8992,$12230,$2300,$0,$28,$396,$2697,$2,$4424,$331,$9533,$12230,$642,$659,$259,$918,$-89,$0,$45,$218,$359,$1919,$-602,$-110,$-974,$1139,$0,$1139,$-25,$-573,$0,$0,$0,$-1459,$-1459,$0,$17,$-1442,$-56,$572,$0
38,2007-09-30,26.84,$6.98,3.85,$4.82,5.57,$1.74,15.44,$0.51,52.63,$3.48B,$2.18B,1.6,$0.00B,$9.28B,0.0,$6.84B,$4.01B,58.65%,$6.84B,$0.81B,11.87%,$6.84B,$0.81B,11.87%,$6.84B,$1.43B,20.92%,$6.84B,$0.96B,13.99%,$6.84B,$0.72B,10.57%,$0.72B,$9.28B,7.98%,$0.72B,$5.23B,13.12%,$0.72B,$11.84B,6.27%,$0.81B,$9.28B,8.60%,$1768,$740,$1027,$275,$572,$1617,$150,$44,$194,$79,$115,$151,$151,$321,$150,$1335,1395,$0.11,$0.11,$2212,$0,$0,$3484,$1240,$2540,$4050,$529,$8359,$11843,$2184,$0,$28,$377,$2560,$2,$4218,$277,$9283,$11843,$454,$481,$219,$701,$-6,$0,$0,$85,$142,$1297,$-410,$-75,$-356,$750,$0,$750,$-30,$-121,$0,$0,$0,$-1369,$-1369,$0,$119,$-1251,$-42,$414,$0
39,2007-06-30,27.13,$6.69,4.06,$4.65,5.83,$1.55,17.49,$0.51,53.2,$3.65B,$2.16B,1.69,$0.00B,$8.97B,0.0,$6.65B,$3.88B,58.39%,$6.65B,$0.86B,12.99%,$6.65B,$0.86B,12.99%,$6.65B,$1.46B,21.98%,$6.65B,$1.02B,15.27%,$6.65B,$0.73B,10.99%,$0.73B,$8.97B,8.35%,$0.73B,$5.57B,13.61%,$0.73B,$11.49B,6.51%,$0.86B,$8.97B,9.27%,$1698,$683,$1015,$281,$524,$1513,$185,$31,$216,$88,$128,$161,$161,$345,$185,$1340,1404,$0.12,$0.11,$2391,$0,$0,$3645,$1176,$2723,$3397,$550,$7847,$11491,$2157,$0,$36,$367,$2524,$2,$4067,$198,$8968,$11491,$303,$311,$162,$473,$43,$0,$0,$6,$65,$840,$-263,$-20,$-36,$352,$0,$352,$0,$33,$0,$0,$0,$-1059,$-1059,$0,$131,$-929,$-44,$269,$0
40,2007-03-31,31.29,$6.56,4.77,$4.51,6.94,$1.48,21.19,$0.51,61.35,$3.58B,$1.40B,2.55,$0.75B,$8.84B,0.09,$6.53B,$3.80B,58.18%,$6.53B,$0.91B,13.92%,$6.53B,$0.91B,13.92%,$6.53B,$1.47B,22.57%,$6.53B,$1.07B,16.32%,$6.53B,$0.73B,11.24%,$0.73B,$8.84B,8.45%,$0.73B,$5.45B,13.86%,$0.73B,$11.31B,6.58%,$0.91B,$9.59B,9.63%,$1672,$714,$958,$240,$523,$1503,$169,$35,$204,$92,$112,$142,$142,$320,$169,$1352,1418,$0.11,$0.10,$2346,$0,$0,$3575,$1128,$2710,$3389,$512,$7738,$11313,$1401,$750,$36,$1076,$2478,$1,$3906,$164,$8836,$11313,$142,$151,$80,$231,$40,$0,$0,$25,$61,$435,$-118,$-7,$-12,$158,$0,$158,$0,$22,$0,$0,$0,$-773,$-773,$0,$52,$-721,$-261,$140,$0
41,2006-12-31,25.54,$6.73,3.79,$4.38,5.83,$1.42,18.03,$0.52,49.12,$3.75B,$1.47B,2.54,$0.75B,$9.16B,0.08,$6.43B,$3.75B,58.37%,$6.43B,$0.94B,14.65%,$6.43B,$0.94B,14.65%,$6.43B,$1.48B,23.04%,$6.43B,$1.10B,17.11%,$6.43B,$0.75B,11.70%,$0.75B,$9.16B,8.75%,$0.75B,$5.79B,14.49%,$0.75B,$11.51B,6.81%,$0.94B,$9.91B,10.07%,$1702,$691,$1012,$205,$472,$1395,$308,$35,$343,$108,$235,$269,$269,$445,$308,$1389,1458,$0.19,$0.19,$2601,$0,$0,$3750,$1101,$2828,$3374,$460,$7763,$11514,$1474,$750,$37,$879,$2353,$1,$3718,$151,$9161,$11514,$751,$540,$66,$606,$-185,$0,$30,$-5,$14,$1372,$-689,$-6,$-142,$623,$0,$623,$21,$-194,$0,$0,$0,$-1692,$-1692,$0,$597,$-1095,$140,$425,$0
