,Date,Stock Price,Book Value per Share,Price to Book Ratio,TTM Sales per Share,Price to Sales Ratio,TTM FCF per Share,Price to FCF Ratio,TTM Net EPS,PE Ratio,Current Assets,Current Liabilities,Current Ratio,Long Term Debt,Shareholder's Equity_x,Debt to Equity Ratio,TTM Revenue_x,TTM Gross Profit,Gross Margin,TTM Revenue_y,TTM Operating Income,Operating Margin,TTM Revenue_x,TTM EBIT,EBIT Margin,TTM Revenue_y,TTM EBITDA,EBITDA Margin,TTM Revenue_x,TTM Pre-Tax Income,Pre-Tax Margin,TTM Revenue_y,TTM Net Income_x,Net Margin,TTM Net Income_y,Shareholder's Equity_y,Return on Equity,TTM Net Income_x,Tangible Equity,Return on Tangible Equity,TTM Net Income_y,Total Assets,Return on Assets,TTM Net Income,LT Investments & Debt,Return on Investment,revenue,cost-goods-sold,gross-profit,research-development-expenses,selling-general-administrative-expenses,operating-expenses,operating-income,total-non-operating-income-expense,pre-tax-income,total-provision-income-taxes,income-after-taxes,income-from-continuous-operations,net-income,ebitda,ebit,basic-shares-outstanding,shares-outstanding,eps-basic-net-earnings-per-share,eps-earnings-per-share-diluted,cash-on-hand,inventory,other-current-assets,total-current-assets,net-property-plant-equipment,long-term-investments,goodwill-intangible-assets-total,other-long-term-assets,total-long-term-assets,total-assets,total-current-liabilities,long-term-debt,other-non-current-liabilities,total-long-term-liabilities,total-liabilities,common-stock-net,retained-earnings-accumulated-deficit,comprehensive-income,total-share-holder-equity,total-liabilities-share-holders-equity,net-income-loss,total-depreciation-amortization-cash-flow,other-non-cash-items,total-non-cash-items,change-in-accounts-receivable,change-in-inventories,change-in-accounts-payable,change-in-assets-liabilities,total-change-in-assets-liabilities,cash-flow-from-operating-activities,net-change-in-property-plant-equipment,net-change-in-intangible-assets,net-acquisitions-divestitures,net-change-in-short-term-investments,net-change-in-long-term-investments,net-change-in-investments-total,investing-activities-other,cash-flow-from-investing-activities,net-long-term-debt,net-current-debt,debt-issuance-retirement-net-total,net-common-equity-issued-repurchased,net-total-equity-issued-repurchased,total-common-preferred-stock-dividends-paid,financial-activities-other,cash-flow-from-financial-activities,net-cash-flow,stock-based-compensation,common-stock-dividends-paid
0,2018-09-30,41.33,$-1.23,-33.51,$92.76,0.45,$6.67,6.19,$2.89,14.3,$9.50B,$16.35B,0.58,$22.27B,$-0.57B,-39.22,$43.80B,$11.80B,26.94%,$43.80B,$2.57B,5.88%,$43.80B,$2.57B,5.88%,$43.80B,$2.57B,5.88%,$43.80B,$1.60B,3.64%,$43.80B,$1.15B,2.62%,$1.15B,$-0.57B,-141.82%,$1.15B,$-6.81B,-16.21%,$1.15B,$52.64B,2.17%,$2.57B,$21.71B,12.06%,$11559,$8531,$3028,$0,$395,$10910,$649,$-193,$456,$115,$341,$341,$341,$649,$649,$461,462,$0.74,$0.74,$5009,$1576,$0,$9498,$34223,$0,$6238,$1383,$43137,$52635,$16348,$22274,$7683,$36855,$53203,$5,$-316,$-5203,$-568,$52635,$0,$0,$0,$0,$0,$0,$0,$0,$0,$2804,$-1876,$0,$0,$298,$0,$298,$-5,$-1583,$-293,$0,$-293,$-837,$-837,$-140,$-35,$-1305,$-84,$0,$-140
1,2018-06-30,37.86,$-1.89,-20.06,$90.24,0.42,$5.84,6.48,$3.43,11.04,$9.18B,$16.67B,0.55,$21.86B,$-0.87B,-25.16,$43.20B,$12.22B,28.28%,$43.20B,$3.18B,7.36%,$43.20B,$3.18B,7.36%,$43.20B,$3.18B,7.36%,$43.20B,$2.20B,5.10%,$43.20B,$1.47B,3.40%,$1.47B,$-0.87B,458.08%,$1.47B,$-7.12B,-24.60%,$1.47B,$52.62B,2.78%,$3.18B,$20.99B,14.17%,$11643,$8289,$3354,$0,$385,$10615,$1028,$-259,$769,$203,$566,$566,$566,$1028,$1028,$464,465,$1.22,$1.22,$4857,$1522,$0,$9176,$34424,$0,$6248,$1375,$43446,$52622,$16669,$21863,$7841,$36822,$53491,$5,$-610,$-5187,$-869,$52622,$0,$0,$0,$0,$0,$0,$0,$0,$0,$2883,$-1473,$0,$0,$438,$0,$438,$0,$-1035,$-993,$0,$-993,$-837,$-837,$-94,$-17,$-1941,$-93,$0,$-94
2,2018-03-31,51.7,$-2.18,-23.74,$87.96,0.59,$4.95,10.44,$3.84,13.46,$9.67B,$17.01B,0.57,$21.95B,$-1.02B,-21.56,$42.79B,$12.68B,29.64%,$42.79B,$3.75B,8.77%,$42.79B,$3.75B,8.77%,$42.79B,$3.75B,8.77%,$42.79B,$2.82B,6.60%,$42.79B,$1.77B,4.12%,$1.77B,$-1.02B,120.38%,$1.77B,$-7.30B,-36.52%,$1.77B,$53.28B,3.33%,$3.75B,$20.93B,15.79%,$10401,$7713,$2688,$0,$356,$9970,$431,$-158,$273,$87,$186,$186,$186,$431,$431,$472,475,$0.39,$0.39,$5585,$1455,$0,$9673,$34333,$0,$6284,$1409,$43607,$53280,$17008,$21946,$8085,$37290,$54298,$5,$-1130,$-5172,$-1018,$53280,$0,$0,$0,$0,$0,$0,$0,$0,$0,$1799,$-757,$0,$0,$-199,$0,$-199,$0,$-956,$-333,$0,$-333,$-461,$-461,$-48,$1,$-841,$2,$0,$-48
3,2017-12-31,51.67,$-1.64,-31.5,$85.38,0.61,$3.87,13.33,$3.91,13.21,$9.15B,$15.36B,0.6,$22.51B,$-0.78B,-28.86,$42.21B,$12.76B,30.22%,$42.21B,$4.06B,9.61%,$42.21B,$4.06B,9.61%,$42.21B,$4.06B,9.61%,$42.21B,$3.08B,7.31%,$42.21B,$1.92B,4.55%,$1.92B,$-0.78B,74.24%,$1.92B,$-7.07B,-51.51%,$1.92B,$52.79B,3.64%,$4.06B,$21.73B,16.16%,$10195,$7467,$2728,$0,$383,$9729,$466,$-369,$97,$43,$54,$54,$54,$466,$466,$489,492,$0.13,$0.12,$5384,$1359,$0,$9146,$34156,$0,$6294,$1373,$43639,$52785,$15358,$22511,$8199,$38207,$53565,$5,$-1345,$-5154,$-780,$52785,$1919,$1903,$1371,$3274,$-190,$0,$0,$-519,$-410,$4744,$-5024,$0,$0,$1601,$-203,$1398,$0,$-3626,$726,$0,$726,$-1615,$-1615,$-198,$-58,$-1145,$-27,$90,$-198
4,2017-09-30,47.06,$8.23,5.72,$82.25,0.57,$6.10,7.72,$3.93,11.97,$10.00B,$15.31B,0.65,$22.22B,$3.95B,5.63,$41.80B,$12.92B,30.91%,$41.80B,$4.36B,10.43%,$41.80B,$4.36B,10.43%,$41.80B,$4.36B,10.43%,$41.80B,$3.49B,8.34%,$41.80B,$2.15B,5.15%,$2.15B,$3.95B,57.81%,$2.15B,$-2.36B,-83.60%,$2.15B,$52.40B,4.11%,$4.36B,$26.17B,16.61%,$10965,$7516,$3449,$0,$400,$9709,$1256,$-193,$1063,$402,$661,$661,$661,$1256,$1256,$485,487,$1.36,$1.36,$6161,$1315,$0,$10002,$33311,$0,$6305,$2245,$42399,$52401,$15307,$22217,$3462,$33146,$48453,$5,$3152,$-5127,$3948,$52401,$0,$0,$0,$0,$0,$0,$0,$0,$0,$4307,$-3732,$0,$0,$856,$-203,$653,$0,$-3079,$347,$0,$347,$-1372,$-1372,$-150,$-45,$-1220,$8,$0,$-150
5,2017-06-30,49.76,$7.62,6.53,$79.76,0.62,$8.10,6.14,$4.05,12.29,$11.02B,$16.11B,0.68,$22.53B,$3.72B,6.06,$41.43B,$13.12B,31.67%,$41.43B,$4.53B,10.94%,$41.43B,$4.53B,10.94%,$41.43B,$4.53B,10.94%,$41.43B,$3.61B,8.72%,$41.43B,$2.23B,5.38%,$2.23B,$3.72B,58.12%,$2.23B,$-2.60B,-90.67%,$2.23B,$53.34B,4.28%,$4.53B,$26.24B,17.32%,$11227,$7408,$3819,$0,$376,$9628,$1599,$-210,$1389,$525,$864,$864,$864,$1599,$1599,$491,493,$1.76,$1.75,$7440,$1206,$0,$11016,$32993,$0,$6315,$2107,$42320,$53336,$16112,$22525,$3484,$33509,$49621,$5,$2577,$-5112,$3715,$53336,$0,$0,$0,$0,$0,$0,$0,$0,$0,$3938,$-2881,$0,$0,$-383,$0,$-383,$0,$-3264,$524,$0,$524,$-1013,$-1013,$-102,$-30,$-621,$53,$0,$-102
6,2017-03-31,41.74,$6.97,5.99,$75.29,0.55,$9.14,4.57,$4.10,10.18,$10.63B,$15.29B,0.7,$22.83B,$3.46B,6.6,$40.57B,$12.95B,31.92%,$40.57B,$4.69B,11.55%,$40.57B,$4.69B,11.55%,$40.57B,$4.69B,11.55%,$40.57B,$3.72B,9.16%,$40.57B,$2.32B,5.71%,$2.32B,$3.46B,58.10%,$2.32B,$-2.87B,-100.37%,$2.32B,$52.63B,4.50%,$4.69B,$26.29B,18.03%,$9820,$7061,$2759,$0,$318,$9083,$737,$-202,$535,$195,$340,$340,$340,$737,$737,$504,508,$0.67,$0.67,$7219,$1154,$0,$10626,$32291,$0,$6327,$2004,$42001,$52627,$15286,$22829,$2753,$33884,$49170,$5,$1823,$-5097,$3457,$52627,$0,$0,$0,$0,$0,$0,$0,$0,$0,$2250,$-1682,$0,$0,$-188,$0,$-188,$0,$-1870,$213,$0,$213,$-484,$-484,$-51,$-27,$-349,$31,$0,$-51
7,2016-12-31,45.97,$7.46,6.16,$71.38,0.64,$9.77,4.71,$4.78,9.62,$10.32B,$13.87B,0.74,$22.49B,$3.79B,5.94,$40.18B,$13.37B,33.27%,$40.18B,$5.28B,13.15%,$40.18B,$5.28B,13.15%,$40.18B,$5.28B,13.15%,$40.18B,$4.30B,10.70%,$40.18B,$2.68B,6.66%,$2.68B,$3.79B,62.24%,$2.68B,$-2.48B,-134.19%,$2.68B,$51.27B,5.26%,$5.28B,$26.27B,20.82%,$9788,$6893,$2895,$0,$334,$9021,$767,$-267,$500,$211,$289,$289,$289,$767,$767,$552,556,$0.61,$0.59,$6997,$1094,$0,$10324,$31159,$0,$6264,$2029,$40950,$51274,$13872,$22489,$3286,$33617,$47489,$5,$1640,$-5083,$3785,$51274,$2676,$1699,$1913,$3612,$-160,$0,$0,$107,$254,$6524,$-5606,$0,$0,$-92,$0,$-92,$0,$-5698,$3874,$0,$3874,$-4500,$-4500,$-224,$-44,$-894,$-68,$100,$-224
8,2016-09-30,35.95,$8.46,4.25,$67.79,0.53,$8.31,4.33,$9.31,3.86,$11.05B,$14.53B,0.76,$21.55B,$4.39B,4.91,$40.02B,$13.77B,34.41%,$40.02B,$5.59B,13.95%,$40.02B,$5.59B,13.95%,$40.02B,$5.59B,13.95%,$40.02B,$4.04B,10.10%,$40.02B,$5.67B,14.16%,$5.67B,$4.39B,119.03%,$5.67B,$-1.89B,-365.50%,$5.67B,$51.11B,11.31%,$5.59B,$25.94B,22.52%,$10594,$6946,$3648,$0,$347,$9163,$1431,$-242,$1189,$452,$737,$737,$737,$1431,$1431,$525,529,$1.40,$1.40,$7390,$1100,$0,$11048,$30304,$0,$6280,$1952,$40060,$51108,$14533,$21545,$2698,$32184,$46717,$5,$1403,$-4778,$4391,$51108,$0,$0,$0,$0,$0,$0,$0,$0,$0,$5897,$-4211,$0,$0,$-431,$0,$-431,$0,$-4642,$2858,$0,$2858,$-3931,$-3931,$-172,$-19,$-1264,$-9,$0,$-172
9,2016-06-30,27.72,$8.03,3.45,$63.47,0.44,$7.21,3.84,$10.40,2.67,$11.18B,$14.92B,0.75,$21.13B,$4.31B,4.9,$40.13B,$14.12B,35.18%,$40.13B,$6.15B,15.33%,$40.13B,$6.15B,15.33%,$40.13B,$6.15B,15.33%,$40.13B,$4.56B,11.37%,$40.13B,$6.62B,16.50%,$6.62B,$4.31B,143.85%,$6.62B,$-1.99B,-383.78%,$6.62B,$51.05B,13.38%,$6.15B,$25.44B,25.67%,$10363,$6715,$3648,$0,$334,$8612,$1751,$-258,$1493,$543,$950,$950,$950,$1751,$1751,$563,566,$1.69,$1.68,$7758,$999,$0,$11184,$29611,$0,$6304,$1987,$39867,$51051,$14917,$21131,$2675,$31822,$46739,$5,$719,$-4763,$4312,$51051,$0,$0,$0,$0,$0,$0,$0,$0,$0,$4833,$-3031,$0,$0,$-740,$0,$-740,$0,$-3771,$2359,$0,$2359,$-3236,$-3236,$-119,$-10,$-1006,$56,$0,$-119
10,2016-03-31,40.04,$8.04,4.98,$60.47,0.66,$6.47,6.19,$11.13,3.6,$10.80B,$15.28B,0.71,$19.13B,$4.71B,4.06,$40.60B,$14.33B,35.30%,$40.60B,$6.32B,15.57%,$40.60B,$6.32B,15.57%,$40.60B,$6.32B,15.57%,$40.60B,$4.79B,11.80%,$40.60B,$7.38B,18.17%,$7.38B,$4.71B,166.33%,$7.38B,$-1.62B,-386.23%,$7.38B,$49.91B,15.14%,$6.32B,$23.84B,27.73%,$9435,$6260,$3175,$0,$308,$8100,$1335,$-218,$1117,$417,$700,$700,$700,$1335,$1335,$606,611,$1.15,$1.14,$7621,$886,$0,$10802,$28633,$0,$6327,$2075,$39107,$49909,$15277,$19134,$2723,$29922,$45199,$6,$-591,$-4749,$4710,$49909,$0,$0,$0,$0,$0,$0,$0,$0,$0,$2620,$-1553,$0,$0,$-561,$0,$-561,$0,$-2114,$1190,$0,$1190,$-1525,$-1525,$-61,$-5,$-401,$105,$0,$-61
11,2015-12-31,41.23,$9.02,4.57,$58.75,0.7,$6.24,6.61,$11.29,3.65,$9.99B,$13.61B,0.73,$18.33B,$5.64B,3.25,$40.99B,$14.39B,35.10%,$40.99B,$6.20B,15.14%,$40.99B,$6.20B,15.14%,$40.99B,$6.20B,15.14%,$40.99B,$4.62B,11.26%,$40.99B,$7.61B,18.57%,$7.61B,$5.64B,192.69%,$7.61B,$-0.71B,-316.03%,$7.61B,$48.42B,15.87%,$6.20B,$23.97B,28.28%,$9630,$6330,$3300,$0,$342,$8562,$1068,$-823,$245,$-3036,$3281,$3281,$3281,$1068,$1068,$668,687,$5.02,$4.87,$6949,$863,$0,$9985,$27510,$0,$6340,$2103,$38430,$48415,$13605,$18330,$2728,$29175,$42780,$6,$-1230,$-4732,$5635,$48415,$7610,$1487,$-2650,$-1163,$352,$0,$0,$-711,$-186,$6249,$-6116,$0,$0,$470,$52,$522,$0,$-5594,$2856,$0,$2856,$-3846,$-3846,$-278,$9,$-1259,$-604,$284,$-278
12,2015-09-30,37.72,$5.88,6.42,$58.58,0.64,$3.05,12.36,$7.02,5.37,$13.71B,$14.16B,0.97,$18.85B,$3.76B,5.01,$41.52B,$14.07B,33.90%,$41.52B,$6.00B,14.44%,$41.52B,$6.00B,14.44%,$41.52B,$6.00B,14.44%,$41.52B,$4.94B,11.89%,$41.52B,$4.93B,11.86%,$4.93B,$3.76B,161.70%,$4.93B,$-2.59B,-148.83%,$4.93B,$48.72B,10.56%,$6.00B,$22.61B,29.30%,$10706,$6711,$3995,$0,$366,$8707,$1999,$-290,$1709,$16,$1693,$1693,$1693,$1999,$1999,$662,681,$2.56,$2.49,$9583,$1010,$0,$13706,$26292,$0,$6352,$2365,$35009,$48715,$14161,$18849,$3624,$30792,$44953,$6,$-4445,$-4651,$3762,$48715,$0,$0,$0,$0,$0,$0,$0,$0,$0,$6021,$-4598,$0,$0,$-1486,$52,$-1434,$0,$-6032,$2642,$0,$2642,$-2411,$-2411,$-206,$8,$33,$22,$0,$-206
13,2015-06-30,38.71,$5.36,7.22,$58.00,0.67,$-1.36,0.0,$5.81,6.66,$14.11B,$15.05B,0.94,$17.15B,$3.64B,4.72,$41.95B,$13.32B,31.74%,$41.95B,$5.26B,12.53%,$41.95B,$5.26B,12.53%,$41.95B,$5.26B,12.53%,$41.95B,$4.18B,9.96%,$41.95B,$4.17B,9.95%,$4.17B,$3.64B,124.67%,$4.17B,$-2.73B,-138.33%,$4.17B,$47.87B,9.17%,$5.26B,$20.79B,26.33%,$10827,$6964,$3863,$0,$350,$8906,$1921,$-202,$1719,$15,$1704,$1704,$1704,$1921,$1921,$689,708,$2.47,$2.41,$9666,$1069,$0,$14109,$25288,$0,$6365,$2106,$33759,$47868,$15045,$17152,$3604,$29187,$44232,$7,$-6070,$-4620,$3636,$47868,$0,$0,$0,$0,$0,$0,$0,$0,$0,$4841,$-3117,$0,$0,$-5014,$3436,$-1578,$0,$-4695,$889,$0,$889,$-931,$-931,$-140,$-6,$-188,$-42,$0,$-140
14,2015-03-31,51.05,$3.98,12.81,$58.16,0.88,$-3.84,0.0,$4.57,11.17,$14.13B,$14.23B,0.99,$17.64B,$2.76B,6.38,$42.48B,$12.89B,30.35%,$42.48B,$4.74B,11.15%,$42.48B,$4.74B,11.15%,$42.48B,$4.74B,11.15%,$42.48B,$3.66B,8.62%,$42.48B,$3.33B,7.85%,$3.33B,$2.76B,96.34%,$3.33B,$-3.61B,-114.24%,$3.33B,$46.75B,7.45%,$4.74B,$20.40B,24.16%,$9827,$6598,$3229,$0,$336,$8611,$1216,$-273,$943,$11,$932,$932,$932,$1216,$1216,$696,717,$1.34,$1.30,$9930,$995,$0,$14129,$24042,$0,$6372,$2211,$32625,$46754,$14233,$17638,$3539,$29757,$43990,$7,$-7702,$-4590,$2764,$46754,$0,$0,$0,$0,$0,$0,$0,$0,$0,$2494,$-1405,$0,$0,$-1797,$0,$-1797,$0,$-3202,$1020,$0,$1020,$-181,$-181,$-70,$-7,$762,$54,$0,$-70
15,2014-12-31,51.76,$2.90,17.86,$57.93,0.89,$-5.07,0.0,$3.92,13.21,$11.75B,$13.40B,0.88,$16.04B,$2.02B,7.94,$42.65B,$12.01B,28.15%,$42.65B,$4.25B,9.96%,$42.65B,$4.25B,9.96%,$42.65B,$4.25B,9.96%,$42.65B,$3.21B,7.53%,$42.65B,$2.88B,6.76%,$2.88B,$2.02B,94.70%,$2.88B,$-4.31B,-86.16%,$2.88B,$43.23B,6.55%,$4.25B,$18.06B,22.87%,$10161,$7174,$2987,$0,$348,$9301,$860,$-294,$566,$-30,$596,$596,$596,$860,$860,$717,734,$0.85,$0.83,$8077,$1004,$0,$11750,$23084,$0,$6331,$2060,$31475,$43225,$13404,$16043,$3366,$27800,$41204,$7,$-8562,$-4559,$2021,$43225,$2882,$1342,$539,$1881,$-160,$0,$0,$-1636,$-1686,$3080,$-5278,$0,$0,$2060,$0,$2060,$307,$-2911,$170,$0,$170,$-1052,$-1052,$-144,$711,$-315,$-146,$304,$-144
16,2014-09-30,34.16,$6.93,4.93,$70.38,0.49,$-10.33,0.0,$-5.56,0.0,$13.45B,$13.89B,0.97,$15.65B,$4.97B,3.15,$39.86B,$10.93B,27.43%,$39.86B,$3.50B,8.79%,$39.86B,$3.50B,8.79%,$39.86B,$3.50B,8.79%,$39.86B,$0.32B,0.80%,$39.86B,$0.28B,0.71%,$0.28B,$4.97B,15.31%,$0.28B,$-1.42B,-6.24%,$0.28B,$44.17B,0.65%,$3.50B,$20.62B,20.35%,$11139,$7900,$3239,$0,$393,$9879,$1260,$-311,$949,$7,$942,$942,$942,$1260,$1260,$719,735,$1.31,$1.28,$8774,$1182,$0,$13450,$22163,$0,$6394,$2166,$30723,$44173,$13888,$15651,$3589,$25314,$39202,$7,$-9086,$-1893,$4971,$44173,$0,$0,$0,$0,$0,$0,$0,$0,$0,$2276,$-3982,$0,$0,$1550,$0,$1550,$307,$-2125,$-373,$0,$-373,$-146,$-146,$-72,$478,$-113,$38,$0,$-72
17,2014-06-30,41.26,$5.67,7.28,$78.85,0.52,$-9.69,0.0,$-6.84,0.0,$14.97B,$15.09B,0.99,$15.21B,$4.09B,3.72,$35.55B,$9.65B,27.14%,$35.55B,$2.95B,8.29%,$35.55B,$2.95B,8.29%,$35.55B,$2.95B,8.29%,$35.55B,$-0.34B,-0.96%,$35.55B,$-0.37B,-1.04%,$-0.37B,$4.09B,26.97%,$-0.37B,$-2.33B,5.78%,$-0.37B,$44.81B,-0.94%,$2.95B,$19.29B,23.78%,$11355,$7917,$3438,$0,$402,$9956,$1399,$-195,$1204,$340,$864,$864,$864,$1399,$1399,$721,735,$1.20,$1.17,$10341,$1093,$0,$14966,$21236,$0,$6419,$2190,$29845,$44811,$15088,$15205,$3408,$25637,$40725,$7,$-9953,$-1846,$4086,$44811,$0,$0,$0,$0,$0,$0,$0,$0,$0,$2637,$-2669,$0,$0,$15,$0,$15,$307,$-2347,$-611,$0,$-611,$-19,$-19,$0,$410,$-220,$70,$0,$0
18,2014-03-31,35.15,$1.68,20.86,$85.75,0.41,$-9.32,0.0,$-8.01,0.0,$15.19B,$15.08B,1.01,$15.24B,$1.10B,13.92,$30.64B,$7.94B,25.92%,$30.64B,$2.06B,6.72%,$30.64B,$2.06B,6.72%,$30.64B,$2.06B,6.72%,$30.64B,$-1.32B,-4.32%,$30.64B,$-1.01B,-3.31%,$-1.01B,$1.10B,22.80%,$-1.01B,$-5.31B,12.55%,$-1.01B,$43.74B,-2.91%,$2.06B,$16.34B,27.09%,$9995,$7653,$2342,$0,$401,$9265,$730,$-237,$493,$13,$480,$480,$480,$730,$730,$724,741,$0.66,$0.65,$10611,$1052,$0,$15193,$19944,$0,$6408,$2192,$28544,$43737,$15079,$15244,$3241,$27563,$42642,$6,$-10816,$-2135,$1095,$43737,$0,$0,$0,$0,$0,$0,$0,$0,$0,$1256,$-1044,$0,$0,$-206,$0,$-206,$307,$-943,$-277,$0,$-277,$-75,$-75,$0,$158,$-194,$119,$0,$0
19,2013-12-31,24.25,$-5.18,-4.68,$96.71,0.25,$-10.25,0.0,$-8.66,0.0,$14.32B,$13.81B,1.04,$15.35B,$-2.73B,-5.62,$26.74B,$6.94B,25.94%,$26.74B,$1.40B,5.23%,$26.74B,$1.40B,5.23%,$26.74B,$1.40B,5.23%,$26.74B,$-2.18B,-8.15%,$26.74B,$-1.83B,-6.86%,$-1.83B,$-2.73B,26.93%,$-1.83B,$-9.13B,20.26%,$-1.83B,$42.28B,-6.16%,$1.40B,$12.62B,44.09%,$7368,$5455,$1913,$0,$301,$7253,$115,$-2441,$-2326,$-324,$-2002,$-2002,$-2002,$115,$115,$280,280,$-7.21,$-6.98,$10286,$1012,$0,$14323,$19259,$0,$6397,$2299,$27955,$42278,$13806,$15353,$3159,$31203,$45009,$5,$-11296,$-2032,$-2731,$42278,$-1834,$1020,$1949,$2969,$-93,$0,$0,$-362,$-384,$675,$-2986,$0,$206,$-1034,$0,$-1034,$0,$-3814,$2208,$0,$2208,$0,$0,$0,$1591,$3799,$660,$39,$0
20,2013-09-30,18.21,$-23.61,-0.77,$94.21,0.19,$-3.92,0.0,0,0.0,$10.24B,$10.10B,1.01,$9.21B,$-7.92B,-1.16,$25.31B,$6.76B,26.71%,$25.31B,$1.33B,5.25%,$25.31B,$1.33B,5.25%,$25.31B,$1.33B,5.25%,$25.31B,$-0.16B,-0.63%,$25.31B,$0.43B,1.70%,$0.43B,$-7.92B,-5.30%,$0.43B,$-8.78B,-4.80%,$0.43B,$26.78B,1.72%,$1.33B,$1.29B,-662.34%,$6828,$4875,$1953,$0,$294,$6127,$701,$-412,$289,$0,$289,$289,$289,$701,$701,$250,289,$1.16,$1.02,$7698,$681,$522,$10241,$13472,$0,$853,$2214,$16539,$26780,$10098,$9208,$8755,$24604,$34702,$342,$-9295,$-3090,$-7922,$26780,$0,$0,$0,$0,$0,$0,$0,$0,$0,$1887,$-2373,$0,$0,$-2719,$0,$-2719,$0,$-5092,$2030,$0,$2030,$0,$0,$0,$1412,$3442,$237,$0,$0
21,2013-06-30,15.77,$-24.49,-0.64,$89.78,0.18,$-0.83,0.0,0,0.0,$9.64B,$10.67B,0.9,$8.35B,$-8.22B,-1.02,$24.91B,$6.05B,24.27%,$24.91B,$0.68B,2.72%,$24.91B,$0.68B,2.72%,$24.91B,$0.68B,2.72%,$24.91B,$-0.69B,-2.76%,$24.91B,$-0.10B,-0.39%,$-0.10B,$-8.22B,1.20%,$-0.10B,$-9.08B,1.08%,$-0.10B,$26.22B,-0.39%,$0.68B,$0.14B,-91.19%,$6449,$4715,$1734,$0,$273,$5937,$512,$-292,$220,$0,$220,$220,$220,$512,$512,$250,289,$0.88,$0.79,$7073,$589,$597,$9635,$13550,$0,$859,$2172,$16581,$26216,$10669,$8354,$8707,$23763,$34432,$341,$-9584,$-3090,$-8216,$26216,$0,$0,$0,$0,$0,$0,$0,$0,$0,$1870,$-1778,$0,$0,$-2207,$0,$-2207,$0,$-3985,$1133,$0,$1133,$0,$0,$0,$1106,$2239,$124,$0,$0
22,2013-03-31,16.3,$-24.98,-0.65,$86.69,0.19,$1.97,8.27,0,0.0,$7.53B,$9.99B,0.75,$7.02B,$-8.38B,-0.84,$24.92B,$5.56B,22.33%,$24.92B,$0.31B,1.24%,$24.92B,$0.31B,1.24%,$24.92B,$0.31B,1.24%,$24.92B,$-1.15B,-4.61%,$24.92B,$-0.56B,-2.24%,$-0.56B,$-8.38B,6.81%,$-0.56B,$-9.24B,6.16%,$-0.56B,$23.85B,-2.32%,$0.31B,$-1.36B,-22.97%,$6098,$4760,$1338,$0,$290,$6027,$71,$-434,$-363,$-22,$-341,$-341,$-341,$71,$71,$249,249,$-1.37,$-1.37,$5097,$595,$590,$7525,$13305,$0,$863,$2159,$16327,$23852,$9990,$7021,$8487,$22238,$32228,$341,$-9803,$-3030,$-8376,$23852,$0,$0,$0,$0,$0,$0,$0,$0,$0,$700,$-859,$0,$0,$-229,$0,$-229,$0,$-1088,$-233,$0,$-233,$0,$0,$0,$747,$514,$126,$0,$0
23,2012-12-31,12.96,$-65.73,-0.2,$80.27,0.16,$5.12,2.53,0,0.0,$7.07B,$9.01B,0.79,$7.12B,$-7.99B,-0.89,$24.86B,$5.11B,20.56%,$24.86B,$0.15B,0.60%,$24.86B,$0.15B,0.60%,$24.86B,$0.15B,0.60%,$24.86B,$-2.45B,-9.84%,$24.86B,$-1.88B,-7.55%,$-1.88B,$-7.99B,22.73%,$-1.88B,$-8.86B,20.54%,$-1.88B,$23.51B,-7.76%,$0.15B,$-0.87B,-10.20%,$5937,$4200,$1737,$0,$0,$5893,$44,$-350,$-306,$0,$263,$263,$263,$44,$44,$249,249,$-1.14,$-1.14,$4742,$580,$0,$7072,$13402,$0,$869,$2167,$16438,$23510,$9011,$7116,$8367,$22486,$31497,$127,$-9462,$-2980,$-7987,$23510,$-1876,$1001,$2028,$3029,$-222,$0,$0,$-117,$110,$1285,$-1765,$0,$0,$194,$0,$194,$0,$-1571,$-1020,$0,$-1020,$0,$0,$0,$1503,$483,$197,$29,$0
24,2012-09-30,10.05,$-22.00,-0.46,$104.13,0.1,$0.07,137.61,0,0.0,$7.30B,$9.59B,0.76,$6.49B,$-7.38B,-0.88,$24.87B,$5.02B,20.19%,$24.87B,$-0.66B,-2.66%,$24.87B,$-0.66B,-2.66%,$24.87B,$-0.66B,-2.66%,$24.87B,$-3.23B,-13.00%,$24.87B,$-3.23B,-13.00%,$-3.23B,$-7.38B,40.25%,$-3.23B,$-8.25B,36.26%,$-3.23B,$23.93B,-13.33%,$-0.66B,$-0.89B,49.57%,$6429,$5192,$1237,$0,$0,$6378,$51,$-289,$-238,$0,$-238,$-238,$-238,$51,$51,$335,335,$-0.71,$-0.71,$5073,$596,$474,$7303,$13620,$0,$875,$2129,$16624,$23927,$9586,$6489,$15151,$21716,$31302,$341,$-9725,$-2101,$-7375,$23927,$0,$0,$0,$0,$0,$0,$0,$0,$0,$1567,$-1095,$0,$0,$-109,$0,$-109,$0,$-1204,$-991,$0,$-991,$0,$0,$0,$853,$-138,$225,$0,$0
25,2012-06-30,12.8,$-26.75,-0.48,$103.97,0.12,$-4.01,0.0,0,0.0,$7.98B,$10.07B,0.79,$6.72B,$-8.97B,-0.75,$24.82B,$4.84B,19.48%,$24.82B,$-0.67B,-2.72%,$24.82B,$-0.67B,-2.72%,$24.82B,$-0.67B,-2.72%,$24.82B,$-3.16B,-12.72%,$24.82B,$-3.16B,-12.72%,$-3.16B,$-8.97B,42.68%,$-3.16B,$-9.85B,38.08%,$-3.16B,$24.73B,-12.92%,$-0.67B,$-2.25B,-307.06%,$6452,$5200,$1252,$0,$0,$6310,$142,$-383,$-241,$0,$-241,$-241,$-241,$142,$142,$335,335,$-0.72,$-0.72,$5752,$593,$510,$7984,$13784,$0,$881,$2077,$16742,$24726,$10066,$6716,$16835,$23628,$33694,$341,$-9487,$-3930,$-8968,$24726,$0,$0,$0,$0,$0,$0,$0,$0,$0,$1722,$-676,$0,$0,$-924,$0,$-924,$0,$-1600,$-602,$0,$-602,$0,$0,$0,$568,$-34,$88,$0,$0
26,2012-03-31,7.29,$-25.91,-0.28,$102.96,0.07,$-7.46,0.0,0,0.0,$7.78B,$9.54B,0.82,$6.89B,$-8.69B,-0.79,$24.48B,$4.48B,18.31%,$24.48B,$-0.89B,-3.65%,$24.48B,$-0.89B,-3.65%,$24.48B,$-0.89B,-3.65%,$24.48B,$-3.20B,-13.08%,$24.48B,$-3.20B,-13.08%,$-3.20B,$-8.69B,50.96%,$-3.20B,$-9.57B,44.56%,$-3.20B,$24.51B,-12.96%,$-0.89B,$-1.80B,-41.23%,$6037,$5152,$885,$0,$0,$6126,$-89,$-1571,$-1660,$0,$-1660,$-1660,$-1660,$-89,$-89,$335,335,$-4.95,$-4.95,$5590,$619,$513,$7778,$13918,$0,$887,$1928,$16733,$24511,$9543,$6891,$16686,$23654,$33197,$341,$-9246,$-3884,$-8686,$24511,$0,$0,$0,$0,$0,$0,$0,$0,$0,$1067,$-226,$0,$0,$-759,$0,$-759,$0,$-985,$-314,$0,$-314,$0,$0,$0,$324,$10,$92,$0,$0
27,2011-12-31,4.87,$-21.21,-0.23,$101.55,0.05,$-8.94,0.0,0,0.0,$6.76B,$8.63B,0.78,$6.70B,$-7.11B,-0.94,$23.98B,$4.37B,18.24%,$23.98B,$-1.04B,-4.32%,$23.98B,$-1.04B,-4.32%,$23.98B,$-1.04B,-4.32%,$23.98B,$-1.98B,-8.25%,$23.98B,$-1.98B,-8.25%,$-1.98B,$-7.11B,38.80%,$-1.98B,$-8.01B,32.91%,$-1.98B,$23.85B,-7.80%,$-1.04B,$-0.41B,-24.88%,$5956,$4308,$1648,$0,$0,$6722,$-766,$-329,$-1095,$0,$-1095,$-1095,$-1095,$-766,$-766,$125,125,$-13.19,$-13.19,$4739,$617,$499,$6757,$14306,$0,$894,$1891,$17091,$23848,$8630,$6702,$6313,$22329,$30959,$341,$-7586,$-3964,$-7111,$23848,$-1979,$1075,$1062,$2137,$-164,$0,$0,$473,$498,$743,$-1614,$0,$0,$322,$0,$322,$0,$-1292,$24,$0,$24,$0,$0,$0,$640,$664,$115,$40,$0
28,2011-09-30,5.28,$-14.42,-0.37,$70.67,0.07,$-4.12,0.0,0,0.0,$6.84B,$8.92B,0.77,$10.17B,$-4.83B,-2.1,$23.61B,$3.77B,15.98%,$23.61B,$-0.20B,-0.86%,$23.61B,$-0.20B,-0.86%,$23.61B,$-0.20B,-0.86%,$23.61B,$-1.02B,-4.31%,$23.61B,$-0.98B,-4.16%,$-0.98B,$-4.83B,22.79%,$-0.98B,$-5.75B,18.77%,$-0.98B,$24.72B,-3.82%,$-0.20B,$5.33B,-3.63%,$6376,$5326,$1050,$0,$0,$6337,$39,$-201,$-162,$0,$-162,$-162,$-162,$39,$39,$335,335,$-0.48,$-0.48,$4770,$631,$512,$6838,$15142,$0,$912,$1827,$17881,$24719,$8923,$10167,$2587,$20629,$29552,$341,$-6491,$-2783,$-4833,$24719,$0,$0,$0,$0,$0,$0,$0,$0,$0,$346,$-1242,$0,$0,$312,$0,$312,$0,$-930,$257,$0,$257,$0,$0,$0,$463,$720,$136,$0,$0
29,2011-06-30,8.56,$-13.45,-0.64,$66.66,0.13,$-2.24,0.0,0,0.0,$8.00B,$9.77B,0.82,$10.05B,$-4.51B,-2.23,$23.08B,$4.00B,17.33%,$23.08B,$0.10B,0.43%,$23.08B,$0.10B,0.43%,$23.08B,$0.10B,0.43%,$23.08B,$-0.71B,-3.09%,$23.08B,$-0.68B,-2.93%,$-0.68B,$-4.51B,16.88%,$-0.68B,$-5.43B,13.68%,$-0.68B,$25.79B,-2.62%,$0.10B,$5.54B,1.74%,$6114,$5214,$900,$0,$0,$6192,$-78,$-208,$-286,$0,$-286,$-286,$-286,$-78,$-78,$335,335,$-0.85,$-0.85,$5633,$641,$778,$7997,$15155,$0,$919,$1716,$17790,$25787,$9766,$10052,$2509,$20530,$30296,$341,$-6329,$-2613,$-4509,$25787,$0,$0,$0,$0,$0,$0,$0,$0,$0,$653,$-761,$0,$0,$-537,$0,$-537,$0,$-1298,$-1184,$0,$-1184,$1717,$1717,$0,$262,$795,$150,$0,$0
30,2011-03-31,8.36,$-11.84,-0.71,$65.45,0.13,$-0.60,0.0,0,0.0,$8.83B,$9.85B,0.9,$10.16B,$-3.95B,-2.57,$22.64B,$4.20B,18.54%,$22.64B,$0.37B,1.65%,$22.64B,$0.37B,1.65%,$22.64B,$0.37B,1.65%,$22.64B,$-0.44B,-1.93%,$22.64B,$-0.40B,-1.78%,$-0.40B,$-3.95B,10.40%,$-0.40B,$-4.87B,8.35%,$-0.40B,$27.11B,-1.55%,$0.37B,$6.21B,6.47%,$5533,$4758,$775,$0,$0,$5765,$-232,$-204,$-436,$0,$-436,$-436,$-436,$-232,$-232,$333,333,$-1.31,$-1.31,$6254,$595,$1054,$8825,$15116,$0,$925,$2247,$18288,$27113,$9853,$10156,$3127,$21209,$31062,$339,$-6043,$-2333,$-3949,$27113,$0,$0,$0,$0,$0,$0,$0,$0,$0,$708,$-365,$0,$0,$-1190,$0,$-1190,$0,$-1555,$841,$0,$841,$0,$0,$0,$124,$965,$118,$0,$0
31,2010-12-31,9.61,$-11.83,-0.81,$64.05,0.15,$-1.21,0.0,0,0.0,$6.84B,$8.78B,0.78,$9.25B,$-3.95B,-2.35,$22.17B,$4.13B,18.63%,$22.17B,$0.31B,1.39%,$22.17B,$0.31B,1.39%,$22.17B,$0.31B,1.39%,$22.17B,$-0.51B,-2.28%,$22.17B,$-0.47B,-2.12%,$-0.47B,$-3.95B,12.23%,$-0.47B,$-4.88B,9.78%,$-0.47B,$25.09B,-1.85%,$0.31B,$5.31B,5.26%,$5586,$4538,$1048,$0,$0,$5518,$68,$-201,$-133,$0,$-98,$-98,$-98,$68,$68,$333,333,$-0.29,$-0.25,$4946,$594,$560,$6838,$15082,$0,$932,$2236,$18250,$25088,$8780,$9253,$2853,$20253,$29033,$339,$-5607,$-2755,$-3945,$25088,$-471,$1093,$279,$1372,$29,$-81,$0,$354,$283,$1241,$-1958,$0,$0,$-72,$0,$-72,$0,$-2030,$-612,$0,$-612,$1,$1,$0,$1415,$804,$15,$43,$0
32,2010-09-30,8.88,$-10.93,-0.81,$64.49,0.14,$-0.81,0.0,0,0.0,$6.84B,$8.94B,0.77,$9.51B,$-3.64B,-2.61,$21.65B,$3.82B,17.64%,$21.65B,$-0.15B,-0.69%,$21.65B,$-0.15B,-0.69%,$21.65B,$-0.15B,-0.69%,$21.65B,$-0.97B,-4.49%,$21.65B,$-0.72B,-3.31%,$-0.72B,$-3.64B,19.18%,$-0.72B,$-4.61B,15.20%,$-0.72B,$25.36B,-2.81%,$-0.15B,$5.87B,-2.38%,$5842,$4567,$1275,$0,$0,$5500,$342,$-199,$143,$0,$143,$143,$143,$342,$342,$333,389,$0.43,$0.39,$5004,$575,$369,$6837,$15296,$0,$967,$2257,$18520,$25357,$8939,$9513,$3139,$20061,$29000,$339,$-5509,$-2540,$-3643,$25357,$0,$0,$0,$0,$0,$0,$0,$0,$0,$1090,$-1400,$0,$0,$-96,$0,$-96,$0,$-1496,$-447,$0,$-447,$0,$0,$0,$902,$455,$49,$0,$0
33,2010-06-30,8.27,$-11.80,-0.7,$67.47,0.12,$-0.59,0.0,0,0.0,$7.34B,$9.36B,0.79,$9.67B,$-3.93B,-2.46,$20.93B,$3.37B,16.09%,$20.93B,$-0.69B,-3.28%,$20.93B,$-0.69B,-3.28%,$20.93B,$-0.69B,-3.28%,$20.93B,$-1.50B,-7.18%,$20.93B,$-1.22B,-5.82%,$-1.22B,$-3.93B,34.41%,$-1.22B,$-4.90B,26.79%,$-1.22B,$25.89B,-4.75%,$-0.69B,$5.74B,-10.18%,$5674,$4575,$1099,$0,$0,$5478,$196,$-207,$-11,$0,$-11,$-11,$-11,$196,$196,$333,333,$-0.03,$-0.03,$5545,$569,$320,$7344,$15267,$0,$974,$2300,$18541,$25885,$9359,$9668,$3190,$20456,$29815,$339,$-5652,$-2674,$-3930,$25885,$0,$0,$0,$0,$0,$0,$0,$0,$0,$1173,$-732,$0,$0,$-642,$0,$-642,$0,$-1374,$-228,$0,$-228,$0,$0,$0,$473,$245,$44,$0,$0
34,2010-03-31,7.06,$-11.70,-0.6,$67.89,0.1,$-0.69,0.0,0,0.0,$6.83B,$8.24B,0.83,$10.42B,$-3.89B,-2.68,$20.15B,$3.02B,14.98%,$20.15B,$-1.11B,-5.50%,$20.15B,$-1.11B,-5.50%,$20.15B,$-1.11B,-5.50%,$20.15B,$-1.88B,-9.34%,$20.15B,$-1.60B,-7.93%,$-1.60B,$-3.89B,48.28%,$-1.60B,$-4.87B,36.74%,$-1.60B,$25.53B,-6.34%,$-1.11B,$6.53B,-16.36%,$5068,$4360,$708,$0,$0,$5366,$-298,$-207,$-505,$0,$-505,$-505,$-505,$-298,$-298,$333,333,$-1.52,$-1.52,$5006,$552,$434,$6834,$15393,$0,$981,$2317,$18691,$25525,$8241,$10420,$3225,$21176,$29417,$339,$-5641,$-2635,$-3892,$25525,$0,$0,$0,$0,$0,$0,$0,$0,$0,$456,$-317,$0,$0,$-111,$0,$-111,$0,$-428,$-154,$0,$-154,$1,$1,$0,$161,$8,$36,$0,$0
35,2009-12-31,4.65,$-10.49,-0.44,$70.01,0.07,$-0.06,0.0,0,0.0,$6.64B,$7.73B,0.86,$10.58B,$-3.49B,-3.03,$19.92B,$3.08B,15.46%,$19.92B,$-1.00B,-5.04%,$19.92B,$-1.00B,-5.04%,$19.92B,$-1.00B,-5.04%,$19.92B,$-1.75B,-8.80%,$19.92B,$-1.47B,-7.37%,$-1.47B,$-3.49B,47.14%,$-1.47B,$-4.48B,35.09%,$-1.47B,$25.44B,-5.88%,$-1.00B,$7.09B,-15.27%,$5062,$4325,$737,$0,$0,$5452,$-390,$-208,$-598,$-254,$-344,$-344,$-344,$-390,$-390,$294,294,$-0.99,$-0.99,$4859,$557,$458,$6642,$15476,$0,$988,$2332,$18796,$25438,$7728,$10583,$2947,$21199,$28927,$339,$-5136,$-2724,$-3489,$25438,$-1468,$1104,$889,$1993,$43,$-79,$0,$504,$393,$930,$-1445,$0,$0,$-1331,$0,$-1331,$53,$-2723,$574,$0,$574,$413,$413,$0,$768,$1755,$-38,$61,$0
36,2009-09-30,4.51,$-8.60,-0.52,$73.91,0.06,$-5.22,0.0,0,0.0,$6.45B,$7.90B,0.82,$10.46B,$-2.86B,-3.66,$20.32B,$3.20B,15.76%,$20.32B,$-0.81B,-3.99%,$20.32B,$-0.81B,-3.99%,$20.32B,$-0.81B,-3.99%,$20.32B,$-1.50B,-7.39%,$20.32B,$-1.47B,-7.24%,$-1.47B,$-2.86B,49.43%,$-1.47B,$-3.95B,36.09%,$-1.47B,$25.75B,-5.91%,$-0.81B,$7.60B,-12.82%,$5127,$4303,$824,$0,$0,$5321,$-194,$-195,$-389,$-30,$-359,$-359,$-359,$-194,$-194,$285,285,$-1.26,$-1.26,$4571,$546,$522,$6453,$15596,$0,$1091,$2614,$19301,$25754,$7901,$10461,$3246,$20712,$28613,$335,$-4792,$-2396,$-2859,$25754,$0,$0,$0,$0,$0,$0,$0,$0,$0,$926,$-1090,$0,$0,$-1025,$0,$-1025,$52,$-2063,$501,$0,$501,$382,$382,$0,$234,$1117,$-20,$0,$0
37,2009-06-30,2.33,$-10.72,-0.22,$79.88,0.03,$-7.25,0.0,0,0.0,$5.14B,$8.27B,0.62,$8.86B,$-3.00B,-2.96,$21.62B,$3.28B,15.16%,$21.62B,$-0.83B,-3.85%,$21.62B,$-0.83B,-3.85%,$21.62B,$-0.83B,-3.85%,$21.62B,$-1.08B,-5.00%,$21.62B,$-1.08B,-5.00%,$-1.08B,$-3.00B,53.32%,$-1.08B,$-4.10B,34.50%,$-1.08B,$24.14B,-4.29%,$-0.83B,$5.86B,-11.83%,$4889,$4140,$749,$0,$0,$5115,$-226,$-164,$-390,$0,$-390,$-390,$-390,$-226,$-226,$280,280,$-1.39,$-1.39,$3268,$535,$557,$5140,$15572,$0,$1098,$2328,$18998,$24138,$8270,$8864,$3123,$18868,$27138,$286,$-4433,$-2499,$-3000,$24138,$0,$0,$0,$0,$0,$0,$0,$0,$0,$938,$-597,$0,$0,$298,$0,$298,$47,$-252,$-687,$0,$-687,$0,$0,$0,$1,$-686,$0,$0,$0
38,2009-03-31,2.43,$-10.91,-0.22,$87.04,0.03,$-5.72,0.0,0,0.0,$5.36B,$8.91B,0.6,$8.84B,$-3.11B,-2.84,$22.91B,$3.47B,15.14%,$22.91B,$-1.90B,-8.28%,$22.91B,$-1.90B,-8.28%,$22.91B,$-1.90B,-8.28%,$22.91B,$-2.15B,-9.39%,$22.91B,$-2.15B,-9.39%,$-2.15B,$-3.11B,249.51%,$-2.15B,$-4.21B,108.96%,$-2.15B,$24.52B,-8.15%,$-1.90B,$5.73B,-22.80%,$4839,$4070,$769,$0,$0,$5033,$-194,$-181,$-375,$0,$-375,$-375,$-375,$-194,$-194,$279,279,$-1.35,$-1.35,$3326,$494,$757,$5362,$15574,$0,$1102,$2480,$19156,$24518,$8908,$8842,$3138,$18719,$27627,$285,$-4043,$-2988,$-3109,$24518,$0,$0,$0,$0,$0,$0,$0,$0,$0,$459,$-166,$0,$0,$236,$0,$236,$45,$115,$-579,$0,$-579,$0,$0,$0,$1,$-578,$-4,$0,$0
39,2008-12-31,7.42,$-10.52,-0.71,$92.57,0.08,$-5.83,0.0,0,0.0,$5.94B,$9.37B,0.63,$9.01B,$-2.94B,-3.07,$23.77B,$3.56B,14.96%,$23.77B,$-1.89B,-7.95%,$23.77B,$-1.89B,-7.95%,$23.77B,$-1.89B,-7.95%,$23.77B,$-2.12B,-8.91%,$23.77B,$-2.12B,-8.91%,$-2.12B,$-2.94B,-394.41%,$-2.12B,$-4.04B,360.82%,$-2.12B,$25.18B,-7.71%,$-1.89B,$6.07B,-19.18%,$5469,$4607,$862,$0,$0,$5665,$-196,$-151,$-347,$0,$-347,$-347,$-347,$-196,$-196,$259,259,$-1.08,$-1.08,$3566,$525,$1033,$5935,$15735,$0,$1109,$2396,$19240,$25175,$9370,$9005,$2824,$18740,$28110,$285,$-3668,$-3177,$-2935,$25175,$-2118,$1207,$1029,$2236,$217,$5,$0,$-1318,$-1517,$-1394,$-396,$0,$0,$1440,$0,$1440,$11,$1055,$-267,$0,$-267,$295,$295,$0,$354,$382,$43,$53,$0
40,2008-09-30,5.79,$3.35,1.73,$92.74,0.06,$6.51,0.89,0,0.0,$7.51B,$9.48B,0.79,$9.54B,$0.93B,10.21,$23.98B,$3.69B,15.38%,$23.98B,$-1.76B,-7.35%,$23.98B,$-1.76B,-7.35%,$23.98B,$-1.76B,-7.35%,$23.98B,$-1.89B,-7.87%,$23.98B,$-1.89B,-7.87%,$-1.89B,$0.93B,-97.57%,$-1.89B,$-0.18B,-236.22%,$-1.89B,$26.95B,-6.67%,$-1.76B,$10.47B,-15.30%,$6421,$5524,$897,$0,$0,$6637,$-216,$247,$31,$0,$31,$31,$31,$-216,$-216,$258,268,$0.12,$0.12,$5077,$670,$656,$7507,$15928,$0,$1116,$2399,$19443,$26950,$9484,$9536,$3260,$16532,$26016,$285,$-3121,$368,$934,$26950,$0,$0,$0,$0,$0,$0,$0,$0,$0,$-30,$-669,$0,$442,$11,$0,$11,$8,$-208,$-84,$0,$-84,$295,$295,$0,$152,$363,$125,$0,$0
41,2008-06-30,2.4,$6.61,0.36,$88.60,0.03,$13.97,0.17,0,0.0,$9.07B,$10.64B,0.85,$9.33B,$1.66B,5.62,$23.51B,$4.12B,17.51%,$23.51B,$-1.23B,-5.22%,$23.51B,$-1.23B,-5.22%,$23.51B,$-1.23B,-5.22%,$23.51B,$-1.74B,-7.42%,$23.51B,$-1.74B,-7.42%,$-1.74B,$1.66B,-91.38%,$-1.74B,$0.54B,-229.17%,$-1.74B,$28.93B,-6.02%,$-1.23B,$10.99B,-10.45%,$6179,$5239,$940,$0,$0,$7469,$-1290,$-171,$-1461,$0,$-1461,$-1461,$-1461,$-1290,$-1290,$251,251,$-5.83,$-5.83,$5503,$702,$1701,$9072,$15982,$0,$1123,$2748,$19853,$28925,$10640,$9331,$3624,$16625,$27265,$257,$-3166,$1445,$1660,$28925,$0,$0,$0,$0,$0,$0,$0,$0,$0,$1154,$-464,$0,$0,$-401,$0,$-401,$8,$-857,$-158,$0,$-158,$0,$0,$0,$0,$-158,$139,$0,$0
42,2008-03-31,8.56,$9.98,0.86,$83.65,0.1,$15.91,0.54,0,0.0,$7.51B,$9.57B,0.79,$9.38B,$2.49B,3.77,$23.21B,$4.62B,19.91%,$23.21B,$0.53B,2.28%,$23.21B,$0.53B,2.28%,$23.21B,$0.53B,2.28%,$23.21B,$0.03B,0.15%,$23.21B,$0.03B,0.15%,$0.03B,$2.49B,2.07%,$0.03B,$1.34B,6.99%,$0.03B,$28.77B,0.12%,$0.53B,$11.86B,4.43%,$5697,$4841,$856,$0,$0,$5884,$-187,$-154,$-341,$0,$-341,$-341,$-341,$-187,$-187,$249,249,$-1.37,$-1.37,$4945,$637,$822,$7513,$17345,$0,$1148,$2760,$21253,$28766,$9572,$9375,$3673,$16705,$26277,$255,$-1718,$823,$2489,$28766,$0,$0,$0,$0,$0,$0,$0,$0,$0,$449,$-215,$0,$0,$73,$0,$73,$1,$-141,$-254,$0,$-254,$0,$0,$0,$1,$-253,$55,$0,$0
43,2007-12-31,14.13,$10.65,1.33,$78.98,0.18,$17.43,0.81,0,0.0,$7.23B,$8.48B,0.85,$10.09B,$2.66B,3.8,$22.94B,$5.01B,21.83%,$22.94B,$0.97B,4.21%,$22.94B,$0.97B,4.21%,$22.94B,$0.97B,4.21%,$22.94B,$0.46B,1.99%,$22.94B,$0.46B,1.99%,$0.46B,$2.66B,42.21%,$0.46B,$1.50B,-556.10%,$0.46B,$28.57B,1.54%,$0.97B,$12.75B,8.10%,$5683,$4687,$996,$0,$0,$5752,$-69,$-48,$-117,$0,$-117,$-117,$-117,$-69,$-69,$245,267,$-0.47,$-0.28,$4963,$601,$638,$7229,$17394,$0,$1156,$2792,$21342,$28571,$8483,$10093,$3398,$17431,$25914,$255,$-1390,$670,$2657,$28571,$456,$1202,$-15,$1187,$-41,$-128,$0,$205,$284,$1935,$-486,$0,$0,$247,$0,$247,$5,$-234,$-2321,$0,$-2321,$587,$587,$0,$59,$-1675,$26,$133,$0
44,2007-09-30,25.21,$3.32,7.58,$78.14,0.32,$17.53,1.44,0,0.0,$8.06B,$9.24B,0.87,$10.53B,$0.83B,12.73,$22.65B,$5.17B,22.83%,$22.65B,$1.22B,5.38%,$22.65B,$1.22B,5.38%,$22.65B,$1.22B,5.38%,$22.65B,$0.59B,2.60%,$22.65B,$0.59B,2.60%,$0.59B,$0.83B,223.06%,$0.59B,$-0.34B,-65.52%,$0.59B,$29.60B,1.98%,$1.22B,$11.36B,10.52%,$5946,$4623,$1323,$0,$0,$5627,$319,$-144,$175,$0,$175,$175,$175,$319,$319,$249,300,$0.70,$0.61,$5837,$556,$503,$8062,$17553,$0,$1163,$2821,$21537,$29599,$9236,$10528,$3772,$19535,$28771,$255,$-1321,$-1210,$828,$29599,$0,$0,$0,$0,$0,$0,$0,$0,$0,$1945,$-488,$0,$0,$-614,$0,$-614,$7,$-1095,$-1456,$0,$-1456,$585,$585,$0,$61,$-810,$40,$0,$0
45,2007-06-30,29.07,$2.46,11.81,$82.99,0.35,$18.54,1.57,0,0.0,$8.59B,$9.39B,0.91,$11.24B,$0.61B,18.43,$22.55B,$5.09B,22.57%,$22.55B,$1.18B,5.25%,$22.55B,$1.18B,5.25%,$22.55B,$1.18B,5.25%,$22.55B,$0.43B,1.91%,$22.55B,$0.43B,1.91%,$0.43B,$0.61B,-605.63%,$0.43B,$-0.56B,-34.71%,$0.43B,$30.41B,1.44%,$1.18B,$11.85B,10.10%,$5879,$4433,$1446,$0,$0,$5412,$467,$-150,$317,$0,$317,$317,$317,$467,$467,$246,299,$1.28,$1.08,$6370,$532,$467,$8588,$17700,$0,$1170,$2952,$21822,$30410,$9393,$11242,$3822,$20407,$29800,$254,$-1496,$-1219,$610,$30410,$0,$0,$0,$0,$0,$0,$0,$0,$0,$1743,$-341,$0,$0,$-1093,$0,$-1093,$5,$-1429,$-862,$0,$-862,$583,$583,$0,$59,$-220,$94,$0,$0
46,2007-03-31,43.68,$0.94,46.49,$86.13,0.51,$19.12,2.28,0,0.0,$7.83B,$8.96B,0.87,$11.47B,$0.23B,50.76,$22.65B,$5.10B,22.50%,$22.65B,$1.19B,5.27%,$22.65B,$1.19B,5.27%,$22.65B,$1.19B,5.27%,$22.65B,$0.40B,1.78%,$22.65B,$0.40B,1.78%,$0.40B,$0.23B,-115.26%,$0.40B,$-0.93B,-26.56%,$0.40B,$29.88B,1.35%,$1.19B,$11.70B,10.05%,$5427,$4185,$1242,$0,$0,$5179,$248,$-167,$81,$0,$81,$81,$81,$248,$248,$236,298,$0.35,$0.30,$5854,$503,$352,$7833,$17822,$0,$1160,$3069,$22051,$29884,$8958,$11471,$3863,$20700,$29658,$246,$-1813,$-1219,$226,$29884,$0,$0,$0,$0,$0,$0,$0,$0,$0,$902,$-169,$0,$0,$-647,$0,$-647,$-2,$-818,$-646,$0,$-646,$544,$544,$0,$42,$-60,$24,$0,$0
47,2006-12-31,51.72,$-2.73,-18.96,$96.65,0.54,$20.37,2.54,0,0.0,$6.90B,$8.51B,0.81,$12.04B,$-0.61B,-19.87,$22.56B,$4.90B,21.73%,$22.56B,$1.06B,4.70%,$22.56B,$1.06B,4.70%,$22.56B,$1.06B,4.70%,$22.56B,$0.23B,1.02%,$22.56B,$0.23B,1.02%,$0.23B,$-0.61B,-31.86%,$0.23B,$-1.77B,-12.14%,$0.23B,$29.15B,0.77%,$1.06B,$11.44B,8.89%,$5397,$4237,$1160,$0,$0,$5212,$185,$-168,$17,$0,$17,$17,$17,$185,$185,$205,264,$0.11,$0.27,$5183,$506,$225,$6902,$17941,$0,$1167,$3135,$22243,$29145,$8505,$12041,$3492,$21246,$29751,$228,$-1894,$-1291,$-606,$29145,$231,$1157,$101,$1258,$3,$-7,$0,$550,$416,$1939,$-481,$0,$0,$-876,$0,$-876,$-8,$-1365,$-1366,$0,$-1366,$630,$630,$0,$145,$-591,$-17,$142,$0
