,Date,Stock Price,Book Value per Share,Price to Book Ratio,TTM Sales per Share,Price to Sales Ratio,TTM FCF per Share,Price to FCF Ratio,TTM Net EPS,PE Ratio,Current Assets,Current Liabilities,Current Ratio,Long Term Debt,Shareholder's Equity_x,Debt to Equity Ratio,TTM Revenue_x,TTM Gross Profit,Gross Margin,TTM Revenue_y,TTM Operating Income,Operating Margin,TTM Revenue_x,TTM EBIT,EBIT Margin,TTM Revenue_y,TTM EBITDA,EBITDA Margin,TTM Revenue_x,TTM Pre-Tax Income,Pre-Tax Margin,TTM Revenue_y,TTM Net Income_x,Net Margin,TTM Net Income_y,Shareholder's Equity_y,Return on Equity,TTM Net Income_x,Tangible Equity,Return on Tangible Equity,TTM Net Income_y,Total Assets,Return on Assets,TTM Net Income,LT Investments & Debt,Return on Investment,revenue,cost-goods-sold,gross-profit,research-development-expenses,selling-general-administrative-expenses,operating-expenses,operating-income,total-non-operating-income-expense,pre-tax-income,total-provision-income-taxes,income-after-taxes,income-from-continuous-operations,net-income,ebitda,ebit,basic-shares-outstanding,shares-outstanding,eps-basic-net-earnings-per-share,eps-earnings-per-share-diluted,cash-on-hand,inventory,other-current-assets,total-current-assets,net-property-plant-equipment,long-term-investments,goodwill-intangible-assets-total,other-long-term-assets,total-long-term-assets,total-assets,total-current-liabilities,long-term-debt,other-non-current-liabilities,total-long-term-liabilities,total-liabilities,common-stock-net,retained-earnings-accumulated-deficit,comprehensive-income,total-share-holder-equity,total-liabilities-share-holders-equity,net-income-loss,total-depreciation-amortization-cash-flow,other-non-cash-items,total-non-cash-items,change-in-accounts-receivable,change-in-inventories,change-in-accounts-payable,change-in-assets-liabilities,total-change-in-assets-liabilities,cash-flow-from-operating-activities,net-change-in-property-plant-equipment,net-change-in-intangible-assets,net-acquisitions-divestitures,net-change-in-short-term-investments,net-change-in-long-term-investments,net-change-in-investments-total,investing-activities-other,cash-flow-from-investing-activities,net-long-term-debt,net-current-debt,debt-issuance-retirement-net-total,net-common-equity-issued-repurchased,net-total-equity-issued-repurchased,total-common-preferred-stock-dividends-paid,financial-activities-other,cash-flow-from-financial-activities,net-cash-flow,stock-based-compensation,common-stock-dividends-paid
0,2018-09-30,68.43,$7.87,8.7,$7.10,9.63,$1.09,62.61,$0.35,195.51,$0.52B,$0.14B,3.71,$0.00B,$0.46B,0.0,$0.40B,$0.26B,64.00%,$0.40B,$0.03B,7.75%,$0.40B,$0.03B,7.75%,$0.40B,$0.04B,10.25%,$0.40B,$0.03B,8.00%,$0.40B,$0.03B,6.25%,$0.03B,$0.46B,7.84%,$0.03B,$0.42B,8.90%,$0.03B,$0.68B,4.87%,$0.03B,$0.46B,9.71%,$105,$39,$66,$22,$40,$101,$4,$1,$5,$-0,$6,$6,$6,$7,$4,$58,60,$0.10,$0.10,$325,$39,$13,$524,$36,$0,$42,$23,$157,$682,$142,$0,$11,$81,$222,$0,$169,$-2,$460,$682,$27,$8,$15,$24,$-51,$9,$0,$20,$-18,$33,$-7,$-0,$-5,$0,$6,$6,$0,$-6,$0,$0,$0,$235,$235,$0,$-13,$222,$248,$13,$0
1,2018-06-30,63.18,$7.70,8.2,$7.03,8.99,$0.39,164.06,$0.36,175.5,$0.49B,$0.12B,4.03,$0.00B,$0.45B,0.0,$0.39B,$0.24B,62.34%,$0.39B,$0.03B,6.75%,$0.39B,$0.03B,6.75%,$0.39B,$0.04B,9.35%,$0.39B,$0.03B,7.27%,$0.39B,$0.02B,4.94%,$0.02B,$0.45B,7.75%,$0.02B,$0.40B,9.10%,$0.02B,$0.64B,4.47%,$0.03B,$0.45B,10.58%,$99,$36,$63,$19,$39,$94,$5,$-0,$5,$-3,$8,$8,$8,$8,$5,$56,57,$0.15,$0.15,$312,$44,$10,$487,$35,$0,$45,$23,$155,$642,$121,$0,$11,$73,$194,$0,$164,$-2,$449,$642,$21,$5,$9,$15,$-25,$5,$0,$3,$-20,$16,$-5,$-0,$-5,$0,$3,$3,$0,$-7,$0,$0,$0,$235,$235,$0,$-11,$223,$232,$9,$0
2,2018-03-31,39.31,$3.74,10.51,$6.77,5.81,$-0.15,0.0,$0.25,157.24,$0.26B,$0.13B,2.01,$0.00B,$0.20B,0.01,$0.37B,$0.22B,60.93%,$0.37B,$0.02B,6.01%,$0.37B,$0.02B,6.01%,$0.37B,$0.03B,8.47%,$0.37B,$0.03B,7.10%,$0.37B,$0.01B,3.55%,$0.01B,$0.20B,7.48%,$0.01B,$0.17B,9.25%,$0.01B,$0.39B,3.78%,$0.02B,$0.20B,12.63%,$101,$37,$64,$15,$36,$88,$14,$1,$15,$2,$13,$13,$13,$16,$14,$53,55,$0.24,$0.24,$97,$43,$9,$259,$31,$0,$32,$22,$134,$393,$129,$2,$5,$65,$194,$0,$155,$-2,$199,$393,$13,$2,$6,$8,$-17,$2,$0,$5,$-3,$18,$-1,$-0,$0,$0,$2,$2,$0,$1,$0,$-0,$-0,$0,$0,$0,$-4,$-3,$16,$4,$0
3,2017-12-31,26.5,$3.16,8.38,$6.39,4.15,$-0.63,0.0,$0.10,265.0,$0.21B,$0.11B,1.9,$0.00B,$0.17B,0.0,$0.34B,$0.21B,60.47%,$0.34B,$0.01B,3.78%,$0.34B,$0.01B,3.78%,$0.34B,$0.02B,6.40%,$0.34B,$0.02B,4.94%,$0.34B,$0.01B,1.45%,$0.01B,$0.17B,3.06%,$0.01B,$0.13B,3.85%,$0.01B,$0.34B,1.56%,$0.01B,$0.17B,7.96%,$95,$32,$63,$16,$40,$87,$8,$-1,$7,$9,$-2,$-2,$-2,$10,$8,$53,54,$-0.04,$-0.04,$82,$45,$0,$205,$31,$0,$34,$15,$133,$338,$108,$0,$8,$63,$171,$0,$123,$-1,$167,$338,$5,$9,$19,$28,$-35,$-12,$0,$32,$-15,$18,$-10,$-1,$-11,$0,$41,$41,$0,$19,$-0,$0,$-0,$1,$1,$0,$-5,$-4,$34,$18,$0
4,2017-09-30,22.67,$3.14,7.21,$6.17,3.68,$-0.54,0.0,$0.26,87.19,$0.19B,$0.10B,1.89,$0.00B,$0.17B,0.0,$0.33B,$0.20B,58.91%,$0.33B,$0.01B,4.23%,$0.33B,$0.01B,4.23%,$0.33B,$0.02B,6.65%,$0.33B,$0.02B,6.04%,$0.33B,$0.01B,3.93%,$0.01B,$0.17B,8.16%,$0.01B,$0.13B,10.20%,$0.01B,$0.33B,4.26%,$0.01B,$0.17B,8.79%,$90,$40,$50,$14,$36,$91,$-1,$1,$1,$0,$0,$0,$0,$2,$-1,$53,54,$0.01,$0.01,$62,$53,$0,$189,$31,$0,$36,$17,$139,$328,$100,$0,$10,$61,$162,$0,$125,$-1,$166,$328,$7,$6,$7,$13,$-26,$-19,$0,$15,$-27,$-6,$-9,$-0,$-11,$0,$30,$30,$0,$10,$0,$0,$0,$1,$1,$0,$-3,$-2,$3,$7,$0
5,2017-06-30,25.14,$3.10,8.12,$5.84,4.3,$0.09,282.79,$0.32,78.56,$0.19B,$0.10B,2.01,$0.00B,$0.16B,0.0,$0.31B,$0.19B,61.34%,$0.31B,$0.03B,8.31%,$0.31B,$0.03B,8.31%,$0.31B,$0.03B,10.22%,$0.31B,$0.03B,9.58%,$0.31B,$0.02B,5.43%,$0.02B,$0.16B,11.11%,$0.02B,$0.13B,13.47%,$0.02B,$0.32B,5.93%,$0.03B,$0.16B,16.99%,$80,$34,$46,$13,$32,$79,$1,$2,$3,$0,$2,$2,$2,$3,$1,$53,54,$0.04,$0.04,$62,$61,$0,$191,$30,$0,$33,$15,$125,$316,$95,$0,$10,$58,$153,$0,$125,$0,$163,$316,$7,$4,$6,$10,$-16,$-26,$0,$5,$-29,$-12,$-6,$-0,$-6,$0,$14,$14,$0,$2,$0,$0,$0,$1,$1,$0,$-3,$-1,$-13,$7,$0
6,2017-03-31,22.79,$2.99,7.62,$5.46,4.17,$0.59,38.95,$0.35,65.11,$0.18B,$0.09B,1.99,$0.00B,$0.16B,0.0,$0.29B,$0.18B,62.67%,$0.29B,$0.03B,10.62%,$0.29B,$0.03B,10.62%,$0.29B,$0.04B,12.67%,$0.29B,$0.03B,11.30%,$0.29B,$0.02B,6.51%,$0.02B,$0.16B,13.04%,$0.02B,$0.12B,15.45%,$0.02B,$0.30B,7.18%,$0.03B,$0.16B,21.27%,$79,$31,$49,$12,$31,$74,$5,$0,$6,$1,$5,$5,$5,$7,$5,$52,54,$0.09,$0.09,$72,$49,$0,$180,$26,$0,$33,$15,$119,$300,$90,$0,$10,$52,$142,$0,$123,$1,$157,$300,$5,$2,$2,$4,$-12,$-14,$0,$4,$-15,$-7,$-2,$-0,$-6,$0,$19,$19,$0,$10,$0,$-0,$-0,$0,$0,$0,$-2,$-2,$1,$3,$0
7,2016-12-31,24.24,$2.88,8.41,$5.00,4.85,$0.86,28.23,$0.32,75.75,$0.18B,$0.08B,2.27,$0.00B,$0.15B,0.0,$0.27B,$0.17B,63.57%,$0.27B,$0.03B,11.52%,$0.27B,$0.03B,11.52%,$0.27B,$0.04B,13.38%,$0.27B,$0.03B,11.90%,$0.27B,$0.02B,6.32%,$0.02B,$0.15B,11.74%,$0.02B,$0.13B,13.47%,$0.02B,$0.28B,6.83%,$0.03B,$0.15B,21.42%,$82,$32,$50,$10,$31,$73,$9,$0,$10,$3,$6,$6,$6,$10,$9,$53,54,$0.13,$0.12,$89,$35,$0,$177,$24,$0,$26,$14,$101,$278,$78,$0,$9,$49,$127,$0,$118,$1,$151,$278,$17,$5,$4,$9,$-28,$-19,$0,$21,$-8,$18,$-5,$-3,$-4,$0,$9,$9,$0,$-3,$-0,$-0,$-0,$-33,$-33,$0,$-1,$-35,$-19,$4,$0
8,2016-09-30,28.61,$2.71,10.58,$4.49,6.37,$1.36,21.09,$0.29,98.66,$0.17B,$0.07B,2.49,$0.00B,$0.14B,0.0,$0.24B,$0.16B,65.02%,$0.24B,$0.03B,12.76%,$0.24B,$0.03B,12.76%,$0.24B,$0.04B,14.81%,$0.24B,$0.03B,12.76%,$0.24B,$0.02B,6.58%,$0.02B,$0.14B,10.94%,$0.02B,$0.13B,12.31%,$0.02B,$0.25B,6.75%,$0.03B,$0.14B,21.20%,$72,$25,$47,$7,$28,$61,$11,$-0,$11,$7,$4,$4,$4,$12,$11,$52,53,$0.07,$0.07,$96,$26,$0,$168,$23,$6,$16,$22,$84,$252,$68,$0,$7,$43,$111,$0,$112,$0,$141,$252,$11,$4,$3,$8,$-14,$-11,$0,$16,$3,$22,$-3,$-0,$0,$0,$6,$6,$0,$2,$-0,$-0,$-0,$-33,$-33,$0,$-0,$-34,$-9,$7,$0
9,2016-06-30,24.88,$2.58,9.66,$4.06,6.12,$1.49,16.7,$0.25,99.52,$0.15B,$0.05B,2.95,$0.00B,$0.13B,0.0,$0.22B,$0.14B,64.25%,$0.22B,$0.03B,12.22%,$0.22B,$0.03B,12.22%,$0.22B,$0.03B,14.48%,$0.22B,$0.03B,12.22%,$0.22B,$0.01B,6.33%,$0.01B,$0.13B,9.44%,$0.01B,$0.12B,10.63%,$0.01B,$0.23B,6.16%,$0.03B,$0.13B,18.15%,$59,$21,$37,$7,$24,$53,$6,$-0,$6,$2,$4,$4,$4,$8,$6,$52,53,$0.07,$0.07,$87,$22,$0,$154,$22,$5,$16,$16,$75,$229,$52,$0,$7,$42,$94,$0,$108,$0,$134,$229,$7,$3,$3,$6,$-3,$-7,$0,$2,$-3,$10,$-2,$-0,$0,$0,$4,$4,$0,$2,$-0,$-0,$-0,$-34,$-34,$0,$-1,$-35,$-22,$5,$0
10,2016-03-31,19.63,$2.87,6.84,$3.81,5.15,$1.50,13.09,$0.29,67.69,$0.16B,$0.05B,3.4,$0.00B,$0.15B,0.0,$0.21B,$0.14B,65.07%,$0.21B,$0.03B,14.35%,$0.21B,$0.03B,14.35%,$0.21B,$0.04B,16.75%,$0.21B,$0.03B,14.35%,$0.21B,$0.02B,7.66%,$0.02B,$0.15B,10.44%,$0.02B,$0.14B,11.68%,$0.02B,$0.24B,7.17%,$0.03B,$0.15B,19.48%,$56,$19,$37,$7,$25,$50,$5,$0,$5,$2,$3,$3,$3,$6,$5,$54,55,$0.06,$0.06,$104,$20,$0,$164,$22,$10,$17,$9,$73,$237,$48,$0,$4,$35,$84,$0,$104,$0,$153,$237,$3,$1,$2,$3,$-2,$-4,$0,$1,$0,$7,$-1,$-0,$0,$0,$-2,$-2,$0,$-4,$-0,$-0,$-0,$-9,$-9,$0,$-1,$-10,$-6,$2,$0
11,2015-12-31,17.29,$2.92,5.91,$3.62,4.78,$1.62,10.65,$0.36,48.03,$0.16B,$0.04B,4.23,$0.00B,$0.16B,0.0,$0.20B,$0.13B,65.15%,$0.20B,$0.04B,18.18%,$0.20B,$0.04B,18.18%,$0.20B,$0.04B,20.71%,$0.20B,$0.04B,18.18%,$0.20B,$0.02B,10.10%,$0.02B,$0.16B,13.33%,$0.02B,$0.14B,14.65%,$0.02B,$0.23B,9.40%,$0.04B,$0.16B,23.88%,$56,$19,$37,$7,$22,$48,$9,$0,$9,$3,$5,$5,$5,$10,$9,$54,55,$0.09,$0.09,$110,$16,$0,$161,$22,$9,$17,$6,$68,$230,$38,$0,$5,$35,$73,$0,$101,$0,$157,$230,$20,$5,$1,$6,$3,$3,$0,$8,$20,$46,$-6,$-1,$-11,$0,$-18,$-18,$0,$-36,$-0,$0,$-0,$-5,$-5,$0,$6,$1,$11,$8,$0
12,2015-09-30,22.03,$2.79,7.9,$3.45,6.38,$1.49,14.81,$0.36,61.18,$0.15B,$0.03B,4.55,$0.00B,$0.15B,0.01,$0.19B,$0.12B,62.96%,$0.19B,$0.04B,19.05%,$0.19B,$0.04B,19.05%,$0.19B,$0.04B,21.69%,$0.19B,$0.04B,19.05%,$0.19B,$0.02B,10.58%,$0.02B,$0.15B,13.99%,$0.02B,$0.13B,15.09%,$0.02B,$0.21B,9.93%,$0.04B,$0.15B,25.04%,$50,$19,$31,$7,$18,$44,$7,$-0,$7,$5,$2,$2,$2,$8,$7,$54,55,$0.03,$0.03,$95,$19,$0,$150,$20,$9,$17,$6,$63,$213,$33,$1,$3,$31,$64,$0,$96,$0,$149,$213,$15,$4,$-2,$1,$8,$-0,$0,$5,$14,$30,$-4,$-0,$-11,$0,$-18,$-18,$0,$-33,$-0,$-0,$-0,$-5,$-5,$0,$5,$0,$-2,$5,$0
13,2015-06-30,33.31,$2.86,11.66,$3.36,9.92,$1.39,24.04,$0.47,70.87,$0.15B,$0.03B,4.77,$0.00B,$0.15B,0.01,$0.18B,$0.12B,63.93%,$0.18B,$0.04B,22.95%,$0.18B,$0.04B,22.95%,$0.18B,$0.05B,25.68%,$0.18B,$0.04B,22.40%,$0.18B,$0.03B,14.21%,$0.03B,$0.15B,19.22%,$0.03B,$0.14B,20.35%,$0.03B,$0.21B,13.74%,$0.04B,$0.16B,31.00%,$47,$16,$31,$6,$15,$37,$9,$0,$9,$3,$6,$6,$6,$11,$9,$54,55,$0.11,$0.11,$87,$24,$0,$151,$18,$12,$15,$5,$61,$212,$32,$1,$3,$27,$58,$0,$94,$0,$154,$212,$13,$2,$-4,$-1,$6,$-5,$0,$-5,$-1,$11,$-2,$-0,$-8,$0,$-17,$-17,$0,$-27,$-0,$0,$-0,$3,$3,$0,$6,$8,$-8,$3,$0
14,2015-03-31,24.11,$2.62,9.19,$3.18,7.57,$1.30,18.49,$0.43,56.07,$0.14B,$0.03B,4.75,$0.00B,$0.14B,0.0,$0.17B,$0.11B,63.01%,$0.17B,$0.04B,22.54%,$0.17B,$0.04B,22.54%,$0.17B,$0.04B,25.43%,$0.17B,$0.04B,21.97%,$0.17B,$0.02B,13.87%,$0.02B,$0.14B,19.32%,$0.02B,$0.14B,20.13%,$0.02B,$0.20B,13.83%,$0.04B,$0.14B,31.33%,$45,$15,$30,$5,$15,$34,$11,$-0,$11,$3,$7,$7,$7,$12,$11,$53,55,$0.14,$0.13,$90,$23,$0,$143,$17,$15,$5,$4,$53,$196,$30,$0,$3,$26,$56,$0,$88,$0,$140,$196,$7,$1,$-0,$1,$10,$-4,$0,$-0,$5,$13,$-0,$-0,$0,$0,$-16,$-16,$0,$-17,$-0,$0,$-0,$1,$1,$0,$1,$2,$-2,$2,$0
15,2014-12-31,26.48,$2.44,10.87,$3.02,8.77,$1.14,23.29,$0.36,73.56,$0.14B,$0.03B,4.21,$0.00B,$0.13B,0.0,$0.16B,$0.10B,61.59%,$0.16B,$0.03B,20.12%,$0.16B,$0.03B,20.12%,$0.16B,$0.04B,23.17%,$0.16B,$0.03B,19.51%,$0.16B,$0.02B,12.20%,$0.02B,$0.13B,16.63%,$0.02B,$0.12B,17.39%,$0.02B,$0.19B,12.07%,$0.03B,$0.13B,27.39%,$47,$19,$27,$4,$14,$38,$9,$-0,$9,$4,$5,$5,$5,$10,$9,$53,55,$0.11,$0.10,$81,$18,$0,$135,$18,$9,$5,$3,$51,$185,$32,$0,$3,$24,$56,$0,$81,$0,$129,$185,$20,$5,$2,$7,$-8,$-7,$0,$14,$9,$35,$-2,$-0,$0,$0,$-22,$-22,$0,$-25,$-0,$0,$-0,$-11,$-11,$0,$7,$-5,$6,$6,$0
16,2014-09-30,15.44,$2.25,6.87,$2.90,5.33,$1.10,14.05,$0.40,38.6,$0.12B,$0.02B,5.18,$0.00B,$0.12B,0.0,$0.16B,$0.10B,63.69%,$0.16B,$0.03B,21.02%,$0.16B,$0.03B,21.02%,$0.16B,$0.04B,24.20%,$0.16B,$0.03B,20.38%,$0.16B,$0.02B,12.74%,$0.02B,$0.12B,17.39%,$0.02B,$0.11B,18.22%,$0.02B,$0.16B,12.78%,$0.03B,$0.12B,28.63%,$44,$16,$29,$4,$12,$32,$13,$-0,$12,$5,$8,$8,$8,$14,$13,$52,54,$0.14,$0.14,$68,$16,$0,$123,$18,$6,$5,$2,$41,$164,$24,$0,$2,$22,$46,$0,$76,$-0,$118,$164,$15,$4,$7,$11,$-5,$-5,$0,$8,$-3,$23,$-2,$-0,$0,$0,$-15,$-15,$0,$-17,$-0,$0,$-0,$-14,$-14,$0,$5,$-9,$-4,$4,$0
17,2014-06-30,13.3,$2.10,6.33,$2.73,4.86,$1.13,11.79,$0.36,36.94,$0.10B,$0.02B,5.04,$0.00B,$0.11B,0.0,$0.15B,$0.09B,62.84%,$0.15B,$0.03B,18.24%,$0.15B,$0.03B,18.24%,$0.15B,$0.03B,21.62%,$0.15B,$0.03B,18.24%,$0.15B,$0.02B,11.49%,$0.02B,$0.11B,15.67%,$0.02B,$0.11B,16.39%,$0.02B,$0.15B,11.53%,$0.03B,$0.11B,24.83%,$37,$14,$23,$3,$14,$31,$6,$0,$6,$2,$4,$4,$4,$8,$6,$53,55,$0.07,$0.07,$49,$15,$0,$102,$18,$11,$5,$1,$47,$149,$20,$0,$3,$19,$39,$0,$68,$0,$110,$149,$7,$3,$4,$7,$-1,$-4,$0,$-1,$-8,$6,$-1,$-0,$0,$0,$-13,$-13,$0,$-14,$-0,$0,$-0,$-12,$-12,$0,$4,$-8,$-16,$3,$0
18,2014-03-31,18.29,$2.29,7.98,$2.66,6.86,$1.26,14.54,$0.37,49.43,$0.11B,$0.02B,4.63,$0.00B,$0.12B,0.0,$0.14B,$0.09B,62.94%,$0.14B,$0.03B,19.58%,$0.14B,$0.03B,19.58%,$0.14B,$0.03B,22.38%,$0.14B,$0.03B,19.58%,$0.14B,$0.02B,11.89%,$0.02B,$0.12B,16.83%,$0.02B,$0.12B,17.62%,$0.02B,$0.17B,12.27%,$0.03B,$0.12B,27.72%,$36,$14,$22,$4,$14,$31,$5,$0,$5,$1,$3,$3,$3,$6,$5,$53,55,$0.06,$0.06,$63,$13,$0,$113,$18,$15,$5,$1,$52,$165,$24,$0,$2,$17,$41,$0,$65,$0,$124,$165,$3,$1,$2,$3,$2,$-2,$0,$-4,$-2,$4,$-1,$-0,$0,$0,$-11,$-11,$0,$-12,$-0,$0,$-0,$7,$7,$0,$4,$11,$3,$1,$0
19,2013-12-31,15.88,$2.05,7.73,$2.57,6.19,$1.27,12.5,$0.37,42.92,$0.10B,$0.02B,4.21,$0.00B,$0.11B,0.0,$0.14B,$0.09B,62.77%,$0.14B,$0.03B,20.44%,$0.14B,$0.03B,20.44%,$0.14B,$0.03B,24.09%,$0.14B,$0.03B,20.44%,$0.14B,$0.02B,12.41%,$0.02B,$0.11B,18.48%,$0.02B,$0.10B,19.26%,$0.02B,$0.15B,13.44%,$0.03B,$0.11B,30.43%,$40,$14,$26,$3,$12,$31,$9,$0,$9,$4,$5,$5,$5,$10,$9,$52,54,$0.10,$0.10,$51,$11,$0,$97,$19,$12,$6,$1,$51,$148,$23,$0,$3,$17,$40,$0,$61,$-0,$108,$148,$18,$5,$-1,$4,$-4,$-0,$0,$8,$10,$32,$-2,$-0,$-1,$0,$-20,$-20,$0,$-23,$-0,$0,$-0,$-10,$-10,$0,$6,$-3,$6,$4,$0
20,2013-09-30,14.88,$1.78,8.37,$2.41,6.17,$1.17,12.77,$0.31,48.0,$0.09B,$0.02B,4.36,$0.00B,$0.09B,0.0,$0.13B,$0.08B,61.24%,$0.13B,$0.02B,18.60%,$0.13B,$0.02B,18.60%,$0.13B,$0.03B,22.48%,$0.13B,$0.02B,18.60%,$0.13B,$0.02B,12.40%,$0.02B,$0.09B,18.44%,$0.02B,$0.09B,19.16%,$0.02B,$0.13B,13.50%,$0.02B,$0.09B,27.67%,$35,$13,$22,$2,$13,$28,$7,$0,$7,$2,$5,$5,$5,$8,$7,$51,53,$0.10,$0.10,$44,$12,$0,$90,$19,$5,$3,$0,$38,$128,$21,$0,$3,$16,$36,$0,$56,$-0,$92,$128,$13,$4,$5,$9,$-2,$-2,$0,$5,$1,$23,$-1,$-0,$0,$0,$-12,$-12,$0,$-13,$-0,$0,$-0,$-15,$-15,$0,$4,$-11,$-1,$3,$0
21,2013-06-30,8.52,$1.57,5.43,$2.29,3.71,$1.17,7.25,$0.28,30.43,$0.08B,$0.02B,3.8,$0.00B,$0.08B,0.0,$0.12B,$0.07B,60.16%,$0.12B,$0.02B,17.89%,$0.12B,$0.02B,17.89%,$0.12B,$0.03B,22.76%,$0.12B,$0.02B,17.89%,$0.12B,$0.02B,12.20%,$0.02B,$0.08B,18.13%,$0.02B,$0.08B,18.87%,$0.02B,$0.11B,13.36%,$0.02B,$0.08B,26.59%,$32,$12,$20,$2,$11,$25,$7,$0,$7,$2,$4,$4,$4,$8,$7,$51,53,$0.09,$0.08,$30,$13,$0,$76,$20,$2,$3,$0,$37,$113,$20,$0,$3,$13,$33,$0,$51,$-0,$80,$113,$8,$3,$3,$6,$1,$-2,$0,$0,$-1,$12,$-1,$-0,$0,$0,$-11,$-11,$0,$-12,$-0,$0,$-0,$-21,$-21,$0,$4,$-17,$-17,$2,$0
22,2013-03-31,7.95,$1.68,4.73,$2.20,3.62,$1.19,6.68,$0.26,30.58,$0.08B,$0.02B,4.79,$0.00B,$0.09B,0.0,$0.12B,$0.07B,59.66%,$0.12B,$0.02B,17.65%,$0.12B,$0.02B,17.65%,$0.12B,$0.03B,23.53%,$0.12B,$0.02B,17.65%,$0.12B,$0.01B,11.76%,$0.01B,$0.09B,17.18%,$0.01B,$0.09B,17.83%,$0.01B,$0.12B,12.90%,$0.02B,$0.09B,25.77%,$30,$12,$18,$2,$11,$25,$5,$-0,$5,$2,$3,$3,$3,$7,$5,$53,55,$0.06,$0.06,$39,$12,$0,$81,$21,$0,$3,$0,$37,$117,$17,$0,$3,$12,$29,$0,$46,$-0,$88,$117,$3,$1,$1,$3,$1,$-1,$0,$0,$-1,$5,$-0,$-0,$0,$0,$2,$2,$0,$1,$-0,$0,$-0,$-5,$-5,$0,$2,$-3,$2,$1,$0
23,2012-12-31,8.94,$1.65,5.4,$2.10,4.27,$1.17,7.61,$0.27,33.11,$0.08B,$0.02B,4.37,$0.00B,$0.09B,0.0,$0.12B,$0.07B,59.13%,$0.12B,$0.02B,19.13%,$0.12B,$0.02B,19.13%,$0.12B,$0.03B,25.22%,$0.12B,$0.02B,19.13%,$0.12B,$0.02B,13.04%,$0.02B,$0.09B,18.46%,$0.02B,$0.08B,19.17%,$0.02B,$0.12B,14.12%,$0.02B,$0.09B,27.08%,$32,$13,$19,$2,$12,$27,$5,$0,$5,$1,$4,$4,$4,$6,$5,$54,55,$0.07,$0.07,$38,$11,$0,$79,$22,$0,$3,$0,$37,$116,$18,$0,$3,$11,$29,$0,$43,$-0,$87,$116,$15,$7,$3,$9,$-6,$-0,$0,$4,$3,$27,$-1,$-0,$0,$0,$3,$3,$0,$2,$-0,$0,$-0,$-18,$-18,$0,$5,$-13,$15,$3,$0
24,2012-09-30,6.04,$1.46,4.14,$1.87,3.23,$0.97,6.19,$0.09,67.06,$0.06B,$0.02B,3.65,$0.00B,$0.08B,0.0,$0.10B,$0.06B,53.85%,$0.10B,$0.01B,9.62%,$0.10B,$0.01B,9.62%,$0.10B,$0.02B,17.31%,$0.10B,$0.01B,9.62%,$0.10B,$0.01B,4.81%,$0.01B,$0.08B,6.25%,$0.01B,$0.07B,6.49%,$0.01B,$0.10B,4.83%,$0.01B,$0.08B,12.50%,$29,$12,$17,$2,$10,$23,$5,$0,$5,$2,$4,$4,$4,$7,$5,$53,53,$0.07,$0.07,$29,$10,$0,$63,$23,$0,$3,$0,$39,$103,$17,$0,$2,$9,$26,$0,$39,$-0,$76,$103,$11,$5,$4,$9,$-3,$1,$0,$2,$3,$23,$-1,$-0,$0,$0,$2,$2,$0,$1,$0,$0,$0,$-19,$-19,$0,$0,$-19,$5,$2,$0
25,2012-06-30,5.24,$1.43,3.68,$1.73,3.03,$0.78,6.71,$0.04,131.0,$0.06B,$0.02B,3.87,$0.00B,$0.08B,0.0,$0.10B,$0.05B,52.53%,$0.10B,$0.01B,6.06%,$0.10B,$0.01B,6.06%,$0.10B,$0.02B,15.15%,$0.10B,$0.01B,6.06%,$0.10B,$0.00B,2.02%,$0.00B,$0.08B,2.37%,$0.00B,$0.07B,2.45%,$0.00B,$0.10B,1.87%,$0.01B,$0.08B,7.10%,$28,$12,$17,$2,$8,$22,$6,$0,$6,$3,$3,$3,$3,$8,$6,$55,55,$0.06,$0.06,$23,$10,$0,$57,$24,$0,$3,$0,$40,$98,$15,$0,$2,$8,$22,$0,$35,$-0,$75,$98,$7,$3,$3,$6,$-3,$1,$0,$2,$-0,$13,$-1,$-0,$0,$0,$-0,$-0,$0,$-1,$0,$0,$0,$-16,$-16,$0,$0,$-16,$-3,$1,$0
26,2012-03-31,4.34,$1.56,2.78,$1.57,2.76,$0.69,6.3,$-0.06,0.0,$0.07B,$0.01B,4.66,$0.00B,$0.09B,0.0,$0.09B,$0.05B,51.09%,$0.09B,$-0.01B,-5.43%,$0.09B,$-0.01B,-5.43%,$0.09B,$0.00B,4.35%,$0.09B,$-0.00B,-4.35%,$0.09B,$-0.00B,-3.26%,$-0.00B,$0.09B,-3.26%,$-0.00B,$0.08B,-3.37%,$-0.00B,$0.11B,-2.63%,$-0.01B,$0.09B,-5.43%,$26,$10,$15,$2,$9,$19,$6,$0,$6,$3,$4,$4,$4,$8,$6,$56,56,$0.07,$0.07,$30,$11,$0,$66,$26,$0,$3,$0,$42,$108,$14,$0,$2,$7,$21,$0,$32,$-0,$87,$108,$4,$2,$1,$2,$-3,$0,$0,$-0,$-2,$4,$-0,$-0,$0,$0,$-0,$-0,$0,$-1,$0,$0,$0,$0,$0,$0,$0,$0,$3,$1,$0
27,2011-12-31,5.12,$1.48,3.46,$1.48,3.46,$0.69,7.39,$-0.13,0.0,$0.06B,$0.02B,3.89,$0.00B,$0.08B,0.0,$0.09B,$0.04B,49.44%,$0.09B,$-0.01B,-12.36%,$0.09B,$-0.01B,-12.36%,$0.09B,$-0.00B,-2.25%,$0.09B,$-0.01B,-11.24%,$0.09B,$-0.01B,-7.87%,$-0.01B,$0.08B,-7.09%,$-0.01B,$0.08B,-7.33%,$-0.01B,$0.11B,-5.85%,$-0.01B,$0.08B,-11.14%,$21,$14,$7,$2,$10,$29,$-7,$-0,$-7,$-1,$-6,$-6,$-6,$-5,$-7,$59,59,$-0.10,$-0.10,$26,$11,$0,$62,$27,$0,$3,$0,$43,$105,$16,$0,$2,$7,$23,$0,$28,$-0,$82,$105,$-7,$8,$10,$18,$1,$1,$0,$-0,$6,$17,$-2,$-0,$0,$0,$-5,$-5,$0,$-8,$0,$0,$0,$-31,$-31,$0,$0,$-31,$-21,$3,$0
28,2011-09-30,4.31,$1.66,2.6,$1.49,2.9,$0.38,11.39,$-0.02,0.0,$0.07B,$0.02B,4.29,$0.00B,$0.09B,0.0,$0.09B,$0.05B,53.85%,$0.09B,$-0.00B,-4.40%,$0.09B,$-0.00B,-4.40%,$0.09B,$0.01B,5.49%,$0.09B,$-0.00B,-3.30%,$0.09B,$-0.00B,-1.10%,$-0.00B,$0.09B,-0.93%,$-0.00B,$0.09B,-0.96%,$-0.00B,$0.12B,-0.78%,$-0.00B,$0.09B,-3.71%,$24,$11,$13,$2,$9,$23,$1,$0,$1,$0,$1,$1,$1,$4,$1,$59,60,$0.02,$0.02,$31,$15,$0,$70,$30,$0,$3,$1,$48,$117,$16,$0,$3,$7,$23,$0,$34,$-0,$94,$117,$-1,$6,$7,$13,$1,$1,$0,$-1,$2,$15,$-1,$-0,$0,$0,$-6,$-6,$0,$-8,$0,$0,$0,$-25,$-25,$0,$0,$-25,$-18,$3,$0
29,2011-06-30,4.55,$1.75,2.6,$1.42,3.21,$0.06,81.83,$-0.08,0.0,$0.08B,$0.02B,5.11,$0.00B,$0.11B,0.0,$0.09B,$0.05B,52.27%,$0.09B,$-0.01B,-6.82%,$0.09B,$-0.01B,-6.82%,$0.09B,$0.00B,2.27%,$0.09B,$-0.01B,-5.68%,$0.09B,$-0.00B,-4.55%,$-0.00B,$0.11B,-3.52%,$-0.00B,$0.10B,-3.64%,$-0.00B,$0.13B,-3.03%,$-0.01B,$0.11B,-5.29%,$21,$9,$12,$3,$9,$26,$-5,$1,$-4,$-1,$-2,$-2,$-2,$-3,$-5,$61,61,$-0.04,$-0.04,$38,$16,$0,$76,$32,$0,$3,$1,$49,$126,$15,$0,$2,$6,$21,$0,$33,$-0,$105,$126,$-2,$4,$6,$10,$4,$1,$0,$-3,$1,$9,$-1,$-0,$0,$0,$-11,$-11,$0,$-12,$0,$0,$0,$-12,$-12,$0,$0,$-12,$-15,$2,$0
30,2011-03-31,4.06,$1.85,2.2,$1.38,2.95,$-0.17,0.0,$-0.06,0.0,$0.08B,$0.01B,7.0,$0.00B,$0.11B,0.0,$0.09B,$0.04B,51.16%,$0.09B,$-0.00B,-4.65%,$0.09B,$-0.00B,-4.65%,$0.09B,$0.00B,3.49%,$0.09B,$-0.00B,-4.65%,$0.09B,$-0.00B,-3.49%,$-0.00B,$0.11B,-2.56%,$-0.00B,$0.11B,-2.64%,$-0.00B,$0.13B,-2.22%,$-0.00B,$0.11B,-3.42%,$23,$11,$12,$3,$9,$23,$0,$0,$0,$0,$0,$0,$0,$2,$0,$62,63,$0.00,$0.00,$42,$16,$0,$79,$34,$0,$3,$1,$52,$131,$11,$0,$2,$6,$18,$0,$35,$-0,$114,$131,$0,$2,$1,$3,$2,$1,$0,$-2,$1,$4,$-0,$-0,$0,$0,$-10,$-10,$0,$-10,$0,$0,$0,$-5,$-5,$0,$0,$-5,$-11,$1,$0
31,2010-12-31,4.7,$1.88,2.5,$1.39,3.37,$-0.38,0.0,$-0.07,0.0,$0.08B,$0.01B,6.89,$0.00B,$0.12B,0.0,$0.09B,$0.05B,51.72%,$0.09B,$-0.01B,-5.75%,$0.09B,$-0.01B,-5.75%,$0.09B,$0.00B,2.30%,$0.09B,$-0.01B,-5.75%,$0.09B,$-0.00B,-3.45%,$-0.00B,$0.12B,-2.54%,$-0.00B,$0.11B,-2.61%,$-0.00B,$0.14B,-2.20%,$-0.01B,$0.12B,-4.23%,$23,$11,$12,$3,$9,$23,$-0,$0,$-0,$0,$-0,$-0,$-0,$2,$-0,$63,63,$0.00,$0.00,$43,$18,$0,$82,$36,$0,$3,$1,$54,$136,$12,$0,$2,$7,$19,$0,$35,$-0,$118,$136,$-4,$7,$5,$12,$2,$-4,$0,$-2,$-7,$1,$-4,$-0,$0,$0,$0,$0,$0,$-4,$0,$0,$0,$1,$1,$0,$0,$1,$-3,$4,$0
32,2010-09-30,3.88,$1.88,2.07,$1.58,2.45,$-0.39,0.0,$0.00,0.0,$0.08B,$0.01B,7.52,$0.00B,$0.12B,0.0,$0.10B,$0.06B,55.56%,$0.10B,$0.00B,2.02%,$0.10B,$0.00B,2.02%,$0.10B,$0.01B,8.08%,$0.10B,$0.00B,2.02%,$0.10B,$0.00B,1.01%,$0.00B,$0.12B,0.85%,$0.00B,$0.11B,0.87%,$0.00B,$0.14B,0.73%,$0.00B,$0.12B,1.69%,$21,$11,$10,$2,$9,$22,$-1,$0,$-1,$2,$-2,$-2,$-2,$1,$-1,$62,62,$-0.04,$-0.04,$40,$18,$0,$83,$33,$0,$3,$1,$52,$135,$11,$0,$2,$7,$18,$0,$35,$-0,$117,$135,$-4,$5,$3,$8,$2,$-4,$0,$-1,$-7,$-2,$-4,$-0,$0,$0,$0,$0,$0,$-4,$0,$0,$0,$1,$1,$0,$0,$1,$-5,$3,$0
33,2010-06-30,3.9,$1.90,2.06,$1.62,2.4,$-0.35,0.0,$-0.01,0.0,$0.08B,$0.01B,6.87,$0.00B,$0.12B,0.0,$0.10B,$0.06B,57.43%,$0.10B,$-0.00B,-1.98%,$0.10B,$-0.00B,-1.98%,$0.10B,$0.00B,2.97%,$0.10B,$-0.00B,-1.98%,$0.10B,0,0.00%,$0.00B,$0.12B,0.00%,$0.00B,$0.12B,0.00%,$0.00B,$0.14B,0.00%,$-0.00B,$0.12B,-1.71%,$19,$9,$10,$3,$10,$23,$-3,$0,$-3,$-2,$-1,$-1,$-1,$-2,$-3,$62,62,$-0.02,$-0.02,$41,$19,$0,$84,$35,$0,$3,$1,$54,$138,$12,$0,$2,$7,$19,$0,$38,$-0,$119,$138,$-2,$3,$2,$5,$4,$-5,$0,$-3,$-5,$-2,$-3,$-0,$0,$0,$0,$0,$0,$-3,$0,$0,$0,$1,$1,$0,$0,$1,$-5,$2,$0
34,2010-03-31,5.87,$1.90,3.08,$1.67,3.52,$-0.21,0.0,$0.00,0.0,$0.08B,$0.01B,8.25,$0.00B,$0.12B,0.0,$0.10B,$0.06B,59.62%,$0.10B,0,0.00%,$0.10B,0,0.00%,$0.10B,$0.00B,3.85%,$0.10B,0,0.00%,$0.10B,0,0.00%,$0.00B,$0.12B,0.00%,$0.00B,$0.12B,0.00%,$0.00B,$0.14B,0.00%,$0.00B,$0.12B,0.00%,$24,$10,$13,$4,$10,$25,$-1,$0,$-1,$-0,$-0,$-0,$-0,$1,$-1,$62,62,$-0.01,$-0.01,$37,$18,$0,$83,$40,$0,$3,$0,$53,$136,$10,$0,$2,$7,$17,$0,$39,$-0,$119,$136,$-0,$2,$1,$3,$-0,$-3,$0,$-2,$-9,$-7,$-2,$-0,$0,$0,$0,$0,$0,$-2,$0,$0,$0,$1,$1,$0,$0,$1,$-8,$1,$0
35,2009-12-31,4.38,$1.89,2.31,$1.68,2.6,$0.08,53.35,0,0.0,$0.09B,$0.01B,6.23,$0.00B,$0.12B,0.0,$0.11B,$0.06B,60.95%,$0.11B,0,0.00%,$0.11B,0,0.00%,$0.11B,$0.00B,2.86%,$0.11B,0,0.00%,$0.11B,0,0.00%,$0.00B,$0.12B,0.00%,$0.00B,$0.12B,0.00%,$0.00B,$0.14B,0.00%,$0.00B,$0.12B,0.00%,$35,$13,$22,$5,$10,$27,$7,$0,$7,$3,$4,$4,$4,$8,$7,$62,62,$0.07,$0.07,$46,$15,$0,$86,$39,$0,$3,$0,$53,$138,$14,$0,$2,$7,$21,$0,$40,$0,$118,$138,$-0,$4,$5,$9,$1,$-2,$0,$1,$1,$10,$-14,$-0,$0,$0,$3,$3,$0,$-12,$0,$0,$0,$0,$0,$0,$0,$0,$-1,$5,$0
36,2009-09-30,4.72,$1.81,2.61,$1.54,3.07,$0.17,27.62,$-0.01,0.0,$0.09B,$0.02B,4.76,$0.00B,$0.11B,0.0,$0.10B,$0.06B,61.46%,$0.10B,0,0.00%,$0.10B,0,0.00%,$0.10B,$0.00B,2.08%,$0.10B,0,0.00%,$0.10B,0,0.00%,$0.00B,$0.11B,0.00%,$0.00B,$0.11B,0.00%,$0.00B,$0.14B,0.00%,$0.00B,$0.11B,0.00%,$23,$10,$13,$7,$11,$28,$-5,$0,$-5,$-2,$-3,$-3,$-3,$-4,$-5,$62,62,$-0.05,$-0.05,$45,$13,$0,$86,$36,$0,$3,$0,$51,$137,$18,$0,$2,$7,$25,$0,$35,$0,$112,$137,$-4,$2,$1,$3,$0,$-0,$0,$4,$7,$5,$-9,$-0,$0,$0,$3,$3,$0,$-7,$0,$0,$0,$0,$0,$0,$0,$0,$-1,$4,$0
37,2009-06-30,4.56,$1.84,2.47,$1.52,2.99,$0.23,19.83,$0.05,91.2,$0.09B,$0.01B,7.2,$0.00B,$0.11B,0.0,$0.10B,$0.06B,62.50%,$0.10B,$0.01B,7.29%,$0.10B,$0.01B,7.29%,$0.10B,$0.01B,8.33%,$0.10B,$0.01B,7.29%,$0.10B,$0.00B,4.17%,$0.00B,$0.11B,3.57%,$0.00B,$0.11B,3.65%,$0.00B,$0.13B,3.07%,$0.01B,$0.11B,6.25%,$22,$8,$14,$4,$11,$23,$-1,$0,$-1,$-1,$-1,$-1,$-1,$-1,$-1,$62,62,$-0.01,$-0.01,$53,$12,$0,$90,$32,$0,$3,$0,$43,$133,$12,$0,$2,$6,$19,$0,$38,$0,$114,$133,$-1,$1,$3,$4,$4,$2,$0,$0,$5,$8,$-5,$-0,$0,$0,$3,$3,$0,$-2,$0,$0,$0,$0,$0,$0,$0,$0,$6,$3,$0
38,2009-03-31,4.68,$1.83,2.55,$1.51,3.1,$0.10,44.87,$0.04,117.0,$0.09B,$0.01B,8.05,$0.00B,$0.11B,0.0,$0.10B,$0.06B,63.16%,$0.10B,$0.00B,4.21%,$0.10B,$0.00B,4.21%,$0.10B,$0.01B,5.26%,$0.10B,$0.00B,4.21%,$0.10B,$0.00B,3.16%,$0.00B,$0.11B,2.73%,$0.00B,$0.11B,2.79%,$0.00B,$0.13B,2.33%,$0.00B,$0.11B,3.64%,$25,$10,$15,$4,$11,$26,$-1,$0,$-1,$-0,$-0,$-0,$-0,$-0,$-1,$62,62,$-0.01,$-0.01,$58,$10,$0,$92,$28,$0,$2,$0,$40,$132,$11,$0,$2,$7,$18,$0,$39,$0,$113,$132,$-0,$1,$1,$2,$4,$3,$0,$1,$9,$11,$-2,$-0,$0,$0,$3,$3,$0,$1,$0,$0,$0,$0,$0,$0,$0,$0,$11,$1,$0
39,2008-12-31,5.28,$1.82,2.9,$1.45,3.64,$-0.06,0.0,$0.07,75.43,$0.09B,$0.01B,8.36,$0.00B,$0.11B,0.0,$0.09B,$0.06B,63.04%,$0.09B,$0.01B,6.52%,$0.09B,$0.01B,6.52%,$0.09B,$0.01B,7.61%,$0.09B,$0.01B,7.61%,$0.09B,$0.00B,4.35%,$0.00B,$0.11B,3.56%,$0.00B,$0.11B,3.64%,$0.00B,$0.13B,3.08%,$0.01B,$0.11B,5.35%,$26,$10,$17,$4,$11,$20,$7,$0,$7,$3,$4,$4,$4,$7,$7,$62,64,$0.06,$0.06,$49,$13,$0,$92,$27,$0,$2,$0,$38,$130,$11,$0,$2,$7,$17,$0,$40,$0,$113,$130,$4,$3,$6,$9,$-5,$-1,$0,$4,$-4,$8,$-6,$-1,$0,$0,$15,$15,$0,$8,$0,$0,$0,$-12,$-12,$0,$0,$-12,$4,$2,$0
40,2008-09-30,7.15,$1.75,4.1,$1.51,4.73,$0.06,115.32,$0.08,89.38,$0.08B,$0.01B,5.58,$0.00B,$0.11B,0.0,$0.10B,$0.06B,59.79%,$0.10B,$0.01B,6.19%,$0.10B,$0.01B,6.19%,$0.10B,$0.01B,8.25%,$0.10B,$0.01B,8.25%,$0.10B,$0.01B,5.15%,$0.01B,$0.11B,4.38%,$0.01B,$0.11B,4.46%,$0.01B,$0.13B,3.79%,$0.01B,$0.11B,5.25%,$23,$9,$14,$3,$9,$21,$2,$0,$2,$1,$1,$1,$1,$2,$2,$62,63,$0.01,$0.01,$42,$17,$0,$80,$26,$5,$2,$0,$47,$127,$14,$0,$1,$5,$19,$0,$36,$0,$108,$127,$-0,$2,$7,$9,$0,$-4,$0,$3,$-5,$5,$-5,$-0,$0,$0,$13,$13,$0,$7,$0,$0,$0,$-12,$-12,$0,$0,$-12,$-0,$1,$0
41,2008-06-30,4.99,$1.72,2.9,$1.58,3.15,$0.11,45.57,$0.16,31.19,$0.07B,$0.02B,5.03,$0.00B,$0.11B,0.0,$0.10B,$0.06B,58.25%,$0.10B,$0.01B,10.68%,$0.10B,$0.01B,10.68%,$0.10B,$0.01B,13.59%,$0.10B,$0.01B,12.62%,$0.10B,$0.01B,9.71%,$0.01B,$0.11B,8.62%,$0.01B,$0.10B,8.77%,$0.01B,$0.13B,7.55%,$0.01B,$0.11B,9.48%,$21,$7,$14,$3,$10,$25,$-4,$1,$-4,$-2,$-2,$-2,$-2,$-4,$-4,$63,63,$-0.03,$-0.03,$33,$21,$0,$73,$26,$11,$2,$0,$53,$126,$15,$0,$1,$5,$20,$0,$35,$0,$106,$126,$-1,$1,$5,$7,$1,$-7,$0,$3,$-6,$-0,$-4,$-0,$0,$0,$7,$7,$0,$3,$0,$0,$0,$-12,$-12,$0,$0,$-12,$-10,$1,$0
42,2008-03-31,9.4,$1.93,4.87,$1.64,5.73,$0.11,86.64,$0.24,39.17,$0.10B,$0.01B,9.42,$0.00B,$0.12B,0.0,$0.11B,$0.06B,57.41%,$0.11B,$0.02B,19.44%,$0.11B,$0.02B,19.44%,$0.11B,$0.03B,23.15%,$0.11B,$0.02B,21.30%,$0.11B,$0.02B,14.81%,$0.02B,$0.12B,13.76%,$0.02B,$0.12B,13.97%,$0.02B,$0.14B,12.24%,$0.02B,$0.12B,18.06%,$22,$10,$13,$2,$9,$21,$1,$1,$2,$1,$1,$1,$1,$2,$1,$63,66,$0.02,$0.02,$50,$18,$0,$96,$25,$9,$2,$0,$42,$137,$10,$0,$1,$5,$15,$0,$37,$0,$122,$137,$1,$1,$2,$2,$2,$-4,$0,$2,$-3,$1,$-2,$-0,$0,$0,$6,$6,$0,$4,$0,$0,$0,$0,$0,$0,$0,$0,$5,$0,$0
43,2007-12-31,14.39,$1.91,7.55,$1.54,9.36,$0.02,589.75,$0.23,62.57,$0.10B,$0.01B,7.73,$0.00B,$0.12B,0.0,$0.10B,$0.06B,57.43%,$0.10B,$0.02B,19.80%,$0.10B,$0.02B,19.80%,$0.10B,$0.02B,23.76%,$0.10B,$0.02B,21.78%,$0.10B,$0.02B,14.85%,$0.02B,$0.12B,13.51%,$0.02B,$0.12B,13.73%,$0.02B,$0.14B,12.05%,$0.02B,$0.12B,18.02%,$31,$14,$17,$1,$9,$24,$7,$1,$8,$3,$5,$5,$5,$8,$7,$63,66,$0.07,$0.07,$51,$14,$0,$96,$24,$9,$2,$0,$41,$138,$12,$0,$1,$5,$17,$0,$36,$0,$121,$138,$15,$3,$10,$12,$-2,$-4,$0,$-0,$-13,$14,$-4,$-0,$0,$0,$12,$12,$0,$7,$-0,$0,$-0,$3,$3,$0,$0,$3,$24,$1,$0
44,2007-09-30,15.69,$1.82,8.6,$1.38,11.41,$-0.03,0.0,$0.20,78.45,$0.06B,$0.01B,6.28,$0.00B,$0.12B,0.0,$0.09B,$0.05B,59.55%,$0.09B,$0.02B,19.10%,$0.09B,$0.02B,19.10%,$0.09B,$0.02B,22.47%,$0.09B,$0.02B,20.22%,$0.09B,$0.01B,13.48%,$0.01B,$0.12B,11.37%,$0.01B,$0.11B,11.54%,$0.01B,$0.13B,10.00%,$0.02B,$0.12B,16.11%,$29,$13,$16,$1,$8,$22,$7,$1,$7,$1,$6,$6,$6,$8,$7,$63,66,$0.10,$0.09,$27,$11,$0,$62,$23,$26,$2,$0,$67,$129,$10,$0,$1,$4,$14,$0,$31,$0,$115,$129,$10,$2,$6,$8,$-3,$-2,$0,$2,$-12,$7,$-4,$-0,$0,$0,$3,$3,$0,$-1,$-0,$0,$-0,$3,$3,$0,$0,$3,$8,$1,$0
45,2007-06-30,13.96,$1.71,8.17,$1.23,11.38,$0.05,286.65,$0.15,93.07,$0.06B,$0.01B,6.31,$0.00B,$0.11B,0.0,$0.08B,$0.05B,62.82%,$0.08B,$0.01B,17.95%,$0.08B,$0.01B,17.95%,$0.08B,$0.02B,20.51%,$0.08B,$0.02B,19.23%,$0.08B,$0.01B,10.26%,$0.01B,$0.11B,7.92%,$0.01B,$0.11B,8.04%,$0.01B,$0.12B,6.67%,$0.01B,$0.11B,13.86%,$26,$10,$16,$1,$8,$20,$6,$0,$6,$3,$4,$4,$4,$7,$6,$62,65,$0.06,$0.06,$24,$10,$0,$59,$21,$21,$2,$0,$60,$119,$9,$0,$0,$3,$12,$0,$25,$0,$107,$119,$4,$1,$4,$5,$-5,$-1,$0,$2,$-13,$-3,$-2,$-0,$0,$0,$5,$5,$0,$3,$-0,$0,$-0,$1,$1,$0,$0,$1,$2,$1,$0
46,2007-03-31,8.03,$1.62,4.96,$1.09,7.35,$0.20,40.13,$0.11,73.0,$0.05B,$0.01B,4.76,$0.00B,$0.10B,0.0,$0.07B,$0.04B,63.24%,$0.07B,$-0.01B,-10.29%,$0.07B,$-0.01B,-10.29%,$0.07B,$-0.01B,-8.82%,$0.07B,$-0.01B,-8.82%,$0.07B,$-0.01B,-8.82%,$-0.01B,$0.10B,-6.11%,$-0.01B,$0.10B,-6.22%,$-0.01B,$0.11B,-4.92%,$-0.01B,$0.10B,-7.12%,$15,$6,$9,$1,$8,$15,$0,$1,$1,$0,$0,$0,$0,$1,$0,$62,65,$0.01,$0.01,$16,$10,$0,$46,$21,$25,$2,$0,$66,$112,$10,$0,$0,$2,$12,$0,$21,$0,$101,$112,$0,$1,$1,$2,$3,$-1,$0,$0,$-8,$-5,$-1,$-0,$0,$0,$4,$4,$0,$2,$-0,$0,$-0,$0,$0,$0,$0,$0,$-3,$0,$0
47,2006-12-31,7.61,$1.60,4.75,$1.07,7.1,$0.32,23.53,$0.11,69.18,$0.06B,$0.02B,3.07,$0.00B,$0.10B,0.0,$0.07B,$0.04B,64.18%,$0.07B,$-0.01B,-8.96%,$0.07B,$-0.01B,-8.96%,$0.07B,$-0.01B,-7.46%,$0.07B,$-0.01B,-8.96%,$0.07B,$-0.01B,-7.46%,$-0.01B,$0.10B,-5.04%,$-0.01B,$0.10B,-5.12%,$-0.01B,$0.12B,-4.09%,$-0.01B,$0.10B,-6.05%,$19,$7,$12,$1,$8,$15,$4,$1,$4,$2,$2,$2,$2,$4,$4,$62,62,$0.03,$0.03,$22,$9,$0,$56,$21,$25,$2,$0,$64,$120,$18,$0,$0,$2,$21,$0,$21,$0,$99,$120,$-4,$2,$0,$2,$-5,$1,$0,$3,$9,$7,$-2,$-0,$0,$0,$-1,$-1,$0,$-4,$-0,$0,$-0,$-1,$-1,$0,$0,$-2,$2,$1,$0
