,Date,Stock Price,Book Value per Share,Price to Book Ratio,TTM Sales per Share,Price to Sales Ratio,TTM FCF per Share,Price to FCF Ratio,TTM Net EPS,PE Ratio,Current Assets,Current Liabilities,Current Ratio,Long Term Debt,Shareholder's Equity_x,Debt to Equity Ratio,TTM Revenue_x,TTM Gross Profit,Gross Margin,TTM Revenue_y,TTM Operating Income,Operating Margin,TTM Revenue_x,TTM EBIT,EBIT Margin,TTM Revenue_y,TTM EBITDA,EBITDA Margin,TTM Revenue_x,TTM Pre-Tax Income,Pre-Tax Margin,TTM Revenue_y,TTM Net Income_x,Net Margin,TTM Net Income_y,Shareholder's Equity_y,Return on Equity,TTM Net Income_x,Tangible Equity,Return on Tangible Equity,TTM Net Income_y,Total Assets,Return on Assets,TTM Net Income,LT Investments & Debt,Return on Investment,revenue,cost-goods-sold,gross-profit,research-development-expenses,selling-general-administrative-expenses,operating-expenses,operating-income,total-non-operating-income-expense,pre-tax-income,total-provision-income-taxes,income-after-taxes,income-from-continuous-operations,net-income,ebitda,ebit,basic-shares-outstanding,shares-outstanding,eps-basic-net-earnings-per-share,eps-earnings-per-share-diluted,cash-on-hand,inventory,other-current-assets,total-current-assets,net-property-plant-equipment,long-term-investments,goodwill-intangible-assets-total,other-long-term-assets,total-long-term-assets,total-assets,total-current-liabilities,long-term-debt,other-non-current-liabilities,total-long-term-liabilities,total-liabilities,common-stock-net,retained-earnings-accumulated-deficit,comprehensive-income,total-share-holder-equity,total-liabilities-share-holders-equity,net-income-loss,total-depreciation-amortization-cash-flow,other-non-cash-items,total-non-cash-items,change-in-accounts-receivable,change-in-inventories,change-in-accounts-payable,change-in-assets-liabilities,total-change-in-assets-liabilities,cash-flow-from-operating-activities,net-change-in-property-plant-equipment,net-change-in-intangible-assets,net-acquisitions-divestitures,net-change-in-short-term-investments,net-change-in-long-term-investments,net-change-in-investments-total,investing-activities-other,cash-flow-from-investing-activities,net-long-term-debt,net-current-debt,debt-issuance-retirement-net-total,net-common-equity-issued-repurchased,net-total-equity-issued-repurchased,total-common-preferred-stock-dividends-paid,financial-activities-other,cash-flow-from-financial-activities,net-cash-flow,stock-based-compensation,common-stock-dividends-paid
0,2018-06-30,2.81,$11.16,0.25,$3.45,0.82,$1.38,2.04,$0.11,25.55,$0.07B,$0.00B,19.56,$0.00B,$0.09B,0.0,$0.03B,$0.00B,11.11%,$0.03B,$0.00B,3.70%,$0.03B,$0.00B,3.70%,$0.03B,$0.00B,11.11%,$0.03B,$0.00B,3.70%,$0.03B,$0.00B,3.70%,$0.00B,$0.09B,1.10%,$0.00B,$0.09B,1.13%,$0.00B,$0.09B,1.06%,$0.00B,$0.09B,1.10%,$6,$6,$0,$0,$1,$7,$-0,$0,$-0,$0,$-0,$-0,$-0,$0,$-0,$8,8,$-0.05,$-0.05,$63,$6,$0,$69,$19,$0,$2,$1,$23,$93,$4,$0,$0,$0,$4,$0,$28,$-2,$89,$93,$-0,$2,$0,$2,$0,$-0,$0,$0,$-0,$1,$-0,$0,$0,$0,$0,$0,$0,$-0,$0,$0,$0,$0,$0,$0,$0,$0,$0,$0,$0
1,2018-03-31,2.28,$11.82,0.19,$3.45,0.66,$1.58,1.44,$0.17,13.41,$0.07B,$0.00B,18.96,$0.00B,$0.09B,0.0,$0.03B,$0.00B,14.81%,$0.03B,$0.00B,3.70%,$0.03B,$0.00B,3.70%,$0.03B,$0.00B,14.81%,$0.03B,$0.00B,3.70%,$0.03B,$0.00B,3.70%,$0.00B,$0.09B,1.11%,$0.00B,$0.09B,1.14%,$0.00B,$0.10B,1.07%,$0.00B,$0.09B,1.11%,$7,$6,$1,$0,$1,$7,$0,$0,$0,$0,$0,$0,$0,$1,$0,$8,8,$0.03,$0.03,$66,$6,$0,$73,$20,$0,$2,$1,$26,$98,$4,$0,$0,$0,$4,$0,$28,$2,$94,$98,$0,$1,$0,$1,$-0,$-0,$0,$0,$-0,$1,$0,$0,$0,$0,$0,$0,$0,$0,$0,$0,$0,$0,$0,$0,$-0,$-0,$3,$0,$0
2,2017-12-31,2.95,$11.34,0.26,$3.38,0.87,$1.67,1.77,$0.14,21.07,$0.07B,$0.00B,19.52,$0.00B,$0.09B,0.0,$0.03B,$0.00B,14.81%,$0.03B,$0.00B,3.70%,$0.03B,$0.00B,3.70%,$0.03B,$0.00B,14.81%,$0.03B,$0.00B,3.70%,$0.03B,$0.00B,3.70%,$0.00B,$0.09B,1.14%,$0.00B,$0.09B,1.18%,$0.00B,$0.09B,1.10%,$0.00B,$0.09B,1.14%,$7,$6,$1,$0,$1,$7,$1,$0,$1,$0,$1,$1,$1,$1,$1,$8,8,$0.08,$0.08,$63,$6,$0,$69,$20,$0,$2,$1,$25,$94,$4,$0,$0,$0,$4,$0,$28,$-1,$91,$94,$1,$3,$0,$3,$0,$1,$0,$-0,$1,$5,$-0,$0,$0,$0,$0,$0,$0,$-0,$0,$-1,$-1,$0,$0,$0,$0,$-1,$8,$0,$0
3,2017-09-30,2.37,$11.09,0.21,$3.36,0.71,$1.89,1.25,$0.06,39.5,$0.07B,$0.00B,18.95,$0.00B,$0.09B,0.0,$0.03B,$0.00B,14.81%,$0.03B,0,0.00%,$0.03B,0,0.00%,$0.03B,$0.00B,14.81%,$0.03B,0,0.00%,$0.03B,0,0.00%,$0.00B,$0.09B,0.00%,$0.00B,$0.09B,0.00%,$0.00B,$0.09B,0.00%,$0.00B,$0.09B,0.00%,$7,$6,$1,$0,$1,$6,$0,$0,$0,$0,$0,$0,$0,$1,$0,$8,8,$0.05,$0.05,$60,$5,$0,$66,$20,$0,$2,$1,$26,$92,$3,$0,$0,$0,$3,$0,$27,$-3,$89,$92,$0,$2,$0,$2,$-0,$1,$0,$-0,$1,$4,$0,$0,$0,$0,$0,$0,$0,$0,$0,$-1,$-1,$0,$0,$0,$0,$-1,$6,$0,$0
4,2017-06-30,2.1,$10.81,0.19,$3.49,0.6,$2.26,0.93,$-0.34,0.0,$0.06B,$0.00B,17.93,$0.00B,$0.09B,0.0,$0.03B,$0.00B,14.29%,$0.03B,0,0.00%,$0.03B,0,0.00%,$0.03B,$0.00B,14.29%,$0.03B,$-0.00B,-7.14%,$0.03B,$-0.00B,-10.71%,$-0.00B,$0.09B,-3.50%,$-0.00B,$0.08B,-3.60%,$-0.00B,$0.09B,-3.31%,$0.00B,$0.09B,0.00%,$6,$5,$1,$0,$1,$6,$0,$0,$0,$0,$0,$0,$0,$1,$0,$8,8,$0.01,$0.01,$58,$5,$0,$64,$20,$0,$2,$1,$26,$90,$4,$0,$0,$0,$4,$0,$27,$-4,$86,$90,$0,$2,$0,$2,$-0,$1,$0,$0,$1,$3,$0,$0,$0,$0,$0,$0,$0,$0,$0,$-1,$-1,$0,$0,$0,$0,$-1,$3,$0,$0
5,2017-03-31,2.3,$10.62,0.22,$3.91,0.59,$2.47,0.93,$-0.27,0.0,$0.06B,$0.00B,14.95,$0.00B,$0.09B,0.0,$0.03B,$0.01B,15.63%,$0.03B,$0.00B,3.13%,$0.03B,$0.00B,3.13%,$0.03B,$0.01B,15.63%,$0.03B,$-0.00B,-3.13%,$0.03B,$-0.00B,-6.25%,$-0.00B,$0.09B,-2.30%,$-0.00B,$0.08B,-2.37%,$-0.00B,$0.09B,-2.15%,$0.00B,$0.09B,1.15%,$7,$6,$1,$0,$1,$7,$0,$0,$0,$0,$0,$0,$0,$1,$0,$8,8,$0.00,$0.00,$57,$5,$1,$63,$21,$0,$2,$1,$26,$89,$4,$0,$0,$0,$4,$0,$27,$-6,$85,$89,$0,$1,$0,$1,$-0,$1,$0,$0,$1,$2,$0,$0,$0,$0,$0,$0,$0,$0,$0,$0,$0,$0,$0,$0,$0,$0,$2,$0,$0
6,2016-12-31,3.62,$10.53,0.34,$4.17,0.87,$2.46,1.47,$-0.31,0.0,$0.06B,$0.00B,15.15,$0.00B,$0.08B,0.0,$0.03B,$0.01B,17.65%,$0.03B,$0.00B,5.88%,$0.03B,$0.00B,5.88%,$0.03B,$0.01B,17.65%,$0.03B,0,0.00%,$0.03B,$-0.00B,-5.88%,$-0.00B,$0.08B,-2.25%,$-0.00B,$0.08B,-2.32%,$-0.00B,$0.09B,-2.06%,$0.00B,$0.08B,2.25%,$7,$6,$1,$0,$1,$7,$0,$0,$0,$0,$0,$0,$0,$1,$0,$8,8,$0.05,$0.05,$54,$6,$1,$62,$21,$0,$2,$1,$27,$88,$4,$0,$0,$0,$4,$0,$27,$-7,$84,$88,$1,$3,$3,$7,$0,$4,$0,$-2,$3,$10,$-3,$0,$0,$0,$0,$0,$2,$-1,$0,$-9,$-9,$0,$0,$0,$9,$-0,$5,$0,$0
7,2016-09-30,1.94,$11.00,0.18,$4.35,0.45,$4.20,0.46,$0.05,38.8,$0.07B,$0.01B,8.27,$0.00B,$0.09B,0.0,$0.04B,$0.01B,19.44%,$0.04B,$0.00B,8.33%,$0.04B,$0.00B,8.33%,$0.04B,$0.01B,16.67%,$0.04B,$0.00B,2.78%,$0.04B,$0.00B,2.78%,$0.00B,$0.09B,1.10%,$0.00B,$0.09B,1.13%,$0.00B,$0.10B,0.97%,$0.00B,$0.09B,3.29%,$8,$7,$1,$0,$1,$8,$-0,$-2,$-2,$0,$-2,$-2,$-3,$1,$-0,$8,8,$-0.35,$-0.35,$55,$6,$2,$68,$23,$0,$3,$1,$28,$96,$8,$0,$0,$0,$8,$0,$26,$-3,$88,$96,$1,$2,$3,$5,$0,$4,$0,$-0,$4,$10,$-3,$0,$0,$0,$0,$0,$0,$-3,$0,$-9,$-9,$0,$0,$0,$9,$-0,$5,$0,$0
8,2016-06-30,3.32,$11.40,0.29,$4.48,0.74,$4.99,0.67,$0.52,6.38,$0.07B,$0.01B,8.77,$0.00B,$0.09B,0.0,$0.04B,$0.01B,24.32%,$0.04B,$0.01B,13.51%,$0.04B,$0.01B,13.51%,$0.04B,$0.01B,21.62%,$0.04B,$0.00B,10.81%,$0.04B,$0.01B,13.51%,$0.01B,$0.09B,5.38%,$0.01B,$0.09B,5.59%,$0.01B,$0.10B,4.73%,$0.01B,$0.09B,5.38%,$10,$7,$2,$0,$1,$8,$1,$0,$1,$0,$1,$1,$1,$2,$1,$8,8,$0.07,$0.07,$52,$6,$4,$69,$25,$0,$3,$1,$30,$99,$8,$0,$0,$0,$8,$0,$29,$-3,$91,$99,$2,$1,$0,$2,$0,$3,$0,$-0,$3,$7,$-3,$0,$0,$0,$0,$0,$0,$-3,$0,$-9,$-9,$0,$0,$0,$9,$-0,$3,$0,$0
9,2016-03-31,2.76,$11.66,0.24,$4.46,0.62,$5.55,0.5,$0.56,4.93,$0.07B,$0.01B,6.46,$0.00B,$0.09B,0.0,$0.04B,$0.01B,24.32%,$0.04B,$0.01B,13.51%,$0.04B,$0.01B,13.51%,$0.04B,$0.01B,21.62%,$0.04B,$0.00B,10.81%,$0.04B,$0.01B,13.51%,$0.01B,$0.09B,5.26%,$0.01B,$0.09B,5.51%,$0.01B,$0.11B,4.59%,$0.01B,$0.09B,5.26%,$9,$7,$2,$0,$1,$8,$1,$0,$1,$0,$1,$1,$-0,$2,$1,$8,8,$-0.03,$-0.03,$55,$6,$6,$74,$25,$0,$3,$1,$30,$105,$11,$0,$0,$0,$11,$0,$28,$-0,$93,$105,$1,$1,$0,$1,$0,$1,$0,$-0,$1,$3,$-2,$0,$0,$0,$0,$0,$0,$-2,$0,$-6,$-6,$0,$0,$0,$6,$0,$2,$0,$0
10,2015-12-31,3.6,$11.23,0.32,$4.53,0.79,$5.77,0.62,$0.56,6.43,$0.08B,$0.02B,4.61,$0.00B,$0.09B,0.0,$0.04B,$0.01B,23.68%,$0.04B,$0.00B,10.53%,$0.04B,$0.00B,10.53%,$0.04B,$0.01B,18.42%,$0.04B,$0.00B,7.89%,$0.04B,$0.01B,13.16%,$0.01B,$0.09B,5.21%,$0.01B,$0.09B,5.48%,$0.01B,$0.11B,4.51%,$0.00B,$0.09B,4.17%,$9,$6,$2,$0,$1,$8,$1,$0,$1,$0,$1,$1,$3,$1,$1,$8,8,$0.37,$0.37,$59,$6,$8,$82,$23,$0,$3,$1,$29,$111,$18,$0,$0,$0,$18,$0,$29,$-1,$93,$111,$3,$3,$7,$10,$-0,$8,$0,$1,$8,$21,$0,$0,$1,$0,$0,$0,$3,$4,$0,$-2,$-2,$0,$0,$0,$-10,$-12,$11,$1,$0
11,2015-09-30,2.16,$11.48,0.19,$5.16,0.42,$3.79,0.57,$0.48,4.5,$0.07B,$0.01B,5.32,$0.00B,$0.10B,0.0,$0.04B,$0.01B,21.05%,$0.04B,$0.00B,7.89%,$0.04B,$0.00B,7.89%,$0.04B,$0.01B,18.42%,$0.04B,$0.00B,5.26%,$0.04B,$0.00B,10.53%,$0.00B,$0.10B,4.15%,$0.00B,$0.09B,4.36%,$0.00B,$0.11B,3.67%,$0.00B,$0.10B,3.11%,$9,$6,$3,$0,$1,$7,$2,$-1,$1,$0,$1,$1,$1,$3,$2,$8,8,$0.10,$0.10,$53,$8,$3,$66,$31,$0,$5,$3,$42,$108,$12,$0,$0,$0,$12,$0,$26,$1,$95,$108,$2,$3,$2,$6,$-1,$6,$0,$0,$5,$14,$0,$0,$1,$0,$0,$0,$2,$3,$0,$-2,$-2,$0,$0,$0,$-2,$-4,$11,$0,$0
12,2015-06-30,5.44,$11.87,0.46,$5.93,0.92,$3.44,1.58,$0.68,8.0,$0.07B,$0.01B,4.88,$0.00B,$0.10B,0.0,$0.04B,$0.01B,20.00%,$0.04B,$0.00B,7.50%,$0.04B,$0.00B,7.50%,$0.04B,$0.01B,17.50%,$0.04B,$0.00B,7.50%,$0.04B,$0.01B,12.50%,$0.01B,$0.10B,5.36%,$0.01B,$0.09B,5.73%,$0.01B,$0.11B,4.71%,$0.00B,$0.10B,3.22%,$10,$8,$2,$0,$1,$9,$1,$0,$1,$0,$1,$1,$1,$2,$1,$8,8,$0.12,$0.12,$50,$9,$7,$68,$34,$0,$6,$4,$45,$112,$14,$0,$0,$0,$14,$0,$25,$5,$99,$112,$1,$3,$2,$4,$0,$4,$0,$-0,$4,$9,$-0,$0,$0,$0,$0,$0,$2,$2,$0,$-2,$-2,$0,$0,$0,$-2,$-3,$8,$0,$0
13,2015-03-31,6.0,$11.72,0.51,$6.39,0.94,$3.52,1.71,$0.68,8.82,$0.06B,$0.02B,4.35,$0.00B,$0.10B,0.0,$0.04B,$0.01B,18.42%,$0.04B,$0.00B,5.26%,$0.04B,$0.00B,5.26%,$0.04B,$0.01B,15.79%,$0.04B,$0.00B,7.89%,$0.04B,$0.01B,13.16%,$0.01B,$0.10B,5.95%,$0.01B,$0.09B,6.37%,$0.01B,$0.11B,5.19%,$0.00B,$0.10B,2.38%,$10,$8,$2,$0,$2,$10,$-0,$-0,$-0,$0,$-0,$-0,$-0,$1,$-0,$8,8,$-0.04,$-0.04,$45,$10,$6,$64,$36,$0,$6,$4,$48,$112,$15,$0,$0,$0,$15,$0,$24,$5,$97,$112,$-0,$2,$0,$2,$0,$1,$0,$1,$2,$3,$0,$0,$0,$0,$0,$0,$2,$2,$0,$-2,$-2,$0,$0,$0,$-2,$-4,$2,$0,$0
14,2014-12-31,6.92,$11.79,0.59,$8.01,0.86,$3.97,1.74,$0.84,8.24,$0.07B,$0.01B,8.29,$0.00B,$0.10B,0.0,$0.04B,$0.01B,15.79%,$0.04B,$0.00B,5.26%,$0.04B,$0.00B,5.26%,$0.04B,$0.01B,15.79%,$0.04B,$0.00B,7.89%,$0.04B,$0.01B,13.16%,$0.01B,$0.10B,6.94%,$0.01B,$0.09B,7.41%,$0.01B,$0.10B,5.99%,$0.00B,$0.10B,2.78%,$9,$8,$1,$0,$1,$9,$0,$-0,$-0,$0,$-0,$-0,$2,$1,$0,$5,5,$0.28,$0.28,$39,$9,$1,$67,$29,$0,$3,$2,$36,$104,$8,$0,$0,$0,$8,$0,$24,$4,$95,$104,$2,$4,$1,$5,$0,$3,$0,$2,$4,$12,$-9,$0,$0,$0,$0,$0,$-3,$-12,$0,$-4,$-4,$34,$34,$0,$-1,$29,$29,$0,$0
15,2014-09-30,8.0,$11.82,0.68,$9.87,0.81,$3.04,2.63,$0.20,40.0,$0.05B,$0.02B,3.61,$0.00B,$0.08B,0.0,$0.04B,$0.01B,17.95%,$0.04B,$0.00B,5.13%,$0.04B,$0.00B,5.13%,$0.04B,$0.01B,15.38%,$0.04B,$0.00B,2.56%,$0.04B,$0.00B,5.13%,$0.00B,$0.08B,3.36%,$0.00B,$0.07B,3.62%,$0.00B,$0.10B,2.82%,$0.00B,$0.08B,3.36%,$11,$9,$3,$0,$1,$10,$2,$0,$2,$0,$2,$2,$2,$3,$2,$6,6,$0.32,$0.32,$35,$12,$1,$54,$29,$0,$10,$3,$43,$97,$15,$0,$0,$0,$15,$0,$22,$4,$82,$97,$3,$3,$-0,$3,$-0,$2,$0,$0,$3,$8,$-0,$0,$-6,$0,$0,$0,$-1,$-7,$0,$0,$0,$23,$23,$0,$1,$24,$24,$0,$0
16,2014-06-30,8.2,$11.63,0.7,$11.11,0.74,$1.92,4.28,0,0.0,$0.04B,$0.01B,4.06,$0.00B,$0.06B,0.0,$0.04B,$0.01B,13.51%,$0.04B,0,0.00%,$0.04B,0,0.00%,$0.04B,$0.00B,10.81%,$0.04B,$-0.00B,-2.70%,$0.04B,0,0.00%,$0.00B,$0.06B,0.00%,$0.00B,$0.06B,0.00%,$0.00B,$0.07B,0.00%,$0.00B,$0.06B,0.00%,$8,$7,$1,$0,$1,$8,$-0,$1,$1,$0,$1,$1,$1,$1,$-0,$5,5,$0.12,$0.12,$31,$10,$1,$43,$22,$0,$3,$2,$29,$72,$10,$0,$0,$0,$10,$0,$20,$4,$62,$72,$1,$2,$0,$2,$0,$2,$0,$1,$3,$6,$-0,$0,$0,$0,$0,$0,$-1,$-1,$0,$1,$1,$16,$16,$0,$-0,$16,$21,$0,$0
17,2014-03-31,7.44,$11.65,0.64,$11.91,0.62,$0.49,15.1,$-0.52,0.0,$0.03B,$0.01B,2.87,$0.00B,$0.05B,0.0,$0.04B,$0.00B,11.11%,$0.04B,$-0.00B,-2.78%,$0.04B,$-0.00B,-2.78%,$0.04B,$0.00B,8.33%,$0.04B,$-0.00B,-8.33%,$0.04B,$-0.00B,-5.56%,$-0.00B,$0.05B,-4.42%,$-0.00B,$0.05B,-4.57%,$-0.00B,$0.06B,-3.65%,$-0.00B,$0.05B,-2.21%,$10,$8,$1,$0,$1,$9,$0,$-0,$0,$0,$0,$0,$0,$1,$0,$3,3,$0.12,$0.12,$20,$10,$2,$32,$22,$0,$1,$2,$28,$61,$11,$0,$0,$0,$11,$0,$20,$4,$49,$61,$0,$1,$0,$1,$0,$1,$0,$0,$2,$3,$-0,$0,$0,$0,$0,$0,$-1,$-1,$0,$2,$2,$6,$6,$0,$-0,$8,$9,$0,$0
18,2013-12-31,8.72,$12.76,0.68,$11.77,0.74,$-0.20,0.0,$-0.68,0.0,$0.03B,$0.01B,2.51,$0.00B,$0.05B,0.0,$0.03B,$0.00B,12.12%,$0.03B,$-0.00B,-3.03%,$0.03B,$-0.00B,-3.03%,$0.03B,$0.00B,9.09%,$0.03B,$-0.00B,-9.09%,$0.03B,$-0.00B,-6.06%,$-0.00B,$0.05B,-4.57%,$-0.00B,$0.04B,-4.76%,$-0.00B,$0.05B,-3.77%,$-0.00B,$0.05B,-2.29%,$10,$9,$2,$0,$1,$10,$0,$-2,$-2,$0,$-2,$-2,$-1,$1,$0,$3,3,$-0.40,$-0.40,$10,$11,$2,$25,$23,$0,$1,$2,$30,$54,$10,$0,$0,$0,$10,$0,$20,$4,$45,$54,$-3,$4,$2,$6,$-0,$-1,$0,$-2,$-3,$-0,$-1,$0,$0,$0,$0,$0,$0,$-1,$0,$-1,$-1,$3,$3,$0,$1,$3,$3,$0,$0
19,2013-09-30,3.92,$13.44,0.29,$10.79,0.36,$-0.30,0.0,$-0.36,0.0,$0.02B,$0.01B,2.99,$0.00B,$0.05B,0.0,$0.03B,$0.00B,10.00%,$0.03B,$-0.00B,-3.33%,$0.03B,$-0.00B,-3.33%,$0.03B,$0.00B,10.00%,$0.03B,$-0.00B,-3.33%,$0.03B,$-0.00B,-3.33%,$-0.00B,$0.05B,-2.31%,$-0.00B,$0.04B,-2.41%,$-0.00B,$0.05B,-1.90%,$-0.00B,$0.05B,-2.31%,$9,$8,$1,$0,$1,$8,$0,$-0,$0,$0,$0,$0,$0,$1,$0,$3,3,$0.12,$0.12,$6,$11,$0,$19,$26,$0,$1,$2,$33,$51,$6,$0,$0,$0,$6,$0,$21,$4,$45,$51,$-1,$3,$0,$3,$-0,$-0,$0,$-0,$-1,$1,$-0,$0,$0,$0,$0,$0,$-0,$-1,$0,$-5,$-5,$3,$3,$0,$0,$-2,$-2,$0,$0
20,2013-06-30,2.28,$14.96,0.15,$10.07,0.23,$-0.52,0.0,$-0.88,0.0,$0.02B,$0.01B,1.77,$0.00B,$0.04B,0.0,$0.03B,$0.00B,10.71%,$0.03B,$-0.00B,-7.14%,$0.03B,$-0.00B,-7.14%,$0.03B,$0.00B,7.14%,$0.03B,$-0.00B,-7.14%,$0.03B,$-0.00B,-7.14%,$-0.00B,$0.04B,-4.73%,$-0.00B,$0.04B,-4.94%,$-0.00B,$0.05B,-3.81%,$-0.00B,$0.04B,-4.73%,$7,$7,$-0,$0,$1,$8,$-1,$-0,$-1,$0,$-1,$-1,$-1,$-0,$-1,$3,3,$-0.36,$-0.36,$7,$11,$1,$20,$26,$0,$1,$2,$33,$53,$11,$0,$0,$0,$11,$0,$20,$3,$42,$53,$-1,$2,$0,$2,$-0,$-0,$0,$-0,$-1,$-0,$-0,$0,$0,$0,$0,$0,$-0,$-1,$0,$0,$0,$0,$0,$0,$-0,$-0,$-1,$0,$0
21,2013-03-31,2.92,$15.24,0.19,$10.15,0.29,$0.44,6.61,$-0.36,0.0,$0.02B,$0.01B,1.85,$0.00B,$0.04B,0.0,$0.03B,$0.00B,14.81%,$0.03B,$-0.00B,-3.70%,$0.03B,$-0.00B,-3.70%,$0.03B,$0.00B,11.11%,$0.03B,$-0.00B,-3.70%,$0.03B,$-0.00B,-3.70%,$-0.00B,$0.04B,-2.38%,$-0.00B,$0.04B,-2.47%,$-0.00B,$0.05B,-1.97%,$-0.00B,$0.04B,-2.38%,$7,$7,$1,$0,$1,$8,$-0,$-0,$-0,$0,$-0,$-0,$-0,$1,$-0,$3,3,$-0.08,$-0.08,$9,$11,$0,$20,$26,$0,$1,$2,$33,$54,$11,$0,$0,$0,$11,$0,$21,$3,$43,$54,$-0,$1,$0,$1,$-0,$-0,$0,$1,$0,$1,$-0,$0,$0,$0,$0,$0,$-0,$-0,$0,$0,$0,$0,$0,$0,$0,$0,$1,$0,$0
22,2012-12-31,3.4,$15.21,0.22,$10.15,0.33,$0.53,6.47,$-0.04,0.0,$0.02B,$0.01B,1.87,$0.00B,$0.04B,0.0,$0.03B,$0.00B,14.81%,$0.03B,0,0.00%,$0.03B,0,0.00%,$0.03B,$0.00B,11.11%,$0.03B,0,0.00%,$0.03B,0,0.00%,$0.00B,$0.04B,0.00%,$0.00B,$0.04B,0.00%,$0.00B,$0.05B,0.00%,$0.00B,$0.04B,0.00%,$7,$6,$1,$0,$1,$7,$-0,$-0,$-0,$0,$-0,$-0,$-0,$1,$-0,$3,3,$-0.08,$-0.08,$8,$10,$0,$19,$26,$0,$1,$2,$34,$53,$10,$0,$0,$0,$10,$0,$22,$3,$43,$53,$-0,$3,$1,$5,$-0,$-1,$0,$2,$1,$6,$-7,$0,$0,$0,$0,$0,$-1,$-7,$0,$2,$2,$0,$0,$0,$0,$3,$1,$1,$0
23,2012-09-30,5.92,$14.83,0.4,$10.32,0.57,$0.89,6.65,$0.32,18.5,$0.02B,$0.01B,1.99,$0.00B,$0.04B,0.0,$0.03B,$0.00B,14.81%,$0.03B,$0.00B,3.70%,$0.03B,$0.00B,3.70%,$0.03B,$0.00B,14.81%,$0.03B,$0.00B,3.70%,$0.03B,$0.00B,3.70%,$0.00B,$0.04B,2.45%,$0.00B,$0.04B,2.53%,$0.00B,$0.05B,2.09%,$0.00B,$0.04B,2.45%,$7,$6,$1,$0,$2,$8,$-1,$-0,$-1,$0,$-1,$-1,$-1,$-0,$-1,$3,3,$-0.40,$-0.40,$8,$10,$0,$18,$25,$0,$1,$2,$32,$50,$9,$0,$0,$0,$9,$0,$22,$3,$41,$50,$-0,$2,$1,$4,$-0,$0,$0,$1,$1,$5,$-5,$0,$0,$0,$0,$0,$-1,$-5,$0,$2,$2,$0,$0,$0,$-0,$2,$1,$1,$0
24,2012-06-30,4.82,$16.32,0.3,$11.12,0.43,$0.76,6.32,$1.88,2.57,$0.02B,$0.01B,3.38,$0.00B,$0.04B,0.0,$0.03B,$0.01B,25.00%,$0.03B,$0.01B,17.86%,$0.03B,$0.01B,17.86%,$0.03B,$0.01B,28.57%,$0.03B,$0.01B,17.86%,$0.03B,$0.01B,17.86%,$0.01B,$0.04B,12.42%,$0.01B,$0.04B,12.82%,$0.01B,$0.05B,10.75%,$0.01B,$0.04B,12.42%,$6,$6,$1,$0,$0,$6,$0,$-0,$0,$0,$0,$0,$0,$1,$0,$3,3,$0.12,$0.12,$6,$9,$0,$16,$22,$0,$2,$2,$30,$46,$5,$0,$0,$0,$5,$0,$23,$3,$41,$46,$1,$2,$0,$2,$0,$0,$0,$1,$1,$4,$-2,$0,$0,$0,$0,$0,$-0,$-2,$0,$-2,$-2,$0,$0,$0,$0,$-2,$-1,$0,$0
25,2012-03-31,6.52,$16.18,0.4,$11.62,0.56,$-0.29,0.0,$2.72,2.4,$0.02B,$0.01B,2.58,$0.00B,$0.04B,0.0,$0.03B,$0.01B,30.00%,$0.03B,$0.01B,26.67%,$0.03B,$0.01B,26.67%,$0.03B,$0.01B,33.33%,$0.03B,$0.01B,23.33%,$0.03B,$0.01B,23.33%,$0.01B,$0.04B,17.95%,$0.01B,$0.04B,18.67%,$0.01B,$0.05B,15.56%,$0.01B,$0.04B,20.51%,$7,$5,$1,$0,$1,$6,$1,$0,$1,$0,$1,$1,$1,$1,$1,$3,3,$0.28,$0.28,$7,$10,$1,$19,$22,$0,$2,$2,$29,$48,$7,$0,$0,$0,$7,$0,$23,$3,$41,$48,$1,$1,$0,$1,$0,$-0,$0,$1,$1,$2,$-1,$-0,$0,$0,$0,$0,$0,$-2,$0,$0,$0,$0,$0,$0,$-0,$-0,$0,$0,$0
26,2011-12-31,5.04,$15.80,0.32,$11.31,0.45,$-2.03,0.0,$3.16,1.59,$0.02B,$0.01B,2.71,$0.00B,$0.04B,0.0,$0.03B,$0.01B,34.48%,$0.03B,$0.01B,31.03%,$0.03B,$0.01B,31.03%,$0.03B,$0.01B,37.93%,$0.03B,$0.01B,27.59%,$0.03B,$0.01B,27.59%,$0.01B,$0.04B,21.62%,$0.01B,$0.04B,22.38%,$0.01B,$0.05B,19.28%,$0.01B,$0.04B,24.32%,$7,$6,$1,$0,$0,$6,$1,$-0,$1,$0,$1,$1,$1,$2,$1,$3,3,$0.36,$0.36,$7,$10,$1,$19,$21,$0,$2,$2,$28,$47,$7,$0,$0,$0,$7,$0,$22,$2,$40,$47,$8,$2,$0,$3,$-0,$-5,$0,$2,$-3,$8,$-8,$-1,$-1,$0,$0,$0,$-5,$-14,$0,$4,$4,$0,$0,$0,$0,$4,$-1,$0,$0
27,2011-09-30,5.4,$15.50,0.35,$11.14,0.48,$-1.58,0.0,$3.68,1.47,$0.02B,$0.01B,3.28,$0.00B,$0.04B,0.0,$0.03B,$0.01B,39.29%,$0.03B,$0.01B,35.71%,$0.03B,$0.01B,35.71%,$0.03B,$0.01B,42.86%,$0.03B,$0.01B,32.14%,$0.03B,$0.01B,32.14%,$0.01B,$0.04B,25.90%,$0.01B,$0.04B,26.87%,$0.01B,$0.05B,23.68%,$0.01B,$0.04B,28.78%,$8,$4,$4,$0,$1,$5,$3,$-0,$3,$0,$3,$3,$3,$4,$3,$3,3,$1.16,$1.16,$8,$9,$1,$19,$17,$0,$2,$2,$26,$45,$6,$0,$0,$0,$6,$0,$21,$2,$39,$45,$7,$2,$0,$2,$-0,$-4,$0,$0,$-3,$6,$-6,$-1,$0,$0,$0,$0,$-3,$-10,$0,$3,$3,$0,$0,$0,$0,$3,$-0,$0,$0
28,2011-06-30,9.48,$14.06,0.67,$10.22,0.93,$-0.57,0.0,$3.44,2.76,$0.02B,$0.01B,3.24,$0.00B,$0.04B,0.0,$0.03B,$0.01B,34.62%,$0.03B,$0.01B,34.62%,$0.03B,$0.01B,34.62%,$0.03B,$0.01B,38.46%,$0.03B,$0.01B,30.77%,$0.03B,$0.01B,30.77%,$0.01B,$0.04B,25.00%,$0.01B,$0.03B,25.81%,$0.01B,$0.04B,23.36%,$0.01B,$0.04B,28.13%,$8,$4,$3,$0,$1,$5,$3,$-0,$2,$0,$2,$2,$2,$3,$3,$3,3,$0.96,$0.96,$7,$7,$0,$15,$15,$0,$1,$2,$25,$40,$5,$0,$0,$0,$5,$0,$18,$2,$36,$40,$4,$1,$0,$1,$-0,$-2,$0,$-0,$-3,$3,$-4,$0,$-2,$0,$0,$0,$-2,$-7,$0,$3,$3,$0,$0,$0,$-0,$3,$-2,$0,$0
