,Date,Stock Price,Book Value per Share,Price to Book Ratio,TTM Sales per Share,Price to Sales Ratio,TTM FCF per Share,Price to FCF Ratio,TTM Net EPS,PE Ratio,Current Assets,Current Liabilities,Current Ratio,Long Term Debt,Shareholder's Equity_x,Debt to Equity Ratio,TTM Revenue_x,TTM Gross Profit,Gross Margin,TTM Revenue_y,TTM Operating Income,Operating Margin,TTM Revenue_x,TTM EBIT,EBIT Margin,TTM Revenue_y,TTM EBITDA,EBITDA Margin,TTM Revenue_x,TTM Pre-Tax Income,Pre-Tax Margin,TTM Revenue_y,TTM Net Income_x,Net Margin,TTM Net Income_y,Shareholder's Equity_y,Return on Equity,TTM Net Income_x,Tangible Equity,Return on Tangible Equity,TTM Net Income_y,Total Assets,Return on Assets,TTM Net Income,LT Investments & Debt,Return on Investment,revenue,cost-goods-sold,gross-profit,research-development-expenses,selling-general-administrative-expenses,operating-expenses,operating-income,total-non-operating-income-expense,pre-tax-income,total-provision-income-taxes,income-after-taxes,income-from-continuous-operations,net-income,ebitda,ebit,basic-shares-outstanding,shares-outstanding,eps-basic-net-earnings-per-share,eps-earnings-per-share-diluted,cash-on-hand,inventory,other-current-assets,total-current-assets,net-property-plant-equipment,long-term-investments,goodwill-intangible-assets-total,other-long-term-assets,total-long-term-assets,total-assets,total-current-liabilities,long-term-debt,other-non-current-liabilities,total-long-term-liabilities,total-liabilities,common-stock-net,retained-earnings-accumulated-deficit,comprehensive-income,total-share-holder-equity,total-liabilities-share-holders-equity,net-income-loss,total-depreciation-amortization-cash-flow,other-non-cash-items,total-non-cash-items,change-in-accounts-receivable,change-in-inventories,change-in-accounts-payable,change-in-assets-liabilities,total-change-in-assets-liabilities,cash-flow-from-operating-activities,net-change-in-property-plant-equipment,net-change-in-intangible-assets,net-acquisitions-divestitures,net-change-in-short-term-investments,net-change-in-long-term-investments,net-change-in-investments-total,investing-activities-other,cash-flow-from-investing-activities,net-long-term-debt,net-current-debt,debt-issuance-retirement-net-total,net-common-equity-issued-repurchased,net-total-equity-issued-repurchased,total-common-preferred-stock-dividends-paid,financial-activities-other,cash-flow-from-financial-activities,net-cash-flow,stock-based-compensation,common-stock-dividends-paid
0,2018-09-30,23.63,$6.87,3.44,$16.83,1.4,$1.22,19.35,$1.05,22.5,$21.96B,$18.56B,1.18,$6.62B,$14.65B,0.45,$36.05B,$10.75B,29.82%,$36.05B,$3.43B,9.52%,$36.05B,$3.43B,9.52%,$36.05B,$4.55B,12.62%,$36.05B,$3.25B,9.02%,$36.05B,$2.25B,6.24%,$2.25B,$14.65B,15.48%,$2.25B,$-0.67B,-4052.25%,$2.25B,$44.65B,5.09%,$3.43B,$21.27B,16.47%,$9257,$6590,$2667,$328,$1553,$8349,$908,$-49,$859,$223,$636,$636,$603,$646,$908,$2132,2138,$0.28,$0.28,$3557,$6077,$3070,$21955,$5580,$168,$15320,$497,$22697,$44652,$18558,$6619,$1876,$11445,$30003,$188,$19522,$-4826,$14649,$44652,$636,$303,$-87,$216,$-119,$-176,$-56,$-60,$-83,$565,$-231,$0,$105,$-183,$19,$-164,$-24,$-314,$-233,$-677,$-910,$0,$0,$0,$30,$-880,$-679,$11,$0
1,2018-06-30,21.77,$6.65,3.27,$16.57,1.31,$1.42,15.28,$1.04,20.93,$22.34B,$19.39B,1.15,$6.66B,$14.18B,0.47,$35.52B,$10.74B,30.24%,$35.52B,$3.41B,9.61%,$35.52B,$3.41B,9.61%,$35.52B,$4.56B,12.84%,$35.52B,$3.25B,9.14%,$35.52B,$2.22B,6.24%,$2.22B,$14.18B,15.23%,$2.22B,$-1.18B,645.88%,$2.22B,$45.19B,5.08%,$3.41B,$20.84B,16.27%,$8889,$6160,$2729,$346,$1432,$7927,$962,$11,$973,$264,$709,$709,$681,$1242,$962,$2130,2138,$0.32,$0.32,$4077,$5934,$3016,$22343,$5621,$166,$15361,$513,$22848,$45191,$19385,$6661,$1902,$11627,$31012,$188,$18919,$-4683,$14179,$45191,$1317,$565,$137,$702,$-142,$-447,$218,$-876,$-1493,$492,$-390,$0,$-2527,$227,$155,$382,$-152,$-2687,$1804,$1243,$3047,$-208,$-208,$-1843,$11,$1007,$-1243,$28,$-1843
2,2018-03-31,22.89,$6.55,3.49,$16.35,1.4,$1.65,13.87,$0.96,23.85,$22.31B,$19.37B,1.15,$5.29B,$13.94B,0.38,$35.09B,$10.61B,30.23%,$35.09B,$3.33B,9.49%,$35.09B,$3.33B,9.49%,$35.09B,$4.45B,12.69%,$35.09B,$3.10B,8.84%,$35.09B,$2.06B,5.87%,$2.06B,$13.94B,14.23%,$2.06B,$0.10B,171.71%,$2.06B,$43.57B,4.85%,$3.33B,$19.23B,15.87%,$8627,$5919,$2708,$353,$1470,$7702,$925,$-85,$840,$235,$605,$605,$572,$1210,$925,$2134,2145,$0.27,$0.27,$4902,$5609,$607,$22311,$5440,$166,$13841,$590,$21258,$43569,$19372,$5285,$2018,$10253,$29625,$188,$18239,$-4178,$13944,$43569,$600,$285,$60,$345,$3,$-249,$-214,$-438,$-1208,$-518,$-212,$0,$-14,$384,$0,$384,$-3,$155,$-37,$213,$176,$-248,$-248,$-7,$15,$-64,$-364,$12,$-7
3,2017-12-31,25.86,$7.18,3.6,$15.98,1.62,$2.15,12.04,$1.03,25.11,$22.14B,$16.47B,1.34,$6.71B,$15.35B,0.44,$34.31B,$10.27B,29.92%,$34.31B,$3.43B,10.01%,$34.31B,$3.43B,10.01%,$34.31B,$4.54B,13.22%,$34.31B,$3.23B,9.42%,$34.31B,$2.21B,6.45%,$2.21B,$15.35B,15.02%,$2.21B,$1.53B,109.06%,$2.21B,$43.46B,5.31%,$3.43B,$22.06B,16.07%,$9280,$6633,$2647,$397,$1522,$8641,$639,$-58,$581,$158,$423,$423,$393,$1453,$639,$2138,2148,$0.18,$0.18,$5628,$5255,$2796,$22135,$5363,$158,$13821,$587,$21323,$43458,$16469,$6709,$1950,$11640,$28109,$188,$19594,$-4345,$15349,$43458,$2365,$1101,$-396,$705,$-80,$-55,$599,$-54,$718,$3799,$-883,$0,$-1523,$340,$514,$854,$102,$-1450,$-86,$207,$121,$-88,$-88,$-1762,$-6,$-1735,$882,$58,$-1762
4,2017-09-30,23.87,$6.91,3.45,$15.83,1.51,$2.22,10.76,$1.08,22.1,$21.60B,$15.81B,1.37,$7.06B,$14.75B,0.48,$34.03B,$10.13B,29.78%,$34.03B,$3.47B,10.21%,$34.03B,$3.47B,10.21%,$34.03B,$4.04B,11.88%,$34.03B,$3.32B,9.75%,$34.03B,$2.25B,6.60%,$2.25B,$14.75B,15.63%,$2.25B,$0.92B,99.90%,$2.25B,$42.41B,5.53%,$3.47B,$21.81B,16.71%,$8724,$6068,$2656,$358,$1402,$7836,$888,$-34,$854,$246,$608,$608,$571,$654,$888,$2134,2142,$0.27,$0.27,$4647,$5306,$628,$21595,$5180,$164,$13829,$515,$20812,$42407,$15805,$7061,$1801,$11849,$27654,$188,$19201,$-4418,$14753,$42407,$603,$287,$34,$321,$-5,$-72,$50,$-74,$181,$954,$-183,$0,$-2110,$-73,$25,$-48,$66,$-2275,$-56,$-47,$-103,$0,$0,$-5,$1,$-107,$-1369,$14,$-5
5,2017-06-30,24.01,$6.51,3.69,$15.62,1.54,$2.76,8.69,$1.08,22.23,$22.09B,$15.21B,1.45,$6.91B,$13.88B,0.5,$33.56B,$9.94B,29.61%,$33.56B,$3.46B,10.32%,$33.56B,$3.46B,10.32%,$33.56B,$4.55B,13.57%,$33.56B,$3.27B,9.75%,$33.56B,$2.24B,6.68%,$2.24B,$13.88B,15.84%,$2.24B,$2.25B,87.60%,$2.24B,$40.48B,5.58%,$3.46B,$20.79B,16.99%,$8454,$5859,$2595,$319,$1370,$7577,$877,$-49,$828,$248,$580,$580,$525,$1135,$877,$2140,2151,$0.25,$0.24,$5927,$4953,$636,$22089,$4980,$157,$11638,$511,$18389,$40478,$15207,$6909,$1757,$11387,$26594,$192,$19552,$-4667,$13884,$40478,$1339,$521,$-300,$221,$-143,$-234,$229,$-333,$-621,$976,$-387,$0,$655,$526,$590,$1116,$55,$1439,$300,$410,$710,$-165,$-165,$-1751,$-15,$-1221,$1374,$27,$-1751
6,2017-03-31,21.81,$6.97,3.13,$15.72,1.39,$2.96,7.37,$1.03,21.18,$22.21B,$15.15B,1.47,$5.89B,$14.94B,0.39,$33.78B,$9.76B,28.88%,$33.78B,$3.23B,9.57%,$33.78B,$3.23B,9.57%,$33.78B,$4.35B,12.88%,$33.78B,$3.04B,8.99%,$33.78B,$2.12B,6.28%,$2.12B,$14.94B,15.19%,$2.12B,$3.42B,92.54%,$2.12B,$40.31B,5.23%,$3.23B,$20.82B,16.11%,$7854,$5486,$2368,$291,$1313,$6824,$1030,$-62,$968,$208,$760,$760,$724,$1293,$1030,$2140,2148,$0.34,$0.34,$6786,$4728,$545,$22207,$4805,$169,$11516,$484,$18099,$40306,$15153,$5885,$1679,$10218,$25371,$192,$20649,$-4998,$14935,$40306,$758,$263,$-347,$-84,$94,$-244,$-11,$-95,$-28,$509,$-172,$0,$643,$760,$0,$760,$31,$1262,$28,$10,$38,$83,$83,$-9,$-6,$106,$1918,$12,$-9
7,2016-12-31,19.64,$6.50,3.02,$15.68,1.25,$2.85,6.9,$0.92,21.35,$21.05B,$15.15B,1.39,$5.80B,$13.90B,0.42,$33.83B,$9.75B,28.81%,$33.83B,$2.99B,8.83%,$33.83B,$2.99B,8.83%,$33.83B,$4.12B,12.19%,$33.83B,$2.80B,8.27%,$33.83B,$1.90B,5.61%,$1.90B,$13.90B,13.48%,$1.90B,$2.40B,84.21%,$1.90B,$39.20B,4.64%,$2.99B,$19.70B,14.76%,$8993,$6478,$2515,$349,$1394,$8315,$678,$-12,$666,$194,$472,$472,$425,$960,$678,$2151,2154,$0.19,$0.19,$5597,$4347,$688,$21052,$4743,$170,$11497,$532,$18150,$39202,$15149,$5800,$1604,$10156,$25305,$192,$19925,$-5187,$13897,$39202,$2034,$1135,$-111,$1024,$10,$115,$340,$3,$673,$3843,$-770,$0,$-27,$-1526,$1057,$-469,$-39,$-1305,$-337,$-152,$-489,$-1107,$-1107,$-122,$-1637,$-3355,$-921,$54,$-122
8,2016-09-30,20.98,$6.51,3.22,$15.65,1.34,$2.77,7.58,$0.78,26.9,$22.90B,$16.18B,1.42,$6.32B,$13.91B,0.45,$34.08B,$9.63B,28.25%,$34.08B,$2.66B,7.79%,$34.08B,$2.66B,7.79%,$34.08B,$3.80B,11.14%,$34.08B,$2.44B,7.15%,$34.08B,$1.68B,4.92%,$1.68B,$13.91B,11.69%,$1.68B,$2.17B,69.92%,$1.68B,$40.81B,4.04%,$2.66B,$20.23B,12.92%,$8255,$5796,$2459,$303,$1280,$7377,$878,$-68,$810,$237,$573,$573,$568,$1164,$878,$2135,2139,$0.27,$0.27,$5365,$5017,$631,$22902,$4861,$173,$11741,$573,$17907,$40809,$16177,$6319,$1622,$10719,$26896,$208,$19500,$-4652,$13913,$40809,$1560,$853,$-46,$807,$-68,$-261,$153,$14,$-25,$2415,$-480,$0,$-24,$-232,$0,$-232,$-21,$-757,$134,$45,$179,$-1156,$-1156,$-121,$-1631,$-2729,$-1027,$37,$-121
9,2016-06-30,18.49,$6.19,2.99,$15.62,1.18,$2.46,7.52,$0.77,24.01,$23.47B,$18.06B,1.3,$6.36B,$13.16B,0.48,$34.34B,$9.69B,28.21%,$34.34B,$2.66B,7.75%,$34.34B,$2.66B,7.75%,$34.34B,$3.80B,11.06%,$34.34B,$2.46B,7.18%,$34.34B,$1.69B,4.91%,$1.69B,$13.16B,11.49%,$1.69B,$1.19B,64.11%,$1.69B,$42.00B,4.04%,$2.66B,$19.51B,12.70%,$8677,$6262,$2415,$343,$1405,$8030,$647,$-54,$593,$149,$444,$444,$406,$934,$647,$2149,2154,$0.19,$0.19,$6357,$5045,$594,$23470,$5239,$167,$11973,$600,$18533,$42003,$18060,$6355,$1647,$10784,$28844,$234,$20986,$-4654,$13159,$42003,$971,$567,$-52,$515,$-231,$-204,$167,$126,$-186,$1334,$-320,$0,$-19,$-708,$38,$-670,$-11,$-1020,$188,$291,$479,$-1196,$-1196,$-107,$-12,$-836,$-480,$27,$-107
10,2016-03-31,18.1,$6.87,2.64,$15.69,1.15,$2.13,8.5,$0.84,21.55,$23.08B,$15.77B,1.46,$6.13B,$15.37B,0.4,$34.83B,$9.99B,28.69%,$34.83B,$2.97B,8.54%,$34.83B,$2.97B,8.54%,$34.83B,$4.12B,11.83%,$34.83B,$2.76B,7.93%,$34.83B,$1.87B,5.37%,$1.87B,$15.37B,12.34%,$1.87B,$3.26B,62.52%,$1.87B,$41.81B,4.46%,$2.97B,$21.49B,13.85%,$7903,$5545,$2358,$305,$1270,$7119,$784,$-54,$730,$201,$529,$529,$500,$1064,$784,$2181,2184,$0.23,$0.23,$6061,$5104,$692,$23083,$5347,$183,$12105,$589,$18731,$41814,$15770,$6126,$1595,$10677,$26447,$1454,$20976,$-4518,$15367,$41814,$528,$280,$50,$330,$73,$-165,$-106,$-199,$-610,$252,$-158,$0,$-3,$-399,$0,$-399,$-38,$-598,$8,$83,$91,$-448,$-448,$-10,$9,$-358,$-599,$13,$-10
11,2015-12-31,16.53,$6.84,2.42,$15.86,1.04,$2.03,8.14,$0.86,19.22,$22.76B,$15.84B,1.44,$5.99B,$14.99B,0.4,$35.48B,$10.13B,28.56%,$35.48B,$3.05B,8.59%,$35.48B,$3.05B,8.59%,$35.48B,$4.21B,11.86%,$35.48B,$2.84B,8.00%,$35.48B,$1.93B,5.45%,$1.93B,$14.99B,12.57%,$1.93B,$2.98B,61.34%,$1.93B,$41.36B,4.58%,$3.05B,$20.97B,13.87%,$9242,$6847,$2395,$408,$1580,$8895,$347,$-42,$305,$66,$239,$239,$204,$635,$347,$2226,2230,$0.10,$0.10,$6198,$4757,$638,$22760,$5276,$178,$12008,$643,$18596,$41356,$15844,$5985,$1650,$10524,$26368,$1444,$20476,$-4858,$14988,$41356,$2055,$1160,$-149,$1011,$162,$105,$-112,$559,$658,$3818,$-808,$0,$13,$-864,$434,$-430,$251,$-974,$-33,$3,$-30,$-1380,$-1380,$-1494,$-476,$-3380,$-878,$61,$-1494
12,2015-09-30,16.47,$6.58,2.5,$16.23,1.02,$1.92,8.56,$1.07,15.39,$23.07B,$15.03B,1.54,$6.57B,$15.23B,0.43,$36.59B,$10.58B,28.92%,$36.59B,$3.75B,10.25%,$36.59B,$3.75B,10.25%,$36.59B,$4.94B,13.50%,$36.59B,$3.50B,9.57%,$36.59B,$2.41B,6.58%,$2.41B,$15.23B,15.22%,$2.41B,$3.10B,70.41%,$2.41B,$41.77B,5.59%,$3.75B,$21.80B,16.48%,$8519,$6001,$2518,$322,$1307,$7637,$882,$-46,$836,$229,$607,$607,$577,$1166,$882,$2219,2223,$0.26,$0.26,$5234,$5410,$712,$23067,$5194,$155,$12127,$703,$18701,$41768,$15032,$6571,$1557,$11511,$26543,$1458,$20297,$-4881,$15225,$41768,$1815,$872,$-66,$806,$-201,$-404,$-128,$-99,$-927,$1824,$-503,$0,$25,$-10,$0,$-10,$223,$-265,$-23,$75,$52,$-941,$-941,$-1488,$-410,$-2787,$-1473,$0,$-1488
13,2015-06-30,19.46,$6.48,3.0,$16.67,1.17,$1.94,10.04,$1.13,17.23,$23.60B,$16.05B,1.47,$6.65B,$15.01B,0.44,$37.89B,$10.82B,28.57%,$37.89B,$4.09B,10.80%,$37.89B,$4.09B,10.80%,$37.89B,$5.32B,14.04%,$37.89B,$3.82B,10.09%,$37.89B,$2.57B,6.77%,$2.57B,$15.01B,15.61%,$2.57B,$2.62B,67.20%,$2.57B,$42.69B,5.82%,$4.09B,$21.65B,17.35%,$9165,$6445,$2720,$346,$1378,$8204,$961,$-69,$892,$263,$629,$629,$588,$1254,$961,$2232,2238,$0.26,$0.26,$5187,$5458,$782,$23600,$5327,$163,$12389,$676,$19093,$42693,$16051,$6646,$1576,$11636,$27687,$1441,$19720,$-4586,$15006,$42693,$1208,$588,$-111,$477,$-419,$-301,$-39,$-95,$-1128,$651,$-334,$0,$-41,$-472,$494,$22,$201,$-152,$-11,$416,$405,$-791,$-791,$-1462,$6,$-1842,$-1489,$0,$-1462
14,2015-03-31,19.73,$7.03,2.81,$17.01,1.16,$1.99,9.92,$1.15,17.16,$24.00B,$14.66B,1.64,$7.20B,$16.28B,0.44,$38.91B,$10.99B,28.24%,$38.91B,$4.18B,10.75%,$38.91B,$4.18B,10.75%,$38.91B,$5.45B,14.00%,$38.91B,$3.92B,10.06%,$38.91B,$2.61B,6.72%,$2.61B,$16.28B,15.17%,$2.61B,$3.91B,59.88%,$2.61B,$43.14B,5.78%,$4.18B,$23.49B,17.00%,$8555,$6054,$2501,$330,$1309,$7696,$859,$-52,$807,$230,$577,$577,$564,$1154,$859,$2251,2256,$0.25,$0.25,$6155,$5346,$767,$23999,$5298,$176,$12371,$754,$19136,$43135,$14661,$7203,$1568,$12192,$26853,$1792,$20503,$-4906,$16282,$43135,$581,$295,$27,$322,$-101,$-360,$-21,$-158,$-876,$53,$-176,$0,$-36,$-465,$0,$-465,$104,$-573,$26,$164,$190,$-401,$-401,$-13,$7,$-217,$-972,$0,$-13
15,2014-12-31,19.72,$7.44,2.65,$17.31,1.14,$1.94,10.16,$1.14,17.3,$24.99B,$15.58B,1.6,$7.31B,$16.82B,0.44,$39.83B,$11.22B,28.16%,$39.83B,$4.18B,10.49%,$39.83B,$4.18B,10.49%,$39.83B,$5.48B,13.77%,$39.83B,$3.90B,9.78%,$39.83B,$2.59B,6.51%,$2.59B,$16.82B,14.34%,$2.59B,$4.06B,53.11%,$2.59B,$44.85B,5.56%,$4.18B,$24.13B,16.34%,$10346,$7505,$2841,$387,$1497,$9297,$1049,$-84,$965,$264,$701,$701,$680,$1366,$1049,$2288,2295,$0.29,$0.29,$6768,$5376,$644,$24986,$5652,$177,$12755,$701,$19866,$44852,$15580,$7312,$1586,$12457,$28037,$1777,$19939,$-4241,$16815,$44852,$2718,$1305,$-255,$1050,$-12,$-176,$257,$-43,$22,$3845,$-993,$0,$1040,$-1000,$0,$-1000,$-168,$-1121,$60,$-103,$-43,$-965,$-965,$-1973,$-43,$-3024,$-578,$73,$-1973
16,2014-09-30,20.89,$7.76,2.69,$17.74,1.18,$1.84,11.37,$1.07,19.52,$25.81B,$16.38B,1.58,$7.41B,$17.65B,0.42,$40.86B,$11.32B,27.70%,$40.86B,$3.95B,9.67%,$40.86B,$3.95B,9.67%,$40.86B,$5.29B,12.95%,$40.86B,$3.68B,9.01%,$40.86B,$2.44B,5.97%,$2.44B,$17.65B,13.05%,$2.44B,$4.69B,47.09%,$2.44B,$45.78B,5.14%,$3.95B,$25.06B,15.07%,$9823,$7061,$2762,$357,$1488,$8601,$1222,$-64,$1158,$397,$761,$761,$734,$1544,$1222,$2290,2296,$0.32,$0.32,$6216,$5961,$630,$25814,$5652,$171,$12969,$673,$19964,$45778,$16383,$7408,$1617,$11741,$28124,$1795,$19259,$-3039,$17654,$45778,$2003,$988,$-290,$698,$-349,$-512,$182,$-301,$-756,$2012,$-616,$0,$968,$-1220,$0,$-1220,$6,$-862,$80,$-9,$71,$-435,$-435,$-1967,$-27,$-2358,$-1388,$0,$-1967
17,2014-06-30,21.46,$7.93,2.71,$18.03,1.19,$1.61,13.35,$1.11,19.33,$26.38B,$16.89B,1.56,$7.59B,$18.17B,0.42,$41.57B,$11.73B,28.21%,$41.57B,$4.05B,9.75%,$41.57B,$4.05B,9.75%,$41.57B,$5.40B,12.99%,$41.57B,$3.74B,9.00%,$41.57B,$2.54B,6.11%,$2.54B,$18.17B,13.52%,$2.54B,$4.81B,50.70%,$2.54B,$47.08B,5.31%,$4.05B,$25.75B,15.37%,$10190,$7305,$2885,$390,$1575,$9138,$1052,$-67,$985,$316,$669,$669,$636,$1385,$1052,$2295,2302,$0.28,$0.28,$5912,$6210,$522,$26384,$5984,$167,$13362,$655,$20691,$47075,$16886,$7585,$1638,$12022,$28908,$1777,$18525,$-2092,$18167,$47075,$1230,$666,$-160,$506,$-195,$-361,$74,$-337,$-935,$843,$-398,$0,$386,$-521,$0,$-521,$52,$-481,$16,$738,$754,$-256,$-256,$-1934,$-20,$-1456,$-1072,$0,$-1934
18,2014-03-31,24.04,$8.56,2.81,$18.04,1.33,$1.36,17.72,$1.16,20.73,$27.51B,$16.99B,1.62,$7.61B,$19.71B,0.39,$41.60B,$11.87B,28.53%,$41.60B,$4.19B,10.07%,$41.60B,$4.19B,10.07%,$41.60B,$5.52B,13.27%,$41.60B,$3.88B,9.33%,$41.60B,$2.67B,6.41%,$2.67B,$19.71B,14.47%,$2.67B,$5.99B,57.03%,$2.67B,$48.79B,5.62%,$4.19B,$27.32B,16.13%,$9471,$6744,$2727,$365,$1507,$8616,$855,$-67,$788,$225,$563,$563,$544,$1188,$855,$2301,2311,$0.24,$0.24,$7267,$6201,$715,$27510,$6171,$192,$13720,$706,$21283,$48793,$16993,$7612,$1667,$12094,$29087,$1761,$19730,$-2082,$19706,$48793,$562,$333,$5,$338,$-102,$-223,$-191,$-275,$-960,$-45,$-193,$0,$-1,$-417,$0,$-417,$62,$-549,$-10,$988,$978,$1,$1,$-7,$9,$981,$381,$0,$-7
19,2013-12-31,24.76,$8.35,2.97,$18.16,1.36,$1.27,19.51,$1.21,20.46,$26.43B,$16.68B,1.59,$7.57B,$19.21B,0.39,$41.85B,$11.99B,28.66%,$41.85B,$4.39B,10.48%,$41.85B,$4.39B,10.48%,$41.85B,$5.71B,13.63%,$41.85B,$4.07B,9.72%,$41.85B,$2.79B,6.66%,$2.79B,$19.21B,15.53%,$2.79B,$5.24B,65.81%,$2.79B,$48.06B,5.91%,$4.39B,$26.78B,17.25%,$11373,$8431,$2942,$415,$1670,$10550,$823,$-72,$751,$178,$573,$573,$525,$1175,$823,$2297,2305,$0.23,$0.23,$6485,$6004,$706,$26425,$6254,$197,$13967,$758,$21639,$48064,$16675,$7570,$1707,$12181,$28856,$1750,$19186,$-2012,$19208,$48064,$2907,$1318,$-172,$1146,$-555,$324,$-70,$-231,$-479,$3653,$-1026,$0,$-852,$858,$118,$976,$185,$-717,$-1401,$-697,$-2098,$74,$74,$-1816,$-16,$-3856,$-854,$0,$-1816
20,2013-09-30,21.99,$7.87,2.79,$18.03,1.22,$1.23,17.88,$1.24,17.73,$25.92B,$16.73B,1.55,$7.55B,$18.08B,0.42,$41.50B,$11.97B,28.85%,$41.50B,$4.43B,10.67%,$41.50B,$4.43B,10.67%,$41.50B,$5.73B,13.82%,$41.50B,$4.14B,9.98%,$41.50B,$2.87B,6.91%,$2.87B,$18.08B,16.37%,$2.87B,$4.01B,74.36%,$2.87B,$47.43B,6.04%,$4.43B,$25.64B,17.72%,$10535,$7361,$3174,$351,$1476,$9211,$1324,$-107,$1217,$336,$881,$881,$835,$1651,$1324,$2297,2305,$0.36,$0.36,$4676,$6634,$734,$25920,$6050,$201,$14078,$776,$21506,$47426,$16733,$7553,$1663,$12609,$29342,$1734,$18661,$-2493,$18084,$47426,$2356,$966,$-37,$929,$-1046,$-309,$-14,$-506,$-1779,$1561,$-692,$0,$-872,$-392,$1476,$1084,$108,$-372,$-1381,$-557,$-1938,$3,$3,$-1800,$-41,$-3776,$-2579,$0,$-1800
21,2013-06-30,20.19,$7.29,2.77,$17.70,1.14,$1.07,18.84,$1.21,16.69,$25.07B,$16.36B,1.53,$7.42B,$16.75B,0.44,$40.71B,$11.72B,28.80%,$40.71B,$4.25B,10.44%,$40.71B,$4.25B,10.44%,$40.71B,$5.54B,13.60%,$40.71B,$3.99B,9.81%,$40.71B,$2.79B,6.85%,$2.79B,$16.75B,16.16%,$2.79B,$3.47B,77.87%,$2.79B,$45.51B,5.90%,$4.25B,$24.17B,17.25%,$10225,$7200,$3025,$343,$1499,$9037,$1188,$-63,$1125,$331,$794,$794,$763,$1506,$1188,$2297,2304,$0.33,$0.33,$4691,$6347,$517,$25069,$5782,$194,$13278,$789,$20444,$45513,$16363,$7417,$1642,$12398,$28761,$1717,$17826,$-2933,$16752,$45513,$1478,$639,$-84,$555,$-963,$-352,$-50,$-174,$-1727,$320,$-452,$0,$-24,$34,$1012,$1046,$30,$600,$-1390,$-403,$-1793,$2,$2,$-1763,$-43,$-3597,$-2727,$0,$-1763
22,2013-03-31,20.55,$7.73,2.66,$17.48,1.18,$1.15,17.94,$1.17,17.56,$26.95B,$17.49B,1.54,$7.43B,$17.74B,0.42,$40.14B,$11.54B,28.74%,$40.14B,$4.06B,10.12%,$40.14B,$4.06B,10.12%,$40.14B,$5.31B,13.23%,$40.14B,$3.80B,9.47%,$40.14B,$2.68B,6.68%,$2.68B,$17.74B,15.73%,$2.68B,$4.22B,85.28%,$2.68B,$47.70B,5.68%,$4.06B,$25.17B,16.71%,$9715,$6864,$2851,$361,$1449,$8663,$1052,$-79,$973,$277,$696,$696,$664,$1373,$1052,$2296,2303,$0.29,$0.29,$7046,$6267,$483,$26946,$5820,$211,$13523,$771,$20755,$47701,$17485,$7430,$1545,$12475,$29960,$1688,$18730,$-2904,$17741,$47701,$692,$321,$-16,$305,$-504,$-248,$-197,$-26,$-1234,$-223,$-216,$0,$-26,$-30,$0,$-30,$46,$-226,$-308,$-507,$-815,$1,$1,$-15,$-4,$-833,$-1420,$0,$-15
23,2012-12-31,18.77,$7.60,2.47,$17.14,1.09,$1.22,15.34,$1.18,15.9,$28.00B,$18.97B,1.48,$7.53B,$17.45B,0.43,$39.34B,$11.38B,28.93%,$39.34B,$4.06B,10.32%,$39.34B,$4.06B,10.32%,$39.34B,$5.24B,13.32%,$39.34B,$3.84B,9.76%,$39.34B,$2.70B,6.87%,$2.70B,$17.45B,15.90%,$2.70B,$3.72B,66.69%,$2.70B,$49.07B,5.87%,$4.06B,$24.98B,17.10%,$11021,$8098,$2923,$390,$1576,$10158,$863,$-37,$826,$202,$624,$624,$604,$1204,$863,$2293,2295,$0.26,$0.26,$8481,$6182,$584,$28002,$5947,$213,$13727,$776,$21068,$49070,$18974,$7534,$1566,$12650,$31624,$1691,$18066,$-2523,$17446,$49070,$2812,$1182,$27,$1209,$-310,$61,$-57,$-6,$-411,$3779,$-1253,$0,$-3678,$-673,$0,$-673,$29,$-5575,$4882,$570,$5452,$90,$90,$-1747,$-33,$3762,$2056,$0,$-1747
24,2012-09-30,16.88,$7.47,2.26,$16.96,1.0,$1.28,13.2,$1.28,13.19,$25.61B,$17.78B,1.44,$7.06B,$17.14B,0.41,$38.89B,$11.45B,29.44%,$38.89B,$4.32B,11.10%,$38.89B,$4.32B,11.10%,$38.89B,$5.42B,13.95%,$38.89B,$4.13B,10.61%,$38.89B,$2.93B,7.53%,$2.93B,$17.14B,17.52%,$2.93B,$2.92B,60.68%,$2.93B,$46.94B,6.70%,$4.32B,$24.19B,19.29%,$9745,$6822,$2923,$358,$1393,$8599,$1146,$-77,$1069,$274,$795,$795,$759,$1453,$1146,$2293,2295,$0.33,$0.33,$5425,$6659,$622,$25614,$5658,$275,$14214,$770,$21329,$46943,$17782,$7055,$1497,$12026,$29808,$1673,$17462,$-2155,$17135,$46943,$2188,$841,$-44,$797,$-388,$-466,$-326,$-568,$-1748,$1341,$-838,$0,$-3686,$-3,$226,$223,$34,$-4267,$4376,$103,$4479,$47,$47,$-1747,$-19,$2760,$-136,$0,$-1747
25,2012-06-30,14.73,$6.94,2.12,$16.78,0.88,$1.66,8.85,$1.29,11.42,$24.35B,$17.66B,1.38,$6.98B,$15.91B,0.44,$38.48B,$11.37B,29.55%,$38.48B,$4.37B,11.35%,$38.48B,$4.37B,11.35%,$38.48B,$5.42B,14.09%,$38.48B,$4.19B,10.89%,$38.48B,$2.96B,7.70%,$2.96B,$15.91B,17.91%,$2.96B,$1.73B,50.94%,$2.96B,$45.34B,7.04%,$4.37B,$22.89B,20.77%,$9663,$6821,$2842,$370,$1465,$8662,$1001,$-68,$933,$256,$677,$677,$656,$1282,$1001,$2293,2294,$0.29,$0.29,$5148,$6363,$409,$24354,$5407,$279,$14187,$709,$20989,$45343,$17661,$6977,$1483,$11769,$29430,$1659,$16703,$-2560,$15913,$45343,$1394,$534,$-41,$493,$-257,$-376,$-163,$-566,$-1362,$573,$-536,$0,$-3616,$0,$569,$569,$-3,$-3586,$4123,$591,$4714,$46,$46,$-1717,$-18,$3025,$-46,$0,$-1717
26,2012-03-31,17.74,$7.64,2.32,$16.80,1.06,$2.00,8.88,$1.39,12.76,$26.76B,$16.54B,1.62,$5.36B,$17.52B,0.31,$38.50B,$11.55B,30.01%,$38.50B,$4.70B,12.21%,$38.50B,$4.70B,12.21%,$38.50B,$5.72B,14.86%,$38.50B,$4.58B,11.90%,$38.50B,$3.20B,8.31%,$3.20B,$17.52B,19.17%,$3.20B,$7.85B,43.88%,$3.20B,$43.01B,7.86%,$4.70B,$22.89B,23.46%,$8907,$6217,$2690,$346,$1322,$7859,$1048,$-38,$1010,$298,$712,$712,$685,$1301,$1048,$2292,2294,$0.30,$0.30,$7588,$6356,$420,$26760,$5121,$254,$9671,$759,$16248,$43008,$16542,$5364,$1500,$8942,$25484,$1631,$17673,$-1986,$17524,$43008,$712,$253,$23,$276,$-74,$-388,$-184,$-389,$-1035,$-22,$-236,$0,$-196,$-23,$-855,$-878,$-11,$-1321,$1987,$91,$2078,$46,$46,$-8,$15,$2131,$932,$0,$-8
27,2011-12-31,16.36,$7.13,2.29,$16.58,0.99,$2.15,7.6,$1.38,11.86,$23.79B,$16.56B,1.44,$3.23B,$16.34B,0.2,$37.99B,$11.43B,30.10%,$37.99B,$4.67B,12.28%,$37.99B,$4.67B,12.28%,$37.99B,$5.66B,14.90%,$37.99B,$4.55B,11.98%,$37.99B,$3.17B,8.34%,$3.17B,$16.34B,19.26%,$3.17B,$6.81B,43.46%,$3.17B,$39.65B,8.04%,$4.67B,$19.57B,24.87%,$10571,$7578,$2993,$399,$1437,$9448,$1123,$-10,$1113,$247,$866,$866,$830,$1388,$1123,$2288,2291,$0.36,$0.36,$5767,$5737,$351,$23787,$4922,$156,$9522,$804,$15861,$39648,$16561,$3231,$1496,$6751,$23312,$1621,$16988,$-2408,$16336,$39648,$3315,$995,$-81,$914,$-731,$-600,$213,$394,$-724,$3612,$-964,$0,$-4012,$387,$1391,$1778,$-55,$-3253,$4,$450,$454,$110,$110,$-1726,$-46,$-1208,$-1078,$0,$-1726
28,2011-09-30,14.84,$7.14,2.08,$15.98,0.93,$2.46,6.03,$1.33,11.16,$24.67B,$18.36B,1.34,$2.38B,$16.35B,0.15,$36.60B,$11.07B,30.25%,$36.60B,$4.52B,12.36%,$36.60B,$4.52B,12.36%,$36.60B,$5.45B,14.88%,$36.60B,$4.41B,12.04%,$36.60B,$3.04B,8.30%,$3.04B,$16.35B,18.72%,$3.04B,$6.86B,36.81%,$3.04B,$40.25B,7.87%,$4.52B,$18.73B,25.09%,$9337,$6490,$2847,$332,$1317,$8143,$1194,$-58,$1136,$318,$818,$818,$790,$1451,$1194,$2290,2291,$0.34,$0.34,$5594,$6492,$439,$24670,$4757,$19,$9494,$821,$15582,$40252,$18363,$2380,$1636,$5538,$23901,$1607,$16158,$-1507,$16351,$40252,$2441,$730,$-55,$675,$-617,$-1213,$74,$495,$-1261,$1938,$-553,$0,$-3632,$2141,$0,$2141,$-61,$-2105,$-103,$1124,$1021,$110,$110,$-1725,$-14,$-608,$-901,$0,$-1725
29,2011-06-30,22.55,$7.21,3.13,$15.35,1.47,$2.75,8.2,$1.33,16.96,$24.54B,$17.81B,1.38,$2.47B,$16.52B,0.15,$35.16B,$10.73B,30.51%,$35.16B,$4.48B,12.75%,$35.16B,$4.48B,12.75%,$35.16B,$5.33B,15.17%,$35.16B,$4.39B,12.50%,$35.16B,$3.02B,8.59%,$3.02B,$16.52B,19.16%,$3.02B,$7.63B,33.73%,$3.02B,$39.87B,8.09%,$4.48B,$18.99B,25.63%,$9680,$6659,$3021,$334,$1356,$8343,$1337,$-16,$1321,$395,$926,$926,$893,$1579,$1337,$2288,2292,$0.39,$0.39,$4911,$6628,$689,$24535,$5019,$20,$8890,$884,$15334,$39869,$17813,$2471,$1674,$5541,$23354,$1614,$15368,$-573,$16515,$39869,$1621,$473,$-89,$384,$-260,$-899,$257,$-23,$-925,$1127,$-328,$0,$-3183,$385,$2001,$2386,$-75,$-1200,$-22,$97,$75,$110,$110,$-1679,$52,$-1442,$-1345,$0,$-1679
30,2011-03-31,20.52,$7.27,2.82,$14.43,1.42,$2.76,7.44,$1.21,16.96,$23.08B,$17.19B,1.34,$1.19B,$16.59B,0.07,$33.06B,$10.02B,30.30%,$33.06B,$4.12B,12.47%,$33.06B,$4.12B,12.47%,$33.06B,$4.89B,14.80%,$33.06B,$4.03B,12.19%,$33.06B,$2.75B,8.33%,$2.75B,$16.59B,17.98%,$2.75B,$7.86B,28.82%,$2.75B,$37.94B,7.68%,$4.12B,$17.78B,24.42%,$8402,$5829,$2573,$306,$1263,$7389,$1013,$-33,$980,$284,$696,$696,$655,$1244,$1013,$2284,2289,$0.29,$0.29,$4511,$6085,$673,$23081,$4843,$19,$8732,$386,$14858,$37939,$17188,$1189,$1658,$4157,$21345,$1465,$16044,$-1091,$16594,$37939,$696,$231,$-19,$212,$15,$-500,$135,$-342,$-692,$236,$-133,$0,$-3102,$1870,$0,$1870,$-9,$-1374,$-1262,$51,$-1211,$4,$4,$-1,$-37,$-1245,$-2248,$0,$-1
31,2010-12-31,19.05,$6.77,2.81,$13.78,1.38,$2.84,6.71,$1.12,17.01,$25.35B,$16.74B,1.51,$1.14B,$15.46B,0.07,$31.59B,$9.53B,30.17%,$31.59B,$3.82B,12.09%,$31.59B,$3.82B,12.09%,$31.59B,$4.52B,14.31%,$31.59B,$3.74B,11.84%,$31.59B,$2.56B,8.11%,$2.56B,$15.46B,17.27%,$2.56B,$10.67B,24.61%,$2.56B,$36.30B,7.33%,$3.82B,$16.60B,22.97%,$9179,$6550,$2629,$320,$1297,$8201,$978,$-10,$968,$228,$740,$740,$700,$1173,$978,$2287,2291,$0.31,$0.31,$8610,$4878,$801,$25348,$4356,$19,$4786,$767,$10947,$36295,$16738,$1139,$1718,$4099,$20837,$1454,$15389,$-1517,$15458,$36295,$2732,$702,$58,$760,$-407,$-264,$678,$592,$599,$4197,$-840,$0,$-1313,$1336,$-2053,$-717,$123,$-2747,$-220,$52,$-168,$-150,$-150,$-1305,$-907,$-2530,$-1222,$0,$-1305
32,2010-09-30,17.92,$6.37,2.82,$13.61,1.32,$2.73,6.56,$1.05,17.07,$24.33B,$15.07B,1.62,$2.08B,$14.54B,0.14,$31.17B,$9.37B,30.06%,$31.17B,$3.64B,11.67%,$31.17B,$3.64B,11.67%,$31.17B,$4.33B,13.90%,$31.17B,$3.57B,11.44%,$31.17B,$2.40B,7.70%,$2.40B,$14.54B,16.46%,$2.40B,$9.68B,22.89%,$2.40B,$35.30B,6.95%,$3.64B,$16.62B,21.87%,$7903,$5399,$2504,$260,$1106,$6747,$1156,$-31,$1125,$304,$821,$821,$774,$1337,$1156,$2284,2288,$0.34,$0.34,$7622,$5109,$740,$24331,$4092,$32,$4861,$362,$10968,$35299,$15070,$2080,$1957,$5690,$20760,$1421,$14689,$-1706,$14539,$35299,$1979,$507,$126,$633,$-265,$-462,$506,$-21,$-242,$2438,$-402,$0,$-1229,$1524,$-1586,$-62,$-46,$-1739,$-130,$66,$-64,$-114,$-114,$-1300,$-941,$-2419,$-1850,$0,$-1300
33,2010-06-30,14.28,$6.40,2.23,$13.62,1.05,$2.56,5.58,$1.16,12.31,$23.52B,$13.84B,1.7,$1.89B,$14.63B,0.13,$31.18B,$9.17B,29.42%,$31.18B,$3.90B,12.51%,$31.18B,$3.90B,12.51%,$31.18B,$4.58B,14.70%,$31.18B,$3.82B,12.26%,$31.18B,$2.66B,8.53%,$2.66B,$14.63B,18.44%,$2.66B,$9.99B,24.92%,$2.66B,$33.78B,7.75%,$3.90B,$16.52B,23.62%,$7573,$5263,$2310,$256,$1081,$6598,$975,$-19,$956,$285,$671,$671,$623,$1137,$975,$2288,2293,$0.27,$0.27,$8014,$4551,$648,$23516,$3766,$31,$4639,$272,$10262,$33778,$13835,$1887,$1893,$5315,$19150,$3967,$13915,$-2846,$14628,$33778,$1160,$326,$84,$410,$-300,$-407,$320,$-143,$-530,$1076,$-256,$0,$-1089,$1544,$-908,$636,$-20,$-729,$-100,$36,$-64,$-104,$-104,$-117,$9,$-276,$-583,$0,$-117
34,2010-03-31,18.05,$6.42,2.81,$13.78,1.31,$2.45,7.37,$1.19,15.17,$25.02B,$14.14B,1.77,$2.06B,$14.70B,0.14,$31.52B,$9.29B,29.48%,$31.52B,$3.97B,12.60%,$31.52B,$3.97B,12.60%,$31.52B,$4.64B,14.73%,$31.52B,$3.89B,12.34%,$31.52B,$2.71B,8.61%,$2.71B,$14.70B,19.25%,$2.71B,$11.28B,25.46%,$2.71B,$34.33B,7.90%,$3.97B,$16.76B,24.49%,$6934,$4848,$2086,$246,$1131,$6225,$709,$-18,$691,$201,$490,$490,$464,$873,$709,$2290,2295,$0.20,$0.20,$9413,$4689,$568,$25021,$3956,$51,$3416,$298,$9307,$34328,$14141,$2061,$1978,$5489,$19630,$3951,$13292,$-2359,$14698,$34328,$491,$164,$41,$205,$83,$-280,$25,$-111,$-283,$427,$-134,$0,$-54,$376,$-36,$340,$-7,$145,$17,$22,$39,$0,$0,$-16,$-6,$17,$289,$0,$-16
35,2009-12-31,15.79,$6.32,2.5,$13.91,1.14,$2.20,7.17,$1.28,12.33,$25.23B,$14.58B,1.73,$2.17B,$14.47B,0.15,$31.80B,$9.33B,29.33%,$31.80B,$4.13B,12.98%,$31.80B,$4.13B,12.98%,$31.80B,$4.78B,15.04%,$31.80B,$4.12B,12.96%,$31.80B,$2.90B,9.12%,$2.90B,$14.47B,21.63%,$2.90B,$11.00B,28.96%,$2.90B,$34.73B,8.59%,$4.13B,$16.65B,26.59%,$8761,$6291,$2470,$0,$519,$7963,$798,$-3,$795,$170,$625,$625,$540,$986,$798,$2284,2284,$0.23,$0.23,$9552,$4550,$540,$25229,$4072,$49,$3469,$293,$9499,$34728,$14579,$2172,$1997,$5676,$20255,$3943,$12828,$-2084,$14473,$34728,$3136,$655,$-97,$558,$256,$1130,$-718,$-329,$339,$4027,$-931,$0,$-145,$-1759,$691,$-1068,$-28,$-2172,$-119,$-59,$-178,$89,$89,$-1220,$-40,$-1349,$720,$0,$-1220
36,2009-09-30,16.57,$0.00,0.0,$14.05,1.18,$2.10,7.89,$1.13,14.66,$24.95B,$14.78B,1.69,$2.22B,$13.93B,0.16,$32.17B,$9.45B,29.38%,$32.17B,$3.79B,11.77%,$32.17B,$3.79B,11.77%,$32.17B,$4.43B,13.78%,$32.17B,$3.64B,11.31%,$32.17B,$2.57B,8.00%,$2.57B,$13.93B,20.21%,$2.57B,$10.43B,27.38%,$2.57B,$34.43B,7.72%,$3.79B,$16.15B,25.58%,$7910,$5603,$2307,$0,$1333,$6491,$1419,$-38,$1381,$297,$1084,$1084,$1034,$1588,$1419,$2283,2289,$0.45,$0.45,$8281,$5347,$495,$24950,$3967,$48,$3496,$287,$9476,$34426,$14775,$2219,$1959,$5723,$20498,$3893,$12288,$-1954,$13928,$34426,$2520,$467,$-22,$445,$172,$398,$-703,$-575,$-708,$2244,$-601,$0,$-145,$-2149,$859,$-1290,$-22,$-2058,$-83,$-28,$-111,$3,$3,$-1218,$-14,$-1340,$-897,$0,$-1218
37,2009-06-30,12.7,$0.00,0.0,$14.43,0.88,$2.20,5.78,$1.08,11.76,$24.75B,$15.16B,1.63,$2.06B,$13.28B,0.16,$33.06B,$9.85B,29.80%,$33.06B,$3.66B,11.07%,$33.06B,$3.66B,11.07%,$33.06B,$4.30B,13.01%,$33.06B,$3.56B,10.78%,$33.06B,$2.47B,7.46%,$2.47B,$13.28B,20.24%,$2.47B,$9.91B,27.65%,$2.47B,$33.86B,7.51%,$3.66B,$15.34B,25.78%,$7915,$5486,$2429,$0,$1362,$6868,$1047,$-25,$1022,$294,$728,$728,$675,$1197,$1047,$2283,2286,$0.30,$0.30,$8138,$5482,$474,$24753,$3718,$49,$3368,$257,$9106,$33859,$15162,$2063,$1849,$5416,$20578,$4895,$11254,$-2513,$13281,$33859,$1432,$298,$-1,$297,$35,$-15,$-505,$-252,$-737,$963,$-391,$0,$-48,$-820,$835,$15,$-2,$-426,$-32,$6,$-26,$0,$0,$-106,$-34,$-166,$423,$0,$-106
38,2009-03-31,11.22,$0.00,0.0,$14.89,0.75,$2.39,4.7,$1.20,9.35,$23.32B,$14.82B,1.57,$1.96B,$11.98B,0.16,$34.17B,$10.37B,30.36%,$34.17B,$4.06B,11.89%,$34.17B,$4.06B,11.89%,$34.17B,$4.72B,13.82%,$34.17B,$4.03B,11.80%,$34.17B,$2.77B,8.10%,$2.77B,$11.98B,22.97%,$2.77B,$8.72B,30.98%,$2.77B,$32.03B,8.40%,$4.06B,$13.94B,28.82%,$7209,$5090,$2119,$0,$1277,$6347,$862,$60,$922,$240,$682,$682,$652,$1010,$862,$2283,2285,$0.29,$0.29,$7127,$5316,$488,$23323,$3462,$42,$3260,$258,$8703,$32026,$14815,$1960,$1816,$5234,$20049,$4858,$10579,$-3189,$11977,$32026,$693,$148,$-10,$138,$-70,$-232,$-375,$-180,$-857,$-104,$-177,$0,$-48,$-130,$856,$726,$2,$503,$-10,$21,$11,$0,$0,$-14,$-13,$-16,$151,$0,$-14
39,2008-12-31,12.08,$5.16,2.34,$15.18,0.8,$2.63,4.59,$1.35,8.95,$24.24B,$15.90B,1.52,$2.01B,$11.77B,0.17,$34.91B,$10.94B,31.34%,$34.91B,$4.55B,13.04%,$34.91B,$4.55B,13.04%,$34.91B,$5.21B,14.93%,$34.91B,$4.52B,12.94%,$34.91B,$3.12B,8.93%,$3.12B,$11.77B,25.87%,$3.12B,$8.54B,34.43%,$3.12B,$33.01B,9.36%,$4.55B,$13.78B,32.08%,$9140,$6543,$2597,$0,$475,$8681,$459,$-145,$314,$5,$309,$309,$213,$637,$459,$2287,2296,$0.08,$0.11,$7753,$5306,$776,$24237,$3562,$68,$3228,$278,$8774,$33011,$15904,$2009,$1902,$5337,$21241,$4841,$9927,$-2710,$11770,$33011,$3378,$661,$-263,$398,$-1266,$-800,$522,$1493,$-51,$3958,$-1077,$0,$-607,$2793,$-971,$1822,$-24,$114,$-328,$-10,$-338,$-572,$-572,$-1212,$3,$-2119,$1749,$0,$-1212
40,2008-09-30,15.61,$0.00,0.0,$14.98,1.04,$2.41,6.49,$2.02,7.73,$24.07B,$15.38B,1.57,$1.99B,$11.72B,0.17,$34.49B,$10.97B,31.80%,$34.49B,$5.24B,15.19%,$34.49B,$5.24B,15.19%,$34.49B,$5.89B,17.07%,$34.49B,$5.28B,15.31%,$34.49B,$4.51B,13.08%,$4.51B,$11.72B,38.08%,$4.51B,$8.52B,50.20%,$4.51B,$32.52B,13.76%,$5.24B,$13.71B,37.37%,$8791,$6085,$2706,$0,$1432,$7500,$1291,$13,$1304,$331,$973,$973,$927,$1457,$1291,$2285,2294,$0.41,$0.40,$7189,$5754,$487,$24071,$3485,$69,$3202,$146,$8452,$32523,$15378,$1989,$1716,$5421,$20799,$4678,$9860,$-1913,$11724,$32523,$3089,$483,$222,$705,$-1193,$-1017,$401,$514,$-1295,$2563,$-691,$0,$-506,$1786,$-340,$1446,$-1,$248,$-318,$32,$-286,$-557,$-557,$-1209,$63,$-1989,$697,$0,$-1209
41,2008-06-30,22.42,$0.00,0.0,$14.26,1.57,$2.09,10.71,$1.94,11.55,$25.94B,$15.80B,1.64,$2.21B,$12.72B,0.17,$32.88B,$10.48B,31.88%,$32.88B,$4.98B,15.15%,$32.88B,$4.98B,15.15%,$32.88B,$5.62B,17.08%,$32.88B,$5.00B,15.19%,$32.88B,$4.32B,13.15%,$4.32B,$12.72B,38.85%,$4.32B,$9.94B,51.46%,$4.32B,$34.16B,13.54%,$4.98B,$14.93B,37.34%,$9025,$6073,$2952,$0,$1526,$7576,$1449,$41,$1490,$430,$1060,$1060,$975,$1616,$1449,$2286,2300,$0.43,$0.42,$8600,$5817,$545,$25935,$3625,$69,$2774,$112,$8220,$34155,$15803,$2212,$1777,$5634,$21437,$5673,$8933,$-1123,$12718,$34155,$2110,$317,$182,$499,$-882,$-563,$350,$-111,$-1206,$1442,$-434,$0,$-5,$2936,$-65,$2871,$-3,$2429,$-307,$91,$-216,$-445,$-445,$-103,$31,$-733,$3437,$0,$-103
42,2008-03-31,21.31,$0.00,0.0,$13.41,1.59,$1.85,11.54,$1.84,11.58,$25.23B,$15.70B,1.61,$2.34B,$11.99B,0.2,$30.95B,$9.74B,31.46%,$30.95B,$4.56B,14.72%,$30.95B,$4.56B,14.72%,$30.95B,$5.16B,16.68%,$30.95B,$4.53B,14.64%,$30.95B,$4.08B,13.17%,$4.08B,$11.99B,41.36%,$4.08B,$9.22B,56.95%,$4.08B,$33.49B,13.54%,$4.56B,$14.33B,37.70%,$7956,$5271,$2685,$0,$1362,$6603,$1353,$57,$1410,$353,$1057,$1057,$1003,$1503,$1353,$2295,2308,$0.44,$0.43,$8362,$5543,$733,$25227,$3527,$68,$2776,$182,$8266,$33493,$15702,$2338,$1720,$5798,$21500,$5641,$7958,$-1070,$11993,$33493,$1003,$150,$96,$246,$-427,$-281,$29,$-182,$-861,$464,$-181,$0,$24,$1630,$-37,$1593,$-2,$1434,$-194,$14,$-180,$-182,$-182,$-1,$10,$-353,$1847,$0,$-1
43,2007-12-31,22.8,$4.77,4.78,$12.65,1.8,$1.81,12.6,$1.64,13.9,$23.15B,$14.48B,1.6,$2.14B,$10.96B,0.2,$29.18B,$8.97B,30.73%,$29.18B,$4.02B,13.79%,$29.18B,$4.02B,13.79%,$29.18B,$4.63B,15.85%,$29.18B,$3.91B,13.41%,$29.18B,$3.61B,12.37%,$3.61B,$10.96B,41.66%,$3.61B,$8.27B,60.20%,$3.61B,$31.00B,12.76%,$4.02B,$13.10B,36.89%,$8713,$6090,$2623,$0,$1446,$7568,$1145,$-69,$1076,$-113,$1189,$1346,$1607,$1312,$1145,$2258,2308,$0.71,$0.69,$8110,$4863,$368,$23145,$3246,$63,$2691,$127,$7856,$31001,$14479,$2138,$1797,$5565,$20044,$5634,$6955,$-1330,$10957,$31001,$3855,$602,$-1054,$-452,$-1323,$-551,$530,$715,$-629,$3054,$-681,$0,$1088,$-2811,$64,$-2747,$49,$-2291,$-37,$-19,$-56,$42,$42,$-566,$-45,$-625,$452,$0,$-566
44,2007-09-30,20.76,$0.00,0.0,$11.90,1.74,$1.46,14.2,$1.06,19.59,$21.77B,$14.56B,1.5,$2.17B,$8.84B,0.25,$27.29B,$8.30B,30.41%,$27.29B,$3.63B,13.30%,$27.29B,$3.63B,13.30%,$27.29B,$4.22B,15.47%,$27.29B,$3.57B,13.06%,$27.29B,$2.43B,8.89%,$2.43B,$8.84B,32.62%,$2.43B,$6.18B,50.78%,$2.43B,$29.02B,9.04%,$3.63B,$11.01B,36.54%,$7190,$4968,$2222,$0,$1201,$6155,$1035,$-16,$1019,$226,$793,$735,$738,$1184,$1035,$2279,2307,$0.32,$0.32,$5942,$4988,$421,$21773,$3061,$68,$2668,$160,$7248,$29021,$14557,$2171,$1778,$5621,$20178,$5523,$5202,$-1580,$8843,$29021,$2004,$435,$123,$558,$-1037,$-809,$422,$339,$-1085,$1585,$-424,$0,$308,$-589,$0,$-589,$57,$-648,$-21,$-4,$-25,$-46,$-46,$-567,$-28,$-666,$455,$0,$-567
45,2007-06-30,17.89,$0.00,0.0,$11.27,1.59,$1.24,14.39,$0.92,19.44,$19.72B,$13.47B,1.46,$2.28B,$7.64B,0.3,$25.78B,$7.77B,30.14%,$25.78B,$3.26B,12.66%,$25.78B,$3.26B,12.66%,$25.78B,$3.85B,14.91%,$25.78B,$3.18B,12.35%,$25.78B,$2.09B,8.09%,$2.09B,$7.64B,31.32%,$2.09B,$4.98B,52.77%,$2.09B,$26.91B,8.14%,$3.26B,$9.92B,34.78%,$7092,$4884,$2208,$0,$1190,$6068,$1024,$1,$1025,$259,$766,$706,$729,$1163,$1024,$2269,2310,$0.32,$0.32,$5041,$4581,$254,$19722,$2909,$66,$2657,$154,$7186,$26908,$13472,$2279,$1736,$5799,$19271,$5343,$4464,$-1868,$7637,$26908,$1266,$286,$96,$382,$-836,$-587,$308,$69,$-1046,$699,$-255,$0,$294,$44,$0,$44,$15,$98,$9,$1,$10,$-46,$-46,$-549,$-38,$-623,$218,$0,$-549
46,2007-03-31,13.47,$0.00,0.0,$10.71,1.26,$1.15,11.7,$0.77,17.49,$18.64B,$12.98B,1.44,$2.37B,$7.23B,0.33,$24.33B,$7.22B,29.67%,$24.33B,$2.88B,11.85%,$24.33B,$2.88B,11.85%,$24.33B,$3.47B,14.25%,$24.33B,$2.74B,11.26%,$24.33B,$1.72B,7.08%,$1.72B,$7.23B,28.28%,$1.72B,$4.57B,51.71%,$1.72B,$26.25B,6.95%,$2.88B,$9.60B,31.98%,$6188,$4273,$1915,$0,$1138,$5369,$819,$-26,$793,$223,$570,$531,$537,$966,$819,$2190,2304,$0.25,$0.24,$5051,$4339,$207,$18635,$2818,$552,$2660,$153,$7616,$26251,$12977,$2371,$1893,$6043,$19020,$5172,$4184,$-2022,$7231,$26251,$537,$147,$32,$179,$-153,$-469,$122,$38,$-462,$303,$-105,$0,$86,$-139,$0,$-139,$3,$-155,$23,$25,$48,$0,$0,$-5,$-29,$14,$165,$0,$-5
47,2006-12-31,14.09,$2.56,5.51,$10.42,1.35,$1.05,13.44,$0.63,22.37,$17.56B,$12.49B,1.41,$3.16B,$6.04B,0.52,$23.28B,$6.74B,28.97%,$23.28B,$2.56B,10.98%,$23.28B,$2.56B,10.98%,$23.28B,$3.13B,13.43%,$23.28B,$2.40B,10.30%,$23.28B,$1.39B,5.97%,$1.39B,$6.04B,26.51%,$1.39B,$3.38B,56.97%,$1.39B,$25.14B,5.79%,$2.56B,$9.20B,29.84%,$6817,$4863,$1954,$0,$1241,$6066,$751,$-23,$728,$178,$550,$490,$422,$907,$751,$2128,2248,$0.20,$0.18,$4726,$3807,$240,$17555,$2793,$545,$2655,$175,$7587,$25142,$12485,$3160,$1436,$6619,$19104,$4514,$3647,$-2019,$6038,$25142,$1390,$570,$117,$687,$-698,$-512,$256,$626,$-328,$1939,$-408,$0,$24,$-377,$0,$-377,$67,$-694,$-38,$-26,$-64,$47,$47,$-297,$-78,$-392,$1062,$0,$-297
