,Date,Stock Price,Book Value per Share,Price to Book Ratio,TTM Sales per Share,Price to Sales Ratio,TTM FCF per Share,Price to FCF Ratio,TTM Net EPS,PE Ratio,Current Assets,Current Liabilities,Current Ratio,Long Term Debt,Shareholder's Equity_x,Debt to Equity Ratio,TTM Revenue_x,TTM Gross Profit,Gross Margin,TTM Revenue_y,TTM Operating Income,Operating Margin,TTM Revenue_x,TTM EBIT,EBIT Margin,TTM Revenue_y,TTM EBITDA,EBITDA Margin,TTM Revenue_x,TTM Pre-Tax Income,Pre-Tax Margin,TTM Revenue_y,TTM Net Income_x,Net Margin,TTM Net Income_y,Shareholder's Equity_y,Return on Equity,TTM Net Income_x,Tangible Equity,Return on Tangible Equity,TTM Net Income_y,Total Assets,Return on Assets,TTM Net Income,LT Investments & Debt,Return on Investment,revenue,cost-goods-sold,gross-profit,research-development-expenses,selling-general-administrative-expenses,operating-expenses,operating-income,total-non-operating-income-expense,pre-tax-income,total-provision-income-taxes,income-after-taxes,income-from-continuous-operations,net-income,ebitda,ebit,basic-shares-outstanding,shares-outstanding,eps-basic-net-earnings-per-share,eps-earnings-per-share-diluted,cash-on-hand,inventory,other-current-assets,total-current-assets,net-property-plant-equipment,long-term-investments,goodwill-intangible-assets-total,other-long-term-assets,total-long-term-assets,total-assets,total-current-liabilities,long-term-debt,other-non-current-liabilities,total-long-term-liabilities,total-liabilities,common-stock-net,retained-earnings-accumulated-deficit,comprehensive-income,total-share-holder-equity,total-liabilities-share-holders-equity,net-income-loss,total-depreciation-amortization-cash-flow,other-non-cash-items,total-non-cash-items,change-in-accounts-receivable,change-in-inventories,change-in-accounts-payable,change-in-assets-liabilities,total-change-in-assets-liabilities,cash-flow-from-operating-activities,net-change-in-property-plant-equipment,net-change-in-intangible-assets,net-acquisitions-divestitures,net-change-in-short-term-investments,net-change-in-long-term-investments,net-change-in-investments-total,investing-activities-other,cash-flow-from-investing-activities,net-long-term-debt,net-current-debt,debt-issuance-retirement-net-total,net-common-equity-issued-repurchased,net-total-equity-issued-repurchased,total-common-preferred-stock-dividends-paid,financial-activities-other,cash-flow-from-financial-activities,net-cash-flow,stock-based-compensation,common-stock-dividends-paid
0,2018-09-30,45.7,$29.58,1.54,$11.77,3.88,$-4.10,0.0,$2.05,22.29,$9.27B,$9.20B,1.01,$0.75B,$1.41B,0.53,$0.48B,$0.42B,88.15%,$0.48B,$0.14B,28.07%,$0.48B,0,0.00%,$0.48B,0,0.00%,$0.48B,$0.13B,27.44%,$0.48B,$0.09B,17.88%,$0.09B,$1.41B,7.73%,$0.09B,$0.85B,11.57%,$0.09B,$11.43B,0.89%,$0.14B,$2.15B,7.58%,$151,$22,$129,$0,$72,$97,$55,$0,$55,$13,$41,$41,$41,$0,$0,$48,48,$0.87,$0.87,$641,$0,$0,$9272,$146,$1198,$560,$214,$2157,$11429,$9195,$746,$64,$810,$10024,$49,$338,$-17,$1405,$11429,$77,$8,$-5,$3,$1196,$0,$0,$-1360,$-163,$-94,$-7,$0,$51,$0,$-55,$-55,$-149,$-159,$191,$-17,$175,$-1,$-1,$-12,$390,$552,$299,$5,$-12
1,2018-06-30,53.35,$28.87,1.85,$11.35,4.7,$-4.62,0.0,$1.72,31.02,$9.03B,$8.77B,1.03,$0.95B,$1.37B,0.69,$0.43B,$0.39B,89.84%,$0.43B,$0.11B,24.94%,$0.43B,0,0.00%,$0.43B,0,0.00%,$0.43B,$0.11B,24.25%,$0.43B,$0.07B,15.01%,$0.07B,$1.37B,6.76%,$0.07B,$0.81B,9.32%,$0.07B,$11.19B,0.75%,$0.11B,$2.32B,6.48%,$121,$14,$107,$0,$93,$109,$12,$0,$12,$2,$9,$9,$9,$0,$0,$39,40,$0.24,$0.24,$436,$0,$0,$9033,$144,$1198,$558,$217,$2158,$11191,$8773,$951,$77,$1027,$9819,$49,$302,$-13,$1372,$11191,$36,$5,$-883,$-878,$782,$0,$0,$2,$784,$-55,$-3,$0,$52,$0,$-40,$-40,$-200,$-191,$396,$-20,$377,$-0,$-0,$-8,$-29,$340,$94,$4,$-8
2,2018-03-31,52.8,$22.66,2.33,$10.96,4.82,$-5.05,0.0,$2.10,25.14,$6.61B,$6.47B,1.02,$0.64B,$0.87B,0.74,$0.41B,$0.37B,90.53%,$0.41B,$0.13B,31.31%,$0.41B,0,0.00%,$0.41B,0,0.00%,$0.41B,$0.13B,30.58%,$0.41B,$0.08B,19.17%,$0.08B,$0.87B,9.70%,$0.08B,$0.65B,12.07%,$0.08B,$8.02B,1.02%,$0.13B,$1.51B,8.75%,$106,$11,$95,$0,$60,$72,$34,$0,$34,$8,$27,$27,$27,$0,$0,$38,38,$0.70,$0.70,$335,$0,$0,$6610,$116,$881,$221,$166,$1413,$8023,$6469,$641,$43,$684,$7154,$40,$296,$-11,$869,$8023,$27,$4,$-357,$-353,$379,$0,$0,$1,$380,$48,$-1,$0,$-21,$0,$-52,$-52,$-85,$-158,$305,$-7,$298,$-0,$-0,$-4,$-180,$114,$4,$1,$-4
3,2017-12-31,48.02,$21.59,2.22,$10.76,4.46,$-5.96,0.0,$1.99,24.13,$6.55B,$6.66B,0.98,$0.34B,$0.80B,0.42,$0.40B,$0.36B,91.23%,$0.40B,$0.13B,31.58%,$0.40B,0,0.00%,$0.40B,0,0.00%,$0.40B,$0.12B,30.83%,$0.40B,$0.07B,18.30%,$0.07B,$0.80B,9.28%,$0.07B,$0.67B,11.30%,$0.07B,$7.86B,0.97%,$0.13B,$1.14B,8.76%,$103,$10,$93,$0,$58,$69,$34,$0,$31,$22,$9,$9,$9,$0,$0,$37,37,$0.25,$0.23,$331,$0,$0,$6549,$118,$853,$139,$169,$1308,$7856,$6656,$336,$50,$386,$7052,$39,$273,$-1,$804,$7856,$74,$7,$-1518,$-1512,$1361,$0,$2,$3,$1365,$-63,$-4,$0,$0,$0,$16,$16,$-679,$-667,$-242,$-23,$-265,$90,$90,$-15,$1051,$862,$132,$3,$-15
4,2017-09-30,47.72,$21.54,2.22,$10.50,4.55,$-6.50,0.0,$2.27,21.02,$6.31B,$5.91B,1.07,$0.89B,$0.80B,1.12,$0.38B,$0.35B,92.17%,$0.38B,$0.12B,31.59%,$0.38B,0,0.00%,$0.38B,0,0.00%,$0.38B,$0.12B,30.55%,$0.38B,$0.08B,21.41%,$0.08B,$0.80B,10.97%,$0.08B,$0.66B,13.54%,$0.08B,$7.65B,1.13%,$0.12B,$1.70B,8.30%,$103,$9,$94,$0,$65,$75,$28,$0,$28,$8,$20,$20,$20,$0,$0,$37,38,$0.54,$0.54,$244,$0,$0,$6312,$119,$868,$140,$171,$1337,$7650,$5910,$894,$44,$938,$6848,$39,$268,$3,$802,$7650,$64,$5,$-24,$-19,$957,$0,$0,$-1111,$-154,$-96,$-3,$0,$0,$0,$5,$5,$-537,$-535,$316,$-39,$277,$90,$90,$-11,$320,$676,$46,$2,$-11
5,2017-06-30,47.82,$21.03,2.27,$10.33,4.63,$-5.87,0.0,$2.34,20.44,$6.07B,$5.81B,1.04,$0.76B,$0.78B,0.98,$0.37B,$0.35B,92.99%,$0.37B,$0.13B,33.69%,$0.37B,0,0.00%,$0.37B,0,0.00%,$0.37B,$0.12B,32.61%,$0.37B,$0.08B,22.64%,$0.08B,$0.78B,11.87%,$0.08B,$0.64B,14.85%,$0.08B,$7.40B,1.21%,$0.13B,$1.55B,9.55%,$100,$8,$91,$0,$57,$66,$33,$0,$33,$10,$23,$23,$23,$0,$0,$37,37,$0.62,$0.62,$277,$0,$0,$6070,$121,$861,$141,$164,$1328,$7398,$5812,$764,$39,$803,$6615,$39,$251,$1,$783,$7398,$44,$3,$-728,$-724,$591,$0,$0,$1,$593,$-68,$-2,$0,$0,$0,$5,$5,$-308,$-306,$187,$-35,$152,$90,$90,$-7,$218,$453,$79,$1,$-7
6,2017-03-31,45.64,$20.42,2.24,$10.17,4.49,$-4.63,0.0,$2.29,19.93,$5.76B,$5.68B,1.01,$0.61B,$0.76B,0.81,$0.36B,$0.34B,93.87%,$0.36B,$0.12B,33.98%,$0.36B,0,0.00%,$0.36B,0,0.00%,$0.36B,$0.12B,32.87%,$0.36B,$0.08B,22.56%,$0.08B,$0.76B,12.12%,$0.08B,$0.62B,15.39%,$0.08B,$7.10B,1.21%,$0.12B,$1.37B,10.47%,$93,$6,$86,$0,$54,$61,$31,$0,$31,$10,$21,$21,$21,$0,$0,$36,36,$0.59,$0.59,$359,$0,$0,$5761,$122,$867,$142,$162,$1334,$7095,$5683,$610,$44,$654,$6337,$39,$232,$-1,$758,$7095,$21,$5,$-318,$-313,$276,$0,$0,$1,$276,$13,$-1,$0,$0,$0,$-11,$-11,$-13,$-24,$33,$-13,$20,$88,$88,$-3,$67,$172,$161,$1,$-3
7,2016-12-31,43.07,$18.51,2.33,$9.98,4.31,$-4.64,0.0,$2.07,20.81,$5.55B,$5.63B,0.99,$0.58B,$0.65B,0.89,$0.35B,$0.33B,94.49%,$0.35B,$0.11B,31.59%,$0.35B,0,0.00%,$0.35B,0,0.00%,$0.35B,$0.11B,30.43%,$0.35B,$0.07B,20.87%,$0.07B,$0.65B,11.45%,$0.07B,$0.50B,14.80%,$0.07B,$6.89B,1.12%,$0.11B,$1.22B,10.67%,$87,$6,$82,$0,$52,$58,$29,$0,$25,$7,$18,$18,$18,$0,$0,$34,35,$0.52,$0.53,$198,$0,$0,$5545,$121,$852,$143,$190,$1347,$6892,$5629,$577,$34,$611,$6246,$36,$214,$-1,$646,$6892,$72,$4,$-1441,$-1436,$1296,$0,$0,$12,$1300,$-70,$-11,$0,$-7,$0,$-11,$-11,$-774,$-803,$405,$-10,$395,$-0,$-0,$-9,$295,$680,$-192,$2,$-9
8,2016-09-30,34.45,$18.42,1.87,$9.80,3.51,$-3.49,0.0,$1.98,17.4,$5.16B,$5.35B,0.97,$0.46B,$0.64B,0.71,$0.33B,$0.32B,94.59%,$0.33B,$0.10B,30.33%,$0.33B,0,0.00%,$0.33B,0,0.00%,$0.33B,$0.10B,29.13%,$0.33B,$0.07B,20.42%,$0.07B,$0.64B,11.40%,$0.07B,$0.50B,14.69%,$0.07B,$6.49B,1.11%,$0.10B,$1.10B,11.58%,$91,$5,$86,$0,$53,$59,$32,$0,$32,$10,$22,$22,$22,$0,$0,$35,35,$0.62,$0.61,$214,$0,$0,$5163,$122,$863,$141,$205,$1331,$6493,$5349,$457,$37,$494,$5851,$36,$200,$10,$643,$6493,$54,$3,$-1091,$-1088,$945,$0,$0,$10,$955,$-62,$-8,$0,$-7,$0,$17,$17,$-401,$-399,$286,$-21,$265,$-0,$-0,$-5,$25,$285,$-176,$2,$-5
9,2016-06-30,29.19,$17.96,1.63,$9.56,3.05,$-2.38,0.0,$1.85,15.78,$4.89B,$5.22B,0.94,$0.34B,$0.63B,0.55,$0.32B,$0.30B,94.65%,$0.32B,$0.09B,28.93%,$0.32B,0,0.00%,$0.32B,0,0.00%,$0.32B,$0.09B,27.67%,$0.32B,$0.06B,19.50%,$0.06B,$0.63B,11.05%,$0.06B,$0.48B,14.21%,$0.06B,$6.22B,1.07%,$0.09B,$0.97B,12.27%,$88,$5,$83,$0,$52,$58,$30,$0,$30,$10,$20,$20,$20,$0,$0,$35,35,$0.58,$0.57,$185,$0,$0,$4889,$124,$863,$142,$204,$1333,$6221,$5217,$344,$33,$377,$5595,$36,$182,$13,$626,$6221,$32,$2,$-638,$-636,$597,$0,$0,$-22,$575,$-16,$-7,$0,$-3,$0,$12,$12,$-234,$-231,$173,$-26,$146,$-1,$-1,$-3,$-101,$41,$-206,$1,$-3
10,2016-03-31,29.02,$17.25,1.68,$9.05,3.21,$-2.46,0.0,$1.32,21.99,$4.78B,$5.28B,0.91,$0.19B,$0.60B,0.32,$0.30B,$0.28B,94.58%,$0.30B,$0.06B,21.69%,$0.30B,0,0.00%,$0.30B,0,0.00%,$0.30B,$0.06B,20.34%,$0.30B,$0.04B,14.58%,$0.04B,$0.60B,8.17%,$0.04B,$0.46B,10.48%,$0.04B,$6.10B,0.78%,$0.06B,$0.80B,9.75%,$79,$4,$75,$0,$55,$60,$18,$0,$18,$6,$12,$12,$12,$0,$0,$33,33,$0.38,$0.37,$254,$0,$0,$4775,$125,$850,$143,$205,$1323,$6098,$5275,$194,$29,$222,$5497,$36,$163,$6,$601,$6098,$12,$5,$-276,$-272,$271,$0,$0,$2,$273,$14,$-4,$0,$0,$0,$13,$13,$-111,$-102,$23,$-20,$3,$-1,$-1,$-2,$-50,$-49,$-136,$0,$-2
11,2015-12-31,33.29,$15.98,2.08,$8.62,3.86,$-2.47,0.0,$1.27,26.21,$4.40B,$4.94B,0.89,$0.11B,$0.52B,0.21,$0.28B,$0.26B,94.20%,$0.28B,$0.06B,22.10%,$0.28B,0,0.00%,$0.28B,0,0.00%,$0.28B,$0.06B,20.65%,$0.28B,$0.04B,14.86%,$0.04B,$0.52B,8.22%,$0.04B,$0.41B,10.23%,$0.04B,$5.59B,0.81%,$0.06B,$0.62B,10.05%,$75,$4,$71,$0,$49,$54,$21,$0,$17,$3,$14,$14,$14,$0,$0,$32,32,$0.44,$0.43,$391,$0,$0,$4396,$122,$793,$107,$152,$1193,$5589,$4943,$109,$22,$131,$5074,$34,$153,$3,$515,$5589,$41,$-6,$-1052,$-1059,$967,$0,$-0,$6,$982,$-25,$-12,$0,$674,$0,$-66,$-66,$-763,$-168,$-40,$-10,$-50,$115,$115,$-6,$354,$413,$220,$1,$-6
12,2015-09-30,28.12,$15.60,1.8,$8.61,3.26,$-1.69,0.0,$1.23,22.86,$3.98B,$4.58B,0.87,$0.11B,$0.50B,0.22,$0.26B,$0.25B,93.89%,$0.26B,$0.06B,22.14%,$0.26B,0,0.00%,$0.26B,0,0.00%,$0.26B,$0.06B,20.99%,$0.26B,$0.04B,14.50%,$0.04B,$0.50B,8.24%,$0.04B,$0.40B,10.21%,$0.04B,$5.22B,0.82%,$0.06B,$0.61B,10.02%,$76,$4,$72,$0,$48,$53,$23,$0,$23,$7,$16,$16,$16,$0,$0,$32,33,$0.49,$0.48,$235,$0,$0,$3984,$125,$821,$106,$181,$1232,$5216,$4582,$109,$23,$132,$4714,$34,$140,$4,$502,$5216,$27,$9,$-786,$-777,$716,$0,$0,$1,$717,$-18,$-11,$0,$0,$0,$-92,$-92,$132,$30,$-40,$-63,$-103,$115,$115,$-5,$46,$53,$65,$1,$-5
13,2015-06-30,24.69,$15.12,1.63,$8.52,2.9,$-2.63,0.0,$1.18,20.92,$3.90B,$4.59B,0.85,$0.11B,$0.49B,0.22,$0.25B,$0.23B,93.52%,$0.25B,$0.05B,21.05%,$0.25B,0,0.00%,$0.25B,0,0.00%,$0.25B,$0.05B,19.84%,$0.25B,$0.03B,13.77%,$0.03B,$0.49B,8.01%,$0.03B,$0.38B,9.86%,$0.03B,$5.21B,0.78%,$0.05B,$0.60B,9.16%,$65,$4,$61,$0,$59,$63,$2,$0,$2,$0,$1,$1,$1,$0,$0,$32,33,$0.04,$0.04,$355,$0,$0,$3901,$125,$871,$107,$202,$1305,$5206,$4587,$108,$24,$132,$4719,$34,$126,$3,$487,$5206,$11,$5,$-475,$-469,$429,$0,$0,$4,$433,$-17,$-6,$0,$674,$0,$-151,$-151,$-374,$142,$-40,$-40,$-80,$115,$115,$-3,$28,$60,$185,$1,$-3
14,2015-03-31,25.71,$15.22,1.69,$8.66,2.97,$-2.57,0.0,$1.46,17.61,$3.15B,$3.54B,0.89,$0.11B,$0.49B,0.22,$0.24B,$0.22B,93.64%,$0.24B,$0.06B,26.27%,$0.24B,0,0.00%,$0.24B,0,0.00%,$0.24B,$0.06B,25.00%,$0.24B,$0.04B,17.37%,$0.04B,$0.49B,10.56%,$0.04B,$0.42B,12.87%,$0.04B,$4.15B,1.01%,$0.06B,$0.60B,11.36%,$60,$4,$56,$0,$41,$45,$15,$0,$15,$5,$10,$10,$10,$0,$0,$30,31,$0.32,$0.32,$206,$0,$0,$3147,$98,$619,$71,$218,$1006,$4153,$3536,$109,$18,$127,$3663,$34,$127,$6,$490,$4153,$10,$-1,$-191,$-191,$190,$0,$0,$4,$194,$12,$-3,$0,$0,$0,$-62,$-62,$-21,$-86,$-35,$-18,$-53,$115,$115,$-2,$49,$110,$36,$0,$-2
15,2014-12-31,24.94,$13.67,1.82,$8.69,2.87,$-2.40,0.0,$1.46,17.08,$3.11B,$3.50B,0.89,$0.14B,$0.37B,0.39,$0.23B,$0.21B,93.39%,$0.23B,$0.06B,25.99%,$0.23B,0,0.00%,$0.23B,0,0.00%,$0.23B,$0.06B,24.67%,$0.23B,$0.04B,17.18%,$0.04B,$0.37B,11.45%,$0.04B,$0.29B,13.99%,$0.04B,$4.04B,1.01%,$0.06B,$0.51B,11.80%,$61,$4,$57,$0,$39,$44,$18,$0,$15,$4,$11,$11,$11,$0,$0,$26,26,$0.40,$0.39,$170,$0,$0,$3111,$97,$552,$72,$205,$926,$4037,$3504,$144,$22,$167,$3671,$28,$118,$6,$366,$4037,$39,$-12,$-695,$-707,$655,$0,$-0,$12,$659,$-6,$-4,$0,$0,$0,$49,$49,$-13,$31,$-138,$-16,$-154,$-0,$-28,$-4,$63,$-123,$-98,$2,$-4
16,2014-09-30,21.31,$13.22,1.61,$8.13,2.62,$-1.26,0.0,$1.11,19.2,$3.07B,$3.41B,0.9,$0.21B,$0.35B,0.6,$0.21B,$0.20B,93.78%,$0.21B,$0.05B,21.53%,$0.21B,0,0.00%,$0.21B,0,0.00%,$0.21B,$0.04B,20.10%,$0.21B,$0.03B,13.88%,$0.03B,$0.35B,8.83%,$0.03B,$0.29B,10.57%,$0.03B,$4.00B,0.77%,$0.05B,$0.57B,8.75%,$61,$4,$57,$0,$40,$44,$17,$0,$17,$5,$12,$12,$12,$0,$0,$27,27,$0.44,$0.43,$110,$0,$0,$3072,$99,$542,$68,$219,$928,$3999,$3405,$212,$28,$240,$3646,$28,$109,$4,$354,$3999,$28,$8,$-514,$-507,$419,$0,$0,$9,$428,$-47,$-3,$0,$1,$181,$52,$233,$-25,$206,$-70,$-57,$-126,$-0,$-28,$-3,$5,$-152,$6,$1,$-3
17,2014-06-30,20.83,$12.83,1.62,$7.70,2.71,$1.27,16.47,$0.94,22.16,$2.99B,$3.44B,0.87,$0.17B,$0.34B,0.48,$0.19B,$0.18B,94.27%,$0.19B,$0.04B,19.79%,$0.19B,0,0.00%,$0.19B,0,0.00%,$0.19B,$0.04B,18.23%,$0.19B,$0.02B,11.98%,$0.02B,$0.34B,7.36%,$0.02B,$0.28B,8.38%,$0.02B,$3.97B,0.66%,$0.04B,$0.51B,8.31%,$54,$3,$51,$0,$38,$42,$12,$0,$12,$4,$8,$8,$8,$0,$0,$25,26,$0.32,$0.32,$126,$0,$0,$2988,$99,$547,$69,$270,$985,$3973,$3440,$165,$24,$190,$3630,$28,$99,$4,$343,$3973,$16,$5,$-310,$-305,$273,$0,$0,$-6,$266,$-15,$-2,$0,$1,$176,$30,$207,$-9,$196,$-117,$-38,$-154,$-0,$-28,$-2,$21,$-163,$18,$1,$-1
18,2014-03-31,22.51,$11.93,1.89,$7.35,3.06,$2.26,9.97,$0.88,25.59,$2.65B,$3.06B,0.87,$0.12B,$0.30B,0.38,$0.18B,$0.17B,94.48%,$0.18B,$0.04B,19.89%,$0.18B,0,0.00%,$0.18B,0,0.00%,$0.18B,$0.03B,18.23%,$0.18B,$0.02B,11.60%,$0.02B,$0.30B,7.03%,$0.02B,$0.26B,7.58%,$0.02B,$3.49B,0.66%,$0.04B,$0.42B,8.73%,$51,$3,$47,$0,$34,$38,$12,$0,$12,$4,$8,$8,$8,$0,$0,$25,26,$0.32,$0.32,$120,$0,$0,$2654,$87,$466,$41,$240,$834,$3488,$3061,$115,$12,$127,$3188,$27,$92,$2,$300,$3488,$8,$8,$-128,$-120,$-18,$0,$0,$140,$122,$13,$-0,$0,$0,$156,$41,$197,$-15,$181,$-135,$-34,$-169,$-0,$-28,$-0,$11,$-186,$8,$1,$0
19,2013-12-31,20.4,$12.62,1.62,$7.11,2.87,$3.03,6.74,$0.76,26.84,$2.77B,$3.08B,0.9,$0.25B,$0.29B,0.87,$0.17B,$0.16B,95.35%,$0.17B,$0.03B,18.60%,$0.17B,0,0.00%,$0.17B,0,0.00%,$0.17B,$0.03B,16.86%,$0.17B,$0.02B,10.47%,$0.02B,$0.32B,6.11%,$0.02B,$0.28B,6.38%,$0.02B,$3.67B,0.59%,$0.03B,$0.57B,8.20%,$43,$3,$41,$0,$36,$39,$4,$0,$1,$0,$1,$1,$1,$0,$0,$24,24,$0.04,$0.03,$268,$0,$0,$2770,$103,$503,$41,$250,$897,$3668,$3083,$250,$18,$268,$3351,$26,$84,$-0,$317,$3668,$20,$6,$-491,$-484,$483,$0,$0,$3,$484,$22,$-4,$0,$26,$0,$65,$65,$-24,$63,$-3,$12,$9,$0,$0,$-1,$-99,$-91,$-6,$1,$0
20,2013-09-30,17.76,$12.14,1.46,$7.20,2.47,$1.59,11.17,$0.87,20.41,$2.18B,$2.46B,0.89,$0.05B,$0.26B,0.18,$0.17B,$0.16B,94.80%,$0.17B,$0.04B,20.23%,$0.17B,0,0.00%,$0.17B,0,0.00%,$0.17B,$0.04B,20.23%,$0.17B,$0.02B,12.14%,$0.02B,$0.29B,7.36%,$0.02B,$0.29B,7.45%,$0.02B,$2.82B,0.73%,$0.04B,$0.34B,10.65%,$44,$2,$42,$0,$31,$34,$10,$0,$10,$3,$7,$7,$6,$0,$0,$24,24,$0.26,$0.26,$127,$0,$0,$2180,$66,$320,$3,$250,$638,$2819,$2464,$47,$17,$64,$2528,$25,$83,$-1,$290,$2819,$19,$24,$-382,$-357,$-37,$0,$0,$379,$342,$19,$-2,$0,$0,$120,$19,$138,$25,$161,$5,$-30,$-25,$0,$0,$-1,$-181,$-207,$-27,$1,$0
21,2013-06-30,16.28,$12.04,1.35,$7.12,2.29,$1.84,8.85,$0.65,25.05,$2.13B,$2.46B,0.87,$0.04B,$0.26B,0.16,$0.17B,$0.16B,94.12%,$0.17B,$0.03B,16.47%,$0.17B,0,0.00%,$0.17B,0,0.00%,$0.17B,$0.03B,16.47%,$0.17B,$0.02B,9.41%,$0.02B,$0.29B,5.57%,$0.02B,$0.29B,5.64%,$0.02B,$2.81B,0.55%,$0.03B,$0.33B,8.50%,$43,$2,$41,$0,$30,$33,$10,$0,$10,$3,$7,$7,$6,$0,$0,$24,24,$0.26,$0.26,$94,$0,$0,$2132,$70,$324,$3,$279,$677,$2809,$2462,$42,$16,$59,$2521,$25,$77,$4,$288,$2809,$12,$3,$21,$24,$-26,$0,$0,$-14,$-40,$8,$-0,$0,$0,$150,$22,$171,$4,$175,$0,$-31,$-31,$0,$0,$-1,$-182,$-213,$-30,$0,$0
22,2013-03-31,13.87,$11.88,1.17,$7.08,1.96,$2.37,5.86,$0.46,30.14,$2.27B,$2.51B,0.9,$0.04B,$0.26B,0.17,$0.17B,$0.16B,92.90%,$0.17B,$0.02B,13.02%,$0.17B,0,0.00%,$0.17B,0,0.00%,$0.17B,$0.02B,13.02%,$0.17B,$0.01B,7.10%,$0.01B,$0.28B,4.13%,$0.01B,$0.28B,4.19%,$0.01B,$2.86B,0.41%,$0.02B,$0.33B,6.59%,$42,$3,$40,$0,$31,$34,$8,$0,$8,$3,$5,$5,$5,$0,$0,$24,24,$0.20,$0.20,$132,$0,$0,$2265,$72,$330,$4,$191,$597,$2862,$2513,$42,$23,$65,$2578,$25,$71,$6,$284,$2862,$5,$2,$6,$8,$0,$0,$0,$18,$18,$31,$-1,$0,$0,$112,$24,$136,$-34,$102,$0,$-27,$-27,$-0,$-0,$-0,$-135,$-162,$-30,$0,$0
23,2012-12-31,12.07,$11.72,1.03,$7.83,1.54,$1.41,8.53,$0.45,26.82,$2.26B,$2.68B,0.84,$0.04B,$0.25B,0.17,$0.19B,$0.17B,91.98%,$0.19B,$0.02B,11.76%,$0.19B,0,0.00%,$0.19B,0,0.00%,$0.19B,$0.02B,11.76%,$0.19B,$0.01B,6.42%,$0.01B,$0.28B,4.08%,$0.01B,$0.28B,4.14%,$0.01B,$3.02B,0.40%,$0.02B,$0.32B,6.50%,$44,$3,$41,$0,$34,$37,$7,$0,$7,$3,$5,$5,$4,$0,$0,$24,24,$0.15,$0.16,$274,$0,$0,$2257,$76,$354,$4,$328,$762,$3019,$2675,$42,$23,$65,$2740,$25,$66,$7,$279,$3019,$14,$6,$-6,$-0,$-50,$0,$-2,$25,$-32,$-8,$-8,$0,$221,$35,$33,$69,$174,$455,$-30,$12,$-18,$-3,$-27,$-3,$-385,$-432,$15,$1,$0
24,2012-09-30,12.17,$12.56,0.97,$7.89,1.54,$3.60,3.38,$0.31,39.24,$2.31B,$2.60B,0.89,$0.04B,$0.25B,0.17,$0.19B,$0.17B,90.96%,$0.19B,$0.02B,9.04%,$0.19B,0,0.00%,$0.19B,0,0.00%,$0.19B,$0.02B,9.04%,$0.19B,$0.01B,4.26%,$0.01B,$0.30B,2.68%,$0.01B,$0.30B,2.73%,$0.01B,$2.95B,0.27%,$0.02B,$0.34B,4.90%,$41,$3,$38,$0,$35,$39,$3,$0,$3,$1,$2,$2,$1,$0,$0,$24,24,$0.05,$0.04,$124,$0,$0,$2312,$76,$368,$4,$190,$638,$2949,$2598,$42,$10,$53,$2650,$25,$62,$7,$299,$2949,$10,$5,$16,$20,$0,$0,$0,$-1,$-1,$29,$-6,$0,$221,$162,$20,$183,$50,$447,$-30,$-20,$-51,$-3,$-3,$-2,$-429,$-484,$-8,$0,$0
25,2012-06-30,12.18,$12.63,0.96,$9.06,1.34,$3.81,3.2,$0.93,13.09,$2.34B,$2.56B,0.91,$0.05B,$0.25B,0.18,$0.22B,$0.20B,90.28%,$0.22B,$0.04B,18.06%,$0.22B,0,0.00%,$0.22B,0,0.00%,$0.22B,$0.04B,18.06%,$0.22B,$0.02B,10.65%,$0.02B,$0.30B,7.75%,$0.02B,$0.30B,7.87%,$0.02B,$2.92B,0.77%,$0.04B,$0.35B,11.10%,$42,$4,$38,$0,$33,$38,$4,$0,$4,$1,$2,$2,$2,$0,$0,$24,24,$0.07,$0.07,$171,$0,$0,$2336,$75,$375,$5,$130,$584,$2920,$2564,$46,$9,$55,$2619,$25,$61,$8,$301,$2920,$8,$3,$8,$11,$0,$0,$0,$6,$6,$25,$-4,$0,$65,$118,$18,$136,$127,$323,$-27,$-18,$-44,$0,$0,$-1,$-308,$-354,$-5,$0,$0
26,2012-03-31,12.7,$12.50,1.02,$9.10,1.4,$3.31,3.84,$0.92,13.8,$2.44B,$2.69B,0.91,$0.05B,$0.25B,0.19,$0.22B,$0.19B,88.89%,$0.22B,$0.04B,17.59%,$0.22B,0,0.00%,$0.22B,0,0.00%,$0.22B,$0.04B,17.59%,$0.22B,$0.02B,10.19%,$0.02B,$0.30B,7.57%,$0.02B,$0.29B,7.69%,$0.02B,$3.04B,0.74%,$0.04B,$0.34B,11.04%,$60,$5,$55,$0,$47,$52,$8,$0,$8,$2,$5,$5,$5,$0,$0,$24,24,$0.19,$0.19,$259,$0,$0,$2443,$73,$383,$5,$140,$601,$3043,$2694,$46,$5,$51,$2746,$25,$59,$7,$298,$3043,$5,$1,$0,$1,$0,$0,$0,$1,$1,$8,$-1,$0,$65,$35,$7,$42,$109,$215,$-27,$-9,$-35,$0,$0,$-1,$-187,$-223,$-1,$0,$0
27,2011-12-31,9.93,$12.37,0.8,$8.24,1.21,$3.36,2.96,$0.75,13.24,$2.42B,$2.63B,0.92,$0.06B,$0.24B,0.26,$0.19B,$0.17B,86.08%,$0.19B,$0.03B,16.49%,$0.19B,0,0.00%,$0.19B,0,0.00%,$0.19B,$0.03B,16.49%,$0.19B,$0.02B,9.28%,$0.02B,$0.29B,6.32%,$0.02B,$0.29B,6.42%,$0.02B,$2.99B,0.61%,$0.03B,$0.36B,9.49%,$45,$5,$40,$0,$38,$43,$2,$0,$2,$1,$1,$1,$0,$0,$0,$23,24,$0.01,$0.02,$295,$0,$0,$2417,$73,$350,$4,$150,$577,$2994,$2629,$62,$9,$71,$2701,$25,$55,$7,$294,$2994,$21,$5,$56,$61,$0,$0,$-2,$-7,$3,$46,$-11,$0,$38,$37,$36,$74,$178,$279,$-44,$-31,$-75,$0,$0,$-3,$-256,$-333,$-9,$1,$0
28,2011-09-30,8.42,$12.40,0.68,$8.29,1.02,$3.75,2.24,$0.78,10.79,$2.16B,$2.64B,0.82,$0.06B,$0.24B,0.26,$0.19B,$0.16B,84.38%,$0.19B,$0.03B,16.67%,$0.19B,0,0.00%,$0.19B,0,0.00%,$0.19B,$0.03B,16.67%,$0.19B,$0.02B,9.90%,$0.02B,$0.29B,6.80%,$0.02B,$0.29B,6.92%,$0.02B,$3.01B,0.65%,$0.03B,$0.36B,9.47%,$69,$7,$62,$0,$37,$44,$25,$0,$25,$8,$16,$16,$16,$0,$0,$23,24,$0.67,$0.66,$226,$0,$0,$2164,$72,$352,$4,$418,$846,$3010,$2642,$63,$11,$74,$2716,$25,$55,$9,$294,$3010,$20,$4,$33,$37,$0,$0,$0,$5,$5,$36,$-8,$0,$38,$96,$33,$129,$106,$265,$-43,$-55,$-98,$0,$0,$-2,$-219,$-319,$-19,$0,$0
29,2011-06-30,8.57,$11.66,0.73,$6.83,1.26,$4.86,1.76,$0.05,171.42,$2.10B,$2.53B,0.83,$0.04B,$0.23B,0.19,$0.16B,$0.13B,80.89%,$0.16B,$0.01B,3.18%,$0.16B,0,0.00%,$0.16B,0,0.00%,$0.16B,$0.01B,3.18%,$0.16B,$0.00B,0.64%,$0.00B,$0.28B,0.36%,$0.00B,$0.27B,0.37%,$0.00B,$2.86B,0.04%,$0.01B,$0.32B,1.53%,$42,$7,$35,$0,$31,$39,$3,$0,$3,$1,$2,$2,$1,$0,$0,$23,24,$0.06,$0.06,$287,$0,$0,$2099,$66,$345,$5,$343,$758,$2857,$2528,$42,$9,$52,$2580,$25,$39,$7,$277,$2857,$3,$3,$19,$22,$0,$0,$0,$-16,$-16,$10,$-1,$0,$0,$43,$-9,$34,$71,$104,$-43,$-51,$-95,$0,$0,$-1,$-24,$-120,$-6,$0,$0
30,2011-03-31,9.82,$11.52,0.85,$7.12,1.38,$5.49,1.79,$-0.21,0.0,$2.36B,$2.59B,0.91,$0.04B,$0.22B,0.19,$0.16B,$0.13B,81.13%,$0.16B,$-0.00B,-1.89%,$0.16B,0,0.00%,$0.16B,0,0.00%,$0.16B,$-0.00B,-1.89%,$0.16B,$-0.00B,-2.52%,$-0.00B,$0.27B,-1.46%,$-0.00B,$0.27B,-1.48%,$-0.00B,$2.92B,-0.15%,$-0.00B,$0.32B,-0.92%,$38,$8,$30,$0,$28,$36,$2,$0,$2,$1,$1,$1,$1,$0,$0,$23,23,$0.02,$0.02,$353,$0,$0,$2357,$66,$318,$5,$172,$562,$2918,$2593,$42,$9,$52,$2645,$25,$38,$6,$274,$2918,$1,$1,$7,$8,$0,$0,$0,$-0,$-0,$9,$-1,$0,$0,$-3,$17,$13,$47,$60,$-43,$-48,$-91,$0,$0,$-1,$37,$-55,$14,$0,$0
31,2010-12-31,10.18,$11.56,0.88,$7.87,1.29,$5.82,1.75,$-0.40,0.0,$2.41B,$2.60B,0.93,$0.09B,$0.22B,0.38,$0.15B,$0.12B,80.52%,$0.15B,$-0.01B,-4.55%,$0.15B,0,0.00%,$0.15B,0,0.00%,$0.15B,$-0.01B,-4.55%,$0.15B,$-0.01B,-4.55%,$-0.01B,$0.27B,-2.76%,$-0.01B,$0.27B,-2.80%,$-0.01B,$2.97B,-0.28%,$-0.01B,$0.36B,-2.28%,$43,$8,$35,$0,$33,$41,$2,$0,$2,$0,$2,$2,$1,$0,$0,$22,22,$0.09,$0.09,$336,$0,$0,$2408,$67,$335,$5,$157,$564,$2972,$2604,$86,$9,$95,$2699,$25,$37,$6,$273,$2972,$-4,$5,$41,$47,$-2,$0,$2,$5,$4,$45,$-3,$0,$-188,$89,$46,$136,$176,$120,$-2,$2,$0,$85,$85,$-3,$-255,$-172,$-7,$0,$-0
32,2010-09-30,9.03,$11.60,0.78,$11.11,0.81,$5.30,1.71,$-3.26,0.0,$1.97B,$2.11B,0.93,$0.04B,$0.22B,0.19,$0.18B,$0.15B,83.06%,$0.18B,$-0.04B,-20.77%,$0.18B,0,0.00%,$0.18B,0,0.00%,$0.18B,$-0.04B,-20.77%,$0.18B,$-0.05B,-25.68%,$-0.05B,$0.27B,-20.06%,$-0.05B,$0.27B,-20.35%,$-0.05B,$2.44B,-1.95%,$-0.04B,$0.32B,-13.69%,$34,$7,$27,$0,$28,$36,$-2,$0,$-2,$-1,$-1,$-1,$-2,$0,$0,$24,24,$-0.07,$-0.07,$351,$0,$0,$1965,$66,$243,$3,$158,$470,$2435,$2112,$42,$6,$49,$2161,$25,$36,$8,$274,$2435,$-6,$3,$41,$44,$0,$0,$0,$15,$15,$54,$-1,$0,$-36,$-71,$23,$-48,$54,$-31,$-2,$-42,$-44,$85,$85,$-2,$-100,$-61,$-37,$0,$-0
33,2010-06-30,9.33,$11.63,0.8,$12.00,0.78,$4.42,2.11,$-3.25,0.0,$1.95B,$2.10B,0.93,$0.04B,$0.23B,0.19,$0.18B,$0.15B,81.32%,$0.18B,$-0.04B,-19.78%,$0.18B,0,0.00%,$0.18B,0,0.00%,$0.18B,$-0.04B,-19.78%,$0.18B,$-0.05B,-25.27%,$-0.05B,$0.28B,-20.54%,$-0.05B,$0.27B,-22.22%,$-0.05B,$2.42B,-1.96%,$-0.04B,$0.32B,-13.38%,$44,$7,$37,$0,$42,$49,$-5,$0,$-5,$-2,$-3,$-3,$-4,$0,$0,$21,21,$-0.20,$-0.20,$295,$0,$0,$1946,$67,$246,$3,$161,$476,$2422,$2098,$42,$7,$49,$2147,$25,$38,$8,$275,$2422,$-5,$2,$26,$28,$0,$0,$0,$-1,$-1,$22,$-0,$0,$-36,$-20,$20,$0,$62,$26,$-2,$-38,$-40,$85,$85,$-1,$-119,$-75,$-27,$0,$0
34,2010-03-31,8.68,$13.66,0.64,$12.35,0.7,$4.50,1.93,$-3.30,0.0,$1.89B,$2.11B,0.9,$0.04B,$0.14B,0.31,$0.17B,$0.13B,77.91%,$0.17B,$-0.04B,-20.35%,$0.17B,0,0.00%,$0.17B,0,0.00%,$0.17B,$-0.04B,-20.35%,$0.17B,$-0.05B,-26.16%,$-0.05B,$0.19B,-21.08%,$-0.05B,$0.19B,-24.62%,$-0.05B,$2.35B,-1.94%,$-0.04B,$0.24B,-13.45%,$33,$8,$25,$0,$27,$35,$-2,$0,$-2,$-1,$-2,$-2,$-2,$0,$0,$14,14,$-0.17,$-0.17,$270,$0,$0,$1893,$67,$255,$3,$133,$459,$2352,$2109,$44,$5,$49,$2158,$15,$42,$8,$193,$2352,$-2,$1,$11,$13,$0,$0,$0,$-2,$-2,$9,$0,$0,$0,$19,$-2,$18,$31,$49,$0,$-35,$-35,$0,$0,$-1,$-35,$-70,$-12,$0,$0
35,2009-12-31,6.83,$13.88,0.49,$12.50,0.55,$4.52,1.51,$-3.21,0.0,$2.03B,$2.18B,0.93,$0.04B,$0.15B,0.3,$0.17B,$0.13B,75.29%,$0.17B,$-0.03B,-19.54%,$0.17B,0,0.00%,$0.17B,0,0.00%,$0.17B,$-0.03B,-19.54%,$0.17B,$-0.04B,-25.29%,$-0.04B,$0.20B,-19.58%,$-0.04B,$0.19B,-24.41%,$-0.04B,$2.42B,-1.90%,$-0.03B,$0.24B,-12.48%,$72,$8,$63,$0,$38,$101,$-29,$0,$-29,$9,$-38,$-38,$-39,$0,$0,$14,14,$-2.85,$-2.85,$301,$0,$0,$2033,$68,$253,$4,$67,$391,$2424,$2178,$44,$6,$51,$2229,$15,$44,$7,$195,$2424,$-42,$60,$56,$116,$1,$0,$-4,$-13,$-19,$24,$-5,$0,$0,$-73,$143,$70,$116,$180,$-79,$28,$-51,$-0,$-0,$-4,$-135,$-190,$14,$0,$-1
36,2009-09-30,6.77,$16.64,0.41,$9.83,0.69,$4.30,1.57,$-1.18,0.0,$1.77B,$1.92B,0.92,$0.05B,$0.18B,0.27,$0.14B,$0.09B,64.23%,$0.14B,$-0.02B,-15.33%,$0.14B,0,0.00%,$0.14B,0,0.00%,$0.14B,$-0.02B,-15.33%,$0.14B,$-0.02B,-11.68%,$-0.02B,$0.23B,-6.79%,$-0.02B,$0.18B,-9.00%,$-0.02B,$2.21B,-0.69%,$-0.02B,$0.28B,-6.97%,$33,$9,$23,$0,$24,$33,$-0,$0,$-0,$-0,$-0,$-0,$-1,$0,$0,$14,14,$-0.07,$-0.07,$158,$0,$0,$1769,$68,$256,$58,$57,$439,$2207,$1918,$49,$7,$57,$1974,$15,$83,$7,$233,$2207,$-3,$3,$28,$31,$0,$0,$0,$-2,$-2,$24,$-4,$0,$0,$30,$117,$147,$2,$145,$-65,$3,$-62,$0,$0,$-3,$-126,$-191,$-23,$0,$-1
37,2009-06-30,5.94,$16.65,0.36,$10.15,0.59,$3.51,1.69,$-1.09,0.0,$1.84B,$1.99B,0.92,$0.05B,$0.18B,0.27,$0.14B,$0.09B,63.12%,$0.14B,$-0.02B,-14.18%,$0.14B,0,0.00%,$0.14B,0,0.00%,$0.14B,$-0.02B,-14.18%,$0.14B,$-0.02B,-10.64%,$-0.02B,$0.23B,-6.64%,$-0.02B,$0.18B,-8.94%,$-0.02B,$2.29B,-0.65%,$-0.02B,$0.28B,-6.17%,$34,$11,$23,$0,$27,$38,$-4,$0,$-4,$-1,$-3,$-3,$-3,$0,$0,$14,14,$-0.25,$-0.25,$210,$0,$0,$1842,$67,$262,$58,$55,$443,$2285,$1993,$49,$10,$59,$2052,$15,$84,$6,$233,$2285,$-3,$2,$17,$19,$0,$0,$0,$2,$2,$18,$-3,$0,$0,$-19,$108,$89,$-8,$78,$-65,$-11,$-76,$0,$0,$-3,$-37,$-116,$-20,$0,$-1
38,2009-03-31,4.39,$15.55,0.28,$10.44,0.42,$2.92,1.5,$-0.62,0.0,$1.82B,$2.05B,0.89,$0.05B,$0.19B,0.26,$0.15B,$0.09B,62.07%,$0.15B,$-0.01B,-7.59%,$0.15B,0,0.00%,$0.15B,0,0.00%,$0.15B,$-0.01B,-7.59%,$0.15B,$-0.01B,-6.21%,$-0.01B,$0.24B,-4.17%,$-0.01B,$0.18B,-5.71%,$-0.01B,$2.35B,-0.39%,$-0.01B,$0.29B,-3.18%,$35,$13,$22,$0,$24,$36,$-1,$0,$-1,$-1,$-1,$-1,$-1,$0,$0,$14,14,$-0.10,$-0.10,$193,$0,$0,$1823,$65,$350,$58,$50,$523,$2346,$2047,$49,$12,$61,$2108,$15,$90,$7,$238,$2346,$-1,$1,$7,$8,$0,$0,$0,$2,$2,$9,$0,$0,$0,$7,$24,$31,$8,$39,$-65,$-9,$-74,$0,$0,$-1,$15,$-60,$-12,$0,$-1
39,2008-12-31,10.96,$15.80,0.69,$10.73,1.02,$2.27,4.82,$-0.32,0.0,$1.87B,$2.04B,0.92,$0.11B,$0.19B,0.6,$0.15B,$0.09B,61.07%,$0.15B,$-0.01B,-4.03%,$0.15B,0,0.00%,$0.15B,0,0.00%,$0.15B,$-0.01B,-4.03%,$0.15B,$-0.01B,-3.36%,$-0.01B,$0.24B,-2.44%,$-0.01B,$0.18B,-3.41%,$-0.01B,$2.41B,-0.22%,$-0.01B,$0.35B,-1.70%,$35,$15,$20,$0,$36,$51,$-16,$0,$-16,$-6,$-10,$-10,$-11,$0,$0,$14,14,$-0.78,$-0.78,$211,$0,$0,$1867,$66,$377,$58,$39,$540,$2407,$2041,$114,$13,$127,$2168,$15,$92,$7,$239,$2407,$-4,$4,$30,$35,$4,$0,$-1,$-0,$1,$26,$-10,$0,$0,$-132,$-72,$-204,$-102,$-316,$-19,$13,$-6,$3,$52,$-5,$256,$298,$7,$0,$-5
40,2008-09-30,13.67,$12.73,1.07,$11.15,1.23,$1.65,8.28,$0.56,24.46,$1.80B,$1.87B,0.96,$0.18B,$0.19B,0.94,$0.16B,$0.09B,60.65%,$0.16B,$0.01B,7.10%,$0.16B,0,0.00%,$0.16B,0,0.00%,$0.16B,$0.01B,7.10%,$0.16B,$0.01B,4.52%,$0.01B,$0.19B,3.62%,$0.01B,$0.14B,5.20%,$0.01B,$2.26B,0.32%,$0.01B,$0.37B,3.19%,$37,$13,$24,$0,$23,$36,$1,$0,$1,$0,$0,$0,$0,$0,$0,$14,14,$0.03,$0.03,$119,$0,$0,$1799,$66,$296,$59,$38,$459,$2258,$1870,$181,$13,$194,$2064,$15,$105,$1,$193,$2258,$6,$3,$15,$18,$0,$0,$0,$-6,$-6,$19,$-11,$0,$0,$-63,$2,$-61,$-105,$-178,$48,$49,$97,$0,$0,$-4,$49,$142,$-16,$0,$-4
41,2008-06-30,7.98,$13.92,0.57,$11.52,0.69,$1.19,6.69,$0.78,10.18,$1.74B,$1.81B,0.96,$0.18B,$0.19B,0.91,$0.16B,$0.09B,58.75%,$0.16B,$0.02B,10.00%,$0.16B,0,0.00%,$0.16B,0,0.00%,$0.16B,$0.02B,10.00%,$0.16B,$0.01B,6.88%,$0.01B,$0.19B,5.72%,$0.01B,$0.13B,8.27%,$0.01B,$2.19B,0.52%,$0.02B,$0.37B,4.73%,$38,$13,$24,$0,$19,$33,$5,$0,$5,$2,$3,$3,$3,$0,$0,$14,14,$0.23,$0.23,$86,$0,$0,$1735,$63,$301,$59,$34,$458,$2193,$1811,$175,$15,$190,$2000,$15,$105,$-0,$193,$2193,$6,$2,$7,$9,$0,$0,$0,$-1,$-1,$14,$-7,$0,$0,$-26,$-5,$-31,$-65,$-104,$43,$25,$68,$0,$0,$-4,$14,$78,$-12,$0,$-4
42,2008-03-31,14.52,$14.19,1.02,$11.71,1.24,$0.41,35.09,$0.94,15.44,$1.66B,$1.79B,0.93,$0.12B,$0.20B,0.6,$0.16B,$0.09B,57.41%,$0.16B,$0.02B,11.73%,$0.16B,0,0.00%,$0.16B,0,0.00%,$0.16B,$0.02B,11.73%,$0.16B,$0.01B,8.02%,$0.01B,$0.20B,6.84%,$0.01B,$0.14B,9.96%,$0.01B,$2.12B,0.62%,$0.02B,$0.31B,5.78%,$39,$16,$23,$0,$19,$34,$4,$0,$4,$1,$3,$3,$3,$0,$0,$14,14,$0.22,$0.22,$68,$0,$0,$1662,$60,$305,$59,$32,$456,$2118,$1789,$117,$16,$133,$1922,$15,$104,$5,$196,$2118,$3,$1,$3,$4,$0,$0,$0,$-5,$-5,$2,$-1,$0,$0,$8,$-2,$5,$-2,$2,$-16,$-10,$-26,$0,$0,$-2,$27,$-0,$4,$0,$-2
43,2007-12-31,15.11,$12.61,1.2,$11.76,1.28,$0.49,30.67,$1.09,13.89,$1.66B,$1.77B,0.94,$0.13B,$0.19B,0.69,$0.16B,$0.09B,57.06%,$0.16B,$0.02B,14.11%,$0.16B,0,0.00%,$0.16B,0,0.00%,$0.16B,$0.02B,14.11%,$0.16B,$0.02B,9.20%,$0.02B,$0.19B,8.03%,$0.02B,$0.13B,11.81%,$0.02B,$2.11B,0.72%,$0.02B,$0.32B,7.06%,$41,$18,$23,$0,$22,$41,$1,$0,$1,$-1,$1,$1,$1,$0,$0,$14,14,$0.11,$0.11,$72,$0,$0,$1658,$59,$299,$60,$36,$454,$2112,$1772,$133,$16,$149,$1921,$15,$103,$1,$191,$2112,$15,$5,$12,$16,$-1,$0,$0,$-0,$-1,$23,$-16,$0,$0,$123,$-4,$119,$-187,$-83,$15,$-1,$14,$0,$0,$-8,$47,$53,$-7,$0,$-8
44,2007-09-30,16.07,$13.65,1.18,$11.84,1.36,$2.06,7.79,$1.42,11.31,$1.65B,$1.74B,0.95,$0.16B,$0.19B,0.84,$0.16B,$0.10B,58.28%,$0.16B,$0.03B,19.63%,$0.16B,0,0.00%,$0.16B,0,0.00%,$0.16B,$0.03B,19.02%,$0.16B,$0.02B,12.27%,$0.02B,$0.19B,10.88%,$0.02B,$0.13B,16.19%,$0.02B,$2.10B,0.97%,$0.03B,$0.35B,10.02%,$42,$18,$24,$0,$18,$37,$6,$0,$6,$2,$4,$4,$4,$0,$0,$14,14,$0.26,$0.26,$81,$0,$0,$1648,$55,$311,$60,$30,$455,$2103,$1740,$159,$16,$174,$1915,$15,$104,$-2,$189,$2103,$14,$3,$2,$5,$0,$0,$0,$-7,$-7,$12,$-10,$0,$0,$112,$-18,$95,$-149,$-65,$41,$16,$57,$-0,$-0,$-6,$-7,$44,$-9,$0,$-6
45,2007-06-30,19.83,$13.60,1.46,$11.62,1.71,$3.23,6.14,$1.61,12.34,$1.60B,$1.70B,0.94,$0.15B,$0.18B,0.8,$0.16B,$0.09B,59.12%,$0.16B,$0.04B,22.01%,$0.16B,0,0.00%,$0.16B,0,0.00%,$0.16B,$0.03B,21.38%,$0.16B,$0.02B,13.84%,$0.02B,$0.18B,12.46%,$0.02B,$0.12B,18.45%,$0.02B,$2.05B,1.09%,$0.04B,$0.33B,11.58%,$40,$18,$23,$0,$14,$32,$8,$0,$8,$3,$5,$5,$5,$0,$0,$14,14,$0.39,$0.38,$67,$0,$0,$1599,$52,$309,$60,$29,$451,$2049,$1702,$148,$15,$163,$1865,$15,$102,$-4,$184,$2049,$10,$2,$1,$4,$0,$0,$0,$-11,$-11,$3,$-7,$0,$0,$119,$-20,$99,$-114,$-22,$30,$-9,$21,$0,$0,$-4,$-15,$2,$-17,$0,$-4
46,2007-03-31,21.48,$13.24,1.62,$11.24,1.91,$4.16,5.16,$1.62,13.28,$1.60B,$1.72B,0.93,$0.12B,$0.18B,0.64,$0.15B,$0.09B,60.53%,$0.15B,$0.04B,23.03%,$0.15B,0,0.00%,$0.15B,0,0.00%,$0.15B,$0.03B,22.37%,$0.15B,$0.02B,14.47%,$0.02B,$0.18B,13.04%,$0.02B,$0.12B,19.26%,$0.02B,$2.04B,1.13%,$0.04B,$0.30B,11.72%,$40,$17,$23,$0,$15,$32,$8,$0,$8,$3,$5,$5,$5,$0,$0,$14,14,$0.36,$0.36,$144,$0,$0,$1595,$47,$307,$60,$27,$442,$2036,$1718,$118,$18,$136,$1854,$15,$99,$-2,$183,$2036,$5,$1,$1,$2,$0,$0,$0,$-4,$-4,$3,$-1,$0,$0,$41,$-16,$25,$-34,$-10,$0,$-11,$-11,$0,$0,$-2,$2,$-10,$-17,$0,$-2
47,2006-12-31,24.58,$11.80,2.08,$10.72,2.29,$4.48,5.49,$1.64,15.02,$1.62B,$1.73B,0.94,$0.12B,$0.18B,0.66,$0.14B,$0.09B,62.24%,$0.14B,$0.04B,24.48%,$0.14B,0,0.00%,$0.14B,0,0.00%,$0.14B,$0.03B,23.78%,$0.14B,$0.02B,15.38%,$0.02B,$0.18B,13.69%,$0.02B,$0.12B,20.18%,$0.02B,$2.05B,1.17%,$0.04B,$0.30B,11.80%,$41,$17,$25,$0,$14,$31,$10,$0,$9,$3,$6,$6,$6,$0,$0,$13,13,$0.44,$0.43,$202,$0,$0,$1620,$47,$290,$60,$30,$427,$2048,$1726,$118,$25,$143,$1869,$15,$96,$-3,$179,$2048,$22,$5,$3,$8,$-4,$0,$4,$0,$2,$35,$-6,$0,$-0,$-36,$-43,$-80,$-195,$-282,$-30,$6,$-24,$0,$0,$-7,$271,$239,$-8,$0,$-7
