,Date,Stock Price,Book Value per Share,Price to Book Ratio,TTM Sales per Share,Price to Sales Ratio,TTM FCF per Share,Price to FCF Ratio,TTM Net EPS,PE Ratio,Current Assets,Current Liabilities,Current Ratio,Long Term Debt,Shareholder's Equity_x,Debt to Equity Ratio,TTM Revenue_x,TTM Gross Profit,Gross Margin,TTM Revenue_y,TTM Operating Income,Operating Margin,TTM Revenue_x,TTM EBIT,EBIT Margin,TTM Revenue_y,TTM EBITDA,EBITDA Margin,TTM Revenue_x,TTM Pre-Tax Income,Pre-Tax Margin,TTM Revenue_y,TTM Net Income_x,Net Margin,TTM Net Income_y,Shareholder's Equity_y,Return on Equity,TTM Net Income_x,Tangible Equity,Return on Tangible Equity,TTM Net Income_y,Total Assets,Return on Assets,TTM Net Income,LT Investments & Debt,Return on Investment,revenue,cost-goods-sold,gross-profit,research-development-expenses,selling-general-administrative-expenses,operating-expenses,operating-income,total-non-operating-income-expense,pre-tax-income,total-provision-income-taxes,income-after-taxes,income-from-continuous-operations,net-income,ebitda,ebit,basic-shares-outstanding,shares-outstanding,eps-basic-net-earnings-per-share,eps-earnings-per-share-diluted,cash-on-hand,inventory,other-current-assets,total-current-assets,net-property-plant-equipment,long-term-investments,goodwill-intangible-assets-total,other-long-term-assets,total-long-term-assets,total-assets,total-current-liabilities,long-term-debt,other-non-current-liabilities,total-long-term-liabilities,total-liabilities,common-stock-net,retained-earnings-accumulated-deficit,comprehensive-income,total-share-holder-equity,total-liabilities-share-holders-equity,net-income-loss,total-depreciation-amortization-cash-flow,other-non-cash-items,total-non-cash-items,change-in-accounts-receivable,change-in-inventories,change-in-accounts-payable,change-in-assets-liabilities,total-change-in-assets-liabilities,cash-flow-from-operating-activities,net-change-in-property-plant-equipment,net-change-in-intangible-assets,net-acquisitions-divestitures,net-change-in-short-term-investments,net-change-in-long-term-investments,net-change-in-investments-total,investing-activities-other,cash-flow-from-investing-activities,net-long-term-debt,net-current-debt,debt-issuance-retirement-net-total,net-common-equity-issued-repurchased,net-total-equity-issued-repurchased,total-common-preferred-stock-dividends-paid,financial-activities-other,cash-flow-from-financial-activities,net-cash-flow,stock-based-compensation,common-stock-dividends-paid
0,2018-06-30,7.13,$-1.98,-3.6,$1.04,6.87,$-9.04,0.0,$-2.43,0.0,$0.02B,$0.02B,0.71,$0.00B,$-0.01B,0.0,$0.00B,$0.00B,50.00%,$0.00B,$-0.01B,-450.00%,$0.00B,$-0.01B,-450.00%,$0.00B,$-0.01B,-450.00%,$0.00B,$-0.01B,-450.00%,$0.00B,$-0.01B,-450.00%,$-0.01B,$-0.01B,720.00%,$-0.01B,$-0.01B,720.00%,$-0.01B,$0.02B,-49.32%,$-0.01B,$-0.01B,720.00%,$0,$0,$-0,$0,$2,$3,$-3,$-0,$-3,$0,$-3,$-3,$-3,$-3,$-3,$2,2,$-1.09,$-1.09,$12,$0,$1,$15,$1,$0,$0,$0,$1,$16,$21,$0,$0,$0,$22,$0,$-24,$0,$-5,$16,$-6,$0,$-0,$0,$0,$0,$0,$2,$3,$-2,$-0,$0,$0,$0,$0,$0,$0,$-0,$0,$1,$1,$0,$0,$0,$0,$1,$-2,$0,$0
1,2018-03-31,3.28,$-0.94,-3.48,$1.04,3.15,$-10.51,0.0,$-3.73,0.0,$0.02B,$0.02B,0.82,$0.00B,$-0.00B,0.0,$0.00B,0,0.00%,$0.00B,$-0.01B,-450.00%,$0.00B,$-0.01B,-450.00%,$0.00B,$-0.01B,-450.00%,$0.00B,$-0.01B,-450.00%,$0.00B,$-0.01B,-450.00%,$-0.01B,$-0.00B,-900.00%,$-0.01B,$-0.00B,-900.00%,$-0.01B,$0.02B,-45.00%,$-0.01B,$-0.00B,-900.00%,$0,$0,$-0,$0,$3,$3,$-3,$0,$-3,$0,$-3,$-3,$-3,$-3,$-3,$2,2,$-1.23,$-1.23,$13,$0,$0,$16,$1,$0,$0,$0,$1,$17,$19,$0,$0,$0,$20,$0,$-21,$0,$-2,$17,$-3,$0,$-0,$-0,$-0,$0,$0,$1,$2,$-1,$0,$0,$0,$0,$0,$0,$0,$0,$0,$0,$0,$0,$0,$0,$0,$0,$-1,$0,$0
2,2017-12-31,4.4,$0.23,19.21,$1.21,3.64,$-11.37,0.0,$-2.50,0.0,$0.01B,$0.01B,0.92,$0.00B,$0.00B,0.0,$0.00B,0,0.00%,$0.00B,$-0.01B,-300.00%,$0.00B,$-0.01B,-300.00%,$0.00B,$-0.01B,-300.00%,$0.00B,$-0.01B,-300.00%,$0.00B,$-0.01B,-300.00%,$-0.01B,$0.00B,-276.92%,$-0.01B,$0.00B,-276.92%,$-0.01B,$0.02B,-39.56%,$-0.01B,$0.00B,-276.92%,$2,$1,$1,$0,$1,$2,$0,$0,$0,$0,$0,$0,$0,$0,$0,$2,2,$-0.02,$-0.02,$2,$0,$2,$6,$1,$0,$0,$12,$14,$20,$7,$0,$12,$12,$19,$0,$-18,$0,$1,$20,$-9,$0,$2,$2,$1,$-0,$0,$-1,$-3,$-10,$-0,$0,$0,$0,$0,$0,$0,$-0,$0,$0,$0,$0,$0,$0,$0,$0,$-10,$0,$0
3,2017-09-30,7.15,$0.22,33.06,$1.45,4.93,$-11.64,0.0,$-4.10,0.0,$0.01B,$0.01B,0.91,$0.00B,$0.00B,0.0,$0.00B,0,0.00%,$0.00B,$-0.01B,-325.00%,$0.00B,$-0.01B,-325.00%,$0.00B,$-0.01B,-325.00%,$0.00B,$-0.01B,-325.00%,$0.00B,$-0.01B,-325.00%,$-0.01B,$0.00B,-236.36%,$-0.01B,$0.00B,-236.36%,$-0.01B,$0.02B,-50.49%,$-0.01B,$0.00B,-236.36%,$0,$1,$-0,$0,$2,$3,$-3,$-0,$-3,$-0,$-3,$-3,$-3,$-3,$-3,$2,2,$-1.20,$-1.20,$4,$0,$1,$7,$1,$0,$0,$12,$14,$20,$7,$0,$12,$12,$20,$0,$-18,$0,$1,$20,$-9,$0,$2,$2,$1,$0,$0,$1,$-2,$-8,$-0,$0,$0,$0,$0,$0,$0,$-0,$0,$0,$0,$0,$0,$0,$0,$0,$-8,$0,$0
4,2017-06-30,12.8,$1.39,9.19,$4.01,3.19,$-10.01,0.0,$-3.30,0.0,$0.02B,$0.02B,1.12,$0.00B,$0.00B,0.0,$0.01B,$0.00B,30.00%,$0.01B,$-0.01B,-110.00%,$0.01B,$-0.01B,-110.00%,$0.01B,$-0.01B,-110.00%,$0.01B,$-0.01B,-110.00%,$0.01B,$-0.01B,-110.00%,$-0.01B,$0.00B,-125.71%,$-0.01B,$0.00B,-125.71%,$-0.01B,$0.02B,-36.36%,$-0.01B,$0.00B,-125.71%,$0,$1,$-1,$0,$3,$3,$-3,$0,$-3,$0,$-3,$-3,$-3,$-3,$-3,$2,2,$-1.27,$-1.27,$18,$0,$1,$21,$2,$0,$0,$0,$2,$23,$19,$0,$0,$0,$19,$0,$-15,$0,$4,$23,$-6,$0,$2,$2,$1,$-0,$0,$-1,$-2,$-6,$-0,$0,$0,$0,$0,$0,$0,$-0,$0,$0,$0,$0,$0,$0,$0,$0,$-6,$0,$0
5,2017-03-31,19.8,$2.60,7.61,$4.41,4.49,$-8.06,0.0,$-3.30,0.0,$0.03B,$0.02B,1.26,$0.00B,$0.01B,0.0,$0.01B,$0.00B,36.36%,$0.01B,$-0.01B,-100.00%,$0.01B,$-0.01B,-100.00%,$0.01B,$-0.01B,-100.00%,$0.01B,$-0.01B,-100.00%,$0.01B,$-0.01B,-100.00%,$-0.01B,$0.01B,-97.78%,$-0.01B,$0.01B,-97.78%,$-0.01B,$0.03B,-32.12%,$-0.01B,$0.01B,-97.78%,$1,$1,$0,$0,$3,$4,$-3,$0,$-3,$0,$-3,$-3,$-3,$-3,$-3,$2,2,$-1.22,$-1.22,$21,$0,$3,$26,$2,$0,$0,$0,$2,$28,$21,$0,$0,$0,$21,$0,$-12,$0,$7,$28,$-3,$0,$-0,$-0,$1,$0,$0,$-2,$-0,$-3,$0,$0,$0,$0,$0,$0,$0,$0,$0,$0,$0,$0,$0,$0,$-0,$-0,$-3,$0,$0
6,2016-12-31,27.7,$3.76,7.37,$6.71,4.13,$-7.22,0.0,$-3.40,0.0,$0.03B,$0.02B,1.38,$0.00B,$0.01B,0.0,$0.02B,$0.01B,43.75%,$0.02B,$-0.01B,-43.75%,$0.02B,$-0.01B,-43.75%,$0.02B,$-0.01B,-43.75%,$0.02B,$-0.01B,-43.75%,$0.02B,$-0.01B,-50.00%,$-0.01B,$0.01B,-57.14%,$-0.01B,$0.01B,-57.14%,$-0.01B,$0.03B,-21.05%,$-0.01B,$0.01B,-50.00%,$3,$1,$1,$0,$5,$6,$-4,$0,$-4,$0,$-4,$-4,$-4,$-4,$-4,$2,2,$-1.47,$-1.47,$14,$0,$12,$30,$2,$0,$0,$0,$2,$32,$22,$0,$0,$0,$22,$0,$-9,$0,$10,$32,$-8,$0,$-1,$-1,$1,$-0,$0,$-3,$-2,$-11,$-0,$0,$0,$0,$0,$0,$0,$-0,$0,$0,$0,$0,$0,$0,$-3,$-3,$-14,$0,$0
7,2016-09-30,38.4,$5.35,7.17,$6.48,5.92,$1.20,31.91,$-2.00,0.0,$0.03B,$0.01B,2.09,$0.00B,$0.01B,0.0,$0.02B,$0.01B,40.00%,$0.02B,$-0.00B,-20.00%,$0.02B,$-0.00B,-20.00%,$0.02B,$-0.00B,-20.00%,$0.02B,$-0.00B,-20.00%,$0.02B,$-0.00B,-26.67%,$-0.00B,$0.01B,-25.00%,$-0.00B,$0.01B,-25.00%,$-0.00B,$0.04B,-9.58%,$-0.00B,$0.01B,-18.75%,$6,$3,$3,$0,$4,$8,$-1,$-0,$-1,$-0,$-1,$-1,$-1,$-1,$-1,$2,2,$-0.40,$-0.40,$19,$2,$0,$25,$1,$0,$0,$12,$13,$38,$12,$0,$12,$12,$24,$0,$-5,$0,$14,$38,$-4,$0,$0,$0,$1,$-0,$0,$-3,$-1,$-4,$-0,$0,$0,$0,$0,$0,$0,$-0,$0,$0,$0,$0,$0,$0,$-2,$-2,$-6,$0,$0
