,Date,Stock Price,Book Value per Share,Price to Book Ratio,TTM Sales per Share,Price to Sales Ratio,TTM FCF per Share,Price to FCF Ratio,TTM Net EPS,PE Ratio,Current Assets,Current Liabilities,Current Ratio,Long Term Debt,Shareholder's Equity_x,Debt to Equity Ratio,TTM Revenue_x,TTM Gross Profit,Gross Margin,TTM Revenue_y,TTM Operating Income,Operating Margin,TTM Revenue_x,TTM EBIT,EBIT Margin,TTM Revenue_y,TTM EBITDA,EBITDA Margin,TTM Revenue_x,TTM Pre-Tax Income,Pre-Tax Margin,TTM Revenue_y,TTM Net Income_x,Net Margin,TTM Net Income_y,Shareholder's Equity_y,Return on Equity,TTM Net Income_x,Tangible Equity,Return on Tangible Equity,TTM Net Income_y,Total Assets,Return on Assets,TTM Net Income,LT Investments & Debt,Return on Investment,revenue,cost-goods-sold,gross-profit,research-development-expenses,selling-general-administrative-expenses,operating-expenses,operating-income,total-non-operating-income-expense,pre-tax-income,total-provision-income-taxes,income-after-taxes,income-from-continuous-operations,net-income,ebitda,ebit,basic-shares-outstanding,shares-outstanding,eps-basic-net-earnings-per-share,eps-earnings-per-share-diluted,cash-on-hand,inventory,other-current-assets,total-current-assets,net-property-plant-equipment,long-term-investments,goodwill-intangible-assets-total,other-long-term-assets,total-long-term-assets,total-assets,total-current-liabilities,long-term-debt,other-non-current-liabilities,total-long-term-liabilities,total-liabilities,common-stock-net,retained-earnings-accumulated-deficit,comprehensive-income,total-share-holder-equity,total-liabilities-share-holders-equity,net-income-loss,total-depreciation-amortization-cash-flow,other-non-cash-items,total-non-cash-items,change-in-accounts-receivable,change-in-inventories,change-in-accounts-payable,change-in-assets-liabilities,total-change-in-assets-liabilities,cash-flow-from-operating-activities,net-change-in-property-plant-equipment,net-change-in-intangible-assets,net-acquisitions-divestitures,net-change-in-short-term-investments,net-change-in-long-term-investments,net-change-in-investments-total,investing-activities-other,cash-flow-from-investing-activities,net-long-term-debt,net-current-debt,debt-issuance-retirement-net-total,net-common-equity-issued-repurchased,net-total-equity-issued-repurchased,total-common-preferred-stock-dividends-paid,financial-activities-other,cash-flow-from-financial-activities,net-cash-flow,stock-based-compensation,common-stock-dividends-paid
0,2018-09-30,449.75,$17.61,25.54,$15.00,29.98,$7.40,60.79,$4.13,108.9,$0.56B,$0.08B,6.85,$0.00B,$0.79B,0.0,$0.69B,$0.57B,83.19%,$0.69B,$0.19B,27.54%,$0.69B,$0.19B,27.54%,$0.69B,$0.20B,29.28%,$0.69B,$0.20B,28.26%,$0.69B,$0.19B,27.54%,$0.19B,$0.79B,26.78%,$0.19B,$0.76B,28.15%,$0.19B,$0.89B,23.71%,$0.19B,$0.79B,26.78%,$182,$30,$152,$23,$79,$131,$50,$2,$52,$2,$50,$50,$50,$54,$50,$45,46,$1.11,$1.09,$410,$64,$0,$562,$134,$0,$34,$26,$326,$887,$82,$0,$11,$12,$94,$0,$281,$-12,$793,$887,$140,$6,$-16,$-10,$-5,$-17,$1,$-3,$-23,$107,$-27,$0,$0,$24,$-11,$12,$0,$-15,$0,$0,$0,$12,$12,$0,$-70,$-58,$33,$28,$0
1,2018-06-30,409.05,$16.12,25.38,$13.97,29.28,$7.02,58.27,$3.58,114.26,$0.50B,$0.08B,6.49,$0.00B,$0.72B,0.0,$0.64B,$0.53B,83.15%,$0.64B,$0.17B,26.83%,$0.64B,$0.17B,26.83%,$0.64B,$0.18B,28.55%,$0.64B,$0.18B,27.30%,$0.64B,$0.17B,25.74%,$0.17B,$0.72B,24.91%,$0.17B,$0.69B,26.27%,$0.17B,$0.81B,21.91%,$0.17B,$0.72B,25.82%,$180,$31,$149,$21,$81,$133,$47,$2,$48,$-42,$90,$90,$90,$50,$47,$45,46,$2.02,$1.95,$361,$56,$0,$497,$127,$7,$34,$16,$315,$812,$77,$0,$11,$12,$89,$0,$231,$-11,$723,$812,$90,$3,$-32,$-29,$2,$-8,$3,$-5,$-15,$47,$-15,$0,$0,$51,$-1,$50,$0,$35,$0,$0,$0,$6,$6,$0,$-68,$-62,$18,$12,$0
2,2018-03-31,290.99,$15.54,18.73,$12.97,22.43,$6.92,42.06,$2.45,118.77,$0.49B,$0.09B,5.84,$0.00B,$0.69B,0.0,$0.59B,$0.50B,83.47%,$0.59B,$0.16B,26.64%,$0.59B,$0.16B,26.64%,$0.59B,$0.17B,28.50%,$0.59B,$0.16B,27.15%,$0.59B,$0.11B,18.89%,$0.11B,$0.69B,17.96%,$0.11B,$0.65B,19.01%,$0.11B,$0.79B,15.70%,$0.16B,$0.69B,25.04%,$174,$30,$144,$21,$76,$127,$48,$1,$49,$12,$37,$37,$37,$50,$48,$44,46,$0.83,$0.80,$362,$50,$0,$494,$117,$38,$36,$14,$292,$786,$85,$0,$11,$12,$97,$0,$140,$-4,$690,$786,$112,$11,$88,$99,$-15,$-16,$4,$-0,$-19,$193,$-56,$0,$0,$-118,$-6,$-125,$0,$-181,$-1,$0,$-1,$12,$12,$0,$-20,$-9,$4,$40,$0
3,2017-12-31,187.41,$14.29,13.12,$11.96,15.67,$5.39,34.79,$1.98,94.65,$0.42B,$0.08B,5.6,$0.00B,$0.63B,0.0,$0.54B,$0.46B,83.82%,$0.54B,$0.14B,25.55%,$0.54B,$0.14B,25.55%,$0.54B,$0.15B,27.57%,$0.54B,$0.14B,25.92%,$0.54B,$0.09B,16.54%,$0.09B,$0.63B,15.96%,$0.09B,$0.60B,16.95%,$0.09B,$0.72B,13.76%,$0.14B,$0.63B,24.15%,$154,$25,$129,$18,$67,$109,$45,$1,$46,$32,$13,$13,$13,$48,$45,$44,46,$0.30,$0.29,$301,$47,$0,$422,$108,$49,$35,$14,$297,$720,$75,$0,$11,$12,$87,$0,$104,$-11,$632,$720,$75,$8,$68,$76,$-10,$-12,$3,$0,$-16,$136,$-44,$0,$0,$-62,$-6,$-68,$0,$-112,$-1,$0,$-1,$9,$9,$0,$-20,$-12,$11,$29,$0
4,2017-09-30,168.6,$13.68,12.32,$11.16,15.1,$4.58,36.78,$2.03,83.05,$0.37B,$0.06B,5.84,$0.02B,$0.61B,0.03,$0.51B,$0.42B,83.76%,$0.51B,$0.12B,23.56%,$0.51B,$0.12B,23.56%,$0.51B,$0.13B,25.54%,$0.51B,$0.12B,23.96%,$0.51B,$0.09B,18.22%,$0.09B,$0.61B,18.03%,$0.09B,$0.57B,19.24%,$0.09B,$0.70B,15.35%,$0.12B,$0.62B,22.63%,$133,$22,$111,$19,$60,$101,$32,$1,$32,$8,$25,$25,$25,$35,$32,$44,46,$0.56,$0.54,$263,$41,$0,$370,$98,$56,$34,$14,$324,$695,$63,$15,$10,$26,$90,$0,$90,$-12,$605,$695,$62,$5,$24,$29,$-3,$-5,$0,$-1,$-12,$79,$-18,$0,$0,$-37,$-6,$-43,$0,$-61,$-0,$0,$-0,$6,$6,$0,$-19,$-13,$5,$18,$0
5,2017-06-30,143.3,$12.86,11.14,$10.57,13.56,$3.98,36.02,$1.69,84.79,$0.35B,$0.06B,5.95,$0.02B,$0.57B,0.03,$0.48B,$0.40B,83.79%,$0.48B,$0.10B,21.47%,$0.48B,$0.10B,21.47%,$0.48B,$0.11B,23.16%,$0.48B,$0.10B,21.89%,$0.48B,$0.08B,16.00%,$0.08B,$0.57B,16.58%,$0.08B,$0.53B,17.80%,$0.08B,$0.65B,13.96%,$0.10B,$0.58B,21.51%,$132,$22,$111,$17,$61,$99,$33,$1,$34,$-4,$37,$37,$37,$36,$33,$44,46,$0.85,$0.82,$251,$37,$0,$351,$93,$38,$33,$9,$301,$652,$59,$15,$10,$26,$85,$0,$66,$-15,$567,$652,$37,$2,$6,$8,$1,$-1,$-4,$-2,$-9,$36,$-10,$0,$0,$-7,$-0,$-7,$0,$-17,$-0,$0,$-0,$4,$4,$0,$-18,$-14,$5,$9,$0
6,2017-03-31,125.2,$10.35,12.1,$9.94,12.59,$3.87,32.36,$1.16,107.93,$0.33B,$0.07B,4.7,$0.02B,$0.45B,0.03,$0.45B,$0.38B,84.08%,$0.45B,$0.09B,20.18%,$0.45B,$0.09B,20.18%,$0.45B,$0.10B,21.75%,$0.45B,$0.09B,20.40%,$0.45B,$0.05B,11.66%,$0.05B,$0.45B,12.65%,$0.05B,$0.42B,13.69%,$0.05B,$0.55B,10.64%,$0.09B,$0.47B,21.28%,$125,$19,$105,$16,$60,$96,$29,$0,$29,$14,$15,$15,$15,$31,$29,$43,45,$0.34,$0.34,$230,$35,$0,$327,$88,$47,$31,$8,$223,$550,$70,$16,$12,$29,$98,$0,$-47,$-21,$452,$550,$52,$6,$51,$58,$-12,$-12,$8,$-1,$5,$115,$-50,$0,$0,$-73,$-3,$-76,$0,$-126,$-0,$0,$-0,$12,$12,$0,$-8,$4,$-9,$33,$0
7,2016-12-31,112.68,$9.59,11.75,$9.24,12.19,$3.78,29.79,$1.07,105.31,$0.33B,$0.06B,5.66,$0.02B,$0.42B,0.04,$0.42B,$0.35B,84.10%,$0.42B,$0.08B,19.52%,$0.42B,$0.08B,19.52%,$0.42B,$0.09B,20.96%,$0.42B,$0.08B,19.76%,$0.42B,$0.05B,11.57%,$0.05B,$0.42B,12.30%,$0.05B,$0.39B,13.39%,$0.05B,$0.50B,10.50%,$0.08B,$0.43B,20.34%,$115,$19,$96,$16,$54,$89,$25,$0,$26,$10,$15,$15,$15,$27,$25,$43,45,$0.36,$0.34,$241,$32,$0,$333,$61,$18,$31,$5,$168,$501,$59,$16,$8,$25,$84,$0,$-62,$-21,$417,$501,$37,$4,$41,$46,$-8,$-9,$4,$-4,$-5,$78,$-24,$0,$0,$-33,$-0,$-33,$0,$-57,$-0,$0,$-0,$9,$9,$0,$-15,$-7,$13,$25,$0
8,2016-09-30,128.58,$9.19,13.98,$8.59,14.97,$3.61,35.61,$0.96,133.94,$0.32B,$0.05B,6.16,$0.02B,$0.40B,0.04,$0.39B,$0.33B,84.46%,$0.39B,$0.07B,18.91%,$0.39B,$0.07B,18.91%,$0.39B,$0.08B,20.21%,$0.39B,$0.07B,18.91%,$0.39B,$0.04B,11.40%,$0.04B,$0.40B,11.81%,$0.04B,$0.37B,12.93%,$0.04B,$0.48B,10.23%,$0.07B,$0.41B,19.39%,$103,$17,$86,$18,$53,$88,$15,$0,$15,$6,$9,$9,$9,$16,$15,$43,45,$0.21,$0.20,$233,$31,$0,$320,$50,$4,$33,$4,$155,$475,$52,$16,$8,$25,$76,$0,$-77,$-15,$398,$475,$22,$3,$26,$29,$-4,$-6,$2,$-2,$-7,$44,$-10,$0,$0,$-18,$0,$-18,$0,$-28,$-0,$0,$-0,$7,$7,$0,$-16,$-10,$6,$18,$0
9,2016-06-30,109.29,$8.77,12.46,$7.98,13.69,$3.43,31.86,$0.93,117.52,$0.30B,$0.04B,6.95,$0.00B,$0.38B,0.0,$0.36B,$0.30B,84.68%,$0.36B,$0.07B,19.78%,$0.36B,$0.07B,19.78%,$0.36B,$0.08B,21.17%,$0.36B,$0.07B,19.78%,$0.36B,$0.04B,11.98%,$0.04B,$0.38B,12.09%,$0.04B,$0.35B,13.30%,$0.04B,$0.43B,10.63%,$0.07B,$0.38B,19.96%,$103,$15,$88,$16,$51,$82,$21,$0,$21,$9,$13,$13,$13,$23,$21,$43,45,$0.30,$0.29,$223,$29,$0,$300,$26,$0,$32,$4,$129,$429,$43,$0,$8,$9,$52,$0,$-86,$-16,$377,$429,$13,$1,$15,$17,$2,$-3,$-0,$-0,$-3,$26,$-5,$0,$0,$-20,$0,$-20,$0,$-25,$0,$0,$0,$3,$3,$0,$-14,$-11,$-10,$8,$0
10,2016-03-31,94.81,$8.66,10.95,$7.35,12.89,$3.16,29.98,$0.84,112.87,$0.29B,$0.05B,6.2,$0.00B,$0.37B,0.0,$0.33B,$0.28B,84.80%,$0.33B,$0.07B,19.76%,$0.33B,$0.07B,19.76%,$0.33B,$0.07B,20.97%,$0.33B,$0.07B,19.76%,$0.33B,$0.04B,11.85%,$0.04B,$0.37B,11.52%,$0.04B,$0.34B,12.75%,$0.04B,$0.42B,10.12%,$0.07B,$0.37B,19.20%,$94,$15,$79,$14,$45,$74,$20,$0,$20,$9,$11,$11,$11,$21,$20,$42,45,$0.26,$0.25,$212,$27,$0,$288,$23,$1,$33,$4,$136,$424,$47,$0,$8,$9,$55,$0,$-99,$-15,$369,$424,$38,$3,$51,$54,$-11,$-11,$-3,$-1,$-16,$77,$-16,$0,$0,$-41,$-1,$-42,$0,$-58,$0,$0,$0,$11,$11,$0,$-4,$7,$26,$29,$0
11,2015-12-31,90.28,$8.14,11.09,$6.84,13.2,$2.69,33.57,$2.84,31.79,$0.28B,$0.04B,7.48,$0.00B,$0.35B,0.0,$0.30B,$0.26B,84.82%,$0.30B,$0.06B,18.81%,$0.30B,$0.06B,18.81%,$0.30B,$0.06B,20.13%,$0.30B,$0.06B,18.81%,$0.30B,$0.13B,41.91%,$0.13B,$0.35B,39.78%,$0.13B,$0.31B,44.25%,$0.13B,$0.39B,34.91%,$0.06B,$0.35B,17.85%,$86,$13,$73,$14,$42,$68,$17,$0,$17,$7,$11,$11,$11,$18,$17,$42,45,$0.25,$0.23,$196,$26,$0,$282,$15,$0,$32,$4,$110,$392,$38,$0,$8,$8,$46,$0,$-110,$-18,$346,$392,$27,$2,$41,$43,$-5,$-10,$-2,$0,$-16,$54,$-8,$0,$0,$-19,$-1,$-20,$0,$-28,$0,$0,$0,$9,$9,$0,$-3,$5,$31,$22,$0
12,2015-09-30,92.76,$7.81,11.88,$6.38,14.55,$2.19,42.34,$2.91,31.88,$0.27B,$0.03B,7.7,$0.00B,$0.33B,0.0,$0.28B,$0.24B,84.59%,$0.28B,$0.05B,19.35%,$0.28B,$0.05B,19.35%,$0.28B,$0.06B,20.43%,$0.28B,$0.05B,19.35%,$0.28B,$0.13B,46.24%,$0.13B,$0.33B,45.79%,$0.13B,$0.30B,51.91%,$0.13B,$0.37B,39.57%,$0.05B,$0.33B,19.17%,$76,$12,$64,$12,$40,$64,$13,$0,$13,$5,$8,$8,$8,$14,$13,$42,45,$0.18,$0.17,$176,$23,$0,$265,$11,$0,$33,$4,$108,$373,$34,$0,$7,$8,$42,$0,$-121,$-15,$331,$373,$17,$1,$27,$29,$-5,$-7,$-2,$0,$-16,$29,$-3,$0,$0,$2,$-1,$2,$0,$-2,$0,$0,$0,$8,$8,$0,$-3,$5,$32,$16,$0
13,2015-06-30,65.73,$7.33,8.97,$5.91,11.13,$1.82,36.05,$2.83,23.23,$0.24B,$0.04B,6.73,$0.00B,$0.31B,0.0,$0.26B,$0.21B,83.92%,$0.26B,$0.05B,17.65%,$0.26B,$0.05B,17.65%,$0.26B,$0.05B,18.82%,$0.26B,$0.05B,17.65%,$0.26B,$0.13B,49.02%,$0.13B,$0.31B,51.44%,$0.13B,$0.28B,59.88%,$0.13B,$0.35B,43.59%,$0.05B,$0.31B,18.52%,$73,$11,$63,$10,$37,$58,$15,$0,$15,$6,$9,$9,$9,$16,$15,$42,44,$0.21,$0.20,$155,$21,$0,$244,$10,$2,$32,$4,$108,$352,$36,$0,$7,$8,$44,$0,$-128,$-16,$308,$352,$9,$1,$11,$12,$-2,$-5,$-2,$1,$-10,$11,$-2,$0,$0,$8,$0,$8,$0,$6,$0,$0,$0,$5,$5,$0,$-3,$1,$18,$5,$0
14,2015-03-31,71.58,$7.05,10.15,$5.47,13.09,$1.69,42.36,$2.59,27.64,$0.19B,$0.04B,4.71,$0.00B,$0.29B,0.0,$0.23B,$0.19B,82.25%,$0.23B,$0.03B,12.12%,$0.23B,$0.03B,12.12%,$0.23B,$0.03B,13.42%,$0.23B,$0.03B,12.55%,$0.23B,$0.11B,49.35%,$0.11B,$0.29B,54.68%,$0.11B,$0.26B,65.90%,$0.11B,$0.34B,45.55%,$0.03B,$0.29B,13.43%,$68,$11,$57,$10,$35,$55,$12,$0,$12,$-87,$99,$99,$99,$13,$12,$41,43,$2.44,$2.30,$132,$17,$0,$185,$9,$14,$32,$4,$153,$338,$39,$0,$7,$7,$47,$0,$-137,$-17,$292,$338,$114,$3,$-68,$-66,$-8,$-7,$3,$1,$-5,$43,$-5,$0,$-16,$-26,$-3,$-29,$0,$-50,$0,$0,$0,$12,$12,$0,$-2,$10,$1,$17,$0
15,2014-12-31,38.06,$4.76,7.99,$5.11,7.45,$1.30,29.32,$0.44,86.5,$0.16B,$0.03B,5.11,$0.00B,$0.20B,0.0,$0.21B,$0.17B,81.22%,$0.21B,$0.02B,9.39%,$0.21B,$0.02B,9.39%,$0.21B,$0.02B,10.33%,$0.21B,$0.02B,9.86%,$0.21B,$0.02B,8.92%,$0.02B,$0.20B,10.70%,$0.02B,$0.16B,13.52%,$0.02B,$0.24B,8.76%,$0.02B,$0.20B,11.27%,$62,$10,$52,$8,$30,$48,$14,$0,$14,$1,$13,$13,$13,$14,$14,$41,43,$0.31,$0.30,$113,$15,$0,$161,$8,$18,$35,$2,$80,$241,$31,$0,$7,$14,$45,$0,$-236,$-9,$196,$241,$15,$2,$15,$17,$-4,$-4,$0,$2,$-6,$25,$-2,$0,$-16,$-15,$-1,$-16,$0,$-34,$0,$0,$0,$9,$9,$0,$-1,$8,$-1,$13,$0
16,2014-09-30,24.83,$4.33,5.74,$4.77,5.21,$1.04,23.95,$0.25,99.32,$0.14B,$0.03B,4.99,$0.00B,$0.18B,0.0,$0.20B,$0.16B,80.20%,$0.20B,$0.01B,5.58%,$0.20B,$0.01B,5.58%,$0.20B,$0.01B,6.60%,$0.20B,$0.01B,6.09%,$0.20B,$0.01B,5.08%,$0.01B,$0.18B,5.93%,$0.01B,$0.14B,7.63%,$0.01B,$0.22B,4.88%,$0.01B,$0.18B,6.53%,$52,$10,$42,$9,$29,$48,$4,$-0,$4,$0,$4,$4,$4,$5,$4,$40,42,$0.09,$0.09,$95,$13,$0,$135,$7,$16,$37,$2,$80,$216,$27,$0,$6,$13,$40,$0,$-249,$-6,$176,$216,$2,$1,$10,$11,$1,$-1,$-1,$1,$-3,$10,$-1,$0,$-16,$3,$-1,$2,$0,$-15,$0,$0,$0,$3,$3,$0,$-1,$2,$-3,$8,$0
17,2014-06-30,25.14,$4.22,5.96,$4.61,5.45,$0.93,26.98,$0.19,132.32,$0.13B,$0.03B,4.39,$0.00B,$0.17B,0.0,$0.19B,$0.15B,79.89%,$0.19B,$0.01B,4.23%,$0.19B,$0.01B,4.23%,$0.19B,$0.01B,5.29%,$0.19B,$0.01B,4.76%,$0.19B,$0.01B,3.70%,$0.01B,$0.17B,4.31%,$0.01B,$0.13B,5.62%,$0.01B,$0.21B,3.57%,$0.01B,$0.17B,4.93%,$49,$10,$39,$9,$32,$50,$-2,$0,$-1,$0,$-2,$-2,$-2,$-1,$-2,$40,40,$-0.04,$-0.04,$87,$14,$0,$127,$7,$34,$38,$1,$79,$206,$29,$0,$0,$7,$36,$0,$-253,$-1,$170,$206,$-2,$1,$5,$5,$2,$-0,$-1,$0,$-0,$3,$-0,$0,$0,$11,$0,$11,$0,$11,$0,$0,$0,$1,$1,$0,$-1,$-0,$14,$4,$0
18,2014-03-31,26.04,$4.22,6.17,$4.50,5.79,$0.84,30.91,$0.19,137.05,$0.12B,$0.03B,3.88,$0.00B,$0.17B,0.0,$0.18B,$0.15B,79.78%,$0.18B,$0.01B,4.92%,$0.18B,$0.01B,4.92%,$0.18B,$0.01B,5.46%,$0.18B,$0.01B,4.92%,$0.18B,$0.01B,3.83%,$0.01B,$0.17B,4.52%,$0.01B,$0.13B,5.96%,$0.01B,$0.21B,3.74%,$0.01B,$0.17B,5.81%,$50,$10,$40,$8,$29,$47,$4,$0,$4,$0,$4,$4,$4,$4,$4,$39,42,$0.09,$0.08,$77,$14,$0,$118,$7,$42,$38,$1,$87,$205,$30,$0,$7,$7,$37,$0,$-251,$-1,$168,$205,$7,$3,$14,$17,$-1,$-1,$-0,$-0,$-1,$23,$-3,$0,$0,$-19,$-1,$-20,$0,$-22,$0,$0,$0,$10,$10,$0,$-0,$10,$11,$11,$0
19,2013-12-31,26.74,$4.04,6.63,$4.35,6.15,$0.92,29.1,$0.19,140.74,$0.12B,$0.03B,4.53,$0.00B,$0.16B,0.0,$0.18B,$0.14B,79.66%,$0.18B,$0.01B,5.08%,$0.18B,$0.01B,5.08%,$0.18B,$0.01B,6.21%,$0.18B,$0.01B,5.08%,$0.18B,$0.01B,3.95%,$0.01B,$0.16B,4.75%,$0.01B,$0.12B,6.33%,$0.01B,$0.19B,3.92%,$0.01B,$0.16B,6.11%,$46,$9,$37,$8,$24,$42,$5,$0,$5,$0,$4,$4,$4,$5,$5,$40,42,$0.11,$0.11,$80,$15,$0,$120,$7,$28,$38,$1,$74,$193,$26,$0,$0,$6,$33,$0,$-255,$-1,$160,$193,$4,$2,$10,$12,$0,$-0,$-2,$-0,$-2,$14,$-2,$0,$0,$-6,$-1,$-7,$0,$-9,$0,$0,$0,$8,$8,$0,$0,$8,$13,$8,$0
20,2013-09-30,19.06,$3.82,4.99,$4.18,4.56,$1.06,17.99,$0.15,127.07,$0.11B,$0.02B,4.6,$0.00B,$0.15B,0.0,$0.17B,$0.13B,79.29%,$0.17B,$0.01B,4.14%,$0.17B,$0.01B,4.14%,$0.17B,$0.01B,5.92%,$0.17B,$0.01B,4.14%,$0.17B,$0.01B,3.55%,$0.01B,$0.15B,4.25%,$0.01B,$0.11B,5.71%,$0.01B,$0.18B,3.50%,$0.01B,$0.15B,4.96%,$44,$9,$35,$8,$26,$43,$1,$0,$1,$0,$1,$1,$1,$2,$1,$39,41,$0.03,$0.03,$71,$16,$0,$111,$6,$26,$37,$1,$70,$181,$24,$0,$0,$6,$30,$0,$-259,$-1,$151,$181,$-1,$1,$8,$9,$2,$-1,$-1,$-1,$-3,$5,$-1,$0,$0,$-8,$-1,$-9,$0,$-10,$0,$0,$0,$5,$5,$0,$0,$5,$1,$7,$0
21,2013-06-30,21.56,$3.62,5.95,$4.00,5.39,$1.19,18.07,$0.25,86.24,$0.11B,$0.02B,4.62,$0.00B,$0.14B,0.0,$0.16B,$0.13B,79.63%,$0.16B,$0.01B,7.41%,$0.16B,$0.01B,7.41%,$0.16B,$0.02B,9.26%,$0.16B,$0.01B,7.41%,$0.16B,$0.01B,6.17%,$0.01B,$0.14B,7.21%,$0.01B,$0.11B,9.71%,$0.01B,$0.17B,5.96%,$0.01B,$0.14B,8.65%,$43,$9,$34,$7,$28,$44,$-1,$-0,$-1,$0,$-2,$-2,$-2,$-1,$-1,$39,39,$-0.04,$-0.04,$67,$17,$0,$107,$6,$21,$36,$1,$64,$170,$23,$0,$0,$6,$29,$0,$-260,$-3,$141,$170,$-2,$1,$4,$5,$2,$-2,$-1,$0,$-3,$-0,$-1,$0,$0,$2,$-1,$2,$0,$1,$0,$0,$0,$2,$2,$0,$0,$2,$2,$4,$0
22,2013-03-31,18.67,$3.55,5.26,$3.83,4.87,$1.30,14.31,$0.37,50.46,$0.12B,$0.03B,4.31,$0.00B,$0.14B,0.0,$0.16B,$0.13B,79.75%,$0.16B,$0.02B,10.76%,$0.16B,$0.02B,10.76%,$0.16B,$0.02B,12.66%,$0.16B,$0.02B,10.76%,$0.16B,$0.02B,9.49%,$0.02B,$0.14B,11.01%,$0.02B,$0.10B,14.89%,$0.02B,$0.17B,9.15%,$0.02B,$0.14B,12.48%,$44,$9,$35,$7,$24,$40,$4,$0,$4,$0,$4,$4,$4,$5,$4,$39,41,$0.09,$0.09,$77,$15,$0,$117,$7,$11,$35,$0,$53,$170,$27,$0,$0,$6,$33,$0,$-258,$-4,$137,$170,$15,$3,$11,$14,$-3,$-5,$1,$1,$-3,$26,$-3,$0,$0,$-7,$0,$-7,$0,$-10,$0,$0,$0,$-12,$-12,$0,$-0,$-12,$3,$10,$0
23,2012-12-31,13.44,$3.50,3.84,$3.70,3.64,$0.78,17.28,$0.34,39.53,$0.12B,$0.02B,5.24,$0.00B,$0.14B,0.0,$0.15B,$0.12B,80.79%,$0.15B,$0.02B,10.60%,$0.15B,$0.02B,10.60%,$0.15B,$0.02B,12.58%,$0.15B,$0.02B,10.60%,$0.15B,$0.01B,9.27%,$0.01B,$0.14B,10.49%,$0.01B,$0.10B,14.36%,$0.01B,$0.17B,8.75%,$0.02B,$0.14B,11.99%,$38,$8,$30,$6,$21,$35,$3,$0,$3,$1,$3,$3,$3,$4,$3,$39,41,$0.07,$0.07,$86,$15,$0,$122,$6,$0,$37,$0,$43,$165,$23,$0,$0,$6,$29,$0,$-262,$-2,$136,$165,$11,$2,$8,$10,$0,$-5,$-0,$0,$-3,$19,$-2,$0,$0,$-4,$0,$-4,$0,$-6,$0,$0,$0,$-8,$-8,$0,$0,$-8,$5,$7,$0
24,2012-09-30,20.99,$3.55,5.92,$3.56,5.9,$0.29,73.47,$0.34,61.74,$0.12B,$0.02B,6.3,$0.00B,$0.14B,0.0,$0.15B,$0.12B,81.38%,$0.15B,$0.02B,10.34%,$0.15B,$0.02B,10.34%,$0.15B,$0.02B,12.41%,$0.15B,$0.02B,11.03%,$0.15B,$0.01B,9.66%,$0.01B,$0.14B,10.85%,$0.01B,$0.11B,15.05%,$0.01B,$0.17B,9.09%,$0.02B,$0.14B,11.63%,$37,$7,$30,$6,$18,$31,$6,$-0,$6,$0,$5,$5,$5,$7,$6,$39,42,$0.14,$0.13,$89,$14,$0,$124,$6,$0,$36,$0,$42,$166,$20,$0,$0,$5,$25,$0,$-265,$-3,$141,$166,$9,$1,$6,$7,$2,$-4,$-1,$-0,$-5,$11,$-2,$0,$0,$-13,$0,$-13,$0,$-15,$0,$0,$0,$3,$3,$0,$0,$3,$-1,$5,$0
25,2012-06-30,22.82,$3.30,6.91,$3.41,6.69,$-0.13,0.0,$0.23,99.22,$0.11B,$0.02B,5.95,$0.00B,$0.13B,0.0,$0.14B,$0.11B,81.75%,$0.14B,$0.01B,7.30%,$0.14B,$0.01B,7.30%,$0.14B,$0.01B,9.49%,$0.14B,$0.01B,8.03%,$0.14B,$0.01B,7.30%,$0.01B,$0.13B,8.23%,$0.01B,$0.10B,11.76%,$0.01B,$0.16B,6.87%,$0.01B,$0.13B,8.23%,$39,$7,$31,$7,$21,$35,$4,$-0,$4,$0,$3,$3,$3,$4,$4,$39,42,$0.08,$0.08,$81,$12,$0,$114,$6,$0,$35,$0,$41,$155,$19,$0,$0,$5,$24,$0,$-270,$-4,$131,$155,$3,$1,$3,$4,$2,$-2,$-0,$-0,$-3,$4,$-0,$0,$0,$-6,$0,$-6,$0,$-6,$0,$0,$0,$1,$1,$0,$0,$1,$-2,$3,$0
26,2012-03-31,22.19,$3.22,6.9,$3.19,6.95,$-0.46,0.0,$0.03,739.67,$0.11B,$0.02B,4.93,$0.00B,$0.13B,0.0,$0.13B,$0.10B,81.60%,$0.13B,$0.00B,1.60%,$0.13B,$0.00B,1.60%,$0.13B,$0.01B,4.80%,$0.13B,$0.00B,2.40%,$0.13B,$0.00B,1.60%,$0.00B,$0.13B,1.72%,$0.00B,$0.09B,2.55%,$0.00B,$0.15B,1.43%,$0.00B,$0.13B,1.72%,$37,$7,$31,$7,$20,$34,$3,$-0,$3,$0,$3,$3,$3,$4,$3,$38,40,$0.06,$0.07,$77,$11,$0,$111,$6,$0,$37,$0,$43,$154,$22,$0,$0,$5,$28,$0,$-273,$-2,$126,$154,$1,$4,$10,$14,$-5,$-6,$0,$1,$-12,$4,$-2,$0,$0,$-17,$1,$-16,$0,$-17,$0,$0,$0,$15,$15,$0,$0,$15,$0,$8,$0
27,2011-12-31,18.47,$3.02,6.11,$3.03,6.09,$-0.51,0.0,$-0.08,0.0,$0.10B,$0.02B,5.49,$0.00B,$0.12B,0.0,$0.12B,$0.09B,80.34%,$0.12B,$-0.00B,-1.71%,$0.12B,$-0.00B,-1.71%,$0.12B,$0.00B,1.71%,$0.12B,$-0.00B,-1.71%,$0.12B,$-0.00B,-2.56%,$-0.00B,$0.12B,-2.70%,$-0.00B,$0.08B,-4.15%,$-0.00B,$0.14B,-2.24%,$-0.00B,$0.12B,-1.80%,$32,$6,$26,$6,$17,$30,$2,$1,$3,$0,$3,$3,$3,$3,$2,$38,40,$0.08,$0.07,$70,$10,$0,$98,$6,$0,$36,$0,$43,$141,$18,$0,$0,$5,$23,$0,$-276,$-3,$118,$141,$-1,$3,$7,$10,$-2,$-4,$-1,$-0,$-10,$-1,$-2,$0,$0,$-10,$1,$-9,$0,$-11,$0,$0,$0,$12,$12,$0,$0,$12,$-1,$6,$0
28,2011-09-30,11.03,$2.89,3.82,$2.96,3.72,$-0.42,0.0,$-0.17,0.0,$0.09B,$0.02B,5.63,$0.00B,$0.11B,0.0,$0.11B,$0.09B,80.36%,$0.11B,$-0.01B,-4.46%,$0.11B,$-0.01B,-4.46%,$0.11B,$-0.00B,-0.89%,$0.11B,$-0.01B,-5.36%,$0.11B,$-0.01B,-6.25%,$-0.01B,$0.11B,-6.54%,$-0.01B,$0.07B,-10.37%,$-0.01B,$0.13B,-5.39%,$-0.01B,$0.11B,-4.67%,$29,$6,$24,$6,$16,$29,$1,$0,$1,$0,$1,$1,$1,$2,$1,$38,39,$0.02,$0.02,$61,$9,$0,$87,$6,$0,$38,$0,$45,$132,$15,$0,$0,$5,$20,$0,$-279,$-1,$111,$132,$-4,$2,$5,$7,$-0,$-3,$-2,$-0,$-9,$-6,$-1,$0,$0,$-1,$0,$-1,$0,$-2,$0,$0,$0,$8,$8,$0,$0,$8,$-0,$4,$0
29,2011-06-30,16.2,$2.89,5.61,$2.84,5.7,$-0.37,0.0,$-0.28,0.0,$0.08B,$0.02B,5.46,$0.00B,$0.11B,0.0,$0.11B,$0.08B,79.25%,$0.11B,$-0.01B,-8.49%,$0.11B,$-0.01B,-8.49%,$0.11B,$-0.01B,-4.72%,$0.11B,$-0.01B,-9.43%,$0.11B,$-0.01B,-10.38%,$-0.01B,$0.11B,-10.50%,$-0.01B,$0.07B,-16.99%,$-0.01B,$0.13B,-8.63%,$-0.01B,$0.11B,-8.59%,$27,$6,$21,$7,$18,$32,$-4,$-0,$-4,$0,$-5,$-5,$-5,$-3,$-4,$38,38,$-0.12,$-0.12,$59,$9,$0,$84,$6,$0,$41,$0,$47,$131,$15,$0,$0,$5,$20,$0,$-279,$2,$111,$131,$-5,$1,$3,$4,$1,$-2,$-1,$-0,$-8,$-9,$-0,$0,$0,$-1,$0,$-1,$0,$-1,$0,$0,$0,$8,$8,$0,$0,$8,$-2,$2,$0
30,2011-03-31,14.53,$2.78,5.23,$2.72,5.34,$-0.21,0.0,$-0.32,0.0,$0.09B,$0.02B,3.79,$0.00B,$0.11B,0.0,$0.10B,$0.08B,79.21%,$0.10B,$-0.01B,-10.89%,$0.10B,$-0.01B,-10.89%,$0.10B,$-0.01B,-6.93%,$0.10B,$-0.01B,-11.88%,$0.10B,$-0.01B,-11.88%,$-0.01B,$0.11B,-11.79%,$-0.01B,$0.06B,-19.05%,$-0.01B,$0.13B,-9.66%,$-0.01B,$0.11B,-10.81%,$29,$6,$23,$7,$17,$30,$-1,$-0,$-2,$0,$-2,$-2,$-2,$-0,$-1,$37,37,$-0.05,$-0.05,$60,$8,$0,$85,$6,$0,$41,$0,$47,$132,$22,$0,$0,$5,$27,$0,$-275,$1,$105,$132,$-12,$4,$9,$13,$-2,$-2,$2,$1,$0,$2,$-2,$0,$0,$-1,$0,$-1,$0,$-2,$0,$0,$0,$1,$1,$0,$0,$1,$1,$5,$0
31,2010-12-31,9.61,$2.67,3.6,$2.58,3.73,$-0.45,0.0,$-0.26,0.0,$0.08B,$0.02B,4.22,$0.00B,$0.10B,0.0,$0.10B,$0.07B,77.89%,$0.10B,$-0.02B,-15.79%,$0.10B,$-0.02B,-15.79%,$0.10B,$-0.01B,-11.58%,$0.10B,$-0.01B,-9.47%,$0.10B,$-0.01B,-9.47%,$-0.01B,$0.10B,-8.78%,$-0.01B,$0.06B,-14.06%,$-0.01B,$0.12B,-7.27%,$-0.02B,$0.10B,-14.63%,$27,$5,$22,$7,$16,$28,$-1,$0,$-1,$0,$-1,$-1,$-1,$0,$-1,$37,37,$-0.02,$-0.02,$59,$7,$0,$80,$6,$0,$38,$0,$45,$124,$19,$0,$1,$4,$23,$0,$-273,$-2,$101,$124,$-10,$3,$7,$10,$0,$-1,$-0,$1,$2,$1,$-1,$0,$0,$-2,$0,$-2,$0,$-2,$0,$0,$0,$1,$1,$0,$0,$1,$-1,$4,$0
32,2010-09-30,10.61,$2.70,3.93,$2.46,4.31,$-0.70,0.0,$-0.36,0.0,$0.08B,$0.02B,4.51,$0.00B,$0.10B,0.0,$0.09B,$0.07B,75.82%,$0.09B,$-0.02B,-20.88%,$0.09B,$-0.02B,-20.88%,$0.09B,$-0.02B,-16.48%,$0.09B,$-0.01B,-14.29%,$0.09B,$-0.01B,-14.29%,$-0.01B,$0.10B,-12.41%,$-0.01B,$0.06B,-20.00%,$-0.01B,$0.12B,-10.38%,$-0.02B,$0.10B,-18.14%,$23,$5,$18,$7,$14,$26,$-3,$0,$-3,$0,$-3,$-3,$-3,$-2,$-3,$37,37,$-0.09,$-0.09,$54,$7,$0,$77,$6,$0,$40,$0,$46,$123,$17,$0,$1,$4,$21,$0,$-272,$-1,$102,$123,$-9,$2,$4,$6,$-2,$0,$0,$1,$-2,$-4,$-1,$0,$0,$3,$0,$3,$0,$3,$0,$0,$0,$0,$0,$0,$0,$0,$-1,$3,$0
33,2010-06-30,9.68,$2.61,3.7,$2.37,4.08,$-0.80,0.0,$-0.48,0.0,$0.08B,$0.02B,4.81,$0.00B,$0.10B,0.0,$0.09B,$0.07B,75.00%,$0.09B,$-0.02B,-26.14%,$0.09B,$-0.02B,-26.14%,$0.09B,$-0.02B,-21.59%,$0.09B,$-0.02B,-19.32%,$0.09B,$-0.02B,-20.45%,$-0.02B,$0.10B,-16.71%,$-0.02B,$0.06B,-26.87%,$-0.02B,$0.12B,-14.09%,$-0.02B,$0.10B,-21.35%,$22,$5,$17,$7,$16,$28,$-6,$0,$-6,$0,$-6,$-6,$-6,$-5,$-6,$37,37,$-0.16,$-0.16,$55,$7,$0,$76,$6,$0,$36,$0,$42,$118,$16,$0,$1,$4,$20,$0,$-269,$-6,$99,$118,$-6,$1,$2,$3,$1,$1,$1,$0,$0,$-3,$-0,$0,$0,$2,$0,$2,$0,$2,$0,$0,$0,$0,$0,$0,$0,$0,$-1,$1,$0
34,2010-03-31,10.32,$2.88,3.58,$2.33,4.44,$-0.86,0.0,$-0.53,0.0,$0.08B,$0.02B,4.58,$0.00B,$0.11B,0.0,$0.09B,$0.06B,74.42%,$0.09B,$-0.02B,-27.91%,$0.09B,$-0.02B,-27.91%,$0.09B,$-0.02B,-23.26%,$0.09B,$-0.02B,-22.09%,$0.09B,$-0.02B,-23.26%,$-0.02B,$0.11B,-17.82%,$-0.02B,$0.07B,-28.67%,$-0.02B,$0.13B,-15.12%,$-0.02B,$0.11B,-21.38%,$23,$6,$17,$7,$15,$28,$-5,$6,$1,$0,$1,$1,$1,$-4,$-5,$37,37,$0.02,$0.02,$58,$9,$0,$83,$7,$0,$40,$0,$47,$130,$18,$0,$1,$4,$22,$0,$-263,$-1,$108,$130,$-19,$5,$3,$8,$2,$1,$-1,$-0,$4,$-7,$-2,$0,$-2,$6,$0,$6,$6,$9,$0,$0,$0,$1,$1,$0,$0,$1,$3,$5,$0
35,2009-12-31,8.73,$2.94,2.97,$2.26,3.86,$-1.25,0.0,$-0.77,0.0,$0.08B,$0.02B,4.73,$0.00B,$0.11B,0.0,$0.08B,$0.06B,73.49%,$0.08B,$-0.03B,-32.53%,$0.08B,$-0.03B,-32.53%,$0.08B,$-0.02B,-27.71%,$0.08B,$-0.03B,-33.73%,$0.08B,$-0.03B,-34.94%,$-0.03B,$0.11B,-25.38%,$-0.03B,$0.07B,-39.86%,$-0.03B,$0.13B,-21.68%,$-0.03B,$0.11B,-23.63%,$23,$6,$17,$6,$15,$28,$-5,$0,$-5,$-0,$-5,$-5,$-5,$-4,$-5,$37,37,$-0.12,$-0.12,$52,$13,$0,$80,$7,$0,$43,$0,$51,$130,$17,$0,$0,$3,$20,$0,$-264,$2,$110,$130,$-20,$4,$8,$12,$1,$-0,$-0,$-0,$0,$-7,$-1,$0,$-2,$11,$0,$11,$0,$8,$0,$0,$0,$1,$1,$0,$0,$1,$1,$6,$0
36,2009-09-30,9.71,$3.04,3.19,$2.13,4.56,$-1.58,0.0,$-0.86,0.0,$0.08B,$0.02B,5.01,$0.00B,$0.11B,0.0,$0.08B,$0.06B,74.03%,$0.08B,$-0.03B,-36.36%,$0.08B,$-0.03B,-36.36%,$0.08B,$-0.02B,-31.17%,$0.08B,$-0.03B,-40.26%,$0.08B,$-0.03B,-41.56%,$-0.03B,$0.11B,-27.06%,$-0.03B,$0.07B,-40.89%,$-0.03B,$0.13B,-23.40%,$-0.03B,$0.11B,-23.68%,$20,$5,$15,$7,$15,$27,$-7,$-0,$-7,$0,$-8,$-8,$-8,$-6,$-7,$37,37,$-0.21,$-0.21,$52,$14,$0,$81,$8,$0,$44,$0,$52,$133,$16,$0,$0,$3,$19,$0,$-259,$4,$114,$133,$-15,$3,$5,$8,$3,$-1,$-0,$-0,$0,$-7,$-1,$0,$-2,$10,$0,$10,$0,$7,$0,$0,$0,$1,$1,$0,$0,$1,$1,$4,$0
37,2009-06-30,8.82,$3.13,2.82,$2.17,4.07,$-1.83,0.0,$-0.83,0.0,$0.08B,$0.02B,5.09,$0.00B,$0.12B,0.0,$0.08B,$0.06B,74.03%,$0.08B,$-0.03B,-35.06%,$0.08B,$-0.03B,-35.06%,$0.08B,$-0.02B,-29.87%,$0.08B,$-0.03B,-38.96%,$0.08B,$-0.03B,-38.96%,$-0.03B,$0.12B,-24.69%,$-0.03B,$0.07B,-36.14%,$-0.03B,$0.14B,-21.39%,$-0.03B,$0.12B,-22.22%,$20,$5,$15,$6,$16,$27,$-7,$-0,$-8,$0,$-8,$-8,$-8,$-6,$-7,$37,37,$-0.21,$-0.21,$52,$15,$0,$83,$8,$2,$43,$0,$53,$136,$16,$0,$0,$3,$19,$0,$-252,$1,$117,$136,$-8,$1,$2,$4,$1,$-1,$-0,$-0,$-1,$-5,$-1,$0,$-2,$7,$0,$7,$0,$5,$0,$0,$0,$0,$0,$0,$0,$0,$0,$2,$0
38,2009-03-31,4.9,$3.16,1.55,$2.12,2.31,$-2.07,0.0,$-0.90,0.0,$0.09B,$0.02B,5.03,$0.00B,$0.12B,0.0,$0.07B,$0.05B,72.60%,$0.07B,$-0.03B,-39.73%,$0.07B,$-0.03B,-39.73%,$0.07B,$-0.03B,-34.25%,$0.07B,$-0.03B,-42.47%,$0.07B,$-0.03B,-42.47%,$-0.03B,$0.12B,-26.78%,$-0.03B,$0.08B,-40.13%,$-0.03B,$0.14B,-22.96%,$-0.03B,$0.12B,-25.05%,$20,$5,$14,$7,$15,$28,$-8,$-0,$-8,$0,$-8,$-8,$-8,$-7,$-8,$35,35,$-0.24,$-0.24,$57,$15,$0,$88,$8,$4,$36,$0,$47,$136,$18,$0,$0,$2,$20,$0,$-244,$-2,$116,$136,$-32,$5,$12,$17,$-3,$-2,$-2,$1,$-4,$-18,$-4,$0,$0,$-23,$0,$-23,$0,$-27,$0,$0,$0,$46,$46,$0,$0,$46,$-0,$9,$0
39,2008-12-31,16.42,$3.44,4.77,$2.10,7.83,$-2.44,0.0,$-1.13,0.0,$0.10B,$0.01B,7.08,$0.00B,$0.13B,0.0,$0.07B,$0.05B,73.24%,$0.07B,$-0.03B,-42.25%,$0.07B,$-0.03B,-42.25%,$0.07B,$-0.03B,-35.21%,$0.07B,$-0.04B,-53.52%,$0.07B,$-0.04B,-53.52%,$-0.04B,$0.13B,-34.47%,$-0.04B,$0.09B,-53.52%,$-0.04B,$0.14B,-29.12%,$-0.03B,$0.13B,-27.21%,$17,$5,$13,$5,$13,$23,$-6,$-1,$-8,$0,$-8,$-8,$-8,$-5,$-6,$36,36,$-0.21,$-0.21,$64,$18,$0,$96,$8,$0,$38,$0,$46,$142,$14,$0,$0,$2,$16,$0,$-236,$2,$126,$142,$-23,$4,$10,$14,$-1,$-4,$-4,$1,$-9,$-18,$-3,$0,$0,$-26,$0,$-26,$0,$-28,$0,$0,$0,$46,$46,$0,$0,$46,$1,$7,$0
40,2008-09-30,17.75,$3.48,5.1,$2.11,8.41,$-2.62,0.0,$-1.18,0.0,$0.10B,$0.01B,7.09,$0.00B,$0.13B,0.0,$0.07B,$0.05B,72.86%,$0.07B,$-0.03B,-47.14%,$0.07B,$-0.03B,-47.14%,$0.07B,$-0.03B,-38.57%,$0.07B,$-0.04B,-54.29%,$0.07B,$-0.04B,-54.29%,$-0.04B,$0.13B,-36.28%,$-0.04B,$0.09B,-57.79%,$-0.04B,$0.15B,-30.04%,$-0.03B,$0.13B,-31.50%,$20,$5,$15,$7,$14,$26,$-6,$-0,$-6,$0,$-6,$-6,$-6,$-5,$-6,$34,34,$-0.18,$-0.18,$66,$19,$0,$101,$7,$0,$39,$0,$46,$147,$14,$0,$0,$5,$19,$0,$-228,$-1,$127,$147,$-15,$3,$7,$9,$-1,$-4,$-3,$0,$-9,$-15,$-1,$0,$0,$-27,$0,$-27,$0,$-28,$0,$0,$0,$45,$45,$0,$0,$45,$1,$5,$0
41,2008-06-30,17.75,$2.79,6.36,$1.88,9.44,$-2.68,0.0,$-1.29,0.0,$0.06B,$0.02B,4.04,$0.00B,$0.09B,0.0,$0.06B,$0.04B,72.13%,$0.06B,$-0.04B,-60.66%,$0.06B,$-0.04B,-60.66%,$0.06B,$-0.03B,-50.82%,$0.06B,$-0.04B,-67.21%,$0.06B,$-0.04B,-67.21%,$-0.04B,$0.09B,-40.69%,$-0.04B,$0.05B,-65.60%,$-0.04B,$0.12B,-33.74%,$-0.04B,$0.09B,-36.72%,$16,$6,$11,$6,$14,$26,$-9,$0,$-9,$0,$-9,$-9,$-9,$-8,$-9,$33,33,$-0.28,$-0.28,$28,$20,$0,$63,$7,$0,$43,$1,$51,$115,$16,$0,$0,$5,$21,$0,$-222,$5,$94,$115,$-9,$1,$2,$4,$0,$-3,$-2,$0,$-7,$-12,$-1,$0,$0,$10,$0,$10,$0,$9,$0,$0,$0,$2,$2,$0,$0,$2,$-0,$2,$0
42,2008-03-31,13.14,$2.86,4.6,$1.82,7.23,$-2.72,0.0,$-1.27,0.0,$0.07B,$0.02B,3.67,$0.00B,$0.09B,0.0,$0.06B,$0.04B,74.58%,$0.06B,$-0.04B,-62.71%,$0.06B,$-0.04B,-62.71%,$0.06B,$-0.03B,-52.54%,$0.06B,$-0.04B,-67.80%,$0.06B,$-0.04B,-67.80%,$-0.04B,$0.09B,-37.47%,$-0.04B,$0.06B,-56.54%,$-0.04B,$0.12B,-31.94%,$-0.04B,$0.09B,-34.66%,$18,$5,$13,$7,$14,$26,$-9,$-6,$-15,$0,$-15,$-15,$-15,$-7,$-9,$32,32,$-0.45,$-0.45,$38,$17,$0,$72,$8,$0,$38,$0,$47,$118,$19,$0,$0,$5,$24,$0,$-212,$5,$94,$118,$-41,$6,$14,$20,$-3,$-11,$3,$0,$-8,$-29,$-4,$-0,$0,$-32,$0,$-32,$-5,$-41,$0,$0,$0,$2,$2,$0,$0,$2,$-68,$5,$0
43,2007-12-31,15.54,$3.19,4.87,$1.79,8.69,$-2.54,0.0,$-1.03,0.0,$0.08B,$0.02B,4.62,$0.00B,$0.10B,0.0,$0.06B,$0.04B,76.36%,$0.06B,$-0.03B,-61.82%,$0.06B,$-0.03B,-61.82%,$0.06B,$-0.03B,-52.73%,$0.06B,$-0.03B,-56.36%,$0.06B,$-0.03B,-56.36%,$-0.03B,$0.10B,-27.25%,$-0.03B,$0.07B,-39.24%,$-0.03B,$0.13B,-23.89%,$-0.03B,$0.10B,-29.89%,$16,$4,$12,$7,$14,$25,$-9,$0,$-8,$0,$-8,$-8,$-8,$-7,$-9,$32,32,$-0.26,$-0.26,$50,$16,$0,$79,$7,$0,$36,$3,$47,$126,$17,$0,$0,$5,$22,$0,$-197,$3,$104,$126,$-26,$4,$6,$10,$-1,$-8,$2,$0,$-6,$-21,$-3,$-0,$0,$-40,$0,$-40,$-1,$-44,$0,$0,$0,$1,$1,$0,$0,$1,$-64,$4,$0
44,2007-09-30,12.43,$3.43,3.63,$1.78,6.99,$-2.36,0.0,$-1.02,0.0,$0.08B,$0.01B,6.66,$0.00B,$0.11B,0.0,$0.05B,$0.04B,76.92%,$0.05B,$-0.03B,-61.54%,$0.05B,$-0.03B,-61.54%,$0.05B,$-0.03B,-53.85%,$0.05B,$-0.03B,-57.69%,$0.05B,$-0.03B,-57.69%,$-0.03B,$0.11B,-29.41%,$-0.03B,$0.08B,-44.28%,$-0.03B,$0.13B,-25.64%,$-0.03B,$0.11B,-31.37%,$11,$3,$8,$6,$12,$21,$-10,$1,$-9,$0,$-9,$-9,$-9,$-9,$-10,$32,32,$-0.29,$-0.29,$60,$15,$0,$84,$7,$0,$35,$0,$42,$127,$13,$0,$0,$3,$15,$0,$-189,$2,$111,$127,$-18,$2,$4,$6,$2,$-6,$0,$0,$-4,$-15,$-2,$-0,$0,$5,$0,$5,$0,$3,$0,$0,$0,$2,$2,$0,$0,$2,$-10,$3,$0
45,2007-06-30,10.78,$3.63,2.97,$1.84,5.87,$-2.20,0.0,$-1.06,0.0,$0.09B,$0.01B,8.81,$0.00B,$0.12B,0.0,$0.05B,$0.04B,76.92%,$0.05B,$-0.03B,-59.62%,$0.05B,$-0.03B,-59.62%,$0.05B,$-0.03B,-51.92%,$0.05B,$-0.03B,-57.69%,$0.05B,$-0.03B,-57.69%,$-0.03B,$0.12B,-33.52%,$-0.03B,$0.08B,-52.63%,$-0.03B,$0.13B,-29.13%,$-0.03B,$0.12B,-34.64%,$14,$4,$11,$6,$12,$23,$-9,$1,$-8,$0,$-8,$-8,$-8,$-8,$-9,$32,32,$-0.26,$-0.26,$63,$11,$0,$89,$6,$0,$34,$0,$40,$130,$10,$0,$0,$2,$12,$0,$-180,$1,$118,$130,$-8,$1,$3,$4,$-3,$-2,$-2,$-0,$-8,$-13,$-1,$0,$0,$5,$0,$5,$0,$4,$0,$0,$0,$1,$1,$0,$0,$1,$-7,$2,$0
46,2007-03-31,13.66,$3.79,3.61,$1.89,7.21,$-2.00,0.0,$-1.03,0.0,$0.10B,$0.01B,7.47,$0.00B,$0.12B,0.0,$0.05B,$0.04B,76.47%,$0.05B,$-0.03B,-54.90%,$0.05B,$-0.03B,-54.90%,$0.05B,$-0.03B,-49.02%,$0.05B,$-0.03B,-54.90%,$0.05B,$-0.03B,-54.90%,$-0.03B,$0.12B,-36.48%,$-0.03B,$0.09B,-61.20%,$-0.03B,$0.14B,-31.37%,$-0.03B,$0.12B,-36.48%,$14,$3,$11,$6,$11,$20,$-6,$0,$-6,$0,$-6,$-6,$-6,$-5,$-6,$27,27,$-0.22,$-0.22,$75,$9,$0,$96,$6,$0,$34,$0,$40,$136,$13,$0,$0,$1,$14,$0,$-171,$1,$122,$136,$-28,$4,$7,$11,$-2,$-4,$2,$0,$-2,$-20,$-2,$-0,$-0,$18,$0,$18,$0,$15,$0,$0,$0,$67,$67,$0,$0,$67,$62,$6,$0
47,2006-12-31,14.1,$2.13,6.61,$1.92,7.34,$-1.66,0.0,$-0.95,0.0,$0.04B,$0.01B,3.18,$0.00B,$0.06B,0.0,$0.05B,$0.04B,74.51%,$0.05B,$-0.03B,-50.98%,$0.05B,$-0.03B,-50.98%,$0.05B,$-0.02B,-45.10%,$0.05B,$-0.03B,-50.98%,$0.05B,$-0.03B,-50.98%,$-0.03B,$0.06B,-40.94%,$-0.03B,$0.02B,-75.91%,$-0.03B,$0.08B,-34.67%,$-0.03B,$0.06B,-40.94%,$13,$3,$10,$6,$11,$20,$-7,$0,$-7,$0,$-7,$-7,$-7,$-6,$-7,$27,27,$-0.25,$-0.25,$17,$7,$0,$35,$6,$0,$34,$0,$40,$75,$11,$0,$6,$6,$17,$0,$-165,$0,$57,$75,$-22,$3,$5,$8,$-0,$-2,$1,$0,$0,$-13,$-2,$-0,$0,$12,$0,$12,$0,$10,$0,$0,$0,$2,$2,$0,$0,$2,$-2,$5,$0
