,Date,Stock Price,Book Value per Share,Price to Book Ratio,TTM Sales per Share,Price to Sales Ratio,TTM FCF per Share,Price to FCF Ratio,TTM Net EPS,PE Ratio,Current Assets,Current Liabilities,Current Ratio,Long Term Debt,Shareholder's Equity_x,Debt to Equity Ratio,TTM Revenue_x,TTM Gross Profit,Gross Margin,TTM Revenue_y,TTM Operating Income,Operating Margin,TTM Revenue_x,TTM EBIT,EBIT Margin,TTM Revenue_y,TTM EBITDA,EBITDA Margin,TTM Revenue_x,TTM Pre-Tax Income,Pre-Tax Margin,TTM Revenue_y,TTM Net Income_x,Net Margin,TTM Net Income_y,Shareholder's Equity_y,Return on Equity,TTM Net Income_x,Tangible Equity,Return on Tangible Equity,TTM Net Income_y,Total Assets,Return on Assets,TTM Net Income,LT Investments & Debt,Return on Investment,revenue,cost-goods-sold,gross-profit,research-development-expenses,selling-general-administrative-expenses,operating-expenses,operating-income,total-non-operating-income-expense,pre-tax-income,total-provision-income-taxes,income-after-taxes,income-from-continuous-operations,net-income,ebitda,ebit,basic-shares-outstanding,shares-outstanding,eps-basic-net-earnings-per-share,eps-earnings-per-share-diluted,cash-on-hand,inventory,other-current-assets,total-current-assets,net-property-plant-equipment,long-term-investments,goodwill-intangible-assets-total,other-long-term-assets,total-long-term-assets,total-assets,total-current-liabilities,long-term-debt,other-non-current-liabilities,total-long-term-liabilities,total-liabilities,common-stock-net,retained-earnings-accumulated-deficit,comprehensive-income,total-share-holder-equity,total-liabilities-share-holders-equity,net-income-loss,total-depreciation-amortization-cash-flow,other-non-cash-items,total-non-cash-items,change-in-accounts-receivable,change-in-inventories,change-in-accounts-payable,change-in-assets-liabilities,total-change-in-assets-liabilities,cash-flow-from-operating-activities,net-change-in-property-plant-equipment,net-change-in-intangible-assets,net-acquisitions-divestitures,net-change-in-short-term-investments,net-change-in-long-term-investments,net-change-in-investments-total,investing-activities-other,cash-flow-from-investing-activities,net-long-term-debt,net-current-debt,debt-issuance-retirement-net-total,net-common-equity-issued-repurchased,net-total-equity-issued-repurchased,total-common-preferred-stock-dividends-paid,financial-activities-other,cash-flow-from-financial-activities,net-cash-flow,stock-based-compensation,common-stock-dividends-paid
0,2018-09-30,73.36,$17.59,4.17,$17.24,4.26,$6.05,12.13,$0.48,152.83,$18.20B,$12.78B,1.42,$19.28B,$30.90B,0.62,$30.40B,$17.68B,58.14%,$30.40B,$3.30B,10.85%,$30.40B,$3.30B,10.85%,$30.40B,$6.76B,22.24%,$30.40B,$2.50B,8.22%,$30.40B,$0.89B,2.91%,$0.89B,$30.90B,2.85%,$0.89B,$-12.00B,-6.69%,$0.89B,$71.64B,1.23%,$3.30B,$50.18B,6.23%,$7656,$3166,$4490,$574,$2377,$6661,$995,$-277,$718,$166,$552,$552,$563,$1808,$995,$1760,1772,$0.32,$0.32,$7550,$3781,$12,$18196,$7448,$971,$42893,$19,$53441,$71637,$12776,$19284,$0,$27963,$40739,$23428,$24144,$-7009,$30898,$71637,$1714,$2547,$396,$2943,$-280,$-450,$0,$0,$-730,$4535,$-927,$0,$48,$-23,$0,$-23,$42,$-860,$-4268,$22,$-4246,$110,$110,$-1479,$0,$-5615,$-2038,$396,$-1479
1,2018-06-30,60.72,$17.54,3.46,$16.81,3.61,$5.80,10.46,$0.50,121.44,$14.12B,$8.95B,1.58,$19.82B,$30.77B,0.64,$29.58B,$17.14B,57.95%,$29.58B,$3.07B,10.39%,$29.58B,$3.07B,10.39%,$29.58B,$6.50B,21.96%,$29.58B,$2.41B,8.14%,$29.58B,$0.93B,3.13%,$0.93B,$30.77B,2.95%,$0.93B,$-13.02B,-7.50%,$0.93B,$68.42B,1.29%,$3.07B,$50.60B,5.66%,$7767,$3282,$4485,$575,$2466,$6885,$882,$-105,$777,$59,$718,$718,$733,$1732,$882,$1758,1769,$0.42,$0.41,$3264,$3714,$17,$14122,$7432,$940,$43795,$121,$54293,$68415,$8951,$19823,$0,$28690,$37641,$23317,$24080,$-6913,$30774,$68415,$1151,$1734,$313,$2047,$-137,$-336,$0,$0,$-473,$2352,$-573,$0,$48,$-42,$0,$-42,$30,$-537,$-7280,$140,$-7140,$39,$39,$-985,$0,$-8086,$-6342,$313,$-985
2,2018-03-31,59.37,$18.02,3.29,$16.21,3.66,$5.60,10.61,$0.25,237.48,$14.96B,$9.01B,1.66,$21.15B,$31.60B,0.67,$28.45B,$16.10B,56.61%,$28.45B,$2.58B,9.06%,$28.45B,$2.58B,9.06%,$28.45B,$6.23B,21.89%,$28.45B,$1.93B,6.77%,$28.45B,$0.48B,1.67%,$0.48B,$31.60B,1.50%,$0.48B,$-13.57B,-4.20%,$0.48B,$70.91B,0.66%,$2.58B,$52.76B,4.64%,$7390,$3067,$4323,$589,$2542,$6782,$608,$-177,$431,$22,$409,$409,$418,$1492,$608,$1753,1765,$0.24,$0.23,$4042,$3826,$20,$14964,$7659,$913,$45170,$120,$55944,$70908,$9010,$21154,$0,$30297,$39307,$23223,$23856,$-5733,$31601,$70908,$418,$884,$212,$1096,$-53,$-171,$0,$0,$-224,$1108,$-275,$0,$0,$0,$-5,$-5,$42,$-238,$-5979,$6,$-5973,$9,$9,$-491,$0,$-6455,$-5550,$212,$-491
3,2017-12-31,56.28,$17.84,3.16,$15.68,3.59,$5.30,10.62,$0.26,216.46,$20.15B,$8.91B,2.26,$27.21B,$31.10B,0.88,$27.39B,$15.05B,54.96%,$27.39B,$1.73B,6.30%,$27.39B,$1.73B,6.30%,$27.39B,$5.66B,20.66%,$27.39B,$2.23B,8.15%,$27.39B,$0.48B,1.74%,$0.48B,$31.10B,1.51%,$0.48B,$-14.40B,-4.65%,$0.48B,$76.25B,0.66%,$1.73B,$58.31B,3.07%,$7589,$3210,$4379,$594,$2412,$6776,$813,$-239,$574,$1438,$-864,$-864,$-828,$1728,$813,$1740,1749,$-0.47,$-0.47,$9610,$3601,$20,$20147,$7607,$883,$45493,$176,$56103,$76250,$8912,$27210,$0,$36240,$45152,$23206,$23978,$-6062,$31098,$76250,$477,$3933,$-755,$3178,$-207,$249,$0,$109,$1915,$5570,$-1135,$0,$-8437,$0,$-81,$-81,$35,$-9618,$-1908,$-1034,$-2942,$233,$-477,$-1849,$-13,$-5281,$-9213,$406,$-1849
4,2017-09-30,52.37,$18.51,2.83,$14.94,3.51,$4.17,12.57,$1.27,41.23,$21.38B,$7.94B,2.69,$23.31B,$32.22B,0.72,$25.13B,$13.70B,54.49%,$25.13B,$1.86B,7.40%,$25.13B,$1.86B,7.40%,$25.13B,$5.36B,21.34%,$25.13B,$2.53B,10.07%,$25.13B,$2.10B,8.37%,$2.10B,$32.22B,7.23%,$2.10B,$-8.43B,-46.38%,$2.10B,$72.25B,3.15%,$1.86B,$55.53B,3.58%,$6829,$2876,$3953,$568,$2115,$6060,$769,$-143,$626,$65,$561,$561,$603,$1543,$769,$1744,1754,$0.34,$0.34,$11199,$3483,$0,$21377,$7219,$1386,$40644,$57,$50871,$72248,$7935,$23310,$0,$32095,$40030,$23118,$25320,$-6116,$32218,$72248,$1305,$3018,$-825,$2193,$-169,$39,$0,$0,$-130,$3930,$-790,$0,$-7585,$-98,$0,$-98,$2007,$-6466,$-2508,$-1424,$-3932,$169,$169,$-1385,$-21,$-5169,$-7608,$338,$-1385
5,2017-06-30,47.45,$18.30,2.59,$14.63,3.24,$3.21,14.78,$0.71,66.83,$19.98B,$6.80B,2.94,$23.81B,$31.79B,0.75,$23.61B,$12.76B,54.05%,$23.61B,$1.99B,8.43%,$23.61B,$1.99B,8.43%,$23.61B,$5.06B,21.42%,$23.61B,$1.73B,7.32%,$23.61B,$1.17B,4.96%,$1.17B,$31.79B,4.46%,$1.17B,$-9.00B,-359.48%,$1.17B,$71.15B,2.00%,$1.99B,$55.60B,4.44%,$6637,$3189,$3448,$520,$2150,$6251,$386,$-91,$295,$25,$270,$270,$283,$1464,$386,$1741,1749,$0.16,$0.16,$9835,$3603,$0,$19983,$7286,$1545,$40785,$0,$51168,$71151,$6803,$23810,$0,$32560,$39363,$23012,$25202,$-6250,$31788,$71151,$702,$2244,$-888,$1356,$-56,$-127,$0,$0,$-183,$1925,$-527,$0,$-5632,$-28,$0,$-28,$27,$-6160,$-2507,$-1429,$-3936,$88,$88,$-922,$-13,$-4783,$-8945,$263,$-922
6,2017-03-31,43.08,$18.18,2.37,$14.44,2.98,$2.63,16.37,$0.96,44.88,$19.33B,$6.65B,2.91,$23.76B,$31.55B,0.75,$22.30B,$12.36B,55.41%,$22.30B,$2.42B,10.85%,$22.30B,$2.42B,10.85%,$22.30B,$4.76B,21.32%,$22.30B,$2.15B,9.63%,$22.30B,$1.50B,6.74%,$1.50B,$31.55B,6.40%,$1.50B,$-9.21B,44.78%,$1.50B,$70.89B,2.96%,$2.42B,$55.31B,6.43%,$6335,$3062,$3273,$553,$2440,$6577,$-242,$978,$736,$350,$386,$386,$419,$924,$-242,$1727,1735,$0.24,$0.24,$8860,$3995,$0,$19329,$7265,$1756,$40758,$0,$51558,$70887,$6646,$23764,$0,$32694,$39340,$22886,$25387,$-6532,$31547,$70887,$419,$1166,$-980,$186,$30,$-162,$0,$0,$-132,$574,$-272,$0,$-7555,$0,$-15,$-15,$1688,$-6154,$-2505,$-1455,$-3960,$34,$34,$-460,$-13,$-4399,$-9914,$171,$-460
7,2016-12-31,37.03,$14.07,2.63,$14.08,2.63,$2.23,16.59,$0.93,39.81,$26.78B,$6.66B,4.02,$20.68B,$20.72B,1.0,$20.85B,$11.83B,56.73%,$20.85B,$3.19B,15.27%,$20.85B,$3.19B,15.27%,$20.85B,$4.70B,22.55%,$20.85B,$1.41B,6.78%,$20.85B,$1.40B,6.71%,$1.40B,$20.72B,6.73%,$1.40B,$8.50B,19.83%,$1.40B,$52.67B,3.26%,$3.19B,$41.40B,10.45%,$5333,$2312,$3021,$343,$1609,$4385,$948,$-73,$875,$110,$765,$765,$798,$1432,$948,$1477,1483,$0.54,$0.54,$18775,$2434,$513,$26776,$5705,$2947,$12222,$2753,$25890,$52666,$6660,$20681,$59,$25289,$31949,$13027,$25565,$-7263,$20717,$52666,$1400,$1518,$1798,$3316,$-177,$-98,$0,$113,$-1513,$3203,$-1121,$0,$-55,$0,$886,$886,$42,$-248,$14922,$-1767,$13155,$-274,$-274,$-1539,$-195,$11147,$13619,$310,$-1539
8,2016-09-30,40.51,$14.19,2.85,$13.93,2.91,$2.06,19.67,$0.91,44.51,$12.98B,$8.32B,1.56,$5.98B,$20.90B,0.29,$20.71B,$11.79B,56.93%,$20.71B,$3.05B,14.74%,$20.71B,$3.05B,14.74%,$20.71B,$4.45B,21.50%,$20.71B,$1.37B,6.61%,$20.71B,$1.37B,6.61%,$1.37B,$20.90B,6.53%,$1.37B,$8.41B,21.16%,$1.37B,$39.50B,3.42%,$3.05B,$26.87B,11.34%,$5302,$2285,$3017,$352,$1628,$4405,$897,$-1076,$-179,$178,$-357,$-357,$-329,$1237,$897,$1476,1476,$-0.22,$-0.22,$4507,$2613,$552,$12978,$5734,$2997,$12486,$2779,$26519,$39497,$8321,$5975,$60,$10280,$18601,$12939,$25162,$-6533,$20896,$39497,$602,$1034,$1666,$2700,$-116,$-152,$0,$0,$-268,$2033,$-802,$0,$-48,$0,$-982,$-982,$34,$-1798,$-11,$-682,$-693,$-316,$-316,$-1153,$-195,$-2357,$-2501,$263,$-1153
9,2016-06-30,37.42,$14.15,2.65,$13.76,2.72,$2.07,18.05,$1.51,24.78,$12.99B,$8.67B,1.5,$6.02B,$20.80B,0.29,$20.56B,$11.68B,56.83%,$20.56B,$2.87B,13.95%,$20.56B,$2.87B,13.95%,$20.56B,$4.31B,20.97%,$20.56B,$2.26B,11.00%,$20.56B,$2.28B,11.08%,$2.28B,$20.80B,10.82%,$2.28B,$5.73B,39.46%,$2.28B,$39.83B,5.61%,$2.87B,$26.81B,10.62%,$5333,$2287,$3046,$348,$1737,$4517,$816,$-101,$715,$116,$599,$599,$615,$1163,$816,$1475,1480,$0.41,$0.41,$4438,$2813,$66,$12988,$5826,$3339,$15063,$2,$26843,$39831,$8673,$6016,$0,$10363,$19036,$12835,$25884,$-7223,$20795,$39831,$931,$694,$666,$1360,$-150,$-149,$0,$0,$-299,$816,$-490,$0,$18,$-800,$0,$-800,$28,$-1244,$-10,$-285,$-295,$-390,$-390,$-769,$-157,$-1611,$-2423,$214,$-769
10,2016-03-31,39.58,$14.19,2.79,$13.60,2.91,$2.18,18.15,$1.62,24.43,$12.41B,$8.39B,1.48,$5.98B,$20.84B,0.29,$20.39B,$11.59B,56.82%,$20.39B,$2.78B,13.64%,$20.39B,$2.78B,13.64%,$20.39B,$4.23B,20.74%,$20.39B,$2.53B,12.42%,$20.39B,$2.45B,12.00%,$2.45B,$20.84B,11.31%,$2.45B,$5.61B,39.46%,$2.45B,$39.64B,5.87%,$2.78B,$26.82B,10.10%,$4885,$2140,$2745,$379,$1698,$4361,$524,$-522,$2,$-54,$56,$56,$316,$871,$524,$1477,1484,$0.21,$0.21,$3957,$2786,$76,$12406,$5836,$3552,$15233,$2,$27231,$39637,$8393,$5977,$0,$10402,$18795,$12744,$25654,$-6851,$20842,$39637,$316,$347,$604,$951,$-4,$-95,$0,$0,$-99,$-93,$-243,$0,$25,$0,$446,$446,$-2,$226,$-7,$-583,$-590,$-432,$-432,$-385,$-25,$-1432,$-1667,$152,$-385
11,2015-12-31,42.23,$14.48,2.92,$13.53,3.12,$2.25,18.74,$2.92,14.46,$14.16B,$9.19B,1.54,$5.87B,$21.33B,0.28,$20.41B,$11.66B,57.13%,$20.41B,$2.87B,14.05%,$20.41B,$2.87B,14.05%,$20.41B,$4.34B,21.26%,$20.41B,$3.18B,15.60%,$20.41B,$4.42B,21.68%,$4.42B,$21.33B,20.18%,$4.42B,$6.13B,69.79%,$4.42B,$41.25B,10.40%,$2.87B,$27.20B,10.31%,$5188,$2206,$2982,$369,$1655,$4373,$815,$15,$830,$135,$695,$695,$767,$1181,$815,$1496,1506,$0.51,$0.51,$6125,$2599,$105,$14155,$5730,$4041,$15200,$2,$27092,$41247,$9186,$5871,$0,$10735,$19921,$12734,$25757,$-6658,$21326,$41247,$4423,$1472,$-2773,$-1301,$-171,$-257,$0,$57,$-156,$2966,$-1110,$0,$2285,$0,$-821,$-821,$52,$406,$2428,$-1281,$1147,$-1923,$-1923,$-1443,$-17,$-2236,$938,$292,$-1443
12,2015-09-30,37.6,$14.22,2.64,$13.60,2.76,$2.72,13.81,$3.00,12.53,$15.89B,$8.76B,1.82,$5.95B,$21.22B,0.28,$20.57B,$11.70B,56.85%,$20.57B,$2.88B,14.00%,$20.57B,$2.88B,14.00%,$20.57B,$4.38B,21.30%,$20.57B,$3.16B,15.35%,$20.57B,$4.56B,22.17%,$4.56B,$21.22B,20.74%,$4.56B,$5.63B,74.17%,$4.56B,$41.73B,10.72%,$2.88B,$27.17B,10.56%,$5150,$2242,$2908,$378,$1666,$4437,$713,$1,$714,$118,$596,$596,$580,$1096,$713,$1495,1505,$0.39,$0.38,$6139,$2633,$139,$15894,$5797,$3055,$15594,$2,$25831,$41725,$8755,$5953,$0,$11751,$20506,$12641,$25375,$-7211,$21219,$41725,$3656,$1106,$-2795,$-1689,$-151,$-213,$0,$0,$-364,$2138,$-862,$0,$2285,$-2626,$0,$-2626,$43,$-1160,$2449,$-2019,$430,$-1086,$-1086,$-1083,$0,$-1739,$-931,$249,$-1083
13,2015-06-30,45.66,$15.52,2.94,$13.52,3.38,$2.96,15.43,$2.98,15.32,$21.13B,$9.19B,2.3,$5.86B,$23.13B,0.25,$20.50B,$11.55B,56.32%,$20.50B,$2.90B,14.13%,$20.50B,$2.90B,14.13%,$20.50B,$4.37B,21.31%,$20.50B,$3.16B,15.40%,$20.50B,$4.52B,22.04%,$4.52B,$23.13B,20.14%,$4.52B,$7.45B,70.00%,$4.52B,$44.13B,10.57%,$2.90B,$28.99B,10.66%,$5170,$2218,$2952,$345,$1727,$4441,$729,$257,$986,$200,$786,$786,$784,$1081,$729,$1494,1504,$0.52,$0.52,$11177,$2735,$93,$21131,$5738,$243,$15681,$2,$22994,$44125,$9185,$5862,$0,$11814,$20999,$12566,$25162,$-5004,$23126,$44125,$3076,$723,$-2822,$-2099,$-125,$-210,$0,$0,$-335,$943,$-451,$0,$2516,$0,$-2056,$-2056,$28,$37,$2452,$-1518,$934,$-1134,$-1134,$-724,$0,$-924,$-15,$205,$-724
14,2015-03-31,42.88,$14.77,2.9,$13.41,3.2,$3.11,13.8,$2.76,15.54,$19.99B,$9.21B,2.17,$5.93B,$21.99B,0.27,$20.39B,$11.36B,55.74%,$20.39B,$2.84B,13.95%,$20.39B,$2.84B,13.95%,$20.39B,$4.37B,21.41%,$20.39B,$2.83B,13.88%,$20.39B,$4.20B,20.60%,$4.20B,$21.99B,18.60%,$4.20B,$6.15B,62.46%,$4.20B,$43.10B,9.99%,$2.84B,$27.92B,10.65%,$4897,$2081,$2816,$313,$1737,$4287,$610,$43,$653,$124,$529,$529,$2292,$981,$610,$1505,1516,$1.52,$1.51,$9849,$2623,$173,$19985,$5699,$244,$15834,$3,$23110,$43095,$9206,$5931,$0,$11901,$21107,$12462,$24740,$-5607,$21988,$43095,$2292,$371,$-2673,$-2302,$-90,$-128,$0,$0,$-218,$2,$-235,$0,$230,$0,$-213,$-213,$13,$-205,$2475,$-1471,$1004,$-1190,$-1190,$-364,$0,$-550,$-837,$148,$-364
15,2014-12-31,41.44,$14.35,2.89,$13.26,3.13,$3.31,12.51,$1.49,27.81,$13.56B,$10.47B,1.3,$3.39B,$21.64B,0.16,$20.25B,$11.03B,54.47%,$20.25B,$2.60B,12.84%,$20.25B,$2.60B,12.84%,$20.25B,$4.15B,20.48%,$20.25B,$2.52B,12.44%,$20.25B,$2.28B,11.28%,$2.28B,$21.64B,9.95%,$2.28B,$5.37B,31.67%,$2.28B,$41.21B,5.48%,$2.60B,$25.03B,9.83%,$5356,$2337,$3019,$361,$1666,$4527,$829,$-25,$804,$170,$634,$634,$905,$1224,$829,$1516,1527,$0.59,$0.59,$4460,$2643,$892,$13556,$5935,$229,$16265,$1934,$27651,$41207,$10467,$3393,$108,$9101,$19568,$12383,$22874,$-5053,$21639,$41207,$2284,$1548,$333,$1881,$-195,$-297,$0,$30,$-490,$3675,$-1077,$0,$-3312,$0,$4117,$4117,$70,$-202,$-577,$1343,$766,$-1766,$-1766,$-1342,$-400,$-2742,$588,$246,$-1342
16,2014-09-30,38.08,$15.27,2.49,$12.29,3.1,$3.00,12.71,$1.27,29.99,$16.46B,$10.82B,1.52,$3.72B,$22.99B,0.16,$18.90B,$10.06B,53.21%,$18.90B,$2.19B,11.58%,$18.90B,$2.19B,11.58%,$18.90B,$3.77B,19.93%,$18.90B,$2.12B,11.21%,$18.90B,$1.97B,10.42%,$1.97B,$22.99B,8.25%,$1.97B,$6.85B,23.70%,$1.97B,$42.51B,4.67%,$2.19B,$26.71B,8.00%,$5079,$2319,$2760,$305,$1595,$4351,$728,$-13,$715,$277,$438,$438,$538,$1083,$728,$1509,1520,$0.36,$0.36,$4877,$2696,$1100,$16464,$5872,$221,$16142,$2043,$26050,$42514,$10823,$3719,$96,$8698,$19521,$12207,$22335,$-2975,$22993,$42514,$1380,$1153,$208,$1361,$-173,$-203,$0,$0,$-376,$2437,$-790,$0,$-2822,$3358,$0,$3358,$62,$-192,$0,$1269,$1269,$-1904,$-1904,$-1007,$-400,$-2042,$138,$208,$-1007
17,2014-06-30,37.25,$15.76,2.36,$12.03,3.1,$2.46,15.14,$1.52,24.51,$18.26B,$9.85B,1.85,$3.40B,$23.70B,0.14,$18.65B,$9.87B,52.92%,$18.65B,$1.93B,10.37%,$18.65B,$1.93B,10.37%,$18.65B,$3.59B,19.27%,$18.65B,$1.89B,10.11%,$18.65B,$2.40B,12.86%,$2.40B,$23.70B,9.96%,$2.40B,$8.53B,27.78%,$2.40B,$41.48B,5.63%,$1.93B,$27.11B,7.04%,$5057,$2288,$2769,$310,$1649,$4380,$677,$-19,$658,$233,$425,$425,$466,$1077,$677,$1507,1517,$0.31,$0.30,$7062,$2823,$252,$18258,$5935,$130,$15179,$52,$23217,$41475,$9853,$3403,$1,$7918,$17771,$12126,$22137,$-1952,$23704,$41475,$841,$798,$168,$966,$-76,$-141,$0,$0,$-217,$1236,$-513,$0,$0,$0,$1119,$1119,$27,$633,$0,$872,$872,$-1967,$-1967,$-676,$0,$-1771,$95,$168,$-676
18,2014-03-31,34.87,$15.64,2.23,$12.15,2.87,$2.37,14.7,$1.52,22.94,$17.93B,$10.19B,1.76,$3.39B,$23.49B,0.14,$19.03B,$10.00B,52.53%,$19.03B,$1.88B,9.89%,$19.03B,$1.88B,9.89%,$19.03B,$3.58B,18.80%,$19.03B,$1.83B,9.60%,$19.03B,$2.41B,12.65%,$2.41B,$23.49B,10.14%,$2.41B,$8.10B,28.81%,$2.41B,$41.66B,5.61%,$1.88B,$26.88B,6.94%,$4755,$2274,$2481,$369,$1620,$4390,$365,$-24,$341,$117,$224,$224,$375,$763,$365,$1533,1548,$0.24,$0.24,$7047,$2775,$249,$17931,$5948,$122,$15394,$53,$23731,$41662,$10186,$3387,$1,$7987,$18173,$12032,$22005,$-1934,$23489,$41662,$375,$398,$119,$517,$82,$-90,$0,$0,$-8,$336,$-255,$0,$0,$0,$-367,$-367,$27,$-595,$0,$1213,$1213,$-2022,$-2022,$-343,$0,$-1152,$-1415,$119,$-343
19,2013-12-31,34.51,$16.32,2.11,$12.47,2.77,$2.44,14.16,$1.62,21.3,$19.25B,$9.51B,2.03,$3.39B,$25.27B,0.13,$19.66B,$10.46B,53.23%,$19.66B,$2.13B,10.85%,$19.66B,$2.13B,10.85%,$19.66B,$3.85B,19.60%,$19.66B,$2.04B,10.38%,$19.66B,$2.58B,13.10%,$2.58B,$25.27B,10.94%,$2.58B,$9.76B,31.68%,$2.58B,$42.95B,5.97%,$2.13B,$28.66B,7.91%,$4008,$1961,$2047,$323,$1260,$3590,$418,$-13,$405,$81,$324,$324,$590,$844,$418,$1558,1574,$0.37,$0.37,$8098,$2693,$438,$19247,$5905,$119,$15507,$66,$23706,$42953,$9507,$3388,$7,$8179,$17686,$12048,$21979,$-2012,$25267,$42953,$2576,$1719,$266,$1985,$-113,$-154,$0,$131,$-1237,$3324,$-1145,$0,$-580,$0,$-2225,$-2225,$21,$-3929,$-294,$2086,$1792,$-1210,$-1210,$-882,$-6396,$-6696,$-7327,$262,$-882
20,2013-09-30,29.76,$15.38,1.93,$11.93,2.5,$5.78,5.15,$1.91,15.58,$19.75B,$11.33B,1.74,$3.40B,$23.79B,0.14,$18.84B,$9.92B,52.68%,$18.84B,$1.69B,8.98%,$18.84B,$1.69B,8.98%,$18.84B,$3.57B,18.96%,$18.84B,$0.19B,1.02%,$18.84B,$3.04B,16.13%,$3.04B,$23.79B,12.70%,$3.04B,$8.14B,48.21%,$3.04B,$44.13B,6.17%,$1.69B,$27.19B,5.45%,$4825,$2255,$2570,$339,$1612,$4352,$473,$8,$481,$-163,$644,$644,$966,$909,$473,$1552,1567,$0.62,$0.61,$8605,$2804,$539,$19749,$5842,$143,$15651,$77,$24384,$44132,$11332,$3403,$6,$9013,$20345,$11793,$21668,$-2957,$23788,$44132,$1987,$1293,$222,$1515,$22,$-242,$0,$0,$-220,$1699,$-842,$0,$-566,$0,$-3380,$-3380,$19,$-4769,$0,$3524,$3524,$-1386,$-1386,$-664,$-6301,$-4827,$-7920,$222,$-664
21,2013-06-30,31.15,$14.43,2.16,$12.15,2.56,$9.24,3.37,$2.51,12.41,$19.83B,$10.92B,1.82,$3.41B,$22.43B,0.15,$19.28B,$10.13B,52.55%,$19.28B,$1.53B,7.93%,$19.28B,$1.53B,7.93%,$19.28B,$3.73B,19.37%,$19.28B,$-0.06B,-0.30%,$19.28B,$4.02B,20.83%,$4.02B,$22.43B,16.22%,$4.02B,$7.43B,82.32%,$4.02B,$42.90B,7.43%,$1.53B,$25.84B,4.50%,$5446,$2545,$2901,$363,$1714,$4819,$627,$-26,$601,$125,$476,$476,$476,$1063,$627,$1561,1577,$0.30,$0.30,$9394,$2725,$533,$19831,$5769,$154,$15000,$71,$23072,$42903,$10920,$3411,$6,$9556,$20476,$11731,$20319,$-3226,$22428,$42903,$1021,$857,$177,$1034,$-91,$-232,$0,$0,$-323,$1177,$-565,$0,$0,$0,$-1507,$-1507,$0,$-2072,$0,$3150,$3150,$-1073,$-1073,$-444,$-5901,$-4268,$-5230,$177,$-444
22,2013-03-31,31.43,$14.55,2.16,$12.04,2.61,$11.00,2.86,$3.29,9.55,$19.10B,$10.41B,1.84,$3.47B,$22.68B,0.15,$19.14B,$10.17B,53.13%,$19.14B,$1.47B,7.66%,$19.14B,$1.47B,7.66%,$19.14B,$3.93B,20.51%,$19.14B,$-0.13B,-0.67%,$19.14B,$5.27B,27.50%,$5.27B,$22.68B,20.82%,$5.27B,$7.20B,170.94%,$5.27B,$42.69B,8.96%,$1.47B,$26.15B,3.99%,$5378,$2432,$2946,$346,$1786,$4763,$615,$-61,$554,$10,$544,$544,$544,$1036,$615,$1569,1586,$0.35,$0.34,$8517,$2710,$537,$19097,$5791,$146,$15482,$72,$23590,$42687,$10406,$3467,$5,$9597,$20003,$11615,$20062,$-2895,$22683,$42687,$544,$421,$126,$547,$-10,$-132,$0,$0,$-142,$460,$-274,$0,$0,$0,$-1834,$-1834,$0,$-2108,$0,$2248,$2248,$-856,$-856,$-224,$-5901,$-4733,$-6429,$126,$-224
23,2012-12-31,27.89,$17.01,1.64,$11.97,2.33,$12.00,2.32,$3.73,7.48,$31.32B,$13.28B,2.36,$18.09B,$26.81B,0.67,$19.05B,$10.15B,53.29%,$19.05B,$1.36B,7.14%,$19.05B,$1.36B,7.14%,$19.05B,$4.14B,21.74%,$19.05B,$-0.22B,-1.15%,$19.05B,$5.96B,31.30%,$5.96B,$26.81B,22.93%,$5.96B,$2.45B,480.21%,$5.96B,$67.24B,9.36%,$1.36B,$44.90B,3.44%,$3188,$1681,$1507,$376,$1159,$3212,$-23,$-1421,$-1444,$-580,$-864,$-864,$1053,$564,$-23,$1575,1592,$0.66,$0.65,$15174,$3793,$0,$31323,$8063,$274,$24362,$0,$35912,$67235,$13280,$18085,$0,$27142,$40422,$11755,$24151,$-3594,$26813,$67235,$5963,$2782,$2428,$5210,$36,$-417,$0,$-35,$-1859,$9314,$-1795,$0,$-706,$0,$-3062,$-3062,$3,$-5560,$3629,$784,$4413,$-514,$-514,$-3183,$-521,$195,$3989,$433,$-3183
24,2012-09-30,29.09,$17.15,1.7,$16.55,1.76,$12.02,2.42,$4.09,7.11,$27.26B,$16.29B,1.67,$12.06B,$27.10B,0.45,$26.24B,$15.18B,57.86%,$26.24B,$3.47B,13.21%,$26.24B,$3.47B,13.21%,$26.24B,$6.31B,24.04%,$26.24B,$3.18B,12.11%,$26.24B,$6.53B,24.88%,$6.53B,$27.10B,25.67%,$6.53B,$2.44B,1938.83%,$6.53B,$63.26B,10.54%,$3.47B,$39.16B,9.26%,$5265,$2489,$2776,$351,$1920,$4955,$310,$-79,$231,$-108,$339,$339,$1943,$1070,$310,$1577,1594,$1.22,$1.21,$11505,$3814,$0,$27264,$7961,$380,$24669,$0,$35994,$63258,$16286,$12055,$0,$19867,$36153,$11419,$23327,$-2756,$27104,$63258,$4910,$2194,$619,$2813,$689,$-465,$0,$0,$224,$7811,$-1409,$0,$-682,$0,$-2246,$-2246,$2,$-4335,$-54,$788,$734,$-153,$-153,$-2371,$-521,$-2310,$1184,$359,$-2371
25,2012-06-30,27.25,$15.66,1.74,$19.51,1.4,$12.06,2.26,$3.07,8.88,$26.26B,$17.12B,1.53,$12.00B,$24.57B,0.49,$30.79B,$18.25B,59.27%,$30.79B,$3.75B,12.18%,$30.79B,$3.75B,12.18%,$30.79B,$6.67B,21.67%,$30.79B,$3.45B,11.20%,$30.79B,$4.89B,15.88%,$4.89B,$24.57B,19.69%,$4.89B,$0.23B,-571.14%,$4.89B,$61.86B,8.01%,$3.75B,$36.58B,10.11%,$5313,$2370,$2943,$371,$1814,$4749,$564,$-35,$530,$119,$411,$411,$1725,$1256,$564,$1572,1589,$1.09,$1.08,$11002,$3518,$0,$26257,$7831,$390,$24340,$0,$35602,$61860,$17120,$12004,$0,$20167,$37287,$10815,$22228,$-3544,$24572,$61860,$2967,$1435,$543,$1978,$744,$-379,$0,$0,$364,$4292,$-878,$0,$-660,$0,$-2677,$-2677,$12,$-4203,$-54,$2697,$2643,$-676,$-676,$-1566,$-121,$281,$240,$283,$-1566
26,2012-03-31,25.8,$16.23,1.59,$22.30,1.16,$12.30,2.1,$3.22,8.01,$25.60B,$16.79B,1.53,$11.86B,$25.54B,0.46,$35.09B,$21.05B,59.99%,$35.09B,$4.96B,14.13%,$35.09B,$4.96B,14.13%,$35.09B,$8.00B,22.80%,$35.09B,$4.59B,13.09%,$35.09B,$5.11B,14.55%,$5.11B,$25.54B,20.18%,$5.11B,$-0.15B,-359.46%,$5.11B,$62.42B,8.36%,$4.96B,$37.41B,13.15%,$5284,$2359,$2925,$364,$1842,$4775,$509,$-46,$463,$112,$351,$351,$1242,$1252,$509,$1574,1590,$0.79,$0.78,$9527,$3549,$0,$25602,$7955,$375,$25696,$0,$36814,$62416,$16786,$11862,$0,$20086,$36872,$10378,$21314,$-1941,$25543,$62416,$1242,$743,$347,$1091,$132,$-171,$0,$0,$-38,$2225,$-453,$0,$-550,$0,$-3900,$-3900,$11,$-4892,$-54,$1399,$1345,$-300,$-300,$-759,$-121,$165,$-2467,$197,$-759
27,2011-12-31,23.57,$15.62,1.51,$24.78,0.95,$12.23,1.93,$2.99,7.88,$23.77B,$15.48B,1.54,$12.04B,$24.53B,0.49,$38.85B,$23.31B,60.00%,$38.85B,$5.75B,14.80%,$38.85B,$5.75B,14.80%,$38.85B,$8.80B,22.64%,$38.85B,$5.20B,13.38%,$38.85B,$4.73B,12.17%,$4.73B,$24.53B,18.84%,$4.73B,$-1.17B,-196.08%,$4.73B,$60.28B,7.77%,$5.75B,$36.57B,15.26%,$10377,$3838,$6539,$1152,$2905,$8295,$2082,$-128,$1954,$335,$1619,$1619,$1619,$2731,$2082,$1557,1577,$1.04,$1.02,$8097,$3284,$0,$23769,$7874,$378,$25695,$0,$36508,$60277,$15480,$12040,$0,$20271,$35751,$9817,$20907,$-2597,$24526,$60277,$4728,$3044,$1197,$4241,$-670,$-130,$0,$413,$1,$8970,$-1491,$0,$-273,$0,$539,$539,$1886,$661,$-2012,$-1965,$-3977,$892,$892,$-2938,$-400,$-6423,$3165,$383,$-2938
28,2011-09-30,21.34,$15.85,1.35,$24.61,0.87,$12.45,1.72,$2.89,7.39,$23.09B,$15.41B,1.5,$13.10B,$24.69B,0.53,$38.44B,$22.69B,59.03%,$38.44B,$5.50B,14.30%,$38.44B,$5.50B,14.30%,$38.44B,$8.61B,22.38%,$38.44B,$5.01B,13.04%,$38.44B,$4.55B,11.84%,$4.55B,$24.69B,18.45%,$4.55B,$-2.34B,-131.96%,$4.55B,$59.63B,7.47%,$5.50B,$37.79B,14.72%,$9817,$3973,$5843,$1010,$4239,$9222,$595,$-93,$502,$198,$303,$303,$303,$1433,$595,$1559,1568,$0.19,$0.19,$7977,$3269,$0,$23094,$7977,$393,$27024,$0,$36534,$59628,$15414,$13097,$0,$19525,$34939,$9103,$20052,$-860,$24689,$59628,$3110,$2395,$593,$2988,$273,$48,$0,$0,$320,$7569,$-1217,$0,$-673,$0,$-1094,$-1094,$1879,$-1104,$-2009,$-787,$-2796,$243,$243,$-2186,$0,$-4739,$1401,$320,$-2186
29,2011-06-30,21.87,$17.01,1.29,$23.93,0.91,$12.06,1.81,$3.27,6.69,$24.13B,$15.84B,1.52,$12.63B,$26.47B,0.48,$37.30B,$21.78B,58.40%,$37.30B,$6.09B,16.31%,$37.30B,$6.09B,16.31%,$37.30B,$9.03B,24.21%,$37.30B,$5.58B,14.95%,$37.30B,$5.14B,13.78%,$5.14B,$26.47B,21.54%,$5.14B,$-2.03B,-111.53%,$5.14B,$62.00B,8.51%,$6.09B,$39.10B,16.67%,$9616,$3870,$5746,$1038,$2762,$7843,$1773,$-99,$1675,$-268,$1943,$1943,$1943,$2585,$1773,$1557,1566,$1.24,$1.23,$8893,$3475,$0,$24132,$8128,$452,$28497,$0,$37872,$62004,$15840,$12628,$0,$19695,$35535,$9006,$20509,$578,$26470,$62004,$2807,$1557,$525,$2082,$516,$50,$0,$0,$566,$4514,$-765,$0,$-188,$0,$-3026,$-3026,$1882,$-2096,$-2007,$1175,$-832,$196,$196,$-1434,$0,$-2071,$429,$252,$-1434
30,2011-03-31,20.29,$15.90,1.28,$23.48,0.86,$11.83,1.72,$2.87,7.07,$23.65B,$17.23B,1.37,$12.53B,$24.72B,0.51,$36.51B,$21.32B,58.39%,$36.51B,$5.92B,16.21%,$36.51B,$5.92B,16.21%,$36.51B,$8.73B,23.90%,$36.51B,$5.46B,14.95%,$36.51B,$4.49B,12.29%,$4.49B,$24.72B,20.18%,$4.49B,$-4.12B,-85.92%,$4.49B,$61.65B,7.71%,$5.92B,$37.25B,16.96%,$9041,$3859,$5182,$930,$2850,$7740,$1301,$-232,$1069,$205,$864,$864,$864,$2047,$1301,$1552,1559,$0.56,$0.55,$6502,$3401,$1874,$23647,$8078,$390,$28837,$0,$38004,$61651,$17225,$12530,$0,$19706,$36931,$8843,$19324,$182,$24720,$61651,$864,$746,$276,$1021,$299,$45,$0,$0,$344,$2011,$-392,$0,$0,$0,$-1917,$-1917,$8,$-2301,$-501,$396,$-104,$104,$104,$-684,$0,$-684,$-908,$176,$-684
31,2010-12-31,19.73,$14.72,1.34,$22.61,0.87,$11.61,1.7,$2.96,6.67,$22.32B,$17.26B,1.29,$12.52B,$22.77B,0.55,$35.17B,$20.50B,58.30%,$35.17B,$6.09B,17.31%,$35.17B,$6.09B,17.31%,$35.17B,$8.71B,24.77%,$35.17B,$5.71B,16.25%,$35.17B,$4.63B,13.16%,$4.63B,$22.77B,21.71%,$4.63B,$-5.32B,-86.34%,$4.63B,$60.57B,8.24%,$6.09B,$35.29B,18.15%,$9968,$4045,$5923,$1057,$2797,$8138,$1830,$-62,$1768,$327,$1441,$1441,$1441,$2540,$1830,$1546,1556,$0.92,$0.92,$5451,$3189,$1872,$22318,$7971,$302,$28082,$0,$38256,$60574,$17262,$12524,$0,$20546,$37809,$8745,$19216,$-1367,$22765,$60574,$4626,$2624,$827,$3451,$-395,$140,$0,$553,$659,$8736,$-1015,$0,$-9433,$0,$148,$148,$-1888,$-12188,$2326,$-204,$2122,$-538,$-538,$-2671,$0,$-1088,$-5161,$387,$-2671
32,2010-09-30,21.43,$13.90,1.54,$21.85,0.98,$10.62,2.02,$3.02,7.1,$19.45B,$15.58B,1.25,$12.91B,$21.48B,0.6,$33.99B,$19.58B,57.62%,$33.99B,$6.12B,18.01%,$33.99B,$6.12B,18.01%,$33.99B,$8.58B,25.25%,$33.99B,$5.77B,16.97%,$33.99B,$4.73B,13.90%,$4.73B,$21.48B,22.06%,$4.73B,$-6.97B,-152.11%,$4.73B,$57.37B,8.72%,$6.12B,$34.39B,18.36%,$8675,$3741,$4933,$1079,$2673,$7493,$1181,$-117,$1064,$173,$891,$891,$891,$1858,$1181,$1545,1554,$0.58,$0.57,$3850,$3309,$1872,$19447,$7940,$255,$28454,$0,$37926,$57374,$15584,$12911,$0,$20307,$35891,$8624,$18181,$-1483,$21483,$57374,$3185,$1915,$330,$2245,$476,$-53,$0,$0,$423,$6419,$-724,$0,$-9120,$0,$1974,$1974,$-1878,$-9748,$2999,$-1420,$1579,$-594,$-594,$-1979,$0,$-994,$-4991,$330,$-1979
33,2010-06-30,19.11,$12.95,1.48,$21.27,0.9,$9.92,1.93,$3.40,5.62,$19.92B,$14.69B,1.36,$12.61B,$20.00B,0.63,$33.08B,$19.05B,57.60%,$33.08B,$6.58B,19.89%,$33.08B,$6.58B,19.89%,$33.08B,$8.91B,26.92%,$33.08B,$6.58B,19.88%,$33.08B,$5.31B,16.07%,$5.31B,$20.00B,24.84%,$5.31B,$-4.49B,-839.83%,$5.31B,$53.38B,10.16%,$6.58B,$32.61B,19.95%,$8826,$3544,$5282,$858,$2743,$7220,$1606,$-47,$1559,$267,$1292,$1292,$1292,$2281,$1606,$1544,1552,$0.83,$0.83,$4373,$3169,$1871,$19915,$7876,$251,$24485,$0,$33466,$53381,$14689,$12613,$0,$18698,$33387,$8505,$17978,$-2629,$19995,$53381,$2295,$1238,$258,$1496,$246,$-26,$0,$0,$220,$3871,$-519,$0,$-6920,$0,$1959,$1959,$-1876,$-7355,$2999,$-1346,$1653,$-660,$-660,$-1300,$0,$-307,$-4488,$258,$-1300
34,2010-03-31,21.43,$13.61,1.57,$20.42,1.05,$8.98,2.39,$3.40,6.3,$17.69B,$15.18B,1.17,$10.88B,$21.01B,0.52,$31.74B,$18.14B,57.13%,$31.74B,$6.65B,20.93%,$31.74B,$6.65B,20.93%,$31.74B,$8.83B,27.83%,$31.74B,$6.58B,20.74%,$31.74B,$5.31B,16.73%,$5.31B,$21.01B,24.84%,$5.31B,$-4.66B,579.54%,$5.31B,$53.36B,10.44%,$6.65B,$31.89B,20.35%,$7698,$3335,$4363,$730,$2162,$6228,$1470,$-148,$1322,$319,$1003,$1003,$1003,$2033,$1470,$1548,1561,$0.65,$0.64,$1822,$3411,$1870,$17691,$8060,$1120,$25671,$0,$35668,$53359,$15183,$10879,$0,$17163,$32346,$8414,$17368,$-976,$21012,$53359,$1003,$563,$174,$736,$292,$-50,$0,$0,$242,$1523,$-245,$0,$-6416,$0,$874,$874,$-1872,$-7659,$-1,$775,$774,$-673,$-673,$-621,$0,$-520,$-7243,$174,$-621
35,2009-12-31,21.89,$14.95,1.46,$19.80,1.11,$8.45,2.59,$3.68,5.95,$23.31B,$13.05B,1.79,$11.27B,$23.19B,0.49,$30.76B,$17.56B,57.06%,$30.76B,$6.24B,20.27%,$30.76B,$6.24B,20.27%,$30.76B,$8.33B,27.06%,$30.76B,$7.19B,23.38%,$30.76B,$5.75B,18.68%,$5.75B,$23.19B,27.87%,$5.75B,$3.70B,267.47%,$5.75B,$52.58B,11.76%,$6.24B,$34.45B,19.43%,$8790,$3784,$5006,$747,$2225,$6926,$1864,$-41,$1823,$284,$1539,$1539,$1539,$2411,$1864,$1547,1555,$1.00,$0.99,$9932,$3265,$0,$23314,$7619,$1133,$19492,$0,$29268,$52582,$13049,$11266,$0,$16345,$29394,$8258,$17343,$854,$23187,$52582,$5746,$2090,$-219,$1871,$-388,$231,$0,$-387,$-341,$7275,$-1089,$0,$-2371,$0,$-233,$-233,$-6,$-3699,$517,$3217,$3734,$-318,$-318,$-2414,$0,$1002,$4697,$366,$-2414
36,2009-09-30,19.98,$13.82,1.45,$19.24,1.04,$8.13,2.46,$3.68,5.43,$21.42B,$12.53B,1.71,$11.58B,$21.38B,0.54,$29.92B,$17.32B,57.88%,$29.92B,$6.12B,20.44%,$29.92B,$6.12B,20.44%,$29.92B,$8.08B,27.00%,$29.92B,$7.06B,23.58%,$29.92B,$5.74B,19.19%,$5.74B,$21.38B,29.91%,$5.74B,$2.92B,315.64%,$5.74B,$49.85B,12.39%,$6.12B,$32.95B,20.36%,$7761,$3360,$4401,$676,$2086,$6122,$1640,$232,$1871,$391,$1480,$1480,$1480,$2180,$1640,$1546,1552,$0.95,$0.95,$8695,$3422,$0,$21416,$7522,$1111,$18452,$0,$28431,$49847,$12525,$11577,$0,$15948,$28472,$8006,$16152,$499,$21375,$49847,$4207,$1542,$-490,$1053,$510,$-86,$0,$0,$424,$5443,$-844,$0,$-1519,$-2896,$0,$-2896,$-3,$-5262,$517,$2281,$2798,$-504,$-504,$-1796,$0,$499,$764,$307,$-1796
37,2009-06-30,18.92,$12.89,1.47,$19.04,0.99,$8.20,2.31,$3.42,5.53,$19.63B,$12.04B,1.63,$11.37B,$19.92B,0.57,$29.66B,$17.07B,57.53%,$29.66B,$5.87B,19.80%,$29.66B,$5.87B,19.80%,$29.66B,$7.79B,26.28%,$29.66B,$6.56B,22.11%,$29.66B,$5.35B,18.03%,$5.35B,$19.92B,28.61%,$5.35B,$1.71B,293.56%,$5.35B,$47.63B,12.07%,$5.87B,$31.29B,20.28%,$7495,$3129,$4366,$670,$2024,$5823,$1671,$-104,$1567,$279,$1288,$1288,$1288,$2209,$1671,$1546,1551,$0.83,$0.83,$6888,$3521,$0,$19628,$7448,$1052,$18214,$0,$28002,$47630,$12042,$11372,$0,$15668,$27710,$7927,$15297,$-7,$19920,$47630,$2727,$1001,$-552,$449,$427,$-281,$0,$0,$147,$2413,$-515,$0,$-1509,$-1718,$0,$-1718,$-1,$-3743,$517,$2547,$3064,$-532,$-532,$-1177,$0,$1355,$92,$245,$-1177
38,2009-03-31,19.1,$11.64,1.64,$18.91,1.01,$8.49,2.25,$3.44,5.55,$18.01B,$11.77B,1.53,$11.68B,$17.98B,0.65,$29.48B,$16.89B,57.30%,$29.48B,$5.61B,19.02%,$29.48B,$5.61B,19.02%,$29.48B,$7.46B,25.30%,$29.48B,$6.63B,22.48%,$29.48B,$5.38B,18.26%,$5.38B,$17.98B,29.17%,$5.38B,$0.27B,278.18%,$5.38B,$45.44B,12.39%,$5.61B,$29.66B,19.85%,$6718,$2936,$3782,$651,$2071,$5658,$1061,$872,$1932,$494,$1439,$1439,$1439,$1525,$1061,$1546,1556,$0.93,$0.92,$5704,$3159,$0,$18008,$7310,$1054,$17714,$0,$27430,$45438,$11770,$11676,$0,$15684,$27454,$7853,$14629,$-1195,$17983,$45438,$1439,$464,$-610,$-146,$376,$-199,$0,$0,$177,$699,$-252,$0,$-1492,$139,$0,$139,$-1,$-1606,$1017,$1770,$2787,$-544,$-544,$-559,$0,$1685,$763,$187,$-559
39,2008-12-31,21.3,$11.28,1.89,$18.93,1.12,$8.83,2.41,$3.12,6.83,$17.04B,$11.59B,1.47,$8.71B,$17.52B,0.5,$29.53B,$16.92B,57.29%,$29.53B,$5.70B,19.29%,$29.53B,$5.70B,19.29%,$29.53B,$7.53B,25.51%,$29.53B,$5.86B,19.83%,$29.53B,$4.88B,16.53%,$4.88B,$17.52B,26.45%,$4.88B,$2.38B,202.72%,$4.88B,$42.42B,11.52%,$5.70B,$26.23B,20.63%,$7950,$3178,$4772,$732,$2297,$6207,$1743,$-57,$1686,$296,$1390,$1390,$1536,$2165,$1743,$1545,1561,$0.99,$0.98,$5080,$2776,$0,$17043,$7219,$1074,$15138,$0,$25377,$42419,$11592,$8713,$0,$13309,$24901,$7444,$13825,$-1164,$17519,$42419,$4881,$1839,$315,$2154,$-948,$-257,$0,$436,$-40,$6995,$-1288,$0,$-250,$0,$-475,$-475,$-75,$-2087,$-914,$-325,$-1239,$-73,$-73,$-2174,$0,$-3486,$1656,$347,$-2174
40,2008-09-30,22.9,$12.47,1.84,$18.47,1.24,$7.43,3.08,$2.91,7.87,$15.23B,$9.56B,1.59,$9.27B,$19.35B,0.48,$28.80B,$16.20B,56.27%,$28.80B,$5.47B,18.99%,$28.80B,$5.47B,18.99%,$28.80B,$7.37B,25.58%,$28.80B,$5.65B,19.63%,$28.80B,$4.55B,15.79%,$4.55B,$19.35B,24.55%,$4.55B,$2.93B,197.18%,$4.55B,$41.75B,10.91%,$5.47B,$28.61B,19.63%,$7498,$3353,$4145,$680,$2068,$6101,$1397,$-23,$1373,$288,$1085,$1085,$1085,$1895,$1397,$1546,1564,$0.70,$0.69,$3766,$3100,$0,$15227,$7641,$1082,$16414,$0,$26526,$41753,$9559,$9265,$0,$12848,$22407,$7309,$12454,$1823,$19346,$41753,$3344,$1416,$289,$1705,$-3,$-117,$0,$0,$-120,$5762,$-1023,$0,$-250,$-755,$319,$-437,$-25,$-1735,$-400,$-1380,$-1780,$-138,$-138,$-1616,$0,$-3534,$354,$286,$-1616
41,2008-06-30,21.0,$12.30,1.71,$17.77,1.18,$6.27,3.35,$2.68,7.84,$16.96B,$12.02B,1.41,$9.58B,$18.96B,0.51,$27.68B,$15.57B,56.26%,$27.68B,$5.00B,18.06%,$27.68B,$5.00B,18.06%,$27.68B,$6.90B,24.94%,$27.68B,$5.17B,18.69%,$27.68B,$4.18B,15.10%,$4.18B,$18.96B,23.76%,$4.18B,$2.16B,262.11%,$4.18B,$44.07B,10.28%,$5.00B,$28.53B,19.06%,$7314,$3120,$4194,$657,$2052,$5907,$1407,$230,$1636,$314,$1322,$1322,$1322,$1872,$1407,$1540,1553,$0.86,$0.85,$5178,$3161,$0,$16957,$7792,$1091,$16801,$0,$27117,$44074,$12017,$9575,$0,$13098,$25115,$6745,$11964,$2501,$18959,$44074,$2260,$918,$222,$1140,$-53,$-35,$0,$0,$-88,$3064,$-703,$0,$0,$-1209,$319,$-891,$-87,$-1681,$-200,$1700,$1500,$-608,$-608,$-1060,$0,$-169,$1340,$220,$-1060
42,2008-03-31,21.79,$11.65,1.87,$17.14,1.27,$5.88,3.71,$2.46,8.86,$15.11B,$10.77B,1.4,$9.04B,$17.98B,0.5,$26.74B,$14.94B,55.90%,$26.74B,$4.78B,17.88%,$26.74B,$4.78B,17.88%,$26.74B,$6.65B,24.88%,$26.74B,$4.79B,17.92%,$26.74B,$3.85B,14.39%,$3.85B,$17.98B,23.05%,$3.85B,$2.16B,350.28%,$3.85B,$41.18B,9.89%,$4.78B,$27.02B,19.43%,$6766,$2961,$3805,$620,$2018,$5618,$1148,$13,$1161,$223,$938,$938,$938,$1600,$1148,$1544,1561,$0.61,$0.60,$3637,$3076,$0,$15112,$7621,$1084,$15819,$0,$26066,$41178,$10770,$9043,$0,$12428,$23198,$6527,$11201,$2254,$17980,$41178,$938,$452,$171,$622,$44,$-37,$0,$0,$7,$1305,$-333,$0,$0,$-861,$319,$-542,$-18,$-893,$-200,$990,$790,$-512,$-512,$-505,$0,$-226,$254,$152,$-505
43,2007-12-31,22.13,$11.50,1.92,$16.62,1.33,$5.68,3.9,$2.31,9.58,$14.04B,$9.10B,1.54,$9.49B,$17.82B,0.53,$25.92B,$14.49B,55.93%,$25.92B,$4.58B,17.67%,$25.92B,$4.58B,17.67%,$25.92B,$6.43B,24.82%,$25.92B,$4.47B,17.25%,$25.92B,$3.61B,13.92%,$3.61B,$17.82B,22.87%,$3.61B,$1.98B,1095.52%,$3.61B,$39.71B,9.57%,$4.58B,$27.31B,19.87%,$7221,$3162,$4060,$662,$1879,$5703,$1518,$-35,$1483,$280,$1203,$1203,$1203,$2001,$1518,$1543,1560,$0.79,$0.77,$2821,$2951,$0,$14043,$7518,$1125,$15849,$0,$25671,$39714,$9103,$9488,$0,$12787,$21890,$6104,$10806,$2082,$17824,$39714,$3606,$1855,$786,$2641,$-432,$131,$0,$-418,$-1063,$5184,$-1656,$0,$0,$0,$553,$553,$-33,$-1136,$3059,$-3603,$-544,$191,$191,$-1959,$0,$-2313,$1935,$430,$-1959
44,2007-09-30,21.07,$10.10,2.09,$16.43,1.28,$5.97,3.53,$1.23,17.13,$12.84B,$12.28B,1.05,$6.48B,$15.61B,0.42,$25.52B,$13.98B,54.78%,$25.52B,$2.83B,11.09%,$25.52B,$2.83B,11.09%,$25.52B,$4.61B,18.07%,$25.52B,$2.77B,10.84%,$25.52B,$1.93B,7.56%,$1.93B,$15.61B,13.00%,$1.93B,$0.09B,-313.88%,$1.93B,$37.62B,5.24%,$2.83B,$22.09B,13.17%,$6377,$2864,$3513,$641,$1945,$5450,$927,$-33,$893,$176,$717,$717,$717,$1430,$927,$1544,1558,$0.46,$0.46,$2549,$2925,$0,$12838,$7232,$1063,$15523,$0,$24784,$37622,$12283,$6478,$0,$9731,$22014,$5792,$10125,$905,$15608,$37622,$2403,$1372,$354,$1726,$95,$-34,$0,$0,$60,$4134,$-1227,$0,$0,$-12,$348,$336,$-16,$-908,$-346,$-22,$-368,$-32,$-32,$-1457,$0,$-1857,$1390,$354,$-1457
45,2007-06-30,20.98,$9.92,2.11,$15.95,1.32,$6.02,3.49,$1.23,17.06,$12.34B,$12.01B,1.03,$6.61B,$15.33B,0.43,$24.71B,$13.65B,55.23%,$24.71B,$2.59B,10.48%,$24.71B,$2.59B,10.48%,$24.71B,$4.25B,17.21%,$24.71B,$2.60B,10.52%,$24.71B,$1.93B,7.80%,$1.93B,$15.33B,12.99%,$1.93B,$0.17B,-20832.43%,$1.93B,$37.15B,5.39%,$2.59B,$21.94B,11.91%,$6371,$2804,$3566,$583,$1796,$5184,$1186,$66,$1253,$264,$989,$989,$989,$1622,$1186,$1542,1561,$0.64,$0.63,$2237,$2146,$1630,$12339,$5825,$1005,$15162,$1854,$24814,$37153,$12010,$6606,$152,$9809,$21819,$5547,$9950,$867,$15334,$37153,$1686,$868,$250,$1118,$39,$1,$0,$0,$40,$2596,$-840,$0,$0,$-14,$302,$288,$3,$-550,$-348,$213,$-135,$51,$51,$-955,$0,$-1039,$1018,$250,$-955
46,2007-03-31,21.8,$9.30,2.35,$15.46,1.41,$6.21,3.51,$1.00,21.8,$11.50B,$12.31B,0.94,$6.54B,$14.32B,0.46,$23.84B,$13.20B,55.34%,$23.84B,$1.95B,8.17%,$23.84B,$1.95B,8.17%,$23.84B,$3.63B,15.21%,$23.84B,$2.00B,8.41%,$23.84B,$1.55B,6.50%,$1.55B,$14.32B,10.47%,$1.55B,$-0.92B,425.82%,$1.55B,$36.29B,4.43%,$1.95B,$20.86B,8.81%,$5946,$2592,$3354,$619,$1787,$4998,$948,$-107,$841,$143,$698,$698,$698,$1380,$948,$1540,1558,$0.45,$0.45,$1642,$2174,$1555,$11504,$5696,$994,$15234,$1842,$24782,$36286,$12305,$6541,$152,$9662,$21967,$5195,$9533,$621,$14319,$36286,$698,$432,$163,$596,$163,$-50,$0,$0,$113,$1056,$-393,$0,$0,$3,$0,$3,$1,$-389,$-261,$355,$94,$-147,$-147,$-454,$0,$-507,$161,$163,$-454
47,2006-12-31,18.98,$9.14,2.08,$14.62,1.3,$6.34,2.99,$1.11,17.1,$11.28B,$11.95B,0.94,$7.01B,$14.05B,0.5,$22.48B,$12.66B,56.34%,$22.48B,$2.04B,9.09%,$22.48B,$2.04B,9.09%,$22.48B,$3.60B,16.03%,$22.48B,$2.28B,10.13%,$22.48B,$1.72B,7.64%,$1.72B,$14.05B,11.58%,$1.72B,$-1.80B,99.57%,$1.72B,$36.18B,5.20%,$2.04B,$21.06B,9.48%,$6821,$3276,$3545,$643,$1828,$7053,$-232,$12,$-220,$239,$-460,$-460,$-476,$179,$-232,$1530,1537,$-0.32,$-0.30,$1373,$2806,$0,$11282,$6946,$1230,$15853,$0,$24896,$36178,$11951,$7010,$0,$10173,$22124,$4291,$9569,$390,$14054,$36178,$1717,$1559,$2535,$4093,$-102,$105,$0,$-283,$-548,$5262,$-1338,$0,$-7923,$0,$-2111,$-2111,$-26,$-11398,$468,$5183,$5651,$-252,$-252,$-1777,$0,$3622,$-2372,$330,$-1777
