,Date,Stock Price,Book Value per Share,Price to Book Ratio,TTM Sales per Share,Price to Sales Ratio,TTM FCF per Share,Price to FCF Ratio,TTM Net EPS,PE Ratio,Current Assets,Current Liabilities,Current Ratio,Long Term Debt,Shareholder's Equity_x,Debt to Equity Ratio,TTM Revenue_x,TTM Gross Profit,Gross Margin,TTM Revenue_y,TTM Operating Income,Operating Margin,TTM Revenue_x,TTM EBIT,EBIT Margin,TTM Revenue_y,TTM EBITDA,EBITDA Margin,TTM Revenue_x,TTM Pre-Tax Income,Pre-Tax Margin,TTM Revenue_y,TTM Net Income_x,Net Margin,TTM Net Income_y,Shareholder's Equity_y,Return on Equity,TTM Net Income_x,Tangible Equity,Return on Tangible Equity,TTM Net Income_y,Total Assets,Return on Assets,TTM Net Income,LT Investments & Debt,Return on Investment,revenue,cost-goods-sold,gross-profit,research-development-expenses,selling-general-administrative-expenses,operating-expenses,operating-income,total-non-operating-income-expense,pre-tax-income,total-provision-income-taxes,income-after-taxes,income-from-continuous-operations,net-income,ebitda,ebit,basic-shares-outstanding,shares-outstanding,eps-basic-net-earnings-per-share,eps-earnings-per-share-diluted,cash-on-hand,inventory,other-current-assets,total-current-assets,net-property-plant-equipment,long-term-investments,goodwill-intangible-assets-total,other-long-term-assets,total-long-term-assets,total-assets,total-current-liabilities,long-term-debt,other-non-current-liabilities,total-long-term-liabilities,total-liabilities,common-stock-net,retained-earnings-accumulated-deficit,comprehensive-income,total-share-holder-equity,total-liabilities-share-holders-equity,net-income-loss,total-depreciation-amortization-cash-flow,other-non-cash-items,total-non-cash-items,change-in-accounts-receivable,change-in-inventories,change-in-accounts-payable,change-in-assets-liabilities,total-change-in-assets-liabilities,cash-flow-from-operating-activities,net-change-in-property-plant-equipment,net-change-in-intangible-assets,net-acquisitions-divestitures,net-change-in-short-term-investments,net-change-in-long-term-investments,net-change-in-investments-total,investing-activities-other,cash-flow-from-investing-activities,net-long-term-debt,net-current-debt,debt-issuance-retirement-net-total,net-common-equity-issued-repurchased,net-total-equity-issued-repurchased,total-common-preferred-stock-dividends-paid,financial-activities-other,cash-flow-from-financial-activities,net-cash-flow,stock-based-compensation,common-stock-dividends-paid
0,2018-09-30,41.7,$24.49,1.7,$10.38,4.02,$6.60,6.31,$2.01,20.75,$2.62B,$2.49B,1.06,$0.21B,$0.33B,0.65,$0.14B,$0.12B,83.69%,$0.14B,$0.04B,26.24%,$0.14B,0,0.00%,$0.14B,0,0.00%,$0.14B,$0.04B,26.24%,$0.14B,$0.03B,19.86%,$0.03B,$0.33B,8.84%,$0.03B,$0.29B,10.20%,$0.03B,$3.04B,0.95%,$0.04B,$0.54B,6.52%,$37,$7,$30,$0,$19,$26,$11,$0,$11,$2,$9,$9,$9,$0,$0,$13,14,$0.66,$0.65,$191,$0,$0,$2620,$19,$312,$42,$42,$415,$3036,$2485,$212,$11,$223,$2707,$13,$99,$-6,$328,$3036,$24,$4,$1,$6,$-3,$0,$6,$0,$3,$32,$-2,$0,$0,$0,$0,$0,$-173,$-174,$-71,$0,$-71,$2,$2,$0,$220,$151,$9,$1,$0
1,2018-06-30,43.35,$23.98,1.81,$10.05,4.31,$6.34,6.83,$1.58,27.44,$2.55B,$2.36B,1.08,$0.28B,$0.32B,0.86,$0.14B,$0.12B,85.29%,$0.14B,$0.03B,22.06%,$0.14B,0,0.00%,$0.14B,0,0.00%,$0.14B,$0.03B,22.06%,$0.14B,$0.02B,16.18%,$0.02B,$0.32B,7.09%,$0.02B,$0.28B,8.21%,$0.02B,$2.97B,0.76%,$0.03B,$0.60B,5.36%,$36,$6,$30,$0,$20,$27,$9,$0,$9,$2,$8,$8,$8,$0,$0,$13,14,$0.57,$0.55,$201,$0,$0,$2548,$19,$318,$42,$40,$419,$2966,$2364,$276,$7,$283,$2647,$13,$90,$-4,$320,$2966,$15,$3,$1,$4,$-2,$0,$1,$0,$-1,$18,$-1,$0,$0,$0,$-3,$-3,$-90,$-94,$-7,$0,$-7,$2,$2,$0,$100,$94,$19,$1,$0
2,2018-03-31,39.15,$23.45,1.67,$9.67,4.05,$6.27,6.24,$1.43,27.38,$2.47B,$2.34B,1.06,$0.23B,$0.31B,0.75,$0.13B,$0.11B,86.92%,$0.13B,$0.03B,21.54%,$0.13B,0,0.00%,$0.13B,0,0.00%,$0.13B,$0.03B,21.54%,$0.13B,$0.02B,14.62%,$0.02B,$0.31B,6.23%,$0.02B,$0.27B,7.24%,$0.02B,$2.89B,0.67%,$0.03B,$0.55B,4.97%,$34,$6,$29,$0,$19,$25,$9,$0,$9,$1,$8,$8,$8,$0,$0,$13,14,$0.58,$0.57,$190,$0,$0,$2466,$19,$322,$42,$37,$420,$2886,$2335,$233,$7,$240,$2574,$13,$83,$-4,$312,$2886,$8,$1,$1,$1,$1,$0,$0,$0,$2,$11,$-1,$0,$0,$0,$-5,$-5,$-19,$-25,$0,$-50,$-50,$1,$1,$0,$71,$22,$8,$0,$0
3,2017-12-31,37.65,$23.20,1.62,$9.32,4.04,$6.19,6.08,$1.31,28.74,$2.44B,$2.26B,1.08,$0.28B,$0.31B,0.92,$0.13B,$0.11B,87.20%,$0.13B,$0.03B,21.60%,$0.13B,0,0.00%,$0.13B,0,0.00%,$0.13B,$0.03B,21.60%,$0.13B,$0.02B,13.60%,$0.02B,$0.31B,5.68%,$0.02B,$0.26B,6.63%,$0.02B,$2.86B,0.62%,$0.03B,$0.59B,4.91%,$34,$5,$29,$0,$21,$26,$8,$0,$8,$5,$3,$3,$3,$0,$0,$13,13,$0.24,$0.24,$182,$0,$0,$2442,$18,$322,$43,$35,$419,$2860,$2263,$283,$8,$290,$2553,$13,$75,$0,$307,$2860,$18,$5,$13,$19,$-6,$0,$3,$0,$-3,$33,$-1,$0,$0,$0,$9,$9,$-386,$-378,$39,$-3,$36,$4,$4,$0,$344,$384,$40,$2,$0
4,2017-09-30,36.8,$22.98,1.6,$8.96,4.11,$5.77,6.38,$1.51,24.37,$2.38B,$2.30B,1.04,$0.21B,$0.30B,0.69,$0.12B,$0.11B,88.24%,$0.12B,$0.03B,22.69%,$0.12B,0,0.00%,$0.12B,0,0.00%,$0.12B,$0.03B,22.69%,$0.12B,$0.02B,16.81%,$0.02B,$0.30B,6.84%,$0.02B,$0.26B,8.02%,$0.02B,$2.81B,0.76%,$0.03B,$0.51B,5.72%,$32,$4,$28,$0,$24,$28,$4,$0,$4,$1,$3,$3,$3,$0,$0,$13,13,$0.23,$0.22,$192,$0,$0,$2378,$18,$337,$43,$37,$435,$2813,$2296,$208,$7,$214,$2511,$13,$72,$1,$303,$2813,$14,$4,$11,$15,$-4,$0,$2,$0,$-2,$27,$-0,$0,$0,$0,$-3,$-3,$-315,$-319,$-78,$0,$-78,$3,$3,$0,$416,$342,$50,$1,$0
5,2017-06-30,38.3,$22.69,1.69,$8.66,4.42,$5.36,7.14,$1.71,22.4,$2.29B,$2.11B,1.09,$0.31B,$0.30B,1.04,$0.12B,$0.10B,88.70%,$0.12B,$0.03B,26.96%,$0.12B,0,0.00%,$0.12B,0,0.00%,$0.12B,$0.03B,26.96%,$0.12B,$0.02B,19.13%,$0.02B,$0.30B,7.67%,$0.02B,$0.26B,9.03%,$0.02B,$2.73B,0.86%,$0.03B,$0.61B,6.66%,$30,$4,$27,$0,$19,$23,$7,$0,$7,$2,$5,$5,$5,$0,$0,$13,13,$0.41,$0.40,$187,$0,$0,$2290,$18,$338,$43,$35,$434,$2725,$2109,$311,$7,$317,$2426,$13,$69,$0,$298,$2725,$11,$3,$4,$6,$-3,$0,$2,$0,$-1,$17,$-1,$0,$0,$0,$-4,$-4,$-223,$-228,$25,$0,$25,$3,$3,$0,$229,$257,$45,$1,$0
6,2017-03-31,37.2,$22.10,1.68,$8.37,4.44,$5.07,7.34,$1.71,21.75,$2.16B,$2.10B,1.03,$0.20B,$0.29B,0.69,$0.11B,$0.10B,88.29%,$0.11B,$0.03B,28.83%,$0.11B,0,0.00%,$0.11B,0,0.00%,$0.11B,$0.03B,28.83%,$0.11B,$0.02B,19.82%,$0.02B,$0.29B,7.82%,$0.02B,$0.25B,9.25%,$0.02B,$2.59B,0.89%,$0.03B,$0.49B,7.40%,$29,$3,$25,$0,$17,$21,$8,$0,$8,$2,$6,$6,$6,$0,$0,$13,13,$0.46,$0.45,$184,$0,$0,$2159,$18,$337,$43,$35,$433,$2592,$2097,$201,$6,$206,$2303,$13,$63,$-2,$289,$2592,$6,$1,$1,$2,$1,$0,$1,$0,$1,$9,$-1,$0,$0,$0,$-7,$-7,$-94,$-102,$0,$-10,$-10,$2,$2,$0,$142,$135,$42,$0,$0
7,2016-12-31,36.15,$21.59,1.67,$8.28,4.37,$4.84,7.47,$1.75,20.66,$2.03B,$2.17B,0.94,$0.00B,$0.28B,0.0,$0.11B,$0.10B,88.99%,$0.11B,$0.03B,30.28%,$0.11B,0,0.00%,$0.11B,0,0.00%,$0.11B,$0.03B,30.28%,$0.11B,$0.02B,20.18%,$0.02B,$0.28B,7.98%,$0.02B,$0.24B,9.49%,$0.02B,$2.45B,0.93%,$0.03B,$0.28B,8.76%,$28,$3,$25,$0,$17,$20,$8,$0,$8,$2,$6,$6,$6,$0,$0,$13,13,$0.46,$0.44,$142,$0,$0,$2025,$18,$330,$43,$35,$426,$2451,$2165,$0,$6,$6,$2171,$13,$57,$-3,$280,$2451,$23,$4,$2,$6,$-0,$0,$-1,$0,$-1,$27,$-2,$0,$0,$0,$-172,$-172,$-235,$-408,$0,$235,$235,$2,$2,$0,$138,$375,$-6,$2,$0
8,2016-09-30,27.0,$21.78,1.24,$8.44,3.2,$4.59,5.88,$1.64,16.46,$2.05B,$1.97B,1.04,$0.20B,$0.28B,0.71,$0.11B,$0.09B,89.52%,$0.11B,$0.03B,29.52%,$0.11B,0,0.00%,$0.11B,0,0.00%,$0.11B,$0.03B,29.52%,$0.11B,$0.02B,19.05%,$0.02B,$0.28B,7.40%,$0.02B,$0.24B,8.84%,$0.02B,$2.46B,0.88%,$0.03B,$0.48B,8.35%,$28,$3,$25,$0,$17,$20,$8,$0,$8,$2,$5,$5,$5,$0,$0,$13,13,$0.42,$0.42,$225,$0,$0,$2046,$18,$322,$44,$33,$416,$2462,$1971,$201,$9,$210,$2181,$13,$51,$5,$281,$2462,$17,$3,$3,$5,$-3,$0,$2,$0,$-1,$21,$-1,$0,$0,$0,$-151,$-151,$-173,$-325,$211,$0,$211,$1,$1,$0,$168,$380,$77,$1,$0
