,Date,Stock Price,Book Value per Share,Price to Book Ratio,TTM Sales per Share,Price to Sales Ratio,TTM FCF per Share,Price to FCF Ratio,TTM Net EPS,PE Ratio,Current Assets,Current Liabilities,Current Ratio,Long Term Debt,Shareholder's Equity_x,Debt to Equity Ratio,TTM Revenue_x,TTM Gross Profit,Gross Margin,TTM Revenue_y,TTM Operating Income,Operating Margin,TTM Revenue_x,TTM EBIT,EBIT Margin,TTM Revenue_y,TTM EBITDA,EBITDA Margin,TTM Revenue_x,TTM Pre-Tax Income,Pre-Tax Margin,TTM Revenue_y,TTM Net Income_x,Net Margin,TTM Net Income_y,Shareholder's Equity_y,Return on Equity,TTM Net Income_x,Tangible Equity,Return on Tangible Equity,TTM Net Income_y,Total Assets,Return on Assets,TTM Net Income,LT Investments & Debt,Return on Investment,revenue,cost-goods-sold,gross-profit,research-development-expenses,selling-general-administrative-expenses,operating-expenses,operating-income,total-non-operating-income-expense,pre-tax-income,total-provision-income-taxes,income-after-taxes,income-from-continuous-operations,net-income,ebitda,ebit,basic-shares-outstanding,shares-outstanding,eps-basic-net-earnings-per-share,eps-earnings-per-share-diluted,cash-on-hand,inventory,other-current-assets,total-current-assets,net-property-plant-equipment,long-term-investments,goodwill-intangible-assets-total,other-long-term-assets,total-long-term-assets,total-assets,total-current-liabilities,long-term-debt,other-non-current-liabilities,total-long-term-liabilities,total-liabilities,common-stock-net,retained-earnings-accumulated-deficit,comprehensive-income,total-share-holder-equity,total-liabilities-share-holders-equity,net-income-loss,total-depreciation-amortization-cash-flow,other-non-cash-items,total-non-cash-items,change-in-accounts-receivable,change-in-inventories,change-in-accounts-payable,change-in-assets-liabilities,total-change-in-assets-liabilities,cash-flow-from-operating-activities,net-change-in-property-plant-equipment,net-change-in-intangible-assets,net-acquisitions-divestitures,net-change-in-short-term-investments,net-change-in-long-term-investments,net-change-in-investments-total,investing-activities-other,cash-flow-from-investing-activities,net-long-term-debt,net-current-debt,debt-issuance-retirement-net-total,net-common-equity-issued-repurchased,net-total-equity-issued-repurchased,total-common-preferred-stock-dividends-paid,financial-activities-other,cash-flow-from-financial-activities,net-cash-flow,stock-based-compensation,common-stock-dividends-paid
0,2018-06-30,7.3,$4.30,1.7,$0.22,33.18,$-2.89,0.0,$-1.23,0.0,$0.16B,$0.01B,13.67,$0.00B,$0.12B,0.01,$0.01B,$0.01B,100.00%,$0.01B,$-0.11B,-941.67%,$0.01B,$-0.11B,-941.67%,$0.01B,$-0.07B,-583.33%,$0.01B,$-0.09B,-716.67%,$0.01B,$-0.07B,-558.33%,$-0.07B,$0.24B,-32.72%,$-0.07B,$0.16B,-59.69%,$-0.07B,$0.28B,-26.17%,$-0.11B,$0.24B,-53.36%,$1,$0,$1,$16,$4,$23,$-22,$25,$3,$0,$3,$3,$1,$-21,$-22,$55,56,$0.01,$0.01,$155,$0,$0,$158,$11,$27,$81,$0,$119,$277,$12,$1,$0,$27,$39,$878,$-757,$-48,$238,$277,$-14,$1,$-21,$-19,$-1,$0,$0,$0,$-4,$-38,$-1,$0,$0,$-60,$0,$-60,$0,$-61,$0,$-12,$-12,$1,$67,$0,$0,$55,$-44,$4,$0
1,2018-03-31,5.0,$4.22,1.19,$0.22,23.04,$-2.75,0.0,$-1.57,0.0,$0.18B,$0.01B,16.85,$0.00B,$0.11B,0.01,$0.01B,$0.01B,100.00%,$0.01B,$-0.11B,-916.67%,$0.01B,$-0.11B,-916.67%,$0.01B,$-0.07B,-566.67%,$0.01B,$-0.11B,-891.67%,$0.01B,$-0.09B,-716.67%,$-0.09B,$0.23B,-45.44%,$-0.09B,$0.15B,-100.00%,$-0.09B,$0.27B,-34.33%,$-0.11B,$0.23B,-55.28%,$1,$0,$1,$14,$4,$20,$-18,$1,$-17,$0,$-17,$-17,$-20,$-18,$-18,$55,55,$-0.36,$-0.36,$173,$0,$0,$175,$12,$0,$83,$0,$95,$270,$10,$1,$0,$27,$38,$876,$-758,$-48,$232,$270,$-17,$1,$1,$1,$-0,$0,$0,$1,$-4,$-20,$-0,$0,$0,$-75,$0,$-75,$0,$-76,$0,$-12,$-12,$0,$66,$0,$0,$54,$-42,$1,$0
2,2017-12-31,5.05,$3.31,1.52,$0.20,25.87,$-2.77,0.0,$-1.55,0.0,$0.13B,$0.02B,8.84,$0.01B,$0.13B,0.1,$0.01B,$0.01B,100.00%,$0.01B,$-0.11B,-1000.00%,$0.01B,$-0.11B,-1000.00%,$0.01B,$-0.07B,-618.18%,$0.01B,$-0.11B,-990.91%,$0.01B,$-0.09B,-772.73%,$-0.09B,$0.18B,-47.62%,$-0.09B,$0.10B,-130.77%,$-0.09B,$0.24B,-34.00%,$-0.11B,$0.20B,-57.59%,$3,$0,$3,$18,$4,$63,$-60,$-0,$-60,$0,$-36,$-36,$-36,$-19,$-60,$55,55,$-0.68,$-0.68,$126,$0,$0,$129,$12,$13,$83,$0,$108,$237,$15,$13,$0,$40,$55,$876,$-738,$-48,$182,$237,$-84,$43,$-10,$33,$-0,$0,$0,$3,$3,$-49,$-7,$0,$0,$35,$0,$35,$0,$28,$0,$0,$0,$49,$49,$0,$0,$49,$31,$15,$0
3,2017-09-30,6.2,$3.04,2.04,$0.15,42.68,$-2.91,0.0,$-4.97,0.0,$0.09B,$0.01B,11.03,$0.01B,$0.17B,0.08,$0.01B,$0.01B,100.00%,$0.01B,$-0.31B,-3837.50%,$0.01B,$-0.31B,-3837.50%,$0.01B,$-0.07B,-887.50%,$0.01B,$-0.31B,-3850.00%,$0.01B,$-0.27B,-3350.00%,$-0.27B,$0.17B,-145.85%,$-0.27B,$0.04B,-446.67%,$-0.27B,$0.24B,-103.18%,$-0.31B,$0.18B,-156.63%,$7,$0,$7,$16,$4,$20,$-13,$1,$-12,$0,$-12,$-12,$-12,$-12,$-13,$55,55,$-0.21,$-0.21,$88,$0,$0,$91,$13,$13,$124,$0,$149,$240,$8,$13,$0,$64,$72,$876,$-700,$-50,$167,$240,$-48,$1,$12,$14,$-1,$0,$0,$1,$-3,$-38,$-7,$0,$0,$34,$0,$34,$0,$27,$0,$0,$0,$0,$0,$0,$0,$0,$-8,$14,$0
4,2017-06-30,3.6,$3.19,1.13,$0.03,105.6,$-2.91,0.0,$-5.13,0.0,$0.11B,$0.01B,8.92,$0.01B,$0.18B,0.07,$0.00B,$0.00B,100.00%,$0.00B,$-0.31B,-15650.00%,$0.00B,$-0.31B,-15650.00%,$0.00B,$-0.08B,-3900.00%,$0.00B,$-0.32B,-15800.00%,$0.00B,$-0.28B,-13800.00%,$-0.28B,$0.18B,-112.08%,$-0.28B,$0.05B,-434.65%,$-0.28B,$0.26B,-84.02%,$-0.31B,$0.19B,-122.62%,$1,$0,$1,$15,$5,$21,$-19,$1,$-18,$0,$-18,$-18,$-18,$-19,$-19,$55,55,$-0.33,$-0.33,$103,$0,$0,$106,$13,$13,$124,$0,$149,$255,$12,$12,$0,$67,$79,$874,$-688,$-50,$176,$255,$-37,$1,$9,$10,$-1,$0,$0,$6,$4,$-23,$-7,$0,$0,$28,$0,$28,$0,$22,$0,$0,$0,$0,$0,$0,$0,$0,$1,$10,$0
5,2017-03-31,3.25,$3.44,0.95,$0.02,155.2,$-2.94,0.0,$-7.27,0.0,$0.12B,$0.01B,11.06,$0.01B,$0.19B,0.06,$0.00B,$0.00B,100.00%,$0.00B,$-0.49B,-48900.00%,$0.00B,$-0.49B,-48900.00%,$0.00B,$-0.10B,-9800.00%,$0.00B,$-0.49B,-49300.00%,$0.00B,$-0.39B,-38800.00%,$-0.39B,$0.19B,-125.16%,$-0.39B,$0.07B,-566.42%,$-0.39B,$0.27B,-97.61%,$-0.49B,$0.20B,-154.75%,$0,$0,$0,$14,$4,$19,$-18,$-0,$-19,$0,$-19,$-19,$-19,$-18,$-18,$54,54,$-0.34,$-0.34,$110,$0,$0,$120,$11,$13,$124,$0,$148,$268,$11,$12,$0,$68,$79,$871,$-670,$-50,$189,$268,$-19,$0,$5,$5,$-8,$0,$0,$7,$-4,$-18,$-3,$0,$0,$27,$0,$27,$0,$23,$0,$0,$0,$0,$0,$0,$0,$0,$6,$5,$0
6,2016-12-31,2.45,$3.70,0.66,$0.03,86.43,$-2.79,0.0,$-7.24,0.0,$0.13B,$0.01B,12.52,$0.01B,$0.20B,0.06,$0.00B,$0.00B,100.00%,$0.00B,$-0.49B,-24550.00%,$0.00B,$-0.49B,-24550.00%,$0.00B,$-0.10B,-5000.00%,$0.00B,$-0.49B,-24500.00%,$0.00B,$-0.39B,-19250.00%,$-0.39B,$0.20B,-96.92%,$-0.39B,$0.08B,-663.79%,$-0.39B,$0.28B,-76.05%,$-0.49B,$0.22B,-122.67%,$-0,$0,$-0,$17,$5,$257,$-257,$-1,$-259,$-40,$-219,$-219,$-219,$-22,$-257,$53,53,$-4.09,$-4.09,$131,$0,$0,$133,$7,$13,$124,$0,$143,$276,$11,$12,$0,$62,$73,$867,$-653,$-48,$203,$276,$-384,$392,$-66,$327,$1,$0,$0,$-1,$-0,$-58,$-4,$0,$0,$-83,$-13,$-95,$0,$-99,$0,$0,$0,$1,$1,$0,$12,$13,$-143,$39,$0
7,2016-09-30,3.44,$7.60,0.45,$0.31,11.06,$-2.88,0.0,$-3.21,0.0,$0.15B,$0.01B,18.09,$0.00B,$0.42B,0.0,$0.02B,$0.02B,100.00%,$0.02B,$-0.25B,-1640.00%,$0.02B,$-0.25B,-1640.00%,$0.02B,$-0.09B,-593.33%,$0.02B,$-0.24B,-1580.00%,$0.02B,$-0.17B,-1140.00%,$-0.17B,$0.42B,-35.37%,$-0.17B,$0.06B,-367.74%,$-0.17B,$0.52B,-27.79%,$-0.25B,$0.42B,-50.88%,$1,$0,$1,$16,$4,$20,$-19,$-1,$-20,$0,$-20,$-20,$-20,$-19,$-19,$54,54,$-0.37,$-0.37,$150,$0,$0,$152,$4,$0,$359,$0,$363,$515,$8,$0,$0,$90,$98,$864,$-432,$-50,$417,$515,$-165,$157,$-32,$125,$1,$0,$0,$-1,$-3,$-43,$-1,$0,$0,$-98,$0,$-98,$0,$-100,$0,$0,$0,$1,$1,$0,$0,$1,$-140,$34,$0
8,2016-06-30,3.48,$7.87,0.44,$0.38,9.24,$-2.82,0.0,$-3.41,0.0,$0.17B,$0.01B,16.67,$0.00B,$0.43B,0.0,$0.02B,$0.02B,100.00%,$0.02B,$-0.29B,-1583.33%,$0.02B,$-0.29B,-1583.33%,$0.02B,$-0.09B,-500.00%,$0.02B,$-0.26B,-1450.00%,$0.02B,$-0.18B,-1000.00%,$-0.18B,$0.43B,-34.77%,$-0.18B,$0.07B,-418.60%,$-0.18B,$0.53B,-26.98%,$-0.29B,$0.43B,-55.05%,$0,$0,$0,$15,$24,$196,$-195,$0,$-195,$-65,$-130,$-130,$-130,$-39,$-195,$53,53,$-2.47,$-2.47,$165,$0,$0,$168,$4,$0,$359,$0,$363,$531,$10,$0,$0,$89,$100,$861,$-413,$-50,$431,$531,$-146,$157,$-38,$119,$1,$0,$0,$-1,$-2,$-28,$-1,$0,$0,$-98,$0,$-98,$0,$-99,$0,$0,$0,$1,$1,$0,$0,$1,$-124,$30,$0
