,Date,Stock Price,Book Value per Share,Price to Book Ratio,TTM Sales per Share,Price to Sales Ratio,TTM FCF per Share,Price to FCF Ratio,TTM Net EPS,PE Ratio,Current Assets,Current Liabilities,Current Ratio,Long Term Debt,Shareholder's Equity_x,Debt to Equity Ratio,TTM Revenue_x,TTM Gross Profit,Gross Margin,TTM Revenue_y,TTM Operating Income,Operating Margin,TTM Revenue_x,TTM EBIT,EBIT Margin,TTM Revenue_y,TTM EBITDA,EBITDA Margin,TTM Revenue_x,TTM Pre-Tax Income,Pre-Tax Margin,TTM Revenue_y,TTM Net Income_x,Net Margin,TTM Net Income_y,Shareholder's Equity_y,Return on Equity,TTM Net Income_x,Tangible Equity,Return on Tangible Equity,TTM Net Income_y,Total Assets,Return on Assets,TTM Net Income,LT Investments & Debt,Return on Investment,revenue,cost-goods-sold,gross-profit,research-development-expenses,selling-general-administrative-expenses,operating-expenses,operating-income,total-non-operating-income-expense,pre-tax-income,total-provision-income-taxes,income-after-taxes,income-from-continuous-operations,net-income,ebitda,ebit,basic-shares-outstanding,shares-outstanding,eps-basic-net-earnings-per-share,eps-earnings-per-share-diluted,cash-on-hand,inventory,other-current-assets,total-current-assets,net-property-plant-equipment,long-term-investments,goodwill-intangible-assets-total,other-long-term-assets,total-long-term-assets,total-assets,total-current-liabilities,long-term-debt,other-non-current-liabilities,total-long-term-liabilities,total-liabilities,common-stock-net,retained-earnings-accumulated-deficit,comprehensive-income,total-share-holder-equity,total-liabilities-share-holders-equity,net-income-loss,total-depreciation-amortization-cash-flow,other-non-cash-items,total-non-cash-items,change-in-accounts-receivable,change-in-inventories,change-in-accounts-payable,change-in-assets-liabilities,total-change-in-assets-liabilities,cash-flow-from-operating-activities,net-change-in-property-plant-equipment,net-change-in-intangible-assets,net-acquisitions-divestitures,net-change-in-short-term-investments,net-change-in-long-term-investments,net-change-in-investments-total,investing-activities-other,cash-flow-from-investing-activities,net-long-term-debt,net-current-debt,debt-issuance-retirement-net-total,net-common-equity-issued-repurchased,net-total-equity-issued-repurchased,total-common-preferred-stock-dividends-paid,financial-activities-other,cash-flow-from-financial-activities,net-cash-flow,stock-based-compensation,common-stock-dividends-paid
0,2018-09-30,42.55,$40.22,1.06,$1.10,38.85,$-6.11,0.0,$0.23,185.0,$0.64B,$0.05B,13.84,$0.00B,$0.92B,0.0,$0.03B,$0.03B,100.00%,$0.03B,$-0.01B,-48.15%,$0.03B,$-0.01B,-48.15%,$0.03B,$-0.01B,-51.85%,$0.03B,$0.00B,3.70%,$0.03B,$-0.00B,-3.70%,$-0.00B,$0.92B,-0.11%,$-0.00B,$0.92B,-0.11%,$-0.00B,$1.02B,-0.10%,$-0.01B,$0.92B,-1.43%,$5,$0,$5,$0,$6,$8,$-3,$-5,$-8,$-1,$-7,$-7,$-7,$-3,$-3,$23,23,$-0.32,$-0.32,$349,$268,$0,$637,$0,$376,$4,$4,$384,$1021,$46,$0,$0,$51,$97,$0,$0,$0,$924,$1021,$-17,$-0,$-1,$-2,$25,$2,$-0,$1,$23,$5,$0,$0,$0,$0,$15,$15,$0,$15,$50,$0,$50,$-7,$-7,$-5,$-3,$36,$56,$0,$-5
1,2018-06-30,37.95,$39.66,0.96,$1.11,34.12,$-11.32,0.0,$0.29,130.86,$0.61B,$0.04B,16.94,$0.00B,$0.91B,0.0,$0.03B,$0.03B,100.00%,$0.03B,$-0.02B,-59.26%,$0.03B,$-0.02B,-59.26%,$0.03B,$-0.02B,-62.96%,$0.03B,$0.01B,37.04%,$0.03B,$0.01B,29.63%,$0.01B,$0.91B,0.88%,$0.01B,$0.91B,0.89%,$0.01B,$1.00B,0.81%,$-0.02B,$0.91B,-1.77%,$5,$0,$5,$0,$6,$8,$-3,$20,$16,$3,$13,$13,$12,$-4,$-3,$23,23,$0.51,$0.51,$274,$307,$0,$605,$0,$389,$4,$2,$394,$999,$36,$0,$0,$51,$87,$0,$8,$0,$912,$999,$-10,$-0,$-1,$-1,$21,$-54,$-1,$-3,$-41,$-52,$0,$0,$0,$0,$15,$15,$0,$15,$30,$0,$30,$-6,$-6,$-5,$-2,$17,$-19,$0,$-5
2,2018-03-31,37.35,$38.38,0.97,$1.12,33.46,$-9.00,0.0,$-0.03,0.0,$0.57B,$0.02B,33.82,$0.00B,$0.89B,0.0,$0.03B,$0.03B,100.00%,$0.03B,$-0.02B,-70.37%,$0.03B,$-0.02B,-70.37%,$0.03B,$-0.02B,-70.37%,$0.03B,$-0.00B,-7.41%,$0.03B,$0.00B,3.70%,$0.00B,$0.89B,0.11%,$0.00B,$0.88B,0.11%,$0.00B,$0.96B,0.10%,$-0.02B,$0.89B,-2.12%,$5,$0,$5,$0,$6,$9,$-4,$-25,$-29,$-7,$-22,$-22,$-22,$-4,$-4,$24,24,$-0.95,$-0.95,$284,$268,$0,$573,$0,$374,$3,$4,$382,$955,$17,$0,$0,$51,$68,$0,$-2,$0,$888,$955,$-22,$0,$3,$3,$23,$-14,$-8,$-5,$-10,$-29,$0,$0,$0,$0,$0,$0,$15,$15,$10,$0,$10,$-0,$-0,$-2,$-2,$5,$-9,$0,$-2
3,2017-12-31,34.01,$38.84,0.88,$1.13,30.22,$-8.35,0.0,$0.37,91.93,$0.57B,$0.04B,13.45,$0.00B,$0.92B,0.0,$0.03B,$0.03B,100.00%,$0.03B,$-0.02B,-70.37%,$0.03B,$-0.02B,-70.37%,$0.03B,$-0.02B,-70.37%,$0.03B,$0.01B,22.22%,$0.03B,$0.01B,37.04%,$0.01B,$0.92B,1.12%,$0.01B,$0.92B,1.12%,$0.01B,$1.01B,1.04%,$-0.02B,$0.92B,-2.12%,$12,$0,$12,$0,$12,$15,$-3,$25,$22,$6,$16,$16,$16,$-3,$-3,$24,24,$0.67,$0.67,$293,$222,$0,$572,$0,$422,$3,$10,$435,$1007,$43,$0,$0,$46,$89,$0,$14,$7,$918,$1007,$9,$0,$2,$2,$-18,$-26,$-21,$-12,$-79,$-68,$0,$0,$0,$0,$-4,$-4,$-15,$-19,$50,$0,$50,$-21,$-21,$-5,$41,$65,$-21,$6,$-5
4,2017-09-30,35.5,$37.76,0.94,$1.29,27.55,$-5.27,0.0,$-0.15,0.0,$0.56B,$0.04B,14.2,$0.00B,$0.90B,0.0,$0.03B,$0.03B,100.00%,$0.03B,$-0.02B,-51.61%,$0.03B,$-0.02B,-51.61%,$0.03B,$-0.02B,-51.61%,$0.03B,$-0.01B,-35.48%,$0.03B,$-0.00B,-6.45%,$-0.00B,$0.90B,-0.23%,$-0.00B,$0.90B,-0.23%,$-0.00B,$0.98B,-0.21%,$-0.02B,$0.90B,-1.81%,$5,$0,$5,$0,$8,$11,$-6,$8,$1,$0,$1,$1,$2,$-6,$-6,$24,24,$0.06,$0.06,$242,$294,$0,$557,$0,$415,$3,$5,$423,$980,$39,$0,$0,$42,$81,$0,$0,$16,$898,$980,$-7,$0,$20,$21,$4,$-92,$-23,$-11,$-133,$-120,$0,$0,$0,$0,$-2,$-2,$0,$-2,$30,$0,$30,$-16,$-16,$-2,$38,$50,$-72,$5,$-2
5,2017-06-30,33.81,$37.11,0.91,$1.28,26.32,$2.08,16.26,$-0.05,0.0,$0.51B,$0.04B,14.27,$0.00B,$0.89B,0.0,$0.03B,$0.03B,100.00%,$0.03B,$-0.01B,-45.16%,$0.03B,$-0.01B,-45.16%,$0.03B,$-0.01B,-45.16%,$0.03B,$-0.01B,-19.35%,$0.03B,$0.00B,0.00%,$0.00B,$0.89B,0.00%,$0.00B,$0.88B,0.00%,$0.00B,$0.93B,0.00%,$-0.01B,$0.89B,-1.58%,$5,$0,$5,$0,$9,$12,$-6,$11,$4,$-0,$5,$5,$5,$-6,$-6,$24,24,$0.19,$0.19,$320,$175,$0,$511,$0,$401,$3,$12,$416,$927,$36,$0,$0,$4,$40,$0,$-1,$14,$887,$927,$-8,$0,$20,$20,$7,$28,$-24,$-10,$-10,$2,$0,$0,$0,$0,$-2,$-2,$0,$-2,$20,$0,$20,$-12,$-12,$-2,$-0,$5,$5,$3,$-2
6,2017-03-31,35.84,$36.37,0.99,$1.27,28.23,$1.69,21.25,$-0.20,0.0,$0.52B,$0.03B,16.24,$0.00B,$0.88B,0.0,$0.03B,$0.03B,100.00%,$0.03B,$-0.01B,-35.48%,$0.03B,$-0.01B,-35.48%,$0.03B,$-0.01B,-35.48%,$0.03B,$-0.01B,-25.81%,$0.03B,$-0.00B,-12.90%,$-0.00B,$0.88B,-0.47%,$-0.00B,$0.88B,-0.47%,$-0.00B,$0.92B,-0.44%,$-0.01B,$0.88B,-1.29%,$5,$0,$5,$0,$7,$9,$-4,$-17,$-21,$-8,$-13,$-13,$-13,$-4,$-4,$24,24,$-0.55,$-0.55,$308,$193,$0,$516,$0,$396,$3,$2,$402,$918,$32,$0,$0,$4,$36,$0,$-6,$12,$882,$918,$-13,$0,$19,$19,$9,$11,$-26,$-7,$-21,$-14,$0,$0,$0,$0,$-2,$-2,$0,$-2,$10,$0,$10,$-0,$-0,$0,$-0,$10,$-6,$0,$0
7,2016-12-31,32.47,$36.04,0.9,$1.24,26.19,$2.29,14.15,$0.41,79.2,$0.68B,$0.07B,9.16,$0.00B,$0.87B,0.0,$0.03B,$0.03B,100.00%,$0.03B,$-0.01B,-38.71%,$0.03B,$-0.01B,-38.71%,$0.03B,$-0.01B,-38.71%,$0.03B,$0.02B,48.39%,$0.03B,$0.01B,35.48%,$0.01B,$0.87B,1.34%,$0.01B,$0.87B,1.34%,$0.01B,$0.95B,1.26%,$-0.01B,$0.87B,-1.46%,$16,$0,$16,$0,$14,$16,$0,$5,$5,$1,$4,$4,$4,$0,$0,$25,25,$0.15,$0.15,$314,$343,$0,$681,$0,$261,$3,$7,$272,$953,$74,$0,$0,$4,$79,$0,$7,$1,$874,$953,$10,$0,$-9,$-9,$44,$-14,$-15,$-12,$5,$7,$0,$0,$0,$0,$-4,$-4,$0,$-4,$150,$0,$150,$-42,$-42,$-3,$0,$106,$108,$2,$-3
8,2016-09-30,35.05,$35.41,0.99,$0.95,36.9,$0.15,230.91,$0.43,81.52,$0.54B,$0.02B,23.68,$0.00B,$0.90B,0.0,$0.02B,$0.02B,100.00%,$0.02B,$-0.02B,-75.00%,$0.02B,$-0.02B,-75.00%,$0.02B,$-0.02B,-75.00%,$0.02B,$0.02B,62.50%,$0.02B,$0.01B,45.83%,$0.01B,$0.90B,1.39%,$0.01B,$0.90B,1.39%,$0.01B,$0.93B,1.30%,$-0.02B,$0.90B,-2.27%,$5,$0,$5,$0,$8,$10,$-4,$10,$6,$2,$4,$4,$4,$-4,$-4,$25,25,$0.16,$0.16,$402,$106,$0,$539,$0,$379,$3,$3,$386,$925,$23,$0,$0,$4,$27,$0,$6,$-8,$898,$925,$7,$0,$-5,$-5,$38,$83,$-44,$-20,$57,$59,$0,$0,$0,$0,$-3,$-3,$0,$-3,$150,$0,$150,$-7,$-7,$-3,$-0,$140,$197,$2,$-3
