,Date,Stock Price,Book Value per Share,Price to Book Ratio,TTM Sales per Share,Price to Sales Ratio,TTM FCF per Share,Price to FCF Ratio,TTM Net EPS,PE Ratio,Current Assets,Current Liabilities,Current Ratio,Long Term Debt,Shareholder's Equity_x,Debt to Equity Ratio,TTM Revenue_x,TTM Gross Profit,Gross Margin,TTM Revenue_y,TTM Operating Income,Operating Margin,TTM Revenue_x,TTM EBIT,EBIT Margin,TTM Revenue_y,TTM EBITDA,EBITDA Margin,TTM Revenue_x,TTM Pre-Tax Income,Pre-Tax Margin,TTM Revenue_y,TTM Net Income_x,Net Margin,TTM Net Income_y,Shareholder's Equity_y,Return on Equity,TTM Net Income_x,Tangible Equity,Return on Tangible Equity,TTM Net Income_y,Total Assets,Return on Assets,TTM Net Income,LT Investments & Debt,Return on Investment,revenue,cost-goods-sold,gross-profit,research-development-expenses,selling-general-administrative-expenses,operating-expenses,operating-income,total-non-operating-income-expense,pre-tax-income,total-provision-income-taxes,income-after-taxes,income-from-continuous-operations,net-income,ebitda,ebit,basic-shares-outstanding,shares-outstanding,eps-basic-net-earnings-per-share,eps-earnings-per-share-diluted,cash-on-hand,inventory,other-current-assets,total-current-assets,net-property-plant-equipment,long-term-investments,goodwill-intangible-assets-total,other-long-term-assets,total-long-term-assets,total-assets,total-current-liabilities,long-term-debt,other-non-current-liabilities,total-long-term-liabilities,total-liabilities,common-stock-net,retained-earnings-accumulated-deficit,comprehensive-income,total-share-holder-equity,total-liabilities-share-holders-equity,net-income-loss,total-depreciation-amortization-cash-flow,other-non-cash-items,total-non-cash-items,change-in-accounts-receivable,change-in-inventories,change-in-accounts-payable,change-in-assets-liabilities,total-change-in-assets-liabilities,cash-flow-from-operating-activities,net-change-in-property-plant-equipment,net-change-in-intangible-assets,net-acquisitions-divestitures,net-change-in-short-term-investments,net-change-in-long-term-investments,net-change-in-investments-total,investing-activities-other,cash-flow-from-investing-activities,net-long-term-debt,net-current-debt,debt-issuance-retirement-net-total,net-common-equity-issued-repurchased,net-total-equity-issued-repurchased,total-common-preferred-stock-dividends-paid,financial-activities-other,cash-flow-from-financial-activities,net-cash-flow,stock-based-compensation,common-stock-dividends-paid
0,2018-09-30,20.76,$1.79,11.62,$1.67,12.43,$-3.88,0.0,$-2.00,0.0,$0.25B,$0.04B,6.08,$0.00B,$0.22B,0.0,$0.21B,$0.20B,94.23%,$0.21B,$-0.25B,-120.19%,$0.21B,$-0.25B,-120.19%,$0.21B,$-0.25B,-118.75%,$0.21B,$-0.25B,-119.23%,$0.21B,$-0.25B,-119.23%,$-0.25B,$0.22B,-88.02%,$-0.25B,$0.22B,-89.53%,$-0.25B,$0.27B,-75.32%,$-0.25B,$0.22B,-88.73%,$58,$4,$54,$53,$61,$120,$-61,$-0,$-62,$0,$-62,$-62,$-62,$-61,$-61,$125,125,$-0.50,$-0.50,$214,$4,$0,$254,$3,$0,$4,$5,$12,$266,$42,$0,$1,$1,$43,$0,$-1403,$-0,$223,$266,$-180,$2,$63,$65,$-3,$1,$-6,$-5,$-14,$-128,$-2,$0,$0,$122,$-3,$119,$0,$117,$0,$0,$0,$6,$6,$0,$0,$6,$-5,$61,$0
1,2018-06-30,15.27,$2.12,7.21,$1.49,10.22,$-4.38,0.0,$-2.03,0.0,$0.30B,$0.05B,6.12,$0.00B,$0.27B,0.0,$0.19B,$0.18B,94.09%,$0.19B,$-0.26B,-137.10%,$0.19B,$-0.26B,-137.10%,$0.19B,$-0.25B,-134.95%,$0.19B,$-0.25B,-134.95%,$0.19B,$-0.25B,-134.95%,$-0.25B,$0.27B,-78.38%,$-0.25B,$0.26B,-79.68%,$-0.25B,$0.32B,-68.53%,$-0.26B,$0.27B,-79.63%,$57,$4,$54,$47,$69,$121,$-64,$1,$-63,$0,$-63,$-63,$-63,$-63,$-64,$125,125,$-0.51,$-0.51,$257,$5,$0,$301,$3,$0,$5,$6,$14,$315,$49,$0,$1,$1,$50,$0,$-1341,$-1,$265,$315,$-118,$1,$41,$43,$-8,$1,$-6,$-3,$-11,$-86,$-1,$0,$0,$89,$-3,$86,$0,$86,$0,$0,$0,$6,$6,$0,$0,$6,$5,$41,$0
2,2018-03-31,22.47,$2.44,9.22,$1.29,17.46,$-4.76,0.0,$-2.07,0.0,$0.34B,$0.05B,7.38,$0.00B,$0.30B,0.0,$0.16B,$0.15B,93.71%,$0.16B,$-0.26B,-162.89%,$0.16B,$-0.26B,-162.89%,$0.16B,$-0.26B,-161.01%,$0.16B,$-0.26B,-160.38%,$0.16B,$-0.26B,-160.38%,$-0.26B,$0.30B,-71.28%,$-0.26B,$0.30B,-72.39%,$-0.26B,$0.35B,-63.51%,$-0.26B,$0.30B,-72.40%,$49,$2,$47,$39,$61,$104,$-55,$1,$-54,$1,$-54,$-54,$-54,$-54,$-55,$125,125,$-0.44,$-0.44,$298,$6,$0,$340,$3,$0,$5,$3,$11,$351,$46,$0,$1,$1,$47,$0,$-1278,$-1,$304,$351,$-54,$1,$20,$21,$-5,$-0,$-6,$-4,$-12,$-45,$-0,$0,$0,$90,$0,$90,$0,$90,$0,$0,$0,$3,$3,$0,$0,$3,$47,$20,$0
3,2017-12-31,30.11,$2.70,11.17,$1.02,29.49,$-4.97,0.0,$-2.35,0.0,$0.37B,$0.05B,7.62,$0.00B,$0.34B,0.0,$0.13B,$0.12B,92.00%,$0.13B,$-0.29B,-234.40%,$0.13B,$-0.29B,-234.40%,$0.13B,$-0.29B,-232.00%,$0.13B,$-0.29B,-231.20%,$0.13B,$-0.29B,-231.20%,$-0.29B,$0.34B,-72.93%,$-0.29B,$0.33B,-74.06%,$-0.29B,$0.39B,-65.76%,$-0.29B,$0.34B,-73.94%,$44,$2,$41,$43,$67,$114,$-70,$1,$-69,$-0,$-69,$-69,$-69,$-69,$-70,$123,123,$-0.56,$-0.56,$341,$5,$0,$373,$3,$0,$6,$3,$11,$385,$49,$0,$0,$0,$49,$0,$-1224,$-0,$335,$385,$-289,$2,$76,$78,$-11,$-1,$5,$-3,$-6,$-218,$-1,$0,$0,$93,$0,$93,$0,$92,$0,$0,$0,$31,$31,$0,$0,$31,$-94,$76,$0
4,2017-09-30,37.67,$3.07,12.25,$0.77,48.99,$-5.02,0.0,$-2.45,0.0,$0.40B,$0.04B,11.12,$0.00B,$0.38B,0.0,$0.09B,$0.08B,90.32%,$0.09B,$-0.30B,-323.66%,$0.09B,$-0.30B,-323.66%,$0.09B,$-0.30B,-321.51%,$0.09B,$-0.30B,-319.35%,$0.09B,$-0.30B,-321.51%,$-0.30B,$0.38B,-67.65%,$-0.30B,$0.37B,-68.66%,$-0.30B,$0.41B,-61.84%,$-0.30B,$0.38B,-68.06%,$36,$2,$33,$36,$62,$101,$-66,$1,$-65,$1,$-65,$-65,$-65,$-65,$-66,$122,122,$-0.53,$-0.53,$367,$6,$0,$402,$3,$0,$6,$3,$12,$414,$36,$0,$0,$0,$36,$0,$-1155,$-0,$377,$414,$-221,$2,$54,$55,$-8,$-2,$-1,$-9,$-23,$-188,$-1,$0,$0,$111,$0,$111,$0,$111,$0,$0,$0,$26,$26,$0,$0,$26,$-51,$54,$0
5,2017-06-30,27.89,$3.39,8.22,$0.52,53.3,$-4.74,0.0,$-2.53,0.0,$0.44B,$0.04B,10.85,$0.00B,$0.42B,0.0,$0.06B,$0.06B,88.71%,$0.06B,$-0.31B,-495.16%,$0.06B,$-0.31B,-495.16%,$0.06B,$-0.31B,-491.94%,$0.06B,$-0.30B,-490.32%,$0.06B,$-0.31B,-493.55%,$-0.31B,$0.42B,-62.16%,$-0.31B,$0.41B,-63.03%,$-0.31B,$0.46B,-57.28%,$-0.31B,$0.42B,-62.34%,$30,$2,$28,$34,$61,$99,$-68,$1,$-67,$0,$-67,$-67,$-67,$-68,$-68,$122,122,$-0.55,$-0.55,$417,$6,$0,$444,$3,$0,$6,$3,$13,$456,$41,$0,$0,$0,$41,$0,$-1090,$-0,$415,$456,$-155,$1,$34,$35,$-6,$-2,$-0,$-2,$-9,$-129,$-1,$0,$0,$92,$0,$92,$0,$91,$0,$0,$0,$19,$19,$0,$0,$19,$-20,$34,$0
6,2017-03-31,34.38,$3.75,9.17,$0.27,125.2,$-4.55,0.0,$-2.61,0.0,$0.49B,$0.05B,10.82,$0.00B,$0.46B,0.0,$0.03B,$0.03B,84.38%,$0.03B,$-0.31B,-971.88%,$0.03B,$-0.31B,-971.88%,$0.03B,$-0.31B,-962.50%,$0.03B,$-0.31B,-962.50%,$0.03B,$-0.31B,-968.75%,$-0.31B,$0.46B,-63.17%,$-0.31B,$0.45B,-64.12%,$-0.31B,$0.50B,-58.52%,$-0.31B,$0.46B,-63.34%,$15,$2,$13,$35,$66,$104,$-89,$1,$-88,$0,$-88,$-88,$-88,$-88,$-89,$122,122,$-0.72,$-0.72,$469,$4,$0,$490,$3,$0,$7,$3,$13,$503,$45,$0,$0,$0,$45,$0,$-1022,$0,$458,$503,$-88,$1,$16,$16,$-2,$0,$-2,$2,$1,$-71,$-0,$0,$0,$53,$0,$53,$0,$53,$0,$0,$0,$11,$11,$0,$0,$11,$-6,$16,$0
7,2016-12-31,28.84,$4.27,6.75,$0.15,193.59,$-4.34,0.0,$-2.34,0.0,$0.55B,$0.04B,12.87,$0.00B,$0.52B,0.0,$0.02B,$0.01B,82.35%,$0.02B,$-0.27B,-1600.00%,$0.02B,$-0.27B,-1600.00%,$0.02B,$-0.27B,-1588.24%,$0.02B,$-0.27B,-1588.24%,$0.02B,$-0.27B,-1600.00%,$-0.27B,$0.52B,-55.79%,$-0.27B,$0.51B,-56.43%,$-0.27B,$0.56B,-52.23%,$-0.27B,$0.52B,-55.77%,$12,$2,$10,$30,$58,$90,$-78,$1,$-77,$0,$-79,$-79,$-79,$-78,$-78,$116,116,$-0.65,$-0.65,$529,$4,$0,$548,$3,$0,$7,$3,$13,$561,$43,$0,$0,$0,$43,$0,$-934,$0,$518,$561,$-271,$2,$55,$57,$-6,$-3,$2,$-4,$4,$-210,$-2,$-8,$0,$-252,$0,$-252,$0,$-262,$0,$0,$0,$519,$519,$0,$14,$534,$61,$55,$0
8,2016-09-30,31.81,$4.77,6.66,$0.05,693.09,$-3.74,0.0,$-2.14,0.0,$0.60B,$0.04B,15.42,$0.00B,$0.58B,0.0,$0.01B,$0.00B,80.00%,$0.01B,$-0.24B,-4800.00%,$0.01B,$-0.24B,-4800.00%,$0.01B,$-0.24B,-4760.00%,$0.01B,$-0.24B,-4760.00%,$0.01B,$-0.24B,-4780.00%,$-0.24B,$0.58B,-58.58%,$-0.24B,$0.57B,-59.12%,$-0.24B,$0.62B,-54.82%,$-0.24B,$0.58B,-58.82%,$5,$1,$4,$26,$51,$78,$-72,$1,$-72,$0,$-72,$-72,$-72,$-71,$-72,$117,117,$-0.61,$-0.61,$589,$4,$0,$603,$3,$0,$7,$3,$14,$617,$39,$0,$0,$0,$39,$0,$-855,$1,$578,$617,$-193,$1,$40,$41,$-4,$-4,$1,$-3,$4,$-147,$-1,$-8,$0,$-322,$0,$-322,$0,$-331,$0,$0,$0,$516,$516,$0,$14,$530,$52,$40,$0
9,2016-06-30,32.46,$3.60,9.03,$0.00,0.0,$-3.36,0.0,$-1.92,0.0,$0.42B,$0.03B,14.61,$0.00B,$0.41B,0.0,$0.00B,0,nan%,$0.00B,$-0.21B,inf%,$0.00B,$-0.21B,inf%,$0.00B,$-0.21B,inf%,$0.00B,$-0.21B,inf%,$0.00B,$-0.21B,inf%,$-0.21B,$0.41B,-64.32%,$-0.21B,$0.40B,-64.73%,$-0.21B,$0.44B,-60.06%,$-0.21B,$0.41B,-64.59%,$0,$1,$-0,$20,$51,$72,$-72,$1,$-71,$0,$-71,$-71,$-71,$-71,$-72,$113,113,$-0.63,$-0.63,$413,$3,$0,$424,$3,$0,$8,$3,$14,$438,$29,$0,$0,$0,$29,$0,$-784,$0,$409,$438,$-121,$0,$26,$26,$-0,$-3,$-1,$-7,$-3,$-98,$-1,$-8,$0,$-167,$0,$-167,$0,$-176,$0,$0,$0,$289,$289,$0,$14,$304,$30,$26,$0
10,2016-03-31,27.96,$3.95,7.08,$0.00,0.0,$-3.05,0.0,$-1.68,0.0,$0.46B,$0.02B,21.89,$0.00B,$0.45B,0.0,$0.00B,0,nan%,$0.00B,$-0.17B,inf%,$0.00B,$-0.17B,inf%,$0.00B,$-0.18B,inf%,$0.00B,$-0.17B,inf%,$0.00B,$-0.17B,inf%,$-0.17B,$0.45B,-61.70%,$-0.17B,$0.45B,-61.70%,$-0.17B,$0.47B,-57.52%,$-0.17B,$0.45B,-61.65%,$0,$0,$0,$23,$27,$50,$-50,$1,$-50,$0,$-50,$-50,$-50,$-50,$-50,$111,111,$-0.45,$-0.45,$457,$0,$0,$462,$3,$0,$0,$2,$4,$467,$21,$0,$0,$0,$21,$0,$-712,$0,$445,$467,$-50,$-0,$12,$12,$0,$0,$-0,$-2,$-3,$-41,$-0,$0,$0,$-168,$0,$-168,$0,$-169,$0,$0,$0,$283,$283,$0,$0,$283,$73,$12,$0
11,2015-12-31,35.65,$1.96,18.19,$0.00,0.0,$-2.94,0.0,$-1.63,0.0,$0.22B,$0.02B,10.0,$0.00B,$0.20B,0.0,$0.00B,0,nan%,$0.00B,$-0.17B,inf%,$0.00B,$-0.17B,inf%,$0.00B,$-0.17B,inf%,$0.00B,$-0.16B,inf%,$0.00B,$-0.16B,inf%,$-0.16B,$0.20B,-67.77%,$-0.16B,$0.20B,-67.77%,$-0.16B,$0.22B,-62.78%,$-0.17B,$0.20B,-68.11%,$0,$0,$0,$20,$23,$46,$-46,$0,$-45,$0,$-46,$-46,$-46,$-46,$-46,$101,101,$-0.45,$-0.45,$215,$0,$0,$219,$2,$0,$0,$1,$3,$222,$22,$0,$0,$0,$22,$0,$-663,$0,$200,$222,$-164,$-1,$40,$39,$0,$0,$-0,$-2,$4,$-122,$-2,$0,$0,$150,$0,$150,$0,$148,$0,$0,$0,$15,$15,$0,$-0,$15,$40,$40,$0
12,2015-09-30,33.05,$2.25,14.67,$0.00,0.0,$-2.40,0.0,$-1.46,0.0,$0.24B,$0.02B,13.69,$0.00B,$0.23B,0.0,$0.00B,0,nan%,$0.00B,$-0.15B,inf%,$0.00B,$-0.15B,inf%,$0.00B,$-0.15B,inf%,$0.00B,$-0.15B,inf%,$0.00B,$-0.15B,inf%,$-0.15B,$0.23B,-54.22%,$-0.15B,$0.23B,-54.22%,$-0.15B,$0.25B,-50.87%,$-0.15B,$0.23B,-54.92%,$0,$0,$0,$19,$20,$39,$-39,$0,$-39,$0,$-39,$-39,$-39,$-40,$-39,$101,101,$-0.39,$-0.39,$241,$0,$0,$243,$2,$0,$0,$0,$2,$245,$18,$0,$0,$0,$18,$0,$-617,$0,$227,$245,$-119,$-1,$31,$30,$0,$0,$0,$-0,$2,$-87,$-2,$0,$0,$93,$0,$93,$0,$91,$0,$0,$0,$5,$5,$0,$0,$5,$9,$31,$0
13,2015-06-30,41.88,$2.54,16.46,$0.00,0.0,$-2.00,0.0,$-1.32,0.0,$0.27B,$0.02B,14.11,$0.00B,$0.26B,0.0,$0.00B,0,nan%,$0.00B,$-0.13B,inf%,$0.00B,$-0.13B,inf%,$0.00B,$-0.13B,inf%,$0.00B,$-0.13B,inf%,$0.00B,$-0.13B,inf%,$-0.13B,$0.26B,-44.75%,$-0.13B,$0.26B,-44.75%,$-0.13B,$0.28B,-42.41%,$-0.13B,$0.26B,-45.39%,$0,$0,$0,$18,$21,$39,$-39,$0,$-39,$0,$-39,$-39,$-39,$-40,$-39,$100,100,$-0.39,$-0.39,$271,$0,$0,$273,$2,$0,$0,$0,$2,$276,$19,$0,$0,$0,$20,$0,$-578,$0,$256,$276,$-80,$-1,$22,$21,$0,$0,$1,$-0,$3,$-55,$-2,$0,$0,$84,$0,$84,$0,$83,$0,$0,$0,$4,$4,$0,$0,$4,$31,$22,$0
14,2015-03-31,32.59,$2.84,11.46,$0.00,0.0,$-1.75,0.0,$-1.15,0.0,$0.30B,$0.02B,18.01,$0.00B,$0.29B,0.0,$0.00B,0,nan%,$0.00B,$-0.12B,inf%,$0.00B,$-0.12B,inf%,$0.00B,$-0.12B,inf%,$0.00B,$-0.11B,inf%,$0.00B,$-0.11B,inf%,$-0.11B,$0.29B,-35.79%,$-0.11B,$0.29B,-35.79%,$-0.11B,$0.30B,-34.34%,$-0.12B,$0.29B,-36.71%,$0,$0,$0,$16,$24,$41,$-41,$0,$-40,$0,$-40,$-40,$-40,$-41,$-41,$100,100,$-0.40,$-0.40,$298,$0,$0,$300,$2,$0,$0,$0,$2,$302,$17,$0,$0,$0,$17,$0,$-539,$0,$285,$302,$-40,$-0,$15,$14,$0,$0,$0,$0,$1,$-25,$-1,$0,$0,$39,$0,$39,$0,$38,$0,$0,$0,$1,$1,$0,$0,$1,$15,$15,$0
15,2014-12-31,31.75,$3.09,10.26,$0.00,0.0,$-1.64,0.0,$-0.94,0.0,$0.33B,$0.02B,20.5,$0.00B,$0.31B,0.0,$0.00B,0,nan%,$0.00B,$-0.09B,inf%,$0.00B,$-0.09B,inf%,$0.00B,$-0.09B,inf%,$0.00B,$-0.09B,inf%,$0.00B,$-0.09B,inf%,$-0.09B,$0.31B,-27.18%,$-0.09B,$0.31B,-27.18%,$-0.09B,$0.33B,-26.29%,$-0.09B,$0.31B,-27.75%,$0,$0,$0,$18,$10,$29,$-29,$0,$-28,$0,$-28,$-28,$-28,$-28,$-29,$97,97,$-0.29,$-0.29,$322,$0,$0,$325,$1,$0,$0,$0,$1,$325,$16,$0,$0,$0,$16,$0,$-498,$-0,$309,$325,$-92,$1,$16,$17,$0,$0,$2,$0,$9,$-66,$-0,$0,$0,$-87,$0,$-87,$0,$-87,$0,$0,$0,$204,$204,$0,$0,$204,$50,$16,$0
16,2014-09-30,24.76,$3.31,7.47,$0.00,0.0,$-1.33,0.0,$-0.79,0.0,$0.34B,$0.01B,30.31,$0.00B,$0.33B,0.0,$0.00B,0,nan%,$0.00B,$-0.08B,inf%,$0.00B,$-0.08B,inf%,$0.00B,$-0.08B,inf%,$0.00B,$-0.08B,inf%,$0.00B,$-0.08B,inf%,$-0.08B,$0.33B,-24.78%,$-0.08B,$0.33B,-24.78%,$-0.08B,$0.34B,-24.05%,$-0.08B,$0.33B,-25.08%,$0,$0,$0,$17,$8,$25,$-25,$0,$-25,$0,$-25,$-25,$-25,$-25,$-25,$99,99,$-0.25,$-0.25,$338,$0,$0,$341,$1,$0,$0,$0,$1,$342,$11,$0,$0,$0,$11,$0,$-470,$0,$330,$342,$-64,$0,$11,$12,$0,$0,$1,$-1,$4,$-49,$-0,$0,$0,$-128,$0,$-128,$0,$-128,$0,$0,$0,$201,$201,$0,$0,$201,$25,$11,$0
17,2014-06-30,22.59,$3.53,6.41,$0.00,0.0,$-1.09,0.0,$-0.66,0.0,$0.36B,$0.01B,38.43,$0.00B,$0.35B,0.0,$0.00B,0,nan%,$0.00B,$-0.06B,inf%,$0.00B,$-0.06B,inf%,$0.00B,$-0.06B,inf%,$0.00B,$-0.06B,inf%,$0.00B,$-0.06B,inf%,$-0.06B,$0.35B,-23.01%,$-0.06B,$0.35B,-23.01%,$-0.06B,$0.36B,-22.12%,$-0.06B,$0.35B,-23.38%,$0,$0,$0,$14,$8,$22,$-22,$0,$-21,$0,$-21,$-21,$-21,$-22,$-22,$99,99,$-0.22,$-0.22,$354,$0,$0,$359,$1,$0,$0,$0,$1,$359,$9,$0,$0,$0,$9,$0,$-445,$0,$350,$359,$-39,$0,$7,$8,$0,$0,$1,$-2,$1,$-31,$-0,$0,$0,$-167,$0,$-167,$0,$-167,$0,$0,$0,$200,$200,$0,$0,$200,$2,$7,$0
18,2014-03-31,24.33,$3.70,6.58,$0.01,0.0,$-0.92,0.0,$-0.55,0.0,$0.37B,$0.01B,46.41,$0.00B,$0.37B,0.0,$0.00B,0,nan%,$0.00B,$-0.05B,inf%,$0.00B,$-0.05B,inf%,$0.00B,$-0.05B,inf%,$0.00B,$-0.05B,inf%,$0.00B,$-0.05B,inf%,$-0.05B,$0.37B,-22.00%,$-0.05B,$0.37B,-22.00%,$-0.05B,$0.37B,-20.64%,$-0.05B,$0.37B,-22.00%,$0,$0,$0,$12,$6,$18,$-18,$0,$-18,$0,$-18,$-18,$-18,$-18,$-18,$93,93,$-0.19,$-0.19,$369,$0,$0,$373,$1,$0,$0,$0,$1,$374,$8,$0,$0,$0,$8,$0,$-423,$0,$365,$374,$-18,$0,$3,$4,$0,$0,$1,$-1,$0,$-14,$-0,$0,$0,$-99,$0,$-99,$0,$-99,$0,$0,$0,$198,$198,$0,$0,$198,$85,$3,$0
19,2013-12-31,24.99,$2.00,12.5,$0.01,1808.84,$-0.85,0.0,$-0.44,0.0,$0.19B,$0.01B,26.99,$0.00B,$0.18B,0.0,$0.00B,0,nan%,$0.00B,$-0.04B,inf%,$0.00B,$-0.04B,inf%,$0.00B,$-0.04B,inf%,$0.00B,$-0.04B,inf%,$0.00B,$-0.04B,inf%,$-0.04B,$0.18B,-24.36%,$-0.04B,$0.18B,-24.36%,$-0.04B,$0.19B,-21.78%,$-0.04B,$0.18B,-24.36%,$0,$0,$0,$8,$4,$12,$-12,$0,$-12,$0,$-12,$-12,$-12,$-12,$-12,$86,86,$-0.13,$-0.13,$186,$0,$0,$188,$1,$0,$0,$0,$1,$189,$7,$0,$0,$0,$7,$0,$-406,$0,$182,$189,$-38,$2,$6,$7,$0,$0,$-1,$-3,$-1,$-32,$-1,$0,$0,$-125,$0,$-125,$0,$-126,$0,$0,$0,$112,$112,$0,$0,$112,$-46,$6,$0
20,2013-09-30,27.47,$2.03,13.52,$0.02,1354.64,$-0.86,0.0,$-0.42,0.0,$0.20B,$0.01B,25.25,$0.00B,$0.18B,0.0,$0.00B,0,nan%,$0.00B,$-0.03B,inf%,$0.00B,$-0.03B,inf%,$0.00B,$-0.03B,inf%,$0.00B,$-0.03B,inf%,$0.00B,$-0.03B,inf%,$-0.03B,$0.18B,-25.05%,$-0.03B,$0.18B,-25.05%,$-0.03B,$0.20B,-21.36%,$-0.03B,$0.18B,-25.05%,$0,$0,$0,$7,$4,$11,$-11,$0,$-11,$0,$-11,$-11,$-11,$-10,$-11,$90,90,$-0.12,$-0.12,$196,$0,$0,$199,$0,$0,$0,$0,$1,$199,$8,$0,$11,$11,$19,$0,$-394,$0,$181,$199,$-26,$1,$4,$5,$0,$0,$-0,$-2,$-0,$-22,$-0,$0,$0,$-135,$0,$-135,$0,$-136,$0,$0,$0,$111,$111,$0,$0,$111,$-46,$4,$0
21,2013-06-30,18.15,$2.18,8.34,$0.08,221.04,$-0.90,0.0,$-0.34,0.0,$0.21B,$0.01B,26.59,$0.00B,$0.18B,0.0,$0.00B,$0.00B,100.00%,$0.00B,$-0.02B,-800.00%,$0.00B,$-0.02B,-800.00%,$0.00B,$-0.02B,-800.00%,$0.00B,$-0.02B,-800.00%,$0.00B,$-0.02B,-800.00%,$-0.02B,$0.18B,-26.37%,$-0.02B,$0.18B,-26.37%,$-0.02B,$0.21B,-21.67%,$-0.02B,$0.18B,-26.37%,$0,$0,$0,$7,$2,$10,$-9,$0,$-9,$0,$-9,$-9,$-9,$-9,$-9,$83,83,$-0.11,$-0.11,$205,$0,$0,$207,$0,$0,$0,$0,$0,$207,$8,$0,$18,$18,$25,$0,$-383,$-0,$181,$207,$-15,$0,$2,$2,$0,$0,$-0,$-1,$1,$-12,$-0,$0,$0,$-132,$0,$-132,$0,$-132,$0,$0,$0,$110,$110,$0,$0,$110,$-34,$2,$0
22,2013-03-31,7.94,$1.08,7.32,$0.09,90.21,$-0.94,0.0,$-0.33,0.0,$0.10B,$0.01B,18.08,$0.00B,$0.08B,0.0,$0.00B,$0.00B,100.00%,$0.00B,$-0.02B,-500.00%,$0.00B,$-0.02B,-500.00%,$0.00B,$-0.02B,-525.00%,$0.00B,$-0.02B,-500.00%,$0.00B,$-0.02B,-500.00%,$-0.02B,$0.08B,-40.82%,$-0.02B,$0.08B,-40.82%,$-0.02B,$0.10B,-31.01%,$-0.02B,$0.08B,-40.82%,$0,$0,$0,$4,$2,$7,$-6,$0,$-6,$0,$-6,$-6,$-6,$-6,$-6,$79,79,$-0.08,$-0.08,$101,$0,$0,$103,$0,$0,$0,$0,$0,$103,$6,$0,$18,$18,$23,$0,$-374,$0,$80,$103,$-6,$0,$1,$1,$0,$0,$0,$-1,$-1,$-7,$0,$0,$0,$-33,$0,$-33,$0,$-33,$0,$0,$0,$0,$0,$0,$0,$0,$-39,$1,$0
23,2012-12-31,4.65,$1.16,4.01,$0.09,50.97,$-0.95,0.0,$-0.37,0.0,$0.11B,$0.01B,18.25,$0.00B,$0.09B,0.0,$0.00B,$0.00B,100.00%,$0.00B,$-0.02B,-500.00%,$0.00B,$-0.02B,-500.00%,$0.00B,$-0.02B,-525.00%,$0.00B,$-0.02B,-500.00%,$0.00B,$-0.02B,-500.00%,$-0.02B,$0.09B,-59.70%,$-0.02B,$0.09B,-59.70%,$-0.02B,$0.11B,-43.96%,$-0.02B,$0.09B,-59.70%,$0,$0,$0,$5,$2,$7,$-7,$0,$-7,$0,$-7,$-7,$-7,$-7,$-7,$55,55,$-0.12,$-0.12,$108,$0,$0,$109,$0,$0,$0,$0,$0,$109,$6,$0,$18,$18,$24,$0,$-368,$0,$85,$109,$-21,$-0,$2,$2,$0,$0,$-1,$-2,$-2,$-22,$0,$0,$0,$-26,$0,$-26,$0,$-26,$-0,$0,$-0,$98,$98,$0,$0,$98,$51,$2,$0
24,2012-09-30,2.53,$0.31,8.11,$0.10,26.46,$-0.95,0.0,$-0.36,0.0,$0.02B,$0.01B,3.89,$0.00B,$0.02B,0.0,$0.01B,$0.01B,100.00%,$0.01B,$-0.02B,-360.00%,$0.01B,$-0.02B,-360.00%,$0.01B,$-0.02B,-380.00%,$0.01B,$-0.02B,-360.00%,$0.01B,$-0.02B,-360.00%,$-0.02B,$0.02B,-100.00%,$-0.02B,$0.02B,-100.00%,$-0.02B,$0.02B,-68.57%,$-0.02B,$0.02B,-100.00%,$3,$0,$3,$4,$1,$6,$-2,$0,$-2,$0,$-2,$-2,$-2,$-2,$-2,$54,54,$-0.04,$-0.04,$23,$0,$0,$24,$0,$0,$0,$0,$0,$24,$6,$0,$0,$0,$6,$0,$-361,$0,$18,$24,$-14,$-0,$1,$1,$0,$0,$-1,$-3,$-2,$-15,$0,$0,$0,$9,$0,$9,$0,$10,$-0,$0,$-0,$7,$7,$0,$0,$7,$1,$1,$0
25,2012-06-30,1.76,$0.24,7.35,$0.04,41.76,$-0.94,0.0,$-0.42,0.0,$0.02B,$0.01B,3.22,$0.00B,$0.01B,0.0,$0.00B,$0.00B,100.00%,$0.00B,$-0.02B,-700.00%,$0.00B,$-0.02B,-700.00%,$0.00B,$-0.02B,-733.33%,$0.00B,$-0.02B,-700.00%,$0.00B,$-0.02B,-700.00%,$-0.02B,$0.01B,-102.44%,$-0.02B,$0.01B,-102.44%,$-0.02B,$0.02B,-71.19%,$-0.02B,$0.01B,-102.44%,$1,$0,$1,$4,$2,$6,$-5,$0,$-5,$0,$-5,$-5,$-5,$-6,$-5,$53,53,$-0.10,$-0.10,$21,$0,$0,$22,$0,$0,$0,$0,$0,$22,$7,$0,$0,$2,$9,$0,$-359,$0,$13,$22,$-12,$-0,$1,$1,$0,$0,$-1,$0,$1,$-10,$0,$0,$0,$12,$0,$12,$0,$12,$-0,$0,$-0,$0,$0,$0,$0,$0,$2,$1,$0
26,2012-03-31,2.15,$0.33,6.47,$0.04,54.34,$-0.95,0.0,$-0.44,0.0,$0.03B,$0.01B,4.1,$0.00B,$0.02B,0.0,$0.00B,$0.00B,100.00%,$0.00B,$-0.02B,-1150.00%,$0.00B,$-0.02B,-1150.00%,$0.00B,$-0.02B,-1100.00%,$0.00B,$-0.02B,-1150.00%,$0.00B,$-0.02B,-1150.00%,$-0.02B,$0.02B,-90.20%,$-0.02B,$0.02B,-90.20%,$-0.02B,$0.03B,-67.15%,$-0.02B,$0.02B,-90.20%,$0,$0,$0,$5,$2,$7,$-6,$0,$-6,$0,$-6,$-6,$-6,$-6,$-6,$53,53,$-0.12,$-0.12,$26,$0,$0,$26,$0,$0,$0,$0,$0,$27,$6,$0,$0,$3,$9,$0,$-353,$0,$18,$27,$-6,$-0,$0,$0,$0,$0,$-1,$0,$1,$-5,$0,$0,$0,$4,$0,$4,$0,$4,$-0,$0,$-0,$0,$0,$0,$0,$0,$-1,$0,$0
27,2011-12-31,1.08,$0.44,2.45,$0.04,27.21,$-0.96,0.0,$-0.44,0.0,$0.03B,$0.01B,5.18,$0.00B,$0.02B,0.0,$0.00B,$0.00B,100.00%,$0.00B,$-0.02B,-1150.00%,$0.00B,$-0.02B,-1150.00%,$0.00B,$-0.02B,-1100.00%,$0.00B,$-0.02B,-1150.00%,$0.00B,$-0.02B,-1150.00%,$-0.02B,$0.02B,-75.41%,$-0.02B,$0.02B,-75.41%,$-0.02B,$0.03B,-58.60%,$-0.02B,$0.02B,-75.41%,$1,$0,$1,$4,$1,$6,$-5,$0,$-5,$0,$-5,$-5,$-5,$-5,$-5,$52,52,$-0.10,$-0.10,$31,$0,$0,$32,$0,$0,$0,$0,$0,$32,$6,$0,$0,$3,$9,$0,$-347,$0,$23,$32,$-23,$0,$2,$3,$0,$0,$-0,$-0,$0,$-20,$-0,$0,$0,$6,$0,$6,$0,$6,$-0,$0,$-0,$14,$14,$0,$0,$14,$0,$2,$0
28,2011-09-30,1.08,$0.53,2.03,$0.94,1.15,$-0.85,0.0,$0.40,2.7,$0.04B,$0.01B,5.74,$0.00B,$0.03B,0.0,$0.04B,$0.04B,100.00%,$0.04B,$0.01B,30.56%,$0.04B,$0.01B,30.56%,$0.04B,$0.01B,33.33%,$0.04B,$0.01B,30.56%,$0.04B,$0.01B,30.56%,$0.01B,$0.03B,34.11%,$0.01B,$0.03B,34.11%,$0.01B,$0.04B,26.99%,$0.01B,$0.03B,34.11%,$1,$0,$1,$4,$2,$6,$-5,$0,$-5,$0,$-5,$-5,$-5,$-5,$-5,$53,53,$-0.10,$-0.10,$36,$0,$0,$37,$0,$0,$0,$0,$0,$37,$6,$0,$0,$2,$9,$0,$-342,$0,$28,$37,$-17,$0,$2,$2,$0,$0,$-1,$-0,$0,$-15,$-0,$0,$0,$2,$0,$2,$0,$2,$-0,$0,$-0,$14,$14,$0,$0,$14,$1,$1,$0
29,2011-06-30,1.63,$0.62,2.62,$0.99,1.64,$-0.97,0.0,$0.39,4.18,$0.04B,$0.01B,6.9,$0.00B,$0.03B,0.0,$0.04B,$0.04B,100.00%,$0.04B,$0.01B,32.43%,$0.04B,$0.01B,32.43%,$0.04B,$0.01B,35.14%,$0.04B,$0.01B,32.43%,$0.04B,$0.01B,32.43%,$0.01B,$0.03B,47.52%,$0.01B,$0.03B,47.52%,$0.01B,$0.04B,29.63%,$0.01B,$0.03B,47.52%,$0,$0,$0,$4,$3,$7,$-7,$0,$-7,$0,$-7,$-7,$-7,$-6,$-7,$53,53,$-0.12,$-0.12,$40,$0,$0,$41,$0,$0,$0,$0,$0,$41,$6,$0,$0,$3,$8,$0,$-336,$0,$33,$41,$-12,$0,$2,$2,$0,$0,$-1,$0,$-0,$-10,$0,$0,$0,$-2,$0,$-2,$0,$-2,$-0,$0,$-0,$14,$14,$0,$0,$14,$1,$1,$0
30,2011-03-31,1.62,$0.73,2.21,$1.04,1.55,$-1.10,0.0,$0.40,4.05,$0.05B,$0.01B,7.58,$0.00B,$0.04B,0.0,$0.04B,$0.04B,100.00%,$0.04B,$0.02B,38.46%,$0.04B,$0.02B,38.46%,$0.04B,$0.02B,38.46%,$0.04B,$0.02B,38.46%,$0.04B,$0.02B,38.46%,$0.02B,$0.04B,84.51%,$0.02B,$0.04B,84.51%,$0.02B,$0.05B,37.50%,$0.02B,$0.04B,84.51%,$0,$0,$0,$4,$2,$6,$-6,$0,$-6,$0,$-6,$-6,$-6,$-6,$-6,$50,50,$-0.12,$-0.12,$46,$0,$0,$47,$0,$0,$0,$0,$0,$47,$6,$0,$0,$3,$9,$0,$-330,$1,$38,$47,$-6,$0,$0,$1,$0,$0,$-1,$-0,$0,$-5,$0,$0,$0,$-9,$0,$-9,$0,$-9,$-0,$0,$-0,$14,$14,$0,$0,$14,$-0,$0,$0
31,2010-12-31,1.2,$0.75,1.59,$1.09,1.1,$-1.17,0.0,$0.38,3.16,$0.04B,$0.01B,6.35,$0.00B,$0.03B,0.0,$0.04B,$0.04B,100.00%,$0.04B,$0.02B,39.02%,$0.04B,$0.02B,39.02%,$0.04B,$0.02B,39.02%,$0.04B,$0.02B,39.02%,$0.04B,$0.02B,39.02%,$0.02B,$0.03B,160.00%,$0.02B,$0.03B,160.00%,$0.02B,$0.04B,41.03%,$0.02B,$0.03B,160.00%,$35,$0,$35,$5,$2,$6,$29,$0,$29,$0,$29,$29,$29,$29,$29,$39,39,$0.75,$0.75,$37,$0,$0,$38,$0,$0,$0,$0,$1,$38,$6,$0,$0,$3,$9,$0,$-324,$1,$30,$38,$15,$0,$1,$2,$0,$0,$-1,$-25,$-28,$-11,$0,$0,$0,$-1,$0,$-1,$0,$-1,$-0,$0,$-0,$1,$1,$0,$0,$0,$-11,$2,$0
32,2010-09-30,0.91,$-0.00,-202.49,$0.22,4.09,$-1.26,0.0,$-0.59,0.0,$0.04B,$0.01B,2.66,$0.00B,$0.00B,-0.24,$0.01B,$0.01B,100.00%,$0.01B,$-0.02B,-275.00%,$0.01B,$-0.02B,-275.00%,$0.01B,$-0.02B,-262.50%,$0.01B,$-0.02B,-275.00%,$0.01B,$-0.02B,-275.00%,$-0.02B,$0.00B,-400.00%,$-0.02B,$0.00B,-400.00%,$-0.02B,$0.04B,-52.38%,$-0.02B,$0.00B,-400.00%,$2,$0,$2,$5,$2,$7,$-4,$0,$-4,$0,$-4,$-4,$-4,$-4,$-4,$38,38,$-0.11,$-0.11,$32,$0,$0,$35,$1,$0,$0,$0,$1,$36,$13,$0,$0,$23,$36,$0,$-353,$1,$-0,$36,$-14,$0,$1,$1,$0,$0,$-0,$-1,$-3,$-15,$0,$0,$0,$7,$0,$7,$0,$7,$-0,$0,$-0,$0,$0,$0,$0,$0,$-8,$1,$0
33,2010-06-30,1.09,$0.08,13.26,$0.23,4.78,$-1.00,0.0,$-0.71,0.0,$0.04B,$0.01B,2.95,$0.00B,$0.00B,0.02,$0.01B,$0.01B,100.00%,$0.01B,$-0.03B,-337.50%,$0.01B,$-0.03B,-337.50%,$0.01B,$-0.03B,-325.00%,$0.01B,$-0.03B,-337.50%,$0.01B,$-0.03B,-337.50%,$-0.03B,$0.00B,-263.41%,$-0.03B,$0.00B,-263.41%,$-0.03B,$0.04B,-56.84%,$-0.03B,$0.00B,-166.15%,$2,$0,$2,$5,$2,$7,$-4,$0,$-4,$0,$-4,$-4,$-4,$-4,$-4,$38,38,$-0.11,$-0.11,$34,$0,$0,$38,$1,$0,$0,$0,$1,$39,$13,$0,$0,$23,$36,$0,$-349,$0,$3,$39,$-10,$0,$1,$1,$0,$0,$-1,$-2,$-4,$-13,$0,$0,$0,$4,$0,$4,$0,$4,$-0,$0,$-0,$0,$0,$0,$0,$-0,$-9,$1,$0
34,2010-03-31,1.51,$0.19,8.15,$0.22,6.96,$-0.49,0.0,$-0.94,0.0,$0.04B,$0.01B,3.12,$0.00B,$0.01B,0.01,$0.01B,$0.01B,100.00%,$0.01B,$-0.04B,-450.00%,$0.01B,$-0.04B,-450.00%,$0.01B,$-0.04B,-437.50%,$0.01B,$-0.04B,-450.00%,$0.01B,$-0.04B,-450.00%,$-0.04B,$0.01B,-225.00%,$-0.04B,$0.01B,-225.00%,$-0.04B,$0.04B,-65.16%,$-0.04B,$0.01B,-161.80%,$2,$0,$2,$6,$2,$8,$-5,$0,$-5,$0,$-5,$-5,$-5,$-5,$-5,$38,38,$-0.14,$-0.14,$41,$0,$0,$42,$1,$0,$0,$0,$1,$43,$14,$0,$0,$23,$36,$0,$-345,$0,$7,$43,$-5,$0,$0,$1,$0,$0,$-1,$-0,$-2,$-6,$0,$0,$0,$7,$0,$7,$0,$7,$-0,$0,$-0,$0,$0,$0,$0,$-0,$-0,$0,$0
35,2009-12-31,1.32,$0.32,4.18,$0.17,7.7,$-0.68,0.0,$-1.20,0.0,$0.05B,$0.02B,3.3,$0.00B,$0.01B,0.01,$0.01B,$0.01B,100.00%,$0.01B,$-0.05B,-766.67%,$0.01B,$-0.05B,-766.67%,$0.01B,$-0.05B,-750.00%,$0.01B,$-0.05B,-766.67%,$0.01B,$-0.05B,-766.67%,$-0.05B,$0.01B,-193.68%,$-0.05B,$0.01B,-193.68%,$-0.05B,$0.05B,-80.70%,$-0.05B,$0.01B,-152.07%,$2,$0,$2,$8,$3,$10,$-9,$0,$-9,$0,$-9,$-9,$-9,$-8,$-9,$37,37,$-0.23,$-0.23,$47,$0,$0,$48,$1,$0,$0,$0,$1,$50,$15,$0,$0,$23,$38,$0,$-339,$0,$12,$50,$-45,$1,$2,$4,$0,$0,$1,$29,$28,$-14,$-0,$0,$0,$9,$0,$9,$0,$9,$-1,$0,$-1,$2,$2,$0,$0,$1,$-3,$2,$0
36,2009-09-30,1.71,$0.51,3.38,$0.13,12.87,$-2.06,0.0,$-1.35,0.0,$0.06B,$0.02B,3.73,$0.02B,$0.02B,1.26,$0.00B,$0.00B,100.00%,$0.00B,$-0.05B,-1275.00%,$0.00B,$-0.05B,-1275.00%,$0.00B,$-0.05B,-1275.00%,$0.00B,$-0.05B,-1275.00%,$0.00B,$-0.05B,-1275.00%,$-0.05B,$0.02B,-150.00%,$-0.05B,$0.02B,-150.00%,$-0.05B,$0.06B,-83.95%,$-0.05B,$0.04B,-125.93%,$2,$0,$2,$9,$2,$11,$-9,$0,$-9,$0,$-9,$-9,$-9,$-9,$-9,$37,37,$-0.23,$-0.23,$55,$0,$0,$57,$1,$0,$0,$0,$2,$58,$15,$24,$0,$24,$40,$0,$-331,$0,$19,$58,$-36,$1,$2,$3,$-0,$0,$0,$30,$29,$-5,$-0,$0,$0,$1,$0,$1,$0,$1,$0,$0,$0,$0,$0,$0,$0,$0,$-4,$2,$0
37,2009-06-30,2.19,$0.71,3.09,$0.08,29.08,$-3.35,0.0,$-1.54,0.0,$0.07B,$0.02B,3.26,$0.00B,$0.03B,0.01,$0.00B,$0.00B,100.00%,$0.00B,$-0.06B,-2900.00%,$0.00B,$-0.06B,-2900.00%,$0.00B,$-0.06B,-2850.00%,$0.00B,$-0.06B,-2900.00%,$0.00B,$-0.06B,-2900.00%,$-0.06B,$0.03B,-126.78%,$-0.06B,$0.03B,-126.78%,$-0.06B,$0.07B,-88.21%,$-0.06B,$0.03B,-124.73%,$2,$0,$2,$12,$3,$15,$-13,$0,$-13,$0,$-13,$-13,$-13,$-13,$-13,$37,37,$-0.34,$-0.34,$66,$0,$0,$68,$2,$0,$0,$0,$2,$70,$21,$0,$0,$23,$44,$0,$-322,$0,$26,$70,$-28,$0,$1,$2,$-0,$0,$2,$31,$33,$7,$-0,$0,$0,$-10,$0,$-10,$0,$-10,$-0,$0,$-0,$0,$0,$0,$0,$-0,$-3,$1,$0
38,2009-03-31,0.95,$1.03,0.92,$0.03,30.47,$-4.53,0.0,$-1.69,0.0,$0.05B,$0.01B,4.22,$0.00B,$0.04B,0.01,$0.00B,0,nan%,$0.00B,$-0.06B,inf%,$0.00B,$-0.06B,inf%,$0.00B,$-0.06B,inf%,$0.00B,$-0.06B,inf%,$0.00B,$-0.06B,inf%,$-0.06B,$0.04B,-105.88%,$-0.06B,$0.04B,-105.88%,$-0.06B,$0.05B,-87.20%,$-0.06B,$0.04B,-106.22%,$0,$0,$0,$13,$3,$16,$-15,$0,$-15,$0,$-15,$-15,$-15,$-15,$-15,$37,37,$-0.40,$-0.40,$46,$0,$0,$48,$2,$0,$0,$0,$2,$50,$11,$0,$0,$1,$12,$0,$-309,$0,$38,$50,$-15,$0,$1,$1,$0,$0,$2,$0,$1,$-13,$-0,$0,$0,$11,$0,$11,$0,$11,$-0,$0,$-0,$0,$0,$0,$0,$-0,$-2,$1,$0
39,2008-12-31,0.9,$1.43,0.63,$0.04,20.99,$-4.73,0.0,$-1.73,0.0,$0.06B,$0.01B,5.65,$0.00B,$0.05B,0.01,$0.00B,$0.00B,100.00%,$0.00B,$-0.07B,-6700.00%,$0.00B,$-0.07B,-6700.00%,$0.00B,$-0.07B,-6500.00%,$0.00B,$-0.06B,-6400.00%,$0.00B,$-0.06B,-6400.00%,$-0.06B,$0.05B,-85.62%,$-0.06B,$0.05B,-85.62%,$-0.06B,$0.07B,-72.73%,$-0.07B,$0.05B,-88.74%,$0,$0,$0,$12,$2,$15,$-14,$0,$-14,$0,$-14,$-14,$-14,$-14,$-14,$37,37,$-0.38,$-0.38,$60,$0,$0,$62,$2,$0,$0,$0,$2,$65,$11,$0,$0,$1,$12,$0,$-294,$0,$53,$65,$-64,$2,$3,$5,$0,$0,$-0,$2,$-6,$-65,$-0,$0,$0,$70,$0,$70,$0,$70,$-1,$0,$-1,$1,$1,$0,$0,$-0,$4,$3,$0
40,2008-09-30,2.68,$1.78,1.5,$0.08,33.89,$-4.55,0.0,$-1.81,0.0,$0.08B,$0.01B,6.74,$0.00B,$0.07B,0.01,$0.00B,$0.00B,100.00%,$0.00B,$-0.07B,-2400.00%,$0.00B,$-0.07B,-2400.00%,$0.00B,$-0.07B,-2300.00%,$0.00B,$-0.07B,-2233.33%,$0.00B,$-0.07B,-2233.33%,$-0.07B,$0.07B,-74.44%,$-0.07B,$0.07B,-74.44%,$-0.07B,$0.08B,-63.51%,$-0.07B,$0.07B,-79.12%,$0,$0,$0,$13,$3,$16,$-16,$0,$-16,$0,$-16,$-16,$-16,$-15,$-16,$37,37,$-0.42,$-0.42,$73,$0,$0,$76,$2,$0,$0,$0,$3,$78,$11,$1,$0,$1,$12,$0,$-280,$0,$66,$78,$-50,$1,$2,$4,$0,$0,$-0,$1,$-6,$-53,$-0,$0,$0,$58,$0,$58,$0,$58,$-1,$0,$-1,$0,$0,$0,$0,$-0,$5,$2,$0
41,2008-06-30,3.69,$2.19,1.69,$0.12,29.65,$-4.24,0.0,$-1.82,0.0,$0.09B,$0.01B,6.7,$0.00B,$0.08B,0.01,$0.01B,$0.01B,100.00%,$0.01B,$-0.07B,-1480.00%,$0.01B,$-0.07B,-1480.00%,$0.01B,$-0.07B,-1440.00%,$0.01B,$-0.07B,-1340.00%,$0.01B,$-0.07B,-1340.00%,$-0.07B,$0.08B,-63.21%,$-0.07B,$0.08B,-63.21%,$-0.07B,$0.10B,-54.47%,$-0.07B,$0.08B,-69.16%,$0,$0,$0,$16,$3,$19,$-19,$1,$-18,$0,$-18,$-18,$-18,$-19,$-19,$37,37,$-0.49,$-0.49,$90,$0,$0,$93,$3,$0,$0,$0,$3,$96,$14,$1,$0,$1,$15,$0,$-265,$0,$81,$96,$-35,$1,$2,$2,$0,$0,$1,$1,$-4,$-37,$-0,$0,$0,$40,$0,$40,$0,$40,$-1,$0,$-1,$0,$0,$0,$0,$-0,$3,$2,$0
42,2008-03-31,9.06,$2.66,3.4,$0.18,51.66,$-4.01,0.0,$-1.62,0.0,$0.11B,$0.01B,8.18,$0.00B,$0.10B,0.01,$0.01B,$0.01B,100.00%,$0.01B,$-0.07B,-971.43%,$0.01B,$-0.07B,-971.43%,$0.01B,$-0.07B,-942.86%,$0.01B,$-0.06B,-857.14%,$0.01B,$-0.06B,-857.14%,$-0.06B,$0.10B,-49.28%,$-0.06B,$0.10B,-49.28%,$-0.06B,$0.11B,-43.17%,$-0.07B,$0.10B,-55.28%,$1,$0,$1,$15,$3,$18,$-18,$1,$-16,$0,$-16,$-16,$-16,$-17,$-18,$37,37,$-0.44,$-0.44,$106,$0,$0,$110,$3,$0,$0,$0,$3,$113,$13,$1,$0,$1,$15,$0,$-246,$1,$99,$113,$-16,$0,$1,$1,$0,$0,$-1,$0,$-5,$-21,$-0,$0,$0,$25,$0,$25,$0,$25,$-0,$0,$-0,$0,$0,$0,$0,$-0,$4,$1,$0
43,2007-12-31,11.07,$3.08,3.6,$0.22,50.57,$-3.93,0.0,$-1.60,0.0,$0.13B,$0.02B,6.81,$0.00B,$0.11B,0.01,$0.01B,$0.01B,100.00%,$0.01B,$-0.06B,-787.50%,$0.01B,$-0.06B,-787.50%,$0.01B,$-0.06B,-775.00%,$0.01B,$-0.06B,-712.50%,$0.01B,$-0.06B,-712.50%,$-0.06B,$0.11B,-51.24%,$-0.06B,$0.11B,-51.24%,$-0.06B,$0.14B,-43.93%,$-0.06B,$0.12B,-56.00%,$2,$0,$2,$17,$3,$20,$-19,$2,$-17,$0,$-17,$-17,$-17,$-18,$-19,$35,35,$-0.46,$-0.46,$127,$0,$0,$131,$3,$0,$0,$0,$3,$135,$19,$1,$0,$1,$21,$0,$-230,$0,$114,$135,$-56,$1,$4,$5,$0,$0,$-1,$-4,$-3,$-55,$-0,$0,$0,$-41,$0,$-41,$0,$-42,$-0,$0,$-0,$99,$99,$0,$0,$98,$2,$4,$0
44,2007-09-30,15.05,$3.51,4.29,$0.24,63.39,$-3.91,0.0,$-1.56,0.0,$0.15B,$0.02B,8.45,$0.00B,$0.13B,0.01,$0.01B,$0.01B,100.00%,$0.01B,$-0.06B,-725.00%,$0.01B,$-0.06B,-725.00%,$0.01B,$-0.06B,-725.00%,$0.01B,$-0.05B,-650.00%,$0.01B,$-0.05B,-650.00%,$-0.05B,$0.13B,-52.26%,$-0.05B,$0.13B,-52.26%,$-0.05B,$0.15B,-43.88%,$-0.06B,$0.13B,-57.43%,$2,$0,$2,$17,$3,$20,$-18,$2,$-16,$0,$-16,$-16,$-16,$-18,$-18,$37,37,$-0.43,$-0.43,$141,$0,$0,$145,$3,$0,$0,$0,$3,$148,$17,$1,$0,$1,$19,$0,$-213,$0,$130,$148,$-39,$0,$3,$4,$0,$0,$-0,$-3,$-5,$-41,$-0,$0,$0,$-49,$0,$-49,$0,$-49,$-0,$0,$-0,$98,$98,$0,$0,$98,$8,$4,$0
45,2007-06-30,13.67,$3.91,3.5,$0.25,54.72,$-3.81,0.0,$-1.51,0.0,$0.16B,$0.01B,10.95,$0.00B,$0.14B,0.01,$0.01B,$0.01B,100.00%,$0.01B,$-0.05B,-662.50%,$0.01B,$-0.05B,-662.50%,$0.01B,$-0.05B,-650.00%,$0.01B,$-0.05B,-587.50%,$0.01B,$-0.05B,-587.50%,$-0.05B,$0.14B,-54.34%,$-0.05B,$0.14B,-54.34%,$-0.05B,$0.16B,-44.03%,$-0.05B,$0.15B,-60.06%,$2,$0,$2,$11,$3,$15,$-13,$2,$-11,$0,$-11,$-11,$-11,$-13,$-13,$37,37,$-0.29,$-0.29,$154,$0,$0,$157,$3,$0,$0,$0,$3,$160,$14,$1,$0,$2,$16,$0,$-197,$0,$144,$160,$-23,$0,$2,$2,$0,$0,$-1,$-1,$-7,$-28,$-0,$0,$0,$-46,$0,$-46,$0,$-46,$0,$0,$0,$98,$98,$0,$0,$98,$24,$2,$0
46,2007-03-31,15.02,$1.88,7.99,$0.26,57.37,$-3.69,0.0,$-1.65,0.0,$0.07B,$0.02B,4.19,$0.00B,$0.06B,0.03,$0.01B,$0.01B,100.00%,$0.01B,$-0.05B,-662.50%,$0.01B,$-0.05B,-662.50%,$0.01B,$-0.05B,-650.00%,$0.01B,$-0.05B,-600.00%,$0.01B,$-0.05B,-600.00%,$-0.05B,$0.06B,-65.98%,$-0.05B,$0.06B,-65.98%,$-0.05B,$0.08B,-50.13%,$-0.05B,$0.06B,-71.62%,$2,$0,$2,$12,$3,$15,$-13,$1,$-13,$0,$-13,$-13,$-13,$-13,$-13,$30,30,$-0.42,$-0.42,$70,$0,$0,$72,$3,$0,$0,$0,$3,$76,$17,$2,$0,$2,$19,$0,$-186,$0,$57,$76,$-13,$0,$1,$2,$0,$0,$-0,$0,$-3,$-14,$-0,$0,$0,$20,$0,$20,$0,$20,$0,$0,$0,$1,$1,$0,$0,$1,$7,$1,$0
47,2006-12-31,8.79,$2.24,3.92,$0.30,29.22,$-3.55,0.0,$-1.62,0.0,$0.09B,$0.02B,4.18,$0.00B,$0.07B,0.02,$0.01B,$0.01B,100.00%,$0.01B,$-0.05B,-555.56%,$0.01B,$-0.05B,-555.56%,$0.01B,$-0.05B,-544.44%,$0.01B,$-0.05B,-500.00%,$0.01B,$-0.04B,-488.89%,$-0.04B,$0.07B,-64.23%,$-0.04B,$0.07B,-64.23%,$-0.04B,$0.09B,-47.44%,$-0.05B,$0.07B,-71.68%,$2,$0,$2,$13,$3,$15,$-14,$1,$-12,$0,$-12,$-12,$-12,$-14,$-14,$28,28,$-0.41,$-0.41,$83,$0,$0,$86,$4,$0,$0,$0,$4,$90,$21,$1,$0,$2,$22,$0,$-173,$0,$67,$90,$-45,$-0,$3,$3,$0,$0,$1,$1,$1,$-41,$-2,$0,$0,$-33,$0,$-33,$13,$-23,$1,$0,$1,$69,$69,$0,$0,$70,$6,$3,$0
