,Date,Stock Price,Book Value per Share,Price to Book Ratio,TTM Sales per Share,Price to Sales Ratio,TTM FCF per Share,Price to FCF Ratio,TTM Net EPS,PE Ratio,Current Assets,Current Liabilities,Current Ratio,Long Term Debt,Shareholder's Equity_x,Debt to Equity Ratio,TTM Revenue_x,TTM Gross Profit,Gross Margin,TTM Revenue_y,TTM Operating Income,Operating Margin,TTM Revenue_x,TTM EBIT,EBIT Margin,TTM Revenue_y,TTM EBITDA,EBITDA Margin,TTM Revenue_x,TTM Pre-Tax Income,Pre-Tax Margin,TTM Revenue_y,TTM Net Income_x,Net Margin,TTM Net Income_y,Shareholder's Equity_y,Return on Equity,TTM Net Income_x,Tangible Equity,Return on Tangible Equity,TTM Net Income_y,Total Assets,Return on Assets,TTM Net Income,LT Investments & Debt,Return on Investment,revenue,cost-goods-sold,gross-profit,research-development-expenses,selling-general-administrative-expenses,operating-expenses,operating-income,total-non-operating-income-expense,pre-tax-income,total-provision-income-taxes,income-after-taxes,income-from-continuous-operations,net-income,ebitda,ebit,basic-shares-outstanding,shares-outstanding,eps-basic-net-earnings-per-share,eps-earnings-per-share-diluted,cash-on-hand,inventory,other-current-assets,total-current-assets,net-property-plant-equipment,long-term-investments,goodwill-intangible-assets-total,other-long-term-assets,total-long-term-assets,total-assets,total-current-liabilities,long-term-debt,other-non-current-liabilities,total-long-term-liabilities,total-liabilities,common-stock-net,retained-earnings-accumulated-deficit,comprehensive-income,total-share-holder-equity,total-liabilities-share-holders-equity,net-income-loss,total-depreciation-amortization-cash-flow,other-non-cash-items,total-non-cash-items,change-in-accounts-receivable,change-in-inventories,change-in-accounts-payable,change-in-assets-liabilities,total-change-in-assets-liabilities,cash-flow-from-operating-activities,net-change-in-property-plant-equipment,net-change-in-intangible-assets,net-acquisitions-divestitures,net-change-in-short-term-investments,net-change-in-long-term-investments,net-change-in-investments-total,investing-activities-other,cash-flow-from-investing-activities,net-long-term-debt,net-current-debt,debt-issuance-retirement-net-total,net-common-equity-issued-repurchased,net-total-equity-issued-repurchased,total-common-preferred-stock-dividends-paid,financial-activities-other,cash-flow-from-financial-activities,net-cash-flow,stock-based-compensation,common-stock-dividends-paid
0,2018-09-30,16.75,$12.27,1.37,$4.72,3.55,$7.78,2.15,$0.16,104.69,$2.21B,$2.39B,0.93,$0.13B,$0.32B,0.41,$0.12B,$0.10B,83.87%,$0.12B,$0.03B,22.58%,$0.12B,0,0.00%,$0.12B,0,0.00%,$0.12B,$0.03B,22.58%,$0.12B,$0.01B,4.03%,$0.01B,$0.32B,1.60%,$0.01B,$0.29B,1.75%,$0.01B,$2.88B,0.18%,$0.03B,$0.45B,5.85%,$32,$6,$26,$0,$17,$23,$8,$0,$8,$2,$7,$7,$7,$0,$0,$26,26,$0.25,$0.25,$190,$0,$0,$2209,$17,$499,$27,$131,$673,$2883,$2389,$133,$41,$174,$2562,$305,$33,$-18,$320,$2883,$20,$4,$-1,$3,$44,$0,$0,$1,$48,$71,$-7,$0,$0,$0,$-36,$-36,$-149,$-192,$38,$9,$47,$4,$4,$0,$-71,$-20,$-140,$0,$0
1,2018-06-30,19.65,$12.14,1.62,$4.59,4.28,$7.70,2.55,$0.07,280.71,$2.03B,$2.14B,0.95,$0.20B,$0.32B,0.63,$0.12B,$0.10B,85.00%,$0.12B,$0.03B,21.67%,$0.12B,0,0.00%,$0.12B,0,0.00%,$0.12B,$0.03B,21.67%,$0.12B,$0.00B,1.67%,$0.00B,$0.32B,0.64%,$0.00B,$0.29B,0.70%,$0.00B,$2.69B,0.07%,$0.03B,$0.52B,5.31%,$33,$5,$27,$0,$17,$23,$10,$0,$10,$2,$8,$8,$8,$0,$0,$26,26,$0.31,$0.31,$113,$0,$0,$2029,$17,$490,$27,$127,$662,$2691,$2140,$200,$35,$234,$2374,$305,$27,$-15,$317,$2691,$13,$3,$-2,$1,$30,$0,$0,$2,$30,$44,$-6,$0,$0,$0,$-22,$-22,$-31,$-59,$105,$73,$178,$4,$4,$0,$-384,$-202,$-217,$0,$0
2,2018-03-31,18.1,$11.91,1.52,$4.49,4.03,$8.11,2.23,$-0.07,0.0,$2.05B,$2.14B,0.96,$0.24B,$0.31B,0.76,$0.12B,$0.10B,86.32%,$0.12B,$0.02B,18.80%,$0.12B,0,0.00%,$0.12B,0,0.00%,$0.12B,$0.02B,18.80%,$0.12B,$-0.00B,-1.71%,$-0.00B,$0.31B,-0.64%,$-0.00B,$0.28B,-0.70%,$-0.00B,$2.72B,-0.07%,$0.02B,$0.54B,4.42%,$30,$4,$26,$0,$19,$24,$6,$0,$6,$1,$5,$5,$5,$0,$0,$26,26,$0.20,$0.19,$112,$0,$0,$2053,$15,$497,$27,$126,$666,$2719,$2144,$235,$33,$267,$2412,$301,$19,$-13,$307,$2719,$5,$1,$0,$2,$19,$0,$0,$-0,$15,$21,$-4,$0,$0,$0,$-25,$-25,$-44,$-73,$140,$48,$188,$0,$0,$0,$-354,$-166,$-218,$0,$0
3,2017-12-31,17.6,$11.99,1.47,$4.36,4.04,$8.24,2.14,$-0.13,0.0,$2.25B,$2.45B,0.92,$0.10B,$0.31B,0.31,$0.11B,$0.10B,86.73%,$0.11B,$0.02B,18.58%,$0.11B,0,0.00%,$0.11B,0,0.00%,$0.11B,$0.02B,18.58%,$0.11B,$-0.00B,-3.54%,$-0.00B,$0.31B,-1.27%,$-0.00B,$0.28B,-1.39%,$-0.00B,$2.89B,-0.15%,$0.02B,$0.40B,4.14%,$29,$4,$25,$0,$21,$25,$4,$0,$4,$19,$-15,$-15,$-15,$0,$0,$26,26,$-0.61,$-0.61,$330,$0,$0,$2246,$12,$481,$28,$124,$645,$2891,$2451,$95,$38,$132,$2583,$299,$13,$-4,$308,$2891,$-4,$6,$25,$32,$53,$0,$0,$-8,$57,$85,$-2,$0,$5,$0,$-98,$-98,$-0,$-95,$-65,$0,$-65,$4,$4,$0,$236,$174,$164,$1,$0
4,2017-09-30,18.15,$12.63,1.44,$4.31,4.21,$9.70,1.87,$0.54,33.61,$1.97B,$2.10B,0.94,$0.17B,$0.33B,0.54,$0.11B,$0.10B,87.39%,$0.11B,$0.02B,18.02%,$0.11B,0,0.00%,$0.11B,0,0.00%,$0.11B,$0.02B,18.02%,$0.11B,$0.01B,11.71%,$0.01B,$0.33B,4.13%,$0.01B,$0.30B,4.55%,$0.01B,$2.64B,0.48%,$0.02B,$0.50B,3.83%,$28,$4,$24,$0,$17,$22,$6,$0,$6,$2,$4,$4,$4,$0,$0,$26,26,$0.16,$0.16,$81,$0,$0,$1971,$12,$483,$28,$145,$667,$2638,$2104,$174,$36,$210,$2314,$298,$28,$-2,$325,$2638,$12,$5,$1,$6,$40,$0,$0,$-4,$45,$63,$-1,$0,$5,$0,$-98,$-98,$40,$-54,$15,$0,$15,$4,$4,$0,$-111,$-93,$-84,$0,$0
5,2017-06-30,19.0,$12.45,1.53,$4.27,4.45,$10.86,1.75,$0.53,35.85,$2.04B,$2.13B,0.96,$0.23B,$0.32B,0.72,$0.11B,$0.10B,88.07%,$0.11B,$0.02B,18.35%,$0.11B,0,0.00%,$0.11B,0,0.00%,$0.11B,$0.02B,18.35%,$0.11B,$0.01B,11.93%,$0.01B,$0.32B,4.19%,$0.01B,$0.29B,4.62%,$0.01B,$2.70B,0.47%,$0.02B,$0.55B,3.78%,$30,$4,$26,$0,$19,$23,$6,$-0,$6,$2,$4,$4,$4,$0,$0,$26,26,$0.17,$0.17,$99,$0,$0,$2041,$12,$477,$28,$145,$662,$2703,$2129,$229,$25,$254,$2383,$298,$24,$-2,$319,$2703,$8,$3,$1,$4,$34,$0,$0,$8,$37,$49,$-1,$0,$5,$0,$-100,$-100,$-7,$-103,$70,$15,$85,$3,$3,$0,$-101,$-13,$-67,$0,$0
6,2017-03-31,18.95,$12.18,1.56,$4.36,4.35,$13.25,1.43,$0.56,33.84,$2.13B,$2.17B,0.98,$0.27B,$0.31B,0.86,$0.11B,$0.10B,89.09%,$0.11B,$0.02B,21.82%,$0.11B,0,0.00%,$0.11B,0,0.00%,$0.11B,$0.02B,20.00%,$0.11B,$0.01B,12.73%,$0.01B,$0.31B,4.56%,$0.01B,$0.28B,5.06%,$0.01B,$2.80B,0.50%,$0.02B,$0.58B,4.44%,$26,$3,$23,$0,$18,$22,$5,$0,$5,$2,$3,$3,$3,$0,$0,$25,26,$0.13,$0.13,$214,$0,$0,$2125,$12,$485,$29,$150,$677,$2802,$2174,$266,$51,$318,$2491,$297,$20,$-5,$311,$2802,$3,$2,$0,$2,$17,$0,$0,$4,$16,$21,$-1,$0,$0,$0,$-114,$-114,$67,$-47,$107,$0,$107,$2,$2,$0,$-35,$75,$49,$0,$0
7,2016-12-31,19.0,$12.10,1.57,$4.37,4.35,$13.30,1.43,$0.55,34.55,$2.16B,$2.21B,0.98,$0.16B,$0.30B,0.53,$0.11B,$0.10B,89.09%,$0.11B,$0.02B,21.82%,$0.11B,0,0.00%,$0.11B,0,0.00%,$0.11B,$0.02B,20.00%,$0.11B,$0.01B,12.73%,$0.01B,$0.30B,4.62%,$0.01B,$0.27B,5.16%,$0.01B,$2.73B,0.51%,$0.02B,$0.46B,4.83%,$27,$3,$24,$0,$20,$24,$3,$-0,$3,$1,$2,$2,$2,$0,$0,$25,25,$0.06,$0.06,$166,$0,$0,$2162,$12,$372,$30,$153,$566,$2728,$2206,$159,$59,$218,$2424,$293,$17,$-6,$304,$2728,$13,$7,$1,$8,$108,$0,$0,$-7,$92,$113,$5,$0,$-140,$0,$-21,$-21,$-274,$-430,$110,$0,$110,$4,$4,$0,$166,$280,$-37,$1,$0
8,2016-09-30,14.98,$12.36,1.21,$4.70,3.19,$10.76,1.39,$0.10,149.8,$2.18B,$2.19B,1.0,$0.22B,$0.31B,0.71,$0.11B,$0.09B,88.57%,$0.11B,$0.02B,16.19%,$0.11B,0,0.00%,$0.11B,0,0.00%,$0.11B,$0.01B,7.62%,$0.11B,$0.00B,3.81%,$0.00B,$0.31B,1.34%,$0.00B,$0.28B,1.50%,$0.00B,$2.76B,0.15%,$0.02B,$0.53B,3.65%,$26,$3,$23,$0,$17,$20,$6,$-1,$6,$2,$4,$4,$4,$0,$0,$25,25,$0.15,$0.15,$143,$0,$0,$2180,$15,$375,$30,$161,$582,$2761,$2189,$219,$45,$264,$2453,$291,$15,$3,$308,$2761,$12,$5,$-4,$1,$88,$0,$0,$-9,$77,$89,$-0,$0,$-140,$0,$-5,$-5,$-292,$-438,$170,$0,$170,$3,$3,$0,$117,$290,$-59,$1,$0
