,Date,Stock Price,Book Value per Share,Price to Book Ratio,TTM Sales per Share,Price to Sales Ratio,TTM FCF per Share,Price to FCF Ratio,TTM Net EPS,PE Ratio,Current Assets,Current Liabilities,Current Ratio,Long Term Debt,Shareholder's Equity_x,Debt to Equity Ratio,TTM Revenue_x,TTM Gross Profit,Gross Margin,TTM Revenue_y,TTM Operating Income,Operating Margin,TTM Revenue_x,TTM EBIT,EBIT Margin,TTM Revenue_y,TTM EBITDA,EBITDA Margin,TTM Revenue_x,TTM Pre-Tax Income,Pre-Tax Margin,TTM Revenue_y,TTM Net Income_x,Net Margin,TTM Net Income_y,Shareholder's Equity_y,Return on Equity,TTM Net Income_x,Tangible Equity,Return on Tangible Equity,TTM Net Income_y,Total Assets,Return on Assets,TTM Net Income,LT Investments & Debt,Return on Investment,revenue,cost-goods-sold,gross-profit,research-development-expenses,selling-general-administrative-expenses,operating-expenses,operating-income,total-non-operating-income-expense,pre-tax-income,total-provision-income-taxes,income-after-taxes,income-from-continuous-operations,net-income,ebitda,ebit,basic-shares-outstanding,shares-outstanding,eps-basic-net-earnings-per-share,eps-earnings-per-share-diluted,cash-on-hand,inventory,other-current-assets,total-current-assets,net-property-plant-equipment,long-term-investments,goodwill-intangible-assets-total,other-long-term-assets,total-long-term-assets,total-assets,total-current-liabilities,long-term-debt,other-non-current-liabilities,total-long-term-liabilities,total-liabilities,common-stock-net,retained-earnings-accumulated-deficit,comprehensive-income,total-share-holder-equity,total-liabilities-share-holders-equity,net-income-loss,total-depreciation-amortization-cash-flow,other-non-cash-items,total-non-cash-items,change-in-accounts-receivable,change-in-inventories,change-in-accounts-payable,change-in-assets-liabilities,total-change-in-assets-liabilities,cash-flow-from-operating-activities,net-change-in-property-plant-equipment,net-change-in-intangible-assets,net-acquisitions-divestitures,net-change-in-short-term-investments,net-change-in-long-term-investments,net-change-in-investments-total,investing-activities-other,cash-flow-from-investing-activities,net-long-term-debt,net-current-debt,debt-issuance-retirement-net-total,net-common-equity-issued-repurchased,net-total-equity-issued-repurchased,total-common-preferred-stock-dividends-paid,financial-activities-other,cash-flow-from-financial-activities,net-cash-flow,stock-based-compensation,common-stock-dividends-paid
0,2018-09-30,41.16,$26.02,1.58,$6.30,6.54,$-3.77,0.0,$0.77,53.45,$0.14B,$0.09B,1.57,$2.97B,$3.56B,0.84,$0.86B,$0.47B,54.41%,$0.86B,$0.17B,19.26%,$0.86B,$0.17B,19.26%,$0.86B,$0.43B,49.54%,$0.86B,$0.11B,12.99%,$0.86B,$0.11B,12.65%,$0.11B,$3.56B,3.07%,$0.11B,$3.56B,3.07%,$0.11B,$7.05B,1.57%,$0.17B,$6.54B,2.54%,$213,$116,$98,$0,$7,$192,$22,$-24,$-3,$-0,$-3,$-3,$-2,$88,$22,$137,137,$-0.02,$-0.02,$91,$0,$0,$136,$6601,$0,$0,$310,$6910,$7046,$86,$2974,$239,$3397,$3484,$1,$-955,$-2,$3562,$7046,$70,$196,$-32,$164,$-37,$0,$0,$38,$33,$267,$-218,$0,$0,$0,$0,$0,$2,$-216,$-137,$88,$-49,$-10,$-10,$-187,$221,$-25,$26,$10,$-187
1,2018-06-30,42.4,$26.97,1.57,$6.18,6.86,$-7.96,0.0,$0.78,54.36,$0.10B,$0.07B,1.43,$2.83B,$3.68B,0.77,$0.85B,$0.46B,54.49%,$0.85B,$0.16B,19.15%,$0.85B,$0.16B,19.15%,$0.85B,$0.42B,49.29%,$0.85B,$0.11B,13.48%,$0.85B,$0.11B,13.00%,$0.11B,$3.68B,3.10%,$0.11B,$3.68B,3.10%,$0.11B,$6.91B,1.60%,$0.16B,$6.51B,2.50%,$201,$93,$108,$0,$13,$170,$31,$17,$48,$2,$46,$46,$46,$95,$31,$137,138,$0.33,$0.33,$87,$0,$0,$95,$6512,$0,$0,$298,$6810,$6905,$66,$2827,$196,$3154,$3221,$1,$-890,$-2,$3684,$6905,$72,$129,$-34,$95,$1,$0,$0,$-11,$2,$169,$-44,$0,$0,$0,$0,$0,$0,$-44,$-256,$62,$-195,$0,$0,$-124,$216,$-103,$22,$7,$-124
2,2018-03-31,37.75,$25.49,1.48,$6.05,6.24,$-11.10,0.0,$0.43,87.79,$0.09B,$0.05B,1.77,$3.13B,$3.48B,0.9,$0.82B,$0.45B,54.49%,$0.82B,$0.14B,17.48%,$0.82B,$0.14B,17.48%,$0.82B,$0.39B,47.33%,$0.82B,$0.06B,7.77%,$0.82B,$0.06B,7.40%,$0.06B,$3.48B,1.74%,$0.06B,$3.48B,1.74%,$0.06B,$7.01B,0.91%,$0.14B,$6.61B,2.27%,$220,$96,$125,$0,$7,$170,$50,$-24,$27,$0,$26,$26,$26,$115,$50,$137,138,$0.19,$0.18,$84,$0,$0,$94,$6625,$0,$0,$289,$6913,$7007,$53,$3134,$213,$3474,$3527,$1,$-872,$-2,$3480,$7007,$26,$65,$3,$68,$-1,$0,$0,$15,$14,$108,$-137,$0,$0,$0,$0,$0,$0,$-137,$78,$33,$111,$0,$0,$-61,$-2,$48,$19,$3,$-61
3,2017-12-31,39.64,$25.67,1.54,$5.89,6.73,$-11.48,0.0,$0.50,79.28,$0.07B,$0.05B,1.38,$3.03B,$3.50B,0.86,$0.80B,$0.44B,54.58%,$0.80B,$0.14B,17.94%,$0.80B,$0.14B,17.94%,$0.80B,$0.38B,47.18%,$0.80B,$0.07B,9.03%,$0.80B,$0.07B,8.66%,$0.07B,$3.50B,1.96%,$0.07B,$3.50B,1.96%,$0.07B,$6.90B,1.07%,$0.14B,$6.52B,2.34%,$228,$90,$138,$0,$6,$164,$63,$-23,$40,$0,$40,$40,$39,$129,$63,$135,136,$0.28,$0.28,$65,$0,$0,$74,$6532,$0,$0,$291,$6823,$6897,$54,$3025,$188,$3345,$3398,$1,$-838,$-3,$3499,$6897,$70,$232,$30,$262,$-0,$0,$0,$14,$-12,$320,$-977,$0,$0,$0,$-1,$-1,$-0,$-978,$367,$440,$807,$191,$191,$-237,$-85,$677,$19,$14,$-237
4,2017-09-30,42.21,$25.78,1.64,$5.78,7.3,$-4.46,0.0,$0.41,102.95,$0.06B,$0.08B,0.73,$2.77B,$3.51B,0.79,$0.77B,$0.41B,53.56%,$0.77B,$0.13B,17.08%,$0.77B,$0.13B,17.08%,$0.77B,$0.35B,45.28%,$0.77B,$0.06B,7.50%,$0.77B,$0.06B,7.12%,$0.06B,$3.51B,1.57%,$0.06B,$3.51B,1.57%,$0.06B,$6.69B,0.89%,$0.13B,$6.28B,2.25%,$197,$107,$90,$0,$9,$179,$18,$-19,$-1,$0,$-1,$-1,$-1,$78,$18,$136,136,$-0.01,$-0.01,$42,$0,$0,$58,$6345,$0,$0,$284,$6629,$6687,$80,$2766,$215,$3093,$3173,$1,$-816,$-3,$3514,$6687,$31,$167,$27,$194,$-7,$0,$0,$27,$21,$246,$-768,$0,$0,$0,$-1,$-1,$0,$-769,$557,$11,$568,$191,$191,$-176,$-64,$519,$-5,$11,$-176
5,2017-06-30,44.8,$26.18,1.71,$5.83,7.68,$-1.54,0.0,$0.49,91.42,$0.06B,$0.06B,0.98,$2.36B,$3.57B,0.66,$0.77B,$0.41B,53.50%,$0.77B,$0.14B,18.52%,$0.77B,$0.14B,18.52%,$0.77B,$0.35B,45.60%,$0.77B,$0.07B,8.94%,$0.77B,$0.07B,8.55%,$0.07B,$3.57B,1.89%,$0.07B,$3.57B,1.89%,$0.07B,$6.23B,1.08%,$0.14B,$5.93B,2.47%,$179,$83,$96,$0,$10,$166,$13,$-15,$-2,$0,$-3,$-3,$-3,$68,$13,$135,135,$-0.02,$-0.02,$54,$0,$0,$61,$5888,$0,$0,$275,$6164,$6225,$63,$2360,$179,$2595,$2657,$1,$-755,$-3,$3568,$6225,$32,$107,$25,$132,$1,$0,$0,$-18,$-32,$131,$-432,$0,$0,$0,$0,$0,$0,$-432,$238,$1,$239,$190,$190,$-116,$-5,$308,$7,$9,$-116
6,2017-03-31,44.64,$26.21,1.7,$5.92,7.54,$0.32,137.73,$0.65,68.67,$0.07B,$0.05B,1.37,$2.21B,$3.50B,0.63,$0.78B,$0.42B,53.66%,$0.78B,$0.17B,21.69%,$0.78B,$0.17B,21.69%,$0.78B,$0.38B,48.14%,$0.78B,$0.09B,11.55%,$0.78B,$0.09B,11.17%,$0.09B,$3.50B,2.52%,$0.09B,$3.50B,2.52%,$0.09B,$5.99B,1.42%,$0.17B,$5.71B,2.91%,$193,$82,$111,$0,$7,$144,$49,$-15,$35,$0,$34,$34,$34,$101,$49,$133,134,$0.25,$0.25,$59,$0,$0,$66,$5651,$0,$0,$271,$5922,$5988,$49,$2208,$174,$2438,$2486,$1,$-693,$-4,$3502,$5988,$34,$52,$4,$56,$1,$0,$0,$3,$-24,$66,$-144,$0,$0,$0,$0,$0,$0,$-144,$80,$0,$80,$63,$63,$-56,$3,$89,$12,$4,$-56
7,2016-12-31,46.28,$26.10,1.77,$6.09,7.6,$1.28,36.15,$0.76,60.89,$0.06B,$0.08B,0.72,$2.13B,$3.45B,0.62,$0.79B,$0.42B,53.56%,$0.79B,$0.17B,22.01%,$0.79B,$0.17B,22.01%,$0.79B,$0.38B,48.35%,$0.79B,$0.10B,12.98%,$0.79B,$0.10B,12.60%,$0.10B,$3.45B,2.87%,$0.10B,$3.45B,2.87%,$0.10B,$5.87B,1.59%,$0.17B,$5.58B,2.93%,$204,$87,$117,$0,$6,$152,$52,$-26,$26,$0,$26,$26,$25,$103,$52,$129,130,$0.18,$0.18,$47,$0,$0,$55,$5538,$0,$0,$272,$5811,$5866,$77,$2125,$158,$2339,$2415,$1,$-670,$-4,$3450,$5866,$101,$207,$7,$213,$9,$0,$0,$-16,$-6,$308,$-25,$0,$0,$0,$-7,$-7,$-0,$-32,$-810,$4,$-805,$816,$816,$-219,$-63,$-271,$5,$10,$-219
8,2016-09-30,46.89,$26.21,1.79,$6.29,7.45,$-0.67,0.0,$0.82,57.19,$0.08B,$0.08B,1.02,$2.48B,$3.45B,0.72,$0.78B,$0.42B,53.57%,$0.78B,$0.18B,22.32%,$0.78B,$0.18B,22.32%,$0.78B,$0.38B,48.98%,$0.78B,$0.11B,13.39%,$0.78B,$0.10B,13.01%,$0.10B,$3.45B,3.11%,$0.10B,$3.45B,3.11%,$0.10B,$6.28B,1.63%,$0.18B,$5.94B,2.94%,$196,$108,$89,$0,$5,$167,$29,$-19,$10,$0,$10,$10,$10,$80,$29,$131,132,$0.07,$0.07,$62,$0,$0,$79,$5931,$0,$0,$269,$6201,$6279,$77,$2484,$200,$2748,$2825,$1,$-640,$-6,$3454,$6279,$75,$156,$-10,$146,$2,$0,$0,$16,$22,$243,$-362,$0,$0,$0,$-8,$-8,$4,$-366,$-463,$0,$-463,$803,$803,$-163,$-39,$139,$16,$8,$-163
9,2016-06-30,48.34,$26.26,1.84,$6.40,7.55,$0.65,74.38,$0.77,62.78,$0.25B,$0.06B,4.04,$2.59B,$3.43B,0.76,$0.77B,$0.41B,53.06%,$0.77B,$0.17B,21.46%,$0.77B,$0.17B,21.46%,$0.77B,$0.37B,48.50%,$0.77B,$0.10B,12.61%,$0.77B,$0.09B,12.22%,$0.09B,$3.43B,3.01%,$0.09B,$3.43B,3.01%,$0.09B,$6.32B,1.52%,$0.17B,$6.02B,2.80%,$186,$85,$101,$0,$6,$147,$39,$-20,$19,$0,$19,$19,$18,$91,$39,$130,131,$0.14,$0.14,$242,$0,$0,$249,$5809,$0,$0,$257,$6066,$6315,$62,$2591,$164,$2829,$2891,$1,$-594,$-7,$3425,$6315,$65,$105,$-12,$93,$11,$0,$0,$-7,$-7,$151,$-200,$0,$0,$0,$0,$0,$5,$-196,$-361,$0,$-361,$740,$740,$-108,$-37,$234,$190,$5,$-108
10,2016-03-31,42.68,$26.63,1.6,$6.56,6.51,$1.88,22.75,$0.77,55.42,$0.44B,$0.05B,8.82,$2.62B,$3.47B,0.76,$0.76B,$0.40B,52.69%,$0.76B,$0.16B,21.02%,$0.76B,$0.16B,21.02%,$0.76B,$0.37B,48.23%,$0.76B,$0.09B,12.35%,$0.76B,$0.09B,12.09%,$0.09B,$3.47B,3.10%,$0.09B,$3.47B,3.10%,$0.09B,$6.37B,1.52%,$0.16B,$6.10B,2.77%,$200,$86,$114,$0,$5,$147,$53,$-6,$47,$0,$46,$46,$46,$106,$53,$123,124,$0.37,$0.36,$428,$0,$0,$435,$5663,$0,$0,$270,$5933,$6368,$49,$2623,$155,$2844,$2894,$1,$-557,$-7,$3474,$6368,$46,$53,$-15,$38,$11,$0,$0,$-9,$-21,$64,$-17,$0,$0,$0,$0,$0,$-0,$-18,$-323,$-4,$-327,$740,$740,$-53,$-36,$324,$371,$3,$-53
11,2015-12-31,37.12,$24.76,1.5,$6.65,5.58,$2.08,17.81,$1.03,36.04,$0.07B,$0.07B,0.96,$2.95B,$2.78B,1.06,$0.75B,$0.40B,52.46%,$0.75B,$0.16B,20.85%,$0.75B,$0.16B,20.85%,$0.75B,$0.36B,47.81%,$0.75B,$0.12B,15.80%,$0.75B,$0.12B,15.41%,$0.12B,$2.78B,4.12%,$0.12B,$2.78B,4.12%,$0.12B,$6.01B,1.96%,$0.16B,$5.73B,2.78%,$202,$86,$116,$0,$5,$148,$54,$-25,$29,$0,$29,$29,$28,$107,$54,$112,114,$0.25,$0.25,$50,$0,$0,$69,$5668,$0,$0,$270,$5937,$6006,$72,$2948,$145,$3153,$3225,$1,$-551,$-6,$2782,$6006,$118,$203,$-43,$160,$-9,$0,$0,$-5,$-14,$264,$-237,$0,$0,$0,$0,$0,$-2,$-239,$-451,$400,$-52,$213,$213,$-179,$-15,$-33,$-8,$8,$-179
12,2015-09-30,32.21,$24.90,1.29,$6.74,4.78,$0.21,153.24,$1.03,31.27,$0.11B,$0.08B,1.31,$2.92B,$2.80B,1.05,$0.75B,$0.39B,52.14%,$0.75B,$0.16B,20.86%,$0.75B,$0.16B,20.86%,$0.75B,$0.36B,47.46%,$0.75B,$0.12B,15.78%,$0.75B,$0.12B,15.37%,$0.12B,$2.80B,4.15%,$0.12B,$2.80B,4.15%,$0.12B,$6.03B,1.96%,$0.16B,$5.72B,2.78%,$181,$104,$77,$0,$5,$162,$19,$-16,$2,$0,$2,$2,$2,$69,$19,$112,113,$0.01,$0.01,$82,$0,$0,$106,$5629,$0,$0,$291,$5920,$6026,$81,$2921,$167,$3149,$3230,$1,$-534,$-8,$2796,$6026,$89,$150,$-45,$105,$-15,$0,$0,$8,$-15,$179,$-133,$0,$0,$0,$0,$0,$2,$-131,$-498,$400,$-98,$217,$217,$-133,$-13,$-28,$20,$6,$-133
13,2015-06-30,33.14,$25.21,1.31,$6.87,4.82,$-1.06,0.0,$0.95,34.89,$0.06B,$0.07B,0.84,$2.73B,$2.83B,0.97,$0.75B,$0.39B,52.20%,$0.75B,$0.16B,20.83%,$0.75B,$0.16B,20.83%,$0.75B,$0.35B,47.13%,$0.75B,$0.11B,14.82%,$0.75B,$0.11B,14.29%,$0.11B,$2.83B,3.95%,$0.11B,$2.83B,3.95%,$0.11B,$5.81B,1.84%,$0.16B,$5.56B,2.81%,$178,$84,$94,$0,$6,$143,$34,$-18,$16,$0,$16,$16,$16,$85,$34,$112,113,$0.14,$0.14,$49,$0,$0,$57,$5489,$0,$0,$264,$5753,$5810,$68,$2733,$116,$2911,$2979,$1,$-490,$-7,$2831,$5810,$87,$99,$-44,$56,$1,$0,$0,$-3,$-13,$130,$-34,$0,$0,$0,$0,$0,$-5,$-39,$-229,$0,$-229,$217,$217,$-88,$-7,$-108,$-16,$4,$-88
14,2015-03-31,37.32,$25.40,1.47,$6.93,5.39,$-2.57,0.0,$0.93,40.13,$0.06B,$0.05B,1.16,$2.73B,$2.85B,0.96,$0.74B,$0.39B,52.09%,$0.74B,$0.16B,21.13%,$0.74B,$0.16B,21.13%,$0.74B,$0.35B,47.11%,$0.74B,$0.11B,14.67%,$0.74B,$0.10B,14.00%,$0.10B,$2.85B,3.92%,$0.10B,$2.85B,3.92%,$0.10B,$5.82B,1.80%,$0.16B,$5.58B,2.85%,$192,$85,$108,$0,$5,$142,$50,$21,$72,$0,$71,$71,$70,$99,$50,$111,113,$0.63,$0.62,$52,$0,$0,$60,$5522,$0,$0,$237,$5760,$5820,$52,$2725,$123,$2915,$2967,$1,$-461,$-8,$2852,$5820,$71,$49,$-42,$7,$2,$0,$0,$16,$-1,$77,$-11,$0,$0,$0,$-2,$-2,$1,$-11,$-240,$0,$-240,$217,$217,$-43,$-7,$-73,$-7,$2,$-43
15,2014-12-31,35.7,$24.40,1.46,$6.96,5.13,$-3.45,0.0,$0.58,61.55,$0.07B,$0.07B,0.95,$2.97B,$2.62B,1.14,$0.73B,$0.38B,51.91%,$0.73B,$0.16B,21.12%,$0.73B,$0.16B,21.12%,$0.73B,$0.35B,47.14%,$0.73B,$0.06B,8.58%,$0.73B,$0.06B,8.45%,$0.06B,$2.62B,2.39%,$0.06B,$2.62B,2.39%,$0.06B,$5.84B,1.08%,$0.16B,$5.59B,2.85%,$197,$86,$111,$0,$5,$144,$53,$-25,$28,$0,$27,$27,$27,$102,$53,$105,106,$0.25,$0.25,$57,$0,$0,$67,$5534,$0,$0,$234,$5768,$5835,$71,$2973,$122,$3149,$3219,$1,$-488,$-6,$2615,$5835,$64,$191,$7,$198,$-1,$0,$0,$-4,$0,$262,$-435,$0,$0,$0,$0,$0,$6,$-429,$-190,$428,$238,$89,$89,$-158,$-15,$153,$-14,$7,$-158
16,2014-09-30,31.16,$24.26,1.28,$6.83,4.56,$-3.72,0.0,$0.59,52.82,$0.07B,$0.07B,0.89,$2.92B,$2.55B,1.15,$0.72B,$0.37B,51.67%,$0.72B,$0.15B,20.97%,$0.72B,$0.15B,20.97%,$0.72B,$0.34B,46.94%,$0.72B,$0.06B,8.61%,$0.72B,$0.06B,8.75%,$0.06B,$2.55B,2.43%,$0.06B,$2.55B,2.43%,$0.06B,$5.75B,1.11%,$0.15B,$5.47B,2.81%,$182,$104,$78,$0,$5,$163,$19,$-24,$-5,$0,$-6,$-6,$-6,$67,$19,$105,105,$-0.06,$-0.06,$51,$0,$0,$65,$5452,$0,$0,$236,$5688,$5754,$74,$2924,$155,$3131,$3204,$1,$-475,$-5,$2550,$5754,$37,$141,$5,$146,$-5,$0,$0,$18,$18,$201,$-292,$0,$0,$0,$0,$0,$6,$-285,$-237,$426,$188,$6,$6,$-118,$-11,$65,$-19,$6,$-118
17,2014-06-30,32.38,$24.63,1.31,$6.61,4.9,$-3.35,0.0,$1.10,29.43,$0.11B,$0.06B,1.86,$2.82B,$2.58B,1.09,$0.70B,$0.36B,51.58%,$0.70B,$0.15B,21.12%,$0.70B,$0.15B,21.12%,$0.70B,$0.33B,47.27%,$0.70B,$0.06B,8.91%,$0.70B,$0.12B,16.67%,$0.12B,$2.58B,4.43%,$0.12B,$2.58B,4.43%,$0.12B,$5.72B,2.08%,$0.15B,$5.41B,2.80%,$172,$82,$90,$0,$5,$137,$35,$-21,$14,$0,$14,$14,$13,$82,$35,$105,106,$0.13,$0.12,$99,$0,$0,$108,$5382,$0,$0,$230,$5613,$5721,$58,$2824,$202,$3078,$3137,$1,$-429,$-7,$2584,$5721,$43,$93,$1,$94,$0,$0,$0,$-10,$-24,$113,$-182,$0,$0,$0,$0,$0,$7,$-175,$-244,$420,$176,$0,$0,$-78,$-10,$87,$26,$4,$-78
18,2014-03-31,31.31,$24.92,1.26,$6.43,4.87,$-3.40,0.0,$1.05,29.82,$0.08B,$0.05B,1.51,$2.70B,$2.61B,1.03,$0.68B,$0.35B,51.40%,$0.68B,$0.14B,20.38%,$0.68B,$0.14B,20.38%,$0.68B,$0.32B,47.12%,$0.68B,$0.05B,7.98%,$0.68B,$0.11B,16.40%,$0.11B,$2.61B,4.22%,$0.11B,$2.61B,4.22%,$0.11B,$5.62B,2.03%,$0.14B,$5.32B,2.68%,$183,$81,$102,$0,$4,$135,$48,$-22,$26,$0,$26,$26,$28,$95,$48,$105,106,$0.27,$0.27,$67,$0,$0,$75,$5324,$0,$0,$222,$5545,$5621,$50,$2703,$201,$2957,$3006,$1,$-402,$-2,$2614,$5621,$29,$47,$-1,$46,$1,$0,$0,$5,$-13,$61,$-93,$0,$0,$0,$0,$0,$3,$-90,$48,$12,$60,$0,$0,$-38,$-1,$21,$-8,$2,$-38
19,2013-12-31,26.71,$25.10,1.06,$6.25,4.28,$-3.35,0.0,$0.98,27.26,$0.08B,$0.07B,1.28,$2.66B,$2.63B,1.01,$0.66B,$0.34B,51.45%,$0.66B,$0.13B,20.09%,$0.66B,$0.13B,20.09%,$0.66B,$0.31B,47.18%,$0.66B,$0.05B,7.46%,$0.66B,$0.11B,15.98%,$0.11B,$2.63B,3.97%,$0.11B,$2.63B,3.97%,$0.11B,$5.60B,1.97%,$0.13B,$5.29B,2.63%,$183,$81,$102,$0,$4,$134,$49,$-22,$27,$0,$26,$26,$28,$94,$49,$105,105,$0.27,$0.26,$74,$0,$0,$83,$5287,$0,$0,$228,$5515,$5598,$65,$2657,$198,$2902,$2967,$1,$-392,$-1,$2631,$5598,$107,$179,$-48,$131,$5,$0,$0,$-2,$9,$247,$-447,$0,$0,$0,$0,$0,$-63,$-510,$29,$414,$444,$0,$0,$-149,$-13,$281,$17,$7,$-149
20,2013-09-30,28.02,$25.16,1.11,$6.21,4.51,$-16.16,0.0,$0.95,29.5,$0.08B,$0.06B,1.25,$2.34B,$2.64B,0.89,$0.62B,$0.32B,51.37%,$0.62B,$0.12B,19.39%,$0.62B,$0.12B,19.39%,$0.62B,$0.29B,47.01%,$0.62B,$0.04B,6.79%,$0.62B,$0.10B,16.32%,$0.10B,$2.64B,3.80%,$0.10B,$2.64B,3.80%,$0.10B,$5.32B,1.93%,$0.12B,$4.98B,2.45%,$158,$93,$65,$0,$4,$143,$15,$-20,$-5,$0,$-5,$-5,$47,$58,$15,$105,105,$0.45,$0.45,$63,$0,$0,$80,$5089,$0,$0,$151,$5240,$5320,$64,$2339,$231,$2620,$2684,$1,$-382,$-2,$2636,$5320,$79,$134,$-48,$86,$-3,$0,$0,$11,$12,$177,$-229,$0,$0,$0,$-9,$-9,$-55,$-293,$-165,$403,$238,$0,$0,$-112,$-6,$120,$4,$5,$-112
21,2013-06-30,33.03,$25.23,1.31,$5.97,5.54,$-24.48,0.0,$0.50,66.06,$0.07B,$0.05B,1.48,$2.35B,$2.64B,0.89,$0.57B,$0.30B,52.61%,$0.57B,$0.12B,20.56%,$0.57B,$0.12B,20.56%,$0.57B,$0.28B,47.91%,$0.57B,$0.05B,8.01%,$0.57B,$0.06B,9.58%,$0.06B,$2.64B,2.17%,$0.06B,$2.64B,2.17%,$0.06B,$5.29B,1.11%,$0.12B,$4.99B,2.55%,$153,$74,$79,$0,$5,$127,$26,$-20,$6,$0,$6,$6,$8,$72,$26,$105,105,$0.07,$0.07,$65,$0,$0,$73,$5039,$0,$0,$180,$5218,$5292,$50,$2346,$200,$2598,$2648,$1,$-391,$-1,$2644,$5292,$31,$90,$3,$94,$6,$0,$0,$-16,$-20,$105,$-178,$0,$0,$0,$0,$0,$-50,$-228,$-192,$399,$207,$0,$0,$-74,$-6,$127,$4,$3,$-74
22,2013-03-31,36.54,$25.42,1.44,$5.85,6.24,$-25.98,0.0,$0.59,61.93,$0.06B,$0.05B,1.35,$2.19B,$2.66B,0.82,$0.52B,$0.28B,52.87%,$0.52B,$0.12B,22.22%,$0.52B,$0.12B,22.22%,$0.52B,$0.25B,48.28%,$0.52B,$0.05B,9.77%,$0.52B,$0.06B,11.30%,$0.06B,$2.66B,2.64%,$0.06B,$2.66B,2.64%,$0.06B,$5.16B,1.33%,$0.12B,$4.85B,2.82%,$163,$71,$92,$0,$4,$121,$42,$-21,$21,$0,$20,$20,$22,$86,$42,$105,105,$0.20,$0.20,$54,$0,$0,$60,$4984,$0,$0,$116,$5100,$5160,$45,$2187,$208,$2452,$2497,$1,$-362,$-6,$2663,$5160,$22,$45,$4,$49,$8,$0,$0,$-5,$-14,$57,$-84,$0,$0,$0,$0,$0,$-0,$-85,$59,$0,$59,$0,$0,$-36,$-2,$21,$-6,$2,$-36
23,2012-12-31,36.91,$25.58,1.44,$5.73,6.44,$-26.65,0.0,$0.65,56.78,$0.07B,$0.06B,1.29,$2.12B,$2.68B,0.79,$0.47B,$0.24B,52.36%,$0.47B,$0.11B,22.75%,$0.47B,$0.11B,22.75%,$0.47B,$0.22B,47.85%,$0.47B,$0.05B,10.52%,$0.47B,$0.06B,12.23%,$0.06B,$2.68B,2.94%,$0.06B,$2.68B,2.94%,$0.06B,$5.12B,1.45%,$0.11B,$4.79B,2.93%,$145,$63,$82,$0,$7,$108,$37,$-16,$20,$0,$20,$20,$24,$75,$37,$85,85,$0.22,$0.22,$58,$0,$0,$72,$4929,$0,$0,$118,$5047,$5119,$56,$2117,$211,$2386,$2442,$1,$-348,$-7,$2677,$5119,$60,$118,$2,$120,$-9,$0,$0,$17,$15,$195,$-1450,$0,$0,$0,$0,$0,$2,$-1448,$-26,$75,$49,$1392,$1392,$-118,$-72,$1251,$-1,$5,$-118
24,2012-09-30,34.85,$23.45,1.49,$5.16,6.76,$-15.73,0.0,$0.64,54.45,$0.08B,$0.06B,1.36,$1.71B,$2.16B,0.79,$0.40B,$0.20B,51.13%,$0.40B,$0.09B,22.31%,$0.40B,$0.09B,22.31%,$0.40B,$0.19B,47.87%,$0.40B,$0.04B,9.27%,$0.40B,$0.05B,12.28%,$0.05B,$2.16B,3.02%,$0.05B,$2.16B,3.02%,$0.05B,$4.22B,1.44%,$0.09B,$3.87B,2.87%,$113,$64,$49,$0,$8,$99,$13,$-14,$-1,$0,$-1,$-1,$1,$42,$13,$89,89,$0.01,$0.01,$69,$0,$0,$79,$4025,$0,$0,$111,$4136,$4215,$58,$1713,$230,$2000,$2058,$1,$-336,$-8,$2157,$4215,$35,$79,$4,$83,$-4,$0,$0,$10,$16,$133,$-920,$0,$0,$0,$2,$2,$-20,$-938,$13,$73,$85,$838,$838,$-82,$-41,$800,$-4,$4,$-82
25,2012-06-30,35.46,$19.49,1.82,$5.24,6.77,$-7.23,0.0,$0.66,53.73,$0.06B,$0.04B,1.61,$1.51B,$1.46B,1.04,$0.38B,$0.20B,51.44%,$0.38B,$0.09B,24.15%,$0.38B,$0.09B,24.15%,$0.38B,$0.19B,49.34%,$0.38B,$0.04B,10.50%,$0.38B,$0.05B,13.12%,$0.05B,$1.46B,3.54%,$0.05B,$1.46B,3.54%,$0.05B,$3.24B,1.66%,$0.09B,$2.97B,3.35%,$101,$48,$53,$0,$5,$77,$24,$-13,$11,$0,$11,$11,$12,$49,$24,$75,75,$0.16,$0.16,$57,$0,$0,$61,$3075,$0,$0,$104,$3179,$3241,$38,$1511,$192,$1746,$1784,$1,$-305,$-5,$1457,$3241,$34,$50,$2,$53,$1,$0,$0,$-3,$-5,$81,$-246,$0,$0,$0,$4,$4,$-20,$-262,$96,$62,$159,$75,$75,$-51,$-7,$176,$-5,$3,$-51
26,2012-03-31,34.99,$19.71,1.78,$5.19,6.75,$-4.43,0.0,$0.81,43.2,$0.06B,$0.03B,1.92,$1.37B,$1.47B,0.93,$0.37B,$0.19B,51.22%,$0.37B,$0.09B,24.12%,$0.37B,$0.09B,24.12%,$0.37B,$0.18B,49.32%,$0.37B,$0.04B,9.76%,$0.37B,$0.06B,16.26%,$0.06B,$1.47B,4.38%,$0.06B,$1.47B,4.38%,$0.06B,$3.12B,2.10%,$0.09B,$2.84B,3.42%,$107,$47,$60,$0,$4,$75,$32,$-13,$19,$0,$19,$19,$20,$57,$32,$74,75,$0.27,$0.26,$54,$0,$0,$57,$2949,$0,$0,$110,$3059,$3116,$30,$1371,$198,$1615,$1644,$1,$-292,$0,$1472,$3116,$21,$25,$1,$26,$2,$0,$0,$10,$3,$50,$-119,$0,$0,$0,$4,$4,$-8,$-123,$8,$31,$39,$75,$75,$-25,$-5,$84,$10,$1,$-25
27,2011-12-31,32.58,$19.29,1.69,$5.23,6.23,$-3.66,0.0,$0.80,40.73,$0.05B,$0.04B,1.37,$1.33B,$1.40B,0.95,$0.36B,$0.19B,51.52%,$0.36B,$0.09B,24.65%,$0.36B,$0.09B,24.65%,$0.36B,$0.18B,49.58%,$0.36B,$0.03B,9.42%,$0.36B,$0.06B,15.79%,$0.06B,$1.40B,4.36%,$0.06B,$1.40B,4.36%,$0.06B,$3.01B,2.08%,$0.09B,$2.74B,3.57%,$78,$37,$42,$0,$4,$58,$20,$-12,$8,$0,$8,$8,$16,$43,$20,$69,70,$0.22,$0.22,$45,$0,$0,$51,$2849,$0,$0,$109,$2958,$3009,$37,$1332,$194,$1568,$1605,$1,$-287,$-3,$1404,$3009,$58,$90,$-9,$80,$0,$0,$0,$-13,$-12,$127,$-391,$0,$0,$0,$-35,$-35,$2,$-424,$79,$24,$103,$209,$209,$-94,$-12,$206,$-91,$4,$-94
28,2011-09-30,28.64,$18.58,1.54,$5.56,5.15,$-2.09,0.0,$0.78,36.71,$0.06B,$0.04B,1.61,$1.12B,$1.32B,0.85,$0.37B,$0.19B,52.03%,$0.37B,$0.10B,25.75%,$0.37B,$0.10B,25.75%,$0.37B,$0.18B,49.86%,$0.37B,$0.04B,10.30%,$0.37B,$0.06B,14.91%,$0.06B,$1.32B,4.36%,$0.06B,$1.32B,4.36%,$0.06B,$2.71B,2.07%,$0.10B,$2.44B,3.91%,$95,$54,$41,$0,$3,$79,$16,$-14,$2,$0,$2,$2,$2,$39,$16,$70,71,$0.02,$0.02,$53,$0,$0,$60,$2574,$0,$0,$71,$2646,$2705,$37,$1121,$193,$1352,$1389,$1,$-278,$-4,$1316,$2705,$42,$67,$-11,$55,$-2,$0,$0,$1,$1,$98,$-122,$0,$0,$0,$-15,$-15,$3,$-133,$-103,$0,$-103,$133,$133,$-70,$-10,$-50,$-85,$3,$-70
29,2011-06-30,27.09,$18.55,1.46,$5.62,4.82,$-2.84,0.0,$0.82,33.03,$0.08B,$0.03B,2.59,$1.11B,$1.29B,0.86,$0.36B,$0.19B,53.06%,$0.36B,$0.10B,26.39%,$0.36B,$0.10B,26.39%,$0.36B,$0.18B,50.56%,$0.36B,$0.04B,11.11%,$0.36B,$0.06B,15.83%,$0.06B,$1.29B,4.60%,$0.06B,$1.29B,4.60%,$0.06B,$2.62B,2.15%,$0.10B,$2.40B,3.88%,$89,$43,$46,$0,$3,$68,$21,$-13,$7,$0,$7,$7,$22,$43,$21,$69,69,$0.31,$0.31,$75,$0,$0,$79,$2480,$0,$0,$62,$2542,$2621,$30,$1112,$153,$1301,$1331,$1,$-256,$-5,$1290,$2621,$40,$44,$-12,$32,$2,$0,$0,$-16,$-19,$53,$-10,$0,$0,$0,$-3,$-3,$2,$-12,$-135,$0,$-135,$84,$84,$-46,$-9,$-106,$-65,$2,$-46
30,2011-03-31,24.92,$18.13,1.37,$5.74,4.34,$-3.17,0.0,$0.52,47.92,$0.06B,$0.03B,2.47,$1.19B,$1.22B,0.97,$0.35B,$0.18B,53.04%,$0.35B,$0.09B,26.38%,$0.35B,$0.09B,26.38%,$0.35B,$0.18B,50.72%,$0.35B,$0.03B,9.57%,$0.35B,$0.04B,10.43%,$0.04B,$1.22B,3.17%,$0.04B,$1.22B,3.17%,$0.04B,$2.63B,1.42%,$0.09B,$2.41B,3.90%,$99,$42,$57,$0,$3,$67,$32,$-15,$17,$0,$17,$17,$17,$54,$32,$67,68,$0.26,$0.25,$59,$0,$0,$64,$2512,$0,$0,$54,$2566,$2629,$26,$1186,$162,$1382,$1408,$1,$-255,$-5,$1222,$2629,$18,$22,$1,$23,$2,$0,$0,$-5,$-13,$28,$-38,$0,$0,$0,$-3,$-3,$1,$-41,$-56,$0,$-56,$11,$11,$-23,$-1,$-69,$-82,$1,$-23
31,2010-12-31,23.73,$18.21,1.3,$5.78,4.11,$-2.78,0.0,$0.22,107.88,$0.15B,$0.04B,4.2,$1.24B,$1.22B,1.02,$0.33B,$0.17B,52.15%,$0.33B,$0.08B,25.15%,$0.33B,$0.08B,25.15%,$0.33B,$0.16B,50.00%,$0.33B,$0.02B,6.75%,$0.33B,$0.02B,5.21%,$0.02B,$1.22B,1.62%,$0.02B,$1.22B,1.62%,$0.02B,$2.69B,0.70%,$0.08B,$2.46B,3.69%,$86,$38,$48,$0,$2,$61,$26,$-14,$12,$0,$12,$12,$14,$48,$26,$58,59,$0.25,$0.24,$140,$0,$0,$146,$2496,$0,$0,$51,$2547,$2693,$35,$1244,$162,$1441,$1476,$1,$-249,$-6,$1218,$2693,$17,$80,$8,$88,$0,$0,$0,$7,$11,$116,$-247,$0,$0,$0,$0,$0,$2,$-244,$-115,$0,$-115,$389,$389,$-77,$-21,$176,$47,$4,$-77
32,2010-09-30,22.51,$18.32,1.23,$5.69,3.96,$-1.49,0.0,$-0.02,0.0,$0.24B,$0.03B,7.02,$1.30B,$1.22B,1.06,$0.31B,$0.16B,52.44%,$0.31B,$0.08B,25.73%,$0.31B,$0.08B,25.73%,$0.31B,$0.16B,51.14%,$0.31B,$0.02B,6.19%,$0.31B,$0.00B,0.33%,$0.00B,$1.22B,0.10%,$0.00B,$1.22B,0.10%,$0.00B,$2.66B,0.04%,$0.08B,$2.52B,3.73%,$86,$46,$40,$0,$4,$69,$16,$-13,$4,$0,$4,$4,$4,$37,$16,$59,61,$0.06,$0.06,$230,$0,$0,$240,$2366,$0,$0,$55,$2420,$2661,$34,$1300,$66,$1403,$1438,$1,$-240,$-7,$1223,$2661,$3,$59,$9,$67,$-4,$0,$0,$10,$10,$80,$-146,$0,$0,$0,$0,$0,$0,$-146,$-113,$0,$-113,$389,$389,$-54,$-19,$203,$138,$3,$-54
33,2010-06-30,19.95,$16.61,1.2,$5.75,3.47,$-1.39,0.0,$-0.19,0.0,$0.06B,$0.03B,2.11,$1.08B,$0.87B,1.23,$0.30B,$0.15B,51.85%,$0.30B,$0.08B,25.25%,$0.30B,$0.08B,25.25%,$0.30B,$0.15B,51.18%,$0.30B,$0.01B,3.37%,$0.30B,$-0.01B,-3.03%,$-0.01B,$0.87B,-1.01%,$-0.01B,$0.87B,-1.01%,$-0.01B,$2.15B,-0.41%,$0.08B,$1.95B,3.74%,$74,$36,$38,$0,$3,$57,$17,$-17,$0,$0,$0,$0,$1,$36,$17,$52,53,$0.01,$0.01,$53,$0,$0,$57,$2041,$0,$0,$53,$2094,$2151,$27,$1077,$138,$1250,$1277,$1,$-226,$-6,$874,$2151,$-1,$38,$12,$50,$1,$0,$0,$-3,$-3,$46,$-31,$0,$0,$0,$0,$0,$-2,$-33,$-29,$0,$-29,$8,$8,$-36,$-1,$-58,$-45,$2,$-36
34,2010-03-31,19.96,$16.87,1.18,$5.83,3.42,$-2.68,0.0,$-0.31,0.0,$0.06B,$0.02B,2.45,$1.08B,$0.88B,1.22,$0.29B,$0.15B,51.02%,$0.29B,$0.07B,23.47%,$0.29B,$0.07B,23.47%,$0.29B,$0.15B,50.34%,$0.29B,$0.01B,1.70%,$0.29B,$-0.02B,-5.10%,$-0.02B,$0.88B,-1.64%,$-0.02B,$0.88B,-1.64%,$-0.02B,$2.16B,-0.67%,$0.07B,$1.96B,3.36%,$80,$36,$44,$0,$3,$57,$23,$-17,$6,$0,$6,$6,$-2,$42,$23,$52,53,$-0.05,$-0.05,$50,$0,$0,$55,$2051,$0,$0,$50,$2101,$2156,$22,$1075,$141,$1251,$1273,$1,$-209,$-5,$882,$2156,$-2,$19,$10,$29,$1,$0,$0,$3,$-2,$25,$-13,$0,$0,$0,$0,$0,$0,$-13,$-38,$0,$-38,$0,$0,$-18,$-0,$-56,$-45,$1,$-18
35,2009-12-31,20.0,$17.29,1.16,$6.09,3.28,$-3.28,0.0,$-0.25,0.0,$0.10B,$0.03B,3.82,$1.13B,$0.90B,1.25,$0.29B,$0.15B,50.34%,$0.29B,$0.06B,22.07%,$0.29B,$0.06B,22.07%,$0.29B,$0.14B,49.66%,$0.29B,$-0.00B,0.00%,$0.29B,$-0.01B,-4.48%,$-0.01B,$0.90B,-1.46%,$-0.01B,$0.90B,-1.46%,$-0.01B,$2.24B,-0.58%,$0.06B,$2.03B,3.07%,$67,$27,$39,$0,$3,$44,$23,$-14,$9,$0,$9,$9,$-2,$42,$23,$49,49,$-0.06,$-0.06,$96,$0,$0,$101,$2081,$0,$0,$53,$2134,$2235,$27,$1129,$139,$1306,$1332,$1,$-189,$-4,$903,$2235,$-12,$81,$14,$95,$-0,$0,$0,$7,$-2,$80,$-125,$0,$0,$0,$0,$0,$2,$-124,$-42,$5,$-37,$208,$208,$-65,$-23,$84,$40,$3,$-65
36,2009-09-30,18.87,$17.69,1.07,$6.72,2.81,$-5.50,0.0,$-0.29,0.0,$0.12B,$0.03B,3.88,$1.16B,$0.92B,1.25,$0.30B,$0.14B,48.48%,$0.30B,$0.06B,18.86%,$0.30B,$0.06B,18.86%,$0.30B,$0.14B,46.80%,$0.30B,$-0.01B,-3.70%,$0.30B,$-0.01B,-4.71%,$-0.01B,$0.92B,-1.63%,$-0.01B,$0.92B,-1.63%,$-0.01B,$2.30B,-0.63%,$0.06B,$2.08B,2.67%,$76,$43,$33,$0,$3,$64,$12,$-17,$-5,$0,$-5,$-5,$-6,$32,$12,$52,52,$-0.11,$-0.11,$116,$0,$0,$123,$2117,$0,$0,$60,$2177,$2300,$32,$1156,$154,$1345,$1377,$1,$-169,$-5,$923,$2300,$-11,$61,$4,$66,$-2,$0,$0,$5,$-1,$54,$-105,$0,$0,$0,$0,$0,$-0,$-105,$-112,$85,$-27,$208,$208,$-47,$-21,$113,$61,$2,$-47
37,2009-06-30,15.38,$18.26,0.84,$6.92,2.22,$-13.25,0.0,$-0.48,0.0,$0.09B,$0.03B,3.21,$1.19B,$0.95B,1.25,$0.29B,$0.14B,47.10%,$0.29B,$0.05B,16.72%,$0.29B,$0.05B,16.72%,$0.29B,$0.13B,44.71%,$0.29B,$-0.02B,-6.48%,$0.29B,$-0.02B,-7.17%,$-0.02B,$0.95B,-2.53%,$-0.02B,$0.95B,-2.53%,$-0.02B,$2.25B,-0.95%,$0.05B,$2.14B,2.35%,$71,$37,$34,$0,$3,$60,$11,$-16,$-5,$0,$-5,$-5,$-5,$32,$11,$48,48,$-0.11,$-0.11,$89,$0,$0,$94,$2097,$0,$0,$59,$2156,$2249,$29,$1190,$47,$1267,$1296,$1,$-146,$-4,$953,$2249,$-5,$42,$3,$45,$0,$0,$0,$-9,$-15,$24,$-72,$0,$0,$0,$0,$0,$0,$-72,$-92,$5,$-87,$208,$208,$-29,$-12,$80,$32,$1,$-29
38,2009-03-31,11.86,$18.29,0.65,$6.60,1.8,$-21.76,0.0,$-0.41,0.0,$0.06B,$0.03B,2.27,$1.31B,$0.78B,1.69,$0.27B,$0.13B,47.37%,$0.27B,$0.05B,16.92%,$0.27B,$0.05B,16.92%,$0.27B,$0.12B,43.98%,$0.27B,$-0.02B,-5.64%,$0.27B,$-0.02B,-6.39%,$-0.02B,$0.78B,-2.12%,$-0.02B,$0.78B,-2.12%,$-0.02B,$2.19B,-0.77%,$0.05B,$2.09B,2.16%,$76,$35,$40,$0,$3,$58,$18,$-17,$1,$0,$1,$1,$0,$38,$18,$42,43,$0.00,$0.00,$56,$0,$0,$60,$2077,$0,$0,$53,$2130,$2190,$26,$1311,$52,$1388,$1414,$0,$-126,$-6,$776,$2190,$0,$21,$1,$22,$1,$0,$0,$6,$-3,$20,$-36,$0,$0,$0,$0,$0,$0,$-36,$31,$3,$34,$0,$0,$-14,$-3,$17,$1,$1,$-14
39,2008-12-31,13.76,$18.63,0.74,$6.25,2.2,$-22.83,0.0,$-0.24,0.0,$0.06B,$0.04B,1.79,$1.28B,$0.79B,1.62,$0.23B,$0.11B,47.19%,$0.23B,$0.04B,17.32%,$0.23B,$0.04B,17.32%,$0.23B,$0.10B,43.29%,$0.23B,$-0.01B,-4.76%,$0.23B,$-0.01B,-5.19%,$-0.01B,$0.79B,-1.67%,$-0.01B,$0.79B,-1.67%,$-0.01B,$2.18B,-0.62%,$0.04B,$2.07B,2.19%,$74,$37,$37,$0,$3,$59,$15,$-17,$-2,$0,$-2,$-2,$-3,$37,$15,$37,37,$-0.19,$-0.19,$58,$0,$0,$63,$2056,$0,$0,$64,$2121,$2184,$35,$1277,$56,$1359,$1395,$0,$-112,$-5,$789,$2184,$-13,$59,$4,$63,$-0,$0,$0,$-11,$-14,$36,$-153,$0,$-269,$0,$0,$0,$-13,$-435,$70,$81,$151,$265,$265,$-51,$48,$412,$14,$2,$-51
40,2008-09-30,22.44,$19.09,1.18,$6.00,3.74,$-26.17,0.0,$0.07,320.54,$0.07B,$0.04B,1.84,$1.25B,$0.81B,1.55,$0.20B,$0.10B,48.24%,$0.20B,$0.04B,19.60%,$0.20B,$0.04B,19.60%,$0.20B,$0.09B,42.71%,$0.20B,$-0.00B,-1.01%,$0.20B,$-0.00B,-1.51%,$-0.00B,$0.81B,-0.48%,$-0.00B,$0.81B,-0.48%,$-0.00B,$2.19B,-0.18%,$0.04B,$2.06B,2.51%,$72,$45,$27,$0,$3,$67,$5,$-18,$-13,$0,$-13,$-13,$-13,$24,$5,$42,44,$-0.31,$-0.31,$67,$0,$0,$72,$2049,$0,$0,$70,$2120,$2192,$39,$1254,$62,$1345,$1384,$0,$-94,$-2,$807,$2192,$-9,$38,$3,$41,$0,$0,$0,$-10,$-8,$23,$-403,$0,$0,$0,$0,$0,$-11,$-414,$59,$71,$129,$265,$265,$-36,$58,$416,$25,$2,$-36
41,2008-06-30,18.23,$19.73,0.92,$5.79,3.15,$-22.39,0.0,$0.27,67.52,$0.10B,$0.04B,2.81,$1.29B,$0.83B,1.55,$0.16B,$0.09B,51.83%,$0.16B,$0.04B,24.39%,$0.16B,$0.04B,24.39%,$0.16B,$0.07B,45.12%,$0.16B,$0.01B,5.49%,$0.16B,$0.01B,4.88%,$0.01B,$0.83B,1.55%,$0.01B,$0.83B,1.55%,$0.01B,$2.24B,0.58%,$0.04B,$2.13B,3.14%,$44,$22,$22,$0,$3,$36,$7,$-9,$-1,$0,$-1,$-1,$-1,$18,$7,$36,37,$-0.04,$-0.04,$96,$0,$0,$99,$2071,$0,$0,$69,$2140,$2239,$35,$1291,$49,$1369,$1405,$0,$-67,$-2,$834,$2239,$4,$19,$2,$21,$2,$0,$0,$-12,$-13,$12,$-365,$0,$0,$0,$0,$0,$-8,$-373,$72,$45,$118,$265,$265,$-22,$52,$413,$51,$1,$-22
42,2008-03-31,17.72,$16.07,1.1,$5.93,2.99,$-15.77,0.0,$0.28,63.28,$0.03B,$0.01B,2.65,$0.61B,$0.44B,1.38,$0.15B,$0.08B,52.29%,$0.15B,$0.04B,25.49%,$0.15B,$0.04B,25.49%,$0.15B,$0.07B,45.75%,$0.15B,$0.01B,5.88%,$0.15B,$0.01B,5.23%,$0.01B,$0.44B,2.01%,$0.01B,$0.44B,2.01%,$0.01B,$1.13B,0.76%,$0.04B,$1.04B,4.03%,$41,$18,$23,$0,$2,$29,$13,$-7,$5,$0,$5,$5,$5,$21,$13,$27,29,$0.18,$0.18,$29,$0,$0,$31,$1070,$0,$0,$27,$1097,$1129,$12,$605,$42,$677,$689,$0,$-53,$-3,$440,$1129,$5,$8,$1,$9,$1,$0,$0,$-4,$-6,$8,$-50,$0,$0,$0,$0,$0,$0,$-50,$25,$29,$55,$0,$0,$-9,$-2,$43,$1,$0,$-9
43,2007-12-31,17.17,$16.29,1.05,$5.90,2.91,$-16.41,0.0,$-0.08,0.0,$0.03B,$0.01B,2.06,$0.54B,$0.44B,1.22,$0.15B,$0.08B,52.38%,$0.15B,$0.03B,18.37%,$0.15B,$0.03B,18.37%,$0.15B,$0.06B,38.78%,$0.15B,$-0.00B,-0.68%,$0.15B,$-0.00B,-1.36%,$-0.00B,$0.44B,-0.53%,$-0.00B,$0.44B,-0.53%,$-0.00B,$1.08B,-0.20%,$0.03B,$0.99B,2.91%,$42,$18,$24,$0,$2,$28,$14,$-7,$7,$0,$7,$6,$6,$22,$14,$24,24,$0.25,$0.25,$26,$0,$0,$30,$1020,$0,$0,$27,$1047,$1076,$14,$543,$43,$618,$632,$0,$-48,$-2,$444,$1076,$-2,$30,$5,$35,$-0,$0,$0,$-5,$-5,$29,$-186,$0,$0,$0,$0,$0,$-2,$-188,$-42,$66,$24,$99,$99,$-33,$1,$92,$-67,$5,$-33
44,2007-09-30,18.5,$14.81,1.25,$5.75,3.22,$-13.14,0.0,$0.67,27.61,$0.03B,$0.01B,2.02,$0.59B,$0.35B,1.69,$0.14B,$0.07B,51.80%,$0.14B,$0.02B,17.27%,$0.14B,$0.02B,17.27%,$0.14B,$0.05B,37.41%,$0.14B,$-0.00B,-1.44%,$0.14B,$0.02B,10.79%,$0.02B,$0.35B,4.18%,$0.02B,$0.35B,4.18%,$0.02B,$1.03B,1.55%,$0.02B,$0.94B,2.72%,$37,$20,$16,$0,$2,$31,$6,$-8,$-2,$1,$-2,$-2,$-2,$13,$6,$24,25,$-0.10,$-0.10,$25,$0,$0,$29,$977,$0,$0,$26,$1003,$1032,$14,$592,$45,$669,$683,$0,$-45,$-1,$349,$1032,$-8,$22,$4,$27,$-1,$0,$0,$-7,$-7,$12,$-137,$0,$0,$0,$0,$0,$0,$-137,$42,$31,$72,$0,$0,$-24,$8,$57,$-68,$5,$-24
45,2007-06-30,17.65,$15.57,1.13,$5.81,3.04,$-13.92,0.0,$0.68,25.96,$0.03B,$0.02B,1.24,$0.54B,$0.36B,1.52,$0.13B,$0.07B,52.63%,$0.13B,$0.02B,17.29%,$0.13B,$0.02B,17.29%,$0.13B,$0.05B,38.35%,$0.13B,$-0.00B,-1.50%,$0.13B,$0.02B,11.28%,$0.02B,$0.36B,4.17%,$0.02B,$0.36B,4.17%,$0.02B,$0.99B,1.62%,$0.02B,$0.90B,2.73%,$33,$17,$17,$0,$2,$27,$6,$-7,$-1,$0,$-1,$-1,$-1,$14,$6,$23,25,$-0.03,$-0.03,$25,$0,$0,$27,$937,$0,$0,$25,$962,$989,$22,$543,$35,$611,$633,$0,$-35,$0,$357,$989,$-5,$15,$0,$15,$1,$0,$0,$-8,$0,$10,$-83,$0,$0,$0,$0,$0,$0,$-83,$-3,$26,$23,$0,$0,$-16,$-5,$3,$-70,$1,$-16
46,2007-03-31,18.67,$15.71,1.19,$5.91,3.16,$-16.04,0.0,$0.59,31.64,$0.04B,$0.02B,2.23,$0.53B,$0.36B,1.47,$0.13B,$0.07B,51.56%,$0.13B,$0.02B,16.41%,$0.13B,$0.02B,16.41%,$0.13B,$0.05B,38.28%,$0.13B,$-0.00B,-3.13%,$0.13B,$0.01B,10.94%,$0.01B,$0.36B,4.25%,$0.01B,$0.36B,4.25%,$0.01B,$0.98B,1.58%,$0.02B,$0.89B,2.61%,$35,$15,$20,$0,$11,$34,$1,$-6,$-5,$0,$-5,$-5,$-5,$8,$1,$23,25,$-0.20,$-0.20,$35,$0,$0,$42,$912,$0,$0,$22,$934,$976,$19,$528,$32,$598,$616,$0,$-26,$-0,$360,$976,$-5,$7,$-0,$7,$-3,$0,$0,$-0,$1,$3,$-56,$0,$0,$0,$0,$0,$0,$-56,$-2,$10,$8,$0,$0,$-8,$-2,$-2,$-54,$0,$-8
47,2006-12-31,17.36,$16.13,1.08,$6.00,2.9,$-18.25,0.0,$0.97,17.9,$0.09B,$0.01B,6.87,$0.43B,$0.37B,1.17,$0.12B,$0.06B,50.83%,$0.12B,$0.03B,24.17%,$0.12B,$0.03B,24.17%,$0.12B,$0.06B,45.83%,$0.12B,$0.00B,3.33%,$0.12B,$0.02B,19.17%,$0.02B,$0.37B,7.68%,$0.02B,$0.37B,7.68%,$0.02B,$0.88B,2.73%,$0.03B,$0.80B,3.79%,$34,$14,$19,$0,$1,$22,$11,$-6,$6,$0,$6,$3,$23,$17,$11,$19,21,$1.20,$1.17,$90,$0,$0,$93,$771,$0,$0,$20,$791,$884,$14,$432,$29,$501,$515,$0,$-14,$0,$369,$884,$23,$26,$-16,$10,$-1,$0,$0,$-1,$3,$35,$-103,$0,$0,$0,$0,$0,$0,$-103,$-7,$22,$15,$140,$140,$-25,$-8,$122,$54,$1,$-25
