,Date,Stock Price,Book Value per Share,Price to Book Ratio,TTM Sales per Share,Price to Sales Ratio,TTM FCF per Share,Price to FCF Ratio,TTM Net EPS,PE Ratio,Current Assets,Current Liabilities,Current Ratio,Long Term Debt,Shareholder's Equity_x,Debt to Equity Ratio,TTM Revenue_x,TTM Gross Profit,Gross Margin,TTM Revenue_y,TTM Operating Income,Operating Margin,TTM Revenue_x,TTM EBIT,EBIT Margin,TTM Revenue_y,TTM EBITDA,EBITDA Margin,TTM Revenue_x,TTM Pre-Tax Income,Pre-Tax Margin,TTM Revenue_y,TTM Net Income_x,Net Margin,TTM Net Income_y,Shareholder's Equity_y,Return on Equity,TTM Net Income_x,Tangible Equity,Return on Tangible Equity,TTM Net Income_y,Total Assets,Return on Assets,TTM Net Income,LT Investments & Debt,Return on Investment,revenue,cost-goods-sold,gross-profit,research-development-expenses,selling-general-administrative-expenses,operating-expenses,operating-income,total-non-operating-income-expense,pre-tax-income,total-provision-income-taxes,income-after-taxes,income-from-continuous-operations,net-income,ebitda,ebit,basic-shares-outstanding,shares-outstanding,eps-basic-net-earnings-per-share,eps-earnings-per-share-diluted,cash-on-hand,inventory,other-current-assets,total-current-assets,net-property-plant-equipment,long-term-investments,goodwill-intangible-assets-total,other-long-term-assets,total-long-term-assets,total-assets,total-current-liabilities,long-term-debt,other-non-current-liabilities,total-long-term-liabilities,total-liabilities,common-stock-net,retained-earnings-accumulated-deficit,comprehensive-income,total-share-holder-equity,total-liabilities-share-holders-equity,net-income-loss,total-depreciation-amortization-cash-flow,other-non-cash-items,total-non-cash-items,change-in-accounts-receivable,change-in-inventories,change-in-accounts-payable,change-in-assets-liabilities,total-change-in-assets-liabilities,cash-flow-from-operating-activities,net-change-in-property-plant-equipment,net-change-in-intangible-assets,net-acquisitions-divestitures,net-change-in-short-term-investments,net-change-in-long-term-investments,net-change-in-investments-total,investing-activities-other,cash-flow-from-investing-activities,net-long-term-debt,net-current-debt,debt-issuance-retirement-net-total,net-common-equity-issued-repurchased,net-total-equity-issued-repurchased,total-common-preferred-stock-dividends-paid,financial-activities-other,cash-flow-from-financial-activities,net-cash-flow,stock-based-compensation,common-stock-dividends-paid
0,2018-09-30,11.3,$7.29,1.55,$18.21,0.62,$2.42,4.67,$1.35,8.37,$0.90B,$0.55B,1.63,$0.96B,$0.75B,1.28,$1.98B,$0.65B,32.84%,$1.98B,$0.21B,10.51%,$1.98B,$0.21B,10.51%,$1.98B,$0.28B,14.15%,$1.98B,$0.17B,8.54%,$1.98B,$0.15B,7.38%,$0.15B,$0.75B,19.24%,$0.15B,$-0.74B,-19.78%,$0.15B,$2.80B,5.21%,$0.21B,$1.71B,12.23%,$507,$347,$161,$0,$93,$450,$58,$-9,$49,$13,$36,$36,$36,$75,$58,$104,106,$0.34,$0.34,$95,$332,$48,$897,$266,$0,$1486,$36,$1907,$2803,$549,$959,$130,$1505,$2054,$1,$-686,$-471,$749,$2803,$72,$54,$6,$61,$46,$-81,$39,$-1,$-48,$85,$-26,$0,$-37,$0,$0,$0,$0,$-63,$99,$0,$99,$-68,$-68,$-19,$-8,$4,$18,$6,$-19
1,2018-06-30,13.85,$7.16,1.93,$18.24,0.76,$2.74,5.05,$1.29,10.74,$0.94B,$0.54B,1.74,$1.01B,$0.75B,1.35,$2.00B,$0.67B,33.28%,$2.00B,$0.21B,10.33%,$2.00B,$0.21B,10.33%,$2.00B,$0.28B,13.97%,$2.00B,$0.17B,8.48%,$2.00B,$0.14B,7.04%,$0.14B,$0.75B,18.74%,$0.14B,$-0.74B,-18.68%,$0.14B,$2.85B,5.01%,$0.21B,$1.76B,12.14%,$499,$336,$162,$0,$100,$447,$52,$-8,$44,$18,$26,$26,$26,$69,$52,$106,108,$0.24,$0.24,$139,$319,$53,$944,$266,$0,$1486,$33,$1904,$2848,$544,$1011,$125,$1556,$2099,$1,$-715,$-467,$748,$2848,$36,$36,$8,$44,$8,$-75,$60,$-8,$-87,$-7,$-17,$0,$0,$0,$0,$0,$0,$-17,$156,$0,$156,$-44,$-44,$-13,$-7,$92,$62,$7,$-13
2,2018-03-31,12.49,$7.14,1.75,$18.00,0.69,$2.92,4.28,$1.26,9.91,$0.79B,$0.49B,1.61,$0.91B,$0.77B,1.19,$2.00B,$0.67B,33.78%,$2.00B,$0.20B,9.92%,$2.00B,$0.20B,9.92%,$2.00B,$0.27B,13.68%,$2.00B,$0.16B,8.22%,$2.00B,$0.14B,6.97%,$0.14B,$0.77B,18.67%,$0.14B,$-0.74B,-17.97%,$0.14B,$2.76B,4.92%,$0.20B,$1.67B,11.57%,$406,$278,$128,$0,$102,$394,$12,$-6,$6,$-4,$10,$10,$10,$31,$12,$107,110,$0.10,$0.09,$123,$295,$52,$785,$280,$0,$1506,$51,$1970,$2755,$489,$908,$149,$1501,$1990,$1,$-734,$-467,$765,$2755,$10,$19,$3,$22,$162,$-44,$9,$-8,$28,$60,$-8,$0,$0,$0,$0,$0,$0,$-8,$10,$1,$11,$-4,$-4,$-6,$-7,$-7,$46,$3,$-6
3,2017-12-31,12.09,$7.26,1.66,$17.52,0.69,$2.98,4.06,$1.20,10.07,$0.83B,$0.54B,1.54,$0.89B,$0.77B,1.15,$1.95B,$0.66B,33.71%,$1.95B,$0.19B,9.90%,$1.95B,$0.19B,9.90%,$1.95B,$0.27B,13.80%,$1.95B,$0.16B,8.11%,$1.95B,$0.13B,6.82%,$0.13B,$0.77B,18.16%,$0.13B,$-0.74B,-16.79%,$0.13B,$2.80B,4.73%,$0.19B,$1.66B,11.20%,$567,$368,$199,$0,$98,$481,$86,$-16,$70,$-4,$74,$74,$74,$105,$86,$108,111,$0.70,$0.67,$77,$254,$29,$830,$279,$0,$1510,$43,$1970,$2799,$538,$889,$145,$1487,$2025,$1,$-739,$-461,$774,$2799,$132,$75,$-30,$45,$10,$3,$-19,$5,$28,$205,$-27,$0,$-292,$0,$0,$0,$0,$-319,$188,$0,$188,$-32,$-32,$0,$-13,$142,$34,$17,$0
4,2017-09-30,11.79,$6.77,1.74,$16.41,0.72,$2.74,4.3,$0.58,20.33,$0.87B,$0.51B,1.7,$1.01B,$0.72B,1.39,$1.82B,$0.61B,33.63%,$1.82B,$0.17B,9.18%,$1.82B,$0.17B,9.18%,$1.82B,$0.24B,13.02%,$1.82B,$0.11B,5.82%,$1.82B,$0.07B,3.57%,$0.07B,$0.72B,9.08%,$0.07B,$-0.81B,-9.04%,$0.07B,$2.86B,2.48%,$0.17B,$1.73B,10.17%,$532,$354,$178,$0,$110,$476,$57,$-7,$50,$19,$31,$31,$31,$75,$57,$108,110,$0.28,$0.28,$101,$307,$38,$865,$282,$0,$1526,$40,$1992,$2857,$510,$1006,$105,$1625,$2135,$1,$-813,$-434,$722,$2857,$58,$56,$12,$68,$65,$-48,$-4,$-5,$-10,$116,$-19,$0,$-292,$0,$0,$0,$0,$-311,$294,$0,$294,$-33,$-33,$0,$-13,$248,$58,$12,$0
5,2017-06-30,11.54,$6.59,1.75,$15.53,0.74,$2.78,4.15,$0.51,22.63,$0.90B,$0.50B,1.81,$1.07B,$0.72B,1.49,$1.72B,$0.58B,33.62%,$1.72B,$0.17B,9.66%,$1.72B,$0.17B,9.66%,$1.72B,$0.23B,13.55%,$1.72B,$0.09B,5.47%,$1.72B,$0.06B,3.32%,$0.06B,$0.72B,7.95%,$0.06B,$-0.81B,-9.05%,$0.06B,$2.88B,2.33%,$0.17B,$1.78B,10.50%,$490,$321,$169,$0,$104,$447,$43,$-5,$38,$15,$24,$24,$24,$62,$43,$110,112,$0.21,$0.21,$102,$332,$48,$902,$282,$0,$1529,$31,$1982,$2883,$497,$1067,$95,$1669,$2166,$1,$-844,$-433,$717,$2883,$27,$38,$8,$45,$51,$-75,$40,$-14,$-65,$8,$-13,$0,$-293,$0,$0,$0,$0,$-305,$369,$0,$369,$-3,$-3,$0,$-13,$353,$59,$8,$0
6,2017-03-31,13.03,$6.55,1.99,$14.91,0.87,$2.78,4.69,$0.87,14.97,$0.74B,$0.41B,1.8,$1.00B,$0.72B,1.4,$1.64B,$0.54B,33.19%,$1.64B,$0.17B,10.25%,$1.64B,$0.17B,10.25%,$1.64B,$0.23B,14.09%,$1.64B,$0.13B,7.81%,$1.64B,$0.10B,5.80%,$0.10B,$0.72B,13.34%,$0.10B,$-0.82B,-17.36%,$0.10B,$2.70B,4.16%,$0.17B,$1.72B,11.08%,$360,$249,$111,$0,$94,$353,$7,$-7,$0,$-4,$4,$4,$4,$27,$7,$108,112,$0.03,$0.03,$118,$287,$41,$742,$283,$0,$1532,$18,$1956,$2698,$412,$1003,$82,$1569,$1981,$1,$-867,$-409,$717,$2698,$4,$19,$2,$22,$165,$-31,$-4,$-1,$40,$65,$-5,$0,$-293,$0,$0,$0,$0,$-298,$318,$0,$318,$1,$1,$0,$-13,$306,$75,$2,$0
7,2016-12-31,12.93,$6.57,1.97,$14.28,0.91,$2.69,4.81,$0.88,14.69,$0.67B,$0.41B,1.65,$0.63B,$0.71B,0.89,$1.56B,$0.52B,33.08%,$1.56B,$0.17B,10.79%,$1.56B,$0.17B,10.79%,$1.56B,$0.22B,14.39%,$1.56B,$0.13B,8.03%,$1.56B,$0.10B,6.17%,$0.10B,$0.71B,13.99%,$0.10B,$-0.44B,-21.43%,$0.10B,$2.07B,4.58%,$0.17B,$1.34B,11.84%,$438,$284,$154,$0,$88,$378,$60,$-42,$18,$12,$6,$6,$6,$73,$60,$107,109,$0.05,$0.05,$43,$210,$27,$671,$198,$0,$1153,$15,$1394,$2065,$406,$628,$77,$949,$1356,$1,$-872,$-419,$709,$2065,$96,$56,$25,$81,$13,$17,$-19,$6,$-9,$167,$-18,$0,$-89,$0,$0,$0,$0,$-106,$-123,$52,$-71,$7,$7,$0,$-12,$-76,$-13,$19,$0
8,2016-09-30,9.55,$6.75,1.41,$14.00,0.68,$2.65,3.61,$1.11,8.6,$0.74B,$0.37B,1.98,$0.76B,$0.72B,1.05,$1.53B,$0.50B,32.59%,$1.53B,$0.17B,10.78%,$1.53B,$0.17B,10.78%,$1.53B,$0.22B,14.44%,$1.53B,$0.16B,10.25%,$1.53B,$0.12B,7.90%,$0.12B,$0.72B,18.49%,$0.12B,$-0.45B,-27.11%,$0.12B,$2.16B,5.85%,$0.17B,$1.48B,11.70%,$431,$287,$144,$0,$82,$376,$56,$-18,$38,$15,$23,$23,$23,$71,$56,$107,109,$0.21,$0.21,$101,$264,$31,$740,$202,$0,$1171,$17,$1417,$2157,$374,$760,$76,$1059,$1433,$1,$-878,$-385,$724,$2157,$89,$43,$-19,$24,$68,$-31,$-7,$0,$-2,$111,$-10,$0,$-89,$0,$0,$0,$0,$-99,$24,$8,$32,$2,$2,$0,$-6,$28,$46,$12,$0
9,2016-06-30,10.23,$6.52,1.57,$13.84,0.74,$2.19,4.67,$1.20,8.53,$0.79B,$0.40B,1.97,$0.83B,$0.70B,1.18,$1.51B,$0.49B,32.30%,$1.51B,$0.16B,10.83%,$1.51B,$0.16B,10.83%,$1.51B,$0.22B,14.40%,$1.51B,$0.17B,11.03%,$1.51B,$0.13B,8.65%,$0.13B,$0.70B,21.35%,$0.13B,$-0.48B,-29.09%,$0.13B,$2.23B,6.43%,$0.16B,$1.53B,11.93%,$410,$275,$135,$0,$80,$365,$45,$27,$72,$10,$62,$62,$62,$60,$45,$107,109,$0.58,$0.57,$96,$303,$42,$792,$206,$0,$1182,$17,$1432,$2225,$402,$827,$76,$1124,$1526,$1,$-901,$-384,$699,$2225,$67,$28,$-29,$-1,$61,$-71,$24,$-9,$-64,$2,$-7,$0,$-85,$0,$0,$0,$0,$-92,$97,$33,$130,$2,$2,$0,$-6,$126,$41,$8,$0
10,2016-03-31,8.9,$5.73,1.55,$13.64,0.65,$2.18,4.08,$0.88,10.11,$0.62B,$0.32B,1.96,$0.72B,$0.61B,1.17,$1.50B,$0.48B,32.09%,$1.50B,$0.17B,11.21%,$1.50B,$0.17B,11.21%,$1.50B,$0.22B,14.74%,$1.50B,$0.13B,8.94%,$1.50B,$0.10B,6.47%,$0.10B,$0.61B,16.45%,$0.10B,$-0.42B,-21.74%,$0.10B,$1.94B,4.78%,$0.17B,$1.33B,12.53%,$278,$196,$82,$0,$71,$272,$7,$-9,$-3,$-7,$5,$5,$5,$20,$7,$106,108,$0.05,$0.04,$102,$260,$35,$624,$208,$0,$1031,$52,$1315,$1940,$319,$718,$69,$1008,$1327,$1,$-962,$-402,$613,$1940,$5,$13,$3,$16,$153,$-53,$3,$-9,$32,$53,$-4,$0,$0,$0,$0,$0,$0,$-4,$0,$0,$0,$0,$0,$0,$-5,$-5,$47,$3,$0
11,2015-12-31,7.06,$5.50,1.28,$13.66,0.52,$2.10,3.37,$0.79,8.94,$0.65B,$0.36B,1.84,$0.72B,$0.58B,1.24,$1.51B,$0.48B,31.70%,$1.51B,$0.16B,10.85%,$1.51B,$0.16B,10.85%,$1.51B,$0.22B,14.43%,$1.51B,$0.13B,8.67%,$1.51B,$0.09B,5.69%,$0.09B,$0.58B,14.77%,$0.09B,$-0.44B,-18.57%,$0.09B,$1.95B,4.18%,$0.16B,$1.30B,12.12%,$412,$274,$138,$0,$76,$355,$57,$-7,$50,$19,$31,$31,$31,$70,$57,$109,111,$0.29,$0.28,$55,$204,$25,$654,$209,$0,$1018,$48,$1300,$1953,$355,$721,$65,$1017,$1372,$1,$-967,$-429,$581,$1953,$86,$56,$42,$97,$-4,$10,$-3,$1,$-12,$171,$-25,$0,$0,$0,$0,$0,$0,$-25,$-70,$-1,$-71,$-59,$-59,$0,$-8,$-138,$2,$16,$0
12,2015-09-30,7.0,$5.27,1.33,$13.89,0.5,$2.03,3.45,$0.88,7.96,$0.71B,$0.37B,1.93,$0.78B,$0.56B,1.39,$1.56B,$0.50B,31.94%,$1.56B,$0.18B,11.29%,$1.56B,$0.18B,11.23%,$1.56B,$0.23B,14.88%,$1.56B,$0.14B,8.98%,$1.56B,$0.10B,6.35%,$0.10B,$0.56B,16.30%,$0.10B,$-0.46B,-21.41%,$0.10B,$2.03B,4.67%,$0.18B,$1.34B,12.62%,$414,$280,$134,$0,$74,$359,$55,$-7,$48,$15,$33,$33,$33,$68,$55,$108,110,$0.30,$0.30,$71,$252,$31,$710,$211,$0,$1024,$53,$1317,$2027,$369,$779,$64,$1097,$1466,$1,$-999,$-425,$561,$2027,$55,$42,$11,$53,$41,$-37,$-18,$-5,$-38,$70,$-19,$0,$0,$0,$0,$0,$0,$-19,$-20,$46,$26,$-46,$-46,$0,$-8,$-27,$18,$11,$0
13,2015-06-30,7.7,$5.58,1.38,$14.15,0.54,$1.99,3.86,$0.87,8.85,$0.81B,$0.47B,1.72,$0.79B,$0.60B,1.3,$1.62B,$0.52B,31.97%,$1.62B,$0.18B,11.32%,$1.62B,$0.18B,11.26%,$1.62B,$0.24B,14.90%,$1.62B,$0.15B,9.03%,$1.62B,$0.10B,6.18%,$0.10B,$0.60B,15.41%,$0.10B,$-0.47B,-22.20%,$0.10B,$2.19B,4.56%,$0.18B,$1.39B,12.49%,$395,$268,$127,$0,$72,$346,$49,$-10,$39,$11,$28,$28,$28,$63,$49,$109,111,$0.25,$0.25,$87,$314,$40,$810,$225,$0,$1071,$57,$1384,$2194,$471,$785,$74,$1119,$1591,$1,$-1031,$-354,$604,$2194,$22,$29,$11,$40,$59,$-92,$37,$-9,$-53,$9,$-16,$0,$0,$0,$0,$0,$0,$-16,$-4,$95,$90,$-40,$-40,$0,$-7,$43,$34,$8,$0
14,2015-03-31,8.23,$5.31,1.55,$14.25,0.58,$2.02,4.07,$0.80,10.29,$0.67B,$0.34B,1.97,$0.80B,$0.58B,1.37,$1.65B,$0.52B,31.58%,$1.65B,$0.18B,10.79%,$1.65B,$0.18B,10.73%,$1.65B,$0.24B,14.42%,$1.65B,$0.14B,8.61%,$1.65B,$0.09B,5.64%,$0.09B,$0.58B,13.57%,$0.09B,$-0.49B,-21.09%,$0.09B,$2.05B,4.14%,$0.18B,$1.38B,11.62%,$290,$210,$80,$0,$73,$287,$3,$-8,$-6,$0,$-6,$-6,$-6,$17,$3,$112,112,$-0.05,$-0.05,$91,$273,$40,$670,$223,$0,$1068,$57,$1377,$2047,$340,$798,$72,$1123,$1463,$1,$-1059,$-367,$583,$2047,$-6,$15,$5,$20,$157,$-53,$-3,$-5,$36,$50,$-9,$0,$0,$0,$0,$0,$0,$-9,$0,$20,$20,$-15,$-15,$0,$-5,$0,$38,$3,$0
15,2014-12-31,8.93,$6.09,1.47,$14.55,0.61,$2.02,4.42,$0.78,11.44,$0.78B,$0.40B,1.97,$0.79B,$0.68B,1.16,$1.69B,$0.53B,31.38%,$1.69B,$0.17B,10.30%,$1.69B,$0.17B,10.24%,$1.69B,$0.24B,13.97%,$1.69B,$0.14B,8.11%,$1.69B,$0.09B,5.39%,$0.09B,$0.68B,12.69%,$0.09B,$-0.44B,-20.87%,$0.09B,$2.22B,3.94%,$0.17B,$1.47B,10.92%,$460,$303,$157,$0,$79,$391,$69,$-9,$59,$15,$44,$44,$44,$84,$69,$114,116,$0.39,$0.39,$53,$230,$36,$779,$236,$0,$1116,$53,$1436,$2215,$395,$788,$78,$1139,$1534,$1,$-1053,$-293,$681,$2215,$92,$62,$35,$98,$20,$12,$-10,$-6,$-17,$172,$-26,$0,$0,$0,$0,$0,$0,$-26,$-121,$1,$-120,$-19,$-19,$0,$-3,$-142,$-0,$16,$0
16,2014-09-30,6.84,$6.49,1.05,$14.95,0.46,$2.18,3.13,$0.83,8.24,$0.82B,$0.37B,2.21,$0.90B,$0.73B,1.23,$1.73B,$0.55B,31.51%,$1.73B,$0.17B,9.92%,$1.73B,$0.17B,9.92%,$1.73B,$0.24B,13.62%,$1.73B,$0.14B,7.85%,$1.73B,$0.10B,5.60%,$0.10B,$0.73B,13.43%,$0.10B,$-0.42B,-21.77%,$0.10B,$2.31B,4.12%,$0.17B,$1.62B,10.54%,$472,$319,$153,$0,$86,$410,$62,$-8,$54,$19,$34,$34,$34,$77,$62,$114,117,$0.30,$0.29,$73,$286,$42,$824,$243,$0,$1143,$69,$1485,$2310,$373,$896,$83,$1208,$1582,$1,$-1097,$-212,$728,$2310,$48,$47,$12,$59,$72,$-38,$-23,$-10,$-39,$68,$-17,$0,$0,$0,$0,$0,$0,$-17,$-25,$1,$-24,$-3,$-3,$0,$-2,$-29,$19,$12,$0
17,2014-06-30,6.35,$6.55,0.97,$14.97,0.42,$2.61,2.43,$0.77,8.25,$0.88B,$0.45B,1.96,$0.91B,$0.75B,1.21,$1.73B,$0.53B,30.87%,$1.73B,$0.16B,9.25%,$1.73B,$0.16B,9.25%,$1.73B,$0.23B,13.06%,$1.73B,$0.12B,7.11%,$1.73B,$0.09B,5.14%,$0.09B,$0.75B,12.72%,$0.09B,$-0.43B,-18.53%,$0.09B,$2.42B,3.75%,$0.16B,$1.65B,9.80%,$428,$297,$131,$0,$82,$384,$44,$-9,$35,$14,$21,$21,$21,$60,$44,$114,117,$0.19,$0.18,$92,$329,$49,$877,$254,$0,$1179,$70,$1538,$2415,$447,$905,$87,$1219,$1666,$1,$-1131,$-158,$749,$2415,$14,$32,$11,$43,$108,$-71,$12,$-14,$-51,$6,$-9,$0,$0,$0,$0,$0,$0,$-9,$0,$43,$43,$0,$0,$0,$-2,$41,$39,$8,$0
18,2014-03-31,6.1,$6.22,0.98,$15.11,0.4,$2.94,2.07,$0.67,9.11,$0.77B,$0.37B,2.06,$0.91B,$0.71B,1.29,$1.74B,$0.54B,31.00%,$1.74B,$0.15B,8.84%,$1.74B,$0.15B,8.84%,$1.74B,$0.22B,12.74%,$1.74B,$0.10B,5.97%,$1.74B,$0.08B,4.48%,$0.08B,$0.71B,11.72%,$0.08B,$-0.47B,-14.97%,$0.08B,$2.30B,3.27%,$0.15B,$1.62B,9.49%,$329,$241,$89,$0,$82,$330,$-1,$-10,$-11,$-3,$-8,$-8,$-8,$15,$-1,$114,114,$-0.07,$-0.07,$95,$299,$54,$769,$254,$0,$1175,$68,$1534,$2303,$373,$914,$85,$1220,$1593,$1,$-1153,$-172,$710,$2303,$-8,$16,$7,$23,$188,$-43,$-9,$-17,$33,$48,$-6,$0,$0,$0,$0,$0,$0,$-6,$0,$1,$1,$0,$0,$0,$-1,$-1,$42,$3,$0
19,2013-12-31,6.66,$6.18,1.08,$15.32,0.43,$3.26,2.04,$0.66,10.09,$0.84B,$0.45B,1.89,$0.92B,$0.70B,1.31,$1.77B,$0.55B,31.05%,$1.77B,$0.15B,8.27%,$1.77B,$0.15B,8.27%,$1.77B,$0.22B,12.24%,$1.77B,$0.09B,5.16%,$1.77B,$0.08B,4.36%,$0.08B,$0.70B,11.92%,$0.08B,$-0.47B,-13.90%,$0.08B,$2.38B,3.20%,$0.15B,$1.62B,8.92%,$504,$331,$173,$0,$88,$437,$67,$-9,$58,$8,$50,$50,$50,$84,$67,$114,116,$0.45,$0.44,$54,$255,$28,$842,$253,$0,$1175,$75,$1541,$2383,$445,$921,$84,$1236,$1681,$1,$-1145,$-186,$702,$2383,$77,$71,$8,$79,$1,$7,$27,$0,$39,$195,$-31,$0,$-3,$0,$0,$0,$0,$-33,$-150,$-1,$-150,$0,$0,$0,$-5,$-156,$4,$16,$0
20,2013-09-30,6.58,$5.62,1.17,$16.48,0.4,$1.49,4.43,$0.12,54.82,$0.82B,$0.41B,1.99,$0.99B,$0.64B,1.55,$1.79B,$0.56B,31.10%,$1.79B,$0.15B,8.15%,$1.79B,$0.15B,8.15%,$1.79B,$0.22B,12.28%,$1.79B,$0.08B,4.58%,$1.79B,$0.01B,0.56%,$0.01B,$0.64B,1.59%,$0.01B,$-0.55B,-1.71%,$0.01B,$2.39B,0.41%,$0.15B,$1.63B,8.80%,$469,$328,$141,$0,$83,$419,$50,$-9,$41,$15,$26,$26,$26,$67,$50,$114,116,$0.23,$0.23,$71,$291,$32,$819,$258,$0,$1192,$78,$1570,$2390,$412,$991,$85,$1339,$1751,$1,$-1195,$-195,$638,$2390,$27,$53,$12,$65,$86,$-31,$21,$-6,$33,$125,$-26,$0,$-1,$0,$0,$0,$0,$-27,$-72,$1,$-70,$0,$0,$0,$-5,$-75,$21,$12,$0
21,2013-06-30,6.3,$5.38,1.17,$16.79,0.38,$-0.20,0.0,$0.37,17.03,$0.88B,$0.50B,1.75,$1.00B,$0.61B,1.64,$1.82B,$0.57B,31.10%,$1.82B,$0.15B,8.34%,$1.82B,$0.15B,8.34%,$1.82B,$0.23B,12.67%,$1.82B,$0.08B,4.55%,$1.82B,$0.04B,2.14%,$0.04B,$0.61B,6.09%,$0.04B,$-0.59B,-6.69%,$0.04B,$2.46B,1.57%,$0.15B,$1.61B,8.82%,$440,$303,$137,$0,$87,$402,$38,$-22,$16,$7,$10,$10,$10,$56,$38,$114,116,$0.08,$0.08,$95,$323,$46,$876,$268,$0,$1203,$74,$1586,$2462,$500,$1001,$87,$1351,$1851,$1,$-1221,$-191,$611,$2462,$1,$37,$10,$46,$94,$-65,$48,$-11,$11,$57,$-23,$0,$-1,$0,$0,$0,$0,$-24,$-39,$58,$19,$0,$0,$0,$-5,$14,$45,$7,$0
22,2013-03-31,6.62,$5.58,1.19,$17.54,0.38,$-2.31,0.0,$1.27,5.21,$0.78B,$0.36B,2.17,$1.05B,$0.63B,1.66,$1.82B,$0.55B,30.41%,$1.82B,$0.13B,6.92%,$1.82B,$0.13B,6.92%,$1.82B,$0.21B,11.69%,$1.82B,$-0.01B,-0.77%,$1.82B,$0.12B,6.75%,$0.12B,$0.63B,19.36%,$0.12B,$-0.60B,-20.96%,$0.12B,$2.40B,4.93%,$0.13B,$1.68B,7.08%,$352,$255,$97,$0,$90,$361,$-9,$-14,$-24,$-15,$-9,$-9,$-9,$9,$-9,$113,113,$-0.08,$-0.08,$102,$288,$51,$776,$270,$0,$1231,$82,$1625,$2401,$358,$1050,$81,$1410,$1768,$1,$-1231,$-155,$633,$2401,$-9,$18,$-1,$17,$189,$-25,$-1,$-10,$77,$86,$-7,$0,$-1,$0,$0,$0,$0,$-9,$-20,$-1,$-21,$0,$0,$0,$-1,$-22,$52,$2,$0
23,2012-12-31,7.27,$5.65,1.29,$19.64,0.37,$-3.85,0.0,$1.04,6.99,$0.87B,$0.43B,2.04,$1.07B,$0.64B,1.68,$1.76B,$0.54B,30.53%,$1.76B,$0.14B,7.90%,$1.76B,$0.14B,7.90%,$1.76B,$0.22B,12.34%,$1.76B,$-0.00B,-0.17%,$1.76B,$0.12B,6.54%,$0.12B,$0.64B,25.00%,$0.12B,$-0.60B,-22.07%,$0.12B,$2.51B,5.33%,$0.14B,$1.71B,9.21%,$530,$348,$182,$0,$105,$462,$67,$-19,$49,$64,$-15,$-15,$-17,$88,$67,$94,96,$0.05,$0.05,$50,$266,$29,$874,$274,$0,$1236,$87,$1633,$2508,$429,$1071,$84,$1439,$1869,$1,$-1222,$-156,$639,$2508,$115,$78,$-123,$-45,$-154,$62,$-25,$7,$-78,$-8,$-27,$0,$-396,$0,$0,$0,$0,$-423,$398,$1,$399,$0,$0,$0,$-39,$360,$-71,$9,$0
24,2012-09-30,6.43,$6.01,1.07,$20.21,0.32,$-2.65,0.0,$1.31,4.91,$0.92B,$0.37B,2.5,$1.21B,$0.68B,1.77,$1.58B,$0.46B,29.11%,$1.58B,$0.11B,6.84%,$1.58B,$0.11B,6.84%,$1.58B,$0.17B,11.01%,$1.58B,$-0.03B,-2.03%,$1.58B,$0.14B,8.92%,$0.14B,$0.68B,49.52%,$0.14B,$-0.55B,-31.09%,$0.14B,$2.55B,7.79%,$0.11B,$1.89B,8.76%,$501,$350,$151,$0,$87,$445,$56,$-15,$42,$-14,$55,$55,$55,$78,$56,$113,115,$0.49,$0.48,$125,$320,$39,$920,$272,$0,$1225,$98,$1633,$2553,$369,$1206,$43,$1504,$1873,$1,$-1205,$-128,$680,$2553,$132,$57,$-105,$-48,$-66,$-0,$-17,$-2,$-164,$-80,$-15,$0,$-399,$0,$0,$0,$0,$-414,$536,$1,$537,$0,$0,$0,$-38,$499,$4,$6,$0
25,2012-06-30,10.24,$5.20,1.97,$21.75,0.47,$-2.41,0.0,$1.03,9.95,$0.93B,$0.41B,2.26,$1.25B,$0.59B,2.12,$1.42B,$0.41B,29.06%,$1.42B,$0.09B,6.14%,$1.42B,$0.09B,6.14%,$1.42B,$0.14B,10.08%,$1.42B,$-0.06B,-4.16%,$1.42B,$0.10B,6.91%,$0.10B,$0.59B,92.02%,$0.10B,$-0.61B,-24.97%,$0.10B,$2.53B,6.83%,$0.09B,$1.84B,9.45%,$439,$314,$124,$0,$93,$427,$12,$-93,$-81,$-176,$94,$94,$94,$38,$12,$94,96,$1.00,$0.98,$95,$352,$50,$933,$269,$0,$1196,$95,$1594,$2527,$414,$1249,$44,$1525,$1939,$1,$-1260,$-163,$589,$2527,$77,$35,$-102,$-67,$-79,$-29,$4,$-9,$-176,$-166,$-8,$0,$-399,$0,$0,$0,$0,$-407,$588,$1,$589,$0,$0,$0,$-38,$551,$-27,$4,$0
26,2012-03-31,12.29,$-0.60,-20.34,$22.88,0.54,$-1.23,0.0,$0.80,15.37,$0.56B,$0.24B,2.28,$0.67B,$-0.07B,-9.8,$1.31B,$0.39B,29.72%,$1.31B,$0.11B,8.10%,$1.31B,$0.11B,8.10%,$1.31B,$0.15B,11.15%,$1.31B,$0.03B,2.60%,$1.31B,$0.05B,3.67%,$0.05B,$-0.07B,-100.52%,$0.05B,$-0.33B,-15.18%,$0.05B,$1.05B,4.42%,$0.11B,$0.60B,16.74%,$289,$209,$80,$0,$68,$285,$4,$-17,$-13,$4,$-17,$-17,$-17,$13,$4,$56,56,$-0.31,$-0.31,$74,$203,$35,$555,$143,$0,$266,$64,$490,$1045,$243,$669,$13,$870,$1113,$1,$-1355,$-121,$-68,$1045,$-17,$9,$11,$20,$40,$-4,$-31,$-10,$-48,$-45,$-2,$0,$-0,$0,$0,$0,$0,$-2,$-0,$0,$-0,$0,$0,$0,$-1,$-1,$-47,$2,$0
27,2011-12-31,9.56,$-1.12,-8.57,$23.10,0.41,$-1.57,0.0,$0.96,9.96,$0.62B,$0.31B,2.04,$0.67B,$-0.06B,-10.81,$1.32B,$0.40B,30.20%,$1.32B,$0.12B,8.73%,$1.32B,$0.12B,8.73%,$1.32B,$0.16B,11.91%,$1.32B,$0.04B,3.19%,$1.32B,$0.06B,4.32%,$0.06B,$-0.06B,-114.00%,$0.06B,$-0.33B,-17.63%,$0.06B,$1.12B,5.19%,$0.12B,$0.61B,17.81%,$351,$245,$105,$0,$68,$315,$36,$-16,$20,$10,$9,$9,$9,$45,$36,$55,58,$0.18,$0.18,$121,$198,$27,$623,$147,$0,$265,$65,$494,$1117,$306,$669,$12,$873,$1179,$1,$-1337,$-131,$-62,$1117,$57,$41,$-30,$11,$1,$5,$17,$0,$-6,$62,$-14,$0,$54,$0,$0,$0,$0,$40,$-63,$0,$-63,$0,$0,$0,$-0,$-63,$38,$6,$0
28,2011-09-30,4.73,$-0.59,-8.04,$23.12,0.2,$-1.64,0.0,$0.92,5.14,$0.55B,$0.26B,2.17,$0.67B,$-0.03B,-20.51,$1.32B,$0.39B,29.48%,$1.32B,$0.11B,8.51%,$1.32B,$0.11B,8.51%,$1.32B,$0.16B,11.78%,$1.32B,$0.04B,3.04%,$1.32B,$0.06B,4.18%,$0.06B,$-0.03B,-100.92%,$0.06B,$-0.30B,-16.67%,$0.06B,$1.05B,4.97%,$0.11B,$0.64B,17.07%,$339,$236,$103,$0,$67,$304,$35,$-20,$15,$4,$12,$12,$12,$47,$35,$55,58,$0.21,$0.20,$41,$218,$33,$554,$152,$0,$269,$64,$497,$1050,$255,$669,$13,$828,$1083,$1,$-1347,$-90,$-33,$1050,$47,$32,$-35,$-3,$18,$-14,$-5,$-5,$-66,$-22,$-12,$0,$55,$0,$0,$0,$1,$44,$-63,$0,$-63,$-0,$-0,$0,$0,$-63,$-42,$4,$0
29,2011-06-30,7.78,$-0.51,-15.16,$22.82,0.34,$-1.48,0.0,$0.82,9.48,$0.62B,$0.29B,2.19,$0.72B,$-0.03B,-25.33,$1.30B,$0.38B,29.55%,$1.30B,$0.11B,8.26%,$1.30B,$0.11B,8.26%,$1.30B,$0.15B,11.50%,$1.30B,$0.04B,2.93%,$1.30B,$0.05B,3.70%,$0.05B,$-0.03B,-68.09%,$0.05B,$-0.30B,-13.70%,$0.05B,$1.14B,4.29%,$0.11B,$0.69B,16.35%,$330,$229,$101,$0,$70,$300,$31,$-18,$12,$6,$6,$6,$44,$41,$31,$55,58,$0.79,$0.75,$93,$222,$32,$624,$159,$0,$275,$67,$512,$1136,$285,$717,$14,$879,$1164,$1,$-1358,$-73,$-28,$1136,$36,$21,$-36,$-15,$16,$-10,$-8,$-6,$-49,$-29,$-8,$0,$55,$0,$0,$0,$1,$47,$-11,$0,$-11,$-0,$-0,$0,$0,$-11,$10,$3,$0
30,2011-03-31,9.45,$-1.40,-6.77,$22.46,0.42,$-0.87,0.0,$0.16,59.07,$0.57B,$0.27B,2.07,$0.73B,$-0.08B,-9.45,$1.27B,$0.38B,29.66%,$1.27B,$0.10B,7.95%,$1.27B,$0.10B,7.95%,$1.27B,$0.14B,11.33%,$1.27B,$0.03B,2.52%,$1.27B,$0.01B,0.71%,$0.01B,$-0.08B,-9.47%,$0.01B,$-0.36B,-2.39%,$0.01B,$1.09B,0.82%,$0.10B,$0.65B,15.98%,$298,$209,$89,$0,$74,$285,$13,$-18,$-5,$5,$-9,$-9,$-8,$24,$13,$55,55,$-0.15,$-0.15,$20,$226,$34,$567,$163,$0,$285,$68,$527,$1094,$274,$728,$18,$897,$1171,$1,$-1402,$-76,$-77,$1094,$-8,$10,$5,$15,$15,$-7,$-14,$-9,$-67,$-60,$-5,$0,$0,$0,$0,$0,$0,$-5,$0,$0,$0,$-0,$-0,$0,$0,$-0,$-63,$1,$0
31,2010-12-31,8.44,$-1.45,-5.81,$22.73,0.37,$-0.23,0.0,$0.22,38.37,$0.62B,$0.33B,1.89,$0.73B,$-0.08B,-9.12,$1.28B,$0.38B,29.83%,$1.28B,$0.11B,8.57%,$1.28B,$0.11B,8.57%,$1.28B,$0.15B,11.92%,$1.28B,$0.04B,3.04%,$1.28B,$0.01B,0.93%,$0.01B,$-0.08B,-11.40%,$0.01B,$-0.35B,-3.10%,$0.01B,$1.15B,1.10%,$0.11B,$0.65B,17.71%,$349,$254,$95,$0,$60,$316,$33,$-16,$18,$14,$4,$4,$7,$43,$33,$55,57,$0.13,$0.13,$83,$206,$24,$621,$163,$0,$274,$72,$529,$1150,$328,$727,$13,$902,$1229,$1,$-1394,$-86,$-80,$1150,$12,$43,$13,$56,$-19,$-10,$15,$-5,$-13,$55,$-11,$0,$-4,$0,$0,$0,$0,$-15,$1,$-1,$1,$-0,$-0,$0,$-1,$-0,$40,$4,$0
32,2010-09-30,5.7,$-1.77,-3.21,$22.38,0.25,$0.07,76.98,$0.12,47.47,$0.55B,$0.28B,1.92,$0.73B,$-0.10B,-7.46,$1.25B,$0.38B,30.58%,$1.25B,$0.10B,8.09%,$1.25B,$0.10B,8.09%,$1.25B,$0.15B,11.61%,$1.25B,$0.03B,2.24%,$1.25B,$0.01B,0.48%,$0.01B,$-0.10B,-5.24%,$0.01B,$-0.38B,-1.50%,$0.01B,$1.10B,0.55%,$0.10B,$0.63B,16.53%,$319,$222,$98,$0,$66,$289,$30,$-18,$13,$8,$4,$4,$5,$41,$30,$55,57,$0.10,$0.09,$14,$233,$27,$545,$167,$0,$284,$69,$552,$1097,$284,$726,$16,$911,$1195,$1,$-1401,$-95,$-97,$1097,$6,$33,$3,$35,$1,$-28,$9,$-7,$-56,$-15,$-9,$0,$-4,$0,$0,$0,$0,$-13,$0,$-1,$-0,$0,$0,$0,$-1,$-1,$-29,$3,$0
33,2010-06-30,4.94,$-2.29,-2.16,$22.52,0.22,$0.85,5.81,$0.04,123.59,$0.52B,$0.28B,1.86,$0.73B,$-0.13B,-5.78,$1.25B,$0.38B,30.65%,$1.25B,$0.10B,7.90%,$1.25B,$0.10B,7.90%,$1.25B,$0.14B,11.41%,$1.25B,$0.02B,1.92%,$1.25B,$0.00B,0.16%,$0.00B,$-0.13B,-1.72%,$0.00B,$-0.41B,-0.50%,$0.00B,$1.06B,0.19%,$0.10B,$0.60B,16.25%,$305,$211,$95,$0,$69,$280,$25,$-19,$6,$2,$4,$4,$5,$36,$25,$55,57,$0.09,$0.09,$35,$213,$28,$524,$165,$0,$280,$64,$540,$1064,$281,$726,$16,$908,$1190,$1,$-1406,$-118,$-126,$1064,$0,$22,$5,$27,$10,$-16,$14,$-10,$-23,$4,$-5,$0,$-4,$0,$0,$0,$0,$-9,$0,$-0,$-0,$0,$0,$0,$-1,$-1,$-9,$2,$0
34,2010-03-31,7.59,$-2.15,-3.52,$22.76,0.33,$0.72,10.51,$-2.28,0.0,$0.51B,$0.27B,1.9,$0.73B,$-0.12B,-6.15,$1.25B,$0.38B,30.19%,$1.25B,$0.09B,6.79%,$1.25B,$0.09B,6.79%,$1.25B,$0.13B,10.38%,$1.25B,$0.01B,1.12%,$1.25B,$-0.12B,-9.90%,$-0.12B,$-0.12B,111.46%,$-0.12B,$-0.40B,31.00%,$-0.12B,$1.06B,-11.41%,$0.09B,$0.61B,14.54%,$311,$216,$95,$0,$72,$289,$22,$-19,$2,$7,$-5,$-5,$-5,$33,$22,$55,55,$-0.09,$-0.09,$28,$199,$31,$508,$173,$0,$286,$66,$555,$1063,$268,$725,$17,$913,$1181,$1,$-1411,$-104,$-118,$1063,$-5,$11,$2,$13,$17,$3,$-1,$-10,$-36,$-27,$-3,$0,$0,$0,$0,$0,$0,$-3,$15,$0,$15,$0,$0,$0,$-1,$15,$-16,$1,$0
35,2009-12-31,7.21,$-2.15,-3.36,$22.46,0.32,$0.64,11.19,$-2.32,0.0,$0.54B,$0.30B,1.8,$0.73B,$-0.12B,-6.19,$1.23B,$0.37B,29.58%,$1.23B,$0.08B,6.16%,$1.23B,$0.08B,6.16%,$1.23B,$0.12B,9.81%,$1.23B,$0.01B,0.57%,$1.23B,$-0.13B,-10.21%,$-0.13B,$-0.12B,153.66%,$-0.13B,$-0.41B,33.99%,$-0.13B,$1.11B,-11.24%,$0.08B,$0.61B,12.89%,$314,$220,$94,$0,$65,$290,$24,$-17,$7,$7,$0,$0,$1,$35,$24,$55,55,$0.02,$0.02,$44,$202,$21,$537,$181,$0,$289,$68,$570,$1107,$299,$725,$19,$925,$1224,$1,$-1406,$-107,$-117,$1107,$-126,$46,$123,$168,$42,$79,$-55,$10,$29,$72,$-13,$0,$9,$0,$0,$0,$0,$-4,$429,$-452,$-24,$-0,$-0,$0,$-21,$-45,$26,$3,$0
36,2009-09-30,7.15,$-1.89,-3.79,$23.23,0.31,$-0.09,0.0,$-7.10,0.0,$0.53B,$0.31B,1.7,$0.73B,$-0.10B,-7.05,$1.27B,$0.38B,30.09%,$1.27B,$-0.20B,-15.32%,$1.27B,$-0.20B,-15.32%,$1.27B,$-0.15B,-11.78%,$1.27B,$-0.24B,-18.93%,$1.27B,$-0.39B,-30.24%,$-0.39B,$-0.10B,719.63%,$-0.39B,$-0.39B,112.41%,$-0.39B,$1.08B,-33.05%,$-0.20B,$0.62B,-32.61%,$323,$223,$100,$0,$69,$295,$28,$-19,$9,$7,$2,$2,$1,$39,$28,$55,56,$0.02,$0.02,$24,$214,$27,$528,$187,$0,$290,$67,$550,$1078,$311,$725,$8,$870,$1181,$1,$-1407,$-91,$-103,$1078,$-119,$34,$1,$35,$46,$66,$-60,$2,$114,$31,$-11,$0,$10,$0,$0,$0,$0,$-1,$31,$-38,$-7,$0,$0,$0,$-19,$-27,$6,$3,$0
37,2009-06-30,2.79,$-1.96,-1.42,$25.07,0.11,$-0.61,0.0,$-7.72,0.0,$0.56B,$0.42B,1.32,$0.61B,$-0.11B,-5.69,$1.36B,$0.41B,30.05%,$1.36B,$-0.21B,-15.06%,$1.36B,$-0.21B,-15.06%,$1.36B,$-0.16B,-11.68%,$1.36B,$-0.25B,-18.15%,$1.36B,$-0.42B,-30.79%,$-0.42B,$-0.11B,-681.30%,$-0.42B,$-0.40B,141.91%,$-0.42B,$1.10B,-31.98%,$-0.21B,$0.50B,-28.79%,$304,$215,$89,$0,$64,$293,$11,$-15,$-4,$113,$-117,$-117,$-121,$23,$11,$55,55,$-2.23,$-2.23,$33,$230,$31,$559,$191,$0,$290,$54,$541,$1100,$424,$610,$37,$783,$1207,$1,$-1409,$-93,$-107,$1100,$-120,$23,$-3,$20,$38,$46,$-53,$9,$99,$-1,$-7,$0,$11,$0,$0,$0,$0,$4,$-8,$19,$11,$0,$0,$0,$-0,$11,$15,$2,$0
38,2009-03-31,0.97,$-0.02,-40.79,$27.13,0.04,$-1.68,0.0,$-6.35,0.0,$0.60B,$0.42B,1.43,$0.63B,$-0.00B,-483.5,$1.47B,$0.45B,30.25%,$1.47B,$-0.20B,-13.87%,$1.47B,$-0.20B,-13.87%,$1.47B,$-0.16B,-10.67%,$1.47B,$-0.25B,-16.86%,$1.47B,$-0.35B,-23.45%,$-0.35B,$-0.00B,-181.34%,$-0.35B,$-0.29B,141.10%,$-0.35B,$1.20B,-23.18%,$-0.20B,$0.63B,-23.39%,$293,$211,$82,$0,$65,$280,$13,$-18,$-5,$-1,$-4,$-4,$-7,$24,$13,$54,54,$-0.13,$-0.13,$18,$239,$38,$602,$187,$0,$286,$49,$598,$1200,$422,$629,$29,$779,$1201,$1,$-1287,$-109,$-1,$1200,$-4,$11,$0,$11,$26,$21,$-35,$-8,$-39,$-32,$-2,$0,$0,$0,$0,$0,$0,$-2,$-1,$35,$34,$0,$0,$0,$-0,$34,$-1,$1,$0
39,2008-12-31,3.42,$-0.06,-54.6,$29.13,0.12,$-2.11,0.0,$-6.25,0.0,$0.67B,$0.46B,1.43,$0.64B,$-0.00B,-189.48,$1.58B,$0.48B,30.67%,$1.58B,$-0.21B,-13.12%,$1.58B,$-0.21B,-13.12%,$1.58B,$-0.16B,-9.95%,$1.58B,$-0.25B,-15.59%,$1.58B,$-0.34B,-21.55%,$-0.34B,$-0.00B,-112.68%,$-0.34B,$-0.29B,151.45%,$-0.34B,$1.28B,-20.48%,$-0.21B,$0.64B,-20.42%,$353,$241,$112,$0,$91,$600,$-247,$6,$-241,$-1,$-240,$-240,$-258,$-236,$-247,$54,54,$-4.77,$-4.77,$18,$267,$39,$665,$195,$0,$289,$49,$618,$1282,$464,$644,$44,$822,$1286,$1,$-1280,$-118,$-3,$1282,$-263,$49,$239,$288,$81,$-8,$-37,$2,$10,$37,$-19,$0,$0,$0,$0,$0,$0,$-19,$-63,$32,$-31,$0,$0,$0,$-7,$-38,$-24,$6,$0
40,2008-09-30,7.47,$6.58,1.13,$30.42,0.25,$-1.98,0.0,$-1.75,0.0,$0.72B,$0.42B,1.7,$0.72B,$0.36B,2.02,$1.65B,$0.53B,31.92%,$1.65B,$0.09B,5.26%,$1.65B,$0.09B,5.26%,$1.65B,$0.14B,8.40%,$1.65B,$0.03B,1.63%,$1.65B,$-0.10B,-5.80%,$-0.10B,$0.36B,-23.30%,$-0.10B,$-0.20B,50.20%,$-0.10B,$1.66B,-5.29%,$0.09B,$1.08B,7.53%,$411,$285,$126,$0,$90,$393,$18,$-16,$3,$18,$-15,$-15,$-33,$30,$18,$54,54,$-0.60,$-0.60,$35,$282,$37,$717,$211,$0,$560,$90,$941,$1658,$422,$721,$0,$879,$1301,$1,$-1022,$-13,$357,$1658,$-81,$38,$80,$118,$75,$11,$-53,$-8,$-29,$8,$-17,$0,$0,$0,$0,$0,$0,$-17,$-12,$16,$4,$0,$0,$0,$-1,$3,$-8,$4,$0
41,2008-06-30,11.13,$7.53,1.48,$31.83,0.35,$-2.20,0.0,$-0.99,0.0,$0.78B,$0.49B,1.58,$0.73B,$0.41B,1.8,$1.74B,$0.55B,31.65%,$1.74B,$0.10B,5.52%,$1.74B,$0.10B,5.52%,$1.74B,$0.15B,8.52%,$1.74B,$0.04B,2.19%,$1.74B,$-0.05B,-3.11%,$-0.05B,$0.41B,-12.51%,$-0.05B,$-0.19B,26.73%,$-0.05B,$1.81B,-2.88%,$0.10B,$1.14B,8.05%,$414,$289,$125,$0,$95,$402,$12,$-17,$-5,$1,$-6,$-6,$-47,$25,$12,$54,54,$-0.86,$-0.86,$34,$310,$39,$775,$228,$0,$602,$113,$1039,$1814,$490,$734,$0,$917,$1407,$1,$-989,$5,$408,$1814,$-49,$26,$65,$91,$66,$-8,$-58,$-8,$-83,$-40,$-26,$0,$0,$0,$0,$0,$0,$-26,$-21,$79,$59,$0,$0,$0,$-1,$58,$-8,$4,$0
42,2008-03-31,13.44,$8.22,1.64,$32.63,0.41,$-1.63,0.0,$-0.05,0.0,$0.79B,$0.49B,1.6,$0.75B,$0.45B,1.68,$1.79B,$0.56B,31.53%,$1.79B,$0.10B,5.81%,$1.79B,$0.10B,5.81%,$1.79B,$0.16B,8.66%,$1.79B,$0.05B,2.74%,$1.79B,$-0.00B,-0.11%,$-0.00B,$0.45B,-0.46%,$-0.00B,$-0.21B,0.91%,$-0.00B,$1.89B,-0.11%,$0.10B,$1.19B,8.61%,$400,$279,$121,$0,$103,$390,$10,$-14,$-3,$-1,$-2,$-2,$-2,$24,$10,$54,54,$-0.03,$-0.03,$39,$317,$41,$788,$243,$0,$652,$110,$1100,$1888,$492,$749,$0,$950,$1443,$1,$-943,$-2,$445,$1888,$-2,$14,$-0,$13,$65,$-16,$-43,$-11,$-53,$-41,$-16,$0,$0,$0,$0,$0,$0,$-16,$-21,$74,$54,$0,$0,$0,$-1,$53,$-4,$1,$0
43,2007-12-31,15.89,$8.10,1.96,$33.36,0.48,$-1.08,0.0,$-0.02,0.0,$0.82B,$0.50B,1.65,$0.77B,$0.44B,1.75,$1.84B,$0.57B,31.17%,$1.84B,$0.11B,5.83%,$1.84B,$0.11B,5.83%,$1.84B,$0.16B,8.50%,$1.84B,$0.05B,2.78%,$1.84B,$-0.00B,0.00%,$-0.00B,$0.44B,0.00%,$-0.00B,$-0.16B,0.00%,$-0.00B,$1.90B,0.00%,$0.11B,$1.21B,8.87%,$429,$273,$156,$0,$100,$382,$47,$-15,$32,$12,$20,$21,$-14,$60,$47,$54,55,$-0.26,$-0.26,$42,$283,$29,$822,$218,$0,$599,$64,$1077,$1899,$498,$769,$56,$962,$1460,$1,$-941,$-9,$438,$1899,$34,$49,$1,$50,$22,$-16,$9,$3,$3,$81,$-55,$0,$0,$0,$0,$0,$0,$-55,$-41,$1,$-40,$4,$4,$0,$0,$-35,$-8,$11,$0
44,2007-09-30,22.23,$8.08,2.75,$33.23,0.67,$0.24,91.45,$0.23,96.66,$0.82B,$0.48B,1.7,$0.79B,$0.44B,1.82,$1.82B,$0.56B,30.44%,$1.82B,$0.08B,4.28%,$1.82B,$0.08B,4.28%,$1.82B,$0.13B,7.02%,$1.82B,$0.02B,1.26%,$1.82B,$0.01B,0.71%,$0.01B,$0.44B,3.21%,$0.01B,$-0.25B,-4.81%,$0.01B,$1.89B,0.70%,$0.08B,$1.23B,6.50%,$495,$347,$148,$0,$107,$468,$27,$-14,$14,$5,$9,$9,$9,$39,$27,$54,55,$0.16,$0.16,$44,$307,$38,$822,$225,$0,$683,$84,$1068,$1890,$483,$793,$0,$971,$1454,$1,$-927,$-25,$436,$1890,$13,$36,$8,$45,$44,$-23,$-19,$-7,$-42,$16,$-37,$0,$0,$0,$0,$0,$0,$-37,$0,$10,$10,$4,$4,$0,$0,$14,$-6,$10,$0
45,2007-06-30,22.84,$7.56,3.02,$33.42,0.68,$1.48,15.48,$0.40,57.09,$0.82B,$0.49B,1.68,$0.79B,$0.41B,1.95,$1.83B,$0.55B,30.27%,$1.83B,$0.08B,4.21%,$1.83B,$0.08B,4.21%,$1.83B,$0.13B,7.06%,$1.83B,$0.02B,1.09%,$1.83B,$0.02B,1.20%,$0.02B,$0.41B,5.45%,$0.02B,$-0.27B,-8.15%,$0.02B,$1.86B,1.19%,$0.08B,$1.20B,6.37%,$465,$326,$139,$0,$113,$445,$20,$-14,$6,$1,$5,$5,$5,$32,$20,$54,55,$0.08,$0.08,$36,$315,$37,$818,$216,$0,$676,$72,$1045,$1863,$486,$794,$0,$969,$1455,$1,$-935,$-42,$408,$1863,$5,$24,$7,$31,$40,$-34,$-1,$-8,$-50,$-15,$-22,$0,$0,$0,$0,$0,$0,$-22,$0,$18,$18,$3,$3,$0,$0,$21,$-14,$8,$0
46,2007-03-31,23.87,$7.26,3.29,$33.65,0.71,$2.51,9.49,$0.14,170.47,$0.78B,$0.45B,1.73,$0.80B,$0.39B,2.04,$1.83B,$0.54B,29.59%,$1.83B,$0.06B,3.12%,$1.83B,$0.06B,3.12%,$1.83B,$0.11B,6.14%,$1.83B,$-0.00B,-0.05%,$1.83B,$0.01B,0.38%,$0.01B,$0.39B,1.74%,$0.01B,$-0.28B,-2.57%,$0.01B,$1.81B,0.38%,$0.06B,$1.19B,4.66%,$446,$317,$129,$0,$113,$433,$13,$-14,$-1,$-1,$0,$0,$0,$25,$13,$54,55,$0.00,$0.00,$31,$288,$39,$776,$208,$0,$671,$72,$1031,$1807,$450,$796,$0,$966,$1416,$1,$-940,$-49,$391,$1807,$0,$12,$3,$15,$47,$-9,$-7,$-9,$-34,$-19,$-9,$0,$0,$0,$0,$0,$0,$-9,$0,$7,$7,$2,$2,$0,$-0,$9,$-19,$4,$0
47,2006-12-31,26.22,$7.14,3.67,$34.37,0.76,$3.41,7.7,$0.14,187.31,$0.82B,$0.50B,1.66,$0.80B,$0.38B,2.08,$1.85B,$0.54B,29.33%,$1.85B,$0.06B,3.14%,$1.85B,$0.06B,3.14%,$1.85B,$0.11B,6.17%,$1.85B,0,0.00%,$1.85B,$0.01B,0.38%,$0.01B,$0.38B,1.72%,$0.01B,$-0.29B,-2.61%,$0.01B,$1.85B,0.37%,$0.06B,$1.18B,4.64%,$417,$278,$139,$0,$102,$398,$18,$-14,$4,$10,$-6,$-6,$-1,$32,$18,$53,54,$-0.03,$-0.02,$50,$278,$30,$822,$217,$0,$672,$50,$1027,$1850,$496,$800,$0,$970,$1466,$1,$-940,$-50,$384,$1850,$2,$56,$23,$79,$24,$-10,$29,$2,$42,$121,$-24,$0,$0,$0,$0,$0,$2,$-21,$-155,$-3,$-158,$13,$13,$0,$-0,$-145,$-41,$19,$0
