,Date,Stock Price,Book Value per Share,Price to Book Ratio,TTM Sales per Share,Price to Sales Ratio,TTM FCF per Share,Price to FCF Ratio,TTM Net EPS,PE Ratio,Current Assets,Current Liabilities,Current Ratio,Long Term Debt,Shareholder's Equity_x,Debt to Equity Ratio,TTM Revenue_x,TTM Gross Profit,Gross Margin,TTM Revenue_y,TTM Operating Income,Operating Margin,TTM Revenue_x,TTM EBIT,EBIT Margin,TTM Revenue_y,TTM EBITDA,EBITDA Margin,TTM Revenue_x,TTM Pre-Tax Income,Pre-Tax Margin,TTM Revenue_y,TTM Net Income_x,Net Margin,TTM Net Income_y,Shareholder's Equity_y,Return on Equity,TTM Net Income_x,Tangible Equity,Return on Tangible Equity,TTM Net Income_y,Total Assets,Return on Assets,TTM Net Income,LT Investments & Debt,Return on Investment,revenue,cost-goods-sold,gross-profit,research-development-expenses,selling-general-administrative-expenses,operating-expenses,operating-income,total-non-operating-income-expense,pre-tax-income,total-provision-income-taxes,income-after-taxes,income-from-continuous-operations,net-income,ebitda,ebit,basic-shares-outstanding,shares-outstanding,eps-basic-net-earnings-per-share,eps-earnings-per-share-diluted,cash-on-hand,inventory,other-current-assets,total-current-assets,net-property-plant-equipment,long-term-investments,goodwill-intangible-assets-total,other-long-term-assets,total-long-term-assets,total-assets,total-current-liabilities,long-term-debt,other-non-current-liabilities,total-long-term-liabilities,total-liabilities,common-stock-net,retained-earnings-accumulated-deficit,comprehensive-income,total-share-holder-equity,total-liabilities-share-holders-equity,net-income-loss,total-depreciation-amortization-cash-flow,other-non-cash-items,total-non-cash-items,change-in-accounts-receivable,change-in-inventories,change-in-accounts-payable,change-in-assets-liabilities,total-change-in-assets-liabilities,cash-flow-from-operating-activities,net-change-in-property-plant-equipment,net-change-in-intangible-assets,net-acquisitions-divestitures,net-change-in-short-term-investments,net-change-in-long-term-investments,net-change-in-investments-total,investing-activities-other,cash-flow-from-investing-activities,net-long-term-debt,net-current-debt,debt-issuance-retirement-net-total,net-common-equity-issued-repurchased,net-total-equity-issued-repurchased,total-common-preferred-stock-dividends-paid,financial-activities-other,cash-flow-from-financial-activities,net-cash-flow,stock-based-compensation,common-stock-dividends-paid
0,2018-09-30,11.08,$0.00,0.0,$32.67,0.34,$2.12,5.22,$0.16,69.25,$9.89B,$11.37B,0.87,$7.52B,$9.80B,0.77,$24.32B,$1.84B,7.58%,$24.32B,$0.97B,3.98%,$24.32B,$0.97B,3.98%,$24.32B,$0.97B,3.98%,$24.32B,$0.47B,1.92%,$24.32B,$0.21B,0.86%,$0.21B,$9.80B,2.31%,$0.21B,$7.59B,3.03%,$0.21B,$29.83B,0.70%,$0.97B,$17.32B,6.19%,$6364,$5763,$601,$18,$209,$6035,$329,$-159,$177,$35,$143,$143,$94,$329,$329,$754,754,$0.13,$0.13,$1,$3343,$4792,$9894,$14762,$2257,$2212,$355,$19936,$29830,$11367,$7520,$782,$8666,$20033,$2191,$-295,$31,$9797,$29830,$0,$0,$0,$0,$0,$0,$0,$0,$0,$1320,$-562,$0,$418,$0,$-31,$-31,$-43,$-218,$-832,$0,$-832,$0,$0,$-761,$-256,$-1817,$-695,$0,$-761
1,2018-03-31,13.92,$0.00,0.0,$28.31,0.49,$0.99,14.06,$0.16,87.0,$10.65B,$13.79B,0.77,$6.32B,$10.58B,0.6,$21.15B,$1.47B,6.97%,$21.15B,$0.73B,3.46%,$21.15B,$0.73B,3.46%,$21.15B,$0.73B,3.46%,$21.15B,$0.32B,1.51%,$21.15B,$0.12B,0.55%,$0.12B,$10.58B,1.38%,$0.12B,$8.31B,1.83%,$0.12B,$31.86B,0.40%,$0.73B,$16.90B,4.86%,$5768,$5326,$443,$0,$189,$5551,$217,$-106,$111,$34,$77,$77,$49,$217,$217,$650,650,$0.08,$0.08,$3,$3636,$5169,$10651,$15794,$2414,$2264,$364,$21214,$31864,$13789,$6322,$784,$7497,$21285,$2344,$-486,$66,$10579,$31864,$0,$0,$0,$0,$0,$0,$0,$0,$0,$234,$-215,$0,$499,$0,$5,$5,$-12,$277,$-955,$0,$-955,$0,$0,$-312,$-52,$-1319,$-825,$0,$-312
2,2017-03-31,12.13,$0.00,0.0,$27.95,0.43,$0.03,349.57,$-0.19,0.0,$9.89B,$12.40B,0.8,$6.19B,$8.14B,0.76,$20.05B,$1.15B,5.74%,$20.05B,$0.46B,2.29%,$20.05B,$0.46B,2.29%,$20.05B,$0.46B,2.29%,$20.05B,$0.02B,0.11%,$20.05B,$-0.09B,-0.42%,$-0.09B,$8.14B,-1.10%,$-0.09B,$6.12B,-1.51%,$-0.09B,$27.95B,-0.29%,$0.46B,$14.32B,3.07%,$5940,$5482,$458,$0,$155,$5686,$254,$-121,$134,$38,$96,$96,$57,$254,$254,$651,651,$0.09,$0.09,$3,$3088,$5245,$9886,$13254,$2007,$2012,$323,$18062,$27947,$12397,$6188,$862,$7415,$19811,$2164,$-599,$135,$8136,$27947,$0,$0,$0,$0,$0,$0,$0,$0,$0,$367,$0,$0,$239,$0,$12,$12,$-316,$-65,$1900,$0,$1900,$0,$0,$-245,$-2061,$-406,$-106,$0,$-245
3,2016-09-30,9.2,$0.00,0.0,$27.67,0.33,$-1.16,0.0,$-0.26,0.0,$10.28B,$13.33B,0.77,$6.42B,$7.53B,0.85,$18.57B,$0.94B,5.04%,$18.57B,$0.26B,1.39%,$18.57B,$0.26B,1.39%,$18.57B,$0.26B,1.39%,$18.57B,$-0.09B,-0.47%,$18.57B,$-0.13B,-0.71%,$-0.13B,$7.53B,-1.81%,$-0.13B,$5.47B,-2.56%,$-0.13B,$28.66B,-0.44%,$0.26B,$13.94B,1.71%,$6246,$5904,$342,$0,$162,$6079,$167,$-122,$45,$22,$23,$23,$8,$167,$167,$1002,1002,$0.01,$0.01,$3838,$2667,$2091,$10278,$13340,$1740,$2055,$329,$18384,$28662,$13331,$6415,$1025,$7804,$21136,$2236,$-702,$95,$7526,$28662,$0,$0,$0,$0,$0,$0,$0,$0,$0,$1110,$-587,$0,$-83,$0,$-28,$-28,$-101,$-798,$619,$0,$619,$0,$0,$-628,$69,$60,$377,$0,$-628
4,2016-03-31,7.98,$0.00,0.0,$32.37,0.25,$-1.76,0.0,$-0.67,0.0,$9.56B,$12.17B,0.79,$7.28B,$7.67B,0.95,$17.96B,$0.77B,4.28%,$17.96B,$0.08B,0.43%,$17.96B,$0.08B,0.43%,$17.96B,$0.08B,0.43%,$17.96B,$-0.33B,-1.84%,$17.96B,$-0.35B,-1.94%,$-0.35B,$7.67B,-4.65%,$-0.35B,$5.67B,-6.58%,$-0.35B,$28.57B,-1.14%,$0.08B,$14.95B,0.49%,$3192,$2960,$231,$0,$136,$3099,$93,$-64,$29,$23,$6,$6,$3,$93,$93,$783,783,$0.00,$0.00,$2737,$3232,$2066,$9557,$13649,$1713,$1999,$490,$19015,$28572,$12174,$7283,$1073,$8726,$20900,$2279,$-666,$32,$7671,$28572,$0,$0,$0,$0,$0,$0,$0,$0,$0,$32,$-130,$0,$1,$0,$0,$0,$-458,$-587,$-161,$0,$-161,$0,$0,$-263,$-11,$-435,$-992,$0,$-263
5,2015-09-30,7.76,$0.00,0.0,$38.98,0.2,$-2.20,0.0,$-1.31,0.0,$9.63B,$12.01B,0.8,$9.05B,$7.55B,1.2,$20.53B,$0.57B,2.80%,$20.53B,$-0.17B,-0.83%,$20.53B,$-0.17B,-0.83%,$20.53B,$-0.17B,-0.83%,$20.53B,$-0.72B,-3.51%,$20.53B,$-0.71B,-3.43%,$-0.71B,$7.55B,-9.16%,$-0.71B,$5.32B,-12.96%,$-0.71B,$30.11B,-2.20%,$-0.17B,$16.60B,-1.06%,$4667,$4547,$120,$0,$150,$4722,$-55,$-129,$-185,$-36,$-149,$-149,$-153,$-55,$-55,$548,548,$-0.28,$-0.28,$2386,$3786,$1770,$9628,$15067,$1185,$2225,$1736,$20485,$30113,$12010,$9048,$1120,$10557,$22567,$2383,$-931,$11,$7547,$30113,$0,$0,$0,$0,$0,$0,$0,$0,$0,$492,$-1000,$0,$251,$0,$124,$124,$951,$326,$-2496,$0,$-2496,$0,$0,$-811,$2051,$-1256,$-400,$0,$-811
6,2015-03-31,12.48,$0.00,0.0,$44.04,0.28,$-2.47,0.0,$-1.40,0.0,$10.86B,$15.95B,0.68,$8.46B,$6.51B,1.3,$23.23B,$0.60B,2.57%,$23.23B,$-0.17B,-0.72%,$23.23B,$-0.17B,-0.72%,$23.23B,$-0.17B,-0.72%,$23.23B,$-0.73B,-3.16%,$23.23B,$-0.75B,-3.23%,$-0.75B,$6.51B,-9.42%,$-0.75B,$4.19B,-13.10%,$-0.75B,$31.80B,-2.28%,$-0.17B,$14.97B,-1.03%,$4464,$4223,$242,$0,$160,$4411,$54,$-29,$24,$10,$14,$14,$10,$54,$54,$505,505,$0.02,$0.02,$3123,$4228,$1924,$10860,$15358,$1137,$2313,$1918,$20935,$31795,$15950,$8462,$566,$9340,$25290,$2204,$-787,$-25,$6505,$31795,$0,$0,$0,$0,$0,$0,$0,$0,$0,$-18,$-298,$0,$0,$0,$57,$57,$789,$548,$12,$0,$12,$0,$0,$-337,$65,$-261,$267,$0,$-337
7,2014-09-30,10.11,$0.00,0.0,$44.98,0.22,$-2.79,0.0,$-1.70,0.0,$10.38B,$15.83B,0.66,$7.47B,$8.28B,0.9,$24.22B,$0.48B,1.99%,$24.22B,$-0.29B,-1.19%,$24.22B,$-0.29B,-1.19%,$24.22B,$-0.29B,-1.19%,$24.22B,$-0.91B,-3.75%,$24.22B,$-0.92B,-3.78%,$-0.92B,$8.28B,-10.64%,$-0.92B,$6.02B,-14.34%,$-0.92B,$32.16B,-2.73%,$-0.29B,$15.76B,-1.68%,$5634,$5459,$175,$0,$179,$5649,$-15,$-183,$-198,$4,$-201,$-201,$-209,$-15,$-15,$515,515,$-0.41,$-0.41,$2500,$3583,$1964,$10381,$16094,$1226,$2265,$1919,$21782,$32163,$15830,$7474,$402,$8050,$23880,$2196,$961,$0,$8283,$32163,$0,$0,$0,$0,$0,$0,$0,$0,$0,$864,$-907,$0,$585,$0,$28,$28,$-82,$-377,$513,$0,$513,$0,$0,$-731,$117,$-101,$406,$0,$-731
8,2014-03-31,8.63,$0.00,0.0,$44.90,0.19,$-4.79,0.0,$-1.61,0.0,$11.64B,$16.45B,0.71,$8.51B,$8.44B,1.01,$24.46B,$0.44B,1.80%,$24.46B,$-0.30B,-1.23%,$24.46B,$-0.30B,-1.23%,$24.46B,$-0.30B,-1.23%,$24.46B,$-0.92B,-3.78%,$24.46B,$-0.88B,-3.59%,$-0.88B,$8.44B,-9.96%,$-0.88B,$6.23B,-12.74%,$-0.88B,$33.97B,-2.69%,$-0.30B,$16.95B,-1.77%,$5762,$5725,$37,$0,$170,$5916,$-154,$-208,$-362,$3,$-365,$-365,$-353,$-154,$-154,$539,539,$-0.65,$-0.65,$2634,$3765,$2773,$11643,$16467,$1163,$2209,$2138,$22324,$33966,$16453,$8507,$387,$9071,$25523,$2211,$1500,$0,$8443,$33966,$0,$0,$0,$0,$0,$0,$0,$0,$0,$25,$-328,$0,$-3,$0,$-191,$-191,$35,$-487,$1271,$0,$1271,$0,$0,$-237,$6,$1039,$567,$0,$-237
9,2013-09-30,9.21,$0.00,0.0,$44.02,0.21,$-5.47,0.0,$-1.29,0.0,$10.85B,$15.47B,0.7,$8.81B,$8.63B,1.02,$24.03B,$0.50B,2.07%,$24.03B,$-0.23B,-0.96%,$24.03B,$-0.23B,-0.96%,$24.03B,$-0.23B,-0.96%,$24.03B,$-0.79B,-3.27%,$24.03B,$-0.70B,-2.90%,$-0.70B,$8.63B,-7.78%,$-0.70B,$6.45B,-9.52%,$-0.70B,$33.48B,-2.27%,$-0.23B,$17.44B,-1.39%,$7372,$7230,$142,$0,$181,$7425,$-53,$-145,$-198,$11,$-209,$-209,$-198,$-53,$-53,$543,543,$-0.37,$-0.37,$1866,$3645,$2283,$10853,$16273,$2949,$2178,$857,$22631,$33484,$15471,$8810,$391,$9381,$24852,$2195,$1385,$0,$8632,$33484,$0,$0,$0,$0,$0,$0,$0,$0,$0,$382,$-1031,$0,$323,$0,$-107,$-107,$-608,$-1424,$1899,$0,$1899,$0,$0,$-689,$53,$1263,$238,$0,$-689
10,2013-03-31,9.73,$0.00,0.0,$43.04,0.23,$-6.28,0.0,$-0.92,0.0,$10.20B,$15.70B,0.65,$9.16B,$9.03B,1.01,$22.66B,$-4.98B,-21.96%,$22.66B,$-5.88B,-25.96%,$22.66B,$-5.88B,-25.96%,$22.66B,$-4.97B,-21.95%,$22.66B,$-6.51B,-28.75%,$22.66B,$-0.54B,-2.39%,$-0.54B,$9.03B,-5.98%,$-0.54B,$6.82B,-7.04%,$-0.54B,$34.41B,-1.90%,$-5.88B,$18.19B,-36.99%,$5450,$5321,$129,$0,$176,$5515,$-65,$-86,$-151,$-5,$-146,$-146,$-155,$-65,$-65,$557,557,$-0.28,$-0.28,$1953,$4637,$1424,$10198,$18506,$2902,$2211,$177,$24214,$34411,$15703,$9156,$523,$9679,$25382,$2154,$1498,$0,$9029,$34411,$0,$0,$0,$0,$0,$0,$0,$0,$0,$-174,$-353,$0,$-64,$0,$-35,$-35,$-127,$-579,$1395,$0,$1395,$0,$0,$-250,$-17,$1128,$374,$0,$-250
11,2012-09-30,10.13,$0.00,0.0,$45.26,0.22,$-6.26,0.0,$-0.48,0.0,$9.21B,$12.93B,0.71,$6.36B,$9.13B,0.7,$23.71B,$-4.71B,-19.85%,$23.71B,$-5.61B,-23.64%,$23.71B,$-5.61B,-23.64%,$23.71B,$-4.70B,-19.81%,$23.71B,$-6.21B,-26.19%,$23.71B,$-0.30B,-1.27%,$-0.30B,$9.13B,-3.30%,$-0.30B,$8.03B,-3.73%,$-0.30B,$28.52B,-1.16%,$-5.61B,$15.49B,-37.54%,$5875,$5742,$132,$0,$191,$5903,$-29,$-185,$-213,$-40,$-173,$-173,$-171,$-29,$-29,$541,541,$-0.32,$-0.32,$1809,$4168,$959,$9213,$15001,$2218,$1103,$485,$19308,$28522,$12927,$6361,$105,$6465,$19392,$2140,$2259,$0,$9129,$28522,$0,$0,$0,$0,$0,$0,$0,$0,$0,$-126,$-1004,$0,$0,$0,$-2052,$-2052,$-92,$-3147,$3969,$0,$3969,$0,$0,$-623,$-597,$2749,$-533,$0,$-623
12,2012-03-31,11.87,$0.00,0.0,$46.90,0.25,$-4.17,0.0,$-0.13,0.0,$9.52B,$11.19B,0.85,$6.29B,$9.06B,0.7,$23.65B,$0.97B,4.11%,$23.65B,$0.24B,0.99%,$23.65B,$0.24B,0.99%,$23.65B,$1.14B,4.83%,$23.65B,$-0.19B,-0.78%,$23.65B,$-0.12B,-0.49%,$-0.12B,$9.06B,-1.28%,$-0.12B,$7.99B,-1.44%,$-0.12B,$26.62B,-0.47%,$0.24B,$15.35B,1.64%,$5334,$5240,$94,$0,$170,$5418,$-84,$-140,$-225,$-40,$-184,$-184,$-173,$-84,$-84,$544,544,$-0.32,$-0.32,$2571,$4338,$826,$9515,$14944,$644,$1066,$109,$17104,$26619,$11190,$6291,$82,$6373,$17564,$2148,$2783,$0,$9055,$26619,$0,$0,$0,$0,$0,$0,$0,$0,$0,$-322,$-355,$0,$0,$0,$-78,$-78,$-4,$-437,$1605,$0,$1605,$0,$0,$-128,$0,$1478,$720,$0,$-128
13,2011-12-31,10.8,$0.00,0.0,$44.88,0.24,$-3.88,0.0,$0.28,38.57,$7.75B,$9.67B,0.8,$5.58B,$9.01B,0.62,$22.61B,$1.20B,5.32%,$22.61B,$0.49B,2.15%,$22.61B,$0.49B,2.15%,$22.61B,$1.40B,6.17%,$22.61B,$0.13B,0.56%,$22.61B,$0.11B,0.47%,$0.11B,$9.01B,1.19%,$0.11B,$7.97B,1.33%,$0.11B,$24.36B,0.46%,$0.49B,$14.59B,3.55%,$5997,$11327,$-5330,$0,$340,$11701,$-5704,$-220,$-5924,$-35,$-5890,$-113,$-43,$-4796,$-5704,$476,476,$-0.20,$-0.20,$1805,$3739,$1328,$7745,$0,$619,$1040,$181,$2075,$24356,$9666,$5575,$0,$5676,$15342,$2096,$2881,$0,$9014,$24356,$127,$908,$0,$908,$0,$0,$0,$0,$-1017,$396,$-1346,$0,$-15,$0,$0,$-45,$-138,$-1543,$0,$-6887,$1764,$0,$-3,$-36,$6567,$1405,$256,$0,$0
14,2011-09-30,10.44,$0.00,0.0,$41.97,0.25,$-2.18,0.0,$0.39,26.77,$7.98B,$9.76B,0.82,$5.10B,$9.19B,0.56,$21.41B,$11.33B,52.91%,$21.41B,$10.99B,51.32%,$21.41B,$10.99B,51.32%,$21.41B,$11.89B,55.52%,$21.41B,$10.85B,50.66%,$21.41B,$0.20B,0.95%,$0.20B,$9.19B,2.31%,$0.20B,$8.21B,2.56%,$0.20B,$24.14B,0.90%,$10.99B,$14.29B,83.09%,$6505,$6107,$398,$0,$186,$6293,$212,$-59,$153,$35,$119,$87,$87,$212,$212,$529,542,$0.16,$0.16,$1630,$3604,$2227,$7983,$0,$513,$974,$24,$1760,$24138,$9758,$5104,$88,$5193,$14951,$2113,$3021,$0,$9187,$24138,$0,$0,$0,$0,$0,$0,$0,$0,$0,$569,$-1073,$0,$0,$0,$0,$-160,$53,$-1180,$0,$0,$1277,$0,$0,$-516,$0,$761,$150,$0,$0
15,2011-06-30,21.71,$0.00,0.0,$37.29,0.58,$-1.38,0.0,$0.20,108.55,$7.00B,$9.55B,0.73,$4.19B,$8.92B,0.47,$19.17B,$11.13B,58.06%,$19.17B,$10.83B,56.52%,$19.17B,$10.83B,56.52%,$19.17B,$11.73B,61.22%,$19.17B,$10.68B,55.71%,$19.17B,$0.10B,0.52%,$0.10B,$8.92B,1.16%,$0.10B,$7.96B,1.28%,$0.10B,$22.77B,0.46%,$10.83B,$13.12B,84.44%,$5811,$0,$5811,$0,$0,$0,$5811,$0,$5811,$0,$5811,$13,$13,$5811,$5811,$465,465,$0.03,$0.03,$1611,$3438,$1329,$7000,$0,$462,$959,$78,$1712,$22765,$9546,$4194,$104,$4298,$13844,$2083,$2889,$0,$8921,$22765,$0,$0,$0,$0,$0,$0,$0,$0,$0,$0,$0,$0,$0,$0,$0,$0,$0,$0,$0,$0,$0,$0,$0,$0,$0,$0,$0,$0,$0
16,2011-03-31,23.63,$0.00,0.0,$24.80,0.95,$-1.38,0.0,$0.17,138.98,$7.23B,$9.54B,0.76,$4.15B,$8.77B,0.47,$17.87B,$9.83B,55.01%,$17.87B,$9.53B,53.36%,$17.87B,$9.53B,53.36%,$17.87B,$10.43B,58.40%,$17.87B,$9.38B,52.49%,$17.87B,$0.10B,0.54%,$0.10B,$8.77B,1.13%,$0.10B,$7.97B,1.24%,$0.10B,$22.56B,0.45%,$9.53B,$12.92B,75.43%,$4297,$3974,$324,$0,$156,$4129,$168,$-81,$86,$20,$67,$50,$50,$168,$168,$552,552,$0.09,$0.09,$1619,$3589,$1628,$7232,$0,$412,$802,$28,$1473,$22559,$9541,$4148,$97,$4244,$13785,$2058,$2871,$0,$8773,$22559,$0,$0,$0,$0,$0,$0,$0,$0,$0,$-195,$-330,$0,$0,$0,$0,$65,$-109,$-374,$0,$0,$872,$0,$0,$-127,$0,$745,$174,$0,$0
17,2010-12-31,22.75,$0.00,0.0,$26.87,0.85,$-1.17,0.0,$0.33,68.93,$6.11B,$8.24B,0.74,$4.10B,$8.46B,0.49,$17.84B,$9.87B,55.30%,$17.84B,$9.57B,53.65%,$17.84B,$9.57B,53.65%,$17.84B,$10.47B,58.70%,$17.84B,$9.43B,52.83%,$17.84B,$0.15B,0.86%,$0.15B,$8.46B,1.89%,$0.15B,$7.69B,2.08%,$0.15B,$20.90B,0.74%,$9.57B,$12.56B,75.79%,$4795,$0,$4795,$0,$0,$0,$4795,$0,$4795,$0,$4795,$54,$54,$5695,$4795,$495,495,$0.11,$0.11,$1404,$3221,$1003,$6112,$0,$326,$771,$58,$1363,$20902,$8243,$4100,$0,$4201,$12444,$2000,$2714,$0,$8458,$20902,$204,$900,$0,$900,$0,$0,$0,$0,$-349,$1051,$-1197,$0,$76,$0,$0,$-86,$-14,$-1222,$0,$0,$834,$0,$0,$0,$-432,$402,$234,$0,$0
18,2010-09-30,23.77,$0.00,0.0,$23.81,1.0,$-3.46,0.0,$-0.08,0.0,$6.05B,$7.87B,0.77,$4.32B,$8.41B,0.51,$16.89B,$8.92B,52.78%,$16.89B,$8.62B,51.04%,$16.89B,$8.62B,51.04%,$16.89B,$9.50B,56.27%,$16.89B,$8.47B,50.17%,$16.89B,$-0.07B,-0.43%,$-0.07B,$8.41B,-0.92%,$-0.07B,$7.65B,-1.02%,$-0.07B,$20.69B,-0.36%,$8.62B,$12.72B,67.76%,$4262,$4064,$197,$0,$138,$4202,$59,$-72,$-15,$-0,$-15,$-17,$-17,$59,$59,$581,581,$-0.03,$-0.03,$1252,$3043,$1380,$6045,$0,$318,$758,$80,$1408,$20693,$7869,$4316,$101,$4418,$12287,$2000,$2697,$0,$8406,$20693,$0,$0,$0,$0,$0,$0,$0,$0,$0,$801,$-880,$0,$3,$0,$0,$-40,$-39,$-956,$0,$0,$544,$0,$0,$-320,$10,$234,$86,$0,$0
19,2010-06-30,18.63,$0.00,0.0,$16.48,1.13,$-3.33,0.0,$-0.05,0.0,$6.43B,$8.44B,0.76,$4.06B,$8.30B,0.49,$15.13B,$8.93B,59.04%,$15.13B,$8.64B,57.12%,$15.13B,$8.64B,57.12%,$15.13B,$9.53B,62.96%,$15.13B,$8.51B,56.21%,$15.13B,$-0.03B,-0.22%,$-0.03B,$8.30B,-0.44%,$-0.03B,$7.55B,-0.49%,$-0.03B,$20.88B,-0.17%,$8.64B,$12.36B,67.23%,$4512,$0,$4512,$0,$0,$0,$4512,$0,$4512,$0,$4512,$9,$9,$4512,$4512,$0,0,$0.00,$0.00,$1651,$3123,$1077,$6432,$0,$274,$753,$55,$1326,$20880,$8444,$4057,$79,$4137,$12581,$1988,$5496,$0,$8300,$20880,$0,$0,$0,$0,$0,$0,$0,$0,$0,$0,$0,$0,$0,$0,$0,$0,$0,$0,$0,$0,$0,$0,$0,$0,$0,$0,$0,$0,$0
20,2010-03-31,25.69,$0.00,0.0,$20.43,1.26,$-3.33,0.0,$-0.49,0.0,$6.40B,$7.00B,0.91,$5.39B,$7.49B,0.72,$12.68B,$6.48B,51.11%,$12.68B,$6.19B,48.82%,$12.68B,$6.19B,48.82%,$12.68B,$7.07B,55.79%,$12.68B,$6.05B,47.74%,$12.68B,$-0.27B,-2.15%,$-0.27B,$7.49B,-3.54%,$-0.27B,$6.74B,-3.87%,$-0.27B,$20.72B,-1.37%,$6.19B,$12.88B,46.77%,$4272,$3909,$362,$0,$156,$4066,$206,$-64,$133,$25,$108,$108,$108,$206,$206,$433,433,$0.25,$0.25,$1327,$3392,$1116,$6399,$0,$154,$753,$25,$1189,$20721,$6997,$5392,$57,$6235,$13233,$1984,$2702,$0,$7488,$20721,$0,$0,$0,$0,$0,$0,$0,$0,$0,$-16,$-303,$0,$0,$0,$0,$6,$7,$-290,$0,$0,$2328,$0,$0,$-98,$-1770,$460,$152,$0,$0
21,2009-12-31,27.2,$0.00,0.0,$10.58,2.57,$-2.59,0.0,$-0.74,0.0,$5.33B,$5.87B,0.91,$5.54B,$7.39B,0.75,$10.46B,$5.84B,55.89%,$10.46B,$5.59B,53.47%,$10.46B,$5.59B,53.47%,$10.46B,$6.47B,61.92%,$10.46B,$5.58B,53.39%,$10.46B,$-0.68B,-6.52%,$-0.68B,$7.39B,-8.79%,$-0.68B,$6.66B,-9.58%,$-0.68B,$19.64B,-3.48%,$5.59B,$12.93B,42.00%,$3844,$0,$3844,$0,$0,$0,$3844,$0,$3844,$0,$3844,$-173,$-173,$4727,$3844,$581,581,$-0.30,$-0.30,$1152,$2994,$711,$5327,$0,$129,$732,$67,$1170,$19641,$5868,$5542,$77,$6384,$12252,$1983,$5406,$0,$7389,$19641,$-790,$884,$0,$884,$0,$0,$0,$0,$-534,$-103,$-1401,$0,$-15,$0,$0,$-5,$32,$-1389,$0,$0,$727,$0,$0,$0,$-496,$231,$-1258,$0,$0
22,2009-09-30,27.34,$0.00,0.0,$3.96,6.91,0,0.0,$-0.44,0.0,$5.45B,$5.48B,0.99,$5.68B,$7.57B,0.75,$12.94B,$2.35B,18.18%,$12.94B,$1.60B,12.38%,$12.94B,$1.60B,12.38%,$12.94B,$2.39B,18.44%,$12.94B,$1.48B,11.45%,$12.94B,$-0.70B,-5.37%,$-0.70B,$7.57B,-8.76%,$-0.70B,$6.87B,-9.52%,$-0.70B,$19.52B,-3.54%,$1.60B,$13.25B,11.93%,$2503,$2288,$215,$0,$134,$2422,$81,$-65,$16,$-6,$22,$22,$22,$81,$81,$0,0,$0.00,$0.00,$1248,$2896,$937,$5447,$0,$118,$697,$128,$1207,$19521,$5482,$5682,$39,$6469,$11951,$1983,$2784,$0,$7570,$19521,$0,$0,$0,$0,$0,$0,$0,$0,$0,$-18,$-1050,$0,$-10,$0,$0,$-53,$0,$-1114,$0,$0,$342,$0,$0,$-362,$-81,$-101,$-1229,$0,$0
23,2009-06-30,23.3,$0.00,0.0,$4.17,5.58,$-0.15,0.0,$-0.44,0.0,$5.72B,$5.71B,1.0,$5.60B,$8.28B,0.68,$13.22B,$2.35B,17.77%,$13.22B,$1.58B,11.96%,$13.22B,$1.58B,11.96%,$13.22B,$2.37B,17.90%,$13.22B,$1.51B,11.41%,$13.22B,$-0.69B,-5.22%,$-0.69B,$8.28B,-8.29%,$-0.69B,$7.83B,-8.94%,$-0.69B,$19.67B,-3.55%,$1.58B,$13.88B,11.71%,$2059,$0,$2059,$0,$0,$0,$2059,$0,$2059,$0,$2059,$-229,$-229,$2059,$2059,$520,520,$-0.44,$-0.44,$2061,$2615,$709,$5722,$0,$118,$446,$79,$862,$19669,$5713,$5603,$64,$5677,$11390,$1983,$0,$0,$8279,$19669,$0,$0,$0,$0,$0,$0,$0,$0,$0,$0,$0,$0,$0,$0,$0,$0,$0,$0,$0,$0,$0,$0,$0,$0,$0,$0,$0,$0,$0
24,2009-03-31,14.59,$0.00,0.0,$0.21,68.43,$-0.15,0.0,0,0.0,$5.70B,$5.48B,1.04,$5.37B,$7.81B,0.69,$11.16B,$0.29B,2.60%,$11.16B,$-0.48B,-4.28%,$11.16B,$-0.48B,-4.28%,$11.16B,$0.31B,2.75%,$11.16B,$-0.55B,-4.94%,$11.16B,$-0.46B,-4.13%,$-0.46B,$7.81B,-5.52%,$-0.46B,$7.13B,-5.99%,$-0.46B,$19.49B,-2.44%,$-0.48B,$13.18B,-3.64%,$2050,$2324,$-274,$0,$119,$2443,$-393,$56,$-337,$-35,$-302,$-302,$-302,$-393,$-393,$0,0,$0.00,$0.00,$1964,$2645,$638,$5703,$0,$0,$682,$261,$1114,$19493,$5479,$5374,$85,$6206,$11685,$1988,$4986,$0,$7808,$19493,$0,$0,$0,$0,$0,$0,$0,$0,$0,$0,$0,$0,$0,$0,$0,$0,$0,$0,$0,$0,$0,$0,$0,$0,$0,$0,$0,$0,$0
25,2008-12-31,13.49,$0.00,0.0,$4.15,3.25,$-1.43,0.0,$0.30,44.95,$6.23B,$5.64B,1.11,$5.30B,$8.06B,0.66,$11.24B,$0.97B,8.61%,$11.24B,$0.21B,1.82%,$11.24B,$0.21B,1.82%,$11.24B,$0.99B,8.81%,$11.24B,$0.02B,0.16%,$11.24B,$0.00B,0.04%,$0.00B,$8.06B,0.05%,$0.00B,$7.37B,0.05%,$0.00B,$19.87B,0.02%,$0.21B,$13.36B,1.63%,$6324,$5972,$352,$26,$472,$6470,$-146,$-111,$-257,$-70,$-186,$-186,$-186,$639,$-146,$0,0,$0.00,$0.00,$2389,$2913,$627,$6227,$0,$0,$689,$239,$1030,$19865,$5636,$5296,$102,$6168,$11803,$1982,$6079,$0,$8061,$19865,$18,$785,$0,$785,$0,$0,$0,$0,$-82,$360,$-2457,$0,$-712,$0,$0,$-50,$-34,$-3255,$0,$1456,$2733,$0,$0,$-211,$-30,$3948,$1049,$0,$0
26,2008-09-30,15.12,$0.00,0.0,$4.15,3.64,$-1.43,0.0,$0.30,50.41,$5.99B,$5.09B,1.18,$4.44B,$9.14B,0.49,$4.92B,$0.62B,12.53%,$4.92B,$0.35B,7.14%,$4.92B,$0.35B,7.14%,$4.92B,$0.35B,7.14%,$4.92B,$0.28B,5.60%,$4.92B,$0.19B,3.87%,$0.19B,$9.14B,2.22%,$0.19B,$8.53B,2.38%,$0.19B,$18.72B,1.20%,$0.35B,$13.58B,3.00%,$2786,$2574,$212,$0,$152,$2725,$61,$-25,$43,$18,$26,$27,$27,$61,$61,$13064,13064,$0.00,$0.00,$1561,$3318,$769,$5986,$0,$222,$617,$53,$994,$18718,$5085,$4441,$19,$4491,$9576,$1980,$3787,$0,$9142,$18718,$0,$0,$0,$0,$0,$0,$0,$0,$0,$124,$-2144,$0,$-601,$0,$0,$-6,$0,$-2750,$0,$0,$1858,$0,$0,$543,$0,$2401,$215,$0,$0
27,2008-06-30,28.18,$0.00,0.0,$8.60,3.28,$-0.80,0.0,$0.83,33.95,$5.32B,$4.20B,1.27,$4.03B,$8.38B,0.48,$4.51B,$0.97B,21.51%,$4.51B,$0.73B,16.15%,$4.51B,$0.73B,16.15%,$4.51B,$0.73B,16.15%,$4.51B,$0.65B,14.44%,$4.51B,$0.43B,9.63%,$0.43B,$8.38B,5.20%,$0.43B,$7.78B,5.61%,$0.43B,$17.36B,3.01%,$0.73B,$12.41B,6.72%,$0,$0,$0,$0,$0,$0,$0,$0,$0,$0,$0,$0,$0,$0,$0,$0,0,$0.00,$0.00,$1669,$2803,$406,$5321,$0,$0,$598,$335,$1018,$17356,$4198,$4027,$102,$4777,$8975,$1948,$6433,$0,$8381,$17356,$0,$0,$0,$0,$0,$0,$0,$0,$0,$0,$0,$0,$0,$0,$0,$0,$0,$0,$0,$0,$0,$0,$0,$0,$0,$0,$0,$0,$0
28,2008-03-31,39.59,$0.00,0.0,$8.60,4.61,$-0.80,0.0,$0.83,47.69,$4.68B,$3.59B,1.3,$2.16B,$8.78B,0.25,$4.51B,$0.97B,21.51%,$4.51B,$0.73B,16.15%,$4.51B,$0.73B,16.15%,$4.51B,$0.73B,16.15%,$4.51B,$0.65B,14.44%,$4.51B,$0.43B,9.63%,$0.43B,$8.78B,5.38%,$0.43B,$8.25B,5.78%,$0.43B,$14.58B,3.32%,$0.73B,$10.94B,7.30%,$2129,$1725,$404,$0,$113,$1838,$290,$-59,$232,$48,$184,$163,$163,$290,$290,$541,541,$0.30,$0.30,$1674,$2242,$368,$4676,$0,$209,$534,$86,$896,$14578,$3593,$2157,$22,$2203,$5796,$1891,$3469,$0,$8782,$14578,$0,$0,$0,$0,$0,$0,$0,$0,$0,$-98,$-591,$0,$6,$0,$0,$-49,$0,$-633,$0,$0,$1429,$0,$0,$63,$-179,$1313,$582,$0,$0
29,2007-12-31,49.58,$0.00,0.0,$4.66,10.64,$0.47,105.03,$0.53,93.55,$3.59B,$2.58B,1.39,$1.94B,$7.94B,0.25,$2.38B,$0.57B,23.78%,$2.38B,$0.44B,18.40%,$2.38B,$0.44B,18.40%,$2.38B,$0.44B,18.40%,$2.38B,$0.42B,17.61%,$2.38B,$0.27B,11.39%,$0.27B,$7.94B,3.73%,$0.27B,$7.42B,3.99%,$0.27B,$12.93B,2.28%,$0.44B,$9.89B,4.92%,$0,$0,$0,$0,$0,$0,$0,$0,$0,$0,$0,$0,$0,$0,$0,$0,0,$0.00,$0.00,$1070,$1847,$268,$3593,$0,$0,$520,$212,$787,$12933,$2582,$1942,$20,$2407,$4989,$1854,$6089,$0,$7943,$12933,$1975,$632,$0,$632,$0,$0,$0,$0,$-581,$1395,$-1313,$0,$24,$0,$0,$321,$-17,$-985,$0,$-463,$314,$0,$-16,$-481,$-75,$-722,$-312,$0,$0
30,2007-09-30,68.57,$0.00,0.0,$4.66,14.72,$0.47,145.24,$0.53,129.38,$4.09B,$2.60B,1.57,$1.80B,$8.30B,0.22,$2.38B,$0.57B,23.78%,$2.38B,$0.44B,18.40%,$2.38B,$0.44B,18.40%,$2.38B,$0.44B,18.40%,$2.38B,$0.42B,17.61%,$2.38B,$0.27B,11.39%,$0.27B,$8.30B,4.12%,$0.27B,$7.51B,4.37%,$0.27B,$12.74B,2.50%,$0.44B,$10.10B,5.45%,$2380,$1814,$566,$0,$128,$1942,$438,$-18,$419,$120,$299,$271,$271,$438,$438,$511,511,$0.53,$0.53,$1820,$1533,$293,$4088,$0,$156,$796,$69,$1138,$12741,$2602,$1795,$19,$1837,$4439,$1707,$3299,$0,$8302,$12741,$0,$0,$0,$0,$0,$0,$0,$0,$0,$1040,$-799,$0,$0,$0,$0,$380,$60,$-358,$0,$0,$1097,$0,$0,$351,$-1632,$-184,$498,$0,$0
