,Date,Stock Price,Book Value per Share,Price to Book Ratio,TTM Sales per Share,Price to Sales Ratio,TTM FCF per Share,Price to FCF Ratio,TTM Net EPS,PE Ratio,Current Assets,Current Liabilities,Current Ratio,Long Term Debt,Shareholder's Equity_x,Debt to Equity Ratio,TTM Revenue_x,TTM Gross Profit,Gross Margin,TTM Revenue_y,TTM Operating Income,Operating Margin,TTM Revenue_x,TTM EBIT,EBIT Margin,TTM Revenue_y,TTM EBITDA,EBITDA Margin,TTM Revenue_x,TTM Pre-Tax Income,Pre-Tax Margin,TTM Revenue_y,TTM Net Income_x,Net Margin,TTM Net Income_y,Shareholder's Equity_y,Return on Equity,TTM Net Income_x,Tangible Equity,Return on Tangible Equity,TTM Net Income_y,Total Assets,Return on Assets,TTM Net Income,LT Investments & Debt,Return on Investment,revenue,cost-goods-sold,gross-profit,research-development-expenses,selling-general-administrative-expenses,operating-expenses,operating-income,total-non-operating-income-expense,pre-tax-income,total-provision-income-taxes,income-after-taxes,income-from-continuous-operations,net-income,ebitda,ebit,basic-shares-outstanding,shares-outstanding,eps-basic-net-earnings-per-share,eps-earnings-per-share-diluted,cash-on-hand,inventory,other-current-assets,total-current-assets,net-property-plant-equipment,long-term-investments,goodwill-intangible-assets-total,other-long-term-assets,total-long-term-assets,total-assets,total-current-liabilities,long-term-debt,other-non-current-liabilities,total-long-term-liabilities,total-liabilities,common-stock-net,retained-earnings-accumulated-deficit,comprehensive-income,total-share-holder-equity,total-liabilities-share-holders-equity,net-income-loss,total-depreciation-amortization-cash-flow,other-non-cash-items,total-non-cash-items,change-in-accounts-receivable,change-in-inventories,change-in-accounts-payable,change-in-assets-liabilities,total-change-in-assets-liabilities,cash-flow-from-operating-activities,net-change-in-property-plant-equipment,net-change-in-intangible-assets,net-acquisitions-divestitures,net-change-in-short-term-investments,net-change-in-long-term-investments,net-change-in-investments-total,investing-activities-other,cash-flow-from-investing-activities,net-long-term-debt,net-current-debt,debt-issuance-retirement-net-total,net-common-equity-issued-repurchased,net-total-equity-issued-repurchased,total-common-preferred-stock-dividends-paid,financial-activities-other,cash-flow-from-financial-activities,net-cash-flow,stock-based-compensation,common-stock-dividends-paid
0,2018-09-30,35.2,$30.68,1.15,$34.27,1.03,$1.79,19.72,$2.58,13.64,$0.49B,$0.39B,1.26,$3.18B,$2.68B,1.19,$2.99B,$2.99B,100.00%,$2.99B,$0.43B,14.43%,$2.99B,$0.43B,14.43%,$2.99B,$0.60B,20.01%,$2.99B,$0.23B,7.78%,$2.99B,$0.23B,7.55%,$0.23B,$2.68B,8.52%,$0.23B,$-0.14B,-119.89%,$0.23B,$6.53B,3.47%,$0.43B,$5.86B,7.39%,$761,$0,$761,$0,$507,$657,$104,$-49,$55,$9,$46,$46,$46,$146,$104,$87,88,$0.53,$0.53,$49,$0,$96,$491,$3127,$0,$2821,$87,$6039,$6530,$391,$3182,$166,$3459,$3849,$1,$584,$-440,$2680,$6530,$156,$127,$19,$146,$-43,$0,$0,$18,$-16,$286,$-259,$0,$0,$0,$0,$0,$-3,$-262,$-31,$0,$-31,$-2,$-2,$0,$-7,$-41,$-18,$19,$0
1,2018-06-30,40.91,$30.38,1.35,$33.80,1.21,$1.99,20.59,$2.57,15.92,$0.49B,$0.39B,1.24,$3.19B,$2.65B,1.2,$2.95B,$2.95B,100.00%,$2.95B,$0.44B,14.92%,$2.95B,$0.44B,14.92%,$2.95B,$0.60B,20.47%,$2.95B,$0.24B,8.10%,$2.95B,$0.23B,7.66%,$0.23B,$2.65B,8.68%,$0.23B,$-0.18B,-95.86%,$0.23B,$6.50B,3.50%,$0.44B,$5.84B,7.57%,$766,$0,$766,$0,$500,$648,$118,$-49,$69,$10,$59,$59,$59,$160,$118,$87,87,$0.67,$0.67,$79,$0,$81,$489,$3103,$0,$2831,$76,$6014,$6503,$394,$3188,$161,$3456,$3850,$1,$538,$-416,$2653,$6503,$110,$85,$11,$96,$-26,$0,$0,$16,$11,$217,$-170,$0,$0,$0,$0,$0,$-3,$-174,$-23,$0,$-23,$-2,$-2,$0,$-5,$-31,$12,$14,$0
2,2018-03-31,39.18,$30.95,1.27,$33.27,1.18,$1.99,19.66,$2.47,15.86,$0.50B,$0.39B,1.29,$3.21B,$2.70B,1.19,$2.90B,$2.90B,100.00%,$2.90B,$0.44B,15.24%,$2.90B,$0.44B,15.24%,$2.90B,$0.60B,20.72%,$2.90B,$0.24B,8.14%,$2.90B,$0.22B,7.48%,$0.22B,$2.70B,8.56%,$0.22B,$-0.17B,-73.37%,$0.22B,$6.59B,3.39%,$0.44B,$5.91B,7.68%,$742,$0,$742,$0,$495,$643,$99,$-51,$48,$-3,$51,$51,$51,$141,$99,$87,87,$0.58,$0.58,$58,$0,$121,$504,$3152,$0,$2870,$55,$6081,$6585,$390,$3208,$184,$3493,$3883,$1,$479,$-301,$2702,$6585,$51,$42,$11,$53,$-19,$0,$0,$-9,$-31,$72,$-75,$0,$0,$0,$0,$0,$-4,$-79,$0,$0,$0,$-2,$-2,$0,$-3,$-5,$-9,$7,$0
3,2017-12-31,32.63,$29.55,1.1,$32.58,1.0,$2.06,15.81,$2.29,14.25,$0.47B,$0.38B,1.25,$3.21B,$2.57B,1.25,$2.84B,$2.84B,100.00%,$2.84B,$0.44B,15.44%,$2.84B,$0.44B,15.44%,$2.84B,$0.59B,20.83%,$2.84B,$0.24B,8.32%,$2.84B,$0.20B,7.08%,$0.20B,$2.57B,8.31%,$0.20B,$-0.27B,-52.01%,$0.20B,$6.43B,3.21%,$0.44B,$5.78B,7.75%,$725,$0,$725,$0,$473,$613,$111,$-51,$61,$-9,$70,$70,$70,$152,$111,$87,87,$0.81,$0.81,$67,$0,$107,$472,$3048,$0,$2839,$63,$5953,$6425,$377,$3205,$166,$3474,$3852,$1,$429,$-374,$2573,$6425,$200,$153,$65,$218,$-29,$0,$0,$20,$-18,$400,$-315,$0,$-18,$0,$0,$0,$-3,$-337,$-57,$0,$-57,$-3,$-3,$0,$1,$-60,$10,$23,$0
4,2017-09-30,47.76,$28.58,1.67,$32.43,1.47,$1.25,38.22,$1.97,24.24,$0.46B,$0.34B,1.36,$3.23B,$2.49B,1.3,$2.82B,$2.82B,100.00%,$2.82B,$0.44B,15.45%,$2.82B,$0.44B,15.45%,$2.82B,$0.58B,20.75%,$2.82B,$0.22B,7.71%,$2.82B,$0.17B,6.15%,$0.17B,$2.49B,7.47%,$0.17B,$-0.33B,-36.87%,$0.17B,$6.34B,2.81%,$0.44B,$5.72B,7.82%,$717,$0,$717,$0,$467,$605,$112,$-50,$61,$16,$45,$45,$46,$151,$112,$87,87,$0.52,$0.52,$76,$0,$92,$464,$2966,$0,$2817,$92,$5879,$6343,$341,$3234,$179,$3514,$3855,$1,$359,$-385,$2488,$6343,$130,$113,$59,$171,$-29,$0,$0,$25,$-30,$271,$-227,$0,$0,$0,$0,$0,$-6,$-233,$-26,$0,$-26,$-3,$-3,$0,$2,$-28,$19,$19,$0
5,2017-06-30,49.38,$27.32,1.81,$32.69,1.51,$0.42,118.7,$0.09,548.67,$0.46B,$0.35B,1.32,$3.24B,$2.38B,1.36,$2.83B,$2.83B,100.00%,$2.83B,$0.44B,15.35%,$2.83B,$0.44B,15.35%,$2.83B,$0.58B,20.61%,$2.83B,$0.04B,1.41%,$2.83B,$0.01B,0.32%,$0.01B,$2.38B,0.40%,$0.01B,$-0.42B,-1.72%,$0.01B,$6.23B,0.15%,$0.44B,$5.62B,7.79%,$716,$0,$716,$0,$459,$596,$120,$-53,$66,$17,$50,$50,$50,$157,$120,$87,87,$0.57,$0.57,$79,$0,$92,$460,$2866,$0,$2795,$103,$5769,$6228,$347,$3240,$172,$3504,$3851,$1,$313,$-445,$2377,$6228,$84,$74,$38,$112,$-22,$0,$0,$18,$-9,$188,$-140,$0,$0,$0,$0,$0,$-6,$-146,$-17,$0,$-17,$-4,$-4,$0,$-2,$-23,$22,$15,$0
6,2017-03-31,43.6,$25.72,1.69,$33.18,1.31,$-0.39,0.0,$0.17,256.47,$0.42B,$0.34B,1.26,$3.25B,$2.24B,1.45,$2.87B,$2.87B,100.00%,$2.87B,$0.44B,15.45%,$2.87B,$0.44B,15.45%,$2.87B,$0.60B,20.70%,$2.87B,$0.05B,1.67%,$2.87B,$0.02B,0.52%,$0.02B,$2.24B,0.66%,$0.02B,$-0.53B,-2.79%,$0.02B,$6.07B,0.24%,$0.44B,$5.48B,7.81%,$679,$0,$679,$0,$448,$584,$95,$-47,$48,$14,$35,$35,$35,$131,$95,$87,87,$0.40,$0.40,$43,$0,$105,$424,$2750,$0,$2768,$121,$5642,$6066,$336,$3247,$166,$3494,$3830,$1,$264,$-528,$2236,$6066,$35,$36,$13,$49,$-12,$0,$0,$3,$-27,$57,$-53,$0,$0,$0,$0,$0,$-5,$-58,$-9,$0,$-9,$-4,$-4,$0,$-1,$-14,$-14,$7,$0
7,2016-12-31,33.1,$25.01,1.32,$32.76,1.01,$-0.99,0.0,$0.08,413.75,$0.43B,$0.34B,1.25,$3.25B,$2.17B,1.5,$2.81B,$2.81B,100.00%,$2.81B,$0.45B,15.83%,$2.81B,$0.45B,15.83%,$2.81B,$0.59B,20.98%,$2.81B,$0.03B,1.14%,$2.81B,$0.01B,0.21%,$0.01B,$2.17B,0.26%,$0.01B,$-0.60B,-1.24%,$0.01B,$6.03B,0.09%,$0.45B,$5.42B,7.63%,$703,$0,$703,$0,$461,$595,$108,$-66,$42,$1,$41,$41,$42,$145,$108,$86,86,$0.47,$0.47,$57,$0,$108,$428,$2704,$0,$2764,$125,$5597,$6025,$343,$3253,$165,$3514,$3857,$1,$220,$-550,$2168,$6025,$4,$145,$234,$379,$-16,$0,$0,$-29,$-22,$361,$-348,$0,$-310,$0,$0,$0,$-2,$-660,$-277,$0,$-277,$676,$676,$0,$-40,$359,$46,$28,$0
8,2016-09-30,49.55,$25.87,1.92,$31.83,1.56,$-2.06,0.0,$0.18,275.28,$0.39B,$0.38B,1.03,$3.58B,$2.24B,1.6,$2.60B,$2.60B,100.00%,$2.60B,$0.42B,16.28%,$2.60B,$0.42B,16.28%,$2.60B,$0.55B,21.24%,$2.60B,$0.04B,1.65%,$2.60B,$-0.00B,-0.04%,$-0.00B,$2.24B,-0.04%,$-0.00B,$-0.54B,0.22%,$-0.00B,$6.45B,-0.02%,$0.42B,$5.83B,7.79%,$735,$0,$735,$0,$486,$622,$112,$-228,$-116,$2,$-118,$-118,$-118,$151,$112,$87,87,$-1.36,$-1.36,$28,$0,$88,$393,$2787,$0,$2786,$483,$6060,$6453,$380,$3584,$147,$3831,$4211,$1,$178,$-426,$2242,$6453,$-37,$109,$220,$329,$-13,$0,$0,$-21,$-32,$260,$-288,$0,$-683,$0,$0,$0,$-1,$-972,$99,$0,$99,$677,$677,$0,$-38,$738,$17,$21,$0
9,2016-06-30,55.4,$28.14,1.97,$30.09,1.84,$-2.87,0.0,$1.96,28.27,$0.39B,$0.42B,0.94,$3.58B,$2.44B,1.47,$2.35B,$2.35B,100.00%,$2.35B,$0.40B,16.94%,$2.35B,$0.40B,16.94%,$2.35B,$0.51B,21.58%,$2.35B,$0.20B,8.56%,$2.35B,$0.15B,6.26%,$0.15B,$2.44B,7.04%,$0.15B,$-0.48B,-35.27%,$0.15B,$6.68B,2.70%,$0.40B,$6.02B,8.07%,$757,$0,$757,$0,$490,$628,$129,$-55,$74,$18,$56,$56,$56,$168,$129,$87,87,$0.65,$0.65,$31,$0,$77,$392,$3275,$0,$2917,$82,$6292,$6684,$420,$3578,$152,$3828,$4248,$1,$296,$-343,$2436,$6684,$81,$70,$28,$98,$-19,$0,$0,$-6,$4,$183,$-206,$0,$-683,$0,$0,$0,$-1,$-890,$94,$0,$94,$678,$678,$0,$-36,$735,$20,$14,$0
10,2016-03-31,55.11,$29.61,1.86,$27.98,1.97,$-3.10,0.0,$1.80,30.62,$0.39B,$0.41B,0.96,$3.50B,$2.56B,1.37,$2.05B,$2.05B,100.00%,$2.05B,$0.36B,17.35%,$2.05B,$0.36B,17.35%,$2.05B,$0.44B,21.55%,$2.05B,$0.18B,8.60%,$2.05B,$0.13B,6.11%,$0.13B,$2.56B,6.59%,$0.13B,$-0.31B,-32.81%,$0.13B,$6.70B,2.63%,$0.36B,$6.06B,8.22%,$617,$0,$617,$0,$408,$521,$96,$-64,$32,$7,$25,$25,$26,$126,$96,$83,83,$0.31,$0.31,$37,$0,$80,$393,$3338,$0,$2874,$50,$6303,$6696,$409,$3498,$124,$3725,$4133,$1,$240,$-153,$2563,$6696,$25,$30,$16,$46,$-4,$0,$7,$-16,$-13,$59,$-105,$0,$-580,$0,$0,$0,$-0,$-685,$10,$0,$10,$678,$678,$0,$-34,$654,$25,$7,$0
11,2015-12-31,62.46,$23.79,2.63,$26.40,2.37,$-3.12,0.0,$1.72,36.31,$0.30B,$0.29B,1.02,$2.20B,$1.68B,1.3,$1.80B,$1.80B,100.00%,$1.80B,$0.32B,17.88%,$1.80B,$0.32B,17.88%,$1.80B,$0.39B,21.78%,$1.80B,$0.17B,9.19%,$1.80B,$0.11B,6.35%,$0.11B,$1.68B,7.27%,$0.11B,$-0.51B,-23.68%,$0.11B,$4.28B,2.85%,$0.32B,$3.88B,8.86%,$495,$0,$495,$0,$322,$408,$87,$-35,$53,$19,$34,$34,$35,$108,$87,$68,68,$0.50,$0.50,$11,$0,$67,$295,$1709,$0,$2188,$39,$3984,$4279,$290,$2195,$79,$2306,$2596,$1,$214,$-105,$1683,$4279,$111,$70,$77,$147,$-25,$0,$0,$0,$-18,$240,$-303,$0,$-575,$0,$0,$0,$-7,$-884,$267,$0,$267,$324,$324,$0,$-27,$564,$-83,$20,$0
12,2015-09-30,66.27,$23.62,2.81,$24.49,2.71,$-2.60,0.0,$1.51,43.89,$0.38B,$0.26B,1.43,$2.09B,$1.67B,1.25,$1.60B,$1.60B,100.00%,$1.60B,$0.29B,17.93%,$1.60B,$0.29B,17.93%,$1.60B,$0.35B,21.76%,$1.60B,$0.15B,9.22%,$1.60B,$0.10B,6.33%,$0.10B,$1.67B,7.39%,$0.10B,$-0.37B,-29.60%,$0.10B,$4.15B,2.91%,$0.29B,$3.76B,9.12%,$480,$0,$480,$0,$311,$393,$86,$-45,$42,$13,$29,$29,$30,$105,$86,$71,71,$0.42,$0.42,$51,$0,$75,$378,$1624,$0,$2040,$69,$3767,$4145,$264,$2092,$87,$2210,$2475,$1,$179,$-84,$1671,$4145,$78,$50,$55,$105,$-29,$0,$0,$-3,$-40,$142,$-223,$0,$-391,$0,$0,$0,$-3,$-617,$126,$0,$126,$324,$324,$0,$-18,$432,$-43,$15,$0
13,2015-06-30,78.33,$23.60,3.32,$22.70,3.45,$-1.86,0.0,$1.52,51.53,$0.33B,$0.24B,1.34,$1.92B,$1.67B,1.15,$1.41B,$1.41B,100.00%,$1.41B,$0.25B,17.89%,$1.41B,$0.25B,17.89%,$1.41B,$0.31B,21.65%,$1.41B,$0.14B,9.79%,$1.41B,$0.10B,6.81%,$0.10B,$1.67B,8.20%,$0.10B,$-0.34B,-41.07%,$0.10B,$3.93B,3.23%,$0.25B,$3.58B,9.43%,$454,$0,$454,$0,$294,$368,$86,$-36,$49,$16,$34,$34,$34,$102,$86,$68,69,$0.50,$0.49,$35,$0,$70,$326,$1455,$0,$2005,$107,$3600,$3926,$243,$1915,$82,$2017,$2260,$1,$150,$-52,$1666,$3926,$48,$31,$36,$67,$-10,$0,$0,$-10,$-25,$91,$-125,$0,$-287,$0,$0,$0,$-1,$-414,$-45,$0,$-45,$324,$324,$0,$-17,$262,$-59,$9,$0
14,2015-03-31,71.6,$19.12,3.74,$20.23,3.54,$-1.99,0.0,$1.46,49.04,$0.33B,$0.23B,1.41,$2.02B,$1.25B,1.62,$1.17B,$1.17B,100.00%,$1.17B,$0.20B,17.28%,$1.17B,$0.20B,17.28%,$1.17B,$0.25B,21.04%,$1.17B,$0.13B,10.78%,$1.17B,$0.08B,7.19%,$0.08B,$1.25B,8.59%,$0.08B,$-0.71B,-86.60%,$0.08B,$3.63B,3.51%,$0.20B,$3.27B,9.44%,$366,$0,$366,$0,$245,$304,$62,$-41,$21,$7,$15,$15,$15,$76,$62,$63,63,$0.23,$0.23,$38,$0,$78,$325,$1230,$0,$1963,$69,$3302,$3627,$231,$2019,$81,$2147,$2377,$1,$116,$-98,$1250,$3627,$15,$15,$24,$38,$-7,$0,$0,$-29,$-35,$18,$-55,$0,$-50,$0,$0,$0,$-0,$-105,$56,$0,$56,$-5,$-5,$0,$-18,$33,$-56,$4,$0
15,2014-12-31,61.21,$14.88,4.11,$18.40,3.33,$-2.01,0.0,$1.49,41.08,$0.27B,$0.17B,1.65,$1.05B,$0.88B,1.2,$1.00B,$1.00B,100.00%,$1.00B,$0.17B,17.13%,$1.00B,$0.17B,17.13%,$1.00B,$0.21B,20.72%,$1.00B,$0.13B,12.55%,$1.00B,$0.08B,8.17%,$0.08B,$0.88B,10.38%,$0.08B,$0.06B,242.96%,$0.08B,$2.21B,4.54%,$0.17B,$1.93B,10.69%,$295,$0,$295,$0,$197,$243,$52,$-18,$35,$13,$22,$22,$22,$64,$52,$55,55,$0.39,$0.38,$94,$0,$42,$274,$1070,$0,$825,$25,$1933,$2207,$166,$1053,$44,$1160,$1326,$1,$101,$-68,$881,$2207,$83,$36,$2,$38,$-15,$0,$0,$6,$-6,$115,$-136,$0,$-739,$0,$0,$0,$14,$-861,$481,$0,$481,$370,$370,$0,$-14,$838,$89,$10,$0
16,2014-09-30,48.5,$14.98,3.24,$16.85,2.88,$-1.86,0.0,$1.36,35.66,$0.23B,$0.14B,1.61,$1.02B,$0.89B,1.15,$0.90B,$0.90B,100.00%,$0.90B,$0.15B,17.02%,$0.90B,$0.15B,17.02%,$0.90B,$0.18B,20.24%,$0.90B,$0.11B,12.35%,$0.90B,$0.07B,8.01%,$0.07B,$0.89B,10.44%,$0.07B,$0.06B,-236.07%,$0.07B,$2.14B,4.61%,$0.15B,$1.90B,10.95%,$294,$0,$294,$0,$198,$243,$52,$-19,$33,$8,$25,$25,$25,$63,$52,$59,59,$0.43,$0.43,$42,$0,$38,$230,$1026,$0,$826,$42,$1911,$2140,$143,$1016,$31,$1111,$1254,$1,$79,$-37,$887,$2140,$61,$24,$-3,$20,$-25,$0,$0,$12,$-12,$69,$-93,$0,$-723,$0,$0,$0,$15,$-801,$412,$0,$412,$371,$371,$0,$-12,$771,$38,$7,$0
17,2014-06-30,45.5,$15.13,3.01,$15.56,2.92,$-1.64,0.0,$1.22,37.3,$0.45B,$0.10B,4.38,$0.56B,$0.90B,0.62,$0.79B,$0.79B,100.00%,$0.79B,$0.13B,16.96%,$0.79B,$0.13B,16.96%,$0.79B,$0.16B,19.87%,$0.79B,$0.10B,12.66%,$0.79B,$0.06B,7.72%,$0.06B,$0.90B,10.43%,$0.06B,$0.21B,-63.87%,$0.06B,$1.59B,4.64%,$0.13B,$1.45B,11.35%,$214,$0,$214,$0,$144,$177,$36,$1,$37,$15,$22,$22,$22,$43,$36,$52,52,$0.43,$0.43,$278,$0,$48,$450,$419,$0,$687,$33,$1143,$1593,$103,$556,$21,$595,$697,$1,$54,$0,$895,$1593,$36,$13,$-0,$12,$-15,$0,$0,$-2,$-18,$29,$-62,$0,$-10,$0,$0,$0,$-0,$-72,$-50,$0,$-50,$371,$371,$0,$-6,$316,$273,$4,$0
18,2014-03-31,45.12,$9.88,4.57,$14.97,3.01,$-1.10,0.0,$1.03,43.81,$0.16B,$0.10B,1.6,$0.65B,$0.50B,1.32,$0.75B,$0.75B,100.00%,$0.75B,$0.13B,17.13%,$0.75B,$0.13B,17.13%,$0.75B,$0.15B,19.92%,$0.75B,$0.08B,11.02%,$0.75B,$0.05B,6.77%,$0.05B,$0.50B,10.77%,$0.05B,$-0.19B,-25.82%,$0.05B,$1.28B,4.26%,$0.13B,$1.15B,12.06%,$201,$0,$201,$0,$138,$169,$32,$-11,$21,$8,$13,$13,$13,$38,$32,$50,50,$0.26,$0.26,$7,$0,$28,$157,$403,$0,$686,$32,$1126,$1283,$98,$654,$20,$689,$787,$1,$31,$0,$496,$1283,$13,$6,$4,$10,$-9,$0,$0,$-5,$-16,$7,$-38,$0,$-10,$0,$0,$0,$-0,$-48,$46,$0,$46,$-2,$-2,$0,$-1,$43,$3,$2,$0
19,2013-12-31,47.33,$9.60,4.93,$14.19,3.34,$-0.73,0.0,$0.84,56.35,$0.15B,$0.12B,1.27,$0.60B,$0.48B,1.25,$0.71B,$0.71B,100.00%,$0.71B,$0.12B,17.25%,$0.71B,$0.12B,17.25%,$0.71B,$0.14B,19.92%,$0.71B,$0.07B,9.68%,$0.71B,$0.04B,5.89%,$0.04B,$0.48B,9.15%,$0.04B,$-0.20B,-22.55%,$0.04B,$1.23B,3.66%,$0.12B,$1.08B,11.93%,$190,$0,$190,$0,$128,$157,$33,$-13,$20,$8,$12,$12,$12,$38,$33,$50,50,$0.25,$0.25,$5,$0,$29,$145,$370,$0,$682,$27,$1080,$1225,$115,$602,$19,$629,$744,$1,$18,$0,$481,$1225,$43,$19,$26,$45,$-21,$0,$0,$0,$-22,$66,$-77,$0,$-164,$0,$0,$0,$-2,$-243,$143,$0,$143,$-1,$-1,$0,$-9,$133,$-45,$5,$0
20,2013-09-30,39.43,$9.32,4.23,$13.36,2.95,$-11.80,0.0,$0.70,56.33,$0.14B,$0.10B,1.41,$0.57B,$0.47B,1.23,$0.64B,$0.64B,100.00%,$0.64B,$0.11B,17.43%,$0.64B,$0.11B,17.43%,$0.64B,$0.13B,20.09%,$0.64B,$0.06B,8.95%,$0.64B,$0.03B,5.34%,$0.03B,$0.47B,7.61%,$0.03B,$-0.20B,-19.85%,$0.03B,$1.16B,3.13%,$0.11B,$1.04B,11.27%,$185,$0,$185,$0,$123,$152,$33,$-10,$22,$8,$15,$15,$14,$38,$33,$50,50,$0.29,$0.29,$4,$0,$33,$143,$330,$0,$666,$24,$1020,$1163,$101,$572,$18,$595,$696,$1,$6,$0,$467,$1163,$30,$14,$24,$38,$-18,$0,$0,$-6,$-22,$46,$-55,$0,$-136,$0,$0,$0,$-1,$-192,$111,$0,$111,$-1,$-1,$0,$-10,$100,$-45,$4,$0
21,2013-06-30,33.07,$9.01,3.67,$12.15,2.72,$-12.62,0.0,$0.56,59.05,$0.13B,$0.09B,1.47,$0.56B,$0.45B,1.23,$0.56B,$0.56B,100.00%,$0.56B,$0.10B,17.30%,$0.56B,$0.10B,17.30%,$0.56B,$0.11B,20.00%,$0.56B,$0.05B,8.11%,$0.56B,$0.03B,4.68%,$0.03B,$0.45B,6.60%,$0.03B,$-0.20B,-17.96%,$0.03B,$1.11B,2.75%,$0.10B,$1.01B,11.16%,$177,$0,$177,$0,$120,$146,$31,$-11,$20,$8,$12,$12,$12,$36,$31,$50,50,$0.24,$0.24,$7,$0,$20,$127,$312,$0,$650,$25,$987,$1114,$87,$556,$18,$577,$663,$1,$-8,$0,$451,$1114,$16,$9,$17,$26,$-11,$0,$0,$-3,$-13,$29,$-34,$0,$-122,$0,$0,$0,$-1,$-156,$96,$0,$96,$-1,$-1,$0,$-10,$85,$-42,$2,$0
22,2013-03-31,29.39,$8.74,3.36,$11.36,2.59,$-12.83,0.0,$0.48,61.23,$0.21B,$0.07B,3.0,$0.56B,$0.44B,1.28,$0.48B,$0.48B,100.00%,$0.48B,$0.08B,17.33%,$0.48B,$0.08B,17.33%,$0.48B,$0.10B,19.83%,$0.48B,$0.04B,7.31%,$0.48B,$0.02B,4.18%,$0.02B,$0.44B,5.84%,$0.02B,$-0.15B,-19.75%,$0.02B,$1.09B,2.46%,$0.08B,$1.00B,11.19%,$161,$0,$161,$0,$112,$135,$26,$-20,$7,$3,$4,$4,$4,$30,$26,$50,50,$0.07,$0.07,$100,$0,$21,$212,$269,$0,$582,$23,$873,$1085,$71,$560,$14,$578,$648,$1,$-20,$0,$437,$1085,$4,$4,$12,$17,$-10,$0,$0,$-9,$-19,$1,$-13,$0,$-22,$0,$0,$0,$-0,$-35,$96,$0,$96,$-1,$-1,$0,$-10,$85,$50,$1,$0
23,2012-12-31,23.35,$8.67,2.69,$10.92,2.14,$-12.56,0.0,$0.52,44.9,$0.14B,$0.07B,1.96,$0.47B,$0.43B,1.08,$0.41B,$0.41B,100.00%,$0.41B,$0.07B,17.16%,$0.41B,$0.07B,17.16%,$0.41B,$0.08B,19.61%,$0.41B,$0.03B,8.09%,$0.41B,$0.02B,4.90%,$0.02B,$0.43B,7.74%,$0.02B,$-0.14B,-18.60%,$0.02B,$0.98B,3.05%,$0.07B,$0.90B,11.81%,$114,$0,$114,$0,$77,$93,$21,$-14,$8,$3,$4,$4,$4,$24,$21,$38,39,$0.11,$0.11,$49,$0,$16,$141,$237,$0,$573,$32,$842,$983,$72,$466,$12,$479,$551,$0,$-24,$0,$433,$983,$20,$10,$5,$15,$-10,$0,$0,$8,$-2,$34,$-471,$0,$-53,$0,$0,$0,$-0,$-525,$170,$0,$170,$313,$313,$0,$-4,$479,$-12,$2,$0
24,2012-09-30,23.83,$6.07,3.93,$11.98,1.99,$-3.34,0.0,$-0.30,0.0,$0.09B,$0.06B,1.51,$0.29B,$0.25B,1.12,$0.37B,$0.37B,100.00%,$0.37B,$0.06B,16.80%,$0.37B,$0.06B,16.80%,$0.37B,$0.07B,18.97%,$0.37B,$0.00B,0.54%,$0.37B,0,0.00%,$0.00B,$0.25B,0.00%,$0.00B,$-0.09B,0.00%,$0.00B,$0.60B,0.00%,$0.06B,$0.54B,13.48%,$103,$0,$103,$0,$69,$85,$18,$-8,$10,$4,$7,$7,$6,$21,$18,$42,42,$0.15,$0.15,$12,$0,$15,$87,$155,$0,$347,$14,$517,$604,$58,$285,$7,$292,$350,$0,$-29,$0,$254,$604,$16,$7,$9,$17,$-14,$0,$0,$-1,$-9,$23,$-65,$0,$-166,$0,$0,$0,$1,$-230,$19,$0,$19,$139,$139,$0,$-1,$157,$-49,$2,$0
25,2012-06-30,17.54,$5.90,2.97,$12.97,1.35,$-2.42,0.0,$-0.27,0.0,$0.18B,$0.04B,4.16,$0.29B,$0.25B,1.17,$0.33B,$0.33B,100.00%,$0.33B,$0.05B,16.21%,$0.33B,$0.05B,16.21%,$0.33B,$0.06B,18.04%,$0.33B,$-0.00B,-1.22%,$0.33B,$-0.00B,-0.92%,$-0.00B,$0.25B,-2.31%,$-0.00B,$-0.03B,3.13%,$-0.00B,$0.59B,-0.70%,$0.05B,$0.54B,14.04%,$101,$0,$101,$0,$68,$82,$18,$-8,$10,$4,$6,$6,$6,$20,$18,$37,37,$0.16,$0.16,$120,$0,$13,$184,$113,$0,$272,$16,$402,$586,$44,$289,$7,$296,$340,$0,$-35,$0,$246,$586,$10,$4,$6,$10,$-7,$0,$0,$0,$-9,$11,$-22,$0,$-90,$0,$0,$0,$1,$-111,$21,$0,$21,$139,$139,$0,$-1,$159,$59,$1,$0
26,2012-03-31,16.3,$3.13,5.2,$13.84,1.18,$-2.22,0.0,$-1.67,0.0,$0.06B,$0.05B,1.33,$0.30B,$0.10B,2.98,$0.29B,$0.29B,100.00%,$0.29B,$0.02B,8.28%,$0.29B,$0.02B,8.28%,$0.29B,$0.03B,10.34%,$0.29B,$-0.03B,-11.38%,$0.29B,$-0.03B,-10.69%,$-0.03B,$0.10B,-45.26%,$-0.03B,$-0.17B,34.64%,$-0.03B,$0.45B,-10.92%,$0.02B,$0.40B,9.85%,$90,$0,$90,$0,$64,$77,$13,$-8,$5,$2,$3,$3,$4,$15,$13,$32,32,$0.11,$0.11,$1,$0,$12,$62,$98,$0,$271,$17,$391,$453,$47,$300,$6,$306,$353,$0,$-41,$0,$101,$453,$4,$2,$1,$4,$-5,$0,$0,$-1,$-2,$5,$-4,$0,$-90,$0,$0,$0,$0,$-94,$30,$0,$30,$0,$0,$0,$-1,$29,$-60,$1,$0
27,2011-12-31,9.97,$3.00,3.32,$12.02,0.83,$-2.26,0.0,$-1.78,0.0,$0.11B,$0.04B,2.77,$0.27B,$0.10B,2.81,$0.22B,$0.22B,100.00%,$0.22B,$0.01B,5.99%,$0.22B,$0.01B,5.99%,$0.22B,$0.02B,8.29%,$0.22B,$-0.04B,-17.97%,$0.22B,$-0.04B,-16.13%,$-0.04B,$0.10B,-80.92%,$-0.04B,$-0.10B,74.47%,$-0.04B,$0.41B,-20.50%,$0.01B,$0.37B,9.04%,$75,$0,$75,$0,$52,$63,$13,$-36,$-23,$-9,$-15,$-15,$-16,$14,$13,$19,19,$-0.79,$-0.79,$61,$0,$10,$113,$83,$0,$195,$16,$300,$413,$41,$271,$5,$276,$317,$0,$-45,$0,$96,$413,$-35,$6,$11,$16,$-2,$0,$0,$-4,$-2,$-21,$-18,$0,$-206,$0,$0,$0,$-1,$-226,$267,$0,$267,$67,$67,$0,$-36,$299,$53,$17,$0
28,2011-09-30,4.16,$4.37,0.95,$8.00,0.52,$-0.19,0.0,$-1.06,0.0,$0.04B,$0.04B,1.0,$0.13B,$0.08B,1.71,$0.14B,$0.14B,100.00%,$0.14B,0,0.00%,$0.14B,0,0.00%,$0.14B,$0.00B,2.82%,$0.14B,$-0.02B,-11.27%,$0.14B,$-0.02B,-13.38%,$-0.02B,$0.08B,-98.70%,$-0.02B,$-0.09B,85.39%,$-0.02B,$0.27B,-28.15%,$0.00B,$0.21B,0.00%,$61,$0,$61,$0,$45,$52,$9,$-4,$4,$1,$4,$4,$3,$10,$9,$18,18,$0.18,$0.18,$1,$0,$10,$36,$58,$0,$166,$10,$233,$270,$36,$131,$25,$156,$193,$0,$-29,$0,$77,$270,$-19,$4,$21,$25,$-4,$0,$0,$-0,$2,$8,$-9,$0,$-178,$0,$0,$0,$-1,$-188,$128,$0,$128,$0,$0,$0,$45,$173,$-7,$20,$0
29,2011-06-30,5.82,$0.00,0.0,$5.46,1.07,$0.16,36.02,$-1.24,0.0,$0.00B,$0.00B,0.0,$0.00B,$0.00B,0.0,$0.10B,$0.10B,100.00%,$0.10B,$-0.01B,-7.22%,$0.10B,$-0.01B,-7.22%,$0.10B,$-0.00B,-4.12%,$0.10B,$-0.02B,-18.56%,$0.10B,$-0.02B,-20.62%,$-0.02B,$0.00B,inf%,$-0.02B,$0.00B,inf%,$-0.02B,$0.00B,inf%,$-0.01B,$0.00B,inf%,$64,$0,$64,$0,$65,$75,$-11,$-8,$-19,$3,$-22,$-22,$-22,$-9,$-11,$18,18,$-1.24,$-1.24,$0,$0,$0,$0,$0,$0,$0,$0,$0,$0,$0,$0,$0,$0,$0,$0,$0,$0,$0,$0,$-22,$3,$19,$22,$-1,$0,$0,$1,$4,$4,$-5,$0,$-178,$0,$0,$0,$-1,$-184,$130,$0,$130,$0,$0,$0,$45,$175,$-5,$20,$0
30,2011-03-31,4.61,$0.00,0.0,$1.86,2.48,$0.26,17.54,0,0.0,$0.00B,$0.00B,0.0,$0.00B,$0.00B,0.0,$0.03B,$0.03B,100.00%,$0.03B,$0.00B,12.12%,$0.03B,$0.00B,12.12%,$0.03B,$0.01B,15.15%,$0.03B,$0.00B,3.03%,$0.03B,$0.00B,6.06%,$0.00B,$0.00B,inf%,$0.00B,$0.00B,inf%,$0.00B,$0.00B,inf%,$0.00B,$0.00B,inf%,$17,$0,$17,$0,$12,$15,$2,$-3,$-1,$-0,$-0,$-0,$-0,$3,$2,$18,18,$-0.01,$-0.01,$0,$0,$0,$0,$0,$0,$0,$0,$0,$0,$0,$0,$0,$0,$0,$0,$0,$0,$0,$0,$-0,$0,$1,$1,$-2,$0,$0,$-1,$-0,$1,$-1,$0,$0,$0,$0,$0,$0,$-1,$-0,$0,$-0,$0,$0,$0,$-0,$-0,$-1,$0,$0
