,Date,Stock Price,Book Value per Share,Price to Book Ratio,TTM Sales per Share,Price to Sales Ratio,TTM FCF per Share,Price to FCF Ratio,TTM Net EPS,PE Ratio,Current Assets,Current Liabilities,Current Ratio,Long Term Debt,Shareholder's Equity_x,Debt to Equity Ratio,TTM Revenue_x,TTM Gross Profit,Gross Margin,TTM Revenue_y,TTM Operating Income,Operating Margin,TTM Revenue_x,TTM EBIT,EBIT Margin,TTM Revenue_y,TTM EBITDA,EBITDA Margin,TTM Revenue_x,TTM Pre-Tax Income,Pre-Tax Margin,TTM Revenue_y,TTM Net Income_x,Net Margin,TTM Net Income_y,Shareholder's Equity_y,Return on Equity,TTM Net Income_x,Tangible Equity,Return on Tangible Equity,TTM Net Income_y,Total Assets,Return on Assets,TTM Net Income,LT Investments & Debt,Return on Investment,revenue,cost-goods-sold,gross-profit,research-development-expenses,selling-general-administrative-expenses,operating-expenses,operating-income,total-non-operating-income-expense,pre-tax-income,total-provision-income-taxes,income-after-taxes,income-from-continuous-operations,net-income,ebitda,ebit,basic-shares-outstanding,shares-outstanding,eps-basic-net-earnings-per-share,eps-earnings-per-share-diluted,cash-on-hand,inventory,other-current-assets,total-current-assets,net-property-plant-equipment,long-term-investments,goodwill-intangible-assets-total,other-long-term-assets,total-long-term-assets,total-assets,total-current-liabilities,long-term-debt,other-non-current-liabilities,total-long-term-liabilities,total-liabilities,common-stock-net,retained-earnings-accumulated-deficit,comprehensive-income,total-share-holder-equity,total-liabilities-share-holders-equity,net-income-loss,total-depreciation-amortization-cash-flow,other-non-cash-items,total-non-cash-items,change-in-accounts-receivable,change-in-inventories,change-in-accounts-payable,change-in-assets-liabilities,total-change-in-assets-liabilities,cash-flow-from-operating-activities,net-change-in-property-plant-equipment,net-change-in-intangible-assets,net-acquisitions-divestitures,net-change-in-short-term-investments,net-change-in-long-term-investments,net-change-in-investments-total,investing-activities-other,cash-flow-from-investing-activities,net-long-term-debt,net-current-debt,debt-issuance-retirement-net-total,net-common-equity-issued-repurchased,net-total-equity-issued-repurchased,total-common-preferred-stock-dividends-paid,financial-activities-other,cash-flow-from-financial-activities,net-cash-flow,stock-based-compensation,common-stock-dividends-paid
0,2018-09-30,3.68,$2.02,1.82,0,0.0,$-1.25,0.0,$-0.44,0.0,$0.29B,$0.01B,33.21,$0.00B,$0.28B,0.0,$0.00B,0,nan%,$0.00B,$-0.08B,inf%,$0.00B,$-0.08B,inf%,$0.00B,$-0.08B,inf%,$0.00B,$-0.08B,inf%,$0.00B,$-0.08B,inf%,$-0.08B,$0.28B,-25.50%,$-0.08B,$0.28B,-25.50%,$-0.08B,$0.29B,-24.72%,$-0.08B,$0.28B,-27.15%,$0,$0,$0,$13,$4,$17,$-17,$1,$-16,$0,$-16,$-16,$-16,$-17,$-17,$139,139,$-0.12,$-0.12,$282,$0,$0,$286,$2,$0,$0,$0,$3,$289,$9,$0,$0,$0,$9,$0,$-656,$-0,$281,$289,$-54,$1,$7,$8,$-0,$0,$-4,$-1,$-5,$-50,$-0,$0,$0,$42,$0,$42,$0,$41,$-0,$0,$-0,$2,$2,$0,$0,$2,$-7,$7,$0
1,2018-06-30,2.83,$2.13,1.33,0,0.0,$-1.18,0.0,$-0.58,0.0,$0.29B,$0.01B,35.92,$0.00B,$0.30B,0.0,$0.00B,0,nan%,$0.00B,$-0.09B,inf%,$0.00B,$-0.09B,inf%,$0.00B,$-0.08B,inf%,$0.00B,$-0.08B,inf%,$0.00B,$-0.08B,inf%,$-0.08B,$0.30B,-25.14%,$-0.08B,$0.30B,-25.14%,$-0.08B,$0.30B,-24.30%,$-0.09B,$0.30B,-26.71%,$0,$0,$0,$11,$7,$19,$-19,$1,$-17,$0,$-17,$-17,$-17,$-18,$-19,$138,138,$-0.12,$-0.12,$287,$0,$0,$292,$3,$8,$0,$0,$11,$303,$8,$0,$0,$0,$8,$0,$-640,$-0,$295,$303,$-38,$1,$6,$7,$-0,$0,$-4,$-1,$-6,$-37,$-0,$0,$0,$27,$0,$27,$0,$27,$-0,$0,$-0,$2,$2,$0,$0,$2,$-8,$6,$0
2,2018-03-31,3.71,$2.22,1.67,0,0.0,$-1.07,0.0,$-0.62,0.0,$0.31B,$0.01B,38.03,$0.00B,$0.31B,0.0,$0.00B,0,nan%,$0.00B,$-0.09B,inf%,$0.00B,$-0.09B,inf%,$0.00B,$-0.09B,inf%,$0.00B,$-0.09B,inf%,$0.00B,$-0.09B,inf%,$-0.09B,$0.31B,-25.65%,$-0.09B,$0.31B,-25.65%,$-0.09B,$0.32B,-24.73%,$-0.09B,$0.31B,-26.85%,$0,$0,$0,$15,$5,$22,$-22,$1,$-21,$0,$-21,$-21,$-21,$-21,$-22,$138,138,$-0.15,$-0.15,$304,$0,$0,$310,$3,$3,$0,$0,$6,$316,$8,$0,$0,$0,$8,$0,$-623,$-1,$307,$316,$-21,$0,$3,$3,$-0,$0,$-3,$-1,$-7,$-24,$-0,$0,$0,$16,$0,$16,$0,$16,$-0,$0,$-0,$1,$1,$0,$0,$1,$-7,$2,$0
3,2017-12-31,2.88,$2.35,1.22,0,0.0,$-0.94,0.0,$-0.62,0.0,$0.30B,$0.01B,23.59,$0.00B,$0.33B,0.0,$0.00B,0,nan%,$0.00B,$-0.09B,inf%,$0.00B,$-0.09B,inf%,$0.00B,$-0.09B,inf%,$0.00B,$-0.09B,inf%,$0.00B,$-0.09B,inf%,$-0.09B,$0.33B,-24.01%,$-0.09B,$0.33B,-24.01%,$-0.09B,$0.34B,-23.16%,$-0.09B,$0.33B,-25.12%,$0,$0,$0,$16,$9,$24,$-24,$1,$-23,$0,$-23,$-23,$-23,$-24,$-24,$137,137,$-0.17,$-0.17,$300,$0,$0,$304,$3,$31,$0,$0,$34,$338,$13,$0,$0,$0,$13,$0,$-603,$-0,$325,$338,$-85,$2,$9,$12,$15,$0,$-2,$-0,$14,$-59,$-1,$0,$0,$27,$0,$27,$0,$26,$-0,$0,$-0,$0,$0,$0,$-0,$-0,$-34,$11,$0
4,2017-09-30,4.49,$2.51,1.79,0,0.0,$-1.00,0.0,$-0.48,0.0,$0.33B,$0.01B,22.65,$0.00B,$0.35B,0.0,$0.00B,0,nan%,$0.00B,$-0.09B,inf%,$0.00B,$-0.07B,inf%,$0.00B,$-0.08B,inf%,$0.00B,$-0.07B,inf%,$0.00B,$-0.07B,inf%,$-0.07B,$0.35B,-17.72%,$-0.07B,$0.35B,-17.72%,$-0.07B,$0.36B,-17.10%,$-0.09B,$0.35B,-22.79%,$0,$0,$0,$16,$5,$20,$-20,$1,$-19,$0,$-19,$-19,$-19,$-20,$-20,$137,137,$-0.14,$-0.14,$322,$0,$0,$327,$3,$30,$0,$0,$33,$360,$14,$0,$0,$0,$15,$0,$-579,$-0,$346,$360,$-62,$2,$7,$9,$15,$0,$1,$-2,$14,$-39,$-1,$0,$0,$15,$0,$15,$0,$14,$-0,$0,$-0,$0,$0,$0,$-0,$-0,$-25,$8,$0
5,2017-06-30,4.59,$2.65,1.73,0,0.0,$-1.08,0.0,$-0.49,0.0,$0.36B,$0.01B,25.33,$0.00B,$0.36B,0.0,$0.00B,0,nan%,$0.00B,$-0.09B,inf%,$0.00B,$-0.07B,inf%,$0.00B,$-0.09B,inf%,$0.00B,$-0.07B,inf%,$0.00B,$-0.07B,inf%,$-0.07B,$0.36B,-17.61%,$-0.07B,$0.36B,-17.61%,$-0.07B,$0.38B,-17.01%,$-0.09B,$0.36B,-22.50%,$0,$0,$0,$18,$5,$24,$-24,$1,$-23,$0,$-23,$-23,$-23,$-23,$-24,$137,137,$-0.16,$-0.16,$350,$0,$0,$355,$3,$18,$0,$0,$22,$377,$14,$0,$0,$0,$14,$0,$-560,$-0,$363,$377,$-43,$1,$5,$6,$15,$0,$-4,$-1,$14,$-23,$-0,$0,$0,$-19,$0,$-19,$0,$-19,$-0,$0,$-0,$0,$0,$0,$-0,$-0,$-42,$6,$0
6,2017-03-31,4.21,$2.80,1.51,0,0.0,$-1.16,0.0,$-0.47,0.0,$0.38B,$0.01B,36.07,$0.00B,$0.38B,0.0,$0.00B,0,nan%,$0.00B,$-0.08B,inf%,$0.00B,$-0.07B,inf%,$0.00B,$-0.08B,inf%,$0.00B,$-0.06B,inf%,$0.00B,$-0.06B,inf%,$-0.06B,$0.38B,-15.74%,$-0.06B,$0.38B,-15.74%,$-0.06B,$0.39B,-15.24%,$-0.08B,$0.38B,-20.46%,$0,$0,$0,$15,$6,$21,$-21,$1,$-20,$0,$-20,$-20,$-20,$-21,$-21,$137,137,$-0.15,$-0.15,$379,$0,$0,$383,$3,$6,$0,$0,$10,$393,$11,$0,$0,$0,$11,$0,$-538,$0,$382,$393,$-20,$0,$3,$3,$15,$0,$-3,$-0,$11,$-6,$-0,$0,$0,$-28,$0,$-28,$0,$-28,$-0,$0,$-0,$0,$0,$0,$-0,$-0,$-34,$3,$0
7,2016-12-31,4.13,$2.92,1.41,0,0.0,$-1.24,0.0,$-0.45,0.0,$0.38B,$0.01B,27.38,$0.00B,$0.40B,0.0,$0.00B,0,nan%,$0.00B,$-0.08B,inf%,$0.00B,$-0.07B,inf%,$0.00B,$-0.08B,inf%,$0.00B,$-0.06B,inf%,$0.00B,$-0.06B,inf%,$-0.06B,$0.40B,-14.75%,$-0.06B,$0.40B,-14.75%,$-0.06B,$0.41B,-14.27%,$-0.08B,$0.40B,-19.34%,$0,$0,$0,$15,$5,$20,$-20,$1,$-4,$0,$-4,$-4,$-4,$-20,$-5,$137,137,$-0.03,$-0.03,$364,$0,$0,$383,$3,$28,$0,$0,$31,$414,$14,$0,$0,$0,$14,$0,$-517,$0,$399,$414,$-62,$2,$10,$12,$-15,$0,$3,$-1,$-16,$-66,$-3,$0,$0,$63,$0,$63,$0,$61,$0,$0,$0,$0,$0,$0,$0,$1,$-4,$11,$0
8,2016-09-30,8.1,$2.94,2.76,$0.25,32.2,$-0.70,0.0,$-0.30,0.0,$0.41B,$0.01B,29.93,$0.00B,$0.40B,0.0,$0.03B,$0.03B,100.00%,$0.03B,$-0.04B,-137.50%,$0.03B,$-0.04B,-137.50%,$0.03B,$-0.04B,-128.13%,$0.03B,$-0.04B,-125.00%,$0.03B,$-0.04B,-125.00%,$-0.04B,$0.40B,-9.38%,$-0.04B,$0.40B,-9.38%,$-0.04B,$0.42B,-9.09%,$-0.04B,$0.40B,-10.32%,$0,$0,$0,$17,$5,$22,$-22,$1,$-21,$0,$-21,$-21,$-21,$-21,$-22,$137,137,$-0.15,$-0.15,$409,$0,$0,$412,$3,$0,$0,$0,$3,$415,$14,$0,$0,$0,$14,$0,$-513,$0,$401,$415,$-57,$2,$8,$10,$0,$0,$1,$0,$-1,$-48,$-2,$0,$0,$9,$0,$9,$0,$7,$-0,$0,$-0,$0,$0,$0,$0,$0,$-41,$8,$0
9,2016-06-30,7.8,$3.07,2.54,$0.49,15.82,$-0.19,0.0,$0.04,195.0,$0.43B,$0.01B,33.43,$0.00B,$0.42B,0.0,$0.07B,$0.07B,100.00%,$0.07B,$-0.00B,-7.58%,$0.07B,$-0.00B,-7.58%,$0.07B,$-0.00B,-3.03%,$0.07B,$0.01B,10.61%,$0.07B,$0.01B,10.61%,$0.01B,$0.42B,1.61%,$0.01B,$0.42B,1.61%,$0.01B,$0.43B,1.53%,$-0.00B,$0.42B,-1.15%,$0,$0,$0,$14,$5,$19,$-19,$1,$-18,$0,$-18,$-18,$-18,$-19,$-19,$137,137,$-0.14,$-0.14,$425,$0,$0,$429,$3,$0,$0,$0,$3,$432,$13,$0,$0,$0,$13,$0,$-492,$0,$419,$432,$-37,$1,$5,$6,$-0,$0,$1,$-0,$-3,$-33,$-1,$0,$0,$-14,$0,$-14,$0,$-15,$-0,$0,$-0,$0,$0,$0,$0,$0,$-48,$6,$0
10,2016-03-31,7.72,$3.18,2.43,$0.50,15.47,$-0.23,0.0,$-0.07,0.0,$0.44B,$0.01B,32.91,$0.00B,$0.44B,0.0,$0.07B,$0.07B,100.00%,$0.07B,$-0.02B,-22.39%,$0.07B,$-0.02B,-22.39%,$0.07B,$-0.01B,-17.91%,$0.07B,$-0.00B,-5.97%,$0.07B,$-0.00B,-5.97%,$-0.00B,$0.44B,-1.03%,$-0.00B,$0.44B,-1.03%,$-0.00B,$0.45B,-0.96%,$-0.02B,$0.44B,-3.85%,$0,$0,$0,$13,$5,$19,$-19,$1,$-18,$0,$-18,$-18,$-18,$-18,$-19,$137,137,$-0.13,$-0.13,$440,$0,$0,$443,$2,$3,$0,$0,$6,$449,$13,$0,$0,$0,$14,$0,$-474,$0,$435,$449,$-18,$1,$3,$3,$-0,$0,$2,$0,$-1,$-16,$-0,$0,$0,$-6,$0,$-6,$0,$-7,$-0,$0,$-0,$0,$0,$0,$0,$-0,$-23,$3,$0
11,2015-12-31,10.79,$3.29,3.28,$0.50,21.62,$-0.26,0.0,$-0.11,0.0,$0.46B,$0.02B,31.56,$0.00B,$0.45B,0.0,$0.07B,$0.07B,100.00%,$0.07B,$-0.02B,-22.39%,$0.07B,$-0.02B,-22.39%,$0.07B,$-0.01B,-19.40%,$0.07B,$-0.01B,-7.46%,$0.07B,$-0.01B,-7.46%,$-0.01B,$0.45B,-1.44%,$-0.01B,$0.45B,-1.44%,$-0.01B,$0.47B,-1.34%,$-0.02B,$0.45B,-4.32%,$32,$0,$32,$10,$5,$15,$16,$0,$17,$0,$17,$17,$17,$17,$16,$126,126,$0.19,$0.19,$459,$0,$0,$463,$2,$0,$0,$0,$2,$465,$15,$0,$0,$0,$15,$0,$-456,$-0,$450,$465,$-5,$3,$8,$10,$-0,$0,$-2,$-1,$0,$6,$-1,$0,$0,$-298,$0,$-298,$0,$-299,$-0,$0,$-0,$301,$301,$0,$0,$301,$8,$10,$0
12,2015-09-30,6.91,$3.15,2.19,$0.25,27.89,$-0.88,0.0,$-0.44,0.0,$0.47B,$0.05B,9.4,$0.00B,$0.43B,0.0,$0.04B,$0.04B,100.00%,$0.04B,$-0.05B,-151.43%,$0.04B,$-0.05B,-151.43%,$0.04B,$-0.05B,-145.71%,$0.04B,$-0.04B,-125.71%,$0.04B,$-0.04B,-125.71%,$-0.04B,$0.43B,-16.28%,$-0.04B,$0.43B,-16.28%,$-0.04B,$0.48B,-14.89%,$-0.05B,$0.43B,-19.59%,$34,$0,$34,$12,$5,$17,$17,$9,$26,$0,$26,$26,$26,$18,$17,$136,140,$0.19,$0.19,$463,$0,$0,$465,$2,$12,$0,$0,$14,$480,$49,$0,$0,$0,$50,$0,$-473,$0,$430,$480,$-22,$2,$5,$7,$-0,$0,$-2,$31,$36,$21,$-1,$0,$0,$-245,$0,$-245,$0,$-245,$0,$0,$0,$301,$301,$0,$0,$301,$77,$7,$0
13,2015-06-30,8.86,$2.05,4.32,$0.01,0.0,$-1.42,0.0,$-0.79,0.0,$0.25B,$0.02B,10.48,$0.00B,$0.24B,0.0,$0.00B,$0.00B,100.00%,$0.00B,$-0.09B,-8600.00%,$0.00B,$-0.09B,-8600.00%,$0.00B,$-0.08B,-8400.00%,$0.00B,$-0.09B,-8600.00%,$0.00B,$-0.09B,-8600.00%,$-0.09B,$0.24B,-44.62%,$-0.09B,$0.24B,-44.62%,$-0.09B,$0.27B,-41.30%,$-0.09B,$0.24B,-44.56%,$1,$0,$1,$20,$10,$30,$-29,$0,$-29,$0,$-29,$-29,$-29,$-29,$-29,$118,118,$-0.25,$-0.25,$246,$0,$0,$250,$2,$15,$0,$0,$17,$266,$24,$0,$0,$0,$24,$0,$-499,$-0,$242,$266,$-48,$1,$4,$5,$-1,$0,$5,$-0,$9,$-34,$-0,$0,$0,$-119,$0,$-119,$0,$-119,$0,$0,$0,$141,$141,$0,$0,$141,$-12,$5,$0
14,2015-03-31,9.86,$2.26,4.36,0,0.0,$-1.41,0.0,$-0.70,0.0,$0.26B,$0.01B,19.64,$0.00B,$0.27B,0.0,$0.00B,0,nan%,$0.00B,$-0.07B,inf%,$0.00B,$-0.07B,inf%,$0.00B,$-0.07B,inf%,$0.00B,$-0.07B,inf%,$0.00B,$-0.07B,inf%,$-0.07B,$0.27B,-44.58%,$-0.07B,$0.27B,-44.58%,$-0.07B,$0.28B,-41.60%,$-0.07B,$0.27B,-44.51%,$0,$0,$0,$15,$4,$19,$-19,$0,$-19,$0,$-19,$-19,$-19,$-19,$-19,$111,111,$-0.17,$-0.17,$253,$0,$0,$256,$2,$22,$0,$0,$24,$279,$13,$0,$0,$0,$13,$0,$-470,$0,$266,$279,$-19,$1,$2,$2,$-1,$0,$2,$0,$-0,$-17,$-0,$0,$0,$-149,$0,$-149,$0,$-149,$0,$0,$0,$139,$139,$0,$0,$139,$-27,$3,$0
15,2014-12-31,12.25,$1.38,8.85,0,0.0,$-1.40,0.0,$-0.70,0.0,$0.16B,$0.01B,11.86,$0.00B,$0.14B,0.0,$0.00B,0,nan%,$0.00B,$-0.07B,inf%,$0.00B,$-0.07B,inf%,$0.00B,$-0.07B,inf%,$0.00B,$-0.07B,inf%,$0.00B,$-0.07B,inf%,$-0.07B,$0.14B,-53.13%,$-0.07B,$0.14B,-53.13%,$-0.07B,$0.16B,-49.04%,$-0.07B,$0.14B,-53.03%,$0,$0,$0,$16,$5,$22,$-22,$0,$-22,$0,$-22,$-22,$-22,$-21,$-22,$98,98,$-0.21,$-0.21,$153,$0,$0,$155,$2,$0,$0,$0,$2,$157,$13,$0,$0,$0,$13,$0,$-451,$-0,$143,$157,$-69,$2,$6,$9,$0,$0,$2,$1,$5,$-56,$-1,$0,$0,$44,$0,$44,$0,$43,$0,$0,$0,$52,$52,$0,$0,$52,$40,$7,$0
16,2014-09-30,9.98,$1.19,8.36,0,0.0,$-1.40,0.0,$-0.63,0.0,$0.13B,$0.01B,11.73,$0.00B,$0.12B,0.0,$0.00B,0,nan%,$0.00B,$-0.06B,inf%,$0.00B,$-0.06B,inf%,$0.00B,$-0.06B,inf%,$0.00B,$-0.06B,inf%,$0.00B,$-0.06B,inf%,$-0.06B,$0.12B,-45.44%,$-0.06B,$0.12B,-45.44%,$-0.06B,$0.13B,-42.36%,$-0.06B,$0.12B,-45.44%,$0,$0,$0,$12,$4,$16,$-16,$0,$-16,$0,$-16,$-16,$-16,$-15,$-16,$99,99,$-0.16,$-0.16,$127,$0,$0,$129,$2,$0,$0,$0,$2,$131,$11,$0,$0,$0,$11,$0,$-429,$-0,$120,$131,$-47,$2,$4,$6,$0,$0,$-2,$0,$2,$-39,$-0,$0,$0,$37,$0,$37,$0,$37,$-0,$0,$-0,$9,$9,$0,$-0,$9,$6,$5,$0
17,2014-06-30,7.57,$1.29,5.88,0,0.0,$-1.41,0.0,$-0.61,0.0,$0.13B,$0.01B,14.51,$0.00B,$0.13B,0.0,$0.00B,0,nan%,$0.00B,$-0.06B,inf%,$0.00B,$-0.06B,inf%,$0.00B,$-0.06B,inf%,$0.00B,$-0.06B,inf%,$0.00B,$-0.06B,inf%,$-0.06B,$0.13B,-40.62%,$-0.06B,$0.13B,-40.62%,$-0.06B,$0.14B,-38.00%,$-0.06B,$0.13B,-40.55%,$0,$0,$0,$12,$4,$16,$-16,$0,$-16,$0,$-16,$-16,$-16,$-15,$-16,$97,97,$-0.16,$-0.16,$131,$0,$0,$134,$1,$0,$0,$0,$2,$135,$9,$0,$0,$0,$9,$0,$-413,$0,$126,$135,$-32,$1,$2,$4,$0,$0,$-3,$1,$1,$-27,$-0,$0,$0,$26,$0,$26,$0,$26,$-0,$0,$-0,$2,$2,$0,$-0,$1,$-0,$3,$0
18,2014-03-31,3.29,$1.43,2.3,0,0.0,$-1.40,0.0,$-0.66,0.0,$0.14B,$0.01B,14.96,$0.00B,$0.14B,0.0,$0.00B,0,nan%,$0.00B,$-0.06B,inf%,$0.00B,$-0.06B,inf%,$0.00B,$-0.06B,inf%,$0.00B,$-0.06B,inf%,$0.00B,$-0.06B,inf%,$-0.06B,$0.14B,-39.87%,$-0.06B,$0.14B,-39.87%,$-0.06B,$0.15B,-37.22%,$-0.06B,$0.14B,-39.81%,$0,$0,$0,$13,$3,$16,$-16,$0,$-16,$0,$-16,$-16,$-16,$-16,$-16,$97,97,$-0.17,$-0.17,$141,$0,$0,$143,$1,$4,$0,$0,$5,$148,$10,$0,$0,$0,$10,$0,$-398,$0,$138,$148,$-16,$1,$1,$2,$-0,$0,$-1,$1,$1,$-13,$-0,$0,$0,$14,$0,$14,$0,$14,$-0,$0,$-0,$0,$0,$0,$-0,$-0,$1,$2,$0
19,2013-12-31,3.32,$1.58,2.1,0,0.0,$-1.42,0.0,$-0.63,0.0,$0.13B,$0.01B,13.27,$0.00B,$0.15B,0.0,$0.00B,0,nan%,$0.00B,$-0.06B,inf%,$0.00B,$-0.06B,inf%,$0.00B,$-0.06B,inf%,$0.00B,$-0.06B,inf%,$0.00B,$-0.06B,inf%,$-0.06B,$0.15B,-34.25%,$-0.06B,$0.15B,-34.25%,$-0.06B,$0.16B,-32.11%,$-0.06B,$0.15B,-34.20%,$0,$0,$0,$10,$3,$13,$-13,$0,$-13,$0,$-13,$-13,$-13,$-13,$-13,$94,94,$-0.14,$-0.14,$122,$0,$0,$125,$1,$36,$0,$0,$38,$162,$9,$0,$0,$0,$9,$0,$-382,$0,$153,$162,$-59,$3,$3,$5,$-0,$0,$0,$-0,$0,$-54,$-0,$0,$0,$-65,$0,$-65,$0,$-65,$-0,$0,$-0,$134,$134,$0,$0,$134,$15,$6,$0
20,2013-09-30,3.02,$1.70,1.78,$0.00,0.0,$-1.48,0.0,$-0.63,0.0,$0.14B,$0.01B,12.3,$0.00B,$0.16B,0.0,$0.00B,0,nan%,$0.00B,$-0.06B,inf%,$0.00B,$-0.06B,inf%,$0.00B,$-0.05B,inf%,$0.00B,$-0.06B,inf%,$0.00B,$-0.06B,inf%,$-0.06B,$0.16B,-37.50%,$-0.06B,$0.16B,-37.50%,$-0.06B,$0.18B,-34.81%,$-0.06B,$0.17B,-37.44%,$0,$0,$0,$11,$3,$14,$-14,$0,$-14,$0,$-14,$-14,$-14,$-13,$-14,$97,97,$-0.14,$-0.14,$140,$0,$0,$142,$1,$33,$0,$0,$34,$176,$12,$0,$0,$0,$12,$0,$-368,$0,$164,$176,$-46,$2,$1,$3,$0,$0,$1,$0,$3,$-40,$-0,$0,$0,$-86,$0,$-86,$0,$-87,$-0,$0,$-0,$134,$134,$0,$0,$133,$7,$4,$0
21,2013-06-30,8.18,$1.83,4.47,$0.00,0.0,$-1.52,0.0,$-0.69,0.0,$0.14B,$0.01B,9.89,$0.00B,$0.18B,0.0,$0.00B,0,nan%,$0.00B,$-0.06B,inf%,$0.00B,$-0.06B,inf%,$0.00B,$-0.06B,inf%,$0.00B,$-0.06B,inf%,$0.00B,$-0.06B,inf%,$-0.06B,$0.18B,-44.11%,$-0.06B,$0.18B,-44.11%,$-0.06B,$0.19B,-40.42%,$-0.06B,$0.18B,-44.11%,$0,$0,$0,$17,$4,$20,$-20,$0,$-20,$0,$-20,$-20,$-20,$-19,$-20,$97,97,$-0.21,$-0.21,$134,$0,$0,$137,$1,$52,$0,$0,$54,$191,$14,$0,$0,$0,$14,$0,$-354,$-0,$177,$191,$-32,$1,$0,$1,$-0,$0,$2,$-0,$4,$-26,$-0,$0,$0,$-108,$0,$-108,$0,$-108,$-0,$0,$-0,$134,$134,$0,$0,$133,$-1,$3,$0
22,2013-03-31,8.75,$2.02,4.33,$0.00,0.0,$-1.55,0.0,$-0.64,0.0,$0.15B,$0.01B,14.12,$0.00B,$0.20B,0.0,$0.00B,0,nan%,$0.00B,$-0.05B,inf%,$0.00B,$-0.05B,inf%,$0.00B,$-0.05B,inf%,$0.00B,$-0.05B,inf%,$0.00B,$-0.05B,inf%,$-0.05B,$0.20B,-49.75%,$-0.05B,$0.20B,-49.75%,$-0.05B,$0.21B,-44.74%,$-0.05B,$0.20B,-49.63%,$0,$0,$0,$9,$3,$12,$-12,$0,$-12,$0,$-12,$-12,$-12,$-11,$-12,$86,86,$-0.14,$-0.14,$145,$0,$0,$149,$1,$55,$0,$0,$56,$206,$11,$0,$0,$0,$11,$0,$-334,$-0,$195,$206,$-12,$0,$-1,$-1,$-0,$0,$1,$-1,$-0,$-13,$-0,$0,$0,$-99,$0,$-99,$0,$-99,$-0,$0,$-0,$133,$133,$0,$0,$133,$21,$1,$0
23,2012-12-31,8.01,$0.90,8.85,$0.04,216.81,$-1.57,0.0,$-0.63,0.0,$0.07B,$0.01B,7.43,$0.00B,$0.07B,0.01,$0.00B,$0.00B,100.00%,$0.00B,$-0.05B,-2350.00%,$0.00B,$-0.05B,-2350.00%,$0.00B,$-0.05B,-2300.00%,$0.00B,$-0.05B,-2350.00%,$0.00B,$-0.05B,-2350.00%,$-0.05B,$0.07B,-69.37%,$-0.05B,$0.07B,-69.37%,$-0.05B,$0.08B,-59.68%,$-0.05B,$0.07B,-68.86%,$0,$0,$0,$8,$3,$11,$-11,$0,$-11,$0,$-11,$-11,$-11,$-11,$-11,$74,74,$-0.15,$-0.15,$65,$0,$0,$68,$1,$12,$0,$0,$14,$82,$9,$0,$0,$0,$9,$0,$-323,$0,$72,$82,$-47,$1,$3,$4,$-0,$0,$-1,$-3,$-3,$-47,$-1,$0,$0,$5,$0,$5,$0,$5,$0,$0,$0,$44,$44,$0,$-0,$44,$2,$4,$0
24,2012-09-30,10.41,$1.03,10.13,$0.04,286.52,$-1.50,0.0,$-0.67,0.0,$0.08B,$0.01B,6.56,$0.00B,$0.08B,0.01,$0.00B,$0.00B,100.00%,$0.00B,$-0.05B,-2400.00%,$0.00B,$-0.05B,-2400.00%,$0.00B,$-0.05B,-2350.00%,$0.00B,$-0.05B,-2400.00%,$0.00B,$-0.05B,-2400.00%,$-0.05B,$0.08B,-71.11%,$-0.05B,$0.08B,-71.11%,$-0.05B,$0.10B,-60.76%,$-0.05B,$0.08B,-70.59%,$0,$0,$0,$13,$3,$15,$-15,$0,$-15,$0,$-15,$-15,$-15,$-15,$-15,$75,75,$-0.20,$-0.20,$81,$0,$0,$84,$1,$10,$0,$0,$11,$95,$13,$0,$0,$0,$13,$0,$-312,$0,$82,$95,$-36,$1,$2,$3,$-0,$0,$1,$-3,$-0,$-33,$-1,$0,$0,$-6,$0,$-6,$0,$-6,$0,$0,$0,$44,$44,$0,$0,$44,$5,$3,$0
25,2012-06-30,6.2,$0.74,8.4,$0.04,166.52,$-1.43,0.0,$-0.62,0.0,$0.06B,$0.01B,6.28,$0.00B,$0.05B,0.01,$0.00B,$0.00B,100.00%,$0.00B,$-0.04B,-2150.00%,$0.00B,$-0.04B,-2150.00%,$0.00B,$-0.04B,-2100.00%,$0.00B,$-0.04B,-2150.00%,$0.00B,$-0.04B,-2150.00%,$-0.04B,$0.05B,-63.70%,$-0.04B,$0.05B,-63.70%,$-0.04B,$0.06B,-54.78%,$-0.04B,$0.05B,-63.24%,$0,$0,$0,$9,$3,$12,$-12,$0,$-12,$0,$-12,$-12,$-12,$-11,$-12,$71,71,$-0.16,$-0.16,$60,$0,$0,$62,$1,$0,$0,$0,$2,$64,$10,$1,$0,$1,$10,$0,$-296,$0,$53,$64,$-21,$0,$2,$2,$-0,$0,$0,$-3,$-3,$-21,$-1,$0,$0,$22,$0,$22,$0,$22,$0,$0,$0,$1,$1,$0,$0,$2,$2,$2,$0
26,2012-03-31,9.58,$0.91,10.58,$0.04,250.9,$-1.42,0.0,$-0.65,0.0,$0.07B,$0.01B,7.13,$0.00B,$0.06B,0.01,$0.00B,$0.00B,100.00%,$0.00B,$-0.04B,-2100.00%,$0.00B,$-0.04B,-2100.00%,$0.00B,$-0.04B,-2100.00%,$0.00B,$-0.04B,-2100.00%,$0.00B,$-0.04B,-2100.00%,$-0.04B,$0.06B,-54.37%,$-0.04B,$0.06B,-54.37%,$-0.04B,$0.07B,-47.59%,$-0.04B,$0.07B,-54.19%,$2,$0,$2,$9,$3,$12,$-9,$0,$-9,$0,$-9,$-9,$-9,$-9,$-9,$70,70,$-0.13,$-0.13,$65,$0,$0,$67,$1,$5,$0,$0,$7,$74,$9,$1,$0,$1,$10,$0,$-285,$0,$64,$74,$-9,$0,$1,$1,$0,$0,$0,$-3,$-3,$-11,$-0,$0,$0,$23,$0,$23,$0,$23,$1,$0,$1,$1,$1,$0,$0,$2,$13,$1,$0
27,2011-12-31,7.62,$1.02,7.49,$0.00,0.0,$-1.39,0.0,$-0.69,0.0,$0.06B,$0.01B,6.16,$0.00B,$0.07B,0.0,$0.00B,0,nan%,$0.00B,$-0.04B,inf%,$0.00B,$-0.04B,inf%,$0.00B,$-0.04B,inf%,$0.00B,$-0.04B,inf%,$0.00B,$-0.04B,inf%,$-0.04B,$0.07B,-60.14%,$-0.04B,$0.07B,-60.14%,$-0.04B,$0.08B,-52.28%,$-0.04B,$0.07B,-60.14%,$0,$0,$0,$10,$3,$13,$-12,$0,$-12,$0,$-12,$-12,$-12,$-12,$-12,$64,64,$-0.18,$-0.18,$54,$0,$0,$55,$1,$26,$0,$0,$28,$83,$9,$0,$0,$3,$12,$0,$-276,$-0,$71,$83,$-44,$1,$2,$3,$0,$0,$2,$1,$5,$-36,$-1,$0,$0,$-34,$0,$-34,$0,$-35,$-0,$0,$-0,$62,$62,$0,$-0,$62,$-9,$3,$0
28,2011-09-30,4.72,$1.18,4.01,$0.04,126.41,$-1.23,0.0,$-0.62,0.0,$0.07B,$0.01B,8.0,$0.00B,$0.08B,0.0,$0.00B,$0.00B,100.00%,$0.00B,$-0.04B,-1850.00%,$0.00B,$-0.04B,-1850.00%,$0.00B,$-0.04B,-1850.00%,$0.00B,$-0.04B,-1850.00%,$0.00B,$-0.04B,-1850.00%,$-0.04B,$0.08B,-55.64%,$-0.04B,$0.08B,-55.64%,$-0.04B,$0.09B,-48.68%,$-0.04B,$0.08B,-55.64%,$0,$0,$0,$9,$2,$11,$-10,$0,$-10,$0,$-10,$-10,$-10,$-10,$-10,$70,70,$-0.15,$-0.15,$65,$0,$0,$67,$1,$25,$0,$0,$26,$93,$8,$0,$0,$3,$11,$0,$-263,$-0,$82,$93,$-32,$1,$1,$2,$0,$0,$1,$0,$4,$-26,$-1,$0,$0,$-37,$0,$-37,$0,$-37,$-0,$0,$-0,$62,$62,$0,$-0,$61,$-2,$2,$0
29,2011-06-30,7.44,$1.32,5.64,$0.04,186.03,$-1.24,0.0,$-0.62,0.0,$0.10B,$0.01B,12.67,$0.00B,$0.09B,0.0,$0.00B,$0.00B,100.00%,$0.00B,$-0.03B,-1700.00%,$0.00B,$-0.03B,-1700.00%,$0.00B,$-0.03B,-1700.00%,$0.00B,$-0.03B,-1700.00%,$0.00B,$-0.03B,-1700.00%,$-0.03B,$0.09B,-56.67%,$-0.03B,$0.09B,-56.67%,$-0.03B,$0.10B,-49.28%,$-0.03B,$0.09B,-56.67%,$0,$0,$0,$9,$2,$11,$-11,$0,$-11,$0,$-11,$-11,$-11,$-11,$-11,$59,59,$-0.19,$-0.19,$100,$0,$0,$102,$1,$0,$0,$0,$1,$103,$8,$0,$0,$3,$11,$0,$-253,$0,$92,$103,$-21,$0,$1,$1,$-0,$0,$1,$0,$3,$-17,$-0,$0,$0,$12,$0,$12,$0,$12,$-0,$0,$-0,$62,$62,$0,$-0,$61,$57,$1,$0
30,2011-03-31,7.15,$0.70,10.16,$0.04,162.88,$-1.25,0.0,$-0.60,0.0,$0.05B,$0.01B,7.75,$0.00B,$0.04B,0.0,$0.00B,$0.00B,100.00%,$0.00B,$-0.03B,-1450.00%,$0.00B,$-0.03B,-1450.00%,$0.00B,$-0.03B,-1450.00%,$0.00B,$-0.03B,-1450.00%,$0.00B,$-0.03B,-1450.00%,$-0.03B,$0.04B,-72.05%,$-0.03B,$0.04B,-72.05%,$-0.03B,$0.05B,-59.49%,$-0.03B,$0.04B,-72.05%,$0,$0,$0,$8,$2,$10,$-10,$0,$-10,$0,$-10,$-10,$-10,$-10,$-10,$58,58,$-0.17,$-0.17,$46,$0,$0,$49,$0,$0,$0,$0,$1,$50,$6,$0,$0,$2,$9,$0,$-242,$0,$41,$50,$-10,$0,$1,$1,$0,$0,$1,$-1,$1,$-8,$-0,$0,$0,$12,$0,$12,$0,$12,$-0,$0,$-0,$0,$0,$0,$-0,$-0,$3,$1,$0
31,2010-12-31,4.15,$0.87,4.79,$0.04,92.5,$-1.29,0.0,$-0.59,0.0,$0.06B,$0.01B,11.05,$0.00B,$0.05B,0.0,$0.00B,$0.00B,100.00%,$0.00B,$-0.03B,-1250.00%,$0.00B,$-0.03B,-1250.00%,$0.00B,$-0.02B,-1200.00%,$0.00B,$-0.03B,-1250.00%,$0.00B,$-0.03B,-1250.00%,$-0.03B,$0.05B,-72.46%,$-0.03B,$0.05B,-72.46%,$-0.03B,$0.06B,-58.14%,$-0.03B,$0.05B,-72.46%,$2,$0,$2,$6,$2,$8,$-6,$0,$-6,$0,$-6,$-6,$-6,$-6,$-6,$58,58,$-0.11,$-0.11,$55,$0,$0,$57,$0,$0,$0,$0,$1,$58,$5,$0,$0,$2,$8,$0,$-231,$0,$51,$58,$-25,$1,$2,$3,$-0,$0,$0,$-1,$-2,$-24,$-0,$0,$0,$-30,$0,$-30,$0,$-30,$-3,$0,$-3,$73,$73,$0,$0,$70,$16,$2,$0
32,2010-09-30,3.02,$0.96,3.15,$0.01,236.56,$-1.72,0.0,$-0.73,0.0,$0.06B,$0.01B,9.67,$0.00B,$0.06B,0.0,$0.00B,0,nan%,$0.00B,$-0.03B,inf%,$0.00B,$-0.03B,inf%,$0.00B,$-0.02B,inf%,$0.00B,$-0.03B,inf%,$0.00B,$-0.03B,inf%,$-0.03B,$0.06B,-118.18%,$-0.03B,$0.06B,-118.18%,$-0.03B,$0.07B,-82.54%,$-0.03B,$0.06B,-118.18%,$0,$0,$0,$6,$2,$7,$-7,$-0,$-7,$0,$-7,$-7,$-7,$-7,$-7,$48,48,$-0.15,$-0.15,$62,$0,$0,$64,$1,$0,$0,$0,$1,$65,$7,$0,$0,$2,$9,$0,$-225,$-0,$56,$65,$-19,$1,$2,$2,$-0,$0,$0,$-1,$-1,$-18,$-0,$0,$0,$-35,$0,$-35,$0,$-35,$-2,$0,$-2,$73,$73,$0,$0,$71,$18,$1,$0
33,2010-06-30,2.2,$0.33,6.72,$0.01,0.0,$-1.98,0.0,$-0.82,0.0,$0.02B,$0.01B,3.11,$0.00B,$0.01B,0.0,$0.00B,0,nan%,$0.00B,$-0.03B,inf%,$0.00B,$-0.03B,inf%,$0.00B,$-0.02B,inf%,$0.00B,$-0.03B,inf%,$0.00B,$-0.03B,inf%,$-0.03B,$0.01B,-256.41%,$-0.03B,$0.01B,-256.41%,$-0.03B,$0.02B,-128.21%,$-0.03B,$0.01B,-256.41%,$0,$0,$0,$5,$2,$7,$-6,$-0,$-6,$0,$-6,$-6,$-6,$-6,$-6,$39,39,$-0.17,$-0.17,$19,$0,$0,$21,$1,$0,$0,$0,$1,$22,$7,$0,$0,$2,$9,$0,$-218,$-0,$13,$22,$-12,$0,$1,$1,$-0,$0,$0,$-0,$-1,$-11,$-0,$0,$0,$-5,$0,$-5,$0,$-6,$-1,$0,$-1,$23,$23,$0,$0,$22,$5,$1,$0
34,2010-03-31,2.77,$0.48,5.78,$0.00,0.0,$-2.16,0.0,$-0.88,0.0,$0.03B,$0.01B,4.31,$0.00B,$0.02B,0.0,$0.00B,0,nan%,$0.00B,$-0.03B,inf%,$0.00B,$-0.03B,inf%,$0.00B,$-0.02B,inf%,$0.00B,$-0.03B,inf%,$0.00B,$-0.03B,inf%,$-0.03B,$0.02B,-256.41%,$-0.03B,$0.02B,-256.41%,$-0.03B,$0.03B,-126.58%,$-0.03B,$0.02B,-256.41%,$0,$0,$0,$4,$2,$6,$-6,$-0,$-6,$0,$-6,$-6,$-6,$-5,$-6,$36,36,$-0.16,$-0.16,$25,$0,$0,$26,$1,$0,$0,$0,$1,$27,$6,$0,$0,$2,$9,$0,$-212,$-0,$18,$27,$-6,$0,$0,$1,$-0,$0,$-0,$-0,$-2,$-7,$-0,$0,$0,$-6,$0,$-6,$0,$-6,$-1,$0,$-1,$23,$23,$0,$0,$22,$10,$0,$0
35,2009-12-31,3.11,$0.04,81.2,$-0.01,0.0,$-2.25,0.0,$-0.97,0.0,$0.01B,$0.01B,1.36,$0.00B,$0.00B,0.41,$0.00B,0,nan%,$0.00B,$-0.03B,inf%,$0.00B,$-0.03B,inf%,$0.00B,$-0.02B,inf%,$0.00B,$-0.03B,inf%,$0.00B,$-0.03B,inf%,$-0.03B,$0.00B,-260.00%,$-0.03B,$0.00B,-260.00%,$-0.03B,$0.01B,-126.83%,$-0.03B,$0.00B,-260.00%,$0,$0,$0,$5,$2,$7,$-7,$-0,$-7,$0,$-7,$-7,$-7,$-6,$-7,$27,27,$-0.26,$-0.26,$10,$0,$0,$11,$1,$0,$0,$0,$1,$12,$8,$0,$0,$3,$11,$0,$-206,$0,$1,$12,$-26,$1,$2,$3,$-0,$0,$-0,$0,$0,$-22,$-0,$0,$0,$24,$0,$24,$0,$24,$-3,$0,$-3,$0,$0,$0,$-0,$-3,$-1,$2,$0
36,2009-09-30,1.6,$0.27,5.91,$-0.06,0.0,$-2.35,0.0,$-1.05,0.0,$0.02B,$0.01B,2.08,$0.00B,$0.01B,0.0,$-0.00B,$-0.00B,100.00%,$-0.00B,$-0.03B,2800.00%,$-0.00B,$-0.03B,2800.00%,$-0.00B,$-0.03B,2600.00%,$-0.00B,$-0.03B,2800.00%,$-0.00B,$-0.03B,2800.00%,$-0.03B,$0.01B,-175.00%,$-0.03B,$0.01B,-175.00%,$-0.03B,$0.02B,-102.75%,$-0.03B,$0.01B,-175.00%,$-0,$0,$-0,$4,$1,$6,$-6,$-0,$-6,$0,$-6,$-6,$-6,$-6,$-6,$27,27,$-0.24,$-0.24,$15,$0,$0,$16,$1,$0,$0,$0,$1,$17,$8,$0,$0,$2,$10,$0,$-199,$0,$7,$17,$-19,$1,$2,$2,$0,$0,$-1,$1,$-0,$-17,$-0,$0,$0,$18,$0,$18,$0,$18,$-2,$0,$-2,$0,$0,$0,$-0,$-3,$-2,$1,$0
37,2009-06-30,1.6,$0.50,3.22,$-0.06,0.0,$-2.51,0.0,$-1.12,0.0,$0.02B,$0.01B,2.81,$0.00B,$0.01B,0.0,$-0.00B,$-0.00B,100.00%,$-0.00B,$-0.03B,2900.00%,$-0.00B,$-0.03B,2900.00%,$-0.00B,$-0.03B,2600.00%,$-0.00B,$-0.03B,2900.00%,$-0.00B,$-0.03B,2900.00%,$-0.03B,$0.01B,-128.89%,$-0.03B,$0.01B,-128.89%,$-0.03B,$0.02B,-83.45%,$-0.03B,$0.01B,-128.89%,$-0,$0,$-0,$4,$2,$6,$-6,$-0,$-6,$0,$-6,$-6,$-6,$-6,$-6,$26,26,$-0.23,$-0.23,$21,$0,$0,$22,$1,$0,$0,$0,$2,$23,$8,$0,$0,$2,$10,$0,$-193,$0,$13,$23,$-13,$1,$1,$2,$0,$0,$-1,$0,$-1,$-13,$-0,$0,$0,$13,$0,$13,$0,$13,$-2,$0,$-2,$0,$0,$0,$0,$-2,$-2,$1,$0
38,2009-03-31,1.57,$0.71,2.21,$-0.03,0.0,$-2.79,0.0,$-1.32,0.0,$0.03B,$0.01B,3.22,$0.00B,$0.02B,0.0,$-0.00B,$-0.00B,100.00%,$-0.00B,$-0.03B,3000.00%,$-0.00B,$-0.03B,3000.00%,$-0.00B,$-0.03B,2700.00%,$-0.00B,$-0.03B,3000.00%,$-0.00B,$-0.03B,3000.00%,$-0.03B,$0.02B,-137.93%,$-0.03B,$0.02B,-137.93%,$-0.03B,$0.03B,-85.11%,$-0.03B,$0.02B,-137.93%,$-0,$0,$-0,$5,$2,$6,$-7,$-0,$-7,$0,$-7,$-7,$-7,$-6,$-7,$26,26,$-0.25,$-0.25,$27,$0,$0,$28,$2,$0,$0,$0,$2,$30,$9,$0,$0,$2,$11,$0,$-187,$0,$19,$30,$-7,$0,$1,$1,$0,$0,$-1,$0,$-1,$-7,$-0,$0,$0,$6,$0,$6,$0,$6,$-1,$0,$-1,$0,$0,$0,$0,$-1,$-2,$0,$0
39,2008-12-31,0.68,$0.95,0.72,$0.02,37.7,$-2.91,0.0,$-1.45,0.0,$0.04B,$0.01B,3.0,$0.00B,$0.03B,0.0,$0.00B,0,nan%,$0.00B,$-0.03B,inf%,$0.00B,$-0.03B,inf%,$0.00B,$-0.03B,inf%,$0.00B,$-0.03B,inf%,$0.00B,$-0.03B,inf%,$-0.03B,$0.03B,-138.10%,$-0.03B,$0.03B,-138.10%,$-0.03B,$0.04B,-80.56%,$-0.03B,$0.03B,-138.10%,$-1,$0,$-1,$6,$2,$7,$-9,$-0,$-9,$0,$-9,$-9,$-9,$-8,$-9,$26,26,$-0.33,$-0.33,$35,$0,$0,$37,$2,$0,$0,$0,$2,$39,$12,$0,$0,$1,$14,$0,$-180,$0,$25,$39,$-28,$1,$2,$3,$0,$0,$0,$0,$0,$-25,$-0,$0,$0,$-2,$0,$-2,$0,$-2,$-0,$0,$-0,$29,$29,$0,$-0,$29,$2,$2,$0
40,2008-09-30,1.3,$1.26,1.03,$0.09,14.14,$-3.97,0.0,$-1.56,0.0,$0.05B,$0.01B,3.26,$0.00B,$0.03B,0.0,$0.00B,$0.00B,100.00%,$0.00B,$-0.03B,-2600.00%,$0.00B,$-0.03B,-2600.00%,$0.00B,$-0.03B,-2600.00%,$0.00B,$-0.03B,-2600.00%,$0.00B,$-0.03B,-2700.00%,$-0.03B,$0.03B,-133.33%,$-0.03B,$0.03B,-133.33%,$-0.03B,$0.05B,-76.60%,$-0.03B,$0.03B,-128.40%,$0,$0,$0,$5,$2,$7,$-7,$-0,$-7,$-0,$-7,$-7,$-7,$-6,$-7,$21,21,$-0.31,$-0.31,$44,$0,$0,$45,$2,$0,$0,$0,$2,$47,$14,$0,$0,$0,$14,$0,$-171,$0,$33,$47,$-19,$0,$2,$2,$0,$0,$-1,$0,$-0,$-17,$-0,$0,$0,$18,$0,$18,$0,$18,$1,$0,$1,$29,$29,$0,$-0,$30,$31,$2,$0
41,2008-06-30,2.23,$0.64,3.49,$0.15,15.03,$-4.62,0.0,$-1.63,0.0,$0.02B,$0.02B,1.55,$0.00B,$0.01B,0.0,$0.00B,$0.00B,100.00%,$0.00B,$-0.03B,-1300.00%,$0.00B,$-0.03B,-1300.00%,$0.00B,$-0.03B,-1350.00%,$0.00B,$-0.03B,-1250.00%,$0.00B,$-0.03B,-1300.00%,$-0.03B,$0.01B,-136.84%,$-0.03B,$0.01B,-136.84%,$-0.03B,$0.03B,-75.36%,$-0.03B,$0.01B,-131.65%,$0,$0,$0,$5,$2,$7,$-7,$-0,$-7,$-0,$-7,$-7,$-7,$-7,$-7,$16,16,$-0.43,$-0.43,$22,$0,$0,$23,$2,$0,$0,$0,$2,$25,$15,$0,$0,$1,$15,$0,$-165,$0,$10,$25,$-13,$0,$1,$1,$-0,$0,$-0,$0,$-0,$-12,$-0,$0,$0,$11,$0,$11,$0,$11,$3,$0,$3,$0,$0,$0,$-0,$3,$2,$1,$0
42,2008-03-31,4.43,$1.04,4.25,$0.20,22.17,$-4.78,0.0,$-1.69,0.0,$0.03B,$0.02B,1.91,$0.00B,$0.02B,0.0,$0.00B,$0.00B,100.00%,$0.00B,$-0.03B,-900.00%,$0.00B,$-0.03B,-900.00%,$0.00B,$-0.03B,-966.67%,$0.00B,$-0.03B,-866.67%,$0.00B,$-0.03B,-900.00%,$-0.03B,$0.02B,-109.09%,$-0.03B,$0.02B,-109.09%,$-0.03B,$0.03B,-65.45%,$-0.03B,$0.02B,-101.89%,$1,$0,$1,$5,$2,$7,$-6,$0,$-6,$-0,$-6,$-6,$-6,$-6,$-6,$16,16,$-0.38,$-0.38,$29,$0,$0,$31,$2,$0,$0,$0,$3,$33,$16,$0,$0,$1,$17,$0,$-158,$0,$16,$33,$-6,$0,$1,$1,$-0,$0,$0,$-0,$-1,$-6,$-0,$0,$0,$5,$0,$5,$0,$5,$4,$0,$4,$0,$0,$0,$-0,$4,$2,$1,$0
43,2007-12-31,4.99,$1.38,3.62,$0.26,19.23,$-4.86,0.0,$-1.80,0.0,$0.03B,$0.01B,2.59,$0.00B,$0.02B,0.0,$0.00B,$0.00B,100.00%,$0.00B,$-0.03B,-725.00%,$0.00B,$-0.03B,-725.00%,$0.00B,$-0.03B,-800.00%,$0.00B,$-0.03B,-700.00%,$0.00B,$-0.03B,-725.00%,$-0.03B,$0.02B,-94.31%,$-0.03B,$0.02B,-94.31%,$-0.03B,$0.04B,-60.73%,$-0.03B,$0.02B,-85.93%,$0,$0,$0,$5,$2,$7,$-6,$0,$-6,$0,$-7,$-7,$-7,$-7,$-6,$16,16,$-0.44,$-0.44,$31,$0,$0,$33,$2,$0,$0,$0,$3,$36,$13,$0,$0,$1,$14,$0,$-152,$0,$22,$36,$-28,$-1,$2,$1,$1,$0,$-1,$-3,$-3,$-30,$-1,$0,$0,$20,$0,$20,$0,$18,$-2,$0,$-2,$0,$0,$0,$0,$-2,$-14,$2,$0
44,2007-09-30,6.46,$1.79,3.61,$0.02,293.6,$-4.92,0.0,$-2.34,0.0,$0.04B,$0.01B,3.41,$0.00B,$0.03B,0.11,$0.00B,$0.00B,100.00%,$0.00B,$-0.03B,-1650.00%,$0.00B,$-0.03B,-1650.00%,$0.00B,$-0.04B,-1750.00%,$0.00B,$-0.03B,-1600.00%,$0.00B,$-0.03B,-1600.00%,$-0.03B,$0.03B,-86.49%,$-0.03B,$0.03B,-86.49%,$-0.03B,$0.04B,-57.66%,$-0.03B,$0.03B,-79.52%,$1,$0,$1,$6,$2,$7,$-7,$0,$-6,$-0,$-6,$-6,$-6,$-7,$-7,$16,16,$-0.38,$-0.38,$40,$0,$0,$41,$2,$0,$0,$0,$2,$44,$12,$3,$0,$4,$16,$0,$-145,$0,$28,$44,$-21,$-1,$1,$0,$1,$0,$-0,$-3,$-1,$-22,$-1,$0,$0,$9,$0,$9,$0,$9,$-2,$0,$-2,$0,$0,$0,$0,$-2,$-15,$1,$0
