,Date,Stock Price,Book Value per Share,Price to Book Ratio,TTM Sales per Share,Price to Sales Ratio,TTM FCF per Share,Price to FCF Ratio,TTM Net EPS,PE Ratio,Current Assets,Current Liabilities,Current Ratio,Long Term Debt,Shareholder's Equity_x,Debt to Equity Ratio,TTM Revenue_x,TTM Gross Profit,Gross Margin,TTM Revenue_y,TTM Operating Income,Operating Margin,TTM Revenue_x,TTM EBIT,EBIT Margin,TTM Revenue_y,TTM EBITDA,EBITDA Margin,TTM Revenue_x,TTM Pre-Tax Income,Pre-Tax Margin,TTM Revenue_y,TTM Net Income_x,Net Margin,TTM Net Income_y,Shareholder's Equity_y,Return on Equity,TTM Net Income_x,Tangible Equity,Return on Tangible Equity,TTM Net Income_y,Total Assets,Return on Assets,TTM Net Income,LT Investments & Debt,Return on Investment,revenue,cost-goods-sold,gross-profit,research-development-expenses,selling-general-administrative-expenses,operating-expenses,operating-income,total-non-operating-income-expense,pre-tax-income,total-provision-income-taxes,income-after-taxes,income-from-continuous-operations,net-income,ebitda,ebit,basic-shares-outstanding,shares-outstanding,eps-basic-net-earnings-per-share,eps-earnings-per-share-diluted,cash-on-hand,inventory,other-current-assets,total-current-assets,net-property-plant-equipment,long-term-investments,goodwill-intangible-assets-total,other-long-term-assets,total-long-term-assets,total-assets,total-current-liabilities,long-term-debt,other-non-current-liabilities,total-long-term-liabilities,total-liabilities,common-stock-net,retained-earnings-accumulated-deficit,comprehensive-income,total-share-holder-equity,total-liabilities-share-holders-equity,net-income-loss,total-depreciation-amortization-cash-flow,other-non-cash-items,total-non-cash-items,change-in-accounts-receivable,change-in-inventories,change-in-accounts-payable,change-in-assets-liabilities,total-change-in-assets-liabilities,cash-flow-from-operating-activities,net-change-in-property-plant-equipment,net-change-in-intangible-assets,net-acquisitions-divestitures,net-change-in-short-term-investments,net-change-in-long-term-investments,net-change-in-investments-total,investing-activities-other,cash-flow-from-investing-activities,net-long-term-debt,net-current-debt,debt-issuance-retirement-net-total,net-common-equity-issued-repurchased,net-total-equity-issued-repurchased,total-common-preferred-stock-dividends-paid,financial-activities-other,cash-flow-from-financial-activities,net-cash-flow,stock-based-compensation,common-stock-dividends-paid
0,2018-09-30,28.14,$8.30,3.39,$8.67,3.25,$1.95,14.41,$0.11,255.82,$0.41B,$0.25B,1.66,$0.66B,$0.96B,0.68,$1.02B,$0.57B,56.50%,$1.02B,$0.12B,11.52%,$1.02B,$0.12B,11.52%,$1.02B,$0.22B,21.65%,$1.02B,$0.08B,8.07%,$1.02B,$0.01B,1.38%,$0.01B,$0.96B,1.54%,$0.01B,$-0.12B,-7.72%,$0.01B,$1.98B,0.72%,$0.12B,$1.62B,7.45%,$246,$102,$143,$36,$58,$217,$28,$-11,$17,$2,$15,$15,$15,$54,$28,$116,117,$0.13,$0.13,$76,$0,$23,$413,$75,$0,$1084,$54,$1571,$1984,$250,$656,$40,$772,$1021,$1,$776,$-88,$963,$1984,$-19,$77,$15,$92,$58,$0,$-4,$-16,$28,$100,$-38,$0,$0,$0,$0,$0,$-1,$-40,$-8,$-2,$-10,$-36,$-36,$0,$-7,$-53,$7,$21,$0
1,2018-06-30,24.67,$8.13,3.04,$8.46,2.92,$1.80,13.7,$0.01,2467.0,$0.39B,$0.26B,1.5,$0.66B,$0.94B,0.7,$1.00B,$0.55B,55.12%,$1.00B,$0.10B,10.04%,$1.00B,$0.10B,10.04%,$1.00B,$0.20B,20.48%,$1.00B,$0.07B,6.63%,$1.00B,$0.00B,0.20%,$0.00B,$0.94B,0.23%,$0.00B,$-0.15B,-0.85%,$0.00B,$1.97B,0.10%,$0.10B,$1.60B,6.54%,$235,$116,$119,$38,$62,$237,$-2,$-9,$-11,$4,$-15,$-15,$-15,$23,$-2,$116,116,$-0.13,$-0.13,$59,$0,$21,$390,$79,$0,$1089,$58,$1576,$1966,$260,$655,$34,$765,$1025,$1,$761,$-85,$941,$1966,$-34,$51,$11,$62,$68,$0,$-4,$-7,$44,$71,$-28,$0,$0,$0,$0,$0,$-1,$-29,$-11,$0,$-11,$-41,$-41,$0,$0,$-52,$-11,$14,$0
2,2018-03-31,23.72,$8.41,2.82,$8.48,2.8,$2.05,11.58,$-0.11,0.0,$0.42B,$0.27B,1.55,$0.66B,$0.98B,0.67,$1.00B,$0.55B,54.89%,$1.00B,$0.06B,6.39%,$1.00B,$0.06B,6.39%,$1.00B,$0.17B,16.87%,$1.00B,$0.03B,2.59%,$1.00B,$-0.01B,-1.30%,$-0.01B,$0.98B,-1.59%,$-0.01B,$-0.12B,4.55%,$-0.01B,$2.02B,-0.69%,$0.06B,$1.64B,4.30%,$209,$107,$102,$37,$61,$226,$-17,$-7,$-23,$-4,$-19,$-19,$-19,$9,$-17,$116,116,$-0.17,$-0.17,$74,$0,$29,$419,$81,$0,$1098,$57,$1596,$2015,$270,$659,$35,$766,$1036,$1,$775,$-72,$979,$2015,$-19,$26,$1,$27,$69,$0,$-3,$-10,$38,$45,$-13,$0,$0,$0,$0,$0,$0,$-13,$-56,$48,$-8,$-22,$-22,$0,$0,$-30,$5,$6,$0
3,2017-12-31,22.67,$6.53,3.47,$8.66,2.62,$2.40,9.46,$0.05,453.4,$0.42B,$0.32B,1.31,$0.67B,$0.77B,0.87,$1.02B,$0.57B,55.76%,$1.02B,$0.09B,8.30%,$1.02B,$0.09B,8.30%,$1.02B,$0.19B,18.65%,$1.02B,$0.04B,4.20%,$1.02B,$0.00B,0.39%,$0.00B,$0.77B,0.52%,$0.00B,$-0.34B,-1.17%,$0.00B,$1.86B,0.22%,$0.09B,$1.43B,5.90%,$326,$116,$210,$31,$49,$218,$108,$-9,$99,$66,$33,$33,$33,$134,$108,$118,119,$0.27,$0.27,$70,$0,$58,$422,$80,$0,$1101,$36,$1440,$1862,$322,$668,$38,$775,$1097,$1,$551,$-77,$765,$1862,$5,$107,$36,$142,$-8,$0,$-2,$13,$-1,$146,$-54,$0,$0,$0,$0,$0,$0,$-54,$-67,$0,$-67,$-26,$-26,$0,$-5,$-98,$-6,$14,$0
4,2017-09-30,22.78,$6.52,3.49,$8.81,2.59,$3.62,6.3,$0.33,69.03,$0.31B,$0.27B,1.16,$0.67B,$0.77B,0.87,$1.04B,$0.59B,56.96%,$1.04B,$0.10B,9.32%,$1.04B,$0.10B,9.32%,$1.04B,$0.21B,19.79%,$1.04B,$0.05B,5.19%,$1.04B,$0.04B,3.65%,$0.04B,$0.77B,4.98%,$0.04B,$-0.33B,-10.94%,$0.04B,$1.82B,2.05%,$0.10B,$1.45B,6.76%,$226,$107,$118,$34,$51,$214,$11,$-10,$1,$-2,$3,$3,$3,$38,$11,$118,120,$0.03,$0.03,$68,$0,$25,$307,$80,$0,$1105,$37,$1508,$1815,$265,$674,$37,$779,$1044,$1,$518,$-80,$771,$1815,$-28,$80,$-14,$66,$80,$0,$-12,$-11,$47,$85,$-40,$0,$0,$0,$0,$0,$0,$-40,$25,$-84,$-59,$7,$7,$0,$-5,$-57,$-8,$23,$0
5,2017-06-30,22.37,$6.41,3.49,$8.79,2.54,$5.05,4.43,$0.22,101.68,$0.35B,$0.31B,1.1,$0.68B,$0.76B,0.89,$1.03B,$0.59B,57.36%,$1.03B,$0.08B,7.46%,$1.03B,$0.08B,7.46%,$1.03B,$0.19B,17.93%,$1.03B,$0.04B,3.59%,$1.03B,$0.03B,2.42%,$0.03B,$0.76B,3.36%,$0.03B,$-0.36B,-6.72%,$0.03B,$1.86B,1.35%,$0.08B,$1.43B,5.46%,$241,$120,$120,$35,$101,$279,$-38,$-12,$-51,$-21,$-30,$-30,$-30,$-12,$-38,$117,117,$-0.25,$-0.25,$95,$0,$21,$345,$78,$0,$1113,$38,$1513,$1858,$313,$675,$36,$787,$1100,$1,$514,$-79,$758,$1858,$-31,$54,$-15,$39,$71,$0,$-4,$39,$92,$99,$-26,$0,$0,$0,$0,$0,$0,$-26,$-55,$0,$-55,$5,$5,$0,$-5,$-55,$20,$15,$0
6,2017-03-31,21.39,$6.53,3.28,$8.64,2.48,$6.37,3.36,$0.32,66.84,$0.34B,$0.27B,1.29,$0.68B,$0.77B,0.88,$1.01B,$0.58B,57.07%,$1.01B,$0.09B,8.70%,$1.01B,$0.09B,8.70%,$1.01B,$0.20B,19.39%,$1.01B,$0.05B,5.34%,$1.01B,$0.04B,3.86%,$0.04B,$0.77B,5.35%,$0.04B,$-0.34B,-9.92%,$0.04B,$1.83B,2.13%,$0.09B,$1.45B,6.36%,$231,$109,$123,$37,$60,$228,$4,$-9,$-6,$-4,$-2,$-2,$-2,$31,$4,$117,117,$-0.01,$-0.01,$100,$0,$21,$341,$78,$0,$1114,$37,$1490,$1831,$265,$679,$36,$796,$1061,$1,$544,$-88,$770,$1831,$-2,$27,$1,$28,$84,$0,$-4,$-6,$59,$86,$-12,$0,$0,$0,$0,$0,$0,$-12,$-60,$12,$-48,$5,$5,$0,$-5,$-49,$24,$6,$0
7,2016-12-31,18.15,$6.43,2.82,$8.54,2.12,$7.60,2.39,$1.08,16.81,$0.41B,$0.38B,1.08,$0.65B,$0.76B,0.87,$1.01B,$0.56B,55.86%,$1.01B,$0.22B,21.97%,$1.01B,$0.22B,21.97%,$1.01B,$0.33B,32.80%,$1.01B,$0.19B,18.49%,$1.01B,$0.13B,12.92%,$0.13B,$0.76B,18.25%,$0.13B,$-0.36B,-31.16%,$0.13B,$1.90B,7.09%,$0.22B,$1.41B,16.20%,$343,$111,$232,$38,$51,$222,$120,$-10,$110,$43,$67,$67,$67,$149,$120,$118,119,$0.57,$0.57,$76,$0,$34,$408,$79,$0,$1113,$39,$1494,$1902,$376,$654,$41,$771,$1147,$1,$546,$-94,$755,$1902,$130,$109,$-89,$20,$-76,$0,$-14,$8,$-49,$100,$136,$0,$0,$0,$0,$0,$-7,$130,$-200,$0,$-200,$-51,$-51,$0,$-1,$-251,$-26,$44,$0
8,2016-09-30,19.38,$5.92,3.27,$8.25,2.35,$6.78,2.86,$0.88,22.02,$0.26B,$0.35B,0.75,$0.65B,$0.70B,0.94,$0.97B,$0.52B,53.70%,$0.97B,$0.18B,18.00%,$0.97B,$0.18B,18.00%,$0.97B,$0.28B,29.12%,$0.97B,$0.14B,14.30%,$0.97B,$0.11B,11.01%,$0.11B,$0.70B,15.57%,$0.11B,$-0.43B,-23.43%,$0.11B,$1.80B,5.77%,$0.18B,$1.35B,12.64%,$217,$100,$117,$42,$61,$226,$-9,$-7,$-16,$-6,$-10,$-10,$-10,$17,$-9,$116,116,$-0.08,$-0.08,$51,$0,$18,$263,$79,$0,$1128,$44,$1539,$1802,$352,$652,$38,$755,$1107,$1,$479,$-76,$695,$1802,$63,$80,$-120,$-40,$35,$0,$-16,$-1,$42,$65,$146,$0,$0,$0,$0,$0,$-7,$139,$-85,$-114,$-199,$-52,$-52,$0,$-0,$-251,$-51,$34,$0
9,2016-06-30,19.51,$5.93,3.29,$8.39,2.33,$5.74,3.4,$1.08,18.06,$0.27B,$0.38B,0.71,$0.63B,$0.70B,0.91,$0.99B,$0.53B,53.72%,$0.99B,$0.21B,20.93%,$0.99B,$0.21B,20.93%,$0.99B,$0.32B,31.69%,$0.99B,$0.17B,17.51%,$0.99B,$0.13B,13.28%,$0.13B,$0.70B,19.90%,$0.13B,$-0.44B,-29.20%,$0.13B,$1.80B,7.18%,$0.21B,$1.33B,15.19%,$220,$115,$105,$46,$63,$247,$-27,$-8,$-34,$-18,$-16,$-16,$-16,$-1,$-27,$115,115,$-0.14,$-0.14,$52,$0,$18,$268,$72,$0,$1133,$37,$1531,$1800,$377,$633,$29,$728,$1104,$1,$489,$-74,$696,$1800,$73,$54,$-126,$-72,$29,$0,$-3,$9,$57,$58,$167,$0,$0,$0,$0,$0,$-7,$160,$-58,$-156,$-214,$-52,$-52,$0,$0,$-266,$-50,$23,$0
10,2016-03-31,20.79,$6.03,3.45,$8.72,2.38,$4.04,5.15,$1.46,14.24,$0.31B,$0.36B,0.86,$0.67B,$0.70B,0.95,$1.04B,$0.57B,54.62%,$1.04B,$0.26B,24.90%,$1.04B,$0.26B,24.90%,$1.04B,$0.37B,35.10%,$1.04B,$0.24B,23.17%,$1.04B,$0.18B,16.83%,$0.18B,$0.70B,27.39%,$0.18B,$-0.44B,-38.98%,$0.18B,$1.83B,9.55%,$0.26B,$1.37B,18.97%,$226,$118,$108,$44,$56,$89,$137,$-11,$126,$37,$89,$89,$89,$165,$137,$119,120,$0.75,$0.74,$94,$0,$18,$313,$60,$0,$1144,$37,$1521,$1834,$364,$669,$30,$766,$1130,$1,$506,$-65,$704,$1834,$89,$28,$-123,$-95,$35,$0,$-13,$2,$44,$39,$184,$0,$0,$0,$0,$0,$-7,$177,$-30,$-143,$-173,$-52,$-52,$0,$0,$-225,$-8,$10,$0
11,2015-12-31,21.4,$5.50,3.89,$8.85,2.42,$2.50,8.57,$0.71,30.14,$0.38B,$0.39B,0.99,$0.83B,$0.65B,1.28,$1.05B,$0.57B,54.82%,$1.05B,$0.13B,12.23%,$1.05B,$0.13B,12.23%,$1.05B,$0.23B,22.16%,$1.05B,$0.11B,10.89%,$1.05B,$0.09B,8.21%,$0.09B,$0.65B,14.16%,$0.09B,$-0.52B,-19.07%,$0.09B,$1.98B,4.74%,$0.13B,$1.49B,9.44%,$309,$117,$192,$33,$61,$235,$74,$-11,$63,$19,$44,$44,$44,$102,$74,$117,119,$0.37,$0.37,$102,$0,$22,$383,$61,$0,$1170,$34,$1593,$1976,$385,$834,$32,$937,$1321,$1,$417,$-72,$654,$1976,$85,$104,$16,$120,$-11,$0,$9,$-4,$-17,$188,$-49,$0,$-179,$0,$35,$35,$-7,$-200,$34,$0,$34,$11,$11,$0,$0,$45,$25,$18,$0
12,2015-09-30,21.12,$5.06,4.17,$8.74,2.42,$2.40,8.78,$0.75,28.16,$0.38B,$0.37B,1.04,$0.69B,$0.60B,1.15,$1.03B,$0.56B,54.57%,$1.03B,$0.13B,12.94%,$1.03B,$0.13B,12.94%,$1.03B,$0.23B,22.76%,$1.03B,$0.12B,11.77%,$1.03B,$0.09B,8.56%,$0.09B,$0.60B,14.94%,$0.09B,$-0.41B,-20.13%,$0.09B,$1.75B,4.93%,$0.13B,$1.29B,10.00%,$239,$110,$129,$36,$49,$215,$24,$-5,$19,$4,$15,$15,$15,$49,$24,$118,119,$0.13,$0.12,$81,$0,$25,$381,$59,$0,$1013,$45,$1364,$1745,$365,$689,$30,$781,$1146,$1,$373,$-68,$599,$1745,$42,$76,$-8,$67,$32,$0,$-5,$-10,$15,$124,$-32,$0,$0,$0,$35,$35,$-7,$-3,$-75,$-44,$-119,$9,$9,$0,$0,$-110,$4,$10,$0
13,2015-06-30,24.57,$5.08,4.84,$8.88,2.77,$2.03,12.12,$0.77,31.91,$0.38B,$0.37B,1.04,$0.71B,$0.60B,1.19,$1.04B,$0.57B,54.96%,$1.04B,$0.14B,13.57%,$1.04B,$0.14B,13.57%,$1.04B,$0.24B,23.20%,$1.04B,$0.13B,12.22%,$1.04B,$0.09B,8.57%,$0.09B,$0.60B,15.63%,$0.09B,$-0.43B,-18.87%,$0.09B,$1.77B,4.93%,$0.14B,$1.31B,10.41%,$266,$126,$139,$39,$56,$242,$24,$9,$33,$6,$27,$27,$27,$49,$24,$117,119,$0.23,$0.23,$50,$0,$24,$381,$58,$0,$1024,$43,$1391,$1772,$368,$713,$30,$806,$1174,$1,$358,$-51,$599,$1772,$27,$50,$-22,$28,$-3,$0,$-7,$2,$-5,$50,$-22,$0,$0,$0,$35,$35,$-7,$6,$-94,$0,$-94,$8,$8,$0,$4,$-81,$-27,$9,$0
14,2015-03-31,21.66,$4.95,4.38,$8.84,2.45,$2.07,10.44,$0.64,33.84,$0.36B,$0.35B,1.01,$0.76B,$0.58B,1.32,$1.03B,$0.57B,55.16%,$1.03B,$0.14B,14.01%,$1.03B,$0.14B,14.01%,$1.03B,$0.24B,23.44%,$1.03B,$0.11B,10.51%,$1.03B,$0.07B,7.10%,$0.07B,$0.58B,13.38%,$0.07B,$-0.45B,-15.78%,$0.07B,$1.77B,4.14%,$0.14B,$1.34B,10.86%,$233,$119,$114,$37,$50,$226,$6,$-7,$-1,$-1,$-0,$-0,$-0,$32,$6,$116,116,$0.00,$0.00,$68,$0,$26,$356,$57,$0,$1025,$74,$1415,$1771,$352,$759,$25,$843,$1194,$1,$331,$-35,$577,$1771,$-0,$25,$-3,$22,$42,$0,$-4,$-12,$27,$49,$-12,$0,$0,$0,$0,$0,$-2,$-14,$-23,$-22,$-45,$4,$4,$0,$3,$-38,$-9,$4,$0
15,2014-12-31,20.17,$5.03,4.01,$8.75,2.31,$1.82,11.06,$0.59,34.19,$0.37B,$0.38B,0.99,$0.81B,$0.58B,1.38,$1.02B,$0.56B,55.22%,$1.02B,$0.14B,13.58%,$1.02B,$0.14B,13.58%,$1.02B,$0.23B,22.74%,$1.02B,$0.10B,9.74%,$1.02B,$0.07B,6.59%,$0.07B,$0.58B,12.86%,$0.07B,$-0.46B,-14.71%,$0.07B,$1.85B,3.87%,$0.14B,$1.39B,10.68%,$290,$111,$179,$32,$49,$211,$79,$-10,$70,$23,$46,$46,$46,$104,$79,$115,117,$0.40,$0.39,$77,$0,$40,$374,$60,$0,$1043,$70,$1477,$1851,$379,$805,$23,$891,$1269,$1,$331,$-20,$581,$1851,$68,$93,$21,$114,$-31,$0,$-3,$9,$-21,$161,$-35,$0,$-204,$0,$0,$0,$-2,$-241,$128,$0,$128,$-56,$-56,$0,$-6,$66,$-18,$11,$0
16,2014-09-30,18.76,$4.53,4.14,$8.62,2.18,$1.63,11.54,$0.62,30.42,$0.41B,$0.36B,1.15,$0.86B,$0.52B,1.66,$1.01B,$0.57B,56.00%,$1.01B,$0.15B,14.37%,$1.01B,$0.15B,14.37%,$1.01B,$0.24B,23.29%,$1.01B,$0.10B,10.21%,$1.01B,$0.07B,7.04%,$0.07B,$0.52B,13.87%,$0.07B,$-0.55B,-16.47%,$0.07B,$1.82B,4.20%,$0.15B,$1.38B,11.52%,$250,$111,$139,$36,$52,$218,$32,$-7,$25,$9,$16,$16,$16,$56,$32,$114,116,$0.14,$0.14,$60,$0,$27,$410,$56,$0,$1073,$46,$1412,$1822,$357,$863,$24,$945,$1301,$1,$285,$-29,$521,$1822,$21,$67,$-4,$63,$-17,$0,$-7,$4,$-12,$72,$-26,$0,$-204,$0,$0,$0,$-2,$-232,$33,$150,$183,$-62,$-62,$0,$4,$126,$-35,$14,$0
17,2014-06-30,18.61,$4.41,4.22,$8.27,2.25,$1.80,10.33,$0.59,31.36,$0.39B,$0.34B,1.16,$0.69B,$0.50B,1.38,$0.97B,$0.55B,56.83%,$0.97B,$0.14B,14.70%,$0.97B,$0.14B,14.70%,$0.97B,$0.23B,23.54%,$0.97B,$0.10B,9.97%,$0.97B,$0.07B,7.09%,$0.07B,$0.50B,13.78%,$0.07B,$-0.39B,-18.19%,$0.07B,$1.61B,4.22%,$0.14B,$1.20B,11.79%,$255,$119,$135,$39,$53,$228,$27,$-13,$14,$2,$11,$11,$11,$49,$27,$114,116,$0.10,$0.10,$55,$0,$30,$391,$55,$0,$893,$43,$1224,$1614,$337,$694,$22,$774,$1112,$1,$269,$-14,$503,$1614,$5,$44,$-7,$37,$-9,$0,$-3,$13,$6,$48,$-15,$0,$0,$0,$0,$0,$-2,$-17,$-59,$50,$-9,$-69,$-69,$0,$3,$-76,$-40,$9,$0
18,2014-03-31,19.73,$4.21,4.69,$7.77,2.54,$1.88,10.5,$0.51,38.68,$0.41B,$0.35B,1.17,$0.73B,$0.48B,1.52,$0.92B,$0.54B,57.90%,$0.92B,$0.13B,13.85%,$0.92B,$0.13B,13.85%,$0.92B,$0.21B,22.73%,$0.92B,$0.09B,9.42%,$0.92B,$0.06B,6.49%,$0.06B,$0.48B,11.95%,$0.06B,$-0.42B,-16.69%,$0.06B,$1.64B,3.72%,$0.13B,$1.20B,10.74%,$221,$114,$108,$37,$53,$221,$0,$-10,$-10,$-4,$-6,$-6,$-6,$22,$0,$115,115,$-0.05,$-0.05,$59,$0,$51,$412,$56,$0,$897,$42,$1228,$1640,$353,$725,$27,$808,$1161,$0,$258,$-20,$479,$1640,$-6,$22,$-11,$11,$-3,$0,$-1,$12,$10,$15,$-8,$0,$0,$0,$0,$0,$0,$-8,$23,$0,$23,$-71,$-71,$0,$4,$-44,$-36,$5,$0
19,2013-12-31,21.67,$4.66,4.65,$7.21,3.0,$2.03,10.65,$0.54,39.87,$0.44B,$0.35B,1.26,$0.71B,$0.54B,1.3,$0.87B,$0.52B,60.23%,$0.87B,$0.12B,14.34%,$0.87B,$0.12B,14.34%,$0.87B,$0.20B,23.01%,$0.87B,$0.09B,10.64%,$0.87B,$0.06B,7.40%,$0.06B,$0.54B,12.46%,$0.06B,$-0.36B,-19.26%,$0.06B,$1.68B,4.02%,$0.12B,$1.25B,10.53%,$283,$100,$183,$33,$47,$197,$86,$-11,$74,$24,$50,$50,$50,$108,$86,$118,120,$0.42,$0.41,$95,$0,$65,$436,$57,$0,$907,$41,$1245,$1682,$346,$708,$28,$793,$1138,$1,$264,$-23,$544,$1682,$64,$75,$16,$91,$22,$0,$-14,$-10,$-16,$138,$-33,$0,$-378,$0,$0,$0,$0,$-411,$327,$40,$367,$-65,$-65,$0,$-10,$292,$19,$14,$0
20,2013-09-30,18.02,$4.13,4.36,$6.73,2.68,$0.94,19.26,$0.53,34.0,$0.48B,$0.30B,1.61,$0.72B,$0.48B,1.52,$0.81B,$0.50B,62.28%,$0.81B,$0.11B,14.14%,$0.81B,$0.11B,14.14%,$0.81B,$0.18B,22.70%,$0.81B,$0.09B,11.41%,$0.81B,$0.06B,7.94%,$0.06B,$0.48B,12.52%,$0.06B,$-0.35B,-24.13%,$0.06B,$1.60B,4.31%,$0.11B,$1.20B,10.48%,$214,$87,$127,$34,$49,$184,$30,$-10,$19,$5,$14,$14,$14,$50,$30,$117,119,$0.12,$0.12,$167,$0,$18,$476,$50,$0,$821,$43,$1126,$1601,$295,$723,$27,$829,$1125,$0,$213,$-23,$477,$1601,$13,$54,$4,$58,$26,$0,$-15,$3,$15,$87,$-18,$0,$-264,$0,$0,$0,$0,$-283,$377,$0,$377,$-75,$-75,$0,$-14,$288,$90,$11,$0
21,2013-06-30,15.49,$4.28,3.62,$6.20,2.5,$0.15,104.05,$0.46,33.68,$0.42B,$0.32B,1.3,$0.61B,$0.51B,1.19,$0.75B,$0.47B,63.19%,$0.75B,$0.09B,12.32%,$0.75B,$0.09B,12.32%,$0.75B,$0.16B,20.75%,$0.75B,$0.08B,10.31%,$0.75B,$0.06B,7.50%,$0.06B,$0.51B,10.95%,$0.06B,$-0.31B,-25.75%,$0.06B,$1.53B,4.03%,$0.09B,$1.11B,9.21%,$206,$89,$117,$38,$54,$194,$12,$-7,$4,$2,$2,$2,$2,$30,$12,$120,122,$0.02,$0.02,$108,$0,$14,$418,$48,$0,$820,$39,$1116,$1534,$322,$605,$26,$704,$1025,$0,$200,$-34,$508,$1534,$-0,$34,$1,$35,$22,$0,$-11,$16,$23,$58,$-14,$0,$-264,$0,$0,$0,$0,$-278,$275,$0,$275,$-11,$-11,$0,$-8,$256,$31,$8,$0
22,2013-03-31,16.29,$4.40,3.7,$5.78,2.82,$-0.41,0.0,$0.40,40.38,$0.42B,$0.31B,1.36,$0.62B,$0.53B,1.18,$0.69B,$0.44B,64.11%,$0.69B,$0.07B,10.42%,$0.69B,$0.07B,10.42%,$0.69B,$0.13B,18.81%,$0.69B,$0.06B,8.97%,$0.69B,$0.05B,7.09%,$0.05B,$0.53B,9.64%,$0.05B,$-0.31B,-29.12%,$0.05B,$1.56B,3.75%,$0.07B,$1.15B,7.73%,$162,$68,$94,$37,$50,$166,$-4,$-1,$-5,$-2,$-2,$-2,$-2,$11,$-4,$118,118,$-0.02,$-0.02,$112,$0,$15,$422,$49,$0,$836,$40,$1135,$1557,$312,$621,$29,$720,$1032,$0,$198,$-24,$526,$1557,$-2,$15,$-3,$12,$31,$0,$-9,$11,$25,$35,$-9,$0,$-264,$0,$0,$0,$0,$-273,$288,$0,$288,$-1,$-1,$0,$-8,$279,$36,$4,$0
23,2012-12-31,14.56,$4.52,3.23,$5.66,2.57,$-0.77,0.0,$0.40,36.11,$0.36B,$0.27B,1.34,$0.36B,$0.53B,0.67,$0.67B,$0.44B,66.12%,$0.67B,$0.07B,11.09%,$0.67B,$0.07B,11.09%,$0.67B,$0.13B,19.19%,$0.67B,$0.07B,9.75%,$0.67B,$0.05B,7.35%,$0.05B,$0.53B,9.63%,$0.05B,$-0.10B,-43.46%,$0.05B,$1.25B,4.00%,$0.07B,$0.89B,8.55%,$224,$60,$164,$34,$44,$149,$76,$-2,$74,$24,$50,$50,$50,$92,$76,$116,120,$0.43,$0.42,$76,$0,$6,$356,$41,$0,$629,$32,$895,$1251,$267,$357,$27,$450,$717,$0,$200,$-14,$534,$1251,$49,$53,$17,$70,$-62,$0,$6,$-37,$-128,$-9,$-17,$0,$-325,$0,$0,$0,$-1,$-343,$173,$119,$292,$-31,$-31,$0,$-27,$234,$-121,$15,$0
24,2012-09-30,14.09,$4.04,3.49,$5.11,2.76,$0.08,178.54,$0.22,63.08,$0.34B,$0.31B,1.11,$0.37B,$0.48B,0.77,$0.58B,$0.38B,65.92%,$0.58B,$0.04B,6.06%,$0.58B,$0.04B,6.06%,$0.58B,$0.08B,14.01%,$0.58B,$0.03B,4.67%,$0.58B,$0.02B,3.98%,$0.02B,$0.48B,5.06%,$0.02B,$-0.15B,-33.95%,$0.02B,$1.22B,2.13%,$0.04B,$0.85B,4.72%,$155,$58,$97,$34,$45,$147,$8,$-4,$4,$-1,$6,$6,$6,$22,$8,$117,122,$0.05,$0.05,$88,$0,$11,$338,$40,$0,$631,$33,$883,$1221,$305,$369,$25,$438,$744,$0,$150,$-16,$477,$1221,$-1,$37,$-0,$36,$-11,$0,$0,$11,$-48,$-13,$-14,$0,$-325,$-1,$0,$-1,$0,$-340,$303,$0,$303,$-33,$-33,$0,$-26,$244,$-109,$12,$0
25,2012-06-30,14.74,$4.21,3.5,$4.93,2.99,$0.65,22.76,$0.28,52.65,$0.37B,$0.29B,1.28,$0.35B,$0.50B,0.7,$0.54B,$0.36B,67.66%,$0.54B,$0.04B,7.10%,$0.54B,$0.04B,7.10%,$0.54B,$0.08B,14.39%,$0.54B,$0.03B,6.36%,$0.54B,$0.03B,5.23%,$0.03B,$0.50B,6.87%,$0.03B,$-0.11B,-172.31%,$0.03B,$1.20B,3.02%,$0.04B,$0.84B,6.13%,$150,$62,$88,$35,$51,$158,$-8,$-3,$-11,$-6,$-5,$-5,$-5,$5,$-8,$118,118,$-0.04,$-0.04,$150,$0,$10,$374,$39,$0,$610,$33,$829,$1203,$292,$349,$28,$415,$707,$0,$145,$-19,$496,$1203,$-6,$23,$4,$27,$6,$0,$3,$6,$-39,$-18,$-6,$0,$-275,$-1,$0,$-1,$0,$-282,$284,$0,$284,$-30,$-30,$0,$-0,$255,$-47,$9,$0
26,2012-03-31,13.42,$4.44,3.03,$4.76,2.82,$0.97,13.87,$0.42,32.22,$0.42B,$0.30B,1.39,$0.35B,$0.53B,0.67,$0.50B,$0.35B,70.48%,$0.50B,$0.06B,11.24%,$0.50B,$0.06B,11.24%,$0.50B,$0.09B,18.07%,$0.50B,$0.06B,11.24%,$0.50B,$0.04B,8.63%,$0.04B,$0.53B,12.16%,$0.04B,$-0.09B,197.70%,$0.04B,$1.23B,5.51%,$0.06B,$0.88B,11.68%,$138,$46,$92,$31,$55,$139,$-2,$-1,$-2,$-1,$-2,$-2,$-2,$9,$-2,$110,110,$-0.02,$-0.02,$201,$0,$13,$417,$46,$0,$617,$33,$812,$1229,$299,$353,$19,$401,$700,$0,$149,$-14,$529,$1229,$-2,$10,$6,$17,$22,$0,$-1,$2,$-27,$-13,$-2,$0,$-271,$0,$0,$0,$0,$-273,$291,$0,$291,$-4,$-4,$0,$1,$289,$4,$6,$0
27,2011-12-31,9.55,$3.14,3.04,$4.53,2.11,$1.21,7.9,$0.45,21.21,$0.34B,$0.23B,1.51,$0.08B,$0.32B,0.24,$0.47B,$0.33B,70.97%,$0.47B,$0.07B,13.98%,$0.47B,$0.07B,13.98%,$0.47B,$0.10B,20.43%,$0.47B,$0.07B,13.98%,$0.47B,$0.05B,10.11%,$0.05B,$0.32B,16.33%,$0.05B,$0.09B,94.47%,$0.05B,$0.67B,7.49%,$0.07B,$0.39B,19.98%,$135,$32,$104,$21,$40,$98,$37,$-1,$36,$12,$24,$24,$24,$45,$37,$100,103,$0.24,$0.23,$197,$0,$9,$342,$20,$0,$232,$34,$323,$665,$227,$75,$13,$120,$347,$0,$151,$-17,$317,$665,$46,$29,$17,$46,$-21,$0,$-5,$10,$-8,$83,$-19,$0,$-17,$0,$-10,$-10,$-2,$-48,$-4,$0,$-4,$5,$5,$0,$-10,$-9,$26,$11,$0
28,2011-09-30,9.18,$2.86,3.21,$4.61,1.99,$1.25,7.34,$0.48,18.99,$0.29B,$0.19B,1.57,$0.08B,$0.29B,0.26,$0.47B,$0.33B,70.70%,$0.47B,$0.07B,15.07%,$0.47B,$0.07B,15.07%,$0.47B,$0.10B,21.02%,$0.47B,$0.07B,15.07%,$0.47B,$0.05B,10.62%,$0.05B,$0.29B,18.35%,$0.05B,$0.05B,137.93%,$0.05B,$0.62B,8.18%,$0.07B,$0.36B,24.38%,$112,$34,$78,$22,$39,$101,$11,$-0,$11,$0,$11,$11,$11,$18,$11,$100,103,$0.10,$0.10,$180,$0,$9,$291,$21,$0,$236,$21,$323,$615,$186,$75,$33,$141,$327,$0,$127,$-16,$288,$615,$22,$21,$13,$35,$8,$0,$-5,$-0,$-4,$52,$-16,$0,$-17,$-10,$0,$-10,$-0,$-43,$-3,$0,$-3,$3,$3,$0,$1,$1,$8,$7,$0
29,2011-06-30,11.26,$2.78,4.04,$4.48,2.51,$1.28,8.78,$0.40,27.9,$0.29B,$0.27B,1.09,$0.00B,$0.28B,0.0,$0.46B,$0.32B,70.18%,$0.46B,$0.07B,14.69%,$0.46B,$0.07B,14.69%,$0.46B,$0.10B,20.83%,$0.46B,$0.07B,14.47%,$0.46B,$0.04B,8.99%,$0.04B,$0.28B,15.94%,$0.04B,$0.04B,176.34%,$0.04B,$0.61B,6.80%,$0.07B,$0.28B,26.04%,$113,$36,$77,$24,$38,$103,$10,$0,$11,$1,$10,$10,$10,$18,$10,$100,103,$0.10,$0.10,$171,$0,$10,$288,$22,$0,$241,$8,$325,$614,$266,$0,$38,$68,$334,$0,$117,$-11,$280,$614,$11,$14,$10,$24,$6,$0,$-4,$-0,$-10,$25,$-13,$0,$-17,$0,$0,$0,$-0,$-30,$-1,$0,$-1,$3,$3,$0,$1,$3,$-1,$5,$0
30,2011-03-31,10.93,$2.65,4.13,$4.30,2.54,$1.27,8.62,$0.31,35.65,$0.29B,$0.27B,1.05,$0.00B,$0.27B,0.0,$0.44B,$0.30B,69.66%,$0.44B,$0.06B,14.02%,$0.44B,$0.06B,14.02%,$0.44B,$0.09B,20.23%,$0.44B,$0.06B,13.10%,$0.44B,$0.03B,7.13%,$0.03B,$0.27B,12.84%,$0.03B,$0.02B,253.06%,$0.03B,$0.62B,5.27%,$0.06B,$0.27B,23.44%,$105,$33,$71,$23,$36,$97,$7,$-1,$7,$5,$2,$2,$2,$14,$7,$100,102,$0.02,$0.02,$169,$0,$12,$286,$22,$0,$242,$9,$330,$615,$273,$0,$43,$76,$350,$0,$107,$-12,$266,$615,$2,$7,$4,$11,$9,$0,$-3,$15,$5,$18,$-7,$0,$-17,$0,$0,$0,$-0,$-24,$-1,$0,$-1,$2,$2,$0,$1,$2,$-2,$2,$0
31,2010-12-31,8.96,$2.56,3.5,$4.14,2.16,$1.26,7.12,$0.27,33.17,$0.30B,$0.27B,1.09,$0.00B,$0.26B,0.0,$0.42B,$0.29B,69.14%,$0.42B,$0.05B,12.68%,$0.42B,$0.05B,12.68%,$0.42B,$0.08B,19.14%,$0.42B,$0.05B,11.48%,$0.42B,$0.03B,6.46%,$0.03B,$0.26B,11.61%,$0.03B,$0.03B,385.71%,$0.03B,$0.60B,4.70%,$0.05B,$0.26B,19.63%,$141,$34,$107,$19,$40,$98,$43,$-0,$42,$15,$27,$27,$27,$49,$43,$101,102,$0.27,$0.26,$171,$0,$10,$295,$19,$0,$224,$10,$307,$602,$271,$0,$44,$75,$346,$0,$105,$-15,$256,$602,$27,$26,$23,$50,$11,$0,$-2,$6,$4,$81,$-13,$0,$0,$0,$0,$0,$-6,$-19,$-2,$0,$-2,$-15,$-15,$0,$-1,$-18,$45,$8,$0
32,2010-09-30,7.46,$2.28,3.28,$3.97,1.88,$0.91,8.18,$0.19,38.61,$0.27B,$0.27B,0.99,$0.00B,$0.23B,0.0,$0.40B,$0.27B,67.99%,$0.40B,$0.05B,11.17%,$0.40B,$0.05B,11.17%,$0.40B,$0.07B,17.87%,$0.40B,$0.04B,9.43%,$0.40B,$0.02B,4.96%,$0.02B,$0.23B,8.79%,$0.02B,$0.00B,8000.00%,$0.02B,$0.58B,3.50%,$0.05B,$0.23B,15.86%,$97,$32,$65,$18,$34,$90,$7,$-2,$6,$3,$2,$2,$2,$14,$7,$100,100,$0.02,$0.02,$144,$0,$12,$269,$18,$0,$227,$12,$313,$581,$271,$0,$48,$84,$355,$0,$78,$-14,$227,$581,$0,$20,$8,$28,$23,$0,$-8,$21,$21,$49,$-11,$0,$0,$0,$0,$0,$-4,$-15,$-1,$0,$-1,$-15,$-15,$0,$-2,$-18,$18,$5,$0
33,2010-06-30,6.49,$2.17,2.99,$4.02,1.61,$0.57,11.39,$0.25,26.31,$0.25B,$0.17B,1.44,$0.08B,$0.22B,0.35,$0.41B,$0.28B,68.78%,$0.41B,$0.05B,12.20%,$0.41B,$0.05B,12.20%,$0.41B,$0.08B,18.54%,$0.41B,$0.04B,10.73%,$0.41B,$0.03B,6.34%,$0.03B,$0.22B,11.58%,$0.03B,$-0.01B,-742.86%,$0.03B,$0.55B,4.61%,$0.05B,$0.29B,16.69%,$92,$32,$60,$19,$32,$88,$4,$-2,$2,$2,$-0,$-0,$-0,$11,$4,$101,101,$0.00,$0.00,$118,$0,$12,$249,$18,$0,$223,$11,$303,$553,$173,$75,$51,$163,$335,$0,$76,$-22,$217,$553,$-2,$13,$10,$23,$16,$0,$-4,$9,$-4,$17,$-6,$0,$0,$0,$0,$0,$-3,$-9,$-1,$0,$-1,$-13,$-13,$0,$-0,$-14,$-8,$4,$0
34,2010-03-31,6.87,$2.26,3.04,$3.95,1.74,$0.59,11.63,$0.21,32.19,$0.25B,$0.16B,1.53,$0.08B,$0.23B,0.33,$0.41B,$0.28B,68.40%,$0.41B,$0.04B,10.62%,$0.41B,$0.04B,10.62%,$0.41B,$0.07B,16.54%,$0.41B,$0.04B,8.64%,$0.41B,$0.02B,5.43%,$0.02B,$0.23B,9.94%,$0.02B,$0.00B,-258.82%,$0.02B,$0.56B,3.91%,$0.04B,$0.31B,14.51%,$88,$31,$57,$18,$34,$89,$-1,$-1,$-2,$1,$-2,$-2,$-2,$6,$-1,$101,101,$-0.02,$-0.02,$131,$0,$13,$252,$17,$0,$227,$11,$309,$560,$164,$75,$54,$166,$330,$0,$76,$-19,$230,$560,$-2,$6,$7,$14,$29,$0,$-3,$5,$2,$14,$-4,$0,$0,$0,$0,$0,$-2,$-6,$-0,$0,$-0,$-1,$-1,$0,$-0,$-2,$5,$2,$0
35,2009-12-31,5.72,$2.31,2.47,$3.94,1.45,$0.47,12.11,$0.19,29.56,$0.27B,$0.20B,1.4,$0.08B,$0.24B,0.32,$0.41B,$0.28B,68.64%,$0.41B,$0.04B,10.37%,$0.41B,$0.04B,10.37%,$0.41B,$0.07B,16.05%,$0.41B,$0.03B,8.15%,$0.41B,$0.02B,4.94%,$0.02B,$0.24B,9.25%,$0.02B,$0.00B,-150.94%,$0.02B,$0.59B,3.57%,$0.04B,$0.31B,14.42%,$126,$34,$92,$19,$34,$91,$35,$-3,$32,$13,$20,$20,$20,$41,$35,$103,104,$0.19,$0.19,$126,$0,$10,$274,$18,$0,$232,$11,$316,$590,$195,$75,$52,$159,$354,$0,$78,$-15,$236,$590,$20,$24,$4,$28,$-10,$0,$-2,$7,$-3,$44,$-10,$0,$-7,$0,$0,$0,$-6,$-23,$-2,$0,$-2,$-12,$-12,$0,$-1,$-14,$13,$8,$0
36,2009-09-30,5.04,$2.11,2.39,$3.77,1.34,$0.78,6.49,$0.13,39.81,$0.24B,$0.17B,1.37,$0.08B,$0.22B,0.35,$0.39B,$0.27B,68.81%,$0.39B,$0.03B,6.96%,$0.39B,$0.03B,6.96%,$0.39B,$0.05B,12.63%,$0.39B,$0.03B,6.44%,$0.39B,$0.01B,3.35%,$0.01B,$0.22B,6.17%,$0.01B,$-0.02B,-71.23%,$0.01B,$0.55B,2.36%,$0.03B,$0.29B,9.45%,$104,$32,$73,$20,$36,$93,$12,$-0,$12,$4,$8,$8,$8,$18,$12,$102,103,$0.08,$0.08,$103,$0,$11,$237,$18,$0,$230,$12,$316,$553,$173,$75,$57,$165,$338,$0,$59,$-15,$215,$553,$0,$17,$-4,$14,$4,$0,$-2,$-1,$-2,$11,$-7,$0,$0,$0,$0,$0,$-5,$-12,$-1,$0,$-1,$-12,$-12,$0,$-1,$-14,$-10,$7,$0
37,2009-06-30,4.65,$2.00,2.33,$3.79,1.23,$1.07,4.35,$0.07,69.76,$0.24B,$0.17B,1.37,$0.08B,$0.20B,0.37,$0.39B,$0.27B,68.19%,$0.39B,$0.02B,4.58%,$0.39B,$0.02B,4.58%,$0.39B,$0.04B,10.18%,$0.39B,$0.02B,4.07%,$0.39B,$0.01B,1.78%,$0.01B,$0.20B,3.32%,$0.01B,$-0.03B,-35.44%,$0.01B,$0.55B,1.27%,$0.02B,$0.28B,6.29%,$87,$32,$55,$20,$34,$90,$-3,$-4,$-7,$-3,$-4,$-4,$-4,$2,$-3,$102,102,$-0.03,$-0.03,$114,$0,$13,$238,$18,$0,$230,$11,$309,$547,$173,$75,$61,$170,$343,$0,$51,$-16,$204,$547,$-8,$11,$-2,$10,$17,$0,$2,$8,$18,$19,$-6,$0,$0,$0,$0,$0,$-3,$-9,$-1,$0,$-1,$-13,$-13,$0,$-0,$-14,$1,$5,$0
38,2009-03-31,6.25,$2.00,3.13,$3.98,1.57,$1.27,4.91,$0.11,58.58,$0.24B,$0.17B,1.42,$0.08B,$0.21B,0.36,$0.42B,$0.29B,68.67%,$0.42B,$0.02B,5.30%,$0.42B,$0.02B,5.30%,$0.42B,$0.05B,10.84%,$0.42B,$0.03B,6.27%,$0.42B,$0.01B,2.89%,$0.01B,$0.21B,5.59%,$0.01B,$-0.02B,-59.26%,$0.01B,$0.55B,2.14%,$0.02B,$0.29B,7.60%,$88,$30,$58,$19,$37,$90,$-2,$-2,$-4,$0,$-4,$-4,$-4,$4,$-2,$104,104,$-0.04,$-0.04,$110,$0,$10,$242,$18,$0,$225,$14,$306,$548,$170,$75,$66,$168,$339,$0,$54,$-27,$210,$548,$-4,$6,$-0,$5,$-3,$0,$-0,$12,$2,$3,$-5,$0,$0,$0,$0,$0,$-2,$-7,$0,$0,$0,$2,$2,$0,$-1,$1,$-3,$3,$0
39,2008-12-31,5.3,$2.04,2.6,$3.99,1.33,$1.71,3.1,$0.11,46.74,$0.25B,$0.17B,1.48,$0.08B,$0.21B,0.35,$0.42B,$0.29B,68.66%,$0.42B,$0.02B,5.26%,$0.42B,$0.02B,5.26%,$0.42B,$0.04B,10.53%,$0.42B,$0.03B,6.46%,$0.42B,$0.01B,2.63%,$0.01B,$0.21B,5.12%,$0.01B,$-0.02B,-44.44%,$0.01B,$0.55B,1.93%,$0.02B,$0.29B,7.59%,$109,$28,$81,$15,$43,$90,$20,$4,$24,$11,$13,$13,$13,$25,$20,$103,104,$0.13,$0.12,$113,$0,$9,$247,$19,$0,$230,$14,$306,$553,$166,$75,$71,$173,$339,$0,$58,$-23,$214,$553,$11,$22,$20,$42,$-5,$0,$-2,$33,$25,$78,$-12,$1,$-0,$0,$0,$0,$-6,$-17,$-3,$0,$-3,$-25,$-25,$0,$0,$-28,$16,$8,$0
40,2008-09-30,5.84,$2.07,2.82,$3.89,1.5,$1.16,5.04,$-0.03,0.0,$0.22B,$0.17B,1.35,$0.08B,$0.22B,0.35,$0.41B,$0.27B,66.34%,$0.41B,$0.01B,1.22%,$0.41B,$0.01B,1.22%,$0.41B,$0.01B,2.68%,$0.41B,$0.01B,1.22%,$0.41B,$-0.00B,-0.98%,$-0.00B,$0.22B,-1.80%,$-0.00B,$-0.02B,18.39%,$-0.00B,$0.56B,-0.70%,$0.01B,$0.29B,1.68%,$109,$35,$74,$19,$47,$106,$3,$0,$3,$2,$2,$2,$2,$9,$3,$104,104,$0.02,$0.02,$94,$0,$8,$224,$20,$0,$237,$16,$334,$558,$166,$75,$74,$176,$342,$0,$47,$-9,$216,$558,$-2,$17,$11,$27,$0,$0,$-4,$33,$21,$46,$-11,$1,$0,$0,$0,$0,$-4,$-14,$-3,$0,$-3,$-25,$-25,$0,$0,$-28,$-3,$8,$0
41,2008-06-30,5.86,$2.11,2.78,$3.63,1.62,$1.02,5.73,$-0.13,0.0,$0.24B,$0.19B,1.25,$0.08B,$0.22B,0.35,$0.39B,$0.25B,64.25%,$0.39B,$-0.01B,-1.55%,$0.39B,$-0.01B,-1.55%,$0.39B,0,0.00%,$0.39B,$-0.01B,-2.07%,$0.39B,$-0.02B,-3.89%,$-0.02B,$0.22B,-6.70%,$-0.02B,$-0.03B,69.77%,$-0.02B,$0.58B,-2.67%,$-0.01B,$0.29B,-2.01%,$109,$37,$72,$21,$46,$108,$1,$2,$3,$2,$1,$1,$1,$7,$1,$103,105,$0.01,$0.01,$98,$0,$9,$235,$20,$0,$246,$18,$347,$583,$189,$75,$75,$176,$365,$0,$45,$0,$218,$583,$-4,$11,$4,$15,$-1,$0,$-4,$38,$32,$43,$-9,$1,$0,$0,$0,$0,$-2,$-10,$-2,$0,$-2,$-28,$-28,$0,$0,$-30,$1,$5,$0
42,2008-03-31,6.64,$2.06,3.22,$3.47,1.92,$0.92,7.24,$-0.15,0.0,$0.24B,$0.20B,1.2,$0.08B,$0.21B,0.35,$0.38B,$0.24B,63.20%,$0.38B,$-0.00B,-0.53%,$0.38B,$-0.00B,-0.53%,$0.38B,$0.00B,0.80%,$0.38B,$-0.01B,-2.13%,$0.38B,$-0.02B,-5.07%,$-0.02B,$0.21B,-8.15%,$-0.02B,$-0.03B,161.70%,$-0.02B,$0.59B,-3.47%,$-0.00B,$0.29B,-0.65%,$91,$30,$60,$21,$38,$93,$-2,$-1,$-3,$2,$-5,$-5,$-5,$3,$-2,$105,105,$-0.05,$-0.05,$109,$0,$11,$237,$19,$0,$247,$16,$347,$585,$198,$75,$76,$174,$372,$0,$44,$-0,$212,$585,$-5,$5,$-1,$5,$3,$0,$-4,$52,$47,$47,$-3,$1,$0,$0,$0,$0,$-1,$-2,$-1,$0,$-1,$-29,$-29,$0,$0,$-30,$12,$3,$0
43,2007-12-31,6.35,$2.25,2.82,$3.41,1.86,$0.63,10.01,$-0.12,0.0,$0.23B,$0.19B,1.21,$0.08B,$0.24B,0.31,$0.37B,$0.23B,62.03%,$0.37B,0,0.00%,$0.37B,0,0.00%,$0.37B,$0.01B,1.34%,$0.37B,$-0.01B,-1.60%,$0.37B,$-0.01B,-3.74%,$-0.01B,$0.24B,-5.65%,$-0.01B,$-0.00B,-373.33%,$-0.01B,$0.57B,-2.62%,$0.00B,$0.32B,0.00%,$101,$35,$66,$16,$47,$98,$3,$-1,$2,$4,$-2,$-2,$-2,$-8,$3,$107,107,$-0.02,$-0.02,$97,$0,$8,$226,$20,$0,$245,$18,$345,$570,$187,$75,$37,$143,$329,$0,$48,$-2,$241,$570,$-2,$5,$-0,$5,$-18,$0,$3,$18,$9,$12,$-4,$9,$-0,$0,$0,$0,$1,$6,$-1,$0,$-1,$21,$21,$0,$0,$20,$36,$-0,$0
44,2007-09-30,7.45,$2.10,3.55,$3.29,2.27,$0.51,14.68,$-0.08,0.0,$0.17B,$0.16B,1.11,$0.08B,$0.23B,0.33,$0.37B,$0.23B,61.48%,$0.37B,$0.09B,24.59%,$0.37B,$-0.00B,-0.82%,$0.37B,$0.11B,28.96%,$0.37B,$-0.00B,-1.09%,$0.37B,$-0.01B,-2.46%,$-0.01B,$0.23B,-3.53%,$-0.01B,$-0.02B,-66.67%,$-0.01B,$0.51B,-1.73%,$0.09B,$0.30B,27.25%,$85,$35,$50,$15,$43,$93,$-8,$-2,$-10,$-2,$-9,$-9,$-9,$-2,$-8,$109,109,$-0.08,$-0.08,$61,$0,$7,$172,$19,$0,$245,$14,$335,$507,$155,$75,$19,$127,$282,$0,$53,$-1,$225,$507,$-12,$16,$-0,$15,$2,$0,$-1,$19,$22,$26,$-4,$0,$-11,$3,$0,$3,$0,$-12,$-2,$0,$-2,$-42,$-42,$0,$0,$-44,$-29,$6,$0
45,2007-06-30,11.22,$2.32,4.84,$2.51,4.48,$0.31,36.64,0,0.0,$0.21B,$0.16B,1.32,$0.08B,$0.26B,0.29,$0.28B,$0.18B,62.28%,$0.28B,$0.10B,34.88%,$0.28B,$0.01B,1.78%,$0.28B,$0.11B,38.43%,$0.28B,$0.01B,2.14%,$0.28B,0,0.00%,$0.00B,$0.26B,0.00%,$0.00B,$0.01B,0.00%,$0.00B,$0.53B,0.00%,$0.10B,$0.33B,28.76%,$98,$37,$61,$13,$43,$93,$5,$-2,$3,$6,$-3,$-3,$-3,$10,$5,$111,111,$-0.02,$-0.02,$90,$0,$19,$205,$19,$0,$244,$13,$324,$530,$156,$75,$17,$118,$274,$0,$62,$-3,$255,$530,$-3,$11,$2,$12,$-5,$0,$-0,$17,$18,$27,$-3,$0,$-11,$0,$0,$0,$0,$-13,$-1,$0,$-1,$-15,$-15,$0,$0,$-16,$0,$3,$0
46,2007-03-31,10.8,$2.43,4.44,$2.36,4.58,$0.45,24.03,$0.22,49.08,$0.21B,$0.15B,1.45,$0.08B,$0.27B,0.28,$0.27B,$0.17B,63.81%,$0.27B,$0.11B,40.67%,$0.27B,$0.02B,5.97%,$0.27B,$0.12B,43.28%,$0.27B,$0.02B,7.46%,$0.27B,$0.03B,9.70%,$0.03B,$0.27B,9.58%,$0.03B,$0.03B,38.81%,$0.03B,$0.53B,5.19%,$0.11B,$0.35B,33.26%,$90,$35,$55,$12,$43,$90,$0,$-1,$-1,$-0,$-0,$-0,$-0,$5,$0,$111,111,$-0.00,$-0.00,$96,$0,$18,$210,$19,$0,$242,$13,$323,$533,$145,$75,$17,$117,$262,$0,$65,$-6,$271,$533,$-0,$5,$1,$6,$-6,$0,$-2,$20,$10,$16,$-1,$0,$-8,$0,$0,$0,$0,$-10,$0,$0,$0,$0,$0,$0,$-0,$-0,$6,$2,$0
47,2006-12-31,10.86,$2.42,4.48,$2.34,4.64,$0.66,16.33,$0.35,30.73,$0.19B,$0.13B,1.53,$0.08B,$0.27B,0.28,$0.27B,$0.18B,66.79%,$0.27B,$0.13B,48.51%,$0.27B,$0.04B,13.81%,$0.27B,$0.14B,50.75%,$0.27B,$0.04B,16.42%,$0.27B,$0.04B,15.30%,$0.04B,$0.27B,15.46%,$0.04B,$0.04B,40.29%,$0.04B,$0.51B,8.81%,$0.13B,$0.35B,42.94%,$93,$34,$59,$12,$0,$0,$93,$0,$4,$1,$0,$0,$3,$93,$0,$112,114,$0.02,$0.02,$90,$0,$20,$192,$19,$0,$235,$13,$318,$509,$125,$75,$17,$114,$239,$0,$65,$-6,$270,$509,$3,$5,$4,$9,$10,$0,$-3,$-6,$-12,$-1,$-5,$0,$-7,$-3,$0,$-3,$1,$-14,$-1,$0,$-1,$-4,$-4,$0,$-0,$-6,$-20,$2,$0
