,Date,Stock Price,Book Value per Share,Price to Book Ratio,TTM Sales per Share,Price to Sales Ratio,TTM FCF per Share,Price to FCF Ratio,TTM Net EPS,PE Ratio,Current Assets,Current Liabilities,Current Ratio,Long Term Debt,Shareholder's Equity_x,Debt to Equity Ratio,TTM Revenue_x,TTM Gross Profit,Gross Margin,TTM Revenue_y,TTM Operating Income,Operating Margin,TTM Revenue_x,TTM EBIT,EBIT Margin,TTM Revenue_y,TTM EBITDA,EBITDA Margin,TTM Revenue_x,TTM Pre-Tax Income,Pre-Tax Margin,TTM Revenue_y,TTM Net Income_x,Net Margin,TTM Net Income_y,Shareholder's Equity_y,Return on Equity,TTM Net Income_x,Tangible Equity,Return on Tangible Equity,TTM Net Income_y,Total Assets,Return on Assets,TTM Net Income,LT Investments & Debt,Return on Investment,revenue,cost-goods-sold,gross-profit,research-development-expenses,selling-general-administrative-expenses,operating-expenses,operating-income,total-non-operating-income-expense,pre-tax-income,total-provision-income-taxes,income-after-taxes,income-from-continuous-operations,net-income,ebitda,ebit,basic-shares-outstanding,shares-outstanding,eps-basic-net-earnings-per-share,eps-earnings-per-share-diluted,cash-on-hand,inventory,other-current-assets,total-current-assets,net-property-plant-equipment,long-term-investments,goodwill-intangible-assets-total,other-long-term-assets,total-long-term-assets,total-assets,total-current-liabilities,long-term-debt,other-non-current-liabilities,total-long-term-liabilities,total-liabilities,common-stock-net,retained-earnings-accumulated-deficit,comprehensive-income,total-share-holder-equity,total-liabilities-share-holders-equity,net-income-loss,total-depreciation-amortization-cash-flow,other-non-cash-items,total-non-cash-items,change-in-accounts-receivable,change-in-inventories,change-in-accounts-payable,change-in-assets-liabilities,total-change-in-assets-liabilities,cash-flow-from-operating-activities,net-change-in-property-plant-equipment,net-change-in-intangible-assets,net-acquisitions-divestitures,net-change-in-short-term-investments,net-change-in-long-term-investments,net-change-in-investments-total,investing-activities-other,cash-flow-from-investing-activities,net-long-term-debt,net-current-debt,debt-issuance-retirement-net-total,net-common-equity-issued-repurchased,net-total-equity-issued-repurchased,total-common-preferred-stock-dividends-paid,financial-activities-other,cash-flow-from-financial-activities,net-cash-flow,stock-based-compensation,common-stock-dividends-paid
0,2018-09-30,32.66,$27.25,1.2,$124.62,0.26,$6.34,5.15,$0.83,39.35,$7.13B,$6.13B,1.16,$3.48B,$4.28B,0.81,$20.16B,$0.65B,3.22%,$20.16B,$0.43B,2.11%,$20.16B,$0.43B,2.11%,$20.16B,$0.69B,3.43%,$20.16B,$0.18B,0.88%,$20.16B,$0.14B,0.67%,$0.14B,$4.28B,3.17%,$0.14B,$-1.96B,-6.72%,$0.14B,$14.68B,0.93%,$0.43B,$7.76B,5.33%,$5306,$5118,$188,$0,$36,$5129,$177,$-53,$124,$19,$105,$105,$84,$244,$177,$159,162,$0.53,$0.53,$887,$0,$60,$7127,$614,$311,$6241,$229,$7554,$14681,$6130,$3484,$329,$4273,$10403,$2,$948,$-703,$4278,$14681,$197,$268,$311,$579,$-382,$0,$475,$-113,$-2,$775,$-87,$0,$29,$0,$-107,$-107,$106,$-59,$-311,$0,$-311,$-141,$-141,$-90,$-82,$-625,$84,$73,$-90
1,2018-06-30,33.03,$26.51,1.25,$122.44,0.27,$5.99,5.52,$0.86,38.41,$7.04B,$5.89B,1.2,$3.71B,$4.26B,0.87,$19.71B,$0.63B,3.21%,$19.71B,$0.41B,2.08%,$19.71B,$0.41B,2.08%,$19.71B,$0.68B,3.47%,$19.71B,$0.16B,0.83%,$19.71B,$0.14B,0.71%,$0.14B,$4.26B,3.28%,$0.14B,$-2.01B,-6.72%,$0.14B,$14.73B,0.96%,$0.41B,$7.97B,5.12%,$5148,$4963,$185,$0,$35,$4987,$161,$-52,$108,$33,$75,$75,$61,$227,$161,$160,163,$0.38,$0.37,$801,$0,$63,$7044,$607,$398,$6271,$226,$7684,$14727,$5890,$3707,$340,$4577,$10467,$2,$1014,$-758,$4260,$14727,$92,$200,$247,$448,$-366,$0,$258,$-95,$-297,$243,$-66,$0,$29,$0,$-93,$-93,$13,$-117,$-16,$0,$-16,$1,$1,$-73,$-37,$-124,$-1,$54,$-73
2,2018-03-31,35.63,$26.61,1.34,$119.62,0.3,$7.34,4.86,$1.13,31.53,$6.92B,$5.64B,1.23,$3.82B,$4.27B,0.9,$19.12B,$0.62B,3.25%,$19.12B,$0.46B,2.39%,$19.12B,$0.46B,2.39%,$19.12B,$0.73B,3.82%,$19.12B,$0.20B,1.06%,$19.12B,$0.18B,0.94%,$0.18B,$4.27B,4.30%,$0.18B,$-2.05B,-8.32%,$0.18B,$14.62B,1.25%,$0.46B,$8.08B,5.76%,$4791,$4650,$141,$0,$30,$4835,$-44,$-88,$-132,$-24,$-108,$-108,$-120,$27,$-44,$159,159,$-0.75,$-0.75,$867,$0,$117,$6924,$583,$385,$6311,$194,$7693,$14617,$5642,$3815,$341,$4711,$10353,$2,$953,$-707,$4265,$14617,$17,$133,$251,$384,$-160,$0,$49,$-66,$-230,$171,$-42,$0,$10,$0,$11,$11,$-66,$-88,$42,$0,$42,$-8,$-8,$-24,$-34,$-24,$65,$37,$-24
3,2017-12-31,37.15,$27.22,1.37,$117.49,0.32,$6.48,5.73,$2.53,14.68,$6.84B,$5.68B,1.21,$3.74B,$4.33B,0.86,$18.76B,$0.65B,3.46%,$18.76B,$0.64B,3.42%,$18.76B,$0.64B,3.42%,$18.76B,$0.92B,4.89%,$18.76B,$0.42B,2.21%,$18.76B,$0.40B,2.14%,$0.40B,$4.33B,9.93%,$0.40B,$-2.08B,-17.65%,$0.40B,$14.62B,2.85%,$0.64B,$8.07B,8.22%,$4911,$4775,$136,$0,$35,$4780,$131,$-54,$77,$-47,$124,$124,$111,$194,$131,$158,162,$0.70,$0.69,$813,$0,$0,$6842,$632,$370,$6409,$154,$7781,$14623,$5676,$3739,$297,$4616,$10292,$2,$1073,$-704,$4331,$14623,$124,$63,$8,$71,$-186,$0,$172,$59,$-143,$52,$-19,$0,$10,$0,$-19,$-19,$0,$-28,$40,$0,$40,$-14,$-14,$-17,$-26,$-17,$11,$17,$-17
4,2017-09-30,36.81,$26.76,1.38,$114.73,0.32,$6.63,5.55,$2.14,17.2,$6.68B,$5.58B,1.2,$3.70B,$4.22B,0.88,$18.20B,$0.68B,3.75%,$18.20B,$0.65B,3.59%,$18.20B,$0.65B,3.59%,$18.20B,$0.93B,5.13%,$18.20B,$0.43B,2.36%,$18.20B,$0.34B,1.86%,$0.34B,$4.22B,8.77%,$0.34B,$-2.19B,-13.93%,$0.34B,$14.40B,2.44%,$0.65B,$7.92B,8.58%,$4856,$4686,$170,$0,$37,$4695,$162,$-52,$110,$6,$104,$104,$88,$235,$162,$156,159,$0.56,$0.54,$802,$0,$0,$6682,$621,$364,$6408,$150,$7715,$14397,$5578,$3702,$322,$4604,$10182,$2,$962,$-701,$4215,$14397,$421,$279,$20,$298,$-433,$0,$292,$144,$-23,$697,$-78,$0,$-101,$0,$-59,$-59,$35,$-203,$-298,$0,$-298,$10,$10,$-59,$-40,$-386,$110,$84,$-59
5,2017-06-30,32.33,$25.11,1.29,$111.91,0.29,$7.09,4.56,$1.64,19.71,$6.33B,$5.19B,1.22,$3.75B,$3.92B,0.96,$17.67B,$0.66B,3.74%,$17.67B,$0.56B,3.18%,$17.67B,$0.56B,3.18%,$17.67B,$0.85B,4.81%,$17.67B,$0.32B,1.80%,$17.67B,$0.26B,1.45%,$0.26B,$3.92B,6.97%,$0.26B,$-2.33B,-10.02%,$0.26B,$13.84B,1.88%,$0.56B,$7.67B,7.53%,$4561,$4386,$175,$0,$34,$4354,$208,$-59,$148,$12,$136,$136,$101,$275,$208,$156,159,$0.65,$0.64,$812,$0,$0,$6333,$603,$339,$6251,$116,$7503,$13836,$5190,$3754,$304,$4730,$9920,$2,$873,$-832,$3916,$13836,$318,$206,$50,$256,$-147,$0,$265,$-87,$-129,$445,$-58,$0,$0,$0,$-44,$-44,$34,$-68,$-176,$0,$-176,$6,$6,$-45,$-42,$-257,$120,$59,$-45
6,2017-03-31,35.59,$23.97,1.48,$111.42,0.32,$6.90,5.16,$1.43,24.89,$6.17B,$5.06B,1.22,$3.85B,$3.73B,1.03,$17.52B,$0.66B,3.74%,$17.52B,$0.46B,2.64%,$17.52B,$0.46B,2.64%,$17.52B,$0.78B,4.47%,$17.52B,$0.22B,1.25%,$17.52B,$0.22B,1.27%,$0.22B,$3.73B,6.11%,$0.22B,$-2.50B,-8.50%,$0.22B,$13.64B,1.63%,$0.46B,$7.58B,6.21%,$4427,$4259,$168,$0,$30,$4286,$141,$-61,$80,$-35,$116,$116,$102,$213,$141,$155,159,$0.66,$0.65,$726,$0,$0,$6166,$619,$355,$6232,$94,$7475,$13641,$5064,$3851,$337,$4849,$9913,$2,$772,$-872,$3728,$13641,$182,$139,$17,$156,$-97,$0,$36,$-18,$-306,$31,$-39,$0,$2,$0,$3,$3,$-25,$-58,$120,$0,$120,$0,$0,$-33,$-23,$64,$34,$38,$-33
7,2016-12-31,36.36,$22.95,1.58,$111.70,0.33,$7.98,4.56,$1.05,34.63,$5.99B,$5.17B,1.16,$3.75B,$3.56B,1.05,$17.47B,$0.67B,3.84%,$17.47B,$0.46B,2.65%,$17.47B,$0.46B,2.65%,$17.47B,$0.82B,4.68%,$17.47B,$0.22B,1.25%,$17.47B,$0.16B,0.93%,$0.16B,$3.56B,4.49%,$0.16B,$-2.67B,-6.13%,$0.16B,$13.51B,1.18%,$0.46B,$7.31B,6.16%,$4358,$4188,$170,$0,$33,$4215,$143,$-53,$91,$25,$66,$66,$47,$210,$143,$154,158,$0.31,$0.30,$698,$0,$0,$5985,$635,$344,$6234,$174,$7524,$13509,$5165,$3751,$359,$4784,$9949,$2,$669,$-913,$3560,$13509,$66,$67,$6,$73,$47,$0,$55,$-19,$-61,$78,$-21,$0,$0,$0,$-18,$-18,$0,$-39,$27,$0,$27,$-6,$-6,$-22,$-26,$-26,$6,$21,$-22
8,2016-09-30,29.73,$23.08,1.29,$112.09,0.27,$8.12,3.66,$0.62,47.95,$6.00B,$5.31B,1.13,$3.70B,$3.55B,1.04,$17.41B,$0.64B,3.69%,$17.41B,$0.38B,2.15%,$17.41B,$0.38B,2.15%,$17.41B,$0.77B,4.45%,$17.41B,$0.13B,0.72%,$17.41B,$0.10B,0.55%,$0.10B,$3.55B,2.65%,$0.10B,$-2.75B,-3.56%,$0.10B,$13.67B,0.70%,$0.38B,$7.26B,4.90%,$4323,$4176,$147,$0,$28,$4254,$69,$-71,$-1,$-14,$13,$13,$7,$152,$69,$155,156,$0.04,$0.05,$692,$0,$0,$6001,$645,$330,$6303,$219,$7669,$13670,$5305,$3702,$403,$4813,$10117,$2,$618,$-858,$3552,$13670,$163,$399,$28,$427,$337,$0,$17,$14,$224,$814,$-137,$0,$34,$0,$-65,$-65,$5,$-163,$-494,$0,$-494,$12,$12,$-103,$-53,$-638,$8,$73,$-103
9,2016-06-30,31.77,$24.48,1.3,$115.96,0.27,$8.43,3.77,$0.58,54.78,$6.17B,$5.29B,1.17,$3.94B,$3.76B,1.05,$17.81B,$0.67B,3.74%,$17.81B,$0.40B,2.25%,$17.81B,$0.40B,2.25%,$17.81B,$0.87B,4.86%,$17.81B,$0.17B,0.95%,$17.81B,$0.09B,0.51%,$0.09B,$3.76B,2.47%,$0.09B,$-2.57B,-3.30%,$0.09B,$13.88B,0.65%,$0.40B,$7.70B,5.10%,$4409,$4237,$171,$0,$29,$4298,$110,$-61,$49,$-35,$84,$84,$67,$208,$110,$155,156,$0.44,$0.43,$628,$0,$0,$6172,$625,$342,$6325,$305,$7706,$13878,$5286,$3941,$377,$4833,$10119,$2,$611,$-646,$3759,$13878,$151,$315,$119,$435,$216,$0,$23,$-161,$-134,$451,$-100,$0,$39,$0,$-51,$-51,$0,$-112,$-315,$0,$-315,$6,$6,$-75,$-6,$-391,$-56,$56,$-75
10,2016-03-31,30.79,$23.96,1.28,$117.73,0.26,$8.99,3.42,$0.04,769.75,$6.29B,$5.26B,1.2,$4.13B,$3.66B,1.13,$17.95B,$0.62B,3.46%,$17.95B,$0.33B,1.85%,$17.95B,$0.33B,1.85%,$17.95B,$0.83B,4.64%,$17.95B,$0.11B,0.62%,$17.95B,$0.01B,0.03%,$0.01B,$3.66B,0.16%,$0.01B,$-2.65B,-0.22%,$0.01B,$13.99B,0.04%,$0.33B,$7.79B,4.14%,$4381,$4198,$183,$0,$29,$4241,$141,$-62,$79,$12,$67,$67,$42,$248,$141,$154,155,$0.27,$0.27,$670,$0,$0,$6286,$597,$347,$6318,$314,$7703,$13989,$5260,$4130,$375,$5064,$10325,$2,$544,$-651,$3664,$13989,$66,$218,$60,$278,$35,$0,$39,$-76,$-153,$191,$-31,$0,$39,$0,$-34,$-34,$0,$-27,$-136,$0,$-136,$1,$1,$-61,$18,$-177,$-14,$42,$-61
11,2015-12-31,30.03,$23.08,1.3,$119.03,0.25,$9.78,3.07,$-0.23,0.0,$5.90B,$4.76B,1.24,$4.37B,$3.52B,1.24,$18.08B,$0.54B,3.00%,$18.08B,$0.20B,1.10%,$18.08B,$0.20B,1.10%,$18.08B,$0.75B,4.16%,$18.08B,$-0.02B,-0.12%,$18.08B,$-0.04B,-0.20%,$-0.04B,$3.52B,-0.99%,$-0.04B,$-2.83B,1.28%,$-0.04B,$13.53B,-0.26%,$0.20B,$7.89B,2.42%,$4298,$4157,$141,$0,$29,$4242,$55,$-56,$-1,$-1,$-0,$-0,$-20,$166,$55,$154,154,$-0.13,$-0.13,$658,$0,$0,$5897,$602,$314,$6345,$246,$7633,$13529,$4755,$4366,$312,$5255,$10011,$2,$502,$-725,$3519,$13529,$-0,$111,$14,$125,$29,$0,$54,$11,$-47,$78,$-1,$0,$38,$0,$3,$3,$0,$40,$-82,$0,$-82,$-7,$-7,$-38,$-11,$-138,$-26,$22,$-38
12,2015-09-30,27.51,$24.00,1.15,$120.73,0.23,$11.09,2.48,$-0.83,0.0,$6.25B,$4.84B,1.29,$4.45B,$3.63B,1.23,$17.99B,$0.54B,2.98%,$17.99B,$0.13B,0.72%,$17.99B,$0.13B,0.72%,$17.99B,$0.73B,4.05%,$17.99B,$-0.15B,-0.84%,$17.99B,$-0.16B,-0.86%,$-0.16B,$3.63B,-4.15%,$-0.16B,$-2.85B,5.56%,$-0.16B,$14.01B,-1.10%,$0.13B,$8.08B,1.54%,$4724,$4553,$171,$0,$25,$4628,$95,$-53,$43,$16,$26,$26,$1,$243,$95,$150,150,$0.05,$0.05,$684,$0,$0,$6246,$699,$322,$6480,$267,$7768,$14014,$4836,$4447,$305,$5547,$10383,$2,$522,$-635,$3631,$14014,$-71,$599,$107,$707,$370,$0,$142,$-264,$129,$764,$-69,$0,$-3278,$0,$-10,$-10,$12,$-3346,$2968,$0,$2968,$14,$14,$-144,$-117,$2720,$110,$86,$-144
13,2015-06-30,33.08,$24.81,1.33,$115.13,0.29,$9.46,3.5,$-0.20,0.0,$6.23B,$4.77B,1.31,$4.60B,$3.74B,1.23,$15.83B,$0.49B,3.12%,$15.83B,$0.14B,0.87%,$15.83B,$0.14B,0.87%,$15.83B,$0.61B,3.87%,$15.83B,$-0.10B,-0.63%,$15.83B,$-0.09B,-0.58%,$-0.09B,$3.74B,-2.71%,$-0.09B,$-2.82B,4.56%,$-0.09B,$14.24B,-0.76%,$0.14B,$8.34B,1.92%,$4550,$4423,$127,$0,$24,$4508,$41,$-50,$-9,$-8,$-0,$-0,$-17,$176,$41,$152,152,$-0.11,$-0.11,$606,$0,$0,$6227,$751,$327,$6557,$294,$8009,$14236,$4767,$4602,$306,$5729,$10496,$2,$521,$-539,$3740,$14236,$-98,$451,$153,$604,$246,$0,$78,$-196,$-20,$486,$-59,$0,$-3289,$0,$-27,$-27,$0,$-3375,$3139,$0,$3139,$-1,$-1,$-101,$-96,$2941,$32,$72,$-101
14,2015-03-31,30.82,$24.80,1.24,$105.02,0.29,$8.02,3.84,$0.61,50.52,$5.99B,$4.46B,1.34,$4.69B,$3.72B,1.26,$13.25B,$0.48B,3.59%,$13.25B,$0.19B,1.42%,$13.25B,$0.19B,1.42%,$13.25B,$0.55B,4.17%,$13.25B,$-0.01B,-0.06%,$13.25B,$-0.01B,-0.05%,$-0.01B,$3.72B,-0.20%,$-0.01B,$-2.80B,0.49%,$-0.01B,$14.02B,-0.06%,$0.19B,$8.41B,3.20%,$4506,$4403,$103,$0,$30,$4500,$7,$-62,$-55,$-76,$21,$21,$0,$167,$7,$151,153,$0.00,$0.00,$613,$0,$0,$5985,$793,$336,$6520,$302,$8031,$14016,$4461,$4692,$312,$5834,$10295,$2,$538,$-583,$3721,$14016,$-97,$316,$105,$422,$445,$0,$-77,$-195,$8,$333,$-56,$0,$-3279,$0,$-14,$-14,$0,$-3349,$3235,$0,$3235,$2,$2,$-59,$-104,$3074,$38,$52,$-59
15,2014-12-31,30.37,$25.64,1.18,$94.58,0.32,$6.95,4.37,$1.02,29.77,$6.10B,$4.41B,1.38,$4.78B,$3.84B,1.24,$10.61B,$0.46B,4.33%,$10.61B,$0.25B,2.35%,$10.61B,$0.25B,2.35%,$10.61B,$0.48B,4.49%,$10.61B,$0.11B,0.99%,$10.61B,$0.03B,0.32%,$0.03B,$3.84B,1.28%,$0.03B,$-2.69B,-7.03%,$0.03B,$14.25B,0.43%,$0.25B,$8.62B,5.45%,$4210,$4076,$135,$0,$34,$4225,$-14,$-116,$-130,$-12,$-118,$-118,$-139,$142,$-14,$142,142,$-0.98,$-0.98,$735,$0,$0,$6101,$863,$349,$6531,$339,$8152,$14253,$4413,$4775,$332,$6001,$10414,$1,$574,$-476,$3839,$14253,$-118,$156,$104,$260,$349,$0,$-58,$14,$141,$283,$-25,$0,$-3277,$0,$-17,$-17,$0,$-3319,$3349,$0,$3349,$-5,$-5,$-35,$-104,$3206,$160,$36,$-35
16,2014-09-30,33.75,$23.50,1.44,$84.92,0.4,$6.33,5.33,$2.33,14.48,$3.43B,$2.46B,1.4,$0.94B,$2.27B,0.41,$8.36B,$0.40B,4.82%,$8.36B,$0.35B,4.22%,$8.36B,$0.35B,4.22%,$8.36B,$0.45B,5.36%,$8.36B,$0.32B,3.77%,$8.36B,$0.23B,2.74%,$0.23B,$2.27B,10.33%,$0.23B,$0.25B,102.23%,$0.23B,$6.12B,3.92%,$0.35B,$3.21B,10.94%,$2563,$2433,$129,$0,$16,$2460,$103,$-8,$94,$30,$65,$65,$64,$127,$103,$97,99,$0.65,$0.64,$574,$0,$0,$3434,$282,$143,$2028,$119,$2689,$6123,$2456,$940,$234,$1395,$3851,$1,$677,$-357,$2272,$6123,$233,$95,$7,$103,$-14,$0,$92,$-52,$25,$361,$-63,$0,$-30,$0,$-49,$-49,$0,$-143,$-167,$0,$-167,$-8,$-8,$-30,$-29,$-234,$-26,$34,$-30
17,2014-06-30,32.2,$23.69,1.36,$79.34,0.41,$6.81,4.73,$2.46,13.09,$3.12B,$2.05B,1.52,$0.98B,$2.28B,0.43,$7.87B,$0.41B,5.26%,$7.87B,$0.37B,4.74%,$7.87B,$0.37B,4.74%,$7.87B,$0.47B,5.93%,$7.87B,$0.34B,4.26%,$7.87B,$0.24B,3.07%,$0.24B,$2.28B,11.16%,$0.24B,$0.30B,116.63%,$0.24B,$5.75B,4.23%,$0.37B,$3.26B,11.60%,$1968,$1860,$109,$0,$15,$1877,$92,$-9,$83,$14,$69,$69,$69,$116,$92,$97,99,$0.71,$0.70,$510,$0,$0,$3122,$279,$134,$1983,$119,$2632,$5754,$2054,$977,$439,$1416,$3470,$1,$613,$-265,$2283,$5754,$168,$70,$-1,$69,$-24,$0,$-31,$-1,$-52,$186,$-50,$0,$18,$0,$-48,$-48,$0,$-79,$-128,$0,$-128,$-16,$-16,$-29,$-21,$-193,$-91,$26,$-29
18,2014-03-31,32.17,$22.77,1.41,$79.97,0.4,$7.53,4.27,$2.46,13.08,$3.02B,$2.00B,1.51,$1.01B,$2.19B,0.46,$7.97B,$0.44B,5.48%,$7.97B,$0.39B,4.93%,$7.97B,$0.39B,4.93%,$7.97B,$0.49B,6.10%,$7.97B,$0.35B,4.43%,$7.97B,$0.24B,3.06%,$0.24B,$2.19B,11.58%,$0.24B,$0.21B,142.07%,$0.24B,$5.65B,4.30%,$0.39B,$3.20B,12.31%,$1872,$1785,$87,$0,$26,$1804,$68,$-11,$58,$15,$42,$42,$40,$92,$68,$97,98,$0.41,$0.41,$503,$0,$0,$3024,$278,$124,$1980,$123,$2621,$5645,$2002,$1009,$444,$1453,$3455,$1,$544,$-284,$2190,$5645,$99,$46,$-13,$33,$67,$0,$17,$-7,$-26,$106,$-33,$0,$18,$0,$-39,$-39,$0,$-54,$-73,$-25,$-98,$-20,$-20,$-25,$-2,$-145,$-98,$21,$-25
19,2013-12-31,29.43,$22.16,1.33,$80.75,0.36,$8.06,3.65,$2.58,11.41,$3.25B,$2.16B,1.5,$1.11B,$2.12B,0.52,$8.09B,$0.45B,5.56%,$8.09B,$0.41B,5.01%,$8.09B,$0.41B,5.01%,$8.09B,$0.50B,6.16%,$8.09B,$0.36B,4.50%,$8.09B,$0.26B,3.19%,$0.26B,$2.12B,12.39%,$0.26B,$0.14B,154.72%,$0.26B,$5.84B,4.54%,$0.41B,$3.24B,12.66%,$1954,$1876,$78,$0,$24,$1863,$90,$-10,$80,$23,$57,$57,$56,$113,$90,$96,98,$0.59,$0.58,$682,$0,$0,$3249,$276,$53,$1983,$165,$2589,$5837,$2160,$1113,$441,$1555,$3714,$1,$504,$-287,$2123,$5837,$57,$22,$-25,$-3,$2,$0,$72,$33,$83,$137,$-21,$0,$18,$0,$-18,$-18,$0,$-21,$26,$-10,$16,$-30,$-30,$-19,$0,$-33,$81,$11,$-19
20,2013-09-30,31.27,$21.60,1.45,$79.84,0.39,$7.38,4.24,$2.36,13.25,$3.13B,$2.05B,1.53,$1.09B,$2.07B,0.53,$8.15B,$0.45B,5.52%,$8.15B,$0.38B,4.62%,$8.15B,$0.38B,4.62%,$8.15B,$0.47B,5.78%,$8.15B,$0.34B,4.12%,$8.15B,$0.24B,2.94%,$0.24B,$2.07B,11.54%,$0.24B,$0.18B,133.33%,$0.24B,$5.67B,4.23%,$0.38B,$3.16B,11.89%,$2079,$1939,$140,$0,$24,$1956,$123,$-9,$114,$36,$78,$78,$77,$146,$123,$101,102,$0.77,$0.76,$601,$0,$0,$3132,$271,$106,$1895,$119,$2534,$5666,$2054,$1089,$449,$1538,$3592,$1,$472,$-261,$2074,$5666,$243,$94,$16,$111,$92,$0,$-47,$-54,$55,$409,$-52,$0,$-39,$0,$-48,$-48,$0,$-139,$95,$0,$95,$-360,$-360,$-18,$28,$-254,$7,$33,$-18
21,2013-06-30,31.79,$20.92,1.52,$78.06,0.41,$7.19,4.42,$-0.46,0.0,$3.05B,$1.94B,1.57,$1.14B,$2.04B,0.56,$8.16B,$0.45B,5.57%,$8.16B,$0.06B,0.67%,$8.16B,$0.06B,0.67%,$8.16B,$0.15B,1.86%,$8.16B,$0.01B,0.17%,$8.16B,$-0.06B,-0.76%,$-0.06B,$2.04B,-2.93%,$-0.06B,$0.16B,-27.77%,$-0.06B,$5.54B,-1.09%,$0.06B,$3.18B,1.74%,$2067,$1936,$132,$0,$24,$1956,$112,$-11,$101,$30,$71,$71,$71,$135,$112,$99,101,$0.71,$0.70,$508,$0,$0,$3050,$270,$84,$1885,$133,$2490,$5539,$1942,$1135,$421,$1556,$3498,$1,$457,$-271,$2042,$5539,$165,$71,$2,$73,$95,$0,$-62,$-57,$10,$248,$-37,$0,$-37,$0,$-38,$-38,$3,$-110,$99,$0,$99,$-300,$-300,$-14,$2,$-212,$-86,$27,$-14
22,2013-03-31,32.8,$21.06,1.56,$76.45,0.43,$6.53,5.02,$-0.53,0.0,$3.16B,$2.03B,1.56,$1.12B,$2.09B,0.54,$8.19B,$0.43B,5.29%,$8.19B,$0.05B,0.56%,$8.19B,$0.05B,0.56%,$8.19B,$0.15B,1.78%,$8.19B,$0.00B,0.05%,$8.19B,$-0.06B,-0.78%,$-0.06B,$2.09B,-2.86%,$-0.06B,$0.19B,-24.71%,$-0.06B,$5.69B,-1.11%,$0.05B,$3.22B,1.42%,$1990,$1890,$100,$0,$27,$1909,$80,$-12,$69,$14,$55,$55,$54,$104,$80,$100,100,$0.54,$0.53,$628,$0,$0,$3162,$313,$87,$1902,$104,$2523,$5685,$2031,$1123,$438,$1562,$3593,$1,$460,$-209,$2093,$5685,$94,$48,$9,$57,$106,$0,$-93,$-10,$2,$152,$-25,$0,$-40,$0,$-18,$-18,$0,$-82,$219,$0,$219,$-239,$-239,$-13,$1,$-31,$34,$18,$-13
23,2012-12-31,23.8,$20.91,1.14,$74.23,0.32,$5.02,4.74,$-0.63,0.0,$3.26B,$2.23B,1.46,$1.02B,$2.11B,0.48,$8.21B,$0.41B,4.98%,$8.21B,$0.04B,0.48%,$8.21B,$0.04B,0.48%,$8.21B,$0.14B,1.71%,$8.21B,$0.00B,0.01%,$8.21B,$-0.07B,-0.84%,$-0.07B,$2.11B,-2.96%,$-0.07B,$0.19B,-25.07%,$-0.07B,$5.81B,-1.18%,$0.04B,$3.13B,1.17%,$2017,$1939,$78,$0,$22,$1955,$62,$-10,$52,$13,$39,$39,$38,$86,$62,$105,106,$0.36,$0.36,$591,$0,$0,$3259,$323,$86,$1918,$106,$2549,$5808,$2233,$1022,$443,$1465,$3698,$1,$471,$-183,$2110,$5808,$39,$24,$11,$35,$-48,$0,$-73,$40,$-7,$67,$-13,$0,$-42,$0,$2,$2,$0,$-52,$162,$0,$162,$-170,$-170,$-9,$1,$-17,$-2,$7,$-9
24,2012-09-30,21.16,$20.78,1.02,$72.83,0.29,$4.29,4.93,$-0.57,0.0,$3.15B,$2.08B,1.51,$0.91B,$2.22B,0.41,$8.22B,$0.42B,5.12%,$8.22B,$0.05B,0.66%,$8.22B,$0.05B,0.66%,$8.22B,$0.16B,1.90%,$8.22B,$0.02B,0.21%,$8.22B,$-0.06B,-0.72%,$-0.06B,$2.22B,-2.43%,$-0.06B,$0.35B,-20.15%,$-0.06B,$5.67B,-1.00%,$0.05B,$3.13B,1.55%,$2083,$1939,$144,$0,$18,$2282,$-199,$-9,$-208,$17,$-225,$-225,$-225,$-173,$-199,$112,112,$-2.00,$-2.00,$594,$0,$0,$3147,$326,$91,$1872,$101,$2517,$5665,$2078,$907,$455,$1362,$3440,$1,$606,$-179,$2224,$5665,$-57,$103,$323,$426,$-22,$0,$81,$-22,$64,$433,$-63,$0,$-10,$0,$2,$2,$-3,$-74,$-96,$0,$-96,$-141,$-141,$-1,$1,$-238,$137,$27,$-1
25,2012-06-30,16.45,$22.85,0.72,$72.11,0.23,$1.44,11.43,$2.23,7.38,$3.05B,$2.01B,1.52,$0.95B,$2.51B,0.38,$8.25B,$0.42B,5.05%,$8.25B,$0.39B,4.69%,$8.25B,$0.39B,4.69%,$8.25B,$0.49B,5.91%,$8.25B,$0.35B,4.24%,$8.25B,$0.25B,3.07%,$0.25B,$2.51B,10.25%,$0.25B,$0.30B,100.30%,$0.25B,$5.86B,4.28%,$0.39B,$3.46B,10.78%,$2095,$1984,$111,$0,$21,$1992,$103,$-12,$91,$21,$70,$70,$69,$129,$103,$110,111,$0.63,$0.63,$398,$0,$0,$3047,$326,$84,$2212,$120,$2817,$5864,$2005,$951,$396,$1347,$3352,$1,$893,$-170,$2512,$5864,$168,$77,$0,$77,$-108,$0,$58,$26,$-38,$207,$-48,$0,$-13,$0,$-29,$-29,$0,$-89,$-93,$0,$-93,$-92,$-92,$-1,$1,$-185,$-59,$20,$-1
26,2012-03-31,22.37,$22.47,1.0,$70.41,0.32,$-1.49,0.0,$2.22,10.08,$3.17B,$1.94B,1.64,$1.17B,$2.49B,0.47,$8.21B,$0.43B,5.20%,$8.21B,$0.39B,4.80%,$8.21B,$0.39B,4.80%,$8.21B,$0.50B,6.06%,$8.21B,$0.36B,4.35%,$8.21B,$0.26B,3.14%,$0.26B,$2.49B,10.43%,$0.26B,$0.26B,103.61%,$0.26B,$6.01B,4.36%,$0.39B,$3.66B,10.80%,$2011,$1935,$76,$0,$20,$1938,$73,$-7,$66,$17,$50,$50,$49,$98,$73,$113,114,$0.43,$0.43,$466,$0,$0,$3167,$331,$83,$2234,$123,$2846,$6013,$1936,$1172,$414,$1587,$3523,$1,$849,$-141,$2490,$6013,$98,$51,$3,$53,$-178,$0,$32,$56,$-146,$5,$-32,$0,$-14,$0,$6,$6,$1,$-39,$96,$0,$96,$-65,$-65,$-0,$1,$33,$9,$18,$-0
27,2011-12-31,20.57,$21.73,0.95,$69.19,0.3,$-2.76,0.0,$2.28,9.02,$3.19B,$1.88B,1.69,$1.22B,$2.47B,0.49,$8.13B,$0.45B,5.55%,$8.13B,$0.41B,5.02%,$8.13B,$0.41B,5.02%,$8.13B,$0.51B,6.32%,$8.13B,$0.37B,4.55%,$8.13B,$0.27B,3.28%,$0.27B,$2.47B,10.85%,$0.27B,$0.26B,107.12%,$0.27B,$6.00B,4.58%,$0.41B,$3.69B,11.26%,$2029,$1939,$90,$0,$23,$1952,$77,$-9,$68,$20,$48,$48,$48,$102,$77,$114,115,$0.42,$0.42,$507,$0,$0,$3188,$334,$67,$2211,$121,$2807,$5995,$1883,$1218,$420,$1638,$3521,$1,$868,$-169,$2474,$5995,$48,$26,$10,$35,$-129,$0,$58,$37,$-90,$-6,$-18,$0,$-9,$0,$5,$5,$0,$-22,$79,$0,$79,$-7,$-7,$-0,$1,$73,$51,$9,$-0
28,2011-09-30,17.67,$21.15,0.84,$67.74,0.26,$-4.18,0.0,$2.34,7.55,$2.99B,$1.81B,1.65,$1.15B,$2.40B,0.48,$8.04B,$0.47B,5.80%,$8.04B,$0.42B,5.24%,$8.04B,$0.42B,5.24%,$8.04B,$0.53B,6.62%,$8.04B,$0.39B,4.79%,$8.04B,$0.28B,3.43%,$0.28B,$2.40B,11.43%,$0.28B,$0.19B,125.74%,$0.28B,$5.79B,4.81%,$0.42B,$3.54B,11.79%,$2118,$1978,$140,$0,$20,$1984,$134,$-9,$125,$36,$88,$88,$87,$159,$134,$117,118,$0.75,$0.74,$457,$0,$0,$2990,$324,$71,$2205,$116,$2799,$5789,$1814,$1145,$435,$1580,$3394,$1,$827,$-188,$2395,$5789,$284,$110,$-20,$91,$-89,$0,$76,$-149,$-243,$132,$-78,$0,$-363,$0,$19,$19,$0,$-422,$223,$0,$223,$-146,$-146,$-1,$61,$137,$-156,$25,$-1
29,2011-06-30,27.34,$21.56,1.27,$65.68,0.42,$-3.86,0.0,$2.17,12.6,$3.09B,$1.82B,1.7,$1.17B,$2.54B,0.46,$7.75B,$0.45B,5.81%,$7.75B,$0.39B,4.98%,$7.75B,$0.39B,4.98%,$7.75B,$0.49B,6.36%,$7.75B,$0.36B,4.66%,$7.75B,$0.26B,3.32%,$0.26B,$2.54B,10.94%,$0.26B,$0.29B,100.10%,$0.26B,$5.89B,4.59%,$0.39B,$3.70B,11.19%,$2047,$1925,$121,$0,$24,$1937,$110,$-12,$98,$24,$74,$74,$74,$138,$110,$118,119,$0.63,$0.62,$381,$0,$0,$3092,$303,$84,$2249,$103,$2794,$5887,$1818,$1165,$367,$1532,$3350,$1,$840,$-53,$2536,$5887,$196,$85,$-3,$82,$-188,$0,$-6,$-173,$-408,$-130,$-47,$0,$-363,$0,$53,$53,$-23,$-382,$255,$0,$255,$-48,$-48,$-1,$61,$267,$-231,$21,$-1
30,2011-03-31,27.73,$20.74,1.34,$62.61,0.44,$-2.29,0.0,$2.11,13.14,$2.97B,$1.75B,1.7,$1.13B,$2.44B,0.46,$7.34B,$0.44B,6.05%,$7.34B,$0.37B,5.03%,$7.34B,$0.37B,5.03%,$7.34B,$0.47B,6.34%,$7.34B,$0.35B,4.83%,$7.34B,$0.25B,3.38%,$0.25B,$2.44B,11.17%,$0.25B,$0.26B,64.25%,$0.25B,$5.67B,4.83%,$0.37B,$3.57B,12.01%,$1936,$1837,$100,$0,$24,$1849,$87,$-9,$79,$19,$60,$60,$58,$115,$87,$117,118,$0.49,$0.49,$403,$0,$0,$2965,$280,$80,$2179,$105,$2701,$5665,$1748,$1130,$351,$1482,$3229,$1,$766,$-62,$2436,$5665,$122,$57,$-16,$41,$-22,$0,$-49,$-171,$-309,$-146,$-32,$0,$-303,$0,$-34,$-34,$2,$-367,$290,$0,$290,$-53,$-53,$-3,$61,$294,$-209,$12,$-3
31,2010-12-31,27.97,$19.62,1.43,$60.15,0.46,$-1.78,0.0,$2.13,13.13,$2.98B,$1.76B,1.7,$1.19B,$2.29B,0.52,$7.00B,$0.45B,6.46%,$7.00B,$0.37B,5.21%,$7.00B,$0.37B,5.21%,$7.00B,$0.45B,6.46%,$7.00B,$0.36B,5.11%,$7.00B,$0.25B,3.54%,$0.25B,$2.29B,11.82%,$0.25B,$0.14B,48.48%,$0.25B,$5.62B,5.28%,$0.37B,$3.48B,13.46%,$1936,$1831,$105,$0,$23,$1846,$90,$-8,$83,$21,$62,$62,$57,$120,$90,$118,119,$0.48,$0.48,$421,$0,$0,$2984,$282,$70,$2146,$98,$2636,$5620,$1755,$1188,$388,$1576,$3331,$1,$708,$-135,$2289,$5620,$62,$30,$-55,$-25,$-10,$0,$-48,$-102,$-217,$-179,$-16,$0,$-299,$0,$-17,$-17,$-19,$-350,$330,$0,$330,$-54,$-54,$-1,$60,$334,$-192,$8,$-1
32,2010-09-30,24.26,$18.54,1.31,$56.83,0.43,$-0.56,0.0,$2.05,11.83,$2.95B,$1.85B,1.59,$0.92B,$2.14B,0.43,$6.55B,$0.43B,6.57%,$6.55B,$0.34B,5.19%,$6.55B,$0.34B,5.19%,$6.55B,$0.42B,6.42%,$6.55B,$0.34B,5.21%,$6.55B,$0.24B,3.62%,$0.24B,$2.14B,11.88%,$0.24B,$0.34B,36.83%,$0.24B,$5.24B,5.57%,$0.34B,$3.05B,14.49%,$1829,$1704,$124,$0,$32,$1729,$99,$2,$101,$32,$69,$69,$68,$120,$99,$114,115,$0.59,$0.58,$613,$0,$0,$2946,$259,$53,$1799,$80,$2296,$5243,$1852,$915,$337,$1252,$3104,$1,$651,$-148,$2138,$5243,$249,$79,$31,$110,$-234,$0,$57,$-19,$-201,$159,$-68,$0,$-530,$0,$-25,$-25,$8,$-615,$750,$0,$750,$-3,$-3,$7,$17,$771,$322,$35,$7
33,2010-06-30,23.06,$17.72,1.3,$55.83,0.41,$0.17,139.5,$1.95,11.83,$2.38B,$1.57B,1.52,$0.17B,$2.01B,0.09,$6.34B,$0.40B,6.32%,$6.34B,$0.32B,4.98%,$6.34B,$0.32B,4.98%,$6.34B,$0.40B,6.29%,$6.34B,$0.32B,5.00%,$6.34B,$0.22B,3.52%,$0.22B,$2.02B,11.74%,$0.22B,$0.80B,31.13%,$0.22B,$4.00B,5.73%,$0.32B,$2.19B,15.36%,$1635,$1520,$115,$0,$28,$1543,$93,$-1,$91,$23,$69,$69,$65,$110,$93,$115,116,$0.57,$0.56,$294,$0,$0,$2378,$226,$33,$1211,$59,$1622,$4000,$1566,$174,$244,$418,$1984,$1,$583,$-157,$2016,$4000,$180,$58,$-6,$52,$-107,$0,$-20,$-32,$-189,$44,$-35,$0,$-44,$0,$6,$6,$0,$-73,$16,$0,$16,$1,$1,$4,$17,$38,$3,$25,$4
34,2010-03-31,28.37,$17.25,1.64,$55.51,0.51,$0.73,38.94,$1.85,15.34,$2.35B,$1.56B,1.5,$0.18B,$1.95B,0.09,$6.25B,$0.37B,5.98%,$6.25B,$0.30B,4.75%,$6.25B,$0.30B,4.75%,$6.25B,$0.38B,6.14%,$6.25B,$0.30B,4.80%,$6.25B,$0.21B,3.34%,$0.21B,$1.95B,11.54%,$0.21B,$0.76B,31.94%,$0.21B,$3.94B,5.46%,$0.30B,$2.13B,14.98%,$1601,$1493,$108,$0,$28,$1518,$83,$-1,$83,$21,$62,$62,$58,$102,$83,$114,115,$0.51,$0.51,$207,$0,$0,$2349,$236,$30,$1195,$44,$1591,$3939,$1562,$178,$246,$424,$1986,$1,$519,$-128,$1953,$3939,$112,$41,$5,$45,$-169,$0,$-2,$13,$-243,$-86,$-27,$0,$-15,$0,$5,$5,$0,$-37,$27,$0,$27,$-5,$-5,$5,$9,$37,$-84,$16,$5
35,2009-12-31,27.5,$16.63,1.65,$55.44,0.5,$1.55,17.7,$1.74,15.8,$2.23B,$1.57B,1.42,$0.14B,$1.87B,0.08,$6.15B,$0.35B,5.76%,$6.15B,$0.28B,4.60%,$6.15B,$0.28B,4.60%,$6.15B,$0.37B,6.04%,$6.15B,$0.28B,4.60%,$6.15B,$0.19B,3.16%,$0.19B,$1.87B,11.34%,$0.19B,$0.67B,32.77%,$0.19B,$3.83B,5.20%,$0.28B,$2.01B,14.85%,$1481,$1398,$83,$0,$22,$1415,$65,$1,$66,$16,$50,$50,$46,$88,$65,$113,114,$0.40,$0.40,$253,$0,$4,$2232,$235,$29,$1201,$47,$1602,$3834,$1573,$140,$248,$388,$1961,$1,$460,$-133,$1873,$3834,$50,$22,$5,$27,$-17,$0,$-52,$15,$-112,$-35,$-15,$0,$-14,$0,$0,$0,$5,$-24,$15,$0,$15,$3,$3,$-1,$1,$18,$-38,$9,$-1
36,2009-09-30,27.14,$15.82,1.72,$56.13,0.48,$1.73,15.67,$1.72,15.78,$2.22B,$1.56B,1.42,$0.14B,$1.75B,0.08,$6.12B,$0.35B,5.75%,$6.12B,$0.29B,4.69%,$6.12B,$0.29B,4.69%,$6.12B,$0.37B,6.06%,$6.12B,$0.28B,4.54%,$6.12B,$0.19B,3.09%,$0.19B,$1.75B,11.81%,$0.19B,$0.63B,35.95%,$0.19B,$3.79B,5.17%,$0.29B,$1.90B,15.51%,$1627,$1532,$95,$0,$26,$1552,$75,$2,$77,$20,$57,$57,$54,$99,$75,$108,110,$0.50,$0.49,$291,$0,$75,$2215,$229,$35,$1125,$96,$1575,$3790,$1557,$142,$337,$479,$2035,$1,$414,$-147,$1754,$3790,$204,$84,$-10,$74,$-68,$0,$-8,$14,$-49,$229,$-63,$0,$-36,$0,$81,$81,$3,$-14,$-233,$0,$-233,$107,$107,$-10,$15,$-121,$94,$26,$-10
37,2009-06-30,32.0,$15.20,2.1,$56.93,0.56,$1.18,27.13,$1.65,19.39,$2.25B,$1.52B,1.48,$0.22B,$1.66B,0.13,$6.12B,$0.34B,5.60%,$6.12B,$0.28B,4.62%,$6.12B,$0.28B,4.62%,$6.12B,$0.37B,5.98%,$6.12B,$0.28B,4.53%,$6.12B,$0.18B,2.91%,$0.18B,$1.67B,11.73%,$0.18B,$0.56B,38.14%,$0.18B,$3.74B,4.94%,$0.28B,$1.89B,15.52%,$1541,$1454,$88,$0,$20,$1468,$74,$1,$74,$21,$53,$53,$51,$95,$74,$110,112,$0.46,$0.46,$275,$0,$164,$2245,$216,$37,$1110,$84,$1490,$3735,$1518,$221,$302,$551,$2069,$1,$354,$-129,$1666,$3735,$146,$61,$-1,$60,$-39,$0,$-44,$50,$-98,$108,$-37,$0,$-27,$0,$82,$82,$0,$18,$-163,$0,$-163,$110,$110,$-3,$14,$-42,$81,$19,$-3
38,2009-03-31,26.08,$14.32,1.82,$55.74,0.47,$0.97,27.02,$1.56,16.72,$2.09B,$1.40B,1.49,$0.28B,$1.55B,0.18,$5.90B,$0.33B,5.61%,$5.90B,$0.27B,4.63%,$5.90B,$0.27B,4.63%,$5.90B,$0.35B,6.00%,$5.90B,$0.26B,4.46%,$5.90B,$0.17B,2.80%,$0.17B,$1.55B,11.28%,$0.17B,$0.51B,34.11%,$0.17B,$3.56B,4.85%,$0.27B,$1.83B,15.79%,$1498,$1410,$88,$0,$24,$1429,$69,$-3,$66,$18,$47,$47,$43,$89,$69,$106,108,$0.41,$0.40,$241,$0,$81,$2086,$220,$43,$1041,$129,$1474,$3559,$1397,$275,$285,$611,$2008,$1,$303,$-162,$1551,$3559,$92,$39,$1,$40,$-29,$0,$-16,$31,$-117,$15,$-33,$0,$-18,$0,$84,$84,$0,$33,$-104,$0,$-104,$104,$104,$-4,$10,$6,$46,$12,$-4
39,2008-12-31,30.73,$13.71,2.24,$53.14,0.58,$0.93,32.97,$1.51,20.35,$2.09B,$1.43B,1.46,$0.36B,$1.43B,0.25,$5.57B,$0.31B,5.64%,$5.57B,$0.26B,4.72%,$5.57B,$0.26B,4.72%,$5.57B,$0.33B,6.00%,$5.57B,$0.25B,4.53%,$5.57B,$0.16B,2.84%,$0.16B,$1.43B,11.11%,$0.16B,$0.41B,30.02%,$0.16B,$3.54B,4.96%,$0.26B,$1.79B,16.17%,$1453,$1372,$81,$0,$17,$1384,$69,$-8,$61,$17,$43,$43,$41,$88,$69,$105,107,$0.39,$0.38,$243,$0,$82,$2090,$218,$41,$1021,$126,$1446,$3535,$1430,$362,$268,$677,$2107,$1,$260,$-167,$1428,$3535,$44,$19,$-1,$18,$-14,$0,$11,$18,$-70,$-8,$-19,$0,$-8,$0,$84,$84,$0,$57,$-5,$0,$-5,$12,$12,$-2,$5,$10,$52,$5,$-2
40,2008-09-30,24.44,$13.82,1.77,$50.01,0.49,$0.73,33.45,$1.42,17.21,$2.12B,$1.45B,1.46,$0.37B,$1.42B,0.26,$5.19B,$0.29B,5.53%,$5.19B,$0.24B,4.60%,$5.19B,$0.24B,4.60%,$5.19B,$0.30B,5.81%,$5.19B,$0.24B,4.54%,$5.19B,$0.15B,2.81%,$0.15B,$1.42B,10.46%,$0.15B,$0.39B,24.72%,$0.15B,$3.60B,4.97%,$0.24B,$1.79B,15.74%,$1629,$1543,$86,$0,$26,$1558,$71,$6,$76,$20,$56,$56,$43,$94,$71,$101,104,$0.41,$0.40,$279,$0,$93,$2116,$223,$46,$1029,$135,$1480,$3596,$1452,$366,$335,$721,$2173,$1,$221,$-112,$1423,$3596,$161,$63,$-48,$15,$-151,$0,$36,$44,$-6,$169,$-69,$0,$-567,$0,$119,$119,$-5,$-521,$312,$0,$312,$14,$14,$-11,$20,$336,$-20,$24,$-11
41,2008-06-30,32.53,$14.16,2.3,$47.10,0.69,$0.85,38.19,$1.30,25.02,$1.66B,$1.20B,1.39,$0.06B,$1.45B,0.04,$4.68B,$-0.45B,-9.51%,$4.68B,$0.21B,4.49%,$4.68B,$0.21B,4.49%,$4.68B,$0.26B,5.64%,$4.68B,$0.20B,4.30%,$4.68B,$0.13B,2.82%,$0.13B,$1.45B,9.71%,$0.13B,$0.62B,20.13%,$0.13B,$2.92B,4.96%,$0.21B,$1.51B,14.99%,$1321,$1245,$76,$0,$17,$1257,$64,$-4,$60,$21,$38,$38,$38,$83,$64,$102,105,$0.38,$0.37,$173,$0,$0,$1659,$184,$34,$824,$162,$1262,$2921,$1197,$59,$194,$275,$1472,$1,$178,$-18,$1449,$2921,$104,$40,$6,$46,$-204,$0,$16,$56,$-58,$92,$-48,$0,$-231,$0,$119,$119,$-6,$-166,$5,$0,$5,$10,$10,$0,$15,$29,$-44,$17,$0
42,2008-03-31,26.01,$13.71,1.9,$46.43,0.56,$0.29,89.26,$1.19,21.86,$1.61B,$1.06B,1.51,$0.03B,$1.38B,0.02,$4.46B,$-0.21B,-4.69%,$4.46B,$0.19B,4.31%,$4.46B,$0.19B,4.31%,$4.46B,$0.24B,5.36%,$4.46B,$0.18B,3.97%,$4.46B,$0.12B,2.65%,$0.12B,$1.39B,8.95%,$0.12B,$0.68B,17.48%,$0.12B,$2.70B,4.64%,$0.19B,$1.42B,14.13%,$1164,$1093,$71,$0,$16,$1105,$59,$-4,$55,$20,$36,$36,$36,$69,$59,$101,103,$0.36,$0.35,$218,$0,$0,$1609,$136,$26,$708,$161,$1093,$2702,$1063,$33,$193,$252,$1315,$1,$140,$-26,$1387,$2702,$65,$21,$5,$26,$-166,$0,$18,$48,$-88,$3,$-24,$0,$-103,$0,$118,$118,$0,$-8,$-5,$0,$-5,$2,$2,$0,$9,$6,$1,$11,$0
