,Date,Stock Price,Book Value per Share,Price to Book Ratio,TTM Sales per Share,Price to Sales Ratio,TTM FCF per Share,Price to FCF Ratio,TTM Net EPS,PE Ratio,Current Assets,Current Liabilities,Current Ratio,Long Term Debt,Shareholder's Equity_x,Debt to Equity Ratio,TTM Revenue_x,TTM Gross Profit,Gross Margin,TTM Revenue_y,TTM Operating Income,Operating Margin,TTM Revenue_x,TTM EBIT,EBIT Margin,TTM Revenue_y,TTM EBITDA,EBITDA Margin,TTM Revenue_x,TTM Pre-Tax Income,Pre-Tax Margin,TTM Revenue_y,TTM Net Income_x,Net Margin,TTM Net Income_y,Shareholder's Equity_y,Return on Equity,TTM Net Income_x,Tangible Equity,Return on Tangible Equity,TTM Net Income_y,Total Assets,Return on Assets,TTM Net Income,LT Investments & Debt,Return on Investment,revenue,cost-goods-sold,gross-profit,research-development-expenses,selling-general-administrative-expenses,operating-expenses,operating-income,total-non-operating-income-expense,pre-tax-income,total-provision-income-taxes,income-after-taxes,income-from-continuous-operations,net-income,ebitda,ebit,basic-shares-outstanding,shares-outstanding,eps-basic-net-earnings-per-share,eps-earnings-per-share-diluted,cash-on-hand,inventory,other-current-assets,total-current-assets,net-property-plant-equipment,long-term-investments,goodwill-intangible-assets-total,other-long-term-assets,total-long-term-assets,total-assets,total-current-liabilities,long-term-debt,other-non-current-liabilities,total-long-term-liabilities,total-liabilities,common-stock-net,retained-earnings-accumulated-deficit,comprehensive-income,total-share-holder-equity,total-liabilities-share-holders-equity,net-income-loss,total-depreciation-amortization-cash-flow,other-non-cash-items,total-non-cash-items,change-in-accounts-receivable,change-in-inventories,change-in-accounts-payable,change-in-assets-liabilities,total-change-in-assets-liabilities,cash-flow-from-operating-activities,net-change-in-property-plant-equipment,net-change-in-intangible-assets,net-acquisitions-divestitures,net-change-in-short-term-investments,net-change-in-long-term-investments,net-change-in-investments-total,investing-activities-other,cash-flow-from-investing-activities,net-long-term-debt,net-current-debt,debt-issuance-retirement-net-total,net-common-equity-issued-repurchased,net-total-equity-issued-repurchased,total-common-preferred-stock-dividends-paid,financial-activities-other,cash-flow-from-financial-activities,net-cash-flow,stock-based-compensation,common-stock-dividends-paid
0,2018-08-31,169.07,$16.77,10.08,$63.45,2.66,$17.46,9.68,$6.34,26.67,$13.59B,$10.15B,1.34,$0.02B,$10.73B,0.0,$41.60B,$12.44B,29.91%,$41.60B,$5.84B,14.04%,$41.60B,$5.84B,14.04%,$41.60B,$6.77B,16.27%,$41.60B,$5.81B,13.96%,$41.60B,$4.06B,9.76%,$4.06B,$10.73B,39.42%,$4.06B,$5.34B,80.47%,$4.06B,$24.45B,17.32%,$5.84B,$10.74B,56.58%,$10642,$7419,$3223,$0,$1770,$9190,$1453,$4,$1457,$408,$1048,$1048,$1030,$1688,$1453,$628,655,$1.61,$1.58,$5065,$0,$1025,$13586,$1264,$216,$5383,$1186,$10864,$24449,$10152,$20,$1399,$3573,$13724,$0,$7952,$-1576,$10725,$24449,$4215,$927,$1071,$1998,$-711,$0,$-168,$-145,$-193,$6027,$-612,$0,$-637,$0,$0,$0,$0,$-1250,$-4,$0,$-4,$-1886,$-1886,$-1709,$-110,$-3709,$935,$977,$-1709
1,2018-05-31,155.74,$15.83,9.84,$61.81,2.52,$15.96,9.76,$6.24,24.96,$12.34B,$9.55B,1.29,$0.03B,$10.15B,0.0,$40.60B,$12.11B,29.82%,$40.60B,$5.69B,14.00%,$40.60B,$5.69B,14.00%,$40.60B,$6.61B,16.28%,$40.60B,$5.64B,13.90%,$40.60B,$3.96B,9.76%,$3.96B,$10.15B,39.44%,$3.96B,$4.88B,81.08%,$3.96B,$23.25B,17.22%,$5.69B,$10.18B,56.45%,$10839,$7520,$3319,$0,$1699,$9219,$1620,$-7,$1613,$554,$1058,$1058,$1043,$1858,$1620,$639,655,$1.63,$1.60,$3932,$0,$958,$12337,$1229,$209,$5275,$1160,$10914,$23251,$9554,$26,$1302,$3544,$13098,$0,$8297,$-1344,$10153,$23251,$3166,$692,$676,$1368,$-652,$0,$-133,$16,$-660,$3917,$-433,$0,$-442,$0,$0,$0,$0,$-875,$-0,$0,$-0,$-1420,$-1420,$-1709,$-48,$-3177,$-198,$752,$-1709
2,2018-02-28,159.58,$16.37,9.75,$59.46,2.68,$14.76,10.81,$5.69,28.05,$12.29B,$9.37B,1.31,$0.03B,$10.44B,0.0,$39.12B,$11.70B,29.90%,$39.12B,$4.93B,12.60%,$39.12B,$4.93B,12.60%,$39.12B,$5.81B,14.85%,$39.12B,$4.91B,12.54%,$39.12B,$3.59B,9.17%,$3.59B,$10.44B,36.89%,$3.59B,$5.15B,75.79%,$3.59B,$23.13B,15.96%,$4.93B,$10.46B,50.56%,$10068,$7219,$2848,$0,$1566,$8785,$1283,$-38,$1245,$325,$920,$920,$864,$1503,$1283,$618,656,$1.40,$1.37,$3598,$0,$1175,$12285,$1196,$219,$5286,$1232,$10848,$23133,$9368,$26,$1072,$3327,$12695,$0,$8149,$-1066,$10438,$23133,$2108,$453,$564,$1018,$-467,$0,$-179,$-40,$-1258,$1930,$-260,$0,$-345,$0,$0,$0,$0,$-605,$0,$0,$0,$-984,$-984,$-854,$-45,$-1882,$-532,$506,$-854
3,2017-11-30,146.7,$15.57,9.42,$57.37,2.56,$13.82,10.62,$5.65,25.96,$12.30B,$9.86B,1.25,$0.02B,$9.89B,0.0,$37.81B,$11.35B,30.02%,$37.81B,$4.79B,12.66%,$37.81B,$4.79B,12.66%,$37.81B,$5.63B,14.90%,$37.81B,$4.78B,12.64%,$37.81B,$3.56B,9.43%,$3.56B,$9.89B,38.43%,$3.56B,$4.82B,78.42%,$3.56B,$22.97B,16.41%,$4.79B,$9.92B,51.49%,$10054,$7002,$3052,$0,$1566,$8569,$1486,$8,$1494,$306,$1189,$1189,$1124,$1719,$1486,$616,657,$1.82,$1.79,$3682,$0,$1163,$12304,$1159,$227,$5079,$1190,$10670,$22974,$9863,$22,$964,$3218,$13081,$0,$7339,$-1133,$9893,$22974,$1189,$233,$175,$408,$-587,$0,$-220,$-264,$-586,$1006,$-131,$0,$-127,$0,$0,$0,$0,$-259,$0,$0,$0,$-323,$-323,$-854,$-2,$-1179,$-445,$213,$-854
4,2017-08-31,128.36,$15.27,8.41,$55.62,2.31,$13.99,9.17,$5.44,23.59,$12.10B,$9.82B,1.23,$0.02B,$9.71B,0.0,$36.77B,$11.03B,30.00%,$36.77B,$4.63B,12.60%,$36.77B,$4.63B,12.60%,$36.77B,$5.43B,14.78%,$36.77B,$4.62B,12.56%,$36.77B,$3.44B,9.37%,$3.44B,$9.71B,39.10%,$3.44B,$4.71B,79.22%,$3.44B,$22.69B,16.33%,$4.63B,$9.73B,52.45%,$9641,$6754,$2887,$0,$1590,$8344,$1297,$-5,$1292,$309,$983,$983,$932,$1529,$1297,$620,660,$1.51,$1.48,$4130,$0,$1082,$12097,$1141,$212,$5002,$1226,$10593,$22690,$9824,$22,$924,$3155,$12980,$0,$7082,$-1095,$9710,$22690,$3635,$802,$892,$1694,$-73,$0,$174,$-442,$-444,$4973,$-506,$0,$-1728,$0,$0,$0,$0,$-2234,$-2,$0,$-2,$-1973,$-1973,$-1568,$-18,$-3560,$-779,$795,$-1568
5,2017-05-31,122.18,$13.90,8.79,$54.45,2.24,$13.48,9.06,$5.64,21.66,$11.21B,$9.15B,1.22,$0.03B,$8.88B,0.0,$36.09B,$10.80B,29.92%,$36.09B,$4.53B,12.55%,$36.09B,$4.53B,12.55%,$36.09B,$5.29B,14.67%,$36.09B,$4.78B,13.25%,$36.09B,$3.58B,9.92%,$3.58B,$8.88B,42.49%,$3.58B,$4.27B,82.98%,$3.58B,$21.14B,17.41%,$4.53B,$8.90B,53.60%,$9357,$6447,$2910,$0,$1534,$8491,$865,$9,$874,$170,$705,$705,$669,$1060,$865,$619,659,$1.08,$1.05,$3385,$0,$1079,$11206,$1041,$199,$4611,$1167,$9930,$21136,$9154,$25,$846,$3105,$12259,$0,$8845,$-1336,$8877,$21136,$2652,$570,$749,$1319,$-238,$0,$-30,$-400,$-910,$3031,$-316,$0,$-1266,$0,$0,$0,$0,$-1581,$1,$0,$1,$-1391,$-1391,$-1568,$-9,$-2968,$-1523,$612,$-1568
6,2017-02-28,119.01,$13.44,8.86,$53.71,2.22,$12.76,9.33,$6.00,19.83,$10.76B,$8.35B,1.29,$0.03B,$8.62B,0.0,$35.70B,$10.58B,29.63%,$35.70B,$4.97B,13.93%,$35.70B,$4.97B,13.93%,$35.70B,$5.72B,16.02%,$35.70B,$5.20B,14.57%,$35.70B,$3.81B,10.67%,$3.81B,$8.62B,46.82%,$3.81B,$4.39B,88.77%,$3.81B,$20.08B,18.97%,$4.97B,$8.64B,60.92%,$8762,$6258,$2504,$0,$1366,$7624,$1139,$-20,$1119,$231,$887,$887,$839,$1326,$1139,$622,661,$1.35,$1.33,$3241,$0,$959,$10764,$968,$190,$4224,$1111,$9315,$20079,$8353,$25,$808,$3111,$11464,$0,$8953,$-1739,$8615,$20079,$1947,$375,$354,$730,$-304,$0,$-74,$-215,$-1313,$1239,$-182,$0,$-852,$0,$0,$0,$0,$-1034,$0,$0,$0,$-1053,$-1053,$-785,$-7,$-1844,$-1667,$402,$-785
7,2016-11-30,116.03,$12.51,9.27,$53.02,2.19,$12.31,9.43,$6.75,17.19,$11.37B,$9.17B,1.24,$0.03B,$8.03B,0.0,$35.34B,$10.45B,29.56%,$35.34B,$4.92B,13.93%,$35.34B,$4.92B,13.93%,$35.34B,$5.66B,16.01%,$35.34B,$5.71B,16.15%,$35.34B,$4.30B,12.16%,$4.30B,$8.03B,54.91%,$4.30B,$4.03B,103.26%,$4.30B,$20.44B,21.93%,$4.92B,$8.06B,62.68%,$9006,$6276,$2730,$0,$1398,$7674,$1332,$-1,$1331,$271,$1060,$1060,$1004,$1519,$1332,$622,664,$1.62,$1.58,$4080,$0,$820,$11368,$929,$239,$4009,$1041,$9075,$20444,$9170,$25,$965,$3240,$12410,$0,$8114,$-1855,$8034,$20444,$1060,$187,$64,$251,$-343,$0,$-103,$-214,$-86,$1084,$-83,$0,$-606,$0,$0,$0,$0,$-690,$0,$0,$0,$-375,$-375,$-785,$-3,$-1163,$-829,$150,$-785
8,2016-08-31,110.58,$12.74,8.68,$52.06,2.12,$11.62,9.52,$6.45,17.14,$11.98B,$8.88B,1.35,$0.02B,$8.19B,0.0,$34.80B,$10.28B,29.54%,$34.80B,$4.81B,13.82%,$34.80B,$4.81B,13.82%,$34.80B,$5.54B,15.92%,$34.80B,$5.60B,16.10%,$34.80B,$4.11B,11.82%,$4.11B,$8.19B,55.43%,$4.11B,$4.58B,106.09%,$4.11B,$20.61B,21.66%,$4.81B,$8.21B,64.61%,$8966,$6310,$2656,$0,$1460,$7770,$1195,$264,$1459,$328,$1131,$1131,$1069,$1389,$1195,$625,668,$1.71,$1.68,$4908,$0,$845,$11976,$957,$199,$3609,$989,$8633,$20609,$8879,$24,$1156,$3541,$12420,$0,$7880,$-1662,$8189,$20609,$4350,$729,$-25,$704,$-370,$0,$73,$-262,$-333,$4667,$-492,$0,$-118,$0,$0,$0,$0,$-610,$-1,$0,$-1,$-2014,$-2014,$-1438,$-36,$-3489,$545,$758,$-1438
9,2016-05-31,114.39,$11.95,9.57,$50.96,2.24,$10.95,10.45,$5.92,19.32,$11.58B,$8.16B,1.42,$0.03B,$7.71B,0.0,$34.20B,$10.13B,29.61%,$34.20B,$4.71B,13.77%,$34.20B,$4.71B,13.77%,$34.20B,$5.42B,15.84%,$34.20B,$5.23B,15.28%,$34.20B,$3.78B,11.06%,$3.78B,$7.71B,53.76%,$3.78B,$4.17B,103.29%,$3.78B,$19.19B,20.57%,$4.71B,$7.73B,66.71%,$8969,$6279,$2690,$0,$1384,$7663,$1306,$-12,$1294,$343,$950,$950,$897,$1487,$1306,$624,666,$1.44,$1.41,$3501,$0,$743,$11576,$884,$132,$3538,$1055,$7615,$19191,$8161,$27,$1232,$3323,$11484,$0,$15091,$-1393,$7707,$19191,$3219,$536,$-5,$531,$-595,$0,$-61,$-110,$-1102,$2601,$-334,$0,$-214,$0,$0,$0,$0,$-548,$1,$0,$1,$-1439,$-1439,$-1438,$-14,$-2891,$-863,$585,$-1438
10,2016-02-29,95.49,$11.40,8.37,$49.71,1.92,$11.00,8.68,$5.75,16.61,$10.68B,$7.57B,1.41,$0.03B,$7.37B,0.0,$33.50B,$9.96B,29.73%,$33.50B,$4.54B,13.54%,$33.50B,$4.54B,13.54%,$33.50B,$5.22B,15.57%,$33.50B,$5.06B,15.12%,$33.50B,$3.68B,10.98%,$3.68B,$7.37B,54.71%,$3.68B,$3.87B,103.09%,$3.68B,$18.15B,20.53%,$4.54B,$7.40B,67.22%,$8397,$6027,$2370,$0,$1282,$7309,$1088,$535,$1623,$223,$1400,$1400,$1327,$1261,$1088,$627,668,$2.12,$2.08,$3037,$0,$766,$10679,$856,$61,$3501,$1060,$7469,$18148,$7573,$27,$1204,$3201,$10774,$0,$14916,$-1522,$7374,$18148,$2269,$355,$-259,$96,$-329,$0,$-75,$-74,$-1304,$1007,$-241,$0,$-129,$0,$0,$0,$0,$-371,$0,$0,$0,$-1184,$-1184,$-721,$-12,$-1916,$-1326,$358,$-721
11,2015-11-30,102.12,$9.88,10.34,$48.82,2.09,$11.39,8.97,$4.75,21.5,$10.62B,$8.47B,1.25,$0.03B,$6.41B,0.0,$33.04B,$9.83B,29.76%,$33.04B,$4.47B,13.53%,$33.04B,$4.47B,13.53%,$33.04B,$5.13B,15.53%,$33.04B,$4.45B,13.46%,$33.04B,$3.04B,9.21%,$3.04B,$6.41B,46.68%,$3.04B,$2.88B,83.85%,$3.04B,$17.99B,17.26%,$4.47B,$6.43B,68.31%,$8466,$5903,$2563,$0,$1341,$7245,$1221,$7,$1228,$360,$869,$869,$819,$1403,$1221,$626,671,$1.31,$1.28,$3076,$0,$745,$10623,$804,$44,$3522,$1039,$7371,$17994,$8472,$26,$1343,$3116,$11588,$0,$13582,$-1489,$6405,$17994,$869,$182,$109,$291,$-380,$0,$-65,$-289,$-438,$643,$-94,$0,$-613,$0,$0,$0,$0,$-706,$0,$0,$0,$-476,$-476,$-721,$-0,$-1196,$-1288,$129,$-721
12,2015-08-31,88.83,$10.23,8.69,$48.44,1.83,$11.78,7.54,$4.76,18.66,$10.70B,$8.49B,1.26,$0.03B,$6.65B,0.0,$32.92B,$9.81B,29.80%,$32.92B,$4.44B,13.48%,$32.92B,$4.44B,13.48%,$32.92B,$5.08B,15.44%,$32.92B,$4.41B,13.40%,$32.92B,$3.06B,9.28%,$3.06B,$6.65B,47.59%,$3.06B,$3.72B,80.16%,$3.06B,$18.20B,17.42%,$4.44B,$6.67B,68.83%,$8365,$5860,$2504,$0,$1411,$7271,$1094,$-12,$1081,$293,$788,$788,$738,$1267,$1094,$627,679,$1.18,$1.15,$4363,$0,$611,$10700,$802,$45,$2930,$965,$7503,$18203,$8491,$26,$1314,$3064,$11555,$0,$13470,$-1412,$6648,$18203,$3274,$646,$286,$932,$-427,$0,$114,$-253,$209,$4176,$-389,$0,$-781,$0,$0,$0,$0,$-1170,$1,$0,$1,$-1899,$-1899,$-1353,$-35,$-3286,$-561,$680,$-1353
13,2015-05-31,90.5,$9.94,9.11,$48.05,1.88,$10.78,8.4,$4.69,19.3,$11.07B,$7.89B,1.4,$0.03B,$6.47B,0.0,$32.82B,$9.77B,29.78%,$32.82B,$4.42B,13.47%,$32.82B,$4.42B,13.47%,$32.82B,$5.06B,15.41%,$32.82B,$4.42B,13.46%,$32.82B,$3.02B,9.20%,$3.02B,$6.47B,47.68%,$3.02B,$3.80B,78.31%,$3.02B,$17.31B,17.28%,$4.42B,$6.49B,69.57%,$8275,$5750,$2525,$0,$1327,$7142,$1134,$-1,$1132,$282,$850,$850,$794,$1287,$1134,$626,678,$1.27,$1.24,$4029,$0,$627,$11070,$752,$44,$2669,$897,$6239,$17309,$7888,$27,$1176,$2954,$10843,$0,$12741,$-1252,$6466,$17309,$2486,$472,$407,$879,$-313,$0,$15,$-231,$-533,$2588,$-244,$0,$-432,$0,$0,$0,$0,$-676,$0,$0,$0,$-1293,$-1293,$-1353,$52,$-2594,$-895,$532,$-1353
14,2015-02-28,83.94,$10.03,8.37,$47.77,1.76,$9.66,8.69,$4.71,17.82,$11.01B,$7.49B,1.47,$0.03B,$6.55B,0.0,$32.78B,$9.79B,29.85%,$32.78B,$4.47B,13.63%,$32.78B,$4.47B,13.63%,$32.78B,$5.11B,15.59%,$32.78B,$4.46B,13.61%,$32.78B,$3.04B,9.28%,$3.04B,$6.55B,48.66%,$3.04B,$4.11B,78.95%,$3.04B,$16.99B,17.49%,$4.47B,$6.58B,71.18%,$7932,$5691,$2241,$0,$1220,$6911,$1021,$-16,$1005,$262,$743,$743,$691,$1173,$1021,$628,679,$1.10,$1.08,$4064,$0,$768,$11008,$726,$50,$2438,$960,$5984,$16992,$7494,$27,$1178,$2948,$10442,$0,$12615,$-1133,$6550,$16992,$1635,$319,$332,$651,$-211,$0,$-39,$-237,$-930,$1174,$-131,$0,$-119,$0,$0,$0,$0,$-251,$0,$0,$0,$-962,$-962,$-679,$49,$-1591,$-860,$336,$-679
15,2014-11-30,80.49,$9.20,8.75,$47.00,1.71,$8.62,9.34,$4.66,17.27,$11.58B,$8.14B,1.42,$0.03B,$6.02B,0.0,$32.42B,$9.77B,30.15%,$32.42B,$4.40B,13.56%,$32.42B,$4.40B,13.56%,$32.42B,$5.04B,15.54%,$32.42B,$4.41B,13.59%,$32.42B,$3.02B,9.32%,$3.02B,$6.02B,49.87%,$3.02B,$3.62B,81.81%,$3.02B,$17.63B,17.53%,$4.40B,$6.04B,72.26%,$8343,$5804,$2539,$0,$1352,$7156,$1188,$4,$1192,$300,$892,$892,$832,$1354,$1188,$628,682,$1.32,$1.29,$4475,$0,$706,$11576,$740,$60,$2399,$948,$6054,$17630,$8137,$27,$1626,$3476,$11614,$0,$11928,$-1041,$6016,$17630,$892,$167,$10,$176,$-226,$0,$-95,$-297,$-84,$873,$-51,$0,$-39,$0,$0,$0,$0,$-89,$0,$0,$0,$-474,$-474,$-679,$26,$-1127,$-449,$129,$-679
16,2014-08-31,74.57,$9.57,7.79,$45.94,1.62,$7.59,9.83,$4.52,16.5,$11.90B,$8.16B,1.46,$0.03B,$6.29B,0.0,$31.87B,$9.68B,30.38%,$31.87B,$4.30B,13.49%,$31.87B,$4.30B,13.49%,$31.87B,$4.92B,15.44%,$31.87B,$4.30B,13.48%,$31.87B,$2.94B,9.23%,$2.94B,$6.29B,49.78%,$2.94B,$3.89B,80.36%,$2.94B,$17.93B,17.35%,$4.30B,$6.31B,72.45%,$8267,$5799,$2469,$0,$1389,$7188,$1079,$9,$1088,$328,$760,$760,$701,$1243,$1079,$634,692,$1.11,$1.08,$4924,$0,$585,$11904,$793,$67,$2396,$960,$6026,$17930,$8158,$26,$1609,$3487,$11645,$0,$11758,$-872,$6285,$17930,$3176,$621,$579,$1200,$-705,$0,$73,$-333,$-995,$3486,$-316,$0,$-740,$0,$0,$0,$0,$-1056,$1,$0,$1,$-2001,$-2001,$-1255,$90,$-3165,$-711,$671,$-1255
17,2014-05-31,74.93,$9.31,8.05,$44.55,1.68,$7.15,10.48,$4.45,16.84,$11.14B,$7.62B,1.46,$0.03B,$6.15B,0.0,$31.13B,$9.57B,30.72%,$31.13B,$4.21B,13.51%,$31.13B,$4.21B,13.51%,$31.13B,$4.81B,15.46%,$31.13B,$4.18B,13.41%,$31.13B,$2.91B,9.35%,$2.91B,$6.15B,51.12%,$2.91B,$3.79B,81.09%,$2.91B,$17.00B,17.45%,$4.21B,$6.17B,73.51%,$8240,$5704,$2536,$0,$1358,$7061,$1179,$-3,$1176,$294,$882,$882,$817,$1341,$1179,$633,691,$1.29,$1.26,$4052,$0,$694,$11135,$787,$70,$2355,$915,$5868,$17002,$7616,$27,$1616,$3241,$10857,$0,$11065,$-706,$6145,$17002,$2416,$457,$298,$755,$-498,$0,$-50,$-532,$-1467,$1837,$-216,$0,$-675,$0,$0,$0,$0,$-892,$1,$0,$1,$-1414,$-1414,$-1255,$88,$-2581,$-1583,$520,$-1255
18,2014-02-28,75.78,$8.74,8.67,$43.39,1.75,$7.28,10.41,$4.40,17.22,$10.63B,$7.29B,1.46,$0.03B,$5.79B,0.01,$30.60B,$9.47B,30.94%,$30.60B,$4.17B,13.62%,$30.60B,$4.17B,13.62%,$30.60B,$4.76B,15.55%,$30.60B,$4.15B,13.55%,$30.60B,$2.90B,9.49%,$2.90B,$5.79B,51.76%,$2.90B,$3.48B,77.93%,$2.90B,$16.36B,17.53%,$4.17B,$5.81B,74.04%,$7567,$5337,$2230,$0,$1279,$6616,$951,$-1,$950,$228,$722,$722,$671,$1100,$951,$636,694,$1.06,$1.03,$3683,$0,$796,$10634,$784,$43,$2312,$902,$5723,$16357,$7288,$26,$1674,$3282,$10571,$0,$10871,$-867,$5787,$16357,$1534,$294,$161,$455,$-276,$0,$-74,$-502,$-1618,$474,$-134,$0,$-610,$0,$0,$0,$0,$-743,$1,$0,$1,$-1168,$-1168,$-630,$83,$-1715,$-1952,$334,$-630
19,2013-11-30,70.43,$8.16,8.63,$42.96,1.64,$7.28,9.67,$5.02,14.03,$11.29B,$7.83B,1.44,$0.03B,$5.42B,0.01,$30.53B,$9.47B,31.01%,$30.53B,$4.38B,14.35%,$30.53B,$4.38B,14.35%,$30.53B,$4.98B,16.31%,$30.53B,$4.38B,14.34%,$30.53B,$3.34B,10.93%,$3.34B,$5.42B,59.04%,$3.34B,$3.49B,83.73%,$3.34B,$16.52B,20.13%,$4.38B,$5.44B,77.40%,$7800,$5350,$2449,$0,$1376,$6709,$1091,$-8,$1084,$272,$812,$812,$752,$1236,$1091,$637,699,$1.18,$1.15,$4530,$0,$724,$11291,$779,$44,$1931,$817,$5224,$16516,$7829,$26,$1643,$3271,$11100,$0,$10201,$-886,$5416,$16516,$812,$145,$45,$190,$-273,$0,$-3,$-504,$-901,$181,$-58,$0,$-137,$0,$0,$0,$0,$-196,$0,$0,$0,$-541,$-541,$-630,$33,$-1139,$-1105,$127,$-630
20,2013-08-31,64.83,$8.15,7.96,$42.49,1.53,$6.83,9.49,$4.93,13.15,$11.84B,$8.16B,1.45,$0.03B,$5.43B,0.01,$30.39B,$9.38B,30.87%,$30.39B,$4.34B,14.28%,$30.39B,$4.34B,14.28%,$30.39B,$4.93B,16.23%,$30.39B,$4.34B,14.28%,$30.39B,$3.28B,10.80%,$3.28B,$5.43B,59.21%,$3.28B,$3.61B,81.77%,$3.28B,$16.87B,19.84%,$4.34B,$5.45B,78.21%,$7525,$5175,$2350,$0,$1366,$6541,$984,$-19,$965,$238,$727,$727,$671,$1137,$984,$646,713,$1.04,$1.01,$5634,$0,$568,$11844,$780,$44,$1819,$789,$5023,$16867,$8161,$26,$1688,$3278,$11439,$0,$875,$-1053,$5428,$16867,$3555,$593,$134,$727,$-310,$0,$-5,$-401,$-889,$3303,$-352,$0,$-804,$0,$0,$0,$0,$-1156,$0,$0,$0,$-2029,$-2029,$-1122,$85,$-3066,$-1009,$616,$-1122
21,2013-05-31,73.68,$8.58,8.58,$41.96,1.76,$8.05,9.16,$4.80,15.35,$12.08B,$7.63B,1.58,$0.00B,$5.81B,0.0,$30.16B,$9.28B,30.78%,$30.16B,$4.30B,14.25%,$30.16B,$4.30B,14.25%,$30.16B,$4.91B,16.29%,$30.16B,$4.32B,14.33%,$30.16B,$3.19B,10.57%,$3.19B,$5.81B,59.70%,$3.19B,$4.34B,80.46%,$3.19B,$16.52B,19.34%,$4.30B,$5.81B,80.42%,$7708,$5270,$2438,$0,$1345,$6566,$1142,$5,$1147,$273,$874,$874,$810,$1284,$1142,$651,716,$1.25,$1.21,$5941,$0,$564,$12079,$799,$56,$1473,$606,$4445,$16524,$7631,$0,$1513,$3083,$10714,$0,$9404,$-852,$5810,$16524,$2827,$439,$71,$511,$-354,$0,$25,$-492,$-1245,$2028,$-254,$0,$-369,$0,$0,$0,$0,$-624,$-0,$0,$0,$-989,$-989,$-1122,$69,$-2042,$-702,$473,$-1122
22,2013-02-28,66.03,$8.71,7.58,$41.66,1.58,$8.71,7.58,$4.62,14.29,$12.02B,$7.37B,1.63,$0.00B,$5.94B,0.0,$30.09B,$9.22B,30.63%,$30.09B,$4.22B,14.01%,$30.09B,$4.22B,14.01%,$30.09B,$4.83B,16.04%,$30.09B,$4.24B,14.09%,$30.09B,$3.07B,10.20%,$3.07B,$5.94B,60.92%,$3.07B,$4.50B,82.37%,$3.07B,$16.36B,18.89%,$4.22B,$5.94B,83.69%,$7493,$5263,$2230,$0,$1290,$6329,$1165,$17,$1181,$-6,$1187,$1187,$1102,$1322,$1165,$650,715,$1.70,$1.65,$5636,$0,$673,$12017,$811,$46,$1439,$654,$4342,$16359,$7365,$0,$1458,$3053,$10419,$0,$9158,$-689,$5940,$16359,$1953,$297,$23,$320,$-406,$0,$-30,$-487,$-1749,$525,$-174,$0,$-298,$0,$0,$0,$0,$-472,$-0,$0,$-0,$-553,$-553,$-560,$70,$-1043,$-1004,$299,$-560
23,2012-11-30,60.31,$7.33,8.23,$41.14,1.47,$9.82,6.14,$3.94,15.31,$12.01B,$7.98B,1.51,$0.00B,$4.99B,0.0,$29.86B,$9.10B,30.49%,$29.86B,$3.94B,13.19%,$29.86B,$3.94B,13.19%,$29.86B,$4.54B,15.21%,$29.86B,$3.96B,13.25%,$29.86B,$2.61B,8.74%,$2.61B,$4.99B,54.38%,$2.61B,$3.61B,73.73%,$2.61B,$16.41B,16.21%,$3.94B,$4.99B,82.06%,$7668,$5302,$2366,$0,$1317,$6619,$1049,$-2,$1046,$280,$766,$766,$699,$1189,$1049,$640,717,$1.09,$1.06,$5681,$0,$670,$12014,$799,$28,$1387,$753,$4394,$16408,$7977,$0,$1911,$3437,$11414,$0,$8060,$-610,$4994,$16408,$766,$140,$46,$186,$-418,$0,$-10,$-641,$-1087,$-109,$-86,$0,$-210,$0,$0,$0,$0,$-296,$-0,$0,$-0,$-56,$-56,$-560,$39,$-578,$-962,$114,$-560
24,2012-08-31,54.07,$6.83,7.91,$40.83,1.32,$10.64,5.08,$3.84,14.08,$12.59B,$8.11B,1.55,$0.00B,$4.62B,0.0,$29.78B,$8.99B,30.18%,$29.78B,$3.87B,13.00%,$29.78B,$3.87B,13.00%,$29.78B,$4.47B,14.99%,$29.78B,$3.90B,13.11%,$29.78B,$2.55B,8.57%,$2.55B,$4.62B,55.43%,$2.55B,$3.41B,75.39%,$2.55B,$16.67B,16.13%,$3.87B,$4.62B,84.03%,$7288,$5039,$2249,$0,$1308,$6348,$940,$6,$946,$310,$636,$636,$578,$1119,$940,$643,727,$0.90,$0.88,$6643,$0,$779,$12588,$779,$28,$1215,$696,$4077,$16665,$8109,$0,$1920,$3932,$12041,$0,$7904,$-678,$4624,$16665,$2825,$594,$597,$1190,$-128,$0,$-68,$43,$336,$4257,$-366,$0,$-174,$0,$5,$5,$0,$-535,$-6,$0,$-6,$-1644,$-1644,$-951,$43,$-2559,$939,$538,$-951
25,2012-05-31,50.12,$6.70,7.48,$40.46,1.24,$9.38,5.34,$3.87,12.95,$11.46B,$7.59B,1.51,$0.00B,$4.59B,0.0,$29.66B,$8.95B,30.18%,$29.66B,$3.85B,12.99%,$29.66B,$3.85B,12.99%,$29.66B,$4.41B,14.87%,$29.66B,$3.89B,13.12%,$29.66B,$2.59B,8.72%,$2.59B,$4.59B,57.01%,$2.59B,$3.38B,77.48%,$2.59B,$15.54B,16.59%,$3.85B,$4.59B,84.92%,$7641,$5270,$2371,$0,$1310,$6580,$1061,$6,$1066,$304,$763,$763,$689,$1196,$1061,$646,730,$1.07,$1.03,$5631,$0,$507,$11458,$752,$29,$1206,$695,$4078,$15536,$7593,$0,$1790,$3355,$10948,$0,$7330,$-597,$4588,$15536,$2189,$415,$281,$695,$-465,$0,$-132,$275,$-176,$2549,$-254,$0,$-174,$0,$5,$5,$0,$-423,$-6,$5,$-1,$-1005,$-1005,$-951,$41,$-1916,$-72,$412,$-951
26,2012-02-29,51.71,$7.22,7.16,$39.64,1.3,$8.65,5.98,$3.77,13.72,$11.56B,$7.54B,1.53,$0.00B,$4.99B,0.0,$29.23B,$8.89B,30.43%,$29.23B,$3.74B,12.80%,$29.23B,$3.74B,12.80%,$29.23B,$4.29B,14.69%,$29.23B,$3.79B,12.95%,$29.23B,$2.53B,8.64%,$2.53B,$4.99B,56.96%,$2.53B,$3.76B,76.74%,$2.53B,$15.81B,16.37%,$3.74B,$4.99B,84.36%,$7260,$5143,$2116,$0,$1227,$6371,$889,$9,$899,$184,$714,$714,$644,$1036,$889,$646,730,$1.00,$0.97,$5572,$0,$624,$11555,$776,$39,$1232,$845,$4253,$15808,$7538,$1,$1682,$3277,$10815,$0,$7113,$-282,$4993,$15808,$1426,$280,$201,$480,$-264,$0,$-97,$128,$-586,$1333,$-164,$0,$-163,$0,$0,$0,$0,$-327,$-1,$0,$-1,$-521,$-521,$-475,$31,$-966,$-132,$262,$-475
27,2011-11-30,50.31,$6.09,8.26,$38.43,1.31,$7.79,6.46,$3.55,14.17,$10.99B,$7.58B,1.45,$0.00B,$4.22B,0.0,$28.46B,$8.69B,30.54%,$28.46B,$3.63B,12.74%,$28.46B,$3.63B,12.74%,$28.46B,$4.15B,14.58%,$28.46B,$3.66B,12.86%,$28.46B,$2.39B,8.38%,$2.39B,$4.22B,56.81%,$2.39B,$2.99B,76.40%,$2.39B,$15.29B,15.95%,$3.63B,$4.22B,86.31%,$7589,$5338,$2252,$0,$1270,$6608,$981,$12,$993,$281,$712,$712,$642,$1114,$981,$644,731,$1.00,$0.96,$5097,$0,$512,$10993,$746,$38,$1225,$885,$4298,$15291,$7575,$2,$1904,$3497,$11072,$0,$6468,$-452,$4219,$15291,$712,$133,$72,$205,$-465,$0,$-74,$151,$-424,$475,$-80,$0,$-160,$0,$0,$0,$0,$-240,$-0,$0,$-0,$-145,$-145,$-475,$32,$-588,$-609,$101,$-475
28,2011-08-31,46.0,$6.30,7.3,$36.76,1.25,$7.29,6.31,$3.40,13.53,$11.47B,$7.91B,1.45,$0.00B,$4.35B,0.0,$27.35B,$8.39B,30.66%,$27.35B,$3.47B,12.69%,$27.35B,$3.47B,12.69%,$27.35B,$3.98B,14.57%,$27.35B,$3.51B,12.84%,$27.35B,$2.28B,8.33%,$2.28B,$4.35B,57.36%,$2.28B,$3.22B,76.51%,$2.28B,$15.73B,15.87%,$3.47B,$4.35B,87.38%,$7174,$4959,$2215,$0,$1292,$6252,$923,$13,$935,$253,$683,$683,$612,$1064,$923,$646,743,$0.95,$0.90,$5706,$0,$587,$11471,$785,$40,$1132,$938,$4260,$15732,$7907,$0,$1853,$3474,$11381,$0,$6282,$-134,$4351,$15732,$2553,$513,$255,$769,$-620,$0,$63,$-33,$39,$3442,$-397,$0,$-306,$0,$-0,$-0,$0,$-703,$-2,$-0,$-2,$-1615,$-1615,$-644,$138,$-2122,$863,$450,$-644
29,2011-05-31,49.26,$5.99,8.22,$34.71,1.42,$6.92,7.12,$3.15,15.64,$11.15B,$7.37B,1.51,$0.00B,$4.18B,0.0,$26.01B,$8.02B,30.82%,$26.01B,$3.26B,12.54%,$26.01B,$3.26B,12.54%,$26.01B,$3.76B,14.45%,$26.01B,$3.29B,12.66%,$26.01B,$2.11B,8.12%,$2.11B,$4.18B,57.02%,$2.11B,$3.19B,75.91%,$2.11B,$14.90B,15.49%,$3.26B,$4.18B,88.07%,$7204,$4895,$2310,$0,$1360,$6255,$949,$8,$958,$259,$699,$699,$628,$1080,$949,$651,746,$0.96,$0.93,$5261,$0,$615,$11147,$741,$42,$983,$753,$3757,$14904,$7373,$0,$1716,$3355,$10728,$0,$5675,$-153,$4176,$14904,$1870,$372,$221,$593,$-678,$0,$-18,$-29,$-466,$2060,$-263,$0,$-119,$0,$-0,$-0,$0,$-382,$-1,$0,$-1,$-973,$-973,$-644,$111,$-1507,$418,$344,$-644
30,2011-02-28,43.84,$5.76,7.61,$32.84,1.33,$6.74,6.51,$2.95,14.86,$10.28B,$6.62B,1.55,$0.00B,$4.05B,0.0,$24.78B,$7.64B,30.82%,$24.78B,$3.12B,12.58%,$24.78B,$3.12B,12.58%,$24.78B,$3.60B,14.52%,$24.78B,$3.14B,12.67%,$24.78B,$1.97B,7.97%,$1.97B,$4.05B,56.02%,$1.97B,$3.08B,74.59%,$1.97B,$13.89B,15.33%,$3.12B,$4.05B,88.42%,$6496,$4579,$1917,$0,$1145,$5725,$772,$3,$774,$208,$566,$566,$503,$893,$772,$646,744,$0.78,$0.75,$4683,$0,$583,$10279,$695,$38,$967,$756,$3614,$13894,$6617,$4,$1622,$3229,$9846,$0,$5368,$-239,$4048,$13894,$1171,$241,$176,$417,$-572,$0,$-20,$-75,$-931,$708,$-152,$0,$-118,$0,$-0,$-0,$0,$-270,$-1,$0,$-1,$-515,$-515,$-321,$87,$-750,$-161,$218,$-321
31,2010-11-30,36.89,$4.75,7.76,$31.31,1.18,$7.04,5.24,$2.80,13.18,$9.47B,$6.45B,1.47,$0.00B,$3.31B,0.0,$23.82B,$7.41B,31.11%,$23.82B,$3.00B,12.58%,$23.82B,$3.00B,12.58%,$23.82B,$3.48B,14.59%,$23.82B,$3.00B,12.61%,$23.82B,$1.87B,7.85%,$1.87B,$3.31B,55.49%,$1.87B,$2.42B,73.86%,$1.87B,$12.87B,15.12%,$3.00B,$3.31B,88.84%,$6478,$4534,$1944,$0,$1117,$5651,$827,$18,$845,$239,$606,$606,$535,$947,$827,$637,743,$0.84,$0.81,$4164,$0,$544,$9470,$674,$40,$895,$660,$3399,$12869,$6447,$0,$1559,$3111,$9558,$0,$4860,$-329,$3311,$12869,$606,$120,$62,$182,$-486,$0,$-50,$-112,$-700,$106,$-75,$0,$-60,$0,$-0,$-0,$0,$-135,$-1,$0,$-1,$-449,$-449,$-321,$68,$-704,$-678,$85,$-321
32,2010-08-31,30.86,$4.75,6.5,$30.02,1.03,$7.23,4.27,$2.66,11.6,$9.56B,$6.57B,1.46,$0.00B,$3.28B,0.0,$23.09B,$7.25B,31.40%,$23.09B,$2.92B,12.62%,$23.09B,$2.92B,12.62%,$23.09B,$3.39B,14.67%,$23.09B,$2.91B,12.62%,$23.09B,$1.78B,7.71%,$1.78B,$3.28B,52.81%,$1.78B,$2.43B,69.90%,$1.78B,$12.84B,14.59%,$2.92B,$3.28B,86.41%,$5833,$3988,$1845,$0,$1131,$5119,$714,$3,$717,$206,$510,$510,$445,$839,$714,$637,767,$0.70,$0.66,$4841,$0,$490,$9564,$660,$41,$841,$625,$3272,$12835,$6568,$1,$1474,$2993,$9561,$0,$4634,$-386,$3275,$12835,$2060,$475,$494,$969,$-377,$0,$125,$-270,$27,$3092,$-234,$0,$-41,$0,$2,$2,$0,$-274,$1,$0,$1,$-1634,$-1634,$-824,$28,$-2429,$297,$426,$-824
33,2010-05-31,31.64,$4.91,6.45,$29.41,1.08,$7.22,4.38,$2.39,13.24,$8.84B,$5.83B,1.52,$0.00B,$3.46B,0.0,$22.77B,$7.07B,31.04%,$22.77B,$2.62B,11.51%,$22.77B,$2.62B,11.51%,$22.77B,$3.10B,13.60%,$22.77B,$2.62B,11.50%,$22.77B,$1.59B,6.99%,$1.59B,$3.46B,46.79%,$1.59B,$2.66B,61.67%,$1.59B,$11.92B,13.19%,$2.62B,$3.46B,77.06%,$5975,$4044,$1932,$0,$1125,$5172,$804,$-1,$803,$240,$564,$564,$491,$920,$804,$641,767,$0.76,$0.73,$4320,$0,$497,$8843,$626,$40,$805,$337,$3074,$11918,$5829,$0,$1406,$2627,$8456,$0,$4181,$-279,$3461,$11918,$1550,$350,$312,$662,$-403,$0,$-13,$-161,$-362,$1840,$-134,$0,$-29,$0,$-2,$-2,$0,$-164,$-1,$0,$-0,$-941,$-941,$-824,$43,$-1723,$-230,$327,$-824
34,2010-02-28,33.41,$4.85,6.89,$28.68,1.17,$7.48,4.47,$2.34,14.28,$8.77B,$5.81B,1.51,$0.00B,$3.44B,0.0,$22.33B,$6.81B,30.48%,$22.33B,$2.55B,11.42%,$22.33B,$2.55B,11.42%,$22.33B,$3.03B,13.55%,$22.33B,$2.56B,11.48%,$22.33B,$1.54B,6.92%,$1.54B,$3.44B,47.18%,$1.54B,$2.63B,62.96%,$1.54B,$11.89B,12.82%,$2.55B,$3.44B,77.87%,$5538,$3847,$1690,$0,$1037,$4887,$651,$-12,$639,$178,$462,$462,$400,$769,$651,$639,769,$0.63,$0.60,$4122,$0,$563,$8774,$647,$30,$814,$323,$3116,$11890,$5809,$0,$1381,$2640,$8449,$0,$4032,$-199,$3441,$11890,$987,$233,$221,$454,$-287,$0,$-30,$-48,$-586,$879,$-77,$0,$-0,$0,$-0,$-0,$0,$-77,$-1,$0,$-1,$-643,$-643,$-551,$21,$-1175,$-427,$219,$-551
35,2009-11-30,34.31,$4.64,7.39,$28.67,1.2,$7.68,4.47,$2.37,14.48,$8.93B,$6.18B,1.45,$0.00B,$3.31B,0.0,$22.45B,$6.74B,30.01%,$22.45B,$2.58B,11.47%,$22.45B,$2.58B,11.47%,$22.45B,$3.07B,13.67%,$22.45B,$2.62B,11.69%,$22.45B,$1.56B,6.93%,$1.56B,$3.31B,51.68%,$1.56B,$2.48B,70.71%,$1.56B,$12.19B,13.28%,$2.58B,$3.32B,85.56%,$5748,$3964,$1784,$0,$1034,$5001,$746,$9,$755,$230,$525,$525,$445,$861,$746,$632,774,$0.70,$0.67,$4005,$0,$637,$8929,$685,$31,$839,$336,$3256,$12185,$6177,$1,$1372,$2694,$8871,$0,$3745,$-112,$3314,$12185,$525,$115,$93,$208,$-239,$0,$-66,$-233,$-570,$219,$-34,$0,$2,$0,$3,$3,$0,$-29,$2,$0,$2,$-300,$-300,$-551,$18,$-832,$-542,$99,$-551
36,2009-08-31,27.07,$4.75,5.7,$29.36,0.92,$7.94,3.41,$2.44,11.09,$8.99B,$6.24B,1.44,$0.00B,$3.39B,0.0,$23.17B,$6.84B,29.52%,$23.17B,$2.64B,11.41%,$23.17B,$2.64B,11.41%,$23.17B,$3.14B,13.56%,$23.17B,$2.68B,11.56%,$23.17B,$1.59B,6.86%,$1.59B,$3.39B,58.93%,$1.59B,$2.56B,83.62%,$1.59B,$12.26B,13.96%,$2.64B,$3.39B,97.96%,$5505,$3845,$1660,$0,$985,$5086,$420,$3,$422,$117,$306,$306,$255,$547,$420,$623,787,$0.41,$0.39,$4550,$0,$600,$8991,$701,$29,$825,$338,$3265,$12256,$6239,$0,$1344,$2631,$8870,$0,$3947,$-227,$3386,$12256,$1938,$499,$639,$1138,$982,$0,$-306,$-412,$1,$3160,$-239,$0,$-27,$0,$21,$21,$0,$-245,$-2,$-5,$-7,$-1451,$-1451,$-378,$-14,$-1850,$939,$453,$-378
37,2009-05-31,24.55,$4.14,5.94,$30.32,0.81,$7.25,3.39,$2.72,9.03,$8.63B,$5.91B,1.46,$0.00B,$2.95B,0.0,$24.23B,$7.09B,29.25%,$24.23B,$3.01B,12.42%,$24.23B,$3.01B,12.42%,$24.23B,$3.52B,14.52%,$24.23B,$3.06B,12.64%,$24.23B,$1.77B,7.31%,$1.77B,$2.95B,71.17%,$1.77B,$2.15B,104.95%,$1.77B,$11.83B,15.49%,$3.01B,$2.95B,120.95%,$5537,$3867,$1671,$0,$935,$4805,$732,$16,$748,$211,$537,$537,$444,$848,$732,$624,784,$0.71,$0.68,$4012,$0,$485,$8625,$717,$9,$804,$375,$3203,$11828,$5908,$1,$1218,$2970,$8878,$0,$3958,$-170,$2949,$11828,$1632,$371,$337,$708,$633,$0,$-334,$-286,$-306,$2113,$-165,$0,$-3,$0,$18,$18,$0,$-150,$-1,$-5,$-6,$-989,$-989,$-378,$-14,$-1387,$400,$343,$-378
38,2009-02-28,23.94,$3.09,7.76,$31.33,0.76,$6.66,3.6,$2.78,8.61,$7.53B,$5.46B,1.38,$0.00B,$2.39B,0.0,$25.28B,$7.34B,29.02%,$25.28B,$3.14B,12.42%,$25.28B,$3.14B,12.42%,$25.28B,$3.65B,14.43%,$25.28B,$3.19B,12.63%,$25.28B,$1.80B,7.10%,$1.80B,$2.39B,75.87%,$1.80B,$1.61B,114.92%,$1.80B,$10.56B,15.68%,$3.14B,$2.39B,132.62%,$5658,$4035,$1622,$0,$958,$4980,$677,$21,$699,$197,$502,$502,$411,$813,$677,$620,787,$0.66,$0.63,$2991,$0,$476,$7527,$709,$12,$772,$356,$3030,$10557,$5461,$1,$1166,$2711,$8171,$0,$3593,$-377,$2386,$10557,$1096,$255,$176,$431,$411,$0,$-269,$-184,$-473,$1099,$-123,$0,$-1,$0,$10,$10,$0,$-113,$-1,$-5,$-6,$-834,$-834,$-378,$-9,$-1228,$-625,$222,$-378
39,2008-11-30,25.41,$2.66,9.54,$31.45,0.81,$6.06,4.19,$2.79,9.11,$7.83B,$6.02B,1.3,$0.00B,$2.07B,0.0,$25.68B,$7.37B,28.69%,$25.68B,$3.10B,12.07%,$25.68B,$3.10B,12.07%,$25.68B,$3.59B,13.96%,$25.68B,$3.14B,12.24%,$25.68B,$1.79B,6.97%,$1.79B,$2.07B,78.15%,$1.79B,$1.29B,120.55%,$1.79B,$10.93B,15.52%,$3.10B,$2.07B,135.15%,$6471,$4583,$1888,$0,$1070,$5656,$815,$-6,$809,$215,$593,$593,$480,$934,$815,$622,798,$0.77,$0.74,$2796,$0,$463,$7831,$735,$12,$787,$368,$3101,$10932,$6024,$1,$1278,$2836,$8860,$0,$3180,$-323,$2072,$10932,$480,$120,$182,$302,$-111,$0,$-99,$-36,$-315,$468,$-71,$0,$1,$0,$10,$10,$0,$-60,$-1,$-5,$-5,$-558,$-558,$-378,$14,$-928,$-820,$87,$-378
40,2008-08-31,33.41,$3.47,9.61,$30.60,1.09,$5.42,6.16,$2.65,12.61,$9.16B,$6.85B,1.34,$0.00B,$2.54B,0.0,$25.31B,$7.19B,28.39%,$25.31B,$3.01B,11.89%,$25.31B,$3.01B,11.89%,$25.31B,$3.50B,13.84%,$25.31B,$3.11B,12.28%,$25.31B,$1.69B,6.68%,$1.69B,$2.54B,74.72%,$1.69B,$1.70B,114.11%,$1.69B,$12.40B,14.72%,$3.01B,$2.54B,132.83%,$6561,$4656,$1905,$0,$1115,$5776,$785,$22,$807,$257,$550,$940,$435,$922,$785,$611,824,$0.71,$0.66,$3623,$0,$595,$9159,$800,$19,$840,$383,$3239,$12399,$6848,$2,$1284,$3010,$9858,$0,$3121,$6,$2541,$12399,$2197,$491,$310,$802,$-762,$0,$34,$-33,$-172,$2803,$-310,$0,$-296,$0,$282,$282,$0,$-324,$-22,$4,$-18,$-1820,$-1820,$-334,$10,$-2162,$288,$377,$-334
41,2008-05-31,32.97,$3.14,10.51,$29.10,1.13,$5.04,6.54,$2.48,13.29,$8.61B,$6.55B,1.32,$0.00B,$2.46B,0.0,$24.33B,$6.88B,28.26%,$24.33B,$2.87B,11.79%,$24.33B,$2.87B,11.79%,$24.33B,$3.34B,13.73%,$24.33B,$2.99B,12.27%,$24.33B,$1.57B,6.47%,$1.57B,$2.46B,73.38%,$1.57B,$1.65B,111.43%,$1.57B,$11.92B,14.21%,$2.87B,$2.47B,133.54%,$6593,$4671,$1923,$0,$1056,$5731,$862,$16,$878,$270,$608,$469,$469,$980,$862,$607,817,$0.77,$0.74,$3355,$0,$415,$8614,$819,$25,$817,$1006,$3304,$11917,$6546,$2,$1612,$2907,$9453,$0,$2983,$146,$2464,$11917,$1257,$354,$669,$1023,$-466,$0,$20,$-174,$-476,$1773,$-223,$0,$-243,$0,$268,$268,$0,$-198,$-21,$1,$-20,$-1289,$-1289,$-334,$6,$-1637,$12,$282,$-334
42,2008-02-29,28.47,$2.81,10.12,$27.48,1.04,$5.05,5.64,$2.28,12.49,$7.60B,$6.03B,1.26,$0.00B,$2.09B,0.0,$23.28B,$6.56B,28.19%,$23.28B,$2.69B,11.55%,$23.28B,$2.69B,11.55%,$23.28B,$3.12B,13.40%,$23.28B,$2.82B,12.10%,$23.28B,$1.45B,6.23%,$1.45B,$2.09B,72.55%,$1.45B,$1.31B,108.37%,$1.45B,$10.91B,13.66%,$2.69B,$2.09B,134.32%,$6058,$4405,$1653,$0,$1009,$5420,$638,$12,$650,$116,$534,$407,$407,$749,$638,$608,829,$0.67,$0.64,$2658,$0,$430,$7600,$840,$69,$781,$960,$3308,$10908,$6034,$3,$1523,$2784,$8818,$0,$2753,$140,$2090,$10908,$788,$236,$422,$658,$-194,$0,$-13,$-299,$-719,$693,$-160,$0,$-196,$0,$179,$179,$0,$-177,$-21,$3,$-18,$-966,$-966,$-334,$14,$-1304,$-730,$177,$-334
43,2007-11-30,27.91,$2.60,10.72,$26.13,1.07,$5.27,5.3,$2.11,13.23,$7.58B,$6.01B,1.26,$0.00B,$1.96B,0.0,$22.39B,$6.31B,28.20%,$22.39B,$2.61B,11.65%,$22.39B,$2.61B,11.65%,$22.39B,$3.04B,13.56%,$22.39B,$2.75B,12.28%,$22.39B,$1.34B,5.99%,$1.34B,$1.96B,68.47%,$1.34B,$1.27B,98.11%,$1.34B,$10.75B,13.04%,$2.61B,$1.97B,133.11%,$6102,$4397,$1705,$0,$970,$5376,$726,$47,$773,$268,$506,$381,$381,$852,$726,$612,840,$0.62,$0.60,$2622,$0,$418,$7579,$835,$69,$690,$883,$3168,$10748,$6011,$2,$1542,$2773,$8784,$0,$2387,$109,$1963,$10748,$381,$125,$172,$297,$-302,$0,$-26,$-408,$-696,$-31,$-88,$0,$-51,$0,$101,$101,$0,$-37,$-21,$3,$-18,$-470,$-470,$-334,$31,$-791,$-842,$72,$-334
44,2007-08-31,32.95,$2.72,12.11,$24.76,1.33,$5.52,5.96,$1.97,16.73,$7.97B,$6.88B,1.16,$0.00B,$2.06B,0.0,$21.45B,$6.04B,28.16%,$21.45B,$2.49B,11.62%,$21.45B,$2.49B,11.62%,$21.45B,$2.94B,13.70%,$21.45B,$2.62B,12.20%,$21.45B,$1.24B,5.79%,$1.24B,$2.06B,65.52%,$1.24B,$1.42B,92.30%,$1.24B,$10.75B,12.57%,$2.49B,$2.07B,131.14%,$5573,$3979,$1594,$0,$945,$4931,$642,$42,$684,$253,$431,$317,$317,$758,$642,$604,863,$0.53,$0.50,$3546,$0,$408,$7971,$808,$82,$644,$381,$2776,$10747,$6879,$3,$232,$1805,$8684,$0,$2363,$84,$2063,$10747,$1243,$444,$705,$1150,$-375,$0,$54,$-147,$242,$2631,$-350,$0,$-192,$0,$192,$192,$0,$-350,$-24,$-1,$-26,$-1820,$-1820,$-293,$11,$-2128,$247,$307,$-293
45,2007-05-31,32.74,$2.46,13.29,$23.21,1.41,$5.54,5.91,$2.03,16.13,$8.04B,$6.67B,1.21,$0.00B,$1.88B,0.0,$20.27B,$5.80B,28.61%,$20.27B,$2.35B,11.60%,$20.27B,$2.35B,11.60%,$20.27B,$2.80B,13.83%,$20.27B,$2.46B,12.14%,$20.27B,$1.27B,6.28%,$1.27B,$1.88B,68.57%,$1.27B,$1.35B,95.39%,$1.27B,$10.05B,13.28%,$2.35B,$1.88B,126.13%,$5544,$3934,$1610,$0,$921,$4862,$682,$28,$709,$236,$473,$345,$345,$761,$682,$607,860,$0.57,$0.54,$3378,$0,$435,$8040,$748,$83,$528,$180,$2009,$10049,$6667,$3,$237,$1503,$8171,$0,$2192,$43,$1878,$10049,$926,$329,$522,$851,$-471,$0,$-28,$130,$84,$1854,$-212,$0,$-34,$0,$130,$130,$0,$-116,$-23,$-1,$-24,$-1477,$-1477,$-293,$15,$-1779,$27,$229,$-293
46,2007-02-28,28.61,$2.47,11.57,$22.18,1.29,$5.50,5.2,$2.05,13.96,$7.56B,$6.08B,1.24,$0.00B,$1.92B,0.0,$19.53B,$5.64B,28.89%,$19.53B,$2.36B,12.08%,$19.53B,$2.36B,12.08%,$19.53B,$2.81B,14.38%,$19.53B,$2.46B,12.61%,$19.53B,$1.27B,6.50%,$1.27B,$1.92B,72.26%,$1.27B,$1.42B,101.58%,$1.27B,$9.55B,13.62%,$2.36B,$1.93B,133.22%,$5169,$3764,$1405,$0,$839,$4610,$559,$25,$584,$172,$413,$297,$297,$664,$559,$604,868,$0.49,$0.47,$3142,$0,$447,$7557,$714,$99,$505,$166,$1997,$9554,$6076,$4,$238,$1555,$7630,$0,$1869,$-11,$1924,$9554,$581,$249,$324,$573,$-355,$0,$-57,$127,$-280,$876,$-133,$0,$-6,$0,$204,$204,$0,$66,$-21,$-1,$-22,$-789,$-789,$-293,$11,$-1093,$-107,$147,$-293
47,2006-11-30,26.95,$2.12,12.74,$21.25,1.27,$5.67,4.75,$1.69,15.95,$7.20B,$5.92B,1.22,$0.01B,$1.72B,0.0,$18.85B,$5.11B,27.09%,$18.85B,$1.94B,10.28%,$18.85B,$1.94B,10.28%,$18.85B,$2.36B,12.50%,$18.85B,$2.04B,10.83%,$18.85B,$1.04B,5.53%,$1.04B,$1.72B,66.56%,$1.04B,$1.20B,96.17%,$1.04B,$9.22B,11.63%,$1.94B,$1.73B,122.14%,$5166,$3734,$1432,$0,$817,$4557,$610,$32,$641,$235,$406,$284,$284,$755,$610,$599,876,$0.47,$0.46,$2736,$0,$464,$7203,$716,$123,$527,$176,$2012,$9215,$5922,$5,$1028,$1569,$7491,$0,$1577,$-4,$1724,$9215,$284,$145,$178,$323,$-418,$0,$-46,$-109,$-443,$166,$-64,$0,$-5,$0,$62,$62,$0,$-7,$-20,$0,$-19,$-527,$-527,$-293,$10,$-829,$-629,$62,$-293
