,Date,Stock Price,Book Value per Share,Price to Book Ratio,TTM Sales per Share,Price to Sales Ratio,TTM FCF per Share,Price to FCF Ratio,TTM Net EPS,PE Ratio,Current Assets,Current Liabilities,Current Ratio,Long Term Debt,Shareholder's Equity_x,Debt to Equity Ratio,TTM Revenue_x,TTM Gross Profit,Gross Margin,TTM Revenue_y,TTM Operating Income,Operating Margin,TTM Revenue_x,TTM EBIT,EBIT Margin,TTM Revenue_y,TTM EBITDA,EBITDA Margin,TTM Revenue_x,TTM Pre-Tax Income,Pre-Tax Margin,TTM Revenue_y,TTM Net Income_x,Net Margin,TTM Net Income_y,Shareholder's Equity_y,Return on Equity,TTM Net Income_x,Tangible Equity,Return on Tangible Equity,TTM Net Income_y,Total Assets,Return on Assets,TTM Net Income,LT Investments & Debt,Return on Investment,revenue,cost-goods-sold,gross-profit,research-development-expenses,selling-general-administrative-expenses,operating-expenses,operating-income,total-non-operating-income-expense,pre-tax-income,total-provision-income-taxes,income-after-taxes,income-from-continuous-operations,net-income,ebitda,ebit,basic-shares-outstanding,shares-outstanding,eps-basic-net-earnings-per-share,eps-earnings-per-share-diluted,cash-on-hand,inventory,other-current-assets,total-current-assets,net-property-plant-equipment,long-term-investments,goodwill-intangible-assets-total,other-long-term-assets,total-long-term-assets,total-assets,total-current-liabilities,long-term-debt,other-non-current-liabilities,total-long-term-liabilities,total-liabilities,common-stock-net,retained-earnings-accumulated-deficit,comprehensive-income,total-share-holder-equity,total-liabilities-share-holders-equity,net-income-loss,total-depreciation-amortization-cash-flow,other-non-cash-items,total-non-cash-items,change-in-accounts-receivable,change-in-inventories,change-in-accounts-payable,change-in-assets-liabilities,total-change-in-assets-liabilities,cash-flow-from-operating-activities,net-change-in-property-plant-equipment,net-change-in-intangible-assets,net-acquisitions-divestitures,net-change-in-short-term-investments,net-change-in-long-term-investments,net-change-in-investments-total,investing-activities-other,cash-flow-from-investing-activities,net-long-term-debt,net-current-debt,debt-issuance-retirement-net-total,net-common-equity-issued-repurchased,net-total-equity-issued-repurchased,total-common-preferred-stock-dividends-paid,financial-activities-other,cash-flow-from-financial-activities,net-cash-flow,stock-based-compensation,common-stock-dividends-paid
0,2018-09-30,37.2,$23.36,1.59,$11.34,3.28,$8.46,4.4,$2.70,13.78,$1.32B,$1.39B,0.96,$0.09B,$0.17B,0.52,$0.08B,$0.07B,91.03%,$0.08B,$0.03B,34.62%,$0.08B,0,0.00%,$0.08B,0,0.00%,$0.08B,$0.03B,34.62%,$0.08B,$0.02B,25.64%,$0.02B,$0.17B,12.58%,$0.02B,$0.14B,14.65%,$0.02B,$1.65B,1.24%,$0.03B,$0.25B,10.80%,$20,$2,$19,$0,$11,$13,$7,$0,$7,$1,$6,$6,$6,$0,$0,$7,7,$0.86,$0.23,$64,$0,$0,$1324,$26,$251,$22,$25,$324,$1648,$1386,$85,$13,$98,$1483,$18,$118,$-9,$165,$1648,$16,$2,$-0,$2,$-0,$0,$0,$3,$3,$21,$-0,$0,$-1,$0,$3,$3,$-30,$-28,$-10,$2,$-8,$0,$0,$-5,$49,$36,$29,$0,$-5
1,2018-06-30,34.05,$22.77,1.5,$11.16,3.05,$6.75,5.05,$2.11,16.14,$1.30B,$1.36B,0.95,$0.09B,$0.16B,0.56,$0.08B,$0.07B,89.61%,$0.08B,$0.02B,29.87%,$0.08B,0,0.00%,$0.08B,0,0.00%,$0.08B,$0.02B,29.87%,$0.08B,$0.02B,20.78%,$0.02B,$0.16B,10.26%,$0.02B,$0.14B,11.96%,$0.02B,$1.62B,0.99%,$0.02B,$0.25B,9.19%,$20,$2,$18,$0,$11,$13,$7,$0,$7,$1,$6,$6,$6,$0,$0,$7,7,$0.78,$0.78,$63,$0,$0,$1298,$26,$247,$22,$29,$325,$1623,$1360,$90,$13,$103,$1463,$18,$114,$-9,$160,$1623,$10,$2,$0,$2,$0,$0,$0,$2,$2,$15,$-0,$0,$-1,$0,$2,$2,$-5,$-3,$-5,$-10,$-15,$0,$0,$-3,$35,$17,$29,$0,$-3
2,2018-03-31,29.04,$22.28,1.3,$10.68,2.72,$5.81,5.0,$1.78,16.31,$1.29B,$1.35B,0.95,$0.10B,$0.16B,0.61,$0.07B,$0.06B,90.14%,$0.07B,$0.02B,28.17%,$0.07B,0,0.00%,$0.07B,0,0.00%,$0.07B,$0.02B,28.17%,$0.07B,$0.01B,18.31%,$0.01B,$0.16B,8.84%,$0.01B,$0.13B,10.12%,$0.01B,$1.61B,0.86%,$0.02B,$0.25B,8.24%,$19,$2,$17,$0,$11,$13,$6,$0,$6,$1,$5,$5,$5,$0,$0,$7,7,$0.70,$0.70,$60,$0,$0,$1285,$27,$250,$23,$25,$326,$1611,$1347,$95,$12,$108,$1454,$18,$110,$-8,$157,$1611,$5,$1,$-6,$-5,$7,$0,$0,$1,$8,$8,$-0,$0,$0,$0,$3,$3,$4,$7,$1,$-3,$-3,$0,$0,$-1,$15,$11,$26,$0,$-1
3,2017-12-31,29.13,$21.92,1.33,$10.22,2.85,$5.45,5.34,$1.51,19.29,$1.27B,$1.34B,0.95,$0.10B,$0.15B,0.61,$0.07B,$0.06B,90.91%,$0.07B,$0.02B,27.27%,$0.07B,0,0.00%,$0.07B,0,0.00%,$0.07B,$0.02B,27.27%,$0.07B,$0.01B,16.67%,$0.01B,$0.15B,7.96%,$0.01B,$0.13B,8.89%,$0.01B,$1.60B,0.77%,$0.02B,$0.25B,7.73%,$19,$2,$17,$0,$10,$12,$7,$0,$7,$4,$3,$3,$3,$0,$0,$7,7,$0.35,$0.42,$34,$0,$0,$1266,$27,$256,$22,$24,$329,$1595,$1335,$95,$11,$106,$1441,$18,$106,$-7,$154,$1595,$10,$2,$1,$3,$1,$0,$-1,$4,$4,$17,$-1,$0,$6,$0,$15,$15,$-72,$-52,$15,$2,$18,$0,$0,$-5,$38,$50,$16,$0,$-5
4,2017-09-30,27.12,$21.83,1.24,$9.59,2.83,$5.18,5.24,$1.58,17.16,$1.27B,$1.35B,0.95,$0.10B,$0.15B,0.63,$0.06B,$0.06B,91.80%,$0.06B,$0.02B,24.59%,$0.06B,0,0.00%,$0.06B,0,0.00%,$0.06B,$0.02B,24.59%,$0.06B,$0.01B,18.03%,$0.01B,$0.15B,8.48%,$0.01B,$0.13B,9.24%,$0.01B,$1.61B,0.83%,$0.02B,$0.25B,6.85%,$19,$2,$17,$0,$15,$16,$3,$0,$3,$1,$2,$2,$2,$0,$0,$7,7,$0.27,$0.20,$49,$0,$0,$1274,$27,$258,$22,$27,$334,$1608,$1346,$97,$12,$109,$1454,$18,$104,$-5,$153,$1608,$7,$2,$-1,$1,$-0,$0,$0,$2,$2,$10,$-1,$0,$6,$0,$14,$14,$-64,$-44,$18,$-1,$17,$0,$0,$-4,$51,$64,$31,$0,$-4
5,2017-06-30,29.63,$20.38,1.45,$9.10,3.26,$5.42,5.46,$1.77,16.74,$0.98B,$1.03B,0.95,$0.10B,$0.12B,0.77,$0.06B,$0.05B,92.73%,$0.06B,$0.02B,29.09%,$0.06B,0,0.00%,$0.06B,0,0.00%,$0.06B,$0.02B,29.09%,$0.06B,$0.01B,21.82%,$0.01B,$0.12B,9.86%,$0.01B,$0.12B,10.46%,$0.01B,$1.26B,0.98%,$0.02B,$0.22B,7.78%,$14,$1,$13,$0,$10,$11,$4,$0,$4,$1,$3,$3,$3,$0,$0,$6,6,$0.45,$0.45,$26,$0,$0,$983,$18,$233,$7,$21,$279,$1262,$1031,$96,$11,$107,$1138,$15,$103,$-6,$124,$1262,$5,$1,$-1,$1,$1,$0,$0,$1,$1,$7,$-1,$0,$0,$0,$14,$14,$-62,$-48,$22,$-4,$18,$0,$0,$-2,$33,$48,$7,$0,$-2
6,2017-03-31,27.83,$20.08,1.39,$9.00,3.09,$5.58,4.99,$1.81,15.38,$0.96B,$1.02B,0.94,$0.09B,$0.12B,0.74,$0.06B,$0.05B,92.73%,$0.06B,$0.02B,29.09%,$0.06B,0,0.00%,$0.06B,0,0.00%,$0.06B,$0.02B,29.09%,$0.06B,$0.01B,21.82%,$0.01B,$0.12B,9.96%,$0.01B,$0.12B,10.57%,$0.01B,$1.24B,0.99%,$0.02B,$0.21B,7.97%,$14,$1,$13,$0,$9,$10,$4,$0,$4,$1,$3,$3,$3,$0,$0,$6,6,$0.43,$0.43,$17,$0,$0,$955,$18,$240,$7,$22,$286,$1242,$1018,$90,$11,$101,$1120,$15,$102,$-6,$122,$1242,$3,$1,$-7,$-6,$8,$0,$0,$-0,$8,$4,$-0,$0,$0,$0,$7,$7,$-45,$-38,$16,$-7,$9,$0,$0,$-1,$23,$31,$-2,$0,$-1
7,2016-12-31,29.94,$19.80,1.51,$8.87,3.38,$5.42,5.53,$1.80,16.63,$0.91B,$1.00B,0.91,$0.07B,$0.12B,0.62,$0.05B,$0.05B,92.59%,$0.05B,$0.02B,27.78%,$0.05B,0,0.00%,$0.05B,0,0.00%,$0.05B,$0.02B,27.78%,$0.05B,$0.01B,22.22%,$0.01B,$0.12B,10.06%,$0.01B,$0.11B,10.69%,$0.01B,$1.21B,1.01%,$0.02B,$0.19B,7.61%,$14,$1,$13,$0,$9,$10,$4,$0,$4,$1,$3,$3,$3,$0,$0,$6,6,$0.43,$0.43,$19,$0,$0,$914,$18,$247,$7,$20,$292,$1206,$1002,$74,$10,$84,$1086,$15,$101,$-6,$120,$1206,$11,$2,$-2,$0,$1,$0,$-0,$0,$1,$12,$1,$0,$0,$0,$-4,$-4,$-56,$-59,$-2,$-1,$-3,$1,$1,$-5,$55,$47,$0,$0,$-5
8,2016-09-30,25.3,$19.92,1.27,$8.78,2.88,$5.79,4.37,$1.84,13.75,$0.92B,$1.00B,0.91,$0.08B,$0.12B,0.63,$0.05B,$0.05B,92.45%,$0.05B,$0.02B,28.30%,$0.05B,0,0.00%,$0.05B,0,0.00%,$0.05B,$0.02B,28.30%,$0.05B,$0.01B,22.64%,$0.01B,$0.12B,10.17%,$0.01B,$0.11B,10.84%,$0.01B,$1.21B,1.03%,$0.02B,$0.20B,7.64%,$13,$1,$12,$0,$9,$10,$4,$0,$4,$1,$3,$3,$3,$0,$0,$6,6,$0.46,$0.46,$55,$0,$0,$915,$18,$249,$7,$20,$294,$1209,$1001,$77,$11,$87,$1088,$15,$99,$-4,$121,$1209,$8,$2,$-2,$-0,$0,$0,$-0,$0,$1,$9,$1,$0,$0,$0,$-3,$-3,$-20,$-22,$0,$0,$0,$0,$0,$-4,$53,$50,$37,$0,$-4
9,2016-06-30,23.73,$19.69,1.2,$8.71,2.72,$6.38,3.72,$1.85,12.83,$0.90B,$0.96B,0.94,$0.08B,$0.12B,0.68,$0.05B,$0.05B,92.45%,$0.05B,$0.02B,28.30%,$0.05B,0,0.00%,$0.05B,0,0.00%,$0.05B,$0.02B,28.30%,$0.05B,$0.01B,22.64%,$0.01B,$0.12B,10.30%,$0.01B,$0.11B,11.01%,$0.01B,$1.17B,1.04%,$0.02B,$0.20B,7.71%,$14,$1,$13,$0,$9,$10,$4,$0,$4,$1,$3,$3,$3,$0,$0,$6,6,$0.49,$0.49,$46,$0,$0,$899,$19,$224,$7,$19,$270,$1169,$958,$81,$11,$91,$1050,$15,$98,$-4,$119,$1169,$6,$1,$-1,$-0,$1,$0,$0,$0,$2,$7,$0,$0,$0,$0,$22,$22,$-14,$8,$4,$1,$5,$0,$0,$-2,$9,$12,$27,$0,$-2
10,2016-03-31,20.98,$19.35,1.08,$8.63,2.43,$6.58,3.19,$1.83,11.46,$0.87B,$0.95B,0.92,$0.08B,$0.12B,0.69,$0.05B,$0.05B,92.31%,$0.05B,$0.02B,28.85%,$0.05B,0,0.00%,$0.05B,0,0.00%,$0.05B,$0.02B,28.85%,$0.05B,$0.01B,23.08%,$0.01B,$0.12B,10.43%,$0.01B,$0.11B,11.19%,$0.01B,$1.15B,1.06%,$0.02B,$0.20B,7.79%,$13,$1,$12,$0,$8,$9,$3,$0,$3,$1,$3,$3,$3,$0,$0,$6,6,$0.42,$0.42,$16,$0,$0,$869,$18,$237,$7,$20,$283,$1152,$945,$81,$10,$90,$1035,$15,$96,$-4,$117,$1152,$3,$1,$-0,$0,$1,$0,$-0,$-0,$1,$4,$-1,$0,$0,$0,$9,$9,$-14,$-6,$4,$-3,$1,$0,$0,$-1,$-0,$0,$-3,$0,$-1
11,2015-12-31,19.79,$19.00,1.04,$8.61,2.3,$6.72,2.95,$1.83,10.81,$0.86B,$0.95B,0.91,$0.08B,$0.12B,0.67,$0.05B,$0.05B,92.31%,$0.05B,$0.02B,28.85%,$0.05B,0,0.00%,$0.05B,0,0.00%,$0.05B,$0.02B,28.85%,$0.05B,$0.01B,23.08%,$0.01B,$0.12B,10.55%,$0.01B,$0.11B,11.35%,$0.01B,$1.15B,1.07%,$0.02B,$0.19B,7.85%,$13,$1,$12,$0,$8,$9,$4,$0,$4,$1,$3,$3,$3,$0,$0,$6,6,$0.47,$0.47,$19,$0,$0,$859,$18,$245,$7,$19,$289,$1148,$948,$77,$9,$85,$1033,$15,$95,$-5,$115,$1148,$11,$2,$-2,$1,$0,$0,$0,$2,$2,$14,$1,$0,$-0,$0,$-1,$-1,$-64,$-64,$-4,$-10,$-15,$0,$0,$-5,$68,$49,$-1,$0,$-5
12,2015-09-30,19.24,$18.98,1.01,$8.54,2.25,$5.73,3.36,$1.76,10.93,$0.86B,$0.93B,0.92,$0.08B,$0.12B,0.66,$0.05B,$0.05B,94.12%,$0.05B,$0.01B,27.45%,$0.05B,0,0.00%,$0.05B,0,0.00%,$0.05B,$0.01B,27.45%,$0.05B,$0.01B,21.57%,$0.01B,$0.12B,9.78%,$0.01B,$0.11B,10.50%,$0.01B,$1.13B,0.99%,$0.01B,$0.19B,7.33%,$13,$1,$12,$0,$8,$9,$4,$0,$4,$1,$3,$3,$3,$0,$0,$6,6,$0.47,$0.47,$46,$0,$0,$858,$18,$229,$7,$20,$275,$1133,$933,$76,$9,$85,$1018,$15,$93,$-3,$115,$1133,$8,$2,$-1,$0,$1,$0,$-0,$3,$3,$12,$1,$0,$-0,$0,$8,$8,$-28,$-19,$-5,$-8,$-13,$0,$0,$-4,$50,$34,$26,$0,$-4
13,2015-06-30,18.97,$18.72,1.01,$8.43,2.25,$5.21,3.64,$1.73,10.96,$0.83B,$0.91B,0.92,$0.08B,$0.11B,0.7,$0.05B,$0.05B,94.00%,$0.05B,$0.01B,26.00%,$0.05B,0,0.00%,$0.05B,0,0.00%,$0.05B,$0.01B,26.00%,$0.05B,$0.01B,22.00%,$0.01B,$0.11B,9.84%,$0.01B,$0.11B,10.58%,$0.01B,$1.11B,1.01%,$0.01B,$0.19B,6.89%,$13,$1,$12,$0,$8,$10,$4,$0,$4,$1,$3,$3,$3,$0,$0,$6,6,$0.47,$0.47,$28,$0,$0,$831,$18,$229,$8,$21,$275,$1106,$907,$79,$8,$87,$993,$15,$91,$-3,$113,$1106,$5,$1,$-1,$0,$1,$0,$0,$1,$2,$8,$1,$0,$-0,$0,$7,$7,$-19,$-11,$-2,$-11,$-13,$0,$0,$-2,$27,$12,$8,$0,$-2
14,2015-03-31,18.12,$18.55,0.98,$8.35,2.17,$4.74,3.82,$1.72,10.54,$0.83B,$0.91B,0.91,$0.08B,$0.11B,0.71,$0.05B,$0.05B,94.00%,$0.05B,$0.01B,26.00%,$0.05B,0,0.00%,$0.05B,0,0.00%,$0.05B,$0.01B,26.00%,$0.05B,$0.01B,22.00%,$0.01B,$0.11B,9.91%,$0.01B,$0.10B,10.63%,$0.01B,$1.11B,1.02%,$0.01B,$0.19B,6.93%,$13,$1,$12,$0,$8,$9,$3,$0,$3,$1,$3,$3,$3,$0,$0,$6,6,$0.42,$0.42,$27,$0,$0,$829,$18,$233,$8,$22,$280,$1109,$910,$79,$9,$88,$997,$15,$90,$-3,$112,$1109,$3,$1,$-0,$0,$0,$0,$-0,$1,$1,$4,$-0,$0,$-0,$0,$5,$5,$-17,$-12,$-2,$-11,$-13,$0,$0,$-1,$30,$16,$8,$0,$-1
15,2014-12-31,19.44,$18.29,1.06,$8.24,2.36,$4.73,4.11,$1.71,11.37,$0.81B,$0.89B,0.9,$0.08B,$0.11B,0.74,$0.05B,$0.05B,93.88%,$0.05B,$0.01B,26.53%,$0.05B,0,0.00%,$0.05B,0,0.00%,$0.05B,$0.01B,26.53%,$0.05B,$0.01B,20.41%,$0.01B,$0.11B,9.09%,$0.01B,$0.10B,9.76%,$0.01B,$1.09B,0.94%,$0.01B,$0.19B,7.01%,$12,$1,$12,$0,$8,$9,$3,$0,$3,$1,$2,$2,$2,$0,$0,$6,6,$0.40,$0.40,$20,$0,$0,$805,$18,$237,$8,$22,$284,$1090,$891,$81,$8,$89,$980,$15,$88,$-3,$110,$1090,$10,$3,$-0,$2,$-1,$0,$0,$-1,$-2,$11,$-2,$0,$0,$0,$35,$35,$-77,$-44,$-2,$-3,$-5,$0,$0,$-5,$44,$35,$2,$0,$-5
16,2014-09-30,16.87,$18.58,0.91,$8.19,2.06,$6.45,2.62,$1.69,9.98,$0.78B,$0.88B,0.88,$0.07B,$0.11B,0.62,$0.05B,$0.05B,91.84%,$0.05B,$0.01B,26.53%,$0.05B,0,0.00%,$0.05B,0,0.00%,$0.05B,$0.01B,26.53%,$0.05B,$0.01B,20.41%,$0.01B,$0.11B,9.15%,$0.01B,$0.10B,9.85%,$0.01B,$1.07B,0.95%,$0.01B,$0.18B,7.02%,$12,$1,$11,$0,$8,$9,$3,$0,$3,$1,$3,$3,$3,$0,$0,$6,6,$0.44,$0.44,$24,$0,$0,$776,$17,$244,$8,$22,$291,$1068,$878,$70,$8,$78,$956,$15,$87,$0,$112,$1068,$8,$2,$-1,$1,$-1,$0,$-0,$3,$2,$11,$-1,$0,$0,$0,$28,$28,$-44,$-17,$-13,$5,$-8,$0,$0,$-3,$23,$12,$6,$0,$-3
17,2014-06-30,16.91,$18.39,0.92,$8.16,2.07,$8.02,2.11,$1.64,10.31,$0.77B,$0.86B,0.89,$0.08B,$0.11B,0.69,$0.05B,$0.05B,91.84%,$0.05B,$0.01B,26.53%,$0.05B,0,0.00%,$0.05B,0,0.00%,$0.05B,$0.01B,26.53%,$0.05B,$0.01B,18.37%,$0.01B,$0.11B,8.41%,$0.01B,$0.10B,9.07%,$0.01B,$1.06B,0.86%,$0.01B,$0.19B,7.31%,$13,$1,$12,$0,$8,$9,$4,$0,$4,$1,$3,$3,$3,$0,$0,$6,6,$0.46,$0.46,$29,$0,$0,$765,$16,$247,$8,$21,$293,$1057,$863,$77,$7,$83,$947,$15,$86,$1,$110,$1057,$5,$1,$-1,$1,$-1,$0,$0,$1,$-0,$6,$-0,$0,$0,$0,$26,$26,$-26,$-1,$-6,$-7,$-13,$0,$0,$-2,$21,$6,$11,$0,$-2
18,2014-03-31,16.27,$18.07,0.9,$8.13,2.0,$9.20,1.77,$1.56,10.43,$0.74B,$0.86B,0.86,$0.08B,$0.11B,0.69,$0.05B,$0.04B,91.67%,$0.05B,$0.01B,25.00%,$0.05B,0,0.00%,$0.05B,0,0.00%,$0.05B,$0.01B,25.00%,$0.05B,$0.01B,16.67%,$0.01B,$0.11B,7.62%,$0.01B,$0.10B,8.27%,$0.01B,$1.05B,0.77%,$0.01B,$0.18B,7.07%,$12,$1,$11,$0,$8,$9,$3,$0,$3,$1,$2,$2,$2,$0,$0,$6,6,$0.41,$0.41,$19,$0,$0,$736,$16,$264,$8,$23,$310,$1046,$856,$75,$7,$82,$938,$15,$84,$0,$108,$1046,$2,$1,$-0,$1,$0,$0,$-0,$1,$1,$4,$-0,$0,$0,$0,$9,$9,$-9,$-0,$-8,$-9,$-17,$0,$0,$-1,$16,$-3,$1,$0,$-1
19,2013-12-31,15.52,$17.83,0.87,$8.25,1.88,$9.71,1.6,$1.56,9.95,$0.73B,$0.85B,0.86,$0.08B,$0.11B,0.77,$0.05B,$0.04B,89.80%,$0.05B,$0.01B,24.49%,$0.05B,0,0.00%,$0.05B,0,0.00%,$0.05B,$0.01B,24.49%,$0.05B,$0.01B,16.33%,$0.01B,$0.11B,7.73%,$0.01B,$0.10B,8.40%,$0.01B,$1.05B,0.77%,$0.01B,$0.19B,7.37%,$12,$1,$11,$0,$8,$9,$3,$0,$3,$1,$2,$2,$2,$0,$0,$6,6,$0.38,$0.38,$18,$0,$0,$731,$16,$268,$8,$23,$315,$1046,$850,$83,$7,$90,$939,$15,$83,$0,$107,$1046,$9,$3,$0,$3,$7,$0,$-0,$-1,$5,$18,$1,$0,$-0,$0,$-16,$-16,$-24,$-38,$23,$2,$24,$0,$0,$-5,$-34,$-13,$-33,$0,$-5
20,2013-09-30,14.32,$17.21,0.83,$8.38,1.71,$8.23,1.74,$1.55,9.24,$0.72B,$0.88B,0.82,$0.05B,$0.10B,0.46,$0.05B,$0.05B,90.00%,$0.05B,$0.01B,20.00%,$0.05B,0,0.00%,$0.05B,0,0.00%,$0.05B,$0.01B,24.00%,$0.05B,$0.01B,16.00%,$0.01B,$0.10B,7.84%,$0.01B,$0.10B,8.53%,$0.01B,$1.04B,0.77%,$0.01B,$0.15B,6.43%,$12,$1,$11,$0,$8,$9,$3,$0,$3,$1,$2,$2,$2,$0,$0,$6,6,$0.39,$0.39,$19,$0,$0,$721,$16,$273,$8,$17,$313,$1035,$877,$48,$7,$55,$932,$15,$82,$-2,$103,$1035,$7,$2,$0,$3,$7,$0,$-0,$2,$8,$18,$2,$0,$0,$0,$-19,$-19,$-12,$-30,$-12,$10,$-2,$0,$0,$-3,$-15,$-20,$-32,$0,$-3
21,2013-06-30,14.05,$17.02,0.83,$8.56,1.64,$6.76,2.08,$1.55,9.07,$0.72B,$0.88B,0.83,$0.05B,$0.10B,0.52,$0.05B,$0.05B,90.20%,$0.05B,$0.01B,19.61%,$0.05B,0,0.00%,$0.05B,0,0.00%,$0.05B,$0.01B,23.53%,$0.05B,$0.01B,15.69%,$0.01B,$0.10B,7.86%,$0.01B,$0.09B,8.58%,$0.01B,$1.04B,0.76%,$0.01B,$0.16B,6.22%,$12,$1,$11,$0,$8,$10,$3,$0,$3,$1,$2,$2,$2,$0,$0,$6,6,$0.38,$0.38,$38,$0,$0,$724,$15,$273,$8,$18,$315,$1039,$878,$53,$7,$59,$937,$15,$80,$-2,$102,$1039,$5,$1,$0,$2,$5,$0,$-0,$1,$5,$11,$2,$0,$0,$0,$-19,$-19,$6,$-11,$-7,$4,$-3,$0,$0,$-2,$-8,$-13,$-13,$0,$-2
22,2013-03-31,13.85,$17.14,0.81,$8.69,1.59,$5.88,2.35,$1.52,9.11,$0.74B,$0.87B,0.84,$0.05B,$0.10B,0.52,$0.05B,$0.05B,90.38%,$0.05B,$0.01B,19.23%,$0.05B,0,0.00%,$0.05B,0,0.00%,$0.05B,$0.01B,23.08%,$0.05B,$0.01B,15.38%,$0.01B,$0.10B,7.90%,$0.01B,$0.09B,8.63%,$0.01B,$1.04B,0.76%,$0.01B,$0.16B,5.99%,$13,$1,$11,$0,$8,$10,$3,$0,$3,$1,$2,$2,$2,$0,$0,$6,6,$0.41,$0.41,$46,$0,$0,$737,$15,$255,$9,$20,$299,$1036,$874,$53,$7,$60,$934,$15,$79,$-1,$102,$1036,$2,$1,$0,$1,$4,$0,$-0,$-0,$3,$7,$0,$0,$0,$0,$2,$2,$2,$4,$-7,$-5,$-12,$0,$0,$-1,$-3,$-16,$-5,$0,$-1
23,2012-12-31,13.3,$16.98,0.78,$8.77,1.52,$4.99,2.66,$1.49,8.93,$0.75B,$0.88B,0.85,$0.06B,$0.10B,0.59,$0.05B,$0.05B,90.38%,$0.05B,$0.01B,19.23%,$0.05B,0,0.00%,$0.05B,0,0.00%,$0.05B,$0.01B,23.08%,$0.05B,$0.01B,15.38%,$0.01B,$0.10B,7.96%,$0.01B,$0.09B,8.74%,$0.01B,$1.05B,0.77%,$0.01B,$0.16B,5.78%,$13,$1,$12,$0,$10,$12,$1,$0,$3,$1,$2,$2,$2,$0,$0,$6,6,$0.37,$0.37,$51,$0,$0,$749,$15,$258,$9,$19,$301,$1050,$881,$60,$7,$67,$949,$15,$78,$-0,$101,$1050,$9,$3,$3,$3,$-6,$0,$-0,$1,$-5,$9,$1,$0,$0,$0,$4,$4,$-43,$-18,$-11,$1,$-11,$0,$0,$-5,$103,$37,$29,$0,$-5
24,2012-09-30,12.99,$17.06,0.76,$8.94,1.45,$7.00,1.86,$1.41,9.22,$0.75B,$0.88B,0.85,$0.07B,$0.10B,0.69,$0.05B,$0.05B,88.68%,$0.05B,$0.01B,20.75%,$0.05B,0,0.00%,$0.05B,0,0.00%,$0.05B,$0.01B,20.75%,$0.05B,$0.01B,15.09%,$0.01B,$0.10B,8.04%,$0.01B,$0.09B,8.86%,$0.01B,$1.06B,0.77%,$0.01B,$0.17B,6.29%,$13,$2,$12,$0,$8,$10,$3,$0,$3,$1,$2,$2,$2,$0,$0,$6,6,$0.39,$0.39,$65,$0,$0,$754,$15,$266,$9,$19,$309,$1063,$884,$70,$7,$77,$961,$15,$77,$1,$102,$1063,$7,$2,$3,$5,$-3,$0,$-0,$2,$-1,$10,$0,$0,$0,$0,$-3,$-3,$-16,$-19,$-1,$7,$6,$0,$0,$-3,$49,$51,$42,$0,$-3
25,2012-06-30,11.68,$16.77,0.7,$8.88,1.31,$7.97,1.46,$1.39,8.4,$0.75B,$0.86B,0.87,$0.08B,$0.10B,0.8,$0.05B,$0.05B,86.79%,$0.05B,$0.01B,20.75%,$0.05B,0,0.00%,$0.05B,0,0.00%,$0.05B,$0.01B,20.75%,$0.05B,$0.01B,15.09%,$0.01B,$0.10B,8.10%,$0.01B,$0.09B,8.94%,$0.01B,$1.05B,0.78%,$0.01B,$0.18B,6.29%,$13,$2,$12,$0,$9,$11,$3,$0,$3,$1,$2,$2,$2,$0,$0,$6,6,$0.35,$0.35,$67,$0,$0,$746,$15,$258,$9,$20,$302,$1047,$861,$80,$7,$87,$947,$15,$76,$1,$100,$1047,$4,$1,$2,$3,$-1,$0,$-0,$1,$0,$8,$0,$0,$0,$0,$2,$2,$-4,$-2,$9,$-3,$6,$0,$0,$-2,$35,$39,$45,$0,$-2
26,2012-03-31,11.48,$16.57,0.69,$8.96,1.28,$8.41,1.37,$1.40,8.2,$0.72B,$0.83B,0.87,$0.08B,$0.10B,0.81,$0.05B,$0.05B,86.79%,$0.05B,$0.01B,20.75%,$0.05B,0,0.00%,$0.05B,0,0.00%,$0.05B,$0.01B,20.75%,$0.05B,$0.01B,15.09%,$0.01B,$0.10B,8.16%,$0.01B,$0.09B,9.01%,$0.01B,$1.02B,0.79%,$0.01B,$0.18B,6.35%,$13,$2,$11,$0,$9,$10,$3,$0,$3,$1,$2,$2,$2,$0,$0,$6,6,$0.38,$0.38,$30,$0,$0,$720,$15,$256,$9,$21,$300,$1021,$832,$80,$10,$90,$922,$15,$75,$1,$99,$1021,$2,$1,$1,$2,$-2,$0,$-0,$0,$-2,$2,$-0,$0,$0,$0,$5,$5,$-11,$-6,$9,$-2,$7,$0,$0,$-1,$5,$11,$8,$0,$-1
27,2011-12-31,10.81,$16.39,0.66,$9.00,1.2,$9.31,1.16,$1.43,7.56,$1.39B,$1.61B,0.86,$0.07B,$0.10B,0.73,$0.05B,$0.05B,88.68%,$0.05B,$0.01B,20.75%,$0.05B,0,0.00%,$0.05B,0,0.00%,$0.05B,$0.01B,20.75%,$0.05B,$0.01B,15.09%,$0.01B,$0.10B,8.25%,$0.01B,$0.09B,9.09%,$0.01B,$1.01B,0.80%,$0.01B,$0.17B,6.38%,$14,$2,$12,$0,$10,$12,$2,$0,$2,$0,$2,$2,$2,$0,$0,$6,6,$0.29,$0.29,$31,$0,$0,$1389,$31,$47,$9,$25,$112,$1005,$1612,$71,$7,$79,$907,$15,$74,$1,$97,$1005,$9,$2,$5,$2,$3,$0,$-0,$-0,$-0,$18,$4,$0,$0,$0,$-15,$-15,$-76,$-48,$-10,$34,$-10,$0,$0,$-5,$45,$29,$-2,$0,$-5
28,2011-09-30,10.57,$0.00,0.0,$8.99,1.18,$7.03,1.5,$1.41,7.49,$0.94B,$0.85B,1.11,$0.07B,$0.10B,0.72,$0.05B,$0.05B,88.68%,$0.05B,$0.01B,20.75%,$0.05B,0,0.00%,$0.05B,0,0.00%,$0.05B,$0.01B,20.75%,$0.05B,$0.01B,15.09%,$0.01B,$0.10B,8.31%,$0.01B,$0.09B,9.20%,$0.01B,$1.03B,0.81%,$0.01B,$0.17B,6.32%,$13,$2,$11,$0,$8,$10,$3,$0,$3,$1,$2,$2,$2,$0,$0,$6,6,$0.37,$0.37,$274,$0,$0,$941,$0,$40,$9,$20,$69,$1025,$845,$71,$9,$80,$925,$15,$73,$0,$99,$1025,$7,$2,$0,$2,$0,$0,$0,$0,$3,$18,$-2,$0,$0,$0,$0,$-15,$-16,$-33,$0,$5,$-10,$0,$0,$-3,$55,$46,$31,$0,$0
29,2011-06-30,11.93,$0.00,0.0,$9.22,1.29,$5.66,2.11,$1.43,8.35,$0.70B,$0.82B,0.85,$0.08B,$0.10B,0.78,$0.05B,$0.05B,88.89%,$0.05B,$0.01B,20.37%,$0.05B,0,0.00%,$0.05B,0,0.00%,$0.05B,$0.01B,20.37%,$0.05B,$0.01B,14.81%,$0.01B,$0.10B,8.42%,$0.01B,$0.09B,9.36%,$0.01B,$1.00B,0.81%,$0.01B,$0.17B,6.29%,$13,$2,$12,$0,$9,$11,$3,$0,$3,$1,$2,$2,$2,$0,$0,$6,6,$0.36,$0.36,$42,$0,$0,$696,$0,$230,$9,$49,$288,$998,$817,$76,$7,$84,$901,$15,$72,$0,$97,$998,$5,$1,$0,$1,$0,$0,$0,$0,$1,$11,$-1,$0,$0,$0,$0,$-15,$-2,$-18,$0,$9,$-5,$0,$0,$-2,$23,$24,$18,$0,$0
30,2011-03-31,12.03,$0.00,0.0,$9.42,1.28,$4.75,2.53,$1.42,8.47,$0.69B,$0.79B,0.87,$0.08B,$0.10B,0.86,$0.06B,$0.05B,85.71%,$0.06B,$0.01B,19.64%,$0.06B,0,0.00%,$0.06B,0,0.00%,$0.06B,$0.01B,19.64%,$0.06B,$0.01B,14.29%,$0.01B,$0.10B,8.51%,$0.01B,$0.09B,9.50%,$0.01B,$0.98B,0.82%,$0.01B,$0.18B,6.27%,$13,$2,$12,$0,$8,$10,$3,$0,$3,$1,$2,$2,$2,$0,$0,$6,6,$0.41,$0.41,$38,$0,$0,$688,$0,$214,$10,$50,$273,$976,$791,$81,$8,$90,$881,$15,$71,$0,$95,$976,$2,$1,$0,$1,$0,$0,$0,$0,$0,$7,$-0,$0,$0,$0,$0,$-1,$4,$3,$0,$-8,$-0,$0,$0,$-1,$13,$4,$14,$0,$0
31,2010-12-31,11.66,$0.00,0.0,$9.54,1.22,$3.97,2.94,$1.42,8.21,$0.67B,$0.79B,0.86,$0.08B,$0.09B,0.87,$0.06B,$0.05B,82.46%,$0.06B,$0.01B,19.30%,$0.06B,0,0.00%,$0.06B,0,0.00%,$0.06B,$0.01B,19.30%,$0.06B,$0.01B,14.04%,$0.01B,$0.09B,8.63%,$0.01B,$0.08B,9.67%,$0.01B,$0.97B,0.82%,$0.01B,$0.18B,6.15%,$14,$2,$12,$0,$10,$12,$2,$0,$2,$0,$2,$2,$2,$0,$0,$6,6,$0.27,$0.27,$24,$0,$0,$674,$0,$213,$10,$54,$277,$969,$786,$81,$8,$89,$875,$15,$70,$0,$94,$969,$8,$2,$5,$2,$-2,$0,$-0,$-4,$-5,$9,$-0,$0,$0,$0,$19,$19,$-53,$-7,$1,$-16,$1,$0,$0,$-5,$36,$-2,$0,$0,$-5
32,2010-09-30,11.08,$0.00,0.0,$8.88,1.25,$3.95,2.8,$1.45,7.64,$0.91B,$0.81B,1.12,$0.08B,$0.09B,0.87,$0.05B,$0.04B,79.25%,$0.05B,$0.01B,20.75%,$0.05B,0,0.00%,$0.05B,0,0.00%,$0.05B,$0.01B,20.75%,$0.05B,$0.01B,15.09%,$0.01B,$0.09B,8.77%,$0.01B,$0.08B,9.85%,$0.01B,$0.99B,0.82%,$0.01B,$0.18B,6.21%,$14,$2,$12,$0,$9,$11,$3,$0,$3,$1,$2,$2,$2,$0,$0,$6,6,$0.39,$0.39,$252,$0,$0,$907,$0,$41,$10,$14,$64,$993,$807,$82,$11,$93,$899,$15,$69,$0,$94,$993,$7,$2,$0,$2,$0,$0,$0,$0,$-1,$8,$-0,$0,$0,$0,$0,$9,$-29,$-20,$0,$-14,$1,$0,$0,$-3,$36,$21,$9,$0,$0
33,2010-06-30,10.14,$0.00,0.0,$8.89,1.14,$4.60,2.21,$1.38,7.35,$0.89B,$0.79B,1.13,$0.08B,$0.09B,0.9,$0.05B,$0.04B,77.36%,$0.05B,$0.01B,18.87%,$0.05B,0,0.00%,$0.05B,0,0.00%,$0.05B,$0.01B,18.87%,$0.05B,$0.01B,15.09%,$0.01B,$0.09B,8.89%,$0.01B,$0.08B,9.70%,$0.01B,$0.98B,0.82%,$0.01B,$0.18B,5.56%,$15,$2,$12,$0,$10,$12,$3,$0,$3,$0,$2,$2,$2,$0,$0,$6,6,$0.35,$0.35,$247,$0,$0,$894,$0,$40,$10,$13,$63,$978,$793,$84,$9,$93,$886,$15,$68,$0,$93,$978,$4,$1,$0,$1,$0,$0,$0,$0,$0,$5,$-0,$0,$0,$0,$0,$8,$-18,$-10,$0,$-15,$3,$0,$0,$-2,$24,$10,$5,$0,$0
34,2010-03-31,9.43,$0.00,0.0,$8.83,1.07,$4.09,2.31,$1.27,7.43,$0.89B,$0.78B,1.15,$0.10B,$0.09B,1.09,$0.05B,$0.04B,75.47%,$0.05B,$0.01B,16.98%,$0.05B,0,0.00%,$0.05B,0,0.00%,$0.05B,$0.01B,16.98%,$0.05B,$0.01B,13.21%,$0.01B,$0.09B,7.95%,$0.01B,$0.08B,8.43%,$0.01B,$0.98B,0.72%,$0.01B,$0.19B,5.04%,$14,$3,$11,$0,$8,$11,$3,$0,$3,$1,$2,$2,$2,$0,$0,$6,6,$0.41,$0.41,$249,$0,$0,$894,$0,$40,$10,$14,$64,$979,$778,$99,$11,$110,$889,$15,$67,$0,$90,$979,$2,$1,$0,$1,$0,$0,$0,$0,$-0,$2,$-0,$0,$0,$0,$0,$15,$-14,$1,$0,$-11,$19,$0,$0,$-1,$6,$12,$15,$0,$0
35,2009-12-31,9.12,$0.00,0.0,$8.97,1.02,$3.77,2.42,$1.21,7.54,$0.88B,$0.78B,1.12,$0.08B,$0.09B,0.91,$0.05B,$0.04B,74.07%,$0.05B,$0.01B,16.67%,$0.05B,0,0.00%,$0.05B,0,0.00%,$0.05B,$0.01B,16.67%,$0.05B,$0.01B,12.96%,$0.01B,$0.09B,8.05%,$0.01B,$0.08B,8.28%,$0.01B,$0.96B,0.73%,$0.01B,$0.17B,5.16%,$10,$3,$7,$0,$4,$8,$2,$0,$2,$0,$2,$2,$2,$0,$0,$6,6,$0.30,$0.30,$244,$0,$0,$877,$0,$40,$10,$20,$70,$962,$784,$80,$9,$90,$874,$15,$66,$0,$88,$962,$7,$2,$0,$2,$0,$0,$0,$0,$-4,$10,$-2,$0,$0,$0,$0,$33,$-13,$18,$0,$-28,$-27,$0,$-0,$-5,$38,$-21,$7,$0,$0
36,2009-09-30,9.02,$0.00,0.0,$9.75,0.92,$4.20,2.15,$1.20,7.52,$0.89B,$0.77B,1.16,$0.10B,$0.09B,1.07,$0.06B,$0.04B,74.14%,$0.06B,$0.01B,15.52%,$0.06B,0,0.00%,$0.06B,0,0.00%,$0.06B,$0.01B,15.52%,$0.06B,$0.01B,12.07%,$0.01B,$0.09B,8.14%,$0.01B,$0.09B,8.14%,$0.01B,$0.97B,0.72%,$0.01B,$0.19B,5.01%,$14,$3,$11,$0,$9,$12,$2,$0,$2,$0,$2,$2,$2,$0,$0,$6,6,$0.32,$0.32,$264,$0,$0,$893,$0,$40,$0,$20,$60,$968,$771,$95,$0,$108,$879,$15,$65,$0,$89,$968,$5,$2,$0,$2,$0,$0,$0,$0,$2,$13,$-1,$0,$0,$0,$0,$32,$-3,$27,$0,$-28,$-12,$0,$-0,$-3,$25,$-18,$22,$0,$0
37,2009-06-30,7.8,$0.00,0.0,$9.82,0.79,$3.96,1.97,$0.96,8.12,$0.88B,$0.78B,1.14,$0.09B,$0.09B,1.0,$0.06B,$0.04B,71.19%,$0.06B,$0.01B,11.86%,$0.06B,0,0.00%,$0.06B,0,0.00%,$0.06B,$0.01B,11.86%,$0.06B,$0.01B,8.47%,$0.01B,$0.09B,5.92%,$0.01B,$0.09B,5.92%,$0.01B,$0.96B,0.52%,$0.01B,$0.17B,3.74%,$15,$3,$11,$0,$9,$13,$2,$0,$2,$0,$1,$1,$1,$0,$0,$6,6,$0.24,$0.24,$247,$0,$0,$884,$0,$40,$0,$22,$62,$961,$778,$85,$13,$98,$876,$15,$64,$0,$85,$961,$4,$1,$0,$1,$0,$0,$0,$0,$-3,$3,$-1,$0,$0,$0,$0,$30,$-9,$20,$0,$-31,$-21,$0,$-0,$-2,$35,$-20,$2,$0,$0
38,2009-03-31,6.36,$0.00,0.0,$9.81,0.65,$4.43,1.43,$1.11,5.73,$0.89B,$0.78B,1.14,$0.09B,$0.09B,1.02,$0.06B,$0.04B,69.49%,$0.06B,$0.01B,13.56%,$0.06B,0,0.00%,$0.06B,0,0.00%,$0.06B,$0.01B,13.56%,$0.06B,$0.01B,10.17%,$0.01B,$0.09B,7.12%,$0.01B,$0.09B,7.12%,$0.01B,$0.96B,0.63%,$0.01B,$0.17B,4.17%,$15,$4,$11,$0,$8,$12,$3,$0,$3,$1,$2,$2,$2,$0,$0,$6,6,$0.35,$0.35,$254,$0,$0,$887,$0,$39,$0,$21,$60,$962,$778,$87,$12,$99,$877,$15,$64,$0,$86,$962,$2,$1,$0,$1,$0,$0,$0,$0,$-2,$1,$-1,$0,$0,$0,$0,$31,$-4,$27,$0,$-16,$-20,$0,$-0,$-1,$20,$-17,$11,$0,$0
39,2008-12-31,8.19,$0.00,0.0,$9.78,0.84,$4.70,1.74,$1.13,7.24,$0.90B,$0.77B,1.16,$0.11B,$0.08B,1.27,$0.06B,$0.04B,66.10%,$0.06B,$0.01B,13.56%,$0.06B,0,0.00%,$0.06B,0,0.00%,$0.06B,$0.01B,13.56%,$0.06B,$0.01B,10.17%,$0.01B,$0.08B,7.10%,$0.01B,$0.08B,7.10%,$0.01B,$0.98B,0.64%,$0.01B,$0.19B,4.12%,$14,$4,$10,$0,$8,$12,$2,$0,$2,$0,$2,$2,$2,$0,$0,$6,6,$0.29,$0.29,$269,$0,$0,$900,$0,$40,$0,$22,$62,$977,$774,$107,$12,$118,$892,$15,$61,$0,$84,$977,$7,$2,$0,$2,$0,$0,$0,$0,$-1,$12,$-1,$0,$0,$0,$0,$43,$-100,$-59,$0,$53,$-23,$0,$-0,$-5,$20,$44,$-2,$0,$0
40,2008-09-30,9.43,$0.00,0.0,$9.94,0.95,$3.40,2.77,$1.19,7.92,$0.86B,$0.72B,1.21,$0.13B,$0.08B,1.59,$0.06B,$0.04B,62.30%,$0.06B,$0.01B,14.75%,$0.06B,0,0.00%,$0.06B,0,0.00%,$0.06B,$0.01B,14.75%,$0.06B,$0.01B,9.84%,$0.01B,$0.08B,7.08%,$0.01B,$0.08B,7.08%,$0.01B,$0.94B,0.65%,$0.01B,$0.22B,4.49%,$15,$4,$10,$0,$10,$15,$0,$0,$0,$-0,$0,$0,$0,$0,$0,$6,6,$0.08,$0.08,$250,$0,$0,$862,$0,$38,$0,$21,$60,$937,$715,$132,$6,$138,$854,$15,$62,$0,$83,$937,$5,$1,$0,$1,$0,$0,$0,$0,$1,$11,$-1,$0,$-3,$0,$0,$54,$-75,$-25,$0,$6,$2,$0,$0,$-3,$8,$12,$-1,$0,$0
41,2008-06-30,9.83,$0.00,0.0,$10.16,0.97,$2.30,4.28,$1.46,6.73,$0.86B,$0.73B,1.17,$0.11B,$0.08B,1.25,$0.06B,$0.04B,59.68%,$0.06B,$0.01B,19.35%,$0.06B,0,0.00%,$0.06B,0,0.00%,$0.06B,$0.01B,19.35%,$0.06B,$0.01B,12.90%,$0.01B,$0.08B,9.47%,$0.01B,$0.08B,9.47%,$0.01B,$0.93B,0.84%,$0.01B,$0.19B,6.13%,$15,$5,$10,$0,$7,$12,$3,$0,$3,$1,$2,$2,$2,$0,$0,$6,6,$0.39,$0.39,$268,$0,$0,$860,$0,$38,$0,$19,$57,$931,$734,$105,$8,$113,$847,$15,$60,$0,$84,$931,$5,$1,$0,$1,$0,$0,$0,$0,$-0,$5,$-0,$0,$0,$0,$0,$42,$-50,$-8,$0,$9,$-25,$0,$0,$-2,$24,$6,$2,$0,$0
42,2008-03-31,9.3,$0.00,0.0,$10.33,0.9,$1.81,5.13,$1.39,6.69,$0.86B,$0.73B,1.17,$0.10B,$0.09B,1.09,$0.06B,$0.04B,58.06%,$0.06B,$0.01B,17.74%,$0.06B,0,0.00%,$0.06B,0,0.00%,$0.06B,$0.01B,17.74%,$0.06B,$0.01B,12.90%,$0.01B,$0.09B,9.61%,$0.01B,$0.09B,9.61%,$0.01B,$0.93B,0.83%,$0.01B,$0.18B,5.48%,$15,$5,$9,$0,$7,$12,$3,$0,$3,$1,$2,$2,$2,$0,$0,$6,6,$0.37,$0.37,$293,$0,$0,$855,$0,$38,$0,$17,$56,$925,$729,$95,$13,$109,$837,$15,$0,$0,$87,$925,$2,$0,$0,$0,$0,$0,$0,$0,$-0,$2,$-0,$0,$0,$0,$0,$24,$-18,$6,$0,$7,$-35,$0,$0,$-1,$20,$-9,$-1,$0,$0
43,2007-12-31,9.53,$0.00,0.0,$10.54,0.9,$1.46,6.54,$1.35,7.06,$0.85B,$0.70B,1.22,$0.13B,$0.09B,1.53,$0.06B,$0.04B,58.06%,$0.06B,$0.01B,16.13%,$0.06B,0,0.00%,$0.06B,0,0.00%,$0.06B,$0.01B,16.13%,$0.06B,$0.01B,12.90%,$0.01B,$0.09B,9.85%,$0.01B,$0.09B,9.85%,$0.01B,$0.93B,0.82%,$0.01B,$0.22B,4.76%,$16,$7,$9,$0,$7,$13,$3,$0,$3,$1,$2,$2,$2,$0,$0,$6,6,$0.35,$0.35,$310,$0,$0,$852,$0,$40,$0,$21,$60,$927,$701,$130,$10,$140,$842,$15,$61,$0,$85,$927,$8,$2,$0,$2,$0,$0,$0,$0,$-5,$5,$-1,$0,$0,$0,$0,$68,$-25,$42,$0,$-29,$-15,$0,$-0,$-5,$1,$-48,$-1,$0,$0
44,2007-09-30,10.68,$0.00,0.0,$10.63,1.01,$2.41,4.42,$1.31,8.15,$0.93B,$0.80B,1.17,$0.12B,$0.08B,1.41,$0.06B,$0.04B,59.02%,$0.06B,$0.01B,14.75%,$0.06B,0,0.00%,$0.06B,0,0.00%,$0.06B,$0.01B,14.75%,$0.06B,$0.01B,13.11%,$0.01B,$0.08B,10.09%,$0.01B,$0.08B,10.09%,$0.01B,$1.01B,0.81%,$0.01B,$0.20B,4.25%,$16,$7,$9,$0,$6,$13,$3,$0,$3,$1,$2,$2,$2,$0,$0,$6,6,$0.35,$0.35,$385,$0,$0,$931,$0,$42,$0,$20,$61,$1006,$797,$115,$12,$127,$924,$14,$63,$0,$82,$1006,$6,$1,$0,$1,$0,$0,$0,$0,$-2,$4,$-0,$0,$0,$0,$0,$-10,$-29,$-40,$0,$50,$-30,$0,$0,$-3,$18,$33,$-2,$0,$0
45,2007-06-30,11.02,$0.00,0.0,$10.66,1.03,$2.84,3.88,$1.31,8.41,$0.93B,$0.78B,1.19,$0.13B,$0.08B,1.65,$0.06B,$0.04B,60.00%,$0.06B,$0.01B,13.33%,$0.06B,0,0.00%,$0.06B,0,0.00%,$0.06B,$0.01B,13.33%,$0.06B,$0.01B,13.33%,$0.01B,$0.08B,10.26%,$0.01B,$0.08B,10.26%,$0.01B,$1.00B,0.82%,$0.01B,$0.21B,3.79%,$15,$7,$9,$0,$6,$13,$2,$0,$2,$0,$2,$2,$2,$0,$0,$6,6,$0.32,$0.32,$391,$0,$0,$929,$0,$39,$0,$20,$59,$1002,$783,$130,$10,$140,$923,$14,$60,$0,$79,$1002,$4,$1,$0,$1,$0,$0,$0,$0,$-2,$2,$-0,$0,$0,$0,$0,$-21,$-19,$-41,$0,$28,$-15,$0,$0,$-2,$25,$36,$-3,$0,$0
46,2007-03-31,11.2,$0.00,0.0,$10.77,1.04,$3.33,3.36,$1.35,8.3,$0.89B,$0.73B,1.22,$0.14B,$0.08B,1.78,$0.06B,$0.04B,60.00%,$0.06B,$0.01B,13.33%,$0.06B,0,0.00%,$0.06B,0,0.00%,$0.06B,$0.01B,13.33%,$0.06B,$0.01B,13.33%,$0.01B,$0.08B,10.46%,$0.01B,$0.08B,10.46%,$0.01B,$0.96B,0.83%,$0.01B,$0.22B,3.79%,$15,$6,$9,$0,$6,$13,$2,$0,$2,$0,$2,$2,$2,$0,$0,$6,6,$0.33,$0.33,$359,$0,$0,$889,$0,$39,$0,$20,$58,$962,$732,$140,$11,$151,$883,$14,$60,$0,$79,$962,$2,$0,$0,$0,$0,$0,$0,$0,$-2,$-0,$-0,$0,$0,$0,$0,$11,$-12,$-1,$0,$-10,$-5,$0,$0,$-1,$13,$-4,$-5,$0,$0
47,2006-12-31,11.96,$0.00,0.0,$10.69,1.12,$3.52,3.4,$1.34,8.92,$0.89B,$0.73B,1.22,$0.15B,$0.08B,1.88,$0.06B,$0.04B,61.02%,$0.06B,$0.01B,13.56%,$0.06B,0,0.00%,$0.06B,0,0.00%,$0.06B,$0.01B,13.56%,$0.06B,$0.01B,13.56%,$0.01B,$0.08B,10.63%,$0.01B,$0.08B,10.63%,$0.01B,$0.97B,0.83%,$0.01B,$0.22B,3.73%,$15,$6,$9,$0,$6,$13,$2,$0,$2,$0,$2,$2,$2,$0,$0,$6,6,$0.31,$0.31,$373,$0,$0,$892,$0,$38,$0,$20,$58,$965,$730,$146,$12,$158,$887,$14,$58,$0,$77,$965,$7,$2,$0,$2,$0,$0,$0,$0,$1,$10,$-2,$0,$0,$0,$0,$17,$-31,$-15,$0,$1,$20,$0,$0,$-5,$-10,$6,$1,$0,$0
