,Date,Stock Price,Book Value per Share,Price to Book Ratio,TTM Sales per Share,Price to Sales Ratio,TTM FCF per Share,Price to FCF Ratio,TTM Net EPS,PE Ratio,Current Assets,Current Liabilities,Current Ratio,Long Term Debt,Shareholder's Equity_x,Debt to Equity Ratio,TTM Revenue_x,TTM Gross Profit,Gross Margin,TTM Revenue_y,TTM Operating Income,Operating Margin,TTM Revenue_x,TTM EBIT,EBIT Margin,TTM Revenue_y,TTM EBITDA,EBITDA Margin,TTM Revenue_x,TTM Pre-Tax Income,Pre-Tax Margin,TTM Revenue_y,TTM Net Income_x,Net Margin,TTM Net Income_y,Shareholder's Equity_y,Return on Equity,TTM Net Income_x,Tangible Equity,Return on Tangible Equity,TTM Net Income_y,Total Assets,Return on Assets,TTM Net Income,LT Investments & Debt,Return on Investment,revenue,cost-goods-sold,gross-profit,research-development-expenses,selling-general-administrative-expenses,operating-expenses,operating-income,total-non-operating-income-expense,pre-tax-income,total-provision-income-taxes,income-after-taxes,income-from-continuous-operations,net-income,ebitda,ebit,basic-shares-outstanding,shares-outstanding,eps-basic-net-earnings-per-share,eps-earnings-per-share-diluted,cash-on-hand,inventory,other-current-assets,total-current-assets,net-property-plant-equipment,long-term-investments,goodwill-intangible-assets-total,other-long-term-assets,total-long-term-assets,total-assets,total-current-liabilities,long-term-debt,other-non-current-liabilities,total-long-term-liabilities,total-liabilities,common-stock-net,retained-earnings-accumulated-deficit,comprehensive-income,total-share-holder-equity,total-liabilities-share-holders-equity,net-income-loss,total-depreciation-amortization-cash-flow,other-non-cash-items,total-non-cash-items,change-in-accounts-receivable,change-in-inventories,change-in-accounts-payable,change-in-assets-liabilities,total-change-in-assets-liabilities,cash-flow-from-operating-activities,net-change-in-property-plant-equipment,net-change-in-intangible-assets,net-acquisitions-divestitures,net-change-in-short-term-investments,net-change-in-long-term-investments,net-change-in-investments-total,investing-activities-other,cash-flow-from-investing-activities,net-long-term-debt,net-current-debt,debt-issuance-retirement-net-total,net-common-equity-issued-repurchased,net-total-equity-issued-repurchased,total-common-preferred-stock-dividends-paid,financial-activities-other,cash-flow-from-financial-activities,net-cash-flow,stock-based-compensation,common-stock-dividends-paid
0,2018-09-30,19.65,$12.67,1.55,$12.65,1.55,$6.86,2.86,$-3.19,0.0,$0.55B,$0.14B,4.03,$0.34B,$0.60B,0.57,$0.59B,$0.46B,78.31%,$0.59B,$-0.13B,-22.20%,$0.59B,$-0.13B,-22.20%,$0.59B,$-0.10B,-17.12%,$0.59B,$-0.15B,-25.25%,$0.59B,$-0.15B,-24.92%,$-0.15B,$0.60B,-25.83%,$-0.15B,$-0.11B,100.51%,$-0.15B,$1.31B,-11.89%,$-0.13B,$0.94B,-14.46%,$143,$25,$117,$23,$44,$115,$28,$-4,$24,$38,$-14,$-14,$-14,$34,$28,$47,47,$-0.29,$-0.29,$461,$11,$7,$547,$52,$0,$712,$0,$764,$1311,$136,$341,$165,$577,$712,$0,$-403,$4,$599,$1311,$24,$20,$73,$93,$30,$27,$0,$-5,$46,$163,$-23,$-0,$0,$-139,$0,$-139,$0,$-162,$-1,$0,$-1,$13,$13,$0,$0,$13,$14,$16,$0
1,2018-06-30,28.7,$12.87,2.23,$12.69,2.26,$4.46,6.44,$-3.45,0.0,$0.50B,$0.12B,4.09,$0.34B,$0.61B,0.56,$0.59B,$0.46B,77.55%,$0.59B,$-0.16B,-27.38%,$0.59B,$-0.16B,-27.38%,$0.59B,$-0.13B,-21.94%,$0.59B,$-0.18B,-30.44%,$0.59B,$-0.16B,-26.87%,$-0.16B,$0.61B,-26.81%,$-0.16B,$-0.11B,80.82%,$-0.16B,$1.25B,-12.69%,$-0.16B,$0.95B,-17.41%,$153,$31,$122,$26,$44,$94,$59,$-4,$55,$8,$46,$46,$46,$66,$59,$47,47,$0.99,$0.98,$392,$21,$2,$495,$43,$0,$713,$1,$756,$1251,$121,$338,$147,$523,$644,$0,$-390,$5,$607,$1251,$38,$15,$18,$32,$17,$16,$0,$-2,$15,$85,$-11,$-0,$0,$-148,$0,$-148,$0,$-159,$-1,$0,$-1,$11,$11,$0,$0,$10,$-64,$11,$0
2,2018-03-31,23.65,$11.79,2.01,$12.48,1.9,$2.36,10.01,$-4.61,0.0,$0.43B,$0.12B,3.65,$0.34B,$0.55B,0.61,$0.57B,$0.44B,77.35%,$0.57B,$-0.22B,-37.80%,$0.57B,$-0.22B,-37.80%,$0.57B,$-0.18B,-31.71%,$0.57B,$-0.24B,-41.29%,$0.57B,$-0.21B,-36.93%,$-0.21B,$0.55B,-34.75%,$-0.21B,$-0.17B,83.88%,$-0.21B,$1.19B,-16.75%,$-0.22B,$0.89B,-23.02%,$106,$21,$85,$31,$48,$106,$0,$-5,$-5,$3,$-8,$-8,$-8,$8,$0,$47,47,$-0.18,$-0.18,$334,$28,$1,$428,$39,$0,$719,$0,$759,$1187,$117,$337,$158,$520,$637,$0,$-436,$9,$550,$1187,$-8,$7,$9,$16,$31,$10,$0,$-1,$21,$29,$-5,$-0,$0,$-107,$0,$-107,$0,$-112,$-1,$0,$-1,$2,$2,$0,$0,$2,$-81,$6,$0
3,2017-12-31,21.45,$11.20,1.92,$12.80,1.68,$1.17,18.34,$-4.84,0.0,$0.44B,$0.14B,3.07,$0.33B,$0.52B,0.64,$0.59B,$0.45B,77.17%,$0.59B,$-0.23B,-39.52%,$0.59B,$-0.23B,-39.52%,$0.59B,$-0.20B,-33.56%,$0.59B,$-0.25B,-42.93%,$0.59B,$-0.22B,-37.99%,$-0.22B,$0.52B,-34.76%,$-0.22B,$-0.20B,75.27%,$-0.22B,$1.20B,-17.17%,$-0.23B,$0.85B,-23.88%,$188,$50,$138,$35,$40,$406,$-218,$-5,$-223,$-52,$-171,$-171,$-171,$-209,$-218,$46,46,$-3.72,$-3.72,$307,$38,$2,$442,$37,$0,$717,$1,$756,$1198,$144,$334,$154,$534,$678,$0,$-455,$7,$520,$1198,$-223,$35,$312,$347,$-29,$6,$0,$0,$-27,$97,$-14,$-1,$4,$0,$0,$0,$0,$-11,$-2,$0,$-2,$10,$10,$0,$54,$62,$149,$33,$0
4,2017-09-30,23.65,$14.56,1.62,$11.81,2.0,$0.01,1791.67,$-1.21,0.0,$0.30B,$0.11B,2.77,$0.33B,$0.68B,0.49,$0.54B,$0.43B,78.70%,$0.54B,$-0.01B,-2.41%,$0.54B,$-0.01B,-2.41%,$0.54B,$0.02B,3.89%,$0.54B,$-0.03B,-5.74%,$0.54B,$-0.06B,-10.19%,$-0.06B,$0.68B,-8.12%,$-0.06B,$-0.31B,16.33%,$-0.06B,$1.35B,-4.12%,$-0.01B,$1.01B,-1.29%,$141,$30,$111,$33,$41,$143,$-2,$-4,$-6,$19,$-25,$-25,$-25,$6,$-2,$46,46,$-0.55,$-0.55,$193,$40,$7,$303,$36,$0,$990,$9,$1042,$1345,$110,$332,$100,$555,$665,$0,$-284,$7,$680,$1345,$-52,$26,$99,$125,$-2,$3,$0,$-8,$-36,$37,$-10,$-0,$0,$0,$0,$0,$0,$-11,$-2,$0,$-2,$7,$7,$0,$3,$7,$34,$25,$0
5,2017-06-30,19.7,$14.79,1.33,$11.74,1.68,$-0.60,0.0,$-0.94,0.0,$0.26B,$0.11B,2.39,$0.33B,$0.69B,0.48,$0.54B,$0.42B,78.88%,$0.54B,$-0.02B,-2.99%,$0.54B,$-0.02B,-2.99%,$0.54B,$0.02B,3.36%,$0.54B,$-0.04B,-6.54%,$0.54B,$-0.04B,-8.04%,$-0.04B,$0.69B,-6.38%,$-0.04B,$-0.34B,12.25%,$-0.04B,$1.33B,-3.24%,$-0.02B,$1.02B,-1.61%,$139,$30,$110,$51,$49,$137,$3,$-5,$-3,$5,$-8,$-8,$-8,$13,$3,$46,46,$-0.18,$-0.18,$141,$44,$5,$256,$37,$0,$1025,$9,$1077,$1332,$107,$328,$100,$536,$643,$0,$-259,$-0,$690,$1332,$-27,$18,$34,$53,$-3,$-1,$0,$-4,$-41,$-15,$-9,$-0,$0,$0,$0,$0,$0,$-9,$-2,$0,$-2,$5,$5,$0,$3,$6,$-17,$19,$0
6,2017-03-31,21.0,$14.46,1.45,$11.51,1.82,$-0.19,0.0,$-1.16,0.0,$0.25B,$0.12B,2.08,$0.33B,$0.68B,0.48,$0.52B,$0.41B,78.97%,$0.52B,$-0.03B,-6.31%,$0.52B,$-0.03B,-6.31%,$0.52B,$-0.00B,-0.19%,$0.52B,$-0.05B,-9.94%,$0.52B,$-0.05B,-10.13%,$-0.05B,$0.68B,-7.88%,$-0.05B,$-0.34B,14.90%,$-0.05B,$1.32B,-3.98%,$-0.03B,$1.00B,-3.36%,$119,$25,$94,$46,$52,$135,$-15,$-5,$-20,$-1,$-19,$-19,$-19,$-7,$-15,$46,46,$-0.41,$-0.41,$134,$46,$5,$248,$37,$0,$1019,$9,$1072,$1320,$119,$326,$92,$524,$644,$0,$-251,$-10,$676,$1320,$-19,$8,$14,$22,$2,$-3,$0,$-5,$-29,$-25,$-6,$-0,$0,$0,$0,$0,$0,$-6,$-2,$0,$-2,$5,$5,$0,$3,$6,$-25,$8,$0
7,2016-12-31,18.8,$14.54,1.29,$11.49,1.64,$0.61,30.64,$-0.76,0.0,$0.27B,$0.15B,1.84,$0.32B,$0.66B,0.49,$0.52B,$0.41B,79.23%,$0.52B,$-0.04B,-6.73%,$0.52B,$-0.04B,-6.73%,$0.52B,$-0.01B,-0.96%,$0.52B,$-0.04B,-8.08%,$0.52B,$-0.04B,-6.73%,$-0.04B,$0.66B,-5.19%,$-0.04B,$-0.36B,13.86%,$-0.04B,$1.34B,-2.68%,$-0.04B,$0.99B,-3.59%,$141,$30,$110,$54,$59,$140,$1,$-3,$-2,$1,$-3,$-3,$-3,$9,$1,$45,45,$-0.07,$-0.07,$159,$43,$6,$273,$34,$0,$1023,$6,$1070,$1342,$148,$324,$81,$530,$678,$0,$-244,$-13,$664,$1342,$-36,$32,$24,$56,$-20,$-7,$0,$4,$15,$35,$-6,$-1,$-266,$200,$0,$200,$0,$-74,$0,$0,$0,$76,$76,$0,$-30,$46,$5,$36,$0
8,2016-09-30,20.88,$14.45,1.44,$11.39,1.83,$0.72,29.17,$-0.48,0.0,$0.24B,$0.12B,2.01,$0.30B,$0.67B,0.45,$0.51B,$0.41B,79.61%,$0.51B,$-0.03B,-6.27%,$0.51B,$-0.03B,-6.27%,$0.51B,$-0.00B,-0.59%,$0.51B,$-0.04B,-7.65%,$0.51B,$-0.02B,-4.51%,$-0.02B,$0.67B,-3.49%,$-0.02B,$-0.37B,13.90%,$-0.02B,$1.32B,-1.84%,$-0.03B,$0.96B,-3.36%,$136,$28,$108,$55,$55,$141,$-5,$-5,$-10,$3,$-13,$-13,$-13,$3,$-5,$45,45,$-0.28,$-0.28,$128,$41,$5,$238,$36,$0,$1033,$6,$1080,$1318,$118,$297,$110,$533,$652,$0,$-241,$-4,$667,$1318,$-33,$23,$18,$42,$-17,$-4,$0,$6,$-6,$3,$-5,$-0,$-268,$200,$0,$200,$0,$-73,$0,$0,$0,$75,$75,$0,$-30,$45,$-25,$27,$0
9,2016-06-30,25.51,$14.79,1.72,$11.81,2.16,$1.01,25.23,$-0.11,0.0,$0.26B,$0.14B,1.93,$0.30B,$0.68B,0.43,$0.52B,$0.42B,80.65%,$0.52B,$-0.00B,-0.19%,$0.52B,$-0.00B,-0.19%,$0.52B,$0.03B,4.98%,$0.52B,$-0.01B,-1.34%,$0.52B,$-0.01B,-1.15%,$-0.01B,$0.68B,-0.94%,$-0.01B,$-0.35B,7.16%,$-0.01B,$1.35B,-0.50%,$-0.00B,$0.98B,-0.11%,$127,$27,$101,$50,$63,$141,$-14,$-6,$-20,$-1,$-19,$-19,$-18,$-6,$-14,$45,45,$-0.40,$-0.40,$137,$56,$6,$263,$37,$0,$1036,$6,$1083,$1347,$136,$295,$107,$529,$665,$0,$-228,$-5,$682,$1347,$-19,$15,$4,$19,$-14,$-19,$0,$4,$-2,$-3,$-3,$-0,$-275,$207,$0,$207,$0,$-71,$0,$0,$0,$74,$74,$0,$-16,$58,$-16,$17,$0
10,2016-03-31,26.45,$14.88,1.78,$11.63,2.27,$0.90,29.5,$0.31,85.32,$0.54B,$0.11B,5.18,$0.29B,$0.68B,0.43,$0.51B,$0.41B,80.75%,$0.51B,$0.02B,3.73%,$0.51B,$0.02B,3.73%,$0.51B,$0.04B,8.64%,$0.51B,$0.02B,2.95%,$0.51B,$0.01B,2.55%,$0.01B,$0.68B,2.15%,$0.01B,$0.07B,-148.57%,$0.01B,$1.21B,1.15%,$0.02B,$0.98B,2.11%,$116,$23,$93,$45,$59,$133,$-17,$7,$-10,$-10,$-1,$-1,$-1,$-11,$-17,$45,45,$-0.01,$-0.01,$432,$40,$17,$544,$38,$0,$614,$0,$667,$1212,$105,$293,$79,$423,$528,$0,$-210,$0,$684,$1212,$-1,$7,$-6,$1,$-10,$-3,$0,$8,$7,$7,$-1,$-0,$0,$200,$0,$200,$0,$198,$0,$0,$0,$73,$73,$0,$-0,$73,$278,$8,$0
11,2015-12-31,42.78,$14.03,3.05,$11.42,3.75,$0.49,87.47,$0.25,171.12,$0.45B,$0.09B,4.98,$0.29B,$0.60B,0.48,$0.49B,$0.40B,80.93%,$0.49B,$0.04B,7.10%,$0.49B,$0.04B,7.10%,$0.49B,$0.06B,12.17%,$0.49B,$0.02B,4.06%,$0.49B,$0.01B,2.23%,$0.01B,$0.60B,1.92%,$0.01B,$-0.01B,-25.73%,$0.01B,$1.11B,1.00%,$0.04B,$0.90B,4.05%,$131,$27,$104,$44,$53,$127,$4,$-3,$1,$-9,$9,$9,$9,$11,$4,$42,44,$0.22,$0.21,$359,$36,$8,$451,$40,$0,$614,$0,$660,$1111,$91,$292,$72,$418,$508,$0,$-209,$-0,$603,$1111,$11,$27,$26,$53,$1,$-10,$0,$-15,$-25,$38,$-6,$-1,$0,$-78,$0,$-78,$0,$-85,$0,$0,$0,$18,$18,$0,$-0,$18,$-29,$33,$0
12,2015-09-30,26.51,$13.41,1.98,$11.19,2.37,$1.38,19.24,$0.05,530.2,$0.43B,$0.09B,4.61,$0.30B,$0.58B,0.51,$0.48B,$0.39B,80.83%,$0.48B,$0.03B,6.67%,$0.48B,$0.03B,6.67%,$0.48B,$0.06B,11.67%,$0.48B,$0.02B,3.33%,$0.48B,$0.00B,0.42%,$0.00B,$0.58B,0.36%,$0.00B,$-0.04B,-3.39%,$0.00B,$1.10B,0.18%,$0.03B,$0.87B,3.77%,$148,$25,$123,$43,$51,$123,$26,$-4,$22,$18,$4,$4,$4,$32,$26,$42,43,$0.09,$0.09,$325,$47,$8,$430,$42,$0,$615,$10,$671,$1100,$93,$295,$69,$432,$525,$0,$-219,$-0,$575,$1100,$2,$20,$27,$47,$0,$-20,$0,$-11,$-32,$16,$-5,$-1,$0,$-110,$0,$-110,$0,$-116,$0,$0,$0,$8,$8,$0,$-0,$8,$-92,$25,$0
13,2015-06-30,33.33,$13.09,2.55,$10.27,3.24,$2.52,13.24,$0.24,138.88,$0.43B,$0.11B,3.83,$0.29B,$0.56B,0.52,$0.44B,$0.35B,79.91%,$0.44B,$0.03B,6.16%,$0.44B,$0.03B,6.16%,$0.44B,$0.05B,11.42%,$0.44B,$0.01B,2.28%,$0.44B,$0.01B,2.28%,$0.01B,$0.56B,1.84%,$0.01B,$-0.05B,12.90%,$0.01B,$1.10B,0.94%,$0.03B,$0.85B,3.24%,$114,$23,$91,$31,$53,$108,$6,$-4,$2,$1,$1,$1,$1,$12,$6,$42,43,$0.02,$0.02,$303,$49,$8,$428,$44,$0,$615,$11,$673,$1101,$112,$293,$66,$429,$540,$0,$-222,$-0,$560,$1101,$-2,$13,$19,$32,$2,$-22,$0,$-14,$-36,$-6,$-4,$-1,$0,$-101,$0,$-101,$0,$-106,$0,$0,$0,$6,$6,$0,$-0,$6,$-106,$16,$0
14,2015-03-31,33.28,$12.83,2.59,$9.94,3.35,$3.26,10.21,$0.33,100.85,$0.42B,$0.12B,3.47,$0.29B,$0.55B,0.53,$0.42B,$0.34B,80.05%,$0.42B,$0.03B,7.60%,$0.42B,$0.03B,7.60%,$0.42B,$0.05B,12.35%,$0.42B,$0.02B,4.51%,$0.42B,$0.01B,3.33%,$0.01B,$0.55B,2.65%,$0.01B,$-0.07B,6.61%,$0.01B,$1.10B,1.37%,$0.03B,$0.84B,3.92%,$100,$19,$81,$31,$49,$101,$-1,$-4,$-5,$-2,$-3,$-3,$-3,$5,$-1,$42,42,$-0.07,$-0.07,$301,$46,$7,$424,$46,$0,$615,$11,$675,$1099,$122,$291,$65,$428,$550,$0,$-223,$-0,$549,$1099,$-3,$6,$8,$15,$2,$-19,$0,$-10,$-21,$-9,$-3,$-0,$0,$-113,$0,$-113,$0,$-116,$0,$0,$0,$5,$5,$0,$-0,$5,$-121,$7,$0
15,2014-12-31,40.87,$12.90,3.17,$9.47,4.32,$3.62,11.29,$0.42,97.31,$0.39B,$0.11B,3.42,$0.29B,$0.54B,0.54,$0.40B,$0.32B,79.85%,$0.40B,$0.04B,8.96%,$0.40B,$0.04B,8.96%,$0.40B,$0.05B,13.18%,$0.40B,$0.03B,6.72%,$0.40B,$0.02B,4.48%,$0.02B,$0.54B,3.57%,$0.02B,$-0.08B,5.35%,$0.02B,$1.07B,2.00%,$0.04B,$0.83B,5.00%,$118,$25,$93,$26,$56,$117,$1,$-4,$-3,$-3,$0,$0,$0,$7,$1,$41,43,$0.01,$0.01,$309,$27,$7,$391,$46,$0,$616,$6,$674,$1065,$114,$290,$62,$410,$525,$0,$-220,$-0,$540,$1065,$18,$16,$45,$61,$-1,$-1,$0,$-15,$-4,$75,$-5,$-3,$-476,$190,$0,$190,$0,$-294,$345,$0,$345,$16,$16,$0,$-8,$353,$134,$29,$0
16,2014-09-30,33.88,$12.68,2.67,$8.92,3.8,$2.83,11.97,$0.56,60.5,$0.84B,$0.10B,8.36,$0.29B,$0.52B,0.55,$0.38B,$0.30B,80.11%,$0.38B,$0.05B,12.73%,$0.38B,$0.05B,12.73%,$0.38B,$0.06B,16.45%,$0.38B,$0.04B,11.41%,$0.38B,$0.02B,6.37%,$0.02B,$0.52B,5.02%,$0.02B,$0.51B,5.20%,$0.02B,$0.97B,3.06%,$0.05B,$0.81B,7.70%,$106,$21,$85,$17,$48,$85,$21,$-4,$16,$5,$12,$12,$12,$26,$21,$41,42,$0.29,$0.28,$767,$27,$10,$844,$17,$0,$17,$6,$129,$973,$101,$288,$8,$349,$450,$0,$-221,$0,$523,$973,$17,$11,$34,$45,$6,$-1,$0,$-11,$-1,$61,$-2,$-2,$0,$-397,$0,$-397,$0,$-401,$345,$0,$345,$8,$8,$0,$-8,$345,$5,$21,$0
17,2014-06-30,33.71,$12.19,2.77,$8.44,3.99,$1.83,18.46,$0.46,73.28,$0.69B,$0.10B,7.33,$0.29B,$0.50B,0.57,$0.36B,$0.29B,80.06%,$0.36B,$0.04B,10.67%,$0.36B,$0.04B,10.67%,$0.36B,$0.05B,14.04%,$0.36B,$0.04B,10.67%,$0.36B,$0.02B,5.34%,$0.02B,$0.50B,4.18%,$0.02B,$0.48B,4.35%,$0.02B,$0.94B,2.76%,$0.04B,$0.79B,7.19%,$97,$19,$78,$16,$51,$86,$11,$-0,$11,$6,$5,$5,$5,$14,$11,$41,42,$0.11,$0.11,$606,$31,$10,$693,$16,$122,$17,$6,$250,$943,$95,$286,$7,$348,$443,$0,$-233,$0,$500,$943,$5,$5,$22,$28,$4,$-5,$0,$-9,$-10,$23,$-1,$-1,$0,$-135,$0,$-135,$0,$-138,$345,$0,$345,$4,$4,$0,$-8,$342,$227,$13,$0
18,2014-03-31,37.91,$10.98,3.45,$8.24,4.6,$1.27,29.93,$0.44,86.16,$0.36B,$0.10B,3.84,$0.00B,$0.45B,0.01,$0.35B,$0.28B,80.06%,$0.35B,$0.04B,10.40%,$0.35B,$0.04B,10.40%,$0.35B,$0.05B,13.58%,$0.35B,$0.04B,10.12%,$0.35B,$0.02B,5.20%,$0.02B,$0.45B,4.18%,$0.02B,$0.43B,4.34%,$0.02B,$0.61B,3.02%,$0.04B,$0.45B,8.30%,$81,$16,$65,$15,$47,$77,$3,$0,$3,$3,$1,$1,$1,$6,$3,$41,42,$0.02,$0.02,$271,$31,$8,$363,$16,$102,$18,$0,$248,$612,$95,$2,$7,$67,$161,$0,$-237,$0,$451,$612,$1,$3,$9,$11,$2,$-5,$0,$-2,$-7,$4,$-1,$-1,$0,$-9,$0,$-9,$0,$-11,$0,$0,$0,$4,$4,$0,$-0,$3,$-4,$6,$0
19,2013-12-31,29.2,$10.77,2.71,$8.14,3.59,$0.97,30.16,$0.39,74.87,$0.37B,$0.10B,3.8,$0.00B,$0.44B,0.01,$0.34B,$0.27B,80.12%,$0.34B,$0.03B,9.20%,$0.34B,$0.03B,9.20%,$0.34B,$0.04B,12.17%,$0.34B,$0.03B,8.61%,$0.34B,$0.02B,4.75%,$0.02B,$0.44B,3.85%,$0.02B,$0.42B,3.98%,$0.02B,$0.61B,2.74%,$0.03B,$0.44B,7.39%,$93,$19,$74,$14,$47,$80,$13,$-0,$13,$6,$6,$6,$6,$16,$13,$40,42,$0.15,$0.15,$274,$26,$8,$367,$17,$93,$17,$0,$240,$607,$97,$3,$7,$70,$167,$0,$-238,$0,$440,$607,$16,$10,$34,$44,$-4,$-5,$0,$-6,$-21,$39,$-4,$-3,$-7,$-30,$0,$-30,$0,$-45,$0,$0,$0,$13,$13,$0,$-1,$12,$6,$25,$0
20,2013-09-30,34.2,$10.50,3.26,$7.94,4.31,$1.16,29.55,$3.51,9.74,$0.39B,$0.09B,4.39,$0.00B,$0.43B,0.01,$0.33B,$0.26B,80.31%,$0.33B,$0.02B,5.85%,$0.33B,$0.02B,5.85%,$0.33B,$0.03B,8.92%,$0.33B,$0.02B,5.23%,$0.33B,$0.14B,44.00%,$0.14B,$0.43B,35.55%,$0.14B,$0.41B,36.60%,$0.14B,$0.59B,24.95%,$0.02B,$0.43B,4.68%,$85,$17,$68,$14,$42,$74,$11,$-0,$11,$4,$7,$7,$7,$14,$11,$40,42,$0.19,$0.18,$292,$26,$7,$388,$18,$57,$18,$0,$199,$587,$88,$3,$7,$72,$160,$0,$-244,$0,$426,$587,$10,$6,$24,$30,$1,$-5,$0,$-3,$-20,$20,$-4,$-3,$-7,$-14,$0,$-14,$0,$-27,$0,$0,$0,$12,$12,$0,$-1,$12,$4,$18,$0
21,2013-06-30,32.99,$10.11,3.26,$7.85,4.2,$1.42,23.25,$3.57,9.24,$0.41B,$0.10B,4.26,$0.00B,$0.41B,0.01,$0.32B,$0.26B,80.76%,$0.32B,$0.02B,5.68%,$0.32B,$0.02B,5.68%,$0.32B,$0.03B,8.52%,$0.32B,$0.02B,5.05%,$0.32B,$0.15B,46.06%,$0.15B,$0.41B,40.90%,$0.15B,$0.40B,42.01%,$0.15B,$0.58B,27.60%,$0.02B,$0.41B,4.99%,$87,$17,$70,$13,$48,$78,$9,$-1,$8,$4,$4,$4,$4,$11,$9,$40,42,$0.10,$0.09,$303,$32,$11,$413,$18,$29,$10,$0,$163,$576,$97,$3,$7,$74,$171,$0,$-252,$0,$405,$576,$3,$4,$13,$18,$-1,$-11,$0,$-4,$-20,$1,$-3,$-2,$0,$0,$0,$0,$0,$-4,$0,$0,$0,$5,$5,$0,$-1,$4,$1,$11,$0
22,2013-03-31,32.03,$9.82,3.26,$7.64,4.19,$1.69,18.93,$3.59,8.92,$0.39B,$0.10B,4.04,$0.00B,$0.39B,0.01,$0.31B,$0.25B,81.05%,$0.31B,$0.01B,4.58%,$0.31B,$0.01B,4.58%,$0.31B,$0.02B,7.52%,$0.31B,$0.01B,4.25%,$0.31B,$0.15B,48.04%,$0.15B,$0.39B,46.93%,$0.15B,$0.38B,48.36%,$0.15B,$0.57B,30.26%,$0.01B,$0.40B,4.41%,$72,$14,$58,$13,$48,$74,$-2,$-0,$-3,$-2,$-1,$-1,$-1,$-0,$-2,$40,40,$-0.03,$-0.03,$283,$29,$11,$391,$17,$42,$9,$0,$175,$565,$97,$3,$7,$77,$174,$0,$-256,$0,$392,$565,$-1,$2,$3,$5,$3,$-8,$0,$-3,$-12,$-8,$-1,$-1,$0,$1,$0,$1,$0,$-1,$0,$0,$0,$2,$2,$0,$-0,$2,$-7,$5,$0
23,2012-12-31,24.86,$9.70,2.56,$7.60,3.27,$1.91,13.03,$3.81,6.52,$0.33B,$0.10B,3.37,$0.00B,$0.39B,0.01,$0.31B,$0.25B,81.64%,$0.31B,$0.03B,8.20%,$0.31B,$0.03B,8.20%,$0.31B,$0.03B,11.15%,$0.31B,$0.02B,7.87%,$0.31B,$0.16B,51.15%,$0.16B,$0.39B,57.78%,$0.16B,$0.38B,59.77%,$0.16B,$0.57B,35.37%,$0.03B,$0.39B,9.12%,$81,$16,$65,$18,$46,$80,$1,$-0,$1,$-132,$133,$133,$133,$4,$1,$39,40,$3.37,$3.30,$234,$21,$10,$333,$17,$99,$9,$0,$232,$565,$99,$4,$8,$81,$179,$0,$-255,$0,$386,$565,$155,$9,$-112,$-103,$-3,$7,$0,$-16,$-0,$52,$-10,$-3,$0,$-58,$0,$-58,$0,$-71,$0,$0,$0,$4,$4,$0,$-1,$3,$-16,$21,$0
24,2012-09-30,25.61,$6.22,4.12,$7.39,3.46,$2.47,10.35,$0.86,29.78,$0.29B,$0.08B,3.57,$0.00B,$0.25B,0.02,$0.30B,$0.24B,81.82%,$0.30B,$0.04B,12.46%,$0.30B,$0.04B,12.46%,$0.30B,$0.03B,11.11%,$0.30B,$0.04B,12.12%,$0.30B,$0.04B,12.12%,$0.04B,$0.25B,16.02%,$0.04B,$0.24B,16.69%,$0.04B,$0.41B,9.13%,$0.04B,$0.25B,16.14%,$77,$15,$63,$12,$40,$67,$10,$-0,$10,$1,$10,$10,$10,$12,$10,$39,40,$0.24,$0.24,$233,$19,$9,$293,$16,$86,$9,$1,$118,$410,$82,$4,$8,$83,$165,$0,$-387,$0,$245,$410,$22,$7,$15,$22,$-0,$9,$0,$-12,$-8,$35,$-9,$-2,$0,$-44,$0,$-44,$0,$-55,$0,$0,$0,$3,$3,$0,$-1,$2,$-18,$15,$0
25,2012-06-30,23.56,$5.82,4.05,$7.78,3.03,$2.62,8.99,$1.09,21.61,$0.33B,$0.09B,3.7,$0.00B,$0.23B,0.02,$0.31B,$0.24B,77.96%,$0.31B,$0.05B,15.34%,$0.31B,$0.05B,15.34%,$0.31B,$0.06B,18.21%,$0.31B,$0.05B,14.70%,$0.31B,$0.05B,14.38%,$0.05B,$0.23B,21.40%,$0.05B,$0.22B,22.30%,$0.05B,$0.40B,11.85%,$0.05B,$0.23B,22.35%,$76,$14,$62,$13,$44,$71,$5,$-0,$5,$0,$5,$5,$5,$7,$5,$39,40,$0.12,$0.11,$256,$29,$9,$327,$14,$47,$9,$1,$76,$403,$88,$4,$8,$85,$173,$0,$-397,$-0,$230,$403,$12,$5,$9,$14,$-1,$-1,$0,$-11,$-11,$15,$-6,$-1,$0,$-3,$0,$-3,$0,$-10,$0,$0,$0,$2,$2,$0,$-0,$2,$7,$10,$0
26,2012-03-31,26.55,$5.56,4.78,$7.57,3.51,$2.13,12.47,$0.97,27.37,$0.35B,$0.08B,4.24,$0.00B,$0.22B,0.02,$0.30B,$0.24B,77.81%,$0.30B,$0.04B,14.57%,$0.30B,$0.04B,14.57%,$0.30B,$0.05B,17.88%,$0.30B,$0.04B,13.58%,$0.30B,$0.04B,13.25%,$0.04B,$0.22B,20.67%,$0.04B,$0.21B,21.98%,$0.04B,$0.39B,11.02%,$0.04B,$0.22B,22.19%,$71,$13,$59,$11,$39,$62,$9,$-1,$8,$0,$8,$8,$8,$11,$9,$39,40,$0.20,$0.19,$279,$29,$11,$348,$7,$17,$9,$1,$38,$386,$82,$4,$5,$85,$167,$0,$-402,$-0,$219,$386,$8,$2,$4,$6,$1,$-0,$0,$-6,$-11,$3,$-3,$-1,$0,$-4,$0,$-4,$0,$-7,$0,$0,$0,$2,$2,$0,$-0,$2,$-3,$4,$0
27,2011-12-31,23.84,$5.22,4.57,$7.39,3.23,$1.80,13.24,$0.76,31.37,$0.36B,$0.09B,4.13,$0.01B,$0.21B,0.03,$0.29B,$0.23B,77.05%,$0.29B,$0.04B,11.99%,$0.29B,$0.04B,11.99%,$0.29B,$0.05B,15.75%,$0.29B,$0.03B,10.96%,$0.29B,$0.03B,10.62%,$0.03B,$0.21B,17.46%,$0.03B,$0.20B,19.02%,$0.03B,$0.38B,8.84%,$0.04B,$0.21B,19.18%,$73,$14,$59,$10,$36,$60,$13,$-0,$13,$0,$13,$13,$13,$3,$13,$39,40,$0.33,$0.32,$296,$28,$7,$361,$4,$0,$9,$0,$19,$379,$87,$5,$4,$87,$174,$0,$-409,$0,$205,$379,$31,$11,$33,$44,$-1,$10,$0,$-18,$-9,$66,$-2,$-4,$0,$-39,$0,$-39,$0,$-45,$0,$0,$0,$4,$4,$0,$-2,$2,$23,$19,$0
28,2011-09-30,19.96,$4.78,4.18,$7.31,2.73,$-0.37,0.0,$0.53,37.66,$0.33B,$0.07B,4.49,$0.01B,$0.19B,0.03,$0.29B,$0.22B,76.57%,$0.29B,$0.03B,9.09%,$0.29B,$0.03B,9.09%,$0.29B,$0.05B,17.48%,$0.29B,$0.02B,8.04%,$0.29B,$0.02B,7.69%,$0.02B,$0.19B,13.41%,$0.02B,$0.18B,15.02%,$0.02B,$0.35B,6.45%,$0.03B,$0.19B,15.36%,$93,$29,$64,$9,$35,$72,$21,$-1,$20,$1,$19,$19,$19,$36,$21,$39,40,$0.48,$0.47,$269,$30,$8,$334,$4,$0,$7,$0,$17,$351,$74,$5,$5,$90,$164,$0,$-422,$0,$187,$351,$18,$21,$15,$36,$2,$9,$0,$-12,$-21,$33,$-1,$-1,$0,$-24,$0,$-24,$0,$-26,$0,$0,$0,$4,$4,$0,$-1,$2,$10,$14,$0
29,2011-06-30,32.31,$4.16,7.76,$6.59,4.9,$-1.74,0.0,$0.37,87.32,$0.31B,$0.08B,3.7,$0.01B,$0.16B,0.03,$0.26B,$0.21B,80.54%,$0.26B,$0.02B,7.00%,$0.26B,$0.02B,7.00%,$0.26B,$0.03B,11.28%,$0.26B,$0.02B,5.84%,$0.26B,$0.02B,5.84%,$0.02B,$0.16B,9.82%,$0.02B,$0.14B,11.41%,$0.02B,$0.34B,4.46%,$0.02B,$0.17B,11.37%,$65,$12,$53,$12,$40,$64,$1,$-1,$-0,$0,$-0,$-0,$-0,$4,$1,$39,39,$-0.01,$-0.01,$229,$42,$4,$306,$4,$0,$21,$0,$30,$336,$83,$5,$3,$91,$173,$0,$-441,$0,$163,$336,$-1,$6,$9,$14,$-3,$-4,$0,$-6,$-23,$-9,$-1,$-1,$0,$22,$0,$22,$0,$21,$0,$0,$0,$4,$4,$0,$-1,$3,$14,$9,$0
30,2011-03-31,23.2,$3.99,5.81,$6.03,3.85,$-2.81,0.0,$0.20,116.0,$0.31B,$0.09B,3.47,$0.01B,$0.16B,0.03,$0.24B,$0.19B,80.43%,$0.24B,$0.01B,4.68%,$0.24B,$0.01B,4.68%,$0.24B,$0.02B,8.94%,$0.24B,$0.01B,3.40%,$0.24B,$0.01B,3.40%,$0.01B,$0.16B,5.60%,$0.01B,$0.13B,6.61%,$0.01B,$0.34B,2.45%,$0.01B,$0.16B,7.41%,$61,$12,$49,$11,$38,$61,$0,$-1,$-1,$0,$-1,$-1,$-1,$3,$0,$39,39,$-0.02,$-0.02,$226,$45,$4,$306,$4,$0,$21,$0,$31,$336,$88,$5,$4,$93,$181,$0,$-441,$0,$155,$336,$-1,$3,$4,$7,$-2,$-6,$0,$-3,$-18,$-12,$-1,$-0,$0,$57,$0,$57,$0,$56,$0,$0,$0,$0,$0,$0,$-0,$0,$44,$4,$0
31,2010-12-31,27.26,$3.90,6.99,$4.92,5.54,$-3.13,0.0,$-0.34,0.0,$0.31B,$0.09B,3.31,$0.01B,$0.15B,0.04,$0.19B,$0.16B,80.73%,$0.19B,$-0.01B,-4.69%,$0.19B,$-0.01B,-4.69%,$0.19B,$0.00B,0.00%,$0.19B,$-0.01B,-6.25%,$0.19B,$-0.01B,-6.25%,$-0.01B,$0.15B,-8.91%,$-0.01B,$0.13B,-10.67%,$-0.01B,$0.34B,-3.73%,$-0.01B,$0.16B,-6.39%,$67,$13,$53,$8,$41,$63,$4,$-0,$4,$0,$4,$4,$4,$7,$4,$38,38,$0.11,$0.12,$240,$38,$4,$311,$3,$0,$21,$0,$31,$342,$94,$6,$4,$97,$191,$0,$-440,$-0,$151,$342,$-12,$9,$18,$26,$-17,$-32,$0,$-10,$-33,$-19,$-2,$-7,$0,$15,$0,$15,$0,$5,$0,$0,$0,$8,$8,$0,$-7,$1,$-13,$18,$0
32,2010-09-30,33.02,$3.69,8.95,$3.56,9.28,$-1.57,0.0,$-1.02,0.0,$0.30B,$0.09B,3.35,$0.01B,$0.14B,0.04,$0.14B,$0.11B,81.29%,$0.14B,$-0.04B,-25.18%,$0.14B,$-0.04B,-25.18%,$0.14B,$-0.03B,-19.42%,$0.14B,$-0.04B,-27.34%,$0.14B,$-0.04B,-27.34%,$-0.04B,$0.14B,-28.95%,$-0.04B,$0.12B,-34.55%,$-0.04B,$0.33B,-12.03%,$-0.04B,$0.15B,-25.45%,$64,$12,$52,$8,$31,$50,$13,$-1,$12,$0,$12,$12,$12,$15,$13,$38,40,$0.32,$0.31,$246,$26,$3,$300,$3,$0,$22,$0,$32,$331,$89,$6,$5,$100,$189,$0,$-444,$0,$142,$331,$-15,$6,$12,$18,$-12,$-19,$0,$-8,$-23,$-21,$-2,$-7,$0,$58,$0,$58,$0,$49,$0,$0,$0,$8,$8,$0,$-1,$7,$35,$13,$0
33,2010-06-30,31.11,$3.20,9.72,$2.37,13.12,$0.32,96.55,$-1.85,0.0,$0.26B,$0.07B,3.73,$0.01B,$0.12B,0.05,$0.09B,$0.07B,82.22%,$0.09B,$-0.07B,-74.44%,$0.09B,$-0.07B,-74.44%,$0.09B,$-0.06B,-65.56%,$0.09B,$-0.07B,-76.67%,$0.09B,$-0.07B,-76.67%,$-0.07B,$0.12B,-51.21%,$-0.07B,$0.10B,-59.87%,$-0.07B,$0.30B,-21.72%,$-0.07B,$0.13B,-47.43%,$43,$8,$35,$7,$34,$49,$-6,$-1,$-7,$0,$-7,$-7,$-7,$-4,$-6,$38,38,$-0.18,$-0.18,$217,$20,$4,$264,$3,$0,$23,$0,$32,$296,$71,$6,$5,$103,$173,$0,$-456,$0,$123,$296,$-28,$4,$7,$11,$-12,$-13,$0,$-6,$-34,$-50,$-1,$-7,$0,$82,$0,$82,$0,$74,$0,$0,$0,$6,$6,$0,$-1,$5,$28,$8,$0
34,2010-03-31,34.2,$3.23,10.6,$1.59,21.57,$0.82,41.95,$-2.29,0.0,$0.29B,$0.09B,3.21,$0.01B,$0.12B,0.05,$0.06B,$0.05B,81.67%,$0.06B,$-0.08B,-138.33%,$0.06B,$-0.08B,-138.33%,$0.06B,$-0.08B,-125.00%,$0.06B,$-0.09B,-141.67%,$0.06B,$-0.09B,-141.67%,$-0.09B,$0.12B,-57.82%,$-0.09B,$0.10B,-65.76%,$-0.09B,$0.32B,-25.32%,$-0.08B,$0.13B,-53.98%,$18,$3,$15,$8,$27,$38,$-20,$-1,$-21,$0,$-21,$-21,$-21,$-18,$-20,$38,38,$-0.56,$-0.56,$244,$24,$3,$286,$2,$0,$23,$0,$32,$318,$89,$6,$6,$106,$195,$0,$-449,$0,$123,$318,$-21,$2,$3,$5,$-2,$-17,$0,$-5,$-8,$-24,$-0,$-7,$0,$66,$0,$66,$0,$59,$0,$0,$0,$4,$4,$0,$-0,$4,$38,$3,$0
35,2009-12-31,25.2,$3.62,6.96,$1.45,17.38,$0.93,27.0,$-2.23,0.0,$0.29B,$0.07B,4.02,$0.01B,$0.14B,0.05,$0.05B,$0.04B,81.48%,$0.05B,$-0.08B,-150.00%,$0.05B,$-0.08B,-150.00%,$0.05B,$-0.07B,-137.04%,$0.05B,$-0.08B,-153.70%,$0.05B,$-0.08B,-153.70%,$-0.08B,$0.14B,-50.61%,$-0.08B,$0.12B,-56.08%,$-0.08B,$0.32B,-25.80%,$-0.08B,$0.14B,-47.37%,$14,$3,$11,$11,$23,$36,$-22,$-0,$-22,$0,$-22,$-22,$-22,$-20,$-22,$38,38,$-0.59,$-0.59,$272,$7,$4,$293,$2,$0,$17,$0,$26,$319,$73,$7,$6,$109,$182,$0,$-428,$0,$137,$319,$-84,$8,$13,$20,$-1,$-1,$0,$102,$102,$39,$-1,$-1,$0,$-14,$0,$-14,$0,$-16,$0,$0,$0,$3,$3,$0,$-7,$-5,$18,$12,$0
36,2009-09-30,23.28,$4.14,5.63,$1.43,16.23,$-1.55,0.0,$-2.18,0.0,$0.31B,$0.07B,4.8,$0.01B,$0.16B,0.05,$0.05B,$0.04B,82.69%,$0.05B,$-0.08B,-153.85%,$0.05B,$-0.08B,-153.85%,$0.05B,$-0.08B,-144.23%,$0.05B,$-0.08B,-155.77%,$0.05B,$-0.08B,-155.77%,$-0.08B,$0.16B,-44.63%,$-0.08B,$0.14B,-48.94%,$-0.08B,$0.34B,-25.92%,$-0.08B,$0.16B,-42.44%,$15,$3,$13,$8,$23,$34,$-19,$-0,$-19,$0,$-19,$-19,$-19,$-17,$-19,$38,38,$-0.51,$-0.51,$293,$6,$5,$311,$3,$0,$16,$0,$26,$338,$65,$7,$11,$116,$181,$0,$-406,$0,$156,$338,$-61,$6,$9,$15,$0,$1,$0,$100,$98,$52,$-2,$0,$0,$-54,$0,$-54,$0,$-56,$0,$0,$0,$2,$2,$0,$-2,$1,$-4,$9,$0
37,2009-06-30,28.19,$4.55,6.19,$1.38,20.36,$-3.79,0.0,$-2.19,0.0,$0.34B,$0.07B,4.61,$0.01B,$0.17B,0.04,$0.05B,$0.04B,81.63%,$0.05B,$-0.08B,-163.27%,$0.05B,$-0.08B,-163.27%,$0.05B,$-0.08B,-157.14%,$0.05B,$-0.08B,-165.31%,$0.05B,$-0.08B,-165.31%,$-0.08B,$0.17B,-40.81%,$-0.08B,$0.16B,-44.51%,$-0.08B,$0.37B,-26.78%,$-0.08B,$0.18B,-38.93%,$13,$3,$10,$8,$24,$35,$-22,$-1,$-23,$0,$-23,$-23,$-23,$-20,$-22,$38,38,$-0.62,$-0.62,$213,$6,$3,$341,$3,$0,$16,$0,$27,$368,$74,$7,$12,$122,$196,$0,$-386,$0,$172,$368,$-42,$3,$6,$9,$-1,$2,$0,$1,$2,$-31,$-1,$0,$0,$34,$0,$34,$0,$33,$0,$0,$0,$2,$2,$0,$-1,$1,$3,$6,$0
38,2009-03-31,19.81,$5.08,3.9,$1.40,14.13,$-3.52,0.0,$-2.15,0.0,$0.24B,$0.05B,4.78,$0.01B,$0.19B,0.04,$0.05B,$0.04B,82.98%,$0.05B,$-0.08B,-159.57%,$0.05B,$-0.08B,-159.57%,$0.05B,$-0.07B,-157.45%,$0.05B,$-0.08B,-163.83%,$0.05B,$-0.08B,-163.83%,$-0.08B,$0.19B,-41.96%,$-0.08B,$0.18B,-46.18%,$-0.08B,$0.26B,-30.02%,$-0.08B,$0.20B,-39.37%,$12,$3,$10,$8,$20,$30,$-18,$-1,$-19,$0,$-19,$-19,$-19,$-17,$-18,$38,38,$-0.50,$-0.50,$226,$5,$2,$242,$3,$0,$16,$1,$20,$262,$51,$7,$13,$20,$70,$0,$-363,$0,$191,$262,$-19,$1,$3,$4,$0,$1,$0,$1,$-5,$-20,$-0,$0,$0,$26,$0,$26,$0,$25,$0,$0,$0,$1,$1,$0,$-0,$1,$7,$3,$0
39,2008-12-31,20.51,$5.51,3.72,$1.45,14.15,$-3.32,0.0,$-2.19,0.0,$0.26B,$0.06B,4.8,$0.01B,$0.21B,0.03,$0.05B,$0.04B,80.85%,$0.05B,$-0.07B,-155.32%,$0.05B,$-0.07B,-155.32%,$0.05B,$-0.07B,-155.32%,$0.05B,$-0.07B,-157.45%,$0.05B,$-0.07B,-157.45%,$-0.07B,$0.21B,-44.18%,$-0.07B,$0.19B,-49.33%,$-0.07B,$0.28B,-30.83%,$-0.07B,$0.21B,-41.89%,$12,$3,$10,$10,$20,$33,$-21,$1,$-20,$0,$-20,$-20,$-20,$-21,$-21,$34,34,$-0.54,$-0.54,$246,$6,$2,$262,$2,$0,$17,$1,$19,$282,$55,$7,$13,$20,$74,$0,$-344,$1,$207,$282,$-74,$0,$12,$13,$-0,$3,$0,$2,$12,$-49,$-1,$-6,$0,$-134,$0,$-134,$0,$-141,$-0,$0,$-0,$205,$205,$0,$-2,$203,$13,$10,$0
40,2008-09-30,23.85,$5.98,3.99,$1.51,15.79,$-2.87,0.0,$-2.13,0.0,$0.28B,$0.05B,5.75,$0.01B,$0.22B,0.03,$0.05B,$0.04B,80.43%,$0.05B,$-0.07B,-145.65%,$0.05B,$-0.07B,-145.65%,$0.05B,$-0.07B,-145.65%,$0.05B,$-0.07B,-147.83%,$0.05B,$-0.07B,-147.83%,$-0.07B,$0.22B,-51.71%,$-0.07B,$0.21B,-59.26%,$-0.07B,$0.30B,-33.79%,$-0.07B,$0.23B,-48.46%,$12,$3,$10,$9,$20,$32,$-19,$0,$-19,$0,$-19,$-19,$-19,$-19,$-19,$35,35,$-0.53,$-0.53,$264,$7,$1,$278,$2,$0,$17,$1,$20,$298,$48,$7,$18,$25,$74,$0,$-324,$1,$224,$298,$-54,$0,$10,$10,$0,$2,$0,$2,$12,$-32,$-1,$-5,$0,$-102,$0,$-102,$0,$-108,$-0,$0,$-0,$205,$205,$0,$-1,$203,$63,$7,$0
41,2008-06-30,32.83,$3.43,9.58,$1.53,21.49,$-2.53,0.0,$-1.90,0.0,$0.16B,$0.05B,3.54,$0.01B,$0.11B,0.06,$0.04B,$0.04B,79.55%,$0.04B,$-0.06B,-129.55%,$0.04B,$-0.06B,-129.55%,$0.04B,$-0.06B,-129.55%,$0.04B,$-0.06B,-131.82%,$0.04B,$-0.06B,-131.82%,$-0.06B,$0.11B,-61.54%,$-0.06B,$0.10B,-74.12%,$-0.06B,$0.18B,-36.02%,$-0.06B,$0.12B,-56.44%,$11,$3,$9,$8,$18,$28,$-17,$-2,$-19,$0,$-19,$-19,$-19,$-17,$-17,$33,33,$-0.58,$-0.58,$149,$6,$1,$164,$2,$0,$18,$1,$20,$184,$46,$7,$19,$26,$72,$0,$-305,$0,$112,$184,$-35,$0,$7,$7,$-1,$1,$0,$3,$10,$-18,$-1,$-5,$0,$-35,$0,$-35,$0,$-41,$-0,$0,$-0,$77,$77,$0,$-1,$76,$17,$4,$0
42,2008-03-31,17.95,$3.90,4.6,$1.57,11.46,$-2.43,0.0,$-1.65,0.0,$0.18B,$0.05B,3.88,$0.01B,$0.13B,0.05,$0.04B,$0.03B,78.57%,$0.04B,$-0.05B,-114.29%,$0.04B,$-0.05B,-114.29%,$0.04B,$-0.05B,-114.29%,$0.04B,$-0.05B,-111.90%,$0.04B,$-0.05B,-111.90%,$-0.05B,$0.13B,-55.95%,$-0.05B,$0.11B,-68.61%,$-0.05B,$0.20B,-31.65%,$-0.05B,$0.13B,-53.04%,$12,$3,$9,$10,$15,$28,$-16,$-0,$-16,$0,$-16,$-16,$-16,$-16,$-16,$30,30,$-0.54,$-0.54,$161,$7,$1,$175,$2,$0,$18,$1,$21,$196,$45,$7,$17,$24,$69,$0,$-286,$1,$127,$196,$-16,$0,$5,$5,$0,$1,$0,$1,$2,$-10,$-0,$0,$0,$-14,$0,$-14,$0,$-14,$-0,$0,$-0,$75,$75,$0,$-0,$74,$51,$2,$0
43,2007-12-31,21.96,$2.22,9.89,$1.54,14.28,$-2.41,0.0,$-1.43,0.0,$0.11B,$0.04B,2.83,$0.01B,$0.06B,0.11,$0.04B,$0.03B,81.58%,$0.04B,$-0.04B,-105.26%,$0.04B,$-0.04B,-105.26%,$0.04B,$-0.04B,-105.26%,$0.04B,$-0.04B,-102.63%,$0.04B,$-0.04B,-102.63%,$-0.04B,$0.06B,-69.96%,$-0.04B,$0.05B,-91.76%,$-0.04B,$0.13B,-33.48%,$-0.04B,$0.07B,-64.26%,$11,$3,$9,$10,$14,$26,$-15,$1,$-14,$0,$-14,$-14,$-14,$-15,$-15,$26,26,$-0.50,$-0.50,$95,$8,$1,$111,$2,$0,$14,$1,$16,$127,$39,$7,$18,$25,$64,$0,$-270,$0,$63,$127,$-38,$-1,$8,$7,$0,$-0,$0,$0,$5,$-26,$-1,$-10,$0,$-39,$0,$-39,$0,$-51,$-1,$0,$-1,$75,$75,$0,$2,$75,$-1,$8,$0
44,2007-09-30,18.35,$2.63,6.97,$1.53,11.99,$-2.69,0.0,$-1.25,0.0,$0.12B,$0.04B,3.28,$0.01B,$0.08B,0.09,$0.04B,$0.03B,77.14%,$0.04B,$-0.03B,-91.43%,$0.04B,$-0.03B,-91.43%,$0.04B,$-0.03B,-88.57%,$0.04B,$-0.03B,-91.43%,$0.04B,$-0.03B,-91.43%,$-0.03B,$0.08B,-71.51%,$-0.03B,$0.06B,-99.22%,$-0.03B,$0.14B,-30.26%,$-0.03B,$0.08B,-62.75%,$10,$2,$8,$6,$12,$19,$-9,$0,$-9,$0,$-9,$-9,$-9,$-9,$-9,$28,28,$-0.30,$-0.30,$105,$7,$1,$120,$2,$0,$14,$1,$17,$137,$37,$7,$19,$25,$62,$0,$-256,$0,$75,$137,$-24,$-0,$6,$6,$1,$-1,$0,$-2,$3,$-16,$-1,$-10,$0,$-47,$0,$-47,$0,$-58,$-1,$0,$-1,$74,$74,$0,$2,$76,$3,$6,$0
45,2007-06-30,17.06,$2.57,6.64,$1.48,11.55,$-3.38,0.0,$-1.32,0.0,$0.12B,$0.04B,3.06,$0.01B,$0.07B,0.09,$0.03B,$0.02B,77.42%,$0.03B,$-0.03B,-96.77%,$0.03B,$-0.03B,-96.77%,$0.03B,$-0.03B,-90.32%,$0.03B,$-0.03B,-96.77%,$0.03B,$-0.03B,-96.77%,$-0.03B,$0.07B,-125.00%,$-0.03B,$0.06B,-222.22%,$-0.03B,$0.13B,-36.81%,$-0.03B,$0.08B,-97.56%,$9,$2,$7,$4,$12,$18,$-8,$-0,$-8,$0,$-8,$-8,$-8,$-8,$-8,$24,24,$-0.33,$-0.33,$105,$6,$1,$117,$1,$0,$15,$1,$17,$134,$38,$7,$18,$25,$63,$0,$-248,$0,$71,$134,$-16,$0,$4,$4,$1,$0,$0,$-1,$1,$-11,$-1,$-5,$0,$-33,$0,$-33,$0,$-38,$-0,$0,$-0,$64,$64,$0,$3,$66,$17,$4,$0
46,2007-03-31,19.42,$0.57,33.93,$1.58,12.3,$-3.91,0.0,$-1.14,0.0,$0.06B,$0.03B,1.95,$0.01B,$0.01B,0.48,$0.03B,$0.03B,78.13%,$0.03B,$-0.03B,-78.13%,$0.03B,$-0.03B,-78.13%,$0.03B,$-0.02B,-68.75%,$0.03B,$-0.03B,-78.13%,$0.03B,$-0.03B,-78.13%,$-0.03B,$0.01B,-434.78%,$-0.03B,$0.00B,1000.00%,$-0.03B,$0.07B,-42.37%,$-0.03B,$0.02B,-188.68%,$8,$2,$7,$3,$11,$16,$-8,$0,$-8,$0,$-8,$-8,$-8,$-8,$-8,$24,24,$-0.32,$-0.32,$45,$5,$1,$56,$1,$0,$10,$1,$12,$68,$29,$7,$19,$26,$54,$0,$-240,$0,$14,$68,$-8,$0,$2,$2,$2,$1,$0,$-2,$-2,$-7,$-0,$-5,$0,$4,$0,$4,$0,$-1,$-0,$0,$-0,$0,$0,$0,$3,$3,$-5,$2,$0
47,2006-12-31,15.84,$0.79,20.07,$1.58,10.05,$-4.99,0.0,$-4.87,0.0,$0.07B,$0.04B,1.86,$0.01B,$0.02B,0.36,$0.03B,$0.02B,75.00%,$0.03B,$-0.02B,-85.71%,$0.03B,$-0.02B,-85.71%,$0.03B,$-0.02B,-75.00%,$0.03B,$-0.02B,-85.71%,$0.03B,$-0.06B,-214.29%,$-0.06B,$0.02B,-2666.67%,$-0.06B,$0.01B,1200.00%,$-0.06B,$0.08B,-110.09%,$-0.02B,$0.03B,-223.26%,$8,$3,$5,$3,$8,$14,$-7,$-0,$-7,$0,$-7,$-7,$-7,$-6,$-7,$18,18,$1.20,$1.20,$54,$6,$6,$72,$1,$0,$10,$1,$12,$84,$39,$7,$20,$27,$66,$0,$-232,$0,$19,$84,$-24,$2,$3,$5,$-4,$1,$0,$3,$-4,$-23,$-1,$0,$0,$-33,$0,$-33,$0,$-34,$-1,$0,$-1,$62,$62,$0,$3,$64,$6,$4,$0
