,Date,Stock Price,Book Value per Share,Price to Book Ratio,TTM Sales per Share,Price to Sales Ratio,TTM FCF per Share,Price to FCF Ratio,TTM Net EPS,PE Ratio,Current Assets,Current Liabilities,Current Ratio,Long Term Debt,Shareholder's Equity_x,Debt to Equity Ratio,TTM Revenue_x,TTM Gross Profit,Gross Margin,TTM Revenue_y,TTM Operating Income,Operating Margin,TTM Revenue_x,TTM EBIT,EBIT Margin,TTM Revenue_y,TTM EBITDA,EBITDA Margin,TTM Revenue_x,TTM Pre-Tax Income,Pre-Tax Margin,TTM Revenue_y,TTM Net Income_x,Net Margin,TTM Net Income_y,Shareholder's Equity_y,Return on Equity,TTM Net Income_x,Tangible Equity,Return on Tangible Equity,TTM Net Income_y,Total Assets,Return on Assets,TTM Net Income,LT Investments & Debt,Return on Investment,revenue,cost-goods-sold,gross-profit,research-development-expenses,selling-general-administrative-expenses,operating-expenses,operating-income,total-non-operating-income-expense,pre-tax-income,total-provision-income-taxes,income-after-taxes,income-from-continuous-operations,net-income,ebitda,ebit,basic-shares-outstanding,shares-outstanding,eps-basic-net-earnings-per-share,eps-earnings-per-share-diluted,cash-on-hand,inventory,other-current-assets,total-current-assets,net-property-plant-equipment,long-term-investments,goodwill-intangible-assets-total,other-long-term-assets,total-long-term-assets,total-assets,total-current-liabilities,long-term-debt,other-non-current-liabilities,total-long-term-liabilities,total-liabilities,common-stock-net,retained-earnings-accumulated-deficit,comprehensive-income,total-share-holder-equity,total-liabilities-share-holders-equity,net-income-loss,total-depreciation-amortization-cash-flow,other-non-cash-items,total-non-cash-items,change-in-accounts-receivable,change-in-inventories,change-in-accounts-payable,change-in-assets-liabilities,total-change-in-assets-liabilities,cash-flow-from-operating-activities,net-change-in-property-plant-equipment,net-change-in-intangible-assets,net-acquisitions-divestitures,net-change-in-short-term-investments,net-change-in-long-term-investments,net-change-in-investments-total,investing-activities-other,cash-flow-from-investing-activities,net-long-term-debt,net-current-debt,debt-issuance-retirement-net-total,net-common-equity-issued-repurchased,net-total-equity-issued-repurchased,total-common-preferred-stock-dividends-paid,financial-activities-other,cash-flow-from-financial-activities,net-cash-flow,stock-based-compensation,common-stock-dividends-paid
0,2018-09-30,14.52,$4.72,3.08,$0.24,59.73,$-6.55,0.0,$-3.79,0.0,$0.15B,$0.02B,6.53,$0.00B,$0.15B,0.0,$0.01B,$0.00B,25.00%,$0.01B,$-0.12B,-1512.50%,$0.01B,$-0.12B,-1512.50%,$0.01B,$-0.12B,-1512.50%,$0.01B,$-0.12B,-1487.50%,$0.01B,$-0.12B,-1462.50%,$-0.12B,$0.15B,-62.82%,$-0.12B,$0.12B,-72.78%,$-0.12B,$0.18B,-55.52%,$-0.12B,$0.15B,-64.97%,$2,$1,$0,$16,$18,$35,$-33,$1,$-33,$0,$-33,$-33,$-33,$-33,$-33,$31,31,$-1.06,$-1.06,$134,$1,$0,$146,$4,$0,$26,$0,$31,$176,$22,$0,$7,$8,$30,$0,$-254,$-0,$146,$176,$-94,$1,$16,$17,$-1,$-1,$6,$-3,$4,$-74,$-1,$0,$0,$0,$81,$81,$0,$80,$-0,$0,$-0,$1,$1,$0,$0,$0,$6,$15,$0
1,2018-06-30,19.97,$5.63,3.55,$0.21,93.2,$-5.43,0.0,$-3.36,0.0,$0.17B,$0.02B,8.53,$0.00B,$0.17B,0.0,$0.01B,$0.00B,28.57%,$0.01B,$-0.11B,-1528.57%,$0.01B,$-0.11B,-1528.57%,$0.01B,$-0.11B,-1528.57%,$0.01B,$-0.10B,-1485.71%,$0.01B,$-0.10B,-1457.14%,$-0.10B,$0.17B,-48.40%,$-0.10B,$0.15B,-55.14%,$-0.10B,$0.20B,-43.97%,$-0.11B,$0.17B,-50.77%,$4,$1,$2,$14,$20,$36,$-32,$1,$-31,$0,$-31,$-31,$-31,$-32,$-32,$31,31,$-1.01,$-1.01,$165,$1,$0,$171,$4,$0,$26,$0,$31,$202,$20,$0,$7,$8,$28,$0,$-221,$-0,$174,$202,$-61,$1,$11,$12,$-2,$-1,$5,$2,$6,$-44,$-1,$0,$0,$0,$70,$70,$0,$69,$-0,$0,$-0,$0,$0,$0,$0,$0,$26,$10,$0
2,2018-03-31,17.52,$6.49,2.7,$0.10,183.52,$-4.86,0.0,$-2.91,0.0,$0.19B,$0.01B,13.91,$0.00B,$0.20B,0.0,$0.00B,0,0.00%,$0.00B,$-0.09B,-3000.00%,$0.00B,$-0.09B,-3000.00%,$0.00B,$-0.09B,-3000.00%,$0.00B,$-0.09B,-2933.33%,$0.00B,$-0.09B,-2866.67%,$-0.09B,$0.20B,-41.10%,$-0.09B,$0.18B,-45.26%,$-0.09B,$0.22B,-38.10%,$-0.09B,$0.20B,-43.01%,$1,$1,$0,$14,$17,$32,$-31,$1,$-30,$0,$-30,$-30,$-30,$-31,$-31,$31,31,$-0.98,$-0.98,$187,$0,$0,$192,$2,$0,$26,$0,$28,$221,$14,$0,$6,$6,$20,$0,$-190,$-0,$200,$221,$-30,$0,$6,$6,$0,$0,$0,$1,$2,$-22,$-0,$0,$0,$0,$56,$56,$0,$56,$-0,$0,$-0,$0,$0,$0,$0,$0,$35,$5,$0
3,2017-12-31,24.66,$7.30,3.38,$0.06,416.06,$-4.64,0.0,$-2.41,0.0,$0.20B,$0.01B,15.69,$0.00B,$0.23B,0.0,$0.00B,0,0.00%,$0.00B,$-0.07B,-3600.00%,$0.00B,$-0.07B,-3600.00%,$0.00B,$-0.07B,-3600.00%,$0.00B,$-0.07B,-3550.00%,$0.00B,$-0.07B,-3450.00%,$-0.07B,$0.23B,-34.63%,$-0.07B,$0.20B,-37.05%,$-0.07B,$0.24B,-32.55%,$-0.07B,$0.23B,-36.14%,$1,$1,$0,$13,$12,$26,$-25,$1,$-25,$0,$-23,$-23,$-23,$-25,$-25,$28,28,$-0.77,$-0.77,$194,$0,$0,$200,$2,$15,$26,$0,$43,$244,$13,$0,$5,$5,$18,$0,$-159,$-0,$225,$244,$-69,$0,$13,$13,$0,$0,$5,$-4,$1,$-55,$-1,$0,$-10,$0,$-45,$-45,$0,$-56,$-0,$0,$-0,$100,$100,$0,$0,$100,$-10,$14,$0
4,2017-09-30,25.81,$7.92,3.26,$0.02,1088.06,$-4.28,0.0,$-2.16,0.0,$0.23B,$0.01B,23.43,$0.00B,$0.24B,0.0,$0.00B,0,0.00%,$0.00B,$-0.06B,-5900.00%,$0.00B,$-0.06B,-5900.00%,$0.00B,$-0.06B,-5900.00%,$0.00B,$-0.06B,-5700.00%,$0.00B,$-0.06B,-5700.00%,$-0.06B,$0.24B,-30.77%,$-0.06B,$0.22B,-31.89%,$-0.06B,$0.26B,-29.23%,$-0.06B,$0.24B,-31.85%,$1,$0,$0,$11,$8,$19,$-19,$1,$-18,$0,$-18,$-18,$-18,$-19,$-19,$29,29,$-0.63,$-0.63,$228,$0,$0,$234,$1,$0,$26,$0,$27,$261,$10,$0,$5,$7,$17,$0,$-137,$-0,$244,$261,$-46,$0,$10,$10,$0,$0,$3,$-4,$-1,$-36,$-1,$0,$-10,$0,$-24,$-24,$0,$-34,$0,$0,$0,$100,$100,$0,$0,$100,$30,$10,$0
5,2017-06-30,27.12,$6.29,4.31,0,0.0,$-4.24,0.0,$-2.03,0.0,$0.18B,$0.01B,21.0,$0.00B,$0.17B,0.0,$0.00B,0,nan%,$0.00B,$-0.05B,inf%,$0.00B,$-0.05B,inf%,$0.00B,$-0.05B,inf%,$0.00B,$-0.05B,inf%,$0.00B,$-0.05B,inf%,$-0.05B,$0.17B,-34.60%,$-0.05B,$0.17B,-34.60%,$-0.05B,$0.18B,-33.06%,$-0.05B,$0.17B,-35.29%,$0,$0,$0,$8,$7,$15,$-15,$0,$-15,$0,$-15,$-15,$-15,$-15,$-15,$27,27,$-0.56,$-0.56,$170,$0,$0,$176,$1,$0,$0,$0,$1,$177,$8,$0,$0,$0,$9,$0,$-118,$-0,$168,$177,$-27,$0,$6,$7,$0,$0,$3,$-4,$-2,$-23,$-0,$0,$0,$0,$6,$6,$0,$6,$0,$0,$0,$20,$20,$0,$0,$20,$3,$6,$0
6,2017-03-31,29.82,$6.14,4.86,0,0.0,$-4.18,0.0,$-2.09,0.0,$0.16B,$0.01B,27.91,$0.00B,$0.16B,0.0,$0.00B,0,nan%,$0.00B,$-0.05B,inf%,$0.00B,$-0.05B,inf%,$0.00B,$-0.05B,inf%,$0.00B,$-0.05B,inf%,$0.00B,$-0.05B,inf%,$-0.05B,$0.16B,-38.40%,$-0.05B,$0.16B,-38.40%,$-0.05B,$0.17B,-36.64%,$-0.05B,$0.16B,-39.20%,$0,$0,$0,$8,$5,$13,$-13,$0,$-13,$0,$-13,$-13,$-13,$-13,$-13,$26,26,$-0.48,$-0.48,$153,$0,$0,$157,$1,$8,$0,$0,$9,$166,$6,$0,$0,$0,$6,$0,$-103,$-0,$160,$166,$-13,$0,$3,$3,$0,$0,$1,$-3,$-3,$-13,$-0,$0,$0,$0,$6,$6,$0,$6,$0,$0,$0,$0,$0,$0,$0,$0,$-6,$3,$0
7,2016-12-31,27.14,$6.50,4.17,0,0.0,$-4.03,0.0,$-2.26,0.0,$0.14B,$0.01B,22.27,$0.00B,$0.17B,0.0,$0.00B,0,nan%,$0.00B,$-0.05B,inf%,$0.00B,$-0.05B,inf%,$0.00B,$-0.05B,inf%,$0.00B,$-0.05B,inf%,$0.00B,$-0.05B,inf%,$-0.05B,$0.17B,-45.39%,$-0.05B,$0.17B,-45.39%,$-0.05B,$0.18B,-43.15%,$-0.05B,$0.17B,-46.34%,$0,$0,$0,$7,$5,$12,$-12,$0,$-11,$0,$-11,$-11,$-11,$-12,$-12,$21,21,$-0.48,$-0.48,$137,$0,$0,$139,$0,$37,$0,$0,$38,$176,$6,$0,$0,$0,$7,$0,$-91,$-0,$169,$176,$-48,$0,$9,$9,$0,$0,$2,$-0,$4,$-35,$-0,$0,$0,$0,$-62,$-62,$0,$-62,$0,$0,$0,$117,$117,$0,$0,$117,$20,$6,$0
8,2016-09-30,25.61,$3.79,6.76,0,0.0,$-5.82,0.0,$-2.05,0.0,$0.09B,$0.01B,18.64,$0.00B,$0.08B,0.0,$0.00B,0,nan%,$0.00B,$-0.04B,inf%,$0.00B,$-0.04B,inf%,$0.00B,$-0.04B,inf%,$0.00B,$-0.04B,inf%,$0.00B,$-0.04B,inf%,$-0.04B,$0.08B,-48.41%,$-0.04B,$0.08B,-48.41%,$-0.04B,$0.09B,-46.28%,$-0.04B,$0.08B,-48.41%,$0,$0,$0,$7,$4,$11,$-11,$0,$-11,$0,$-11,$-11,$-11,$-11,$-11,$21,21,$-0.50,$-0.50,$84,$0,$0,$86,$0,$0,$0,$0,$0,$86,$5,$0,$0,$0,$5,$0,$-79,$-0,$81,$86,$-37,$0,$7,$7,$0,$0,$1,$0,$3,$-27,$-0,$0,$0,$0,$16,$16,$0,$16,$0,$0,$0,$19,$19,$0,$0,$19,$8,$4,$0
