,Date,Stock Price,Book Value per Share,Price to Book Ratio,TTM Sales per Share,Price to Sales Ratio,TTM FCF per Share,Price to FCF Ratio,TTM Net EPS,PE Ratio,Current Assets,Current Liabilities,Current Ratio,Long Term Debt,Shareholder's Equity_x,Debt to Equity Ratio,TTM Revenue_x,TTM Gross Profit,Gross Margin,TTM Revenue_y,TTM Operating Income,Operating Margin,TTM Revenue_x,TTM EBIT,EBIT Margin,TTM Revenue_y,TTM EBITDA,EBITDA Margin,TTM Revenue_x,TTM Pre-Tax Income,Pre-Tax Margin,TTM Revenue_y,TTM Net Income_x,Net Margin,TTM Net Income_y,Shareholder's Equity_y,Return on Equity,TTM Net Income_x,Tangible Equity,Return on Tangible Equity,TTM Net Income_y,Total Assets,Return on Assets,TTM Net Income,LT Investments & Debt,Return on Investment,revenue,cost-goods-sold,gross-profit,research-development-expenses,selling-general-administrative-expenses,operating-expenses,operating-income,total-non-operating-income-expense,pre-tax-income,total-provision-income-taxes,income-after-taxes,income-from-continuous-operations,net-income,ebitda,ebit,basic-shares-outstanding,shares-outstanding,eps-basic-net-earnings-per-share,eps-earnings-per-share-diluted,cash-on-hand,inventory,other-current-assets,total-current-assets,net-property-plant-equipment,long-term-investments,goodwill-intangible-assets-total,other-long-term-assets,total-long-term-assets,total-assets,total-current-liabilities,long-term-debt,other-non-current-liabilities,total-long-term-liabilities,total-liabilities,common-stock-net,retained-earnings-accumulated-deficit,comprehensive-income,total-share-holder-equity,total-liabilities-share-holders-equity,net-income-loss,total-depreciation-amortization-cash-flow,other-non-cash-items,total-non-cash-items,change-in-accounts-receivable,change-in-inventories,change-in-accounts-payable,change-in-assets-liabilities,total-change-in-assets-liabilities,cash-flow-from-operating-activities,net-change-in-property-plant-equipment,net-change-in-intangible-assets,net-acquisitions-divestitures,net-change-in-short-term-investments,net-change-in-long-term-investments,net-change-in-investments-total,investing-activities-other,cash-flow-from-investing-activities,net-long-term-debt,net-current-debt,debt-issuance-retirement-net-total,net-common-equity-issued-repurchased,net-total-equity-issued-repurchased,total-common-preferred-stock-dividends-paid,financial-activities-other,cash-flow-from-financial-activities,net-cash-flow,stock-based-compensation,common-stock-dividends-paid
0,2018-08-31,263.51,$18.12,14.54,$17.18,15.33,$16.38,16.09,$4.84,54.44,$6.30B,$3.79B,1.66,$1.88B,$8.86B,0.21,$8.57B,$7.47B,87.10%,$8.57B,$2.77B,32.30%,$8.57B,$2.77B,32.30%,$8.57B,$3.09B,36.05%,$8.57B,$2.74B,31.94%,$8.57B,$2.41B,28.16%,$2.41B,$8.86B,27.86%,$2.41B,$1.06B,116.25%,$2.41B,$15.40B,16.08%,$2.77B,$10.74B,26.27%,$2291,$295,$1996,$399,$854,$1572,$719,$-17,$701,$35,$666,$666,$666,$805,$719,$490,497,$1.36,$1.34,$4944,$0,$0,$6301,$1019,$0,$7806,$184,$9095,$15396,$3792,$1875,$775,$2742,$6534,$0,$11137,$-128,$8862,$15396,$1913,$240,$24,$263,$199,$0,$25,$83,$745,$2921,$-204,$0,$-1633,$303,$-12,$291,$0,$-1546,$-1,$0,$-1,$-1560,$-1560,$0,$-369,$-1930,$-559,$440,$0
1,2018-05-31,249.28,$17.75,14.04,$16.25,15.34,$14.79,16.86,$4.34,57.44,$7.74B,$3.73B,2.08,$1.87B,$8.71B,0.22,$8.12B,$7.05B,86.78%,$8.12B,$2.60B,31.96%,$8.12B,$2.60B,31.96%,$8.12B,$2.91B,35.87%,$8.12B,$2.58B,31.74%,$8.12B,$2.17B,26.69%,$2.17B,$8.71B,25.53%,$2.17B,$2.56B,94.48%,$2.17B,$15.16B,14.80%,$2.60B,$10.58B,25.03%,$2195,$281,$1914,$374,$824,$1497,$698,$-8,$691,$28,$663,$663,$663,$775,$698,$492,498,$1.35,$1.33,$6334,$0,$0,$7741,$993,$0,$6144,$166,$7422,$15163,$3729,$1874,$764,$2729,$6458,$0,$10471,$-129,$8706,$15163,$1246,$153,$-123,$30,$141,$0,$4,$33,$690,$1966,$-140,$0,$-15,$140,$-11,$129,$0,$-26,$-1,$0,$-1,$-935,$-935,$0,$-323,$-1259,$682,$275,$0
2,2018-02-28,209.13,$17.52,11.94,$15.39,13.59,$13.70,15.27,$3.76,55.62,$7.48B,$3.54B,2.12,$1.88B,$8.63B,0.22,$7.70B,$6.67B,86.60%,$7.70B,$2.40B,31.20%,$7.70B,$2.40B,31.20%,$7.70B,$2.72B,35.38%,$7.70B,$2.38B,30.91%,$7.70B,$1.88B,24.41%,$1.88B,$8.63B,22.73%,$1.88B,$2.44B,91.89%,$1.88B,$14.97B,13.24%,$2.40B,$10.51B,23.66%,$2079,$259,$1820,$349,$751,$1376,$703,$-0,$703,$119,$583,$583,$583,$779,$703,$492,499,$1.18,$1.17,$6148,$0,$0,$7481,$992,$0,$6198,$154,$7493,$14973,$3536,$1875,$840,$2803,$6339,$0,$9830,$-110,$8634,$14973,$583,$77,$-300,$-224,$154,$0,$18,$13,$630,$990,$-95,$0,$0,$8,$-7,$1,$0,$-94,$-0,$0,$-0,$-236,$-236,$0,$-305,$-541,$361,$130,$0
3,2017-11-30,181.47,$17.22,10.54,$14.58,12.44,$13.31,13.64,$3.39,53.53,$7.25B,$3.53B,2.06,$1.88B,$8.46B,0.22,$7.30B,$6.29B,86.15%,$7.30B,$2.17B,29.69%,$7.30B,$2.17B,29.69%,$7.30B,$2.50B,34.17%,$7.30B,$2.14B,29.28%,$7.30B,$1.69B,23.20%,$1.69B,$8.46B,21.16%,$1.69B,$2.25B,95.58%,$1.69B,$14.54B,12.35%,$2.17B,$10.34B,21.92%,$2007,$271,$1736,$324,$744,$1357,$649,$-6,$643,$141,$502,$502,$502,$731,$649,$494,501,$1.01,$0.99,$5820,$0,$0,$7248,$937,$0,$6207,$144,$7288,$14536,$3527,$1881,$298,$2548,$6076,$0,$9574,$-112,$8460,$14536,$1694,$326,$502,$828,$-187,$0,$-45,$503,$391,$2913,$-178,$0,$-460,$223,$-28,$195,$0,$-443,$0,$-2,$-2,$-942,$-942,$0,$-240,$-1184,$1295,$451,$0
4,2017-08-31,155.16,$16.58,9.36,$13.77,11.27,$11.81,13.14,$3.19,48.64,$6.58B,$3.22B,2.05,$1.89B,$8.17B,0.23,$6.90B,$5.95B,86.15%,$6.90B,$1.99B,28.84%,$6.90B,$1.99B,28.84%,$6.90B,$2.32B,33.58%,$6.90B,$1.95B,28.28%,$6.90B,$1.59B,23.06%,$1.59B,$8.17B,20.55%,$1.59B,$1.93B,98.88%,$1.59B,$13.91B,12.01%,$1.99B,$10.06B,20.66%,$1841,$263,$1578,$316,$697,$1295,$546,$-4,$541,$122,$420,$420,$420,$628,$546,$493,500,$0.85,$0.84,$5368,$0,$0,$6581,$940,$0,$6241,$145,$7326,$13907,$3216,$1889,$287,$2520,$5736,$0,$9072,$-99,$8170,$13907,$1192,$245,$382,$627,$26,$0,$-68,$217,$261,$2080,$-140,$0,$-460,$160,$-24,$137,$0,$-463,$-1,$0,$-1,$-642,$-642,$0,$-221,$-864,$763,$335,$0
5,2017-05-31,141.86,$15.82,8.97,$13.00,10.92,$10.61,13.37,$2.89,49.09,$6.05B,$3.05B,1.99,$1.89B,$7.80B,0.24,$6.53B,$5.63B,86.27%,$6.53B,$1.81B,27.80%,$6.53B,$1.81B,27.80%,$6.53B,$2.14B,32.84%,$6.53B,$1.77B,27.08%,$6.53B,$1.44B,22.11%,$1.44B,$7.80B,19.18%,$1.44B,$1.56B,97.80%,$1.44B,$13.37B,11.21%,$1.81B,$9.69B,19.26%,$1772,$239,$1533,$299,$710,$1268,$504,$-11,$493,$118,$374,$374,$374,$586,$504,$494,500,$0.76,$0.75,$4932,$0,$0,$6052,$924,$0,$6243,$146,$7313,$13365,$3048,$1888,$276,$2513,$5561,$0,$8653,$-147,$7804,$13365,$773,$162,$266,$428,$132,$0,$-81,$70,$174,$1375,$-86,$0,$-460,$139,$-20,$119,$0,$-426,$-1,$0,$-1,$-447,$-447,$0,$-198,$-646,$306,$214,$0
6,2017-02-28,118.34,$15.33,7.72,$12.22,9.68,$9.79,12.09,$2.62,45.17,$5.76B,$2.95B,1.95,$1.88B,$7.59B,0.25,$6.15B,$5.29B,86.04%,$6.15B,$1.65B,26.88%,$6.15B,$1.65B,26.88%,$6.15B,$1.99B,32.28%,$6.15B,$1.60B,26.07%,$6.15B,$1.31B,21.34%,$1.31B,$7.59B,17.78%,$1.31B,$1.35B,92.94%,$1.31B,$13.05B,10.44%,$1.65B,$9.47B,17.81%,$1682,$237,$1444,$285,$671,$1213,$469,$-8,$461,$62,$398,$398,$398,$550,$469,$495,501,$0.81,$0.80,$4648,$0,$0,$5756,$822,$80,$6243,$144,$7289,$13045,$2954,$1884,$259,$2502,$5456,$0,$8299,$-185,$7589,$13045,$398,$81,$158,$239,$184,$0,$33,$30,$93,$730,$-31,$0,$-460,$169,$-18,$152,$0,$-339,$-0,$0,$-0,$-148,$-148,$0,$-183,$-331,$58,$98,$0
7,2016-11-30,102.81,$15.02,6.84,$11.60,8.86,$9.28,11.07,$2.32,44.31,$5.84B,$2.81B,2.08,$1.89B,$7.43B,0.26,$5.85B,$5.04B,86.01%,$5.85B,$1.49B,25.50%,$5.85B,$1.49B,25.50%,$5.85B,$1.83B,31.18%,$5.85B,$1.44B,24.51%,$5.85B,$1.17B,19.97%,$1.17B,$7.43B,16.11%,$1.17B,$1.60B,85.34%,$1.17B,$12.70B,9.51%,$1.49B,$9.32B,16.28%,$1608,$217,$1392,$258,$643,$1136,$472,$-16,$457,$57,$400,$400,$400,$554,$472,$498,504,$0.81,$0.80,$4761,$0,$0,$5840,$816,$80,$5821,$140,$6857,$12697,$2812,$1892,$282,$2461,$5272,$0,$8115,$-174,$7425,$12697,$1169,$332,$304,$636,$-160,$0,$-6,$454,$395,$2200,$-204,$0,$-48,$-655,$-53,$-708,$0,$-960,$0,$-0,$-0,$-929,$-929,$0,$-161,$-1091,$135,$350,$0
8,2016-08-31,102.31,$14.64,6.99,$10.99,9.31,$7.97,12.83,$1.96,52.2,$5.42B,$2.51B,2.16,$1.92B,$7.28B,0.26,$5.55B,$4.75B,85.52%,$5.55B,$1.31B,23.61%,$5.55B,$1.31B,23.61%,$5.55B,$1.65B,29.68%,$5.55B,$1.28B,22.96%,$5.55B,$0.99B,17.87%,$0.99B,$7.28B,13.87%,$0.99B,$1.39B,79.36%,$0.99B,$12.37B,8.23%,$1.31B,$9.20B,14.46%,$1464,$203,$1261,$248,$621,$1095,$369,$-13,$356,$86,$271,$271,$271,$453,$369,$499,504,$0.54,$0.54,$4446,$0,$0,$5419,$812,$80,$5887,$169,$6949,$12367,$2506,$1917,$376,$2584,$5089,$0,$7715,$-134,$7278,$12367,$769,$250,$241,$491,$-57,$0,$-11,$222,$244,$1504,$-155,$0,$-48,$-557,$-56,$-613,$0,$-817,$-0,$0,$-0,$-635,$-635,$0,$-155,$-790,$-109,$262,$0
9,2016-05-31,99.47,$14.53,6.85,$10.49,9.48,$7.06,14.08,$1.76,56.52,$5.24B,$2.39B,2.2,$1.92B,$7.25B,0.27,$5.31B,$4.51B,85.07%,$5.31B,$1.19B,22.39%,$5.31B,$1.19B,22.39%,$5.31B,$1.53B,28.82%,$5.31B,$1.15B,21.71%,$5.31B,$0.90B,16.87%,$0.90B,$7.25B,12.71%,$0.90B,$1.31B,79.71%,$0.90B,$12.22B,7.56%,$1.19B,$9.17B,13.27%,$1399,$202,$1197,$232,$601,$1054,$344,$-14,$330,$86,$244,$244,$244,$429,$344,$500,505,$0.49,$0.48,$4318,$0,$0,$5239,$796,$80,$5939,$163,$6978,$12217,$2386,$1918,$370,$2583,$4968,$0,$7444,$-133,$7249,$12217,$498,$166,$168,$334,$9,$0,$-19,$89,$154,$986,$-100,$0,$-48,$-310,$-52,$-362,$0,$-510,$-0,$0,$-0,$-323,$-323,$0,$-143,$-465,$10,$178,$0
10,2016-02-29,85.15,$14.14,6.02,$10.02,8.5,$6.46,13.18,$1.57,54.24,$4.94B,$2.23B,2.21,$1.92B,$7.08B,0.27,$5.07B,$4.29B,84.71%,$5.07B,$1.04B,20.48%,$5.07B,$1.04B,20.48%,$5.07B,$1.38B,27.22%,$5.07B,$1.00B,19.79%,$5.07B,$0.80B,15.74%,$0.80B,$7.08B,11.59%,$0.80B,$1.17B,83.58%,$0.80B,$11.90B,6.89%,$1.04B,$9.00B,11.81%,$1383,$199,$1185,$237,$621,$1076,$308,$-15,$292,$38,$254,$254,$254,$389,$308,$499,506,$0.51,$0.50,$4098,$0,$0,$4935,$795,$80,$5908,$178,$6961,$11897,$2232,$1917,$356,$2584,$4815,$0,$7221,$-152,$7081,$11897,$254,$81,$135,$216,$74,$0,$-22,$39,$27,$498,$-46,$0,$0,$-161,$-52,$-213,$0,$-259,$0,$0,$0,$-104,$-104,$0,$-180,$-284,$-46,$92,$0
11,2015-11-30,91.46,$14.06,6.5,$9.47,9.66,$5.86,15.61,$1.24,73.76,$4.82B,$2.21B,2.18,$1.91B,$7.00B,0.27,$4.80B,$4.05B,84.48%,$4.80B,$0.90B,18.83%,$4.80B,$0.90B,18.83%,$4.80B,$1.24B,25.94%,$4.80B,$0.87B,18.23%,$4.80B,$0.63B,13.12%,$0.63B,$7.00B,9.30%,$0.63B,$1.13B,78.40%,$0.63B,$11.73B,5.54%,$0.90B,$8.91B,10.42%,$1306,$201,$1105,$221,$577,$1016,$290,$7,$297,$74,$223,$223,$223,$377,$290,$499,507,$0.44,$0.44,$3988,$0,$0,$4822,$787,$80,$5877,$160,$6905,$11726,$2214,$1907,$345,$2511,$4725,$0,$7253,$-169,$7002,$11726,$630,$339,$169,$508,$-80,$0,$23,$313,$332,$1470,$-127,$0,$-826,$-517,$-19,$-535,$0,$-1488,$989,$-602,$387,$-461,$-461,$0,$-127,$-201,$-241,$336,$0
12,2015-08-31,78.57,$13.72,5.73,$9.00,8.73,$5.45,14.41,$0.94,83.59,$4.53B,$2.06B,2.2,$1.91B,$6.84B,0.28,$4.56B,$3.86B,84.57%,$4.56B,$0.74B,16.18%,$4.56B,$0.74B,16.18%,$4.56B,$1.07B,23.45%,$4.56B,$0.69B,15.10%,$4.56B,$0.49B,10.83%,$0.49B,$6.84B,7.37%,$0.49B,$0.88B,53.87%,$0.49B,$11.51B,4.44%,$0.74B,$8.75B,8.83%,$1218,$191,$1027,$219,$545,$972,$246,$-13,$233,$58,$174,$174,$174,$334,$246,$499,506,$0.35,$0.34,$3669,$0,$0,$4526,$797,$80,$5959,$146,$6983,$11508,$2061,$1906,$338,$2606,$4667,$0,$7050,$-141,$6841,$11508,$407,$253,$199,$452,$-0,$0,$-1,$117,$156,$1015,$-120,$0,$-826,$-239,$-17,$-256,$0,$-1202,$989,$-602,$387,$-345,$-345,$0,$-127,$-86,$-288,$255,$0
13,2015-05-31,79.09,$13.27,5.96,$8.57,9.22,$5.21,15.17,$0.69,114.62,$4.18B,$1.94B,2.16,$1.90B,$6.61B,0.29,$4.35B,$3.68B,84.59%,$4.35B,$0.57B,13.01%,$4.35B,$0.57B,13.01%,$4.35B,$0.89B,20.46%,$4.35B,$0.52B,11.93%,$4.35B,$0.37B,8.39%,$0.37B,$6.61B,5.47%,$0.37B,$0.64B,34.11%,$0.37B,$11.17B,3.36%,$0.57B,$8.51B,7.00%,$1162,$185,$977,$208,$557,$969,$194,$-13,$181,$33,$147,$147,$147,$280,$194,$499,506,$0.30,$0.29,$3413,$0,$0,$4178,$785,$80,$5972,$149,$6987,$11165,$1937,$1904,$334,$2618,$4555,$0,$6879,$-129,$6610,$11165,$232,$166,$133,$298,$91,$0,$-14,$37,$124,$654,$-71,$0,$-806,$156,$-16,$140,$0,$-737,$989,$-602,$387,$-329,$-329,$0,$-125,$-67,$-161,$169,$0
14,2015-02-28,79.1,$13.18,6.0,$8.38,9.43,$5.17,15.3,$0.57,138.77,$3.97B,$1.79B,2.22,$1.90B,$6.59B,0.29,$4.26B,$3.62B,84.96%,$4.26B,$0.51B,11.92%,$4.26B,$0.51B,11.92%,$4.26B,$0.82B,19.34%,$4.26B,$0.46B,10.79%,$4.26B,$0.31B,7.22%,$0.31B,$6.59B,4.59%,$0.31B,$0.56B,24.69%,$0.31B,$11.01B,2.88%,$0.51B,$8.49B,6.47%,$1109,$167,$942,$216,$538,$936,$173,$-10,$163,$78,$85,$85,$85,$253,$173,$499,508,$0.17,$0.17,$3177,$0,$0,$3972,$784,$80,$6025,$146,$7036,$11008,$1788,$1902,$327,$2631,$4419,$0,$6757,$-104,$6589,$11008,$85,$80,$78,$158,$62,$0,$1,$-5,$-60,$183,$-36,$0,$-800,$152,$-15,$138,$0,$-698,$989,$-602,$387,$-144,$-144,$0,$-124,$119,$-405,$84,$0
15,2014-11-30,73.68,$13.62,5.41,$8.17,9.02,$5.32,13.86,$0.49,150.37,$4.60B,$2.49B,1.85,$0.91B,$6.78B,0.13,$4.15B,$3.53B,85.02%,$4.15B,$0.41B,9.96%,$4.15B,$0.41B,9.96%,$4.15B,$0.73B,17.51%,$4.15B,$0.36B,8.71%,$4.15B,$0.27B,6.49%,$0.27B,$6.78B,4.02%,$0.27B,$1.58B,18.99%,$0.27B,$10.79B,2.57%,$0.41B,$7.69B,5.44%,$1073,$161,$912,$214,$542,$949,$125,$-12,$112,$24,$88,$88,$88,$203,$125,$498,508,$0.18,$0.18,$3739,$0,$0,$4602,$785,$80,$5192,$126,$6184,$10786,$2494,$911,$205,$1515,$4010,$0,$6924,$-8,$6776,$10786,$268,$314,$309,$623,$8,$0,$6,$325,$396,$1287,$-148,$0,$-30,$-299,$-14,$-313,$0,$-491,$0,$-15,$-15,$-372,$-372,$0,$-120,$-507,$283,$334,$0
16,2014-08-31,71.9,$13.50,5.33,$8.08,8.89,$5.00,14.38,$0.48,149.79,$4.28B,$2.25B,1.91,$0.90B,$6.73B,0.13,$4.12B,$3.51B,85.22%,$4.12B,$0.39B,9.50%,$4.12B,$0.39B,9.50%,$4.12B,$0.71B,17.18%,$4.12B,$0.34B,8.19%,$4.12B,$0.25B,5.98%,$0.25B,$6.73B,3.68%,$0.25B,$1.49B,18.12%,$0.25B,$10.49B,2.37%,$0.39B,$7.63B,5.06%,$1005,$158,$848,$212,$548,$931,$74,$-11,$63,$18,$45,$45,$45,$154,$74,$498,508,$0.09,$0.09,$3520,$0,$0,$4279,$786,$80,$5238,$110,$6214,$10494,$2245,$902,$222,$1517,$3762,$0,$6851,$20,$6731,$10494,$180,$235,$242,$477,$72,$0,$-8,$181,$230,$888,$-112,$0,$0,$-290,$-11,$-301,$0,$-413,$0,$-11,$-11,$-261,$-261,$0,$-131,$-404,$69,$249,$0
17,2014-05-31,64.54,$13.35,4.84,$8.04,8.03,$4.80,13.44,$0.55,117.35,$4.11B,$2.22B,1.86,$0.90B,$6.64B,0.14,$4.11B,$3.51B,85.43%,$4.11B,$0.43B,10.40%,$4.11B,$0.43B,10.40%,$4.11B,$0.75B,18.17%,$4.11B,$0.37B,8.94%,$4.11B,$0.28B,6.92%,$0.28B,$6.64B,4.24%,$0.28B,$1.33B,21.12%,$0.28B,$10.37B,2.76%,$0.43B,$7.53B,5.40%,$1068,$155,$913,$209,$556,$933,$135,$-14,$121,$33,$89,$89,$89,$213,$135,$498,507,$0.18,$0.17,$3330,$0,$0,$4114,$642,$207,$5306,$102,$6258,$10372,$2218,$897,$220,$1517,$3735,$0,$6806,$47,$6637,$10372,$136,$155,$171,$326,$69,$0,$-7,$76,$158,$619,$-57,$0,$0,$-180,$-6,$-186,$0,$-242,$0,$-8,$-8,$-241,$-241,$0,$-145,$-394,$-18,$166,$0
18,2014-02-28,68.63,$13.26,5.18,$7.90,8.68,$4.69,14.62,$0.53,129.49,$3.94B,$2.11B,1.87,$0.90B,$6.61B,0.14,$4.05B,$3.47B,85.70%,$4.05B,$0.40B,9.96%,$4.05B,$0.40B,9.96%,$4.05B,$0.73B,17.91%,$4.05B,$0.34B,8.33%,$4.05B,$0.27B,6.72%,$0.27B,$6.61B,4.02%,$0.27B,$1.26B,17.55%,$0.27B,$10.25B,2.64%,$0.40B,$7.51B,4.96%,$1000,$149,$852,$210,$549,$921,$79,$-14,$65,$18,$47,$47,$47,$156,$79,$497,508,$0.09,$0.09,$3132,$0,$0,$3942,$651,$207,$5353,$93,$6303,$10246,$2112,$896,$213,$1523,$3635,$0,$6735,$57,$6611,$10246,$47,$78,$80,$157,$90,$0,$2,$9,$47,$252,$-29,$0,$0,$-62,$-3,$-65,$0,$-94,$0,$-4,$-4,$-10,$-10,$0,$-244,$-258,$-101,$83,$0
19,2013-11-30,56.78,$13.55,4.19,$7.92,7.17,$4.77,11.9,$0.57,99.61,$4.05B,$1.53B,2.65,$1.50B,$6.73B,0.22,$4.06B,$3.47B,85.50%,$4.06B,$0.42B,10.40%,$4.06B,$0.42B,10.40%,$4.06B,$0.74B,18.34%,$4.06B,$0.36B,8.75%,$4.06B,$0.29B,7.15%,$0.29B,$6.73B,4.25%,$0.29B,$1.35B,16.70%,$0.29B,$10.38B,2.83%,$0.42B,$8.22B,5.07%,$1042,$148,$894,$205,$570,$939,$103,$-15,$88,$23,$65,$65,$65,$184,$103,$501,513,$0.14,$0.12,$3174,$0,$0,$4046,$660,$207,$5377,$90,$6334,$10380,$1526,$1499,$202,$2130,$3656,$0,$6929,$46,$6725,$10380,$290,$321,$378,$699,$34,$0,$7,$146,$163,$1152,$-164,$0,$-705,$-248,$-62,$-309,$0,$-1178,$26,$-26,$-0,$-502,$-502,$0,$-57,$-559,$-590,$329,$0
20,2013-08-31,45.75,$13.62,3.36,$8.19,5.59,$5.29,8.64,$0.88,51.99,$3.89B,$1.33B,2.92,$1.50B,$6.84B,0.22,$4.17B,$3.60B,86.44%,$4.17B,$0.63B,15.05%,$4.17B,$0.63B,15.05%,$4.17B,$0.95B,22.70%,$4.17B,$0.56B,13.39%,$4.17B,$0.45B,10.73%,$0.45B,$6.84B,6.57%,$0.45B,$1.44B,23.57%,$0.45B,$10.23B,4.39%,$0.63B,$8.34B,7.54%,$995,$147,$848,$209,$517,$885,$110,$-17,$93,$10,$83,$83,$83,$193,$110,$504,514,$0.16,$0.16,$3164,$0,$24,$3886,$660,$207,$5390,$91,$6348,$10234,$1329,$1502,$189,$2070,$3399,$0,$6878,$13,$6835,$10234,$225,$240,$301,$541,$112,$0,$16,$93,$71,$837,$-153,$0,$-704,$-259,$-61,$-320,$0,$-1178,$26,$-20,$6,$-174,$-174,$0,$-91,$-259,$-606,$244,$0
21,2013-05-31,42.91,$13.77,3.12,$8.41,5.1,$5.64,7.61,$1.12,38.31,$4.56B,$1.27B,3.6,$1.51B,$6.93B,0.22,$4.25B,$3.72B,87.35%,$4.25B,$0.80B,18.69%,$4.25B,$0.80B,18.69%,$4.25B,$1.11B,25.98%,$4.25B,$0.73B,17.12%,$4.25B,$0.57B,13.28%,$0.57B,$6.93B,8.42%,$0.57B,$2.15B,28.69%,$0.57B,$10.28B,5.63%,$0.80B,$8.43B,9.68%,$1011,$135,$875,$203,$523,$899,$111,$-20,$91,$15,$77,$77,$77,$192,$111,$503,512,$0.15,$0.15,$3866,$0,$24,$4558,$646,$207,$4776,$93,$5723,$10280,$1265,$1506,$244,$2088,$3353,$0,$6855,$27,$6927,$10280,$142,$158,$200,$358,$148,$0,$3,$52,$122,$621,$-106,$0,$-96,$-521,$-57,$-578,$0,$-781,$16,$0,$16,$57,$57,$0,$-84,$-11,$-179,$163,$0
22,2013-02-28,39.31,$13.58,2.89,$8.68,4.53,$5.93,6.63,$1.42,27.68,$4.37B,$1.26B,3.46,$1.51B,$6.81B,0.22,$4.37B,$3.83B,87.81%,$4.37B,$0.99B,22.65%,$4.37B,$0.99B,22.65%,$4.37B,$1.30B,29.66%,$4.37B,$0.93B,21.35%,$4.37B,$0.71B,16.31%,$0.71B,$6.81B,10.95%,$0.71B,$2.00B,40.10%,$0.71B,$10.17B,7.26%,$0.99B,$8.31B,12.36%,$1008,$157,$851,$210,$531,$910,$98,$-15,$83,$18,$65,$65,$65,$175,$98,$499,508,$0.13,$0.13,$3661,$0,$0,$4373,$686,$207,$4802,$97,$5793,$10166,$1264,$1509,$240,$2096,$3360,$0,$6808,$40,$6805,$10166,$65,$77,$94,$171,$132,$0,$22,$44,$86,$322,$-60,$0,$-96,$-246,$-44,$-290,$0,$-446,$26,$-3,$23,$-11,$-11,$0,$-0,$11,$-119,$84,$0
23,2012-11-30,34.61,$13.49,2.57,$8.79,3.94,$5.94,5.82,$1.66,20.85,$4.40B,$1.27B,3.46,$1.50B,$6.67B,0.23,$4.40B,$3.92B,89.03%,$4.40B,$1.18B,26.80%,$4.40B,$1.18B,26.80%,$4.40B,$1.48B,33.59%,$4.40B,$1.12B,25.41%,$4.40B,$0.83B,18.90%,$0.83B,$6.67B,13.21%,$0.83B,$1.99B,52.75%,$0.83B,$10.04B,8.72%,$1.18B,$8.16B,15.13%,$1153,$125,$1028,$195,$514,$846,$308,$-17,$291,$68,$222,$222,$222,$386,$308,$495,503,$0.45,$0.44,$3538,$0,$0,$4397,$664,$207,$4678,$93,$5643,$10040,$1272,$1497,$217,$2103,$3375,$0,$7003,$31,$6665,$10040,$833,$300,$357,$656,$45,$0,$-63,$92,$10,$1500,$-271,$0,$-353,$-210,$-1,$-210,$0,$-835,$3,$-10,$-7,$-170,$-170,$0,$-58,$-235,$436,$299,$0
24,2012-08-31,31.27,$13.01,2.4,$8.78,3.56,$6.14,5.09,$1.57,19.92,$4.01B,$1.17B,3.43,$1.50B,$6.44B,0.23,$4.40B,$3.93B,89.23%,$4.40B,$1.12B,25.40%,$4.40B,$1.12B,25.40%,$4.40B,$1.41B,32.08%,$4.40B,$1.06B,24.10%,$4.40B,$0.78B,17.81%,$0.78B,$6.44B,12.90%,$0.78B,$1.74B,54.92%,$0.78B,$9.63B,8.45%,$1.12B,$7.94B,14.75%,$1081,$120,$961,$189,$479,$802,$278,$-15,$263,$62,$201,$201,$201,$352,$278,$494,500,$0.41,$0.40,$3247,$0,$0,$4010,$619,$207,$4703,$90,$5620,$9630,$1170,$1500,$213,$2022,$3191,$0,$6815,$23,$6439,$9630,$610,$221,$267,$488,$96,$0,$-54,$10,$-73,$1026,$-189,$0,$-353,$-176,$14,$-163,$0,$-705,$3,$-7,$-4,$-155,$-155,$0,$4,$-154,$173,$223,$0
25,2012-05-31,31.05,$12.35,2.51,$8.65,3.59,$6.30,4.93,$1.56,19.9,$3.77B,$1.25B,3.03,$1.50B,$6.10B,0.25,$4.33B,$3.88B,89.43%,$4.33B,$1.11B,25.70%,$4.33B,$1.11B,25.70%,$4.33B,$1.40B,32.26%,$4.33B,$1.06B,24.34%,$4.33B,$0.78B,17.95%,$0.78B,$6.10B,13.28%,$0.78B,$1.38B,57.85%,$0.78B,$9.37B,8.65%,$1.11B,$7.60B,15.13%,$1124,$131,$994,$181,$497,$819,$305,$-11,$295,$71,$224,$224,$224,$382,$305,$496,501,$0.45,$0.45,$2998,$0,$0,$3771,$574,$207,$4723,$91,$5595,$9366,$1246,$1501,$211,$2021,$3266,$0,$6671,$21,$6100,$9366,$409,$147,$175,$322,$135,$0,$-43,$28,$32,$763,$-112,$0,$-353,$-139,$18,$-121,$0,$-586,$0,$-5,$-5,$-216,$-216,$0,$3,$-217,$-38,$143,$0
26,2012-02-29,32.89,$12.07,2.72,$8.43,3.9,$6.29,5.23,$1.56,21.08,$3.51B,$1.12B,3.14,$1.50B,$5.99B,0.25,$4.23B,$3.80B,89.68%,$4.23B,$1.09B,25.66%,$4.23B,$1.09B,25.66%,$4.23B,$1.36B,32.10%,$4.23B,$1.02B,24.07%,$4.23B,$0.78B,18.50%,$0.78B,$5.99B,13.78%,$0.78B,$1.21B,59.39%,$0.78B,$9.13B,8.96%,$1.09B,$7.49B,15.11%,$1045,$108,$937,$178,$462,$756,$289,$-19,$270,$85,$185,$185,$185,$359,$289,$494,500,$0.37,$0.37,$2766,$0,$0,$3506,$550,$207,$4776,$94,$5627,$9133,$1115,$1503,$218,$2031,$3146,$0,$6497,$47,$5986,$9133,$185,$70,$122,$192,$153,$0,$-43,$2,$-63,$314,$-51,$0,$-353,$-32,$-1,$-33,$0,$-438,$0,$-2,$-2,$-67,$-67,$0,$0,$-69,$-188,$72,$0
27,2011-11-30,27.42,$11.77,2.33,$8.35,3.28,$6.35,4.32,$1.65,16.62,$3.77B,$1.25B,3.02,$1.51B,$5.78B,0.26,$4.22B,$3.78B,89.63%,$4.22B,$1.10B,26.07%,$4.22B,$1.10B,26.07%,$4.22B,$1.37B,32.47%,$4.22B,$1.04B,24.55%,$4.22B,$0.83B,19.76%,$0.83B,$5.78B,15.04%,$0.83B,$1.39B,62.21%,$0.83B,$8.99B,9.76%,$1.10B,$7.29B,15.59%,$1152,$116,$1036,$195,$488,$906,$246,$-13,$233,$59,$174,$174,$174,$319,$246,$497,504,$0.35,$0.35,$2912,$0,$0,$3771,$528,$207,$4395,$90,$5220,$8991,$1251,$1505,$215,$1957,$3208,$0,$6529,$30,$5783,$8991,$833,$270,$363,$633,$-81,$0,$32,$96,$78,$1543,$-210,$0,$-259,$-227,$-61,$-288,$0,$-757,$0,$-10,$-10,$-550,$-550,$0,$10,$-550,$240,$286,$0
28,2011-08-31,25.24,$11.29,2.24,$7.98,3.16,$5.56,4.54,$1.83,13.79,$3.47B,$1.03B,3.36,$1.51B,$5.56B,0.27,$4.07B,$3.64B,89.49%,$4.07B,$1.14B,28.00%,$4.07B,$1.14B,28.00%,$4.07B,$1.41B,34.70%,$4.07B,$1.09B,26.72%,$4.07B,$0.93B,22.79%,$0.93B,$5.56B,17.21%,$0.93B,$1.40B,74.39%,$0.93B,$8.49B,11.15%,$1.14B,$7.07B,16.51%,$1013,$105,$909,$181,$439,$739,$274,$-17,$257,$62,$195,$195,$195,$338,$274,$495,499,$0.39,$0.39,$2719,$0,$0,$3469,$499,$207,$4160,$157,$5024,$8493,$1032,$1507,$194,$1897,$2929,$0,$6382,$59,$5564,$8493,$659,$197,$271,$468,$-8,$0,$12,$50,$-81,$1047,$-135,$0,$-107,$-246,$-10,$-255,$0,$-498,$0,$-8,$-8,$-551,$-551,$0,$9,$-550,$19,$211,$0
29,2011-05-31,34.63,$10.92,3.17,$7.84,4.42,$5.11,6.78,$1.88,18.42,$3.39B,$1.05B,3.23,$1.51B,$5.39B,0.28,$4.05B,$3.63B,89.55%,$4.05B,$1.17B,28.85%,$4.05B,$1.17B,28.85%,$4.05B,$1.45B,35.81%,$4.05B,$1.13B,27.86%,$4.05B,$0.96B,23.78%,$0.96B,$5.39B,18.26%,$0.96B,$1.27B,80.79%,$0.96B,$8.34B,11.77%,$1.17B,$6.90B,17.21%,$1023,$109,$914,$183,$444,$746,$277,$-17,$259,$30,$229,$229,$229,$343,$277,$500,506,$0.46,$0.45,$2626,$0,$0,$3389,$463,$207,$4118,$162,$4950,$8340,$1050,$1509,$225,$1900,$2950,$0,$6229,$54,$5389,$8340,$464,$133,$176,$309,$-16,$0,$8,$37,$-52,$721,$-70,$0,$-37,$-85,$-6,$-91,$-0,$-198,$0,$-4,$-4,$-458,$-458,$0,$9,$-452,$78,$146,$0
30,2011-02-28,34.5,$10.74,3.21,$7.59,4.55,$4.64,7.44,$1.71,20.18,$3.35B,$0.99B,3.4,$1.51B,$5.43B,0.28,$3.97B,$3.55B,89.37%,$3.97B,$1.12B,28.17%,$3.97B,$1.12B,28.17%,$3.97B,$1.41B,35.50%,$3.97B,$1.06B,26.78%,$3.97B,$0.88B,22.25%,$0.88B,$5.43B,16.91%,$0.88B,$1.29B,74.53%,$0.88B,$8.31B,10.90%,$1.12B,$6.94B,16.61%,$1028,$108,$920,$178,$429,$725,$302,$-16,$286,$51,$235,$235,$235,$369,$302,$504,511,$0.47,$0.46,$2637,$0,$0,$3351,$453,$207,$4134,$165,$4959,$8310,$986,$1512,$223,$1899,$2885,$0,$6046,$29,$5425,$8310,$235,$66,$101,$167,$21,$0,$2,$11,$-70,$332,$-32,$0,$-37,$-23,$-3,$-26,$-0,$-95,$0,$-2,$-2,$-84,$-84,$0,$0,$-87,$150,$71,$0
31,2010-11-30,27.8,$10.35,2.69,$7.19,3.87,$4.49,6.19,$1.49,18.66,$3.22B,$1.07B,3.01,$1.51B,$5.19B,0.29,$3.80B,$3.40B,89.37%,$3.80B,$0.99B,26.13%,$3.80B,$0.99B,26.13%,$3.80B,$1.29B,33.82%,$3.80B,$0.94B,24.82%,$3.80B,$0.78B,20.39%,$0.78B,$5.19B,15.03%,$0.78B,$1.02B,66.85%,$0.78B,$8.14B,9.68%,$0.99B,$6.71B,14.91%,$1008,$107,$901,$170,$423,$721,$287,$-1,$286,$17,$269,$269,$269,$363,$287,$519,526,$0.53,$0.51,$2468,$0,$0,$3216,$449,$207,$4171,$98,$4925,$8141,$1068,$1514,$215,$1881,$2949,$0,$5981,$17,$5192,$8141,$775,$293,$68,$361,$-134,$0,$-10,$69,$-23,$1113,$-137,$0,$-193,$-823,$-6,$-829,$0,$-1159,$1493,$-1004,$490,$-711,$-711,$0,$6,$-215,$-250,$231,$0
32,2010-08-31,27.7,$9.91,2.79,$6.70,4.13,$4.52,6.13,$0.90,30.78,$3.24B,$0.97B,3.35,$1.52B,$5.09B,0.3,$3.55B,$3.17B,89.32%,$3.55B,$0.86B,24.23%,$3.55B,$0.86B,24.23%,$3.55B,$1.16B,32.71%,$3.55B,$0.82B,23.02%,$3.55B,$0.47B,13.36%,$0.47B,$5.09B,9.33%,$0.47B,$1.18B,42.28%,$0.47B,$7.95B,6.08%,$0.86B,$6.60B,13.32%,$990,$99,$891,$168,$405,$688,$302,$-5,$297,$67,$230,$230,$230,$375,$302,$519,523,$0.44,$0.44,$2578,$0,$0,$3236,$423,$207,$3903,$177,$4711,$7947,$967,$1516,$261,$1895,$2862,$0,$5739,$22,$5085,$7947,$506,$217,$36,$253,$-75,$0,$-2,$92,$44,$802,$-82,$0,$0,$-857,$-19,$-876,$2,$-956,$1493,$-1002,$492,$-520,$-520,$0,$-0,$-29,$-185,$174,$0
33,2010-05-31,32.08,$9.86,3.25,$6.12,5.24,$4.60,6.97,$0.72,44.56,$3.28B,$0.97B,3.38,$1.49B,$5.18B,0.29,$3.26B,$2.91B,89.38%,$3.26B,$0.73B,22.29%,$3.26B,$0.73B,22.29%,$3.26B,$1.02B,31.26%,$3.26B,$0.69B,21.31%,$3.26B,$0.38B,11.67%,$0.38B,$5.18B,7.62%,$0.38B,$1.24B,26.42%,$0.38B,$8.01B,5.21%,$0.73B,$6.67B,11.96%,$943,$108,$835,$167,$411,$716,$227,$-33,$194,$46,$149,$149,$149,$302,$227,$526,533,$0.28,$0.28,$2645,$0,$0,$3276,$408,$207,$3936,$180,$4731,$8007,$970,$1494,$257,$1858,$2828,$0,$5570,$40,$5179,$8007,$276,$143,$-10,$134,$-28,$0,$-9,$78,$101,$511,$-75,$0,$0,$-598,$-18,$-617,$2,$-690,$1493,$-1000,$493,$-166,$-166,$0,$-2,$325,$138,$125,$0
34,2010-02-28,34.65,$9.84,3.52,$5.69,6.09,$4.92,7.04,$0.68,50.96,$3.18B,$0.90B,3.53,$1.49B,$5.17B,0.29,$3.02B,$2.71B,89.73%,$3.02B,$0.66B,21.86%,$3.02B,$0.66B,21.86%,$3.02B,$0.94B,31.20%,$3.02B,$0.66B,21.99%,$3.02B,$0.36B,11.83%,$0.36B,$5.17B,7.30%,$0.36B,$1.19B,20.32%,$0.36B,$7.95B,5.24%,$0.66B,$6.67B,11.60%,$859,$89,$769,$174,$388,$682,$177,$-11,$166,$39,$127,$127,$127,$245,$177,$524,533,$0.24,$0.24,$2672,$0,$0,$3177,$386,$207,$3982,$193,$4768,$7945,$901,$1494,$260,$1873,$2774,$0,$5427,$29,$5171,$7945,$127,$69,$-61,$7,$60,$0,$-15,$47,$125,$260,$-26,$0,$0,$-180,$-5,$-186,$2,$-209,$0,$493,$493,$50,$50,$0,$-3,$540,$590,$64,$0
35,2009-11-30,35.08,$9.36,3.75,$5.56,6.31,$5.15,6.81,$0.74,47.41,$2.47B,$0.85B,2.93,$1.00B,$4.89B,0.2,$2.95B,$2.65B,89.92%,$2.95B,$0.69B,23.46%,$2.95B,$0.69B,23.46%,$2.95B,$0.97B,33.06%,$2.95B,$0.70B,23.79%,$2.95B,$0.39B,13.10%,$0.39B,$4.89B,8.13%,$0.39B,$0.87B,18.98%,$0.39B,$7.28B,6.13%,$0.69B,$5.89B,13.13%,$757,$82,$675,$138,$332,$604,$154,$7,$160,$192,$-32,$-32,$-32,$239,$154,$524,531,$-0.06,$-0.07,$1904,$0,$0,$2474,$388,$207,$4022,$191,$4809,$7282,$845,$1000,$258,$1547,$2392,$0,$5300,$24,$4891,$7282,$387,$282,$265,$547,$172,$0,$-14,$-23,$184,$1118,$-120,$0,$-1583,$214,$-11,$202,$3,$-1497,$636,$0,$636,$-170,$-170,$0,$12,$478,$113,$168,$0
36,2009-08-31,31.42,$8.95,3.51,$5.80,5.41,$5.40,5.82,$1.26,24.94,$2.99B,$0.61B,4.87,$0.35B,$4.70B,0.08,$3.10B,$2.80B,90.30%,$3.10B,$0.81B,26.10%,$3.10B,$0.81B,26.10%,$3.10B,$1.08B,34.66%,$3.10B,$0.82B,26.32%,$3.10B,$0.66B,21.39%,$0.66B,$4.70B,14.34%,$0.66B,$2.45B,28.48%,$0.66B,$5.96B,11.19%,$0.81B,$5.05B,16.27%,$698,$65,$632,$139,$311,$530,$168,$7,$174,$38,$136,$136,$136,$232,$168,$526,532,$0.26,$0.26,$2556,$0,$0,$2991,$336,$207,$2243,$185,$2971,$5962,$614,$350,$168,$653,$1267,$0,$5332,$22,$4695,$5962,$419,$197,$356,$554,$0,$0,$-7,$-41,$-108,$864,$-85,$0,$0,$-304,$-20,$-324,$3,$-405,$0,$0,$0,$-228,$-228,$0,$0,$-228,$246,$126,$0
37,2009-05-31,28.18,$9.15,3.08,$6.13,4.6,$5.51,5.11,$1.35,20.87,$3.09B,$0.61B,5.03,$0.35B,$4.80B,0.07,$3.29B,$2.95B,89.49%,$3.29B,$0.86B,26.15%,$3.29B,$0.86B,26.15%,$3.29B,$1.13B,34.25%,$3.29B,$0.87B,26.48%,$3.29B,$0.72B,21.86%,$0.72B,$4.80B,15.83%,$0.72B,$2.52B,32.48%,$0.72B,$6.06B,12.30%,$0.86B,$5.15B,17.58%,$705,$72,$633,$138,$314,$543,$161,$2,$164,$38,$126,$126,$126,$226,$161,$524,528,$0.24,$0.24,$2664,$0,$0,$3088,$292,$207,$2284,$194,$2976,$6064,$614,$350,$166,$649,$1263,$0,$5196,$27,$4801,$6064,$283,$133,$133,$267,$201,$0,$-14,$-49,$78,$627,$-26,$0,$0,$-311,$-15,$-326,$3,$-349,$0,$0,$0,$49,$49,$0,$0,$49,$340,$87,$0
38,2009-02-28,16.7,$8.80,1.9,$6.43,2.6,$5.63,2.97,$1.51,11.06,$2.87B,$0.64B,4.51,$0.35B,$4.61B,0.08,$3.48B,$3.12B,89.73%,$3.48B,$0.96B,27.63%,$3.48B,$0.96B,27.63%,$3.48B,$1.23B,35.42%,$3.48B,$0.99B,28.37%,$3.48B,$0.81B,23.28%,$0.81B,$4.61B,18.56%,$0.81B,$2.30B,40.75%,$0.81B,$5.89B,14.19%,$0.96B,$4.96B,20.39%,$786,$77,$709,$150,$324,$578,$208,$-5,$203,$47,$156,$156,$156,$277,$208,$524,528,$0.30,$0.30,$2384,$0,$0,$2869,$300,$207,$2314,$197,$3019,$5888,$637,$350,$148,$640,$1276,$0,$5070,$25,$4611,$5888,$156,$69,$98,$167,$164,$0,$-14,$-42,$43,$366,$-16,$0,$0,$-106,$-9,$-116,$0,$-132,$0,$0,$0,$29,$29,$0,$0,$29,$262,$46,$0
39,2008-11-30,23.16,$8.38,2.76,$6.50,3.56,$5.62,4.12,$1.59,14.57,$2.74B,$0.76B,3.59,$0.35B,$4.41B,0.08,$3.58B,$3.22B,89.89%,$3.58B,$1.03B,28.70%,$3.58B,$1.03B,28.70%,$3.58B,$1.30B,36.30%,$3.58B,$1.08B,30.15%,$3.58B,$0.87B,24.36%,$0.87B,$4.41B,20.97%,$0.87B,$2.06B,50.14%,$0.87B,$5.82B,15.67%,$1.03B,$4.76B,22.65%,$915,$86,$829,$153,$356,$642,$273,$3,$276,$30,$246,$246,$246,$341,$273,$539,549,$0.47,$0.46,$2019,$0,$0,$2735,$313,$207,$2350,$217,$3086,$5822,$763,$350,$150,$649,$1411,$0,$4913,$57,$4410,$5822,$872,$270,$265,$535,$-153,$0,$14,$60,$-126,$1281,$-112,$0,$-4,$-96,$-94,$-189,$0,$-305,$0,$350,$350,$-1404,$-1404,$0,$32,$-1022,$-60,$172,$0
40,2008-08-31,42.83,$8.23,5.21,$6.35,6.74,$5.67,7.55,$1.51,28.36,$2.52B,$0.66B,3.8,$0.35B,$4.37B,0.08,$3.58B,$3.20B,89.54%,$3.58B,$1.03B,28.81%,$3.58B,$1.03B,28.81%,$3.58B,$1.31B,36.70%,$3.58B,$1.09B,30.60%,$3.58B,$0.85B,23.72%,$0.85B,$4.37B,20.10%,$0.85B,$1.99B,48.25%,$0.85B,$5.64B,15.31%,$1.03B,$4.72B,22.86%,$887,$111,$776,$170,$369,$668,$219,$9,$229,$37,$192,$192,$192,$284,$219,$531,541,$0.36,$0.35,$2001,$0,$0,$2517,$317,$207,$2380,$217,$3122,$5639,$662,$350,$131,$606,$1267,$0,$4667,$23,$4371,$5639,$626,$203,$229,$432,$-14,$0,$-4,$25,$-115,$942,$-88,$0,$0,$167,$-84,$83,$0,$-5,$350,$0,$350,$-1121,$-1121,$0,$24,$-748,$188,$138,$0
41,2008-05-31,44.06,$7.62,5.78,$6.14,7.17,$5.67,7.78,$1.51,29.18,$2.38B,$0.67B,3.54,$0.35B,$4.04B,0.09,$3.54B,$3.18B,89.94%,$3.54B,$1.07B,30.11%,$3.54B,$1.07B,30.11%,$3.54B,$1.37B,38.56%,$3.54B,$1.14B,32.26%,$3.54B,$0.86B,24.32%,$0.86B,$4.04B,19.98%,$0.86B,$1.59B,47.96%,$0.86B,$5.46B,15.53%,$1.07B,$4.39B,23.64%,$887,$83,$804,$170,$356,$627,$260,$18,$278,$63,$215,$215,$215,$329,$260,$533,542,$0.40,$0.40,$1865,$0,$0,$2381,$300,$207,$2448,$123,$3079,$5460,$673,$350,$234,$747,$1420,$0,$4476,$21,$4041,$5460,$434,$138,$152,$290,$-3,$0,$-4,$1,$7,$731,$-49,$0,$0,$335,$-27,$308,$0,$260,$350,$0,$350,$-1138,$-1138,$0,$9,$-778,$216,$91,$0
42,2008-02-29,33.65,$7.05,4.77,$5.74,5.86,$5.31,6.34,$1.36,24.74,$2.23B,$0.67B,3.33,$0.45B,$3.81B,0.12,$3.40B,$3.03B,89.26%,$3.40B,$0.99B,29.01%,$3.40B,$0.99B,29.01%,$3.40B,$1.30B,38.33%,$3.40B,$1.07B,31.45%,$3.40B,$0.80B,23.51%,$0.80B,$3.81B,17.38%,$0.80B,$1.31B,39.16%,$0.80B,$5.34B,13.98%,$0.99B,$4.26B,20.93%,$890,$82,$808,$168,$346,$615,$275,$20,$296,$76,$219,$219,$219,$345,$275,$561,571,$0.39,$0.38,$1715,$0,$0,$2226,$298,$207,$2502,$108,$3115,$5341,$670,$450,$238,$857,$1527,$0,$4261,$26,$3814,$5341,$219,$69,$71,$140,$25,$0,$-3,$10,$40,$399,$-26,$0,$0,$363,$-8,$355,$0,$329,$450,$0,$450,$-1097,$-1097,$0,$0,$-647,$86,$43,$0
43,2007-11-30,42.14,$8.14,5.18,$5.26,8.01,$5.03,8.38,$1.22,34.54,$2.57B,$0.85B,3.02,$0.00B,$4.65B,0.0,$3.16B,$2.80B,88.76%,$3.16B,$0.86B,27.14%,$3.16B,$0.86B,27.14%,$3.16B,$1.17B,37.14%,$3.16B,$0.95B,29.99%,$3.16B,$0.72B,22.93%,$0.72B,$4.65B,14.71%,$0.72B,$2.13B,30.95%,$0.72B,$5.71B,12.37%,$0.86B,$4.65B,17.41%,$911,$99,$813,$163,$356,$635,$276,$15,$291,$68,$222,$222,$222,$354,$276,$584,599,$0.39,$0.38,$1994,$0,$0,$2573,$290,$207,$2516,$128,$3141,$5714,$852,$0,$36,$211,$1064,$0,$4042,$28,$4650,$5714,$724,$315,$171,$487,$46,$0,$4,$50,$230,$1441,$-132,$0,$-76,$471,$-101,$370,$-81,$82,$0,$0,$0,$-1435,$-1435,$0,$85,$-1350,$174,$150,$0
44,2007-08-31,42.75,$8.22,5.2,$4.85,8.81,$4.17,10.24,$1.14,37.5,$2.51B,$0.81B,3.1,$0.00B,$4.73B,0.0,$2.93B,$2.59B,88.53%,$2.93B,$0.74B,25.40%,$2.93B,$0.74B,25.40%,$2.93B,$1.06B,36.12%,$2.93B,$0.90B,30.86%,$2.93B,$0.69B,23.39%,$0.69B,$4.73B,13.57%,$0.69B,$2.14B,28.19%,$0.69B,$5.67B,11.58%,$0.74B,$4.73B,14.74%,$852,$93,$759,$163,$322,$597,$255,$22,$277,$72,$205,$205,$205,$337,$255,$584,597,$0.35,$0.34,$1956,$0,$0,$2505,$279,$207,$2591,$84,$3161,$5666,$808,$0,$37,$126,$933,$0,$3819,$14,$4733,$5666,$502,$237,$232,$470,$-38,$0,$9,$10,$70,$1041,$-104,$0,$-67,$112,$-74,$39,$-81,$-213,$0,$0,$0,$-1097,$-1097,$0,$54,$-1043,$-213,$110,$0
45,2007-05-31,44.06,$8.83,4.99,$4.43,9.95,$3.54,12.46,$0.95,46.38,$2.95B,$0.78B,3.79,$0.00B,$5.20B,0.0,$2.68B,$2.37B,88.35%,$2.68B,$0.60B,22.36%,$2.68B,$0.60B,22.36%,$2.68B,$0.91B,33.82%,$2.68B,$0.75B,28.00%,$2.68B,$0.57B,21.43%,$0.57B,$5.20B,11.27%,$0.57B,$2.57B,23.42%,$0.57B,$6.14B,9.72%,$0.60B,$5.20B,11.76%,$746,$91,$654,$150,$305,$565,$180,$25,$205,$53,$153,$153,$153,$267,$180,$588,603,$0.26,$0.25,$2324,$0,$0,$2953,$266,$207,$2624,$86,$3183,$6136,$779,$0,$34,$161,$940,$0,$3614,$17,$5196,$6136,$296,$156,$174,$330,$-41,$0,$-0,$28,$-10,$617,$-72,$0,$-67,$83,$-21,$62,$-81,$-158,$0,$0,$0,$-370,$-370,$0,$37,$-332,$129,$71,$0
46,2007-02-28,39.25,$8.69,4.52,$4.23,9.29,$3.26,12.03,$0.90,43.61,$2.86B,$0.66B,4.36,$0.00B,$5.11B,0.0,$2.57B,$2.28B,88.90%,$2.57B,$0.57B,22.08%,$2.57B,$0.57B,22.08%,$2.57B,$0.87B,33.76%,$2.57B,$0.71B,27.61%,$2.57B,$0.54B,21.18%,$0.54B,$5.11B,10.91%,$0.54B,$2.51B,23.49%,$0.54B,$5.90B,9.47%,$0.57B,$5.11B,11.37%,$649,$72,$577,$137,$276,$503,$146,$28,$174,$31,$144,$144,$144,$215,$146,$588,604,$0.24,$0.24,$2282,$0,$0,$2857,$259,$127,$2598,$63,$3047,$5904,$656,$0,$31,$141,$796,$0,$3462,$7,$5108,$5904,$144,$68,$68,$137,$26,$0,$-8,$6,$-10,$271,$-48,$0,$-3,$-250,$-9,$-258,$-1,$-310,$0,$0,$0,$-207,$-207,$0,$2,$-206,$-246,$32,$0
47,2006-11-30,40.16,$8.77,4.58,$4.21,9.55,$3.16,12.71,$0.83,48.39,$2.88B,$0.68B,4.26,$0.00B,$5.15B,0.0,$2.57B,$2.28B,88.73%,$2.57B,$0.55B,21.41%,$2.57B,$0.55B,21.41%,$2.57B,$0.86B,33.41%,$2.57B,$0.68B,26.38%,$2.57B,$0.51B,19.62%,$0.51B,$5.15B,10.14%,$0.51B,$2.50B,22.29%,$0.51B,$5.96B,8.83%,$0.55B,$5.15B,11.07%,$682,$80,$603,$138,$283,$519,$163,$85,$248,$65,$183,$183,$183,$239,$163,$594,612,$0.30,$0.30,$2281,$0,$0,$2884,$227,$127,$2656,$68,$3078,$5963,$677,$0,$30,$133,$811,$0,$3318,$6,$5152,$5963,$506,$308,$140,$448,$-92,$0,$8,$72,$-54,$900,$-83,$0,$444,$-228,$62,$-166,$0,$195,$0,$0,$0,$-855,$-855,$0,$108,$-747,$352,$171,$0
