,Date,Stock Price,Book Value per Share,Price to Book Ratio,TTM Sales per Share,Price to Sales Ratio,TTM FCF per Share,Price to FCF Ratio,TTM Net EPS,PE Ratio,Current Assets,Current Liabilities,Current Ratio,Long Term Debt,Shareholder's Equity_x,Debt to Equity Ratio,TTM Revenue_x,TTM Gross Profit,Gross Margin,TTM Revenue_y,TTM Operating Income,Operating Margin,TTM Revenue_x,TTM EBIT,EBIT Margin,TTM Revenue_y,TTM EBITDA,EBITDA Margin,TTM Revenue_x,TTM Pre-Tax Income,Pre-Tax Margin,TTM Revenue_y,TTM Net Income_x,Net Margin,TTM Net Income_y,Shareholder's Equity_y,Return on Equity,TTM Net Income_x,Tangible Equity,Return on Tangible Equity,TTM Net Income_y,Total Assets,Return on Assets,TTM Net Income,LT Investments & Debt,Return on Investment,revenue,cost-goods-sold,gross-profit,research-development-expenses,selling-general-administrative-expenses,operating-expenses,operating-income,total-non-operating-income-expense,pre-tax-income,total-provision-income-taxes,income-after-taxes,income-from-continuous-operations,net-income,ebitda,ebit,basic-shares-outstanding,shares-outstanding,eps-basic-net-earnings-per-share,eps-earnings-per-share-diluted,cash-on-hand,inventory,other-current-assets,total-current-assets,net-property-plant-equipment,long-term-investments,goodwill-intangible-assets-total,other-long-term-assets,total-long-term-assets,total-assets,total-current-liabilities,long-term-debt,other-non-current-liabilities,total-long-term-liabilities,total-liabilities,common-stock-net,retained-earnings-accumulated-deficit,comprehensive-income,total-share-holder-equity,total-liabilities-share-holders-equity,net-income-loss,total-depreciation-amortization-cash-flow,other-non-cash-items,total-non-cash-items,change-in-accounts-receivable,change-in-inventories,change-in-accounts-payable,change-in-assets-liabilities,total-change-in-assets-liabilities,cash-flow-from-operating-activities,net-change-in-property-plant-equipment,net-change-in-intangible-assets,net-acquisitions-divestitures,net-change-in-short-term-investments,net-change-in-long-term-investments,net-change-in-investments-total,investing-activities-other,cash-flow-from-investing-activities,net-long-term-debt,net-current-debt,debt-issuance-retirement-net-total,net-common-equity-issued-repurchased,net-total-equity-issued-repurchased,total-common-preferred-stock-dividends-paid,financial-activities-other,cash-flow-from-financial-activities,net-cash-flow,stock-based-compensation,common-stock-dividends-paid
0,2018-09-30,53.12,$30.98,1.71,$4.56,11.65,$-22.79,0.0,$1.97,26.96,$0.04B,$0.03B,1.09,$0.62B,$1.07B,0.58,$0.14B,$0.12B,88.57%,$0.14B,$0.07B,51.43%,$0.14B,$0.07B,51.43%,$0.14B,$0.11B,80.71%,$0.14B,$0.06B,45.00%,$0.14B,$0.06B,43.57%,$0.06B,$1.07B,6.42%,$0.06B,$0.80B,8.44%,$0.06B,$1.75B,3.82%,$0.07B,$1.69B,4.69%,$37,$4,$33,$0,$3,$18,$19,$-3,$16,$0,$16,$16,$16,$30,$19,$32,32,$0.49,$0.48,$17,$0,$0,$37,$1425,$0,$271,$13,$1712,$1749,$34,$617,$29,$647,$680,$0,$0,$5,$1068,$1749,$45,$33,$-7,$25,$-5,$0,$1,$-2,$-7,$64,$-309,$0,$0,$0,$0,$0,$-1,$-311,$98,$0,$98,$158,$158,$-50,$-1,$206,$-41,$2,$-50
1,2018-06-30,52.77,$29.33,1.8,$4.46,11.82,$-21.61,0.0,$1.91,27.63,$0.03B,$0.03B,1.03,$0.65B,$0.91B,0.71,$0.13B,$0.12B,88.72%,$0.13B,$0.07B,51.88%,$0.13B,$0.07B,51.88%,$0.13B,$0.11B,81.20%,$0.13B,$0.06B,44.36%,$0.13B,$0.06B,42.86%,$0.06B,$0.91B,6.41%,$0.06B,$0.67B,8.35%,$0.06B,$1.61B,3.80%,$0.07B,$1.56B,4.79%,$36,$4,$32,$0,$3,$18,$18,$-5,$13,$0,$13,$13,$13,$29,$18,$31,31,$0.42,$0.41,$9,$0,$0,$28,$1324,$0,$236,$22,$1584,$1612,$27,$645,$29,$675,$702,$0,$0,$4,$910,$1612,$30,$21,$-5,$16,$-4,$0,$-4,$-1,$-9,$37,$-178,$0,$0,$0,$0,$0,$-0,$-178,$125,$0,$125,$-2,$-2,$-33,$-0,$91,$-50,$1,$-33
2,2018-03-31,47.55,$29.42,1.62,$4.38,10.86,$-22.46,0.0,$2.06,23.08,$0.02B,$0.03B,0.7,$0.56B,$0.91B,0.61,$0.13B,$0.11B,88.80%,$0.13B,$0.07B,52.80%,$0.13B,$0.07B,52.80%,$0.13B,$0.10B,81.60%,$0.13B,$0.06B,48.80%,$0.13B,$0.06B,47.20%,$0.06B,$0.91B,6.85%,$0.06B,$0.70B,8.80%,$0.06B,$1.53B,4.16%,$0.07B,$1.47B,4.85%,$35,$4,$31,$0,$3,$17,$18,$-1,$17,$0,$17,$17,$16,$28,$18,$31,31,$0.53,$0.53,$2,$0,$0,$20,$1272,$0,$209,$24,$1507,$1527,$29,$556,$29,$586,$614,$0,$0,$3,$913,$1527,$17,$10,$-4,$6,$-3,$0,$-2,$-0,$-5,$18,$-84,$0,$0,$0,$0,$0,$-0,$-84,$36,$0,$36,$-1,$-1,$-16,$-0,$19,$-48,$1,$-16
3,2017-12-31,50.38,$29.39,1.71,$4.28,11.77,$-21.49,0.0,$2.09,24.1,$0.07B,$0.03B,2.15,$0.52B,$0.91B,0.57,$0.12B,$0.10B,88.89%,$0.12B,$0.06B,52.99%,$0.12B,$0.06B,52.99%,$0.12B,$0.10B,82.05%,$0.12B,$0.06B,50.43%,$0.12B,$0.06B,49.57%,$0.06B,$0.91B,7.21%,$0.06B,$0.72B,9.19%,$0.06B,$1.50B,4.37%,$0.06B,$1.43B,4.89%,$32,$3,$28,$0,$3,$15,$17,$-0,$17,$0,$17,$17,$16,$26,$17,$28,28,$0.55,$0.54,$51,$0,$0,$66,$1214,$0,$195,$16,$1428,$1495,$31,$520,$33,$553,$583,$0,$0,$1,$911,$1495,$59,$33,$-12,$21,$-4,$0,$5,$0,$2,$82,$-319,$0,$0,$0,$0,$0,$-9,$-327,$97,$0,$97,$222,$222,$-56,$-0,$262,$17,$2,$-56
4,2017-09-30,47.59,$28.16,1.69,$4.24,11.21,$-23.20,0.0,$2.04,23.33,$0.04B,$0.03B,1.63,$0.49B,$0.82B,0.59,$0.11B,$0.10B,90.00%,$0.11B,$0.06B,53.64%,$0.11B,$0.06B,53.64%,$0.11B,$0.09B,82.73%,$0.11B,$0.06B,50.00%,$0.11B,$0.06B,50.00%,$0.06B,$0.82B,7.35%,$0.06B,$0.64B,9.35%,$0.06B,$1.37B,4.44%,$0.06B,$1.31B,4.99%,$30,$3,$27,$0,$2,$14,$16,$-4,$12,$0,$12,$12,$12,$25,$16,$29,29,$0.42,$0.42,$26,$0,$0,$41,$1121,$0,$185,$17,$1326,$1367,$25,$485,$33,$519,$544,$0,$0,$-0,$823,$1367,$42,$24,$-8,$15,$-4,$0,$2,$-1,$-2,$55,$-239,$0,$0,$0,$0,$0,$-1,$-240,$84,$0,$84,$136,$136,$-41,$-0,$178,$-6,$2,$-41
5,2017-06-30,44.03,$27.79,1.58,$4.21,10.46,$-24.78,0.0,$2.23,19.74,$0.02B,$0.02B,0.8,$0.43B,$0.80B,0.55,$0.10B,$0.09B,90.38%,$0.10B,$0.06B,54.81%,$0.10B,$0.06B,54.81%,$0.10B,$0.09B,83.65%,$0.10B,$0.06B,54.81%,$0.10B,$0.06B,54.81%,$0.06B,$0.80B,8.31%,$0.06B,$0.62B,10.42%,$0.06B,$1.29B,4.93%,$0.06B,$1.23B,5.15%,$28,$3,$25,$0,$2,$13,$15,$0,$15,$0,$15,$15,$15,$23,$15,$26,26,$0.56,$0.56,$4,$0,$0,$18,$1081,$0,$173,$11,$1268,$1287,$23,$434,$34,$468,$491,$0,$0,$-0,$796,$1287,$30,$15,$-8,$7,$-3,$0,$0,$0,$-2,$35,$-177,$0,$0,$0,$0,$0,$-0,$-177,$32,$0,$32,$107,$107,$-26,$-0,$113,$-29,$1,$-26
6,2017-03-31,45.54,$26.22,1.74,$4.13,11.03,$-26.59,0.0,$2.15,21.18,$0.02B,$0.02B,0.74,$0.42B,$0.69B,0.6,$0.10B,$0.09B,89.80%,$0.10B,$0.05B,55.10%,$0.10B,$0.05B,55.10%,$0.10B,$0.08B,82.65%,$0.10B,$0.05B,54.08%,$0.10B,$0.05B,54.08%,$0.05B,$0.69B,8.45%,$0.05B,$0.55B,10.47%,$0.05B,$1.16B,4.92%,$0.05B,$1.10B,5.21%,$27,$3,$24,$0,$2,$12,$14,$0,$15,$0,$15,$15,$15,$22,$14,$26,26,$0.56,$0.56,$2,$0,$0,$15,$992,$0,$141,$7,$1143,$1158,$21,$415,$34,$450,$471,$0,$0,$0,$688,$1158,$15,$7,$-4,$3,$-2,$0,$-1,$-1,$-2,$16,$-46,$0,$0,$0,$0,$0,$-0,$-47,$14,$0,$14,$-1,$-1,$-13,$-0,$0,$-31,$1,$-13
7,2016-12-31,43.28,$26.20,1.65,$4.10,10.57,$-26.54,0.0,$1.95,22.19,$0.05B,$0.02B,2.15,$0.40B,$0.69B,0.59,$0.09B,$0.08B,90.11%,$0.09B,$0.05B,56.04%,$0.09B,$0.05B,56.04%,$0.09B,$0.08B,82.42%,$0.09B,$0.05B,50.55%,$0.09B,$0.05B,49.45%,$0.05B,$0.69B,7.93%,$0.05B,$0.55B,9.72%,$0.05B,$1.14B,4.52%,$0.05B,$1.09B,5.31%,$25,$2,$23,$0,$2,$11,$14,$-2,$13,$0,$13,$13,$13,$21,$14,$23,23,$0.52,$0.52,$33,$0,$0,$45,$950,$0,$140,$4,$1097,$1142,$21,$401,$34,$436,$456,$0,$0,$-1,$686,$1142,$46,$24,$-7,$17,$-4,$0,$2,$0,$-1,$62,$-297,$0,$0,$0,$0,$0,$-1,$-298,$84,$0,$84,$227,$227,$-43,$-3,$267,$31,$2,$-43
8,2016-09-30,45.96,$24.09,1.91,$4.05,11.34,$-25.04,0.0,$1.86,24.71,$0.02B,$0.02B,1.04,$0.44B,$0.58B,0.76,$0.09B,$0.08B,89.41%,$0.09B,$0.05B,56.47%,$0.09B,$0.05B,56.47%,$0.09B,$0.07B,81.18%,$0.09B,$0.04B,48.24%,$0.09B,$0.04B,47.06%,$0.04B,$0.58B,7.85%,$0.04B,$0.47B,9.51%,$0.04B,$1.04B,4.41%,$0.05B,$1.01B,5.44%,$24,$2,$22,$0,$2,$10,$14,$0,$14,$0,$14,$14,$14,$21,$14,$23,24,$0.61,$0.61,$11,$0,$0,$22,$898,$0,$103,$15,$1017,$1039,$21,$435,$7,$442,$463,$0,$0,$-6,$575,$1039,$33,$17,$-5,$12,$-3,$0,$3,$-0,$1,$46,$-234,$0,$0,$0,$0,$0,$-13,$-247,$118,$0,$118,$123,$123,$-31,$-1,$210,$9,$2,$-31
9,2016-06-30,44.42,$23.64,1.88,$4.02,11.06,$-22.85,0.0,$2.06,21.56,$0.01B,$0.02B,0.76,$0.39B,$0.56B,0.69,$0.08B,$0.07B,89.87%,$0.08B,$0.04B,55.70%,$0.08B,$0.04B,55.70%,$0.08B,$0.06B,79.75%,$0.08B,$0.04B,53.16%,$0.08B,$0.04B,51.90%,$0.04B,$0.56B,8.80%,$0.04B,$0.46B,10.63%,$0.04B,$0.97B,4.91%,$0.04B,$0.95B,5.42%,$22,$3,$19,$0,$2,$10,$12,$-1,$11,$0,$11,$11,$11,$17,$12,$22,22,$0.48,$0.48,$4,$0,$0,$14,$854,$0,$101,$3,$959,$973,$18,$387,$8,$396,$414,$0,$-31,$-8,$559,$973,$18,$11,$-2,$10,$-3,$0,$2,$-0,$-1,$27,$-187,$0,$0,$0,$0,$0,$-1,$-187,$70,$0,$70,$111,$111,$-20,$-0,$162,$1,$1,$-20
10,2016-03-31,35.06,$21.70,1.62,$4.02,8.73,$-21.08,0.0,$2.16,16.23,$0.01B,$0.02B,0.64,$0.35B,$0.45B,0.78,$0.07B,$0.07B,91.89%,$0.07B,$0.04B,56.76%,$0.07B,$0.04B,56.76%,$0.07B,$0.06B,81.08%,$0.07B,$0.04B,55.41%,$0.07B,$0.04B,54.05%,$0.04B,$0.45B,9.55%,$0.04B,$0.37B,11.48%,$0.04B,$0.83B,5.21%,$0.04B,$0.80B,5.62%,$20,$2,$18,$0,$2,$9,$11,$-4,$8,$0,$8,$8,$7,$16,$11,$20,20,$0.36,$0.36,$4,$0,$0,$12,$734,$0,$77,$2,$814,$826,$18,$350,$7,$357,$375,$0,$-30,$-6,$450,$826,$8,$5,$1,$6,$-0,$0,$2,$0,$3,$17,$-40,$0,$0,$0,$0,$0,$-0,$-40,$33,$0,$33,$1,$1,$-10,$-0,$24,$1,$1,$-10
11,2015-12-31,30.61,$21.98,1.39,$3.93,7.79,$-22.84,0.0,$2.17,14.11,$0.01B,$0.01B,0.75,$0.32B,$0.45B,0.7,$0.07B,$0.06B,91.43%,$0.07B,$0.04B,57.14%,$0.07B,$0.04B,57.14%,$0.07B,$0.06B,81.43%,$0.07B,$0.04B,55.71%,$0.07B,$0.04B,55.71%,$0.04B,$0.45B,9.89%,$0.04B,$0.38B,11.85%,$0.04B,$0.79B,5.38%,$0.04B,$0.77B,5.66%,$19,$2,$17,$0,$2,$8,$11,$-3,$8,$0,$8,$8,$8,$15,$11,$18,18,$0.40,$0.40,$3,$0,$0,$10,$699,$0,$77,$3,$780,$790,$14,$317,$5,$323,$336,$0,$0,$-3,$454,$790,$40,$17,$-10,$7,$-3,$0,$1,$-1,$-2,$45,$-203,$0,$0,$0,$0,$0,$-0,$-203,$98,$0,$98,$92,$92,$-34,$-1,$155,$-3,$2,$-34
12,2015-09-30,26.51,$21.16,1.25,$3.83,6.93,$-21.60,0.0,$2.12,12.5,$0.03B,$0.01B,1.99,$0.33B,$0.40B,0.82,$0.07B,$0.06B,92.31%,$0.07B,$0.04B,56.92%,$0.07B,$0.04B,56.92%,$0.07B,$0.05B,83.08%,$0.07B,$0.04B,56.92%,$0.07B,$0.04B,56.92%,$0.04B,$0.40B,10.00%,$0.04B,$0.33B,11.86%,$0.04B,$0.75B,5.48%,$0.04B,$0.73B,5.62%,$18,$1,$17,$0,$2,$8,$10,$5,$15,$0,$15,$15,$15,$15,$10,$18,18,$0.81,$0.81,$21,$0,$0,$28,$650,$0,$66,$2,$722,$749,$14,$329,$6,$336,$350,$0,$-26,$-5,$400,$749,$32,$13,$-10,$3,$-2,$0,$0,$0,$-0,$34,$-139,$0,$0,$0,$0,$0,$-0,$-139,$108,$0,$108,$39,$39,$-25,$-1,$121,$16,$2,$-25
13,2015-06-30,25.5,$20.53,1.24,$3.77,6.76,$-19.33,0.0,$1.64,15.55,$0.01B,$0.01B,0.69,$0.32B,$0.37B,0.86,$0.06B,$0.06B,91.80%,$0.06B,$0.04B,57.38%,$0.06B,$0.04B,57.38%,$0.06B,$0.05B,81.97%,$0.06B,$0.03B,44.26%,$0.06B,$0.03B,44.26%,$0.03B,$0.37B,7.90%,$0.03B,$0.31B,9.29%,$0.03B,$0.71B,4.36%,$0.04B,$0.69B,5.80%,$17,$1,$16,$0,$2,$7,$10,$1,$10,$0,$10,$10,$10,$14,$10,$18,18,$0.59,$0.58,$3,$0,$0,$9,$628,$0,$62,$3,$697,$705,$12,$318,$3,$322,$334,$0,$-32,$-2,$371,$705,$17,$8,$-2,$6,$-1,$0,$-0,$-0,$-2,$21,$-116,$0,$0,$0,$0,$0,$-0,$-116,$96,$0,$96,$14,$14,$-16,$-1,$93,$-3,$1,$-16
14,2015-03-31,28.38,$20.05,1.42,$3.66,7.74,$-15.47,0.0,$1.24,22.89,$0.01B,$0.01B,1.15,$0.28B,$0.35B,0.8,$0.06B,$0.05B,91.23%,$0.06B,$0.03B,52.63%,$0.06B,$0.03B,52.63%,$0.06B,$0.04B,75.44%,$0.06B,$0.02B,35.09%,$0.06B,$0.02B,35.09%,$0.02B,$0.35B,6.24%,$0.02B,$0.30B,7.20%,$0.02B,$0.65B,3.55%,$0.03B,$0.64B,5.47%,$16,$1,$14,$0,$2,$7,$9,$-3,$6,$0,$6,$6,$6,$13,$9,$17,17,$0.37,$0.37,$8,$0,$0,$13,$577,$0,$57,$3,$640,$653,$11,$283,$5,$289,$300,$0,$-34,$-4,$353,$653,$6,$4,$1,$4,$-0,$0,$-0,$-1,$-2,$9,$-60,$0,$0,$0,$0,$0,$0,$-60,$61,$0,$61,$-0,$-0,$-8,$-0,$53,$3,$1,$-8
15,2014-12-31,26.4,$20.30,1.3,$3.61,7.3,$-13.45,0.0,$1.24,21.29,$0.01B,$0.01B,0.85,$0.22B,$0.36B,0.62,$0.05B,$0.05B,90.74%,$0.05B,$0.03B,51.85%,$0.05B,$0.03B,51.85%,$0.05B,$0.04B,74.07%,$0.05B,$0.02B,35.19%,$0.05B,$0.02B,35.19%,$0.02B,$0.36B,6.22%,$0.02B,$0.31B,7.06%,$0.02B,$0.59B,3.68%,$0.03B,$0.58B,5.57%,$14,$1,$13,$0,$2,$6,$8,$-3,$6,$0,$6,$6,$6,$12,$8,$15,15,$0.36,$0.36,$5,$0,$0,$10,$530,$0,$47,$2,$584,$594,$12,$222,$3,$226,$238,$0,$-33,$-2,$356,$594,$19,$12,$5,$17,$-1,$0,$-0,$-0,$-1,$35,$-147,$0,$0,$0,$0,$0,$-0,$-148,$58,$0,$58,$73,$73,$-26,$-1,$104,$-9,$2,$-26
16,2014-09-30,22.91,$19.16,1.2,$3.55,6.46,$-10.16,0.0,$1.28,17.9,$0.01B,$0.01B,0.57,$0.22B,$0.29B,0.78,$0.05B,$0.05B,90.38%,$0.05B,$0.03B,51.92%,$0.05B,$0.03B,51.92%,$0.05B,$0.04B,73.08%,$0.05B,$0.02B,34.62%,$0.05B,$0.02B,34.62%,$0.02B,$0.29B,6.22%,$0.02B,$0.25B,6.97%,$0.02B,$0.52B,3.72%,$0.03B,$0.51B,5.73%,$14,$1,$13,$0,$2,$6,$8,$-3,$5,$0,$5,$5,$5,$11,$8,$15,15,$0.33,$0.33,$1,$0,$0,$5,$472,$0,$38,$3,$517,$523,$9,$224,$2,$227,$236,$0,$-30,$-0,$287,$523,$13,$9,$5,$13,$-1,$0,$-1,$-0,$-1,$25,$-77,$0,$0,$0,$0,$0,$-0,$-78,$60,$0,$60,$-0,$-0,$-19,$-1,$39,$-13,$2,$-19
17,2014-06-30,24.91,$19.18,1.3,$3.48,7.16,$-10.69,0.0,$1.30,19.16,$0.01B,$0.01B,0.55,$0.18B,$0.29B,0.63,$0.05B,$0.04B,89.80%,$0.05B,$0.03B,53.06%,$0.05B,$0.03B,53.06%,$0.05B,$0.04B,73.47%,$0.05B,$0.02B,36.73%,$0.05B,$0.02B,36.73%,$0.02B,$0.29B,6.47%,$0.02B,$0.26B,7.20%,$0.02B,$0.48B,3.88%,$0.03B,$0.47B,5.76%,$13,$1,$12,$0,$2,$8,$5,$-2,$3,$0,$3,$3,$3,$7,$5,$15,15,$0.18,$0.18,$2,$0,$0,$5,$441,$0,$29,$3,$476,$481,$10,$181,$2,$184,$194,$0,$-29,$-1,$287,$481,$8,$5,$4,$9,$-1,$0,$-0,$0,$-1,$17,$-39,$0,$0,$0,$0,$0,$-0,$-39,$23,$0,$23,$-0,$-0,$-13,$0,$10,$-13,$1,$-13
18,2014-03-31,24.71,$19.46,1.27,$3.42,7.23,$-11.43,0.0,$1.46,16.92,$0.00B,$0.01B,0.47,$0.16B,$0.29B,0.56,$0.05B,$0.04B,89.36%,$0.05B,$0.03B,57.45%,$0.05B,$0.03B,57.45%,$0.05B,$0.04B,78.72%,$0.05B,$0.02B,40.43%,$0.05B,$0.02B,40.43%,$0.02B,$0.29B,7.10%,$0.02B,$0.26B,7.92%,$0.02B,$0.47B,4.26%,$0.03B,$0.46B,6.21%,$13,$1,$11,$0,$2,$5,$7,$-2,$5,$0,$5,$5,$5,$10,$7,$15,15,$0.37,$0.37,$1,$0,$0,$4,$428,$0,$29,$2,$462,$466,$9,$164,$2,$167,$175,$0,$-25,$0,$291,$466,$6,$3,$0,$3,$-0,$0,$-1,$1,$-0,$8,$-21,$0,$0,$0,$0,$0,$0,$-21,$5,$0,$5,$-0,$-0,$-6,$0,$-1,$-14,$1,$-6
19,2013-12-31,23.25,$19.63,1.18,$3.35,6.95,$-10.92,0.0,$1.50,15.5,$0.02B,$0.01B,1.83,$0.16B,$0.29B,0.54,$0.04B,$0.04B,90.91%,$0.04B,$0.03B,59.09%,$0.04B,$0.03B,59.09%,$0.04B,$0.04B,79.55%,$0.04B,$0.02B,40.91%,$0.04B,$0.02B,43.18%,$0.02B,$0.29B,7.44%,$0.02B,$0.27B,8.29%,$0.02B,$0.46B,4.48%,$0.03B,$0.45B,6.29%,$12,$1,$11,$0,$1,$4,$7,$-2,$5,$0,$5,$5,$5,$10,$7,$13,13,$0.40,$0.40,$15,$0,$0,$18,$411,$0,$28,$3,$445,$463,$10,$158,$2,$161,$171,$0,$-24,$0,$292,$463,$20,$9,$1,$11,$-1,$0,$1,$-1,$-2,$29,$-85,$0,$0,$0,$0,$0,$-0,$-85,$-3,$0,$-3,$93,$93,$-21,$-0,$69,$13,$2,$-21
20,2013-09-30,23.83,$18.36,1.3,$3.21,7.42,$-11.00,0.0,$1.51,15.78,$0.01B,$0.01B,1.06,$0.19B,$0.24B,0.78,$0.04B,$0.04B,92.50%,$0.04B,$0.02B,60.00%,$0.04B,$0.02B,60.00%,$0.04B,$0.03B,80.00%,$0.04B,$0.02B,40.00%,$0.04B,$0.02B,47.50%,$0.02B,$0.24B,8.19%,$0.02B,$0.22B,9.17%,$0.02B,$0.44B,4.74%,$0.02B,$0.43B,6.15%,$11,$1,$10,$0,$2,$5,$7,$-2,$5,$0,$5,$5,$5,$9,$7,$13,13,$0.35,$0.35,$6,$0,$0,$8,$402,$0,$28,$2,$435,$444,$8,$190,$2,$193,$201,$0,$-23,$-0,$243,$444,$15,$7,$1,$8,$-0,$0,$-1,$-0,$-1,$21,$-74,$0,$0,$0,$0,$0,$-0,$-74,$29,$0,$29,$45,$45,$-16,$-0,$57,$5,$1,$-16
21,2013-06-30,23.0,$18.44,1.25,$3.17,7.26,$-8.31,0.0,$1.51,15.23,$0.00B,$0.01B,0.39,$0.16B,$0.24B,0.64,$0.04B,$0.04B,92.11%,$0.04B,$0.02B,57.89%,$0.04B,$0.02B,57.89%,$0.04B,$0.03B,78.95%,$0.04B,$0.02B,39.47%,$0.04B,$0.02B,47.37%,$0.02B,$0.24B,8.15%,$0.02B,$0.22B,9.11%,$0.02B,$0.41B,4.82%,$0.02B,$0.40B,6.07%,$11,$1,$10,$0,$2,$5,$6,$-2,$4,$0,$4,$4,$4,$8,$6,$13,13,$0.34,$0.34,$1,$0,$0,$3,$375,$0,$27,$3,$408,$411,$8,$156,$2,$159,$167,$0,$-22,$0,$244,$411,$10,$5,$-0,$5,$0,$0,$-0,$-0,$-0,$14,$-44,$0,$0,$0,$0,$0,$0,$-44,$-5,$0,$-5,$45,$45,$-10,$-0,$30,$-0,$1,$-10
22,2013-03-31,23.13,$18.37,1.26,$3.13,7.4,$-6.94,0.0,$1.61,14.36,$0.00B,$0.01B,0.38,$0.13B,$0.24B,0.52,$0.04B,$0.03B,91.67%,$0.04B,$0.02B,58.33%,$0.04B,$0.02B,58.33%,$0.04B,$0.03B,80.56%,$0.04B,$0.01B,38.89%,$0.04B,$0.02B,52.78%,$0.02B,$0.24B,9.08%,$0.02B,$0.22B,10.19%,$0.02B,$0.38B,5.44%,$0.02B,$0.37B,6.20%,$10,$1,$9,$0,$1,$4,$6,$-1,$4,$0,$4,$4,$5,$8,$6,$13,13,$0.42,$0.41,$1,$0,$0,$3,$349,$0,$23,$2,$377,$380,$8,$126,$3,$129,$137,$0,$-21,$-1,$243,$380,$5,$2,$-0,$2,$0,$0,$-0,$-0,$-0,$7,$-12,$0,$0,$0,$0,$0,$0,$-12,$-36,$0,$-36,$45,$45,$-5,$-0,$5,$-0,$0,$-5
23,2012-12-31,20.28,$17.31,1.17,$3.12,6.49,$-7.07,0.0,$1.63,12.44,$0.00B,$0.01B,0.48,$0.16B,$0.20B,0.81,$0.03B,$0.03B,91.18%,$0.03B,$0.02B,58.82%,$0.03B,$0.02B,58.82%,$0.03B,$0.03B,79.41%,$0.03B,$0.01B,38.24%,$0.03B,$0.02B,55.88%,$0.02B,$0.20B,9.60%,$0.02B,$0.18B,10.75%,$0.02B,$0.37B,5.80%,$0.02B,$0.36B,6.32%,$8,$1,$8,$0,$2,$4,$5,$-2,$3,$0,$3,$3,$5,$7,$5,$11,11,$0.41,$0.40,$1,$0,$0,$3,$340,$0,$21,$2,$367,$370,$7,$161,$3,$165,$172,$0,$-21,$-1,$198,$370,$19,$8,$-0,$7,$-1,$0,$-1,$-1,$-4,$21,$-69,$0,$0,$0,$0,$0,$-0,$-69,$32,$0,$32,$35,$35,$-18,$-2,$47,$-1,$2,$-18
24,2012-09-30,19.0,$17.27,1.1,$2.86,6.63,$-3.12,0.0,$1.54,12.34,$0.01B,$0.01B,0.79,$0.12B,$0.20B,0.63,$0.03B,$0.03B,90.32%,$0.03B,$0.02B,54.84%,$0.03B,$0.02B,54.84%,$0.03B,$0.02B,77.42%,$0.03B,$0.01B,35.48%,$0.03B,$0.02B,54.84%,$0.02B,$0.20B,8.99%,$0.02B,$0.18B,10.06%,$0.02B,$0.33B,5.51%,$0.02B,$0.32B,5.72%,$9,$1,$8,$0,$1,$4,$5,$-1,$4,$0,$4,$4,$4,$7,$5,$11,11,$0.35,$0.35,$4,$0,$0,$5,$301,$0,$22,$2,$327,$333,$7,$124,$3,$129,$135,$0,$-21,$-1,$198,$333,$14,$6,$-1,$5,$-1,$0,$-2,$-2,$-5,$14,$-30,$0,$0,$-3,$0,$-3,$-0,$-33,$-4,$0,$-4,$35,$35,$-14,$-0,$17,$-1,$1,$-14
25,2012-06-30,16.24,$17.31,0.94,$2.85,5.71,$-1.51,0.0,$1.00,16.24,$0.01B,$0.01B,0.69,$0.11B,$0.20B,0.54,$0.03B,$0.03B,90.00%,$0.03B,$0.02B,53.33%,$0.03B,$0.02B,53.33%,$0.03B,$0.02B,73.33%,$0.03B,$0.01B,40.00%,$0.03B,$0.01B,36.67%,$0.01B,$0.20B,6.10%,$0.01B,$0.17B,6.78%,$0.01B,$0.32B,3.72%,$0.02B,$0.30B,5.62%,$9,$1,$8,$0,$1,$4,$5,$-1,$3,$0,$3,$3,$5,$7,$5,$11,11,$0.44,$0.44,$4,$0,$0,$5,$281,$0,$25,$2,$310,$315,$7,$106,$3,$110,$117,$0,$-21,$-1,$198,$315,$10,$4,$-1,$3,$0,$0,$-2,$-2,$-4,$9,$-19,$0,$0,$-3,$0,$-3,$-0,$-22,$-14,$0,$-14,$35,$35,$-9,$-0,$12,$-1,$1,$-9
26,2012-03-31,16.27,$17.29,0.94,$2.96,5.5,$0.82,19.91,$0.93,17.5,$0.00B,$0.01B,0.16,$0.08B,$0.20B,0.42,$0.03B,$0.03B,86.67%,$0.03B,$0.02B,50.00%,$0.03B,$0.02B,50.00%,$0.03B,$0.02B,70.00%,$0.03B,$0.01B,40.00%,$0.03B,$0.01B,33.33%,$0.01B,$0.20B,5.79%,$0.01B,$0.18B,6.29%,$0.01B,$0.29B,3.48%,$0.02B,$0.28B,5.46%,$8,$1,$7,$0,$1,$4,$5,$-1,$3,$0,$3,$3,$5,$6,$5,$11,11,$0.43,$0.43,$0,$0,$0,$1,$271,$0,$16,$1,$291,$292,$7,$83,$3,$87,$94,$0,$-21,$-1,$198,$292,$5,$2,$-0,$1,$0,$0,$-2,$-0,$-2,$4,$-9,$0,$0,$0,$0,$0,$-0,$-9,$-27,$0,$-27,$35,$35,$-4,$0,$4,$-2,$0,$-4
27,2011-12-31,17.27,$16.47,1.05,$3.13,5.51,$2.31,7.48,$0.97,17.8,$0.00B,$0.01B,0.33,$0.12B,$0.16B,0.74,$0.03B,$0.03B,87.10%,$0.03B,$0.02B,48.39%,$0.03B,$0.02B,48.39%,$0.03B,$0.02B,70.97%,$0.03B,$0.01B,41.94%,$0.03B,$0.01B,32.26%,$0.01B,$0.16B,6.05%,$0.01B,$0.15B,6.50%,$0.01B,$0.29B,3.51%,$0.02B,$0.28B,5.55%,$5,$0,$5,$0,$2,$3,$2,$-1,$1,$0,$1,$1,$3,$4,$2,$10,10,$0.33,$0.33,$2,$0,$0,$3,$271,$0,$16,$1,$291,$294,$9,$119,$3,$123,$132,$0,$-21,$-1,$162,$294,$10,$7,$12,$20,$1,$0,$2,$-7,$-4,$25,$-29,$0,$0,$0,$0,$0,$-0,$-29,$24,$0,$24,$0,$0,$-17,$-1,$5,$1,$1,$-17
28,2011-09-30,15.17,$16.51,0.92,$2.73,5.56,$1.95,7.8,$0.33,45.98,$0.00B,$0.01B,0.57,$0.11B,$0.16B,0.67,$0.03B,$0.02B,85.19%,$0.03B,$0.01B,22.22%,$0.03B,$0.01B,22.22%,$0.03B,$0.01B,48.15%,$0.03B,$0.01B,18.52%,$0.03B,$0.00B,14.81%,$0.00B,$0.16B,2.40%,$0.00B,$0.15B,2.55%,$0.00B,$0.28B,1.42%,$0.01B,$0.27B,2.25%,$8,$1,$7,$0,$1,$4,$4,$1,$5,$0,$5,$5,$-2,$5,$4,$10,10,$-0.19,$-0.19,$1,$0,$0,$4,$262,$0,$14,$1,$278,$282,$6,$109,$3,$113,$119,$0,$-20,$-1,$163,$282,$7,$5,$12,$18,$-1,$0,$0,$-7,$-8,$17,$-14,$0,$0,$0,$0,$0,$-0,$-14,$11,$0,$11,$0,$0,$-13,$-0,$-2,$0,$1,$-13
29,2011-06-30,15.28,$17.07,0.9,$2.85,5.36,$2.41,6.34,$0.98,15.59,$0.00B,$0.01B,0.55,$0.10B,$0.17B,0.57,$0.03B,$0.02B,85.71%,$0.03B,$0.01B,25.00%,$0.03B,$0.01B,25.00%,$0.03B,$0.02B,53.57%,$0.03B,$0.00B,14.29%,$0.03B,$0.01B,35.71%,$0.01B,$0.17B,5.90%,$0.01B,$0.16B,6.12%,$0.01B,$0.28B,3.57%,$0.01B,$0.26B,2.66%,$9,$1,$7,$0,$2,$4,$4,$-1,$3,$0,$3,$3,$4,$6,$4,$10,10,$0.38,$0.38,$1,$0,$0,$4,$267,$0,$9,$1,$278,$281,$6,$96,$10,$107,$113,$0,$-14,$-1,$168,$281,$9,$3,$1,$4,$-1,$0,$0,$-0,$-1,$11,$2,$0,$0,$0,$0,$0,$-0,$2,$-4,$0,$-4,$0,$0,$-9,$-0,$-13,$0,$1,$-9
30,2011-03-31,15.09,$17.07,0.88,$2.90,5.2,$1.98,7.63,$1.07,14.1,$0.00B,$0.01B,0.46,$0.10B,$0.17B,0.57,$0.03B,$0.03B,89.29%,$0.03B,$0.01B,28.57%,$0.03B,$0.01B,28.57%,$0.03B,$0.02B,57.14%,$0.03B,$0.01B,17.86%,$0.03B,$0.01B,35.71%,$0.01B,$0.17B,5.83%,$0.01B,$0.16B,5.97%,$0.01B,$0.28B,3.60%,$0.01B,$0.26B,3.08%,$9,$1,$8,$0,$1,$4,$5,$-1,$4,$0,$4,$4,$5,$7,$5,$10,10,$0.47,$0.47,$1,$0,$0,$3,$267,$0,$9,$1,$278,$281,$6,$96,$10,$107,$112,$0,$-14,$-1,$168,$281,$5,$2,$0,$2,$-1,$0,$-0,$-0,$-1,$6,$4,$0,$0,$0,$0,$0,$-0,$4,$-4,$0,$-4,$0,$0,$-5,$0,$-9,$0,$0,$-5
31,2010-12-31,17.29,$17.13,1.01,$3.05,5.67,$1.57,11.0,$1.78,9.71,$0.00B,$0.01B,0.27,$0.10B,$0.17B,0.6,$0.03B,$0.03B,89.29%,$0.03B,$0.01B,28.57%,$0.03B,$0.01B,28.57%,$0.03B,$0.02B,57.14%,$0.03B,$0.01B,17.86%,$0.03B,$0.02B,53.57%,$0.02B,$0.17B,9.05%,$0.02B,$0.16B,9.16%,$0.02B,$0.29B,5.47%,$0.01B,$0.27B,3.13%,$1,$0,$1,$0,$1,$8,$-7,$0,$-7,$0,$-7,$-7,$-3,$-5,$-7,$9,9,$-0.45,$-0.46,$1,$0,$0,$2,$272,$0,$8,$1,$283,$285,$7,$100,$10,$111,$118,$0,$-15,$-1,$167,$285,$16,$6,$5,$11,$1,$0,$-0,$-1,$-0,$26,$-33,$0,$0,$0,$0,$0,$-0,$-33,$-5,$0,$-5,$31,$31,$-19,$-0,$7,$-0,$1,$-19
32,2010-09-30,16.35,$17.94,0.91,$3.58,4.57,$4.16,3.93,$2.64,6.19,$0.00B,$0.01B,0.16,$0.08B,$0.18B,0.46,$0.03B,$0.03B,87.50%,$0.03B,$0.02B,53.13%,$0.03B,$0.02B,53.13%,$0.03B,$0.03B,78.13%,$0.03B,$0.01B,43.75%,$0.03B,$0.02B,68.75%,$0.02B,$0.18B,13.84%,$0.02B,$0.18B,13.84%,$0.02B,$0.27B,8.20%,$0.02B,$0.26B,6.79%,$9,$1,$8,$0,$1,$4,$5,$-1,$4,$0,$4,$4,$4,$7,$5,$10,10,$0.46,$0.46,$0,$0,$0,$1,$270,$0,$0,$2,$273,$274,$7,$80,$11,$92,$99,$0,$-7,$-1,$175,$274,$19,$5,$-4,$0,$1,$0,$-1,$-1,$-1,$18,$-11,$0,$0,$0,$0,$0,$-0,$-11,$-24,$0,$-24,$31,$31,$-14,$-0,$-7,$-0,$1,$-14
33,2010-06-30,14.81,$18.01,0.82,$3.79,3.91,$4.57,3.24,$2.73,5.42,$0.01B,$0.01B,0.67,$0.08B,$0.18B,0.43,$0.03B,$0.03B,87.50%,$0.03B,$0.02B,56.25%,$0.03B,$0.02B,56.25%,$0.03B,$0.03B,78.13%,$0.03B,$0.01B,43.75%,$0.03B,$0.02B,68.75%,$0.02B,$0.18B,14.67%,$0.02B,$0.18B,14.67%,$0.02B,$0.27B,8.30%,$0.02B,$0.25B,7.28%,$9,$1,$8,$0,$1,$4,$5,$-1,$4,$0,$4,$4,$4,$7,$5,$9,9,$0.46,$0.46,$2,$0,$0,$5,$262,$0,$0,$1,$265,$270,$8,$75,$11,$87,$95,$0,$-6,$-1,$176,$270,$14,$3,$-5,$-2,$-1,$0,$-0,$-0,$-2,$11,$-2,$0,$0,$-2,$0,$-2,$-0,$-4,$-30,$0,$-30,$31,$31,$-9,$-0,$-7,$-0,$1,$-9
34,2010-03-31,14.21,$17.62,0.81,$3.98,3.57,$4.29,3.31,$2.78,5.11,$0.01B,$0.01B,2.11,$0.10B,$0.15B,0.72,$0.03B,$0.03B,87.50%,$0.03B,$0.02B,56.25%,$0.03B,$0.02B,56.25%,$0.03B,$0.03B,78.13%,$0.03B,$0.01B,43.75%,$0.03B,$0.02B,68.75%,$0.02B,$0.15B,15.63%,$0.02B,$0.15B,15.63%,$0.02B,$0.27B,8.38%,$0.02B,$0.25B,7.34%,$9,$1,$8,$0,$1,$4,$5,$-1,$4,$0,$4,$4,$10,$7,$5,$8,8,$1.18,$1.18,$10,$0,$0,$13,$251,$0,$0,$1,$254,$267,$6,$104,$10,$115,$122,$0,$-5,$-0,$145,$267,$10,$1,$-5,$-4,$-1,$0,$-0,$-0,$-1,$5,$-0,$0,$0,$0,$0,$0,$0,$-0,$-1,$0,$-1,$0,$0,$-4,$-0,$-5,$-0,$0,$-4
35,2009-12-31,14.17,$17.06,0.83,$4.04,3.51,$4.24,3.34,$2.11,6.72,$0.00B,$0.01B,0.41,$0.11B,$0.14B,0.75,$0.03B,$0.03B,87.50%,$0.03B,$0.02B,56.25%,$0.03B,$0.02B,56.25%,$0.03B,$0.03B,78.13%,$0.03B,$0.01B,43.75%,$0.03B,$0.02B,50.00%,$0.02B,$0.14B,11.51%,$0.02B,$0.14B,11.51%,$0.02B,$0.26B,6.15%,$0.02B,$0.24B,7.42%,$5,$1,$4,$0,$1,$3,$2,$-1,$2,$0,$2,$2,$4,$4,$2,$8,8,$0.54,$0.53,$1,$0,$0,$3,$256,$0,$0,$1,$259,$262,$6,$105,$10,$115,$122,$0,$-11,$-0,$140,$262,$18,$6,$1,$7,$-1,$0,$0,$-1,$-2,$24,$-9,$0,$0,$0,$0,$0,$-0,$-9,$3,$0,$3,$0,$0,$-17,$-1,$-15,$0,$1,$-17
36,2009-09-30,13.66,$17.00,0.8,$4.17,3.27,$2.44,5.61,$2.06,6.63,$0.00B,$0.01B,0.25,$0.11B,$0.14B,0.75,$0.03B,$0.03B,90.91%,$0.03B,$0.02B,57.58%,$0.03B,$0.02B,57.58%,$0.03B,$0.03B,78.79%,$0.03B,$0.01B,42.42%,$0.03B,$0.02B,48.48%,$0.02B,$0.14B,11.55%,$0.02B,$0.14B,11.55%,$0.02B,$0.26B,6.18%,$0.02B,$0.24B,7.88%,$9,$1,$8,$0,$1,$4,$6,$-1,$4,$0,$4,$4,$4,$7,$6,$8,8,$0.55,$0.55,$0,$0,$0,$1,$257,$0,$0,$1,$260,$261,$5,$105,$10,$116,$122,$0,$-11,$-0,$139,$261,$13,$4,$1,$5,$-0,$0,$-1,$-0,$-1,$17,$-8,$0,$0,$0,$0,$0,$0,$-8,$4,$0,$4,$0,$0,$-13,$-0,$-9,$-0,$1,$-13
37,2009-06-30,10.69,$16.92,0.63,$4.22,2.54,$1.12,9.54,$2.01,5.32,$0.00B,$0.01B,0.21,$0.10B,$0.14B,0.75,$0.03B,$0.03B,90.91%,$0.03B,$0.02B,57.58%,$0.03B,$0.02B,57.58%,$0.03B,$0.03B,78.79%,$0.03B,$0.01B,42.42%,$0.03B,$0.02B,48.48%,$0.02B,$0.14B,11.70%,$0.02B,$0.14B,11.70%,$0.02B,$0.26B,6.23%,$0.02B,$0.24B,7.99%,$9,$1,$8,$0,$1,$3,$5,$-1,$4,$0,$4,$4,$4,$7,$5,$8,8,$0.54,$0.54,$0,$0,$0,$1,$256,$0,$0,$1,$259,$260,$6,$104,$11,$116,$121,$0,$-11,$-0,$139,$260,$9,$3,$1,$4,$0,$0,$-0,$-0,$-1,$12,$-6,$0,$0,$0,$0,$0,$0,$-6,$3,$0,$3,$0,$0,$-9,$-0,$-6,$-0,$1,$-9
38,2009-03-31,8.91,$17.41,0.51,$4.24,2.1,$1.81,4.94,$1.95,4.57,$0.00B,$0.01B,0.19,$0.10B,$0.14B,0.73,$0.03B,$0.03B,90.91%,$0.03B,$0.02B,57.58%,$0.03B,$0.02B,57.58%,$0.03B,$0.03B,78.79%,$0.03B,$0.01B,42.42%,$0.03B,$0.02B,48.48%,$0.02B,$0.14B,11.85%,$0.02B,$0.14B,11.85%,$0.02B,$0.26B,6.31%,$0.02B,$0.24B,8.15%,$9,$1,$8,$0,$1,$4,$5,$-1,$4,$0,$4,$4,$4,$7,$5,$8,8,$0.52,$0.52,$0,$0,$0,$1,$253,$0,$0,$1,$256,$257,$6,$101,$11,$113,$119,$0,$-11,$-0,$138,$257,$4,$1,$0,$2,$0,$0,$-0,$-0,$-1,$5,$-1,$0,$0,$0,$0,$0,$0,$-1,$-0,$0,$-0,$0,$0,$-4,$-0,$-5,$-0,$0,$-4
39,2008-12-31,9.94,$17.55,0.57,$4.22,2.36,$1.49,6.66,$1.87,5.32,$0.00B,$0.01B,0.24,$0.10B,$0.14B,0.73,$0.03B,$0.03B,90.91%,$0.03B,$0.02B,57.58%,$0.03B,$0.02B,57.58%,$0.03B,$0.03B,75.76%,$0.03B,$0.01B,42.42%,$0.03B,$0.02B,48.48%,$0.02B,$0.14B,11.99%,$0.02B,$0.14B,11.99%,$0.02B,$0.26B,6.40%,$0.02B,$0.24B,8.35%,$6,$1,$6,$0,$1,$3,$3,$-1,$2,$0,$2,$2,$4,$5,$3,$8,8,$0.49,$0.49,$1,$0,$0,$2,$253,$0,$0,$1,$255,$257,$7,$101,$11,$112,$119,$0,$-11,$0,$138,$257,$16,$6,$1,$7,$-0,$0,$-0,$-1,$-1,$22,$-21,$0,$0,$0,$0,$0,$0,$-21,$17,$0,$17,$0,$0,$-17,$-0,$-0,$0,$1,$-17
40,2008-09-30,15.19,$16.93,0.9,$4.65,3.27,$1.90,7.98,$1.98,7.67,$0.00B,$0.01B,0.17,$0.10B,$0.13B,0.74,$0.04B,$0.03B,88.89%,$0.04B,$0.02B,58.33%,$0.04B,$0.02B,58.33%,$0.04B,$0.03B,75.00%,$0.04B,$0.02B,47.22%,$0.04B,$0.02B,47.22%,$0.02B,$0.13B,12.88%,$0.02B,$0.13B,12.88%,$0.02B,$0.25B,6.92%,$0.02B,$0.23B,9.49%,$9,$1,$8,$0,$1,$3,$6,$-1,$4,$0,$4,$4,$4,$7,$6,$8,8,$0.50,$0.50,$0,$0,$0,$1,$250,$0,$0,$1,$252,$253,$6,$98,$11,$115,$121,$0,$-11,$0,$132,$253,$12,$4,$1,$5,$0,$0,$-1,$-0,$-2,$16,$-17,$0,$0,$0,$0,$0,$0,$-17,$14,$0,$14,$0,$0,$-13,$-0,$1,$-0,$1,$-13
41,2008-06-30,11.5,$16.89,0.68,$4.57,2.51,$2.74,4.2,$1.95,5.9,$0.00B,$0.01B,0.13,$0.09B,$0.13B,0.7,$0.04B,$0.03B,88.57%,$0.04B,$0.02B,57.14%,$0.04B,$0.02B,57.14%,$0.04B,$0.03B,77.14%,$0.04B,$0.02B,48.57%,$0.04B,$0.02B,48.57%,$0.02B,$0.13B,12.90%,$0.02B,$0.13B,12.90%,$0.02B,$0.25B,7.08%,$0.02B,$0.22B,9.28%,$9,$1,$8,$0,$1,$3,$5,$-1,$4,$0,$4,$4,$4,$7,$5,$8,8,$0.49,$0.49,$0,$0,$0,$1,$245,$0,$0,$1,$247,$248,$6,$92,$11,$110,$116,$0,$-11,$0,$132,$248,$7,$3,$1,$4,$0,$0,$-1,$-0,$-1,$11,$0,$0,$0,$0,$0,$0,$-11,$-11,$9,$0,$9,$0,$0,$-8,$-0,$-0,$-0,$1,$-8
42,2008-03-31,14.0,$16.88,0.83,$4.52,3.1,$1.91,7.33,$1.97,7.11,$0.00B,$0.01B,0.13,$0.09B,$0.13B,0.65,$0.03B,$0.03B,88.24%,$0.03B,$0.02B,58.82%,$0.03B,$0.02B,58.82%,$0.03B,$0.03B,76.47%,$0.03B,$0.02B,50.00%,$0.03B,$0.02B,50.00%,$0.02B,$0.13B,12.93%,$0.02B,$0.13B,12.93%,$0.02B,$0.24B,7.23%,$0.02B,$0.22B,9.50%,$9,$1,$8,$0,$1,$4,$5,$-1,$4,$0,$4,$4,$4,$6,$5,$8,8,$0.47,$0.47,$0,$0,$0,$1,$239,$0,$0,$1,$241,$242,$7,$86,$11,$104,$110,$0,$-11,$0,$132,$242,$4,$1,$1,$2,$0,$0,$-1,$-0,$-1,$5,$-3,$0,$0,$0,$0,$0,$0,$-3,$2,$0,$2,$0,$0,$-4,$-0,$-2,$-0,$0,$-4
43,2007-12-31,15.09,$16.97,0.89,$4.48,3.37,$2.02,7.48,$2.01,7.51,$0.00B,$0.01B,0.19,$0.08B,$0.13B,0.63,$0.03B,$0.03B,87.88%,$0.03B,$0.02B,60.61%,$0.03B,$0.02B,60.61%,$0.03B,$0.03B,78.79%,$0.03B,$0.02B,51.52%,$0.03B,$0.02B,51.52%,$0.02B,$0.13B,12.98%,$0.02B,$0.13B,12.98%,$0.02B,$0.24B,7.37%,$0.02B,$0.21B,9.69%,$9,$1,$8,$0,$2,$4,$5,$-0,$5,$0,$5,$6,$5,$7,$5,$8,8,$0.61,$0.60,$1,$0,$0,$1,$236,$0,$0,$1,$238,$239,$7,$83,$11,$101,$108,$0,$-11,$0,$132,$239,$17,$5,$-0,$5,$-0,$0,$0,$-1,$-0,$22,$-18,$0,$0,$0,$0,$0,$0,$-18,$13,$0,$13,$0,$0,$-16,$-0,$-4,$0,$1,$-16
44,2007-09-30,15.45,$16.85,0.92,$4.38,3.53,$2.98,5.18,$1.90,8.13,$0.00B,$0.01B,0.08,$0.08B,$0.13B,0.59,$0.03B,$0.03B,87.50%,$0.03B,$0.02B,62.50%,$0.03B,$0.02B,62.50%,$0.03B,$0.03B,78.13%,$0.03B,$0.02B,50.00%,$0.03B,$0.02B,50.00%,$0.02B,$0.13B,12.26%,$0.02B,$0.13B,12.26%,$0.02B,$0.23B,7.05%,$0.02B,$0.21B,9.86%,$8,$1,$7,$0,$1,$3,$5,$-1,$4,$0,$4,$4,$4,$7,$5,$8,8,$0.47,$0.47,$0,$0,$0,$0,$228,$0,$0,$1,$230,$231,$6,$77,$12,$94,$100,$0,$-11,$0,$131,$231,$11,$4,$2,$6,$0,$0,$-1,$-0,$-1,$16,$-11,$0,$0,$0,$0,$0,$0,$-11,$7,$0,$7,$0,$0,$-12,$-0,$-5,$-0,$1,$-12
45,2007-06-30,15.17,$16.84,0.9,$4.34,3.5,$3.69,4.11,$1.87,8.11,$0.00B,$0.01B,0.09,$0.07B,$0.13B,0.56,$0.03B,$0.03B,87.50%,$0.03B,$0.02B,62.50%,$0.03B,$0.02B,62.50%,$0.03B,$0.02B,75.00%,$0.03B,$0.02B,50.00%,$0.03B,$0.02B,46.88%,$0.02B,$0.13B,11.52%,$0.02B,$0.13B,11.52%,$0.02B,$0.23B,6.70%,$0.02B,$0.20B,10.01%,$8,$1,$7,$0,$1,$3,$5,$-1,$4,$0,$4,$4,$4,$6,$5,$8,8,$0.47,$0.47,$0,$0,$0,$1,$225,$0,$0,$1,$227,$228,$6,$73,$12,$91,$97,$0,$-11,$0,$131,$228,$7,$3,$1,$4,$0,$0,$-1,$-0,$-1,$10,$-6,$0,$0,$0,$0,$0,$0,$-6,$4,$0,$4,$0,$0,$-8,$-0,$-5,$-0,$0,$-8
46,2007-03-31,16.32,$16.83,0.97,$4.32,3.78,$4.35,3.75,$1.85,8.82,$0.00B,$0.01B,0.1,$0.07B,$0.13B,0.54,$0.03B,$0.03B,87.50%,$0.03B,$0.02B,62.50%,$0.03B,$0.02B,62.50%,$0.03B,$0.02B,75.00%,$0.03B,$0.02B,50.00%,$0.03B,$0.01B,43.75%,$0.01B,$0.13B,10.77%,$0.01B,$0.13B,10.77%,$0.01B,$0.23B,6.33%,$0.02B,$0.20B,10.17%,$8,$1,$7,$0,$1,$3,$5,$-1,$4,$0,$4,$4,$4,$6,$5,$8,8,$0.47,$0.47,$0,$0,$0,$1,$221,$0,$0,$1,$224,$225,$5,$71,$12,$89,$94,$0,$-11,$0,$130,$225,$4,$1,$1,$2,$0,$0,$-0,$-0,$-0,$5,$-2,$0,$0,$0,$0,$0,$0,$-2,$1,$0,$1,$0,$0,$-4,$-0,$-3,$-0,$0,$-4
47,2006-12-31,16.19,$16.83,0.96,$4.30,3.77,$4.62,3.51,$1.79,9.04,$0.00B,$0.01B,0.19,$0.07B,$0.13B,0.53,$0.03B,$0.03B,87.50%,$0.03B,$0.02B,62.50%,$0.03B,$0.02B,62.50%,$0.03B,$0.02B,75.00%,$0.03B,$0.02B,50.00%,$0.03B,$0.01B,40.63%,$0.01B,$0.13B,10.00%,$0.01B,$0.13B,10.00%,$0.01B,$0.22B,5.94%,$0.02B,$0.20B,10.27%,$8,$1,$7,$0,$1,$3,$5,$-1,$4,$0,$4,$4,$4,$6,$5,$8,8,$0.48,$0.49,$0,$0,$0,$1,$220,$0,$0,$1,$222,$224,$6,$69,$12,$87,$93,$0,$-11,$0,$130,$224,$14,$5,$2,$7,$-0,$0,$-0,$-1,$-1,$20,$-9,$0,$0,$0,$0,$0,$0,$-9,$0,$0,$0,$0,$0,$-16,$-0,$-16,$-5,$1,$-16
