,Date,Stock Price,Book Value per Share,Price to Book Ratio,TTM Sales per Share,Price to Sales Ratio,TTM FCF per Share,Price to FCF Ratio,TTM Net EPS,PE Ratio,Current Assets,Current Liabilities,Current Ratio,Long Term Debt,Shareholder's Equity_x,Debt to Equity Ratio,TTM Revenue_x,TTM Gross Profit,Gross Margin,TTM Revenue_y,TTM Operating Income,Operating Margin,TTM Revenue_x,TTM EBIT,EBIT Margin,TTM Revenue_y,TTM EBITDA,EBITDA Margin,TTM Revenue_x,TTM Pre-Tax Income,Pre-Tax Margin,TTM Revenue_y,TTM Net Income_x,Net Margin,TTM Net Income_y,Shareholder's Equity_y,Return on Equity,TTM Net Income_x,Tangible Equity,Return on Tangible Equity,TTM Net Income_y,Total Assets,Return on Assets,TTM Net Income,LT Investments & Debt,Return on Investment,revenue,cost-goods-sold,gross-profit,research-development-expenses,selling-general-administrative-expenses,operating-expenses,operating-income,total-non-operating-income-expense,pre-tax-income,total-provision-income-taxes,income-after-taxes,income-from-continuous-operations,net-income,ebitda,ebit,basic-shares-outstanding,shares-outstanding,eps-basic-net-earnings-per-share,eps-earnings-per-share-diluted,cash-on-hand,inventory,other-current-assets,total-current-assets,net-property-plant-equipment,long-term-investments,goodwill-intangible-assets-total,other-long-term-assets,total-long-term-assets,total-assets,total-current-liabilities,long-term-debt,other-non-current-liabilities,total-long-term-liabilities,total-liabilities,common-stock-net,retained-earnings-accumulated-deficit,comprehensive-income,total-share-holder-equity,total-liabilities-share-holders-equity,net-income-loss,total-depreciation-amortization-cash-flow,other-non-cash-items,total-non-cash-items,change-in-accounts-receivable,change-in-inventories,change-in-accounts-payable,change-in-assets-liabilities,total-change-in-assets-liabilities,cash-flow-from-operating-activities,net-change-in-property-plant-equipment,net-change-in-intangible-assets,net-acquisitions-divestitures,net-change-in-short-term-investments,net-change-in-long-term-investments,net-change-in-investments-total,investing-activities-other,cash-flow-from-investing-activities,net-long-term-debt,net-current-debt,debt-issuance-retirement-net-total,net-common-equity-issued-repurchased,net-total-equity-issued-repurchased,total-common-preferred-stock-dividends-paid,financial-activities-other,cash-flow-from-financial-activities,net-cash-flow,stock-based-compensation,common-stock-dividends-paid
0,2018-07-31,96.14,$29.21,3.29,$16.68,5.76,$10.25,9.38,$3.75,25.64,$2.12B,$1.34B,1.58,$6.53B,$10.86B,0.6,$6.15B,$4.15B,67.46%,$6.15B,$1.82B,29.55%,$6.15B,$1.82B,29.55%,$6.15B,$2.61B,42.39%,$6.15B,$1.56B,25.45%,$6.15B,$1.41B,22.94%,$1.41B,$10.86B,13.44%,$1.41B,$-6.32B,-20.52%,$1.41B,$20.55B,6.77%,$1.82B,$17.39B,10.33%,$1597,$503,$1094,$296,$175,$1083,$513,$-56,$458,$25,$433,$433,$433,$699,$513,$371,375,$1.16,$1.15,$773,$564,$0,$2117,$1108,$29,$17175,$55,$18432,$20549,$1339,$6533,$847,$8354,$9692,$62,$5450,$-65,$10856,$20549,$1062,$598,$-610,$-12,$0,$0,$0,$678,$678,$1728,$-169,$0,$-53,$0,$0,$0,$-3,$-225,$-1306,$0,$-1306,$46,$46,$-524,$6,$-1777,$-275,$114,$-524
1,2018-04-30,86.94,$28.54,3.05,$16.36,5.32,$7.08,12.28,$2.83,30.72,$2.19B,$1.43B,1.53,$6.93B,$10.59B,0.65,$6.01B,$3.84B,63.96%,$6.01B,$1.51B,25.17%,$6.01B,$1.51B,25.17%,$6.01B,$2.30B,38.34%,$6.01B,$1.25B,20.81%,$6.01B,$1.07B,17.73%,$1.07B,$10.59B,10.39%,$1.07B,$-6.74B,-14.72%,$1.07B,$20.78B,5.08%,$1.51B,$17.51B,8.51%,$1573,$502,$1071,$292,$171,$1074,$499,$-58,$441,$26,$414,$414,$414,$664,$499,$371,376,$1.11,$1.10,$807,$551,$0,$2188,$1115,$27,$17324,$55,$18588,$20776,$1433,$6926,$851,$8758,$10191,$62,$5214,$-53,$10585,$20776,$648,$398,$-647,$-249,$0,$0,$0,$708,$708,$1107,$-117,$0,$-52,$0,$0,$0,$-1,$-170,$-876,$0,$-876,$36,$36,$-345,$7,$-1178,$-241,$77,$-345
2,2018-01-31,90.98,$27.98,3.25,$15.64,5.82,$6.72,13.55,$2.09,43.53,$2.18B,$1.24B,1.76,$7.39B,$10.35B,0.71,$5.64B,$3.45B,61.11%,$5.64B,$1.19B,21.16%,$5.64B,$1.19B,21.16%,$5.64B,$1.92B,34.07%,$5.64B,$0.94B,16.57%,$5.64B,$0.78B,13.81%,$0.78B,$10.35B,7.71%,$0.78B,$-7.06B,-10.36%,$0.78B,$20.85B,3.47%,$1.19B,$17.73B,6.62%,$1513,$479,$1034,$289,$172,$1049,$464,$-62,$402,$22,$380,$380,$380,$604,$464,$370,375,$1.02,$1.01,$828,$560,$0,$2178,$1115,$26,$17407,$58,$18676,$20853,$1237,$7385,$863,$9269,$10506,$62,$5012,$-44,$10348,$20853,$268,$198,$-647,$-448,$0,$0,$0,$569,$569,$389,$-63,$0,$0,$0,$0,$0,$-1,$-65,$-420,$0,$-420,$30,$30,$-167,$9,$-548,$-220,$38,$-167
3,2017-10-31,89.93,$27.57,3.26,$14.73,6.11,$6.79,13.25,$2.07,43.45,$2.35B,$1.60B,1.47,$7.55B,$10.16B,0.74,$5.11B,$3.06B,59.96%,$5.11B,$1.06B,20.66%,$5.11B,$1.06B,20.66%,$5.11B,$1.64B,32.09%,$5.11B,$0.83B,16.23%,$5.11B,$0.73B,14.25%,$0.73B,$10.16B,8.24%,$0.73B,$-7.38B,-14.61%,$0.73B,$21.14B,3.68%,$1.06B,$17.71B,6.65%,$1519,$483,$1035,$289,$177,$1113,$405,$-66,$339,$71,$268,$268,$268,$638,$405,$369,374,$0.72,$0.71,$1048,$551,$0,$2351,$1107,$25,$17537,$56,$18790,$21141,$1596,$7551,$125,$9383,$10980,$61,$4911,$-61,$10162,$21141,$727,$584,$-416,$168,$-66,$-47,$0,$15,$217,$1113,$-204,$0,$-9633,$3234,$0,$3234,$-16,$-6618,$6106,$0,$6106,$87,$87,$-602,$38,$5629,$127,$104,$-602
4,2017-07-31,77.4,$26.99,2.87,$13.54,5.72,$7.89,9.81,$2.09,37.03,$2.19B,$1.10B,1.99,$8.20B,$9.92B,0.83,$4.57B,$2.72B,59.58%,$4.57B,$0.96B,21.09%,$4.57B,$0.96B,21.09%,$4.57B,$1.41B,30.90%,$4.57B,$0.77B,16.85%,$4.57B,$0.68B,14.79%,$0.68B,$9.92B,8.91%,$0.68B,$-7.76B,-28.13%,$0.68B,$21.12B,4.10%,$0.96B,$18.12B,7.32%,$1541,$535,$1006,$274,$186,$1093,$448,$-67,$382,$34,$348,$348,$348,$397,$448,$346,350,$0.94,$0.93,$909,$520,$0,$2189,$1099,$29,$17683,$54,$18926,$21115,$1101,$8199,$130,$10091,$11192,$61,$4730,$-59,$9923,$21115,$380,$394,$-394,$1,$0,$0,$0,$122,$122,$502,$-139,$0,$-9687,$3234,$0,$3234,$-13,$-6605,$6456,$0,$6456,$69,$69,$-435,$-2,$6088,$-13,$72,$-435
5,2017-04-30,74.23,$27.16,2.73,$12.48,5.95,$9.19,8.08,$2.65,28.01,$7.54B,$5.45B,1.38,$8.57B,$9.97B,0.86,$4.01B,$2.53B,63.11%,$4.01B,$1.04B,25.91%,$4.01B,$1.04B,25.91%,$4.01B,$1.34B,33.35%,$4.01B,$0.90B,22.44%,$4.01B,$0.84B,20.89%,$0.84B,$9.97B,13.17%,$0.84B,$-7.89B,348.39%,$0.84B,$26.62B,6.38%,$1.04B,$18.54B,10.06%,$1434,$667,$767,$276,$184,$1239,$195,$-68,$127,$58,$69,$69,$69,$283,$195,$367,371,$0.18,$0.18,$6188,$648,$0,$7535,$1089,$28,$17857,$52,$19087,$26623,$5449,$8572,$176,$11207,$16656,$61,$4827,$-67,$9967,$26623,$311,$192,$97,$289,$0,$0,$0,$262,$262,$862,$-75,$0,$-9688,$2744,$0,$2744,$-12,$-7031,$11156,$0,$11156,$60,$60,$-269,$-2,$10946,$4777,$39,$-269
6,2017-01-31,72.61,$17.16,4.23,$11.65,6.23,$8.49,8.56,$2.93,24.78,$7.23B,$0.81B,8.91,$3.81B,$5.31B,0.72,$3.64B,$2.40B,65.96%,$3.64B,$1.10B,30.22%,$3.64B,$1.10B,30.22%,$3.64B,$1.31B,36.07%,$3.64B,$1.01B,27.69%,$3.64B,$0.91B,25.13%,$0.91B,$5.31B,17.98%,$0.91B,$3.10B,31.69%,$0.91B,$10.20B,10.94%,$1.10B,$9.11B,14.99%,$1148,$508,$640,$235,$191,$1002,$146,$-59,$87,$-7,$94,$94,$94,$321,$146,$341,346,$0.27,$0.27,$6317,$366,$0,$7234,$629,$23,$2207,$51,$2970,$10203,$812,$3805,$151,$4085,$4897,$52,$4873,$-76,$5306,$10203,$217,$54,$23,$77,$0,$0,$0,$29,$29,$323,$-28,$0,$-1,$1805,$0,$1805,$-6,$1770,$2072,$0,$2072,$31,$31,$-130,$1,$1974,$4066,$17,$-130
7,2016-10-31,61.76,$16.76,3.68,$10.95,5.64,$8.17,7.56,$2.76,22.38,$4.98B,$0.78B,6.35,$1.73B,$5.17B,0.34,$3.42B,$2.23B,65.08%,$3.42B,$1.03B,30.04%,$3.42B,$1.03B,30.04%,$3.42B,$1.24B,36.18%,$3.42B,$0.96B,27.94%,$3.42B,$0.86B,25.19%,$0.86B,$5.17B,17.22%,$0.86B,$2.94B,30.68%,$0.86B,$7.97B,11.19%,$1.03B,$6.90B,15.26%,$984,$336,$649,$184,$131,$718,$266,$-33,$233,$16,$217,$217,$217,$411,$266,$309,313,$0.70,$0.69,$4056,$377,$0,$4975,$636,$22,$2228,$47,$2995,$7970,$783,$1732,$153,$2022,$2805,$51,$4786,$-74,$5166,$7970,$862,$210,$89,$299,$-9,$38,$0,$1,$120,$1281,$-127,$0,$-83,$-989,$0,$-989,$-19,$-1218,$857,$0,$857,$-309,$-309,$-513,$-58,$-23,$37,$63,$-513
8,2016-07-31,61.09,$16.21,3.77,$10.83,5.64,$6.86,8.91,$2.11,28.95,$4.73B,$0.68B,6.97,$1.73B,$4.98B,0.35,$3.40B,$2.20B,64.82%,$3.40B,$0.78B,22.96%,$3.40B,$0.78B,22.96%,$3.40B,$0.99B,29.06%,$3.40B,$0.74B,21.73%,$3.40B,$0.66B,19.49%,$0.66B,$4.98B,13.29%,$0.66B,$2.82B,23.74%,$0.66B,$7.69B,8.85%,$0.78B,$6.72B,12.18%,$1004,$337,$667,$173,$119,$647,$357,$-34,$323,$27,$296,$296,$296,$321,$357,$309,312,$0.96,$0.95,$3803,$392,$0,$4728,$629,$28,$2168,$72,$2957,$7685,$679,$1732,$132,$2023,$2702,$51,$4619,$-50,$4983,$7685,$566,$156,$52,$208,$0,$0,$0,$21,$21,$794,$-86,$0,$-2,$-555,$0,$-555,$-18,$-661,$857,$0,$857,$-329,$-329,$-384,$-56,$88,$219,$48,$-384
9,2016-04-30,53.51,$15.86,3.37,$10.74,4.98,$6.47,8.27,$2.05,26.1,$4.63B,$0.69B,6.76,$1.73B,$4.87B,0.36,$3.39B,$2.20B,64.87%,$3.39B,$0.78B,22.89%,$3.39B,$0.78B,22.89%,$3.39B,$0.99B,29.17%,$3.39B,$0.74B,21.86%,$3.39B,$0.65B,19.12%,$0.65B,$4.87B,12.96%,$0.65B,$2.69B,23.22%,$0.65B,$7.57B,8.83%,$0.78B,$6.61B,12.69%,$870,$297,$572,$163,$123,$601,$269,$-12,$256,$26,$230,$230,$230,$259,$269,$307,311,$0.75,$0.74,$3754,$399,$0,$4628,$626,$26,$2188,$42,$2942,$7570,$685,$1731,$131,$2012,$2697,$51,$4518,$-44,$4874,$7570,$335,$103,$25,$128,$0,$0,$0,$77,$77,$540,$-49,$0,$-2,$-489,$0,$-489,$-9,$-550,$857,$0,$857,$-323,$-323,$-255,$-35,$245,$235,$32,$-255
10,2016-01-31,50.76,$16.11,3.15,$10.84,4.68,$6.28,8.08,$2.15,23.61,$4.64B,$0.59B,7.82,$1.73B,$5.00B,0.35,$3.43B,$2.23B,65.06%,$3.43B,$0.82B,23.83%,$3.43B,$0.82B,23.83%,$3.43B,$1.04B,30.19%,$3.43B,$0.79B,23.05%,$3.43B,$0.68B,19.87%,$0.68B,$5.00B,13.57%,$0.68B,$2.80B,24.41%,$0.68B,$7.60B,9.46%,$0.82B,$6.73B,14.03%,$779,$268,$511,$160,$112,$571,$207,$-12,$195,$24,$171,$171,$171,$247,$207,$309,312,$0.55,$0.55,$3789,$405,$0,$4644,$633,$23,$2196,$41,$2954,$7598,$594,$1731,$126,$2009,$2603,$52,$4477,$-60,$4995,$7598,$165,$52,$11,$62,$0,$0,$0,$-7,$-7,$220,$-23,$0,$0,$-175,$0,$-175,$-7,$-204,$857,$0,$857,$-126,$-126,$-125,$-35,$572,$586,$16,$-125
11,2015-10-31,56.29,$16.26,3.46,$10.84,5.19,$6.12,9.2,$2.20,25.59,$4.08B,$1.11B,3.66,$0.50B,$5.07B,0.1,$3.44B,$2.26B,65.79%,$3.44B,$0.83B,24.19%,$3.44B,$0.83B,24.19%,$3.44B,$1.05B,30.66%,$3.44B,$0.81B,23.58%,$3.44B,$0.70B,20.26%,$0.70B,$5.07B,13.98%,$0.70B,$2.85B,25.56%,$0.70B,$7.06B,9.92%,$0.83B,$5.57B,14.92%,$769,$292,$477,$157,$107,$574,$195,$-13,$182,$18,$165,$165,$165,$160,$195,$311,315,$0.53,$0.52,$3029,$412,$0,$4080,$644,$17,$2220,$41,$2979,$7059,$1114,$495,$126,$872,$1986,$52,$4437,$-51,$5073,$7059,$697,$222,$-1,$221,$-71,$-36,$0,$11,$-10,$908,$-154,$0,$-7,$152,$0,$152,$-8,$-17,$0,$0,$0,$-104,$-104,$-491,$24,$-572,$315,$69,$-491
12,2015-07-31,54.22,$16.15,3.36,$10.31,5.26,$5.92,9.16,$2.24,24.2,$4.15B,$1.06B,3.92,$0.50B,$5.07B,0.1,$3.27B,$2.10B,64.34%,$3.27B,$0.87B,26.67%,$3.27B,$0.87B,26.67%,$3.27B,$1.10B,33.64%,$3.27B,$0.84B,25.81%,$3.27B,$0.71B,21.68%,$0.71B,$5.07B,14.47%,$0.71B,$2.82B,27.05%,$0.71B,$7.14B,10.18%,$0.87B,$5.56B,15.62%,$979,$337,$642,$171,$121,$870,$109,$-4,$105,$8,$96,$96,$96,$323,$109,$313,317,$0.31,$0.30,$3100,$424,$0,$4150,$631,$16,$2242,$40,$2985,$7135,$1058,$498,$246,$1012,$2070,$52,$4467,$-173,$5065,$7135,$601,$171,$14,$185,$0,$0,$0,$-76,$-76,$710,$-108,$0,$-7,$-245,$0,$-245,$-9,$-370,$0,$0,$0,$-0,$-0,$-365,$17,$-349,$-12,$53,$-365
13,2015-04-30,57.15,$15.83,3.61,$9.88,5.79,$5.52,10.36,$2.13,26.83,$4.05B,$1.07B,3.79,$0.50B,$4.96B,0.1,$3.14B,$2.01B,64.15%,$3.14B,$0.81B,25.84%,$3.14B,$0.81B,25.84%,$3.14B,$1.01B,32.22%,$3.14B,$0.78B,24.94%,$3.14B,$0.67B,21.50%,$0.67B,$4.96B,13.80%,$0.67B,$2.70B,26.07%,$0.67B,$7.05B,9.08%,$0.81B,$5.46B,14.30%,$863,$294,$569,$161,$120,$598,$265,$-6,$259,$43,$216,$216,$216,$306,$265,$314,318,$0.69,$0.68,$3075,$394,$0,$4046,$630,$18,$2265,$42,$3003,$7048,$1068,$498,$249,$1016,$2084,$52,$4376,$-171,$4964,$7048,$384,$114,$17,$131,$0,$0,$0,$-2,$-2,$513,$-73,$0,$-0,$-141,$0,$-141,$-8,$-222,$0,$0,$0,$11,$11,$-240,$8,$-221,$67,$36,$-240
14,2015-01-31,47.83,$15.42,3.1,$9.47,5.05,$5.08,9.41,$2.07,23.1,$3.80B,$0.63B,6.01,$0.87B,$4.81B,0.18,$3.01B,$1.93B,63.97%,$3.01B,$0.78B,25.96%,$3.01B,$0.78B,25.96%,$3.01B,$0.95B,31.64%,$3.01B,$0.75B,25.06%,$3.01B,$0.66B,21.80%,$0.66B,$4.81B,13.45%,$0.66B,$2.52B,21.41%,$0.66B,$6.82B,8.97%,$0.78B,$5.68B,13.59%,$821,$276,$545,$154,$117,$572,$249,$-4,$245,$40,$205,$205,$205,$264,$249,$313,317,$0.66,$0.65,$2873,$367,$0,$3803,$612,$14,$2288,$48,$3018,$6821,$633,$873,$246,$1382,$2015,$52,$4295,$-192,$4806,$6821,$179,$57,$17,$73,$0,$0,$0,$-83,$-83,$169,$-24,$0,$-0,$74,$0,$74,$-4,$46,$0,$0,$0,$-17,$-17,$-115,$1,$-131,$81,$20,$-115
15,2014-10-31,45.25,$15.29,2.96,$9.00,5.03,$4.97,9.11,$1.98,22.85,$3.81B,$0.71B,5.38,$0.87B,$4.76B,0.18,$2.87B,$1.83B,63.87%,$2.87B,$0.75B,26.28%,$2.87B,$0.75B,26.28%,$2.87B,$0.90B,31.24%,$2.87B,$0.73B,25.45%,$2.87B,$0.63B,21.99%,$0.63B,$4.76B,12.93%,$0.63B,$2.44B,17.72%,$0.63B,$6.86B,8.74%,$0.75B,$5.63B,13.11%,$772,$268,$504,$152,$120,$564,$208,$-7,$201,$22,$179,$179,$179,$207,$208,$311,316,$0.57,$0.57,$2866,$368,$0,$3812,$622,$13,$2314,$50,$3048,$6860,$709,$873,$263,$1393,$2102,$52,$4231,$-169,$4758,$6860,$629,$142,$-45,$97,$-36,$25,$0,$-9,$145,$872,$-178,$0,$-1946,$2021,$0,$2021,$-12,$-115,$1995,$0,$1995,$-156,$-156,$-454,$-1962,$-577,$177,$51,$-454
16,2014-07-31,44.93,$15.94,2.82,$8.60,5.22,$5.30,8.48,$2.28,19.7,$5.92B,$2.62B,2.26,$0.87B,$5.01B,0.17,$2.73B,$1.79B,65.56%,$2.73B,$0.80B,29.42%,$2.73B,$0.80B,29.42%,$2.73B,$0.92B,33.53%,$2.73B,$0.87B,31.99%,$2.73B,$0.72B,26.49%,$0.72B,$5.01B,14.85%,$0.72B,$2.68B,17.85%,$0.72B,$8.97B,10.20%,$0.80B,$5.88B,13.99%,$814,$328,$486,$155,$121,$664,$150,$-11,$139,$30,$109,$109,$109,$233,$150,$313,318,$0.35,$0.34,$4932,$415,$0,$5924,$610,$12,$2328,$50,$3050,$8973,$2623,$873,$175,$1344,$3966,$52,$4239,$-77,$5007,$8973,$521,$85,$10,$94,$0,$0,$0,$-6,$-6,$609,$-134,$0,$-1944,$1972,$0,$1972,$-9,$-116,$1995,$0,$1995,$10,$10,$-338,$34,$1701,$2193,$35,$-338
17,2014-04-30,46.1,$15.70,2.94,$8.45,5.45,$5.57,8.27,$2.27,20.31,$5.64B,$0.57B,9.87,$0.87B,$4.93B,0.18,$2.68B,$1.75B,65.35%,$2.68B,$0.81B,30.21%,$2.68B,$0.81B,30.21%,$2.68B,$0.92B,34.32%,$2.68B,$0.87B,32.56%,$2.68B,$0.72B,26.84%,$0.72B,$4.93B,15.03%,$0.72B,$4.62B,16.08%,$0.72B,$6.60B,11.26%,$0.81B,$5.80B,14.30%,$728,$251,$476,$140,$133,$525,$203,$-5,$197,$17,$181,$181,$181,$248,$203,$314,319,$0.57,$0.57,$4807,$298,$0,$5638,$545,$11,$316,$43,$957,$6595,$571,$873,$180,$1092,$1663,$52,$4175,$-76,$4932,$6595,$340,$55,$11,$66,$0,$0,$0,$-10,$-10,$396,$-92,$0,$0,$-113,$0,$-113,$-9,$-214,$0,$0,$0,$31,$31,$-222,$21,$-170,$11,$22,$-222
18,2014-01-31,43.08,$15.34,2.81,$8.38,5.14,$5.79,7.44,$2.20,19.58,$5.47B,$0.52B,10.53,$0.87B,$4.80B,0.18,$2.64B,$1.71B,64.84%,$2.64B,$0.78B,29.52%,$2.64B,$0.78B,29.52%,$2.64B,$0.89B,33.69%,$2.64B,$0.84B,31.91%,$2.64B,$0.70B,26.34%,$0.70B,$4.80B,14.91%,$0.70B,$4.48B,15.98%,$0.70B,$6.40B,11.23%,$0.78B,$5.67B,14.16%,$695,$236,$459,$136,$102,$474,$220,$-3,$217,$30,$187,$187,$187,$207,$220,$313,318,$0.60,$0.59,$4701,$290,$0,$5471,$529,$5,$312,$42,$929,$6399,$519,$872,$176,$1084,$1604,$52,$4103,$-83,$4796,$6399,$153,$27,$2,$30,$0,$0,$0,$-25,$-25,$157,$-48,$0,$0,$7,$0,$7,$-3,$-44,$0,$0,$0,$-9,$-9,$-106,$28,$-87,$25,$11,$-106
19,2013-10-31,43.69,$15.24,2.87,$8.41,5.2,$5.89,7.41,$2.14,20.42,$5.47B,$0.57B,9.59,$0.87B,$4.74B,0.18,$2.63B,$1.69B,64.26%,$2.63B,$0.75B,28.56%,$2.63B,$0.75B,28.56%,$2.63B,$0.86B,32.78%,$2.63B,$0.82B,30.99%,$2.63B,$0.67B,25.56%,$0.67B,$4.74B,14.82%,$0.67B,$4.43B,15.91%,$0.67B,$6.38B,11.18%,$0.75B,$5.61B,14.04%,$628,$219,$409,$129,$98,$449,$180,$-4,$176,$23,$153,$153,$153,$227,$180,$312,318,$0.49,$0.48,$4683,$283,$0,$5472,$508,$4,$313,$41,$909,$6382,$571,$872,$176,$1072,$1642,$52,$4056,$-81,$4740,$6382,$673,$110,$-52,$58,$12,$29,$0,$66,$181,$912,$-123,$0,$98,$-919,$0,$-919,$-6,$-950,$101,$0,$101,$246,$246,$-406,$-41,$-101,$-137,$57,$-406
20,2013-07-31,43.44,$14.94,2.91,$8.52,5.1,$5.61,7.75,$2.08,20.89,$5.24B,$0.49B,10.66,$0.87B,$4.64B,0.19,$2.65B,$1.69B,63.77%,$2.65B,$0.77B,28.94%,$2.65B,$0.77B,28.94%,$2.65B,$0.88B,33.17%,$2.65B,$0.75B,28.15%,$2.65B,$0.65B,24.53%,$0.65B,$4.64B,14.78%,$0.65B,$4.33B,15.91%,$0.65B,$6.14B,11.15%,$0.77B,$5.52B,14.76%,$678,$233,$445,$131,$98,$478,$200,$83,$283,$81,$202,$202,$202,$236,$200,$308,314,$0.66,$0.64,$4450,$284,$0,$5244,$492,$4,$309,$42,$894,$6139,$492,$872,$96,$1004,$1495,$52,$3961,$-64,$4643,$6139,$472,$83,$27,$110,$0,$0,$0,$49,$49,$630,$-75,$0,$-2,$-618,$0,$-618,$-4,$-700,$41,$0,$41,$244,$244,$-300,$15,$-0,$-69,$44,$-300
21,2013-04-30,38.41,$14.47,2.65,$8.62,4.46,$5.43,7.07,$2.08,18.47,$4.96B,$0.51B,9.75,$0.76B,$4.46B,0.17,$2.66B,$1.70B,64.05%,$2.66B,$0.77B,29.00%,$2.66B,$0.77B,29.00%,$2.66B,$0.88B,33.21%,$2.66B,$0.76B,28.58%,$2.66B,$0.64B,24.22%,$0.64B,$4.46B,15.17%,$0.64B,$4.15B,16.37%,$0.64B,$5.84B,11.38%,$0.77B,$5.22B,15.31%,$674,$239,$435,$129,$98,$466,$208,$-13,$195,$19,$176,$176,$176,$219,$208,$309,315,$0.57,$0.56,$4172,$299,$0,$4963,$490,$4,$312,$37,$878,$5841,$509,$758,$94,$871,$1380,$51,$3889,$-67,$4461,$5841,$296,$55,$10,$66,$0,$0,$0,$49,$49,$410,$-44,$0,$0,$-205,$0,$-205,$-3,$-252,$-60,$0,$-60,$155,$155,$-195,$8,$-92,$67,$31,$-195
22,2013-01-31,37.82,$14.13,2.68,$8.72,4.34,$5.52,6.85,$2.09,18.1,$4.81B,$0.51B,9.47,$0.76B,$4.32B,0.18,$2.68B,$1.72B,64.34%,$2.68B,$0.79B,29.64%,$2.68B,$0.79B,29.64%,$2.68B,$0.90B,33.79%,$2.68B,$0.78B,29.27%,$2.68B,$0.64B,24.04%,$0.64B,$4.32B,15.64%,$0.64B,$4.01B,16.92%,$0.64B,$5.72B,11.58%,$0.79B,$5.08B,16.10%,$659,$237,$422,$128,$103,$468,$191,$-4,$188,$23,$164,$164,$164,$181,$191,$307,313,$0.53,$0.52,$3987,$307,$0,$4814,$491,$4,$313,$38,$903,$5717,$509,$760,$95,$884,$1393,$51,$3829,$-64,$4324,$5717,$131,$28,$-4,$24,$0,$0,$0,$3,$3,$158,$-18,$0,$0,$181,$0,$181,$-2,$160,$-60,$0,$-60,$97,$97,$-91,$1,$-53,$267,$13,$-91
23,2012-10-31,33.66,$13.82,2.44,$8.83,3.81,$5.69,5.91,$2.13,15.8,$4.70B,$0.53B,8.94,$0.81B,$4.17B,0.19,$2.70B,$1.74B,64.42%,$2.70B,$0.82B,30.47%,$2.70B,$0.82B,30.47%,$2.70B,$0.94B,34.62%,$2.70B,$0.81B,30.10%,$2.70B,$0.65B,24.10%,$0.65B,$4.17B,16.31%,$0.65B,$3.85B,17.66%,$0.65B,$5.62B,11.96%,$0.82B,$4.97B,17.04%,$622,$232,$390,$125,$98,$469,$153,$-3,$150,$19,$131,$131,$131,$243,$153,$303,310,$0.43,$0.42,$3900,$314,$0,$4696,$501,$2,$313,$37,$924,$5620,$525,$807,$93,$930,$1455,$50,$3789,$-64,$4165,$5620,$651,$110,$27,$137,$6,$-19,$0,$-0,$26,$815,$-132,$0,$-24,$-1184,$2,$-1182,$-1,$-1340,$0,$0,$0,$31,$31,$-345,$-36,$-350,$-876,$54,$-345
24,2012-07-31,33.37,$13.48,2.48,$8.89,3.75,$5.99,5.57,$2.15,15.52,$4.56B,$0.51B,8.97,$0.84B,$4.03B,0.21,$2.72B,$1.76B,64.58%,$2.72B,$0.84B,30.97%,$2.72B,$0.84B,30.97%,$2.72B,$0.96B,35.12%,$2.72B,$0.83B,30.53%,$2.72B,$0.66B,24.10%,$0.66B,$4.03B,16.83%,$0.66B,$3.72B,18.22%,$0.66B,$5.46B,12.25%,$0.84B,$4.87B,17.74%,$695,$252,$443,$130,$98,$480,$215,$-3,$213,$33,$179,$179,$179,$240,$215,$299,306,$0.59,$0.58,$3765,$312,$0,$4561,$491,$2,$308,$35,$895,$5457,$509,$843,$48,$919,$1428,$50,$3701,$-35,$4029,$5457,$472,$82,$23,$105,$0,$0,$0,$1,$1,$578,$-95,$0,$-24,$-1115,$2,$-1113,$-1,$-1233,$-23,$0,$-23,$-29,$-29,$-253,$19,$-286,$-943,$39,$-253
25,2012-04-30,33.01,$13.16,2.51,$9.11,3.63,$6.26,5.27,$2.30,14.35,$4.52B,$0.56B,8.1,$0.85B,$3.93B,0.22,$2.80B,$1.82B,65.07%,$2.80B,$0.91B,32.53%,$2.80B,$0.91B,32.53%,$2.80B,$1.02B,36.61%,$2.80B,$0.90B,32.07%,$2.80B,$0.71B,25.24%,$0.71B,$3.93B,18.48%,$0.71B,$3.62B,20.03%,$0.71B,$5.41B,13.31%,$0.91B,$4.77B,19.44%,$683,$235,$448,$130,$100,$471,$212,$-3,$209,$40,$170,$170,$170,$240,$212,$298,305,$0.57,$0.56,$3753,$304,$0,$4523,$479,$2,$309,$36,$890,$5412,$559,$848,$51,$929,$1487,$50,$3621,$-33,$3925,$5412,$302,$55,$15,$70,$0,$0,$0,$68,$68,$441,$-55,$0,$-24,$-871,$2,$-870,$-1,$-951,$-19,$0,$-19,$-35,$-35,$-164,$19,$-199,$-710,$25,$-164
26,2012-01-31,32.88,$12.90,2.55,$9.45,3.48,$6.14,5.35,$2.55,12.89,$4.40B,$0.50B,8.83,$0.86B,$3.84B,0.22,$2.91B,$1.91B,65.71%,$2.91B,$1.00B,34.16%,$2.91B,$1.00B,34.16%,$2.91B,$1.11B,38.17%,$2.91B,$0.98B,33.75%,$2.91B,$0.79B,26.95%,$0.79B,$3.84B,21.02%,$0.79B,$3.56B,22.74%,$0.79B,$5.28B,14.98%,$1.00B,$4.70B,21.60%,$675,$235,$440,$128,$100,$462,$213,$-1,$211,$49,$163,$163,$163,$212,$213,$298,306,$0.55,$0.53,$3667,$297,$0,$4395,$476,$3,$286,$57,$883,$5278,$498,$856,$52,$937,$1435,$50,$3547,$-31,$3842,$5278,$139,$28,$16,$44,$0,$0,$0,$32,$32,$215,$-25,$0,$0,$-381,$0,$-381,$0,$-406,$-16,$0,$-16,$-30,$-30,$-74,$5,$-115,$-308,$13,$-74
27,2011-10-31,30.51,$12.74,2.4,$9.69,3.15,$6.14,4.97,$2.81,10.86,$4.39B,$0.53B,8.36,$0.87B,$3.80B,0.23,$2.99B,$1.99B,66.37%,$2.99B,$1.07B,35.77%,$2.99B,$1.07B,35.77%,$2.99B,$1.19B,39.71%,$2.99B,$1.06B,35.47%,$2.99B,$0.87B,28.99%,$0.87B,$3.80B,24.02%,$0.87B,$3.51B,25.99%,$0.87B,$5.28B,17.12%,$1.07B,$4.67B,24.31%,$648,$239,$409,$124,$99,$465,$183,$-3,$180,$41,$139,$139,$139,$264,$183,$298,306,$0.47,$0.46,$3592,$295,$0,$4386,$479,$3,$287,$58,$891,$5278,$525,$872,$58,$957,$1482,$50,$3482,$-26,$3795,$5278,$867,$118,$3,$122,$40,$-18,$0,$-5,$-89,$901,$-123,$0,$-4,$-570,$0,$-570,$-7,$-704,$516,$0,$516,$-113,$-113,$-282,$18,$139,$335,$52,$-282
28,2011-07-31,28.48,$12.41,2.3,$9.89,2.88,$6.50,4.38,$2.94,9.69,$4.34B,$0.56B,7.8,$0.88B,$3.72B,0.24,$3.05B,$2.04B,66.99%,$3.05B,$1.12B,36.81%,$3.05B,$1.12B,36.81%,$3.05B,$1.24B,40.72%,$3.05B,$1.12B,36.71%,$3.05B,$0.91B,29.82%,$0.91B,$3.72B,26.23%,$0.91B,$3.42B,28.42%,$0.91B,$5.25B,18.80%,$1.12B,$4.59B,27.11%,$716,$256,$461,$124,$99,$481,$235,$-4,$231,$47,$184,$184,$184,$308,$235,$299,308,$0.62,$0.60,$3515,$299,$0,$4339,$482,$3,$293,$60,$912,$5251,$556,$876,$75,$979,$1536,$50,$3374,$-30,$3716,$5251,$684,$89,$-11,$78,$0,$0,$0,$-92,$-92,$670,$-97,$0,$-4,$-539,$0,$-539,$-7,$-646,$491,$0,$491,$-58,$-58,$-207,$38,$263,$288,$39,$-207
29,2011-04-30,33.16,$11.95,2.77,$9.78,3.39,$6.74,4.92,$2.88,11.52,$4.29B,$0.59B,7.3,$0.89B,$3.58B,0.25,$3.01B,$2.01B,66.84%,$3.01B,$1.09B,36.35%,$3.01B,$1.09B,36.35%,$3.01B,$1.21B,40.30%,$3.01B,$1.10B,36.38%,$3.01B,$0.89B,29.50%,$0.89B,$3.58B,26.95%,$0.89B,$3.32B,29.23%,$0.89B,$5.16B,19.53%,$1.09B,$4.47B,28.43%,$758,$248,$510,$128,$102,$479,$279,$-4,$275,$55,$220,$220,$220,$328,$279,$300,309,$0.73,$0.71,$3431,$294,$0,$4293,$474,$4,$261,$56,$868,$5160,$588,$892,$70,$990,$1578,$50,$3229,$-27,$3582,$5160,$464,$60,$-28,$32,$0,$0,$0,$-82,$-82,$413,$-60,$0,$10,$81,$0,$81,$-8,$24,$512,$0,$512,$-33,$-33,$-132,$39,$386,$825,$25,$-132
30,2011-01-31,31.77,$11.23,2.83,$9.41,3.37,$7.09,4.48,$2.65,11.99,$3.74B,$0.61B,6.14,$0.52B,$3.36B,0.16,$2.89B,$1.91B,66.26%,$2.89B,$1.01B,34.98%,$2.89B,$1.01B,34.98%,$2.89B,$1.13B,39.14%,$2.89B,$1.01B,35.05%,$2.89B,$0.81B,28.16%,$0.81B,$3.36B,26.04%,$0.81B,$3.11B,28.37%,$0.81B,$4.60B,19.18%,$1.01B,$3.89B,28.47%,$791,$257,$534,$130,$105,$492,$298,$-2,$297,$55,$242,$242,$242,$289,$298,$300,310,$0.81,$0.78,$2961,$283,$0,$3737,$469,$3,$257,$51,$860,$4597,$608,$523,$74,$624,$1232,$50,$3053,$-35,$3364,$4597,$222,$30,$0,$30,$0,$0,$0,$-36,$-36,$217,$-26,$0,$10,$227,$0,$227,$-3,$208,$145,$0,$145,$-12,$-12,$-66,$8,$76,$500,$13,$-66
31,2010-10-31,27.38,$10.71,2.56,$9.03,3.03,$7.12,3.85,$2.33,11.75,$3.48B,$0.64B,5.41,$0.40B,$3.20B,0.13,$2.76B,$1.80B,65.16%,$2.76B,$0.90B,32.60%,$2.76B,$0.90B,32.60%,$2.76B,$1.02B,36.98%,$2.76B,$0.90B,32.63%,$2.76B,$0.71B,25.75%,$0.71B,$3.20B,23.92%,$0.71B,$2.94B,26.18%,$0.71B,$4.33B,17.71%,$0.90B,$3.60B,26.77%,$729,$246,$482,$123,$100,$469,$259,$-1,$259,$43,$216,$216,$222,$316,$259,$299,309,$0.74,$0.72,$2688,$277,$0,$3479,$473,$1,$257,$57,$850,$4329,$643,$401,$75,$486,$1129,$50,$2897,$-34,$3200,$4329,$712,$121,$43,$164,$-82,$-24,$0,$-30,$115,$991,$-112,$0,$63,$-442,$0,$-442,$4,$-486,$0,$0,$0,$176,$176,$-250,$1,$-73,$430,$52,$-250
32,2010-07-31,23.98,$10.18,2.36,$8.47,2.83,$5.53,4.34,$1.96,12.24,$3.24B,$0.59B,5.5,$0.40B,$3.03B,0.13,$2.56B,$1.61B,62.62%,$2.56B,$0.74B,28.95%,$2.56B,$0.74B,28.95%,$2.56B,$0.87B,33.79%,$2.56B,$0.74B,28.87%,$2.56B,$0.59B,23.10%,$0.59B,$3.03B,21.11%,$0.59B,$2.78B,23.24%,$0.59B,$4.10B,15.68%,$0.74B,$3.43B,23.26%,$770,$254,$516,$128,$102,$484,$286,$2,$288,$63,$225,$225,$225,$280,$286,$297,306,$0.75,$0.73,$2508,$265,$0,$3235,$464,$1,$253,$61,$870,$4104,$588,$396,$49,$481,$1070,$50,$2737,$-18,$3034,$4104,$487,$91,$23,$114,$0,$0,$0,$116,$116,$717,$-74,$0,$63,$-339,$0,$-339,$4,$-346,$0,$0,$0,$170,$170,$-184,$1,$-14,$354,$38,$-184
33,2010-04-30,23.97,$9.70,2.47,$7.80,3.08,$4.21,5.7,$1.53,15.67,$3.08B,$0.57B,5.45,$0.38B,$2.89B,0.13,$2.34B,$1.39B,59.57%,$2.34B,$0.57B,24.41%,$2.34B,$0.57B,24.41%,$2.34B,$0.70B,29.85%,$2.34B,$0.57B,24.37%,$2.34B,$0.46B,19.61%,$0.46B,$2.89B,17.22%,$0.46B,$2.63B,19.06%,$0.46B,$3.93B,12.83%,$0.57B,$3.27B,18.75%,$720,$240,$480,$127,$102,$469,$251,$0,$251,$52,$199,$199,$199,$245,$251,$298,306,$0.67,$0.65,$2387,$248,$0,$3078,$453,$2,$258,$49,$850,$3928,$565,$383,$48,$473,$1038,$50,$2604,$-15,$2890,$3928,$288,$62,$16,$78,$0,$0,$0,$126,$126,$492,$-35,$0,$63,$-202,$0,$-202,$1,$-173,$0,$0,$0,$169,$169,$-118,$0,$51,$369,$25,$-118
34,2010-01-31,21.45,$9.29,2.31,$7.23,2.97,$3.06,7.01,$1.16,18.49,$2.84B,$0.45B,6.29,$0.38B,$2.76B,0.14,$2.14B,$1.22B,56.86%,$2.14B,$0.41B,19.33%,$2.14B,$0.41B,19.33%,$2.14B,$0.55B,25.44%,$2.14B,$0.42B,19.47%,$2.14B,$0.34B,16.01%,$0.34B,$2.76B,13.49%,$0.34B,$2.51B,15.00%,$0.34B,$3.70B,10.38%,$0.41B,$3.15B,14.64%,$668,$234,$435,$123,$98,$454,$214,$-0,$214,$47,$167,$167,$167,$180,$214,$298,306,$0.56,$0.55,$2179,$243,$0,$2841,$464,$1,$258,$49,$857,$3698,$451,$381,$48,$483,$934,$50,$2496,$-15,$2764,$3698,$120,$31,$17,$48,$0,$0,$0,$45,$45,$214,$-17,$0,$63,$-88,$0,$-88,$-0,$-43,$0,$0,$0,$163,$163,$-59,$0,$105,$275,$12,$-59
35,2009-10-31,20.26,$8.67,2.34,$6.89,2.94,$2.55,7.96,$0.85,23.83,$2.49B,$0.39B,6.44,$0.38B,$2.53B,0.15,$2.02B,$1.12B,55.51%,$2.02B,$0.29B,14.14%,$2.02B,$0.29B,14.14%,$2.02B,$0.43B,21.08%,$2.02B,$0.30B,14.73%,$2.02B,$0.25B,12.30%,$0.25B,$2.53B,10.11%,$0.25B,$2.27B,11.28%,$0.25B,$3.37B,7.97%,$0.29B,$2.91B,10.79%,$603,$235,$368,$114,$88,$454,$149,$-1,$148,$29,$120,$120,$120,$161,$149,$295,305,$0.41,$0.40,$1816,$253,$0,$2491,$477,$1,$258,$36,$879,$3369,$387,$380,$66,$454,$840,$49,$2434,$-10,$2529,$3369,$248,$140,$77,$217,$17,$67,$0,$12,$-33,$432,$-56,$0,$-10,$-463,$0,$-463,$-6,$-535,$370,$0,$370,$9,$9,$-233,$0,$146,$46,$49,$-233
36,2009-07-31,21.48,$8.43,2.55,$7.16,3.0,$2.98,7.2,$0.98,21.92,$2.36B,$0.35B,6.67,$0.38B,$2.46B,0.15,$2.11B,$1.20B,57.05%,$2.11B,$0.32B,15.11%,$2.11B,$0.32B,15.11%,$2.11B,$0.46B,22.00%,$2.11B,$0.34B,16.20%,$2.11B,$0.29B,13.59%,$0.29B,$2.46B,11.79%,$0.29B,$2.20B,13.15%,$0.29B,$3.28B,9.40%,$0.32B,$2.83B,12.63%,$572,$250,$322,$110,$83,$443,$128,$-1,$127,$22,$106,$106,$106,$111,$128,$291,293,$0.36,$0.36,$1724,$276,$0,$2360,$492,$2,$256,$31,$921,$3280,$354,$375,$65,$468,$822,$49,$2427,$-17,$2458,$3280,$142,$108,$51,$159,$0,$0,$0,$-27,$-31,$269,$-40,$0,$-10,$-378,$0,$-378,$-6,$-434,$370,$0,$370,$5,$5,$-175,$0,$201,$39,$36,$-175
37,2009-04-30,16.56,$8.31,1.99,$7.72,2.15,$3.61,4.58,$1.23,13.47,$1.94B,$0.37B,5.32,$0.00B,$2.42B,0.0,$2.27B,$1.34B,58.85%,$2.27B,$0.40B,17.61%,$2.27B,$0.40B,17.61%,$2.27B,$0.55B,24.30%,$2.27B,$0.43B,18.93%,$2.27B,$0.36B,15.85%,$0.36B,$2.42B,14.95%,$0.36B,$2.17B,16.72%,$0.36B,$2.88B,12.02%,$0.40B,$2.42B,16.61%,$492,$226,$266,$108,$80,$413,$79,$1,$80,$15,$65,$65,$65,$93,$79,$291,293,$0.22,$0.22,$1285,$305,$0,$1942,$516,$1,$252,$27,$933,$2875,$365,$0,$61,$90,$455,$49,$2402,$-30,$2420,$2875,$77,$76,$36,$112,$0,$0,$0,$-53,$-53,$136,$-34,$0,$-1,$105,$0,$105,$-4,$65,$0,$0,$0,$-1,$-1,$-116,$0,$-117,$83,$24,$-116
38,2009-01-31,15.39,$8.25,1.87,$8.29,1.86,$4.15,3.71,$1.50,10.26,$1.97B,$0.44B,4.49,$0.00B,$2.40B,0.0,$2.45B,$1.47B,60.14%,$2.45B,$0.50B,20.40%,$2.45B,$0.50B,20.40%,$2.45B,$0.66B,26.78%,$2.45B,$0.54B,21.91%,$2.45B,$0.44B,18.03%,$0.44B,$2.40B,18.54%,$0.44B,$2.16B,20.83%,$0.44B,$2.92B,14.56%,$0.50B,$2.40B,20.98%,$475,$213,$262,$109,$82,$417,$58,$4,$62,$10,$52,$52,$52,$60,$58,$291,292,$0.18,$0.18,$1283,$321,$0,$1974,$537,$1,$245,$28,$945,$2919,$440,$0,$59,$77,$517,$49,$2398,$-44,$2402,$2919,$25,$41,$9,$50,$0,$0,$0,$-15,$-15,$60,$-22,$0,$0,$200,$0,$200,$-2,$176,$0,$0,$0,$0,$0,$-58,$0,$-58,$176,$11,$-58
39,2008-10-31,16.26,$8.31,1.96,$8.67,1.87,$4.47,3.64,$2.63,6.18,$2.09B,$0.57B,3.67,$0.00B,$2.42B,0.0,$2.58B,$1.58B,61.09%,$2.58B,$0.63B,24.20%,$2.58B,$0.63B,24.20%,$2.58B,$0.78B,30.16%,$2.58B,$0.67B,25.78%,$2.58B,$0.79B,30.47%,$0.79B,$2.42B,33.30%,$0.79B,$2.17B,37.62%,$0.79B,$3.09B,25.52%,$0.63B,$2.42B,26.45%,$477,$208,$269,$120,$88,$457,$20,$8,$28,$3,$25,$25,$25,$199,$20,$291,291,$0.09,$0.09,$1310,$315,$0,$2090,$567,$1,$247,$26,$1001,$3091,$569,$0,$56,$102,$671,$49,$2420,$-48,$2420,$3091,$786,$153,$-228,$-74,$49,$17,$0,$21,$-43,$669,$-157,$0,$400,$-157,$100,$-57,$3,$188,$0,$0,$0,$-476,$-476,$-223,$18,$-680,$169,$50,$-223
40,2008-07-31,23.07,$8.23,2.8,$8.33,2.77,$4.79,4.82,$2.45,9.41,$2.06B,$0.61B,3.35,$0.00B,$2.39B,0.0,$2.55B,$1.55B,60.80%,$2.55B,$0.58B,22.94%,$2.55B,$0.58B,22.94%,$2.55B,$0.74B,28.95%,$2.55B,$0.63B,24.67%,$2.55B,$0.74B,29.10%,$0.74B,$2.39B,31.63%,$0.74B,$2.11B,36.01%,$0.74B,$3.09B,24.27%,$0.58B,$2.39B,24.93%,$661,$257,$404,$133,$106,$500,$161,$11,$171,$27,$144,$144,$144,$200,$161,$293,297,$0.51,$0.51,$1278,$310,$0,$2057,$558,$1,$278,$42,$1036,$3092,$613,$0,$42,$88,$702,$48,$2320,$21,$2390,$3092,$642,$116,$-233,$-118,$0,$0,$0,$70,$2,$527,$-110,$0,$400,$-202,$0,$-202,$2,$89,$0,$0,$0,$-469,$-469,$-164,$12,$-621,$-7,$37,$-164
41,2008-04-30,24.21,$7.94,3.05,$7.98,3.03,$4.99,4.85,$2.35,10.3,$1.99B,$0.62B,3.19,$0.00B,$2.30B,0.0,$2.50B,$1.52B,60.66%,$2.50B,$0.57B,22.68%,$2.50B,$0.57B,22.68%,$2.50B,$0.72B,28.79%,$2.50B,$0.62B,24.80%,$2.50B,$0.72B,28.83%,$0.72B,$2.30B,30.35%,$0.72B,$2.03B,34.62%,$0.72B,$3.02B,23.50%,$0.57B,$2.30B,23.87%,$659,$257,$402,$136,$105,$498,$161,$8,$169,$40,$129,$129,$139,$196,$161,$290,295,$0.48,$0.47,$1185,$319,$0,$1988,$555,$3,$277,$41,$1028,$3016,$623,$0,$42,$89,$712,$48,$2228,$27,$2304,$3016,$504,$77,$-236,$-159,$0,$0,$0,$54,$-13,$331,$-71,$0,$400,$-113,$0,$-113,$3,$219,$0,$0,$0,$-462,$-462,$-106,$10,$-559,$-11,$23,$-106
42,2008-01-31,21.18,$7.96,2.66,$7.54,2.81,$5.20,4.07,$2.27,9.33,$2.10B,$0.71B,2.95,$0.00B,$2.34B,0.0,$2.45B,$1.48B,60.52%,$2.45B,$0.55B,22.23%,$2.45B,$0.55B,22.23%,$2.45B,$0.70B,28.47%,$2.45B,$0.62B,25.20%,$2.45B,$0.71B,29.12%,$0.71B,$2.34B,27.79%,$0.71B,$2.06B,31.49%,$0.71B,$3.14B,22.04%,$0.55B,$2.34B,21.21%,$649,$253,$396,$135,$104,$492,$157,$11,$168,$38,$130,$130,$133,$184,$157,$290,295,$0.46,$0.45,$1272,$330,$0,$2099,$561,$0,$284,$41,$1036,$3135,$711,$0,$39,$84,$796,$49,$2259,$31,$2339,$3135,$371,$38,$-243,$-205,$0,$0,$0,$12,$12,$177,$-40,$0,$407,$20,$0,$20,$3,$390,$0,$0,$0,$-310,$-310,$-54,$7,$-357,$208,$11,$-54
43,2007-10-31,24.84,$7.70,3.22,$7.32,3.39,$5.24,4.74,$1.49,16.67,$1.98B,$0.55B,3.61,$0.00B,$2.34B,0.0,$2.46B,$1.51B,61.20%,$2.46B,$0.57B,23.05%,$2.46B,$0.57B,23.05%,$2.46B,$0.72B,29.34%,$2.46B,$0.66B,26.87%,$2.46B,$0.50B,20.13%,$0.50B,$2.34B,17.72%,$0.50B,$2.03B,19.90%,$0.50B,$2.97B,14.54%,$0.57B,$2.34B,20.29%,$614,$238,$376,$130,$100,$468,$146,$12,$158,$36,$122,$122,$371,$157,$146,$299,304,$1.24,$1.22,$1081,$324,$0,$1979,$556,$2,$304,$43,$992,$2971,$548,$0,$40,$86,$634,$51,$2253,$33,$2337,$2971,$497,$155,$22,$177,$-27,$17,$0,$50,$147,$820,$-142,$0,$-9,$1136,$8,$1144,$-8,$985,$0,$0,$0,$-1538,$-1538,$-228,$41,$-1725,$81,$73,$-228
44,2007-07-31,26.19,$8.15,3.21,$6.31,4.15,$4.52,5.79,$1.57,16.68,$2.17B,$0.56B,3.88,$0.00B,$2.54B,0.0,$2.16B,$1.40B,64.60%,$2.16B,$0.54B,25.08%,$2.16B,$0.54B,25.08%,$2.16B,$0.70B,32.48%,$2.16B,$0.65B,29.94%,$2.16B,$0.54B,24.80%,$0.54B,$2.54B,17.43%,$0.54B,$2.23B,19.34%,$0.54B,$3.17B,14.62%,$0.54B,$2.54B,17.63%,$624,$250,$374,$132,$97,$504,$120,$13,$133,$38,$95,$95,$98,$184,$120,$323,332,$0.33,$0.32,$1284,$372,$0,$2172,$565,$1,$311,$29,$994,$3166,$560,$0,$29,$70,$630,$52,$2472,$13,$2537,$3166,$399,$117,$12,$129,$0,$0,$0,$110,$110,$638,$-109,$0,$-9,$902,$8,$910,$-0,$792,$0,$0,$0,$-1233,$-1233,$-173,$25,$-1381,$50,$55,$-173
45,2007-04-30,28.39,$9.37,3.03,$6.22,4.57,$3.90,7.28,$1.59,17.86,$2.69B,$0.55B,4.91,$0.00B,$3.06B,0.0,$2.21B,$1.41B,63.99%,$2.21B,$0.55B,24.73%,$2.21B,$0.55B,24.73%,$2.21B,$0.71B,32.16%,$2.21B,$0.66B,29.89%,$2.21B,$0.56B,25.41%,$0.56B,$3.06B,16.74%,$0.56B,$2.75B,18.20%,$0.56B,$3.69B,14.21%,$0.55B,$3.06B,16.29%,$617,$244,$373,$128,$100,$472,$145,$16,$162,$37,$125,$125,$120,$173,$145,$318,327,$0.38,$0.37,$1795,$382,$0,$2690,$569,$1,$310,$29,$997,$3687,$548,$0,$28,$74,$622,$55,$2998,$12,$3064,$3687,$279,$78,$3,$81,$0,$0,$0,$87,$87,$447,$-77,$0,$-6,$354,$8,$362,$-0,$278,$0,$0,$0,$-620,$-620,$-114,$21,$-712,$15,$38,$-114
46,2007-01-31,23.95,$9.77,2.45,$6.16,3.89,$3.69,6.49,$1.61,14.88,$2.84B,$0.49B,5.81,$0.00B,$3.26B,0.0,$2.26B,$1.43B,63.55%,$2.26B,$0.56B,24.97%,$2.26B,$0.56B,24.97%,$2.26B,$0.73B,32.42%,$2.26B,$0.69B,30.42%,$2.26B,$0.58B,25.81%,$0.58B,$3.26B,16.64%,$0.58B,$2.96B,17.84%,$0.58B,$3.82B,14.10%,$0.56B,$3.26B,16.10%,$597,$236,$361,$127,$90,$463,$134,$31,$165,$40,$126,$126,$125,$209,$134,$330,339,$0.38,$0.37,$1954,$386,$0,$2837,$565,$1,$303,$28,$987,$3824,$489,$0,$26,$74,$563,$56,$3200,$5,$3261,$3824,$153,$39,$8,$47,$0,$0,$0,$8,$8,$208,$-38,$0,$0,$232,$8,$240,$0,$203,$0,$0,$0,$-309,$-309,$-55,$6,$-357,$55,$20,$-55
47,2006-10-31,23.16,$10.05,2.31,$6.00,3.86,$3.61,6.42,$1.49,15.55,$3.01B,$0.49B,6.13,$0.00B,$3.44B,0.0,$2.25B,$1.39B,61.96%,$2.25B,$0.53B,23.38%,$2.25B,$0.53B,23.38%,$2.25B,$0.70B,31.02%,$2.25B,$0.64B,28.31%,$2.25B,$0.55B,24.44%,$0.55B,$3.44B,15.24%,$0.55B,$3.15B,16.14%,$0.55B,$3.99B,12.90%,$0.53B,$3.44B,14.57%,$626,$227,$400,$123,$102,$457,$169,$32,$202,$45,$156,$156,$153,$136,$169,$339,349,$0.45,$0.44,$2128,$363,$0,$3011,$555,$1,$288,$28,$976,$3987,$491,$0,$26,$60,$551,$57,$3379,$-0,$3436,$3987,$549,$172,$-147,$25,$-7,$-52,$0,$3,$46,$621,$-128,$0,$-134,$306,$0,$306,$1,$45,$0,$0,$0,$-931,$-931,$-201,$181,$-951,$-284,$75,$-201
