,Date,Stock Price,Book Value per Share,Price to Book Ratio,TTM Sales per Share,Price to Sales Ratio,TTM FCF per Share,Price to FCF Ratio,TTM Net EPS,PE Ratio,Current Assets,Current Liabilities,Current Ratio,Long Term Debt,Shareholder's Equity_x,Debt to Equity Ratio,TTM Revenue_x,TTM Gross Profit,Gross Margin,TTM Revenue_y,TTM Operating Income,Operating Margin,TTM Revenue_x,TTM EBIT,EBIT Margin,TTM Revenue_y,TTM EBITDA,EBITDA Margin,TTM Revenue_x,TTM Pre-Tax Income,Pre-Tax Margin,TTM Revenue_y,TTM Net Income_x,Net Margin,TTM Net Income_y,Shareholder's Equity_y,Return on Equity,TTM Net Income_x,Tangible Equity,Return on Tangible Equity,TTM Net Income_y,Total Assets,Return on Assets,TTM Net Income,LT Investments & Debt,Return on Investment,revenue,cost-goods-sold,gross-profit,research-development-expenses,selling-general-administrative-expenses,operating-expenses,operating-income,total-non-operating-income-expense,pre-tax-income,total-provision-income-taxes,income-after-taxes,income-from-continuous-operations,net-income,ebitda,ebit,basic-shares-outstanding,shares-outstanding,eps-basic-net-earnings-per-share,eps-earnings-per-share-diluted,cash-on-hand,inventory,other-current-assets,total-current-assets,net-property-plant-equipment,long-term-investments,goodwill-intangible-assets-total,other-long-term-assets,total-long-term-assets,total-assets,total-current-liabilities,long-term-debt,other-non-current-liabilities,total-long-term-liabilities,total-liabilities,common-stock-net,retained-earnings-accumulated-deficit,comprehensive-income,total-share-holder-equity,total-liabilities-share-holders-equity,net-income-loss,total-depreciation-amortization-cash-flow,other-non-cash-items,total-non-cash-items,change-in-accounts-receivable,change-in-inventories,change-in-accounts-payable,change-in-assets-liabilities,total-change-in-assets-liabilities,cash-flow-from-operating-activities,net-change-in-property-plant-equipment,net-change-in-intangible-assets,net-acquisitions-divestitures,net-change-in-short-term-investments,net-change-in-long-term-investments,net-change-in-investments-total,investing-activities-other,cash-flow-from-investing-activities,net-long-term-debt,net-current-debt,debt-issuance-retirement-net-total,net-common-equity-issued-repurchased,net-total-equity-issued-repurchased,total-common-preferred-stock-dividends-paid,financial-activities-other,cash-flow-from-financial-activities,net-cash-flow,stock-based-compensation,common-stock-dividends-paid
0,2018-09-30,50.27,$33.93,1.48,$113.49,0.44,$-18.37,0.0,$4.03,12.47,$19.47B,$11.65B,1.67,$6.73B,$19.00B,0.35,$64.46B,$4.06B,6.29%,$64.46B,$1.98B,3.07%,$64.46B,$1.98B,3.07%,$64.46B,$2.92B,4.53%,$64.46B,$2.29B,3.55%,$64.46B,$2.28B,3.54%,$2.28B,$19.00B,12.21%,$2.28B,$14.94B,15.48%,$2.28B,$39.66B,5.73%,$1.98B,$25.73B,7.85%,$15800,$14742,$1058,$0,$534,$15276,$524,$108,$632,$96,$536,$536,$536,$756,$524,$565,568,$0.95,$0.94,$5341,$8483,$3707,$19465,$9885,$5319,$4065,$930,$20199,$39664,$11648,$6730,$1275,$9016,$20664,$2541,$18478,$-2032,$19000,$39664,$1498,$706,$-5711,$-5005,$-62,$578,$-776,$-9,$-173,$-3680,$-555,$0,$-147,$0,$-127,$-127,$5404,$4575,$749,$-317,$432,$0,$0,$-568,$32,$-104,$791,$88,$-568
1,2018-06-30,45.52,$33.47,1.36,$111.73,0.41,$-17.85,0.0,$3.43,13.27,$18.65B,$11.72B,1.59,$5.98B,$18.71B,0.32,$63.49B,$3.81B,6.00%,$63.49B,$1.79B,2.81%,$63.49B,$1.79B,2.81%,$63.49B,$2.73B,4.30%,$63.49B,$1.88B,2.97%,$63.49B,$1.94B,3.05%,$1.94B,$18.71B,10.57%,$1.94B,$14.88B,13.44%,$1.94B,$38.76B,4.88%,$1.79B,$24.69B,7.21%,$17068,$15887,$1181,$0,$560,$16447,$621,$31,$652,$86,$566,$566,$566,$860,$621,$564,567,$1.00,$1.00,$5152,$7953,$3642,$18647,$9948,$5388,$3834,$938,$20108,$38755,$11718,$5981,$1289,$8325,$20043,$2489,$18132,$-1911,$18712,$38755,$962,$474,$-4405,$-3931,$-30,$1156,$-1265,$-454,$-210,$-3179,$-379,$0,$26,$-2,$-132,$-134,$4035,$3548,$-6,$196,$190,$0,$0,$-379,$13,$-176,$193,$63,$-379
2,2018-03-31,42.76,$33.52,1.28,$107.67,0.4,$-15.99,0.0,$2.91,14.69,$20.91B,$13.29B,1.57,$6.66B,$18.74B,0.36,$61.37B,$3.52B,5.74%,$61.37B,$1.53B,2.50%,$61.37B,$1.53B,2.50%,$61.37B,$2.47B,4.02%,$61.37B,$1.62B,2.63%,$61.37B,$1.65B,2.69%,$1.65B,$18.74B,9.15%,$1.65B,$14.77B,11.70%,$1.65B,$41.10B,4.18%,$1.53B,$25.39B,6.26%,$15526,$14637,$889,$0,$513,$15150,$376,$88,$464,$68,$396,$396,$393,$611,$376,$563,565,$0.70,$0.70,$5205,$9820,$3734,$20906,$10123,$5242,$3970,$859,$20194,$41100,$13285,$6657,$1325,$9078,$22363,$2428,$17755,$-1451,$18737,$41100,$396,$235,$-2528,$-2293,$-185,$-600,$-567,$-556,$-1677,$-3574,$-196,$0,$14,$0,$0,$0,$2362,$2180,$-1,$1474,$1473,$0,$0,$-190,$-6,$1277,$-117,$29,$-190
3,2017-12-31,39.21,$32.89,1.19,$106.07,0.37,$-12.23,0.0,$2.80,14.0,$19.93B,$12.57B,1.59,$6.62B,$18.32B,0.36,$60.83B,$3.51B,5.76%,$60.83B,$1.51B,2.49%,$60.83B,$1.51B,2.49%,$60.83B,$2.44B,4.01%,$60.83B,$1.61B,2.65%,$60.83B,$1.60B,2.62%,$1.60B,$18.32B,9.06%,$1.60B,$14.40B,11.61%,$1.60B,$39.96B,4.08%,$1.51B,$24.95B,6.33%,$16070,$15140,$930,$0,$474,$15614,$456,$87,$543,$-249,$792,$792,$788,$696,$456,$569,572,$1.39,$1.38,$5630,$9173,$3175,$19925,$10138,$5180,$3918,$802,$20038,$39963,$12570,$6623,$1342,$9071,$21641,$2398,$17552,$-1637,$18322,$39963,$1602,$924,$-631,$293,$73,$-137,$181,$675,$316,$2211,$-1049,$0,$8,$447,$-280,$167,$-12,$-886,$-314,$685,$371,$-750,$-750,$-730,$81,$-1028,$297,$66,$-730
4,2017-09-30,41.25,$31.44,1.31,$105.90,0.39,$-13.12,0.0,$2.14,19.27,$19.14B,$11.87B,1.61,$6.60B,$17.58B,0.38,$61.26B,$3.59B,5.86%,$61.26B,$1.61B,2.63%,$61.26B,$1.61B,2.63%,$61.26B,$2.52B,4.11%,$61.26B,$1.70B,2.77%,$61.26B,$1.23B,2.01%,$1.23B,$17.58B,7.10%,$1.23B,$13.64B,9.12%,$1.23B,$38.97B,3.15%,$1.61B,$24.17B,6.83%,$14827,$14015,$812,$0,$478,$14493,$334,$-109,$225,$30,$195,$195,$192,$566,$334,$566,569,$0.34,$0.34,$5819,$8326,$3084,$19140,$9956,$5179,$3939,$755,$19829,$38969,$11873,$6595,$1117,$9519,$21392,$2390,$17023,$-1843,$17577,$38969,$810,$684,$-5298,$-4614,$106,$703,$-259,$1491,$555,$-3249,$-696,$0,$-15,$73,$-281,$-208,$5390,$4471,$-331,$558,$227,$-676,$-676,$-544,$4,$-989,$233,$63,$-544
5,2017-06-30,39.85,$30.94,1.29,$106.72,0.37,$-4.87,0.0,$2.38,16.74,$18.20B,$11.42B,1.59,$6.06B,$17.42B,0.35,$62.26B,$3.87B,6.21%,$62.26B,$1.82B,2.93%,$62.26B,$1.82B,2.93%,$62.26B,$2.72B,4.37%,$62.26B,$1.95B,3.13%,$62.26B,$1.38B,2.22%,$1.38B,$17.42B,7.97%,$1.38B,$13.55B,10.21%,$1.38B,$37.82B,3.51%,$1.82B,$23.47B,7.73%,$14943,$14051,$892,$0,$525,$14576,$367,$16,$383,$108,$275,$275,$276,$594,$367,$571,574,$0.48,$0.48,$5740,$7846,$2898,$18201,$9945,$5055,$3866,$750,$19616,$37817,$11421,$6056,$1289,$8978,$20399,$2376,$17176,$-2141,$17418,$37817,$615,$452,$-4160,$-3708,$278,$1129,$-757,$1904,$1013,$-2080,$-452,$0,$-31,$106,$-186,$-80,$3911,$3348,$-252,$195,$-57,$-511,$-511,$-364,$-7,$-939,$329,$48,$-364
6,2017-03-31,44.0,$30.10,1.46,$107.00,0.41,$-1.74,0.0,$2.38,18.49,$20.49B,$13.60B,1.51,$5.96B,$17.13B,0.35,$62.95B,$3.71B,5.89%,$62.95B,$1.69B,2.69%,$62.95B,$1.69B,2.69%,$62.95B,$2.59B,4.11%,$62.95B,$1.97B,3.14%,$62.95B,$1.39B,2.20%,$1.39B,$17.13B,7.98%,$1.39B,$13.35B,10.22%,$1.39B,$39.63B,3.48%,$1.69B,$23.09B,7.19%,$14988,$14116,$872,$0,$516,$14632,$356,$102,$458,$118,$340,$340,$339,$581,$356,$576,579,$0.59,$0.59,$6124,$8664,$3941,$20486,$9771,$4896,$3780,$697,$19144,$39630,$13602,$5956,$1235,$8899,$22501,$2350,$17345,$-2574,$17129,$39630,$340,$225,$-2242,$-2017,$169,$222,$-209,$547,$188,$-1489,$-200,$0,$-65,$72,$-185,$-113,$2426,$2048,$-2,$263,$261,$-248,$-248,$-183,$-10,$-180,$379,$32,$-183
7,2016-12-31,43.31,$29.98,1.44,$105.21,0.41,$0.91,47.4,$2.18,19.87,$21.05B,$13.17B,1.6,$6.50B,$17.18B,0.38,$62.35B,$3.62B,5.80%,$62.35B,$1.64B,2.63%,$62.35B,$1.64B,2.63%,$62.35B,$2.54B,4.07%,$62.35B,$1.82B,2.92%,$62.35B,$1.28B,2.05%,$1.28B,$17.18B,7.28%,$1.28B,$13.48B,9.30%,$1.28B,$39.77B,3.21%,$1.64B,$23.69B,6.91%,$16501,$15490,$1011,$0,$455,$15945,$556,$73,$629,$203,$426,$426,$424,$778,$556,$588,591,$0.73,$0.71,$5926,$8831,$4383,$21045,$9758,$4684,$3703,$579,$18724,$39769,$13173,$6504,$1218,$9415,$22588,$2327,$17444,$-2598,$17181,$39769,$1288,$900,$-128,$772,$-160,$-654,$161,$253,$-505,$1555,$-882,$0,$65,$258,$-662,$-404,$10,$-1211,$1027,$61,$1088,$-1000,$-1000,$-701,$34,$-579,$-235,$74,$-701
8,2016-09-30,39.73,$30.37,1.31,$103.77,0.38,$0.71,56.03,$2.64,15.05,$20.54B,$12.74B,1.61,$6.59B,$17.56B,0.38,$62.29B,$3.42B,5.49%,$62.29B,$1.45B,2.33%,$62.29B,$1.45B,2.33%,$62.29B,$2.35B,3.78%,$62.29B,$1.89B,3.04%,$62.29B,$1.57B,2.53%,$1.57B,$17.56B,8.86%,$1.57B,$13.70B,11.28%,$1.57B,$39.85B,3.94%,$1.45B,$24.15B,6.12%,$15832,$14742,$1090,$0,$546,$15288,$544,$-64,$480,$136,$344,$344,$341,$770,$544,$586,589,$0.58,$0.58,$6354,$7228,$4708,$20543,$9853,$4959,$3852,$646,$19310,$39853,$12737,$6594,$1284,$9560,$22297,$2536,$17192,$-2190,$17556,$39853,$862,$678,$21,$699,$-463,$1053,$-554,$-14,$-265,$1296,$-517,$0,$-136,$35,$-628,$-593,$15,$-1231,$1027,$107,$1134,$-754,$-754,$-528,$14,$-134,$-69,$58,$-528
9,2016-06-30,40.14,$30.31,1.32,$103.82,0.39,$-0.16,0.0,$2.47,16.25,$20.87B,$13.78B,1.52,$5.56B,$17.67B,0.32,$63.02B,$3.42B,5.42%,$63.02B,$1.48B,2.34%,$63.02B,$1.48B,2.34%,$63.02B,$2.37B,3.76%,$63.02B,$1.78B,2.83%,$63.02B,$1.48B,2.35%,$1.48B,$17.67B,8.32%,$1.48B,$13.80B,10.47%,$1.48B,$40.10B,3.69%,$1.48B,$23.23B,6.26%,$15629,$14892,$737,$0,$500,$15392,$237,$170,$407,$119,$288,$288,$284,$458,$237,$591,594,$0.48,$0.48,$6270,$8000,$4340,$20867,$9802,$4916,$3865,$648,$19231,$40098,$13778,$5561,$1364,$8651,$22429,$2714,$17079,$-2138,$17669,$40098,$518,$452,$68,$520,$-477,$283,$-710,$77,$-1407,$-369,$-396,$0,$-24,$63,$-464,$-401,$8,$-813,$-8,$1454,$1446,$-487,$-487,$-353,$-3,$603,$-579,$45,$-353
10,2016-03-31,33.71,$30.52,1.1,$104.92,0.32,$1.13,29.8,$2.61,12.92,$20.97B,$12.87B,1.63,$5.85B,$17.91B,0.33,$64.58B,$3.65B,5.64%,$64.58B,$1.68B,2.60%,$64.58B,$1.68B,2.60%,$64.58B,$2.58B,3.99%,$64.58B,$1.90B,2.94%,$64.58B,$1.59B,2.46%,$1.59B,$17.91B,8.78%,$1.59B,$14.02B,10.90%,$1.59B,$39.68B,3.93%,$1.68B,$23.76B,7.02%,$14384,$13603,$781,$0,$479,$14082,$302,$4,$306,$76,$230,$230,$230,$533,$302,$595,597,$0.39,$0.39,$6502,$7914,$4589,$20970,$9891,$4530,$3889,$401,$18711,$39681,$12867,$5851,$1429,$8901,$21768,$2875,$16971,$-1947,$17913,$39681,$230,$231,$96,$327,$-172,$406,$-527,$230,$-532,$25,$-180,$0,$-73,$-50,$-149,$-199,$4,$-448,$-4,$697,$693,$-296,$-296,$-177,$1,$221,$-202,$28,$-177
11,2015-12-31,33.73,$30.11,1.12,$108.22,0.31,$1.09,30.98,$2.99,11.28,$21.83B,$13.51B,1.62,$5.78B,$17.92B,0.32,$67.70B,$3.97B,5.86%,$67.70B,$1.98B,2.93%,$67.70B,$1.98B,2.93%,$67.70B,$2.86B,4.23%,$67.70B,$2.28B,3.37%,$67.70B,$1.85B,2.73%,$1.85B,$17.92B,10.12%,$1.85B,$14.23B,12.36%,$1.85B,$40.16B,4.53%,$1.98B,$23.69B,8.23%,$16445,$15634,$811,$0,$443,$16077,$368,$333,$701,$-16,$717,$717,$718,$592,$368,$618,621,$1.18,$1.18,$6562,$8243,$5286,$21829,$9853,$4340,$3688,$447,$18328,$40157,$13505,$5779,$1395,$8737,$22242,$3180,$16865,$-2146,$17915,$40157,$1846,$882,$-496,$386,$913,$872,$-774,$-595,$-527,$1705,$-1125,$0,$1286,$35,$-226,$-191,$9,$-21,$69,$-18,$51,$-2040,$-2040,$-687,$27,$-2649,$-965,$79,$-687
12,2015-09-30,37.84,$29.75,1.27,$113.59,0.33,$6.33,5.98,$2.88,13.14,$23.05B,$14.13B,1.63,$5.83B,$17.88B,0.33,$72.15B,$4.61B,6.38%,$72.15B,$2.40B,3.33%,$72.15B,$2.40B,3.33%,$72.15B,$3.31B,4.58%,$72.15B,$2.58B,3.57%,$72.15B,$1.83B,2.54%,$1.83B,$17.88B,9.79%,$1.83B,$14.67B,11.85%,$1.83B,$40.88B,4.38%,$2.40B,$23.71B,9.83%,$16565,$15476,$1089,$0,$519,$15995,$570,$-203,$367,$114,$253,$253,$252,$787,$570,$612,615,$0.41,$0.41,$6303,$7428,$7182,$23045,$9900,$4345,$3213,$374,$17832,$40877,$14130,$5829,$1362,$8869,$22999,$3412,$16313,$-1862,$17878,$40877,$1129,$658,$-300,$358,$495,$1687,$-1198,$-492,$-389,$1098,$-819,$0,$511,$122,$-126,$-4,$5,$-307,$281,$834,$1115,$-1788,$-1788,$-520,$23,$-1170,$-379,$64,$-520
13,2015-06-30,43.77,$30.22,1.45,$114.40,0.38,$11.72,3.73,$3.61,12.12,$22.59B,$12.86B,1.76,$5.97B,$18.56B,0.32,$73.70B,$4.99B,6.77%,$73.70B,$2.85B,3.87%,$73.70B,$2.85B,3.87%,$73.70B,$3.75B,5.09%,$73.70B,$3.25B,4.40%,$73.70B,$2.33B,3.16%,$2.33B,$18.56B,12.06%,$2.33B,$15.30B,13.95%,$2.33B,$40.57B,5.54%,$2.85B,$24.52B,11.44%,$17186,$16222,$964,$0,$525,$16747,$439,$87,$526,$143,$383,$383,$386,$664,$439,$624,627,$0.62,$0.62,$5908,$7845,$6611,$22588,$9897,$4422,$3256,$405,$17980,$40568,$12859,$5965,$1568,$9151,$22010,$4017,$16232,$-1705,$18558,$40568,$876,$441,$-123,$318,$423,$1334,$-1226,$347,$-787,$407,$-405,$0,$-69,$190,$-125,$65,$2,$-407,$1216,$50,$1266,$-1164,$-1164,$-350,$16,$-232,$-232,$42,$-350
14,2015-03-31,42.79,$30.01,1.43,$119.61,0.36,$12.64,3.39,$3.80,11.26,$23.90B,$14.24B,1.68,$5.58B,$18.76B,0.3,$78.01B,$5.20B,6.66%,$78.01B,$3.16B,4.05%,$78.01B,$3.16B,4.05%,$78.01B,$4.05B,5.19%,$78.01B,$3.45B,4.43%,$78.01B,$2.47B,3.17%,$2.47B,$18.76B,12.55%,$2.47B,$15.63B,13.96%,$2.47B,$41.72B,5.91%,$3.16B,$24.33B,12.54%,$17506,$16404,$1102,$0,$498,$16902,$604,$86,$690,$197,$493,$493,$493,$820,$604,$636,639,$0.78,$0.77,$6021,$8372,$7467,$23896,$9833,$4466,$3124,$396,$17819,$41715,$14235,$5575,$1534,$8723,$22958,$4584,$16019,$-1879,$18757,$41715,$493,$216,$-132,$84,$550,$739,$-1071,$20,$-532,$45,$-238,$0,$0,$100,$0,$100,$-123,$-261,$1,$742,$743,$-566,$-566,$-177,$7,$7,$-209,$26,$-177
15,2014-12-31,46.67,$30.82,1.51,$123.43,0.38,$12.12,3.85,$3.43,13.61,$26.03B,$15.60B,1.67,$5.53B,$19.63B,0.28,$81.20B,$4.77B,5.87%,$81.20B,$2.84B,3.49%,$81.20B,$2.84B,3.49%,$81.20B,$3.73B,4.59%,$81.20B,$3.13B,3.85%,$81.20B,$2.25B,2.77%,$2.25B,$19.63B,11.22%,$2.25B,$16.24B,12.06%,$2.25B,$44.00B,5.38%,$2.84B,$25.16B,11.14%,$20894,$19443,$1451,$0,$663,$20106,$788,$208,$996,$291,$705,$705,$701,$1036,$788,$653,656,$1.08,$1.08,$6491,$9374,$7459,$26028,$9851,$4377,$3392,$349,$17969,$43997,$15602,$5528,$1575,$8765,$24367,$5115,$15701,$-1241,$19630,$43997,$2253,$894,$-445,$449,$425,$1274,$-94,$433,$2241,$4943,$-894,$0,$-2356,$-105,$-184,$-289,$132,$-3407,$-1250,$-458,$-1708,$-1183,$-1183,$-624,$-62,$-3577,$-2041,$55,$-624
16,2014-09-30,45.65,$31.36,1.46,$127.99,0.36,$12.46,3.67,$2.91,15.69,$26.64B,$13.75B,1.94,$5.35B,$20.26B,0.26,$84.45B,$4.49B,5.31%,$84.45B,$2.78B,3.29%,$84.45B,$2.78B,3.29%,$84.45B,$3.65B,4.32%,$84.45B,$2.76B,3.26%,$84.45B,$1.92B,2.27%,$1.92B,$20.26B,9.52%,$1.92B,$19.53B,9.86%,$1.92B,$41.82B,4.60%,$2.78B,$25.61B,10.87%,$18117,$16647,$1470,$0,$451,$17098,$1019,$14,$1033,$285,$748,$748,$747,$1233,$1019,$650,653,$1.15,$1.14,$9638,$8034,$6846,$26639,$9995,$4031,$732,$424,$15182,$41821,$13751,$5346,$941,$7809,$21560,$5541,$15154,$-469,$20261,$41821,$1548,$646,$-247,$399,$957,$3181,$-1307,$-317,$2477,$4424,$-605,$0,$26,$66,$-33,$33,$126,$-420,$-1166,$-178,$-1344,$-859,$-859,$-470,$87,$-2586,$1418,$43,$-470
17,2014-06-30,39.22,$31.20,1.26,$132.46,0.3,$13.00,3.02,$2.49,15.75,$24.66B,$11.89B,2.07,$5.37B,$20.22B,0.27,$87.73B,$4.17B,4.76%,$87.73B,$2.48B,2.83%,$87.73B,$2.48B,2.83%,$87.73B,$3.37B,3.84%,$87.73B,$2.43B,2.77%,$87.73B,$1.65B,1.88%,$1.65B,$20.22B,8.25%,$1.65B,$19.47B,8.53%,$1.65B,$39.93B,3.96%,$2.48B,$25.59B,9.79%,$21494,$20322,$1172,$0,$426,$20748,$746,$-11,$735,$203,$532,$532,$533,$959,$746,$656,659,$0.81,$0.81,$6359,$9024,$5186,$24658,$10110,$3958,$753,$451,$15272,$39930,$11891,$5369,$962,$7820,$19711,$5692,$14562,$-70,$20219,$39930,$800,$432,$-180,$252,$-896,$2401,$-1602,$1443,$-69,$983,$-379,$0,$0,$50,$-31,$19,$103,$-257,$-1161,$-129,$-1290,$-650,$-650,$-315,$38,$-2217,$-1491,$33,$-315
18,2014-03-31,38.37,$30.63,1.25,$133.85,0.29,$15.00,2.56,$2.02,18.99,$26.23B,$13.46B,1.95,$5.35B,$20.06B,0.27,$88.77B,$3.81B,4.29%,$88.77B,$2.09B,2.36%,$88.77B,$2.09B,2.36%,$88.77B,$2.99B,3.37%,$88.77B,$2.02B,2.27%,$88.77B,$1.34B,1.51%,$1.34B,$20.06B,6.80%,$1.34B,$19.30B,7.01%,$1.34B,$41.44B,3.21%,$2.09B,$25.42B,8.35%,$20696,$20021,$675,$0,$393,$20414,$282,$84,$366,$98,$268,$268,$267,$501,$282,$660,663,$0.40,$0.40,$5746,$11394,$6307,$26226,$10102,$3919,$758,$439,$15218,$41444,$13456,$5353,$1093,$7926,$21382,$5995,$14186,$-158,$20062,$41444,$268,$219,$-259,$-40,$433,$28,$-851,$179,$-586,$-358,$-182,$0,$0,$-41,$0,$-41,$78,$-145,$-1153,$-63,$-1216,$-175,$-175,$-158,$14,$-1535,$-2038,$20,$-158
19,2013-12-31,38.15,$30.64,1.25,$135.45,0.28,$15.99,2.39,$2.03,18.79,$28.53B,$15.66B,1.82,$5.35B,$20.19B,0.27,$89.80B,$3.89B,4.33%,$89.80B,$2.13B,2.37%,$89.80B,$2.13B,2.37%,$89.80B,$3.04B,3.38%,$89.80B,$2.02B,2.25%,$89.80B,$1.34B,1.49%,$1.34B,$20.19B,6.90%,$1.34B,$19.63B,7.11%,$1.34B,$43.75B,3.18%,$2.13B,$25.54B,8.59%,$24143,$22973,$1170,$0,$442,$23415,$728,$-105,$623,$246,$377,$377,$374,$956,$728,$661,663,$0.56,$0.55,$7515,$11441,$6350,$28530,$10137,$4046,$561,$478,$15222,$43752,$15658,$5347,$1105,$7900,$23558,$6136,$14077,$-57,$20194,$43752,$1354,$909,$30,$939,$296,$2541,$-291,$136,$2933,$5226,$-913,$0,$42,$104,$0,$104,$190,$-577,$-252,$-2461,$-2713,$-101,$-101,$-501,$73,$-3242,$1407,$43,$-501
20,2013-09-30,32.23,$29.74,1.08,$136.68,0.24,$11.92,2.7,$2.24,14.39,$26.09B,$13.75B,1.9,$5.36B,$19.57B,0.27,$90.58B,$3.72B,4.10%,$90.58B,$1.92B,2.12%,$90.58B,$1.92B,2.12%,$90.58B,$2.80B,3.09%,$90.58B,$2.10B,2.32%,$90.58B,$1.48B,1.63%,$1.48B,$19.57B,7.71%,$1.48B,$19.01B,7.96%,$1.48B,$41.45B,3.48%,$1.92B,$24.93B,7.73%,$21393,$20237,$1156,$0,$429,$20666,$727,$-18,$709,$228,$481,$481,$476,$954,$727,$661,664,$0.72,$0.72,$7486,$9278,$5879,$26090,$10125,$3868,$552,$813,$15358,$41448,$13753,$5364,$1483,$8129,$21882,$6108,$13828,$-398,$19566,$41448,$977,$681,$-212,$469,$92,$4788,$-2154,$387,$3423,$4869,$-623,$0,$-35,$296,$0,$296,$188,$-174,$-242,$-2489,$-2731,$-95,$-95,$-376,$45,$-3157,$1538,$30,$-376
21,2013-06-30,29.52,$28.85,1.02,$137.46,0.21,$4.76,6.2,$1.80,16.4,$25.04B,$13.12B,1.91,$5.37B,$19.01B,0.28,$91.00B,$3.37B,3.70%,$91.00B,$1.61B,1.77%,$91.00B,$1.61B,1.77%,$91.00B,$2.48B,2.72%,$91.00B,$1.69B,1.86%,$91.00B,$1.18B,1.30%,$1.18B,$19.01B,6.27%,$1.18B,$18.47B,6.47%,$1.18B,$40.24B,2.73%,$1.61B,$24.38B,6.48%,$22541,$21734,$807,$0,$452,$22186,$355,$-38,$317,$91,$226,$226,$223,$582,$355,$661,663,$0.34,$0.34,$5783,$10194,$5539,$25036,$10091,$3865,$545,$701,$15202,$40238,$13123,$5366,$1469,$8102,$21225,$6150,$13478,$-638,$19013,$40238,$496,$454,$-243,$211,$-97,$3627,$-2059,$1181,$1641,$2348,$-416,$0,$-16,$324,$0,$324,$166,$58,$-240,$-1787,$-2027,$-11,$-11,$-250,$16,$-2272,$134,$19,$-250
22,2013-03-31,29.2,$28.80,1.01,$137.76,0.21,$-0.52,0.0,$1.89,15.45,$27.87B,$16.14B,1.73,$5.37B,$18.98B,0.28,$91.13B,$3.37B,3.70%,$91.13B,$1.67B,1.83%,$91.13B,$1.67B,1.83%,$91.13B,$2.69B,2.95%,$91.13B,$1.79B,1.96%,$91.13B,$1.25B,1.37%,$1.25B,$18.98B,6.67%,$1.25B,$18.43B,6.89%,$1.25B,$43.23B,2.85%,$1.67B,$24.35B,6.71%,$21727,$20971,$756,$0,$436,$21407,$320,$55,$375,$105,$270,$270,$269,$547,$320,$661,662,$0.41,$0.41,$5489,$12408,$6415,$27865,$10122,$3935,$544,$760,$15361,$43226,$16142,$5374,$1478,$8108,$24250,$6175,$13369,$-591,$18976,$43226,$270,$227,$-135,$92,$-146,$1386,$-1552,$242,$-5,$357,$-238,$0,$-16,$391,$0,$391,$32,$169,$-233,$-441,$-674,$0,$0,$-125,$7,$-792,$-266,$15,$-125
23,2012-12-31,23.57,$29.03,0.81,$136.85,0.17,$-2.37,0.0,$2.08,11.33,$29.76B,$16.99B,1.75,$6.46B,$19.13B,0.34,$90.56B,$3.62B,4.00%,$90.56B,$1.96B,2.16%,$90.56B,$1.96B,2.16%,$90.56B,$2.97B,3.27%,$90.56B,$1.98B,2.19%,$90.56B,$1.38B,1.52%,$1.38B,$19.13B,7.40%,$1.38B,$18.37B,7.66%,$1.38B,$45.14B,3.17%,$1.96B,$25.59B,7.80%,$24921,$23925,$996,$0,$479,$24404,$517,$185,$702,$192,$510,$510,$510,$714,$517,$660,662,$0.77,$0.77,$5928,$13836,$6548,$29762,$10123,$3887,$759,$605,$15374,$45136,$16993,$6456,$1289,$9012,$26005,$6134,$13236,$-450,$19131,$45136,$1392,$869,$156,$1025,$1753,$-1304,$648,$-1879,$-85,$2332,$-720,$0,$-61,$-445,$0,$-445,$65,$-1161,$-1705,$1933,$228,$-100,$-100,$-461,$12,$-321,$850,$44,$-461
24,2012-09-30,23.23,$27.98,0.83,$134.15,0.17,$-1.49,0.0,$1.43,16.24,$30.15B,$17.56B,1.72,$6.55B,$18.44B,0.36,$88.94B,$3.44B,3.87%,$88.94B,$24.75B,27.82%,$88.94B,$1.44B,1.62%,$88.94B,$25.76B,28.97%,$88.94B,$1.40B,1.57%,$88.94B,$0.95B,1.06%,$0.95B,$18.44B,5.16%,$0.95B,$17.90B,5.32%,$0.95B,$44.76B,2.23%,$24.75B,$24.99B,99.27%,$21808,$21002,$806,$0,$390,$21392,$416,$-121,$295,$111,$184,$184,$182,$633,$416,$660,661,$0.28,$0.28,$5521,$13699,$7931,$30154,$9883,$3625,$541,$557,$14606,$44760,$17562,$6547,$1435,$8757,$26319,$6130,$12841,$-734,$18441,$44760,$882,$651,$270,$921,$2187,$-1207,$-465,$-3474,$-1466,$337,$-845,$0,$-56,$134,$0,$134,$17,$-750,$-1588,$2820,$1232,$-100,$-100,$-346,$-2,$784,$371,$36,$-346
25,2012-06-30,25.06,$27.57,0.91,$133.65,0.19,$2.43,10.3,$1.83,13.69,$26.95B,$14.63B,1.84,$6.54B,$18.17B,0.36,$89.04B,$3.67B,4.12%,$89.04B,$24.96B,28.03%,$89.04B,$1.65B,1.86%,$89.04B,$25.76B,28.93%,$89.04B,$1.77B,1.98%,$89.04B,$1.22B,1.37%,$1.22B,$18.17B,6.67%,$1.22B,$17.57B,6.90%,$1.22B,$41.55B,2.94%,$24.96B,$24.70B,100.02%,$22675,$21862,$813,$0,$394,$22256,$419,$-3,$416,$123,$293,$293,$284,$73,$419,$660,661,$0.43,$0.43,$4730,$12192,$6593,$26954,$9812,$3650,$603,$534,$14599,$41553,$14626,$6535,$1440,$8758,$23384,$6102,$12774,$-907,$18169,$41553,$698,$434,$13,$447,$1715,$208,$-1662,$-1723,$-1291,$-146,$-601,$0,$-35,$453,$0,$453,$-5,$-188,$-179,$1273,$1094,$-100,$-100,$-231,$-2,$761,$427,$14,$-231
26,2012-03-31,26.73,$28.11,0.95,$99.35,0.27,$4.80,5.57,$1.40,19.09,$27.22B,$14.79B,1.84,$6.54B,$18.55B,0.35,$66.36B,$2.86B,4.30%,$66.36B,$24.54B,36.98%,$66.36B,$1.23B,1.86%,$66.36B,$24.96B,37.61%,$66.36B,$1.35B,2.03%,$66.36B,$0.94B,1.41%,$0.94B,$18.55B,5.08%,$0.94B,$17.96B,5.25%,$0.94B,$41.86B,2.25%,$24.54B,$25.09B,96.03%,$21155,$20147,$1008,$0,$402,$20549,$606,$-38,$568,$163,$405,$405,$399,$820,$606,$662,663,$0.60,$0.60,$4788,$13232,$6117,$27215,$9800,$3705,$596,$542,$14643,$41858,$14794,$6543,$1097,$8513,$23307,$6170,$12606,$-423,$18551,$41858,$405,$214,$-100,$114,$2170,$-629,$-1071,$-1438,$-1302,$-783,$-326,$0,$-33,$201,$0,$201,$-5,$-163,$-47,$1112,$1065,$-56,$-56,$-115,$6,$900,$-46,$7,$-115
27,2011-12-31,24.01,$27.44,0.88,$96.79,0.25,$-1.73,0.0,$1.66,14.47,$27.22B,$14.83B,1.84,$6.76B,$18.17B,0.37,$65.29B,$3.01B,4.61%,$65.29B,$24.70B,37.83%,$65.29B,$1.39B,2.13%,$65.29B,$25.57B,39.17%,$65.29B,$1.57B,2.41%,$65.29B,$1.12B,1.71%,$1.12B,$18.17B,6.20%,$1.12B,$17.57B,6.42%,$1.12B,$41.52B,2.65%,$24.70B,$24.93B,96.71%,$23306,$22493,$813,$0,$0,$0,$23306,$0,$121,$38,$0,$0,$80,$23513,$0,$666,667,$0.12,$0.12,$4909,$12415,$4807,$27224,$9601,$3563,$591,$537,$14292,$41516,$14829,$6762,$863,$8522,$23351,$6218,$12322,$-563,$18165,$41516,$544,$414,$452,$866,$-741,$-480,$1545,$897,$1631,$3041,$-828,$0,$-206,$195,$0,$195,$-95,$-934,$-82,$-1076,$-1158,$-446,$-446,$-224,$-30,$-1858,$249,$34,$-224
28,2011-09-30,20.71,$27.56,0.75,$94.50,0.22,$-12.35,0.0,$2.68,7.73,$27.28B,$14.48B,1.88,$6.68B,$18.41B,0.36,$62.91B,$3.43B,5.45%,$62.91B,$22.32B,35.48%,$62.91B,$1.39B,2.21%,$62.91B,$23.20B,36.88%,$62.91B,$2.45B,3.89%,$62.91B,$1.77B,2.81%,$1.77B,$18.41B,10.14%,$1.77B,$17.80B,10.50%,$1.77B,$41.45B,4.16%,$22.32B,$25.09B,89.31%,$21902,$20868,$1034,$0,$407,$21275,$627,$33,$660,$199,$461,$461,$460,$627,$627,$673,674,$0.68,$0.68,$5203,$11122,$618,$27279,$9655,$3508,$607,$399,$14169,$41448,$14479,$6678,$1046,$8560,$23039,$6408,$12349,$-374,$18409,$41448,$461,$207,$114,$321,$-623,$809,$714,$-5,$1305,$2087,$38,$0,$-12,$-181,$0,$-181,$-94,$-249,$-83,$-663,$-746,$-240,$-240,$-107,$-40,$-1133,$705,$27,$-107
29,2011-06-30,25.02,$0.00,0.0,$88.21,0.28,$-17.33,0.0,$2.54,9.85,$27.50B,$13.22B,2.08,$8.27B,$18.84B,0.44,$57.81B,$3.20B,5.54%,$57.81B,$22.12B,38.27%,$57.81B,$1.19B,2.06%,$57.81B,$23.00B,39.78%,$57.81B,$2.25B,3.89%,$57.81B,$1.66B,2.86%,$1.66B,$18.84B,9.91%,$1.66B,$18.24B,10.26%,$1.66B,$42.19B,4.02%,$22.12B,$27.10B,91.12%,$0,$0,$0,$0,$0,$0,$0,$0,$0,$0,$0,$0,$0,$0,$0,$0,0,$0.00,$0.00,$4750,$12055,$5891,$27504,$9500,$3906,$602,$681,$14689,$42193,$13218,$8266,$1012,$10137,$23355,$6636,$11996,$176,$18838,$42193,$0,$0,$0,$0,$0,$0,$0,$0,$0,$0,$0,$0,$0,$0,$0,$0,$0,$0,$0,$0,$0,$0,$0,$0,$0,$0,$0,$0,$0
30,2011-03-31,29.74,$26.14,1.14,$88.21,0.34,$-17.33,0.0,$2.54,11.71,$29.25B,$16.86B,1.74,$8.35B,$16.68B,0.5,$57.81B,$3.20B,5.54%,$57.81B,$22.12B,38.27%,$57.81B,$1.19B,2.06%,$57.81B,$23.00B,39.78%,$57.81B,$2.25B,3.89%,$57.81B,$1.66B,2.86%,$1.66B,$16.68B,10.57%,$1.66B,$16.09B,10.97%,$1.66B,$43.76B,4.30%,$22.12B,$25.03B,96.75%,$20077,$18917,$1160,$0,$395,$19312,$765,$26,$791,$223,$568,$568,$578,$1430,$765,$638,684,$0.91,$0.86,$4674,$13409,$741,$29252,$9315,$3909,$594,$693,$14511,$43763,$16863,$8350,$1353,$10220,$27083,$5086,$11718,$-152,$16680,$43763,$1639,$665,$-83,$582,$-876,$-5121,$1102,$-3605,$-6970,$-4749,$-861,$0,$-206,$-504,$0,$-504,$-16,$-1587,$1257,$5259,$6516,$-94,$-94,$-293,$19,$6148,$-188,$41,$-293
31,2010-12-31,24.73,$24.97,0.99,$82.34,0.3,$-6.69,0.0,$2.33,10.61,$28.36B,$18.06B,1.57,$6.85B,$15.90B,0.43,$52.87B,$2.93B,5.55%,$52.87B,$21.89B,41.41%,$52.87B,$0.96B,1.82%,$52.87B,$22.78B,43.08%,$52.87B,$1.99B,3.77%,$52.87B,$1.50B,2.83%,$1.50B,$15.90B,9.87%,$1.50B,$15.32B,10.24%,$1.50B,$42.61B,4.20%,$21.89B,$22.75B,99.39%,$20930,$19696,$1234,$0,$0,$0,$20930,$0,$998,$269,$0,$0,$732,$21141,$0,$639,641,$1.15,$1.14,$4383,$12654,$695,$28357,$9194,$3798,$587,$674,$14253,$42610,$18063,$6848,$1249,$8643,$26706,$5095,$11242,$-451,$15904,$42610,$1071,$463,$-24,$439,$-710,$-4620,$1640,$-4314,$-5593,$-4083,$-600,$0,$-163,$-358,$0,$-358,$-20,$-1141,$-202,$5179,$4977,$-86,$-86,$-192,$5,$4704,$-520,$36,$-192
32,2010-09-30,26.11,$24.08,1.08,$74.36,0.35,$1.33,19.57,$2.07,12.61,$22.09B,$12.24B,1.81,$6.83B,$15.39B,0.44,$47.86B,$2.75B,5.75%,$47.86B,$16.88B,35.26%,$47.86B,$0.96B,2.01%,$47.86B,$17.77B,37.13%,$47.86B,$1.78B,3.72%,$47.86B,$1.33B,2.79%,$1.33B,$15.39B,8.95%,$1.33B,$14.86B,9.28%,$1.33B,$36.04B,4.00%,$16.88B,$22.22B,77.10%,$16799,$15991,$808,$0,$381,$16372,$427,$35,$462,$120,$342,$342,$345,$427,$427,$640,641,$0.54,$0.54,$4302,$9024,$586,$22086,$8908,$3777,$531,$734,$13950,$36036,$12235,$6834,$1185,$8414,$20649,$5138,$10605,$-375,$15387,$36036,$342,$252,$-84,$168,$-1685,$-1157,$0,$-530,$-1381,$-871,$-294,$0,$0,$-214,$0,$-214,$6,$-502,$-12,$1324,$1312,$-31,$-31,$-96,$4,$1189,$-184,$25,$-96
33,2010-06-30,21.02,$0.00,0.0,$71.32,0.29,$5.48,3.83,$2.30,9.14,$18.13B,$8.57B,2.12,$6.83B,$14.63B,0.47,$45.98B,$2.92B,6.34%,$45.98B,$17.07B,37.12%,$45.98B,$1.16B,2.51%,$45.98B,$17.96B,39.07%,$45.98B,$2.04B,4.43%,$45.98B,$1.48B,3.23%,$1.48B,$14.63B,10.16%,$1.48B,$14.11B,10.54%,$1.48B,$31.55B,4.59%,$17.07B,$21.46B,78.34%,$0,$0,$0,$0,$0,$0,$0,$0,$0,$0,$0,$0,$0,$0,$0,$0,0,$0.00,$0.00,$3777,$7611,$624,$18134,$8712,$3477,$523,$702,$13414,$31548,$8573,$6830,$1075,$8344,$16917,$5151,$10357,$-899,$14631,$31548,$0,$0,$0,$0,$0,$0,$0,$0,$0,$0,$0,$0,$0,$0,$0,$0,$0,$0,$0,$0,$0,$0,$0,$0,$0,$0,$0,$0,$0
34,2010-03-31,23.39,$22.97,1.02,$71.32,0.33,$5.48,4.27,$2.30,10.17,$19.20B,$9.24B,2.08,$6.91B,$14.77B,0.47,$45.98B,$2.92B,6.34%,$45.98B,$17.07B,37.12%,$45.98B,$1.16B,2.51%,$45.98B,$17.96B,39.07%,$45.98B,$2.04B,4.43%,$45.98B,$1.48B,3.23%,$1.48B,$14.77B,10.33%,$1.48B,$14.25B,10.72%,$1.48B,$32.33B,4.59%,$17.07B,$21.68B,78.53%,$15145,$14254,$891,$0,$355,$14609,$536,$-2,$534,$118,$416,$416,$421,$1209,$536,$643,645,$0.65,$0.65,$4567,$8219,$538,$19200,$8642,$3344,$519,$621,$13126,$32326,$9236,$6910,$986,$8321,$17557,$5245,$10011,$-512,$14769,$32326,$1474,$673,$-129,$544,$1228,$-551,$0,$-278,$757,$2775,$-1205,$0,$-59,$74,$0,$74,$-23,$-1213,$-603,$-89,$-692,$0,$0,$-276,$10,$-958,$604,$41,$-276
35,2009-12-31,25.22,$23.01,1.1,$70.89,0.36,$9.96,2.53,$1.66,15.19,$20.39B,$9.60B,2.12,$7.40B,$14.80B,0.5,$45.68B,$2.68B,5.86%,$45.68B,$16.84B,36.86%,$45.68B,$0.92B,2.02%,$45.68B,$17.63B,38.60%,$45.68B,$1.64B,3.60%,$45.68B,$1.07B,2.33%,$1.07B,$14.80B,7.60%,$1.07B,$14.27B,7.89%,$1.07B,$33.53B,3.31%,$16.84B,$22.19B,77.91%,$15913,$14860,$1053,$0,$0,$0,$15913,$0,$784,$223,$0,$0,$567,$16135,$0,$643,645,$0.88,$0.88,$3821,$9126,$366,$20388,$8636,$3344,$524,$637,$13141,$33529,$9600,$7398,$1183,$9134,$18734,$5234,$9686,$-155,$14795,$33529,$1058,$431,$171,$602,$214,$-1274,$0,$204,$-280,$1380,$-917,$0,$-57,$198,$0,$198,$-4,$-780,$-26,$-140,$-166,$0,$0,$-180,$8,$-338,$262,$31,$-180
36,2009-09-30,23.43,$22.19,1.06,$72.15,0.32,$16.78,1.4,$1.69,13.86,$19.16B,$8.55B,2.24,$7.57B,$14.24B,0.53,$46.44B,$2.83B,6.10%,$46.44B,$17.60B,37.89%,$46.44B,$0.92B,1.99%,$46.44B,$18.38B,39.57%,$46.44B,$1.68B,3.61%,$46.44B,$1.08B,2.32%,$1.08B,$14.24B,7.83%,$1.08B,$13.71B,8.13%,$1.08B,$31.86B,3.33%,$17.60B,$21.82B,82.14%,$14921,$13948,$973,$0,$354,$14302,$619,$98,$717,$220,$497,$497,$496,$619,$619,$642,644,$0.77,$0.77,$5103,$7139,$313,$19155,$8366,$3203,$531,$606,$12706,$31861,$8547,$7573,$1182,$9071,$17618,$5219,$9185,$-197,$14243,$31861,$497,$209,$24,$233,$713,$735,$0,$137,$1262,$1992,$-490,$0,$0,$57,$0,$57,$4,$-429,$-34,$-107,$-141,$0,$0,$-90,$3,$-228,$1335,$20,$-90
37,2009-06-30,21.36,$0.00,0.0,$81.78,0.26,$21.00,1.02,$2.55,8.38,$19.41B,$8.89B,2.18,$7.59B,$13.65B,0.56,$52.68B,$3.73B,7.08%,$52.68B,$18.43B,35.00%,$52.68B,$1.76B,3.34%,$52.68B,$19.21B,36.48%,$52.68B,$2.45B,4.64%,$52.68B,$1.63B,3.09%,$1.63B,$13.65B,11.98%,$1.63B,$13.12B,12.44%,$1.63B,$31.58B,4.92%,$18.43B,$21.25B,86.59%,$0,$0,$0,$0,$0,$0,$0,$0,$0,$0,$0,$0,$0,$0,$0,$0,0,$0.00,$0.00,$3985,$7782,$330,$19408,$7950,$3085,$532,$607,$12174,$31582,$8885,$7592,$1144,$9044,$17929,$5204,$8778,$-355,$13653,$31582,$0,$0,$0,$0,$0,$0,$0,$0,$0,$0,$0,$0,$0,$0,$0,$0,$0,$0,$0,$0,$0,$0,$0,$0,$0,$0,$0,$0,$0
38,2009-03-31,22.04,$20.91,1.05,$81.78,0.27,$21.00,1.05,$2.55,8.64,$20.31B,$9.41B,2.16,$7.75B,$13.43B,0.58,$52.68B,$3.73B,7.08%,$52.68B,$18.43B,35.00%,$52.68B,$1.76B,3.34%,$52.68B,$19.21B,36.48%,$52.68B,$2.45B,4.64%,$52.68B,$1.63B,3.09%,$1.63B,$13.43B,12.01%,$1.63B,$12.93B,12.47%,$1.63B,$31.98B,4.73%,$18.43B,$21.18B,86.66%,$14842,$14193,$649,$0,$346,$14539,$303,$-160,$143,$140,$3,$3,$3,$879,$303,$642,644,$0.00,$0.00,$4808,$7840,$430,$20314,$7583,$2989,$493,$596,$11661,$31975,$9411,$7751,$742,$9137,$18548,$5016,$8866,$-455,$13427,$31975,$1628,$576,$-184,$392,$3468,$1575,$0,$-37,$3831,$5851,$-1404,$0,$214,$-21,$0,$-21,$-11,$-1222,$84,$-2989,$-2905,$-100,$-100,$-257,$11,$-3251,$1378,$0,$-257
39,2008-12-31,22.76,$21.33,1.07,$87.65,0.26,$7.18,3.17,$3.34,6.81,$22.10B,$11.10B,1.99,$7.75B,$13.69B,0.57,$56.54B,$4.24B,7.49%,$56.54B,$18.91B,33.44%,$56.54B,$2.24B,3.96%,$56.54B,$19.68B,34.80%,$56.54B,$3.06B,5.41%,$56.54B,$2.14B,3.78%,$2.14B,$13.69B,15.89%,$2.14B,$13.19B,16.45%,$2.14B,$33.90B,6.02%,$18.91B,$21.45B,91.02%,$16673,$15461,$1212,$0,$0,$0,$16673,$0,$817,$238,$0,$0,$578,$16877,$0,$642,643,$0.90,$0.90,$5212,$7681,$538,$22104,$7412,$3273,$501,$611,$11797,$33901,$11101,$7751,$735,$9106,$20207,$4999,$8947,$-252,$13694,$33901,$1625,$381,$-434,$-53,$2143,$1855,$0,$210,$4293,$5865,$-1015,$0,$213,$-737,$0,$-737,$-18,$-1557,$86,$-2698,$-2612,$-100,$-100,$-167,$9,$-2870,$1438,$0,$-167
40,2008-09-30,17.21,$21.11,0.82,$87.26,0.2,$-6.28,0.0,$3.16,5.45,$23.07B,$12.10B,1.91,$7.75B,$13.53B,0.57,$56.36B,$3.97B,7.05%,$56.36B,$18.73B,33.24%,$56.36B,$2.24B,3.97%,$56.36B,$19.49B,34.58%,$56.36B,$2.93B,5.19%,$56.36B,$2.04B,3.61%,$2.04B,$13.53B,15.50%,$2.04B,$13.03B,16.01%,$2.04B,$34.71B,5.74%,$18.73B,$21.29B,94.60%,$21160,$19293,$1867,$0,$409,$19702,$1458,$28,$1486,$440,$1046,$1046,$1045,$1458,$1458,$644,645,$1.62,$1.62,$5270,$8333,$587,$23074,$7155,$3393,$501,$584,$11633,$34707,$12101,$7754,$771,$9073,$21174,$5001,$8446,$86,$13533,$34707,$1046,$177,$-457,$-280,$2216,$1353,$0,$-221,$3914,$4680,$-451,$0,$212,$-67,$0,$-67,$7,$-299,$87,$-2570,$-2483,$-100,$-100,$-84,$8,$-2659,$1722,$0,$-84
41,2008-06-30,26.37,$0.00,0.0,$74.28,0.36,$-15.25,0.0,$2.21,11.93,$25.46B,$14.62B,1.74,$7.69B,$13.49B,0.57,$48.03B,$3.04B,6.32%,$48.03B,$17.85B,37.16%,$48.03B,$1.36B,2.82%,$48.03B,$18.61B,38.74%,$48.03B,$2.09B,4.35%,$48.03B,$1.43B,2.98%,$1.43B,$13.49B,11.27%,$1.43B,$12.98B,11.61%,$1.43B,$37.06B,4.19%,$17.85B,$21.18B,95.87%,$0,$0,$0,$0,$0,$0,$0,$0,$0,$0,$0,$0,$0,$0,$0,$0,0,$0.00,$0.00,$3300,$10160,$512,$25455,$7125,$3363,$506,$607,$11601,$37056,$14621,$7690,$782,$8945,$23566,$5039,$7494,$957,$13490,$37056,$0,$0,$0,$0,$0,$0,$0,$0,$0,$0,$0,$0,$0,$0,$0,$0,$0,$0,$0,$0,$0,$0,$0,$0,$0,$0,$0,$0,$0
42,2008-03-31,32.07,$20.44,1.57,$74.28,0.43,$-15.25,0.0,$2.21,14.51,$25.23B,$15.89B,1.59,$6.03B,$13.16B,0.46,$48.03B,$3.04B,6.32%,$48.03B,$17.85B,37.16%,$48.03B,$1.36B,2.82%,$48.03B,$18.61B,38.74%,$48.03B,$2.09B,4.35%,$48.03B,$1.43B,2.98%,$1.43B,$13.16B,11.79%,$1.43B,$12.83B,12.11%,$1.43B,$36.51B,4.60%,$17.85B,$19.19B,103.03%,$18708,$17551,$1157,$0,$378,$17929,$779,$-24,$755,$238,$517,$517,$517,$1341,$779,$644,647,$0.80,$0.80,$3826,$10569,$387,$25229,$6860,$3530,$329,$565,$11284,$36513,$15885,$6026,$843,$7466,$23351,$5121,$7206,$835,$13162,$36513,$1430,$562,$218,$780,$-2231,$-4506,$0,$-729,$-5377,$-3167,$-1312,$0,$0,$-312,$-28,$-340,$24,$-1628,$1249,$4362,$5611,$-61,$-61,$-232,$20,$5338,$543,$0,$-232
43,2007-12-31,36.07,$19.14,1.88,$62.79,0.57,$-9.67,0.0,$1.97,18.31,$22.66B,$14.56B,1.56,$5.23B,$12.32B,0.43,$40.71B,$2.62B,6.45%,$40.71B,$17.52B,43.05%,$40.71B,$1.03B,2.53%,$40.71B,$18.24B,44.81%,$40.71B,$1.89B,4.64%,$40.71B,$1.28B,3.14%,$1.28B,$12.32B,11.09%,$1.28B,$12.00B,11.40%,$1.28B,$33.49B,4.51%,$17.52B,$17.56B,106.28%,$16496,$15548,$948,$0,$0,$0,$16496,$0,$685,$212,$0,$0,$473,$16692,$0,$643,646,$0.74,$0.73,$2427,$9517,$690,$22660,$6574,$3415,$323,$518,$10830,$33490,$14561,$5233,$773,$6605,$21166,$5083,$6773,$468,$12324,$33490,$913,$381,$71,$452,$-1694,$-3984,$0,$-9,$-4291,$-2926,$-896,$0,$-2,$-44,$0,$-44,$-4,$-946,$466,$4042,$4508,$-61,$-61,$-148,$15,$4314,$442,$0,$-148
44,2007-09-30,25.62,$18.38,1.39,$53.86,0.48,$-5.05,0.0,$1.91,13.41,$19.02B,$11.53B,1.65,$4.73B,$11.82B,0.4,$35.19B,$2.58B,7.34%,$35.19B,$12.00B,34.12%,$35.19B,$1.03B,2.92%,$35.19B,$12.70B,36.09%,$35.19B,$1.83B,5.21%,$35.19B,$1.25B,3.54%,$1.25B,$11.82B,11.18%,$1.25B,$11.50B,11.51%,$1.25B,$29.39B,4.75%,$12.00B,$16.55B,76.00%,$12828,$11898,$930,$0,$354,$12252,$576,$71,$647,$206,$441,$441,$441,$576,$576,$644,647,$0.68,$0.68,$2303,$7747,$540,$19018,$6228,$3308,$319,$519,$10374,$29392,$11526,$4733,$761,$6046,$17572,$5056,$6375,$389,$11820,$29392,$441,$185,$17,$202,$-814,$-1858,$0,$175,$-1853,$-1210,$-350,$0,$-5,$120,$0,$120,$11,$-224,$-22,$2041,$2019,$-60,$-60,$-74,$7,$1892,$458,$0,$-74
45,2007-06-30,25.54,$0.00,0.0,$48.33,0.53,$-2.89,0.0,$1.84,13.88,$15.12B,$7.87B,1.92,$4.75B,$11.25B,0.42,$31.80B,$2.52B,7.92%,$31.80B,$11.98B,37.68%,$31.80B,$1.01B,3.17%,$31.80B,$12.68B,39.87%,$31.80B,$1.76B,5.54%,$31.80B,$1.21B,3.80%,$1.21B,$11.25B,11.23%,$1.21B,$10.94B,11.57%,$1.21B,$25.12B,4.95%,$11.98B,$16.01B,78.68%,$0,$0,$0,$0,$0,$0,$0,$0,$0,$0,$0,$0,$0,$0,$0,$0,0,$0.00,$0.00,$2299,$6060,$359,$15122,$6010,$3155,$317,$514,$9996,$25118,$7868,$4752,$713,$5997,$13865,$5090,$5982,$181,$11253,$25118,$0,$0,$0,$0,$0,$0,$0,$0,$0,$0,$0,$0,$0,$0,$0,$0,$0,$0,$0,$0,$0,$0,$0,$0,$0,$0,$0,$0,$0
46,2007-03-31,28.23,$0.00,0.0,$48.33,0.58,$-2.89,0.0,$1.84,15.34,$15.24B,$8.30B,1.84,$5.16B,$10.68B,0.48,$31.80B,$2.52B,7.92%,$31.80B,$11.98B,37.68%,$31.80B,$1.01B,3.17%,$31.80B,$12.68B,39.87%,$31.80B,$1.76B,5.54%,$31.80B,$1.21B,3.80%,$1.21B,$10.68B,11.62%,$1.21B,$10.36B,11.99%,$1.21B,$25.35B,5.16%,$11.98B,$15.84B,81.55%,$11381,$10635,$746,$0,$294,$10929,$452,$104,$556,$193,$363,$363,$363,$973,$452,$649,653,$0.56,$0.56,$2299,$6603,$536,$15243,$5823,$3226,$320,$739,$10108,$25351,$8302,$5157,$537,$6371,$14672,$5068,$5088,$523,$10679,$25351,$1207,$521,$4,$525,$-544,$-1918,$0,$-242,$-1766,$-34,$-844,$0,$-92,$-83,$-49,$-132,$118,$-950,$1035,$570,$1605,$-363,$-363,$-207,$-267,$768,$-216,$0,$-207
47,2006-12-31,24.51,$16.50,1.48,$44.78,0.55,$-0.92,0.0,$1.81,13.54,$15.19B,$8.98B,1.69,$4.01B,$10.77B,0.37,$29.55B,$2.55B,8.61%,$29.55B,$12.01B,40.63%,$29.55B,$1.03B,3.48%,$29.55B,$12.70B,42.97%,$29.55B,$1.70B,5.75%,$29.55B,$1.19B,4.03%,$1.19B,$10.77B,11.91%,$1.19B,$10.45B,12.30%,$1.19B,$25.05B,5.37%,$12.01B,$14.78B,85.53%,$10976,$10068,$908,$0,$0,$0,$10976,$0,$629,$188,$0,$0,$441,$11150,$0,$657,661,$0.67,$0.67,$2164,$6287,$763,$15193,$5698,$3079,$320,$757,$9853,$25046,$8983,$4011,$536,$5290,$14273,$5458,$4794,$521,$10773,$25046,$844,$345,$62,$407,$-812,$-1626,$0,$-265,$-1547,$-296,$-560,$0,$-55,$-256,$-46,$-302,$98,$-819,$-115,$1180,$1065,$-136,$-136,$-131,$27,$825,$-290,$0,$-131
