,Date,Stock Price,Book Value per Share,Price to Book Ratio,TTM Sales per Share,Price to Sales Ratio,TTM FCF per Share,Price to FCF Ratio,TTM Net EPS,PE Ratio,Current Assets,Current Liabilities,Current Ratio,Long Term Debt,Shareholder's Equity_x,Debt to Equity Ratio,TTM Revenue_x,TTM Gross Profit,Gross Margin,TTM Revenue_y,TTM Operating Income,Operating Margin,TTM Revenue_x,TTM EBIT,EBIT Margin,TTM Revenue_y,TTM EBITDA,EBITDA Margin,TTM Revenue_x,TTM Pre-Tax Income,Pre-Tax Margin,TTM Revenue_y,TTM Net Income_x,Net Margin,TTM Net Income_y,Shareholder's Equity_y,Return on Equity,TTM Net Income_x,Tangible Equity,Return on Tangible Equity,TTM Net Income_y,Total Assets,Return on Assets,TTM Net Income,LT Investments & Debt,Return on Investment,revenue,cost-goods-sold,gross-profit,research-development-expenses,selling-general-administrative-expenses,operating-expenses,operating-income,total-non-operating-income-expense,pre-tax-income,total-provision-income-taxes,income-after-taxes,income-from-continuous-operations,net-income,ebitda,ebit,basic-shares-outstanding,shares-outstanding,eps-basic-net-earnings-per-share,eps-earnings-per-share-diluted,cash-on-hand,inventory,other-current-assets,total-current-assets,net-property-plant-equipment,long-term-investments,goodwill-intangible-assets-total,other-long-term-assets,total-long-term-assets,total-assets,total-current-liabilities,long-term-debt,other-non-current-liabilities,total-long-term-liabilities,total-liabilities,common-stock-net,retained-earnings-accumulated-deficit,comprehensive-income,total-share-holder-equity,total-liabilities-share-holders-equity,net-income-loss,total-depreciation-amortization-cash-flow,other-non-cash-items,total-non-cash-items,change-in-accounts-receivable,change-in-inventories,change-in-accounts-payable,change-in-assets-liabilities,total-change-in-assets-liabilities,cash-flow-from-operating-activities,net-change-in-property-plant-equipment,net-change-in-intangible-assets,net-acquisitions-divestitures,net-change-in-short-term-investments,net-change-in-long-term-investments,net-change-in-investments-total,investing-activities-other,cash-flow-from-investing-activities,net-long-term-debt,net-current-debt,debt-issuance-retirement-net-total,net-common-equity-issued-repurchased,net-total-equity-issued-repurchased,total-common-preferred-stock-dividends-paid,financial-activities-other,cash-flow-from-financial-activities,net-cash-flow,stock-based-compensation,common-stock-dividends-paid
0,2018-09-30,236.16,$41.96,5.63,$141.28,1.67,$109.71,2.15,$17.15,13.77,$23.96B,$9.96B,2.41,$16.77B,$2.29B,7.32,$7.84B,$3.62B,46.14%,$7.84B,$1.78B,22.74%,$7.84B,$1.78B,22.74%,$7.84B,$2.32B,29.59%,$7.84B,$1.13B,14.45%,$7.84B,$0.95B,12.12%,$0.95B,$2.29B,45.97%,$0.95B,$-2.17B,-37.89%,$0.95B,$29.76B,3.20%,$1.78B,$19.07B,9.62%,$1947,$1061,$887,$0,$45,$1425,$522,$-169,$353,$57,$297,$297,$297,$655,$522,$55,55,$5.41,$5.39,$3601,$266,$2910,$23956,$610,$0,$4461,$671,$5807,$29763,$9959,$16774,$401,$17512,$27472,$1,$4759,$-143,$2291,$29763,$678,$402,$880,$1283,$0,$0,$0,$-92,$-92,$2025,$-149,$0,$55,$-30,$0,$-30,$-737,$-861,$-1175,$0,$-1175,$-197,$-197,$-95,$-39,$-1506,$-344,$64,$-95
1,2018-06-30,232.62,$38.53,6.04,$140.27,1.66,$104.05,2.24,$15.96,14.57,$23.08B,$10.77B,2.14,$15.36B,$2.12B,7.25,$7.81B,$3.58B,45.82%,$7.81B,$1.74B,22.29%,$7.81B,$1.74B,22.29%,$7.81B,$2.28B,29.20%,$7.81B,$1.11B,14.27%,$7.81B,$0.89B,11.35%,$0.89B,$2.12B,46.82%,$0.89B,$-2.41B,-32.36%,$0.89B,$28.95B,3.03%,$1.74B,$17.48B,9.69%,$1904,$1002,$902,$0,$48,$1484,$420,$-166,$255,$37,$218,$218,$218,$556,$420,$55,55,$3.94,$3.93,$3449,$233,$1912,$23082,$621,$0,$4526,$640,$5869,$28951,$10769,$15362,$399,$16063,$26832,$1,$4494,$-136,$2119,$28951,$382,$269,$614,$883,$0,$0,$0,$-39,$-39,$1322,$-99,$0,$0,$-40,$0,$-40,$-98,$-236,$-1688,$0,$-1688,$-95,$-95,$-63,$-24,$-1869,$-788,$46,$-63
2,2018-03-31,211.75,$36.06,5.87,$138.55,1.53,$98.21,2.16,$14.50,14.6,$23.47B,$10.99B,2.14,$15.72B,$2.00B,7.86,$7.72B,$3.48B,45.08%,$7.72B,$1.67B,21.63%,$7.72B,$1.67B,21.63%,$7.72B,$2.21B,28.64%,$7.72B,$1.07B,13.89%,$7.72B,$0.81B,10.44%,$0.81B,$2.00B,46.89%,$0.81B,$-2.63B,-27.22%,$0.81B,$29.39B,2.84%,$1.67B,$17.72B,9.47%,$1884,$1014,$870,$0,$33,$1506,$378,$-159,$219,$55,$164,$164,$164,$511,$378,$55,56,$2.96,$2.95,$3550,$256,$2316,$23471,$614,$0,$4630,$652,$5922,$29393,$10986,$15722,$381,$16406,$27392,$1,$4308,$-137,$2001,$29393,$164,$133,$347,$480,$0,$0,$0,$-67,$-67,$650,$-45,$0,$0,$-19,$0,$-19,$457,$393,$-707,$-448,$-1155,$0,$0,$-32,$-27,$-1214,$-173,$26,$-32
3,2017-12-31,251.57,$33.49,7.51,$137.86,1.82,$94.85,2.65,$14.13,17.8,$24.71B,$10.15B,2.44,$17.98B,$1.86B,9.69,$7.72B,$3.45B,44.68%,$7.72B,$1.65B,21.31%,$7.72B,$1.65B,21.31%,$7.72B,$2.19B,28.35%,$7.72B,$1.08B,14.00%,$7.72B,$0.79B,10.21%,$0.79B,$1.86B,50.53%,$0.79B,$-2.83B,-25.02%,$0.79B,$30.69B,2.89%,$1.65B,$19.84B,9.72%,$2106,$1147,$959,$0,$41,$1643,$463,$-156,$306,$35,$271,$271,$271,$598,$463,$56,56,$4.88,$4.85,$4190,$234,$1965,$24706,$614,$0,$4681,$657,$5979,$30685,$10147,$17980,$371,$18683,$28830,$1,$4167,$-140,$1855,$30685,$789,$542,$1101,$1643,$-10,$0,$0,$-120,$37,$2610,$-225,$0,$-946,$-59,$0,$-59,$-3059,$-4289,$4751,$0,$4751,$-535,$-535,$-116,$-95,$4005,$2331,$75,$-116
4,2017-09-30,219.37,$28.82,7.61,$131.21,1.67,$84.58,2.59,$9.43,23.26,$21.97B,$10.39B,2.11,$15.19B,$1.59B,9.53,$7.44B,$3.12B,41.90%,$7.44B,$1.36B,18.30%,$7.44B,$1.36B,18.30%,$7.44B,$1.91B,25.61%,$7.44B,$0.84B,11.25%,$7.44B,$0.53B,7.10%,$0.53B,$1.59B,34.96%,$0.53B,$-3.09B,-16.35%,$0.53B,$27.89B,2.04%,$1.36B,$16.78B,8.60%,$1912,$1067,$846,$0,$38,$1434,$479,$-145,$334,$100,$233,$233,$233,$614,$479,$55,56,$4.21,$4.20,$3326,$257,$2211,$21969,$615,$0,$4687,$600,$5925,$27894,$10392,$15187,$347,$15908,$26301,$1,$3925,$-140,$1594,$27894,$517,$407,$809,$1216,$0,$0,$0,$-78,$-78,$1759,$-177,$0,$0,$-42,$0,$-42,$-1393,$-1611,$2434,$0,$2434,$-554,$-554,$-87,$-70,$1723,$1879,$64,$-87
5,2017-06-30,253.58,$25.67,9.88,$129.10,1.96,$76.61,3.31,$8.78,28.88,$19.84B,$8.81B,2.25,$14.79B,$1.43B,10.38,$7.42B,$3.11B,41.97%,$7.42B,$1.30B,17.59%,$7.42B,$1.30B,17.59%,$7.42B,$1.85B,24.92%,$7.42B,$0.82B,11.00%,$7.42B,$0.50B,6.78%,$0.50B,$1.43B,32.29%,$0.50B,$-3.30B,-15.53%,$0.50B,$25.73B,2.02%,$1.30B,$16.22B,8.41%,$1822,$1014,$807,$0,$42,$1470,$351,$-138,$214,$76,$138,$138,$138,$489,$351,$56,56,$2.48,$2.47,$1946,$247,$1697,$19839,$609,$0,$4724,$534,$5889,$25728,$8805,$14794,$326,$15499,$24304,$1,$3721,$-142,$1425,$25728,$284,$272,$587,$859,$0,$0,$0,$-194,$-194,$1023,$-117,$0,$0,$28,$0,$28,$-472,$-561,$690,$0,$690,$-500,$-500,$-58,$-59,$73,$539,$45,$-58
6,2017-03-31,245.47,$24.44,10.05,$126.10,1.95,$71.35,3.44,$7.55,32.51,$18.78B,$9.00B,2.09,$13.49B,$1.36B,9.89,$7.34B,$3.03B,41.21%,$7.34B,$1.27B,17.35%,$7.34B,$1.27B,17.35%,$7.34B,$1.82B,24.76%,$7.34B,$0.82B,11.15%,$7.34B,$0.44B,5.97%,$0.44B,$1.36B,26.81%,$0.44B,$-3.38B,-13.59%,$0.44B,$24.64B,1.81%,$1.27B,$14.85B,8.45%,$1879,$1042,$837,$0,$45,$1527,$352,$-125,$227,$81,$146,$146,$146,$487,$352,$56,57,$2.60,$2.58,$1867,$245,$1230,$18783,$590,$0,$4743,$506,$5860,$24643,$9004,$13485,$330,$14275,$23279,$1,$3612,$-149,$1364,$24643,$146,$134,$326,$461,$0,$0,$0,$-170,$-170,$472,$-47,$0,$0,$6,$0,$6,$382,$341,$-101,$-189,$-289,$-415,$-415,$-29,$-30,$-763,$53,$24,$-29
7,2016-12-31,224.75,$28.89,7.78,$120.80,1.86,$67.58,3.33,$7.32,30.7,$19.59B,$9.23B,2.12,$13.82B,$1.66B,8.34,$7.14B,$2.86B,40.08%,$7.14B,$1.27B,17.73%,$7.14B,$1.27B,17.73%,$7.14B,$1.81B,25.38%,$7.14B,$0.84B,11.74%,$7.14B,$0.43B,6.07%,$0.43B,$1.66B,25.05%,$0.43B,$-3.15B,-13.53%,$0.43B,$25.51B,1.84%,$1.27B,$15.48B,8.41%,$1828,$1199,$628,$0,$32,$1648,$180,$-118,$62,$51,$11,$11,$11,$316,$180,$59,59,$0.21,$0.20,$1859,$271,$1066,$19589,$586,$0,$4804,$515,$5925,$25514,$9230,$13822,$326,$14626,$23856,$1,$3495,$-151,$1658,$25514,$518,$547,$1271,$1818,$-96,$0,$0,$-259,$-364,$2114,$-207,$0,$0,$21,$0,$21,$-3877,$-4063,$3865,$0,$3865,$-780,$-780,$-30,$-417,$2637,$691,$77,$-30
8,2016-09-30,210.47,$30.86,6.82,$117.84,1.79,$60.37,3.49,$9.45,22.27,$17.60B,$7.44B,2.37,$13.68B,$1.78B,7.67,$7.06B,$2.96B,41.86%,$7.06B,$1.45B,20.54%,$7.06B,$1.45B,20.54%,$7.06B,$1.99B,28.23%,$7.06B,$1.05B,14.89%,$7.06B,$0.55B,7.80%,$0.55B,$1.78B,30.34%,$0.55B,$-3.13B,-17.40%,$0.55B,$23.64B,2.42%,$1.45B,$15.47B,9.75%,$1886,$1046,$840,$0,$41,$1465,$421,$-108,$313,$105,$208,$208,$208,$556,$421,$58,58,$3.56,$3.55,$1501,$278,$1395,$17602,$583,$0,$4915,$535,$6038,$23640,$7440,$13682,$292,$14416,$21856,$1,$3514,$-131,$1784,$23640,$507,$410,$654,$1064,$0,$0,$0,$-322,$-322,$1355,$-158,$0,$0,$25,$0,$25,$-2018,$-2152,$199,$2013,$2212,$-693,$-693,$0,$-395,$1125,$333,$60,$0
9,2016-06-30,192.21,$29.52,6.51,$111.27,1.73,$54.30,3.54,$7.98,24.09,$16.69B,$7.47B,2.23,$12.79B,$1.73B,7.39,$6.76B,$2.80B,41.45%,$6.76B,$1.32B,19.46%,$6.76B,$1.32B,19.46%,$6.76B,$1.86B,27.44%,$6.76B,$0.94B,13.94%,$6.76B,$0.47B,6.96%,$0.47B,$1.73B,25.36%,$0.47B,$-3.23B,-14.84%,$0.47B,$22.77B,2.15%,$1.32B,$14.52B,9.23%,$1749,$1028,$721,$0,$43,$1428,$321,$-104,$217,$76,$141,$141,$73,$459,$321,$59,59,$1.24,$1.24,$1317,$225,$1278,$16689,$584,$0,$4964,$531,$6082,$22771,$7473,$12788,$292,$13568,$21042,$1,$3307,$-131,$1730,$22771,$300,$275,$427,$702,$0,$0,$0,$-321,$-321,$755,$-108,$0,$0,$23,$0,$23,$-1084,$-1169,$2631,$-1168,$1462,$-523,$-523,$0,$-383,$557,$149,$41,$0
10,2016-03-31,215.83,$29.51,7.31,$105.71,2.04,$50.97,4.23,$8.85,24.39,$16.23B,$6.64B,2.44,$13.02B,$1.74B,7.48,$6.52B,$2.69B,41.23%,$6.52B,$1.28B,19.66%,$6.52B,$1.28B,19.66%,$6.52B,$1.81B,27.83%,$6.52B,$0.93B,14.29%,$6.52B,$0.53B,8.12%,$0.53B,$1.74B,27.63%,$0.53B,$-3.29B,-16.73%,$0.53B,$22.40B,2.50%,$1.28B,$14.76B,9.36%,$1676,$1004,$672,$0,$28,$1332,$344,$-99,$246,$87,$159,$159,$141,$481,$344,$60,60,$2.36,$2.35,$970,$240,$1661,$16230,$575,$0,$5035,$557,$6169,$22399,$6643,$13019,$305,$14015,$20658,$1,$3234,$-128,$1741,$22399,$159,$137,$189,$326,$0,$0,$0,$-247,$-247,$280,$-55,$0,$0,$-0,$0,$-0,$-693,$-748,$326,$477,$803,$-409,$-409,$0,$-131,$264,$-198,$20,$0
11,2015-12-31,271.33,$33.06,8.21,$103.05,2.63,$49.31,5.5,$8.82,30.76,$16.25B,$6.40B,2.54,$12.71B,$2.01B,6.32,$6.44B,$2.63B,40.76%,$6.44B,$1.26B,19.60%,$6.44B,$1.26B,19.60%,$6.44B,$1.79B,27.73%,$6.44B,$0.93B,14.47%,$6.44B,$0.55B,8.56%,$0.55B,$2.01B,28.16%,$0.55B,$-3.01B,-17.44%,$0.55B,$22.35B,2.71%,$1.26B,$14.72B,9.78%,$1749,$1027,$722,$0,$27,$1385,$364,$-89,$275,$95,$180,$180,$129,$497,$364,$62,62,$2.36,$2.34,$1168,$228,$802,$16250,$577,$0,$5018,$504,$6100,$22350,$6403,$12707,$285,$13937,$20340,$1,$3093,$-137,$2010,$22350,$605,$524,$638,$1162,$8,$0,$0,$-195,$-65,$1760,$-192,$0,$-45,$-27,$0,$-27,$-3099,$-3363,$3009,$0,$3009,$-934,$-934,$0,$-357,$1719,$91,$91,$0
12,2015-09-30,254.07,$31.87,7.97,$98.79,2.57,$43.13,5.89,$7.37,34.47,$14.10B,$5.97B,2.36,$11.09B,$1.95B,5.69,$6.18B,$2.49B,40.36%,$6.18B,$1.11B,17.97%,$6.18B,$1.11B,17.97%,$6.18B,$1.58B,25.64%,$6.18B,$0.80B,12.97%,$6.18B,$0.48B,7.69%,$0.48B,$1.95B,23.13%,$0.48B,$-3.16B,-15.06%,$0.48B,$20.30B,2.40%,$1.11B,$13.03B,8.96%,$1589,$901,$688,$0,$41,$1302,$288,$-82,$205,$75,$130,$130,$128,$419,$288,$61,62,$2.09,$2.08,$977,$0,$1111,$14098,$561,$0,$5104,$537,$6203,$20301,$5972,$11086,$267,$12380,$18353,$1,$2948,$-118,$1948,$20301,$425,$391,$472,$863,$0,$0,$0,$-230,$-230,$1031,$-140,$0,$-45,$-31,$0,$-31,$-887,$-1103,$679,$449,$1128,$-857,$-857,$0,$-278,$-7,$-100,$73,$0
13,2015-06-30,286.41,$31.74,9.02,$95.09,3.01,$42.96,6.67,$8.03,35.67,$13.36B,$6.07B,2.2,$10.26B,$1.96B,5.24,$5.91B,$2.36B,39.90%,$5.91B,$1.15B,19.38%,$5.91B,$1.15B,19.38%,$5.91B,$1.57B,26.56%,$5.91B,$0.86B,14.49%,$5.91B,$0.51B,8.65%,$0.51B,$1.96B,27.82%,$0.51B,$-3.19B,-17.96%,$0.51B,$19.55B,2.76%,$1.15B,$12.22B,10.10%,$1501,$897,$604,$0,$41,$1215,$286,$-81,$205,$75,$130,$130,$131,$416,$286,$62,62,$2.12,$2.11,$822,$0,$1082,$13357,$548,$0,$5151,$491,$6190,$19547,$6074,$10258,$215,$11515,$17588,$1,$2820,$-124,$1959,$19547,$295,$259,$299,$558,$0,$0,$0,$-265,$-265,$564,$-88,$0,$0,$-13,$0,$-13,$-238,$-339,$1690,$-1205,$485,$-677,$-677,$0,$-271,$-463,$-255,$52,$0
14,2015-03-31,290.64,$30.77,9.44,$91.20,3.19,$43.47,6.69,$8.11,35.84,$12.78B,$6.14B,2.08,$9.74B,$1.91B,5.09,$5.67B,$2.24B,39.41%,$5.67B,$1.14B,20.14%,$5.67B,$1.14B,20.14%,$5.67B,$1.52B,26.80%,$5.67B,$0.87B,15.36%,$5.67B,$0.52B,9.12%,$0.52B,$1.91B,32.64%,$0.52B,$-3.29B,-20.01%,$0.52B,$19.05B,3.01%,$1.14B,$11.65B,10.91%,$1601,$990,$611,$0,$30,$1277,$325,$-78,$247,$82,$165,$165,$163,$454,$325,$63,64,$2.34,$2.32,$760,$0,$1092,$12778,$545,$0,$5196,$533,$6275,$19052,$6141,$9737,$210,$11000,$17141,$1,$2688,$-140,$1911,$19052,$165,$129,$161,$290,$0,$0,$0,$-256,$-256,$175,$-42,$0,$0,$-6,$0,$-6,$385,$337,$272,$-263,$9,$-543,$-543,$0,$-278,$-812,$-317,$28,$0
15,2014-12-31,280.63,$37.55,7.47,$84.69,3.31,$45.78,6.13,$7.87,35.66,$13.82B,$6.31B,2.19,$10.26B,$2.40B,4.28,$5.30B,$2.08B,39.30%,$5.30B,$1.10B,20.72%,$5.30B,$1.10B,20.72%,$5.30B,$1.44B,27.08%,$5.30B,$0.84B,15.80%,$5.30B,$0.49B,9.26%,$0.49B,$2.40B,36.55%,$0.49B,$-2.99B,-21.27%,$0.49B,$20.26B,3.10%,$1.10B,$12.66B,11.28%,$1486,$896,$590,$0,$40,$1273,$212,$-68,$144,$68,$76,$76,$53,$295,$212,$56,62,$0.75,$0.86,$1077,$0,$1102,$13815,$560,$0,$5381,$508,$6449,$20264,$6305,$10262,$208,$11562,$17868,$1,$2541,$-75,$2396,$20264,$516,$337,$590,$927,$-156,$0,$0,$-53,$-84,$1344,$-159,$0,$-1196,$-119,$0,$-119,$-3264,$-4737,$5672,$-1864,$3808,$-270,$-270,$0,$-23,$3516,$107,$73,$0
16,2014-09-30,243.57,$18.19,13.39,$77.94,3.12,$39.76,6.13,$8.80,27.68,$11.40B,$5.37B,2.12,$7.72B,$1.08B,7.15,$4.96B,$1.95B,39.41%,$4.96B,$1.14B,22.93%,$4.96B,$1.14B,22.93%,$4.96B,$1.46B,29.41%,$4.96B,$0.88B,17.71%,$4.96B,$0.56B,11.21%,$0.56B,$1.08B,58.01%,$0.56B,$-1.92B,-29.30%,$0.56B,$15.19B,3.94%,$1.14B,$8.80B,13.20%,$1319,$767,$552,$0,$39,$997,$322,$-61,$260,$95,$165,$165,$164,$404,$322,$58,60,$2.84,$2.74,$635,$0,$1328,$11401,$338,$0,$2998,$453,$3792,$15193,$5370,$7723,$175,$8742,$14113,$1,$2489,$-54,$1081,$15193,$440,$254,$305,$559,$0,$0,$0,$-28,$-28,$968,$-115,$0,$-260,$-105,$0,$-105,$-1384,$-1863,$-146,$911,$766,$-207,$-207,$0,$6,$565,$-335,$50,$0
17,2014-06-30,275.92,$17.53,15.74,$72.53,3.8,$36.23,7.62,$8.07,34.19,$10.35B,$4.40B,2.35,$7.82B,$0.95B,8.26,$4.74B,$1.87B,39.49%,$4.74B,$1.10B,23.32%,$4.74B,$1.10B,23.32%,$4.74B,$1.42B,29.95%,$4.74B,$0.83B,17.59%,$4.74B,$0.53B,11.09%,$0.53B,$0.95B,60.62%,$0.53B,$-2.15B,-29.20%,$0.53B,$14.22B,3.95%,$1.10B,$8.77B,13.18%,$1265,$783,$482,$0,$28,$983,$283,$-63,$220,$80,$139,$139,$137,$367,$283,$54,63,$2.54,$2.19,$631,$0,$1073,$10345,$337,$0,$3092,$438,$3870,$14215,$4399,$7821,$166,$8869,$13268,$1,$2324,$-14,$947,$14215,$275,$172,$185,$357,$0,$0,$0,$-51,$-51,$588,$-77,$0,$-260,$-103,$0,$-103,$-213,$-652,$-292,$194,$-98,$-194,$-194,$0,$19,$-273,$-339,$31,$0
18,2014-03-31,267.29,$17.39,15.37,$67.42,3.96,$34.99,7.64,$7.59,35.22,$9.94B,$3.97B,2.51,$7.79B,$0.95B,8.2,$4.50B,$1.80B,39.95%,$4.50B,$1.09B,24.23%,$4.50B,$1.09B,24.23%,$4.50B,$1.40B,31.19%,$4.50B,$0.80B,17.76%,$4.50B,$0.50B,11.20%,$0.50B,$0.95B,65.07%,$0.50B,$-2.19B,-29.99%,$0.50B,$13.76B,3.97%,$1.09B,$8.74B,15.46%,$1233,$772,$460,$0,$34,$951,$282,$-68,$214,$78,$136,$136,$137,$370,$282,$53,66,$2.59,$2.08,$707,$0,$1050,$9938,$326,$0,$3136,$354,$3819,$13757,$3965,$7790,$160,$8842,$12807,$1,$2187,$-8,$950,$13757,$136,$88,$87,$175,$0,$0,$0,$10,$10,$333,$-43,$0,$-260,$0,$0,$0,$303,$-0,$-430,$-142,$-572,$-40,$-40,$0,$20,$-592,$-263,$16,$0
19,2013-12-31,257.95,$16.60,15.54,$64.40,4.01,$34.33,7.51,$7.43,34.72,$10.40B,$4.51B,2.31,$7.28B,$0.86B,8.5,$4.32B,$1.77B,40.99%,$4.32B,$1.10B,25.45%,$4.32B,$1.10B,25.45%,$4.32B,$1.41B,32.56%,$4.32B,$0.79B,18.39%,$4.32B,$0.50B,11.49%,$0.50B,$0.86B,72.07%,$0.50B,$-1.34B,-31.86%,$0.50B,$13.24B,4.05%,$1.10B,$8.13B,18.92%,$1141,$681,$460,$0,$25,$891,$250,$-65,$184,$66,$118,$118,$118,$317,$250,$49,67,$2.40,$1.78,$970,$0,$750,$10401,$299,$0,$2196,$346,$2843,$13244,$4512,$7275,$154,$7876,$12389,$1,$2049,$-18,$856,$13244,$496,$307,$448,$755,$-33,$0,$0,$-178,$-239,$1003,$-135,$0,$0,$3,$0,$3,$-1487,$-1619,$341,$588,$929,$-217,$-217,$0,$-8,$704,$76,$59,$0
20,2013-09-30,207.46,$14.62,14.19,$62.49,3.32,$37.22,5.57,$6.91,30.02,$9.11B,$3.50B,2.6,$7.17B,$0.71B,10.07,$4.15B,$1.71B,41.17%,$4.15B,$1.07B,25.69%,$4.15B,$1.07B,25.69%,$4.15B,$1.40B,33.72%,$4.15B,$0.75B,18.03%,$4.15B,$0.46B,11.14%,$0.46B,$0.71B,76.21%,$0.46B,$-1.52B,-27.61%,$0.46B,$11.97B,3.87%,$1.07B,$7.88B,19.85%,$1096,$628,$468,$0,$34,$808,$289,$-74,$215,$82,$133,$133,$133,$364,$289,$49,66,$2.73,$2.01,$784,$0,$721,$9110,$276,$0,$2232,$319,$2854,$11965,$3504,$7166,$138,$7749,$11253,$1,$1932,$-19,$711,$11965,$378,$240,$243,$482,$0,$0,$0,$-74,$-74,$799,$-92,$0,$0,$-22,$0,$-22,$-261,$-374,$-378,$82,$-296,$-223,$-223,$0,$-10,$-529,$-109,$43,$0
21,2013-06-30,177.6,$11.92,14.9,$59.89,2.97,$38.57,4.6,$6.74,26.35,$9.06B,$4.49B,2.02,$2.87B,$0.58B,4.95,$3.96B,$1.65B,41.68%,$3.96B,$1.04B,26.26%,$3.96B,$1.04B,26.26%,$3.96B,$1.36B,34.36%,$3.96B,$0.72B,18.24%,$3.96B,$0.45B,11.33%,$0.45B,$0.58B,81.41%,$0.45B,$-1.68B,-27.45%,$0.45B,$11.87B,3.89%,$1.04B,$3.45B,25.08%,$1028,$619,$409,$0,$28,$759,$269,$-83,$186,$69,$116,$116,$116,$352,$269,$49,68,$2.37,$1.71,$750,$0,$965,$9058,$266,$0,$2257,$258,$2809,$11867,$4485,$2874,$3486,$6802,$11286,$1,$1799,$-19,$581,$11867,$245,$165,$135,$300,$0,$0,$0,$-28,$-28,$530,$-59,$0,$0,$-17,$0,$-17,$-255,$-332,$-196,$60,$-136,$-202,$-202,$0,$4,$-334,$-144,$28,$0
22,2013-03-31,158.82,$12.18,13.04,$58.41,2.72,$37.33,4.25,$6.66,23.85,$9.09B,$5.05B,1.8,$3.17B,$0.61B,5.24,$3.80B,$1.60B,42.16%,$3.80B,$1.01B,26.64%,$3.80B,$1.01B,26.64%,$3.80B,$1.31B,34.46%,$3.80B,$0.70B,18.52%,$3.80B,$0.44B,11.49%,$0.44B,$0.61B,88.02%,$0.44B,$-1.69B,-27.73%,$0.44B,$11.93B,3.96%,$1.01B,$3.77B,24.18%,$1053,$620,$433,$0,$22,$762,$291,$-83,$209,$80,$129,$129,$129,$373,$291,$50,67,$2.59,$1.92,$764,$0,$1208,$9088,$256,$0,$2296,$259,$2839,$11927,$5052,$3168,$2633,$6270,$11322,$1,$1682,$-17,$605,$11927,$129,$82,$78,$160,$0,$0,$0,$-18,$-18,$279,$-28,$0,$0,$-45,$0,$-45,$-184,$-258,$-53,$-51,$-105,$-50,$-50,$0,$7,$-147,$-129,$13,$0
23,2012-12-31,142.02,$10.65,13.33,$57.18,2.48,$36.98,3.84,$6.60,21.52,$9.13B,$5.03B,1.82,$5.84B,$0.53B,11.06,$3.64B,$1.54B,42.16%,$3.64B,$0.98B,26.78%,$3.64B,$0.98B,26.78%,$3.64B,$1.25B,34.28%,$3.64B,$0.68B,18.73%,$3.64B,$0.42B,11.62%,$0.42B,$0.53B,101.01%,$0.42B,$-1.81B,-27.57%,$0.42B,$12.00B,4.11%,$0.98B,$6.37B,23.85%,$972,$574,$398,$0,$32,$755,$217,$-78,$138,$55,$84,$84,$84,$310,$217,$50,64,$1.68,$1.25,$893,$0,$664,$9132,$253,$0,$2334,$251,$2868,$12000,$5033,$5844,$124,$6439,$11472,$1,$1553,$-22,$528,$12000,$422,$274,$418,$692,$-49,$0,$0,$-28,$38,$1134,$-116,$0,$-464,$16,$0,$16,$-2107,$-2671,$1460,$875,$2334,$-105,$-105,$0,$-20,$2209,$677,$50,$0
24,2012-09-30,139.26,$9.85,14.13,$56.69,2.46,$37.34,3.73,$6.45,21.59,$8.02B,$4.80B,1.67,$2.51B,$0.49B,5.1,$3.52B,$1.49B,42.22%,$3.52B,$0.94B,26.70%,$3.52B,$0.94B,26.70%,$3.52B,$1.20B,33.98%,$3.52B,$0.65B,18.51%,$3.52B,$0.41B,11.52%,$0.41B,$0.49B,122.45%,$0.41B,$-1.37B,-27.05%,$0.41B,$10.41B,4.25%,$0.94B,$3.00B,28.82%,$911,$499,$412,$0,$25,$647,$264,$-74,$190,$71,$120,$120,$120,$327,$264,$50,65,$2.39,$1.84,$766,$0,$652,$8020,$224,$0,$1862,$228,$2393,$10412,$4800,$2512,$2215,$5120,$9920,$1,$1470,$-22,$492,$10412,$339,$181,$259,$440,$0,$0,$0,$84,$84,$862,$-77,$0,$0,$-1,$0,$-1,$-1110,$-1189,$454,$482,$936,$-50,$-50,$0,$-16,$870,$550,$38,$0
25,2012-06-30,132.44,$7.23,18.33,$57.10,2.32,$37.46,3.54,$6.21,21.33,$7.48B,$3.90B,1.92,$3.25B,$0.36B,9.0,$3.45B,$1.44B,41.76%,$3.45B,$0.90B,26.17%,$3.45B,$0.90B,26.17%,$3.45B,$1.16B,33.56%,$3.45B,$0.61B,17.79%,$3.45B,$0.38B,10.98%,$0.38B,$0.36B,155.17%,$0.38B,$-1.44B,-23.98%,$0.38B,$9.83B,4.16%,$0.90B,$3.61B,27.73%,$866,$506,$360,$0,$28,$626,$241,$-73,$167,$64,$104,$104,$104,$300,$241,$50,64,$2.07,$1.63,$642,$0,$1030,$7477,$219,$0,$1798,$278,$2349,$9827,$3899,$3249,$1935,$5567,$9466,$1,$1350,$-23,$361,$9827,$219,$118,$167,$285,$-44,$0,$0,$-32,$-85,$417,$-56,$0,$0,$-4,$0,$-4,$-554,$-613,$205,$299,$504,$-48,$-48,$0,$165,$622,$426,$25,$0
26,2012-03-31,123.57,$5.83,21.18,$56.23,2.2,$38.21,3.23,$5.77,21.42,$6.53B,$3.53B,1.85,$3.07B,$0.29B,10.47,$3.33B,$1.39B,41.80%,$3.33B,$0.85B,25.68%,$3.33B,$0.85B,25.68%,$3.33B,$1.10B,33.20%,$3.33B,$0.56B,16.84%,$3.33B,$0.34B,10.35%,$0.34B,$0.29B,195.73%,$0.34B,$-1.53B,-20.59%,$0.34B,$8.90B,3.91%,$0.85B,$3.37B,27.74%,$892,$527,$365,$0,$24,$639,$253,$-66,$187,$72,$115,$115,$115,$311,$253,$50,62,$2.30,$1.86,$399,$0,$650,$6530,$207,$0,$1821,$298,$2373,$8902,$3533,$3074,$1650,$5076,$8609,$1,$1246,$-25,$294,$8902,$115,$58,$51,$109,$34,$0,$0,$-27,$16,$240,$-31,$0,$0,$0,$0,$0,$166,$135,$226,$-66,$160,$4,$4,$0,$-357,$-193,$183,$12,$0
27,2011-12-31,101.87,$3.53,28.85,$55.18,1.85,$38.30,2.66,$5.47,18.62,$6.61B,$3.86B,1.71,$2.88B,$0.18B,16.34,$3.17B,$1.36B,42.89%,$3.17B,$0.81B,25.62%,$3.17B,$0.81B,25.62%,$3.17B,$1.06B,33.34%,$3.17B,$0.51B,16.17%,$3.17B,$0.32B,9.93%,$0.32B,$0.18B,273.91%,$0.32B,$-1.66B,-18.98%,$0.32B,$8.98B,3.67%,$0.81B,$3.05B,31.32%,$848,$499,$348,$0,$27,$666,$181,$-74,$107,$41,$66,$66,$66,$257,$181,$51,58,$1.32,$1.10,$216,$0,$637,$6607,$195,$0,$1833,$301,$2373,$8980,$3855,$2875,$1732,$4949,$8804,$1,$1131,$-23,$176,$8980,$315,$244,$344,$589,$-32,$0,$0,$83,$104,$1011,$-74,$0,$-359,$-15,$-18,$-33,$-575,$-1041,$-156,$495,$339,$-211,$-211,$0,$-18,$109,$77,$43,$0
28,2011-09-30,90.94,$2.91,31.29,$54.08,1.68,$37.05,2.45,$5.19,17.52,$5.90B,$3.98B,1.48,$2.85B,$0.15B,19.52,$3.08B,$1.33B,43.10%,$3.08B,$0.77B,25.09%,$3.08B,$0.77B,25.09%,$3.08B,$1.00B,32.33%,$3.08B,$0.48B,15.55%,$3.08B,$0.30B,9.61%,$0.30B,$0.15B,385.67%,$0.30B,$-1.70B,-18.24%,$0.30B,$8.77B,3.52%,$0.77B,$3.00B,32.94%,$845,$477,$368,$0,$26,$617,$228,$-74,$153,$59,$94,$94,$94,$290,$228,$51,59,$1.86,$1.60,$240,$0,$615,$5901,$182,$0,$1846,$796,$2869,$8770,$3982,$2851,$1500,$4642,$8624,$1,$1065,$-18,$146,$8770,$249,$169,$196,$365,$1,$0,$0,$97,$143,$763,$-49,$0,$-359,$-68,$-18,$-86,$-248,$-742,$330,$510,$840,$-163,$-163,$0,$-592,$84,$100,$32,$0
29,2011-06-30,92.29,$1.71,54.01,$52.38,1.76,$36.55,2.53,$4.55,20.28,$5.88B,$3.34B,1.76,$2.81B,$0.09B,32.27,$2.94B,$1.28B,43.46%,$2.94B,$0.72B,24.34%,$2.94B,$0.72B,24.34%,$2.94B,$0.93B,31.69%,$2.94B,$0.41B,14.02%,$2.94B,$0.26B,8.68%,$0.26B,$0.09B,492.75%,$0.26B,$-1.80B,-16.21%,$0.26B,$8.55B,3.09%,$0.72B,$2.90B,33.19%,$740,$431,$309,$0,$21,$549,$192,$-79,$113,$44,$69,$69,$69,$246,$192,$51,58,$1.35,$1.19,$233,$0,$611,$5877,$196,$0,$1887,$534,$2671,$8548,$3339,$2812,$2001,$5122,$8461,$1,$971,$-39,$87,$8548,$155,$107,$132,$239,$-19,$0,$0,$52,$11,$408,$-34,$0,$-359,$0,$-14,$-14,$129,$-277,$456,$-31,$425,$-96,$-96,$0,$-366,$-38,$94,$20,$0
30,2011-03-31,84.26,$0.99,84.98,$51.44,1.64,$37.42,2.25,$4.19,20.11,$5.78B,$4.23B,1.37,$1.39B,$0.05B,27.16,$2.87B,$1.28B,44.60%,$2.87B,$0.68B,23.81%,$2.87B,$0.68B,23.81%,$2.87B,$0.90B,31.24%,$2.87B,$0.38B,13.11%,$2.87B,$0.23B,8.12%,$0.23B,$0.05B,601.29%,$0.23B,$-1.48B,-15.79%,$0.23B,$8.03B,2.87%,$0.68B,$1.44B,34.28%,$740,$405,$336,$0,$21,$529,$212,$-71,$140,$54,$86,$86,$86,$265,$212,$51,55,$1.69,$1.56,$300,$0,$595,$5780,$170,$0,$1531,$500,$2249,$8029,$4228,$1385,$2101,$3751,$7978,$1,$902,$-42,$51,$8029,$86,$53,$65,$118,$14,$0,$0,$39,$7,$210,$-19,$0,$0,$0,$-5,$-5,$282,$259,$122,$-28,$93,$-49,$-49,$0,$-352,$-308,$161,$9,$0
31,2010-12-31,69.68,$0.45,154.99,$50.05,1.39,$37.41,1.86,$3.47,20.08,$6.13B,$3.86B,1.59,$2.03B,$0.02B,87.93,$2.79B,$1.25B,44.63%,$2.79B,$0.63B,22.53%,$2.79B,$0.63B,22.53%,$2.79B,$0.84B,30.05%,$2.79B,$0.31B,11.14%,$2.79B,$0.19B,6.95%,$0.19B,$0.02B,1552.00%,$0.19B,$-1.51B,-13.04%,$0.19B,$8.27B,2.40%,$0.63B,$2.05B,28.11%,$756,$440,$315,$0,$22,$615,$141,$-68,$73,$24,$49,$49,$47,$195,$141,$53,56,$0.90,$0.85,$139,$0,$599,$6130,$171,$0,$1536,$390,$2143,$8272,$3862,$2031,$2097,$4387,$8249,$1,$816,$-35,$23,$8272,$194,$209,$438,$648,$-44,$0,$0,$53,$71,$903,$-69,$0,$-117,$-5,$-1,$-5,$-150,$-341,$21,$-606,$-585,$-115,$-115,$0,$-16,$-716,$-74,$50,$0
32,2010-09-30,64.02,$0.87,73.4,$45.94,1.39,$27.73,2.31,$3.35,19.11,$6.02B,$2.96B,2.03,$2.18B,$0.05B,47.66,$2.58B,$1.10B,42.49%,$2.58B,$0.62B,24.01%,$2.58B,$0.62B,24.01%,$2.58B,$0.84B,32.65%,$2.58B,$0.33B,12.74%,$2.58B,$0.19B,7.28%,$0.19B,$0.05B,250.67%,$0.19B,$-1.50B,-13.31%,$0.19B,$8.13B,2.56%,$0.62B,$2.23B,25.86%,$702,$385,$317,$0,$20,$532,$170,$-84,$86,$33,$53,$53,$53,$225,$170,$53,55,$1.01,$0.96,$391,$0,$608,$6024,$163,$0,$1547,$398,$2107,$8130,$2962,$2181,$2667,$5122,$8085,$1,$769,$-19,$46,$8130,$147,$155,$323,$478,$-21,$0,$0,$60,$72,$694,$-48,$0,$-117,$-5,$0,$-5,$334,$164,$98,$-498,$-400,$-45,$-45,$0,$-314,$-759,$178,$34,$0
33,2010-06-30,58.39,$0.65,89.35,$41.95,1.39,$20.88,2.8,$3.22,18.13,$5.93B,$2.24B,2.65,$2.22B,$0.04B,63.72,$2.36B,$0.94B,39.60%,$2.36B,$0.54B,23.04%,$2.36B,$0.54B,23.04%,$2.36B,$0.76B,32.11%,$2.36B,$0.30B,12.62%,$2.36B,$0.18B,7.67%,$0.18B,$0.04B,148.97%,$0.18B,$-1.41B,-13.57%,$0.18B,$8.05B,2.77%,$0.54B,$2.25B,21.74%,$670,$359,$311,$0,$22,$509,$160,$-84,$77,$29,$47,$47,$47,$211,$160,$53,57,$0.89,$0.83,$250,$0,$593,$5932,$158,$0,$1445,$512,$2115,$8047,$2238,$2217,$3290,$5774,$8012,$1,$716,$-13,$35,$8047,$94,$101,$220,$320,$3,$0,$0,$32,$33,$446,$-32,$0,$0,$0,$0,$0,$216,$185,$-1,$-366,$-367,$15,$15,$0,$-322,$-674,$37,$23,$0
34,2010-03-31,62.78,$-1.02,-61.81,$38.08,1.65,$16.84,3.73,$2.90,21.65,$5.90B,$2.55B,2.32,$2.47B,$-0.05B,-46.11,$2.15B,$0.76B,35.13%,$2.15B,$0.47B,21.64%,$2.15B,$0.47B,21.64%,$2.15B,$0.67B,31.22%,$2.15B,$0.27B,12.42%,$2.15B,$0.16B,7.58%,$0.16B,$-0.05B,91.83%,$0.16B,$-1.53B,-12.82%,$0.16B,$7.92B,2.91%,$0.47B,$2.42B,18.59%,$664,$361,$303,$0,$22,$505,$158,$-83,$75,$29,$47,$47,$47,$208,$158,$52,55,$0.89,$0.84,$221,$0,$638,$5900,$161,$0,$1473,$385,$2019,$7920,$2548,$2469,$2714,$5425,$7973,$1,$669,$-23,$-54,$7920,$47,$50,$115,$165,$27,$0,$0,$-8,$3,$207,$-15,$0,$0,$0,$0,$0,$459,$443,$52,$-315,$-263,$-8,$-8,$0,$-453,$-723,$7,$11,$0
35,2009-12-31,63.37,$5.23,12.13,$33.86,1.87,$14.37,4.41,$2.51,25.25,$2.36B,$2.13B,1.11,$2.42B,$0.27B,8.88,$1.96B,$0.61B,31.06%,$1.96B,$0.41B,20.82%,$1.96B,$0.41B,20.82%,$1.96B,$0.60B,30.75%,$1.96B,$0.26B,13.34%,$1.96B,$0.14B,7.33%,$0.14B,$0.27B,48.90%,$0.14B,$-1.21B,-12.64%,$0.14B,$5.23B,3.03%,$0.41B,$2.70B,16.93%,$546,$380,$166,$0,$23,$414,$132,$-41,$91,$31,$60,$60,$41,$199,$132,$56,58,$0.73,$0.70,$213,$0,$775,$2360,$165,$0,$1483,$443,$2866,$5226,$2130,$2423,$98,$2823,$4953,$1,$1033,$-66,$273,$5226,$144,$196,$125,$320,$-2,$0,$0,$-49,$-91,$358,$-53,$0,$-159,$10,$-5,$5,$-681,$-888,$7,$1040,$1047,$-387,$-387,$0,$-90,$570,$56,$54,$0
36,2009-09-30,59.92,$4.43,13.53,$31.29,1.91,$14.52,4.13,$2.58,23.23,$2.40B,$1.85B,1.3,$2.41B,$0.23B,10.38,$1.93B,$0.61B,31.72%,$1.93B,$0.39B,19.99%,$1.93B,$0.39B,19.99%,$1.93B,$0.56B,28.87%,$1.93B,$0.25B,13.14%,$1.93B,$0.15B,7.68%,$0.15B,$0.23B,40.77%,$0.15B,$-1.19B,-13.99%,$0.15B,$4.90B,3.27%,$0.39B,$2.64B,17.14%,$481,$327,$155,$0,$30,$388,$94,$-39,$55,$10,$45,$45,$46,$140,$94,$53,55,$0.87,$0.83,$450,$0,$752,$2396,$167,$0,$1422,$192,$2503,$4899,$1846,$2411,$87,$2820,$4666,$1,$992,$-77,$232,$4899,$103,$129,$149,$277,$13,$0,$0,$-12,$-67,$306,$-40,$0,$0,$0,$0,$0,$-339,$-379,$52,$755,$808,$-364,$-364,$0,$-89,$355,$293,$43,$0
37,2009-06-30,40.41,$4.83,8.37,$29.90,1.35,$17.46,2.31,$2.74,14.75,$1.87B,$1.71B,1.1,$1.99B,$0.26B,7.68,$1.96B,$0.63B,32.31%,$1.96B,$0.41B,21.01%,$1.96B,$0.41B,21.01%,$1.96B,$0.58B,29.50%,$1.96B,$0.29B,15.03%,$1.96B,$0.17B,8.54%,$0.17B,$0.26B,38.57%,$0.17B,$-1.16B,-16.71%,$0.17B,$4.37B,3.84%,$0.41B,$2.25B,19.88%,$458,$327,$131,$0,$19,$377,$81,$-34,$46,$18,$28,$28,$29,$124,$81,$57,58,$0.52,$0.51,$118,$0,$664,$1869,$161,$0,$1419,$193,$2500,$4369,$1707,$1988,$118,$2403,$4111,$1,$947,$-68,$259,$4369,$57,$83,$104,$186,$18,$0,$0,$28,$-35,$213,$-24,$0,$0,$0,$0,$0,$-225,$-249,$-11,$373,$363,$-279,$-279,$0,$-92,$-8,$-38,$29,$0
38,2009-03-31,36.25,$7.00,5.18,$28.43,1.27,$19.43,1.87,$2.83,12.81,$2.05B,$2.03B,1.01,$1.66B,$0.41B,4.01,$2.01B,$0.67B,33.27%,$2.01B,$0.44B,22.14%,$2.01B,$0.44B,22.14%,$2.01B,$0.60B,30.02%,$2.01B,$0.35B,17.36%,$2.01B,$0.19B,9.23%,$0.19B,$0.41B,31.45%,$0.19B,$-1.00B,-21.46%,$0.19B,$4.50B,4.31%,$0.44B,$2.07B,22.76%,$479,$321,$158,$0,$28,$378,$102,$-31,$70,$27,$43,$43,$28,$141,$102,$61,62,$0.46,$0.45,$322,$0,$654,$2048,$160,$0,$1411,$117,$2452,$4500,$2027,$1661,$113,$2059,$4086,$1,$917,$-50,$414,$4500,$28,$40,$70,$110,$15,$0,$0,$-32,$-73,$71,$-11,$0,$0,$0,$0,$0,$-108,$-119,$130,$244,$374,$-158,$-158,$0,$-1,$215,$165,$18,$0
39,2008-12-31,45.65,$8.71,5.24,$26.87,1.7,$17.95,2.54,$2.99,15.27,$1.93B,$1.95B,0.99,$1.47B,$0.55B,2.69,$2.03B,$0.68B,33.73%,$2.03B,$0.46B,22.77%,$2.03B,$0.46B,22.77%,$2.03B,$0.62B,30.77%,$2.03B,$0.38B,18.72%,$2.03B,$0.21B,10.17%,$0.21B,$0.55B,25.83%,$0.21B,$-0.88B,-30.46%,$0.21B,$4.34B,4.97%,$0.46B,$2.02B,23.52%,$508,$341,$167,$0,$25,$400,$108,$-26,$82,$33,$49,$49,$45,$151,$108,$72,74,$0.68,$0.66,$157,$0,$674,$1925,$168,$0,$1432,$116,$2417,$4342,$1949,$1471,$116,$1845,$3795,$1,$889,$-48,$547,$4342,$206,$161,$79,$240,$-17,$0,$0,$79,$9,$451,$-50,$0,$135,$0,$0,$0,$-598,$-513,$-68,$922,$854,$-876,$-876,$0,$2,$-20,$-109,$54,$0
40,2008-09-30,62.18,$7.80,7.97,$26.44,2.35,$18.13,3.43,$2.62,23.73,$1.24B,$1.01B,1.23,$1.42B,$0.51B,2.77,$2.04B,$0.67B,32.66%,$2.04B,$0.44B,21.38%,$2.04B,$0.44B,21.38%,$2.04B,$0.60B,29.23%,$2.04B,$0.36B,17.80%,$2.04B,$0.20B,9.56%,$0.20B,$0.51B,20.31%,$0.20B,$-0.96B,-36.23%,$0.20B,$4.19B,4.75%,$0.44B,$1.93B,22.76%,$511,$335,$176,$0,$24,$391,$120,$-23,$96,$38,$59,$59,$65,$161,$120,$67,70,$0.96,$0.93,$378,$0,$148,$1243,$177,$0,$1469,$115,$2951,$4194,$1011,$1419,$110,$2670,$3682,$1,$848,$9,$512,$4194,$161,$118,$60,$178,$-15,$0,$0,$329,$249,$578,$-37,$0,$135,$0,$0,$0,$-274,$-176,$-132,$579,$447,$-737,$-737,$0,$8,$-282,$112,$37,$0
41,2008-06-30,55.48,$12.17,4.56,$25.20,2.2,$13.92,3.98,$1.99,27.88,$1.19B,$1.06B,1.13,$0.90B,$0.88B,1.02,$2.02B,$0.66B,32.82%,$2.02B,$0.43B,21.39%,$2.02B,$0.43B,21.39%,$2.02B,$0.59B,29.41%,$2.02B,$0.37B,18.07%,$2.02B,$0.16B,7.87%,$0.16B,$0.88B,14.20%,$0.16B,$-0.61B,-38.31%,$0.16B,$4.13B,3.92%,$0.43B,$1.78B,22.80%,$507,$341,$166,$0,$15,$393,$114,$-14,$100,$38,$62,$62,$47,$149,$114,$77,79,$0.61,$0.60,$208,$0,$206,$1189,$188,$0,$1491,$75,$2940,$4129,$1056,$901,$113,$2193,$3249,$1,$779,$25,$880,$4129,$96,$77,$14,$92,$7,$0,$0,$305,$258,$440,$-29,$0,$90,$0,$0,$0,$-260,$-198,$214,$-106,$109,$-434,$-434,$0,$31,$-295,$-55,$15,$0
42,2008-03-31,46.61,$15.80,2.95,$24.73,1.88,$9.93,4.69,$1.94,24.03,$1.46B,$0.90B,1.62,$0.86B,$1.25B,0.69,$2.00B,$0.66B,33.03%,$2.00B,$0.42B,21.05%,$2.00B,$0.42B,21.05%,$2.00B,$0.59B,29.57%,$2.00B,$0.35B,17.44%,$2.00B,$0.16B,7.82%,$0.16B,$1.25B,13.27%,$0.16B,$-0.25B,-39.85%,$0.16B,$3.93B,3.93%,$0.42B,$2.11B,21.88%,$499,$325,$174,$0,$18,$381,$119,$-17,$101,$39,$63,$63,$49,$162,$119,$79,81,$0.63,$0.61,$241,$0,$354,$1462,$188,$0,$1504,$68,$2470,$3931,$903,$860,$112,$1778,$2681,$1,$732,$24,$1251,$3931,$49,$43,$24,$67,$24,$0,$0,$-83,$-143,$-27,$-14,$0,$0,$0,$0,$0,$87,$73,$57,$-89,$-31,$3,$3,$0,$11,$-17,$24,$6,$0
43,2007-12-31,73.57,$15.20,4.84,$24.29,3.03,$10.51,7.0,$2.03,36.24,$1.99B,$2.02B,0.99,$0.64B,$1.20B,0.54,$1.96B,$0.66B,33.54%,$1.96B,$0.42B,21.51%,$1.96B,$0.42B,21.51%,$1.96B,$0.59B,29.97%,$1.96B,$0.35B,17.94%,$1.96B,$0.16B,8.36%,$0.16B,$1.20B,14.63%,$0.16B,$-0.33B,-34.64%,$0.16B,$4.16B,4.21%,$0.42B,$1.84B,22.61%,$522,$372,$150,$0,$14,$439,$83,$-17,$66,$29,$37,$37,$34,$124,$83,$78,81,$0.44,$0.42,$219,$0,$705,$1993,$193,$0,$1529,$68,$2169,$4162,$2015,$644,$102,$950,$2965,$1,$683,$24,$1197,$4162,$164,$167,$70,$237,$-24,$0,$0,$121,$164,$572,$-117,$0,$-426,$0,$-8,$-8,$-144,$-695,$182,$71,$253,$-88,$-88,$0,$32,$197,$86,$56,$0
44,2007-09-30,75.97,$14.63,5.19,$19.99,3.8,$8.53,8.91,$2.09,36.35,$1.42B,$1.27B,1.12,$0.70B,$1.15B,0.6,$1.62B,$0.63B,38.99%,$1.62B,$0.44B,27.29%,$1.62B,$0.44B,27.29%,$1.62B,$0.60B,37.07%,$1.62B,$0.38B,23.27%,$1.62B,$0.17B,10.52%,$0.17B,$1.15B,15.60%,$0.17B,$-0.46B,-39.44%,$0.17B,$4.02B,4.58%,$0.44B,$1.85B,23.72%,$492,$319,$173,$0,$22,$376,$116,$-18,$98,$37,$61,$61,$29,$159,$116,$78,81,$0.37,$0.36,$215,$0,$117,$1421,$241,$0,$1616,$68,$2598,$4019,$1269,$696,$98,$1598,$2867,$1,$649,$25,$1152,$4019,$130,$126,$68,$194,$-24,$0,$0,$26,$37,$366,$-79,$0,$-438,$0,$0,$0,$-4,$-521,$253,$13,$266,$-88,$-88,$0,$5,$182,$35,$41,$0
45,2007-06-30,75.82,$14.02,5.41,$20.11,3.77,$8.41,9.01,$2.33,32.54,$1.22B,$1.06B,1.15,$0.77B,$1.10B,0.7,$1.63B,$0.61B,37.16%,$1.63B,$0.41B,25.38%,$1.63B,$0.41B,25.38%,$1.63B,$0.56B,34.40%,$1.63B,$0.36B,21.89%,$1.63B,$0.19B,11.65%,$0.19B,$1.10B,17.90%,$0.19B,$-0.52B,-53.86%,$0.19B,$3.78B,5.49%,$0.41B,$1.88B,22.93%,$482,$320,$162,$0,$21,$380,$102,$-19,$83,$32,$52,$52,$44,$145,$102,$78,81,$0.56,$0.55,$143,$0,$120,$1221,$250,$0,$1620,$68,$2555,$3776,$1060,$773,$89,$1613,$2672,$1,$620,$16,$1104,$3776,$101,$83,$18,$100,$-20,$0,$0,$15,$-58,$148,$-48,$0,$-438,$0,$0,$0,$91,$-395,$330,$-38,$292,$-89,$-89,$0,$5,$208,$-37,$24,$0
46,2007-03-31,60.45,$13.11,4.61,$20.11,3.01,$9.63,6.28,$2.33,25.95,$1.15B,$0.98B,1.17,$0.87B,$1.03B,0.84,$1.64B,$0.58B,35.39%,$1.64B,$0.40B,24.10%,$1.64B,$0.40B,24.10%,$1.64B,$0.53B,32.40%,$1.64B,$0.35B,21.17%,$1.64B,$0.19B,11.65%,$0.19B,$1.03B,18.34%,$0.19B,$-0.58B,-71.47%,$0.19B,$3.64B,5.89%,$0.40B,$1.90B,22.75%,$466,$294,$173,$0,$23,$346,$121,$-16,$105,$40,$65,$65,$57,$160,$121,$79,81,$0.72,$0.70,$154,$0,$115,$1147,$242,$0,$1611,$73,$2492,$3638,$979,$869,$91,$1629,$2608,$1,$576,$9,$1031,$3638,$57,$39,$5,$44,$14,$0,$0,$-24,$-75,$29,$-22,$0,$-439,$0,$0,$0,$138,$-323,$427,$-65,$362,$-95,$-95,$0,$2,$269,$-26,$12,$0
47,2006-12-31,61.29,$13.45,4.56,$20.20,3.03,$10.16,6.03,$2.32,26.42,$1.31B,$0.88B,1.49,$0.74B,$1.07B,0.69,$1.65B,$0.55B,33.58%,$1.65B,$0.37B,22.61%,$1.65B,$0.37B,22.61%,$1.65B,$0.50B,30.18%,$1.65B,$0.33B,20.18%,$1.65B,$0.19B,11.52%,$0.19B,$1.07B,18.51%,$0.19B,$-0.16B,-119.50%,$0.19B,$3.40B,6.21%,$0.37B,$1.81B,23.68%,$176,$54,$122,$0,$23,$75,$102,$-11,$90,$34,$56,$56,$40,$135,$102,$80,82,$0.51,$0.48,$180,$0,$92,$1310,$208,$0,$1234,$65,$2094,$3404,$878,$742,$17,$1455,$2332,$1,$528,$9,$1072,$3404,$190,$125,$16,$141,$-51,$0,$0,$52,$59,$398,$-100,$0,$-206,$0,$0,$0,$-166,$-472,$276,$-80,$196,$-97,$-97,$0,$13,$112,$37,$43,$0
