,Date,Stock Price,Book Value per Share,Price to Book Ratio,TTM Sales per Share,Price to Sales Ratio,TTM FCF per Share,Price to FCF Ratio,TTM Net EPS,PE Ratio,Current Assets,Current Liabilities,Current Ratio,Long Term Debt,Shareholder's Equity_x,Debt to Equity Ratio,TTM Revenue_x,TTM Gross Profit,Gross Margin,TTM Revenue_y,TTM Operating Income,Operating Margin,TTM Revenue_x,TTM EBIT,EBIT Margin,TTM Revenue_y,TTM EBITDA,EBITDA Margin,TTM Revenue_x,TTM Pre-Tax Income,Pre-Tax Margin,TTM Revenue_y,TTM Net Income_x,Net Margin,TTM Net Income_y,Shareholder's Equity_y,Return on Equity,TTM Net Income_x,Tangible Equity,Return on Tangible Equity,TTM Net Income_y,Total Assets,Return on Assets,TTM Net Income,LT Investments & Debt,Return on Investment,revenue,cost-goods-sold,gross-profit,research-development-expenses,selling-general-administrative-expenses,operating-expenses,operating-income,total-non-operating-income-expense,pre-tax-income,total-provision-income-taxes,income-after-taxes,income-from-continuous-operations,net-income,ebitda,ebit,basic-shares-outstanding,shares-outstanding,eps-basic-net-earnings-per-share,eps-earnings-per-share-diluted,cash-on-hand,inventory,other-current-assets,total-current-assets,net-property-plant-equipment,long-term-investments,goodwill-intangible-assets-total,other-long-term-assets,total-long-term-assets,total-assets,total-current-liabilities,long-term-debt,other-non-current-liabilities,total-long-term-liabilities,total-liabilities,common-stock-net,retained-earnings-accumulated-deficit,comprehensive-income,total-share-holder-equity,total-liabilities-share-holders-equity,net-income-loss,total-depreciation-amortization-cash-flow,other-non-cash-items,total-non-cash-items,change-in-accounts-receivable,change-in-inventories,change-in-accounts-payable,change-in-assets-liabilities,total-change-in-assets-liabilities,cash-flow-from-operating-activities,net-change-in-property-plant-equipment,net-change-in-intangible-assets,net-acquisitions-divestitures,net-change-in-short-term-investments,net-change-in-long-term-investments,net-change-in-investments-total,investing-activities-other,cash-flow-from-investing-activities,net-long-term-debt,net-current-debt,debt-issuance-retirement-net-total,net-common-equity-issued-repurchased,net-total-equity-issued-repurchased,total-common-preferred-stock-dividends-paid,financial-activities-other,cash-flow-from-financial-activities,net-cash-flow,stock-based-compensation,common-stock-dividends-paid
0,2018-07-31,1.46,$0.63,2.31,$0.15,9.76,$-3.92,0.0,$-1.60,0.0,$0.05B,$0.01B,3.95,$0.00B,$0.03B,0.0,$0.01B,$0.01B,100.00%,$0.01B,$-0.08B,-1100.00%,$0.01B,$-0.08B,-1100.00%,$0.01B,$-0.08B,-1071.43%,$0.01B,$-0.08B,-1071.43%,$0.01B,$-0.07B,-1000.00%,$-0.07B,$0.03B,-163.74%,$-0.07B,$0.03B,-185.43%,$-0.07B,$0.06B,-90.03%,$-0.08B,$0.03B,-180.12%,$1,$0,$1,$11,$4,$15,$-14,$0,$-14,$0,$-14,$-14,$-14,$-14,$-14,$53,53,$-0.27,$-0.27,$40,$0,$0,$48,$8,$0,$5,$0,$13,$61,$12,$0,$0,$16,$28,$0,$-349,$0,$33,$61,$-48,$1,$6,$8,$0,$0,$0,$-6,$-9,$-49,$-1,$-1,$0,$46,$0,$46,$-0,$44,$0,$0,$0,$21,$21,$0,$-0,$21,$16,$6,$0
1,2018-04-30,1.6,$0.86,1.85,$0.20,7.87,$-4.49,0.0,$-2.13,0.0,$0.07B,$0.02B,3.47,$0.00B,$0.05B,0.0,$0.01B,$0.01B,100.00%,$0.01B,$-0.10B,-1066.67%,$0.01B,$-0.10B,-1066.67%,$0.01B,$-0.09B,-1033.33%,$0.01B,$-0.09B,-1044.44%,$0.01B,$-0.09B,-988.89%,$-0.09B,$0.05B,-167.92%,$-0.09B,$0.04B,-185.42%,$-0.09B,$0.08B,-98.61%,$-0.10B,$0.05B,-180.28%,$2,$0,$2,$11,$4,$15,$-14,$0,$-13,$0,$-13,$-13,$-13,$-13,$-14,$50,50,$-0.27,$-0.27,$59,$0,$0,$65,$8,$0,$5,$1,$14,$79,$19,$0,$1,$15,$34,$0,$-335,$0,$45,$79,$-34,$1,$4,$5,$0,$0,$0,$-4,$-2,$-31,$-1,$-1,$0,$37,$0,$37,$-0,$35,$0,$0,$0,$21,$21,$0,$-0,$21,$25,$4,$0
2,2018-01-31,2.96,$0.93,3.19,$0.25,11.69,$-4.74,0.0,$-2.37,0.0,$0.06B,$0.02B,2.96,$0.00B,$0.04B,0.0,$0.01B,$0.01B,100.00%,$0.01B,$-0.10B,-1030.00%,$0.01B,$-0.10B,-1030.00%,$0.01B,$-0.10B,-1000.00%,$0.01B,$-0.10B,-1010.00%,$0.01B,$-0.10B,-960.00%,$-0.10B,$0.04B,-148.26%,$-0.10B,$0.03B,-160.67%,$-0.10B,$0.08B,-91.43%,$-0.10B,$0.04B,-158.46%,$2,$0,$2,$17,$6,$23,$-21,$0,$-20,$0,$-20,$-20,$-20,$-20,$-21,$41,41,$-0.49,$-0.49,$59,$0,$0,$64,$8,$0,$5,$1,$13,$77,$22,$0,$1,$17,$38,$0,$-322,$0,$39,$77,$-20,$0,$3,$3,$0,$0,$0,$-1,$4,$-13,$-1,$-0,$0,$14,$0,$14,$-0,$12,$0,$0,$0,$3,$3,$0,$-0,$3,$2,$3,$0
3,2017-10-31,3.4,$1.32,2.58,$0.30,11.4,$-4.79,0.0,$-2.31,0.0,$0.08B,$0.02B,3.89,$0.00B,$0.05B,0.0,$0.01B,$0.01B,100.00%,$0.01B,$-0.10B,-825.00%,$0.01B,$-0.10B,-825.00%,$0.01B,$-0.10B,-808.33%,$0.01B,$-0.10B,-816.67%,$0.01B,$-0.09B,-775.00%,$-0.09B,$0.05B,-113.76%,$-0.09B,$0.05B,-120.78%,$-0.09B,$0.09B,-75.15%,$-0.10B,$0.05B,-120.36%,$2,$0,$2,$24,$6,$30,$-28,$0,$-28,$-4,$-23,$-23,$-23,$-28,$-28,$41,41,$-0.57,$-0.57,$71,$0,$0,$81,$7,$0,$5,$0,$12,$94,$21,$0,$1,$19,$39,$0,$-301,$0,$54,$94,$-93,$1,$28,$29,$0,$0,$0,$-12,$-13,$-77,$-3,$-1,$0,$-7,$0,$-7,$-1,$-12,$0,$0,$0,$3,$3,$0,$-2,$1,$-89,$28,$0
4,2017-07-31,6.47,$1.81,3.57,$0.36,17.95,$-3.15,0.0,$-2.29,0.0,$0.10B,$0.02B,4.6,$0.00B,$0.07B,0.0,$0.01B,$0.01B,100.00%,$0.01B,$-0.10B,-678.57%,$0.01B,$-0.10B,-678.57%,$0.01B,$-0.09B,-664.29%,$0.01B,$-0.09B,-671.43%,$0.01B,$-0.09B,-657.14%,$-0.09B,$0.07B,-93.88%,$-0.09B,$0.07B,-98.40%,$-0.09B,$0.11B,-64.56%,$-0.10B,$0.08B,-96.45%,$3,$0,$3,$18,$18,$36,$-33,$0,$-33,$0,$-33,$-33,$-33,$-32,$-33,$41,41,$-0.80,$-0.80,$89,$0,$0,$98,$7,$0,$5,$0,$13,$111,$21,$0,$0,$15,$36,$0,$-278,$0,$74,$111,$-70,$1,$25,$26,$0,$0,$0,$-13,$-14,$-59,$-3,$-1,$0,$-35,$0,$-35,$0,$-40,$0,$0,$0,$1,$1,$0,$-0,$1,$-98,$25,$0
5,2017-04-30,8.56,$2.27,3.76,$0.29,30.0,$-2.59,0.0,$-1.97,0.0,$0.13B,$0.03B,4.22,$0.00B,$0.09B,0.0,$0.01B,$0.01B,100.00%,$0.01B,$-0.08B,-718.18%,$0.01B,$-0.08B,-718.18%,$0.01B,$-0.08B,-700.00%,$0.01B,$-0.08B,-700.00%,$0.01B,$-0.08B,-681.82%,$-0.08B,$0.09B,-74.63%,$-0.08B,$0.09B,-77.92%,$-0.08B,$0.14B,-54.55%,$-0.08B,$0.09B,-78.41%,$3,$0,$3,$16,$8,$24,$-21,$0,$-20,$0,$-20,$-20,$-20,$-20,$-21,$40,40,$-0.51,$-0.51,$115,$0,$0,$126,$7,$0,$5,$0,$12,$138,$30,$0,$0,$16,$46,$0,$-245,$0,$92,$138,$-38,$1,$10,$11,$0,$0,$0,$-12,$-7,$-34,$-2,$-1,$0,$-46,$0,$-46,$0,$-49,$0,$0,$0,$0,$0,$0,$-0,$-0,$-83,$10,$0
6,2017-01-31,8.96,$2.67,3.35,$0.20,44.74,$-2.21,0.0,$-1.91,0.0,$0.14B,$0.03B,5.62,$0.00B,$0.11B,0.0,$0.01B,$0.01B,100.00%,$0.01B,$-0.07B,-925.00%,$0.01B,$-0.07B,-925.00%,$0.01B,$-0.07B,-900.00%,$0.01B,$-0.07B,-912.50%,$0.01B,$-0.07B,-887.50%,$-0.07B,$0.11B,-70.12%,$-0.07B,$0.10B,-72.82%,$-0.07B,$0.15B,-55.04%,$-0.07B,$0.11B,-72.91%,$4,$0,$4,$14,$7,$21,$-17,$0,$-17,$0,$-17,$-17,$-17,$-17,$-17,$40,40,$-0.43,$-0.43,$137,$0,$0,$142,$5,$0,$4,$0,$10,$152,$25,$0,$0,$20,$45,$0,$-225,$0,$107,$152,$-17,$0,$5,$5,$0,$0,$0,$-4,$-2,$-14,$-1,$-0,$0,$-40,$0,$-40,$0,$-41,$0,$0,$0,$0,$0,$0,$0,$0,$-55,$5,$0
7,2016-10-31,8.09,$2.98,2.72,$0.11,71.46,$-1.98,0.0,$-2.07,0.0,$0.16B,$0.03B,5.77,$0.00B,$0.12B,0.0,$0.00B,$0.00B,100.00%,$0.00B,$-0.08B,-1925.00%,$0.00B,$-0.08B,-1925.00%,$0.00B,$-0.08B,-1875.00%,$0.00B,$-0.08B,-1900.00%,$0.00B,$-0.07B,-1850.00%,$-0.07B,$0.12B,-73.45%,$-0.07B,$0.12B,-76.09%,$-0.07B,$0.17B,-62.05%,$-0.08B,$0.12B,-76.43%,$4,$0,$4,$17,$11,$28,$-24,$0,$-24,$-3,$-22,$-22,$-22,$-24,$-24,$35,35,$-0.56,$-0.56,$152,$0,$0,$160,$4,$0,$4,$0,$9,$169,$28,$0,$1,$22,$50,$0,$-208,$0,$119,$169,$-74,$1,$23,$24,$0,$0,$0,$33,$40,$-9,$-3,$-1,$0,$6,$0,$6,$0,$2,$0,$0,$0,$56,$56,$0,$-2,$54,$46,$23,$0
8,2016-07-31,8.34,$2.42,3.44,$0.01,0.0,$-2.53,0.0,$-1.89,0.0,$0.08B,$0.01B,12.21,$0.00B,$0.08B,0.0,$0.00B,0,nan%,$0.00B,$-0.07B,inf%,$0.00B,$-0.07B,inf%,$0.00B,$-0.07B,inf%,$0.00B,$-0.07B,inf%,$0.00B,$-0.07B,inf%,$-0.07B,$0.08B,-65.00%,$-0.07B,$0.08B,-67.36%,$-0.07B,$0.09B,-60.75%,$-0.07B,$0.08B,-67.00%,$0,$0,$0,$10,$6,$17,$-17,$0,$-16,$0,$-16,$-16,$-16,$-16,$-17,$34,34,$-0.48,$-0.48,$79,$0,$0,$84,$3,$0,$4,$0,$7,$91,$7,$0,$0,$1,$8,$0,$-186,$0,$84,$91,$-52,$1,$20,$20,$0,$0,$0,$-4,$0,$-31,$-2,$-1,$0,$-4,$0,$-4,$0,$-6,$0,$0,$0,$-0,$-0,$0,$1,$1,$-37,$19,$0
9,2016-04-30,7.74,$2.78,2.79,$0.01,0.0,$-2.07,0.0,$-1.85,0.0,$0.10B,$0.01B,11.08,$0.00B,$0.10B,0.0,$0.00B,0,nan%,$0.00B,$-0.06B,inf%,$0.00B,$-0.06B,inf%,$0.00B,$-0.06B,inf%,$0.00B,$-0.06B,inf%,$0.00B,$-0.06B,inf%,$-0.06B,$0.10B,-60.87%,$-0.06B,$0.09B,-63.00%,$-0.06B,$0.10B,-57.40%,$-0.06B,$0.10B,-61.84%,$0,$0,$0,$9,$7,$16,$-16,$0,$-16,$0,$-16,$-16,$-16,$-15,$-16,$34,34,$-0.45,$-0.45,$95,$0,$0,$99,$2,$0,$4,$0,$6,$104,$9,$0,$0,$0,$9,$0,$-170,$0,$95,$104,$-35,$0,$14,$15,$0,$0,$0,$-3,$4,$-17,$-1,$-0,$0,$-4,$0,$-4,$0,$-5,$0,$0,$0,$-0,$-0,$0,$1,$1,$-22,$14,$0
10,2016-01-31,6.82,$3.10,2.2,$0.01,0.0,$-1.90,0.0,$-1.92,0.0,$0.11B,$0.01B,14.3,$0.00B,$0.11B,0.0,$0.00B,0,nan%,$0.00B,$-0.06B,inf%,$0.00B,$-0.06B,inf%,$0.00B,$-0.06B,inf%,$0.00B,$-0.06B,inf%,$0.00B,$-0.06B,inf%,$-0.06B,$0.11B,-66.67%,$-0.06B,$0.10B,-69.32%,$-0.06B,$0.11B,-63.05%,$-0.06B,$0.11B,-67.76%,$0,$0,$0,$13,$7,$20,$-20,$0,$-20,$0,$-20,$-20,$-20,$-20,$-20,$34,34,$-0.59,$-0.59,$107,$0,$0,$107,$1,$0,$3,$0,$5,$113,$8,$0,$0,$0,$8,$0,$-154,$0,$105,$113,$-20,$0,$9,$10,$0,$0,$0,$0,$5,$-5,$-0,$-0,$0,$-3,$0,$-3,$0,$-3,$0,$0,$0,$-0,$-0,$0,$1,$0,$-8,$10,$0
11,2015-10-31,11.09,$3.44,3.22,0,0.0,$-1.85,0.0,$-1.66,0.0,$0.12B,$0.00B,29.36,$0.00B,$0.12B,0.0,$0.00B,0,nan%,$0.00B,$-0.05B,inf%,$0.00B,$-0.05B,inf%,$0.00B,$-0.05B,inf%,$0.00B,$-0.05B,inf%,$0.00B,$-0.05B,inf%,$-0.05B,$0.12B,-65.75%,$-0.05B,$0.11B,-69.06%,$-0.05B,$0.12B,-62.14%,$-0.05B,$0.12B,-67.12%,$0,$0,$0,$7,$7,$14,$-14,$0,$-14,$0,$-13,$-13,$-13,$-14,$-14,$28,28,$-0.39,$-0.39,$112,$0,$0,$115,$1,$0,$3,$0,$5,$120,$4,$0,$0,$0,$4,$0,$-134,$0,$116,$120,$-47,$0,$22,$22,$0,$0,$0,$-0,$1,$-24,$-1,$-1,$0,$-46,$0,$-46,$0,$-47,$0,$0,$0,$121,$121,$0,$-0,$121,$49,$21,$0
12,2015-07-31,16.66,$3.10,5.38,0,0.0,$-1.89,0.0,$-1.29,0.0,$0.10B,$0.00B,22.04,$0.00B,$0.10B,0.0,$0.00B,0,nan%,$0.00B,$-0.04B,inf%,$0.00B,$-0.04B,inf%,$0.00B,$-0.04B,inf%,$0.00B,$-0.04B,inf%,$0.00B,$-0.04B,inf%,$-0.04B,$0.10B,-77.16%,$-0.04B,$0.09B,-82.61%,$-0.04B,$0.10B,-71.70%,$-0.04B,$0.10B,-81.22%,$0,$0,$0,$7,$6,$14,$-14,$0,$-14,$0,$-14,$-14,$-14,$-14,$-14,$31,31,$-0.44,$-0.44,$97,$0,$0,$99,$0,$0,$3,$0,$4,$102,$4,$0,$0,$0,$5,$0,$-121,$0,$98,$102,$-34,$0,$16,$16,$0,$0,$0,$-0,$3,$-15,$-0,$-1,$0,$0,$0,$0,$0,$-1,$0,$0,$0,$95,$95,$0,$1,$95,$80,$16,$0
13,2015-04-30,16.81,$1.72,9.76,0,0.0,$-2.03,0.0,$-1.15,0.0,$0.05B,$0.00B,12.18,$0.00B,$0.05B,0.0,$0.00B,0,nan%,$0.00B,$-0.03B,inf%,$0.00B,$-0.03B,inf%,$0.00B,$-0.03B,inf%,$0.00B,$-0.03B,inf%,$0.00B,$-0.03B,inf%,$-0.03B,$0.05B,-98.36%,$-0.03B,$0.04B,-108.11%,$-0.03B,$0.05B,-88.24%,$-0.03B,$0.05B,-104.92%,$0,$0,$0,$6,$8,$14,$-14,$-0,$-14,$0,$-14,$-14,$-14,$-14,$-14,$27,27,$-0.52,$-0.52,$46,$0,$0,$49,$0,$0,$3,$0,$3,$52,$4,$0,$0,$0,$4,$0,$-108,$0,$47,$52,$-21,$0,$10,$10,$0,$0,$0,$-1,$2,$-9,$-0,$-0,$0,$0,$0,$0,$0,$-0,$0,$0,$0,$38,$38,$0,$-0,$38,$28,$10,$0
14,2015-01-31,9.85,$1.31,7.54,$0.06,155.13,$-2.16,0.0,$-0.78,0.0,$0.03B,$0.00B,11.08,$0.00B,$0.03B,0.0,$0.00B,$0.00B,100.00%,$0.00B,$-0.02B,-2100.00%,$0.00B,$-0.02B,-2100.00%,$0.00B,$-0.02B,-2100.00%,$0.00B,$-0.02B,-2000.00%,$0.00B,$-0.02B,-1800.00%,$-0.02B,$0.03B,-70.59%,$-0.02B,$0.03B,-78.26%,$-0.02B,$0.04B,-62.61%,$-0.02B,$0.03B,-82.35%,$0,$0,$0,$4,$3,$7,$-7,$-0,$-7,$0,$-7,$-7,$-7,$-7,$-7,$22,22,$-0.33,$-0.33,$31,$0,$0,$32,$0,$0,$3,$0,$3,$35,$3,$0,$0,$0,$3,$0,$-94,$0,$31,$35,$-7,$0,$2,$3,$0,$0,$0,$0,$2,$-2,$0,$-0,$0,$0,$0,$0,$0,$-0,$0,$0,$0,$16,$16,$0,$-0,$16,$13,$2,$0
15,2014-10-31,3.18,$1.05,3.03,$0.06,50.08,$-2.41,0.0,$-0.82,0.0,$0.02B,$0.00B,7.55,$0.00B,$0.02B,0.0,$0.00B,$0.00B,100.00%,$0.00B,$-0.02B,-2000.00%,$0.00B,$-0.02B,-2000.00%,$0.00B,$-0.02B,-2000.00%,$0.00B,$-0.02B,-1900.00%,$0.00B,$-0.02B,-1600.00%,$-0.02B,$0.02B,-74.42%,$-0.02B,$0.02B,-84.21%,$-0.02B,$0.02B,-64.65%,$-0.02B,$0.02B,-93.02%,$0,$0,$0,$3,$2,$5,$-5,$0,$-5,$-2,$-3,$-3,$-3,$-5,$-5,$17,17,$-0.15,$-0.15,$18,$0,$0,$20,$0,$0,$3,$0,$3,$23,$3,$0,$0,$0,$3,$0,$-87,$0,$21,$23,$-17,$0,$5,$5,$0,$0,$0,$-1,$-5,$-16,$-0,$-0,$0,$0,$0,$0,$0,$-0,$0,$-0,$-0,$15,$15,$0,$-1,$14,$-3,$5,$0
16,2014-07-31,2.84,$1.19,2.38,$0.06,44.73,$-3.21,0.0,$-1.79,0.0,$0.02B,$0.00B,8.31,$0.00B,$0.02B,0.0,$0.00B,$0.00B,100.00%,$0.00B,$-0.02B,-1900.00%,$0.00B,$-0.02B,-1900.00%,$0.00B,$-0.02B,-1900.00%,$0.00B,$-0.02B,-2100.00%,$0.00B,$-0.02B,-2000.00%,$-0.02B,$0.02B,-96.39%,$-0.02B,$0.02B,-109.59%,$-0.02B,$0.03B,-80.00%,$-0.02B,$0.02B,-91.57%,$0,$0,$0,$3,$3,$6,$-6,$0,$-6,$0,$-6,$-6,$-6,$-6,$-6,$19,19,$-0.30,$-0.30,$22,$0,$0,$23,$0,$0,$3,$0,$3,$26,$3,$0,$0,$0,$3,$0,$-84,$0,$23,$26,$-13,$0,$4,$4,$0,$0,$0,$-1,$-3,$-12,$-0,$-0,$0,$0,$0,$0,$0,$-0,$0,$-0,$-0,$15,$15,$0,$-1,$14,$2,$5,$0
17,2014-04-30,2.72,$1.44,1.89,$0.06,42.84,$-3.61,0.0,$-1.86,0.0,$0.03B,$0.00B,8.98,$0.00B,$0.03B,0.0,$0.00B,$0.00B,100.00%,$0.00B,$-0.02B,-1600.00%,$0.00B,$-0.02B,-1600.00%,$0.00B,$-0.02B,-1600.00%,$0.00B,$-0.02B,-1700.00%,$0.00B,$-0.02B,-1600.00%,$-0.02B,$0.03B,-120.75%,$-0.02B,$0.03B,-148.84%,$-0.02B,$0.03B,-82.05%,$-0.02B,$0.03B,-118.52%,$1,$0,$1,$2,$2,$4,$-3,$0,$-2,$0,$-2,$-2,$-2,$-3,$-3,$16,16,$-0.15,$-0.15,$28,$0,$0,$28,$0,$0,$3,$0,$3,$31,$3,$0,$0,$0,$3,$0,$-78,$0,$28,$31,$-8,$0,$2,$2,$0,$0,$0,$-0,$-2,$-8,$-0,$-0,$0,$0,$0,$0,$0,$-0,$0,$-0,$-0,$15,$15,$0,$0,$15,$7,$2,$0
18,2014-01-31,4.49,$1.06,4.23,0,0.0,$-3.93,0.0,$-2.96,0.0,$0.02B,$0.00B,4.56,$0.00B,$0.02B,0.0,$0.00B,0,nan%,$0.00B,$-0.02B,inf%,$0.00B,$-0.02B,inf%,$0.00B,$-0.02B,inf%,$0.00B,$-0.02B,inf%,$0.00B,$-0.02B,inf%,$-0.02B,$0.02B,-380.00%,$-0.02B,$0.01B,-844.44%,$-0.02B,$0.02B,-146.15%,$-0.02B,$0.02B,-327.27%,$0,$0,$0,$2,$4,$6,$-6,$0,$-6,$-1,$-5,$-5,$-5,$-6,$-6,$14,14,$-0.37,$-0.37,$16,$0,$0,$16,$0,$0,$2,$0,$3,$19,$4,$0,$1,$1,$4,$0,$-76,$0,$15,$19,$-5,$0,$2,$2,$0,$0,$0,$0,$-1,$-5,$-0,$-0,$0,$0,$0,$0,$0,$-0,$0,$0,$0,$0,$0,$0,$0,$0,$-5,$2,$0
19,2013-10-31,3.74,$1.31,2.85,0,0.0,$-3.89,0.0,$-4.24,0.0,$0.02B,$0.01B,4.22,$0.00B,$0.02B,0.0,$0.00B,0,nan%,$0.00B,$-0.01B,inf%,$0.00B,$-0.01B,inf%,$0.00B,$-0.01B,inf%,$0.00B,$-0.02B,inf%,$0.00B,$-0.02B,inf%,$-0.02B,$0.02B,2666.67%,$-0.02B,$0.02B,615.38%,$-0.02B,$0.02B,-216.22%,$-0.01B,$0.02B,1614090106449585920.00%,$0,$0,$0,$1,$3,$4,$-4,$-3,$-7,$0,$-7,$-7,$-7,$-4,$-4,$5,5,$-0.79,$-0.79,$21,$0,$0,$21,$0,$0,$3,$0,$3,$24,$5,$0,$1,$1,$6,$0,$-70,$0,$18,$24,$-20,$0,$11,$12,$0,$0,$0,$1,$-0,$-9,$-0,$-0,$0,$0,$0,$0,$0,$-0,$2,$-0,$2,$27,$27,$0,$0,$30,$21,$5,$0
20,2013-07-31,3.5,$-1.37,-2.55,0,0.0,$-3.97,0.0,$-3.81,0.0,$0.00B,$0.01B,0.15,$0.00B,$-0.01B,-0.16,$0.00B,0,nan%,$0.00B,$-0.01B,inf%,$0.00B,$-0.01B,inf%,$0.00B,$-0.01B,inf%,$0.00B,$-0.02B,inf%,$0.00B,$-0.02B,inf%,$-0.02B,$-0.01B,222.22%,$-0.02B,$-0.01B,166.67%,$-0.02B,$0.00B,-352.94%,$-0.01B,$-0.01B,200.00%,$0,$0,$0,$1,$2,$3,$-3,$1,$-2,$0,$-2,$-2,$-2,$-3,$-3,$5,5,$-0.37,$-0.37,$0,$0,$0,$1,$0,$0,$3,$0,$3,$4,$9,$1,$1,$2,$11,$0,$-60,$0,$-7,$4,$-13,$0,$6,$6,$0,$0,$0,$-0,$1,$-5,$0,$-0,$0,$0,$0,$0,$0,$-0,$2,$-0,$2,$3,$3,$0,$0,$5,$0,$3,$0
21,2013-04-30,8.75,$-1.37,-6.38,0,0.0,$-4.39,0.0,$-4.63,0.0,$0.00B,$0.01B,0.22,$0.00B,$-0.01B,-0.13,$0.00B,0,nan%,$0.00B,$-0.01B,inf%,$0.00B,$-0.01B,inf%,$0.00B,$-0.01B,inf%,$0.00B,$-0.02B,inf%,$0.00B,$-0.02B,inf%,$-0.02B,$-0.01B,256.00%,$-0.02B,$-0.01B,188.24%,$-0.02B,$0.01B,-376.47%,$-0.01B,$-0.01B,226.09%,$0,$0,$0,$2,$3,$5,$-5,$0,$-5,$0,$-5,$-5,$-5,$-5,$-5,$4,4,$-1.29,$-1.29,$1,$0,$0,$2,$0,$0,$2,$0,$3,$5,$8,$1,$3,$3,$11,$1,$-59,$0,$-6,$5,$-11,$0,$7,$7,$0,$0,$0,$0,$0,$-3,$0,$-0,$0,$0,$0,$0,$0,$-0,$1,$-0,$1,$3,$3,$0,$0,$4,$1,$3,$0
22,2013-01-31,8.75,$-1.99,-4.39,0,0.0,$-4.86,0.0,$-3.38,0.0,$0.00B,$0.01B,0.12,$0.00B,$-0.01B,-0.05,$0.00B,0,nan%,$0.00B,$-0.01B,inf%,$0.00B,$-0.01B,inf%,$0.00B,$-0.01B,inf%,$0.00B,$-0.01B,inf%,$0.00B,$-0.01B,inf%,$-0.01B,$-0.01B,180.65%,$-0.01B,$-0.01B,143.59%,$-0.01B,$0.00B,-350.00%,$-0.01B,$-0.01B,146.67%,$0,$0,$0,$1,$1,$2,$-2,$-4,$-6,$-1,$-6,$-6,$-6,$-2,$-2,$4,4,$-1.65,$-1.65,$0,$0,$0,$1,$0,$0,$2,$0,$3,$4,$8,$0,$3,$4,$12,$0,$-53,$0,$-8,$4,$-6,$0,$5,$5,$0,$0,$0,$0,$-0,$-1,$0,$-0,$0,$0,$0,$0,$0,$-0,$1,$0,$1,$0,$0,$0,$-0,$1,$0,$0,$0
23,2012-10-31,6.25,$-1.89,-3.31,0,0.0,$-5.55,0.0,$-1.73,0.0,$0.00B,$0.01B,0.1,$0.00B,$-0.01B,0.0,$0.00B,0,nan%,$0.00B,$-0.01B,inf%,$0.00B,$-0.01B,inf%,$0.00B,$-0.01B,inf%,$0.00B,$-0.01B,inf%,$0.00B,$-0.01B,inf%,$-0.01B,$-0.01B,152.94%,$-0.01B,$-0.01B,123.81%,$-0.01B,$0.00B,-305.88%,$-0.01B,$-0.01B,141.18%,$0,$0,$0,$1,$1,$2,$-2,$0,$-2,$0,$-2,$-2,$-2,$-2,$-2,$3,3,$-0.05,$-0.05,$0,$0,$0,$1,$0,$0,$2,$0,$3,$4,$9,$0,$0,$0,$10,$0,$-48,$0,$-6,$4,$-12,$2,$-0,$2,$0,$0,$0,$0,$6,$-5,$-0,$-0,$0,$0,$0,$0,$0,$-0,$3,$0,$4,$0,$0,$0,$0,$4,$-1,$1,$0
24,2012-07-31,8.75,$-1.67,-5.25,0,0.0,$-8.75,0.0,$-1.19,0.0,$0.00B,$0.01B,0.01,$0.00B,$-0.01B,0.0,$0.00B,0,nan%,$0.00B,$-0.01B,inf%,$0.00B,$-0.01B,inf%,$0.00B,$-0.01B,inf%,$0.00B,$-0.01B,inf%,$0.00B,$-0.01B,inf%,$-0.01B,$-0.01B,136.59%,$-0.01B,$-0.01B,114.29%,$-0.01B,$0.00B,-311.11%,$-0.01B,$-0.01B,130.00%,$0,$0,$0,$1,$2,$4,$-4,$0,$-3,$0,$-3,$-3,$-3,$-3,$-4,$3,3,$-1.19,$-1.19,$0,$0,$0,$0,$0,$0,$2,$0,$4,$4,$8,$0,$1,$1,$9,$0,$-46,$0,$-5,$4,$-10,$1,$-0,$1,$0,$0,$0,$0,$5,$-4,$-0,$-0,$0,$0,$0,$0,$0,$-0,$0,$2,$3,$0,$0,$0,$0,$3,$-1,$1,$0
25,2012-04-30,16.25,$-5.14,-3.16,0,0.0,$-10.37,0.0,$1.25,13.0,$0.00B,$0.01B,0.01,$0.00B,$-0.01B,-0.01,$0.00B,0,nan%,$0.00B,$-0.01B,inf%,$0.00B,$-0.01B,inf%,$0.00B,$-0.01B,inf%,$0.00B,$-0.01B,inf%,$0.00B,$-0.01B,inf%,$-0.01B,$-0.01B,66.67%,$-0.01B,$-0.01B,57.14%,$-0.01B,$0.00B,-168.42%,$-0.01B,$-0.01B,110.64%,$0,$0,$0,$2,$1,$3,$-3,$1,$-3,$0,$-3,$-3,$-3,$-3,$-3,$2,2,$-1.25,$-1.25,$0,$0,$0,$0,$0,$0,$2,$0,$4,$4,$12,$0,$3,$3,$16,$0,$-42,$0,$-12,$4,$-7,$1,$0,$1,$0,$0,$0,$1,$3,$-3,$-0,$-0,$0,$0,$0,$0,$0,$-0,$1,$0,$1,$0,$0,$0,$1,$2,$-1,$1,$0
26,2012-01-31,18.75,$-4.96,-3.78,0,0.0,$-10.97,0.0,$-5.00,0.0,$0.00B,$0.01B,0.07,$0.00B,$-0.01B,-0.01,$0.00B,0,nan%,$0.00B,$-0.01B,inf%,$0.00B,$-0.01B,inf%,$0.00B,$-0.01B,inf%,$0.00B,$-0.01B,inf%,$0.00B,$-0.02B,inf%,$-0.02B,$-0.01B,103.45%,$-0.02B,$-0.01B,90.91%,$-0.02B,$0.01B,-315.79%,$-0.01B,$-0.01B,91.23%,$0,$0,$0,$2,$1,$3,$-3,$-1,$-5,$-0,$-4,$-4,$-5,$-3,$-3,$2,2,$-2.50,$-2.50,$1,$0,$0,$1,$0,$0,$2,$0,$4,$5,$10,$0,$6,$6,$16,$0,$-39,$0,$-11,$5,$-4,$1,$1,$2,$0,$0,$0,$-0,$0,$-2,$0,$-0,$0,$0,$0,$0,$0,$-0,$1,$-0,$1,$0,$0,$0,$0,$2,$-1,$0,$0
27,2011-10-31,17.5,$-6.28,-2.79,0,0.0,$-11.27,0.0,$-5.00,0.0,$0.00B,$0.01B,0.15,$0.00B,$-0.01B,-0.05,$0.00B,0,nan%,$0.00B,$-0.01B,inf%,$0.00B,$-0.01B,inf%,$0.00B,$-0.01B,inf%,$0.00B,$-0.01B,inf%,$0.00B,$-0.01B,inf%,$-0.01B,$-0.01B,68.97%,$-0.01B,$-0.02B,60.61%,$-0.01B,$0.01B,-235.29%,$-0.01B,$-0.01B,91.23%,$0,$0,$0,$2,$1,$3,$-3,$0,$-3,$0,$-3,$-3,$-3,$-3,$-3,$2,2,$-1.11,$0.14,$1,$0,$0,$2,$-0,$0,$2,$0,$4,$5,$11,$1,$6,$7,$18,$0,$-36,$0,$-13,$5,$-8,$1,$-4,$-3,$0,$0,$0,$-1,$2,$-9,$0,$-0,$0,$0,$0,$0,$0,$-0,$8,$-0,$8,$0,$1,$0,$1,$10,$1,$1,$0
28,2011-07-31,18.75,$-6.34,-2.96,$0.20,92.59,$-11.58,0.0,$-5.54,0.0,$0.00B,$0.01B,0.23,$0.00B,$-0.01B,-0.05,$0.00B,0,nan%,$0.00B,$-0.01B,inf%,$0.00B,$-0.01B,inf%,$0.00B,$-0.01B,inf%,$0.00B,$-0.01B,inf%,$0.00B,$-0.01B,inf%,$-0.01B,$-0.01B,46.67%,$-0.01B,$-0.01B,41.18%,$-0.01B,$0.01B,-186.67%,$-0.01B,$-0.01B,86.67%,$0,$0,$0,$2,$2,$4,$-4,$7,$4,$0,$4,$4,$3,$-3,$-4,$2,2,$2.50,$1.25,$2,$0,$0,$2,$0,$0,$2,$0,$3,$5,$8,$1,$8,$9,$17,$0,$-33,$0,$-12,$5,$-5,$1,$-4,$-4,$0,$0,$0,$-0,$1,$-7,$0,$-0,$0,$0,$0,$0,$0,$-0,$1,$6,$7,$0,$1,$0,$1,$9,$2,$1,$0
29,2011-04-30,26.25,$-12.81,-2.05,$0.32,81.53,$-11.38,0.0,$-5.54,0.0,$0.00B,$0.01B,0.11,$0.00B,$-0.02B,-0.03,$0.00B,0,nan%,$0.00B,$-0.01B,inf%,$0.00B,$-0.01B,inf%,$0.00B,$-0.01B,inf%,$0.00B,$-0.01B,inf%,$0.00B,$-0.01B,inf%,$-0.01B,$-0.02B,47.06%,$-0.01B,$-0.02B,42.11%,$-0.01B,$0.00B,-246.15%,$-0.01B,$-0.02B,64.71%,$0,$0,$0,$2,$1,$3,$-3,$-6,$-10,$0,$-10,$-10,$-10,$-3,$-3,$2,2,$-6.25,$-6.25,$1,$0,$0,$1,$0,$0,$2,$0,$3,$4,$9,$1,$16,$17,$26,$0,$-36,$0,$-22,$4,$-9,$0,$3,$3,$0,$0,$0,$-0,$2,$-3,$0,$-0,$0,$0,$0,$0,$0,$-0,$1,$2,$2,$0,$1,$0,$0,$4,$1,$0,$0
30,2011-01-31,18.75,$-6.61,-2.84,$0.40,46.43,$-12.81,0.0,$-8.04,0.0,$0.00B,$0.01B,0.1,$0.00B,$-0.01B,0.0,$0.00B,0,nan%,$0.00B,$-0.01B,inf%,$0.00B,$-0.01B,inf%,$0.00B,$-0.01B,inf%,$0.00B,$-0.01B,inf%,$0.00B,$-0.01B,inf%,$-0.01B,$-0.01B,41.18%,$-0.01B,$-0.01B,37.33%,$-0.01B,$0.00B,-254.55%,$-0.01B,$-0.01B,58.82%,$0,$0,$0,$2,$1,$3,$-3,$3,$0,$-0,$1,$1,$-0,$-3,$-3,$2,2,$-0.14,$-0.14,$0,$0,$0,$1,$0,$0,$2,$0,$3,$3,$6,$0,$9,$9,$14,$0,$-27,$0,$-11,$3,$1,$0,$-3,$-3,$0,$0,$0,$-0,$0,$-2,$0,$-0,$0,$0,$0,$0,$0,$-0,$0,$1,$1,$0,$1,$0,$-0,$2,$-0,$0,$0
31,2010-10-31,18.75,$-9.34,-2.01,$0.40,46.43,$-12.42,0.0,$-11.79,0.0,$0.00B,$0.01B,0.08,$0.00B,$-0.02B,0.0,$0.00B,0,nan%,$0.00B,$-0.01B,inf%,$0.00B,$-0.01B,inf%,$0.00B,$-0.01B,inf%,$0.00B,$-0.01B,inf%,$0.00B,$-0.01B,inf%,$-0.01B,$-0.02B,59.46%,$-0.01B,$-0.02B,55.00%,$-0.01B,$0.00B,-400.00%,$-0.01B,$-0.02B,48.65%,$0,$0,$0,$2,$1,$3,$-3,$3,$0,$0,$0,$0,$0,$-3,$-3,$1,1,$2.50,$2.50,$0,$0,$0,$0,$0,$0,$2,$0,$2,$3,$5,$0,$13,$13,$18,$0,$-27,$0,$-15,$3,$-11,$1,$3,$4,$-0,$0,$0,$-0,$0,$-6,$-0,$-1,$0,$0,$0,$0,$0,$-1,$0,$-1,$-0,$0,$7,$0,$0,$7,$-1,$1,$0
32,2010-07-31,21.25,$-14.49,-1.47,$0.24,89.13,$-9.24,0.0,$-10.00,0.0,$0.00B,$0.00B,0.02,$0.00B,$-0.02B,0.0,$0.00B,0,nan%,$0.00B,$-0.01B,inf%,$0.00B,$-0.01B,inf%,$0.00B,$-0.01B,inf%,$0.00B,$-0.01B,inf%,$0.00B,$-0.01B,inf%,$-0.01B,$-0.02B,53.33%,$-0.01B,$-0.02B,50.00%,$-0.01B,$0.00B,-363.64%,$-0.01B,$-0.02B,42.67%,$0,$0,$0,$1,$1,$2,$-2,$4,$2,$0,$2,$2,$2,$-2,$-2,$1,1,$1.25,$1.25,$0,$0,$0,$0,$0,$0,$2,$0,$2,$3,$4,$0,$18,$18,$22,$0,$-28,$0,$-20,$3,$-11,$1,$6,$7,$0,$0,$0,$-0,$0,$-4,$-0,$-1,$0,$0,$0,$0,$0,$-1,$0,$-0,$-0,$0,$4,$0,$0,$4,$-1,$0,$0
33,2010-04-30,27.5,$-19.23,-1.43,$0.11,243.1,$-7.68,0.0,$-11.25,0.0,$0.00B,$0.01B,0.04,$0.00B,$-0.02B,0.0,$0.00B,0,nan%,$0.00B,$-0.01B,inf%,$0.00B,$-0.01B,inf%,$0.00B,$-0.01B,inf%,$0.00B,$-0.01B,inf%,$0.00B,$-0.01B,inf%,$-0.01B,$-0.02B,69.57%,$-0.01B,$-0.02B,65.75%,$-0.01B,$0.00B,-480.00%,$-0.01B,$-0.02B,40.58%,$0,$0,$0,$1,$1,$2,$-2,$-7,$-9,$0,$-9,$-9,$-9,$-1,$-2,$1,1,$-8.75,$-8.75,$0,$0,$0,$0,$0,$0,$1,$0,$2,$2,$8,$0,$16,$16,$24,$0,$-30,$0,$-22,$2,$-13,$1,$10,$11,$0,$0,$0,$-0,$-1,$-4,$-0,$-0,$0,$0,$0,$0,$0,$-0,$0,$-0,$-0,$0,$3,$0,$0,$3,$-0,$0,$0
34,2010-01-31,17.5,$-16.59,-1.05,$0.03,560.13,$-4.78,0.0,$-3.75,0.0,$0.00B,$0.01B,0.16,$0.00B,$-0.02B,0.0,$0.00B,0,nan%,$0.00B,$-0.01B,inf%,$0.00B,$-0.01B,inf%,$0.00B,$-0.01B,inf%,$0.00B,$-0.00B,inf%,$0.00B,$-0.00B,inf%,$-0.00B,$-0.02B,33.33%,$-0.00B,$-0.02B,30.19%,$-0.00B,$0.00B,-177.78%,$-0.01B,$-0.02B,50.00%,$0,$0,$0,$1,$1,$2,$-2,$-3,$-4,$-0,$-4,$-4,$-4,$-1,$-2,$1,1,$-3.75,$-3.75,$1,$0,$0,$1,$0,$0,$1,$0,$2,$3,$7,$0,$13,$13,$20,$0,$-21,$0,$-17,$3,$-4,$0,$3,$3,$0,$0,$0,$-0,$0,$-1,$-0,$-0,$0,$0,$0,$0,$0,$-0,$0,$0,$0,$0,$1,$0,$0,$1,$0,$0,$0
35,2009-10-31,16.25,$-17.01,-0.96,$0.03,520.12,$-3.50,0.0,0,0.0,$0.00B,$0.01B,0.11,$0.00B,$-0.02B,0.0,$0.00B,0,nan%,$0.00B,$-0.01B,inf%,$0.00B,$-0.01B,inf%,$0.00B,$-0.01B,inf%,$0.00B,$-0.00B,inf%,$0.00B,0,nan%,$0.00B,$-0.02B,0.00%,$0.00B,$-0.02B,0.00%,$0.00B,$0.00B,0.00%,$-0.01B,$-0.02B,62.50%,$0,$0,$0,$1,$1,$2,$-2,$3,$1,$0,$1,$1,$1,$-2,$-2,$1,1,$2.50,$2.50,$1,$0,$0,$1,$0,$0,$1,$0,$2,$3,$6,$0,$12,$12,$18,$0,$-17,$0,$-16,$3,$1,$0,$-5,$-4,$0,$0,$1,$0,$1,$-2,$0,$-0,$0,$0,$0,$0,$0,$-0,$0,$3,$3,$0,$0,$0,$-0,$3,$1,$1,$0
36,2009-07-31,11.25,$-14.74,-0.76,$-0.01,0.0,$-6.14,0.0,$-2.50,0.0,$0.00B,$0.00B,0.02,$0.00B,$-0.01B,0.0,$0.00B,0,nan%,$0.00B,$-0.00B,inf%,$0.00B,$-0.00B,inf%,$0.00B,$-0.00B,inf%,$0.00B,$-0.00B,inf%,$0.00B,$-0.00B,inf%,$-0.00B,$-0.01B,47.06%,$-0.00B,$-0.02B,36.36%,$-0.00B,$0.00B,-133.33%,$-0.00B,$-0.01B,94.12%,$-0,$0,$-0,$0,$1,$1,$-1,$2,$0,$0,$0,$0,$0,$-1,$-1,$1,1,$0.00,$0.00,$0,$0,$0,$0,$0,$0,$1,$0,$2,$2,$4,$0,$11,$11,$15,$0,$-18,$0,$-14,$2,$-0,$0,$-1,$-1,$0,$0,$0,$-0,$0,$-1,$0,$-0,$0,$0,$0,$0,$0,$-0,$0,$1,$1,$0,$0,$0,$0,$1,$-0,$0,$0
37,2009-04-30,6.25,$-1.45,-4.31,$0.03,215.83,$-8.86,0.0,$-2.50,0.0,$0.00B,$0.00B,0.03,$0.00B,$-0.00B,0.0,$0.00B,0,nan%,$0.00B,$-0.00B,inf%,$0.00B,$-0.00B,inf%,$0.00B,$-0.00B,inf%,$0.00B,$-0.00B,inf%,$0.00B,$-0.00B,inf%,$-0.00B,$-0.00B,400.00%,$-0.00B,$-0.00B,150.00%,$-0.00B,$0.00B,-200.00%,$-0.00B,$-0.00B,533.33%,$0,$0,$0,$0,$0,$1,$-1,$-0,$-1,$0,$-1,$-1,$-1,$-1,$-1,$1,1,$-1.25,$-1.25,$0,$0,$0,$0,$0,$0,$1,$0,$1,$1,$3,$0,$0,$0,$3,$0,$-18,$0,$-1,$1,$-1,$0,$0,$0,$0,$0,$0,$-0,$0,$-0,$0,$-0,$0,$0,$0,$0,$0,$-0,$0,$0,$0,$0,$0,$0,$0,$0,$-0,$0,$0
38,2009-01-31,5.0,$-0.62,-8.1,$0.05,100.58,$-11.39,0.0,$-1.25,0.0,$0.00B,$0.00B,0.11,$0.00B,$-0.00B,-0.0,$0.00B,0,nan%,$0.00B,$-0.01B,inf%,$0.00B,$-0.01B,inf%,$0.00B,$-0.01B,inf%,$0.00B,$-0.01B,inf%,$0.00B,$-0.00B,inf%,$-0.00B,$-0.00B,1600.00%,$-0.00B,$-0.00B,320.00%,$-0.00B,$0.00B,-200.00%,$-0.01B,$-0.00B,2000.00%,$0,$0,$0,$0,$1,$1,$-1,$-0,$-1,$-1,$0,$0,$0,$-1,$-1,$1,1,$0.00,$0.00,$0,$0,$0,$0,$0,$0,$1,$0,$1,$2,$2,$0,$0,$0,$2,$0,$-17,$0,$-1,$2,$0,$0,$0,$0,$0,$0,$0,$0,$0,$0,$0,$-0,$0,$0,$0,$0,$0,$-0,$0,$-0,$-0,$0,$0,$0,$0,$-0,$0,$0,$0
39,2008-10-31,5.0,$-0.96,-5.21,$0.08,66.1,$-13.00,0.0,$-1.25,0.0,$0.00B,$0.00B,0.05,$0.00B,$-0.00B,-0.01,$0.00B,0,nan%,$0.00B,$-0.01B,inf%,$0.00B,$-0.01B,inf%,$0.00B,$-0.01B,inf%,$0.00B,$-0.01B,inf%,$0.00B,$-0.01B,inf%,$-0.01B,$-0.00B,-666.67%,$-0.01B,$-0.00B,2000.00%,$-0.01B,$0.00B,-200.00%,$-0.01B,$-0.00B,-666.67%,$-0,$0,$-0,$0,$1,$1,$-1,$-0,$-1,$0,$-1,$-1,$-1,$-1,$-1,$1,1,$-2.50,$-2.50,$0,$0,$0,$0,$0,$0,$1,$0,$1,$1,$2,$0,$0,$0,$2,$0,$-18,$0,$-1,$1,$-5,$0,$0,$1,$0,$0,$0,$0,$1,$-4,$-0,$-0,$0,$0,$0,$0,$0,$-0,$0,$0,$0,$-0,$-0,$0,$0,$0,$-4,$0,$0
40,2008-07-31,7.5,$0.33,22.7,$0.08,95.24,$-19.66,0.0,0,0.0,$0.00B,$0.00B,0.26,$0.00B,$0.00B,0.03,$0.00B,0,nan%,$0.00B,$-0.01B,inf%,$0.00B,$-0.01B,inf%,$0.00B,$-0.01B,inf%,$0.00B,$-0.00B,inf%,$0.00B,$-0.00B,inf%,$-0.00B,$0.00B,-200.00%,$-0.00B,$-0.00B,-400.00%,$-0.00B,$0.00B,-114.29%,$-0.01B,$0.00B,-250.00%,$0,$0,$0,$1,$1,$1,$-1,$0,$-1,$0,$-1,$-1,$-1,$-1,$-1,$1,1,$-1.25,$-1.25,$0,$0,$0,$0,$0,$0,$1,$0,$1,$2,$1,$0,$0,$0,$1,$0,$-16,$0,$0,$2,$-4,$0,$0,$0,$0,$0,$0,$0,$0,$-4,$-0,$-0,$0,$0,$0,$0,$0,$-0,$0,$-0,$-0,$-0,$-0,$0,$0,$-0,$-4,$0,$0
41,2008-04-30,18.75,$1.69,11.12,$0.05,401.61,$-21.24,0.0,0,0.0,$0.00B,$0.00B,1.15,$0.00B,$0.00B,0.01,$0.00B,0,nan%,$0.00B,$-0.01B,inf%,$0.00B,$-0.01B,inf%,$0.00B,$-0.01B,inf%,$0.00B,$-0.00B,inf%,$0.00B,$-0.00B,inf%,$-0.00B,$0.00B,-200.00%,$-0.00B,$0.00B,inf%,$-0.00B,$0.00B,-61.54%,$-0.01B,$0.00B,-285.71%,$0,$0,$0,$1,$1,$2,$-2,$0,$-2,$0,$-2,$-2,$-2,$-2,$-2,$1,1,$-1.25,$-1.25,$1,$0,$0,$1,$0,$0,$1,$0,$1,$3,$1,$0,$0,$0,$1,$0,$-15,$0,$1,$3,$-3,$0,$0,$0,$0,$0,$0,$0,$0,$-3,$-0,$-0,$0,$0,$0,$0,$0,$-0,$0,$-0,$-0,$-0,$-0,$0,$0,$-0,$-3,$0,$0
42,2008-01-31,18.75,$3.29,5.7,$0.05,386.39,$-23.51,0.0,0,0.0,$0.00B,$0.00B,2.18,$0.00B,$0.00B,0.01,$0.00B,0,nan%,$0.00B,$-0.01B,inf%,$0.00B,$-0.01B,inf%,$0.00B,$-0.00B,inf%,$0.00B,$-0.00B,inf%,$0.00B,$-0.00B,inf%,$-0.00B,$0.00B,600.00%,$-0.00B,$0.00B,200.00%,$-0.00B,$0.00B,-100.00%,$-0.01B,$0.00B,-400.00%,$0,$0,$0,$1,$1,$1,$-1,$0,$-1,$0,$-1,$-1,$-1,$-1,$-1,$1,1,$-1.25,$-1.25,$3,$0,$0,$3,$0,$0,$1,$0,$1,$4,$1,$0,$0,$0,$1,$0,$-14,$0,$3,$4,$-1,$0,$0,$0,$0,$0,$0,$0,$0,$-1,$-0,$-0,$0,$0,$0,$0,$0,$-0,$0,$-0,$-0,$-0,$-0,$0,$0,$-0,$-1,$0,$0
43,2007-10-31,25.0,$4.94,5.06,$0.47,53.56,$-24.57,0.0,0,0.0,$0.00B,$0.00B,3.62,$0.00B,$0.00B,0.01,$0.00B,0,nan%,$0.00B,$-0.01B,inf%,$0.00B,$-0.01B,inf%,$0.00B,$-0.00B,inf%,$0.00B,$-0.00B,inf%,$0.00B,$-0.00B,inf%,$-0.00B,$0.00B,160.00%,$-0.00B,$0.00B,100.00%,$-0.00B,$0.01B,-100.00%,$-0.01B,$0.00B,-1000.00%,$0,$0,$0,$1,$0,$1,$-1,$1,$-0,$0,$-0,$-0,$-0,$-1,$-1,$0,0,$0.00,$0.00,$4,$0,$0,$4,$0,$0,$1,$0,$1,$5,$1,$0,$0,$0,$1,$0,$-12,$0,$4,$5,$-2,$0,$-2,$-1,$0,$0,$0,$-0,$-0,$-4,$-0,$-0,$0,$0,$0,$0,$0,$-0,$-2,$1,$-2,$7,$7,$0,$0,$6,$1,$1,$0
44,2007-07-31,31.25,$-11.49,-2.72,$0.47,66.95,$-17.24,0.0,0,0.0,$0.00B,$0.00B,0.11,$0.00B,$-0.00B,-0.71,$0.00B,0,nan%,$0.00B,$-0.01B,inf%,$0.00B,$-0.01B,inf%,$0.00B,$-0.00B,inf%,$0.00B,$-0.00B,inf%,$0.00B,$-0.00B,inf%,$-0.00B,$-0.00B,133.33%,$-0.00B,$-0.01B,109.09%,$-0.00B,$0.00B,-400.00%,$-0.01B,$-0.00B,1000.00%,$0,$0,$0,$0,$0,$1,$-1,$2,$1,$0,$1,$1,$1,$-1,$-1,$0,0,$2.50,$2.50,$0,$0,$0,$0,$0,$0,$1,$0,$1,$1,$1,$3,$1,$4,$6,$0,$-12,$0,$-4,$1,$-2,$0,$-1,$-1,$0,$0,$0,$0,$0,$-2,$-0,$-0,$0,$0,$0,$0,$0,$-0,$0,$-0,$-0,$0,$0,$0,$0,$-0,$-3,$1,$0
45,2007-04-30,42.5,$-14.42,-2.95,$0.69,61.87,$-14.85,0.0,0,0.0,$0.00B,$0.00B,0.8,$0.01B,$-0.01B,-0.89,$0.00B,0,nan%,$0.00B,$-0.01B,inf%,$0.00B,$-0.01B,inf%,$0.00B,$-0.00B,inf%,$0.00B,$-0.01B,inf%,$0.00B,$-0.01B,inf%,$-0.01B,$-0.01B,400.00%,$-0.01B,$-0.01B,333.33%,$-0.01B,$0.00B,-1000.00%,$-0.01B,$-0.00B,2000.00%,$0,$0,$0,$1,$1,$2,$-2,$-2,$-3,$0,$-3,$-3,$-3,$-1,$-2,$0,0,$-8.75,$-8.75,$1,$0,$0,$1,$0,$0,$1,$0,$1,$2,$1,$5,$1,$6,$7,$0,$-13,$0,$-5,$2,$-3,$0,$1,$1,$0,$0,$-0,$0,$-0,$-2,$-0,$-0,$0,$0,$0,$0,$0,$-0,$0,$-0,$-0,$0,$0,$0,$0,$-0,$-2,$1,$0
