,Date,Stock Price,Book Value per Share,Price to Book Ratio,TTM Sales per Share,Price to Sales Ratio,TTM FCF per Share,Price to FCF Ratio,TTM Net EPS,PE Ratio,Current Assets,Current Liabilities,Current Ratio,Long Term Debt,Shareholder's Equity_x,Debt to Equity Ratio,TTM Revenue_x,TTM Gross Profit,Gross Margin,TTM Revenue_y,TTM Operating Income,Operating Margin,TTM Revenue_x,TTM EBIT,EBIT Margin,TTM Revenue_y,TTM EBITDA,EBITDA Margin,TTM Revenue_x,TTM Pre-Tax Income,Pre-Tax Margin,TTM Revenue_y,TTM Net Income_x,Net Margin,TTM Net Income_y,Shareholder's Equity_y,Return on Equity,TTM Net Income_x,Tangible Equity,Return on Tangible Equity,TTM Net Income_y,Total Assets,Return on Assets,TTM Net Income,LT Investments & Debt,Return on Investment,revenue,cost-goods-sold,gross-profit,research-development-expenses,selling-general-administrative-expenses,operating-expenses,operating-income,total-non-operating-income-expense,pre-tax-income,total-provision-income-taxes,income-after-taxes,income-from-continuous-operations,net-income,ebitda,ebit,basic-shares-outstanding,shares-outstanding,eps-basic-net-earnings-per-share,eps-earnings-per-share-diluted,cash-on-hand,inventory,other-current-assets,total-current-assets,net-property-plant-equipment,long-term-investments,goodwill-intangible-assets-total,other-long-term-assets,total-long-term-assets,total-assets,total-current-liabilities,long-term-debt,other-non-current-liabilities,total-long-term-liabilities,total-liabilities,common-stock-net,retained-earnings-accumulated-deficit,comprehensive-income,total-share-holder-equity,total-liabilities-share-holders-equity,net-income-loss,total-depreciation-amortization-cash-flow,other-non-cash-items,total-non-cash-items,change-in-accounts-receivable,change-in-inventories,change-in-accounts-payable,change-in-assets-liabilities,total-change-in-assets-liabilities,cash-flow-from-operating-activities,net-change-in-property-plant-equipment,net-change-in-intangible-assets,net-acquisitions-divestitures,net-change-in-short-term-investments,net-change-in-long-term-investments,net-change-in-investments-total,investing-activities-other,cash-flow-from-investing-activities,net-long-term-debt,net-current-debt,debt-issuance-retirement-net-total,net-common-equity-issued-repurchased,net-total-equity-issued-repurchased,total-common-preferred-stock-dividends-paid,financial-activities-other,cash-flow-from-financial-activities,net-cash-flow,stock-based-compensation,common-stock-dividends-paid
0,2017-12-31,6.0,$10.16,0.59,$14.26,0.42,$-0.33,0.0,$1.28,4.68,$33.88B,$367.00B,0.09,$16.28B,$27.24B,0.6,$37.27B,$-18.15B,-48.70%,$37.27B,$3.50B,9.39%,$37.27B,$3.50B,9.39%,$37.27B,$3.50B,9.39%,$37.27B,$2.86B,7.68%,$37.27B,$2.64B,7.09%,$2.64B,$27.24B,9.70%,$2.64B,$25.40B,10.43%,$2.64B,$447.51B,0.58%,$3.50B,$43.52B,7.89%,$10352,$10859,$-507,$0,$0,$9207,$1145,$-374,$773,$-483,$1256,$1256,$1177,$1145,$1145,$2617,2617,$0.30,$0.30,$12171,$0,$0,$33875,$0,$376262,$1846,$35438,$413636,$447512,$366999,$16275,$35833,$53271,$420269,$9102,$15716,$0,$27242,$447512,$2864,$883,$-209,$674,$0,$0,$-1682,$-514,$-2196,$625,$-76,$-37,$-1385,$0,$0,$0,$146,$-1352,$1415,$0,$1415,$-298,$-298,$-332,$-198,$587,$-363,$0,$-332
1,2017-09-30,5.51,$0.00,0.0,$13.86,0.4,$0.83,6.63,$0.99,5.57,$36.88B,$379.21B,0.1,$18.18B,$28.11B,0.65,$36.25B,$-11.24B,-31.01%,$36.25B,$2.89B,7.98%,$36.25B,$2.89B,7.98%,$36.25B,$2.89B,7.98%,$36.25B,$2.47B,6.80%,$36.25B,$1.75B,4.84%,$1.75B,$28.11B,6.46%,$1.75B,$26.13B,6.96%,$1.75B,$466.82B,0.38%,$2.89B,$46.28B,6.56%,$8936,$14722,$-5786,$0,$0,$8112,$824,$-110,$713,$163,$550,$550,$551,$824,$824,$2644,2644,$0.26,$0.26,$13912,$0,$0,$36884,$0,$391114,$1977,$36848,$429939,$466823,$379213,$18177,$41327,$59504,$438717,$9465,$15979,$0,$28106,$466823,$0,$0,$0,$0,$0,$0,$0,$0,$0,$162,$-66,$-8,$-1194,$0,$0,$0,$0,$-1268,$2500,$0,$2500,$2,$2,$-346,$0,$2156,$831,$0,$-346
2,2017-06-30,4.61,$0.00,0.0,$14.02,0.33,$2.04,2.26,$0.91,5.07,$36.11B,$364.46B,0.1,$17.19B,$26.63B,0.65,$36.53B,$-15.63B,-42.80%,$36.53B,$2.67B,7.30%,$36.53B,$2.67B,7.30%,$36.53B,$2.67B,7.30%,$36.53B,$2.31B,6.32%,$36.53B,$1.56B,4.28%,$1.56B,$26.63B,5.76%,$1.56B,$24.77B,6.21%,$1.56B,$445.05B,0.34%,$2.67B,$43.82B,6.16%,$9247,$13794,$-4547,$0,$0,$8350,$896,$-75,$821,$239,$582,$582,$549,$896,$896,$2600,2600,$0.28,$0.28,$14167,$0,$0,$36109,$0,$374802,$1857,$32278,$408936,$445047,$364455,$17194,$36770,$53963,$418417,$8877,$15272,$0,$26630,$445047,$0,$0,$0,$0,$0,$0,$0,$0,$0,$801,$-40,$-4,$-1127,$0,$0,$0,$0,$-1172,$2361,$0,$2361,$2,$2,$-157,$0,$2205,$1682,$0,$-157
3,2017-03-31,4.37,$0.00,0.0,$14.07,0.31,$2.88,1.52,$0.40,10.94,$23.32B,$366.73B,0.06,$16.83B,$27.00B,0.62,$36.74B,$-17.24B,-46.93%,$36.74B,$2.20B,6.00%,$36.74B,$2.20B,6.00%,$36.74B,$2.20B,6.00%,$36.74B,$1.08B,2.94%,$36.74B,$0.54B,1.48%,$0.54B,$27.00B,1.96%,$0.54B,$25.03B,2.11%,$0.54B,$453.41B,0.12%,$2.20B,$43.82B,5.10%,$8734,$16044,$-7310,$0,$0,$8100,$634,$-77,$557,$155,$403,$403,$366,$634,$634,$2594,2594,$0.18,$0.18,$11762,$0,$0,$23323,$0,$387997,$1962,$40126,$430085,$453407,$366730,$16826,$42855,$59681,$426411,$22918,$0,$0,$26996,$453407,$0,$0,$0,$0,$0,$0,$0,$0,$0,$-2235,$-22,$-1,$-83,$0,$0,$0,$0,$-107,$2075,$0,$2075,$0,$0,$0,$-38,$2037,$-332,$0,$0
4,2016-12-31,4.72,$10.13,0.47,$14.17,0.33,$4.90,0.96,$0.30,15.72,$24.96B,$381.87B,0.07,$15.40B,$26.94B,0.57,$37.24B,$-12.72B,-34.15%,$37.24B,$1.84B,4.93%,$37.24B,$1.84B,4.93%,$37.24B,$1.84B,4.93%,$37.24B,$0.68B,1.81%,$37.24B,$0.34B,0.90%,$0.34B,$26.94B,1.19%,$0.34B,$24.92B,1.28%,$0.34B,$470.78B,0.07%,$1.84B,$42.34B,4.29%,$9335,$2934,$6401,$0,$0,$8796,$539,$-162,$375,$14,$361,$361,$288,$539,$539,$2623,2623,$0.10,$0.10,$12557,$0,$0,$24959,$0,$400365,$2014,$43339,$445814,$470775,$381867,$15404,$44133,$61973,$443840,$9066,$15655,$0,$26936,$470775,$675,$1337,$2702,$4039,$0,$0,$-222,$-1493,$-1715,$3673,$-73,$-24,$-1320,$0,$0,$0,$225,$-1193,$709,$0,$709,$-689,$-689,$-339,$-197,$-515,$1940,$0,$-339
5,2016-09-30,3.29,$0.00,0.0,$13.43,0.25,$3.87,0.85,$0.28,11.76,$24.68B,$376.10B,0.07,$15.15B,$27.85B,0.54,$35.49B,$-17.95B,-50.59%,$35.49B,$2.10B,5.91%,$35.49B,$2.10B,5.91%,$35.49B,$2.10B,5.91%,$35.49B,$1.02B,2.86%,$35.49B,$0.75B,2.12%,$0.75B,$27.85B,2.58%,$0.75B,$25.92B,2.77%,$0.75B,$474.70B,0.16%,$2.10B,$43.00B,4.82%,$9210,$19388,$-10178,$0,$0,$8613,$597,$-41,$557,$157,$400,$400,$359,$597,$597,$2605,2605,$0.14,$0.14,$12629,$0,$0,$24683,$0,$399950,$1925,$48143,$450018,$474701,$376104,$15154,$55595,$70749,$446853,$9143,$17164,$0,$27848,$474701,$0,$0,$0,$0,$0,$0,$0,$0,$0,$3290,$-45,$-17,$-785,$0,$0,$0,$0,$-846,$541,$0,$541,$-564,$-564,$-340,$0,$-363,$1905,$0,$-340
6,2016-06-30,3.19,$0.00,0.0,$12.97,0.25,$3.01,1.06,$-0.20,0.0,$23.91B,$376.35B,0.06,$14.50B,$29.12B,0.5,$34.54B,$-0.13B,-0.37%,$34.54B,$1.79B,5.18%,$34.54B,$1.79B,5.18%,$34.54B,$1.79B,5.18%,$34.54B,$-0.18B,-0.51%,$34.54B,$-0.19B,-0.55%,$-0.19B,$29.12B,-0.63%,$-0.19B,$27.08B,-0.68%,$-0.19B,$480.98B,-0.04%,$1.79B,$43.62B,4.04%,$9459,$15614,$-6155,$0,$0,$9027,$433,$-843,$-409,$26,$-435,$-435,$-469,$433,$433,$2618,2618,$-0.17,$-0.17,$11840,$0,$0,$23911,$0,$402435,$2039,$52600,$457073,$480984,$376352,$14501,$61009,$75509,$451860,$9385,$18013,$0,$29123,$480984,$0,$0,$0,$0,$0,$0,$0,$0,$0,$2987,$-32,$-15,$-835,$0,$0,$0,$0,$-881,$-347,$0,$-347,$-453,$-453,$-171,$0,$-969,$988,$0,$-171
7,2016-03-31,4.1,$0.00,0.0,$12.61,0.33,$2.02,2.04,$0.19,21.6,$23.39B,$368.65B,0.06,$12.76B,$29.43B,0.43,$33.79B,$13.55B,40.10%,$33.79B,$1.81B,5.36%,$33.79B,$1.81B,5.36%,$33.79B,$1.81B,5.36%,$33.79B,$0.65B,1.92%,$33.79B,$0.63B,1.87%,$0.63B,$29.43B,2.06%,$0.63B,$27.42B,2.22%,$0.63B,$457.39B,0.13%,$1.81B,$42.18B,3.98%,$9238,$12026,$-2788,$0,$0,$8970,$268,$-117,$152,$-7,$159,$159,$158,$268,$268,$2669,2669,$0.06,$0.06,$11712,$0,$0,$23392,$0,$392607,$2002,$39389,$433998,$457389,$368652,$12756,$46553,$59309,$427962,$9253,$17988,$0,$29427,$457389,$0,$0,$0,$0,$0,$0,$0,$0,$0,$3088,$-9,$-9,$25,$0,$0,$0,$0,$7,$-1629,$0,$-1629,$-221,$-221,$0,$0,$-1850,$1084,$0,$0
8,2015-12-31,4.23,$11.18,0.38,$12.95,0.33,$1.98,2.14,$0.28,15.11,$23.15B,$381.79B,0.06,$14.66B,$30.53B,0.48,$34.74B,$4.97B,14.32%,$34.74B,$2.13B,6.14%,$34.74B,$2.13B,6.14%,$34.74B,$2.13B,6.14%,$34.74B,$0.97B,2.79%,$34.74B,$0.79B,2.27%,$0.79B,$30.53B,2.45%,$0.79B,$28.19B,2.65%,$0.79B,$463.23B,0.16%,$2.13B,$45.19B,4.43%,$7578,$6409,$1169,$0,$0,$6779,$799,$-84,$716,$88,$628,$628,$705,$799,$799,$2685,2685,$0.20,$0.20,$10653,$0,$0,$23153,$0,$402528,$2343,$35180,$440078,$463231,$381789,$14662,$33178,$50910,$432698,$9313,$18690,$0,$30533,$463231,$969,$1560,$4681,$6242,$0,$0,$-3846,$-2853,$-6699,$1015,$-91,$-58,$747,$0,$0,$0,$84,$683,$-2326,$0,$-2326,$-235,$-235,$-324,$-207,$-3092,$-1173,$0,$-324
9,2015-09-30,4.29,$0.00,0.0,$14.34,0.3,$4.19,1.02,$0.27,15.89,$21.99B,$371.89B,0.06,$15.21B,$31.05B,0.49,$36.04B,$-4.92B,-13.64%,$36.04B,$14.16B,39.28%,$36.04B,$14.16B,39.28%,$36.04B,$14.16B,39.28%,$36.04B,$0.15B,0.42%,$36.04B,$0.54B,1.50%,$0.54B,$31.05B,1.59%,$0.54B,$28.84B,1.72%,$0.54B,$468.32B,0.10%,$14.16B,$46.26B,27.76%,$8262,$615,$7646,$0,$0,$7972,$289,$-926,$-636,$-53,$-583,$-583,$-583,$289,$289,$2689,2689,$-0.22,$-0.22,$10597,$0,$0,$21985,$0,$396347,$2210,$47780,$446337,$468324,$371887,$15206,$50184,$65390,$437276,$9332,$19130,$0,$31049,$468324,$0,$0,$0,$0,$0,$0,$0,$0,$0,$158,$866,$-37,$0,$0,$0,$0,$0,$828,$-1866,$0,$-1866,$-186,$-186,$-325,$0,$-2377,$-1215,$0,$-325
10,2015-06-30,5.29,$0.00,0.0,$15.79,0.33,$5.35,0.99,$0.57,9.28,$23.27B,$381.15B,0.06,$16.69B,$31.92B,0.52,$37.34B,$-15.27B,-40.90%,$37.34B,$11.12B,29.78%,$37.34B,$11.12B,29.78%,$37.34B,$11.12B,29.78%,$37.34B,$0.81B,2.17%,$37.34B,$1.19B,3.18%,$1.19B,$31.92B,3.43%,$1.19B,$29.47B,3.72%,$1.19B,$487.63B,0.22%,$11.12B,$48.61B,21.02%,$8714,$1188,$7525,$0,$0,$8258,$456,$-38,$418,$31,$387,$387,$352,$456,$456,$2681,2681,$0.17,$0.17,$12038,$0,$0,$23270,$0,$405608,$2451,$56297,$464356,$487626,$381153,$16693,$57864,$74557,$455709,$9392,$19981,$0,$31917,$487626,$0,$0,$0,$0,$0,$0,$0,$0,$0,$407,$-38,$-23,$0,$0,$0,$0,$241,$179,$-191,$0,$-191,$-59,$-59,$-163,$-100,$-512,$298,$0,$-163
11,2015-03-31,5.48,$0.00,0.0,$16.63,0.33,$6.12,0.89,$0.60,9.13,$26.99B,$408.93B,0.07,$17.14B,$35.29B,0.49,$37.97B,$-29.50B,-77.69%,$37.97B,$3.96B,10.42%,$37.97B,$3.96B,10.42%,$37.97B,$3.96B,10.42%,$37.97B,$0.98B,2.59%,$37.97B,$1.29B,3.41%,$1.29B,$35.29B,3.71%,$1.29B,$32.82B,4.03%,$1.29B,$544.30B,0.24%,$3.96B,$52.43B,7.34%,$10190,$21556,$-11366,$0,$0,$9602,$588,$-116,$472,$114,$358,$358,$316,$588,$588,$2676,2676,$0.15,$0.15,$14939,$0,$0,$26993,$0,$439598,$2468,$75246,$517313,$544304,$408926,$17142,$82948,$100090,$509018,$9703,$23722,$0,$35287,$544304,$0,$0,$0,$0,$0,$0,$0,$0,$0,$2639,$356,$-2,$0,$0,$0,$0,$0,$353,$-237,$0,$-237,$-44,$-44,$0,$-10,$-291,$2966,$0,$0
12,2014-12-31,5.18,$0.00,0.0,$17.86,0.29,$5.59,0.93,$0.69,7.51,$26.85B,$427.42B,0.06,$19.81B,$36.93B,0.54,$38.31B,$-21.33B,-55.66%,$38.31B,$0.17B,0.45%,$38.31B,$0.17B,0.45%,$38.31B,$0.17B,0.45%,$38.31B,$1.18B,3.08%,$38.31B,$1.51B,3.95%,$1.51B,$36.93B,4.43%,$1.51B,$34.18B,4.84%,$1.51B,$564.03B,0.29%,$0.17B,$56.74B,0.33%,$8874,$17594,$-8720,$0,$-21545,$-3951,$12825,$-13804,$-104,$-33,$-71,$454,$454,$12825,$12825,$2109,2109,$0.22,$0.22,$14099,$0,$0,$26846,$0,$460156,$2755,$74239,$537185,$564032,$427418,$19806,$79877,$99683,$527100,$435,$22975,$0,$36931,$564032,$1181,$1290,$0,$1290,$0,$0,$0,$0,$675,$5477,$-85,$0,$-70,$0,$0,$0,$62,$-94,$0,$0,$1836,$0,$-264,$-353,$-270,$950,$6640,$0,$0
13,2014-09-30,5.68,$0.00,0.0,$18.13,0.31,$1.91,2.97,$0.55,10.32,$22.05B,$148.74B,0.15,$19.64B,$34.16B,0.58,$38.87B,$-20.30B,-52.23%,$38.87B,$-20.34B,-52.34%,$38.87B,$-20.34B,-52.34%,$38.87B,$-18.77B,-48.28%,$38.87B,$1.71B,4.39%,$38.87B,$1.30B,3.34%,$1.30B,$34.17B,3.90%,$1.30B,$31.16B,4.28%,$1.30B,$529.86B,0.26%,$-20.34B,$53.81B,-39.47%,$9566,$12278,$-2712,$0,$37,$12315,$-2749,$2130,$25,$-44,$69,$65,$65,$-2749,$-2749,$2112,2112,$0.01,$0.01,$11974,$0,$0,$22054,$0,$232360,$3004,$258002,$507807,$529859,$148739,$19642,$327314,$346957,$495695,$11407,$11560,$0,$34165,$529859,$0,$0,$0,$0,$0,$0,$0,$0,$0,$3287,$-52,$0,$102,$0,$0,$0,$-27,$24,$0,$0,$3093,$0,$-195,$-353,$-1733,$812,$4359,$0,$0
14,2014-06-30,5.84,$0.00,0.0,$17.88,0.33,$-0.61,0.0,$0.65,8.99,$21.17B,$143.51B,0.15,$19.45B,$33.12B,0.59,$38.33B,$-23.99B,-62.58%,$38.33B,$-24.02B,-62.66%,$38.33B,$-24.02B,-62.66%,$38.33B,$-22.44B,-58.55%,$38.33B,$1.88B,4.90%,$38.33B,$1.54B,4.02%,$1.54B,$33.12B,4.65%,$1.54B,$30.20B,5.11%,$1.54B,$515.78B,0.32%,$-24.02B,$52.58B,-47.54%,$9342,$16043,$-6702,$0,$5,$16049,$-6707,$7052,$591,$121,$471,$458,$458,$-6707,$-6707,$2287,2287,$0.20,$0.20,$10769,$0,$0,$21171,$0,$225174,$2919,$252891,$494608,$515780,$143510,$19452,$319698,$339150,$482660,$11936,$12113,$0,$33123,$515780,$0,$0,$0,$0,$0,$0,$0,$0,$0,$2133,$-37,$0,$37,$0,$0,$0,$-25,$-25,$0,$0,$2453,$0,$-52,$-189,$-1757,$454,$2609,$0,$0
15,2014-03-31,6.03,$0.00,0.0,$18.73,0.32,$-2.01,0.0,$0.54,11.16,$19.29B,$140.65B,0.14,$17.92B,$32.51B,0.55,$38.97B,$-14.22B,-36.49%,$38.97B,$-14.27B,-36.63%,$38.97B,$-14.27B,-36.63%,$38.97B,$-12.70B,-32.58%,$38.97B,$1.65B,4.23%,$38.97B,$1.40B,3.60%,$1.40B,$32.51B,4.20%,$1.40B,$29.50B,4.63%,$1.40B,$495.18B,0.30%,$-14.27B,$50.43B,-28.35%,$10530,$13723,$-3192,$0,$3,$13726,$-3195,$3869,$669,$132,$537,$537,$537,$-3195,$-3195,$2090,2090,$0.26,$0.26,$9752,$0,$0,$19288,$0,$215804,$3004,$243504,$475892,$495181,$140654,$17923,$304098,$322021,$462675,$11925,$11989,$0,$32506,$495181,$0,$0,$0,$0,$0,$0,$0,$0,$0,$1243,$-21,$0,$-22,$0,$0,$0,$-3,$-44,$0,$0,$1265,$0,$0,$0,$-628,$637,$1845,$0,$0
16,2013-12-31,6.21,$0.00,0.0,$19.59,0.32,$-3.33,0.0,$0.42,14.78,$17.33B,$134.03B,0.13,$16.03B,$33.32B,0.48,$39.90B,$-21.90B,-54.89%,$39.90B,$-22.08B,-55.33%,$39.90B,$-22.08B,-55.33%,$39.90B,$-20.50B,-51.38%,$39.90B,$1.29B,3.23%,$39.90B,$1.13B,2.84%,$1.13B,$33.32B,3.26%,$1.13B,$30.34B,3.59%,$1.13B,$469.88B,0.24%,$-22.08B,$49.34B,-42.61%,$9428,$17119,$-7692,$0,$-0,$17119,$-7692,$8154,$420,$181,$239,$237,$237,$-6115,$-7692,$2105,2105,$0.08,$0.08,$7559,$0,$0,$17332,$0,$200522,$2983,$233001,$452548,$469880,$134027,$16025,$286509,$302534,$436560,$11558,$14403,$0,$33319,$469880,$1524,$1577,$0,$1577,$0,$0,$0,$0,$19311,$-2298,$-68,$0,$782,$0,$0,$0,$-29,$685,$0,$0,$-2014,$0,$-652,$-429,$-295,$-3390,$-5107,$0,$0
17,2013-09-30,4.85,$0.00,0.0,$20.00,0.24,$-2.88,0.0,$0.63,7.69,$18.51B,$135.55B,0.14,$16.18B,$33.56B,0.48,$39.96B,$-11.19B,-27.99%,$39.96B,$-18.78B,-47.00%,$39.96B,$-18.78B,-47.00%,$39.96B,$-18.78B,-47.00%,$39.96B,$1.51B,3.79%,$39.96B,$1.46B,3.65%,$1.46B,$33.56B,4.07%,$1.46B,$30.53B,4.49%,$1.46B,$469.33B,0.31%,$-18.78B,$49.74B,-35.35%,$9030,$15431,$-6402,$0,$24,$15455,$-6425,$6796,$199,$-102,$301,$307,$307,$-6425,$-6425,$2113,2113,$0.11,$0.11,$8124,$0,$0,$18506,$0,$203698,$3034,$228149,$450827,$469333,$135546,$16181,$284044,$300225,$435771,$11526,$14078,$0,$33563,$469333,$0,$0,$0,$0,$0,$0,$0,$0,$0,$-2033,$-49,$0,$0,$0,$0,$0,$758,$709,$0,$0,$-1998,$0,$-564,$-428,$-212,$-3202,$-4601,$0,$0
18,2013-06-30,4.34,$0.00,0.0,$20.48,0.21,$-2.65,0.0,$0.74,5.87,$21.06B,$137.11B,0.15,$17.75B,$34.09B,0.52,$40.06B,$-11.72B,-29.25%,$40.06B,$-19.29B,-48.16%,$40.06B,$-19.29B,-48.16%,$40.06B,$-19.29B,-48.16%,$40.06B,$1.88B,4.70%,$40.06B,$1.63B,4.06%,$1.63B,$34.09B,4.43%,$1.63B,$30.78B,4.90%,$1.63B,$465.81B,0.35%,$-19.29B,$51.84B,-36.06%,$9978,$6910,$3068,$0,$29,$6938,$3040,$-2492,$362,$44,$317,$322,$322,$3040,$3040,$2021,2021,$0.09,$0.09,$10537,$0,$0,$21058,$0,$206972,$3314,$218647,$444749,$465807,$137105,$17745,$276867,$294611,$431716,$11363,$13951,$0,$34091,$465807,$0,$0,$0,$0,$0,$0,$0,$0,$0,$-956,$-21,$0,$197,$0,$0,$0,$-34,$142,$0,$0,$-333,$0,$-481,$-256,$-120,$-1190,$-2025,$0,$0
19,2013-03-31,3.78,$0.00,0.0,$20.32,0.19,$-2.34,0.0,$0.75,5.04,$22.05B,$140.43B,0.16,$18.47B,$37.83B,0.49,$39.10B,$-13.35B,-34.14%,$39.10B,$-20.89B,-53.44%,$39.10B,$-20.89B,-53.44%,$39.10B,$-20.89B,-53.44%,$39.10B,$1.95B,5.00%,$39.10B,$1.62B,4.15%,$1.62B,$37.83B,4.35%,$1.62B,$34.52B,4.84%,$1.62B,$488.31B,0.34%,$-20.89B,$56.31B,-39.33%,$11462,$22335,$-10873,$0,$125,$22461,$-10998,$11214,$309,$40,$269,$267,$267,$-10998,$-10998,$1943,1943,$0.14,$0.14,$11323,$0,$0,$22048,$0,$220701,$3310,$226573,$466261,$488309,$140433,$18473,$291570,$310043,$450476,$12019,$14009,$0,$37833,$488309,$0,$0,$0,$0,$0,$0,$0,$0,$0,$-1417,$-13,$0,$0,$0,$0,$0,$-29,$-42,$0,$0,$66,$0,$0,$0,$-75,$-9,$-1477,$0,$0
20,2012-12-31,4.05,$0.00,0.0,$19.64,0.21,$-2.07,0.0,$0.93,4.35,$22.35B,$135.74B,0.17,$16.49B,$38.15B,0.43,$38.51B,$-12.80B,-33.23%,$38.51B,$-20.24B,-52.56%,$38.51B,$-20.24B,-52.56%,$38.51B,$-20.24B,-52.56%,$38.51B,$2.38B,6.19%,$38.51B,$2.03B,5.27%,$2.03B,$38.15B,5.57%,$2.03B,$34.36B,6.26%,$2.03B,$470.80B,0.44%,$-20.24B,$54.63B,-39.41%,$9492,$6470,$3022,$0,$7420,$13891,$-4398,$5347,$643,$150,$493,$564,$564,$-4398,$-4398,$1943,1943,$0.29,$0.29,$12415,$0,$0,$22346,$0,$216277,$3791,$213310,$448452,$470798,$135738,$16487,$280426,$296913,$432651,$11702,$13509,$0,$38147,$470798,$0,$0,$0,$0,$0,$0,$0,$0,$0,$-1242,$-63,$0,$202,$0,$0,$0,$-48,$91,$0,$0,$3906,$0,$3,$-266,$-296,$3346,$2230,$0,$0
21,2012-09-30,3.27,$0.00,0.0,$19.56,0.17,$0.24,13.87,$0.66,4.96,$19.81B,$134.78B,0.15,$14.22B,$36.99B,0.38,$38.05B,$-15.46B,-40.63%,$38.05B,$-25.18B,-66.17%,$38.05B,$-25.18B,-66.17%,$38.05B,$-22.83B,-59.98%,$38.05B,$1.85B,4.85%,$38.05B,$1.57B,4.12%,$1.57B,$36.99B,4.38%,$1.57B,$33.11B,4.96%,$1.57B,$462.11B,0.34%,$-25.18B,$51.21B,-50.17%,$9127,$16062,$-6935,$0,$1,$16063,$-6936,$7660,$567,$99,$468,$475,$475,$-6936,$-6936,$1919,1919,$0.22,$0.22,$9773,$0,$0,$19812,$0,$211567,$3883,$211903,$442297,$462110,$134781,$14215,$276123,$290337,$425118,$11385,$12717,$0,$36991,$462110,$0,$0,$0,$0,$0,$0,$0,$0,$0,$-1407,$-51,$0,$-109,$0,$0,$0,$-39,$-199,$0,$0,$1519,$0,$1,$-259,$95,$1357,$-165,$0,$0
22,2012-06-30,2.84,$0.00,0.0,$19.56,0.15,$2.32,1.22,$0.45,6.31,$21.42B,$138.80B,0.15,$14.30B,$36.03B,0.4,$37.87B,$1.91B,5.04%,$37.87B,$-7.80B,-20.60%,$37.87B,$-7.80B,-20.60%,$37.87B,$-5.45B,-14.38%,$37.87B,$1.26B,3.32%,$37.87B,$1.18B,3.11%,$1.18B,$36.03B,3.35%,$1.18B,$31.90B,3.84%,$1.18B,$467.75B,0.25%,$-7.80B,$50.32B,-15.78%,$9018,$7580,$1439,$0,$0,$7580,$1439,$-1328,$434,$108,$326,$315,$315,$1439,$1439,$1886,1886,$0.10,$0.10,$11228,$0,$0,$21420,$0,$215804,$4129,$211134,$446333,$467753,$138801,$14298,$278629,$292927,$431728,$11691,$12735,$0,$36025,$467753,$0,$0,$0,$0,$0,$0,$0,$0,$0,$-293,$-36,$0,$-6,$0,$0,$0,$-19,$-62,$0,$0,$1349,$0,$0,$-177,$180,$1352,$1064,$0,$0
23,2012-03-31,3.31,$0.00,0.0,$20.15,0.16,$2.21,1.5,$0.29,11.41,$22.98B,$136.05B,0.17,$14.76B,$34.47B,0.43,$38.95B,$-0.59B,-1.52%,$38.95B,$-10.29B,-26.42%,$38.95B,$-10.29B,-26.42%,$38.95B,$-7.94B,-20.38%,$38.95B,$1.50B,3.86%,$38.95B,$1.44B,3.70%,$1.44B,$34.47B,4.25%,$1.44B,$30.25B,4.97%,$1.44B,$458.48B,0.31%,$-10.29B,$49.23B,-21.45%,$10870,$21191,$-10321,$0,$24,$21215,$-10344,$10948,$738,$55,$683,$675,$675,$-10344,$-10344,$2084,2084,$0.32,$0.32,$11368,$0,$0,$22982,$0,$205703,$4228,$210387,$435499,$458480,$136048,$14758,$273202,$287960,$424008,$11926,$12917,$0,$34473,$458480,$0,$0,$0,$0,$0,$0,$0,$0,$0,$-960,$-17,$0,$-9,$0,$0,$0,$-14,$-41,$0,$0,$1997,$0,$0,$0,$0,$1997,$974,$0,$0
24,2011-12-31,2.39,$0.00,0.0,$22.13,0.11,$1.97,1.21,$-0.10,0.0,$27.33B,$148.14B,0.18,$14.15B,$35.84B,0.4,$40.78B,$8.94B,21.93%,$40.78B,$-0.77B,-1.89%,$40.78B,$-0.77B,-1.89%,$40.78B,$1.58B,3.88%,$40.78B,$1.28B,3.13%,$40.78B,$0.64B,1.56%,$0.64B,$35.84B,1.93%,$0.64B,$31.27B,2.30%,$0.64B,$481.32B,0.14%,$-0.77B,$49.99B,-1.67%,$9038,$8684,$355,$0,$9692,$18376,$-9338,$9030,$108,$7,$101,$103,$103,$-6984,$-9338,$1880,1880,$0.02,$0.02,$11287,$0,$0,$27328,$0,$400221,$4575,$32993,$453992,$481320,$148138,$14149,$283190,$297339,$445477,$12670,$13096,$0,$35842,$481320,$1276,$2354,$0,$2354,$0,$0,$0,$0,$0,$3156,$-75,$0,$1008,$0,$0,$0,$-24,$909,$0,$0,$-1344,$0,$1272,$-82,$-366,$-521,$3694,$0,$0
25,2011-09-30,2.41,$0.00,0.0,$23.13,0.1,$1.25,1.93,$0.10,24.1,$23.68B,$145.51B,0.16,$13.92B,$34.22B,0.41,$41.65B,$11.78B,28.28%,$41.65B,$3.74B,8.98%,$41.65B,$3.74B,8.98%,$41.65B,$5.91B,14.20%,$41.65B,$1.66B,3.99%,$41.65B,$0.96B,2.31%,$0.96B,$34.22B,3.04%,$0.96B,$29.18B,3.69%,$0.96B,$478.32B,0.21%,$3.74B,$48.14B,8.43%,$8945,$-1491,$10436,$0,$-7,$-1498,$10443,$-10465,$-23,$-108,$85,$85,$85,$10443,$10443,$1880,1880,$0.01,$0.01,$10367,$0,$0,$23675,$0,$224046,$5046,$209689,$454645,$478321,$145505,$13917,$284675,$298592,$444097,$12880,$13111,$0,$34224,$478321,$0,$0,$0,$0,$0,$0,$0,$0,$0,$2542,$-55,$0,$878,$0,$0,$0,$-16,$807,$0,$0,$1757,$0,$1293,$-84,$-3435,$-469,$2897,$0,$0
26,2011-06-30,4.05,$0.00,0.0,$24.17,0.17,$2.21,1.83,$0.50,8.09,$18.65B,$135.82B,0.14,$13.56B,$31.03B,0.44,$42.61B,$-11.20B,-26.28%,$42.61B,$-19.25B,-45.18%,$42.61B,$-19.25B,-45.18%,$42.61B,$-17.08B,-40.08%,$42.61B,$2.55B,5.98%,$42.61B,$1.73B,4.05%,$1.73B,$31.03B,5.57%,$1.73B,$25.25B,6.81%,$1.73B,$454.66B,0.39%,$-19.25B,$44.59B,-44.70%,$10100,$11164,$-1064,$0,$-10,$11154,$-1054,$1719,$681,$99,$581,$579,$579,$-1054,$-1054,$1880,1880,$-0.06,$-0.06,$6403,$0,$0,$18651,$0,$199721,$5779,$214359,$436005,$454656,$135818,$13562,$274244,$287806,$423624,$13090,$13290,$0,$31033,$454656,$0,$0,$0,$0,$0,$0,$0,$0,$0,$-496,$-36,$0,$-10,$0,$0,$0,$-10,$-56,$0,$0,$1653,$0,$1314,$-85,$-3406,$-524,$-1142,$0,$0
27,2011-03-31,4.46,$0.00,0.0,$24.74,0.18,$3.57,1.25,$0.76,5.87,$17.95B,$131.12B,0.14,$11.75B,$30.55B,0.38,$42.66B,$-3.35B,-7.86%,$42.66B,$-11.56B,-27.11%,$42.66B,$-11.56B,-27.11%,$42.66B,$-9.39B,-22.01%,$42.66B,$2.49B,5.83%,$42.66B,$1.68B,3.93%,$1.68B,$30.55B,5.43%,$1.68B,$24.87B,6.67%,$1.68B,$439.28B,0.38%,$-11.56B,$42.30B,-27.48%,$12694,$13478,$-784,$0,$38,$13517,$-822,$1928,$510,$63,$447,$-132,$-132,$-822,$-822,$1765,1765,$-0.07,$-0.07,$5859,$0,$0,$17951,$0,$195400,$5678,$204509,$421327,$439278,$131123,$11746,$265857,$277603,$408726,$12437,$12736,$0,$30552,$439278,$0,$0,$0,$0,$0,$0,$0,$0,$0,$-1230,$-19,$0,$-5,$0,$0,$0,$-4,$-29,$0,$0,$365,$0,$1248,$0,$-1619,$-5,$-1307,$0,$0
28,2010-12-31,3.65,$0.00,0.0,$23.19,0.16,$4.51,0.81,$1.07,3.41,$17.45B,$134.01B,0.13,$11.31B,$31.11B,0.36,$41.01B,$-12.03B,-29.33%,$41.01B,$-20.20B,-49.26%,$41.01B,$-20.20B,-49.26%,$41.01B,$-18.03B,-43.96%,$41.01B,$2.54B,6.20%,$41.01B,$2.28B,5.56%,$2.28B,$31.11B,7.45%,$2.28B,$25.32B,9.26%,$2.28B,$441.27B,0.52%,$-20.20B,$42.42B,-48.57%,$9910,$6720,$3190,$0,$8018,$14738,$-4827,$5356,$494,$47,$447,$432,$432,$-2654,$-4827,$1707,1707,$0.22,$0.22,$6946,$0,$0,$17453,$0,$199413,$5788,$202065,$423813,$441265,$134014,$11311,$264834,$276145,$410159,$10868,$12510,$0,$31106,$441265,$2542,$2174,$0,$2174,$0,$0,$0,$0,$10830,$1677,$-110,$0,$-251,$0,$0,$0,$-8,$-369,$0,$0,$1293,$0,$0,$-120,$-1016,$158,$1542,$0,$0
29,2010-09-30,3.57,$0.00,0.0,$23.41,0.15,$-2.28,0.0,$1.02,3.5,$21.23B,$130.52B,0.16,$11.65B,$31.30B,0.37,$41.39B,$-10.29B,-24.85%,$41.39B,$-18.81B,-45.44%,$41.39B,$-18.81B,-45.44%,$41.39B,$-16.41B,-39.66%,$41.39B,$2.52B,6.08%,$41.39B,$2.43B,5.87%,$2.43B,$31.30B,8.26%,$2.43B,$25.95B,10.44%,$2.43B,$434.80B,0.56%,$-18.81B,$42.96B,-46.81%,$9901,$22440,$-12539,$0,$9,$22449,$-12548,$13412,$863,$15,$848,$848,$848,$-12548,$-12548,$1707,1708,$0.41,$0.41,$10035,$0,$0,$21228,$0,$204076,$5349,$188649,$413570,$434797,$130522,$11652,$261321,$272973,$403495,$10559,$11780,$0,$31303,$434797,$0,$0,$0,$0,$0,$0,$0,$0,$0,$4000,$-98,$0,$-237,$0,$0,$0,$-18,$-354,$0,$0,$1757,$0,$0,$-116,$-972,$670,$4372,$0,$0
30,2010-06-30,3.14,$0.00,0.0,$23.87,0.13,$-8.94,0.0,$0.70,4.49,$17.57B,$137.28B,0.13,$10.13B,$30.51B,0.33,$41.52B,$-14.80B,-35.64%,$41.52B,$-23.31B,-56.13%,$41.52B,$-23.31B,-56.13%,$41.52B,$-20.91B,-50.37%,$41.52B,$1.59B,3.83%,$41.52B,$1.79B,4.30%,$1.79B,$30.51B,6.27%,$1.79B,$24.27B,8.10%,$1.79B,$432.27B,0.42%,$-23.31B,$40.64B,-59.90%,$10151,$3369,$6782,$0,$148,$3517,$6634,$-6016,$619,$92,$527,$527,$527,$6634,$6634,$1707,1707,$0.20,$0.20,$6799,$0,$0,$17573,$0,$205363,$6239,$186454,$414699,$432273,$137275,$10130,$254355,$264485,$401760,$10444,$10954,$0,$30513,$432273,$0,$0,$0,$0,$0,$0,$0,$0,$0,$1901,$-68,$0,$-216,$0,$0,$0,$-14,$-297,$0,$0,$93,$0,$0,$-115,$-165,$-186,$1562,$0,$0
31,2010-03-31,4.05,$0.00,0.0,$24.32,0.17,$-14.93,0.0,$0.21,19.3,$16.04B,$138.44B,0.12,$10.87B,$29.47B,0.37,$41.07B,$-31.01B,-75.50%,$41.07B,$-39.89B,-97.13%,$41.07B,$-39.89B,-97.13%,$41.07B,$-37.50B,-91.30%,$41.07B,$0.51B,1.25%,$41.07B,$1.04B,2.53%,$1.04B,$29.47B,3.99%,$1.04B,$22.91B,5.35%,$1.04B,$440.14B,0.25%,$-39.89B,$40.34B,-108.82%,$11047,$20507,$-9460,$0,$0,$20507,$-9460,$9029,$565,$50,$515,$473,$473,$-9460,$-9460,$1958,1958,$0.24,$0.24,$6529,$0,$0,$16042,$0,$205516,$6555,$195565,$424102,$440144,$138441,$10874,$261363,$272237,$410678,$11340,$11512,$0,$29466,$440144,$0,$0,$0,$0,$0,$0,$0,$0,$0,$496,$-39,$0,$-7,$0,$0,$0,$-10,$-55,$0,$0,$57,$0,$0,$0,$-87,$-30,$442,$0,$0
32,2009-12-31,3.81,$0.00,0.0,$28.92,0.13,$-19.87,0.0,$-0.23,0.0,$15.53B,$131.35B,0.12,$10.44B,$26.33B,0.4,$41.82B,$-12.05B,-28.82%,$41.82B,$-20.94B,-50.07%,$41.82B,$-20.94B,-50.07%,$41.82B,$-18.54B,-44.34%,$41.82B,$-0.65B,-1.55%,$41.82B,$0.33B,0.79%,$0.33B,$26.33B,1.45%,$0.33B,$19.91B,1.86%,$0.33B,$416.48B,0.08%,$-20.94B,$36.77B,-68.20%,$10286,$5354,$4932,$0,$8364,$13717,$-3432,$3740,$471,$-52,$523,$580,$580,$-1038,$-3432,$1707,1707,$0.17,$0.17,$6016,$0,$0,$15532,$0,$194990,$6428,$183126,$400943,$416475,$131346,$10439,$248356,$258795,$390141,$11413,$11150,$0,$26334,$416475,$-647,$2393,$0,$2393,$0,$0,$0,$0,$18511,$-9769,$-247,$0,$-266,$0,$0,$0,$60,$-453,$0,$0,$1227,$0,$1411,$-170,$-20,$2449,$-7661,$0,$0
33,2009-09-30,5.04,$0.00,0.0,$30.10,0.17,$-12.65,0.0,$-1.43,0.0,$19.97B,$132.55B,0.15,$10.22B,$27.67B,0.37,$42.45B,$1.00B,2.37%,$42.45B,$0.48B,1.13%,$42.45B,$0.48B,1.13%,$42.45B,$2.97B,6.99%,$42.45B,$-3.02B,-7.12%,$42.45B,$-1.81B,-4.27%,$-1.81B,$27.67B,-8.50%,$-1.81B,$21.14B,-11.38%,$-1.81B,$416.87B,-0.45%,$0.48B,$37.90B,1.69%,$10039,$27092,$-17053,$0,$-3,$27089,$-17050,$16986,$-63,$-270,$207,$207,$207,$-17050,$-17050,$1605,1605,$0.09,$0.09,$10830,$0,$0,$19973,$0,$195335,$6539,$178453,$396900,$416873,$132554,$10222,$246424,$256646,$389200,$11685,$11153,$0,$27674,$416873,$0,$0,$0,$0,$0,$0,$0,$0,$0,$-6839,$-192,$0,$-76,$0,$0,$0,$-6,$-273,$0,$0,$3038,$0,$1429,$-174,$-436,$3857,$-3189,$0,$0
34,2009-06-30,3.67,$0.00,0.0,$32.00,0.11,$-6.40,0.0,$-1.90,0.0,$19.06B,$128.61B,0.15,$10.73B,$20.91B,0.51,$44.68B,$31.95B,71.50%,$44.68B,$31.42B,70.32%,$44.68B,$31.42B,70.32%,$44.68B,$33.91B,75.88%,$44.68B,$-3.48B,-7.78%,$44.68B,$-2.52B,-5.63%,$-2.52B,$20.91B,-12.76%,$-2.52B,$13.85B,-15.76%,$-2.52B,$388.80B,-0.62%,$31.42B,$31.64B,128.82%,$9699,$19125,$-9426,$0,$524,$19650,$-9951,$9490,$-460,$-241,$-219,$-219,$-219,$-9951,$-9951,$1516,1516,$-0.29,$-0.29,$9284,$0,$0,$19061,$0,$184121,$7058,$160178,$369741,$388802,$128614,$10727,$228551,$239277,$367891,$10007,$10288,$0,$20911,$388802,$0,$0,$0,$0,$0,$0,$0,$0,$0,$-7423,$-27,$0,$-75,$0,$0,$0,$-4,$-106,$0,$0,$2604,$0,$3,$-166,$-335,$2106,$-5251,$0,$0
35,2009-03-31,2.29,$0.00,0.0,$29.44,0.08,$0.72,3.15,$-1.48,0.0,$43.02B,$132.86B,0.32,$0.00B,$0.00B,0.0,$48.20B,$45.18B,93.74%,$48.20B,$45.18B,93.74%,$48.20B,$45.18B,93.74%,$48.20B,$47.67B,98.90%,$48.20B,$-2.48B,-5.15%,$48.20B,$-1.87B,-3.87%,$-1.87B,$16.49B,-8.92%,$-1.87B,$16.49B,-9.86%,$-1.87B,$370.19B,-0.44%,$45.18B,$16.49B,197.22%,$11794,$2297,$9497,$0,$1,$2298,$9496,$-9599,$-595,$-369,$-226,$-236,$-236,$9496,$9496,$1152,1152,$-0.20,$-0.20,$8206,$0,$0,$43023,$0,$174898,$0,$135132,$327170,$370193,$132860,$0,$220844,$220844,$353704,$0,$0,$0,$16489,$370193,$0,$0,$0,$0,$0,$0,$0,$0,$0,$-5398,$-20,$0,$-10,$0,$0,$0,$-1,$-31,$0,$0,$821,$0,$5,$0,$-84,$743,$-4687,$0,$0
36,2008-12-31,3.6,$0.00,0.0,$25.48,0.14,$6.53,0.55,$-1.17,0.0,$25.89B,$144.10B,0.18,$7.92B,$20.25B,0.39,$50.14B,$49.02B,97.76%,$50.14B,$49.02B,97.75%,$50.14B,$49.02B,97.75%,$50.14B,$51.51B,102.72%,$50.14B,$-1.56B,-3.11%,$50.14B,$-1.40B,-2.80%,$-1.40B,$20.25B,-6.01%,$-1.40B,$12.26B,-6.57%,$-1.40B,$422.64B,-0.32%,$49.02B,$28.16B,193.70%,$10917,$-7068,$17986,$0,$-0,$-7068,$17986,$-19891,$-1905,$-149,$-1757,$-1566,$-1566,$20474,$17986,$1515,1515,$-1.03,$-1.03,$15041,$0,$0,$25893,$0,$204706,$7982,$163110,$396751,$422644,$144096,$7916,$250387,$258303,$402399,$10810,$11907,$0,$20245,$422644,$-1561,$2488,$0,$2488,$0,$0,$0,$0,$-26489,$1947,$96,$0,$-672,$0,$0,$0,$-9,$-586,$0,$0,$3493,$0,$-319,$-971,$-53,$2150,$3121,$0,$0
37,2008-09-30,5.23,$0.00,0.0,$27.05,0.19,$3.99,1.31,$0.44,11.88,$45.90B,$140.23B,0.33,$0.00B,$0.00B,0.0,$53.44B,$41.67B,77.98%,$53.44B,$33.52B,62.73%,$53.44B,$33.52B,62.73%,$53.44B,$35.51B,66.44%,$53.44B,$1.85B,3.46%,$53.44B,$1.10B,2.06%,$1.10B,$21.28B,4.39%,$1.10B,$21.28B,4.71%,$1.10B,$447.22B,0.25%,$33.52B,$21.28B,123.33%,$12274,$-1618,$13892,$0,$3,$-1615,$13889,$-14406,$-517,$-21,$-496,$-496,$-496,$13889,$13889,$1504,1504,$-0.38,$-0.38,$13606,$0,$0,$45902,$0,$199239,$0,$182832,$401322,$447223,$140229,$0,$285716,$285716,$425944,$0,$0,$0,$21279,$447223,$0,$0,$0,$0,$0,$0,$0,$0,$0,$2673,$136,$0,$-247,$0,$0,$0,$-9,$-121,$0,$0,$1085,$0,$-327,$-994,$-454,$-690,$1862,$0,$0
38,2008-06-30,7.55,$0.00,0.0,$26.52,0.28,$-0.19,0.0,$1.25,6.04,$49.92B,$134.46B,0.37,$0.00B,$0.00B,0.0,$54.49B,$26.36B,48.38%,$54.49B,$18.22B,33.43%,$54.49B,$18.22B,33.43%,$54.49B,$20.20B,37.07%,$54.49B,$3.30B,6.06%,$54.49B,$2.34B,4.30%,$2.34B,$25.70B,8.67%,$2.34B,$25.70B,9.24%,$2.34B,$462.57B,0.53%,$18.22B,$25.70B,62.61%,$13214,$9405,$3809,$0,$0,$9405,$3809,$-3275,$536,$105,$431,$431,$431,$3809,$3809,$3450,3450,$0.13,$0.13,$19405,$0,$0,$49915,$0,$198731,$0,$196132,$412660,$462574,$134461,$0,$302409,$302409,$436870,$0,$0,$0,$25704,$462574,$0,$0,$0,$0,$0,$0,$0,$0,$0,$7471,$163,$0,$-277,$0,$0,$0,$-6,$-120,$0,$0,$280,$0,$-117,$-628,$-192,$-658,$6692,$0,$0
39,2008-03-31,8.18,$0.00,0.0,$29.37,0.28,$-0.83,0.0,$1.59,5.14,$43.93B,$126.41B,0.35,$0.00B,$0.00B,0.0,$54.14B,$19.89B,36.73%,$54.14B,$11.50B,21.23%,$54.14B,$11.50B,21.23%,$54.14B,$13.48B,24.90%,$54.14B,$3.69B,6.82%,$54.14B,$2.81B,5.19%,$2.81B,$26.08B,10.09%,$2.81B,$26.08B,10.74%,$2.81B,$438.13B,0.64%,$11.50B,$26.08B,38.43%,$13738,$404,$13333,$0,$0,$404,$13333,$-13008,$325,$96,$229,$229,$229,$13333,$13333,$2186,2186,$0.11,$0.11,$15552,$0,$0,$43932,$0,$188467,$0,$189132,$394197,$438129,$126405,$0,$285642,$285642,$412048,$0,$0,$0,$26081,$438129,$0,$0,$0,$0,$0,$0,$0,$0,$0,$2419,$-16,$0,$0,$0,$0,$-9,$-1,$-27,$0,$1213,$0,$0,$-109,$0,$-93,$1011,$3403,$0,$0
40,2007-12-31,9.79,$0.00,0.0,$31.69,0.31,$0.31,31.39,$1.85,5.29,$20.88B,$121.93B,0.17,$8.30B,$27.36B,0.3,$54.00B,$5.01B,9.27%,$54.00B,$-3.38B,-6.27%,$54.00B,$-3.38B,-6.27%,$54.00B,$-1.40B,-2.59%,$54.00B,$4.22B,7.81%,$54.00B,$3.22B,5.95%,$3.22B,$27.36B,11.13%,$3.22B,$20.65B,11.81%,$3.22B,$430.56B,0.74%,$-3.38B,$35.66B,-10.93%,$14212,$3576,$10636,$0,$8145,$11720,$2491,$-1024,$1505,$271,$1235,$939,$939,$4474,$2491,$1620,1620,$0.58,$0.58,$11556,$0,$0,$20881,$0,$185427,$6708,$201799,$409683,$430564,$121928,$8300,$272975,$281275,$403202,$7273,$16999,$0,$27362,$430564,$4219,$1982,$0,$1982,$0,$0,$0,$0,$-14719,$-1859,$-60,$0,$-3587,$0,$0,$0,$-4,$-3651,$0,$1215,$0,$0,$-1971,$-916,$714,$-958,$-6863,$0,$0
41,2007-09-30,10.63,$0.00,0.0,$30.50,0.35,$7.51,1.42,$1.92,5.54,$36.68B,$121.14B,0.3,$0.00B,$0.00B,0.0,$52.17B,$-3.47B,-6.64%,$52.17B,$-11.35B,-21.77%,$52.17B,$-11.35B,-21.77%,$52.17B,$-11.35B,-21.77%,$52.17B,$3.76B,7.21%,$52.17B,$3.33B,6.38%,$3.33B,$28.95B,11.35%,$3.33B,$28.95B,11.90%,$3.33B,$436.51B,0.79%,$-11.35B,$28.95B,-36.74%,$13324,$14740,$-1415,$0,$0,$14740,$-1415,$2353,$937,$194,$743,$743,$743,$-1415,$-1415,$1745,1745,$0.43,$0.43,$12283,$0,$0,$36682,$0,$192017,$0,$191847,$399825,$436506,$121143,$0,$286416,$286416,$407559,$0,$0,$0,$28948,$436506,$3181,$0,$0,$0,$0,$0,$0,$0,$18035,$-4016,$-27,$0,$0,$0,$0,$0,$-2289,$-2317,$0,$0,$0,$0,$-914,$-1062,$2284,$308,$-6025,$0,$0
42,2007-06-30,10.76,$0.00,0.0,$32.36,0.33,$9.83,1.1,$2.00,5.38,$44.02B,$121.46B,0.36,$0.00B,$0.00B,0.0,$54.97B,$-2.02B,-3.68%,$54.97B,$-9.91B,-18.03%,$54.97B,$-9.91B,-18.03%,$54.97B,$-9.91B,-18.03%,$54.97B,$4.04B,7.35%,$54.97B,$3.45B,6.28%,$3.45B,$28.96B,11.71%,$3.45B,$28.96B,12.28%,$3.45B,$442.57B,0.83%,$-9.91B,$28.96B,-31.32%,$12869,$15536,$-2668,$0,$244,$15781,$-2912,$4044,$926,$43,$883,$898,$898,$-2912,$-2912,$1926,1926,$0.47,$0.47,$18759,$0,$0,$44021,$0,$191256,$0,$191343,$398544,$442565,$121458,$0,$292144,$292144,$413602,$0,$0,$0,$28963,$442565,$2201,$0,$0,$0,$0,$0,$0,$0,$15529,$3057,$-26,$0,$0,$0,$0,$0,$-2327,$-2352,$0,$0,$0,$0,$-380,$-593,$1630,$656,$1361,$0,$0
43,2007-03-31,10.71,$0.00,0.0,$32.50,0.33,$11.62,0.92,$1.97,5.44,$20.15B,$0.00B,0.0,$0.00B,$0.00B,0.0,$52.87B,$6.03B,11.41%,$52.87B,$-1.61B,-3.05%,$52.87B,$-1.61B,-3.05%,$52.87B,$-1.61B,-3.05%,$52.87B,$4.09B,7.74%,$52.87B,$3.39B,6.41%,$3.39B,$30.28B,11.74%,$3.39B,$30.28B,12.32%,$3.39B,$417.46B,0.85%,$-1.61B,$30.28B,-5.19%,$13591,$15138,$-1547,$0,$0,$15138,$-1547,$2396,$849,$214,$635,$635,$635,$-1547,$-1547,$1581,1581,$0.37,$0.37,$20149,$0,$0,$20149,$0,$360821,$0,$21463,$397310,$417459,$0,$0,$387155,$387176,$387176,$0,$0,$0,$30283,$417459,$849,$0,$0,$0,$0,$0,$0,$0,$5530,$3551,$-10,$0,$0,$0,$0,$0,$-337,$-347,$0,$0,$0,$0,$-149,$0,$69,$-80,$2930,$0,$0
44,2006-12-31,10.18,$0.00,0.0,$34.31,0.3,$9.38,1.08,$2.06,4.94,$25.90B,$111.63B,0.23,$6.31B,$29.13B,0.22,$56.43B,$9.30B,16.48%,$56.43B,$1.65B,2.93%,$56.43B,$1.65B,2.93%,$56.43B,$1.65B,2.93%,$56.43B,$4.26B,7.55%,$56.43B,$3.51B,6.22%,$3.51B,$29.13B,12.55%,$3.51B,$23.68B,13.19%,$3.51B,$395.47B,0.91%,$1.65B,$35.44B,5.34%,$12381,$10217,$2164,$0,$7644,$17861,$-5480,$15144,$1047,$1,$1046,$1053,$1053,$-5480,$-5480,$1632,1632,$0.65,$0.65,$16511,$0,$0,$25899,$0,$173974,$5449,$175749,$369569,$395468,$111627,$6312,$248404,$254716,$366343,$8256,$14390,$0,$29125,$395468,$4258,$2406,$0,$2406,$0,$0,$0,$0,$-1642,$9865,$-54,$0,$-166,$0,$0,$0,$-30,$-250,$0,$0,$0,$0,$-327,$-592,$-180,$-1098,$7942,$0,$0
