,Date,Stock Price,Book Value per Share,Price to Book Ratio,TTM Sales per Share,Price to Sales Ratio,TTM FCF per Share,Price to FCF Ratio,TTM Net EPS,PE Ratio,Current Assets,Current Liabilities,Current Ratio,Long Term Debt,Shareholder's Equity_x,Debt to Equity Ratio,TTM Revenue_x,TTM Gross Profit,Gross Margin,TTM Revenue_y,TTM Operating Income,Operating Margin,TTM Revenue_x,TTM EBIT,EBIT Margin,TTM Revenue_y,TTM EBITDA,EBITDA Margin,TTM Revenue_x,TTM Pre-Tax Income,Pre-Tax Margin,TTM Revenue_y,TTM Net Income_x,Net Margin,TTM Net Income_y,Shareholder's Equity_y,Return on Equity,TTM Net Income_x,Tangible Equity,Return on Tangible Equity,TTM Net Income_y,Total Assets,Return on Assets,TTM Net Income,LT Investments & Debt,Return on Investment,revenue,cost-goods-sold,gross-profit,research-development-expenses,selling-general-administrative-expenses,operating-expenses,operating-income,total-non-operating-income-expense,pre-tax-income,total-provision-income-taxes,income-after-taxes,income-from-continuous-operations,net-income,ebitda,ebit,basic-shares-outstanding,shares-outstanding,eps-basic-net-earnings-per-share,eps-earnings-per-share-diluted,cash-on-hand,inventory,other-current-assets,total-current-assets,net-property-plant-equipment,long-term-investments,goodwill-intangible-assets-total,other-long-term-assets,total-long-term-assets,total-assets,total-current-liabilities,long-term-debt,other-non-current-liabilities,total-long-term-liabilities,total-liabilities,common-stock-net,retained-earnings-accumulated-deficit,comprehensive-income,total-share-holder-equity,total-liabilities-share-holders-equity,net-income-loss,total-depreciation-amortization-cash-flow,other-non-cash-items,total-non-cash-items,change-in-accounts-receivable,change-in-inventories,change-in-accounts-payable,change-in-assets-liabilities,total-change-in-assets-liabilities,cash-flow-from-operating-activities,net-change-in-property-plant-equipment,net-change-in-intangible-assets,net-acquisitions-divestitures,net-change-in-short-term-investments,net-change-in-long-term-investments,net-change-in-investments-total,investing-activities-other,cash-flow-from-investing-activities,net-long-term-debt,net-current-debt,debt-issuance-retirement-net-total,net-common-equity-issued-repurchased,net-total-equity-issued-repurchased,total-common-preferred-stock-dividends-paid,financial-activities-other,cash-flow-from-financial-activities,net-cash-flow,stock-based-compensation,common-stock-dividends-paid
0,2018-09-30,25.38,$15.04,1.69,$40.84,0.62,$0.67,37.9,$-0.22,0.0,$0.49B,$0.23B,2.17,$0.28B,$0.49B,0.58,$1.34B,$0.27B,20.19%,$1.34B,$0.03B,1.94%,$1.34B,$0.03B,1.94%,$1.34B,$0.07B,4.94%,$1.34B,0,0.00%,$1.34B,$-0.01B,-0.52%,$-0.01B,$0.49B,-1.41%,$-0.01B,$0.10B,-6.64%,$-0.01B,$1.02B,-0.66%,$0.03B,$0.77B,3.24%,$340,$267,$73,$0,$51,$327,$13,$-13,$-0,$-0,$0,$0,$-0,$23,$13,$32,32,$-0.01,$-0.01,$69,$63,$132,$493,$108,$0,$386,$26,$522,$1015,$228,$279,$12,$301,$529,$0,$382,$-33,$486,$1015,$6,$29,$23,$52,$-19,$-3,$0,$-21,$-44,$14,$-21,$-0,$-9,$0,$0,$0,$38,$7,$-39,$-0,$-39,$-19,$-19,$0,$-1,$-58,$-39,$6,$0
1,2018-06-30,25.75,$15.31,1.68,$40.72,0.63,$1.21,21.27,$-2.44,0.0,$0.56B,$0.24B,2.32,$0.31B,$0.49B,0.63,$1.34B,$0.27B,20.16%,$1.34B,$-0.06B,-4.63%,$1.34B,$-0.06B,-4.63%,$1.34B,$0.02B,1.79%,$1.34B,$-0.08B,-5.97%,$1.34B,$-0.08B,-5.97%,$-0.08B,$0.49B,-15.92%,$-0.08B,$0.11B,-73.23%,$-0.08B,$1.07B,-7.30%,$-0.06B,$0.81B,-7.53%,$335,$264,$71,$0,$54,$321,$14,$-4,$10,$3,$7,$7,$8,$24,$14,$32,33,$0.24,$0.24,$76,$65,$191,$556,$106,$0,$390,$16,$514,$1070,$240,$314,$12,$335,$576,$0,$392,$-36,$494,$1070,$6,$19,$10,$28,$-6,$-4,$0,$-5,$-25,$10,$-13,$-0,$-3,$0,$0,$0,$0,$-16,$-13,$9,$-4,$-19,$-19,$0,$-1,$-24,$-31,$5,$0
2,2018-03-31,22.91,$15.25,1.5,$40.98,0.56,$0.92,24.96,$-2.35,0.0,$0.55B,$0.23B,2.37,$0.32B,$0.50B,0.64,$1.36B,$0.28B,20.54%,$1.36B,$-0.05B,-3.98%,$1.36B,$-0.05B,-3.98%,$1.36B,$0.03B,2.50%,$1.36B,$-0.07B,-5.38%,$1.36B,$-0.08B,-5.67%,$-0.08B,$0.50B,-14.57%,$-0.08B,$0.11B,-70.48%,$-0.08B,$1.07B,-6.84%,$-0.05B,$0.81B,-6.29%,$325,$263,$62,$0,$56,$322,$3,$-6,$-2,$-1,$-1,$-1,$-2,$13,$3,$32,32,$-0.06,$-0.06,$89,$66,$185,$548,$108,$0,$390,$17,$517,$1065,$231,$316,$13,$338,$569,$0,$384,$-30,$495,$1065,$-1,$10,$5,$15,$17,$-2,$0,$-2,$-13,$1,$-5,$-0,$0,$0,$0,$0,$0,$-5,$-2,$-1,$-2,$-14,$-14,$0,$-1,$-17,$-19,$2,$0
3,2017-12-31,25.43,$15.56,1.63,$40.40,0.63,$0.12,214.24,$-2.12,0.0,$0.59B,$0.26B,2.24,$0.32B,$0.51B,0.63,$1.36B,$0.28B,20.91%,$1.36B,$-0.04B,-3.17%,$1.36B,$-0.04B,-3.17%,$1.36B,$0.05B,3.46%,$1.36B,$-0.06B,-4.49%,$1.36B,$-0.07B,-5.08%,$-0.07B,$0.51B,-12.55%,$-0.07B,$0.11B,-66.19%,$-0.07B,$1.11B,-5.98%,$-0.04B,$0.82B,-4.83%,$337,$273,$64,$0,$60,$341,$-4,$-5,$-8,$4,$-12,$-12,$-13,$6,$-4,$33,33,$-0.35,$-0.35,$108,$64,$179,$587,$109,$0,$393,$16,$520,$1107,$262,$318,$13,$340,$602,$0,$377,$-24,$505,$1107,$-66,$90,$53,$143,$-30,$-2,$0,$2,$-11,$66,$-30,$-0,$-9,$0,$0,$0,$2,$-38,$-22,$3,$-19,$-37,$-37,$0,$-0,$-56,$-23,$11,$0
4,2017-09-30,23.28,$15.80,1.47,$39.36,0.59,$0.10,232.8,$-1.21,0.0,$0.62B,$0.26B,2.36,$0.34B,$0.52B,0.65,$1.34B,$0.29B,21.67%,$1.34B,$-0.01B,-0.97%,$1.34B,$-0.01B,-0.97%,$1.34B,$0.08B,5.96%,$1.34B,$-0.03B,-2.23%,$1.34B,$-0.04B,-2.83%,$-0.04B,$0.52B,-6.69%,$-0.04B,$0.12B,-39.18%,$-0.04B,$1.14B,-3.23%,$-0.01B,$0.85B,-1.42%,$342,$268,$73,$0,$55,$417,$-75,$-5,$-80,$-6,$-74,$-74,$-73,$-19,$-75,$33,33,$-2.23,$-2.23,$97,$69,$200,$615,$111,$0,$401,$12,$526,$1141,$261,$336,$13,$363,$624,$0,$399,$-37,$516,$1141,$-54,$80,$45,$125,$-54,$-5,$0,$-3,$-38,$33,$-22,$-0,$-9,$0,$0,$0,$0,$-31,$-1,$0,$-1,$-32,$-32,$0,$-0,$-33,$-29,$8,$0
5,2017-06-30,21.88,$18.07,1.21,$37.79,0.58,$0.02,1057.0,$1.36,16.09,$0.53B,$0.21B,2.58,$0.35B,$0.60B,0.59,$1.31B,$0.28B,21.68%,$1.31B,$0.08B,6.34%,$1.31B,$0.08B,6.34%,$1.31B,$0.13B,10.00%,$1.31B,$0.07B,5.11%,$1.31B,$0.05B,3.59%,$0.05B,$0.60B,8.09%,$0.05B,$0.11B,55.13%,$0.05B,$1.19B,3.92%,$0.08B,$0.95B,8.88%,$354,$275,$80,$0,$58,$333,$22,$-4,$17,$5,$12,$12,$11,$34,$22,$33,34,$0.33,$0.33,$107,$71,$119,$528,$159,$0,$493,$11,$664,$1192,$205,$352,$13,$389,$594,$0,$472,$-37,$598,$1192,$20,$24,$12,$36,$-37,$-5,$0,$-11,$-56,$-0,$-12,$-0,$-9,$0,$0,$0,$0,$-22,$-9,$17,$8,$-21,$-21,$0,$-1,$-13,$-27,$7,$0
6,2017-03-31,22.91,$17.29,1.33,$35.78,0.64,$0.20,115.53,$1.13,20.27,$0.51B,$0.20B,2.52,$0.35B,$0.58B,0.61,$1.25B,$0.27B,21.13%,$1.25B,$0.07B,5.50%,$1.25B,$0.07B,5.50%,$1.25B,$0.12B,9.33%,$1.25B,$0.05B,4.31%,$1.25B,$0.04B,3.11%,$0.04B,$0.58B,6.83%,$0.04B,$0.09B,52.53%,$0.04B,$1.18B,3.23%,$0.07B,$0.94B,7.44%,$325,$258,$67,$0,$53,$311,$14,$-4,$10,$2,$8,$8,$6,$26,$14,$34,35,$0.17,$0.17,$89,$69,$107,$512,$157,$0,$496,$9,$663,$1175,$203,$354,$13,$391,$595,$0,$461,$-49,$581,$1175,$8,$12,$9,$21,$-30,$-3,$0,$-13,$-56,$-28,$-4,$-0,$-9,$0,$0,$0,$0,$-13,$6,$0,$6,$-11,$-11,$0,$-1,$-5,$-45,$3,$0
7,2016-12-31,23.7,$16.97,1.4,$34.63,0.68,$0.80,29.74,$0.85,27.88,$0.53B,$0.23B,2.31,$0.35B,$0.58B,0.61,$1.22B,$0.25B,20.61%,$1.22B,$0.05B,4.17%,$1.22B,$0.05B,4.17%,$1.22B,$0.10B,8.01%,$1.22B,$0.04B,2.86%,$1.22B,$0.03B,2.37%,$0.03B,$0.58B,5.11%,$0.03B,$0.08B,41.88%,$0.03B,$1.19B,2.37%,$0.05B,$0.93B,5.51%,$322,$251,$71,$0,$50,$295,$26,$-3,$23,$5,$18,$18,$18,$39,$26,$35,35,$0.51,$0.51,$134,$64,$96,$532,$157,$0,$494,$9,$661,$1194,$231,$351,$13,$387,$617,$0,$455,$-54,$576,$1194,$29,$47,$6,$53,$53,$-3,$0,$-10,$-9,$73,$-35,$-1,$-96,$0,$0,$0,$6,$-127,$-18,$36,$19,$-43,$-43,$0,$-2,$-26,$-82,$9,$0
8,2016-09-30,19.07,$16.63,1.15,$34.54,0.55,$2.62,7.29,$-0.58,0.0,$0.56B,$0.27B,2.07,$0.36B,$0.57B,0.63,$1.23B,$0.25B,20.13%,$1.23B,$-0.00B,-0.32%,$1.23B,$-0.00B,-0.32%,$1.23B,$0.09B,6.98%,$1.23B,$-0.02B,-1.95%,$1.23B,$-0.02B,-1.79%,$-0.02B,$0.57B,-3.85%,$-0.02B,$0.07B,-24.11%,$-0.02B,$1.23B,-1.78%,$-0.00B,$0.93B,-0.43%,$309,$242,$66,$0,$45,$288,$21,$-4,$17,$5,$12,$12,$12,$32,$21,$34,35,$0.35,$0.34,$119,$63,$120,$562,$158,$0,$500,$6,$668,$1230,$272,$357,$12,$390,$662,$0,$437,$-48,$568,$1230,$11,$34,$7,$42,$26,$-1,$0,$-0,$-16,$37,$-28,$-1,$-96,$0,$0,$0,$6,$-120,$23,$0,$23,$-37,$-37,$0,$-2,$-15,$-98,$8,$0
9,2016-06-30,19.51,$16.14,1.21,$35.47,0.55,$3.72,5.25,$-0.52,0.0,$0.57B,$0.28B,2.03,$0.36B,$0.56B,0.64,$1.28B,$0.26B,20.23%,$1.28B,0,0.00%,$1.28B,0,0.00%,$1.28B,$0.09B,7.03%,$1.28B,$-0.02B,-1.56%,$1.28B,$-0.02B,-1.48%,$-0.02B,$0.56B,-3.23%,$-0.02B,$0.06B,-16.49%,$-0.02B,$1.24B,-1.52%,$0.00B,$0.92B,0.00%,$298,$236,$61,$0,$51,$290,$8,$-4,$4,$1,$3,$3,$3,$20,$8,$35,35,$0.10,$0.10,$116,$62,$131,$572,$154,$0,$499,$7,$663,$1235,$281,$361,$11,$393,$674,$0,$425,$-53,$560,$1235,$-1,$23,$6,$29,$16,$-0,$0,$4,$-19,$10,$-17,$0,$-91,$0,$0,$0,$3,$-106,$27,$0,$27,$-25,$-25,$0,$-2,$0,$-101,$6,$0
10,2016-03-31,21.09,$16.08,1.31,$36.24,0.58,$5.21,4.05,$-0.38,0.0,$0.57B,$0.27B,2.1,$0.36B,$0.57B,0.64,$1.32B,$0.27B,20.47%,$1.32B,$0.01B,0.53%,$1.32B,$0.01B,0.53%,$1.32B,$0.10B,7.20%,$1.32B,$-0.01B,-0.91%,$1.32B,$-0.01B,-0.99%,$-0.01B,$0.57B,-2.15%,$-0.01B,$0.07B,-9.52%,$-0.01B,$1.23B,-1.03%,$0.01B,$0.93B,0.74%,$294,$239,$54,$0,$51,$298,$-4,$-5,$-9,$-5,$-4,$-4,$-4,$7,$-4,$35,35,$-0.11,$-0.11,$134,$63,$137,$569,$151,$0,$500,$5,$659,$1228,$271,$363,$11,$392,$663,$0,$422,$-52,$565,$1228,$-4,$11,$1,$12,$30,$-2,$0,$1,$-11,$-2,$-9,$-1,$-86,$0,$0,$0,$4,$-92,$-4,$34,$30,$-16,$-16,$0,$0,$13,$-84,$2,$0
11,2015-12-31,19.31,$16.49,1.17,$36.19,0.53,$5.09,3.79,$-0.23,0.0,$0.68B,$0.30B,2.28,$0.33B,$0.60B,0.56,$1.33B,$0.28B,20.61%,$1.33B,$0.02B,1.50%,$1.33B,$0.02B,1.50%,$1.33B,$0.11B,8.10%,$1.33B,$0.00B,0.00%,$1.33B,$-0.01B,-0.60%,$-0.01B,$0.60B,-1.29%,$-0.01B,$0.17B,-5.07%,$-0.01B,$1.25B,-0.63%,$0.02B,$0.93B,2.09%,$331,$263,$67,$0,$52,$359,$-29,$-7,$-36,$-2,$-33,$-33,$-33,$27,$-29,$37,37,$-0.91,$-0.90,$215,$48,$147,$678,$145,$0,$423,$6,$576,$1254,$298,$333,$9,$362,$659,$0,$426,$-48,$595,$1254,$-8,$87,$17,$104,$12,$7,$0,$18,$36,$132,$-26,$-2,$-7,$0,$0,$0,$-5,$-39,$26,$-46,$-20,$-25,$-25,$0,$-5,$-50,$37,$8,$0
12,2015-09-30,16.48,$17.51,0.94,$36.50,0.45,$3.51,4.69,$-0.31,0.0,$0.65B,$0.30B,2.2,$0.33B,$0.64B,0.52,$1.36B,$0.29B,21.48%,$1.36B,$0.01B,0.96%,$1.36B,$0.01B,0.96%,$1.36B,$0.11B,7.97%,$1.36B,$-0.00B,-0.37%,$1.36B,$-0.01B,-0.89%,$-0.01B,$0.64B,-1.90%,$-0.01B,$0.16B,-7.62%,$-0.01B,$1.30B,-0.94%,$0.01B,$0.96B,1.34%,$357,$279,$77,$0,$52,$332,$25,$-3,$21,$6,$15,$15,$15,$36,$25,$36,37,$0.41,$0.40,$172,$54,$147,$654,$160,$0,$470,$9,$643,$1297,$297,$328,$11,$365,$662,$0,$458,$-45,$635,$1297,$25,$32,$12,$44,$-25,$4,$0,$13,$-1,$69,$-20,$-2,$-7,$0,$0,$0,$-1,$-29,$-20,$-0,$-20,$-21,$-21,$0,$-1,$-42,$-7,$7,$0
13,2015-06-30,18.94,$17.14,1.1,$36.11,0.52,$1.77,10.73,$-1.16,0.0,$0.63B,$0.29B,2.2,$0.34B,$0.62B,0.54,$1.35B,$0.28B,20.62%,$1.35B,$-0.03B,-1.93%,$1.35B,$-0.03B,-1.93%,$1.35B,$0.07B,5.12%,$1.35B,$-0.04B,-3.19%,$1.35B,$-0.04B,-3.26%,$-0.04B,$0.62B,-6.81%,$-0.04B,$0.15B,-28.39%,$-0.04B,$1.28B,-3.39%,$-0.03B,$0.96B,-2.62%,$337,$265,$72,$0,$57,$323,$15,$-2,$12,$4,$9,$9,$9,$25,$15,$36,37,$0.24,$0.24,$176,$57,$140,$630,$163,$0,$475,$10,$651,$1281,$286,$337,$13,$374,$660,$0,$444,$-41,$621,$1281,$10,$21,$9,$30,$-6,$1,$0,$20,$18,$58,$-11,$-2,$-7,$0,$0,$0,$-0,$-19,$-40,$26,$-14,$-21,$-21,$0,$0,$-35,$-2,$5,$0
14,2015-03-31,18.05,$16.91,1.07,$35.39,0.51,$0.63,28.68,$-1.08,0.0,$0.61B,$0.25B,2.45,$0.35B,$0.63B,0.55,$1.33B,$0.28B,20.84%,$1.33B,$-0.02B,-1.50%,$1.33B,$-0.02B,-1.50%,$1.33B,$0.08B,5.70%,$1.33B,$-0.04B,-2.85%,$1.33B,$-0.04B,-3.07%,$-0.04B,$0.63B,-6.09%,$-0.04B,$0.15B,-25.23%,$-0.04B,$1.25B,-3.10%,$-0.02B,$0.97B,-1.95%,$309,$250,$59,$0,$49,$300,$9,$-6,$3,$2,$1,$1,$1,$20,$9,$37,38,$0.04,$0.04,$139,$61,$144,$605,$162,$0,$476,$9,$650,$1254,$247,$345,$13,$381,$629,$0,$435,$-39,$626,$1254,$1,$10,$2,$12,$-17,$-3,$0,$19,$-26,$-12,$-4,$-0,$-8,$0,$0,$0,$0,$-12,$-33,$28,$-6,$-6,$-6,$0,$0,$-12,$-39,$2,$0
15,2014-12-31,18.61,$17.27,1.08,$35.14,0.53,$0.69,26.98,$-1.00,0.0,$0.64B,$0.26B,2.41,$0.35B,$0.65B,0.54,$1.33B,$0.28B,21.04%,$1.33B,$-0.02B,-1.50%,$1.33B,$-0.02B,-1.50%,$1.33B,$0.08B,5.71%,$1.33B,$-0.04B,-2.70%,$1.33B,$-0.04B,-2.85%,$-0.04B,$0.65B,-5.45%,$-0.04B,$0.17B,-22.19%,$-0.04B,$1.30B,-2.83%,$-0.02B,$1.00B,-1.90%,$352,$269,$83,$0,$64,$388,$-36,$-5,$-41,$-8,$-33,$-33,$-37,$27,$-36,$38,38,$-0.98,$-0.97,$177,$59,$132,$638,$168,$0,$475,$11,$658,$1296,$264,$351,$12,$386,$651,$0,$434,$-25,$645,$1296,$-35,$96,$38,$134,$-41,$-5,$0,$23,$-17,$81,$-31,$-2,$2,$0,$0,$0,$9,$-22,$-22,$11,$-11,$-22,$-22,$0,$-1,$-35,$17,$5,$0
16,2014-09-30,22.25,$18.50,1.2,$33.87,0.66,$0.95,23.34,$0.36,61.81,$0.63B,$0.26B,2.39,$0.36B,$0.69B,0.52,$1.30B,$0.27B,20.69%,$1.30B,$0.04B,2.93%,$1.30B,$0.04B,2.93%,$1.30B,$0.08B,6.33%,$1.30B,$0.02B,1.78%,$1.30B,$0.01B,1.00%,$0.01B,$0.69B,1.81%,$0.01B,$0.15B,7.60%,$0.01B,$1.36B,0.95%,$0.04B,$1.05B,3.53%,$350,$286,$64,$0,$67,$364,$-14,$-4,$-17,$-1,$-16,$-16,$-17,$-3,$-14,$37,37,$-0.45,$-0.45,$117,$59,$141,$630,$170,$0,$537,$13,$725,$1355,$264,$358,$12,$400,$664,$0,$471,$-14,$691,$1355,$1,$33,$42,$75,$-83,$-5,$0,$2,$-67,$9,$-24,$-2,$0,$0,$0,$0,$9,$-17,$-5,$1,$-4,$-22,$-22,$0,$-1,$-27,$-42,$4,$0
17,2014-06-30,23.27,$19.40,1.2,$32.38,0.72,$1.70,13.68,$1.17,19.89,$0.62B,$0.24B,2.55,$0.35B,$0.73B,0.48,$1.25B,$0.27B,21.79%,$1.25B,$0.07B,5.91%,$1.25B,$0.07B,5.91%,$1.25B,$0.12B,9.42%,$1.25B,$0.06B,4.47%,$1.25B,$0.04B,3.51%,$0.04B,$0.73B,6.06%,$0.04B,$0.18B,24.96%,$0.04B,$1.38B,3.22%,$0.07B,$1.08B,6.80%,$323,$251,$72,$0,$51,$302,$21,$-4,$17,$4,$13,$13,$12,$32,$21,$38,38,$0.33,$0.32,$147,$61,$141,$622,$180,$0,$554,$13,$757,$1379,$244,$353,$12,$404,$649,$0,$488,$1,$730,$1379,$17,$22,$5,$27,$-27,$-2,$0,$4,$-25,$19,$-13,$-2,$9,$0,$0,$0,$0,$-6,$-9,$0,$-9,$-16,$-16,$0,$-1,$-25,$-12,$3,$0
18,2014-03-31,25.31,$19.06,1.33,$30.10,0.84,$1.46,17.36,$1.19,21.27,$0.60B,$0.21B,2.9,$0.36B,$0.73B,0.5,$1.17B,$0.26B,22.18%,$1.17B,$0.07B,5.89%,$1.17B,$0.07B,5.89%,$1.17B,$0.11B,9.47%,$1.17B,$0.06B,5.12%,$1.17B,$0.05B,3.84%,$0.05B,$0.73B,6.24%,$0.05B,$0.19B,22.06%,$0.05B,$1.34B,3.42%,$0.07B,$1.09B,6.60%,$306,$245,$61,$0,$52,$297,$9,$-4,$5,$2,$4,$5,$4,$20,$9,$38,38,$0.12,$0.12,$144,$59,$120,$596,$179,$0,$540,$15,$744,$1341,$206,$360,$11,$410,$616,$0,$475,$-0,$725,$1341,$4,$11,$2,$13,$-9,$-0,$0,$1,$-26,$-9,$-5,$-1,$0,$0,$0,$0,$9,$3,$-5,$0,$-5,$-4,$-4,$0,$-1,$-9,$-14,$1,$0
19,2013-12-31,21.89,$19.14,1.14,$27.86,0.79,$1.81,12.1,$1.14,19.2,$0.60B,$0.24B,2.57,$0.37B,$0.73B,0.5,$1.09B,$0.25B,22.62%,$1.09B,$0.07B,6.14%,$1.09B,$0.07B,6.14%,$1.09B,$0.11B,9.80%,$1.09B,$0.06B,5.40%,$1.09B,$0.04B,4.03%,$0.04B,$0.73B,6.13%,$0.04B,$0.17B,19.43%,$0.04B,$1.38B,3.45%,$0.07B,$1.09B,6.67%,$316,$245,$71,$0,$48,$293,$22,$-5,$18,$4,$13,$15,$14,$33,$22,$39,39,$0.37,$0.36,$159,$59,$111,$604,$182,$9,$558,$14,$774,$1377,$235,$367,$11,$416,$650,$0,$471,$2,$727,$1377,$46,$40,$-10,$30,$8,$-1,$0,$-8,$9,$84,$-23,$-2,$-144,$0,$0,$0,$19,$-149,$132,$1,$133,$-27,$-27,$0,$-7,$99,$24,$6,$0
20,2013-09-30,23.72,$18.72,1.27,$26.58,0.89,$2.01,11.79,$1.15,20.63,$0.60B,$0.23B,2.62,$0.37B,$0.72B,0.51,$1.05B,$0.24B,23.16%,$1.05B,$0.07B,6.70%,$1.05B,$0.07B,6.70%,$1.05B,$0.11B,10.33%,$1.05B,$0.06B,6.12%,$1.05B,$0.05B,4.31%,$0.05B,$0.72B,6.30%,$0.05B,$0.18B,17.63%,$0.05B,$1.37B,3.64%,$0.07B,$1.09B,7.25%,$308,$238,$69,$0,$48,$286,$22,$-6,$16,$3,$13,$15,$14,$33,$22,$39,39,$0.36,$0.36,$127,$62,$125,$597,$187,$11,$547,$13,$767,$1365,$228,$366,$11,$415,$643,$0,$456,$4,$722,$1365,$31,$29,$-16,$13,$-11,$-3,$0,$-1,$-13,$31,$-18,$-0,$-144,$0,$0,$0,$19,$-143,$136,$-3,$133,$-18,$-18,$0,$-2,$113,$-7,$5,$0
21,2013-06-30,22.51,$18.40,1.22,$25.35,0.89,$2.39,9.41,$1.28,17.59,$0.55B,$0.22B,2.51,$0.20B,$0.71B,0.29,$1.00B,$0.24B,23.60%,$1.00B,$0.08B,7.50%,$1.00B,$0.08B,7.50%,$1.00B,$0.11B,11.10%,$1.00B,$0.07B,7.20%,$1.00B,$0.05B,5.10%,$0.05B,$0.71B,7.20%,$0.05B,$0.29B,18.36%,$0.05B,$1.18B,4.28%,$0.08B,$0.92B,8.10%,$242,$184,$59,$0,$41,$226,$16,$5,$21,$4,$17,$18,$13,$25,$16,$39,39,$0.34,$0.34,$119,$64,$106,$550,$180,$11,$425,$9,$635,$1184,$219,$203,$14,$253,$473,$0,$442,$5,$712,$1184,$17,$18,$-15,$3,$-2,$-6,$0,$1,$-12,$8,$-11,$-0,$0,$0,$0,$0,$19,$7,$-13,$1,$-11,$-15,$-15,$0,$-2,$-28,$-15,$4,$0
22,2013-03-31,23.15,$18.06,1.28,$25.62,0.9,$3.20,7.23,$1.23,18.82,$0.53B,$0.20B,2.63,$0.21B,$0.71B,0.3,$1.01B,$0.24B,23.62%,$1.01B,$0.08B,7.71%,$1.01B,$0.08B,7.71%,$1.01B,$0.11B,11.26%,$1.01B,$0.07B,6.52%,$1.01B,$0.05B,4.84%,$0.05B,$0.71B,7.02%,$0.05B,$0.28B,18.46%,$0.05B,$1.18B,4.12%,$0.08B,$0.92B,8.44%,$226,$178,$48,$0,$41,$219,$7,$-2,$4,$1,$3,$4,$3,$16,$7,$39,39,$0.07,$0.07,$121,$59,$107,$525,$183,$20,$433,$7,$651,$1175,$200,$212,$16,$268,$468,$0,$429,$6,$708,$1175,$3,$9,$-2,$7,$19,$-1,$0,$0,$-7,$4,$-4,$-0,$0,$0,$0,$0,$0,$-4,$-6,$1,$-5,$-4,$-4,$0,$0,$-9,$-15,$2,$0
23,2012-12-31,22.19,$18.38,1.21,$25.71,0.86,$3.48,6.37,$1.33,16.68,$0.56B,$0.23B,2.5,$0.22B,$0.72B,0.31,$1.02B,$0.24B,23.99%,$1.02B,$0.08B,8.06%,$1.02B,$0.08B,8.06%,$1.02B,$0.12B,11.70%,$1.02B,$0.07B,6.98%,$1.02B,$0.05B,5.21%,$0.05B,$0.72B,7.73%,$0.05B,$0.28B,20.25%,$0.05B,$1.22B,4.48%,$0.08B,$0.94B,8.92%,$269,$203,$66,$0,$43,$243,$25,$-2,$23,$7,$16,$18,$15,$34,$25,$39,40,$0.38,$0.38,$134,$59,$98,$561,$183,$19,$432,$8,$657,$1218,$225,$222,$16,$277,$502,$0,$426,$15,$716,$1218,$57,$38,$-15,$22,$8,$-3,$0,$14,$31,$111,$-40,$-1,$-41,$0,$0,$0,$-1,$-83,$-24,$30,$6,$-11,$-11,$0,$5,$0,$28,$7,$0
24,2012-09-30,19.16,$17.76,1.08,$25.05,0.76,$1.76,10.87,$1.32,14.52,$0.54B,$0.21B,2.61,$0.23B,$0.70B,0.33,$0.99B,$0.24B,24.29%,$0.99B,$0.08B,8.06%,$0.99B,$0.08B,8.06%,$0.99B,$0.12B,11.79%,$0.99B,$0.07B,7.06%,$0.99B,$0.05B,5.34%,$0.05B,$0.70B,7.92%,$0.05B,$0.27B,21.09%,$0.05B,$1.19B,4.57%,$0.08B,$0.93B,8.86%,$263,$200,$63,$0,$42,$236,$27,$-3,$24,$5,$19,$21,$20,$36,$27,$39,40,$0.50,$0.49,$103,$62,$108,$540,$183,$26,$433,$5,$652,$1192,$207,$231,$19,$288,$494,$0,$412,$10,$697,$1192,$40,$29,$-4,$24,$4,$-6,$0,$1,$-5,$59,$-30,$-0,$-43,$0,$0,$0,$0,$-74,$-18,$31,$13,$-6,$-6,$0,$5,$12,$-5,$5,$0
25,2012-06-30,17.89,$17.08,1.05,$24.62,0.73,$0.43,41.63,$0.86,20.8,$0.53B,$0.20B,2.66,$0.24B,$0.67B,0.35,$0.98B,$0.23B,23.69%,$0.98B,$0.06B,6.36%,$0.98B,$0.06B,6.36%,$0.98B,$0.10B,10.15%,$0.98B,$0.05B,4.72%,$0.98B,$0.03B,3.49%,$0.03B,$0.67B,5.20%,$0.03B,$0.24B,13.92%,$0.03B,$1.17B,2.98%,$0.06B,$0.91B,6.99%,$254,$192,$62,$0,$42,$236,$19,$-4,$15,$4,$10,$12,$11,$28,$19,$39,40,$0.29,$0.29,$108,$60,$111,$526,$174,$26,$433,$7,$645,$1171,$197,$237,$26,$303,$500,$0,$392,$5,$671,$1171,$19,$19,$3,$23,$12,$-5,$0,$6,$5,$47,$-18,$-0,$-42,$0,$0,$0,$-1,$-61,$-12,$28,$17,$-6,$-6,$0,$5,$16,$1,$4,$0
26,2012-03-31,17.83,$16.80,1.06,$23.85,0.75,$-0.42,0.0,$0.76,23.46,$0.54B,$0.18B,2.97,$0.24B,$0.66B,0.37,$0.95B,$0.22B,22.73%,$0.95B,$0.05B,5.39%,$0.95B,$0.05B,5.39%,$0.95B,$0.09B,9.41%,$0.95B,$0.04B,4.12%,$0.95B,$0.03B,3.28%,$0.03B,$0.66B,4.78%,$0.03B,$0.26B,11.48%,$0.03B,$1.15B,2.83%,$0.05B,$0.90B,6.00%,$231,$178,$53,$0,$41,$220,$11,$-2,$9,$2,$6,$7,$7,$21,$11,$39,39,$0.17,$0.17,$131,$56,$114,$536,$171,$28,$400,$5,$609,$1146,$181,$244,$22,$305,$486,$0,$381,$9,$660,$1146,$7,$10,$2,$12,$11,$0,$0,$2,$0,$19,$-9,$-0,$-4,$0,$0,$0,$1,$-11,$-5,$25,$20,$-5,$-5,$0,$4,$19,$24,$2,$0
27,2011-12-31,15.34,$16.49,0.93,$23.31,0.66,$-0.89,0.0,$0.67,22.9,$0.52B,$0.19B,2.69,$0.22B,$0.65B,0.34,$0.93B,$0.20B,21.92%,$0.93B,$0.05B,4.86%,$0.93B,$0.05B,4.86%,$0.93B,$0.08B,8.75%,$0.93B,$0.03B,3.56%,$0.93B,$0.03B,2.92%,$0.03B,$0.65B,4.22%,$0.03B,$0.24B,9.08%,$0.03B,$1.13B,2.61%,$0.05B,$0.87B,5.60%,$244,$181,$63,$0,$40,$221,$23,$-1,$22,$6,$16,$17,$15,$32,$23,$39,40,$0.37,$0.37,$106,$55,$102,$518,$169,$19,$407,$6,$607,$1125,$193,$223,$22,$283,$476,$0,$374,$6,$649,$1125,$28,$36,$-4,$31,$-37,$-6,$0,$8,$-36,$23,$-21,$-1,$-144,$0,$0,$0,$0,$-166,$146,$-1,$145,$3,$3,$0,$-5,$142,$-9,$6,$0
28,2011-09-30,11.58,$16.01,0.72,$23.41,0.49,$-0.52,0.0,$0.74,15.65,$0.51B,$0.19B,2.66,$0.23B,$0.64B,0.36,$0.93B,$0.20B,21.55%,$0.93B,$0.05B,5.06%,$0.93B,$0.05B,5.06%,$0.93B,$0.08B,8.84%,$0.93B,$0.03B,3.45%,$0.93B,$0.03B,3.13%,$0.03B,$0.64B,4.57%,$0.03B,$0.24B,8.85%,$0.03B,$1.12B,2.94%,$0.05B,$0.87B,6.15%,$246,$194,$53,$0,$37,$237,$9,$-10,$-0,$-1,$0,$1,$1,$18,$9,$39,40,$0.03,$0.03,$97,$53,$120,$512,$169,$25,$400,$9,$610,$1123,$193,$229,$23,$293,$486,$0,$359,$4,$636,$1123,$12,$26,$-4,$22,$-42,$-5,$0,$3,$-43,$-9,$-15,$-1,$-142,$0,$0,$0,$0,$-159,$153,$-1,$151,$8,$8,$0,$-6,$153,$-18,$5,$0
29,2011-06-30,20.97,$16.45,1.27,$23.29,0.9,$0.09,227.93,$1.19,17.62,$0.47B,$0.16B,2.91,$0.11B,$0.65B,0.17,$0.92B,$0.21B,22.56%,$0.92B,$0.07B,7.05%,$0.92B,$0.07B,7.05%,$0.92B,$0.10B,10.74%,$0.92B,$0.06B,6.18%,$0.92B,$0.05B,5.10%,$0.05B,$0.65B,7.54%,$0.05B,$0.34B,13.34%,$0.05B,$0.99B,5.03%,$0.07B,$0.76B,9.03%,$225,$179,$46,$0,$38,$217,$8,$1,$8,$2,$7,$7,$8,$18,$8,$39,40,$0.19,$0.19,$108,$44,$105,$473,$170,$26,$309,$5,$514,$987,$162,$112,$23,$176,$338,$0,$358,$24,$649,$987,$10,$17,$-3,$15,$-3,$-1,$0,$2,$-20,$5,$-10,$-1,$-24,$0,$0,$0,$0,$-35,$-5,$23,$18,$3,$3,$0,$-2,$20,$-7,$4,$0
30,2011-03-31,26.75,$15.82,1.69,$23.46,1.14,$0.04,722.97,$1.40,19.11,$0.46B,$0.16B,2.93,$0.09B,$0.63B,0.14,$0.93B,$0.22B,23.84%,$0.93B,$0.08B,8.63%,$0.93B,$0.08B,8.63%,$0.93B,$0.11B,11.97%,$0.93B,$0.07B,7.55%,$0.93B,$0.06B,5.93%,$0.06B,$0.63B,9.13%,$0.06B,$0.37B,16.00%,$0.06B,$0.91B,6.06%,$0.08B,$0.71B,11.51%,$211,$169,$41,$0,$36,$205,$5,$-2,$3,$1,$2,$3,$3,$13,$5,$39,40,$0.08,$0.08,$108,$44,$104,$457,$162,$26,$254,$5,$452,$909,$156,$89,$9,$129,$284,$0,$350,$9,$625,$909,$3,$8,$-1,$7,$5,$-1,$0,$4,$-15,$-5,$-4,$-0,$0,$0,$0,$0,$0,$-4,$-3,$0,$-3,$3,$3,$0,$-1,$-1,$-7,$2,$0
31,2010-12-31,26.51,$15.97,1.66,$23.22,1.14,$0.05,503.04,$1.54,17.21,$0.47B,$0.17B,2.69,$0.09B,$0.63B,0.15,$0.92B,$0.23B,25.03%,$0.92B,$0.09B,9.62%,$0.92B,$0.09B,9.62%,$0.92B,$0.12B,12.90%,$0.92B,$0.08B,8.42%,$0.92B,$0.06B,6.56%,$0.06B,$0.63B,10.27%,$0.06B,$0.36B,18.49%,$0.06B,$0.93B,6.69%,$0.09B,$0.72B,12.95%,$246,$186,$60,$0,$35,$221,$25,$-3,$21,$5,$16,$18,$17,$33,$25,$39,39,$0.44,$0.43,$116,$43,$98,$467,$164,$28,$263,$4,$467,$933,$173,$92,$9,$133,$307,$0,$347,$18,$627,$933,$62,$31,$4,$35,$-39,$-10,$0,$9,$-44,$53,$-36,$-3,$0,$0,$0,$0,$0,$-39,$-10,$0,$-10,$2,$2,$0,$2,$-5,$9,$7,$0
32,2010-09-30,24.21,$15.08,1.61,$22.68,1.07,$0.82,29.68,$1.40,17.29,$0.45B,$0.18B,2.48,$0.09B,$0.59B,0.16,$0.88B,$0.23B,25.82%,$0.88B,$0.08B,9.17%,$0.88B,$0.08B,9.17%,$0.88B,$0.11B,12.57%,$0.88B,$0.07B,8.15%,$0.88B,$0.06B,6.23%,$0.06B,$0.59B,9.76%,$0.06B,$0.34B,18.03%,$0.06B,$0.91B,6.27%,$0.08B,$0.69B,12.25%,$240,$178,$61,$0,$36,$213,$27,$-2,$25,$8,$17,$20,$19,$35,$27,$39,39,$0.48,$0.48,$99,$41,$99,$450,$159,$26,$257,$6,$462,$911,$181,$94,$9,$139,$320,$0,$330,$3,$592,$911,$44,$23,$-1,$22,$-41,$-8,$0,$5,$-38,$28,$-28,$-2,$0,$0,$0,$0,$0,$-31,$-8,$-1,$-9,$2,$2,$0,$1,$-5,$-8,$5,$0
33,2010-06-30,20.48,$14.41,1.42,$21.77,0.94,$1.33,15.37,$1.15,17.81,$0.42B,$0.17B,2.43,$0.10B,$0.57B,0.17,$0.85B,$0.22B,26.04%,$0.85B,$0.07B,8.52%,$0.85B,$0.07B,8.52%,$0.85B,$0.10B,12.07%,$0.85B,$0.06B,7.46%,$0.85B,$0.05B,5.33%,$0.05B,$0.57B,8.23%,$0.05B,$0.31B,15.72%,$0.05B,$0.88B,5.24%,$0.07B,$0.66B,11.15%,$230,$171,$59,$0,$36,$207,$23,$-2,$21,$6,$15,$16,$16,$30,$23,$39,39,$0.40,$0.40,$91,$38,$103,$417,$157,$26,$258,$6,$462,$879,$172,$96,$12,$142,$314,$0,$311,$-1,$565,$879,$24,$15,$0,$16,$-26,$-7,$0,$2,$-27,$12,$-20,$-2,$0,$0,$0,$0,$0,$-22,$-5,$-2,$-7,$2,$2,$0,$2,$-3,$-16,$4,$0
34,2010-03-31,26.61,$14.09,1.89,$20.61,1.29,$1.45,18.33,$0.92,28.92,$0.40B,$0.17B,2.4,$0.10B,$0.55B,0.18,$0.80B,$0.21B,26.19%,$0.80B,$0.06B,7.77%,$0.80B,$0.06B,7.77%,$0.80B,$0.09B,11.65%,$0.80B,$0.05B,6.64%,$0.80B,$0.04B,4.51%,$0.04B,$0.55B,6.75%,$0.04B,$0.29B,13.33%,$0.04B,$0.87B,4.26%,$0.06B,$0.65B,9.79%,$199,$151,$49,$0,$36,$187,$13,$-2,$10,$3,$7,$8,$8,$20,$13,$39,39,$0.22,$0.22,$97,$37,$91,$403,$153,$28,$259,$7,$462,$865,$168,$99,$13,$144,$312,$0,$295,$4,$553,$865,$8,$8,$-0,$7,$-2,$-5,$0,$-2,$-13,$3,$-10,$-2,$0,$0,$0,$0,$0,$-12,$-3,$-2,$-4,$2,$2,$0,$2,$-0,$-11,$2,$0
35,2009-12-31,22.72,$13.96,1.63,$19.43,1.17,$1.50,15.13,$0.66,34.42,$0.41B,$0.17B,2.33,$0.10B,$0.54B,0.19,$0.73B,$0.19B,26.27%,$0.73B,$0.05B,6.74%,$0.73B,$0.05B,6.74%,$0.73B,$0.08B,10.73%,$0.73B,$0.04B,5.78%,$0.73B,$0.03B,3.71%,$0.03B,$0.54B,5.19%,$0.03B,$0.29B,10.44%,$0.03B,$0.86B,3.26%,$0.05B,$0.65B,7.88%,$214,$155,$59,$0,$37,$196,$18,$-2,$16,$5,$11,$12,$12,$26,$18,$37,38,$0.33,$0.34,$107,$32,$87,$405,$148,$28,$259,$9,$451,$856,$174,$102,$13,$139,$313,$0,$287,$8,$544,$856,$27,$28,$15,$43,$-19,$1,$0,$12,$-6,$64,$-20,$0,$-221,$0,$7,$7,$-2,$-236,$46,$-2,$45,$129,$129,$0,$-1,$173,$7,$5,$0
36,2009-09-30,19.14,$13.47,1.42,$18.60,1.03,$1.39,13.8,$0.70,27.34,$0.38B,$0.17B,2.31,$0.10B,$0.52B,0.19,$0.65B,$0.17B,26.31%,$0.65B,$0.05B,6.92%,$0.65B,$0.05B,6.92%,$0.65B,$0.07B,10.77%,$0.65B,$0.04B,6.15%,$0.65B,$0.03B,3.85%,$0.03B,$0.52B,5.24%,$0.03B,$0.26B,10.13%,$0.03B,$0.84B,3.32%,$0.05B,$0.62B,7.90%,$202,$149,$53,$0,$37,$184,$18,$-2,$16,$5,$11,$12,$9,$26,$18,$38,39,$0.24,$0.23,$93,$32,$83,$383,$138,$28,$263,$17,$452,$835,$166,$100,$45,$146,$312,$0,$275,$1,$524,$835,$15,$20,$10,$30,$-12,$0,$0,$10,$-11,$35,$-15,$-2,$-210,$0,$7,$7,$1,$-219,$45,$-2,$43,$128,$128,$0,$-1,$170,$-9,$4,$0
37,2009-06-30,16.97,$13.16,1.29,$18.32,0.93,$1.03,16.49,$0.71,23.9,$0.36B,$0.16B,2.27,$0.10B,$0.51B,0.2,$0.59B,$0.15B,25.60%,$0.59B,$0.04B,6.31%,$0.59B,$0.04B,6.31%,$0.59B,$0.06B,10.07%,$0.59B,$0.03B,5.80%,$0.59B,$0.02B,3.92%,$0.02B,$0.51B,5.28%,$0.02B,$0.24B,9.53%,$0.02B,$0.82B,3.38%,$0.04B,$0.61B,7.11%,$183,$135,$48,$0,$34,$170,$13,$-2,$11,$3,$8,$8,$7,$21,$13,$38,39,$0.17,$0.17,$81,$33,$80,$363,$140,$28,$269,$19,$462,$824,$160,$103,$51,$154,$314,$0,$266,$-0,$511,$824,$6,$12,$-2,$10,$-1,$-2,$0,$6,$-9,$8,$-10,$0,$-210,$0,$8,$8,$1,$-211,$48,$7,$54,$128,$128,$0,$0,$182,$-20,$2,$0
38,2009-03-31,15.64,$12.91,1.21,$18.43,0.85,$1.39,11.28,$0.66,23.7,$0.36B,$0.16B,2.25,$0.11B,$0.50B,0.21,$0.54B,$0.13B,24.68%,$0.54B,$0.03B,5.57%,$0.54B,$0.03B,5.57%,$0.54B,$0.05B,9.09%,$0.54B,$0.03B,5.38%,$0.54B,$0.02B,3.53%,$0.02B,$0.50B,4.76%,$0.02B,$0.25B,7.90%,$0.02B,$0.80B,3.11%,$0.03B,$0.61B,6.33%,$128,$97,$31,$0,$22,$128,$0,$-1,$-1,$-0,$-0,$-1,$-1,$5,$0,$33,33,$-0.04,$-0.04,$79,$30,$78,$361,$132,$32,$255,$16,$440,$801,$160,$105,$33,$139,$300,$0,$259,$-1,$501,$801,$-1,$5,$-3,$2,$-6,$1,$0,$2,$-3,$-2,$-2,$0,$-210,$0,$8,$8,$1,$-204,$50,$7,$57,$128,$128,$0,$0,$185,$-22,$1,$0
39,2008-12-31,19.69,$13.26,1.48,$19.06,1.03,$1.73,11.39,$0.77,25.57,$0.33B,$0.11B,2.96,$0.07B,$0.37B,0.18,$0.54B,$0.13B,24.02%,$0.54B,$0.03B,6.15%,$0.54B,$0.03B,6.15%,$0.54B,$0.05B,9.50%,$0.54B,$0.03B,6.33%,$0.54B,$0.02B,4.10%,$0.02B,$0.37B,6.06%,$0.02B,$0.24B,9.27%,$0.02B,$0.55B,4.03%,$0.03B,$0.44B,7.71%,$137,$98,$39,$0,$25,$123,$14,$0,$14,$4,$11,$11,$10,$18,$14,$28,28,$0.35,$0.34,$101,$16,$59,$325,$71,$7,$133,$4,$225,$549,$110,$65,$3,$69,$178,$0,$261,$-2,$371,$549,$23,$17,$11,$28,$-10,$1,$0,$-11,$-7,$43,$-13,$-3,$0,$0,$0,$0,$1,$-15,$0,$-0,$-0,$1,$1,$0,$0,$1,$20,$4,$0
40,2008-09-30,14.96,$12.92,1.16,$18.89,0.79,$0.50,29.8,$0.80,18.7,$0.32B,$0.11B,2.83,$0.07B,$0.36B,0.18,$0.53B,$0.12B,21.70%,$0.53B,$0.03B,5.28%,$0.53B,$0.03B,5.28%,$0.53B,$0.05B,8.87%,$0.53B,$0.03B,5.66%,$0.53B,$0.02B,4.15%,$0.02B,$0.36B,6.14%,$0.02B,$0.24B,9.35%,$0.02B,$0.55B,4.04%,$0.03B,$0.43B,6.62%,$138,$106,$32,$0,$22,$128,$10,$-0,$10,$2,$8,$8,$7,$15,$10,$27,28,$0.24,$0.24,$92,$17,$67,$322,$72,$0,$122,$24,$226,$548,$114,$65,$4,$73,$187,$0,$251,$2,$361,$548,$13,$13,$4,$17,$-21,$-0,$0,$-4,$-16,$14,$-10,$0,$0,$0,$0,$0,$1,$-8,$0,$0,$0,$0,$0,$0,$0,$1,$11,$4,$0
41,2008-06-30,15.23,$12.94,1.18,$18.56,0.82,$-0.24,0.0,$0.72,21.15,$0.31B,$0.11B,2.91,$0.07B,$0.36B,0.18,$0.52B,$0.11B,21.04%,$0.52B,$0.02B,4.25%,$0.52B,$0.02B,4.25%,$0.52B,$0.04B,7.72%,$0.52B,$0.02B,4.63%,$0.52B,$0.02B,3.67%,$0.02B,$0.36B,5.36%,$0.02B,$0.24B,8.21%,$0.02B,$0.54B,3.49%,$0.02B,$0.43B,5.25%,$136,$104,$31,$0,$25,$129,$6,$-0,$6,$2,$4,$4,$3,$11,$6,$28,28,$0.12,$0.12,$96,$18,$61,$314,$72,$0,$122,$27,$230,$544,$108,$65,$5,$75,$183,$0,$244,$10,$362,$544,$5,$8,$-0,$8,$-4,$0,$0,$1,$1,$14,$-6,$0,$0,$0,$0,$0,$1,$-4,$0,$-1,$-1,$0,$0,$0,$0,$-0,$14,$3,$0
42,2008-03-31,13.83,$12.87,1.07,$18.31,0.76,$-0.98,0.0,$0.72,19.21,$0.31B,$0.11B,2.82,$0.07B,$0.36B,0.18,$0.51B,$0.11B,20.91%,$0.51B,$0.02B,3.94%,$0.51B,$0.02B,3.94%,$0.51B,$0.04B,7.30%,$0.51B,$0.02B,4.14%,$0.51B,$0.02B,3.75%,$0.02B,$0.36B,5.46%,$0.02B,$0.23B,8.44%,$0.02B,$0.54B,3.51%,$0.02B,$0.42B,4.85%,$126,$99,$27,$0,$24,$123,$3,$0,$4,$1,$3,$2,$2,$7,$3,$27,28,$0.07,$0.07,$92,$18,$60,$312,$73,$0,$123,$26,$231,$543,$111,$65,$6,$75,$186,$0,$241,$11,$357,$543,$2,$4,$-2,$2,$2,$0,$0,$-2,$5,$8,$-3,$0,$0,$0,$0,$0,$-0,$-3,$0,$-1,$-1,$0,$0,$0,$0,$-1,$10,$1,$0
43,2007-12-31,14.8,$12.83,1.15,$18.02,0.82,$-1.46,0.0,$0.09,164.44,$0.31B,$0.11B,2.75,$0.07B,$0.35B,0.18,$0.50B,$0.10B,19.96%,$0.50B,$0.01B,2.62%,$0.50B,$0.01B,2.62%,$0.50B,$0.03B,6.05%,$0.50B,$0.01B,2.62%,$0.50B,$0.00B,0.40%,$0.00B,$0.35B,0.59%,$0.00B,$0.23B,0.92%,$0.00B,$0.54B,0.37%,$0.01B,$0.42B,3.21%,$130,$105,$25,$0,$20,$121,$9,$0,$10,$0,$9,$10,$10,$14,$9,$27,28,$0.37,$0.37,$81,$18,$64,$309,$73,$0,$123,$27,$232,$541,$112,$65,$7,$76,$189,$0,$239,$9,$353,$541,$3,$16,$5,$22,$-2,$2,$0,$-3,$-17,$8,$-12,$0,$0,$0,$0,$0,$2,$-11,$-16,$0,$-16,$4,$4,$0,$0,$-11,$-17,$3,$0
44,2007-09-30,15.23,$12.60,1.21,$16.43,0.93,$-0.31,0.0,$0.10,152.3,$0.31B,$0.13B,2.43,$0.07B,$0.35B,0.19,$0.45B,$0.11B,24.12%,$0.45B,$0.02B,4.20%,$0.45B,$0.02B,4.20%,$0.45B,$0.03B,7.08%,$0.45B,$0.02B,4.42%,$0.45B,$0.00B,0.44%,$0.00B,$0.35B,0.59%,$0.00B,$0.22B,0.93%,$0.00B,$0.55B,0.37%,$0.02B,$0.41B,4.73%,$126,$100,$26,$0,$22,$122,$4,$-0,$4,$-1,$4,$5,$4,$8,$4,$27,28,$0.16,$0.16,$80,$19,$87,$314,$91,$0,$123,$23,$236,$550,$129,$65,$8,$76,$205,$0,$229,$12,$345,$550,$-8,$12,$10,$22,$-3,$-0,$0,$-9,$-20,$-6,$-10,$0,$0,$0,$0,$0,$-4,$-14,$-16,$6,$-10,$2,$2,$0,$0,$-7,$-18,$3,$0
45,2007-06-30,21.81,$12.32,1.77,$17.12,1.27,$0.62,35.33,$0.15,145.4,$0.30B,$0.12B,2.52,$0.07B,$0.34B,0.19,$0.47B,$0.12B,24.47%,$0.47B,$0.02B,4.68%,$0.47B,$0.02B,4.68%,$0.47B,$0.04B,7.87%,$0.47B,$0.02B,5.11%,$0.47B,$0.00B,0.85%,$0.00B,$0.34B,1.20%,$0.00B,$0.21B,1.93%,$0.00B,$0.53B,0.75%,$0.02B,$0.40B,5.53%,$125,$97,$28,$0,$24,$121,$4,$-1,$3,$1,$3,$2,$3,$8,$4,$27,28,$0.12,$0.12,$76,$19,$88,$296,$90,$0,$123,$21,$234,$530,$117,$65,$9,$76,$194,$0,$224,$9,$336,$530,$-12,$8,$6,$14,$8,$-1,$0,$-2,$-6,$-5,$-8,$0,$0,$0,$0,$0,$-1,$-9,$-16,$-1,$-16,$1,$1,$0,$0,$-15,$-23,$3,$0
46,2007-03-31,20.79,$11.99,1.73,$18.19,1.14,$1.44,14.47,$0.23,90.39,$0.30B,$0.13B,2.36,$0.07B,$0.33B,0.2,$0.50B,$0.12B,24.25%,$0.50B,$0.03B,5.21%,$0.50B,$0.03B,5.21%,$0.50B,$0.04B,8.42%,$0.50B,$0.03B,5.81%,$0.50B,$0.01B,1.40%,$0.01B,$0.33B,2.12%,$0.01B,$0.20B,3.47%,$0.01B,$0.53B,1.31%,$0.03B,$0.39B,6.59%,$115,$95,$20,$0,$24,$119,$-4,$0,$-4,$-1,$-3,$-3,$-15,$0,$-4,$27,27,$-0.56,$-0.56,$81,$18,$82,$296,$90,$0,$123,$19,$232,$528,$125,$65,$8,$76,$201,$0,$221,$5,$327,$528,$-15,$4,$11,$15,$7,$-0,$0,$0,$-3,$-3,$-4,$0,$0,$0,$0,$0,$-0,$-4,$-16,$4,$-11,$1,$1,$0,$0,$-11,$-17,$2,$0
47,2006-12-31,25.86,$12.43,2.08,$19.22,1.35,$1.68,15.37,$0.90,28.73,$0.31B,$0.14B,2.27,$0.07B,$0.34B,0.19,$0.53B,$0.13B,24.62%,$0.53B,$0.04B,6.82%,$0.53B,$0.04B,6.82%,$0.53B,$0.05B,10.04%,$0.53B,$0.04B,7.20%,$0.53B,$0.03B,4.73%,$0.03B,$0.34B,7.67%,$0.03B,$0.22B,12.72%,$0.03B,$0.55B,4.71%,$0.04B,$0.40B,9.21%,$86,$51,$35,$0,$20,$71,$15,$2,$17,$5,$11,$12,$10,$16,$15,$27,28,$0.39,$0.38,$97,$18,$59,$310,$76,$0,$123,$15,$240,$550,$137,$65,$4,$75,$211,$0,$237,$3,$339,$550,$25,$17,$4,$21,$-17,$-2,$0,$3,$-6,$40,$-12,$0,$0,$0,$0,$0,$5,$-7,$-16,$-1,$-17,$4,$4,$0,$1,$-12,$19,$4,$0
