,Date,Stock Price,Book Value per Share,Price to Book Ratio,TTM Sales per Share,Price to Sales Ratio,TTM FCF per Share,Price to FCF Ratio,TTM Net EPS,PE Ratio,Current Assets,Current Liabilities,Current Ratio,Long Term Debt,Shareholder's Equity_x,Debt to Equity Ratio,TTM Revenue_x,TTM Gross Profit,Gross Margin,TTM Revenue_y,TTM Operating Income,Operating Margin,TTM Revenue_x,TTM EBIT,EBIT Margin,TTM Revenue_y,TTM EBITDA,EBITDA Margin,TTM Revenue_x,TTM Pre-Tax Income,Pre-Tax Margin,TTM Revenue_y,TTM Net Income_x,Net Margin,TTM Net Income_y,Shareholder's Equity_y,Return on Equity,TTM Net Income_x,Tangible Equity,Return on Tangible Equity,TTM Net Income_y,Total Assets,Return on Assets,TTM Net Income,LT Investments & Debt,Return on Investment,revenue,cost-goods-sold,gross-profit,research-development-expenses,selling-general-administrative-expenses,operating-expenses,operating-income,total-non-operating-income-expense,pre-tax-income,total-provision-income-taxes,income-after-taxes,income-from-continuous-operations,net-income,ebitda,ebit,basic-shares-outstanding,shares-outstanding,eps-basic-net-earnings-per-share,eps-earnings-per-share-diluted,cash-on-hand,inventory,other-current-assets,total-current-assets,net-property-plant-equipment,long-term-investments,goodwill-intangible-assets-total,other-long-term-assets,total-long-term-assets,total-assets,total-current-liabilities,long-term-debt,other-non-current-liabilities,total-long-term-liabilities,total-liabilities,common-stock-net,retained-earnings-accumulated-deficit,comprehensive-income,total-share-holder-equity,total-liabilities-share-holders-equity,net-income-loss,total-depreciation-amortization-cash-flow,other-non-cash-items,total-non-cash-items,change-in-accounts-receivable,change-in-inventories,change-in-accounts-payable,change-in-assets-liabilities,total-change-in-assets-liabilities,cash-flow-from-operating-activities,net-change-in-property-plant-equipment,net-change-in-intangible-assets,net-acquisitions-divestitures,net-change-in-short-term-investments,net-change-in-long-term-investments,net-change-in-investments-total,investing-activities-other,cash-flow-from-investing-activities,net-long-term-debt,net-current-debt,debt-issuance-retirement-net-total,net-common-equity-issued-repurchased,net-total-equity-issued-repurchased,total-common-preferred-stock-dividends-paid,financial-activities-other,cash-flow-from-financial-activities,net-cash-flow,stock-based-compensation,common-stock-dividends-paid
0,2018-09-30,51.65,$15.49,3.34,$18.72,2.76,$9.46,5.46,$2.47,20.91,$0.59B,$0.13B,4.69,$0.00B,$0.60B,0.0,$0.74B,$0.39B,52.28%,$0.74B,$0.21B,28.23%,$0.74B,$0.21B,28.23%,$0.74B,$0.22B,29.84%,$0.74B,$0.21B,28.36%,$0.74B,$0.10B,13.04%,$0.10B,$0.60B,16.91%,$0.10B,$0.44B,20.72%,$0.10B,$0.83B,12.06%,$0.21B,$0.60B,36.62%,$173,$88,$86,$18,$25,$133,$40,$0,$40,$5,$35,$35,$35,$43,$40,$39,39,$0.89,$0.89,$342,$110,$10,$585,$30,$0,$158,$6,$249,$834,$125,$0,$41,$109,$234,$0,$481,$-2,$600,$834,$128,$9,$3,$13,$-7,$-22,$-9,$1,$-27,$114,$-17,$0,$-94,$0,$-0,$-0,$0,$-110,$0,$0,$0,$-72,$-72,$0,$0,$-72,$-69,$7,$0
1,2018-06-30,58.09,$15.18,3.83,$18.70,3.11,$10.14,5.73,$3.67,15.83,$0.67B,$0.13B,5.07,$0.00B,$0.60B,0.0,$0.75B,$0.40B,52.81%,$0.75B,$0.22B,29.68%,$0.75B,$0.22B,29.68%,$0.75B,$0.23B,31.15%,$0.75B,$0.22B,29.81%,$0.75B,$0.15B,19.52%,$0.15B,$0.60B,26.05%,$0.15B,$0.51B,30.88%,$0.15B,$0.84B,18.82%,$0.22B,$0.60B,39.61%,$196,$95,$101,$19,$25,$140,$56,$-0,$56,$9,$46,$46,$46,$59,$56,$39,40,$1.18,$1.17,$436,$110,$7,$671,$24,$0,$87,$4,$164,$835,$132,$0,$38,$107,$240,$0,$446,$-1,$596,$835,$93,$6,$4,$10,$-9,$-32,$9,$7,$-17,$85,$-9,$0,$-9,$0,$-0,$-0,$0,$-19,$0,$0,$0,$-38,$-38,$0,$-3,$-41,$25,$6,$0
2,2018-03-31,63.9,$14.60,4.38,$17.87,3.58,$10.63,6.01,$3.64,17.55,$0.65B,$0.13B,5.14,$0.00B,$0.58B,0.0,$0.72B,$0.38B,53.06%,$0.72B,$0.21B,29.81%,$0.72B,$0.21B,29.81%,$0.72B,$0.22B,31.20%,$0.72B,$0.22B,29.94%,$0.72B,$0.15B,20.33%,$0.15B,$0.58B,27.40%,$0.15B,$0.49B,32.52%,$0.15B,$0.81B,19.86%,$0.21B,$0.58B,40.17%,$196,$92,$104,$18,$29,$140,$56,$0,$56,$10,$46,$46,$46,$59,$56,$40,40,$1.17,$1.16,$417,$97,$8,$651,$21,$0,$88,$4,$163,$814,$127,$0,$39,$110,$236,$0,$399,$5,$577,$814,$47,$3,$3,$6,$-17,$-17,$12,$-2,$-19,$33,$-4,$0,$-6,$0,$0,$0,$0,$-10,$0,$0,$0,$-17,$-17,$0,$0,$-17,$6,$4,$0
3,2017-12-31,67.48,$13.15,5.13,$16.69,4.04,$10.86,6.21,$3.41,19.79,$0.60B,$0.11B,5.61,$0.00B,$0.52B,0.0,$0.67B,$0.36B,53.06%,$0.67B,$0.20B,29.96%,$0.67B,$0.20B,29.96%,$0.67B,$0.21B,31.30%,$0.67B,$0.20B,29.66%,$0.67B,$0.14B,20.57%,$0.14B,$0.52B,27.77%,$0.14B,$0.43B,33.03%,$0.14B,$0.73B,20.12%,$0.20B,$0.52B,40.44%,$179,$81,$98,$16,$23,$121,$58,$1,$59,$88,$-29,$-29,$-30,$61,$58,$40,40,$-0.74,$-0.73,$410,$78,$8,$595,$18,$0,$87,$3,$138,$733,$106,$0,$36,$107,$213,$0,$333,$3,$521,$733,$138,$9,$36,$45,$-7,$-19,$2,$6,$-0,$183,$-9,$0,$-17,$2,$-0,$2,$-3,$-28,$0,$0,$0,$-31,$-31,$0,$0,$-31,$126,$13,$0
4,2017-09-30,80.76,$13.84,5.84,$15.61,5.17,$9.35,8.64,$5.27,15.32,$0.54B,$0.09B,5.95,$0.00B,$0.55B,0.0,$0.63B,$0.33B,52.63%,$0.63B,$0.18B,29.03%,$0.63B,$0.18B,29.03%,$0.63B,$0.19B,30.14%,$0.63B,$0.18B,28.55%,$0.63B,$0.21B,33.81%,$0.21B,$0.55B,45.62%,$0.21B,$0.46B,54.36%,$0.21B,$0.72B,32.83%,$0.18B,$0.55B,39.16%,$177,$84,$92,$15,$25,$125,$52,$0,$52,$-32,$84,$84,$84,$54,$52,$40,40,$2.11,$2.09,$370,$74,$9,$541,$16,$0,$88,$2,$180,$721,$91,$0,$23,$82,$173,$0,$363,$-2,$548,$721,$167,$7,$-22,$-15,$4,$-15,$-6,$3,$-20,$133,$-6,$0,$-17,$0,$2,$2,$-3,$-25,$0,$0,$0,$-27,$-27,$0,$0,$-27,$83,$11,$0
5,2017-06-30,64.69,$12.15,5.32,$14.39,4.5,$8.02,8.06,$3.94,16.42,$0.54B,$0.10B,5.14,$0.00B,$0.49B,0.0,$0.58B,$0.30B,52.69%,$0.58B,$0.16B,28.42%,$0.58B,$0.16B,28.42%,$0.58B,$0.17B,29.64%,$0.58B,$0.16B,27.90%,$0.58B,$0.16B,27.38%,$0.16B,$0.49B,37.94%,$0.16B,$0.41B,45.76%,$0.16B,$0.67B,26.32%,$0.16B,$0.49B,39.38%,$166,$79,$87,$15,$24,$118,$48,$-0,$48,$2,$46,$46,$46,$50,$48,$40,40,$1.16,$1.14,$381,$76,$10,$537,$15,$0,$71,$2,$136,$673,$104,$0,$22,$83,$188,$0,$279,$-3,$485,$673,$84,$4,$2,$6,$16,$-19,$5,$6,$10,$100,$-3,$0,$0,$1,$-0,$1,$-21,$-24,$0,$0,$0,$0,$0,$0,$-2,$-2,$76,$7,$0
6,2017-03-31,68.56,$10.92,6.28,$13.24,5.18,$6.63,10.33,$3.56,19.26,$0.48B,$0.10B,4.87,$0.00B,$0.43B,0.0,$0.53B,$0.28B,52.64%,$0.53B,$0.15B,27.55%,$0.53B,$0.15B,27.55%,$0.53B,$0.15B,28.87%,$0.53B,$0.14B,27.17%,$0.53B,$0.14B,26.98%,$0.14B,$0.43B,38.06%,$0.14B,$0.36B,47.12%,$0.14B,$0.62B,25.62%,$0.15B,$0.43B,38.86%,$149,$71,$79,$13,$22,$106,$43,$-3,$40,$5,$35,$35,$38,$45,$43,$40,40,$0.94,$0.93,$323,$65,$9,$483,$14,$0,$70,$2,$134,$617,$99,$0,$21,$83,$182,$0,$233,$-4,$434,$617,$38,$2,$2,$4,$-0,$-8,$5,$-2,$-2,$40,$-1,$0,$0,$0,$0,$0,$-3,$-5,$0,$0,$0,$-2,$-2,$0,$0,$-2,$35,$3,$0
7,2016-12-31,54.75,$9.87,5.55,$12.09,4.53,$5.93,9.23,$3.19,17.16,$0.44B,$0.10B,4.61,$0.00B,$0.39B,0.0,$0.48B,$0.25B,52.27%,$0.48B,$0.13B,26.24%,$0.48B,$0.13B,26.24%,$0.48B,$0.13B,27.69%,$0.48B,$0.13B,26.45%,$0.48B,$0.13B,26.24%,$0.13B,$0.39B,37.41%,$0.13B,$0.32B,47.83%,$0.13B,$0.57B,24.26%,$0.13B,$0.39B,37.41%,$135,$64,$72,$11,$21,$97,$39,$0,$39,$-2,$40,$40,$44,$40,$39,$40,40,$1.11,$1.10,$287,$56,$9,$438,$13,$0,$70,$2,$133,$572,$95,$0,$21,$84,$179,$0,$195,$-7,$392,$572,$127,$8,$-8,$-0,$-22,$-6,$19,$1,$-8,$119,$-7,$0,$0,$8,$-1,$7,$0,$0,$0,$0,$0,$2,$2,$0,$-0,$2,$120,$6,$0
8,2016-09-30,47.32,$8.94,5.29,$10.85,4.36,$5.60,8.45,$2.97,15.93,$0.42B,$0.10B,4.41,$0.00B,$0.36B,0.0,$0.44B,$0.22B,51.38%,$0.44B,$0.10B,23.85%,$0.44B,$0.10B,23.85%,$0.44B,$0.11B,25.69%,$0.44B,$0.10B,23.85%,$0.44B,$0.12B,27.29%,$0.12B,$0.36B,38.70%,$0.12B,$0.28B,51.35%,$0.12B,$0.54B,23.98%,$0.10B,$0.36B,33.82%,$127,$60,$66,$11,$19,$92,$34,$-0,$34,$5,$29,$29,$30,$36,$34,$40,40,$0.77,$0.76,$250,$56,$8,$421,$12,$0,$74,$2,$118,$539,$95,$0,$17,$88,$184,$0,$151,$2,$355,$539,$83,$6,$-7,$-1,$-14,$-5,$11,$1,$-4,$78,$-5,$0,$0,$7,$-1,$6,$0,$2,$0,$0,$0,$2,$2,$0,$-0,$2,$81,$4,$0
9,2016-06-30,37.96,$8.11,4.68,$10.34,3.67,$5.43,6.99,$2.61,14.54,$0.39B,$0.10B,3.92,$0.00B,$0.32B,0.0,$0.42B,$0.22B,51.79%,$0.42B,$0.10B,23.87%,$0.42B,$0.10B,23.87%,$0.42B,$0.11B,25.78%,$0.42B,$0.10B,23.63%,$0.42B,$0.11B,25.06%,$0.11B,$0.32B,36.52%,$0.11B,$0.25B,49.94%,$0.11B,$0.51B,21.43%,$0.10B,$0.32B,34.78%,$119,$57,$62,$11,$19,$88,$30,$1,$31,$4,$27,$27,$31,$32,$30,$40,40,$0.77,$0.76,$215,$57,$9,$387,$11,$0,$75,$2,$118,$505,$99,$0,$18,$84,$183,$0,$121,$1,$322,$505,$53,$4,$-7,$-3,$-11,$-7,$10,$-0,$-7,$44,$-3,$0,$0,$0,$6,$6,$0,$3,$0,$0,$0,$2,$2,$0,$-0,$2,$48,$3,$0
10,2016-03-31,34.79,$7.25,4.8,$10.00,3.48,$5.67,6.13,$-3.83,0.0,$0.36B,$0.10B,3.62,$0.00B,$0.29B,0.0,$0.41B,$0.21B,51.83%,$0.41B,$0.10B,24.21%,$0.41B,$0.10B,24.21%,$0.41B,$0.11B,26.16%,$0.41B,$0.10B,23.72%,$0.41B,$-0.16B,-38.63%,$-0.16B,$0.29B,-58.09%,$-0.16B,$0.21B,-81.87%,$-0.16B,$0.48B,-32.13%,$0.10B,$0.29B,36.40%,$103,$50,$53,$11,$18,$79,$24,$0,$24,$4,$20,$20,$22,$26,$24,$40,40,$0.56,$0.56,$184,$58,$9,$358,$11,$0,$77,$2,$121,$478,$99,$0,$19,$90,$189,$0,$90,$1,$289,$478,$22,$2,$-1,$1,$-12,$-7,$9,$-4,$-11,$12,$-1,$0,$0,$0,$4,$4,$0,$3,$0,$0,$0,$1,$1,$0,$-0,$1,$15,$1,$0
11,2015-12-31,28.23,$6.63,4.26,$10.09,2.8,$6.10,4.63,$-3.87,0.0,$0.32B,$0.10B,3.1,$0.00B,$0.26B,0.0,$0.42B,$0.22B,52.40%,$0.42B,$0.11B,25.72%,$0.42B,$0.11B,25.72%,$0.42B,$0.12B,27.64%,$0.42B,$0.11B,25.24%,$0.42B,$-0.16B,-38.22%,$-0.16B,$0.26B,-49.57%,$-0.16B,$0.19B,-78.23%,$-0.16B,$0.46B,-29.12%,$0.11B,$0.26B,33.36%,$87,$44,$43,$9,$16,$71,$16,$-2,$15,$3,$11,$11,$36,$18,$16,$40,41,$0.90,$0.89,$170,$53,$8,$322,$10,$0,$77,$2,$140,$463,$104,$0,$19,$95,$199,$0,$68,$1,$264,$463,$-158,$9,$234,$243,$18,$-7,$3,$-12,$21,$105,$-4,$0,$-0,$21,$-30,$-9,$-0,$-13,$0,$0,$0,$-46,$-46,$0,$-0,$-46,$44,$3,$0
12,2015-09-30,26.3,$6.71,3.92,$10.66,2.47,$5.43,4.85,$-4.53,0.0,$0.39B,$0.14B,2.76,$0.00B,$0.28B,0.0,$0.44B,$0.23B,52.85%,$0.44B,$0.12B,27.33%,$0.44B,$0.12B,27.33%,$0.44B,$0.12B,27.33%,$0.44B,$0.12B,27.11%,$0.44B,$-0.19B,-42.37%,$-0.19B,$0.28B,-49.80%,$-0.19B,$0.20B,-73.16%,$-0.19B,$0.51B,-30.92%,$0.12B,$0.28B,32.13%,$110,$51,$59,$10,$17,$80,$30,$-1,$29,$6,$23,$23,$16,$32,$30,$41,41,$0.40,$0.40,$199,$72,$12,$393,$13,$0,$80,$2,$120,$514,$143,$0,$39,$96,$238,$0,$32,$-0,$275,$514,$-195,$7,$240,$247,$11,$5,$7,$-3,$20,$72,$-3,$0,$-0,$0,$-12,$-12,$-0,$-15,$0,$0,$0,$4,$4,$0,$1,$4,$59,$2,$0
13,2015-06-30,27.49,$6.35,4.33,$11.54,2.38,$5.06,5.44,$-4.63,0.0,$0.39B,$0.15B,2.53,$0.00B,$0.26B,0.0,$0.47B,$0.22B,46.82%,$0.47B,$0.10B,20.97%,$0.47B,$0.10B,20.97%,$0.47B,$0.10B,21.82%,$0.47B,$0.10B,20.97%,$0.47B,$-0.19B,-40.25%,$-0.19B,$0.26B,-45.10%,$-0.19B,$0.18B,-74.51%,$-0.19B,$0.51B,-29.35%,$0.10B,$0.26B,23.50%,$109,$52,$57,$10,$17,$80,$29,$0,$29,$6,$23,$23,$-232,$31,$29,$41,41,$-5.68,$-5.68,$183,$78,$11,$390,$12,$0,$82,$2,$122,$512,$154,$0,$40,$97,$252,$0,$15,$2,$260,$512,$-211,$5,$229,$234,$12,$12,$4,$-5,$31,$54,$-2,$0,$0,$0,$-10,$-10,$-0,$-12,$0,$0,$0,$3,$3,$0,$0,$4,$44,$1,$0
14,2015-03-31,25.66,$11.84,2.17,$12.46,2.06,$4.85,5.29,$1.31,19.59,$0.41B,$0.12B,3.56,$0.00B,$0.48B,0.0,$0.51B,$0.22B,42.63%,$0.51B,$0.08B,16.11%,$0.51B,$0.08B,16.11%,$0.51B,$0.09B,17.49%,$0.51B,$0.08B,16.11%,$0.51B,$0.05B,10.41%,$0.05B,$0.48B,11.22%,$0.05B,$0.25B,20.09%,$0.05B,$0.70B,7.62%,$0.08B,$0.48B,17.35%,$110,$50,$59,$10,$17,$78,$32,$1,$32,$7,$26,$26,$21,$34,$32,$41,41,$0.52,$0.52,$156,$98,$10,$410,$26,$0,$232,$2,$285,$695,$115,$0,$39,$96,$211,$0,$248,$-4,$484,$695,$21,$2,$-5,$-3,$1,$-1,$9,$-5,$10,$29,$-0,$0,$0,$0,$0,$0,$-0,$-0,$0,$0,$0,$2,$2,$0,$0,$2,$28,$0,$0
15,2014-12-31,23.7,$11.69,2.03,$13.16,1.8,$4.29,5.52,$1.14,20.79,$0.38B,$0.11B,3.35,$0.00B,$0.48B,0.0,$0.54B,$0.21B,39.07%,$0.54B,$0.07B,12.41%,$0.54B,$0.07B,12.41%,$0.54B,$0.08B,14.26%,$0.54B,$0.07B,12.41%,$0.54B,$0.05B,8.70%,$0.05B,$0.48B,9.99%,$0.05B,$0.39B,17.55%,$0.05B,$0.69B,6.83%,$0.07B,$0.48B,14.24%,$110,$54,$57,$10,$16,$82,$29,$0,$29,$6,$23,$23,$9,$23,$29,$40,41,$0.23,$0.23,$124,$46,$6,$377,$10,$0,$84,$2,$308,$685,$113,$0,$23,$97,$210,$0,$226,$11,$475,$685,$47,$10,$19,$29,$-4,$-7,$2,$-1,$1,$77,$-3,$0,$-57,$0,$8,$8,$-3,$-55,$0,$0,$0,$-9,$-9,$0,$-25,$-34,$-13,$4,$0
16,2014-09-30,18.79,$11.63,1.62,$14.15,1.33,$3.27,5.74,$1.74,10.8,$0.37B,$0.13B,2.95,$0.00B,$0.47B,0.0,$0.58B,$0.21B,36.54%,$0.58B,$0.06B,9.95%,$0.58B,$0.06B,9.95%,$0.58B,$0.07B,11.49%,$0.58B,$0.06B,9.95%,$0.58B,$0.07B,12.35%,$0.07B,$0.47B,15.39%,$0.07B,$0.20B,29.78%,$0.07B,$0.70B,10.59%,$0.06B,$0.47B,12.40%,$143,$95,$48,$15,$20,$134,$9,$-1,$9,$-4,$12,$12,$12,$15,$9,$40,40,$0.31,$0.30,$106,$119,$12,$373,$31,$0,$268,$3,$324,$697,$126,$0,$40,$105,$231,$0,$217,$17,$466,$697,$38,$16,$5,$21,$17,$-3,$-0,$-11,$-1,$57,$-5,$0,$-57,$0,$9,$9,$0,$-53,$-14,$0,$-14,$-15,$-15,$0,$-10,$-38,$-35,$5,$0
17,2014-06-30,19.25,$11.66,1.65,$14.13,1.36,$1.70,11.33,$1.46,13.18,$0.40B,$0.14B,2.85,$0.00B,$0.47B,0.0,$0.58B,$0.22B,37.91%,$0.58B,$0.05B,8.06%,$0.58B,$0.05B,8.06%,$0.58B,$0.05B,9.26%,$0.58B,$0.05B,8.23%,$0.58B,$0.06B,10.46%,$0.06B,$0.47B,13.41%,$0.06B,$0.21B,24.04%,$0.06B,$0.70B,9.20%,$0.05B,$0.47B,10.33%,$146,$94,$53,$16,$23,$135,$12,$0,$12,$1,$11,$11,$11,$17,$12,$41,41,$0.26,$0.26,$130,$118,$13,$398,$33,$0,$252,$2,$306,$704,$140,$0,$43,$99,$239,$0,$205,$32,$465,$704,$25,$10,$7,$17,$8,$-3,$13,$-17,$5,$47,$-3,$0,$-27,$0,$-1,$-1,$0,$-31,$-9,$0,$-9,$-16,$-16,$0,$-10,$-36,$-21,$3,$0
18,2014-03-31,24.5,$11.60,2.11,$14.06,1.74,$0.29,83.08,$0.96,25.52,$0.40B,$0.12B,3.29,$0.00B,$0.48B,0.0,$0.58B,$0.22B,38.30%,$0.58B,$0.02B,3.99%,$0.58B,$0.02B,3.99%,$0.58B,$0.03B,5.37%,$0.58B,$0.02B,4.16%,$0.58B,$0.04B,6.93%,$0.04B,$0.48B,9.11%,$0.04B,$0.27B,15.61%,$0.04B,$0.67B,6.25%,$0.02B,$0.48B,5.24%,$141,$88,$53,$14,$20,$124,$17,$-0,$17,$2,$15,$15,$15,$22,$17,$41,42,$0.36,$0.35,$123,$110,$12,$402,$33,$0,$207,$2,$264,$666,$122,$0,$14,$68,$190,$0,$194,$32,$476,$666,$15,$5,$2,$7,$-12,$-0,$8,$-12,$-15,$7,$-2,$0,$-30,$0,$-1,$-1,$0,$-33,$1,$0,$1,$7,$7,$0,$-11,$-2,$-28,$2,$0
19,2013-12-31,22.86,$11.47,1.99,$13.52,1.69,$0.15,156.36,$0.78,29.31,$0.42B,$0.12B,3.41,$0.00B,$0.46B,0.0,$0.55B,$0.21B,38.32%,$0.55B,$0.01B,2.55%,$0.55B,$0.01B,2.55%,$0.55B,$0.02B,4.01%,$0.55B,$0.02B,2.74%,$0.55B,$0.03B,5.84%,$0.03B,$0.46B,7.59%,$0.03B,$0.29B,12.11%,$0.03B,$0.65B,5.23%,$0.01B,$0.46B,3.32%,$153,$94,$59,$13,$22,$133,$20,$0,$20,$-14,$34,$34,$34,$13,$20,$40,41,$0.85,$0.83,$150,$110,$11,$417,$35,$0,$177,$2,$236,$653,$122,$0,$16,$66,$189,$0,$179,$33,$464,$653,$32,$7,$8,$15,$-18,$-2,$13,$22,$-12,$35,$-3,$0,$0,$0,$14,$14,$-82,$-71,$0,$0,$0,$26,$26,$0,$-0,$26,$-8,$10,$0
20,2013-09-30,17.51,$10.38,1.69,$12.69,1.38,$1.90,9.2,$0.08,218.88,$0.40B,$0.13B,3.08,$0.00B,$0.42B,0.0,$0.51B,$0.19B,37.40%,$0.51B,$-0.00B,-0.20%,$0.51B,$-0.00B,-0.20%,$0.51B,$0.02B,3.74%,$0.51B,$0.00B,0.20%,$0.51B,$0.00B,0.59%,$0.00B,$0.42B,0.74%,$0.00B,$0.25B,1.14%,$0.00B,$0.63B,0.51%,$-0.00B,$0.42B,-0.25%,$143,$87,$56,$15,$22,$144,$-2,$0,$-1,$-2,$1,$1,$1,$2,$-2,$40,41,$0.02,$0.02,$105,$123,$14,$401,$36,$0,$169,$8,$227,$628,$130,$0,$51,$83,$213,$0,$143,$32,$415,$628,$-2,$14,$54,$68,$-36,$-23,$8,$-6,$-71,$-5,$-7,$0,$-75,$0,$13,$13,$0,$-69,$-1,$0,$-1,$20,$20,$0,$-1,$18,$-54,$9,$0
21,2013-06-30,17.41,$10.11,1.72,$12.23,1.42,$4.41,3.95,$0.21,82.9,$0.37B,$0.14B,2.72,$0.00B,$0.40B,0.0,$0.48B,$0.18B,37.27%,$0.48B,$0.01B,2.28%,$0.48B,$0.01B,2.28%,$0.48B,$0.03B,6.42%,$0.48B,$0.01B,2.48%,$0.48B,$0.01B,1.66%,$0.01B,$0.40B,2.03%,$0.01B,$0.22B,2.91%,$0.01B,$0.62B,1.44%,$0.01B,$0.40B,2.79%,$140,$86,$53,$16,$23,$151,$-12,$-0,$-12,$-2,$-10,$-10,$-10,$-6,$-12,$39,40,$-0.25,$-0.24,$99,$102,$14,$374,$41,$0,$179,$8,$241,$615,$137,$0,$45,$76,$213,$0,$142,$26,$402,$615,$-3,$11,$34,$44,$-40,$-4,$8,$-2,$-51,$-10,$-4,$0,$-77,$27,$-13,$14,$0,$-67,$2,$0,$2,$17,$17,$0,$-1,$18,$-60,$5,$0
22,2013-03-31,18.3,$10.32,1.77,$11.68,1.57,$6.29,2.91,$0.67,27.31,$0.39B,$0.08B,4.73,$0.00B,$0.41B,0.0,$0.46B,$0.17B,37.25%,$0.46B,$0.03B,7.41%,$0.46B,$0.03B,7.41%,$0.46B,$0.05B,11.55%,$0.46B,$0.04B,8.06%,$0.46B,$0.03B,5.88%,$0.03B,$0.41B,7.01%,$0.03B,$0.30B,9.33%,$0.03B,$0.55B,5.13%,$0.03B,$0.41B,8.83%,$112,$70,$42,$14,$18,$104,$8,$-0,$8,$1,$7,$7,$7,$13,$8,$39,40,$0.18,$0.17,$182,$80,$8,$389,$37,$0,$104,$7,$162,$552,$82,$0,$30,$64,$147,$0,$152,$27,$405,$552,$7,$5,$6,$12,$-14,$1,$2,$-2,$-18,$0,$-1,$0,$0,$0,$13,$13,$0,$12,$0,$0,$0,$12,$12,$0,$-1,$11,$23,$2,$0
23,2012-12-31,13.81,$10.26,1.35,$11.41,1.21,$7.08,1.95,$0.53,26.05,$0.37B,$0.09B,4.33,$0.00B,$0.39B,0.0,$0.45B,$0.17B,37.31%,$0.45B,$0.03B,5.96%,$0.45B,$0.03B,5.96%,$0.45B,$0.05B,9.93%,$0.45B,$0.03B,6.62%,$0.45B,$0.02B,4.64%,$0.02B,$0.39B,5.50%,$0.02B,$0.28B,7.25%,$0.02B,$0.54B,4.06%,$0.03B,$0.39B,7.08%,$113,$74,$39,$14,$16,$107,$5,$0,$6,$1,$5,$5,$5,$10,$5,$39,39,$0.12,$0.11,$172,$81,$9,$371,$40,$0,$107,$8,$166,$537,$86,$0,$11,$62,$148,$0,$147,$30,$390,$537,$21,$18,$8,$26,$50,$-0,$-3,$4,$65,$111,$-10,$0,$-15,$0,$-1,$-1,$2,$-25,$0,$0,$0,$-53,$-53,$0,$-1,$-55,$29,$13,$0
24,2012-09-30,12.33,$10.00,1.23,$11.11,1.11,$4.97,2.48,$0.34,36.26,$0.39B,$0.09B,4.13,$0.00B,$0.38B,0.0,$0.45B,$0.17B,37.39%,$0.45B,$0.02B,4.20%,$0.45B,$0.02B,4.20%,$0.45B,$0.04B,7.96%,$0.45B,$0.02B,4.87%,$0.45B,$0.01B,2.88%,$0.01B,$0.38B,3.37%,$0.01B,$0.29B,4.36%,$0.01B,$0.52B,2.52%,$0.02B,$0.38B,4.93%,$118,$72,$46,$15,$17,$108,$10,$0,$10,$4,$6,$6,$6,$14,$10,$38,38,$0.15,$0.15,$174,$88,$6,$386,$39,$0,$86,$9,$136,$522,$94,$0,$27,$50,$143,$0,$140,$29,$378,$522,$16,$13,$15,$28,$31,$-7,$8,$8,$49,$92,$-7,$0,$0,$-21,$23,$3,$2,$-2,$0,$0,$0,$-54,$-54,$0,$-1,$-55,$33,$10,$0
25,2012-06-30,13.42,$9.76,1.37,$10.98,1.22,$3.01,4.46,$0.34,39.47,$0.36B,$0.08B,4.32,$0.00B,$0.37B,0.0,$0.46B,$0.17B,37.23%,$0.46B,$0.02B,4.33%,$0.46B,$0.02B,4.33%,$0.46B,$0.04B,7.79%,$0.46B,$0.02B,4.76%,$0.46B,$0.01B,3.03%,$0.01B,$0.37B,3.52%,$0.01B,$0.28B,4.55%,$0.01B,$0.50B,2.67%,$0.02B,$0.37B,5.03%,$116,$72,$44,$15,$17,$104,$11,$2,$13,$4,$9,$9,$9,$16,$11,$39,40,$0.23,$0.23,$149,$81,$11,$358,$40,$0,$87,$9,$138,$496,$83,$0,$23,$45,$128,$0,$135,$28,$368,$496,$10,$9,$8,$16,$31,$-1,$-2,$0,$38,$65,$-4,$0,$0,$0,$-3,$-3,$2,$-5,$0,$0,$0,$-55,$-55,$0,$-1,$-56,$3,$7,$0
26,2012-03-31,13.12,$9.73,1.35,$11.18,1.17,$1.59,8.27,$0.43,30.51,$0.37B,$0.08B,4.73,$0.00B,$0.39B,0.0,$0.48B,$0.18B,37.81%,$0.48B,$0.03B,5.37%,$0.48B,$0.03B,5.37%,$0.48B,$0.04B,8.47%,$0.48B,$0.03B,5.37%,$0.48B,$0.02B,3.93%,$0.02B,$0.39B,4.64%,$0.02B,$0.30B,5.97%,$0.02B,$0.51B,3.55%,$0.03B,$0.39B,6.35%,$106,$66,$40,$15,$20,$105,$1,$0,$1,$0,$1,$1,$1,$5,$1,$41,41,$0.03,$0.03,$151,$83,$11,$372,$41,$0,$89,$9,$141,$512,$79,$0,$21,$44,$123,$0,$126,$27,$390,$512,$1,$4,$9,$13,$29,$-2,$-7,$3,$21,$35,$-3,$0,$0,$5,$-4,$0,$0,$-3,$0,$0,$0,$-22,$-22,$0,$-0,$-22,$8,$5,$0
27,2011-12-31,10.73,$9.71,1.11,$11.74,0.91,$0.78,13.72,$0.83,12.93,$0.39B,$0.09B,4.28,$0.00B,$0.41B,0.0,$0.52B,$0.21B,39.73%,$0.52B,$0.05B,9.50%,$0.52B,$0.05B,9.50%,$0.52B,$0.06B,12.40%,$0.52B,$0.05B,9.69%,$0.52B,$0.04B,7.17%,$0.04B,$0.41B,9.00%,$0.04B,$0.32B,11.62%,$0.04B,$0.53B,6.88%,$0.05B,$0.41B,11.91%,$112,$74,$39,$14,$22,$116,$-3,$1,$-2,$0,$-3,$-3,$-3,$1,$-3,$43,44,$-0.06,$-0.06,$143,$80,$12,$390,$42,$0,$90,$9,$143,$533,$91,$0,$12,$35,$126,$0,$125,$29,$407,$533,$36,$15,$19,$33,$-12,$-3,$-11,$3,$-32,$38,$-19,$0,$0,$0,$-16,$-16,$0,$-35,$0,$0,$0,$-16,$-16,$0,$-1,$-17,$-13,$13,$0
28,2011-09-30,8.62,$9.74,0.89,$12.60,0.68,$0.33,25.98,$1.61,5.35,$0.41B,$0.10B,4.21,$0.00B,$0.43B,0.0,$0.55B,$0.23B,41.77%,$0.55B,$0.08B,13.74%,$0.55B,$0.08B,13.74%,$0.55B,$0.09B,16.27%,$0.55B,$0.08B,13.74%,$0.55B,$0.07B,12.84%,$0.07B,$0.43B,17.62%,$0.07B,$0.33B,23.01%,$0.07B,$0.55B,13.38%,$0.08B,$0.43B,18.86%,$128,$80,$49,$18,$16,$118,$11,$-0,$10,$3,$7,$7,$7,$14,$11,$44,44,$0.15,$0.15,$155,$93,$12,$406,$41,$0,$92,$9,$147,$553,$97,$0,$12,$32,$128,$0,$128,$29,$425,$553,$39,$11,$12,$23,$-12,$-16,$-5,$-6,$-35,$27,$-15,$0,$0,$10,$-23,$-13,$0,$-28,$-0,$0,$-0,$2,$2,$0,$-1,$1,$1,$9,$0
29,2011-06-30,14.79,$9.53,1.55,$12.88,1.15,$-0.48,0.0,$1.91,7.74,$0.40B,$0.10B,4.13,$0.00B,$0.42B,0.0,$0.57B,$0.24B,42.93%,$0.57B,$0.09B,15.37%,$0.57B,$0.09B,15.37%,$0.57B,$0.10B,17.84%,$0.57B,$0.09B,15.90%,$0.57B,$0.08B,14.84%,$0.08B,$0.42B,22.03%,$0.08B,$0.32B,29.45%,$0.08B,$0.54B,16.26%,$0.09B,$0.42B,22.82%,$138,$83,$55,$17,$20,$121,$17,$0,$17,$4,$14,$14,$14,$21,$17,$44,44,$0.31,$0.31,$146,$100,$12,$397,$38,$0,$93,$9,$145,$542,$96,$0,$11,$30,$126,$0,$121,$29,$416,$542,$32,$7,$6,$13,$-7,$-22,$-7,$1,$-32,$14,$-9,$0,$0,$7,$-7,$-0,$0,$-9,$0,$-0,$-0,$2,$2,$0,$-1,$1,$5,$6,$0
30,2011-03-31,16.35,$9.12,1.79,$12.07,1.35,$-0.75,0.0,$1.91,8.56,$0.38B,$0.10B,3.98,$0.00B,$0.40B,0.0,$0.53B,$0.23B,44.13%,$0.53B,$0.08B,15.72%,$0.53B,$0.08B,15.72%,$0.53B,$0.10B,18.18%,$0.53B,$0.09B,16.29%,$0.53B,$0.08B,15.91%,$0.08B,$0.40B,23.66%,$0.08B,$0.30B,32.62%,$0.08B,$0.52B,16.94%,$0.08B,$0.40B,23.38%,$138,$76,$62,$16,$21,$113,$24,$1,$25,$6,$19,$19,$19,$28,$24,$43,44,$0.44,$0.43,$140,$90,$9,$378,$36,$0,$96,$9,$144,$522,$95,$0,$11,$30,$125,$0,$107,$27,$397,$522,$19,$3,$3,$6,$-1,$-12,$-4,$-6,$-23,$3,$-4,$0,$0,$2,$0,$2,$0,$-2,$-0,$0,$-0,$2,$2,$0,$-0,$1,$2,$3,$0
31,2010-12-31,13.64,$8.63,1.58,$10.58,1.29,$-0.99,0.0,$1.63,8.37,$0.36B,$0.10B,3.54,$0.00B,$0.37B,0.0,$0.46B,$0.20B,43.48%,$0.46B,$0.07B,14.13%,$0.46B,$0.07B,14.13%,$0.46B,$0.08B,16.52%,$0.46B,$0.07B,14.57%,$0.46B,$0.07B,15.43%,$0.07B,$0.37B,21.73%,$0.07B,$0.28B,28.20%,$0.07B,$0.51B,15.65%,$0.07B,$0.37B,19.89%,$149,$84,$65,$15,$25,$125,$24,$0,$24,$5,$20,$20,$31,$27,$24,$43,43,$0.73,$0.73,$141,$78,$10,$362,$35,$0,$97,$9,$143,$505,$102,$0,$10,$29,$131,$0,$88,$27,$374,$505,$71,$11,$1,$12,$-62,$-41,$27,$21,$-65,$18,$-19,$0,$-32,$0,$35,$35,$0,$-17,$0,$0,$0,$1,$1,$0,$-0,$1,$-2,$9,$0
32,2010-09-30,13.06,$7.80,1.67,$8.45,1.55,$-0.89,0.0,$0.95,13.75,$0.35B,$0.12B,2.98,$0.00B,$0.34B,0.0,$0.37B,$0.16B,43.29%,$0.37B,$0.04B,12.05%,$0.37B,$0.04B,12.05%,$0.37B,$0.06B,15.07%,$0.37B,$0.05B,12.60%,$0.37B,$0.04B,11.51%,$0.04B,$0.34B,13.87%,$0.04B,$0.24B,16.67%,$0.04B,$0.50B,10.15%,$0.04B,$0.34B,14.53%,$141,$80,$61,$17,$21,$119,$22,$1,$24,$6,$18,$18,$20,$25,$22,$43,44,$0.46,$0.45,$112,$67,$39,$345,$25,$0,$98,$9,$152,$497,$116,$0,$9,$43,$159,$0,$57,$25,$338,$497,$40,$8,$6,$14,$-55,$-32,$7,$18,$-70,$-17,$-7,$0,$-36,$142,$-108,$34,$0,$-9,$-0,$0,$-0,$1,$1,$0,$0,$1,$-32,$6,$0
33,2010-06-30,12.29,$7.19,1.71,$6.27,1.96,$-0.43,0.0,$0.30,40.97,$0.31B,$0.11B,2.91,$0.00B,$0.31B,0.0,$0.27B,$0.11B,41.57%,$0.27B,$0.02B,5.99%,$0.27B,$0.02B,5.99%,$0.27B,$0.03B,10.11%,$0.27B,$0.02B,6.37%,$0.27B,$0.01B,5.24%,$0.01B,$0.31B,4.89%,$0.01B,$0.21B,5.41%,$0.01B,$0.46B,3.79%,$0.02B,$0.31B,5.58%,$100,$56,$45,$14,$17,$87,$13,$0,$13,$2,$11,$11,$14,$16,$13,$43,43,$0.32,$0.31,$129,$57,$38,$311,$22,$0,$98,$9,$149,$460,$107,$0,$9,$43,$150,$0,$37,$21,$311,$460,$20,$5,$5,$10,$-21,$-24,$6,$11,$-34,$-4,$-3,$0,$-36,$0,$32,$32,$0,$-7,$-0,$0,$-0,$0,$0,$0,$0,$0,$-16,$4,$0
34,2010-03-31,16.56,$6.73,2.46,$4.71,3.51,$-0.33,0.0,$-0.39,0.0,$0.29B,$0.05B,5.74,$0.00B,$0.28B,0.0,$0.20B,$0.07B,36.68%,$0.20B,$-0.01B,-5.03%,$0.20B,$-0.01B,-5.03%,$0.20B,$-0.00B,-0.50%,$0.20B,$-0.01B,-4.52%,$0.20B,$-0.02B,-8.04%,$-0.02B,$0.28B,-5.77%,$-0.02B,$0.28B,-5.86%,$-0.02B,$0.35B,-4.80%,$-0.01B,$0.28B,-3.60%,$70,$40,$29,$11,$12,$64,$6,$0,$6,$1,$5,$5,$6,$8,$6,$42,43,$0.15,$0.15,$163,$48,$7,$292,$30,$0,$6,$9,$61,$353,$51,$0,$1,$19,$70,$0,$23,$24,$284,$353,$6,$2,$4,$6,$-12,$-11,$5,$0,$-23,$-11,$-1,$0,$0,$61,$-65,$-4,$0,$-5,$-0,$0,$-0,$1,$1,$0,$0,$1,$-18,$2,$0
35,2009-12-31,15.08,$6.62,2.28,$3.86,3.91,$-0.04,0.0,$-2.44,0.0,$0.30B,$0.05B,6.03,$0.00B,$0.28B,0.0,$0.16B,$0.05B,30.86%,$0.16B,$-0.10B,-59.88%,$0.16B,$-0.10B,-59.88%,$0.16B,$-0.02B,-14.81%,$0.16B,$-0.10B,-59.26%,$0.16B,$-0.10B,-62.96%,$-0.10B,$0.28B,-36.72%,$-0.10B,$0.28B,-37.33%,$-0.10B,$0.35B,-31.31%,$-0.10B,$0.28B,-34.92%,$54,$32,$23,$10,$9,$51,$3,$0,$3,$1,$2,$2,$2,$6,$3,$42,42,$0.03,$0.03,$178,$29,$32,$298,$19,$0,$0,$9,$47,$345,$49,$0,$1,$17,$67,$0,$17,$27,$278,$345,$-103,$72,$5,$77,$7,$11,$16,$-5,$34,$9,$-6,$0,$0,$0,$19,$19,$0,$13,$-0,$0,$-0,$1,$1,$0,$-4,$-3,$17,$6,$0
36,2009-09-30,14.24,$6.51,2.19,$4.18,3.41,$0.28,50.66,$-2.93,0.0,$0.26B,$0.03B,7.62,$0.00B,$0.27B,0.0,$0.18B,$0.05B,25.57%,$0.18B,$-0.11B,-60.80%,$0.18B,$-0.11B,-60.80%,$0.18B,$-0.04B,-19.89%,$0.18B,$-0.11B,-59.66%,$0.18B,$-0.12B,-69.89%,$-0.12B,$0.27B,-40.66%,$-0.12B,$0.27B,-43.97%,$-0.12B,$0.32B,-35.68%,$-0.11B,$0.27B,-35.37%,$43,$30,$14,$9,$10,$49,$-6,$1,$-5,$3,$-8,$-8,$-8,$-3,$-6,$42,42,$-0.20,$-0.20,$177,$36,$5,$261,$30,$0,$6,$8,$59,$319,$34,$0,$1,$12,$46,$0,$16,$29,$273,$319,$-104,$70,$10,$80,$19,$10,$7,$-13,$24,$-0,$-3,$0,$0,$239,$-214,$25,$0,$22,$-0,$0,$-0,$0,$0,$0,$0,$0,$23,$5,$0
37,2009-06-30,8.99,$6.55,1.37,$5.15,1.75,$0.66,13.54,$-2.60,0.0,$0.26B,$0.03B,9.36,$0.00B,$0.28B,0.0,$0.22B,$0.07B,30.28%,$0.22B,$-0.10B,-44.04%,$0.22B,$-0.10B,-44.04%,$0.22B,$-0.02B,-11.01%,$0.22B,$-0.09B,-43.12%,$0.22B,$-0.11B,-50.46%,$-0.11B,$0.28B,-33.46%,$-0.11B,$0.27B,-37.90%,$-0.11B,$0.32B,-29.53%,$-0.10B,$0.28B,-29.20%,$32,$25,$7,$10,$9,$45,$-13,$1,$-13,$3,$-16,$-16,$-16,$-12,$-13,$42,42,$-0.38,$-0.38,$175,$40,$4,$263,$29,$0,$6,$8,$52,$315,$28,$0,$1,$12,$40,$0,$24,$24,$275,$315,$-96,$67,$7,$74,$23,$7,$-0,$-11,$21,$-1,$-1,$0,$0,$0,$24,$24,$0,$23,$-0,$0,$-0,$0,$0,$0,$0,$0,$21,$3,$0
38,2009-03-31,7.53,$6.81,1.11,$6.48,1.16,$1.12,6.75,$-2.08,0.0,$0.24B,$0.03B,8.74,$0.00B,$0.29B,0.0,$0.27B,$0.09B,34.31%,$0.27B,$-0.08B,-27.74%,$0.27B,$-0.08B,-27.74%,$0.27B,$-0.00B,-0.73%,$0.27B,$-0.07B,-26.64%,$0.27B,$-0.09B,-32.12%,$-0.09B,$0.29B,-24.82%,$-0.09B,$0.28B,-29.36%,$-0.09B,$0.32B,-21.96%,$-0.08B,$0.29B,-21.44%,$33,$26,$6,$11,$9,$114,$-81,$0,$-81,$-1,$-80,$-80,$-80,$-15,$-81,$42,42,$-1.90,$-1.90,$145,$46,$5,$244,$30,$28,$6,$8,$80,$324,$28,$0,$1,$11,$39,$0,$40,$20,$285,$324,$-80,$65,$5,$70,$18,$-1,$-2,$-4,$11,$1,$-1,$0,$0,$77,$-73,$3,$0,$3,$-0,$0,$-0,$0,$0,$0,$0,$-0,$-1,$1,$0
39,2008-12-31,9.95,$9.00,1.11,$7.67,1.3,$1.10,9.08,$-0.05,0.0,$0.27B,$0.03B,8.5,$0.00B,$0.38B,0.0,$0.33B,$0.12B,37.58%,$0.33B,$0.01B,3.64%,$0.33B,$0.01B,3.64%,$0.33B,$0.02B,7.27%,$0.33B,$0.02B,4.85%,$0.33B,$-0.00B,-0.61%,$-0.00B,$0.38B,-0.52%,$-0.00B,$0.30B,-0.65%,$-0.00B,$0.42B,-0.46%,$0.01B,$0.38B,3.15%,$68,$49,$18,$13,$10,$74,$-7,$1,$-6,$13,$-19,$-19,$-19,$-5,$-7,$42,42,$-0.45,$-0.45,$150,$47,$5,$271,$31,$30,$73,$8,$149,$421,$32,$0,$2,$12,$44,$0,$120,$0,$377,$421,$-2,$11,$17,$27,$10,$3,$-5,$-7,$-1,$24,$-7,$0,$0,$0,$52,$52,$0,$44,$0,$-0,$-0,$-48,$-48,$0,$0,$-48,$22,$5,$0
40,2008-09-30,13.68,$9.05,1.51,$7.89,1.73,$1.85,7.39,$0.49,27.92,$0.27B,$0.04B,6.32,$0.00B,$0.38B,0.0,$0.35B,$0.14B,40.17%,$0.35B,$0.02B,6.65%,$0.35B,$0.02B,6.65%,$0.35B,$0.04B,10.40%,$0.35B,$0.03B,8.09%,$0.35B,$0.02B,6.07%,$0.02B,$0.38B,5.41%,$0.02B,$0.31B,6.59%,$0.02B,$0.43B,4.77%,$0.02B,$0.38B,5.92%,$85,$49,$35,$15,$14,$79,$5,$0,$6,$1,$5,$5,$5,$8,$5,$42,42,$0.13,$0.13,$135,$54,$5,$272,$30,$33,$69,$7,$158,$430,$43,$0,$2,$9,$52,$0,$139,$0,$378,$430,$17,$9,$1,$10,$-3,$-4,$2,$-3,$-9,$19,$-6,$0,$0,$0,$23,$23,$0,$17,$-0,$0,$-0,$-49,$-49,$0,$0,$-49,$-13,$3,$0
41,2008-06-30,13.7,$9.04,1.52,$7.86,1.74,$2.30,5.97,$0.49,27.96,$0.27B,$0.04B,6.53,$0.00B,$0.38B,0.0,$0.35B,$0.14B,40.17%,$0.35B,$0.03B,7.12%,$0.35B,$0.03B,7.12%,$0.35B,$0.04B,11.11%,$0.35B,$0.03B,8.55%,$0.35B,$0.02B,6.27%,$0.02B,$0.38B,5.59%,$0.02B,$0.31B,6.79%,$0.02B,$0.43B,4.94%,$0.03B,$0.38B,6.35%,$88,$53,$35,$14,$14,$81,$7,$1,$8,$2,$6,$6,$6,$10,$7,$42,42,$0.14,$0.14,$140,$48,$6,$269,$30,$36,$70,$6,$159,$428,$41,$0,$2,$10,$51,$0,$134,$0,$378,$428,$12,$6,$0,$7,$3,$2,$1,$-4,$2,$21,$-4,$0,$0,$0,$40,$40,$0,$36,$-0,$0,$-0,$-49,$-49,$0,$0,$-49,$12,$2,$0
42,2008-03-31,13.26,$9.18,1.44,$8.02,1.65,$2.59,5.13,$0.60,22.1,$0.28B,$0.04B,6.53,$0.00B,$0.39B,0.0,$0.37B,$0.15B,41.26%,$0.37B,$0.03B,9.29%,$0.37B,$0.03B,9.29%,$0.37B,$0.05B,13.11%,$0.37B,$0.04B,10.93%,$0.37B,$0.03B,7.65%,$0.03B,$0.39B,7.09%,$0.03B,$0.32B,8.56%,$0.03B,$0.44B,6.23%,$0.03B,$0.39B,8.61%,$89,$53,$36,$13,$14,$82,$7,$1,$8,$2,$6,$6,$6,$11,$7,$45,45,$0.13,$0.13,$137,$52,$6,$277,$32,$41,$73,$5,$166,$444,$42,$0,$2,$10,$52,$0,$128,$31,$391,$444,$6,$4,$4,$7,$-4,$-2,$4,$-8,$-12,$1,$-2,$0,$0,$0,$34,$34,$0,$33,$-0,$0,$-0,$-36,$-36,$0,$0,$-36,$4,$1,$0
43,2007-12-31,13.08,$8.99,1.46,$8.40,1.56,$2.83,4.62,$0.75,17.44,$0.35B,$0.04B,8.28,$0.00B,$0.41B,0.0,$0.38B,$0.16B,42.45%,$0.38B,$0.05B,11.72%,$0.38B,$0.05B,11.72%,$0.38B,$0.06B,15.10%,$0.38B,$0.05B,13.28%,$0.38B,$0.04B,9.11%,$0.04B,$0.41B,8.98%,$0.04B,$0.34B,10.82%,$0.04B,$0.46B,7.85%,$0.05B,$0.41B,11.55%,$84,$51,$33,$13,$16,$80,$4,$1,$6,$2,$4,$4,$4,$7,$4,$45,46,$0.09,$0.09,$205,$51,$7,$348,$31,$1,$68,$6,$111,$459,$42,$0,$2,$10,$52,$0,$122,$0,$407,$459,$34,$12,$14,$26,$14,$2,$-4,$-7,$1,$62,$-9,$0,$0,$0,$-24,$-24,$2,$-31,$-0,$0,$-0,$5,$5,$0,$0,$5,$36,$4,$0
44,2007-09-30,15.1,$8.80,1.72,$8.88,1.7,$3.49,4.33,$1.55,9.74,$0.34B,$0.04B,7.74,$0.00B,$0.40B,0.0,$0.41B,$0.18B,43.21%,$0.41B,$0.06B,14.32%,$0.41B,$0.06B,14.32%,$0.41B,$0.07B,17.78%,$0.41B,$0.06B,15.56%,$0.41B,$0.07B,17.53%,$0.07B,$0.40B,18.83%,$0.07B,$0.33B,22.81%,$0.07B,$0.45B,16.36%,$0.06B,$0.40B,15.38%,$90,$54,$37,$13,$16,$83,$7,$0,$8,$2,$6,$6,$6,$11,$7,$45,46,$0.13,$0.13,$185,$57,$7,$341,$31,$0,$67,$8,$111,$452,$44,$0,$8,$10,$54,$0,$118,$0,$398,$452,$30,$9,$13,$22,$5,$-4,$-1,$-9,$-12,$40,$-6,$0,$0,$0,$-22,$-22,$0,$-28,$-0,$0,$-0,$4,$4,$0,$0,$4,$19,$3,$0
45,2007-06-30,22.66,$8.47,2.68,$9.29,2.44,$3.95,5.73,$1.80,12.59,$0.34B,$0.05B,6.59,$0.00B,$0.38B,0.0,$0.42B,$0.19B,43.74%,$0.42B,$0.07B,16.31%,$0.42B,$0.07B,16.31%,$0.42B,$0.08B,19.62%,$0.42B,$0.07B,17.49%,$0.42B,$0.08B,19.39%,$0.08B,$0.38B,23.05%,$0.08B,$0.32B,28.30%,$0.08B,$0.44B,19.87%,$0.07B,$0.38B,19.38%,$103,$58,$45,$13,$15,$87,$16,$2,$18,$6,$12,$12,$12,$19,$16,$45,46,$0.26,$0.25,$178,$57,$6,$336,$31,$0,$64,$8,$108,$444,$51,$0,$8,$10,$61,$0,$112,$0,$383,$444,$24,$6,$11,$17,$1,$-4,$0,$-4,$-6,$35,$-4,$0,$0,$0,$-20,$-20,$0,$-23,$-0,$0,$-0,$4,$4,$0,$0,$4,$15,$2,$0
46,2007-03-31,21.04,$8.23,2.56,$9.36,2.25,$3.95,5.33,$1.95,10.79,$0.31B,$0.05B,6.57,$0.00B,$0.37B,0.0,$0.43B,$0.19B,43.53%,$0.43B,$0.07B,16.94%,$0.43B,$0.07B,16.94%,$0.43B,$0.09B,20.47%,$0.43B,$0.08B,17.88%,$0.43B,$0.09B,20.71%,$0.09B,$0.37B,26.35%,$0.09B,$0.31B,33.02%,$0.09B,$0.43B,22.62%,$0.07B,$0.37B,21.51%,$107,$59,$48,$12,$15,$89,$18,$2,$19,$7,$13,$13,$13,$21,$18,$45,46,$0.28,$0.28,$156,$58,$7,$314,$32,$0,$66,$8,$114,$428,$48,$0,$8,$10,$58,$0,$100,$0,$371,$428,$13,$3,$6,$9,$-1,$-5,$1,$-4,$-10,$12,$-1,$0,$0,$0,$-19,$-19,$0,$-21,$-0,$0,$-0,$1,$1,$0,$0,$1,$-7,$1,$0
47,2006-12-31,18.87,$7.93,2.38,$9.10,2.07,$4.03,4.69,$1.95,9.68,$0.30B,$0.05B,5.68,$0.00B,$0.36B,0.0,$0.41B,$0.18B,42.72%,$0.41B,$0.07B,16.26%,$0.41B,$0.07B,16.26%,$0.41B,$0.08B,20.15%,$0.41B,$0.07B,17.48%,$0.41B,$0.09B,21.36%,$0.09B,$0.36B,28.41%,$0.09B,$0.29B,36.48%,$0.09B,$0.41B,24.21%,$0.07B,$0.36B,21.54%,$105,$60,$45,$12,$14,$88,$17,$1,$18,$-22,$39,$39,$40,$21,$17,$45,45,$0.89,$0.89,$144,$53,$7,$301,$34,$0,$66,$3,$111,$412,$53,$0,$1,$3,$56,$0,$88,$0,$356,$412,$88,$16,$-18,$-2,$-5,$2,$-6,$10,$2,$88,$-6,$0,$0,$0,$-77,$-77,$1,$-83,$-4,$0,$-4,$3,$3,$0,$0,$-1,$5,$3,$0
