,Date,Stock Price,Book Value per Share,Price to Book Ratio,TTM Sales per Share,Price to Sales Ratio,TTM FCF per Share,Price to FCF Ratio,TTM Net EPS,PE Ratio,Current Assets,Current Liabilities,Current Ratio,Long Term Debt,Shareholder's Equity_x,Debt to Equity Ratio,TTM Revenue_x,TTM Gross Profit,Gross Margin,TTM Revenue_y,TTM Operating Income,Operating Margin,TTM Revenue_x,TTM EBIT,EBIT Margin,TTM Revenue_y,TTM EBITDA,EBITDA Margin,TTM Revenue_x,TTM Pre-Tax Income,Pre-Tax Margin,TTM Revenue_y,TTM Net Income_x,Net Margin,TTM Net Income_y,Shareholder's Equity_y,Return on Equity,TTM Net Income_x,Tangible Equity,Return on Tangible Equity,TTM Net Income_y,Total Assets,Return on Assets,TTM Net Income,LT Investments & Debt,Return on Investment,revenue,cost-goods-sold,gross-profit,research-development-expenses,selling-general-administrative-expenses,operating-expenses,operating-income,total-non-operating-income-expense,pre-tax-income,total-provision-income-taxes,income-after-taxes,income-from-continuous-operations,net-income,ebitda,ebit,basic-shares-outstanding,shares-outstanding,eps-basic-net-earnings-per-share,eps-earnings-per-share-diluted,cash-on-hand,inventory,other-current-assets,total-current-assets,net-property-plant-equipment,long-term-investments,goodwill-intangible-assets-total,other-long-term-assets,total-long-term-assets,total-assets,total-current-liabilities,long-term-debt,other-non-current-liabilities,total-long-term-liabilities,total-liabilities,common-stock-net,retained-earnings-accumulated-deficit,comprehensive-income,total-share-holder-equity,total-liabilities-share-holders-equity,net-income-loss,total-depreciation-amortization-cash-flow,other-non-cash-items,total-non-cash-items,change-in-accounts-receivable,change-in-inventories,change-in-accounts-payable,change-in-assets-liabilities,total-change-in-assets-liabilities,cash-flow-from-operating-activities,net-change-in-property-plant-equipment,net-change-in-intangible-assets,net-acquisitions-divestitures,net-change-in-short-term-investments,net-change-in-long-term-investments,net-change-in-investments-total,investing-activities-other,cash-flow-from-investing-activities,net-long-term-debt,net-current-debt,debt-issuance-retirement-net-total,net-common-equity-issued-repurchased,net-total-equity-issued-repurchased,total-common-preferred-stock-dividends-paid,financial-activities-other,cash-flow-from-financial-activities,net-cash-flow,stock-based-compensation,common-stock-dividends-paid
0,2018-09-30,35.36,$27.57,1.28,$35.56,0.99,$21.11,1.67,$2.99,11.83,$6.16B,$58.26B,0.11,$0.74B,$2.49B,0.3,$3.24B,$1.21B,37.35%,$3.24B,$0.35B,10.94%,$3.24B,$0.35B,10.94%,$3.24B,$1.11B,34.20%,$3.24B,$0.61B,18.78%,$3.24B,$0.44B,13.62%,$0.44B,$2.49B,17.10%,$0.44B,$2.49B,17.10%,$0.44B,$63.45B,0.71%,$0.35B,$3.23B,10.68%,$1194,$424,$770,$0,$81,$592,$602,$-394,$208,$38,$169,$169,$169,$745,$602,$90,92,$1.87,$1.85,$1129,$0,$0,$6160,$0,$51100,$0,$2619,$57289,$63449,$58264,$737,$1958,$2696,$60960,$90,$1521,$70,$2489,$63449,$404,$588,$63,$651,$0,$0,$0,$-454,$-502,$586,$-4,$0,$0,$-2417,$-226,$-2644,$699,$-1949,$952,$0,$952,$8,$8,$0,$97,$1057,$-305,$8,$0
1,2018-06-30,36.0,$26.90,1.34,$32.56,1.11,$28.71,1.25,$3.62,9.94,$6.23B,$57.14B,0.11,$0.74B,$2.43B,0.3,$2.95B,$0.83B,28.25%,$2.95B,$0.08B,2.71%,$2.95B,$0.08B,2.71%,$2.95B,$0.73B,24.79%,$2.95B,$0.49B,16.51%,$2.95B,$0.33B,11.16%,$0.33B,$2.43B,12.43%,$0.33B,$2.43B,12.43%,$0.33B,$61.63B,0.54%,$0.08B,$3.16B,2.36%,$685,$437,$248,$0,$115,$663,$23,$92,$114,$20,$94,$94,$94,$220,$23,$90,91,$1.04,$1.03,$1260,$0,$0,$6227,$0,$49475,$0,$2493,$55400,$61628,$57136,$737,$1327,$2064,$59201,$90,$1352,$180,$2427,$61628,$235,$445,$-687,$-242,$0,$0,$0,$-52,$-118,$-144,$-3,$0,$0,$-1103,$-127,$-1231,$536,$-697,$680,$0,$680,$8,$8,$0,$-21,$667,$-174,$6,$0
2,2018-03-31,29.36,$28.30,1.04,$34.14,0.86,$39.52,0.74,$2.89,10.16,$5.60B,$56.35B,0.1,$0.74B,$2.55B,0.29,$3.08B,$0.92B,29.91%,$3.08B,$0.28B,9.21%,$3.08B,$0.28B,9.21%,$3.08B,$0.83B,26.86%,$3.08B,$0.41B,13.40%,$3.08B,$0.26B,8.50%,$0.26B,$2.55B,9.69%,$0.26B,$2.55B,9.69%,$0.26B,$61.30B,0.43%,$0.28B,$3.28B,8.03%,$119,$526,$-407,$0,$141,$798,$-680,$857,$178,$37,$141,$141,$141,$-432,$-680,$90,91,$1.57,$1.55,$724,$0,$0,$5596,$0,$50112,$0,$2395,$55706,$61301,$56352,$737,$1593,$2402,$58754,$90,$1258,$400,$2547,$61301,$141,$248,$3,$251,$0,$0,$0,$-822,$-784,$-443,$-1,$0,$0,$-1045,$-33,$-1078,$418,$-661,$275,$0,$275,$5,$5,$0,$114,$394,$-710,$4,$0
3,2017-12-31,30.73,$31.91,0.96,$43.14,0.71,$49.91,0.62,$1.94,15.84,$6.29B,$56.43B,0.11,$0.74B,$2.85B,0.26,$3.89B,$1.83B,46.90%,$3.89B,$1.28B,32.92%,$3.89B,$1.28B,32.92%,$3.89B,$1.73B,44.51%,$3.89B,$0.32B,8.12%,$3.89B,$0.18B,4.50%,$0.18B,$2.85B,6.54%,$0.18B,$2.85B,6.54%,$0.18B,$62.03B,0.29%,$1.28B,$3.59B,36.50%,$1239,$641,$598,$0,$94,$830,$409,$-301,$108,$71,$37,$37,$37,$574,$409,$89,90,$0.41,$0.40,$1434,$0,$0,$6292,$0,$50730,$0,$2256,$55738,$62031,$56426,$737,$1984,$2755,$59181,$89,$1245,$725,$2850,$62031,$175,$452,$1996,$2448,$0,$0,$0,$634,$680,$1922,$-5,$0,$0,$-3115,$-184,$-3299,$712,$-2592,$1236,$86,$1323,$14,$14,$-23,$-1,$1312,$643,$6,$-23
4,2017-09-30,28.84,$31.06,0.93,$36.69,0.79,$45.18,0.64,$2.88,10.01,$6.06B,$55.22B,0.11,$0.74B,$2.76B,0.27,$3.28B,$1.60B,48.76%,$3.28B,$0.92B,28.06%,$3.28B,$0.92B,28.06%,$3.28B,$1.51B,46.08%,$3.28B,$0.40B,12.09%,$3.28B,$0.26B,7.91%,$0.26B,$2.76B,10.21%,$0.26B,$2.76B,10.21%,$0.26B,$60.38B,0.44%,$0.92B,$3.50B,27.27%,$906,$512,$394,$0,$23,$578,$328,$-241,$87,$30,$57,$57,$57,$369,$328,$89,90,$0.64,$0.63,$1286,$0,$0,$6055,$0,$49292,$0,$2240,$54325,$60380,$55220,$736,$1661,$2397,$57617,$89,$1231,$659,$2763,$60380,$138,$287,$-20,$267,$0,$0,$0,$323,$324,$1266,$-4,$0,$0,$-2421,$-130,$-2551,$646,$-1909,$1033,$86,$1120,$8,$8,$0,$9,$1137,$494,$5,$0
5,2017-06-30,26.06,$29.88,0.87,$33.91,0.77,$42.07,0.62,$2.16,12.07,$6.29B,$54.19B,0.12,$1.13B,$2.65B,0.43,$3.00B,$1.54B,51.32%,$3.00B,$0.74B,24.51%,$3.00B,$0.74B,24.51%,$3.00B,$1.46B,48.52%,$3.00B,$0.30B,9.94%,$3.00B,$0.20B,6.50%,$0.20B,$2.65B,7.65%,$0.20B,$2.65B,7.65%,$0.20B,$59.64B,0.34%,$0.74B,$3.78B,21.73%,$819,$483,$337,$0,$50,$592,$227,$-187,$40,$13,$27,$27,$27,$317,$227,$89,90,$0.30,$0.30,$1575,$0,$0,$6287,$0,$48342,$0,$2222,$53349,$59636,$54191,$1131,$1663,$2793,$56984,$89,$1174,$610,$2651,$59636,$81,$246,$248,$494,$0,$0,$0,$-70,$-59,$831,$-2,$0,$0,$-1710,$-72,$-1782,$430,$-1354,$773,$500,$1273,$5,$5,$0,$29,$1307,$784,$4,$0
6,2017-03-31,23.43,$27.49,0.85,$31.43,0.75,$37.94,0.62,$2.04,11.49,$5.80B,$53.00B,0.11,$0.74B,$2.44B,0.3,$2.73B,$1.63B,59.60%,$2.73B,$0.83B,30.22%,$2.73B,$0.83B,30.22%,$2.73B,$1.54B,56.23%,$2.73B,$0.28B,10.29%,$2.73B,$0.18B,6.70%,$0.18B,$2.44B,7.21%,$0.18B,$2.44B,7.21%,$0.18B,$57.55B,0.33%,$0.83B,$3.17B,25.39%,$927,$431,$496,$0,$90,$611,$317,$-235,$81,$28,$54,$54,$54,$472,$317,$89,90,$0.61,$0.60,$1173,$0,$0,$5803,$0,$46456,$0,$2323,$51745,$57549,$52995,$736,$1362,$2118,$55112,$89,$1147,$425,$2436,$57549,$54,$156,$-3,$152,$0,$0,$0,$162,$193,$498,$-1,$0,$0,$-699,$-26,$-724,$206,$-520,$410,$0,$410,$4,$4,$0,$-10,$403,$381,$2,$0
7,2016-12-31,22.35,$26.04,0.86,$26.16,0.85,$34.12,0.66,$0.89,25.12,$5.44B,$51.94B,0.11,$0.74B,$2.29B,0.32,$2.22B,$1.44B,64.93%,$2.22B,$0.72B,32.19%,$2.22B,$0.72B,32.19%,$2.22B,$1.35B,60.56%,$2.22B,$0.13B,5.90%,$2.22B,$0.08B,3.78%,$0.08B,$2.29B,3.38%,$0.08B,$2.29B,3.38%,$0.08B,$56.05B,0.15%,$0.72B,$3.03B,22.53%,$623,$253,$370,$0,$176,$575,$47,$140,$188,$67,$121,$121,$121,$351,$47,$85,86,$1.44,$1.43,$791,$0,$0,$5442,$0,$45155,$0,$2382,$50611,$56053,$51935,$736,$1091,$1827,$53762,$88,$1093,$340,$2292,$56053,$83,$630,$733,$1363,$0,$0,$0,$290,$309,$1414,$-1,$0,$0,$-4137,$-45,$-4182,$-315,$-4499,$3339,$0,$3339,$140,$140,$-21,$21,$3478,$394,$7,$-21
8,2016-09-30,17.39,$32.00,0.54,$25.57,0.68,$23.84,0.73,$-0.06,0.0,$5.28B,$51.12B,0.1,$0.74B,$2.81B,0.26,$2.14B,$1.44B,67.06%,$2.14B,$0.85B,39.67%,$2.14B,$0.85B,39.67%,$2.14B,$1.34B,62.38%,$2.14B,$-0.00B,-0.19%,$2.14B,$-0.00B,-0.14%,$-0.00B,$2.81B,-0.12%,$-0.00B,$2.81B,-0.12%,$-0.00B,$55.85B,-0.01%,$0.85B,$3.55B,27.73%,$630,$294,$336,$0,$98,$486,$144,$-155,$-11,$-4,$-7,$-7,$-7,$315,$144,$86,87,$-0.09,$-0.09,$813,$0,$0,$5279,$0,$46217,$0,$1981,$50569,$55848,$51118,$735,$1072,$1918,$53035,$88,$994,$964,$2813,$55848,$-38,$327,$-60,$267,$0,$0,$0,$136,$153,$945,$-1,$0,$0,$-3213,$18,$-3195,$-293,$-3489,$2825,$0,$2825,$139,$139,$0,$-4,$2959,$415,$5,$0
9,2016-06-30,13.98,$31.76,0.44,$19.89,0.7,$13.86,1.01,$1.22,11.46,$5.70B,$49.74B,0.12,$0.64B,$2.61B,0.24,$1.64B,$1.00B,61.21%,$1.64B,$0.45B,27.43%,$1.64B,$0.45B,27.43%,$1.64B,$0.90B,54.67%,$1.64B,$0.16B,9.53%,$1.64B,$0.10B,6.17%,$0.10B,$2.61B,4.52%,$0.10B,$2.61B,4.52%,$0.10B,$53.72B,0.20%,$0.45B,$3.25B,15.63%,$550,$125,$425,$0,$51,$233,$317,$-294,$23,$8,$15,$15,$15,$397,$317,$83,83,$0.18,$0.18,$1547,$0,$0,$5704,$0,$43646,$0,$1954,$48018,$53721,$49737,$635,$636,$1371,$51108,$82,$1001,$893,$2613,$53721,$-30,$155,$-32,$123,$0,$0,$0,$-69,$-75,$422,$-1,$0,$0,$-1120,$-13,$-1134,$-269,$-1403,$2129,$0,$2129,$4,$4,$0,$-2,$2130,$1149,$3,$0
10,2016-03-31,16.48,$27.20,0.61,$18.85,0.87,$12.13,1.36,$2.09,7.88,$4.30B,$47.77B,0.09,$0.64B,$2.23B,0.28,$1.53B,$0.70B,45.81%,$1.53B,$0.05B,3.21%,$1.53B,$0.05B,3.21%,$1.53B,$0.59B,38.74%,$1.53B,$0.26B,17.02%,$1.53B,$0.17B,11.06%,$0.17B,$2.23B,8.21%,$0.17B,$2.23B,8.21%,$0.17B,$51.26B,0.35%,$0.05B,$2.87B,1.81%,$418,$107,$311,$0,$50,$211,$207,$-276,$-69,$-24,$-45,$-45,$-45,$282,$207,$82,83,$-0.55,$-0.55,$707,$0,$0,$4303,$0,$42037,$0,$2154,$46960,$51263,$47770,$635,$623,$1258,$49029,$82,$986,$530,$2234,$51263,$-45,$75,$58,$133,$0,$0,$0,$-110,$-89,$142,$-0,$0,$0,$-801,$-34,$-835,$-121,$-956,$1130,$0,$1130,$4,$4,$0,$-10,$1124,$309,$2,$0
11,2015-12-31,23.57,$23.90,0.99,$18.99,1.24,$8.65,2.73,$2.71,8.7,$3.62B,$45.82B,0.08,$0.64B,$1.95B,0.33,$1.52B,$0.51B,33.31%,$1.52B,$-0.09B,-5.73%,$1.52B,$-0.09B,-5.73%,$1.52B,$0.41B,26.73%,$1.52B,$0.34B,22.25%,$1.52B,$0.22B,14.48%,$0.22B,$1.95B,10.56%,$0.22B,$1.95B,10.56%,$0.22B,$49.03B,0.47%,$-0.09B,$2.58B,-3.18%,$542,$178,$363,$0,$99,$361,$181,$-128,$53,$19,$34,$34,$34,$341,$181,$79,81,$0.41,$0.41,$398,$0,$0,$3615,$0,$39932,$0,$2344,$45415,$49029,$45820,$635,$630,$1265,$47085,$81,$1031,$202,$1945,$49029,$220,$492,$1027,$1518,$0,$0,$0,$-278,$-298,$505,$-1,$0,$0,$-5644,$13,$-5631,$55,$-5577,$4699,$-22,$4676,$112,$112,$-18,$-2,$4769,$-304,$7,$-18
12,2015-09-30,22.68,$26.48,0.86,$19.71,1.15,$11.27,2.01,$2.70,8.4,$3.59B,$43.92B,0.08,$0.65B,$2.15B,0.3,$1.57B,$0.36B,23.20%,$1.57B,$-0.15B,-9.69%,$1.57B,$-0.15B,-9.69%,$1.57B,$0.27B,16.89%,$1.57B,$0.34B,21.41%,$1.57B,$0.22B,13.83%,$0.22B,$2.15B,10.18%,$0.22B,$2.15B,10.18%,$0.22B,$47.13B,0.47%,$-0.15B,$2.80B,-5.44%,$127,$224,$-97,$0,$68,$383,$-256,$404,$149,$51,$97,$97,$97,$-125,$-256,$80,82,$1.22,$1.19,$524,$0,$0,$3591,$0,$38768,$0,$2048,$43537,$47128,$43918,$646,$414,$1061,$44979,$81,$1015,$427,$2150,$47128,$186,$332,$25,$357,$0,$0,$0,$-530,$-525,$71,$-1,$0,$0,$-3760,$-8,$-3768,$142,$-3627,$3296,$-22,$3274,$111,$111,$0,$-7,$3378,$-178,$5,$0
13,2015-06-30,26.25,$24.84,1.06,$23.94,1.1,$16.53,1.59,$2.36,11.12,$3.86B,$42.84B,0.09,$0.67B,$1.91B,0.35,$1.90B,$0.48B,25.39%,$1.90B,$0.03B,1.31%,$1.90B,$0.03B,1.31%,$1.90B,$0.38B,20.14%,$1.90B,$0.29B,15.30%,$1.90B,$0.19B,9.88%,$0.19B,$1.91B,9.01%,$0.19B,$1.91B,9.01%,$0.19B,$46.25B,0.42%,$0.03B,$2.58B,0.90%,$441,$319,$123,$0,$105,$524,$-83,$209,$127,$44,$83,$83,$83,$94,$-83,$77,79,$1.07,$1.05,$734,$0,$0,$3857,$0,$37574,$0,$2122,$42391,$46247,$42837,$669,$834,$1503,$44340,$77,$918,$389,$1908,$46247,$89,$201,$-2,$200,$0,$0,$0,$-128,$-140,$265,$-1,$0,$0,$-2426,$-10,$-2436,$183,$-2254,$2056,$0,$2056,$5,$5,$0,$-41,$2021,$32,$3,$0
14,2015-03-31,28.34,$30.34,0.93,$26.81,1.06,$18.15,1.56,$1.77,16.01,$3.40B,$41.39B,0.08,$0.67B,$2.33B,0.29,$2.13B,$0.65B,30.58%,$2.13B,$0.26B,12.05%,$2.13B,$0.26B,12.05%,$2.13B,$0.56B,26.41%,$2.13B,$0.22B,10.32%,$2.13B,$0.14B,6.66%,$0.14B,$2.33B,6.80%,$0.14B,$2.33B,6.80%,$0.14B,$45.39B,0.33%,$0.26B,$3.00B,9.23%,$409,$292,$117,$0,$14,$338,$71,$-62,$9,$3,$6,$6,$6,$96,$71,$77,79,$0.08,$0.07,$294,$0,$0,$3396,$0,$37976,$0,$1995,$41993,$45389,$41391,$668,$915,$1671,$43062,$77,$835,$894,$2327,$45389,$6,$25,$-26,$-1,$0,$0,$0,$-380,$-358,$-140,$-0,$0,$0,$-1158,$5,$-1153,$94,$-1060,$782,$0,$782,$4,$4,$0,$6,$792,$-408,$2,$0
15,2014-12-31,28.39,$28.13,1.01,$27.24,1.04,$20.53,1.38,$1.58,17.97,$3.76B,$40.17B,0.09,$0.67B,$2.14B,0.31,$2.17B,$0.65B,30.11%,$2.17B,$0.28B,12.77%,$2.17B,$0.28B,12.77%,$2.17B,$0.57B,26.09%,$2.17B,$0.20B,9.04%,$2.17B,$0.13B,5.81%,$0.13B,$2.14B,6.56%,$0.13B,$2.14B,6.56%,$0.13B,$43.99B,0.30%,$0.28B,$2.81B,10.49%,$592,$371,$221,$0,$50,$476,$116,$-65,$51,$20,$31,$31,$31,$200,$116,$74,80,$0.43,$0.40,$702,$0,$0,$3755,$0,$36308,$0,$1868,$40235,$43990,$40169,$668,$1009,$1681,$41850,$76,$829,$721,$2140,$43990,$126,$290,$-24,$266,$0,$0,$0,$-112,$-131,$708,$-1,$0,$0,$-5192,$1617,$-3575,$628,$-2948,$2244,$-203,$2041,$14,$14,$-15,$4,$2044,$-196,$4,$-15
16,2014-09-30,22.1,$26.59,0.83,$30.98,0.71,$23.17,0.95,$1.83,12.07,$3.87B,$39.17B,0.1,$0.72B,$1.98B,0.37,$2.41B,$0.87B,35.83%,$2.41B,$0.40B,16.49%,$2.41B,$0.40B,16.49%,$2.41B,$0.78B,32.10%,$2.41B,$0.22B,9.28%,$2.41B,$0.15B,6.05%,$0.15B,$1.98B,8.43%,$0.15B,$1.98B,8.43%,$0.15B,$42.95B,0.35%,$0.40B,$2.70B,16.02%,$460,$439,$22,$0,$40,$539,$-79,$183,$104,$37,$68,$68,$68,$-7,$-79,$75,79,$0.90,$0.85,$789,$0,$0,$3869,$0,$34950,$0,$1925,$39084,$42954,$39168,$721,$1085,$1811,$40978,$74,$813,$546,$1975,$42954,$95,$206,$-20,$186,$0,$0,$0,$-118,$-125,$487,$-1,$0,$0,$-2765,$90,$-2676,$479,$-2198,$1648,$-109,$1539,$10,$10,$0,$53,$1602,$-109,$1,$0
17,2014-06-30,23.76,$25.83,0.92,$32.97,0.72,$25.15,0.94,$1.73,13.73,$4.58B,$38.27B,0.12,$0.72B,$1.91B,0.38,$2.53B,$1.09B,42.86%,$2.53B,$0.62B,24.27%,$2.53B,$0.62B,24.27%,$2.53B,$1.01B,39.78%,$2.53B,$0.21B,8.13%,$2.53B,$0.13B,5.29%,$0.13B,$1.91B,8.44%,$0.13B,$1.91B,8.44%,$0.13B,$42.00B,0.33%,$0.62B,$2.63B,25.71%,$671,$379,$292,$0,$67,$522,$149,$-93,$56,$19,$37,$37,$37,$274,$149,$74,80,$0.49,$0.46,$1465,$0,$0,$4577,$0,$33377,$0,$1937,$37427,$42004,$38268,$721,$1101,$1822,$40090,$74,$745,$556,$1914,$42004,$27,$133,$-27,$106,$0,$0,$0,$16,$-21,$395,$-1,$0,$0,$-1054,$24,$-1030,$313,$-717,$1020,$-109,$911,$8,$8,$0,$-31,$888,$567,$1,$0
18,2014-03-31,22.81,$22.86,1.0,$30.90,0.74,$27.16,0.84,$2.98,7.65,$3.71B,$37.13B,0.1,$0.77B,$1.66B,0.46,$2.31B,$0.90B,38.73%,$2.31B,$0.25B,10.90%,$2.31B,$0.25B,10.90%,$2.31B,$0.83B,35.96%,$2.31B,$0.34B,14.50%,$2.31B,$0.22B,9.39%,$0.22B,$1.66B,14.77%,$0.22B,$1.66B,14.77%,$0.22B,$40.55B,0.56%,$0.25B,$2.42B,11.29%,$446,$327,$118,$0,$7,$354,$91,$-106,$-15,$-5,$-10,$-10,$-10,$99,$91,$73,80,$-0.13,$-0.13,$679,$0,$0,$3708,$0,$32311,$0,$2125,$36837,$40545,$37134,$768,$969,$1755,$38890,$72,$708,$332,$1655,$40545,$-10,$8,$-32,$-24,$0,$0,$0,$-167,$-159,$48,$-0,$0,$0,$-765,$-5,$-771,$144,$-627,$438,$-55,$383,$6,$6,$0,$-29,$360,$-218,$0,$0
19,2013-12-31,25.48,$19.63,1.3,$36.15,0.7,$31.94,0.8,$3.48,7.32,$3.90B,$36.21B,0.11,$0.80B,$1.39B,0.58,$2.61B,$1.29B,49.21%,$2.61B,$0.57B,21.98%,$2.61B,$0.57B,21.98%,$2.61B,$1.22B,46.65%,$2.61B,$0.39B,14.94%,$2.61B,$0.25B,9.69%,$0.25B,$1.39B,17.00%,$0.25B,$1.39B,17.00%,$0.25B,$39.62B,0.66%,$0.57B,$2.18B,26.11%,$837,$404,$433,$0,$100,$600,$237,$-158,$79,$28,$51,$51,$51,$409,$237,$66,75,$0.72,$0.54,$898,$0,$0,$3897,$0,$30648,$0,$2348,$35724,$39622,$36208,$796,$1223,$2029,$38237,$70,$718,$46,$1385,$39622,$253,$644,$12,$655,$0,$0,$0,$139,$145,$863,$-1,$0,$0,$-7962,$3537,$-4425,$547,$-3879,$2422,$203,$2625,$32,$32,$-13,$1,$2646,$-371,$10,$-13
20,2013-09-30,20.18,$21.55,0.94,$30.41,0.66,$32.38,0.62,$3.39,5.95,$3.91B,$35.08B,0.11,$0.94B,$1.40B,0.67,$2.13B,$0.85B,40.00%,$2.13B,$0.22B,10.42%,$2.13B,$0.22B,10.42%,$2.13B,$0.80B,37.56%,$2.13B,$0.37B,17.14%,$2.13B,$0.24B,11.17%,$0.24B,$1.40B,15.14%,$0.24B,$1.40B,15.14%,$0.24B,$38.71B,0.64%,$0.22B,$2.33B,9.99%,$580,$337,$243,$0,$50,$442,$138,$-52,$86,$30,$56,$56,$56,$226,$138,$65,75,$0.86,$0.75,$935,$0,$0,$3906,$0,$30088,$0,$2201,$34808,$38713,$35084,$937,$1267,$2235,$37318,$63,$680,$164,$1395,$38713,$202,$472,$-1,$470,$0,$0,$0,$44,$67,$604,$-1,$0,$0,$-3736,$64,$-3672,$354,$-3319,$1867,$372,$2239,$26,$26,$0,$116,$2381,$-334,$6,$0
21,2013-06-30,14.93,$22.71,0.66,$30.35,0.49,$36.99,0.4,$2.52,5.93,$3.69B,$34.08B,0.11,$0.55B,$1.44B,0.38,$2.05B,$0.87B,42.11%,$2.05B,$0.27B,13.15%,$2.05B,$0.27B,13.15%,$2.05B,$0.79B,38.32%,$2.05B,$0.27B,13.00%,$2.05B,$0.17B,8.47%,$0.17B,$1.44B,10.53%,$0.17B,$1.44B,10.53%,$0.17B,$37.29B,0.48%,$0.27B,$1.99B,12.24%,$448,$347,$101,$0,$169,$661,$-214,$399,$185,$65,$120,$120,$120,$97,$-214,$64,70,$1.87,$1.71,$747,$0,$0,$3693,$0,$29341,$0,$1954,$33595,$37289,$34076,$549,$1222,$1771,$35846,$61,$624,$244,$1442,$37289,$146,$384,$22,$406,$0,$0,$0,$118,$110,$491,$-0,$0,$0,$-2669,$83,$-2587,$210,$-2377,$1220,$-13,$1207,$12,$12,$0,$144,$1364,$-522,$3,$0
22,2013-03-31,14.16,$27.56,0.51,$26.99,0.52,$37.80,0.37,$1.11,12.76,$3.82B,$33.39B,0.12,$0.56B,$1.73B,0.32,$1.80B,$0.81B,45.14%,$1.80B,$0.44B,24.57%,$1.80B,$0.44B,24.57%,$1.80B,$0.70B,38.85%,$1.80B,$0.11B,6.17%,$1.80B,$0.07B,4.06%,$0.07B,$1.73B,4.33%,$0.07B,$1.73B,4.33%,$0.07B,$36.85B,0.21%,$0.44B,$2.29B,19.71%,$746,$238,$508,$0,$46,$333,$413,$-374,$40,$13,$26,$26,$26,$486,$413,$63,69,$0.41,$0.38,$882,$0,$0,$3824,$0,$29544,$0,$1681,$33029,$36853,$33385,$559,$1136,$1738,$35123,$61,$504,$662,$1730,$36853,$26,$73,$-9,$65,$0,$0,$0,$175,$180,$370,$-0,$0,$0,$-1371,$31,$-1340,$70,$-1270,$518,$0,$518,$7,$7,$0,$-11,$514,$-386,$1,$0
23,2012-12-31,11.61,$27.86,0.42,$25.24,0.46,$39.36,0.3,$0.89,13.05,$4.18B,$32.23B,0.13,$0.56B,$1.72B,0.32,$1.65B,$0.76B,46.10%,$1.65B,$0.42B,25.11%,$1.65B,$0.42B,25.11%,$1.65B,$0.62B,37.21%,$1.65B,$0.09B,5.26%,$1.65B,$0.06B,3.45%,$0.06B,$1.72B,3.57%,$0.06B,$1.72B,3.57%,$0.06B,$35.13B,0.17%,$0.42B,$2.28B,19.25%,$356,$356,$-0,$0,$60,$471,$-115,$169,$54,$17,$36,$36,$36,$-9,$-115,$61,66,$0.58,$0.56,$1269,$0,$0,$4179,$0,$27799,$0,$1445,$30954,$35133,$32230,$556,$574,$1184,$33413,$59,$478,$687,$1720,$35133,$58,$201,$-24,$176,$0,$0,$0,$120,$134,$784,$-1,$0,$0,$-4968,$2789,$-2180,$51,$-2129,$2211,$0,$2211,$6,$6,$-9,$2,$2209,$864,$7,$-9
24,2012-09-30,10.78,$27.86,0.39,$28.14,0.38,$31.71,0.34,$1.13,9.54,$5.31B,$31.44B,0.17,$0.55B,$1.72B,0.32,$1.83B,$1.03B,56.35%,$1.83B,$0.65B,35.71%,$1.83B,$0.65B,35.71%,$1.83B,$0.84B,45.95%,$1.83B,$0.11B,6.02%,$1.83B,$0.07B,3.89%,$0.07B,$1.72B,4.67%,$0.07B,$1.72B,4.67%,$0.07B,$34.60B,0.22%,$0.65B,$2.27B,31.34%,$504,$248,$256,$0,$26,$318,$186,$-199,$-12,$-5,$-8,$-8,$-8,$213,$186,$63,65,$-0.13,$-0.13,$2397,$0,$0,$5311,$0,$26324,$0,$1323,$29287,$34598,$31437,$553,$818,$1446,$32883,$59,$450,$712,$1715,$34598,$21,$94,$-23,$71,$0,$0,$0,$331,$341,$830,$-0,$0,$0,$-3045,$2687,$-358,$-62,$-421,$1587,$0,$1587,$4,$4,$0,$-7,$1584,$1992,$5,$0
25,2012-06-30,10.21,$26.20,0.39,$19.93,0.51,$20.53,0.5,$1.03,9.91,$4.32B,$30.33B,0.14,$0.56B,$1.58B,0.36,$1.29B,$0.52B,40.05%,$1.29B,$0.25B,19.44%,$1.29B,$0.25B,19.44%,$1.29B,$0.32B,24.94%,$1.29B,$0.10B,7.82%,$1.29B,$0.07B,5.11%,$0.07B,$1.58B,4.61%,$0.07B,$1.58B,4.61%,$0.07B,$33.13B,0.21%,$0.25B,$2.14B,12.51%,$193,$145,$48,$0,$45,$235,$-42,$70,$29,$10,$19,$19,$19,$9,$-42,$60,64,$0.31,$0.30,$1408,$0,$0,$4315,$0,$25672,$0,$1469,$28819,$33134,$30331,$560,$636,$1225,$31556,$57,$458,$580,$1578,$33134,$29,$67,$-1,$66,$0,$0,$0,$172,$168,$500,$-0,$0,$0,$1423,$-1781,$-358,$-148,$-506,$1020,$0,$1020,$1,$1,$0,$-12,$1009,$1003,$3,$0
26,2012-03-31,11.84,$23.43,0.51,$21.43,0.55,$15.52,0.76,$1.01,11.72,$5.43B,$29.67B,0.18,$0.57B,$1.37B,0.41,$1.39B,$0.52B,37.54%,$1.39B,$0.27B,19.45%,$1.39B,$0.27B,19.45%,$1.39B,$0.32B,23.12%,$1.39B,$0.10B,7.18%,$1.39B,$0.07B,4.67%,$0.07B,$1.37B,5.02%,$0.07B,$1.37B,5.02%,$0.07B,$33.04B,0.21%,$0.27B,$1.94B,14.39%,$600,$141,$458,$0,$34,$214,$386,$-370,$16,$6,$10,$10,$10,$402,$386,$60,66,$0.18,$0.16,$2527,$0,$0,$5429,$0,$24271,$0,$1457,$27609,$33039,$29674,$569,$1412,$1991,$31665,$55,$439,$409,$1374,$33039,$10,$16,$-2,$13,$0,$0,$0,$282,$300,$458,$-0,$0,$0,$-23,$1199,$1176,$-22,$1154,$515,$0,$515,$1,$1,$0,$-6,$511,$2122,$1,$0
27,2011-12-31,9.64,$24.36,0.4,$19.22,0.5,$12.19,0.79,$1.33,7.25,$3.23B,$28.52B,0.11,$0.57B,$1.41B,0.4,$1.25B,$0.36B,28.57%,$1.25B,$0.07B,5.86%,$1.25B,$0.07B,5.86%,$1.25B,$0.15B,12.28%,$1.25B,$0.13B,10.59%,$1.25B,$0.09B,6.90%,$0.09B,$1.41B,7.21%,$0.09B,$1.41B,7.21%,$0.09B,$30.88B,0.29%,$0.07B,$1.98B,4.08%,$529,$263,$267,$0,$78,$408,$122,$-44,$77,$28,$50,$50,$50,$215,$122,$59,64,$0.83,$0.83,$405,$0,$0,$3232,$0,$24612,$0,$1324,$27643,$30875,$28519,$566,$381,$947,$29466,$54,$429,$457,$1409,$30875,$86,$80,$-19,$61,$0,$0,$0,$-171,$-174,$278,$-5,$0,$0,$-1642,$-1993,$-3635,$34,$-3606,$3168,$-46,$3121,$4,$4,$-7,$17,$3135,$-193,$9,$-7
28,2011-09-30,7.94,$23.50,0.34,$18.40,0.43,$14.33,0.55,$0.68,11.68,$3.35B,$27.29B,0.12,$0.61B,$1.36B,0.45,$1.20B,$0.42B,35.22%,$1.20B,$0.12B,9.91%,$1.20B,$0.12B,9.91%,$1.20B,$0.16B,13.16%,$1.20B,$0.07B,5.75%,$1.20B,$0.05B,3.75%,$0.05B,$1.36B,4.19%,$0.05B,$1.36B,4.19%,$0.05B,$29.88B,0.16%,$0.12B,$1.97B,7.09%,$-31,$225,$-256,$0,$-29,$184,$-215,$194,$-21,$-8,$-13,$-13,$-13,$-304,$-215,$60,63,$-0.22,$-0.22,$572,$0,$0,$3350,$0,$23608,$0,$1258,$26526,$29876,$27293,$609,$614,$1224,$28516,$54,$386,$455,$1360,$29876,$37,$-13,$-36,$-49,$0,$0,$0,$-235,$-247,$100,$-5,$0,$0,$-252,$-2217,$-2469,$60,$-2413,$2279,$0,$2279,$4,$4,$0,$4,$2288,$-25,$6,$0
29,2011-06-30,11.53,$17.98,0.64,$25.03,0.46,$14.90,0.77,$1.23,9.38,$3.66B,$26.26B,0.14,$0.61B,$1.04B,0.58,$1.62B,$0.90B,55.79%,$1.62B,$0.49B,30.28%,$1.62B,$0.49B,30.28%,$1.62B,$0.61B,37.46%,$1.62B,$0.12B,7.49%,$1.62B,$0.08B,4.89%,$0.08B,$1.04B,7.93%,$0.08B,$1.04B,7.93%,$0.08B,$28.57B,0.29%,$0.49B,$1.65B,30.62%,$295,$241,$54,$0,$39,$317,$-22,$50,$28,$10,$18,$18,$18,$9,$-22,$60,66,$0.31,$0.28,$949,$0,$0,$3658,$0,$21463,$0,$1435,$24909,$28567,$26259,$606,$663,$1268,$27527,$54,$399,$123,$1040,$28567,$50,$76,$-49,$26,$0,$0,$0,$-12,$-15,$186,$-4,$0,$0,$55,$-1488,$-1432,$84,$-1352,$1515,$0,$1515,$4,$4,$0,$-1,$1518,$352,$4,$0
30,2011-03-31,11.91,$16.66,0.71,$21.62,0.55,$12.27,0.97,$0.92,12.94,$3.40B,$25.25B,0.14,$0.60B,$0.96B,0.63,$1.39B,$0.68B,49.24%,$1.39B,$0.33B,23.50%,$1.39B,$0.33B,23.50%,$1.39B,$0.35B,25.16%,$1.39B,$0.09B,6.49%,$1.39B,$0.06B,4.25%,$0.06B,$0.96B,6.11%,$0.06B,$0.96B,6.11%,$0.06B,$27.84B,0.23%,$0.33B,$1.56B,20.88%,$453,$162,$291,$0,$55,$265,$188,$-140,$48,$17,$31,$31,$31,$233,$188,$59,66,$0.53,$0.48,$747,$0,$0,$3404,$0,$20982,$0,$1429,$24431,$27835,$25252,$602,$969,$1622,$26874,$53,$381,$68,$961,$27835,$31,$45,$-32,$13,$0,$0,$0,$110,$167,$240,$-3,$0,$0,$-94,$-899,$-993,$14,$-981,$887,$0,$887,$3,$3,$0,$0,$891,$149,$2,$0
31,2010-12-31,11.39,$16.47,0.69,$20.46,0.56,$11.59,0.98,$0.69,16.51,$3.22B,$23.88B,0.14,$0.60B,$0.94B,0.64,$1.28B,$0.54B,42.29%,$1.28B,$0.23B,18.15%,$1.28B,$0.23B,18.15%,$1.28B,$0.20B,15.58%,$1.28B,$0.07B,5.06%,$1.28B,$0.04B,3.35%,$0.04B,$0.94B,4.64%,$0.04B,$0.94B,4.64%,$0.04B,$26.43B,0.18%,$0.23B,$1.54B,15.34%,$484,$150,$334,$0,$62,$316,$168,$-154,$14,$5,$9,$9,$9,$220,$168,$59,65,$0.15,$0.13,$598,$0,$0,$3217,$0,$19985,$0,$1334,$23210,$26427,$23879,$599,$1011,$1610,$25489,$52,$350,$82,$938,$26427,$43,$-33,$-106,$-138,$0,$0,$0,$123,$220,$420,$-5,$0,$0,$-3986,$715,$-3271,$160,$-3116,$2764,$43,$2807,$21,$21,$-6,$-57,$2766,$70,$12,$-6
32,2010-09-30,9.13,$18.46,0.49,$19.49,0.47,$13.88,0.66,$1.15,7.94,$3.24B,$22.31B,0.15,$0.60B,$1.05B,0.57,$1.19B,$0.45B,38.06%,$1.19B,$0.23B,19.41%,$1.19B,$0.23B,19.41%,$1.19B,$0.16B,13.42%,$1.19B,$0.09B,7.85%,$1.19B,$0.07B,5.91%,$0.07B,$1.05B,7.94%,$0.07B,$1.05B,7.94%,$0.07B,$24.57B,0.30%,$0.23B,$1.64B,15.66%,$383,$161,$222,$0,$46,$228,$155,$-124,$31,$11,$21,$21,$21,$143,$155,$59,62,$0.35,$0.33,$665,$0,$0,$3239,$0,$18601,$0,$1144,$21330,$24568,$22310,$596,$616,$1212,$23522,$51,$346,$202,$1046,$24568,$34,$-85,$-108,$-193,$0,$0,$0,$-113,$-17,$136,$-5,$0,$0,$-3146,$1309,$-1838,$164,$-1679,$1676,$43,$1720,$18,$18,$0,$-58,$1680,$137,$7,$0
33,2010-06-30,9.2,$16.23,0.57,$18.99,0.48,$16.03,0.57,$0.78,11.8,$3.30B,$21.08B,0.16,$0.58B,$0.92B,0.63,$1.15B,$0.49B,43.14%,$1.15B,$0.34B,29.43%,$1.15B,$0.34B,29.43%,$1.15B,$0.22B,19.04%,$1.15B,$0.06B,4.98%,$1.15B,$0.05B,4.02%,$0.05B,$0.92B,5.69%,$0.05B,$0.92B,5.69%,$0.05B,$23.42B,0.21%,$0.34B,$1.50B,24.33%,$67,$231,$-164,$0,$1,$252,$-185,$182,$-3,$-1,$-2,$-2,$-2,$-247,$-185,$58,62,$-0.03,$-0.03,$845,$0,$0,$3297,$0,$17411,$0,$1070,$20124,$23421,$21078,$581,$828,$1424,$22503,$51,$326,$114,$918,$23421,$13,$-73,$-71,$-145,$0,$0,$0,$-219,$-101,$14,$-5,$0,$0,$-1613,$831,$-782,$151,$-635,$946,$-7,$940,$2,$2,$0,$-3,$938,$317,$4,$0
34,2010-03-31,9.5,$14.32,0.66,$22.69,0.42,$17.52,0.54,$0.97,9.79,$3.13B,$20.29B,0.15,$0.59B,$0.81B,0.73,$1.36B,$0.86B,63.60%,$1.36B,$0.68B,50.41%,$1.36B,$0.68B,50.41%,$1.36B,$0.60B,44.29%,$1.36B,$0.07B,5.45%,$1.36B,$0.06B,4.20%,$0.06B,$0.81B,7.79%,$0.06B,$0.81B,7.79%,$0.06B,$22.51B,0.27%,$0.68B,$1.39B,52.78%,$350,$199,$151,$0,$27,$256,$95,$-72,$23,$8,$15,$15,$15,$84,$95,$58,61,$0.26,$0.25,$704,$0,$0,$3125,$0,$16590,$0,$1094,$19383,$22508,$20285,$586,$804,$1414,$21700,$51,$327,$5,$808,$22508,$15,$-11,$-26,$-37,$0,$0,$0,$-27,$101,$179,$-1,$0,$0,$-1003,$620,$-383,$75,$-309,$325,$0,$325,$0,$0,$0,$-19,$306,$176,$2,$0
35,2009-12-31,6.63,$13.43,0.49,$20.24,0.33,$15.67,0.42,$1.20,5.53,$2.87B,$19.46B,0.15,$0.59B,$0.76B,0.78,$1.19B,$0.83B,70.00%,$1.19B,$0.65B,54.37%,$1.19B,$0.65B,54.37%,$1.19B,$0.57B,47.73%,$1.19B,$0.09B,7.23%,$1.19B,$0.07B,5.71%,$0.07B,$0.76B,10.35%,$0.07B,$0.76B,10.35%,$0.07B,$21.31B,0.34%,$0.65B,$1.34B,53.48%,$385,$143,$242,$0,$43,$220,$165,$-122,$42,$6,$36,$36,$36,$179,$165,$56,59,$0.61,$0.59,$528,$0,$0,$2869,$0,$15488,$0,$1243,$18443,$21312,$19456,$585,$517,$1102,$20557,$51,$312,$-30,$755,$21312,$69,$-79,$-15,$-94,$0,$0,$0,$362,$244,$517,$-3,$0,$0,$-3773,$1941,$-1833,$-178,$-2014,$1703,$123,$1826,$1,$1,$-4,$-13,$1810,$313,$5,$-4
36,2009-09-30,6.13,$13.37,0.46,$15.30,0.4,$10.89,0.56,$0.21,29.2,$2.44B,$19.04B,0.13,$0.56B,$0.75B,0.74,$0.90B,$0.63B,70.17%,$0.90B,$0.50B,55.98%,$0.90B,$0.50B,55.98%,$0.90B,$0.35B,38.99%,$0.90B,$0.03B,2.91%,$0.90B,$0.01B,0.89%,$0.01B,$0.75B,1.35%,$0.01B,$0.75B,1.35%,$0.01B,$21.30B,0.04%,$0.50B,$1.31B,44.41%,$343,$78,$265,$0,$-3,$81,$262,$-267,$-5,$-2,$-3,$-3,$-3,$202,$262,$58,61,$-0.05,$-0.05,$427,$0,$0,$2437,$0,$16189,$0,$973,$18859,$21296,$19040,$556,$924,$1506,$20545,$50,$281,$14,$751,$21296,$33,$-93,$-62,$-155,$0,$0,$0,$145,$157,$259,$-1,$0,$0,$-3750,$1868,$-1882,$-183,$-2066,$1367,$72,$1439,$1,$1,$0,$402,$1842,$35,$3,$0
37,2009-06-30,4.87,$10.93,0.45,$11.16,0.44,$9.32,0.52,$0.05,97.48,$1.59B,$17.49B,0.09,$0.53B,$0.61B,0.87,$0.64B,$0.39B,61.95%,$0.64B,$0.23B,36.32%,$0.64B,$0.23B,36.32%,$0.64B,$0.10B,15.88%,$0.64B,$0.05B,7.39%,$0.64B,$-0.00B,-0.16%,$-0.00B,$0.61B,-0.19%,$-0.00B,$0.61B,-0.19%,$-0.00B,$18.87B,-0.01%,$0.23B,$1.14B,21.65%,$279,$74,$205,$0,$13,$116,$162,$-148,$14,$5,$9,$9,$9,$136,$162,$55,58,$0.16,$0.16,$135,$0,$0,$1594,$0,$14372,$0,$1026,$17272,$18866,$17489,$531,$194,$764,$18253,$50,$284,$-125,$613,$18866,$35,$-33,$-40,$-73,$0,$0,$0,$42,$66,$96,$-1,$0,$0,$-2739,$1469,$-1270,$-115,$-1386,$1202,$48,$1250,$-0,$-0,$0,$-40,$1210,$-80,$2,$0
38,2009-03-31,3.63,$9.94,0.37,$8.36,0.43,$9.60,0.38,$-0.03,0.0,$1.60B,$16.36B,0.1,$0.54B,$0.51B,1.07,$0.47B,$0.25B,53.19%,$0.47B,$0.10B,22.13%,$0.47B,$0.10B,22.13%,$0.47B,$-0.05B,-11.06%,$0.47B,$0.04B,8.09%,$0.47B,$-0.01B,-1.28%,$-0.01B,$0.51B,-1.13%,$-0.01B,$0.51B,-1.13%,$-0.01B,$17.51B,-0.03%,$0.10B,$1.05B,9.81%,$183,$62,$121,$0,$35,$125,$58,$-23,$35,$9,$26,$26,$26,$51,$58,$53,56,$0.50,$0.48,$108,$0,$0,$1600,$0,$13211,$0,$942,$15909,$17509,$16356,$541,$94,$644,$17001,$45,$275,$-188,$508,$17509,$26,$-7,$10,$3,$0,$0,$0,$3,$-1,$60,$-0,$0,$0,$-1032,$567,$-465,$-48,$-513,$355,$24,$379,$-0,$-0,$0,$-32,$347,$-107,$0,$0
39,2008-12-31,6.11,$9.79,0.62,$5.96,1.03,$9.47,0.65,$0.34,17.98,$1.74B,$15.92B,0.11,$0.52B,$0.50B,1.04,$0.34B,$0.12B,36.39%,$0.34B,$-0.09B,-25.44%,$0.34B,$-0.09B,-25.44%,$0.34B,$-0.18B,-54.14%,$0.34B,$0.08B,22.49%,$0.34B,$0.02B,4.73%,$0.02B,$0.50B,2.86%,$0.02B,$0.50B,2.86%,$0.02B,$17.08B,0.09%,$-0.09B,$1.01B,-7.91%,$90,$53,$37,$0,$8,$71,$19,$-37,$-18,$6,$-24,$-24,$-24,$-40,$19,$54,57,$-0.42,$-0.38,$215,$0,$0,$1744,$0,$12811,$0,$864,$15338,$17082,$15921,$516,$134,$664,$16585,$44,$223,$-147,$497,$17082,$16,$-96,$226,$130,$0,$0,$0,$-13,$26,$223,$-0,$0,$0,$-2249,$1622,$-627,$-262,$-889,$1126,$5,$1130,$-27,$-27,$-4,$-238,$862,$196,$3,$-4
40,2008-09-30,6.4,$10.26,0.62,$5.41,1.18,$6.92,0.93,$0.65,9.84,$1.60B,$15.62B,0.1,$0.54B,$0.52B,1.04,$0.31B,$0.04B,11.61%,$0.31B,$-0.16B,-50.65%,$0.31B,$-0.16B,-50.65%,$0.31B,$-0.26B,-84.19%,$0.31B,$0.08B,25.81%,$0.31B,$0.03B,10.32%,$0.03B,$0.52B,5.44%,$0.03B,$0.52B,5.44%,$0.03B,$17.14B,0.19%,$-0.16B,$1.06B,-14.01%,$84,$53,$31,$0,$19,$92,$-8,$25,$16,$28,$-12,$-12,$-12,$-46,$-8,$53,56,$-0.22,$-0.22,$17,$0,$0,$1604,$0,$13190,$0,$800,$15540,$17143,$15619,$541,$463,$1004,$16623,$44,$259,$-143,$521,$17143,$40,$-37,$153,$115,$0,$0,$0,$-11,$-0,$150,$-0,$0,$0,$-1584,$641,$-943,$-192,$-1135,$892,$5,$897,$-27,$-27,$0,$114,$984,$-1,$2,$0
41,2008-06-30,6.95,$11.49,0.6,$7.08,0.98,$4.30,1.62,$0.97,7.17,$1.66B,$15.32B,0.11,$0.52B,$0.59B,0.88,$0.42B,$0.03B,6.27%,$0.42B,$-0.15B,-35.90%,$0.42B,$-0.15B,-35.90%,$0.42B,$-0.27B,-65.06%,$0.42B,$0.07B,16.63%,$0.42B,$0.05B,11.33%,$0.05B,$0.59B,7.68%,$0.05B,$0.59B,7.68%,$0.05B,$17.05B,0.28%,$-0.15B,$1.12B,-13.04%,$113,$52,$61,$0,$19,$78,$35,$-29,$5,$2,$4,$4,$4,$-17,$35,$54,57,$0.07,$0.07,$13,$0,$0,$1657,$0,$13252,$0,$714,$15397,$17053,$15318,$523,$619,$1142,$16460,$45,$270,$-88,$593,$17053,$52,$0,$68,$68,$0,$0,$0,$18,$12,$109,$-0,$0,$0,$-1377,$575,$-803,$-124,$-927,$600,$-13,$587,$-19,$-19,$0,$244,$813,$-5,$2,$0
42,2008-03-31,7.92,$12.09,0.65,$9.89,0.8,$2.08,3.81,$1.30,6.09,$1.70B,$14.87B,0.11,$0.53B,$0.63B,0.85,$0.59B,$0.08B,14.21%,$0.59B,$-0.13B,-21.15%,$0.59B,$-0.13B,-21.15%,$0.59B,$-0.21B,-35.70%,$0.59B,$0.10B,16.07%,$0.59B,$0.06B,10.83%,$0.06B,$0.63B,10.41%,$0.06B,$0.63B,10.41%,$0.06B,$16.56B,0.39%,$-0.13B,$1.16B,-10.89%,$51,$57,$-6,$0,$81,$183,$-132,$205,$73,$25,$48,$48,$48,$-80,$-132,$55,58,$0.87,$0.83,$20,$0,$0,$1701,$0,$12894,$0,$638,$14857,$16558,$14871,$531,$531,$1062,$15933,$45,$266,$-59,$625,$16558,$48,$52,$198,$250,$0,$0,$0,$1,$-10,$55,$-0,$0,$0,$-436,$59,$-378,$-50,$-428,$227,$-6,$221,$-17,$-17,$0,$170,$374,$1,$1,$0
43,2007-12-31,7.07,$11.42,0.62,$11.89,0.59,$0.51,13.98,$0.62,11.41,$1.74B,$14.83B,0.12,$0.54B,$0.61B,0.88,$0.71B,$0.15B,20.48%,$0.71B,$0.03B,4.07%,$0.71B,$0.03B,4.07%,$0.71B,$-0.15B,-21.04%,$0.71B,$0.04B,5.19%,$0.71B,$0.03B,3.65%,$0.03B,$0.61B,4.26%,$0.03B,$0.61B,4.26%,$0.03B,$16.39B,0.16%,$0.03B,$1.15B,2.54%,$62,$112,$-50,$0,$-5,$114,$-52,$38,$-14,$-6,$-8,$-8,$-8,$-118,$-52,$57,60,$-0.14,$-0.12,$19,$0,$0,$1742,$0,$12688,$0,$616,$14652,$16394,$14832,$537,$414,$951,$15783,$47,$216,$-39,$612,$16394,$26,$-180,$4,$-176,$0,$0,$0,$-26,$-46,$83,$-1,$0,$0,$-820,$-254,$-1075,$117,$-958,$1025,$1,$1025,$-14,$-14,$-3,$-145,$864,$-11,$4,$-3
44,2007-09-30,8.97,$11.49,0.78,$16.01,0.56,$0.06,140.31,$1.02,8.79,$1.76B,$14.56B,0.12,$0.53B,$0.62B,0.86,$0.96B,$0.37B,38.73%,$0.96B,$0.21B,22.01%,$0.96B,$0.21B,22.01%,$0.96B,$0.07B,7.37%,$0.96B,$0.08B,8.41%,$0.96B,$0.05B,5.50%,$0.05B,$0.62B,8.75%,$0.05B,$0.62B,8.75%,$0.05B,$16.16B,0.34%,$0.21B,$1.15B,18.61%,$189,$168,$21,$0,$9,$189,$-0,$5,$5,$2,$3,$3,$3,$-55,$-0,$57,60,$0.06,$0.06,$9,$0,$0,$1755,$0,$12531,$0,$589,$14409,$16164,$14559,$532,$453,$986,$15545,$47,$233,$-49,$619,$16164,$34,$-114,$-4,$-118,$0,$0,$0,$-63,$-67,$4,$-1,$0,$0,$-729,$-128,$-858,$124,$-734,$782,$-3,$779,$-11,$-11,$0,$-59,$709,$-21,$3,$0
45,2007-06-30,10.17,$11.17,0.91,$17.14,0.59,$0.13,76.58,$1.06,9.59,$1.80B,$14.17B,0.13,$0.53B,$0.60B,0.89,$1.03B,$0.52B,50.63%,$1.03B,$0.36B,34.95%,$1.03B,$0.36B,34.95%,$1.03B,$0.22B,21.49%,$1.03B,$0.09B,8.71%,$1.03B,$0.06B,5.71%,$0.06B,$0.60B,9.96%,$0.06B,$0.60B,9.96%,$0.06B,$15.80B,0.39%,$0.36B,$1.14B,32.01%,$289,$170,$119,$0,$34,$230,$59,$-28,$31,$11,$21,$21,$21,$42,$59,$55,60,$0.36,$0.35,$22,$0,$0,$1798,$0,$12186,$0,$550,$14003,$15801,$14169,$533,$497,$1030,$15199,$54,$225,$-66,$602,$15801,$31,$-59,$6,$-53,$0,$0,$0,$-65,$-63,$-18,$-1,$0,$0,$-532,$-75,$-606,$70,$-537,$519,$-2,$517,$-4,$-4,$0,$34,$547,$-8,$3,$0
46,2007-03-31,11.05,$11.33,0.98,$14.35,0.77,$0.15,76.08,$1.36,8.13,$1.84B,$13.65B,0.14,$0.53B,$0.61B,0.88,$0.87B,$0.42B,48.73%,$0.87B,$0.28B,32.10%,$0.87B,$0.28B,32.10%,$0.87B,$0.13B,15.01%,$0.87B,$0.13B,14.55%,$0.87B,$0.08B,9.35%,$0.08B,$0.61B,14.29%,$0.08B,$0.61B,14.29%,$0.08B,$15.10B,0.54%,$0.28B,$1.14B,25.23%,$173,$118,$56,$0,$18,$151,$22,$-7,$15,$5,$10,$10,$10,$-19,$22,$57,60,$0.18,$0.17,$28,$0,$0,$1840,$0,$11573,$0,$493,$13258,$15098,$13653,$534,$304,$838,$14492,$54,$201,$-39,$607,$15098,$10,$-41,$4,$-37,$0,$0,$0,$-69,$-72,$-37,$-1,$0,$0,$-11,$-28,$-39,$16,$-23,$185,$-1,$184,$0,$0,$0,$-125,$59,$-1,$1,$0
47,2006-12-31,10.97,$11.12,0.99,$15.13,0.72,$0.30,36.31,$1.26,8.71,$1.88B,$13.34B,0.14,$0.54B,$0.60B,0.9,$0.92B,$0.50B,54.91%,$0.92B,$0.34B,37.45%,$0.92B,$0.34B,37.45%,$0.92B,$0.22B,24.13%,$0.92B,$0.12B,12.77%,$0.92B,$0.08B,8.19%,$0.08B,$0.60B,13.96%,$0.08B,$0.60B,13.96%,$0.08B,$14.99B,0.50%,$0.34B,$1.13B,31.72%,$312,$134,$177,$0,$27,$181,$131,$-101,$30,$11,$19,$19,$19,$103,$131,$56,60,$0.33,$0.33,$30,$0,$0,$1876,$0,$11454,$0,$497,$13114,$14990,$13337,$535,$524,$1059,$14395,$54,$191,$-39,$595,$14990,$75,$-122,$24,$-98,$0,$0,$0,$-55,$-58,$57,$-0,$0,$0,$-175,$-449,$-624,$7,$-618,$469,$-4,$465,$-11,$-11,$-3,$27,$478,$-82,$4,$-3
