,Date,Stock Price,Book Value per Share,Price to Book Ratio,TTM Sales per Share,Price to Sales Ratio,TTM FCF per Share,Price to FCF Ratio,TTM Net EPS,PE Ratio,Current Assets,Current Liabilities,Current Ratio,Long Term Debt,Shareholder's Equity_x,Debt to Equity Ratio,TTM Revenue_x,TTM Gross Profit,Gross Margin,TTM Revenue_y,TTM Operating Income,Operating Margin,TTM Revenue_x,TTM EBIT,EBIT Margin,TTM Revenue_y,TTM EBITDA,EBITDA Margin,TTM Revenue_x,TTM Pre-Tax Income,Pre-Tax Margin,TTM Revenue_y,TTM Net Income_x,Net Margin,TTM Net Income_y,Shareholder's Equity_y,Return on Equity,TTM Net Income_x,Tangible Equity,Return on Tangible Equity,TTM Net Income_y,Total Assets,Return on Assets,TTM Net Income,LT Investments & Debt,Return on Investment,revenue,cost-goods-sold,gross-profit,research-development-expenses,selling-general-administrative-expenses,operating-expenses,operating-income,total-non-operating-income-expense,pre-tax-income,total-provision-income-taxes,income-after-taxes,income-from-continuous-operations,net-income,ebitda,ebit,basic-shares-outstanding,shares-outstanding,eps-basic-net-earnings-per-share,eps-earnings-per-share-diluted,cash-on-hand,inventory,other-current-assets,total-current-assets,net-property-plant-equipment,long-term-investments,goodwill-intangible-assets-total,other-long-term-assets,total-long-term-assets,total-assets,total-current-liabilities,long-term-debt,other-non-current-liabilities,total-long-term-liabilities,total-liabilities,common-stock-net,retained-earnings-accumulated-deficit,comprehensive-income,total-share-holder-equity,total-liabilities-share-holders-equity,net-income-loss,total-depreciation-amortization-cash-flow,other-non-cash-items,total-non-cash-items,change-in-accounts-receivable,change-in-inventories,change-in-accounts-payable,change-in-assets-liabilities,total-change-in-assets-liabilities,cash-flow-from-operating-activities,net-change-in-property-plant-equipment,net-change-in-intangible-assets,net-acquisitions-divestitures,net-change-in-short-term-investments,net-change-in-long-term-investments,net-change-in-investments-total,investing-activities-other,cash-flow-from-investing-activities,net-long-term-debt,net-current-debt,debt-issuance-retirement-net-total,net-common-equity-issued-repurchased,net-total-equity-issued-repurchased,total-common-preferred-stock-dividends-paid,financial-activities-other,cash-flow-from-financial-activities,net-cash-flow,stock-based-compensation,common-stock-dividends-paid
0,2018-09-30,34.2,$21.16,1.62,$9.47,3.61,$-1.88,0.0,$0.43,79.53,$1.36B,$0.46B,2.94,$1.72B,$4.95B,0.35,$2.22B,$1.06B,47.61%,$2.22B,$0.16B,7.39%,$2.22B,$0.25B,11.32%,$2.22B,$0.80B,35.84%,$2.22B,$0.20B,8.84%,$2.22B,$0.11B,4.87%,$0.11B,$4.95B,2.19%,$0.11B,$4.25B,2.54%,$0.11B,$8.36B,1.33%,$0.16B,$6.67B,2.53%,$519,$277,$242,$41,$29,$491,$28,$-9,$18,$1,$17,$17,$17,$171,$28,$234,235,$0.07,$0.07,$610,$492,$211,$1358,$6173,$0,$697,$128,$6998,$8356,$461,$1722,$406,$2946,$3407,$5344,$-570,$-57,$4949,$8356,$67,$417,$11,$428,$3,$-39,$0,$-40,$-30,$465,$-712,$0,$-162,$14,$-9,$6,$1,$-868,$-2,$347,$345,$10,$10,$-63,$0,$292,$-113,$39,$-63
1,2018-06-30,45.83,$21.07,2.18,$9.75,4.7,$-0.73,0.0,$0.66,69.44,$1.49B,$0.37B,4.02,$1.72B,$4.93B,0.35,$2.28B,$1.13B,49.67%,$2.28B,$0.26B,11.28%,$2.28B,$0.34B,15.09%,$2.28B,$0.86B,37.91%,$2.28B,$0.29B,12.51%,$2.28B,$0.16B,7.15%,$0.16B,$4.93B,3.30%,$0.16B,$4.24B,3.85%,$0.16B,$8.28B,2.04%,$0.26B,$6.65B,4.02%,$556,$304,$253,$39,$31,$537,$19,$21,$40,$35,$5,$5,$5,$183,$45,$233,235,$0.02,$0.02,$795,$440,$206,$1486,$5990,$0,$697,$106,$6793,$8279,$370,$1721,$422,$2977,$3347,$5322,$-561,$-59,$4932,$8279,$50,$273,$17,$290,$-1,$-17,$0,$-51,$-12,$328,$-436,$0,$-162,$28,$14,$42,$1,$-556,$-4,$350,$346,$2,$2,$-42,$0,$306,$75,$27,$-42
2,2018-03-31,41.97,$21.25,1.97,$9.73,4.31,$0.10,429.99,$0.90,46.63,$1.22B,$0.34B,3.63,$1.37B,$4.94B,0.28,$2.27B,$1.16B,51.08%,$2.27B,$0.31B,13.46%,$2.27B,$0.39B,16.94%,$2.27B,$0.90B,39.42%,$2.27B,$0.31B,13.59%,$2.27B,$0.21B,9.37%,$0.21B,$4.94B,4.33%,$0.21B,$4.24B,5.05%,$0.21B,$7.88B,2.72%,$0.31B,$6.31B,4.87%,$578,$295,$283,$30,$33,$494,$85,$-15,$69,$24,$45,$45,$45,$219,$85,$232,235,$0.19,$0.19,$567,$467,$155,$1219,$5875,$0,$697,$86,$6658,$7876,$336,$1372,$413,$2601,$2936,$5292,$-540,$-41,$4940,$7876,$45,$134,$1,$136,$-2,$25,$0,$17,$27,$208,$-186,$0,$-162,$-2,$-5,$-6,$0,$-355,$-1,$0,$-1,$-11,$-11,$-23,$0,$-34,$-181,$15,$-23
3,2017-12-31,45.93,$21.30,2.16,$9.65,4.76,$0.42,110.63,$1.04,44.17,$1.46B,$0.33B,4.38,$1.37B,$4.95B,0.28,$2.24B,$1.19B,52.85%,$2.24B,$0.34B,15.12%,$2.24B,$0.42B,18.64%,$2.24B,$0.93B,41.39%,$2.24B,$0.34B,15.30%,$2.24B,$0.24B,10.88%,$0.24B,$4.95B,5.01%,$0.24B,$4.25B,5.84%,$0.24B,$7.87B,3.17%,$0.34B,$6.32B,5.49%,$565,$288,$278,$32,$29,$534,$32,$38,$69,$29,$41,$41,$41,$222,$93,$230,232,$0.18,$0.18,$767,$501,$168,$1462,$5627,$0,$697,$81,$6404,$7866,$334,$1372,$386,$2585,$2919,$5288,$-596,$30,$4947,$7866,$244,$509,$87,$595,$-4,$-65,$0,$-16,$-72,$768,$-874,$0,$-72,$-2,$-52,$-54,$-0,$-1000,$-136,$300,$164,$244,$244,$-76,$-4,$329,$93,$44,$-76
4,2017-09-30,44.86,$21.18,2.12,$9.43,4.75,$2.04,22.02,$1.17,38.34,$1.71B,$0.44B,3.85,$1.37B,$4.92B,0.28,$2.18B,$1.15B,52.90%,$2.18B,$0.29B,13.51%,$2.18B,$0.35B,16.13%,$2.18B,$0.88B,40.63%,$2.18B,$0.39B,17.88%,$2.18B,$0.27B,12.22%,$0.27B,$4.92B,5.59%,$0.27B,$4.22B,6.55%,$0.27B,$7.88B,3.54%,$0.29B,$6.29B,4.91%,$580,$262,$318,$50,$28,$459,$121,$-14,$107,$34,$72,$72,$72,$240,$121,$231,234,$0.31,$0.31,$989,$511,$200,$1708,$5389,$0,$697,$81,$6167,$7875,$443,$1372,$327,$2513,$2956,$5263,$-604,$39,$4920,$7875,$203,$379,$47,$427,$0,$-73,$0,$-31,$-29,$601,$-578,$0,$0,$-1,$-43,$-45,$-0,$-623,$-133,$296,$163,$232,$232,$-56,$0,$339,$315,$34,$-56
5,2017-06-30,44.68,$20.98,2.13,$9.64,4.64,$3.29,13.56,$1.09,40.99,$1.69B,$0.35B,4.85,$1.37B,$4.85B,0.28,$2.21B,$1.17B,52.83%,$2.21B,$0.28B,12.64%,$2.21B,$0.34B,15.22%,$2.21B,$0.91B,41.32%,$2.21B,$0.37B,16.76%,$2.21B,$0.24B,11.01%,$0.24B,$4.85B,5.23%,$0.24B,$4.15B,6.15%,$0.24B,$7.70B,3.31%,$0.28B,$6.22B,4.82%,$550,$268,$282,$34,$28,$482,$68,$-5,$64,$9,$55,$55,$55,$215,$86,$231,234,$0.24,$0.23,$1081,$432,$165,$1687,$5224,$0,$697,$87,$6008,$7695,$348,$1372,$315,$2497,$2845,$5244,$-652,$39,$4850,$7695,$131,$261,$30,$291,$-0,$-19,$0,$-19,$-15,$407,$-321,$0,$0,$-36,$0,$-36,$0,$-357,$-136,$300,$164,$225,$225,$-38,$0,$351,$404,$25,$-38
6,2017-03-31,41.94,$20.76,2.02,$9.67,4.34,$3.60,11.65,$0.91,46.09,$1.49B,$0.42B,3.55,$1.07B,$4.78B,0.23,$2.20B,$1.17B,53.12%,$2.20B,$0.26B,11.75%,$2.20B,$0.31B,14.31%,$2.20B,$0.92B,41.73%,$2.20B,$0.34B,15.67%,$2.20B,$0.21B,9.43%,$0.21B,$4.78B,4.57%,$0.21B,$4.08B,5.40%,$0.21B,$7.40B,2.88%,$0.26B,$5.85B,4.61%,$547,$240,$307,$25,$31,$429,$118,$-16,$103,$27,$76,$76,$76,$251,$118,$227,229,$0.33,$0.33,$931,$420,$133,$1494,$5125,$0,$697,$82,$5904,$7397,$420,$1073,$303,$2198,$2619,$5206,$-691,$42,$4779,$7397,$76,$133,$16,$149,$-1,$8,$0,$16,$-2,$223,$-129,$0,$0,$-3,$-23,$-25,$0,$-154,$-2,$0,$-2,$203,$203,$-19,$0,$182,$253,$15,$-19
7,2016-12-31,41.41,$19.97,2.07,$9.49,4.36,$3.39,12.2,$0.71,58.32,$1.23B,$0.42B,2.9,$1.07B,$4.49B,0.24,$2.14B,$1.11B,51.71%,$2.14B,$0.17B,7.71%,$2.14B,$0.24B,11.17%,$2.14B,$0.85B,39.88%,$2.14B,$0.27B,12.53%,$2.14B,$0.16B,7.43%,$0.16B,$4.49B,3.62%,$0.16B,$3.80B,4.30%,$0.16B,$7.11B,2.27%,$0.17B,$5.57B,3.02%,$499,$255,$244,$36,$32,$512,$-13,$129,$115,$53,$63,$63,$63,$178,$26,$223,226,$0.27,$0.27,$641,$444,$137,$1230,$5106,$0,$697,$75,$5878,$7108,$424,$1073,$300,$2192,$2615,$4988,$-744,$32,$4492,$7108,$159,$613,$-58,$555,$-0,$20,$0,$52,$64,$779,$-516,$0,$-12,$8,$-34,$-25,$0,$-553,$-290,$350,$60,$206,$206,$-71,$-3,$190,$416,$34,$-71
8,2016-09-30,53.29,$19.85,2.68,$9.51,5.61,$3.00,17.78,$0.36,148.02,$1.35B,$0.48B,2.81,$1.07B,$4.46B,0.24,$2.12B,$1.12B,52.52%,$2.12B,$0.15B,7.02%,$2.12B,$0.26B,12.20%,$2.12B,$0.80B,37.82%,$2.12B,$0.17B,8.10%,$2.12B,$0.08B,3.77%,$0.08B,$4.46B,1.86%,$0.08B,$3.76B,2.22%,$0.08B,$7.17B,1.16%,$0.15B,$5.53B,2.76%,$611,$277,$333,$45,$21,$505,$106,$-18,$88,$39,$49,$49,$49,$268,$106,$224,228,$0.22,$0.22,$731,$441,$169,$1354,$5046,$0,$697,$76,$5819,$7173,$483,$1073,$348,$2232,$2714,$4976,$-785,$54,$4458,$7173,$96,$462,$36,$498,$-0,$20,$0,$31,$64,$658,$-349,$0,$-12,$-10,$-1,$-11,$0,$-373,$-290,$350,$60,$201,$201,$-51,$0,$210,$494,$25,$-51
9,2016-06-30,52.51,$19.60,2.68,$9.16,5.73,$2.37,22.16,$0.15,350.09,$1.20B,$0.42B,2.88,$1.07B,$4.38B,0.25,$2.02B,$1.04B,51.26%,$2.02B,$0.08B,3.76%,$2.02B,$0.19B,9.20%,$2.02B,$0.73B,35.92%,$2.02B,$0.07B,3.46%,$2.02B,$0.03B,1.58%,$0.03B,$4.38B,0.76%,$0.03B,$3.68B,0.91%,$0.03B,$7.02B,0.47%,$0.08B,$5.45B,1.42%,$538,$255,$282,$38,$24,$491,$47,$-9,$38,$19,$19,$19,$19,$219,$64,$222,225,$0.09,$0.08,$560,$439,$184,$1197,$5063,$0,$697,$68,$5827,$7024,$415,$1073,$359,$2230,$2645,$4926,$-812,$47,$4379,$7024,$47,$300,$13,$313,$2,$32,$0,$-1,$15,$375,$-224,$0,$-5,$9,$-10,$-1,$0,$-230,$-288,$350,$62,$166,$166,$-30,$0,$198,$344,$18,$-30
10,2016-03-31,35.43,$19.30,1.84,$9.13,3.88,$2.33,15.19,$0.12,295.25,$0.87B,$0.26B,3.33,$1.07B,$4.26B,0.25,$1.99B,$1.00B,50.18%,$1.99B,$0.06B,3.21%,$1.99B,$0.16B,7.88%,$1.99B,$0.70B,35.07%,$1.99B,$0.05B,2.66%,$1.99B,$0.02B,1.15%,$0.02B,$4.26B,0.55%,$0.02B,$3.56B,0.66%,$0.02B,$6.72B,0.34%,$0.06B,$5.32B,1.20%,$491,$244,$247,$28,$25,$466,$25,$2,$27,$-1,$28,$28,$28,$188,$43,$220,222,$0.13,$0.13,$235,$435,$191,$872,$5069,$0,$697,$78,$5844,$6717,$262,$1065,$345,$2200,$2461,$4799,$-814,$29,$4255,$6717,$28,$146,$-6,$140,$2,$25,$0,$12,$-22,$146,$-101,$0,$-7,$0,$0,$0,$0,$-108,$-55,$0,$-55,$71,$71,$-15,$-3,$-2,$39,$10,$-15
11,2015-12-31,25.69,$19.03,1.35,$9.16,2.81,$2.41,10.66,$0.12,214.08,$0.83B,$0.31B,2.66,$1.12B,$4.14B,0.27,$1.99B,$0.99B,49.80%,$1.99B,$0.10B,4.88%,$1.99B,$0.17B,8.66%,$1.99B,$0.71B,35.50%,$1.99B,$0.08B,4.18%,$1.99B,$0.02B,1.21%,$0.02B,$4.14B,0.58%,$0.02B,$3.44B,0.69%,$0.02B,$6.68B,0.36%,$0.10B,$5.26B,1.82%,$483,$230,$253,$26,$23,$512,$-29,$48,$19,$35,$-16,$-16,$-16,$128,$46,$216,217,$-0.08,$-0.08,$164,$462,$195,$829,$5089,$0,$697,$68,$5854,$6683,$312,$1118,$310,$2231,$2542,$4708,$-824,$3,$4141,$6683,$25,$609,$27,$635,$52,$-41,$0,$-73,$-44,$616,$-450,$0,$-13,$58,$-20,$38,$50,$-375,$-285,$50,$-235,$15,$15,$-60,$-2,$-281,$-53,$36,$-60
12,2015-09-30,24.68,$19.11,1.29,$9.50,2.6,$2.63,9.39,$0.07,352.5,$0.99B,$0.33B,2.96,$1.20B,$4.16B,0.29,$2.01B,$0.95B,47.46%,$2.01B,$0.16B,8.13%,$2.01B,$0.16B,8.13%,$2.01B,$0.75B,37.54%,$2.01B,$0.07B,3.29%,$2.01B,$0.02B,0.95%,$0.02B,$4.16B,0.46%,$0.02B,$3.46B,0.55%,$0.02B,$6.81B,0.28%,$0.16B,$5.36B,3.05%,$509,$255,$254,$37,$26,$475,$33,$-47,$-14,$-15,$1,$1,$1,$191,$33,$217,218,$0.01,$0.01,$260,$491,$172,$987,$5082,$0,$697,$40,$5819,$6806,$334,$1203,$275,$2317,$2650,$4695,$-791,$0,$4155,$6806,$40,$451,$56,$507,$54,$-49,$0,$-41,$-72,$475,$-317,$0,$-13,$60,$-19,$40,$31,$-259,$-195,$50,$-145,$9,$9,$-45,$0,$-180,$24,$29,$-45
13,2015-06-30,27.56,$19.17,1.44,$9.37,2.94,$2.67,10.31,$-0.01,0.0,$0.89B,$0.32B,2.81,$1.18B,$4.16B,0.28,$1.96B,$0.89B,45.51%,$1.96B,$0.15B,7.76%,$1.96B,$0.15B,7.76%,$1.96B,$0.70B,35.82%,$1.96B,$0.09B,4.39%,$1.96B,$0.00B,0.15%,$0.00B,$4.16B,0.07%,$0.00B,$3.46B,0.09%,$0.00B,$6.75B,0.04%,$0.15B,$5.34B,2.84%,$510,$264,$246,$31,$24,$475,$35,$-14,$21,$11,$10,$10,$10,$192,$35,$215,217,$0.05,$0.05,$230,$440,$147,$890,$5120,$0,$697,$43,$5860,$6750,$316,$1180,$291,$2274,$2590,$4685,$-775,$3,$4160,$6750,$39,$294,$-3,$291,$-1,$22,$0,$-23,$2,$332,$-194,$0,$-13,$55,$-19,$36,$13,$-158,$-165,$0,$-165,$6,$6,$-29,$0,$-188,$-19,$20,$-29
14,2015-03-31,27.07,$19.07,1.42,$9.37,2.89,$3.20,8.46,$0.14,193.38,$0.87B,$0.32B,2.73,$1.22B,$4.10B,0.3,$1.89B,$0.86B,45.26%,$1.89B,$0.18B,9.48%,$1.89B,$0.18B,9.48%,$1.89B,$0.67B,35.20%,$1.89B,$0.10B,5.24%,$1.89B,$0.02B,0.79%,$0.02B,$4.10B,0.37%,$0.02B,$3.50B,0.42%,$0.02B,$6.77B,0.22%,$0.18B,$5.32B,3.31%,$484,$247,$236,$17,$25,$425,$58,$-1,$57,$28,$29,$29,$29,$194,$58,$215,216,$0.13,$0.13,$219,$442,$128,$869,$5248,$0,$601,$49,$5898,$6767,$319,$1220,$285,$2349,$2667,$4622,$-768,$2,$4100,$6767,$29,$136,$12,$148,$-1,$10,$0,$2,$-33,$143,$-83,$0,$-7,$38,$-5,$32,$4,$-54,$-108,$0,$-108,$-0,$-0,$-15,$0,$-123,$-40,$12,$-15
15,2014-12-31,24.06,$18.69,1.29,$9.94,2.42,$3.77,6.38,$0.63,38.19,$0.91B,$0.33B,2.73,$1.32B,$4.07B,0.33,$1.90B,$0.89B,47.07%,$1.90B,$0.28B,14.50%,$1.90B,$0.28B,14.50%,$1.90B,$0.71B,37.37%,$1.90B,$0.19B,9.96%,$1.90B,$0.08B,4.38%,$0.08B,$4.07B,2.15%,$0.08B,$3.37B,2.37%,$0.08B,$6.81B,1.32%,$0.28B,$5.39B,5.40%,$503,$287,$216,$14,$26,$466,$37,$-35,$2,$24,$-21,$-21,$-21,$176,$37,$195,196,$-0.18,$-0.19,$272,$447,$128,$908,$5156,$0,$697,$49,$5901,$6809,$332,$1322,$289,$2408,$2741,$4600,$-779,$10,$4068,$6809,$83,$434,$108,$541,$17,$-1,$0,$1,$44,$668,$-475,$0,$-400,$42,$-27,$15,$9,$-852,$264,$0,$264,$20,$20,$-54,$-1,$229,$38,$38,$-54
16,2014-09-30,27.97,$18.99,1.47,$9.91,2.82,$1.98,14.11,$-1.86,0.0,$0.90B,$0.31B,2.96,$1.36B,$3.97B,0.34,$1.83B,$0.93B,50.63%,$1.83B,$0.39B,21.03%,$1.83B,$0.36B,19.50%,$1.83B,$0.77B,42.05%,$1.83B,$-0.75B,-40.69%,$1.83B,$-0.66B,-35.88%,$-0.66B,$3.97B,-18.66%,$-0.66B,$3.33B,-19.72%,$-0.66B,$6.68B,-11.45%,$0.39B,$5.33B,8.25%,$463,$270,$194,$21,$25,$441,$22,$-16,$6,$21,$-15,$-15,$-15,$140,$22,$209,210,$-0.07,$-0.10,$252,$452,$133,$901,$5057,$0,$638,$78,$5773,$6675,$305,$1360,$284,$2400,$2705,$4469,$-740,$6,$3970,$6675,$104,$295,$74,$369,$15,$-25,$0,$7,$32,$504,$-342,$0,$-404,$36,$-27,$9,$8,$-728,$271,$0,$271,$17,$17,$-39,$-1,$248,$20,$30,$-39
17,2014-06-30,36.83,$20.57,1.79,$10.26,3.59,$0.39,94.99,$-1.52,0.0,$0.90B,$0.32B,2.84,$1.32B,$4.29B,0.31,$1.81B,$0.96B,52.70%,$1.81B,$0.47B,25.72%,$1.81B,$0.44B,24.17%,$1.81B,$0.82B,45.03%,$1.81B,$-0.66B,-36.53%,$1.81B,$-0.57B,-31.29%,$-0.57B,$4.29B,-16.71%,$-0.57B,$4.25B,-17.16%,$-0.57B,$6.71B,-10.44%,$0.47B,$5.61B,10.50%,$439,$229,$209,$12,$42,$377,$62,$-28,$34,$12,$22,$22,$22,$155,$62,$186,186,$0.12,$0.12,$347,$363,$137,$904,$4067,$1639,$39,$59,$5804,$6708,$318,$1320,$177,$2100,$2418,$4452,$-395,$10,$4290,$6708,$119,$177,$47,$224,$8,$30,$0,$-5,$89,$433,$-217,$0,$-404,$38,$-13,$25,$-1,$-597,$299,$0,$299,$8,$8,$-25,$1,$284,$120,$22,$-25
18,2014-03-31,29.01,$17.84,1.63,$9.86,2.94,$-1.24,0.0,$-1.86,0.0,$0.84B,$0.20B,4.19,$0.92B,$3.11B,0.3,$1.71B,$0.86B,50.09%,$1.71B,$0.39B,22.88%,$1.71B,$0.38B,22.06%,$1.71B,$0.73B,42.83%,$1.71B,$-0.72B,-42.07%,$1.71B,$-0.61B,-35.87%,$-0.61B,$3.11B,-19.31%,$-0.61B,$3.07B,-20.18%,$-0.61B,$5.00B,-12.10%,$0.39B,$4.03B,9.53%,$492,$218,$274,$9,$26,$337,$154,$-8,$147,$50,$97,$97,$97,$238,$154,$174,174,$0.56,$0.56,$313,$335,$113,$835,$4058,$0,$39,$63,$4160,$4995,$200,$920,$173,$1690,$1890,$3298,$-419,$6,$3106,$4995,$97,$83,$27,$110,$-7,$23,$0,$23,$43,$250,$-101,$0,$0,$1,$-13,$-13,$6,$-108,$-84,$0,$-84,$-3,$-3,$-12,$1,$-98,$43,$13,$-12
19,2013-12-31,25.24,$15.62,1.62,$9.48,2.66,$-2.01,0.0,$-2.34,0.0,$0.80B,$0.21B,3.79,$0.99B,$2.72B,0.36,$1.64B,$0.77B,47.16%,$1.64B,$0.30B,18.14%,$1.64B,$0.30B,18.14%,$1.64B,$0.64B,38.97%,$1.64B,$-0.82B,-49.91%,$1.64B,$-0.69B,-41.91%,$-0.69B,$2.72B,-21.02%,$-0.69B,$2.68B,-22.28%,$-0.69B,$4.58B,-13.37%,$0.30B,$3.71B,7.14%,$437,$187,$250,$9,$24,$291,$147,$-1079,$-932,$-171,$-761,$-761,$-761,$237,$119,$173,173,$-4.40,$-4.40,$245,$345,$123,$798,$3694,$0,$39,$48,$3782,$4580,$211,$987,$211,$1652,$1863,$3294,$-800,$2,$2717,$4580,$-687,$314,$923,$1237,$0,$-34,$0,$-24,$-69,$481,$-621,$0,$-10,$6,$-60,$-53,$-3,$-687,$159,$0,$159,$5,$5,$-126,$11,$49,$-159,$45,$-126
20,2013-09-30,24.92,$19.91,1.25,$9.56,2.61,$0.26,95.94,$0.75,33.22,$0.85B,$0.28B,3.09,$0.95B,$3.46B,0.28,$1.65B,$0.73B,44.17%,$1.65B,$0.27B,16.26%,$1.65B,$0.27B,16.20%,$1.65B,$0.59B,35.92%,$1.65B,$0.21B,12.92%,$1.65B,$0.16B,9.59%,$0.16B,$3.46B,4.59%,$0.16B,$3.22B,4.92%,$0.16B,$5.44B,2.97%,$0.27B,$4.41B,6.24%,$444,$223,$222,$16,$24,$342,$103,$-14,$89,$14,$75,$75,$75,$186,$103,$173,173,$0.43,$0.43,$225,$398,$152,$853,$4312,$0,$235,$40,$4587,$5440,$276,$950,$122,$1704,$1981,$3280,$-22,$-8,$3459,$5440,$94,$223,$98,$322,$4,$-56,$0,$-44,$-75,$340,$-483,$0,$-10,$6,$-55,$-49,$-2,$-543,$111,$0,$111,$1,$1,$-94,$0,$18,$-186,$36,$-94
21,2013-06-30,25.55,$19.72,1.3,$10.12,2.52,$2.81,9.1,$1.10,23.23,$0.73B,$0.25B,2.93,$0.85B,$3.42B,0.25,$1.74B,$0.82B,47.18%,$1.74B,$0.35B,20.17%,$1.74B,$0.35B,20.11%,$1.74B,$0.66B,37.93%,$1.74B,$0.28B,15.86%,$1.74B,$0.19B,10.86%,$0.19B,$3.42B,5.52%,$0.19B,$3.18B,5.92%,$0.19B,$5.25B,3.58%,$0.35B,$4.27B,8.27%,$336,$226,$110,$11,$28,$350,$-13,$-10,$-23,$1,$-24,$-24,$-24,$71,$1,$173,173,$-0.14,$-0.14,$205,$322,$122,$731,$4241,$0,$235,$43,$4520,$5251,$249,$850,$120,$1585,$1834,$3265,$-31,$-21,$3417,$5251,$-1,$140,$58,$199,$8,$32,$0,$-22,$23,$221,$-302,$0,$-10,$4,$-52,$-49,$1,$-360,$14,$0,$14,$-3,$-3,$-62,$0,$-51,$-191,$26,$-62
22,2013-03-31,37.56,$20.03,1.87,$10.86,3.46,$4.50,8.34,$1.49,25.21,$0.84B,$0.24B,3.52,$0.80B,$3.46B,0.23,$1.86B,$0.95B,51.02%,$1.86B,$0.46B,24.52%,$1.86B,$0.46B,24.46%,$1.86B,$0.76B,40.88%,$1.86B,$0.38B,20.17%,$1.86B,$0.26B,13.73%,$0.26B,$3.46B,7.55%,$0.26B,$3.23B,8.10%,$0.26B,$5.25B,4.90%,$0.46B,$4.26B,10.88%,$420,$230,$190,$9,$37,$360,$60,$-12,$49,$25,$24,$24,$24,$144,$74,$172,173,$0.14,$0.14,$320,$321,$103,$842,$4129,$0,$229,$51,$4409,$5251,$239,$800,$125,$1549,$1787,$3250,$31,$-16,$3463,$5251,$24,$70,$41,$111,$-3,$28,$0,$0,$12,$146,$-131,$0,$0,$1,$-13,$-11,$1,$-141,$-33,$0,$-33,$-7,$-7,$-30,$0,$-70,$-66,$16,$-30
23,2012-12-31,47.5,$0.00,0.0,$11.19,4.24,$5.12,9.28,$1.81,26.24,$0.89B,$0.28B,3.2,$0.81B,$3.43B,0.24,$1.92B,$1.02B,53.18%,$1.92B,$0.52B,27.11%,$1.92B,$0.52B,27.06%,$1.92B,$0.82B,42.75%,$1.92B,$0.44B,22.68%,$1.92B,$0.31B,16.21%,$0.31B,$3.43B,9.32%,$0.31B,$3.20B,10.01%,$0.31B,$5.37B,6.02%,$0.52B,$4.25B,12.51%,$448,$242,$206,$16,$28,$330,$118,$-20,$98,$15,$83,$83,$83,$191,$89,$171,171,$0.49,$0.48,$377,$326,$95,$885,$4220,$0,$229,$34,$4484,$5369,$277,$814,$212,$1659,$1936,$3242,$1,$-8,$3433,$5369,$311,$272,$134,$406,$8,$-44,$0,$23,$-20,$696,$-446,$0,$-9,$71,$-3,$69,$10,$-376,$-302,$200,$-102,$21,$21,$-118,$-3,$-203,$119,$48,$-118
24,2012-09-30,46.65,$19.73,2.36,$11.26,4.14,$4.75,9.83,$-2.20,0.0,$0.95B,$0.30B,3.22,$0.80B,$3.39B,0.24,$1.93B,$1.04B,54.08%,$1.93B,$0.54B,27.95%,$1.93B,$0.52B,27.17%,$1.93B,$0.84B,43.58%,$1.93B,$-0.51B,-26.65%,$1.93B,$-0.37B,-19.38%,$-0.37B,$3.39B,-11.36%,$-0.37B,$3.16B,-12.21%,$-0.37B,$5.22B,-7.34%,$0.54B,$4.19B,13.03%,$536,$220,$315,$36,$25,$350,$186,$-33,$152,$46,$106,$106,$106,$254,$186,$171,172,$0.62,$0.62,$413,$361,$103,$954,$3986,$0,$229,$49,$4265,$5219,$296,$800,$145,$1533,$1829,$3214,$-3,$-5,$3390,$5219,$228,$199,$120,$319,$-1,$-51,$0,$23,$43,$590,$-294,$0,$-12,$31,$0,$31,$0,$-275,$-329,$200,$-129,$4,$4,$-89,$-3,$-217,$99,$38,$-89
25,2012-06-30,36.06,$19.13,1.89,$11.19,3.22,$3.97,9.09,$-3.29,0.0,$0.81B,$0.32B,2.55,$0.83B,$3.27B,0.25,$1.90B,$1.00B,52.73%,$1.90B,$0.52B,27.21%,$1.90B,$0.52B,27.21%,$1.90B,$0.83B,43.75%,$1.90B,$-0.78B,-40.76%,$1.90B,$-0.56B,-29.46%,$-0.56B,$3.27B,-16.67%,$-0.56B,$3.05B,-17.84%,$-0.56B,$5.07B,-10.87%,$0.52B,$4.10B,12.41%,$460,$220,$240,$34,$32,$367,$93,$-16,$77,$34,$43,$43,$43,$173,$107,$171,171,$0.25,$0.25,$366,$267,$101,$809,$3943,$0,$229,$86,$4259,$5068,$318,$830,$118,$1476,$1794,$3195,$-76,$-24,$3274,$5068,$122,$131,$71,$201,$0,$2,$0,$10,$67,$391,$-180,$0,$-11,$31,$0,$31,$0,$-161,$-96,$0,$-96,$-4,$-4,$-61,$-0,$-161,$68,$27,$-61
26,2012-03-31,29.44,$19.00,1.55,$11.02,2.67,$3.47,8.48,$-3.14,0.0,$0.77B,$0.26B,2.91,$0.83B,$3.25B,0.26,$1.88B,$0.99B,52.45%,$1.88B,$0.53B,28.27%,$1.88B,$0.53B,28.27%,$1.88B,$0.84B,44.73%,$1.88B,$-0.75B,-39.83%,$1.88B,$-0.54B,-28.49%,$-0.54B,$3.25B,-15.27%,$-0.54B,$3.02B,-16.26%,$-0.54B,$5.00B,-10.09%,$0.53B,$4.08B,12.48%,$474,$215,$259,$23,$34,$351,$123,$-16,$108,$29,$79,$79,$79,$202,$137,$171,171,$0.46,$0.46,$331,$251,$94,$768,$3907,$0,$229,$94,$4231,$4998,$264,$830,$127,$1483,$1747,$3183,$-85,$-17,$3252,$4998,$79,$65,$38,$103,$-15,$12,$0,$29,$15,$196,$-76,$0,$-11,$0,$0,$0,$0,$-87,$-93,$0,$-93,$-8,$-8,$-31,$0,$-132,$-22,$34,$-31
27,2011-12-31,31.7,$18.82,1.68,$10.66,2.97,$3.22,9.85,$-3.34,0.0,$0.82B,$0.25B,3.23,$0.92B,$3.22B,0.29,$1.82B,$0.95B,51.87%,$1.82B,$0.50B,27.39%,$1.82B,$0.50B,27.39%,$1.82B,$0.81B,44.18%,$1.82B,$-0.78B,-42.76%,$1.82B,$-0.57B,-31.23%,$-0.57B,$3.22B,-15.69%,$-0.57B,$2.99B,-16.64%,$-0.57B,$5.03B,-10.47%,$0.50B,$4.14B,11.55%,$455,$228,$227,$32,$28,$318,$136,$-987,$-850,$-249,$-601,$-601,$-601,$210,$93,$169,169,$-3.56,$-3.54,$367,$268,$110,$822,$3895,$0,$229,$88,$4213,$5034,$254,$920,$146,$1565,$1819,$3181,$-129,$-7,$3215,$5034,$-569,$262,$1005,$1266,$37,$-43,$0,$-26,$-30,$667,$-483,$0,$-163,$9,$-91,$-82,$-33,$-760,$257,$0,$257,$23,$23,$-98,$-3,$179,$84,$52,$-98
28,2011-09-30,51.54,$21.98,2.35,$10.63,4.85,$1.98,26.0,$0.70,73.63,$0.80B,$0.36B,2.24,$0.65B,$3.72B,0.18,$1.81B,$0.96B,53.21%,$1.81B,$0.48B,26.36%,$1.81B,$0.53B,29.57%,$1.81B,$0.79B,43.85%,$1.81B,$0.19B,10.69%,$1.81B,$0.12B,6.64%,$0.12B,$3.72B,3.21%,$0.12B,$3.52B,3.39%,$0.12B,$5.54B,2.16%,$0.48B,$4.37B,10.91%,$515,$237,$278,$10,$20,$349,$166,$-277,$-111,$-29,$-82,$-82,$-82,$248,$181,$169,169,$-0.48,$-0.48,$265,$336,$118,$798,$4494,$0,$200,$53,$4747,$5544,$355,$650,$139,$1466,$1821,$3117,$473,$-17,$3723,$5544,$32,$188,$305,$493,$34,$-67,$0,$-19,$9,$535,$-375,$0,$-81,$0,$0,$0,$0,$-457,$-10,$0,$-10,$19,$19,$-73,$-2,$-66,$12,$54,$-73
29,2011-06-30,54.42,$22.63,2.41,$9.92,5.49,$0.97,55.82,$1.88,28.95,$0.73B,$0.29B,2.48,$0.60B,$3.83B,0.16,$1.69B,$0.89B,52.40%,$1.69B,$0.42B,24.69%,$1.69B,$0.48B,28.12%,$1.69B,$0.71B,42.27%,$1.69B,$0.47B,27.65%,$1.69B,$0.32B,19.12%,$0.32B,$3.83B,8.70%,$0.32B,$3.63B,9.07%,$0.32B,$5.64B,5.83%,$0.42B,$4.43B,9.58%,$434,$213,$221,$17,$24,$327,$106,$-2,$105,$36,$69,$69,$69,$180,$120,$169,172,$0.41,$0.40,$240,$320,$104,$728,$4648,$0,$200,$63,$4914,$5642,$294,$600,$150,$1521,$1815,$3102,$554,$27,$3827,$5642,$114,$121,$77,$198,$48,$-54,$0,$-5,$25,$338,$-211,$0,$0,$13,$-7,$6,$-1,$-206,$-57,$0,$-57,$12,$12,$-49,$0,$-95,$37,$31,$-49
30,2011-03-31,56.91,$22.14,2.57,$9.57,5.95,$0.28,201.18,$2.11,26.97,$0.67B,$0.27B,2.46,$0.60B,$3.74B,0.16,$1.60B,$0.85B,52.75%,$1.60B,$0.40B,24.72%,$1.60B,$0.46B,28.46%,$1.60B,$0.68B,42.38%,$1.60B,$0.47B,29.40%,$1.60B,$0.35B,22.10%,$0.35B,$3.74B,10.14%,$0.35B,$3.54B,10.43%,$0.35B,$5.52B,6.73%,$0.40B,$4.34B,9.50%,$418,$199,$219,$17,$35,$327,$91,$-14,$77,$32,$45,$45,$45,$167,$105,$169,173,$0.27,$0.26,$217,$284,$95,$667,$4596,$0,$200,$58,$4857,$5523,$271,$600,$151,$1510,$1782,$3090,$486,$31,$3741,$5523,$45,$62,$43,$105,$41,$-17,$0,$15,$24,$175,$-97,$0,$4,$0,$0,$0,$0,$-93,$-53,$0,$-53,$6,$6,$-26,$0,$-73,$10,$0,$-26
31,2010-12-31,65.49,$21.73,3.01,$8.65,7.57,$-0.41,0.0,$1.99,32.91,$0.67B,$0.30B,2.22,$0.65B,$3.67B,0.18,$1.42B,$0.75B,52.39%,$1.42B,$0.35B,24.82%,$1.42B,$0.40B,28.41%,$1.42B,$0.60B,41.84%,$1.42B,$0.44B,30.59%,$1.42B,$0.33B,23.28%,$0.33B,$3.67B,10.16%,$0.33B,$3.47B,10.32%,$0.33B,$5.50B,6.68%,$0.35B,$4.32B,8.90%,$439,$196,$243,$15,$23,$326,$113,$9,$122,$34,$88,$88,$88,$197,$128,$162,166,$0.54,$0.52,$204,$268,$90,$674,$4565,$0,$200,$62,$4826,$5500,$303,$650,$146,$1532,$1835,$3078,$440,$28,$3665,$5500,$332,$192,$61,$254,$-19,$-91,$0,$-21,$-98,$488,$-512,$0,$0,$33,$-42,$-9,$-3,$-523,$-681,$600,$-81,$81,$81,$-27,$1,$-26,$-65,$46,$-27
32,2010-09-30,60.65,$21.55,2.81,$7.39,8.2,$-3.68,0.0,$1.78,34.07,$0.61B,$0.23B,2.63,$0.72B,$3.62B,0.2,$1.20B,$0.62B,51.16%,$1.20B,$0.30B,25.25%,$1.20B,$0.34B,28.49%,$1.20B,$0.49B,40.37%,$1.20B,$0.38B,31.56%,$1.20B,$0.29B,24.17%,$0.29B,$3.62B,9.60%,$0.29B,$3.62B,9.60%,$0.29B,$5.51B,6.27%,$0.30B,$4.33B,8.09%,$398,$197,$202,$19,$20,$291,$107,$56,$163,$42,$121,$121,$121,$170,$122,$167,171,$0.73,$0.71,$211,$231,$88,$614,$4797,$0,$0,$72,$4898,$5512,$233,$715,$114,$1664,$1897,$3004,$460,$17,$3615,$5512,$244,$123,$36,$158,$10,$-72,$0,$15,$-9,$393,$-404,$0,$0,$12,$-7,$6,$-2,$-400,$-13,$0,$-13,$34,$34,$-27,$-6,$-12,$-19,$36,$-27
33,2010-06-30,51.9,$18.78,2.76,$6.00,8.65,$-6.27,0.0,$0.96,54.06,$0.65B,$0.19B,3.38,$0.74B,$2.95B,0.25,$0.96B,$0.48B,49.74%,$0.96B,$0.21B,21.47%,$0.96B,$0.23B,24.29%,$0.96B,$0.35B,36.65%,$0.96B,$0.21B,21.99%,$0.96B,$0.15B,16.02%,$0.15B,$2.95B,5.47%,$0.15B,$2.95B,5.47%,$0.15B,$4.50B,3.57%,$0.21B,$3.69B,5.83%,$347,$167,$181,$13,$23,$262,$85,$23,$109,$8,$100,$100,$100,$145,$101,$157,160,$0.64,$0.63,$303,$197,$86,$652,$3739,$0,$0,$78,$3843,$4495,$193,$735,$107,$1352,$1545,$2397,$339,$84,$2950,$4495,$123,$75,$34,$109,$28,$-42,$0,$-2,$5,$236,$-230,$0,$0,$2,$-6,$-5,$-2,$-236,$10,$0,$10,$14,$14,$-27,$-9,$-12,$-12,$26,$-27
34,2010-03-31,47.53,$17.89,2.66,$4.67,10.18,$-7.80,0.0,$0.34,139.8,$0.59B,$0.15B,4.01,$0.74B,$2.81B,0.26,$0.74B,$0.37B,49.39%,$0.74B,$0.15B,20.38%,$0.74B,$0.17B,22.27%,$0.74B,$0.25B,34.28%,$0.74B,$0.12B,16.19%,$0.74B,$0.05B,7.29%,$0.05B,$2.81B,1.98%,$0.05B,$2.81B,1.98%,$0.05B,$4.31B,1.31%,$0.15B,$3.54B,4.46%,$238,$118,$119,$8,$28,$189,$48,$-7,$41,$19,$22,$22,$22,$83,$53,$157,159,$0.14,$0.14,$245,$205,$66,$589,$3653,$0,$0,$40,$3721,$4310,$147,$735,$101,$1358,$1505,$2382,$238,$60,$2805,$4310,$22,$31,$40,$70,$20,$-26,$0,$-3,$-18,$74,$-113,$0,$0,$0,$-6,$-6,$-1,$-119,$18,$0,$18,$4,$4,$-27,$3,$-2,$-47,$15,$-27
35,2009-12-31,45.68,$17.57,2.6,$3.88,11.78,$-8.24,0.0,$0.55,83.06,$0.60B,$0.19B,3.17,$0.72B,$2.75B,0.26,$0.61B,$0.31B,50.16%,$0.61B,$0.13B,20.52%,$0.61B,$0.14B,22.15%,$0.61B,$0.21B,33.71%,$0.61B,$0.11B,17.59%,$0.61B,$0.09B,14.01%,$0.09B,$2.75B,3.21%,$0.09B,$2.75B,3.21%,$0.09B,$4.25B,2.18%,$0.13B,$3.47B,3.87%,$221,$107,$114,$8,$17,$157,$64,$3,$67,$19,$48,$48,$48,$88,$67,$156,159,$0.30,$0.30,$276,$174,$61,$604,$3582,$0,$0,$34,$3643,$4247,$190,$715,$96,$1305,$1496,$2379,$216,$51,$2752,$4247,$87,$72,$74,$146,$-48,$-91,$0,$-7,$-117,$115,$-657,$0,$0,$45,$-6,$39,$31,$-588,$502,$0,$502,$69,$69,$-27,$17,$560,$92,$29,$-27
36,2009-09-30,57.4,$17.17,3.34,$2.93,19.62,$-10.22,0.0,$0.40,143.5,$0.61B,$0.18B,3.41,$0.69B,$2.69B,0.26,$0.46B,$0.21B,46.17%,$0.46B,$0.01B,2.63%,$0.46B,$0.02B,4.16%,$0.46B,$0.08B,17.94%,$0.46B,$0.05B,11.38%,$0.46B,$0.06B,13.13%,$0.06B,$2.69B,2.29%,$0.06B,$2.69B,2.29%,$0.06B,$4.11B,1.61%,$0.01B,$3.37B,0.39%,$149,$89,$61,$12,$15,$141,$8,$-15,$-7,$10,$-17,$-17,$-17,$34,$11,$156,159,$-0.11,$-0.11,$318,$170,$51,$611,$3451,$0,$0,$24,$3503,$4113,$179,$685,$88,$1247,$1427,$2371,$196,$19,$2687,$4113,$39,$51,$44,$95,$-26,$-92,$0,$-21,$-72,$61,$-483,$0,$0,$36,$-6,$29,$6,$-448,$477,$0,$477,$64,$64,$-27,$9,$522,$140,$24,$-27
37,2009-06-30,44.4,$17.10,2.6,$2.63,16.87,$-11.10,0.0,$0.61,72.78,$0.48B,$0.14B,3.46,$0.49B,$2.67B,0.18,$0.40B,$0.19B,48.01%,$0.40B,$-0.02B,-4.48%,$0.40B,$-0.01B,-3.23%,$0.40B,$0.04B,8.96%,$0.40B,$0.08B,19.90%,$0.40B,$0.09B,22.64%,$0.09B,$2.67B,3.65%,$0.09B,$2.67B,3.65%,$0.09B,$3.81B,2.59%,$-0.02B,$3.15B,-0.63%,$133,$61,$72,$10,$13,$102,$31,$-13,$19,$17,$1,$1,$1,$49,$34,$156,158,$0.01,$0.01,$266,$89,$45,$478,$3297,$0,$0,$11,$3335,$3813,$138,$485,$81,$1007,$1146,$2349,$213,$7,$2667,$3813,$56,$28,$12,$39,$-33,$-12,$0,$-6,$-20,$75,$-310,$0,$0,$2,$-3,$-1,$0,$-311,$278,$0,$278,$47,$47,$-27,$6,$305,$70,$18,$-27
38,2009-03-31,48.15,$16.82,2.86,$2.40,20.09,$-11.50,0.0,$0.66,72.96,$0.45B,$0.12B,3.83,$0.43B,$2.62B,0.16,$0.36B,$0.16B,45.66%,$0.36B,$-0.03B,-9.24%,$0.36B,$-0.03B,-8.68%,$0.36B,$0.01B,2.80%,$0.36B,$0.07B,20.73%,$0.36B,$0.10B,27.45%,$0.10B,$2.62B,4.15%,$0.10B,$2.62B,4.15%,$0.10B,$3.63B,2.97%,$-0.03B,$3.05B,-1.26%,$111,$50,$61,$6,$19,$88,$23,$6,$29,$-25,$54,$54,$54,$36,$24,$155,157,$0.35,$0.35,$286,$68,$36,$451,$3150,$0,$0,$7,$3179,$3630,$118,$428,$70,$893,$1011,$2329,$212,$-16,$2619,$3630,$54,$12,$-25,$-13,$-15,$2,$0,$-1,$8,$49,$-155,$0,$0,$-1,$-3,$-4,$3,$-155,$215,$0,$215,$29,$29,$-27,$0,$216,$108,$9,$-27
39,2008-12-31,43.11,$16.26,2.65,$2.55,16.93,$-11.54,0.0,$0.51,84.53,$0.35B,$0.19B,1.89,$0.20B,$2.52B,0.08,$0.37B,$0.18B,49.32%,$0.37B,$-0.01B,-3.52%,$0.37B,$-0.01B,-2.98%,$0.37B,$0.03B,6.78%,$0.37B,$0.10B,26.02%,$0.37B,$0.07B,19.78%,$0.07B,$2.52B,3.26%,$0.07B,$2.52B,3.26%,$0.07B,$3.38B,2.36%,$-0.01B,$2.72B,-0.55%,$64,$47,$17,$9,$7,$114,$-50,$61,$11,$-11,$22,$22,$22,$-37,$-50,$145,146,$0.15,$0.14,$170,$70,$66,$351,$2998,$0,$0,$8,$3028,$3379,$186,$200,$72,$675,$861,$2300,$158,$-21,$2518,$3379,$73,$36,$9,$45,$34,$-46,$0,$-24,$3,$121,$-909,$0,$0,$122,$-103,$20,$-29,$-918,$209,$0,$209,$376,$376,$-24,$-3,$558,$-246,$16,$-24
40,2008-09-30,46.25,$15.04,3.08,$2.97,15.55,$-8.22,0.0,$0.82,56.4,$0.40B,$0.19B,2.06,$0.30B,$2.16B,0.14,$0.42B,$0.24B,56.77%,$0.42B,$0.09B,20.67%,$0.42B,$0.09B,20.43%,$0.42B,$0.12B,28.03%,$0.42B,$0.13B,31.35%,$0.42B,$0.12B,27.55%,$0.12B,$2.16B,5.47%,$0.12B,$2.16B,5.47%,$0.12B,$3.22B,3.95%,$0.09B,$2.46B,3.93%,$94,$51,$43,$8,$11,$115,$-22,$42,$21,$7,$14,$14,$14,$-12,$-21,$144,145,$0.10,$0.10,$201,$65,$70,$397,$2793,$0,$0,$9,$2825,$3222,$192,$300,$65,$866,$1058,$1982,$164,$-35,$2164,$3222,$51,$24,$36,$59,$19,$-43,$0,$40,$55,$165,$-678,$0,$0,$119,$-101,$18,$2,$-657,$285,$0,$285,$38,$38,$-24,$-1,$298,$-203,$19,$-24
41,2008-06-30,62.46,$14.87,4.2,$3.13,19.97,$-5.57,0.0,$0.80,78.07,$0.39B,$0.17B,2.27,$0.08B,$2.14B,0.04,$0.44B,$0.26B,59.91%,$0.44B,$0.16B,35.54%,$0.44B,$0.16B,35.31%,$0.44B,$0.19B,42.37%,$0.44B,$0.13B,30.07%,$0.44B,$0.11B,25.74%,$0.11B,$2.14B,5.50%,$0.11B,$2.14B,5.50%,$0.11B,$2.98B,4.09%,$0.16B,$2.21B,7.53%,$88,$46,$42,$9,$10,$73,$16,$-2,$13,$5,$8,$8,$8,$23,$16,$144,145,$0.06,$0.06,$227,$26,$56,$391,$2543,$0,$0,$16,$2586,$2977,$172,$75,$70,$667,$840,$1976,$149,$-37,$2137,$2977,$37,$15,$36,$50,$-2,$-3,$0,$28,$60,$147,$-421,$0,$0,$79,$-54,$26,$2,$-393,$71,$0,$71,$34,$34,$-24,$-1,$80,$-166,$16,$-24
42,2008-03-31,56.87,$14.79,3.84,$3.43,16.59,$-3.93,0.0,$1.01,56.3,$0.52B,$0.13B,3.99,$0.00B,$2.13B,0.0,$0.48B,$0.30B,63.87%,$0.48B,$0.20B,41.60%,$0.48B,$0.20B,41.60%,$0.48B,$0.23B,48.11%,$0.48B,$0.17B,35.29%,$0.48B,$0.14B,30.04%,$0.14B,$2.13B,7.24%,$0.14B,$2.13B,7.24%,$0.14B,$2.82B,5.45%,$0.20B,$2.13B,10.03%,$123,$44,$80,$9,$20,$81,$43,$8,$51,$22,$29,$29,$29,$51,$44,$143,144,$0.20,$0.20,$327,$23,$78,$521,$2258,$0,$0,$16,$2298,$2819,$131,$0,$58,$563,$694,$1972,$141,$-33,$2126,$2819,$29,$7,$20,$27,$-14,$0,$0,$-8,$-1,$55,$-158,$0,$0,$41,$-4,$36,$0,$-122,$-1,$0,$-1,$30,$30,$-24,$0,$6,$-63,$13,$-24
43,2007-12-31,45.66,$14.46,3.16,$3.43,13.3,$-3.27,0.0,$1.01,45.2,$0.59B,$0.14B,4.39,$0.00B,$2.06B,0.0,$0.46B,$0.30B,64.21%,$0.46B,$0.20B,44.25%,$0.46B,$0.20B,44.25%,$0.46B,$0.24B,50.98%,$0.46B,$0.16B,34.71%,$0.46B,$0.14B,30.15%,$0.14B,$2.06B,7.87%,$0.14B,$2.06B,7.87%,$0.14B,$2.74B,6.03%,$0.20B,$2.06B,11.56%,$116,$42,$74,$7,$14,$66,$50,$-3,$47,$-19,$65,$65,$65,$56,$47,$133,134,$0.48,$0.49,$434,$23,$53,$590,$2123,$0,$0,$16,$2146,$2735,$135,$0,$58,$542,$677,$1932,$112,$-24,$2059,$2735,$139,$28,$72,$99,$6,$-1,$0,$-39,$7,$246,$-524,$0,$68,$97,$-22,$75,$7,$-373,$-3,$0,$-3,$144,$144,$-13,$0,$127,$26,$12,$-13
44,2007-09-30,41.62,$13.94,2.99,$3.58,11.63,$-0.54,0.0,$0.89,46.76,$0.60B,$0.09B,6.47,$0.00B,$1.89B,0.0,$0.47B,$0.30B,65.24%,$0.47B,$0.21B,45.06%,$0.47B,$0.21B,45.71%,$0.47B,$0.23B,49.57%,$0.47B,$0.20B,41.85%,$0.47B,$0.12B,24.89%,$0.12B,$1.89B,7.42%,$0.12B,$1.89B,7.42%,$0.12B,$2.53B,5.80%,$0.21B,$1.89B,13.43%,$112,$45,$67,$4,$8,$65,$47,$-26,$21,$9,$11,$11,$11,$56,$48,$136,140,$0.08,$0.08,$428,$24,$77,$603,$1894,$0,$0,$15,$1928,$2532,$93,$0,$37,$544,$638,$1792,$73,$-23,$1894,$2532,$74,$22,$81,$102,$10,$-2,$0,$-14,$20,$197,$-322,$0,$84,$106,$-21,$85,$-6,$-159,$0,$0,$0,$20,$20,$-13,$0,$7,$70,$8,$-13
45,2007-06-30,30.5,$13.60,2.24,$3.76,8.11,$0.72,42.39,$1.18,25.85,$0.67B,$0.09B,7.42,$0.00B,$1.82B,0.0,$0.48B,$0.32B,67.65%,$0.48B,$0.23B,47.90%,$0.48B,$0.23B,48.53%,$0.48B,$0.25B,53.15%,$0.48B,$0.24B,49.58%,$0.48B,$0.15B,31.51%,$0.15B,$1.82B,10.75%,$0.15B,$1.82B,10.75%,$0.15B,$2.41B,8.72%,$0.23B,$1.82B,16.34%,$125,$43,$83,$9,$8,$68,$58,$-9,$49,$11,$38,$38,$38,$66,$59,$134,138,$0.28,$0.27,$495,$27,$66,$665,$1715,$0,$0,$15,$1746,$2411,$90,$0,$32,$501,$591,$1724,$61,$-18,$1820,$2411,$63,$14,$48,$62,$8,$-6,$0,$-9,$12,$136,$-169,$0,$84,$174,$-17,$157,$-6,$66,$0,$0,$0,$5,$5,$-13,$0,$-9,$207,$7,$-13
46,2007-03-31,29.6,$10.62,2.79,$3.96,7.47,$1.08,27.53,$1.22,24.26,$0.60B,$0.05B,11.18,$0.00B,$1.29B,0.0,$0.48B,$0.33B,69.44%,$0.48B,$0.25B,51.14%,$0.48B,$0.25B,51.77%,$0.48B,$0.27B,56.55%,$0.48B,$0.25B,52.39%,$0.48B,$0.15B,30.98%,$0.15B,$1.29B,12.10%,$0.15B,$1.29B,12.10%,$0.15B,$1.54B,10.22%,$0.25B,$1.29B,19.98%,$108,$36,$72,$6,$9,$59,$49,$-6,$43,$18,$25,$25,$25,$57,$50,$121,126,$0.21,$0.20,$428,$20,$77,$600,$915,$0,$0,$15,$935,$1535,$54,$0,$27,$194,$248,$1235,$23,$-12,$1288,$1535,$25,$7,$25,$32,$10,$-3,$0,$-7,$-0,$56,$-63,$0,$0,$172,$-12,$160,$-6,$91,$0,$0,$0,$3,$3,$-13,$0,$-11,$139,$5,$-13
47,2006-12-31,34.13,$10.35,3.3,$4.15,8.23,$1.12,30.51,$1.36,25.09,$0.62B,$0.07B,8.66,$0.00B,$1.25B,0.0,$0.49B,$0.34B,70.23%,$0.49B,$0.26B,53.39%,$0.49B,$0.26B,53.80%,$0.49B,$0.29B,58.73%,$0.49B,$0.26B,53.59%,$0.49B,$0.16B,33.06%,$0.16B,$1.25B,14.24%,$0.16B,$1.25B,14.24%,$0.16B,$1.52B,12.01%,$0.26B,$1.25B,22.93%,$121,$39,$82,$10,$9,$64,$56,$26,$82,$40,$42,$42,$42,$52,$56,$115,119,$0.35,$0.33,$497,$17,$23,$623,$860,$0,$0,$8,$899,$1521,$72,$0,$27,$197,$269,$1231,$3,$-18,$1252,$1521,$161,$25,$51,$76,$-29,$-2,$0,$-7,$-11,$226,$-149,$0,$-33,$-76,$-32,$-108,$-10,$-300,$0,$0,$0,$302,$302,$-3,$0,$299,$227,$5,$-3
