,Date,Stock Price,Book Value per Share,Price to Book Ratio,TTM Sales per Share,Price to Sales Ratio,TTM FCF per Share,Price to FCF Ratio,TTM Net EPS,PE Ratio,Current Assets,Current Liabilities,Current Ratio,Long Term Debt,Shareholder's Equity_x,Debt to Equity Ratio,TTM Revenue_x,TTM Gross Profit,Gross Margin,TTM Revenue_y,TTM Operating Income,Operating Margin,TTM Revenue_x,TTM EBIT,EBIT Margin,TTM Revenue_y,TTM EBITDA,EBITDA Margin,TTM Revenue_x,TTM Pre-Tax Income,Pre-Tax Margin,TTM Revenue_y,TTM Net Income_x,Net Margin,TTM Net Income_y,Shareholder's Equity_y,Return on Equity,TTM Net Income_x,Tangible Equity,Return on Tangible Equity,TTM Net Income_y,Total Assets,Return on Assets,TTM Net Income,LT Investments & Debt,Return on Investment,revenue,cost-goods-sold,gross-profit,research-development-expenses,selling-general-administrative-expenses,operating-expenses,operating-income,total-non-operating-income-expense,pre-tax-income,total-provision-income-taxes,income-after-taxes,income-from-continuous-operations,net-income,ebitda,ebit,basic-shares-outstanding,shares-outstanding,eps-basic-net-earnings-per-share,eps-earnings-per-share-diluted,cash-on-hand,inventory,other-current-assets,total-current-assets,net-property-plant-equipment,long-term-investments,goodwill-intangible-assets-total,other-long-term-assets,total-long-term-assets,total-assets,total-current-liabilities,long-term-debt,other-non-current-liabilities,total-long-term-liabilities,total-liabilities,common-stock-net,retained-earnings-accumulated-deficit,comprehensive-income,total-share-holder-equity,total-liabilities-share-holders-equity,net-income-loss,total-depreciation-amortization-cash-flow,other-non-cash-items,total-non-cash-items,change-in-accounts-receivable,change-in-inventories,change-in-accounts-payable,change-in-assets-liabilities,total-change-in-assets-liabilities,cash-flow-from-operating-activities,net-change-in-property-plant-equipment,net-change-in-intangible-assets,net-acquisitions-divestitures,net-change-in-short-term-investments,net-change-in-long-term-investments,net-change-in-investments-total,investing-activities-other,cash-flow-from-investing-activities,net-long-term-debt,net-current-debt,debt-issuance-retirement-net-total,net-common-equity-issued-repurchased,net-total-equity-issued-repurchased,total-common-preferred-stock-dividends-paid,financial-activities-other,cash-flow-from-financial-activities,net-cash-flow,stock-based-compensation,common-stock-dividends-paid
0,2018-07-31,25.18,$7.11,3.54,$22.20,1.13,$1.73,14.59,$1.44,17.49,$1.00B,$0.51B,1.96,$0.00B,$1.26B,0.0,$3.98B,$1.46B,36.64%,$3.98B,$0.35B,8.90%,$3.98B,$0.35B,8.90%,$3.98B,$0.53B,13.28%,$3.98B,$0.35B,8.70%,$3.98B,$0.26B,6.49%,$0.26B,$1.26B,21.16%,$0.26B,$1.20B,22.27%,$0.26B,$1.85B,14.33%,$0.35B,$1.26B,29.03%,$965,$612,$353,$0,$234,$888,$76,$1,$77,$17,$60,$60,$60,$120,$76,$177,179,$0.34,$0.34,$363,$466,$0,$997,$732,$0,$60,$53,$854,$1851,$508,$0,$25,$82,$590,$2,$1942,$-33,$1261,$1851,$100,$86,$11,$96,$4,$-70,$23,$-33,$-44,$152,$-101,$0,$0,$-40,$0,$-40,$-0,$-142,$-5,$0,$-5,$-48,$-48,$-49,$0,$-101,$-90,$12,$-49
1,2018-04-30,20.56,$6.85,3.0,$21.52,0.96,$1.25,16.4,$1.22,16.85,$0.88B,$0.44B,2.01,$0.00B,$1.21B,0.0,$3.86B,$1.40B,36.22%,$3.86B,$0.32B,8.22%,$3.86B,$0.32B,8.22%,$3.86B,$0.49B,12.65%,$3.86B,$0.30B,7.80%,$3.86B,$0.22B,5.68%,$0.22B,$1.21B,18.48%,$0.22B,$1.15B,19.49%,$0.22B,$1.73B,12.45%,$0.32B,$1.21B,26.75%,$823,$519,$304,$0,$210,$772,$51,$1,$51,$11,$40,$40,$40,$93,$51,$177,178,$0.23,$0.22,$310,$404,$0,$875,$732,$0,$61,$54,$856,$1731,$435,$0,$28,$89,$524,$2,$1904,$-35,$1207,$1731,$40,$42,$5,$48,$5,$-8,$-33,$-17,$-57,$28,$-47,$0,$0,$-20,$0,$-20,$-0,$-67,$-3,$0,$-3,$-57,$-57,$-24,$0,$-84,$-124,$6,$-24
2,2018-01-31,17.78,$7.03,2.53,$21.10,0.84,$1.20,14.84,$1.14,15.6,$0.97B,$0.49B,2.0,$0.00B,$1.25B,0.0,$3.80B,$1.37B,36.12%,$3.80B,$0.30B,7.98%,$3.80B,$0.30B,7.98%,$3.80B,$0.47B,12.46%,$3.80B,$0.29B,7.56%,$3.80B,$0.20B,5.37%,$0.20B,$1.25B,17.54%,$0.20B,$1.19B,18.53%,$0.20B,$1.82B,11.76%,$0.30B,$1.25B,26.05%,$1229,$804,$425,$0,$264,$1113,$116,$4,$120,$26,$94,$94,$94,$160,$116,$178,180,$0.53,$0.51,$414,$398,$0,$969,$724,$0,$62,$52,$848,$1816,$485,$0,$29,$84,$570,$2,$1884,$-31,$1247,$1816,$204,$169,$56,$225,$9,$-36,$-17,$-0,$-40,$394,$-169,$0,$0,$0,$0,$0,$-3,$-172,$-3,$0,$-3,$-97,$-97,$-89,$0,$-189,$35,$17,$-89
3,2017-10-31,12.77,$6.57,1.94,$20.25,0.63,$1.06,12.05,$0.92,13.88,$0.93B,$0.55B,1.68,$0.00B,$1.16B,0.0,$3.66B,$1.34B,36.44%,$3.66B,$0.27B,7.45%,$3.66B,$0.27B,7.45%,$3.66B,$0.44B,11.98%,$3.66B,$0.25B,6.93%,$3.66B,$0.17B,4.50%,$0.17B,$1.16B,14.32%,$0.17B,$1.10B,15.14%,$0.17B,$1.80B,9.56%,$0.27B,$1.16B,23.69%,$960,$586,$375,$0,$217,$850,$111,$-13,$98,$34,$64,$64,$64,$155,$111,$177,179,$0.36,$0.36,$258,$534,$0,$930,$726,$0,$62,$54,$872,$1802,$553,$0,$31,$86,$639,$2,$1813,$-35,$1163,$1802,$110,$125,$27,$152,$10,$-173,$81,$-2,$-77,$188,$-135,$0,$0,$0,$0,$0,$-1,$-136,$-9,$0,$-9,$-100,$-100,$-66,$0,$-175,$-121,$12,$-66
4,2017-07-31,11.51,$6.35,1.81,$19.98,0.58,$1.28,9.0,$0.97,11.86,$0.82B,$0.47B,1.73,$0.00B,$1.12B,0.0,$3.65B,$1.34B,36.71%,$3.65B,$0.28B,7.68%,$3.65B,$0.28B,7.68%,$3.65B,$0.44B,12.13%,$3.65B,$0.28B,7.54%,$3.65B,$0.18B,4.86%,$0.18B,$1.12B,15.33%,$0.18B,$1.06B,16.23%,$0.18B,$1.69B,10.22%,$0.28B,$1.12B,24.25%,$845,$552,$293,$0,$204,$806,$39,$-7,$32,$11,$21,$21,$21,$80,$39,$177,179,$0.12,$0.12,$193,$433,$0,$817,$719,$0,$63,$59,$869,$1686,$472,$0,$32,$90,$562,$2,$1772,$-30,$1124,$1686,$46,$82,$25,$107,$6,$-71,$28,$-45,$-100,$53,$-87,$0,$0,$0,$0,$0,$-0,$-87,$-7,$0,$-7,$-99,$-99,$-44,$0,$-151,$-186,$10,$-44
5,2017-04-30,13.55,$6.32,2.15,$19.74,0.69,$1.69,8.03,$1.08,12.55,$0.76B,$0.42B,1.82,$0.00B,$1.12B,0.0,$3.62B,$1.35B,37.32%,$3.62B,$0.31B,8.56%,$3.62B,$0.31B,8.56%,$3.62B,$0.47B,12.97%,$3.62B,$0.31B,8.53%,$3.62B,$0.20B,5.47%,$0.20B,$1.12B,17.24%,$0.20B,$1.06B,18.28%,$0.20B,$1.63B,11.43%,$0.31B,$1.12B,26.99%,$762,$484,$278,$0,$195,$725,$37,$0,$37,$12,$25,$25,$25,$78,$37,$179,182,$0.14,$0.14,$225,$364,$0,$764,$711,$0,$63,$62,$870,$1633,$421,$0,$34,$95,$515,$2,$1774,$-33,$1118,$1633,$25,$41,$20,$61,$7,$-6,$-39,$-19,$-75,$11,$-40,$0,$0,$0,$0,$0,$-0,$-40,$-2,$0,$-2,$-99,$-99,$-22,$0,$-124,$-153,$5,$-22
6,2017-01-31,14.4,$6.62,2.17,$19.65,0.73,$1.88,7.66,$1.16,12.41,$0.90B,$0.49B,1.83,$0.00B,$1.21B,0.0,$3.61B,$1.37B,37.87%,$3.61B,$0.33B,9.20%,$3.61B,$0.33B,9.20%,$3.61B,$0.49B,13.57%,$3.61B,$0.34B,9.31%,$3.61B,$0.21B,5.90%,$0.21B,$1.21B,18.71%,$0.21B,$1.14B,19.88%,$0.21B,$1.78B,12.36%,$0.33B,$1.21B,29.16%,$1097,$709,$389,$0,$242,$1011,$86,$1,$87,$33,$55,$55,$55,$126,$86,$181,184,$0.30,$0.30,$379,$358,$0,$901,$708,$0,$64,$60,$881,$1783,$494,$0,$35,$84,$578,$2,$1776,$-36,$1205,$1783,$212,$158,$64,$222,$-8,$-54,$52,$-1,$-62,$366,$-161,$0,$0,$0,$0,$0,$-2,$-163,$-4,$0,$-4,$9,$9,$-91,$1,$-85,$119,$29,$-91
7,2016-10-31,16.11,$6.44,2.5,$19.31,0.83,$1.74,9.26,$1.28,12.59,$0.94B,$0.56B,1.66,$0.00B,$1.17B,0.0,$3.62B,$1.37B,37.75%,$3.62B,$0.36B,10.00%,$3.62B,$0.36B,10.00%,$3.62B,$0.52B,14.34%,$3.62B,$0.36B,10.00%,$3.62B,$0.24B,6.63%,$0.24B,$1.17B,21.82%,$0.24B,$1.11B,23.26%,$0.24B,$1.82B,14.28%,$0.36B,$1.17B,32.91%,$941,$563,$378,$0,$220,$822,$118,$1,$119,$43,$76,$76,$76,$158,$118,$182,185,$0.42,$0.41,$292,$493,$0,$937,$708,$0,$67,$60,$886,$1823,$563,$0,$35,$88,$651,$2,$1744,$-31,$1172,$1823,$158,$118,$37,$155,$4,$-187,$118,$-21,$-104,$203,$-108,$0,$0,$0,$0,$0,$-1,$-109,$-6,$0,$-6,$9,$9,$-68,$1,$-64,$32,$23,$-68
8,2016-07-31,16.82,$6.08,2.77,$18.87,0.89,$1.50,11.22,$1.25,13.46,$0.83B,$0.50B,1.66,$0.00B,$1.10B,0.0,$3.60B,$1.36B,37.70%,$3.60B,$0.35B,9.81%,$3.60B,$0.35B,9.81%,$3.60B,$0.51B,14.12%,$3.60B,$0.35B,9.81%,$3.60B,$0.24B,6.62%,$0.24B,$1.10B,21.46%,$0.24B,$1.03B,22.82%,$0.24B,$1.69B,14.02%,$0.35B,$1.10B,31.82%,$823,$515,$307,$0,$200,$754,$69,$-3,$66,$24,$42,$42,$42,$108,$69,$181,183,$0.23,$0.23,$248,$422,$0,$826,$700,$0,$68,$54,$867,$1693,$499,$0,$38,$94,$593,$2,$1693,$-29,$1100,$1693,$82,$78,$35,$113,$14,$-115,$92,$-30,$-90,$101,$-61,$0,$0,$0,$0,$0,$-1,$-62,$-4,$0,$-4,$-5,$-5,$-45,$0,$-54,$-12,$17,$-45
9,2016-04-30,13.33,$5.96,2.24,$18.44,0.72,$1.12,11.93,$1.19,11.2,$0.73B,$0.42B,1.74,$0.00B,$1.08B,0.0,$3.57B,$1.33B,37.36%,$3.57B,$0.34B,9.44%,$3.57B,$0.34B,9.44%,$3.57B,$0.49B,13.69%,$3.57B,$0.34B,9.47%,$3.57B,$0.23B,6.41%,$0.23B,$1.08B,20.34%,$0.23B,$1.01B,21.57%,$0.23B,$1.60B,13.36%,$0.34B,$1.08B,29.94%,$749,$456,$293,$0,$196,$691,$59,$5,$64,$23,$40,$40,$40,$98,$59,$181,183,$0.22,$0.22,$239,$334,$0,$729,$706,$0,$69,$53,$867,$1596,$418,$0,$41,$101,$519,$2,$1675,$-24,$1077,$1596,$40,$39,$30,$69,$7,$-26,$5,$-11,$-79,$30,$-24,$0,$0,$0,$0,$0,$-1,$-25,$-1,$0,$-1,$-6,$-6,$-23,$0,$-29,$-21,$9,$-23
10,2016-01-31,13.53,$5.84,2.32,$17.91,0.76,$0.81,16.73,$1.12,12.08,$0.72B,$0.46B,1.56,$0.00B,$1.05B,0.0,$3.52B,$1.30B,37.00%,$3.52B,$0.32B,9.09%,$3.52B,$0.32B,9.09%,$3.52B,$0.47B,13.29%,$3.52B,$0.32B,9.14%,$3.52B,$0.22B,6.19%,$0.22B,$1.05B,19.08%,$0.22B,$0.98B,20.17%,$0.22B,$1.61B,12.58%,$0.32B,$1.05B,28.00%,$1106,$718,$388,$0,$233,$990,$116,$-2,$113,$32,$82,$82,$82,$155,$116,$194,196,$0.42,$0.41,$260,$305,$0,$723,$704,$0,$69,$51,$889,$1612,$464,$0,$43,$97,$561,$2,$1659,$-30,$1051,$1612,$218,$149,$28,$177,$-10,$-22,$-3,$-10,$-43,$342,$-151,$0,$0,$0,$0,$0,$-2,$-154,$-8,$0,$-8,$-225,$-225,$-97,$1,$-329,$-151,$35,$-97
11,2015-10-31,14.01,$6.22,2.25,$17.77,0.79,$0.32,44.39,$1.02,13.74,$0.99B,$0.58B,1.7,$0.00B,$1.21B,0.0,$3.49B,$1.29B,37.01%,$3.49B,$0.32B,9.06%,$3.49B,$0.32B,9.06%,$3.49B,$0.46B,13.25%,$3.49B,$0.32B,9.26%,$3.49B,$0.20B,5.68%,$0.20B,$1.21B,17.00%,$0.20B,$1.15B,17.92%,$0.20B,$1.89B,11.29%,$0.32B,$1.21B,27.12%,$919,$552,$368,$0,$221,$810,$109,$1,$110,$40,$69,$69,$74,$147,$109,$195,197,$0.38,$0.38,$363,$480,$0,$985,$709,$0,$60,$51,$903,$1888,$578,$0,$42,$100,$679,$2,$1603,$-20,$1209,$1888,$136,$109,$14,$124,$3,$-204,$111,$-24,$-81,$163,$-109,$0,$0,$0,$0,$0,$-2,$-111,$-5,$0,$-5,$-14,$-14,$-73,$1,$-92,$-48,$33,$-73
12,2015-07-31,16.15,$5.96,2.71,$17.49,0.92,$-0.35,0.0,$0.69,23.41,$0.86B,$0.49B,1.75,$0.00B,$1.17B,0.0,$3.42B,$1.24B,36.17%,$3.42B,$0.23B,6.72%,$3.42B,$0.23B,6.72%,$3.42B,$0.38B,10.96%,$3.42B,$0.24B,6.92%,$3.42B,$0.13B,3.89%,$0.13B,$1.17B,11.64%,$0.13B,$1.11B,12.29%,$0.13B,$1.76B,7.71%,$0.23B,$1.17B,20.13%,$797,$512,$285,$0,$196,$744,$53,$-2,$51,$18,$33,$33,$33,$89,$53,$196,197,$0.17,$0.17,$327,$409,$0,$859,$716,$0,$60,$52,$902,$1760,$492,$0,$41,$102,$595,$2,$1553,$-18,$1166,$1760,$62,$72,$20,$91,$16,$-131,$68,$-17,$-90,$48,$-79,$0,$0,$0,$0,$0,$-2,$-81,$-3,$0,$-3,$1,$1,$-49,$1,$-50,$-83,$22,$-49
13,2015-04-30,14.37,$5.87,2.45,$17.09,0.84,$-0.79,0.0,$0.55,26.13,$0.80B,$0.43B,1.86,$0.00B,$1.15B,0.0,$3.34B,$1.19B,35.69%,$3.34B,$0.19B,5.66%,$3.34B,$0.19B,5.66%,$3.34B,$0.33B,10.01%,$3.34B,$0.20B,5.96%,$3.34B,$0.11B,3.18%,$0.11B,$1.15B,9.34%,$0.11B,$1.09B,9.87%,$0.11B,$1.67B,6.22%,$0.19B,$1.15B,16.66%,$700,$437,$262,$0,$185,$658,$42,$6,$48,$19,$29,$29,$29,$77,$42,$195,196,$0.15,$0.15,$327,$333,$0,$798,$710,$0,$61,$36,$875,$1673,$429,$0,$31,$99,$527,$2,$1546,$-11,$1145,$1673,$29,$35,$9,$44,$4,$-53,$5,$-8,$-97,$-13,$-42,$0,$0,$0,$0,$0,$-1,$-43,$-2,$0,$-2,$-4,$-4,$-24,$1,$-29,$-84,$8,$-24
14,2015-01-31,12.59,$5.86,2.15,$16.84,0.75,$-0.90,0.0,$0.42,29.98,$0.83B,$0.46B,1.8,$0.00B,$1.14B,0.0,$3.28B,$1.16B,35.18%,$3.28B,$0.16B,4.72%,$3.28B,$0.16B,4.72%,$3.28B,$0.30B,9.08%,$3.28B,$0.16B,4.87%,$3.28B,$0.08B,2.47%,$0.08B,$1.14B,7.13%,$0.08B,$1.08B,7.54%,$0.08B,$1.70B,4.76%,$0.16B,$1.14B,13.65%,$1072,$696,$376,$0,$227,$960,$112,$2,$114,$44,$70,$70,$62,$149,$112,$194,195,$0.32,$0.32,$411,$279,$0,$828,$698,$0,$60,$37,$869,$1697,$459,$0,$33,$98,$557,$2,$1543,$-10,$1140,$1697,$80,$142,$55,$198,$3,$9,$-5,$11,$54,$338,$-245,$0,$0,$10,$0,$10,$-1,$-236,$-7,$0,$-7,$-0,$-0,$-97,$1,$-104,$-8,$16,$-97
15,2014-10-31,11.44,$5.76,1.99,$16.70,0.68,$-1.74,0.0,$0.15,76.25,$0.93B,$0.55B,1.7,$0.00B,$1.12B,0.0,$3.25B,$1.09B,33.35%,$3.25B,$0.07B,2.06%,$3.25B,$0.07B,2.06%,$3.25B,$0.21B,6.39%,$3.25B,$0.07B,2.15%,$3.25B,$0.03B,0.92%,$0.03B,$1.12B,2.63%,$0.03B,$1.06B,2.78%,$0.03B,$1.77B,1.77%,$0.07B,$1.12B,5.87%,$854,$539,$315,$0,$205,$831,$23,$1,$24,$15,$9,$9,$9,$60,$23,$195,195,$0.05,$0.05,$280,$469,$0,$928,$718,$0,$61,$38,$844,$1772,$546,$0,$35,$105,$652,$2,$1507,$11,$1120,$1772,$19,$105,$28,$133,$17,$-176,$100,$-9,$-24,$135,$-211,$0,$0,$10,$0,$10,$-1,$-202,$-4,$0,$-4,$-0,$-0,$-73,$1,$-76,$-138,$13,$-73
16,2014-07-31,9.39,$5.83,1.61,$16.73,0.56,$-2.19,0.0,$0.23,40.84,$0.83B,$0.44B,1.9,$0.00B,$1.13B,0.0,$3.26B,$1.07B,32.83%,$3.26B,$0.09B,2.64%,$3.26B,$0.09B,2.64%,$3.26B,$0.22B,6.82%,$3.26B,$0.09B,2.70%,$3.26B,$0.05B,1.41%,$0.05B,$1.13B,3.96%,$0.05B,$1.07B,4.19%,$0.05B,$1.68B,2.68%,$0.09B,$1.13B,7.41%,$711,$473,$238,$0,$190,$699,$12,$1,$13,$7,$6,$6,$6,$48,$12,$195,195,$0.03,$0.03,$263,$393,$0,$834,$729,$0,$62,$41,$846,$1680,$440,$0,$33,$106,$546,$2,$1523,$16,$1134,$1680,$10,$69,$13,$82,$26,$-101,$36,$-17,$-66,$30,$-146,$0,$0,$10,$0,$10,$-1,$-137,$-3,$0,$-3,$-1,$-1,$-49,$1,$-51,$-156,$7,$-49
17,2014-04-30,10.07,$5.91,1.7,$16.79,0.6,$-2.38,0.0,$0.30,33.58,$0.86B,$0.40B,2.18,$0.00B,$1.15B,0.0,$3.27B,$1.08B,32.89%,$3.27B,$0.10B,3.15%,$3.27B,$0.10B,3.15%,$3.27B,$0.23B,7.15%,$3.27B,$0.11B,3.24%,$3.27B,$0.06B,1.83%,$0.06B,$1.15B,5.09%,$0.06B,$1.09B,5.37%,$0.06B,$1.65B,3.45%,$0.10B,$1.15B,8.74%,$646,$420,$226,$0,$185,$638,$8,$1,$9,$5,$4,$4,$4,$41,$8,$194,195,$0.02,$0.02,$328,$329,$0,$861,$680,$0,$63,$36,$791,$1652,$396,$0,$34,$107,$503,$2,$1542,$16,$1149,$1652,$4,$33,$7,$40,$6,$-37,$2,$-17,$-48,$-4,$-72,$0,$0,$10,$0,$10,$-1,$-63,$-1,$0,$-1,$-1,$-1,$-24,$1,$-26,$-91,$3,$-24
18,2014-01-31,11.67,$6.04,1.93,$16.93,0.69,$-2.42,0.0,$0.42,27.79,$0.93B,$0.42B,2.23,$0.00B,$1.17B,0.0,$3.31B,$1.11B,33.71%,$3.31B,$0.14B,4.27%,$3.31B,$0.14B,4.27%,$3.31B,$0.28B,8.32%,$3.31B,$0.14B,4.30%,$3.31B,$0.08B,2.54%,$0.08B,$1.17B,7.04%,$0.08B,$1.10B,7.40%,$0.08B,$1.69B,4.81%,$0.14B,$1.17B,11.82%,$1042,$736,$306,$0,$222,$1018,$24,$0,$24,$14,$11,$11,$11,$59,$24,$193,194,$0.06,$0.06,$429,$292,$0,$928,$633,$0,$63,$46,$766,$1694,$415,$0,$36,$113,$528,$2,$1570,$12,$1166,$1694,$83,$134,$59,$193,$-30,$40,$29,$-9,$-10,$230,$-299,$0,$0,$111,$0,$111,$-7,$-195,$-3,$0,$-3,$-50,$-50,$-72,$9,$-117,$-90,$-7,$-72
19,2013-10-31,13.25,$6.19,2.14,$17.14,0.77,$-0.04,0.0,$0.84,15.77,$1.09B,$0.54B,2.03,$0.00B,$1.19B,0.0,$3.38B,$1.27B,37.51%,$3.38B,$0.26B,7.60%,$3.38B,$0.26B,7.60%,$3.38B,$0.39B,11.45%,$3.38B,$0.26B,7.66%,$3.38B,$0.17B,4.97%,$0.17B,$1.19B,13.93%,$0.17B,$1.13B,14.58%,$0.17B,$1.84B,9.54%,$0.26B,$1.19B,21.31%,$857,$558,$299,$0,$206,$815,$42,$1,$42,$17,$25,$25,$25,$74,$42,$193,195,$0.13,$0.13,$357,$519,$0,$1094,$630,$0,$58,$39,$746,$1840,$538,$0,$23,$109,$647,$2,$1587,$23,$1193,$1840,$72,$99,$42,$141,$-13,$-185,$165,$-49,$-135,$73,$-238,$0,$0,$109,$0,$109,$-2,$-131,$-1,$0,$-1,$-53,$-53,$-48,$8,$-94,$-155,$-2,$-48
20,2013-07-31,16.5,$6.25,2.64,$17.24,0.96,$1.50,11.02,$1.10,15.0,$1.07B,$0.47B,2.3,$0.00B,$1.20B,0.0,$3.43B,$1.35B,39.27%,$3.43B,$0.34B,10.02%,$3.43B,$0.34B,10.02%,$3.43B,$0.47B,13.81%,$3.43B,$0.35B,10.14%,$3.43B,$0.22B,6.47%,$0.22B,$1.20B,18.06%,$0.22B,$1.15B,18.86%,$0.22B,$1.78B,12.62%,$0.34B,$1.20B,27.99%,$727,$482,$245,$0,$186,$698,$29,$1,$31,$11,$20,$20,$20,$60,$29,$193,196,$0.10,$0.10,$405,$461,$0,$1069,$599,$0,$58,$28,$711,$1780,$465,$0,$24,$112,$576,$2,$1588,$24,$1204,$1780,$48,$66,$34,$101,$0,$-127,$97,$-52,$-149,$-9,$-145,$0,$0,$62,$0,$62,$-1,$-84,$-0,$0,$-0,$-54,$-54,$-24,$8,$-70,$-164,$10,$-24
21,2013-04-30,16.23,$6.27,2.59,$17.23,0.94,$2.28,7.11,$1.09,14.89,$1.03B,$0.35B,2.97,$0.00B,$1.21B,0.0,$3.45B,$1.38B,40.05%,$3.45B,$0.38B,10.94%,$3.45B,$0.38B,10.94%,$3.45B,$0.51B,14.77%,$3.45B,$0.38B,10.97%,$3.45B,$0.22B,6.41%,$0.22B,$1.21B,17.03%,$0.22B,$1.16B,17.71%,$0.22B,$1.67B,12.22%,$0.38B,$1.21B,29.06%,$679,$416,$264,$0,$182,$634,$46,$-1,$45,$17,$28,$28,$28,$82,$46,$193,197,$0.14,$0.14,$496,$341,$0,$1032,$527,$0,$49,$35,$635,$1667,$347,$0,$24,$113,$460,$2,$1593,$29,$1207,$1667,$28,$36,$29,$65,$-9,$-8,$-16,$-35,$-132,$-39,$-46,$0,$0,$9,$0,$9,$-0,$-37,$-3,$0,$-3,$-55,$-55,$0,$8,$-49,$-126,$5,$0
22,2013-01-31,16.87,$6.34,2.66,$17.37,0.97,$2.68,6.29,$1.15,14.67,$1.14B,$0.44B,2.62,$0.00B,$1.22B,0.0,$3.48B,$1.39B,40.02%,$3.48B,$0.40B,11.36%,$3.48B,$0.40B,11.36%,$3.48B,$0.52B,15.07%,$3.48B,$0.40B,11.54%,$3.48B,$0.23B,6.70%,$0.23B,$1.22B,17.09%,$0.23B,$1.17B,17.74%,$0.23B,$1.76B,12.45%,$0.40B,$1.22B,28.97%,$1117,$657,$460,$0,$255,$977,$140,$1,$141,$47,$95,$95,$95,$171,$140,$196,201,$0.49,$0.48,$631,$332,$0,$1142,$510,$0,$50,$24,$614,$1756,$436,$0,$20,$99,$535,$2,$1553,$29,$1221,$1756,$232,$128,$103,$231,$-7,$35,$-10,$-9,$45,$500,$-94,$0,$0,$-96,$0,$-96,$-1,$-191,$-3,$0,$-3,$-101,$-101,$-403,$13,$-495,$-210,$66,$-403
23,2012-10-31,17.23,$6.49,2.66,$17.01,1.01,$1.62,10.63,$0.94,18.33,$1.21B,$0.44B,2.72,$0.00B,$1.28B,0.0,$3.38B,$1.30B,38.30%,$3.38B,$0.36B,10.53%,$3.38B,$0.36B,10.53%,$3.38B,$0.49B,14.43%,$3.38B,$0.36B,10.68%,$3.38B,$0.19B,5.59%,$0.19B,$1.28B,13.38%,$0.19B,$1.23B,13.88%,$0.19B,$1.83B,9.85%,$0.36B,$1.28B,25.20%,$910,$531,$379,$0,$219,$782,$129,$3,$131,$49,$82,$82,$79,$161,$129,$197,202,$0.40,$0.39,$545,$481,$10,$1208,$527,$0,$50,$25,$626,$1833,$443,$0,$16,$106,$550,$2,$1523,$29,$1284,$1833,$137,$98,$57,$155,$-8,$-114,$37,$-29,$-82,$211,$-71,$0,$0,$26,$0,$26,$-1,$-46,$-3,$0,$-3,$40,$40,$-360,$4,$-319,$-175,$45,$-360
24,2012-07-31,15.99,$7.53,2.12,$16.68,0.96,$0.39,40.74,$0.82,19.5,$1.36B,$0.39B,3.52,$0.00B,$1.48B,0.0,$3.29B,$1.23B,37.33%,$3.29B,$0.32B,9.70%,$3.29B,$0.32B,9.70%,$3.29B,$0.45B,13.80%,$3.29B,$0.32B,9.79%,$3.29B,$0.16B,4.92%,$0.16B,$1.48B,11.27%,$0.16B,$1.43B,11.69%,$0.16B,$1.98B,8.35%,$0.32B,$1.48B,22.20%,$740,$463,$277,$0,$182,$678,$62,$-0,$61,$19,$43,$43,$19,$95,$62,$196,200,$0.10,$0.09,$702,$462,$20,$1356,$535,$0,$50,$15,$623,$1979,$386,$0,$19,$115,$500,$2,$1771,$28,$1478,$1979,$59,$66,$42,$108,$-1,$-95,$-6,$-23,$-119,$48,$-48,$0,$0,$20,$0,$20,$-1,$-29,$-2,$0,$-2,$14,$14,$-43,$3,$-27,$-23,$28,$-43
25,2012-04-30,13.75,$7.51,1.83,$16.38,0.84,$-0.23,0.0,$0.83,16.57,$1.27B,$0.32B,3.99,$0.00B,$1.47B,0.0,$3.22B,$1.19B,36.87%,$3.22B,$0.30B,9.16%,$3.22B,$0.30B,9.16%,$3.22B,$0.43B,13.42%,$3.22B,$0.30B,9.32%,$3.22B,$0.16B,5.06%,$0.16B,$1.47B,11.56%,$0.16B,$1.42B,12.01%,$0.16B,$1.92B,8.53%,$0.30B,$1.47B,20.93%,$709,$434,$275,$0,$179,$644,$64,$4,$68,$24,$44,$44,$40,$97,$64,$195,197,$0.20,$0.20,$722,$368,$19,$1270,$562,$0,$51,$17,$646,$1916,$318,$0,$23,$128,$446,$2,$1774,$31,$1471,$1916,$40,$33,$24,$57,$3,$0,$-47,$-14,$-78,$18,$-24,$0,$0,$17,$0,$17,$-0,$-7,$-1,$0,$-1,$8,$8,$-22,$3,$-12,$-6,$21,$-22
26,2012-01-31,10.69,$7.31,1.46,$15.89,0.67,$-0.60,0.0,$0.77,13.89,$1.29B,$0.41B,3.18,$0.00B,$1.42B,0.0,$3.12B,$1.14B,36.67%,$3.12B,$0.27B,8.62%,$3.12B,$0.27B,8.62%,$3.12B,$0.41B,13.11%,$3.12B,$0.28B,8.81%,$3.12B,$0.15B,4.84%,$0.15B,$1.42B,10.92%,$0.15B,$1.37B,11.34%,$0.15B,$1.95B,7.99%,$0.27B,$1.42B,19.45%,$1022,$658,$364,$0,$211,$921,$101,$0,$101,$37,$64,$64,$51,$135,$101,$194,196,$0.26,$0.26,$745,$368,$11,$1287,$582,$0,$51,$16,$663,$1951,$405,$0,$21,$129,$534,$2,$1771,$29,$1417,$1951,$152,$141,$59,$199,$-3,$-74,$17,$-24,$-73,$278,$-89,$0,$0,$47,$0,$47,$-34,$-77,$-3,$0,$-3,$-12,$-12,$-86,$0,$-101,$52,$12,$-86
27,2011-10-31,9.89,$7.14,1.38,$15.11,0.65,$0.10,98.48,$0.95,10.41,$1.21B,$0.40B,3.04,$0.00B,$1.38B,0.0,$2.99B,$1.15B,38.50%,$2.99B,$0.32B,10.83%,$2.99B,$0.32B,10.83%,$2.99B,$0.46B,15.44%,$2.99B,$0.33B,11.06%,$2.99B,$0.19B,6.25%,$0.19B,$1.38B,13.68%,$0.19B,$1.33B,14.13%,$0.19B,$1.91B,9.99%,$0.32B,$1.38B,23.71%,$819,$507,$312,$0,$186,$727,$92,$-0,$92,$34,$58,$58,$52,$127,$92,$194,196,$0.27,$0.27,$481,$555,$17,$1206,$629,$0,$52,$15,$705,$1910,$397,$0,$18,$131,$528,$2,$1744,$29,$1383,$1910,$100,$106,$34,$140,$-3,$-261,$57,$-31,$-259,$-19,$-86,$0,$0,$-28,$0,$-28,$-34,$-148,$-2,$0,$-2,$-15,$-15,$-64,$0,$-81,$-287,$9,$-64
28,2011-07-31,9.8,$7.01,1.4,$14.74,0.66,$1.05,9.35,$0.85,11.53,$1.16B,$0.36B,3.19,$0.00B,$1.37B,0.0,$2.93B,$1.15B,39.38%,$2.93B,$0.32B,11.04%,$2.93B,$0.32B,11.04%,$2.93B,$0.46B,15.83%,$2.93B,$0.31B,10.53%,$2.93B,$0.17B,5.74%,$0.17B,$1.37B,12.25%,$0.17B,$1.32B,12.57%,$0.17B,$1.87B,8.97%,$0.32B,$1.37B,23.56%,$669,$433,$236,$0,$163,$631,$38,$1,$39,$14,$25,$25,$20,$73,$38,$195,197,$0.10,$0.10,$514,$457,$13,$1155,$636,$0,$52,$21,$711,$1867,$362,$0,$21,$137,$500,$2,$1714,$33,$1367,$1867,$48,$71,$31,$102,$7,$-162,$22,$-57,$-217,$-67,$-56,$0,$0,$-51,$0,$-51,$-34,$-141,$-2,$0,$-2,$0,$0,$-43,$0,$-44,$-278,$6,$-43
29,2011-04-30,11.51,$7.01,1.64,$14.54,0.79,$1.59,7.23,$0.80,14.38,$1.10B,$0.32B,3.41,$0.00B,$1.37B,0.0,$2.91B,$1.16B,39.75%,$2.91B,$0.32B,11.11%,$2.91B,$0.32B,11.11%,$2.91B,$0.47B,15.99%,$2.91B,$0.31B,10.52%,$2.91B,$0.16B,5.43%,$0.16B,$1.37B,11.50%,$0.16B,$1.31B,11.73%,$0.16B,$1.83B,8.46%,$0.32B,$1.37B,23.51%,$610,$378,$232,$0,$158,$571,$38,$5,$43,$15,$28,$28,$28,$74,$38,$195,197,$0.15,$0.14,$605,$332,$0,$1102,$642,$0,$52,$26,$730,$1832,$323,$0,$23,$143,$466,$2,$1716,$34,$1366,$1832,$28,$36,$11,$47,$5,$-29,$-7,$-45,$-114,$-39,$-38,$0,$0,$-62,$0,$-62,$-33,$-133,$-1,$0,$-1,$0,$0,$-21,$0,$-22,$-193,$3,$-21
30,2011-01-31,10.62,$6.95,1.53,$14.53,0.73,$1.76,6.02,$0.71,14.95,$1.17B,$0.39B,3.03,$0.00B,$1.35B,0.0,$2.95B,$1.18B,40.12%,$2.95B,$0.34B,11.51%,$2.95B,$0.34B,11.51%,$2.95B,$0.48B,16.36%,$2.95B,$0.32B,10.76%,$2.95B,$0.14B,4.79%,$0.14B,$1.35B,10.01%,$0.14B,$1.33B,10.13%,$0.14B,$1.88B,7.41%,$0.34B,$1.35B,24.06%,$894,$521,$372,$0,$184,$737,$156,$1,$157,$57,$101,$101,$87,$188,$156,$200,202,$0.43,$0.43,$735,$301,$0,$1174,$643,$0,$19,$24,$706,$1880,$388,$0,$24,$141,$529,$2,$1712,$28,$1351,$1880,$141,$142,$121,$262,$-4,$22,$4,$-18,$7,$410,$-76,$0,$0,$115,$0,$115,$-3,$36,$-3,$-30,$-33,$-227,$-227,$-183,$6,$-437,$-26,$25,$-183
31,2010-10-31,11.31,$7.16,1.58,$14.61,0.77,$1.41,8.03,$0.55,20.57,$1.19B,$0.37B,3.23,$0.00B,$1.40B,0.0,$3.00B,$1.20B,40.17%,$3.00B,$0.32B,10.74%,$3.00B,$0.32B,10.74%,$3.00B,$0.47B,15.68%,$3.00B,$0.30B,10.01%,$3.00B,$0.11B,3.77%,$0.11B,$1.40B,7.71%,$0.11B,$1.38B,7.79%,$0.11B,$1.91B,5.74%,$0.32B,$1.40B,21.96%,$752,$439,$312,$0,$185,$660,$91,$-22,$69,$36,$33,$33,$33,$128,$91,$196,197,$0.17,$0.17,$634,$410,$0,$1188,$652,$6,$18,$17,$721,$1909,$368,$0,$22,$140,$508,$2,$1746,$27,$1401,$1909,$54,$110,$103,$213,$-7,$-90,$40,$-27,$-120,$146,$-65,$0,$0,$177,$0,$177,$-2,$110,$-2,$-30,$-32,$-205,$-205,$-65,$-2,$-303,$-63,$22,$-65
32,2010-07-31,8.63,$7.05,1.22,$14.32,0.6,$1.28,6.74,$0.66,13.07,$0.96B,$0.33B,2.91,$0.00B,$1.38B,0.0,$2.98B,$1.20B,40.12%,$2.98B,$0.32B,10.60%,$2.98B,$0.32B,10.60%,$2.98B,$0.46B,15.50%,$2.98B,$0.32B,10.57%,$2.98B,$0.14B,4.66%,$0.14B,$1.38B,9.29%,$0.14B,$1.36B,9.38%,$0.14B,$1.85B,6.90%,$0.32B,$1.38B,21.12%,$652,$412,$240,$0,$165,$613,$38,$-1,$37,$11,$26,$26,$10,$75,$38,$202,203,$0.05,$0.05,$431,$349,$0,$963,$657,$167,$18,$16,$887,$1850,$331,$0,$21,$140,$472,$2,$1736,$19,$1378,$1850,$21,$74,$89,$163,$-9,$-30,$-11,$-74,$-161,$22,$-39,$0,$0,$28,$0,$28,$-2,$-13,$-1,$-30,$-31,$-206,$-206,$-43,$-2,$-282,$-268,$18,$-43
33,2010-04-30,11.68,$7.33,1.59,$14.21,0.82,$1.45,8.04,$0.75,15.57,$1.05B,$0.32B,3.23,$0.00B,$1.51B,0.0,$2.98B,$1.21B,40.66%,$2.98B,$0.34B,11.36%,$2.98B,$0.34B,11.36%,$2.98B,$0.48B,16.10%,$2.98B,$0.33B,11.19%,$2.98B,$0.16B,5.31%,$0.16B,$1.51B,10.40%,$0.16B,$1.49B,10.48%,$0.16B,$1.98B,7.69%,$0.34B,$1.51B,22.24%,$648,$391,$258,$0,$169,$595,$54,$0,$54,$18,$36,$36,$11,$91,$54,$208,210,$0.05,$0.05,$544,$326,$0,$1046,$678,$187,$17,$17,$929,$1975,$324,$0,$20,$145,$469,$2,$1750,$21,$1506,$1975,$11,$37,$59,$96,$-6,$-3,$-14,$-58,$-134,$-27,$-19,$0,$0,$7,$0,$7,$-0,$-13,$-1,$-13,$-13,$-86,$-86,$-21,$-2,$-123,$-159,$12,$-21
34,2010-01-31,10.98,$7.63,1.44,$14.07,0.78,$1.44,7.65,$0.81,13.56,$1.17B,$0.41B,2.85,$0.00B,$1.58B,0.0,$2.94B,$1.17B,39.90%,$2.94B,$0.31B,10.58%,$2.94B,$0.31B,10.58%,$2.94B,$0.45B,15.34%,$2.94B,$0.30B,10.34%,$2.94B,$0.17B,5.75%,$0.17B,$1.58B,11.26%,$0.17B,$1.57B,11.34%,$0.17B,$2.14B,8.29%,$0.31B,$1.58B,20.72%,$945,$551,$394,$0,$221,$807,$139,$1,$140,$53,$87,$87,$59,$176,$139,$206,210,$0.28,$0.28,$699,$326,$0,$1167,$713,$198,$11,$22,$971,$2138,$409,$0,$22,$151,$560,$2,$1764,$17,$1579,$2138,$169,$140,$58,$198,$7,$-34,$8,$15,$33,$400,$-127,$0,$0,$80,$0,$80,$-2,$-49,$-2,$-45,$-47,$9,$9,$-83,$1,$-120,$221,$35,$-83
35,2009-10-31,12.01,$7.33,1.64,$13.73,0.87,$0.62,19.35,$0.69,17.41,$1.09B,$0.42B,2.6,$0.00B,$1.52B,0.0,$2.86B,$1.11B,38.94%,$2.86B,$0.31B,10.70%,$2.86B,$0.31B,10.70%,$2.86B,$0.44B,15.38%,$2.86B,$0.30B,10.42%,$2.86B,$0.14B,5.00%,$0.14B,$1.52B,9.80%,$0.14B,$1.51B,9.88%,$0.14B,$2.10B,7.17%,$0.31B,$1.52B,20.98%,$736,$432,$304,$0,$185,$651,$85,$-0,$84,$16,$68,$68,$59,$120,$85,$207,209,$0.29,$0.28,$516,$425,$0,$1094,$741,$203,$11,$23,$1001,$2096,$421,$0,$22,$152,$573,$2,$1727,$16,$1523,$2096,$110,$103,$34,$137,$-5,$-128,$50,$-7,$-81,$165,$-106,$0,$0,$77,$0,$77,$-1,$-30,$-1,$-25,$-26,$9,$9,$-62,$1,$-79,$39,$19,$-62
36,2009-07-31,9.83,$7.12,1.38,$13.85,0.71,$-0.20,0.0,$0.62,15.85,$1.03B,$0.40B,2.6,$0.00B,$1.47B,0.0,$2.88B,$1.12B,38.87%,$2.88B,$0.32B,10.98%,$2.88B,$0.32B,10.98%,$2.88B,$0.45B,15.56%,$2.88B,$0.29B,10.18%,$2.88B,$0.13B,4.41%,$0.13B,$1.47B,8.92%,$0.13B,$1.46B,8.98%,$0.13B,$2.01B,6.46%,$0.32B,$1.47B,22.19%,$647,$393,$254,$0,$161,$587,$60,$-4,$55,$19,$37,$37,$29,$92,$60,$206,209,$0.14,$0.14,$530,$353,$0,$1031,$745,$199,$11,$22,$979,$2010,$397,$0,$20,$143,$540,$2,$1693,$16,$1470,$2010,$51,$67,$45,$112,$-0,$-57,$3,$-10,$-72,$91,$-73,$0,$0,$50,$0,$50,$-1,$-23,$-1,$0,$-1,$5,$5,$-41,$1,$-36,$27,$9,$-41
37,2009-04-30,10.05,$6.97,1.44,$14.08,0.71,$-0.86,0.0,$0.77,13.05,$0.90B,$0.32B,2.77,$0.00B,$1.43B,0.0,$2.92B,$1.15B,39.51%,$2.92B,$0.35B,11.81%,$2.92B,$0.35B,11.81%,$2.92B,$0.48B,16.36%,$2.92B,$0.33B,11.33%,$2.92B,$0.16B,5.41%,$0.16B,$1.43B,11.22%,$0.16B,$1.42B,11.31%,$0.16B,$1.91B,8.11%,$0.35B,$1.43B,24.50%,$612,$391,$221,$0,$159,$585,$27,$-2,$25,$3,$22,$22,$22,$63,$27,$205,207,$0.11,$0.11,$449,$279,$0,$899,$740,$233,$11,$21,$1014,$1913,$324,$0,$20,$155,$480,$2,$1692,$0,$1433,$1913,$22,$35,$7,$43,$-21,$17,$-59,$-1,$-79,$-14,$-35,$0,$0,$12,$0,$12,$-0,$-24,$-0,$0,$-0,$2,$2,$-21,$0,$-19,$-55,$6,$-21
38,2009-01-31,6.06,$6.86,0.88,$14.20,0.43,$-1.22,0.0,$0.87,6.97,$0.93B,$0.40B,2.3,$0.00B,$1.41B,0.0,$2.95B,$1.20B,40.59%,$2.95B,$0.38B,12.95%,$2.95B,$0.38B,12.95%,$2.95B,$0.51B,17.26%,$2.95B,$0.38B,12.78%,$2.95B,$0.18B,6.10%,$0.18B,$1.41B,12.94%,$0.18B,$1.40B,13.05%,$0.18B,$1.96B,9.29%,$0.38B,$1.41B,27.47%,$866,$531,$335,$0,$172,$732,$134,$-0,$134,$50,$84,$84,$33,$165,$134,$205,208,$0.16,$0.15,$484,$295,$0,$925,$740,$251,$11,$21,$1038,$1964,$402,$0,$25,$153,$555,$2,$1694,$-14,$1409,$1964,$179,$126,$117,$244,$-10,$-6,$-3,$-18,$-78,$345,$-244,$0,$0,$345,$0,$345,$-2,$99,$-2,$75,$73,$0,$0,$-82,$1,$-9,$357,$19,$-82
39,2008-10-31,7.4,$6.75,1.1,$14.55,0.51,$-0.74,0.0,$1.37,5.4,$0.91B,$0.42B,2.15,$0.00B,$1.39B,0.0,$3.08B,$1.32B,42.79%,$3.08B,$0.46B,14.85%,$3.08B,$0.46B,14.85%,$3.08B,$0.58B,18.94%,$3.08B,$0.46B,15.04%,$3.08B,$0.29B,9.32%,$0.29B,$1.39B,20.90%,$0.29B,$1.37B,21.06%,$0.29B,$1.97B,15.00%,$0.46B,$1.39B,33.27%,$754,$445,$309,$0,$182,$659,$95,$-15,$79,$37,$43,$43,$43,$128,$95,$205,207,$0.21,$0.21,$344,$422,$0,$908,$748,$272,$11,$19,$1064,$1971,$423,$0,$27,$164,$587,$2,$1682,$-23,$1385,$1971,$146,$96,$42,$138,$-13,$-142,$37,$-11,$-170,$114,$-227,$0,$0,$335,$0,$335,$-2,$107,$-2,$75,$73,$0,$0,$-61,$0,$12,$217,$17,$-61
40,2008-07-31,9.26,$6.86,1.35,$14.32,0.65,$-0.21,0.0,$1.61,5.75,$0.86B,$0.39B,2.23,$0.00B,$1.41B,0.0,$3.07B,$1.36B,44.36%,$3.07B,$0.51B,16.72%,$3.07B,$0.51B,16.72%,$3.07B,$0.63B,20.66%,$3.07B,$0.54B,17.67%,$3.07B,$0.34B,11.18%,$0.34B,$1.41B,24.84%,$0.34B,$1.39B,25.04%,$0.34B,$1.95B,17.93%,$0.51B,$1.41B,37.15%,$689,$399,$289,$0,$168,$599,$89,$4,$93,$34,$60,$60,$60,$122,$89,$205,208,$0.29,$0.29,$380,$341,$0,$859,$719,$309,$11,$20,$1086,$1945,$386,$0,$29,$154,$540,$2,$1663,$26,$1405,$1945,$104,$63,$12,$75,$5,$-56,$-12,$-41,$-140,$39,$-157,$0,$0,$325,$0,$325,$-1,$167,$-1,$75,$74,$-2,$-2,$-41,$0,$32,$237,$13,$-41
41,2008-04-30,12.06,$6.66,1.81,$14.17,0.85,$-0.12,0.0,$1.69,7.14,$0.81B,$0.35B,2.3,$0.00B,$1.36B,0.0,$3.08B,$1.39B,45.04%,$3.08B,$0.55B,17.75%,$3.08B,$0.55B,17.75%,$3.08B,$0.66B,21.48%,$3.08B,$0.58B,18.82%,$3.08B,$0.36B,11.81%,$0.36B,$1.36B,26.50%,$0.36B,$1.35B,26.72%,$0.36B,$1.87B,19.30%,$0.55B,$1.36B,39.83%,$640,$377,$264,$0,$170,$576,$64,$6,$71,$27,$44,$44,$44,$94,$64,$205,208,$0.21,$0.21,$369,$262,$0,$807,$668,$335,$11,$20,$1062,$1868,$350,$0,$31,$154,$504,$2,$1625,$29,$1364,$1868,$44,$30,$14,$44,$-10,$24,$-41,$-71,$-139,$-51,$-74,$0,$0,$297,$0,$297,$-0,$223,$-1,$75,$74,$-2,$-2,$-20,$0,$52,$222,$9,$-20
42,2008-01-31,15.0,$6.56,2.29,$13.80,1.09,$-0.15,0.0,$1.83,8.2,$1.02B,$0.38B,2.71,$0.00B,$1.34B,0.0,$3.05B,$1.42B,46.56%,$3.05B,$0.60B,19.61%,$3.05B,$0.60B,19.61%,$3.05B,$0.71B,23.22%,$3.05B,$0.64B,20.83%,$3.05B,$0.40B,13.06%,$0.40B,$1.34B,28.88%,$0.40B,$1.33B,29.11%,$0.40B,$1.87B,21.26%,$0.60B,$1.34B,43.36%,$995,$540,$455,$0,$217,$786,$209,$11,$220,$79,$140,$140,$140,$239,$209,$216,220,$0.66,$0.65,$620,$286,$0,$1021,$626,$166,$11,$20,$847,$1868,$376,$0,$36,$151,$527,$2,$1602,$35,$1340,$1868,$400,$111,$29,$140,$-6,$-19,$-16,$-1,$-75,$465,$-250,$0,$0,$0,$354,$354,$-2,$102,$-2,$0,$-2,$-437,$-437,$-81,$6,$-514,$56,$34,$-81
43,2007-10-31,15.45,$6.60,2.34,$13.55,1.14,$1.17,13.21,$1.83,8.44,$1.13B,$0.40B,2.81,$0.00B,$1.42B,0.0,$3.03B,$1.43B,47.26%,$3.03B,$0.62B,20.35%,$3.03B,$0.62B,20.35%,$3.03B,$0.72B,23.75%,$3.03B,$0.66B,21.73%,$3.03B,$0.41B,13.49%,$0.41B,$1.42B,29.20%,$0.41B,$1.40B,29.42%,$0.41B,$1.97B,21.48%,$0.62B,$1.42B,44.05%,$744,$392,$353,$0,$174,$594,$151,$7,$158,$58,$99,$99,$99,$179,$151,$215,219,$0.46,$0.45,$619,$393,$0,$1134,$598,$168,$12,$21,$837,$1971,$403,$0,$32,$153,$556,$2,$1483,$42,$1415,$1971,$260,$81,$5,$86,$-7,$-123,$32,$-32,$-158,$188,$-191,$0,$0,$0,$344,$344,$-1,$153,$-1,$0,$-1,$-243,$-243,$-60,$6,$-298,$45,$27,$-60
44,2007-07-31,15.7,$6.35,2.47,$13.19,1.19,$2.35,6.69,$1.82,8.63,$1.07B,$0.31B,3.43,$0.00B,$1.38B,0.0,$2.98B,$1.42B,47.72%,$2.98B,$0.62B,20.74%,$2.98B,$0.62B,20.74%,$2.98B,$0.72B,23.96%,$2.98B,$0.66B,22.22%,$2.98B,$0.41B,13.77%,$0.41B,$1.38B,29.78%,$0.41B,$1.37B,29.99%,$0.41B,$1.84B,21.95%,$0.62B,$1.38B,44.85%,$703,$387,$316,$0,$166,$581,$123,$9,$131,$50,$81,$81,$81,$150,$123,$218,222,$0.37,$0.37,$617,$321,$0,$1074,$552,$143,$10,$20,$763,$1837,$313,$0,$31,$148,$462,$2,$1405,$29,$1375,$1837,$160,$53,$2,$55,$-4,$-55,$-26,$-56,$-200,$14,$-120,$0,$0,$0,$387,$387,$-1,$266,$-1,$0,$-1,$-185,$-185,$-38,$6,$-219,$64,$20,$-38
45,2007-04-30,19.0,$6.36,2.99,$12.65,1.5,$3.80,4.99,$1.76,10.78,$1.05B,$0.30B,3.57,$0.00B,$1.40B,0.0,$2.88B,$1.38B,47.97%,$2.88B,$0.61B,20.99%,$2.88B,$0.61B,20.99%,$2.88B,$0.70B,24.18%,$2.88B,$0.65B,22.55%,$2.88B,$0.40B,13.94%,$0.40B,$1.40B,29.56%,$0.40B,$1.39B,29.78%,$0.40B,$1.83B,21.75%,$0.61B,$1.40B,44.49%,$612,$314,$298,$0,$157,$496,$116,$11,$127,$49,$79,$79,$79,$141,$116,$221,226,$0.36,$0.35,$641,$275,$0,$1053,$523,$193,$10,$19,$777,$1830,$295,$0,$29,$138,$434,$2,$1350,$27,$1396,$1830,$79,$25,$13,$38,$-12,$-10,$-33,$-43,$-195,$-78,$-65,$0,$0,$0,$257,$257,$-1,$191,$-0,$0,$-0,$-90,$-90,$-17,$3,$-104,$10,$13,$-17
46,2007-01-31,20.83,$6.40,3.25,$12.23,1.7,$4.54,4.59,$1.69,12.3,$1.19B,$0.47B,2.56,$0.00B,$1.42B,0.0,$2.79B,$1.34B,47.94%,$2.79B,$0.59B,21.02%,$2.79B,$0.59B,21.02%,$2.79B,$0.68B,24.20%,$2.79B,$0.63B,22.52%,$2.79B,$0.39B,13.86%,$0.39B,$1.42B,29.40%,$0.39B,$1.41B,29.62%,$0.39B,$1.98B,21.54%,$0.59B,$1.42B,44.59%,$973,$507,$466,$0,$218,$747,$227,$16,$243,$93,$150,$150,$150,$250,$227,$223,228,$0.68,$0.67,$814,$264,$0,$1189,$482,$265,$10,$16,$790,$1980,$465,$0,$33,$98,$562,$2,$1302,$22,$1417,$1980,$387,$90,$16,$105,$7,$-54,$32,$194,$257,$749,$-226,$0,$0,$0,$-437,$-437,$12,$-651,$-3,$2,$-1,$-126,$-126,$-62,$20,$-169,$-71,$37,$-62
47,2006-10-31,19.59,$5.98,3.27,$11.26,1.74,$3.96,4.95,$1.51,13.0,$1.21B,$0.40B,3.04,$0.00B,$1.33B,0.0,$2.59B,$1.23B,47.55%,$2.59B,$0.53B,20.59%,$2.59B,$0.53B,20.59%,$2.59B,$0.62B,24.02%,$2.59B,$0.57B,21.82%,$2.59B,$0.35B,13.33%,$0.35B,$1.33B,27.57%,$0.35B,$1.32B,27.79%,$0.35B,$1.84B,20.26%,$0.53B,$1.33B,42.60%,$696,$352,$344,$0,$170,$544,$153,$9,$162,$61,$101,$101,$101,$174,$153,$223,228,$0.45,$0.44,$758,$349,$0,$1213,$441,$146,$10,$12,$631,$1844,$399,$0,$47,$112,$512,$2,$1171,$26,$1333,$1844,$237,$66,$19,$85,$5,$-137,$73,$166,$106,$428,$-162,$0,$0,$-200,$0,$-200,$12,$-349,$-1,$2,$1,$-62,$-62,$-45,$16,$-90,$-9,$24,$-45
