,Date,Stock Price,Book Value per Share,Price to Book Ratio,TTM Sales per Share,Price to Sales Ratio,TTM FCF per Share,Price to FCF Ratio,TTM Net EPS,PE Ratio,Current Assets,Current Liabilities,Current Ratio,Long Term Debt,Shareholder's Equity_x,Debt to Equity Ratio,TTM Revenue_x,TTM Gross Profit,Gross Margin,TTM Revenue_y,TTM Operating Income,Operating Margin,TTM Revenue_x,TTM EBIT,EBIT Margin,TTM Revenue_y,TTM EBITDA,EBITDA Margin,TTM Revenue_x,TTM Pre-Tax Income,Pre-Tax Margin,TTM Revenue_y,TTM Net Income_x,Net Margin,TTM Net Income_y,Shareholder's Equity_y,Return on Equity,TTM Net Income_x,Tangible Equity,Return on Tangible Equity,TTM Net Income_y,Total Assets,Return on Assets,TTM Net Income,LT Investments & Debt,Return on Investment,revenue,cost-goods-sold,gross-profit,research-development-expenses,selling-general-administrative-expenses,operating-expenses,operating-income,total-non-operating-income-expense,pre-tax-income,total-provision-income-taxes,income-after-taxes,income-from-continuous-operations,net-income,ebitda,ebit,basic-shares-outstanding,shares-outstanding,eps-basic-net-earnings-per-share,eps-earnings-per-share-diluted,cash-on-hand,inventory,other-current-assets,total-current-assets,net-property-plant-equipment,long-term-investments,goodwill-intangible-assets-total,other-long-term-assets,total-long-term-assets,total-assets,total-current-liabilities,long-term-debt,other-non-current-liabilities,total-long-term-liabilities,total-liabilities,common-stock-net,retained-earnings-accumulated-deficit,comprehensive-income,total-share-holder-equity,total-liabilities-share-holders-equity,net-income-loss,total-depreciation-amortization-cash-flow,other-non-cash-items,total-non-cash-items,change-in-accounts-receivable,change-in-inventories,change-in-accounts-payable,change-in-assets-liabilities,total-change-in-assets-liabilities,cash-flow-from-operating-activities,net-change-in-property-plant-equipment,net-change-in-intangible-assets,net-acquisitions-divestitures,net-change-in-short-term-investments,net-change-in-long-term-investments,net-change-in-investments-total,investing-activities-other,cash-flow-from-investing-activities,net-long-term-debt,net-current-debt,debt-issuance-retirement-net-total,net-common-equity-issued-repurchased,net-total-equity-issued-repurchased,total-common-preferred-stock-dividends-paid,financial-activities-other,cash-flow-from-financial-activities,net-cash-flow,stock-based-compensation,common-stock-dividends-paid
0,2018-09-30,70.88,$38.63,1.83,$32.85,2.16,$-4.75,0.0,$3.97,17.85,$4.69B,$8.43B,0.56,$20.87B,$19.05B,1.1,$16.20B,$10.46B,64.52%,$16.20B,$2.91B,17.95%,$16.20B,$2.91B,17.95%,$16.20B,$5.22B,32.22%,$16.20B,$2.16B,13.32%,$16.20B,$1.96B,12.10%,$1.96B,$19.05B,10.51%,$1.96B,$18.99B,10.54%,$1.96B,$67.62B,2.96%,$2.91B,$39.92B,7.58%,$4333,$1625,$2708,$0,$1437,$3665,$669,$-188,$481,$-81,$562,$580,$578,$1302,$669,$493,494,$1.17,$1.17,$1102,$848,$438,$4692,$53356,$0,$53,$1266,$62925,$67617,$8426,$20870,$10936,$40144,$48571,$3337,$9294,$-86,$19047,$67617,$1567,$1778,$418,$2196,$-52,$99,$-45,$416,$170,$3933,$-4688,$0,$-26,$0,$-40,$-40,$66,$-4689,$1553,$604,$2157,$63,$63,$-923,$-16,$1281,$525,$0,$-923
1,2018-06-30,68.65,$38.04,1.8,$32.40,2.12,$-0.16,0.0,$3.90,17.6,$4.57B,$9.06B,0.51,$19.75B,$18.75B,1.05,$15.98B,$10.43B,65.26%,$15.98B,$3.21B,20.12%,$15.98B,$3.21B,20.12%,$15.98B,$5.45B,34.09%,$15.98B,$2.48B,15.52%,$15.98B,$1.93B,12.07%,$1.93B,$18.75B,10.47%,$1.93B,$18.70B,10.50%,$1.93B,$66.87B,2.95%,$3.21B,$38.50B,8.57%,$4013,$1344,$2670,$0,$1359,$3256,$757,$-173,$584,$72,$511,$530,$528,$1334,$757,$493,494,$1.07,$1.07,$550,$916,$590,$4570,$52442,$0,$53,$1347,$62300,$66870,$9058,$19751,$10953,$39060,$48119,$3335,$9023,$-95,$18751,$66870,$987,$1144,$138,$1282,$-210,$31,$-54,$98,$-262,$2007,$-3223,$0,$-24,$0,$-31,$-31,$40,$-3239,$836,$951,$1787,$51,$51,$-614,$-16,$1207,$-25,$0,$-614
2,2018-03-31,67.37,$37.59,1.79,$31.53,2.14,$5.08,13.27,$3.59,18.76,$4.14B,$9.47B,0.44,$18.85B,$18.51B,1.02,$15.54B,$10.14B,65.26%,$15.54B,$3.19B,20.53%,$15.54B,$3.19B,20.53%,$15.54B,$5.37B,34.54%,$15.54B,$2.45B,15.74%,$15.54B,$1.78B,11.42%,$1.78B,$18.51B,9.76%,$1.78B,$18.46B,9.78%,$1.78B,$65.61B,2.76%,$3.19B,$37.36B,8.73%,$4048,$1492,$2556,$0,$1311,$3342,$706,$-166,$540,$102,$438,$457,$454,$1273,$706,$492,493,$0.92,$0.92,$484,$923,$596,$4135,$51365,$0,$53,$1418,$61475,$65610,$9471,$18845,$10628,$37627,$47098,$3333,$8802,$-95,$18512,$65610,$457,$567,$-56,$511,$40,$29,$-129,$-30,$-165,$802,$-1906,$0,$-24,$0,$-17,$-17,$19,$-1928,$280,$1020,$1300,$32,$32,$-306,$3,$1030,$-96,$0,$-306
3,2017-12-31,71.56,$37.22,1.92,$31.31,2.29,$10.57,6.77,$3.87,18.49,$4.25B,$8.27B,0.51,$19.42B,$18.31B,1.06,$15.43B,$10.11B,65.56%,$15.43B,$3.57B,23.14%,$15.43B,$3.57B,23.14%,$15.43B,$5.70B,36.93%,$15.43B,$2.82B,18.26%,$15.43B,$1.91B,12.40%,$1.91B,$18.31B,10.63%,$1.91B,$18.26B,10.66%,$1.91B,$64.73B,3.02%,$3.57B,$37.73B,9.97%,$3810,$1290,$2521,$0,$1146,$3034,$776,$-222,$554,$172,$383,$402,$401,$1312,$776,$492,493,$0.82,$0.82,$574,$953,$524,$4253,$50262,$0,$53,$1493,$60476,$64729,$8271,$19420,$10682,$38144,$46416,$3329,$8627,$-68,$18314,$64729,$1929,$2126,$620,$2746,$29,$18,$-58,$-485,$-404,$4270,$-3539,$0,$-108,$0,$-58,$-58,$49,$-3656,$653,$-74,$578,$12,$12,$-1192,$-4,$-605,$9,$0,$-1192
4,2017-09-30,67.76,$36.81,1.84,$31.29,2.17,$8.33,8.13,$3.82,17.74,$4.07B,$7.32B,0.56,$18.36B,$18.11B,1.01,$15.41B,$10.02B,65.06%,$15.41B,$3.37B,21.88%,$15.41B,$3.37B,21.88%,$15.41B,$5.39B,35.00%,$15.41B,$2.67B,17.33%,$15.41B,$1.89B,12.24%,$1.89B,$18.11B,10.61%,$1.89B,$18.05B,10.64%,$1.89B,$63.97B,2.99%,$3.37B,$36.47B,9.60%,$4105,$1426,$2679,$0,$1186,$3130,$975,$-175,$801,$264,$537,$557,$545,$1527,$975,$492,493,$1.11,$1.10,$655,$917,$405,$4068,$48317,$0,$53,$1598,$59897,$63965,$7322,$18362,$6241,$38537,$45859,$3328,$8532,$-175,$18106,$63965,$1527,$1591,$635,$2226,$201,$59,$-91,$-487,$-629,$3124,$-1619,$0,$-73,$0,$-47,$-47,$16,$-1723,$219,$-654,$-435,$0,$0,$-875,$-4,$-1314,$87,$0,$-875
5,2017-06-30,66.47,$36.29,1.83,$32.42,2.05,$5.35,12.43,$1.16,57.3,$3.81B,$8.39B,0.45,$16.80B,$17.85B,0.94,$15.95B,$10.34B,64.83%,$15.95B,$1.27B,7.94%,$15.95B,$1.27B,7.94%,$15.95B,$3.31B,20.77%,$15.95B,$0.54B,3.41%,$15.95B,$0.57B,3.60%,$0.57B,$17.85B,3.26%,$0.57B,$17.80B,3.27%,$0.57B,$62.74B,0.92%,$1.27B,$34.65B,3.66%,$3577,$1192,$2385,$0,$1166,$2843,$733,$-183,$551,$191,$360,$376,$375,$1255,$733,$492,493,$0.76,$0.76,$490,$982,$451,$3809,$47227,$0,$53,$1650,$58930,$62739,$8392,$16797,$6136,$36497,$44890,$3328,$8276,$-162,$17850,$62739,$970,$1039,$80,$1119,$271,$-10,$-171,$-390,$-373,$1717,$-351,$0,$-39,$0,$-29,$-29,$22,$-397,$-928,$139,$-789,$0,$0,$-585,$-6,$-1379,$-59,$0,$-585
6,2017-03-31,63.68,$36.02,1.77,$33.08,1.92,$1.44,44.34,$1.42,44.84,$3.62B,$7.92B,0.46,$16.72B,$17.71B,0.94,$16.27B,$10.54B,64.79%,$16.27B,$1.40B,8.61%,$16.27B,$1.40B,8.61%,$16.27B,$3.47B,21.34%,$16.27B,$0.67B,4.13%,$16.27B,$0.70B,4.31%,$0.70B,$17.71B,3.96%,$0.70B,$17.66B,3.97%,$0.70B,$61.73B,1.12%,$1.40B,$34.43B,4.00%,$3933,$1405,$2528,$0,$1187,$2848,$1086,$-175,$910,$343,$567,$594,$592,$1603,$1086,$492,492,$1.20,$1.20,$450,$955,$359,$3616,$46236,$0,$53,$1736,$58112,$61728,$7915,$16722,$6084,$36102,$44017,$3328,$8194,$-171,$17712,$61728,$594,$517,$-100,$417,$236,$13,$-251,$-389,$-204,$807,$794,$0,$-4,$0,$-18,$-18,$4,$776,$-1221,$-177,$-1398,$0,$0,$-291,$2,$-1687,$-104,$0,$-291
7,2016-12-31,59.17,$35.43,1.67,$33.32,1.78,$-2.64,0.0,$1.24,47.72,$6.03B,$9.50B,0.64,$17.38B,$17.42B,1.0,$16.38B,$10.65B,65.02%,$16.38B,$1.21B,7.37%,$16.38B,$1.21B,7.37%,$16.38B,$3.30B,20.14%,$16.38B,$0.48B,2.91%,$16.38B,$0.61B,3.72%,$0.61B,$17.42B,3.42%,$0.61B,$17.37B,3.43%,$0.61B,$63.47B,0.97%,$1.21B,$34.80B,3.42%,$3790,$1360,$2431,$0,$1440,$3214,$576,$-169,$407,$60,$347,$375,$373,$1007,$576,$491,492,$0.76,$0.76,$542,$967,$2282,$6034,$45639,$0,$53,$1775,$57434,$63468,$9498,$17378,$5898,$36550,$46048,$3328,$7892,$-156,$17420,$63468,$618,$2091,$2225,$4316,$-227,$60,$165,$-454,$-412,$4522,$-4889,$0,$-129,$0,$-45,$-45,$16,$-5047,$693,$913,$1606,$34,$34,$-1121,$-16,$504,$-23,$0,$-1121
8,2016-09-30,59.79,$35.27,1.7,$32.98,1.81,$-1.41,0.0,$1.44,41.52,$5.95B,$7.78B,0.77,$17.32B,$17.34B,1.0,$16.21B,$11.22B,69.23%,$16.21B,$1.10B,6.77%,$16.21B,$1.10B,6.77%,$16.21B,$3.28B,20.26%,$16.21B,$0.36B,2.23%,$16.21B,$0.71B,4.36%,$0.71B,$17.34B,3.94%,$0.71B,$17.29B,3.95%,$0.71B,$61.44B,1.14%,$1.10B,$34.66B,3.09%,$4652,$1654,$2998,$0,$1322,$5780,$-1128,$-196,$-1324,$-535,$-789,$-764,$-766,$-552,$-1128,$492,492,$-1.56,$-1.56,$491,$1025,$2405,$5949,$44262,$0,$53,$1871,$55493,$61442,$7779,$17320,$5986,$36320,$44099,$3328,$7809,$-146,$17343,$61442,$243,$1660,$2475,$4135,$-241,$12,$48,$-382,$-956,$3421,$-3387,$0,$-128,$0,$-28,$-28,$113,$-3429,$170,$678,$848,$34,$34,$-830,$-7,$46,$36,$0,$-830
9,2016-06-30,64.73,$37.43,1.73,$32.55,1.99,$-0.20,0.0,$4.06,15.94,$4.44B,$7.87B,0.56,$17.54B,$18.41B,0.95,$15.98B,$10.97B,68.61%,$15.98B,$3.19B,19.93%,$15.98B,$3.19B,19.93%,$15.98B,$5.37B,33.57%,$15.98B,$2.46B,15.40%,$15.98B,$1.99B,12.46%,$1.99B,$18.41B,11.04%,$1.99B,$18.35B,11.07%,$1.99B,$63.32B,3.20%,$3.19B,$35.94B,8.92%,$3893,$1310,$2583,$0,$1203,$3027,$866,$-187,$679,$165,$514,$506,$502,$1413,$866,$491,492,$1.02,$1.02,$554,$1362,$563,$4439,$47436,$0,$53,$1930,$58878,$63317,$7870,$17537,$5835,$37042,$44912,$3328,$8851,$-118,$18405,$63317,$1007,$1084,$651,$1735,$-166,$-107,$-23,$-417,$-1016,$1726,$-2286,$0,$-79,$0,$-20,$-20,$86,$-2300,$-92,$1260,$1169,$31,$31,$-553,$0,$647,$70,$0,$-553
10,2016-03-31,60.79,$36.93,1.65,$32.43,1.87,$0.97,62.45,$3.92,15.51,$4.15B,$7.22B,0.57,$17.75B,$18.14B,0.98,$15.92B,$10.85B,68.19%,$15.92B,$3.12B,19.62%,$15.92B,$3.12B,19.62%,$15.92B,$5.28B,33.18%,$15.92B,$2.41B,15.16%,$15.92B,$1.92B,12.06%,$1.92B,$18.14B,10.78%,$1.92B,$18.09B,10.82%,$1.92B,$62.49B,3.12%,$3.12B,$35.89B,8.79%,$4045,$1407,$2638,$0,$1248,$3152,$893,$-179,$714,$236,$478,$503,$501,$1431,$893,$491,491,$1.02,$1.02,$455,$1352,$554,$4146,$46833,$0,$53,$2018,$58340,$62487,$7222,$17749,$5797,$37123,$44345,$3325,$8625,$-134,$18142,$62487,$503,$538,$327,$864,$-11,$-95,$-34,$-258,$-568,$800,$-1204,$0,$-46,$0,$-14,$-14,$125,$-1138,$178,$421,$599,$12,$12,$-277,$18,$352,$14,$0,$-277
11,2015-12-31,52.87,$36.46,1.45,$33.55,1.58,$2.16,24.44,$4.19,12.62,$4.07B,$7.11B,0.57,$17.74B,$17.91B,0.99,$16.45B,$10.35B,62.88%,$16.45B,$3.33B,20.26%,$16.45B,$3.33B,20.26%,$16.45B,$5.49B,33.36%,$16.45B,$2.62B,15.94%,$16.45B,$2.05B,12.44%,$2.05B,$17.91B,11.65%,$2.05B,$17.85B,11.69%,$2.05B,$61.68B,3.36%,$3.33B,$35.65B,9.51%,$3615,$615,$3000,$0,$2052,$3148,$466,$-173,$293,$93,$201,$205,$470,$991,$466,$490,491,$0.94,$0.94,$563,$1339,$357,$4072,$46133,$0,$53,$2072,$57611,$61683,$7109,$17741,$5722,$36670,$43778,$3324,$8398,$-127,$17905,$61683,$2052,$2155,$537,$2692,$200,$-39,$17,$-294,$4,$4749,$-4513,$0,$-92,$0,$-64,$-64,$97,$-4573,$847,$-546,$301,$82,$82,$-1059,$15,$-662,$5,$0,$-1059
12,2015-09-30,51.06,$36.08,1.42,$33.39,1.53,$2.52,20.28,$3.62,14.11,$4.55B,$7.06B,0.64,$17.60B,$17.71B,0.99,$16.36B,$9.37B,57.23%,$16.36B,$3.28B,20.05%,$16.36B,$3.28B,20.05%,$16.36B,$5.42B,33.13%,$16.36B,$2.58B,15.75%,$16.36B,$1.77B,10.80%,$1.77B,$17.71B,10.22%,$1.77B,$17.66B,10.26%,$1.77B,$61.10B,2.93%,$3.28B,$35.31B,9.55%,$4431,$1687,$2745,$0,$1250,$3471,$960,$-184,$776,$276,$500,$512,$518,$1531,$960,$491,491,$1.06,$1.06,$493,$1105,$941,$4548,$45238,$0,$53,$2194,$56551,$61099,$7058,$17600,$5907,$36332,$43390,$3322,$8204,$-109,$17709,$61099,$1582,$1630,$697,$2327,$-18,$194,$-13,$-92,$3,$3911,$-3283,$0,$-53,$0,$-52,$-52,$140,$-3248,$633,$-564,$69,$68,$68,$-783,$-1,$-647,$15,$0,$-783
13,2015-06-30,47.13,$35.56,1.33,$32.87,1.43,$2.82,16.72,$3.57,13.2,$4.23B,$6.65B,0.64,$17.76B,$17.44B,1.02,$16.09B,$9.25B,57.49%,$16.09B,$3.23B,20.04%,$16.09B,$3.23B,20.04%,$16.09B,$5.31B,33.02%,$16.09B,$2.52B,15.68%,$16.09B,$1.74B,10.83%,$1.74B,$17.44B,10.19%,$1.74B,$17.35B,10.24%,$1.74B,$60.94B,2.92%,$3.23B,$35.20B,9.59%,$3827,$1356,$2471,$0,$1169,$3023,$804,$-174,$630,$224,$406,$431,$430,$1329,$804,$490,490,$0.88,$0.88,$551,$1160,$384,$4225,$45013,$0,$91,$2294,$56713,$60938,$6650,$17761,$6062,$36846,$43496,$3321,$7945,$-102,$17442,$60938,$1062,$1059,$348,$1407,$-34,$148,$-13,$-259,$-270,$2199,$-2182,$0,$-52,$0,$-26,$-26,$65,$-2195,$735,$-241,$494,$56,$56,$-522,$0,$28,$33,$0,$-522
14,2015-03-31,49.57,$35.21,1.41,$33.35,1.49,$3.33,14.87,$3.49,14.2,$4.12B,$7.13B,0.58,$16.78B,$17.25B,0.97,$16.31B,$9.31B,57.07%,$16.31B,$3.19B,19.55%,$16.31B,$3.19B,19.55%,$16.31B,$5.24B,32.10%,$16.31B,$2.48B,15.19%,$16.31B,$1.70B,10.44%,$1.70B,$17.25B,10.09%,$1.70B,$17.16B,10.14%,$1.70B,$60.04B,2.90%,$3.19B,$34.03B,9.69%,$4580,$2451,$2130,$0,$531,$3478,$1103,$-179,$924,$327,$596,$620,$629,$1637,$1103,$490,490,$1.29,$1.29,$483,$1192,$404,$4116,$44810,$0,$91,$2366,$55922,$60038,$7128,$16778,$6036,$35662,$42790,$3317,$7776,$-103,$17248,$60038,$631,$534,$131,$664,$-2,$132,$46,$-247,$-37,$1258,$-1077,$0,$-52,$0,$-18,$-18,$126,$-1021,$507,$-491,$16,$30,$30,$-261,$5,$-209,$28,$0,$-261
15,2014-12-31,53.03,$34.38,1.54,$33.52,1.58,$3.34,15.88,$3.35,15.83,$4.48B,$7.97B,0.56,$16.01B,$16.83B,0.95,$16.38B,$10.02B,61.18%,$16.38B,$3.13B,19.09%,$16.38B,$3.13B,19.09%,$16.38B,$5.17B,31.56%,$16.38B,$2.40B,14.67%,$16.38B,$1.63B,9.98%,$1.63B,$16.83B,9.80%,$1.63B,$16.77B,9.85%,$1.63B,$59.55B,2.82%,$3.13B,$32.84B,9.59%,$3526,$1507,$2019,$0,$1140,$3111,$414,$-168,$247,$117,$130,$156,$191,$924,$414,$489,489,$0.38,$0.38,$548,$1317,$400,$4478,$43635,$0,$53,$2367,$55067,$59545,$7967,$16012,$5974,$34754,$42720,$3313,$7407,$-103,$16825,$59545,$1638,$2042,$448,$2490,$-60,$101,$-75,$508,$474,$4602,$-4195,$0,$-116,$0,$-56,$-56,$-39,$-4406,$178,$589,$767,$74,$74,$-998,$6,$-151,$45,$0,$-998
16,2014-09-30,45.18,$34.49,1.31,$32.94,1.37,$3.43,13.19,$3.67,12.31,$4.11B,$7.46B,0.55,$15.68B,$16.87B,0.93,$16.08B,$9.88B,61.44%,$16.08B,$3.36B,20.88%,$16.08B,$3.36B,20.88%,$16.08B,$5.32B,33.10%,$16.08B,$2.63B,16.36%,$16.08B,$1.79B,11.13%,$1.79B,$16.87B,10.85%,$1.79B,$16.78B,10.91%,$1.79B,$57.93B,3.13%,$3.36B,$32.55B,10.29%,$4161,$1529,$2632,$0,$1228,$3256,$905,$-182,$723,$264,$459,$483,$493,$1424,$905,$489,489,$1.01,$1.01,$512,$1205,$362,$4111,$43064,$0,$91,$2387,$53814,$57925,$7457,$15677,$5880,$33596,$41053,$3312,$7470,$-105,$16872,$57925,$1446,$1532,$255,$1787,$-19,$222,$-40,$299,$482,$3715,$-2942,$0,$-109,$0,$-45,$-45,$17,$-3079,$-415,$525,$110,$63,$63,$-736,$3,$-560,$76,$0,$-736
17,2014-06-30,47.78,$33.95,1.41,$33.00,1.45,$3.01,15.88,$3.55,13.46,$4.32B,$7.60B,0.57,$15.60B,$16.59B,0.94,$16.10B,$9.89B,61.41%,$16.10B,$3.33B,20.67%,$16.10B,$3.33B,20.67%,$16.10B,$5.26B,32.67%,$16.10B,$2.59B,16.08%,$16.10B,$1.73B,10.75%,$1.73B,$16.59B,10.67%,$1.73B,$16.49B,10.73%,$1.73B,$57.62B,3.06%,$3.33B,$32.19B,10.24%,$4044,$1516,$2528,$0,$1318,$3277,$767,$-184,$583,$215,$368,$391,$390,$1251,$767,$488,489,$0.80,$0.80,$567,$1219,$382,$4323,$42273,$0,$91,$2468,$53297,$57620,$7600,$15601,$5863,$33435,$41035,$3308,$7222,$-104,$16585,$57620,$952,$1013,$174,$1187,$-73,$207,$-39,$49,$58,$2197,$-1928,$0,$-58,$0,$-27,$-27,$-55,$-2068,$-326,$725,$399,$29,$29,$-490,$5,$-57,$72,$0,$-490
18,2014-03-31,43.0,$33.64,1.28,$32.08,1.34,$2.22,19.34,$3.44,12.5,$4.34B,$6.52B,0.67,$16.48B,$16.42B,1.0,$15.64B,$9.67B,61.86%,$15.64B,$3.11B,19.88%,$15.64B,$3.11B,19.88%,$15.64B,$5.03B,32.15%,$15.64B,$2.40B,15.34%,$15.64B,$1.68B,10.73%,$1.68B,$16.42B,10.52%,$1.68B,$16.33B,10.58%,$1.68B,$57.04B,3.00%,$3.11B,$32.89B,9.63%,$4648,$1806,$2842,$0,$1310,$3607,$1041,$-191,$850,$307,$543,$561,$560,$1570,$1041,$488,488,$1.15,$1.15,$602,$1214,$417,$4335,$41530,$0,$91,$2574,$52703,$57038,$6519,$16475,$5755,$34100,$40619,$3305,$7076,$-109,$16419,$57038,$561,$529,$30,$559,$-83,$209,$33,$-130,$13,$1133,$-950,$0,$-49,$0,$-17,$-17,$35,$-981,$-327,$575,$248,$15,$15,$-245,$4,$22,$174,$0,$-245
19,2013-12-31,39.26,$32.98,1.19,$30.43,1.29,$1.67,23.57,$3.04,12.91,$4.31B,$6.11B,0.71,$16.83B,$16.09B,1.05,$14.81B,$9.25B,62.47%,$14.81B,$2.82B,19.05%,$14.81B,$2.82B,19.05%,$14.81B,$4.67B,31.50%,$14.81B,$2.09B,14.13%,$14.81B,$1.48B,10.00%,$1.48B,$16.09B,9.43%,$1.48B,$16.00B,9.49%,$1.48B,$56.41B,2.68%,$2.82B,$32.91B,8.85%,$3230,$1349,$1880,$0,$904,$2584,$645,$-170,$475,$158,$318,$337,$347,$1078,$645,$487,487,$0.71,$0.71,$471,$1423,$310,$4310,$40997,$0,$91,$2670,$52104,$56414,$6112,$16828,$5706,$34216,$40328,$3303,$6766,$-115,$16086,$56414,$1484,$1843,$843,$2686,$23,$119,$94,$-396,$-74,$4096,$-3648,$0,$-154,$0,$-69,$-69,$53,$-3818,$648,$-221,$427,$83,$83,$-954,$5,$-439,$-161,$0,$-954
20,2013-09-30,36.03,$32.35,1.11,$31.24,1.15,$2.20,16.41,$2.38,15.14,$4.32B,$5.69B,0.76,$16.20B,$15.76B,1.03,$15.20B,$9.70B,63.82%,$15.20B,$2.43B,15.96%,$15.20B,$2.43B,15.96%,$15.20B,$4.30B,28.31%,$15.20B,$1.61B,10.61%,$15.20B,$1.16B,7.60%,$1.16B,$15.76B,7.46%,$1.16B,$15.67B,7.50%,$1.16B,$54.96B,2.11%,$2.43B,$31.97B,7.74%,$4176,$1541,$2635,$0,$1169,$3301,$875,$-195,$680,$257,$423,$434,$433,$1360,$875,$487,487,$0.89,$0.89,$435,$1440,$324,$4317,$39870,$0,$91,$2394,$50646,$54963,$5692,$16202,$5558,$33508,$39200,$3299,$6664,$-306,$15763,$54963,$1137,$1411,$910,$2321,$4,$72,$-28,$-188,$-418,$3040,$-2473,$0,$-110,$0,$-58,$-58,$121,$-2520,$-247,$237,$-10,$61,$61,$-709,$6,$-652,$-132,$0,$-709
21,2013-06-30,36.82,$31.92,1.15,$31.24,1.18,$2.53,14.54,$2.49,14.79,$4.62B,$6.52B,0.71,$15.80B,$15.54B,1.02,$15.18B,$9.71B,64.00%,$15.18B,$2.46B,16.23%,$15.18B,$2.46B,16.23%,$15.18B,$4.36B,28.73%,$15.18B,$1.65B,10.85%,$15.18B,$1.21B,7.97%,$1.21B,$15.54B,7.86%,$1.21B,$15.45B,7.91%,$1.21B,$54.98B,2.22%,$2.46B,$31.34B,7.96%,$3582,$1267,$2315,$0,$1171,$3035,$547,$-154,$393,$68,$325,$339,$338,$1019,$547,$486,487,$0.69,$0.69,$415,$1574,$365,$4622,$39425,$0,$91,$2330,$50357,$54979,$6519,$15799,$5500,$32923,$39442,$3296,$6470,$-313,$15537,$54979,$703,$926,$455,$1381,$-53,$-61,$-57,$-183,$-568,$1516,$-1630,$0,$-59,$0,$-38,$-38,$84,$-1643,$-165,$557,$392,$41,$41,$-469,$1,$-35,$-162,$0,$-469
22,2013-03-31,39.6,$31.73,1.25,$31.20,1.27,$3.31,11.98,$2.55,15.53,$4.40B,$6.18B,0.71,$15.90B,$15.42B,1.03,$15.15B,$9.78B,64.55%,$15.15B,$2.66B,17.54%,$15.15B,$2.66B,17.54%,$15.15B,$4.57B,30.19%,$15.15B,$1.80B,11.86%,$15.15B,$1.23B,8.14%,$1.23B,$15.42B,8.09%,$1.23B,$15.33B,8.14%,$1.23B,$54.55B,2.28%,$2.66B,$31.32B,8.66%,$3826,$1402,$2424,$0,$1249,$3071,$755,$-210,$545,$195,$350,$364,$363,$1209,$755,$486,486,$0.75,$0.75,$440,$1520,$327,$4397,$39130,$0,$91,$2406,$50153,$54550,$6175,$15899,$5537,$32954,$39129,$3291,$6370,$-306,$15421,$54550,$364,$454,$157,$611,$-4,$-1,$-3,$-142,$-219,$756,$-845,$0,$-47,$0,$-28,$-28,$148,$-772,$-203,$326,$123,$15,$15,$-230,$8,$-84,$-100,$0,$-230
23,2012-12-31,34.39,$31.37,1.1,$30.82,1.12,$3.61,9.53,$2.60,13.23,$4.59B,$6.82B,0.67,$15.59B,$15.24B,1.02,$14.95B,$9.67B,64.67%,$14.95B,$2.66B,17.77%,$14.95B,$2.66B,17.77%,$14.95B,$4.57B,30.61%,$14.95B,$1.82B,12.19%,$14.95B,$1.26B,8.42%,$1.26B,$15.24B,8.34%,$1.26B,$15.15B,8.39%,$1.26B,$54.37B,2.35%,$2.66B,$30.82B,8.74%,$3613,$1288,$2325,$0,$1360,$3364,$249,$-255,$-6,$-16,$10,$21,$21,$714,$249,$485,485,$0.05,$0.05,$603,$1519,$355,$4589,$38763,$0,$91,$2485,$49778,$54367,$6823,$15586,$5454,$32307,$39130,$3289,$6236,$-337,$15237,$54367,$1262,$1918,$840,$2758,$-16,$-224,$-60,$-90,$-216,$3804,$-3101,$0,$-107,$0,$-59,$-59,$-124,$-3391,$1142,$-669,$473,$83,$83,$-916,$5,$-355,$58,$0,$-916
24,2012-09-30,35.01,$31.54,1.11,$30.51,1.15,$4.70,7.46,$3.19,10.98,$4.65B,$6.80B,0.68,$14.96B,$15.31B,0.98,$14.78B,$9.44B,63.85%,$14.78B,$2.75B,18.61%,$14.78B,$2.75B,18.61%,$14.78B,$4.63B,31.33%,$14.78B,$2.06B,13.96%,$14.78B,$1.55B,10.46%,$1.55B,$15.31B,10.33%,$1.55B,$15.22B,10.40%,$1.55B,$53.84B,2.91%,$2.75B,$30.26B,9.13%,$4156,$1507,$2649,$0,$1254,$3244,$912,$-197,$715,$241,$474,$488,$487,$1418,$912,$485,485,$1.00,$1.00,$721,$1462,$401,$4648,$38133,$0,$90,$2569,$49195,$53843,$6795,$14955,$5348,$31742,$38537,$3286,$6444,$-454,$15306,$53843,$1241,$1453,$777,$2230,$-4,$-169,$-135,$-121,$-559,$2912,$-2184,$0,$-13,$0,$-46,$-46,$-38,$-2281,$643,$-434,$209,$64,$64,$-687,$5,$-409,$222,$0,$-687
25,2012-06-30,31.45,$30.96,1.02,$30.92,1.02,$6.50,4.84,$4.12,7.63,$4.48B,$6.41B,0.7,$15.32B,$15.01B,1.02,$14.95B,$9.45B,63.22%,$14.95B,$2.73B,18.24%,$14.95B,$2.73B,18.24%,$14.95B,$4.58B,30.64%,$14.95B,$2.33B,15.60%,$14.95B,$1.99B,13.29%,$1.99B,$15.01B,13.43%,$1.99B,$14.92B,13.51%,$1.99B,$53.42B,3.79%,$2.73B,$30.33B,9.09%,$3551,$1172,$2379,$0,$1178,$2810,$741,$-198,$543,$190,$353,$363,$362,$1231,$741,$485,485,$0.75,$0.75,$594,$1494,$454,$4483,$37828,$0,$90,$2680,$48938,$53421,$6407,$15319,$5397,$32006,$38413,$3284,$6185,$-475,$15008,$53421,$753,$947,$506,$1453,$93,$-199,$-100,$-195,$-493,$1713,$-1451,$0,$-11,$0,$-29,$-29,$-39,$-1530,$738,$-442,$296,$50,$50,$-458,$5,$-107,$76,$0,$-458
26,2012-03-31,30.04,$30.68,0.98,$31.08,0.97,$7.42,4.05,$4.10,7.33,$4.21B,$6.34B,0.66,$15.34B,$14.86B,1.03,$15.01B,$9.42B,62.73%,$15.01B,$2.70B,18.01%,$15.01B,$2.70B,18.01%,$15.01B,$4.52B,30.08%,$15.01B,$2.31B,15.39%,$15.01B,$1.98B,13.17%,$1.98B,$14.86B,13.61%,$1.98B,$14.77B,13.68%,$1.98B,$52.90B,3.82%,$2.70B,$30.20B,9.07%,$3625,$1313,$2312,$0,$1135,$2871,$754,$-184,$570,$189,$381,$390,$389,$1211,$754,$484,484,$0.80,$0.80,$503,$1418,$438,$4214,$37432,$0,$90,$2714,$48688,$52902,$6342,$15340,$5208,$31703,$38045,$3280,$6050,$-472,$14857,$52902,$390,$457,$291,$748,$207,$-126,$-26,$-287,$-262,$876,$-818,$0,$-11,$0,$-19,$-19,$56,$-792,$775,$-600,$175,$31,$31,$-229,$4,$-19,$65,$0,$-229
27,2011-12-31,31.78,$30.34,1.05,$31.35,1.01,$8.04,3.95,$4.03,7.89,$4.18B,$6.61B,0.63,$15.08B,$14.67B,1.03,$15.12B,$9.50B,62.87%,$15.12B,$2.78B,18.40%,$15.12B,$2.78B,18.40%,$15.12B,$4.57B,30.26%,$15.12B,$2.37B,15.66%,$15.12B,$1.94B,12.84%,$1.94B,$14.67B,13.61%,$1.94B,$14.59B,13.69%,$1.94B,$52.22B,3.79%,$2.78B,$29.75B,9.39%,$3444,$1349,$2095,$0,$1306,$3101,$343,$-108,$235,$32,$203,$211,$308,$769,$343,$482,482,$0.64,$0.64,$515,$1292,$325,$4182,$36971,$0,$76,$2030,$48041,$52223,$6611,$15083,$4862,$30947,$37558,$3274,$5890,$-470,$14665,$52223,$1949,$1792,$-646,$1146,$107,$176,$-44,$261,$693,$3788,$-2565,$0,$-320,$0,$58,$58,$-63,$-2890,$-408,$304,$-104,$92,$28,$-900,$5,$-971,$-73,$0,$-898
28,2011-09-30,28.9,$30.35,0.95,$31.37,0.92,$6.23,4.64,$3.76,7.69,$4.37B,$5.68B,0.77,$15.18B,$14.65B,1.04,$15.11B,$9.62B,63.71%,$15.11B,$2.93B,19.36%,$15.11B,$2.93B,19.36%,$15.11B,$4.72B,31.25%,$15.11B,$2.42B,16.01%,$15.11B,$1.81B,11.98%,$1.81B,$14.65B,12.92%,$1.81B,$14.58B,12.99%,$1.81B,$51.19B,3.57%,$2.93B,$29.84B,9.93%,$4333,$1665,$2668,$0,$1243,$3443,$890,$94,$984,$334,$650,$657,$928,$1371,$890,$482,483,$1.92,$1.92,$786,$1173,$382,$4374,$36417,$0,$76,$1941,$46813,$51187,$5684,$15183,$4803,$30850,$36534,$3271,$5810,$-380,$14653,$51187,$1638,$1366,$-60,$1306,$51,$275,$-66,$222,$394,$3338,$-1743,$0,$-318,$0,$70,$70,$24,$-1967,$-455,$-67,$-522,$70,$70,$-670,$3,$-1119,$252,$0,$-668
29,2011-06-30,28.26,$28.91,0.98,$30.86,0.92,$3.38,8.36,$2.99,9.45,$4.75B,$5.89B,0.81,$15.56B,$13.94B,1.12,$14.84B,$9.58B,64.60%,$14.84B,$3.06B,20.62%,$14.84B,$3.06B,20.62%,$14.84B,$4.84B,32.64%,$14.84B,$2.25B,15.14%,$14.84B,$1.44B,9.68%,$1.44B,$13.94B,10.44%,$1.44B,$13.86B,10.50%,$1.44B,$50.75B,2.85%,$3.06B,$29.50B,10.40%,$3609,$1267,$2342,$0,$1215,$2892,$717,$-196,$521,$174,$347,$353,$352,$1165,$717,$482,482,$0.73,$0.73,$728,$1305,$683,$4754,$36064,$0,$76,$2016,$45998,$50752,$5887,$15564,$4799,$30926,$36813,$3266,$5103,$-362,$13939,$50752,$708,$885,$218,$1103,$53,$146,$-87,$7,$-79,$1732,$-1029,$0,$-307,$0,$67,$67,$-11,$-1280,$-224,$293,$69,$49,$49,$-447,$0,$-329,$123,$0,$-446
30,2011-03-31,26.03,$28.60,0.91,$30.39,0.86,$1.11,23.36,$2.54,10.25,$4.79B,$5.99B,0.8,$15.63B,$13.78B,1.13,$14.59B,$9.48B,64.98%,$14.59B,$2.74B,18.76%,$14.59B,$2.74B,18.76%,$14.59B,$4.52B,30.96%,$14.59B,$1.93B,13.21%,$14.59B,$1.22B,8.36%,$1.22B,$13.78B,8.98%,$1.22B,$13.70B,9.03%,$1.22B,$50.56B,2.43%,$2.74B,$29.41B,9.30%,$3730,$1331,$2399,$0,$1164,$2898,$832,$-205,$627,$278,$349,$355,$353,$1269,$832,$481,481,$0.73,$0.73,$921,$1328,$634,$4789,$35766,$0,$76,$2066,$45771,$50560,$5989,$15631,$4755,$30792,$36781,$3263,$4973,$-373,$13779,$50560,$355,$437,$-4,$433,$181,$121,$-126,$-38,$42,$830,$-473,$0,$-241,$0,$30,$30,$71,$-613,$220,$87,$307,$31,$31,$-224,$0,$114,$331,$0,$-223
31,2010-12-31,26.31,$28.33,0.93,$30.10,0.87,$-0.61,0.0,$2.53,10.4,$5.02B,$6.52B,0.77,$15.50B,$13.62B,1.14,$14.43B,$9.40B,65.14%,$14.43B,$2.66B,18.46%,$14.43B,$2.66B,18.46%,$14.43B,$4.44B,30.80%,$14.43B,$1.85B,12.82%,$14.43B,$1.21B,8.39%,$1.21B,$13.62B,8.99%,$1.21B,$13.55B,9.04%,$1.21B,$50.46B,2.42%,$2.66B,$29.12B,9.03%,$3434,$1219,$2215,$0,$1325,$2948,$486,$-199,$287,$113,$174,$178,$176,$916,$486,$479,480,$0.37,$0.37,$710,$1448,$790,$5016,$35674,$0,$76,$2152,$45439,$50455,$6518,$15502,$4706,$30315,$36833,$3257,$4842,$-381,$13622,$50455,$1218,$1780,$-82,$1698,$-866,$221,$-36,$248,$-254,$2662,$-2313,$0,$-91,$0,$-101,$-101,$-18,$-2523,$-818,$1220,$402,$93,$93,$-827,$-3,$-335,$-196,$0,$-824
32,2010-09-30,26.17,$28.45,0.92,$30.09,0.87,$-1.64,0.0,$2.66,9.84,$5.42B,$6.15B,0.88,$16.00B,$13.66B,1.17,$14.28B,$9.36B,65.56%,$14.28B,$2.66B,18.62%,$14.28B,$2.66B,18.62%,$14.28B,$4.43B,31.01%,$14.28B,$1.84B,12.88%,$14.28B,$1.27B,8.92%,$1.27B,$13.66B,9.54%,$1.27B,$13.58B,9.59%,$1.27B,$49.89B,2.57%,$2.66B,$29.65B,9.03%,$4064,$1436,$2628,$0,$1179,$3039,$1025,$-213,$812,$258,$554,$557,$555,$1493,$1025,$480,480,$1.16,$1.16,$1416,$1409,$625,$5421,$34998,$0,$76,$2276,$44471,$49892,$6148,$15995,$4572,$30088,$36236,$3252,$4887,$-364,$13656,$49892,$1040,$1350,$-354,$996,$-766,$240,$-163,$164,$-334,$1702,$-1485,$0,$-69,$0,$-65,$-65,$44,$-1575,$-327,$1340,$1013,$65,$65,$-604,$-1,$473,$600,$0,$-602
33,2010-06-30,23.06,$27.68,0.83,$29.05,0.79,$-2.23,0.0,$2.43,9.49,$5.79B,$5.78B,1.0,$16.31B,$13.27B,1.23,$13.76B,$9.10B,66.14%,$13.76B,$2.49B,18.11%,$13.76B,$2.49B,18.11%,$13.76B,$4.23B,30.74%,$13.76B,$1.68B,12.19%,$13.76B,$1.16B,8.44%,$1.16B,$13.27B,8.80%,$1.16B,$13.19B,8.85%,$1.16B,$49.94B,2.38%,$2.49B,$29.58B,8.53%,$3360,$1122,$2238,$0,$1439,$2966,$394,$-193,$201,$65,$136,$137,$136,$838,$394,$479,479,$0.28,$0.28,$1136,$1577,$1233,$5793,$34718,$0,$76,$2242,$44144,$49937,$5778,$16305,$4474,$30889,$36667,$3248,$4533,$-372,$13270,$49937,$483,$882,$13,$895,$-802,$71,$-168,$267,$-796,$582,$-969,$0,$-41,$0,$11,$11,$7,$-992,$-229,$1346,$1117,$42,$42,$-400,$-1,$758,$348,$0,$-399
34,2010-03-31,24.09,$27.82,0.87,$28.82,0.84,$-2.40,0.0,$2.82,8.54,$5.52B,$5.52B,1.0,$16.28B,$13.32B,1.22,$13.60B,$9.04B,66.48%,$13.60B,$2.78B,20.43%,$13.60B,$2.78B,20.43%,$13.60B,$4.48B,32.96%,$13.60B,$1.95B,14.30%,$13.60B,$1.34B,9.86%,$1.34B,$13.32B,10.26%,$1.34B,$13.25B,10.32%,$1.34B,$49.63B,2.80%,$2.78B,$29.61B,9.63%,$3569,$1252,$2317,$0,$1151,$2811,$758,$-209,$549,$207,$342,$346,$344,$1196,$758,$478,479,$0.72,$0.72,$1056,$1566,$999,$5516,$34526,$0,$76,$2314,$44109,$49625,$5515,$16281,$4462,$30786,$36301,$3244,$4597,$-364,$13324,$49625,$346,$438,$-136,$302,$-617,$83,$-83,$-75,$-646,$2,$-470,$0,$-38,$0,$28,$28,$50,$-430,$-10,$938,$928,$26,$26,$-198,$0,$756,$328,$0,$-197
35,2009-12-31,24.22,$27.49,0.88,$29.85,0.81,$-2.42,0.0,$2.99,8.1,$4.76B,$5.33B,0.89,$15.76B,$13.14B,1.2,$13.49B,$8.96B,66.41%,$13.49B,$2.77B,20.54%,$13.49B,$2.77B,20.54%,$13.49B,$4.43B,32.85%,$13.49B,$1.94B,14.37%,$13.49B,$1.36B,10.06%,$1.36B,$13.14B,10.87%,$1.36B,$13.06B,10.94%,$1.36B,$48.35B,2.89%,$2.77B,$28.90B,9.84%,$3282,$1107,$2175,$0,$1297,$2801,$481,$-204,$277,$40,$237,$239,$238,$900,$481,$459,459,$0.47,$0.47,$853,$1661,$981,$4756,$34344,$0,$76,$2239,$43592,$48348,$5327,$15757,$5454,$29881,$35208,$3239,$4451,$-374,$13140,$48348,$1365,$1660,$570,$2230,$41,$-475,$8,$-224,$-1120,$2475,$-2618,$0,$-169,$0,$-105,$-105,$-24,$-2916,$1408,$-1850,$-442,$1728,$1728,$-761,$-5,$520,$79,$0,$-758
36,2009-09-30,21.29,$27.37,0.78,$30.72,0.69,$-5.31,0.0,$2.87,7.42,$4.48B,$4.99B,0.9,$15.71B,$13.06B,1.2,$13.44B,$8.80B,65.46%,$13.44B,$2.71B,20.17%,$13.44B,$2.71B,20.17%,$13.44B,$4.32B,32.10%,$13.44B,$1.84B,13.67%,$13.44B,$1.27B,9.45%,$1.27B,$13.06B,10.70%,$1.27B,$12.99B,10.77%,$1.27B,$47.19B,2.75%,$2.71B,$28.78B,9.86%,$3547,$1178,$2369,$0,$1090,$2689,$858,$-208,$650,$208,$442,$446,$443,$1295,$858,$477,477,$0.93,$0.93,$1136,$1567,$504,$4479,$33821,$0,$76,$2319,$42714,$47193,$4987,$15713,$4248,$29142,$34129,$3235,$4407,$-404,$13064,$47193,$1126,$1241,$243,$1484,$68,$-394,$-29,$-181,$-739,$1871,$-1935,$0,$-153,$0,$-49,$-49,$40,$-2097,$1191,$-1624,$-433,$1706,$1706,$-566,$-15,$692,$466,$0,$-564
37,2009-06-30,19.59,$26.77,0.73,$33.66,0.58,$-6.49,0.0,$2.87,6.82,$4.22B,$5.39B,0.78,$15.35B,$12.76B,1.2,$14.09B,$8.75B,62.10%,$14.09B,$2.59B,18.39%,$14.09B,$2.59B,18.39%,$14.09B,$4.17B,29.61%,$14.09B,$1.76B,12.46%,$14.09B,$1.20B,8.53%,$1.20B,$12.76B,10.60%,$1.20B,$12.69B,10.67%,$1.20B,$46.34B,2.67%,$2.59B,$28.11B,9.64%,$3202,$1022,$2180,$0,$1101,$2520,$682,$-213,$469,$148,$321,$322,$316,$1091,$682,$472,472,$0.67,$0.67,$647,$1486,$822,$4224,$33559,$0,$76,$2363,$42114,$46338,$5393,$15350,$4065,$28182,$33575,$3231,$4160,$-401,$12763,$46338,$680,$804,$17,$821,$29,$-313,$18,$-271,$-644,$857,$-1318,$0,$-152,$0,$-32,$-32,$24,$-1478,$661,$-1414,$-753,$1688,$1688,$-365,$-2,$568,$-53,$0,$-364
38,2009-03-31,16.86,$26.87,0.63,$35.69,0.47,$-6.55,0.0,$2.90,5.81,$4.12B,$6.41B,0.64,$15.90B,$10.96B,1.45,$14.43B,$8.70B,60.25%,$14.43B,$2.49B,17.28%,$14.43B,$2.49B,17.28%,$14.43B,$4.06B,28.15%,$14.43B,$1.69B,11.71%,$14.43B,$1.17B,8.09%,$1.17B,$10.96B,10.80%,$1.17B,$10.88B,10.88%,$1.17B,$45.87B,2.64%,$2.49B,$26.86B,9.49%,$3458,$1224,$2234,$0,$1102,$2708,$750,$-208,$542,$179,$363,$363,$360,$1145,$750,$407,407,$0.89,$0.89,$925,$1290,$738,$4118,$33251,$0,$76,$2428,$41747,$45865,$6411,$15904,$3992,$28496,$34907,$2782,$4040,$-446,$10958,$45865,$363,$395,$-13,$382,$102,$-118,$3,$-314,$-428,$317,$-725,$0,$-76,$0,$-21,$-21,$95,$-727,$831,$0,$831,$48,$48,$-170,$0,$709,$299,$0,$-169
39,2008-12-31,21.94,$26.37,0.83,$35.82,0.61,$-5.87,0.0,$3.44,6.38,$3.78B,$6.30B,0.6,$15.54B,$10.71B,1.45,$14.44B,$8.69B,60.15%,$14.44B,$2.79B,19.30%,$14.44B,$2.79B,19.30%,$14.44B,$4.35B,30.09%,$14.44B,$2.02B,13.95%,$14.44B,$1.38B,9.56%,$1.38B,$10.71B,12.91%,$1.38B,$10.63B,13.01%,$1.38B,$45.16B,3.21%,$2.79B,$26.25B,10.77%,$3236,$1219,$2017,$0,$1222,$2815,$421,$-244,$177,$34,$143,$143,$152,$784,$421,$402,404,$0.37,$0.36,$738,$1173,$672,$3775,$32987,$0,$76,$2395,$41380,$45155,$6297,$15536,$5239,$28148,$34445,$2771,$3847,$-452,$10710,$45155,$1388,$1558,$78,$1636,$71,$-183,$-94,$-271,$-443,$2581,$-3870,$0,$-192,$0,$-5,$-5,$40,$-4027,$853,$1316,$2169,$159,$159,$-669,$20,$1679,$233,$0,$-666
40,2008-09-30,24.08,$27.09,0.89,$35.99,0.67,$-6.30,0.0,$3.64,6.61,$3.98B,$5.72B,0.7,$15.33B,$10.92B,1.4,$14.48B,$8.73B,60.26%,$14.48B,$2.79B,19.29%,$14.48B,$2.79B,19.29%,$14.48B,$4.35B,30.03%,$14.48B,$2.13B,14.68%,$14.48B,$1.46B,10.08%,$1.46B,$10.92B,13.86%,$1.46B,$10.84B,13.96%,$1.46B,$43.04B,3.49%,$2.79B,$26.24B,11.00%,$4191,$1874,$2317,$0,$1199,$3454,$737,$-170,$567,$192,$375,$376,$374,$1151,$737,$402,404,$0.93,$0.93,$1008,$1018,$647,$3984,$31789,$0,$76,$2394,$39054,$43038,$5722,$15325,$4082,$26399,$32121,$2760,$3861,$-148,$10917,$43038,$1234,$1195,$152,$1347,$-69,$-49,$77,$-436,$-522,$2059,$-2590,$0,$-99,$0,$-474,$-474,$102,$-3061,$903,$642,$1545,$106,$106,$-502,$13,$1162,$160,$0,$-500
41,2008-06-30,25.89,$26.44,0.98,$35.08,0.74,$-8.48,0.0,$3.73,6.94,$4.01B,$5.63B,0.71,$15.18B,$10.63B,1.43,$14.08B,$8.74B,62.08%,$14.08B,$2.85B,20.27%,$14.08B,$2.85B,20.27%,$14.08B,$4.39B,31.19%,$14.08B,$2.17B,15.42%,$14.08B,$1.49B,10.60%,$1.49B,$10.63B,14.52%,$1.49B,$10.56B,14.63%,$1.49B,$42.70B,3.64%,$2.85B,$25.82B,11.52%,$3546,$1419,$2127,$0,$1173,$2960,$586,$-182,$404,$123,$281,$281,$281,$982,$586,$402,403,$0.70,$0.70,$461,$1049,$1156,$4006,$31004,$0,$76,$2610,$38690,$42696,$5626,$15184,$4324,$26439,$32065,$2754,$3651,$-189,$10631,$42696,$858,$781,$100,$881,$-123,$-82,$188,$-476,$-538,$1201,$-1620,$0,$-99,$0,$31,$31,$43,$-1645,$684,$45,$729,$72,$72,$-334,$17,$484,$40,$0,$-333
42,2008-03-31,26.54,$26.12,1.02,$34.14,0.78,$-9.40,0.0,$3.48,7.63,$3.36B,$5.17B,0.65,$14.71B,$10.49B,1.4,$13.68B,$8.60B,62.87%,$13.68B,$2.82B,20.60%,$13.68B,$2.82B,20.60%,$13.68B,$4.35B,31.78%,$13.68B,$2.13B,15.59%,$13.68B,$1.39B,10.17%,$1.39B,$10.49B,13.86%,$1.39B,$10.41B,13.97%,$1.39B,$41.32B,3.47%,$2.82B,$25.19B,11.74%,$3467,$1243,$2224,$0,$1076,$2424,$1043,$-176,$867,$293,$574,$576,$573,$1428,$1043,$401,402,$1.43,$1.43,$494,$947,$749,$3361,$30371,$0,$76,$2451,$37956,$41317,$5172,$14705,$4175,$25656,$30828,$2750,$3535,$-187,$10489,$41317,$576,$385,$-66,$319,$61,$20,$-7,$-443,$-264,$631,$-760,$0,$-98,$0,$9,$9,$-45,$-894,$604,$-251,$353,$45,$45,$-168,$10,$240,$-23,$0,$-167
43,2007-12-31,29.4,$25.17,1.17,$33.47,0.88,$-10.30,0.0,$2.73,10.77,$3.03B,$5.16B,0.59,$14.20B,$10.08B,1.41,$13.38B,$8.41B,62.88%,$13.38B,$2.32B,17.33%,$13.38B,$2.32B,17.33%,$13.38B,$3.87B,28.93%,$13.38B,$1.66B,12.43%,$13.38B,$1.09B,8.14%,$1.09B,$10.08B,11.12%,$1.09B,$10.00B,11.20%,$1.09B,$40.32B,2.78%,$2.32B,$24.28B,9.99%,$3276,$1219,$2057,$0,$1233,$2849,$427,$-139,$288,$73,$215,$218,$231,$787,$427,$399,400,$0.58,$0.57,$543,$967,$329,$3026,$29870,$0,$76,$2427,$37293,$40319,$5161,$14202,$4215,$25079,$30240,$2743,$3138,$-154,$10079,$40319,$1098,$1552,$-114,$1438,$-113,$16,$-21,$55,$-142,$2394,$-3846,$0,$-74,$0,$127,$127,$-128,$-3921,$1278,$642,$1920,$144,$144,$-639,$-21,$1404,$-123,$0,$-636
44,2007-09-30,28.85,$24.78,1.16,$32.81,0.88,$-8.21,0.0,$2.61,11.05,$3.11B,$4.91B,0.63,$13.87B,$9.91B,1.4,$13.09B,$8.30B,63.44%,$13.09B,$2.26B,17.29%,$13.09B,$2.26B,17.29%,$13.09B,$3.73B,28.51%,$13.09B,$1.64B,12.55%,$13.09B,$1.04B,7.94%,$1.04B,$9.91B,10.79%,$1.04B,$9.83B,10.88%,$1.04B,$39.46B,2.69%,$2.26B,$23.78B,10.01%,$3789,$1457,$2332,$0,$1155,$2991,$798,$-186,$612,$205,$407,$407,$407,$1194,$798,$399,400,$1.02,$1.02,$427,$961,$435,$3111,$29030,$0,$76,$2462,$36345,$39456,$4908,$13866,$4155,$24639,$29547,$2739,$3070,$-228,$9909,$39456,$858,$1192,$10,$1202,$-209,$-13,$-54,$-57,$-430,$1630,$-3029,$0,$-73,$0,$217,$217,$-50,$-2935,$1005,$569,$1574,$116,$116,$-467,$-23,$1200,$-105,$0,$-467
45,2007-06-30,27.97,$22.95,1.22,$32.41,0.86,$-5.00,0.0,$2.26,12.37,$3.26B,$5.80B,0.56,$13.07B,$9.66B,1.35,$12.89B,$8.18B,63.45%,$12.89B,$2.00B,15.51%,$12.89B,$2.00B,15.51%,$12.89B,$3.56B,27.61%,$12.89B,$1.43B,11.07%,$12.89B,$0.90B,6.96%,$0.90B,$9.66B,9.41%,$0.90B,$9.58B,9.48%,$0.90B,$39.19B,2.37%,$2.00B,$22.72B,9.18%,$3146,$1159,$1987,$0,$1069,$2597,$549,$-183,$366,$108,$258,$257,$180,$938,$549,$399,400,$0.45,$0.45,$509,$1038,$570,$3263,$28467,$0,$76,$2472,$35930,$39193,$5804,$13067,$4191,$23733,$29537,$2734,$2819,$-202,$9656,$39193,$451,$796,$26,$822,$-81,$-90,$-58,$-191,$-304,$969,$-1749,$0,$-457,$0,$208,$208,$-129,$-2127,$874,$420,$1294,$90,$90,$-311,$-44,$1029,$-129,$0,$-311
46,2007-03-31,30.03,$23.96,1.25,$31.97,0.94,$-3.98,0.0,$2.39,12.57,$3.16B,$5.31B,0.6,$12.53B,$9.54B,1.31,$12.68B,$8.01B,63.12%,$12.68B,$1.82B,14.37%,$12.68B,$1.82B,14.37%,$12.68B,$3.37B,26.57%,$12.68B,$1.31B,10.31%,$12.68B,$0.89B,7.03%,$0.89B,$9.54B,9.41%,$0.89B,$9.46B,9.49%,$0.89B,$37.94B,2.40%,$1.82B,$22.07B,8.51%,$3169,$1132,$2037,$0,$1124,$2624,$545,$-148,$397,$130,$267,$271,$271,$952,$545,$397,399,$0.68,$0.68,$456,$942,$676,$3163,$27303,$0,$76,$3430,$34773,$37936,$5308,$12525,$4013,$23088,$28396,$2728,$2795,$-253,$9540,$37936,$271,$407,$-148,$259,$-29,$-3,$-31,$-173,$-179,$351,$-839,$0,$0,$0,$236,$236,$-25,$-628,$198,$157,$355,$54,$54,$-155,$-19,$235,$-42,$0,$-155
47,2006-12-31,26.01,$23.73,1.1,$31.88,0.82,$-2.94,0.0,$2.68,9.7,$3.59B,$5.46B,0.66,$12.43B,$9.41B,1.32,$12.62B,$7.95B,62.98%,$12.62B,$1.97B,15.58%,$12.62B,$1.97B,15.58%,$12.62B,$3.47B,27.48%,$12.62B,$1.48B,11.70%,$12.62B,$1.00B,7.94%,$1.00B,$9.41B,10.62%,$1.00B,$9.34B,10.70%,$1.00B,$37.99B,2.74%,$1.97B,$21.84B,9.35%,$2984,$1037,$1947,$0,$1194,$2613,$371,$-104,$267,$91,$176,$177,$181,$647,$371,$394,396,$0.46,$0.46,$726,$913,$800,$3588,$26781,$0,$76,$2580,$34399,$37987,$5456,$12429,$4193,$23119,$28575,$2718,$2696,$-223,$9412,$37987,$1002,$1503,$-2,$1501,$177,$-187,$56,$51,$229,$2732,$-3342,$0,$-89,$0,$-279,$-279,$-33,$-3743,$1350,$7,$1357,$99,$99,$-594,$49,$911,$-100,$0,$-591
