,Date,Stock Price,Book Value per Share,Price to Book Ratio,TTM Sales per Share,Price to Sales Ratio,TTM FCF per Share,Price to FCF Ratio,TTM Net EPS,PE Ratio,Current Assets,Current Liabilities,Current Ratio,Long Term Debt,Shareholder's Equity_x,Debt to Equity Ratio,TTM Revenue_x,TTM Gross Profit,Gross Margin,TTM Revenue_y,TTM Operating Income,Operating Margin,TTM Revenue_x,TTM EBIT,EBIT Margin,TTM Revenue_y,TTM EBITDA,EBITDA Margin,TTM Revenue_x,TTM Pre-Tax Income,Pre-Tax Margin,TTM Revenue_y,TTM Net Income_x,Net Margin,TTM Net Income_y,Shareholder's Equity_y,Return on Equity,TTM Net Income_x,Tangible Equity,Return on Tangible Equity,TTM Net Income_y,Total Assets,Return on Assets,TTM Net Income,LT Investments & Debt,Return on Investment,revenue,cost-goods-sold,gross-profit,research-development-expenses,selling-general-administrative-expenses,operating-expenses,operating-income,total-non-operating-income-expense,pre-tax-income,total-provision-income-taxes,income-after-taxes,income-from-continuous-operations,net-income,ebitda,ebit,basic-shares-outstanding,shares-outstanding,eps-basic-net-earnings-per-share,eps-earnings-per-share-diluted,cash-on-hand,inventory,other-current-assets,total-current-assets,net-property-plant-equipment,long-term-investments,goodwill-intangible-assets-total,other-long-term-assets,total-long-term-assets,total-assets,total-current-liabilities,long-term-debt,other-non-current-liabilities,total-long-term-liabilities,total-liabilities,common-stock-net,retained-earnings-accumulated-deficit,comprehensive-income,total-share-holder-equity,total-liabilities-share-holders-equity,net-income-loss,total-depreciation-amortization-cash-flow,other-non-cash-items,total-non-cash-items,change-in-accounts-receivable,change-in-inventories,change-in-accounts-payable,change-in-assets-liabilities,total-change-in-assets-liabilities,cash-flow-from-operating-activities,net-change-in-property-plant-equipment,net-change-in-intangible-assets,net-acquisitions-divestitures,net-change-in-short-term-investments,net-change-in-long-term-investments,net-change-in-investments-total,investing-activities-other,cash-flow-from-investing-activities,net-long-term-debt,net-current-debt,debt-issuance-retirement-net-total,net-common-equity-issued-repurchased,net-total-equity-issued-repurchased,total-common-preferred-stock-dividends-paid,financial-activities-other,cash-flow-from-financial-activities,net-cash-flow,stock-based-compensation,common-stock-dividends-paid
0,2018-09-30,57.52,$60.72,0.95,$31.38,1.83,$26.01,2.21,$6.88,8.36,$1.52B,$4.05B,0.38,$28.39B,$8.92B,3.18,$4.84B,$4.84B,100.00%,$4.84B,$1.21B,24.98%,$4.84B,$2.33B,48.16%,$4.84B,$3.93B,81.19%,$4.84B,$1.21B,24.98%,$4.84B,$1.05B,21.64%,$1.05B,$8.92B,12.00%,$1.05B,$7.40B,14.87%,$1.05B,$42.15B,2.48%,$1.21B,$37.31B,3.24%,$1167,$0,$1167,$0,$63,$866,$301,$0,$301,$39,$262,$264,$263,$988,$593,$146,147,$1.81,$1.79,$1409,$0,$0,$1523,$33187,$1023,$1529,$4743,$40626,$42150,$4049,$28387,$0,$29177,$33226,$2,$6360,$52,$8924,$42150,$784,$1197,$132,$1330,$-47,$0,$0,$-11,$-52,$2062,$-862,$0,$0,$0,$0,$0,$-1453,$-2315,$88,$0,$88,$-597,$-597,$0,$144,$-365,$-615,$0,$0
1,2018-06-30,54.15,$58.77,0.92,$31.20,1.74,$26.05,2.08,$6.71,8.07,$1.96B,$4.00B,0.49,$28.55B,$8.72B,3.27,$4.95B,$4.95B,100.00%,$4.95B,$1.21B,24.38%,$4.95B,$2.32B,46.82%,$4.95B,$3.93B,79.36%,$4.95B,$1.21B,24.38%,$4.95B,$1.05B,21.23%,$1.05B,$8.72B,12.15%,$1.05B,$7.11B,15.36%,$1.05B,$42.02B,2.51%,$1.21B,$37.27B,3.27%,$1195,$0,$1195,$0,$85,$905,$289,$0,$289,$38,$252,$254,$254,$971,$574,$145,149,$1.75,$1.70,$1858,$0,$0,$1959,$249,$1049,$1617,$36998,$40060,$42019,$4000,$28546,$0,$29296,$33296,$2,$43,$6096,$8724,$42019,$520,$802,$58,$860,$-29,$0,$0,$24,$-35,$1345,$-399,$0,$0,$0,$0,$0,$-843,$-1242,$201,$0,$201,$-509,$-509,$0,$36,$-272,$-166,$0,$0
2,2018-03-31,50.72,$58.77,0.86,$30.67,1.65,$25.98,1.95,$6.68,7.59,$2.54B,$4.24B,0.6,$28.89B,$8.65B,3.34,$5.02B,$5.02B,100.00%,$5.02B,$1.24B,24.72%,$5.02B,$2.34B,46.65%,$5.02B,$3.96B,78.88%,$5.02B,$1.24B,24.72%,$5.02B,$1.08B,21.51%,$1.08B,$8.65B,12.53%,$1.08B,$6.91B,16.22%,$1.08B,$42.49B,2.59%,$1.24B,$37.54B,3.39%,$1219,$0,$1219,$0,$86,$918,$302,$0,$302,$39,$262,$266,$265,$981,$576,$147,154,$1.80,$1.72,$2452,$0,$0,$2541,$32157,$1031,$1735,$4881,$39952,$42494,$4243,$28890,$0,$29603,$33845,$2,$5847,$36,$8648,$42494,$266,$405,$40,$445,$-16,$0,$0,$1,$27,$738,$150,$0,$0,$0,$0,$0,$-673,$-523,$510,$0,$510,$-313,$-313,$0,$16,$213,$428,$0,$0
3,2017-12-31,52.61,$56.47,0.93,$29.80,1.77,$23.62,2.23,$6.44,8.17,$2.10B,$4.31B,0.49,$28.42B,$8.64B,3.29,$5.04B,$5.04B,100.00%,$5.04B,$1.24B,24.53%,$5.04B,$2.35B,46.63%,$5.04B,$3.96B,78.60%,$5.04B,$1.24B,24.53%,$5.04B,$1.08B,21.36%,$1.08B,$8.64B,12.51%,$1.08B,$6.78B,16.63%,$1.08B,$42.04B,2.60%,$1.24B,$37.06B,3.41%,$1263,$0,$1263,$0,$96,$945,$318,$0,$318,$50,$268,$270,$266,$993,$590,$161,167,$1.73,$1.66,$2024,$0,$0,$2098,$32397,$996,$1857,$4541,$39942,$42040,$4307,$28421,$0,$29095,$33401,$2,$5580,$14,$8639,$42040,$1080,$1612,$384,$1995,$-11,$0,$0,$55,$65,$3140,$-2177,$0,$0,$0,$0,$0,$-1250,$-3427,$901,$0,$901,$-1139,$-1139,$0,$150,$-88,$-376,$0,$0
4,2017-09-30,51.11,$54.44,0.94,$29.46,1.73,$32.91,1.55,$6.78,7.54,$1.86B,$4.43B,0.42,$27.29B,$8.60B,3.17,$5.14B,$5.14B,100.00%,$5.14B,$1.34B,26.07%,$5.14B,$2.43B,47.32%,$5.14B,$4.02B,78.23%,$5.14B,$1.34B,26.07%,$5.14B,$1.18B,22.84%,$1.18B,$8.60B,13.69%,$1.18B,$6.57B,18.71%,$1.18B,$41.01B,2.85%,$1.34B,$35.89B,3.72%,$1274,$0,$1274,$0,$84,$976,$298,$0,$298,$34,$264,$266,$266,$984,$578,$158,164,$1.68,$1.62,$1786,$0,$0,$1862,$31578,$987,$2037,$4328,$39144,$41007,$4431,$27288,$0,$27974,$32404,$2,$5313,$-0,$8603,$41007,$810,$1208,$328,$1536,$-3,$0,$0,$76,$69,$2416,$-1068,$0,$0,$0,$0,$0,$-910,$-1978,$-277,$0,$-277,$-864,$-864,$0,$124,$-1016,$-578,$0,$0
5,2017-06-30,46.43,$52.49,0.88,$28.33,1.64,$37.99,1.22,$6.38,7.28,$1.99B,$4.61B,0.43,$27.18B,$8.58B,3.17,$5.10B,$5.10B,100.00%,$5.10B,$1.30B,25.55%,$5.10B,$2.39B,46.88%,$5.10B,$3.95B,77.53%,$5.10B,$1.30B,25.55%,$5.10B,$1.14B,22.27%,$1.14B,$8.58B,13.29%,$1.14B,$6.37B,18.80%,$1.14B,$41.02B,2.74%,$1.30B,$35.76B,3.60%,$1264,$0,$1264,$0,$85,$941,$323,$0,$323,$42,$281,$283,$283,$1002,$598,$163,169,$1.73,$1.67,$1910,$0,$0,$1992,$30960,$832,$2206,$4814,$39027,$41019,$4605,$27181,$0,$27837,$32442,$2,$5047,$-3,$8577,$41019,$544,$803,$229,$1032,$-15,$0,$0,$38,$23,$1599,$-539,$0,$0,$0,$0,$0,$-568,$-1107,$-427,$0,$-427,$-597,$-597,$0,$78,$-946,$-454,$0,$0
6,2017-03-31,45.97,$50.50,0.91,$27.37,1.68,$38.72,1.19,$5.93,7.75,$2.36B,$4.73B,0.5,$27.52B,$8.58B,3.21,$5.07B,$5.07B,100.00%,$5.07B,$1.24B,24.51%,$5.07B,$2.34B,46.07%,$5.07B,$3.87B,76.40%,$5.07B,$1.24B,24.51%,$5.07B,$1.09B,21.40%,$1.09B,$8.58B,12.76%,$1.09B,$6.16B,18.77%,$1.09B,$41.44B,2.59%,$1.24B,$36.10B,3.40%,$1237,$0,$1237,$0,$83,$940,$297,$0,$297,$39,$258,$261,$261,$981,$583,$170,176,$1.54,$1.48,$2295,$0,$0,$2355,$31561,$762,$2416,$4133,$39088,$41443,$4730,$27521,$0,$28136,$32866,$2,$4767,$-0,$8577,$41443,$261,$398,$102,$500,$3,$0,$0,$1,$41,$802,$-203,$0,$0,$0,$0,$0,$-246,$-449,$-128,$0,$-128,$-297,$-297,$0,$3,$-423,$-70,$0,$0
7,2016-12-31,41.61,$48.69,0.85,$27.00,1.54,$38.77,1.07,$5.58,7.46,$2.43B,$4.74B,0.51,$27.72B,$8.58B,3.23,$5.15B,$5.15B,100.00%,$5.15B,$1.20B,23.31%,$5.15B,$2.29B,44.51%,$5.15B,$3.82B,74.20%,$5.15B,$1.20B,23.31%,$5.15B,$1.05B,20.32%,$1.05B,$8.58B,12.36%,$1.05B,$6.02B,18.94%,$1.05B,$41.62B,2.46%,$1.20B,$36.30B,3.23%,$1369,$0,$1369,$0,$97,$946,$423,$0,$423,$61,$362,$365,$365,$1057,$675,$186,190,$2.02,$1.95,$2365,$0,$0,$2430,$31502,$756,$2565,$4153,$39191,$41620,$4742,$27717,$0,$28296,$33038,$2,$4509,$-2,$8582,$41620,$1040,$1531,$546,$2077,$40,$0,$0,$257,$265,$3381,$-526,$0,$0,$0,$0,$0,$-805,$-1331,$-1572,$0,$-1572,$-1021,$-1021,$0,$176,$-2417,$-368,$0,$0
8,2016-09-30,38.49,$46.37,0.83,$26.50,1.45,$34.54,1.11,$4.90,7.86,$2.72B,$4.90B,0.56,$28.00B,$8.43B,3.32,$5.12B,$5.21B,101.82%,$5.12B,$1.36B,26.58%,$5.12B,$2.20B,42.98%,$5.12B,$3.74B,73.09%,$5.12B,$1.09B,21.25%,$5.12B,$0.95B,18.47%,$0.95B,$8.43B,11.22%,$0.95B,$5.59B,18.09%,$0.95B,$41.80B,2.20%,$1.36B,$36.43B,3.62%,$1226,$0,$1226,$0,$81,$967,$259,$0,$259,$43,$216,$220,$226,$911,$533,$182,185,$1.24,$1.22,$2653,$0,$0,$2723,$30877,$754,$2833,$4450,$39075,$41798,$4899,$27998,$0,$28472,$33371,$2,$4147,$-9,$8427,$41798,$674,$1149,$457,$1606,$74,$0,$0,$152,$165,$2446,$15,$0,$0,$0,$0,$0,$-571,$-557,$-1398,$0,$-1398,$-779,$-779,$0,$112,$-2065,$-175,$0,$0
9,2016-06-30,33.59,$44.79,0.75,$26.53,1.27,$28.60,1.17,$5.16,6.51,$3.08B,$4.94B,0.62,$29.14B,$8.42B,3.46,$5.22B,$5.31B,101.78%,$5.22B,$1.45B,27.75%,$5.22B,$2.30B,44.00%,$5.22B,$3.83B,73.36%,$5.22B,$1.18B,22.52%,$5.22B,$1.01B,19.43%,$1.01B,$8.42B,12.13%,$1.01B,$5.34B,20.74%,$1.01B,$42.92B,2.34%,$1.45B,$37.55B,3.83%,$1239,$0,$1239,$0,$86,$976,$264,$0,$264,$36,$228,$231,$233,$925,$545,$189,191,$1.24,$1.22,$3007,$0,$0,$3081,$30912,$661,$3071,$5036,$39842,$42923,$4937,$29139,$0,$29571,$34508,$2,$3924,$-11,$8415,$42923,$454,$771,$333,$1104,$40,$0,$0,$109,$57,$1615,$-284,$0,$0,$0,$0,$0,$-359,$-643,$-305,$0,$-305,$-544,$-544,$0,$58,$-791,$181,$0,$0
10,2016-03-31,38.76,$0.00,0.0,$26.34,1.47,$23.63,1.64,$5.40,7.18,$3.40B,$4.17B,0.82,$29.81B,$8.46B,3.52,$5.32B,$5.41B,101.75%,$5.32B,$1.54B,28.93%,$5.32B,$2.36B,44.39%,$5.32B,$3.77B,70.87%,$5.32B,$1.27B,23.79%,$5.32B,$1.09B,20.50%,$1.09B,$8.46B,13.28%,$1.09B,$5.16B,20.26%,$1.09B,$43.72B,2.50%,$1.54B,$38.27B,4.04%,$1318,$0,$1318,$0,$87,$1063,$255,$0,$255,$34,$221,$223,$223,$930,$540,$196,198,$1.14,$1.13,$3327,$0,$0,$3404,$0,$635,$3304,$4225,$8325,$43718,$4172,$29813,$876,$31086,$35258,$2,$3691,$0,$8459,$43718,$223,$390,$195,$586,$31,$0,$0,$46,$30,$839,$-156,$0,$0,$0,$0,$0,$-159,$-315,$259,$0,$259,$-247,$-247,$0,$-11,$1,$526,$0,$0
11,2015-12-31,43.16,$42.06,1.03,$25.69,1.68,$18.81,2.29,$5.72,7.55,$2.93B,$5.32B,0.55,$29.64B,$8.43B,3.52,$5.29B,$5.29B,100.00%,$5.29B,$1.93B,36.50%,$5.29B,$2.47B,46.65%,$5.29B,$3.94B,74.43%,$5.29B,$1.37B,25.80%,$5.29B,$1.18B,22.26%,$1.18B,$8.43B,14.43%,$1.18B,$4.83B,19.54%,$1.18B,$43.75B,2.69%,$1.93B,$38.07B,5.06%,$1338,$-93,$1431,$0,$376,$755,$583,$-270,$310,$49,$261,$264,$264,$977,$583,$197,199,$1.34,$1.33,$2823,$0,$0,$2929,$32219,$469,$3600,$4370,$40820,$43750,$5316,$29642,$0,$30007,$35324,$2,$3472,$-6,$8426,$43750,$1177,$1469,$544,$1469,$48,$0,$0,$88,$170,$3360,$-1204,$0,$0,$0,$0,$0,$-512,$-1716,$-130,$0,$-130,$-794,$-794,$0,$196,$-728,$913,$0,$0
12,2015-09-30,38.24,$0.00,0.0,$25.21,1.52,$9.03,4.24,$5.78,6.62,$1.87B,$4.46B,0.42,$29.32B,$8.14B,3.6,$5.29B,$5.26B,99.45%,$5.29B,$1.98B,37.45%,$5.29B,$2.52B,47.60%,$5.29B,$4.06B,76.65%,$5.29B,$1.36B,25.67%,$5.29B,$1.21B,22.91%,$1.21B,$8.14B,15.07%,$1.21B,$4.23B,21.26%,$1.21B,$43.20B,2.77%,$1.98B,$37.46B,5.18%,$1323,$0,$1323,$0,$91,$977,$346,$0,$346,$47,$299,$294,$294,$996,$628,$197,199,$1.49,$1.48,$1686,$0,$0,$1865,$0,$436,$3906,$4599,$9090,$43202,$4456,$29321,$906,$30610,$35066,$3,$3220,$0,$8136,$43202,$912,$1075,$479,$1554,$-20,$0,$0,$5,$-60,$2406,$-943,$0,$0,$0,$0,$0,$-317,$-1260,$-716,$0,$-716,$-792,$-792,$0,$176,$-1333,$-189,$0,$0
13,2015-06-30,45.79,$0.00,0.0,$24.40,1.88,$4.54,10.08,$5.89,7.77,$2.10B,$4.35B,0.48,$30.68B,$7.82B,3.92,$5.22B,$5.16B,98.89%,$5.22B,$2.31B,44.19%,$5.22B,$2.56B,49.08%,$5.22B,$4.19B,80.20%,$5.22B,$1.40B,26.83%,$5.22B,$1.26B,24.13%,$1.26B,$7.82B,15.90%,$1.26B,$7.31B,23.38%,$1.26B,$44.06B,2.86%,$2.31B,$38.51B,6.00%,$1338,$0,$1338,$0,$91,$983,$354,$0,$354,$48,$307,$309,$309,$865,$609,$209,211,$1.48,$1.46,$1948,$0,$0,$2100,$0,$426,$511,$8118,$9205,$44056,$4351,$30682,$864,$31883,$36234,$3,$2931,$0,$7822,$44056,$618,$707,$291,$998,$8,$0,$0,$32,$-6,$1610,$-1184,$0,$0,$0,$0,$0,$-114,$-1298,$530,$0,$530,$-781,$-781,$0,$19,$-232,$78,$0,$0
14,2015-03-31,43.65,$0.00,0.0,$22.92,1.9,$1.62,26.89,$5.26,8.3,$2.08B,$4.42B,0.47,$30.26B,$8.27B,3.66,$4.69B,$4.61B,98.27%,$4.69B,$2.30B,48.99%,$4.69B,$2.30B,48.99%,$4.69B,$3.92B,83.59%,$4.69B,$1.22B,25.97%,$4.69B,$1.09B,23.21%,$1.09B,$8.27B,13.98%,$1.09B,$7.75B,25.92%,$1.09B,$44.08B,2.48%,$2.30B,$38.53B,5.97%,$1292,$93,$1199,$0,$99,$644,$648,$-292,$355,$46,$309,$311,$311,$1100,$648,$212,215,$1.47,$1.45,$1928,$0,$0,$2079,$0,$414,$520,$8294,$9378,$44084,$4415,$30257,$854,$31400,$35815,$3,$2622,$0,$8269,$44084,$309,$452,$0,$452,$0,$0,$0,$0,$0,$750,$-1044,$0,$0,$0,$0,$0,$414,$-631,$0,$-5,$18,$0,$0,$0,$-27,$-13,$104,$0,$0
15,2014-12-31,38.82,$37.41,1.04,$19.19,2.02,$3.73,10.41,$4.28,9.07,$2.37B,$5.24B,0.45,$30.40B,$7.94B,3.83,$3.66B,$3.66B,99.97%,$3.66B,$1.77B,48.25%,$3.66B,$1.77B,48.25%,$3.66B,$3.05B,83.25%,$3.66B,$0.92B,25.05%,$3.66B,$0.83B,22.73%,$0.83B,$7.94B,13.13%,$0.83B,$3.51B,28.90%,$0.83B,$43.87B,2.36%,$1.77B,$38.35B,5.69%,$1337,$-64,$1401,$0,$307,$704,$633,$-262,$303,$32,$271,$298,$298,$1094,$633,$212,215,$1.41,$1.39,$2208,$0,$0,$2368,$34576,$347,$4428,$4576,$44114,$43867,$5239,$30402,$848,$31551,$35925,$3,$2310,$-7,$7943,$43891,$808,$1282,$313,$1282,$103,$0,$0,$13,$13,$2325,$-2102,$0,$0,$0,$0,$0,$257,$-1846,$585,$5412,$-4827,$0,$0,$0,$135,$719,$1195,$0,$0
16,2014-09-30,40.9,$0.00,0.0,$15.36,2.66,$-1.33,0.0,$3.46,11.82,$2.58B,$4.38B,0.59,$30.83B,$7.65B,4.03,$2.60B,$2.57B,98.69%,$2.60B,$1.25B,47.90%,$2.60B,$1.25B,47.90%,$2.60B,$2.38B,91.31%,$2.60B,$0.68B,26.22%,$2.60B,$0.60B,23.07%,$0.60B,$7.65B,12.10%,$0.60B,$2.97B,23.03%,$0.60B,$43.87B,2.25%,$1.25B,$38.47B,5.28%,$1251,$29,$1222,$0,$96,$580,$671,$-283,$388,$67,$321,$341,$341,$1126,$671,$212,214,$1.61,$1.59,$2418,$17,$0,$2575,$0,$260,$4676,$4330,$9438,$43865,$4383,$30828,$822,$31838,$36221,$3,$2034,$0,$7645,$43865,$533,$821,$0,$821,$0,$0,$0,$0,$137,$1498,$-886,$0,$-461,$0,$0,$0,$365,$-982,$0,$0,$891,$0,$0,$0,$45,$935,$1449,$0,$0
17,2014-06-30,45.8,$0.00,0.0,$11.96,3.83,$-8.35,0.0,$2.60,17.62,$2.74B,$4.38B,0.63,$31.34B,$7.27B,4.31,$1.63B,$1.62B,99.39%,$1.63B,$0.74B,45.30%,$1.63B,$0.74B,45.30%,$1.63B,$1.26B,77.29%,$1.63B,$0.38B,23.57%,$1.63B,$0.34B,21.06%,$0.34B,$7.27B,9.43%,$0.34B,$2.56B,14.00%,$0.34B,$43.94B,1.90%,$0.74B,$38.61B,4.57%,$807,$23,$784,$0,$164,$463,$344,$-173,$171,$33,$137,$138,$138,$598,$344,$164,167,$0.84,$0.83,$2530,$26,$0,$2735,$0,$255,$4719,$4345,$9575,$43938,$4376,$31341,$823,$32289,$36665,$3,$1690,$0,$7274,$43938,$191,$366,$0,$366,$0,$0,$0,$0,$0,$613,$-764,$0,$0,$0,$0,$0,$354,$-410,$0,$0,$-1723,$0,$0,$0,$2955,$1232,$1436,$0,$0
18,2014-03-31,42.19,$0.00,0.0,$9.30,4.54,$-11.74,0.0,$2.44,17.29,$0.67B,$0.61B,1.11,$6.20B,$2.49B,2.5,$1.07B,$1.07B,100.28%,$1.07B,$0.52B,48.92%,$1.07B,$0.52B,48.92%,$1.07B,$0.88B,82.69%,$1.07B,$0.30B,27.60%,$1.07B,$0.28B,26.29%,$0.28B,$2.49B,11.77%,$0.28B,$2.48B,11.82%,$0.28B,$9.50B,3.02%,$0.52B,$8.69B,6.11%,$265,$13,$252,$0,$45,$147,$118,$-63,$55,$5,$50,$55,$55,$229,$118,$114,116,$0.48,$0.47,$587,$0,$0,$672,$0,$176,$8,$436,$746,$9499,$606,$6204,$89,$6408,$7013,$1,$1555,$0,$2486,$9499,$54,$112,$0,$112,$0,$0,$0,$0,$-4,$159,$-73,$0,$0,$0,$0,$0,$-21,$-94,$0,$0,$-30,$0,$0,$0,$-10,$-40,$25,$0,$0
19,2013-12-31,38.35,$0.00,0.0,$9.19,4.17,$-13.41,0.0,$2.56,14.98,$0.64B,$0.57B,1.13,$6.24B,$2.43B,2.57,$1.05B,$1.05B,100.00%,$1.05B,$0.54B,51.14%,$1.05B,$0.54B,51.14%,$1.05B,$0.88B,83.33%,$1.05B,$0.31B,29.62%,$1.05B,$0.29B,27.90%,$0.29B,$2.43B,12.66%,$0.29B,$2.42B,12.73%,$0.29B,$9.45B,3.22%,$0.54B,$8.67B,6.40%,$278,$-31,$309,$0,$108,$165,$113,$-45,$68,$5,$62,$66,$66,$422,$113,$114,115,$0.58,$0.57,$563,$0,$0,$644,$0,$177,$9,$408,$716,$9446,$571,$6237,$100,$6446,$7017,$1,$1500,$0,$2429,$9446,$295,$338,$-10,$338,$3,$0,$0,$-33,$-2,$655,$-1118,$0,$0,$0,$-13,$0,$-215,$-1333,$411,$0,$446,$0,$0,$0,$7,$453,$-225,$0,$0
20,2013-09-30,19.46,$0.00,0.0,$8.39,2.32,$-6.16,0.0,$2.08,9.36,$0.68B,$0.55B,1.23,$6.23B,$2.36B,2.64,$0.96B,$0.92B,95.33%,$0.96B,$0.50B,51.56%,$0.96B,$0.50B,51.56%,$0.96B,$0.31B,31.64%,$0.96B,$0.25B,25.83%,$0.96B,$0.24B,24.69%,$0.24B,$2.36B,10.63%,$0.24B,$2.35B,10.70%,$0.24B,$9.29B,2.68%,$0.50B,$8.59B,6.06%,$279,$6,$274,$0,$23,$116,$163,$-73,$90,$8,$82,$84,$84,$10,$163,$114,115,$0.74,$0.73,$593,$0,$0,$678,$0,$175,$12,$343,$595,$9287,$551,$6232,$96,$6374,$6925,$1,$1434,$0,$2362,$9287,$230,$29,$0,$29,$0,$0,$0,$0,$-4,$494,$-973,$0,$0,$0,$0,$0,$-165,$-1138,$0,$0,$424,$0,$0,$0,$18,$442,$-202,$0,$0
21,2013-06-30,17.46,$0.00,0.0,$8.06,2.17,$-0.96,0.0,$1.80,9.7,$0.52B,$0.54B,0.97,$6.02B,$2.27B,2.65,$0.96B,$0.89B,93.19%,$0.96B,$0.46B,48.48%,$0.96B,$0.46B,48.48%,$0.96B,$0.48B,50.58%,$0.96B,$0.21B,22.41%,$0.96B,$0.21B,22.20%,$0.21B,$2.27B,9.63%,$0.21B,$2.26B,9.70%,$0.21B,$8.97B,2.40%,$0.46B,$8.30B,5.69%,$247,$10,$237,$0,$24,$118,$129,$-47,$82,$7,$75,$76,$76,$223,$129,$113,113,$0.67,$0.67,$435,$0,$0,$524,$0,$141,$13,$324,$552,$8973,$540,$6024,$91,$6158,$6698,$1,$1351,$0,$2274,$8973,$144,$182,$0,$182,$0,$0,$0,$0,$-8,$296,$-783,$0,$0,$0,$0,$0,$-99,$-882,$0,$0,$218,$0,$0,$0,$5,$222,$-363,$0,$0
22,2013-03-31,15.45,$0.00,0.0,$7.70,2.01,$3.76,4.11,$1.34,11.53,$0.75B,$0.52B,1.43,$5.79B,$2.19B,2.64,$0.96B,$0.89B,92.40%,$0.96B,$0.45B,47.24%,$0.96B,$0.45B,47.24%,$0.96B,$0.51B,52.65%,$0.96B,$0.16B,16.44%,$0.96B,$0.17B,17.27%,$0.17B,$2.19B,7.50%,$0.17B,$2.18B,7.57%,$0.17B,$8.65B,1.86%,$0.45B,$7.99B,5.54%,$246,$15,$230,$0,$20,$114,$132,$-61,$71,$6,$65,$67,$67,$220,$132,$113,113,$0.59,$0.59,$664,$0,$0,$750,$0,$116,$15,$232,$444,$8649,$524,$5794,$97,$5932,$6455,$1,$1275,$0,$2194,$8649,$68,$88,$0,$88,$0,$0,$0,$0,$1,$149,$-256,$0,$0,$0,$0,$0,$-30,$-285,$0,$0,$-14,$0,$0,$0,$6,$-8,$-145,$0,$0
23,2012-12-31,13.72,$0.00,0.0,$7.38,1.86,$4.74,2.89,$1.21,11.34,$0.89B,$0.52B,1.72,$5.80B,$2.12B,2.73,$0.97B,$0.90B,91.98%,$0.97B,$0.45B,46.66%,$0.97B,$0.45B,46.66%,$0.97B,$0.52B,53.13%,$0.97B,$0.16B,15.93%,$0.97B,$0.16B,16.86%,$0.16B,$2.12B,7.29%,$0.16B,$2.11B,7.36%,$0.16B,$8.58B,1.81%,$0.45B,$7.93B,5.45%,$192,$14,$178,$0,$23,$119,$73,$-67,$6,$-0,$6,$11,$11,$-148,$73,$119,119,$0.09,$0.09,$800,$0,$0,$885,$0,$115,$18,$221,$434,$8581,$515,$5803,$101,$5944,$6459,$1,$1208,$0,$2123,$8581,$158,$63,$0,$63,$0,$0,$0,$0,$-10,$643,$-257,$0,$0,$0,$0,$0,$-100,$-357,$0,$0,$102,$0,$-320,$0,$43,$-175,$109,$0,$0
24,2012-09-30,12.5,$0.00,0.0,$7.73,1.62,$1.16,10.75,$1.66,7.53,$0.65B,$0.62B,1.05,$6.13B,$2.22B,2.76,$1.06B,$1.11B,104.82%,$1.06B,$0.72B,67.93%,$1.06B,$0.72B,67.93%,$1.06B,$1.05B,99.53%,$1.06B,$0.23B,21.48%,$1.06B,$0.23B,21.67%,$0.23B,$2.22B,10.00%,$0.23B,$2.20B,10.11%,$0.23B,$9.13B,2.49%,$0.72B,$8.35B,8.50%,$270,$25,$245,$0,$22,$141,$129,$-73,$55,$1,$55,$58,$58,$188,$129,$128,128,$0.45,$0.45,$620,$7,$0,$648,$0,$113,$21,$222,$440,$9134,$618,$6131,$119,$6297,$6916,$1,$1196,$0,$2218,$9134,$149,$284,$0,$284,$0,$0,$0,$0,$12,$511,$-379,$0,$0,$0,$0,$0,$-73,$-452,$0,$0,$20,$0,$-217,$0,$39,$-159,$-101,$0,$0
25,2012-06-30,11.28,$0.00,0.0,$7.92,1.42,$-0.75,0.0,$1.16,9.72,$0.79B,$0.58B,1.36,$6.23B,$2.32B,2.69,$1.13B,$1.14B,101.24%,$1.13B,$0.74B,66.04%,$1.13B,$0.74B,66.04%,$1.13B,$1.13B,100.36%,$1.13B,$0.22B,19.38%,$1.13B,$0.16B,14.58%,$0.16B,$2.32B,7.14%,$0.16B,$2.29B,7.23%,$0.16B,$9.29B,1.76%,$0.74B,$8.54B,8.77%,$253,$18,$235,$0,$22,$133,$120,$-94,$26,$2,$25,$30,$30,$246,$120,$139,139,$0.21,$0.21,$765,$7,$0,$788,$0,$112,$24,$252,$474,$9289,$581,$6225,$123,$6393,$6974,$2,$1139,$0,$2315,$9289,$93,$226,$0,$226,$0,$0,$0,$0,$-6,$324,$-264,$0,$0,$0,$0,$0,$-71,$-335,$0,$0,$114,$0,$-63,$0,$25,$76,$63,$0,$0
26,2012-03-31,11.11,$0.00,0.0,$8.54,1.3,$-2.56,0.0,$1.16,9.58,$0.75B,$0.56B,1.35,$6.18B,$2.35B,2.63,$1.24B,$1.22B,98.30%,$1.24B,$0.77B,62.30%,$1.24B,$0.77B,62.30%,$1.24B,$1.16B,93.61%,$1.24B,$0.22B,18.04%,$1.24B,$0.17B,13.35%,$0.17B,$2.35B,7.18%,$0.17B,$2.32B,7.29%,$0.17B,$9.26B,1.76%,$0.77B,$8.53B,9.01%,$258,$21,$237,$0,$16,$126,$132,$-64,$68,$6,$62,$65,$65,$231,$132,$140,140,$0.46,$0.46,$728,$9,$0,$752,$0,$109,$27,$307,$529,$9256,$559,$6177,$125,$6349,$6907,$2,$1109,$0,$2348,$9256,$64,$99,$0,$99,$0,$0,$0,$0,$0,$166,$-161,$0,$0,$0,$0,$0,$-75,$-235,$0,$0,$65,$0,$0,$0,$18,$83,$14,$0,$0
27,2011-12-31,11.29,$0.00,0.0,$9.13,1.24,$-4.32,0.0,$1.18,9.57,$0.78B,$0.54B,1.46,$6.11B,$2.28B,2.68,$1.34B,$1.27B,94.85%,$1.34B,$0.79B,58.58%,$1.34B,$0.79B,58.58%,$1.34B,$1.17B,87.39%,$1.34B,$0.23B,17.24%,$1.34B,$0.17B,12.84%,$0.17B,$2.28B,7.53%,$0.17B,$2.25B,7.68%,$0.17B,$9.11B,1.81%,$0.79B,$8.39B,9.05%,$276,$-114,$391,$0,$-20,$-61,$337,$-12,$78,$7,$71,$75,$76,$387,$337,$141,141,$0.54,$0.54,$648,$14,$96,$779,$0,$109,$30,$202,$432,$9108,$535,$6111,$130,$6289,$6824,$2,$1044,$0,$2283,$9108,$173,$385,$0,$385,$0,$0,$0,$0,$-108,$622,$-669,$0,$120,$0,$0,$-3,$-16,$-568,$0,$0,$46,$0,$-100,$0,$1,$-53,$7,$0,$0
28,2011-09-30,9.92,$0.00,0.0,$10.08,0.98,$-9.87,0.0,$1.17,8.48,$0.52B,$0.51B,1.02,$6.20B,$2.25B,2.76,$1.46B,$1.16B,79.62%,$1.46B,$0.51B,34.82%,$1.46B,$0.51B,34.82%,$1.46B,$0.99B,67.58%,$1.46B,$0.24B,16.07%,$1.46B,$0.17B,11.49%,$0.17B,$2.25B,7.41%,$0.17B,$2.21B,7.59%,$0.17B,$9.55B,1.74%,$0.51B,$8.45B,5.80%,$338,$62,$276,$0,$32,$184,$154,$-108,$46,$3,$43,$46,$-7,$265,$154,$147,147,$-0.05,$-0.05,$485,$16,$0,$522,$0,$108,$34,$852,$1095,$9553,$513,$6201,$546,$6795,$7308,$2,$968,$0,$2245,$9553,$96,$335,$54,$389,$0,$0,$0,$0,$-105,$437,$-567,$0,$0,$0,$0,$-3,$-22,$-592,$0,$0,$135,$0,$-61,$0,$-18,$57,$-130,$0,$0
29,2011-06-30,13.01,$0.00,0.0,$11.80,1.1,$-15.17,0.0,$1.65,7.88,$0.74B,$0.55B,1.36,$6.52B,$2.32B,2.82,$1.60B,$1.16B,72.66%,$1.60B,$0.52B,32.40%,$1.60B,$0.52B,32.40%,$1.60B,$0.96B,59.61%,$1.60B,$0.26B,15.92%,$1.60B,$0.23B,14.17%,$0.23B,$2.32B,10.31%,$0.23B,$2.26B,10.61%,$0.23B,$9.57B,2.37%,$0.52B,$8.84B,5.90%,$364,$53,$311,$0,$65,$217,$147,$-117,$31,$2,$28,$31,$31,$274,$147,$149,149,$0.21,$0.21,$535,$133,$0,$743,$0,$106,$56,$423,$669,$9571,$548,$6519,$139,$6707,$7255,$2,$975,$0,$2316,$9571,$103,$225,$0,$225,$0,$0,$0,$0,$-111,$234,$-439,$0,$0,$0,$0,$-3,$15,$-427,$0,$0,$147,$0,$-1,$0,$-19,$127,$-60,$0,$0
30,2011-03-31,12.57,$0.00,0.0,$14.34,0.88,$-19.46,0.0,$1.85,6.79,$0.87B,$0.55B,1.57,$6.73B,$2.29B,2.94,$1.83B,$1.13B,61.87%,$1.83B,$0.53B,29.02%,$1.83B,$0.53B,29.02%,$1.83B,$0.94B,51.34%,$1.83B,$0.29B,15.60%,$1.83B,$0.25B,13.37%,$0.25B,$2.29B,11.65%,$0.25B,$2.23B,12.04%,$0.25B,$9.79B,2.59%,$0.53B,$9.02B,6.14%,$362,$70,$293,$0,$48,$216,$147,$-71,$76,$3,$73,$72,$72,$245,$147,$149,149,$0.48,$0.48,$533,$125,$131,$865,$0,$107,$60,$300,$557,$9789,$552,$6731,$161,$6944,$7496,$2,$944,$0,$2293,$9789,$73,$98,$0,$98,$0,$0,$0,$0,$-100,$85,$-343,$0,$0,$0,$0,$-3,$12,$-333,$0,$0,$162,$0,$0,$0,$1,$163,$-82,$0,$0
31,2010-12-31,14.12,$0.00,0.0,$16.19,0.87,$-21.84,0.0,$1.77,7.98,$1.01B,$0.57B,1.77,$6.57B,$2.22B,2.96,$1.84B,$1.05B,57.17%,$1.84B,$0.50B,27.19%,$1.84B,$0.50B,27.19%,$1.84B,$0.88B,48.07%,$1.84B,$0.26B,14.11%,$1.84B,$0.21B,11.28%,$0.21B,$2.22B,10.38%,$0.21B,$2.15B,10.78%,$0.21B,$9.60B,2.25%,$0.50B,$8.78B,5.94%,$398,$113,$284,$0,$129,$336,$61,$21,$82,$6,$76,$72,$72,$204,$61,$136,136,$0.53,$0.53,$627,$121,$199,$1012,$0,$103,$65,$264,$527,$9601,$571,$6566,$186,$6812,$7383,$2,$872,$0,$2217,$9601,$237,$382,$0,$382,$0,$0,$0,$0,$-5,$615,$-1416,$0,$71,$0,$0,$-8,$-59,$-1412,$0,$0,$778,$0,$110,$0,$129,$1018,$222,$0,$0
32,2010-09-30,11.83,$0.00,0.0,$16.65,0.71,$-24.33,0.0,$1.75,6.76,$0.71B,$0.53B,1.34,$6.56B,$1.98B,3.31,$1.73B,$1.01B,58.78%,$1.73B,$0.61B,35.48%,$1.73B,$0.61B,35.48%,$1.73B,$0.92B,53.33%,$1.73B,$0.25B,14.38%,$1.73B,$0.18B,10.32%,$0.18B,$1.98B,9.92%,$0.18B,$1.91B,10.32%,$0.18B,$9.34B,2.10%,$0.61B,$8.54B,7.88%,$478,$202,$276,$0,$22,$314,$164,$-99,$66,$6,$59,$52,$52,$232,$164,$119,119,$0.43,$0.43,$520,$119,$0,$707,$0,$59,$71,$425,$658,$9339,$527,$6562,$203,$6831,$7358,$1,$799,$0,$1981,$9339,$161,$240,$0,$240,$0,$0,$0,$0,$-3,$456,$-1195,$0,$71,$0,$0,$-8,$-182,$-1314,$0,$0,$899,$0,$0,$0,$62,$961,$103,$0,$0
33,2010-06-30,10.38,$0.00,0.0,$15.14,0.69,$-27.92,0.0,$1.74,5.97,$0.69B,$0.51B,1.37,$6.39B,$1.92B,3.33,$1.46B,$0.91B,62.40%,$1.46B,$0.52B,35.68%,$1.46B,$0.52B,35.68%,$1.46B,$0.82B,56.44%,$1.46B,$0.22B,15.21%,$1.46B,$0.16B,11.03%,$0.16B,$1.92B,9.86%,$0.16B,$1.84B,10.25%,$0.16B,$9.10B,2.08%,$0.52B,$8.32B,7.33%,$595,$314,$281,$0,$35,$435,$160,$-97,$62,$5,$58,$49,$49,$260,$160,$119,119,$0.41,$0.41,$507,$125,$0,$690,$0,$61,$77,$537,$784,$9098,$505,$6394,$221,$6672,$7177,$1,$747,$0,$1921,$9098,$102,$172,$0,$172,$0,$0,$0,$0,$6,$305,$-980,$0,$71,$0,$0,$-8,$-83,$-1001,$0,$0,$731,$0,$0,$0,$43,$773,$78,$0,$0
34,2010-03-31,11.52,$0.00,0.0,$13.63,0.85,$-28.89,0.0,$2.00,5.76,$0.64B,$0.49B,1.32,$6.08B,$1.86B,3.27,$1.16B,$0.79B,68.45%,$1.16B,$0.45B,38.36%,$1.16B,$0.45B,38.36%,$1.16B,$0.71B,61.12%,$1.16B,$0.22B,19.31%,$1.16B,$0.17B,14.57%,$0.17B,$1.86B,11.68%,$0.17B,$1.77B,12.13%,$0.17B,$8.71B,2.41%,$0.45B,$7.94B,6.94%,$364,$156,$208,$0,$31,$250,$114,$-65,$49,$5,$44,$34,$34,$186,$114,$85,85,$0.40,$0.40,$440,$98,$0,$640,$0,$55,$87,$618,$871,$8710,$486,$6083,$224,$6364,$6850,$1,$699,$0,$1860,$8710,$44,$72,$0,$72,$0,$0,$0,$0,$13,$138,$-487,$0,$71,$0,$0,$0,$-100,$-516,$0,$0,$377,$0,$0,$0,$47,$423,$43,$0,$0
35,2009-12-31,9.06,$0.00,0.0,$11.80,0.77,$-28.70,0.0,$1.95,4.65,$1.14B,$0.34B,3.33,$4.85B,$1.41B,3.43,$1.01B,$0.74B,73.83%,$1.01B,$0.40B,40.20%,$1.01B,$0.40B,40.20%,$1.01B,$0.66B,65.17%,$1.01B,$0.21B,21.00%,$1.01B,$0.17B,16.42%,$0.17B,$1.41B,12.96%,$0.17B,$1.38B,13.42%,$0.17B,$6.77B,2.63%,$0.40B,$6.26B,7.03%,$288,$38,$249,$0,$15,$114,$174,$-103,$71,$0,$70,$43,$43,$242,$174,$85,85,$0.51,$0.51,$323,$103,$528,$1140,$0,$56,$38,$225,$399,$6770,$343,$4847,$134,$5014,$5356,$1,$664,$0,$1413,$6770,$206,$253,$0,$253,$0,$0,$0,$0,$-44,$399,$-1111,$0,$0,$0,$0,$0,$-481,$-1592,$0,$0,$1017,$0,$0,$0,$161,$1178,$-11,$0,$0
36,2009-09-30,9.07,$0.00,0.0,$12.26,0.74,$-36.68,0.0,$1.22,7.43,$0.62B,$0.33B,1.87,$4.59B,$1.34B,3.44,$1.04B,$0.68B,65.10%,$1.04B,$0.29B,27.71%,$1.04B,$0.29B,27.71%,$1.04B,$0.53B,50.43%,$1.04B,$0.09B,9.01%,$1.04B,$0.10B,9.88%,$0.10B,$1.34B,8.61%,$0.10B,$1.29B,8.96%,$0.10B,$6.42B,1.73%,$0.29B,$5.93B,5.34%,$213,$40,$173,$0,$44,$139,$73,$-33,$40,$1,$39,$35,$35,$136,$73,$85,85,$0.42,$0.42,$324,$108,$0,$624,$0,$54,$41,$224,$400,$6418,$334,$4593,$122,$4749,$5083,$1,$621,$0,$1335,$6418,$136,$184,$0,$184,$0,$0,$0,$0,$6,$339,$-1171,$0,$0,$0,$0,$0,$-8,$-1179,$0,$0,$762,$0,$0,$0,$84,$846,$10,$0,$0
37,2009-06-30,7.22,$0.00,0.0,$13.31,0.54,$-36.15,0.0,$1.40,5.16,$0.65B,$0.34B,1.91,$4.34B,$1.18B,3.68,$1.13B,$0.70B,61.75%,$1.13B,$0.33B,28.71%,$1.13B,$0.33B,28.71%,$1.13B,$0.55B,48.85%,$1.13B,$0.11B,9.54%,$1.13B,$0.12B,10.51%,$0.12B,$1.18B,10.40%,$0.12B,$1.13B,10.88%,$0.12B,$6.13B,2.11%,$0.33B,$5.52B,6.36%,$295,$131,$164,$0,$27,$211,$84,$-20,$64,$1,$63,$57,$57,$145,$84,$85,85,$0.67,$0.67,$347,$131,$0,$653,$0,$55,$45,$226,$407,$6131,$342,$4337,$120,$4611,$4953,$1,$586,$0,$1178,$6131,$97,$122,$0,$122,$0,$0,$0,$0,$-4,$220,$-783,$0,$0,$0,$0,$0,$-15,$-798,$0,$0,$513,$0,$0,$0,$90,$603,$25,$0,$0
38,2009-03-31,3.25,$0.00,0.0,$13.76,0.24,$-39.57,0.0,$1.54,2.11,$1.14B,$0.42B,2.75,$4.13B,$1.17B,3.55,$1.17B,$0.71B,60.94%,$1.17B,$0.35B,29.66%,$1.17B,$0.35B,29.66%,$1.17B,$0.56B,47.86%,$1.17B,$0.12B,10.43%,$1.17B,$0.13B,11.20%,$0.13B,$1.17B,11.71%,$0.13B,$1.12B,12.32%,$0.13B,$5.79B,2.42%,$0.35B,$5.30B,7.09%,$209,$53,$156,$0,$32,$136,$73,$-37,$36,$2,$34,$30,$30,$132,$73,$85,85,$0.35,$0.35,$320,$77,$570,$1140,$0,$19,$49,$296,$445,$5790,$415,$4134,$40,$4210,$4625,$1,$529,$0,$1165,$5790,$34,$60,$0,$60,$0,$0,$0,$0,$8,$111,$-445,$0,$0,$0,$0,$0,$-32,$-476,$0,$0,$349,$0,$0,$0,$-3,$346,$-18,$0,$0
39,2008-12-31,3.01,$0.00,0.0,$14.77,0.2,$-38.45,0.0,$1.79,1.68,$1.04B,$0.36B,2.87,$3.79B,$1.11B,3.42,$1.26B,$0.74B,58.52%,$1.26B,$0.38B,30.18%,$1.26B,$0.38B,30.18%,$1.26B,$0.58B,46.02%,$1.26B,$0.14B,11.23%,$1.26B,$0.15B,12.10%,$0.15B,$1.11B,14.10%,$0.15B,$1.06B,14.88%,$0.15B,$5.41B,2.97%,$0.38B,$4.90B,8.27%,$326,$140,$186,$0,$81,$267,$59,$-105,$-46,$-16,$-30,$-19,$-19,$113,$59,$85,85,$-0.22,$-0.22,$307,$103,$449,$1037,$0,$49,$54,$199,$385,$5411,$361,$3790,$99,$3941,$4302,$1,$499,$0,$1109,$5411,$152,$200,$0,$200,$0,$0,$0,$0,$-34,$250,$-1642,$0,$0,$0,$0,$-11,$492,$-1161,$0,$901,$0,$0,$0,$0,$-40,$861,$-48,$0,$0
40,2008-09-30,10.61,$0.00,0.0,$14.28,0.74,$-29.83,0.0,$2.54,4.18,$1.04B,$0.36B,2.9,$3.60B,$1.13B,3.2,$1.22B,$0.83B,68.64%,$1.22B,$0.61B,49.79%,$1.22B,$0.61B,49.79%,$1.22B,$0.75B,61.73%,$1.22B,$0.47B,38.85%,$1.22B,$0.22B,17.78%,$0.22B,$1.13B,20.80%,$0.22B,$1.07B,21.96%,$0.22B,$5.27B,4.44%,$0.61B,$4.73B,14.01%,$302,$109,$193,$0,$39,$193,$109,$-55,$54,$4,$50,$51,$51,$163,$109,$85,85,$0.60,$0.60,$344,$90,$385,$1037,$0,$19,$58,$249,$401,$5270,$358,$3603,$103,$3785,$4143,$1,$518,$0,$1127,$5270,$171,$146,$0,$146,$0,$0,$0,$0,$-50,$228,$-1015,$0,$0,$0,$0,$-4,$52,$-967,$0,$713,$0,$0,$0,$0,$-39,$674,$-65,$0,$0
41,2008-06-30,12.63,$0.00,0.0,$14.68,0.86,$-20.58,0.0,$2.51,5.03,$0.66B,$0.39B,1.68,$3.58B,$1.07B,3.34,$1.25B,$0.98B,78.22%,$1.25B,$0.83B,66.61%,$1.25B,$0.83B,66.61%,$1.25B,$0.92B,73.90%,$1.25B,$0.75B,60.37%,$1.25B,$0.21B,17.13%,$0.21B,$1.07B,28.29%,$0.21B,$1.01B,29.88%,$0.21B,$5.22B,6.03%,$0.83B,$4.65B,26.53%,$333,$156,$178,$0,$33,$228,$106,$-28,$78,$7,$71,$69,$69,$152,$106,$85,85,$0.81,$0.81,$360,$0,$60,$659,$0,$12,$62,$264,$416,$5218,$392,$3580,$92,$3753,$4144,$1,$467,$0,$1073,$5218,$119,$92,$0,$92,$0,$0,$0,$0,$-16,$155,$-1009,$0,$0,$0,$0,$0,$138,$-872,$0,$687,$0,$0,$0,$0,$-36,$652,$-66,$0,$0
42,2008-03-31,17.58,$0.00,0.0,$13.66,1.29,$-10.54,0.0,$2.10,8.37,$0.67B,$0.39B,1.74,$3.04B,$1.00B,3.04,$1.16B,$0.99B,84.87%,$1.16B,$0.84B,71.80%,$1.16B,$0.84B,71.80%,$1.16B,$0.88B,75.67%,$1.16B,$0.72B,61.56%,$1.16B,$0.18B,15.39%,$0.18B,$1.00B,25.49%,$0.18B,$0.95B,26.96%,$0.18B,$4.60B,5.34%,$0.84B,$4.05B,28.49%,$295,$116,$178,$0,$35,$190,$105,$-50,$55,$5,$51,$51,$51,$150,$105,$85,85,$0.60,$0.60,$324,$83,$0,$672,$0,$12,$52,$213,$359,$4595,$387,$3044,$89,$3205,$3592,$1,$398,$0,$1003,$4595,$51,$45,$0,$45,$0,$0,$0,$0,$-13,$69,$-307,$0,$0,$0,$0,$0,$43,$-265,$0,$0,$152,$0,$0,$0,$-0,$151,$-45,$0,$0
43,2007-12-31,20.87,$0.00,0.0,$13.84,1.51,$-10.37,0.0,$2.21,9.44,$0.90B,$0.40B,2.22,$2.89B,$0.95B,3.04,$1.18B,$1.00B,84.62%,$1.18B,$0.85B,72.30%,$1.18B,$0.85B,72.30%,$1.18B,$0.89B,75.45%,$1.18B,$0.73B,62.11%,$1.18B,$0.19B,16.06%,$0.19B,$0.95B,28.85%,$0.19B,$0.90B,30.69%,$0.19B,$4.39B,5.89%,$0.85B,$3.84B,30.51%,$285,$0,$285,$0,$0,$0,$285,$0,$285,$0,$285,$45,$45,$285,$285,$85,85,$0.53,$0.53,$337,$91,$248,$896,$0,$12,$49,$167,$312,$4394,$403,$2893,$84,$3041,$3444,$1,$347,$0,$950,$4394,$188,$190,$0,$190,$0,$0,$0,$0,$-73,$206,$-864,$0,$0,$0,$0,$0,$448,$-416,$0,$371,$0,$0,$0,$0,$-50,$321,$111,$0,$0
44,2007-09-30,24.89,$0.00,0.0,$13.09,1.9,$-10.32,0.0,$1.47,16.93,$0.00B,$0.00B,0.0,$0.00B,$0.00B,0.0,$1.10B,$0.92B,83.61%,$1.10B,$0.78B,70.47%,$1.10B,$0.78B,70.47%,$1.10B,$0.82B,73.82%,$1.10B,$0.66B,59.60%,$1.10B,$0.13B,11.50%,$0.13B,$0.00B,21.17%,$0.13B,$0.00B,22.58%,$0.13B,$0.00B,4.11%,$0.78B,$0.00B,29.36%,$336,$0,$336,$0,$0,$0,$336,$0,$336,$0,$336,$49,$49,$336,$336,$85,85,$0.57,$0.57,$0,$0,$0,$0,$0,$0,$0,$0,$0,$0,$0,$0,$0,$0,$0,$0,$0,$0,$0,$0,$0,$0,$0,$0,$0,$0,$0,$0,$0,$0,$0,$0,$0,$0,$0,$0,$0,$0,$0,$0,$0,$0,$0,$0,$0,$0,$0,$0,$0
