,Date,Stock Price,Book Value per Share,Price to Book Ratio,TTM Sales per Share,Price to Sales Ratio,TTM FCF per Share,Price to FCF Ratio,TTM Net EPS,PE Ratio,Current Assets,Current Liabilities,Current Ratio,Long Term Debt,Shareholder's Equity_x,Debt to Equity Ratio,TTM Revenue_x,TTM Gross Profit,Gross Margin,TTM Revenue_y,TTM Operating Income,Operating Margin,TTM Revenue_x,TTM EBIT,EBIT Margin,TTM Revenue_y,TTM EBITDA,EBITDA Margin,TTM Revenue_x,TTM Pre-Tax Income,Pre-Tax Margin,TTM Revenue_y,TTM Net Income_x,Net Margin,TTM Net Income_y,Shareholder's Equity_y,Return on Equity,TTM Net Income_x,Tangible Equity,Return on Tangible Equity,TTM Net Income_y,Total Assets,Return on Assets,TTM Net Income,LT Investments & Debt,Return on Investment,revenue,cost-goods-sold,gross-profit,research-development-expenses,selling-general-administrative-expenses,operating-expenses,operating-income,total-non-operating-income-expense,pre-tax-income,total-provision-income-taxes,income-after-taxes,income-from-continuous-operations,net-income,ebitda,ebit,basic-shares-outstanding,shares-outstanding,eps-basic-net-earnings-per-share,eps-earnings-per-share-diluted,cash-on-hand,inventory,other-current-assets,total-current-assets,net-property-plant-equipment,long-term-investments,goodwill-intangible-assets-total,other-long-term-assets,total-long-term-assets,total-assets,total-current-liabilities,long-term-debt,other-non-current-liabilities,total-long-term-liabilities,total-liabilities,common-stock-net,retained-earnings-accumulated-deficit,comprehensive-income,total-share-holder-equity,total-liabilities-share-holders-equity,net-income-loss,total-depreciation-amortization-cash-flow,other-non-cash-items,total-non-cash-items,change-in-accounts-receivable,change-in-inventories,change-in-accounts-payable,change-in-assets-liabilities,total-change-in-assets-liabilities,cash-flow-from-operating-activities,net-change-in-property-plant-equipment,net-change-in-intangible-assets,net-acquisitions-divestitures,net-change-in-short-term-investments,net-change-in-long-term-investments,net-change-in-investments-total,investing-activities-other,cash-flow-from-investing-activities,net-long-term-debt,net-current-debt,debt-issuance-retirement-net-total,net-common-equity-issued-repurchased,net-total-equity-issued-repurchased,total-common-preferred-stock-dividends-paid,financial-activities-other,cash-flow-from-financial-activities,net-cash-flow,stock-based-compensation,common-stock-dividends-paid
0,2018-09-30,202.85,$56.70,3.58,$184.89,1.1,$30.00,6.76,$11.11,18.26,$16.71B,$24.71B,0.68,$7.78B,$18.56B,0.42,$61.23B,$16.89B,27.59%,$61.23B,$5.55B,9.06%,$61.23B,$5.55B,9.06%,$61.23B,$6.19B,10.11%,$61.23B,$5.02B,8.20%,$61.23B,$3.67B,5.99%,$3.67B,$18.56B,21.33%,$3.67B,$6.93B,66.81%,$3.67B,$57.10B,6.38%,$5.55B,$26.35B,22.13%,$15484,$11242,$4242,$0,$2742,$13984,$1500,$-133,$1367,$375,$992,$992,$1000,$1643,$1500,$328,330,$3.05,$3.03,$6769,$0,$0,$16713,$568,$18560,$11634,$9501,$40390,$57103,$24709,$7782,$5966,$13831,$38540,$4779,$15325,$-1813,$18563,$57103,$3428,$428,$-290,$138,$-486,$0,$-156,$136,$119,$3685,$-336,$0,$-8,$0,$929,$929,$0,$585,$-1000,$0,$-1000,$-95,$-95,$-482,$0,$-1577,$2693,$125,$-482
1,2018-06-30,183.01,$53.97,3.39,$183.16,1.0,$25.65,7.13,$10.60,17.27,$16.89B,$26.19B,0.65,$7.78B,$17.67B,0.44,$60.74B,$16.68B,27.47%,$60.74B,$5.47B,9.00%,$60.74B,$5.47B,9.00%,$60.74B,$6.15B,10.12%,$60.74B,$4.93B,8.12%,$60.74B,$3.50B,5.77%,$3.50B,$17.67B,21.23%,$3.50B,$5.99B,74.24%,$3.50B,$58.32B,6.09%,$5.47B,$25.46B,22.35%,$15561,$11061,$4500,$0,$0,$13830,$1731,$-65,$1666,$449,$1217,$1217,$1212,$1872,$1731,$328,330,$3.70,$3.67,$7447,$0,$0,$16888,$574,$18986,$11681,$9934,$41428,$58316,$26192,$7784,$6669,$14453,$40645,$4730,$14489,$-1816,$17671,$58316,$2436,$285,$-227,$58,$43,$0,$1425,$36,$1891,$4385,$-219,$0,$-7,$0,$614,$614,$0,$388,$-1000,$0,$-1000,$-87,$-87,$-327,$12,$-1402,$3371,$83,$-327
2,2018-03-31,168.06,$50.95,3.3,$182.38,0.92,$14.55,11.55,$10.53,15.96,$17.85B,$28.04B,0.64,$7.79B,$16.67B,0.47,$60.71B,$16.59B,27.33%,$60.71B,$5.59B,9.21%,$60.71B,$5.59B,9.21%,$60.71B,$6.32B,10.42%,$60.71B,$5.09B,8.38%,$60.71B,$3.49B,5.76%,$3.49B,$16.67B,21.87%,$3.49B,$4.94B,84.71%,$3.49B,$59.20B,6.12%,$5.59B,$24.45B,23.51%,$15335,$10947,$4388,$0,$0,$13734,$1601,$-136,$1465,$246,$1219,$1219,$1209,$1745,$1601,$328,330,$3.69,$3.67,$7875,$0,$0,$17853,$577,$18930,$11728,$9758,$41344,$59197,$28044,$7785,$6703,$14488,$42532,$4687,$13440,$-1729,$16665,$59197,$1219,$144,$-90,$54,$-384,$0,$1893,$319,$2068,$3341,$-99,$0,$-6,$0,$789,$789,$0,$684,$0,$0,$0,$-72,$-72,$-154,$0,$-226,$3799,$39,$-154
3,2017-12-31,178.9,$48.46,3.69,$179.96,0.99,$7.13,25.11,$5.75,31.11,$13.89B,$25.26B,0.55,$8.16B,$15.84B,0.52,$60.54B,$15.91B,26.28%,$60.54B,$3.84B,6.35%,$60.54B,$3.84B,6.35%,$60.54B,$4.60B,7.60%,$60.54B,$2.99B,4.94%,$60.54B,$1.90B,3.15%,$1.90B,$15.84B,12.37%,$1.90B,$4.09B,54.87%,$1.90B,$55.15B,3.38%,$3.84B,$24.00B,16.49%,$14853,$11091,$3762,$0,$9452,$14138,$715,$-189,$526,$273,$253,$253,$244,$933,$715,$333,335,$0.66,$0.67,$4076,$0,$0,$13885,$586,$20073,$11751,$8661,$41266,$55151,$25261,$8160,$5893,$14053,$39314,$4706,$12118,$-1244,$15837,$55151,$1905,$757,$370,$1127,$-809,$0,$-624,$-1445,$-3550,$-464,$-410,$0,$1366,$0,$1774,$1774,$0,$2730,$-11746,$0,$-11746,$-4025,$-4025,$-416,$1,$-16186,$-13920,$187,$-416
4,2017-09-30,157.19,$48.51,3.24,$180.07,0.87,$19.47,8.08,$5.40,29.11,$11.60B,$27.82B,0.42,$8.16B,$15.82B,0.52,$61.41B,$16.28B,26.51%,$61.41B,$3.65B,5.95%,$61.41B,$3.65B,5.95%,$61.41B,$4.37B,7.12%,$61.41B,$2.74B,4.46%,$61.41B,$1.80B,2.93%,$1.80B,$15.82B,11.30%,$1.80B,$3.86B,45.95%,$1.80B,$57.38B,3.00%,$3.65B,$23.98B,13.76%,$14994,$10960,$4034,$0,$2612,$13572,$1422,$-148,$1274,$426,$848,$848,$838,$1595,$1422,$330,332,$2.54,$2.52,$5928,$0,$0,$11598,$581,$24604,$11956,$8644,$45785,$57383,$27824,$8161,$5429,$13741,$41565,$4707,$12037,$-1161,$15818,$57383,$1651,$539,$454,$993,$-184,$0,$931,$-1196,$-464,$2224,$-301,$0,$-24,$0,$994,$994,$0,$669,$-10746,$0,$-10746,$-3977,$-3977,$-238,$0,$-14961,$-12068,$135,$-238
5,2017-06-30,149.61,$46.90,3.19,$179.45,0.83,$26.16,5.72,$4.58,32.67,$10.38B,$28.12B,0.37,$7.18B,$15.58B,0.46,$62.20B,$16.40B,26.36%,$62.20B,$3.56B,5.72%,$62.20B,$3.56B,5.72%,$62.20B,$4.28B,6.89%,$62.20B,$2.54B,4.09%,$62.20B,$1.57B,2.52%,$1.57B,$15.58B,9.46%,$1.57B,$3.61B,34.77%,$1.57B,$56.71B,2.46%,$3.56B,$22.75B,11.79%,$15523,$11116,$4407,$0,$0,$13668,$1855,$-35,$1820,$637,$1183,$1183,$1203,$2051,$1855,$333,335,$3.62,$3.60,$3574,$0,$0,$10383,$570,$25115,$11961,$8685,$46331,$56714,$28116,$7175,$5742,$13023,$41139,$4016,$12568,$-1180,$15575,$56714,$803,$366,$479,$845,$-1335,$0,$1033,$-432,$-956,$692,$-180,$0,$0,$0,$355,$355,$0,$175,$-11734,$0,$-11734,$-3426,$-3426,$-254,$125,$-15289,$-14422,$94,$-254
6,2017-03-31,125.2,$43.23,2.9,$178.10,0.7,$30.51,4.1,$3.21,39.0,$9.78B,$28.03B,0.35,$8.17B,$14.34B,0.57,$62.63B,$16.19B,25.85%,$62.63B,$3.11B,4.97%,$62.63B,$3.11B,4.97%,$62.63B,$3.83B,6.11%,$62.63B,$2.07B,3.31%,$62.63B,$1.15B,1.84%,$1.15B,$14.34B,6.74%,$1.15B,$2.32B,23.10%,$1.15B,$56.35B,1.72%,$3.11B,$22.51B,9.18%,$15165,$11461,$3704,$0,$0,$15314,$-149,$-479,$-628,$-249,$-379,$-379,$-381,$21,$-149,$344,344,$-1.11,$-1.11,$3877,$0,$0,$9780,$577,$25231,$12019,$8651,$46571,$56351,$28031,$8174,$5808,$13982,$42013,$4006,$11531,$-1276,$14338,$56351,$-379,$170,$595,$765,$-477,$0,$1356,$-95,$513,$899,$-71,$0,$0,$0,$15,$15,$0,$-56,$-11484,$0,$-11484,$-3403,$-3403,$-75,$0,$-14962,$-14119,$54,$-75
7,2016-12-31,121.48,$51.02,2.38,$178.34,0.68,$33.00,3.68,$6.38,19.04,$23.64B,$27.14B,0.87,$19.03B,$17.94B,1.06,$63.16B,$16.80B,26.60%,$63.16B,$4.71B,7.46%,$63.16B,$4.71B,7.46%,$63.16B,$5.44B,8.62%,$63.16B,$3.99B,6.32%,$63.16B,$2.27B,3.60%,$2.27B,$17.94B,12.80%,$2.27B,$5.86B,40.81%,$2.27B,$69.15B,3.39%,$4.71B,$36.97B,13.72%,$15728,$11595,$4133,$0,$3608,$15203,$525,$-250,$275,$147,$128,$128,$139,$704,$525,$351,354,$0.39,$0.40,$17996,$0,$0,$23639,$587,$25111,$12079,$7730,$45507,$69146,$27138,$19027,$5034,$24065,$51203,$4716,$14717,$-1552,$17943,$69146,$2256,$730,$-29,$701,$-153,$0,$91,$669,$762,$3719,$-270,$0,$0,$0,$-111,$-111,$0,$-381,$12886,$0,$12886,$-139,$-139,$-340,$-273,$12134,$15472,$191,$-340
8,2016-09-30,112.84,$52.28,2.16,$176.63,0.64,$33.21,3.4,$6.90,16.35,$24.86B,$27.75B,0.9,$20.02B,$18.35B,1.09,$62.48B,$16.62B,26.61%,$62.48B,$4.95B,7.92%,$62.48B,$4.95B,7.92%,$62.48B,$5.68B,9.10%,$62.48B,$4.30B,6.88%,$62.48B,$2.45B,3.93%,$2.45B,$18.35B,14.18%,$2.45B,$6.21B,48.45%,$2.45B,$71.88B,3.89%,$4.95B,$38.37B,15.91%,$15781,$11627,$4154,$0,$2830,$14457,$1324,$-250,$1074,$477,$597,$597,$604,$1508,$1324,$351,354,$1.72,$1.70,$19066,$0,$0,$24864,$597,$25970,$12139,$8313,$47019,$71883,$27745,$20022,$5286,$25794,$53538,$4699,$14666,$-1082,$18345,$71883,$2128,$551,$-65,$486,$-278,$0,$1841,$57,$2007,$4621,$-197,$0,$0,$0,$-129,$-129,$0,$-326,$12886,$0,$12886,$-103,$-103,$-262,$-274,$12247,$16542,$147,$-262
9,2016-06-30,119.11,$50.68,2.35,$174.51,0.68,$27.72,4.3,$6.79,17.54,$23.78B,$26.77B,0.89,$20.02B,$17.78B,1.13,$61.65B,$16.49B,26.74%,$61.65B,$4.81B,7.80%,$61.65B,$4.81B,7.80%,$61.65B,$5.55B,8.99%,$61.65B,$4.25B,6.89%,$61.65B,$2.41B,3.91%,$2.41B,$17.78B,14.43%,$2.41B,$5.58B,54.78%,$2.41B,$70.60B,4.12%,$4.81B,$37.80B,17.52%,$15953,$11757,$4196,$0,$2784,$14541,$1412,$-59,$1353,$560,$793,$793,$791,$1596,$1412,$351,354,$2.25,$2.23,$17119,$0,$0,$23777,$605,$25634,$12201,$8386,$46826,$70602,$26767,$20019,$5534,$26057,$52824,$4653,$14150,$-1092,$17778,$70602,$1531,$367,$-80,$287,$-1215,$0,$719,$470,$392,$2210,$-129,$0,$0,$0,$165,$165,$0,$36,$12886,$0,$12886,$-88,$-88,$-175,$-274,$12349,$14595,$101,$-175
10,2016-03-31,109.32,$48.14,2.27,$172.73,0.63,$26.22,4.17,$6.64,16.46,$9.38B,$26.44B,0.36,$7.38B,$16.88B,0.44,$60.94B,$16.49B,27.07%,$60.94B,$4.80B,7.88%,$60.94B,$4.80B,7.88%,$60.94B,$5.53B,9.08%,$60.94B,$4.16B,6.83%,$60.94B,$2.35B,3.86%,$2.35B,$16.88B,14.58%,$2.35B,$4.62B,62.57%,$2.35B,$56.42B,4.31%,$4.80B,$24.26B,20.16%,$15693,$11377,$4316,$0,$2863,$14240,$1453,$-164,$1289,$551,$738,$738,$737,$1636,$1453,$351,354,$2.10,$2.08,$3766,$0,$0,$9378,$616,$25468,$12263,$8699,$47046,$56424,$26441,$7383,$5213,$13104,$39545,$4632,$13436,$-1255,$16879,$56424,$738,$183,$70,$253,$-182,$0,$725,$-262,$800,$1791,$-55,$0,$0,$0,$-122,$-122,$0,$-177,$0,$0,$0,$-79,$-79,$-87,$-206,$-372,$1242,$54,$-87
11,2015-12-31,104.97,$46.29,2.27,$171.17,0.61,$25.26,4.16,$6.78,15.48,$7.70B,$24.42B,0.32,$7.79B,$16.18B,0.48,$60.34B,$16.50B,27.35%,$60.34B,$4.86B,8.05%,$60.34B,$4.86B,8.06%,$60.34B,$5.59B,9.26%,$60.34B,$4.24B,7.02%,$60.34B,$2.39B,3.96%,$2.39B,$16.18B,15.25%,$2.39B,$3.85B,73.54%,$2.39B,$53.51B,4.40%,$4.86B,$23.96B,20.68%,$15049,$11091,$3958,$0,$3199,$14290,$759,$-175,$585,$263,$322,$322,$321,$943,$760,$349,353,$0.92,$0.91,$2524,$0,$0,$7696,$630,$24908,$12325,$7950,$45813,$53509,$24419,$7785,$4949,$12911,$37330,$4647,$12797,$-1330,$16179,$53509,$2395,$725,$215,$940,$-616,$0,$470,$646,$531,$3866,$-363,$0,$-20,$0,$-644,$-644,$0,$-1027,$-229,$-500,$-729,$-439,$-439,$-358,$-209,$-1735,$1104,$181,$-358
12,2015-09-30,105.99,$45.69,2.32,$169.62,0.62,$23.69,4.47,$6.52,16.26,$6.99B,$24.03B,0.29,$7.83B,$15.93B,0.49,$60.06B,$16.28B,27.10%,$60.06B,$4.77B,7.93%,$60.06B,$4.77B,7.93%,$60.06B,$5.48B,9.13%,$60.06B,$4.08B,6.79%,$60.06B,$2.30B,3.83%,$2.30B,$15.93B,15.08%,$2.30B,$3.54B,82.65%,$2.30B,$53.48B,4.24%,$4.77B,$23.77B,20.62%,$14953,$10938,$4015,$0,$2829,$13767,$1186,$-163,$1023,$461,$562,$562,$560,$1370,$1186,$349,353,$1.60,$1.59,$1797,$0,$0,$6985,$629,$25138,$12388,$7813,$46493,$53478,$24028,$7834,$4989,$13518,$37546,$4621,$12564,$-1316,$15933,$53478,$2073,$542,$127,$669,$-682,$0,$335,$90,$13,$2756,$-287,$0,$-21,$0,$-448,$-448,$0,$-756,$-229,$-500,$-729,$-402,$-402,$-271,$-222,$-1624,$376,$139,$-271
13,2015-06-30,123.21,$44.37,2.78,$168.48,0.73,$24.58,5.01,$6.60,18.67,$7.86B,$24.42B,0.32,$7.84B,$15.47B,0.51,$59.83B,$16.11B,26.93%,$59.83B,$4.72B,7.88%,$59.83B,$4.72B,7.88%,$59.83B,$5.41B,9.04%,$59.83B,$4.06B,6.78%,$59.83B,$2.34B,3.91%,$2.34B,$15.47B,15.55%,$2.34B,$3.01B,90.32%,$2.34B,$54.64B,4.32%,$4.72B,$23.31B,20.67%,$15241,$11036,$4205,$0,$2801,$13836,$1405,$-143,$1262,$527,$735,$735,$732,$1584,$1405,$349,352,$2.10,$2.08,$1126,$0,$0,$7859,$653,$24952,$12458,$8261,$46783,$54641,$24418,$7840,$6211,$14756,$39173,$4589,$12091,$-1273,$15468,$54641,$1511,$358,$51,$408,$-1589,$0,$387,$782,$-190,$1729,$-188,$0,$-21,$0,$-322,$-322,$0,$-530,$-229,$-500,$-729,$-392,$-392,$-184,$-189,$-1494,$-295,$97,$-184
14,2015-03-31,102.73,$43.30,2.37,$165.48,0.62,$25.48,4.03,$6.04,17.01,$7.93B,$24.71B,0.32,$7.85B,$15.12B,0.52,$59.10B,$15.58B,26.36%,$59.10B,$4.38B,7.41%,$59.10B,$4.38B,7.41%,$59.10B,$5.05B,8.55%,$59.10B,$3.72B,6.29%,$59.10B,$2.15B,3.64%,$2.15B,$15.12B,14.50%,$2.15B,$2.60B,87.88%,$2.15B,$55.56B,4.00%,$4.38B,$22.97B,19.39%,$15094,$10769,$4326,$0,$2816,$13584,$1510,$-143,$1367,$590,$776,$776,$778,$1689,$1510,$350,353,$2.22,$2.20,$1916,$0,$0,$7933,$663,$25186,$12522,$8759,$47623,$55555,$24712,$7846,$6642,$15725,$40437,$4540,$11546,$-1033,$15119,$55555,$776,$179,$32,$211,$-830,$0,$564,$124,$487,$1473,$-82,$0,$-11,$0,$115,$115,$0,$22,$-229,$-203,$-432,$-276,$-276,$-89,$-203,$-1000,$495,$50,$-89
15,2014-12-31,85.43,$41.60,2.05,$161.02,0.53,$25.18,3.39,$5.66,15.09,$7.06B,$23.57B,0.3,$7.85B,$14.55B,0.54,$58.00B,$15.09B,26.02%,$58.00B,$4.26B,7.34%,$58.00B,$4.26B,7.34%,$58.00B,$4.91B,8.47%,$58.00B,$3.50B,6.04%,$58.00B,$2.04B,3.52%,$2.04B,$14.55B,13.93%,$2.04B,$1.99B,87.74%,$2.04B,$53.40B,3.86%,$4.26B,$22.40B,19.06%,$14771,$11041,$3730,$0,$3067,$14107,$664,$-235,$429,$199,$230,$230,$232,$839,$664,$356,359,$0.68,$0.67,$1420,$0,$0,$7060,$670,$25013,$12562,$7655,$46342,$53402,$23569,$7852,$6562,$15281,$38850,$4542,$11052,$-1111,$14552,$53402,$2045,$654,$336,$990,$-784,$0,$913,$363,$338,$3373,$-370,$0,$-440,$0,$-1320,$-1320,$0,$-2130,$-316,$500,$184,$-1278,$-1278,$-309,$168,$-1235,$8,$163,$-309
16,2014-09-30,77.66,$42.60,1.82,$156.59,0.5,$21.83,3.56,$6.01,12.92,$6.77B,$23.10B,0.29,$7.61B,$14.98B,0.51,$56.42B,$14.56B,25.80%,$56.42B,$4.28B,7.59%,$56.42B,$4.28B,7.59%,$56.42B,$4.93B,8.74%,$56.42B,$3.61B,6.39%,$56.42B,$2.18B,3.86%,$2.18B,$14.98B,14.98%,$2.18B,$2.75B,96.03%,$2.18B,$53.03B,4.19%,$4.28B,$22.59B,19.27%,$14728,$10876,$3852,$0,$2715,$13591,$1137,$-140,$997,$398,$599,$599,$595,$1299,$1137,$353,357,$1.68,$1.67,$1707,$0,$0,$6766,$669,$24551,$12229,$8309,$46260,$53026,$23102,$7606,$6302,$14942,$38043,$4501,$11150,$-730,$14982,$53026,$1815,$479,$104,$583,$-396,$0,$777,$194,$684,$3079,$-261,$0,$-71,$0,$-791,$-791,$10,$-1112,$-473,$75,$-398,$-1011,$-1011,$-240,$-23,$-1672,$295,$124,$-240
17,2014-06-30,77.52,$41.60,1.86,$150.06,0.52,$17.45,4.44,$5.72,13.55,$7.30B,$23.41B,0.31,$7.61B,$14.75B,0.52,$54.72B,$13.97B,25.52%,$54.72B,$4.10B,7.50%,$54.72B,$4.10B,7.50%,$54.72B,$4.74B,8.67%,$54.72B,$3.42B,6.24%,$54.72B,$2.10B,3.84%,$2.10B,$14.75B,14.79%,$2.10B,$2.46B,110.28%,$2.10B,$53.16B,4.12%,$4.10B,$22.37B,18.68%,$14509,$10840,$3669,$0,$2601,$13442,$1068,$-143,$925,$377,$547,$547,$549,$1227,$1068,$357,360,$1.54,$1.52,$1760,$0,$0,$7303,$680,$24372,$12288,$8093,$45858,$53161,$23406,$7612,$6248,$15002,$38408,$4463,$10889,$-656,$14753,$53161,$1217,$317,$100,$417,$-865,$0,$701,$366,$456,$2091,$-189,$0,$-71,$0,$-465,$-465,$0,$-725,$-98,$0,$-98,$-746,$-746,$-159,$-16,$-1019,$348,$81,$-159
18,2014-03-31,71.46,$40.18,1.78,$141.82,0.5,$13.27,5.38,$5.69,12.56,$7.08B,$22.84B,0.31,$7.62B,$14.36B,0.53,$51.75B,$13.29B,25.68%,$51.75B,$3.93B,7.60%,$51.75B,$3.93B,7.60%,$51.75B,$4.56B,8.81%,$51.75B,$3.34B,6.45%,$51.75B,$2.09B,4.04%,$2.09B,$14.36B,15.03%,$2.09B,$2.10B,134.32%,$2.09B,$52.12B,4.16%,$3.93B,$21.98B,18.02%,$13995,$10155,$3840,$0,$2450,$12605,$1389,$-240,$1150,$480,$669,$669,$666,$1547,$1389,$362,365,$1.84,$1.82,$2074,$0,$0,$7081,$704,$23713,$12259,$7912,$45039,$52119,$22841,$7618,$6071,$14917,$37758,$4415,$10676,$-786,$14361,$52119,$669,$158,$82,$240,$-337,$0,$500,$-71,$513,$1422,$-94,$0,$0,$0,$-160,$-160,$0,$-254,$-98,$156,$58,$-482,$-482,$-80,$-3,$-507,$662,$39,$-80
19,2013-12-31,65.17,$38.87,1.68,$132.33,0.49,$11.02,5.92,$5.35,12.18,$6.17B,$21.15B,0.29,$7.87B,$14.08B,0.56,$47.30B,$12.05B,25.47%,$47.30B,$3.40B,7.20%,$47.30B,$3.40B,7.20%,$47.30B,$3.99B,8.44%,$47.30B,$2.94B,6.22%,$47.30B,$1.91B,4.05%,$1.91B,$14.08B,14.73%,$1.91B,$1.76B,97.49%,$1.91B,$49.77B,4.00%,$3.40B,$21.94B,16.50%,$13183,$9989,$3194,$0,$2507,$12496,$687,$-151,$535,$167,$369,$369,$369,$855,$687,$355,359,$0.98,$0.98,$1412,$0,$0,$6169,$722,$23210,$12322,$6821,$43596,$49765,$21145,$7865,$5813,$14542,$35687,$4382,$10555,$-912,$14078,$49765,$1912,$588,$-43,$545,$-262,$0,$5,$27,$-178,$2279,$-479,$0,$-1644,$0,$204,$204,$0,$-1920,$0,$0,$0,$-1396,$-1396,$-248,$118,$-1526,$-1167,$127,$-248
20,2013-09-30,60.64,$37.20,1.63,$124.41,0.49,$10.32,5.88,$4.91,12.35,$6.65B,$21.22B,0.31,$7.87B,$13.67B,0.58,$44.04B,$11.23B,25.50%,$44.04B,$3.17B,7.19%,$44.04B,$3.17B,7.19%,$44.04B,$3.71B,8.41%,$44.04B,$2.70B,6.13%,$44.04B,$1.74B,3.94%,$1.74B,$13.67B,14.36%,$1.74B,$1.31B,73.11%,$1.74B,$49.25B,3.79%,$3.17B,$21.54B,16.36%,$13036,$9773,$3263,$0,$2305,$12078,$958,$-151,$807,$288,$519,$519,$519,$1114,$958,$371,375,$1.40,$1.38,$2082,$0,$0,$6654,$716,$22739,$12365,$6233,$42599,$49253,$21222,$7874,$5937,$14361,$35583,$4356,$10718,$-1456,$13670,$49253,$1543,$420,$-51,$370,$-309,$0,$-8,$-38,$-255,$1655,$-332,$0,$-1636,$0,$819,$819,$3,$-1146,$0,$0,$0,$-919,$-919,$-176,$89,$-1005,$-497,$91,$-176
21,2013-06-30,60.0,$36.28,1.65,$116.00,0.52,$9.83,6.11,$5.00,12.0,$7.08B,$21.23B,0.33,$8.28B,$13.50B,0.61,$39.92B,$10.52B,26.35%,$39.92B,$3.12B,7.82%,$39.92B,$3.12B,7.82%,$39.92B,$3.62B,9.07%,$39.92B,$2.67B,6.68%,$39.92B,$1.72B,4.30%,$1.72B,$13.50B,15.06%,$1.72B,$1.06B,57.07%,$1.72B,$49.73B,3.95%,$3.12B,$21.78B,17.49%,$11537,$8546,$2991,$0,$2094,$10640,$897,$-49,$848,$315,$533,$533,$536,$1044,$897,$356,360,$1.50,$1.49,$2257,$0,$0,$7080,$689,$22518,$12441,$6477,$42650,$49730,$21229,$8280,$6215,$15000,$36229,$4320,$10606,$-1475,$13501,$49730,$1024,$265,$-104,$161,$-521,$0,$-31,$-103,$-599,$584,$-188,$0,$-1636,$0,$970,$970,$3,$-852,$0,$546,$546,$-580,$-580,$-101,$82,$-54,$-322,$56,$-101
22,2013-03-31,48.11,$32.91,1.46,$109.48,0.44,$11.52,4.18,$4.83,9.96,$6.34B,$18.90B,0.34,$6.48B,$10.73B,0.6,$37.22B,$9.97B,26.79%,$37.22B,$3.02B,8.12%,$37.22B,$3.02B,8.12%,$37.22B,$3.49B,9.38%,$37.22B,$2.51B,6.75%,$37.22B,$1.64B,4.40%,$1.64B,$10.73B,15.48%,$1.64B,$3.73B,46.34%,$1.64B,$42.52B,4.01%,$3.02B,$17.21B,18.72%,$9539,$6939,$2600,$0,$1739,$8678,$861,$-110,$751,$260,$491,$491,$490,$979,$861,$328,331,$1.50,$1.48,$3228,$0,$0,$6335,$539,$21832,$6996,$6464,$36182,$42517,$18895,$6484,$6017,$12895,$31790,$1210,$10585,$-1114,$10727,$42517,$491,$118,$-24,$94,$-414,$0,$283,$-104,$-44,$544,$-86,$0,$0,$0,$217,$217,$3,$134,$0,$100,$100,$-146,$-146,$-44,$61,$-29,$649,$25,$-44
23,2012-12-31,43.38,$31.84,1.36,$105.63,0.41,$12.81,3.39,$4.78,9.07,$5.26B,$18.17B,0.29,$6.48B,$10.43B,0.62,$36.60B,$9.92B,27.10%,$36.60B,$3.04B,8.32%,$36.60B,$3.04B,8.32%,$36.60B,$3.52B,9.60%,$36.60B,$2.55B,6.96%,$36.60B,$1.66B,4.53%,$1.66B,$10.43B,15.84%,$1.66B,$3.40B,48.86%,$1.66B,$41.50B,4.14%,$3.04B,$16.91B,19.75%,$9930,$7554,$2375,$0,$1924,$9479,$451,$-159,$292,$101,$191,$191,$190,$569,$451,$340,345,$0.58,$0.59,$2579,$0,$0,$5256,$540,$22114,$7033,$6125,$36239,$41495,$18166,$6481,$5945,$12900,$31065,$1095,$10344,$-1033,$10429,$41495,$1660,$472,$52,$523,$-164,$0,$38,$-340,$-368,$1825,$-338,$0,$-9,$0,$116,$116,$0,$-231,$2388,$-426,$1962,$-1462,$-1462,$-242,$48,$306,$1900,$122,$-242
24,2012-09-30,36.94,$32.58,1.13,$99.40,0.37,$14.12,2.62,$5.24,7.05,$3.34B,$17.19B,0.19,$4.62B,$10.90B,0.42,$35.25B,$10.08B,28.61%,$35.25B,$3.30B,9.36%,$35.25B,$3.30B,9.36%,$35.25B,$3.78B,10.71%,$35.25B,$2.86B,8.13%,$35.25B,$1.84B,5.22%,$1.84B,$10.90B,17.71%,$1.84B,$3.83B,56.06%,$1.84B,$39.84B,4.68%,$3.30B,$15.51B,22.42%,$8917,$6365,$2552,$0,$1640,$8005,$913,$-138,$775,$275,$500,$500,$499,$1031,$913,$335,339,$1.49,$1.47,$638,$0,$0,$3336,$539,$21550,$7063,$7248,$36503,$39838,$17187,$4616,$6912,$11755,$28942,$1074,$10712,$-889,$10897,$39838,$1469,$354,$36,$390,$-254,$0,$28,$-590,$-583,$1280,$-253,$0,$-9,$0,$-208,$-208,$0,$-469,$589,$-356,$233,$-938,$-938,$-183,$36,$-853,$-42,$96,$-183
25,2012-06-30,36.0,$30.69,1.17,$95.56,0.38,$15.83,2.27,$5.07,7.1,$3.53B,$17.31B,0.2,$4.71B,$10.26B,0.46,$34.80B,$10.19B,29.28%,$34.80B,$3.23B,9.28%,$34.80B,$3.23B,9.28%,$34.80B,$3.70B,10.63%,$34.80B,$2.84B,8.16%,$34.80B,$1.83B,5.26%,$1.83B,$10.26B,17.78%,$1.83B,$3.17B,56.20%,$1.83B,$39.45B,4.70%,$3.23B,$14.96B,22.32%,$8836,$6392,$2444,$0,$1646,$8038,$798,$-101,$696,$238,$458,$458,$458,$914,$798,$342,346,$1.34,$1.32,$922,$0,$0,$3531,$542,$20866,$7088,$7055,$35922,$39453,$17312,$4706,$6838,$11885,$29197,$1040,$10271,$-1055,$10256,$39453,$970,$236,$-7,$229,$-140,$0,$501,$-559,$-90,$1118,$-151,$0,$0,$0,$37,$37,$0,$-114,$713,$-426,$287,$-943,$-943,$-130,$24,$-762,$242,$65,$-130
26,2012-03-31,46.4,$29.65,1.57,$91.58,0.51,$15.00,3.09,$5.14,9.03,$3.27B,$17.84B,0.18,$3.98B,$10.30B,0.39,$34.31B,$10.25B,29.86%,$34.31B,$3.34B,9.73%,$34.31B,$3.34B,9.73%,$34.31B,$3.80B,11.08%,$34.31B,$2.97B,8.64%,$34.31B,$1.91B,5.57%,$1.91B,$10.30B,18.48%,$1.91B,$3.18B,56.58%,$1.91B,$39.34B,4.94%,$3.34B,$14.28B,23.31%,$8917,$6369,$2548,$0,$1666,$8035,$882,$-97,$785,$273,$512,$512,$511,$1001,$882,$350,357,$1.46,$1.43,$809,$0,$0,$3272,$551,$20999,$7124,$6994,$36065,$39336,$17836,$3978,$6903,$11201,$29037,$994,$10453,$-1148,$10299,$39336,$512,$119,$-18,$100,$-84,$0,$643,$-396,$406,$1020,$-68,$0,$0,$0,$-142,$-142,$0,$-210,$0,$-276,$-276,$-371,$-371,$-62,$28,$-681,$129,$33,$-62
27,2011-12-31,38.88,$28.94,1.34,$88.03,0.44,$13.63,2.85,$5.21,7.46,$3.23B,$17.47B,0.19,$3.98B,$10.12B,0.39,$33.78B,$10.25B,30.34%,$33.78B,$3.45B,10.20%,$33.78B,$3.45B,10.20%,$33.78B,$3.90B,11.53%,$33.78B,$3.08B,9.11%,$33.78B,$1.99B,5.88%,$1.99B,$10.12B,19.25%,$1.99B,$2.96B,55.21%,$1.99B,$38.59B,5.18%,$3.45B,$14.10B,24.32%,$8575,$6037,$2538,$0,$1833,$7870,$705,$-97,$608,$234,$374,$374,$373,$829,$705,$373,380,$1.05,$1.03,$680,$0,$0,$3226,$557,$20491,$7163,$6770,$35367,$38593,$17472,$3978,$6814,$11001,$28473,$963,$10347,$-1189,$10120,$38593,$1987,$449,$-25,$424,$16,$0,$-96,$22,$97,$2511,$-372,$0,$-1556,$0,$48,$48,$0,$-1880,$-420,$426,$6,$-1688,$-1688,$-171,$33,$-1819,$-1188,$141,$-171
28,2011-09-30,33.35,$29.06,1.15,$85.67,0.39,$10.66,3.13,$4.72,7.07,$4.48B,$17.62B,0.25,$3.98B,$10.53B,0.38,$33.75B,$10.01B,29.65%,$33.75B,$3.15B,9.33%,$33.75B,$3.15B,9.33%,$33.75B,$3.59B,10.65%,$33.75B,$2.78B,8.25%,$33.75B,$1.83B,5.42%,$1.83B,$10.53B,17.82%,$1.83B,$3.74B,46.66%,$1.83B,$38.69B,4.80%,$3.15B,$14.51B,22.49%,$8475,$5816,$2659,$0,$1816,$7633,$843,$-91,$751,$261,$490,$490,$490,$956,$843,$369,377,$1.33,$1.30,$1958,$0,$0,$4483,$533,$19903,$6790,$6581,$34211,$38694,$17618,$3977,$6346,$10547,$28166,$910,$10621,$-1001,$10529,$38694,$1613,$325,$-59,$267,$-158,$0,$243,$-117,$126,$2014,$-227,$0,$-1130,$0,$603,$603,$0,$-754,$-420,$450,$30,$-1110,$-1110,$-113,$23,$-1169,$90,$108,$-113
29,2011-06-30,40.32,$27.95,1.44,$83.57,0.48,$7.42,5.43,$4.61,8.75,$3.70B,$17.27B,0.21,$3.98B,$10.42B,0.38,$33.81B,$9.76B,28.86%,$33.81B,$3.16B,9.34%,$33.81B,$3.16B,9.34%,$33.81B,$3.59B,10.63%,$33.81B,$2.80B,8.28%,$33.81B,$1.84B,5.43%,$1.84B,$10.42B,18.14%,$1.84B,$3.64B,45.16%,$1.84B,$38.22B,4.81%,$3.16B,$14.40B,23.00%,$8344,$5845,$2500,$0,$1592,$7436,$908,$-87,$821,$284,$537,$537,$537,$1015,$908,$379,387,$1.42,$1.39,$911,$0,$0,$3701,$535,$20251,$6785,$6596,$34517,$38218,$17268,$3977,$6395,$10527,$27795,$841,$10676,$-1094,$10424,$38218,$1123,$212,$-11,$201,$-313,$0,$-105,$-189,$-438,$897,$-137,$0,$-1098,$0,$-99,$-99,$0,$-1335,$-420,$550,$130,$-604,$-604,$-57,$13,$-519,$-957,$75,$-57
30,2011-03-31,34.09,$26.89,1.27,$81.89,0.42,$6.88,4.95,$4.36,7.82,$4.13B,$17.39B,0.24,$3.48B,$10.20B,0.34,$34.01B,$9.66B,28.41%,$34.01B,$3.10B,9.11%,$34.01B,$3.10B,9.11%,$34.01B,$3.53B,10.38%,$34.01B,$2.74B,8.06%,$34.01B,$1.79B,5.27%,$1.79B,$10.20B,17.72%,$1.79B,$4.05B,41.43%,$1.79B,$37.80B,4.68%,$3.10B,$13.69B,23.12%,$8388,$5834,$2554,$0,$1564,$7397,$991,$-92,$898,$312,$586,$586,$586,$1096,$991,$384,391,$1.53,$1.50,$1444,$0,$0,$4129,$521,$19849,$6151,$6782,$33673,$37801,$17388,$3483,$6616,$10210,$27598,$710,$10681,$-1187,$10203,$37801,$586,$105,$-22,$83,$-286,$0,$115,$-219,$-93,$572,$-63,$0,$-494,$0,$149,$149,$0,$-407,$-450,$85,$-365,$-230,$-230,$0,$7,$-588,$-423,$37,$0
31,2010-12-31,27.79,$25.73,1.08,$80.06,0.35,$7.31,3.8,$4.14,6.71,$4.60B,$17.63B,0.26,$3.48B,$9.89B,0.35,$34.25B,$9.51B,27.78%,$34.25B,$2.99B,8.74%,$34.25B,$2.99B,8.74%,$34.25B,$3.41B,9.96%,$34.25B,$2.65B,7.72%,$34.25B,$1.77B,5.16%,$1.77B,$9.89B,17.61%,$1.77B,$4.25B,40.52%,$1.77B,$37.74B,4.59%,$2.99B,$13.37B,22.57%,$8540,$6246,$2294,$0,$1890,$8135,$405,$-92,$313,$97,$216,$216,$216,$527,$405,$416,423,$0.58,$0.57,$1868,$0,$0,$4603,$529,$19919,$5642,$6689,$33137,$37739,$17633,$3483,$6733,$10215,$27849,$652,$10402,$-1163,$9891,$37739,$1767,$416,$-150,$265,$-39,$0,$-453,$-309,$-618,$1412,$-289,$0,$-0,$0,$923,$923,$0,$635,$698,$-481,$217,$-1563,$-1563,$-16,$-21,$-1383,$664,$110,$-16
32,2010-09-30,28.76,$24.99,1.15,$79.35,0.36,$9.39,3.06,$3.99,7.21,$4.75B,$17.92B,0.27,$3.48B,$10.00B,0.35,$34.46B,$9.34B,27.09%,$34.46B,$2.91B,8.45%,$34.46B,$2.91B,8.45%,$34.46B,$3.25B,9.43%,$34.46B,$2.57B,7.46%,$34.46B,$1.72B,4.99%,$1.72B,$10.00B,17.28%,$1.72B,$4.33B,40.49%,$1.72B,$39.15B,4.43%,$2.91B,$13.48B,22.06%,$8539,$6130,$2409,$0,$1554,$7684,$855,$-87,$767,$270,$498,$498,$498,$956,$855,$413,419,$1.21,$1.19,$1796,$0,$0,$4750,$540,$20817,$5664,$6881,$34401,$39151,$17920,$3482,$7752,$11234,$29154,$574,$10785,$-1362,$9997,$39151,$1551,$293,$-123,$170,$-98,$0,$-397,$-589,$-877,$847,$-217,$0,$-0,$0,$472,$472,$0,$254,$698,$-245,$452,$-920,$-920,$0,$-41,$-509,$592,$86,$0
33,2010-06-30,24.0,$24.79,0.97,$78.58,0.31,$11.47,2.09,$3.53,6.8,$4.46B,$18.33B,0.24,$2.74B,$10.35B,0.27,$34.65B,$9.06B,26.16%,$34.65B,$2.62B,7.57%,$34.65B,$2.62B,7.57%,$34.65B,$3.00B,8.65%,$34.65B,$2.28B,6.59%,$34.65B,$1.55B,4.46%,$1.55B,$10.35B,15.73%,$1.55B,$4.66B,37.49%,$1.55B,$38.35B,4.02%,$2.62B,$13.09B,19.96%,$8546,$6139,$2407,$0,$1558,$7697,$848,$-85,$764,$273,$491,$491,$491,$950,$848,$423,430,$1.16,$1.14,$1406,$0,$0,$4459,$551,$20660,$5688,$6467,$33889,$38348,$18325,$2741,$6936,$9676,$28002,$542,$10830,$-1026,$10346,$38348,$1054,$192,$-73,$119,$-220,$0,$-282,$27,$-418,$755,$-145,$0,$-0,$0,$119,$119,$0,$-26,$0,$-31,$-31,$-457,$-457,$0,$-39,$-527,$202,$57,$0
34,2010-03-31,31.94,$23.36,1.37,$77.95,0.41,$11.74,2.72,$3.16,10.11,$4.36B,$18.52B,0.24,$3.19B,$9.92B,0.32,$34.77B,$8.72B,25.08%,$34.77B,$2.37B,6.83%,$34.77B,$2.37B,6.83%,$34.77B,$2.72B,7.81%,$34.77B,$2.03B,5.85%,$34.77B,$1.40B,4.03%,$1.40B,$9.92B,14.82%,$1.40B,$4.21B,37.38%,$1.40B,$38.97B,3.68%,$2.37B,$13.11B,18.28%,$8622,$6218,$2404,$0,$1517,$7735,$886,$-85,$801,$238,$563,$563,$563,$977,$886,$431,440,$1.30,$1.28,$1570,$0,$0,$4364,$556,$20877,$5712,$6828,$34609,$38973,$18516,$3190,$7226,$10533,$29049,$499,$10567,$-1143,$9924,$38973,$563,$91,$-61,$30,$-93,$0,$168,$-66,$244,$837,$-75,$0,$-0,$0,$-224,$-224,$0,$-299,$0,$-1,$-1,$-158,$-158,$0,$-12,$-172,$367,$28,$0
35,2009-12-31,28.84,$22.06,1.31,$77.00,0.37,$11.60,2.49,$2.83,10.19,$3.75B,$17.37B,0.22,$3.64B,$9.50B,0.38,$34.76B,$8.63B,24.81%,$34.76B,$2.24B,6.45%,$34.76B,$2.24B,6.45%,$34.76B,$2.59B,7.45%,$34.76B,$1.90B,5.47%,$34.76B,$1.28B,3.67%,$1.28B,$9.50B,14.08%,$1.28B,$3.77B,38.04%,$1.28B,$38.55B,3.42%,$2.24B,$13.14B,17.65%,$8756,$6642,$2115,$0,$1791,$8433,$324,$-85,$239,$73,$166,$166,$166,$366,$324,$441,450,$0.39,$0.39,$1204,$0,$0,$3747,$551,$20183,$5737,$7616,$34803,$38550,$17367,$3640,$8040,$11680,$29047,$470,$10257,$-1223,$9504,$38550,$1277,$349,$20,$369,$-54,$0,$342,$570,$844,$2488,$-362,$0,$-75,$0,$-1563,$-1563,$0,$-2000,$0,$266,$266,$-758,$-758,$-17,$45,$-465,$24,$91,$-17
36,2009-09-30,25.28,$22.01,1.15,$73.41,0.34,$10.48,2.41,$2.87,8.81,$4.78B,$17.15B,0.28,$3.64B,$9.54B,0.38,$33.77B,$8.48B,25.10%,$33.77B,$2.37B,7.01%,$33.77B,$2.37B,7.01%,$33.77B,$2.76B,8.16%,$33.77B,$2.02B,5.97%,$33.77B,$1.31B,3.87%,$1.31B,$9.54B,14.94%,$1.31B,$3.86B,43.20%,$1.31B,$38.14B,3.56%,$2.37B,$13.18B,19.12%,$8722,$6584,$2138,$0,$1576,$8160,$563,$-85,$478,$152,$326,$326,$326,$704,$563,$436,445,$0.75,$0.73,$1830,$0,$0,$4778,$533,$19173,$5684,$7378,$33357,$38135,$17150,$3639,$7806,$11445,$28595,$457,$10202,$-1119,$9540,$38135,$1111,$307,$7,$314,$-157,$0,$326,$246,$435,$1856,$-259,$0,$-6,$0,$-220,$-220,$0,$-485,$0,$-105,$-105,$-647,$-647,$0,$32,$-720,$651,$81,$0
37,2009-06-30,22.76,$20.34,1.12,$69.67,0.33,$9.90,2.3,$2.72,8.37,$4.50B,$16.50B,0.27,$3.64B,$8.88B,0.41,$32.67B,$8.28B,25.35%,$32.67B,$2.31B,7.08%,$32.67B,$2.31B,7.08%,$32.67B,$2.65B,8.12%,$32.67B,$1.96B,6.01%,$32.67B,$1.26B,3.85%,$1.26B,$8.88B,14.48%,$1.26B,$3.17B,42.79%,$1.26B,$36.76B,3.45%,$2.31B,$12.52B,18.77%,$8671,$6606,$2065,$0,$1464,$8070,$601,$-85,$515,$169,$347,$347,$347,$669,$601,$443,451,$0.78,$0.77,$1208,$0,$0,$4504,$510,$18013,$5708,$7185,$32258,$36763,$16497,$3639,$7750,$11389,$27885,$421,$10007,$-1550,$8877,$36763,$784,$165,$58,$224,$-294,$0,$284,$-68,$-80,$927,$-168,$0,$-6,$0,$-209,$-209,$0,$-383,$0,$-20,$-20,$-530,$-530,$0,$34,$-516,$28,$56,$0
38,2009-03-31,22.1,$18.72,1.18,$66.22,0.33,$10.02,2.21,$2.92,7.57,$4.87B,$16.27B,0.3,$3.64B,$8.36B,0.44,$31.83B,$8.39B,26.36%,$31.83B,$2.49B,7.82%,$31.83B,$2.49B,7.82%,$31.83B,$2.85B,8.97%,$31.83B,$2.18B,6.86%,$31.83B,$1.39B,4.37%,$1.39B,$8.36B,15.65%,$1.39B,$2.64B,44.58%,$1.39B,$35.98B,3.76%,$2.49B,$12.00B,20.06%,$8615,$6308,$2307,$0,$1552,$7860,$755,$-86,$669,$231,$438,$438,$438,$852,$755,$453,462,$0.97,$0.95,$1747,$0,$0,$4865,$493,$16597,$5729,$7169,$31113,$35979,$16272,$3639,$7704,$11343,$27615,$396,$9877,$-1910,$8364,$35979,$438,$97,$36,$133,$-257,$0,$366,$-69,$257,$826,$-89,$0,$0,$0,$203,$203,$0,$115,$0,$-115,$-115,$-260,$-260,$0,$2,$-373,$568,$37,$0
39,2008-12-31,25.89,$17.94,1.44,$62.75,0.41,$10.02,2.58,$2.82,9.18,$4.28B,$16.01B,0.27,$3.64B,$8.19B,0.44,$30.95B,$8.23B,26.58%,$30.95B,$2.48B,8.00%,$30.95B,$2.48B,8.00%,$30.95B,$2.84B,9.17%,$30.95B,$2.18B,7.03%,$30.95B,$1.39B,4.47%,$1.39B,$8.19B,14.94%,$1.39B,$2.43B,39.87%,$1.39B,$35.85B,3.67%,$2.48B,$11.83B,19.56%,$7759,$5794,$1966,$0,$1518,$7312,$448,$-93,$355,$160,$195,$195,$195,$531,$448,$476,488,$0.45,$0.43,$1180,$0,$0,$4275,$468,$17063,$5753,$7214,$31578,$35853,$16014,$3638,$8014,$11653,$27666,$351,$9717,$-1881,$8186,$35853,$1384,$363,$911,$1274,$-106,$0,$-87,$-116,$-447,$2207,$-447,$0,$0,$0,$-627,$-627,$0,$-1073,$485,$86,$570,$-1758,$-1758,$-18,$-2,$-1208,$-75,$96,$-18
40,2008-09-30,32.75,$20.16,1.62,$60.42,0.54,$9.57,3.42,$3.27,10.02,$4.35B,$16.63B,0.26,$3.64B,$9.30B,0.39,$30.34B,$8.38B,27.63%,$30.34B,$2.79B,9.20%,$30.34B,$2.79B,9.20%,$30.34B,$3.16B,10.41%,$30.34B,$2.51B,8.26%,$30.34B,$1.64B,5.40%,$1.64B,$9.30B,16.83%,$1.64B,$3.51B,41.90%,$1.64B,$37.26B,3.95%,$2.79B,$12.94B,21.49%,$7625,$5681,$1943,$0,$1435,$7116,$509,$-86,$423,$145,$277,$277,$277,$602,$509,$468,480,$0.59,$0.58,$864,$0,$0,$4345,$422,$17854,$5782,$8339,$32918,$37263,$16629,$3638,$7688,$11337,$27966,$326,$9637,$-666,$9297,$37263,$1189,$280,$578,$858,$-219,$0,$74,$-55,$-296,$1752,$-305,$0,$0,$0,$-1052,$-1052,$0,$-1357,$485,$352,$837,$-1644,$-1644,$0,$22,$-786,$-390,$80,$0
41,2008-06-30,36.76,$20.58,1.79,$57.83,0.64,$8.72,4.21,$3.64,10.1,$4.23B,$17.03B,0.25,$3.14B,$9.71B,0.32,$29.67B,$8.54B,28.78%,$29.67B,$3.11B,10.49%,$29.67B,$3.11B,10.49%,$29.67B,$3.47B,11.68%,$29.67B,$2.84B,9.57%,$29.67B,$1.86B,6.26%,$1.86B,$9.71B,18.94%,$1.86B,$3.90B,46.59%,$1.86B,$38.69B,4.16%,$3.11B,$12.85B,24.36%,$7828,$5654,$2174,$0,$1398,$7052,$776,$-40,$736,$255,$481,$481,$481,$869,$776,$481,496,$1.00,$0.97,$831,$0,$0,$4229,$393,$18513,$5807,$9455,$34464,$38692,$17028,$3139,$8811,$11958,$28986,$288,$9850,$-433,$9706,$38692,$912,$186,$170,$356,$-273,$0,$195,$-79,$-183,$1084,$-193,$0,$0,$0,$-700,$-700,$0,$-892,$0,$506,$506,$-1139,$-1139,$0,$19,$-615,$-423,$56,$0
42,2008-03-31,38.18,$20.38,1.87,$54.82,0.7,$8.76,4.36,$3.52,10.85,$4.84B,$17.05B,0.28,$3.14B,$9.88B,0.32,$28.64B,$8.27B,28.87%,$28.64B,$3.03B,10.56%,$28.64B,$3.03B,10.56%,$28.64B,$3.36B,11.75%,$28.64B,$2.79B,9.76%,$28.64B,$1.83B,6.38%,$1.83B,$9.88B,18.65%,$1.83B,$4.05B,44.36%,$1.83B,$39.16B,3.86%,$3.03B,$13.02B,24.02%,$7739,$5595,$2144,$0,$1401,$6996,$743,$-82,$661,$229,$432,$432,$432,$836,$743,$494,509,$0.87,$0.85,$1371,$0,$0,$4840,$375,$18521,$5834,$9309,$34318,$39159,$17052,$3139,$8823,$12226,$29277,$250,$9970,$-338,$9882,$39159,$432,$93,$120,$213,$-264,$0,$376,$-47,$253,$898,$-83,$0,$0,$0,$-435,$-435,$0,$-518,$0,$249,$249,$-540,$-540,$0,$28,$-263,$117,$32,$0
43,2007-12-31,52.36,$20.23,2.59,$52.11,1.0,$8.56,6.12,$3.48,15.05,$4.56B,$16.25B,0.28,$3.14B,$10.04B,0.31,$27.60B,$8.06B,29.19%,$27.60B,$3.01B,10.91%,$27.60B,$3.01B,10.91%,$27.60B,$3.34B,12.08%,$27.60B,$2.80B,10.13%,$27.60B,$1.83B,6.63%,$1.83B,$10.04B,18.87%,$1.83B,$4.18B,44.00%,$1.83B,$50.73B,3.68%,$3.01B,$13.18B,24.43%,$7144,$5024,$2120,$0,$1356,$6380,$764,$-80,$685,$236,$448,$448,$448,$852,$764,$509,527,$0.90,$0.86,$1254,$0,$0,$4559,$364,$18081,$5861,$21538,$46166,$50725,$16245,$3139,$21156,$24441,$40686,$189,$10138,$-288,$10038,$50725,$1831,$325,$69,$394,$-92,$0,$24,$-119,$-158,$2066,$-400,$0,$-572,$0,$-65,$-65,$0,$-1038,$664,$86,$749,$-1525,$-1525,$-20,$142,$-654,$374,$89,$-20
44,2007-09-30,49.19,$19.20,2.56,$49.73,0.99,$7.85,6.26,$3.41,14.42,$4.53B,$16.69B,0.27,$2.44B,$9.61B,0.25,$26.81B,$7.89B,29.43%,$26.81B,$2.97B,11.08%,$26.81B,$2.97B,11.08%,$26.81B,$3.29B,12.26%,$26.81B,$2.78B,10.35%,$26.81B,$1.82B,6.78%,$1.82B,$9.61B,19.17%,$1.82B,$3.83B,44.54%,$1.82B,$50.06B,3.71%,$2.97B,$12.05B,24.93%,$6961,$4861,$2101,$0,$1271,$6132,$829,$-70,$759,$263,$497,$497,$497,$910,$829,$507,524,$0.98,$0.95,$1131,$0,$0,$4525,$332,$17822,$5779,$21210,$45538,$50063,$16687,$2443,$21271,$23769,$40456,$108,$10038,$-539,$9607,$50063,$1383,$237,$68,$305,$-202,$0,$42,$-111,$-281,$1407,$-272,$0,$-506,$0,$205,$205,$0,$-573,$0,$485,$485,$-1198,$-1198,$0,$130,$-583,$251,$69,$0
45,2007-06-30,44.77,$18.93,2.37,$47.73,0.94,$7.46,6.0,$3.31,13.53,$4.68B,$16.28B,0.29,$2.44B,$9.68B,0.25,$26.15B,$7.74B,29.59%,$26.15B,$2.93B,11.22%,$26.15B,$2.93B,11.22%,$26.15B,$3.24B,12.40%,$26.15B,$2.75B,10.50%,$26.15B,$1.80B,6.87%,$1.80B,$9.68B,18.93%,$1.80B,$4.43B,42.75%,$1.80B,$49.57B,3.73%,$2.93B,$12.12B,24.59%,$6794,$4891,$1903,$0,$1214,$6105,$689,$-0,$689,$237,$451,$451,$451,$767,$689,$513,532,$0.88,$0.85,$1407,$0,$0,$4681,$295,$17819,$5252,$20923,$44892,$49572,$16282,$2443,$21012,$23610,$39892,$12,$10277,$-608,$9681,$49572,$886,$157,$20,$176,$-158,$0,$410,$-107,$89,$1149,$-174,$0,$0,$0,$35,$35,$0,$-139,$0,$-45,$-45,$-526,$-526,$0,$89,$-482,$527,$46,$0
46,2007-03-31,39.69,$18.51,2.14,$45.65,0.87,$6.44,6.16,$3.13,12.68,$4.65B,$16.25B,0.29,$2.44B,$9.48B,0.26,$25.61B,$7.61B,29.72%,$25.61B,$2.78B,10.87%,$25.61B,$2.78B,10.87%,$25.61B,$3.08B,12.04%,$25.61B,$2.65B,10.36%,$25.61B,$1.74B,6.77%,$1.74B,$9.48B,18.15%,$1.74B,$4.21B,40.87%,$1.74B,$48.64B,3.66%,$2.78B,$11.93B,23.19%,$6700,$4768,$1933,$0,$1205,$5972,$728,$-64,$664,$229,$435,$435,$435,$807,$728,$516,536,$0.84,$0.81,$1430,$0,$0,$4653,$283,$17951,$5273,$19952,$43983,$48637,$16249,$2443,$20124,$22904,$39153,$159,$9838,$-514,$9483,$48637,$435,$79,$-1,$79,$-152,$0,$444,$-151,$316,$829,$-79,$0,$0,$0,$0,$0,$66,$-13,$0,$-35,$-35,$-262,$-262,$0,$32,$-266,$550,$25,$0
47,2006-12-31,39.13,$17.72,2.21,$43.68,0.9,$5.56,7.04,$3.00,13.04,$3.94B,$15.94B,0.25,$2.44B,$9.15B,0.27,$25.15B,$7.53B,29.93%,$25.15B,$2.71B,10.76%,$25.15B,$2.71B,10.76%,$25.15B,$3.00B,11.91%,$25.15B,$2.59B,10.29%,$25.15B,$1.70B,6.77%,$1.70B,$9.15B,17.36%,$1.70B,$3.85B,38.14%,$1.70B,$47.63B,3.65%,$2.71B,$11.59B,22.70%,$6359,$4405,$1955,$0,$1229,$5634,$726,$-63,$663,$229,$434,$434,$434,$804,$726,$546,569,$0.83,$0.79,$880,$0,$0,$3935,$284,$18070,$5295,$19579,$43692,$47626,$15941,$2442,$20056,$22541,$38481,$366,$9405,$-626,$9145,$47626,$1702,$289,$47,$336,$-61,$0,$-106,$-206,$-343,$1688,$-291,$0,$-161,$0,$-102,$-102,$0,$-553,$829,$45,$874,$-2207,$-2207,$-21,$-94,$-1448,$-313,$74,$-21
