,Date,Stock Price,Book Value per Share,Price to Book Ratio,TTM Sales per Share,Price to Sales Ratio,TTM FCF per Share,Price to FCF Ratio,TTM Net EPS,PE Ratio,Current Assets,Current Liabilities,Current Ratio,Long Term Debt,Shareholder's Equity_x,Debt to Equity Ratio,TTM Revenue_x,TTM Gross Profit,Gross Margin,TTM Revenue_y,TTM Operating Income,Operating Margin,TTM Revenue_x,TTM EBIT,EBIT Margin,TTM Revenue_y,TTM EBITDA,EBITDA Margin,TTM Revenue_x,TTM Pre-Tax Income,Pre-Tax Margin,TTM Revenue_y,TTM Net Income_x,Net Margin,TTM Net Income_y,Shareholder's Equity_y,Return on Equity,TTM Net Income_x,Tangible Equity,Return on Tangible Equity,TTM Net Income_y,Total Assets,Return on Assets,TTM Net Income,LT Investments & Debt,Return on Investment,revenue,cost-goods-sold,gross-profit,research-development-expenses,selling-general-administrative-expenses,operating-expenses,operating-income,total-non-operating-income-expense,pre-tax-income,total-provision-income-taxes,income-after-taxes,income-from-continuous-operations,net-income,ebitda,ebit,basic-shares-outstanding,shares-outstanding,eps-basic-net-earnings-per-share,eps-earnings-per-share-diluted,cash-on-hand,inventory,other-current-assets,total-current-assets,net-property-plant-equipment,long-term-investments,goodwill-intangible-assets-total,other-long-term-assets,total-long-term-assets,total-assets,total-current-liabilities,long-term-debt,other-non-current-liabilities,total-long-term-liabilities,total-liabilities,common-stock-net,retained-earnings-accumulated-deficit,comprehensive-income,total-share-holder-equity,total-liabilities-share-holders-equity,net-income-loss,total-depreciation-amortization-cash-flow,other-non-cash-items,total-non-cash-items,change-in-accounts-receivable,change-in-inventories,change-in-accounts-payable,change-in-assets-liabilities,total-change-in-assets-liabilities,cash-flow-from-operating-activities,net-change-in-property-plant-equipment,net-change-in-intangible-assets,net-acquisitions-divestitures,net-change-in-short-term-investments,net-change-in-long-term-investments,net-change-in-investments-total,investing-activities-other,cash-flow-from-investing-activities,net-long-term-debt,net-current-debt,debt-issuance-retirement-net-total,net-common-equity-issued-repurchased,net-total-equity-issued-repurchased,total-common-preferred-stock-dividends-paid,financial-activities-other,cash-flow-from-financial-activities,net-cash-flow,stock-based-compensation,common-stock-dividends-paid
0,2018-09-30,0.71,$1.42,0.5,$5.62,0.13,$-0.46,0.0,$-0.32,0.0,$0.01B,$0.01B,1.49,$0.00B,$0.01B,0.0,$0.05B,$0.00B,6.25%,$0.05B,$-0.01B,-10.42%,$0.05B,$-0.01B,-10.42%,$0.05B,$-0.00B,-8.33%,$0.05B,$-0.01B,-12.50%,$0.05B,0,0.00%,$0.00B,$0.01B,0.00%,$0.00B,$0.01B,0.00%,$0.00B,$0.02B,0.00%,$-0.01B,$0.01B,-33.33%,$2,$1,$1,$0,$1,$3,$-1,$0,$-1,$0,$-1,$-1,$3,$-1,$-1,$9,11,$0.39,$0.32,$6,$0,$0,$8,$1,$0,$0,$0,$10,$18,$5,$0,$0,$0,$5,$0,$-5,$-1,$13,$18,$-1,$0,$-1,$-1,$-1,$-0,$-0,$0,$0,$-2,$-0,$0,$0,$0,$0,$0,$13,$13,$-0,$-6,$-6,$-0,$-0,$0,$-1,$-7,$3,$0,$0
1,2018-06-30,1.25,$1.07,1.17,$5.61,0.22,$-0.54,0.0,$-0.45,0.0,$0.02B,$0.02B,0.66,$0.00B,$0.01B,0.0,$0.05B,$0.00B,4.26%,$0.05B,$-0.01B,-10.64%,$0.05B,$-0.01B,-10.64%,$0.05B,$-0.00B,-8.51%,$0.05B,$-0.01B,-12.77%,$0.05B,$-0.00B,-8.51%,$-0.00B,$0.01B,-33.33%,$-0.00B,$0.01B,-34.04%,$-0.00B,$0.03B,-11.59%,$-0.01B,$0.01B,-30.77%,$2,$2,$1,$0,$1,$2,$-0,$0,$0,$0,$0,$0,$-2,$0,$-0,$9,9,$-0.23,$-0.23,$0,$0,$1,$15,$1,$0,$0,$0,$17,$32,$22,$0,$0,$0,$23,$0,$-8,$-0,$9,$32,$-5,$0,$-0,$0,$0,$-0,$-2,$5,$5,$0,$-0,$0,$0,$0,$0,$0,$1,$1,$0,$-0,$-0,$-0,$-0,$0,$-0,$-0,$1,$0,$0
2,2018-03-31,1.1,$1.38,0.8,$5.54,0.2,$-0.53,0.0,$-0.35,0.0,$0.02B,$0.02B,1.01,$0.01B,$0.01B,0.74,$0.05B,$0.00B,2.17%,$0.05B,$-0.01B,-10.87%,$0.05B,$-0.01B,-10.87%,$0.05B,$-0.00B,-8.70%,$0.05B,$-0.01B,-13.04%,$0.05B,$-0.00B,-6.52%,$-0.00B,$0.01B,-23.53%,$-0.00B,$0.01B,-24.00%,$-0.00B,$0.03B,-8.39%,$-0.01B,$0.02B,-27.03%,$8,$9,$-1,$0,$2,$11,$-3,$-0,$-3,$0,$-3,$-3,$-3,$-3,$-3,$9,9,$-0.35,$-0.35,$1,$2,$4,$15,$7,$0,$1,$0,$18,$33,$15,$6,$0,$6,$21,$0,$-6,$1,$12,$33,$-3,$0,$-0,$0,$0,$-1,$-2,$3,$1,$-2,$-0,$0,$0,$0,$0,$0,$0,$-0,$0,$-0,$-0,$-0,$-0,$0,$0,$-0,$-2,$0,$0
3,2017-12-31,1.5,$1.67,0.9,$5.55,0.27,$-0.47,0.0,$-0.31,0.0,$0.02B,$0.02B,1.07,$0.01B,$0.01B,0.55,$0.05B,$0.00B,2.17%,$0.05B,$-0.00B,-8.70%,$0.05B,$-0.00B,-8.70%,$0.05B,$-0.00B,-6.52%,$0.05B,$-0.01B,-10.87%,$0.05B,$-0.00B,-6.52%,$-0.00B,$0.02B,-23.08%,$-0.00B,$0.02B,-23.53%,$-0.00B,$0.04B,-8.33%,$-0.00B,$0.02B,-21.05%,$36,$34,$2,$0,$3,$37,$-1,$-1,$-2,$-3,$1,$1,$2,$-0,$-1,$9,9,$0.27,$0.27,$0,$0,$0,$17,$1,$0,$0,$0,$19,$36,$16,$6,$0,$6,$21,$0,$-3,$0,$15,$36,$-2,$1,$-3,$-2,$1,$-0,$3,$1,$4,$-1,$-0,$0,$0,$0,$0,$0,$1,$1,$3,$-2,$1,$-0,$-0,$0,$-0,$1,$1,$0,$0
4,2017-09-30,1.6,$1.34,1.19,$2.42,0.66,$-1.19,0.0,$-0.78,0.0,$0.02B,$0.02B,1.12,$0.01B,$0.01B,0.86,$0.02B,$-0.00B,-5.26%,$0.02B,$-0.01B,-26.32%,$0.02B,$-0.01B,-26.32%,$0.02B,$-0.00B,-21.05%,$0.02B,$-0.01B,-26.32%,$0.02B,$-0.01B,-36.84%,$-0.01B,$0.01B,-52.83%,$-0.01B,$0.01B,-54.90%,$-0.01B,$0.04B,-19.58%,$-0.01B,$0.02B,-26.67%,$1,$1,$0,$0,$1,$2,$-1,$0,$-1,$0,$-1,$-1,$-1,$-1,$-1,$9,9,$-0.13,$-0.13,$1,$1,$7,$18,$7,$0,$0,$0,$19,$37,$16,$6,$0,$9,$25,$0,$-5,$0,$12,$37,$-5,$0,$3,$3,$-0,$-0,$0,$-0,$-0,$-2,$-0,$0,$0,$0,$0,$0,$1,$1,$1,$-0,$1,$-0,$-0,$0,$-0,$1,$-1,$0,$0
5,2017-06-30,1.77,$1.45,1.22,$3.29,0.54,$-1.63,0.0,$-0.98,0.0,$0.02B,$0.02B,1.18,$0.01B,$0.01B,0.77,$0.03B,$-0.00B,-3.70%,$0.03B,$-0.01B,-25.93%,$0.03B,$-0.01B,-25.93%,$0.03B,$-0.01B,-18.52%,$0.03B,$-0.01B,-25.93%,$0.03B,$-0.01B,-33.33%,$-0.01B,$0.01B,-62.07%,$-0.01B,$0.01B,-63.16%,$-0.01B,$0.04B,-25.17%,$-0.01B,$0.02B,-35.90%,$1,$1,$0,$0,$1,$2,$-0,$0,$-0,$-0,$-0,$-0,$-1,$-0,$-0,$9,9,$-0.13,$-0.13,$4,$1,$7,$19,$7,$0,$0,$0,$19,$37,$16,$6,$0,$9,$25,$0,$-4,$0,$12,$37,$-4,$0,$-0,$0,$0,$0,$1,$3,$4,$0,$-0,$0,$0,$0,$0,$0,$1,$1,$1,$-0,$1,$-0,$-0,$0,$-0,$1,$2,$0,$0
6,2017-03-31,2.15,$1.57,1.37,$4.52,0.48,$-2.18,0.0,$-0.84,0.0,$0.02B,$0.01B,1.31,$0.01B,$0.01B,0.69,$0.04B,0,0.00%,$0.04B,$-0.01B,-18.92%,$0.04B,$-0.01B,-18.92%,$0.04B,$-0.01B,-13.51%,$0.04B,$-0.01B,-18.92%,$0.04B,$-0.01B,-21.62%,$-0.01B,$0.01B,-48.48%,$-0.01B,$0.01B,-49.23%,$-0.01B,$0.03B,-22.38%,$-0.01B,$0.02B,-33.33%,$8,$9,$-1,$0,$2,$10,$-2,$-0,$-2,$0,$-2,$-2,$-3,$-2,$-2,$8,8,$-0.31,$-0.31,$2,$1,$6,$15,$7,$0,$1,$0,$19,$34,$11,$6,$0,$9,$21,$0,$-3,$0,$13,$34,$-2,$0,$0,$0,$2,$0,$-0,$-0,$1,$-1,$-0,$0,$0,$0,$0,$0,$0,$-0,$1,$0,$1,$0,$0,$0,$-0,$1,$-0,$0,$0
7,2016-12-31,1.55,$1.86,0.83,$4.56,0.34,$-2.27,0.0,$-0.89,0.0,$0.02B,$0.01B,1.26,$0.00B,$0.01B,0.35,$0.04B,$0.00B,2.70%,$0.04B,$-0.01B,-21.62%,$0.04B,$-0.01B,-21.62%,$0.04B,$-0.01B,-13.51%,$0.04B,$-0.01B,-21.62%,$0.04B,$-0.01B,-21.62%,$-0.01B,$0.02B,-43.84%,$-0.01B,$0.02B,-44.44%,$-0.01B,$0.04B,-21.92%,$-0.01B,$0.02B,-36.36%,$9,$9,$0,$0,$2,$11,$-2,$-0,$-2,$-0,$-2,$-2,$-2,$-1,$-2,$8,8,$-0.21,$-0.21,$2,$1,$6,$16,$7,$0,$1,$0,$19,$35,$13,$4,$0,$7,$20,$0,$-1,$-0,$16,$35,$-7,$1,$0,$1,$-1,$0,$4,$-4,$-1,$-7,$-0,$0,$0,$0,$0,$0,$1,$0,$-0,$0,$0,$-0,$-0,$-0,$0,$0,$-6,$1,$0
8,2016-09-30,2.4,$2.08,1.15,$4.36,0.55,$-1.21,0.0,$-1.13,0.0,$0.02B,$0.01B,1.48,$0.00B,$0.01B,0.31,$0.04B,$0.00B,2.78%,$0.04B,$-0.01B,-25.00%,$0.04B,$-0.01B,-25.00%,$0.04B,$-0.01B,-19.44%,$0.04B,$-0.01B,-25.00%,$0.04B,$-0.01B,-27.78%,$-0.01B,$0.02B,-50.00%,$-0.01B,$0.02B,-50.63%,$-0.01B,$0.04B,-26.67%,$-0.01B,$0.02B,-37.50%,$9,$9,$-0,$0,$2,$11,$-3,$0,$-3,$0,$-3,$-3,$-3,$-2,$-3,$8,8,$-0.33,$-0.33,$3,$1,$5,$18,$7,$0,$1,$0,$19,$37,$12,$4,$0,$7,$19,$0,$1,$0,$17,$37,$-5,$1,$-0,$1,$-0,$-0,$4,$-4,$-1,$-6,$-0,$0,$0,$0,$0,$0,$1,$0,$0,$0,$0,$-0,$-0,$-0,$0,$0,$-5,$0,$0
9,2016-06-30,2.65,$2.41,1.1,$4.99,0.53,$-0.12,0.0,$-0.79,0.0,$0.02B,$0.01B,1.83,$0.00B,$0.02B,0.26,$0.04B,$0.00B,9.76%,$0.04B,$-0.01B,-14.63%,$0.04B,$-0.01B,-14.63%,$0.04B,$-0.01B,-12.20%,$0.04B,$-0.01B,-14.63%,$0.04B,$-0.01B,-17.07%,$-0.01B,$0.02B,-31.46%,$-0.01B,$0.02B,-31.82%,$-0.01B,$0.04B,-18.06%,$-0.01B,$0.02B,-22.86%,$11,$10,$1,$0,$1,$12,$-0,$1,$0,$0,$0,$0,$0,$-0,$-0,$8,8,$0.01,$0.01,$4,$1,$5,$19,$8,$0,$0,$0,$19,$37,$10,$4,$0,$7,$17,$0,$4,$0,$20,$37,$-3,$0,$0,$0,$-1,$0,$3,$-4,$-2,$-4,$-0,$0,$0,$0,$0,$0,$1,$1,$-0,$0,$-0,$-0,$-0,$-0,$0,$-0,$-4,$0,$0
10,2016-03-31,1.81,$2.40,0.75,$5.09,0.36,$0.67,2.71,$-0.74,0.0,$0.02B,$0.01B,1.86,$0.00B,$0.02B,0.27,$0.04B,$0.01B,11.90%,$0.04B,$-0.01B,-14.29%,$0.04B,$-0.01B,-14.29%,$0.04B,$-0.01B,-11.90%,$0.04B,$-0.01B,-14.29%,$0.04B,$-0.01B,-16.67%,$-0.01B,$0.02B,-29.47%,$-0.01B,$0.02B,-29.79%,$-0.01B,$0.04B,-17.39%,$-0.01B,$0.02B,-21.62%,$8,$8,$0,$1,$2,$11,$-3,$-0,$-3,$-0,$-3,$-3,$-3,$-2,$-3,$8,8,$-0.36,$-0.36,$8,$1,$4,$17,$8,$0,$0,$0,$19,$37,$9,$4,$0,$8,$17,$0,$4,$0,$20,$37,$-3,$0,$0,$1,$2,$0,$-0,$-2,$1,$-2,$-0,$0,$0,$0,$0,$0,$0,$-0,$1,$0,$1,$-0,$-0,$-0,$0,$1,$-1,$0,$0
11,2015-12-31,2.1,$2.75,0.76,$5.90,0.36,$0.79,2.67,$-0.36,0.0,$0.02B,$0.01B,2.31,$0.00B,$0.02B,0.23,$0.05B,$0.01B,14.29%,$0.05B,$-0.00B,-6.12%,$0.05B,$-0.00B,-6.12%,$0.05B,$-0.00B,-4.08%,$0.05B,$-0.00B,-6.12%,$0.05B,$-0.00B,-8.16%,$-0.00B,$0.02B,-15.84%,$-0.00B,$0.02B,-16.00%,$-0.00B,$0.04B,-9.52%,$-0.00B,$0.03B,-10.34%,$8,$8,$-0,$0,$2,$11,$-3,$0,$-3,$1,$-4,$-4,$-4,$-3,$-3,$8,8,$-0.45,$-0.45,$8,$1,$2,$19,$8,$0,$0,$0,$19,$39,$8,$4,$0,$8,$16,$0,$7,$0,$23,$39,$-3,$1,$1,$2,$5,$1,$-2,$1,$3,$2,$-1,$0,$0,$0,$-1,$-1,$2,$1,$2,$0,$2,$-0,$-0,$-0,$0,$1,$4,$1,$0
12,2015-09-30,2.6,$3.23,0.81,$6.64,0.39,$-0.29,0.0,$-0.16,0.0,$0.02B,$0.01B,2.33,$0.00B,$0.02B,0.16,$0.06B,$0.01B,12.73%,$0.06B,$-0.00B,-3.64%,$0.06B,$-0.00B,-3.64%,$0.06B,$-0.00B,-1.82%,$0.06B,$-0.00B,-3.64%,$0.06B,$-0.00B,-3.64%,$-0.00B,$0.03B,-7.69%,$-0.00B,$0.03B,-7.77%,$-0.00B,$0.04B,-4.65%,$-0.00B,$0.03B,-6.78%,$14,$11,$3,$0,$2,$14,$0,$-0,$0,$-0,$0,$0,$0,$0,$0,$8,8,$0.01,$0.01,$9,$1,$3,$22,$8,$0,$0,$0,$21,$42,$9,$4,$0,$7,$16,$0,$10,$0,$26,$42,$1,$1,$-0,$0,$4,$1,$0,$-1,$2,$4,$-1,$0,$0,$0,$0,$0,$1,$1,$1,$0,$1,$-0,$-0,$-0,$0,$1,$6,$0,$0
13,2015-06-30,5.1,$3.19,1.6,$6.72,0.76,$-1.27,0.0,$-0.43,0.0,$0.02B,$0.01B,2.23,$0.00B,$0.02B,0.17,$0.06B,$0.00B,7.27%,$0.06B,$-0.00B,-7.27%,$0.06B,$-0.00B,-7.27%,$0.06B,$-0.00B,-5.45%,$0.06B,$-0.00B,-7.27%,$0.06B,$-0.00B,-7.27%,$-0.00B,$0.03B,-15.09%,$-0.00B,$0.03B,-15.24%,$-0.00B,$0.04B,-9.20%,$-0.00B,$0.03B,-13.79%,$12,$10,$2,$0,$2,$12,$0,$0,$0,$-0,$1,$1,$0,$0,$0,$8,8,$0.06,$0.06,$8,$2,$4,$22,$8,$0,$0,$1,$21,$43,$10,$4,$0,$7,$17,$0,$10,$1,$26,$43,$1,$0,$-0,$0,$4,$1,$0,$-1,$2,$3,$-0,$0,$0,$0,$0,$0,$1,$1,$1,$0,$1,$-0,$-0,$-0,$0,$1,$5,$0,$0
14,2015-03-31,4.21,$3.11,1.35,$6.61,0.64,$-1.86,0.0,$-0.66,0.0,$0.02B,$0.01B,1.99,$0.00B,$0.02B,0.17,$0.06B,$0.00B,7.14%,$0.06B,$-0.00B,-7.14%,$0.06B,$-0.00B,-7.14%,$0.06B,$-0.00B,-5.36%,$0.06B,$-0.00B,-5.36%,$0.06B,$-0.01B,-8.93%,$-0.01B,$0.03B,-18.35%,$-0.01B,$0.03B,-18.52%,$-0.01B,$0.04B,-11.36%,$-0.00B,$0.03B,-13.79%,$15,$13,$2,$0,$2,$15,$0,$-0,$0,$0,$0,$0,$0,$1,$0,$8,8,$0.02,$0.02,$3,$3,$4,$23,$8,$0,$0,$0,$21,$44,$11,$4,$0,$7,$18,$0,$10,$1,$26,$44,$0,$0,$0,$0,$-1,$-0,$0,$-1,$-1,$-0,$-0,$0,$0,$0,$0,$0,$0,$-0,$-4,$4,$-0,$-0,$-0,$-0,$0,$-0,$-1,$0,$0
15,2014-12-31,5.53,$3.12,1.77,$6.64,0.83,$-2.21,0.0,$-0.62,0.0,$0.02B,$0.01B,2.07,$0.00B,$0.02B,0.18,$0.06B,$0.00B,7.02%,$0.06B,$-0.00B,-7.02%,$0.06B,$-0.00B,-7.02%,$0.06B,$-0.00B,-5.26%,$0.06B,$-0.00B,-3.51%,$0.06B,$-0.01B,-8.77%,$-0.01B,$0.03B,-17.54%,$-0.01B,$0.03B,-17.70%,$-0.01B,$0.04B,-11.17%,$-0.00B,$0.03B,-13.45%,$14,$14,$0,$0,$2,$16,$-2,$0,$-2,$0,$-2,$-2,$-2,$-2,$-2,$8,8,$-0.25,$-0.25,$4,$3,$3,$22,$8,$0,$0,$0,$21,$43,$11,$4,$0,$7,$18,$0,$10,$1,$26,$43,$-2,$1,$-2,$-1,$-2,$0,$0,$1,$1,$-2,$-5,$0,$0,$0,$0,$0,$3,$-2,$4,$0,$4,$-0,$-0,$-0,$0,$3,$-1,$1,$0
16,2014-09-30,7.41,$3.36,2.2,$6.56,1.13,$-1.38,0.0,$-0.31,0.0,$0.02B,$0.01B,1.9,$0.00B,$0.02B,0.02,$0.06B,$0.01B,12.07%,$0.06B,$-0.00B,-1.72%,$0.06B,$-0.00B,-1.72%,$0.06B,0,0.00%,$0.06B,$0.00B,1.72%,$0.06B,$-0.00B,-3.45%,$-0.00B,$0.03B,-6.78%,$-0.00B,$0.03B,-6.78%,$-0.00B,$0.04B,-4.40%,$-0.00B,$0.03B,-3.31%,$14,$14,$0,$0,$2,$16,$-2,$0,$-2,$0,$-2,$-2,$-2,$-2,$-2,$8,8,$-0.26,$-0.26,$2,$4,$5,$22,$9,$0,$0,$0,$21,$44,$12,$1,$0,$4,$16,$0,$12,$1,$28,$44,$-0,$0,$-1,$-1,$-1,$-1,$0,$-0,$1,$-0,$-5,$0,$0,$0,$0,$0,$3,$-2,$0,$0,$0,$-0,$-0,$-0,$0,$-1,$-2,$1,$0
17,2014-06-30,6.8,$3.60,1.89,$6.52,1.04,$-0.89,0.0,$0.05,136.0,$0.03B,$0.01B,2.21,$0.00B,$0.03B,0.02,$0.06B,$0.01B,16.67%,$0.06B,$0.00B,3.33%,$0.06B,$0.00B,3.33%,$0.06B,$0.00B,5.00%,$0.06B,$0.00B,6.67%,$0.06B,$0.00B,1.67%,$0.00B,$0.03B,3.36%,$0.00B,$0.03B,3.36%,$0.00B,$0.05B,2.17%,$0.00B,$0.03B,6.56%,$13,$11,$2,$0,$2,$13,$0,$1,$1,$0,$1,$1,$-1,$0,$0,$8,10,$-0.17,$-0.17,$3,$4,$5,$25,$7,$0,$0,$0,$20,$45,$11,$1,$0,$4,$15,$0,$14,$1,$29,$45,$2,$0,$-1,$-1,$0,$-0,$0,$0,$-0,$0,$-4,$0,$0,$0,$0,$0,$3,$-1,$0,$0,$0,$-0,$-0,$-0,$0,$-0,$-1,$0,$0
18,2014-03-31,6.79,$3.75,1.81,$6.57,1.03,$-0.42,0.0,$0.34,19.97,$0.03B,$0.01B,2.42,$0.00B,$0.03B,0.06,$0.06B,$0.01B,16.67%,$0.06B,$0.00B,3.33%,$0.06B,$0.00B,3.33%,$0.06B,$0.00B,5.00%,$0.06B,$0.01B,8.33%,$0.06B,$0.00B,5.00%,$0.00B,$0.03B,10.17%,$0.00B,$0.03B,10.17%,$0.00B,$0.05B,6.52%,$0.00B,$0.03B,6.61%,$16,$13,$2,$0,$2,$15,$0,$0,$1,$0,$1,$1,$0,$1,$0,$8,9,$0.06,$0.06,$2,$6,$5,$26,$8,$0,$0,$0,$20,$47,$11,$2,$0,$5,$16,$0,$15,$1,$31,$47,$1,$0,$-0,$-0,$-1,$-1,$0,$-1,$-3,$-2,$-2,$0,$0,$0,$0,$0,$1,$-1,$1,$0,$1,$-0,$-0,$-0,$0,$1,$-2,$0,$0
19,2013-12-31,9.98,$3.78,2.64,$6.27,1.59,$0.12,80.42,$0.49,20.37,$0.03B,$0.01B,2.35,$0.00B,$0.03B,0.02,$0.06B,$0.01B,18.97%,$0.06B,$0.00B,5.17%,$0.06B,$0.00B,5.17%,$0.06B,$0.00B,5.17%,$0.06B,$0.01B,10.34%,$0.06B,$0.01B,8.62%,$0.01B,$0.03B,17.54%,$0.01B,$0.03B,17.54%,$0.01B,$0.05B,11.11%,$0.00B,$0.03B,10.34%,$15,$12,$3,$0,$2,$14,$1,$-0,$1,$-0,$1,$1,$1,$1,$1,$8,9,$0.08,$0.08,$4,$3,$5,$27,$4,$0,$0,$0,$19,$46,$11,$1,$0,$4,$16,$0,$15,$1,$30,$46,$5,$0,$-2,$-1,$-1,$0,$0,$-4,$-3,$1,$-1,$0,$0,$0,$0,$0,$2,$0,$0,$0,$0,$-0,$-0,$-0,$0,$-0,$-0,$1,$0
20,2013-09-30,7.09,$3.65,1.94,$6.50,1.09,$0.11,63.76,$0.49,14.47,$0.03B,$0.01B,2.15,$0.00B,$0.03B,0.0,$0.06B,$0.01B,17.24%,$0.06B,$0.00B,3.45%,$0.06B,$0.00B,3.45%,$0.06B,$0.00B,5.17%,$0.06B,$0.01B,10.34%,$0.06B,$0.00B,6.90%,$0.00B,$0.03B,14.68%,$0.00B,$0.03B,14.68%,$0.00B,$0.05B,9.25%,$0.00B,$0.03B,7.21%,$16,$13,$3,$0,$2,$15,$1,$0,$1,$0,$1,$1,$1,$1,$1,$8,9,$0.11,$0.10,$4,$7,$5,$27,$5,$0,$0,$0,$18,$46,$13,$0,$0,$4,$17,$0,$14,$1,$29,$46,$4,$0,$-2,$-1,$-1,$-2,$0,$-2,$-3,$-0,$-1,$0,$0,$0,$0,$0,$1,$1,$0,$0,$0,$-0,$-0,$-0,$0,$-0,$-0,$0,$0
21,2013-06-30,7.13,$3.51,2.03,$6.21,1.15,$0.25,29.02,$0.45,15.84,$0.03B,$0.01B,2.16,$0.00B,$0.02B,0.02,$0.05B,$0.01B,16.67%,$0.05B,$0.00B,1.85%,$0.05B,$0.00B,1.85%,$0.05B,$0.00B,3.70%,$0.05B,$0.01B,11.11%,$0.05B,$0.00B,7.41%,$0.00B,$0.03B,15.24%,$0.00B,$0.03B,15.24%,$0.00B,$0.05B,9.76%,$0.00B,$0.03B,3.70%,$13,$11,$2,$0,$2,$13,$0,$1,$2,$0,$1,$1,$1,$0,$0,$8,9,$0.13,$0.12,$5,$7,$4,$27,$5,$0,$0,$0,$18,$45,$12,$1,$0,$4,$17,$0,$13,$1,$28,$45,$3,$0,$-2,$-1,$1,$-1,$0,$-1,$0,$2,$-0,$0,$0,$0,$0,$0,$0,$-0,$0,$0,$0,$-0,$-0,$-0,$0,$-0,$1,$0,$0
22,2013-03-31,5.22,$3.38,1.54,$6.35,0.82,$-0.19,0.0,$0.42,12.43,$0.03B,$0.01B,2.05,$0.00B,$0.02B,0.02,$0.05B,$0.01B,16.67%,$0.05B,$0.00B,1.85%,$0.05B,$0.00B,1.85%,$0.05B,$0.00B,3.70%,$0.05B,$0.01B,9.26%,$0.05B,$0.00B,7.41%,$0.00B,$0.03B,15.84%,$0.00B,$0.03B,15.84%,$0.00B,$0.04B,10.32%,$0.00B,$0.03B,3.81%,$14,$11,$3,$0,$2,$14,$1,$1,$2,$0,$2,$2,$2,$1,$1,$8,9,$0.21,$0.18,$5,$5,$3,$25,$5,$0,$0,$0,$18,$43,$12,$1,$0,$4,$16,$0,$12,$1,$27,$43,$2,$0,$-1,$-1,$-2,$0,$0,$-0,$0,$1,$-0,$0,$0,$0,$0,$0,$0,$-0,$-0,$0,$-0,$-0,$-0,$-0,$0,$-0,$1,$0,$0
23,2012-12-31,5.04,$3.18,1.58,$6.51,0.77,$-0.40,0.0,$0.25,20.16,$0.02B,$0.01B,2.21,$0.00B,$0.02B,0.02,$0.05B,$0.01B,14.81%,$0.05B,0,0.00%,$0.05B,0,0.00%,$0.05B,$0.00B,1.85%,$0.05B,$0.00B,5.56%,$0.05B,$0.00B,3.70%,$0.00B,$0.03B,8.70%,$0.00B,$0.03B,8.70%,$0.00B,$0.04B,5.41%,$0.00B,$0.03B,0.00%,$15,$13,$2,$0,$2,$15,$0,$0,$1,$0,$1,$1,$0,$1,$0,$8,8,$0.06,$0.06,$4,$6,$2,$22,$5,$0,$0,$0,$17,$39,$10,$1,$0,$4,$14,$0,$11,$1,$25,$39,$2,$1,$-2,$-1,$1,$-1,$0,$0,$-0,$1,$-1,$0,$0,$0,$0,$0,$1,$-0,$-5,$0,$-5,$5,$5,$-0,$0,$0,$1,$0,$0
24,2012-09-30,4.74,$3.11,1.52,$6.57,0.72,$-0.28,0.0,$-0.47,0.0,$0.02B,$0.01B,2.63,$0.00B,$0.02B,0.07,$0.05B,$0.01B,14.81%,$0.05B,0,0.00%,$0.05B,0,0.00%,$0.05B,0,0.00%,$0.05B,$0.00B,5.56%,$0.05B,$-0.00B,-5.56%,$-0.00B,$0.03B,-14.12%,$-0.00B,$0.03B,-14.12%,$-0.00B,$0.04B,-8.28%,$0.00B,$0.03B,0.00%,$12,$10,$2,$0,$2,$12,$0,$1,$1,$0,$1,$1,$1,$0,$0,$8,8,$0.06,$0.06,$6,$6,$1,$22,$5,$0,$0,$0,$16,$37,$8,$2,$0,$5,$13,$0,$10,$1,$25,$37,$2,$1,$-2,$-1,$3,$-1,$0,$0,$0,$1,$-1,$-0,$0,$0,$0,$0,$1,$0,$-0,$-4,$-4,$-0,$5,$-0,$0,$1,$2,$0,$0
25,2012-06-30,4.25,$3.04,1.4,$6.84,0.62,$-0.48,0.0,$-0.49,0.0,$0.02B,$0.01B,2.83,$0.00B,$0.02B,0.1,$0.06B,$0.01B,14.29%,$0.06B,0,0.00%,$0.06B,0,0.00%,$0.06B,0,0.00%,$0.06B,$0.00B,5.36%,$0.06B,$-0.00B,-7.14%,$-0.00B,$0.02B,-19.28%,$-0.00B,$0.02B,-19.28%,$-0.00B,$0.04B,-11.11%,$0.00B,$0.03B,0.00%,$13,$11,$2,$0,$2,$13,$0,$1,$1,$0,$1,$1,$1,$0,$0,$8,8,$0.10,$0.09,$4,$5,$2,$21,$4,$0,$0,$0,$15,$36,$8,$2,$0,$5,$12,$0,$10,$1,$24,$36,$1,$0,$-1,$-1,$1,$0,$0,$-1,$-2,$-2,$-0,$-0,$0,$0,$0,$0,$1,$1,$-3,$-0,$-3,$-0,$5,$-0,$0,$2,$0,$0,$0
26,2012-03-31,4.98,$2.29,2.17,$6.74,0.74,$-0.28,0.0,$-0.67,0.0,$0.02B,$0.01B,2.07,$0.01B,$0.02B,0.28,$0.05B,$0.01B,14.81%,$0.05B,$-0.00B,-1.85%,$0.05B,$-0.00B,-1.85%,$0.05B,$-0.00B,-1.85%,$0.05B,$0.00B,1.85%,$0.05B,$-0.01B,-11.11%,$-0.01B,$0.02B,-29.63%,$-0.01B,$0.02B,-29.63%,$-0.01B,$0.04B,-16.78%,$-0.00B,$0.02B,-3.96%,$14,$13,$2,$0,$2,$15,$-0,$1,$0,$0,$0,$0,$0,$0,$-0,$8,8,$0.04,$0.04,$3,$5,$3,$21,$4,$0,$0,$0,$15,$36,$10,$5,$0,$8,$18,$0,$9,$1,$18,$36,$0,$0,$-1,$-0,$1,$-0,$0,$-2,$-1,$-1,$-0,$-0,$0,$0,$0,$0,$0,$-0,$-0,$0,$-0,$-0,$-0,$0,$0,$-0,$-1,$0,$0
27,2011-12-31,5.08,$2.24,2.27,$6.60,0.77,$-0.11,0.0,$-0.75,0.0,$0.02B,$0.01B,2.01,$0.01B,$0.02B,0.29,$0.05B,$0.01B,13.46%,$0.05B,$-0.00B,-3.85%,$0.05B,$-0.00B,-3.85%,$0.05B,$-0.00B,-1.92%,$0.05B,0,0.00%,$0.05B,$-0.01B,-11.54%,$-0.01B,$0.02B,-27.91%,$-0.01B,$0.02B,-27.91%,$-0.01B,$0.04B,-16.90%,$-0.00B,$0.02B,-7.62%,$15,$12,$2,$-0,$2,$15,$0,$0,$1,$6,$-5,$-5,$-5,$0,$0,$8,8,$-0.67,$-0.66,$4,$5,$2,$22,$4,$0,$0,$0,$14,$36,$11,$5,$0,$8,$19,$0,$8,$1,$18,$36,$-6,$1,$4,$5,$-2,$-1,$0,$3,$2,$1,$-1,$0,$0,$0,$-0,$-0,$1,$1,$1,$-0,$1,$0,$0,$0,$0,$1,$2,$0,$0
28,2011-09-30,3.7,$2.89,1.28,$6.07,0.61,$-0.44,0.0,$-0.07,0.0,$0.02B,$0.01B,2.44,$0.01B,$0.02B,0.23,$0.05B,$0.01B,14.58%,$0.05B,$-0.00B,-6.25%,$0.05B,$-0.00B,-6.25%,$0.05B,$-0.00B,-2.08%,$0.05B,$-0.00B,-2.08%,$0.05B,$-0.00B,-2.08%,$-0.00B,$0.02B,-4.40%,$-0.00B,$0.02B,-4.40%,$-0.00B,$0.04B,-2.86%,$-0.00B,$0.03B,-11.01%,$14,$12,$2,$0,$2,$14,$0,$1,$1,$0,$0,$0,$0,$0,$0,$8,8,$0.05,$0.04,$2,$5,$2,$20,$4,$0,$0,$0,$16,$36,$8,$5,$0,$5,$14,$0,$14,$1,$23,$36,$-1,$1,$-1,$-1,$-1,$-1,$0,$2,$0,$-1,$-0,$0,$0,$0,$-0,$-0,$1,$1,$-0,$1,$1,$0,$0,$0,$0,$1,$1,$0,$0
29,2011-06-30,3.47,$2.83,1.22,$5.70,0.61,$-0.41,0.0,$-0.15,0.0,$0.02B,$0.01B,2.7,$0.01B,$0.02B,0.23,$0.04B,$0.01B,13.64%,$0.04B,$-0.00B,-9.09%,$0.04B,$-0.00B,-9.09%,$0.04B,$-0.00B,-4.55%,$0.04B,$-0.00B,-6.82%,$0.04B,$-0.00B,-2.27%,$-0.00B,$0.02B,-4.44%,$-0.00B,$0.02B,-4.44%,$-0.00B,$0.04B,-2.94%,$-0.00B,$0.03B,-14.95%,$11,$10,$2,$0,$2,$13,$-1,$0,$-1,$-0,$-1,$-1,$-1,$-1,$-1,$8,8,$-0.09,$-0.09,$3,$5,$3,$19,$4,$0,$0,$0,$16,$35,$7,$5,$0,$6,$13,$0,$13,$1,$22,$35,$-1,$0,$-1,$-0,$1,$-1,$0,$1,$1,$-1,$-0,$0,$0,$0,$-0,$-0,$1,$1,$1,$-0,$1,$0,$0,$0,$0,$1,$1,$0,$0
30,2011-03-31,2.73,$2.97,0.92,$5.31,0.51,$-0.46,0.0,$-0.20,0.0,$0.02B,$0.01B,2.68,$0.00B,$0.02B,0.18,$0.04B,$0.00B,9.76%,$0.04B,$-0.01B,-12.20%,$0.04B,$-0.01B,-12.20%,$0.04B,$-0.00B,-7.32%,$0.04B,$-0.00B,-9.76%,$0.04B,$-0.00B,-2.44%,$-0.00B,$0.02B,-4.44%,$-0.00B,$0.02B,-4.44%,$-0.00B,$0.04B,-3.03%,$-0.01B,$0.03B,-18.87%,$12,$11,$1,$0,$2,$13,$-1,$0,$-1,$-0,$-0,$-0,$-0,$-0,$-1,$8,8,$-0.04,$-0.04,$2,$4,$2,$18,$5,$0,$0,$0,$16,$35,$7,$4,$0,$5,$11,$0,$14,$1,$23,$35,$-0,$0,$-0,$-0,$-0,$-0,$0,$1,$1,$1,$-0,$0,$0,$0,$-0,$-0,$0,$-0,$-0,$-0,$-0,$0,$0,$0,$0,$-0,$0,$0,$0
31,2010-12-31,2.23,$2.96,0.75,$5.00,0.45,$-0.58,0.0,$-0.21,0.0,$0.02B,$0.01B,2.85,$0.00B,$0.02B,0.18,$0.04B,$0.00B,10.26%,$0.04B,$-0.01B,-12.82%,$0.04B,$-0.01B,-12.82%,$0.04B,$-0.00B,-10.26%,$0.04B,$-0.00B,-10.26%,$0.04B,$-0.00B,-2.56%,$-0.00B,$0.02B,-4.40%,$-0.00B,$0.02B,-4.40%,$-0.00B,$0.03B,-3.05%,$-0.01B,$0.03B,-18.87%,$11,$9,$2,$0,$2,$11,$-1,$1,$0,$-0,$0,$0,$0,$-0,$-1,$8,8,$0.02,$0.02,$1,$4,$3,$18,$5,$0,$0,$0,$16,$34,$6,$4,$0,$5,$11,$0,$14,$1,$23,$34,$-2,$1,$-3,$-2,$2,$-0,$0,$0,$2,$-2,$-0,$0,$0,$0,$-0,$-0,$1,$1,$1,$-0,$1,$0,$0,$0,$0,$1,$-0,$0,$0
32,2010-09-30,2.32,$2.87,0.81,$5.18,0.45,$-0.23,0.0,$-0.21,0.0,$0.02B,$0.01B,2.92,$0.00B,$0.02B,0.15,$0.04B,$0.00B,10.00%,$0.04B,$-0.00B,-10.00%,$0.04B,$-0.00B,-10.00%,$0.04B,$-0.00B,-10.00%,$0.04B,$-0.00B,-10.00%,$0.04B,$-0.00B,-2.50%,$-0.00B,$0.02B,-4.35%,$-0.00B,$0.02B,-4.35%,$-0.00B,$0.03B,-3.05%,$-0.00B,$0.03B,-15.09%,$10,$9,$1,$0,$2,$11,$-1,$0,$-1,$-0,$-0,$-0,$-0,$-1,$-1,$8,8,$-0.04,$-0.04,$2,$4,$2,$18,$5,$0,$0,$0,$14,$32,$6,$3,$0,$4,$10,$0,$14,$0,$22,$32,$-2,$1,$-2,$-1,$1,$-0,$0,$2,$2,$-1,$-0,$0,$0,$0,$-0,$-0,$1,$1,$-0,$-0,$-0,$0,$0,$0,$0,$-0,$0,$0,$0
33,2010-06-30,2.09,$2.90,0.72,$5.38,0.39,$-0.06,0.0,$-0.15,0.0,$0.02B,$0.01B,3.5,$0.00B,$0.02B,0.15,$0.04B,$0.01B,11.90%,$0.04B,$-0.00B,-7.14%,$0.04B,$-0.00B,-7.14%,$0.04B,$-0.00B,-7.14%,$0.04B,$-0.00B,-7.14%,$0.04B,$-0.00B,-2.38%,$-0.00B,$0.02B,-4.26%,$-0.00B,$0.02B,-4.26%,$-0.00B,$0.03B,-3.01%,$-0.00B,$0.03B,-11.21%,$8,$8,$0,$0,$2,$10,$-2,$-0,$-2,$-1,$-1,$-1,$-1,$-2,$-2,$8,8,$-0.15,$-0.15,$1,$4,$3,$18,$5,$0,$0,$0,$13,$31,$5,$3,$0,$4,$9,$0,$15,$0,$22,$31,$-2,$0,$-1,$-1,$2,$-1,$0,$1,$2,$-1,$-0,$0,$0,$0,$0,$0,$1,$1,$-0,$0,$-0,$0,$0,$0,$0,$-0,$-0,$0,$0
34,2010-03-31,2.77,$3.04,0.91,$5.87,0.47,$0.11,24.64,$-0.05,0.0,$0.02B,$0.01B,3.01,$0.00B,$0.02B,0.14,$0.05B,$0.01B,13.04%,$0.05B,$-0.00B,-4.35%,$0.05B,$-0.00B,-4.35%,$0.05B,$-0.00B,-4.35%,$0.05B,$-0.00B,-2.17%,$0.05B,0,0.00%,$0.00B,$0.02B,0.00%,$0.00B,$0.02B,0.00%,$0.00B,$0.03B,0.00%,$-0.00B,$0.03B,-7.34%,$10,$9,$1,$0,$2,$11,$-1,$0,$-1,$-0,$-0,$-0,$-0,$-1,$-1,$8,8,$-0.05,$-0.05,$1,$4,$3,$20,$5,$0,$0,$0,$14,$34,$7,$3,$0,$4,$10,$0,$16,$0,$24,$34,$-0,$0,$-1,$-0,$-0,$-0,$0,$1,$1,$-0,$-0,$0,$0,$0,$0,$0,$0,$-0,$-0,$0,$-0,$0,$0,$0,$0,$-0,$-1,$0,$0
35,2009-12-31,2.26,$3.11,0.73,$6.67,0.34,$0.27,8.51,$0.08,28.25,$0.02B,$0.01B,3.46,$0.00B,$0.02B,0.14,$0.05B,$0.01B,13.46%,$0.05B,$-0.00B,-1.92%,$0.05B,$-0.00B,-1.92%,$0.05B,0,0.00%,$0.05B,$0.00B,1.92%,$0.05B,$0.00B,1.92%,$0.00B,$0.02B,4.21%,$0.00B,$0.02B,4.21%,$0.00B,$0.03B,2.84%,$-0.00B,$0.03B,-3.64%,$12,$10,$2,$0,$2,$12,$-0,$0,$0,$-0,$0,$0,$0,$0,$-0,$8,8,$0.03,$0.03,$1,$4,$4,$20,$5,$0,$0,$0,$13,$34,$6,$3,$0,$4,$10,$0,$16,$0,$24,$34,$1,$1,$-2,$-1,$6,$1,$0,$-2,$1,$1,$-1,$0,$0,$0,$0,$0,$2,$1,$-1,$0,$-1,$0,$0,$0,$0,$-1,$1,$0,$0
36,2009-09-30,2.35,$3.07,0.77,$7.34,0.32,$0.17,14.17,$0.18,13.06,$0.02B,$0.01B,3.41,$0.00B,$0.02B,0.15,$0.06B,$0.01B,12.28%,$0.06B,$-0.00B,-1.75%,$0.06B,$-0.00B,-1.75%,$0.06B,$0.00B,1.75%,$0.06B,$0.00B,3.51%,$0.06B,$0.00B,3.51%,$0.00B,$0.02B,8.51%,$0.00B,$0.02B,8.51%,$0.00B,$0.03B,5.48%,$-0.00B,$0.03B,-3.64%,$12,$10,$2,$0,$2,$12,$0,$0,$0,$0,$0,$0,$0,$0,$0,$8,8,$0.02,$0.02,$1,$4,$3,$22,$5,$0,$0,$0,$12,$34,$6,$3,$0,$4,$10,$0,$16,$0,$24,$34,$1,$1,$-1,$-0,$5,$0,$0,$-2,$1,$1,$-1,$0,$0,$0,$0,$0,$2,$1,$-1,$0,$-1,$0,$0,$0,$0,$-1,$1,$0,$0
37,2009-06-30,2.11,$3.05,0.69,$7.75,0.27,$0.13,16.75,$0.16,13.19,$0.02B,$0.01B,3.15,$0.00B,$0.02B,0.19,$0.06B,$0.01B,10.00%,$0.06B,$-0.00B,-1.67%,$0.06B,$-0.00B,-1.67%,$0.06B,$0.00B,1.67%,$0.06B,$0.00B,3.33%,$0.06B,$0.00B,3.33%,$0.00B,$0.02B,8.70%,$0.00B,$0.02B,8.70%,$0.00B,$0.04B,5.41%,$-0.00B,$0.03B,-3.64%,$12,$11,$1,$0,$2,$13,$-1,$1,$-0,$-0,$-0,$-0,$-0,$-1,$-1,$8,8,$-0.04,$-0.04,$2,$4,$4,$23,$6,$0,$0,$0,$13,$35,$7,$4,$0,$5,$12,$0,$16,$0,$23,$35,$0,$1,$-1,$-1,$5,$1,$0,$-2,$1,$1,$-0,$0,$0,$0,$0,$0,$1,$1,$-0,$0,$-0,$0,$0,$0,$0,$-0,$2,$0,$0
38,2009-03-31,1.77,$3.08,0.57,$8.36,0.21,$0.04,39.86,$0.27,6.56,$0.02B,$0.01B,2.54,$0.00B,$0.02B,0.19,$0.07B,$0.01B,10.77%,$0.07B,0,0.00%,$0.07B,0,0.00%,$0.07B,$0.00B,3.08%,$0.07B,$0.00B,4.62%,$0.07B,$0.00B,4.62%,$0.00B,$0.02B,13.19%,$0.00B,$0.02B,13.19%,$0.00B,$0.04B,7.89%,$0.00B,$0.03B,0.00%,$16,$14,$2,$0,$2,$16,$0,$1,$1,$0,$1,$1,$1,$1,$0,$8,8,$0.08,$0.08,$1,$4,$5,$24,$6,$0,$0,$0,$14,$38,$10,$4,$0,$5,$14,$0,$16,$0,$24,$38,$1,$0,$-1,$-0,$3,$0,$0,$-3,$1,$1,$-0,$0,$0,$0,$0,$0,$0,$-0,$-0,$0,$-0,$0,$0,$0,$0,$-0,$1,$0,$0
39,2008-12-31,1.85,$2.99,0.62,$8.51,0.22,$0.05,34.32,$0.22,8.41,$0.03B,$0.01B,2.34,$0.01B,$0.02B,0.2,$0.07B,$0.01B,10.61%,$0.07B,0,0.00%,$0.07B,0,0.00%,$0.07B,$0.00B,1.52%,$0.07B,$0.00B,3.03%,$0.07B,$0.00B,3.03%,$0.00B,$0.02B,9.09%,$0.00B,$0.02B,9.09%,$0.00B,$0.04B,5.26%,$0.00B,$0.03B,0.00%,$17,$15,$2,$0,$2,$17,$0,$1,$1,$0,$1,$1,$1,$1,$0,$8,8,$0.12,$0.11,$0,$4,$4,$26,$6,$0,$0,$0,$13,$39,$11,$5,$0,$5,$16,$0,$15,$0,$23,$39,$2,$1,$-2,$-1,$-1,$-1,$0,$0,$-1,$1,$-1,$0,$0,$0,$0,$0,$1,$1,$-2,$0,$-2,$0,$0,$0,$0,$-2,$-0,$0,$0
40,2008-09-30,3.21,$2.88,1.11,$8.63,0.37,$-0.89,0.0,$-0.05,0.0,$0.02B,$0.01B,2.44,$0.01B,$0.02B,0.21,$0.07B,$0.01B,7.69%,$0.07B,$-0.00B,-3.08%,$0.07B,$-0.00B,-3.08%,$0.07B,$-0.00B,-3.08%,$0.07B,$-0.00B,-1.54%,$0.07B,0,0.00%,$0.00B,$0.02B,0.00%,$0.00B,$0.02B,0.00%,$0.00B,$0.04B,0.00%,$-0.00B,$0.03B,-7.41%,$15,$13,$1,$0,$2,$15,$-0,$0,$0,$0,$0,$0,$0,$-0,$-0,$8,8,$0.00,$0.00,$1,$3,$3,$23,$6,$0,$0,$0,$13,$36,$10,$5,$0,$5,$14,$0,$14,$0,$22,$36,$1,$1,$-1,$-0,$1,$-0,$0,$-1,$0,$1,$-1,$0,$0,$0,$0,$0,$1,$1,$-1,$0,$-1,$0,$0,$0,$0,$-1,$0,$0,$0
41,2008-06-30,5.5,$2.88,1.91,$8.62,0.64,$-1.70,0.0,$-0.01,0.0,$0.03B,$0.01B,2.24,$0.01B,$0.02B,0.25,$0.06B,$0.01B,9.52%,$0.06B,$-0.00B,-3.17%,$0.06B,$-0.00B,-3.17%,$0.06B,$-0.00B,-3.17%,$0.06B,$-0.00B,-1.59%,$0.06B,0,0.00%,$0.00B,$0.02B,0.00%,$0.00B,$0.02B,0.00%,$0.00B,$0.04B,0.00%,$-0.00B,$0.03B,-7.41%,$17,$14,$2,$0,$2,$16,$0,$1,$1,$0,$1,$1,$1,$0,$0,$8,8,$0.07,$0.07,$0,$4,$4,$26,$6,$0,$0,$0,$13,$39,$11,$6,$0,$6,$17,$0,$14,$0,$22,$39,$1,$1,$-1,$0,$-1,$-1,$0,$-1,$-1,$-0,$-0,$0,$0,$0,$0,$0,$0,$-0,$0,$0,$0,$0,$0,$0,$0,$0,$-0,$0,$0
42,2008-03-31,4.9,$2.80,1.75,$8.46,0.58,$-2.12,0.0,$-0.18,0.0,$0.03B,$0.01B,2.24,$0.01B,$0.02B,0.26,$0.06B,$0.01B,10.00%,$0.06B,$-0.00B,-3.33%,$0.06B,$-0.00B,-3.33%,$0.06B,$-0.00B,-1.67%,$0.06B,$-0.00B,-1.67%,$0.06B,0,0.00%,$0.00B,$0.02B,0.00%,$0.00B,$0.02B,0.00%,$0.00B,$0.04B,0.00%,$-0.00B,$0.03B,-7.69%,$17,$15,$2,$0,$2,$17,$0,$0,$0,$0,$0,$0,$0,$0,$0,$8,8,$0.03,$0.03,$1,$3,$5,$25,$6,$0,$0,$0,$13,$38,$11,$6,$0,$6,$17,$0,$14,$0,$21,$38,$0,$0,$-0,$-0,$2,$0,$0,$-2,$1,$1,$-0,$0,$0,$0,$0,$0,$0,$-0,$0,$0,$0,$0,$0,$0,$0,$0,$1,$0,$0
