,Date,Stock Price,Book Value per Share,Price to Book Ratio,TTM Sales per Share,Price to Sales Ratio,TTM FCF per Share,Price to FCF Ratio,TTM Net EPS,PE Ratio,Current Assets,Current Liabilities,Current Ratio,Long Term Debt,Shareholder's Equity_x,Debt to Equity Ratio,TTM Revenue_x,TTM Gross Profit,Gross Margin,TTM Revenue_y,TTM Operating Income,Operating Margin,TTM Revenue_x,TTM EBIT,EBIT Margin,TTM Revenue_y,TTM EBITDA,EBITDA Margin,TTM Revenue_x,TTM Pre-Tax Income,Pre-Tax Margin,TTM Revenue_y,TTM Net Income_x,Net Margin,TTM Net Income_y,Shareholder's Equity_y,Return on Equity,TTM Net Income_x,Tangible Equity,Return on Tangible Equity,TTM Net Income_y,Total Assets,Return on Assets,TTM Net Income,LT Investments & Debt,Return on Investment,revenue,cost-goods-sold,gross-profit,research-development-expenses,selling-general-administrative-expenses,operating-expenses,operating-income,total-non-operating-income-expense,pre-tax-income,total-provision-income-taxes,income-after-taxes,income-from-continuous-operations,net-income,ebitda,ebit,basic-shares-outstanding,shares-outstanding,eps-basic-net-earnings-per-share,eps-earnings-per-share-diluted,cash-on-hand,inventory,other-current-assets,total-current-assets,net-property-plant-equipment,long-term-investments,goodwill-intangible-assets-total,other-long-term-assets,total-long-term-assets,total-assets,total-current-liabilities,long-term-debt,other-non-current-liabilities,total-long-term-liabilities,total-liabilities,common-stock-net,retained-earnings-accumulated-deficit,comprehensive-income,total-share-holder-equity,total-liabilities-share-holders-equity,net-income-loss,total-depreciation-amortization-cash-flow,other-non-cash-items,total-non-cash-items,change-in-accounts-receivable,change-in-inventories,change-in-accounts-payable,change-in-assets-liabilities,total-change-in-assets-liabilities,cash-flow-from-operating-activities,net-change-in-property-plant-equipment,net-change-in-intangible-assets,net-acquisitions-divestitures,net-change-in-short-term-investments,net-change-in-long-term-investments,net-change-in-investments-total,investing-activities-other,cash-flow-from-investing-activities,net-long-term-debt,net-current-debt,debt-issuance-retirement-net-total,net-common-equity-issued-repurchased,net-total-equity-issued-repurchased,total-common-preferred-stock-dividends-paid,financial-activities-other,cash-flow-from-financial-activities,net-cash-flow,stock-based-compensation,common-stock-dividends-paid
0,2018-06-30,1.31,$3.82,0.34,$4.77,0.27,$0.65,2.01,$-0.28,0.0,$0.03B,$0.01B,3.63,$0.00B,$0.04B,0.0,$0.05B,$0.01B,24.49%,$0.05B,$-0.00B,-4.08%,$0.05B,$-0.00B,-4.08%,$0.05B,0,0.00%,$0.05B,$-0.00B,-4.08%,$0.05B,$-0.00B,-6.12%,$-0.00B,$0.04B,-7.36%,$-0.00B,$0.03B,-11.11%,$-0.00B,$0.05B,-5.88%,$-0.00B,$0.04B,-4.79%,$13,$9,$3,$0,$4,$14,$-2,$-0,$-2,$-0,$-2,$-2,$-2,$-0,$-2,$10,10,$-0.15,$-0.15,$2,$20,$0,$28,$6,$0,$12,$0,$20,$48,$8,$0,$1,$1,$8,$0,$45,$0,$39,$48,$-2,$2,$1,$4,$1,$1,$-1,$0,$1,$2,$-0,$0,$-1,$0,$-0,$-0,$0,$-1,$-4,$1,$-3,$0,$0,$0,$0,$-3,$-2,$0,$0
1,2018-03-31,1.28,$3.96,0.32,$4.82,0.27,$0.63,2.04,$-0.14,0.0,$0.03B,$0.01B,3.28,$0.00B,$0.04B,0.0,$0.05B,$0.01B,26.53%,$0.05B,0,0.00%,$0.05B,0,0.00%,$0.05B,0,0.00%,$0.05B,0,0.00%,$0.05B,$-0.00B,-2.04%,$-0.00B,$0.04B,-2.41%,$-0.00B,$0.03B,-3.70%,$-0.00B,$0.05B,-1.89%,$0.00B,$0.04B,0.00%,$12,$8,$3,$0,$3,$12,$-0,$-0,$-0,$-0,$-0,$-0,$-0,$0,$-0,$10,10,$-0.03,$-0.03,$1,$22,$0,$29,$6,$0,$14,$0,$21,$51,$9,$0,$1,$1,$10,$0,$46,$0,$41,$51,$-1,$1,$1,$1,$0,$-0,$1,$-0,$1,$1,$-0,$0,$-1,$0,$-0,$-0,$0,$-1,$-3,$0,$-3,$0,$0,$0,$0,$-3,$-3,$0,$0
2,2017-12-31,1.47,$4.01,0.37,$4.80,0.31,$0.68,2.17,$-0.11,0.0,$0.03B,$0.01B,4.2,$0.00B,$0.04B,0.04,$0.05B,$0.01B,29.17%,$0.05B,0,0.00%,$0.05B,0,0.00%,$0.05B,$0.00B,2.08%,$0.05B,0,0.00%,$0.05B,$-0.00B,-2.08%,$-0.00B,$0.04B,-2.40%,$-0.00B,$0.03B,-3.70%,$-0.00B,$0.05B,-1.85%,$0.00B,$0.04B,0.00%,$12,$9,$3,$0,$4,$13,$-0,$-0,$-0,$0,$-1,$-1,$-1,$0,$-0,$10,10,$-0.07,$-0.07,$0,$22,$0,$29,$6,$0,$14,$0,$22,$50,$7,$2,$1,$2,$9,$0,$47,$0,$41,$50,$-1,$0,$1,$1,$0,$-0,$0,$0,$-0,$0,$0,$0,$-1,$0,$-0,$-0,$0,$-1,$-3,$0,$-3,$0,$0,$0,$0,$-3,$-4,$0,$0
3,2017-09-30,1.38,$4.08,0.34,$4.79,0.29,$0.83,1.67,$-0.02,0.0,$0.03B,$0.01B,3.36,$0.00B,$0.04B,0.05,$0.05B,$0.02B,31.25%,$0.05B,0,0.00%,$0.05B,0,0.00%,$0.05B,$0.00B,4.17%,$0.05B,0,0.00%,$0.05B,0,0.00%,$0.00B,$0.04B,0.00%,$0.00B,$0.03B,0.00%,$0.00B,$0.06B,0.00%,$0.00B,$0.04B,0.00%,$12,$9,$3,$0,$4,$13,$-0,$-0,$-0,$-0,$-0,$-0,$-0,$0,$-0,$10,10,$-0.02,$-0.02,$4,$22,$0,$32,$6,$0,$15,$0,$22,$55,$10,$2,$1,$3,$13,$0,$47,$0,$42,$55,$-0,$2,$1,$3,$-0,$-1,$1,$0,$0,$3,$-0,$0,$-8,$0,$2,$2,$0,$-5,$2,$0,$2,$0,$0,$0,$-0,$2,$-1,$0,$0
4,2017-06-30,1.61,$4.11,0.39,$4.54,0.35,$0.87,1.85,$-0.01,0.0,$0.03B,$0.01B,2.64,$0.00B,$0.04B,0.0,$0.05B,$0.02B,32.61%,$0.05B,0,0.00%,$0.05B,0,0.00%,$0.05B,$0.00B,4.35%,$0.05B,0,0.00%,$0.05B,0,0.00%,$0.00B,$0.04B,0.00%,$0.00B,$0.03B,0.00%,$0.00B,$0.06B,0.00%,$0.00B,$0.04B,0.00%,$13,$9,$4,$0,$4,$13,$-0,$-0,$-0,$-0,$-0,$-0,$-0,$0,$-0,$10,10,$-0.01,$-0.01,$4,$23,$0,$33,$6,$0,$15,$0,$23,$56,$12,$0,$1,$1,$14,$0,$48,$0,$42,$56,$0,$1,$1,$2,$-1,$-1,$1,$0,$0,$2,$-0,$0,$-8,$0,$2,$2,$0,$-6,$2,$0,$2,$0,$0,$0,$-0,$2,$-1,$0,$0
5,2017-03-31,1.91,$4.12,0.46,$4.26,0.45,$0.91,2.1,$0.03,63.5,$0.03B,$0.01B,4.73,$0.01B,$0.04B,0.12,$0.04B,$0.01B,32.56%,$0.04B,0,0.00%,$0.04B,0,0.00%,$0.04B,$0.00B,6.98%,$0.04B,$0.00B,2.33%,$0.04B,0,0.00%,$0.00B,$0.04B,0.00%,$0.00B,$0.03B,0.00%,$0.00B,$0.06B,0.00%,$0.00B,$0.05B,0.00%,$11,$8,$4,$0,$4,$11,$0,$-0,$-0,$-0,$0,$0,$0,$1,$0,$10,10,$0.00,$0.00,$4,$22,$0,$32,$6,$0,$15,$0,$23,$55,$7,$5,$1,$7,$13,$0,$48,$0,$42,$55,$0,$1,$0,$1,$0,$0,$0,$0,$0,$2,$-0,$0,$-8,$0,$2,$2,$0,$-6,$3,$0,$3,$0,$0,$0,$-0,$3,$-1,$0,$0
6,2016-12-31,1.77,$4.13,0.43,$4.20,0.42,$0.82,2.16,$0.04,44.25,$0.03B,$0.01B,4.15,$0.01B,$0.04B,0.14,$0.04B,$0.01B,32.56%,$0.04B,0,0.00%,$0.04B,0,0.00%,$0.04B,$0.00B,6.98%,$0.04B,$0.00B,2.33%,$0.04B,0,0.00%,$0.00B,$0.04B,0.00%,$0.00B,$0.03B,0.00%,$0.00B,$0.06B,0.00%,$0.00B,$0.05B,0.00%,$12,$8,$4,$0,$4,$12,$0,$-0,$0,$0,$0,$0,$0,$1,$0,$10,10,$0.02,$0.02,$4,$22,$0,$32,$6,$2,$16,$0,$25,$57,$8,$6,$1,$7,$15,$0,$48,$0,$42,$57,$0,$0,$0,$1,$0,$1,$0,$0,$1,$2,$-0,$0,$-7,$0,$1,$1,$0,$-6,$4,$0,$4,$0,$0,$0,$-0,$4,$-0,$0,$0
7,2016-09-30,1.75,$4.11,0.43,$3.82,0.46,$0.75,2.34,$0.02,87.5,$0.03B,$0.01B,6.17,$0.00B,$0.04B,0.08,$0.04B,$0.01B,33.33%,$0.04B,0,0.00%,$0.04B,0,0.00%,$0.04B,$0.00B,5.13%,$0.04B,$0.00B,2.56%,$0.04B,0,0.00%,$0.00B,$0.04B,0.00%,$0.00B,$0.03B,0.00%,$0.00B,$0.05B,0.00%,$0.00B,$0.05B,0.00%,$10,$7,$3,$0,$3,$10,$-0,$0,$-0,$-0,$-0,$-0,$-0,$-0,$-0,$10,10,$-0.01,$-0.01,$5,$22,$0,$31,$6,$3,$9,$0,$19,$50,$5,$3,$0,$4,$9,$0,$47,$0,$42,$50,$0,$1,$2,$3,$0,$1,$0,$-0,$0,$4,$-0,$0,$-1,$0,$-3,$-3,$0,$-4,$-1,$0,$-1,$0,$0,$0,$0,$-1,$-2,$0,$0
8,2016-06-30,1.77,$4.12,0.43,$3.82,0.46,$0.69,2.55,$0.06,29.5,$0.04B,$0.01B,6.05,$0.00B,$0.04B,0.09,$0.04B,$0.01B,33.33%,$0.04B,0,0.00%,$0.04B,0,0.00%,$0.04B,$0.00B,7.69%,$0.04B,$0.00B,2.56%,$0.04B,0,0.00%,$0.00B,$0.04B,0.00%,$0.00B,$0.03B,0.00%,$0.00B,$0.05B,0.00%,$0.00B,$0.05B,0.00%,$10,$7,$3,$0,$3,$10,$0,$0,$1,$0,$0,$0,$0,$1,$0,$10,10,$0.03,$0.03,$5,$22,$0,$35,$6,$2,$9,$0,$17,$52,$6,$4,$0,$4,$10,$0,$48,$0,$42,$52,$0,$1,$1,$2,$-1,$2,$1,$-0,$1,$3,$-0,$0,$-1,$0,$-2,$-2,$0,$-3,$-1,$0,$-1,$0,$0,$0,$0,$-1,$-1,$0,$0
9,2016-03-31,1.9,$4.09,0.46,$4.00,0.47,$0.55,3.46,$0.09,21.11,$0.04B,$0.01B,7.12,$0.00B,$0.04B,0.09,$0.04B,$0.01B,34.15%,$0.04B,$0.00B,2.44%,$0.04B,$0.00B,2.44%,$0.04B,$0.00B,7.32%,$0.04B,$0.00B,2.44%,$0.04B,$0.00B,2.44%,$0.00B,$0.04B,2.44%,$0.00B,$0.03B,3.17%,$0.00B,$0.05B,1.93%,$0.00B,$0.05B,2.21%,$11,$7,$4,$0,$3,$10,$0,$-0,$0,$0,$0,$0,$0,$1,$0,$10,10,$0.01,$0.01,$5,$22,$0,$35,$6,$0,$9,$0,$16,$51,$5,$4,$0,$4,$9,$0,$47,$0,$41,$51,$0,$1,$1,$1,$-1,$2,$0,$-0,$-0,$1,$-0,$0,$-1,$0,$-0,$-0,$0,$-2,$-0,$0,$-0,$0,$0,$0,$0,$-0,$-1,$0,$0
10,2015-12-31,1.81,$4.09,0.44,$4.09,0.44,$0.56,3.25,$0.10,18.1,$0.04B,$0.01B,7.49,$0.00B,$0.04B,0.1,$0.04B,$0.01B,34.15%,$0.04B,$0.00B,2.44%,$0.04B,$0.00B,2.44%,$0.04B,$0.00B,7.32%,$0.04B,$0.00B,2.44%,$0.04B,$0.00B,2.44%,$0.00B,$0.04B,2.45%,$0.00B,$0.03B,3.23%,$0.00B,$0.05B,1.90%,$0.00B,$0.05B,2.21%,$8,$5,$3,$0,$3,$8,$0,$-0,$0,$0,$0,$0,$0,$0,$0,$10,10,$0.00,$0.00,$7,$23,$0,$36,$6,$0,$10,$0,$16,$51,$5,$4,$1,$6,$10,$0,$47,$0,$41,$51,$0,$0,$0,$0,$0,$0,$0,$0,$0,$1,$-0,$0,$-0,$0,$0,$0,$0,$-0,$-0,$0,$-0,$0,$0,$0,$0,$-0,$1,$0,$0
11,2015-09-30,2.24,$4.09,0.55,$4.35,0.52,$0.60,3.72,$0.14,16.0,$0.03B,$0.01B,6.67,$0.00B,$0.04B,0.11,$0.04B,$0.02B,34.09%,$0.04B,$0.00B,4.55%,$0.04B,$0.00B,4.55%,$0.04B,$0.00B,9.09%,$0.04B,$0.00B,4.55%,$0.04B,$0.00B,2.27%,$0.00B,$0.04B,2.47%,$0.00B,$0.03B,3.28%,$0.00B,$0.05B,1.89%,$0.00B,$0.05B,4.42%,$10,$7,$3,$0,$3,$9,$0,$-0,$0,$0,$0,$0,$0,$1,$0,$10,10,$0.03,$0.03,$6,$24,$0,$34,$6,$0,$10,$0,$18,$52,$5,$4,$1,$5,$11,$0,$47,$0,$41,$52,$1,$1,$1,$2,$2,$-1,$-1,$0,$-0,$3,$-0,$0,$-1,$0,$0,$0,$0,$-1,$-1,$0,$-1,$0,$0,$0,$0,$-1,$1,$0,$0
12,2015-06-30,2.33,$4.06,0.57,$4.60,0.51,$0.19,12.24,$0.18,12.94,$0.04B,$0.01B,5.87,$0.01B,$0.04B,0.11,$0.05B,$0.02B,34.78%,$0.05B,$0.00B,6.52%,$0.05B,$0.00B,6.52%,$0.05B,$0.00B,8.70%,$0.05B,$0.00B,6.52%,$0.05B,$0.00B,4.35%,$0.00B,$0.04B,5.00%,$0.00B,$0.03B,6.67%,$0.00B,$0.05B,3.76%,$0.00B,$0.05B,6.67%,$12,$8,$4,$0,$3,$11,$1,$-0,$1,$0,$1,$1,$1,$1,$1,$10,10,$0.06,$0.06,$5,$24,$0,$37,$6,$0,$10,$0,$16,$53,$6,$5,$1,$6,$12,$0,$47,$0,$41,$53,$1,$1,$0,$1,$1,$-2,$-0,$0,$-2,$1,$-0,$0,$-1,$0,$0,$0,$0,$-1,$-1,$0,$-1,$0,$0,$0,$0,$-1,$-1,$0,$0
13,2015-03-31,2.35,$3.99,0.59,$4.34,0.54,$-0.07,0.0,$0.13,18.08,$0.04B,$0.01B,4.66,$0.01B,$0.04B,0.12,$0.04B,$0.02B,34.88%,$0.04B,$0.00B,4.65%,$0.04B,$0.00B,4.65%,$0.04B,$0.00B,9.30%,$0.04B,$0.00B,4.65%,$0.04B,$0.00B,2.33%,$0.00B,$0.04B,2.53%,$0.00B,$0.03B,3.42%,$0.00B,$0.05B,1.88%,$0.00B,$0.05B,4.47%,$11,$7,$4,$0,$4,$11,$0,$-0,$0,$0,$0,$0,$0,$1,$0,$10,10,$0.02,$0.02,$5,$25,$0,$38,$6,$0,$10,$0,$17,$54,$8,$5,$1,$6,$14,$0,$46,$0,$40,$54,$1,$1,$0,$1,$-0,$-2,$2,$-0,$-1,$1,$-0,$0,$-1,$0,$0,$0,$0,$-1,$-0,$0,$-0,$0,$0,$0,$0,$-0,$-0,$0,$0
14,2014-12-31,2.44,$3.97,0.61,$4.04,0.6,$-0.24,0.0,$0.02,122.0,$0.04B,$0.01B,5.97,$0.01B,$0.04B,0.13,$0.04B,$0.01B,32.50%,$0.04B,$0.00B,5.00%,$0.04B,$0.00B,5.00%,$0.04B,$0.00B,7.50%,$0.04B,$0.00B,5.00%,$0.04B,0,0.00%,$0.00B,$0.04B,0.00%,$0.00B,$0.03B,0.00%,$0.00B,$0.05B,0.00%,$0.00B,$0.05B,4.49%,$11,$7,$4,$0,$3,$10,$1,$-0,$1,$0,$0,$0,$0,$1,$1,$10,10,$0.04,$0.04,$7,$23,$0,$36,$6,$0,$10,$0,$17,$53,$6,$5,$2,$7,$13,$0,$46,$0,$40,$53,$0,$0,$0,$0,$1,$-0,$-0,$0,$1,$2,$-0,$0,$0,$0,$0,$0,$0,$-0,$-0,$0,$-0,$0,$0,$0,$0,$-0,$1,$0,$0
15,2014-09-30,2.33,$3.93,0.59,$3.57,0.65,$-0.46,0.0,$0.00,0.0,$0.04B,$0.01B,5.56,$0.01B,$0.04B,0.13,$0.04B,$0.01B,31.43%,$0.04B,$0.00B,2.86%,$0.04B,$0.00B,2.86%,$0.04B,$0.00B,5.71%,$0.04B,$0.00B,2.86%,$0.04B,0,0.00%,$0.00B,$0.04B,0.00%,$0.00B,$0.03B,0.00%,$0.00B,$0.05B,0.00%,$0.00B,$0.05B,2.30%,$12,$8,$4,$0,$3,$11,$1,$-0,$1,$0,$1,$1,$1,$1,$1,$10,10,$0.06,$0.06,$5,$23,$0,$36,$6,$0,$11,$0,$17,$53,$7,$5,$2,$7,$14,$0,$46,$0,$39,$53,$-0,$1,$1,$2,$-2,$-2,$-0,$-0,$-4,$-1,$-0,$0,$-10,$0,$0,$0,$3,$-6,$5,$0,$5,$0,$0,$0,$0,$5,$-3,$0,$0
16,2014-06-30,2.76,$3.86,0.71,$2.96,0.93,$0.08,35.59,$-0.03,0.0,$0.04B,$0.01B,5.68,$0.01B,$0.04B,0.14,$0.03B,$0.01B,31.03%,$0.03B,$0.00B,3.45%,$0.03B,$0.00B,3.45%,$0.03B,$0.00B,6.90%,$0.03B,$0.00B,3.45%,$0.03B,$-0.00B,-3.45%,$-0.00B,$0.04B,-2.56%,$-0.00B,$0.03B,-3.05%,$-0.00B,$0.05B,-2.05%,$0.00B,$0.04B,2.37%,$9,$6,$3,$0,$3,$9,$0,$-0,$0,$0,$0,$0,$0,$1,$0,$10,10,$0.01,$0.01,$4,$24,$0,$35,$7,$0,$11,$0,$18,$53,$6,$5,$2,$8,$14,$0,$45,$0,$39,$53,$-1,$1,$2,$2,$0,$-3,$0,$-0,$-3,$-2,$-0,$0,$-8,$0,$0,$0,$0,$-8,$5,$0,$5,$0,$0,$0,$0,$5,$-4,$0,$0
17,2014-03-31,3.32,$3.85,0.86,$2.67,1.24,$0.61,5.47,$-0.02,0.0,$0.03B,$0.01B,4.59,$0.01B,$0.04B,0.15,$0.03B,$0.01B,30.77%,$0.03B,$0.00B,3.85%,$0.03B,$0.00B,3.85%,$0.03B,$0.00B,7.69%,$0.03B,$0.00B,3.85%,$0.03B,$-0.00B,-3.85%,$-0.00B,$0.04B,-2.56%,$-0.00B,$0.03B,-2.86%,$-0.00B,$0.05B,-2.16%,$0.00B,$0.04B,2.42%,$8,$6,$2,$0,$3,$9,$-0,$-0,$-0,$-0,$-0,$-0,$-1,$-0,$-0,$10,10,$-0.09,$-0.09,$5,$23,$0,$34,$7,$0,$11,$0,$19,$54,$7,$6,$2,$8,$15,$0,$45,$0,$39,$54,$-1,$0,$1,$1,$-0,$-2,$2,$-0,$-1,$-1,$-0,$0,$-8,$0,$0,$0,$0,$-8,$5,$0,$5,$0,$0,$0,$0,$5,$-4,$0,$0
18,2013-12-31,2.69,$3.94,0.68,$2.51,1.07,$0.98,2.76,$0.10,26.9,$0.04B,$0.00B,9.54,$0.00B,$0.04B,0.03,$0.03B,$0.01B,32.00%,$0.03B,$0.00B,4.00%,$0.03B,$0.00B,4.00%,$0.03B,$0.00B,12.00%,$0.03B,$0.00B,4.00%,$0.03B,0,0.00%,$0.00B,$0.04B,0.00%,$0.00B,$0.04B,0.00%,$0.00B,$0.05B,0.00%,$0.00B,$0.04B,2.48%,$6,$4,$2,$0,$2,$6,$0,$-0,$0,$0,$0,$0,$0,$0,$0,$10,10,$0.02,$0.02,$8,$23,$0,$35,$8,$0,$2,$0,$9,$45,$4,$1,$0,$2,$5,$0,$46,$0,$39,$45,$0,$0,$0,$0,$0,$-2,$2,$-0,$-1,$-1,$-0,$0,$0,$0,$0,$0,$0,$-0,$-0,$0,$-0,$0,$0,$0,$0,$-0,$-1,$0,$0
19,2013-09-30,2.45,$3.92,0.63,$2.85,0.86,$1.27,1.93,$0.16,15.31,$0.03B,$0.00B,13.83,$0.00B,$0.04B,0.03,$0.03B,$0.01B,31.03%,$0.03B,$0.00B,6.90%,$0.03B,$0.00B,6.90%,$0.03B,$0.00B,13.79%,$0.03B,$0.00B,6.90%,$0.03B,$0.00B,3.45%,$0.00B,$0.04B,2.56%,$0.00B,$0.04B,2.68%,$0.00B,$0.04B,2.33%,$0.00B,$0.04B,5.00%,$6,$4,$2,$0,$1,$5,$1,$-0,$1,$0,$0,$0,$0,$1,$1,$10,10,$0.04,$0.04,$8,$18,$0,$34,$6,$0,$1,$0,$10,$43,$2,$1,$0,$2,$4,$0,$46,$0,$39,$43,$2,$0,$1,$1,$0,$1,$0,$0,$1,$4,$-0,$0,$0,$0,$0,$0,$0,$-0,$-0,$0,$-0,$-0,$-0,$0,$0,$-1,$3,$0,$0
20,2013-06-30,2.28,$3.88,0.59,$2.54,0.9,$1.37,1.67,$0.17,13.41,$0.03B,$0.00B,12.58,$0.00B,$0.04B,0.04,$0.03B,$0.01B,30.77%,$0.03B,$0.00B,3.85%,$0.03B,$0.00B,3.85%,$0.03B,$0.00B,11.54%,$0.03B,$0.00B,3.85%,$0.03B,$0.00B,3.85%,$0.00B,$0.04B,2.58%,$0.00B,$0.04B,2.72%,$0.00B,$0.04B,2.34%,$0.00B,$0.04B,2.52%,$6,$5,$2,$0,$1,$6,$0,$-0,$0,$0,$0,$0,$0,$1,$0,$10,10,$0.02,$0.02,$8,$21,$0,$33,$8,$0,$2,$0,$10,$43,$3,$1,$0,$2,$4,$0,$45,$0,$39,$43,$1,$0,$-0,$0,$1,$1,$0,$0,$2,$4,$-0,$0,$0,$0,$0,$0,$0,$-0,$-0,$0,$-0,$-0,$-0,$0,$0,$-1,$3,$0,$0
21,2013-03-31,2.33,$3.86,0.6,$2.74,0.85,$1.26,1.85,$0.20,11.65,$0.03B,$0.00B,10.86,$0.00B,$0.04B,0.04,$0.03B,$0.01B,32.14%,$0.03B,$0.00B,7.14%,$0.03B,$0.00B,7.14%,$0.03B,$0.00B,10.71%,$0.03B,$0.00B,7.14%,$0.03B,$0.00B,3.57%,$0.00B,$0.04B,2.61%,$0.00B,$0.04B,2.74%,$0.00B,$0.04B,2.37%,$0.00B,$0.04B,5.06%,$7,$5,$2,$0,$1,$6,$0,$-0,$0,$0,$0,$0,$0,$1,$0,$10,10,$0.03,$0.03,$8,$22,$0,$34,$8,$0,$2,$0,$10,$43,$3,$1,$0,$2,$5,$0,$45,$0,$39,$43,$1,$0,$-0,$0,$-0,$1,$0,$-0,$2,$3,$-0,$0,$0,$0,$0,$0,$0,$-0,$-0,$0,$-0,$-0,$-0,$0,$0,$-1,$2,$0,$0
22,2012-12-31,1.99,$3.80,0.52,$2.97,0.67,$1.12,1.77,$0.16,12.46,$0.03B,$0.00B,12.42,$0.00B,$0.04B,0.04,$0.03B,$0.01B,33.33%,$0.03B,$0.00B,10.00%,$0.03B,$0.00B,10.00%,$0.03B,$0.00B,10.00%,$0.03B,$0.00B,6.67%,$0.03B,$0.00B,3.33%,$0.00B,$0.04B,2.65%,$0.00B,$0.04B,2.78%,$0.00B,$0.04B,2.38%,$0.00B,$0.04B,7.69%,$10,$6,$3,$0,$2,$8,$1,$-0,$1,$0,$1,$1,$1,$1,$1,$10,10,$0.08,$0.08,$7,$22,$0,$33,$8,$0,$2,$0,$10,$43,$3,$1,$0,$2,$4,$0,$45,$0,$39,$43,$1,$0,$0,$0,$-0,$1,$0,$0,$1,$2,$0,$0,$0,$0,$0,$0,$0,$0,$-0,$0,$-0,$-0,$-0,$0,$0,$-0,$2,$0,$0
23,2012-09-30,2.2,$3.71,0.59,$2.91,0.76,$1.07,2.05,$0.12,18.33,$0.03B,$0.00B,12.21,$0.00B,$0.04B,0.04,$0.03B,$0.01B,34.48%,$0.03B,$0.00B,10.34%,$0.03B,$0.00B,10.34%,$0.03B,$0.00B,10.34%,$0.03B,$0.00B,6.90%,$0.03B,0,0.00%,$0.00B,$0.04B,0.00%,$0.00B,$0.04B,0.00%,$0.00B,$0.04B,0.00%,$0.00B,$0.04B,7.41%,$3,$2,$1,$0,$1,$3,$0,$-0,$0,$0,$0,$0,$0,$0,$0,$10,10,$0.04,$0.04,$5,$23,$0,$32,$8,$0,$2,$0,$10,$42,$3,$2,$0,$2,$4,$0,$44,$0,$38,$42,$1,$0,$0,$0,$1,$3,$-1,$-0,$3,$5,$-0,$0,$0,$0,$0,$0,$-0,$-0,$-10,$0,$-10,$-0,$-0,$0,$0,$-10,$-6,$0,$0
24,2012-06-30,2.15,$3.67,0.59,$3.73,0.58,$1.03,2.08,$0.15,14.33,$0.03B,$0.00B,13.05,$0.00B,$0.04B,0.04,$0.04B,$0.01B,32.43%,$0.04B,$0.00B,10.81%,$0.04B,$0.00B,10.81%,$0.04B,$0.01B,13.51%,$0.04B,$0.00B,8.11%,$0.04B,$0.00B,2.70%,$0.00B,$0.04B,2.74%,$0.00B,$0.04B,2.86%,$0.00B,$0.04B,2.14%,$0.00B,$0.04B,9.47%,$8,$6,$3,$0,$2,$8,$1,$-0,$1,$0,$0,$0,$0,$1,$1,$10,10,$0.05,$0.05,$3,$24,$0,$32,$8,$0,$2,$0,$10,$41,$2,$2,$0,$2,$4,$0,$44,$0,$37,$41,$1,$0,$1,$1,$1,$2,$-1,$0,$1,$3,$-0,$0,$0,$0,$0,$0,$0,$-0,$-10,$0,$-10,$-0,$-0,$0,$0,$-10,$-8,$0,$0
25,2012-03-31,2.39,$3.62,0.66,$3.75,0.64,$1.28,1.86,$0.15,15.91,$0.03B,$0.00B,10.13,$0.00B,$0.04B,0.04,$0.04B,$0.01B,31.58%,$0.04B,$0.00B,10.53%,$0.04B,$0.00B,10.53%,$0.04B,$0.01B,13.16%,$0.04B,$0.00B,7.89%,$0.04B,$0.00B,2.63%,$0.00B,$0.04B,2.78%,$0.00B,$0.04B,2.90%,$0.00B,$0.04B,2.01%,$0.00B,$0.04B,9.09%,$9,$7,$3,$0,$2,$8,$1,$-1,$-0,$-0,$-0,$-0,$-0,$1,$1,$10,10,$-0.01,$-0.01,$2,$25,$0,$32,$8,$0,$2,$0,$10,$42,$3,$2,$0,$2,$5,$0,$43,$0,$37,$42,$0,$0,$0,$0,$1,$1,$-1,$-0,$1,$2,$-0,$0,$0,$0,$0,$0,$0,$-0,$-10,$0,$-10,$-0,$-0,$0,$0,$-10,$-9,$0,$0
26,2011-12-31,2.1,$3.57,0.59,$3.72,0.56,$1.37,1.53,$0.22,9.52,$0.04B,$0.00B,10.5,$0.01B,$0.04B,0.27,$0.04B,$0.01B,31.58%,$0.04B,$0.00B,10.53%,$0.04B,$0.00B,10.53%,$0.04B,$0.01B,13.16%,$0.04B,$0.00B,10.53%,$0.04B,$0.00B,5.26%,$0.00B,$0.04B,5.63%,$0.00B,$0.04B,5.88%,$0.00B,$0.05B,3.85%,$0.00B,$0.05B,8.70%,$9,$6,$3,$0,$2,$8,$1,$-0,$1,$0,$0,$0,$0,$1,$1,$10,10,$0.04,$0.04,$12,$24,$0,$41,$8,$0,$2,$0,$10,$51,$4,$10,$1,$11,$15,$0,$43,$-1,$36,$51,$0,$0,$0,$0,$1,$2,$-1,$0,$1,$2,$-0,$0,$0,$0,$0,$0,$0,$-0,$-0,$0,$-0,$0,$0,$0,$0,$-0,$1,$0,$0
27,2011-09-30,2.26,$3.52,0.64,$3.74,0.6,$1.40,1.61,$0.25,9.04,$0.04B,$0.01B,7.43,$0.01B,$0.04B,0.29,$0.04B,$0.01B,31.58%,$0.04B,$0.00B,10.53%,$0.04B,$0.00B,10.53%,$0.04B,$0.01B,13.16%,$0.04B,$0.00B,10.53%,$0.04B,$0.00B,7.89%,$0.00B,$0.04B,8.57%,$0.00B,$0.03B,9.02%,$0.00B,$0.05B,5.74%,$0.00B,$0.05B,8.70%,$11,$8,$3,$0,$2,$10,$1,$-0,$1,$1,$1,$1,$1,$2,$1,$10,10,$0.07,$0.07,$11,$26,$0,$43,$8,$0,$2,$0,$10,$53,$6,$10,$1,$11,$17,$0,$43,$-1,$36,$53,$3,$0,$1,$1,$1,$2,$-0,$0,$2,$6,$-1,$0,$-1,$0,$0,$0,$0,$-2,$-2,$0,$-2,$0,$0,$0,$0,$-2,$2,$0,$0
28,2011-06-30,2.6,$3.45,0.75,$3.79,0.69,$1.94,1.34,$0.26,10.0,$0.04B,$0.01B,7.25,$0.01B,$0.04B,0.3,$0.04B,$0.01B,30.77%,$0.04B,$0.01B,12.82%,$0.04B,$0.01B,12.82%,$0.04B,$0.01B,12.82%,$0.04B,$0.00B,10.26%,$0.04B,$0.00B,7.69%,$0.00B,$0.04B,8.76%,$0.00B,$0.03B,9.23%,$0.00B,$0.05B,5.77%,$0.01B,$0.05B,10.93%,$9,$6,$3,$0,$2,$8,$1,$-0,$1,$0,$0,$0,$0,$1,$1,$10,10,$0.05,$0.05,$12,$27,$0,$44,$7,$0,$2,$0,$9,$53,$6,$11,$1,$12,$18,$0,$42,$-1,$35,$53,$2,$0,$1,$1,$2,$1,$0,$0,$3,$5,$0,$0,$-1,$0,$0,$0,$0,$-1,$-1,$0,$-1,$0,$0,$0,$0,$-1,$3,$0,$0
29,2011-03-31,3.09,$3.41,0.91,$4.25,0.73,$2.14,1.44,$0.35,8.83,$0.04B,$0.01B,9.2,$0.01B,$0.04B,0.32,$0.04B,$0.01B,30.23%,$0.04B,$0.01B,13.95%,$0.04B,$0.01B,13.95%,$0.04B,$0.01B,16.28%,$0.04B,$0.01B,11.63%,$0.04B,$0.00B,9.30%,$0.00B,$0.04B,11.94%,$0.00B,$0.03B,12.60%,$0.00B,$0.05B,7.77%,$0.01B,$0.05B,13.19%,$9,$6,$3,$0,$2,$8,$1,$-0,$1,$0,$1,$1,$1,$1,$1,$10,10,$0.06,$0.06,$10,$27,$0,$42,$7,$0,$2,$0,$9,$51,$5,$11,$1,$12,$17,$0,$42,$-1,$35,$51,$1,$0,$0,$0,$2,$0,$-1,$-0,$1,$2,$0,$0,$0,$0,$0,$0,$0,$0,$-1,$0,$-1,$0,$0,$0,$0,$-1,$2,$0,$0
30,2010-12-31,3.14,$3.35,0.94,$4.57,0.69,$2.27,1.38,$0.40,7.85,$0.04B,$0.01B,7.28,$0.01B,$0.03B,0.34,$0.05B,$0.01B,30.43%,$0.05B,$0.01B,15.22%,$0.05B,$0.01B,15.22%,$0.05B,$0.01B,17.39%,$0.05B,$0.01B,13.04%,$0.05B,$0.00B,8.70%,$0.00B,$0.03B,12.31%,$0.00B,$0.03B,13.01%,$0.00B,$0.05B,7.77%,$0.01B,$0.05B,15.56%,$9,$6,$3,$0,$1,$8,$1,$-0,$1,$0,$1,$1,$1,$1,$1,$10,10,$0.07,$0.07,$10,$29,$0,$43,$7,$0,$2,$0,$9,$52,$6,$12,$1,$13,$19,$0,$41,$-1,$34,$52,$1,$0,$0,$0,$2,$-1,$1,$0,$1,$2,$0,$0,$0,$0,$0,$0,$0,$0,$-0,$0,$-0,$0,$0,$0,$0,$-0,$2,$0,$0
31,2010-09-30,2.95,$3.26,0.91,$4.67,0.63,$2.36,1.25,$0.41,7.2,$0.04B,$0.01B,7.24,$0.01B,$0.03B,0.37,$0.05B,$0.01B,29.79%,$0.05B,$0.01B,17.02%,$0.05B,$0.01B,17.02%,$0.05B,$0.01B,19.15%,$0.05B,$0.01B,12.77%,$0.05B,$0.00B,8.51%,$0.00B,$0.03B,12.70%,$0.00B,$0.03B,13.45%,$0.00B,$0.05B,7.84%,$0.01B,$0.05B,18.08%,$12,$8,$3,$0,$2,$10,$2,$-0,$1,$1,$1,$1,$1,$2,$2,$10,10,$0.08,$0.08,$9,$27,$0,$43,$7,$0,$2,$0,$9,$52,$6,$12,$1,$13,$19,$0,$40,$-1,$33,$52,$4,$0,$1,$1,$-1,$5,$0,$0,$5,$10,$-0,$0,$0,$0,$0,$0,$0,$-0,$-2,$0,$-2,$0,$0,$0,$0,$-2,$8,$0,$0
32,2010-06-30,2.82,$3.18,0.89,$4.51,0.63,$1.93,1.46,$0.40,7.05,$0.04B,$0.01B,7.96,$0.01B,$0.03B,0.39,$0.05B,$0.01B,31.11%,$0.05B,$0.01B,15.56%,$0.05B,$0.01B,15.56%,$0.05B,$0.01B,17.78%,$0.05B,$0.01B,13.33%,$0.05B,$0.00B,8.89%,$0.00B,$0.03B,13.11%,$0.00B,$0.03B,13.91%,$0.00B,$0.05B,7.96%,$0.01B,$0.05B,16.00%,$13,$9,$4,$0,$2,$11,$2,$-0,$2,$1,$1,$1,$1,$3,$2,$10,10,$0.14,$0.14,$6,$29,$0,$42,$7,$0,$2,$0,$10,$51,$5,$13,$1,$14,$19,$0,$39,$-1,$32,$51,$3,$0,$1,$1,$-1,$4,$-0,$0,$3,$7,$-0,$0,$0,$0,$0,$0,$0,$-0,$-2,$0,$-2,$0,$0,$0,$0,$-2,$6,$0,$0
33,2010-03-31,2.29,$3.05,0.75,$4.10,0.56,$1.61,1.42,$0.32,7.16,$0.04B,$0.01B,6.93,$0.01B,$0.03B,0.42,$0.04B,$0.01B,31.71%,$0.04B,$0.01B,14.63%,$0.04B,$0.01B,14.63%,$0.04B,$0.01B,14.63%,$0.04B,$0.01B,12.20%,$0.04B,$0.00B,9.76%,$0.00B,$0.03B,13.56%,$0.00B,$0.03B,14.41%,$0.00B,$0.05B,8.04%,$0.01B,$0.04B,13.87%,$12,$8,$4,$0,$2,$10,$2,$-0,$2,$1,$1,$1,$1,$2,$2,$10,10,$0.11,$0.11,$4,$31,$0,$41,$7,$0,$2,$0,$10,$51,$6,$13,$1,$14,$20,$0,$38,$-1,$31,$51,$2,$0,$0,$1,$-1,$1,$1,$-0,$1,$4,$-0,$0,$0,$0,$0,$0,$0,$-0,$-1,$0,$-1,$0,$0,$0,$0,$-1,$3,$0,$0
34,2009-12-31,1.97,$2.95,0.67,$3.91,0.5,$1.58,1.25,$0.28,7.04,$0.04B,$0.01B,7.34,$0.01B,$0.03B,0.45,$0.04B,$0.01B,30.77%,$0.04B,$0.01B,12.82%,$0.04B,$0.01B,12.82%,$0.04B,$0.01B,12.82%,$0.04B,$0.00B,10.26%,$0.04B,$0.00B,10.26%,$0.00B,$0.03B,14.04%,$0.00B,$0.03B,14.81%,$0.00B,$0.05B,8.08%,$0.01B,$0.04B,11.70%,$10,$7,$3,$0,$2,$9,$2,$-0,$1,$1,$1,$1,$1,$2,$2,$10,10,$0.08,$0.08,$3,$32,$0,$40,$7,$0,$2,$0,$10,$50,$5,$14,$1,$14,$20,$0,$37,$-1,$30,$50,$1,$0,$0,$0,$1,$1,$0,$0,$2,$3,$-0,$0,$0,$0,$0,$0,$0,$-0,$-0,$0,$-0,$0,$0,$0,$0,$-0,$2,$0,$0
35,2009-09-30,2.3,$2.86,0.8,$4.15,0.55,$1.53,1.5,$0.29,7.93,$0.04B,$0.01B,7.21,$0.01B,$0.03B,0.48,$0.04B,$0.01B,30.95%,$0.04B,$0.01B,11.90%,$0.04B,$0.01B,11.90%,$0.04B,$0.01B,11.90%,$0.04B,$0.01B,11.90%,$0.04B,$0.00B,9.52%,$0.00B,$0.03B,14.41%,$0.00B,$0.03B,15.24%,$0.00B,$0.05B,8.08%,$0.01B,$0.04B,11.76%,$10,$7,$3,$0,$2,$9,$1,$-0,$1,$0,$1,$1,$1,$1,$1,$10,10,$0.08,$0.08,$1,$33,$0,$40,$8,$0,$2,$0,$10,$49,$5,$14,$1,$15,$21,$0,$36,$-1,$29,$49,$3,$0,$1,$2,$2,$-0,$-1,$0,$1,$6,$-0,$0,$0,$0,$0,$0,$0,$-0,$-2,$-3,$-5,$-0,$-0,$0,$0,$-5,$1,$0,$0
36,2009-06-30,1.65,$2.79,0.59,$4.58,0.36,$1.05,1.58,$0.32,5.16,$0.04B,$0.01B,7.76,$0.01B,$0.03B,0.51,$0.05B,$0.01B,29.79%,$0.05B,$0.01B,12.77%,$0.05B,$0.01B,12.77%,$0.05B,$0.01B,12.77%,$0.05B,$0.01B,12.77%,$0.05B,$0.00B,8.51%,$0.00B,$0.03B,14.68%,$0.00B,$0.03B,15.53%,$0.00B,$0.05B,7.96%,$0.01B,$0.04B,14.20%,$9,$6,$3,$0,$2,$8,$1,$-0,$1,$0,$1,$1,$1,$1,$1,$10,10,$0.06,$0.06,$0,$34,$0,$39,$8,$0,$2,$0,$10,$49,$5,$14,$1,$15,$20,$0,$35,$-1,$28,$49,$2,$0,$1,$1,$3,$-1,$-2,$0,$1,$4,$-0,$0,$0,$0,$0,$0,$0,$-0,$-1,$-2,$-4,$-0,$-0,$0,$0,$-4,$0,$0,$0
37,2009-03-31,1.41,$2.70,0.52,$4.96,0.28,$0.78,1.8,$0.32,4.41,$0.04B,$0.01B,6.26,$0.02B,$0.03B,0.55,$0.05B,$0.01B,27.45%,$0.05B,$0.01B,11.76%,$0.05B,$0.01B,11.76%,$0.05B,$0.01B,11.76%,$0.05B,$0.01B,11.76%,$0.05B,$0.00B,7.84%,$0.00B,$0.03B,14.95%,$0.00B,$0.03B,16.00%,$0.00B,$0.05B,7.92%,$0.01B,$0.04B,14.29%,$10,$7,$3,$0,$2,$9,$1,$-0,$1,$0,$1,$1,$1,$1,$1,$10,10,$0.07,$0.07,$0,$35,$0,$40,$8,$0,$2,$0,$10,$50,$6,$15,$1,$16,$23,$0,$35,$-1,$27,$50,$2,$0,$1,$1,$3,$-2,$-0,$-0,$1,$3,$0,$0,$0,$0,$0,$0,$0,$0,$-1,$-2,$-3,$-0,$-0,$0,$0,$-3,$0,$0,$0
38,2008-12-31,1.78,$2.63,0.68,$5.31,0.34,$0.28,6.37,$0.39,4.56,$0.04B,$0.01B,5.69,$0.02B,$0.03B,0.58,$0.06B,$0.02B,29.09%,$0.06B,$0.01B,14.55%,$0.06B,$0.01B,14.55%,$0.06B,$0.01B,14.55%,$0.06B,$0.01B,12.73%,$0.06B,$0.00B,7.27%,$0.00B,$0.03B,15.24%,$0.00B,$0.03B,16.49%,$0.00B,$0.05B,7.80%,$0.01B,$0.04B,19.16%,$13,$9,$4,$0,$2,$11,$2,$-0,$2,$1,$1,$1,$1,$2,$2,$10,10,$0.09,$0.09,$0,$33,$0,$40,$8,$0,$2,$0,$10,$50,$7,$15,$1,$17,$24,$0,$34,$-1,$27,$50,$1,$0,$0,$0,$1,$0,$-0,$0,$1,$2,$-0,$0,$0,$0,$0,$0,$0,$-0,$-0,$-2,$-2,$-0,$-0,$0,$0,$-2,$0,$0,$0
39,2008-09-30,2.69,$2.58,1.04,$5.49,0.49,$0.11,25.28,$0.44,6.11,$0.04B,$0.01B,4.6,$0.02B,$0.03B,0.6,$0.06B,$0.02B,29.82%,$0.06B,$0.01B,15.79%,$0.06B,$0.01B,15.79%,$0.06B,$0.01B,15.79%,$0.06B,$0.01B,14.04%,$0.06B,$0.00B,7.02%,$0.00B,$0.03B,15.84%,$0.00B,$0.03B,17.02%,$0.00B,$0.05B,7.73%,$0.01B,$0.04B,21.69%,$15,$11,$4,$0,$2,$13,$2,$-0,$2,$1,$1,$1,$1,$2,$2,$10,10,$0.10,$0.10,$0,$34,$0,$42,$8,$0,$2,$0,$10,$52,$9,$16,$0,$16,$25,$0,$33,$-0,$27,$52,$5,$0,$2,$2,$-0,$-4,$-1,$0,$-5,$2,$-1,$0,$0,$0,$0,$0,$0,$-1,$10,$1,$12,$0,$-12,$-0,$0,$-1,$-0,$0,$0
40,2008-06-30,3.05,$2.49,1.23,$5.75,0.53,$0.17,17.59,$0.50,6.1,$0.04B,$0.01B,4.83,$0.02B,$0.03B,0.64,$0.06B,$0.02B,30.51%,$0.06B,$0.01B,16.95%,$0.06B,$0.01B,16.95%,$0.06B,$0.01B,16.95%,$0.06B,$0.01B,15.25%,$0.06B,$0.01B,8.47%,$0.01B,$0.03B,18.52%,$0.01B,$0.02B,19.61%,$0.01B,$0.05B,9.80%,$0.01B,$0.04B,24.39%,$13,$10,$3,$0,$2,$12,$1,$-0,$1,$0,$1,$1,$1,$1,$1,$10,10,$0.06,$0.06,$0,$34,$0,$40,$8,$0,$2,$0,$10,$50,$8,$16,$0,$17,$25,$0,$32,$-0,$26,$50,$4,$0,$1,$1,$1,$-3,$-1,$0,$-3,$2,$-1,$0,$0,$0,$0,$0,$0,$-1,$11,$0,$11,$0,$-12,$-0,$0,$-1,$-0,$0,$0
41,2008-03-31,3.46,$2.39,1.45,$6.18,0.56,$0.07,51.49,$0.63,5.49,$0.04B,$0.01B,3.98,$0.02B,$0.03B,0.68,$0.06B,$0.02B,32.81%,$0.06B,$0.01B,20.31%,$0.06B,$0.01B,20.31%,$0.06B,$0.01B,20.31%,$0.06B,$0.01B,18.75%,$0.06B,$0.01B,9.38%,$0.01B,$0.03B,20.87%,$0.01B,$0.02B,22.02%,$0.01B,$0.05B,11.94%,$0.01B,$0.04B,32.30%,$14,$9,$5,$0,$2,$11,$3,$-0,$2,$1,$1,$1,$1,$3,$3,$10,10,$0.14,$0.14,$0,$34,$0,$42,$8,$0,$2,$0,$11,$53,$11,$17,$1,$18,$28,$0,$31,$-0,$25,$53,$3,$0,$0,$0,$-0,$-3,$-1,$-0,$-4,$-1,$-1,$0,$0,$0,$0,$0,$0,$-1,$11,$3,$14,$0,$-12,$-0,$0,$2,$-0,$0,$0
42,2007-12-31,6.17,$2.29,2.7,$6.39,0.96,$0.02,323.04,$0.64,9.64,$0.04B,$0.01B,3.89,$0.02B,$0.02B,0.74,$0.07B,$0.02B,31.82%,$0.07B,$0.01B,19.70%,$0.07B,$0.01B,19.70%,$0.07B,$0.01B,19.70%,$0.07B,$0.01B,19.70%,$0.07B,$0.01B,10.61%,$0.01B,$0.02B,23.14%,$0.01B,$0.02B,24.35%,$0.01B,$0.05B,14.21%,$0.01B,$0.04B,33.12%,$15,$10,$5,$0,$2,$12,$3,$-0,$3,$1,$2,$2,$1,$3,$3,$10,10,$0.14,$0.14,$0,$34,$0,$41,$8,$0,$2,$0,$10,$52,$11,$17,$0,$17,$28,$0,$30,$-0,$23,$52,$2,$0,$0,$0,$1,$-3,$1,$0,$-1,$1,$-1,$0,$0,$0,$0,$0,$0,$-1,$12,$0,$12,$0,$-12,$-0,$0,$-0,$0,$0,$0
43,2007-09-30,8.12,$3.33,2.44,$6.40,1.27,$-0.21,0.0,$0.64,12.69,$0.04B,$0.01B,4.34,$0.01B,$0.02B,0.26,$0.07B,$0.02B,31.82%,$0.07B,$0.01B,19.70%,$0.07B,$0.01B,19.70%,$0.07B,$0.01B,19.70%,$0.07B,$0.01B,19.70%,$0.07B,$0.01B,10.61%,$0.01B,$0.03B,22.05%,$0.01B,$0.03B,23.33%,$0.01B,$0.05B,14.66%,$0.01B,$0.04B,34.21%,$17,$12,$5,$0,$2,$14,$3,$-0,$3,$1,$2,$2,$2,$3,$3,$10,10,$0.15,$0.16,$0,$31,$0,$39,$7,$0,$2,$0,$10,$49,$9,$6,$0,$6,$15,$0,$28,$0,$34,$49,$7,$0,$2,$2,$-2,$-3,$2,$0,$-3,$7,$-5,$0,$-0,$0,$0,$0,$0,$-6,$1,$-2,$-0,$0,$0,$-1,$0,$-1,$-0,$0,$0
44,2007-06-30,5.26,$3.18,1.65,$5.91,0.89,$-0.28,0.0,$0.53,9.92,$0.04B,$0.01B,4.53,$0.01B,$0.02B,0.3,$0.06B,$0.02B,31.15%,$0.06B,$0.01B,18.03%,$0.06B,$0.01B,18.03%,$0.06B,$0.01B,18.03%,$0.06B,$0.01B,18.03%,$0.06B,$0.01B,8.20%,$0.01B,$0.03B,16.53%,$0.01B,$0.03B,17.70%,$0.01B,$0.05B,10.93%,$0.01B,$0.04B,30.56%,$18,$11,$6,$0,$2,$14,$4,$-0,$4,$1,$2,$2,$2,$4,$4,$10,10,$0.20,$0.19,$0,$30,$0,$39,$6,$0,$2,$0,$9,$47,$9,$6,$0,$6,$15,$0,$27,$0,$33,$47,$6,$0,$0,$1,$-2,$-2,$-0,$0,$-2,$4,$-4,$0,$-0,$0,$0,$0,$0,$-4,$2,$-1,$0,$0,$0,$-1,$0,$-0,$-0,$0,$0
45,2007-03-31,3.42,$2.99,1.15,$5.49,0.62,$-0.15,0.0,$0.45,7.6,$0.04B,$0.01B,3.46,$0.01B,$0.02B,0.35,$0.06B,$0.02B,30.36%,$0.06B,$0.01B,16.07%,$0.06B,$0.01B,16.07%,$0.06B,$0.01B,16.07%,$0.06B,$0.01B,16.07%,$0.06B,$0.00B,7.14%,$0.00B,$0.03B,13.91%,$0.00B,$0.03B,14.81%,$0.00B,$0.05B,9.09%,$0.01B,$0.04B,26.28%,$16,$11,$5,$0,$2,$13,$3,$-0,$3,$1,$2,$2,$2,$3,$3,$10,10,$0.15,$0.15,$0,$31,$0,$40,$6,$0,$2,$0,$9,$49,$12,$7,$0,$7,$18,$0,$25,$0,$31,$49,$3,$0,$0,$0,$-2,$-2,$2,$0,$-2,$1,$-4,$0,$-0,$0,$0,$0,$0,$-4,$2,$1,$3,$0,$0,$-0,$0,$2,$0,$0,$0
46,2006-12-31,2.79,$2.83,0.99,$5.15,0.54,$-0.03,0.0,$0.39,7.15,$0.04B,$0.01B,3.72,$0.01B,$0.02B,0.41,$0.05B,$0.02B,30.77%,$0.05B,$0.01B,15.38%,$0.05B,$0.01B,15.38%,$0.05B,$0.01B,15.38%,$0.05B,$0.01B,15.38%,$0.05B,$0.00B,5.77%,$0.00B,$0.03B,11.01%,$0.00B,$0.03B,11.65%,$0.00B,$0.05B,7.23%,$0.01B,$0.04B,24.43%,$15,$10,$5,$0,$2,$12,$3,$-0,$3,$1,$2,$2,$1,$3,$3,$10,10,$0.14,$0.14,$0,$29,$0,$37,$6,$0,$2,$0,$9,$46,$10,$7,$0,$7,$17,$0,$23,$0,$29,$46,$2,$0,$0,$0,$-1,$-0,$1,$0,$0,$2,$-4,$0,$-0,$0,$0,$0,$0,$-4,$2,$-0,$2,$0,$0,$-0,$0,$2,$0,$0,$0
