,Date,Stock Price,Book Value per Share,Price to Book Ratio,TTM Sales per Share,Price to Sales Ratio,TTM FCF per Share,Price to FCF Ratio,TTM Net EPS,PE Ratio,Current Assets,Current Liabilities,Current Ratio,Long Term Debt,Shareholder's Equity_x,Debt to Equity Ratio,TTM Revenue_x,TTM Gross Profit,Gross Margin,TTM Revenue_y,TTM Operating Income,Operating Margin,TTM Revenue_x,TTM EBIT,EBIT Margin,TTM Revenue_y,TTM EBITDA,EBITDA Margin,TTM Revenue_x,TTM Pre-Tax Income,Pre-Tax Margin,TTM Revenue_y,TTM Net Income_x,Net Margin,TTM Net Income_y,Shareholder's Equity_y,Return on Equity,TTM Net Income_x,Tangible Equity,Return on Tangible Equity,TTM Net Income_y,Total Assets,Return on Assets,TTM Net Income,LT Investments & Debt,Return on Investment,revenue,cost-goods-sold,gross-profit,research-development-expenses,selling-general-administrative-expenses,operating-expenses,operating-income,total-non-operating-income-expense,pre-tax-income,total-provision-income-taxes,income-after-taxes,income-from-continuous-operations,net-income,ebitda,ebit,basic-shares-outstanding,shares-outstanding,eps-basic-net-earnings-per-share,eps-earnings-per-share-diluted,cash-on-hand,inventory,other-current-assets,total-current-assets,net-property-plant-equipment,long-term-investments,goodwill-intangible-assets-total,other-long-term-assets,total-long-term-assets,total-assets,total-current-liabilities,long-term-debt,other-non-current-liabilities,total-long-term-liabilities,total-liabilities,common-stock-net,retained-earnings-accumulated-deficit,comprehensive-income,total-share-holder-equity,total-liabilities-share-holders-equity,net-income-loss,total-depreciation-amortization-cash-flow,other-non-cash-items,total-non-cash-items,change-in-accounts-receivable,change-in-inventories,change-in-accounts-payable,change-in-assets-liabilities,total-change-in-assets-liabilities,cash-flow-from-operating-activities,net-change-in-property-plant-equipment,net-change-in-intangible-assets,net-acquisitions-divestitures,net-change-in-short-term-investments,net-change-in-long-term-investments,net-change-in-investments-total,investing-activities-other,cash-flow-from-investing-activities,net-long-term-debt,net-current-debt,debt-issuance-retirement-net-total,net-common-equity-issued-repurchased,net-total-equity-issued-repurchased,total-common-preferred-stock-dividends-paid,financial-activities-other,cash-flow-from-financial-activities,net-cash-flow,stock-based-compensation,common-stock-dividends-paid
0,2018-09-30,110.97,$57.90,1.92,$80.39,1.38,$45.61,2.43,$8.01,13.85,$8.29B,$49.94B,0.17,$1.30B,$5.16B,0.25,$7.27B,$1.62B,22.26%,$7.27B,$0.95B,13.00%,$7.27B,$1.01B,13.91%,$7.27B,$1.18B,16.18%,$7.27B,$0.95B,13.00%,$7.27B,$0.73B,9.98%,$0.73B,$5.16B,13.97%,$0.73B,$4.97B,14.52%,$0.73B,$64.19B,1.17%,$0.95B,$6.47B,14.56%,$2008,$1599,$409,$0,$0,$1764,$244,$0,$244,$41,$203,$203,$204,$316,$259,$89,91,$2.30,$2.26,$2009,$0,$0,$8293,$0,$45832,$199,$8197,$55897,$64190,$49943,$1302,$7781,$9083,$59026,$89,$3800,$44,$5164,$64190,$552,$163,$616,$779,$-868,$0,$696,$193,$21,$1277,$-57,$0,$0,$0,$-3322,$-3322,$4,$-3375,$0,$35,$35,$26,$26,$-225,$1933,$1769,$-329,$0,$-225
1,2018-06-30,106.98,$57.08,1.87,$78.64,1.36,$43.28,2.47,$5.88,18.19,$7.20B,$47.89B,0.15,$1.30B,$5.08B,0.26,$7.10B,$1.42B,19.96%,$7.10B,$0.73B,10.29%,$7.10B,$0.80B,11.30%,$7.10B,$0.95B,13.33%,$7.10B,$0.73B,10.29%,$7.10B,$0.53B,7.50%,$0.53B,$5.08B,10.14%,$0.53B,$4.89B,10.54%,$0.53B,$61.83B,0.87%,$0.73B,$6.39B,11.16%,$1833,$1414,$419,$0,$0,$1573,$260,$0,$260,$52,$208,$208,$210,$311,$276,$89,91,$2.36,$2.31,$1810,$0,$0,$7197,$0,$44969,$199,$7887,$54637,$61834,$47886,$1301,$7563,$8864,$56750,$89,$3628,$147,$5084,$61834,$349,$106,$462,$568,$72,$0,$-290,$177,$-41,$823,$-43,$0,$0,$0,$-2453,$-2453,$11,$-2485,$0,$21,$21,$21,$21,$-194,$1286,$1134,$-528,$0,$-194
2,2018-03-31,110.01,$58.31,1.89,$76.76,1.43,$41.33,2.66,$5.18,21.24,$6.86B,$46.82B,0.15,$1.30B,$5.18B,0.25,$6.91B,$1.36B,19.75%,$6.91B,$0.68B,9.77%,$6.91B,$0.75B,10.91%,$6.91B,$0.89B,12.94%,$6.91B,$0.68B,9.77%,$6.91B,$0.47B,6.76%,$0.47B,$5.18B,8.81%,$0.47B,$4.98B,9.15%,$0.47B,$60.66B,0.78%,$0.68B,$6.48B,10.19%,$1619,$1297,$322,$0,$0,$1445,$174,$0,$174,$33,$141,$141,$145,$260,$189,$89,90,$1.64,$1.60,$1659,$0,$0,$6863,$0,$44290,$199,$7887,$53793,$60656,$46824,$1301,$7348,$8649,$55473,$89,$3584,$305,$5183,$60656,$141,$71,$279,$350,$245,$0,$-366,$41,$-80,$391,$-23,$0,$0,$0,$-1649,$-1649,$16,$-1656,$0,$11,$11,$14,$14,$-31,$592,$586,$-679,$0,$-31
3,2017-12-31,106.06,$60.39,1.76,$76.50,1.39,$36.55,2.9,$5.30,20.01,$7.88B,$46.81B,0.17,$1.30B,$5.33B,0.24,$6.87B,$1.41B,20.57%,$6.87B,$0.72B,10.55%,$6.87B,$0.81B,11.78%,$6.87B,$0.92B,13.34%,$6.87B,$0.72B,10.55%,$6.87B,$0.48B,6.92%,$0.48B,$5.33B,8.96%,$0.48B,$5.13B,9.30%,$0.48B,$60.66B,0.80%,$0.72B,$6.63B,10.93%,$1808,$1340,$468,$0,$0,$1541,$267,$0,$267,$101,$166,$166,$166,$289,$287,$88,90,$1.87,$1.82,$2338,$0,$0,$7883,$0,$43710,$199,$7650,$52775,$60658,$46805,$1301,$7218,$8522,$55327,$88,$3248,$813,$5331,$60658,$477,$107,$661,$768,$-963,$0,$1430,$55,$522,$1804,$-54,$0,$0,$0,$-3240,$-3240,$2,$-3292,$-33,$54,$21,$37,$37,$-417,$2078,$1719,$231,$0,$-417
4,2017-09-30,98.82,$61.06,1.62,$75.99,1.3,$30.13,3.28,$7.79,12.69,$8.33B,$46.37B,0.18,$1.28B,$5.38B,0.24,$6.79B,$1.42B,20.89%,$6.79B,$0.77B,11.39%,$6.79B,$0.86B,12.66%,$6.79B,$1.01B,14.84%,$6.79B,$0.77B,11.39%,$6.79B,$0.69B,10.21%,$0.69B,$5.38B,13.34%,$0.69B,$5.18B,13.87%,$0.69B,$60.16B,1.20%,$0.77B,$6.66B,11.88%,$1835,$1628,$207,$0,$0,$1806,$29,$0,$29,$18,$11,$11,$11,$86,$50,$88,90,$0.13,$0.13,$2349,$0,$0,$8329,$0,$42904,$199,$7612,$51834,$60163,$46374,$1284,$7126,$8410,$54784,$88,$3435,$689,$5379,$60163,$311,$105,$445,$550,$-1467,$0,$1644,$-45,$132,$993,$8,$0,$0,$0,$-2244,$-2244,$6,$-2230,$-10,$43,$33,$30,$30,$-212,$1628,$1479,$242,$0,$-212
5,2017-06-30,94.62,$60.36,1.57,$74.87,1.26,$27.52,3.44,$8.89,10.64,$7.09B,$44.40B,0.16,$1.41B,$5.31B,0.26,$6.66B,$1.55B,23.18%,$6.66B,$0.92B,13.85%,$6.66B,$1.01B,15.11%,$6.66B,$1.16B,17.36%,$6.66B,$0.92B,13.85%,$6.66B,$0.79B,11.88%,$0.79B,$5.31B,15.24%,$0.79B,$5.11B,15.85%,$0.79B,$58.62B,1.40%,$0.92B,$6.72B,14.17%,$1646,$1279,$367,$0,$0,$1441,$205,$0,$205,$60,$145,$145,$145,$259,$228,$88,90,$1.64,$1.61,$2207,$0,$0,$7093,$0,$42572,$199,$7598,$51525,$58618,$44395,$1405,$7506,$8911,$53306,$88,$3451,$615,$5312,$58618,$300,$69,$290,$359,$-291,$0,$322,$-112,$-81,$574,$23,$0,$0,$0,$-2024,$-2024,$7,$-1994,$115,$30,$145,$27,$27,$-185,$1533,$1520,$100,$0,$-185
6,2017-03-31,89.19,$59.31,1.5,$74.43,1.2,$26.68,3.34,$7.90,11.29,$6.49B,$43.11B,0.15,$1.28B,$5.20B,0.25,$6.60B,$1.45B,21.97%,$6.60B,$0.85B,12.94%,$6.60B,$0.93B,14.15%,$6.60B,$1.08B,16.34%,$6.60B,$0.85B,12.94%,$6.60B,$0.70B,10.62%,$0.70B,$5.20B,13.57%,$0.70B,$5.00B,14.11%,$0.70B,$57.46B,1.27%,$0.85B,$6.48B,13.38%,$1576,$1206,$370,$0,$0,$1353,$223,$0,$223,$68,$155,$155,$153,$282,$244,$87,89,$1.76,$1.72,$1890,$0,$0,$6489,$0,$41460,$199,$8111,$50975,$57464,$43105,$1283,$7881,$9164,$52269,$88,$3466,$499,$5195,$57464,$155,$38,$115,$153,$63,$0,$44,$-500,$-393,$-76,$13,$0,$0,$0,$-1208,$-1208,$1,$-1194,$0,$17,$17,$15,$15,$-27,$1048,$1053,$-217,$0,$-27
7,2016-12-31,82.07,$56.59,1.45,$73.44,1.12,$31.85,2.58,$7.32,11.21,$6.75B,$41.97B,0.16,$1.28B,$4.92B,0.26,$6.50B,$1.37B,21.05%,$6.50B,$0.79B,12.11%,$6.50B,$0.86B,13.30%,$6.50B,$1.00B,15.36%,$6.50B,$0.79B,12.11%,$6.50B,$0.65B,9.99%,$0.65B,$4.92B,12.72%,$0.65B,$4.72B,13.24%,$0.65B,$55.07B,1.21%,$0.79B,$6.20B,12.60%,$1737,$1262,$475,$0,$0,$1420,$317,$0,$317,$-71,$388,$388,$385,$381,$338,$87,89,$4.43,$4.34,$2107,$0,$0,$6749,$0,$39326,$199,$7559,$48323,$55072,$41966,$1283,$6904,$8187,$50153,$87,$3343,$375,$4919,$55072,$668,$134,$588,$722,$-315,$0,$576,$-481,$-220,$1150,$6,$0,$0,$0,$-2904,$-2904,$-83,$-2981,$284,$42,$326,$-413,$-413,$-185,$2990,$2718,$887,$0,$-185
8,2016-09-30,68.72,$61.72,1.11,$71.92,0.96,$34.09,2.02,$4.44,15.48,$6.87B,$41.75B,0.17,$1.30B,$5.36B,0.24,$6.38B,$1.24B,19.41%,$6.38B,$0.68B,10.66%,$6.38B,$0.75B,11.80%,$6.38B,$0.86B,13.48%,$6.38B,$0.68B,10.66%,$6.38B,$0.39B,6.16%,$0.39B,$5.36B,7.76%,$0.39B,$5.16B,8.08%,$0.39B,$54.85B,0.75%,$0.68B,$6.66B,11.08%,$1705,$1372,$333,$0,$0,$1527,$178,$0,$178,$65,$113,$113,$109,$235,$197,$87,89,$1.25,$1.23,$1639,$0,$0,$6873,$0,$40166,$199,$6740,$47972,$54845,$41746,$1300,$6441,$7741,$49487,$87,$3079,$753,$5358,$54845,$280,$91,$535,$626,$-972,$0,$1040,$-198,$-130,$746,$8,$0,$0,$0,$-2436,$-2436,$-91,$-2519,$302,$29,$331,$-90,$-90,$-72,$2023,$2192,$419,$0,$-72
9,2016-06-30,67.48,$59.79,1.13,$71.54,0.94,$36.07,1.87,$3.92,17.21,$5.90B,$40.20B,0.15,$1.00B,$5.19B,0.19,$6.36B,$1.14B,17.97%,$6.36B,$0.60B,9.45%,$6.36B,$0.67B,10.58%,$6.36B,$0.78B,12.20%,$6.36B,$0.60B,9.45%,$6.36B,$0.35B,5.46%,$0.35B,$5.19B,7.01%,$0.35B,$4.99B,7.30%,$0.35B,$52.73B,0.68%,$0.60B,$6.19B,10.15%,$1581,$1309,$272,$0,$0,$1445,$136,$0,$136,$73,$63,$63,$54,$180,$155,$87,88,$0.63,$0.62,$1548,$0,$0,$5904,$0,$39091,$199,$6658,$46829,$52733,$40198,$998,$6344,$7342,$47540,$87,$3016,$669,$5193,$52733,$167,$53,$409,$462,$42,$0,$118,$-273,$-113,$496,$17,$0,$0,$0,$-1773,$-1773,$-61,$-1817,$0,$17,$17,$-78,$-78,$-48,$1758,$1649,$328,$0,$-48
10,2016-03-31,63.97,$56.77,1.13,$70.90,0.9,$37.38,1.71,$4.87,13.13,$5.42B,$39.18B,0.14,$1.00B,$4.94B,0.2,$6.32B,$1.23B,19.37%,$6.32B,$0.69B,10.93%,$6.32B,$0.76B,12.08%,$6.32B,$0.90B,14.15%,$6.32B,$0.69B,10.93%,$6.32B,$0.43B,6.86%,$0.43B,$4.94B,8.86%,$0.43B,$4.74B,9.24%,$0.43B,$51.04B,0.86%,$0.69B,$5.94B,11.76%,$1475,$1187,$288,$0,$0,$1319,$156,$0,$156,$52,$104,$104,$101,$202,$174,$87,89,$1.16,$1.14,$1231,$0,$0,$5421,$0,$38206,$199,$6157,$45617,$51038,$39180,$998,$5923,$6921,$46101,$87,$3002,$448,$4937,$51038,$104,$28,$246,$274,$197,$0,$-116,$-38,$43,$408,$-13,$0,$0,$0,$-1054,$-1054,$-202,$-1269,$0,$9,$9,$-63,$-63,$-24,$950,$872,$11,$0,$-24
11,2015-12-31,65.25,$54.53,1.2,$68.74,0.95,$37.40,1.74,$3.94,16.56,$5.61B,$38.11B,0.15,$1.00B,$4.77B,0.21,$6.15B,$1.09B,17.71%,$6.15B,$0.57B,9.19%,$6.15B,$0.64B,10.41%,$6.15B,$0.77B,12.60%,$6.15B,$0.57B,9.19%,$6.15B,$0.35B,5.73%,$0.35B,$4.77B,7.13%,$0.35B,$4.57B,7.43%,$0.35B,$49.84B,0.71%,$0.57B,$5.77B,9.53%,$1618,$1273,$345,$0,$0,$1408,$210,$0,$210,$80,$130,$130,$129,$243,$227,$88,89,$1.48,$1.45,$1220,$0,$0,$5613,$0,$36516,$199,$6325,$44224,$49837,$38105,$998,$5964,$6962,$45067,$87,$2987,$304,$4770,$49837,$370,$134,$618,$752,$-10,$0,$397,$-191,$196,$1353,$15,$0,$-42,$0,$-4536,$-4536,$-10,$-4573,$-47,$43,$-4,$-65,$-65,$-176,$3342,$3097,$-123,$0,$-176
12,2015-09-30,61.27,$56.18,1.09,$67.66,0.91,$35.26,1.74,$3.90,15.71,$6.26B,$39.21B,0.16,$0.88B,$4.91B,0.18,$6.08B,$1.04B,17.07%,$6.08B,$0.55B,8.97%,$6.08B,$0.62B,10.27%,$6.08B,$0.79B,13.02%,$6.08B,$0.55B,8.97%,$6.08B,$0.35B,5.76%,$0.35B,$4.91B,6.98%,$0.35B,$4.71B,7.28%,$0.35B,$50.56B,0.71%,$0.55B,$5.79B,9.06%,$1687,$1449,$238,$0,$0,$1588,$99,$0,$99,$33,$66,$66,$63,$151,$117,$88,89,$0.72,$0.71,$894,$0,$0,$6262,$0,$37238,$201,$5863,$44295,$50557,$39208,$880,$5563,$6443,$45651,$87,$2981,$461,$4906,$50557,$240,$118,$460,$578,$-468,$0,$570,$-30,$72,$907,$31,$0,$0,$0,$-3346,$-3346,$-100,$-3415,$-182,$32,$-150,$-66,$-66,$-65,$2340,$2059,$-449,$0,$-65
13,2015-06-30,57.62,$56.93,1.01,$66.16,0.87,$31.92,1.81,$4.47,12.89,$5.91B,$37.62B,0.16,$1.02B,$4.98B,0.21,$5.97B,$1.05B,17.65%,$5.97B,$0.59B,9.90%,$5.97B,$0.67B,11.22%,$5.97B,$0.84B,14.09%,$5.97B,$0.59B,9.90%,$5.97B,$0.40B,6.75%,$0.40B,$4.98B,7.97%,$0.40B,$4.78B,8.30%,$0.40B,$49.42B,0.84%,$0.59B,$6.01B,9.68%,$1543,$1189,$354,$0,$0,$1317,$226,$0,$226,$77,$149,$149,$141,$299,$246,$88,90,$1.60,$1.57,$1216,$0,$0,$5910,$0,$36428,$201,$5920,$43514,$49424,$37618,$1024,$5798,$6822,$44440,$88,$2968,$563,$4984,$49424,$174,$84,$321,$405,$314,$0,$-198,$-137,$-21,$576,$60,$0,$0,$0,$-2116,$-2116,$-58,$-2114,$-37,$20,$-17,$-44,$-44,$-44,$1516,$1411,$-127,$0,$-44
14,2015-03-31,56.61,$58.03,0.98,$64.12,0.88,$30.07,1.88,$4.05,13.98,$5.76B,$36.67B,0.16,$1.06B,$5.10B,0.21,$5.82B,$0.94B,16.22%,$5.82B,$0.50B,8.51%,$5.82B,$0.57B,9.81%,$5.82B,$0.72B,12.36%,$5.82B,$0.50B,8.51%,$5.82B,$0.37B,6.32%,$0.37B,$5.10B,7.22%,$0.37B,$4.90B,7.52%,$0.37B,$48.31B,0.78%,$0.50B,$6.16B,8.09%,$1297,$1146,$151,$0,$0,$1267,$30,$0,$30,$5,$25,$25,$19,$81,$50,$88,89,$0.22,$0.21,$1212,$0,$0,$5763,$0,$36172,$201,$5415,$42544,$48307,$36672,$1061,$5474,$6535,$43207,$88,$2886,$776,$5100,$48307,$25,$31,$269,$300,$483,$0,$-393,$-39,$51,$397,$4,$0,$0,$0,$-918,$-918,$-54,$-968,$0,$10,$10,$-12,$-12,$-22,$464,$440,$-131,$0,$-22
15,2014-12-31,53.36,$57.62,0.93,$62.83,0.85,$27.67,1.93,$4.97,10.74,$6.38B,$36.41B,0.18,$1.06B,$5.05B,0.21,$5.73B,$1.06B,18.52%,$5.73B,$0.63B,10.92%,$5.73B,$0.70B,12.21%,$5.73B,$0.84B,14.72%,$5.73B,$0.63B,10.92%,$5.73B,$0.45B,7.88%,$0.45B,$5.05B,8.92%,$0.45B,$4.85B,9.28%,$0.45B,$47.54B,0.99%,$0.63B,$6.12B,10.34%,$1549,$1255,$294,$0,$0,$1359,$190,$0,$190,$65,$125,$125,$127,$260,$211,$89,91,$1.44,$1.41,$1343,$0,$0,$6380,$0,$34867,$201,$5266,$41155,$47535,$36412,$1061,$5008,$6069,$42481,$88,$2912,$727,$5054,$47535,$406,$144,$283,$427,$-199,$0,$721,$-148,$374,$1231,$-33,$0,$811,$0,$-4127,$-4127,$-279,$-3628,$143,$43,$186,$-144,$-144,$-167,$2226,$2101,$-296,$0,$-167
16,2014-09-30,49.82,$57.38,0.87,$60.86,0.82,$22.64,2.2,$5.29,9.42,$6.49B,$35.57B,0.18,$1.06B,$5.08B,0.21,$5.56B,$1.13B,20.33%,$5.56B,$0.68B,12.27%,$5.56B,$0.75B,13.53%,$5.56B,$0.88B,15.82%,$5.56B,$0.68B,12.27%,$5.56B,$0.48B,8.69%,$0.48B,$5.08B,9.67%,$0.48B,$4.88B,10.06%,$0.48B,$46.55B,1.09%,$0.68B,$6.14B,11.47%,$1581,$1326,$255,$0,$0,$1436,$145,$0,$145,$54,$91,$91,$116,$201,$163,$89,91,$1.30,$1.28,$1310,$0,$0,$6485,$0,$33841,$201,$5167,$40067,$46552,$35574,$1062,$4838,$5900,$41474,$88,$2948,$718,$5078,$46552,$281,$95,$260,$355,$-459,$0,$667,$-174,$34,$674,$-23,$0,$811,$0,$-3306,$-3306,$83,$-2435,$144,$36,$180,$-92,$-92,$-59,$1403,$1432,$-329,$0,$-59
17,2014-06-30,51.07,$57.56,0.89,$59.33,0.86,$19.27,2.65,$4.93,10.36,$6.65B,$34.32B,0.19,$0.91B,$5.16B,0.18,$5.42B,$1.16B,21.31%,$5.42B,$0.68B,12.53%,$5.42B,$0.75B,13.82%,$5.42B,$0.87B,16.05%,$5.42B,$0.68B,12.53%,$5.42B,$0.45B,8.30%,$0.45B,$5.16B,9.18%,$0.45B,$4.96B,9.55%,$0.45B,$45.36B,1.05%,$0.68B,$6.07B,11.68%,$1392,$1148,$244,$0,$0,$1262,$130,$0,$130,$47,$83,$83,$106,$177,$147,$90,92,$1.18,$1.15,$2116,$0,$0,$6652,$0,$32727,$200,$4970,$38703,$45355,$34324,$912,$4961,$5873,$40197,$90,$2944,$799,$5158,$45355,$190,$57,$167,$224,$283,$0,$-55,$-136,$92,$499,$-17,$0,$811,$0,$-1819,$-1819,$55,$-970,$-1,$16,$15,$-20,$-20,$-39,$992,$948,$477,$0,$-39
18,2014-03-31,49.29,$55.51,0.89,$56.58,0.87,$15.74,3.13,$4.98,9.9,$6.10B,$32.11B,0.19,$0.91B,$4.97B,0.18,$5.17B,$1.15B,22.26%,$5.17B,$0.68B,13.07%,$5.17B,$0.75B,14.44%,$5.17B,$0.88B,17.03%,$5.17B,$0.68B,13.07%,$5.17B,$0.45B,8.79%,$0.45B,$4.97B,9.51%,$0.45B,$4.79B,9.90%,$0.45B,$42.77B,1.10%,$0.68B,$5.89B,11.85%,$1211,$942,$269,$0,$0,$1050,$161,$0,$161,$54,$107,$107,$103,$206,$179,$90,92,$1.15,$1.13,$1876,$0,$0,$6104,$0,$30851,$185,$4740,$36666,$42770,$32105,$913,$4779,$5692,$37797,$90,$2891,$677,$4973,$42770,$107,$27,$105,$132,$459,$0,$-334,$-164,$-39,$204,$-13,$0,$-8,$0,$-417,$-417,$12,$-426,$0,$6,$6,$-13,$-13,$-19,$485,$459,$237,$0,$-19
19,2013-12-31,49.11,$53.28,0.92,$55.98,0.88,$13.99,3.51,$5.17,9.5,$6.39B,$31.63B,0.2,$0.91B,$4.77B,0.19,$5.10B,$1.18B,23.03%,$5.10B,$0.69B,13.50%,$5.10B,$0.76B,14.89%,$5.10B,$0.90B,17.68%,$5.10B,$0.69B,13.50%,$5.10B,$0.47B,9.23%,$0.47B,$4.77B,9.90%,$0.47B,$4.58B,10.30%,$0.47B,$42.09B,1.17%,$0.69B,$5.68B,12.11%,$1373,$1011,$362,$0,$0,$1127,$246,$0,$246,$81,$165,$165,$158,$295,$263,$89,91,$1.76,$1.72,$1639,$0,$0,$6389,$0,$29674,$185,$4864,$35698,$42087,$31627,$913,$4778,$5691,$37318,$90,$2826,$560,$4769,$42087,$453,$142,$81,$223,$176,$0,$-149,$33,$60,$760,$-18,$0,$-5,$0,$-2900,$-2900,$8,$-2915,$-40,$32,$-8,$-16,$-16,$-160,$2273,$2089,$-66,$0,$-160
20,2013-09-30,45.0,$52.79,0.85,$53.52,0.84,$13.68,3.29,$3.98,11.31,$6.35B,$30.89B,0.21,$0.91B,$4.71B,0.19,$4.94B,$0.89B,18.00%,$4.94B,$0.41B,8.36%,$4.94B,$0.49B,9.82%,$4.94B,$0.73B,14.86%,$4.94B,$0.41B,8.36%,$4.94B,$0.36B,7.35%,$0.36B,$4.71B,7.64%,$0.36B,$4.53B,7.95%,$0.36B,$40.95B,0.92%,$0.41B,$5.62B,7.26%,$1443,$1163,$280,$0,$0,$1301,$142,$0,$142,$44,$98,$98,$83,$192,$160,$89,91,$0.94,$0.92,$1331,$0,$0,$6348,$0,$28590,$185,$4957,$34599,$40947,$30885,$913,$4439,$5352,$36237,$89,$2774,$570,$4710,$40947,$288,$110,$104,$214,$-288,$0,$119,$30,$-139,$388,$-43,$0,$0,$0,$-1895,$-1895,$25,$-1913,$-40,$25,$-15,$-25,$-25,$-52,$1243,$1151,$-374,$0,$-52
21,2013-06-30,40.56,$52.22,0.78,$53.92,0.75,$14.39,2.82,$5.45,7.44,$5.49B,$29.12B,0.19,$0.95B,$4.64B,0.21,$5.03B,$1.03B,20.48%,$5.03B,$0.56B,11.05%,$5.03B,$0.63B,12.50%,$5.03B,$0.88B,17.50%,$5.03B,$0.56B,11.05%,$5.03B,$0.51B,10.05%,$0.51B,$4.64B,10.51%,$0.51B,$4.45B,10.93%,$0.51B,$39.41B,1.29%,$0.56B,$5.59B,9.64%,$1139,$900,$239,$0,$0,$1013,$126,$0,$126,$49,$77,$77,$110,$187,$144,$90,92,$1.23,$1.20,$1271,$0,$0,$5491,$0,$27991,$185,$4929,$33923,$39414,$29119,$949,$4708,$5657,$34776,$89,$2697,$599,$4638,$39414,$190,$78,$90,$168,$659,$0,$-725,$-111,$-177,$196,$-38,$0,$0,$0,$-1151,$-1151,$-3,$-1192,$-4,$12,$8,$-39,$-39,$-34,$627,$562,$-434,$0,$-34
22,2013-03-31,39.13,$54.60,0.72,$52.94,0.74,$14.44,2.71,$5.26,7.44,$5.65B,$28.28B,0.2,$0.95B,$4.91B,0.19,$5.02B,$1.05B,20.83%,$5.02B,$0.57B,11.28%,$5.02B,$0.64B,12.75%,$5.02B,$0.89B,17.66%,$5.02B,$0.57B,11.28%,$5.02B,$0.50B,9.86%,$0.50B,$4.91B,10.21%,$0.50B,$4.72B,10.61%,$0.50B,$39.14B,1.28%,$0.57B,$5.86B,9.67%,$1148,$854,$294,$0,$0,$973,$175,$0,$175,$62,$113,$113,$120,$228,$193,$89,91,$1.34,$1.32,$1529,$0,$0,$5645,$0,$27555,$185,$5189,$33494,$39139,$28281,$950,$5000,$5950,$34231,$90,$2684,$869,$4908,$39139,$113,$35,$52,$87,$807,$0,$-822,$-133,$-148,$59,$-28,$0,$0,$0,$-456,$-456,$14,$-470,$-3,$3,$0,$18,$18,$-17,$234,$235,$-176,$0,$-17
23,2012-12-31,32.48,$53.36,0.61,$51.26,0.63,$13.76,2.36,$5.08,6.39,$6.63B,$28.64B,0.23,$0.95B,$4.75B,0.2,$4.96B,$1.02B,20.54%,$4.96B,$0.54B,10.83%,$4.96B,$0.61B,12.35%,$4.96B,$0.87B,17.53%,$4.96B,$0.54B,10.83%,$4.96B,$0.49B,9.84%,$0.49B,$4.75B,10.16%,$0.49B,$4.56B,10.56%,$0.49B,$39.17B,1.28%,$0.54B,$5.70B,9.25%,$1208,$1132,$76,$0,$0,$1238,$-30,$0,$-30,$-49,$19,$19,$50,$127,$-12,$94,96,$0.57,$0.55,$1705,$0,$0,$6630,$0,$26744,$185,$5062,$32541,$39171,$28639,$953,$4831,$5784,$34423,$89,$2595,$831,$4748,$39171,$402,$257,$-21,$236,$-495,$0,$918,$-252,$171,$817,$-67,$0,$288,$0,$-1623,$-1623,$-23,$-1425,$7,$36,$43,$-369,$-369,$-90,$1405,$989,$381,$0,$-90
24,2012-09-30,30.8,$54.64,0.56,$50.09,0.61,$11.61,2.65,$5.64,5.46,$7.41B,$28.70B,0.26,$0.97B,$4.96B,0.2,$4.93B,$1.23B,24.93%,$4.93B,$0.81B,16.39%,$4.93B,$0.88B,17.77%,$4.93B,$1.04B,21.16%,$4.93B,$0.81B,16.39%,$4.93B,$0.55B,11.11%,$0.55B,$4.96B,11.50%,$0.55B,$4.78B,11.97%,$0.55B,$39.63B,1.47%,$0.81B,$5.93B,14.02%,$1538,$1116,$422,$0,$0,$1253,$285,$0,$285,$74,$211,$211,$226,$339,$304,$93,95,$2.43,$2.39,$1626,$0,$0,$7409,$0,$26411,$185,$5007,$32224,$39633,$28698,$966,$5005,$5971,$34669,$91,$2686,$931,$4964,$39633,$383,$118,$-32,$86,$-1387,$0,$1456,$-63,$6,$487,$-61,$0,$268,$0,$-1109,$-1109,$-36,$-938,$21,$31,$52,$-288,$-288,$-50,$1039,$753,$302,$0,$-50
25,2012-06-30,31.73,$50.28,0.63,$47.01,0.67,$12.86,2.47,$4.19,7.57,$5.64B,$26.72B,0.21,$1.16B,$4.78B,0.24,$4.72B,$1.09B,23.00%,$4.72B,$0.68B,14.36%,$4.72B,$0.75B,15.84%,$4.72B,$0.92B,19.48%,$4.72B,$0.68B,14.36%,$4.72B,$0.42B,8.85%,$0.42B,$4.78B,8.95%,$0.42B,$4.59B,9.32%,$0.42B,$37.05B,1.16%,$0.68B,$5.93B,11.98%,$1124,$871,$253,$0,$0,$988,$136,$0,$136,$52,$84,$84,$99,$192,$155,$96,98,$1.02,$1.01,$1523,$0,$0,$5638,$0,$25778,$186,$4604,$31414,$37052,$26718,$1158,$4401,$5559,$32277,$95,$2642,$773,$4775,$37052,$172,$83,$96,$179,$212,$0,$-246,$-89,$-123,$226,$-52,$0,$0,$0,$-741,$-741,$-33,$-826,$217,$9,$226,$-131,$-131,$-33,$737,$799,$199,$0,$-33
26,2012-03-31,31.06,$48.69,0.64,$46.01,0.68,$15.67,1.98,$3.70,8.39,$5.28B,$25.71B,0.21,$0.93B,$4.73B,0.2,$4.69B,$1.03B,22.02%,$4.69B,$0.60B,12.83%,$4.69B,$0.67B,14.37%,$4.69B,$0.85B,18.14%,$4.69B,$0.60B,12.83%,$4.69B,$0.37B,7.82%,$0.37B,$4.73B,7.92%,$0.37B,$4.55B,8.25%,$0.37B,$36.21B,1.04%,$0.60B,$5.66B,10.81%,$1087,$820,$267,$0,$0,$941,$146,$0,$146,$58,$88,$88,$113,$211,$165,$98,99,$1.16,$1.14,$1422,$0,$0,$5275,$0,$25056,$186,$4778,$30936,$36211,$25708,$931,$4840,$5771,$31479,$97,$2643,$714,$4732,$36211,$88,$46,$13,$59,$535,$0,$-556,$-119,$-140,$10,$-44,$0,$0,$0,$-129,$-129,$-10,$-183,$-3,$8,$5,$-42,$-42,$-17,$325,$271,$98,$0,$-17
27,2011-12-31,29.56,$46.57,0.63,$44.86,0.66,$19.48,1.52,$3.35,8.82,$5.73B,$25.63B,0.22,$0.93B,$4.56B,0.21,$4.64B,$1.00B,21.52%,$4.64B,$0.56B,12.02%,$4.64B,$0.63B,13.61%,$4.64B,$0.81B,17.49%,$4.64B,$0.56B,12.02%,$4.64B,$0.34B,7.37%,$0.34B,$4.56B,7.43%,$0.34B,$4.37B,7.74%,$0.34B,$35.84B,0.99%,$0.56B,$5.49B,10.07%,$1176,$890,$286,$0,$0,$936,$240,$0,$240,$113,$127,$127,$109,$300,$251,$101,103,$1.09,$1.08,$1324,$0,$0,$5726,$0,$24253,$186,$4772,$30112,$35838,$25626,$934,$4721,$5655,$31281,$98,$2612,$580,$4557,$35838,$319,$180,$152,$332,$-228,$0,$289,$-68,$-7,$667,$-83,$0,$4,$0,$-2346,$-2346,$-14,$-2439,$-18,$39,$21,$-276,$-276,$-67,$2319,$1997,$225,$0,$-67
28,2011-09-30,24.77,$46.90,0.53,$43.89,0.56,$20.99,1.18,$3.48,7.12,$5.56B,$25.38B,0.22,$0.94B,$4.62B,0.2,$4.62B,$1.05B,22.67%,$4.62B,$0.50B,10.79%,$4.62B,$0.58B,12.61%,$4.62B,$0.78B,16.76%,$4.62B,$0.50B,10.79%,$4.62B,$0.37B,7.98%,$0.37B,$4.62B,7.99%,$0.37B,$4.43B,8.32%,$0.37B,$35.13B,1.10%,$0.50B,$5.56B,8.97%,$1335,$1055,$280,$0,$0,$1179,$156,$0,$156,$48,$108,$108,$97,$217,$177,$100,101,$0.97,$0.95,$991,$0,$0,$5562,$0,$23963,$186,$4292,$29568,$35130,$25383,$937,$4190,$5127,$30510,$99,$2689,$563,$4620,$35130,$192,$131,$129,$260,$-519,$0,$678,$32,$191,$661,$-78,$0,$0,$0,$-1839,$-1839,$-14,$-1931,$-15,$0,$-15,$-244,$-244,$-50,$1471,$1162,$-108,$0,$-50
29,2011-06-30,28.32,$45.78,0.62,$42.18,0.67,$21.83,1.3,$3.75,7.55,$5.64B,$24.01B,0.24,$0.94B,$4.63B,0.2,$4.54B,$1.10B,24.30%,$4.54B,$0.55B,12.13%,$4.54B,$0.64B,13.98%,$4.54B,$0.83B,18.29%,$4.54B,$0.55B,12.13%,$4.54B,$0.40B,8.89%,$0.40B,$4.63B,8.69%,$0.40B,$4.44B,9.06%,$0.40B,$34.05B,1.22%,$0.55B,$5.57B,9.85%,$1093,$893,$200,$0,$0,$1033,$60,$0,$60,$30,$30,$30,$48,$123,$81,$103,104,$0.47,$0.46,$1629,$0,$0,$5638,$0,$22739,$186,$4292,$28415,$34053,$24010,$940,$4478,$5418,$29428,$101,$2654,$579,$4625,$34053,$84,$91,$112,$203,$156,$0,$-30,$113,$239,$534,$-56,$0,$0,$0,$-679,$-679,$-6,$-741,$-12,$0,$-12,$-162,$-162,$-34,$945,$737,$530,$0,$-34
30,2011-03-31,27.66,$44.57,0.62,$41.12,0.67,$20.90,1.32,$4.20,6.58,$5.28B,$23.03B,0.23,$0.95B,$4.61B,0.21,$4.50B,$1.18B,26.25%,$4.50B,$0.65B,14.42%,$4.50B,$0.73B,16.22%,$4.50B,$0.93B,20.75%,$4.50B,$0.65B,14.42%,$4.50B,$0.46B,10.31%,$0.46B,$4.61B,10.09%,$0.46B,$4.43B,10.53%,$0.46B,$32.95B,1.44%,$0.65B,$5.56B,11.75%,$1039,$806,$233,$0,$0,$937,$102,$0,$102,$48,$54,$54,$88,$172,$123,$105,106,$0.84,$0.83,$1499,$0,$0,$5278,$0,$22038,$186,$4218,$27670,$32948,$23028,$949,$4359,$5308,$28336,$103,$2698,$503,$4612,$32948,$54,$49,$63,$112,$446,$0,$-294,$62,$214,$389,$-20,$0,$0,$0,$-224,$-224,$-13,$-257,$-3,$0,$-3,$-73,$-73,$-16,$360,$268,$400,$0,$-16
31,2010-12-31,25.38,$43.93,0.58,$40.47,0.63,$20.58,1.23,$4.34,5.85,$5.27B,$22.82B,0.23,$0.95B,$4.62B,0.21,$4.50B,$1.22B,27.17%,$4.50B,$0.69B,15.43%,$4.50B,$0.77B,17.17%,$4.50B,$0.97B,21.66%,$4.50B,$0.69B,15.43%,$4.50B,$0.48B,10.72%,$0.48B,$4.62B,10.66%,$0.48B,$4.43B,11.15%,$0.48B,$32.45B,1.53%,$0.69B,$5.57B,12.81%,$1156,$821,$335,$0,$0,$975,$181,$0,$181,$69,$112,$112,$136,$263,$202,$109,111,$1.27,$1.25,$1099,$0,$0,$5272,$0,$21571,$186,$4181,$27182,$32454,$22822,$952,$4060,$5012,$27834,$105,$2720,$479,$4620,$32454,$426,$202,$146,$348,$555,$0,$-563,$92,$84,$864,$-70,$0,$-33,$0,$-1610,$-1610,$8,$-1705,$120,$7,$127,$-260,$-260,$-63,$1016,$820,$-21,$0,$-63
32,2010-09-30,23.91,$43.89,0.54,$39.65,0.6,$20.70,1.15,$4.49,5.32,$5.52B,$22.74B,0.24,$0.95B,$4.73B,0.2,$4.47B,$1.25B,27.99%,$4.47B,$0.75B,16.75%,$4.47B,$0.82B,18.45%,$4.47B,$1.01B,22.57%,$4.47B,$0.75B,16.75%,$4.47B,$0.51B,11.35%,$0.51B,$4.73B,11.66%,$0.51B,$4.54B,12.23%,$0.51B,$32.64B,1.67%,$0.75B,$5.68B,14.35%,$1255,$919,$336,$0,$0,$1047,$208,$0,$208,$82,$126,$126,$132,$273,$229,$108,110,$1.22,$1.21,$1140,$0,$0,$5517,$0,$21583,$186,$4199,$27122,$32639,$22742,$954,$4214,$5168,$27910,$108,$2672,$607,$4729,$32639,$314,$141,$124,$265,$256,$0,$-219,$114,$151,$781,$-59,$0,$-33,$0,$-1288,$-1288,$6,$-1374,$122,$0,$122,$-174,$-174,$-46,$711,$613,$20,$0,$-46
33,2010-06-30,21.26,$40.78,0.52,$37.51,0.57,$20.19,1.05,$4.37,4.86,$5.03B,$21.43B,0.24,$0.85B,$4.43B,0.19,$4.30B,$1.26B,29.21%,$4.30B,$0.74B,17.26%,$4.30B,$0.82B,18.98%,$4.30B,$1.00B,23.16%,$4.30B,$0.74B,17.26%,$4.30B,$0.50B,11.66%,$0.50B,$4.43B,12.20%,$0.50B,$4.22B,12.85%,$0.50B,$30.53B,1.73%,$0.74B,$5.28B,14.98%,$1052,$774,$278,$0,$0,$894,$158,$0,$158,$58,$100,$100,$108,$226,$176,$110,112,$0.98,$0.97,$1011,$0,$0,$5030,$0,$19916,$208,$4049,$25496,$30526,$21428,$851,$3816,$4667,$26095,$109,$2588,$398,$4431,$30526,$188,$97,$105,$202,$571,$0,$-514,$-18,$39,$461,$-53,$0,$0,$0,$-530,$-530,$-124,$-707,$24,$0,$24,$-140,$-140,$-31,$284,$137,$-109,$0,$-31
34,2010-03-31,22.03,$38.76,0.57,$37.51,0.59,$20.59,1.07,$4.49,4.91,$5.23B,$21.19B,0.25,$0.82B,$4.31B,0.19,$4.35B,$1.33B,30.61%,$4.35B,$0.79B,18.19%,$4.35B,$0.86B,19.78%,$4.35B,$1.04B,23.97%,$4.35B,$0.79B,18.19%,$4.35B,$0.52B,11.98%,$0.52B,$4.31B,13.69%,$0.52B,$4.10B,14.49%,$0.52B,$30.29B,1.86%,$0.79B,$5.13B,16.95%,$1034,$761,$273,$0,$0,$887,$147,$0,$147,$59,$88,$88,$106,$212,$165,$112,113,$0.94,$0.93,$1170,$0,$0,$5232,$0,$19441,$208,$3984,$25058,$30290,$21193,$824,$3966,$4790,$25983,$111,$2552,$290,$4307,$30290,$88,$47,$44,$91,$570,$0,$-394,$52,$228,$393,$-37,$0,$0,$0,$-274,$-274,$8,$-303,$0,$0,$0,$-68,$-68,$-15,$43,$-40,$50,$0,$-15
35,2009-12-31,19.22,$34.56,0.56,$37.01,0.52,$20.98,0.92,$4.44,4.33,$5.73B,$21.38B,0.27,$0.83B,$3.92B,0.21,$4.32B,$1.34B,31.06%,$4.32B,$0.81B,18.80%,$4.32B,$0.88B,20.35%,$4.32B,$1.08B,24.93%,$4.32B,$0.81B,18.80%,$4.32B,$0.52B,12.01%,$0.52B,$3.92B,15.27%,$0.52B,$3.71B,16.27%,$0.52B,$27.68B,1.93%,$0.81B,$4.75B,18.81%,$1125,$762,$363,$0,$0,$890,$235,$0,$235,$78,$157,$157,$161,$297,$254,$116,117,$1.39,$1.39,$1120,$0,$0,$5727,$0,$18671,$208,$1507,$21956,$27683,$21380,$828,$1556,$2384,$23764,$113,$2274,$163,$3919,$27683,$530,$198,$178,$376,$352,$0,$-462,$128,$18,$915,$-61,$0,$-28,$0,$-679,$-679,$-15,$-783,$-204,$-10,$-214,$-66,$-66,$-60,$64,$-276,$-144,$0,$-60
36,2009-09-30,19.54,$32.63,0.6,$36.84,0.53,$21.65,0.9,$3.38,5.78,$6.64B,$22.65B,0.29,$0.88B,$3.80B,0.23,$4.30B,$1.17B,27.12%,$4.30B,$0.64B,14.86%,$4.30B,$0.71B,16.40%,$4.30B,$0.90B,20.82%,$4.30B,$0.64B,14.86%,$4.30B,$0.40B,9.23%,$0.40B,$3.80B,12.94%,$0.40B,$3.60B,13.88%,$0.40B,$27.85B,1.49%,$0.64B,$4.68B,15.82%,$1093,$750,$343,$0,$0,$890,$203,$0,$203,$72,$131,$131,$127,$262,$222,$116,117,$1.10,$1.09,$1435,$0,$0,$6638,$0,$18193,$208,$1152,$21216,$27854,$22652,$877,$523,$1400,$24052,$117,$2170,$122,$3802,$27854,$373,$155,$196,$351,$188,$0,$-193,$41,$36,$761,$-48,$0,$-5,$0,$-335,$-335,$-17,$-405,$-251,$0,$-251,$13,$13,$-45,$98,$-185,$171,$0,$-45
37,2009-06-30,16.44,$27.56,0.6,$37.52,0.44,$22.74,0.72,$2.47,6.66,$6.12B,$21.71B,0.28,$0.92B,$3.19B,0.29,$4.38B,$0.99B,22.55%,$4.38B,$0.46B,10.60%,$4.38B,$0.53B,12.04%,$4.38B,$0.74B,16.86%,$4.38B,$0.46B,10.60%,$4.38B,$0.29B,6.65%,$0.29B,$3.19B,10.35%,$0.29B,$2.98B,11.18%,$0.29B,$26.27B,1.10%,$0.46B,$4.11B,12.21%,$1096,$744,$352,$0,$0,$890,$206,$0,$206,$74,$132,$132,$127,$271,$219,$116,117,$1.10,$1.09,$1451,$0,$0,$6120,$0,$16498,$210,$1374,$20151,$26271,$21705,$915,$458,$1373,$23078,$116,$2060,$-354,$3193,$26271,$242,$115,$121,$236,$734,$0,$-721,$-8,$5,$492,$-20,$0,$0,$0,$-40,$-40,$17,$-43,$-213,$0,$-213,$1,$1,$-30,$-20,$-262,$187,$0,$-30
38,2009-03-31,12.15,$23.15,0.52,$36.86,0.33,$23.30,0.52,$1.90,6.39,$5.84B,$21.71B,0.27,$1.06B,$2.68B,0.4,$4.30B,$0.88B,20.39%,$4.30B,$0.36B,8.33%,$4.30B,$0.43B,9.89%,$4.30B,$0.66B,15.36%,$4.30B,$0.36B,8.33%,$4.30B,$0.22B,5.21%,$0.22B,$2.68B,8.20%,$0.22B,$2.47B,8.88%,$0.22B,$25.84B,0.85%,$0.36B,$3.74B,9.57%,$1006,$722,$284,$0,$0,$838,$168,$0,$168,$58,$110,$110,$104,$247,$184,$116,116,$0.90,$0.88,$1315,$0,$0,$5841,$0,$15821,$210,$1560,$20002,$25842,$21714,$1058,$391,$1449,$23163,$116,$1948,$-740,$2679,$25842,$110,$63,$76,$139,$823,$0,$-720,$70,$173,$422,$-11,$0,$0,$0,$-311,$-311,$8,$-314,$13,$0,$13,$0,$0,$-15,$-55,$-57,$51,$0,$-15
39,2008-12-31,17.21,$22.51,0.76,$36.76,0.47,$22.85,0.75,$1.66,10.37,$6.61B,$22.38B,0.3,$1.03B,$2.60B,0.4,$4.29B,$0.85B,19.75%,$4.29B,$0.32B,7.36%,$4.29B,$0.39B,8.99%,$4.29B,$0.61B,14.14%,$4.29B,$0.32B,7.36%,$4.29B,$0.20B,4.57%,$0.20B,$2.60B,6.95%,$0.20B,$2.39B,7.51%,$0.20B,$26.43B,0.74%,$0.32B,$3.63B,8.29%,$1104,$917,$187,$0,$0,$1042,$62,$0,$62,$25,$37,$35,$39,$115,$80,$114,117,$0.33,$0.33,$1264,$0,$0,$6610,$0,$15607,$210,$1064,$19817,$26428,$22380,$1030,$416,$1446,$23826,$116,$1842,$-703,$2602,$26428,$200,$221,$717,$938,$-560,$0,$664,$-270,$-166,$973,$-41,$0,$-69,$0,$-588,$-588,$-23,$-721,$47,$46,$93,$-24,$-24,$-51,$178,$196,$448,$0,$-51
40,2008-09-30,22.01,$24.05,0.92,$35.58,0.62,$21.15,1.04,$2.10,10.48,$6.71B,$22.56B,0.3,$0.95B,$2.78B,0.34,$4.21B,$0.95B,22.57%,$4.21B,$0.40B,9.60%,$4.21B,$0.47B,11.24%,$4.21B,$0.71B,16.96%,$4.21B,$0.40B,9.60%,$4.21B,$0.25B,5.87%,$0.25B,$2.78B,8.43%,$0.25B,$2.57B,9.08%,$0.25B,$26.93B,0.94%,$0.40B,$3.73B,10.36%,$1170,$1006,$164,$0,$0,$1142,$28,$0,$28,$10,$19,$21,$21,$105,$44,$115,117,$0.18,$0.18,$1194,$0,$0,$6714,$0,$16360,$210,$1585,$20210,$26925,$22557,$952,$524,$1591,$24148,$115,$1818,$-386,$2777,$26925,$163,$186,$479,$665,$-657,$0,$838,$-146,$35,$865,$-27,$0,$-68,$0,$-598,$-598,$33,$-660,$-29,$40,$11,$-27,$-27,$-37,$225,$172,$378,$0,$-37
41,2008-06-30,19.87,$24.98,0.8,$35.48,0.56,$19.16,1.04,$2.85,6.97,$5.60B,$21.56B,0.26,$1.00B,$2.88B,0.35,$4.23B,$1.10B,25.93%,$4.23B,$0.56B,13.23%,$4.23B,$0.63B,14.91%,$4.23B,$0.86B,20.23%,$4.23B,$0.56B,13.23%,$4.23B,$0.34B,8.02%,$0.34B,$2.88B,11.34%,$0.34B,$2.67B,12.19%,$0.34B,$26.16B,1.30%,$0.56B,$3.87B,14.17%,$1017,$776,$241,$0,$0,$917,$100,$0,$100,$37,$63,$63,$60,$193,$117,$113,116,$0.53,$0.52,$843,$0,$0,$5597,$0,$17280,$210,$1611,$20561,$26158,$21561,$998,$602,$1722,$23283,$115,$1811,$-271,$2875,$26158,$144,$125,$256,$381,$57,$0,$67,$-103,$20,$555,$-19,$0,$-68,$0,$-553,$-553,$12,$-628,$35,$28,$62,$-33,$-33,$-25,$96,$100,$27,$0,$-25
42,2008-03-31,18.9,$26.74,0.71,$35.66,0.53,$16.84,1.12,$2.87,6.58,$5.62B,$21.25B,0.27,$0.99B,$3.02B,0.33,$4.30B,$1.17B,27.13%,$4.30B,$0.57B,13.28%,$4.30B,$0.64B,14.95%,$4.30B,$0.84B,19.48%,$4.30B,$0.57B,13.28%,$4.30B,$0.35B,8.04%,$0.35B,$3.02B,11.49%,$0.35B,$2.81B,12.30%,$0.35B,$26.00B,1.34%,$0.57B,$4.01B,14.48%,$1002,$745,$257,$0,$0,$876,$126,$0,$126,$45,$81,$81,$76,$194,$145,$114,117,$0.67,$0.64,$983,$0,$0,$5623,$0,$17254,$210,$1462,$20380,$26002,$21250,$991,$619,$1732,$22982,$113,$1777,$-61,$3020,$26002,$81,$49,$144,$193,$171,$0,$-42,$-43,$87,$370,$-8,$0,$-21,$0,$-143,$-143,$1,$-171,$49,$19,$68,$-22,$-22,$-12,$-66,$-32,$168,$0,$-12
43,2007-12-31,21.26,$26.84,0.79,$35.93,0.59,$15.29,1.39,$3.15,6.75,$5.52B,$21.03B,0.26,$0.94B,$3.05B,0.31,$4.38B,$1.24B,28.20%,$4.38B,$0.64B,14.59%,$4.38B,$0.71B,16.21%,$4.38B,$0.91B,20.67%,$4.38B,$0.64B,14.59%,$4.38B,$0.38B,8.77%,$0.38B,$3.05B,12.73%,$0.38B,$2.84B,13.57%,$0.38B,$25.81B,1.49%,$0.64B,$3.98B,16.25%,$1020,$732,$289,$0,$0,$871,$150,$0,$150,$55,$95,$122,$90,$222,$167,$118,123,$0.78,$0.71,$816,$0,$0,$5516,$0,$17238,$204,$1272,$20292,$25808,$21032,$937,$693,$1729,$22761,$114,$1734,$13,$3046,$25808,$415,$194,$188,$383,$-28,$0,$200,$-202,$-30,$789,$-15,$0,$-259,$0,$-904,$-904,$-104,$-1282,$-4,$60,$56,$-181,$-181,$-42,$147,$-20,$-513,$0,$-42
44,2007-09-30,20.92,$26.08,0.8,$36.75,0.57,$17.56,1.19,$3.50,5.98,$5.71B,$21.39B,0.27,$0.90B,$3.01B,0.3,$4.46B,$1.29B,28.95%,$4.46B,$0.71B,15.93%,$4.46B,$0.78B,17.55%,$4.46B,$0.97B,21.75%,$4.46B,$0.71B,15.93%,$4.46B,$0.43B,9.65%,$0.43B,$3.01B,14.39%,$0.43B,$2.81B,15.31%,$0.43B,$26.12B,1.68%,$0.71B,$3.91B,18.21%,$1187,$877,$310,$0,$0,$1004,$183,$0,$183,$63,$121,$113,$113,$246,$201,$118,120,$0.96,$0.93,$729,$0,$0,$5708,$0,$17324,$205,$1497,$20408,$26116,$21393,$897,$717,$1710,$23103,$116,$1695,$-0,$3013,$26116,$293,$140,$84,$224,$-321,$0,$580,$-168,$91,$621,$-1,$0,$-240,$0,$-896,$-896,$-97,$-1234,$-37,$51,$15,$-119,$-119,$-32,$149,$13,$-600,$0,$-32
45,2007-06-30,24.98,$24.90,1.0,$36.27,0.69,$18.99,1.32,$3.34,7.47,$5.36B,$20.82B,0.26,$0.90B,$2.97B,0.3,$4.41B,$1.27B,28.85%,$4.41B,$0.68B,15.52%,$4.41B,$0.76B,17.18%,$4.41B,$0.94B,21.38%,$4.41B,$0.68B,15.52%,$4.41B,$0.41B,9.33%,$0.41B,$2.97B,14.05%,$0.41B,$2.79B,14.93%,$0.41B,$25.70B,1.62%,$0.68B,$3.87B,17.81%,$1092,$780,$312,$0,$0,$980,$112,$0,$112,$37,$75,$65,$67,$176,$130,$120,122,$0.56,$0.54,$680,$0,$0,$5359,$0,$17281,$177,$1538,$20337,$25696,$20823,$897,$717,$1903,$22726,$119,$1656,$-42,$2970,$25696,$181,$95,$19,$114,$-20,$0,$197,$-211,$-34,$272,$9,$0,$-2,$0,$-973,$-973,$-50,$-1015,$-31,$32,$1,$-15,$-15,$-21,$129,$93,$-650,$0,$-21
46,2007-03-31,24.83,$25.46,0.98,$35.61,0.7,$21.03,1.18,$3.82,6.49,$5.64B,$20.42B,0.28,$0.92B,$3.04B,0.3,$4.31B,$1.23B,28.57%,$4.31B,$0.72B,16.69%,$4.31B,$0.79B,18.36%,$4.31B,$0.97B,22.56%,$4.31B,$0.72B,16.69%,$4.31B,$0.47B,10.84%,$0.47B,$3.04B,16.67%,$0.47B,$2.87B,17.75%,$0.47B,$25.39B,1.89%,$0.72B,$3.97B,19.33%,$1080,$756,$324,$0,$0,$886,$194,$0,$194,$72,$122,$114,$114,$261,$212,$120,122,$0.95,$0.92,$1103,$0,$0,$5638,$0,$16924,$168,$1371,$19747,$25385,$20419,$924,$704,$1925,$22344,$119,$1611,$79,$3041,$25385,$114,$49,$37,$86,$102,$0,$32,$-163,$-28,$180,$8,$0,$0,$0,$-427,$-427,$-50,$-468,$19,$9,$28,$-6,$-6,$-11,$51,$62,$-226,$0,$-11
47,2006-12-31,26.11,$24.55,1.06,$35.14,0.74,$23.38,1.12,$3.75,6.96,$5.98B,$20.27B,0.3,$0.92B,$2.93B,0.31,$4.23B,$1.21B,28.62%,$4.23B,$0.70B,16.45%,$4.23B,$0.77B,18.15%,$4.23B,$0.93B,22.11%,$4.23B,$0.70B,16.45%,$4.23B,$0.46B,10.77%,$0.46B,$2.93B,17.15%,$0.46B,$2.76B,18.32%,$0.46B,$25.10B,1.89%,$0.70B,$3.85B,19.48%,$1097,$753,$344,$0,$0,$876,$221,$0,$221,$77,$144,$136,$136,$286,$239,$118,121,$1.15,$1.11,$1329,$0,$0,$5979,$0,$16410,$168,$1278,$19123,$25101,$20267,$921,$701,$1905,$22172,$119,$1534,$56,$2929,$25101,$453,$167,$58,$225,$-46,$0,$295,$13,$262,$968,$63,$0,$33,$0,$-249,$-249,$-209,$-362,$67,$26,$92,$39,$39,$-38,$160,$252,$857,$0,$-38
