,Date,Stock Price,Book Value per Share,Price to Book Ratio,TTM Sales per Share,Price to Sales Ratio,TTM FCF per Share,Price to FCF Ratio,TTM Net EPS,PE Ratio,Current Assets,Current Liabilities,Current Ratio,Long Term Debt,Shareholder's Equity_x,Debt to Equity Ratio,TTM Revenue_x,TTM Gross Profit,Gross Margin,TTM Revenue_y,TTM Operating Income,Operating Margin,TTM Revenue_x,TTM EBIT,EBIT Margin,TTM Revenue_y,TTM EBITDA,EBITDA Margin,TTM Revenue_x,TTM Pre-Tax Income,Pre-Tax Margin,TTM Revenue_y,TTM Net Income_x,Net Margin,TTM Net Income_y,Shareholder's Equity_y,Return on Equity,TTM Net Income_x,Tangible Equity,Return on Tangible Equity,TTM Net Income_y,Total Assets,Return on Assets,TTM Net Income,LT Investments & Debt,Return on Investment,revenue,cost-goods-sold,gross-profit,research-development-expenses,selling-general-administrative-expenses,operating-expenses,operating-income,total-non-operating-income-expense,pre-tax-income,total-provision-income-taxes,income-after-taxes,income-from-continuous-operations,net-income,ebitda,ebit,basic-shares-outstanding,shares-outstanding,eps-basic-net-earnings-per-share,eps-earnings-per-share-diluted,cash-on-hand,inventory,other-current-assets,total-current-assets,net-property-plant-equipment,long-term-investments,goodwill-intangible-assets-total,other-long-term-assets,total-long-term-assets,total-assets,total-current-liabilities,long-term-debt,other-non-current-liabilities,total-long-term-liabilities,total-liabilities,common-stock-net,retained-earnings-accumulated-deficit,comprehensive-income,total-share-holder-equity,total-liabilities-share-holders-equity,net-income-loss,total-depreciation-amortization-cash-flow,other-non-cash-items,total-non-cash-items,change-in-accounts-receivable,change-in-inventories,change-in-accounts-payable,change-in-assets-liabilities,total-change-in-assets-liabilities,cash-flow-from-operating-activities,net-change-in-property-plant-equipment,net-change-in-intangible-assets,net-acquisitions-divestitures,net-change-in-short-term-investments,net-change-in-long-term-investments,net-change-in-investments-total,investing-activities-other,cash-flow-from-investing-activities,net-long-term-debt,net-current-debt,debt-issuance-retirement-net-total,net-common-equity-issued-repurchased,net-total-equity-issued-repurchased,total-common-preferred-stock-dividends-paid,financial-activities-other,cash-flow-from-financial-activities,net-cash-flow,stock-based-compensation,common-stock-dividends-paid
0,2018-09-30,47.07,$30.45,1.55,$28.18,1.67,$18.90,2.49,$6.05,7.79,$4.21B,$100.58B,0.04,$5.28B,$23.23B,0.23,$22.05B,$8.65B,39.20%,$22.05B,$4.26B,19.31%,$22.05B,$4.48B,20.31%,$22.05B,$5.70B,25.83%,$22.05B,$4.26B,19.31%,$22.05B,$4.98B,22.57%,$4.98B,$23.23B,20.76%,$4.98B,$23.23B,20.76%,$4.98B,$137.94B,3.53%,$4.26B,$28.51B,14.54%,$5577,$3333,$2244,$0,$1045,$4431,$1146,$0,$1146,$301,$845,$845,$845,$1514,$1199,$767,772,$1.10,$1.09,$3429,$0,$0,$4213,$435,$121520,$0,$2151,$133728,$137941,$100584,$5279,$4957,$14123,$114707,$135,$31461,$1909,$23234,$137941,$2395,$932,$114,$1046,$-27,$0,$0,$739,$712,$4659,$0,$0,$0,$0,$-5229,$-5229,$2057,$-3172,$0,$0,$0,$-887,$-887,$-595,$-31,$-1513,$-62,$0,$-595
1,2018-06-30,42.78,$30.94,1.38,$27.88,1.53,$18.65,2.29,$5.86,7.31,$4.74B,$102.31B,0.05,$5.32B,$23.80B,0.22,$21.98B,$8.49B,38.63%,$21.98B,$4.19B,19.05%,$21.98B,$4.42B,20.08%,$21.98B,$5.59B,25.42%,$21.98B,$4.19B,19.05%,$21.98B,$4.85B,22.05%,$4.85B,$23.80B,20.49%,$4.85B,$23.80B,20.49%,$4.85B,$141.99B,3.45%,$4.19B,$29.12B,14.46%,$5589,$3369,$2220,$0,$1035,$4458,$1131,$0,$1131,$299,$832,$832,$832,$1488,$1185,$773,778,$1.08,$1.07,$3847,$0,$0,$4739,$448,$124843,$0,$2216,$137247,$141986,$102310,$5315,$6492,$15876,$118186,$135,$30809,$2852,$23800,$141986,$1550,$617,$131,$748,$-1,$0,$0,$630,$449,$2807,$0,$0,$0,$0,$-4948,$-4948,$3505,$-1443,$0,$0,$0,$-589,$-589,$-396,$-3,$-988,$356,$0,$-396
2,2018-03-31,43.27,$31.31,1.38,$27.49,1.57,$19.01,2.28,$5.68,7.62,$4.99B,$105.40B,0.05,$5.37B,$24.29B,0.22,$21.82B,$8.33B,38.15%,$21.82B,$4.10B,18.80%,$21.82B,$4.34B,19.87%,$21.82B,$5.49B,25.15%,$21.82B,$4.10B,18.80%,$21.82B,$4.73B,21.67%,$4.73B,$24.29B,20.48%,$4.73B,$24.29B,20.48%,$4.73B,$147.36B,3.40%,$4.10B,$29.66B,14.45%,$5464,$3379,$2085,$0,$1047,$4482,$982,$0,$982,$265,$717,$717,$717,$1352,$1038,$779,784,$0.92,$0.91,$4080,$0,$0,$4986,$448,$129336,$0,$2653,$142370,$147356,$105399,$5372,$7891,$17670,$123069,$135,$30183,$3685,$24287,$147356,$717,$314,$134,$448,$14,$0,$0,$223,$106,$1238,$0,$0,$0,$0,$-4888,$-4888,$4689,$-199,$2,$0,$2,$-282,$-282,$-195,$2,$-473,$589,$0,$-195
3,2017-12-31,43.15,$63.00,0.68,$27.09,1.59,$19.60,2.2,$5.51,7.84,$4.32B,$99.15B,0.04,$5.29B,$24.60B,0.22,$21.67B,$8.17B,37.71%,$21.67B,$4.02B,18.54%,$21.67B,$4.26B,19.65%,$21.67B,$5.39B,24.88%,$21.67B,$4.02B,18.54%,$21.67B,$4.60B,21.25%,$4.60B,$24.60B,20.83%,$4.60B,$24.60B,20.83%,$4.60B,$137.22B,3.40%,$4.02B,$29.89B,14.68%,$5424,$3328,$2096,$0,$1038,$4424,$1000,$0,$1000,$-1583,$2583,$2583,$2583,$1342,$1058,$792,798,$3.27,$3.25,$3491,$0,$0,$4318,$434,$120937,$0,$2023,$132899,$137217,$99147,$5289,$3438,$13472,$112619,$135,$29895,$4028,$24598,$137217,$4604,$1132,$151,$1283,$-91,$0,$0,$1422,$91,$6128,$0,$0,$0,$0,$-2519,$-2519,$-2912,$-5431,$-121,$0,$-121,$-1318,$-1318,$-661,$35,$-2065,$-1368,$0,$-661
4,2017-09-30,39.79,$27.90,1.43,$27.49,1.45,$19.15,2.08,$3.45,11.53,$5.86B,$98.71B,0.06,$5.25B,$21.98B,0.24,$22.20B,$8.43B,37.98%,$22.20B,$4.17B,18.79%,$22.20B,$4.43B,19.93%,$22.20B,$5.27B,23.75%,$22.20B,$4.17B,18.79%,$22.20B,$2.77B,12.49%,$2.77B,$21.98B,13.15%,$2.77B,$21.98B,13.15%,$2.77B,$136.08B,2.07%,$4.17B,$27.23B,15.83%,$5506,$3415,$2091,$0,$957,$4431,$1075,$0,$1075,$359,$716,$716,$716,$1405,$1134,$789,795,$0.91,$0.90,$4927,$0,$0,$5864,$439,$118292,$0,$2075,$130219,$136083,$98713,$5248,$3950,$15393,$114106,$67,$27489,$3531,$21977,$136083,$2021,$848,$489,$1337,$-32,$0,$0,$1060,$1028,$4596,$0,$0,$0,$0,$-2450,$-2450,$-437,$-2887,$-136,$0,$-136,$-1030,$-1030,$-491,$44,$-1613,$68,$0,$-491
5,2017-06-30,37.78,$27.15,1.39,$27.51,1.37,$18.38,2.06,$3.32,11.4,$5.14B,$98.46B,0.05,$5.25B,$21.50B,0.24,$22.41B,$8.32B,37.15%,$22.41B,$4.06B,18.11%,$22.41B,$4.32B,19.27%,$22.41B,$4.90B,21.85%,$22.41B,$4.06B,18.11%,$22.41B,$2.69B,11.98%,$2.69B,$21.50B,12.62%,$2.69B,$21.50B,12.62%,$2.69B,$135.39B,1.98%,$4.06B,$26.76B,15.21%,$5428,$3374,$2054,$0,$948,$4383,$1045,$0,$1045,$332,$713,$713,$713,$1389,$1106,$793,799,$0.90,$0.89,$4264,$0,$0,$5135,$442,$118392,$0,$2085,$130259,$135394,$98458,$5252,$4124,$15433,$113891,$67,$26942,$3401,$21503,$135394,$1305,$577,$196,$773,$8,$0,$0,$633,$1009,$3165,$0,$0,$0,$0,$-2402,$-2402,$-115,$-2517,$-132,$0,$-132,$-796,$-796,$-328,$25,$-1231,$-595,$0,$-328
6,2017-03-31,35.02,$25.55,1.37,$27.28,1.28,$17.86,1.96,$3.08,11.37,$4.82B,$97.62B,0.05,$5.25B,$20.34B,0.26,$22.42B,$8.11B,36.17%,$22.42B,$3.85B,17.17%,$22.42B,$4.11B,18.35%,$22.42B,$4.41B,19.66%,$22.42B,$3.85B,17.17%,$22.42B,$2.52B,11.24%,$2.52B,$20.34B,11.70%,$2.52B,$20.34B,11.70%,$2.52B,$133.65B,1.84%,$3.85B,$25.59B,14.31%,$5309,$3380,$1929,$0,$969,$4411,$898,$0,$898,$306,$592,$592,$592,$1254,$960,$802,808,$0.74,$0.73,$4205,$0,$0,$4823,$444,$117021,$0,$2107,$128827,$133650,$97624,$5250,$4810,$15686,$113310,$67,$26400,$2632,$20340,$133650,$592,$294,$140,$434,$106,$0,$0,$331,$708,$1757,$0,$0,$0,$0,$-2148,$-2148,$621,$-1527,$-130,$0,$-130,$-599,$-599,$-166,$19,$-876,$-654,$0,$-166
7,2016-12-31,33.45,$25.24,1.33,$27.18,1.23,$17.27,1.94,$3.22,10.4,$5.53B,$93.73B,0.06,$5.36B,$20.48B,0.26,$22.56B,$8.27B,36.67%,$22.56B,$4.07B,18.03%,$22.56B,$4.34B,19.22%,$22.56B,$4.34B,19.22%,$22.56B,$4.07B,18.03%,$22.56B,$2.66B,11.79%,$2.66B,$20.48B,12.39%,$2.66B,$20.48B,12.39%,$2.66B,$129.82B,1.96%,$4.07B,$25.84B,15.21%,$5955,$3599,$2356,$0,$1187,$4802,$1153,$0,$1153,$402,$751,$751,$751,$1225,$1225,$823,828,$0.92,$0.92,$4859,$0,$0,$5528,$433,$112256,$0,$2609,$124291,$129819,$93726,$5360,$4864,$15611,$109337,$67,$25981,$2630,$20482,$129819,$2659,$1141,$14,$1155,$42,$0,$0,$1884,$1833,$5987,$0,$0,$0,$0,$-3497,$-3497,$-358,$-3855,$376,$0,$376,$-1376,$-1376,$-658,$39,$-1619,$509,$0,$-658
8,2016-09-30,34.34,$27.92,1.23,$26.13,1.31,$17.86,1.92,$3.15,10.9,$5.96B,$105.56B,0.06,$5.77B,$22.79B,0.25,$21.92B,$7.98B,36.41%,$21.92B,$4.03B,18.36%,$21.92B,$4.29B,19.55%,$21.92B,$4.29B,19.55%,$21.92B,$4.03B,18.36%,$21.92B,$2.64B,12.03%,$2.64B,$22.79B,12.70%,$2.64B,$22.79B,12.70%,$2.64B,$144.10B,1.99%,$4.03B,$28.55B,15.51%,$5716,$3731,$1985,$0,$957,$4753,$963,$0,$963,$334,$629,$629,$629,$1028,$1028,$817,822,$0.77,$0.77,$5270,$0,$0,$5959,$476,$124441,$0,$3466,$138142,$144101,$105556,$5765,$3748,$15760,$121316,$67,$25404,$5364,$22785,$144101,$1908,$0,$358,$358,$41,$0,$0,$2143,$1819,$4120,$0,$0,$0,$0,$-2634,$-2634,$-4,$-2638,$756,$0,$756,$-1185,$-1185,$-492,$86,$-835,$920,$0,$-492
9,2016-06-30,34.28,$27.49,1.25,$25.02,1.37,$18.38,1.87,$3.05,11.26,$4.46B,$103.07B,0.04,$5.01B,$22.55B,0.22,$21.25B,$7.79B,36.64%,$21.25B,$3.93B,18.48%,$21.25B,$4.19B,19.72%,$21.25B,$4.19B,19.72%,$21.25B,$3.93B,18.48%,$21.25B,$2.58B,12.12%,$2.58B,$22.55B,13.29%,$2.58B,$22.55B,13.29%,$2.58B,$141.29B,2.04%,$3.93B,$27.56B,16.11%,$5437,$3599,$1838,$0,$938,$4603,$834,$0,$834,$286,$548,$548,$548,$900,$900,$824,829,$0.67,$0.66,$3700,$0,$0,$4458,$467,$123089,$0,$3721,$136829,$141287,$103066,$5009,$3948,$15671,$118737,$67,$24944,$5432,$22550,$141287,$1279,$0,$194,$194,$53,$0,$0,$1551,$1468,$2854,$0,$0,$0,$0,$-2211,$-2211,$-218,$-2429,$-1,$0,$-1,$-995,$-995,$-330,$45,$-1281,$-650,$0,$-330
10,2016-03-31,29.82,$24.11,1.24,$24.55,1.21,$18.51,1.61,$3.05,9.79,$4.17B,$94.13B,0.04,$4.98B,$20.02B,0.25,$21.10B,$7.97B,37.79%,$21.10B,$3.97B,18.80%,$21.10B,$4.24B,20.08%,$21.10B,$4.24B,20.08%,$21.10B,$3.97B,18.80%,$21.10B,$2.60B,12.33%,$2.60B,$20.02B,14.45%,$2.60B,$20.02B,14.45%,$2.60B,$127.77B,2.17%,$3.97B,$25.01B,17.17%,$5451,$3358,$2093,$0,$855,$4334,$1117,$0,$1117,$386,$731,$731,$731,$1182,$1182,$837,842,$0.88,$0.87,$3449,$0,$0,$4172,$443,$111621,$0,$2601,$123594,$127766,$94128,$4984,$3527,$13617,$107745,$67,$24565,$2936,$20021,$127766,$731,$0,$-30,$-30,$32,$0,$0,$882,$547,$1331,$0,$0,$0,$0,$-1289,$-1289,$-198,$-1487,$0,$0,$0,$-605,$-605,$-167,$6,$-766,$-901,$0,$-167
11,2015-12-31,28.08,$20.86,1.35,$24.01,1.17,$18.59,1.51,$2.93,9.58,$5.06B,$87.63B,0.06,$4.97B,$17.71B,0.28,$20.87B,$7.82B,37.48%,$20.87B,$3.86B,18.50%,$20.87B,$4.15B,19.89%,$20.87B,$4.15B,19.89%,$20.87B,$3.86B,18.50%,$20.87B,$2.53B,12.14%,$2.53B,$17.71B,14.35%,$2.53B,$17.71B,14.35%,$2.53B,$118.26B,2.14%,$3.86B,$22.68B,16.74%,$5319,$3252,$2067,$0,$1248,$4208,$1111,$0,$1111,$381,$730,$730,$730,$1176,$1176,$861,866,$0.86,$0.85,$4350,$0,$0,$5055,$427,$102315,$0,$1948,$113201,$118256,$87631,$4971,$3606,$12917,$100548,$67,$24007,$625,$17708,$118256,$2533,$1066,$-106,$960,$147,$0,$0,$2217,$2328,$6776,$0,$0,$-40,$0,$-1191,$-1191,$-3666,$-4897,$-274,$0,$-274,$-1279,$-1279,$-656,$22,$-2187,$-308,$0,$-656
12,2015-09-30,27.08,$20.18,1.34,$23.95,1.13,$17.98,1.51,$2.86,9.47,$4.28B,$87.19B,0.05,$5.01B,$17.26B,0.29,$21.07B,$7.86B,37.31%,$21.07B,$3.83B,18.16%,$21.07B,$4.13B,19.60%,$21.07B,$4.13B,19.60%,$21.07B,$3.83B,18.16%,$21.07B,$2.51B,11.90%,$2.51B,$17.26B,14.07%,$2.51B,$17.26B,14.07%,$2.51B,$117.46B,2.11%,$3.83B,$22.26B,16.41%,$5040,$3253,$1787,$0,$812,$4176,$864,$0,$864,$297,$567,$567,$567,$931,$931,$857,862,$0.66,$0.66,$3520,$0,$0,$4282,$430,$102113,$0,$2179,$113173,$117455,$87185,$5009,$3532,$13015,$100200,$67,$23451,$528,$17255,$117455,$1803,$0,$-26,$-26,$98,$0,$0,$2544,$2599,$4770,$0,$0,$0,$0,$-379,$-379,$-3704,$-4083,$-274,$0,$-274,$-1053,$-1053,$-489,$-10,$-1826,$-1138,$0,$-489
13,2015-06-30,28.8,$19.76,1.46,$24.42,1.18,$17.49,1.65,$2.98,9.66,$3.94B,$84.58B,0.05,$5.43B,$17.02B,0.32,$21.76B,$8.09B,37.19%,$21.76B,$4.04B,18.55%,$21.76B,$4.35B,19.98%,$21.76B,$4.35B,19.98%,$21.76B,$4.04B,18.55%,$21.76B,$2.65B,12.15%,$2.65B,$17.02B,14.72%,$2.65B,$17.02B,14.72%,$2.65B,$115.58B,2.19%,$4.04B,$22.44B,17.28%,$5287,$3262,$2025,$0,$805,$4413,$874,$0,$874,$301,$573,$573,$573,$948,$948,$863,869,$0.67,$0.66,$3103,$0,$0,$3942,$422,$100936,$0,$2003,$111639,$115581,$84581,$5425,$3860,$13982,$98563,$67,$23052,$507,$17018,$115581,$1236,$0,$-140,$-140,$1,$0,$0,$1627,$1758,$3103,$0,$0,$0,$0,$-307,$-307,$-3259,$-3566,$148,$0,$148,$-828,$-828,$-328,$-79,$-1087,$-1555,$0,$-328
14,2015-03-31,29.46,$21.48,1.37,$24.74,1.19,$17.35,1.7,$3.21,9.18,$5.06B,$85.56B,0.06,$6.28B,$18.64B,0.34,$22.31B,$8.25B,36.95%,$22.31B,$4.40B,19.72%,$22.31B,$4.72B,21.15%,$22.31B,$4.72B,21.15%,$22.31B,$4.40B,19.72%,$22.31B,$2.88B,12.92%,$2.88B,$18.64B,15.92%,$2.88B,$18.64B,15.92%,$2.88B,$121.40B,2.32%,$4.40B,$24.92B,18.84%,$5226,$3282,$1944,$0,$807,$4213,$1013,$0,$1013,$350,$663,$663,$663,$1096,$1096,$875,880,$0.76,$0.76,$4363,$0,$0,$5063,$428,$105076,$0,$2515,$116338,$121401,$85564,$6282,$5596,$17200,$102764,$67,$22648,$2332,$18637,$121401,$663,$0,$-13,$-13,$141,$0,$0,$806,$791,$1460,$0,$0,$0,$0,$-651,$-651,$-1427,$-2078,$989,$0,$989,$-597,$-597,$-165,$95,$322,$-295,$0,$-165
15,2014-12-31,27.94,$20.73,1.35,$24.96,1.12,$17.46,1.6,$3.26,8.58,$5.50B,$83.93B,0.07,$5.28B,$18.35B,0.29,$22.73B,$8.36B,36.76%,$22.73B,$4.49B,19.76%,$22.73B,$4.81B,21.15%,$22.73B,$4.81B,21.15%,$22.73B,$4.49B,19.76%,$22.73B,$2.95B,12.98%,$2.95B,$18.35B,17.00%,$2.95B,$18.35B,17.00%,$2.95B,$119.77B,2.37%,$4.49B,$23.63B,20.16%,$5514,$3409,$2105,$0,$891,$4439,$1075,$0,$1075,$372,$703,$703,$703,$1154,$1154,$902,908,$0.79,$0.78,$4658,$0,$0,$5500,$429,$103445,$0,$2120,$114267,$119767,$83933,$5282,$6912,$17487,$101420,$67,$22156,$1979,$18347,$119767,$2951,$0,$-215,$-215,$-7,$0,$0,$3389,$3505,$6550,$0,$0,$0,$0,$-690,$-690,$-3551,$-4241,$415,$0,$415,$-1177,$-1177,$-654,$1269,$-147,$2115,$0,$-654
16,2014-09-30,26.46,$19.81,1.34,$25.09,1.05,$21.53,1.23,$3.20,8.28,$3.54B,$90.20B,0.04,$4.56B,$17.85B,0.26,$23.02B,$8.29B,36.00%,$23.02B,$4.44B,19.31%,$23.02B,$4.76B,20.70%,$23.02B,$4.76B,20.70%,$23.02B,$4.44B,19.31%,$23.02B,$2.92B,12.70%,$2.92B,$17.85B,17.79%,$2.92B,$17.85B,17.79%,$2.92B,$127.25B,2.34%,$4.44B,$22.41B,20.91%,$5736,$3716,$2020,$0,$837,$4662,$1074,$0,$1074,$368,$706,$706,$706,$1151,$1151,$902,908,$0.78,$0.78,$2666,$0,$0,$3536,$449,$112795,$0,$1760,$123717,$127253,$90200,$4558,$10173,$19200,$109400,$67,$21628,$1500,$17853,$127253,$2248,$0,$-72,$-72,$-2,$0,$0,$2539,$2267,$4577,$0,$0,$0,$0,$-1511,$-1511,$-2633,$-4144,$-335,$0,$-335,$-673,$-673,$-486,$1172,$-322,$123,$0,$-486
17,2014-06-30,28.11,$19.38,1.45,$25.07,1.12,$24.14,1.16,$3.17,8.88,$3.14B,$95.42B,0.03,$4.93B,$17.56B,0.28,$23.17B,$8.28B,35.73%,$23.17B,$4.44B,19.16%,$23.17B,$4.75B,20.52%,$23.17B,$4.75B,20.52%,$23.17B,$4.44B,19.16%,$23.17B,$2.92B,12.60%,$2.92B,$17.56B,18.68%,$2.92B,$17.56B,18.68%,$2.92B,$127.87B,2.37%,$4.44B,$22.48B,21.60%,$5838,$3662,$2176,$0,$813,$4600,$1238,$0,$1238,$428,$810,$810,$810,$1319,$1319,$905,911,$0.90,$0.89,$2252,$0,$0,$3136,$482,$113308,$0,$1828,$124735,$127871,$95424,$4925,$5047,$14889,$110313,$67,$21089,$1606,$17558,$127871,$1542,$0,$-56,$-56,$24,$0,$0,$1547,$1488,$3132,$0,$0,$0,$0,$-315,$-315,$-3279,$-3594,$0,$0,$0,$-501,$-501,$-324,$1026,$201,$-291,$0,$-324
18,2014-03-31,28.3,$17.26,1.64,$25.12,1.13,$26.79,1.06,$3.23,8.77,$2.73B,$92.89B,0.03,$4.91B,$15.68B,0.31,$23.37B,$8.36B,35.76%,$23.37B,$4.56B,19.51%,$23.37B,$4.86B,20.80%,$23.37B,$4.86B,20.80%,$23.37B,$4.56B,19.51%,$23.37B,$3.00B,12.83%,$3.00B,$15.68B,20.45%,$3.00B,$15.68B,20.45%,$3.00B,$123.29B,2.49%,$4.56B,$20.59B,23.27%,$5640,$3586,$2054,$0,$828,$4536,$1104,$0,$1104,$372,$732,$732,$732,$1184,$1184,$909,915,$0.81,$0.80,$1994,$0,$0,$2726,$481,$109273,$0,$1847,$120566,$123292,$92890,$4913,$5555,$14726,$107616,$67,$20447,$307,$15676,$123292,$732,$0,$46,$46,$171,$0,$0,$952,$803,$1615,$0,$0,$0,$0,$752,$752,$-2875,$-2123,$0,$0,$0,$-405,$-405,$-163,$536,$-32,$-549,$0,$-163
19,2013-12-31,29.81,$15.91,1.87,$25.58,1.17,$29.11,1.02,$3.38,8.83,$3.71B,$89.40B,0.04,$4.90B,$14.62B,0.34,$23.94B,$8.60B,35.92%,$23.94B,$4.82B,20.12%,$23.94B,$5.11B,21.34%,$23.94B,$5.11B,21.34%,$23.94B,$4.82B,20.12%,$23.94B,$3.16B,13.19%,$3.16B,$14.62B,21.59%,$3.16B,$14.62B,21.59%,$3.16B,$121.31B,2.64%,$4.82B,$19.52B,24.83%,$5801,$3766,$2035,$0,$875,$4773,$1028,$0,$1028,$353,$675,$675,$675,$1110,$1110,$929,935,$0.74,$0.73,$2543,$0,$0,$3708,$481,$106714,$0,$1606,$117599,$121307,$89402,$4897,$8670,$17285,$106687,$67,$19885,$-563,$14620,$121307,$3158,$0,$-399,$-399,$-8,$0,$0,$6402,$7387,$10547,$0,$0,$0,$0,$-10150,$-10150,$-941,$-11091,$700,$0,$700,$-725,$-725,$-635,$1796,$1136,$502,$0,$-635
20,2013-09-30,27.51,$15.74,1.75,$26.16,1.05,$33.76,0.81,$3.27,8.41,$3.70B,$93.94B,0.04,$4.95B,$14.66B,0.34,$24.51B,$8.51B,34.73%,$24.51B,$4.67B,19.04%,$24.51B,$4.95B,20.21%,$24.51B,$4.95B,20.21%,$24.51B,$4.67B,19.04%,$24.51B,$3.06B,12.50%,$3.06B,$14.66B,20.47%,$3.06B,$14.66B,20.47%,$3.06B,$119.92B,2.51%,$4.67B,$19.61B,23.81%,$5886,$3873,$2013,$0,$824,$4817,$1069,$0,$1069,$367,$702,$702,$702,$1140,$1140,$929,935,$0.76,$0.75,$2749,$0,$0,$3699,$510,$104738,$0,$1798,$116219,$119918,$93937,$4953,$3115,$11323,$105260,$67,$19380,$-461,$14658,$119918,$2483,$0,$-379,$-379,$-29,$0,$0,$5334,$5727,$7159,$0,$0,$0,$0,$-624,$-624,$-6897,$-7521,$700,$0,$700,$-248,$-248,$-472,$1153,$1133,$708,$0,$-472
21,2013-06-30,25.64,$14.73,1.74,$27.15,0.94,$38.29,0.67,$3.60,7.12,$3.28B,$90.63B,0.04,$4.95B,$13.70B,0.36,$25.47B,$8.97B,35.23%,$25.47B,$5.08B,19.93%,$25.47B,$5.36B,21.04%,$25.47B,$5.36B,21.04%,$25.47B,$5.08B,19.93%,$25.47B,$3.38B,13.26%,$3.38B,$13.70B,22.09%,$3.38B,$13.70B,22.09%,$3.38B,$116.31B,2.67%,$5.08B,$18.64B,25.65%,$6044,$3789,$2255,$0,$780,$4686,$1358,$0,$1358,$469,$889,$889,$889,$1427,$1427,$930,936,$0.96,$0.95,$2388,$0,$0,$3277,$510,$102368,$0,$1130,$113036,$116313,$90626,$4946,$3682,$11991,$102617,$67,$18841,$-840,$13696,$116313,$1781,$0,$-357,$-357,$29,$0,$0,$3808,$4443,$5698,$0,$0,$0,$0,$564,$564,$-6374,$-5810,$700,$0,$700,$-248,$-248,$-315,$389,$526,$347,$0,$-315
22,2013-03-31,22.81,$16.67,1.37,$26.99,0.84,$39.93,0.57,$3.17,7.21,$4.31B,$92.95B,0.05,$4.28B,$15.54B,0.28,$25.33B,$8.43B,33.26%,$25.33B,$4.46B,17.61%,$25.33B,$4.74B,18.70%,$25.33B,$4.74B,18.70%,$25.33B,$4.46B,17.61%,$25.33B,$2.97B,11.74%,$2.97B,$15.54B,19.28%,$2.97B,$15.54B,19.28%,$2.97B,$120.54B,2.32%,$4.46B,$19.82B,22.76%,$6208,$3913,$2295,$0,$817,$4847,$1361,$0,$1361,$469,$892,$892,$892,$1432,$1432,$933,938,$0.96,$0.95,$2596,$0,$0,$4306,$527,$105569,$0,$926,$116232,$120538,$92951,$4283,$3970,$12052,$105003,$67,$18114,$1651,$15535,$120538,$892,$0,$-156,$-156,$203,$0,$0,$2300,$2696,$3832,$0,$0,$0,$0,$3845,$3845,$-6930,$-3085,$0,$0,$0,$-137,$-137,$-159,$140,$-156,$555,$0,$-159
23,2012-12-31,23.12,$17.08,1.35,$27.04,0.86,$39.65,0.58,$3.06,7.57,$3.02B,$97.72B,0.03,$4.35B,$15.98B,0.27,$25.36B,$8.29B,32.68%,$25.36B,$4.30B,16.96%,$25.36B,$4.56B,17.99%,$25.36B,$4.56B,17.99%,$25.36B,$4.30B,16.96%,$25.36B,$2.87B,11.30%,$2.87B,$15.98B,19.18%,$2.87B,$15.98B,19.18%,$2.87B,$131.09B,2.26%,$4.30B,$20.33B,22.59%,$6375,$4424,$1951,$0,$949,$5496,$879,$0,$879,$298,$581,$581,$581,$954,$954,$934,939,$0.63,$0.62,$2041,$0,$0,$3017,$564,$117020,$0,$835,$128077,$131094,$97720,$4352,$9186,$17396,$115116,$67,$17387,$2715,$15978,$131094,$2866,$0,$349,$349,$-199,$0,$0,$11362,$11875,$14952,$0,$0,$0,$0,$-22905,$-22905,$5953,$-16952,$1165,$0,$1165,$-86,$-86,$-603,$1469,$1945,$-208,$0,$-603
24,2012-09-30,20.7,$17.05,1.21,$26.61,0.78,$35.26,0.59,$3.02,6.85,$3.99B,$105.33B,0.04,$4.40B,$15.99B,0.28,$24.97B,$8.18B,32.76%,$24.97B,$4.25B,17.01%,$24.97B,$4.49B,17.96%,$24.97B,$4.49B,17.96%,$24.97B,$4.25B,17.01%,$24.97B,$2.82B,11.31%,$2.82B,$15.99B,19.90%,$2.82B,$15.99B,19.90%,$2.82B,$137.84B,2.30%,$4.25B,$20.39B,23.56%,$6847,$4374,$2473,$0,$876,$5367,$1480,$0,$1480,$463,$1017,$1017,$1017,$1547,$1547,$935,939,$1.09,$1.08,$2985,$0,$0,$3990,$625,$122023,$0,$919,$133850,$137840,$105328,$4401,$8863,$16527,$121855,$66,$16969,$3087,$15985,$137840,$2285,$0,$177,$177,$-203,$0,$0,$8890,$9072,$11451,$0,$0,$0,$0,$-18106,$-18106,$5607,$-12499,$1116,$0,$1116,$6,$6,$-445,$1104,$1781,$736,$0,$-445
25,2012-06-30,18.28,$15.15,1.21,$25.73,0.71,$31.08,0.59,$2.74,6.68,$2.88B,$99.41B,0.03,$3.67B,$14.18B,0.26,$24.11B,$7.74B,32.10%,$24.11B,$3.86B,16.00%,$24.11B,$4.08B,16.93%,$24.11B,$4.08B,16.93%,$24.11B,$3.86B,16.00%,$24.11B,$2.54B,10.54%,$2.54B,$14.18B,19.01%,$2.54B,$14.18B,19.01%,$2.54B,$122.21B,2.17%,$3.86B,$17.85B,22.79%,$5902,$4195,$1707,$0,$856,$5161,$741,$0,$741,$258,$483,$483,$483,$803,$803,$934,937,$0.52,$0.52,$2130,$0,$0,$2877,$603,$107938,$0,$830,$119332,$122209,$99413,$3672,$2310,$8617,$108030,$66,$16108,$2171,$14179,$122209,$1268,$0,$463,$463,$-73,$0,$0,$5636,$5668,$7245,$0,$0,$0,$0,$-7432,$-7432,$-626,$-8058,$410,$0,$410,$1,$1,$-296,$610,$725,$-119,$0,$-296
26,2012-03-31,19.59,$14.59,1.34,$24.84,0.79,$28.01,0.7,$2.52,7.77,$2.95B,$93.00B,0.03,$3.96B,$13.64B,0.29,$23.29B,$7.38B,31.69%,$23.29B,$3.56B,15.29%,$23.29B,$3.77B,16.18%,$23.29B,$3.77B,16.18%,$23.29B,$3.56B,15.29%,$23.29B,$2.33B,10.02%,$2.33B,$13.64B,18.20%,$2.33B,$13.64B,18.20%,$2.33B,$115.55B,2.06%,$3.56B,$17.61B,21.95%,$6240,$4081,$2159,$0,$851,$5038,$1202,$0,$1202,$417,$785,$785,$785,$1259,$1259,$932,937,$0.84,$0.84,$2210,$0,$0,$2954,$591,$101640,$0,$825,$112598,$115552,$93004,$3964,$2342,$8905,$101909,$66,$15779,$2000,$13643,$115552,$785,$0,$45,$45,$-17,$0,$0,$2787,$2750,$3556,$0,$0,$0,$0,$-3761,$-3761,$-675,$-4436,$748,$0,$748,$-5,$-5,$-148,$306,$901,$-39,$0,$-148
27,2011-12-31,18.3,$13.88,1.32,$23.60,0.78,$26.51,0.69,$2.10,8.71,$2.93B,$94.59B,0.03,$3.29B,$12.95B,0.25,$22.17B,$6.70B,30.21%,$22.17B,$2.95B,13.31%,$22.17B,$3.15B,14.19%,$22.17B,$3.15B,14.19%,$22.17B,$2.95B,13.31%,$22.17B,$1.94B,8.74%,$1.94B,$12.95B,15.92%,$1.94B,$12.95B,15.92%,$1.94B,$116.24B,1.77%,$2.95B,$16.23B,19.24%,$5979,$4138,$1841,$0,$915,$5156,$823,$0,$823,$285,$538,$538,$538,$876,$876,$933,939,$0.58,$0.57,$2249,$0,$0,$2929,$617,$102015,$0,$887,$113308,$116237,$94593,$3285,$3105,$8698,$103291,$66,$15148,$1965,$12946,$116237,$1937,$0,$1552,$1552,$25,$0,$0,$6897,$7188,$10842,$0,$0,$0,$0,$-11414,$-11414,$585,$-10829,$158,$0,$158,$-282,$-282,$-552,$740,$64,$128,$0,$-552
28,2011-09-30,14.68,$13.62,1.08,$22.83,0.64,$22.34,0.66,$1.98,7.43,$2.89B,$92.99B,0.03,$3.30B,$12.71B,0.26,$21.49B,$6.46B,30.08%,$21.49B,$2.77B,12.89%,$21.49B,$2.96B,13.76%,$21.49B,$2.96B,13.76%,$21.49B,$2.77B,12.89%,$21.49B,$1.82B,8.47%,$1.82B,$12.71B,15.56%,$1.82B,$12.71B,15.56%,$1.82B,$114.72B,1.72%,$2.77B,$16.02B,18.72%,$5987,$3955,$2032,$0,$843,$4895,$1092,$0,$1092,$356,$736,$736,$736,$1144,$1144,$932,936,$0.79,$0.79,$1862,$0,$0,$2890,$626,$99712,$0,$917,$111830,$114720,$92992,$3301,$3501,$9014,$102006,$66,$15191,$1682,$12714,$114720,$1399,$0,$1330,$1330,$1832,$0,$0,$2939,$4831,$7486,$0,$0,$0,$0,$-8415,$-8415,$636,$-7779,$162,$0,$162,$-250,$-250,$-404,$477,$-15,$-259,$0,$-404
29,2011-06-30,19.45,$12.83,1.52,$22.12,0.88,$19.48,1.0,$1.91,10.18,$2.17B,$86.37B,0.03,$3.05B,$11.98B,0.25,$20.89B,$6.31B,30.21%,$20.89B,$2.73B,13.08%,$20.89B,$2.91B,13.91%,$20.89B,$2.91B,13.91%,$20.89B,$2.73B,13.08%,$20.89B,$1.77B,8.49%,$1.77B,$11.98B,15.70%,$1.77B,$11.98B,15.70%,$1.77B,$106.23B,1.75%,$2.73B,$15.03B,19.08%,$5088,$3737,$1351,$0,$816,$4644,$444,$0,$444,$170,$274,$274,$274,$490,$490,$933,940,$0.30,$0.29,$1291,$0,$0,$2170,$611,$92432,$0,$991,$104062,$106232,$86366,$3048,$2651,$7885,$94251,$66,$14587,$1547,$11981,$106232,$663,$0,$1247,$1247,$926,$0,$0,$1718,$2555,$4378,$0,$0,$0,$0,$-5152,$-5152,$118,$-5034,$-1,$0,$-1,$-196,$-196,$-260,$282,$-175,$-830,$0,$-260
30,2011-03-31,21.87,$11.79,1.86,$21.98,0.99,$18.02,1.21,$2.23,9.83,$2.83B,$82.49B,0.03,$3.02B,$11.02B,0.27,$20.78B,$6.66B,32.03%,$20.78B,$3.18B,15.29%,$20.78B,$3.34B,16.07%,$20.78B,$3.34B,16.07%,$20.78B,$3.18B,15.29%,$20.78B,$2.08B,10.01%,$2.08B,$11.02B,19.25%,$2.08B,$11.02B,19.25%,$2.08B,$101.15B,2.13%,$3.18B,$14.04B,23.13%,$5117,$3644,$1473,$0,$795,$4526,$591,$0,$591,$202,$389,$389,$389,$636,$636,$936,944,$0.42,$0.42,$2088,$0,$0,$2826,$604,$87099,$0,$927,$98319,$101145,$82491,$3017,$2737,$7631,$90122,$66,$14448,$715,$11023,$101145,$389,$0,$579,$579,$461,$0,$0,$852,$1161,$2167,$0,$0,$0,$0,$-2048,$-2048,$35,$-2013,$-1,$0,$-1,$-168,$-168,$-135,$133,$-171,$-33,$0,$-135
31,2010-12-31,23.26,$11.77,1.98,$21.92,1.06,$17.08,1.36,$2.48,9.38,$2.78B,$82.46B,0.03,$3.04B,$11.06B,0.28,$20.73B,$6.99B,33.71%,$20.73B,$3.56B,17.18%,$20.73B,$3.71B,17.90%,$20.73B,$3.71B,17.90%,$20.73B,$3.56B,17.18%,$20.73B,$2.33B,11.23%,$2.33B,$11.06B,22.60%,$2.33B,$11.06B,22.60%,$2.33B,$101.04B,2.48%,$3.56B,$14.09B,27.14%,$5293,$3686,$1607,$0,$871,$4650,$643,$0,$643,$222,$421,$421,$421,$687,$687,$938,946,$0.45,$0.44,$2121,$0,$0,$2782,$620,$86847,$0,$1056,$98257,$101039,$82456,$3038,$2520,$7527,$89983,$66,$14194,$862,$11056,$101039,$2328,$0,$422,$422,$1078,$0,$0,$3121,$4336,$6989,$0,$0,$0,$0,$-7092,$-7092,$-340,$-7432,$297,$0,$297,$-76,$-76,$-535,$475,$161,$-202,$0,$-535
32,2010-09-30,21.19,$11.82,1.79,$21.23,1.0,$16.26,1.3,$2.29,9.28,$3.07B,$78.91B,0.04,$3.01B,$11.13B,0.27,$20.04B,$6.61B,33.00%,$20.04B,$3.26B,16.27%,$20.04B,$2.94B,14.68%,$20.04B,$2.94B,14.68%,$20.04B,$3.26B,16.27%,$20.04B,$2.16B,10.77%,$2.16B,$11.13B,22.38%,$2.16B,$11.13B,22.38%,$2.16B,$97.84B,2.41%,$3.26B,$14.14B,26.39%,$5394,$3514,$1880,$0,$748,$4339,$1055,$0,$1055,$365,$690,$690,$690,$1094,$1094,$940,947,$0.74,$0.73,$2434,$0,$0,$3074,$610,$83860,$0,$881,$94769,$97843,$78913,$3008,$2643,$7797,$86710,$66,$13758,$1294,$11133,$97843,$1907,$0,$127,$127,$719,$0,$0,$2172,$2891,$4869,$0,$0,$0,$0,$-4713,$-4713,$-367,$-5080,$292,$0,$292,$34,$34,$-395,$335,$266,$111,$0,$-395
33,2010-06-30,17.39,$10.65,1.63,$20.35,0.85,$15.81,1.1,$1.94,8.96,$2.84B,$73.81B,0.04,$2.65B,$10.03B,0.27,$19.17B,$6.05B,31.58%,$19.17B,$2.75B,14.37%,$19.17B,$2.42B,12.64%,$19.17B,$2.42B,12.64%,$19.17B,$2.75B,14.37%,$19.17B,$1.83B,9.55%,$1.83B,$10.03B,20.74%,$1.83B,$10.03B,20.74%,$1.83B,$91.24B,2.13%,$2.75B,$12.68B,24.27%,$4980,$3283,$1697,$0,$737,$4091,$889,$0,$889,$308,$581,$581,$581,$922,$922,$938,945,$0.62,$0.62,$2184,$0,$0,$2843,$594,$78052,$0,$809,$88396,$91239,$73810,$2653,$2782,$7399,$81209,$66,$13340,$629,$10030,$91239,$1217,$0,$135,$135,$423,$0,$0,$1309,$1913,$3023,$0,$0,$0,$0,$-3299,$-3299,$123,$-3176,$-2,$0,$-2,$31,$31,$-262,$226,$-7,$-139,$0,$-262
34,2010-03-31,21.99,$9.57,2.3,$19.68,1.12,$15.68,1.4,$1.66,13.25,$2.28B,$69.50B,0.03,$2.58B,$8.99B,0.29,$18.50B,$5.57B,30.08%,$18.50B,$2.34B,12.64%,$18.50B,$2.44B,13.16%,$18.50B,$2.44B,13.16%,$18.50B,$2.34B,12.64%,$18.50B,$1.56B,8.45%,$1.56B,$8.99B,19.77%,$1.56B,$8.99B,19.77%,$1.56B,$85.18B,1.91%,$2.34B,$11.57B,22.79%,$5065,$3260,$1805,$0,$761,$4091,$974,$0,$974,$338,$636,$636,$636,$1007,$1007,$936,945,$0.68,$0.68,$1611,$0,$0,$2282,$583,$73041,$0,$750,$82896,$85178,$69504,$2584,$2474,$6687,$76191,$66,$12890,$93,$8987,$85178,$636,$0,$46,$46,$235,$0,$0,$629,$793,$1278,$0,$0,$0,$0,$-1978,$-1978,$9,$-1969,$-1,$0,$-1,$2,$2,$-131,$107,$-23,$-712,$0,$-131
35,2009-12-31,18.62,$8.98,2.07,$19.48,0.96,$16.09,1.16,$1.60,11.67,$3.09B,$69.25B,0.05,$2.60B,$8.42B,0.31,$18.25B,$5.38B,29.46%,$18.25B,$2.24B,12.24%,$18.25B,$2.31B,12.64%,$18.25B,$2.31B,12.64%,$18.25B,$2.24B,12.24%,$18.25B,$1.50B,8.20%,$1.50B,$8.42B,21.50%,$1.50B,$8.42B,21.50%,$1.50B,$84.11B,1.90%,$2.24B,$11.02B,24.67%,$4597,$3367,$1230,$0,$1270,$4255,$342,$0,$342,$91,$251,$251,$251,$-81,$-81,$933,938,$0.27,$0.27,$2323,$0,$0,$3087,$593,$71518,$0,$375,$81019,$84106,$69245,$2599,$2192,$6444,$75689,$66,$12410,$29,$8417,$84106,$1497,$0,$1212,$1212,$406,$0,$0,$2661,$3206,$6161,$0,$0,$-83,$0,$-4107,$-4107,$-1286,$-5476,$845,$0,$845,$7,$7,$-524,$371,$699,$1382,$0,$-524
36,2009-09-30,17.1,$8.43,2.03,$19.03,0.9,$14.71,1.16,$1.54,11.11,$2.65B,$69.54B,0.04,$2.23B,$7.88B,0.28,$17.92B,$5.19B,28.96%,$17.92B,$2.19B,12.24%,$17.92B,$2.70B,15.05%,$17.92B,$2.70B,15.05%,$17.92B,$2.19B,12.24%,$17.92B,$1.44B,8.05%,$1.44B,$7.88B,22.14%,$1.44B,$7.88B,22.14%,$1.44B,$82.62B,1.86%,$2.19B,$10.11B,26.12%,$4526,$3205,$1321,$0,$703,$3977,$549,$0,$549,$186,$363,$363,$363,$574,$574,$933,939,$0.39,$0.39,$1804,$0,$0,$2653,$599,$70454,$0,$358,$79963,$82616,$69543,$2231,$1599,$5191,$74734,$66,$12290,$-368,$7882,$82616,$1245,$0,$739,$739,$228,$0,$0,$1965,$2299,$4403,$0,$0,$0,$0,$-2283,$-2283,$-1604,$-3887,$460,$0,$460,$2,$2,$-393,$277,$346,$863,$0,$-393
37,2009-06-30,12.35,$6.79,1.82,$18.05,0.68,$13.81,0.89,$1.26,9.8,$2.53B,$64.80B,0.04,$1.99B,$6.35B,0.31,$17.08B,$4.65B,27.23%,$17.08B,$1.79B,10.49%,$17.08B,$2.28B,13.33%,$17.08B,$2.28B,13.33%,$17.08B,$1.79B,10.49%,$17.08B,$1.18B,6.91%,$1.18B,$6.35B,19.12%,$1.18B,$6.35B,19.12%,$1.18B,$76.04B,1.59%,$1.79B,$8.34B,22.73%,$4313,$3104,$1209,$0,$239,$3840,$473,$0,$473,$159,$314,$314,$314,$935,$935,$933,937,$0.34,$0.34,$1689,$0,$0,$2529,$579,$64510,$0,$334,$73512,$76041,$64795,$1992,$2024,$4896,$69691,$66,$12058,$-1652,$6350,$76041,$882,$0,$392,$392,$125,$0,$0,$1275,$1617,$2874,$0,$0,$0,$0,$-1198,$-1198,$-1110,$-2308,$296,$0,$296,$2,$2,$-262,$167,$203,$748,$0,$-262
38,2009-03-31,7.63,$5.56,1.37,$17.95,0.43,$13.30,0.57,$1.43,5.36,$1.86B,$62.66B,0.03,$1.57B,$5.20B,0.3,$17.11B,$4.84B,28.31%,$17.11B,$2.06B,12.04%,$17.11B,$2.09B,12.21%,$17.11B,$2.09B,12.21%,$17.11B,$2.06B,12.04%,$17.11B,$1.35B,7.89%,$1.35B,$5.20B,20.57%,$1.35B,$5.20B,20.57%,$1.35B,$71.82B,1.85%,$2.06B,$6.77B,25.23%,$4818,$3200,$1618,$0,$707,$3947,$871,$0,$871,$302,$569,$569,$569,$879,$879,$932,934,$0.61,$0.61,$1196,$0,$0,$1863,$570,$61132,$0,$363,$69952,$71815,$62664,$1573,$2011,$3952,$66616,$66,$11875,$-2608,$5199,$71815,$569,$0,$12,$12,$257,$0,$0,$666,$1110,$1649,$0,$0,$0,$0,$318,$318,$-1643,$-1325,$-1,$0,$-1,$2,$2,$-131,$85,$-45,$255,$0,$-131
39,2008-12-31,17.83,$7.11,2.51,$17.20,1.04,$12.77,1.4,$1.31,13.66,$1.86B,$66.22B,0.03,$1.72B,$6.64B,0.26,$16.55B,$4.60B,27.76%,$16.55B,$1.91B,11.56%,$16.55B,$1.94B,11.74%,$16.55B,$1.94B,11.74%,$16.55B,$1.91B,11.56%,$16.55B,$1.25B,7.58%,$1.25B,$6.64B,17.19%,$1.25B,$6.64B,17.19%,$1.25B,$79.33B,1.71%,$1.91B,$8.36B,21.50%,$4260,$3220,$1040,$0,$697,$3960,$300,$0,$300,$103,$197,$197,$197,$308,$308,$947,958,$0.22,$0.22,$941,$0,$0,$1861,$597,$68259,$0,$377,$77470,$79331,$66219,$1721,$3551,$6473,$72692,$66,$11306,$-582,$6639,$79331,$1254,$0,$1007,$1007,$-10,$0,$0,$2773,$2492,$4965,$0,$0,$0,$0,$-4891,$-4891,$608,$-4283,$-5,$0,$-5,$-1458,$-1458,$-434,$514,$-1383,$-622,$0,$-434
40,2008-09-30,22.71,$6.82,3.33,$16.82,1.35,$12.29,1.85,$1.49,15.29,$1.34B,$58.18B,0.02,$1.57B,$6.50B,0.24,$16.31B,$4.80B,29.41%,$16.31B,$2.20B,13.49%,$16.31B,$2.23B,13.66%,$16.31B,$2.23B,13.66%,$16.31B,$2.20B,13.49%,$16.31B,$1.44B,8.83%,$1.44B,$6.50B,18.39%,$1.44B,$6.50B,18.39%,$1.44B,$70.46B,2.06%,$2.20B,$8.07B,23.46%,$3691,$2906,$785,$0,$600,$3543,$148,$0,$148,$48,$100,$100,$100,$155,$155,$951,961,$0.11,$0.11,$514,$0,$0,$1337,$542,$60800,$0,$333,$69120,$70457,$58175,$1568,$2774,$5782,$63957,$66,$11352,$-589,$6500,$70457,$1057,$0,$605,$605,$2,$0,$0,$2077,$1919,$3648,$0,$0,$0,$0,$-3640,$-3640,$405,$-3235,$-3,$0,$-3,$-1604,$-1604,$-327,$442,$-1492,$-1049,$0,$-327
41,2008-06-30,24.17,$8.30,2.91,$16.90,1.43,$11.89,2.03,$1.81,13.39,$2.39B,$55.88B,0.04,$1.54B,$7.90B,0.2,$16.48B,$5.21B,31.62%,$16.48B,$2.69B,16.35%,$16.48B,$2.72B,16.51%,$16.48B,$2.72B,16.51%,$16.48B,$2.69B,16.35%,$16.48B,$1.76B,10.68%,$1.76B,$7.90B,21.15%,$1.76B,$7.90B,21.15%,$1.76B,$70.55B,2.59%,$2.69B,$9.44B,27.39%,$4336,$2937,$1399,$0,$616,$3596,$740,$0,$740,$257,$483,$483,$483,$747,$747,$949,962,$0.51,$0.50,$1387,$0,$0,$2389,$529,$60112,$0,$328,$68163,$70552,$55881,$1539,$3180,$6772,$62653,$66,$11366,$9,$7899,$70552,$957,$0,$8,$8,$14,$0,$0,$1381,$1503,$2454,$0,$0,$0,$0,$-2484,$-2484,$670,$-1814,$-2,$0,$-2,$-785,$-785,$-218,$164,$-841,$-176,$0,$-218
42,2008-03-31,24.91,$8.56,2.91,$16.20,1.54,$11.69,2.13,$1.73,14.44,$1.57B,$57.80B,0.03,$1.61B,$8.13B,0.2,$15.91B,$4.98B,31.33%,$15.91B,$2.59B,16.27%,$15.91B,$2.62B,16.44%,$15.91B,$2.62B,16.44%,$15.91B,$2.59B,16.27%,$15.91B,$1.69B,10.64%,$1.69B,$8.13B,20.16%,$1.69B,$8.13B,20.16%,$1.69B,$72.27B,2.59%,$2.59B,$9.74B,26.23%,$4267,$2896,$1371,$0,$605,$3541,$726,$0,$726,$252,$474,$474,$474,$733,$733,$956,969,$0.50,$0.49,$908,$0,$0,$1573,$548,$62449,$0,$345,$70696,$72269,$57796,$1606,$2636,$6339,$64135,$66,$10997,$627,$8134,$72269,$474,$0,$7,$7,$134,$0,$0,$681,$698,$1196,$0,$0,$0,$0,$-1183,$-1183,$81,$-1102,$-1,$0,$-1,$-755,$-755,$-109,$76,$-789,$-655,$0,$-109
43,2007-12-31,23.93,$9.04,2.65,$15.57,1.54,$11.64,2.05,$1.66,14.46,$2.30B,$50.68B,0.05,$1.47B,$8.80B,0.17,$15.39B,$4.78B,31.03%,$15.39B,$2.50B,16.23%,$15.39B,$2.53B,16.41%,$15.39B,$2.53B,16.41%,$15.39B,$2.50B,16.23%,$15.39B,$1.63B,10.62%,$1.63B,$8.80B,19.27%,$1.63B,$8.80B,19.27%,$1.63B,$65.81B,2.61%,$2.50B,$10.26B,25.20%,$4017,$2775,$1242,$0,$611,$3431,$586,$0,$586,$203,$383,$383,$383,$593,$593,$976,988,$0.40,$0.39,$1563,$0,$0,$2295,$496,$56054,$0,$306,$63510,$65805,$50676,$1465,$2338,$6334,$57010,$66,$10637,$934,$8795,$65805,$1634,$0,$-28,$-28,$-176,$0,$0,$2740,$2985,$4656,$0,$0,$0,$0,$-3576,$-3576,$-78,$-3654,$-5,$0,$-5,$-559,$-559,$-373,$282,$-655,$360,$0,$-373
44,2007-09-30,21.71,$8.66,2.51,$15.18,1.43,$11.29,1.92,$1.60,13.57,$2.02B,$49.34B,0.04,$1.45B,$8.45B,0.17,$15.06B,$4.59B,30.49%,$15.06B,$2.42B,16.07%,$15.06B,$2.45B,16.24%,$15.06B,$2.45B,16.24%,$15.06B,$2.42B,16.07%,$15.06B,$1.58B,10.52%,$1.58B,$8.45B,18.93%,$1.58B,$8.45B,18.93%,$1.58B,$63.58B,2.59%,$2.42B,$9.91B,24.72%,$3861,$2662,$1199,$0,$523,$3219,$642,$0,$642,$222,$420,$420,$420,$648,$648,$974,986,$0.43,$0.43,$1328,$0,$0,$2016,$480,$54294,$0,$305,$61560,$63576,$49335,$1454,$2076,$5790,$55125,$66,$10354,$792,$8451,$63576,$1251,$0,$-28,$-28,$-140,$0,$0,$2073,$2145,$3342,$0,$0,$0,$0,$-2516,$-2516,$-198,$-2714,$-4,$0,$-4,$-442,$-442,$-277,$213,$-510,$125,$0,$-277
45,2007-06-30,19.49,$8.38,2.32,$14.92,1.31,$11.14,1.75,$1.54,12.66,$1.93B,$45.72B,0.04,$1.39B,$8.19B,0.17,$14.88B,$4.45B,29.92%,$14.88B,$2.34B,15.70%,$14.88B,$2.36B,15.86%,$14.88B,$2.36B,15.86%,$14.88B,$2.34B,15.70%,$14.88B,$1.53B,10.29%,$1.53B,$8.19B,18.53%,$1.53B,$8.19B,18.53%,$1.53B,$60.11B,2.56%,$2.34B,$9.58B,24.12%,$3764,$2592,$1172,$0,$506,$3129,$635,$0,$635,$220,$415,$415,$415,$641,$641,$976,988,$0.43,$0.42,$1406,$0,$0,$1929,$457,$51350,$0,$282,$58185,$60114,$45722,$1392,$2450,$6202,$51924,$66,$10034,$785,$8190,$60114,$831,$0,$-27,$-27,$9,$0,$0,$1366,$1606,$2329,$0,$0,$0,$0,$-2025,$-2025,$283,$-1742,$-3,$0,$-3,$-332,$-332,$-182,$142,$-375,$203,$0,$-182
46,2007-03-31,17.77,$8.68,2.05,$14.79,1.2,$10.94,1.62,$1.53,11.66,$1.34B,$46.65B,0.03,$1.43B,$8.49B,0.17,$14.81B,$4.40B,29.74%,$14.81B,$2.33B,15.70%,$14.81B,$2.35B,15.85%,$14.81B,$2.35B,15.85%,$14.81B,$2.33B,15.70%,$14.81B,$1.52B,10.29%,$1.52B,$8.49B,19.03%,$1.52B,$8.49B,19.03%,$1.52B,$61.19B,2.57%,$2.33B,$9.92B,24.87%,$3751,$2587,$1164,$0,$491,$3115,$636,$0,$636,$220,$416,$416,$416,$644,$644,$981,993,$0.43,$0.42,$834,$0,$0,$1336,$471,$52942,$0,$286,$59856,$61192,$46651,$1434,$2143,$6052,$52703,$66,$9720,$1357,$8489,$61192,$416,$0,$-13,$-13,$39,$0,$0,$699,$797,$1176,$0,$0,$0,$0,$-1453,$-1453,$165,$-1288,$-1,$0,$-1,$-233,$-233,$-86,$61,$-259,$-369,$0,$-86
47,2006-12-31,17.31,$8.47,2.04,$14.54,1.19,$10.77,1.61,$1.48,11.73,$1.74B,$45.44B,0.04,$1.43B,$8.34B,0.17,$14.62B,$4.30B,29.40%,$14.62B,$2.26B,15.49%,$14.62B,$2.28B,15.62%,$14.62B,$2.28B,15.62%,$14.62B,$2.26B,15.49%,$14.62B,$1.48B,10.15%,$1.48B,$8.34B,19.07%,$1.48B,$8.34B,19.07%,$1.48B,$59.81B,2.56%,$2.26B,$9.77B,24.85%,$3688,$2630,$1058,$0,$515,$3180,$508,$0,$508,$175,$333,$333,$333,$513,$513,$991,1004,$0.34,$0.34,$1203,$0,$0,$1738,$458,$51307,$0,$277,$58067,$59805,$45440,$1426,$2136,$6024,$51464,$66,$9304,$1426,$8341,$59805,$1483,$0,$-79,$-79,$-41,$0,$0,$2830,$2969,$4397,$-23,$0,$0,$0,$-4224,$-4224,$190,$-4057,$5,$0,$5,$-428,$-428,$-258,$247,$-434,$-94,$0,$-258
