,Date,Stock Price,Book Value per Share,Price to Book Ratio,TTM Sales per Share,Price to Sales Ratio,TTM FCF per Share,Price to FCF Ratio,TTM Net EPS,PE Ratio,Current Assets,Current Liabilities,Current Ratio,Long Term Debt,Shareholder's Equity_x,Debt to Equity Ratio,TTM Revenue_x,TTM Gross Profit,Gross Margin,TTM Revenue_y,TTM Operating Income,Operating Margin,TTM Revenue_x,TTM EBIT,EBIT Margin,TTM Revenue_y,TTM EBITDA,EBITDA Margin,TTM Revenue_x,TTM Pre-Tax Income,Pre-Tax Margin,TTM Revenue_y,TTM Net Income_x,Net Margin,TTM Net Income_y,Shareholder's Equity_y,Return on Equity,TTM Net Income_x,Tangible Equity,Return on Tangible Equity,TTM Net Income_y,Total Assets,Return on Assets,TTM Net Income,LT Investments & Debt,Return on Investment,revenue,cost-goods-sold,gross-profit,research-development-expenses,selling-general-administrative-expenses,operating-expenses,operating-income,total-non-operating-income-expense,pre-tax-income,total-provision-income-taxes,income-after-taxes,income-from-continuous-operations,net-income,ebitda,ebit,basic-shares-outstanding,shares-outstanding,eps-basic-net-earnings-per-share,eps-earnings-per-share-diluted,cash-on-hand,inventory,other-current-assets,total-current-assets,net-property-plant-equipment,long-term-investments,goodwill-intangible-assets-total,other-long-term-assets,total-long-term-assets,total-assets,total-current-liabilities,long-term-debt,other-non-current-liabilities,total-long-term-liabilities,total-liabilities,common-stock-net,retained-earnings-accumulated-deficit,comprehensive-income,total-share-holder-equity,total-liabilities-share-holders-equity,net-income-loss,total-depreciation-amortization-cash-flow,other-non-cash-items,total-non-cash-items,change-in-accounts-receivable,change-in-inventories,change-in-accounts-payable,change-in-assets-liabilities,total-change-in-assets-liabilities,cash-flow-from-operating-activities,net-change-in-property-plant-equipment,net-change-in-intangible-assets,net-acquisitions-divestitures,net-change-in-short-term-investments,net-change-in-long-term-investments,net-change-in-investments-total,investing-activities-other,cash-flow-from-investing-activities,net-long-term-debt,net-current-debt,debt-issuance-retirement-net-total,net-common-equity-issued-repurchased,net-total-equity-issued-repurchased,total-common-preferred-stock-dividends-paid,financial-activities-other,cash-flow-from-financial-activities,net-cash-flow,stock-based-compensation,common-stock-dividends-paid
0,2018-09-30,14.52,$17.50,0.83,$33.32,0.44,$1.80,8.05,$2.77,5.24,$10.21B,$20.26B,0.5,$1.33B,$2.55B,0.52,$6.50B,$0.23B,3.60%,$6.50B,$0.09B,1.35%,$6.50B,$0.09B,1.35%,$6.50B,$0.09B,1.35%,$6.50B,$0.21B,3.16%,$6.50B,$0.19B,2.96%,$0.19B,$3.46B,5.35%,$0.19B,$2.61B,7.12%,$0.19B,$25.69B,0.75%,$0.09B,$4.78B,1.80%,$1563,$1234,$329,$0,$380,$1614,$-52,$-9,$-61,$-22,$-39,$-71,$-85,$-52,$-52,$198,198,$-0.43,$-0.43,$994,$0,$0,$10208,$406,$9319,$855,$3919,$15482,$25690,$20262,$1325,$643,$1968,$22231,$2,$1289,$-212,$3459,$25690,$0,$0,$0,$0,$0,$0,$0,$0,$0,$360,$-2,$0,$536,$-4,$-1223,$-1227,$0,$-693,$15,$0,$15,$0,$0,$-116,$115,$14,$-249,$0,$-67
1,2018-06-30,14.57,$18.23,0.8,$33.81,0.43,$-1.37,0.0,$1.88,7.75,$10.39B,$20.08B,0.52,$1.32B,$2.69B,0.49,$6.58B,$0.12B,1.76%,$6.58B,$0.00B,0.06%,$6.58B,$0.00B,0.06%,$6.58B,$0.00B,0.06%,$6.58B,$0.05B,0.68%,$6.58B,$0.10B,1.55%,$0.10B,$3.60B,2.80%,$0.10B,$2.72B,3.87%,$0.10B,$25.76B,0.40%,$0.00B,$4.92B,0.08%,$1407,$1055,$352,$0,$420,$1475,$-68,$-34,$-101,$-4,$-97,$-97,$-116,$-68,$-68,$197,197,$-0.59,$-0.59,$1201,$0,$0,$10394,$421,$9255,$880,$3830,$15368,$25761,$20075,$1315,$770,$2085,$22160,$2,$1374,$-151,$3601,$25761,$0,$0,$0,$0,$0,$0,$0,$0,$0,$324,$-5,$0,$538,$26,$-994,$-968,$0,$-435,$10,$0,$10,$-3,$-3,$-100,$99,$5,$-42,$0,$-67
2,2018-03-31,12.31,$20.03,0.61,$35.59,0.35,$-2.50,0.0,$2.50,4.92,$10.15B,$19.97B,0.51,$1.29B,$3.02B,0.43,$6.79B,$0.20B,2.87%,$6.79B,$0.10B,1.40%,$6.79B,$0.10B,1.40%,$6.79B,$0.10B,1.40%,$6.79B,$0.09B,1.27%,$6.79B,$0.22B,3.30%,$0.22B,$3.93B,6.02%,$0.22B,$3.03B,8.63%,$0.22B,$25.70B,0.88%,$0.10B,$5.23B,1.90%,$2273,$1188,$1086,$0,$428,$1616,$658,$4,$661,$-15,$676,$676,$662,$658,$658,$196,197,$3.37,$3.36,$1137,$0,$0,$10151,$444,$9356,$902,$3878,$15550,$25701,$19971,$1293,$505,$1797,$21769,$2,$1490,$-49,$3932,$25701,$0,$0,$0,$0,$0,$0,$0,$0,$0,$296,$-8,$0,$539,$-24,$-954,$-978,$0,$-447,$-2,$0,$-2,$0,$0,$-50,$-3,$-55,$-106,$0,$-33
3,2017-12-31,9.93,$17.18,0.58,$32.40,0.31,$-3.43,0.0,$-0.73,0.0,$10.23B,$19.31B,0.53,$1.29B,$2.45B,0.53,$5.96B,$-0.45B,-7.62%,$5.96B,$-0.45B,-7.62%,$5.96B,$-0.45B,-7.62%,$5.96B,$-0.45B,-7.62%,$5.96B,$-0.51B,-8.51%,$5.96B,$-0.42B,-6.96%,$-0.42B,$3.37B,-11.47%,$-0.42B,$2.43B,-17.28%,$-0.42B,$25.22B,-1.66%,$-0.45B,$4.66B,-9.25%,$1253,$2786,$-1533,$0,$0,$1703,$-450,$157,$-294,$-38,$-255,$-255,$-269,$-450,$-450,$186,186,$-1.50,$-1.50,$1243,$0,$0,$10233,$453,$8214,$934,$4461,$14985,$25219,$19309,$1289,$1251,$2541,$21851,$2,$861,$16,$3368,$25219,$-335,$171,$-51,$121,$-1682,$0,$423,$1097,$-161,$-375,$-199,$0,$-103,$-214,$455,$241,$695,$634,$46,$0,$46,$297,$297,$-191,$-210,$-58,$195,$27,$-125
4,2017-09-30,13.06,$18.85,0.69,$33.80,0.39,$4.24,3.08,$-0.16,0.0,$10.63B,$20.33B,0.52,$1.29B,$2.78B,0.46,$6.13B,$1.15B,18.72%,$6.13B,$0.06B,1.04%,$6.13B,$0.06B,1.04%,$6.13B,$0.09B,1.49%,$6.13B,$-0.10B,-1.68%,$6.13B,$-0.08B,-1.22%,$-0.08B,$3.69B,-2.06%,$-0.08B,$2.37B,-3.19%,$-0.08B,$25.83B,-0.31%,$0.06B,$4.98B,1.30%,$1645,$1434,$211,$0,$347,$1781,$-136,$-86,$-221,$-63,$-159,$-159,$-175,$-136,$-136,$196,196,$-0.89,$-0.89,$1646,$0,$0,$10629,$458,$8051,$1329,$4168,$15198,$25827,$20327,$1288,$516,$1805,$22133,$2,$1163,$42,$3694,$25827,$0,$0,$0,$0,$0,$0,$0,$0,$0,$-74,$-193,$0,$-98,$25,$450,$475,$196,$380,$47,$0,$47,$299,$299,$-141,$-208,$-4,$365,$0,$-91
5,2017-06-30,14.5,$19.90,0.73,$33.48,0.43,$10.05,1.44,$1.33,10.9,$10.24B,$19.93B,0.51,$1.29B,$2.98B,0.43,$5.88B,$1.08B,18.37%,$5.88B,$0.34B,5.85%,$5.88B,$0.34B,5.85%,$5.88B,$0.42B,7.16%,$5.88B,$0.23B,3.98%,$5.88B,$0.18B,3.08%,$0.18B,$3.90B,5.04%,$0.18B,$2.55B,7.68%,$0.18B,$25.33B,0.78%,$0.34B,$5.18B,7.09%,$1620,$1190,$431,$0,$408,$1598,$23,$-83,$-60,$-20,$-40,$29,$6,$23,$23,$181,182,$0.03,$0.03,$1747,$0,$0,$10236,$462,$8194,$1348,$3967,$15092,$25328,$19927,$1285,$219,$1504,$21432,$2,$1370,$-5,$3896,$25328,$0,$0,$0,$0,$0,$0,$0,$0,$0,$278,$-189,$-98,$0,$50,$229,$279,$33,$26,$46,$0,$46,$297,$297,$-91,$-121,$131,$453,$0,$-58
6,2017-03-31,17.49,$20.51,0.85,$32.39,0.54,$12.79,1.37,$2.08,8.41,$8.69B,$18.65B,0.47,$1.31B,$2.60B,0.5,$5.63B,$0.81B,14.35%,$5.63B,$0.48B,8.52%,$5.63B,$0.48B,8.52%,$5.63B,$0.59B,10.55%,$5.63B,$0.46B,8.13%,$5.63B,$0.30B,5.36%,$0.30B,$3.51B,8.84%,$0.30B,$2.26B,13.29%,$0.30B,$23.88B,1.35%,$0.48B,$4.82B,10.28%,$1441,$1003,$437,$0,$328,$1331,$109,$-42,$68,$21,$46,$50,$23,$109,$109,$171,173,$0.13,$0.13,$1237,$0,$0,$8693,$452,$8595,$1251,$3867,$15191,$23884,$18645,$1307,$419,$1727,$20372,$2,$1399,$-98,$3512,$23884,$0,$0,$0,$0,$0,$0,$0,$0,$0,$249,$-156,$0,$-28,$1,$-284,$-283,$3,$-464,$70,$0,$70,$0,$0,$-46,$144,$168,$-44,$0,$-29
7,2016-12-31,25.71,$20.33,1.26,$31.13,0.83,$15.96,1.61,$2.51,10.24,$8.52B,$17.65B,0.48,$1.24B,$2.55B,0.48,$5.45B,$0.52B,9.45%,$5.45B,$0.52B,9.45%,$5.45B,$0.52B,9.45%,$5.45B,$0.66B,12.13%,$5.45B,$0.50B,9.17%,$5.45B,$0.36B,6.66%,$0.36B,$3.47B,10.77%,$0.36B,$2.22B,15.51%,$0.36B,$22.62B,1.73%,$0.52B,$4.70B,11.34%,$1420,$1352,$68,$0,$0,$1352,$68,$42,$110,$19,$91,$94,$71,$95,$68,$173,175,$0.42,$0.41,$1281,$0,$0,$8523,$314,$8009,$1243,$3596,$14092,$22615,$17645,$1235,$268,$1504,$19149,$2,$1405,$-126,$3466,$22615,$430,$147,$-60,$86,$-1023,$0,$561,$862,$400,$917,$-117,$0,$-402,$32,$-971,$-939,$-148,$-1606,$37,$0,$37,$-156,$261,$-156,$126,$268,$-436,$23,$-108
8,2016-09-30,24.87,$20.42,1.22,$30.04,0.83,$16.49,1.51,$2.31,10.77,$8.29B,$16.85B,0.49,$1.24B,$2.57B,0.48,$5.22B,$0.50B,9.55%,$5.22B,$0.50B,9.55%,$5.22B,$0.50B,9.55%,$5.22B,$0.64B,12.33%,$5.22B,$0.44B,8.45%,$5.22B,$0.33B,6.23%,$0.33B,$3.48B,10.07%,$0.33B,$2.40B,14.07%,$0.33B,$21.56B,1.66%,$0.50B,$4.72B,11.47%,$1398,$1254,$144,$0,$0,$1254,$144,$-28,$116,$23,$93,$95,$81,$194,$144,$171,173,$0.47,$0.47,$1691,$0,$0,$8291,$325,$7583,$1085,$3357,$13273,$21564,$16847,$1235,$0,$1237,$18083,$2,$1363,$-46,$3480,$21564,$337,$119,$-6,$113,$-670,$0,$320,$781,$431,$881,$-112,$0,$-139,$-138,$-346,$-484,$-138,$-873,$40,$0,$40,$-152,$265,$-110,$-48,$147,$129,$17,$-79
9,2016-06-30,22.71,$18.60,1.22,$29.20,0.78,$14.90,1.52,$2.80,8.13,$8.28B,$16.73B,0.5,$1.23B,$2.58B,0.48,$5.03B,$0.48B,9.54%,$5.03B,$0.48B,9.54%,$5.03B,$0.48B,9.54%,$5.03B,$0.60B,12.00%,$5.03B,$0.50B,9.87%,$5.03B,$0.43B,8.54%,$0.43B,$3.21B,14.06%,$0.43B,$2.21B,19.59%,$0.43B,$21.17B,2.33%,$0.48B,$4.44B,11.67%,$1372,$1213,$159,$0,$0,$1213,$159,$5,$164,$24,$140,$145,$127,$196,$159,$173,175,$0.73,$0.73,$1720,$0,$0,$8284,$317,$7372,$999,$3352,$12883,$21167,$16728,$1230,$0,$1231,$17959,$2,$1311,$-30,$3208,$21167,$241,$70,$-16,$54,$-579,$0,$444,$488,$354,$649,$-84,$0,$-119,$-3,$-425,$-428,$-203,$-834,$36,$0,$36,$-103,$36,$-73,$331,$330,$124,$12,$-53
10,2016-03-31,23.84,$18.95,1.26,$27.90,0.85,$12.56,1.9,$2.44,9.79,$6.83B,$14.04B,0.49,$0.99B,$2.70B,0.37,$4.76B,$0.43B,9.12%,$4.76B,$0.43B,9.12%,$4.76B,$0.43B,9.12%,$4.76B,$0.54B,11.41%,$4.76B,$0.38B,7.90%,$4.76B,$0.35B,7.33%,$0.35B,$3.32B,11.98%,$0.35B,$2.54B,16.52%,$0.35B,$18.36B,2.04%,$0.43B,$4.32B,11.14%,$1260,$1117,$144,$0,$0,$1117,$144,$-34,$110,$19,$91,$97,$84,$176,$144,$176,178,$0.48,$0.47,$1358,$0,$0,$6832,$292,$6800,$788,$2882,$11524,$18356,$14038,$993,$0,$994,$15032,$2,$1408,$-97,$3324,$18356,$97,$33,$11,$44,$-376,$0,$685,$253,$561,$702,$-41,$0,$4,$-65,$-680,$-745,$29,$-753,$-2,$0,$-2,$-14,$125,$-35,$-13,$75,$19,$6,$-26
11,2015-12-31,28.2,$16.49,1.71,$27.48,1.03,$9.88,2.86,$2.80,10.07,$6.63B,$13.31B,0.5,$0.99B,$2.42B,0.41,$4.61B,$0.46B,9.95%,$4.61B,$0.46B,9.95%,$4.61B,$0.46B,9.95%,$4.61B,$0.56B,12.16%,$4.61B,$0.47B,10.21%,$4.61B,$0.42B,9.10%,$0.42B,$2.90B,15.33%,$0.42B,$2.10B,21.60%,$0.42B,$17.27B,2.58%,$0.46B,$3.89B,12.68%,$1186,$1135,$51,$0,$0,$1135,$51,$0,$51,$12,$39,$41,$33,$77,$51,$165,168,$0.19,$0.19,$1385,$0,$0,$6628,$257,$5878,$800,$3009,$10638,$17266,$13310,$993,$62,$1056,$14366,$2,$1152,$-133,$2900,$17266,$458,$102,$2,$104,$-957,$0,$644,$763,$450,$1011,$-152,$0,$-242,$-0,$-1155,$-1155,$-90,$-1639,$236,$0,$236,$484,$660,$-117,$-13,$766,$123,$23,$-85
12,2015-09-30,28.71,$16.88,1.7,$26.62,1.08,$11.40,2.52,$2.87,10.0,$6.44B,$13.14B,0.49,$1.01B,$2.32B,0.44,$4.41B,$0.42B,9.54%,$4.41B,$0.42B,9.54%,$4.41B,$0.42B,9.54%,$4.41B,$0.52B,11.70%,$4.41B,$0.46B,10.45%,$4.41B,$0.43B,9.68%,$0.43B,$2.80B,16.66%,$0.43B,$1.94B,23.70%,$0.43B,$16.95B,2.77%,$0.42B,$3.81B,12.44%,$1216,$1091,$126,$0,$0,$1091,$126,$46,$172,$-11,$183,$196,$186,$155,$126,$165,168,$1.12,$1.10,$1168,$0,$0,$6442,$226,$5574,$863,$3134,$10511,$16952,$13141,$1010,$0,$1011,$14153,$1,$1297,$-61,$2799,$16952,$395,$76,$-52,$24,$-1062,$0,$1046,$182,$166,$585,$-104,$0,$-220,$-6,$-710,$-716,$15,$-1024,$238,$0,$238,$171,$348,$-83,$-16,$486,$39,$17,$-60
13,2015-06-30,29.72,$15.93,1.87,$26.14,1.14,$13.78,2.16,$2.77,10.73,$6.27B,$12.37B,0.51,$0.93B,$2.15B,0.43,$4.27B,$0.43B,10.03%,$4.27B,$0.43B,10.03%,$4.27B,$0.43B,10.03%,$4.27B,$0.51B,12.05%,$4.27B,$0.43B,10.17%,$4.27B,$0.40B,9.30%,$0.40B,$2.63B,16.55%,$0.40B,$1.88B,23.73%,$0.40B,$15.97B,2.75%,$0.43B,$3.56B,13.73%,$1099,$986,$113,$0,$0,$986,$113,$-70,$43,$-9,$52,$56,$46,$135,$113,$165,168,$0.28,$0.27,$1095,$0,$0,$6271,$181,$5280,$753,$2787,$9696,$15967,$12371,$928,$0,$964,$13335,$1,$1139,$-49,$2632,$15967,$199,$47,$26,$73,$-947,$0,$660,$212,$-76,$195,$-47,$0,$-121,$61,$-599,$-538,$18,$-688,$158,$0,$158,$172,$348,$-54,$32,$484,$-11,$10,$-40
14,2015-03-31,25.75,$15.94,1.62,$25.94,0.99,$16.88,1.53,$3.02,8.54,$5.89B,$11.53B,0.51,$0.59B,$2.14B,0.28,$4.18B,$0.44B,10.60%,$4.18B,$0.44B,10.60%,$4.18B,$0.44B,10.60%,$4.18B,$0.53B,12.63%,$4.18B,$0.51B,12.18%,$4.18B,$0.46B,10.94%,$0.46B,$2.63B,20.70%,$0.46B,$1.86B,30.63%,$0.46B,$14.81B,3.34%,$0.44B,$3.22B,15.63%,$1112,$943,$169,$0,$0,$943,$169,$36,$205,$47,$159,$164,$155,$194,$169,$162,167,$0.95,$0.93,$1215,$0,$0,$5894,$167,$4801,$761,$2536,$8918,$14812,$11528,$593,$0,$659,$12187,$1,$1089,$-2,$2625,$14812,$164,$25,$-55,$-30,$-373,$0,$493,$-60,$60,$194,$-22,$0,$-118,$28,$-146,$-119,$22,$-237,$-175,$0,$-175,$172,$348,$-25,$1,$149,$94,$5,$-19
15,2014-12-31,25.3,$14.13,1.79,$25.36,1.0,$18.41,1.37,$2.73,9.29,$5.38B,$10.76B,0.5,$0.76B,$1.90B,0.4,$4.02B,$0.40B,9.82%,$4.02B,$0.40B,9.82%,$4.02B,$0.40B,9.82%,$4.02B,$0.47B,11.76%,$4.02B,$0.42B,10.32%,$4.02B,$0.40B,10.00%,$0.40B,$2.20B,20.29%,$0.40B,$1.53B,31.34%,$0.40B,$13.85B,3.09%,$0.40B,$2.95B,15.20%,$984,$971,$13,$0,$0,$971,$13,$28,$41,$-9,$51,$52,$40,$32,$13,$150,159,$0.26,$0.25,$1089,$0,$0,$5381,$154,$4618,$668,$2398,$8466,$13847,$10763,$758,$24,$889,$11651,$2,$955,$56,$2196,$13847,$415,$77,$-1,$76,$-806,$0,$862,$579,$634,$1126,$-73,$0,$-61,$40,$-745,$-705,$-201,$-1040,$216,$-11,$205,$-50,$128,$-68,$-284,$-19,$51,$19,$-56
16,2014-09-30,17.83,$14.31,1.25,$24.41,0.73,$17.77,1.0,$2.70,6.62,$4.83B,$10.24B,0.47,$0.59B,$1.84B,0.32,$3.85B,$0.49B,12.82%,$3.85B,$0.49B,12.82%,$3.85B,$0.49B,12.82%,$3.85B,$0.58B,14.92%,$3.85B,$0.47B,12.20%,$3.85B,$0.43B,11.06%,$0.43B,$2.14B,23.32%,$0.43B,$1.42B,37.74%,$0.43B,$13.22B,3.44%,$0.49B,$2.74B,20.62%,$1072,$938,$133,$0,$0,$938,$133,$12,$145,$-8,$153,$157,$156,$153,$133,$149,159,$1.05,$0.99,$719,$0,$0,$4831,$151,$4546,$725,$2337,$8390,$13220,$10238,$592,$41,$839,$11077,$1,$903,$69,$2144,$13220,$363,$58,$-29,$29,$-612,$0,$752,$366,$506,$898,$-65,$0,$-56,$75,$-768,$-693,$-192,$-1006,$19,$0,$19,$-45,$134,$-48,$-272,$-167,$-284,$14,$-41
17,2014-06-30,18.63,$12.34,1.51,$22.28,0.84,$16.01,1.16,$2.08,8.96,$4.86B,$10.06B,0.48,$0.56B,$1.75B,0.32,$3.51B,$0.45B,12.85%,$3.51B,$0.45B,12.85%,$3.51B,$0.45B,12.85%,$3.51B,$0.53B,15.16%,$3.51B,$0.41B,11.60%,$3.51B,$0.33B,9.35%,$0.33B,$1.87B,19.67%,$0.33B,$1.16B,32.73%,$0.33B,$12.83B,2.84%,$0.45B,$2.43B,20.24%,$1011,$883,$128,$0,$0,$883,$128,$-10,$118,$18,$100,$104,$106,$149,$128,$150,159,$0.71,$0.67,$750,$0,$0,$4860,$116,$4367,$708,$2168,$7968,$12828,$10064,$561,$65,$899,$10963,$1,$761,$86,$1865,$12828,$206,$39,$-13,$26,$-580,$0,$816,$190,$425,$658,$-23,$0,$-56,$52,$-490,$-439,$-76,$-593,$-11,$0,$-11,$-11,$-11,$-29,$-280,$-331,$-261,$9,$-26
18,2014-03-31,16.68,$11.42,1.46,$20.16,0.83,$15.05,1.11,$1.93,8.63,$4.61B,$9.53B,0.48,$0.56B,$1.61B,0.35,$3.15B,$0.40B,12.62%,$3.15B,$0.40B,12.62%,$3.15B,$0.40B,12.62%,$3.15B,$0.48B,15.16%,$3.15B,$0.38B,12.11%,$3.15B,$0.29B,9.31%,$0.29B,$1.72B,18.81%,$0.29B,$1.03B,31.90%,$0.29B,$12.22B,2.76%,$0.40B,$2.28B,19.32%,$954,$833,$121,$0,$0,$833,$121,$-11,$111,$27,$83,$102,$100,$139,$121,$149,157,$0.67,$0.64,$682,$0,$0,$4605,$108,$4235,$693,$2034,$7610,$12215,$9525,$561,$158,$970,$10495,$1,$678,$32,$1720,$12215,$102,$18,$-14,$3,$-391,$0,$613,$83,$306,$411,$-9,$0,$-68,$53,$-423,$-370,$-38,$-485,$-10,$0,$-10,$0,$0,$-12,$-196,$-218,$-291,$4,$-11
19,2013-12-31,14.42,$10.56,1.37,$17.34,0.83,$13.72,1.05,$1.71,8.42,$4.45B,$8.54B,0.52,$0.56B,$1.46B,0.38,$2.70B,$0.36B,13.16%,$2.70B,$0.36B,13.16%,$2.70B,$0.36B,13.16%,$2.70B,$0.43B,15.87%,$2.70B,$0.37B,13.64%,$2.70B,$0.28B,10.27%,$0.28B,$1.58B,19.14%,$0.28B,$0.91B,32.76%,$0.28B,$11.28B,2.89%,$0.36B,$2.14B,18.88%,$816,$704,$112,$0,$0,$704,$112,$-16,$96,$31,$65,$67,$64,$134,$112,$148,156,$0.44,$0.41,$930,$0,$0,$4454,$104,$3685,$665,$1902,$6825,$11279,$8544,$560,$321,$1156,$9700,$1,$585,$-8,$1579,$11279,$281,$72,$-12,$60,$-743,$0,$717,$658,$632,$972,$-40,$0,$-53,$-2,$-890,$-892,$-2,$-986,$249,$0,$249,$9,$120,$-33,$92,$427,$416,$11,$-29
20,2013-09-30,17.13,$10.10,1.7,$15.49,1.11,$11.04,1.55,$1.66,10.31,$3.89B,$7.43B,0.52,$0.56B,$1.39B,0.4,$2.40B,$0.31B,12.84%,$2.40B,$0.31B,12.84%,$2.40B,$0.31B,12.84%,$2.40B,$0.36B,15.05%,$2.40B,$0.34B,14.21%,$2.40B,$0.27B,11.17%,$0.27B,$1.51B,19.64%,$0.27B,$0.91B,33.67%,$0.27B,$9.90B,3.11%,$0.31B,$2.07B,17.77%,$728,$638,$90,$0,$0,$638,$90,$-9,$82,$24,$58,$60,$58,$110,$90,$149,158,$0.39,$0.37,$598,$0,$0,$3887,$95,$3244,$595,$1621,$6012,$9899,$7429,$560,$235,$964,$8393,$1,$538,$-8,$1506,$9899,$214,$50,$-43,$7,$-597,$0,$533,$421,$357,$579,$-29,$0,$-87,$-3,$-680,$-684,$-24,$-824,$249,$0,$249,$0,$112,$-31,$-12,$317,$71,$8,$-29
21,2013-06-30,14.2,$9.59,1.48,$14.17,1.0,$10.07,1.41,$1.59,8.93,$3.62B,$6.92B,0.52,$0.31B,$1.31B,0.24,$2.17B,$0.28B,12.83%,$2.17B,$0.28B,12.83%,$2.17B,$0.28B,12.83%,$2.17B,$0.33B,15.00%,$2.17B,$0.32B,14.49%,$2.17B,$0.25B,11.64%,$0.25B,$1.43B,19.81%,$0.25B,$0.82B,33.61%,$0.25B,$9.08B,3.23%,$0.28B,$1.74B,17.65%,$649,$575,$74,$0,$0,$575,$74,$17,$92,$27,$64,$71,$71,$94,$74,$148,154,$0.48,$0.47,$614,$0,$0,$3622,$93,$2906,$604,$1446,$5458,$9080,$6918,$309,$238,$736,$7654,$1,$757,$-27,$1426,$9080,$154,$30,$-51,$-20,$-304,$0,$587,$70,$353,$488,$-23,$0,$-75,$-3,$-349,$-353,$-79,$-530,$-1,$0,$-1,$0,$112,$-9,$-21,$80,$35,$5,$-9
22,2013-03-31,13.73,$8.64,1.59,$12.80,1.07,$8.44,1.63,$1.34,10.27,$3.30B,$6.01B,0.55,$0.30B,$1.28B,0.24,$1.96B,$0.26B,13.39%,$1.96B,$0.26B,13.39%,$1.96B,$0.26B,13.39%,$1.96B,$0.30B,15.18%,$1.96B,$0.27B,13.91%,$1.96B,$0.22B,11.35%,$0.22B,$1.28B,18.68%,$0.22B,$0.74B,30.67%,$0.22B,$8.03B,3.12%,$0.26B,$1.58B,17.59%,$504,$425,$79,$0,$0,$425,$79,$18,$98,$16,$81,$83,$84,$90,$79,$148,155,$0.57,$0.54,$566,$0,$0,$3300,$84,$2415,$544,$1297,$4730,$8030,$6013,$302,$225,$737,$6751,$1,$666,$37,$1279,$8030,$83,$11,$-39,$-28,$-144,$0,$295,$-6,$145,$200,$-8,$0,$-13,$-4,$-2,$-7,$-33,$-61,$-0,$0,$-0,$0,$0,$0,$-97,$-97,$36,$2,$0
23,2012-12-31,11.32,$8.44,1.34,$12.29,0.92,$7.76,1.46,$1.18,9.56,$3.06B,$5.32B,0.58,$0.30B,$1.25B,0.24,$1.87B,$0.24B,12.75%,$1.87B,$0.24B,12.75%,$1.87B,$0.24B,12.75%,$1.87B,$0.27B,14.47%,$1.87B,$0.22B,11.90%,$1.87B,$0.18B,9.49%,$0.18B,$1.25B,15.69%,$0.18B,$0.72B,25.04%,$0.18B,$7.44B,2.66%,$0.24B,$1.55B,16.66%,$518,$453,$65,$0,$0,$453,$65,$4,$69,$11,$58,$59,$55,$67,$65,$147,153,$0.37,$0.36,$493,$0,$0,$3063,$76,$2222,$533,$1194,$4374,$7437,$5316,$302,$326,$873,$6189,$1,$612,$64,$1247,$7437,$185,$33,$6,$38,$-565,$0,$639,$234,$308,$531,$-27,$0,$-99,$116,$-544,$-427,$-40,$-594,$24,$1,$24,$9,$9,$-30,$64,$67,$8,$7,$-30
24,2012-09-30,10.01,$7.83,1.28,$11.48,0.87,$6.17,1.62,$1.08,9.3,$2.89B,$4.81B,0.6,$0.30B,$1.16B,0.26,$1.74B,$0.23B,13.08%,$1.74B,$0.23B,13.08%,$1.74B,$0.23B,13.08%,$1.74B,$0.24B,13.72%,$1.74B,$0.20B,11.59%,$1.74B,$0.16B,9.22%,$0.16B,$1.16B,15.15%,$0.16B,$0.74B,23.70%,$0.16B,$6.77B,2.57%,$0.23B,$1.46B,16.80%,$503,$442,$61,$0,$0,$442,$61,$-5,$56,$13,$43,$46,$43,$75,$61,$147,152,$0.30,$0.28,$605,$0,$0,$2891,$73,$1991,$417,$1045,$3876,$6766,$4813,$302,$322,$797,$5610,$1,$563,$50,$1156,$6766,$126,$31,$-2,$29,$-242,$0,$327,$163,$248,$403,$-20,$-20,$-42,$2,$-221,$-220,$-14,$-315,$25,$0,$25,$0,$0,$-17,$54,$61,$151,$5,$-17
25,2012-06-30,10.51,$7.30,1.44,$10.85,0.97,$5.03,2.09,$1.01,10.38,$2.53B,$4.44B,0.57,$0.30B,$1.07B,0.28,$1.61B,$0.22B,13.52%,$1.61B,$0.22B,13.52%,$1.61B,$0.22B,13.52%,$1.61B,$0.22B,13.83%,$1.61B,$0.20B,12.46%,$1.61B,$0.15B,9.60%,$0.15B,$1.07B,15.49%,$0.15B,$0.71B,23.91%,$0.15B,$6.27B,2.62%,$0.22B,$1.37B,17.39%,$431,$374,$57,$0,$0,$374,$57,$-7,$49,$12,$38,$41,$40,$65,$57,$146,151,$0.27,$0.27,$403,$0,$0,$2529,$70,$2007,$366,$961,$3740,$6269,$4439,$298,$328,$758,$5197,$1,$686,$15,$1072,$6269,$80,$17,$-0,$17,$-88,$0,$162,$54,$128,$225,$-15,$-4,$-24,$-0,$-284,$-284,$-12,$-339,$22,$0,$22,$0,$0,$-11,$53,$65,$-49,$3,$-11
26,2012-03-31,9.48,$7.08,1.34,$10.16,0.93,$4.63,2.05,$1.08,8.75,$2.49B,$4.32B,0.58,$0.30B,$1.04B,0.29,$1.50B,$0.20B,13.64%,$1.50B,$0.20B,13.64%,$1.50B,$0.20B,13.64%,$1.50B,$0.23B,15.17%,$1.50B,$0.22B,14.44%,$1.50B,$0.16B,10.96%,$0.16B,$1.04B,17.37%,$0.16B,$0.67B,26.08%,$0.16B,$6.10B,2.93%,$0.20B,$1.34B,17.64%,$414,$360,$55,$0,$0,$360,$55,$-7,$48,$11,$37,$39,$39,$63,$55,$146,150,$0.27,$0.26,$336,$0,$0,$2492,$64,$1917,$369,$959,$3604,$6095,$4320,$303,$298,$739,$5059,$1,$651,$22,$1036,$6095,$39,$9,$2,$11,$-124,$0,$154,$9,$38,$88,$-5,$-2,$-8,$-0,$-205,$-205,$-36,$-256,$25,$3,$27,$0,$0,$-6,$14,$36,$-130,$1,$-6
27,2011-12-31,8.35,$7.26,1.15,$9.28,0.9,$4.35,1.92,$1.13,7.4,$2.48B,$4.08B,0.61,$0.28B,$0.96B,0.29,$1.36B,$0.20B,14.36%,$1.36B,$0.20B,14.36%,$1.36B,$0.20B,14.36%,$1.36B,$0.22B,15.91%,$1.36B,$0.23B,16.86%,$1.36B,$0.17B,12.52%,$0.17B,$0.96B,19.18%,$0.17B,$0.59B,27.68%,$0.17B,$5.73B,3.28%,$0.20B,$1.24B,18.45%,$387,$332,$54,$0,$0,$332,$54,$-6,$48,$12,$36,$38,$38,$35,$54,$145,150,$0.26,$0.26,$430,$0,$0,$2475,$62,$1669,$373,$873,$3258,$5733,$4077,$280,$297,$696,$4773,$1,$618,$-10,$960,$5733,$191,$21,$-14,$7,$-367,$0,$430,$35,$98,$296,$-39,$-30,$-9,$-97,$36,$-61,$40,$-99,$178,$-8,$171,$5,$5,$-20,$-137,$19,$214,$6,$-20
28,2011-09-30,7.79,$6.25,1.25,$8.64,0.9,$2.71,2.87,$1.11,7.04,$2.23B,$3.84B,0.58,$0.13B,$0.91B,0.15,$1.25B,$0.18B,14.67%,$1.25B,$0.18B,14.67%,$1.25B,$0.18B,14.67%,$1.25B,$0.23B,18.26%,$1.25B,$0.22B,17.70%,$1.25B,$0.17B,13.24%,$0.17B,$0.91B,19.96%,$0.17B,$0.62B,27.52%,$0.17B,$5.42B,3.47%,$0.18B,$1.04B,19.00%,$373,$323,$51,$0,$0,$323,$51,$5,$55,$14,$41,$40,$37,$59,$51,$136,140,$0.27,$0.26,$321,$0,$0,$2234,$57,$1727,$293,$831,$3186,$5419,$3842,$134,$450,$669,$4512,$1,$583,$-2,$908,$5419,$153,$40,$-48,$-8,$-224,$0,$322,$-19,$79,$224,$-33,$-5,$-17,$-1,$-107,$-108,$-9,$-171,$36,$-7,$29,$0,$0,$-14,$22,$37,$91,$4,$-14
29,2011-06-30,7.94,$6.02,1.32,$7.82,1.02,$1.26,6.31,$1.14,6.99,$2.14B,$3.79B,0.57,$0.13B,$0.87B,0.15,$1.15B,$0.18B,15.64%,$1.15B,$0.18B,15.64%,$1.15B,$0.18B,15.64%,$1.15B,$0.22B,19.29%,$1.15B,$0.22B,19.29%,$1.15B,$0.17B,14.60%,$0.17B,$0.87B,21.51%,$0.17B,$0.65B,28.95%,$0.17B,$5.14B,3.81%,$0.18B,$1.01B,19.61%,$322,$278,$44,$0,$0,$278,$44,$21,$65,$7,$57,$60,$50,$70,$44,$145,149,$0.35,$0.34,$256,$0,$0,$2142,$45,$1459,$228,$1003,$2994,$5136,$3793,$134,$267,$469,$4262,$1,$553,$16,$873,$5136,$113,$32,$-42,$-10,$-162,$0,$298,$-72,$64,$167,$-18,$31,$-27,$-0,$-73,$-73,$-19,$-106,$101,$-7,$94,$0,$0,$-10,$-121,$-36,$27,$3,$-10
30,2011-03-31,6.63,$5.57,1.19,$7.34,0.9,$0.29,22.54,$1.01,6.55,$1.86B,$3.20B,0.58,$0.14B,$0.81B,0.17,$1.08B,$0.17B,16.00%,$1.08B,$0.17B,16.00%,$1.08B,$0.17B,16.00%,$1.08B,$0.19B,17.95%,$1.08B,$0.19B,17.77%,$1.08B,$0.15B,13.86%,$0.15B,$0.81B,20.62%,$0.15B,$0.61B,27.23%,$0.15B,$4.42B,3.66%,$0.17B,$0.94B,20.00%,$276,$230,$46,$0,$0,$230,$46,$15,$61,$9,$52,$53,$45,$52,$46,$144,147,$0.31,$0.31,$246,$0,$0,$1864,$44,$1361,$195,$720,$2556,$4421,$3202,$135,$259,$414,$3616,$1,$508,$8,$805,$4421,$51,$6,$-19,$-13,$-109,$0,$112,$14,$17,$55,$-15,$0,$-17,$0,$9,$9,$-23,$-47,$109,$-7,$102,$0,$0,$-5,$-87,$11,$21,$1,$-5
31,2010-12-31,6.06,$5.14,1.18,$6.87,0.88,$0.17,36.06,$0.93,6.54,$1.72B,$2.93B,0.59,$0.15B,$0.74B,0.2,$1.00B,$0.17B,17.15%,$1.00B,$0.17B,17.15%,$1.00B,$0.17B,17.15%,$1.00B,$0.19B,19.04%,$1.00B,$0.17B,17.15%,$1.00B,$0.14B,14.26%,$0.14B,$0.74B,21.26%,$0.14B,$0.54B,27.62%,$0.14B,$4.18B,3.70%,$0.17B,$0.89B,21.20%,$283,$240,$43,$0,$0,$240,$43,$-2,$41,$9,$31,$33,$34,$48,$43,$144,146,$0.23,$0.23,$210,$0,$0,$1723,$31,$1365,$198,$641,$2459,$4182,$2927,$145,$360,$515,$3442,$1,$468,$-0,$740,$4182,$148,$18,$-32,$-13,$-338,$0,$222,$8,$-108,$26,$-15,$0,$-28,$-6,$-153,$-159,$-8,$-210,$0,$-21,$-21,$2,$2,$-17,$186,$150,$-32,$3,$-17
32,2010-09-30,5.0,$4.90,1.02,$6.33,0.79,$1.18,4.23,$0.89,5.62,$1.68B,$2.74B,0.61,$0.13B,$0.71B,0.19,$0.92B,$0.17B,18.31%,$0.92B,$0.17B,18.31%,$0.92B,$0.17B,18.31%,$0.92B,$0.19B,20.15%,$0.92B,$0.17B,18.20%,$0.92B,$0.14B,14.84%,$0.14B,$0.71B,21.75%,$0.14B,$0.52B,27.65%,$0.14B,$3.90B,3.73%,$0.17B,$0.84B,21.99%,$270,$223,$47,$0,$0,$223,$47,$8,$55,$14,$41,$45,$39,$52,$47,$144,146,$0.27,$0.27,$304,$0,$0,$1675,$23,$1207,$184,$591,$2220,$3895,$2744,$134,$306,$444,$3188,$1,$438,$11,$706,$3895,$115,$13,$-22,$-9,$-221,$0,$77,$35,$-109,$-4,$-9,$-11,$-13,$-2,$67,$65,$0,$32,$0,$-18,$-18,$0,$0,$-12,$73,$44,$70,$3,$-12
33,2010-06-30,4.13,$4.44,0.93,$5.74,0.72,$2.14,1.93,$0.79,5.23,$1.69B,$2.70B,0.63,$0.14B,$0.64B,0.22,$0.84B,$0.16B,18.92%,$0.84B,$0.16B,18.92%,$0.84B,$0.16B,18.92%,$0.84B,$0.17B,20.60%,$0.84B,$0.15B,17.37%,$0.84B,$0.12B,14.61%,$0.12B,$0.64B,20.77%,$0.12B,$0.51B,25.87%,$0.12B,$3.80B,3.46%,$0.16B,$0.78B,21.67%,$246,$210,$36,$0,$0,$210,$36,$-2,$34,$9,$25,$31,$31,$41,$36,$145,146,$0.22,$0.21,$316,$0,$0,$1692,$15,$1204,$126,$543,$2111,$3803,$2704,$137,$309,$460,$3164,$1,$404,$-12,$639,$3803,$70,$8,$-11,$-3,$-216,$0,$172,$-16,$-60,$6,$-2,$0,$-4,$-1,$47,$47,$0,$41,$0,$-14,$-14,$0,$0,$-8,$66,$44,$83,$2,$-8
34,2010-03-31,4.75,$4.21,1.13,$5.33,0.89,$2.88,1.65,$0.77,6.22,$1.48B,$2.59B,0.57,$0.14B,$0.61B,0.23,$0.77B,$0.16B,20.47%,$0.77B,$0.16B,20.47%,$0.77B,$0.16B,20.47%,$0.77B,$0.17B,21.76%,$0.77B,$0.14B,18.52%,$0.77B,$0.12B,15.28%,$0.12B,$0.61B,21.58%,$0.12B,$0.49B,27.02%,$0.12B,$3.58B,3.51%,$0.16B,$0.75B,22.83%,$204,$157,$46,$0,$0,$157,$46,$-4,$42,$15,$27,$39,$39,$50,$46,$144,146,$0.27,$0.27,$215,$0,$0,$1477,$15,$1279,$113,$486,$2104,$3581,$2585,$140,$245,$390,$2976,$1,$370,$-10,$605,$3581,$39,$3,$-5,$-2,$-101,$0,$86,$0,$-15,$22,$-1,$0,$0,$-0,$-81,$-82,$0,$-83,$0,$-3,$-3,$0,$0,$-4,$54,$47,$-18,$1,$-4
35,2009-12-31,4.01,$3.97,1.01,$5.11,0.78,$3.24,1.24,$0.71,5.64,$1.40B,$2.47B,0.56,$0.14B,$0.57B,0.25,$0.74B,$0.15B,19.73%,$0.74B,$0.15B,19.73%,$0.74B,$0.15B,19.73%,$0.74B,$0.16B,20.95%,$0.74B,$0.13B,17.70%,$0.74B,$0.10B,13.92%,$0.10B,$0.57B,20.78%,$0.10B,$0.45B,26.55%,$0.10B,$3.40B,3.16%,$0.15B,$0.71B,22.65%,$203,$163,$40,$0,$0,$163,$40,$-4,$37,$9,$28,$28,$28,$43,$40,$144,145,$0.20,$0.19,$234,$0,$0,$1397,$16,$1189,$116,$496,$2004,$3400,$2474,$144,$213,$357,$2831,$1,$342,$-17,$569,$3400,$103,$9,$100,$109,$-140,$0,$137,$-45,$-47,$164,$-6,$-8,$7,$135,$-104,$32,$-3,$22,$0,$-21,$-21,$-6,$-6,$-13,$-112,$-151,$39,$4,$-13
36,2009-09-30,3.85,$3.73,1.03,$4.84,0.8,$2.56,1.51,$0.69,5.62,$1.32B,$2.33B,0.57,$0.15B,$0.54B,0.28,$0.70B,$0.14B,20.51%,$0.70B,$0.14B,20.51%,$0.70B,$0.14B,20.51%,$0.70B,$0.15B,21.65%,$0.70B,$0.13B,18.23%,$0.70B,$0.10B,14.25%,$0.10B,$0.54B,22.14%,$0.10B,$0.43B,28.82%,$0.10B,$3.30B,3.13%,$0.14B,$0.68B,23.85%,$182,$146,$36,$0,$0,$146,$36,$-3,$32,$8,$24,$24,$24,$38,$36,$144,145,$0.17,$0.17,$263,$0,$0,$1320,$14,$1208,$108,$446,$1983,$3303,$2326,$147,$279,$441,$2767,$1,$318,$-25,$536,$3303,$75,$7,$73,$79,$-31,$0,$17,$-12,$-26,$128,$-2,$-6,$0,$1,$9,$10,$0,$2,$-10,$-8,$-18,$-6,$-6,$-10,$-27,$-61,$71,$3,$-10
37,2009-06-30,3.83,$3.32,1.15,$4.32,0.89,$2.29,1.67,$0.58,6.57,$1.28B,$2.30B,0.56,$0.15B,$0.48B,0.32,$0.63B,$0.12B,18.95%,$0.63B,$0.12B,18.95%,$0.63B,$0.12B,18.95%,$0.63B,$0.13B,20.38%,$0.63B,$0.10B,16.56%,$0.63B,$0.09B,13.54%,$0.09B,$0.48B,20.49%,$0.09B,$0.37B,27.27%,$0.09B,$3.18B,2.69%,$0.12B,$0.63B,20.88%,$183,$147,$36,$0,$0,$147,$36,$-3,$32,$5,$27,$27,$27,$37,$36,$144,144,$0.19,$0.19,$258,$0,$0,$1280,$14,$1160,$103,$436,$1900,$3180,$2304,$150,$249,$399,$2703,$1,$297,$-62,$477,$3180,$51,$4,$48,$52,$7,$0,$-18,$21,$10,$113,$-2,$-1,$0,$0,$32,$33,$0,$30,$-7,$-8,$-14,$-5,$-5,$-6,$-54,$-79,$66,$2,$-6
38,2009-03-31,3.19,$2.80,1.14,$4.22,0.76,$2.12,1.51,$0.57,5.55,$1.22B,$2.35B,0.52,$0.15B,$0.40B,0.38,$0.62B,$0.12B,19.71%,$0.62B,$0.12B,19.71%,$0.62B,$0.12B,19.71%,$0.62B,$0.13B,21.32%,$0.62B,$0.11B,17.12%,$0.62B,$0.08B,13.57%,$0.08B,$0.40B,21.05%,$0.08B,$0.30B,28.33%,$0.08B,$3.16B,2.70%,$0.12B,$0.56B,21.87%,$172,$138,$34,$0,$0,$138,$34,$-4,$30,$5,$25,$24,$24,$37,$34,$145,145,$0.17,$0.17,$165,$0,$0,$1223,$15,$1199,$104,$422,$1941,$3164,$2346,$154,$263,$417,$2763,$1,$274,$-113,$401,$3164,$24,$3,$8,$11,$-31,$0,$-19,$90,$40,$75,$-2,$-2,$0,$1,$-48,$-47,$0,$-51,$0,$-3,$-3,$-5,$-5,$-3,$-36,$-48,$-27,$1,$-3
39,2008-12-31,3.85,$2.70,1.43,$3.91,0.98,$1.90,2.03,$0.56,6.91,$1.22B,$2.26B,0.54,$0.16B,$0.39B,0.4,$0.58B,$0.12B,20.28%,$0.58B,$0.12B,20.28%,$0.58B,$0.12B,20.28%,$0.58B,$0.13B,21.84%,$0.58B,$0.10B,17.85%,$0.58B,$0.08B,14.21%,$0.08B,$0.39B,20.63%,$0.08B,$0.29B,26.65%,$0.08B,$3.14B,2.75%,$0.12B,$0.55B,21.32%,$165,$127,$38,$0,$0,$127,$38,$-4,$34,$8,$26,$22,$25,$40,$38,$145,147,$0.17,$0.17,$192,$0,$0,$1223,$15,$1178,$102,$444,$1921,$3144,$2258,$157,$336,$493,$2751,$1,$253,$-106,$393,$3144,$83,$8,$22,$30,$-425,$0,$292,$85,$-48,$65,$-5,$-3,$-56,$-6,$-105,$-111,$-2,$-177,$0,$33,$33,$1,$1,$-10,$138,$162,$47,$3,$-10
40,2008-09-30,4.49,$2.67,1.68,$3.77,1.19,$3.17,1.42,$0.55,8.24,$1.25B,$2.29B,0.55,$0.16B,$0.39B,0.41,$0.56B,$0.08B,14.41%,$0.56B,$0.11B,20.00%,$0.56B,$0.11B,20.00%,$0.56B,$0.12B,21.62%,$0.56B,$0.10B,17.66%,$0.56B,$0.08B,14.41%,$0.08B,$0.39B,20.16%,$0.08B,$0.29B,25.04%,$0.08B,$3.16B,2.89%,$0.11B,$0.55B,20.57%,$108,$97,$11,$0,$0,$97,$11,$-3,$8,$-2,$9,$9,$9,$14,$11,$145,147,$0.07,$0.06,$198,$0,$0,$1246,$13,$1235,$102,$403,$1913,$3158,$2285,$160,$326,$486,$2771,$1,$231,$-87,$388,$3158,$58,$6,$28,$35,$-433,$0,$308,$122,$-3,$90,$-2,$-3,$-56,$9,$-177,$-168,$0,$-228,$-3,$40,$37,$0,$0,$-7,$164,$193,$53,$2,$-7
41,2008-06-30,4.15,$2.85,1.45,$3.97,1.05,$3.83,1.08,$0.65,6.4,$0.96B,$2.06B,0.47,$0.16B,$0.41B,0.4,$0.59B,$0.10B,17.44%,$0.59B,$0.13B,22.74%,$0.59B,$0.13B,22.74%,$0.59B,$0.14B,23.93%,$0.59B,$0.12B,20.51%,$0.59B,$0.10B,16.24%,$0.10B,$0.41B,24.02%,$0.10B,$0.31B,28.77%,$0.10B,$3.00B,3.75%,$0.13B,$0.58B,25.12%,$174,$134,$39,$0,$0,$134,$39,$-6,$34,$7,$26,$26,$26,$41,$39,$145,148,$0.18,$0.18,$191,$0,$0,$961,$14,$1367,$102,$423,$2035,$2996,$2062,$164,$355,$520,$2581,$1,$225,$-53,$414,$2996,$49,$4,$-2,$2,$-112,$0,$97,$-113,$-129,$90,$-1,$-1,$-56,$11,$-223,$-213,$0,$-271,$0,$40,$40,$0,$0,$-5,$186,$221,$46,$1,$-5
42,2008-03-31,5.33,$2.72,1.96,$3.85,1.38,$4.01,1.33,$0.62,8.65,$0.81B,$1.74B,0.47,$0.12B,$0.40B,0.31,$0.57B,$0.11B,19.79%,$0.57B,$0.13B,22.61%,$0.57B,$0.13B,22.61%,$0.57B,$0.13B,23.67%,$0.57B,$0.12B,20.85%,$0.57B,$0.09B,15.90%,$0.09B,$0.40B,23.27%,$0.09B,$0.34B,26.73%,$0.09B,$2.61B,4.09%,$0.13B,$0.52B,25.06%,$130,$101,$29,$0,$0,$101,$29,$-2,$27,$7,$19,$22,$22,$31,$29,$145,147,$0.15,$0.15,$169,$0,$0,$807,$15,$1304,$53,$312,$1802,$2609,$1735,$124,$326,$478,$2214,$1,$201,$-48,$395,$2609,$22,$2,$-3,$-1,$-77,$0,$117,$-16,$24,$45,$-2,$-0,$0,$3,$129,$132,$0,$129,$0,$0,$0,$0,$0,$-2,$-154,$-156,$23,$1,$-2
43,2007-12-31,4.51,$2.69,1.68,$3.94,1.15,$4.09,1.1,$0.62,7.33,$0.71B,$1.61B,0.44,$0.12B,$0.39B,0.32,$0.58B,$0.13B,22.74%,$0.58B,$0.13B,22.74%,$0.58B,$0.13B,22.74%,$0.58B,$0.14B,23.44%,$0.58B,$0.12B,20.83%,$0.58B,$0.09B,15.45%,$0.09B,$0.39B,23.54%,$0.09B,$0.34B,26.65%,$0.09B,$2.32B,4.72%,$0.13B,$0.51B,26.10%,$143,$143,$1,$0,$0,$111,$32,$-3,$29,$10,$19,$23,$23,$34,$32,$145,147,$0.15,$0.16,$145,$0,$0,$706,$13,$1154,$53,$289,$1617,$2323,$1613,$124,$173,$320,$1932,$1,$181,$-32,$390,$2323,$90,$5,$-28,$-23,$-135,$0,$218,$98,$181,$248,$-2,$-2,$-36,$35,$-321,$-286,$-18,$-343,$40,$0,$40,$-0,$-0,$-5,$146,$180,$85,$2,$-5
44,2007-09-30,4.96,$2.64,1.88,$3.86,1.28,$2.78,1.78,$0.58,8.57,$0.73B,$1.53B,0.48,$0.12B,$0.38B,0.32,$0.56B,$0.12B,21.44%,$0.56B,$0.12B,22.16%,$0.56B,$0.12B,22.16%,$0.56B,$0.13B,22.88%,$0.56B,$0.11B,20.54%,$0.56B,$0.08B,14.95%,$0.08B,$0.38B,22.71%,$0.08B,$0.33B,25.34%,$0.08B,$2.21B,5.15%,$0.12B,$0.51B,25.67%,$138,$105,$33,$0,$0,$105,$33,$-3,$30,$10,$20,$24,$24,$34,$33,$145,148,$0.17,$0.17,$191,$0,$0,$730,$13,$1037,$54,$283,$1478,$2208,$1528,$124,$147,$296,$1825,$1,$160,$-18,$383,$2208,$67,$3,$-29,$-26,$-105,$0,$277,$-27,$146,$188,$-1,$-2,$-36,$72,$-218,$-147,$0,$-185,$40,$0,$40,$0,$0,$-4,$92,$128,$131,$1,$-4
