,Date,Stock Price,Book Value per Share,Price to Book Ratio,TTM Sales per Share,Price to Sales Ratio,TTM FCF per Share,Price to FCF Ratio,TTM Net EPS,PE Ratio,Current Assets,Current Liabilities,Current Ratio,Long Term Debt,Shareholder's Equity_x,Debt to Equity Ratio,TTM Revenue_x,TTM Gross Profit,Gross Margin,TTM Revenue_y,TTM Operating Income,Operating Margin,TTM Revenue_x,TTM EBIT,EBIT Margin,TTM Revenue_y,TTM EBITDA,EBITDA Margin,TTM Revenue_x,TTM Pre-Tax Income,Pre-Tax Margin,TTM Revenue_y,TTM Net Income_x,Net Margin,TTM Net Income_y,Shareholder's Equity_y,Return on Equity,TTM Net Income_x,Tangible Equity,Return on Tangible Equity,TTM Net Income_y,Total Assets,Return on Assets,TTM Net Income,LT Investments & Debt,Return on Investment,revenue,cost-goods-sold,gross-profit,research-development-expenses,selling-general-administrative-expenses,operating-expenses,operating-income,total-non-operating-income-expense,pre-tax-income,total-provision-income-taxes,income-after-taxes,income-from-continuous-operations,net-income,ebitda,ebit,basic-shares-outstanding,shares-outstanding,eps-basic-net-earnings-per-share,eps-earnings-per-share-diluted,cash-on-hand,inventory,other-current-assets,total-current-assets,net-property-plant-equipment,long-term-investments,goodwill-intangible-assets-total,other-long-term-assets,total-long-term-assets,total-assets,total-current-liabilities,long-term-debt,other-non-current-liabilities,total-long-term-liabilities,total-liabilities,common-stock-net,retained-earnings-accumulated-deficit,comprehensive-income,total-share-holder-equity,total-liabilities-share-holders-equity,net-income-loss,total-depreciation-amortization-cash-flow,other-non-cash-items,total-non-cash-items,change-in-accounts-receivable,change-in-inventories,change-in-accounts-payable,change-in-assets-liabilities,total-change-in-assets-liabilities,cash-flow-from-operating-activities,net-change-in-property-plant-equipment,net-change-in-intangible-assets,net-acquisitions-divestitures,net-change-in-short-term-investments,net-change-in-long-term-investments,net-change-in-investments-total,investing-activities-other,cash-flow-from-investing-activities,net-long-term-debt,net-current-debt,debt-issuance-retirement-net-total,net-common-equity-issued-repurchased,net-total-equity-issued-repurchased,total-common-preferred-stock-dividends-paid,financial-activities-other,cash-flow-from-financial-activities,net-cash-flow,stock-based-compensation,common-stock-dividends-paid
0,2018-09-30,5.68,$3.91,1.45,$1.62,3.51,$-0.63,0.0,$-0.59,0.0,$0.18B,$0.05B,3.38,$0.15B,$0.76B,0.2,$0.29B,$0.09B,29.76%,$0.29B,$-0.13B,-45.67%,$0.29B,$-0.13B,-45.67%,$0.29B,$-0.04B,-15.22%,$0.29B,$-0.14B,-49.83%,$0.29B,$-0.10B,-33.22%,$-0.10B,$0.76B,-14.31%,$-0.10B,$0.76B,-14.31%,$-0.10B,$1.11B,-9.74%,$-0.13B,$0.91B,-16.85%,$89,$64,$25,$0,$7,$95,$-6,$-5,$-11,$-17,$6,$6,$6,$19,$-6,$194,195,$0.03,$0.03,$81,$29,$0,$181,$850,$0,$0,$3,$931,$1112,$54,$150,$147,$302,$356,$827,$-157,$0,$756,$1112,$-40,$67,$23,$90,$0,$0,$-27,$0,$-27,$17,$-83,$0,$-1,$0,$0,$0,$-2,$-86,$169,$-32,$137,$3,$3,$0,$-115,$25,$-46,$6,$0
1,2018-06-30,7.63,$3.87,1.97,$1.54,4.96,$-0.32,0.0,$-0.60,0.0,$0.21B,$0.06B,3.2,$0.15B,$0.75B,0.2,$0.26B,$0.08B,31.68%,$0.26B,$-0.13B,-48.47%,$0.26B,$-0.13B,-48.47%,$0.26B,$-0.05B,-17.18%,$0.26B,$-0.13B,-51.15%,$0.26B,$-0.10B,-39.31%,$-0.10B,$0.75B,-16.07%,$-0.10B,$0.75B,-16.07%,$-0.10B,$1.13B,-11.23%,$-0.13B,$0.90B,-17.58%,$80,$59,$20,$0,$7,$126,$-47,$-3,$-49,$-9,$-40,$-40,$-40,$-24,$-47,$181,181,$-0.22,$-0.22,$118,$29,$0,$206,$840,$0,$0,$3,$926,$1131,$64,$149,$26,$320,$384,$825,$-163,$0,$748,$1131,$-46,$42,$33,$75,$-7,$5,$-6,$-0,$-8,$17,$-49,$0,$0,$0,$0,$0,$-3,$-52,$169,$-2,$167,$1,$1,$0,$-139,$28,$-9,$5,$0
2,2018-03-31,6.11,$3.61,1.69,$1.46,4.2,$-0.13,0.0,$-0.37,0.0,$0.31B,$0.07B,4.41,$0.13B,$0.60B,0.21,$0.24B,$0.08B,34.30%,$0.24B,$-0.09B,-35.12%,$0.24B,$-0.09B,-35.12%,$0.24B,$-0.01B,-2.89%,$0.24B,$-0.09B,-38.02%,$0.24B,$-0.06B,-25.62%,$-0.06B,$0.60B,-10.13%,$-0.06B,$0.60B,-10.13%,$-0.06B,$0.92B,-7.35%,$-0.09B,$0.72B,-12.81%,$59,$40,$19,$0,$7,$69,$-10,$-4,$-14,$-8,$-6,$-6,$-6,$9,$-10,$166,166,$-0.03,$-0.03,$258,$18,$0,$305,$567,$0,$0,$2,$615,$919,$69,$126,$23,$253,$322,$637,$-122,$0,$598,$919,$-6,$20,$2,$21,$-4,$1,$1,$-2,$-6,$10,$-23,$0,$0,$0,$0,$0,$-1,$-24,$148,$-1,$147,$-1,$-1,$0,$-1,$146,$131,$3,$0
3,2017-12-31,6.74,$3.51,1.92,$1.52,4.45,$-0.05,0.0,$-0.32,0.0,$0.17B,$0.05B,3.14,$0.02B,$0.58B,0.04,$0.25B,$0.09B,36.90%,$0.25B,$-0.07B,-28.17%,$0.25B,$-0.07B,-28.17%,$0.25B,$0.01B,2.78%,$0.25B,$-0.08B,-29.76%,$0.25B,$-0.05B,-21.03%,$-0.05B,$0.58B,-8.55%,$-0.05B,$0.58B,-8.55%,$-0.05B,$0.78B,-6.42%,$-0.07B,$0.61B,-10.96%,$61,$39,$22,$0,$6,$130,$-69,$-1,$-70,$-14,$-56,$-56,$-56,$-48,$-69,$165,165,$-0.34,$-0.34,$129,$19,$0,$171,$566,$0,$0,$1,$611,$781,$54,$24,$119,$145,$199,$637,$-116,$0,$582,$781,$-53,$78,$56,$134,$-4,$3,$2,$-1,$-4,$70,$-76,$0,$0,$0,$0,$0,$-0,$-76,$-13,$1,$-12,$6,$6,$0,$-3,$-9,$-11,$8,$0
4,2017-09-30,6.84,$3.84,1.78,$1.55,4.42,$0.21,32.71,$0.03,228.0,$0.17B,$0.05B,3.77,$0.03B,$0.64B,0.04,$0.26B,$0.10B,38.91%,$0.26B,$0.00B,0.39%,$0.26B,$0.00B,0.39%,$0.26B,$0.08B,29.96%,$0.26B,$-0.00B,-1.17%,$0.26B,$0.01B,1.95%,$0.01B,$0.64B,0.79%,$0.01B,$0.64B,0.79%,$0.01B,$0.84B,0.59%,$0.00B,$0.66B,0.15%,$62,$40,$22,$0,$7,$63,$-1,$-0,$-1,$0,$-1,$-1,$-1,$18,$-1,$166,166,$-0.01,$-0.01,$133,$18,$0,$172,$628,$0,$0,$1,$666,$838,$46,$27,$14,$156,$202,$636,$-60,$0,$636,$838,$3,$57,$2,$59,$0,$0,$-5,$0,$-5,$51,$-56,$0,$0,$0,$0,$0,$-1,$-57,$0,$-4,$-4,$5,$5,$0,$-8,$-6,$-8,$6,$0
5,2017-06-30,8.31,$3.83,2.17,$1.65,5.05,$0.38,21.69,$0.09,92.33,$0.17B,$0.04B,4.06,$0.03B,$0.63B,0.05,$0.27B,$0.12B,43.43%,$0.27B,$0.02B,5.47%,$0.27B,$0.02B,5.47%,$0.27B,$0.09B,34.31%,$0.27B,$0.01B,4.01%,$0.27B,$0.01B,5.11%,$0.01B,$0.63B,2.24%,$0.01B,$0.63B,2.24%,$0.01B,$0.84B,1.65%,$0.02B,$0.66B,2.28%,$60,$40,$20,$0,$7,$65,$-5,$-2,$-7,$-8,$1,$1,$1,$14,$-5,$165,167,$0.01,$0.01,$138,$17,$0,$174,$625,$0,$0,$1,$662,$836,$43,$29,$16,$160,$202,$633,$-59,$0,$633,$836,$4,$39,$2,$40,$2,$3,$-6,$-1,$-3,$36,$-34,$0,$0,$0,$0,$0,$-0,$-35,$0,$-1,$-1,$3,$3,$0,$-8,$-5,$-2,$4,$0
6,2017-03-31,8.12,$3.81,2.13,$1.69,4.8,$0.45,17.91,$0.12,67.67,$0.18B,$0.05B,4.07,$0.03B,$0.63B,0.05,$0.28B,$0.13B,46.07%,$0.28B,$0.03B,8.93%,$0.28B,$0.03B,8.93%,$0.28B,$0.11B,37.50%,$0.28B,$0.03B,9.64%,$0.28B,$0.02B,6.79%,$0.02B,$0.63B,3.08%,$0.02B,$0.63B,3.08%,$0.02B,$0.85B,2.23%,$0.03B,$0.66B,3.83%,$69,$40,$29,$0,$7,$66,$4,$-1,$3,$-0,$3,$3,$3,$23,$4,$165,167,$0.02,$0.02,$141,$19,$0,$181,$627,$0,$0,$1,$666,$848,$45,$30,$15,$174,$219,$632,$-60,$0,$629,$848,$3,$20,$4,$24,$2,$2,$-5,$-1,$-3,$18,$-17,$0,$0,$0,$0,$0,$-0,$-17,$-3,$-2,$-5,$3,$3,$0,$-1,$-3,$-1,$2,$0
7,2016-12-31,7.63,$3.78,2.02,$1.70,4.48,$0.53,14.43,$0.05,152.6,$0.18B,$0.05B,3.64,$0.03B,$0.62B,0.05,$0.28B,$0.13B,46.40%,$0.28B,$0.03B,9.71%,$0.28B,$0.03B,9.71%,$0.28B,$0.11B,38.85%,$0.28B,$0.03B,8.99%,$0.28B,$0.01B,3.24%,$0.01B,$0.62B,1.51%,$0.01B,$0.62B,1.51%,$0.01B,$0.86B,1.07%,$0.03B,$0.66B,4.25%,$66,$37,$29,$0,$6,$63,$3,$-2,$2,$-0,$2,$2,$2,$22,$3,$161,164,$0.01,$0.01,$143,$20,$0,$180,$628,$0,$0,$1,$677,$857,$50,$34,$14,$186,$235,$629,$-63,$0,$622,$857,$9,$80,$18,$99,$7,$3,$-8,$1,$-3,$100,$-62,$0,$0,$-4,$0,$-4,$-1,$-67,$-21,$-10,$-32,$22,$22,$0,$54,$45,$78,$4,$0
8,2016-09-30,10.3,$3.78,2.73,$1.72,5.97,$0.29,34.94,$-0.62,0.0,$0.19B,$0.04B,4.34,$0.04B,$0.62B,0.06,$0.28B,$0.13B,45.68%,$0.28B,$-0.09B,-31.65%,$0.28B,$-0.09B,-31.65%,$0.28B,$-0.00B,-1.44%,$0.28B,$-0.09B,-33.45%,$0.28B,$-0.10B,-34.53%,$-0.10B,$0.62B,-16.67%,$-0.10B,$0.62B,-16.67%,$-0.10B,$0.86B,-11.70%,$-0.09B,$0.66B,-14.44%,$79,$38,$41,$0,$6,$66,$13,$-0,$13,$5,$8,$8,$8,$35,$13,$164,169,$0.05,$0.05,$139,$20,$0,$187,$624,$0,$0,$3,$671,$858,$43,$38,$16,$194,$237,$628,$-65,$0,$621,$858,$7,$61,$16,$77,$-1,$1,$-14,$0,$-15,$63,$-40,$0,$0,$-4,$0,$-4,$-1,$-44,$32,$-8,$24,$22,$22,$0,$5,$51,$71,$3,$0
9,2016-06-30,13.58,$3.68,3.69,$1.62,8.38,$0.10,129.83,$-0.68,0.0,$0.17B,$0.05B,3.36,$0.04B,$0.60B,0.07,$0.24B,$0.10B,40.98%,$0.24B,$-0.11B,-44.26%,$0.24B,$-0.11B,-44.26%,$0.24B,$-0.03B,-11.48%,$0.24B,$-0.11B,-46.31%,$0.24B,$-0.11B,-43.44%,$-0.11B,$0.60B,-19.05%,$-0.11B,$0.60B,-19.05%,$-0.11B,$0.84B,-13.35%,$-0.11B,$0.64B,-18.53%,$66,$36,$30,$0,$6,$61,$5,$4,$9,$3,$6,$6,$6,$25,$5,$160,164,$0.04,$0.04,$121,$22,$0,$170,$626,$0,$0,$4,$671,$840,$51,$42,$16,$192,$242,$610,$-73,$0,$598,$840,$-1,$40,$10,$50,$1,$1,$-8,$0,$-8,$37,$-24,$0,$0,$-1,$0,$-1,$-0,$-26,$35,$-5,$30,$9,$9,$0,$6,$44,$57,$2,$0
10,2016-03-31,6.48,$3.46,1.87,$1.66,3.9,$-0.00,0.0,$-0.74,0.0,$0.12B,$0.06B,1.97,$0.05B,$0.54B,0.09,$0.23B,$0.09B,39.22%,$0.23B,$-0.12B,-49.57%,$0.23B,$-0.12B,-49.57%,$0.23B,$-0.04B,-15.95%,$0.23B,$-0.13B,-54.31%,$0.23B,$-0.12B,-49.57%,$-0.12B,$0.54B,-21.19%,$-0.12B,$0.54B,-21.19%,$-0.12B,$0.80B,-14.83%,$-0.12B,$0.59B,-20.48%,$67,$37,$29,$0,$5,$60,$6,$-5,$1,$9,$-7,$-7,$-7,$26,$6,$156,156,$-0.05,$-0.05,$69,$20,$0,$118,$636,$0,$0,$4,$677,$795,$60,$47,$17,$195,$254,$559,$-79,$0,$540,$795,$-7,$20,$12,$32,$-0,$2,$-2,$-0,$-1,$22,$-9,$0,$0,$0,$0,$0,$-0,$-9,$35,$-3,$32,$2,$2,$0,$-36,$-2,$11,$1,$0
11,2015-12-31,3.27,$3.50,0.93,$1.70,1.92,$-0.13,0.0,$-0.70,0.0,$0.11B,$0.09B,1.18,$0.01B,$0.55B,0.01,$0.22B,$0.08B,38.18%,$0.22B,$-0.12B,-54.55%,$0.22B,$-0.12B,-54.55%,$0.22B,$-0.05B,-20.45%,$0.22B,$-0.13B,-57.27%,$0.22B,$-0.11B,-49.55%,$-0.11B,$0.55B,-20.26%,$-0.11B,$0.55B,-20.26%,$-0.11B,$0.79B,-14.23%,$-0.12B,$0.55B,-21.89%,$66,$39,$27,$0,$116,$178,$-112,$-4,$-116,$-13,$-103,$-103,$-103,$-90,$-112,$156,156,$-0.66,$-0.66,$57,$22,$0,$105,$647,$0,$0,$3,$685,$790,$89,$7,$28,$156,$245,$557,$-72,$0,$545,$790,$-108,$76,$92,$76,$-2,$6,$-6,$0,$1,$56,$-57,$0,$28,$0,$0,$0,$-0,$-29,$0,$-12,$0,$0,$0,$0,$-4,$-16,$11,$5,$0
12,2015-09-30,3.2,$0.00,0.0,$1.89,1.69,$0.38,8.45,$-0.59,0.0,$0.06B,$0.07B,0.82,$0.01B,$0.54B,0.02,$0.23B,$0.09B,37.44%,$0.23B,$-0.10B,-45.37%,$0.23B,$-0.10B,-45.37%,$0.23B,$-0.03B,-14.10%,$0.23B,$-0.10B,-44.49%,$0.23B,$-0.07B,-31.28%,$-0.07B,$0.54B,-13.35%,$-0.07B,$0.54B,-13.35%,$-0.07B,$0.75B,-9.33%,$-0.10B,$0.55B,-18.93%,$45,$31,$14,$0,$5,$52,$-7,$0,$-7,$-5,$-2,$-2,$-2,$11,$-7,$122,122,$-0.01,$-0.01,$28,$16,$3,$60,$0,$3,$0,$3,$6,$750,$73,$9,$29,$134,$208,$454,$31,$0,$543,$750,$-5,$53,$-5,$48,$0,$2,$-2,$-1,$1,$38,$-44,$0,$0,$0,$0,$0,$0,$-44,$0,$-9,$-9,$0,$0,$0,$2,$-7,$-14,$4,$0
13,2015-06-30,4.83,$0.00,0.0,$1.88,2.58,$0.20,24.19,$-0.67,0.0,$0.07B,$0.07B,0.99,$0.01B,$0.54B,0.02,$0.22B,$0.08B,35.87%,$0.22B,$-0.10B,-46.64%,$0.22B,$-0.10B,-46.64%,$0.22B,$-0.04B,-16.14%,$0.22B,$-0.10B,-46.64%,$0.22B,$-0.08B,-35.43%,$-0.08B,$0.54B,-14.57%,$-0.08B,$0.54B,-14.57%,$-0.08B,$0.77B,-9.97%,$-0.10B,$0.56B,-18.68%,$54,$33,$21,$0,$6,$56,$-2,$-3,$-4,$-2,$-3,$-3,$-3,$16,$-2,$121,121,$-0.02,$-0.02,$40,$16,$2,$72,$0,$3,$0,$3,$6,$766,$73,$12,$35,$150,$223,$454,$33,$0,$543,$766,$-4,$35,$2,$37,$-1,$2,$-6,$-0,$-2,$28,$-31,$0,$0,$0,$0,$0,$-0,$-31,$0,$-7,$-7,$0,$0,$0,$9,$2,$-3,$3,$0
14,2015-03-31,5.41,$0.00,0.0,$2.00,2.71,$0.50,10.9,$-0.59,0.0,$0.06B,$0.07B,0.83,$0.01B,$0.52B,0.03,$0.24B,$0.08B,35.17%,$0.24B,$-0.10B,-42.37%,$0.24B,$-0.10B,-42.37%,$0.24B,$-0.04B,-14.83%,$0.24B,$-0.09B,-38.14%,$0.24B,$-0.07B,-28.81%,$-0.07B,$0.52B,-12.26%,$-0.07B,$0.52B,-12.26%,$-0.07B,$0.76B,-8.26%,$-0.10B,$0.53B,-17.52%,$55,$32,$22,$0,$6,$54,$1,$0,$1,$2,$-1,$-1,$-1,$18,$1,$118,118,$-0.01,$-0.01,$26,$17,$2,$62,$0,$3,$0,$4,$7,$757,$74,$13,$38,$162,$236,$431,$36,$0,$521,$757,$-1,$17,$1,$18,$-2,$1,$-7,$-1,$-8,$6,$-12,$0,$0,$0,$0,$0,$-1,$-13,$0,$-4,$-4,$0,$0,$0,$-7,$-10,$-18,$2,$0
15,2014-12-31,5.02,$4.43,1.13,$2.09,2.4,$0.49,10.22,$-0.53,0.0,$0.08B,$0.08B,0.96,$0.02B,$0.52B,0.03,$0.25B,$0.09B,36.99%,$0.25B,$-0.09B,-37.40%,$0.25B,$-0.09B,-37.40%,$0.25B,$-0.03B,-12.20%,$0.25B,$-0.08B,-32.93%,$0.25B,$-0.06B,-24.80%,$-0.06B,$0.52B,-10.70%,$-0.06B,$0.52B,-10.70%,$-0.06B,$0.77B,-7.17%,$-0.09B,$0.54B,-15.67%,$73,$45,$28,$0,$101,$167,$-95,$4,$-91,$-27,$-65,$-65,$-65,$-77,$-95,$118,118,$-0.55,$-0.55,$43,$18,$1,$75,$690,$3,$0,$3,$6,$771,$78,$15,$47,$173,$251,$431,$37,$0,$521,$771,$-61,$61,$75,$61,$8,$9,$9,$1,$33,$93,$-34,$0,$0,$0,$0,$0,$-72,$-106,$0,$0,$30,$0,$1,$0,$-33,$-1,$-14,$7,$0
16,2014-09-30,7.8,$0.00,0.0,$1.97,3.95,$-0.39,0.0,$-0.67,0.0,$0.09B,$0.08B,1.15,$0.02B,$0.58B,0.03,$0.23B,$0.09B,39.22%,$0.23B,$0.01B,3.45%,$0.23B,$0.01B,3.45%,$0.23B,$0.07B,28.02%,$0.23B,$-0.02B,-8.62%,$0.23B,$-0.08B,-33.19%,$-0.08B,$0.58B,-13.21%,$-0.08B,$0.58B,-13.21%,$-0.08B,$0.88B,-8.83%,$0.01B,$0.60B,1.33%,$41,$32,$9,$0,$7,$49,$-8,$-1,$-10,$1,$-10,$-10,$-10,$7,$-8,$118,118,$-0.09,$-0.09,$37,$33,$2,$88,$0,$3,$0,$3,$7,$875,$76,$18,$56,$215,$291,$430,$101,$0,$584,$875,$3,$44,$0,$44,$0,$0,$0,$0,$11,$52,$-79,$0,$0,$0,$0,$0,$-2,$-80,$0,$0,$21,$0,$0,$0,$-12,$9,$-20,$0,$0
17,2014-06-30,10.81,$0.00,0.0,$2.28,4.73,$-0.44,0.0,$-0.44,0.0,$0.12B,$0.07B,1.64,$0.02B,$0.59B,0.03,$0.27B,$0.12B,45.90%,$0.27B,$0.04B,13.81%,$0.27B,$0.04B,13.81%,$0.27B,$0.09B,33.96%,$0.27B,$0.01B,4.48%,$0.27B,$-0.05B,-19.03%,$-0.05B,$0.59B,-8.51%,$-0.05B,$0.59B,-8.60%,$-0.05B,$0.89B,-5.83%,$0.04B,$0.61B,5.99%,$67,$43,$24,$0,$8,$65,$2,$8,$10,$2,$8,$8,$8,$17,$2,$117,117,$0.06,$0.06,$70,$24,$6,$118,$0,$0,$0,$6,$6,$891,$72,$18,$64,$226,$298,$430,$112,$0,$593,$891,$14,$28,$0,$28,$0,$0,$0,$0,$0,$47,$-15,$0,$0,$0,$0,$0,$-38,$-53,$0,$0,$0,$0,$0,$0,$18,$18,$12,$0,$0
18,2014-03-31,9.64,$0.00,0.0,$2.13,4.53,$-0.90,0.0,$-0.50,0.0,$0.10B,$0.08B,1.23,$0.02B,$0.58B,0.03,$0.25B,$0.12B,49.40%,$0.25B,$0.04B,15.66%,$0.25B,$0.04B,15.66%,$0.25B,$0.09B,35.74%,$0.25B,$0.00B,1.20%,$0.25B,$-0.06B,-23.69%,$-0.06B,$0.58B,-9.72%,$-0.06B,$0.58B,-9.92%,$-0.06B,$0.87B,-6.78%,$0.04B,$0.60B,6.24%,$65,$35,$30,$0,$8,$56,$9,$1,$10,$4,$6,$6,$6,$23,$9,$117,117,$0.05,$0.05,$45,$29,$3,$102,$0,$0,$0,$5,$5,$868,$83,$17,$37,$203,$285,$429,$104,$0,$583,$868,$6,$14,$0,$14,$0,$0,$0,$0,$-4,$19,$-26,$0,$0,$0,$0,$0,$1,$-25,$0,$0,$-3,$0,$1,$0,$-5,$-7,$-13,$0,$0
19,2013-12-31,9.8,$0.00,0.0,$2.14,4.58,$-0.83,0.0,$-0.32,0.0,$0.11B,$0.08B,1.43,$0.02B,$0.57B,0.04,$0.25B,$0.14B,54.18%,$0.25B,$0.05B,21.12%,$0.25B,$0.05B,21.12%,$0.25B,$0.10B,38.65%,$0.25B,$0.03B,10.36%,$0.25B,$-0.04B,-15.14%,$-0.04B,$0.57B,-6.15%,$-0.04B,$0.57B,-6.34%,$-0.04B,$0.86B,-4.39%,$0.05B,$0.59B,8.34%,$59,$31,$28,$0,$9,$54,$5,$-35,$-30,$51,$-81,$-81,$-81,$18,$5,$118,118,$-0.69,$-0.69,$59,$27,$2,$110,$0,$0,$0,$6,$6,$855,$77,$20,$38,$207,$284,$426,$98,$0,$571,$855,$-38,$44,$0,$44,$0,$0,$0,$0,$4,$134,$-179,$0,$0,$0,$0,$0,$-10,$-189,$0,$0,$-5,$0,$-1,$0,$4,$-2,$-57,$0,$0
20,2013-09-30,11.86,$0.00,0.0,$2.25,5.28,$-0.78,0.0,$0.56,21.18,$0.13B,$0.06B,2.16,$0.02B,$0.65B,0.03,$0.26B,$0.16B,58.94%,$0.26B,$0.08B,28.52%,$0.26B,$0.08B,28.52%,$0.26B,$0.11B,43.35%,$0.26B,$0.08B,31.94%,$0.26B,$0.07B,24.71%,$0.07B,$0.65B,10.43%,$0.07B,$0.62B,10.86%,$0.07B,$0.89B,7.60%,$0.08B,$0.67B,11.72%,$77,$36,$41,$0,$8,$56,$21,$1,$22,$6,$16,$16,$16,$33,$21,$117,117,$0.14,$0.14,$71,$27,$2,$129,$0,$0,$25,$9,$49,$888,$60,$18,$38,$179,$239,$426,$180,$0,$649,$888,$43,$31,$0,$31,$0,$0,$0,$0,$-2,$109,$-140,$0,$0,$0,$0,$-8,$-2,$-150,$0,$0,$-2,$0,$-1,$0,$1,$-2,$-44,$0,$0
21,2013-06-30,10.59,$0.00,0.0,$2.13,4.96,$-0.66,0.0,$0.63,16.81,$0.15B,$0.07B,2.23,$0.02B,$0.63B,0.03,$0.25B,$0.16B,62.80%,$0.25B,$0.08B,32.80%,$0.25B,$0.08B,32.80%,$0.25B,$0.12B,46.40%,$0.25B,$0.09B,37.20%,$0.25B,$0.07B,29.60%,$0.07B,$0.63B,12.28%,$0.07B,$0.60B,12.80%,$0.07B,$0.87B,9.08%,$0.08B,$0.64B,13.28%,$48,$24,$24,$0,$10,$44,$4,$-3,$1,$1,$0,$0,$0,$15,$4,$117,117,$0.00,$0.00,$84,$32,$23,$146,$0,$0,$25,$11,$52,$870,$66,$17,$43,$178,$244,$425,$163,$0,$626,$870,$27,$19,$0,$19,$0,$0,$0,$0,$-4,$71,$-93,$0,$0,$0,$0,$0,$-11,$-104,$0,$-1,$5,$0,$-1,$0,$-1,$2,$-33,$0,$0
22,2013-03-31,16.17,$0.00,0.0,$2.24,7.22,$-0.51,0.0,$0.77,21.0,$0.17B,$0.07B,2.64,$0.02B,$0.63B,0.03,$0.26B,$0.17B,65.76%,$0.26B,$0.10B,39.69%,$0.26B,$0.10B,39.69%,$0.26B,$0.13B,51.36%,$0.26B,$0.11B,43.19%,$0.26B,$0.09B,34.63%,$0.09B,$0.63B,16.32%,$0.09B,$0.60B,16.90%,$0.09B,$0.85B,12.28%,$0.10B,$0.64B,18.24%,$67,$24,$43,$0,$12,$44,$23,$11,$33,$7,$27,$27,$27,$31,$23,$117,118,$0.23,$0.23,$110,$24,$30,$174,$0,$0,$25,$15,$46,$848,$66,$16,$47,$158,$224,$425,$165,$0,$625,$848,$27,$8,$0,$8,$0,$0,$0,$0,$1,$45,$-43,$0,$0,$0,$0,$0,$-5,$-49,$0,$-2,$4,$0,$1,$0,$-1,$2,$-2,$0,$0
23,2012-12-31,20.19,$0.00,0.0,$2.22,9.11,$-0.48,0.0,$0.79,25.56,$0.17B,$0.06B,3.02,$0.01B,$0.59B,0.02,$0.25B,$0.17B,67.34%,$0.25B,$0.11B,43.15%,$0.25B,$0.11B,43.15%,$0.25B,$0.13B,53.23%,$0.25B,$0.11B,44.76%,$0.25B,$0.09B,35.48%,$0.09B,$0.59B,18.18%,$0.09B,$0.57B,18.66%,$0.09B,$0.81B,13.90%,$0.11B,$0.61B,21.55%,$71,$24,$47,$0,$13,$44,$27,$1,$28,$6,$22,$22,$22,$35,$27,$116,116,$0.19,$0.19,$112,$24,$31,$173,$0,$0,$25,$10,$47,$813,$57,$14,$54,$162,$220,$424,$138,$0,$594,$813,$89,$26,$0,$26,$0,$0,$0,$0,$1,$136,$-175,$0,$0,$0,$0,$-5,$7,$-173,$0,$-1,$49,$0,$11,$0,$-2,$56,$20,$0,$0
24,2012-09-30,23.17,$0.00,0.0,$2.19,10.57,$0.16,146.18,$0.80,28.96,$0.14B,$0.05B,2.56,$0.01B,$0.57B,0.02,$0.24B,$0.17B,69.04%,$0.24B,$0.11B,47.28%,$0.24B,$0.11B,47.28%,$0.24B,$0.14B,56.90%,$0.24B,$0.11B,46.44%,$0.24B,$0.09B,36.82%,$0.09B,$0.57B,20.79%,$0.09B,$0.54B,21.10%,$0.09B,$0.73B,16.27%,$0.11B,$0.58B,26.01%,$64,$21,$43,$0,$8,$35,$28,$2,$31,$6,$25,$25,$25,$35,$28,$115,117,$0.22,$0.21,$73,$25,$32,$138,$0,$0,$25,$18,$55,$729,$54,$12,$9,$109,$163,$419,$116,$0,$566,$729,$67,$18,$0,$18,$0,$0,$0,$0,$-4,$88,$-106,$0,$0,$0,$0,$-5,$4,$-107,$0,$0,$-1,$0,$7,$0,$-6,$-0,$-18,$0,$0
25,2012-06-30,14.45,$0.00,0.0,$2.24,6.44,$0.76,18.92,$0.86,16.8,$0.13B,$0.03B,3.76,$0.01B,$0.40B,0.03,$0.24B,$0.17B,71.19%,$0.24B,$0.12B,52.12%,$0.24B,$0.12B,52.12%,$0.24B,$0.14B,60.59%,$0.24B,$0.12B,48.73%,$0.24B,$0.09B,38.56%,$0.09B,$0.40B,25.05%,$0.09B,$0.40B,25.05%,$0.09B,$0.51B,19.69%,$0.12B,$0.41B,32.87%,$55,$18,$36,$0,$8,$31,$24,$-4,$19,$4,$15,$15,$15,$31,$24,$106,106,$0.14,$0.14,$71,$19,$33,$129,$0,$0,$0,$12,$21,$510,$34,$13,$6,$79,$113,$278,$91,$0,$397,$510,$42,$11,$0,$11,$0,$0,$0,$0,$5,$62,$-66,$0,$0,$0,$0,$-8,$-8,$-81,$0,$-3,$-1,$0,$4,$0,$-1,$-1,$-20,$0,$0
26,2012-03-31,16.58,$0.00,0.0,$2.39,6.93,$1.24,13.4,$1.02,16.25,$0.14B,$0.03B,4.22,$0.01B,$0.38B,0.03,$0.25B,$0.18B,73.09%,$0.25B,$0.14B,56.22%,$0.25B,$0.14B,56.22%,$0.25B,$0.16B,62.65%,$0.25B,$0.14B,55.02%,$0.25B,$0.11B,42.97%,$0.11B,$0.38B,31.68%,$0.11B,$0.38B,31.68%,$0.11B,$0.48B,25.01%,$0.14B,$0.39B,40.35%,$58,$17,$41,$0,$7,$29,$28,$5,$33,$7,$26,$26,$26,$31,$28,$105,105,$0.25,$0.25,$85,$18,$31,$142,$0,$0,$0,$14,$21,$481,$34,$11,$7,$68,$101,$277,$76,$0,$379,$481,$26,$3,$0,$3,$0,$0,$0,$0,$9,$39,$-33,$0,$0,$0,$0,$-8,$-4,$-45,$0,$0,$-1,$0,$3,$0,$-2,$0,$-6,$0,$0
27,2011-12-31,16.84,$0.00,0.0,$2.37,7.11,$1.42,11.86,$1.00,16.84,$0.14B,$0.03B,4.94,$0.01B,$0.35B,0.03,$0.25B,$0.18B,72.76%,$0.25B,$0.14B,57.32%,$0.25B,$0.14B,57.32%,$0.25B,$0.16B,63.82%,$0.25B,$0.14B,55.69%,$0.25B,$0.11B,42.68%,$0.11B,$0.35B,34.20%,$0.11B,$0.35B,34.20%,$0.11B,$0.44B,27.15%,$0.14B,$0.36B,44.83%,$62,$16,$45,$0,$6,$29,$33,$-4,$28,$7,$21,$22,$22,$39,$33,$105,105,$0.20,$0.20,$91,$15,$25,$138,$0,$0,$0,$11,$19,$443,$28,$10,$6,$65,$93,$273,$49,$0,$351,$443,$104,$16,$0,$16,$0,$0,$0,$0,$-14,$128,$-96,$0,$0,$0,$0,$0,$-8,$-104,$0,$0,$1,$0,$28,$0,$-2,$27,$50,$0,$0
28,2011-09-30,15.21,$0.00,0.0,$2.21,6.9,$1.54,9.89,$0.94,16.18,$0.14B,$0.04B,3.57,$0.01B,$0.33B,0.03,$0.22B,$0.17B,77.58%,$0.22B,$0.15B,65.92%,$0.22B,$0.15B,65.92%,$0.22B,$0.16B,70.40%,$0.22B,$0.15B,66.37%,$0.22B,$0.10B,43.05%,$0.10B,$0.33B,34.13%,$0.10B,$0.33B,34.13%,$0.10B,$0.42B,27.12%,$0.15B,$0.34B,51.17%,$61,$15,$46,$0,$4,$23,$38,$-3,$35,$7,$28,$28,$28,$42,$38,$103,103,$0.27,$0.27,$106,$12,$17,$141,$0,$0,$0,$11,$16,$415,$39,$10,$7,$49,$89,$272,$28,$0,$326,$415,$82,$9,$0,$9,$0,$0,$0,$0,$0,$108,$-61,$0,$0,$0,$0,$0,$-6,$-67,$0,$0,$0,$0,$27,$0,$1,$29,$65,$0,$0
29,2011-06-30,18.44,$0.00,0.0,$1.94,9.48,$1.08,17.04,$0.77,23.95,$0.14B,$0.04B,3.82,$0.01B,$0.30B,0.02,$0.20B,$0.16B,82.05%,$0.20B,$0.14B,72.82%,$0.20B,$0.14B,72.82%,$0.20B,$0.15B,75.90%,$0.20B,$0.15B,74.87%,$0.20B,$0.08B,40.00%,$0.08B,$0.30B,39.05%,$0.08B,$0.30B,39.05%,$0.08B,$0.37B,31.17%,$0.14B,$0.30B,69.86%,$68,$18,$50,$0,$5,$27,$41,$-0,$41,$11,$31,$31,$31,$44,$41,$102,102,$0.30,$0.30,$105,$10,$17,$137,$0,$0,$0,$10,$12,$372,$36,$7,$8,$41,$77,$266,$0,$0,$295,$372,$54,$6,$0,$6,$0,$0,$0,$0,$5,$72,$-28,$0,$0,$0,$0,$0,$-7,$-35,$0,$0,$0,$0,$23,$0,$3,$26,$64,$0,$0
30,2011-03-31,21.24,$0.00,0.0,$1.57,13.54,$0.65,32.64,$0.56,37.93,$0.11B,$0.02B,4.77,$0.00B,$0.26B,0.02,$0.16B,$0.14B,89.03%,$0.16B,$0.13B,83.23%,$0.16B,$0.13B,83.23%,$0.16B,$0.13B,85.16%,$0.16B,$0.13B,85.81%,$0.16B,$0.06B,35.48%,$0.06B,$0.26B,43.65%,$0.06B,$0.26B,43.65%,$0.06B,$0.32B,34.98%,$0.13B,$0.26B,100.98%,$55,$17,$38,$0,$6,$26,$29,$3,$33,$9,$24,$24,$24,$32,$29,$100,106,$0.24,$0.23,$86,$9,$8,$107,$0,$0,$0,$6,$9,$317,$23,$4,$8,$39,$62,$259,$-30,$0,$256,$317,$24,$3,$0,$3,$0,$0,$0,$0,$4,$34,$-10,$0,$0,$0,$0,$0,$-1,$-10,$0,$2,$-0,$0,$18,$0,$-0,$20,$44,$0,$0
31,2010-12-31,14.52,$0.00,0.0,$1.23,11.76,$0.42,34.82,$0.33,44.0,$0.06B,$0.01B,4.45,$0.00B,$0.25B,0.01,$0.12B,$0.12B,100.00%,$0.12B,$0.12B,100.00%,$0.12B,$0.12B,100.00%,$0.12B,$0.12B,100.00%,$0.12B,$0.12B,100.00%,$0.12B,$0.03B,26.27%,$0.03B,$0.25B,50.00%,$0.03B,$0.25B,50.00%,$0.03B,$0.31B,39.74%,$0.12B,$0.25B,188.05%,$39,$0,$39,$0,$0,$0,$39,$0,$39,$0,$39,$13,$13,$39,$39,$93,93,$0.15,$0.14,$40,$8,$10,$60,$0,$0,$0,$3,$3,$312,$14,$2,$0,$50,$64,$258,$3,$0,$248,$312,$35,$9,$0,$9,$0,$0,$0,$0,$0,$57,$-18,$0,$0,$0,$0,$-0,$-13,$-31,$0,$0,$-4,$0,$13,$0,$-0,$8,$34,$0,$0
32,2010-09-30,6.82,$0.00,0.0,$1.03,6.65,0,0.0,$0.22,31.0,$0.00B,$0.00B,0.0,$0.00B,$0.00B,0.0,$0.10B,$0.10B,100.00%,$0.10B,$0.10B,100.00%,$0.10B,$0.10B,100.00%,$0.10B,$0.10B,100.00%,$0.10B,$0.10B,100.00%,$0.10B,$0.02B,20.62%,$0.02B,$0.00B,inf%,$0.02B,$0.00B,inf%,$0.02B,$0.00B,inf%,$0.10B,$0.00B,inf%,$33,$0,$33,$0,$0,$0,$33,$0,$33,$0,$33,$10,$10,$33,$33,$93,97,$0.11,$0.10,$0,$0,$0,$0,$0,$0,$0,$0,$0,$0,$0,$0,$0,$0,$0,$0,$0,$0,$0,$0,$0,$0,$0,$0,$0,$0,$0,$0,$0,$0,$0,$0,$0,$0,$0,$0,$0,$0,$0,$0,$0,$0,$0,$0,$0,$0,$0,$0,$0
33,2010-06-30,4.03,$0.00,0.0,$0.81,4.96,0,0.0,$0.14,28.79,$0.00B,$0.00B,0.0,$0.00B,$0.00B,0.0,$0.08B,$0.08B,100.00%,$0.08B,$0.08B,100.00%,$0.08B,$0.08B,100.00%,$0.08B,$0.08B,100.00%,$0.08B,$0.08B,100.00%,$0.08B,$0.01B,15.58%,$0.01B,$0.00B,inf%,$0.01B,$0.00B,inf%,$0.01B,$0.00B,inf%,$0.08B,$0.00B,inf%,$28,$0,$28,$0,$0,$0,$28,$0,$28,$0,$28,$8,$8,$28,$28,$93,95,$0.09,$0.09,$0,$0,$0,$0,$0,$0,$0,$0,$0,$0,$0,$0,$0,$0,$0,$0,$0,$0,$0,$0,$0,$0,$0,$0,$0,$0,$0,$0,$0,$0,$0,$0,$0,$0,$0,$0,$0,$0,$0,$0,$0,$0,$0,$0,$0,$0,$0,$0,$0
34,2010-03-31,3.13,$0.00,0.0,$0.63,4.93,0,0.0,$0.06,52.17,$0.00B,$0.00B,0.0,$0.00B,$0.00B,0.0,$0.06B,$0.06B,100.00%,$0.06B,$0.06B,100.00%,$0.06B,$0.06B,100.00%,$0.06B,$0.06B,100.00%,$0.06B,$0.06B,100.00%,$0.06B,$0.01B,8.33%,$0.01B,$0.00B,inf%,$0.01B,$0.00B,inf%,$0.01B,$0.00B,inf%,$0.06B,$0.00B,inf%,$18,$0,$18,$0,$0,$0,$18,$0,$18,$0,$18,$0,$0,$18,$18,$93,94,$0.00,$0.00,$0,$0,$0,$0,$0,$0,$0,$0,$0,$0,$0,$0,$0,$0,$0,$0,$0,$0,$0,$0,$0,$0,$0,$0,$0,$0,$0,$0,$0,$0,$0,$0,$0,$0,$0,$0,$0,$0,$0,$0,$0,$0,$0,$0,$0,$0,$0,$0,$0
35,2009-12-31,3.94,$0.00,0.0,$0.57,6.9,0,0.0,$0.07,56.29,$0.00B,$0.00B,0.0,$0.00B,$0.00B,0.0,$0.05B,$0.05B,100.00%,$0.05B,$0.05B,100.00%,$0.05B,$0.05B,100.00%,$0.05B,$0.05B,100.00%,$0.05B,$0.05B,100.00%,$0.05B,$0.01B,11.11%,$0.01B,$0.00B,inf%,$0.01B,$0.00B,inf%,$0.01B,$0.00B,inf%,$0.05B,$0.00B,inf%,$18,$0,$18,$0,$0,$0,$18,$0,$18,$0,$18,$2,$2,$18,$18,$83,83,$0.03,$0.03,$0,$0,$0,$0,$0,$0,$0,$0,$0,$0,$0,$0,$0,$0,$0,$0,$0,$0,$0,$0,$0,$0,$0,$0,$0,$0,$0,$0,$0,$0,$0,$0,$0,$0,$0,$0,$0,$0,$0,$0,$0,$0,$0,$0,$0,$0,$0,$0,$0
