,Date,Stock Price,Book Value per Share,Price to Book Ratio,TTM Sales per Share,Price to Sales Ratio,TTM FCF per Share,Price to FCF Ratio,TTM Net EPS,PE Ratio,Current Assets,Current Liabilities,Current Ratio,Long Term Debt,Shareholder's Equity_x,Debt to Equity Ratio,TTM Revenue_x,TTM Gross Profit,Gross Margin,TTM Revenue_y,TTM Operating Income,Operating Margin,TTM Revenue_x,TTM EBIT,EBIT Margin,TTM Revenue_y,TTM EBITDA,EBITDA Margin,TTM Revenue_x,TTM Pre-Tax Income,Pre-Tax Margin,TTM Revenue_y,TTM Net Income_x,Net Margin,TTM Net Income_y,Shareholder's Equity_y,Return on Equity,TTM Net Income_x,Tangible Equity,Return on Tangible Equity,TTM Net Income_y,Total Assets,Return on Assets,TTM Net Income,LT Investments & Debt,Return on Investment,revenue,cost-goods-sold,gross-profit,research-development-expenses,selling-general-administrative-expenses,operating-expenses,operating-income,total-non-operating-income-expense,pre-tax-income,total-provision-income-taxes,income-after-taxes,income-from-continuous-operations,net-income,ebitda,ebit,basic-shares-outstanding,shares-outstanding,eps-basic-net-earnings-per-share,eps-earnings-per-share-diluted,cash-on-hand,inventory,other-current-assets,total-current-assets,net-property-plant-equipment,long-term-investments,goodwill-intangible-assets-total,other-long-term-assets,total-long-term-assets,total-assets,total-current-liabilities,long-term-debt,other-non-current-liabilities,total-long-term-liabilities,total-liabilities,common-stock-net,retained-earnings-accumulated-deficit,comprehensive-income,total-share-holder-equity,total-liabilities-share-holders-equity,net-income-loss,total-depreciation-amortization-cash-flow,other-non-cash-items,total-non-cash-items,change-in-accounts-receivable,change-in-inventories,change-in-accounts-payable,change-in-assets-liabilities,total-change-in-assets-liabilities,cash-flow-from-operating-activities,net-change-in-property-plant-equipment,net-change-in-intangible-assets,net-acquisitions-divestitures,net-change-in-short-term-investments,net-change-in-long-term-investments,net-change-in-investments-total,investing-activities-other,cash-flow-from-investing-activities,net-long-term-debt,net-current-debt,debt-issuance-retirement-net-total,net-common-equity-issued-repurchased,net-total-equity-issued-repurchased,total-common-preferred-stock-dividends-paid,financial-activities-other,cash-flow-from-financial-activities,net-cash-flow,stock-based-compensation,common-stock-dividends-paid
0,2018-09-30,60.79,$37.83,1.61,$115.88,0.52,$-5.73,0.0,$2.88,21.11,$3.79B,$2.66B,1.43,$1.70B,$2.97B,0.57,$9.29B,$1.99B,21.41%,$9.29B,$0.47B,5.08%,$9.29B,$0.47B,5.08%,$9.29B,$0.77B,8.25%,$9.29B,$0.34B,3.66%,$9.29B,$0.23B,2.48%,$0.23B,$2.97B,7.55%,$0.23B,$0.88B,25.62%,$0.23B,$7.92B,2.84%,$0.47B,$4.67B,9.83%,$2215,$1741,$474,$0,$261,$2103,$111,$-26,$85,$24,$61,$71,$71,$182,$111,$79,80,$0.90,$0.89,$293,$2102,$402,$3789,$1368,$419,$2085,$147,$4128,$7917,$2659,$1699,$245,$2289,$4948,$1,$4405,$-1582,$2969,$7917,$186,$219,$9,$229,$-60,$-398,$-18,$4,$-416,$-4,$-136,$0,$0,$0,$-6,$-6,$0,$-141,$216,$0,$216,$-84,$-84,$-36,$-5,$92,$-75,$33,$-36
1,2018-06-30,60.56,$37.89,1.6,$112.86,0.54,$-6.03,0.0,$2.75,22.02,$3.84B,$2.70B,1.42,$1.73B,$3.00B,0.58,$9.06B,$1.94B,21.46%,$9.06B,$0.46B,5.06%,$9.06B,$0.46B,5.06%,$9.06B,$0.75B,8.30%,$9.06B,$0.32B,3.55%,$9.06B,$0.22B,2.43%,$0.22B,$3.00B,7.15%,$0.22B,$0.89B,24.23%,$0.22B,$8.02B,2.70%,$0.46B,$4.73B,9.35%,$2538,$1981,$556,$0,$272,$2370,$168,$-48,$120,$39,$81,$90,$91,$242,$168,$79,80,$1.15,$1.14,$281,$2132,$384,$3844,$1393,$411,$2112,$154,$4180,$8024,$2701,$1728,$244,$2326,$5026,$1,$4346,$-1534,$2998,$8024,$115,$149,$-5,$144,$-83,$-396,$8,$-0,$-465,$-204,$-88,$0,$0,$0,$-6,$-6,$0,$-93,$282,$0,$282,$-34,$-34,$-24,$-4,$221,$-87,$23,$-24
2,2018-03-31,64.53,$39.22,1.65,$108.25,0.6,$-4.35,0.0,$2.75,23.47,$4.06B,$2.72B,1.5,$1.99B,$3.12B,0.64,$8.69B,$1.86B,21.45%,$8.69B,$0.44B,5.04%,$8.69B,$0.44B,5.04%,$8.69B,$0.73B,8.36%,$8.69B,$0.32B,3.70%,$8.69B,$0.22B,2.54%,$0.22B,$3.12B,7.20%,$0.22B,$0.92B,23.90%,$0.22B,$8.45B,2.74%,$0.44B,$5.11B,8.94%,$2008,$1580,$428,$0,$265,$1957,$51,$-22,$29,$11,$17,$25,$24,$126,$51,$80,81,$0.31,$0.30,$348,$2283,$406,$4061,$1487,$422,$2204,$157,$4388,$8449,$2716,$1989,$248,$2614,$5330,$1,$4267,$-1350,$3119,$8449,$25,$75,$-2,$73,$6,$-398,$66,$-25,$-459,$-361,$-45,$0,$0,$0,$0,$0,$0,$-44,$402,$0,$402,$-7,$-7,$-12,$-3,$379,$-20,$9,$-12
3,2017-12-31,70.93,$38.91,1.82,$103.78,0.68,$-3.18,0.0,$2.32,30.57,$3.63B,$2.65B,1.37,$1.62B,$3.10B,0.52,$8.31B,$1.77B,21.25%,$8.31B,$0.40B,4.85%,$8.31B,$0.40B,4.85%,$8.31B,$0.68B,8.24%,$8.31B,$0.28B,3.42%,$8.31B,$0.19B,2.25%,$0.19B,$3.10B,6.22%,$0.19B,$0.91B,20.36%,$0.19B,$7.97B,2.39%,$0.40B,$4.71B,8.41%,$2527,$1996,$531,$0,$280,$2385,$142,$-37,$106,$69,$37,$45,$44,$216,$142,$80,80,$0.56,$0.55,$368,$1873,$368,$3628,$1485,$409,$2190,$147,$4344,$7972,$2651,$1618,$230,$2226,$4876,$1,$4254,$-1362,$3095,$7972,$189,$281,$65,$346,$-35,$-196,$124,$-2,$40,$578,$-200,$0,$-293,$0,$-1,$-1,$0,$-494,$-126,$0,$-126,$0,$0,$-45,$-6,$-177,$-62,$38,$-45
4,2017-09-30,73.1,$38.88,1.88,$97.90,0.75,$-5.80,0.0,$2.54,28.78,$3.84B,$2.55B,1.51,$1.95B,$3.09B,0.63,$7.87B,$1.65B,21.01%,$7.87B,$0.35B,4.47%,$7.87B,$0.35B,4.47%,$7.87B,$0.63B,8.03%,$7.87B,$0.25B,3.15%,$7.87B,$0.21B,2.60%,$0.21B,$3.09B,6.96%,$0.21B,$0.93B,22.65%,$0.21B,$8.17B,2.69%,$0.35B,$5.04B,7.45%,$1986,$1558,$429,$0,$233,$1889,$97,$-30,$67,$17,$50,$61,$61,$168,$97,$80,80,$0.76,$0.76,$313,$2065,$414,$3839,$1440,$466,$2168,$163,$4335,$8174,$2548,$1950,$197,$2534,$5081,$1,$4221,$-1323,$3093,$8174,$144,$207,$17,$223,$-81,$-425,$100,$-61,$-399,$-29,$-136,$0,$-188,$0,$-1,$-1,$0,$-325,$250,$0,$250,$0,$0,$-33,$-6,$211,$-117,$31,$-33
5,2017-06-30,66.64,$37.38,1.78,$94.94,0.7,$-6.94,0.0,$2.28,29.23,$3.59B,$2.36B,1.52,$1.77B,$2.97B,0.6,$7.65B,$1.58B,20.64%,$7.65B,$0.31B,4.11%,$7.65B,$0.31B,4.11%,$7.65B,$0.59B,7.73%,$7.65B,$0.23B,2.98%,$7.65B,$0.18B,2.41%,$0.18B,$2.97B,6.32%,$0.18B,$0.95B,20.42%,$0.18B,$7.69B,2.47%,$0.31B,$4.74B,6.72%,$2165,$1690,$475,$0,$235,$2017,$148,$-29,$119,$37,$83,$92,$92,$217,$148,$80,80,$1.15,$1.14,$318,$1885,$368,$3590,$1391,$441,$2019,$154,$4102,$7693,$2359,$1772,$203,$2362,$4721,$1,$4171,$-1388,$2971,$7693,$83,$136,$18,$154,$-94,$-317,$121,$-25,$-305,$-66,$-91,$0,$0,$0,$-1,$-1,$0,$-92,$55,$0,$55,$0,$0,$-22,$-4,$29,$-112,$23,$-22
6,2017-03-31,59.38,$36.19,1.64,$92.21,0.64,$-6.64,0.0,$1.75,33.93,$3.36B,$2.17B,1.55,$1.78B,$2.88B,0.62,$7.48B,$1.53B,20.47%,$7.48B,$0.29B,3.81%,$7.48B,$0.29B,3.81%,$7.48B,$0.56B,7.51%,$7.48B,$0.20B,2.67%,$7.48B,$0.14B,1.90%,$0.14B,$2.88B,4.87%,$0.14B,$0.89B,14.42%,$0.14B,$7.40B,1.95%,$0.29B,$4.66B,6.23%,$1628,$1297,$330,$0,$223,$1612,$16,$-24,$-8,$11,$-19,$-8,$-10,$84,$16,$80,80,$-0.13,$-0.13,$290,$1775,$371,$3360,$1370,$430,$1985,$149,$4035,$7395,$2165,$1781,$194,$2353,$4519,$1,$4091,$-1394,$2876,$7395,$-8,$68,$4,$72,$-17,$-234,$64,$-49,$-315,$-251,$-56,$0,$0,$0,$-1,$-1,$0,$-57,$177,$0,$177,$0,$0,$-11,$-3,$163,$-140,$12,$-11
7,2016-12-31,56.97,$35.70,1.6,$90.50,0.63,$-7.38,0.0,$1.97,28.92,$3.17B,$2.15B,1.48,$1.61B,$2.84B,0.57,$7.41B,$1.52B,20.46%,$7.41B,$0.29B,3.89%,$7.41B,$0.29B,3.89%,$7.41B,$0.56B,7.61%,$7.41B,$0.21B,2.78%,$7.41B,$0.16B,2.16%,$0.16B,$2.84B,5.46%,$0.16B,$0.85B,14.97%,$0.16B,$7.17B,2.23%,$0.29B,$4.45B,6.46%,$2094,$1674,$420,$0,$225,$2003,$91,$-22,$70,$18,$51,$61,$62,$164,$91,$81,82,$0.77,$0.76,$430,$1515,$331,$3166,$1361,$415,$1984,$143,$4003,$7168,$2145,$1610,$194,$2186,$4331,$1,$4114,$-1442,$2837,$7168,$160,$276,$26,$302,$-5,$-33,$63,$-166,$-94,$370,$-199,$0,$-384,$0,$-16,$-16,$0,$-598,$496,$0,$496,$-213,$-213,$-43,$-4,$236,$3,$18,$-43
8,2016-09-30,48.44,$36.90,1.31,$87.36,0.55,$-5.86,0.0,$1.93,25.1,$3.43B,$2.16B,1.59,$1.88B,$2.96B,0.63,$7.28B,$1.49B,20.52%,$7.28B,$0.28B,3.88%,$7.28B,$0.28B,3.88%,$7.28B,$0.55B,7.59%,$7.28B,$0.19B,2.60%,$7.28B,$0.16B,2.20%,$0.16B,$2.96B,5.44%,$0.16B,$0.91B,13.66%,$0.16B,$7.54B,2.28%,$0.28B,$4.84B,6.56%,$1762,$1408,$354,$0,$214,$1703,$59,$-12,$47,$20,$28,$39,$40,$127,$59,$81,81,$0.50,$0.50,$298,$1781,$295,$3429,$1388,$435,$2054,$148,$4112,$7541,$2158,$1876,$205,$2421,$4579,$1,$4062,$-1310,$2962,$7541,$99,$203,$27,$230,$-132,$-251,$-11,$-57,$-456,$-127,$-132,$0,$-384,$0,$-14,$-14,$0,$-528,$716,$0,$716,$-170,$-170,$-32,$-2,$512,$-129,$19,$-32
9,2016-06-30,46.16,$36.77,1.26,$85.59,0.54,$-3.51,0.0,$2.20,20.98,$3.31B,$2.15B,1.54,$1.38B,$2.98B,0.46,$7.25B,$1.51B,20.76%,$7.25B,$0.30B,4.17%,$7.25B,$0.30B,4.17%,$7.25B,$0.57B,7.85%,$7.25B,$0.21B,2.94%,$7.25B,$0.19B,2.58%,$0.19B,$2.98B,6.35%,$0.19B,$1.29B,14.65%,$0.19B,$7.02B,2.71%,$0.30B,$4.36B,7.29%,$1996,$1569,$427,$0,$218,$1877,$119,$-28,$91,$55,$36,$49,$50,$187,$119,$82,82,$0.61,$0.61,$325,$1764,$271,$3306,$1355,$425,$1697,$145,$3710,$7016,$2146,$1379,$196,$1887,$4033,$1,$4033,$-1301,$2983,$7016,$60,$135,$24,$159,$-61,$-263,$81,$-40,$-283,$-65,$-71,$0,$-39,$0,$-12,$-12,$0,$-121,$214,$0,$214,$-120,$-120,$-22,$-2,$70,$-102,$11,$-22
10,2016-03-31,48.56,$35.57,1.36,$84.88,0.57,$-2.68,0.0,$2.81,17.28,$3.21B,$2.26B,1.42,$1.26B,$2.93B,0.43,$7.32B,$1.53B,20.87%,$7.32B,$0.33B,4.55%,$7.32B,$0.33B,4.55%,$7.32B,$0.60B,8.17%,$7.32B,$0.25B,3.43%,$7.32B,$0.24B,3.33%,$0.24B,$2.93B,8.13%,$0.24B,$1.23B,18.25%,$0.24B,$6.98B,3.48%,$0.33B,$4.19B,8.01%,$1559,$1245,$315,$0,$211,$1540,$19,$-22,$-2,$-0,$-2,$10,$8,$86,$19,$83,83,$0.09,$0.09,$248,$1726,$297,$3213,$1380,$419,$1705,$149,$3763,$6976,$2263,$1258,$195,$1780,$4043,$1,$3993,$-1366,$2933,$6976,$10,$67,$-12,$55,$-57,$-215,$8,$-70,$-414,$-348,$-35,$0,$-39,$0,$-12,$-12,$-0,$-86,$318,$0,$318,$-60,$-60,$-11,$-1,$246,$-179,$6,$-11
11,2015-12-31,44.22,$34.40,1.29,$85.24,0.52,$-1.98,0.0,$3.06,14.45,$2.90B,$2.19B,1.33,$0.93B,$2.88B,0.32,$7.47B,$1.56B,20.91%,$7.47B,$0.36B,4.83%,$7.47B,$0.36B,4.83%,$7.47B,$0.62B,8.36%,$7.47B,$0.28B,3.75%,$7.47B,$0.27B,3.56%,$0.27B,$2.88B,8.74%,$0.27B,$1.26B,19.10%,$0.27B,$6.50B,3.76%,$0.36B,$3.81B,8.51%,$1959,$1562,$397,$0,$222,$1874,$85,$-32,$53,$6,$47,$61,$62,$152,$85,$87,87,$0.73,$0.73,$427,$1423,$211,$2898,$1347,$393,$1622,$137,$3599,$6498,$2185,$925,$184,$1429,$3614,$1,$3996,$-1460,$2883,$6498,$264,$262,$-34,$229,$4,$118,$37,$-92,$32,$524,$-210,$0,$-25,$0,$-4,$-4,$-2,$-241,$182,$0,$182,$-288,$-288,$-42,$-6,$-153,$63,$12,$-42
12,2015-09-30,45.31,$34.63,1.31,$89.14,0.51,$-4.11,0.0,$3.18,14.25,$3.50B,$2.21B,1.58,$1.23B,$2.97B,0.41,$7.99B,$1.66B,20.79%,$7.99B,$0.39B,4.89%,$7.99B,$0.39B,4.89%,$7.99B,$0.66B,8.23%,$7.99B,$0.31B,3.92%,$7.99B,$0.28B,3.53%,$0.28B,$2.97B,8.82%,$0.28B,$1.33B,18.61%,$0.28B,$7.07B,3.87%,$0.39B,$4.20B,8.86%,$1736,$1371,$366,$0,$206,$1657,$79,$-9,$71,$18,$53,$67,$67,$144,$79,$87,87,$0.77,$0.77,$425,$1699,$219,$3501,$1362,$403,$1644,$142,$3571,$7072,$2212,$1230,$183,$1886,$4098,$1,$3944,$-1417,$2974,$7072,$203,$196,$-29,$167,$-76,$-140,$58,$-105,$-297,$72,$-146,$0,$-25,$0,$-5,$-5,$-0,$-177,$462,$0,$462,$-188,$-188,$-32,$-7,$236,$62,$11,$-32
13,2015-06-30,55.05,$36.88,1.49,$92.08,0.6,$-7.98,0.0,$3.10,17.76,$3.79B,$2.37B,1.6,$1.22B,$3.21B,0.38,$8.41B,$1.72B,20.42%,$8.41B,$0.42B,5.00%,$8.41B,$0.42B,5.00%,$8.41B,$0.70B,8.26%,$8.41B,$0.33B,3.89%,$8.41B,$0.28B,3.33%,$0.28B,$3.21B,8.23%,$0.28B,$1.53B,16.64%,$0.28B,$7.47B,3.71%,$0.42B,$4.43B,9.06%,$2069,$1620,$450,$0,$213,$1919,$150,$-21,$129,$38,$91,$106,$107,$216,$150,$88,88,$1.22,$1.22,$498,$1816,$221,$3790,$1415,$422,$1686,$136,$3681,$7470,$2373,$1216,$183,$1883,$4257,$1,$3888,$-1182,$3214,$7470,$136,$131,$-19,$112,$-147,$-171,$150,$-33,$-219,$28,$-101,$0,$-19,$0,$-5,$-5,$0,$-124,$433,$0,$433,$-125,$-125,$-21,$-7,$280,$135,$7,$-21
14,2015-03-31,46.08,$35.30,1.31,$97.40,0.47,$-11.44,0.0,$3.65,12.63,$3.67B,$2.08B,1.76,$1.43B,$3.11B,0.46,$9.09B,$1.90B,20.90%,$9.09B,$0.54B,5.92%,$9.09B,$0.54B,5.92%,$9.09B,$0.82B,8.98%,$9.09B,$0.44B,4.79%,$9.09B,$0.34B,3.75%,$0.34B,$3.11B,9.43%,$0.34B,$1.45B,18.11%,$0.34B,$7.27B,4.37%,$0.54B,$4.53B,11.21%,$1703,$1355,$348,$0,$211,$1656,$47,$-20,$27,$11,$16,$30,$30,$112,$47,$89,89,$0.34,$0.34,$339,$1841,$257,$3670,$1390,$399,$1653,$129,$3595,$7265,$2081,$1425,$171,$2076,$4157,$1,$3791,$-1250,$3108,$7265,$30,$65,$-13,$52,$-168,$-240,$174,$-44,$-368,$-286,$-63,$0,$0,$0,$-5,$-5,$0,$-68,$446,$0,$446,$-63,$-63,$-11,$-6,$367,$-25,$2,$-11
15,2014-12-31,43.62,$39.23,1.11,$102.43,0.43,$-13.85,0.0,$4.34,10.05,$3.31B,$2.22B,1.49,$1.00B,$3.50B,0.29,$9.72B,$2.07B,21.26%,$9.72B,$0.65B,6.65%,$9.72B,$0.65B,6.65%,$9.72B,$0.93B,9.58%,$9.72B,$0.54B,5.55%,$9.72B,$0.41B,4.23%,$0.41B,$3.50B,10.79%,$0.41B,$1.75B,20.01%,$0.41B,$7.37B,5.09%,$0.65B,$4.50B,13.23%,$2485,$1987,$498,$0,$244,$2370,$115,$-30,$86,$24,$62,$77,$78,$186,$115,$93,94,$0.85,$0.87,$364,$1751,$233,$3311,$1530,$424,$1747,$141,$4058,$7369,$2217,$998,$177,$1655,$3872,$1,$3772,$-907,$3497,$7369,$404,$283,$-33,$251,$-104,$111,$-219,$64,$-219,$438,$-299,$0,$-130,$0,$-4,$-4,$0,$-433,$-101,$0,$-101,$-500,$-500,$-41,$-21,$-662,$-684,$-11,$-41
16,2014-09-30,43.76,$40.90,1.07,$104.82,0.42,$-11.23,0.0,$4.89,8.95,$4.21B,$2.36B,1.78,$1.33B,$3.79B,0.35,$10.10B,$2.16B,21.39%,$10.10B,$0.73B,7.22%,$10.10B,$0.73B,7.22%,$10.10B,$1.02B,10.05%,$10.10B,$0.62B,6.13%,$10.10B,$0.47B,4.67%,$0.47B,$3.79B,11.96%,$0.47B,$2.00B,21.53%,$0.47B,$8.11B,5.66%,$0.73B,$5.13B,14.55%,$2155,$1733,$422,$0,$222,$2046,$109,$-24,$85,$34,$51,$63,$65,$181,$109,$94,94,$0.70,$0.69,$321,$2315,$260,$4205,$1525,$432,$1796,$133,$3909,$8114,$2364,$1333,$157,$1957,$4321,$1,$3704,$-687,$3793,$8114,$328,$213,$-38,$175,$-151,$-423,$-75,$25,$-720,$-215,$-227,$0,$-130,$0,$0,$0,$0,$-358,$249,$0,$249,$-341,$-341,$-31,$-19,$-142,$-726,$-11,$-31
17,2014-06-30,53.99,$43.24,1.25,$106.73,0.51,$-7.44,0.0,$5.47,9.87,$4.53B,$2.79B,1.63,$0.98B,$4.06B,0.24,$10.42B,$2.29B,22.02%,$10.42B,$0.82B,7.86%,$10.42B,$0.82B,7.86%,$10.42B,$1.10B,10.56%,$10.42B,$0.71B,6.80%,$10.42B,$0.53B,5.12%,$0.53B,$4.06B,13.45%,$0.53B,$2.33B,23.99%,$0.53B,$8.47B,6.35%,$0.82B,$5.04B,16.55%,$2750,$2119,$632,$0,$262,$2484,$267,$-29,$238,$83,$155,$166,$168,$338,$267,$94,95,$1.79,$1.77,$323,$2438,$320,$4534,$1604,$448,$1732,$128,$3936,$8469,$2791,$979,$161,$1616,$4407,$1,$3649,$-445,$4062,$8469,$265,$141,$1,$142,$-271,$-418,$13,$5,$-663,$-254,$-154,$0,$-0,$0,$0,$0,$0,$-154,$2,$0,$2,$-290,$-290,$-21,$-15,$-324,$-724,$12,$-21
18,2014-03-31,52.87,$41.31,1.28,$108.51,0.49,$-4.22,0.0,$5.85,9.04,$4.40B,$2.79B,1.58,$1.01B,$3.88B,0.26,$10.72B,$2.37B,22.13%,$10.72B,$0.88B,8.20%,$10.72B,$0.88B,8.20%,$10.72B,$1.16B,10.78%,$10.72B,$0.77B,7.21%,$10.72B,$0.58B,5.40%,$0.58B,$3.88B,14.97%,$0.58B,$2.14B,27.30%,$0.58B,$8.32B,6.95%,$0.88B,$4.89B,18.03%,$2333,$1819,$515,$0,$267,$2178,$156,$-25,$131,$46,$84,$99,$100,$226,$156,$95,97,$1.05,$1.03,$194,$2442,$319,$4397,$1603,$434,$1740,$124,$3923,$8320,$2786,$1014,$152,$1654,$4440,$1,$3491,$-469,$3880,$8320,$99,$70,$-2,$69,$-254,$-424,$70,$-24,$-679,$-511,$-100,$0,$0,$0,$0,$0,$0,$-100,$57,$0,$57,$-290,$-290,$-10,$-9,$-252,$-853,$6,$-10
19,2013-12-31,56.61,$41.54,1.36,$108.60,0.52,$-1.47,0.0,$6.01,9.42,$4.52B,$2.81B,1.61,$0.94B,$4.05B,0.23,$10.79B,$2.39B,22.16%,$10.79B,$0.90B,8.34%,$10.79B,$0.90B,8.34%,$10.79B,$1.17B,10.86%,$10.79B,$0.80B,7.44%,$10.79B,$0.60B,5.53%,$0.60B,$4.05B,15.76%,$0.60B,$2.30B,29.38%,$0.60B,$8.44B,7.24%,$0.90B,$4.98B,18.63%,$2860,$2269,$591,$0,$295,$2663,$197,$-33,$165,$39,$126,$137,$139,$270,$197,$97,99,$1.42,$1.40,$1047,$2016,$272,$4517,$1602,$416,$1744,$135,$3922,$8439,$2812,$939,$146,$1582,$4394,$1,$3402,$-511,$4045,$8439,$592,$272,$37,$309,$-36,$-357,$55,$110,$-105,$797,$-389,$0,$-10,$0,$-10,$-10,$0,$-409,$-58,$0,$-58,$-1,$-1,$-39,$-9,$-107,$266,$35,$-39
20,2013-09-30,57.69,$39.75,1.45,$107.25,0.54,$-2.26,0.0,$5.65,10.21,$4.50B,$2.74B,1.64,$1.00B,$3.87B,0.26,$10.63B,$2.33B,21.89%,$10.63B,$0.82B,7.73%,$10.63B,$0.82B,7.73%,$10.63B,$1.11B,10.48%,$10.63B,$0.73B,6.89%,$10.63B,$0.56B,5.28%,$0.56B,$3.87B,15.37%,$0.56B,$2.12B,29.82%,$0.56B,$8.33B,6.95%,$0.82B,$4.87B,17.42%,$2476,$1920,$556,$0,$258,$2277,$199,$-25,$174,$63,$111,$125,$126,$266,$199,$97,100,$1.30,$1.27,$621,$2182,$310,$4504,$1491,$409,$1753,$134,$3830,$8334,$2742,$1001,$169,$1722,$4464,$1,$3273,$-547,$3870,$8334,$455,$199,$40,$239,$-246,$-508,$95,$35,$-525,$169,$-261,$0,$-0,$0,$0,$0,$0,$-261,$4,$0,$4,$-1,$-1,$-29,$-19,$-45,$-161,$34,$-29
21,2013-06-30,47.84,$37.78,1.27,$105.69,0.45,$-4.05,0.0,$5.34,8.96,$4.52B,$2.78B,1.63,$1.08B,$3.68B,0.29,$10.45B,$2.26B,21.65%,$10.45B,$0.76B,7.30%,$10.45B,$0.76B,7.30%,$10.45B,$1.04B,9.98%,$10.45B,$0.67B,6.39%,$10.45B,$0.53B,5.07%,$0.53B,$3.68B,15.01%,$0.53B,$1.93B,30.39%,$0.53B,$8.24B,6.74%,$0.76B,$4.76B,16.28%,$3048,$2338,$710,$0,$280,$2721,$327,$-24,$303,$104,$199,$213,$214,$393,$327,$97,99,$2.20,$2.15,$681,$2043,$296,$4517,$1411,$391,$1753,$122,$3718,$8235,$2775,$1078,$157,$1782,$4557,$1,$3156,$-619,$3678,$8235,$330,$132,$44,$176,$-390,$-405,$215,$31,$-441,$65,$-172,$0,$-0,$0,$0,$0,$0,$-172,$92,$0,$92,$-1,$-1,$-19,$-18,$53,$-101,$28,$-19
22,2013-03-31,49.59,$36.55,1.36,$102.33,0.48,$-6.42,0.0,$5.27,9.41,$4.27B,$2.58B,1.66,$1.16B,$3.56B,0.33,$10.09B,$2.16B,21.43%,$10.09B,$0.70B,6.95%,$10.09B,$0.70B,6.95%,$10.09B,$0.97B,9.64%,$10.09B,$0.61B,6.04%,$10.09B,$0.52B,5.16%,$0.52B,$3.56B,15.20%,$0.52B,$1.79B,32.11%,$0.52B,$7.99B,6.75%,$0.70B,$4.71B,14.97%,$2403,$1870,$533,$0,$256,$2226,$177,$-16,$161,$53,$108,$117,$118,$243,$177,$97,99,$1.22,$1.19,$552,$2005,$362,$4272,$1391,$394,$1770,$123,$3719,$7992,$2581,$1155,$149,$1856,$4437,$1,$2952,$-521,$3555,$7992,$117,$66,$17,$83,$-220,$-327,$164,$-39,$-461,$-261,$-92,$0,$-0,$0,$0,$0,$0,$-93,$165,$0,$165,$-1,$-1,$-10,$-13,$141,$-230,$9,$-10
23,2012-12-31,46.65,$36.13,1.29,$101.02,0.46,$-6.56,0.0,$5.29,8.82,$3.96B,$2.47B,1.6,$1.04B,$3.50B,0.3,$9.96B,$2.12B,21.31%,$9.96B,$0.69B,6.97%,$9.96B,$0.69B,6.97%,$9.96B,$0.96B,9.63%,$9.96B,$0.60B,6.02%,$9.96B,$0.52B,5.25%,$0.52B,$3.50B,15.60%,$0.52B,$1.70B,34.52%,$0.52B,$7.72B,6.84%,$0.69B,$4.53B,14.92%,$2703,$2176,$528,$0,$285,$2585,$119,$-25,$94,$7,$87,$101,$103,$212,$119,$97,99,$1.06,$1.05,$781,$1703,$302,$3955,$1406,$390,$1800,$131,$3767,$7722,$2465,$1036,$149,$1759,$4224,$1,$2844,$-479,$3498,$7722,$516,$265,$-25,$239,$41,$-161,$-62,$-62,$-90,$666,$-340,$0,$-3,$0,$-36,$-36,$4,$-375,$-223,$0,$-223,$-18,$-18,$0,$-2,$-242,$57,$37,$0
24,2012-09-30,45.09,$34.95,1.29,$99.27,0.45,$-5.52,0.0,$7.15,6.31,$3.84B,$2.14B,1.8,$1.35B,$3.39B,0.4,$9.78B,$2.12B,21.67%,$9.78B,$0.76B,7.78%,$9.78B,$0.76B,7.78%,$9.78B,$0.99B,10.07%,$9.78B,$0.68B,6.97%,$9.78B,$0.71B,7.21%,$0.71B,$3.39B,21.78%,$0.71B,$1.57B,50.99%,$0.71B,$7.52B,9.37%,$0.76B,$4.74B,16.44%,$2295,$1804,$491,$0,$263,$2155,$140,$-30,$110,$31,$80,$92,$95,$195,$140,$97,98,$0.97,$0.96,$322,$2014,$267,$3842,$1307,$381,$1822,$135,$3680,$7521,$2139,$1354,$153,$1992,$4131,$1,$2741,$-488,$3390,$7521,$415,$171,$0,$171,$-132,$-482,$-89,$-13,$-620,$-33,$-235,$0,$-2,$0,$-31,$-31,$-1,$-269,$-90,$0,$-90,$-10,$-10,$0,$-1,$-100,$-403,$29,$0
25,2012-06-30,43.43,$33.62,1.29,$97.61,0.44,$-1.93,0.0,$7.06,6.15,$4.02B,$2.26B,1.78,$1.47B,$3.27B,0.45,$9.58B,$2.04B,21.25%,$9.58B,$0.74B,7.67%,$9.58B,$0.74B,7.67%,$9.58B,$0.95B,9.89%,$9.58B,$0.68B,7.05%,$9.58B,$0.69B,7.24%,$0.69B,$3.27B,22.37%,$0.69B,$1.44B,46.77%,$0.69B,$7.63B,9.83%,$0.74B,$4.74B,17.22%,$2690,$2079,$611,$0,$255,$2425,$265,$-21,$244,$57,$187,$202,$205,$323,$265,$97,98,$2.11,$2.08,$393,$2023,$271,$4022,$1243,$364,$1830,$126,$3609,$7631,$2263,$1471,$146,$2100,$4363,$1,$2647,$-521,$3268,$7631,$323,$116,$3,$120,$-248,$-508,$92,$-8,$-631,$-188,$-151,$0,$-2,$0,$-28,$-28,$-2,$-183,$43,$0,$43,$0,$0,$0,$-0,$42,$-331,$19,$0
26,2012-03-31,44.84,$33.50,1.34,$94.19,0.48,$1.41,31.78,$6.34,7.07,$3.98B,$2.47B,1.61,$1.33B,$3.26B,0.41,$9.25B,$1.91B,20.68%,$9.25B,$0.67B,7.26%,$9.25B,$0.67B,7.26%,$9.25B,$0.87B,9.43%,$9.25B,$0.61B,6.62%,$9.25B,$0.62B,6.74%,$0.62B,$3.26B,20.38%,$0.62B,$1.36B,37.63%,$0.62B,$7.70B,9.29%,$0.67B,$4.59B,16.90%,$2274,$1781,$493,$0,$239,$2104,$170,$-17,$152,$43,$109,$121,$120,$229,$170,$97,99,$1.24,$1.21,$427,$2025,$277,$3982,$1278,$366,$1901,$134,$3720,$7702,$2472,$1331,$140,$1973,$4445,$1,$2442,$-321,$3257,$7702,$121,$59,$-2,$57,$-98,$-421,$125,$-5,$-459,$-281,$-87,$0,$-2,$0,$-23,$-23,$-10,$-122,$94,$0,$94,$0,$0,$0,$-0,$93,$-298,$8,$0
27,2011-12-31,40.81,$31.19,1.31,$89.54,0.46,$3.05,13.39,$5.94,6.87,$3.66B,$2.21B,1.66,$1.41B,$3.03B,0.47,$8.77B,$1.78B,20.24%,$8.77B,$0.61B,6.96%,$8.77B,$0.61B,6.96%,$8.77B,$0.80B,9.06%,$8.77B,$0.56B,6.39%,$8.77B,$0.58B,6.64%,$0.58B,$3.03B,19.69%,$0.58B,$1.17B,32.44%,$0.58B,$7.26B,9.38%,$0.61B,$4.44B,16.88%,$2518,$1994,$524,$0,$247,$2332,$186,$-11,$175,$-99,$274,$285,$285,$238,$186,$96,98,$2.96,$2.91,$724,$1560,$266,$3663,$1223,$346,$1861,$127,$3594,$7257,$2206,$1410,$120,$2021,$4226,$1,$2322,$-401,$3031,$7257,$585,$185,$-122,$62,$5,$-221,$162,$-51,$80,$726,$-299,$0,$-1018,$0,$-43,$-43,$-4,$-1364,$690,$0,$690,$0,$0,$0,$-19,$671,$5,$24,$0
28,2011-09-30,32.83,$29.35,1.12,$86.36,0.38,$1.52,21.58,$3.91,8.4,$3.22B,$1.90B,1.7,$0.46B,$2.85B,0.16,$8.42B,$1.66B,19.72%,$8.42B,$0.57B,6.73%,$8.42B,$0.57B,6.73%,$8.42B,$0.75B,8.87%,$8.42B,$0.51B,6.09%,$8.42B,$0.38B,4.55%,$0.38B,$2.85B,13.35%,$0.38B,$1.97B,19.46%,$0.38B,$5.66B,6.65%,$0.57B,$3.31B,17.26%,$2099,$1691,$408,$0,$221,$1985,$114,$-10,$104,$32,$73,$85,$84,$158,$114,$96,97,$0.88,$0.87,$455,$1603,$201,$3222,$1058,$345,$880,$110,$2434,$5657,$1899,$456,$114,$905,$2805,$1,$2036,$-284,$2852,$5657,$300,$133,$-7,$126,$50,$-334,$57,$-16,$-154,$271,$-186,$0,$-88,$0,$-33,$-33,$0,$-308,$-208,$0,$-208,$0,$0,$0,$-4,$-212,$-265,$18,$0
29,2011-06-30,46.88,$32.58,1.44,$82.00,0.57,$-0.16,0.0,$3.69,12.7,$3.60B,$2.17B,1.66,$0.48B,$3.09B,0.15,$7.98B,$1.56B,19.51%,$7.98B,$0.53B,6.63%,$7.98B,$0.53B,6.63%,$7.98B,$0.71B,8.86%,$7.98B,$0.47B,5.94%,$7.98B,$0.36B,4.52%,$0.36B,$3.09B,12.95%,$0.36B,$2.13B,18.83%,$0.36B,$6.21B,6.39%,$0.53B,$3.57B,16.52%,$2359,$1870,$488,$0,$217,$2157,$202,$-20,$181,$61,$120,$134,$134,$247,$202,$95,99,$1.41,$1.36,$573,$1658,$244,$3598,$1108,$370,$963,$132,$2611,$6209,$2169,$476,$117,$950,$3119,$1,$1952,$44,$3090,$6209,$216,$89,$-5,$84,$-43,$-269,$74,$-29,$-196,$102,$-112,$0,$-88,$0,$-31,$-31,$0,$-231,$-42,$0,$-42,$0,$0,$0,$-3,$-45,$-147,$11,$0
30,2011-03-31,52.21,$30.30,1.72,$76.25,0.68,$-0.39,0.0,$2.99,17.46,$3.22B,$2.11B,1.53,$0.29B,$2.87B,0.1,$7.37B,$1.39B,18.87%,$7.37B,$0.42B,5.74%,$7.37B,$0.42B,5.74%,$7.37B,$0.60B,8.10%,$7.37B,$0.37B,5.08%,$7.37B,$0.29B,3.94%,$0.29B,$2.87B,11.18%,$0.29B,$1.92B,16.22%,$0.29B,$5.74B,5.43%,$0.42B,$3.16B,14.13%,$1798,$1442,$356,$0,$185,$1689,$109,$-8,$101,$31,$70,$82,$80,$152,$109,$94,98,$0.85,$0.81,$314,$1581,$241,$3218,$1049,$348,$952,$131,$2518,$5736,$2109,$291,$103,$756,$2864,$1,$1818,$-34,$2872,$5736,$82,$43,$-4,$40,$-18,$-218,$20,$-51,$-287,$-167,$-36,$0,$-88,$0,$-27,$-27,$0,$-152,$-91,$0,$-91,$0,$0,$0,$-2,$-93,$-406,$5,$0
31,2010-12-31,48.11,$28.55,1.69,$71.77,0.67,$-0.67,0.0,$2.28,21.1,$3.12B,$1.91B,1.63,$0.44B,$2.66B,0.17,$6.90B,$1.26B,18.26%,$6.90B,$0.32B,4.68%,$6.90B,$0.32B,4.68%,$6.90B,$0.50B,7.21%,$6.90B,$0.28B,3.99%,$6.90B,$0.22B,3.19%,$0.22B,$2.66B,8.95%,$0.22B,$1.86B,12.94%,$0.22B,$5.44B,4.28%,$0.32B,$3.10B,11.16%,$2168,$1759,$409,$0,$200,$2026,$142,$-16,$127,$55,$72,$85,$85,$190,$142,$93,96,$0.92,$0.88,$720,$1234,$207,$3121,$925,$398,$804,$131,$2316,$5437,$1913,$443,$91,$865,$2778,$1,$1738,$-132,$2659,$5437,$220,$173,$2,$174,$10,$-61,$71,$-90,$44,$439,$-166,$0,$-82,$0,$-25,$-25,$0,$-273,$-99,$0,$-99,$1,$1,$0,$-11,$-109,$69,$13,$0
32,2010-09-30,37.05,$27.20,1.36,$68.70,0.54,$-1.97,0.0,$1.76,21.05,$3.01B,$1.78B,1.69,$0.45B,$2.53B,0.18,$6.56B,$1.12B,17.03%,$6.56B,$0.23B,3.49%,$6.56B,$0.23B,3.49%,$6.56B,$0.40B,6.09%,$6.56B,$0.19B,2.82%,$6.56B,$0.17B,2.58%,$0.17B,$2.53B,7.06%,$0.17B,$1.77B,10.33%,$0.17B,$5.22B,3.36%,$0.23B,$2.98B,8.08%,$1657,$1354,$304,$0,$170,$1582,$76,$-11,$65,$14,$51,$62,$62,$118,$76,$93,96,$0.67,$0.65,$459,$1432,$168,$3009,$874,$378,$762,$131,$2213,$5222,$1780,$446,$81,$911,$2691,$1,$1653,$-170,$2531,$5222,$135,$125,$-31,$95,$22,$-277,$46,$-45,$-225,$4,$-82,$0,$0,$0,$0,$0,$0,$-82,$-134,$0,$-134,$0,$0,$0,$-11,$-145,$-192,$9,$0
33,2010-06-30,25.61,$24.89,1.03,$66.06,0.39,$-4.32,0.0,$1.23,20.82,$2.93B,$1.81B,1.62,$0.42B,$2.32B,0.18,$6.29B,$1.06B,16.78%,$6.29B,$0.19B,3.01%,$6.29B,$0.19B,3.01%,$6.29B,$0.36B,5.66%,$6.29B,$0.14B,2.23%,$6.29B,$0.12B,1.88%,$0.12B,$2.32B,4.96%,$0.12B,$1.61B,7.35%,$0.12B,$4.98B,2.38%,$0.19B,$2.73B,6.70%,$1743,$1422,$321,$0,$165,$1647,$97,$-16,$81,$32,$49,$63,$63,$137,$97,$93,96,$0.68,$0.66,$575,$1286,$141,$2934,$798,$346,$709,$123,$2041,$4975,$1814,$416,$71,$846,$2659,$1,$1591,$-341,$2316,$4975,$73,$83,$-20,$64,$-19,$-227,$105,$-16,$-123,$14,$-45,$0,$0,$0,$0,$0,$0,$-45,$-15,$0,$-15,$0,$0,$0,$-11,$-25,$-76,$5,$0
34,2010-03-31,34.07,$25.06,1.36,$66.72,0.51,$-7.85,0.0,$1.18,28.87,$2.80B,$1.72B,1.62,$0.44B,$2.33B,0.19,$6.31B,$1.03B,16.25%,$6.31B,$0.17B,2.71%,$6.31B,$0.17B,2.71%,$6.31B,$0.33B,5.29%,$6.31B,$0.12B,1.85%,$6.31B,$0.11B,1.77%,$0.11B,$2.33B,4.70%,$0.11B,$1.57B,7.02%,$0.11B,$4.94B,2.27%,$0.17B,$2.77B,6.03%,$1328,$1104,$225,$0,$157,$1319,$9,$-7,$2,$4,$-2,$10,$10,$52,$9,$92,96,$0.11,$0.10,$408,$1303,$143,$2798,$862,$351,$761,$111,$2144,$4941,$1722,$440,$76,$889,$2611,$1,$1528,$-261,$2330,$4941,$10,$42,$-12,$30,$-30,$-179,$37,$4,$-242,$-202,$-24,$0,$0,$0,$0,$0,$0,$-24,$-2,$0,$-2,$0,$0,$0,$-9,$-11,$-243,$2,$0
35,2009-12-31,30.71,$25.99,1.18,$69.50,0.44,$-10.96,0.0,$1.44,21.33,$2.75B,$1.67B,1.65,$0.45B,$2.40B,0.19,$6.52B,$1.07B,16.45%,$6.52B,$0.22B,3.36%,$6.52B,$0.22B,3.36%,$6.52B,$0.37B,5.72%,$6.52B,$0.15B,2.36%,$6.52B,$0.14B,2.09%,$0.14B,$2.40B,5.89%,$0.14B,$1.60B,8.91%,$0.14B,$5.00B,2.80%,$0.22B,$2.86B,7.82%,$1827,$1561,$266,$0,$159,$1779,$48,$-11,$37,$15,$23,$33,$34,$92,$48,$92,94,$0.36,$0.35,$651,$1157,$152,$2749,$910,$354,$801,$116,$2250,$4999,$1669,$454,$78,$927,$2596,$1,$1518,$-187,$2403,$4999,$135,$155,$-35,$120,$241,$277,$-380,$22,$91,$348,$-205,$0,$1,$0,$-18,$-18,$37,$-185,$-61,$0,$-61,$0,$0,$0,$-4,$-65,$145,$8,$0
36,2009-09-30,26.24,$26.59,0.99,$70.61,0.37,$-12.01,0.0,$2.17,12.09,$2.69B,$1.62B,1.66,$0.46B,$2.46B,0.19,$6.70B,$1.18B,17.64%,$6.70B,$0.31B,4.63%,$6.70B,$0.31B,4.63%,$6.70B,$0.45B,6.71%,$6.70B,$0.25B,3.66%,$6.70B,$0.20B,3.00%,$0.20B,$2.46B,9.08%,$0.20B,$1.64B,13.96%,$0.20B,$4.90B,4.14%,$0.31B,$2.92B,11.28%,$1390,$1146,$243,$0,$156,$1354,$36,$-16,$20,$15,$5,$11,$11,$75,$36,$92,95,$0.12,$0.12,$223,$1445,$196,$2693,$933,$323,$816,$95,$2204,$4897,$1622,$459,$78,$817,$2439,$1,$1484,$-108,$2458,$4897,$102,$110,$-11,$100,$35,$46,$-379,$3,$-361,$-159,$-141,$0,$0,$0,$-1,$-1,$32,$-110,$-60,$0,$-60,$0,$0,$0,$-4,$-64,$-288,$11,$0
37,2009-06-30,27.61,$25.42,1.09,$77.17,0.36,$-9.92,0.0,$3.09,8.93,$2.78B,$1.74B,1.6,$0.45B,$2.35B,0.19,$7.39B,$1.32B,17.83%,$7.39B,$0.42B,5.63%,$7.39B,$0.42B,5.63%,$7.39B,$0.56B,7.52%,$7.39B,$0.36B,4.84%,$7.39B,$0.29B,3.91%,$0.29B,$2.35B,13.46%,$0.29B,$1.57B,21.07%,$0.29B,$4.89B,5.91%,$0.42B,$2.79B,15.77%,$1767,$1475,$292,$0,$154,$1689,$78,$-20,$58,$14,$44,$57,$57,$115,$78,$92,94,$0.62,$0.61,$198,$1443,$186,$2783,$879,$307,$782,$92,$2103,$4886,$1735,$445,$74,$801,$2537,$1,$1473,$-202,$2350,$4886,$91,$71,$-13,$57,$-55,$-3,$-331,$-9,$-414,$-266,$-96,$0,$0,$0,$-0,$-0,$29,$-68,$-19,$0,$-19,$0,$0,$0,$-4,$-23,$-316,$8,$0
38,2009-03-31,18.61,$21.92,0.85,$82.50,0.23,$-6.42,0.0,$3.82,4.87,$2.77B,$1.71B,1.62,$0.61B,$2.03B,0.3,$8.02B,$1.45B,18.13%,$8.02B,$0.53B,6.57%,$8.02B,$0.53B,6.57%,$8.02B,$0.67B,8.38%,$8.02B,$0.47B,5.87%,$8.02B,$0.36B,4.51%,$0.36B,$2.03B,16.72%,$0.36B,$1.30B,26.76%,$0.36B,$4.67B,7.19%,$0.53B,$2.64B,20.08%,$1533,$1262,$271,$0,$162,$1476,$57,$-18,$39,$14,$25,$34,$34,$91,$57,$92,92,$0.37,$0.36,$117,$1586,$193,$2768,$799,$274,$731,$72,$1899,$4666,$1713,$614,$45,$929,$2641,$1,$1416,$-467,$2025,$4666,$34,$34,$-3,$31,$-43,$-237,$-149,$-36,$-523,$-458,$-47,$0,$0,$0,$0,$0,$13,$-34,$59,$0,$59,$0,$0,$0,$-3,$56,$-426,$6,$0
39,2008-12-31,22.4,$21.99,1.02,$83.91,0.27,$-4.26,0.0,$4.09,5.48,$3.01B,$1.98B,1.52,$0.63B,$2.02B,0.31,$8.27B,$1.50B,18.11%,$8.27B,$0.56B,6.82%,$8.27B,$0.56B,6.82%,$8.27B,$0.72B,8.65%,$8.27B,$0.51B,6.19%,$8.27B,$0.39B,4.68%,$0.39B,$2.02B,17.54%,$0.39B,$1.26B,28.70%,$0.39B,$4.96B,7.54%,$0.56B,$2.65B,21.76%,$2006,$1631,$375,$0,$186,$1867,$139,$-10,$128,$36,$92,$99,$99,$168,$139,$92,98,$1.08,$1.04,$546,$1390,$197,$3005,$811,$275,$764,$70,$1950,$4955,$1979,$625,$50,$956,$2935,$1,$1382,$-436,$2020,$4955,$386,$153,$30,$182,$-195,$-366,$267,$-109,$-290,$278,$-232,$0,$0,$0,$-1,$-1,$-33,$-265,$39,$0,$39,$0,$0,$0,$-5,$34,$-69,$33,$0
40,2008-09-30,40.47,$23.91,1.69,$85.85,0.47,$-0.92,0.0,$3.83,10.57,$3.01B,$2.24B,1.34,$0.28B,$2.19B,0.13,$8.44B,$1.49B,17.66%,$8.44B,$0.55B,6.55%,$8.44B,$0.55B,6.55%,$8.44B,$0.73B,8.64%,$8.44B,$0.48B,5.66%,$8.44B,$0.36B,4.22%,$0.36B,$2.19B,16.09%,$0.36B,$1.37B,26.82%,$0.36B,$5.07B,6.99%,$0.55B,$2.48B,21.99%,$2085,$1705,$380,$0,$184,$1944,$142,$-9,$133,$43,$90,$99,$99,$183,$142,$92,98,$1.08,$1.01,$450,$1464,$205,$3006,$783,$297,$826,$74,$2059,$5065,$2237,$283,$55,$635,$2872,$1,$1317,$-86,$2193,$5065,$287,$123,$6,$129,$-72,$-391,$51,$-69,$-368,$48,$-153,$0,$0,$0,$-0,$-0,$0,$-153,$13,$0,$13,$0,$0,$0,$-5,$9,$-133,$22,$0
41,2008-06-30,49.77,$26.41,1.88,$81.37,0.61,$-0.33,0.0,$3.59,13.86,$3.21B,$2.35B,1.37,$0.32B,$2.42B,0.13,$7.97B,$1.42B,17.80%,$7.97B,$0.52B,6.54%,$7.97B,$0.52B,6.54%,$7.97B,$0.69B,8.67%,$7.97B,$0.44B,5.55%,$7.97B,$0.33B,4.19%,$0.33B,$2.42B,15.70%,$0.33B,$1.49B,27.09%,$0.33B,$5.46B,6.77%,$0.52B,$2.74B,21.00%,$2395,$1967,$428,$0,$181,$2206,$189,$-19,$171,$56,$115,$130,$130,$231,$189,$92,99,$1.41,$1.31,$559,$1526,$245,$3209,$842,$322,$929,$78,$2250,$5459,$2346,$315,$59,$690,$3036,$1,$1215,$252,$2423,$5459,$188,$82,$16,$99,$-9,$-320,$86,$-51,$-226,$61,$-98,$0,$0,$0,$-0,$-0,$0,$-98,$2,$0,$2,$0,$0,$0,$-4,$-3,$-24,$15,$0
42,2008-03-31,56.87,$23.90,2.38,$75.05,0.76,$-0.75,0.0,$2.92,19.48,$2.88B,$2.18B,1.32,$0.32B,$2.19B,0.14,$7.28B,$1.29B,17.67%,$7.28B,$0.44B,6.08%,$7.28B,$0.44B,6.08%,$7.28B,$0.60B,8.29%,$7.28B,$0.37B,5.01%,$7.28B,$0.27B,3.68%,$0.27B,$2.19B,13.80%,$0.27B,$1.28B,24.97%,$0.27B,$5.05B,5.79%,$0.44B,$2.51B,18.97%,$1787,$1471,$315,$0,$171,$1692,$94,$-15,$80,$30,$50,$59,$59,$135,$94,$92,99,$0.64,$0.59,$251,$1498,$211,$2878,$807,$303,$915,$68,$2176,$5054,$2176,$316,$57,$686,$2861,$1,$1082,$163,$2192,$5054,$59,$40,$5,$45,$-66,$-310,$48,$-28,$-386,$-282,$-46,$0,$0,$0,$-0,$-0,$0,$-46,$-3,$0,$-3,$0,$0,$0,$-2,$-5,$-332,$7,$0
43,2007-12-31,64.56,$22.30,2.89,$71.11,0.91,$-0.18,0.0,$2.55,25.32,$2.72B,$2.08B,1.31,$0.29B,$2.04B,0.14,$6.83B,$1.19B,17.44%,$6.83B,$0.40B,5.79%,$6.83B,$0.40B,5.79%,$6.83B,$0.55B,8.00%,$6.83B,$0.32B,4.61%,$6.83B,$0.23B,3.43%,$0.23B,$2.04B,13.14%,$0.23B,$1.17B,24.89%,$0.23B,$4.79B,5.33%,$0.40B,$2.34B,17.62%,$2171,$1804,$367,$0,$188,$2043,$128,$-35,$94,$36,$58,$68,$68,$181,$128,$92,97,$0.74,$0.68,$582,$1134,$186,$2722,$753,$285,$871,$68,$2066,$4788,$2083,$294,$53,$661,$2745,$1,$1020,$79,$2043,$4788,$233,$152,$22,$173,$-3,$11,$54,$-50,$98,$504,$-135,$0,$-18,$0,$-68,$-68,$-3,$-224,$-121,$0,$-121,$8,$8,$0,$-0,$-113,$181,$26,$0
44,2007-09-30,48.22,$20.24,2.38,$66.63,0.72,$-0.51,0.0,$0.32,150.68,$2.44B,$1.67B,1.46,$0.49B,$1.85B,0.26,$6.29B,$1.09B,17.33%,$6.29B,$0.18B,2.81%,$6.29B,$0.18B,2.81%,$6.29B,$0.48B,7.65%,$6.29B,$0.11B,1.73%,$6.29B,$0.04B,0.59%,$0.04B,$1.85B,2.25%,$0.04B,$0.99B,4.51%,$0.04B,$4.44B,0.88%,$0.18B,$2.34B,8.14%,$1613,$1305,$308,$0,$157,$1503,$110,$-14,$97,$27,$70,$77,$77,$144,$110,$92,96,$0.84,$0.80,$167,$1334,$166,$2443,$703,$277,$864,$74,$2000,$4443,$1669,$489,$49,$920,$2589,$1,$939,$-14,$1854,$4443,$165,$99,$10,$109,$-16,$-194,$-48,$-24,$-242,$32,$-78,$0,$-18,$0,$-67,$-67,$-3,$-166,$-116,$0,$-116,$8,$8,$0,$-0,$-109,$-234,$10,$0
45,2007-06-30,41.23,$18.32,2.25,$62.73,0.66,$-0.31,0.0,$-0.42,0.0,$2.36B,$1.63B,1.45,$0.48B,$1.68B,0.28,$5.86B,$0.99B,16.83%,$5.86B,$0.10B,1.69%,$5.86B,$0.10B,1.69%,$5.86B,$0.40B,6.81%,$5.86B,$0.02B,0.39%,$5.86B,$-0.04B,-0.60%,$-0.04B,$1.68B,-2.23%,$-0.04B,$0.86B,-4.84%,$-0.04B,$4.24B,-0.85%,$0.10B,$2.16B,4.51%,$1711,$1414,$297,$0,$144,$1601,$111,$-17,$94,$36,$58,$64,$64,$144,$111,$92,96,$0.70,$0.67,$230,$1249,$128,$2362,$663,$201,$823,$78,$1873,$4235,$1630,$477,$46,$927,$2557,$1,$862,$-105,$1678,$4235,$88,$65,$13,$78,$-34,$-153,$-4,$-11,$-193,$-27,$-48,$0,$0,$0,$0,$0,$0,$-48,$-110,$0,$-110,$7,$7,$0,$-0,$-103,$-171,$3,$0
46,2007-03-31,35.11,$16.95,2.07,$60.72,0.58,$-0.15,0.0,$-0.64,0.0,$2.26B,$1.51B,1.5,$0.58B,$1.55B,0.38,$5.60B,$0.94B,16.79%,$5.60B,$0.07B,1.27%,$5.60B,$0.07B,1.27%,$5.60B,$0.37B,6.55%,$5.60B,$-0.01B,-0.23%,$5.60B,$-0.06B,-1.04%,$-0.06B,$1.55B,-3.76%,$-0.06B,$0.74B,-8.82%,$-0.06B,$4.09B,-1.41%,$0.07B,$2.13B,3.13%,$1333,$1113,$219,$0,$137,$1287,$46,$-15,$30,$13,$18,$25,$25,$77,$46,$91,95,$0.27,$0.26,$157,$1228,$110,$2262,$650,$196,$808,$68,$1829,$4090,$1513,$583,$43,$1028,$2540,$1,$799,$-166,$1550,$4090,$25,$32,$1,$33,$-59,$-151,$-29,$10,$-293,$-236,$-23,$0,$0,$0,$0,$0,$0,$-23,$10,$0,$10,$6,$6,$0,$-0,$16,$-244,$2,$0
47,2006-12-31,29.38,$16.38,1.79,$59.56,0.49,$0.42,69.61,$-0.71,0.0,$2.31B,$1.62B,1.42,$0.58B,$1.49B,0.39,$5.44B,$0.93B,17.05%,$5.44B,$0.07B,1.27%,$5.44B,$0.07B,1.27%,$5.44B,$0.36B,6.66%,$5.44B,$-0.02B,-0.35%,$5.44B,$-0.07B,-1.21%,$-0.07B,$1.49B,-4.32%,$-0.07B,$0.69B,-10.80%,$-0.07B,$4.12B,-1.62%,$0.07B,$2.07B,2.96%,$1634,$1368,$266,$0,$148,$1724,$-90,$-23,$-112,$25,$-137,$-129,$-129,$116,$-90,$91,91,$-1.41,$-1.41,$401,$1065,$129,$2309,$644,$192,$800,$65,$1806,$4115,$1624,$577,$37,$997,$2621,$1,$774,$-190,$1494,$4115,$-65,$293,$5,$298,$33,$66,$55,$11,$209,$442,$-125,$0,$0,$0,$-3,$-3,$0,$-128,$-170,$0,$-170,$11,$11,$0,$-5,$-164,$181,$4,$0
