,Date,Stock Price,Book Value per Share,Price to Book Ratio,TTM Sales per Share,Price to Sales Ratio,TTM FCF per Share,Price to FCF Ratio,TTM Net EPS,PE Ratio,Current Assets,Current Liabilities,Current Ratio,Long Term Debt,Shareholder's Equity_x,Debt to Equity Ratio,TTM Revenue_x,TTM Gross Profit,Gross Margin,TTM Revenue_y,TTM Operating Income,Operating Margin,TTM Revenue_x,TTM EBIT,EBIT Margin,TTM Revenue_y,TTM EBITDA,EBITDA Margin,TTM Revenue_x,TTM Pre-Tax Income,Pre-Tax Margin,TTM Revenue_y,TTM Net Income_x,Net Margin,TTM Net Income_y,Shareholder's Equity_y,Return on Equity,TTM Net Income_x,Tangible Equity,Return on Tangible Equity,TTM Net Income_y,Total Assets,Return on Assets,TTM Net Income,LT Investments & Debt,Return on Investment,revenue,cost-goods-sold,gross-profit,research-development-expenses,selling-general-administrative-expenses,operating-expenses,operating-income,total-non-operating-income-expense,pre-tax-income,total-provision-income-taxes,income-after-taxes,income-from-continuous-operations,net-income,ebitda,ebit,basic-shares-outstanding,shares-outstanding,eps-basic-net-earnings-per-share,eps-earnings-per-share-diluted,cash-on-hand,inventory,other-current-assets,total-current-assets,net-property-plant-equipment,long-term-investments,goodwill-intangible-assets-total,other-long-term-assets,total-long-term-assets,total-assets,total-current-liabilities,long-term-debt,other-non-current-liabilities,total-long-term-liabilities,total-liabilities,common-stock-net,retained-earnings-accumulated-deficit,comprehensive-income,total-share-holder-equity,total-liabilities-share-holders-equity,net-income-loss,total-depreciation-amortization-cash-flow,other-non-cash-items,total-non-cash-items,change-in-accounts-receivable,change-in-inventories,change-in-accounts-payable,change-in-assets-liabilities,total-change-in-assets-liabilities,cash-flow-from-operating-activities,net-change-in-property-plant-equipment,net-change-in-intangible-assets,net-acquisitions-divestitures,net-change-in-short-term-investments,net-change-in-long-term-investments,net-change-in-investments-total,investing-activities-other,cash-flow-from-investing-activities,net-long-term-debt,net-current-debt,debt-issuance-retirement-net-total,net-common-equity-issued-repurchased,net-total-equity-issued-repurchased,total-common-preferred-stock-dividends-paid,financial-activities-other,cash-flow-from-financial-activities,net-cash-flow,stock-based-compensation,common-stock-dividends-paid
0,2018-09-30,2.14,$-1.11,-1.93,$0.36,5.89,$-2.94,0.0,$-1.12,0.0,$0.07B,$0.06B,1.16,$0.01B,$-0.13B,-0.1,$0.04B,$0.04B,100.00%,$0.04B,$-0.12B,-294.87%,$0.04B,$-0.12B,-294.87%,$0.04B,$-0.11B,-276.92%,$0.04B,$-0.15B,-379.49%,$0.04B,$-0.15B,-376.92%,$-0.15B,$-0.13B,135.80%,$-0.15B,$-0.17B,101.38%,$-0.15B,$0.13B,-110.73%,$-0.12B,$-0.12B,183.27%,$13,$0,$13,$30,$9,$39,$-26,$-8,$-34,$0,$-34,$-34,$-33,$-24,$-26,$115,115,$-0.29,$-0.29,$46,$0,$1,$68,$26,$0,$36,$1,$63,$130,$58,$13,$189,$204,$262,$1,$-1130,$-2,$-131,$130,$-113,$5,$19,$24,$-5,$0,$3,$-4,$-6,$-95,$-3,$0,$0,$0,$0,$0,$0,$-3,$-162,$0,$-162,$43,$43,$0,$204,$85,$-14,$6,$0
1,2018-06-30,2.27,$-1.02,-2.23,$0.29,7.95,$-2.80,0.0,$-1.49,0.0,$0.07B,$0.05B,1.32,$0.01B,$-0.11B,-0.11,$0.03B,$0.03B,100.00%,$0.03B,$-0.12B,-417.24%,$0.03B,$-0.12B,-417.24%,$0.03B,$-0.11B,-393.10%,$0.03B,$-0.15B,-520.69%,$0.03B,$-0.15B,-520.69%,$-0.15B,$-0.11B,170.62%,$-0.15B,$-0.15B,120.08%,$-0.15B,$0.13B,-109.82%,$-0.12B,$-0.10B,793.44%,$16,$0,$16,$29,$9,$32,$-17,$-9,$-25,$0,$-25,$-25,$-25,$-15,$-17,$105,105,$-0.24,$-0.24,$43,$0,$1,$68,$27,$0,$36,$1,$64,$132,$51,$13,$179,$194,$245,$1,$-1096,$-2,$-113,$132,$-79,$3,$17,$20,$-10,$0,$2,$-2,$-11,$-71,$-2,$0,$0,$0,$0,$0,$0,$-2,$-162,$0,$-162,$29,$29,$0,$189,$56,$-17,$4,$0
2,2018-03-31,4.71,$-1.10,-4.3,$0.18,26.63,$-2.54,0.0,$-1.57,0.0,$0.07B,$0.03B,2.16,$0.01B,$-0.11B,-0.11,$0.02B,$0.02B,100.00%,$0.02B,$-0.13B,-782.35%,$0.02B,$-0.13B,-782.35%,$0.02B,$-0.13B,-741.18%,$0.02B,$-0.16B,-929.41%,$0.02B,$-0.16B,-929.41%,$-0.16B,$-0.11B,244.96%,$-0.16B,$-0.15B,154.15%,$-0.16B,$0.13B,-106.40%,$-0.13B,$-0.10B,-332.50%,$2,$0,$2,$29,$9,$43,$-42,$-13,$-54,$0,$-54,$-54,$-54,$-40,$-42,$103,103,$-0.53,$-0.53,$52,$0,$1,$65,$27,$0,$37,$1,$66,$131,$30,$13,$199,$214,$244,$1,$-1072,$-3,$-113,$131,$-54,$2,$21,$22,$0,$0,$-3,$-2,$-8,$-40,$-1,$0,$0,$0,$0,$0,$0,$-1,$-162,$0,$-162,$6,$6,$0,$189,$34,$-8,$2,$0
3,2017-12-31,3.26,$-0.75,-4.37,$0.45,7.26,$-2.30,0.0,$-1.22,0.0,$0.07B,$0.06B,1.3,$0.14B,$-0.08B,-1.88,$0.04B,$0.04B,100.00%,$0.04B,$-0.10B,-247.62%,$0.04B,$-0.10B,-247.62%,$0.04B,$-0.10B,-233.33%,$0.04B,$-0.12B,-288.10%,$0.04B,$-0.12B,-288.10%,$-0.12B,$-0.08B,355.88%,$-0.12B,$-0.11B,167.47%,$-0.12B,$0.14B,-72.67%,$-0.10B,$0.07B,-103.23%,$8,$0,$8,$32,$10,$38,$-30,$-5,$-35,$0,$-35,$-35,$-35,$-29,$-30,$98,98,$-0.36,$-0.36,$60,$0,$1,$74,$26,$0,$37,$1,$65,$138,$56,$142,$8,$158,$214,$1,$-1026,$-2,$-76,$138,$-121,$6,$27,$33,$10,$0,$2,$-14,$-6,$-94,$-3,$0,$0,$5,$0,$5,$0,$2,$15,$0,$15,$66,$66,$0,$-0,$81,$-11,$12,$0
4,2017-09-30,4.41,$-0.52,-8.53,$0.43,10.3,$-2.37,0.0,$-1.17,0.0,$0.08B,$0.05B,1.55,$0.12B,$-0.05B,-2.39,$0.04B,$0.04B,100.00%,$0.04B,$-0.09B,-235.00%,$0.04B,$-0.09B,-235.00%,$0.04B,$-0.09B,-217.50%,$0.04B,$-0.11B,-280.00%,$0.04B,$-0.11B,-280.00%,$-0.11B,$-0.05B,452.53%,$-0.11B,$-0.09B,176.38%,$-0.11B,$0.15B,-65.40%,$-0.09B,$0.07B,-88.06%,$3,$0,$3,$26,$8,$35,$-32,$-5,$-37,$0,$-37,$-37,$-37,$-30,$-32,$100,100,$-0.37,$-0.37,$70,$0,$1,$84,$26,$0,$38,$1,$65,$149,$54,$123,$12,$146,$201,$1,$-991,$-2,$-52,$149,$-86,$5,$21,$25,$9,$0,$1,$-12,$-8,$-68,$-2,$0,$0,$0,$0,$0,$0,$-2,$-0,$0,$-0,$64,$64,$0,$0,$64,$-6,$7,$0
5,2017-06-30,3.91,$-0.18,-22.28,$0.45,8.77,$-2.49,0.0,$-1.27,0.0,$0.11B,$0.03B,3.36,$0.14B,$-0.02B,-7.93,$0.04B,$0.04B,100.00%,$0.04B,$-0.10B,-239.02%,$0.04B,$-0.10B,-239.02%,$0.04B,$-0.09B,-224.39%,$0.04B,$-0.12B,-282.93%,$0.04B,$-0.12B,-282.93%,$-0.12B,$-0.02B,682.35%,$-0.12B,$-0.06B,206.22%,$-0.12B,$0.18B,-65.26%,$-0.10B,$0.12B,-85.22%,$4,$0,$4,$26,$8,$33,$-29,$-3,$-32,$0,$-32,$-32,$-32,$-27,$-29,$99,99,$-0.32,$-0.32,$97,$0,$1,$111,$26,$0,$39,$1,$66,$176,$33,$139,$11,$161,$194,$1,$-955,$-2,$-17,$176,$-49,$3,$13,$16,$7,$0,$-1,$-9,$-9,$-42,$-1,$0,$0,$0,$-10,$-10,$0,$-11,$-0,$0,$-0,$63,$63,$0,$0,$63,$10,$5,$0
6,2017-03-31,3.77,$0.09,41.8,$0.48,7.87,$-2.55,0.0,$-1.28,0.0,$0.14B,$0.04B,3.8,$0.13B,$0.01B,15.07,$0.04B,$0.04B,100.00%,$0.04B,$-0.09B,-211.36%,$0.04B,$-0.09B,-211.36%,$0.04B,$-0.09B,-197.73%,$0.04B,$-0.11B,-254.55%,$0.04B,$-0.11B,-254.55%,$-0.11B,$0.01B,1317.65%,$-0.11B,$-0.03B,232.12%,$-0.11B,$0.20B,-61.29%,$-0.09B,$0.14B,-77.82%,$27,$0,$27,$33,$8,$40,$-13,$-4,$-17,$0,$-17,$-17,$-17,$-12,$-13,$94,94,$-0.18,$-0.18,$124,$0,$1,$138,$25,$0,$39,$1,$65,$203,$36,$134,$12,$158,$194,$1,$-924,$-2,$9,$203,$-17,$2,$7,$8,$5,$0,$-1,$-5,$-6,$-15,$-0,$0,$0,$0,$-5,$-5,$0,$-5,$-0,$0,$-0,$62,$62,$0,$0,$62,$42,$2,$0
7,2016-12-31,4.12,$-0.45,-9.24,$0.26,15.87,$-2.65,0.0,$-1.47,0.0,$0.09B,$0.04B,2.24,$0.13B,$-0.04B,-3.34,$0.02B,$0.02B,100.00%,$0.02B,$-0.11B,-469.57%,$0.02B,$-0.11B,-469.57%,$0.02B,$-0.10B,-443.48%,$0.02B,$-0.13B,-552.17%,$0.02B,$-0.13B,-552.17%,$-0.13B,$-0.04B,-50800.00%,$-0.13B,$-0.08B,317.50%,$-0.13B,$0.16B,-67.82%,$-0.11B,$0.09B,-86.75%,$6,$0,$6,$26,$9,$25,$-20,$-6,$-26,$0,$-26,$-26,$-26,$-18,$-20,$87,87,$-0.29,$-0.29,$76,$0,$1,$91,$26,$0,$39,$1,$66,$157,$41,$131,$12,$155,$196,$1,$-905,$-2,$-39,$157,$-127,$5,$32,$37,$-2,$0,$0,$-7,$10,$-80,$-13,$0,$0,$30,$0,$30,$0,$18,$-0,$0,$-0,$3,$3,$0,$-5,$-2,$-65,$13,$0
8,2016-09-30,7.18,$-0.24,-29.73,$0.29,24.49,$-2.24,0.0,$-1.35,0.0,$0.11B,$0.04B,3.14,$0.13B,$-0.02B,-6.0,$0.03B,$0.03B,100.00%,$0.03B,$-0.11B,-424.00%,$0.03B,$-0.11B,-424.00%,$0.03B,$-0.10B,-408.00%,$0.03B,$-0.12B,-488.00%,$0.03B,$-0.12B,-468.00%,$-0.12B,$-0.02B,-421.62%,$-0.12B,$-0.06B,883.02%,$-0.12B,$0.18B,-56.12%,$-0.11B,$0.11B,-71.62%,$4,$0,$4,$22,$8,$41,$-36,$-5,$-41,$0,$-41,$-41,$-41,$-35,$-36,$87,87,$-0.47,$-0.47,$95,$0,$1,$110,$24,$0,$40,$1,$65,$175,$35,$126,$22,$161,$196,$1,$-879,$-2,$-21,$175,$-101,$4,$32,$36,$-0,$0,$-1,$-3,$1,$-64,$-8,$0,$0,$0,$15,$15,$0,$7,$-0,$0,$-0,$0,$0,$0,$-5,$-5,$-61,$9,$0
9,2016-06-30,4.05,$0.19,20.85,$0.32,12.53,$-1.77,0.0,$-1.04,0.0,$0.14B,$0.03B,4.12,$0.12B,$0.02B,7.24,$0.03B,$0.03B,100.00%,$0.03B,$-0.08B,-289.29%,$0.03B,$-0.08B,-289.29%,$0.03B,$-0.08B,-278.57%,$0.03B,$-0.09B,-335.71%,$0.03B,$-0.09B,-317.86%,$-0.09B,$0.02B,-170.33%,$-0.09B,$-0.02B,-593.33%,$-0.09B,$0.20B,-39.47%,$-0.08B,$0.14B,-48.00%,$7,$0,$7,$22,$7,$30,$-24,$-5,$-28,$0,$-28,$-28,$-28,$-22,$-24,$87,87,$-0.33,$-0.33,$123,$0,$1,$136,$18,$0,$41,$1,$60,$196,$33,$122,$11,$147,$180,$1,$-838,$-2,$17,$196,$-60,$3,$15,$17,$0,$0,$0,$-3,$3,$-40,$-3,$0,$0,$0,$-15,$-15,$0,$-18,$-0,$0,$-0,$-0,$-0,$0,$-5,$-5,$-63,$6,$0
10,2016-03-31,4.16,$0.51,8.1,$0.33,12.57,$-1.42,0.0,$-1.24,0.0,$0.16B,$0.03B,5.17,$0.12B,$0.04B,2.66,$0.03B,$0.03B,100.00%,$0.03B,$-0.09B,-333.33%,$0.03B,$-0.09B,-333.33%,$0.03B,$-0.09B,-329.63%,$0.03B,$-0.11B,-392.59%,$0.03B,$-0.10B,-374.07%,$-0.10B,$0.04B,-144.80%,$-0.10B,$0.00B,-276.71%,$-0.10B,$0.22B,-45.60%,$-0.09B,$0.16B,-56.78%,$6,$0,$6,$25,$9,$34,$-28,$-4,$-32,$0,$-32,$-32,$-32,$-27,$-28,$87,87,$-0.37,$-0.37,$148,$0,$0,$162,$17,$0,$42,$1,$60,$221,$31,$118,$13,$145,$177,$1,$-811,$-2,$44,$221,$-32,$1,$8,$10,$-0,$0,$-2,$-2,$1,$-22,$-2,$0,$0,$0,$-35,$-35,$0,$-36,$0,$0,$0,$0,$0,$0,$-1,$-1,$-58,$5,$0
11,2015-12-31,4.54,$0.82,5.55,$0.32,14.12,$-1.11,0.0,$-1.15,0.0,$0.18B,$0.03B,6.36,$0.11B,$0.07B,1.62,$0.03B,$0.03B,100.00%,$0.03B,$-0.08B,-320.00%,$0.03B,$-0.08B,-320.00%,$0.03B,$-0.08B,-320.00%,$0.03B,$-0.09B,-372.00%,$0.03B,$-0.09B,-352.00%,$-0.09B,$0.07B,-125.27%,$-0.09B,$0.03B,-214.63%,$-0.09B,$0.24B,-45.01%,$-0.08B,$0.19B,-61.90%,$8,$0,$8,$18,$8,$26,$-18,$-3,$-21,$0,$-16,$-16,$-16,$-18,$-18,$78,78,$-0.16,$-0.16,$172,$0,$1,$184,$15,$0,$42,$1,$58,$242,$29,$114,$13,$143,$172,$1,$-779,$-2,$71,$242,$-88,$2,$32,$34,$-9,$0,$3,$4,$7,$-47,$-4,$0,$-7,$-20,$0,$-20,$0,$-31,$108,$0,$108,$112,$112,$0,$-30,$190,$111,$7,$0
12,2015-09-30,4.6,$0.91,5.06,$0.25,18.34,$-1.15,0.0,$-1.38,0.0,$0.21B,$0.03B,7.39,$0.11B,$0.08B,1.44,$0.02B,$0.02B,100.00%,$0.02B,$-0.08B,-415.79%,$0.02B,$-0.08B,-415.79%,$0.02B,$-0.08B,-415.79%,$0.02B,$-0.10B,-515.79%,$0.02B,$-0.10B,-515.79%,$-0.10B,$0.08B,-168.24%,$-0.10B,$0.05B,-294.74%,$-0.10B,$0.24B,-63.74%,$-0.08B,$0.19B,-87.78%,$7,$0,$7,$19,$6,$18,$-11,$-2,$-13,$0,$-13,$-13,$-13,$-11,$-11,$85,85,$-0.16,$-0.16,$199,$0,$0,$209,$8,$0,$25,$1,$34,$243,$28,$111,$11,$137,$166,$1,$-764,$-1,$77,$243,$-72,$1,$33,$35,$-7,$0,$1,$7,$10,$-28,$-3,$0,$0,$-0,$0,$-0,$0,$-3,$108,$0,$108,$112,$112,$0,$-30,$189,$158,$5,$0
13,2015-06-30,8.63,$1.03,8.34,$0.19,44.31,$-1.25,0.0,$-1.35,0.0,$0.15B,$0.03B,5.78,$0.01B,$0.09B,0.13,$0.01B,$0.01B,100.00%,$0.01B,$-0.08B,-542.86%,$0.01B,$-0.08B,-542.86%,$0.01B,$-0.08B,-535.71%,$0.01B,$-0.09B,-664.29%,$0.01B,$-0.09B,-664.29%,$-0.09B,$0.09B,-181.46%,$-0.09B,$0.06B,-357.69%,$-0.09B,$0.18B,-80.87%,$-0.08B,$0.10B,-137.56%,$6,$0,$6,$25,$8,$40,$-33,$-7,$-40,$0,$-40,$-40,$-40,$-33,$-33,$76,76,$-0.53,$-0.53,$140,$0,$1,$146,$7,$0,$26,$1,$34,$180,$25,$11,$40,$68,$93,$1,$-750,$-1,$87,$180,$-59,$1,$38,$39,$-4,$0,$1,$10,$11,$-10,$-2,$0,$0,$-0,$0,$-0,$0,$-2,$8,$0,$8,$111,$111,$0,$-8,$111,$99,$4,$0
14,2015-03-31,5.13,$0.65,7.86,$0.16,31.99,$-1.43,0.0,$-0.94,0.0,$0.09B,$0.02B,4.06,$0.00B,$0.05B,0.0,$0.01B,$0.01B,100.00%,$0.01B,$-0.05B,-463.64%,$0.01B,$-0.05B,-463.64%,$0.01B,$-0.05B,-454.55%,$0.01B,$-0.06B,-554.55%,$0.01B,$-0.06B,-554.55%,$-0.06B,$0.05B,-138.64%,$-0.06B,$0.02B,-338.89%,$-0.06B,$0.12B,-64.21%,$-0.05B,$0.05B,-112.71%,$4,$0,$4,$9,$5,$22,$-18,$-0,$-19,$0,$-19,$-19,$-19,$-18,$-18,$67,67,$-0.28,$-0.28,$79,$0,$1,$85,$6,$0,$25,$1,$32,$117,$21,$0,$33,$50,$71,$1,$-710,$-1,$46,$117,$-19,$0,$9,$9,$-2,$0,$2,$12,$13,$3,$-0,$0,$0,$15,$0,$15,$0,$14,$8,$0,$8,$36,$36,$0,$-8,$36,$54,$1,$0
15,2014-12-31,3.97,$0.37,10.82,$0.12,34.42,$-1.68,0.0,$-0.67,0.0,$0.04B,$0.01B,4.62,$0.01B,$0.02B,0.21,$0.01B,$0.01B,100.00%,$0.01B,$-0.04B,-537.50%,$0.01B,$-0.04B,-537.50%,$0.01B,$-0.04B,-525.00%,$0.01B,$-0.04B,-525.00%,$0.01B,$-0.04B,-525.00%,$-0.04B,$0.02B,-87.05%,$-0.04B,$-0.00B,-193.10%,$-0.04B,$0.08B,-45.28%,$-0.04B,$0.03B,-86.87%,$2,$0,$2,$7,$5,$19,$-17,$-9,$-26,$0,$-26,$-26,$-26,$-17,$-17,$60,60,$-0.44,$-0.44,$40,$0,$1,$43,$6,$0,$25,$1,$32,$75,$9,$5,$35,$42,$52,$1,$-691,$-2,$23,$75,$-42,$2,$9,$10,$0,$-0,$-0,$-5,$-6,$-38,$-3,$0,$1,$-15,$0,$-15,$0,$-17,$-3,$0,$-3,$57,$57,$-0,$-0,$53,$-2,$5,$0
16,2014-09-30,3.11,$0.78,3.99,$0.10,30.66,$-1.67,0.0,$-0.42,0.0,$0.06B,$0.02B,3.54,$0.00B,$0.05B,0.0,$0.01B,$0.01B,100.00%,$0.01B,$-0.03B,-533.33%,$0.01B,$-0.03B,-533.33%,$0.01B,$-0.03B,-516.67%,$0.01B,$-0.02B,-366.67%,$0.01B,$-0.02B,-366.67%,$-0.02B,$0.05B,-53.01%,$-0.02B,$0.02B,-107.32%,$-0.02B,$0.09B,-26.59%,$-0.03B,$0.05B,-74.85%,$2,$0,$2,$5,$5,$9,$-8,$-0,$-8,$0,$-8,$-8,$-8,$-7,$-8,$63,63,$-0.13,$-0.13,$53,$0,$1,$55,$5,$0,$26,$2,$32,$88,$16,$0,$20,$23,$39,$1,$-665,$-1,$49,$88,$-17,$1,$-7,$-6,$0,$-0,$0,$-3,$-6,$-28,$-1,$0,$1,$-15,$0,$-15,$0,$-15,$-3,$0,$-3,$57,$57,$-0,$-0,$54,$11,$4,$0
17,2014-06-30,3.22,$0.92,3.5,$0.10,31.94,$-1.70,0.0,$-0.53,0.0,$0.07B,$0.02B,3.61,$0.00B,$0.06B,0.0,$0.01B,$0.01B,100.00%,$0.01B,$-0.03B,-620.00%,$0.01B,$-0.03B,-620.00%,$0.01B,$-0.03B,-620.00%,$0.01B,$-0.02B,-420.00%,$0.01B,$-0.02B,-420.00%,$-0.02B,$0.06B,-73.68%,$-0.02B,$0.03B,-155.56%,$-0.02B,$0.10B,-29.89%,$-0.03B,$0.06B,-104.20%,$3,$0,$3,$5,$6,$12,$-8,$0,$-8,$0,$-8,$-8,$-8,$-8,$-8,$63,63,$-0.13,$-0.13,$63,$0,$3,$67,$5,$0,$27,$1,$33,$100,$19,$0,$21,$24,$43,$1,$-657,$0,$58,$100,$-8,$1,$-8,$-7,$0,$-0,$-1,$-1,$-1,$-20,$-1,$0,$1,$-15,$0,$-15,$0,$-15,$-2,$0,$-2,$57,$57,$0,$-0,$55,$21,$2,$0
18,2014-03-31,3.17,$1.02,3.12,$0.08,39.28,$-1.74,0.0,$-0.81,0.0,$0.08B,$0.01B,5.24,$0.00B,$0.06B,0.0,$0.00B,$0.00B,100.00%,$0.00B,$-0.03B,-1000.00%,$0.00B,$-0.03B,-1000.00%,$0.00B,$-0.03B,-1000.00%,$0.00B,$-0.02B,-800.00%,$0.00B,$-0.02B,-800.00%,$-0.02B,$0.06B,-246.15%,$-0.02B,$0.04B,-2400.00%,$-0.02B,$0.11B,-47.52%,$-0.03B,$0.06B,-272.73%,$1,$0,$1,$4,$5,$11,$-10,$9,$-0,$0,$-0,$-0,$-0,$-10,$-10,$51,51,$-0.01,$-0.01,$73,$0,$0,$75,$4,$0,$28,$1,$33,$108,$14,$0,$27,$31,$45,$1,$-649,$0,$63,$108,$-0,$0,$-8,$-8,$0,$0,$0,$-1,$-2,$-10,$-0,$0,$1,$0,$0,$0,$0,$0,$-1,$0,$-1,$57,$57,$0,$-0,$56,$46,$1,$0
19,2013-12-31,2.64,$-0.12,-21.41,$0.11,23.85,$-1.70,0.0,$-1.15,0.0,$0.03B,$0.01B,2.74,$0.01B,$-0.00B,-1.19,$0.00B,$0.00B,100.00%,$0.00B,$-0.03B,-833.33%,$0.00B,$-0.03B,-833.33%,$0.00B,$-0.02B,-800.00%,$0.00B,$-0.03B,-1000.00%,$0.00B,$-0.03B,-1100.00%,$-0.03B,$-0.00B,280.85%,$-0.03B,$-0.01B,231.58%,$-0.03B,$0.04B,-110.92%,$-0.03B,$0.00B,1666.67%,$0,$0,$0,$3,$3,$7,$-6,$0,$-6,$0,$-6,$-6,$-6,$-6,$-6,$30,30,$-0.13,$-0.13,$27,$0,$0,$28,$3,$0,$3,$1,$7,$35,$10,$5,$20,$29,$39,$0,$-649,$0,$-4,$35,$-30,$1,$9,$9,$1,$0,$0,$-1,$1,$-20,$-1,$0,$0,$0,$0,$0,$0,$-0,$-1,$0,$-1,$27,$27,$0,$-0,$26,$6,$4,$0
20,2013-09-30,2.77,$-0.08,-33.9,$0.14,19.29,$-0.98,0.0,$-1.22,0.0,$0.03B,$0.01B,3.2,$0.00B,$-0.00B,0.0,$0.00B,$0.00B,100.00%,$0.00B,$-0.02B,-575.00%,$0.00B,$-0.02B,-575.00%,$0.00B,$-0.02B,-550.00%,$0.00B,$-0.03B,-725.00%,$0.00B,$-0.03B,-825.00%,$-0.03B,$-0.00B,216.39%,$-0.03B,$-0.01B,188.57%,$-0.03B,$0.04B,-116.81%,$-0.02B,$-0.00B,-836.36%,$1,$0,$1,$4,$4,$8,$-7,$-1,$-7,$0,$-7,$-7,$-7,$-7,$-7,$30,30,$-0.24,$-0.24,$30,$0,$0,$31,$3,$0,$3,$1,$7,$38,$10,$0,$27,$31,$41,$0,$-643,$0,$-3,$38,$-24,$0,$8,$9,$1,$0,$-0,$-1,$1,$-14,$-1,$0,$0,$0,$0,$0,$0,$-0,$0,$0,$0,$23,$23,$0,$-0,$23,$9,$3,$0
21,2013-06-30,3.79,$-0.60,-6.29,$0.15,24.48,$-0.33,0.0,$-1.22,0.0,$0.01B,$0.01B,2.01,$0.00B,$-0.02B,0.0,$0.00B,$0.00B,100.00%,$0.00B,$-0.02B,-525.00%,$0.00B,$-0.02B,-525.00%,$0.00B,$-0.02B,-475.00%,$0.00B,$-0.03B,-700.00%,$0.00B,$-0.03B,-800.00%,$-0.03B,$-0.02B,180.28%,$-0.03B,$-0.02B,158.02%,$-0.03B,$0.02B,-119.63%,$-0.02B,$-0.02B,-233.33%,$1,$0,$1,$3,$5,$8,$-7,$-4,$-11,$0,$-11,$-11,$-11,$-7,$-7,$28,28,$-0.40,$-0.40,$13,$0,$0,$14,$3,$0,$3,$1,$7,$21,$7,$0,$28,$31,$39,$0,$-636,$0,$-17,$21,$-17,$0,$7,$8,$0,$0,$-0,$-1,$-0,$-10,$-1,$0,$0,$0,$0,$0,$0,$-1,$0,$0,$0,$2,$2,$0,$-0,$2,$-8,$3,$0
22,2013-03-31,3.89,$-0.90,-4.34,$0.15,25.41,$0.38,10.2,$-1.13,0.0,$0.02B,$0.01B,3.18,$0.04B,$-0.02B,-1.59,$0.00B,$0.00B,75.00%,$0.00B,$-0.02B,-500.00%,$0.00B,$-0.02B,-500.00%,$0.00B,$-0.02B,-425.00%,$0.00B,$-0.02B,-600.00%,$0.00B,$-0.03B,-700.00%,$-0.03B,$-0.02B,172.31%,$-0.03B,$-0.03B,149.33%,$-0.03B,$0.03B,-94.12%,$-0.02B,$0.01B,-103.90%,$1,$0,$1,$3,$3,$6,$-5,$-1,$-6,$0,$-6,$-6,$-9,$-4,$-5,$25,25,$-0.35,$-0.35,$17,$0,$0,$18,$3,$0,$3,$1,$7,$25,$6,$36,$1,$42,$48,$0,$-625,$0,$-23,$25,$-6,$0,$1,$1,$0,$0,$-0,$-1,$1,$-4,$-0,$0,$0,$0,$0,$0,$0,$-0,$0,$0,$0,$0,$0,$0,$-0,$0,$-4,$1,$0
23,2012-12-31,4.1,$-0.72,-5.73,$0.71,5.79,$1.06,3.88,$-0.49,0.0,$0.02B,$0.01B,4.7,$0.04B,$-0.02B,-2.03,$0.02B,$0.02B,93.75%,$0.02B,$-0.01B,-43.75%,$0.02B,$-0.01B,-43.75%,$0.02B,$-0.01B,-31.25%,$0.02B,$-0.01B,-68.75%,$0.02B,$-0.01B,-75.00%,$-0.01B,$-0.02B,90.57%,$-0.01B,$-0.02B,76.19%,$-0.01B,$0.03B,-37.80%,$-0.01B,$0.02B,-32.56%,$1,$0,$1,$2,$3,$5,$-4,$-1,$-5,$0,$-5,$-5,$-6,$-4,$-4,$24,24,$-0.25,$-0.25,$21,$0,$0,$23,$3,$0,$3,$1,$6,$29,$5,$36,$1,$42,$47,$0,$-619,$0,$-18,$29,$-11,$2,$7,$9,$-1,$0,$-0,$3,$3,$1,$-0,$0,$0,$0,$0,$0,$0,$-0,$-0,$0,$-0,$11,$11,$-1,$-0,$10,$11,$4,$0
24,2012-09-30,4.61,$-0.54,-8.61,$0.69,6.64,$0.20,23.06,$-0.55,0.0,$0.03B,$0.01B,5.34,$0.04B,$-0.01B,-2.68,$0.02B,$0.02B,93.75%,$0.02B,$-0.01B,-50.00%,$0.02B,$-0.01B,-50.00%,$0.02B,$-0.01B,-31.25%,$0.02B,$-0.01B,-75.00%,$0.02B,$-0.01B,-75.00%,$-0.01B,$-0.01B,85.71%,$-0.01B,$-0.02B,72.73%,$-0.01B,$0.03B,-40.68%,$-0.01B,$0.02B,-40.00%,$1,$0,$1,$3,$3,$5,$-5,$-1,$-6,$0,$-6,$-6,$-6,$-4,$-5,$25,25,$-0.24,$-0.24,$25,$0,$0,$26,$3,$0,$3,$1,$6,$32,$5,$35,$1,$41,$45,$0,$-614,$0,$-13,$32,$-6,$1,$6,$8,$-0,$0,$-0,$2,$2,$4,$-0,$0,$0,$0,$0,$0,$0,$-0,$-0,$0,$-0,$11,$11,$-1,$-0,$10,$14,$4,$0
25,2012-06-30,5.24,$-0.48,-11.01,$0.69,7.59,$-0.57,0.0,$-0.59,0.0,$0.03B,$0.01B,5.77,$0.04B,$-0.01B,-3.08,$0.02B,$0.02B,93.75%,$0.02B,$-0.01B,-43.75%,$0.02B,$-0.01B,-43.75%,$0.02B,$-0.01B,-31.25%,$0.02B,$-0.01B,-75.00%,$0.02B,$-0.01B,-75.00%,$-0.01B,$-0.01B,81.36%,$-0.01B,$-0.01B,69.57%,$-0.01B,$0.03B,-43.64%,$-0.01B,$0.02B,-38.36%,$1,$0,$0,$3,$3,$6,$-6,$-1,$-7,$0,$-7,$-7,$-7,$-5,$-6,$23,23,$-0.31,$-0.31,$25,$0,$0,$26,$3,$0,$3,$1,$7,$33,$5,$35,$1,$40,$45,$0,$-608,$0,$-11,$33,$-0,$1,$5,$6,$-0,$0,$-0,$2,$2,$8,$-0,$0,$0,$0,$0,$0,$0,$-0,$0,$0,$0,$7,$7,$-0,$-0,$7,$15,$3,$0
26,2012-03-31,6.6,$-0.47,-14.11,$0.70,9.36,$-1.37,0.0,$-0.58,0.0,$0.03B,$0.01B,4.71,$0.03B,$-0.01B,-3.11,$0.02B,$0.02B,100.00%,$0.02B,$-0.01B,-37.50%,$0.02B,$-0.01B,-37.50%,$0.02B,$-0.00B,-25.00%,$0.02B,$-0.01B,-68.75%,$0.02B,$-0.01B,-68.75%,$-0.01B,$-0.01B,67.69%,$-0.01B,$-0.01B,58.67%,$-0.01B,$0.03B,-44.44%,$-0.01B,$0.02B,-38.71%,$13,$0,$13,$3,$3,$6,$8,$-1,$7,$0,$7,$7,$7,$8,$8,$22,22,$0.29,$0.29,$25,$0,$0,$26,$4,$0,$3,$1,$7,$33,$6,$33,$1,$38,$44,$0,$-601,$0,$-11,$33,$7,$1,$1,$2,$-0,$0,$-0,$2,$3,$11,$0,$0,$0,$0,$0,$0,$0,$0,$0,$0,$0,$3,$3,$-0,$-0,$3,$14,$1,$0
27,2011-12-31,2.0,$-0.97,-2.06,$0.14,14.11,$-2.12,0.0,$-1.17,0.0,$0.01B,$0.01B,2.53,$0.03B,$-0.02B,-1.57,$0.00B,$0.00B,100.00%,$0.00B,$-0.02B,-475.00%,$0.00B,$-0.02B,-475.00%,$0.00B,$-0.02B,-400.00%,$0.00B,$-0.02B,-600.00%,$0.00B,$-0.02B,-600.00%,$-0.02B,$-0.02B,145.45%,$-0.02B,$-0.02B,124.68%,$-0.02B,$0.02B,-104.35%,$-0.02B,$0.01B,-135.71%,$1,$0,$1,$3,$3,$6,$-5,$-1,$-6,$0,$-6,$-6,$-6,$-4,$-5,$20,20,$-0.29,$-0.29,$11,$0,$1,$12,$4,$0,$3,$1,$8,$20,$5,$33,$1,$36,$41,$0,$-608,$0,$-21,$20,$-23,$2,$7,$9,$0,$0,$0,$-2,$-2,$-16,$-0,$0,$0,$0,$0,$0,$0,$-0,$0,$0,$0,$8,$8,$-1,$-0,$7,$-9,$3,$0
28,2011-09-30,2.82,$-0.75,-3.74,$0.17,16.48,$-2.23,0.0,$-1.06,0.0,$0.02B,$0.01B,2.73,$0.03B,$-0.02B,-1.92,$0.00B,$0.00B,100.00%,$0.00B,$-0.02B,-475.00%,$0.00B,$-0.02B,-475.00%,$0.00B,$-0.02B,-400.00%,$0.00B,$-0.02B,-500.00%,$0.00B,$-0.02B,-525.00%,$-0.02B,$-0.02B,140.00%,$-0.02B,$-0.02B,118.31%,$-0.02B,$0.02B,-81.55%,$-0.02B,$0.02B,-120.63%,$1,$0,$1,$3,$3,$5,$-4,$-1,$-6,$0,$-6,$-6,$-6,$-4,$-4,$20,20,$-0.28,$-0.28,$15,$0,$0,$16,$5,$0,$3,$1,$8,$24,$6,$31,$1,$35,$40,$0,$-602,$0,$-16,$24,$-17,$2,$4,$6,$0,$0,$-0,$-1,$-1,$-12,$-0,$0,$0,$0,$0,$0,$0,$-0,$0,$0,$0,$8,$8,$-1,$0,$7,$-5,$2,$0
29,2011-06-30,4.68,$-0.90,-5.19,$0.18,26.5,$-2.44,0.0,$-1.14,0.0,$0.01B,$0.01B,2.77,$0.03B,$-0.02B,-1.78,$0.00B,$0.00B,100.00%,$0.00B,$-0.02B,-500.00%,$0.00B,$-0.02B,-500.00%,$0.00B,$-0.02B,-400.00%,$0.00B,$-0.02B,-500.00%,$0.00B,$-0.02B,-525.00%,$-0.02B,$-0.02B,121.74%,$-0.02B,$-0.02B,105.00%,$-0.02B,$0.02B,-72.41%,$-0.02B,$0.01B,-200.00%,$1,$0,$1,$3,$3,$5,$-5,$-1,$-6,$0,$-6,$-6,$-6,$-4,$-5,$19,19,$-0.31,$-0.31,$12,$0,$0,$13,$5,$0,$3,$1,$9,$22,$5,$30,$1,$35,$39,$1,$-596,$0,$-17,$22,$-12,$1,$3,$4,$0,$0,$-0,$-1,$-1,$-9,$-0,$0,$0,$0,$0,$0,$0,$-0,$0,$0,$0,$1,$1,$-0,$0,$1,$-8,$1,$0
30,2011-03-31,5.46,$-0.66,-8.28,$0.19,29.41,$-2.56,0.0,$-1.14,0.0,$0.02B,$0.01B,3.03,$0.03B,$-0.01B,-2.31,$0.00B,$0.00B,100.00%,$0.00B,$-0.02B,-500.00%,$0.00B,$-0.02B,-500.00%,$0.00B,$-0.02B,-400.00%,$0.00B,$-0.02B,-475.00%,$0.00B,$-0.02B,-500.00%,$-0.02B,$-0.01B,111.11%,$-0.02B,$-0.02B,96.39%,$-0.02B,$0.03B,-58.82%,$-0.02B,$0.02B,-142.86%,$1,$0,$1,$3,$3,$6,$-5,$-1,$-6,$0,$-6,$-6,$-6,$-4,$-5,$19,19,$-0.33,$-0.33,$16,$0,$0,$17,$6,$0,$3,$1,$10,$26,$6,$29,$1,$33,$39,$1,$-590,$0,$-12,$26,$-6,$1,$1,$1,$0,$0,$-0,$-1,$-0,$-5,$-0,$0,$0,$-5,$0,$-5,$0,$-5,$0,$0,$0,$1,$1,$-0,$0,$1,$-9,$1,$0
31,2010-12-31,6.06,$-0.79,-7.67,$0.21,28.63,$-2.70,0.0,$-1.44,0.0,$0.02B,$0.01B,3.85,$0.03B,$-0.02B,-2.32,$0.00B,$0.00B,100.00%,$0.00B,$-0.02B,-550.00%,$0.00B,$-0.02B,-550.00%,$0.00B,$-0.02B,-450.00%,$0.00B,$-0.02B,-550.00%,$0.00B,$-0.02B,-575.00%,$-0.02B,$-0.02B,109.52%,$-0.02B,$-0.02B,96.84%,$-0.02B,$0.03B,-61.74%,$-0.02B,$0.02B,-135.38%,$1,$0,$1,$3,$3,$6,$-5,$3,$-2,$0,$-2,$-2,$-3,$-4,$-5,$16,16,$-0.15,$-0.15,$20,$0,$0,$21,$6,$0,$3,$1,$10,$31,$5,$34,$3,$40,$46,$0,$-584,$0,$-15,$31,$-22,$3,$3,$7,$-0,$0,$-0,$1,$0,$-15,$-0,$0,$0,$10,$0,$10,$0,$10,$-6,$0,$-6,$12,$12,$-1,$0,$5,$-0,$3,$0
32,2010-09-30,5.94,$-1.52,-3.91,$0.19,31.02,$-3.63,0.0,$-1.14,0.0,$0.03B,$0.04B,0.64,$0.02B,$-0.03B,-0.68,$0.00B,$0.00B,100.00%,$0.00B,$-0.02B,-550.00%,$0.00B,$-0.02B,-550.00%,$0.00B,$-0.02B,-450.00%,$0.00B,$-0.02B,-450.00%,$0.00B,$-0.02B,-450.00%,$-0.02B,$-0.03B,83.72%,$-0.02B,$-0.03B,72.73%,$-0.02B,$0.04B,-43.90%,$-0.02B,$-0.01B,-111.39%,$1,$0,$1,$3,$3,$6,$-5,$-1,$-6,$0,$-6,$-6,$-6,$-4,$-5,$17,17,$-0.36,$-0.36,$24,$0,$0,$26,$7,$0,$3,$1,$11,$37,$40,$17,$2,$22,$62,$1,$-582,$0,$-25,$37,$-19,$3,$4,$7,$-0,$0,$-1,$-1,$-1,$-13,$-0,$0,$0,$0,$0,$0,$0,$-0,$0,$0,$0,$8,$8,$-1,$0,$8,$-6,$3,$0
33,2010-06-30,4.87,$-1.20,-4.05,$0.22,22.49,$-4.26,0.0,$-1.56,0.0,$0.03B,$0.01B,6.25,$0.05B,$-0.02B,-2.49,$0.00B,$0.00B,100.00%,$0.00B,$-0.02B,-575.00%,$0.00B,$-0.02B,-575.00%,$0.00B,$-0.02B,-475.00%,$0.00B,$-0.02B,-575.00%,$0.00B,$-0.02B,-575.00%,$-0.02B,$-0.02B,115.00%,$-0.02B,$-0.02B,97.87%,$-0.02B,$0.04B,-51.69%,$-0.02B,$0.03B,-79.31%,$1,$0,$1,$3,$3,$5,$-5,$-0,$-5,$0,$-5,$-5,$-5,$-4,$-5,$16,16,$-0.30,$-0.30,$29,$0,$1,$30,$8,$0,$3,$1,$12,$42,$5,$49,$5,$57,$62,$1,$-576,$0,$-20,$42,$-14,$2,$4,$6,$-0,$0,$-1,$-1,$-1,$-9,$-0,$0,$0,$0,$0,$0,$0,$-0,$0,$0,$0,$8,$8,$-0,$0,$8,$-1,$2,$0
34,2010-03-31,4.36,$-1.61,-2.72,$0.27,16.14,$-4.92,0.0,$-2.28,0.0,$0.03B,$0.01B,4.57,$0.05B,$-0.02B,-2.04,$0.00B,$0.00B,100.00%,$0.00B,$-0.03B,-650.00%,$0.00B,$-0.03B,-650.00%,$0.00B,$-0.02B,-550.00%,$0.00B,$-0.03B,-750.00%,$0.00B,$-0.03B,-750.00%,$-0.03B,$-0.02B,134.83%,$-0.03B,$-0.03B,115.38%,$-0.03B,$0.04B,-68.18%,$-0.03B,$0.03B,-97.20%,$1,$0,$1,$5,$4,$8,$-7,$-2,$-9,$0,$-9,$-9,$-9,$-6,$-7,$15,15,$-0.60,$-0.60,$24,$0,$1,$26,$8,$0,$3,$1,$13,$39,$6,$50,$5,$58,$64,$1,$-571,$0,$-24,$39,$-9,$1,$3,$4,$-0,$0,$-0,$-1,$-1,$-6,$-0,$0,$0,$0,$0,$0,$0,$-0,$0,$0,$0,$0,$0,$-0,$-0,$-0,$-6,$2,$0
35,2009-12-31,3.84,$-1.13,-3.38,$0.26,14.54,$-5.40,0.0,$-2.52,0.0,$0.03B,$0.01B,5.89,$0.05B,$-0.02B,-2.92,$0.00B,$0.00B,100.00%,$0.00B,$-0.03B,-675.00%,$0.00B,$-0.03B,-675.00%,$0.00B,$-0.02B,-575.00%,$0.00B,$-0.03B,-750.00%,$0.00B,$-0.03B,-775.00%,$-0.03B,$-0.02B,129.17%,$-0.03B,$-0.02B,110.71%,$-0.03B,$0.05B,-67.39%,$-0.03B,$0.03B,-94.74%,$1,$0,$1,$3,$3,$6,$-5,$7,$2,$0,$2,$2,$2,$-4,$-5,$13,13,$0.28,$0.28,$30,$0,$0,$32,$9,$0,$4,$1,$14,$46,$5,$49,$5,$57,$63,$1,$-563,$0,$-17,$46,$-30,$4,$5,$9,$0,$-0,$0,$-1,$-3,$-24,$-0,$0,$0,$0,$0,$0,$2,$2,$-0,$0,$-0,$19,$19,$-1,$-0,$18,$-4,$3,$0
36,2009-09-30,12.42,$-1.26,-9.82,$0.27,45.65,$-6.31,0.0,$-2.22,0.0,$0.04B,$0.01B,5.81,$0.05B,$-0.02B,-2.54,$0.00B,$0.00B,100.00%,$0.00B,$-0.03B,-725.00%,$0.00B,$-0.03B,-725.00%,$0.00B,$-0.03B,-625.00%,$0.00B,$-0.03B,-700.00%,$0.00B,$-0.03B,-725.00%,$-0.03B,$-0.02B,117.17%,$-0.03B,$-0.02B,100.00%,$-0.03B,$0.05B,-59.49%,$-0.03B,$0.03B,-92.80%,$1,$0,$1,$4,$4,$7,$-6,$-4,$-11,$0,$-11,$-11,$-11,$-5,$-6,$14,14,$-0.78,$-0.78,$34,$0,$1,$36,$9,$0,$4,$1,$15,$51,$6,$48,$13,$64,$70,$1,$-564,$0,$-19,$51,$-32,$3,$12,$15,$-0,$0,$0,$-2,$-3,$-21,$-0,$0,$0,$5,$0,$5,$2,$7,$-0,$0,$-0,$19,$19,$-1,$-0,$18,$5,$3,$0
37,2009-06-30,12.54,$-2.19,-5.72,$0.27,46.2,$-7.03,0.0,$-2.46,0.0,$0.02B,$0.01B,3.51,$0.05B,$-0.03B,-1.71,$0.00B,$0.00B,100.00%,$0.00B,$-0.03B,-825.00%,$0.00B,$-0.03B,-825.00%,$0.00B,$-0.03B,-725.00%,$0.00B,$-0.03B,-700.00%,$0.00B,$-0.03B,-725.00%,$-0.03B,$-0.03B,105.45%,$-0.03B,$-0.03B,90.63%,$-0.03B,$0.04B,-56.04%,$-0.03B,$0.02B,-91.03%,$1,$0,$1,$5,$4,$9,$-8,$-4,$-12,$0,$-12,$-12,$-12,$-7,$-8,$12,12,$-1.02,$-1.02,$21,$0,$1,$23,$10,$0,$4,$1,$16,$40,$7,$49,$10,$62,$68,$1,$-554,$0,$-29,$40,$-22,$2,$7,$9,$-0,$0,$0,$-2,$-3,$-15,$-0,$0,$0,$5,$0,$5,$2,$7,$-0,$0,$-0,$0,$0,$-0,$-0,$-1,$-8,$2,$0
38,2009-03-31,2.94,$-2.76,-1.07,$0.22,13.21,$-7.26,0.0,$-2.58,0.0,$0.03B,$0.01B,4.36,$0.06B,$-0.03B,-2.06,$0.00B,$0.00B,100.00%,$0.00B,$-0.04B,-900.00%,$0.00B,$-0.04B,-900.00%,$0.00B,$-0.03B,-800.00%,$0.00B,$-0.03B,-700.00%,$0.00B,$-0.03B,-725.00%,$-0.03B,$-0.03B,114.85%,$-0.03B,$-0.04B,96.67%,$-0.03B,$0.05B,-48.54%,$-0.04B,$0.03B,-78.26%,$1,$0,$1,$5,$4,$9,$-8,$-1,$-9,$0,$-9,$-9,$-10,$-7,$-8,$11,11,$-0.84,$-0.84,$25,$0,$1,$26,$11,$0,$5,$4,$20,$47,$6,$63,$5,$71,$77,$1,$-542,$0,$-31,$47,$-9,$1,$1,$2,$0,$0,$0,$-1,$-2,$-10,$-0,$0,$0,$0,$0,$0,$0,$-0,$0,$0,$0,$0,$0,$-0,$-0,$-0,$-10,$1,$0
39,2008-12-31,2.88,$-1.84,-1.57,$0.26,11.15,$-7.38,0.0,$-2.94,0.0,$0.04B,$0.01B,5.07,$0.06B,$-0.02B,-3.15,$0.00B,$0.00B,100.00%,$0.00B,$-0.04B,-950.00%,$0.00B,$-0.04B,-950.00%,$0.00B,$-0.03B,-850.00%,$0.00B,$-0.03B,-750.00%,$0.00B,$-0.03B,-775.00%,$-0.03B,$-0.02B,122.77%,$-0.03B,$-0.03B,102.48%,$-0.03B,$0.06B,-49.21%,$-0.04B,$0.04B,-76.38%,$1,$0,$1,$4,$4,$7,$-7,$11,$4,$0,$4,$4,$4,$-6,$-7,$11,11,$0.42,$0.42,$34,$0,$0,$35,$12,$0,$5,$4,$21,$57,$7,$64,$3,$70,$77,$1,$-532,$0,$-20,$57,$-31,$5,$-3,$1,$0,$0,$-0,$1,$1,$-29,$-0,$2,$0,$-6,$0,$-6,$0,$-4,$-3,$0,$-3,$47,$47,$-1,$-0,$43,$10,$6,$0
40,2008-09-30,9.48,$-2.71,-3.5,$0.32,29.26,$-8.06,0.0,$-4.32,0.0,$0.04B,$0.01B,4.66,$0.08B,$-0.03B,-2.63,$0.00B,$0.00B,100.00%,$0.00B,$-0.04B,-925.00%,$0.00B,$-0.04B,-925.00%,$0.00B,$-0.03B,-825.00%,$0.00B,$-0.04B,-1075.00%,$0.00B,$-0.04B,-1100.00%,$-0.04B,$-0.03B,137.50%,$-0.04B,$-0.04B,118.12%,$-0.04B,$0.06B,-73.33%,$-0.04B,$0.05B,-80.00%,$1,$0,$1,$5,$5,$11,$-10,$-1,$-11,$0,$-11,$-11,$-11,$-9,$-10,$11,11,$-1.02,$-1.02,$41,$0,$0,$42,$12,$0,$5,$1,$20,$63,$9,$78,$3,$83,$92,$1,$-533,$0,$-30,$63,$-35,$4,$7,$10,$0,$0,$0,$-1,$1,$-24,$-0,$0,$0,$-6,$0,$-6,$0,$-6,$0,$0,$0,$47,$47,$-1,$-0,$46,$16,$5,$0
41,2008-06-30,11.58,$-1.82,-6.37,$0.37,31.01,$-8.55,0.0,$-4.80,0.0,$0.05B,$0.01B,5.97,$0.08B,$-0.02B,-3.94,$0.00B,$0.00B,100.00%,$0.00B,$-0.04B,-925.00%,$0.00B,$-0.04B,-925.00%,$0.00B,$-0.03B,-800.00%,$0.00B,$-0.04B,-1075.00%,$0.00B,$-0.04B,-1100.00%,$-0.04B,$-0.02B,128.47%,$-0.04B,$-0.03B,110.00%,$-0.04B,$0.07B,-76.52%,$-0.04B,$0.06B,-85.55%,$1,$0,$1,$6,$6,$12,$-11,$-1,$-12,$0,$-12,$-12,$-12,$-10,$-11,$11,11,$-1.14,$-1.14,$49,$0,$0,$51,$13,$0,$6,$2,$21,$72,$9,$78,$3,$84,$92,$1,$-522,$0,$-20,$72,$-24,$2,$6,$8,$0,$0,$-0,$-1,$-0,$-16,$-0,$0,$0,$-6,$0,$-6,$0,$-6,$0,$0,$0,$47,$47,$-0,$-0,$46,$25,$4,$0
42,2008-03-31,14.16,$-3.23,-4.38,$0.51,27.96,$-9.14,0.0,$-4.98,0.0,$0.04B,$0.01B,4.77,$0.08B,$-0.03B,-2.54,$0.00B,$0.00B,100.00%,$0.00B,$-0.04B,-875.00%,$0.00B,$-0.04B,-875.00%,$0.00B,$-0.03B,-750.00%,$0.00B,$-0.04B,-1025.00%,$0.00B,$-0.04B,-1050.00%,$-0.04B,$-0.03B,110.53%,$-0.04B,$-0.04B,95.45%,$-0.04B,$0.06B,-78.87%,$-0.04B,$0.05B,-89.74%,$1,$0,$1,$6,$5,$11,$-10,$-1,$-11,$0,$-11,$-11,$-12,$-9,$-10,$9,9,$-1.26,$-1.26,$35,$0,$0,$38,$14,$0,$6,$2,$22,$60,$8,$77,$3,$83,$91,$1,$-510,$0,$-31,$60,$-11,$1,$2,$3,$0,$0,$0,$-1,$-1,$-9,$-0,$0,$0,$4,$0,$4,$0,$4,$0,$0,$0,$26,$26,$-0,$-0,$26,$21,$2,$0
43,2007-12-31,12.24,$-5.94,-2.06,$0.72,16.95,$-9.34,0.0,$-4.92,0.0,$0.02B,$0.01B,2.48,$0.08B,$-0.05B,-1.65,$0.01B,$0.01B,100.00%,$0.01B,$-0.03B,-660.00%,$0.01B,$-0.03B,-660.00%,$0.01B,$-0.03B,-560.00%,$0.01B,$-0.04B,-780.00%,$0.01B,$-0.04B,-780.00%,$-0.04B,$-0.05B,106.85%,$-0.04B,$-0.05B,90.70%,$-0.04B,$0.05B,-72.22%,$-0.03B,$0.03B,-83.02%,$1,$0,$1,$4,$4,$7,$-6,$-2,$-9,$0,$-9,$-9,$-9,$-5,$-6,$8,8,$-1.08,$-1.08,$19,$1,$0,$21,$15,$0,$6,$2,$24,$45,$8,$77,$3,$83,$92,$0,$-499,$0,$-47,$45,$-38,$5,$6,$12,$-0,$-0,$-0,$2,$-0,$-27,$-0,$0,$2,$12,$-0,$12,$0,$13,$0,$0,$0,$5,$5,$-1,$-0,$4,$-10,$3,$0
44,2007-09-30,14.22,$-4.98,-2.85,$0.65,21.92,$-11.82,0.0,$-5.52,0.0,$0.03B,$0.01B,3.24,$0.08B,$-0.04B,-1.93,$0.00B,$0.00B,100.00%,$0.00B,$-0.04B,-950.00%,$0.00B,$-0.04B,-950.00%,$0.00B,$-0.03B,-825.00%,$0.00B,$-0.04B,-1050.00%,$0.00B,$-0.04B,-1050.00%,$-0.04B,$-0.04B,144.83%,$-0.04B,$-0.05B,116.67%,$-0.04B,$0.05B,-68.85%,$-0.04B,$0.04B,-81.28%,$1,$0,$1,$6,$5,$11,$-10,$-1,$-11,$0,$-11,$-11,$-11,$-8,$-10,$8,8,$-1.44,$-1.44,$25,$0,$0,$27,$16,$0,$6,$2,$26,$53,$8,$76,$7,$84,$92,$0,$-491,$0,$-39,$53,$-29,$4,$4,$8,$-0,$-0,$-0,$2,$0,$-20,$-0,$0,$2,$13,$-0,$12,$0,$14,$0,$0,$0,$4,$4,$-1,$-0,$4,$-3,$3,$0
45,2007-06-30,17.16,$-4.51,-3.8,$0.57,30.34,$-13.88,0.0,$-5.46,0.0,$0.03B,$0.01B,3.75,$0.08B,$-0.04B,-2.21,$0.00B,$0.00B,100.00%,$0.00B,$-0.04B,-1300.00%,$0.00B,$-0.04B,-1300.00%,$0.00B,$-0.03B,-1133.33%,$0.00B,$-0.04B,-1400.00%,$0.00B,$-0.04B,-1400.00%,$-0.04B,$-0.04B,200.00%,$-0.04B,$-0.04B,150.00%,$-0.04B,$0.06B,-66.93%,$-0.04B,$0.04B,-80.83%,$1,$0,$1,$6,$4,$10,$-9,$-1,$-10,$0,$-10,$-10,$-10,$-8,$-9,$8,8,$-1.32,$-1.32,$25,$0,$1,$29,$17,$0,$7,$2,$26,$55,$8,$76,$6,$82,$90,$0,$-480,$-0,$-35,$55,$-19,$3,$3,$6,$0,$-0,$-1,$-1,$-3,$-16,$-0,$0,$2,$13,$-0,$13,$0,$15,$0,$0,$0,$0,$0,$-0,$-0,$-0,$-1,$2,$0
46,2007-03-31,13.38,$-3.29,-4.06,$0.39,34.33,$-15.63,0.0,$-6.00,0.0,$0.04B,$0.01B,5.03,$0.08B,$-0.03B,-2.99,$0.00B,$0.00B,100.00%,$0.00B,$-0.04B,-2200.00%,$0.00B,$-0.04B,-2200.00%,$0.00B,$-0.04B,-1900.00%,$0.00B,$-0.05B,-2300.00%,$0.00B,$-0.05B,-2300.00%,$-0.05B,$-0.03B,400.00%,$-0.05B,$-0.03B,242.11%,$-0.05B,$0.06B,-69.43%,$-0.04B,$0.05B,-86.27%,$2,$0,$2,$6,$4,$10,$-8,$-1,$-9,$0,$-9,$-9,$-9,$-7,$-8,$8,8,$-1.14,$-1.14,$32,$0,$0,$35,$18,$0,$7,$2,$28,$63,$7,$75,$6,$81,$88,$0,$-471,$-0,$-25,$63,$-9,$1,$1,$3,$-0,$0,$-0,$-1,$-3,$-9,$-0,$0,$2,$5,$-0,$4,$0,$6,$0,$0,$0,$0,$0,$-0,$-0,$-0,$-3,$1,$0
47,2006-12-31,10.98,$-2.28,-4.82,$0.09,121.16,$-16.76,0.0,$-7.02,0.0,$0.04B,$0.01B,4.66,$0.08B,$-0.02B,-4.33,$0.00B,0,nan%,$0.00B,$-0.05B,inf%,$0.00B,$-0.05B,inf%,$0.00B,$-0.05B,inf%,$0.00B,$-0.05B,inf%,$0.00B,$-0.05B,inf%,$-0.05B,$-0.02B,4160.00%,$-0.05B,$-0.03B,577.78%,$-0.05B,$0.07B,-72.73%,$-0.05B,$0.06B,-92.73%,$0,$0,$0,$6,$5,$11,$-11,$-1,$-12,$0,$-12,$-12,$-12,$-10,$-11,$8,8,$-1.56,$-1.56,$40,$0,$0,$42,$19,$0,$7,$3,$31,$73,$9,$75,$3,$81,$90,$0,$-462,$-0,$-17,$73,$-52,$6,$5,$11,$-0,$-0,$-2,$3,$-4,$-45,$-0,$0,$0,$13,$-0,$13,$3,$15,$21,$0,$21,$0,$0,$-1,$-0,$21,$-9,$3,$0
