,Date,Stock Price,Book Value per Share,Price to Book Ratio,TTM Sales per Share,Price to Sales Ratio,TTM FCF per Share,Price to FCF Ratio,TTM Net EPS,PE Ratio,Current Assets,Current Liabilities,Current Ratio,Long Term Debt,Shareholder's Equity_x,Debt to Equity Ratio,TTM Revenue_x,TTM Gross Profit,Gross Margin,TTM Revenue_y,TTM Operating Income,Operating Margin,TTM Revenue_x,TTM EBIT,EBIT Margin,TTM Revenue_y,TTM EBITDA,EBITDA Margin,TTM Revenue_x,TTM Pre-Tax Income,Pre-Tax Margin,TTM Revenue_y,TTM Net Income_x,Net Margin,TTM Net Income_y,Shareholder's Equity_y,Return on Equity,TTM Net Income_x,Tangible Equity,Return on Tangible Equity,TTM Net Income_y,Total Assets,Return on Assets,TTM Net Income,LT Investments & Debt,Return on Investment,revenue,cost-goods-sold,gross-profit,research-development-expenses,selling-general-administrative-expenses,operating-expenses,operating-income,total-non-operating-income-expense,pre-tax-income,total-provision-income-taxes,income-after-taxes,income-from-continuous-operations,net-income,ebitda,ebit,basic-shares-outstanding,shares-outstanding,eps-basic-net-earnings-per-share,eps-earnings-per-share-diluted,cash-on-hand,inventory,other-current-assets,total-current-assets,net-property-plant-equipment,long-term-investments,goodwill-intangible-assets-total,other-long-term-assets,total-long-term-assets,total-assets,total-current-liabilities,long-term-debt,other-non-current-liabilities,total-long-term-liabilities,total-liabilities,common-stock-net,retained-earnings-accumulated-deficit,comprehensive-income,total-share-holder-equity,total-liabilities-share-holders-equity,net-income-loss,total-depreciation-amortization-cash-flow,other-non-cash-items,total-non-cash-items,change-in-accounts-receivable,change-in-inventories,change-in-accounts-payable,change-in-assets-liabilities,total-change-in-assets-liabilities,cash-flow-from-operating-activities,net-change-in-property-plant-equipment,net-change-in-intangible-assets,net-acquisitions-divestitures,net-change-in-short-term-investments,net-change-in-long-term-investments,net-change-in-investments-total,investing-activities-other,cash-flow-from-investing-activities,net-long-term-debt,net-current-debt,debt-issuance-retirement-net-total,net-common-equity-issued-repurchased,net-total-equity-issued-repurchased,total-common-preferred-stock-dividends-paid,financial-activities-other,cash-flow-from-financial-activities,net-cash-flow,stock-based-compensation,common-stock-dividends-paid
0,2018-09-30,4.61,$6.85,0.67,$1.77,2.6,$0.08,57.34,$-0.03,0.0,$0.43B,$0.13B,3.33,$0.00B,$2.67B,0.0,$0.65B,$0.27B,41.32%,$0.65B,$0.05B,7.22%,$0.65B,$0.05B,7.22%,$0.65B,$0.21B,32.57%,$0.65B,$0.03B,4.92%,$0.65B,$-0.01B,-0.92%,$-0.01B,$2.67B,-0.22%,$-0.01B,$2.67B,-0.22%,$-0.01B,$3.33B,-0.18%,$0.05B,$2.67B,1.76%,$147,$93,$54,$2,$6,$146,$1,$0,$1,$-7,$7,$7,$7,$41,$1,$390,395,$0.02,$0.02,$230,$150,$18,$429,$2799,$0,$0,$44,$2904,$3333,$129,$0,$49,$533,$662,$3694,$-1113,$-7,$2672,$3333,$-1,$125,$36,$160,$5,$9,$0,$-2,$12,$167,$-160,$0,$0,$25,$0,$25,$0,$-135,$-3,$0,$-3,$2,$2,$-4,$-1,$-6,$24,$5,$-4
1,2018-06-30,5.69,$6.84,0.83,$1.82,3.12,$0.04,156.75,$0.06,94.83,$0.44B,$0.12B,3.7,$0.00B,$2.67B,0.0,$0.63B,$0.28B,43.44%,$0.63B,$0.07B,10.58%,$0.63B,$0.07B,10.58%,$0.63B,$0.22B,34.76%,$0.63B,$0.05B,8.37%,$0.63B,$0.02B,2.53%,$0.02B,$2.67B,0.63%,$0.02B,$2.67B,0.63%,$0.02B,$3.33B,0.51%,$0.07B,$2.67B,2.66%,$169,$101,$68,$2,$7,$159,$10,$-1,$9,$18,$-9,$-9,$-9,$52,$10,$390,390,$-0.02,$-0.02,$244,$153,$12,$441,$2781,$0,$0,$43,$2888,$3329,$119,$0,$49,$543,$663,$3693,$-1117,$-6,$2667,$3329,$-8,$85,$41,$126,$2,$8,$0,$-1,$8,$121,$-105,$0,$0,$25,$0,$25,$0,$-80,$-2,$0,$-2,$1,$1,$-4,$0,$-5,$34,$4,$-4
2,2018-03-31,5.2,$6.88,0.76,$1.82,2.85,$-0.05,0.0,$0.09,57.79,$0.46B,$0.12B,3.96,$0.00B,$2.68B,0.0,$0.60B,$0.26B,43.70%,$0.60B,$0.07B,12.27%,$0.60B,$0.07B,12.27%,$0.60B,$0.21B,35.63%,$0.60B,$0.04B,6.22%,$0.60B,$0.03B,4.54%,$0.03B,$2.68B,1.15%,$0.03B,$2.68B,1.15%,$0.03B,$3.33B,0.94%,$0.07B,$2.68B,3.10%,$173,$97,$76,$4,$6,$155,$19,$-3,$16,$15,$1,$1,$1,$61,$19,$389,392,$0.00,$0.00,$243,$161,$17,$456,$2759,$0,$0,$44,$2871,$3328,$115,$0,$49,$533,$648,$3693,$-1108,$0,$2680,$3328,$1,$42,$20,$62,$7,$-1,$0,$-2,$0,$59,$-52,$0,$0,$25,$0,$25,$0,$-27,$-1,$0,$-1,$1,$1,$0,$0,$-1,$31,$2,$0
3,2017-12-31,6.5,$6.89,0.94,$1.80,3.61,$-0.12,0.0,$0.09,72.21,$0.45B,$0.11B,4.0,$0.00B,$2.68B,0.0,$0.54B,$0.23B,41.80%,$0.54B,$0.06B,10.31%,$0.54B,$0.06B,10.31%,$0.54B,$0.18B,33.52%,$0.54B,$0.02B,4.24%,$0.54B,$0.03B,4.79%,$0.03B,$2.68B,1.19%,$0.03B,$2.68B,1.19%,$0.03B,$3.32B,0.95%,$0.06B,$2.68B,2.56%,$162,$91,$71,$2,$6,$145,$17,$-12,$6,$10,$-5,$-5,$-5,$58,$17,$306,309,$-0.02,$-0.01,$237,$161,$14,$453,$2753,$0,$0,$45,$2867,$3320,$113,$0,$49,$526,$639,$3692,$-1117,$13,$2681,$3320,$27,$126,$31,$157,$14,$-16,$0,$-4,$-18,$164,$-163,$0,$40,$0,$0,$0,$4,$-119,$-93,$0,$-93,$4,$4,$-6,$-3,$-98,$-51,$6,$-6
4,2017-09-30,6.74,$6.33,1.06,$1.77,3.8,$-0.16,0.0,$0.02,336.94,$0.37B,$0.10B,3.85,$0.00B,$2.05B,0.0,$0.51B,$0.20B,39.18%,$0.51B,$0.04B,8.38%,$0.51B,$0.04B,8.38%,$0.51B,$0.16B,30.99%,$0.51B,$0.01B,1.75%,$0.51B,$0.01B,1.95%,$0.01B,$2.05B,0.51%,$0.01B,$2.05B,0.51%,$0.01B,$2.46B,0.39%,$0.04B,$2.06B,2.11%,$129,$69,$60,$3,$5,$108,$21,$1,$22,$-7,$29,$29,$29,$49,$21,$300,304,$0.10,$0.09,$168,$143,$25,$371,$1971,$0,$0,$45,$2092,$2463,$96,$2,$42,$313,$409,$3076,$-1112,$11,$2053,$2463,$31,$85,$15,$99,$14,$-15,$0,$-5,$-14,$115,$-123,$0,$-7,$0,$0,$0,$4,$-126,$-331,$0,$-331,$254,$254,$-3,$-14,$-94,$-103,$5,$-3
5,2017-06-30,7.16,$6.73,1.06,$1.81,3.95,$-0.17,0.0,$-0.05,0.0,$0.35B,$0.09B,3.92,$0.00B,$2.02B,0.0,$0.51B,$0.20B,38.43%,$0.51B,$0.04B,7.65%,$0.51B,$0.04B,7.65%,$0.51B,$0.16B,30.39%,$0.51B,$0.00B,0.98%,$0.51B,$-0.01B,-2.75%,$-0.01B,$2.02B,-0.74%,$-0.01B,$2.02B,-0.74%,$-0.01B,$2.42B,-0.55%,$0.04B,$2.02B,1.91%,$131,$78,$53,$2,$4,$116,$16,$-23,$-7,$-10,$2,$2,$2,$44,$16,$299,303,$0.01,$0.01,$150,$133,$18,$346,$1958,$0,$0,$45,$2078,$2424,$88,$2,$42,$321,$409,$3068,$-1138,$8,$2015,$2424,$3,$56,$21,$77,$6,$-2,$0,$-2,$-6,$72,$-85,$0,$-7,$0,$0,$0,$4,$-88,$-91,$0,$-91,$3,$3,$-3,$-12,$-103,$-119,$4,$-3
6,2017-03-31,8.0,$6.71,1.19,$1.83,4.36,$-0.17,0.0,$-0.10,0.0,$0.70B,$0.41B,1.71,$0.00B,$2.01B,0.0,$0.50B,$0.19B,38.48%,$0.50B,$0.03B,5.21%,$0.50B,$0.03B,5.21%,$0.50B,$0.15B,29.26%,$0.50B,$0.00B,0.60%,$0.50B,$-0.03B,-5.61%,$-0.03B,$2.01B,-1.53%,$-0.03B,$2.01B,-1.53%,$-0.03B,$2.75B,-1.09%,$0.03B,$2.01B,1.26%,$121,$78,$43,$1,$8,$119,$2,$-0,$2,$2,$0,$0,$0,$31,$2,$285,289,$0.00,$0.00,$495,$137,$11,$699,$1934,$0,$0,$44,$2050,$2749,$408,$3,$41,$334,$742,$3067,$-1141,$4,$2006,$2749,$0,$28,$6,$34,$-4,$-3,$0,$0,$-14,$20,$-34,$0,$0,$0,$0,$0,$0,$-34,$238,$0,$238,$2,$2,$0,$0,$240,$227,$4,$0
7,2016-12-31,6.81,$6.59,1.03,$1.81,3.76,$-0.16,0.0,$-0.06,0.0,$0.46B,$0.10B,4.56,$0.30B,$1.76B,0.17,$0.48B,$0.19B,38.38%,$0.48B,$0.02B,4.56%,$0.48B,$0.02B,4.56%,$0.48B,$0.14B,29.25%,$0.48B,$-0.01B,-1.66%,$0.48B,$-0.02B,-3.73%,$-0.02B,$1.76B,-1.02%,$-0.02B,$1.76B,-1.02%,$-0.02B,$2.49B,-0.72%,$0.02B,$2.06B,1.06%,$132,$87,$45,$2,$6,$129,$4,$-12,$-8,$12,$-21,$-21,$-21,$35,$4,$265,265,$-0.09,$-0.09,$266,$132,$12,$455,$1918,$0,$0,$44,$2038,$2492,$100,$301,$41,$633,$733,$2822,$-1138,$0,$1759,$2492,$-18,$119,$47,$166,$-6,$-16,$0,$4,$-26,$136,$-147,$0,$0,$0,$0,$0,$-5,$-152,$-10,$0,$-10,$7,$7,$-5,$-5,$-13,$-31,$10,$-5
8,2016-09-30,8.15,$6.66,1.22,$1.77,4.62,$-0.52,0.0,$-0.22,0.0,$0.48B,$0.11B,4.3,$0.30B,$1.78B,0.17,$0.47B,$0.16B,33.69%,$0.47B,$-0.02B,-3.86%,$0.47B,$-0.02B,-3.86%,$0.47B,$0.11B,23.18%,$0.47B,$-0.08B,-16.74%,$0.47B,$-0.06B,-12.45%,$-0.06B,$1.78B,-3.30%,$-0.06B,$1.78B,-3.30%,$-0.06B,$2.51B,-2.33%,$-0.02B,$2.08B,-0.87%,$126,$71,$55,$2,$5,$108,$17,$1,$18,$13,$5,$5,$5,$45,$17,$267,271,$0.02,$0.02,$287,$136,$13,$479,$1912,$0,$0,$45,$2033,$2512,$111,$303,$40,$621,$733,$2822,$-1117,$1,$1780,$2512,$3,$88,$23,$111,$-1,$-18,$0,$-2,$-30,$97,$-109,$0,$0,$0,$0,$0,$-3,$-112,$-6,$0,$-6,$7,$7,$-3,$7,$6,$-9,$9,$-3
9,2016-06-30,8.55,$6.65,1.29,$1.71,4.99,$-0.82,0.0,$-0.37,0.0,$0.47B,$0.10B,4.56,$0.31B,$1.77B,0.18,$0.44B,$0.13B,29.28%,$0.44B,$-0.05B,-11.49%,$0.44B,$-0.05B,-11.49%,$0.44B,$0.08B,17.57%,$0.44B,$-0.13B,-30.18%,$0.44B,$-0.10B,-21.62%,$-0.10B,$1.77B,-5.45%,$-0.10B,$1.77B,-5.45%,$-0.10B,$2.49B,-3.85%,$-0.05B,$2.08B,-2.56%,$120,$71,$49,$1,$10,$117,$3,$-12,$-9,$3,$-12,$-12,$-12,$35,$3,$264,264,$-0.04,$-0.04,$285,$130,$14,$472,$1904,$0,$0,$46,$2021,$2494,$104,$312,$40,$619,$722,$2817,$-1119,$0,$1772,$2494,$-2,$60,$10,$70,$-0,$-9,$0,$-4,$-20,$61,$-72,$0,$0,$0,$0,$0,$-3,$-74,$-4,$0,$-4,$3,$3,$-3,$7,$4,$-10,$8,$-3
10,2016-03-31,5.25,$6.61,0.79,$1.79,2.93,$-0.99,0.0,$-0.44,0.0,$0.48B,$0.11B,4.28,$0.31B,$1.76B,0.18,$0.40B,$0.10B,26.33%,$0.40B,$-0.10B,-26.08%,$0.40B,$-0.10B,-26.08%,$0.40B,$0.02B,5.06%,$0.40B,$-0.56B,-142.03%,$0.40B,$-0.46B,-117.47%,$-0.46B,$1.76B,-30.76%,$-0.46B,$1.76B,-30.76%,$-0.46B,$2.49B,-22.22%,$-0.10B,$2.07B,-6.18%,$104,$68,$36,$1,$6,$107,$-2,$-6,$-9,$-18,$10,$10,$10,$26,$-2,$262,263,$0.04,$0.04,$283,$133,$14,$480,$1894,$0,$0,$47,$2011,$2491,$112,$314,$40,$619,$731,$2797,$-1107,$-2,$1760,$2491,$10,$28,$-11,$18,$-4,$-6,$0,$-2,$-17,$24,$-33,$0,$1,$0,$0,$0,$-3,$-35,$-2,$0,$-2,$0,$0,$0,$4,$1,$-9,$3,$0
11,2015-12-31,3.27,$6.71,0.49,$1.90,1.71,$-1.02,0.0,$-0.46,0.0,$0.48B,$0.10B,4.84,$0.32B,$1.72B,0.18,$0.36B,$0.10B,26.97%,$0.36B,$-0.10B,-28.09%,$0.36B,$-0.10B,-28.09%,$0.36B,$0.02B,4.49%,$0.36B,$-0.56B,-157.02%,$0.36B,$-0.51B,-142.98%,$-0.51B,$1.72B,-40.25%,$-0.51B,$1.72B,-40.25%,$-0.51B,$2.46B,-30.19%,$-0.10B,$2.04B,-7.44%,$116,$99,$17,$3,$12,$151,$-36,$-40,$-78,$-17,$-61,$-61,$-61,$2,$-36,$256,256,$-0.24,$-0.24,$290,$126,$9,$483,$1859,$0,$0,$50,$1979,$2462,$100,$315,$39,$638,$738,$2774,$-1114,$-4,$1724,$2462,$-509,$118,$457,$118,$-15,$-7,$0,$1,$-5,$60,$-163,$0,$0,$-4,$0,$-4,$265,$98,$-8,$0,$-8,$1,$1,$-11,$58,$40,$194,$8,$-11
12,2015-09-30,3.65,$0.00,0.0,$1.81,2.01,$-0.82,0.0,$-0.25,0.0,$0.52B,$0.10B,4.98,$0.00B,$1.78B,0.0,$0.29B,$-0.01B,-3.85%,$0.29B,$-0.26B,-90.56%,$0.29B,$-0.26B,-90.56%,$0.29B,$-0.14B,-48.25%,$0.29B,$-0.69B,-239.51%,$0.29B,$-0.45B,-157.69%,$-0.45B,$1.78B,-36.33%,$-0.45B,$1.78B,-36.33%,$-0.45B,$2.53B,-27.48%,$-0.26B,$1.78B,-19.64%,$104,$75,$28,$3,$7,$120,$-16,$-22,$-38,$-5,$-33,$-33,$-33,$15,$-16,$253,253,$-0.13,$-0.13,$321,$133,$23,$515,$0,$0,$0,$159,$159,$2526,$104,$0,$349,$639,$743,$2770,$-1051,$0,$1784,$2526,$-448,$80,$417,$497,$-6,$-7,$0,$-1,$-9,$39,$-125,$0,$0,$0,$0,$0,$261,$137,$-6,$0,$-6,$1,$1,$-8,$66,$53,$225,$7,$-8
13,2015-06-30,5.61,$0.00,0.0,$1.71,3.28,$-0.35,0.0,$-0.14,0.0,$0.42B,$0.04B,10.04,$0.00B,$0.77B,0.0,$0.22B,$-0.02B,-9.95%,$0.22B,$-0.24B,-109.95%,$0.22B,$-0.24B,-109.95%,$0.22B,$-0.17B,-78.73%,$0.22B,$-0.65B,-294.57%,$0.22B,$-0.42B,-190.05%,$-0.42B,$0.77B,-42.35%,$-0.42B,$0.77B,-42.35%,$-0.42B,$0.87B,-34.08%,$-0.24B,$0.77B,-22.74%,$71,$48,$23,$0,$5,$121,$-49,$-387,$-436,$-57,$-380,$-380,$-380,$-23,$-49,$134,134,$-2.84,$-2.84,$328,$55,$6,$424,$0,$0,$0,$7,$7,$874,$42,$0,$23,$67,$109,$509,$211,$0,$765,$874,$-415,$48,$403,$452,$-2,$-6,$0,$-2,$11,$47,$-76,$0,$0,$0,$0,$0,$16,$-60,$-4,$0,$-4,$1,$1,$-8,$86,$75,$41,$6,$-8
14,2015-03-31,5.8,$0.00,0.0,$1.52,3.82,$-0.20,0.0,$-0.02,0.0,$0.44B,$0.03B,13.58,$0.00B,$0.79B,0.0,$0.19B,$-0.02B,-10.82%,$0.19B,$-0.19B,-96.91%,$0.19B,$-0.19B,-96.91%,$0.19B,$-0.14B,-69.59%,$0.19B,$-0.21B,-108.76%,$0.19B,$-0.04B,-20.10%,$-0.04B,$0.79B,-3.90%,$-0.04B,$0.79B,-3.90%,$-0.04B,$0.88B,-3.15%,$-0.19B,$0.79B,-17.45%,$65,$37,$28,$0,$5,$64,$1,$-7,$-7,$29,$-35,$-35,$-35,$22,$1,$127,127,$-0.28,$-0.28,$352,$55,$5,$438,$0,$0,$0,$7,$7,$882,$32,$0,$23,$63,$95,$509,$229,$0,$786,$882,$-35,$22,$37,$59,$-1,$-3,$0,$1,$3,$26,$-35,$0,$0,$0,$0,$0,$17,$-19,$-2,$0,$-2,$0,$0,$-5,$3,$-4,$2,$1,$-5
15,2014-12-31,7.06,$6.53,1.08,$1.33,5.29,$-0.16,0.0,$-0.02,0.0,$0.18B,$0.05B,3.54,$0.31B,$0.10B,3.23,$0.17B,$-0.03B,-14.62%,$0.17B,$-0.18B,-105.85%,$0.17B,$-0.18B,-105.85%,$0.17B,$-0.14B,-80.70%,$0.17B,$-0.20B,-116.37%,$0.17B,$-0.00B,-0.58%,$-0.00B,$1.63B,-0.10%,$-0.00B,$1.63B,-0.10%,$-0.00B,$2.28B,-0.08%,$-0.18B,$1.94B,-16.75%,$46,$136,$-90,$1,$14,$241,$-195,$-133,$-204,$-33,$-171,$-3,$-3,$-152,$-195,$127,127,$-0.03,$-0.03,$89,$73,$5,$184,$2062,$0,$0,$6,$2067,$2282,$52,$308,$23,$371,$651,$509,$-461,$-0,$1631,$880,$-2,$43,$139,$43,$24,$-15,$0,$2,$-40,$33,$-58,$0,$0,$23,$0,$3,$-2,$-57,$56,$0,$0,$0,$-3,$-25,$0,$-29,$-56,$7,$-14
16,2014-09-30,7.88,$0.00,0.0,$1.39,5.66,$0.25,32.06,$-0.03,0.0,$0.47B,$0.04B,10.67,$0.00B,$0.79B,0.0,$0.18B,$0.11B,63.13%,$0.18B,$0.03B,16.76%,$0.18B,$0.03B,16.76%,$0.18B,$0.04B,22.91%,$0.18B,$0.01B,6.70%,$0.18B,$-0.00B,-1.68%,$-0.00B,$0.79B,-0.38%,$-0.00B,$0.79B,-0.38%,$-0.00B,$0.89B,-0.34%,$0.03B,$0.79B,3.75%,$39,$22,$17,$2,$4,$38,$0,$-4,$-4,$-1,$-2,$-2,$-2,$-21,$0,$127,127,$-0.02,$-0.02,$377,$57,$17,$467,$0,$0,$0,$5,$5,$892,$44,$0,$22,$63,$107,$509,$231,$0,$785,$892,$1,$0,$0,$0,$0,$0,$0,$0,$0,$17,$0,$0,$0,$0,$0,$-34,$0,$-34,$0,$0,$0,$0,$0,$-13,$-3,$-16,$-34,$0,$0
17,2014-06-30,10.04,$0.00,0.0,$1.59,6.31,$0.34,29.33,$0.06,167.37,$0.47B,$0.03B,18.0,$0.00B,$0.80B,0.0,$0.20B,$0.14B,68.14%,$0.20B,$0.05B,23.04%,$0.20B,$0.05B,23.04%,$0.20B,$0.10B,46.57%,$0.20B,$0.03B,15.20%,$0.20B,$0.01B,3.92%,$0.01B,$0.80B,0.99%,$0.01B,$0.80B,0.99%,$0.01B,$0.89B,0.89%,$0.05B,$0.80B,5.82%,$44,$20,$24,$1,$6,$38,$6,$-2,$4,$4,$1,$1,$1,$16,$6,$127,127,$0.01,$0.01,$394,$50,$6,$466,$0,$0,$0,$5,$5,$890,$26,$0,$22,$64,$90,$509,$246,$0,$800,$890,$3,$21,$0,$21,$0,$0,$0,$0,$-12,$17,$-26,$0,$0,$0,$0,$-9,$16,$-18,$0,$0,$0,$0,$-3,$-13,$0,$-16,$-17,$0,$0
18,2014-03-31,8.93,$0.00,0.0,$1.86,4.8,$0.54,16.43,$0.12,74.44,$0.48B,$0.04B,13.23,$0.00B,$0.80B,0.0,$0.24B,$0.17B,72.27%,$0.24B,$0.07B,31.09%,$0.24B,$0.07B,31.09%,$0.24B,$0.13B,54.20%,$0.24B,$0.05B,19.33%,$0.24B,$0.02B,6.72%,$0.02B,$0.80B,1.99%,$0.02B,$0.80B,1.99%,$0.02B,$0.90B,1.79%,$0.07B,$0.80B,9.18%,$42,$18,$24,$1,$3,$34,$8,$-3,$5,$2,$3,$3,$3,$19,$8,$127,127,$0.02,$0.02,$411,$44,$9,$477,$0,$0,$0,$3,$3,$898,$36,$0,$22,$63,$99,$509,$245,$0,$799,$898,$3,$11,$0,$11,$0,$0,$0,$0,$-9,$7,$-11,$0,$0,$0,$0,$-1,$-1,$-13,$0,$0,$0,$0,$-3,$0,$0,$-3,$-10,$0,$0
19,2013-12-31,12.01,$0.00,0.0,$2.21,5.43,$0.72,16.62,$0.30,40.04,$0.48B,$0.03B,18.92,$0.00B,$0.81B,0.0,$0.28B,$0.20B,70.21%,$0.28B,$0.11B,38.30%,$0.28B,$0.11B,38.30%,$0.28B,$0.17B,58.51%,$0.28B,$0.08B,28.37%,$0.28B,$0.04B,13.83%,$0.04B,$0.81B,4.86%,$0.04B,$0.81B,4.86%,$0.04B,$0.90B,4.38%,$0.11B,$0.81B,13.47%,$54,$6,$48,$3,$4,$38,$16,$-9,$7,$12,$-5,$-5,$-5,$27,$16,$128,128,$-0.04,$-0.04,$419,$38,$10,$478,$0,$0,$0,$3,$3,$898,$25,$0,$22,$61,$86,$510,$257,$0,$812,$898,$39,$56,$0,$56,$0,$0,$0,$0,$-27,$87,$-60,$0,$-48,$0,$0,$151,$-1,$42,$0,$0,$0,$0,$2,$-26,$0,$-23,$104,$0,$0
20,2013-09-30,15.28,$0.00,0.0,$2.67,5.72,$1.56,9.81,$0.65,23.5,$0.50B,$0.04B,11.72,$0.00B,$0.82B,0.0,$0.34B,$0.26B,76.72%,$0.34B,$0.20B,59.40%,$0.34B,$0.20B,59.40%,$0.34B,$0.25B,73.13%,$0.34B,$0.18B,53.73%,$0.34B,$0.08B,24.48%,$0.08B,$0.82B,10.73%,$0.08B,$0.82B,10.73%,$0.08B,$0.91B,9.61%,$0.20B,$0.82B,26.05%,$64,$21,$43,$2,$8,$46,$17,$-2,$15,$6,$9,$9,$9,$33,$17,$127,128,$0.07,$0.07,$437,$42,$13,$503,$0,$0,$0,$2,$2,$907,$43,$0,$14,$47,$90,$510,$262,$0,$817,$907,$44,$45,$0,$45,$0,$0,$0,$0,$-29,$72,$-42,$0,$-48,$0,$0,$155,$-1,$64,$0,$0,$0,$0,$2,$-13,$0,$-10,$124,$0,$0
21,2013-06-30,11.88,$0.00,0.0,$2.76,4.3,$1.33,8.95,$0.79,15.04,$0.53B,$0.03B,18.82,$0.00B,$0.80B,0.0,$0.34B,$0.29B,83.33%,$0.34B,$0.25B,73.98%,$0.34B,$0.25B,73.98%,$0.34B,$0.28B,82.75%,$0.34B,$0.24B,69.01%,$0.34B,$0.10B,28.95%,$0.10B,$0.80B,17.69%,$0.10B,$0.80B,17.69%,$0.10B,$0.87B,15.80%,$0.25B,$0.80B,45.20%,$78,$21,$57,$1,$6,$45,$33,$-14,$19,$10,$9,$9,$9,$50,$33,$128,128,$0.07,$0.07,$466,$42,$16,$534,$0,$0,$0,$2,$2,$873,$28,$0,$15,$50,$78,$505,$265,$0,$795,$873,$35,$29,$0,$29,$0,$0,$0,$0,$-28,$46,$-29,$0,$0,$0,$0,$159,$-0,$129,$0,$0,$0,$0,$-2,$-13,$0,$-14,$160,$0,$0
22,2013-03-31,13.38,$0.00,0.0,$2.82,4.75,$1.20,11.19,$0.92,14.54,$0.54B,$0.05B,12.11,$0.00B,$0.78B,0.0,$0.35B,$0.31B,89.57%,$0.35B,$0.30B,87.25%,$0.35B,$0.30B,87.25%,$0.35B,$0.31B,91.01%,$0.35B,$0.30B,86.38%,$0.35B,$0.12B,33.33%,$0.12B,$0.78B,31.86%,$0.12B,$0.78B,31.86%,$0.12B,$0.88B,28.15%,$0.30B,$0.78B,83.38%,$86,$37,$50,$1,$7,$45,$42,$-3,$39,$13,$26,$26,$26,$55,$42,$127,127,$0.21,$0.20,$490,$40,$3,$541,$0,$0,$0,$1,$1,$880,$45,$0,$15,$52,$97,$505,$258,$0,$784,$880,$26,$13,$0,$13,$0,$0,$0,$0,$-7,$33,$-14,$0,$0,$0,$0,$48,$-0,$34,$0,$0,$0,$0,$0,$0,$0,$0,$67,$0,$0
23,2012-12-31,17.16,$0.00,0.0,$2.72,6.31,$1.05,16.42,$0.96,17.88,$0.42B,$0.04B,10.36,$0.00B,$0.66B,0.0,$0.33B,$0.33B,100.00%,$0.33B,$0.33B,100.00%,$0.33B,$0.33B,100.00%,$0.33B,$0.33B,100.00%,$0.33B,$0.33B,100.00%,$0.33B,$0.12B,35.87%,$0.12B,$0.66B,71.52%,$0.12B,$0.66B,71.52%,$0.12B,$0.75B,62.60%,$0.33B,$0.66B,199.39%,$107,$0,$107,$0,$0,$0,$107,$0,$107,$0,$107,$38,$38,$107,$107,$121,122,$0.31,$0.31,$365,$42,$3,$418,$0,$0,$0,$1,$1,$754,$40,$0,$15,$53,$93,$394,$245,$0,$660,$754,$118,$51,$0,$51,$0,$0,$0,$0,$6,$185,$-57,$0,$0,$0,$0,$5,$-1,$-53,$0,$0,$0,$0,$28,$-24,$0,$4,$137,$0,$0
