,Date,Stock Price,Book Value per Share,Price to Book Ratio,TTM Sales per Share,Price to Sales Ratio,TTM FCF per Share,Price to FCF Ratio,TTM Net EPS,PE Ratio,Current Assets,Current Liabilities,Current Ratio,Long Term Debt,Shareholder's Equity_x,Debt to Equity Ratio,TTM Revenue_x,TTM Gross Profit,Gross Margin,TTM Revenue_y,TTM Operating Income,Operating Margin,TTM Revenue_x,TTM EBIT,EBIT Margin,TTM Revenue_y,TTM EBITDA,EBITDA Margin,TTM Revenue_x,TTM Pre-Tax Income,Pre-Tax Margin,TTM Revenue_y,TTM Net Income_x,Net Margin,TTM Net Income_y,Shareholder's Equity_y,Return on Equity,TTM Net Income_x,Tangible Equity,Return on Tangible Equity,TTM Net Income_y,Total Assets,Return on Assets,TTM Net Income,LT Investments & Debt,Return on Investment,revenue,cost-goods-sold,gross-profit,research-development-expenses,selling-general-administrative-expenses,operating-expenses,operating-income,total-non-operating-income-expense,pre-tax-income,total-provision-income-taxes,income-after-taxes,income-from-continuous-operations,net-income,ebitda,ebit,basic-shares-outstanding,shares-outstanding,eps-basic-net-earnings-per-share,eps-earnings-per-share-diluted,cash-on-hand,inventory,other-current-assets,total-current-assets,net-property-plant-equipment,long-term-investments,goodwill-intangible-assets-total,other-long-term-assets,total-long-term-assets,total-assets,total-current-liabilities,long-term-debt,other-non-current-liabilities,total-long-term-liabilities,total-liabilities,common-stock-net,retained-earnings-accumulated-deficit,comprehensive-income,total-share-holder-equity,total-liabilities-share-holders-equity,net-income-loss,total-depreciation-amortization-cash-flow,other-non-cash-items,total-non-cash-items,change-in-accounts-receivable,change-in-inventories,change-in-accounts-payable,change-in-assets-liabilities,total-change-in-assets-liabilities,cash-flow-from-operating-activities,net-change-in-property-plant-equipment,net-change-in-intangible-assets,net-acquisitions-divestitures,net-change-in-short-term-investments,net-change-in-long-term-investments,net-change-in-investments-total,investing-activities-other,cash-flow-from-investing-activities,net-long-term-debt,net-current-debt,debt-issuance-retirement-net-total,net-common-equity-issued-repurchased,net-total-equity-issued-repurchased,total-common-preferred-stock-dividends-paid,financial-activities-other,cash-flow-from-financial-activities,net-cash-flow,stock-based-compensation,common-stock-dividends-paid
0,2018-09-30,72.18,$72.89,0.99,$48.62,1.48,$66.51,1.09,$8.56,8.43,$5.98B,$16.15B,0.37,$1.53B,$0.57B,2.66,$0.52B,$0.19B,35.56%,$0.52B,$0.14B,26.77%,$0.52B,0,0.00%,$0.52B,0,0.00%,$0.52B,$0.14B,26.77%,$0.52B,$0.09B,17.59%,$0.09B,$0.78B,12.28%,$0.09B,$0.78B,12.28%,$0.09B,$18.47B,0.50%,$0.14B,$2.30B,6.25%,$147,$98,$49,$0,$12,$109,$38,$0,$38,$8,$30,$30,$26,$0,$0,$11,11,$2.48,$2.46,$446,$0,$0,$5983,$0,$12438,$0,$53,$12491,$18474,$16147,$1525,$20,$1550,$17696,$11,$380,$64,$778,$18474,$85,$22,$47,$69,$95,$0,$12,$-9,$98,$252,$0,$0,$0,$0,$-57,$-57,$-183,$-240,$153,$0,$153,$0,$0,$-28,$-3,$122,$134,$2,$-28
1,2018-06-30,89.48,$71.83,1.25,$44.99,1.99,$58.17,1.54,$7.81,11.46,$5.99B,$16.35B,0.37,$1.49B,$0.76B,1.97,$0.49B,$0.18B,37.32%,$0.49B,$0.14B,27.84%,$0.49B,0,0.00%,$0.49B,0,0.00%,$0.49B,$0.14B,27.84%,$0.49B,$0.08B,17.32%,$0.08B,$0.77B,11.53%,$0.08B,$0.77B,11.53%,$0.08B,$18.63B,0.46%,$0.14B,$2.26B,6.20%,$142,$92,$50,$0,$13,$105,$37,$-0,$37,$7,$30,$30,$26,$0,$0,$11,11,$2.47,$2.45,$442,$0,$0,$5990,$0,$12561,$0,$75,$12637,$18627,$16347,$1488,$22,$1514,$17861,$205,$360,$73,$766,$18627,$55,$15,$26,$41,$61,$0,$13,$-9,$66,$162,$0,$0,$0,$0,$-452,$-452,$-157,$-609,$597,$0,$597,$0,$0,$-19,$-3,$576,$129,$1,$-19
2,2018-03-31,86.47,$69.98,1.24,$41.21,2.1,$52.03,1.66,$6.98,12.39,$11.80B,$16.12B,0.73,$1.50B,$0.54B,2.78,$0.45B,$0.17B,39.10%,$0.45B,$0.13B,29.21%,$0.45B,0,0.00%,$0.45B,0,0.00%,$0.45B,$0.13B,29.21%,$0.45B,$0.08B,16.85%,$0.08B,$0.75B,10.61%,$0.08B,$0.75B,10.61%,$0.08B,$18.40B,0.42%,$0.13B,$2.25B,6.17%,$120,$76,$43,$0,$11,$88,$32,$-0,$32,$6,$26,$26,$23,$0,$0,$11,11,$2.12,$2.10,$6344,$0,$0,$11800,$0,$6548,$0,$49,$6597,$18397,$16121,$1502,$25,$1531,$17652,$11,$340,$72,$745,$18397,$26,$6,$20,$26,$76,$0,$-4,$-6,$66,$118,$0,$0,$0,$0,$-307,$-307,$-77,$-384,$468,$0,$468,$0,$0,$-9,$-1,$457,$191,$1,$-9
3,2017-12-31,77.23,$66.69,1.16,$38.72,1.99,$50.65,1.52,$6.61,11.68,$5.78B,$15.61B,0.37,$1.44B,$0.50B,2.87,$0.42B,$0.18B,41.87%,$0.42B,$0.13B,31.10%,$0.42B,0,0.00%,$0.42B,0,0.00%,$0.42B,$0.13B,31.34%,$0.42B,$0.07B,16.99%,$0.07B,$0.71B,10.33%,$0.07B,$0.71B,10.33%,$0.07B,$17.79B,0.41%,$0.13B,$2.15B,6.42%,$114,$70,$44,$0,$11,$81,$33,$0,$33,$13,$20,$20,$17,$0,$0,$11,11,$1.58,$1.54,$316,$0,$0,$5777,$0,$11976,$0,$36,$12015,$17792,$15612,$1443,$29,$1472,$17084,$11,$323,$51,$708,$17792,$84,$25,$-4,$20,$38,$0,$26,$7,$70,$175,$8,$0,$0,$0,$-1019,$-1019,$-838,$-1848,$1741,$0,$1741,$0,$0,$-28,$-3,$1710,$37,$3,$-28
4,2017-09-30,71.45,$65.40,1.09,$37.52,1.9,$53.52,1.34,$7.44,9.6,$5.66B,$15.60B,0.36,$1.37B,$0.49B,2.8,$0.41B,$0.19B,46.17%,$0.41B,$0.14B,35.06%,$0.41B,0,0.00%,$0.41B,0,0.00%,$0.41B,$0.14B,35.31%,$0.41B,$0.08B,19.51%,$0.08B,$0.69B,11.77%,$0.08B,$0.69B,11.77%,$0.08B,$17.69B,0.48%,$0.14B,$2.06B,7.31%,$109,$65,$44,$0,$11,$76,$33,$-0,$33,$11,$22,$22,$18,$0,$0,$11,11,$1.74,$1.71,$382,$0,$0,$5656,$0,$11930,$0,$100,$12034,$17690,$15595,$1369,$33,$1401,$16996,$11,$319,$41,$694,$17690,$64,$19,$-6,$13,$68,$0,$12,$1,$80,$157,$6,$0,$0,$0,$-1102,$-1102,$-682,$-1777,$1745,$0,$1745,$0,$0,$-21,$-2,$1721,$102,$3,$-21
5,2017-06-30,63.2,$64.22,0.98,$35.31,1.79,$49.75,1.27,$7.27,8.69,$5.40B,$15.27B,0.35,$1.29B,$0.48B,2.7,$0.38B,$0.18B,48.16%,$0.38B,$0.14B,36.58%,$0.38B,0,0.00%,$0.38B,0,0.00%,$0.38B,$0.14B,36.84%,$0.38B,$0.08B,20.26%,$0.08B,$0.68B,11.88%,$0.08B,$0.68B,11.88%,$0.08B,$17.27B,0.48%,$0.14B,$1.97B,7.52%,$102,$58,$43,$0,$12,$70,$32,$-0,$32,$11,$21,$21,$17,$0,$0,$11,11,$1.65,$1.62,$336,$0,$0,$5400,$0,$11850,$0,$13,$11867,$17267,$15265,$1285,$36,$1322,$16586,$11,$304,$42,$681,$17267,$43,$12,$-7,$5,$29,$0,$14,$0,$43,$91,$6,$0,$0,$0,$-1005,$-1005,$-429,$-1428,$1408,$0,$1408,$0,$0,$-14,$-2,$1392,$55,$2,$-14
6,2017-03-31,55.93,$62.85,0.89,$33.13,1.69,$44.44,1.26,$6.78,8.25,$5.09B,$13.98B,0.36,$1.25B,$0.46B,2.71,$0.36B,$0.17B,49.01%,$0.36B,$0.13B,36.90%,$0.36B,0,0.00%,$0.36B,0,0.00%,$0.36B,$0.13B,37.18%,$0.36B,$0.07B,20.28%,$0.07B,$0.67B,11.54%,$0.07B,$0.67B,11.54%,$0.07B,$15.93B,0.45%,$0.13B,$1.92B,7.51%,$93,$50,$44,$0,$11,$61,$32,$0,$33,$11,$22,$22,$19,$0,$0,$11,11,$1.76,$1.73,$332,$0,$0,$5092,$0,$10823,$0,$12,$10840,$15932,$13982,$1250,$34,$1283,$15266,$11,$291,$42,$666,$15932,$22,$6,$4,$10,$63,$0,$-3,$10,$71,$103,$1,$0,$0,$0,$-87,$-87,$-159,$-246,$200,$0,$200,$0,$0,$-7,$-1,$192,$48,$1,$-7
7,2016-12-31,55.32,$61.08,0.91,$30.93,1.79,$39.71,1.39,$5.99,9.23,$4.96B,$13.72B,0.36,$1.18B,$0.44B,2.69,$0.33B,$0.16B,48.35%,$0.33B,$0.12B,36.04%,$0.33B,0,0.00%,$0.33B,0,0.00%,$0.33B,$0.12B,36.04%,$0.33B,$0.06B,18.92%,$0.06B,$0.64B,10.61%,$0.06B,$0.64B,10.61%,$0.06B,$15.61B,0.39%,$0.12B,$1.82B,7.43%,$101,$45,$56,$0,$11,$56,$45,$-0,$45,$16,$29,$29,$25,$0,$0,$10,11,$2.42,$2.36,$286,$0,$0,$4955,$0,$10528,$0,$111,$10651,$15606,$13722,$1180,$60,$1240,$14962,$11,$276,$34,$644,$15606,$77,$34,$-4,$29,$60,$0,$2,$44,$106,$213,$0,$0,$0,$0,$22,$22,$-616,$-593,$-529,$0,$-529,$-9,$-9,$-24,$-3,$-564,$-945,$3,$-24
8,2016-09-30,37.98,$57.33,0.66,$28.12,1.35,$36.24,1.05,$4.96,7.66,$4.80B,$14.19B,0.34,$1.08B,$0.40B,2.73,$0.31B,$0.14B,46.41%,$0.31B,$0.10B,32.68%,$0.31B,0,0.00%,$0.31B,0,0.00%,$0.31B,$0.10B,33.66%,$0.31B,$0.05B,17.32%,$0.05B,$0.60B,9.28%,$0.05B,$0.60B,9.28%,$0.05B,$16.00B,0.33%,$0.10B,$1.68B,6.74%,$84,$44,$40,$0,$10,$54,$30,$0,$30,$11,$20,$20,$16,$0,$0,$10,11,$1.56,$1.54,$337,$0,$0,$4798,$0,$11073,$0,$101,$11203,$16001,$14192,$1082,$126,$1208,$15400,$10,$253,$14,$601,$16001,$49,$26,$6,$32,$94,$0,$-7,$-46,$41,$121,$0,$0,$0,$0,$-500,$-500,$-431,$-930,$-59,$0,$-59,$-9,$-9,$-18,$-2,$-87,$-897,$3,$-18
9,2016-06-30,33.25,$55.94,0.59,$25.76,1.29,$39.54,0.84,$4.16,7.99,$6.13B,$15.13B,0.41,$0.97B,$0.38B,2.54,$0.28B,$0.13B,45.42%,$0.28B,$0.09B,31.34%,$0.28B,0,0.00%,$0.28B,0,0.00%,$0.28B,$0.09B,32.04%,$0.28B,$0.05B,15.85%,$0.05B,$0.59B,8.09%,$0.05B,$0.59B,8.09%,$0.05B,$16.82B,0.28%,$0.09B,$1.55B,6.54%,$77,$43,$34,$0,$10,$53,$24,$-0,$24,$8,$15,$15,$12,$0,$0,$10,11,$1.15,$1.13,$1790,$0,$0,$6131,$0,$10548,$0,$113,$10692,$16823,$15129,$966,$143,$1109,$16238,$10,$239,$12,$585,$16823,$29,$17,$5,$22,$44,$0,$0,$-56,$-12,$39,$0,$0,$0,$0,$88,$88,$-261,$-174,$712,$0,$712,$-9,$-9,$-12,$-1,$689,$555,$2,$-12
10,2016-03-31,35.78,$52.05,0.69,$25.90,1.38,$45.79,0.78,$4.97,7.2,$5.89B,$14.64B,0.4,$0.85B,$0.34B,2.52,$0.29B,$0.15B,49.66%,$0.29B,$0.11B,35.96%,$0.29B,0,0.00%,$0.29B,0,0.00%,$0.29B,$0.11B,36.30%,$0.29B,$0.06B,18.84%,$0.06B,$0.54B,9.93%,$0.06B,$0.54B,9.93%,$0.06B,$16.16B,0.36%,$0.11B,$1.40B,8.36%,$71,$40,$31,$0,$10,$50,$21,$-0,$21,$7,$14,$14,$10,$0,$0,$10,11,$0.99,$0.94,$1757,$0,$0,$5887,$0,$10133,$0,$88,$10269,$16156,$14638,$854,$120,$974,$15612,$10,$230,$-19,$544,$16156,$14,$8,$2,$11,$66,$0,$-9,$-28,$29,$53,$0,$0,$0,$0,$91,$91,$-77,$14,$468,$0,$468,$-9,$-9,$-6,$-1,$452,$519,$1,$-6
11,2015-12-31,29.72,$51.82,0.57,$25.12,1.18,$48.79,0.61,$4.19,7.09,$5.35B,$14.16B,0.38,$0.75B,$0.35B,2.16,$0.29B,$0.15B,50.88%,$0.29B,$0.11B,37.19%,$0.29B,0,0.00%,$0.29B,0,0.00%,$0.29B,$0.11B,37.89%,$0.29B,$0.05B,16.49%,$0.05B,$0.55B,8.34%,$0.05B,$0.55B,8.34%,$0.05B,$15.54B,0.31%,$0.11B,$1.31B,9.01%,$74,$37,$37,$0,$13,$49,$25,$3,$28,$10,$18,$18,$15,$0,$0,$11,11,$1.39,$1.35,$1240,$0,$0,$5354,$0,$10090,$0,$53,$10186,$15540,$14155,$752,$79,$831,$14987,$11,$231,$-11,$554,$15540,$74,$18,$-4,$14,$90,$0,$-1,$8,$97,$185,$-0,$0,$0,$0,$-708,$-708,$-543,$-1251,$1191,$0,$1191,$-9,$-253,$-26,$-0,$912,$-153,$3,$-20
12,2015-09-30,24.28,$49.40,0.49,$24.72,0.98,$46.26,0.52,$3.34,7.27,$5.42B,$13.56B,0.4,$0.65B,$0.34B,1.94,$0.28B,$0.13B,47.33%,$0.28B,$0.10B,34.88%,$0.28B,0,0.00%,$0.28B,0,0.00%,$0.28B,$0.10B,34.52%,$0.28B,$0.04B,13.52%,$0.04B,$0.54B,6.12%,$0.04B,$0.54B,6.12%,$0.04B,$14.85B,0.26%,$0.10B,$1.19B,8.44%,$62,$35,$27,$0,$8,$43,$19,$-1,$18,$6,$12,$12,$8,$0,$0,$11,11,$0.76,$0.74,$1549,$0,$0,$5420,$0,$9319,$0,$67,$9434,$14854,$13562,$651,$100,$752,$14313,$11,$225,$-18,$541,$14854,$56,$12,$-3,$9,$116,$0,$-11,$-4,$101,$165,$-0,$0,$0,$0,$-49,$-49,$-319,$-368,$620,$0,$620,$-0,$-244,$-21,$0,$356,$153,$2,$0
13,2015-06-30,27.05,$52.21,0.52,$26.64,1.02,$192.67,0.14,$3.62,7.47,$5.52B,$13.94B,0.4,$0.55B,$0.37B,1.49,$0.30B,$0.14B,46.53%,$0.30B,$0.11B,34.98%,$0.30B,0,0.00%,$0.30B,0,0.00%,$0.30B,$0.11B,35.31%,$0.30B,$0.04B,13.86%,$0.04B,$0.58B,6.17%,$0.04B,$0.58B,6.17%,$0.04B,$15.15B,0.29%,$0.11B,$1.13B,9.08%,$85,$35,$50,$0,$10,$44,$40,$-1,$39,$14,$25,$25,$22,$0,$0,$11,11,$2.01,$1.94,$1718,$0,$0,$5516,$0,$9551,$0,$55,$9628,$15145,$13942,$552,$74,$626,$14568,$11,$221,$23,$576,$15145,$44,$7,$-7,$0,$60,$0,$2,$7,$69,$113,$-0,$0,$0,$0,$-136,$-136,$-195,$-330,$794,$0,$794,$1,$-243,$-16,$0,$536,$320,$2,$-10
14,2015-03-31,26.11,$53.26,0.49,$25.47,1.02,$338.48,0.08,$3.46,7.55,$5.23B,$13.67B,0.38,$0.49B,$0.38B,1.31,$0.29B,$0.12B,41.18%,$0.29B,$0.09B,30.10%,$0.29B,0,0.00%,$0.29B,0,0.00%,$0.29B,$0.09B,31.14%,$0.29B,$0.04B,13.84%,$0.04B,$0.58B,5.48%,$0.04B,$0.58B,5.48%,$0.04B,$14.85B,0.27%,$0.09B,$1.08B,7.36%,$64,$33,$31,$0,$9,$42,$22,$1,$23,$4,$19,$19,$2,$0,$0,$11,11,$0.17,$0.16,$1594,$0,$0,$5233,$0,$9544,$0,$59,$9617,$14850,$13674,$494,$99,$593,$14267,$11,$201,$51,$583,$14850,$19,$4,$-0,$4,$73,$0,$-12,$6,$67,$89,$-0,$0,$0,$0,$-360,$-360,$-44,$-404,$762,$0,$762,$0,$-244,$-10,$0,$508,$193,$1,$-5
15,2014-12-31,27.96,$71.48,0.39,$24.14,1.16,$338.79,0.08,$3.37,8.3,$5.07B,$12.96B,0.39,$0.46B,$0.58B,0.8,$0.27B,$0.10B,37.59%,$0.27B,$0.07B,25.91%,$0.27B,0,0.00%,$0.27B,0,0.00%,$0.27B,$0.07B,26.64%,$0.27B,$0.04B,14.23%,$0.04B,$0.78B,5.17%,$0.04B,$0.78B,5.17%,$0.04B,$14.29B,0.27%,$0.07B,$1.24B,6.06%,$70,$45,$25,$0,$8,$53,$17,$0,$17,$3,$14,$14,$6,$0,$0,$11,11,$0.52,$0.50,$1404,$0,$0,$5071,$0,$9124,$0,$60,$9217,$14288,$12955,$462,$89,$551,$13506,$11,$201,$16,$782,$14288,$70,$28,$2,$30,$102,$0,$-5,$-41,$55,$155,$2,$0,$0,$0,$327,$327,$-412,$-84,$438,$0,$438,$0,$141,$-36,$0,$543,$614,$3,$-14
16,2014-09-30,29.48,$71.54,0.41,$23.90,1.23,$353.36,0.08,$3.98,7.41,$5.76B,$13.23B,0.44,$0.44B,$0.58B,0.76,$0.27B,$0.11B,40.00%,$0.27B,$0.08B,28.52%,$0.27B,0,0.00%,$0.27B,0,0.00%,$0.27B,$0.08B,29.26%,$0.27B,$0.05B,16.67%,$0.05B,$0.78B,6.41%,$0.05B,$0.78B,6.41%,$0.05B,$14.53B,0.32%,$0.08B,$1.22B,7.13%,$84,$49,$35,$0,$9,$58,$27,$1,$28,$8,$20,$20,$12,$0,$0,$11,11,$1.06,$1.02,$2302,$0,$0,$5763,$0,$8682,$0,$41,$8763,$14526,$13230,$439,$74,$513,$13743,$11,$197,$21,$782,$14526,$56,$28,$-16,$11,$138,$0,$-19,$1644,$1763,$1831,$1,$0,$0,$-1630,$688,$-942,$-264,$-1205,$-862,$0,$-862,$0,$141,$-26,$0,$-747,$-122,$2,$0
17,2014-06-30,28.38,$70.70,0.4,$22.98,1.24,$218.30,0.13,$4.33,6.56,$5.54B,$13.40B,0.41,$0.42B,$0.57B,0.74,$0.26B,$0.11B,42.86%,$0.26B,$0.08B,31.27%,$0.26B,0,0.00%,$0.26B,0,0.00%,$0.26B,$0.08B,31.27%,$0.26B,$0.05B,18.53%,$0.05B,$0.77B,7.30%,$0.05B,$0.77B,7.30%,$0.05B,$14.67B,0.35%,$0.08B,$1.19B,8.27%,$71,$43,$28,$0,$7,$50,$21,$1,$22,$-6,$28,$28,$20,$0,$0,$11,11,$1.85,$1.78,$2072,$0,$0,$5544,$0,$9047,$0,$39,$9126,$14670,$13397,$417,$84,$501,$13898,$11,$187,$22,$772,$14670,$36,$20,$-10,$10,$72,$0,$-4,$1655,$1723,$1769,$0,$0,$0,$-1641,$283,$-1358,$-208,$-1565,$-693,$0,$-693,$0,$140,$-16,$0,$-569,$-365,$1,$-5
18,2014-03-31,30.23,$62.37,0.48,$24.63,1.23,$78.39,0.39,$5.03,6.01,$4.27B,$12.44B,0.34,$0.35B,$0.55B,0.65,$0.28B,$0.14B,50.00%,$0.28B,$0.11B,38.77%,$0.28B,0,0.00%,$0.28B,0,0.00%,$0.28B,$0.11B,38.41%,$0.28B,$0.06B,20.29%,$0.06B,$0.68B,9.11%,$0.06B,$0.68B,9.11%,$0.06B,$13.55B,0.42%,$0.11B,$1.03B,12.09%,$49,$35,$15,$0,$8,$43,$6,$-0,$6,$-1,$7,$7,$1,$0,$0,$11,11,$0.07,$0.07,$919,$0,$0,$4271,$0,$9219,$0,$31,$9283,$13554,$12442,$353,$80,$434,$12875,$11,$168,$15,$679,$13554,$7,$17,$-1,$15,$86,$0,$-17,$1,$70,$93,$0,$0,$0,$0,$28,$28,$-105,$-77,$36,$0,$36,$0,$73,$-8,$0,$102,$117,$1,$-2
19,2013-12-31,31.0,$52.77,0.59,$26.90,1.15,$82.97,0.37,$6.41,4.84,$4.15B,$12.40B,0.34,$0.30B,$0.52B,0.58,$0.30B,$0.16B,54.49%,$0.30B,$0.13B,44.19%,$0.30B,0,0.00%,$0.30B,0,0.00%,$0.30B,$0.13B,43.52%,$0.30B,$0.07B,23.59%,$0.07B,$0.57B,11.78%,$0.07B,$0.57B,11.78%,$0.07B,$13.36B,0.54%,$0.13B,$0.88B,15.91%,$66,$36,$30,$0,$8,$44,$23,$0,$23,$4,$19,$19,$12,$0,$0,$11,11,$1.14,$1.11,$809,$0,$0,$4153,$0,$9128,$0,$36,$9209,$13362,$12404,$301,$82,$384,$12787,$11,$169,$-16,$574,$13362,$98,$38,$-38,$-0,$165,$0,$2,$50,$217,$314,$4,$0,$0,$0,$-346,$-346,$-653,$-995,$671,$0,$671,$2,$3,$-30,$1,$645,$-36,$3,$-8
20,2013-09-30,30.0,$55.73,0.54,$26.85,1.12,$57.81,0.52,$6.17,4.86,$3.82B,$12.16B,0.31,$0.22B,$0.55B,0.4,$0.30B,$0.17B,55.00%,$0.30B,$0.13B,42.67%,$0.30B,0,0.00%,$0.30B,0,0.00%,$0.30B,$0.13B,43.00%,$0.30B,$0.07B,23.00%,$0.07B,$0.61B,11.36%,$0.07B,$0.61B,11.36%,$0.07B,$13.09B,0.54%,$0.13B,$0.82B,15.68%,$73,$35,$38,$0,$7,$42,$31,$-0,$30,$8,$22,$22,$15,$0,$0,$11,11,$1.42,$1.37,$715,$0,$0,$3822,$0,$9208,$0,$38,$9263,$13085,$12164,$218,$98,$316,$12480,$11,$158,$27,$605,$13085,$79,$17,$-23,$-6,$182,$0,$-14,$47,$215,$288,$4,$0,$0,$0,$-385,$-385,$-415,$-796,$393,$0,$393,$1,$2,$-22,$1,$374,$-134,$2,$-6
21,2013-06-30,25.76,$55.65,0.46,$26.93,0.96,$39.49,0.65,$6.29,4.1,$3.81B,$12.02B,0.32,$0.21B,$0.54B,0.38,$0.30B,$0.17B,55.52%,$0.30B,$0.13B,42.81%,$0.30B,0,0.00%,$0.30B,0,0.00%,$0.30B,$0.13B,43.48%,$0.30B,$0.07B,23.41%,$0.07B,$0.60B,11.55%,$0.07B,$0.60B,11.55%,$0.07B,$12.94B,0.55%,$0.13B,$0.81B,15.79%,$88,$34,$55,$0,$8,$41,$47,$0,$47,$13,$34,$34,$28,$0,$0,$11,11,$2.57,$2.48,$725,$0,$0,$3812,$0,$9058,$0,$54,$9124,$12936,$12021,$208,$105,$313,$12334,$11,$144,$39,$602,$12936,$57,$11,$-17,$-6,$86,$0,$1,$36,$123,$174,$3,$0,$0,$0,$-315,$-315,$-301,$-612,$315,$0,$315,$1,$2,$-15,$1,$303,$-135,$2,$-4
22,2013-03-31,27.25,$58.47,0.47,$23.29,1.17,$23.18,1.18,$3.40,8.01,$3.86B,$11.91B,0.32,$0.21B,$0.57B,0.36,$0.26B,$0.12B,46.27%,$0.26B,$0.08B,32.16%,$0.26B,0,0.00%,$0.26B,0,0.00%,$0.26B,$0.08B,32.16%,$0.26B,$0.04B,14.90%,$0.04B,$0.63B,6.32%,$0.04B,$0.63B,6.32%,$0.04B,$12.89B,0.30%,$0.08B,$0.84B,10.15%,$74,$33,$41,$0,$9,$42,$32,$-1,$31,$9,$23,$23,$16,$0,$0,$11,11,$1.51,$1.45,$982,$0,$0,$3857,$0,$8965,$0,$71,$9036,$12893,$11908,$206,$140,$356,$12264,$11,$117,$92,$629,$12893,$23,$6,$-5,$1,$103,$0,$-16,$32,$118,$142,$0,$0,$0,$0,$176,$176,$-97,$79,$-109,$0,$-109,$1,$2,$-7,$1,$-113,$108,$1,$-1
23,2012-12-31,28.55,$55.41,0.52,$24.67,1.16,$17.11,1.67,$3.99,7.16,$3.77B,$11.67B,0.32,$0.21B,$0.54B,0.38,$0.27B,$0.13B,46.64%,$0.27B,$0.09B,33.58%,$0.27B,0,0.00%,$0.27B,0,0.00%,$0.27B,$0.09B,33.96%,$0.27B,$0.04B,16.42%,$0.04B,$0.59B,7.48%,$0.04B,$0.59B,7.48%,$0.04B,$12.62B,0.36%,$0.09B,$0.80B,9.84%,$65,$33,$31,$0,$14,$47,$18,$3,$21,$5,$16,$16,$10,$0,$0,$10,11,$0.90,$0.86,$891,$0,$0,$3766,$0,$8751,$0,$102,$8856,$12622,$11668,$205,$156,$362,$12029,$11,$102,$74,$593,$12622,$69,$34,$1,$36,$-14,$0,$-9,$-49,$-71,$33,$2,$0,$0,$0,$-1039,$-1039,$-292,$-1329,$1288,$0,$1288,$3,$3,$-29,$2,$1264,$-31,$2,$-7
24,2012-09-30,22.47,$57.19,0.39,$25.62,0.88,$16.78,1.34,$4.35,5.17,$3.65B,$11.52B,0.32,$0.20B,$0.54B,0.37,$0.28B,$0.13B,46.38%,$0.28B,$0.10B,36.23%,$0.28B,0,0.00%,$0.28B,0,0.00%,$0.28B,$0.10B,35.14%,$0.28B,$0.05B,17.03%,$0.05B,$0.60B,8.12%,$0.05B,$0.60B,8.12%,$0.05B,$12.50B,0.39%,$0.10B,$0.80B,9.65%,$72,$33,$39,$0,$8,$41,$31,$0,$31,$8,$23,$23,$16,$0,$0,$10,11,$1.56,$1.49,$994,$0,$0,$3651,$0,$8752,$0,$100,$8851,$12502,$11524,$198,$174,$378,$11902,$10,$94,$92,$600,$12502,$53,$21,$5,$26,$70,$0,$-25,$-40,$5,$84,$1,$0,$0,$0,$-1033,$-1033,$-150,$-1182,$1171,$0,$1171,$0,$0,$-21,$1,$1151,$53,$3,$-5
25,2012-06-30,22.71,$55.52,0.41,$20.56,1.1,$10.04,2.26,$0.64,35.49,$3.58B,$11.08B,0.32,$0.22B,$0.52B,0.42,$0.22B,$0.07B,29.55%,$0.22B,$0.04B,17.27%,$0.22B,0,0.00%,$0.22B,0,0.00%,$0.22B,$0.04B,15.91%,$0.22B,$0.01B,3.64%,$0.01B,$0.58B,1.42%,$0.01B,$0.58B,1.42%,$0.01B,$12.05B,0.07%,$0.04B,$0.80B,3.28%,$44,$37,$7,$0,$7,$44,$1,$-1,$-1,$-3,$2,$2,$-4,$0,$0,$10,10,$-0.41,$-0.41,$901,$0,$0,$3576,$0,$8358,$0,$116,$8475,$12050,$11076,$219,$171,$393,$11468,$10,$78,$90,$582,$12050,$30,$14,$7,$21,$5,$0,$-6,$-57,$-57,$-6,$1,$0,$0,$582,$-1266,$-684,$-96,$-779,$733,$0,$733,$0,$0,$-14,$1,$720,$-65,$2,$-3
26,2012-03-31,19.5,$55.61,0.35,$21.83,0.89,$8.84,2.21,$1.55,12.58,$4.16B,$10.89B,0.38,$0.69B,$0.52B,1.32,$0.24B,$0.08B,33.62%,$0.24B,$0.05B,21.28%,$0.24B,0,0.00%,$0.24B,0,0.00%,$0.24B,$0.05B,21.28%,$0.24B,$0.02B,7.23%,$0.02B,$0.58B,3.09%,$0.02B,$0.58B,3.09%,$0.02B,$12.31B,0.15%,$0.05B,$1.26B,3.89%,$87,$39,$48,$0,$8,$47,$40,$-0,$40,$12,$28,$28,$22,$0,$0,$10,11,$2.14,$2.04,$1161,$0,$0,$4162,$0,$8092,$0,$58,$8150,$12311,$10893,$685,$151,$841,$11735,$10,$84,$79,$577,$12311,$28,$7,$-10,$-3,$56,$0,$-19,$11,$47,$73,$0,$0,$0,$0,$-474,$-474,$-19,$-493,$585,$0,$585,$0,$0,$-7,$1,$579,$158,$1,$-1
27,2011-12-31,15.34,$53.54,0.29,$21.24,0.72,$2.48,6.19,$1.23,12.48,$4.07B,$10.43B,0.39,$0.73B,$0.50B,1.47,$0.23B,$0.07B,32.16%,$0.23B,$0.04B,18.50%,$0.23B,0,0.00%,$0.23B,0,0.00%,$0.23B,$0.04B,19.38%,$0.23B,$0.01B,5.73%,$0.01B,$0.56B,2.46%,$0.01B,$0.56B,2.46%,$0.01B,$11.88B,0.12%,$0.04B,$1.28B,3.25%,$73,$39,$34,$0,$6,$46,$28,$-0,$27,$8,$20,$20,$13,$0,$0,$10,11,$1.27,$1.30,$1031,$0,$0,$4067,$0,$7752,$0,$65,$7816,$11884,$10432,$729,$167,$897,$11329,$10,$63,$79,$555,$11884,$39,$27,$108,$136,$-138,$0,$4,$-13,$-148,$27,$4,$0,$0,$0,$-1790,$-1790,$-219,$-2005,$2092,$0,$2092,$0,$0,$-27,$0,$2065,$87,$3,$-5
28,2011-09-30,16.11,$52.82,0.3,$21.31,0.76,$-51.05,0.0,$1.16,13.89,$4.05B,$9.97B,0.41,$0.74B,$0.49B,1.51,$0.23B,$0.08B,33.48%,$0.23B,$0.04B,18.06%,$0.23B,0,0.00%,$0.23B,0,0.00%,$0.23B,$0.04B,19.38%,$0.23B,$0.01B,5.29%,$0.01B,$0.55B,2.36%,$0.01B,$0.55B,2.36%,$0.01B,$11.43B,0.12%,$0.04B,$1.29B,3.14%,$16,$39,$-24,$0,$8,$47,$-31,$0,$-31,$-14,$-17,$-17,$-23,$0,$0,$10,10,$-2.22,$-2.22,$1141,$0,$0,$4047,$0,$7323,$0,$60,$7383,$11431,$9968,$740,$174,$916,$10883,$10,$50,$86,$547,$11431,$19,$19,$28,$46,$-58,$0,$-8,$10,$-56,$9,$1,$0,$0,$251,$-1545,$-1294,$-419,$-1712,$1818,$0,$1818,$0,$0,$-20,$0,$1798,$95,$2,$0
29,2011-06-30,18.63,$50.33,0.37,$24.97,0.75,$-81.54,0.0,$3.94,4.73,$4.01B,$9.03B,0.45,$0.78B,$0.46B,1.69,$0.27B,$0.12B,45.86%,$0.27B,$0.09B,31.95%,$0.27B,0,0.00%,$0.27B,0,0.00%,$0.27B,$0.09B,33.08%,$0.27B,$0.04B,15.41%,$0.04B,$0.52B,8.27%,$0.04B,$0.52B,8.27%,$0.04B,$10.45B,0.43%,$0.09B,$1.30B,6.40%,$59,$38,$21,$0,$8,$46,$13,$1,$14,$3,$11,$11,$5,$0,$0,$10,11,$0.50,$0.48,$1106,$0,$0,$4014,$0,$6370,$0,$57,$6431,$10445,$9025,$783,$117,$900,$9924,$10,$73,$36,$521,$10445,$36,$11,$-10,$1,$-67,$0,$-1,$12,$-56,$-19,$1,$0,$0,$512,$-1195,$-684,$-166,$-849,$920,$0,$920,$0,$0,$-14,$0,$907,$38,$1,$0
30,2011-03-31,16.01,$47.42,0.34,$24.42,0.66,$-103.11,0.0,$3.61,4.43,$3.95B,$8.55B,0.46,$0.81B,$0.43B,1.88,$0.26B,$0.12B,45.38%,$0.26B,$0.08B,32.31%,$0.26B,0,0.00%,$0.26B,0,0.00%,$0.26B,$0.08B,31.92%,$0.26B,$0.04B,14.62%,$0.04B,$0.49B,7.86%,$0.04B,$0.49B,7.86%,$0.04B,$9.96B,0.44%,$0.08B,$1.30B,6.22%,$79,$37,$42,$0,$10,$47,$32,$2,$34,$10,$25,$25,$18,$0,$0,$10,11,$1.78,$1.72,$1142,$0,$0,$3945,$0,$5950,$0,$48,$6011,$9956,$8550,$811,$106,$917,$9467,$10,$69,$10,$488,$9956,$25,$4,$-9,$-5,$-20,$0,$-14,$18,$-16,$3,$0,$0,$0,$0,$-281,$-281,$-105,$-386,$438,$0,$438,$-0,$-0,$-7,$0,$432,$50,$1,$-1
31,2010-12-31,13.56,$46.57,0.29,$23.03,0.59,$-110.85,0.0,$2.06,6.58,$3.81B,$8.02B,0.48,$0.86B,$0.42B,2.04,$0.24B,$0.10B,41.80%,$0.24B,$0.07B,27.87%,$0.24B,0,0.00%,$0.24B,0,0.00%,$0.24B,$0.07B,27.46%,$0.24B,$0.02B,9.02%,$0.02B,$0.48B,4.65%,$0.02B,$0.48B,4.65%,$0.02B,$9.48B,0.27%,$0.07B,$1.34B,4.60%,$73,$36,$37,$0,$9,$46,$27,$-1,$27,$8,$19,$19,$12,$0,$0,$10,11,$1.23,$1.18,$1128,$0,$0,$3811,$0,$5590,$0,$64,$5668,$9480,$8019,$858,$124,$982,$9001,$10,$51,$18,$479,$9480,$53,$20,$-10,$10,$-641,$0,$18,$21,$-602,$-539,$1,$0,$0,$5,$-1894,$-1889,$251,$-1636,$2184,$0,$2184,$0,$98,$-27,$-5,$2250,$75,$3,$-6
32,2010-09-30,8.94,$48.20,0.19,$20.67,0.43,$-49.03,0.0,$1.43,6.25,$3.35B,$6.69B,0.5,$0.88B,$0.44B,2.01,$0.22B,$0.09B,41.01%,$0.22B,$0.06B,25.81%,$0.22B,0,0.00%,$0.22B,0,0.00%,$0.22B,$0.06B,25.35%,$0.22B,$0.02B,6.91%,$0.02B,$0.50B,3.42%,$0.02B,$0.50B,3.42%,$0.02B,$8.22B,0.21%,$0.06B,$1.38B,4.51%,$55,$34,$22,$0,$8,$42,$13,$-0,$13,$1,$12,$12,$6,$0,$0,$10,11,$0.58,$0.56,$890,$0,$0,$3345,$0,$4781,$0,$97,$4878,$8223,$6690,$880,$154,$1037,$7727,$10,$39,$47,$495,$8223,$34,$13,$0,$14,$-372,$0,$6,$4,$-363,$-315,$0,$0,$0,$5,$-1080,$-1075,$215,$-860,$900,$0,$900,$0,$98,$-20,$-5,$973,$-202,$2,$-5
33,2010-06-30,11.48,$46.08,0.25,$22.06,0.52,$-10.28,0.0,$2.61,4.4,$3.23B,$5.57B,0.58,$0.92B,$0.42B,2.2,$0.23B,$0.11B,48.70%,$0.23B,$0.08B,33.91%,$0.23B,0,0.00%,$0.23B,0,0.00%,$0.23B,$0.08B,33.48%,$0.23B,$0.03B,11.74%,$0.03B,$0.47B,6.71%,$0.03B,$0.47B,6.71%,$0.03B,$7.10B,0.41%,$0.08B,$1.39B,7.82%,$53,$36,$17,$0,$5,$41,$12,$-3,$9,$1,$8,$8,$2,$0,$0,$10,11,$0.18,$0.17,$794,$0,$0,$3231,$0,$3774,$0,$84,$3869,$7099,$5568,$915,$142,$1058,$6626,$10,$33,$31,$473,$7099,$22,$9,$-4,$5,$-283,$0,$13,$-3,$-273,$-247,$0,$0,$0,$5,$-126,$-121,$151,$30,$-192,$0,$-192,$0,$98,$-13,$-5,$-113,$-329,$2,$-4
34,2010-03-31,9.21,$0.00,0.0,$23.88,0.39,$18.60,0.49,$4.93,1.87,$3.64B,$5.55B,0.66,$1.37B,$0.39B,3.51,$0.25B,$0.14B,57.72%,$0.25B,$0.11B,45.53%,$0.25B,0,0.00%,$0.25B,0,0.00%,$0.25B,$0.11B,46.34%,$0.25B,$0.05B,20.33%,$0.05B,$0.45B,14.08%,$0.05B,$0.45B,14.08%,$0.05B,$7.48B,0.81%,$0.11B,$1.82B,15.26%,$63,$37,$26,$0,$9,$47,$16,$1,$18,$4,$14,$14,$2,$0,$0,$10,10,$0.17,$0.17,$909,$0,$0,$3637,$0,$3774,$0,$48,$3842,$7479,$5547,$1368,$117,$1485,$7032,$10,$32,$8,$447,$7479,$14,$1,$-2,$-1,$-115,$0,$8,$17,$-90,$-78,$0,$0,$0,$5,$-186,$-181,$96,$-85,$-159,$0,$-159,$0,$98,$-6,$-6,$-74,$-237,$1,$-2
35,2009-12-31,5.6,$33.10,0.17,$27.00,0.21,$29.98,0.19,$8.07,0.69,$2.50B,$5.64B,0.44,$0.05B,$0.14B,0.35,$0.28B,$0.19B,67.03%,$0.28B,$0.15B,55.80%,$0.28B,0,0.00%,$0.28B,0,0.00%,$0.28B,$0.15B,55.07%,$0.28B,$0.08B,29.71%,$0.08B,$0.34B,27.84%,$0.08B,$0.34B,27.84%,$0.08B,$6.14B,1.49%,$0.15B,$0.39B,44.73%,$46,$22,$24,$0,$9,$31,$15,$-0,$15,$5,$10,$10,$5,$0,$0,$10,10,$0.54,$0.50,$1619,$0,$0,$2495,$0,$3567,$0,$53,$3644,$6139,$5635,$49,$115,$164,$5798,$10,$28,$3,$340,$6139,$100,$17,$-62,$-45,$-54,$0,$-1,$74,$19,$73,$41,$0,$0,$0,$-958,$-958,$277,$-640,$914,$0,$914,$0,$48,$-19,$0,$943,$376,$3,$-19
36,2009-09-30,5.9,$0.00,0.0,$19.59,0.3,$16.92,0.35,$1.51,3.91,$2.10B,$5.20B,0.4,$0.05B,$0.15B,0.33,$0.20B,$0.10B,50.25%,$0.20B,$0.06B,28.36%,$0.20B,0,0.00%,$0.20B,0,0.00%,$0.20B,$0.05B,25.87%,$0.20B,$0.02B,7.96%,$0.02B,$0.35B,6.41%,$0.02B,$0.35B,6.41%,$0.02B,$5.73B,0.31%,$0.06B,$0.40B,18.95%,$68,$23,$45,$0,$9,$32,$35,$-0,$35,$13,$22,$22,$18,$0,$0,$10,10,$1.77,$1.74,$1263,$0,$0,$2101,$0,$3533,$0,$84,$3633,$5734,$5201,$49,$135,$184,$5385,$10,$23,$18,$349,$5734,$89,$14,$-25,$-11,$-54,$0,$-3,$43,$-14,$64,$31,$0,$0,$0,$-1131,$-1131,$536,$-563,$462,$0,$462,$0,$48,$-14,$0,$496,$-4,$2,$-14
37,2009-06-30,3.76,$0.00,0.0,$7.02,0.54,$14.38,0.26,$-10.78,0.0,$2.20B,$4.86B,0.45,$0.05B,$0.10B,0.51,$0.07B,$-0.04B,-60.27%,$0.07B,$-0.09B,-119.18%,$0.07B,0,0.00%,$0.07B,0,0.00%,$0.07B,$-0.09B,-126.03%,$0.07B,$-0.11B,-147.95%,$-0.11B,$0.28B,-52.68%,$-0.11B,$0.28B,-52.68%,$-0.11B,$5.32B,-2.18%,$-0.09B,$0.33B,-33.72%,$69,$22,$47,$0,$1,$23,$46,$1,$46,$17,$30,$30,$25,$0,$0,$10,10,$2.50,$2.49,$1443,$0,$0,$2203,$0,$2961,$0,$119,$3120,$5323,$4858,$51,$131,$181,$5039,$10,$6,$-13,$284,$5323,$67,$10,$-41,$-31,$-18,$0,$-2,$40,$21,$57,$0,$0,$0,$0,$-512,$-512,$373,$-139,$145,$0,$145,$0,$31,$-9,$0,$167,$84,$2,$-9
38,2009-03-31,2.05,$0.00,0.0,$8.47,0.24,$14.65,0.14,$-11.14,0.0,$2.15B,$4.34B,0.5,$0.05B,$0.04B,1.28,$0.09B,$-0.05B,-58.62%,$0.09B,$-0.10B,-113.79%,$0.09B,0,0.00%,$0.09B,0,0.00%,$0.09B,$-0.10B,-119.54%,$0.09B,$-0.11B,-128.74%,$-0.11B,$0.21B,-57.96%,$-0.11B,$0.21B,-57.96%,$-0.11B,$4.77B,-2.17%,$-0.10B,$0.26B,-40.16%,$93,$24,$69,$0,$11,$35,$58,$-3,$56,$18,$37,$37,$34,$0,$0,$10,10,$3.31,$3.31,$1388,$0,$0,$2149,$0,$2433,$0,$116,$2622,$4771,$4343,$52,$172,$223,$4566,$10,$-19,$-46,$205,$4771,$37,$6,$-31,$-25,$13,$0,$-6,$21,$28,$40,$0,$0,$0,$0,$-57,$-57,$373,$317,$-358,$0,$-358,$0,$11,$-4,$0,$-351,$5,$1,$0
39,2008-12-31,2.58,$15.75,0.16,$4.14,0.62,$14.38,0.18,$-15.29,0.0,$2.29B,$4.71B,0.49,$0.06B,$0.01B,8.94,$0.04B,$-0.13B,-302.38%,$0.04B,$-0.17B,-404.76%,$0.04B,0,0.00%,$0.04B,0,0.00%,$0.04B,$-0.17B,-411.90%,$0.04B,$-0.15B,-366.67%,$-0.15B,$0.16B,-80.21%,$-0.15B,$0.16B,-80.21%,$-0.15B,$5.11B,-2.89%,$-0.17B,$0.22B,-69.25%,$-29,$31,$-60,$0,$22,$53,$-82,$-3,$-85,$-26,$-59,$-59,$-61,$0,$0,$10,10,$-6.16,$-6.14,$1382,$0,$0,$2290,$0,$2584,$0,$145,$2817,$5107,$4706,$55,$187,$242,$4948,$10,$-52,$-47,$160,$5107,$-150,$82,$202,$284,$-27,$0,$-10,$-116,$-153,$-19,$0,$0,$0,$0,$162,$162,$-75,$87,$-7,$0,$-7,$5,$123,$-8,$0,$109,$177,$3,$-8
40,2008-09-30,2.87,$0.00,0.0,$12.31,0.23,$26.60,0.11,$-10.16,0.0,$1.94B,$4.36B,0.45,$0.06B,$0.08B,0.74,$0.13B,$-0.08B,-59.06%,$0.13B,$-0.10B,-80.31%,$0.13B,0,0.00%,$0.13B,0,0.00%,$0.13B,$-0.10B,-80.31%,$0.13B,$-0.10B,-80.31%,$-0.10B,$0.17B,-49.04%,$-0.10B,$0.17B,-49.04%,$-0.10B,$4.66B,-1.92%,$-0.10B,$0.23B,-39.12%,$-60,$39,$-100,$0,$9,$48,$-109,$0,$-109,$-3,$-106,$-106,$-106,$0,$0,$10,10,$-10.55,$-10.55,$1135,$0,$0,$1944,$0,$2547,$0,$112,$2714,$4659,$4364,$56,$68,$123,$4488,$10,$10,$-41,$171,$4659,$-91,$71,$130,$201,$11,$0,$-17,$-35,$-42,$67,$0,$0,$0,$0,$199,$199,$14,$214,$-332,$0,$-332,$5,$5,$-5,$0,$-332,$-51,$3,$-5
41,2008-06-30,17.23,$23.70,0.73,$23.97,0.72,$29.13,0.59,$-0.43,0.0,$2.71B,$5.72B,0.47,$0.05B,$0.20B,0.25,$0.25B,$0.02B,7.32%,$0.25B,$-0.01B,-2.44%,$0.25B,0,0.00%,$0.25B,0,0.00%,$0.25B,$-0.01B,-2.44%,$0.25B,$-0.00B,-2.03%,$-0.00B,$0.24B,-2.19%,$-0.00B,$0.24B,-2.19%,$-0.00B,$6.06B,-0.09%,$-0.01B,$0.29B,-2.14%,$83,$42,$40,$0,$7,$49,$34,$0,$34,$12,$22,$22,$21,$0,$0,$10,10,$2.15,$2.13,$1791,$0,$0,$2705,$0,$3316,$0,$9,$3359,$6064,$5718,$51,$59,$109,$5827,$10,$117,$-17,$237,$6064,$14,$50,$12,$62,$-9,$0,$-2,$-6,$-17,$59,$0,$0,$0,$0,$-488,$-488,$3,$-485,$1037,$0,$1037,$3,$3,$-3,$0,$1036,$611,$2,$-3
42,2008-03-31,18.02,$20.27,0.89,$25.03,0.72,$29.75,0.61,$-0.82,0.0,$2.16B,$5.15B,0.42,$0.05B,$0.17B,0.31,$0.26B,$0.01B,4.98%,$0.26B,$-0.01B,-4.60%,$0.26B,0,0.00%,$0.26B,0,0.00%,$0.26B,$-0.01B,-4.60%,$0.26B,$-0.01B,-3.07%,$-0.01B,$0.20B,-3.43%,$-0.01B,$0.20B,-3.43%,$-0.01B,$5.51B,-0.15%,$-0.01B,$0.25B,-4.21%,$48,$54,$-7,$0,$6,$60,$-13,$0,$-13,$-5,$-8,$-8,$-8,$0,$0,$10,10,$-0.84,$-0.84,$1287,$0,$0,$2159,$0,$3276,$0,$23,$3347,$5506,$5149,$52,$105,$157,$5306,$10,$97,$-29,$200,$5506,$-8,$30,$20,$49,$29,$0,$-16,$-18,$-5,$36,$0,$0,$0,$0,$-452,$-452,$12,$-440,$505,$0,$505,$-1,$-1,$-2,$0,$502,$99,$1,$-2
43,2007-12-31,18.02,$22.07,0.82,$26.97,0.67,$30.87,0.58,$0.39,46.2,$1.03B,$4.64B,0.22,$0.05B,$0.19B,0.28,$0.29B,$0.03B,10.88%,$0.29B,$0.01B,2.46%,$0.29B,0,0.00%,$0.29B,0,0.00%,$0.29B,$0.01B,2.46%,$0.29B,$0.00B,1.40%,$0.00B,$0.22B,1.63%,$0.00B,$0.22B,1.63%,$0.00B,$4.98B,0.08%,$0.01B,$0.28B,2.38%,$56,$63,$-8,$0,$6,$70,$-14,$0,$-14,$-5,$-9,$-9,$-9,$0,$0,$10,11,$-0.91,$-0.87,$110,$0,$0,$1026,$0,$3915,$0,$7,$3952,$4978,$4644,$52,$57,$110,$4754,$10,$94,$-3,$224,$4978,$7,$129,$22,$150,$-67,$0,$14,$3,$-49,$108,$2,$0,$0,$0,$-767,$-767,$60,$-706,$-151,$0,$-151,$-21,$-21,$-6,$1,$-178,$-776,$4,$-6
44,2007-09-30,19.95,$24.23,0.82,$28.40,0.7,$31.31,0.64,$1.99,10.02,$1.43B,$5.09B,0.28,$0.05B,$0.22B,0.23,$0.30B,$0.06B,18.15%,$0.30B,$0.03B,10.56%,$0.30B,0,0.00%,$0.30B,0,0.00%,$0.30B,$0.03B,10.56%,$0.30B,$0.02B,6.93%,$0.02B,$0.25B,8.36%,$0.02B,$0.25B,8.36%,$0.02B,$5.43B,0.40%,$0.03B,$0.30B,10.82%,$59,$66,$-7,$0,$6,$72,$-13,$-0,$-13,$-5,$-8,$-8,$-9,$0,$0,$10,10,$-0.82,$-0.82,$572,$0,$0,$1427,$0,$3972,$0,$10,$3999,$5426,$5093,$51,$31,$81,$5174,$10,$113,$2,$252,$5426,$15,$97,$2,$98,$-17,$0,$3,$-6,$-19,$95,$2,$0,$0,$0,$-807,$-807,$66,$-739,$351,$0,$351,$-8,$-8,$-5,$1,$339,$-305,$2,$-5
45,2007-06-30,23.09,$24.74,0.93,$27.58,0.84,$31.10,0.74,$2.23,10.36,$1.46B,$4.95B,0.3,$0.05B,$0.22B,0.24,$0.30B,$0.06B,19.26%,$0.30B,$0.04B,11.82%,$0.30B,0,0.00%,$0.30B,0,0.00%,$0.30B,$0.04B,11.82%,$0.30B,$0.02B,8.11%,$0.02B,$0.26B,9.62%,$0.02B,$0.26B,9.62%,$0.02B,$5.28B,0.47%,$0.04B,$0.31B,12.11%,$98,$63,$35,$0,$7,$70,$28,$-0,$28,$9,$19,$19,$18,$0,$0,$10,11,$1.79,$1.74,$572,$0,$0,$1464,$0,$3778,$0,$27,$3813,$5277,$4947,$52,$22,$74,$5020,$10,$124,$-2,$257,$5277,$23,$62,$-11,$51,$-32,$0,$19,$7,$-7,$68,$0,$0,$0,$0,$-628,$-628,$49,$-579,$216,$0,$216,$-8,$-8,$-3,$0,$205,$-305,$2,$-3
46,2007-03-31,18.24,$24.15,0.76,$25.13,0.73,$30.09,0.61,$1.16,15.72,$1.66B,$4.96B,0.34,$0.04B,$0.21B,0.19,$0.28B,$0.05B,17.45%,$0.28B,$0.03B,10.18%,$0.28B,0,0.00%,$0.28B,0,0.00%,$0.28B,$0.03B,9.82%,$0.28B,$0.02B,6.91%,$0.02B,$0.25B,7.63%,$0.02B,$0.25B,7.63%,$0.02B,$5.28B,0.39%,$0.03B,$0.29B,9.96%,$72,$61,$11,$0,$6,$66,$6,$0,$6,$1,$4,$4,$4,$0,$0,$10,11,$0.37,$0.37,$817,$0,$0,$1663,$0,$3588,$0,$14,$3613,$5276,$4961,$40,$28,$67,$5028,$10,$109,$10,$248,$5276,$4,$30,$1,$32,$11,$0,$4,$-0,$15,$51,$0,$0,$0,$0,$-422,$-422,$41,$-381,$280,$0,$280,$-9,$-9,$-2,$0,$269,$-61,$1,$-2
47,2006-12-31,18.05,$23.43,0.77,$24.78,0.73,$32.23,0.56,$1.23,14.67,$1.77B,$4.64B,0.38,$0.04B,$0.21B,0.17,$0.28B,$0.07B,23.55%,$0.28B,$0.04B,15.94%,$0.28B,0,0.00%,$0.28B,0,0.00%,$0.28B,$0.04B,15.94%,$0.28B,$0.03B,10.87%,$0.03B,$0.25B,11.98%,$0.03B,$0.25B,11.98%,$0.03B,$4.95B,0.64%,$0.04B,$0.28B,15.88%,$74,$58,$16,$0,$5,$64,$11,$0,$11,$3,$8,$8,$8,$0,$0,$11,11,$0.75,$0.76,$878,$0,$0,$1767,$0,$3161,$0,$18,$3186,$4954,$4644,$35,$26,$61,$4705,$11,$113,$5,$248,$4954,$32,$127,$-5,$122,$-50,$0,$7,$5,$-38,$116,$3,$0,$0,$0,$-215,$-215,$65,$-146,$471,$0,$471,$-17,$-17,$-7,$1,$449,$419,$2,$-7
