,Date,Stock Price,Book Value per Share,Price to Book Ratio,TTM Sales per Share,Price to Sales Ratio,TTM FCF per Share,Price to FCF Ratio,TTM Net EPS,PE Ratio,Current Assets,Current Liabilities,Current Ratio,Long Term Debt,Shareholder's Equity_x,Debt to Equity Ratio,TTM Revenue_x,TTM Gross Profit,Gross Margin,TTM Revenue_y,TTM Operating Income,Operating Margin,TTM Revenue_x,TTM EBIT,EBIT Margin,TTM Revenue_y,TTM EBITDA,EBITDA Margin,TTM Revenue_x,TTM Pre-Tax Income,Pre-Tax Margin,TTM Revenue_y,TTM Net Income_x,Net Margin,TTM Net Income_y,Shareholder's Equity_y,Return on Equity,TTM Net Income_x,Tangible Equity,Return on Tangible Equity,TTM Net Income_y,Total Assets,Return on Assets,TTM Net Income,LT Investments & Debt,Return on Investment,revenue,cost-goods-sold,gross-profit,research-development-expenses,selling-general-administrative-expenses,operating-expenses,operating-income,total-non-operating-income-expense,pre-tax-income,total-provision-income-taxes,income-after-taxes,income-from-continuous-operations,net-income,ebitda,ebit,basic-shares-outstanding,shares-outstanding,eps-basic-net-earnings-per-share,eps-earnings-per-share-diluted,cash-on-hand,inventory,other-current-assets,total-current-assets,net-property-plant-equipment,long-term-investments,goodwill-intangible-assets-total,other-long-term-assets,total-long-term-assets,total-assets,total-current-liabilities,long-term-debt,other-non-current-liabilities,total-long-term-liabilities,total-liabilities,common-stock-net,retained-earnings-accumulated-deficit,comprehensive-income,total-share-holder-equity,total-liabilities-share-holders-equity,net-income-loss,total-depreciation-amortization-cash-flow,other-non-cash-items,total-non-cash-items,change-in-accounts-receivable,change-in-inventories,change-in-accounts-payable,change-in-assets-liabilities,total-change-in-assets-liabilities,cash-flow-from-operating-activities,net-change-in-property-plant-equipment,net-change-in-intangible-assets,net-acquisitions-divestitures,net-change-in-short-term-investments,net-change-in-long-term-investments,net-change-in-investments-total,investing-activities-other,cash-flow-from-investing-activities,net-long-term-debt,net-current-debt,debt-issuance-retirement-net-total,net-common-equity-issued-repurchased,net-total-equity-issued-repurchased,total-common-preferred-stock-dividends-paid,financial-activities-other,cash-flow-from-financial-activities,net-cash-flow,stock-based-compensation,common-stock-dividends-paid
0,2018-09-30,18.63,$20.15,0.92,$4.28,4.35,$7.08,2.63,$2.72,6.85,$18.36B,$66.47B,0.28,$0.29B,$9.14B,0.03,$1.73B,$0.80B,46.33%,$1.73B,$1.32B,76.14%,$1.73B,$1.32B,76.14%,$1.73B,$1.66B,96.07%,$1.73B,$1.32B,76.14%,$1.73B,$1.28B,74.06%,$1.28B,$9.63B,14.34%,$1.28B,$9.10B,15.27%,$1.28B,$92.03B,1.68%,$1.32B,$9.92B,14.23%,$500,$312,$188,$0,$14,$284,$216,$0,$216,$0,$216,$216,$207,$321,$216,$462,463,$0.45,$0.45,$1527,$0,$0,$18360,$0,$0,$526,$73145,$73671,$92031,$66469,$291,$15644,$15935,$82404,$5,$-2343,$-1304,$9627,$92031,$933,$249,$-365,$-116,$0,$0,$0,$-71,$23,$840,$0,$0,$0,$0,$-12310,$-12310,$-4647,$-16957,$-63,$15438,$15375,$1605,$1605,$-699,$0,$16281,$164,$5,$-699
1,2018-06-30,18.42,$20.83,0.88,$4.07,4.53,$7.82,2.35,$3.46,5.32,$14.65B,$50.80B,0.29,$0.31B,$8.56B,0.04,$1.55B,$0.79B,51.13%,$1.55B,$1.39B,89.61%,$1.55B,$1.39B,89.61%,$1.55B,$1.73B,111.43%,$1.55B,$1.39B,89.61%,$1.55B,$1.35B,86.89%,$1.35B,$9.04B,15.42%,$1.35B,$8.49B,16.45%,$1.35B,$73.14B,1.94%,$1.39B,$9.36B,15.29%,$414,$237,$177,$0,$10,$121,$293,$0,$293,$0,$293,$293,$284,$367,$293,$405,405,$0.70,$0.70,$1310,$0,$0,$14647,$0,$0,$550,$57941,$58491,$73138,$50798,$313,$12985,$13298,$64096,$4,$-2299,$-1111,$9042,$73138,$717,$144,$-340,$-196,$0,$0,$0,$-139,$-111,$410,$0,$0,$0,$0,$2369,$2369,$-1674,$695,$-42,$-1457,$-1499,$788,$788,$-447,$0,$-1158,$-53,$3,$-447
2,2018-03-31,18.23,$21.31,0.86,$3.89,4.68,$8.77,2.08,$2.81,6.49,$12.13B,$50.12B,0.24,$0.34B,$7.85B,0.04,$1.43B,$0.80B,55.74%,$1.43B,$1.12B,78.36%,$1.43B,$1.12B,78.36%,$1.43B,$1.48B,103.64%,$1.43B,$1.12B,78.36%,$1.43B,$1.08B,75.56%,$1.08B,$8.34B,12.83%,$1.08B,$7.79B,13.74%,$1.08B,$69.22B,1.65%,$1.12B,$8.67B,12.75%,$431,$206,$225,$0,$10,$7,$424,$0,$424,$0,$424,$424,$415,$494,$424,$391,392,$1.06,$1.06,$1358,$0,$0,$12128,$0,$0,$550,$56543,$57093,$69221,$50115,$336,$10432,$10768,$60883,$4,$-2358,$-966,$8338,$69221,$424,$70,$-212,$-142,$0,$0,$0,$3,$6,$288,$0,$0,$0,$0,$597,$597,$690,$1287,$-21,$-1339,$-1360,$0,$0,$-220,$0,$-1580,$-5,$1,$-220
3,2017-12-31,18.9,$22.37,0.84,$3.69,5.13,$9.21,2.05,$1.96,9.64,$12.32B,$50.72B,0.24,$0.36B,$8.27B,0.04,$1.29B,$0.77B,59.47%,$1.29B,$0.77B,59.63%,$1.29B,$0.77B,59.63%,$1.29B,$1.15B,89.10%,$1.29B,$0.77B,59.63%,$1.29B,$0.73B,56.69%,$0.73B,$8.75B,9.00%,$0.73B,$8.20B,9.65%,$0.73B,$70.38B,1.18%,$0.77B,$9.11B,9.03%,$386,$174,$212,$0,$12,$1,$385,$0,$385,$0,$385,$385,$376,$481,$385,$359,359,$1.04,$1.04,$1363,$0,$0,$12324,$0,$0,$551,$57501,$58052,$70376,$50718,$357,$10547,$10904,$61622,$4,$-2562,$-345,$8754,$70376,$771,$381,$-55,$326,$0,$0,$0,$82,$163,$1260,$0,$0,$0,$0,$-8651,$-8651,$-2677,$-11328,$-3141,$12438,$9297,$1238,$1380,$-795,$24,$9906,$-162,$4,$-795
4,2017-09-30,19.76,$22.47,0.88,$3.80,5.21,$9.77,2.02,$4.06,4.87,$11.14B,$47.12B,0.24,$0.38B,$8.31B,0.05,$1.30B,$0.85B,65.54%,$1.30B,$1.41B,108.08%,$1.30B,$1.41B,108.08%,$1.30B,$1.70B,130.62%,$1.30B,$1.41B,108.08%,$1.30B,$1.37B,105.31%,$1.37B,$8.79B,17.56%,$1.37B,$8.24B,18.90%,$1.37B,$65.49B,2.32%,$1.41B,$9.17B,15.65%,$318,$140,$178,$0,$10,$32,$286,$0,$286,$0,$286,$286,$271,$384,$286,$365,365,$0.74,$0.74,$1392,$0,$0,$11139,$0,$0,$552,$53799,$54351,$65490,$47123,$380,$9196,$9576,$56699,$4,$-2729,$-140,$8791,$65490,$386,$285,$134,$419,$0,$0,$0,$99,$130,$935,$0,$0,$0,$0,$-4297,$-4297,$-1858,$-6155,$-3117,$7647,$4530,$1238,$1380,$-580,$0,$5330,$110,$3,$-580
5,2017-06-30,18.92,$21.78,0.87,$3.88,4.88,$10.32,1.83,$4.84,3.91,$9.23B,$41.27B,0.22,$0.41B,$7.41B,0.06,$1.30B,$0.89B,68.85%,$1.30B,$1.63B,125.67%,$1.30B,$1.63B,125.67%,$1.30B,$1.94B,149.81%,$1.30B,$1.63B,125.67%,$1.30B,$1.60B,123.52%,$1.60B,$7.75B,21.13%,$1.60B,$7.19B,22.80%,$1.60B,$56.71B,2.83%,$1.63B,$8.15B,17.07%,$293,$112,$181,$0,$10,$269,$24,$0,$24,$0,$24,$24,$17,$121,$24,$346,347,$0.05,$0.05,$1383,$0,$0,$9225,$0,$0,$553,$46933,$47486,$56711,$41269,$405,$7292,$7697,$48966,$4,$-2800,$-230,$7745,$56711,$100,$187,$254,$441,$0,$0,$0,$121,$138,$679,$0,$0,$0,$0,$1382,$1382,$-194,$1188,$-3092,$1200,$-1892,$0,$0,$-377,$0,$-2269,$-402,$1,$-377
6,2017-03-31,17.23,$22.03,0.78,$3.99,4.32,$10.44,1.65,$4.36,3.95,$10.89B,$40.25B,0.27,$0.43B,$6.96B,0.06,$1.32B,$0.93B,70.27%,$1.32B,$1.47B,111.27%,$1.32B,$1.47B,111.27%,$1.32B,$1.83B,138.65%,$1.32B,$1.47B,111.27%,$1.32B,$1.44B,109.15%,$1.44B,$7.29B,19.06%,$1.44B,$6.74B,20.17%,$1.44B,$56.84B,2.51%,$1.47B,$7.73B,14.24%,$296,$98,$198,$0,$10,$220,$76,$0,$76,$0,$76,$76,$69,$166,$76,$331,331,$0.21,$0.21,$1292,$0,$0,$10888,$0,$0,$554,$45396,$45950,$56838,$40254,$434,$8858,$9292,$49546,$3,$-2628,$-351,$7292,$56838,$76,$90,$108,$198,$0,$0,$0,$125,$116,$390,$0,$0,$0,$0,$2738,$2738,$-1384,$1354,$-3065,$1517,$-1548,$0,$0,$-186,$0,$-1734,$10,$0,$-186
7,2016-12-31,15.28,$22.22,0.69,$3.98,3.84,$10.34,1.48,$1.82,8.39,$9.02B,$38.33B,0.24,$3.50B,$7.02B,0.5,$1.32B,$0.93B,70.17%,$1.32B,$0.62B,47.16%,$1.32B,$0.62B,47.16%,$1.32B,$1.06B,80.55%,$1.32B,$0.62B,47.16%,$1.32B,$0.60B,45.04%,$0.60B,$7.36B,7.77%,$0.60B,$6.80B,8.06%,$0.60B,$56.88B,1.01%,$0.62B,$10.85B,5.56%,$393,$98,$295,$0,$10,$-626,$1019,$0,$1019,$0,$1019,$1019,$1012,$1027,$1019,$332,332,$3.03,$3.03,$1282,$0,$0,$9019,$0,$0,$554,$47307,$47861,$56880,$38325,$3497,$7702,$11199,$49524,$3,$-2518,$-397,$7356,$56880,$623,$441,$208,$649,$0,$0,$0,$34,$80,$1352,$0,$0,$-555,$0,$11028,$11028,$-6028,$4445,$-851,$-3896,$-4747,$-116,$-116,$-799,$-37,$-5699,$98,$1,$-799
8,2016-09-30,16.0,$23.96,0.67,$3.87,4.14,$10.37,1.54,$0.46,34.79,$7.60B,$38.94B,0.2,$3.53B,$7.60B,0.47,$1.30B,$0.92B,70.66%,$1.30B,$-0.92B,-70.89%,$1.30B,$-0.92B,-70.89%,$1.30B,$-0.39B,-29.95%,$1.30B,$0.19B,14.75%,$1.30B,$0.16B,12.60%,$0.16B,$7.93B,2.10%,$0.16B,$7.38B,2.14%,$0.16B,$55.89B,0.28%,$-0.92B,$11.46B,-7.97%,$315,$96,$219,$0,$9,$-196,$511,$0,$511,$0,$511,$511,$504,$629,$511,$331,331,$1.52,$1.52,$1935,$0,$0,$7604,$0,$0,$555,$47730,$48285,$55889,$38937,$3531,$5490,$9021,$47958,$3,$-3350,$1010,$7931,$55889,$-396,$433,$945,$1378,$0,$0,$0,$37,$47,$1029,$0,$0,$-555,$0,$9343,$9343,$-4066,$4722,$-816,$-4086,$-4902,$-116,$-116,$-612,$23,$-5607,$144,$1,$-612
9,2016-06-30,15.77,$23.27,0.68,$3.76,4.19,$10.33,1.53,$-2.90,0.0,$5.51B,$46.12B,0.12,$3.57B,$7.37B,0.48,$1.28B,$0.92B,71.68%,$1.28B,$-1.25B,-97.50%,$1.28B,$-1.25B,-97.50%,$1.28B,$-0.68B,-53.28%,$1.28B,$-0.95B,-74.26%,$1.28B,$-0.98B,-76.44%,$-0.98B,$7.70B,-12.39%,$-0.98B,$7.70B,-12.39%,$-0.98B,$60.48B,-1.63%,$-1.25B,$11.27B,-10.57%,$318,$101,$217,$0,$25,$453,$-135,$0,$-135,$0,$-135,$-135,$-142,$11,$-135,$331,331,$-0.43,$-0.43,$2530,$0,$0,$5512,$0,$0,$0,$54963,$54963,$60475,$46118,$3565,$3090,$6655,$52773,$3,$-3669,$1100,$7702,$60475,$-907,$315,$1247,$1562,$0,$0,$0,$24,$33,$688,$0,$0,$0,$0,$2436,$2436,$-2010,$426,$-780,$216,$-564,$-116,$-116,$-413,$0,$-1093,$21,$0,$-413
10,2016-03-31,14.37,$23.14,0.62,$3.98,3.61,$10.73,1.34,$-1.04,0.0,$5.96B,$47.89B,0.12,$3.60B,$7.32B,0.49,$1.38B,$1.04B,75.11%,$1.38B,$-0.82B,-59.36%,$1.38B,$-0.82B,-59.36%,$1.38B,$-0.30B,-21.92%,$1.38B,$-0.31B,-22.13%,$1.38B,$-0.33B,-24.17%,$-0.33B,$7.66B,-4.08%,$-0.33B,$7.66B,-4.08%,$-0.33B,$62.40B,-0.55%,$-0.82B,$11.26B,-7.20%,$295,$99,$196,$0,$27,$1067,$-772,$0,$-772,$0,$-772,$-772,$-779,$-603,$-772,$334,334,$-2.33,$-2.33,$2795,$0,$0,$5958,$0,$0,$0,$56438,$56438,$62396,$47889,$3599,$3248,$6847,$54736,$3,$-3329,$718,$7660,$62396,$-772,$169,$935,$1104,$0,$0,$0,$18,$30,$362,$0,$0,$0,$0,$-831,$-831,$-2002,$-2833,$-747,$3541,$2794,$-116,$-116,$-208,$0,$2470,$-1,$0,$-208
11,2015-12-31,12.93,$23.62,0.55,$4.18,3.09,$10.84,1.19,$0.56,23.08,$4.10B,$42.93B,0.1,$4.35B,$7.64B,0.57,$1.47B,$1.14B,77.49%,$1.47B,$0.22B,14.67%,$1.47B,$0.22B,14.67%,$1.47B,$0.72B,49.39%,$1.47B,$0.22B,14.67%,$1.47B,$0.19B,12.76%,$0.19B,$7.97B,2.18%,$0.19B,$7.97B,2.18%,$0.19B,$57.02B,0.29%,$0.22B,$12.32B,1.94%,$374,$86,$288,$0,$15,$901,$-527,$0,$588,$0,$588,$588,$581,$-427,$-527,$349,349,$1.68,$1.68,$2391,$0,$0,$4104,$0,$0,$0,$52917,$52917,$57021,$42932,$4348,$1770,$6118,$49050,$3,$-2350,$-66,$7971,$57021,$215,$509,$782,$1291,$0,$0,$0,$-83,$-78,$1428,$0,$0,$0,$0,$1482,$1482,$2611,$4093,$3598,$-8542,$-4944,$-285,$-285,$-902,$0,$-6131,$-610,$0,$-902
12,2015-09-30,13.48,$24.00,0.56,$4.05,3.33,$11.33,1.19,$-2.08,0.0,$4.53B,$46.78B,0.1,$4.13B,$7.98B,0.52,$1.42B,$1.10B,77.16%,$1.42B,$-0.24B,-16.51%,$1.42B,$-0.24B,-16.51%,$1.42B,$0.33B,23.19%,$1.42B,$-0.69B,-48.77%,$1.42B,$-0.72B,-50.81%,$-0.72B,$8.32B,-8.07%,$-0.72B,$8.32B,-8.07%,$-0.72B,$60.61B,-1.09%,$-0.24B,$12.44B,-2.23%,$295,$77,$218,$0,$29,$111,$184,$-817,$-633,$0,$-633,$-633,$-640,$336,$184,$348,348,$-1.84,$-1.84,$2918,$0,$0,$4528,$0,$0,$0,$56081,$56081,$60609,$46780,$4128,$1385,$5513,$52293,$3,$-2727,$495,$8316,$60609,$-373,$409,$1115,$1524,$0,$0,$0,$-73,$-81,$1070,$0,$0,$0,$0,$2487,$2487,$2942,$5429,$3381,$-9282,$-5901,$-124,$-124,$-689,$0,$-6714,$-215,$0,$-689
13,2015-06-30,12.84,$24.99,0.51,$4.21,3.05,$11.92,1.08,$0.30,42.79,$5.25B,$51.19B,0.1,$0.67B,$8.38B,0.08,$1.49B,$1.15B,77.37%,$1.49B,$-0.19B,-12.46%,$1.49B,$-0.19B,-12.46%,$1.49B,$0.37B,24.65%,$1.49B,$0.14B,9.16%,$1.49B,$0.11B,7.21%,$0.11B,$8.72B,1.16%,$0.11B,$8.72B,1.16%,$0.11B,$62.89B,0.16%,$-0.19B,$9.39B,-1.86%,$414,$81,$333,$0,$36,$117,$297,$215,$512,$0,$512,$512,$505,$392,$297,$352,352,$1.43,$1.43,$2288,$0,$0,$5250,$0,$0,$0,$57635,$57635,$62885,$51186,$674,$2307,$2981,$54167,$4,$-1879,$4,$8718,$62885,$260,$257,$298,$555,$0,$0,$0,$56,$56,$871,$0,$0,$0,$0,$-2727,$-2727,$2396,$-331,$-80,$-118,$-198,$-79,$-79,$-473,$0,$-750,$-210,$0,$-473
14,2015-03-31,14.45,$26.52,0.54,$4.13,3.5,$12.09,1.2,$-1.05,0.0,$6.90B,$59.58B,0.12,$0.73B,$9.02B,0.08,$1.46B,$1.11B,75.96%,$1.46B,$-0.23B,-15.66%,$1.46B,$-0.23B,-15.66%,$1.46B,$0.38B,25.89%,$1.46B,$-0.34B,-23.63%,$1.46B,$-0.37B,-25.48%,$-0.37B,$9.36B,-3.93%,$-0.37B,$9.36B,-3.93%,$-0.37B,$73.11B,-0.55%,$-0.23B,$10.08B,-2.23%,$383,$86,$297,$0,$36,$122,$261,$-513,$-252,$0,$-252,$-252,$-259,$423,$261,$353,353,$-0.73,$-0.73,$2816,$0,$0,$6899,$0,$0,$0,$66206,$66206,$73105,$59576,$725,$3448,$4173,$63749,$4,$-2166,$850,$9356,$73105,$-252,$162,$513,$675,$0,$0,$0,$-4,$-3,$420,$0,$0,$0,$0,$-9692,$-9692,$1719,$-7973,$-35,$7816,$7781,$0,$0,$-240,$0,$7541,$-12,$0,$-240
15,2014-12-31,14.35,$26.72,0.54,$4.16,3.44,$12.28,1.17,$-0.73,0.0,$7.89B,$52.13B,0.15,$0.76B,$9.09B,0.08,$1.47B,$1.10B,74.73%,$1.47B,$-0.23B,-15.83%,$1.47B,$-0.23B,-15.83%,$1.47B,$0.40B,26.83%,$1.47B,$-0.23B,-15.83%,$1.47B,$-0.26B,-17.39%,$-0.26B,$9.43B,-2.75%,$-0.26B,$9.43B,-2.75%,$-0.26B,$67.77B,-0.39%,$-0.23B,$10.19B,-2.30%,$331,$81,$250,$0,$13,$1308,$-977,$0,$-321,$0,$-321,$-321,$-329,$-821,$-977,$353,353,$-0.93,$-0.93,$2433,$0,$0,$7890,$0,$0,$0,$59876,$59876,$67766,$52129,$761,$5448,$6209,$58338,$4,$-1674,$430,$9428,$67766,$-233,$628,$1192,$1820,$0,$0,$0,$55,$35,$1622,$0,$0,$0,$0,$16335,$16335,$-3986,$12349,$-158,$-13237,$-13395,$-74,$95,$-1094,$0,$-14394,$-423,$0,$-1094
16,2014-09-30,13.56,$26.52,0.51,$4.66,2.91,$14.28,0.95,$-0.07,0.0,$8.67B,$47.22B,0.18,$0.80B,$9.02B,0.09,$1.68B,$1.27B,75.59%,$1.68B,$1.13B,67.04%,$1.68B,$1.13B,67.04%,$1.68B,$1.78B,105.76%,$1.68B,$-0.01B,-0.53%,$1.68B,$-0.03B,-1.90%,$-0.03B,$9.36B,-0.35%,$-0.03B,$9.36B,-0.35%,$-0.03B,$62.35B,-0.05%,$1.13B,$10.15B,11.32%,$357,$88,$269,$0,$35,$123,$234,$-37,$197,$0,$197,$197,$190,$372,$234,$353,353,$0.54,$0.54,$2502,$0,$0,$8665,$0,$0,$0,$53683,$53683,$62348,$47217,$796,$4978,$5774,$52991,$4,$-1112,$-203,$9357,$62348,$89,$472,$655,$1127,$0,$0,$0,$71,$78,$1294,$0,$0,$0,$0,$21236,$21236,$-4032,$17204,$-119,$-18206,$-18325,$-74,$95,$-703,$0,$-18933,$-435,$0,$-703
17,2014-06-30,14.5,$27.24,0.53,$5.08,2.86,$14.41,1.01,$-2.41,0.0,$11.02B,$50.07B,0.22,$0.84B,$9.28B,0.09,$1.89B,$1.42B,75.17%,$1.89B,$1.27B,67.16%,$1.89B,$1.27B,67.16%,$1.89B,$2.00B,105.84%,$1.89B,$-0.91B,-48.12%,$1.89B,$-0.93B,-49.12%,$-0.93B,$9.61B,-10.01%,$-0.93B,$9.61B,-10.01%,$-0.93B,$66.85B,-1.20%,$1.27B,$10.46B,12.54%,$385,$95,$290,$0,$36,$131,$254,$-222,$32,$0,$32,$32,$27,$403,$254,$353,353,$0.08,$0.08,$2530,$0,$0,$11023,$0,$0,$0,$55831,$55831,$66854,$50070,$844,$6329,$7173,$57243,$4,$-1073,$12,$9611,$66854,$-108,$334,$618,$952,$0,$0,$0,$64,$88,$932,$0,$0,$0,$0,$19414,$19414,$-5474,$13940,$-76,$-14819,$-14895,$-74,$95,$-468,$0,$-15268,$-396,$0,$-468
18,2014-03-31,12.95,$24.98,0.52,$5.36,2.42,$14.32,0.9,$2.12,6.11,$9.48B,$50.74B,0.19,$0.87B,$8.65B,0.1,$2.05B,$1.54B,75.35%,$2.05B,$1.38B,67.48%,$2.05B,$1.38B,67.48%,$2.05B,$2.11B,102.98%,$2.05B,$0.89B,43.52%,$2.05B,$0.87B,42.69%,$0.87B,$8.81B,9.27%,$0.87B,$8.81B,9.27%,$0.87B,$67.32B,1.03%,$1.38B,$9.69B,13.47%,$399,$108,$291,$0,$35,$143,$256,$-397,$-141,$0,$-141,$-141,$-144,$441,$256,$355,355,$-0.41,$-0.41,$1995,$0,$0,$9479,$0,$0,$0,$57839,$57839,$67318,$50740,$874,$6890,$7764,$58504,$4,$-870,$-819,$8814,$67318,$-141,$185,$397,$582,$0,$0,$0,$60,$47,$488,$0,$0,$0,$0,$18341,$18341,$-5097,$13244,$-36,$-13804,$-13840,$-74,$-74,$-235,$0,$-14149,$-417,$0,$-235
19,2013-12-31,11.28,$24.42,0.46,$5.77,1.95,$14.40,0.78,$3.17,3.56,$4.78B,$64.57B,0.07,$0.91B,$8.53B,0.11,$2.19B,$1.66B,75.56%,$2.19B,$1.49B,67.90%,$2.19B,$1.49B,67.90%,$2.19B,$2.21B,100.91%,$2.19B,$1.27B,58.00%,$2.19B,$1.25B,56.77%,$1.25B,$8.70B,12.30%,$1.25B,$8.70B,12.30%,$1.25B,$76.26B,1.36%,$1.49B,$9.61B,13.60%,$543,$120,$423,$0,$38,$158,$385,$-482,$-97,$3,$-100,$-100,$-105,$565,$385,$379,379,$-0.17,$-0.17,$2244,$0,$0,$4777,$0,$0,$0,$71478,$71478,$76255,$64565,$910,$2083,$2993,$67558,$4,$-497,$-1383,$8697,$76255,$1259,$724,$217,$941,$0,$0,$0,$-24,$301,$2501,$0,$0,$0,$0,$-353,$-353,$9228,$8875,$-6,$-10945,$-10951,$947,$947,$-1659,$0,$-11663,$-287,$0,$-1659
20,2013-09-30,12.77,$25.72,0.5,$6.22,2.05,$15.44,0.83,$5.82,2.19,$5.82B,$84.54B,0.07,$0.74B,$9.72B,0.08,$2.22B,$1.66B,74.65%,$2.22B,$1.49B,67.00%,$2.22B,$1.49B,67.00%,$2.22B,$2.24B,100.72%,$2.22B,$2.20B,98.83%,$2.22B,$2.16B,97.12%,$2.16B,$9.89B,20.20%,$2.16B,$9.89B,20.20%,$2.16B,$97.27B,2.21%,$1.49B,$10.62B,12.93%,$558,$145,$413,$0,$42,$187,$371,$-1072,$-701,$0,$-701,$-701,$-704,$586,$371,$391,391,$-1.80,$-1.80,$2206,$0,$0,$5821,$0,$0,$0,$91450,$91450,$97271,$84538,$736,$2112,$2848,$87386,$4,$-160,$-1118,$9885,$97271,$1359,$544,$-265,$279,$0,$0,$0,$-54,$-154,$1484,$0,$0,$0,$0,$-19423,$-19423,$9636,$-9787,$-180,$7995,$7815,$1533,$1533,$-1346,$0,$8002,$-301,$0,$-1346
21,2013-06-30,12.58,$25.95,0.48,$6.35,1.98,$16.70,0.75,$7.87,1.6,$15.64B,$77.25B,0.2,$0.78B,$10.11B,0.08,$2.18B,$1.63B,74.48%,$2.18B,$1.46B,66.79%,$2.18B,$1.46B,66.79%,$2.18B,$2.26B,103.71%,$2.18B,$2.99B,136.83%,$2.18B,$2.94B,134.86%,$2.94B,$10.28B,26.71%,$2.94B,$10.28B,26.71%,$2.94B,$98.66B,2.98%,$1.46B,$11.06B,12.23%,$545,$131,$414,$0,$46,$177,$368,$1461,$1829,$0,$1829,$1829,$1826,$514,$368,$396,396,$4.61,$4.61,$4139,$0,$0,$15639,$0,$0,$0,$83024,$83024,$98663,$77249,$783,$10351,$11134,$88383,$4,$852,$-1998,$10280,$98663,$2060,$329,$-1337,$-1008,$0,$0,$0,$-10,$-40,$1012,$0,$0,$0,$0,$-499,$-499,$1265,$766,$-128,$-2027,$-2155,$1796,$1796,$-926,$0,$-1285,$493,$0,$-926
22,2013-03-31,17.12,$29.36,0.58,$6.65,2.57,$17.76,0.96,$2.38,7.19,$16.35B,$67.82B,0.24,$0.86B,$11.48B,0.08,$2.14B,$1.60B,74.51%,$2.14B,$1.44B,67.13%,$2.14B,$1.44B,67.13%,$2.14B,$2.35B,109.52%,$2.14B,$0.89B,41.74%,$2.14B,$0.85B,39.87%,$0.85B,$11.64B,7.95%,$0.85B,$11.64B,7.95%,$0.85B,$93.37B,0.90%,$1.44B,$12.50B,12.31%,$547,$140,$407,$0,$42,$182,$365,$-124,$241,$10,$231,$231,$228,$548,$365,$356,356,$0.64,$0.64,$3325,$0,$0,$16350,$0,$0,$0,$77019,$77019,$93369,$67818,$862,$13047,$13909,$81727,$4,$-557,$767,$11642,$93369,$231,$183,$124,$307,$0,$0,$0,$19,$-20,$518,$0,$0,$0,$0,$7687,$7687,$-902,$6785,$-64,$-8218,$-8282,$0,$1802,$-427,$0,$-6907,$396,$0,$-427
23,2012-12-31,14.52,$32.15,0.45,$7.25,2.0,$18.26,0.8,$4.40,3.3,$14.65B,$76.43B,0.19,$0.94B,$10.73B,0.09,$2.11B,$1.60B,75.72%,$2.11B,$1.45B,68.90%,$2.11B,$1.45B,68.90%,$2.11B,$2.33B,110.48%,$2.11B,$1.30B,61.45%,$2.11B,$1.27B,60.08%,$1.27B,$10.90B,12.66%,$1.27B,$10.90B,12.66%,$1.27B,$100.45B,1.35%,$1.45B,$11.83B,13.53%,$571,$147,$424,$0,$40,$187,$384,$442,$826,$15,$811,$811,$807,$589,$384,$304,304,$2.14,$2.14,$2829,$0,$0,$14647,$0,$0,$0,$85806,$85806,$100453,$76430,$937,$12190,$13127,$89557,$3,$-289,$1555,$10896,$100453,$1277,$877,$157,$1034,$0,$0,$0,$-76,$10,$2321,$0,$0,$0,$0,$-19062,$-19062,$-12119,$-31181,$850,$26797,$27647,$3524,$3691,$-1415,$0,$29923,$1063,$0,$-1415
24,2012-09-30,16.69,$33.00,0.51,$7.67,2.18,$17.61,0.95,$3.02,5.53,$11.98B,$82.20B,0.15,$1.01B,$11.11B,0.09,$1.89B,$1.44B,75.93%,$1.89B,$1.31B,69.15%,$1.89B,$1.31B,69.15%,$1.89B,$2.15B,113.97%,$1.89B,$0.68B,36.14%,$1.89B,$0.67B,35.34%,$0.67B,$11.27B,7.56%,$0.67B,$11.27B,7.56%,$0.67B,$102.18B,0.80%,$1.31B,$12.28B,13.98%,$520,$139,$381,$0,$40,$179,$341,$-250,$91,$5,$86,$86,$83,$613,$341,$333,333,$0.25,$0.25,$2938,$0,$0,$11976,$0,$0,$0,$90201,$90201,$102177,$82201,$1008,$7695,$8703,$90904,$3,$-672,$2239,$11273,$102177,$466,$672,$599,$1271,$0,$0,$0,$-79,$-54,$1683,$0,$0,$0,$0,$-28962,$-28962,$-6795,$-35757,$920,$31573,$32493,$3600,$3767,$-984,$0,$35276,$1202,$0,$-984
25,2012-06-30,15.65,$29.97,0.52,$7.92,1.98,$16.25,0.96,$4.16,3.76,$6.55B,$73.04B,0.09,$0.95B,$8.97B,0.11,$1.70B,$1.29B,75.78%,$1.70B,$1.18B,69.30%,$1.70B,$1.18B,69.30%,$1.70B,$1.86B,109.84%,$1.70B,$0.84B,49.68%,$1.70B,$0.84B,49.20%,$0.84B,$9.14B,11.51%,$0.84B,$9.14B,11.51%,$0.84B,$84.78B,1.20%,$1.18B,$10.09B,15.62%,$504,$120,$384,$0,$36,$156,$348,$-612,$-264,$-3,$-261,$-261,$-264,$596,$348,$301,301,$-0.88,$-0.88,$2401,$0,$0,$6552,$0,$0,$0,$78230,$78230,$84782,$73039,$954,$1653,$2607,$75646,$3,$-328,$998,$9136,$84782,$380,$400,$349,$749,$0,$0,$0,$-54,$-43,$1086,$0,$0,$0,$0,$-24099,$-24099,$-933,$-25032,$892,$21859,$22751,$2360,$2527,$-600,$0,$24678,$732,$0,$-600
26,2012-03-31,13.25,$29.06,0.46,$8.27,1.6,$15.43,0.86,$6.40,2.07,$7.40B,$75.55B,0.1,$0.05B,$8.72B,0.01,$1.46B,$1.10B,75.65%,$1.46B,$1.01B,69.41%,$1.46B,$1.01B,69.41%,$1.46B,$1.53B,105.01%,$1.46B,$1.29B,88.13%,$1.46B,$1.28B,87.59%,$1.28B,$8.72B,20.72%,$1.28B,$8.72B,20.72%,$1.28B,$88.42B,2.15%,$1.01B,$8.77B,16.28%,$514,$106,$408,$0,$28,$134,$380,$263,$643,$2,$641,$641,$641,$532,$380,$241,241,$2.66,$2.66,$2077,$0,$0,$7396,$0,$0,$0,$81021,$81021,$88417,$75547,$50,$4102,$4152,$79699,$3,$317,$257,$8718,$88417,$641,$152,$-263,$-111,$0,$0,$0,$-70,$-58,$472,$0,$0,$0,$0,$-21136,$-21136,$-2963,$-24099,$-4,$22135,$22131,$2205,$2205,$-314,$0,$24022,$395,$0,$-314
27,2011-12-31,12.09,$27.71,0.44,$7.97,1.52,$14.89,0.81,$5.22,2.32,$2.91B,$50.49B,0.06,$0.05B,$6.21B,0.01,$1.11B,$0.82B,74.30%,$1.11B,$0.75B,67.63%,$1.11B,$0.75B,67.63%,$1.11B,$1.17B,105.05%,$1.11B,$0.78B,69.97%,$1.11B,$0.77B,69.43%,$0.77B,$6.21B,15.98%,$0.77B,$6.21B,15.98%,$0.77B,$57.97B,1.73%,$0.75B,$6.27B,15.37%,$352,$90,$262,$0,$24,$114,$238,$-25,$213,$5,$208,$208,$208,$413,$238,$153,153,$0.79,$0.79,$1703,$0,$0,$2909,$0,$0,$0,$55063,$55063,$57972,$50493,$54,$1213,$1267,$51760,$2,$-38,$311,$6212,$57972,$770,$415,$-26,$389,$0,$0,$0,$-121,$-89,$1070,$0,$0,$0,$0,$-38530,$-38530,$-1042,$-39572,$-19,$36002,$35983,$4377,$4377,$-664,$0,$39696,$1194,$0,$-664
28,2011-09-30,11.12,$26.90,0.41,$8.44,1.32,$14.29,0.78,$6.73,1.65,$4.57B,$41.31B,0.11,$0.06B,$4.94B,0.01,$0.86B,$0.64B,74.36%,$0.86B,$0.58B,67.83%,$0.86B,$0.58B,67.83%,$0.86B,$0.85B,98.95%,$0.86B,$0.70B,81.70%,$0.86B,$0.70B,81.59%,$0.70B,$4.94B,19.13%,$0.70B,$4.94B,19.13%,$0.70B,$47.04B,2.08%,$0.58B,$5.00B,15.63%,$327,$95,$232,$0,$22,$117,$210,$41,$251,$1,$250,$250,$250,$323,$210,$181,181,$1.39,$1.39,$1360,$0,$0,$4565,$0,$0,$0,$42474,$42474,$47039,$41312,$57,$730,$787,$42099,$2,$67,$42,$4940,$47039,$562,$240,$-51,$189,$0,$0,$0,$-91,$-82,$669,$0,$0,$0,$0,$-29147,$-29147,$-719,$-29866,$-16,$27162,$27146,$3268,$3268,$-406,$0,$30008,$811,$0,$-406
29,2011-06-30,11.35,$26.76,0.42,$8.40,1.35,$14.54,0.78,$7.03,1.62,$3.62B,$37.16B,0.1,$0.06B,$4.78B,0.01,$0.59B,$0.45B,75.76%,$0.59B,$0.41B,69.19%,$0.59B,$0.41B,69.19%,$0.59B,$0.60B,100.17%,$0.59B,$0.51B,85.86%,$0.59B,$0.51B,85.86%,$0.51B,$4.78B,19.23%,$0.51B,$4.78B,19.23%,$0.51B,$43.64B,2.09%,$0.41B,$4.84B,15.10%,$265,$64,$201,$0,$17,$81,$184,$-6,$178,$0,$178,$178,$178,$263,$184,$131,131,$1.36,$1.36,$815,$0,$0,$3623,$0,$0,$0,$40014,$40014,$43637,$37159,$62,$1640,$1701,$38860,$2,$74,$19,$4777,$43637,$311,$127,$-9,$118,$0,$0,$0,$-84,$-66,$363,$0,$0,$0,$0,$-23258,$-23258,$-1362,$-24620,$-11,$21825,$21814,$3122,$3122,$-226,$0,$24710,$453,$0,$-226
30,2011-03-31,10.83,$25.96,0.42,$8.06,1.34,$14.29,0.76,$6.90,1.57,$0.82B,$25.61B,0.03,$0.07B,$3.35B,0.02,$0.38B,$0.28B,74.21%,$0.38B,$0.26B,67.37%,$0.38B,$0.26B,67.37%,$0.38B,$0.39B,101.84%,$0.38B,$0.37B,97.11%,$0.38B,$0.37B,97.11%,$0.37B,$3.35B,22.29%,$0.37B,$3.35B,22.29%,$0.37B,$29.16B,2.39%,$0.26B,$3.41B,14.96%,$165,$36,$129,$0,$11,$47,$118,$16,$134,$0,$134,$134,$134,$166,$118,$90,90,$1.48,$1.48,$376,$0,$0,$819,$0,$0,$0,$28336,$28336,$29155,$25607,$68,$135,$203,$25810,$1,$76,$-47,$3345,$29155,$134,$48,$-16,$32,$0,$0,$0,$-46,$-38,$128,$0,$0,$0,$0,$-12240,$-12240,$269,$-11971,$-5,$10314,$10309,$1753,$1753,$-91,$0,$11971,$128,$0,$-91
31,2010-12-31,10.19,$24.24,0.42,$7.78,1.31,$14.32,0.71,$7.55,1.35,$0.83B,$12.50B,0.07,$0.07B,$1.57B,0.05,$0.25B,$0.18B,69.29%,$0.25B,$0.16B,62.20%,$0.25B,$0.16B,62.20%,$0.25B,$0.26B,101.18%,$0.25B,$0.29B,113.39%,$0.25B,$0.29B,113.39%,$0.29B,$1.57B,29.61%,$0.29B,$1.57B,29.61%,$0.29B,$14.48B,3.00%,$0.16B,$1.65B,15.63%,$101,$25,$76,$0,$7,$31,$70,$67,$138,$0,$138,$138,$138,$97,$70,$37,37,$2.84,$2.84,$249,$0,$0,$831,$0,$0,$0,$13645,$13645,$14476,$12495,$73,$336,$409,$12904,$1,$78,$-69,$1572,$14476,$288,$99,$-130,$-31,$0,$0,$0,$-28,$-24,$233,$0,$0,$0,$0,$-9007,$-9007,$-49,$-9056,$73,$7838,$7911,$1055,$1055,$-173,$0,$8793,$-30,$0,$-173
32,2010-09-30,8.99,$23.43,0.38,$7.36,1.22,$13.26,0.68,$6.84,1.31,$0.61B,$9.31B,0.07,$0.08B,$0.91B,0.09,$0.19B,$0.13B,65.46%,$0.19B,$0.11B,57.22%,$0.19B,$0.11B,57.22%,$0.19B,$0.20B,102.06%,$0.19B,$0.19B,98.45%,$0.19B,$0.19B,98.45%,$0.19B,$0.91B,26.67%,$0.19B,$0.91B,26.67%,$0.19B,$10.36B,2.68%,$0.11B,$0.99B,15.07%,$63,$19,$44,$0,$5,$24,$39,$22,$60,$0,$60,$60,$60,$69,$39,$35,35,$1.69,$1.69,$178,$0,$0,$610,$0,$0,$0,$9749,$9749,$10359,$9310,$81,$55,$135,$9446,$0,$31,$1,$913,$10359,$150,$72,$-62,$10,$0,$0,$0,$-19,$-20,$140,$0,$0,$0,$0,$-4634,$-4634,$-14,$-4648,$81,$4128,$4208,$373,$373,$-119,$-43,$4420,$-88,$0,$-119
33,2010-06-30,8.51,$23.54,0.36,$7.50,1.14,$12.77,0.67,$6.97,1.22,$0.58B,$6.92B,0.08,$0.00B,$0.79B,0.0,$0.16B,$0.10B,63.41%,$0.16B,$0.09B,55.49%,$0.16B,$0.09B,55.49%,$0.16B,$0.16B,98.17%,$0.16B,$0.16B,98.78%,$0.16B,$0.16B,98.78%,$0.16B,$0.79B,27.20%,$0.16B,$0.79B,27.20%,$0.16B,$7.76B,2.97%,$0.09B,$0.79B,15.28%,$51,$17,$33,$0,$4,$21,$29,$8,$37,$0,$37,$37,$37,$55,$29,$30,30,$1.23,$1.23,$188,$0,$0,$581,$0,$0,$0,$7175,$7175,$7755,$6916,$0,$47,$47,$6963,$0,$25,$28,$792,$7755,$90,$41,$-41,$0,$-13,$0,$0,$-0,$-15,$76,$0,$0,$0,$0,$-3056,$-3056,$-6,$-3062,$0,$2793,$2793,$231,$231,$-72,$-18,$2934,$-53,$0,$-72
34,2010-03-31,7.84,$22.91,0.34,$7.92,0.99,$12.34,0.64,$7.76,1.01,$0.52B,$5.12B,0.1,$0.00B,$0.61B,0.0,$0.15B,$0.09B,64.14%,$0.15B,$0.08B,56.55%,$0.15B,$0.08B,56.55%,$0.15B,$0.13B,90.34%,$0.15B,$0.16B,106.90%,$0.15B,$0.16B,106.90%,$0.16B,$0.61B,32.61%,$0.16B,$0.61B,32.61%,$0.16B,$5.77B,3.67%,$0.08B,$0.61B,17.25%,$39,$16,$23,$0,$3,$19,$20,$33,$53,$0,$53,$53,$53,$36,$20,$25,25,$2.13,$2.13,$132,$0,$0,$520,$0,$0,$0,$5250,$5250,$5770,$5119,$0,$38,$38,$5157,$0,$36,$8,$613,$5770,$53,$16,$-33,$-17,$2,$0,$0,$0,$1,$36,$0,$0,$0,$0,$-965,$-965,$1,$-964,$0,$809,$809,$62,$62,$-34,$-7,$830,$-98,$0,$-34
35,2009-12-31,7.72,$22.48,0.34,$7.86,0.98,$11.60,0.67,$6.64,1.16,$0.31B,$4.05B,0.08,$0.00B,$0.55B,0.0,$0.13B,$0.08B,65.63%,$0.13B,$0.07B,57.81%,$0.13B,$0.07B,57.81%,$0.13B,$0.11B,85.94%,$0.13B,$0.12B,92.19%,$0.13B,$0.12B,92.19%,$0.12B,$0.55B,29.93%,$0.12B,$0.55B,29.93%,$0.12B,$4.63B,3.50%,$0.07B,$0.55B,18.77%,$41,$14,$27,$0,$4,$18,$23,$18,$41,$0,$41,$41,$41,$38,$23,$18,18,$1.85,$1.85,$222,$0,$0,$313,$0,$0,$0,$4313,$4313,$4626,$4045,$0,$34,$34,$4079,$0,$20,$19,$547,$4626,$119,$36,$-46,$-9,$0,$0,$0,$-16,$-16,$93,$0,$0,$0,$0,$-2556,$-2556,$-10,$-2566,$0,$2496,$2496,$222,$222,$-80,$-17,$2620,$147,$0,$-80
36,2009-09-30,7.86,$22.23,0.35,$5.51,1.43,$6.27,1.25,$4.85,1.62,$0.24B,$3.22B,0.08,$0.00B,$0.43B,0.0,$0.09B,$0.06B,65.52%,$0.09B,$0.05B,58.62%,$0.09B,$0.05B,58.62%,$0.09B,$0.07B,82.76%,$0.09B,$0.08B,88.51%,$0.09B,$0.08B,88.51%,$0.08B,$0.43B,29.90%,$0.08B,$0.43B,29.90%,$0.08B,$3.68B,3.47%,$0.05B,$0.43B,19.81%,$33,$12,$21,$0,$3,$14,$19,$13,$31,$0,$31,$31,$31,$32,$19,$17,17,$1.82,$1.82,$113,$0,$0,$241,$0,$0,$0,$3439,$3439,$3680,$3223,$0,$28,$28,$3251,$0,$13,$35,$430,$3680,$78,$22,$-28,$-6,$-10,$0,$0,$-0,$-12,$59,$0,$0,$0,$0,$-1647,$-1647,$-2,$-1649,$0,$1603,$1603,$95,$95,$-53,$-8,$1637,$48,$0,$-53
37,2009-06-30,6.05,$20.76,0.29,$5.47,1.11,$3.98,1.52,$4.29,1.41,$0.17B,$2.47B,0.07,$0.00B,$0.31B,0.0,$0.08B,$0.05B,64.63%,$0.08B,$0.05B,57.32%,$0.08B,$0.05B,57.32%,$0.08B,$0.06B,69.51%,$0.08B,$0.07B,79.27%,$0.08B,$0.07B,79.27%,$0.07B,$0.31B,29.95%,$0.07B,$0.31B,29.95%,$0.07B,$2.80B,3.76%,$0.05B,$0.31B,21.66%,$32,$10,$22,$0,$2,$12,$20,$11,$30,$0,$30,$30,$30,$25,$20,$15,15,$2.02,$2.02,$74,$0,$0,$168,$0,$0,$0,$2636,$2636,$2804,$2469,$0,$23,$23,$2492,$0,$9,$16,$311,$2804,$47,$9,$-15,$-6,$-6,$0,$0,$-0,$-9,$32,$0,$0,$0,$0,$-987,$-987,$2,$-985,$0,$1001,$1001,$0,$0,$-31,$-3,$967,$13,$0,$-31
38,2009-03-31,4.23,$19.26,0.22,$4.02,1.05,$1.91,2.22,$2.27,1.86,$0.13B,$2.08B,0.06,$0.00B,$0.29B,0.0,$0.06B,$0.04B,61.67%,$0.06B,$0.03B,53.33%,$0.06B,$0.03B,53.33%,$0.06B,$0.04B,61.67%,$0.06B,$0.04B,66.67%,$0.06B,$0.04B,66.67%,$0.04B,$0.29B,19.54%,$0.04B,$0.29B,19.54%,$0.04B,$2.39B,2.44%,$0.03B,$0.29B,15.63%,$22,$8,$14,$0,$2,$11,$12,$4,$16,$0,$16,$16,$16,$15,$12,$15,15,$1.09,$1.09,$79,$0,$0,$128,$0,$0,$0,$2258,$2258,$2385,$2083,$0,$13,$13,$2096,$0,$1,$2,$289,$2385,$16,$3,$-5,$-2,$-2,$0,$0,$0,$-4,$11,$0,$0,$0,$0,$-485,$-485,$0,$-485,$0,$503,$503,$0,$0,$-18,$-13,$472,$-2,$0,$-18
