,Date,Stock Price,Book Value per Share,Price to Book Ratio,TTM Sales per Share,Price to Sales Ratio,TTM FCF per Share,Price to FCF Ratio,TTM Net EPS,PE Ratio,Current Assets,Current Liabilities,Current Ratio,Long Term Debt,Shareholder's Equity_x,Debt to Equity Ratio,TTM Revenue_x,TTM Gross Profit,Gross Margin,TTM Revenue_y,TTM Operating Income,Operating Margin,TTM Revenue_x,TTM EBIT,EBIT Margin,TTM Revenue_y,TTM EBITDA,EBITDA Margin,TTM Revenue_x,TTM Pre-Tax Income,Pre-Tax Margin,TTM Revenue_y,TTM Net Income_x,Net Margin,TTM Net Income_y,Shareholder's Equity_y,Return on Equity,TTM Net Income_x,Tangible Equity,Return on Tangible Equity,TTM Net Income_y,Total Assets,Return on Assets,TTM Net Income,LT Investments & Debt,Return on Investment,revenue,cost-goods-sold,gross-profit,research-development-expenses,selling-general-administrative-expenses,operating-expenses,operating-income,total-non-operating-income-expense,pre-tax-income,total-provision-income-taxes,income-after-taxes,income-from-continuous-operations,net-income,ebitda,ebit,basic-shares-outstanding,shares-outstanding,eps-basic-net-earnings-per-share,eps-earnings-per-share-diluted,cash-on-hand,inventory,other-current-assets,total-current-assets,net-property-plant-equipment,long-term-investments,goodwill-intangible-assets-total,other-long-term-assets,total-long-term-assets,total-assets,total-current-liabilities,long-term-debt,other-non-current-liabilities,total-long-term-liabilities,total-liabilities,common-stock-net,retained-earnings-accumulated-deficit,comprehensive-income,total-share-holder-equity,total-liabilities-share-holders-equity,net-income-loss,total-depreciation-amortization-cash-flow,other-non-cash-items,total-non-cash-items,change-in-accounts-receivable,change-in-inventories,change-in-accounts-payable,change-in-assets-liabilities,total-change-in-assets-liabilities,cash-flow-from-operating-activities,net-change-in-property-plant-equipment,net-change-in-intangible-assets,net-acquisitions-divestitures,net-change-in-short-term-investments,net-change-in-long-term-investments,net-change-in-investments-total,investing-activities-other,cash-flow-from-investing-activities,net-long-term-debt,net-current-debt,debt-issuance-retirement-net-total,net-common-equity-issued-repurchased,net-total-equity-issued-repurchased,total-common-preferred-stock-dividends-paid,financial-activities-other,cash-flow-from-financial-activities,net-cash-flow,stock-based-compensation,common-stock-dividends-paid
0,2018-09-30,47.93,$50.02,0.96,$20.49,2.34,$0.86,55.42,$1.28,37.45,$1.96B,$2.91B,0.67,$5.10B,$15.46B,0.33,$6.35B,$4.77B,75.13%,$6.35B,$0.37B,5.77%,$6.35B,$0.37B,5.77%,$6.35B,$1.27B,20.04%,$6.35B,$0.10B,1.50%,$6.35B,$0.40B,6.29%,$0.40B,$15.46B,2.60%,$0.40B,$12.00B,3.36%,$0.40B,$31.76B,1.26%,$0.37B,$20.55B,1.78%,$1546,$342,$1204,$0,$724,$1293,$253,$-90,$163,$29,$134,$134,$125,$501,$253,$309,310,$0.40,$0.40,$32,$243,$625,$1963,$23125,$415,$3453,$164,$29792,$31755,$2911,$5096,$4325,$13389,$16300,$3,$1536,$-55,$15455,$31755,$482,$698,$205,$903,$2,$-23,$-36,$-11,$-68,$1317,$-1041,$0,$0,$0,$-32,$-32,$40,$-1033,$246,$-288,$-42,$-6,$-6,$-401,$159,$-290,$-6,$0,$-401
1,2018-06-30,52.93,$50.06,1.06,$19.83,2.67,$-1.23,0.0,$1.20,44.11,$1.70B,$2.34B,0.73,$5.26B,$15.47B,0.34,$6.14B,$4.66B,75.80%,$6.14B,$0.33B,5.39%,$6.14B,$0.33B,5.39%,$6.14B,$1.22B,19.83%,$6.14B,$0.06B,1.04%,$6.14B,$0.37B,6.07%,$0.37B,$15.47B,2.44%,$0.37B,$12.01B,3.17%,$0.37B,$31.38B,1.18%,$0.33B,$20.73B,1.62%,$1402,$279,$1123,$0,$676,$1180,$222,$-85,$137,$27,$110,$110,$107,$451,$222,$310,310,$0.35,$0.34,$52,$210,$449,$1700,$22917,$427,$3454,$156,$29676,$31376,$2340,$5261,$4348,$13568,$15908,$3,$1550,$-61,$15468,$31376,$348,$450,$166,$616,$61,$8,$-104,$54,$19,$983,$-615,$0,$0,$0,$-16,$-16,$25,$-606,$248,$-539,$-291,$-6,$-6,$-267,$198,$-366,$11,$0,$-267
2,2018-03-31,50.69,$49.56,1.02,$19.60,2.59,$-2.87,0.0,$1.25,40.55,$1.98B,$2.72B,0.73,$5.16B,$15.32B,0.34,$6.07B,$4.62B,76.13%,$6.07B,$0.36B,5.95%,$6.07B,$0.36B,5.95%,$6.07B,$1.23B,20.26%,$6.07B,$0.09B,1.50%,$6.07B,$0.39B,6.36%,$0.39B,$15.32B,2.54%,$0.39B,$11.87B,3.31%,$0.39B,$31.48B,1.22%,$0.36B,$20.48B,1.79%,$1865,$576,$1289,$0,$678,$1462,$403,$-93,$310,$72,$238,$238,$244,$624,$403,$310,310,$0.79,$0.79,$40,$180,$640,$1981,$22757,$411,$3454,$146,$29502,$31483,$2716,$5160,$4305,$13448,$16164,$3,$1579,$-57,$15319,$31483,$238,$221,$88,$309,$-70,$36,$-51,$135,$50,$597,$-332,$0,$0,$0,$0,$0,$9,$-323,$-10,$-124,$-134,$-2,$-2,$-134,$-5,$-275,$-1,$0,$-134
3,2017-12-31,49.7,$48.85,1.02,$19.25,2.58,$-4.00,0.0,$1.23,40.41,$2.26B,$3.11B,0.73,$5.20B,$15.10B,0.34,$5.96B,$4.63B,77.56%,$5.96B,$0.39B,6.46%,$5.96B,$0.39B,6.46%,$5.96B,$1.25B,20.98%,$5.96B,$0.12B,2.06%,$5.96B,$0.38B,6.39%,$0.38B,$15.10B,2.51%,$0.38B,$11.64B,3.29%,$0.38B,$31.67B,1.21%,$0.39B,$20.29B,1.92%,$1533,$381,$1152,$0,$806,$2045,$-512,$-3,$-515,$-438,$-77,$-77,$-77,$-304,$-512,$310,310,$-0.25,$-0.25,$41,$214,$955,$2260,$22669,$415,$3455,$134,$29411,$31671,$3114,$5196,$4305,$13461,$16575,$3,$1475,$-46,$15096,$31671,$382,$866,$515,$1381,$-48,$12,$81,$-45,$0,$1763,$-2404,$0,$0,$0,$2,$2,$61,$-2341,$550,$625,$1175,$-4,$-4,$-535,$-108,$528,$-50,$1,$-535
4,2017-09-30,46.22,$49.25,0.94,$19.11,2.42,$-2.24,0.0,$2.15,21.5,$2.02B,$2.93B,0.69,$4.77B,$15.22B,0.31,$5.92B,$4.64B,78.35%,$5.92B,$1.20B,20.32%,$5.92B,$1.20B,20.32%,$5.92B,$1.95B,32.98%,$5.92B,$0.90B,15.12%,$5.92B,$0.67B,11.26%,$0.67B,$15.22B,4.38%,$0.67B,$11.57B,5.76%,$0.67B,$31.92B,2.12%,$1.20B,$19.98B,6.05%,$1341,$250,$1091,$0,$668,$1123,$218,$-86,$132,$32,$100,$100,$99,$447,$218,$309,310,$0.32,$0.32,$27,$392,$642,$2021,$22682,$467,$3648,$147,$29900,$31921,$2934,$4767,$2808,$13770,$16704,$3,$1605,$-54,$15217,$31921,$459,$658,$196,$854,$179,$-33,$-105,$-32,$9,$1322,$-1695,$0,$0,$0,$-7,$-7,$35,$-1667,$197,$570,$767,$-4,$-4,$-401,$-79,$283,$-62,$0,$-401
5,2017-06-30,42.65,$49.32,0.86,$19.36,2.2,$-0.30,0.0,$2.18,19.56,$1.93B,$2.47B,0.78,$4.77B,$15.24B,0.31,$6.00B,$4.65B,77.59%,$6.00B,$1.20B,20.04%,$6.00B,$1.20B,20.04%,$6.00B,$1.97B,32.84%,$6.00B,$0.93B,15.42%,$6.00B,$0.68B,11.29%,$0.68B,$15.24B,4.46%,$0.68B,$11.59B,5.87%,$0.68B,$31.49B,2.17%,$1.20B,$20.01B,6.09%,$1331,$242,$1089,$0,$631,$1079,$252,$-88,$164,$44,$120,$120,$120,$463,$252,$310,310,$0.39,$0.39,$36,$374,$523,$1932,$22290,$450,$3655,$145,$29553,$31485,$2472,$4773,$2818,$13772,$16244,$3,$1639,$-62,$15241,$31485,$359,$429,$166,$595,$143,$-14,$-168,$10,$-29,$925,$-1066,$0,$0,$5,$-7,$-2,$23,$-1045,$240,$158,$398,$-4,$-4,$-268,$-60,$66,$-54,$4,$-268
6,2017-03-31,40.89,$49.35,0.83,$19.71,2.07,$1.05,39.11,$2.12,19.29,$2.10B,$2.59B,0.81,$4.51B,$15.25B,0.3,$6.11B,$4.78B,78.33%,$6.11B,$1.27B,20.83%,$6.11B,$1.27B,20.83%,$6.11B,$2.08B,34.00%,$6.11B,$1.04B,16.95%,$6.11B,$0.66B,10.79%,$0.66B,$15.25B,4.35%,$0.66B,$11.59B,5.74%,$0.66B,$31.40B,2.13%,$1.27B,$19.76B,6.48%,$1758,$465,$1293,$0,$669,$1331,$427,$-85,$342,$103,$239,$239,$239,$645,$427,$310,310,$0.77,$0.77,$30,$348,$586,$2098,$21797,$441,$3658,$291,$29298,$31396,$2588,$4507,$2837,$13556,$16144,$3,$1649,$-61,$15252,$31396,$239,$218,$86,$304,$11,$11,$-155,$31,$-102,$441,$-524,$0,$0,$0,$2,$2,$8,$-514,$-31,$205,$174,$-1,$-1,$-134,$-27,$12,$-61,$1,$-134
7,2016-12-31,35.87,$49.22,0.73,$19.42,1.85,$1.70,21.09,$2.04,17.58,$2.25B,$2.71B,0.83,$4.51B,$15.21B,0.3,$6.02B,$4.73B,78.63%,$6.02B,$1.19B,19.84%,$6.02B,$1.19B,19.84%,$6.02B,$2.02B,33.55%,$6.02B,$1.01B,16.77%,$6.02B,$0.63B,10.50%,$0.63B,$15.21B,4.18%,$0.63B,$11.55B,5.52%,$0.63B,$31.31B,2.06%,$1.19B,$19.72B,6.09%,$1491,$325,$1166,$0,$677,$1185,$306,$-49,$257,$48,$209,$209,$209,$398,$306,$310,310,$0.67,$0.67,$91,$378,$639,$2252,$21548,$442,$3662,$314,$29057,$31309,$2712,$4510,$2835,$13389,$16101,$3,$1630,$-86,$15208,$31309,$632,$825,$442,$1267,$-158,$46,$184,$-410,$-338,$1561,$-1657,$0,$0,$57,$-8,$49,$81,$-1527,$126,$-2,$124,$-7,$-7,$-401,$-88,$-372,$-338,$1,$-401
8,2016-09-30,39.11,$48.71,0.8,$19.14,2.04,$3.11,12.56,$1.74,22.48,$2.15B,$2.15B,1.0,$4.40B,$15.05B,0.29,$5.68B,$4.50B,79.24%,$5.68B,$0.97B,17.10%,$5.68B,$0.97B,17.10%,$5.68B,$1.90B,33.49%,$5.68B,$0.78B,13.73%,$5.68B,$0.53B,9.24%,$0.53B,$15.05B,3.48%,$0.53B,$11.40B,4.60%,$0.53B,$30.61B,1.72%,$0.97B,$19.45B,4.96%,$1418,$312,$1106,$0,$686,$1201,$217,$-55,$162,$53,$109,$109,$109,$464,$217,$309,310,$0.35,$0.35,$182,$347,$652,$2153,$21124,$425,$3654,$143,$28456,$30609,$2153,$4399,$2872,$13405,$15558,$3,$1471,$-84,$15051,$30609,$423,$733,$392,$1125,$72,$59,$52,$-517,$-334,$1214,$-986,$0,$0,$57,$-1,$56,$65,$-865,$-89,$-159,$-248,$-6,$-6,$-267,$-75,$-596,$-247,$1,$-267
