,Date,Stock Price,Book Value per Share,Price to Book Ratio,TTM Sales per Share,Price to Sales Ratio,TTM FCF per Share,Price to FCF Ratio,TTM Net EPS,PE Ratio,Current Assets,Current Liabilities,Current Ratio,Long Term Debt,Shareholder's Equity_x,Debt to Equity Ratio,TTM Revenue_x,TTM Gross Profit,Gross Margin,TTM Revenue_y,TTM Operating Income,Operating Margin,TTM Revenue_x,TTM EBIT,EBIT Margin,TTM Revenue_y,TTM EBITDA,EBITDA Margin,TTM Revenue_x,TTM Pre-Tax Income,Pre-Tax Margin,TTM Revenue_y,TTM Net Income_x,Net Margin,TTM Net Income_y,Shareholder's Equity_y,Return on Equity,TTM Net Income_x,Tangible Equity,Return on Tangible Equity,TTM Net Income_y,Total Assets,Return on Assets,TTM Net Income,LT Investments & Debt,Return on Investment,revenue,cost-goods-sold,gross-profit,research-development-expenses,selling-general-administrative-expenses,operating-expenses,operating-income,total-non-operating-income-expense,pre-tax-income,total-provision-income-taxes,income-after-taxes,income-from-continuous-operations,net-income,ebitda,ebit,basic-shares-outstanding,shares-outstanding,eps-basic-net-earnings-per-share,eps-earnings-per-share-diluted,cash-on-hand,inventory,other-current-assets,total-current-assets,net-property-plant-equipment,long-term-investments,goodwill-intangible-assets-total,other-long-term-assets,total-long-term-assets,total-assets,total-current-liabilities,long-term-debt,other-non-current-liabilities,total-long-term-liabilities,total-liabilities,common-stock-net,retained-earnings-accumulated-deficit,comprehensive-income,total-share-holder-equity,total-liabilities-share-holders-equity,net-income-loss,total-depreciation-amortization-cash-flow,other-non-cash-items,total-non-cash-items,change-in-accounts-receivable,change-in-inventories,change-in-accounts-payable,change-in-assets-liabilities,total-change-in-assets-liabilities,cash-flow-from-operating-activities,net-change-in-property-plant-equipment,net-change-in-intangible-assets,net-acquisitions-divestitures,net-change-in-short-term-investments,net-change-in-long-term-investments,net-change-in-investments-total,investing-activities-other,cash-flow-from-investing-activities,net-long-term-debt,net-current-debt,debt-issuance-retirement-net-total,net-common-equity-issued-repurchased,net-total-equity-issued-repurchased,total-common-preferred-stock-dividends-paid,financial-activities-other,cash-flow-from-financial-activities,net-cash-flow,stock-based-compensation,common-stock-dividends-paid
0,2018-07-31,38.4,$23.88,1.61,$43.25,0.89,$-14.82,0.0,$2.93,13.11,$0.45B,$0.14B,3.24,$0.00B,$0.37B,0.0,$0.68B,$0.10B,15.27%,$0.68B,$0.06B,9.10%,$0.68B,$0.06B,9.10%,$0.68B,$0.07B,9.69%,$0.68B,$0.07B,10.13%,$0.68B,$0.05B,6.75%,$0.05B,$0.37B,12.80%,$0.05B,$0.33B,14.47%,$0.05B,$0.51B,8.27%,$0.06B,$0.37B,17.26%,$137,$106,$31,$0,$10,$116,$20,$3,$23,$6,$17,$17,$17,$21,$20,$16,16,$1.09,$1.08,$362,$0,$0,$453,$19,$0,$41,$0,$61,$514,$140,$0,$0,$2,$142,$2,$225,$0,$372,$514,$22,$2,$0,$2,$-20,$0,$0,$-44,$-82,$-59,$-5,$0,$0,$-91,$207,$116,$0,$110,$0,$0,$0,$0,$0,$-8,$0,$-8,$44,$1,$-8
1,2018-04-30,39.74,$23.07,1.72,$50.98,0.78,$-8.73,0.0,$3.57,11.13,$0.47B,$0.17B,2.82,$0.00B,$0.36B,0.0,$0.80B,$0.12B,15.42%,$0.80B,$0.08B,10.32%,$0.80B,$0.08B,10.32%,$0.80B,$0.09B,10.82%,$0.80B,$0.09B,10.95%,$0.80B,$0.06B,6.97%,$0.06B,$0.36B,15.89%,$0.06B,$0.32B,18.02%,$0.06B,$0.53B,9.29%,$0.08B,$0.36B,23.55%,$141,$126,$15,$0,$10,$136,$6,$1,$7,$2,$5,$5,$5,$7,$6,$16,16,$0.31,$0.31,$366,$0,$0,$466,$18,$0,$41,$0,$60,$526,$165,$0,$0,$1,$167,$2,$212,$1,$359,$526,$5,$1,$0,$1,$-10,$0,$0,$-57,$-67,$-61,$-4,$0,$0,$-5,$103,$98,$0,$95,$0,$0,$0,$0,$0,$-4,$0,$-4,$29,$1,$-4
2,2018-01-31,43.03,$23.01,1.87,$56.57,0.76,$-2.12,0.0,$4.57,9.42,$0.49B,$0.18B,2.65,$0.00B,$0.36B,0.0,$0.89B,$0.15B,16.69%,$0.89B,$0.11B,12.09%,$0.89B,$0.11B,12.09%,$0.89B,$0.11B,12.43%,$0.89B,$0.11B,12.65%,$0.89B,$0.07B,8.06%,$0.07B,$0.36B,21.08%,$0.07B,$0.32B,24.06%,$0.07B,$0.54B,11.09%,$0.11B,$0.36B,31.63%,$170,$149,$20,$0,$11,$161,$8,$1,$10,$3,$7,$7,$7,$9,$8,$16,16,$0.45,$0.44,$434,$0,$0,$485,$15,$0,$41,$0,$58,$543,$183,$0,$0,$1,$185,$2,$211,$1,$358,$543,$72,$4,$4,$8,$-40,$0,$0,$-107,$-153,$-73,$-5,$0,$0,$-543,$588,$45,$-2,$39,$0,$0,$0,$3,$3,$-16,$-1,$-14,$-45,$5,$-16
3,2017-10-31,67.85,$22.39,3.03,$59.05,1.15,$19.20,3.53,$5.41,12.54,$0.58B,$0.29B,2.0,$0.00B,$0.35B,0.0,$0.93B,$0.17B,17.96%,$0.93B,$0.13B,13.98%,$0.93B,$0.13B,13.98%,$0.93B,$0.13B,14.30%,$0.93B,$0.13B,14.41%,$0.93B,$0.09B,9.14%,$0.09B,$0.35B,26.13%,$0.09B,$0.31B,30.12%,$0.09B,$0.64B,12.61%,$0.13B,$0.35B,39.97%,$233,$195,$38,$0,$10,$205,$28,$2,$29,$12,$17,$17,$17,$29,$28,$16,16,$1.11,$1.09,$484,$0,$10,$584,$15,$0,$42,$1,$59,$642,$292,$0,$0,$2,$294,$2,$204,$-0,$348,$642,$65,$3,$4,$6,$-31,$0,$0,$-69,$-94,$-23,$-4,$0,$0,$-463,$485,$23,$-0,$18,$0,$0,$0,$3,$3,$-16,$-1,$-14,$-17,$4,$-16
4,2017-07-31,62.66,$22.21,2.82,$55.55,1.13,$32.61,1.92,$5.48,11.43,$0.64B,$0.36B,1.81,$0.00B,$0.35B,0.0,$0.87B,$0.17B,19.04%,$0.87B,$0.13B,14.79%,$0.87B,$0.13B,14.79%,$0.87B,$0.13B,15.02%,$0.87B,$0.13B,15.14%,$0.87B,$0.09B,9.86%,$0.09B,$0.35B,28.17%,$0.09B,$0.30B,32.82%,$0.09B,$0.70B,13.16%,$0.13B,$0.35B,42.26%,$260,$208,$51,$0,$11,$219,$41,$1,$42,$15,$27,$27,$27,$42,$41,$16,16,$1.75,$1.72,$557,$0,$8,$643,$15,$0,$43,$1,$58,$701,$355,$0,$0,$1,$356,$2,$202,$0,$345,$701,$48,$2,$2,$4,$3,$0,$0,$-42,$-17,$35,$-3,$0,$0,$-358,$310,$-48,$-0,$-51,$0,$0,$0,$2,$2,$0,$-1,$1,$-14,$2,$0
5,2017-04-30,65.0,$20.37,3.19,$49.73,1.31,$37.87,1.72,$5.05,12.87,$0.64B,$0.39B,1.67,$0.00B,$0.32B,0.0,$0.77B,$0.16B,20.54%,$0.77B,$0.12B,15.76%,$0.77B,$0.12B,15.76%,$0.77B,$0.12B,16.02%,$0.77B,$0.13B,16.15%,$0.77B,$0.08B,10.21%,$0.08B,$0.32B,27.89%,$0.08B,$0.27B,32.92%,$0.08B,$0.71B,13.20%,$0.12B,$0.32B,43.07%,$230,$190,$40,$0,$9,$200,$31,$1,$32,$11,$21,$21,$21,$31,$31,$15,16,$1.33,$1.31,$563,$0,$4,$644,$14,$0,$43,$0,$66,$710,$385,$0,$0,$10,$395,$2,$175,$-1,$315,$710,$21,$1,$1,$2,$-5,$0,$0,$11,$18,$41,$-2,$0,$0,$-185,$145,$-40,$0,$-42,$0,$0,$0,$1,$1,$0,$0,$1,$0,$1,$0
6,2017-01-31,71.7,$18.93,3.79,$43.77,1.64,$38.28,1.87,$4.55,15.76,$0.59B,$0.35B,1.68,$0.00B,$0.29B,0.0,$0.67B,$0.15B,21.81%,$0.67B,$0.11B,16.62%,$0.67B,$0.11B,16.62%,$0.67B,$0.12B,17.06%,$0.67B,$0.11B,16.91%,$0.67B,$0.07B,10.39%,$0.07B,$0.29B,26.52%,$0.07B,$0.25B,31.82%,$0.07B,$0.64B,13.07%,$0.11B,$0.29B,42.42%,$207,$169,$38,$0,$8,$177,$30,$1,$31,$10,$21,$21,$20,$31,$30,$15,16,$1.34,$1.24,$523,$0,$3,$588,$13,$0,$43,$0,$57,$644,$351,$0,$0,$1,$352,$2,$155,$-1,$293,$644,$77,$3,$6,$9,$9,$0,$0,$104,$172,$259,$-3,$0,$0,$-595,$354,$-241,$0,$-244,$0,$0,$0,$16,$16,$-15,$-10,$-9,$6,$2,$-15
7,2016-10-31,55.27,$17.56,3.15,$38.29,1.44,$19.47,2.84,$3.71,14.9,$0.50B,$0.29B,1.72,$0.00B,$0.27B,0.0,$0.58B,$0.13B,22.81%,$0.58B,$0.10B,16.47%,$0.58B,$0.10B,16.47%,$0.58B,$0.10B,16.98%,$0.58B,$0.10B,16.81%,$0.58B,$0.06B,9.78%,$0.06B,$0.27B,23.15%,$0.06B,$0.23B,28.29%,$0.06B,$0.56B,11.94%,$0.10B,$0.27B,38.98%,$175,$139,$37,$0,$10,$149,$27,$1,$27,$8,$19,$19,$18,$27,$27,$15,16,$1.19,$1.16,$446,$0,$5,$500,$13,$0,$43,$0,$59,$559,$291,$0,$0,$0,$291,$2,$134,$-1,$268,$559,$57,$2,$2,$4,$21,$0,$0,$53,$125,$185,$-2,$0,$0,$-375,$214,$-161,$0,$-163,$0,$0,$0,$11,$11,$-15,$-8,$-12,$10,$2,$-15
8,2016-07-31,44.05,$17.12,2.57,$34.61,1.27,$4.50,9.79,$3.27,13.47,$0.42B,$0.22B,1.9,$0.00B,$0.26B,0.0,$0.52B,$0.12B,23.37%,$0.52B,$0.09B,17.24%,$0.52B,$0.09B,17.24%,$0.52B,$0.09B,17.82%,$0.52B,$0.09B,17.62%,$0.52B,$0.05B,9.58%,$0.05B,$0.26B,21.53%,$0.05B,$0.21B,26.01%,$0.05B,$0.48B,11.66%,$0.09B,$0.26B,38.75%,$162,$118,$44,$0,$8,$128,$34,$1,$35,$12,$23,$23,$20,$35,$34,$15,15,$1.32,$1.29,$383,$0,$3,$424,$13,$0,$44,$0,$57,$481,$224,$0,$0,$0,$224,$2,$131,$-0,$257,$481,$37,$1,$3,$4,$31,$0,$0,$15,$71,$113,$-2,$0,$0,$-220,$114,$-106,$0,$-108,$0,$0,$0,$4,$4,$0,$-8,$-3,$2,$1,$0
9,2016-04-30,32.64,$16.00,2.04,$30.46,1.07,$-4.88,0.0,$2.73,11.96,$0.40B,$0.22B,1.84,$0.00B,$0.24B,0.0,$0.46B,$0.11B,23.19%,$0.46B,$0.08B,17.51%,$0.46B,$0.08B,17.51%,$0.46B,$0.08B,17.94%,$0.46B,$0.08B,17.72%,$0.46B,$0.04B,8.97%,$0.04B,$0.24B,18.64%,$0.04B,$0.19B,22.22%,$0.04B,$0.46B,10.16%,$0.08B,$0.24B,36.36%,$130,$102,$28,$0,$7,$109,$21,$0,$21,$7,$14,$14,$12,$22,$21,$15,15,$0.82,$0.81,$320,$0,$4,$401,$12,$0,$46,$0,$58,$459,$218,$0,$0,$3,$221,$2,$112,$0,$238,$459,$14,$1,$2,$3,$-7,$0,$0,$27,$26,$44,$-0,$0,$0,$-50,$36,$-14,$0,$-14,$0,$0,$0,$0,$0,$0,$0,$0,$31,$1,$0
10,2016-01-31,28.76,$14.95,1.92,$27.56,1.04,$-8.00,0.0,$2.42,11.88,$0.35B,$0.19B,1.87,$0.00B,$0.22B,0.0,$0.41B,$0.10B,24.03%,$0.41B,$0.08B,18.20%,$0.41B,$0.08B,18.20%,$0.41B,$0.08B,18.45%,$0.41B,$0.08B,18.45%,$0.41B,$0.04B,8.98%,$0.04B,$0.22B,17.85%,$0.04B,$0.18B,20.76%,$0.04B,$0.41B,9.52%,$0.08B,$0.22B,36.19%,$116,$93,$24,$0,$9,$102,$14,$0,$15,$5,$9,$9,$7,$15,$14,$15,15,$0.45,$0.45,$275,$0,$4,$351,$12,$0,$47,$0,$59,$410,$188,$0,$0,$0,$188,$2,$100,$-1,$222,$410,$50,$1,$6,$7,$-12,$0,$0,$-66,$-90,$-33,$-3,$0,$-17,$-252,$138,$-114,$4,$-131,$0,$0,$0,$2,$2,$-10,$0,$-9,$-173,$2,$-10
11,2015-10-31,35.28,$14.31,2.47,$26.71,1.32,$0.50,70.41,$2.37,14.89,$0.34B,$0.15B,2.22,$0.00B,$0.21B,0.0,$0.40B,$0.10B,24.37%,$0.40B,$0.08B,19.35%,$0.40B,$0.08B,19.35%,$0.40B,$0.08B,19.35%,$0.40B,$0.08B,19.35%,$0.40B,$0.04B,9.05%,$0.04B,$0.21B,18.41%,$0.04B,$0.19B,20.78%,$0.04B,$0.37B,9.38%,$0.08B,$0.21B,39.39%,$114,$88,$26,$0,$6,$93,$21,$1,$21,$7,$14,$14,$11,$21,$21,$15,15,$0.73,$0.72,$281,$0,$4,$335,$5,$0,$25,$0,$30,$365,$151,$0,$0,$2,$153,$2,$93,$-0,$212,$365,$41,$1,$2,$3,$-8,$0,$0,$-78,$-91,$-46,$-3,$0,$-4,$-168,$64,$-104,$-1,$-112,$0,$0,$0,$2,$2,$0,$0,$2,$-157,$2,$0
12,2015-07-31,36.4,$14.04,2.59,$27.77,1.31,$9.47,3.84,$2.49,14.62,$0.35B,$0.17B,2.04,$0.00B,$0.21B,0.0,$0.41B,$0.10B,24.51%,$0.41B,$0.08B,19.66%,$0.41B,$0.08B,19.66%,$0.41B,$0.08B,19.66%,$0.41B,$0.08B,19.66%,$0.41B,$0.04B,8.98%,$0.04B,$0.21B,19.53%,$0.04B,$0.18B,22.02%,$0.04B,$0.38B,9.34%,$0.08B,$0.21B,42.74%,$97,$69,$28,$0,$5,$74,$24,$0,$24,$8,$16,$16,$11,$24,$24,$15,15,$0.77,$0.75,$299,$0,$3,$350,$5,$0,$25,$0,$30,$380,$172,$0,$0,$1,$172,$2,$92,$0,$208,$380,$27,$0,$1,$1,$-6,$0,$0,$-47,$-57,$-29,$-3,$0,$-4,$-133,$16,$-117,$-1,$-124,$0,$0,$0,$1,$1,$0,$0,$1,$-152,$1,$0
13,2015-04-30,30.25,$12.75,2.37,$28.24,1.07,$16.38,1.85,$2.32,13.04,$0.37B,$0.21B,1.75,$0.00B,$0.19B,0.0,$0.42B,$0.10B,22.78%,$0.42B,$0.07B,17.75%,$0.42B,$0.07B,17.75%,$0.42B,$0.07B,17.75%,$0.42B,$0.07B,17.75%,$0.42B,$0.04B,8.39%,$0.04B,$0.19B,19.23%,$0.04B,$0.17B,21.64%,$0.04B,$0.40B,8.68%,$0.07B,$0.19B,40.66%,$85,$64,$21,$0,$6,$70,$16,$0,$16,$5,$11,$11,$8,$16,$16,$15,15,$0.51,$0.50,$331,$0,$1,$372,$8,$0,$20,$0,$28,$400,$212,$0,$0,$0,$213,$2,$81,$0,$187,$400,$11,$0,$0,$1,$-7,$0,$0,$-2,$-14,$-2,$-1,$0,$0,$-56,$0,$-56,$-0,$-58,$0,$0,$0,$0,$0,$0,$0,$1,$-59,$1,$0
14,2015-01-31,28.47,$11.96,2.38,$25.97,1.1,$19.37,1.47,$2.06,13.82,$0.36B,$0.22B,1.69,$0.00B,$0.18B,0.0,$0.38B,$0.08B,21.93%,$0.38B,$0.07B,16.97%,$0.38B,$0.07B,16.97%,$0.38B,$0.07B,16.97%,$0.38B,$0.07B,16.97%,$0.38B,$0.03B,7.83%,$0.03B,$0.18B,17.02%,$0.03B,$0.16B,19.23%,$0.03B,$0.39B,7.57%,$0.07B,$0.18B,36.88%,$102,$81,$22,$0,$6,$87,$16,$0,$16,$6,$10,$10,$6,$16,$16,$14,15,$0.42,$0.39,$334,$0,$0,$364,$7,$0,$20,$0,$27,$391,$215,$0,$0,$1,$216,$2,$74,$0,$175,$391,$43,$1,$3,$4,$-4,$0,$0,$27,$46,$93,$-3,$0,$0,$0,$0,$0,$-1,$-4,$0,$0,$0,$5,$5,$-10,$-24,$-28,$61,$2,$-10
15,2014-10-31,32.59,$12.91,2.52,$23.19,1.41,$20.01,1.63,$2.29,14.23,$0.39B,$0.23B,1.72,$0.00B,$0.19B,0.0,$0.34B,$0.08B,24.41%,$0.34B,$0.07B,19.12%,$0.34B,$0.07B,19.12%,$0.34B,$0.07B,19.41%,$0.34B,$0.07B,19.12%,$0.34B,$0.03B,9.71%,$0.03B,$0.19B,19.19%,$0.03B,$0.17B,21.78%,$0.03B,$0.41B,8.70%,$0.07B,$0.19B,37.79%,$128,$97,$30,$0,$5,$103,$25,$0,$25,$8,$17,$17,$12,$25,$25,$14,15,$0.86,$0.84,$361,$0,$0,$388,$6,$0,$20,$0,$26,$414,$226,$0,$0,$0,$227,$2,$68,$0,$188,$414,$34,$1,$1,$2,$1,$0,$0,$21,$51,$86,$-2,$0,$0,$0,$0,$0,$-1,$-2,$0,$0,$0,$4,$4,$0,$1,$5,$89,$1,$0
16,2014-07-31,31.03,$12.36,2.51,$18.99,1.63,$16.19,1.92,$2.28,13.61,$0.38B,$0.23B,1.67,$0.00B,$0.18B,0.0,$0.28B,$0.08B,28.00%,$0.28B,$0.06B,21.82%,$0.28B,$0.06B,21.82%,$0.28B,$0.06B,22.55%,$0.28B,$0.06B,22.18%,$0.28B,$0.03B,12.00%,$0.03B,$0.18B,20.43%,$0.03B,$0.16B,23.40%,$0.03B,$0.41B,9.68%,$0.06B,$0.18B,37.15%,$102,$80,$22,$0,$4,$85,$17,$0,$17,$5,$12,$12,$9,$17,$17,$14,15,$0.59,$0.58,$345,$0,$2,$384,$4,$0,$20,$0,$24,$408,$229,$0,$0,$0,$230,$2,$65,$0,$178,$408,$17,$0,$1,$1,$-11,$0,$0,$46,$52,$71,$-0,$0,$0,$0,$0,$0,$-0,$-1,$0,$0,$0,$2,$2,$0,$1,$3,$73,$1,$0
17,2014-04-30,24.51,$11.43,2.14,$16.12,1.52,$9.95,2.46,$2.59,9.46,$0.35B,$0.21B,1.68,$0.00B,$0.16B,0.0,$0.23B,$0.08B,32.90%,$0.23B,$0.06B,27.27%,$0.23B,$0.06B,27.27%,$0.23B,$0.07B,28.14%,$0.23B,$0.07B,28.14%,$0.23B,$0.04B,16.02%,$0.04B,$0.16B,24.30%,$0.04B,$0.14B,28.14%,$0.04B,$0.37B,12.74%,$0.06B,$0.16B,41.38%,$51,$41,$10,$0,$3,$45,$7,$0,$7,$2,$5,$5,$3,$7,$7,$14,15,$0.24,$0.24,$314,$0,$3,$348,$4,$0,$21,$0,$25,$372,$208,$0,$0,$0,$208,$2,$57,$0,$164,$372,$5,$0,$1,$2,$-5,$0,$0,$41,$34,$41,$-0,$0,$0,$0,$0,$0,$-0,$-0,$0,$0,$0,$1,$1,$0,$0,$1,$42,$0,$0
18,2014-01-31,26.01,$11.04,2.35,$15.94,1.63,$6.90,3.77,$2.80,9.29,$0.30B,$0.17B,1.81,$0.00B,$0.16B,0.0,$0.23B,$0.08B,34.80%,$0.23B,$0.07B,29.07%,$0.23B,$0.07B,29.07%,$0.23B,$0.07B,29.96%,$0.23B,$0.07B,30.40%,$0.23B,$0.04B,17.62%,$0.04B,$0.16B,27.97%,$0.04B,$0.14B,32.79%,$0.04B,$0.32B,15.75%,$0.07B,$0.16B,46.15%,$59,$39,$21,$0,$4,$43,$16,$0,$16,$6,$10,$10,$9,$17,$16,$14,14,$0.64,$0.61,$272,$0,$1,$299,$4,$0,$21,$0,$25,$323,$165,$0,$0,$0,$166,$2,$53,$0,$158,$323,$43,$1,$1,$2,$1,$0,$0,$63,$53,$98,$-1,$0,$0,$0,$0,$0,$6,$5,$0,$0,$0,$4,$4,$-11,$0,$-7,$97,$2,$-11
19,2013-10-31,20.37,$10.27,1.98,$15.91,1.28,$1.82,11.16,$2.63,7.74,$0.24B,$0.11B,2.06,$0.00B,$0.15B,0.0,$0.23B,$0.07B,31.86%,$0.23B,$0.06B,26.11%,$0.23B,$0.06B,26.11%,$0.23B,$0.06B,26.99%,$0.23B,$0.06B,27.43%,$0.23B,$0.04B,16.81%,$0.04B,$0.15B,28.52%,$0.04B,$0.13B,33.85%,$0.04B,$0.26B,16.38%,$0.06B,$0.15B,44.28%,$63,$40,$24,$0,$4,$43,$20,$0,$21,$8,$12,$12,$12,$21,$20,$14,14,$0.85,$0.83,$227,$0,$0,$236,$4,$0,$21,$0,$25,$260,$114,$0,$0,$0,$115,$2,$44,$0,$146,$260,$33,$1,$0,$1,$4,$0,$0,$2,$-6,$28,$-1,$0,$0,$0,$0,$0,$0,$-1,$2,$0,$2,$3,$3,$0,$-0,$4,$31,$1,$0
20,2013-07-31,14.01,$10.07,1.39,$16.78,0.84,$2.58,5.44,$2.23,6.28,$0.18B,$0.07B,2.77,$0.00B,$0.14B,0.0,$0.24B,$0.06B,25.74%,$0.24B,$0.05B,20.25%,$0.24B,$0.05B,20.25%,$0.24B,$0.05B,21.10%,$0.24B,$0.05B,21.10%,$0.24B,$0.03B,13.50%,$0.03B,$0.14B,25.65%,$0.03B,$0.12B,30.84%,$0.03B,$0.21B,13.87%,$0.05B,$0.14B,38.48%,$58,$37,$21,$0,$2,$38,$20,$2,$21,$7,$14,$14,$13,$20,$20,$14,14,$0.90,$0.89,$153,$0,$1,$182,$4,$0,$21,$0,$25,$207,$66,$0,$0,$0,$66,$2,$43,$0,$141,$207,$21,$0,$-0,$-0,$10,$0,$0,$-35,$-40,$-19,$-1,$0,$0,$0,$0,$0,$0,$-1,$0,$0,$0,$0,$0,$0,$-2,$-2,$-22,$1,$0
21,2013-04-30,15.65,$9.06,1.73,$18.61,0.84,$6.14,2.55,$1.79,8.74,$0.20B,$0.10B,1.99,$0.00B,$0.13B,0.0,$0.26B,$0.05B,20.23%,$0.26B,$0.04B,14.50%,$0.26B,$0.04B,14.50%,$0.26B,$0.04B,15.27%,$0.26B,$0.04B,14.89%,$0.26B,$0.03B,9.54%,$0.03B,$0.13B,21.28%,$0.03B,$0.11B,25.91%,$0.03B,$0.23B,10.41%,$0.04B,$0.13B,32.34%,$47,$34,$13,$0,$3,$37,$10,$1,$11,$4,$7,$7,$6,$10,$10,$14,14,$0.46,$0.45,$169,$0,$1,$197,$7,$0,$21,$0,$29,$226,$99,$0,$0,$0,$99,$2,$30,$0,$127,$226,$7,$0,$-0,$-0,$6,$0,$0,$-12,$-10,$-4,$-1,$0,$0,$0,$0,$0,$0,$-1,$-1,$0,$-1,$0,$0,$0,$-0,$-2,$-6,$0,$0
22,2013-01-31,16.62,$8.53,1.95,$19.87,0.84,$7.78,2.14,$1.66,10.01,$0.20B,$0.12B,1.77,$0.00B,$0.12B,0.0,$0.28B,$0.05B,17.92%,$0.28B,$0.04B,12.54%,$0.28B,$0.04B,12.54%,$0.28B,$0.04B,13.26%,$0.28B,$0.04B,12.54%,$0.28B,$0.02B,8.24%,$0.02B,$0.12B,20.49%,$0.02B,$0.10B,25.21%,$0.02B,$0.24B,9.58%,$0.04B,$0.12B,31.18%,$58,$44,$14,$0,$5,$48,$9,$-0,$9,$4,$6,$6,$7,$10,$9,$14,14,$0.48,$0.45,$175,$0,$1,$204,$9,$0,$21,$0,$31,$235,$116,$0,$0,$0,$116,$2,$24,$0,$119,$235,$22,$1,$1,$2,$-9,$0,$0,$10,$7,$31,$-7,$0,$0,$0,$0,$0,$0,$-7,$0,$0,$0,$3,$3,$-8,$1,$-5,$19,$0,$-8
23,2012-10-31,15.73,$8.03,1.96,$19.83,0.79,$11.69,1.35,$1.53,10.28,$0.23B,$0.14B,1.58,$0.00B,$0.11B,0.0,$0.28B,$0.04B,15.88%,$0.28B,$0.03B,11.19%,$0.28B,$0.03B,11.19%,$0.28B,$0.03B,11.55%,$0.28B,$0.03B,11.19%,$0.28B,$0.02B,7.58%,$0.02B,$0.11B,19.49%,$0.02B,$0.09B,24.21%,$0.02B,$0.26B,9.03%,$0.03B,$0.11B,28.77%,$74,$61,$13,$0,$4,$65,$9,$-0,$9,$4,$6,$6,$6,$10,$9,$14,14,$0.44,$0.43,$196,$0,$1,$226,$8,$0,$21,$0,$29,$255,$143,$0,$0,$0,$143,$2,$17,$0,$112,$255,$16,$1,$2,$2,$-10,$0,$0,$19,$25,$43,$-6,$0,$0,$0,$0,$0,$0,$-6,$0,$0,$0,$2,$2,$0,$0,$2,$40,$1,$0
24,2012-07-31,13.5,$8.18,1.65,$17.72,0.76,$12.85,1.05,$1.25,10.8,$0.22B,$0.13B,1.64,$0.00B,$0.11B,0.0,$0.25B,$0.04B,14.98%,$0.25B,$0.03B,10.53%,$0.25B,$0.03B,10.53%,$0.25B,$0.03B,10.53%,$0.25B,$0.03B,10.53%,$0.25B,$0.02B,6.88%,$0.02B,$0.11B,16.39%,$0.02B,$0.09B,20.54%,$0.02B,$0.25B,7.86%,$0.03B,$0.11B,25.06%,$83,$70,$13,$0,$3,$73,$10,$-0,$10,$4,$6,$6,$6,$10,$10,$14,14,$0.45,$0.45,$187,$0,$5,$218,$6,$0,$21,$0,$28,$245,$133,$0,$0,$0,$133,$2,$20,$0,$112,$245,$10,$0,$1,$1,$-6,$0,$0,$12,$22,$33,$-4,$0,$0,$0,$0,$0,$0,$-4,$0,$0,$0,$1,$1,$0,$0,$1,$30,$1,$0
25,2012-04-30,12.45,$7.72,1.61,$13.71,0.91,$12.26,1.02,$0.95,13.11,$0.20B,$0.12B,1.67,$0.00B,$0.11B,0.0,$0.19B,$0.03B,15.26%,$0.19B,$0.02B,9.47%,$0.19B,$0.02B,9.47%,$0.19B,$0.02B,9.47%,$0.19B,$0.02B,9.47%,$0.19B,$0.01B,6.84%,$0.01B,$0.11B,12.87%,$0.01B,$0.09B,16.25%,$0.01B,$0.23B,6.78%,$0.02B,$0.11B,17.82%,$64,$54,$10,$0,$3,$57,$7,$-0,$7,$3,$5,$5,$4,$7,$7,$14,14,$0.32,$0.32,$175,$0,$2,$199,$4,$0,$21,$0,$26,$225,$119,$0,$0,$0,$119,$2,$13,$0,$106,$225,$4,$0,$0,$1,$-2,$0,$0,$21,$15,$20,$-1,$0,$0,$0,$0,$0,$0,$-1,$0,$0,$0,$0,$0,$0,$0,$0,$19,$0,$0
26,2012-01-31,12.38,$7.39,1.68,$10.32,1.2,$10.50,1.18,$0.67,18.48,$0.18B,$0.10B,1.73,$0.00B,$0.10B,0.0,$0.14B,$0.02B,16.20%,$0.14B,$0.01B,8.45%,$0.14B,$0.01B,8.45%,$0.14B,$0.01B,8.45%,$0.14B,$0.01B,8.45%,$0.14B,$0.01B,7.04%,$0.01B,$0.10B,10.10%,$0.01B,$0.08B,12.82%,$0.01B,$0.21B,6.12%,$0.01B,$0.10B,12.12%,$56,$48,$8,$0,$3,$51,$5,$-0,$5,$2,$3,$3,$5,$5,$5,$14,14,$0.34,$0.33,$157,$0,$3,$181,$3,$0,$21,$0,$25,$205,$104,$0,$0,$0,$104,$2,$9,$0,$101,$205,$9,$1,$-2,$-2,$-3,$0,$0,$54,$71,$79,$-2,$0,$0,$0,$0,$0,$3,$1,$0,$0,$0,$1,$1,$-7,$0,$-6,$73,$0,$-7
27,2011-10-31,11.61,$7.06,1.65,$8.58,1.35,$6.29,1.85,$0.41,28.33,$0.17B,$0.09B,1.78,$0.00B,$0.10B,0.0,$0.12B,$0.02B,17.80%,$0.12B,$0.01B,8.47%,$0.12B,$0.01B,8.47%,$0.12B,$0.01B,8.47%,$0.12B,$0.01B,8.47%,$0.12B,$0.01B,5.08%,$0.01B,$0.10B,6.11%,$0.01B,$0.08B,7.79%,$0.01B,$0.19B,4.14%,$0.01B,$0.10B,10.18%,$44,$37,$6,$0,$3,$40,$4,$0,$4,$1,$2,$2,$2,$4,$4,$14,14,$0.15,$0.15,$138,$0,$6,$166,$1,$0,$21,$0,$23,$190,$94,$0,$0,$0,$94,$2,$4,$0,$96,$190,$5,$1,$0,$1,$-4,$0,$0,$37,$47,$52,$-0,$0,$0,$0,$0,$0,$3,$2,$0,$0,$0,$0,$0,$0,$0,$0,$55,$0,$0
28,2011-07-31,8.55,$7.40,1.16,$8.72,0.98,$3.36,2.55,$0.37,23.12,$0.12B,$0.05B,2.68,$0.00B,$0.10B,0.0,$0.12B,$0.02B,18.49%,$0.12B,$0.01B,8.40%,$0.12B,$0.01B,8.40%,$0.12B,$0.01B,8.40%,$0.12B,$0.01B,8.40%,$0.12B,$0.01B,5.04%,$0.01B,$0.10B,6.11%,$0.01B,$0.08B,7.79%,$0.01B,$0.15B,4.58%,$0.01B,$0.10B,10.18%,$26,$22,$5,$0,$2,$24,$2,$0,$2,$1,$2,$2,$2,$2,$2,$14,14,$0.15,$0.15,$107,$0,$1,$123,$1,$0,$21,$0,$24,$147,$46,$0,$0,$0,$46,$2,$9,$0,$101,$147,$3,$0,$-0,$0,$2,$0,$0,$15,$18,$21,$-0,$0,$0,$0,$0,$0,$2,$2,$0,$0,$0,$0,$0,$0,$0,$0,$24,$0,$0
29,2011-04-30,7.75,$7.24,1.07,$10.62,0.73,$2.32,3.34,$0.46,16.86,$0.09B,$0.01B,6.74,$0.00B,$0.10B,0.0,$0.15B,$0.03B,17.93%,$0.15B,$0.01B,9.66%,$0.15B,$0.01B,9.66%,$0.15B,$0.01B,9.66%,$0.15B,$0.01B,9.66%,$0.15B,$0.01B,4.83%,$0.01B,$0.10B,7.24%,$0.01B,$0.08B,9.30%,$0.01B,$0.11B,5.56%,$0.01B,$0.10B,14.47%,$16,$12,$4,$0,$3,$15,$1,$0,$1,$0,$1,$1,$1,$1,$1,$14,14,$0.04,$0.04,$79,$0,$0,$88,$1,$0,$21,$0,$24,$112,$13,$0,$0,$0,$13,$2,$7,$0,$98,$112,$1,$0,$0,$0,$7,$0,$0,$-6,$-7,$-6,$-0,$0,$0,$0,$0,$0,$1,$1,$0,$0,$0,$0,$0,$0,$0,$0,$-4,$0,$0
30,2011-01-31,7.65,$7.18,1.07,$13.31,0.57,$2.57,2.98,$0.57,13.42,$0.11B,$0.03B,3.23,$0.00B,$0.10B,0.0,$0.18B,$0.03B,15.93%,$0.18B,$0.02B,9.34%,$0.18B,$0.02B,9.34%,$0.18B,$0.02B,9.34%,$0.18B,$0.02B,9.34%,$0.18B,$0.01B,4.40%,$0.01B,$0.10B,8.42%,$0.01B,$0.08B,10.92%,$0.01B,$0.13B,6.21%,$0.02B,$0.10B,17.89%,$32,$26,$6,$0,$3,$29,$3,$0,$3,$2,$1,$1,$1,$3,$3,$14,14,$0.07,$0.07,$83,$0,$3,$106,$1,$0,$21,$0,$25,$131,$33,$0,$0,$0,$33,$2,$6,$0,$98,$131,$8,$1,$1,$2,$-10,$0,$0,$25,$9,$19,$-0,$0,$0,$0,$0,$0,$0,$-0,$-2,$0,$-2,$0,$0,$0,$0,$-2,$17,$0,$0
31,2010-10-31,6.99,$7.09,0.99,$13.10,0.53,$0.25,28.07,$0.46,15.19,$0.11B,$0.04B,2.9,$0.00B,$0.10B,0.0,$0.18B,$0.02B,13.41%,$0.18B,$0.01B,7.82%,$0.18B,$0.01B,7.82%,$0.18B,$0.01B,7.82%,$0.18B,$0.02B,8.38%,$0.18B,$0.01B,3.35%,$0.01B,$0.10B,6.49%,$0.01B,$0.08B,8.45%,$0.01B,$0.13B,4.76%,$0.01B,$0.10B,15.14%,$45,$38,$7,$0,$3,$41,$4,$0,$4,$2,$2,$2,$2,$4,$4,$14,14,$0.11,$0.11,$76,$1,$7,$110,$2,$0,$21,$0,$25,$134,$38,$0,$0,$0,$38,$2,$6,$0,$96,$134,$7,$1,$2,$3,$-18,$0,$0,$27,$3,$12,$-0,$0,$0,$0,$0,$0,$0,$-0,$-2,$0,$-2,$0,$0,$0,$0,$-1,$10,$0,$0
32,2010-07-31,6.87,$6.95,0.99,$14.20,0.48,$-2.12,0.0,$0.49,14.02,$0.10B,$0.03B,3.16,$0.00B,$0.10B,0.0,$0.20B,$0.02B,12.31%,$0.20B,$0.01B,6.67%,$0.20B,$0.01B,6.67%,$0.20B,$0.01B,6.67%,$0.20B,$0.01B,7.18%,$0.20B,$0.01B,3.08%,$0.01B,$0.10B,6.61%,$0.01B,$0.07B,8.70%,$0.01B,$0.13B,4.85%,$0.01B,$0.10B,14.33%,$52,$44,$9,$0,$3,$46,$6,$0,$6,$2,$4,$4,$3,$6,$6,$14,14,$0.24,$0.24,$72,$2,$12,$102,$2,$0,$22,$0,$25,$127,$32,$0,$0,$0,$32,$2,$4,$0,$95,$127,$5,$0,$2,$3,$-10,$0,$0,$15,$-1,$7,$-0,$0,$0,$0,$0,$0,$0,$-0,$-1,$0,$-1,$0,$0,$0,$0,$-1,$6,$0,$0
33,2010-04-30,9.37,$6.68,1.4,$15.14,0.62,$-4.20,0.0,$0.44,21.3,$0.10B,$0.03B,3.02,$0.00B,$0.09B,0.0,$0.21B,$0.02B,10.58%,$0.21B,$0.01B,5.29%,$0.21B,$0.01B,5.29%,$0.21B,$0.01B,5.29%,$0.21B,$0.01B,5.77%,$0.21B,$0.01B,2.88%,$0.01B,$0.09B,6.78%,$0.01B,$0.07B,8.99%,$0.01B,$0.12B,4.83%,$0.01B,$0.09B,12.39%,$53,$46,$7,$0,$3,$49,$4,$-0,$4,$1,$2,$2,$2,$4,$4,$14,14,$0.15,$0.15,$63,$2,$17,$98,$2,$0,$22,$0,$25,$123,$33,$0,$0,$0,$33,$2,$1,$0,$91,$123,$2,$0,$1,$1,$-9,$0,$0,$4,$-6,$-2,$-0,$0,$0,$0,$0,$0,$0,$-0,$-1,$0,$-1,$0,$0,$0,$0,$-0,$-3,$0,$0
34,2010-01-31,11.71,$6.51,1.8,$15.88,0.74,$-5.22,0.0,$0.51,22.97,$0.10B,$0.03B,2.99,$0.00B,$0.09B,0.0,$0.22B,$0.02B,10.09%,$0.22B,$0.01B,5.05%,$0.22B,$0.01B,5.05%,$0.22B,$0.01B,5.05%,$0.22B,$0.01B,5.96%,$0.22B,$0.01B,3.21%,$0.01B,$0.09B,8.09%,$0.01B,$0.07B,10.81%,$0.01B,$0.12B,5.60%,$0.01B,$0.09B,12.64%,$29,$28,$1,$0,$2,$29,$-0,$1,$1,$0,$1,$1,$-1,$0,$-0,$14,14,$-0.04,$-0.04,$66,$0,$18,$95,$2,$0,$22,$0,$25,$120,$32,$0,$0,$0,$32,$2,$-1,$0,$88,$120,$7,$1,$-2,$-1,$9,$0,$0,$-6,$-19,$-13,$-0,$0,$6,$0,$0,$0,$0,$6,$-2,$0,$-2,$1,$1,$0,$0,$-2,$-9,$0,$0
35,2009-10-31,10.19,$6.54,1.56,$18.15,0.56,$-5.20,0.0,$0.92,11.07,$0.10B,$0.04B,2.72,$0.00B,$0.09B,0.0,$0.25B,$0.03B,13.88%,$0.25B,$0.02B,7.76%,$0.25B,$0.02B,7.76%,$0.25B,$0.02B,8.98%,$0.25B,$0.02B,8.57%,$0.25B,$0.01B,5.31%,$0.01B,$0.09B,15.43%,$0.01B,$0.07B,20.88%,$0.01B,$0.13B,10.10%,$0.02B,$0.09B,22.29%,$61,$54,$7,$0,$4,$58,$3,$0,$3,$1,$2,$2,$2,$3,$3,$14,14,$0.14,$0.14,$53,$3,$34,$96,$1,$3,$22,$0,$28,$125,$35,$0,$0,$0,$36,$2,$-1,$-0,$89,$125,$8,$1,$-1,$-0,$9,$-1,$0,$-22,$-28,$-20,$-0,$0,$0,$0,$0,$0,$0,$-0,$-2,$0,$-2,$1,$1,$0,$0,$-1,$-22,$0,$0
36,2009-07-31,12.21,$6.36,1.92,$16.75,0.73,$-3.26,0.0,$0.97,12.59,$0.10B,$0.04B,2.4,$0.00B,$0.09B,0.01,$0.23B,$0.03B,15.11%,$0.23B,$0.02B,8.89%,$0.23B,$0.02B,8.89%,$0.23B,$0.02B,10.22%,$0.23B,$0.02B,9.78%,$0.23B,$0.01B,6.22%,$0.01B,$0.09B,17.39%,$0.01B,$0.06B,24.14%,$0.01B,$0.13B,10.57%,$0.02B,$0.09B,24.39%,$65,$58,$7,$0,$3,$62,$4,$0,$4,$1,$3,$3,$3,$4,$4,$13,14,$0.20,$0.19,$52,$2,$20,$101,$1,$3,$22,$0,$28,$129,$42,$1,$0,$1,$43,$2,$-3,$-0,$86,$129,$6,$0,$-0,$0,$-11,$-1,$0,$-8,$-28,$-22,$-0,$0,$0,$0,$0,$0,$0,$-0,$-1,$0,$-1,$1,$1,$0,$0,$-1,$-23,$0,$0
37,2009-04-30,10.98,$6.14,1.79,$18.14,0.61,$-0.41,0.0,$0.85,12.92,$0.10B,$0.04B,2.34,$0.00B,$0.08B,0.02,$0.24B,$0.04B,14.89%,$0.24B,$0.02B,7.66%,$0.24B,$0.02B,7.66%,$0.24B,$0.02B,9.36%,$0.24B,$0.02B,8.51%,$0.24B,$0.01B,5.11%,$0.01B,$0.08B,15.64%,$0.01B,$0.06B,22.33%,$0.01B,$0.13B,8.41%,$0.02B,$0.08B,22.86%,$63,$56,$7,$0,$3,$59,$4,$1,$5,$2,$3,$3,$3,$4,$4,$13,14,$0.22,$0.22,$58,$2,$15,$98,$1,$3,$22,$0,$28,$126,$42,$1,$0,$1,$43,$2,$-5,$-0,$83,$126,$3,$0,$0,$0,$-9,$-0,$0,$0,$-20,$-16,$-0,$0,$0,$0,$0,$0,$0,$-0,$-1,$0,$-1,$0,$0,$0,$0,$-0,$-17,$0,$0
38,2009-01-31,9.27,$5.89,1.57,$17.78,0.52,$0.99,9.32,$0.77,12.04,$0.11B,$0.05B,1.99,$0.00B,$0.08B,0.02,$0.22B,$0.03B,15.45%,$0.22B,$0.02B,7.27%,$0.22B,$0.02B,7.27%,$0.22B,$0.02B,9.55%,$0.22B,$0.02B,7.73%,$0.22B,$0.01B,5.00%,$0.01B,$0.08B,16.42%,$0.01B,$0.06B,25.43%,$0.01B,$0.14B,7.48%,$0.02B,$0.08B,23.02%,$56,$43,$13,$0,$4,$48,$8,$1,$9,$4,$5,$5,$5,$11,$8,$12,13,$0.39,$0.38,$75,$1,$16,$108,$1,$2,$22,$0,$27,$135,$54,$2,$0,$2,$56,$2,$-8,$-0,$79,$135,$10,$6,$0,$6,$-5,$-0,$0,$-26,$-27,$-11,$-0,$0,$0,$0,$-2,$-2,$-2,$-4,$-3,$0,$-3,$26,$26,$0,$0,$23,$8,$0,$0
39,2008-10-31,9.79,$5.49,1.79,$18.25,0.54,$5.67,1.73,$0.35,27.98,$0.11B,$0.06B,1.74,$0.00B,$0.07B,0.03,$0.22B,$0.03B,12.39%,$0.22B,$0.01B,3.21%,$0.22B,$0.01B,3.21%,$0.22B,$0.02B,7.80%,$0.22B,$0.01B,3.67%,$0.22B,$0.01B,2.29%,$0.01B,$0.07B,8.66%,$0.01B,$0.05B,15.15%,$0.01B,$0.14B,3.34%,$0.01B,$0.08B,11.52%,$41,$35,$7,$0,$3,$38,$4,$0,$4,$1,$3,$3,$3,$4,$4,$13,14,$0.20,$0.19,$93,$3,$10,$112,$1,$1,$23,$0,$28,$140,$64,$2,$0,$2,$66,$2,$-13,$-0,$74,$140,$5,$2,$2,$4,$5,$-1,$0,$-3,$-3,$6,$-0,$0,$0,$0,$-2,$-2,$-2,$-4,$-2,$0,$-2,$26,$26,$0,$0,$24,$26,$0,$0
40,2008-07-31,13.61,$5.28,2.58,$19.68,0.69,$10.14,1.34,$-0.02,0.0,$0.14B,$0.10B,1.49,$0.00B,$0.07B,0.04,$0.23B,$0.03B,11.95%,$0.23B,$0.00B,0.44%,$0.23B,$0.00B,0.44%,$0.23B,$0.01B,5.75%,$0.23B,$0.00B,1.33%,$0.23B,0,0.00%,$0.00B,$0.07B,0.00%,$0.00B,$0.05B,0.00%,$0.00B,$0.17B,0.00%,$0.00B,$0.07B,1.87%,$75,$67,$8,$0,$4,$73,$2,$0,$2,$1,$1,$1,$1,$3,$2,$12,12,$0.07,$0.07,$104,$3,$10,$143,$1,$0,$23,$0,$27,$170,$96,$3,$0,$3,$99,$2,$-16,$-0,$71,$170,$2,$2,$2,$3,$8,$-0,$0,$-7,$10,$16,$-0,$0,$0,$0,$-1,$-1,$-2,$-3,$-1,$0,$-1,$26,$26,$0,$0,$24,$37,$0,$0
41,2008-04-30,10.31,$3.95,2.61,$18.28,0.56,$10.91,0.95,$0.03,343.73,$0.11B,$0.10B,1.19,$0.00B,$0.04B,0.08,$0.20B,$0.03B,12.75%,$0.20B,$0.00B,0.49%,$0.20B,$0.00B,0.49%,$0.20B,$0.01B,6.86%,$0.20B,$0.00B,1.47%,$0.20B,0,0.00%,$0.00B,$0.04B,0.00%,$0.00B,$0.02B,0.00%,$0.00B,$0.14B,0.00%,$0.00B,$0.05B,2.12%,$48,$43,$6,$0,$4,$47,$2,$0,$2,$1,$2,$2,$2,$3,$2,$11,11,$0.14,$0.14,$67,$3,$11,$114,$3,$0,$25,$0,$29,$143,$95,$4,$0,$4,$99,$2,$-17,$-0,$44,$143,$2,$1,$-1,$0,$-1,$-0,$0,$3,$0,$3,$-0,$0,$0,$0,$0,$0,$-2,$-2,$-1,$0,$-1,$0,$0,$0,$0,$-1,$-0,$0,$0
42,2008-01-31,9.36,$3.77,2.48,$18.59,0.5,$11.36,0.82,$-0.29,0.0,$0.12B,$0.10B,1.17,$0.00B,$0.04B,0.1,$0.21B,$0.02B,10.19%,$0.21B,$-0.00B,-1.94%,$0.21B,$-0.00B,-1.94%,$0.21B,$0.01B,4.85%,$0.21B,$-0.00B,-0.97%,$0.21B,$-0.00B,-1.94%,$-0.00B,$0.04B,-9.41%,$-0.00B,$0.02B,-32.00%,$-0.00B,$0.15B,-2.86%,$-0.00B,$0.05B,-8.38%,$54,$48,$6,$0,$5,$55,$-1,$1,$-0,$0,$-1,$-1,$-1,$7,$-1,$11,11,$-0.05,$-0.05,$67,$3,$15,$116,$3,$0,$26,$0,$30,$146,$100,$4,$0,$4,$104,$2,$-18,$-0,$42,$146,$-3,$14,$-2,$13,$-7,$-1,$0,$48,$33,$43,$-1,$0,$0,$2,$0,$2,$0,$1,$-3,$0,$-3,$0,$0,$0,$0,$-3,$41,$0,$0
43,2007-10-31,8.08,$3.80,2.13,$21.55,0.38,$4.94,1.64,$-0.20,0.0,$0.12B,$0.11B,1.16,$0.01B,$0.04B,0.11,$0.19B,$0.02B,9.79%,$0.19B,$-0.00B,-1.55%,$0.19B,$-0.00B,-1.55%,$0.19B,$0.01B,2.58%,$0.19B,$-0.00B,-0.52%,$0.19B,$-0.00B,-1.55%,$-0.00B,$0.04B,-6.94%,$-0.00B,$0.02B,-28.57%,$-0.00B,$0.15B,-2.24%,$-0.00B,$0.05B,-6.12%,$49,$42,$7,$0,$4,$51,$-2,$1,$-1,$1,$-2,$-2,$-2,$-0,$-2,$11,11,$-0.18,$-0.18,$80,$2,$15,$124,$3,$0,$27,$0,$30,$154,$107,$5,$0,$5,$112,$2,$-18,$-0,$42,$154,$-3,$6,$3,$9,$-1,$0,$0,$61,$48,$55,$-0,$0,$0,$-3,$0,$-3,$0,$-3,$-2,$0,$-2,$0,$0,$0,$0,$-2,$50,$0,$0
44,2007-07-31,6.19,$3.96,1.56,$19.21,0.32,$0.16,38.84,$-0.02,0.0,$0.10B,$0.09B,1.16,$0.01B,$0.04B,0.12,$0.16B,$0.01B,9.03%,$0.16B,$-0.00B,-0.65%,$0.16B,$-0.00B,-0.65%,$0.16B,$0.01B,3.23%,$0.16B,0,0.00%,$0.16B,$-0.00B,-0.65%,$-0.00B,$0.04B,-2.78%,$-0.00B,$0.01B,-13.33%,$-0.00B,$0.14B,-0.99%,$-0.00B,$0.05B,-2.45%,$53,$47,$7,$0,$5,$51,$2,$0,$2,$1,$1,$1,$1,$4,$2,$11,11,$0.12,$0.12,$49,$2,$19,$103,$3,$0,$33,$0,$36,$139,$89,$5,$0,$6,$95,$2,$-16,$-0,$44,$139,$-1,$5,$-1,$3,$-7,$-0,$0,$38,$20,$23,$-0,$0,$0,$2,$0,$2,$0,$2,$-1,$0,$-1,$0,$0,$0,$0,$-1,$24,$0,$0
45,2007-04-30,5.36,$3.83,1.4,$16.35,0.33,$-1.80,0.0,$-0.14,0.0,$0.08B,$0.07B,1.17,$0.01B,$0.04B,0.14,$0.11B,$0.01B,8.11%,$0.11B,$-0.00B,-2.70%,$0.11B,$-0.00B,-2.70%,$0.11B,$0.00B,1.80%,$0.11B,$-0.00B,-1.80%,$0.11B,$-0.00B,-1.80%,$-0.00B,$0.04B,-7.08%,$-0.00B,$0.01B,-38.10%,$-0.00B,$0.12B,-2.78%,$-0.00B,$0.05B,-9.30%,$50,$49,$1,$0,$5,$54,$-3,$0,$-3,$-1,$-2,$-2,$-2,$-1,$-3,$11,11,$-0.18,$-0.18,$34,$3,$19,$82,$3,$0,$35,$0,$38,$120,$70,$6,$0,$7,$77,$2,$-17,$-0,$42,$120,$-2,$2,$-1,$1,$-0,$-0,$0,$9,$8,$7,$-0,$0,$0,$1,$0,$1,$0,$0,$-1,$0,$-1,$0,$0,$0,$0,$-1,$7,$0,$0
46,2007-01-31,5.11,$4.01,1.27,$14.15,0.36,$-2.32,0.0,$0.04,127.87,$0.08B,$0.07B,1.19,$0.01B,$0.05B,0.15,$0.07B,$0.01B,14.29%,$0.07B,0,0.00%,$0.07B,0,0.00%,$0.07B,$0.00B,5.71%,$0.07B,$0.00B,1.43%,$0.07B,0,0.00%,$0.00B,$0.05B,0.00%,$0.00B,$0.01B,0.00%,$0.00B,$0.12B,0.00%,$0.00B,$0.05B,0.00%,$42,$38,$4,$0,$4,$41,$0,$0,$1,$0,$0,$0,$0,$2,$0,$5,5,$0.08,$0.08,$28,$2,$27,$81,$3,$0,$37,$0,$40,$122,$68,$7,$0,$9,$77,$2,$-15,$-0,$45,$122,$-0,$4,$-1,$3,$-11,$1,$0,$-20,$-16,$-13,$-1,$0,$25,$0,$0,$0,$-2,$22,$5,$-1,$4,$13,$13,$0,$0,$17,$25,$0,$0
47,2006-10-31,3.09,$2.91,1.06,$8.46,0.37,$0.61,5.09,0,0.0,$0.01B,$0.01B,1.19,$0.00B,$0.01B,0.08,$0.04B,$0.01B,20.00%,$0.04B,$-0.01B,-20.00%,$0.04B,$-0.01B,-20.00%,$0.04B,$0.00B,5.71%,$0.04B,$-0.01B,-20.00%,$0.04B,$-0.01B,-20.00%,$-0.01B,$0.01B,-56.00%,$-0.01B,$0.00B,-560.00%,$-0.01B,$0.02B,-29.79%,$-0.01B,$0.01B,-47.46%,$10,$8,$2,$0,$2,$10,$-0,$-0,$-0,$-0,$-0,$-0,$-0,$0,$-0,$5,5,$-0.06,$-0.06,$0,$2,$1,$9,$3,$0,$11,$0,$14,$23,$8,$1,$0,$2,$10,$1,$-15,$-0,$13,$23,$-0,$2,$-0,$2,$-1,$1,$0,$-0,$-0,$1,$-1,$0,$0,$0,$0,$0,$0,$-1,$-2,$0,$-2,$2,$2,$0,$0,$-0,$0,$0,$0
