,Date,Stock Price,Book Value per Share,Price to Book Ratio,TTM Sales per Share,Price to Sales Ratio,TTM FCF per Share,Price to FCF Ratio,TTM Net EPS,PE Ratio,Current Assets,Current Liabilities,Current Ratio,Long Term Debt,Shareholder's Equity_x,Debt to Equity Ratio,TTM Revenue_x,TTM Gross Profit,Gross Margin,TTM Revenue_y,TTM Operating Income,Operating Margin,TTM Revenue_x,TTM EBIT,EBIT Margin,TTM Revenue_y,TTM EBITDA,EBITDA Margin,TTM Revenue_x,TTM Pre-Tax Income,Pre-Tax Margin,TTM Revenue_y,TTM Net Income_x,Net Margin,TTM Net Income_y,Shareholder's Equity_y,Return on Equity,TTM Net Income_x,Tangible Equity,Return on Tangible Equity,TTM Net Income_y,Total Assets,Return on Assets,TTM Net Income,LT Investments & Debt,Return on Investment,revenue,cost-goods-sold,gross-profit,research-development-expenses,selling-general-administrative-expenses,operating-expenses,operating-income,total-non-operating-income-expense,pre-tax-income,total-provision-income-taxes,income-after-taxes,income-from-continuous-operations,net-income,ebitda,ebit,basic-shares-outstanding,shares-outstanding,eps-basic-net-earnings-per-share,eps-earnings-per-share-diluted,cash-on-hand,inventory,other-current-assets,total-current-assets,net-property-plant-equipment,long-term-investments,goodwill-intangible-assets-total,other-long-term-assets,total-long-term-assets,total-assets,total-current-liabilities,long-term-debt,other-non-current-liabilities,total-long-term-liabilities,total-liabilities,common-stock-net,retained-earnings-accumulated-deficit,comprehensive-income,total-share-holder-equity,total-liabilities-share-holders-equity,net-income-loss,total-depreciation-amortization-cash-flow,other-non-cash-items,total-non-cash-items,change-in-accounts-receivable,change-in-inventories,change-in-accounts-payable,change-in-assets-liabilities,total-change-in-assets-liabilities,cash-flow-from-operating-activities,net-change-in-property-plant-equipment,net-change-in-intangible-assets,net-acquisitions-divestitures,net-change-in-short-term-investments,net-change-in-long-term-investments,net-change-in-investments-total,investing-activities-other,cash-flow-from-investing-activities,net-long-term-debt,net-current-debt,debt-issuance-retirement-net-total,net-common-equity-issued-repurchased,net-total-equity-issued-repurchased,total-common-preferred-stock-dividends-paid,financial-activities-other,cash-flow-from-financial-activities,net-cash-flow,stock-based-compensation,common-stock-dividends-paid
0,2018-09-30,4.6,$4.01,1.15,$9.84,0.47,$0.30,15.34,$0.31,14.84,$0.09B,$0.03B,2.99,$0.00B,$0.09B,0.0,$0.21B,$0.19B,90.14%,$0.21B,$-0.01B,-5.63%,$0.21B,$-0.01B,-5.63%,$0.21B,$-0.00B,-1.41%,$0.21B,$0.00B,0.47%,$0.21B,$0.01B,3.29%,$0.01B,$0.09B,7.63%,$0.01B,$0.07B,9.46%,$0.01B,$0.15B,4.56%,$-0.01B,$0.09B,-13.08%,$49,$6,$44,$0,$42,$50,$-1,$1,$-0,$1,$-1,$-1,$-1,$1,$-1,$22,22,$-0.05,$-0.05,$58,$4,$1,$90,$27,$0,$17,$4,$56,$146,$30,$0,$8,$28,$59,$0,$-372,$-24,$87,$146,$-6,$8,$-3,$5,$7,$6,$-3,$-2,$12,$12,$-4,$0,$0,$0,$0,$0,$0,$-4,$0,$0,$0,$-1,$-1,$-5,$0,$-6,$1,$1,$-5
1,2018-06-30,4.62,$4.13,1.12,$10.36,0.45,$-0.74,0.0,$0.48,9.62,$0.09B,$0.03B,2.9,$0.00B,$0.09B,0.0,$0.23B,$0.20B,90.22%,$0.23B,$-0.01B,-4.89%,$0.23B,$-0.01B,-4.89%,$0.23B,$-0.00B,-0.44%,$0.23B,$0.00B,1.78%,$0.23B,$0.01B,4.89%,$0.01B,$0.09B,12.05%,$0.01B,$0.07B,15.02%,$0.01B,$0.15B,7.07%,$-0.01B,$0.09B,-12.05%,$51,$5,$46,$0,$44,$53,$-1,$1,$-0,$0,$-1,$-1,$-1,$1,$-1,$22,22,$-0.03,$-0.03,$57,$4,$1,$92,$29,$0,$18,$4,$58,$151,$32,$0,$7,$29,$61,$0,$-369,$-25,$90,$151,$-5,$5,$-3,$3,$7,$2,$-3,$-1,$9,$7,$-4,$0,$0,$0,$0,$0,$0,$-4,$0,$0,$0,$-1,$-1,$-4,$0,$-4,$-1,$1,$-4
2,2018-03-31,4.97,$4.24,1.17,$10.91,0.46,$-1.00,0.0,$0.47,10.58,$0.09B,$0.03B,2.88,$0.00B,$0.09B,0.0,$0.24B,$0.21B,90.30%,$0.24B,$-0.01B,-4.64%,$0.24B,$-0.01B,-4.64%,$0.24B,0,0.00%,$0.24B,$0.00B,1.27%,$0.24B,$0.01B,4.64%,$0.01B,$0.09B,12.61%,$0.01B,$0.07B,15.88%,$0.01B,$0.15B,6.86%,$-0.01B,$0.09B,-12.61%,$49,$5,$44,$0,$48,$56,$-6,$1,$-5,$-1,$-4,$-4,$-4,$-4,$-6,$22,22,$-0.19,$-0.19,$54,$4,$1,$94,$31,$0,$18,$5,$60,$154,$33,$0,$6,$29,$62,$0,$-367,$-25,$92,$154,$-4,$3,$-2,$1,$6,$-1,$-3,$-2,$4,$1,$-2,$0,$0,$0,$0,$0,$0,$-2,$0,$0,$0,$-1,$-1,$-2,$0,$-2,$-4,$1,$-2
3,2017-12-31,4.56,$4.49,1.01,$11.44,0.4,$-0.93,0.0,$0.45,10.13,$0.10B,$0.03B,2.97,$0.00B,$0.10B,0.0,$0.25B,$0.23B,90.36%,$0.25B,$-0.01B,-4.02%,$0.25B,$-0.01B,-4.02%,$0.25B,$0.00B,0.80%,$0.25B,$0.00B,1.61%,$0.25B,$0.01B,4.42%,$0.01B,$0.10B,13.17%,$0.01B,$0.08B,16.86%,$0.01B,$0.16B,6.62%,$-0.01B,$0.10B,-11.98%,$64,$6,$58,$0,$56,$68,$-4,$10,$6,$-7,$13,$13,$13,$-1,$-4,$22,22,$0.59,$0.59,$58,$3,$1,$102,$32,$0,$18,$5,$60,$163,$34,$0,$6,$31,$65,$0,$-361,$-25,$98,$163,$10,$11,$-33,$-22,$2,$-4,$1,$0,$-1,$-12,$9,$0,$0,$0,$-0,$-0,$0,$9,$0,$0,$0,$-0,$-0,$-10,$-9,$-20,$-22,$1,$-10
4,2017-09-30,4.18,$3.90,1.07,$11.55,0.36,$-0.49,0.0,$-1.00,0.0,$0.10B,$0.03B,2.77,$0.00B,$0.09B,0.0,$0.25B,$0.23B,90.04%,$0.25B,$-0.03B,-11.95%,$0.25B,$-0.03B,-11.95%,$0.25B,$-0.02B,-7.17%,$0.25B,$-0.02B,-9.56%,$0.25B,$-0.02B,-8.37%,$-0.02B,$0.09B,-25.85%,$-0.02B,$0.07B,-33.47%,$-0.02B,$0.15B,-12.09%,$-0.03B,$0.09B,-36.92%,$61,$6,$55,$0,$52,$61,$0,$3,$3,$0,$3,$3,$3,$3,$0,$22,22,$0.12,$0.12,$50,$3,$6,$95,$34,$0,$18,$7,$59,$154,$34,$0,$4,$35,$69,$0,$-369,$-30,$85,$154,$-3,$8,$-23,$-14,$3,$-1,$0,$-1,$1,$-16,$0,$0,$0,$0,$-0,$-0,$0,$0,$0,$0,$0,$0,$0,$-5,$-9,$-15,$-30,$1,$-5
5,2017-06-30,4.92,$3.42,1.44,$11.75,0.42,$0.34,14.34,$-1.14,0.0,$0.11B,$0.03B,3.26,$0.00B,$0.07B,0.0,$0.26B,$0.23B,89.80%,$0.26B,$-0.03B,-11.76%,$0.26B,$-0.03B,-11.76%,$0.26B,$-0.02B,-7.45%,$0.26B,$-0.03B,-10.59%,$0.26B,$-0.02B,-9.41%,$-0.02B,$0.07B,-27.27%,$-0.02B,$0.06B,-37.80%,$-0.02B,$0.17B,-12.73%,$-0.03B,$0.07B,-34.09%,$63,$6,$57,$0,$55,$64,$-1,$1,$-1,$0,$-1,$-1,$-1,$2,$-1,$22,22,$-0.04,$-0.04,$65,$3,$9,$111,$34,$0,$18,$7,$59,$170,$34,$0,$6,$62,$96,$0,$-370,$-39,$74,$170,$-5,$6,$-1,$5,$5,$-1,$-1,$0,$3,$3,$-5,$0,$0,$0,$0,$0,$0,$-5,$0,$0,$0,$0,$0,$-4,$-9,$-13,$-15,$1,$-4
6,2017-03-31,5.43,$3.53,1.54,$11.91,0.46,$0.68,7.99,$-1.07,0.0,$0.11B,$0.04B,2.97,$0.00B,$0.08B,0.0,$0.26B,$0.23B,89.58%,$0.26B,$-0.03B,-10.04%,$0.26B,$-0.03B,-10.04%,$0.26B,$-0.02B,-6.18%,$0.26B,$-0.02B,-8.88%,$0.26B,$-0.02B,-8.49%,$-0.02B,$0.08B,-22.45%,$-0.02B,$0.06B,-32.59%,$-0.02B,$0.18B,-10.96%,$-0.03B,$0.08B,-26.53%,$61,$6,$55,$0,$57,$66,$-5,$1,$-4,$-0,$-4,$-4,$-4,$-2,$-5,$22,22,$-0.21,$-0.21,$69,$4,$0,$109,$42,$0,$19,$8,$68,$178,$37,$0,$8,$64,$101,$0,$-368,$-39,$77,$178,$-4,$3,$-0,$3,$4,$-2,$3,$-2,$3,$1,$-1,$0,$0,$0,$0,$0,$0,$-1,$0,$0,$0,$0,$0,$-2,$-9,$-11,$-11,$0,$-2
7,2016-12-31,5.53,$4.11,1.35,$12.01,0.46,$0.59,9.39,$-0.89,0.0,$0.12B,$0.04B,3.28,$0.00B,$0.09B,0.0,$0.26B,$0.23B,89.62%,$0.26B,$-0.02B,-8.85%,$0.26B,$-0.02B,-8.85%,$0.26B,$-0.01B,-5.00%,$0.26B,$-0.02B,-8.08%,$0.26B,$-0.02B,-7.31%,$-0.02B,$0.09B,-17.59%,$-0.02B,$0.07B,-26.57%,$-0.02B,$0.19B,-9.05%,$-0.02B,$0.09B,-21.30%,$66,$7,$59,$0,$58,$90,$-24,$2,$-22,$-4,$-19,$-19,$-19,$-21,$-24,$22,22,$-0.88,$-0.88,$80,$3,$0,$122,$44,$0,$19,$8,$71,$193,$37,$0,$6,$66,$104,$0,$-361,$-39,$89,$193,$-19,$12,$17,$29,$2,$1,$-4,$-4,$-2,$8,$-1,$0,$0,$0,$-0,$-0,$0,$-1,$0,$0,$0,$0,$0,$-7,$3,$-5,$2,$1,$-7
8,2016-09-30,6.32,$5.16,1.22,$12.37,0.51,$-0.02,0.0,$-0.66,0.0,$0.12B,$0.04B,3.3,$0.00B,$0.11B,0.0,$0.27B,$0.24B,89.51%,$0.27B,$-0.01B,-3.37%,$0.27B,$-0.01B,-3.37%,$0.27B,$0.00B,0.75%,$0.27B,$-0.01B,-3.37%,$0.27B,$-0.01B,-5.24%,$-0.01B,$0.11B,-12.12%,$-0.01B,$0.07B,-19.18%,$-0.01B,$0.21B,-6.44%,$-0.01B,$0.11B,-7.79%,$65,$6,$58,$0,$56,$65,$-0,$0,$-0,$0,$-0,$-0,$-0,$2,$-0,$22,22,$-0.02,$-0.02,$78,$4,$3,$121,$46,$1,$42,$3,$92,$213,$37,$0,$5,$65,$102,$0,$-341,$-38,$112,$213,$-0,$8,$-2,$6,$5,$0,$-2,$1,$1,$7,$-4,$0,$0,$0,$0,$0,$0,$-4,$0,$0,$0,$0,$0,$-5,$2,$-3,$-0,$1,$-5
9,2016-06-30,4.24,$5.26,0.81,$12.47,0.34,$-0.50,0.0,$-0.46,0.0,$0.12B,$0.04B,3.08,$0.00B,$0.11B,0.0,$0.27B,$0.24B,89.59%,$0.27B,$-0.01B,-4.46%,$0.27B,$-0.01B,-4.46%,$0.27B,0,0.00%,$0.27B,$-0.01B,-4.83%,$0.27B,$-0.02B,-6.69%,$-0.02B,$0.11B,-15.38%,$-0.02B,$0.07B,-24.49%,$-0.02B,$0.22B,-8.14%,$-0.01B,$0.11B,-10.26%,$67,$6,$60,$0,$55,$64,$3,$0,$3,$2,$1,$1,$1,$5,$3,$22,22,$0.03,$0.03,$82,$5,$0,$123,$49,$2,$42,$2,$96,$219,$40,$0,$4,$65,$105,$0,$-338,$-38,$114,$219,$0,$6,$-2,$4,$6,$-2,$-1,$0,$4,$8,$-3,$0,$0,$0,$0,$0,$0,$-3,$0,$0,$0,$0,$0,$-4,$2,$-1,$4,$0,$-4
10,2016-03-31,4.02,$5.41,0.74,$12.47,0.32,$-0.99,0.0,$-0.52,0.0,$0.12B,$0.04B,3.35,$0.00B,$0.12B,0.0,$0.27B,$0.24B,89.22%,$0.27B,$-0.02B,-5.95%,$0.27B,$-0.02B,-5.95%,$0.27B,$-0.00B,-0.74%,$0.27B,$-0.02B,-5.95%,$0.27B,$-0.02B,-7.43%,$-0.02B,$0.12B,-16.74%,$-0.02B,$0.07B,-26.67%,$-0.02B,$0.22B,-8.89%,$-0.02B,$0.12B,-13.39%,$62,$6,$56,$0,$55,$64,$-2,$0,$-2,$-1,$-1,$-1,$-1,$1,$-2,$22,22,$-0.03,$-0.03,$75,$5,$0,$118,$51,$2,$42,$2,$97,$215,$35,$0,$2,$63,$99,$0,$-336,$-38,$117,$215,$-1,$3,$-0,$2,$5,$-4,$-3,$-1,$-1,$0,$-2,$0,$0,$0,$0,$0,$0,$-2,$0,$0,$0,$0,$0,$-2,$-0,$-2,$-4,$0,$-2
11,2015-12-31,4.12,$5.53,0.74,$12.57,0.33,$-1.35,0.0,$-0.47,0.0,$0.12B,$0.04B,3.17,$0.00B,$0.12B,0.0,$0.27B,$0.24B,88.60%,$0.27B,$-0.02B,-6.99%,$0.27B,$-0.02B,-6.99%,$0.27B,$-0.01B,-1.84%,$0.27B,$-0.02B,-6.99%,$0.27B,$-0.02B,-6.99%,$-0.02B,$0.12B,-15.57%,$-0.02B,$0.08B,-24.84%,$-0.02B,$0.22B,-8.22%,$-0.02B,$0.12B,-15.57%,$73,$8,$65,$0,$72,$83,$-10,$-0,$-10,$4,$-14,$-14,$-14,$-6,$-10,$21,21,$-0.65,$-0.65,$78,$4,$0,$123,$51,$0,$43,$4,$98,$222,$39,$0,$1,$64,$103,$0,$-333,$-38,$119,$222,$-18,$13,$10,$23,$3,$-0,$0,$-2,$-10,$-5,$-2,$0,$-14,$0,$-1,$-1,$1,$-15,$0,$0,$0,$-3,$-3,$-57,$1,$-60,$-80,$1,$-57
12,2015-09-30,4.0,$5.46,0.73,$12.48,0.32,$-2.15,0.0,$2.67,1.5,$0.13B,$0.04B,2.99,$0.00B,$0.12B,0.0,$0.27B,$0.24B,88.60%,$0.27B,$-0.02B,-5.88%,$0.27B,$-0.02B,-5.88%,$0.27B,$-0.00B,-0.74%,$0.27B,$0.06B,22.79%,$0.27B,$0.05B,19.12%,$0.05B,$0.12B,42.02%,$0.05B,$0.07B,62.84%,$0.05B,$0.23B,20.76%,$-0.02B,$0.12B,-12.93%,$67,$7,$60,$0,$60,$70,$-3,$-1,$-4,$-0,$-4,$-4,$-4,$0,$-3,$22,22,$-0.18,$-0.18,$80,$3,$0,$127,$51,$2,$46,$3,$101,$228,$43,$0,$2,$68,$110,$0,$-318,$-56,$118,$228,$-4,$10,$-6,$4,$0,$0,$0,$-9,$-9,$-9,$1,$0,$-14,$0,$-1,$-1,$1,$-12,$0,$0,$0,$-3,$-3,$-55,$1,$-57,$-78,$1,$-55
13,2015-06-30,4.47,$5.71,0.78,$12.39,0.36,$-1.75,0.0,$3.33,1.34,$0.13B,$0.04B,3.16,$0.00B,$0.12B,0.0,$0.27B,$0.24B,88.19%,$0.27B,$-0.01B,-4.43%,$0.27B,$-0.01B,-4.43%,$0.27B,$0.00B,0.74%,$0.27B,$0.07B,25.46%,$0.27B,$0.07B,27.31%,$0.07B,$0.12B,54.61%,$0.07B,$0.08B,74.37%,$0.07B,$0.24B,28.82%,$-0.01B,$0.12B,-8.86%,$67,$8,$59,$0,$56,$67,$-1,$0,$-0,$0,$-1,$-1,$-1,$3,$-1,$22,22,$-0.03,$-0.03,$84,$4,$0,$132,$52,$2,$46,$3,$104,$235,$42,$0,$2,$70,$111,$0,$-312,$-57,$124,$235,$-0,$7,$-5,$1,$0,$0,$0,$-10,$-10,$-9,$3,$0,$-14,$0,$-1,$-1,$1,$-10,$0,$0,$0,$-2,$-2,$-54,$1,$-55,$-74,$0,$-54
14,2015-03-31,6.48,$5.82,1.11,$12.45,0.52,$-1.52,0.0,$4.31,1.5,$0.13B,$0.04B,3.01,$0.00B,$0.13B,0.0,$0.27B,$0.24B,88.28%,$0.27B,$-0.01B,-3.30%,$0.27B,$-0.01B,-3.30%,$0.27B,$0.01B,1.83%,$0.27B,$0.09B,32.97%,$0.27B,$0.10B,35.53%,$0.10B,$0.13B,68.43%,$0.10B,$0.08B,87.39%,$0.10B,$0.24B,37.24%,$-0.01B,$0.13B,-6.35%,$65,$8,$57,$0,$59,$71,$-5,$-0,$-5,$-6,$0,$0,$0,$-2,$-5,$22,22,$0.02,$0.02,$81,$5,$0,$128,$60,$3,$46,$3,$112,$240,$43,$0,$1,$71,$113,$0,$-310,$-57,$127,$240,$0,$3,$-4,$-1,$0,$0,$0,$-8,$-8,$-9,$-1,$0,$-14,$0,$-0,$-0,$0,$-16,$0,$0,$0,$-1,$-1,$-52,$1,$-52,$-77,$0,$-52
15,2014-12-31,8.1,$5.78,1.4,$12.39,0.65,$-0.99,0.0,$4.10,1.98,$0.21B,$0.10B,2.04,$0.00B,$0.13B,0.0,$0.27B,$0.24B,88.24%,$0.27B,$-0.01B,-2.94%,$0.27B,$-0.01B,-2.94%,$0.27B,$0.01B,2.57%,$0.27B,$0.09B,33.46%,$0.27B,$0.09B,34.19%,$0.09B,$0.13B,61.59%,$0.09B,$0.10B,74.55%,$0.09B,$0.30B,34.67%,$-0.01B,$0.13B,-5.30%,$73,$8,$65,$0,$68,$80,$-7,$78,$71,$3,$69,$69,$57,$-3,$-7,$22,22,$2.54,$2.53,$158,$5,$0,$206,$62,$3,$25,$3,$92,$299,$101,$0,$2,$71,$173,$0,$-308,$-57,$126,$299,$93,$14,$-125,$-111,$1,$-2,$-1,$1,$-7,$-26,$2,$0,$0,$0,$-2,$-2,$147,$147,$0,$0,$0,$-4,$-4,$-41,$1,$-44,$76,$1,$-41
16,2014-09-30,6.84,$7.51,0.91,$11.46,0.6,$0.57,12.04,$2.37,2.88,$0.15B,$0.04B,3.37,$0.00B,$0.17B,0.0,$0.25B,$0.22B,88.10%,$0.25B,$0.00B,1.59%,$0.25B,$0.00B,1.59%,$0.25B,$0.02B,7.54%,$0.25B,$0.03B,10.32%,$0.25B,$0.05B,21.43%,$0.05B,$0.17B,33.38%,$0.05B,$0.14B,39.85%,$0.05B,$0.25B,20.51%,$0.00B,$0.17B,2.47%,$66,$8,$58,$0,$54,$65,$1,$3,$3,$1,$2,$2,$18,$4,$1,$22,22,$0.84,$0.84,$108,$7,$0,$149,$67,$7,$25,$4,$104,$253,$44,$0,$4,$44,$88,$0,$-313,$-16,$165,$253,$36,$10,$-46,$-36,$0,$0,$0,$2,$2,$2,$-1,$0,$0,$0,$-2,$-2,$68,$64,$0,$0,$0,$-3,$-3,$-39,$1,$-41,$26,$1,$-39
17,2014-06-30,7.54,$6.78,1.11,$11.52,0.65,$0.67,11.23,$1.76,4.28,$0.14B,$0.05B,2.89,$0.00B,$0.15B,0.0,$0.25B,$0.22B,88.14%,$0.25B,$0.00B,1.19%,$0.25B,$0.00B,1.19%,$0.25B,$0.02B,7.51%,$0.25B,$0.02B,9.49%,$0.25B,$0.04B,16.21%,$0.04B,$0.15B,28.37%,$0.04B,$0.12B,35.04%,$0.04B,$0.25B,15.31%,$0.00B,$0.15B,2.08%,$69,$8,$61,$0,$55,$67,$2,$19,$21,$1,$20,$20,$22,$6,$2,$22,22,$0.96,$0.95,$60,$8,$3,$144,$68,$9,$25,$4,$106,$250,$50,$0,$4,$51,$101,$0,$-330,$-15,$149,$250,$18,$7,$-18,$-11,$0,$0,$0,$-4,$-4,$2,$-3,$0,$0,$0,$-2,$-2,$18,$13,$0,$0,$0,$-1,$-1,$-37,$1,$-38,$-22,$1,$-37
18,2014-03-31,6.46,$7.42,0.87,$11.51,0.56,$0.90,7.15,$0.86,7.51,$0.14B,$0.05B,2.56,$0.00B,$0.16B,0.0,$0.25B,$0.22B,88.14%,$0.25B,$0.00B,0.79%,$0.25B,$0.00B,0.79%,$0.25B,$0.02B,6.32%,$0.25B,$0.01B,1.98%,$0.25B,$0.02B,7.91%,$0.02B,$0.16B,15.33%,$0.02B,$0.14B,19.85%,$0.02B,$0.27B,7.31%,$0.00B,$0.16B,1.53%,$64,$8,$56,$0,$57,$68,$-4,$-0,$-4,$1,$-5,$-5,$-4,$-0,$-4,$22,22,$-0.19,$-0.19,$83,$11,$0,$137,$94,$7,$29,$4,$134,$271,$53,$0,$4,$54,$107,$0,$-316,$-15,$164,$271,$-4,$3,$1,$5,$0,$0,$0,$2,$2,$3,$-1,$0,$0,$0,$0,$0,$-0,$-1,$0,$0,$0,$-0,$-0,$-2,$0,$-1,$0,$0,$-2
19,2013-12-31,4.13,$7.73,0.53,$12.51,0.33,$0.80,5.14,$0.68,6.07,$0.17B,$0.05B,3.1,$0.00B,$0.17B,0.0,$0.28B,$0.24B,87.68%,$0.28B,$0.00B,0.36%,$0.28B,$0.00B,0.36%,$0.28B,$0.02B,5.80%,$0.28B,$0.00B,1.45%,$0.28B,$0.02B,5.80%,$0.02B,$0.17B,14.19%,$0.02B,$0.14B,19.63%,$0.02B,$0.28B,5.80%,$0.00B,$0.17B,0.89%,$53,$6,$47,$0,$40,$47,$5,$1,$6,$0,$6,$6,$18,$9,$5,$22,22,$0.79,$0.79,$82,$6,$0,$168,$75,$7,$25,$3,$111,$279,$54,$0,$3,$56,$110,$0,$-310,$-15,$169,$279,$16,$15,$-18,$-3,$-2,$1,$2,$1,$0,$14,$-4,$0,$0,$0,$-1,$-1,$48,$43,$0,$0,$0,$-3,$-3,$-6,$0,$-9,$48,$1,$-6
20,2013-09-30,4.29,$4.37,0.98,$14.62,0.29,$-0.00,0.0,$0.02,214.41,$0.13B,$0.06B,2.07,$0.00B,$0.10B,0.0,$0.32B,$0.28B,87.58%,$0.32B,$0.00B,0.31%,$0.32B,$0.00B,0.31%,$0.32B,$0.01B,2.80%,$0.32B,$0.00B,1.24%,$0.32B,$0.00B,0.31%,$0.00B,$0.10B,1.04%,$0.00B,$0.07B,1.60%,$0.00B,$0.27B,0.36%,$0.00B,$0.10B,1.04%,$67,$8,$59,$0,$56,$68,$-0,$1,$1,$0,$0,$0,$5,$4,$-0,$22,22,$0.24,$0.24,$56,$8,$0,$125,$100,$10,$31,$5,$146,$271,$60,$0,$3,$114,$175,$0,$-326,$-73,$96,$271,$-2,$12,$-8,$4,$0,$0,$0,$4,$4,$6,$-3,$0,$0,$0,$-1,$-1,$27,$23,$0,$0,$0,$-2,$-2,$-5,$0,$-7,$22,$1,$-5
21,2013-06-30,3.71,$4.21,0.88,$15.58,0.24,$-0.60,0.0,$-0.15,0.0,$0.11B,$0.06B,2.02,$0.00B,$0.09B,0.0,$0.35B,$0.30B,87.32%,$0.35B,$0.00B,1.15%,$0.35B,$0.00B,1.15%,$0.35B,$0.01B,2.88%,$0.35B,$0.01B,1.73%,$0.35B,$-0.00B,-0.86%,$-0.00B,$0.09B,-2.96%,$-0.00B,$0.06B,-4.55%,$-0.00B,$0.27B,-1.05%,$0.00B,$0.09B,3.95%,$69,$9,$61,$0,$55,$68,$1,$1,$2,$1,$2,$2,$1,$3,$1,$22,22,$0.05,$0.05,$33,$8,$24,$114,$112,$9,$34,$4,$160,$274,$57,$0,$3,$124,$181,$0,$-329,$-73,$93,$274,$-7,$8,$3,$11,$0,$0,$0,$3,$3,$7,$-2,$0,$0,$0,$-1,$-1,$-0,$-4,$0,$0,$0,$-1,$-1,$-3,$0,$-4,$-1,$1,$-3
22,2013-03-31,3.13,$4.21,0.74,$17.22,0.18,$-1.40,0.0,$-0.19,0.0,$0.09B,$0.06B,1.56,$0.00B,$0.09B,0.0,$0.39B,$0.34B,86.82%,$0.39B,$0.00B,0.78%,$0.39B,$0.00B,0.78%,$0.39B,$0.02B,4.39%,$0.39B,$0.01B,1.29%,$0.39B,$-0.00B,-1.03%,$-0.00B,$0.09B,-3.74%,$-0.00B,$0.06B,-5.67%,$-0.00B,$0.28B,-1.36%,$0.00B,$0.09B,2.80%,$87,$12,$75,$0,$74,$92,$-5,$0,$-5,$0,$-6,$-6,$-8,$0,$-5,$22,22,$-0.37,$-0.37,$32,$10,$0,$91,$140,$7,$35,$4,$187,$279,$59,$0,$2,$127,$186,$0,$-329,$-73,$93,$279,$-8,$6,$-2,$4,$0,$0,$0,$5,$5,$1,$-1,$0,$0,$0,$0,$0,$-0,$-1,$0,$0,$0,$-1,$-1,$-1,$0,$-2,$-2,$1,$-1
23,2012-12-31,2.46,$4.64,0.53,$18.12,0.14,$-1.41,0.0,$0.00,0.0,$0.14B,$0.06B,2.22,$0.00B,$0.10B,0.0,$0.41B,$0.35B,86.91%,$0.41B,$0.00B,0.99%,$0.41B,$0.00B,0.99%,$0.41B,$0.02B,5.19%,$0.41B,$0.01B,1.73%,$0.41B,0,0.00%,$0.00B,$0.10B,0.00%,$0.00B,$0.07B,0.00%,$0.00B,$0.29B,0.00%,$0.00B,$0.10B,3.54%,$99,$13,$87,$0,$76,$95,$5,$1,$6,$0,$5,$5,$3,$2,$5,$22,22,$0.11,$0.11,$34,$8,$0,$137,$109,$7,$34,$4,$155,$292,$62,$0,$2,$128,$190,$0,$-320,$-74,$102,$292,$0,$17,$-11,$6,$1,$1,$-3,$-2,$-8,$-1,$-6,$0,$0,$0,$-1,$-1,$-4,$-11,$0,$0,$0,$-0,$-0,$-11,$0,$-11,$-23,$1,$-11
24,2012-09-30,2.4,$5.31,0.45,$16.30,0.15,$-2.08,0.0,$0.01,239.99,$0.10B,$0.06B,1.67,$0.00B,$0.12B,0.0,$0.36B,$0.32B,87.36%,$0.36B,$0.02B,4.40%,$0.36B,$0.02B,4.40%,$0.36B,$0.04B,10.44%,$0.36B,$0.02B,4.12%,$0.36B,0,0.00%,$0.00B,$0.12B,0.00%,$0.00B,$0.08B,0.00%,$0.00B,$0.30B,0.00%,$0.02B,$0.12B,13.59%,$92,$13,$80,$0,$71,$90,$3,$0,$3,$1,$3,$3,$1,$5,$3,$23,23,$0.07,$0.06,$41,$10,$0,$101,$148,$8,$38,$4,$199,$300,$61,$0,$3,$123,$183,$0,$-316,$-63,$117,$300,$-2,$20,$7,$27,$0,$0,$0,$-31,$-31,$-6,$-4,$0,$0,$0,$0,$0,$-3,$-6,$0,$0,$0,$0,$0,$-4,$0,$-4,$-16,$1,$-4
25,2012-06-30,1.97,$5.29,0.37,$17.38,0.11,$-3.43,0.0,$-0.06,0.0,$0.10B,$0.06B,1.68,$0.00B,$0.12B,0.0,$0.38B,$0.33B,87.17%,$0.38B,$0.01B,3.40%,$0.38B,$0.01B,3.40%,$0.38B,$0.04B,10.73%,$0.38B,$0.01B,3.14%,$0.38B,$-0.00B,-0.26%,$-0.00B,$0.12B,-0.74%,$-0.00B,$0.08B,-1.06%,$-0.00B,$0.30B,-0.30%,$0.01B,$0.12B,9.65%,$109,$15,$94,$0,$84,$109,$-0,$1,$1,$0,$0,$0,$0,$10,$-0,$23,23,$0.01,$0.01,$41,$11,$0,$101,$152,$7,$39,$3,$203,$304,$60,$0,$2,$127,$187,$0,$-316,$-63,$116,$304,$-4,$18,$-1,$18,$0,$0,$0,$-24,$-24,$-10,$-4,$0,$0,$0,$0,$0,$0,$-4,$0,$0,$0,$0,$0,$-3,$0,$-3,$-16,$1,$-3
26,2012-03-31,2.36,$5.36,0.44,$17.94,0.13,$-4.49,0.0,$-0.39,0.0,$0.12B,$0.06B,1.85,$0.00B,$0.12B,0.0,$0.39B,$0.34B,87.34%,$0.39B,$0.01B,2.58%,$0.39B,$0.01B,2.58%,$0.39B,$0.04B,9.56%,$0.39B,$0.01B,2.07%,$0.39B,$-0.01B,-2.07%,$-0.01B,$0.12B,-5.25%,$-0.01B,$0.08B,-7.26%,$-0.01B,$0.33B,-2.34%,$0.01B,$0.12B,6.57%,$105,$14,$91,$0,$87,$109,$-4,$1,$-3,$0,$-4,$-4,$-4,$4,$-4,$22,22,$-0.18,$-0.18,$56,$11,$2,$117,$158,$6,$40,$3,$210,$327,$64,$0,$3,$146,$210,$0,$-315,$-63,$117,$327,$-4,$8,$-0,$8,$0,$0,$0,$-4,$-4,$1,$-1,$0,$0,$0,$0,$0,$0,$-1,$0,$0,$0,$0,$0,$-1,$0,$-1,$-2,$1,$-1
27,2011-12-31,2.27,$5.63,0.4,$18.35,0.12,$-6.13,0.0,$-0.52,0.0,$0.13B,$0.07B,1.81,$0.00B,$0.12B,0.0,$0.39B,$0.35B,87.56%,$0.39B,$0.01B,1.78%,$0.39B,$0.01B,1.78%,$0.39B,$0.04B,8.88%,$0.39B,$0.01B,1.27%,$0.39B,$-0.01B,-2.79%,$-0.01B,$0.12B,-6.41%,$-0.01B,$0.08B,-8.58%,$-0.01B,$0.35B,-3.13%,$0.01B,$0.12B,4.08%,$58,$4,$53,$0,$33,$41,$17,$-3,$14,$1,$13,$13,$3,$19,$17,$21,21,$0.13,$0.13,$57,$10,$2,$128,$163,$6,$42,$4,$217,$345,$71,$0,$4,$153,$224,$0,$-309,$-63,$121,$345,$-11,$29,$-35,$-6,$8,$2,$-10,$1,$2,$-15,$-7,$0,$0,$0,$-2,$-2,$-1,$-10,$0,$0,$0,$0,$0,$-4,$0,$-4,$-29,$2,$-4
28,2011-09-30,1.98,$8.59,0.23,$21.91,0.09,$-2.22,0.0,$-6.29,0.0,$0.11B,$0.07B,1.62,$0.00B,$0.19B,0.0,$0.47B,$0.40B,86.51%,$0.47B,$-0.14B,-29.76%,$0.47B,$-0.14B,-29.76%,$0.47B,$-0.10B,-22.27%,$0.47B,$-0.14B,-29.76%,$0.47B,$-0.13B,-28.69%,$-0.13B,$0.19B,-70.07%,$-0.13B,$0.14B,-91.47%,$-0.13B,$0.34B,-36.22%,$-0.14B,$0.19B,-72.68%,$110,$15,$95,$0,$87,$110,$-0,$1,$0,$0,$-0,$-0,$-0,$8,$-0,$22,22,$-0.01,$-0.01,$46,$11,$3,$109,$163,$18,$43,$5,$231,$340,$67,$0,$4,$88,$155,$0,$-311,$2,$185,$340,$-14,$27,$-0,$26,$17,$2,$-16,$-49,$-45,$-32,$-6,$0,$0,$0,$1,$1,$0,$-5,$0,$0,$0,$0,$0,$-3,$0,$-3,$-41,$2,$-3
29,2011-06-30,3.47,$8.65,0.4,$22.12,0.16,$2.11,1.65,$-6.08,0.0,$0.12B,$0.07B,1.77,$0.00B,$0.19B,0.0,$0.48B,$0.42B,87.18%,$0.48B,$-0.14B,-28.36%,$0.48B,$-0.14B,-28.36%,$0.48B,$-0.10B,-21.01%,$0.48B,$-0.13B,-28.15%,$0.48B,$-0.13B,-27.10%,$-0.13B,$0.19B,-57.40%,$-0.13B,$0.14B,-72.17%,$-0.13B,$0.35B,-33.33%,$-0.14B,$0.19B,-60.07%,$114,$15,$99,$0,$91,$118,$-3,$0,$-3,$4,$-7,$-7,$-7,$6,$-3,$22,22,$-0.32,$-0.32,$50,$12,$8,$121,$163,$18,$44,$4,$231,$353,$69,$0,$4,$98,$167,$0,$-309,$2,$186,$353,$-14,$18,$2,$21,$16,$-0,$-15,$-44,$-40,$-33,$-3,$0,$0,$0,$1,$1,$0,$-2,$0,$0,$0,$0,$0,$-1,$0,$-1,$-36,$2,$-1
30,2011-03-31,3.87,$9.02,0.43,$22.60,0.17,$5.44,0.71,$-5.77,0.0,$0.13B,$0.07B,1.78,$0.00B,$0.19B,0.0,$0.48B,$0.43B,87.81%,$0.48B,$-0.14B,-28.31%,$0.48B,$-0.14B,-28.31%,$0.48B,$-0.10B,-20.87%,$0.48B,$-0.13B,-26.86%,$0.48B,$-0.12B,-25.21%,$-0.12B,$0.19B,-47.52%,$-0.12B,$0.15B,-58.23%,$-0.12B,$0.37B,-30.58%,$-0.14B,$0.19B,-53.36%,$112,$15,$98,$0,$96,$120,$-7,$1,$-6,$0,$-7,$-7,$-7,$2,$-7,$21,21,$-0.31,$-0.31,$52,$15,$8,$128,$171,$17,$45,$4,$239,$367,$72,$0,$4,$101,$173,$0,$-301,$2,$194,$367,$-7,$9,$-3,$6,$15,$-2,$-11,$-36,$-33,$-34,$-2,$0,$0,$0,$1,$1,$-0,$-1,$0,$0,$0,$0,$0,$0,$0,$0,$-35,$1,$0
31,2010-12-31,3.98,$9.39,0.42,$22.93,0.17,$7.96,0.5,$-5.90,0.0,$0.17B,$0.13B,1.29,$0.00B,$0.20B,0.0,$0.49B,$0.43B,88.52%,$0.49B,$-0.14B,-28.28%,$0.49B,$-0.14B,-28.28%,$0.49B,$-0.10B,-20.70%,$0.49B,$-0.13B,-27.05%,$0.49B,$-0.12B,-25.41%,$-0.12B,$0.20B,-43.24%,$-0.12B,$0.15B,-52.10%,$-0.12B,$0.42B,-30.52%,$-0.14B,$0.20B,-48.13%,$131,$18,$112,$0,$97,$260,$-129,$-1,$-130,$-10,$-120,$-120,$-120,$-120,$-129,$21,21,$-5.68,$-5.67,$86,$13,$9,$173,$177,$17,$47,$5,$247,$420,$134,$0,$5,$86,$220,$0,$-294,$3,$200,$420,$-124,$38,$125,$163,$10,$-2,$10,$5,$22,$61,$-1,$0,$0,$0,$0,$0,$0,$-1,$0,$0,$0,$1,$1,$0,$0,$1,$62,$2,$0
32,2010-09-30,3.2,$15.11,0.21,$23.29,0.14,$6.03,0.53,$0.02,159.77,$0.15B,$0.08B,1.89,$0.00B,$0.32B,0.0,$0.49B,$0.44B,90.04%,$0.49B,$-0.00B,-0.61%,$0.49B,$-0.00B,-0.61%,$0.49B,$0.04B,7.32%,$0.49B,$0.00B,0.61%,$0.49B,$0.00B,0.41%,$0.00B,$0.32B,0.63%,$0.00B,$0.27B,0.75%,$0.00B,$0.41B,0.50%,$-0.00B,$0.32B,-0.95%,$119,$13,$106,$0,$93,$116,$4,$2,$5,$1,$5,$5,$5,$12,$4,$22,22,$0.21,$0.20,$81,$10,$9,$152,$181,$22,$48,$4,$255,$408,$81,$0,$3,$8,$89,$0,$-175,$3,$319,$408,$-5,$29,$-5,$24,$19,$1,$12,$9,$34,$54,$3,$0,$0,$0,$0,$0,$-1,$2,$0,$0,$0,$1,$1,$0,$0,$1,$57,$2,$0
33,2010-06-30,3.0,$14.91,0.2,$24.15,0.12,$3.90,0.77,$-0.46,0.0,$0.14B,$0.08B,1.78,$0.00B,$0.31B,0.0,$0.50B,$0.45B,90.40%,$0.50B,$-0.02B,-4.80%,$0.50B,$-0.02B,-4.80%,$0.50B,$0.02B,3.60%,$0.50B,$-0.02B,-3.80%,$0.50B,$-0.01B,-1.80%,$-0.01B,$0.31B,-2.89%,$-0.01B,$0.27B,-3.47%,$-0.01B,$0.40B,-2.24%,$-0.02B,$0.31B,-7.72%,$122,$12,$109,$0,$104,$126,$-5,$6,$1,$1,$-0,$-0,$-0,$5,$-5,$21,21,$-0.01,$-0.01,$60,$9,$10,$139,$186,$22,$49,$5,$261,$401,$78,$0,$3,$8,$87,$0,$-180,$3,$314,$401,$-9,$20,$-4,$17,$17,$1,$-3,$8,$30,$37,$-2,$0,$0,$0,$0,$0,$0,$-2,$0,$0,$0,$0,$0,$0,$0,$0,$36,$2,$0
34,2010-03-31,3.25,$15.09,0.22,$24.55,0.13,$2.54,1.28,$-0.79,0.0,$0.12B,$0.07B,1.67,$0.00B,$0.31B,0.0,$0.51B,$0.45B,89.72%,$0.51B,$-0.02B,-4.74%,$0.51B,$-0.02B,-4.74%,$0.51B,$0.02B,3.95%,$0.51B,$-0.03B,-5.14%,$0.51B,$-0.02B,-3.16%,$-0.02B,$0.31B,-5.21%,$-0.02B,$0.26B,-6.29%,$-0.02B,$0.40B,-3.94%,$-0.02B,$0.31B,-7.81%,$116,$11,$105,$0,$102,$124,$-8,$-0,$-8,$1,$-9,$-9,$-9,$2,$-8,$21,21,$-0.44,$-0.44,$43,$11,$13,$124,$195,$21,$51,$6,$272,$396,$74,$0,$4,$8,$82,$0,$-179,$3,$314,$396,$-9,$10,$2,$12,$15,$-0,$-4,$2,$16,$19,$-1,$0,$0,$0,$0,$0,$0,$-0,$0,$0,$0,$0,$0,$0,$0,$0,$18,$2,$0
35,2009-12-31,2.6,$15.49,0.17,$25.25,0.1,$1.35,1.93,$-5.38,0.0,$0.12B,$0.08B,1.61,$0.00B,$0.32B,0.0,$0.52B,$0.46B,88.42%,$0.52B,$-0.12B,-22.97%,$0.52B,$-0.12B,-22.97%,$0.52B,$-0.07B,-14.09%,$0.52B,$-0.12B,-23.17%,$0.52B,$-0.11B,-20.85%,$-0.11B,$0.32B,-35.38%,$-0.11B,$0.27B,-43.07%,$-0.11B,$0.40B,-25.76%,$-0.12B,$0.32B,-38.98%,$135,$13,$123,$0,$102,$129,$6,$-2,$5,$-1,$6,$6,$6,$17,$6,$21,21,$0.28,$0.28,$25,$10,$17,$122,$203,$21,$52,$6,$282,$404,$76,$0,$3,$7,$83,$0,$-170,$3,$322,$404,$-108,$45,$110,$156,$13,$12,$-14,$-13,$-17,$30,$-11,$0,$0,$0,$0,$0,$5,$-6,$-10,$0,$-10,$0,$0,$0,$0,$-10,$15,$2,$0
36,2009-09-30,1.46,$14.31,0.1,$26.47,0.06,$1.01,1.44,$-7.27,0.0,$0.11B,$0.08B,1.33,$0.00B,$0.29B,0.0,$0.54B,$0.47B,86.74%,$0.54B,$-0.15B,-26.89%,$0.54B,$-0.15B,-26.89%,$0.54B,$-0.10B,-18.05%,$0.54B,$-0.15B,-27.07%,$0.54B,$-0.13B,-24.68%,$-0.13B,$0.29B,-40.48%,$-0.13B,$0.24B,-52.65%,$-0.13B,$0.40B,-29.37%,$-0.15B,$0.29B,-44.11%,$127,$12,$115,$0,$101,$144,$-17,$0,$-17,$-11,$-6,$-6,$-6,$-6,$-17,$21,21,$-0.28,$-0.28,$11,$12,$5,$111,$213,$20,$54,$7,$293,$404,$84,$0,$3,$27,$110,$0,$-191,$-0,$294,$404,$-114,$34,$103,$137,$7,$11,$-19,$1,$-8,$16,$-7,$0,$0,$0,$0,$0,$2,$-5,$-10,$0,$-10,$0,$0,$0,$0,$-10,$1,$1,$0
37,2009-06-30,0.44,$14.57,0.03,$27.80,0.02,$1.15,0.38,$-7.83,0.0,$0.10B,$0.09B,1.01,$0.00B,$0.30B,0.0,$0.57B,$0.49B,85.26%,$0.57B,$-0.15B,-27.02%,$0.57B,$-0.15B,-27.02%,$0.57B,$-0.11B,-18.42%,$0.57B,$-0.16B,-27.19%,$0.57B,$-0.15B,-25.44%,$-0.15B,$0.30B,-39.40%,$-0.15B,$0.24B,-54.51%,$-0.15B,$0.42B,-28.87%,$-0.15B,$0.30B,-41.85%,$128,$16,$111,$0,$103,$132,$-5,$-1,$-6,$2,$-7,$-7,$-7,$7,$-5,$21,21,$-0.34,$-0.34,$12,$15,$0,$95,$245,$20,$55,$6,$327,$421,$93,$0,$1,$29,$122,$0,$-185,$-0,$299,$421,$-108,$23,$82,$105,$25,$8,$-12,$-1,$14,$11,$-5,$0,$0,$0,$0,$0,$2,$-3,$-6,$0,$-6,$0,$0,$0,$0,$-6,$2,$0,$0
38,2009-03-31,0.44,$14.89,0.03,$29.57,0.01,$1.95,0.23,$-7.65,0.0,$0.10B,$0.10B,0.98,$0.00B,$0.31B,0.0,$0.61B,$0.52B,85.12%,$0.61B,$-0.15B,-25.29%,$0.61B,$-0.15B,-25.29%,$0.61B,$-0.10B,-16.86%,$0.61B,$-0.15B,-25.29%,$0.61B,$-0.14B,-23.31%,$-0.14B,$0.31B,-34.41%,$-0.14B,$0.25B,-49.96%,$-0.14B,$0.45B,-25.69%,$-0.15B,$0.31B,-37.34%,$128,$20,$109,$0,$119,$231,$-103,$1,$-102,$-2,$-101,$-101,$-101,$-91,$-103,$21,21,$-4.91,$-4.91,$7,$19,$0,$99,$254,$22,$57,$7,$349,$448,$101,$0,$1,$41,$142,$0,$-178,$0,$306,$448,$-101,$12,$79,$91,$20,$4,$-13,$-2,$5,$-5,$-2,$0,$0,$0,$0,$0,$1,$-1,$3,$0,$3,$0,$0,$0,$0,$3,$-3,$-0,$0
39,2008-12-31,0.99,$20.73,0.05,$31.12,0.03,$3.24,0.3,$-3.05,0.0,$0.12B,$0.12B,1.04,$0.00B,$0.43B,0.0,$0.64B,$0.54B,85.24%,$0.64B,$-0.06B,-9.73%,$0.64B,$-0.06B,-9.73%,$0.64B,$-0.01B,-1.41%,$0.64B,$-0.07B,-10.20%,$0.64B,$-0.05B,-7.69%,$-0.05B,$0.43B,-10.80%,$-0.05B,$0.29B,-16.29%,$-0.05B,$0.55B,-8.27%,$-0.06B,$0.43B,-13.66%,$160,$24,$136,$0,$129,$181,$-21,$-1,$-22,$-2,$-20,$-20,$-20,$-8,$-21,$20,20,$-0.99,$-0.99,$10,$23,$0,$119,$264,$23,$139,$7,$433,$552,$115,$0,$2,$13,$128,$0,$-62,$-0,$425,$552,$-50,$53,$7,$60,$13,$-11,$7,$7,$19,$29,$-17,$0,$0,$0,$0,$0,$-7,$-23,$10,$0,$10,$0,$0,$-13,$0,$-3,$3,$2,$-13
