,Date,Stock Price,Book Value per Share,Price to Book Ratio,TTM Sales per Share,Price to Sales Ratio,TTM FCF per Share,Price to FCF Ratio,TTM Net EPS,PE Ratio,Current Assets,Current Liabilities,Current Ratio,Long Term Debt,Shareholder's Equity_x,Debt to Equity Ratio,TTM Revenue_x,TTM Gross Profit,Gross Margin,TTM Revenue_y,TTM Operating Income,Operating Margin,TTM Revenue_x,TTM EBIT,EBIT Margin,TTM Revenue_y,TTM EBITDA,EBITDA Margin,TTM Revenue_x,TTM Pre-Tax Income,Pre-Tax Margin,TTM Revenue_y,TTM Net Income_x,Net Margin,TTM Net Income_y,Shareholder's Equity_y,Return on Equity,TTM Net Income_x,Tangible Equity,Return on Tangible Equity,TTM Net Income_y,Total Assets,Return on Assets,TTM Net Income,LT Investments & Debt,Return on Investment,revenue,cost-goods-sold,gross-profit,research-development-expenses,selling-general-administrative-expenses,operating-expenses,operating-income,total-non-operating-income-expense,pre-tax-income,total-provision-income-taxes,income-after-taxes,income-from-continuous-operations,net-income,ebitda,ebit,basic-shares-outstanding,shares-outstanding,eps-basic-net-earnings-per-share,eps-earnings-per-share-diluted,cash-on-hand,inventory,other-current-assets,total-current-assets,net-property-plant-equipment,long-term-investments,goodwill-intangible-assets-total,other-long-term-assets,total-long-term-assets,total-assets,total-current-liabilities,long-term-debt,other-non-current-liabilities,total-long-term-liabilities,total-liabilities,common-stock-net,retained-earnings-accumulated-deficit,comprehensive-income,total-share-holder-equity,total-liabilities-share-holders-equity,net-income-loss,total-depreciation-amortization-cash-flow,other-non-cash-items,total-non-cash-items,change-in-accounts-receivable,change-in-inventories,change-in-accounts-payable,change-in-assets-liabilities,total-change-in-assets-liabilities,cash-flow-from-operating-activities,net-change-in-property-plant-equipment,net-change-in-intangible-assets,net-acquisitions-divestitures,net-change-in-short-term-investments,net-change-in-long-term-investments,net-change-in-investments-total,investing-activities-other,cash-flow-from-investing-activities,net-long-term-debt,net-current-debt,debt-issuance-retirement-net-total,net-common-equity-issued-repurchased,net-total-equity-issued-repurchased,total-common-preferred-stock-dividends-paid,financial-activities-other,cash-flow-from-financial-activities,net-cash-flow,stock-based-compensation,common-stock-dividends-paid
0,2018-09-30,15.11,$9.28,1.63,$4.63,3.26,$-3.16,0.0,$0.38,39.76,$0.16B,$0.02B,10.24,$0.65B,$0.46B,1.42,$0.21B,$0.17B,82.38%,$0.21B,$0.03B,14.29%,$0.21B,$0.03B,14.29%,$0.21B,$0.07B,31.90%,$0.21B,$0.03B,11.90%,$0.21B,$0.02B,8.10%,$0.02B,$0.46B,3.88%,$0.02B,$0.46B,3.88%,$0.02B,$1.22B,1.51%,$0.03B,$1.11B,2.93%,$49,$10,$39,$0,$2,$42,$7,$-2,$6,$-0,$6,$6,$4,$17,$7,$49,49,$0.09,$0.09,$21,$0,$0,$161,$980,$0,$0,$76,$1057,$1218,$16,$654,$88,$742,$758,$0,$-76,$-0,$460,$1218,$19,$28,$-1,$28,$0,$0,$0,$-19,$-19,$27,$-102,$0,$-58,$0,$4,$4,$-28,$-184,$0,$0,$0,$58,$58,$274,$-178,$154,$-2,$1,$274
1,2018-06-30,14.9,$9.37,1.59,$5.16,2.89,$-1.57,0.0,$0.46,32.39,$0.15B,$0.01B,12.6,$0.58B,$0.46B,1.27,$0.23B,$0.19B,84.28%,$0.23B,$0.03B,13.54%,$0.23B,$0.03B,13.54%,$0.23B,$0.07B,29.26%,$0.23B,$0.03B,12.66%,$0.23B,$0.02B,8.73%,$0.02B,$0.46B,4.64%,$0.02B,$0.46B,4.64%,$0.02B,$1.13B,1.86%,$0.03B,$1.04B,3.18%,$49,$9,$40,$0,$3,$41,$8,$-2,$6,$-0,$6,$6,$4,$17,$8,$46,46,$0.09,$0.09,$15,$0,$0,$145,$916,$0,$0,$71,$987,$1132,$12,$580,$83,$664,$675,$0,$-71,$0,$457,$1132,$13,$18,$-0,$18,$0,$0,$0,$-20,$-20,$11,$-63,$0,$-33,$0,$4,$4,$-11,$-103,$63,$0,$63,$47,$47,$-24,$-1,$84,$-7,$1,$-24
2,2018-03-31,13.51,$9.22,1.47,$6.07,2.23,$-0.49,0.0,$0.45,30.02,$0.15B,$0.01B,12.86,$0.59B,$0.42B,1.41,$0.26B,$0.23B,86.69%,$0.26B,$0.03B,11.79%,$0.26B,$0.03B,11.79%,$0.26B,$0.07B,25.86%,$0.26B,$0.03B,10.65%,$0.26B,$0.02B,7.22%,$0.02B,$0.42B,4.47%,$0.02B,$0.42B,4.47%,$0.02B,$1.10B,1.81%,$0.03B,$1.01B,3.30%,$52,$9,$43,$0,$3,$44,$8,$-1,$7,$-0,$7,$7,$5,$17,$8,$45,45,$0.11,$0.11,$19,$0,$0,$146,$888,$0,$0,$68,$956,$1102,$11,$590,$84,$674,$685,$0,$-65,$0,$417,$1102,$7,$9,$-1,$9,$0,$0,$0,$-10,$-10,$6,$-29,$0,$-33,$0,$0,$0,$-8,$-70,$72,$0,$72,$-0,$-0,$-12,$-0,$60,$-4,$1,$-12
3,2017-12-31,15.1,$9.35,1.61,$7.34,2.06,$0.00,0.0,$0.50,30.2,$0.15B,$0.02B,9.59,$0.52B,$0.42B,1.23,$0.30B,$0.27B,88.41%,$0.30B,$0.03B,10.26%,$0.30B,$0.03B,10.26%,$0.30B,$0.07B,22.85%,$0.30B,$0.03B,9.93%,$0.30B,$0.02B,6.62%,$0.02B,$0.42B,4.89%,$0.02B,$0.42B,4.89%,$0.02B,$1.04B,1.96%,$0.03B,$0.94B,3.42%,$60,$9,$51,$0,$3,$53,$7,$-1,$6,$-0,$6,$6,$4,$16,$7,$42,42,$0.09,$0.09,$23,$0,$0,$146,$830,$0,$0,$68,$898,$1043,$15,$517,$90,$608,$623,$0,$-61,$0,$420,$1043,$30,$37,$-7,$31,$0,$0,$0,$-2,$-2,$58,$-58,$0,$-30,$0,$13,$13,$-27,$-102,$2,$0,$2,$91,$91,$-44,$-7,$42,$-2,$1,$-44
4,2017-09-30,13.26,$9.60,1.38,$8.24,1.61,$-0.12,0.0,$0.50,26.53,$0.15B,$0.01B,10.44,$0.49B,$0.43B,1.13,$0.32B,$0.29B,89.34%,$0.32B,$0.03B,9.72%,$0.32B,$0.03B,9.72%,$0.32B,$0.07B,21.94%,$0.32B,$0.03B,9.09%,$0.32B,$0.02B,5.96%,$0.02B,$0.43B,4.86%,$0.02B,$0.43B,4.86%,$0.02B,$1.03B,1.89%,$0.03B,$0.92B,3.48%,$68,$10,$59,$0,$2,$60,$8,$3,$10,$0,$10,$10,$7,$17,$8,$45,45,$0.17,$0.17,$23,$0,$0,$150,$812,$0,$0,$69,$881,$1031,$14,$489,$95,$585,$600,$0,$-57,$0,$431,$1031,$24,$28,$-6,$21,$0,$0,$0,$-14,$-14,$32,$-29,$0,$-28,$0,$13,$13,$-20,$-64,$0,$0,$0,$96,$96,$124,$-189,$30,$-2,$1,$124
5,2017-06-30,12.27,$9.63,1.27,$8.61,1.42,$-0.48,0.0,$0.48,25.56,$0.16B,$0.01B,16.75,$0.47B,$0.43B,1.08,$0.32B,$0.28B,89.52%,$0.32B,$0.03B,9.52%,$0.32B,$0.03B,9.52%,$0.32B,$0.07B,21.90%,$0.32B,$0.03B,8.57%,$0.32B,$0.02B,5.40%,$0.02B,$0.43B,4.71%,$0.02B,$0.43B,4.71%,$0.02B,$1.01B,1.73%,$0.03B,$0.90B,3.46%,$83,$9,$75,$0,$3,$75,$8,$-3,$5,$0,$5,$5,$3,$18,$8,$42,42,$0.08,$0.08,$22,$0,$0,$156,$788,$0,$0,$70,$858,$1014,$9,$465,$105,$573,$582,$0,$-56,$0,$433,$1014,$14,$19,$-2,$16,$0,$0,$0,$-13,$-13,$17,$-19,$0,$-7,$0,$4,$4,$-12,$-34,$-57,$0,$-57,$96,$96,$-20,$-5,$14,$-3,$1,$-20
6,2017-03-31,12.97,$9.29,1.4,$8.44,1.54,$-0.95,0.0,$0.46,28.21,$0.14B,$0.01B,12.62,$0.52B,$0.35B,1.49,$0.29B,$0.26B,88.93%,$0.29B,$0.03B,10.03%,$0.29B,$0.03B,10.03%,$0.29B,$0.07B,22.84%,$0.29B,$0.03B,8.65%,$0.29B,$0.02B,5.54%,$0.02B,$0.35B,4.93%,$0.02B,$0.35B,4.93%,$0.02B,$0.99B,1.68%,$0.03B,$0.87B,3.45%,$91,$9,$82,$0,$3,$82,$8,$1,$9,$0,$9,$9,$6,$18,$8,$38,38,$0.16,$0.16,$14,$0,$0,$139,$780,$0,$0,$74,$854,$993,$11,$522,$106,$631,$642,$0,$-51,$0,$351,$993,$9,$9,$-3,$6,$0,$0,$0,$-7,$-7,$8,$-9,$0,$-7,$0,$4,$4,$-2,$-13,$0,$0,$0,$3,$3,$-10,$-1,$-6,$-12,$0,$-10
7,2016-12-31,13.42,$9.31,1.44,$8.02,1.67,$-1.26,0.0,$0.87,15.43,$0.14B,$0.01B,12.89,$0.52B,$0.35B,1.5,$0.26B,$0.23B,87.98%,$0.26B,$0.03B,10.47%,$0.26B,$0.03B,10.47%,$0.26B,$0.06B,24.03%,$0.26B,$0.04B,16.67%,$0.26B,$0.03B,10.47%,$0.03B,$0.35B,8.98%,$0.03B,$0.35B,8.98%,$0.03B,$0.98B,2.99%,$0.03B,$0.87B,3.36%,$77,$8,$69,$0,$3,$70,$7,$-2,$5,$0,$5,$5,$3,$17,$7,$33,33,$0.07,$0.07,$25,$0,$0,$139,$769,$0,$0,$75,$843,$982,$11,$522,$101,$623,$633,$0,$-49,$0,$349,$982,$43,$35,$-28,$8,$0,$0,$0,$10,$10,$60,$-64,$0,$-196,$0,$97,$97,$-63,$-226,$130,$0,$130,$68,$68,$-34,$-3,$162,$-5,$1,$-34
8,2016-09-30,12.19,$9.05,1.35,$8.12,1.5,$-2.09,0.0,$0.97,12.57,$0.13B,$0.01B,12.48,$0.51B,$0.31B,1.66,$0.24B,$0.21B,87.70%,$0.24B,$0.03B,11.07%,$0.24B,$0.03B,11.07%,$0.24B,$0.06B,23.77%,$0.24B,$0.05B,18.85%,$0.24B,$0.03B,11.89%,$0.03B,$0.31B,10.74%,$0.03B,$0.31B,10.74%,$0.03B,$0.93B,3.49%,$0.03B,$0.82B,3.66%,$64,$8,$56,$0,$2,$57,$7,$1,$8,$0,$8,$8,$5,$16,$7,$34,34,$0.15,$0.15,$27,$0,$0,$132,$727,$0,$0,$73,$799,$932,$11,$514,$97,$611,$622,$0,$-46,$0,$310,$932,$38,$26,$-27,$-1,$0,$0,$0,$2,$2,$39,$-49,$0,$-178,$0,$96,$96,$-57,$-188,$122,$0,$122,$51,$51,$-25,$-3,$146,$-3,$1,$-25
9,2016-06-30,12.33,$8.80,1.4,$9.12,1.35,$-2.81,0.0,$0.92,13.41,$0.11B,$0.01B,16.95,$0.51B,$0.29B,1.76,$0.26B,$0.23B,88.63%,$0.26B,$0.03B,10.98%,$0.26B,$0.03B,10.98%,$0.26B,$0.06B,21.96%,$0.26B,$0.04B,16.47%,$0.26B,$0.03B,10.59%,$0.03B,$0.29B,11.30%,$0.03B,$0.29B,11.30%,$0.03B,$0.89B,3.50%,$0.03B,$0.80B,4.10%,$57,$7,$50,$0,$2,$51,$7,$-4,$3,$0,$3,$3,$2,$15,$7,$32,32,$0.06,$0.06,$23,$0,$0,$108,$707,$0,$0,$80,$786,$894,$6,$508,$91,$599,$606,$0,$-45,$0,$289,$894,$30,$17,$-23,$-6,$0,$0,$0,$-4,$-4,$19,$-36,$0,$-165,$0,$93,$93,$-42,$-149,$110,$0,$110,$31,$31,$-16,$-1,$123,$-7,$1,$-16
10,2016-03-31,9.96,$8.21,1.21,$9.93,1.0,$-3.39,0.0,$1.11,8.97,$0.08B,$0.01B,11.44,$0.47B,$0.26B,1.83,$0.27B,$0.24B,89.06%,$0.27B,$0.03B,10.57%,$0.27B,$0.03B,10.57%,$0.27B,$0.05B,20.38%,$0.27B,$0.05B,18.49%,$0.27B,$0.03B,12.08%,$0.03B,$0.26B,15.22%,$0.03B,$0.26B,15.22%,$0.03B,$0.81B,4.53%,$0.03B,$0.72B,4.49%,$60,$8,$52,$0,$2,$54,$6,$21,$27,$0,$27,$27,$17,$14,$6,$30,30,$0.57,$0.57,$23,$0,$0,$78,$665,$0,$0,$68,$732,$810,$7,$467,$81,$548,$555,$0,$-41,$0,$255,$810,$27,$8,$-24,$-16,$0,$0,$0,$0,$0,$11,$-21,$0,$-165,$0,$78,$78,$-3,$-111,$90,$0,$90,$10,$10,$-8,$-1,$92,$-8,$0,$-8
11,2015-12-31,9.13,$7.51,1.22,$9.82,0.93,$-3.97,0.0,$0.74,12.34,$0.10B,$0.01B,14.86,$0.38B,$0.23B,1.67,$0.25B,$0.23B,89.29%,$0.25B,$0.03B,10.71%,$0.25B,$0.03B,10.71%,$0.25B,$0.05B,19.84%,$0.25B,$0.03B,11.90%,$0.25B,$0.02B,7.94%,$0.02B,$0.23B,10.68%,$0.02B,$0.23B,10.68%,$0.02B,$0.69B,3.05%,$0.03B,$0.60B,4.67%,$63,$7,$56,$0,$2,$56,$7,$2,$8,$-0,$8,$8,$5,$13,$7,$26,26,$0.20,$0.20,$30,$0,$0,$96,$508,$0,$0,$85,$593,$690,$6,$378,$80,$457,$464,$0,$-53,$-1,$226,$690,$31,$24,$-17,$7,$0,$0,$0,$-5,$-5,$33,$-58,$0,$-68,$0,$80,$80,$-11,$-58,$8,$0,$8,$46,$46,$-27,$-2,$24,$-0,$1,$-27
12,2015-09-30,8.38,$7.07,1.19,$9.77,0.86,$-6.53,0.0,$0.68,12.33,$0.09B,$0.01B,14.26,$0.42B,$0.19B,2.26,$0.24B,$0.21B,89.12%,$0.24B,$0.03B,10.88%,$0.24B,$0.03B,10.88%,$0.24B,$0.05B,19.25%,$0.24B,$0.03B,11.30%,$0.24B,$0.02B,7.53%,$0.02B,$0.19B,10.51%,$0.02B,$0.19B,10.51%,$0.02B,$0.69B,2.86%,$0.03B,$0.61B,4.67%,$75,$7,$68,$0,$2,$67,$8,$-4,$4,$0,$4,$4,$3,$14,$8,$26,26,$0.10,$0.10,$19,$0,$0,$90,$556,$0,$0,$49,$605,$694,$6,$420,$82,$502,$508,$0,$-53,$-1,$186,$694,$23,$18,$-13,$5,$0,$0,$0,$-10,$-10,$18,$-44,$0,$-65,$0,$51,$51,$-2,$-61,$47,$0,$47,$8,$8,$-20,$-2,$32,$-11,$1,$-20
13,2015-06-30,8.42,$6.74,1.25,$9.25,0.91,$-8.49,0.0,$0.66,12.76,$0.09B,$0.01B,19.86,$0.39B,$0.17B,2.22,$0.21B,$0.19B,88.21%,$0.21B,$0.02B,10.85%,$0.21B,$0.02B,10.85%,$0.21B,$0.04B,19.81%,$0.21B,$0.03B,12.26%,$0.21B,$0.02B,8.02%,$0.02B,$0.17B,10.27%,$0.02B,$0.17B,10.27%,$0.02B,$0.63B,2.84%,$0.02B,$0.56B,4.34%,$67,$7,$60,$0,$2,$60,$7,$4,$10,$0,$10,$10,$7,$13,$7,$26,26,$0.25,$0.25,$30,$0,$0,$91,$500,$0,$0,$42,$542,$633,$5,$387,$67,$454,$459,$0,$-51,$-0,$174,$633,$18,$11,$-13,$-2,$0,$0,$0,$-11,$-11,$5,$-34,$0,$-35,$0,$51,$51,$-2,$-20,$28,$0,$28,$4,$4,$-13,$-2,$16,$1,$1,$-13
14,2015-03-31,8.84,$6.49,1.36,$8.50,1.04,$-9.59,0.0,$0.48,18.41,$0.08B,$0.01B,14.94,$0.38B,$0.16B,2.34,$0.18B,$0.16B,87.29%,$0.18B,$0.02B,11.60%,$0.18B,$0.02B,11.60%,$0.18B,$0.04B,20.99%,$0.18B,$0.02B,9.94%,$0.18B,$0.01B,6.08%,$0.01B,$0.16B,7.39%,$0.01B,$0.16B,7.39%,$0.01B,$0.60B,1.93%,$0.02B,$0.54B,4.16%,$47,$6,$41,$0,$2,$42,$5,$3,$8,$-0,$8,$8,$5,$10,$5,$25,25,$0.20,$0.20,$36,$0,$0,$84,$459,$0,$0,$60,$520,$604,$6,$381,$54,$435,$441,$0,$-54,$-0,$163,$604,$8,$5,$-6,$-1,$0,$0,$0,$-8,$-8,$-0,$-22,$0,$0,$0,$15,$15,$-1,$-8,$22,$0,$22,$0,$0,$-6,$-1,$14,$6,$0,$-6
15,2014-12-31,7.74,$6.47,1.2,$8.40,0.92,$-9.71,0.0,$0.36,21.51,$0.07B,$0.01B,8.39,$0.36B,$0.16B,2.2,$0.17B,$0.15B,86.90%,$0.17B,$0.02B,12.50%,$0.17B,$0.02B,12.50%,$0.17B,$0.04B,22.02%,$0.17B,$0.01B,7.74%,$0.17B,$0.01B,4.17%,$0.01B,$0.16B,5.17%,$0.01B,$0.16B,5.17%,$0.01B,$0.59B,1.30%,$0.02B,$0.52B,4.42%,$50,$6,$44,$0,$2,$44,$6,$-1,$5,$-0,$5,$5,$3,$9,$6,$21,21,$0.13,$0.13,$30,$0,$0,$70,$479,$0,$0,$39,$518,$588,$8,$356,$61,$418,$426,$0,$-54,$0,$162,$588,$13,$16,$-0,$16,$0,$0,$0,$3,$3,$31,$-105,$0,$-3,$0,$7,$7,$-5,$-105,$54,$0,$54,$50,$50,$0,$-23,$81,$7,$1,$0
16,2014-09-30,7.29,$6.51,1.12,$7.84,0.93,$-7.41,0.0,$0.32,22.77,$0.06B,$0.01B,7.55,$0.34B,$0.16B,2.06,$0.15B,$0.13B,86.18%,$0.15B,$0.02B,13.82%,$0.15B,$0.02B,13.82%,$0.15B,$0.04B,25.00%,$0.15B,$0.01B,7.24%,$0.15B,$0.00B,2.63%,$0.00B,$0.16B,3.29%,$0.00B,$0.16B,3.29%,$0.00B,$0.57B,0.80%,$0.02B,$0.50B,4.76%,$48,$6,$42,$0,$2,$43,$5,$-3,$3,$-0,$3,$3,$2,$10,$5,$20,20,$0.08,$0.08,$22,$0,$0,$57,$478,$0,$0,$32,$510,$567,$8,$336,$61,$397,$405,$0,$-54,$0,$163,$567,$8,$13,$-0,$13,$0,$0,$0,$1,$1,$21,$-82,$0,$-3,$0,$0,$0,$-3,$-87,$31,$0,$31,$50,$50,$-16,$-0,$64,$-2,$1,$-16
17,2014-06-30,7.64,$5.56,1.37,$7.38,1.03,$-4.91,0.0,$0.28,27.27,$0.05B,$0.01B,7.67,$0.35B,$0.11B,3.26,$0.14B,$0.12B,85.82%,$0.14B,$0.02B,14.89%,$0.14B,$0.02B,14.89%,$0.14B,$0.04B,26.24%,$0.14B,$0.01B,6.38%,$0.14B,$0.00B,2.13%,$0.00B,$0.11B,2.78%,$0.00B,$0.11B,2.78%,$0.00B,$0.52B,0.65%,$0.02B,$0.46B,5.18%,$36,$5,$31,$0,$2,$31,$5,$-3,$2,$0,$2,$2,$1,$9,$5,$19,19,$0.07,$0.07,$19,$0,$0,$52,$438,$0,$0,$26,$464,$516,$7,$350,$52,$402,$409,$0,$-51,$0,$107,$516,$5,$8,$0,$9,$0,$0,$0,$-4,$-4,$9,$-51,$0,$-3,$0,$0,$0,$-2,$-56,$55,$0,$55,$0,$0,$-10,$-0,$44,$-3,$1,$-10
18,2014-03-31,7.79,$5.72,1.36,$7.53,1.03,$-3.01,0.0,$0.47,16.58,$0.05B,$0.01B,6.68,$0.32B,$0.11B,2.88,$0.14B,$0.12B,86.01%,$0.14B,$0.02B,13.29%,$0.14B,$0.02B,13.29%,$0.14B,$0.04B,24.48%,$0.14B,$0.02B,10.49%,$0.14B,$0.01B,4.90%,$0.01B,$0.11B,6.42%,$0.01B,$0.11B,6.42%,$0.01B,$0.48B,1.63%,$0.02B,$0.43B,5.00%,$34,$5,$29,$0,$2,$29,$5,$-2,$3,$0,$3,$3,$1,$9,$5,$19,19,$0.08,$0.08,$16,$0,$0,$48,$404,$0,$0,$27,$431,$479,$7,$317,$44,$362,$369,$0,$-50,$0,$110,$479,$3,$4,$-0,$4,$0,$0,$0,$-3,$-3,$3,$-23,$0,$-3,$0,$0,$0,$-0,$-26,$23,$0,$23,$0,$0,$-5,$-0,$17,$-5,$0,$-5
