,Date,Stock Price,Book Value per Share,Price to Book Ratio,TTM Sales per Share,Price to Sales Ratio,TTM FCF per Share,Price to FCF Ratio,TTM Net EPS,PE Ratio,Current Assets,Current Liabilities,Current Ratio,Long Term Debt,Shareholder's Equity_x,Debt to Equity Ratio,TTM Revenue_x,TTM Gross Profit,Gross Margin,TTM Revenue_y,TTM Operating Income,Operating Margin,TTM Revenue_x,TTM EBIT,EBIT Margin,TTM Revenue_y,TTM EBITDA,EBITDA Margin,TTM Revenue_x,TTM Pre-Tax Income,Pre-Tax Margin,TTM Revenue_y,TTM Net Income_x,Net Margin,TTM Net Income_y,Shareholder's Equity_y,Return on Equity,TTM Net Income_x,Tangible Equity,Return on Tangible Equity,TTM Net Income_y,Total Assets,Return on Assets,TTM Net Income,LT Investments & Debt,Return on Investment,revenue,cost-goods-sold,gross-profit,research-development-expenses,selling-general-administrative-expenses,operating-expenses,operating-income,total-non-operating-income-expense,pre-tax-income,total-provision-income-taxes,income-after-taxes,income-from-continuous-operations,net-income,ebitda,ebit,basic-shares-outstanding,shares-outstanding,eps-basic-net-earnings-per-share,eps-earnings-per-share-diluted,cash-on-hand,inventory,other-current-assets,total-current-assets,net-property-plant-equipment,long-term-investments,goodwill-intangible-assets-total,other-long-term-assets,total-long-term-assets,total-assets,total-current-liabilities,long-term-debt,other-non-current-liabilities,total-long-term-liabilities,total-liabilities,common-stock-net,retained-earnings-accumulated-deficit,comprehensive-income,total-share-holder-equity,total-liabilities-share-holders-equity,net-income-loss,total-depreciation-amortization-cash-flow,other-non-cash-items,total-non-cash-items,change-in-accounts-receivable,change-in-inventories,change-in-accounts-payable,change-in-assets-liabilities,total-change-in-assets-liabilities,cash-flow-from-operating-activities,net-change-in-property-plant-equipment,net-change-in-intangible-assets,net-acquisitions-divestitures,net-change-in-short-term-investments,net-change-in-long-term-investments,net-change-in-investments-total,investing-activities-other,cash-flow-from-investing-activities,net-long-term-debt,net-current-debt,debt-issuance-retirement-net-total,net-common-equity-issued-repurchased,net-total-equity-issued-repurchased,total-common-preferred-stock-dividends-paid,financial-activities-other,cash-flow-from-financial-activities,net-cash-flow,stock-based-compensation,common-stock-dividends-paid
0,2018-09-30,41.8,$46.50,0.9,$41.96,1.0,$-12.18,0.0,$-3.63,0.0,$5.37B,$9.62B,0.56,$0.43B,$2.78B,0.15,$2.52B,$0.56B,22.11%,$2.52B,$0.02B,0.60%,$2.52B,$0.02B,0.60%,$2.52B,$0.07B,2.70%,$2.52B,$-0.21B,-8.27%,$2.52B,$-0.17B,-6.80%,$-0.17B,$2.78B,-6.00%,$-0.17B,$2.75B,-6.06%,$-0.17B,$12.82B,-1.32%,$0.02B,$3.20B,0.45%,$674,$532,$142,$0,$160,$693,$-18,$-13,$-31,$-16,$-15,$-15,$-23,$-9,$-18,$60,60,$-0.38,$-0.38,$1027,$0,$0,$5370,$75,$6913,$27,$123,$7454,$12824,$9621,$425,$3,$428,$10048,$0,$1962,$-155,$2776,$12824,$1,$32,$78,$110,$-681,$0,$202,$168,$-334,$-223,$-21,$0,$0,$38,$461,$499,$6,$484,$-203,$0,$-203,$3,$3,$-66,$-13,$-280,$-28,$9,$-43
1,2018-06-30,40.44,$47.38,0.85,$42.82,0.94,$-7.75,0.0,$-7.73,0.0,$5.36B,$9.55B,0.56,$0.45B,$2.83B,0.16,$2.57B,$0.26B,10.09%,$2.57B,$-0.23B,-9.07%,$2.57B,$-0.23B,-9.07%,$2.57B,$-0.18B,-6.89%,$2.57B,$-0.44B,-17.13%,$2.57B,$-0.42B,-16.20%,$-0.42B,$2.83B,-14.13%,$-0.42B,$2.80B,-14.32%,$-0.42B,$12.88B,-3.20%,$-0.23B,$3.27B,-6.63%,$576,$396,$179,$0,$110,$507,$69,$-85,$-16,$-2,$-15,$-15,$-22,$81,$69,$60,60,$-0.38,$-0.38,$1071,$0,$0,$5355,$73,$6984,$27,$110,$7520,$12875,$9553,$445,$49,$494,$10047,$0,$1999,$-139,$2828,$12875,$16,$23,$59,$82,$-610,$0,$190,$132,$-293,$-195,$-13,$0,$0,$62,$394,$456,$20,$462,$-189,$0,$-189,$3,$3,$-44,$-13,$-243,$16,$8,$-29
2,2018-03-31,44.31,$47.93,0.92,$44.03,1.01,$-6.26,0.0,$-6.28,0.0,$5.40B,$9.77B,0.55,$0.58B,$2.86B,0.2,$2.65B,$0.30B,11.30%,$2.65B,$-0.20B,-7.61%,$2.65B,$-0.20B,-7.61%,$2.65B,$-0.14B,-5.35%,$2.65B,$-0.35B,-13.07%,$2.65B,$-0.33B,-12.40%,$-0.33B,$2.86B,-10.47%,$-0.33B,$2.83B,-10.65%,$-0.33B,$13.21B,-2.55%,$-0.20B,$3.44B,-5.37%,$684,$401,$283,$0,$121,$522,$162,$-127,$34,$4,$31,$31,$23,$172,$162,$60,61,$0.39,$0.38,$1247,$0,$0,$5398,$77,$7232,$28,$126,$7810,$13208,$9765,$582,$2,$584,$10349,$0,$2036,$-139,$2859,$13208,$31,$11,$41,$51,$-456,$0,$120,$135,$-205,$-123,$-8,$0,$0,$81,$203,$284,$110,$385,$-46,$0,$-46,$0,$0,$-22,$-4,$-72,$192,$5,$-14
3,2017-12-31,39.85,$49.24,0.81,$43.90,0.91,$-5.64,0.0,$-5.30,0.0,$4.74B,$9.38B,0.51,$0.59B,$2.93B,0.2,$2.65B,$0.26B,9.76%,$2.65B,$-0.24B,-9.19%,$2.65B,$-0.24B,-9.19%,$2.65B,$-0.18B,-6.90%,$2.65B,$-0.28B,-10.63%,$2.65B,$-0.27B,-10.10%,$-0.27B,$2.93B,-8.06%,$-0.27B,$2.90B,-8.22%,$-0.27B,$12.91B,-2.11%,$-0.24B,$3.52B,-6.15%,$581,$629,$-48,$0,$150,$779,$-198,$3,$-195,$-10,$-185,$-185,$-149,$-176,$-198,$60,60,$-3.22,$-3.17,$1055,$0,$0,$4738,$76,$7633,$28,$109,$8168,$12906,$9383,$594,$1,$595,$9978,$0,$2027,$-56,$2929,$12906,$-266,$62,$-178,$-116,$-1338,$0,$171,$1422,$271,$-112,$-35,$0,$0,$175,$289,$464,$-10,$419,$-116,$0,$-116,$-30,$-323,$-92,$-10,$-540,$-219,$10,$-56
4,2017-09-30,39.43,$53.24,0.74,$44.36,0.89,$3.76,10.5,$-3.46,0.0,$4.75B,$9.23B,0.51,$0.65B,$3.16B,0.21,$2.70B,$0.41B,15.09%,$2.70B,$-0.07B,-2.70%,$2.70B,$-0.07B,-2.70%,$2.70B,$-0.02B,-0.70%,$2.70B,$-0.16B,-5.96%,$2.70B,$-0.16B,-5.99%,$-0.16B,$3.16B,-4.62%,$-0.16B,$3.09B,-4.73%,$-0.16B,$13.05B,-1.30%,$-0.07B,$3.81B,-1.75%,$727,$882,$-155,$0,$111,$993,$-266,$3,$-263,$-9,$-254,$-254,$-268,$-254,$-266,$60,60,$-4.48,$-4.48,$1209,$0,$0,$4749,$90,$7658,$78,$123,$8303,$13052,$9234,$651,$3,$654,$9889,$0,$2234,$-25,$3163,$13052,$-82,$40,$-117,$-77,$-1190,$0,$121,$1276,$206,$48,$-27,$0,$-2,$213,$189,$402,$21,$393,$-116,$0,$-116,$-30,$-323,$-71,$-10,$-519,$-65,$7,$-42
5,2017-06-30,48.41,$60.51,0.8,$44.47,1.09,$9.32,5.2,$2.42,20.0,$4.21B,$8.22B,0.51,$0.66B,$3.62B,0.18,$2.73B,$0.80B,29.25%,$2.73B,$0.30B,11.13%,$2.73B,$0.30B,11.13%,$2.73B,$0.36B,13.10%,$2.73B,$0.20B,7.43%,$2.73B,$0.19B,7.03%,$0.19B,$3.62B,5.20%,$0.19B,$3.54B,5.31%,$0.19B,$12.52B,1.57%,$0.30B,$4.28B,6.98%,$662,$442,$220,$0,$120,$562,$100,$-23,$77,$1,$76,$76,$65,$116,$100,$60,61,$1.09,$1.07,$1228,$0,$0,$4206,$85,$7661,$79,$120,$8311,$12517,$8222,$660,$9,$673,$8896,$0,$2516,$-22,$3621,$12517,$172,$27,$-83,$-56,$-643,$0,$-41,$458,$-221,$-105,$-18,$0,$-2,$219,$146,$365,$21,$366,$-114,$0,$-114,$-10,$-143,$-49,$-9,$-315,$-45,$6,$-28
6,2017-03-31,50.31,$59.92,0.84,$46.06,1.09,$14.91,3.37,$2.24,22.46,$3.62B,$7.98B,0.45,$0.66B,$3.59B,0.18,$2.84B,$0.78B,27.58%,$2.84B,$0.29B,10.27%,$2.84B,$0.29B,10.27%,$2.84B,$0.34B,12.06%,$2.84B,$0.19B,6.75%,$2.84B,$0.18B,6.40%,$0.18B,$3.59B,4.93%,$0.18B,$3.51B,5.03%,$0.18B,$12.25B,1.51%,$0.29B,$4.25B,6.71%,$684,$442,$242,$0,$121,$563,$120,$-21,$99,$3,$97,$97,$84,$131,$120,$60,61,$1.39,$1.36,$873,$0,$0,$3618,$86,$7996,$81,$100,$8630,$12248,$7982,$660,$4,$671,$8653,$0,$2465,$-15,$3594,$12248,$97,$11,$-28,$-17,$-408,$0,$2,$240,$-164,$-84,$-10,$0,$-2,$-16,$-25,$-41,$9,$-44,$-111,$0,$-111,$0,$-133,$-24,$-8,$-276,$-401,$8,$-13
7,2016-12-31,52.95,$61.03,0.87,$47.37,1.12,$17.45,3.03,$2.56,20.68,$3.59B,$7.75B,0.46,$0.66B,$3.65B,0.18,$2.94B,$0.83B,28.38%,$2.94B,$0.34B,11.70%,$2.94B,$0.34B,11.70%,$2.94B,$0.39B,13.41%,$2.94B,$0.21B,7.15%,$2.94B,$0.20B,6.91%,$0.20B,$3.65B,5.51%,$0.20B,$3.57B,5.63%,$0.20B,$12.09B,1.71%,$0.34B,$4.31B,7.93%,$630,$528,$102,$0,$129,$657,$-27,$-47,$-74,$-3,$-72,$-72,$-43,$-12,$-27,$60,62,$-1.40,$-1.36,$1274,$0,$0,$3586,$84,$7900,$80,$82,$8504,$12090,$7753,$664,$18,$689,$8442,$0,$2392,$-5,$3648,$12090,$203,$52,$-1,$50,$-577,$0,$310,$487,$200,$453,$-24,$0,$0,$-158,$-122,$-280,$-47,$-351,$16,$0,$16,$-73,$169,$-95,$0,$90,$174,$16,$-53
8,2016-09-30,44.65,$64.84,0.69,$48.17,0.93,$19.45,2.3,$5.72,7.81,$3.41B,$7.56B,0.45,$0.66B,$3.90B,0.17,$3.00B,$0.97B,32.32%,$3.00B,$0.48B,16.08%,$3.00B,$0.48B,16.08%,$3.00B,$0.52B,17.48%,$3.00B,$0.41B,13.58%,$3.00B,$0.38B,12.78%,$0.38B,$3.90B,10.57%,$0.38B,$3.83B,10.74%,$0.38B,$12.15B,3.30%,$0.48B,$4.57B,11.26%,$756,$520,$236,$0,$125,$645,$111,$-10,$101,$5,$96,$96,$86,$123,$111,$60,62,$1.43,$1.40,$1183,$0,$0,$3413,$84,$8129,$73,$59,$8733,$12146,$7555,$662,$7,$687,$8242,$0,$2491,$132,$3904,$12146,$275,$36,$-73,$-37,$-476,$0,$103,$507,$142,$380,$-16,$0,$-53,$-163,$-106,$-269,$15,$-323,$-89,$0,$-89,$-48,$193,$-68,$0,$36,$84,$12,$-40
9,2016-06-30,44.24,$59.95,0.74,$47.06,0.94,$19.22,2.3,$4.62,9.58,$3.26B,$7.48B,0.44,$0.65B,$3.62B,0.18,$2.94B,$0.93B,31.64%,$2.94B,$0.47B,15.91%,$2.94B,$0.47B,15.91%,$2.94B,$0.50B,17.13%,$2.94B,$0.34B,11.44%,$2.94B,$0.32B,10.73%,$0.32B,$3.62B,9.02%,$0.32B,$3.55B,9.14%,$0.32B,$11.79B,2.78%,$0.47B,$4.27B,11.28%,$773,$569,$205,$0,$116,$685,$88,$-22,$66,$1,$65,$65,$55,$101,$88,$61,62,$0.91,$0.89,$1039,$0,$0,$3259,$84,$7904,$72,$60,$8528,$11787,$7477,$653,$12,$693,$8170,$0,$2418,$157,$3617,$11787,$179,$23,$20,$43,$-419,$0,$80,$352,$20,$242,$-19,$0,$-53,$55,$-95,$-40,$-8,$-119,$-89,$0,$-89,$-42,$-42,$-45,$0,$-176,$-61,$7,$-26
10,2016-03-31,45.28,$58.63,0.77,$45.26,1.0,$18.78,2.41,$4.35,10.41,$2.97B,$7.26B,0.41,$0.65B,$3.56B,0.18,$2.83B,$0.92B,32.43%,$2.83B,$0.48B,16.85%,$2.83B,$0.48B,16.85%,$2.83B,$0.50B,17.80%,$2.83B,$0.32B,11.34%,$2.83B,$0.31B,10.91%,$0.31B,$3.56B,9.01%,$0.31B,$3.48B,9.10%,$0.31B,$11.51B,2.78%,$0.48B,$4.21B,11.72%,$780,$488,$292,$0,$120,$607,$172,$-55,$117,$3,$114,$114,$105,$182,$172,$61,62,$1.73,$1.68,$903,$0,$0,$2972,$83,$7916,$74,$52,$8534,$11505,$7258,$654,$18,$691,$7948,$0,$2376,$124,$3557,$11505,$114,$10,$-26,$-15,$-312,$0,$54,$226,$-32,$67,$-5,$0,$-53,$33,$-119,$-86,$24,$-119,$-87,$0,$-87,$-24,$-24,$-22,$-7,$-140,$-196,$4,$-13
11,2015-12-31,45.64,$56.14,0.81,$43.83,1.04,$18.82,2.42,$4.54,10.05,$2.83B,$6.96B,0.41,$0.65B,$3.42B,0.19,$2.75B,$0.90B,32.80%,$2.75B,$0.48B,17.44%,$2.75B,$0.48B,17.44%,$2.75B,$0.51B,18.45%,$2.75B,$0.34B,12.24%,$2.75B,$0.32B,11.73%,$0.32B,$3.42B,9.49%,$0.32B,$3.40B,9.54%,$0.32B,$11.05B,2.94%,$0.48B,$4.07B,11.88%,$689,$452,$237,$0,$126,$578,$111,$13,$123,$5,$118,$118,$137,$118,$111,$61,63,$1.79,$1.75,$1100,$0,$0,$2834,$71,$7712,$18,$49,$8215,$11049,$6962,$652,$4,$667,$7629,$0,$2284,$60,$3420,$11049,$323,$29,$21,$50,$-94,$0,$-9,$312,$201,$574,$-14,$0,$0,$61,$-547,$-486,$-2,$-502,$32,$0,$32,$-77,$-77,$-89,$-0,$-134,$-79,$18,$-51
12,2015-09-30,43.72,$55.47,0.79,$42.73,1.02,$19.10,2.29,$3.69,11.85,$3.09B,$6.97B,0.44,$0.63B,$3.37B,0.19,$2.72B,$0.86B,31.82%,$2.72B,$0.44B,16.35%,$2.72B,$0.44B,16.35%,$2.72B,$0.47B,17.20%,$2.72B,$0.28B,10.39%,$2.72B,$0.28B,10.35%,$0.28B,$3.37B,8.25%,$0.28B,$3.35B,8.30%,$0.28B,$11.00B,2.57%,$0.44B,$4.01B,11.01%,$694,$498,$196,$0,$101,$598,$96,$-66,$30,$2,$28,$28,$18,$102,$96,$61,62,$0.30,$0.30,$1197,$0,$0,$3094,$69,$7422,$18,$54,$7910,$11004,$6974,$634,$2,$658,$7632,$0,$2188,$114,$3371,$11004,$205,$21,$48,$69,$-248,$0,$-34,$378,$89,$364,$-10,$0,$0,$80,$-204,$-123,$15,$-119,$-68,$0,$-68,$-79,$-79,$-67,$0,$-214,$18,$13,$-38
13,2015-06-30,44.88,$55.34,0.81,$41.50,1.08,$20.44,2.2,$3.81,11.78,$3.11B,$6.93B,0.45,$0.63B,$3.36B,0.19,$2.68B,$0.87B,32.44%,$2.68B,$0.43B,16.07%,$2.68B,$0.43B,16.07%,$2.68B,$0.46B,17.04%,$2.68B,$0.29B,10.85%,$2.68B,$0.29B,10.85%,$0.29B,$3.36B,8.50%,$0.29B,$3.35B,8.55%,$0.29B,$10.95B,2.68%,$0.43B,$3.99B,10.66%,$668,$475,$194,$0,$95,$570,$98,$-47,$51,$2,$49,$49,$49,$102,$98,$61,63,$0.64,$0.62,$1148,$0,$0,$3106,$66,$7364,$18,$51,$7848,$10954,$6926,$625,$7,$665,$7591,$0,$2182,$119,$3364,$10954,$177,$15,$8,$23,$-310,$0,$33,$287,$5,$204,$-6,$0,$-1,$62,$-96,$-34,$6,$-35,$-67,$0,$-67,$-80,$-80,$-44,$0,$-191,$-30,$7,$-25
14,2015-03-31,44.05,$56.11,0.79,$41.37,1.06,$21.75,2.03,$5.01,8.79,$3.22B,$6.84B,0.47,$0.63B,$3.47B,0.18,$2.71B,$0.93B,34.27%,$2.71B,$0.48B,17.61%,$2.71B,$0.48B,17.61%,$2.71B,$0.52B,19.09%,$2.71B,$0.38B,13.89%,$2.71B,$0.36B,13.38%,$0.36B,$3.47B,10.46%,$0.36B,$3.45B,10.51%,$0.36B,$10.98B,3.34%,$0.48B,$4.09B,11.70%,$702,$425,$277,$0,$102,$528,$175,$-42,$133,$5,$128,$128,$119,$186,$175,$62,64,$1.91,$1.87,$1226,$0,$0,$3220,$62,$7281,$18,$66,$7762,$10981,$6844,$625,$12,$671,$7516,$0,$2156,$203,$3466,$10981,$128,$11,$-7,$4,$-366,$0,$98,$213,$-60,$72,$-6,$0,$-1,$61,$45,$106,$16,$115,$-65,$0,$-65,$-33,$-33,$-22,$0,$-120,$47,$5,$-12
15,2014-12-31,40.65,$55.13,0.74,$39.85,1.02,$23.92,1.7,$4.80,8.47,$2.84B,$6.64B,0.43,$0.62B,$3.42B,0.18,$2.65B,$0.89B,33.51%,$2.65B,$0.44B,16.70%,$2.65B,$0.44B,16.70%,$2.65B,$0.47B,17.83%,$2.65B,$0.37B,13.90%,$2.65B,$0.36B,13.41%,$0.36B,$3.42B,10.29%,$0.36B,$3.40B,10.34%,$0.36B,$10.72B,3.28%,$0.44B,$4.04B,10.88%,$651,$454,$197,$0,$122,$576,$75,$-7,$68,$1,$67,$67,$95,$77,$75,$65,66,$0.94,$0.92,$1179,$0,$0,$2840,$62,$7429,$18,$69,$7877,$10716,$6642,$620,$14,$656,$7297,$0,$2050,$234,$3419,$10716,$356,$30,$7,$36,$-104,$0,$56,$274,$215,$607,$0,$0,$0,$470,$-988,$-518,$3,$-515,$70,$0,$70,$-178,$-178,$-88,$-0,$-196,$-115,$15,$-50
16,2014-09-30,39.54,$54.37,0.73,$38.99,1.01,$22.63,1.75,$5.11,7.74,$3.10B,$6.73B,0.46,$0.61B,$3.45B,0.18,$2.62B,$0.89B,33.78%,$2.62B,$0.47B,17.84%,$2.62B,$0.47B,17.84%,$2.62B,$0.51B,19.44%,$2.62B,$0.39B,15.02%,$2.62B,$0.33B,12.66%,$0.33B,$3.45B,9.70%,$0.33B,$3.43B,9.76%,$0.33B,$10.83B,3.11%,$0.47B,$4.06B,11.62%,$661,$458,$202,$0,$120,$578,$83,$-44,$39,$1,$37,$37,$28,$92,$83,$65,67,$0.43,$0.42,$1289,$0,$0,$3103,$64,$7274,$18,$65,$7727,$10830,$6733,$614,$13,$652,$7385,$0,$2006,$253,$3445,$10830,$289,$28,$8,$35,$-243,$0,$109,$280,$156,$480,$-13,$0,$0,$-252,$-53,$-305,$13,$-306,$0,$0,$0,$-119,$-119,$-66,$0,$-185,$-5,$8,$-38
17,2014-06-30,41.77,$54.29,0.77,$38.02,1.1,$21.78,1.92,$6.12,6.83,$3.23B,$6.74B,0.48,$0.61B,$3.55B,0.17,$2.58B,$0.90B,34.85%,$2.58B,$0.50B,19.40%,$2.58B,$0.50B,19.40%,$2.58B,$0.54B,21.03%,$2.58B,$0.47B,18.04%,$2.58B,$0.40B,15.60%,$0.40B,$3.55B,11.90%,$0.40B,$3.54B,11.97%,$0.40B,$10.94B,3.81%,$0.50B,$4.16B,12.64%,$700,$446,$254,$0,$109,$555,$145,$-8,$137,$6,$131,$131,$121,$163,$145,$65,67,$1.85,$1.82,$1345,$0,$0,$3231,$65,$7260,$18,$51,$7704,$10935,$6742,$605,$5,$639,$7381,$0,$1991,$287,$3554,$10935,$251,$19,$-9,$9,$-302,$0,$-6,$343,$47,$308,$-10,$0,$0,$-190,$-1,$-191,$20,$-181,$0,$0,$0,$-29,$-29,$-44,$0,$-73,$52,$8,$-25
18,2014-03-31,36.36,$51.77,0.7,$36.26,1.0,$20.80,1.75,$4.66,7.8,$3.33B,$6.76B,0.49,$0.60B,$3.39B,0.18,$2.48B,$0.81B,32.59%,$2.48B,$0.43B,17.41%,$2.48B,$0.43B,17.41%,$2.48B,$0.47B,18.86%,$2.48B,$0.37B,14.87%,$2.48B,$0.31B,12.33%,$0.31B,$3.39B,9.28%,$0.31B,$3.37B,9.33%,$0.31B,$10.76B,2.94%,$0.43B,$3.99B,11.23%,$635,$400,$234,$0,$96,$496,$139,$-15,$124,$4,$120,$120,$111,$140,$139,$65,67,$1.70,$1.66,$1444,$0,$0,$3329,$62,$7006,$18,$58,$7434,$10763,$6757,$602,$0,$619,$7376,$0,$1882,$235,$3387,$10763,$120,$1,$-6,$-5,$-296,$0,$143,$248,$97,$212,$3,$0,$0,$-62,$34,$-28,$14,$-12,$0,$0,$0,$-30,$-30,$-21,$0,$-51,$150,$3,$-12
19,2013-12-31,37.65,$50.34,0.75,$34.69,1.09,$19.01,1.98,$4.15,9.07,$2.87B,$6.31B,0.46,$0.60B,$3.30B,0.18,$2.42B,$0.78B,32.10%,$2.42B,$0.41B,16.91%,$2.42B,$0.41B,16.91%,$2.42B,$0.45B,18.56%,$2.42B,$0.34B,14.15%,$2.42B,$0.29B,11.84%,$0.29B,$3.30B,8.73%,$0.29B,$3.28B,8.78%,$0.29B,$10.23B,2.78%,$0.41B,$3.90B,10.76%,$627,$431,$196,$0,$95,$526,$101,$-7,$94,$4,$90,$90,$72,$115,$101,$67,69,$1.23,$1.20,$1294,$0,$0,$2873,$60,$6960,$18,$56,$7358,$10231,$6313,$599,$3,$618,$6931,$0,$1783,$219,$3300,$10231,$329,$41,$-28,$14,$199,$0,$-42,$45,$224,$566,$-16,$0,$0,$261,$-741,$-481,$-1,$-498,$100,$0,$100,$-288,$-18,$-83,$-239,$-241,$-170,$21,$-48
20,2013-09-30,32.78,$49.79,0.66,$33.96,0.97,$17.50,1.87,$2.85,11.5,$2.99B,$6.51B,0.46,$0.50B,$3.27B,0.15,$2.41B,$0.68B,28.10%,$2.41B,$0.32B,13.20%,$2.41B,$0.32B,13.20%,$2.41B,$0.35B,14.57%,$2.41B,$0.25B,10.21%,$2.41B,$0.20B,8.43%,$0.20B,$3.27B,6.09%,$0.20B,$3.25B,6.12%,$0.20B,$10.30B,1.97%,$0.32B,$3.77B,8.30%,$615,$401,$214,$0,$99,$500,$115,$-5,$110,$3,$107,$107,$98,$124,$115,$67,69,$1.47,$1.43,$1198,$0,$0,$2991,$61,$6900,$19,$70,$7310,$10302,$6511,$499,$2,$519,$7031,$0,$1714,$259,$3271,$10302,$239,$27,$5,$32,$-35,$0,$60,$141,$161,$433,$-10,$0,$0,$276,$-664,$-389,$6,$-393,$0,$0,$0,$-278,$-8,$-62,$-230,$-300,$-265,$12,$0
21,2013-06-30,33.17,$48.28,0.69,$32.94,1.01,$15.76,2.1,$2.87,11.56,$3.16B,$6.59B,0.48,$0.50B,$3.24B,0.15,$2.38B,$0.69B,28.94%,$2.38B,$0.34B,14.18%,$2.38B,$0.34B,14.18%,$2.38B,$0.38B,15.78%,$2.38B,$0.26B,10.90%,$2.38B,$0.21B,8.92%,$0.21B,$3.24B,6.23%,$0.21B,$3.22B,6.26%,$0.21B,$10.35B,2.06%,$0.34B,$3.73B,8.63%,$605,$441,$165,$0,$88,$528,$77,$-36,$41,$1,$40,$40,$25,$89,$77,$66,69,$0.38,$0.36,$1189,$0,$0,$3162,$57,$6747,$19,$105,$7192,$10354,$6594,$499,$10,$526,$7119,$0,$1628,$260,$3235,$10354,$132,$18,$24,$42,$-241,$0,$82,$236,$74,$248,$-7,$0,$0,$188,$-465,$-277,$-1,$-284,$0,$0,$0,$-227,$43,$-40,$-230,$-227,$-275,$10,$-24
22,2013-03-31,34.19,$50.88,0.67,$32.00,1.07,$14.26,2.4,$3.54,9.66,$3.15B,$6.48B,0.49,$0.50B,$3.34B,0.15,$2.35B,$0.73B,31.27%,$2.35B,$0.39B,16.53%,$2.35B,$0.39B,16.53%,$2.35B,$0.42B,17.98%,$2.35B,$0.31B,13.17%,$2.35B,$0.26B,11.25%,$0.26B,$3.34B,7.64%,$0.26B,$3.32B,7.69%,$0.26B,$10.34B,2.58%,$0.39B,$3.84B,9.81%,$577,$373,$203,$0,$87,$460,$117,$-19,$98,$6,$92,$92,$92,$122,$117,$69,72,$1.21,$1.15,$1213,$0,$0,$3146,$55,$6774,$19,$104,$7191,$10336,$6475,$499,$8,$522,$6997,$0,$1615,$406,$3340,$10336,$92,$6,$-9,$-3,$-184,$0,$63,$130,$15,$104,$0,$0,$0,$73,$-213,$-141,$12,$-129,$0,$0,$0,$-204,$-204,$-21,$0,$-225,$-251,$6,$-12
23,2012-12-31,28.16,$49.30,0.57,$31.61,0.89,$14.07,2.0,$3.38,8.33,$3.21B,$6.30B,0.51,$0.50B,$3.49B,0.14,$2.33B,$0.71B,30.49%,$2.33B,$0.37B,15.67%,$2.33B,$0.37B,15.67%,$2.33B,$0.40B,17.26%,$2.33B,$0.30B,12.67%,$2.33B,$0.25B,10.78%,$0.25B,$3.49B,7.33%,$0.25B,$3.47B,7.38%,$0.25B,$10.31B,2.48%,$0.37B,$3.99B,9.31%,$612,$517,$95,$0,$86,$604,$9,$-11,$-3,$-5,$2,$2,$-12,$17,$9,$71,74,$-0.09,$-0.08,$1464,$0,$0,$3211,$58,$6692,$19,$107,$7099,$10311,$6304,$499,$7,$518,$6822,$0,$1544,$427,$3488,$10311,$280,$39,$-28,$11,$-269,$0,$50,$405,$205,$496,$-24,$0,$0,$-123,$-172,$-294,$1,$-317,$0,$0,$0,$-41,$114,$-78,$-0,$36,$225,$18,$-47
24,2012-09-30,26.48,$50.05,0.53,$31.41,0.84,$12.10,2.19,$3.58,7.4,$3.07B,$6.16B,0.5,$0.50B,$3.55B,0.14,$2.29B,$0.71B,30.92%,$2.29B,$0.37B,16.16%,$2.29B,$0.37B,16.16%,$2.29B,$0.41B,17.86%,$2.29B,$0.29B,12.49%,$2.29B,$0.27B,11.79%,$0.27B,$3.55B,8.09%,$0.27B,$3.54B,8.13%,$0.27B,$10.24B,2.72%,$0.37B,$4.05B,9.64%,$583,$358,$225,$0,$91,$449,$134,$-11,$123,$8,$115,$115,$107,$148,$134,$71,73,$1.50,$1.45,$1374,$0,$0,$3072,$59,$6720,$19,$136,$7166,$10238,$6156,$499,$5,$528,$6684,$0,$1563,$470,$3554,$10238,$278,$31,$-9,$22,$-204,$0,$-55,$289,$45,$345,$-20,$0,$0,$-190,$-96,$-287,$19,$-287,$0,$0,$0,$-30,$124,$-58,$0,$66,$135,$13,$-35
25,2012-06-30,24.81,$48.60,0.51,$30.94,0.8,$11.17,2.22,$2.36,10.51,$3.11B,$6.12B,0.51,$0.50B,$3.44B,0.15,$2.25B,$0.63B,27.99%,$2.25B,$0.31B,13.84%,$2.25B,$0.31B,13.84%,$2.25B,$0.34B,15.17%,$2.25B,$0.19B,8.25%,$2.25B,$0.18B,7.94%,$0.18B,$3.44B,5.53%,$0.18B,$3.42B,5.56%,$0.18B,$10.08B,1.84%,$0.31B,$3.93B,8.35%,$575,$364,$211,$0,$84,$448,$128,$-37,$91,$6,$85,$85,$77,$136,$128,$71,74,$1.07,$1.03,$1309,$0,$0,$3114,$57,$6515,$20,$141,$6966,$10079,$6120,$499,$3,$524,$6644,$0,$1468,$443,$3435,$10079,$163,$17,$-4,$13,$-299,$0,$-27,$297,$-17,$160,$-13,$0,$0,$-204,$40,$-163,$-4,$-180,$0,$0,$0,$-25,$130,$-37,$0,$93,$70,$9,$-23
26,2012-03-31,23.7,$44.91,0.53,$30.33,0.78,$11.62,2.04,$1.39,17.05,$2.96B,$6.13B,0.48,$0.50B,$3.21B,0.16,$2.21B,$0.54B,24.24%,$2.21B,$0.23B,10.33%,$2.21B,$0.23B,10.33%,$2.21B,$0.26B,11.64%,$2.21B,$0.11B,4.76%,$2.21B,$0.11B,4.76%,$0.11B,$3.21B,3.33%,$0.11B,$3.19B,3.35%,$0.11B,$9.87B,1.10%,$0.23B,$3.71B,6.24%,$559,$380,$179,$0,$85,$465,$94,$-10,$84,$5,$79,$79,$79,$102,$94,$71,74,$1.03,$0.99,$1173,$0,$0,$2958,$59,$6497,$20,$119,$6910,$9867,$6133,$499,$1,$523,$6656,$0,$1404,$416,$3211,$9867,$79,$8,$-8,$0,$-280,$0,$46,$246,$21,$99,$-8,$0,$0,$-129,$-21,$-150,$1,$-156,$0,$0,$0,$1,$1,$-16,$0,$-15,$-66,$5,$-11
27,2011-12-31,22.23,$44.67,0.5,$30.17,0.74,$12.50,1.78,$-1.83,0.0,$2.72B,$5.79B,0.47,$0.50B,$3.16B,0.16,$2.17B,$0.27B,12.34%,$2.17B,$-0.02B,-0.74%,$2.17B,$-0.02B,-0.74%,$2.17B,$0.01B,0.55%,$2.17B,$-0.15B,-6.82%,$2.17B,$-0.13B,-6.13%,$-0.13B,$3.16B,-4.27%,$-0.13B,$3.14B,-4.30%,$-0.13B,$9.46B,-1.41%,$-0.02B,$3.66B,-0.44%,$573,$480,$93,$0,$79,$559,$14,$-25,$-12,$-24,$12,$12,$7,$23,$14,$71,71,$0.10,$0.11,$1239,$0,$0,$2719,$54,$6335,$20,$148,$6742,$9461,$5785,$499,$2,$520,$6305,$0,$1342,$429,$3156,$9461,$-110,$28,$-62,$-34,$-237,$0,$32,$724,$487,$344,$-30,$0,$0,$-13,$-126,$-139,$-42,$-211,$0,$0,$0,$-7,$-7,$-65,$-0,$-73,$60,$4,$-43
28,2011-09-30,19.12,$44.63,0.43,$29.44,0.65,$15.64,1.22,$-0.82,0.0,$2.56B,$5.74B,0.45,$0.50B,$3.15B,0.16,$2.19B,$0.37B,16.81%,$2.19B,$0.08B,3.84%,$2.19B,$0.08B,3.84%,$2.19B,$0.11B,4.98%,$2.19B,$-0.04B,-1.83%,$2.19B,$-0.05B,-2.15%,$-0.05B,$3.15B,-1.50%,$-0.05B,$3.13B,-1.51%,$-0.05B,$9.42B,-0.51%,$0.08B,$3.65B,2.31%,$547,$400,$148,$0,$72,$472,$76,$-53,$23,$2,$21,$21,$16,$81,$76,$71,73,$0.22,$0.21,$1039,$0,$0,$2556,$50,$6485,$20,$102,$6864,$9420,$5735,$499,$0,$534,$6269,$0,$1361,$408,$3151,$9420,$-123,$19,$-41,$-22,$-267,$0,$18,$696,$423,$278,$-22,$0,$0,$-7,$-299,$-306,$-41,$-368,$0,$0,$0,$-8,$-8,$-49,$0,$-57,$-140,$1,$-32
29,2011-06-30,21.1,$43.83,0.48,$28.56,0.74,$18.22,1.16,$0.03,703.24,$2.75B,$5.86B,0.47,$0.50B,$3.11B,0.16,$2.17B,$0.39B,17.91%,$2.17B,$0.11B,5.16%,$2.17B,$0.11B,5.16%,$2.17B,$0.14B,6.35%,$2.17B,$0.04B,1.84%,$2.17B,$0.03B,1.38%,$0.03B,$3.11B,0.93%,$0.03B,$3.08B,0.94%,$0.03B,$9.52B,0.33%,$0.11B,$3.60B,3.07%,$528,$413,$115,$0,$71,$484,$44,$-34,$10,$1,$9,$9,$3,$51,$44,$71,74,$0.05,$0.05,$1074,$0,$0,$2745,$45,$6384,$21,$118,$6772,$9517,$5864,$499,$0,$548,$6412,$0,$1355,$361,$3105,$9517,$-144,$14,$-18,$-4,$-324,$0,$93,$618,$341,$194,$-15,$0,$0,$91,$-315,$-223,$-42,$-280,$0,$0,$0,$-1,$-1,$-33,$0,$-34,$-105,$1,$-21
30,2011-03-31,22.35,$43.27,0.52,$28.13,0.79,$18.78,1.19,$1.25,17.88,$2.64B,$5.70B,0.46,$0.50B,$3.05B,0.16,$2.19B,$0.46B,21.20%,$2.19B,$0.20B,8.95%,$2.19B,$0.20B,8.95%,$2.19B,$0.22B,10.19%,$2.19B,$0.15B,6.90%,$2.19B,$0.14B,6.21%,$0.14B,$3.05B,4.17%,$0.14B,$3.03B,4.20%,$0.14B,$9.30B,1.53%,$0.20B,$3.55B,5.39%,$523,$610,$-88,$0,$63,$673,$-150,$-19,$-169,$-17,$-153,$-153,$-159,$-143,$-150,$71,71,$-2.25,$-2.25,$1117,$0,$0,$2637,$39,$6287,$21,$123,$6661,$9298,$5699,$499,$4,$548,$6247,$0,$1361,$302,$3051,$9298,$-153,$7,$-7,$0,$-246,$0,$99,$472,$307,$155,$-5,$0,$0,$107,$-294,$-188,$-22,$-215,$0,$0,$0,$-1,$-1,$-16,$0,$-18,$-62,$1,$-11
31,2010-12-31,22.98,$45.98,0.5,$27.40,0.84,$17.92,1.28,$3.64,6.31,$2.41B,$5.03B,0.48,$0.50B,$3.24B,0.15,$2.20B,$0.63B,28.45%,$2.20B,$0.37B,16.74%,$2.20B,$0.37B,16.74%,$2.20B,$0.39B,17.70%,$2.20B,$0.34B,15.43%,$2.20B,$0.31B,14.20%,$0.31B,$3.24B,9.54%,$0.31B,$3.22B,9.59%,$0.31B,$8.83B,3.61%,$0.37B,$3.74B,10.27%,$591,$398,$193,$0,$79,$477,$114,$-18,$96,$3,$93,$93,$93,$120,$114,$76,80,$1.16,$1.10,$1179,$0,$0,$2411,$35,$6086,$21,$112,$6421,$8832,$5031,$499,$0,$559,$5590,$0,$1529,$324,$3242,$8832,$313,$21,$-67,$-46,$-43,$0,$-48,$446,$357,$624,$-18,$0,$-13,$92,$-95,$-3,$53,$18,$249,$0,$249,$-388,$-388,$-69,$0,$-208,$431,$13,$-47
32,2010-09-30,24.06,$44.89,0.54,$26.40,0.91,$17.87,1.35,$3.92,6.14,$2.19B,$5.03B,0.43,$0.25B,$3.44B,0.07,$2.16B,$0.66B,30.41%,$2.16B,$0.40B,18.41%,$2.16B,$0.40B,18.41%,$2.16B,$0.42B,19.24%,$2.16B,$0.37B,17.15%,$2.16B,$0.35B,16.04%,$0.35B,$3.44B,10.49%,$0.35B,$3.42B,10.54%,$0.35B,$8.82B,4.06%,$0.40B,$3.69B,11.19%,$530,$361,$169,$0,$65,$426,$104,$-1,$103,$10,$93,$93,$93,$110,$104,$77,80,$1.14,$1.08,$914,$0,$0,$2186,$32,$6291,$21,$101,$6633,$8820,$5034,$250,$4,$345,$5379,$0,$1453,$426,$3441,$8820,$220,$16,$-51,$-35,$-60,$0,$19,$355,$317,$502,$-13,$0,$-13,$79,$-174,$-95,$41,$-80,$0,$0,$0,$-208,$-208,$-52,$0,$-260,$166,$7,$-35
33,2010-06-30,19.45,$43.08,0.45,$26.11,0.74,$17.42,1.12,$4.46,4.36,$2.15B,$4.95B,0.44,$0.25B,$3.30B,0.08,$2.17B,$0.72B,32.96%,$2.17B,$0.46B,21.07%,$2.17B,$0.46B,21.07%,$2.17B,$0.47B,21.76%,$2.17B,$0.44B,20.19%,$2.17B,$0.40B,18.40%,$0.40B,$3.30B,12.31%,$0.40B,$3.29B,12.35%,$0.40B,$8.58B,4.76%,$0.46B,$3.55B,13.09%,$545,$355,$190,$0,$63,$417,$128,$-7,$121,$12,$109,$109,$109,$136,$128,$77,81,$1.34,$1.28,$726,$0,$0,$2151,$28,$6086,$12,$104,$6431,$8582,$4949,$250,$6,$329,$5278,$0,$1377,$360,$3304,$8582,$127,$9,$-23,$-14,$-227,$0,$26,$345,$134,$248,$-7,$0,$-3,$59,$-91,$-32,$8,$-34,$0,$0,$0,$-200,$-200,$-35,$0,$-235,$-22,$3,$-24
34,2010-03-31,22.42,$40.65,0.55,$25.25,0.89,$17.93,1.25,$4.40,5.1,$2.17B,$4.97B,0.44,$0.25B,$3.14B,0.08,$2.13B,$0.71B,33.51%,$2.13B,$0.46B,21.48%,$2.13B,$0.46B,21.48%,$2.13B,$0.47B,21.90%,$2.13B,$0.45B,21.01%,$2.13B,$0.40B,18.80%,$0.40B,$3.14B,12.67%,$0.40B,$3.13B,12.71%,$0.40B,$8.45B,4.86%,$0.46B,$3.39B,13.41%,$538,$463,$75,$0,$53,$516,$23,$-2,$20,$2,$18,$18,$18,$24,$23,$77,81,$0.16,$0.16,$701,$0,$0,$2171,$28,$5941,$12,$93,$6277,$8447,$4967,$250,$7,$341,$5307,$0,$1286,$289,$3140,$8447,$18,$1,$-9,$-8,$-257,$0,$37,$333,$93,$103,$-1,$0,$-4,$133,$-60,$73,$6,$74,$0,$0,$0,$-200,$-200,$-18,$0,$-218,$-47,$2,$-12
35,2009-12-31,19.58,$39.67,0.49,$24.46,0.8,$18.99,1.03,$5.63,3.48,$1.96B,$4.60B,0.43,$0.25B,$3.31B,0.08,$2.08B,$0.80B,38.47%,$2.08B,$0.55B,26.32%,$2.08B,$0.55B,26.32%,$2.08B,$0.56B,26.80%,$2.08B,$0.54B,25.70%,$2.08B,$0.47B,22.72%,$0.47B,$3.31B,15.35%,$0.47B,$3.30B,15.40%,$0.47B,$8.26B,5.89%,$0.55B,$3.56B,16.46%,$545,$323,$222,$0,$80,$403,$142,$-16,$126,$-0,$126,$126,$126,$145,$142,$83,85,$1.45,$1.40,$748,$0,$0,$1958,$28,$5997,$8,$101,$6299,$8257,$4599,$250,$9,$353,$4952,$0,$1285,$257,$3305,$8257,$474,$11,$7,$17,$-170,$0,$62,$262,$156,$647,$-5,$0,$0,$-97,$-746,$-843,$165,$-682,$0,$0,$0,$25,$-9,$-74,$0,$-83,$-61,$17,$-50
36,2009-09-30,20.13,$38.66,0.52,$23.94,0.84,$17.53,1.15,$4.41,4.57,$2.27B,$4.65B,0.49,$0.25B,$3.21B,0.08,$2.04B,$0.68B,33.45%,$2.04B,$0.46B,22.56%,$2.04B,$0.46B,22.56%,$2.04B,$0.47B,22.95%,$2.04B,$0.45B,22.07%,$2.04B,$0.37B,18.10%,$0.37B,$3.21B,12.51%,$0.37B,$3.20B,12.55%,$0.37B,$8.23B,4.73%,$0.46B,$3.46B,14.38%,$542,$315,$228,$0,$64,$378,$164,$7,$171,$25,$146,$146,$146,$167,$164,$83,86,$1.69,$1.63,$949,$0,$0,$2266,$28,$5642,$8,$104,$5961,$8227,$4647,$250,$6,$368,$5015,$0,$1177,$275,$3212,$8227,$348,$7,$14,$21,$-245,$0,$29,$323,$121,$489,$-4,$0,$0,$-217,$-116,$-333,$0,$-337,$0,$0,$0,$25,$-9,$-56,$0,$-65,$140,$15,$-37
37,2009-06-30,16.79,$35.80,0.47,$22.48,0.75,$17.21,0.98,$1.27,13.22,$2.41B,$4.69B,0.51,$0.25B,$2.97B,0.08,$1.89B,$0.37B,19.29%,$1.89B,$0.16B,8.19%,$1.89B,$0.16B,8.19%,$1.89B,$0.16B,8.56%,$1.89B,$0.13B,7.03%,$1.89B,$0.10B,5.13%,$0.10B,$2.97B,3.46%,$0.10B,$2.96B,3.47%,$0.10B,$8.02B,1.28%,$0.16B,$3.22B,5.07%,$504,$316,$188,$0,$60,$375,$128,$2,$130,$20,$110,$110,$110,$130,$128,$83,86,$1.26,$1.22,$718,$0,$0,$2406,$30,$5284,$8,$108,$5616,$8022,$4694,$250,$8,$356,$5050,$0,$1049,$169,$2973,$8022,$202,$4,$6,$10,$-328,$0,$92,$312,$90,$302,$-3,$0,$0,$-92,$-265,$-357,$0,$-360,$0,$0,$0,$25,$-9,$-37,$0,$-46,$-91,$8,$-25
38,2009-03-31,16.66,$34.75,0.48,$22.01,0.76,$17.34,0.96,$1.49,11.18,$2.19B,$4.46B,0.49,$0.25B,$2.83B,0.09,$1.85B,$0.39B,20.98%,$1.85B,$0.18B,9.82%,$1.85B,$0.18B,9.82%,$1.85B,$0.19B,10.41%,$1.85B,$0.15B,8.20%,$1.85B,$0.11B,6.15%,$0.11B,$2.83B,4.11%,$0.11B,$2.82B,4.12%,$0.11B,$7.64B,1.53%,$0.18B,$3.08B,6.02%,$492,$329,$163,$0,$49,$378,$114,$-7,$108,$16,$91,$91,$91,$116,$114,$82,84,$1.42,$1.39,$913,$0,$0,$2193,$27,$5149,$8,$96,$5447,$7640,$4464,$250,$9,$344,$4807,$0,$957,$126,$2832,$7640,$91,$2,$7,$9,$-221,$0,$99,$199,$94,$194,$-1,$0,$0,$-65,$12,$-53,$0,$-53,$0,$0,$0,$0,$0,$-19,$0,$-19,$104,$4,$-12
39,2008-12-31,17.77,$34.10,0.52,$21.01,0.85,$16.85,1.05,$0.95,18.7,$2.04B,$4.18B,0.49,$0.25B,$2.78B,0.09,$1.79B,$0.37B,20.76%,$1.79B,$0.16B,9.10%,$1.79B,$0.16B,9.10%,$1.79B,$0.18B,9.77%,$1.79B,$0.14B,7.81%,$1.79B,$0.10B,5.80%,$0.10B,$2.78B,3.72%,$0.10B,$2.77B,3.73%,$0.10B,$7.29B,1.41%,$0.16B,$3.03B,5.35%,$501,$398,$103,$0,$49,$447,$54,$-13,$41,$20,$22,$22,$22,$55,$54,$83,86,$0.24,$0.28,$809,$0,$0,$2040,$34,$4945,$8,$112,$5249,$7289,$4177,$250,$11,$333,$4510,$0,$885,$140,$2779,$7289,$104,$11,$156,$166,$-79,$0,$5,$386,$261,$531,$-11,$0,$0,$24,$-91,$-67,$-177,$-255,$0,$0,$0,$-98,$-98,$-78,$0,$-176,$158,$7,$-50
40,2008-09-30,19.16,$32.38,0.59,$20.69,0.93,$19.22,1.0,$2.21,8.67,$1.84B,$4.37B,0.42,$0.25B,$2.64B,0.1,$1.79B,$0.49B,27.29%,$1.79B,$0.27B,15.23%,$1.79B,$0.27B,15.23%,$1.79B,$0.28B,15.85%,$1.79B,$0.26B,14.34%,$1.79B,$0.22B,12.11%,$0.22B,$2.64B,7.73%,$0.22B,$2.63B,7.75%,$0.22B,$7.31B,2.94%,$0.27B,$2.89B,8.93%,$395,$484,$-89,$0,$52,$535,$-141,$-5,$-146,$-20,$-126,$-126,$-126,$-139,$-141,$81,81,$-1.63,$-1.63,$742,$0,$0,$1841,$32,$5150,$8,$108,$5466,$7306,$4367,$250,$17,$302,$4669,$0,$882,$1,$2638,$7306,$82,$10,$89,$99,$-124,$0,$53,$395,$263,$444,$-11,$0,$0,$70,$-269,$-199,$0,$-210,$0,$0,$0,$-100,$-100,$-59,$0,$-159,$90,$8,$-38
41,2008-06-30,16.31,$35.09,0.46,$21.19,0.77,$20.72,0.79,$4.94,3.3,$1.82B,$4.30B,0.42,$0.25B,$2.85B,0.09,$1.89B,$0.77B,40.85%,$1.89B,$0.55B,29.02%,$1.89B,$0.55B,29.02%,$1.89B,$0.56B,29.71%,$1.89B,$0.54B,28.70%,$1.89B,$0.46B,24.40%,$0.46B,$2.85B,16.24%,$0.46B,$2.85B,16.29%,$0.46B,$7.50B,6.23%,$0.55B,$3.10B,17.75%,$466,$253,$212,$0,$57,$310,$155,$-6,$149,$22,$127,$127,$127,$161,$155,$84,86,$1.44,$1.39,$621,$0,$0,$1822,$30,$5362,$8,$111,$5678,$7501,$4299,$250,$16,$348,$4647,$0,$1027,$73,$2854,$7501,$208,$8,$-1,$8,$-158,$0,$50,$237,$104,$320,$-8,$0,$0,$100,$-285,$-186,$0,$-193,$0,$0,$0,$-100,$-100,$-40,$0,$-140,$-31,$7,$-26
42,2008-03-31,17.96,$34.23,0.52,$21.57,0.83,$20.58,0.87,$4.69,3.83,$1.86B,$4.20B,0.44,$0.25B,$2.92B,0.09,$1.95B,$0.73B,37.53%,$1.95B,$0.52B,26.68%,$1.95B,$0.52B,26.68%,$1.95B,$0.53B,27.25%,$1.95B,$0.52B,26.89%,$1.95B,$0.45B,23.03%,$0.45B,$2.92B,16.20%,$0.45B,$2.92B,16.24%,$0.45B,$7.51B,6.15%,$0.52B,$3.17B,17.21%,$430,$284,$146,$0,$51,$334,$95,$0,$96,$14,$81,$81,$81,$98,$95,$86,88,$0.87,$0.85,$696,$0,$0,$1860,$28,$5326,$8,$133,$5647,$7507,$4203,$250,$17,$381,$4584,$0,$920,$153,$2923,$7507,$81,$3,$30,$32,$-121,$0,$37,$149,$50,$164,$-3,$0,$0,$-35,$-36,$-71,$0,$-74,$0,$0,$0,$0,$0,$-20,$0,$-20,$44,$3,$-13
43,2007-12-31,19.44,$32.95,0.59,$22.14,0.88,$20.21,0.96,$5.11,3.8,$1.67B,$4.00B,0.42,$0.25B,$2.82B,0.09,$2.01B,$0.78B,38.58%,$2.01B,$0.57B,28.37%,$2.01B,$0.57B,28.37%,$2.01B,$0.59B,29.27%,$2.01B,$0.57B,28.57%,$2.01B,$0.49B,24.34%,$0.49B,$2.82B,18.36%,$0.49B,$2.81B,18.42%,$0.49B,$7.20B,6.86%,$0.57B,$3.07B,19.57%,$501,$280,$221,$0,$57,$337,$164,$-6,$158,$23,$135,$135,$135,$164,$164,$88,90,$1.48,$1.44,$651,$0,$0,$1669,$28,$5227,$8,$136,$5533,$7201,$3995,$250,$19,$389,$4384,$0,$859,$113,$2818,$7201,$489,$18,$7,$25,$206,$0,$43,$-22,$260,$774,$-11,$0,$0,$407,$-822,$-415,$0,$-426,$0,$0,$0,$-88,$-88,$-81,$0,$-169,$156,$13,$-53
44,2007-09-30,18.6,$31.36,0.59,$21.48,0.87,$19.22,0.97,$4.87,3.82,$1.89B,$4.21B,0.45,$0.25B,$2.73B,0.09,$1.98B,$0.76B,38.28%,$1.98B,$0.56B,28.23%,$1.98B,$0.56B,28.23%,$1.98B,$0.58B,29.24%,$1.98B,$0.56B,28.43%,$1.98B,$0.46B,23.13%,$0.46B,$2.73B,17.92%,$0.46B,$2.73B,17.98%,$0.46B,$7.33B,6.55%,$0.56B,$2.98B,19.93%,$488,$296,$192,$0,$59,$355,$133,$5,$138,$21,$117,$117,$117,$137,$133,$89,91,$1.24,$1.21,$567,$0,$0,$1888,$25,$5219,$8,$33,$5438,$7326,$4213,$250,$21,$380,$4593,$0,$744,$99,$2733,$7326,$354,$18,$-14,$4,$-52,$0,$70,$201,$269,$626,$-5,$0,$0,$157,$-608,$-451,$0,$-456,$0,$0,$0,$-39,$-39,$-61,$0,$-100,$72,$8,$-40
45,2007-06-30,18.47,$29.26,0.63,$20.94,0.88,$16.28,1.13,$4.60,4.01,$1.81B,$4.15B,0.44,$0.25B,$2.59B,0.1,$1.96B,$0.72B,36.92%,$1.96B,$0.55B,27.89%,$1.96B,$0.55B,27.89%,$1.96B,$0.57B,28.96%,$1.96B,$0.54B,27.74%,$1.96B,$0.44B,22.23%,$0.44B,$2.59B,17.79%,$0.44B,$2.58B,17.85%,$0.44B,$7.10B,6.35%,$0.55B,$2.84B,20.26%,$526,$354,$172,$0,$44,$399,$127,$4,$131,$16,$115,$115,$115,$131,$127,$88,91,$1.22,$1.19,$398,$0,$0,$1805,$25,$5058,$8,$41,$5298,$7103,$4150,$249,$22,$362,$4512,$0,$647,$10,$2591,$7103,$237,$14,$-8,$6,$-137,$0,$18,$169,$77,$320,$-3,$0,$0,$214,$-593,$-379,$0,$-382,$0,$0,$0,$7,$7,$-40,$0,$-33,$-97,$5,$-26
46,2007-03-31,17.06,$28.47,0.6,$20.03,0.85,$14.35,1.19,$4.42,3.86,$1.71B,$4.02B,0.43,$0.25B,$2.51B,0.1,$1.91B,$0.72B,37.70%,$1.91B,$0.55B,28.53%,$1.91B,$0.55B,28.53%,$1.91B,$0.57B,29.84%,$1.91B,$0.54B,28.27%,$1.91B,$0.42B,22.15%,$0.42B,$2.51B,18.06%,$0.42B,$2.50B,18.13%,$0.42B,$6.90B,6.24%,$0.55B,$2.76B,21.03%,$494,$303,$191,$0,$45,$349,$146,$2,$147,$25,$122,$122,$122,$156,$146,$88,90,$1.31,$1.27,$346,$0,$0,$1708,$25,$4962,$8,$37,$5194,$6902,$4018,$249,$26,$375,$4393,$0,$552,$33,$2509,$6902,$122,$10,$1,$11,$-121,$0,$-24,$112,$1,$134,$-2,$0,$0,$86,$-340,$-254,$0,$-256,$0,$0,$0,$0,$0,$-20,$0,$-20,$-149,$2,$-13
47,2006-12-31,16.97,$27.22,0.62,$19.13,0.89,$13.54,1.25,$3.74,4.54,$1.66B,$3.91B,0.43,$0.25B,$2.39B,0.1,$1.86B,$0.65B,34.78%,$1.86B,$0.48B,25.75%,$1.86B,$0.48B,25.75%,$1.86B,$0.50B,26.72%,$1.86B,$0.47B,25.27%,$1.86B,$0.36B,19.52%,$0.36B,$2.39B,16.25%,$0.36B,$2.38B,16.31%,$0.36B,$6.64B,5.36%,$0.48B,$2.64B,19.29%,$472,$269,$203,$0,$50,$319,$153,$-5,$147,$28,$120,$120,$104,$155,$153,$95,97,$1.21,$1.21,$495,$0,$0,$1664,$25,$4681,$8,$121,$4976,$6640,$3910,$249,$30,$341,$4251,$0,$451,$17,$2389,$6640,$378,$17,$13,$30,$701,$0,$-46,$-368,$315,$723,$-2,$0,$0,$-43,$-900,$-943,$0,$-944,$0,$0,$0,$-201,$25,$-72,$0,$-47,$-253,$10,$-56
