,Date,Stock Price,Book Value per Share,Price to Book Ratio,TTM Sales per Share,Price to Sales Ratio,TTM FCF per Share,Price to FCF Ratio,TTM Net EPS,PE Ratio,Current Assets,Current Liabilities,Current Ratio,Long Term Debt,Shareholder's Equity_x,Debt to Equity Ratio,TTM Revenue_x,TTM Gross Profit,Gross Margin,TTM Revenue_y,TTM Operating Income,Operating Margin,TTM Revenue_x,TTM EBIT,EBIT Margin,TTM Revenue_y,TTM EBITDA,EBITDA Margin,TTM Revenue_x,TTM Pre-Tax Income,Pre-Tax Margin,TTM Revenue_y,TTM Net Income_x,Net Margin,TTM Net Income_y,Shareholder's Equity_y,Return on Equity,TTM Net Income_x,Tangible Equity,Return on Tangible Equity,TTM Net Income_y,Total Assets,Return on Assets,TTM Net Income,LT Investments & Debt,Return on Investment,revenue,cost-goods-sold,gross-profit,research-development-expenses,selling-general-administrative-expenses,operating-expenses,operating-income,total-non-operating-income-expense,pre-tax-income,total-provision-income-taxes,income-after-taxes,income-from-continuous-operations,net-income,ebitda,ebit,basic-shares-outstanding,shares-outstanding,eps-basic-net-earnings-per-share,eps-earnings-per-share-diluted,cash-on-hand,inventory,other-current-assets,total-current-assets,net-property-plant-equipment,long-term-investments,goodwill-intangible-assets-total,other-long-term-assets,total-long-term-assets,total-assets,total-current-liabilities,long-term-debt,other-non-current-liabilities,total-long-term-liabilities,total-liabilities,common-stock-net,retained-earnings-accumulated-deficit,comprehensive-income,total-share-holder-equity,total-liabilities-share-holders-equity,net-income-loss,total-depreciation-amortization-cash-flow,other-non-cash-items,total-non-cash-items,change-in-accounts-receivable,change-in-inventories,change-in-accounts-payable,change-in-assets-liabilities,total-change-in-assets-liabilities,cash-flow-from-operating-activities,net-change-in-property-plant-equipment,net-change-in-intangible-assets,net-acquisitions-divestitures,net-change-in-short-term-investments,net-change-in-long-term-investments,net-change-in-investments-total,investing-activities-other,cash-flow-from-investing-activities,net-long-term-debt,net-current-debt,debt-issuance-retirement-net-total,net-common-equity-issued-repurchased,net-total-equity-issued-repurchased,total-common-preferred-stock-dividends-paid,financial-activities-other,cash-flow-from-financial-activities,net-cash-flow,stock-based-compensation,common-stock-dividends-paid
0,2018-09-30,6.39,$5.07,1.26,$14.84,0.43,$0.93,6.87,$-1.59,0.0,$0.55B,$0.15B,3.67,$3.89B,$0.50B,7.79,$1.43B,$0.46B,31.91%,$1.43B,$0.11B,7.98%,$1.43B,$0.11B,7.98%,$1.43B,$0.39B,27.57%,$1.43B,$-0.13B,-8.96%,$1.43B,$-0.15B,-10.64%,$-0.15B,$0.50B,-27.28%,$-0.15B,$0.49B,-27.78%,$-0.15B,$4.73B,-3.22%,$0.11B,$4.39B,2.61%,$356,$246,$110,$0,$3,$327,$29,$-63,$-34,$1,$-34,$-34,$-38,$102,$29,$97,97,$-0.40,$-0.40,$467,$0,$0,$546,$4090,$0,$10,$84,$4187,$4733,$149,$3894,$71,$4085,$4233,$1,$-1313,$0,$500,$4733,$-90,$216,$28,$244,$-17,$0,$0,$-22,$-16,$137,$-124,$0,$-115,$0,$-1,$-1,$0,$-239,$216,$0,$216,$12,$12,$-72,$-58,$97,$-5,$22,$-72
1,2018-06-30,8.1,$5.19,1.56,$14.90,0.54,$2.05,3.95,$-1.59,0.0,$0.63B,$0.14B,4.44,$3.95B,$0.51B,7.71,$1.43B,$0.46B,31.91%,$1.43B,$0.12B,8.06%,$1.43B,$0.12B,8.06%,$1.43B,$0.38B,26.93%,$1.43B,$-0.12B,-8.70%,$1.43B,$-0.15B,-10.66%,$-0.15B,$0.51B,-25.03%,$-0.15B,$0.50B,-25.45%,$-0.15B,$4.83B,-3.22%,$0.12B,$4.46B,2.63%,$389,$255,$134,$0,$3,$346,$43,$-63,$-20,$3,$-23,$-23,$-29,$118,$43,$97,97,$-0.30,$-0.30,$553,$0,$0,$631,$4110,$0,$10,$78,$4200,$4832,$142,$3948,$83,$4177,$4319,$1,$-1284,$0,$512,$4832,$-56,$143,$24,$166,$-15,$0,$0,$-8,$-11,$99,$-77,$0,$-112,$0,$-1,$-1,$1,$-189,$277,$0,$277,$-2,$-2,$-48,$-57,$170,$81,$17,$-48
2,2018-03-31,6.36,$5.92,1.07,$14.98,0.42,$3.19,2.0,$-1.30,0.0,$0.53B,$0.14B,3.67,$3.71B,$0.58B,6.36,$1.43B,$0.46B,32.07%,$1.43B,$0.13B,9.10%,$1.43B,$0.13B,9.10%,$1.43B,$0.39B,27.17%,$1.43B,$-0.09B,-6.44%,$1.43B,$-0.12B,-8.68%,$-0.12B,$0.58B,-18.61%,$-0.12B,$0.57B,-18.90%,$-0.12B,$4.64B,-2.63%,$0.13B,$4.30B,2.98%,$342,$235,$107,$0,$2,$319,$23,$-57,$-34,$-1,$-33,$-33,$-37,$91,$23,$95,95,$-0.39,$-0.39,$451,$0,$0,$525,$4035,$0,$10,$65,$4113,$4637,$143,$3713,$84,$3910,$4053,$1,$-1207,$0,$584,$4637,$-33,$68,$-1,$67,$-11,$0,$0,$-19,$-18,$17,$-53,$0,$-0,$0,$-1,$-1,$1,$-54,$7,$0,$7,$-1,$-1,$-23,$-2,$-20,$-57,$7,$-23
3,2017-12-31,6.51,$6.50,1.0,$15.12,0.43,$3.58,1.82,$-1.26,0.0,$0.53B,$0.13B,4.0,$3.70B,$0.63B,5.84,$1.44B,$0.46B,31.94%,$1.44B,$0.14B,9.38%,$1.44B,$0.14B,9.38%,$1.44B,$0.40B,27.43%,$1.44B,$-0.09B,-6.32%,$1.44B,$-0.12B,-8.54%,$-0.12B,$0.63B,-17.34%,$-0.12B,$0.62B,-17.59%,$-0.12B,$4.67B,-2.59%,$0.14B,$4.33B,3.06%,$342,$237,$105,$0,$2,$323,$19,$-59,$-40,$-2,$-39,$-39,$-48,$83,$19,$95,95,$-0.50,$-0.50,$472,$0,$0,$533,$4036,$0,$10,$88,$4137,$4670,$133,$3696,$91,$3903,$4037,$1,$-1154,$0,$633,$4670,$-89,$260,$48,$307,$2,$0,$0,$-8,$-11,$207,$-117,$0,$-0,$0,$-1,$-1,$54,$-64,$-50,$0,$-50,$-1,$2,$-102,$-15,$-164,$-20,$12,$-102
4,2017-09-30,6.34,$7.18,0.88,$15.15,0.42,$4.29,1.48,$-1.37,0.0,$0.61B,$0.15B,3.94,$3.70B,$0.70B,5.29,$1.44B,$0.46B,31.60%,$1.44B,$0.12B,8.33%,$1.44B,$0.12B,8.33%,$1.44B,$0.39B,27.15%,$1.44B,$-0.11B,-7.43%,$1.44B,$-0.13B,-9.17%,$-0.13B,$0.70B,-17.62%,$-0.13B,$0.69B,-17.86%,$-0.13B,$4.75B,-2.74%,$0.12B,$4.40B,2.69%,$353,$245,$109,$0,$2,$324,$30,$-60,$-30,$-1,$-29,$-29,$-38,$92,$30,$95,95,$-0.40,$-0.40,$527,$0,$0,$608,$4065,$0,$10,$62,$4139,$4747,$154,$3699,$76,$3893,$4047,$1,$-1086,$0,$700,$4747,$-50,$195,$44,$239,$-14,$0,$0,$-15,$-10,$178,$-59,$0,$-0,$0,$-1,$-1,$53,$-7,$-65,$0,$-65,$-1,$-82,$-76,$85,$-137,$34,$9,$-76
5,2017-06-30,5.68,$7.68,0.74,$15.38,0.37,$5.38,1.05,$-1.34,0.0,$0.65B,$0.15B,4.37,$3.70B,$0.75B,4.94,$1.46B,$0.47B,31.94%,$1.46B,$0.13B,8.98%,$1.46B,$0.13B,8.98%,$1.46B,$0.41B,27.83%,$1.46B,$-0.10B,-6.99%,$1.46B,$-0.13B,-8.84%,$-0.13B,$0.75B,-16.97%,$-0.13B,$0.74B,-17.19%,$-0.13B,$4.78B,-2.67%,$0.13B,$4.45B,2.93%,$391,$254,$137,$0,$3,$332,$58,$-46,$12,$2,$10,$10,$-1,$122,$58,$95,95,$-0.01,$-0.01,$574,$0,$0,$650,$4069,$0,$10,$49,$4131,$4781,$149,$3698,$77,$3884,$4032,$1,$-1019,$0,$748,$4781,$-22,$133,$30,$163,$-11,$0,$0,$-13,$-7,$135,$-5,$0,$-0,$0,$-1,$-1,$53,$47,$-63,$0,$-63,$-1,$-1,$-49,$-6,$-120,$62,$4,$-49
6,2017-03-31,5.84,$7.79,0.75,$15.63,0.37,$5.89,0.99,$-1.10,0.0,$0.55B,$0.16B,3.54,$3.72B,$0.76B,4.92,$1.48B,$0.47B,31.98%,$1.48B,$0.14B,9.60%,$1.48B,$0.14B,9.60%,$1.48B,$0.42B,28.60%,$1.48B,$-0.08B,-5.27%,$1.48B,$-0.11B,-7.17%,$-0.11B,$0.76B,-13.71%,$-0.11B,$0.75B,-13.89%,$-0.11B,$4.82B,-2.18%,$0.14B,$4.48B,3.15%,$354,$245,$109,$0,$5,$325,$28,$-61,$-33,$-1,$-32,$-32,$-36,$98,$28,$95,95,$-0.39,$-0.39,$472,$0,$0,$553,$4153,$0,$10,$104,$4270,$4823,$156,$3720,$79,$3910,$4067,$1,$-1010,$0,$756,$4823,$-32,$69,$5,$75,$-13,$0,$0,$-16,$-3,$40,$-39,$0,$0,$0,$-1,$-1,$48,$8,$-43,$0,$-43,$0,$0,$-24,$-1,$-68,$-21,$0,$-24
7,2016-12-31,6.98,$8.22,0.85,$15.81,0.44,$6.02,1.16,$-0.95,0.0,$0.60B,$0.15B,3.94,$3.72B,$0.79B,4.7,$1.49B,$0.48B,32.15%,$1.49B,$0.16B,10.38%,$1.49B,$0.16B,10.38%,$1.49B,$0.43B,29.07%,$1.49B,$-0.06B,-3.82%,$1.49B,$-0.09B,-5.89%,$-0.09B,$0.79B,-11.33%,$-0.09B,$0.78B,-11.48%,$-0.09B,$4.89B,-1.79%,$0.16B,$4.52B,3.41%,$342,$242,$100,$0,$2,$338,$4,$-60,$-56,$0,$-57,$-57,$-57,$79,$4,$94,94,$-0.61,$-0.61,$544,$0,$0,$602,$4161,$0,$10,$116,$4289,$4892,$153,$3724,$90,$3946,$4099,$1,$-974,$0,$792,$4892,$-59,$278,$-50,$229,$-1,$0,$0,$9,$10,$180,$-22,$0,$-3,$4,$-2,$2,$2,$-22,$-72,$0,$-72,$-1,$149,$-91,$-20,$-34,$124,$10,$-91
8,2016-09-30,5.21,$7.75,0.67,$15.26,0.34,$4.66,1.12,$-0.66,0.0,$0.49B,$0.15B,3.23,$3.73B,$0.75B,5.01,$1.50B,$0.49B,32.25%,$1.50B,$0.18B,12.03%,$1.50B,$0.18B,12.03%,$1.50B,$0.45B,30.05%,$1.50B,$-0.03B,-1.80%,$1.50B,$-0.06B,-4.06%,$-0.06B,$0.75B,-7.80%,$-0.06B,$0.74B,-7.91%,$-0.06B,$4.84B,-1.24%,$0.18B,$4.47B,3.95%,$372,$252,$120,$0,$2,$331,$41,$-66,$-25,$-0,$-25,$-25,$-35,$107,$41,$95,95,$-0.37,$-0.37,$406,$0,$0,$487,$4188,$0,$9,$153,$4353,$4840,$151,$3729,$96,$3944,$4095,$1,$-863,$0,$745,$4840,$-2,$204,$-13,$191,$-19,$0,$0,$-5,$2,$191,$31,$0,$-2,$0,$-2,$-2,$0,$27,$-104,$0,$-104,$-1,$-1,$-69,$-5,$-179,$39,$6,$-69
9,2016-06-30,4.66,$8.32,0.56,$15.13,0.31,$3.25,1.44,$-0.55,0.0,$0.50B,$0.14B,3.61,$3.76B,$0.80B,4.7,$1.50B,$0.48B,32.00%,$1.50B,$0.18B,12.09%,$1.50B,$0.18B,12.09%,$1.50B,$0.45B,30.06%,$1.50B,$-0.02B,-1.34%,$1.50B,$-0.05B,-3.41%,$-0.05B,$0.80B,-6.29%,$-0.05B,$0.79B,-6.37%,$-0.05B,$4.90B,-1.03%,$0.18B,$4.56B,3.93%,$411,$266,$144,$0,$3,$341,$69,$-34,$36,$1,$35,$35,$22,$139,$69,$94,94,$0.23,$0.23,$424,$0,$0,$501,$4236,$0,$11,$150,$4400,$4901,$139,$3759,$93,$3962,$4101,$1,$-800,$0,$800,$4901,$23,$137,$-27,$110,$-14,$0,$0,$-12,$-11,$123,$55,$0,$0,$0,$-2,$-2,$0,$53,$-68,$0,$-68,$-1,$-1,$-45,$-5,$-119,$56,$3,$-45
10,2016-03-31,5.41,$8.05,0.67,$14.48,0.37,$2.11,2.57,$-0.99,0.0,$0.47B,$0.16B,2.85,$3.88B,$0.77B,5.04,$1.46B,$0.46B,31.75%,$1.46B,$0.15B,10.10%,$1.46B,$0.15B,10.10%,$1.46B,$0.40B,27.70%,$1.46B,$-0.07B,-4.74%,$1.46B,$-0.09B,-6.46%,$-0.09B,$0.77B,-10.99%,$-0.09B,$0.76B,-11.13%,$-0.09B,$4.99B,-1.90%,$0.15B,$4.65B,3.18%,$368,$252,$116,$0,$2,$326,$41,$-53,$-12,$1,$-12,$-12,$-18,$109,$41,$94,94,$-0.20,$-0.20,$389,$0,$0,$466,$4394,$0,$11,$113,$4522,$4988,$163,$3879,$50,$4054,$4218,$1,$-829,$0,$770,$4988,$-12,$68,$-3,$65,$-14,$0,$0,$-7,$-3,$50,$-38,$0,$0,$0,$-2,$-2,$0,$-40,$34,$0,$34,$-0,$-0,$-23,$-1,$10,$20,$1,$-23
11,2015-12-31,5.24,$8.50,0.62,$12.77,0.41,$2.50,2.1,$2.33,2.25,$0.44B,$0.15B,2.96,$3.84B,$0.81B,4.73,$1.34B,$0.43B,32.24%,$1.34B,$0.14B,10.32%,$1.34B,$0.14B,10.32%,$1.34B,$0.37B,27.82%,$1.34B,$0.31B,23.26%,$1.34B,$0.24B,17.73%,$0.24B,$0.81B,25.97%,$0.24B,$0.80B,26.33%,$0.24B,$4.97B,4.84%,$0.14B,$4.65B,3.03%,$353,$248,$105,$0,$3,$323,$30,$-56,$-26,$0,$-26,$-26,$-30,$97,$30,$96,115,$-0.35,$-0.31,$369,$0,$0,$436,$4420,$0,$11,$94,$4529,$4965,$147,$3841,$47,$4006,$4153,$1,$-787,$0,$812,$4965,$306,$233,$-353,$-120,$5,$0,$0,$13,$17,$204,$-168,$0,$-620,$0,$0,$0,$7,$-780,$727,$0,$727,$59,$59,$-91,$-50,$645,$68,$3,$-91
12,2015-09-30,4.98,$9.04,0.55,$11.87,0.42,$2.08,2.39,$2.40,2.07,$0.43B,$0.17B,2.59,$3.70B,$0.86B,4.29,$1.17B,$0.38B,32.71%,$1.17B,$0.12B,10.39%,$1.17B,$0.12B,10.39%,$1.17B,$0.32B,27.26%,$1.17B,$0.32B,27.34%,$1.17B,$0.25B,20.87%,$0.25B,$0.86B,29.08%,$0.25B,$0.85B,29.41%,$0.25B,$4.88B,5.63%,$0.12B,$4.56B,3.04%,$365,$250,$114,$0,$4,$324,$41,$-59,$-18,$2,$-20,$-20,$-25,$105,$41,$96,96,$-0.26,$-0.26,$332,$0,$0,$427,$4306,$0,$11,$104,$4457,$4884,$165,$3698,$43,$3856,$4020,$1,$-735,$0,$863,$4884,$333,$166,$-354,$-188,$-8,$0,$0,$-22,$-11,$133,$-44,$0,$-696,$0,$0,$0,$3,$-737,$625,$0,$625,$59,$59,$-69,$-40,$575,$-29,$2,$-69
13,2015-06-30,6.77,$9.65,0.7,$10.30,0.66,$0.99,6.87,$2.42,2.8,$0.53B,$0.16B,3.3,$3.65B,$0.98B,3.74,$1.01B,$0.33B,32.97%,$1.01B,$0.10B,9.90%,$1.01B,$0.10B,9.90%,$1.01B,$0.27B,27.03%,$1.01B,$0.32B,31.98%,$1.01B,$0.25B,24.55%,$0.25B,$0.98B,32.00%,$0.25B,$0.97B,32.28%,$0.25B,$4.98B,6.45%,$0.10B,$4.63B,2.85%,$369,$242,$127,$0,$3,$334,$35,$-48,$-13,$2,$-15,$-15,$-21,$92,$35,$100,100,$-0.21,$-0.21,$432,$0,$0,$529,$4236,$0,$11,$165,$4452,$4981,$160,$3651,$42,$3844,$4004,$1,$-719,$0,$977,$4981,$352,$102,$-356,$-254,$-12,$0,$0,$-22,$-18,$80,$-7,$0,$-613,$0,$0,$0,$3,$-618,$578,$0,$578,$110,$110,$-45,$-38,$604,$67,$2,$-45
14,2015-03-31,7.59,$9.87,0.77,$8.94,0.85,$0.32,23.94,$2.52,3.01,$0.59B,$0.16B,3.83,$3.39B,$1.00B,3.4,$0.85B,$0.27B,31.68%,$0.85B,$0.08B,9.66%,$0.85B,$0.08B,9.66%,$0.85B,$0.23B,26.74%,$0.85B,$0.33B,39.34%,$0.85B,$0.26B,30.51%,$0.26B,$1.00B,38.05%,$0.26B,$0.98B,38.26%,$0.26B,$4.77B,7.91%,$0.08B,$4.39B,2.78%,$250,$165,$85,$0,$5,$218,$32,$336,$368,$1,$367,$367,$313,$78,$32,$96,114,$3.25,$3.13,$499,$0,$0,$594,$3954,$0,$15,$169,$4175,$4769,$155,$3388,$62,$3616,$3771,$1,$-697,$0,$998,$4769,$367,$46,$-376,$-330,$-10,$0,$0,$-13,$-6,$30,$28,$0,$-288,$0,$0,$0,$0,$-259,$314,$0,$314,$110,$110,$-22,$-33,$369,$141,$0,$-22
15,2014-12-31,8.17,$5.95,1.37,$9.13,0.89,$-0.12,0.0,$-0.73,0.0,$0.34B,$0.10B,3.61,$1.94B,$0.53B,3.65,$0.79B,$0.25B,31.36%,$0.79B,$0.08B,9.57%,$0.79B,$0.08B,9.57%,$0.79B,$0.21B,25.94%,$0.79B,$-0.04B,-5.16%,$0.79B,$-0.07B,-8.19%,$-0.07B,$0.53B,-11.48%,$-0.07B,$0.53B,-11.48%,$-0.07B,$2.77B,-2.37%,$0.08B,$2.48B,3.13%,$190,$133,$58,$0,$10,$177,$14,$-29,$-16,$0,$-16,$-16,$-22,$45,$14,$88,88,$-0.27,$-0.27,$301,$0,$0,$343,$2129,$0,$0,$297,$2428,$2770,$95,$1943,$23,$2143,$2238,$1,$-1050,$0,$532,$2770,$-38,$129,$-17,$112,$-0,$0,$0,$26,$38,$111,$-120,$0,$-72,$0,$0,$0,$-16,$-207,$204,$0,$204,$85,$85,$-85,$-22,$182,$86,$19,$-85
16,2014-09-30,7.44,$6.63,1.12,$9.72,0.77,$0.64,11.54,$-0.80,0.0,$0.44B,$0.12B,3.74,$1.96B,$0.59B,3.31,$0.81B,$0.25B,31.07%,$0.81B,$0.08B,10.36%,$0.81B,$0.08B,10.36%,$0.81B,$0.22B,26.51%,$0.81B,$-0.04B,-5.43%,$0.81B,$-0.07B,-8.51%,$-0.07B,$0.59B,-11.73%,$-0.07B,$0.59B,-11.73%,$-0.07B,$2.86B,-2.54%,$0.08B,$2.55B,3.47%,$201,$138,$63,$0,$15,$182,$19,$-35,$-16,$0,$-16,$-16,$-22,$58,$19,$90,90,$-0.24,$-0.24,$388,$0,$0,$437,$2144,$0,$0,$269,$2427,$2864,$117,$1960,$17,$2154,$2271,$1,$-1014,$-0,$593,$2864,$-22,$97,$-7,$90,$-7,$0,$0,$7,$25,$93,$-108,$0,$-58,$0,$0,$0,$15,$-151,$210,$0,$210,$85,$85,$-64,$-22,$210,$152,$17,$-64
17,2014-06-30,8.31,$6.71,1.24,$10.51,0.79,$1.31,6.33,$-0.87,0.0,$0.35B,$0.11B,3.37,$1.78B,$0.60B,2.96,$0.85B,$0.26B,30.87%,$0.85B,$0.09B,10.92%,$0.85B,$0.09B,10.92%,$0.85B,$0.22B,25.82%,$0.85B,$-0.05B,-5.52%,$0.85B,$-0.07B,-8.45%,$-0.07B,$0.60B,-11.02%,$-0.07B,$0.60B,-11.03%,$-0.07B,$2.70B,-2.48%,$0.09B,$2.38B,3.57%,$208,$145,$63,$0,$19,$191,$17,$-20,$-2,$0,$-2,$-2,$-10,$46,$17,$89,89,$-0.11,$-0.11,$300,$0,$0,$354,$2080,$0,$0,$258,$2346,$2700,$105,$1777,$16,$1995,$2100,$1,$-999,$-0,$600,$2700,$-6,$58,$3,$61,$-10,$0,$0,$1,$7,$62,$-56,$0,$-2,$0,$0,$0,$14,$-44,$27,$0,$27,$85,$85,$-42,$-5,$65,$84,$12,$-42
18,2014-03-31,8.03,$6.67,1.2,$11.94,0.67,$2.34,3.43,$-0.78,0.0,$0.29B,$0.09B,3.2,$1.78B,$0.54B,3.3,$0.90B,$0.29B,32.12%,$0.90B,$0.12B,13.07%,$0.90B,$0.12B,13.07%,$0.90B,$0.25B,27.69%,$0.90B,$-0.04B,-4.10%,$0.90B,$-0.06B,-6.98%,$-0.06B,$0.54B,-8.68%,$-0.06B,$0.54B,-8.69%,$-0.06B,$2.62B,-2.01%,$0.12B,$2.32B,4.17%,$195,$130,$65,$0,$13,$168,$26,$-33,$-7,$0,$-7,$-7,$-11,$57,$26,$82,82,$-0.13,$-0.13,$217,$0,$0,$288,$2076,$0,$0,$245,$2332,$2619,$90,$1780,$15,$1990,$2080,$1,$-969,$-0,$540,$2619,$-3,$30,$3,$33,$-9,$0,$0,$-13,$-19,$11,$-5,$0,$0,$0,$0,$0,$14,$9,$30,$0,$30,$0,$0,$-21,$-5,$5,$25,$4,$-21
19,2013-12-31,5.83,$7.68,0.76,$12.99,0.45,$2.25,2.59,$-0.99,0.0,$0.25B,$0.09B,2.73,$1.82B,$0.62B,2.94,$0.94B,$0.30B,31.60%,$0.94B,$0.12B,12.45%,$0.94B,$0.12B,12.45%,$0.94B,$0.26B,27.13%,$0.94B,$-0.05B,-5.11%,$0.94B,$-0.08B,-7.98%,$-0.08B,$0.62B,-9.60%,$-0.08B,$0.62B,-9.63%,$-0.08B,$2.68B,-2.24%,$0.12B,$2.44B,3.85%,$207,$146,$61,$0,$10,$185,$22,$-41,$-19,$-0,$-19,$-19,$-26,$54,$22,$75,75,$-0.33,$-0.33,$190,$0,$0,$250,$2164,$0,$0,$252,$2427,$2677,$92,$1819,$13,$1966,$2058,$1,$-896,$-0,$619,$2677,$-49,$138,$44,$182,$1,$0,$0,$7,$12,$145,$-96,$0,$-88,$0,$0,$0,$-170,$-354,$102,$0,$102,$140,$140,$-79,$-12,$151,$-57,$26,$-79
20,2013-09-30,5.63,$10.60,0.53,$13.75,0.41,$3.64,1.55,$-0.99,0.0,$0.49B,$0.10B,4.92,$2.44B,$0.85B,2.86,$0.97B,$0.31B,31.51%,$0.97B,$0.12B,12.56%,$0.97B,$0.12B,12.56%,$0.97B,$0.27B,27.50%,$0.97B,$-0.05B,-4.84%,$0.97B,$-0.07B,-7.21%,$-0.07B,$0.85B,-8.35%,$-0.07B,$0.85B,-8.38%,$-0.07B,$3.63B,-1.98%,$0.12B,$3.30B,3.78%,$242,$168,$74,$0,$13,$214,$28,$-47,$-19,$1,$-19,$-19,$-25,$63,$28,$80,80,$-0.31,$-0.31,$395,$0,$0,$491,$2930,$0,$3,$192,$3138,$3629,$100,$2440,$38,$2675,$2775,$1,$-889,$-0,$854,$3629,$-30,$106,$29,$135,$3,$0,$0,$-14,$4,$109,$-69,$0,$-88,$0,$0,$0,$0,$-157,$101,$0,$101,$140,$140,$-58,$-10,$172,$124,$17,$-58
21,2013-06-30,5.14,$11.23,0.46,$14.03,0.37,$4.71,1.09,$-1.03,0.0,$0.44B,$0.12B,3.68,$2.38B,$0.89B,2.67,$0.95B,$0.30B,31.69%,$0.95B,$0.12B,13.01%,$0.95B,$0.12B,13.01%,$0.95B,$0.27B,28.33%,$0.95B,$-0.04B,-4.51%,$0.95B,$-0.07B,-7.24%,$-0.07B,$0.89B,-8.12%,$-0.07B,$0.89B,-8.15%,$-0.07B,$3.59B,-1.97%,$0.12B,$3.27B,3.87%,$259,$168,$90,$0,$15,$217,$42,$-33,$8,$0,$8,$8,$-1,$76,$42,$68,68,$-0.02,$-0.02,$328,$0,$0,$435,$2939,$0,$3,$202,$3157,$3592,$118,$2382,$19,$2583,$2701,$1,$-835,$-0,$891,$3592,$-11,$71,$16,$87,$-4,$0,$0,$-11,$-2,$75,$0,$0,$-88,$0,$-45,$-45,$0,$-133,$43,$0,$43,$126,$126,$-38,$-8,$122,$65,$13,$-38
22,2013-03-31,5.45,$11.12,0.49,$13.82,0.39,$4.62,1.18,$-1.21,0.0,$0.39B,$0.08B,4.76,$2.39B,$0.76B,3.15,$0.94B,$0.29B,31.34%,$0.94B,$0.12B,12.62%,$0.94B,$0.12B,12.62%,$0.94B,$0.27B,28.34%,$0.94B,$-0.05B,-5.45%,$0.94B,$-0.08B,-8.66%,$-0.08B,$0.76B,-9.42%,$-0.08B,$0.76B,-9.45%,$-0.08B,$3.47B,-2.32%,$0.12B,$3.15B,3.69%,$232,$160,$72,$0,$15,$207,$25,$-43,$-18,$1,$-18,$-18,$-23,$62,$25,$68,68,$-0.34,$-0.34,$289,$0,$0,$394,$2858,$0,$3,$201,$3077,$3472,$83,$2391,$42,$2629,$2712,$1,$-837,$-0,$760,$3472,$-18,$36,$13,$49,$-1,$0,$0,$-10,$-12,$19,$-20,$0,$0,$0,$0,$0,$0,$-20,$51,$0,$51,$0,$0,$-18,$-8,$25,$24,$8,$-18
23,2012-12-31,4.56,$12.43,0.37,$13.62,0.33,$4.82,0.95,$-1.31,0.0,$0.37B,$0.11B,3.45,$2.34B,$0.85B,2.76,$0.92B,$0.29B,31.20%,$0.92B,$0.12B,12.50%,$0.92B,$0.12B,12.50%,$0.92B,$0.26B,28.26%,$0.92B,$-0.06B,-6.20%,$0.92B,$-0.09B,-9.57%,$-0.09B,$0.85B,-9.72%,$-0.09B,$0.85B,-9.75%,$-0.09B,$3.47B,-2.51%,$0.12B,$3.19B,3.55%,$238,$167,$70,$0,$11,$211,$27,$-44,$-18,$-1,$-17,$-17,$-21,$66,$27,$68,68,$-0.31,$-0.31,$271,$0,$0,$367,$2872,$0,$3,$206,$3098,$3465,$106,$2339,$21,$2511,$2617,$1,$-770,$-0,$847,$3465,$-62,$147,$29,$176,$-9,$0,$0,$14,$17,$131,$8,$0,$0,$5,$-81,$-76,$0,$-68,$-7,$0,$-7,$-0,$15,$-72,$20,$-44,$18,$17,$-72
24,2012-09-30,3.58,$13.19,0.27,$13.39,0.27,$6.46,0.55,$-1.27,0.0,$0.33B,$0.10B,3.25,$2.31B,$0.90B,2.57,$0.89B,$0.28B,31.83%,$0.89B,$0.11B,12.53%,$0.89B,$0.11B,12.53%,$0.89B,$0.25B,28.44%,$0.89B,$-0.05B,-5.42%,$0.89B,$-0.09B,-9.59%,$-0.09B,$0.90B,-9.03%,$-0.09B,$0.90B,-9.06%,$-0.09B,$3.49B,-2.40%,$0.11B,$3.21B,3.39%,$224,$155,$70,$0,$11,$194,$30,$-45,$-15,$1,$-16,$-16,$-24,$66,$30,$68,68,$-0.35,$-0.35,$223,$0,$0,$334,$2912,$0,$3,$220,$3151,$3485,$103,$2312,$41,$2483,$2586,$1,$-716,$-0,$899,$3485,$-49,$107,$28,$135,$-7,$0,$0,$4,$21,$107,$0,$0,$0,$5,$-63,$-57,$0,$-57,$-58,$0,$-58,$0,$16,$-53,$24,$-71,$-21,$14,$-53
25,2012-06-30,3.52,$13.71,0.26,$13.29,0.26,$7.46,0.47,$-1.35,0.0,$0.33B,$0.12B,2.88,$2.32B,$0.93B,2.48,$0.88B,$0.27B,31.01%,$0.88B,$0.10B,11.29%,$0.88B,$0.10B,11.29%,$0.88B,$0.24B,27.25%,$0.88B,$-0.06B,-6.50%,$0.88B,$-0.09B,-10.26%,$-0.09B,$0.93B,-9.33%,$-0.09B,$0.93B,-9.36%,$-0.09B,$3.53B,-2.52%,$0.10B,$3.25B,2.98%,$241,$160,$81,$0,$12,$205,$36,$-35,$0,$1,$-1,$-1,$-13,$71,$36,$68,68,$-0.20,$-0.20,$216,$0,$0,$331,$2929,$0,$3,$244,$3194,$3525,$115,$2319,$30,$2475,$2590,$1,$-680,$-0,$934,$3525,$-30,$71,$22,$93,$-12,$0,$0,$3,$6,$68,$0,$0,$0,$0,$-44,$-44,$0,$-44,$-46,$0,$-46,$0,$16,$-35,$13,$-52,$-28,$9,$-35
26,2012-03-31,3.68,$13.80,0.27,$13.60,0.27,$9.89,0.37,$-1.64,0.0,$0.36B,$0.11B,3.34,$2.36B,$0.94B,2.51,$0.87B,$0.27B,30.60%,$0.87B,$0.10B,11.43%,$0.87B,$0.10B,11.43%,$0.87B,$0.24B,27.48%,$0.87B,$-0.06B,-6.70%,$0.87B,$-0.11B,-12.24%,$-0.11B,$0.94B,-11.12%,$-0.11B,$0.94B,-11.15%,$-0.11B,$3.57B,-2.94%,$0.10B,$3.30B,2.96%,$217,$151,$66,$0,$10,$195,$22,$-46,$-24,$1,$-25,$-25,$-30,$57,$22,$67,67,$-0.44,$-0.44,$247,$0,$0,$356,$2946,$0,$3,$245,$3210,$3566,$107,$2357,$29,$2518,$2625,$1,$-661,$-0,$941,$3566,$-25,$36,$14,$49,$-11,$0,$0,$-10,$-12,$12,$0,$0,$0,$0,$-23,$-23,$0,$-23,$-6,$0,$-6,$0,$9,$-17,$8,$-6,$-17,$5,$-17
27,2011-12-31,3.21,$14.55,0.22,$13.04,0.25,$11.72,0.27,$-0.74,0.0,$0.35B,$0.09B,4.18,$2.36B,$0.99B,2.39,$0.86B,$0.26B,30.43%,$0.86B,$0.10B,11.03%,$0.86B,$0.10B,11.03%,$0.86B,$0.23B,27.18%,$0.86B,$0.01B,1.05%,$0.86B,$-0.05B,-5.23%,$-0.05B,$0.99B,-4.84%,$-0.05B,$0.99B,-4.85%,$-0.05B,$3.59B,-1.24%,$0.10B,$3.35B,2.84%,$204,$139,$65,$0,$11,$181,$23,$-31,$-9,$-1,$-8,$-8,$-18,$58,$23,$62,62,$-0.34,$-0.27,$252,$0,$0,$354,$2958,$0,$3,$257,$3235,$3590,$85,$2362,$40,$2515,$2600,$1,$-609,$-0,$990,$3590,$-0,$141,$-26,$114,$-1,$0,$0,$-41,$-40,$75,$154,$0,$-12,$23,$-213,$-191,$1,$-48,$-211,$0,$-211,$86,$123,$-53,$64,$-77,$-50,$12,$-53
28,2011-09-30,2.75,$14.58,0.19,$13.46,0.2,$8.53,0.32,$-2.63,0.0,$0.35B,$0.09B,3.93,$2.39B,$0.99B,2.41,$0.85B,$0.26B,30.34%,$0.85B,$0.08B,9.56%,$0.85B,$0.08B,9.56%,$0.85B,$0.23B,26.68%,$0.85B,$-0.04B,-4.13%,$0.85B,$-0.14B,-16.29%,$-0.14B,$0.99B,-15.48%,$-0.14B,$0.99B,-15.53%,$-0.14B,$3.63B,-3.78%,$0.08B,$3.38B,2.42%,$215,$154,$60,$0,$9,$197,$18,$-41,$-24,$1,$-25,$-25,$-29,$53,$18,$67,67,$-0.43,$-0.43,$259,$0,$0,$353,$2968,$0,$3,$289,$3275,$3628,$90,$2391,$48,$2547,$2637,$1,$-572,$-0,$992,$3628,$12,$105,$-36,$69,$-6,$0,$0,$-20,$-16,$64,$108,$0,$-12,$0,$-145,$-145,$23,$-26,$-181,$0,$-181,$86,$94,$-37,$49,$-75,$-37,$8,$-37
29,2011-06-30,4.77,$14.60,0.33,$14.32,0.33,$6.61,0.72,$-1.47,0.0,$0.33B,$0.10B,3.16,$2.45B,$0.89B,2.75,$0.83B,$0.25B,30.22%,$0.83B,$0.08B,9.11%,$0.83B,$0.08B,9.11%,$0.83B,$0.22B,26.86%,$0.83B,$-0.02B,-1.92%,$0.83B,$-0.07B,-8.75%,$-0.07B,$0.89B,-8.41%,$-0.07B,$0.89B,-8.44%,$-0.07B,$3.63B,-1.99%,$0.08B,$3.34B,2.27%,$230,$156,$74,$0,$11,$194,$36,$-37,$-1,$0,$-1,$-1,$-29,$70,$36,$59,59,$-0.49,$-0.49,$228,$0,$0,$327,$2984,$0,$3,$295,$3298,$3625,$103,$2445,$22,$2630,$2734,$1,$-589,$-0,$891,$3625,$37,$70,$-25,$44,$-12,$0,$0,$-17,$-21,$60,$144,$0,$-12,$22,$-174,$-152,$1,$-19,$-125,$0,$-125,$3,$11,$-22,$32,$-105,$-63,$5,$-22
30,2011-03-31,4.17,$14.29,0.29,$13.43,0.31,$3.96,1.05,$-0.92,0.0,$0.31B,$0.12B,2.67,$2.45B,$0.85B,2.88,$0.82B,$0.24B,29.56%,$0.82B,$0.07B,7.91%,$0.82B,$0.07B,7.91%,$0.82B,$0.22B,26.28%,$0.82B,$0.01B,0.85%,$0.82B,$-0.04B,-5.11%,$-0.04B,$0.85B,-4.97%,$-0.04B,$0.85B,-4.99%,$-0.04B,$3.65B,-1.12%,$0.07B,$3.29B,1.91%,$212,$149,$63,$0,$14,$194,$18,$25,$43,$1,$42,$42,$31,$53,$18,$58,79,$0.53,$0.46,$166,$0,$0,$307,$3018,$0,$3,$301,$3339,$3647,$115,$2445,$22,$2683,$2798,$1,$-532,$-0,$849,$3647,$44,$35,$-31,$4,$-42,$0,$0,$-7,$-32,$16,$144,$0,$-12,$0,$-160,$-159,$0,$-27,$-125,$0,$-125,$3,$3,$-7,$16,$-114,$-125,$2,$-7
31,2010-12-31,3.59,$14.13,0.25,$14.51,0.25,$2.08,1.72,$-1.37,0.0,$0.38B,$0.09B,4.31,$2.57B,$0.83B,3.08,$0.81B,$0.24B,29.05%,$0.81B,$0.06B,7.66%,$0.81B,$0.06B,7.66%,$0.81B,$0.22B,26.82%,$0.81B,$-0.03B,-3.21%,$0.81B,$-0.07B,-9.02%,$-0.07B,$0.83B,-8.75%,$-0.07B,$0.83B,-8.78%,$-0.07B,$3.72B,-1.92%,$0.06B,$3.40B,1.78%,$190,$129,$60,$0,$8,$181,$9,$-62,$-53,$-1,$-52,$-52,$-111,$50,$9,$51,51,$-2.19,$-2.19,$285,$0,$0,$383,$3024,$0,$3,$290,$3334,$3717,$89,$2569,$26,$2794,$2883,$1,$-544,$-1,$834,$3717,$-62,$155,$-21,$134,$3,$0,$0,$-1,$11,$83,$-57,$0,$-3,$28,$-15,$13,$0,$-47,$-107,$0,$-107,$25,$98,$-24,$50,$17,$53,$7,$-24
32,2010-09-30,3.37,$17.54,0.19,$13.20,0.26,$2.56,1.32,$-0.50,0.0,$0.26B,$0.11B,2.4,$2.49B,$0.90B,2.78,$0.78B,$0.23B,28.70%,$0.78B,$0.08B,9.57%,$0.78B,$0.08B,9.57%,$0.78B,$0.23B,29.21%,$0.78B,$0.03B,3.44%,$0.78B,$-0.04B,-4.97%,$-0.04B,$0.90B,-4.65%,$-0.04B,$0.89B,-4.66%,$-0.04B,$3.72B,-1.01%,$0.08B,$3.39B,2.12%,$202,$147,$55,$0,$8,$189,$13,$-19,$-5,$-0,$-5,$-5,$36,$51,$13,$50,50,$0.71,$0.71,$140,$0,$0,$255,$3253,$0,$3,$184,$3459,$3715,$106,$2490,$29,$2712,$2818,$1,$-406,$-1,$897,$3715,$60,$114,$-119,$-5,$-7,$0,$0,$4,$23,$78,$-45,$0,$0,$0,$-15,$-15,$24,$-36,$-185,$0,$-185,$-45,$27,$-17,$39,$-135,$-93,$5,$-17
33,2010-06-30,2.73,$15.60,0.18,$12.31,0.22,$3.08,0.89,$-1.75,0.0,$0.37B,$0.12B,3.2,$2.77B,$0.80B,3.47,$0.79B,$0.22B,28.01%,$0.79B,$0.05B,5.96%,$0.79B,$0.05B,5.96%,$0.79B,$0.20B,25.86%,$0.79B,$0.00B,0.25%,$0.79B,$-0.11B,-13.81%,$-0.11B,$0.80B,-12.70%,$-0.11B,$0.80B,-12.74%,$-0.11B,$3.89B,-2.76%,$0.05B,$3.57B,1.29%,$218,$153,$65,$0,$8,$193,$25,$-2,$22,$0,$22,$22,$2,$62,$25,$51,73,$0.04,$0.04,$247,$0,$0,$367,$3323,$0,$3,$174,$3520,$3887,$115,$2769,$28,$2975,$3089,$1,$-431,$-1,$798,$3887,$13,$76,$-49,$27,$-12,$0,$0,$4,$17,$57,$0,$0,$0,$0,$-33,$-33,$22,$-12,$-5,$0,$-5,$-45,$-45,$-11,$26,$-36,$10,$3,$-11
34,2010-03-31,2.67,$15.28,0.17,$12.59,0.21,$2.66,1.0,$-4.15,0.0,$0.37B,$0.11B,3.27,$2.77B,$0.81B,3.43,$0.80B,$0.22B,27.31%,$0.80B,$-0.09B,-11.10%,$0.80B,$-0.09B,-11.10%,$0.80B,$0.07B,8.85%,$0.80B,$-0.19B,-24.06%,$0.80B,$-0.28B,-34.54%,$-0.28B,$0.81B,-30.23%,$-0.28B,$0.80B,-30.33%,$-0.28B,$3.90B,-6.91%,$-0.09B,$3.58B,-2.40%,$199,$144,$55,$0,$7,$184,$15,$-5,$10,$0,$10,$10,$0,$54,$15,$53,53,$0.01,$0.01,$243,$0,$0,$368,$3362,$0,$3,$149,$3534,$3902,$112,$2772,$28,$2983,$3095,$1,$-433,$-1,$807,$3902,$5,$39,$-29,$9,$-13,$0,$0,$5,$11,$26,$-18,$0,$0,$0,$0,$0,$21,$3,$-1,$0,$-1,$-29,$-29,$-6,$15,$-21,$7,$1,$-6
35,2009-12-31,1.73,$14.86,0.12,$11.75,0.15,$2.93,0.59,$-4.08,0.0,$0.37B,$0.09B,4.02,$2.77B,$0.86B,3.24,$0.84B,$0.23B,27.80%,$0.84B,$-0.08B,-9.79%,$0.84B,$-0.08B,-9.79%,$0.84B,$0.08B,9.43%,$0.84B,$-0.19B,-22.32%,$0.84B,$-0.27B,-32.22%,$-0.27B,$0.86B,-26.53%,$-0.27B,$0.85B,-26.61%,$-0.27B,$3.91B,-6.55%,$-0.08B,$3.63B,-2.15%,$165,$114,$50,$0,$7,$142,$22,$-22,$-0,$1,$-1,$-1,$-77,$62,$22,$69,69,$-1.15,$-1.15,$243,$0,$0,$372,$3384,$0,$3,$135,$3543,$3914,$92,$2772,$34,$2966,$3059,$1,$-412,$-1,$856,$3914,$-289,$162,$201,$363,$-5,$0,$0,$-6,$-9,$66,$1,$0,$-3,$13,$-69,$-56,$14,$-45,$12,$0,$12,$-81,$-92,$-23,$6,$-97,$-76,$5,$-23
36,2009-09-30,1.29,$15.22,0.08,$10.73,0.12,$5.97,0.22,$-1.43,0.0,$0.42B,$0.12B,3.45,$2.80B,$0.97B,2.88,$0.83B,$0.24B,29.26%,$0.83B,$-0.07B,-8.59%,$0.83B,$-0.07B,-8.59%,$0.83B,$0.09B,10.76%,$0.83B,$-0.06B,-7.62%,$0.83B,$-0.07B,-7.86%,$-0.07B,$0.97B,-5.85%,$-0.07B,$0.97B,-5.86%,$-0.07B,$4.09B,-1.54%,$-0.07B,$3.77B,-1.81%,$207,$156,$51,$0,$9,$222,$-15,$-15,$-30,$0,$-30,$-30,$-34,$26,$-15,$65,65,$-0.52,$-0.52,$263,$0,$0,$422,$3490,$0,$3,$152,$3664,$4086,$122,$2802,$29,$2991,$3113,$1,$-322,$-1,$972,$4086,$-204,$122,$143,$265,$2,$0,$0,$-8,$17,$77,$1,$0,$0,$0,$-52,$-52,$0,$-51,$13,$0,$13,$-53,$-64,$-17,$-1,$-70,$-44,$4,$-17
37,2009-06-30,1.05,$14.68,0.07,$10.02,0.1,$8.59,0.12,$-0.89,0.0,$0.48B,$0.12B,4.21,$2.80B,$1.03B,2.72,$0.91B,$0.28B,30.61%,$0.91B,$-0.02B,-2.54%,$0.91B,$-0.02B,-2.54%,$0.91B,$0.14B,15.36%,$0.91B,$-0.02B,-2.65%,$0.91B,$-0.03B,-3.20%,$-0.03B,$1.03B,-2.52%,$-0.03B,$1.03B,-2.52%,$-0.03B,$4.14B,-0.68%,$-0.02B,$3.83B,-0.58%,$231,$168,$63,$0,$7,$342,$-111,$-62,$-173,$0,$-173,$-173,$-166,$-71,$-111,$71,71,$-2.34,$-2.34,$304,$0,$0,$482,$3510,$0,$3,$124,$3658,$4141,$115,$2804,$32,$2996,$3111,$1,$-284,$-1,$1030,$4141,$-171,$81,$139,$220,$-2,$0,$0,$-4,$10,$59,$-33,$0,$0,$0,$0,$0,$0,$-33,$14,$0,$14,$-34,$-45,$-12,$11,$-31,$-5,$3,$-12
38,2009-03-31,0.57,$16.21,0.04,$9.34,0.06,$8.89,0.06,$1.17,0.49,$0.61B,$0.11B,5.77,$2.81B,$1.21B,2.31,$0.98B,$0.32B,32.11%,$0.98B,$0.14B,14.37%,$0.98B,$0.14B,14.37%,$0.98B,$0.31B,31.09%,$0.98B,$0.11B,11.52%,$0.98B,$0.10B,10.50%,$0.10B,$1.21B,8.62%,$0.10B,$1.21B,8.64%,$0.10B,$4.34B,2.40%,$0.14B,$4.02B,3.59%,$235,$166,$69,$0,$7,$213,$22,$-6,$16,$0,$16,$16,$7,$62,$22,$81,81,$0.08,$0.08,$305,$0,$0,$614,$3546,$0,$3,$156,$3728,$4342,$106,$2808,$31,$3022,$3129,$1,$-118,$-1,$1213,$4342,$14,$41,$-29,$12,$-4,$0,$0,$3,$7,$32,$0,$0,$0,$0,$-20,$-20,$0,$-20,$18,$0,$18,$-16,$-27,$-6,$0,$-15,$-2,$2,$-6
39,2008-12-31,0.43,$14.23,0.03,$8.83,0.05,$8.72,0.05,$1.08,0.4,$0.61B,$0.09B,6.56,$2.79B,$1.23B,2.27,$1.03B,$0.33B,32.27%,$1.03B,$0.16B,15.12%,$1.03B,$0.16B,15.12%,$1.03B,$0.33B,31.78%,$1.03B,$0.10B,9.69%,$1.03B,$0.10B,9.88%,$0.10B,$1.23B,8.46%,$0.10B,$1.23B,8.48%,$0.10B,$4.34B,2.37%,$0.16B,$4.02B,3.98%,$154,$94,$59,$0,$4,$121,$33,$91,$124,$-1,$124,$122,$128,$72,$33,$111,111,$1.19,$1.19,$311,$0,$0,$613,$3568,$0,$3,$131,$3726,$4340,$93,$2791,$42,$3015,$3108,$1,$-125,$-1,$1232,$4340,$146,$173,$-128,$45,$14,$0,$0,$-20,$-46,$145,$301,$0,$-138,$23,$-18,$5,$0,$168,$92,$0,$92,$-97,$-107,$-139,$-10,$-164,$149,$7,$-139
40,2008-09-30,1.51,$10.34,0.15,$9.89,0.15,$7.86,0.19,$-0.35,0.0,$0.60B,$0.12B,5.08,$2.79B,$1.14B,2.45,$1.14B,$0.35B,31.13%,$1.14B,$0.16B,14.07%,$1.14B,$0.16B,14.07%,$1.14B,$0.35B,31.13%,$1.14B,$-0.03B,-2.20%,$1.14B,$-0.04B,-3.17%,$-0.04B,$1.14B,-2.95%,$-0.04B,$1.13B,-2.97%,$-0.04B,$4.33B,-0.84%,$0.16B,$3.93B,4.09%,$285,$199,$86,$0,$9,$252,$33,$-24,$9,$0,$8,$8,$2,$76,$33,$116,116,$0.01,$0.01,$293,$0,$0,$600,$3584,$0,$3,$122,$3734,$4334,$118,$2790,$100,$3079,$3197,$1,$-260,$-0,$1137,$4334,$-9,$133,$29,$162,$4,$0,$0,$-16,$-29,$124,$317,$0,$-138,$20,$-121,$-100,$0,$79,$91,$0,$91,$-46,$-46,$-105,$-7,$-68,$136,$5,$-105
41,2008-06-30,1.58,$10.01,0.16,$9.73,0.16,$4.26,0.37,$-0.42,0.0,$0.39B,$0.14B,2.74,$2.55B,$1.20B,2.13,$1.13B,$0.35B,30.77%,$1.13B,$0.17B,14.59%,$1.13B,$0.17B,14.59%,$1.13B,$0.36B,31.74%,$1.13B,$-0.04B,-3.18%,$1.13B,$-0.05B,-3.98%,$-0.05B,$1.20B,-3.55%,$-0.05B,$1.20B,-3.56%,$-0.05B,$4.17B,-1.02%,$0.17B,$3.75B,4.13%,$307,$206,$101,$0,$8,$253,$53,$-89,$-36,$0,$-36,$-33,$-34,$95,$53,$119,119,$-0.28,$-0.28,$163,$0,$0,$390,$3689,$0,$3,$66,$3781,$4170,$142,$2552,$86,$2829,$2972,$1,$-238,$-0,$1199,$4170,$-18,$90,$40,$131,$-10,$0,$0,$-1,$-33,$80,$0,$0,$243,$16,$-95,$-79,$0,$164,$-147,$0,$-147,$-5,$-5,$-70,$-3,$-224,$20,$3,$-70
42,2008-03-31,1.81,$10.23,0.18,$9.88,0.18,$4.02,0.45,$-0.01,0.0,$0.38B,$0.16B,2.39,$2.71B,$1.26B,2.16,$1.12B,$0.34B,30.59%,$1.12B,$0.15B,13.42%,$1.12B,$0.15B,13.42%,$1.12B,$0.37B,32.65%,$1.12B,$-0.00B,-0.36%,$1.12B,$0.00B,0.27%,$0.00B,$1.26B,0.23%,$0.00B,$1.25B,0.23%,$0.00B,$4.36B,0.07%,$0.15B,$3.97B,3.64%,$286,$199,$87,$0,$8,$249,$37,$-33,$3,$0,$3,$2,$6,$85,$37,$119,119,$-0.01,$-0.01,$141,$0,$0,$377,$3824,$0,$3,$129,$3980,$4357,$157,$2713,$39,$2944,$3101,$1,$-180,$-0,$1256,$4357,$6,$48,$-5,$43,$-12,$0,$0,$1,$-22,$27,$0,$0,$40,$16,$-50,$-34,$0,$5,$14,$0,$14,$-5,$-5,$-35,$-4,$-30,$2,$2,$-35
43,2007-12-31,2.17,$10.67,0.2,$9.53,0.23,$4.03,0.54,$0.12,18.07,$0.35B,$0.13B,2.8,$2.70B,$1.29B,2.1,$0.98B,$0.30B,30.58%,$0.98B,$0.14B,13.97%,$0.98B,$0.14B,13.97%,$0.98B,$0.32B,32.82%,$0.98B,$0.00B,0.10%,$0.98B,$0.01B,0.61%,$0.01B,$1.29B,0.52%,$0.01B,$1.27B,0.52%,$0.01B,$4.38B,0.15%,$0.14B,$3.99B,3.85%,$259,$179,$80,$0,$7,$222,$37,$-38,$-1,$3,$-4,$-3,$-10,$98,$37,$106,106,$-0.15,$-0.15,$145,$0,$0,$349,$3886,$0,$14,$106,$4031,$4380,$125,$2701,$74,$2971,$3095,$1,$-154,$-0,$1285,$4380,$36,$184,$-29,$156,$10,$0,$0,$-78,$-37,$156,$178,$0,$-2081,$30,$0,$30,$0,$-1873,$1154,$0,$1154,$529,$721,$-125,$-14,$1736,$19,$6,$-125
44,2007-09-30,2.89,$10.89,0.27,$8.23,0.35,$2.64,1.1,$0.29,9.98,$0.39B,$0.14B,2.82,$2.92B,$1.34B,2.19,$0.79B,$0.24B,30.64%,$0.79B,$0.11B,13.87%,$0.79B,$0.11B,13.87%,$0.79B,$0.25B,31.78%,$0.79B,$0.01B,0.76%,$0.79B,$0.02B,3.03%,$0.02B,$1.34B,2.41%,$0.02B,$1.34B,2.41%,$0.02B,$4.75B,0.71%,$0.11B,$4.26B,3.67%,$279,$200,$80,$0,$8,$241,$38,$-40,$-2,$2,$-4,$-4,$-7,$81,$38,$121,121,$-0.05,$-0.05,$193,$0,$0,$393,$4187,$0,$0,$142,$4360,$4753,$139,$2921,$71,$3278,$3418,$1,$-118,$-0,$1335,$4753,$33,$123,$-21,$102,$-13,$0,$0,$-62,$-33,$102,$-77,$0,$-1897,$30,$0,$30,$0,$-1944,$1264,$0,$1264,$548,$739,$-77,$-14,$1912,$70,$5,$-77
45,2007-06-30,3.27,$11.15,0.29,$7.62,0.43,$3.46,0.95,$0.43,7.61,$0.40B,$0.13B,3.21,$2.92B,$1.37B,2.14,$0.63B,$0.20B,31.53%,$0.63B,$0.09B,14.17%,$0.63B,$0.09B,14.17%,$0.63B,$0.20B,32.17%,$0.63B,$0.02B,2.39%,$0.63B,$0.04B,5.89%,$0.04B,$1.37B,4.50%,$0.04B,$1.37B,4.51%,$0.04B,$4.78B,1.41%,$0.09B,$4.29B,3.90%,$294,$199,$95,$0,$7,$256,$38,$-42,$-4,$-0,$-3,$-3,$14,$101,$38,$108,108,$0.13,$0.13,$205,$0,$0,$402,$4279,$0,$0,$60,$4373,$4775,$125,$2923,$72,$3282,$3407,$1,$-86,$-0,$1368,$4775,$33,$80,$-23,$58,$-17,$0,$0,$-57,$-44,$46,$0,$0,$-1899,$30,$-45,$-15,$0,$-1914,$1266,$0,$1266,$548,$741,$-41,$-14,$1951,$84,$3,$-41
46,2007-03-31,3.23,$8.61,0.37,$6.95,0.46,$3.80,0.85,$0.45,7.17,$0.23B,$0.09B,2.59,$1.08B,$0.64B,1.71,$0.45B,$0.14B,31.63%,$0.45B,$0.07B,16.48%,$0.45B,$0.07B,16.48%,$0.45B,$0.14B,30.29%,$0.45B,$0.03B,6.90%,$0.45B,$0.03B,6.90%,$0.03B,$0.64B,5.16%,$0.03B,$0.64B,5.16%,$0.03B,$2.03B,1.72%,$0.07B,$1.72B,4.82%,$149,$104,$45,$0,$5,$124,$24,$-16,$8,$-1,$10,$8,$9,$42,$24,$72,72,$0.12,$0.12,$82,$0,$0,$228,$1620,$0,$0,$171,$1804,$2032,$88,$1083,$42,$1309,$1396,$1,$-74,$-0,$635,$2032,$11,$18,$2,$20,$-8,$0,$0,$-15,$-14,$17,$0,$0,$30,$8,$-20,$-12,$-15,$4,$-9,$0,$-9,$-1,$-1,$-20,$-0,$-29,$-8,$1,$-20
47,2006-12-31,3.27,$8.80,0.37,$6.82,0.48,$3.99,0.82,$0.42,7.79,$0.22B,$0.05B,4.58,$1.09B,$0.64B,1.7,$0.40B,$0.13B,32.17%,$0.40B,$0.07B,16.96%,$0.40B,$0.07B,16.96%,$0.40B,$0.12B,30.67%,$0.40B,$0.03B,6.98%,$0.40B,$0.03B,6.73%,$0.03B,$0.64B,4.80%,$0.03B,$0.64B,4.81%,$0.03B,$2.01B,1.63%,$0.07B,$1.73B,4.84%,$71,$48,$23,$0,$5,$61,$10,$-6,$4,$-2,$7,$6,$8,$28,$10,$62,62,$0.11,$0.10,$83,$0,$0,$224,$1633,$0,$0,$140,$1788,$2012,$49,$1091,$45,$1321,$1370,$1,$-68,$0,$642,$2012,$38,$55,$11,$67,$6,$0,$0,$19,$35,$140,$-30,$0,$-578,$43,$0,$43,$0,$-565,$221,$0,$221,$290,$290,$-66,$-3,$441,$15,$5,$-66
