,Date,Stock Price,Book Value per Share,Price to Book Ratio,TTM Sales per Share,Price to Sales Ratio,TTM FCF per Share,Price to FCF Ratio,TTM Net EPS,PE Ratio,Current Assets,Current Liabilities,Current Ratio,Long Term Debt,Shareholder's Equity_x,Debt to Equity Ratio,TTM Revenue_x,TTM Gross Profit,Gross Margin,TTM Revenue_y,TTM Operating Income,Operating Margin,TTM Revenue_x,TTM EBIT,EBIT Margin,TTM Revenue_y,TTM EBITDA,EBITDA Margin,TTM Revenue_x,TTM Pre-Tax Income,Pre-Tax Margin,TTM Revenue_y,TTM Net Income_x,Net Margin,TTM Net Income_y,Shareholder's Equity_y,Return on Equity,TTM Net Income_x,Tangible Equity,Return on Tangible Equity,TTM Net Income_y,Total Assets,Return on Assets,TTM Net Income,LT Investments & Debt,Return on Investment,revenue,cost-goods-sold,gross-profit,research-development-expenses,selling-general-administrative-expenses,operating-expenses,operating-income,total-non-operating-income-expense,pre-tax-income,total-provision-income-taxes,income-after-taxes,income-from-continuous-operations,net-income,ebitda,ebit,basic-shares-outstanding,shares-outstanding,eps-basic-net-earnings-per-share,eps-earnings-per-share-diluted,cash-on-hand,inventory,other-current-assets,total-current-assets,net-property-plant-equipment,long-term-investments,goodwill-intangible-assets-total,other-long-term-assets,total-long-term-assets,total-assets,total-current-liabilities,long-term-debt,other-non-current-liabilities,total-long-term-liabilities,total-liabilities,common-stock-net,retained-earnings-accumulated-deficit,comprehensive-income,total-share-holder-equity,total-liabilities-share-holders-equity,net-income-loss,total-depreciation-amortization-cash-flow,other-non-cash-items,total-non-cash-items,change-in-accounts-receivable,change-in-inventories,change-in-accounts-payable,change-in-assets-liabilities,total-change-in-assets-liabilities,cash-flow-from-operating-activities,net-change-in-property-plant-equipment,net-change-in-intangible-assets,net-acquisitions-divestitures,net-change-in-short-term-investments,net-change-in-long-term-investments,net-change-in-investments-total,investing-activities-other,cash-flow-from-investing-activities,net-long-term-debt,net-current-debt,debt-issuance-retirement-net-total,net-common-equity-issued-repurchased,net-total-equity-issued-repurchased,total-common-preferred-stock-dividends-paid,financial-activities-other,cash-flow-from-financial-activities,net-cash-flow,stock-based-compensation,common-stock-dividends-paid
0,2018-09-30,9.34,$10.24,0.91,$4.46,2.1,$6.49,1.44,$-2.07,0.0,$4.52B,$4.11B,1.1,$0.07B,$0.30B,0.25,$0.13B,$0.13B,100.00%,$0.13B,$0.03B,27.20%,$0.13B,$0.11B,87.20%,$0.13B,$0.14B,112.00%,$0.13B,$-0.01B,-8.00%,$0.13B,$-0.06B,-48.00%,$-0.06B,$0.31B,-18.15%,$-0.06B,$0.31B,-18.15%,$-0.06B,$4.54B,-1.38%,$0.03B,$0.39B,8.41%,$33,$0,$33,$0,$4,$26,$6,$-2,$4,$10,$-6,$-6,$-6,$37,$29,$29,29,$-0.19,$-0.19,$32,$4399,$74,$4520,$0,$0,$0,$16,$16,$4536,$4113,$74,$5,$113,$4226,$0,$-1695,$0,$311,$4536,$-65,$25,$89,$114,$-2,$0,$0,$-1,$-4,$46,$0,$0,$0,$0,$-440,$-440,$0,$-440,$0,$0,$0,$446,$447,$-42,$0,$405,$11,$0,$-42
1,2018-06-30,10.31,$10.87,0.95,$4.41,2.34,$7.33,1.41,$-1.03,0.0,$4.23B,$3.85B,1.1,$0.07B,$0.30B,0.25,$0.12B,$0.12B,100.00%,$0.12B,$0.04B,31.40%,$0.12B,$0.10B,85.95%,$0.12B,$0.14B,112.40%,$0.12B,$0.01B,8.26%,$0.12B,$-0.03B,-25.62%,$-0.03B,$0.31B,-8.83%,$-0.03B,$0.31B,-8.83%,$-0.03B,$4.25B,-0.73%,$0.04B,$0.38B,8.95%,$30,$0,$30,$0,$3,$23,$7,$-5,$3,$6,$-4,$-4,$-4,$35,$27,$28,28,$-0.13,$-0.13,$19,$4050,$62,$4228,$0,$0,$0,$26,$26,$4254,$3848,$74,$1,$100,$3948,$0,$-1678,$0,$306,$4254,$-60,$16,$77,$94,$-1,$0,$0,$-4,$-5,$30,$0,$0,$0,$0,$-128,$-128,$40,$-88,$0,$85,$85,$1,$2,$-31,$0,$56,$-3,$0,$-31
2,2018-03-31,10.66,$11.34,0.94,$4.64,2.3,$8.05,1.32,$-1.64,0.0,$4.44B,$4.05B,1.1,$0.07B,$0.31B,0.24,$0.12B,$0.12B,100.00%,$0.12B,$0.05B,37.70%,$0.12B,$0.10B,85.25%,$0.12B,$0.14B,112.30%,$0.12B,$0.01B,4.92%,$0.12B,$-0.05B,-36.89%,$-0.05B,$0.32B,-12.39%,$-0.05B,$0.32B,-12.39%,$-0.05B,$4.46B,-1.05%,$0.05B,$0.39B,10.53%,$31,$0,$31,$0,$4,$21,$10,$-48,$-38,$18,$-56,$-56,$-57,$34,$27,$28,28,$-2.00,$-2.00,$15,$3907,$58,$4440,$0,$0,$0,$21,$21,$4461,$4047,$74,$3,$95,$4142,$0,$-1664,$0,$319,$4461,$-56,$8,$66,$74,$-0,$0,$0,$-5,$-5,$13,$0,$0,$0,$0,$79,$79,$-0,$79,$0,$-84,$-84,$-0,$0,$-16,$0,$-99,$-6,$0,$-16
3,2017-12-31,10.83,$13.73,0.79,$4.81,2.25,$8.24,1.31,$0.58,18.67,$4.15B,$3.69B,1.12,$0.07B,$0.38B,0.2,$0.12B,$0.12B,100.00%,$0.12B,$0.05B,42.15%,$0.12B,$0.10B,84.30%,$0.12B,$0.14B,112.40%,$0.12B,$0.06B,47.93%,$0.12B,$0.02B,14.05%,$0.02B,$0.39B,4.51%,$0.02B,$0.39B,4.51%,$0.02B,$4.16B,0.39%,$0.05B,$0.46B,11.32%,$31,$0,$31,$0,$5,$20,$11,$10,$21,$14,$7,$7,$7,$34,$26,$26,26,$0.33,$0.33,$22,$4054,$59,$4148,$0,$0,$0,$12,$13,$4161,$3694,$74,$6,$80,$3774,$0,$-1596,$0,$386,$4161,$17,$33,$33,$66,$-1,$0,$0,$2,$1,$88,$0,$0,$0,$0,$-173,$-173,$25,$-148,$0,$18,$18,$61,$68,$-60,$0,$26,$-33,$0,$-60
4,2017-09-30,11.18,$14.00,0.8,$4.70,2.38,$8.70,1.29,$-1.46,0.0,$0.19B,$3.74B,0.05,$0.07B,$0.39B,0.19,$0.12B,$0.12B,100.00%,$0.12B,$0.05B,45.22%,$0.12B,$0.10B,83.48%,$0.12B,$0.13B,114.78%,$0.12B,$0.02B,15.65%,$0.12B,$-0.03B,-26.96%,$-0.03B,$0.39B,-8.37%,$-0.03B,$0.39B,-8.37%,$-0.03B,$4.22B,-0.71%,$0.05B,$0.47B,11.72%,$29,$0,$29,$0,$5,$19,$10,$13,$24,$1,$23,$23,$23,$33,$24,$26,27,$0.86,$0.85,$26,$0,$59,$191,$0,$3995,$0,$7,$4025,$4216,$3741,$74,$8,$82,$3823,$0,$-1587,$0,$393,$4216,$10,$25,$30,$55,$-1,$0,$0,$-1,$-2,$65,$0,$0,$0,$0,$-163,$-163,$1,$-162,$0,$0,$0,$106,$113,$-44,$0,$68,$-28,$0,$-44
5,2017-06-30,11.51,$13.67,0.84,$4.73,2.43,$9.03,1.27,$-1.50,0.0,$0.15B,$3.94B,0.04,$0.07B,$0.35B,0.21,$0.11B,$0.11B,100.00%,$0.11B,$0.06B,50.00%,$0.11B,$0.09B,83.04%,$0.11B,$0.13B,114.29%,$0.11B,$0.03B,25.00%,$0.11B,$-0.04B,-31.25%,$-0.04B,$0.36B,-9.20%,$-0.04B,$0.36B,-9.20%,$-0.04B,$4.37B,-0.81%,$0.06B,$0.43B,12.33%,$31,$0,$31,$0,$4,$17,$15,$-16,$-1,$17,$-18,$-18,$-18,$36,$27,$24,24,$-0.74,$-0.74,$73,$0,$65,$151,$0,$4183,$0,$11,$4217,$4369,$3935,$74,$5,$79,$4014,$0,$-1594,$0,$355,$4369,$-13,$16,$42,$58,$-1,$0,$0,$-3,$-4,$43,$0,$0,$0,$0,$-276,$-276,$-21,$-296,$0,$265,$265,$33,$37,$-30,$0,$272,$19,$0,$-30
6,2017-03-31,11.44,$15.85,0.72,$4.58,2.5,$9.15,1.25,$-0.20,0.0,$4.65B,$4.26B,1.09,$0.07B,$0.37B,0.2,$0.11B,$0.11B,100.00%,$0.11B,$0.05B,49.53%,$0.11B,$0.09B,79.44%,$0.11B,$0.12B,109.35%,$0.11B,$0.03B,29.91%,$0.11B,$-0.00B,-3.74%,$-0.00B,$0.37B,-1.00%,$-0.00B,$0.37B,-1.00%,$-0.00B,$4.72B,-0.09%,$0.05B,$0.45B,11.19%,$30,$0,$30,$0,$5,$15,$15,$-2,$14,$8,$5,$5,$5,$33,$25,$24,24,$0.22,$0.22,$16,$4391,$64,$4645,$0,$1,$0,$9,$76,$4720,$4262,$74,$10,$84,$4346,$0,$-1537,$0,$374,$4720,$5,$7,$10,$17,$-2,$0,$0,$-6,$-8,$16,$0,$0,$0,$0,$-633,$-633,$0,$-633,$0,$593,$593,$0,$0,$-15,$0,$578,$-39,$0,$-15
7,2016-12-31,11.49,$15.19,0.76,$4.56,2.52,$9.41,1.22,$-1.80,0.0,$3.99B,$3.67B,1.09,$0.07B,$0.36B,0.21,$0.11B,$0.11B,100.00%,$0.11B,$0.06B,52.83%,$0.11B,$0.08B,79.25%,$0.11B,$0.11B,107.55%,$0.11B,$-0.01B,-13.21%,$0.11B,$-0.04B,-38.68%,$-0.04B,$0.36B,-9.89%,$-0.04B,$0.36B,-9.89%,$-0.04B,$4.12B,-1.03%,$0.06B,$0.43B,11.47%,$25,$0,$25,$0,$4,$13,$12,$-31,$-19,$22,$-41,$-41,$-41,$30,$20,$23,23,$-1.79,$-1.78,$55,$3911,$11,$3989,$0,$1,$0,$78,$128,$4117,$3674,$74,$11,$84,$3758,$0,$-1552,$0,$359,$4117,$-41,$29,$97,$125,$0,$0,$0,$1,$2,$89,$0,$0,$0,$0,$1,$1,$-50,$-50,$-787,$814,$27,$10,$10,$-58,$-0,$-21,$18,$0,$-58
8,2016-09-30,11.01,$18.85,0.58,$4.85,2.27,$10.39,1.06,$0.81,13.59,$3.91B,$3.46B,1.13,$0.07B,$0.43B,0.17,$0.11B,$0.11B,100.00%,$0.11B,$0.06B,57.14%,$0.11B,$0.09B,80.36%,$0.11B,$0.12B,102.68%,$0.11B,$0.03B,25.00%,$0.11B,$0.02B,16.96%,$0.02B,$0.43B,4.26%,$0.02B,$0.43B,4.26%,$0.02B,$4.04B,0.47%,$0.06B,$0.51B,8.94%,$26,$0,$26,$0,$5,$12,$14,$21,$34,$16,$19,$19,$19,$29,$21,$23,23,$0.82,$0.81,$43,$3669,$121,$3906,$0,$21,$0,$11,$129,$4035,$3457,$74,$69,$143,$3600,$0,$-1470,$5,$434,$4035,$0,$20,$43,$62,$1,$0,$0,$-1,$-0,$64,$0,$0,$0,$0,$352,$352,$-123,$230,$-787,$542,$-245,$0,$0,$-43,$-0,$-288,$6,$0,$-43
9,2016-06-30,9.29,$18.83,0.49,$5.11,1.82,$11.17,0.83,$-2.29,0.0,$3.77B,$3.40B,1.11,$0.07B,$0.43B,0.17,$0.12B,$0.12B,100.00%,$0.12B,$0.07B,62.39%,$0.12B,$0.10B,82.91%,$0.12B,$0.12B,103.42%,$0.12B,$-0.04B,-36.75%,$0.12B,$-0.05B,-45.30%,$-0.05B,$0.43B,-11.60%,$-0.05B,$0.43B,-11.60%,$-0.05B,$3.99B,-1.31%,$0.07B,$0.51B,9.07%,$26,$0,$26,$0,$8,$14,$12,$-9,$3,$-10,$13,$13,$13,$25,$19,$23,23,$0.56,$0.56,$19,$3570,$123,$3772,$0,$89,$0,$12,$213,$3985,$3399,$74,$80,$154,$3553,$0,$-1474,$7,$432,$3985,$-19,$12,$48,$59,$2,$0,$0,$0,$2,$44,$0,$0,$0,$0,$407,$407,$-135,$272,$-787,$482,$-305,$0,$0,$-29,$0,$-334,$-18,$0,$-29
10,2016-03-31,8.53,$18.87,0.45,$5.19,1.64,$11.27,0.76,$-2.56,0.0,$3.55B,$3.24B,1.1,$0.07B,$0.43B,0.17,$0.12B,$0.12B,100.00%,$0.12B,$0.08B,68.91%,$0.12B,$0.10B,87.39%,$0.12B,$0.13B,109.24%,$0.12B,$-0.03B,-28.57%,$0.12B,$-0.06B,-49.58%,$-0.06B,$0.43B,-12.16%,$-0.06B,$0.43B,-12.16%,$-0.06B,$3.79B,-1.40%,$0.08B,$0.51B,9.84%,$29,$0,$29,$0,$4,$11,$18,$-50,$-32,$-1,$-32,$-32,$-32,$30,$24,$23,23,$-1.38,$-1.38,$43,$3418,$82,$3553,$0,$129,$0,$8,$239,$3791,$3238,$73,$46,$120,$3358,$0,$-1473,$7,$434,$3791,$-32,$5,$49,$54,$4,$0,$0,$-6,$-2,$21,$0,$0,$0,$0,$543,$543,$16,$559,$-787,$228,$-559,$0,$0,$-14,$0,$-574,$6,$0,$-14
11,2015-12-31,8.59,$21.07,0.41,$5.27,1.63,$11.30,0.76,$-3.02,0.0,$3.94B,$2.86B,1.38,$0.86B,$0.48B,1.78,$0.12B,$0.12B,100.00%,$0.12B,$0.09B,71.90%,$0.12B,$0.11B,88.43%,$0.12B,$0.13B,108.26%,$0.12B,$-0.03B,-25.62%,$0.12B,$-0.07B,-57.02%,$-0.07B,$0.48B,-13.28%,$-0.07B,$0.48B,-13.28%,$-0.07B,$4.20B,-1.58%,$0.09B,$1.34B,10.02%,$31,$0,$31,$0,$6,$11,$20,$3,$23,$5,$19,$19,$19,$31,$26,$23,23,$0.82,$0.82,$37,$3865,$29,$3944,$0,$131,$0,$31,$259,$4203,$2857,$860,$2,$862,$3719,$0,$-1427,$12,$484,$4203,$-69,$25,$155,$180,$-1,$0,$0,$1,$0,$111,$0,$0,$0,$0,$-386,$-386,$-123,$-509,$821,$-345,$476,$-1,$-1,$-75,$1,$401,$3,$0,$-75
12,2015-09-30,8.73,$20.75,0.42,$4.81,1.81,$9.89,0.88,$-5.27,0.0,$3.93B,$3.27B,1.2,$0.38B,$0.48B,0.8,$0.11B,$0.11B,100.00%,$0.11B,$0.08B,71.30%,$0.11B,$0.09B,87.04%,$0.11B,$0.11B,104.63%,$0.11B,$-0.06B,-54.63%,$0.11B,$-0.12B,-110.19%,$-0.12B,$0.48B,-21.26%,$-0.12B,$0.48B,-21.26%,$-0.12B,$4.18B,-2.76%,$0.08B,$0.86B,10.95%,$31,$0,$31,$0,$3,$9,$23,$-60,$-37,$15,$-53,$-53,$-53,$35,$28,$23,23,$-2.29,$-2.29,$14,$3790,$87,$3930,$0,$135,$0,$14,$252,$4182,$3266,$384,$55,$438,$3704,$0,$-1431,$11,$478,$4182,$-88,$19,$151,$171,$-1,$0,$0,$-0,$-1,$81,$0,$0,$0,$0,$-209,$-209,$-149,$-358,$343,$-26,$317,$0,$0,$-61,$1,$257,$-20,$0,$-61
13,2015-06-30,11.64,$23.75,0.49,$5.03,2.31,$8.61,1.35,$-2.37,0.0,$4.42B,$3.93B,1.13,$0.08B,$0.55B,0.14,$0.11B,$0.11B,100.00%,$0.11B,$0.08B,71.82%,$0.11B,$0.09B,85.45%,$0.11B,$0.11B,96.36%,$0.11B,$-0.00B,-3.64%,$0.11B,$-0.05B,-48.18%,$-0.05B,$0.55B,-8.62%,$-0.05B,$0.55B,-8.62%,$-0.05B,$4.70B,-1.26%,$0.08B,$0.62B,11.74%,$28,$0,$28,$0,$3,$7,$21,$-9,$12,$6,$7,$7,$7,$34,$26,$23,23,$0.29,$0.29,$21,$4154,$184,$4423,$0,$154,$0,$5,$272,$4695,$3928,$75,$146,$221,$4149,$0,$-1368,$15,$545,$4695,$-36,$12,$77,$89,$-2,$0,$0,$-6,$-8,$46,$0,$0,$0,$0,$-705,$-705,$200,$-505,$34,$452,$486,$0,$0,$-40,$1,$446,$-13,$0,$-40
14,2015-03-31,13.71,$24.84,0.55,$5.31,2.58,$7.61,1.8,$-1.72,0.0,$4.01B,$3.55B,1.13,$0.08B,$0.57B,0.13,$0.11B,$0.11B,100.00%,$0.11B,$0.08B,72.32%,$0.11B,$0.09B,83.93%,$0.11B,$0.10B,84.82%,$0.11B,$0.02B,13.39%,$0.11B,$-0.04B,-36.61%,$-0.04B,$0.57B,-6.46%,$-0.04B,$0.57B,-6.46%,$-0.04B,$4.37B,-1.05%,$0.08B,$0.65B,11.86%,$31,$0,$31,$0,$2,$7,$23,$-53,$-29,$13,$-42,$-42,$-42,$31,$27,$23,23,$-1.84,$-1.84,$15,$3688,$213,$4009,$0,$243,$0,$2,$358,$4367,$3545,$75,$176,$251,$3796,$0,$-1355,$28,$571,$4367,$-42,$4,$65,$69,$-1,$0,$0,$-4,$-5,$22,$0,$0,$0,$0,$-169,$-169,$-77,$-246,$34,$192,$226,$0,$0,$-20,$0,$206,$-19,$0,$-20
15,2014-12-31,14.64,$28.10,0.52,$5.38,2.72,$7.12,2.06,$0.53,27.62,$3.62B,$3.21B,1.13,$0.04B,$0.65B,0.06,$0.11B,$0.11B,100.00%,$0.11B,$0.08B,71.43%,$0.11B,$0.09B,82.86%,$0.11B,$0.08B,76.19%,$0.11B,$0.06B,53.33%,$0.11B,$0.01B,7.62%,$0.01B,$0.65B,1.24%,$0.01B,$0.65B,1.24%,$0.01B,$4.02B,0.23%,$0.08B,$0.69B,10.91%,$18,$0,$18,$0,$8,$9,$10,$-15,$-5,$26,$-31,$-31,$-31,$13,$13,$20,20,$-1.60,$-1.58,$34,$3414,$160,$3619,$0,$267,$0,$5,$398,$4018,$3207,$40,$125,$165,$3372,$0,$-1288,$36,$645,$4018,$8,$5,$67,$72,$-6,$0,$0,$-7,$-13,$70,$0,$0,$0,$0,$-1665,$-1665,$-150,$-1815,$0,$1632,$1632,$167,$167,$-69,$0,$1730,$-15,$0,$-69
16,2014-09-30,13.54,$30.43,0.44,$5.87,2.31,$7.50,1.8,$4.32,3.13,$3.61B,$2.96B,1.22,$0.04B,$0.70B,0.06,$0.11B,$0.11B,100.00%,$0.11B,$0.09B,78.18%,$0.11B,$0.10B,88.18%,$0.11B,$0.09B,81.82%,$0.11B,$0.06B,58.18%,$0.11B,$0.08B,74.55%,$0.08B,$0.70B,13.14%,$0.08B,$0.70B,13.14%,$0.08B,$3.77B,2.73%,$0.09B,$0.74B,12.95%,$33,$0,$33,$0,$4,$8,$25,$-7,$18,$5,$13,$13,$13,$28,$28,$21,21,$0.62,$0.61,$31,$3469,$95,$3606,$0,$2,$0,$9,$159,$3765,$2958,$40,$67,$107,$3066,$0,$-1245,$48,$699,$3765,$39,$0,$15,$15,$-4,$0,$0,$-4,$-8,$48,$0,$0,$0,$0,$-1228,$-1228,$-77,$-1304,$0,$1121,$1121,$167,$167,$-49,$0,$1239,$-18,$0,$-49
17,2014-06-30,14.09,$31.58,0.45,$5.65,2.49,$7.71,1.83,$3.89,3.62,$2.96B,$2.69B,1.1,$0.04B,$0.62B,0.06,$0.10B,$0.10B,100.00%,$0.10B,$0.08B,78.00%,$0.10B,$0.09B,88.00%,$0.10B,$0.08B,79.00%,$0.10B,$0.05B,52.00%,$0.10B,$0.07B,72.00%,$0.07B,$0.62B,12.38%,$0.07B,$0.62B,12.38%,$0.07B,$3.43B,2.75%,$0.08B,$0.66B,12.55%,$30,$0,$30,$0,$4,$7,$23,$8,$31,$12,$19,$19,$19,$23,$26,$20,20,$0.95,$0.94,$27,$2814,$110,$2961,$0,$316,$0,$3,$470,$3432,$2689,$40,$80,$120,$2809,$0,$-1238,$50,$623,$3432,$26,$-7,$14,$7,$-4,$0,$-0,$-11,$-14,$20,$0,$0,$0,$0,$-1215,$-1215,$5,$-1210,$0,$1119,$1119,$82,$82,$-32,$0,$1168,$-22,$0,$-32
18,2014-03-31,13.23,$31.62,0.42,$5.53,2.39,$8.32,1.59,$3.14,4.21,$2.15B,$1.94B,1.11,$0.04B,$0.62B,0.06,$0.09B,$0.09B,100.00%,$0.09B,$0.07B,77.42%,$0.09B,$0.08B,87.10%,$0.09B,$0.07B,78.49%,$0.09B,$0.03B,29.03%,$0.09B,$0.06B,60.22%,$0.06B,$0.62B,9.98%,$0.06B,$0.62B,9.98%,$0.06B,$2.64B,2.35%,$0.07B,$0.66B,11.98%,$24,$0,$24,$0,$4,$6,$17,$-6,$12,$4,$7,$7,$7,$16,$20,$17,17,$0.42,$0.41,$112,$1954,$64,$2145,$0,$332,$0,$2,$496,$2641,$1936,$40,$43,$83,$2020,$0,$-1239,$51,$622,$2641,$7,$-3,$10,$7,$-1,$0,$0,$-6,$-6,$8,$0,$0,$0,$0,$-212,$-212,$-24,$-236,$0,$224,$224,$82,$82,$-15,$0,$291,$64,$0,$-15
19,2013-12-31,12.75,$33.24,0.38,$5.43,2.35,$8.67,1.47,$2.96,4.31,$1.68B,$1.57B,1.07,$0.04B,$0.55B,0.07,$0.09B,$0.09B,100.00%,$0.09B,$0.07B,78.16%,$0.09B,$0.08B,87.36%,$0.09B,$0.07B,80.46%,$0.09B,$0.01B,16.09%,$0.09B,$0.05B,59.77%,$0.05B,$0.55B,9.59%,$0.05B,$0.55B,9.59%,$0.05B,$2.20B,2.29%,$0.07B,$0.59B,11.81%,$23,$0,$23,$0,$3,$2,$21,$-17,$3,$-40,$43,$43,$43,$23,$23,$16,16,$2.69,$2.66,$49,$1576,$46,$1677,$0,$343,$0,$8,$518,$2195,$1570,$40,$33,$73,$1643,$0,$-1229,$53,$552,$2195,$53,$0,$-2,$-2,$-0,$0,$0,$8,$8,$61,$0,$0,$0,$0,$-235,$-235,$69,$-166,$24,$50,$74,$87,$87,$-44,$0,$118,$13,$0,$-44
20,2013-09-30,11.12,$31.90,0.35,$5.92,1.88,$7.39,1.51,$13.81,0.81,$1.72B,$1.61B,1.07,$0.04B,$0.53B,0.08,$0.08B,$0.08B,100.00%,$0.08B,$0.06B,72.29%,$0.08B,$0.07B,81.93%,$0.08B,$0.06B,72.29%,$0.08B,$0.03B,30.12%,$0.08B,$0.18B,213.25%,$0.18B,$0.53B,34.14%,$0.18B,$0.53B,34.14%,$0.18B,$2.22B,7.90%,$0.06B,$0.57B,10.99%,$23,$0,$23,$0,$3,$6,$17,$-11,$6,$2,$3,$3,$3,$17,$19,$17,17,$0.19,$0.18,$16,$1633,$64,$1721,$0,$346,$0,$2,$499,$2220,$1607,$40,$43,$83,$1690,$0,$-1246,$49,$530,$2220,$9,$-6,$40,$33,$-0,$0,$-4,$1,$-3,$42,$0,$0,$0,$0,$-282,$-282,$62,$-220,$24,$77,$101,$87,$87,$-29,$0,$159,$-19,$0,$-29
21,2013-06-30,12.08,$32.55,0.37,$6.10,1.98,$6.74,1.79,$13.94,0.87,$1.93B,$1.82B,1.06,$0.04B,$0.54B,0.07,$0.08B,$0.08B,100.00%,$0.08B,$0.05B,68.42%,$0.08B,$0.06B,77.63%,$0.08B,$0.05B,67.11%,$0.08B,$0.02B,30.26%,$0.08B,$0.18B,232.89%,$0.18B,$0.54B,38.42%,$0.18B,$0.54B,38.42%,$0.18B,$2.46B,8.50%,$0.05B,$0.58B,10.79%,$23,$0,$23,$0,$3,$6,$17,$-11,$6,$3,$3,$3,$3,$17,$19,$17,17,$0.19,$0.19,$38,$1820,$33,$1926,$0,$331,$0,$50,$534,$2460,$1816,$40,$63,$103,$1919,$0,$-1235,$49,$541,$2460,$6,$-4,$27,$23,$-1,$0,$-3,$1,$-3,$27,$0,$0,$0,$0,$-474,$-474,$76,$-399,$24,$278,$302,$87,$87,$-15,$0,$375,$2,$0,$-15
22,2013-03-31,11.27,$32.95,0.34,$6.37,1.77,$6.16,1.83,$13.97,0.81,$2.05B,$1.57B,1.3,$0.02B,$0.55B,0.03,$0.07B,$0.07B,100.00%,$0.07B,$0.05B,66.67%,$0.07B,$0.05B,75.36%,$0.07B,$0.04B,62.32%,$0.07B,$0.02B,28.99%,$0.07B,$0.18B,255.07%,$0.18B,$0.55B,46.22%,$0.18B,$0.55B,46.22%,$0.18B,$2.21B,9.71%,$0.05B,$0.56B,11.62%,$18,$0,$18,$0,$4,$5,$13,$-14,$-1,$-4,$3,$3,$3,$13,$15,$14,14,$0.23,$0.23,$21,$1913,$84,$2050,$0,$2,$0,$0,$162,$2211,$1574,$15,$77,$92,$1666,$0,$-1223,$44,$546,$2211,$3,$-2,$13,$11,$1,$0,$-4,$-0,$-3,$12,$0,$0,$0,$0,$116,$116,$60,$176,$0,$-290,$-290,$87,$87,$0,$0,$-203,$-15,$0,$0
23,2012-12-31,8.77,$34.87,0.25,$6.77,1.3,$5.62,1.56,$15.11,0.58,$1.71B,$1.52B,1.13,$0.02B,$0.46B,0.03,$0.06B,$0.06B,100.00%,$0.06B,$0.04B,64.06%,$0.06B,$0.05B,71.88%,$0.06B,$0.04B,57.81%,$0.06B,$0.03B,50.00%,$0.06B,$0.18B,287.50%,$0.18B,$0.46B,61.44%,$0.18B,$0.46B,61.44%,$0.18B,$2.07B,12.04%,$0.04B,$0.47B,13.04%,$19,$0,$19,$0,$3,$6,$13,$1,$14,$-154,$168,$168,$168,$13,$15,$10,10,$16.12,$16.06,$36,$1556,$86,$1710,$0,$202,$0,$0,$356,$2066,$1517,$15,$77,$92,$1609,$0,$-1220,$39,$457,$2066,$184,$-10,$-144,$-154,$-3,$0,$1,$-4,$-5,$26,$0,$0,$0,$0,$-938,$-938,$-3,$-941,$0,$849,$849,$128,$128,$-47,$0,$931,$16,$0,$-47
24,2012-09-30,9.67,$22.74,0.43,$6.66,1.45,$6.63,1.46,$2.79,3.47,$1.40B,$1.19B,1.17,$0.02B,$0.30B,0.05,$0.06B,$0.06B,100.00%,$0.06B,$0.04B,62.71%,$0.06B,$0.04B,69.49%,$0.06B,$0.03B,52.54%,$0.06B,$0.03B,42.37%,$0.06B,$0.02B,38.98%,$0.02B,$0.30B,9.96%,$0.02B,$0.30B,9.96%,$0.02B,$1.60B,1.84%,$0.04B,$0.31B,15.04%,$16,$0,$16,$0,$5,$6,$9,$-6,$4,$0,$3,$3,$3,$8,$10,$10,10,$0.31,$0.31,$86,$1199,$96,$1396,$0,$199,$0,$1,$200,$1596,$1193,$15,$89,$104,$1297,$0,$-1376,$37,$299,$1596,$16,$-8,$12,$4,$-1,$0,$0,$-1,$-2,$18,$0,$0,$0,$0,$-277,$-277,$0,$-277,$0,$219,$219,$129,$129,$-24,$0,$325,$66,$0,$-24
25,2012-06-30,8.49,$22.84,0.37,$6.80,1.25,$7.18,1.18,$0.98,8.66,$1.20B,$1.06B,1.13,$0.02B,$0.22B,0.07,$0.06B,$0.06B,100.00%,$0.06B,$0.04B,66.07%,$0.06B,$0.04B,71.43%,$0.06B,$0.03B,53.57%,$0.06B,$0.01B,17.86%,$0.06B,$0.01B,14.29%,$0.01B,$0.22B,3.95%,$0.01B,$0.22B,3.95%,$0.01B,$1.38B,0.73%,$0.04B,$0.24B,17.01%,$16,$0,$16,$0,$3,$5,$11,$-9,$3,$0,$2,$2,$2,$9,$12,$10,10,$0.22,$0.22,$21,$1018,$88,$1202,$0,$176,$0,$2,$178,$1379,$1062,$15,$81,$96,$1158,$0,$-1368,$34,$221,$1379,$13,$-5,$6,$0,$-1,$0,$0,$-3,$-4,$10,$0,$0,$0,$0,$-366,$-366,$11,$-355,$0,$315,$315,$46,$46,$-15,$0,$346,$1,$0,$-15
26,2012-03-31,8.34,$23.48,0.36,$6.87,1.21,$7.47,1.12,$0.77,10.83,$1.07B,$0.77B,1.38,$0.02B,$0.22B,0.07,$0.05B,$0.05B,100.00%,$0.05B,$0.04B,66.04%,$0.05B,$0.04B,71.70%,$0.05B,$0.03B,54.72%,$0.05B,$0.01B,13.21%,$0.05B,$0.01B,11.32%,$0.01B,$0.22B,3.00%,$0.01B,$0.22B,3.00%,$0.01B,$1.07B,0.62%,$0.04B,$0.24B,16.30%,$13,$0,$13,$0,$4,$5,$8,$3,$11,$0,$11,$11,$11,$7,$9,$8,8,$1.37,$1.37,$25,$950,$69,$1069,$0,$3,$0,$0,$3,$1073,$773,$15,$64,$79,$852,$0,$-1361,$33,$221,$1073,$11,$-3,$-3,$-5,$-0,$0,$0,$-3,$-3,$2,$0,$0,$0,$0,$-144,$-144,$93,$-51,$0,$21,$21,$40,$40,$-7,$0,$54,$5,$0,$-7
27,2011-12-31,7.72,$23.92,0.32,$6.80,1.14,$6.03,1.28,$1.98,3.9,$0.77B,$0.69B,1.11,$0.02B,$0.18B,0.08,$0.05B,$0.05B,100.00%,$0.05B,$0.04B,69.23%,$0.05B,$0.04B,73.08%,$0.05B,$0.03B,51.92%,$0.05B,$0.02B,30.77%,$0.05B,$0.02B,28.85%,$0.02B,$0.18B,7.52%,$0.02B,$0.18B,7.52%,$0.02B,$0.96B,1.66%,$0.04B,$0.20B,16.78%,$14,$0,$14,$0,$3,$5,$9,$-2,$7,$0,$7,$7,$7,$7,$10,$8,8,$0.88,$0.87,$20,$637,$71,$772,$0,$183,$0,$1,$183,$955,$694,$15,$63,$78,$772,$0,$-1364,$38,$183,$955,$15,$-11,$19,$8,$-1,$0,$1,$3,$3,$27,$0,$0,$0,$0,$-384,$-384,$-69,$-452,$0,$457,$457,$-0,$-0,$-24,$0,$433,$8,$0,$-24
28,2011-09-30,8.37,$24.19,0.35,$6.33,1.32,$4.22,1.98,$2.12,3.95,$0.95B,$0.69B,1.38,$0.02B,$0.19B,0.08,$0.05B,$0.05B,100.00%,$0.05B,$0.03B,68.75%,$0.05B,$0.03B,70.83%,$0.05B,$0.02B,47.92%,$0.05B,$0.02B,37.50%,$0.05B,$0.02B,33.33%,$0.02B,$0.19B,7.69%,$0.02B,$0.19B,7.69%,$0.02B,$0.95B,2.05%,$0.03B,$0.20B,14.80%,$13,$0,$13,$0,$3,$4,$9,$-20,$-11,$0,$-12,$-12,$-12,$7,$9,$8,8,$-1.50,$-1.50,$20,$849,$71,$945,$0,$3,$0,$0,$3,$949,$686,$15,$62,$77,$763,$0,$-1364,$43,$185,$949,$8,$-8,$17,$10,$-1,$0,$0,$2,$0,$18,$0,$0,$0,$0,$-400,$-400,$-57,$-458,$0,$465,$465,$-0,$-0,$-17,$0,$447,$8,$0,$-17
29,2011-06-30,10.54,$27.41,0.38,$5.94,1.78,$3.38,3.12,$4.27,2.47,$0.92B,$0.67B,1.37,$0.02B,$0.21B,0.07,$0.05B,$0.05B,100.00%,$0.05B,$0.03B,68.89%,$0.05B,$0.03B,71.11%,$0.05B,$0.02B,44.44%,$0.05B,$0.03B,75.56%,$0.05B,$0.03B,73.33%,$0.03B,$0.21B,15.75%,$0.03B,$0.21B,15.75%,$0.03B,$0.92B,5.00%,$0.03B,$0.23B,13.79%,$13,$0,$13,$0,$3,$4,$9,$-8,$0,$0,$0,$0,$0,$8,$10,$8,8,$0.01,$0.01,$21,$855,$34,$915,$0,$3,$0,$0,$3,$918,$668,$15,$25,$40,$708,$0,$-1346,$50,$210,$918,$20,$-6,$-3,$-9,$-1,$0,$1,$-1,$-2,$10,$0,$0,$0,$0,$-423,$-423,$-16,$-439,$0,$448,$448,$-0,$-0,$-10,$0,$437,$9,$0,$-10
30,2011-03-31,9.95,$28.74,0.35,$5.49,1.81,$3.53,2.82,$5.36,1.86,$0.80B,$0.56B,1.42,$0.02B,$0.22B,0.07,$0.04B,$0.04B,100.00%,$0.04B,$0.03B,69.05%,$0.04B,$0.03B,69.05%,$0.04B,$0.02B,38.10%,$0.04B,$0.04B,102.38%,$0.04B,$0.04B,100.00%,$0.04B,$0.22B,20.74%,$0.04B,$0.22B,20.74%,$0.04B,$0.80B,7.89%,$0.03B,$0.24B,13.30%,$12,$0,$12,$0,$3,$3,$9,$11,$20,$0,$20,$20,$20,$5,$9,$8,8,$2.58,$2.58,$20,$760,$14,$799,$0,$3,$0,$1,$5,$803,$564,$15,$4,$19,$583,$0,$-1339,$53,$220,$803,$20,$-4,$-11,$-15,$-1,$0,$-0,$-12,$-14,$-9,$0,$0,$0,$0,$-329,$-329,$4,$-325,$0,$347,$347,$-0,$-0,$-5,$0,$342,$8,$0,$-5
31,2010-12-31,7.65,$28.25,0.27,$5.03,1.52,$5.81,1.32,$3.37,2.27,$0.19B,$0.22B,0.88,$0.02B,$0.22B,0.07,$0.04B,$0.04B,100.00%,$0.04B,$0.02B,61.54%,$0.04B,$0.03B,64.10%,$0.04B,$0.01B,33.33%,$0.04B,$0.03B,71.79%,$0.04B,$0.03B,69.23%,$0.03B,$0.22B,14.48%,$0.03B,$0.22B,14.48%,$0.03B,$0.46B,6.47%,$0.02B,$0.23B,11.87%,$10,$0,$10,$0,$3,$4,$6,$3,$9,$1,$8,$8,$8,$3,$6,$8,8,$1.05,$1.03,$12,$174,$5,$194,$0,$261,$0,$0,$261,$455,$221,$15,$2,$17,$239,$0,$-1353,$63,$217,$455,$27,$-12,$-3,$-16,$-1,$0,$1,$-1,$-1,$13,$0,$0,$0,$0,$-78,$-78,$18,$-60,$0,$63,$63,$-4,$-4,$-10,$0,$49,$2,$0,$-10
32,2010-09-30,7.25,$24.84,0.29,$4.52,1.6,$4.10,1.77,$2.93,2.48,$0.46B,$0.25B,1.81,$0.02B,$0.19B,0.08,$0.04B,$0.04B,100.00%,$0.04B,$0.02B,60.00%,$0.04B,$0.02B,65.71%,$0.04B,$0.01B,28.57%,$0.04B,$0.03B,71.43%,$0.04B,$0.02B,68.57%,$0.02B,$0.19B,14.14%,$0.02B,$0.19B,14.14%,$0.02B,$0.47B,6.29%,$0.02B,$0.21B,11.29%,$10,$0,$10,$0,$3,$3,$7,$-2,$5,$-1,$5,$5,$5,$4,$7,$8,8,$0.66,$0.65,$8,$384,$6,$460,$0,$6,$0,$0,$6,$466,$254,$16,$5,$21,$274,$0,$-1356,$41,$191,$466,$19,$-9,$-1,$-10,$-60,$0,$-0,$61,$1,$12,$0,$0,$0,$0,$-57,$-57,$15,$-42,$0,$38,$38,$-4,$-4,$-6,$0,$28,$-2,$0,$-6
33,2010-06-30,5.71,$23.05,0.25,$3.71,1.54,$-6.85,0.0,$7.66,0.75,$0.40B,$0.21B,1.96,$0.02B,$0.18B,0.09,$0.03B,$0.03B,100.00%,$0.03B,$0.01B,41.38%,$0.03B,$0.02B,51.72%,$0.03B,$0.00B,13.79%,$0.03B,$0.05B,165.52%,$0.03B,$0.06B,210.34%,$0.06B,$0.18B,39.04%,$0.06B,$0.18B,39.04%,$0.06B,$0.41B,18.15%,$0.01B,$0.20B,6.95%,$10,$0,$10,$0,$3,$3,$7,$2,$9,$0,$9,$9,$9,$4,$7,$8,8,$1.12,$1.10,$9,$389,$0,$404,$0,$2,$0,$0,$2,$406,$206,$16,$2,$18,$224,$0,$-1357,$29,$182,$406,$13,$-6,$-3,$-9,$-1,$0,$7,$-2,$5,$11,$0,$0,$0,$0,$-60,$-60,$1,$-60,$0,$49,$49,$-0,$-0,$-3,$0,$47,$-2,$0,$-3
34,2010-03-31,5.31,$19.75,0.27,$2.63,2.02,$-17.45,0.0,$2.36,2.25,$0.34B,$0.17B,2.01,$0.02B,$0.16B,0.1,$0.02B,$0.02B,100.00%,$0.02B,$-0.01B,-40.00%,$0.02B,$-0.00B,-25.00%,$0.02B,$-0.01B,-55.00%,$0.02B,$0.03B,130.00%,$0.02B,$0.02B,100.00%,$0.02B,$0.16B,14.95%,$0.02B,$0.16B,14.95%,$0.02B,$0.34B,6.62%,$-0.01B,$0.17B,-5.03%,$9,$0,$9,$0,$4,$5,$4,$0,$5,$0,$5,$5,$5,$2,$5,$8,8,$0.60,$0.59,$6,$329,$0,$338,$0,$2,$0,$0,$2,$341,$168,$16,$0,$16,$184,$0,$-1363,$10,$156,$341,$5,$-3,$-0,$-3,$-0,$0,$4,$3,$6,$9,$0,$0,$0,$0,$-27,$-27,$0,$-27,$0,$14,$14,$0,$0,$0,$0,$14,$-4,$0,$0
35,2009-12-31,4.45,$0.00,0.0,$1.80,2.47,$-23.52,0.0,$15.17,0.29,$0.02B,$0.15B,0.11,$0.02B,$0.15B,0.11,$0.01B,$0.01B,100.00%,$0.01B,$-0.03B,-178.57%,$0.01B,$-0.02B,-142.86%,$0.01B,$-0.02B,-142.86%,$0.01B,$0.14B,1007.14%,$0.01B,$0.12B,835.71%,$0.12B,$0.15B,74.76%,$0.12B,$0.15B,75.73%,$0.12B,$0.31B,36.97%,$-0.03B,$0.17B,-13.11%,$6,$0,$6,$-1,$2,$3,$3,$2,$6,$-3,$8,$8,$5,$2,$4,$8,8,$0.61,$0.59,$10,$0,$3,$15,$0,$298,$0,$0,$298,$314,$147,$17,$0,$17,$164,$0,$-1364,$7,$150,$314,$105,$2,$-174,$-172,$-9,$-14,$-5,$-9,$-37,$-78,$0,$0,$0,$0,$863,$863,$-109,$753,$-76,$-936,$-1012,$92,$92,$0,$0,$-920,$-245,$0,$0
36,2009-09-30,2.86,$17.30,0.17,$2.29,1.25,$-35.40,0.0,$-20.82,0.0,$0.02B,$0.13B,0.15,$0.02B,$0.14B,0.12,$0.02B,$0.02B,100.00%,$0.02B,$-0.05B,-255.56%,$0.02B,$-0.03B,-177.78%,$0.02B,$-0.02B,-133.33%,$0.02B,$-0.06B,-316.67%,$0.02B,$-0.16B,-866.67%,$-0.16B,$0.14B,-100.81%,$-0.16B,$0.14B,-102.13%,$-0.16B,$0.28B,-24.84%,$-0.05B,$0.15B,-18.51%,$4,$0,$4,$0,$4,$5,$-2,$30,$28,$4,$24,$24,$42,$-2,$-1,$8,8,$5.51,$5.38,$13,$0,$0,$19,$0,$264,$0,$0,$264,$283,$130,$17,$0,$17,$146,$0,$-1369,$0,$137,$283,$100,$4,$-175,$-171,$-8,$-14,$3,$-9,$-28,$-74,$0,$0,$0,$0,$973,$973,$-109,$864,$-76,$-963,$-1039,$8,$8,$0,$0,$-1031,$-241,$0,$0
37,2009-06-30,2.22,$11.53,0.19,$-8.54,0.0,$-85.99,0.0,$-48.60,0.0,$0.05B,$0.13B,0.36,$0.05B,$0.09B,0.57,$-0.06B,$-0.07B,106.25%,$-0.06B,$-0.22B,350.00%,$-0.06B,$-0.21B,329.69%,$-0.06B,$-0.20B,310.94%,$-0.06B,$-0.29B,446.88%,$-0.06B,$-0.37B,573.44%,$-0.37B,$0.09B,-195.73%,$-0.37B,$0.09B,-200.27%,$-0.37B,$0.27B,-25.60%,$-0.22B,$0.14B,-63.05%,$1,$0,$1,$6,$8,$15,$-13,$0,$-13,$-1,$-13,$-13,$-32,$-11,$-13,$8,8,$-4.18,$-4.18,$37,$0,$0,$45,$0,$225,$0,$0,$225,$270,$126,$52,$0,$52,$178,$2,$-1412,$-1,$92,$270,$58,$5,$-128,$-123,$-8,$-14,$0,$-6,$-28,$-70,$0,$0,$0,$0,$1007,$1007,$-124,$884,$-69,$-968,$-1037,$6,$6,$0,$0,$-1031,$-218,$0,$0
38,2009-03-31,1.17,$31.12,0.04,$0.73,1.61,$-85.73,0.0,$-47.80,0.0,$0.28B,$0.10B,2.81,$0.05B,$0.25B,0.21,$0.01B,$-0.00B,-16.67%,$0.01B,$-0.24B,-3933.33%,$0.01B,$-0.22B,-3716.67%,$0.01B,$-0.21B,-3516.67%,$0.01B,$-0.32B,-5333.33%,$0.01B,$-0.36B,-6000.00%,$-0.36B,$0.25B,-143.71%,$-0.36B,$0.24B,-147.69%,$-0.36B,$0.40B,-14.90%,$-0.24B,$0.30B,-48.61%,$3,$0,$3,$2,$9,$15,$-13,$132,$120,$9,$111,$111,$102,$-7,$-10,$8,8,$13.33,$13.33,$225,$31,$0,$281,$22,$83,$9,$4,$118,$399,$100,$52,$0,$52,$152,$2,$-1379,$-0,$247,$399,$95,$3,$-131,$-128,$-3,$-9,$3,$-3,$-11,$-38,$0,$0,$0,$0,$1114,$1114,$-1,$1113,$-69,$-1037,$-1106,$0,$0,$0,$0,$-1106,$-30,$0,$0
39,2008-12-31,0.99,$18.00,0.06,$15.70,0.06,$-89.20,0.0,$-55.20,0.0,$0.06B,$0.67B,0.08,$0.25B,$0.14B,1.78,$0.12B,$0.11B,90.76%,$0.12B,$-0.23B,-195.80%,$0.12B,$-0.22B,-187.39%,$0.12B,$-0.21B,-178.15%,$0.12B,$-0.40B,-336.97%,$0.12B,$-0.42B,-350.42%,$-0.42B,$0.14B,-151.77%,$-0.42B,$0.14B,-155.89%,$-0.42B,$1.56B,-13.08%,$-0.23B,$0.40B,-40.40%,$10,$0,$10,$0,$-11,$27,$-18,$-174,$-192,$2,$-194,$-194,$-268,$-4,$-8,$8,8,$-35.50,$-35.50,$47,$0,$0,$56,$0,$704,$0,$0,$1504,$1560,$666,$254,$0,$751,$1417,$0,$-1481,$-0,$143,$1560,$-504,$12,$347,$359,$30,$-2,$-29,$19,$17,$-90,$0,$0,$0,$0,$328,$328,$-12,$317,$-27,$-619,$-645,$-33,$-33,$0,$0,$-679,$-452,$0,$0
40,2008-09-30,11.69,$33.65,0.35,$16.91,0.69,$29.70,0.39,$-55.20,0.0,$0.75B,$2.70B,0.28,$0.31B,$0.27B,1.17,$0.13B,$0.11B,89.06%,$0.13B,$-0.33B,-258.59%,$0.13B,$-0.33B,-258.59%,$0.13B,$-0.21B,-162.50%,$0.13B,$-0.51B,-396.09%,$0.13B,$-0.42B,-327.34%,$-0.42B,$0.27B,-124.15%,$-0.42B,$0.26B,-127.84%,$-0.42B,$3.51B,-11.85%,$-0.33B,$0.58B,-50.46%,$-78,$4,$-82,$5,$86,$101,$-180,$-21,$-201,$-18,$-183,$-183,$-169,$-177,$-180,$8,8,$-22.34,$-22.34,$227,$25,$0,$747,$26,$2699,$9,$24,$2758,$3506,$2701,$313,$4,$537,$3238,$2,$-1213,$-6,$268,$3506,$-180,$8,$105,$113,$-387,$-2,$-24,$-7,$-419,$-454,$0,$0,$0,$0,$-1135,$-1135,$207,$-928,$-4,$920,$916,$0,$0,$0,$0,$917,$-465,$0,$0
41,2008-06-30,8.77,$43.12,0.2,$35.18,0.25,$160.08,0.05,$-58.40,0.0,$0.58B,$3.30B,0.18,$0.32B,$0.34B,0.93,$0.27B,$0.26B,94.85%,$0.27B,$-0.23B,-82.72%,$0.27B,$-0.23B,-82.72%,$0.27B,$-0.10B,-37.87%,$0.27B,$-0.50B,-184.19%,$0.27B,$-0.46B,-169.49%,$-0.46B,$0.34B,-103.60%,$-0.46B,$0.33B,-112.99%,$-0.46B,$4.20B,-11.70%,$-0.23B,$0.66B,-14.50%,$71,$3,$68,$7,$79,$97,$-25,$-22,$-47,$-10,$-37,$-37,$-25,$-23,$-25,$8,8,$-3.40,$-3.40,$418,$17,$0,$576,$27,$3565,$10,$22,$3624,$4200,$3298,$320,$4,$559,$3857,$2,$-1044,$-92,$344,$4200,$3,$5,$-49,$-44,$-21,$2,$-21,$3,$-36,$-67,$0,$0,$0,$0,$-1337,$-1337,$-2,$-1339,$-1,$1132,$1131,$1,$1,$0,$0,$1132,$-274,$0,$0
42,2008-03-31,9.94,$43.18,0.23,$62.57,0.16,$263.88,0.04,$-53.80,0.0,$0.52B,$2.57B,0.2,$0.32B,$0.34B,0.93,$0.52B,$0.51B,97.31%,$0.52B,$-0.06B,-10.58%,$0.52B,$-0.06B,-10.58%,$0.52B,$0.11B,20.58%,$0.52B,$-0.38B,-72.88%,$0.52B,$-0.43B,-81.92%,$-0.43B,$0.34B,-69.58%,$-0.43B,$0.33B,-77.77%,$-0.43B,$3.49B,-7.45%,$-0.06B,$0.66B,-2.09%,$116,$4,$112,$12,$105,$126,$-10,$49,$39,$-1,$40,$40,$45,$-8,$-10,$8,8,$6.00,$6.00,$337,$43,$0,$519,$28,$2916,$10,$18,$2971,$3491,$2571,$320,$11,$575,$3146,$2,$-1018,$-111,$344,$3491,$40,$2,$-54,$-51,$-18,$-24,$-11,$-6,$-59,$-63,$-1,$0,$0,$0,$-1067,$-1067,$-0,$-1068,$-1,$777,$776,$0,$0,$0,$0,$776,$-355,$0,$0
43,2007-12-31,18.36,$51.84,0.35,$68.09,0.27,$243.74,0.08,$-81.40,0.0,$0.88B,$1.98B,0.44,$0.32B,$0.39B,0.82,$0.58B,$0.57B,97.77%,$0.58B,$-0.05B,-8.73%,$0.58B,$-0.05B,-8.73%,$0.58B,$0.15B,25.51%,$0.58B,$-0.63B,-108.56%,$0.58B,$-0.66B,-112.84%,$-0.66B,$0.39B,-85.20%,$-0.66B,$0.38B,-97.70%,$-0.66B,$2.95B,-8.33%,$-0.05B,$0.72B,-1.34%,$19,$3,$16,$11,$106,$135,$-116,$-182,$-298,$-16,$-282,$-270,$-270,$-0,$-116,$8,8,$-35.40,$-35.40,$707,$19,$0,$875,$30,$1961,$10,$69,$2070,$2945,$1984,$321,$4,$567,$2551,$2,$-1064,$-13,$394,$2945,$-658,$201,$376,$577,$184,$-2,$-34,$762,$909,$815,$0,$0,$0,$0,$4990,$4990,$1652,$6642,$-1546,$-5226,$-6773,$-118,$-118,$-34,$-16,$-6941,$516,$0,$-34
44,2007-09-30,26.95,$87.25,0.31,$105.06,0.26,$118.81,0.23,$-45.60,0.0,$1.02B,$0.70B,1.46,$3.47B,$0.70B,4.96,$0.91B,$0.89B,98.45%,$0.91B,$0.25B,27.37%,$0.91B,$0.25B,27.37%,$0.91B,$0.34B,37.53%,$0.91B,$-0.32B,-35.10%,$0.91B,$-0.39B,-42.49%,$-0.39B,$0.70B,-39.78%,$-0.39B,$0.58B,-46.67%,$-0.39B,$5.12B,-3.66%,$0.25B,$4.16B,4.83%,$66,$4,$62,$8,$113,$141,$-74,$-121,$-195,$15,$-210,$-211,$-211,$-72,$-74,$8,8,$-25.00,$-25.00,$693,$19,$0,$1024,$46,$471,$118,$3461,$4096,$5119,$702,$3465,$2,$3719,$4421,$2,$-793,$-13,$698,$5119,$-388,$86,$273,$359,$166,$10,$0,$444,$620,$605,$-14,$0,$0,$0,$6581,$6581,$1278,$7845,$-1350,$-6473,$-7823,$-81,$-81,$-26,$-16,$-7945,$504,$15,$-26
45,2007-06-30,31.59,$115.51,0.27,$106.73,0.3,$-138.20,0.0,$-27.80,0.0,$1.16B,$6.08B,0.19,$3.97B,$1.01B,3.92,$0.92B,$0.91B,98.70%,$0.92B,$0.27B,29.07%,$0.92B,$0.27B,29.07%,$0.92B,$0.37B,40.56%,$0.92B,$-0.22B,-23.97%,$0.92B,$-0.24B,-26.14%,$-0.24B,$1.01B,-22.23%,$-0.24B,$0.89B,-26.07%,$-0.24B,$11.32B,-1.87%,$0.27B,$4.98B,4.70%,$319,$3,$316,$11,$141,$174,$145,$-70,$75,$55,$20,$10,$10,$187,$145,$9,9,$1.20,$1.20,$506,$43,$0,$1160,$48,$6269,$119,$3722,$10159,$11320,$6078,$3969,$5,$4229,$10307,$2,$-571,$13,$1013,$11320,$-178,$83,$101,$183,$58,$-24,$-23,$804,$815,$834,$-12,$0,$0,$0,$744,$744,$820,$1553,$-844,$-1201,$-2044,$4,$4,$-17,$-13,$-2071,$316,$0,$-17
46,2007-03-31,31.65,$113.42,0.28,$98.62,0.32,$-249.76,0.0,$-32.60,0.0,$0.92B,$6.67B,0.14,$4.42B,$0.99B,4.47,$0.85B,$0.84B,98.59%,$0.85B,$0.22B,26.15%,$0.85B,$0.22B,26.15%,$0.85B,$0.30B,35.69%,$0.85B,$-0.33B,-38.28%,$0.85B,$-0.28B,-33.10%,$-0.28B,$0.99B,-24.47%,$-0.28B,$0.84B,-28.90%,$-0.28B,$12.27B,-2.14%,$0.22B,$5.41B,3.56%,$180,$3,$177,$14,$138,$186,$-6,$-210,$-216,$-32,$-185,$-188,$-188,$34,$-6,$9,9,$-21.80,$-21.80,$451,$22,$0,$923,$43,$5933,$149,$5222,$11347,$12270,$6673,$4424,$41,$4608,$11281,$2,$-573,$-5,$989,$12270,$-188,$41,$181,$221,$-12,$-3,$30,$-325,$-310,$-244,$-3,$0,$0,$0,$1120,$1120,$373,$1490,$-387,$-591,$-979,$2,$2,$-9,$0,$-986,$261,$0,$-9
47,2006-12-31,45.46,$134.05,0.34,$117.40,0.39,$-247.66,0.0,$-7.80,0.0,$0.63B,$7.19B,0.09,$4.81B,$1.17B,4.11,$1.01B,$1.00B,98.81%,$1.01B,$0.41B,40.28%,$1.01B,$0.41B,40.28%,$1.01B,$0.46B,45.73%,$1.01B,$-0.08B,-8.33%,$1.01B,$-0.07B,-6.55%,$-0.07B,$1.17B,-5.38%,$-0.07B,$0.99B,-6.34%,$-0.07B,$13.35B,-0.52%,$0.41B,$5.98B,5.95%,$341,$4,$337,$12,$123,$158,$183,$-165,$18,$12,$6,$4,$4,$191,$183,$9,9,$0.40,$0.40,$190,$18,$0,$634,$44,$7056,$185,$5434,$12719,$13353,$7191,$4810,$45,$4991,$12181,$2,$-378,$-15,$1171,$13353,$-69,$56,$125,$181,$96,$845,$-29,$-1191,$-279,$-143,$-12,$0,$0,$136,$1293,$1429,$2495,$3912,$-2164,$-1810,$-3974,$264,$264,$-113,$4,$-3818,$-49,$0,$-113
