,Date,Stock Price,Book Value per Share,Price to Book Ratio,TTM Sales per Share,Price to Sales Ratio,TTM FCF per Share,Price to FCF Ratio,TTM Net EPS,PE Ratio,Current Assets,Current Liabilities,Current Ratio,Long Term Debt,Shareholder's Equity_x,Debt to Equity Ratio,TTM Revenue_x,TTM Gross Profit,Gross Margin,TTM Revenue_y,TTM Operating Income,Operating Margin,TTM Revenue_x,TTM EBIT,EBIT Margin,TTM Revenue_y,TTM EBITDA,EBITDA Margin,TTM Revenue_x,TTM Pre-Tax Income,Pre-Tax Margin,TTM Revenue_y,TTM Net Income_x,Net Margin,TTM Net Income_y,Shareholder's Equity_y,Return on Equity,TTM Net Income_x,Tangible Equity,Return on Tangible Equity,TTM Net Income_y,Total Assets,Return on Assets,TTM Net Income,LT Investments & Debt,Return on Investment,revenue,cost-goods-sold,gross-profit,research-development-expenses,selling-general-administrative-expenses,operating-expenses,operating-income,total-non-operating-income-expense,pre-tax-income,total-provision-income-taxes,income-after-taxes,income-from-continuous-operations,net-income,ebitda,ebit,basic-shares-outstanding,shares-outstanding,eps-basic-net-earnings-per-share,eps-earnings-per-share-diluted,cash-on-hand,inventory,other-current-assets,total-current-assets,net-property-plant-equipment,long-term-investments,goodwill-intangible-assets-total,other-long-term-assets,total-long-term-assets,total-assets,total-current-liabilities,long-term-debt,other-non-current-liabilities,total-long-term-liabilities,total-liabilities,common-stock-net,retained-earnings-accumulated-deficit,comprehensive-income,total-share-holder-equity,total-liabilities-share-holders-equity,net-income-loss,total-depreciation-amortization-cash-flow,other-non-cash-items,total-non-cash-items,change-in-accounts-receivable,change-in-inventories,change-in-accounts-payable,change-in-assets-liabilities,total-change-in-assets-liabilities,cash-flow-from-operating-activities,net-change-in-property-plant-equipment,net-change-in-intangible-assets,net-acquisitions-divestitures,net-change-in-short-term-investments,net-change-in-long-term-investments,net-change-in-investments-total,investing-activities-other,cash-flow-from-investing-activities,net-long-term-debt,net-current-debt,debt-issuance-retirement-net-total,net-common-equity-issued-repurchased,net-total-equity-issued-repurchased,total-common-preferred-stock-dividends-paid,financial-activities-other,cash-flow-from-financial-activities,net-cash-flow,stock-based-compensation,common-stock-dividends-paid
0,2018-06-30,43.1,$14.18,3.04,$31.45,1.37,$2.82,15.3,$1.85,23.3,$0.36B,$0.14B,2.58,$0.26B,$0.41B,0.63,$0.92B,$0.29B,31.58%,$0.92B,$0.09B,9.62%,$0.92B,$0.09B,9.62%,$0.92B,$0.13B,13.66%,$0.92B,$0.07B,8.09%,$0.92B,$0.05B,5.79%,$0.05B,$0.41B,13.19%,$0.05B,$0.06B,141.33%,$0.05B,$0.91B,5.74%,$0.09B,$0.67B,12.97%,$237,$159,$78,$6,$43,$209,$28,$-2,$26,$7,$19,$19,$19,$37,$28,$29,29,$0.66,$0.65,$38,$150,$1,$358,$189,$0,$355,$3,$549,$907,$139,$260,$20,$355,$494,$0,$241,$-53,$413,$907,$28,$19,$8,$27,$-13,$-5,$0,$-10,$-26,$29,$-15,$0,$-3,$0,$0,$0,$0,$-18,$-1,$-13,$-14,$0,$0,$-10,$-1,$-25,$-14,$3,$-10
1,2018-03-31,45.77,$14.19,3.23,$30.96,1.48,$2.73,16.79,$1.73,26.46,$0.37B,$0.14B,2.58,$0.28B,$0.41B,0.67,$0.90B,$0.28B,31.41%,$0.90B,$0.08B,9.21%,$0.90B,$0.08B,9.21%,$0.90B,$0.12B,13.32%,$0.90B,$0.07B,7.66%,$0.90B,$0.05B,5.44%,$0.05B,$0.41B,12.54%,$0.05B,$0.04B,190.29%,$0.05B,$0.94B,5.30%,$0.08B,$0.69B,12.21%,$240,$166,$74,$6,$47,$221,$20,$-7,$13,$4,$9,$9,$9,$29,$20,$29,29,$0.31,$0.31,$46,$149,$1,$370,$194,$0,$370,$2,$569,$939,$143,$278,$26,$382,$526,$0,$227,$-37,$413,$939,$9,$10,$6,$16,$-13,$-1,$0,$-2,$-21,$4,$-7,$0,$0,$0,$0,$0,$0,$-7,$-0,$3,$3,$0,$0,$-5,$-1,$-4,$-6,$1,$-5
2,2017-12-31,50.03,$13.65,3.66,$30.19,1.66,$2.69,18.6,$1.78,28.1,$0.36B,$0.14B,2.51,$0.28B,$0.40B,0.7,$0.88B,$0.28B,31.39%,$0.88B,$0.08B,9.25%,$0.88B,$0.08B,9.25%,$0.88B,$0.12B,13.70%,$0.88B,$0.07B,8.11%,$0.88B,$0.05B,5.71%,$0.05B,$0.40B,13.36%,$0.05B,$0.03B,322.58%,$0.05B,$0.92B,5.50%,$0.08B,$0.67B,12.03%,$223,$155,$68,$6,$41,$204,$19,$-2,$16,$4,$12,$12,$12,$28,$19,$29,29,$0.43,$0.42,$52,$146,$1,$358,$192,$0,$366,$2,$562,$921,$142,$276,$29,$381,$524,$0,$223,$-50,$397,$921,$51,$39,$2,$41,$-8,$-2,$0,$2,$-12,$81,$-30,$0,$3,$0,$0,$0,$0,$-27,$-2,$-52,$-54,$0,$0,$-18,$-2,$-74,$-17,$5,$-18
3,2017-09-30,47.57,$13.20,3.6,$29.18,1.63,$3.17,15.02,$1.41,33.74,$0.37B,$0.14B,2.69,$0.30B,$0.38B,0.77,$0.83B,$0.26B,31.72%,$0.83B,$0.07B,8.23%,$0.83B,$0.07B,8.23%,$0.83B,$0.11B,12.95%,$0.83B,$0.06B,6.78%,$0.83B,$0.04B,4.84%,$0.04B,$0.38B,11.57%,$0.04B,$0.02B,-551.72%,$0.04B,$0.93B,4.46%,$0.07B,$0.68B,10.34%,$215,$146,$69,$6,$41,$193,$21,$-3,$19,$5,$13,$13,$13,$31,$21,$29,29,$0.46,$0.46,$53,$153,$0,$368,$190,$0,$365,$2,$558,$926,$137,$295,$26,$406,$542,$0,$216,$-55,$384,$926,$39,$30,$7,$36,$-10,$-9,$0,$-4,$-32,$43,$-23,$0,$3,$0,$0,$0,$3,$-17,$6,$-39,$-33,$0,$0,$-13,$-3,$-49,$-16,$5,$-13
4,2017-06-30,39.22,$12.72,3.08,$28.45,1.38,$3.68,10.67,$1.15,34.11,$0.37B,$0.13B,2.75,$0.31B,$0.37B,0.84,$0.78B,$0.25B,31.51%,$0.78B,$0.06B,7.27%,$0.78B,$0.06B,7.27%,$0.78B,$0.10B,12.12%,$0.78B,$0.05B,5.74%,$0.78B,$0.03B,4.08%,$0.03B,$0.37B,10.24%,$0.03B,$0.01B,853.33%,$0.03B,$0.91B,3.90%,$0.06B,$0.68B,9.45%,$223,$151,$72,$6,$42,$200,$23,$-2,$21,$6,$15,$15,$15,$32,$23,$29,29,$0.53,$0.53,$59,$143,$4,$365,$185,$0,$358,$2,$546,$911,$132,$308,$19,$410,$542,$0,$207,$-62,$369,$911,$26,$20,$5,$25,$-13,$-1,$0,$-2,$-25,$26,$-14,$0,$0,$0,$0,$0,$3,$-12,$-1,$-19,$-20,$0,$0,$-8,$-1,$-29,$-10,$3,$-8
5,2017-03-31,38.23,$11.99,3.19,$27.82,1.37,$4.04,9.47,$0.98,39.01,$0.35B,$0.13B,2.72,$0.32B,$0.35B,0.91,$0.74B,$0.23B,31.32%,$0.74B,$0.05B,6.72%,$0.74B,$0.05B,6.72%,$0.74B,$0.09B,11.83%,$0.74B,$0.04B,4.97%,$0.74B,$0.03B,3.49%,$0.03B,$0.35B,9.20%,$0.03B,$0.00B,162.50%,$0.03B,$0.88B,3.48%,$0.05B,$0.67B,9.11%,$215,$149,$66,$6,$40,$198,$18,$-3,$15,$4,$10,$10,$10,$29,$18,$29,29,$0.36,$0.36,$53,$139,$4,$349,$179,$0,$346,$2,$528,$878,$128,$318,$7,$402,$530,$0,$197,$-71,$347,$878,$10,$11,$3,$15,$-11,$-1,$0,$-2,$-22,$3,$-7,$0,$0,$0,$0,$0,$0,$-7,$-0,$-8,$-9,$0,$0,$-4,$-1,$-14,$-16,$2,$-4
6,2016-12-31,36.08,$10.41,3.46,$27.37,1.32,$4.20,8.59,$0.96,37.59,$0.34B,$0.17B,2.01,$0.33B,$0.28B,1.15,$0.71B,$0.22B,31.31%,$0.71B,$0.05B,6.63%,$0.71B,$0.05B,6.63%,$0.71B,$0.08B,11.57%,$0.71B,$0.03B,4.80%,$0.71B,$0.03B,3.53%,$0.03B,$0.28B,9.66%,$0.03B,$-0.06B,84.03%,$0.03B,$0.87B,3.64%,$0.05B,$0.61B,9.34%,$173,$118,$55,$4,$35,$167,$6,$-5,$1,$-1,$2,$2,$2,$15,$6,$26,26,$0.06,$0.07,$69,$140,$4,$344,$177,$0,$344,$3,$526,$870,$172,$326,$4,$415,$586,$0,$191,$-76,$283,$870,$25,$35,$12,$47,$-4,$2,$0,$2,$5,$77,$-19,$0,$-188,$0,$0,$0,$0,$-207,$-1,$169,$168,$-5,$-5,$-12,$-2,$150,$19,$4,$-12
7,2016-09-30,28.21,$9.77,2.89,$27.34,1.03,$4.47,6.32,$1.13,24.96,$0.28B,$0.11B,2.7,$0.21B,$0.25B,0.84,$0.71B,$0.22B,31.13%,$0.71B,$0.06B,7.75%,$0.71B,$0.06B,7.75%,$0.71B,$0.09B,12.68%,$0.71B,$0.04B,6.20%,$0.71B,$0.03B,4.08%,$0.03B,$0.25B,11.66%,$0.03B,$0.06B,50.88%,$0.03B,$0.62B,4.63%,$0.06B,$0.46B,11.71%,$173,$119,$54,$4,$36,$163,$10,$-3,$8,$2,$5,$5,$5,$19,$10,$26,26,$0.21,$0.20,$40,$121,$5,$284,$143,$0,$188,$2,$337,$620,$105,$210,$1,$265,$370,$0,$193,$-65,$251,$620,$23,$26,$4,$30,$-10,$-1,$0,$1,$-7,$47,$-16,$0,$0,$0,$0,$0,$0,$-16,$3,$-31,$-28,$-5,$-5,$-8,$-1,$-42,$-11,$3,$-8
8,2016-06-30,26.13,$9.76,2.68,$27.69,0.94,$5.01,5.22,$1.32,19.79,$0.28B,$0.10B,2.68,$0.21B,$0.25B,0.84,$0.72B,$0.22B,30.97%,$0.72B,$0.06B,8.61%,$0.72B,$0.06B,8.61%,$0.72B,$0.10B,13.33%,$0.72B,$0.05B,6.81%,$0.72B,$0.03B,4.72%,$0.03B,$0.25B,13.71%,$0.03B,$0.06B,63.26%,$0.03B,$0.62B,5.35%,$0.06B,$0.46B,13.11%,$183,$124,$58,$5,$36,$166,$16,$-3,$13,$4,$9,$9,$9,$25,$16,$26,26,$0.36,$0.36,$34,$121,$5,$276,$146,$0,$190,$3,$342,$618,$103,$210,$1,$265,$368,$0,$192,$-65,$250,$618,$18,$17,$3,$20,$-9,$0,$0,$-0,$-7,$31,$-11,$0,$0,$0,$0,$0,$0,$-11,$1,$-27,$-26,$-4,$-4,$-4,$0,$-34,$-16,$2,$-4
9,2016-03-31,26.76,$9.75,2.74,$28.09,0.95,$4.88,5.48,$1.33,20.12,$0.29B,$0.10B,2.95,$0.23B,$0.25B,0.93,$0.73B,$0.23B,30.65%,$0.73B,$0.06B,8.72%,$0.73B,$0.06B,8.72%,$0.73B,$0.10B,13.22%,$0.73B,$0.05B,6.81%,$0.73B,$0.04B,4.77%,$0.04B,$0.25B,14.07%,$0.04B,$0.06B,67.63%,$0.04B,$0.64B,5.40%,$0.06B,$0.48B,13.35%,$180,$126,$55,$5,$34,$165,$15,$-3,$12,$4,$9,$9,$9,$23,$15,$26,26,$0.34,$0.34,$45,$119,$5,$288,$148,$0,$194,$3,$348,$636,$98,$233,$1,$288,$385,$0,$186,$-60,$251,$636,$9,$8,$2,$10,$-8,$3,$0,$-1,$-13,$6,$-6,$0,$0,$0,$0,$0,$0,$-6,$2,$-4,$-2,$-2,$-2,$0,$-0,$-5,$-5,$1,$0
10,2015-12-31,24.02,$9.41,2.55,$28.42,0.85,$5.06,4.75,$1.35,17.79,$0.29B,$0.10B,2.75,$0.23B,$0.24B,0.96,$0.75B,$0.23B,30.52%,$0.75B,$0.07B,8.70%,$0.75B,$0.07B,8.70%,$0.75B,$0.10B,13.12%,$0.75B,$0.05B,6.96%,$0.75B,$0.04B,4.69%,$0.04B,$0.24B,14.16%,$0.04B,$0.05B,71.79%,$0.04B,$0.63B,5.34%,$0.07B,$0.47B,13.53%,$174,$119,$54,$4,$33,$159,$14,$-4,$11,$4,$6,$6,$6,$23,$14,$26,26,$0.24,$0.24,$50,$121,$5,$287,$145,$0,$193,$3,$345,$632,$104,$232,$1,$285,$390,$0,$182,$-64,$243,$632,$35,$35,$5,$41,$7,$6,$0,$-5,$11,$87,$-22,$0,$0,$0,$0,$0,$0,$-22,$-126,$105,$-20,$-17,$-17,$-15,$-3,$-56,$3,$4,$-15
11,2015-09-30,22.01,$9.58,2.3,$28.78,0.76,$4.65,4.73,$1.46,15.08,$0.30B,$0.12B,2.51,$0.23B,$0.25B,0.92,$0.77B,$0.23B,30.33%,$0.77B,$0.07B,8.76%,$0.77B,$0.07B,8.76%,$0.77B,$0.10B,13.07%,$0.77B,$0.05B,7.06%,$0.77B,$0.04B,4.97%,$0.04B,$0.25B,15.12%,$0.04B,$0.05B,79.17%,$0.04B,$0.66B,5.70%,$0.07B,$0.48B,13.76%,$183,$127,$56,$4,$34,$166,$17,$-4,$13,$3,$10,$10,$10,$25,$17,$26,26,$0.39,$0.39,$50,$126,$0,$304,$153,$0,$198,$3,$354,$658,$121,$227,$1,$289,$410,$0,$179,$-58,$248,$658,$29,$26,$4,$30,$-2,$2,$0,$-4,$4,$64,$-18,$0,$0,$0,$0,$0,$0,$-18,$-6,$-9,$-15,$-14,$-14,$-7,$-2,$-38,$2,$3,$-7
12,2015-06-30,25.72,$9.69,2.66,$29.18,0.88,$4.59,5.61,$1.32,19.49,$0.31B,$0.12B,2.61,$0.23B,$0.25B,0.93,$0.79B,$0.24B,30.32%,$0.79B,$0.07B,8.66%,$0.79B,$0.07B,8.66%,$0.79B,$0.10B,12.99%,$0.79B,$0.06B,7.13%,$0.79B,$0.04B,4.46%,$0.04B,$0.25B,13.66%,$0.04B,$0.05B,73.68%,$0.04B,$0.67B,5.18%,$0.07B,$0.49B,13.76%,$197,$137,$60,$5,$35,$179,$18,$-4,$14,$4,$10,$10,$10,$26,$18,$26,26,$0.37,$0.37,$42,$127,$0,$308,$154,$0,$201,$3,$358,$666,$118,$234,$1,$296,$414,$0,$173,$-54,$253,$666,$19,$17,$3,$21,$-13,$3,$0,$-1,$-10,$30,$-13,$0,$0,$0,$0,$0,$0,$-13,$-4,$-2,$-6,$-8,$-8,$-3,$-1,$-18,$-5,$2,$-3
13,2015-03-31,26.02,$9.34,2.78,$29.56,0.88,$4.93,5.27,$1.41,18.45,$0.31B,$0.12B,2.69,$0.24B,$0.25B,0.99,$0.80B,$0.24B,30.39%,$0.80B,$0.07B,8.97%,$0.80B,$0.07B,8.97%,$0.80B,$0.11B,13.33%,$0.80B,$0.06B,7.60%,$0.80B,$0.04B,4.73%,$0.04B,$0.25B,14.35%,$0.04B,$0.04B,74.15%,$0.04B,$0.67B,5.48%,$0.07B,$0.49B,14.22%,$193,$135,$58,$5,$36,$178,$16,$-2,$14,$4,$9,$9,$9,$24,$16,$26,26,$0.36,$0.36,$47,$128,$0,$309,$152,$0,$200,$3,$356,$665,$115,$242,$1,$305,$420,$0,$167,$-58,$245,$665,$9,$9,$1,$10,$-10,$1,$0,$0,$-6,$13,$-8,$0,$0,$0,$0,$0,$0,$-8,$7,$0,$7,$-5,$-5,$-3,$0,$-1,$-0,$1,$-3
14,2014-12-31,26.61,$9.82,2.71,$29.88,0.89,$5.23,5.09,$1.46,18.22,$0.30B,$0.12B,2.52,$0.24B,$0.26B,0.93,$0.82B,$0.25B,30.24%,$0.82B,$0.08B,9.27%,$0.82B,$0.08B,9.27%,$0.82B,$0.11B,13.90%,$0.82B,$0.06B,7.68%,$0.82B,$0.04B,4.88%,$0.04B,$0.26B,14.64%,$0.04B,$0.05B,73.39%,$0.04B,$0.68B,5.63%,$0.08B,$0.50B,14.71%,$192,$134,$58,$4,$39,$176,$16,$-3,$13,$4,$9,$9,$9,$25,$16,$27,27,$0.33,$0.35,$48,$133,$0,$302,$156,$0,$213,$4,$375,$676,$120,$241,$1,$298,$418,$0,$161,$-41,$259,$676,$40,$39,$6,$44,$-1,$5,$0,$2,$-0,$84,$-27,$0,$-15,$0,$0,$0,$0,$-42,$-19,$-1,$-20,$-18,$-18,$-15,$-1,$-54,$-16,$3,$-15
15,2014-09-30,27.21,$10.12,2.69,$29.60,0.92,$5.46,4.98,$1.39,19.57,$0.32B,$0.13B,2.53,$0.24B,$0.27B,0.88,$0.81B,$0.24B,29.91%,$0.81B,$0.08B,9.27%,$0.81B,$0.08B,9.27%,$0.81B,$0.11B,13.84%,$0.81B,$0.06B,7.54%,$0.81B,$0.04B,4.70%,$0.04B,$0.27B,13.78%,$0.04B,$0.05B,69.72%,$0.04B,$0.70B,5.23%,$0.08B,$0.51B,14.29%,$203,$140,$62,$4,$39,$185,$18,$-3,$15,$8,$7,$7,$7,$27,$18,$27,27,$0.26,$0.25,$43,$135,$1,$317,$153,$0,$220,$4,$378,$695,$125,$237,$2,$301,$426,$0,$155,$-30,$268,$695,$31,$30,$5,$34,$-11,$5,$0,$10,$-3,$62,$-16,$0,$-15,$0,$0,$0,$0,$-31,$-21,$-4,$-25,$-13,$-13,$-9,$-1,$-48,$-21,$3,$-9
16,2014-06-30,33.82,$10.73,3.15,$28.73,1.18,$5.57,6.07,$1.53,22.11,$0.36B,$0.14B,2.57,$0.25B,$0.29B,0.86,$0.78B,$0.23B,29.96%,$0.78B,$0.08B,9.73%,$0.78B,$0.08B,9.73%,$0.78B,$0.11B,14.34%,$0.78B,$0.06B,7.94%,$0.78B,$0.04B,5.38%,$0.04B,$0.29B,15.36%,$0.04B,$0.07B,62.22%,$0.04B,$0.74B,5.96%,$0.08B,$0.54B,14.95%,$215,$149,$66,$4,$40,$193,$22,$-3,$19,$6,$13,$13,$13,$31,$22,$27,28,$0.48,$0.46,$69,$136,$0,$358,$156,$0,$220,$4,$381,$739,$139,$248,$2,$313,$452,$0,$151,$-18,$287,$739,$24,$20,$2,$23,$-17,$5,$0,$4,$-9,$38,$-11,$0,$0,$0,$0,$0,$0,$-11,$-6,$-6,$-13,$-3,$-3,$-5,$0,$-21,$6,$2,$-5
17,2014-03-31,33.07,$10.38,3.18,$27.69,1.19,$5.46,6.06,$1.47,22.5,$0.35B,$0.14B,2.47,$0.25B,$0.28B,0.89,$0.75B,$0.22B,29.72%,$0.75B,$0.07B,9.64%,$0.75B,$0.07B,9.64%,$0.75B,$0.11B,14.32%,$0.75B,$0.06B,7.90%,$0.75B,$0.04B,5.35%,$0.04B,$0.28B,15.21%,$0.04B,$0.06B,55.36%,$0.04B,$0.73B,5.97%,$0.07B,$0.53B,14.85%,$210,$148,$62,$4,$38,$190,$20,$-4,$16,$5,$11,$11,$11,$31,$20,$27,27,$0.43,$0.41,$62,$140,$0,$351,$156,$0,$222,$5,$384,$734,$142,$249,$2,$314,$456,$0,$142,$-18,$279,$734,$11,$11,$1,$13,$-12,$1,$0,$1,$-5,$19,$-6,$0,$0,$0,$0,$0,$0,$-6,$-6,$-6,$-12,$0,$0,$-3,$-0,$-15,$-2,$1,$-3
18,2013-12-31,31.61,$10.04,3.15,$26.95,1.17,$5.14,6.14,$1.50,21.07,$0.35B,$0.14B,2.49,$0.26B,$0.27B,0.97,$0.72B,$0.22B,29.78%,$0.72B,$0.07B,9.97%,$0.72B,$0.07B,9.97%,$0.72B,$0.10B,14.40%,$0.72B,$0.06B,8.31%,$0.72B,$0.04B,5.68%,$0.04B,$0.27B,16.25%,$0.04B,$0.05B,53.42%,$0.04B,$0.74B,6.41%,$0.07B,$0.53B,15.44%,$181,$129,$52,$3,$33,$166,$15,$-4,$11,$4,$7,$7,$7,$23,$15,$27,27,$0.27,$0.27,$64,$144,$0,$349,$158,$0,$223,$5,$386,$736,$140,$261,$2,$326,$466,$0,$133,$-18,$269,$736,$40,$32,$8,$39,$6,$6,$0,$-2,$10,$90,$-27,$0,$-95,$0,$0,$0,$-8,$-130,$6,$21,$27,$0,$0,$-8,$-2,$18,$-22,$3,$-8
19,2013-09-30,24.78,$9.65,2.57,$26.85,0.92,$3.89,6.37,$1.03,24.06,$0.31B,$0.11B,2.7,$0.18B,$0.26B,0.7,$0.72B,$0.22B,30.22%,$0.72B,$0.07B,10.17%,$0.72B,$0.07B,10.17%,$0.72B,$0.11B,15.46%,$0.72B,$0.04B,5.99%,$0.72B,$0.03B,4.04%,$0.03B,$0.26B,11.93%,$0.03B,$0.10B,35.26%,$0.03B,$0.61B,4.72%,$0.07B,$0.44B,16.19%,$175,$122,$54,$3,$32,$157,$19,$-3,$16,$5,$10,$10,$11,$27,$19,$27,27,$0.39,$0.39,$70,$121,$0,$307,$136,$0,$159,$4,$301,$609,$114,$181,$2,$236,$350,$0,$129,$-23,$259,$609,$33,$24,$3,$27,$-9,$3,$0,$-2,$2,$62,$-14,$0,$0,$0,$0,$0,$0,$-14,$-2,$-54,$-56,$0,$0,$-5,$-1,$-62,$-15,$2,$-5
20,2013-06-30,25.12,$9.17,2.74,$26.84,0.94,$3.21,7.84,$0.96,26.17,$0.30B,$0.11B,2.85,$0.20B,$0.25B,0.8,$0.72B,$0.22B,29.99%,$0.72B,$0.07B,10.04%,$0.72B,$0.07B,10.04%,$0.72B,$0.11B,15.48%,$0.72B,$0.04B,5.30%,$0.72B,$0.03B,3.77%,$0.03B,$0.25B,11.33%,$0.03B,$0.09B,35.41%,$0.03B,$0.60B,4.36%,$0.07B,$0.44B,15.61%,$181,$127,$54,$3,$33,$163,$18,$-3,$16,$5,$11,$11,$11,$26,$18,$27,27,$0.40,$0.40,$62,$120,$0,$298,$136,$0,$159,$6,$302,$600,$105,$195,$2,$250,$355,$0,$121,$-30,$245,$600,$23,$16,$2,$18,$-10,$3,$0,$-2,$-7,$33,$-10,$0,$0,$0,$0,$0,$0,$-10,$-3,$-39,$-42,$0,$0,$-2,$0,$-44,$-24,$2,$-2
21,2013-03-31,24.88,$8.81,2.82,$27.12,0.92,$2.62,9.49,$0.96,25.92,$0.31B,$0.11B,2.94,$0.22B,$0.24B,0.92,$0.72B,$0.22B,29.97%,$0.72B,$0.08B,10.36%,$0.72B,$0.08B,10.36%,$0.72B,$0.11B,15.75%,$0.72B,$0.04B,4.83%,$0.72B,$0.03B,3.73%,$0.03B,$0.24B,11.56%,$0.03B,$0.08B,37.37%,$0.03B,$0.61B,4.30%,$0.08B,$0.45B,16.04%,$185,$130,$55,$3,$32,$165,$20,$-3,$17,$5,$12,$12,$12,$28,$20,$27,27,$0.44,$0.44,$66,$123,$0,$310,$137,$0,$161,$5,$304,$614,$105,$217,$2,$273,$379,$0,$113,$-30,$236,$614,$12,$8,$1,$9,$-15,$-1,$0,$-2,$-11,$9,$-4,$0,$0,$0,$0,$0,$0,$-4,$-1,$-19,$-20,$0,$0,$0,$0,$-20,$-19,$1,$0
22,2012-12-31,20.1,$8.68,2.31,$27.42,0.73,$2.05,9.81,$0.91,22.08,$0.32B,$0.11B,3.06,$0.24B,$0.23B,1.03,$0.73B,$0.22B,29.96%,$0.73B,$0.08B,10.53%,$0.73B,$0.08B,10.53%,$0.73B,$0.12B,15.73%,$0.73B,$0.03B,4.65%,$0.73B,$0.03B,3.56%,$0.03B,$0.23B,11.27%,$0.03B,$0.07B,37.41%,$0.03B,$0.63B,4.10%,$0.08B,$0.47B,16.19%,$177,$123,$54,$3,$32,$162,$16,$-22,$-6,$-1,$-5,$-5,$-5,$30,$16,$27,27,$-0.21,$-0.20,$85,$124,$0,$324,$138,$0,$164,$6,$309,$633,$106,$238,$2,$295,$401,$0,$103,$-23,$232,$633,$24,$38,$2,$41,$1,$4,$0,$-3,$-5,$60,$-31,$0,$-7,$0,$0,$0,$0,$-39,$-22,$0,$-22,$-1,$-1,$-4,$-2,$-30,$-7,$3,$-4
23,2012-09-30,16.54,$8.98,1.84,$27.23,0.61,$1.91,8.68,$1.33,12.44,$0.32B,$0.10B,3.23,$0.24B,$0.24B,1.01,$0.73B,$0.21B,29.20%,$0.73B,$0.08B,10.47%,$0.73B,$0.08B,10.47%,$0.73B,$0.11B,14.88%,$0.73B,$0.05B,6.61%,$0.73B,$0.04B,5.10%,$0.04B,$0.24B,16.46%,$0.04B,$0.08B,57.59%,$0.04B,$0.63B,5.84%,$0.08B,$0.48B,15.97%,$174,$122,$52,$3,$31,$156,$18,$-7,$11,$3,$9,$9,$9,$27,$18,$27,27,$0.32,$0.32,$88,$124,$0,$323,$137,$0,$163,$8,$310,$632,$100,$242,$2,$293,$393,$0,$110,$-22,$240,$632,$30,$24,$2,$26,$-2,$3,$0,$-2,$-2,$54,$-25,$0,$-7,$0,$0,$0,$0,$-33,$-25,$0,$-25,$0,$0,$-1,$-1,$-27,$-4,$2,$-1
24,2012-06-30,14.27,$8.50,1.68,$27.37,0.52,$1.38,10.34,$1.47,9.71,$0.34B,$0.12B,2.89,$0.24B,$0.23B,1.06,$0.73B,$0.21B,29.18%,$0.73B,$0.08B,10.55%,$0.73B,$0.08B,10.55%,$0.73B,$0.11B,14.79%,$0.73B,$0.05B,6.71%,$0.73B,$0.04B,5.48%,$0.04B,$0.23B,18.41%,$0.04B,$0.07B,70.48%,$0.04B,$0.63B,6.30%,$0.08B,$0.47B,16.21%,$188,$132,$56,$3,$32,$167,$21,$-8,$13,$3,$11,$11,$11,$29,$21,$27,27,$0.40,$0.40,$95,$121,$0,$335,$130,$0,$157,$9,$297,$633,$116,$240,$2,$290,$407,$0,$103,$-29,$226,$633,$21,$16,$2,$17,$-13,$4,$0,$-2,$-14,$24,$-17,$0,$0,$0,$0,$0,$0,$-17,$-4,$0,$-4,$0,$0,$0,$-0,$-4,$3,$2,$0
25,2012-03-31,17.35,$8.45,2.05,$26.54,0.65,$1.04,16.72,$1.41,12.3,$0.34B,$0.10B,3.39,$0.26B,$0.23B,1.16,$0.71B,$0.21B,29.00%,$0.71B,$0.08B,10.61%,$0.71B,$0.08B,10.61%,$0.71B,$0.11B,14.85%,$0.71B,$0.05B,7.07%,$0.71B,$0.04B,5.37%,$0.04B,$0.23B,17.90%,$0.04B,$0.06B,77.95%,$0.04B,$0.64B,5.96%,$0.08B,$0.49B,15.67%,$192,$136,$57,$3,$32,$171,$22,$-6,$16,$5,$11,$11,$11,$29,$22,$27,27,$0.40,$0.39,$80,$127,$0,$336,$128,$0,$161,$13,$304,$641,$99,$261,$7,$316,$416,$0,$94,$-20,$225,$641,$11,$8,$1,$9,$-20,$0,$0,$-2,$-21,$-2,$-8,$0,$0,$0,$0,$0,$0,$-8,$-3,$0,$-3,$0,$0,$0,$-0,$-3,$-13,$1,$0
26,2011-12-31,17.01,$7.83,2.17,$25.33,0.67,$1.05,16.15,$1.42,11.98,$0.33B,$0.10B,3.24,$0.26B,$0.21B,1.26,$0.68B,$0.20B,29.04%,$0.68B,$0.07B,10.81%,$0.68B,$0.07B,10.81%,$0.68B,$0.10B,15.11%,$0.68B,$0.05B,7.26%,$0.68B,$0.04B,5.63%,$0.04B,$0.21B,18.54%,$0.04B,$0.05B,83.98%,$0.04B,$0.63B,6.04%,$0.07B,$0.47B,15.38%,$172,$125,$47,$3,$29,$157,$15,$-7,$8,$2,$6,$6,$6,$23,$15,$27,27,$0.22,$0.21,$93,$126,$0,$331,$123,$0,$161,$13,$299,$630,$102,$263,$7,$319,$422,$0,$83,$-25,$208,$630,$38,$30,$8,$38,$-9,$-20,$0,$-9,$-29,$47,$-22,$0,$-68,$0,$0,$0,$0,$-90,$69,$0,$69,$0,$0,$0,$-5,$65,$20,$2,$0
27,2011-09-30,10.45,$7.90,1.32,$23.81,0.44,$1.09,9.6,$1.40,7.47,$0.33B,$0.11B,3.09,$0.27B,$0.21B,1.27,$0.63B,$0.19B,29.50%,$0.63B,$0.07B,11.04%,$0.63B,$0.07B,11.04%,$0.63B,$0.10B,15.14%,$0.63B,$0.05B,7.57%,$0.63B,$0.04B,5.84%,$0.04B,$0.21B,19.05%,$0.04B,$0.05B,96.73%,$0.04B,$0.64B,6.18%,$0.07B,$0.48B,15.51%,$178,$125,$53,$3,$32,$159,$19,$-7,$12,$-0,$12,$12,$12,$27,$19,$27,27,$0.46,$0.46,$90,$124,$0,$333,$123,$0,$164,$15,$302,$635,$108,$266,$8,$317,$425,$0,$77,$-16,$210,$635,$32,$21,$2,$23,$-18,$-14,$0,$-3,$-25,$29,$-14,$0,$-68,$0,$0,$0,$0,$-82,$73,$0,$73,$0,$0,$0,$-4,$69,$18,$2,$0
28,2011-06-30,21.68,$7.77,2.79,$22.01,0.98,$1.45,15.0,$1.19,18.22,$0.33B,$0.11B,3.06,$0.27B,$0.21B,1.33,$0.59B,$0.17B,29.57%,$0.59B,$0.07B,11.11%,$0.59B,$0.07B,11.11%,$0.59B,$0.09B,15.04%,$0.59B,$0.05B,7.69%,$0.59B,$0.03B,5.47%,$0.03B,$0.21B,17.56%,$0.03B,$0.04B,107.56%,$0.03B,$0.64B,5.65%,$0.07B,$0.48B,15.27%,$165,$117,$48,$2,$27,$146,$19,$-6,$14,$5,$9,$9,$9,$26,$19,$26,27,$0.34,$0.34,$90,$120,$0,$333,$126,$0,$168,$17,$310,$643,$109,$274,$12,$329,$438,$0,$65,$-9,$206,$643,$20,$13,$1,$14,$-22,$-8,$0,$-3,$-27,$7,$-9,$0,$-61,$0,$0,$0,$0,$-70,$82,$0,$82,$0,$0,$0,$-3,$79,$18,$1,$0
29,2011-03-31,21.34,$7.40,2.88,$20.81,1.03,$1.97,10.81,$1.11,19.23,$0.34B,$0.09B,3.89,$0.27B,$0.20B,1.4,$0.55B,$0.17B,29.84%,$0.55B,$0.06B,11.21%,$0.55B,$0.06B,11.21%,$0.55B,$0.08B,15.01%,$0.55B,$0.04B,7.41%,$0.55B,$0.03B,5.42%,$0.03B,$0.20B,18.02%,$0.03B,$0.05B,160.00%,$0.03B,$0.61B,5.71%,$0.06B,$0.47B,15.71%,$160,$112,$48,$2,$26,$140,$20,$-5,$15,$4,$11,$11,$11,$26,$20,$26,27,$0.40,$0.40,$146,$93,$1,$342,$106,$0,$147,$16,$268,$610,$88,$274,$12,$326,$414,$0,$56,$-9,$196,$610,$11,$6,$1,$7,$-20,$-4,$0,$-3,$-25,$-7,$-3,$0,$0,$0,$0,$0,$0,$-3,$85,$0,$85,$-0,$-0,$0,$-3,$81,$73,$1,$0
30,2010-12-31,17.95,$6.23,2.88,$19.64,0.91,$2.56,7.01,$0.93,19.3,$0.24B,$0.09B,2.79,$0.21B,$0.17B,1.29,$0.52B,$0.15B,29.56%,$0.52B,$0.06B,10.75%,$0.52B,$0.06B,10.75%,$0.52B,$0.08B,14.59%,$0.52B,$0.03B,6.53%,$0.52B,$0.03B,4.80%,$0.03B,$0.17B,16.37%,$0.03B,$0.02B,666.67%,$0.03B,$0.51B,5.08%,$0.06B,$0.38B,15.28%,$131,$93,$38,$2,$23,$118,$12,$-5,$7,$2,$5,$5,$5,$17,$12,$26,27,$0.20,$0.19,$73,$88,$1,$243,$105,$0,$146,$14,$266,$508,$87,$213,$12,$256,$343,$0,$46,$-15,$165,$508,$25,$21,$10,$31,$-14,$-17,$0,$-4,$-13,$43,$-17,$0,$-1,$0,$0,$0,$0,$-18,$-1,$0,$-1,$-1,$-1,$0,$-1,$-3,$21,$2,$0
31,2010-09-30,13.31,$6.11,2.18,$19.02,0.7,$3.53,3.77,$0.63,21.13,$0.24B,$0.10B,2.52,$0.21B,$0.16B,1.32,$0.50B,$0.15B,29.68%,$0.50B,$0.05B,10.56%,$0.50B,$0.05B,10.56%,$0.50B,$0.08B,15.34%,$0.50B,$0.02B,4.38%,$0.50B,$0.02B,3.39%,$0.02B,$0.16B,11.62%,$0.02B,$0.01B,-357.89%,$0.02B,$0.51B,3.53%,$0.05B,$0.38B,14.69%,$129,$90,$39,$2,$23,$115,$14,$-5,$9,$2,$7,$7,$7,$19,$14,$26,26,$0.25,$0.25,$72,$80,$1,$239,$104,$0,$150,$11,$266,$505,$95,$213,$10,$248,$344,$0,$40,$-12,$162,$505,$19,$17,$2,$19,$-19,$-9,$0,$-1,$-1,$37,$-13,$0,$-1,$0,$0,$0,$0,$-14,$-1,$0,$-1,$0,$0,$0,$-1,$-2,$21,$2,$0
32,2010-06-30,11.76,$5.43,2.17,$18.15,0.65,$4.40,2.68,$0.40,29.41,$0.22B,$0.08B,2.61,$0.21B,$0.14B,1.49,$0.48B,$0.14B,29.08%,$0.48B,$0.05B,9.41%,$0.48B,$0.05B,9.41%,$0.48B,$0.07B,14.85%,$0.48B,$0.01B,2.72%,$0.48B,$0.01B,2.30%,$0.01B,$0.14B,7.82%,$0.01B,$-0.01B,-95.65%,$0.01B,$0.48B,2.30%,$0.05B,$0.36B,12.50%,$133,$93,$40,$2,$22,$117,$16,$-6,$10,$3,$7,$7,$7,$21,$16,$26,26,$0.26,$0.26,$58,$74,$2,$217,$102,$0,$149,$11,$263,$480,$83,$213,$10,$253,$337,$0,$34,$-24,$143,$480,$13,$11,$2,$13,$-19,$-4,$0,$-2,$-5,$20,$-8,$0,$-1,$0,$0,$0,$0,$-9,$-1,$0,$-1,$0,$0,$0,$-0,$-1,$7,$1,$0
33,2010-03-31,12.41,$5.36,2.31,$17.45,0.71,$4.86,2.55,$0.07,177.23,$0.21B,$0.08B,2.64,$0.22B,$0.14B,1.53,$0.46B,$0.13B,28.01%,$0.46B,$0.04B,7.66%,$0.46B,$0.04B,7.66%,$0.46B,$0.06B,13.57%,$0.46B,$0.00B,0.22%,$0.46B,$0.00B,0.44%,$0.00B,$0.14B,1.43%,$0.00B,$-0.01B,-13.79%,$0.00B,$0.48B,0.41%,$0.04B,$0.36B,9.53%,$128,$90,$37,$2,$21,$114,$14,$-5,$8,$3,$6,$6,$6,$19,$14,$26,26,$0.22,$0.22,$54,$73,$0,$209,$105,$0,$151,$11,$268,$477,$79,$216,$11,$257,$336,$0,$27,$-18,$141,$477,$6,$6,$1,$7,$-15,$-2,$0,$-2,$-4,$8,$-3,$0,$-1,$0,$0,$0,$0,$-4,$-0,$0,$-0,$0,$0,$0,$-0,$-1,$2,$1,$0
34,2009-12-31,11.16,$5.33,2.09,$17.42,0.64,$5.03,2.22,$-0.10,0.0,$0.19B,$0.07B,2.86,$0.22B,$0.14B,1.56,$0.45B,$0.12B,27.09%,$0.45B,$0.03B,6.39%,$0.45B,$0.03B,6.39%,$0.45B,$0.06B,12.78%,$0.45B,$-0.01B,-1.10%,$0.45B,$-0.00B,-0.66%,$-0.00B,$0.14B,-2.20%,$-0.00B,$-0.02B,16.22%,$-0.00B,$0.47B,-0.61%,$0.03B,$0.36B,7.73%,$112,$79,$33,$2,$20,$103,$9,$-14,$-5,$-2,$-3,$-3,$-3,$18,$9,$26,26,$-0.09,$-0.09,$51,$72,$0,$194,$106,$0,$154,$11,$271,$465,$68,$216,$11,$258,$326,$0,$21,$-15,$139,$465,$-2,$28,$4,$32,$19,$28,$0,$0,$30,$59,$-9,$0,$0,$0,$0,$0,$0,$-9,$-40,$-6,$-46,$-0,$-0,$0,$-8,$-54,$-1,$3,$0
35,2009-09-30,10.11,$5.40,1.87,$18.66,0.54,$4.08,2.48,$-0.81,0.0,$0.22B,$0.07B,3.04,$0.23B,$0.14B,1.65,$0.49B,$0.13B,27.10%,$0.49B,$0.00B,0.82%,$0.49B,$0.00B,0.82%,$0.49B,$0.06B,12.53%,$0.49B,$-0.02B,-3.70%,$0.49B,$-0.02B,-4.31%,$-0.02B,$0.14B,-15.67%,$-0.02B,$-0.02B,96.55%,$-0.02B,$0.49B,-4.18%,$0.00B,$0.37B,1.04%,$105,$76,$29,$2,$19,$99,$6,$-6,$0,$-0,$1,$1,$1,$13,$6,$26,26,$0.02,$0.02,$72,$72,$0,$221,$108,$0,$155,$6,$270,$491,$73,$232,$11,$278,$351,$0,$24,$-15,$140,$491,$0,$19,$4,$23,$13,$28,$0,$-0,$28,$52,$-5,$0,$0,$0,$0,$0,$0,$-5,$-27,$-3,$-30,$0,$0,$0,$-0,$-30,$20,$2,$0
36,2009-06-30,6.77,$5.34,1.27,$20.76,0.33,$3.03,2.23,$-0.49,0.0,$0.22B,$0.07B,3.42,$0.25B,$0.14B,1.78,$0.54B,$0.15B,27.54%,$0.54B,$0.02B,3.14%,$0.54B,$0.02B,3.14%,$0.54B,$0.07B,13.49%,$0.54B,$-0.01B,-0.92%,$0.54B,$-0.01B,-2.40%,$-0.01B,$0.14B,-9.17%,$-0.01B,$-0.02B,53.06%,$-0.01B,$0.50B,-2.48%,$0.02B,$0.39B,4.27%,$112,$82,$29,$1,$20,$106,$6,$-8,$-2,$-1,$-2,$-2,$-2,$12,$6,$26,26,$-0.07,$-0.07,$64,$79,$0,$221,$110,$0,$156,$7,$274,$495,$65,$246,$11,$292,$356,$0,$23,$-16,$138,$495,$-0,$12,$3,$15,$9,$20,$0,$-1,$13,$28,$-4,$0,$0,$0,$0,$0,$0,$-4,$-14,$-1,$-15,$0,$0,$0,$0,$-15,$12,$2,$0
37,2009-03-31,3.51,$4.96,0.71,$22.87,0.15,$2.07,1.7,$-0.04,0.0,$0.24B,$0.08B,3.14,$0.26B,$0.13B,2.02,$0.60B,$0.17B,28.48%,$0.60B,$0.03B,5.53%,$0.60B,$0.03B,5.53%,$0.60B,$0.09B,14.91%,$0.60B,$0.01B,2.01%,$0.60B,$-0.00B,-0.17%,$-0.00B,$0.13B,-0.67%,$-0.00B,$-0.03B,3.51%,$-0.00B,$0.51B,-0.18%,$0.03B,$0.39B,8.01%,$125,$92,$32,$2,$22,$116,$8,$-6,$2,$1,$1,$1,$1,$15,$8,$26,26,$0.05,$0.05,$61,$90,$1,$239,$110,$0,$155,$7,$272,$511,$76,$260,$10,$306,$382,$0,$25,$-27,$129,$511,$1,$6,$0,$6,$-2,$8,$0,$-2,$4,$12,$-2,$0,$0,$0,$0,$0,$0,$-2,$-0,$0,$-0,$0,$0,$0,$0,$-0,$9,$1,$0
38,2008-12-31,7.15,$5.04,1.42,$24.33,0.29,$1.67,4.28,$0.24,29.78,$0.24B,$0.08B,2.99,$0.26B,$0.13B,2.0,$0.64B,$0.19B,29.29%,$0.64B,$0.05B,7.24%,$0.64B,$0.05B,7.24%,$0.64B,$0.10B,15.91%,$0.64B,$0.02B,3.78%,$0.64B,$0.01B,1.10%,$0.01B,$0.13B,4.47%,$0.01B,$-0.03B,-21.05%,$0.01B,$0.51B,1.23%,$0.05B,$0.39B,10.80%,$145,$103,$42,$1,$22,$160,$-16,$-3,$-18,$3,$-21,$-21,$-21,$21,$-16,$25,26,$-0.83,$-0.80,$52,$98,$5,$239,$110,$0,$157,$8,$275,$514,$80,$258,$9,$305,$385,$0,$23,$-24,$129,$514,$6,$56,$-1,$55,$-1,$-2,$0,$-0,$-16,$45,$-19,$0,$16,$0,$0,$0,$0,$-4,$-30,$-2,$-32,$0,$0,$0,$0,$-32,$6,$2,$0
39,2008-09-30,13.34,$6.69,1.99,$24.91,0.54,$1.90,7.0,$1.00,13.34,$0.26B,$0.10B,2.62,$0.26B,$0.17B,1.52,$0.64B,$0.19B,29.02%,$0.64B,$0.07B,11.39%,$0.64B,$0.07B,11.39%,$0.64B,$0.10B,15.29%,$0.64B,$0.05B,7.18%,$0.64B,$0.03B,4.21%,$0.03B,$0.17B,16.80%,$0.03B,$-0.03B,-66.67%,$0.03B,$0.58B,4.62%,$0.07B,$0.43B,16.64%,$159,$114,$46,$2,$26,$141,$19,$-6,$13,$4,$9,$9,$9,$25,$19,$25,26,$0.35,$0.34,$50,$106,$5,$262,$112,$0,$197,$5,$313,$575,$100,$259,$9,$304,$404,$0,$44,$-3,$171,$575,$27,$19,$0,$19,$-15,$-6,$0,$-0,$-15,$32,$-12,$0,$17,$0,$0,$0,$0,$5,$-30,$-2,$-32,$0,$0,$0,$0,$-32,$4,$2,$0
40,2008-06-30,15.19,$6.60,2.3,$24.45,0.62,$1.73,8.77,$0.83,18.3,$0.26B,$0.09B,2.84,$0.27B,$0.17B,1.62,$0.63B,$0.18B,28.93%,$0.63B,$0.07B,11.29%,$0.63B,$0.07B,11.29%,$0.63B,$0.10B,15.42%,$0.63B,$0.04B,6.04%,$0.63B,$0.02B,3.50%,$0.02B,$0.17B,14.24%,$0.02B,$-0.03B,-41.51%,$0.02B,$0.58B,3.75%,$0.07B,$0.44B,16.08%,$168,$118,$50,$2,$26,$146,$22,$-7,$15,$5,$10,$10,$10,$28,$22,$25,26,$0.39,$0.38,$43,$105,$5,$262,$114,$0,$202,$5,$321,$583,$92,$272,$10,$322,$415,$0,$35,$4,$168,$583,$18,$13,$1,$13,$-18,$-3,$0,$-2,$-25,$7,$-8,$0,$17,$0,$0,$0,$0,$10,$-17,$-2,$-19,$0,$0,$0,$0,$-19,$-3,$1,$0
41,2008-03-31,12.15,$6.22,1.95,$24.62,0.49,$1.42,8.58,$0.60,20.26,$0.27B,$0.10B,2.73,$0.29B,$0.16B,1.82,$0.62B,$0.18B,28.46%,$0.62B,$0.07B,10.89%,$0.62B,$0.07B,10.89%,$0.62B,$0.09B,15.28%,$0.62B,$0.03B,4.88%,$0.62B,$0.02B,2.76%,$0.02B,$0.16B,11.54%,$0.02B,$-0.05B,-26.15%,$0.02B,$0.60B,2.89%,$0.07B,$0.45B,15.01%,$163,$115,$48,$2,$25,$143,$21,$-7,$14,$5,$9,$9,$9,$27,$21,$25,26,$0.34,$0.33,$59,$102,$5,$272,$115,$0,$204,$6,$325,$597,$100,$288,$10,$339,$438,$0,$25,$5,$158,$597,$9,$6,$0,$6,$-16,$0,$0,$-1,$-11,$4,$-4,$0,$17,$0,$0,$0,$0,$13,$-2,$-2,$-3,$0,$0,$0,$0,$-3,$13,$0,$0
42,2007-12-31,15.03,$5.83,2.58,$24.16,0.62,$1.13,13.28,$0.44,34.15,$0.26B,$0.09B,2.81,$0.29B,$0.15B,1.99,$0.59B,$0.17B,28.21%,$0.59B,$0.06B,10.43%,$0.59B,$0.06B,10.43%,$0.59B,$0.09B,15.04%,$0.59B,$0.02B,3.76%,$0.59B,$0.01B,2.05%,$0.01B,$0.15B,9.32%,$0.01B,$-0.06B,-18.68%,$0.01B,$0.58B,2.23%,$0.06B,$0.44B,14.97%,$151,$108,$42,$2,$26,$140,$11,$-7,$4,$2,$2,$2,$-1,$18,$11,$24,25,$-0.07,$-0.07,$46,$102,$5,$257,$113,$0,$204,$7,$324,$581,$91,$291,$10,$343,$434,$0,$17,$2,$146,$581,$11,$27,$8,$35,$4,$-2,$0,$4,$-5,$42,$-12,$0,$-113,$0,$0,$0,$0,$-125,$47,$-5,$41,$50,$50,$0,$-6,$85,$3,$2,$0
43,2007-09-30,15.06,$5.82,2.59,$23.92,0.63,$-0.01,0.0,$0.03,502.1,$0.24B,$0.09B,2.54,$0.30B,$0.15B,2.03,$0.55B,$0.15B,28.05%,$0.55B,$0.05B,9.84%,$0.55B,$0.05B,9.84%,$0.55B,$0.08B,14.39%,$0.55B,$0.02B,2.91%,$0.55B,$0.01B,2.00%,$0.01B,$0.15B,9.82%,$0.01B,$-0.08B,-17.89%,$0.01B,$0.59B,2.23%,$0.05B,$0.44B,14.40%,$147,$106,$42,$2,$23,$130,$17,$-12,$5,$2,$3,$3,$4,$24,$17,$25,26,$0.17,$0.17,$30,$108,$0,$237,$117,$0,$222,$6,$348,$585,$93,$295,$4,$346,$439,$0,$18,$1,$146,$585,$13,$21,$2,$22,$-7,$-2,$0,$4,$-13,$22,$-7,$0,$-118,$0,$0,$0,$0,$-125,$47,$-2,$45,$50,$50,$0,$-6,$89,$-12,$1,$0
