,Date,Stock Price,Book Value per Share,Price to Book Ratio,TTM Sales per Share,Price to Sales Ratio,TTM FCF per Share,Price to FCF Ratio,TTM Net EPS,PE Ratio,Current Assets,Current Liabilities,Current Ratio,Long Term Debt,Shareholder's Equity_x,Debt to Equity Ratio,TTM Revenue_x,TTM Gross Profit,Gross Margin,TTM Revenue_y,TTM Operating Income,Operating Margin,TTM Revenue_x,TTM EBIT,EBIT Margin,TTM Revenue_y,TTM EBITDA,EBITDA Margin,TTM Revenue_x,TTM Pre-Tax Income,Pre-Tax Margin,TTM Revenue_y,TTM Net Income_x,Net Margin,TTM Net Income_y,Shareholder's Equity_y,Return on Equity,TTM Net Income_x,Tangible Equity,Return on Tangible Equity,TTM Net Income_y,Total Assets,Return on Assets,TTM Net Income,LT Investments & Debt,Return on Investment,revenue,cost-goods-sold,gross-profit,research-development-expenses,selling-general-administrative-expenses,operating-expenses,operating-income,total-non-operating-income-expense,pre-tax-income,total-provision-income-taxes,income-after-taxes,income-from-continuous-operations,net-income,ebitda,ebit,basic-shares-outstanding,shares-outstanding,eps-basic-net-earnings-per-share,eps-earnings-per-share-diluted,cash-on-hand,inventory,other-current-assets,total-current-assets,net-property-plant-equipment,long-term-investments,goodwill-intangible-assets-total,other-long-term-assets,total-long-term-assets,total-assets,total-current-liabilities,long-term-debt,other-non-current-liabilities,total-long-term-liabilities,total-liabilities,common-stock-net,retained-earnings-accumulated-deficit,comprehensive-income,total-share-holder-equity,total-liabilities-share-holders-equity,net-income-loss,total-depreciation-amortization-cash-flow,other-non-cash-items,total-non-cash-items,change-in-accounts-receivable,change-in-inventories,change-in-accounts-payable,change-in-assets-liabilities,total-change-in-assets-liabilities,cash-flow-from-operating-activities,net-change-in-property-plant-equipment,net-change-in-intangible-assets,net-acquisitions-divestitures,net-change-in-short-term-investments,net-change-in-long-term-investments,net-change-in-investments-total,investing-activities-other,cash-flow-from-investing-activities,net-long-term-debt,net-current-debt,debt-issuance-retirement-net-total,net-common-equity-issued-repurchased,net-total-equity-issued-repurchased,total-common-preferred-stock-dividends-paid,financial-activities-other,cash-flow-from-financial-activities,net-cash-flow,stock-based-compensation,common-stock-dividends-paid
0,2018-06-30,26.89,$4.92,5.46,0.0,0.0,$-5.76,0.0,$-3.27,0.0,$0.30B,$0.04B,8.22,$0.00B,$0.29B,0.0,$0.00B,0,nan%,$0.00B,$-0.18B,inf%,$0.00B,$-0.18B,inf%,$0.00B,$-0.18B,inf%,$0.00B,$-0.18B,inf%,$0.00B,$-0.18B,inf%,$-0.18B,$0.29B,-69.98%,$-0.18B,$0.29B,-69.98%,$-0.18B,$0.33B,-62.30%,$-0.18B,$0.29B,-70.78%,$0,$0,$0,$35,$19,$54,$-54,$1,$-53,$0,$-53,$-53,$-53,$-54,$-54,$58,58,$-0.91,$-0.91,$290,$0,$0,$297,$23,$6,$0,$1,$30,$327,$36,$0,$3,$3,$39,$0,$-368,$-0,$288,$327,$-102,$1,$16,$17,$0,$0,$3,$0,$9,$-76,$-6,$0,$0,$0,$-45,$-45,$0,$-51,$0,$0,$0,$190,$190,$0,$5,$196,$69,$16,$0
1,2018-03-31,31.83,$5.67,5.61,0.0,0.0,$-5.26,0.0,$-3.01,0.0,$0.33B,$0.03B,10.86,$0.00B,$0.33B,0.0,$0.00B,0,nan%,$0.00B,$-0.16B,inf%,$0.00B,$-0.16B,inf%,$0.00B,$-0.16B,inf%,$0.00B,$-0.15B,inf%,$0.00B,$-0.16B,inf%,$-0.16B,$0.33B,-64.92%,$-0.16B,$0.33B,-64.92%,$-0.16B,$0.36B,-58.55%,$-0.16B,$0.33B,-65.76%,$0,$0,$0,$33,$17,$50,$-50,$1,$-49,$0,$-50,$-50,$-50,$-50,$-50,$54,54,$-0.92,$-0.92,$322,$0,$0,$330,$21,$10,$0,$1,$32,$362,$30,$0,$2,$2,$33,$0,$-315,$-0,$329,$362,$-50,$0,$8,$8,$0,$0,$-0,$-0,$2,$-40,$-2,$0,$0,$0,$-13,$-13,$0,$-16,$0,$0,$0,$189,$189,$0,$2,$191,$136,$8,$0
2,2017-12-31,37.82,$3.48,10.87,0.0,0.0,$-4.95,0.0,$-2.61,0.0,$0.19B,$0.03B,7.11,$0.00B,$0.18B,0.0,$0.00B,0,nan%,$0.00B,$-0.13B,inf%,$0.00B,$-0.13B,inf%,$0.00B,$-0.13B,inf%,$0.00B,$-0.13B,inf%,$0.00B,$-0.13B,inf%,$-0.13B,$0.18B,-58.81%,$-0.13B,$0.18B,-58.81%,$-0.13B,$0.21B,-53.85%,$-0.13B,$0.18B,-59.71%,$0,$0,$0,$29,$13,$42,$-42,$1,$-41,$0,$-41,$-41,$-41,$-41,$-42,$50,50,$-0.81,$-0.81,$182,$0,$0,$189,$17,$0,$0,$1,$18,$207,$27,$0,$3,$3,$29,$0,$-265,$-0,$178,$207,$-131,$1,$17,$18,$0,$0,$2,$-0,$14,$-100,$-6,$0,$0,$0,$49,$49,$0,$43,$0,$0,$0,$7,$7,$0,$0,$7,$-51,$17,$0
3,2017-09-30,24.79,$4.15,5.97,0.0,0.0,$-4.35,0.0,$-2.35,0.0,$0.22B,$0.02B,10.29,$0.00B,$0.21B,0.0,$0.00B,0,nan%,$0.00B,$-0.12B,inf%,$0.00B,$-0.12B,inf%,$0.00B,$-0.12B,inf%,$0.00B,$-0.12B,inf%,$0.00B,$-0.12B,inf%,$-0.12B,$0.21B,-46.05%,$-0.12B,$0.21B,-46.05%,$-0.12B,$0.23B,-43.19%,$-0.12B,$0.21B,-46.45%,$0,$0,$0,$21,$11,$32,$-32,$0,$-32,$0,$-32,$-32,$-32,$-32,$-32,$50,50,$-0.63,$-0.63,$212,$0,$0,$218,$15,$0,$0,$1,$16,$234,$21,$0,$2,$2,$23,$0,$-224,$-0,$211,$234,$-90,$1,$12,$13,$0,$0,$3,$-0,$9,$-68,$-5,$0,$0,$0,$20,$20,$0,$15,$0,$0,$0,$0,$0,$0,$3,$3,$-50,$12,$0
4,2017-06-30,20.56,$4.70,4.38,0.0,0.0,$-3.87,0.0,$-2.25,0.0,$0.24B,$0.02B,13.45,$0.00B,$0.24B,0.0,$0.00B,0,nan%,$0.00B,$-0.11B,inf%,$0.00B,$-0.11B,inf%,$0.00B,$-0.11B,inf%,$0.00B,$-0.11B,inf%,$0.00B,$-0.11B,inf%,$-0.11B,$0.24B,-44.30%,$-0.11B,$0.24B,-44.30%,$-0.11B,$0.26B,-41.79%,$-0.11B,$0.24B,-44.73%,$0,$0,$0,$22,$11,$33,$-33,$1,$-32,$0,$-32,$-32,$-32,$-33,$-33,$50,50,$-0.65,$-0.65,$237,$0,$0,$243,$13,$0,$0,$1,$14,$256,$18,$0,$2,$2,$20,$0,$-193,$-0,$237,$256,$-58,$1,$8,$9,$0,$0,$1,$0,$6,$-43,$-3,$0,$0,$0,$5,$5,$0,$2,$0,$0,$0,$0,$0,$0,$2,$2,$-40,$8,$0
5,2017-03-31,21.73,$5.26,4.13,0.0,0.0,$-3.62,0.0,$-2.03,0.0,$0.25B,$0.01B,24.34,$0.00B,$0.27B,0.0,$0.00B,0,nan%,$0.00B,$-0.09B,inf%,$0.00B,$-0.09B,inf%,$0.00B,$-0.09B,inf%,$0.00B,$-0.09B,inf%,$0.00B,$-0.09B,inf%,$-0.09B,$0.27B,-40.90%,$-0.09B,$0.27B,-40.90%,$-0.09B,$0.28B,-38.93%,$-0.09B,$0.27B,-40.90%,$0,$0,$0,$17,$9,$26,$-26,$0,$-26,$0,$-26,$-26,$-26,$-26,$-26,$50,50,$-0.52,$-0.52,$246,$0,$0,$249,$11,$13,$0,$3,$27,$276,$10,$0,$1,$1,$12,$0,$-160,$-0,$265,$276,$-26,$0,$4,$4,$0,$0,$0,$0,$-1,$-23,$-1,$0,$0,$0,$-22,$-22,$0,$-23,$0,$0,$0,$0,$0,$0,$1,$1,$-45,$4,$0
6,2016-12-31,20.45,$5.70,3.59,0.0,0.0,$-3.44,0.0,$-1.88,0.0,$0.25B,$0.01B,21.98,$0.00B,$0.29B,0.0,$0.00B,0,nan%,$0.00B,$-0.08B,inf%,$0.00B,$-0.08B,inf%,$0.00B,$-0.08B,inf%,$0.00B,$-0.08B,inf%,$0.00B,$-0.08B,inf%,$-0.08B,$0.29B,-39.61%,$-0.08B,$0.29B,-39.61%,$-0.08B,$0.30B,-37.72%,$-0.08B,$0.29B,-39.61%,$0,$0,$0,$17,$8,$25,$-25,$0,$-25,$0,$-25,$-25,$-25,$-25,$-25,$43,43,$-0.56,$-0.56,$249,$0,$0,$252,$10,$34,$0,$3,$47,$299,$11,$0,$1,$1,$13,$0,$-134,$-0,$286,$299,$-81,$1,$13,$14,$0,$0,$-1,$4,$10,$-57,$-8,$0,$0,$0,$-36,$-36,$0,$-44,$0,$0,$0,$145,$145,$0,$3,$148,$47,$13,$0
7,2016-09-30,15.0,$3.79,3.96,0.0,0.0,$-3.91,0.0,$-1.72,0.0,$0.15B,$0.01B,12.88,$0.00B,$0.16B,0.0,$0.00B,0,nan%,$0.00B,$-0.07B,inf%,$0.00B,$-0.07B,inf%,$0.00B,$-0.07B,inf%,$0.00B,$-0.07B,inf%,$0.00B,$-0.07B,inf%,$-0.07B,$0.16B,-39.02%,$-0.07B,$0.16B,-39.02%,$-0.07B,$0.17B,-37.31%,$-0.07B,$0.16B,-39.02%,$0,$0,$0,$16,$6,$22,$-22,$0,$-22,$0,$-22,$-22,$-22,$-22,$-22,$42,42,$-0.53,$-0.53,$150,$0,$0,$153,$9,$9,$0,$3,$21,$174,$12,$0,$1,$1,$13,$0,$-109,$0,$160,$174,$-56,$1,$9,$10,$0,$0,$-0,$5,$12,$-34,$-7,$0,$0,$0,$40,$40,$0,$33,$0,$0,$0,$0,$0,$0,$1,$1,$0,$9,$0
8,2016-06-30,10.82,$4.22,2.56,0.0,0.0,$-3.66,0.0,$-1.55,0.0,$0.17B,$0.01B,29.56,$0.00B,$0.18B,0.0,$0.00B,0,nan%,$0.00B,$-0.06B,inf%,$0.00B,$-0.06B,inf%,$0.00B,$-0.06B,inf%,$0.00B,$-0.06B,inf%,$0.00B,$-0.06B,inf%,$-0.06B,$0.18B,-29.61%,$-0.06B,$0.18B,-29.61%,$-0.06B,$0.19B,-28.75%,$-0.06B,$0.18B,-29.61%,$0,$0,$0,$12,$6,$18,$-18,$0,$-18,$0,$-18,$-18,$-18,$-18,$-18,$42,42,$-0.43,$-0.43,$169,$0,$0,$173,$7,$3,$0,$3,$13,$186,$6,$0,$1,$1,$7,$0,$-87,$0,$179,$186,$-34,$1,$6,$6,$0,$0,$-1,$3,$4,$-23,$-5,$0,$0,$0,$25,$25,$0,$21,$0,$0,$0,$0,$0,$0,$0,$0,$-2,$6,$0
