,Date,Stock Price,Book Value per Share,Price to Book Ratio,TTM Sales per Share,Price to Sales Ratio,TTM FCF per Share,Price to FCF Ratio,TTM Net EPS,PE Ratio,Current Assets,Current Liabilities,Current Ratio,Long Term Debt,Shareholder's Equity_x,Debt to Equity Ratio,TTM Revenue_x,TTM Gross Profit,Gross Margin,TTM Revenue_y,TTM Operating Income,Operating Margin,TTM Revenue_x,TTM EBIT,EBIT Margin,TTM Revenue_y,TTM EBITDA,EBITDA Margin,TTM Revenue_x,TTM Pre-Tax Income,Pre-Tax Margin,TTM Revenue_y,TTM Net Income_x,Net Margin,TTM Net Income_y,Shareholder's Equity_y,Return on Equity,TTM Net Income_x,Tangible Equity,Return on Tangible Equity,TTM Net Income_y,Total Assets,Return on Assets,TTM Net Income,LT Investments & Debt,Return on Investment,revenue,cost-goods-sold,gross-profit,research-development-expenses,selling-general-administrative-expenses,operating-expenses,operating-income,total-non-operating-income-expense,pre-tax-income,total-provision-income-taxes,income-after-taxes,income-from-continuous-operations,net-income,ebitda,ebit,basic-shares-outstanding,shares-outstanding,eps-basic-net-earnings-per-share,eps-earnings-per-share-diluted,cash-on-hand,inventory,other-current-assets,total-current-assets,net-property-plant-equipment,long-term-investments,goodwill-intangible-assets-total,other-long-term-assets,total-long-term-assets,total-assets,total-current-liabilities,long-term-debt,other-non-current-liabilities,total-long-term-liabilities,total-liabilities,common-stock-net,retained-earnings-accumulated-deficit,comprehensive-income,total-share-holder-equity,total-liabilities-share-holders-equity,net-income-loss,total-depreciation-amortization-cash-flow,other-non-cash-items,total-non-cash-items,change-in-accounts-receivable,change-in-inventories,change-in-accounts-payable,change-in-assets-liabilities,total-change-in-assets-liabilities,cash-flow-from-operating-activities,net-change-in-property-plant-equipment,net-change-in-intangible-assets,net-acquisitions-divestitures,net-change-in-short-term-investments,net-change-in-long-term-investments,net-change-in-investments-total,investing-activities-other,cash-flow-from-investing-activities,net-long-term-debt,net-current-debt,debt-issuance-retirement-net-total,net-common-equity-issued-repurchased,net-total-equity-issued-repurchased,total-common-preferred-stock-dividends-paid,financial-activities-other,cash-flow-from-financial-activities,net-cash-flow,stock-based-compensation,common-stock-dividends-paid
0,2018-09-30,79.5,$18.86,4.21,$29.95,2.65,$-2.48,0.0,$2.25,35.33,$0.60B,$0.21B,2.9,$0.53B,$0.61B,0.87,$0.97B,$0.34B,35.61%,$0.97B,$0.13B,13.04%,$0.97B,$0.13B,13.04%,$0.97B,$0.20B,21.12%,$0.97B,$0.11B,11.08%,$0.97B,$0.07B,7.66%,$0.07B,$0.61B,12.49%,$0.07B,$0.39B,19.85%,$0.07B,$1.45B,5.26%,$0.13B,$1.14B,11.32%,$253,$160,$93,$10,$39,$212,$41,$-1,$40,$11,$28,$28,$28,$61,$41,$32,32,$0.87,$0.87,$161,$100,$56,$596,$462,$0,$216,$94,$852,$1448,$206,$529,$92,$634,$840,$0,$581,$-150,$609,$1448,$69,$60,$-6,$54,$-49,$-13,$6,$-32,$-62,$61,$-61,$0,$0,$0,$0,$0,$0,$-61,$1,$0,$1,$0,$0,$-16,$-2,$-16,$-23,$2,$-16
1,2018-06-30,60.15,$18.34,3.28,$29.00,2.07,$-3.76,0.0,$1.85,32.51,$0.59B,$0.20B,2.99,$0.52B,$0.59B,0.88,$0.94B,$0.33B,35.40%,$0.94B,$0.11B,11.55%,$0.94B,$0.11B,11.55%,$0.94B,$0.19B,20.11%,$0.94B,$0.09B,9.20%,$0.94B,$0.06B,6.52%,$0.06B,$0.59B,10.49%,$0.06B,$0.37B,16.94%,$0.06B,$1.42B,4.41%,$0.11B,$1.12B,9.97%,$256,$164,$92,$10,$37,$214,$43,$-5,$37,$7,$30,$30,$30,$62,$43,$32,32,$0.94,$0.94,$155,$98,$59,$587,$451,$0,$218,$86,$836,$1422,$196,$523,$98,$634,$831,$0,$559,$-143,$592,$1422,$41,$41,$-5,$35,$-44,$-11,$9,$-24,$-59,$17,$-39,$0,$0,$0,$0,$0,$0,$-39,$9,$0,$9,$0,$0,$-11,$-2,$-4,$-29,$1,$-11
2,2018-03-31,62.53,$18.45,3.39,$27.76,2.25,$-4.40,0.0,$0.94,66.53,$0.57B,$0.18B,3.24,$0.52B,$0.60B,0.87,$0.90B,$0.30B,33.74%,$0.90B,$0.08B,8.38%,$0.90B,$0.08B,8.38%,$0.90B,$0.15B,17.21%,$0.90B,$0.05B,5.81%,$0.90B,$0.03B,3.58%,$0.03B,$0.60B,5.63%,$0.03B,$0.37B,9.27%,$0.03B,$1.40B,2.36%,$0.08B,$1.11B,7.13%,$230,$148,$82,$10,$42,$209,$21,$-6,$15,$5,$10,$10,$10,$42,$21,$32,32,$0.32,$0.32,$151,$100,$43,$568,$459,$0,$222,$46,$833,$1400,$175,$519,$100,$630,$805,$0,$534,$-114,$595,$1400,$10,$21,$-1,$20,$-31,$-9,$-3,$-2,$-50,$-19,$-16,$0,$0,$0,$0,$0,$0,$-16,$5,$0,$5,$0,$0,$-5,$-2,$-2,$-32,$0,$-5
3,2017-12-31,61.13,$17.80,3.44,$26.82,2.28,$-4.24,0.0,$0.96,63.68,$0.54B,$0.16B,3.37,$0.51B,$0.57B,0.9,$0.86B,$0.30B,34.26%,$0.86B,$0.08B,8.91%,$0.86B,$0.08B,8.91%,$0.86B,$0.15B,17.59%,$0.86B,$0.06B,6.37%,$0.86B,$0.03B,3.82%,$0.03B,$0.57B,5.98%,$0.03B,$0.35B,10.07%,$0.03B,$1.36B,2.50%,$0.08B,$1.09B,7.61%,$227,$150,$77,$10,$43,$206,$21,$-6,$15,$10,$5,$5,$6,$39,$21,$32,32,$0.19,$0.19,$184,$137,$0,$544,$454,$0,$222,$72,$817,$1361,$162,$514,$102,$627,$788,$0,$534,$-136,$573,$1361,$33,$76,$-6,$70,$-22,$3,$3,$-26,$-39,$64,$-88,$0,$0,$0,$0,$0,$0,$-88,$31,$0,$31,$1,$1,$-22,$3,$13,$2,$2,$-22
4,2017-09-30,56.94,$17.54,3.25,$26.41,2.16,$-3.28,0.0,$1.33,42.82,$0.53B,$0.21B,2.49,$0.45B,$0.57B,0.8,$0.85B,$0.30B,34.82%,$0.85B,$0.08B,9.76%,$0.85B,$0.08B,9.76%,$0.85B,$0.16B,18.35%,$0.85B,$0.06B,7.18%,$0.85B,$0.04B,5.06%,$0.04B,$0.57B,8.01%,$0.04B,$0.34B,13.83%,$0.04B,$1.35B,3.32%,$0.08B,$1.02B,8.50%,$222,$143,$80,$11,$41,$199,$23,$-4,$19,$4,$15,$15,$15,$45,$23,$32,32,$0.47,$0.47,$153,$157,$0,$531,$452,$0,$223,$62,$818,$1350,$213,$454,$105,$572,$785,$0,$534,$-144,$565,$1350,$27,$57,$-9,$49,$-20,$-17,$-3,$-19,$-55,$22,$-62,$0,$0,$0,$0,$0,$0,$-62,$21,$0,$21,$1,$1,$-16,$-1,$3,$-28,$2,$-16
5,2017-06-30,52.81,$16.85,3.13,$25.46,2.07,$-1.97,0.0,$1.27,41.58,$0.50B,$0.20B,2.47,$0.44B,$0.54B,0.82,$0.82B,$0.29B,35.16%,$0.82B,$0.09B,10.38%,$0.82B,$0.09B,10.38%,$0.82B,$0.15B,18.80%,$0.82B,$0.06B,7.69%,$0.82B,$0.04B,5.01%,$0.04B,$0.54B,7.78%,$0.04B,$0.32B,13.28%,$0.04B,$1.31B,3.22%,$0.09B,$0.99B,8.71%,$216,$152,$63,$10,$41,$206,$10,$-7,$3,$2,$1,$1,$1,$28,$10,$32,32,$0.03,$0.03,$139,$152,$0,$503,$447,$0,$227,$53,$805,$1308,$204,$444,$105,$562,$766,$0,$524,$-157,$542,$1308,$12,$35,$-7,$28,$-15,$-13,$2,$-6,$-37,$4,$-47,$0,$0,$0,$0,$0,$0,$-47,$11,$0,$11,$0,$0,$-11,$-1,$-1,$-43,$2,$-11
6,2017-03-31,45.38,$16.44,2.76,$25.09,1.81,$-0.78,0.0,$1.56,29.09,$0.49B,$0.19B,2.58,$0.43B,$0.53B,0.81,$0.81B,$0.30B,37.59%,$0.81B,$0.09B,11.54%,$0.81B,$0.09B,11.54%,$0.81B,$0.16B,20.10%,$0.81B,$0.08B,9.43%,$0.81B,$0.05B,6.20%,$0.05B,$0.53B,9.61%,$0.05B,$0.30B,15.64%,$0.05B,$1.26B,3.97%,$0.09B,$0.96B,9.50%,$199,$123,$76,$10,$40,$177,$23,$-5,$18,$7,$11,$11,$11,$40,$23,$32,32,$0.34,$0.34,$143,$150,$0,$485,$432,$0,$226,$50,$778,$1262,$188,$428,$104,$545,$734,$0,$528,$-173,$529,$1262,$11,$17,$-1,$17,$-1,$-15,$4,$-7,$-32,$-5,$-25,$0,$0,$0,$0,$0,$0,$-25,$-4,$0,$-4,$0,$0,$-5,$-1,$-11,$-38,$1,$-5
7,2016-12-31,45.46,$15.92,2.85,$24.27,1.87,$0.06,760.16,$1.64,27.72,$0.50B,$0.20B,2.51,$0.43B,$0.51B,0.85,$0.78B,$0.30B,38.51%,$0.78B,$0.09B,11.81%,$0.78B,$0.09B,11.81%,$0.78B,$0.16B,20.41%,$0.78B,$0.08B,10.01%,$0.78B,$0.05B,6.80%,$0.05B,$0.51B,10.22%,$0.05B,$0.28B,14.83%,$0.05B,$1.26B,4.42%,$0.09B,$0.94B,9.84%,$213,$136,$77,$11,$39,$186,$27,$-6,$21,$5,$16,$16,$16,$43,$27,$32,32,$0.49,$0.49,$182,$134,$0,$501,$423,$0,$227,$44,$762,$1263,$200,$433,$107,$552,$752,$0,$523,$-184,$511,$1263,$53,$67,$6,$74,$-13,$-13,$2,$-23,$-46,$81,$-73,$0,$-187,$0,$0,$0,$7,$-254,$202,$0,$202,$1,$1,$-22,$-8,$172,$-3,$2,$-22
8,2016-09-30,41.46,$16.36,2.53,$23.18,1.79,$1.31,31.74,$2.32,17.87,$0.52B,$0.15B,3.55,$0.49B,$0.53B,0.93,$0.74B,$0.30B,39.70%,$0.74B,$0.08B,10.77%,$0.74B,$0.08B,10.77%,$0.74B,$0.15B,19.65%,$0.74B,$0.07B,9.15%,$0.74B,$0.08B,10.09%,$0.08B,$0.53B,14.51%,$0.08B,$0.33B,18.96%,$0.08B,$1.27B,6.61%,$0.08B,$1.02B,8.98%,$191,$119,$72,$9,$38,$166,$25,$-4,$21,$7,$13,$13,$13,$43,$25,$32,32,$0.41,$0.41,$196,$139,$5,$522,$442,$0,$192,$31,$743,$1266,$147,$490,$98,$593,$740,$0,$513,$-159,$525,$1266,$37,$51,$-2,$49,$-6,$-13,$-2,$-14,$-32,$53,$-51,$0,$-187,$0,$0,$0,$6,$-232,$209,$0,$209,$0,$0,$-16,$-8,$185,$11,$2,$-16
9,2016-06-30,38.9,$16.06,2.42,$22.80,1.71,$1.84,21.16,$2.21,17.6,$0.51B,$0.14B,3.77,$0.49B,$0.52B,0.94,$0.73B,$0.30B,40.90%,$0.73B,$0.08B,11.08%,$0.73B,$0.08B,11.08%,$0.73B,$0.14B,19.70%,$0.73B,$0.07B,9.44%,$0.73B,$0.07B,9.85%,$0.07B,$0.52B,14.26%,$0.07B,$0.36B,17.36%,$0.07B,$1.25B,6.78%,$0.08B,$1.00B,9.98%,$203,$125,$78,$10,$44,$185,$18,$-2,$16,$6,$10,$10,$10,$36,$18,$32,32,$0.32,$0.32,$176,$145,$5,$514,$440,$0,$157,$28,$736,$1249,$136,$485,$100,$598,$734,$0,$505,$-160,$516,$1249,$23,$33,$-1,$32,$-11,$-7,$3,$-8,$-31,$24,$-29,$0,$-187,$0,$0,$0,$2,$-214,$197,$0,$197,$0,$0,$-11,$-8,$178,$-9,$2,$-11
10,2016-03-31,36.46,$16.29,2.24,$21.86,1.67,$1.56,23.39,$1.82,20.03,$0.45B,$0.12B,3.76,$0.26B,$0.52B,0.49,$0.70B,$0.28B,39.43%,$0.70B,$0.07B,9.43%,$0.70B,$0.07B,9.43%,$0.70B,$0.13B,18.00%,$0.70B,$0.05B,7.29%,$0.70B,$0.06B,8.57%,$0.06B,$0.52B,12.02%,$0.06B,$0.45B,13.92%,$0.06B,$1.02B,5.97%,$0.07B,$0.78B,8.84%,$172,$100,$73,$10,$39,$150,$22,$-2,$20,$7,$13,$13,$14,$37,$22,$32,32,$0.42,$0.42,$170,$110,$5,$453,$357,$0,$69,$29,$562,$1015,$120,$255,$103,$372,$492,$0,$500,$-148,$523,$1015,$13,$15,$3,$17,$-1,$-1,$2,$-10,$-25,$5,$-8,$0,$0,$0,$0,$0,$0,$-8,$-10,$0,$-10,$0,$0,$-5,$-1,$-17,$-15,$1,$-5
11,2015-12-31,35.29,$15.70,2.25,$22.16,1.59,$1.46,24.17,$1.78,19.83,$0.45B,$0.13B,3.58,$0.27B,$0.50B,0.53,$0.71B,$0.28B,39.49%,$0.71B,$0.06B,9.03%,$0.71B,$0.06B,9.03%,$0.71B,$0.13B,17.63%,$0.71B,$0.05B,7.33%,$0.71B,$0.06B,8.18%,$0.06B,$0.50B,11.84%,$0.06B,$0.44B,13.73%,$0.06B,$1.01B,5.79%,$0.06B,$0.77B,8.74%,$177,$106,$72,$11,$36,$163,$15,$-4,$11,$-26,$37,$37,$38,$30,$15,$32,32,$1.18,$1.18,$185,$106,$5,$452,$357,$0,$67,$25,$558,$1010,$126,$265,$102,$381,$507,$0,$492,$-159,$503,$1010,$57,$60,$-21,$39,$-0,$-8,$-6,$8,$2,$98,$-51,$0,$0,$0,$0,$0,$3,$-48,$-7,$0,$-7,$2,$2,$-21,$-3,$-29,$5,$2,$-21
12,2015-09-30,27.5,$14.92,1.84,$22.62,1.22,$0.77,35.52,$0.86,31.97,$0.45B,$0.17B,2.61,$0.22B,$0.48B,0.46,$0.72B,$0.28B,38.81%,$0.72B,$0.06B,8.56%,$0.72B,$0.06B,8.56%,$0.72B,$0.12B,17.13%,$0.72B,$0.05B,7.32%,$0.72B,$0.03B,3.87%,$0.03B,$0.48B,5.69%,$0.03B,$0.41B,6.60%,$0.03B,$0.98B,2.78%,$0.06B,$0.70B,8.56%,$179,$103,$76,$11,$36,$153,$26,$-4,$22,$12,$10,$10,$10,$41,$26,$32,32,$0.30,$0.30,$172,$110,$5,$454,$366,$0,$68,$26,$521,$975,$174,$220,$100,$323,$498,$0,$460,$-151,$478,$975,$20,$45,$4,$49,$-4,$-11,$-4,$5,$-10,$59,$-40,$0,$0,$0,$0,$0,$3,$-37,$-2,$0,$-2,$2,$2,$-16,$-1,$-17,$-8,$1,$-16
13,2015-06-30,38.03,$15.37,2.48,$22.68,1.68,$0.73,52.32,$0.93,40.9,$0.48B,$0.17B,2.74,$0.25B,$0.49B,0.51,$0.73B,$0.27B,37.79%,$0.73B,$0.06B,7.59%,$0.73B,$0.06B,7.59%,$0.73B,$0.12B,16.28%,$0.73B,$0.05B,6.90%,$0.73B,$0.03B,4.14%,$0.03B,$0.49B,5.91%,$0.03B,$0.42B,6.85%,$0.03B,$1.02B,2.88%,$0.06B,$0.74B,7.28%,$172,$118,$55,$10,$40,$169,$3,$-6,$-2,$-0,$-2,$-2,$-2,$18,$3,$32,32,$-0.07,$-0.07,$182,$110,$8,$477,$379,$0,$68,$28,$547,$1023,$174,$252,$99,$357,$532,$0,$456,$-132,$492,$1023,$10,$31,$-6,$24,$-9,$-7,$-1,$4,$-17,$17,$-31,$0,$0,$0,$0,$0,$3,$-28,$30,$0,$30,$2,$2,$-10,$-1,$20,$3,$1,$-10
14,2015-03-31,37.82,$15.22,2.48,$23.35,1.62,$1.59,23.84,$1.35,28.02,$0.46B,$0.18B,2.57,$0.23B,$0.49B,0.48,$0.75B,$0.29B,39.36%,$0.75B,$0.07B,9.50%,$0.75B,$0.07B,9.50%,$0.75B,$0.14B,18.07%,$0.75B,$0.07B,9.37%,$0.75B,$0.04B,5.76%,$0.04B,$0.49B,8.20%,$0.04B,$0.42B,9.52%,$0.04B,$1.00B,4.02%,$0.07B,$0.72B,9.10%,$181,$105,$77,$12,$35,$161,$20,$1,$21,$9,$12,$12,$12,$36,$20,$32,32,$0.38,$0.38,$171,$105,$0,$456,$381,$0,$66,$33,$546,$1002,$178,$232,$98,$338,$515,$0,$463,$-144,$486,$1002,$12,$15,$-1,$14,$-14,$-3,$4,$-5,$-20,$6,$-12,$0,$0,$0,$0,$0,$3,$-9,$10,$0,$10,$1,$1,$-5,$0,$6,$-9,$1,$-5
15,2014-12-31,36.0,$16.12,2.23,$23.34,1.54,$1.58,22.8,$1.30,27.7,$0.46B,$0.18B,2.51,$0.22B,$0.51B,0.43,$0.75B,$0.29B,39.14%,$0.75B,$0.07B,9.65%,$0.75B,$0.07B,9.65%,$0.75B,$0.14B,18.23%,$0.75B,$0.07B,8.98%,$0.75B,$0.04B,5.63%,$0.04B,$0.51B,7.77%,$0.04B,$0.44B,9.05%,$0.04B,$1.03B,3.79%,$0.07B,$0.74B,8.86%,$192,$119,$73,$16,$34,$179,$13,$-0,$12,$4,$8,$8,$8,$29,$13,$32,32,$0.26,$0.25,$180,$107,$0,$460,$395,$0,$72,$32,$569,$1029,$183,$222,$103,$332,$516,$0,$456,$-108,$514,$1029,$42,$64,$-0,$64,$-7,$-1,$1,$-8,$-21,$84,$-59,$0,$0,$0,$0,$0,$1,$-58,$-32,$0,$-32,$1,$1,$-20,$0,$-50,$-43,$1,$-20
16,2014-09-30,32.12,$16.94,1.9,$23.28,1.38,$0.73,43.98,$1.32,24.33,$0.49B,$0.14B,3.5,$0.28B,$0.54B,0.53,$0.74B,$0.29B,39.11%,$0.74B,$0.08B,10.62%,$0.74B,$0.08B,10.62%,$0.74B,$0.14B,19.22%,$0.74B,$0.07B,9.54%,$0.74B,$0.04B,5.78%,$0.04B,$0.54B,7.84%,$0.04B,$0.47B,9.13%,$0.04B,$1.11B,3.80%,$0.08B,$0.82B,9.40%,$180,$111,$69,$15,$34,$161,$19,$-1,$19,$7,$12,$12,$12,$35,$19,$32,32,$0.37,$0.37,$195,$122,$0,$487,$408,$0,$74,$31,$625,$1112,$139,$283,$97,$433,$572,$0,$453,$-78,$539,$1112,$34,$48,$1,$49,$10,$-12,$-3,$-6,$-19,$64,$-47,$0,$0,$0,$0,$0,$1,$-46,$-21,$0,$-21,$1,$1,$-15,$0,$-35,$-27,$1,$-15
17,2014-06-30,35.66,$17.57,2.03,$23.40,1.52,$0.67,53.04,$1.10,32.42,$0.50B,$0.14B,3.54,$0.28B,$0.56B,0.51,$0.75B,$0.29B,38.82%,$0.75B,$0.07B,9.77%,$0.75B,$0.07B,9.77%,$0.75B,$0.14B,18.34%,$0.75B,$0.06B,7.90%,$0.75B,$0.04B,4.82%,$0.04B,$0.56B,6.64%,$0.04B,$0.48B,7.77%,$0.04B,$1.14B,3.15%,$0.07B,$0.84B,8.84%,$194,$118,$75,$14,$40,$175,$19,$-1,$18,$7,$11,$11,$11,$35,$19,$32,32,$0.35,$0.35,$207,$124,$0,$503,$415,$0,$79,$30,$636,$1139,$142,$283,$101,$437,$579,$0,$447,$-51,$559,$1139,$22,$32,$3,$35,$14,$-11,$-1,$-5,$-16,$42,$-28,$0,$0,$0,$0,$0,$1,$-27,$-19,$0,$-19,$0,$0,$-10,$0,$-28,$-16,$1,$-10
18,2014-03-31,33.24,$17.26,1.93,$23.59,1.41,$0.36,92.04,$0.52,63.93,$0.51B,$0.14B,3.59,$0.30B,$0.55B,0.54,$0.75B,$0.29B,38.88%,$0.75B,$0.05B,6.66%,$0.75B,$0.05B,6.66%,$0.75B,$0.12B,15.31%,$0.75B,$0.03B,4.26%,$0.75B,$0.02B,2.40%,$0.02B,$0.55B,3.44%,$0.02B,$0.47B,4.05%,$0.02B,$1.15B,1.57%,$0.05B,$0.85B,6.23%,$180,$105,$75,$14,$39,$160,$21,$-2,$18,$7,$11,$11,$11,$37,$21,$32,32,$0.33,$0.33,$208,$121,$0,$508,$415,$0,$80,$28,$639,$1147,$142,$299,$103,$456,$597,$0,$440,$-55,$549,$1147,$11,$16,$1,$16,$11,$-9,$-1,$-4,$-18,$9,$-15,$0,$0,$0,$0,$0,$0,$-15,$-2,$0,$-2,$0,$0,$-5,$0,$-7,$-14,$1,$-5
19,2013-12-31,33.47,$17.24,1.94,$23.81,1.41,$0.26,126.84,$0.55,60.86,$0.52B,$0.16B,3.31,$0.30B,$0.55B,0.55,$0.76B,$0.29B,38.26%,$0.76B,$0.05B,6.86%,$0.76B,$0.05B,6.86%,$0.76B,$0.12B,15.30%,$0.76B,$0.03B,4.22%,$0.76B,$0.02B,2.51%,$0.02B,$0.55B,3.74%,$0.02B,$0.47B,4.41%,$0.02B,$1.13B,1.65%,$0.05B,$0.85B,6.64%,$190,$117,$72,$15,$40,$170,$20,$-4,$16,$7,$9,$9,$9,$36,$20,$32,32,$0.26,$0.27,$223,$113,$0,$522,$419,$0,$80,$26,$605,$1126,$158,$300,$106,$421,$578,$0,$435,$-49,$548,$1126,$18,$64,$-17,$46,$-9,$6,$1,$-2,$-2,$63,$-64,$0,$17,$0,$0,$0,$6,$-41,$-15,$0,$-15,$6,$6,$-14,$27,$4,$32,$-1,$-14
20,2013-09-30,33.04,$16.21,2.04,$24.02,1.38,$0.24,140.14,$0.54,61.19,$0.52B,$0.24B,2.23,$0.25B,$0.51B,0.49,$0.76B,$0.30B,38.98%,$0.76B,$0.05B,6.82%,$0.76B,$0.05B,6.82%,$0.76B,$0.12B,15.09%,$0.76B,$0.03B,3.81%,$0.76B,$0.02B,2.36%,$0.02B,$0.51B,3.64%,$0.02B,$0.44B,4.30%,$0.02B,$1.16B,1.56%,$0.05B,$0.77B,6.91%,$183,$115,$68,$13,$39,$170,$13,$-6,$7,$2,$5,$5,$5,$29,$13,$32,32,$0.15,$0.15,$213,$119,$0,$523,$416,$0,$79,$28,$642,$1164,$235,$252,$110,$415,$650,$0,$431,$-59,$514,$1164,$9,$48,$-10,$38,$-0,$-0,$4,$-4,$16,$63,$-48,$0,$13,$0,$0,$0,$6,$-28,$-12,$0,$-12,$5,$5,$-9,$-1,$-17,$22,$-1,$-9
21,2013-06-30,30.02,$15.18,1.98,$24.43,1.23,$-1.38,0.0,$0.69,43.5,$0.52B,$0.23B,2.29,$0.27B,$0.48B,0.55,$0.77B,$0.31B,39.92%,$0.77B,$0.06B,8.01%,$0.77B,$0.06B,8.01%,$0.77B,$0.12B,16.02%,$0.77B,$0.04B,4.91%,$0.77B,$0.02B,2.84%,$0.02B,$0.48B,4.49%,$0.02B,$0.40B,5.31%,$0.02B,$1.16B,1.91%,$0.06B,$0.75B,8.18%,$198,$121,$77,$15,$42,$201,$-4,$-6,$-9,$-2,$-7,$-7,$-7,$13,$-4,$32,32,$-0.23,$-0.23,$197,$117,$0,$522,$407,$0,$76,$27,$636,$1158,$228,$265,$132,$450,$678,$0,$431,$-91,$480,$1158,$4,$32,$-9,$23,$-6,$-1,$-1,$-3,$6,$32,$-28,$0,$0,$0,$0,$0,$6,$-22,$1,$0,$1,$3,$3,$-4,$-1,$-1,$7,$-1,$-4
22,2013-03-31,26.06,$15.58,1.67,$24.31,1.07,$-3.66,0.0,$-0.16,0.0,$0.53B,$0.20B,2.63,$0.28B,$0.49B,0.57,$0.77B,$0.31B,40.49%,$0.77B,$-0.02B,-2.60%,$0.77B,$-0.02B,-2.60%,$0.77B,$0.04B,5.34%,$0.77B,$-0.04B,-5.21%,$0.77B,$-0.01B,-0.65%,$-0.01B,$0.49B,-1.02%,$-0.01B,$0.42B,-1.21%,$-0.01B,$1.15B,-0.44%,$-0.02B,$0.77B,-2.60%,$187,$114,$73,$13,$37,$164,$23,$-5,$18,$6,$12,$12,$12,$38,$23,$31,32,$0.37,$0.36,$200,$121,$0,$527,$411,$0,$76,$24,$625,$1151,$200,$279,$131,$459,$659,$0,$443,$-90,$492,$1151,$12,$16,$-5,$11,$-2,$-3,$1,$-0,$-18,$4,$-13,$0,$0,$0,$0,$0,$6,$-7,$15,$0,$15,$2,$2,$0,$-1,$15,$9,$-1,$0
23,2012-12-31,20.25,$15.71,1.29,$24.14,0.84,$-4.86,0.0,$0.97,20.88,$0.51B,$0.24B,2.17,$0.24B,$0.49B,0.48,$0.76B,$0.31B,40.21%,$0.76B,$-0.04B,-5.78%,$0.76B,$-0.04B,-5.78%,$0.76B,$0.02B,2.37%,$0.76B,$-0.07B,-8.94%,$0.76B,$0.03B,3.94%,$0.03B,$0.49B,6.16%,$0.03B,$0.42B,7.32%,$0.03B,$1.16B,2.62%,$-0.04B,$0.73B,-5.71%,$194,$115,$79,$14,$44,$175,$20,$-7,$13,$5,$8,$8,$8,$35,$20,$31,32,$0.27,$0.26,$191,$119,$0,$512,$420,$0,$77,$23,$644,$1157,$236,$236,$136,$427,$663,$0,$436,$-80,$494,$1157,$31,$63,$-94,$-31,$-5,$12,$3,$-0,$34,$35,$-37,$0,$0,$0,$0,$0,$151,$113,$-56,$0,$-56,$1,$1,$-21,$0,$-76,$72,$3,$-21
24,2012-09-30,19.37,$15.80,1.23,$24.05,0.81,$-2.35,0.0,$0.48,40.35,$0.50B,$0.18B,2.77,$0.29B,$0.50B,0.58,$0.76B,$0.30B,39.58%,$0.76B,$-0.06B,-7.39%,$0.76B,$-0.06B,-7.39%,$0.76B,$0.01B,1.06%,$0.76B,$-0.08B,-9.89%,$0.76B,$0.02B,1.98%,$0.02B,$0.50B,3.21%,$0.02B,$0.42B,3.84%,$0.02B,$1.13B,1.29%,$-0.06B,$0.79B,-7.13%,$195,$115,$80,$13,$41,$171,$23,$-7,$16,$7,$9,$9,$9,$38,$23,$31,32,$0.30,$0.30,$174,$122,$0,$496,$422,$0,$76,$26,$635,$1131,$179,$289,$110,$456,$635,$0,$432,$-72,$496,$1131,$23,$48,$-98,$-50,$-7,$8,$-4,$-2,$17,$-10,$-25,$0,$151,$0,$0,$0,$0,$125,$-53,$0,$-53,$1,$1,$-13,$0,$-65,$55,$2,$-13
25,2012-06-30,16.29,$15.23,1.07,$24.25,0.67,$0.50,32.57,$0.71,22.94,$0.49B,$0.17B,2.82,$0.31B,$0.48B,0.66,$0.76B,$0.30B,39.06%,$0.76B,$-0.05B,-6.82%,$0.76B,$-0.05B,-6.82%,$0.76B,$0.01B,1.70%,$0.76B,$-0.07B,-9.04%,$0.76B,$0.02B,3.01%,$0.02B,$0.48B,5.05%,$0.02B,$0.40B,6.24%,$0.02B,$1.14B,1.92%,$-0.05B,$0.79B,-6.51%,$192,$113,$79,$14,$37,$278,$-86,$-1,$-87,$-30,$-58,$-58,$-34,$-70,$-86,$31,31,$-1.08,$-1.08,$165,$129,$0,$487,$421,$0,$75,$37,$651,$1137,$173,$314,$112,$487,$660,$0,$427,$-84,$478,$1137,$13,$32,$-97,$-65,$-11,$-0,$-0,$-3,$-2,$-53,$-14,$0,$151,$0,$0,$0,$0,$136,$-31,$0,$-31,$0,$0,$-8,$0,$-39,$46,$1,$-8
26,2012-03-31,19.67,$15.29,1.29,$24.15,0.81,$3.81,5.17,$2.07,9.5,$0.47B,$0.18B,2.58,$0.30B,$0.48B,0.62,$0.76B,$0.29B,38.50%,$0.76B,$0.05B,6.04%,$0.76B,$0.05B,6.04%,$0.76B,$0.11B,14.72%,$0.76B,$0.03B,3.42%,$0.76B,$0.07B,8.67%,$0.07B,$0.48B,14.42%,$0.07B,$0.40B,18.44%,$0.07B,$1.15B,5.28%,$0.05B,$0.78B,5.56%,$180,$112,$68,$13,$47,$181,$-1,$-9,$-10,$-10,$-0,$-0,$47,$15,$-1,$31,32,$1.50,$1.49,$141,$138,$0,$471,$434,$0,$78,$36,$677,$1148,$183,$297,$128,$486,$668,$0,$465,$-120,$479,$1148,$47,$16,$-116,$-100,$3,$-4,$6,$-2,$10,$-43,$-4,$0,$113,$0,$0,$0,$0,$108,$-48,$0,$-48,$0,$0,$-4,$0,$-52,$22,$1,$-4
27,2011-12-31,19.4,$13.29,1.46,$25.03,0.78,$5.78,3.36,$1.11,17.48,$0.51B,$0.17B,2.97,$0.37B,$0.42B,0.9,$0.79B,$0.31B,39.85%,$0.79B,$0.07B,9.39%,$0.79B,$0.07B,9.39%,$0.79B,$0.14B,17.77%,$0.79B,$0.05B,6.73%,$0.79B,$0.04B,4.57%,$0.04B,$0.42B,7.92%,$0.04B,$0.34B,10.48%,$0.04B,$1.23B,2.79%,$0.07B,$0.79B,8.67%,$191,$117,$73,$15,$46,$182,$8,$-2,$6,$18,$-11,$-11,$-7,$25,$8,$31,32,$-0.23,$-0.23,$119,$130,$0,$507,$439,$0,$77,$23,$724,$1231,$171,$373,$186,$644,$815,$0,$422,$-140,$416,$1231,$35,$66,$5,$71,$-12,$7,$-2,$1,$-1,$105,$-29,$0,$0,$0,$0,$0,$3,$-26,$-51,$0,$-51,$1,$1,$-16,$0,$-66,$1,$3,$-16
28,2011-09-30,14.98,$14.40,1.04,$21.32,0.7,$5.52,2.71,$2.00,7.49,$0.54B,$0.18B,2.98,$0.39B,$0.45B,0.86,$0.67B,$0.27B,40.75%,$0.67B,$0.08B,11.79%,$0.67B,$0.08B,11.79%,$0.67B,$0.14B,21.49%,$0.67B,$0.06B,8.51%,$0.67B,$0.06B,9.55%,$0.06B,$0.45B,14.00%,$0.06B,$0.33B,18.52%,$0.06B,$1.27B,4.91%,$0.08B,$0.84B,9.09%,$200,$122,$78,$13,$36,$173,$27,$-4,$22,$8,$14,$14,$17,$43,$27,$31,31,$0.53,$0.53,$130,$167,$0,$537,$455,$3,$118,$17,$736,$1274,$180,$389,$180,$643,$823,$0,$433,$-115,$450,$1274,$42,$50,$-9,$40,$-10,$-13,$1,$-1,$-8,$74,$-20,$0,$0,$0,$0,$0,$3,$-17,$-36,$0,$-36,$0,$0,$-12,$0,$-47,$6,$2,$-12
29,2011-06-30,21.1,$15.55,1.36,$22.27,0.95,$5.40,3.91,$1.59,13.27,$0.57B,$0.18B,3.21,$0.42B,$0.49B,0.86,$0.70B,$0.28B,40.40%,$0.70B,$0.07B,10.03%,$0.70B,$0.07B,10.03%,$0.70B,$0.14B,19.34%,$0.70B,$0.04B,6.02%,$0.70B,$0.05B,7.31%,$0.05B,$0.49B,11.33%,$0.05B,$0.36B,15.11%,$0.05B,$1.35B,3.92%,$0.07B,$0.90B,8.07%,$190,$116,$74,$14,$45,$177,$12,$-5,$8,$3,$5,$5,$9,$29,$12,$31,31,$0.28,$0.28,$157,$180,$0,$574,$484,$3,$126,$18,$774,$1348,$179,$417,$193,$683,$862,$0,$421,$-66,$486,$1348,$25,$33,$1,$34,$7,$-17,$4,$-2,$-7,$52,$-16,$0,$0,$0,$0,$0,$3,$-13,$-7,$0,$-7,$0,$0,$-7,$0,$-15,$34,$1,$-7
30,2011-03-31,19.5,$14.93,1.31,$23.55,0.83,$5.69,3.43,$1.56,12.5,$0.54B,$0.17B,3.17,$0.42B,$0.47B,0.89,$0.74B,$0.29B,40.00%,$0.74B,$0.08B,11.16%,$0.74B,$0.08B,11.16%,$0.74B,$0.15B,19.73%,$0.74B,$0.06B,7.76%,$0.74B,$0.05B,6.80%,$0.05B,$0.47B,11.83%,$0.05B,$0.34B,15.95%,$0.05B,$1.32B,3.94%,$0.08B,$0.88B,9.75%,$207,$118,$89,$14,$47,$180,$27,$-10,$17,$4,$13,$13,$17,$43,$27,$31,31,$0.54,$0.53,$138,$168,$0,$543,$485,$3,$124,$20,$774,$1317,$172,$417,$191,$679,$850,$0,$416,$-80,$467,$1317,$17,$16,$-2,$14,$2,$-8,$2,$-4,$-10,$21,$-6,$0,$0,$0,$0,$0,$2,$-4,$-6,$0,$-6,$0,$0,$-4,$0,$-10,$20,$0,$-4
31,2010-12-31,18.19,$13.66,1.33,$23.85,0.76,$5.50,3.31,$1.17,15.55,$0.51B,$0.17B,3.06,$0.42B,$0.43B,0.99,$0.74B,$0.28B,38.01%,$0.74B,$0.07B,8.76%,$0.74B,$0.07B,8.76%,$0.74B,$0.13B,17.25%,$0.74B,$0.05B,6.47%,$0.74B,$0.04B,5.26%,$0.04B,$0.43B,9.56%,$0.04B,$0.35B,13.04%,$0.04B,$1.28B,3.08%,$0.07B,$0.85B,7.70%,$73,$41,$32,$11,$7,$60,$13,$-3,$10,$-0,$10,$10,$21,$29,$13,$31,31,$0.66,$0.66,$118,$144,$0,$507,$482,$1,$79,$18,$772,$1278,$166,$424,$182,$686,$852,$0,$403,$-107,$426,$1278,$38,$63,$14,$77,$-10,$17,$-8,$1,$-15,$100,$-32,$0,$-2,$0,$0,$0,$62,$28,$-75,$0,$-75,$0,$0,$-15,$-4,$-94,$24,$5,$-15
32,2010-09-30,14.25,$13.51,1.05,$24.71,0.58,$2.39,5.96,$0.69,20.65,$0.49B,$0.18B,2.72,$0.41B,$0.42B,0.98,$0.77B,$0.29B,37.81%,$0.77B,$0.07B,8.87%,$0.77B,$0.07B,8.87%,$0.77B,$0.13B,17.21%,$0.77B,$0.05B,7.04%,$0.77B,$0.02B,2.74%,$0.02B,$0.42B,5.16%,$0.02B,$0.30B,7.33%,$0.02B,$1.26B,1.64%,$0.07B,$0.83B,7.92%,$228,$142,$87,$14,$53,$210,$18,$-11,$7,$4,$4,$4,$4,$34,$18,$31,31,$0.12,$0.12,$99,$157,$0,$486,$492,$3,$121,$21,$774,$1261,$179,$412,$180,$661,$840,$0,$386,$-95,$421,$1261,$17,$47,$14,$61,$-8,$15,$-8,$-5,$-8,$70,$-21,$0,$-2,$0,$0,$0,$53,$30,$-75,$0,$-75,$0,$0,$-11,$-4,$-91,$2,$5,$-11
33,2010-06-30,11.89,$12.14,0.98,$24.46,0.49,$0.26,45.93,$0.37,32.13,$0.46B,$0.17B,2.66,$0.42B,$0.38B,1.11,$0.76B,$0.28B,36.59%,$0.76B,$0.04B,5.68%,$0.76B,$0.04B,5.68%,$0.76B,$0.11B,14.27%,$0.76B,$0.04B,5.68%,$0.76B,$0.01B,1.59%,$0.01B,$0.38B,2.91%,$0.01B,$0.26B,4.13%,$0.01B,$1.22B,0.91%,$0.04B,$0.80B,4.83%,$227,$142,$86,$15,$46,$204,$24,$-1,$23,$15,$8,$8,$8,$39,$24,$31,31,$0.25,$0.25,$103,$153,$0,$460,$486,$3,$113,$21,$755,$1215,$173,$420,$177,$665,$837,$0,$386,$-136,$377,$1215,$13,$31,$18,$49,$-0,$12,$-4,$-1,$-2,$61,$-16,$0,$-2,$0,$0,$0,$49,$32,$-64,$0,$-64,$0,$0,$-7,$0,$-71,$5,$3,$-7
34,2010-03-31,15.43,$13.11,1.18,$24.08,0.64,$-2.21,0.0,$-0.29,0.0,$0.48B,$0.17B,2.83,$0.49B,$0.41B,1.2,$0.74B,$0.26B,34.99%,$0.74B,$-0.01B,-1.48%,$0.74B,$-0.01B,-1.48%,$0.74B,$0.06B,7.54%,$0.74B,$0.02B,2.96%,$0.74B,$-0.01B,-1.21%,$-0.01B,$0.41B,-2.11%,$-0.01B,$0.29B,-2.99%,$-0.01B,$1.32B,-0.66%,$-0.01B,$0.90B,-1.18%,$214,$137,$77,$13,$53,$204,$10,$-2,$8,$3,$6,$6,$6,$26,$10,$31,31,$0.18,$0.18,$102,$168,$0,$479,$502,$3,$122,$68,$837,$1316,$169,$489,$184,$740,$909,$0,$383,$-102,$407,$1316,$6,$16,$4,$20,$8,$2,$-2,$-4,$-8,$17,$-8,$0,$-2,$0,$0,$0,$0,$-10,$6,$0,$6,$0,$0,$-4,$0,$3,$4,$1,$-4
35,2009-12-31,15.73,$13.68,1.15,$24.15,0.65,$-3.44,0.0,$-1.06,0.0,$0.49B,$0.19B,2.61,$0.48B,$0.42B,1.15,$0.74B,$0.25B,34.28%,$0.74B,$-0.04B,-4.88%,$0.74B,$-0.04B,-4.88%,$0.74B,$0.03B,4.34%,$0.74B,$-0.01B,-0.95%,$0.74B,$-0.03B,-4.61%,$-0.03B,$0.42B,-8.10%,$-0.03B,$0.30B,-11.50%,$-0.03B,$1.35B,-2.48%,$-0.04B,$0.91B,-3.84%,$98,$57,$40,$0,$-25,$82,$16,$1,$16,$11,$6,$5,$3,$33,$16,$31,31,$0.12,$0.12,$97,$172,$0,$491,$514,$3,$125,$67,$854,$1345,$188,$484,$185,$734,$923,$0,$380,$-82,$423,$1345,$-33,$69,$-50,$19,$44,$42,$-23,$1,$28,$14,$-42,$0,$0,$0,$0,$0,$-1,$-44,$37,$0,$37,$0,$0,$-15,$0,$22,$-10,$5,$-15
36,2009-09-30,13.29,$14.36,0.93,$29.32,0.45,$-4.42,0.0,$-3.95,0.0,$0.51B,$0.19B,2.63,$0.52B,$0.44B,1.17,$0.89B,$0.29B,32.28%,$0.89B,$-0.15B,-16.42%,$0.89B,$-0.15B,-16.42%,$0.89B,$-0.00B,-0.45%,$0.89B,$-0.12B,-13.84%,$0.89B,$-0.12B,-13.27%,$-0.12B,$0.44B,-27.95%,$-0.12B,$0.32B,-39.53%,$-0.12B,$1.37B,-8.53%,$-0.15B,$0.96B,-15.45%,$218,$144,$74,$0,$61,$225,$-7,$3,$-4,$1,$-5,$-5,$-5,$10,$-7,$31,31,$-0.17,$-0.17,$122,$189,$0,$511,$532,$3,$127,$68,$861,$1372,$194,$516,$168,$735,$929,$0,$381,$-61,$443,$1372,$-37,$51,$-58,$-7,$53,$26,$-30,$-0,$64,$20,$-36,$0,$0,$0,$0,$0,$-9,$-45,$50,$0,$50,$0,$0,$-11,$0,$40,$16,$3,$-11
37,2009-06-30,7.57,$13.97,0.54,$31.19,0.24,$-6.66,0.0,$-3.72,0.0,$0.53B,$0.21B,2.57,$0.53B,$0.43B,1.22,$0.94B,$0.30B,32.20%,$0.94B,$-0.14B,-14.39%,$0.94B,$-0.14B,-14.39%,$0.94B,$0.01B,0.64%,$0.94B,$-0.12B,-12.79%,$0.94B,$-0.11B,-12.05%,$-0.11B,$0.43B,-24.31%,$-0.11B,$0.31B,-35.09%,$-0.11B,$1.40B,-7.90%,$-0.14B,$0.96B,-13.63%,$213,$144,$69,$0,$65,$242,$-30,$31,$2,$4,$-3,$-3,$-13,$-13,$-30,$31,31,$-0.41,$-0.41,$121,$202,$0,$530,$542,$3,$125,$67,$870,$1400,$206,$525,$184,$764,$970,$0,$391,$-84,$430,$1400,$-32,$33,$-39,$-6,$37,$9,$-29,$2,$35,$-3,$-28,$0,$0,$0,$0,$0,$0,$-28,$54,$0,$54,$0,$0,$-7,$0,$47,$14,$3,$-7
38,2009-03-31,5.83,$12.47,0.47,$34.16,0.17,$-7.58,0.0,$-3.11,0.0,$0.52B,$0.19B,2.83,$0.54B,$0.38B,1.42,$1.02B,$0.34B,32.88%,$1.02B,$-0.09B,-8.81%,$1.02B,$-0.09B,-8.81%,$1.02B,$0.05B,4.89%,$1.02B,$-0.12B,-11.25%,$1.02B,$-0.10B,-9.30%,$-0.10B,$0.38B,-18.40%,$-0.10B,$0.27B,-27.08%,$-0.10B,$1.36B,-6.38%,$-0.09B,$0.93B,-8.68%,$209,$139,$70,$0,$68,$224,$-15,$-6,$-21,$-2,$-19,$-19,$-19,$2,$-15,$30,30,$-0.63,$-0.63,$104,$208,$0,$524,$526,$4,$118,$68,$835,$1359,$185,$542,$183,$791,$976,$0,$407,$-131,$383,$1359,$-19,$17,$-5,$12,$23,$-6,$-24,$-4,$-4,$-11,$-17,$0,$0,$0,$0,$0,$0,$-17,$34,$0,$34,$0,$0,$-4,$0,$30,$-3,$1,$-4
39,2008-12-31,7.63,$14.45,0.53,$36.42,0.21,$-7.59,0.0,$-2.53,0.0,$0.56B,$0.21B,2.64,$0.51B,$0.43B,1.17,$1.09B,$0.36B,33.24%,$1.09B,$-0.07B,-6.26%,$1.09B,$-0.07B,-6.26%,$1.09B,$0.07B,6.54%,$1.09B,$-0.09B,-8.47%,$1.09B,$-0.08B,-7.18%,$-0.08B,$0.43B,-13.52%,$-0.08B,$0.31B,-20.17%,$-0.08B,$1.41B,-5.04%,$-0.07B,$0.94B,-6.29%,$249,$175,$74,$0,$4,$344,$-94,$-6,$-100,$-19,$-82,$-81,$-81,$-3,$-94,$30,30,$-2.71,$-2.70,$107,$206,$0,$555,$537,$4,$125,$69,$850,$1405,$210,$508,$188,$762,$972,$0,$430,$-102,$433,$1405,$-77,$139,$-5,$135,$7,$7,$-8,$12,$27,$84,$-141,$0,$40,$0,$0,$0,$13,$-88,$62,$0,$62,$3,$3,$-14,$1,$52,$33,$13,$-14
40,2008-09-30,15.63,$20.53,0.76,$37.42,0.42,$-8.49,0.0,$0.45,34.72,$0.60B,$0.22B,2.78,$0.53B,$0.61B,0.86,$1.12B,$0.38B,33.75%,$1.12B,$0.04B,3.31%,$1.12B,$0.04B,3.31%,$1.12B,$0.10B,8.95%,$1.12B,$0.01B,1.07%,$1.12B,$0.01B,0.72%,$0.01B,$0.61B,1.30%,$0.01B,$0.41B,1.98%,$0.01B,$1.56B,0.51%,$0.04B,$1.14B,3.36%,$267,$178,$89,$0,$78,$263,$4,$-5,$-1,$5,$-6,$-6,$0,$20,$4,$30,30,$0.00,$0.00,$94,$226,$0,$601,$577,$4,$204,$88,$960,$1561,$217,$526,$146,$731,$948,$0,$539,$-2,$613,$1561,$3,$48,$2,$50,$-8,$-3,$-27,$-5,$-21,$32,$-115,$0,$42,$0,$0,$0,$7,$-66,$65,$0,$65,$3,$3,$-10,$1,$59,$21,$5,$-10
41,2008-06-30,16.32,$21.33,0.77,$37.47,0.44,$-7.84,0.0,$0.29,56.27,$0.63B,$0.23B,2.75,$0.50B,$0.64B,0.79,$1.12B,$0.38B,33.99%,$1.12B,$0.03B,3.05%,$1.12B,$0.03B,3.05%,$1.12B,$0.10B,8.70%,$1.12B,$0.01B,0.81%,$1.12B,$0.00B,0.36%,$0.00B,$0.64B,0.67%,$0.00B,$0.42B,1.03%,$0.00B,$1.63B,0.26%,$0.03B,$1.14B,3.21%,$297,$194,$103,$0,$87,$283,$15,$-8,$7,$1,$5,$5,$5,$31,$15,$30,30,$0.18,$0.17,$59,$233,$0,$626,$552,$4,$217,$120,$1002,$1629,$228,$504,$204,$764,$992,$0,$542,$19,$636,$1629,$3,$32,$2,$34,$-6,$0,$-15,$-3,$-15,$23,$-81,$0,$0,$0,$0,$0,$0,$-81,$46,$0,$46,$3,$3,$-7,$1,$43,$-14,$4,$-7
42,2008-03-31,20.06,$21.10,0.95,$36.19,0.55,$-6.73,0.0,$0.24,83.58,$0.63B,$0.24B,2.61,$0.47B,$0.63B,0.75,$1.08B,$0.37B,34.42%,$1.08B,$0.03B,2.33%,$1.08B,$0.03B,2.33%,$1.08B,$0.09B,8.19%,$1.08B,$0.00B,0.37%,$1.08B,$0.00B,0.28%,$0.00B,$0.63B,0.52%,$0.00B,$0.41B,0.82%,$0.00B,$1.60B,0.20%,$0.03B,$1.10B,2.50%,$273,$178,$95,$0,$82,$266,$7,$-5,$2,$4,$-2,$-2,$-2,$23,$7,$30,30,$-0.07,$-0.07,$72,$236,$0,$627,$523,$5,$217,$116,$974,$1601,$240,$472,$204,$734,$974,$0,$539,$15,$626,$1601,$-2,$16,$-0,$16,$5,$-3,$-4,$-2,$-6,$7,$-36,$0,$0,$0,$0,$0,$0,$-36,$26,$0,$26,$0,$0,$-3,$0,$23,$-1,$3,$-3
43,2007-12-31,20.33,$19.73,1.03,$35.41,0.57,$-6.07,0.0,$0.60,33.88,$0.60B,$0.24B,2.48,$0.45B,$0.58B,0.77,$1.05B,$0.37B,35.33%,$1.05B,$0.03B,3.23%,$1.05B,$0.03B,3.23%,$1.05B,$0.10B,9.12%,$1.05B,$0.02B,1.42%,$1.05B,$0.01B,1.33%,$0.01B,$0.58B,2.58%,$0.01B,$0.38B,4.03%,$0.01B,$1.53B,0.98%,$0.03B,$1.03B,3.62%,$280,$190,$90,$0,$12,$269,$11,$-7,$4,$-1,$4,$5,$5,$26,$11,$29,30,$0.18,$0.18,$73,$247,$0,$602,$526,$5,$206,$87,$925,$1527,$243,$446,$189,$701,$944,$0,$528,$-12,$583,$1527,$15,$62,$3,$65,$-10,$-9,$27,$-13,$1,$81,$-165,$0,$-10,$0,$0,$0,$11,$-164,$100,$0,$100,$3,$3,$-12,$0,$91,$5,$6,$-12
44,2007-09-30,20.3,$18.66,1.09,$33.67,0.6,$-4.62,0.0,$0.54,37.6,$0.59B,$0.23B,2.62,$0.41B,$0.55B,0.75,$1.00B,$0.37B,36.65%,$1.00B,$0.04B,3.59%,$1.00B,$0.04B,3.59%,$1.00B,$0.10B,9.86%,$1.00B,$0.02B,2.19%,$1.00B,$0.02B,1.49%,$0.02B,$0.55B,2.87%,$0.02B,$0.35B,4.51%,$0.02B,$1.46B,1.09%,$0.04B,$0.96B,4.02%,$265,$174,$91,$0,$77,$264,$1,$-5,$-4,$0,$-4,$-4,$-4,$17,$1,$29,29,$-0.13,$-0.13,$47,$252,$0,$592,$460,$6,$201,$96,$870,$1462,$226,$412,$220,$685,$911,$0,$540,$-56,$551,$1462,$10,$47,$5,$52,$-17,$-19,$1,$-7,$-22,$39,$-102,$0,$-10,$0,$0,$0,$0,$-111,$56,$0,$56,$3,$3,$-9,$1,$51,$-21,$4,$-9
45,2007-06-30,21.65,$17.95,1.21,$32.89,0.66,$-3.61,0.0,$1.15,18.83,$0.58B,$0.23B,2.59,$0.38B,$0.53B,0.72,$0.98B,$0.37B,37.68%,$0.98B,$0.06B,5.60%,$0.98B,$0.06B,5.60%,$0.98B,$0.12B,11.81%,$0.98B,$0.04B,4.28%,$0.98B,$0.03B,3.36%,$0.03B,$0.53B,6.42%,$0.03B,$0.34B,10.06%,$0.03B,$1.42B,2.50%,$0.06B,$0.91B,6.31%,$257,$162,$94,$0,$81,$251,$6,$-4,$2,$-2,$4,$4,$4,$22,$6,$29,30,$0.15,$0.15,$61,$251,$0,$583,$428,$6,$194,$88,$833,$1416,$225,$381,$224,$662,$887,$0,$547,$-83,$529,$1416,$14,$31,$7,$38,$-8,$-22,$-1,$-5,$-17,$35,$-60,$0,$-9,$0,$0,$0,$0,$-69,$32,$0,$32,$2,$2,$-6,$1,$29,$-8,$3,$-6
46,2007-03-31,19.03,$17.42,1.09,$32.98,0.58,$-2.34,0.0,$1.62,11.75,$0.53B,$0.19B,2.75,$0.35B,$0.51B,0.68,$0.99B,$0.38B,38.50%,$0.99B,$0.08B,7.90%,$0.99B,$0.08B,7.90%,$0.99B,$0.14B,13.98%,$0.99B,$0.07B,6.69%,$0.99B,$0.05B,4.86%,$0.05B,$0.51B,9.48%,$0.05B,$0.33B,14.88%,$0.05B,$1.32B,3.77%,$0.08B,$0.86B,9.16%,$251,$154,$97,$0,$74,$235,$16,$-3,$13,$3,$9,$9,$9,$31,$16,$29,30,$0.32,$0.31,$56,$239,$0,$531,$408,$6,$184,$83,$793,$1324,$193,$346,$220,$620,$813,$0,$545,$-95,$511,$1324,$9,$15,$4,$20,$5,$-14,$-6,$-4,$-12,$17,$-26,$0,$0,$0,$0,$0,$0,$-26,$0,$0,$0,$1,$1,$-3,$0,$-2,$-12,$2,$-3
47,2006-12-31,17.22,$17.09,1.01,$32.40,0.53,$-1.84,0.0,$1.90,9.07,$0.53B,$0.20B,2.7,$0.36B,$0.50B,0.71,$0.99B,$0.39B,39.21%,$0.99B,$0.09B,9.22%,$0.99B,$0.09B,9.22%,$0.99B,$0.15B,15.20%,$0.99B,$0.08B,8.11%,$0.99B,$0.06B,5.88%,$0.06B,$0.50B,11.59%,$0.06B,$0.32B,18.15%,$0.06B,$1.31B,4.66%,$0.09B,$0.85B,10.78%,$231,$145,$86,$0,$8,$219,$13,$-2,$11,$4,$7,$7,$6,$29,$13,$30,30,$0.23,$0.23,$68,$224,$0,$529,$398,$7,$182,$79,$777,$1307,$196,$355,$220,$611,$807,$0,$542,$-99,$499,$1307,$58,$59,$1,$61,$-54,$-19,$8,$8,$-67,$52,$-93,$0,$-16,$0,$0,$0,$-1,$-110,$206,$0,$206,$-176,$-176,$-11,$28,$46,$-5,$6,$-11
