,Date,Stock Price,Book Value per Share,Price to Book Ratio,TTM Sales per Share,Price to Sales Ratio,TTM FCF per Share,Price to FCF Ratio,TTM Net EPS,PE Ratio,Current Assets,Current Liabilities,Current Ratio,Long Term Debt,Shareholder's Equity_x,Debt to Equity Ratio,TTM Revenue_x,TTM Gross Profit,Gross Margin,TTM Revenue_y,TTM Operating Income,Operating Margin,TTM Revenue_x,TTM EBIT,EBIT Margin,TTM Revenue_y,TTM EBITDA,EBITDA Margin,TTM Revenue_x,TTM Pre-Tax Income,Pre-Tax Margin,TTM Revenue_y,TTM Net Income_x,Net Margin,TTM Net Income_y,Shareholder's Equity_y,Return on Equity,TTM Net Income_x,Tangible Equity,Return on Tangible Equity,TTM Net Income_y,Total Assets,Return on Assets,TTM Net Income,LT Investments & Debt,Return on Investment,revenue,cost-goods-sold,gross-profit,research-development-expenses,selling-general-administrative-expenses,operating-expenses,operating-income,total-non-operating-income-expense,pre-tax-income,total-provision-income-taxes,income-after-taxes,income-from-continuous-operations,net-income,ebitda,ebit,basic-shares-outstanding,shares-outstanding,eps-basic-net-earnings-per-share,eps-earnings-per-share-diluted,cash-on-hand,inventory,other-current-assets,total-current-assets,net-property-plant-equipment,long-term-investments,goodwill-intangible-assets-total,other-long-term-assets,total-long-term-assets,total-assets,total-current-liabilities,long-term-debt,other-non-current-liabilities,total-long-term-liabilities,total-liabilities,common-stock-net,retained-earnings-accumulated-deficit,comprehensive-income,total-share-holder-equity,total-liabilities-share-holders-equity,net-income-loss,total-depreciation-amortization-cash-flow,other-non-cash-items,total-non-cash-items,change-in-accounts-receivable,change-in-inventories,change-in-accounts-payable,change-in-assets-liabilities,total-change-in-assets-liabilities,cash-flow-from-operating-activities,net-change-in-property-plant-equipment,net-change-in-intangible-assets,net-acquisitions-divestitures,net-change-in-short-term-investments,net-change-in-long-term-investments,net-change-in-investments-total,investing-activities-other,cash-flow-from-investing-activities,net-long-term-debt,net-current-debt,debt-issuance-retirement-net-total,net-common-equity-issued-repurchased,net-total-equity-issued-repurchased,total-common-preferred-stock-dividends-paid,financial-activities-other,cash-flow-from-financial-activities,net-cash-flow,stock-based-compensation,common-stock-dividends-paid
0,2018-08-31,46.67,$26.51,1.76,$52.58,0.89,$-0.06,0.0,$0.55,84.85,$0.98B,$0.32B,3.12,$0.21B,$0.93B,0.23,$1.82B,$0.31B,16.80%,$1.82B,$0.09B,5.01%,$1.82B,$0.09B,5.01%,$1.82B,$0.13B,7.27%,$1.82B,$0.08B,4.57%,$1.82B,$0.02B,1.10%,$0.02B,$0.93B,2.17%,$0.02B,$0.79B,2.59%,$0.02B,$1.54B,1.31%,$0.09B,$1.14B,8.12%,$466,$395,$71,$0,$49,$444,$22,$-1,$21,$2,$19,$19,$15,$33,$22,$35,35,$0.43,$0.43,$45,$468,$164,$982,$133,$0,$145,$278,$555,$1538,$315,$209,$74,$294,$609,$45,$1195,$-32,$929,$1538,$15,$10,$16,$26,$-21,$-25,$10,$2,$-68,$-27,$-4,$0,$0,$0,$0,$0,$-1,$-5,$-25,$57,$32,$7,$7,$-3,$-1,$35,$3,$4,$-3
1,2018-05-31,44.62,$26.97,1.65,$50.83,0.88,$0.06,709.36,$0.43,103.76,$0.94B,$0.33B,2.83,$0.18B,$0.94B,0.19,$1.75B,$0.30B,16.93%,$1.75B,$0.09B,4.92%,$1.75B,$0.09B,4.92%,$1.75B,$0.13B,7.21%,$1.75B,$0.08B,4.41%,$1.75B,$0.02B,0.92%,$0.02B,$0.94B,1.74%,$0.02B,$0.79B,2.08%,$0.02B,$1.53B,1.05%,$0.09B,$1.11B,7.71%,$444,$310,$135,$0,$56,$366,$79,$-3,$76,$22,$54,$54,$12,$88,$79,$34,35,$0.34,$0.32,$42,$461,$113,$943,$133,$0,$147,$302,$582,$1525,$333,$177,$62,$255,$588,$45,$1204,$-32,$936,$1525,$16,$41,$69,$110,$36,$-26,$2,$-81,$-61,$64,$-22,$0,$-23,$0,$0,$0,$2,$-43,$25,$-1,$24,$-2,$-2,$-10,$-2,$10,$31,$15,$-10
2,2018-02-28,42.44,$26.42,1.61,$48.34,0.88,$-1.26,0.0,$0.71,59.77,$0.93B,$0.33B,2.86,$0.19B,$0.92B,0.21,$1.66B,$0.23B,13.86%,$1.66B,$0.03B,1.75%,$1.66B,$0.03B,1.75%,$1.66B,$0.07B,4.22%,$1.66B,$0.02B,1.33%,$1.66B,$0.03B,1.51%,$0.03B,$0.92B,2.73%,$0.03B,$0.77B,3.26%,$0.03B,$1.51B,1.64%,$0.03B,$1.11B,2.63%,$456,$379,$78,$0,$53,$432,$24,$-3,$22,$-10,$31,$31,$16,$22,$24,$34,35,$0.45,$0.44,$35,$472,$101,$934,$135,$0,$148,$296,$579,$1512,$327,$194,$62,$270,$597,$45,$1188,$-36,$915,$1512,$4,$31,$54,$85,$35,$-37,$9,$-51,$-56,$33,$-18,$0,$-23,$0,$0,$0,$4,$-37,$25,$16,$41,$-3,$-3,$-8,$-2,$28,$24,$9,$-8
3,2017-11-30,41.37,$26.10,1.58,$47.02,0.88,$-2.59,0.0,$0.67,61.74,$0.89B,$0.34B,2.65,$0.22B,$0.91B,0.24,$1.61B,$0.22B,13.60%,$1.61B,$0.03B,1.74%,$1.61B,$0.03B,1.74%,$1.61B,$0.06B,3.91%,$1.61B,$0.02B,1.37%,$1.61B,$0.02B,1.43%,$0.02B,$0.91B,2.53%,$0.02B,$0.75B,3.02%,$0.02B,$1.54B,1.51%,$0.03B,$1.12B,2.57%,$450,$429,$21,$0,$55,$484,$-34,$-2,$-36,$-13,$-23,$-23,$-23,$-11,$-34,$34,34,$-0.66,$-0.66,$27,$479,$127,$892,$195,$0,$159,$298,$652,$1544,$337,$216,$70,$301,$638,$45,$1173,$-37,$907,$1544,$-12,$33,$36,$70,$-3,$-16,$15,$-34,$-68,$-10,$-18,$0,$-23,$0,$7,$7,$1,$-33,$25,$37,$62,$4,$4,$-5,$-1,$60,$17,$5,$-5
4,2017-08-31,35.81,$26.71,1.34,$46.22,0.77,$-2.37,0.0,$1.68,21.31,$0.91B,$0.31B,2.9,$0.19B,$0.93B,0.2,$1.58B,$0.26B,16.67%,$1.58B,$0.08B,5.18%,$1.58B,$0.08B,5.18%,$1.58B,$0.11B,7.07%,$1.58B,$0.08B,4.86%,$1.58B,$0.06B,3.66%,$0.06B,$0.93B,6.45%,$0.06B,$0.78B,7.68%,$0.06B,$1.53B,3.85%,$0.08B,$1.11B,7.69%,$398,$336,$62,$0,$45,$381,$17,$-2,$15,$4,$11,$11,$11,$27,$17,$34,35,$0.31,$0.31,$15,$473,$152,$905,$198,$0,$147,$282,$627,$1532,$312,$189,$68,$295,$607,$45,$1196,$-39,$925,$1532,$11,$10,$14,$24,$-14,$7,$-1,$-19,$-55,$-21,$-6,$0,$0,$0,$0,$0,$-1,$-7,$0,$34,$34,$1,$1,$-3,$-0,$32,$5,$3,$-3
5,2017-05-31,34.62,$26.61,1.3,$46.56,0.74,$-1.91,0.0,$1.65,20.98,$0.89B,$0.34B,2.65,$0.15B,$0.91B,0.17,$1.59B,$0.26B,16.59%,$1.59B,$0.08B,5.15%,$1.59B,$0.08B,5.15%,$1.59B,$0.12B,7.48%,$1.59B,$0.08B,4.84%,$1.59B,$0.06B,3.58%,$0.06B,$0.91B,6.46%,$0.06B,$0.78B,7.72%,$0.06B,$1.50B,3.85%,$0.08B,$1.07B,7.90%,$355,$286,$69,$0,$47,$333,$22,$-2,$21,$5,$16,$16,$21,$32,$22,$34,34,$0.62,$0.61,$10,$433,$90,$888,$117,$0,$136,$265,$616,$1504,$335,$154,$64,$255,$590,$45,$1189,$-40,$914,$1504,$57,$36,$52,$87,$-15,$-23,$20,$-110,$-122,$22,$-25,$0,$-13,$0,$0,$0,$8,$-30,$-10,$21,$11,$-11,$-11,$-10,$-2,$-12,$-21,$11,$-10
6,2017-02-28,34.04,$25.80,1.32,$44.73,0.76,$-2.04,0.0,$1.38,24.67,$0.89B,$0.34B,2.61,$0.17B,$0.89B,0.19,$1.53B,$0.26B,16.72%,$1.53B,$0.09B,5.88%,$1.53B,$0.09B,5.88%,$1.53B,$0.10B,6.27%,$1.53B,$0.09B,5.55%,$1.53B,$0.05B,3.14%,$0.05B,$0.89B,5.51%,$0.05B,$0.74B,6.64%,$0.05B,$1.50B,3.27%,$0.09B,$1.05B,8.81%,$407,$341,$67,$0,$43,$384,$23,$-1,$22,$8,$14,$14,$14,$15,$23,$34,34,$0.41,$0.40,$10,$466,$153,$893,$212,$13,$145,$239,$609,$1502,$343,$169,$76,$274,$616,$45,$1167,$-46,$886,$1502,$35,$26,$30,$57,$-27,$-16,$38,$-89,$-103,$-11,$-20,$0,$0,$0,$0,$0,$7,$-13,$-10,$34,$24,$-11,$-11,$-8,$-2,$3,$-21,$8,$-8
7,2016-11-30,36.4,$25.41,1.43,$44.81,0.81,$-3.70,0.0,$1.12,32.5,$0.90B,$0.35B,2.57,$0.15B,$0.87B,0.18,$1.54B,$0.25B,16.15%,$1.54B,$0.08B,5.40%,$1.54B,$0.08B,5.40%,$1.54B,$0.12B,7.55%,$1.54B,$0.08B,5.08%,$1.54B,$0.04B,2.54%,$0.04B,$0.87B,4.52%,$0.04B,$0.73B,5.46%,$0.04B,$1.49B,2.65%,$0.08B,$1.03B,8.20%,$424,$358,$66,$0,$46,$404,$20,$-1,$19,$7,$12,$12,$12,$38,$20,$34,34,$0.35,$0.35,$23,$460,$143,$902,$214,$14,$146,$210,$585,$1487,$351,$154,$81,$263,$614,$45,$1153,$-47,$872,$1487,$22,$35,$0,$35,$-30,$-6,$17,$-46,$-58,$-1,$-19,$0,$0,$0,$0,$0,$15,$-4,$-5,$19,$14,$-11,$-11,$-5,$-1,$-3,$-8,$5,$-5
8,2016-08-31,24.22,$25.12,0.96,$44.85,0.54,$-4.46,0.0,$1.00,24.22,$0.85B,$0.31B,2.7,$0.14B,$0.86B,0.17,$1.54B,$0.24B,15.61%,$1.54B,$0.08B,5.12%,$1.54B,$0.08B,5.12%,$1.54B,$0.11B,7.25%,$1.54B,$0.07B,4.73%,$1.54B,$0.04B,2.27%,$0.04B,$0.86B,4.06%,$0.04B,$0.71B,4.94%,$0.04B,$1.43B,2.36%,$0.08B,$1.00B,7.86%,$405,$343,$62,$0,$45,$388,$17,$-1,$15,$6,$10,$10,$10,$34,$17,$34,34,$0.28,$0.28,$8,$451,$153,$849,$231,$14,$148,$184,$578,$1427,$314,$143,$77,$254,$569,$45,$1142,$-46,$859,$1427,$10,$17,$-1,$16,$10,$3,$-8,$-25,$-26,$-1,$-9,$0,$0,$0,$-0,$-0,$3,$-7,$-5,$7,$2,$-14,$-14,$-3,$-0,$-15,$-23,$3,$-3
9,2016-05-31,23.95,$25.08,0.95,$44.00,0.54,$-6.40,0.0,$1.37,17.48,$0.88B,$0.34B,2.58,$0.14B,$0.87B,0.16,$1.53B,$0.23B,15.27%,$1.53B,$0.08B,4.98%,$1.53B,$0.08B,4.98%,$1.53B,$0.11B,7.21%,$1.53B,$0.07B,4.52%,$1.53B,$0.05B,3.15%,$0.05B,$0.87B,5.57%,$0.05B,$0.71B,6.81%,$0.05B,$1.46B,3.17%,$0.08B,$1.00B,7.58%,$295,$234,$61,$0,$31,$265,$30,$-1,$29,$10,$19,$19,$12,$9,$30,$34,35,$0.35,$0.35,$31,$452,$150,$882,$238,$0,$153,$183,$574,$1456,$341,$136,$78,$249,$590,$45,$1133,$-44,$866,$1456,$48,$33,$-4,$29,$-2,$-20,$14,$-6,$-45,$32,$-40,$0,$-5,$0,$0,$0,$28,$-17,$-71,$60,$-11,$-17,$-17,$-10,$-0,$-38,$-24,$7,$-10
10,2016-02-29,20.83,$24.70,0.84,$46.71,0.45,$-8.32,0.0,$1.38,15.09,$0.97B,$0.36B,2.7,$0.16B,$0.86B,0.19,$1.67B,$0.12B,7.35%,$1.67B,$-0.06B,-3.41%,$1.67B,$-0.06B,-3.41%,$1.67B,$0.02B,1.25%,$1.67B,$-0.12B,-6.87%,$1.67B,$0.05B,3.05%,$0.05B,$0.86B,5.96%,$0.05B,$0.71B,7.31%,$0.05B,$1.52B,3.37%,$-0.06B,$1.02B,-5.79%,$412,$353,$59,$0,$43,$396,$16,$-2,$15,$5,$10,$10,$5,$35,$16,$34,34,$0.14,$0.14,$50,$458,$154,$971,$222,$17,$153,$159,$551,$1522,$360,$160,$64,$304,$664,$45,$1120,$-40,$858,$1522,$36,$54,$3,$58,$-24,$-39,$20,$-32,$-107,$-14,$-75,$0,$-5,$0,$0,$0,$73,$-6,$-45,$85,$40,$-16,$-16,$-8,$-0,$16,$-4,$6,$-8
11,2015-11-30,23.94,$24.61,0.97,$44.43,0.54,$-6.03,0.0,$0.36,66.5,$1.00B,$0.36B,2.74,$0.14B,$0.86B,0.16,$1.64B,$0.11B,6.94%,$1.64B,$-0.06B,-3.90%,$1.64B,$-0.06B,-3.90%,$1.64B,$0.01B,0.85%,$1.64B,$-0.13B,-7.73%,$1.64B,$0.01B,0.67%,$0.01B,$0.86B,1.25%,$0.01B,$0.71B,1.53%,$0.01B,$1.54B,0.66%,$-0.06B,$1.00B,-5.74%,$432,$372,$59,$0,$43,$416,$16,$-2,$14,$5,$9,$9,$8,$34,$16,$34,35,$0.23,$0.23,$63,$462,$153,$996,$205,$18,$158,$157,$538,$1535,$363,$135,$70,$309,$672,$45,$1116,$-39,$863,$1535,$31,$36,$-14,$21,$-23,$-25,$11,$-18,$-68,$-16,$-31,$0,$0,$0,$0,$0,$54,$23,$-40,$55,$15,$-9,$-9,$-5,$-0,$1,$8,$4,$-5
12,2015-08-31,23.64,$24.34,0.97,$42.27,0.56,$-4.26,0.0,$0.51,46.35,$1.00B,$0.38B,2.64,$0.14B,$0.86B,0.16,$1.61B,$0.12B,7.56%,$1.61B,$-0.05B,-3.22%,$1.61B,$-0.05B,-3.22%,$1.61B,$0.03B,1.67%,$1.61B,$-0.12B,-7.44%,$1.61B,$0.02B,1.12%,$0.02B,$0.86B,1.97%,$0.02B,$0.70B,2.61%,$0.02B,$1.55B,0.98%,$-0.05B,$0.99B,-4.12%,$387,$333,$54,$0,$40,$373,$14,$-2,$11,$4,$7,$7,$23,$32,$14,$35,35,$0.65,$0.65,$29,$479,$149,$997,$214,$17,$160,$158,$550,$1547,$378,$135,$76,$312,$690,$45,$1109,$-40,$857,$1547,$23,$18,$-18,$0,$-40,$-22,$9,$-8,$-87,$-64,$-15,$0,$0,$0,$3,$3,$34,$21,$-30,$55,$25,$-7,$-7,$-3,$1,$16,$-26,$2,$-3
13,2015-05-31,28.62,$23.86,1.2,$41.33,0.69,$-1.83,0.0,$0.22,130.09,$0.90B,$0.41B,2.17,$0.08B,$0.85B,0.1,$1.62B,$0.13B,8.02%,$1.62B,$-0.04B,-2.53%,$1.62B,$-0.04B,-2.53%,$1.62B,$0.04B,2.47%,$1.62B,$-0.11B,-6.97%,$1.62B,$0.01B,0.56%,$0.01B,$0.85B,0.95%,$0.01B,$0.69B,1.36%,$0.01B,$1.45B,0.45%,$-0.04B,$0.93B,-2.92%,$443,$492,$-49,$0,$52,$546,$-103,$-53,$-155,$-54,$-102,$-102,$15,$-80,$-103,$39,39,$0.41,$0.39,$55,$456,$139,$896,$215,$21,$160,$163,$558,$1454,$412,$82,$68,$197,$609,$45,$1087,$-40,$845,$1454,$10,$81,$-161,$-80,$-7,$-29,$3,$13,$26,$-43,$-42,$0,$-1,$0,$0,$0,$732,$689,$-395,$-126,$-520,$-152,$-152,$-12,$6,$-678,$-35,$7,$-12
14,2015-02-28,28.42,$23.65,1.2,$36.59,0.78,$3.37,8.43,$0.29,97.99,$1.50B,$0.39B,3.83,$0.60B,$0.94B,0.64,$1.43B,$0.23B,15.78%,$1.43B,$0.08B,5.59%,$1.43B,$0.08B,5.59%,$1.43B,$0.14B,9.78%,$1.43B,$0.06B,4.26%,$1.43B,$0.01B,0.70%,$0.01B,$0.94B,1.01%,$0.01B,$0.78B,1.57%,$0.01B,$2.13B,0.46%,$0.08B,$1.54B,5.12%,$380,$330,$50,$0,$42,$371,$9,$-6,$3,$1,$2,$2,$-35,$28,$9,$39,39,$-0.89,$-0.89,$67,$451,$180,$1495,$247,$27,$162,$203,$639,$2134,$391,$599,$63,$801,$1192,$45,$1074,$-79,$942,$2134,$-5,$58,$39,$97,$-25,$-58,$27,$-33,$-84,$9,$-20,$0,$-1,$0,$0,$0,$-3,$-24,$-47,$55,$8,$-2,$-2,$-9,$-1,$-3,$-22,$7,$-9
15,2014-11-30,24.71,$25.18,0.98,$37.12,0.67,$5.10,4.84,$1.62,15.25,$1.22B,$0.40B,3.04,$0.59B,$1.00B,0.59,$1.45B,$0.24B,16.67%,$1.45B,$0.10B,6.89%,$1.45B,$0.10B,6.89%,$1.45B,$0.17B,11.98%,$1.45B,$0.08B,5.51%,$1.45B,$0.06B,4.34%,$0.06B,$1.00B,6.31%,$0.06B,$0.60B,10.88%,$0.06B,$2.23B,2.85%,$0.10B,$1.59B,6.33%,$403,$336,$67,$0,$40,$376,$28,$-7,$21,$7,$14,$14,$15,$47,$28,$39,39,$0.38,$0.38,$93,$555,$218,$1215,$289,$29,$402,$293,$1013,$2228,$400,$589,$68,$826,$1226,$45,$1110,$-53,$1002,$2228,$30,$39,$-3,$36,$-30,$-31,$39,$-11,$-35,$31,$-15,$0,$-1,$0,$0,$0,$-2,$-17,$-41,$40,$-1,$-1,$-1,$-6,$-0,$-9,$3,$4,$-6
16,2014-08-31,26.62,$25.19,1.06,$40.60,0.66,$6.04,4.4,$1.74,15.3,$1.16B,$0.42B,2.78,$0.55B,$1.01B,0.55,$1.59B,$0.27B,16.73%,$1.59B,$0.11B,7.11%,$1.59B,$0.11B,7.11%,$1.59B,$0.20B,12.64%,$1.59B,$0.09B,5.66%,$1.59B,$0.07B,4.28%,$0.07B,$1.01B,6.87%,$0.07B,$0.59B,12.02%,$0.07B,$2.21B,3.10%,$0.11B,$1.55B,7.18%,$395,$333,$62,$0,$39,$371,$25,$-6,$18,$6,$12,$12,$14,$45,$25,$39,39,$0.36,$0.36,$82,$532,$217,$1156,$288,$30,$418,$314,$1050,$2205,$416,$549,$73,$785,$1201,$45,$1096,$-38,$1005,$2205,$15,$20,$-2,$18,$-19,$-7,$31,$-10,$-18,$15,$-8,$0,$-1,$0,$0,$0,$-1,$-10,$-9,$0,$-9,$0,$0,$-3,$0,$-12,$-7,$2,$-3
17,2014-05-31,23.29,$25.30,0.92,$43.71,0.53,$6.38,3.65,$1.83,12.73,$1.11B,$0.40B,2.76,$0.56B,$1.00B,0.56,$1.71B,$0.29B,16.90%,$1.71B,$0.13B,7.37%,$1.71B,$0.13B,7.37%,$1.71B,$0.22B,13.10%,$1.71B,$0.10B,5.85%,$1.71B,$0.07B,4.21%,$0.07B,$1.00B,7.39%,$0.07B,$0.57B,13.08%,$0.07B,$2.19B,3.31%,$0.13B,$1.57B,8.01%,$254,$207,$47,$0,$30,$237,$18,$1,$19,$6,$12,$12,$16,$20,$18,$39,39,$0.44,$0.43,$89,$495,$219,$1111,$315,$30,$427,$311,$1083,$2194,$402,$564,$70,$791,$1193,$45,$1082,$-29,$1001,$2194,$67,$98,$1,$99,$21,$-26,$26,$-52,$-26,$140,$-21,$0,$0,$0,$0,$0,$-20,$-41,$-89,$10,$-79,$-1,$-1,$-12,$6,$-86,$14,$9,$-12
18,2014-02-28,27.62,$24.97,1.11,$42.74,0.65,$6.42,4.3,$1.41,19.59,$1.13B,$0.39B,2.89,$0.63B,$0.99B,0.63,$1.68B,$0.25B,14.76%,$1.68B,$0.10B,5.71%,$1.68B,$0.10B,5.71%,$1.68B,$0.22B,13.15%,$1.68B,$0.07B,4.29%,$1.68B,$0.06B,3.51%,$0.06B,$0.99B,6.19%,$0.06B,$0.56B,11.06%,$0.06B,$2.21B,2.73%,$0.10B,$1.62B,6.12%,$400,$334,$66,$0,$38,$371,$29,$-7,$22,$5,$17,$17,$18,$62,$29,$39,39,$0.45,$0.45,$115,$507,$184,$1127,$336,$31,$433,$287,$1086,$2213,$391,$627,$65,$834,$1225,$45,$1066,$-25,$988,$2213,$56,$95,$8,$103,$-10,$-37,$10,$-27,$-83,$77,$-20,$0,$-16,$0,$0,$0,$-1,$-37,$-18,$20,$2,$4,$4,$-9,$1,$-2,$39,$6,$-9
19,2013-11-30,29.75,$24.42,1.22,$45.33,0.66,$6.83,4.35,$1.42,20.95,$1.08B,$0.37B,2.9,$0.59B,$0.97B,0.61,$1.80B,$0.26B,14.33%,$1.80B,$0.11B,5.83%,$1.80B,$0.11B,5.83%,$1.80B,$0.23B,12.61%,$1.80B,$0.08B,4.33%,$1.80B,$0.06B,3.28%,$0.06B,$0.97B,6.29%,$0.06B,$0.55B,11.32%,$0.06B,$2.16B,2.73%,$0.11B,$1.56B,6.68%,$541,$450,$91,$0,$51,$500,$41,$-10,$31,$11,$20,$20,$20,$74,$41,$39,39,$0.51,$0.50,$99,$464,$182,$1083,$344,$31,$420,$278,$1073,$2156,$373,$594,$69,$816,$1189,$45,$1048,$-30,$967,$2156,$38,$63,$11,$74,$-21,$-5,$-6,$2,$-45,$66,$-13,$0,$0,$0,$0,$0,$-1,$-14,$-10,$-20,$-30,$5,$5,$-6,$1,$-30,$23,$4,$-6
20,2013-08-31,23.85,$23.73,1.0,$43.89,0.54,$6.74,3.54,$1.36,17.53,$1.05B,$0.36B,2.89,$0.62B,$0.94B,0.66,$1.77B,$0.25B,14.33%,$1.77B,$0.10B,5.76%,$1.77B,$0.10B,5.76%,$1.77B,$0.22B,12.47%,$1.77B,$0.07B,4.18%,$1.77B,$0.06B,3.16%,$0.06B,$0.94B,6.08%,$0.06B,$0.53B,11.09%,$0.06B,$2.13B,2.58%,$0.10B,$1.56B,6.48%,$515,$430,$85,$0,$48,$476,$38,$-11,$28,$10,$18,$18,$18,$68,$38,$39,39,$0.45,$0.45,$91,$473,$183,$1051,$351,$31,$415,$281,$1078,$2129,$363,$615,$64,$826,$1190,$45,$1029,$-39,$939,$2129,$18,$30,$5,$34,$12,$-15,$-1,$9,$-25,$28,$-7,$0,$0,$0,$0,$0,$-0,$-7,$-8,$0,$-8,$5,$5,$-3,$1,$-5,$16,$2,$-3
21,2013-05-31,19.01,$23.35,0.81,$43.90,0.43,$7.02,2.71,$1.36,13.98,$1.03B,$0.39B,2.66,$0.62B,$0.92B,0.68,$1.81B,$0.26B,14.33%,$1.81B,$0.10B,5.64%,$1.81B,$0.10B,5.64%,$1.81B,$0.22B,12.22%,$1.81B,$0.07B,4.09%,$1.81B,$0.06B,3.10%,$0.06B,$0.92B,6.17%,$0.06B,$0.51B,11.43%,$0.06B,$2.14B,2.57%,$0.10B,$1.54B,6.47%,$224,$219,$6,$0,$18,$236,$-12,$3,$-9,$-3,$-6,$-6,$3,$18,$-12,$38,41,$0.00,$0.03,$75,$454,$189,$1034,$362,$32,$413,$296,$1103,$2137,$389,$622,$68,$828,$1217,$45,$1017,$-43,$920,$2137,$56,$118,$34,$152,$6,$16,$-51,$-28,$-45,$163,$-38,$0,$-21,$0,$15,$15,$11,$-33,$68,$-160,$-93,$-14,$-14,$-13,$-5,$-124,$8,$11,$-13
22,2013-02-28,16.58,$23.27,0.71,$51.44,0.32,$4.00,4.14,$1.67,9.93,$1.08B,$0.36B,2.97,$0.70B,$0.93B,0.76,$2.15B,$0.33B,15.37%,$2.15B,$0.14B,6.61%,$2.15B,$0.14B,6.61%,$2.15B,$0.26B,12.06%,$2.15B,$0.10B,4.61%,$2.15B,$0.07B,3.07%,$0.07B,$0.93B,7.38%,$0.07B,$0.51B,13.89%,$0.07B,$2.22B,3.01%,$0.14B,$1.63B,9.02%,$520,$444,$76,$0,$42,$483,$38,$-10,$28,$9,$19,$19,$18,$68,$38,$38,41,$0.47,$0.46,$47,$488,$195,$1076,$364,$36,$418,$324,$1141,$2217,$363,$701,$68,$930,$1292,$45,$1016,$-42,$925,$2217,$55,$89,$25,$114,$2,$-22,$-24,$-48,$-81,$88,$-12,$0,$-17,$0,$0,$0,$15,$-14,$-102,$25,$-77,$-8,$-8,$-10,$-1,$-96,$-20,$8,$-10
23,2012-11-30,14.44,$22.76,0.63,$51.05,0.28,$1.10,13.12,$1.71,8.45,$1.05B,$0.42B,2.49,$0.67B,$0.90B,0.74,$2.16B,$0.34B,15.78%,$2.16B,$0.14B,6.48%,$2.16B,$0.14B,6.48%,$2.16B,$0.25B,11.66%,$2.16B,$0.10B,4.49%,$2.16B,$0.07B,3.15%,$0.07B,$0.90B,7.68%,$0.07B,$0.48B,14.81%,$0.07B,$2.19B,3.10%,$0.14B,$1.58B,9.09%,$513,$425,$87,$0,$51,$475,$38,$-11,$27,$9,$18,$18,$17,$68,$38,$38,42,$0.45,$0.44,$69,$483,$187,$1047,$373,$50,$422,$298,$1143,$2189,$420,$672,$67,$866,$1286,$45,$997,$-43,$903,$2189,$36,$59,$12,$71,$19,$-21,$-29,$-19,$-47,$60,$-8,$0,$-17,$0,$0,$0,$-1,$-25,$-19,$0,$-19,$-9,$-9,$-7,$-0,$-35,$2,$5,$-7
24,2012-08-31,13.93,$22.08,0.63,$49.90,0.28,$-1.34,0.0,$1.70,8.19,$1.03B,$0.42B,2.48,$0.68B,$0.88B,0.77,$2.13B,$0.33B,15.63%,$2.13B,$0.14B,6.38%,$2.13B,$0.14B,6.38%,$2.13B,$0.24B,11.27%,$2.13B,$0.10B,4.55%,$2.13B,$0.07B,3.19%,$0.07B,$0.88B,7.77%,$0.07B,$0.46B,13.58%,$0.07B,$2.17B,3.24%,$0.14B,$1.56B,9.25%,$551,$460,$90,$0,$53,$512,$38,$-10,$28,$10,$18,$18,$18,$68,$38,$39,42,$0.46,$0.45,$68,$466,$195,$1034,$374,$49,$419,$295,$1137,$2170,$417,$679,$70,$872,$1288,$45,$980,$-51,$882,$2170,$18,$29,$7,$36,$21,$-4,$-26,$-9,$-22,$33,$0,$0,$-17,$0,$0,$0,$-0,$-17,$-8,$0,$-8,$-6,$-6,$-3,$-0,$-17,$0,$3,$-3
25,2012-05-31,11.22,$21.50,0.52,$47.91,0.23,$-3.69,0.0,$1.66,6.76,$1.06B,$0.47B,2.25,$0.67B,$0.87B,0.77,$2.07B,$0.32B,15.45%,$2.07B,$0.13B,6.34%,$2.07B,$0.13B,6.34%,$2.07B,$0.23B,10.90%,$2.07B,$0.09B,4.55%,$2.07B,$0.07B,3.20%,$0.07B,$0.87B,7.61%,$0.07B,$0.45B,11.95%,$0.07B,$2.20B,3.30%,$0.13B,$1.54B,9.39%,$563,$486,$77,$0,$51,$536,$28,$-12,$16,$3,$13,$13,$13,$55,$28,$39,43,$0.32,$0.31,$68,$461,$210,$1063,$383,$50,$418,$282,$1132,$2196,$473,$669,$71,$857,$1330,$45,$965,$-55,$866,$2196,$68,$94,$48,$142,$36,$-48,$18,$-102,$-116,$94,$-91,$0,$-298,$0,$2,$2,$-3,$-390,$153,$180,$333,$-1,$-1,$-12,$-14,$307,$10,$13,$-12
26,2012-02-29,20.42,$22.12,0.92,$46.36,0.44,$-4.14,0.0,$1.86,10.98,$1.07B,$0.56B,1.9,$0.60B,$0.89B,0.67,$2.00B,$0.33B,16.32%,$2.00B,$0.14B,6.89%,$2.00B,$0.14B,6.89%,$2.00B,$0.22B,11.18%,$2.00B,$0.11B,5.24%,$2.00B,$0.07B,3.59%,$0.07B,$0.89B,8.38%,$0.07B,$0.44B,11.93%,$0.07B,$2.22B,3.84%,$0.14B,$1.49B,10.59%,$534,$447,$87,$0,$51,$498,$36,$-10,$26,$5,$21,$21,$20,$61,$36,$39,43,$0.51,$0.50,$59,$477,$179,$1065,$357,$49,$448,$301,$1155,$2220,$561,$599,$57,$768,$1329,$45,$954,$-17,$891,$2220,$55,$66,$25,$91,$10,$-57,$9,$-75,$-128,$18,$-63,$0,$-298,$0,$0,$0,$-0,$-361,$366,$0,$366,$-1,$-1,$-9,$-12,$344,$2,$10,$-9
27,2011-11-30,16.85,$21.43,0.79,$44.42,0.38,$-3.62,0.0,$1.80,9.36,$0.96B,$0.38B,2.55,$0.43B,$0.86B,0.49,$1.93B,$0.32B,16.55%,$1.93B,$0.14B,7.11%,$1.93B,$0.14B,7.11%,$1.93B,$0.22B,11.15%,$1.93B,$0.11B,5.50%,$1.93B,$0.07B,3.63%,$0.07B,$0.86B,8.35%,$0.07B,$0.65B,10.70%,$0.07B,$1.82B,4.04%,$0.14B,$1.29B,11.28%,$482,$403,$79,$0,$45,$448,$34,$-8,$27,$9,$18,$18,$17,$56,$34,$39,43,$0.44,$0.43,$28,$426,$184,$955,$345,$44,$215,$262,$867,$1822,$375,$427,$54,$583,$958,$45,$932,$-22,$863,$1822,$34,$41,$11,$53,$1,$-60,$21,$-35,$-82,$5,$-55,$0,$-20,$0,$0,$0,$0,$-74,$47,$0,$47,$-1,$-1,$-6,$-1,$40,$-30,$6,$-6
28,2011-08-31,21.68,$20.99,1.03,$43.40,0.5,$-3.14,0.0,$1.79,12.11,$0.94B,$0.35B,2.7,$0.42B,$0.85B,0.49,$1.89B,$0.31B,16.64%,$1.89B,$0.14B,7.31%,$1.89B,$0.14B,7.31%,$1.89B,$0.21B,11.23%,$1.89B,$0.11B,5.67%,$1.89B,$0.07B,3.71%,$0.07B,$0.85B,8.56%,$0.07B,$0.67B,10.81%,$0.07B,$1.75B,4.20%,$0.14B,$1.27B,11.80%,$486,$410,$76,$0,$43,$453,$33,$-7,$25,$9,$17,$17,$16,$53,$33,$39,43,$0.41,$0.41,$36,$403,$186,$944,$335,$44,$179,$249,$808,$1752,$350,$417,$36,$553,$903,$45,$913,$-21,$849,$1752,$17,$20,$4,$24,$-9,$-37,$5,$-21,$-67,$-26,$-42,$0,$0,$0,$0,$0,$-1,$-42,$46,$0,$46,$2,$2,$-3,$1,$46,$-22,$3,$-3
29,2011-05-31,24.19,$21.00,1.15,$41.69,0.58,$-2.29,0.0,$1.73,13.99,$0.91B,$0.42B,2.2,$0.33B,$0.84B,0.4,$1.81B,$0.31B,17.06%,$1.81B,$0.13B,7.42%,$1.81B,$0.13B,7.42%,$1.81B,$0.21B,11.36%,$1.81B,$0.10B,5.76%,$1.81B,$0.07B,3.77%,$0.07B,$0.84B,8.55%,$0.07B,$0.65B,10.82%,$0.07B,$1.70B,4.22%,$0.13B,$1.17B,11.90%,$502,$418,$85,$0,$56,$467,$35,$-8,$27,$7,$20,$20,$19,$54,$35,$38,44,$0.49,$0.52,$57,$363,$182,$914,$324,$49,$181,$236,$790,$1704,$416,$330,$24,$452,$868,$45,$910,$-19,$835,$1704,$70,$72,$47,$119,$-45,$-13,$49,$-79,$-80,$109,$-125,$0,$10,$0,$0,$0,$-4,$-119,$-4,$0,$-4,$-1,$-1,$-3,$-5,$-12,$-22,$12,$-3
30,2011-02-28,24.94,$20.25,1.23,$39.01,0.64,$0.97,25.62,$1.50,16.63,$0.93B,$0.42B,2.21,$0.33B,$0.81B,0.41,$1.68B,$0.29B,17.22%,$1.68B,$0.12B,7.24%,$1.68B,$0.12B,7.24%,$1.68B,$0.19B,11.22%,$1.68B,$0.09B,5.52%,$1.68B,$0.06B,3.56%,$0.06B,$0.81B,7.76%,$0.06B,$0.65B,9.94%,$0.06B,$1.66B,3.84%,$0.12B,$1.14B,11.04%,$458,$379,$79,$0,$44,$423,$35,$-8,$27,$9,$18,$18,$18,$52,$35,$38,44,$0.47,$0.44,$55,$385,$166,$928,$319,$47,$159,$203,$728,$1656,$419,$330,$33,$432,$851,$45,$889,$-28,$805,$1656,$48,$52,$19,$71,$-56,$-15,$43,$-23,$-60,$60,$-82,$0,$0,$0,$0,$0,$-1,$-84,$-15,$15,$0,$-1,$-1,$0,$-0,$-1,$-25,$9,$0
31,2010-11-30,22.45,$19.68,1.14,$35.51,0.63,$3.20,7.01,$1.32,17.01,$0.88B,$0.35B,2.51,$0.33B,$0.78B,0.42,$1.53B,$0.27B,17.62%,$1.53B,$0.11B,7.27%,$1.53B,$0.11B,7.27%,$1.53B,$0.17B,11.33%,$1.53B,$0.08B,5.37%,$1.53B,$0.05B,3.41%,$0.05B,$0.78B,6.88%,$0.05B,$0.62B,8.82%,$0.05B,$1.56B,3.52%,$0.11B,$1.11B,10.22%,$441,$367,$74,$0,$41,$405,$35,$-8,$28,$10,$18,$18,$17,$53,$35,$38,43,$0.44,$0.42,$49,$387,$166,$882,$264,$48,$162,$202,$675,$1557,$352,$331,$35,$425,$776,$45,$868,$-29,$781,$1557,$30,$35,$6,$41,$-14,$-17,$15,$-20,$-41,$30,$-60,$0,$0,$0,$0,$0,$-1,$-61,$-11,$15,$4,$-2,$-2,$0,$-0,$1,$-30,$6,$0
32,2010-08-31,14.04,$19.15,0.73,$32.99,0.43,$4.90,2.86,$1.24,11.32,$0.87B,$0.35B,2.5,$0.33B,$0.76B,0.44,$1.42B,$0.26B,18.30%,$1.42B,$0.10B,7.21%,$1.42B,$0.10B,7.21%,$1.42B,$0.16B,11.17%,$1.42B,$0.07B,5.23%,$1.42B,$0.05B,3.39%,$0.05B,$0.76B,6.47%,$0.05B,$0.59B,8.29%,$0.05B,$1.53B,3.38%,$0.10B,$1.09B,9.53%,$404,$334,$70,$0,$41,$376,$29,$-7,$22,$8,$14,$14,$14,$46,$29,$38,43,$0.36,$0.35,$52,$378,$175,$872,$250,$48,$166,$197,$660,$1533,$349,$331,$35,$424,$773,$45,$853,$-30,$760,$1533,$14,$17,$4,$21,$-3,$-8,$15,$-24,$-28,$7,$-37,$0,$0,$0,$0,$0,$-2,$-39,$-8,$15,$7,$-2,$-2,$0,$-0,$4,$-27,$3,$0
33,2010-05-31,18.01,$18.90,0.95,$31.51,0.57,$6.20,2.91,$1.16,15.52,$0.85B,$0.33B,2.61,$0.34B,$0.75B,0.45,$1.35B,$0.24B,17.96%,$1.35B,$0.09B,6.65%,$1.35B,$0.09B,6.65%,$1.35B,$0.14B,10.42%,$1.35B,$0.06B,4.73%,$1.35B,$0.04B,3.25%,$0.04B,$0.75B,6.03%,$0.04B,$0.56B,7.72%,$0.04B,$1.50B,3.21%,$0.09B,$1.08B,8.53%,$381,$314,$67,$0,$45,$358,$23,$-6,$16,$6,$10,$10,$11,$38,$23,$38,43,$0.29,$0.29,$79,$357,$150,$846,$220,$48,$191,$195,$654,$1500,$325,$336,$36,$429,$754,$45,$836,$-30,$746,$1500,$43,$51,$5,$55,$34,$19,$-1,$4,$55,$153,$-29,$0,$-193,$1,$5,$6,$-7,$-222,$33,$0,$33,$2,$2,$0,$1,$36,$-33,$9,$0
34,2010-02-28,20.73,$18.87,1.1,$30.34,0.68,$4.17,4.97,$1.36,15.24,$0.80B,$0.18B,4.52,$0.32B,$0.74B,0.44,$1.30B,$0.23B,17.85%,$1.30B,$0.10B,7.46%,$1.30B,$0.10B,7.46%,$1.30B,$0.15B,11.23%,$1.30B,$0.07B,5.62%,$1.30B,$0.05B,3.62%,$0.05B,$0.74B,6.56%,$0.05B,$0.59B,8.28%,$0.05B,$1.33B,3.51%,$0.10B,$1.06B,9.32%,$301,$243,$58,$0,$34,$277,$24,$-8,$16,$5,$11,$11,$10,$36,$24,$38,43,$0.26,$0.26,$118,$332,$127,$803,$130,$49,$147,$196,$522,$1325,$178,$324,$29,$411,$588,$44,$821,$-24,$737,$1325,$32,$35,$1,$37,$22,$16,$-7,$11,$26,$95,$-21,$0,$1,$0,$5,$6,$-6,$-20,$-72,$0,$-71,$2,$2,$0,$0,$-69,$5,$6,$0
35,2009-11-30,17.06,$18.62,0.92,$31.32,0.54,$1.72,9.9,$1.57,10.86,$0.80B,$0.18B,4.34,$0.32B,$0.73B,0.44,$1.34B,$0.24B,17.86%,$1.34B,$0.10B,7.62%,$1.34B,$0.10B,7.62%,$1.34B,$0.15B,11.36%,$1.34B,$0.08B,5.98%,$1.34B,$0.05B,4.04%,$0.05B,$0.73B,7.79%,$0.05B,$0.58B,9.81%,$0.05B,$1.32B,3.97%,$0.10B,$1.05B,9.78%,$329,$265,$64,$0,$38,$302,$26,$-6,$20,$7,$13,$13,$13,$38,$26,$38,43,$0.35,$0.34,$106,$341,$130,$795,$130,$49,$148,$196,$523,$1318,$183,$322,$31,$410,$593,$44,$808,$-23,$725,$1318,$22,$23,$-3,$20,$30,$7,$-19,$13,$15,$58,$-15,$0,$0,$-4,$5,$1,$-1,$-15,$-50,$0,$-50,$0,$0,$0,$0,$-50,$-7,$4,$0
36,2009-08-31,15.55,$18.20,0.85,$31.91,0.49,$0.52,30.13,$1.70,9.15,$0.83B,$0.23B,3.65,$0.32B,$0.71B,0.45,$1.36B,$0.22B,16.43%,$1.36B,$0.09B,6.68%,$1.36B,$0.09B,6.68%,$1.36B,$0.14B,10.49%,$1.36B,$0.08B,5.72%,$1.36B,$0.05B,3.74%,$0.05B,$0.71B,7.64%,$0.05B,$0.56B,9.62%,$0.05B,$1.34B,3.71%,$0.09B,$1.03B,8.70%,$342,$288,$54,$0,$37,$324,$17,$-5,$12,$3,$9,$9,$10,$29,$17,$38,43,$0.27,$0.27,$123,$345,$137,$825,$129,$46,$149,$195,$519,$1344,$226,$320,$32,$410,$636,$44,$792,$-24,$709,$1344,$9,$12,$-7,$5,$24,$3,$-6,$13,$20,$34,$-9,$0,$0,$0,$5,$5,$-1,$-5,$-19,$0,$-19,$0,$0,$0,$0,$-19,$10,$0,$0
37,2009-05-31,13.44,$17.92,0.75,$32.29,0.42,$-0.52,0.0,$1.87,7.19,$0.85B,$0.25B,3.35,$0.33B,$0.70B,0.47,$1.38B,$0.24B,17.16%,$1.38B,$0.11B,7.68%,$1.38B,$0.11B,7.68%,$1.38B,$0.16B,11.59%,$1.38B,$0.09B,6.44%,$1.38B,$0.06B,4.06%,$0.06B,$0.70B,8.74%,$0.06B,$0.55B,11.01%,$0.06B,$1.38B,4.07%,$0.11B,$1.03B,9.97%,$328,$272,$56,$0,$27,$298,$30,$-5,$25,$9,$17,$17,$14,$43,$30,$38,43,$0.38,$0.37,$113,$347,$146,$851,$125,$45,$150,$204,$525,$1376,$254,$328,$33,$425,$679,$44,$780,$-24,$697,$1376,$57,$54,$22,$76,$-26,$-45,$3,$8,$-68,$64,$-28,$0,$1,$2,$3,$5,$-2,$-24,$-31,$0,$-31,$1,$1,$0,$-6,$-36,$3,$6,$0
38,2009-02-28,12.08,$16.58,0.73,$33.57,0.36,$-1.69,0.0,$1.90,6.36,$0.88B,$0.27B,3.25,$0.43B,$0.64B,0.67,$1.45B,$0.26B,17.85%,$1.45B,$0.11B,7.89%,$1.45B,$0.11B,7.89%,$1.45B,$0.17B,12.04%,$1.45B,$0.09B,6.09%,$1.45B,$0.06B,3.94%,$0.06B,$0.64B,9.30%,$0.06B,$0.52B,11.73%,$0.06B,$1.40B,4.15%,$0.11B,$1.07B,10.56%,$339,$274,$65,$0,$37,$309,$29,$-6,$23,$6,$17,$17,$17,$42,$29,$38,43,$0.45,$0.43,$94,$366,$168,$875,$155,$44,$122,$203,$525,$1399,$270,$430,$20,$488,$758,$44,$719,$-18,$642,$1399,$43,$41,$4,$45,$-20,$-68,$3,$5,$-96,$-8,$-23,$0,$1,$0,$-0,$-0,$2,$-20,$-56,$75,$19,$1,$1,$0,$-5,$15,$-16,$0,$0
39,2008-11-30,15.48,$16.03,0.97,$34.21,0.45,$-2.07,0.0,$1.90,8.15,$0.84B,$0.27B,3.15,$0.44B,$0.62B,0.71,$1.48B,$0.26B,17.73%,$1.48B,$0.12B,8.29%,$1.48B,$0.12B,8.29%,$1.48B,$0.18B,12.14%,$1.48B,$0.10B,6.47%,$1.48B,$0.06B,4.05%,$0.06B,$0.62B,10.11%,$0.06B,$0.49B,12.83%,$0.06B,$1.38B,4.42%,$0.12B,$1.06B,11.42%,$354,$305,$49,$0,$38,$339,$15,$3,$18,$6,$12,$12,$10,$29,$15,$38,43,$0.27,$0.27,$122,$327,$166,$838,$150,$43,$127,$224,$544,$1382,$266,$437,$20,$495,$761,$44,$696,$-17,$621,$1382,$25,$28,$6,$34,$-3,$-29,$10,$-4,$-51,$8,$-17,$0,$0,$0,$-0,$-0,$3,$-14,$-52,$76,$24,$0,$0,$0,$-4,$20,$12,$0,$0
40,2008-08-31,14.51,$15.56,0.93,$33.05,0.44,$-3.32,0.0,$1.85,7.84,$0.76B,$0.20B,3.75,$0.50B,$0.60B,0.82,$1.44B,$0.27B,19.03%,$1.44B,$0.14B,9.65%,$1.44B,$0.14B,9.65%,$1.44B,$0.19B,13.33%,$1.44B,$0.11B,7.29%,$1.44B,$0.07B,4.72%,$0.07B,$0.60B,11.92%,$0.07B,$0.47B,14.84%,$0.07B,$1.35B,5.25%,$0.14B,$1.10B,13.72%,$360,$293,$67,$0,$37,$328,$32,$-8,$23,$8,$15,$15,$15,$46,$32,$38,43,$0.39,$0.38,$76,$303,$164,$764,$149,$44,$129,$265,$587,$1351,$203,$495,$21,$544,$748,$44,$675,$-15,$603,$1351,$15,$15,$0,$15,$1,$-6,$-6,$-21,$-40,$-10,$-9,$0,$0,$0,$0,$0,$-1,$-10,$-13,$0,$-12,$0,$0,$0,$-1,$-13,$-33,$0,$0
41,2008-05-31,17.62,$15.09,1.17,$31.64,0.56,$-2.98,0.0,$1.76,10.01,$0.78B,$0.22B,3.59,$0.51B,$0.59B,0.87,$1.39B,$0.26B,19.05%,$1.39B,$0.13B,9.67%,$1.39B,$0.13B,9.67%,$1.39B,$0.18B,13.20%,$1.39B,$0.11B,7.58%,$1.39B,$0.07B,4.91%,$0.07B,$0.59B,12.43%,$0.07B,$0.46B,15.16%,$0.07B,$1.36B,5.54%,$0.13B,$1.09B,14.37%,$392,$315,$77,$0,$40,$353,$38,$-15,$24,$8,$15,$15,$15,$57,$38,$37,44,$0.39,$0.46,$109,$297,$157,$783,$146,$43,$130,$260,$579,$1362,$218,$508,$22,$558,$777,$44,$655,$-13,$585,$1362,$68,$49,$0,$49,$12,$-42,$-26,$-64,$-100,$17,$-30,$0,$-85,$-2,$-22,$-25,$-2,$-142,$178,$-69,$110,$-3,$-3,$0,$45,$151,$26,$0,$0
42,2008-02-29,23.67,$14.57,1.62,$29.74,0.8,$-3.85,0.0,$1.66,14.26,$0.80B,$0.24B,3.42,$0.49B,$0.56B,0.87,$1.30B,$0.24B,18.69%,$1.30B,$0.12B,9.54%,$1.30B,$0.12B,9.54%,$1.30B,$0.16B,12.46%,$1.30B,$0.11B,8.23%,$1.30B,$0.07B,5.46%,$0.07B,$0.56B,13.54%,$0.07B,$0.45B,16.15%,$0.07B,$1.33B,6.15%,$0.12B,$1.06B,14.65%,$377,$306,$70,$0,$34,$339,$38,$-7,$31,$11,$20,$20,$20,$48,$38,$37,44,$0.54,$0.47,$119,$291,$150,$804,$110,$42,$118,$260,$530,$1333,$235,$493,$21,$534,$769,$44,$632,$-10,$564,$1333,$53,$30,$-7,$23,$-10,$-38,$-21,$-49,$-103,$-27,$-22,$0,$-71,$-6,$0,$-6,$-23,$-122,$213,$-70,$143,$-3,$-3,$0,$45,$185,$36,$0,$0
43,2007-11-30,30.18,$14.06,2.15,$27.38,1.1,$-3.19,0.0,$1.55,19.47,$0.67B,$0.27B,2.43,$0.27B,$0.53B,0.52,$1.19B,$0.22B,18.43%,$1.19B,$0.11B,9.30%,$1.19B,$0.11B,9.30%,$1.19B,$0.15B,12.31%,$1.19B,$0.10B,8.29%,$1.19B,$0.07B,5.53%,$0.07B,$0.53B,13.18%,$0.07B,$0.46B,15.30%,$0.07B,$1.14B,6.15%,$0.11B,$0.80B,14.56%,$311,$250,$60,$0,$31,$279,$31,$-4,$27,$9,$18,$18,$18,$41,$31,$37,44,$0.49,$0.42,$28,$275,$160,$666,$95,$41,$74,$262,$471,$1137,$274,$274,$18,$333,$607,$43,$592,$-11,$530,$1137,$33,$19,$-4,$15,$10,$-30,$-12,$-72,$-97,$-49,$-14,$0,$0,$1,$1,$1,$-24,$-36,$33,$0,$33,$-4,$-4,$0,$2,$30,$-55,$0,$0
44,2007-08-31,28.7,$13.51,2.12,$25.94,1.11,$-1.96,0.0,$1.46,19.66,$0.62B,$0.24B,2.55,$0.27B,$0.51B,0.52,$1.13B,$0.21B,18.28%,$1.13B,$0.10B,9.23%,$1.13B,$0.10B,9.23%,$1.13B,$0.14B,12.24%,$1.13B,$0.09B,8.16%,$1.13B,$0.06B,5.50%,$0.06B,$0.51B,12.89%,$0.06B,$0.44B,14.80%,$0.06B,$1.08B,5.97%,$0.10B,$0.78B,13.93%,$306,$249,$57,$0,$31,$279,$27,$-4,$23,$8,$15,$15,$15,$37,$27,$37,44,$0.41,$0.36,$58,$238,$125,$616,$91,$41,$74,$255,$461,$1077,$242,$265,$20,$326,$568,$43,$570,$-13,$509,$1077,$15,$10,$-3,$7,$14,$6,$-15,$-22,$-20,$2,$-7,$0,$0,$-11,$1,$-10,$-23,$-40,$14,$0,$14,$-3,$-3,$0,$1,$13,$-25,$0,$0
45,2007-05-31,29.71,$13.10,2.27,$24.55,1.21,$-2.04,0.0,$1.40,21.22,$0.65B,$0.26B,2.52,$0.25B,$0.49B,0.51,$1.06B,$0.18B,17.34%,$1.06B,$0.10B,8.95%,$1.06B,$0.10B,8.95%,$1.06B,$0.13B,11.97%,$1.06B,$0.09B,8.20%,$1.06B,$0.06B,5.56%,$0.06B,$0.49B,12.76%,$0.06B,$0.42B,14.47%,$0.06B,$1.07B,5.81%,$0.10B,$0.75B,12.93%,$306,$250,$56,$0,$29,$277,$28,$-2,$26,$9,$18,$18,$18,$36,$28,$36,43,$0.48,$0.42,$83,$245,$111,$646,$88,$18,$74,$242,$422,$1068,$257,$254,$23,$317,$573,$42,$546,$-14,$494,$1068,$59,$32,$4,$36,$-25,$-9,$6,$-90,$-116,$-21,$-30,$0,$-32,$1,$23,$23,$-1,$-39,$9,$0,$9,$9,$9,$0,$4,$22,$-38,$0,$0
46,2007-02-28,26.58,$12.62,2.11,$23.78,1.12,$-2.32,0.0,$1.29,20.61,$0.65B,$0.23B,2.77,$0.25B,$0.47B,0.54,$1.00B,$0.18B,17.52%,$1.00B,$0.09B,8.81%,$1.00B,$0.09B,8.81%,$1.00B,$0.12B,12.01%,$1.00B,$0.08B,7.91%,$1.00B,$0.05B,5.41%,$0.05B,$0.47B,12.14%,$0.05B,$0.41B,13.59%,$0.05B,$1.01B,5.44%,$0.09B,$0.72B,12.01%,$271,$224,$47,$0,$25,$245,$25,$-2,$23,$8,$16,$16,$15,$33,$25,$37,43,$0.42,$0.36,$105,$246,$111,$645,$82,$24,$56,$204,$365,$1011,$233,$253,$18,$308,$541,$42,$521,$-13,$470,$1011,$41,$24,$7,$31,$-18,$4,$-5,$-41,$-71,$1,$-21,$0,$-5,$0,$0,$0,$14,$-12,$-12,$0,$-12,$7,$7,$0,$0,$-5,$-17,$0,$0
47,2006-11-30,24.3,$12.22,1.99,$23.26,1.05,$-3.75,0.0,$1.16,20.95,$0.66B,$0.21B,3.17,$0.29B,$0.45B,0.64,$0.95B,$0.17B,17.98%,$0.95B,$0.08B,8.52%,$0.95B,$0.08B,8.52%,$0.95B,$0.11B,11.88%,$0.95B,$0.07B,6.94%,$0.95B,$0.05B,5.05%,$0.05B,$0.45B,11.28%,$0.05B,$0.41B,12.60%,$0.05B,$1.00B,4.93%,$0.08B,$0.74B,11.08%,$244,$198,$46,$0,$26,$221,$24,$-3,$20,$6,$14,$14,$14,$32,$24,$36,43,$0.38,$0.33,$117,$262,$97,$655,$79,$28,$44,$195,$346,$1001,$207,$289,$18,$343,$550,$41,$496,$0,$451,$1001,$26,$16,$3,$19,$-5,$4,$-2,$-27,$-40,$4,$-14,$0,$7,$0,$0,$0,$-6,$-13,$2,$0,$2,$3,$3,$0,$-1,$4,$-5,$0,$0
