,Date,Stock Price,Book Value per Share,Price to Book Ratio,TTM Sales per Share,Price to Sales Ratio,TTM FCF per Share,Price to FCF Ratio,TTM Net EPS,PE Ratio,Current Assets,Current Liabilities,Current Ratio,Long Term Debt,Shareholder's Equity_x,Debt to Equity Ratio,TTM Revenue_x,TTM Gross Profit,Gross Margin,TTM Revenue_y,TTM Operating Income,Operating Margin,TTM Revenue_x,TTM EBIT,EBIT Margin,TTM Revenue_y,TTM EBITDA,EBITDA Margin,TTM Revenue_x,TTM Pre-Tax Income,Pre-Tax Margin,TTM Revenue_y,TTM Net Income_x,Net Margin,TTM Net Income_y,Shareholder's Equity_y,Return on Equity,TTM Net Income_x,Tangible Equity,Return on Tangible Equity,TTM Net Income_y,Total Assets,Return on Assets,TTM Net Income,LT Investments & Debt,Return on Investment,revenue,cost-goods-sold,gross-profit,research-development-expenses,selling-general-administrative-expenses,operating-expenses,operating-income,total-non-operating-income-expense,pre-tax-income,total-provision-income-taxes,income-after-taxes,income-from-continuous-operations,net-income,ebitda,ebit,basic-shares-outstanding,shares-outstanding,eps-basic-net-earnings-per-share,eps-earnings-per-share-diluted,cash-on-hand,inventory,other-current-assets,total-current-assets,net-property-plant-equipment,long-term-investments,goodwill-intangible-assets-total,other-long-term-assets,total-long-term-assets,total-assets,total-current-liabilities,long-term-debt,other-non-current-liabilities,total-long-term-liabilities,total-liabilities,common-stock-net,retained-earnings-accumulated-deficit,comprehensive-income,total-share-holder-equity,total-liabilities-share-holders-equity,net-income-loss,total-depreciation-amortization-cash-flow,other-non-cash-items,total-non-cash-items,change-in-accounts-receivable,change-in-inventories,change-in-accounts-payable,change-in-assets-liabilities,total-change-in-assets-liabilities,cash-flow-from-operating-activities,net-change-in-property-plant-equipment,net-change-in-intangible-assets,net-acquisitions-divestitures,net-change-in-short-term-investments,net-change-in-long-term-investments,net-change-in-investments-total,investing-activities-other,cash-flow-from-investing-activities,net-long-term-debt,net-current-debt,debt-issuance-retirement-net-total,net-common-equity-issued-repurchased,net-total-equity-issued-repurchased,total-common-preferred-stock-dividends-paid,financial-activities-other,cash-flow-from-financial-activities,net-cash-flow,stock-based-compensation,common-stock-dividends-paid
0,2018-09-30,33.7,$12.60,2.67,$101.72,0.33,$-8.90,0.0,$1.81,18.62,$0.07B,$0.04B,1.47,$0.04B,$0.03B,1.71,$0.21B,$0.04B,19.71%,$0.21B,$0.00B,1.44%,$0.21B,$0.00B,1.44%,$0.21B,$0.01B,3.37%,$0.21B,$0.00B,0.96%,$0.21B,$0.00B,1.44%,$0.00B,$0.03B,12.00%,$0.00B,$0.02B,15.38%,$0.00B,$0.12B,3.06%,$0.00B,$0.07B,4.88%,$49,$40,$9,$0,$9,$51,$-2,$-0,$-2,$-0,$-1,$-1,$-1,$0,$-2,$2,2,$-0.65,$-0.65,$9,$29,$3,$65,$37,$9,$6,$1,$53,$118,$44,$44,$1,$48,$92,$1,$22,$-0,$26,$118,$2,$3,$-2,$1,$-1,$10,$3,$-1,$12,$15,$-20,$0,$-3,$-2,$-0,$-2,$-2,$-28,$13,$0,$13,$-0,$-0,$0,$0,$13,$1,$0,$0
1,2018-06-30,33.35,$13.25,2.52,$101.45,0.33,$-7.02,0.0,$2.02,16.51,$0.06B,$0.04B,1.72,$0.03B,$0.03B,1.16,$0.21B,$0.04B,19.23%,$0.21B,$0.01B,2.40%,$0.21B,$0.01B,2.40%,$0.21B,$0.01B,3.85%,$0.21B,$0.01B,2.40%,$0.21B,$0.00B,1.92%,$0.00B,$0.03B,16.49%,$0.00B,$0.02B,21.05%,$0.00B,$0.10B,4.65%,$0.01B,$0.06B,9.09%,$61,$48,$13,$0,$9,$58,$3,$1,$4,$0,$3,$3,$3,$4,$3,$2,2,$1.38,$1.38,$8,$28,$0,$60,$19,$8,$6,$3,$37,$97,$35,$31,$1,$35,$70,$1,$23,$-0,$27,$97,$3,$1,$-2,$-0,$0,$11,$4,$-2,$12,$15,$-0,$0,$-3,$-1,$-2,$-3,$0,$-7,$-7,$0,$-7,$0,$0,$0,$-0,$-7,$1,$0,$0
2,2018-03-31,25.3,$11.86,2.13,$95.05,0.27,$-15.29,0.0,$1.11,22.79,$0.06B,$0.03B,1.98,$0.04B,$0.02B,1.6,$0.20B,$0.04B,18.46%,$0.20B,$0.00B,2.05%,$0.20B,$0.00B,2.05%,$0.20B,$0.01B,3.59%,$0.20B,$0.00B,1.54%,$0.20B,$0.00B,1.03%,$0.00B,$0.02B,8.60%,$0.00B,$0.02B,11.11%,$0.00B,$0.10B,2.52%,$0.00B,$0.06B,7.77%,$53,$43,$10,$0,$8,$52,$1,$0,$1,$-0,$1,$1,$2,$2,$1,$2,2,$0.76,$0.76,$7,$34,$3,$62,$20,$6,$6,$3,$35,$97,$31,$39,$1,$42,$73,$1,$21,$-0,$24,$97,$2,$3,$-0,$2,$3,$-7,$-2,$0,$-5,$-0,$-20,$0,$0,$-3,$-2,$-4,$-2,$-26,$30,$0,$30,$0,$0,$0,$-1,$29,$2,$0,$0
3,2017-12-31,24.69,$11.33,2.18,$89.50,0.28,$-9.94,0.0,$0.46,53.68,$0.05B,$0.02B,2.49,$0.03B,$0.02B,1.4,$0.19B,$0.03B,18.28%,$0.19B,$0.00B,2.15%,$0.19B,$0.00B,2.15%,$0.19B,$0.01B,3.76%,$0.19B,$0.00B,1.61%,$0.19B,0,0.00%,$0.00B,$0.02B,0.00%,$0.00B,$0.02B,0.00%,$0.00B,$0.08B,0.00%,$0.00B,$0.06B,8.70%,$45,$36,$9,$0,$7,$44,$1,$-1,$-1,$-0,$-1,$-1,$-1,$1,$1,$2,2,$-0.33,$-0.33,$10,$20,$0,$50,$18,$2,$6,$3,$30,$80,$20,$32,$2,$37,$57,$1,$19,$0,$23,$80,$1,$2,$0,$2,$3,$4,$-2,$1,$5,$8,$-15,$0,$0,$-0,$0,$-0,$-3,$-19,$17,$0,$17,$0,$0,$0,$-1,$16,$5,$0,$0
4,2017-09-30,17.66,$11.44,1.54,$85.18,0.21,$-12.49,0.0,$1.21,14.59,$0.05B,$0.02B,2.06,$0.02B,$0.02B,0.87,$0.18B,$0.03B,18.08%,$0.18B,$0.01B,2.82%,$0.18B,$0.01B,2.82%,$0.18B,$0.01B,4.52%,$0.18B,$0.01B,3.39%,$0.18B,$0.00B,1.13%,$0.00B,$0.02B,8.89%,$0.00B,$0.02B,11.76%,$0.00B,$0.07B,3.00%,$0.01B,$0.04B,11.83%,$49,$41,$8,$0,$7,$48,$0,$0,$1,$0,$0,$0,$0,$1,$0,$2,2,$0.21,$0.21,$4,$18,$0,$47,$13,$2,$6,$3,$23,$70,$23,$20,$2,$24,$47,$1,$20,$-0,$23,$70,$2,$1,$-0,$1,$-0,$5,$0,$1,$5,$7,$-8,$0,$-3,$-1,$0,$-1,$0,$-12,$3,$0,$3,$0,$0,$0,$0,$3,$-1,$0,$0
5,2017-06-30,21.2,$11.34,1.87,$80.12,0.26,$-19.05,0.0,$1.52,13.95,$0.05B,$0.02B,2.46,$0.02B,$0.02B,0.9,$0.17B,$0.03B,18.56%,$0.17B,$0.01B,3.59%,$0.17B,$0.01B,3.59%,$0.17B,$0.01B,4.79%,$0.17B,$0.01B,3.59%,$0.17B,$0.00B,1.80%,$0.00B,$0.02B,13.64%,$0.00B,$0.02B,18.18%,$0.00B,$0.07B,4.56%,$0.01B,$0.04B,14.46%,$48,$38,$9,$0,$7,$45,$2,$-1,$2,$0,$1,$1,$1,$3,$2,$2,2,$0.47,$0.47,$5,$25,$0,$54,$5,$2,$6,$3,$16,$70,$22,$21,$2,$25,$47,$1,$19,$-0,$23,$70,$1,$0,$0,$1,$-1,$-2,$-1,$1,$-4,$-2,$-0,$0,$-3,$-0,$0,$-0,$0,$-3,$5,$0,$5,$0,$0,$0,$0,$5,$-1,$0,$0
6,2017-03-31,20.17,$10.85,1.86,$69.68,0.29,$-19.98,0.0,$-0.50,0.0,$0.05B,$0.02B,2.41,$0.02B,$0.02B,0.83,$0.15B,$0.02B,15.44%,$0.15B,$-0.00B,-2.01%,$0.15B,$-0.00B,-2.01%,$0.15B,0,0.00%,$0.15B,$-0.00B,-2.68%,$0.15B,$-0.00B,-2.68%,$-0.00B,$0.02B,-17.39%,$-0.00B,$0.02B,-21.05%,$-0.00B,$0.07B,-6.58%,$-0.00B,$0.04B,-7.84%,$44,$36,$8,$0,$6,$42,$1,$-0,$1,$1,$0,$0,$0,$2,$1,$2,2,$-0.22,$-0.22,$6,$20,$0,$49,$5,$2,$6,$3,$16,$65,$20,$18,$3,$23,$43,$1,$18,$-0,$22,$65,$-5,$3,$2,$5,$-6,$-8,$4,$-0,$-7,$-8,$-2,$0,$0,$-3,$6,$3,$-5,$-4,$17,$0,$17,$-8,$-8,$0,$0,$9,$-3,$0,$0
7,2016-12-31,23.0,$10.81,2.13,$63.55,0.36,$-14.42,0.0,$-1.07,0.0,$0.05B,$0.02B,2.72,$0.02B,$0.02B,0.83,$0.14B,$0.02B,14.29%,$0.14B,$-0.01B,-4.29%,$0.14B,$-0.01B,-4.29%,$0.14B,$-0.00B,-2.86%,$0.14B,$-0.01B,-5.00%,$0.14B,$-0.01B,-3.57%,$-0.01B,$0.02B,-19.05%,$-0.01B,$0.02B,-21.28%,$-0.01B,$0.06B,-8.70%,$-0.01B,$0.04B,-16.33%,$36,$29,$7,$0,$5,$34,$2,$0,$2,$0,$2,$2,$1,$2,$2,$2,2,$0.60,$0.60,$6,$21,$0,$46,$5,$3,$5,$3,$16,$62,$17,$18,$3,$23,$40,$1,$18,$0,$22,$62,$-5,$3,$2,$5,$-1,$-9,$2,$-1,$-10,$-11,$-2,$0,$0,$3,$0,$3,$-5,$-3,$18,$0,$18,$-8,$-8,$0,$0,$10,$-4,$0,$0
8,2016-09-30,20.42,$10.06,2.03,$65.54,0.31,$-7.59,0.0,$-0.25,0.0,$0.05B,$0.02B,2.48,$0.02B,$0.02B,1.01,$0.15B,$0.02B,14.57%,$0.15B,$-0.00B,-2.65%,$0.15B,$-0.00B,-2.65%,$0.15B,$-0.00B,-1.32%,$0.15B,$-0.01B,-3.31%,$0.15B,$-0.00B,-1.99%,$-0.00B,$0.02B,-10.00%,$-0.00B,$0.02B,-10.53%,$-0.00B,$0.07B,-5.50%,$-0.00B,$0.04B,-11.11%,$39,$32,$7,$0,$5,$38,$1,$0,$1,$0,$1,$1,$1,$1,$1,$2,2,$0.53,$0.53,$6,$18,$0,$50,$5,$4,$5,$2,$16,$66,$20,$21,$3,$25,$45,$1,$17,$0,$21,$66,$-7,$2,$3,$6,$-8,$-6,$3,$-2,$-13,$-14,$-1,$0,$0,$-3,$5,$3,$-4,$-2,$21,$0,$21,$-8,$-8,$0,$0,$13,$-3,$0,$0
9,2016-06-30,21.5,$11.54,1.86,$65.35,0.33,$-2.30,0.0,$0.81,26.54,$0.04B,$0.02B,2.07,$0.00B,$0.03B,0.12,$0.16B,$0.02B,15.29%,$0.16B,$0.00B,0.64%,$0.16B,$0.00B,0.64%,$0.16B,$0.00B,1.91%,$0.16B,$-0.00B,-0.64%,$0.16B,0,0.00%,$0.00B,$0.03B,0.00%,$0.00B,$0.03B,0.00%,$0.00B,$0.05B,0.00%,$0.00B,$0.03B,2.92%,$30,$29,$1,$1,$6,$38,$-7,$-1,$-8,$-0,$-8,$-8,$-6,$-5,$-7,$2,2,$-2.42,$-2.42,$10,$15,$0,$40,$5,$4,$0,$2,$11,$50,$19,$3,$0,$4,$23,$1,$23,$-0,$27,$50,$-8,$2,$1,$3,$1,$-6,$2,$2,$-0,$-5,$-1,$0,$0,$-1,$1,$0,$-0,$-0,$4,$0,$4,$0,$0,$0,$0,$4,$-1,$0,$0
10,2016-03-31,24.16,$14.86,1.63,$61.93,0.39,$-2.06,0.0,$2.05,11.79,$0.04B,$0.02B,2.48,$0.00B,$0.04B,0.0,$0.15B,$0.03B,17.45%,$0.15B,$0.01B,4.70%,$0.15B,$0.01B,4.70%,$0.15B,$0.01B,4.70%,$0.15B,$0.01B,4.03%,$0.15B,$0.01B,3.36%,$0.01B,$0.04B,15.04%,$0.01B,$0.03B,15.15%,$0.01B,$0.05B,10.47%,$0.01B,$0.04B,20.00%,$35,$30,$5,$1,$6,$37,$-2,$0,$-2,$-0,$-2,$-2,$-1,$-2,$-2,$2,2,$-0.58,$-0.57,$11,$12,$0,$39,$5,$5,$1,$2,$13,$52,$16,$0,$1,$1,$17,$1,$29,$-0,$35,$52,$4,$1,$1,$2,$-2,$-1,$1,$-1,$-2,$3,$-1,$0,$0,$-4,$0,$-4,$0,$-5,$-6,$0,$-6,$0,$0,$0,$0,$-6,$-8,$0,$0
11,2015-12-31,24.47,$15.64,1.56,$57.96,0.42,$0.98,24.96,$2.15,11.38,$0.04B,$0.01B,3.13,$0.00B,$0.04B,0.0,$0.14B,$0.02B,17.27%,$0.14B,$0.01B,5.76%,$0.14B,$0.01B,5.76%,$0.14B,$0.01B,5.76%,$0.14B,$0.01B,5.04%,$0.14B,$0.01B,3.60%,$0.01B,$0.04B,15.63%,$0.01B,$0.04B,15.63%,$0.01B,$0.05B,10.99%,$0.01B,$0.04B,22.86%,$47,$38,$9,$0,$5,$43,$4,$0,$4,$1,$2,$2,$3,$4,$4,$2,2,$1.15,$1.14,$9,$12,$0,$38,$5,$5,$0,$2,$12,$50,$12,$0,$0,$0,$13,$1,$30,$-0,$37,$50,$6,$1,$-0,$0,$-4,$0,$-1,$-0,$-3,$3,$-1,$0,$0,$-3,$0,$-3,$0,$-4,$-8,$0,$-8,$0,$0,$0,$0,$-8,$-9,$0,$0
12,2015-09-30,17.8,$13.61,1.31,$51.48,0.35,$3.73,4.77,$1.52,11.71,$0.04B,$0.01B,2.98,$0.00B,$0.03B,0.04,$0.12B,$0.02B,16.26%,$0.12B,$0.01B,4.88%,$0.12B,$0.01B,4.88%,$0.12B,$0.01B,4.88%,$0.12B,$0.01B,4.07%,$0.12B,$0.00B,2.44%,$0.00B,$0.03B,9.84%,$0.00B,$0.03B,9.84%,$0.00B,$0.05B,6.86%,$0.01B,$0.03B,17.91%,$45,$35,$9,$0,$4,$39,$6,$-0,$5,$2,$4,$4,$4,$6,$6,$2,2,$1.60,$1.58,$6,$10,$0,$36,$4,$4,$0,$2,$10,$46,$12,$1,$0,$2,$14,$1,$27,$-1,$32,$46,$3,$0,$-0,$0,$-8,$-3,$3,$0,$-7,$-4,$-0,$0,$0,$-2,$0,$-2,$-0,$-2,$-4,$0,$-4,$0,$0,$0,$0,$-4,$-10,$0,$0
13,2015-06-30,20.95,$12.13,1.73,$47.43,0.44,$5.05,4.15,$0.71,29.51,$0.03B,$0.01B,3.79,$0.01B,$0.03B,0.17,$0.11B,$0.02B,15.04%,$0.11B,$0.00B,2.65%,$0.11B,$0.00B,2.65%,$0.11B,$0.00B,2.65%,$0.11B,$0.00B,2.65%,$0.11B,$0.00B,0.88%,$0.00B,$0.03B,3.36%,$0.00B,$0.03B,3.36%,$0.00B,$0.04B,2.38%,$0.00B,$0.03B,9.23%,$22,$19,$3,$0,$4,$23,$-1,$-0,$-1,$-0,$-1,$-1,$-1,$-1,$-1,$2,2,$-0.31,$-0.31,$10,$12,$0,$34,$3,$4,$0,$2,$9,$43,$9,$5,$0,$5,$14,$1,$24,$-0,$29,$43,$-1,$0,$-0,$0,$-1,$-4,$1,$0,$-4,$-5,$-0,$0,$0,$-1,$0,$-1,$-0,$-1,$-0,$0,$-0,$0,$0,$0,$0,$-0,$-6,$0,$0
14,2015-03-31,24.6,$12.56,1.96,$47.15,0.52,$6.45,3.81,$1.05,23.43,$0.04B,$0.01B,4.69,$0.01B,$0.03B,0.17,$0.11B,$0.02B,15.04%,$0.11B,$0.00B,3.54%,$0.11B,$0.00B,3.54%,$0.11B,$0.00B,3.54%,$0.11B,$0.00B,3.54%,$0.11B,$0.00B,1.77%,$0.00B,$0.03B,6.84%,$0.00B,$0.03B,6.84%,$0.00B,$0.04B,4.91%,$0.00B,$0.04B,12.90%,$25,$22,$3,$0,$4,$26,$-1,$0,$-1,$-1,$-1,$-1,$-1,$-1,$-1,$2,2,$-0.36,$-0.37,$19,$8,$0,$39,$3,$0,$0,$2,$5,$43,$8,$5,$0,$5,$14,$1,$24,$-0,$30,$43,$2,$1,$-2,$-1,$1,$4,$-2,$1,$5,$7,$3,$0,$0,$-5,$1,$-4,$-1,$-2,$5,$0,$5,$0,$0,$0,$0,$5,$10,$0,$0
15,2014-12-31,25.57,$13.10,1.95,$47.17,0.54,$1.75,14.64,$1.58,16.18,$0.04B,$0.01B,3.53,$0.00B,$0.03B,0.0,$0.11B,$0.02B,15.93%,$0.11B,$0.01B,5.31%,$0.11B,$0.01B,5.31%,$0.11B,$0.01B,5.31%,$0.11B,$0.01B,5.31%,$0.11B,$0.00B,2.65%,$0.00B,$0.03B,10.53%,$0.00B,$0.03B,10.53%,$0.00B,$0.04B,7.64%,$0.01B,$0.03B,20.69%,$31,$26,$5,$0,$4,$29,$2,$-0,$2,$1,$1,$1,$1,$2,$2,$2,2,$0.61,$0.61,$14,$8,$0,$38,$3,$0,$0,$2,$5,$43,$11,$0,$0,$1,$11,$1,$25,$0,$31,$43,$3,$1,$-1,$-1,$-3,$5,$-0,$1,$4,$7,$2,$0,$0,$-4,$1,$-4,$0,$-2,$0,$0,$0,$-0,$-0,$0,$0,$-0,$5,$0,$0
16,2014-09-30,13.02,$12.34,1.05,$46.41,0.28,$-2.03,0.0,$1.16,11.22,$0.03B,$0.01B,4.02,$0.00B,$0.03B,0.05,$0.11B,$0.02B,16.07%,$0.11B,$0.01B,4.46%,$0.11B,$0.01B,4.46%,$0.11B,$0.01B,4.46%,$0.11B,$0.01B,4.46%,$0.11B,$0.00B,1.79%,$0.00B,$0.03B,7.27%,$0.00B,$0.03B,7.27%,$0.00B,$0.04B,5.30%,$0.01B,$0.03B,17.86%,$35,$28,$6,$0,$4,$32,$3,$-0,$3,$1,$2,$2,$2,$3,$3,$2,2,$0.77,$0.77,$5,$9,$0,$33,$5,$0,$0,$2,$7,$39,$8,$1,$0,$2,$10,$1,$24,$-0,$29,$39,$2,$0,$-1,$-0,$-7,$4,$-1,$1,$-2,$-1,$-1,$0,$0,$-4,$1,$-3,$0,$-4,$1,$0,$1,$-0,$-0,$0,$0,$1,$-4,$0,$0
17,2014-06-30,13.0,$11.61,1.12,$41.57,0.31,$-3.73,0.0,$0.57,22.81,$0.03B,$0.01B,3.59,$0.00B,$0.03B,0.03,$0.10B,$0.02B,15.84%,$0.10B,$0.00B,2.97%,$0.10B,$0.00B,2.97%,$0.10B,$0.00B,2.97%,$0.10B,$0.00B,2.97%,$0.10B,0,0.00%,$0.00B,$0.03B,0.00%,$0.00B,$0.03B,0.00%,$0.00B,$0.04B,0.00%,$0.00B,$0.03B,10.81%,$22,$18,$3,$0,$3,$22,$0,$0,$0,$0,$0,$0,$0,$0,$0,$2,2,$0.03,$0.03,$5,$15,$0,$32,$4,$0,$0,$2,$6,$38,$9,$1,$0,$2,$11,$1,$22,$-0,$27,$38,$0,$0,$-0,$-0,$0,$-3,$0,$1,$-2,$-2,$0,$0,$0,$-0,$0,$0,$0,$1,$1,$0,$1,$-0,$-0,$0,$0,$1,$-0,$0,$0
18,2014-03-31,12.1,$11.62,1.04,$41.03,0.29,$-3.40,0.0,$0.60,20.17,$0.03B,$0.01B,3.45,$0.00B,$0.03B,0.0,$0.10B,$0.02B,16.00%,$0.10B,$0.00B,3.00%,$0.10B,$0.00B,3.00%,$0.10B,$0.00B,3.00%,$0.10B,$0.00B,3.00%,$0.10B,0,0.00%,$0.00B,$0.03B,0.00%,$0.00B,$0.03B,0.00%,$0.00B,$0.04B,0.00%,$0.00B,$0.03B,10.81%,$25,$21,$4,$0,$3,$25,$1,$0,$1,$0,$0,$0,$0,$1,$1,$2,2,$0.17,$0.17,$5,$12,$0,$31,$4,$0,$0,$2,$6,$37,$9,$0,$0,$1,$10,$1,$22,$-0,$27,$37,$1,$1,$1,$2,$1,$-4,$1,$-2,$-4,$-1,$-1,$0,$0,$-2,$0,$-1,$0,$-3,$0,$0,$0,$-1,$-1,$-1,$0,$-2,$-5,$0,$-1
19,2013-12-31,11.97,$11.54,1.04,$43.08,0.28,$-1.02,0.0,$0.59,20.29,$0.03B,$0.01B,3.29,$0.00B,$0.03B,0.0,$0.11B,$0.02B,15.09%,$0.11B,$0.00B,2.83%,$0.11B,$0.00B,2.83%,$0.11B,$0.00B,2.83%,$0.11B,$0.00B,2.83%,$0.11B,0,0.00%,$0.00B,$0.03B,0.00%,$0.00B,$0.03B,0.00%,$0.00B,$0.04B,0.00%,$0.00B,$0.03B,10.71%,$30,$25,$5,$0,$4,$29,$1,$-0,$1,$0,$0,$0,$0,$1,$1,$2,2,$0.19,$0.19,$7,$12,$0,$31,$4,$0,$0,$2,$6,$37,$9,$0,$0,$0,$9,$1,$22,$0,$27,$37,$1,$1,$0,$1,$2,$-4,$0,$-0,$-2,$-0,$-0,$0,$0,$0,$0,$0,$0,$-0,$0,$0,$0,$-1,$-1,$-1,$0,$-2,$-2,$0,$-1
20,2013-09-30,11.25,$11.45,0.98,$41.77,0.27,$0.89,12.63,$0.66,17.05,$0.03B,$0.01B,3.34,$0.00B,$0.03B,0.03,$0.10B,$0.02B,14.56%,$0.10B,$0.00B,2.91%,$0.10B,$0.00B,2.91%,$0.10B,$0.00B,2.91%,$0.10B,$0.00B,2.91%,$0.10B,$0.00B,0.97%,$0.00B,$0.03B,3.57%,$0.00B,$0.03B,3.57%,$0.00B,$0.04B,2.70%,$0.00B,$0.03B,10.62%,$24,$20,$4,$0,$3,$23,$1,$0,$1,$0,$0,$0,$0,$1,$1,$2,2,$0.19,$0.18,$4,$13,$0,$32,$4,$0,$0,$2,$6,$39,$10,$1,$0,$1,$11,$1,$21,$0,$28,$39,$1,$0,$0,$0,$-1,$-6,$2,$-1,$-6,$-5,$-0,$0,$0,$0,$0,$0,$0,$-0,$1,$0,$1,$0,$0,$-1,$0,$0,$-6,$0,$-1
21,2013-06-30,10.28,$11.26,0.91,$40.68,0.25,$3.36,3.06,$0.57,18.04,$0.03B,$0.01B,3.24,$0.00B,$0.03B,0.0,$0.10B,$0.01B,14.00%,$0.10B,$0.00B,2.00%,$0.10B,$0.00B,2.00%,$0.10B,$0.00B,2.00%,$0.10B,$0.00B,2.00%,$0.10B,$0.00B,1.00%,$0.00B,$0.03B,3.60%,$0.00B,$0.03B,3.60%,$0.00B,$0.04B,2.82%,$0.00B,$0.03B,7.21%,$21,$18,$3,$0,$3,$21,$0,$0,$0,$0,$0,$0,$0,$0,$0,$2,2,$0.06,$0.06,$8,$11,$0,$32,$3,$0,$0,$2,$5,$37,$10,$0,$0,$0,$10,$1,$21,$0,$28,$37,$0,$0,$0,$0,$1,$-3,$2,$-0,$-1,$-1,$-0,$0,$0,$0,$0,$0,$0,$-0,$0,$0,$0,$0,$0,$-1,$0,$-1,$-1,$0,$-1
22,2013-03-31,9.22,$11.50,0.8,$42.02,0.22,$3.42,2.69,$0.68,13.55,$0.03B,$0.01B,3.88,$0.00B,$0.03B,0.0,$0.10B,$0.01B,13.59%,$0.10B,$0.00B,2.91%,$0.10B,$0.00B,2.91%,$0.10B,$0.00B,2.91%,$0.10B,$0.00B,2.91%,$0.10B,$0.00B,0.97%,$0.00B,$0.03B,3.64%,$0.00B,$0.03B,3.64%,$0.00B,$0.04B,2.88%,$0.00B,$0.03B,10.91%,$31,$27,$4,$0,$3,$30,$1,$-0,$1,$0,$0,$0,$0,$1,$1,$2,2,$0.16,$0.16,$9,$8,$0,$31,$3,$0,$0,$2,$6,$36,$8,$0,$0,$0,$8,$1,$21,$0,$28,$36,$2,$1,$0,$1,$-3,$5,$-0,$0,$2,$4,$-0,$0,$0,$0,$0,$0,$0,$-0,$0,$0,$0,$0,$0,$-1,$0,$-1,$3,$0,$-1
23,2012-12-31,8.22,$11.34,0.72,$38.37,0.21,$1.70,4.84,$0.52,15.8,$0.03B,$0.01B,3.86,$0.00B,$0.03B,0.0,$0.09B,$0.01B,13.83%,$0.09B,$0.00B,2.13%,$0.09B,$0.00B,2.13%,$0.09B,$0.00B,2.13%,$0.09B,$0.00B,2.13%,$0.09B,$0.00B,1.06%,$0.00B,$0.03B,3.67%,$0.00B,$0.03B,3.67%,$0.00B,$0.04B,2.90%,$0.00B,$0.03B,7.34%,$27,$23,$4,$0,$3,$26,$1,$0,$1,$0,$1,$1,$1,$1,$1,$2,2,$0.26,$0.26,$10,$13,$0,$33,$2,$0,$0,$2,$4,$36,$8,$0,$0,$0,$8,$1,$21,$0,$28,$36,$1,$0,$0,$0,$0,$1,$-0,$0,$3,$5,$-0,$0,$0,$0,$0,$0,$0,$-0,$0,$0,$0,$0,$0,$-1,$0,$-1,$4,$0,$-1
24,2012-09-30,8.15,$11.07,0.74,$37.94,0.21,$0.24,34.65,$0.50,16.3,$0.03B,$0.01B,5.02,$0.00B,$0.03B,0.0,$0.09B,$0.01B,13.98%,$0.09B,$0.00B,2.15%,$0.09B,$0.00B,2.15%,$0.09B,$0.00B,2.15%,$0.09B,$0.00B,2.15%,$0.09B,$0.00B,1.08%,$0.00B,$0.03B,3.70%,$0.00B,$0.03B,3.70%,$0.00B,$0.03B,2.92%,$0.00B,$0.03B,7.41%,$21,$18,$3,$0,$3,$21,$0,$0,$0,$0,$0,$0,$0,$0,$0,$2,2,$0.09,$0.09,$6,$14,$0,$29,$2,$0,$0,$2,$4,$33,$6,$0,$0,$0,$6,$1,$20,$0,$27,$33,$1,$0,$0,$0,$1,$1,$-2,$1,$-0,$1,$-0,$0,$0,$0,$0,$0,$0,$-0,$0,$0,$0,$0,$0,$-1,$0,$-1,$-0,$0,$-1
25,2012-06-30,8.48,$10.98,0.77,$39.72,0.21,$-0.72,0.0,$0.65,13.05,$0.03B,$0.01B,4.35,$0.00B,$0.03B,0.0,$0.10B,$0.01B,14.43%,$0.10B,$0.00B,3.09%,$0.10B,$0.00B,3.09%,$0.10B,$0.00B,3.09%,$0.10B,$0.00B,3.09%,$0.10B,$0.00B,2.06%,$0.00B,$0.03B,7.41%,$0.00B,$0.03B,7.41%,$0.00B,$0.03B,5.76%,$0.00B,$0.03B,11.11%,$24,$21,$3,$0,$3,$24,$1,$0,$1,$0,$0,$0,$0,$1,$1,$2,2,$0.17,$0.17,$5,$13,$0,$30,$2,$0,$0,$2,$4,$34,$7,$0,$0,$0,$7,$1,$20,$0,$27,$34,$0,$0,$-0,$0,$-2,$1,$-1,$0,$-1,$-0,$-0,$0,$0,$0,$0,$0,$0,$-0,$0,$0,$0,$0,$0,$-1,$0,$-1,$-1,$0,$-1
26,2012-03-31,8.99,$11.06,0.81,$36.50,0.25,$-0.28,0.0,$0.55,16.35,$0.03B,$0.01B,3.78,$0.00B,$0.03B,0.0,$0.09B,$0.01B,15.56%,$0.09B,$0.00B,2.22%,$0.09B,$0.00B,2.22%,$0.09B,$0.00B,2.22%,$0.09B,$0.00B,2.22%,$0.09B,$0.00B,2.22%,$0.00B,$0.03B,7.48%,$0.00B,$0.03B,7.48%,$0.00B,$0.04B,5.88%,$0.00B,$0.03B,7.48%,$22,$18,$3,$0,$3,$22,$0,$-0,$-0,$-0,$0,$0,$0,$0,$0,$2,2,$0.00,$0.00,$6,$13,$0,$30,$3,$0,$0,$2,$5,$35,$8,$0,$0,$0,$8,$1,$20,$0,$27,$35,$1,$0,$1,$1,$3,$-3,$-0,$-0,$-2,$1,$-1,$0,$0,$0,$0,$0,$0,$-1,$-0,$0,$-0,$0,$0,$-1,$-0,$-1,$-1,$0,$-1
27,2011-12-31,7.99,$11.08,0.72,$38.14,0.21,$-2.12,0.0,$0.84,9.52,$0.03B,$0.01B,4.03,$0.00B,$0.03B,0.0,$0.09B,$0.02B,15.96%,$0.09B,$0.00B,3.19%,$0.09B,$0.00B,3.19%,$0.09B,$0.00B,3.19%,$0.09B,$0.00B,3.19%,$0.09B,$0.00B,3.19%,$0.00B,$0.03B,11.32%,$0.00B,$0.03B,11.32%,$0.00B,$0.04B,8.89%,$0.00B,$0.03B,11.32%,$26,$22,$4,$0,$3,$25,$1,$0,$1,$0,$1,$1,$1,$1,$1,$2,2,$0.24,$0.24,$7,$12,$0,$31,$2,$0,$0,$2,$4,$35,$8,$0,$0,$0,$8,$1,$20,$0,$27,$35,$1,$0,$0,$1,$1,$-0,$-1,$-0,$-0,$2,$-1,$0,$0,$0,$0,$0,$0,$-1,$-0,$0,$-0,$0,$0,$-1,$0,$-0,$0,$0,$-1
28,2011-09-30,7.06,$10.84,0.65,$36.75,0.19,$-4.48,0.0,$0.84,8.41,$0.03B,$0.01B,3.76,$0.00B,$0.03B,0.0,$0.09B,$0.02B,16.67%,$0.09B,$0.00B,3.33%,$0.09B,$0.00B,3.33%,$0.09B,$0.00B,3.33%,$0.09B,$0.00B,3.33%,$0.09B,$0.00B,3.33%,$0.00B,$0.03B,11.43%,$0.00B,$0.03B,11.43%,$0.00B,$0.04B,8.89%,$0.00B,$0.03B,11.43%,$25,$22,$4,$0,$3,$25,$1,$0,$1,$0,$1,$1,$1,$1,$1,$2,2,$0.24,$0.24,$4,$13,$0,$31,$2,$0,$0,$2,$4,$35,$8,$0,$0,$0,$8,$1,$20,$0,$27,$35,$1,$0,$0,$0,$-1,$-1,$0,$0,$-2,$-1,$-1,$0,$0,$0,$0,$0,$0,$-1,$-0,$0,$-0,$0,$0,$-1,$0,$-0,$-2,$0,$-1
29,2011-06-30,8.59,$10.60,0.81,$34.56,0.25,$-5.86,0.0,$0.82,10.47,$0.03B,$0.01B,4.99,$0.00B,$0.03B,0.0,$0.09B,$0.01B,16.47%,$0.09B,$0.00B,3.53%,$0.09B,$0.00B,3.53%,$0.09B,$0.00B,3.53%,$0.09B,$0.00B,3.53%,$0.09B,$0.00B,3.53%,$0.00B,$0.03B,11.65%,$0.00B,$0.03B,11.65%,$0.00B,$0.03B,9.16%,$0.00B,$0.03B,11.65%,$17,$14,$3,$0,$3,$16,$0,$0,$0,$0,$0,$0,$0,$0,$0,$2,2,$0.07,$0.07,$7,$13,$0,$28,$2,$0,$0,$2,$4,$31,$6,$0,$0,$0,$6,$1,$19,$0,$26,$31,$0,$0,$0,$0,$5,$-2,$-2,$0,$1,$1,$-0,$0,$0,$0,$0,$0,$0,$-0,$-0,$0,$-0,$0,$0,$-1,$0,$-0,$0,$0,$-1
30,2011-03-31,8.62,$10.79,0.8,$33.83,0.25,$-6.52,0.0,$0.87,9.91,$0.03B,$0.01B,3.85,$0.00B,$0.03B,0.0,$0.08B,$0.01B,16.87%,$0.08B,$0.00B,3.61%,$0.08B,$0.00B,3.61%,$0.08B,$0.00B,4.82%,$0.08B,$0.00B,3.61%,$0.08B,$0.00B,3.61%,$0.00B,$0.03B,11.88%,$0.00B,$0.03B,11.88%,$0.00B,$0.03B,9.23%,$0.00B,$0.03B,11.88%,$26,$21,$4,$0,$3,$25,$1,$0,$1,$1,$1,$1,$1,$1,$1,$2,2,$0.28,$0.29,$7,$12,$0,$31,$1,$0,$0,$2,$4,$34,$8,$0,$0,$0,$8,$1,$19,$0,$26,$34,$2,$0,$0,$1,$-6,$-5,$3,$0,$-7,$-5,$-0,$0,$0,$0,$2,$2,$0,$2,$-0,$0,$-0,$0,$0,$-1,$0,$-1,$-3,$0,$-1
31,2010-12-31,8.94,$10.51,0.85,$31.39,0.28,$-2.38,0.0,$0.80,11.17,$0.03B,$0.01B,3.4,$0.00B,$0.03B,0.0,$0.08B,$0.01B,18.18%,$0.08B,$0.00B,3.90%,$0.08B,$0.00B,3.90%,$0.08B,$0.00B,5.19%,$0.08B,$0.00B,3.90%,$0.08B,$0.00B,3.90%,$0.00B,$0.03B,12.00%,$0.00B,$0.03B,12.00%,$0.00B,$0.04B,9.52%,$0.00B,$0.03B,12.00%,$22,$19,$4,$0,$3,$21,$1,$0,$1,$0,$1,$1,$1,$1,$1,$2,2,$0.25,$0.24,$6,$13,$0,$31,$1,$0,$0,$2,$3,$35,$9,$0,$0,$0,$9,$1,$19,$0,$26,$35,$1,$0,$-0,$0,$-5,$-6,$5,$0,$-7,$-5,$-0,$0,$0,$0,$2,$2,$0,$2,$-0,$0,$-0,$0,$0,$-1,$0,$-1,$-4,$0,$-1
32,2010-09-30,8.19,$10.26,0.8,$31.36,0.26,$-0.91,0.0,$1.07,7.66,$0.03B,$0.01B,4.56,$0.00B,$0.03B,0.0,$0.08B,$0.01B,18.18%,$0.08B,$0.00B,5.19%,$0.08B,$0.00B,5.19%,$0.08B,$0.01B,6.49%,$0.08B,$0.00B,5.19%,$0.08B,$0.00B,3.90%,$0.00B,$0.03B,12.24%,$0.00B,$0.03B,12.24%,$0.00B,$0.03B,9.92%,$0.00B,$0.03B,16.33%,$20,$17,$3,$0,$2,$19,$1,$0,$1,$0,$1,$1,$1,$1,$1,$2,2,$0.23,$0.22,$6,$10,$0,$28,$1,$0,$0,$2,$3,$31,$6,$0,$0,$0,$6,$1,$18,$0,$25,$31,$1,$0,$-0,$0,$-4,$-4,$2,$0,$-6,$-5,$-0,$0,$0,$0,$1,$1,$0,$1,$-0,$0,$-0,$0,$0,$-1,$0,$-1,$-5,$0,$-1
33,2010-06-30,9.6,$10.04,0.96,$31.43,0.31,$0.03,326.4,$1.20,8.0,$0.03B,$0.01B,4.99,$0.00B,$0.02B,0.0,$0.08B,$0.02B,19.48%,$0.08B,$0.00B,5.19%,$0.08B,$0.00B,5.19%,$0.08B,$0.01B,6.49%,$0.08B,$0.00B,5.19%,$0.08B,$0.00B,3.90%,$0.00B,$0.02B,12.50%,$0.00B,$0.02B,12.50%,$0.00B,$0.03B,10.08%,$0.00B,$0.02B,16.67%,$15,$12,$3,$0,$2,$15,$0,$0,$0,$0,$0,$0,$0,$1,$0,$2,2,$0.12,$0.12,$10,$9,$0,$26,$1,$0,$0,$2,$3,$30,$5,$0,$0,$0,$5,$1,$18,$0,$24,$30,$0,$0,$-0,$-0,$0,$-2,$1,$0,$-1,$-1,$-0,$0,$0,$0,$-0,$-0,$0,$-0,$-0,$0,$-0,$0,$0,$-1,$0,$-1,$-2,$0,$-1
34,2010-03-31,10.2,$10.24,1.0,$33.23,0.31,$-0.82,0.0,$1.54,6.62,$0.03B,$0.01B,5.6,$0.00B,$0.03B,0.0,$0.08B,$0.02B,19.75%,$0.08B,$0.01B,7.41%,$0.08B,$0.01B,7.41%,$0.08B,$0.01B,7.41%,$0.08B,$0.01B,7.41%,$0.08B,$0.00B,4.94%,$0.00B,$0.03B,17.02%,$0.00B,$0.03B,17.02%,$0.00B,$0.03B,13.68%,$0.01B,$0.03B,25.53%,$20,$16,$4,$0,$3,$19,$1,$0,$1,$0,$1,$1,$1,$1,$1,$2,2,$0.23,$0.22,$12,$7,$0,$26,$1,$0,$0,$2,$3,$30,$5,$0,$0,$0,$5,$1,$18,$0,$25,$30,$4,$0,$1,$1,$1,$3,$-0,$-0,$1,$6,$-0,$0,$0,$0,$-1,$-1,$0,$-1,$-0,$0,$-0,$0,$0,$-1,$0,$-1,$3,$0,$-1
35,2009-12-31,8.45,$10.02,0.84,$33.73,0.25,$-0.28,0.0,$1.63,5.19,$0.03B,$0.01B,4.42,$0.00B,$0.02B,0.0,$0.08B,$0.02B,19.51%,$0.08B,$0.01B,7.32%,$0.08B,$0.01B,7.32%,$0.08B,$0.01B,7.32%,$0.08B,$0.01B,7.32%,$0.08B,$0.00B,4.88%,$0.00B,$0.02B,17.58%,$0.00B,$0.02B,17.58%,$0.00B,$0.03B,13.79%,$0.01B,$0.02B,26.37%,$22,$18,$4,$0,$3,$21,$2,$0,$2,$1,$1,$1,$1,$2,$2,$2,2,$0.51,$0.51,$5,$9,$0,$27,$1,$0,$0,$2,$3,$30,$6,$0,$0,$0,$6,$1,$18,$0,$24,$30,$3,$0,$0,$1,$-5,$1,$0,$0,$-5,$-1,$-0,$0,$0,$0,$0,$0,$0,$-0,$-0,$0,$-0,$0,$0,$-1,$0,$-1,$-3,$0,$-1
36,2009-09-30,8.64,$9.51,0.91,$34.36,0.25,$1.60,5.39,$1.52,5.69,$0.03B,$0.01B,4.54,$0.00B,$0.02B,0.0,$0.08B,$0.02B,19.05%,$0.08B,$0.01B,5.95%,$0.08B,$0.01B,5.95%,$0.08B,$0.01B,5.95%,$0.08B,$0.01B,7.14%,$0.08B,$0.00B,4.76%,$0.00B,$0.02B,18.18%,$0.00B,$0.02B,18.18%,$0.00B,$0.03B,13.91%,$0.01B,$0.02B,22.73%,$20,$16,$4,$0,$3,$19,$1,$0,$1,$1,$1,$1,$1,$1,$1,$2,2,$0.35,$0.35,$4,$10,$0,$25,$1,$0,$0,$2,$4,$29,$5,$0,$0,$0,$6,$1,$16,$0,$23,$29,$2,$0,$0,$1,$-4,$-0,$-0,$0,$-5,$-3,$-0,$0,$0,$0,$0,$0,$0,$-0,$-0,$0,$-0,$0,$0,$-1,$0,$-1,$-4,$0,$-1
37,2009-06-30,7.35,$9.14,0.8,$35.91,0.2,$3.47,2.12,$1.72,4.27,$0.02B,$0.01B,3.87,$0.00B,$0.02B,0.0,$0.09B,$0.02B,19.32%,$0.09B,$0.01B,6.82%,$0.09B,$0.01B,6.82%,$0.09B,$0.01B,6.82%,$0.09B,$0.01B,7.95%,$0.09B,$0.00B,4.55%,$0.00B,$0.02B,18.82%,$0.00B,$0.02B,18.82%,$0.00B,$0.03B,13.79%,$0.01B,$0.02B,28.24%,$19,$14,$4,$0,$3,$17,$2,$0,$2,$1,$1,$1,$1,$2,$2,$2,2,$0.46,$0.46,$4,$11,$0,$24,$2,$0,$0,$2,$4,$28,$6,$0,$0,$0,$6,$1,$15,$0,$22,$28,$1,$0,$-0,$0,$-3,$-1,$0,$0,$-4,$-3,$-0,$0,$0,$0,$-0,$-0,$0,$-0,$-0,$0,$-0,$0,$0,$-1,$0,$-1,$-4,$0,$-1
38,2009-03-31,4.93,$8.97,0.55,$37.34,0.13,$4.22,1.17,$1.81,2.72,$0.03B,$0.01B,3.34,$0.00B,$0.02B,0.0,$0.09B,$0.02B,19.78%,$0.09B,$0.01B,6.59%,$0.09B,$0.01B,6.59%,$0.09B,$0.01B,6.59%,$0.09B,$0.01B,7.69%,$0.09B,$0.00B,4.40%,$0.00B,$0.02B,19.75%,$0.00B,$0.02B,19.75%,$0.00B,$0.03B,13.79%,$0.01B,$0.02B,29.63%,$21,$17,$4,$0,$3,$19,$1,$-0,$1,$1,$1,$1,$1,$1,$1,$2,2,$0.31,$0.56,$8,$10,$0,$25,$2,$0,$0,$2,$4,$29,$8,$0,$0,$0,$8,$1,$15,$0,$22,$29,$4,$0,$0,$1,$6,$-2,$-3,$-0,$2,$7,$-0,$0,$0,$0,$1,$1,$0,$1,$-0,$0,$-0,$0,$0,$-1,$0,$-1,$7,$0,$-1
39,2008-12-31,5.06,$8.63,0.59,$38.68,0.13,$1.40,3.61,$2.05,2.47,$0.03B,$0.01B,3.16,$0.00B,$0.02B,0.0,$0.09B,$0.02B,20.21%,$0.09B,$0.01B,7.45%,$0.09B,$0.01B,7.45%,$0.09B,$0.01B,7.45%,$0.09B,$0.01B,8.51%,$0.09B,$0.00B,4.26%,$0.00B,$0.02B,20.78%,$0.00B,$0.02B,20.78%,$0.00B,$0.03B,14.04%,$0.01B,$0.02B,36.36%,$24,$19,$4,$0,$3,$22,$1,$0,$2,$1,$1,$1,$1,$1,$1,$2,2,$0.40,$0.40,$4,$10,$0,$25,$2,$0,$0,$2,$4,$29,$8,$0,$0,$0,$8,$1,$14,$0,$21,$29,$4,$0,$0,$1,$3,$-2,$-2,$-1,$-1,$3,$-0,$0,$0,$0,$0,$0,$0,$-0,$-0,$0,$-0,$0,$0,$-1,$0,$-1,$2,$0,$-1
40,2008-09-30,7.76,$8.18,0.95,$37.70,0.21,$0.02,311.64,$2.03,3.82,$0.03B,$0.01B,2.67,$0.00B,$0.02B,0.0,$0.09B,$0.02B,20.88%,$0.09B,$0.01B,7.69%,$0.09B,$0.01B,7.69%,$0.09B,$0.01B,8.79%,$0.09B,$0.01B,7.69%,$0.09B,$0.00B,4.40%,$0.00B,$0.02B,22.22%,$0.00B,$0.02B,22.22%,$0.00B,$0.03B,14.68%,$0.01B,$0.02B,38.36%,$24,$19,$5,$0,$3,$22,$2,$0,$2,$1,$1,$1,$1,$2,$2,$2,2,$0.55,$0.55,$3,$11,$0,$26,$2,$0,$0,$1,$4,$30,$10,$0,$0,$0,$10,$1,$13,$-0,$20,$30,$3,$0,$0,$0,$2,$-3,$-0,$0,$-1,$2,$-0,$0,$0,$0,$0,$0,$0,$-0,$-0,$0,$-0,$0,$0,$-1,$0,$-1,$1,$0,$-1
41,2008-06-30,8.65,$7.60,1.14,$35.01,0.25,$-1.32,0.0,$1.70,5.09,$0.02B,$0.01B,2.79,$0.00B,$0.02B,0.0,$0.08B,$0.02B,20.24%,$0.08B,$0.01B,7.14%,$0.08B,$0.01B,7.14%,$0.08B,$0.01B,8.33%,$0.08B,$0.01B,7.14%,$0.08B,$0.00B,4.76%,$0.00B,$0.02B,23.88%,$0.00B,$0.02B,23.88%,$0.00B,$0.03B,15.38%,$0.01B,$0.02B,33.80%,$22,$17,$5,$0,$3,$20,$2,$0,$2,$1,$1,$1,$1,$2,$2,$2,2,$0.55,$0.30,$0,$11,$0,$24,$2,$0,$0,$1,$4,$28,$9,$0,$0,$1,$9,$1,$12,$-0,$18,$28,$1,$0,$0,$0,$0,$-3,$0,$0,$-3,$-1,$-0,$0,$0,$0,$2,$2,$0,$2,$-0,$0,$-0,$0,$0,$-1,$0,$-1,$-0,$0,$-1
42,2008-03-31,8.02,$7.31,1.1,$32.17,0.25,$0.05,154.79,$1.40,5.73,$0.02B,$0.01B,2.82,$0.00B,$0.02B,0.03,$0.08B,$0.02B,19.23%,$0.08B,$0.01B,6.41%,$0.08B,$0.01B,6.41%,$0.08B,$0.01B,7.69%,$0.08B,$0.01B,6.41%,$0.08B,$0.00B,5.13%,$0.00B,$0.02B,25.00%,$0.00B,$0.02B,25.00%,$0.00B,$0.03B,16.16%,$0.01B,$0.02B,28.99%,$24,$19,$5,$0,$3,$22,$2,$0,$2,$1,$1,$1,$1,$2,$2,$2,2,$0.55,$-0.60,$2,$8,$0,$23,$2,$0,$0,$1,$4,$27,$8,$1,$0,$1,$10,$1,$11,$-0,$18,$27,$3,$0,$0,$1,$-4,$0,$0,$0,$-4,$0,$-0,$0,$0,$0,$-1,$-1,$0,$-2,$-0,$0,$-0,$-1,$-1,$-1,$0,$-1,$-3,$0,$-1
43,2007-12-31,7.55,$6.80,1.11,$29.51,0.26,$0.99,7.63,$1.27,5.94,$0.02B,$0.01B,3.27,$0.00B,$0.02B,0.04,$0.07B,$0.02B,20.55%,$0.07B,$0.01B,6.85%,$0.07B,$0.01B,6.85%,$0.07B,$0.01B,8.22%,$0.07B,$0.01B,6.85%,$0.07B,$0.00B,5.48%,$0.00B,$0.02B,26.23%,$0.00B,$0.02B,26.23%,$0.00B,$0.02B,16.49%,$0.01B,$0.02B,29.85%,$21,$17,$4,$0,$3,$20,$1,$0,$1,$1,$1,$1,$1,$2,$1,$2,2,$0.38,$0.38,$2,$9,$0,$20,$2,$0,$0,$1,$4,$24,$6,$1,$0,$1,$8,$1,$10,$0,$16,$24,$2,$0,$0,$1,$0,$-1,$-1,$-0,$-3,$0,$-0,$0,$0,$0,$0,$0,$0,$-0,$0,$0,$0,$-1,$-1,$-1,$0,$-1,$-1,$0,$-1
44,2007-09-30,8.55,$6.39,1.34,$27.30,0.31,$0.06,149.73,$1.00,8.55,$0.02B,$0.01B,3.21,$0.00B,$0.02B,0.16,$0.07B,$0.01B,20.29%,$0.07B,$0.01B,7.25%,$0.07B,$0.01B,7.25%,$0.07B,$0.01B,7.25%,$0.07B,$0.00B,5.80%,$0.07B,$0.00B,4.35%,$0.00B,$0.02B,20.00%,$0.00B,$0.02B,20.00%,$0.00B,$0.03B,12.00%,$0.01B,$0.02B,28.99%,$17,$14,$3,$0,$2,$17,$1,$-0,$1,$0,$1,$1,$1,$1,$1,$2,2,$0.22,$0.22,$3,$9,$0,$22,$2,$0,$0,$1,$4,$25,$7,$3,$0,$3,$10,$1,$9,$0,$15,$25,$1,$0,$-0,$0,$-1,$-1,$-1,$0,$-3,$-1,$-0,$0,$0,$0,$0,$0,$0,$-0,$2,$0,$2,$-1,$-1,$-1,$0,$1,$-1,$0,$-1
45,2007-06-30,8.35,$6.15,1.36,$25.66,0.33,$0.84,9.95,$0.92,9.08,$0.02B,$0.01B,3.01,$0.00B,$0.02B,0.04,$0.07B,$0.01B,20.90%,$0.07B,$0.01B,7.46%,$0.07B,$0.01B,7.46%,$0.07B,$0.01B,7.46%,$0.07B,$0.00B,5.97%,$0.07B,$0.00B,2.99%,$0.00B,$0.02B,13.33%,$0.00B,$0.02B,13.33%,$0.00B,$0.02B,7.92%,$0.01B,$0.02B,28.99%,$16,$12,$3,$0,$2,$15,$1,$-0,$1,$0,$1,$1,$1,$1,$1,$2,2,$0.25,$0.25,$5,$9,$0,$19,$2,$0,$0,$1,$4,$23,$6,$1,$0,$1,$8,$1,$9,$0,$15,$23,$1,$0,$0,$0,$3,$-0,$-1,$0,$1,$2,$-0,$0,$0,$0,$0,$0,$0,$-0,$-0,$0,$-0,$-1,$-1,$-1,$0,$-1,$1,$0,$-1
46,2007-03-31,6.47,$6.15,1.05,$25.26,0.26,$1.29,5.0,$0.94,6.88,$0.02B,$0.01B,2.62,$0.00B,$0.02B,0.04,$0.07B,$0.02B,22.39%,$0.07B,$0.01B,7.46%,$0.07B,$0.01B,7.46%,$0.07B,$0.01B,7.46%,$0.07B,$0.00B,5.97%,$0.07B,$0.00B,2.99%,$0.00B,$0.02B,13.33%,$0.00B,$0.02B,13.33%,$0.00B,$0.03B,7.92%,$0.01B,$0.02B,28.99%,$19,$14,$5,$0,$3,$17,$2,$-0,$2,$1,$1,$1,$1,$2,$2,$3,3,$0.42,$0.42,$4,$8,$0,$21,$2,$0,$0,$1,$4,$25,$8,$1,$0,$1,$9,$1,$9,$0,$15,$25,$2,$1,$0,$1,$1,$-2,$-0,$0,$-1,$2,$-0,$0,$0,$0,$0,$0,$0,$-0,$-0,$0,$-0,$-1,$-1,$-1,$0,$-2,$0,$0,$-1
47,2006-12-31,7.12,$5.78,1.23,$25.82,0.28,$0.50,14.17,$0.83,8.58,$0.02B,$0.01B,3.18,$0.00B,$0.02B,0.24,$0.07B,$0.01B,20.29%,$0.07B,$0.00B,5.80%,$0.07B,$0.00B,5.80%,$0.07B,$0.00B,5.80%,$0.07B,$0.00B,4.35%,$0.07B,$0.00B,2.90%,$0.00B,$0.02B,13.33%,$0.00B,$0.02B,13.33%,$0.00B,$0.03B,8.00%,$0.00B,$0.02B,23.53%,$17,$14,$3,$0,$2,$17,$1,$-0,$0,$0,$0,$0,$0,$1,$1,$3,3,$0.11,$0.11,$3,$10,$0,$23,$2,$0,$0,$1,$4,$27,$7,$4,$0,$4,$12,$1,$8,$0,$15,$27,$1,$0,$0,$1,$-0,$-4,$0,$0,$-5,$-3,$-0,$0,$0,$0,$0,$0,$0,$-0,$3,$0,$3,$-0,$-0,$-1,$0,$2,$-0,$0,$-1
