,Date,Stock Price,Book Value per Share,Price to Book Ratio,TTM Sales per Share,Price to Sales Ratio,TTM FCF per Share,Price to FCF Ratio,TTM Net EPS,PE Ratio,Current Assets,Current Liabilities,Current Ratio,Long Term Debt,Shareholder's Equity_x,Debt to Equity Ratio,TTM Revenue_x,TTM Gross Profit,Gross Margin,TTM Revenue_y,TTM Operating Income,Operating Margin,TTM Revenue_x,TTM EBIT,EBIT Margin,TTM Revenue_y,TTM EBITDA,EBITDA Margin,TTM Revenue_x,TTM Pre-Tax Income,Pre-Tax Margin,TTM Revenue_y,TTM Net Income_x,Net Margin,TTM Net Income_y,Shareholder's Equity_y,Return on Equity,TTM Net Income_x,Tangible Equity,Return on Tangible Equity,TTM Net Income_y,Total Assets,Return on Assets,TTM Net Income,LT Investments & Debt,Return on Investment,revenue,cost-goods-sold,gross-profit,research-development-expenses,selling-general-administrative-expenses,operating-expenses,operating-income,total-non-operating-income-expense,pre-tax-income,total-provision-income-taxes,income-after-taxes,income-from-continuous-operations,net-income,ebitda,ebit,basic-shares-outstanding,shares-outstanding,eps-basic-net-earnings-per-share,eps-earnings-per-share-diluted,cash-on-hand,inventory,other-current-assets,total-current-assets,net-property-plant-equipment,long-term-investments,goodwill-intangible-assets-total,other-long-term-assets,total-long-term-assets,total-assets,total-current-liabilities,long-term-debt,other-non-current-liabilities,total-long-term-liabilities,total-liabilities,common-stock-net,retained-earnings-accumulated-deficit,comprehensive-income,total-share-holder-equity,total-liabilities-share-holders-equity,net-income-loss,total-depreciation-amortization-cash-flow,other-non-cash-items,total-non-cash-items,change-in-accounts-receivable,change-in-inventories,change-in-accounts-payable,change-in-assets-liabilities,total-change-in-assets-liabilities,cash-flow-from-operating-activities,net-change-in-property-plant-equipment,net-change-in-intangible-assets,net-acquisitions-divestitures,net-change-in-short-term-investments,net-change-in-long-term-investments,net-change-in-investments-total,investing-activities-other,cash-flow-from-investing-activities,net-long-term-debt,net-current-debt,debt-issuance-retirement-net-total,net-common-equity-issued-repurchased,net-total-equity-issued-repurchased,total-common-preferred-stock-dividends-paid,financial-activities-other,cash-flow-from-financial-activities,net-cash-flow,stock-based-compensation,common-stock-dividends-paid
0,2018-09-30,74.44,$25.11,2.96,$36.26,2.05,$6.20,12.0,$3.35,22.22,$8.08B,$7.42B,1.09,$3.14B,$4.61B,0.68,$6.71B,$1.95B,29.00%,$6.71B,$0.62B,9.21%,$6.71B,$0.62B,9.21%,$6.71B,$1.02B,15.24%,$6.71B,$0.48B,7.22%,$6.71B,$0.57B,8.50%,$0.57B,$4.61B,12.66%,$0.57B,$-1.66B,-37.48%,$0.57B,$16.12B,3.60%,$0.62B,$7.75B,8.30%,$1779,$1275,$504,$0,$0,$1652,$127,$-37,$90,$-48,$138,$138,$128,$233,$127,$183,187,$0.70,$0.68,$2261,$0,$952,$8084,$429,$0,$6273,$585,$8031,$16115,$7423,$3141,$862,$4079,$11502,$184,$1518,$-673,$4613,$16115,$548,$309,$-192,$117,$-782,$0,$729,$-57,$-160,$505,$-91,$0,$-576,$0,$-0,$-0,$13,$-654,$0,$409,$409,$59,$59,$-226,$-85,$157,$-45,$42,$-226
1,2018-06-30,65.28,$24.72,2.64,$35.47,1.84,$6.72,9.71,$3.38,19.31,$8.37B,$7.57B,1.11,$3.14B,$4.51B,0.7,$6.52B,$1.90B,29.18%,$6.52B,$0.60B,9.18%,$6.52B,$0.60B,9.18%,$6.52B,$1.00B,15.29%,$6.52B,$0.47B,7.22%,$6.52B,$0.55B,8.48%,$0.55B,$4.51B,12.59%,$0.55B,$-1.62B,-36.37%,$0.55B,$16.23B,3.68%,$0.60B,$7.65B,8.28%,$1660,$1167,$494,$0,$0,$1523,$138,$-34,$104,$-20,$124,$124,$115,$242,$138,$182,186,$0.63,$0.62,$2345,$0,$878,$8365,$428,$0,$6135,$587,$7866,$16231,$7569,$3141,$931,$4149,$11717,$183,$1466,$-651,$4513,$16231,$410,$203,$-146,$57,$-1097,$0,$1107,$-32,$-154,$313,$-63,$0,$-395,$0,$0,$0,$12,$-446,$0,$361,$361,$36,$36,$-151,$-44,$202,$40,$28,$-151
2,2018-03-31,68.31,$25.18,2.71,$34.72,1.97,$6.45,10.59,$3.71,18.41,$8.53B,$7.74B,1.1,$2.79B,$4.59B,0.61,$6.35B,$1.84B,28.89%,$6.35B,$0.55B,8.61%,$6.35B,$0.55B,8.61%,$6.35B,$0.94B,14.74%,$6.35B,$0.42B,6.63%,$6.35B,$0.51B,8.00%,$0.51B,$4.59B,11.98%,$0.51B,$-1.29B,-32.76%,$0.51B,$16.13B,3.60%,$0.55B,$7.38B,7.86%,$1838,$1207,$631,$0,$0,$1564,$274,$-31,$242,$-44,$286,$286,$274,$372,$274,$182,185,$1.51,$1.48,$2109,$0,$749,$8533,$424,$0,$5876,$586,$7594,$16128,$7742,$2792,$934,$3801,$11543,$182,$1427,$-500,$4585,$16128,$286,$99,$-63,$36,$-1505,$0,$979,$136,$-539,$-218,$-31,$0,$-57,$0,$-1,$-1,$2,$-87,$0,$140,$140,$21,$21,$-76,$-15,$70,$-196,$15,$-76
3,2017-12-31,62.52,$23.76,2.63,$33.90,1.84,$7.72,8.1,$2.54,24.61,$7.27B,$6.73B,1.08,$2.69B,$4.30B,0.63,$6.16B,$1.77B,28.77%,$6.16B,$0.50B,8.17%,$6.16B,$0.50B,8.17%,$6.16B,$0.89B,14.40%,$6.16B,$0.38B,6.15%,$6.16B,$0.46B,7.52%,$0.46B,$4.30B,11.50%,$0.46B,$-1.51B,-27.38%,$0.46B,$14.91B,3.56%,$0.50B,$6.99B,7.64%,$1430,$1114,$316,$0,$0,$1351,$79,$-31,$48,$-13,$61,$61,$53,$175,$79,$180,182,$0.29,$0.27,$2305,$0,$882,$7269,$412,$0,$5809,$567,$7640,$14910,$6730,$2692,$1113,$3880,$10610,$181,$1222,$-555,$4300,$14910,$499,$386,$-157,$229,$-220,$0,$334,$-60,$126,$854,$-129,$0,$-376,$0,$-9,$-9,$3,$-511,$348,$-87,$261,$43,$43,$-283,$-68,$-48,$367,$51,$-283
4,2017-09-30,60.45,$23.08,2.62,$33.81,1.79,$6.16,9.82,$2.50,24.18,$5.09B,$4.71B,1.08,$2.74B,$4.17B,0.66,$6.12B,$1.85B,30.29%,$6.12B,$0.52B,8.52%,$6.12B,$0.52B,8.52%,$6.12B,$0.90B,14.69%,$6.12B,$0.40B,6.54%,$6.12B,$0.51B,8.26%,$0.51B,$4.17B,13.06%,$0.51B,$-1.66B,-28.89%,$0.51B,$12.81B,4.15%,$0.52B,$6.91B,8.29%,$1594,$1132,$462,$0,$0,$1485,$108,$-31,$77,$-41,$118,$118,$111,$208,$108,$181,183,$0.61,$0.61,$2181,$0,$680,$5087,$413,$0,$5832,$560,$7723,$12810,$4705,$2742,$1191,$3933,$8638,$181,$1062,$-499,$4172,$12810,$438,$289,$-105,$184,$-800,$0,$756,$23,$-30,$593,$-94,$0,$-303,$0,$-9,$-9,$3,$-402,$0,$163,$163,$50,$50,$-212,$-48,$-47,$243,$38,$-212
5,2017-06-30,55.85,$21.70,2.57,$33.39,1.67,$4.71,11.86,$2.48,22.52,$5.11B,$4.86B,1.05,$2.65B,$3.91B,0.68,$6.00B,$1.80B,29.92%,$6.00B,$0.54B,8.93%,$6.00B,$0.54B,8.93%,$6.00B,$0.90B,15.03%,$6.00B,$0.42B,6.96%,$6.00B,$0.52B,8.61%,$0.52B,$3.91B,13.76%,$0.52B,$-1.74B,-29.61%,$0.52B,$12.57B,4.40%,$0.54B,$6.56B,8.93%,$1490,$1064,$426,$0,$0,$1404,$86,$-32,$54,$-24,$78,$78,$70,$181,$86,$180,182,$0.39,$0.39,$2069,$0,$664,$5107,$388,$0,$5652,$561,$7462,$12570,$4858,$2645,$1157,$3802,$8660,$180,$1003,$-662,$3910,$12570,$320,$189,$-67,$122,$-1534,$0,$1379,$43,$-182,$261,$-66,$0,$-214,$0,$-6,$-6,$3,$-283,$0,$259,$259,$35,$35,$-142,$-33,$119,$131,$25,$-142
6,2017-03-31,54.78,$20.76,2.64,$33.19,1.65,$3.78,14.49,$2.37,23.11,$4.48B,$4.79B,0.94,$2.15B,$3.73B,0.58,$5.94B,$1.84B,30.99%,$5.94B,$0.62B,10.35%,$5.94B,$0.62B,10.35%,$5.94B,$0.97B,16.40%,$5.94B,$0.50B,8.45%,$5.94B,$0.60B,10.05%,$0.60B,$3.73B,16.16%,$0.60B,$-1.85B,-34.30%,$0.60B,$11.78B,5.21%,$0.62B,$5.87B,10.49%,$1646,$1079,$568,$0,$0,$1417,$230,$-30,$200,$-42,$242,$242,$229,$323,$230,$179,181,$1.28,$1.27,$1822,$0,$594,$4483,$376,$0,$5579,$536,$7297,$11781,$4785,$2145,$1124,$3269,$8053,$180,$902,$-699,$3727,$11781,$242,$94,$-31,$63,$-1559,$0,$1119,$92,$-289,$16,$-29,$0,$-137,$0,$-5,$-5,$1,$-170,$0,$89,$89,$20,$20,$-71,$-18,$20,$-116,$10,$-71
7,2016-12-31,50.0,$20.50,2.44,$31.39,1.59,$4.07,12.28,$2.32,21.55,$4.42B,$4.61B,0.96,$2.15B,$3.66B,0.59,$5.59B,$1.65B,29.44%,$5.59B,$0.47B,8.35%,$5.59B,$0.47B,8.35%,$5.59B,$0.82B,14.60%,$5.59B,$0.36B,6.40%,$5.59B,$0.42B,7.42%,$0.42B,$3.66B,11.29%,$0.42B,$-1.74B,-24.33%,$0.42B,$11.49B,3.71%,$0.47B,$5.80B,8.01%,$1385,$989,$396,$0,$0,$1288,$97,$-28,$69,$-32,$101,$101,$95,$186,$97,$178,178,$0.53,$0.53,$1938,$0,$634,$4416,$378,$0,$5395,$504,$7074,$11490,$4612,$2145,$1078,$3222,$7834,$178,$916,$-764,$3656,$11490,$445,$351,$-115,$236,$-240,$0,$240,$-90,$-31,$650,$-218,$0,$-243,$0,$-32,$-32,$8,$-485,$326,$71,$397,$-55,$-55,$-272,$-81,$-12,$45,$43,$-272
8,2016-09-30,48.59,$21.03,2.31,$31.34,1.55,$5.04,9.64,$2.14,22.71,$4.21B,$4.40B,0.96,$2.05B,$3.74B,0.55,$5.54B,$1.64B,29.51%,$5.54B,$0.42B,7.65%,$5.54B,$0.42B,7.65%,$5.54B,$0.78B,14.05%,$5.54B,$0.32B,5.72%,$5.54B,$0.38B,6.89%,$0.38B,$3.74B,10.37%,$0.38B,$-1.65B,-22.61%,$0.38B,$11.20B,3.46%,$0.42B,$5.79B,7.29%,$1482,$1076,$406,$0,$0,$1359,$123,$-29,$95,$-36,$130,$130,$123,$212,$123,$178,179,$0.69,$0.69,$1929,$0,$601,$4214,$214,$0,$5393,$630,$6987,$11200,$4399,$2045,$1016,$3060,$7459,$178,$890,$-621,$3741,$11200,$344,$262,$-93,$169,$-14,$0,$88,$-104,$-96,$369,$-139,$0,$-147,$0,$-22,$-22,$7,$-301,$0,$328,$328,$-64,$-64,$-204,$-70,$-10,$51,$33,$-204
9,2016-06-30,45.12,$20.65,2.18,$31.26,1.44,$5.19,8.69,$2.20,20.51,$4.49B,$4.38B,1.02,$2.34B,$3.66B,0.64,$5.52B,$1.66B,30.11%,$5.52B,$0.43B,7.83%,$5.52B,$0.43B,7.83%,$5.52B,$0.78B,14.14%,$5.52B,$0.33B,5.95%,$5.52B,$0.39B,7.11%,$0.39B,$3.66B,10.66%,$0.39B,$-1.72B,-23.33%,$0.39B,$11.38B,3.60%,$0.43B,$6.00B,7.41%,$1427,$956,$471,$0,$0,$1262,$165,$-27,$138,$-18,$156,$156,$150,$253,$165,$177,178,$0.85,$0.84,$1842,$0,$605,$4486,$214,$0,$5376,$607,$6899,$11384,$4384,$2344,$1000,$3345,$7729,$177,$835,$-604,$3656,$11384,$214,$173,$-43,$129,$-411,$0,$474,$-148,$-174,$129,$-103,$0,$-97,$0,$-12,$-12,$3,$-209,$0,$277,$277,$-80,$-80,$-136,$-45,$15,$-69,$22,$-136
10,2016-03-31,41.83,$20.62,2.03,$31.25,1.34,$5.30,7.9,$2.17,19.28,$3.94B,$4.02B,0.98,$2.07B,$3.65B,0.57,$5.46B,$1.64B,30.03%,$5.46B,$0.42B,7.73%,$5.46B,$0.42B,7.73%,$5.46B,$0.76B,13.99%,$5.46B,$0.32B,5.84%,$5.46B,$0.38B,6.98%,$0.38B,$3.65B,10.33%,$0.38B,$-1.71B,-23.02%,$0.38B,$10.71B,3.56%,$0.42B,$5.72B,7.29%,$1300,$927,$374,$0,$0,$1219,$82,$-26,$56,$-2,$58,$58,$47,$166,$82,$177,178,$0.26,$0.26,$1729,$0,$504,$3940,$218,$0,$5366,$528,$6773,$10713,$4022,$2072,$966,$3038,$7060,$177,$753,$-535,$3652,$10713,$58,$84,$-15,$69,$-44,$0,$-114,$161,$-19,$100,$-62,$0,$-45,$0,$-7,$-7,$2,$-111,$0,$67,$67,$-24,$-24,$-69,$-16,$-42,$-55,$9,$-69
11,2015-12-31,38.14,$20.85,1.83,$31.30,1.22,$5.65,6.75,$2.04,18.7,$4.21B,$4.19B,1.01,$2.07B,$3.69B,0.56,$5.39B,$1.61B,29.91%,$5.39B,$0.40B,7.36%,$5.39B,$0.40B,7.36%,$5.39B,$0.73B,13.56%,$5.39B,$0.29B,5.45%,$5.39B,$0.36B,6.60%,$0.36B,$3.69B,9.94%,$0.36B,$-1.67B,-20.85%,$0.36B,$10.91B,3.40%,$0.40B,$5.76B,6.97%,$1335,$950,$385,$0,$0,$1281,$54,$-26,$28,$-40,$68,$68,$62,$148,$54,$172,173,$0.36,$0.37,$1893,$0,$587,$4214,$249,$0,$5362,$443,$6697,$10911,$4187,$2072,$964,$3035,$7222,$177,$775,$-523,$3688,$10911,$389,$334,$-106,$229,$-259,$0,$252,$-124,$68,$686,$-99,$0,$-250,$0,$-30,$-30,$9,$-369,$0,$79,$79,$203,$203,$-258,$-56,$-32,$211,$34,$-258
12,2015-09-30,38.13,$20.98,1.82,$31.67,1.2,$4.56,8.35,$2.00,19.07,$4.02B,$3.73B,1.08,$2.13B,$3.71B,0.57,$5.30B,$1.58B,29.71%,$5.30B,$0.40B,7.51%,$5.30B,$0.40B,7.51%,$5.30B,$0.71B,13.43%,$5.30B,$0.30B,5.58%,$5.30B,$0.35B,6.53%,$0.35B,$3.71B,9.92%,$0.35B,$-1.61B,-19.56%,$0.35B,$10.51B,3.38%,$0.40B,$5.83B,7.09%,$1455,$1024,$431,$0,$0,$1324,$131,$-26,$106,$-35,$141,$141,$133,$213,$131,$176,177,$0.76,$0.75,$1719,$0,$700,$4020,$201,$0,$5321,$480,$6490,$10510,$3729,$2125,$948,$3073,$6803,$177,$778,$-496,$3708,$10510,$321,$240,$-67,$173,$-142,$0,$219,$-120,$-18,$327,$-72,$0,$-177,$0,$-21,$-21,$9,$-260,$0,$17,$17,$199,$199,$-193,$-23,$1,$55,$25,$-193
13,2015-06-30,43.32,$21.27,2.04,$31.41,1.38,$4.35,9.95,$1.83,23.67,$4.26B,$3.91B,1.09,$2.13B,$3.71B,0.57,$5.13B,$1.54B,30.00%,$5.13B,$0.39B,7.56%,$5.13B,$0.39B,7.56%,$5.13B,$0.69B,13.50%,$5.13B,$0.29B,5.55%,$5.13B,$0.31B,5.98%,$0.31B,$3.71B,9.10%,$0.31B,$-1.62B,-16.88%,$0.31B,$10.72B,3.04%,$0.39B,$5.84B,7.06%,$1371,$922,$450,$0,$0,$1217,$155,$-26,$129,$-19,$148,$148,$139,$237,$155,$171,172,$0.82,$0.81,$1766,$0,$731,$4261,$198,$0,$5331,$488,$6455,$10716,$3905,$2125,$974,$3099,$7005,$175,$711,$-339,$3712,$10716,$180,$159,$-25,$134,$-294,$0,$325,$-171,$-166,$89,$-46,$0,$-67,$0,$-8,$-8,$4,$-116,$0,$-15,$-15,$188,$188,$-127,$-10,$37,$7,$16,$-127
14,2015-03-31,42.49,$19.31,2.2,$31.00,1.37,$5.26,8.07,$1.72,24.7,$3.60B,$3.44B,1.05,$2.13B,$3.22B,0.66,$4.94B,$1.47B,29.72%,$4.94B,$0.37B,7.41%,$4.94B,$0.37B,7.41%,$4.94B,$0.65B,13.13%,$4.94B,$0.27B,5.42%,$4.94B,$0.28B,5.61%,$0.28B,$3.22B,8.50%,$0.28B,$-1.92B,-15.69%,$0.28B,$9.73B,2.79%,$0.37B,$5.35B,6.80%,$1231,$885,$347,$0,$0,$1175,$57,$-26,$31,$-2,$32,$32,$22,$133,$57,$166,167,$0.13,$0.13,$1463,$0,$588,$3595,$191,$0,$5142,$409,$6136,$9731,$3439,$2125,$948,$3073,$6511,$167,$636,$-380,$3220,$9731,$32,$76,$15,$91,$-96,$0,$-81,$225,$58,$113,$-18,$0,$-22,$0,$-1,$-1,$1,$-40,$0,$-53,$-53,$18,$18,$-63,$-7,$-104,$-38,$6,$-63
15,2014-12-31,42.45,$20.08,2.11,$30.35,1.4,$5.16,8.22,$1.95,21.77,$3.81B,$3.64B,1.05,$2.13B,$3.31B,0.64,$4.63B,$1.40B,30.26%,$4.63B,$0.38B,8.21%,$4.63B,$0.38B,8.21%,$4.63B,$0.64B,13.83%,$4.63B,$0.29B,6.31%,$4.63B,$0.30B,6.57%,$0.30B,$3.31B,10.17%,$0.30B,$-1.92B,-19.51%,$0.30B,$10.01B,3.26%,$0.38B,$5.43B,7.69%,$1245,$898,$348,$0,$0,$1190,$55,$-26,$30,$-25,$55,$55,$52,$129,$55,$153,154,$0.32,$0.33,$1682,$0,$667,$3811,$195,$0,$5226,$385,$6199,$10010,$3643,$2125,$937,$3062,$6705,$165,$676,$-261,$3305,$10010,$328,$259,$-99,$160,$69,$0,$60,$-236,$90,$437,$-82,$0,$-1918,$0,$-20,$-20,$8,$-2012,$1200,$-383,$817,$997,$997,$-223,$-27,$1564,$16,$34,$-223
16,2014-09-30,40.6,$20.17,2.01,$29.10,1.4,$5.00,8.12,$2.09,19.42,$3.97B,$3.77B,1.05,$2.13B,$3.26B,0.65,$4.27B,$1.31B,30.77%,$4.27B,$0.41B,9.48%,$4.27B,$0.41B,9.48%,$4.27B,$0.64B,15.01%,$4.27B,$0.33B,7.68%,$4.27B,$0.31B,7.31%,$0.31B,$3.26B,11.62%,$0.31B,$-1.81B,-22.89%,$0.31B,$9.99B,3.66%,$0.41B,$5.38B,9.40%,$1287,$891,$396,$0,$0,$1166,$121,$-26,$95,$-6,$101,$101,$94,$194,$121,$160,162,$0.58,$0.58,$1633,$0,$671,$3972,$197,$0,$5067,$399,$6016,$9988,$3770,$2125,$837,$2962,$6732,$161,$684,$-84,$3256,$9988,$252,$185,$-37,$149,$-74,$0,$39,$-196,$-109,$258,$-60,$0,$-1835,$0,$-20,$-20,$3,$-1911,$1200,$-347,$853,$961,$961,$-164,$-18,$1631,$-8,$25,$-164
17,2014-06-30,41.39,$20.44,2.03,$27.50,1.51,$5.36,7.72,$2.08,19.9,$4.44B,$3.88B,1.15,$2.13B,$3.25B,0.65,$3.82B,$1.19B,31.26%,$3.82B,$0.38B,10.03%,$3.82B,$0.38B,10.03%,$3.82B,$0.59B,15.47%,$3.82B,$0.32B,8.35%,$3.82B,$0.29B,7.67%,$0.29B,$3.25B,12.45%,$0.29B,$-1.41B,-26.65%,$0.29B,$10.02B,3.89%,$0.38B,$5.38B,10.48%,$1179,$801,$379,$0,$0,$1046,$133,$-21,$112,$-2,$114,$114,$109,$193,$133,$154,156,$0.71,$0.70,$2083,$0,$360,$4440,$194,$0,$4659,$397,$5579,$10019,$3875,$2125,$770,$2895,$6770,$159,$648,$54,$3250,$10019,$158,$112,$-43,$69,$-170,$0,$45,$33,$-38,$223,$-42,$0,$-1402,$0,$-20,$-20,$3,$-1461,$1300,$-239,$1062,$948,$948,$-106,$-8,$1895,$675,$16,$-106
18,2014-03-31,41.93,$15.87,2.64,$25.97,1.61,$4.50,9.33,$2.11,19.87,$3.20B,$3.03B,1.05,$1.43B,$2.14B,0.67,$3.42B,$1.10B,32.21%,$3.42B,$0.36B,10.49%,$3.42B,$0.36B,10.49%,$3.42B,$0.55B,16.08%,$3.42B,$0.30B,8.89%,$3.42B,$0.28B,8.13%,$0.28B,$2.14B,14.14%,$0.28B,$-1.09B,-31.09%,$0.28B,$7.28B,4.33%,$0.36B,$3.57B,12.10%,$915,$637,$278,$0,$0,$844,$71,$-16,$55,$-3,$58,$58,$49,$124,$71,$134,136,$0.37,$0.36,$1655,$0,$290,$3198,$166,$0,$3236,$383,$4078,$7276,$3034,$1425,$673,$2098,$5131,$135,$597,$7,$2144,$7276,$49,$53,$-25,$28,$41,$0,$-195,$49,$1,$84,$-20,$0,$-24,$0,$-3,$-3,$2,$-45,$600,$-163,$437,$18,$18,$-49,$-4,$402,$441,$7,$-49
19,2013-12-31,41.04,$15.61,2.63,$24.52,1.67,$4.35,9.43,$2.07,19.83,$2.88B,$3.29B,0.88,$0.83B,$2.09B,0.4,$3.18B,$1.06B,33.21%,$3.18B,$0.34B,10.75%,$3.18B,$0.34B,10.75%,$3.18B,$0.52B,16.35%,$3.18B,$0.29B,9.15%,$3.18B,$0.27B,8.49%,$0.27B,$2.09B,14.62%,$0.27B,$-1.14B,-35.33%,$0.27B,$6.86B,4.57%,$0.34B,$2.91B,12.80%,$890,$629,$261,$0,$0,$811,$80,$-14,$66,$-10,$76,$76,$60,$130,$80,$129,131,$0.46,$0.44,$1326,$0,$261,$2876,$160,$0,$3224,$321,$3985,$6861,$3285,$825,$665,$1490,$4775,$134,$596,$-3,$2086,$6861,$269,$179,$-27,$152,$-91,$0,$114,$-128,$-58,$373,$-94,$0,$-728,$0,$-36,$-36,$6,$-852,$200,$402,$602,$76,$76,$-183,$-15,$480,$-4,$27,$-183
20,2013-09-30,37.88,$14.69,2.58,$23.20,1.63,$4.60,8.24,$1.89,20.04,$2.55B,$2.58B,0.99,$0.83B,$1.93B,0.43,$2.96B,$1.02B,34.42%,$2.96B,$0.32B,10.73%,$2.96B,$0.32B,10.73%,$2.96B,$0.48B,16.30%,$2.96B,$0.27B,9.11%,$2.96B,$0.24B,8.23%,$0.24B,$1.93B,14.03%,$0.24B,$-0.76B,-38.39%,$0.24B,$5.97B,4.41%,$0.32B,$2.76B,12.52%,$836,$559,$276,$0,$0,$737,$99,$-13,$86,$11,$75,$75,$75,$144,$99,$130,131,$0.57,$0.57,$1211,$0,$261,$2547,$148,$0,$2690,$302,$3424,$5970,$2578,$825,$635,$1460,$4038,$132,$583,$-42,$1932,$5970,$209,$128,$-37,$92,$51,$0,$-7,$-125,$-22,$279,$-70,$0,$-333,$0,$-31,$-31,$3,$-431,$200,$7,$207,$65,$65,$-136,$6,$141,$-15,$16,$-136
21,2013-06-30,37.6,$13.33,2.82,$22.05,1.7,$4.16,9.04,$1.82,20.66,$2.60B,$2.34B,1.11,$0.93B,$1.70B,0.54,$2.78B,$0.99B,35.76%,$2.78B,$0.31B,11.02%,$2.78B,$0.31B,11.02%,$2.78B,$0.46B,16.67%,$2.78B,$0.26B,9.36%,$2.78B,$0.23B,8.32%,$0.23B,$1.70B,13.87%,$0.23B,$-0.59B,-41.16%,$0.23B,$5.56B,4.37%,$0.31B,$2.63B,12.54%,$780,$492,$287,$0,$0,$670,$109,$-12,$97,$4,$94,$94,$94,$152,$109,$127,129,$0.73,$0.73,$1154,$0,$204,$2603,$123,$0,$2291,$271,$2960,$5562,$2344,$925,$591,$1516,$3860,$128,$555,$-73,$1702,$5562,$134,$83,$-28,$55,$-168,$0,$171,$-115,$-115,$74,$-36,$0,$-113,$0,$-19,$-19,$3,$-165,$200,$-129,$71,$51,$51,$-90,$5,$37,$-62,$9,$-90
22,2013-03-31,35.27,$13.13,2.69,$21.37,1.65,$4.16,8.47,$1.68,20.99,$2.30B,$2.22B,1.04,$0.73B,$1.67B,0.44,$2.65B,$0.96B,36.38%,$2.65B,$0.30B,11.30%,$2.65B,$0.30B,11.30%,$2.65B,$0.45B,16.96%,$2.65B,$0.25B,9.60%,$2.65B,$0.21B,7.90%,$0.21B,$1.67B,13.00%,$0.21B,$-0.57B,-39.55%,$0.21B,$5.23B,4.03%,$0.30B,$2.39B,12.88%,$674,$442,$232,$0,$0,$621,$54,$-11,$42,$2,$41,$41,$41,$94,$54,$126,128,$0.32,$0.32,$1023,$0,$228,$2301,$109,$0,$2237,$320,$2924,$5225,$2215,$725,$620,$1345,$3560,$127,$506,$-55,$1665,$5225,$41,$40,$-10,$31,$15,$0,$-36,$-39,$-20,$51,$-9,$0,$-19,$0,$-5,$-5,$0,$-33,$0,$-79,$-79,$27,$27,$-44,$4,$-92,$-78,$3,$-44
23,2012-12-31,29.32,$13.21,2.22,$20.72,1.41,$3.30,8.87,$1.60,18.32,$2.43B,$2.36B,1.03,$0.73B,$1.66B,0.44,$2.52B,$0.92B,36.35%,$2.52B,$0.29B,11.43%,$2.52B,$0.29B,11.43%,$2.52B,$0.43B,17.02%,$2.52B,$0.25B,9.72%,$2.52B,$0.20B,7.78%,$0.20B,$1.66B,12.80%,$0.20B,$-0.62B,-39.62%,$0.20B,$5.35B,3.90%,$0.29B,$2.38B,12.91%,$673,$448,$225,$0,$0,$617,$56,$-11,$45,$12,$34,$34,$34,$93,$56,$121,123,$0.27,$0.26,$1154,$0,$180,$2430,$105,$0,$2282,$283,$2923,$5352,$2363,$725,$606,$1331,$3694,$126,$510,$-33,$1659,$5352,$195,$140,$-3,$137,$16,$0,$33,$-72,$11,$343,$-51,$0,$-344,$0,$2,$2,$11,$-382,$50,$119,$169,$81,$81,$-204,$1,$46,$11,$16,$-204
24,2012-09-30,30.03,$13.15,2.28,$20.37,1.47,$3.04,9.89,$1.68,17.87,$2.33B,$2.09B,1.11,$0.73B,$1.64B,0.44,$2.43B,$0.89B,36.66%,$2.43B,$0.29B,11.96%,$2.43B,$0.29B,11.96%,$2.43B,$0.43B,17.65%,$2.43B,$0.25B,10.19%,$2.43B,$0.20B,8.37%,$0.20B,$1.64B,14.22%,$0.20B,$-0.46B,-44.42%,$0.20B,$5.01B,4.22%,$0.29B,$2.36B,13.71%,$650,$402,$249,$0,$0,$563,$87,$-11,$76,$15,$62,$62,$62,$124,$87,$123,125,$0.50,$0.50,$1111,$0,$183,$2325,$101,$0,$2097,$246,$2684,$5009,$2090,$725,$558,$1283,$3373,$124,$520,$-26,$1636,$5009,$162,$104,$16,$119,$67,$0,$-56,$-84,$-102,$179,$-36,$0,$-138,$0,$11,$11,$9,$-154,$50,$-10,$40,$61,$61,$-120,$4,$-15,$14,$12,$-120
25,2012-06-30,29.12,$12.17,2.39,$20.12,1.45,$3.21,9.06,$1.59,18.32,$2.63B,$2.44B,1.08,$0.68B,$1.47B,0.46,$2.34B,$0.86B,36.66%,$2.34B,$0.28B,12.15%,$2.34B,$0.28B,12.15%,$2.34B,$0.42B,17.75%,$2.34B,$0.24B,10.35%,$2.34B,$0.19B,8.04%,$0.19B,$1.47B,14.21%,$0.19B,$-0.46B,-41.82%,$0.19B,$5.13B,4.07%,$0.28B,$2.15B,14.21%,$650,$393,$257,$0,$0,$548,$102,$-11,$91,$19,$72,$72,$72,$138,$102,$120,121,$0.60,$0.59,$1106,$0,$158,$2632,$101,$0,$1931,$232,$2502,$5134,$2442,$675,$544,$1219,$3661,$121,$501,$-48,$1473,$5134,$100,$67,$6,$73,$-300,$0,$350,$-108,$-110,$63,$-27,$0,$-77,$0,$13,$13,$8,$-82,$0,$38,$38,$49,$49,$-79,$2,$10,$-9,$8,$-79
26,2012-03-31,29.39,$11.47,2.56,$19.64,1.5,$3.58,8.22,$1.37,21.45,$2.23B,$2.04B,1.09,$0.68B,$1.36B,0.5,$2.23B,$0.81B,36.26%,$2.23B,$0.26B,11.59%,$2.23B,$0.26B,11.59%,$2.23B,$0.38B,17.05%,$2.23B,$0.22B,9.71%,$2.23B,$0.16B,7.07%,$0.16B,$1.36B,12.58%,$0.16B,$-0.44B,-35.65%,$0.16B,$4.60B,3.53%,$0.26B,$2.03B,13.41%,$547,$362,$185,$0,$0,$504,$43,$-11,$33,$4,$28,$28,$28,$74,$43,$116,118,$0.24,$0.24,$980,$0,$165,$2225,$96,$0,$1794,$252,$2378,$4603,$2044,$675,$527,$1202,$3246,$118,$471,$-36,$1357,$4603,$28,$31,$6,$37,$-33,$0,$-16,$29,$-115,$-50,$-13,$0,$-17,$0,$13,$13,$5,$-12,$0,$82,$82,$27,$27,$-39,$-0,$70,$11,$3,$-39
27,2011-12-31,27.24,$10.84,2.51,$19.06,1.43,$3.96,6.89,$1.27,21.45,$2.20B,$2.07B,1.06,$0.68B,$1.24B,0.54,$2.13B,$0.78B,36.41%,$2.13B,$0.25B,11.67%,$2.13B,$0.25B,11.67%,$2.13B,$0.37B,17.10%,$2.13B,$0.21B,9.75%,$2.13B,$0.15B,6.79%,$0.15B,$1.24B,12.05%,$0.15B,$-0.47B,-36.16%,$0.15B,$4.48B,3.41%,$0.25B,$1.92B,13.26%,$578,$381,$198,$0,$0,$521,$58,$-10,$47,$7,$41,$41,$41,$92,$58,$112,113,$0.36,$0.36,$984,$0,$189,$2199,$91,$0,$1717,$236,$2284,$4484,$2074,$675,$491,$1166,$3240,$115,$483,$-47,$1244,$4484,$144,$115,$31,$146,$48,$0,$-56,$-1,$-7,$284,$-46,$0,$-265,$0,$-15,$-15,$14,$-311,$125,$10,$135,$73,$73,$-146,$4,$66,$41,$21,$-146
28,2011-09-30,21.21,$10.80,1.96,$18.29,1.16,$3.78,5.61,$1.43,14.83,$2.09B,$1.94B,1.08,$0.68B,$1.22B,0.55,$2.02B,$0.74B,36.67%,$2.02B,$0.23B,11.22%,$2.02B,$0.23B,11.22%,$2.02B,$0.33B,16.48%,$2.02B,$0.19B,9.28%,$2.02B,$0.16B,7.89%,$0.16B,$1.22B,13.60%,$0.16B,$-0.43B,-45.69%,$0.16B,$4.25B,3.95%,$0.23B,$1.89B,12.47%,$563,$346,$217,$0,$0,$482,$81,$-10,$71,$24,$47,$47,$47,$111,$81,$113,113,$0.41,$0.41,$960,$0,$147,$2089,$91,$0,$1649,$205,$2159,$4247,$1944,$675,$409,$1084,$3028,$113,$480,$-12,$1219,$4247,$104,$81,$38,$119,$89,$0,$-80,$-1,$-37,$186,$-35,$0,$-242,$0,$-4,$-4,$13,$-268,$125,$0,$125,$54,$54,$-109,$2,$72,$-8,$17,$-109
29,2011-06-30,22.73,$10.72,2.12,$17.69,1.28,$4.29,5.29,$1.46,15.57,$2.42B,$2.29B,1.06,$0.68B,$1.20B,0.56,$1.92B,$0.71B,36.81%,$1.92B,$0.22B,11.70%,$1.92B,$0.22B,11.70%,$1.92B,$0.32B,16.87%,$1.92B,$0.19B,9.71%,$1.92B,$0.16B,8.25%,$0.16B,$1.20B,14.15%,$0.16B,$-0.43B,-52.19%,$0.16B,$4.58B,4.12%,$0.22B,$1.88B,12.95%,$546,$337,$210,$0,$0,$470,$77,$-11,$66,$24,$42,$42,$42,$104,$77,$111,112,$0.38,$0.37,$996,$0,$127,$2416,$88,$0,$1635,$209,$2166,$4582,$2287,$675,$417,$1092,$3379,$112,$471,$4,$1203,$4582,$57,$52,$18,$70,$-214,$0,$262,$-23,$-31,$96,$-22,$0,$-215,$0,$0,$0,$12,$-225,$125,$35,$160,$46,$46,$-72,$2,$136,$13,$13,$-72
30,2011-03-31,23.94,$10.40,2.3,$17.20,1.39,$4.36,5.49,$1.51,15.85,$1.75B,$1.49B,1.18,$0.68B,$1.15B,0.59,$1.83B,$0.68B,37.12%,$1.83B,$0.22B,12.03%,$1.83B,$0.22B,12.03%,$1.83B,$0.32B,17.28%,$1.83B,$0.18B,10.06%,$1.83B,$0.16B,8.75%,$0.16B,$1.15B,15.13%,$0.16B,$-0.27B,-62.50%,$0.16B,$3.69B,4.47%,$0.22B,$1.82B,13.42%,$447,$295,$152,$0,$0,$414,$33,$-10,$24,$8,$15,$15,$15,$58,$33,$109,110,$0.14,$0.14,$913,$0,$118,$1750,$79,$0,$1415,$204,$1941,$3691,$1485,$675,$384,$1059,$2544,$110,$467,$7,$1147,$3691,$15,$25,$6,$31,$46,$0,$-53,$22,$-55,$-8,$-8,$0,$-19,$0,$0,$0,$1,$-26,$125,$0,$125,$26,$26,$-35,$2,$118,$83,$2,$-35
31,2010-12-31,22.65,$10.21,2.22,$17.83,1.27,$4.49,5.04,$1.65,13.72,$1.73B,$1.58B,1.09,$0.55B,$1.11B,0.5,$1.86B,$0.68B,36.64%,$1.86B,$0.24B,12.82%,$1.86B,$0.24B,12.82%,$1.86B,$0.33B,17.76%,$1.86B,$0.20B,10.89%,$1.86B,$0.17B,9.33%,$0.17B,$1.11B,17.40%,$0.17B,$-0.26B,-68.04%,$0.17B,$3.60B,5.03%,$0.24B,$1.66B,15.42%,$459,$299,$160,$0,$0,$425,$35,$-9,$26,$-20,$46,$46,$55,$59,$35,$105,105,$0.52,$0.52,$850,$0,$126,$1726,$76,$0,$1367,$182,$1870,$3596,$1577,$550,$362,$912,$2489,$108,$488,$2,$1107,$3596,$163,$93,$37,$130,$-15,$0,$-12,$-21,$-64,$230,$-25,$0,$-80,$0,$9,$9,$3,$-93,$0,$0,$0,$36,$36,$-134,$1,$-96,$44,$16,$-134
32,2010-09-30,20.31,$9.54,2.13,$17.79,1.14,$4.42,4.6,$1.30,15.63,$1.69B,$1.53B,1.1,$0.55B,$1.01B,0.54,$1.84B,$0.67B,36.63%,$1.84B,$0.24B,12.99%,$1.84B,$0.24B,12.99%,$1.84B,$0.33B,17.93%,$1.84B,$0.21B,11.25%,$1.84B,$0.14B,7.39%,$0.14B,$1.01B,14.37%,$0.14B,$-0.25B,-51.81%,$0.14B,$3.46B,4.03%,$0.24B,$1.56B,15.97%,$463,$281,$183,$0,$0,$384,$79,$-9,$70,$24,$46,$46,$46,$102,$79,$106,106,$0.44,$0.44,$862,$0,$123,$1690,$76,$0,$1260,$190,$1771,$3461,$1532,$550,$367,$917,$2449,$106,$468,$-3,$1011,$3461,$117,$69,$21,$90,$11,$0,$57,$-56,$5,$212,$-18,$0,$-44,$0,$13,$13,$0,$-49,$0,$0,$0,$26,$26,$-100,$1,$-73,$90,$12,$-100
33,2010-06-30,18.55,$9.18,2.02,$17.73,1.05,$4.33,4.29,$1.27,14.61,$1.82B,$1.69B,1.08,$0.55B,$0.97B,0.57,$1.82B,$0.67B,36.71%,$1.82B,$0.23B,12.71%,$1.82B,$0.23B,12.71%,$1.82B,$0.32B,17.67%,$1.82B,$0.20B,11.01%,$1.82B,$0.13B,7.26%,$0.13B,$0.97B,14.49%,$0.13B,$-0.25B,-48.31%,$0.13B,$3.56B,3.98%,$0.23B,$1.52B,16.23%,$460,$276,$184,$0,$0,$387,$73,$-9,$64,$22,$42,$42,$44,$97,$73,$104,105,$0.42,$0.42,$796,$0,$112,$1824,$79,$0,$1211,$186,$1732,$3556,$1690,$550,$351,$901,$2590,$105,$456,$-13,$965,$3556,$71,$46,$17,$63,$-203,$0,$222,$-42,$-45,$90,$-13,$0,$-25,$0,$13,$13,$0,$-25,$0,$0,$0,$23,$23,$-66,$2,$-41,$24,$7,$-66
34,2010-03-31,18.45,$8.85,2.09,$17.84,1.03,$4.23,4.36,$1.29,14.3,$1.52B,$1.42B,1.07,$0.55B,$0.92B,0.6,$1.81B,$0.67B,36.78%,$1.81B,$0.24B,13.31%,$1.81B,$0.24B,13.31%,$1.81B,$0.33B,18.11%,$1.81B,$0.21B,11.60%,$1.81B,$0.13B,7.29%,$0.13B,$0.92B,15.00%,$0.13B,$-0.27B,-45.21%,$0.13B,$3.23B,3.95%,$0.24B,$1.47B,17.79%,$482,$326,$156,$0,$0,$431,$52,$-9,$43,$14,$29,$29,$29,$73,$52,$103,103,$0.28,$0.28,$733,$0,$123,$1522,$80,$0,$1183,$183,$1710,$3232,$1421,$550,$345,$895,$2315,$104,$446,$-9,$917,$3232,$29,$22,$5,$26,$33,$0,$-25,$-5,$-52,$4,$-6,$0,$-4,$0,$13,$13,$0,$3,$0,$35,$35,$12,$12,$-33,$1,$15,$21,$2,$-33
35,2009-12-31,16.7,$8.71,1.92,$17.24,0.97,$3.86,4.33,$1.28,13.05,$1.54B,$1.47B,1.04,$0.55B,$0.89B,0.62,$1.73B,$0.66B,38.15%,$1.73B,$0.24B,13.87%,$1.73B,$0.24B,13.87%,$1.73B,$0.33B,18.84%,$1.73B,$0.21B,12.20%,$1.73B,$0.13B,7.46%,$0.13B,$0.89B,15.18%,$0.13B,$-0.29B,-41.18%,$0.13B,$3.25B,3.89%,$0.24B,$1.44B,18.64%,$435,$284,$151,$0,$0,$400,$35,$-5,$30,$11,$19,$19,$17,$58,$35,$101,101,$0.16,$0.16,$729,$0,$118,$1540,$81,$0,$1181,$178,$1710,$3250,$1474,$550,$333,$883,$2357,$103,$450,$-9,$893,$3250,$133,$86,$69,$154,$22,$0,$-84,$32,$-76,$212,$-24,$0,$-45,$0,$-27,$-27,$1,$-95,$150,$-132,$18,$7,$7,$-128,$-3,$-105,$12,$16,$-128
36,2009-09-30,17.83,$8.54,2.09,$17.29,1.03,$3.35,5.32,$1.17,15.24,$1.57B,$1.63B,0.96,$0.40B,$0.87B,0.46,$1.71B,$0.66B,38.55%,$1.71B,$0.22B,13.06%,$1.71B,$0.22B,13.06%,$1.71B,$0.31B,17.98%,$1.71B,$0.20B,11.66%,$1.71B,$0.12B,6.85%,$0.12B,$0.87B,14.42%,$0.12B,$-0.29B,-36.45%,$0.12B,$3.24B,3.53%,$0.22B,$1.27B,18.41%,$440,$263,$176,$0,$0,$368,$71,$-8,$63,$22,$42,$42,$42,$93,$71,$101,102,$0.41,$0.41,$790,$0,$111,$1566,$83,$25,$1161,$134,$1676,$3241,$1631,$400,$342,$742,$2372,$102,$466,$-28,$869,$3241,$114,$63,$61,$124,$55,$0,$-41,$-11,$-40,$196,$-18,$0,$-34,$0,$-7,$-7,$0,$-59,$0,$-1,$-1,$6,$6,$-95,$-3,$-94,$44,$11,$-95
37,2009-06-30,15.42,$8.30,1.86,$17.49,0.88,$2.62,5.89,$1.16,13.29,$1.98B,$2.07B,0.96,$0.40B,$0.84B,0.48,$1.70B,$0.66B,38.94%,$1.70B,$0.21B,12.51%,$1.70B,$0.21B,12.51%,$1.70B,$0.29B,17.23%,$1.70B,$0.19B,10.91%,$1.70B,$0.11B,6.67%,$0.11B,$0.84B,14.34%,$0.11B,$-0.32B,-38.90%,$0.11B,$3.65B,3.42%,$0.21B,$1.24B,17.85%,$454,$270,$183,$0,$0,$371,$83,$-8,$74,$30,$44,$44,$44,$104,$83,$101,101,$0.44,$0.44,$830,$0,$116,$1981,$86,$18,$1161,$129,$1672,$3653,$2071,$400,$342,$742,$2813,$101,$458,$-32,$840,$3653,$72,$42,$37,$78,$-308,$0,$335,$-52,$-73,$78,$-14,$0,$-32,$0,$0,$0,$0,$-45,$0,$61,$61,$4,$4,$-63,$-3,$-1,$32,$7,$-63
38,2009-03-31,12.1,$7.97,1.52,$17.58,0.69,$2.01,6.03,$1.16,10.43,$1.45B,$1.58B,0.91,$0.40B,$0.80B,0.5,$1.67B,$0.66B,39.52%,$1.67B,$0.21B,12.46%,$1.67B,$0.21B,12.46%,$1.67B,$0.29B,17.13%,$1.67B,$0.18B,10.78%,$1.67B,$0.11B,6.59%,$0.11B,$0.80B,14.48%,$0.11B,$-0.35B,-45.45%,$0.11B,$3.11B,3.36%,$0.21B,$1.20B,17.94%,$401,$251,$150,$0,$0,$350,$51,$-7,$44,$15,$28,$28,$26,$71,$51,$98,98,$0.27,$0.27,$737,$0,$132,$1445,$86,$18,$1150,$119,$1664,$3109,$1580,$400,$330,$730,$2310,$100,$446,$-41,$798,$3109,$28,$20,$16,$36,$152,$0,$-183,$-27,$-98,$-34,$-5,$0,$-24,$0,$0,$0,$0,$-30,$0,$90,$90,$2,$2,$-31,$0,$62,$-2,$2,$-31
39,2008-12-31,18.11,$7.66,2.36,$17.53,1.03,$1.64,11.06,$0.82,22.08,$1.70B,$1.86B,0.92,$0.40B,$0.74B,0.54,$1.65B,$0.65B,39.45%,$1.65B,$0.19B,11.67%,$1.65B,$0.19B,11.67%,$1.65B,$0.28B,16.96%,$1.65B,$0.16B,9.91%,$1.65B,$0.08B,4.74%,$0.08B,$0.74B,10.62%,$0.08B,$-0.32B,-43.70%,$0.08B,$3.27B,2.34%,$0.19B,$1.14B,16.92%,$412,$263,$149,$0,$0,$394,$18,$0,$18,$6,$12,$12,$5,$40,$18,$94,94,$0.06,$0.05,$746,$0,$130,$1702,$89,$18,$1058,$104,$1569,$3271,$1859,$400,$274,$674,$2533,$96,$452,$-40,$739,$3271,$111,$87,$4,$91,$73,$0,$-102,$29,$-42,$161,$-32,$0,$-241,$0,$11,$11,$0,$-262,$0,$132,$132,$21,$21,$-119,$5,$40,$-62,$18,$-119
40,2008-09-30,17.7,$8.16,2.17,$17.38,1.02,$2.45,7.22,$1.02,17.36,$1.74B,$1.82B,0.96,$0.40B,$0.78B,0.52,$1.64B,$0.67B,40.78%,$1.64B,$0.23B,14.24%,$1.64B,$0.23B,14.24%,$1.64B,$0.33B,19.84%,$1.64B,$0.20B,11.87%,$1.64B,$0.10B,5.84%,$0.10B,$0.78B,13.17%,$0.10B,$-0.17B,-88.07%,$0.10B,$3.20B,2.82%,$0.23B,$1.18B,20.73%,$428,$250,$178,$0,$0,$368,$60,$-11,$49,$8,$42,$42,$38,$78,$60,$94,95,$0.40,$0.40,$843,$0,$117,$1744,$88,$23,$945,$123,$1453,$3197,$1818,$400,$204,$604,$2422,$95,$478,$7,$775,$3197,$100,$66,$-2,$64,$99,$0,$-66,$-11,$-21,$121,$-25,$0,$-165,$0,$8,$8,$0,$-182,$0,$118,$118,$20,$20,$-88,$5,$55,$-6,$14,$-88
41,2008-06-30,16.43,$7.78,2.11,$17.14,0.96,$2.72,6.04,$1.16,14.17,$2.13B,$2.16B,0.99,$0.40B,$0.73B,0.55,$1.63B,$0.67B,41.45%,$1.63B,$0.26B,15.74%,$1.63B,$0.26B,15.74%,$1.63B,$0.35B,21.22%,$1.63B,$0.21B,13.04%,$1.63B,$0.11B,6.77%,$0.11B,$0.73B,15.12%,$0.11B,$-0.13B,-257.31%,$0.11B,$3.51B,3.15%,$0.26B,$1.13B,22.71%,$429,$246,$183,$0,$0,$350,$79,$-10,$69,$28,$42,$42,$41,$98,$79,$93,94,$0.44,$0.44,$913,$0,$115,$2133,$0,$25,$853,$216,$1377,$3510,$2162,$400,$221,$621,$2783,$93,$471,$8,$726,$3510,$58,$48,$-7,$41,$-215,$0,$314,$-98,$-80,$19,$-16,$0,$-100,$0,$13,$13,$0,$-103,$0,$105,$105,$12,$12,$-58,$2,$61,$-23,$10,$-58
42,2008-03-31,15.9,$7.53,2.11,$16.89,0.94,$3.26,4.88,$1.16,13.71,$2.02B,$2.02B,1.0,$0.40B,$0.70B,0.57,$1.63B,$0.69B,42.46%,$1.63B,$0.28B,17.05%,$1.63B,$0.28B,17.05%,$1.63B,$0.36B,22.28%,$1.63B,$0.20B,12.49%,$1.63B,$0.11B,6.95%,$0.11B,$0.70B,15.23%,$0.11B,$-0.10B,496.70%,$0.11B,$3.34B,3.19%,$0.28B,$1.10B,26.59%,$376,$237,$139,$0,$0,$341,$35,$-8,$27,$11,$16,$16,$-6,$64,$35,$92,93,$-0.07,$-0.07,$843,$0,$115,$2021,$0,$26,$796,$209,$1320,$3341,$2022,$400,$220,$620,$2642,$93,$460,$8,$699,$3341,$16,$29,$-22,$7,$79,$0,$-13,$-73,$-87,$-63,$-8,$0,$-37,$0,$3,$3,$0,$-43,$0,$56,$56,$7,$7,$-29,$1,$35,$-71,$4,$-29
43,2007-12-31,16.07,$7.78,2.07,$16.59,0.97,$3.52,4.56,$1.43,11.23,$2.28B,$2.23B,1.02,$0.40B,$0.72B,0.56,$1.62B,$0.71B,43.84%,$1.62B,$0.31B,19.15%,$1.62B,$0.31B,19.15%,$1.62B,$0.38B,23.52%,$1.62B,$0.20B,12.32%,$1.62B,$0.14B,8.56%,$0.14B,$0.72B,17.73%,$0.14B,$-0.04B,129.30%,$0.14B,$3.56B,3.91%,$0.31B,$1.12B,31.61%,$410,$240,$170,$0,$0,$350,$60,$-10,$50,$15,$35,$35,$23,$86,$60,$96,97,$0.25,$0.25,$865,$0,$107,$2276,$88,$26,$756,$118,$1281,$3557,$2232,$400,$209,$609,$2841,$92,$496,$7,$716,$3557,$155,$72,$-4,$67,$143,$0,$-152,$83,$30,$252,$-41,$0,$-215,$0,$10,$10,$0,$-246,$397,$0,$397,$-240,$-240,$-119,$3,$42,$48,$19,$-119
44,2007-09-30,19.0,$8.19,2.32,$15.93,1.19,$2.07,9.18,$1.43,13.29,$2.37B,$2.18B,1.09,$0.40B,$0.77B,0.52,$1.57B,$0.70B,44.66%,$1.57B,$0.32B,20.13%,$1.57B,$0.32B,20.13%,$1.57B,$0.38B,24.03%,$1.57B,$0.17B,10.67%,$1.57B,$0.14B,9.01%,$0.14B,$0.77B,17.17%,$0.14B,$0.10B,70.06%,$0.14B,$3.57B,4.00%,$0.32B,$1.17B,33.96%,$411,$229,$182,$0,$0,$329,$82,$-16,$66,$14,$52,$52,$52,$97,$82,$95,96,$0.55,$0.54,$1005,$0,$118,$2370,$2,$27,$675,$188,$1201,$3571,$2180,$400,$221,$621,$2802,$94,$501,$10,$769,$3571,$120,$46,$-2,$43,$186,$0,$-166,$-12,$-9,$149,$-26,$0,$-116,$0,$0,$0,$1,$-141,$397,$0,$397,$-175,$-175,$-90,$3,$136,$143,$15,$-90
45,2007-06-30,18.09,$8.21,2.2,$15.92,1.14,$1.26,14.39,$1.40,12.92,$2.55B,$2.70B,0.94,$0.00B,$0.78B,0.0,$1.58B,$0.72B,45.59%,$1.58B,$0.34B,21.46%,$1.58B,$0.34B,21.46%,$1.58B,$0.40B,25.33%,$1.58B,$0.16B,10.29%,$1.58B,$0.14B,8.83%,$0.14B,$0.78B,16.54%,$0.14B,$0.14B,51.72%,$0.14B,$3.70B,3.99%,$0.34B,$0.78B,38.74%,$428,$229,$199,$0,$0,$327,$100,$-40,$60,$14,$46,$46,$44,$115,$100,$97,99,$0.45,$0.44,$946,$0,$107,$2545,$2,$27,$648,$185,$1157,$3702,$2699,$0,$220,$220,$2919,$95,$478,$8,$783,$3702,$67,$31,$0,$31,$-53,$0,$174,$-84,$-25,$73,$-17,$0,$-98,$0,$0,$0,$1,$-114,$-3,$230,$226,$-125,$-125,$-60,$2,$43,$3,$10,$-60
46,2007-03-31,18.18,$8.78,2.07,$15.37,1.18,$0.23,78.01,$1.33,13.67,$2.27B,$2.31B,0.98,$0.00B,$0.87B,0.0,$1.52B,$0.67B,44.14%,$1.52B,$0.30B,19.76%,$1.52B,$0.30B,19.76%,$1.52B,$0.36B,23.65%,$1.52B,$0.15B,9.88%,$1.52B,$0.13B,8.70%,$0.13B,$0.87B,15.63%,$0.13B,$0.24B,41.12%,$0.13B,$3.39B,3.81%,$0.30B,$0.87B,33.21%,$375,$214,$161,$0,$0,$306,$69,$-45,$24,$3,$21,$21,$20,$84,$69,$99,100,$0.20,$0.20,$845,$0,$117,$2269,$4,$30,$626,$173,$1123,$3392,$2313,$0,$211,$211,$2524,$99,$464,$5,$868,$3392,$21,$16,$56,$72,$124,$0,$-110,$-45,$-134,$-41,$-10,$0,$-80,$0,$0,$0,$1,$-89,$-0,$117,$117,$-8,$-8,$-30,$1,$81,$-49,$4,$-30
47,2006-12-31,18.76,$8.78,2.14,$14.97,1.25,$-0.31,0.0,$1.30,14.43,$2.38B,$2.40B,0.99,$0.03B,$0.86B,0.03,$1.47B,$0.63B,42.90%,$1.47B,$0.27B,18.15%,$1.47B,$0.27B,18.15%,$1.47B,$0.32B,21.96%,$1.47B,$0.16B,10.54%,$1.47B,$0.13B,8.77%,$0.13B,$0.86B,15.68%,$0.13B,$0.33B,37.10%,$0.13B,$3.42B,3.79%,$0.27B,$0.89B,29.42%,$351,$194,$157,$0,$0,$287,$64,$-47,$17,$-8,$25,$25,$25,$80,$64,$97,98,$0.24,$0.26,$846,$0,$108,$2376,$33,$33,$530,$162,$1044,$3420,$2401,$26,$129,$155,$2556,$98,$475,$5,$864,$3420,$128,$56,$9,$65,$-11,$0,$16,$-70,$-89,$105,$-33,$0,$-81,$0,$10,$10,$8,$-96,$-3,$0,$-3,$-9,$-9,$-114,$8,$-119,$-110,$25,$-114
