,Date,Stock Price,Book Value per Share,Price to Book Ratio,TTM Sales per Share,Price to Sales Ratio,TTM FCF per Share,Price to FCF Ratio,TTM Net EPS,PE Ratio,Current Assets,Current Liabilities,Current Ratio,Long Term Debt,Shareholder's Equity_x,Debt to Equity Ratio,TTM Revenue_x,TTM Gross Profit,Gross Margin,TTM Revenue_y,TTM Operating Income,Operating Margin,TTM Revenue_x,TTM EBIT,EBIT Margin,TTM Revenue_y,TTM EBITDA,EBITDA Margin,TTM Revenue_x,TTM Pre-Tax Income,Pre-Tax Margin,TTM Revenue_y,TTM Net Income_x,Net Margin,TTM Net Income_y,Shareholder's Equity_y,Return on Equity,TTM Net Income_x,Tangible Equity,Return on Tangible Equity,TTM Net Income_y,Total Assets,Return on Assets,TTM Net Income,LT Investments & Debt,Return on Investment,revenue,cost-goods-sold,gross-profit,research-development-expenses,selling-general-administrative-expenses,operating-expenses,operating-income,total-non-operating-income-expense,pre-tax-income,total-provision-income-taxes,income-after-taxes,income-from-continuous-operations,net-income,ebitda,ebit,basic-shares-outstanding,shares-outstanding,eps-basic-net-earnings-per-share,eps-earnings-per-share-diluted,cash-on-hand,inventory,other-current-assets,total-current-assets,net-property-plant-equipment,long-term-investments,goodwill-intangible-assets-total,other-long-term-assets,total-long-term-assets,total-assets,total-current-liabilities,long-term-debt,other-non-current-liabilities,total-long-term-liabilities,total-liabilities,common-stock-net,retained-earnings-accumulated-deficit,comprehensive-income,total-share-holder-equity,total-liabilities-share-holders-equity,net-income-loss,total-depreciation-amortization-cash-flow,other-non-cash-items,total-non-cash-items,change-in-accounts-receivable,change-in-inventories,change-in-accounts-payable,change-in-assets-liabilities,total-change-in-assets-liabilities,cash-flow-from-operating-activities,net-change-in-property-plant-equipment,net-change-in-intangible-assets,net-acquisitions-divestitures,net-change-in-short-term-investments,net-change-in-long-term-investments,net-change-in-investments-total,investing-activities-other,cash-flow-from-investing-activities,net-long-term-debt,net-current-debt,debt-issuance-retirement-net-total,net-common-equity-issued-repurchased,net-total-equity-issued-repurchased,total-common-preferred-stock-dividends-paid,financial-activities-other,cash-flow-from-financial-activities,net-cash-flow,stock-based-compensation,common-stock-dividends-paid
0,2018-09-30,73.15,$19.25,3.8,$15.62,4.68,$6.50,11.26,$1.31,55.84,$2.43B,$1.20B,2.03,$0.87B,$3.16B,0.27,$2.67B,$1.73B,64.85%,$2.67B,$0.28B,10.36%,$2.67B,$0.28B,10.36%,$2.67B,$0.73B,27.15%,$2.67B,$0.27B,9.91%,$2.67B,$0.23B,8.53%,$0.23B,$3.16B,6.83%,$0.23B,$1.49B,13.79%,$0.23B,$5.36B,4.49%,$0.28B,$4.02B,7.04%,$670,$239,$430,$61,$245,$553,$117,$-6,$111,$3,$108,$108,$108,$238,$117,$166,168,$0.65,$0.64,$1802,$0,$0,$2430,$884,$257,$1666,$103,$2934,$5364,$1196,$865,$124,$1012,$2208,$2,$-525,$-48,$3156,$5364,$204,$346,$164,$510,$-14,$0,$0,$14,$8,$722,$-288,$0,$-0,$-387,$0,$-387,$-3,$-678,$870,$0,$870,$-453,$-453,$0,$-57,$360,$392,$139,$0
1,2018-06-30,73.23,$20.35,3.6,$15.27,4.8,$5.64,12.99,$1.02,71.79,$2.48B,$1.14B,2.19,$0.86B,$3.45B,0.25,$2.63B,$1.70B,64.80%,$2.63B,$0.25B,9.55%,$2.63B,$0.25B,9.55%,$2.63B,$0.68B,25.91%,$2.63B,$0.25B,9.36%,$2.63B,$0.18B,7.00%,$0.18B,$3.45B,5.47%,$0.18B,$1.77B,10.73%,$0.18B,$5.61B,3.78%,$0.25B,$4.30B,6.42%,$663,$235,$427,$60,$302,$606,$57,$-6,$52,$8,$43,$43,$43,$172,$57,$170,172,$0.25,$0.25,$1857,$0,$0,$2484,$853,$412,$1679,$132,$3121,$5605,$1136,$855,$143,$1023,$2159,$2,$-632,$-42,$3445,$5605,$97,$224,$91,$315,$-17,$0,$0,$44,$-0,$412,$-202,$0,$-0,$-327,$0,$-327,$-0,$-530,$871,$0,$871,$-31,$-31,$0,$-46,$793,$664,$92,$0
2,2018-03-31,70.98,$19.82,3.58,$14.92,4.76,$5.45,13.02,$1.10,64.53,$1.46B,$1.13B,1.29,$0.00B,$3.39B,0.0,$2.57B,$1.67B,64.84%,$2.57B,$0.28B,10.89%,$2.57B,$0.28B,10.89%,$2.57B,$0.69B,26.76%,$2.57B,$0.28B,10.89%,$2.57B,$0.20B,7.70%,$0.20B,$3.39B,5.95%,$0.20B,$1.69B,11.58%,$0.20B,$4.69B,4.32%,$0.28B,$3.39B,7.33%,$669,$235,$434,$65,$277,$600,$69,$-1,$68,$14,$54,$54,$54,$178,$69,$170,172,$0.32,$0.31,$812,$0,$0,$1460,$845,$512,$1692,$133,$3227,$4687,$1131,$0,$145,$170,$1301,$2,$-676,$-18,$3386,$4687,$54,$109,$44,$153,$-18,$0,$0,$35,$-15,$192,$-113,$0,$-0,$2,$0,$2,$-1,$-111,$0,$0,$0,$3,$3,$0,$-34,$-31,$51,$45,$0
3,2017-12-31,65.04,$19.79,3.29,$14.45,4.5,$5.29,12.3,$1.25,52.03,$1.35B,$0.46B,2.95,$0.66B,$3.36B,0.2,$2.50B,$1.63B,65.07%,$2.50B,$0.32B,12.63%,$2.50B,$0.32B,12.63%,$2.50B,$0.71B,28.22%,$2.50B,$0.32B,12.67%,$2.50B,$0.22B,8.75%,$0.22B,$3.36B,6.65%,$0.22B,$1.66B,12.45%,$0.22B,$4.65B,4.84%,$0.32B,$4.03B,8.00%,$672,$230,$443,$60,$289,$638,$34,$0,$34,$11,$23,$23,$23,$138,$34,$172,173,$0.14,$0.13,$712,$0,$0,$1346,$863,$568,$1700,$136,$3303,$4649,$457,$663,$143,$830,$1286,$2,$-691,$-22,$3362,$4649,$218,$391,$205,$597,$-64,$0,$0,$17,$-14,$801,$-415,$0,$-369,$326,$0,$326,$-2,$-460,$0,$0,$0,$-306,$-306,$0,$-59,$-365,$-11,$164,$0
4,2017-09-30,48.72,$19.28,2.53,$14.06,3.47,$6.20,7.86,$1.66,29.35,$1.30B,$0.43B,3.01,$0.66B,$3.27B,0.2,$2.45B,$1.60B,65.33%,$2.45B,$0.41B,16.60%,$2.45B,$0.41B,16.60%,$2.45B,$0.78B,31.89%,$2.45B,$0.41B,16.72%,$2.45B,$0.29B,11.77%,$0.29B,$3.27B,8.83%,$0.29B,$1.74B,15.96%,$0.29B,$4.51B,6.46%,$0.41B,$3.93B,10.39%,$624,$225,$399,$57,$242,$533,$91,$0,$92,$28,$64,$64,$64,$193,$91,$171,172,$0.37,$0.37,$752,$0,$0,$1296,$884,$662,$1535,$114,$3213,$4509,$430,$657,$129,$806,$1236,$2,$-762,$-25,$3273,$4509,$195,$287,$149,$436,$-9,$0,$0,$-40,$-28,$604,$-308,$0,$-197,$249,$0,$249,$-1,$-257,$0,$0,$0,$-265,$-265,$0,$-49,$-314,$45,$122,$0
5,2017-06-30,49.81,$19.11,2.61,$13.74,3.62,$7.03,7.09,$1.74,28.63,$1.24B,$0.40B,3.1,$0.65B,$3.29B,0.2,$2.41B,$1.58B,65.63%,$2.41B,$0.43B,17.75%,$2.41B,$0.43B,17.75%,$2.41B,$0.79B,32.75%,$2.41B,$0.43B,17.83%,$2.41B,$0.30B,12.47%,$0.30B,$3.29B,9.27%,$0.30B,$1.75B,16.31%,$0.30B,$4.49B,6.79%,$0.43B,$3.94B,11.01%,$606,$215,$391,$53,$241,$520,$86,$0,$86,$29,$57,$57,$57,$179,$86,$173,173,$0.33,$0.33,$683,$0,$0,$1238,$856,$732,$1541,$115,$3251,$4489,$399,$651,$126,$803,$1202,$2,$-822,$-33,$3287,$4489,$131,$185,$117,$302,$-4,$0,$0,$-44,$-66,$367,$-188,$0,$-197,$232,$0,$232,$-1,$-155,$0,$0,$0,$-152,$-152,$0,$-42,$-194,$29,$80,$0
6,2017-03-31,59.7,$18.82,3.17,$13.49,4.42,$7.55,7.9,$1.83,32.62,$1.40B,$0.38B,3.66,$0.65B,$3.26B,0.2,$2.37B,$1.55B,65.51%,$2.37B,$0.45B,19.01%,$2.37B,$0.45B,19.01%,$2.37B,$0.81B,34.11%,$2.37B,$0.45B,19.06%,$2.37B,$0.32B,13.36%,$0.32B,$3.26B,9.90%,$0.32B,$1.89B,16.97%,$0.32B,$4.45B,7.27%,$0.45B,$3.90B,11.75%,$600,$206,$395,$52,$230,$495,$105,$-1,$105,$30,$75,$75,$75,$196,$105,$173,175,$0.43,$0.43,$845,$0,$0,$1398,$825,$739,$1371,$109,$3052,$4450,$382,$646,$119,$810,$1191,$2,$-880,$-46,$3259,$4450,$75,$91,$67,$158,$-20,$0,$0,$-47,$-90,$143,$-91,$0,$-0,$232,$0,$232,$-0,$140,$0,$0,$0,$-55,$-55,$0,$-34,$-89,$199,$39,$0
7,2016-12-31,66.68,$18.61,3.58,$13.26,5.03,$7.87,8.47,$1.79,37.25,$1.31B,$0.38B,3.5,$0.64B,$3.22B,0.2,$2.34B,$1.53B,65.47%,$2.34B,$0.46B,19.66%,$2.34B,$0.46B,19.66%,$2.34B,$0.81B,34.70%,$2.34B,$0.46B,19.66%,$2.34B,$0.32B,13.55%,$0.32B,$3.22B,10.02%,$0.32B,$1.85B,17.15%,$0.32B,$4.37B,7.38%,$0.46B,$3.86B,12.12%,$616,$203,$413,$47,$236,$493,$124,$2,$126,$34,$92,$92,$92,$212,$124,$175,176,$0.53,$0.52,$837,$0,$0,$1310,$801,$779,$1378,$96,$3063,$4373,$375,$640,$119,$774,$1149,$2,$-961,$-56,$3224,$4373,$316,$353,$162,$515,$3,$0,$0,$19,$40,$872,$-316,$0,$-95,$-58,$0,$-58,$1,$-469,$0,$0,$0,$-314,$-314,$0,$-46,$-360,$35,$145,$0
8,2016-09-30,52.99,$18.25,2.9,$12.98,4.08,$6.65,7.97,$1.76,30.11,$1.39B,$0.43B,3.21,$0.64B,$3.17B,0.2,$2.30B,$1.51B,65.35%,$2.30B,$0.46B,19.93%,$2.30B,$0.46B,19.93%,$2.30B,$0.81B,35.08%,$2.30B,$0.45B,19.71%,$2.30B,$0.31B,13.59%,$0.31B,$3.17B,9.97%,$0.31B,$1.88B,17.00%,$0.31B,$4.35B,7.37%,$0.46B,$3.80B,12.19%,$584,$204,$380,$42,$216,$472,$112,$-0,$112,$36,$76,$76,$76,$201,$112,$174,176,$0.44,$0.43,$911,$0,$0,$1387,$798,$768,$1290,$90,$2967,$4354,$432,$635,$106,$753,$1185,$2,$-1052,$-33,$3169,$4354,$224,$264,$100,$364,$22,$0,$0,$22,$99,$688,$-240,$0,$-3,$-58,$0,$-58,$-3,$-305,$0,$0,$0,$-253,$-253,$0,$-39,$-291,$92,$105,$0
9,2016-06-30,55.93,$17.99,3.11,$12.71,4.4,$5.11,10.96,$1.82,30.73,$1.37B,$0.38B,3.63,$0.63B,$3.15B,0.2,$2.27B,$1.49B,65.77%,$2.27B,$0.46B,20.40%,$2.27B,$0.46B,20.40%,$2.27B,$0.80B,35.33%,$2.27B,$0.46B,20.09%,$2.27B,$0.33B,14.32%,$0.33B,$3.15B,10.42%,$0.33B,$1.86B,17.87%,$0.33B,$4.27B,7.73%,$0.46B,$3.78B,12.38%,$572,$206,$366,$38,$211,$462,$110,$-1,$109,$36,$74,$74,$74,$200,$110,$175,176,$0.42,$0.42,$869,$0,$0,$1366,$787,$731,$1293,$91,$2904,$4270,$377,$629,$100,$743,$1119,$2,$-1128,$-32,$3150,$4270,$148,$175,$73,$248,$18,$0,$0,$9,$39,$436,$-160,$0,$0,$-32,$0,$-32,$-2,$-194,$0,$0,$0,$-173,$-173,$0,$-32,$-205,$37,$67,$0
10,2016-03-31,55.57,$17.69,3.14,$12.45,4.46,$4.27,13.02,$1.77,31.4,$1.33B,$0.33B,3.99,$0.62B,$3.11B,0.2,$2.24B,$1.49B,66.46%,$2.24B,$0.46B,20.50%,$2.24B,$0.46B,20.50%,$2.24B,$0.79B,35.15%,$2.24B,$0.45B,20.10%,$2.24B,$0.32B,14.20%,$0.32B,$3.11B,10.29%,$0.32B,$1.81B,17.76%,$0.32B,$4.18B,7.62%,$0.46B,$3.74B,12.37%,$568,$195,$373,$41,$204,$454,$114,$-2,$113,$38,$75,$75,$75,$199,$114,$176,178,$0.42,$0.42,$838,$0,$0,$1331,$770,$685,$1302,$92,$2853,$4184,$333,$623,$98,$737,$1070,$2,$-1202,$-29,$3114,$4184,$75,$85,$36,$121,$16,$0,$0,$12,$-4,$191,$-82,$0,$0,$29,$0,$29,$-2,$-55,$0,$0,$0,$-90,$-90,$0,$-26,$-117,$23,$32,$0
11,2015-12-31,52.63,$17.61,2.99,$12.17,4.32,$3.45,15.27,$1.78,29.57,$1.25B,$0.33B,3.77,$0.62B,$3.12B,0.2,$2.20B,$1.47B,66.97%,$2.20B,$0.47B,21.25%,$2.20B,$0.47B,21.25%,$2.20B,$0.79B,35.71%,$2.20B,$0.46B,20.79%,$2.20B,$0.32B,14.60%,$0.32B,$3.12B,10.50%,$0.32B,$1.82B,17.99%,$0.32B,$4.18B,7.79%,$0.47B,$3.74B,12.71%,$579,$193,$386,$38,$219,$456,$123,$-2,$120,$32,$88,$88,$88,$208,$123,$178,180,$0.49,$0.49,$750,$0,$0,$1253,$753,$775,$1306,$90,$2928,$4182,$332,$618,$93,$728,$1061,$2,$-1277,$-41,$3121,$4182,$321,$318,$137,$455,$-56,$0,$0,$22,$17,$793,$-445,$0,$-141,$153,$0,$153,$-2,$-436,$0,$0,$0,$-241,$-241,$0,$-56,$-297,$51,$127,$0
12,2015-09-30,69.06,$17.31,3.99,$11.92,5.79,$3.39,20.38,$1.83,37.74,$1.21B,$0.33B,3.65,$0.62B,$3.09B,0.2,$2.16B,$1.46B,67.70%,$2.16B,$0.48B,22.27%,$2.16B,$0.48B,22.27%,$2.16B,$0.79B,36.43%,$2.16B,$0.47B,21.86%,$2.16B,$0.33B,15.31%,$0.33B,$3.09B,10.95%,$0.33B,$1.79B,18.63%,$0.33B,$4.19B,8.10%,$0.48B,$3.71B,13.24%,$551,$183,$368,$38,$207,$435,$116,$-2,$114,$26,$88,$88,$88,$195,$116,$179,180,$0.49,$0.49,$668,$0,$0,$1211,$735,$837,$1294,$106,$2974,$4185,$332,$619,$93,$767,$1099,$2,$-1365,$-34,$3086,$4185,$233,$233,$53,$287,$-41,$0,$0,$41,$27,$546,$-366,$0,$-122,$143,$0,$143,$-3,$-349,$0,$0,$0,$-148,$-148,$0,$-24,$-173,$18,$93,$0
13,2015-06-30,69.82,$17.03,4.1,$11.62,6.01,$3.70,18.89,$1.84,37.95,$1.15B,$0.35B,3.31,$0.61B,$3.05B,0.2,$2.10B,$1.43B,68.03%,$2.10B,$0.48B,23.03%,$2.10B,$0.48B,23.03%,$2.10B,$0.78B,37.20%,$2.10B,$0.48B,22.60%,$2.10B,$0.33B,15.84%,$0.33B,$3.05B,11.27%,$0.33B,$1.74B,19.16%,$0.33B,$4.13B,8.34%,$0.48B,$3.66B,13.59%,$541,$180,$361,$37,$211,$434,$106,$-4,$103,$35,$67,$67,$67,$185,$106,$179,181,$0.38,$0.37,$644,$0,$0,$1151,$705,$881,$1302,$90,$2980,$4131,$348,$614,$80,$738,$1086,$2,$-1453,$-24,$3045,$4131,$145,$154,$24,$178,$-14,$0,$0,$24,$41,$364,$-233,$0,$-123,$124,$0,$124,$-2,$-234,$0,$0,$0,$-90,$-90,$0,$-18,$-107,$19,$62,$0
14,2015-03-31,71.05,$16.69,4.26,$11.26,6.31,$3.72,19.11,$1.87,37.99,$1.24B,$0.27B,4.61,$0.61B,$2.98B,0.2,$2.04B,$1.40B,68.53%,$2.04B,$0.49B,24.05%,$2.04B,$0.49B,24.05%,$2.04B,$0.77B,37.95%,$2.04B,$0.48B,23.61%,$2.04B,$0.34B,16.64%,$0.34B,$2.98B,11.74%,$0.34B,$1.79B,19.99%,$0.34B,$3.99B,8.69%,$0.49B,$3.59B,14.04%,$527,$169,$357,$36,$193,$405,$122,$-2,$120,$42,$78,$78,$78,$197,$122,$179,181,$0.44,$0.43,$713,$0,$0,$1242,$666,$802,$1195,$81,$2745,$3987,$269,$610,$77,$736,$1005,$2,$-1521,$-24,$2982,$3987,$78,$75,$25,$100,$-33,$0,$0,$7,$-78,$100,$-137,$0,$-16,$210,$0,$210,$-0,$57,$0,$0,$0,$-38,$-38,$0,$-18,$-56,$94,$30,$0
15,2014-12-31,62.96,$16.52,3.81,$10.84,5.81,$3.95,15.93,$1.84,34.22,$1.26B,$0.33B,3.78,$0.61B,$2.95B,0.21,$1.96B,$1.35B,68.89%,$1.96B,$0.49B,24.90%,$1.96B,$0.49B,24.90%,$1.96B,$0.75B,38.29%,$1.96B,$0.48B,24.49%,$1.96B,$0.33B,17.01%,$0.33B,$2.95B,11.85%,$0.33B,$1.76B,20.56%,$0.33B,$4.00B,8.75%,$0.49B,$3.55B,14.31%,$536,$163,$373,$32,$196,$400,$136,$-2,$134,$37,$97,$97,$97,$208,$136,$178,181,$0.54,$0.54,$758,$0,$0,$1263,$602,$870,$1184,$82,$2739,$4002,$334,$605,$74,$722,$1056,$2,$-1598,$-18,$2945,$4002,$334,$263,$56,$319,$-58,$0,$0,$-31,$5,$658,$-319,$0,$-387,$-479,$0,$-479,$6,$-1179,$638,$0,$638,$-182,$-182,$0,$-20,$436,$-95,$112,$0
16,2014-09-30,59.8,$15.98,3.74,$10.27,5.82,$3.75,15.95,$1.74,34.37,$1.15B,$0.30B,3.82,$0.60B,$2.85B,0.21,$1.86B,$1.28B,68.78%,$1.86B,$0.47B,25.16%,$1.86B,$0.47B,25.16%,$1.86B,$0.71B,38.09%,$1.86B,$0.46B,24.89%,$1.86B,$0.32B,17.01%,$0.32B,$2.85B,11.57%,$0.32B,$1.66B,19.41%,$0.32B,$3.85B,8.91%,$0.47B,$3.45B,14.72%,$498,$159,$339,$33,$178,$378,$120,$-3,$118,$26,$91,$91,$91,$192,$120,$178,181,$0.51,$0.50,$711,$0,$0,$1153,$559,$851,$1190,$99,$2702,$3854,$302,$600,$75,$704,$1006,$2,$-1695,$-10,$2848,$3854,$237,$191,$74,$265,$-50,$0,$0,$-26,$-39,$463,$-226,$0,$-387,$-714,$277,$-437,$7,$-1042,$638,$0,$638,$-151,$-151,$0,$-21,$466,$-120,$61,$0
17,2014-06-30,61.06,$15.55,3.93,$9.70,6.3,$3.52,17.36,$1.68,36.35,$1.20B,$0.28B,4.24,$0.60B,$2.77B,0.22,$1.76B,$1.21B,68.50%,$1.76B,$0.45B,25.48%,$1.76B,$0.45B,25.48%,$1.76B,$0.67B,37.74%,$1.76B,$0.45B,25.37%,$1.76B,$0.31B,17.37%,$0.31B,$2.77B,11.49%,$0.31B,$1.57B,18.59%,$0.31B,$3.77B,9.23%,$0.45B,$3.37B,15.17%,$476,$149,$327,$32,$173,$364,$112,$-4,$109,$36,$73,$73,$73,$176,$112,$178,181,$0.41,$0.40,$757,$0,$0,$1200,$537,$736,$1198,$96,$2569,$3769,$283,$595,$73,$713,$996,$2,$-1787,$2,$2773,$3769,$146,$119,$60,$179,$-41,$0,$0,$-15,$-35,$289,$-155,$0,$-387,$-325,$0,$-325,$2,$-864,$638,$0,$638,$-129,$-129,$0,$-15,$493,$-80,$57,$0
18,2014-03-31,58.21,$15.19,3.83,$9.15,6.36,$3.31,17.59,$1.62,35.93,$1.13B,$0.24B,4.62,$0.59B,$2.71B,0.22,$1.66B,$1.13B,68.09%,$1.66B,$0.44B,26.14%,$1.66B,$0.44B,26.14%,$1.66B,$0.63B,37.92%,$1.66B,$0.44B,26.26%,$1.66B,$0.30B,17.73%,$0.30B,$2.71B,11.42%,$0.30B,$1.50B,17.72%,$0.30B,$3.65B,9.66%,$0.44B,$3.30B,15.93%,$454,$140,$314,$28,$157,$333,$121,$-1,$120,$47,$73,$73,$73,$176,$121,$179,182,$0.41,$0.40,$698,$0,$0,$1127,$504,$721,$1208,$88,$2524,$3651,$244,$591,$72,$695,$939,$2,$-1859,$-2,$2712,$3651,$73,$55,$12,$67,$-18,$0,$0,$-10,$-51,$89,$-84,$0,$-387,$-362,$103,$-259,$-1,$-730,$638,$0,$638,$-72,$-72,$0,$-11,$556,$-85,$25,$0
19,2013-12-31,47.18,$14.72,3.2,$8.69,5.43,$3.46,13.63,$1.61,29.3,$1.03B,$0.26B,3.91,$0.00B,$2.63B,0.0,$1.58B,$1.07B,67.62%,$1.58B,$0.42B,26.30%,$1.58B,$0.42B,26.30%,$1.58B,$0.60B,37.96%,$1.58B,$0.42B,26.62%,$1.58B,$0.29B,18.57%,$0.29B,$2.63B,11.71%,$0.29B,$1.80B,17.39%,$0.29B,$2.96B,10.45%,$0.42B,$2.63B,16.59%,$436,$134,$302,$27,$154,$320,$116,$1,$117,$37,$80,$80,$80,$166,$116,$178,182,$0.45,$0.44,$674,$0,$0,$1030,$450,$573,$835,$68,$1928,$2958,$263,$0,$57,$65,$328,$2,$-1932,$-2,$2629,$2958,$293,$184,$102,$286,$-67,$0,$0,$11,$-16,$564,$-260,$0,$-31,$-20,$0,$-20,$-3,$-313,$0,$0,$0,$-97,$-97,$0,$-19,$-115,$132,$96,$0
20,2013-09-30,51.7,$14.23,3.63,$8.37,6.18,$3.49,14.81,$1.55,33.35,$0.91B,$0.29B,3.19,$0.00B,$2.54B,0.0,$1.52B,$1.00B,65.99%,$1.52B,$0.40B,25.99%,$1.52B,$0.40B,25.99%,$1.52B,$0.58B,38.42%,$1.52B,$0.40B,26.38%,$1.52B,$0.28B,18.49%,$0.28B,$2.54B,11.56%,$0.28B,$1.71B,17.35%,$0.28B,$2.89B,10.35%,$0.40B,$2.54B,16.25%,$396,$132,$264,$25,$134,$296,$100,$1,$101,$21,$80,$80,$80,$147,$100,$178,182,$0.45,$0.44,$566,$0,$0,$911,$425,$620,$831,$78,$1974,$2885,$285,$0,$54,$57,$342,$2,$-2013,$-5,$2543,$2885,$213,$134,$54,$188,$-51,$0,$0,$-2,$-9,$392,$-197,$0,$-27,$-324,$265,$-59,$-3,$-287,$0,$0,$0,$-58,$-58,$0,$-10,$-68,$33,$72,$0
21,2013-06-30,42.55,$13.74,3.1,$8.10,5.25,$3.62,11.75,$1.38,30.83,$0.86B,$0.23B,3.79,$0.00B,$2.45B,0.0,$1.47B,$0.95B,64.67%,$1.47B,$0.38B,25.53%,$1.47B,$0.38B,25.53%,$1.47B,$0.57B,38.87%,$1.47B,$0.38B,26.00%,$1.47B,$0.25B,16.95%,$0.25B,$2.45B,10.55%,$0.25B,$1.65B,16.00%,$0.25B,$2.73B,9.47%,$0.38B,$2.45B,15.89%,$378,$125,$253,$21,$129,$281,$98,$2,$99,$37,$62,$62,$62,$142,$98,$178,181,$0.35,$0.34,$531,$0,$0,$859,$406,$587,$798,$60,$1866,$2725,$227,$0,$48,$51,$277,$2,$-2092,$-11,$2448,$2725,$133,$87,$37,$124,$-35,$0,$0,$-11,$-23,$234,$-137,$0,$0,$-23,$0,$-23,$-0,$-160,$0,$0,$0,$-55,$-55,$0,$-12,$-66,$3,$48,$0
22,2013-03-31,35.32,$13.41,2.63,$7.84,4.51,$3.87,9.12,$1.28,27.59,$0.83B,$0.21B,3.93,$0.00B,$2.39B,0.0,$1.42B,$0.90B,63.08%,$1.42B,$0.34B,24.19%,$1.42B,$0.34B,24.19%,$1.42B,$0.55B,38.40%,$1.42B,$0.35B,24.82%,$1.42B,$0.23B,16.24%,$0.23B,$2.39B,10.04%,$0.23B,$1.58B,15.41%,$0.23B,$2.65B,9.03%,$0.34B,$2.39B,14.95%,$368,$120,$248,$22,$118,$267,$101,$1,$103,$31,$71,$71,$71,$144,$101,$178,182,$0.40,$0.39,$513,$0,$0,$832,$370,$569,$804,$59,$1815,$2647,$212,$0,$47,$50,$262,$2,$-2154,$-6,$2385,$2647,$71,$42,$18,$60,$-28,$0,$0,$-6,$-39,$93,$-61,$0,$0,$-90,$66,$-24,$0,$-84,$0,$0,$0,$-30,$-30,$0,$-13,$-43,$-37,$23,$0
23,2012-12-31,40.91,$13.19,3.1,$7.56,5.41,$3.96,10.32,$1.13,36.2,$0.73B,$0.20B,3.59,$0.00B,$2.35B,0.0,$1.37B,$0.84B,61.47%,$1.37B,$0.32B,22.94%,$1.37B,$0.32B,22.94%,$1.37B,$0.52B,37.80%,$1.37B,$0.32B,23.53%,$1.37B,$0.20B,14.79%,$0.20B,$2.35B,9.00%,$0.20B,$1.54B,13.96%,$0.20B,$2.60B,8.12%,$0.32B,$2.35B,13.97%,$378,$139,$238,$20,$117,$282,$96,$2,$98,$29,$68,$68,$68,$151,$96,$178,182,$0.39,$0.37,$438,$0,$0,$728,$345,$658,$808,$40,$1872,$2601,$203,$0,$49,$52,$255,$2,$-2226,$-2,$2346,$2601,$204,$204,$61,$266,$-2,$0,$0,$4,$60,$530,$-221,$0,$-337,$-222,$0,$-222,$1,$-779,$0,$0,$0,$-96,$-96,$0,$-12,$-108,$-357,$91,$0
24,2012-09-30,38.26,$12.74,3.0,$7.21,5.31,$3.70,10.33,$1.08,35.43,$0.75B,$0.21B,3.54,$0.00B,$2.26B,0.0,$1.32B,$0.75B,56.71%,$1.32B,$0.30B,22.59%,$1.32B,$0.30B,22.59%,$1.32B,$0.49B,37.23%,$1.32B,$0.31B,23.73%,$1.32B,$0.20B,14.78%,$0.20B,$2.26B,8.83%,$0.20B,$1.46B,13.14%,$0.20B,$2.54B,8.00%,$0.30B,$2.26B,13.50%,$345,$134,$211,$19,$106,$265,$80,$1,$82,$33,$48,$48,$48,$134,$80,$177,181,$0.27,$0.27,$465,$0,$0,$754,$331,$593,$804,$15,$1786,$2539,$213,$0,$64,$67,$280,$2,$-2294,$0,$2260,$2539,$136,$149,$52,$201,$-22,$0,$0,$13,$40,$377,$-159,$0,$-306,$-418,$214,$-204,$1,$-668,$0,$0,$0,$-78,$-78,$0,$-9,$-87,$-377,$69,$0
25,2012-06-30,31.75,$12.45,2.55,$6.82,4.66,$3.47,9.15,$1.04,30.53,$0.76B,$0.17B,4.56,$0.00B,$2.22B,0.0,$1.26B,$0.73B,57.80%,$1.26B,$0.28B,22.53%,$1.26B,$0.28B,22.53%,$1.26B,$0.46B,36.94%,$1.26B,$0.30B,23.81%,$1.26B,$0.19B,15.05%,$0.19B,$2.22B,8.70%,$0.19B,$1.42B,12.39%,$0.19B,$2.45B,7.95%,$0.28B,$2.22B,13.02%,$331,$131,$200,$18,$110,$264,$67,$3,$70,$26,$44,$44,$44,$117,$67,$179,182,$0.25,$0.24,$497,$0,$0,$757,$316,$522,$794,$14,$1689,$2446,$166,$0,$63,$65,$231,$2,$-2342,$-4,$2215,$2446,$87,$96,$32,$127,$6,$0,$0,$14,$27,$242,$-99,$0,$-292,$-165,$0,$-165,$0,$-555,$0,$0,$0,$-53,$-53,$0,$-9,$-62,$-376,$47,$0
26,2012-03-31,36.7,$12.29,2.99,$6.45,5.69,$3.27,11.23,$1.05,34.95,$0.68B,$0.15B,4.58,$0.00B,$2.20B,0.0,$1.20B,$0.71B,59.32%,$1.20B,$0.29B,24.04%,$1.20B,$0.29B,24.04%,$1.20B,$0.46B,38.44%,$1.20B,$0.31B,25.37%,$1.20B,$0.19B,16.06%,$0.19B,$2.20B,8.87%,$0.19B,$1.40B,12.06%,$0.19B,$2.41B,8.16%,$0.29B,$2.20B,13.28%,$319,$125,$195,$17,$101,$248,$72,$1,$73,$30,$43,$43,$43,$117,$72,$178,182,$0.24,$0.24,$405,$0,$0,$680,$304,$574,$799,$14,$1735,$2414,$149,$0,$62,$64,$213,$2,$-2386,$-0,$2201,$2414,$43,$46,$8,$53,$-1,$0,$0,$5,$-4,$93,$-43,$0,$-292,$-253,$89,$-163,$0,$-498,$0,$0,$0,$-1,$-1,$0,$-8,$-9,$-414,$21,$0
27,2011-12-31,32.28,$12.15,2.66,$6.14,5.26,$3.22,10.02,$1.07,30.17,$1.12B,$0.15B,7.56,$0.00B,$2.16B,0.0,$1.16B,$0.71B,60.83%,$1.16B,$0.29B,25.02%,$1.16B,$0.29B,25.02%,$1.16B,$0.46B,39.60%,$1.16B,$0.31B,26.49%,$1.16B,$0.20B,17.34%,$0.20B,$2.16B,9.22%,$0.20B,$1.66B,12.00%,$0.20B,$2.35B,8.53%,$0.29B,$2.16B,13.31%,$324,$182,$142,$15,$38,$244,$79,$9,$88,$28,$60,$60,$60,$123,$79,$184,188,$0.33,$0.33,$849,$0,$0,$1122,$293,$381,$498,$8,$1223,$2346,$148,$0,$38,$41,$189,$2,$-2430,$-1,$2156,$2346,$201,$168,$105,$273,$-38,$0,$0,$3,$-27,$446,$-176,$0,$-1,$-179,$533,$354,$-0,$177,$0,$0,$0,$-299,$-299,$0,$5,$-294,$327,$61,$0
28,2011-09-30,19.88,$11.82,1.68,$5.91,3.36,$2.88,6.89,$1.01,19.68,$0.92B,$0.14B,6.66,$0.00B,$2.12B,0.0,$1.12B,$0.76B,67.95%,$1.12B,$0.28B,25.27%,$1.12B,$0.28B,25.27%,$1.12B,$0.45B,40.00%,$1.12B,$0.29B,26.16%,$1.12B,$0.19B,17.32%,$0.19B,$2.12B,8.88%,$0.19B,$1.62B,11.58%,$0.19B,$2.30B,8.23%,$0.28B,$2.12B,12.95%,$282,$93,$189,$14,$105,$217,$65,$3,$68,$26,$42,$42,$42,$107,$65,$183,186,$0.23,$0.23,$688,$0,$0,$924,$285,$503,$503,$9,$1377,$2302,$139,$0,$38,$41,$180,$2,$-2490,$-9,$2122,$2302,$141,$124,$53,$177,$-8,$0,$0,$12,$-1,$317,$-136,$0,$-1,$173,$0,$173,$0,$36,$0,$0,$0,$-234,$-234,$0,$6,$-229,$124,$42,$0
29,2011-06-30,31.47,$11.98,2.63,$5.72,5.5,$2.69,11.7,$0.99,31.79,$0.75B,$0.14B,5.41,$0.00B,$2.23B,0.0,$1.09B,$0.75B,68.50%,$1.09B,$0.28B,25.37%,$1.09B,$0.28B,25.37%,$1.09B,$0.44B,40.02%,$1.09B,$0.29B,26.10%,$1.09B,$0.19B,17.58%,$0.19B,$2.23B,8.88%,$0.19B,$1.72B,11.64%,$0.19B,$2.40B,8.17%,$0.28B,$2.23B,12.81%,$277,$90,$187,$11,$99,$204,$73,$3,$76,$28,$48,$48,$48,$115,$73,$187,190,$0.26,$0.25,$497,$0,$0,$751,$274,$788,$507,$10,$1653,$2404,$139,$0,$34,$37,$176,$2,$-2532,$0,$2228,$2404,$99,$82,$17,$99,$0,$0,$0,$8,$2,$200,$-89,$0,$-1,$-305,$238,$-67,$0,$-156,$0,$0,$0,$-80,$-80,$0,$7,$-73,$-26,$27,$0
30,2011-03-31,38.0,$11.82,3.21,$5.55,6.85,$2.49,15.28,$0.94,40.43,$0.82B,$0.13B,6.09,$0.00B,$2.21B,0.0,$1.06B,$0.73B,69.25%,$1.06B,$0.26B,24.62%,$1.06B,$0.26B,24.62%,$1.06B,$0.41B,39.06%,$1.06B,$0.27B,25.28%,$1.06B,$0.18B,17.17%,$0.18B,$2.21B,8.67%,$0.18B,$1.70B,11.51%,$0.18B,$2.38B,7.92%,$0.26B,$2.21B,12.44%,$276,$89,$187,$13,$97,$203,$73,$2,$75,$24,$51,$51,$51,$114,$73,$187,191,$0.27,$0.26,$564,$0,$0,$817,$267,$694,$511,$11,$1558,$2375,$134,$0,$27,$31,$165,$2,$-2580,$-2,$2210,$2375,$51,$41,$7,$48,$8,$0,$0,$-10,$-10,$89,$-46,$0,$-0,$-166,$137,$-28,$0,$-75,$0,$0,$0,$-40,$-40,$0,$9,$-31,$-15,$16,$0
31,2010-12-31,47.05,$11.67,4.03,$5.38,8.75,$2.54,18.5,$0.90,52.28,$0.86B,$0.15B,5.91,$0.00B,$2.18B,0.0,$1.02B,$0.72B,70.31%,$1.02B,$0.25B,24.80%,$1.02B,$0.25B,24.80%,$1.02B,$0.40B,38.96%,$1.02B,$0.26B,25.59%,$1.02B,$0.17B,16.80%,$0.17B,$2.18B,8.64%,$0.17B,$1.66B,11.68%,$0.17B,$2.35B,7.70%,$0.25B,$2.18B,12.76%,$285,$86,$198,$14,$108,$212,$72,$2,$74,$21,$53,$53,$53,$112,$72,$177,191,$0.29,$0.27,$607,$0,$0,$858,$256,$637,$515,$11,$1494,$2353,$145,$0,$26,$30,$175,$2,$-2631,$-6,$2178,$2353,$171,$144,$111,$255,$-24,$0,$0,$-20,$-24,$402,$-192,$0,$-13,$-130,$-1,$-131,$0,$-335,$0,$0,$0,$-47,$-47,$0,$29,$-18,$51,$76,$0
32,2010-09-30,50.18,$11.15,4.5,$5.15,9.75,$3.12,16.11,$0.84,59.74,$0.86B,$0.20B,4.25,$0.00B,$2.03B,0.0,$0.98B,$0.69B,70.93%,$0.98B,$0.24B,24.97%,$0.98B,$0.24B,24.97%,$0.98B,$0.38B,39.10%,$0.98B,$0.25B,25.90%,$0.98B,$0.16B,16.27%,$0.16B,$2.03B,8.45%,$0.16B,$1.51B,11.67%,$0.16B,$2.26B,7.33%,$0.24B,$2.03B,12.97%,$254,$78,$176,$14,$98,$195,$59,$1,$60,$21,$40,$40,$40,$96,$59,$181,191,$0.22,$0.21,$608,$0,$0,$856,$240,$583,$520,$12,$1407,$2263,$201,$0,$25,$27,$229,$2,$-2683,$-5,$2034,$2263,$119,$105,$105,$209,$-6,$0,$0,$-50,$-36,$292,$-143,$0,$-12,$-111,$-1,$-111,$0,$-267,$0,$0,$0,$-33,$-33,$0,$22,$-11,$16,$58,$0
33,2010-06-30,40.57,$10.86,3.73,$4.92,8.25,$3.51,11.56,$0.81,50.09,$0.78B,$0.20B,3.89,$0.00B,$1.97B,0.0,$0.93B,$0.66B,71.18%,$0.93B,$0.24B,25.38%,$0.93B,$0.24B,25.38%,$0.93B,$0.37B,39.68%,$0.93B,$0.25B,26.45%,$0.93B,$0.15B,16.34%,$0.15B,$1.97B,8.46%,$0.15B,$1.45B,11.89%,$0.15B,$2.20B,7.21%,$0.24B,$1.97B,12.77%,$245,$72,$173,$14,$99,$188,$57,$3,$59,$21,$38,$38,$38,$92,$57,$173,190,$0.22,$0.20,$504,$0,$0,$778,$228,$608,$524,$12,$1425,$2203,$200,$0,$27,$30,$230,$2,$-2723,$-13,$1973,$2203,$79,$68,$73,$141,$-16,$0,$0,$-41,$-45,$174,$-101,$0,$-12,$-110,$-1,$-110,$0,$-224,$0,$0,$0,$-22,$-22,$0,$13,$-9,$-61,$39,$0
34,2010-03-31,31.42,$10.37,3.03,$4.71,6.67,$3.90,8.06,$0.80,39.28,$0.85B,$0.31B,2.76,$0.00B,$1.78B,0.0,$0.89B,$0.63B,71.24%,$0.89B,$0.23B,26.18%,$0.89B,$0.23B,26.18%,$0.89B,$0.36B,40.56%,$0.89B,$0.25B,27.53%,$0.89B,$0.15B,16.85%,$0.15B,$1.78B,8.70%,$0.15B,$1.27B,12.45%,$0.15B,$2.12B,7.30%,$0.23B,$1.78B,12.77%,$240,$67,$173,$13,$89,$174,$66,$3,$69,$28,$41,$41,$41,$99,$66,$171,189,$0.24,$0.22,$605,$0,$0,$854,$190,$491,$514,$12,$1262,$2117,$309,$0,$23,$27,$336,$2,$-2761,$-12,$1780,$2117,$41,$33,$42,$75,$3,$0,$0,$-17,$-28,$88,$-35,$0,$0,$-45,$-1,$-45,$0,$-80,$0,$0,$0,$-18,$-18,$0,$3,$-15,$-8,$19,$0
35,2009-12-31,25.34,$10.15,2.5,$4.56,5.56,$3.98,6.37,$0.78,32.49,$0.76B,$0.33B,2.33,$0.00B,$1.74B,0.0,$0.86B,$0.61B,71.05%,$0.86B,$0.22B,25.93%,$0.86B,$0.22B,25.93%,$0.86B,$0.35B,40.35%,$0.86B,$0.24B,27.67%,$0.86B,$0.15B,16.98%,$0.15B,$1.74B,8.65%,$0.15B,$1.22B,12.55%,$0.15B,$2.09B,7.26%,$0.22B,$1.74B,12.14%,$238,$68,$171,$13,$92,$176,$62,$2,$65,$24,$40,$40,$40,$95,$62,$171,189,$0.23,$0.21,$567,$0,$0,$761,$182,$495,$518,$4,$1326,$2088,$327,$0,$19,$21,$349,$2,$-2802,$-11,$1739,$2088,$146,$123,$144,$267,$-1,$0,$0,$4,$12,$424,$-108,$0,$-6,$-387,$142,$-245,$2,$-357,$0,$0,$0,$-45,$-45,$0,$2,$-43,$25,$59,$0
36,2009-09-30,19.68,$9.92,1.98,$4.43,4.44,$3.53,5.58,$0.79,24.91,$0.78B,$0.11B,7.04,$0.20B,$1.70B,0.12,$0.84B,$0.59B,70.90%,$0.84B,$0.22B,25.87%,$0.84B,$0.22B,25.87%,$0.84B,$0.34B,40.12%,$0.84B,$0.23B,27.90%,$0.84B,$0.15B,17.60%,$0.15B,$1.70B,8.94%,$0.15B,$1.18B,13.17%,$0.15B,$2.03B,7.50%,$0.22B,$1.90B,11.71%,$207,$62,$145,$11,$79,$156,$51,$2,$53,$20,$33,$33,$33,$83,$51,$172,188,$0.19,$0.18,$582,$0,$0,$777,$180,$391,$522,$5,$1252,$2029,$110,$200,$17,$220,$330,$2,$-2842,$-10,$1698,$2029,$106,$91,$105,$196,$4,$0,$0,$-2,$-2,$300,$-79,$0,$-6,$-134,$0,$-134,$1,$-218,$0,$0,$0,$-38,$-38,$0,$1,$-36,$47,$42,$0
37,2009-06-30,19.18,$9.73,1.97,$4.39,4.37,$3.19,6.02,$0.79,24.28,$0.80B,$0.09B,8.92,$0.20B,$1.68B,0.12,$0.83B,$0.59B,71.27%,$0.83B,$0.22B,26.30%,$0.83B,$0.22B,26.30%,$0.83B,$0.33B,39.88%,$0.83B,$0.24B,28.73%,$0.83B,$0.15B,17.82%,$0.15B,$1.68B,9.21%,$0.15B,$1.15B,13.50%,$0.15B,$1.99B,7.73%,$0.22B,$1.88B,12.08%,$205,$60,$145,$9,$77,$150,$54,$4,$58,$22,$36,$36,$36,$84,$54,$173,190,$0.21,$0.19,$620,$0,$0,$802,$175,$307,$526,$5,$1187,$1989,$90,$200,$15,$218,$308,$2,$-2875,$-13,$1681,$1989,$73,$59,$73,$132,$11,$0,$0,$1,$-11,$194,$-48,$0,$-6,$28,$0,$28,$1,$-24,$0,$0,$0,$-6,$-6,$0,$1,$-5,$165,$28,$0
38,2009-03-31,19.4,$9.45,2.05,$4.34,4.47,$2.94,6.6,$0.78,24.87,$0.64B,$0.09B,7.02,$0.20B,$1.63B,0.12,$0.81B,$0.58B,71.62%,$0.81B,$0.22B,26.41%,$0.81B,$0.22B,26.41%,$0.81B,$0.32B,39.43%,$0.81B,$0.24B,28.87%,$0.81B,$0.15B,17.81%,$0.15B,$1.63B,9.40%,$0.15B,$1.10B,13.73%,$0.15B,$1.94B,7.86%,$0.22B,$1.83B,12.34%,$210,$60,$150,$11,$78,$154,$56,$6,$62,$25,$37,$37,$37,$85,$56,$171,188,$0.22,$0.20,$454,$0,$0,$638,$175,$394,$530,$5,$1301,$1939,$91,$200,$13,$217,$308,$2,$-2911,$-19,$1631,$1939,$37,$29,$38,$67,$5,$0,$0,$-1,$-14,$90,$-23,$0,$-6,$-5,$0,$-5,$0,$-34,$0,$0,$0,$4,$4,$0,$0,$4,$59,$15,$0
39,2008-12-31,15.09,$9.26,1.63,$4.23,3.57,$2.91,5.19,$0.78,19.35,$0.50B,$0.10B,5.0,$0.20B,$1.57B,0.13,$0.79B,$0.57B,71.81%,$0.79B,$0.21B,26.80%,$0.79B,$0.21B,26.80%,$0.79B,$0.31B,39.44%,$0.79B,$0.23B,29.58%,$0.79B,$0.15B,18.33%,$0.15B,$1.57B,9.77%,$0.15B,$1.04B,14.23%,$0.15B,$1.88B,8.13%,$0.21B,$1.77B,12.59%,$213,$61,$152,$10,$80,$158,$55,$5,$60,$20,$41,$41,$41,$83,$55,$168,187,$0.24,$0.22,$331,$0,$0,$502,$174,$441,$534,$6,$1379,$1881,$100,$200,$11,$212,$312,$2,$-2948,$-24,$1569,$1881,$145,$99,$130,$229,$-21,$0,$0,$-7,$-31,$343,$-115,$0,$-84,$-165,$0,$-165,$0,$-364,$0,$0,$0,$22,$22,$0,$11,$33,$11,$58,$0
40,2008-09-30,17.44,$8.90,1.96,$4.08,4.27,$2.42,7.2,$0.75,23.25,$0.46B,$0.08B,5.56,$0.20B,$1.51B,0.13,$0.76B,$0.55B,72.27%,$0.76B,$0.21B,27.33%,$0.76B,$0.21B,27.33%,$0.76B,$0.30B,39.42%,$0.76B,$0.23B,30.49%,$0.76B,$0.14B,18.40%,$0.14B,$1.51B,9.78%,$0.14B,$1.07B,14.18%,$0.14B,$1.80B,8.10%,$0.21B,$1.71B,12.75%,$197,$57,$141,$10,$76,$146,$52,$5,$57,$24,$33,$33,$33,$77,$52,$168,188,$0.20,$0.18,$301,$0,$0,$463,$174,$487,$439,$6,$1338,$1801,$83,$200,$10,$211,$295,$2,$-2988,$-19,$1506,$1801,$105,$71,$99,$170,$-11,$0,$0,$-11,$-24,$251,$-95,$0,$0,$-189,$0,$-189,$0,$-284,$0,$0,$0,$20,$20,$0,$11,$31,$-3,$42,$0
41,2008-06-30,34.79,$8.66,4.02,$3.90,8.92,$2.03,17.17,$0.70,49.7,$0.45B,$0.08B,5.58,$0.20B,$1.46B,0.14,$0.73B,$0.53B,72.55%,$0.73B,$0.19B,26.48%,$0.73B,$0.19B,26.48%,$0.73B,$0.28B,38.34%,$0.73B,$0.22B,30.07%,$0.73B,$0.13B,18.07%,$0.13B,$1.46B,9.54%,$0.13B,$1.02B,14.18%,$0.13B,$1.76B,7.84%,$0.19B,$1.66B,12.21%,$194,$54,$140,$10,$75,$142,$52,$4,$56,$22,$34,$34,$34,$76,$52,$167,188,$0.21,$0.19,$292,$0,$0,$454,$158,$454,$442,$6,$1301,$1755,$81,$200,$10,$211,$293,$2,$-3022,$-13,$1463,$1755,$71,$46,$62,$109,$-6,$0,$0,$-8,$-22,$158,$-58,$0,$0,$-109,$0,$-109,$0,$-167,$0,$0,$0,$18,$18,$0,$10,$28,$20,$28,$0
42,2008-03-31,28.16,$8.37,3.37,$3.69,7.63,$1.64,17.12,$0.64,44.0,$0.48B,$0.09B,5.29,$0.20B,$1.40B,0.14,$0.68B,$0.50B,72.95%,$0.68B,$0.17B,25.00%,$0.68B,$0.17B,25.00%,$0.68B,$0.25B,36.70%,$0.68B,$0.20B,28.95%,$0.68B,$0.12B,17.40%,$0.12B,$1.40B,9.05%,$0.12B,$0.95B,13.85%,$0.12B,$1.70B,7.38%,$0.17B,$1.60B,11.29%,$187,$52,$135,$9,$69,$134,$53,$8,$61,$24,$37,$37,$37,$76,$53,$166,186,$0.22,$0.20,$322,$0,$0,$475,$146,$365,$446,$6,$1224,$1699,$90,$200,$9,$212,$302,$2,$-3056,$-11,$1398,$1699,$37,$23,$31,$54,$-2,$0,$0,$0,$-3,$88,$-28,$0,$0,$-6,$0,$-6,$0,$-34,$0,$0,$0,$5,$5,$0,$3,$8,$63,$11,$0
43,2007-12-31,34.6,$8.17,4.23,$3.44,10.05,$1.44,24.05,$0.55,62.91,$0.70B,$0.09B,7.87,$0.20B,$1.36B,0.15,$0.64B,$0.47B,73.74%,$0.64B,$0.15B,22.80%,$0.64B,$0.15B,22.80%,$0.64B,$0.22B,34.12%,$0.64B,$0.17B,26.57%,$0.64B,$0.10B,15.88%,$0.10B,$1.36B,8.04%,$0.10B,$0.91B,12.65%,$0.10B,$1.66B,6.50%,$0.15B,$1.56B,9.96%,$183,$49,$134,$10,$69,$132,$51,$7,$58,$22,$36,$36,$36,$71,$51,$163,185,$0.22,$0.20,$546,$0,$0,$695,$135,$87,$449,$5,$961,$1656,$88,$200,$8,$209,$297,$2,$-3093,$3,$1359,$1656,$101,$73,$114,$186,$-32,$0,$0,$-3,$-50,$237,$-100,$0,$8,$-134,$0,$-134,$0,$-227,$-0,$0,$-0,$32,$32,$0,$21,$52,$64,$67,$0
44,2007-09-30,28.73,$7.68,3.74,$3.17,9.08,$1.06,27.11,$0.48,59.85,$0.57B,$0.09B,6.04,$0.20B,$1.27B,0.16,$0.58B,$0.43B,74.61%,$0.58B,$0.12B,20.73%,$0.58B,$0.12B,20.73%,$0.58B,$0.18B,31.78%,$0.58B,$0.14B,24.53%,$0.58B,$0.09B,14.85%,$0.09B,$1.27B,7.45%,$0.09B,$0.81B,11.70%,$0.09B,$1.58B,5.92%,$0.12B,$1.47B,8.86%,$161,$44,$117,$11,$67,$125,$36,$7,$43,$19,$24,$24,$24,$55,$36,$165,185,$0.15,$0.13,$437,$0,$0,$571,$134,$129,$458,$5,$1004,$1575,$94,$200,$7,$208,$303,$2,$-3129,$3,$1272,$1575,$65,$52,$76,$129,$-21,$0,$0,$-1,$-28,$165,$-85,$0,$8,$-203,$145,$-59,$0,$-135,$-0,$0,$-0,$23,$23,$0,$18,$41,$72,$51,$0
45,2007-06-30,48.64,$7.45,6.53,$2.92,16.64,$0.98,49.84,$0.43,113.12,$0.48B,$0.08B,5.78,$0.20B,$1.23B,0.16,$0.53B,$0.40B,75.99%,$0.53B,$0.11B,20.04%,$0.53B,$0.11B,20.04%,$0.53B,$0.16B,30.43%,$0.53B,$0.12B,23.44%,$0.53B,$0.08B,14.37%,$0.08B,$1.23B,7.44%,$0.08B,$0.76B,11.10%,$0.08B,$1.52B,5.78%,$0.11B,$1.43B,8.67%,$153,$40,$113,$12,$68,$122,$31,$5,$36,$14,$22,$22,$22,$49,$31,$165,186,$0.13,$0.12,$356,$0,$0,$480,$126,$147,$468,$5,$1040,$1520,$83,$200,$5,$207,$290,$2,$-3153,$1,$1230,$1520,$41,$33,$44,$77,$-11,$0,$0,$-1,$-29,$89,$-61,$0,$8,$-50,$0,$-50,$0,$-103,$-0,$0,$-0,$18,$18,$0,$16,$34,$20,$34,$0
46,2007-03-31,49.92,$7.08,7.05,$2.67,18.67,$1.00,49.82,$0.37,134.92,$0.45B,$0.10B,4.57,$0.20B,$1.16B,0.17,$0.48B,$0.37B,77.15%,$0.48B,$0.09B,19.29%,$0.48B,$0.09B,19.29%,$0.48B,$0.14B,29.14%,$0.48B,$0.11B,22.85%,$0.48B,$0.07B,13.63%,$0.07B,$1.16B,7.32%,$0.07B,$0.71B,10.24%,$0.07B,$1.47B,5.52%,$0.09B,$1.36B,8.46%,$139,$34,$105,$11,$64,$112,$27,$5,$32,$12,$19,$19,$19,$42,$27,$162,183,$0.12,$0.11,$342,$0,$0,$453,$110,$138,$454,$5,$1014,$1467,$99,$200,$5,$206,$305,$2,$-3175,$2,$1161,$1467,$19,$15,$18,$33,$1,$0,$0,$0,$1,$53,$-32,$0,$5,$-2,$0,$-2,$0,$-28,$0,$0,$0,$7,$7,$0,$11,$18,$44,$17,$0
47,2006-12-31,53.12,$5.96,8.92,$2.44,21.8,$0.98,54.03,$0.33,160.97,$0.38B,$0.09B,4.2,$0.20B,$0.96B,0.21,$0.43B,$0.34B,78.09%,$0.43B,$0.08B,19.35%,$0.43B,$0.08B,19.35%,$0.43B,$0.12B,28.90%,$0.43B,$0.10B,22.84%,$0.43B,$0.06B,13.29%,$0.06B,$0.96B,7.49%,$0.06B,$0.66B,9.69%,$0.06B,$1.25B,5.46%,$0.08B,$1.16B,8.63%,$126,$29,$97,$9,$60,$99,$26,$5,$31,$11,$21,$21,$21,$38,$26,$155,177,$0.14,$0.12,$270,$0,$0,$375,$87,$165,$298,$4,$873,$1248,$89,$200,$3,$204,$293,$2,$-3194,$1,$955,$1248,$57,$41,$56,$98,$-28,$0,$0,$-8,$-22,$133,$-69,$0,$-5,$-395,$264,$-131,$0,$-206,$0,$0,$0,$28,$28,$0,$33,$60,$-11,$50,$0
