,Date,Stock Price,Book Value per Share,Price to Book Ratio,TTM Sales per Share,Price to Sales Ratio,TTM FCF per Share,Price to FCF Ratio,TTM Net EPS,PE Ratio,Current Assets,Current Liabilities,Current Ratio,Long Term Debt,Shareholder's Equity_x,Debt to Equity Ratio,TTM Revenue_x,TTM Gross Profit,Gross Margin,TTM Revenue_y,TTM Operating Income,Operating Margin,TTM Revenue_x,TTM EBIT,EBIT Margin,TTM Revenue_y,TTM EBITDA,EBITDA Margin,TTM Revenue_x,TTM Pre-Tax Income,Pre-Tax Margin,TTM Revenue_y,TTM Net Income_x,Net Margin,TTM Net Income_y,Shareholder's Equity_y,Return on Equity,TTM Net Income_x,Tangible Equity,Return on Tangible Equity,TTM Net Income_y,Total Assets,Return on Assets,TTM Net Income,LT Investments & Debt,Return on Investment,revenue,cost-goods-sold,gross-profit,research-development-expenses,selling-general-administrative-expenses,operating-expenses,operating-income,total-non-operating-income-expense,pre-tax-income,total-provision-income-taxes,income-after-taxes,income-from-continuous-operations,net-income,ebitda,ebit,basic-shares-outstanding,shares-outstanding,eps-basic-net-earnings-per-share,eps-earnings-per-share-diluted,cash-on-hand,inventory,other-current-assets,total-current-assets,net-property-plant-equipment,long-term-investments,goodwill-intangible-assets-total,other-long-term-assets,total-long-term-assets,total-assets,total-current-liabilities,long-term-debt,other-non-current-liabilities,total-long-term-liabilities,total-liabilities,common-stock-net,retained-earnings-accumulated-deficit,comprehensive-income,total-share-holder-equity,total-liabilities-share-holders-equity,net-income-loss,total-depreciation-amortization-cash-flow,other-non-cash-items,total-non-cash-items,change-in-accounts-receivable,change-in-inventories,change-in-accounts-payable,change-in-assets-liabilities,total-change-in-assets-liabilities,cash-flow-from-operating-activities,net-change-in-property-plant-equipment,net-change-in-intangible-assets,net-acquisitions-divestitures,net-change-in-short-term-investments,net-change-in-long-term-investments,net-change-in-investments-total,investing-activities-other,cash-flow-from-investing-activities,net-long-term-debt,net-current-debt,debt-issuance-retirement-net-total,net-common-equity-issued-repurchased,net-total-equity-issued-repurchased,total-common-preferred-stock-dividends-paid,financial-activities-other,cash-flow-from-financial-activities,net-cash-flow,stock-based-compensation,common-stock-dividends-paid
0,2018-09-30,28.03,$26.04,1.08,$3.13,8.94,$2.71,10.33,$0.54,51.91,$0.19B,$0.20B,0.94,$1.48B,$2.12B,0.7,$0.26B,$0.18B,67.57%,$0.26B,$0.02B,5.79%,$0.26B,$0.02B,5.79%,$0.26B,$0.14B,52.51%,$0.26B,$-0.02B,-9.27%,$0.26B,$0.04B,16.99%,$0.04B,$2.12B,2.04%,$0.04B,$2.12B,2.04%,$0.04B,$3.92B,1.12%,$0.02B,$3.61B,0.42%,$66,$22,$44,$0,$8,$59,$7,$-14,$-7,$0,$-8,$-3,$9,$37,$7,$82,82,$0.11,$0.11,$22,$0,$0,$190,$3217,$0,$0,$512,$3729,$3919,$203,$1482,$110,$1592,$1795,$0,$-74,$13,$2124,$3919,$-9,$91,$3,$94,$-7,$0,$0,$-5,$-18,$67,$-52,$0,$0,$0,$-3,$-3,$-21,$-76,$53,$0,$53,$-55,$-55,$-67,$14,$-55,$-64,$8,$-67
1,2018-06-30,27.37,$25.92,1.06,$3.07,8.91,$2.48,11.04,$0.58,47.19,$0.20B,$0.20B,1.0,$1.46B,$2.11B,0.69,$0.26B,$0.18B,68.36%,$0.26B,$0.01B,5.47%,$0.26B,$0.01B,5.47%,$0.26B,$0.13B,51.95%,$0.26B,$-0.02B,-6.25%,$0.26B,$0.05B,18.75%,$0.05B,$2.11B,2.22%,$0.05B,$2.11B,2.22%,$0.05B,$3.88B,1.21%,$0.01B,$3.57B,0.38%,$64,$20,$44,$0,$8,$57,$6,$-9,$-2,$-0,$-2,$-2,$8,$37,$6,$82,82,$0.09,$0.09,$31,$0,$0,$197,$3170,$0,$0,$514,$3684,$3881,$197,$1461,$110,$1571,$1768,$0,$-61,$10,$2113,$3881,$-6,$61,$5,$66,$-4,$0,$0,$-1,$-10,$49,$-21,$0,$0,$-3,$-2,$-5,$4,$-23,$34,$0,$34,$-55,$-55,$-45,$-16,$-81,$-55,$6,$-45
2,2018-03-31,24.36,$26.25,0.93,$3.01,8.1,$2.03,12.01,$0.63,38.67,$0.22B,$0.21B,1.03,$1.46B,$2.17B,0.67,$0.25B,$0.17B,68.65%,$0.25B,$0.02B,5.95%,$0.25B,$0.02B,5.95%,$0.25B,$0.13B,51.59%,$0.25B,$-0.01B,-2.78%,$0.25B,$0.05B,20.63%,$0.05B,$2.17B,2.38%,$0.05B,$2.17B,2.38%,$0.05B,$3.94B,1.30%,$0.02B,$3.62B,0.41%,$63,$19,$44,$0,$8,$56,$7,$-10,$-4,$0,$-4,$-4,$7,$37,$7,$83,83,$0.09,$0.09,$52,$0,$0,$215,$3171,$0,$0,$553,$3724,$3939,$209,$1455,$110,$1565,$1774,$0,$-47,$7,$2165,$3939,$-4,$30,$5,$35,$-2,$0,$0,$-1,$-8,$23,$-46,$0,$0,$23,$-2,$21,$-1,$-26,$29,$0,$29,$-32,$-32,$-23,$-5,$-30,$-34,$4,$-23
3,2017-12-31,26.8,$26.47,1.01,$2.99,8.96,$2.48,10.79,$0.72,37.22,$0.29B,$0.21B,1.39,$1.42B,$2.22B,0.64,$0.25B,$0.17B,68.53%,$0.25B,$0.02B,7.17%,$0.25B,$0.02B,7.17%,$0.25B,$0.13B,51.39%,$0.25B,$0.02B,6.77%,$0.25B,$0.06B,24.30%,$0.06B,$2.22B,2.78%,$0.06B,$2.22B,2.78%,$0.06B,$3.96B,1.51%,$0.02B,$3.64B,0.49%,$66,$23,$43,$0,$8,$71,$-5,$-6,$-11,$-0,$-11,$-24,$20,$25,$-5,$84,84,$0.26,$0.26,$86,$0,$0,$291,$3127,$0,$0,$542,$3669,$3960,$210,$1424,$110,$1535,$1745,$0,$-32,$3,$2216,$3960,$64,$111,$-54,$57,$-11,$0,$0,$1,$-2,$120,$86,$0,$0,$-11,$-7,$-17,$-59,$10,$-67,$0,$-67,$0,$0,$-100,$40,$-127,$3,$11,$-100
4,2017-09-30,27.76,$25.93,1.07,$2.91,9.54,$-2.72,0.0,$0.71,39.1,$0.37B,$0.21B,1.76,$1.60B,$2.17B,0.74,$0.24B,$0.17B,69.87%,$0.24B,$0.02B,10.04%,$0.24B,$0.02B,10.04%,$0.24B,$0.13B,54.39%,$0.24B,$0.06B,25.94%,$0.24B,$0.06B,25.10%,$0.06B,$2.17B,2.75%,$0.06B,$2.17B,2.75%,$0.06B,$4.09B,1.49%,$0.02B,$3.77B,0.65%,$63,$18,$44,$0,$8,$57,$6,$-5,$1,$0,$0,$13,$13,$34,$6,$84,84,$0.15,$0.15,$68,$0,$0,$371,$3142,$0,$0,$579,$3722,$4093,$211,$1603,$109,$1712,$1923,$0,$-30,$-1,$2170,$4093,$39,$81,$-16,$65,$-7,$0,$0,$-10,$-18,$87,$-91,$0,$0,$0,$-5,$-5,$-57,$-153,$114,$0,$114,$0,$0,$-78,$3,$38,$-27,$9,$-78
5,2017-06-30,26.73,$26.06,1.03,$2.72,9.83,$-3.75,0.0,$0.64,41.76,$0.37B,$0.22B,1.71,$1.54B,$2.18B,0.71,$0.22B,$0.16B,70.91%,$0.22B,$0.02B,8.64%,$0.22B,$0.02B,8.64%,$0.22B,$0.11B,51.36%,$0.22B,$0.06B,27.73%,$0.22B,$0.05B,24.09%,$0.05B,$2.18B,2.48%,$0.05B,$2.18B,2.50%,$0.05B,$4.05B,1.36%,$0.02B,$3.72B,0.53%,$60,$17,$42,$0,$9,$53,$7,$-0,$7,$0,$6,$6,$12,$34,$7,$84,84,$0.14,$0.14,$68,$0,$0,$368,$3167,$0,$0,$515,$3681,$4049,$216,$1544,$109,$1653,$1868,$0,$-21,$-1,$2180,$4049,$26,$53,$-7,$46,$-4,$0,$0,$-4,$-3,$69,$-78,$0,$0,$-10,$-4,$-15,$-11,$-103,$55,$0,$55,$0,$0,$-56,$8,$7,$-27,$7,$-56
6,2017-03-31,28.63,$26.26,1.09,$2.61,10.97,$-1.25,0.0,$0.74,38.7,$0.40B,$0.21B,1.92,$1.50B,$2.20B,0.68,$0.20B,$0.15B,72.06%,$0.20B,$0.02B,10.29%,$0.20B,$0.02B,10.29%,$0.20B,$0.10B,50.98%,$0.20B,$0.06B,31.37%,$0.20B,$0.06B,28.92%,$0.06B,$2.20B,2.90%,$0.06B,$2.20B,2.95%,$0.06B,$4.02B,1.59%,$0.02B,$3.70B,0.61%,$62,$19,$43,$0,$8,$52,$10,$10,$20,$0,$20,$20,$16,$36,$10,$84,84,$0.18,$0.18,$72,$0,$0,$399,$3132,$0,$0,$484,$3616,$4015,$208,$1502,$109,$1611,$1818,$0,$-12,$0,$2196,$4015,$20,$26,$-10,$16,$-7,$0,$0,$-5,$-11,$24,$-10,$0,$0,$-0,$-3,$-3,$-26,$-39,$14,$0,$14,$0,$0,$-34,$12,$-8,$-23,$4,$-34
7,2016-12-31,30.86,$26.05,1.18,$2.54,12.13,$0.12,262.64,$0.96,32.15,$0.42B,$0.21B,1.99,$1.49B,$2.18B,0.68,$0.19B,$0.14B,73.68%,$0.19B,$0.02B,11.05%,$0.19B,$0.02B,11.05%,$0.19B,$0.10B,50.00%,$0.19B,$0.05B,27.37%,$0.19B,$0.07B,37.89%,$0.07B,$2.18B,3.80%,$0.07B,$2.18B,3.92%,$0.07B,$4.00B,2.06%,$0.02B,$3.67B,0.65%,$54,$16,$38,$0,$10,$53,$1,$33,$34,$-0,$34,$-48,$19,$26,$1,$76,76,$0.22,$0.22,$95,$0,$0,$415,$3095,$0,$0,$486,$3581,$3996,$209,$1489,$120,$1609,$1818,$0,$-6,$-1,$2178,$3996,$135,$73,$-109,$-35,$-5,$0,$0,$17,$13,$112,$-321,$0,$0,$-157,$-72,$-229,$-61,$-611,$-48,$0,$-48,$450,$450,$-91,$187,$498,$-1,$14,$-91
8,2016-09-30,33.78,$24.85,1.36,$2.37,14.28,$2.60,13.0,$0.85,39.75,$0.38B,$0.04B,9.4,$1.30B,$2.01B,0.65,$0.17B,$0.12B,71.68%,$0.17B,$0.02B,9.83%,$0.17B,$0.02B,9.83%,$0.17B,$0.08B,47.98%,$0.17B,$-0.06B,-36.42%,$0.17B,$0.06B,35.84%,$0.06B,$2.01B,3.58%,$0.06B,$1.92B,3.70%,$0.06B,$3.58B,1.91%,$0.02B,$3.31B,0.56%,$44,$11,$33,$0,$13,$43,$1,$-1,$0,$0,$0,$0,$6,$17,$1,$78,79,$0.08,$0.08,$74,$0,$0,$383,$2743,$0,$94,$334,$3196,$3579,$41,$1296,$233,$1529,$1569,$0,$9,$-13,$2009,$3579,$100,$49,$-76,$-28,$-5,$0,$0,$-10,$-16,$56,$-142,$0,$0,$0,$-68,$-68,$-166,$-376,$-123,$0,$-123,$357,$357,$-72,$133,$296,$-24,$10,$-72
9,2016-06-30,32.89,$23.55,1.4,$2.63,12.49,$4.11,8.0,$0.97,33.91,$0.43B,$0.04B,11.09,$1.25B,$1.76B,0.71,$0.19B,$0.14B,72.58%,$0.19B,$0.04B,18.82%,$0.19B,$0.04B,18.82%,$0.19B,$0.10B,55.38%,$0.19B,$-0.04B,-23.66%,$0.19B,$0.07B,37.63%,$0.07B,$1.76B,4.36%,$0.07B,$1.70B,4.48%,$0.07B,$3.24B,2.26%,$0.04B,$3.01B,1.20%,$44,$11,$33,$0,$9,$34,$9,$0,$10,$0,$10,$26,$18,$25,$9,$73,73,$0.24,$0.24,$113,$0,$0,$425,$2383,$0,$62,$342,$2810,$3235,$38,$1245,$191,$1436,$1474,$0,$23,$-15,$1761,$3235,$100,$33,$-82,$-50,$-1,$0,$0,$-9,$-8,$43,$132,$0,$0,$25,$-63,$-39,$-180,$-87,$-116,$0,$-116,$141,$141,$-53,$83,$55,$11,$4,$-53
10,2016-03-31,32.29,$22.75,1.42,$2.80,11.52,$1.78,18.18,$1.11,29.09,$0.32B,$0.04B,8.31,$1.30B,$1.63B,0.8,$0.20B,$0.14B,73.33%,$0.20B,$0.04B,20.00%,$0.20B,$0.04B,20.00%,$0.20B,$0.11B,54.36%,$0.20B,$0.03B,15.90%,$0.20B,$0.08B,40.00%,$0.08B,$1.63B,5.05%,$0.08B,$1.56B,5.18%,$0.08B,$3.15B,2.57%,$0.04B,$2.93B,1.36%,$48,$12,$36,$0,$9,$38,$10,$-1,$8,$-0,$8,$74,$29,$27,$10,$71,71,$0.40,$0.40,$119,$0,$0,$315,$2459,$0,$64,$287,$2833,$3148,$38,$1297,$185,$1482,$1520,$0,$24,$-11,$1628,$3148,$74,$17,$-64,$-47,$-4,$0,$0,$-5,$-9,$18,$92,$0,$0,$-28,$-8,$-36,$16,$73,$-64,$0,$-64,$32,$32,$-35,$-11,$-79,$12,$4,$-35
11,2015-12-31,30.26,$21.65,1.4,$2.90,10.45,$-1.68,0.0,$0.95,31.85,$0.30B,$0.10B,2.93,$1.36B,$1.52B,0.89,$0.20B,$0.15B,72.86%,$0.20B,$0.04B,22.11%,$0.20B,$0.04B,22.11%,$0.20B,$0.11B,54.77%,$0.20B,$0.06B,31.66%,$0.20B,$0.07B,33.17%,$0.07B,$1.52B,4.40%,$0.07B,$1.52B,4.51%,$0.07B,$3.03B,2.23%,$0.04B,$2.88B,1.56%,$37,$15,$22,$0,$7,$39,$-3,$-79,$-81,$-0,$-81,$-81,$9,$14,$-3,$69,69,$0.12,$0.12,$110,$0,$0,$298,$2438,$0,$0,$297,$2735,$3032,$102,$1359,$51,$1409,$1511,$0,$13,$-4,$1521,$3032,$150,$64,$-108,$-44,$-6,$0,$0,$12,$7,$114,$-131,$0,$0,$-49,$-24,$-73,$-150,$-355,$124,$0,$124,$63,$63,$-86,$-5,$96,$-145,$7,$-86
12,2015-09-30,27.04,$21.94,1.23,$3.18,8.51,$-0.62,0.0,$0.97,27.88,$0.31B,$0.04B,7.41,$1.32B,$1.52B,0.87,$0.21B,$0.16B,75.24%,$0.21B,$0.06B,29.52%,$0.21B,$0.06B,29.52%,$0.21B,$0.12B,59.05%,$0.21B,$0.14B,67.14%,$0.21B,$0.07B,31.90%,$0.07B,$1.52B,4.53%,$0.07B,$1.47B,4.68%,$0.07B,$2.97B,2.32%,$0.06B,$2.83B,2.26%,$57,$12,$44,$0,$8,$38,$19,$-0,$19,$1,$18,$18,$14,$37,$19,$69,69,$0.20,$0.20,$116,$0,$0,$307,$2359,$0,$50,$219,$2661,$2968,$41,$1317,$95,$1412,$1454,$0,$39,$-7,$1515,$2968,$142,$48,$-108,$-60,$-2,$0,$0,$-2,$4,$85,$-56,$0,$0,$0,$-11,$-11,$-188,$-255,$72,$0,$72,$27,$27,$-70,$-5,$24,$-145,$6,$-70
13,2015-06-30,25.97,$22.08,1.18,$3.15,8.24,$1.38,18.85,$1.24,20.94,$0.37B,$0.04B,9.92,$1.33B,$1.52B,0.87,$0.20B,$0.15B,75.12%,$0.20B,$0.06B,28.86%,$0.20B,$0.06B,28.86%,$0.20B,$0.12B,57.71%,$0.20B,$0.23B,115.92%,$0.20B,$0.08B,40.30%,$0.08B,$1.52B,5.79%,$0.08B,$1.47B,5.98%,$0.08B,$2.97B,2.94%,$0.06B,$2.85B,2.21%,$53,$13,$41,$0,$8,$40,$13,$72,$85,$-0,$85,$85,$26,$28,$13,$69,69,$0.38,$0.38,$166,$0,$0,$372,$2301,$0,$48,$220,$2601,$2974,$38,$1327,$90,$1416,$1454,$0,$42,$-3,$1520,$2974,$124,$29,$-100,$-71,$-2,$0,$0,$-1,$1,$54,$-50,$0,$0,$0,$-7,$-7,$-152,$-208,$81,$0,$81,$21,$21,$-53,$-7,$41,$-113,$4,$-53
14,2015-03-31,30.87,$20.98,1.47,$3.23,9.55,$0.59,52.71,$1.05,29.4,$0.32B,$0.04B,8.82,$1.31B,$1.44B,0.91,$0.20B,$0.15B,74.75%,$0.20B,$0.06B,32.32%,$0.20B,$0.06B,32.32%,$0.20B,$0.12B,60.10%,$0.20B,$0.16B,80.30%,$0.20B,$0.07B,33.33%,$0.07B,$1.44B,5.01%,$0.07B,$1.40B,5.18%,$0.07B,$2.87B,2.53%,$0.06B,$2.75B,2.58%,$52,$14,$38,$0,$8,$37,$15,$25,$40,$1,$39,$39,$17,$30,$15,$68,68,$0.24,$0.24,$184,$0,$0,$321,$2234,$0,$46,$238,$2549,$2871,$36,$1305,$88,$1393,$1429,$0,$32,$-7,$1442,$2871,$39,$14,$-27,$-13,$-1,$0,$0,$-0,$1,$27,$-157,$0,$0,$-1,$-3,$-4,$-74,$-235,$139,$0,$139,$19,$19,$-37,$-11,$110,$-98,$2,$-37
15,2014-12-31,28.15,$21.08,1.34,$3.30,8.53,$1.27,22.1,$1.19,23.66,$0.41B,$0.03B,11.99,$1.12B,$1.44B,0.78,$0.19B,$0.14B,74.61%,$0.19B,$0.06B,33.16%,$0.19B,$0.06B,33.16%,$0.19B,$0.12B,60.10%,$0.19B,$0.14B,71.50%,$0.19B,$0.07B,36.79%,$0.07B,$1.44B,5.72%,$0.07B,$1.39B,5.93%,$0.07B,$2.72B,2.87%,$0.06B,$2.56B,2.72%,$48,$13,$35,$0,$7,$34,$15,$-18,$-3,$1,$-4,$-4,$10,$29,$15,$59,59,$0.14,$0.14,$269,$0,$0,$408,$1953,$0,$45,$241,$2313,$2721,$34,$1119,$107,$1251,$1285,$0,$32,$-4,$1436,$2721,$152,$53,$-113,$-61,$-8,$0,$0,$3,$-9,$83,$-35,$0,$0,$0,$-157,$-157,$-77,$-269,$108,$0,$108,$357,$357,$-53,$-88,$324,$138,$7,$-53
16,2014-09-30,23.84,$20.01,1.19,$3.29,7.25,$1.38,17.31,$1.26,18.92,$0.34B,$0.04B,7.76,$1.14B,$1.20B,0.95,$0.19B,$0.14B,75.13%,$0.19B,$0.06B,31.22%,$0.19B,$0.06B,31.22%,$0.19B,$0.11B,57.14%,$0.19B,$0.15B,77.78%,$0.19B,$0.07B,38.62%,$0.07B,$1.20B,6.28%,$0.07B,$1.16B,6.51%,$0.07B,$2.46B,3.09%,$0.06B,$2.34B,2.62%,$48,$11,$37,$0,$7,$32,$15,$96,$111,$-0,$111,$111,$28,$29,$15,$60,60,$0.47,$0.47,$207,$0,$0,$335,$1864,$0,$44,$182,$2120,$2455,$43,$1141,$68,$1209,$1252,$0,$59,$-2,$1202,$2455,$142,$38,$-113,$-74,$-4,$0,$0,$-6,$-6,$62,$83,$0,$0,$0,$-60,$-60,$-83,$-59,$95,$0,$95,$114,$114,$-39,$-120,$49,$52,$6,$-39
17,2014-06-30,24.08,$20.16,1.19,$3.23,7.46,$-2.61,0.0,$0.96,25.09,$0.31B,$0.04B,7.85,$1.07B,$1.19B,0.9,$0.18B,$0.14B,74.18%,$0.18B,$0.06B,31.32%,$0.18B,$0.06B,31.32%,$0.18B,$0.10B,57.14%,$0.18B,$0.04B,23.63%,$0.18B,$0.05B,29.67%,$0.05B,$1.19B,4.74%,$0.05B,$1.15B,4.90%,$0.05B,$2.37B,2.31%,$0.06B,$2.27B,2.60%,$50,$11,$38,$0,$7,$31,$19,$-8,$11,$-0,$11,$11,$11,$31,$19,$58,58,$0.19,$0.19,$183,$0,$0,$311,$1741,$0,$42,$248,$2062,$2372,$40,$1074,$66,$1140,$1180,$0,$44,$-2,$1192,$2372,$31,$25,$-10,$14,$-1,$0,$0,$1,$1,$46,$-88,$0,$0,$0,$-28,$-28,$-53,$-169,$57,$0,$57,$88,$88,$-26,$11,$131,$8,$4,$-26
18,2014-03-31,22.44,$19.93,1.13,$3.12,7.2,$-3.19,0.0,$0.93,24.12,$0.34B,$0.04B,8.13,$1.11B,$1.13B,0.98,$0.17B,$0.13B,73.99%,$0.17B,$0.05B,30.64%,$0.17B,$0.05B,30.64%,$0.17B,$0.10B,57.80%,$0.17B,$0.04B,20.81%,$0.17B,$0.05B,30.06%,$0.05B,$1.13B,4.64%,$0.05B,$1.09B,4.79%,$0.05B,$2.35B,2.24%,$0.05B,$2.24B,2.43%,$47,$13,$34,$0,$7,$32,$15,$5,$19,$0,$19,$19,$22,$27,$15,$56,56,$0.38,$0.38,$187,$0,$0,$337,$1691,$0,$40,$229,$2009,$2346,$41,$1109,$65,$1174,$1215,$0,$46,$-0,$1131,$2346,$19,$12,$-11,$1,$-0,$0,$0,$0,$2,$22,$-91,$0,$0,$0,$-22,$-22,$-8,$-120,$92,$0,$92,$24,$24,$-13,$-11,$92,$-6,$2,$-13
19,2013-12-31,20.93,$20.16,1.04,$3.07,6.81,$-3.51,0.0,$0.73,28.67,$0.37B,$0.04B,9.59,$1.04B,$1.12B,0.93,$0.17B,$0.13B,75.60%,$0.17B,$0.05B,32.14%,$0.17B,$0.05B,32.14%,$0.17B,$0.10B,60.12%,$0.17B,$0.03B,15.48%,$0.17B,$0.04B,23.81%,$0.04B,$1.12B,3.61%,$0.04B,$1.09B,3.72%,$0.04B,$2.27B,1.74%,$0.05B,$2.16B,2.49%,$44,$11,$33,$0,$8,$34,$10,$-4,$6,$-0,$6,$6,$12,$21,$10,$55,55,$0.21,$0.21,$209,$0,$0,$365,$1590,$0,$34,$226,$1900,$2265,$38,$1040,$63,$1105,$1143,$0,$38,$1,$1122,$2265,$45,$46,$-9,$37,$1,$0,$0,$-23,$-17,$65,$-16,$0,$0,$0,$-56,$-56,$-16,$-88,$135,$0,$135,$81,$81,$-44,$-161,$10,$-13,$8,$-44
20,2013-09-30,20.62,$20.08,1.03,$3.00,6.86,$0.26,78.66,$0.93,22.17,$0.36B,$0.04B,9.86,$1.01B,$1.11B,0.9,$0.16B,$0.12B,73.29%,$0.16B,$0.05B,33.54%,$0.16B,$0.05B,33.54%,$0.16B,$0.10B,62.11%,$0.16B,$0.02B,14.91%,$0.16B,$0.05B,30.43%,$0.05B,$1.11B,4.47%,$0.05B,$1.08B,4.60%,$0.05B,$2.35B,2.21%,$0.05B,$2.12B,2.64%,$41,$11,$30,$0,$5,$28,$13,$-6,$7,$0,$7,$7,$9,$25,$13,$55,55,$0.17,$0.17,$243,$0,$0,$362,$1465,$0,$33,$244,$1988,$2349,$37,$1005,$63,$1200,$1236,$0,$38,$-1,$1113,$2349,$30,$35,$-4,$31,$-4,$0,$0,$-20,$-19,$42,$-128,$0,$0,$16,$-54,$-38,$6,$-160,$220,$0,$220,$76,$76,$-32,$-148,$115,$-3,$5,$-32
21,2013-06-30,20.45,$20.09,1.02,$2.88,7.1,$0.62,33.17,$0.92,22.23,$0.41B,$0.03B,13.4,$1.09B,$1.11B,0.98,$0.15B,$0.11B,73.15%,$0.15B,$0.05B,32.21%,$0.15B,$0.05B,32.21%,$0.15B,$0.09B,62.42%,$0.15B,$0.02B,10.07%,$0.15B,$0.05B,32.21%,$0.05B,$1.11B,4.57%,$0.05B,$1.08B,4.71%,$0.05B,$2.31B,2.28%,$0.05B,$2.21B,2.44%,$41,$10,$31,$0,$6,$26,$15,$-11,$4,$0,$4,$4,$9,$27,$15,$55,55,$0.16,$0.16,$275,$0,$0,$413,$1584,$0,$32,$229,$1897,$2311,$31,$1093,$61,$1166,$1197,$0,$40,$-1,$1114,$2311,$21,$23,$-3,$20,$-2,$0,$0,$-12,$-16,$25,$-97,$0,$0,$0,$-51,$-51,$47,$-101,$197,$0,$197,$76,$76,$-21,$-167,$84,$8,$3,$-21
22,2013-03-31,22.81,$19.93,1.14,$2.87,7.94,$0.45,50.43,$0.91,25.06,$0.39B,$0.03B,12.63,$1.10B,$1.09B,1.01,$0.14B,$0.10B,71.63%,$0.14B,$0.04B,29.79%,$0.14B,$0.04B,29.79%,$0.14B,$0.09B,60.99%,$0.14B,$0.02B,12.06%,$0.14B,$0.05B,32.62%,$0.05B,$1.09B,4.62%,$0.05B,$1.06B,4.76%,$0.05B,$2.30B,2.31%,$0.04B,$2.19B,2.26%,$42,$9,$33,$0,$6,$26,$16,$-7,$9,$-0,$10,$10,$10,$28,$16,$53,53,$0.18,$0.18,$254,$0,$0,$392,$1543,$0,$32,$268,$1903,$2296,$31,$1102,$64,$1178,$1209,$0,$43,$-5,$1087,$2296,$11,$11,$-1,$10,$-1,$0,$0,$-16,$-17,$4,$-87,$0,$0,$0,$-0,$-0,$-12,$-99,$207,$0,$207,$52,$52,$-9,$-165,$85,$-10,$1,$-9
23,2012-12-31,20.44,$20.39,1.0,$2.78,7.36,$1.14,17.95,$0.82,24.93,$0.26B,$0.03B,9.21,$0.61B,$1.07B,0.57,$0.13B,$0.09B,68.99%,$0.13B,$0.03B,25.58%,$0.13B,$0.03B,25.58%,$0.13B,$0.08B,58.14%,$0.13B,$0.01B,6.98%,$0.13B,$0.04B,31.01%,$0.04B,$1.07B,4.30%,$0.04B,$1.04B,4.43%,$0.04B,$1.91B,2.17%,$0.03B,$1.68B,1.92%,$37,$13,$24,$0,$5,$28,$10,$-6,$4,$-2,$6,$6,$21,$20,$10,$50,51,$0.42,$0.42,$108,$0,$0,$255,$1117,$0,$29,$250,$1653,$1908,$28,$613,$61,$810,$838,$0,$45,$-4,$1070,$1908,$90,$42,$-65,$-22,$-7,$0,$0,$4,$-9,$59,$177,$0,$0,$0,$-161,$-161,$-153,$-137,$-115,$0,$-115,$223,$223,$-32,$4,$80,$2,$3,$-32
24,2012-09-30,20.09,$19.70,1.02,$2.73,7.37,$-3.25,0.0,$0.59,34.04,$0.21B,$0.04B,6.16,$0.87B,$0.93B,0.94,$0.12B,$0.09B,70.25%,$0.12B,$0.03B,24.79%,$0.12B,$0.03B,24.79%,$0.12B,$0.07B,60.33%,$0.12B,$0.00B,3.31%,$0.12B,$0.03B,22.31%,$0.03B,$0.93B,3.16%,$0.03B,$0.90B,3.26%,$0.03B,$1.90B,1.51%,$0.03B,$1.80B,1.82%,$29,$8,$21,$0,$6,$22,$7,$-9,$-2,$-0,$-1,$-1,$8,$18,$7,$46,47,$0.16,$0.16,$104,$0,$0,$214,$1500,$0,$29,$127,$1686,$1900,$35,$872,$64,$936,$971,$0,$33,$-5,$929,$1900,$21,$32,$-3,$29,$-6,$0,$0,$-5,$-14,$36,$-93,$0,$0,$0,$-19,$-19,$-78,$-190,$25,$0,$25,$97,$97,$-24,$52,$150,$-5,$3,$-24
25,2012-06-30,18.63,$19.68,0.95,$2.99,6.22,$-2.23,0.0,$0.53,35.14,$0.20B,$0.04B,5.41,$0.86B,$0.90B,0.95,$0.13B,$0.09B,69.53%,$0.13B,$0.03B,25.78%,$0.13B,$0.03B,25.78%,$0.13B,$0.08B,58.59%,$0.13B,$0.01B,7.03%,$0.13B,$0.02B,17.97%,$0.02B,$0.90B,2.93%,$0.02B,$0.87B,3.03%,$0.02B,$1.85B,1.35%,$0.03B,$1.75B,2.09%,$33,$9,$23,$0,$5,$24,$9,$-2,$6,$1,$5,$5,$7,$20,$9,$44,45,$0.15,$0.15,$86,$0,$0,$204,$1486,$0,$27,$108,$1650,$1854,$38,$855,$62,$917,$955,$0,$34,$-4,$899,$1854,$14,$21,$1,$22,$-3,$0,$0,$-1,$-2,$33,$-99,$0,$0,$0,$-3,$-3,$-65,$-168,$7,$0,$7,$61,$61,$-15,$59,$111,$-23,$2,$-15
26,2012-03-31,17.97,$18.90,0.95,$3.18,5.64,$-0.77,0.0,$1.12,16.04,$0.17B,$0.04B,4.99,$0.81B,$0.82B,0.99,$0.13B,$0.09B,69.17%,$0.13B,$0.04B,27.07%,$0.13B,$0.04B,27.07%,$0.13B,$0.08B,57.14%,$0.13B,$0.01B,4.51%,$0.13B,$0.05B,34.59%,$0.05B,$0.82B,6.35%,$0.05B,$0.80B,6.57%,$0.05B,$1.73B,2.79%,$0.04B,$1.64B,2.36%,$30,$9,$21,$0,$6,$23,$7,$-7,$1,$0,$0,$0,$4,$17,$7,$43,43,$0.09,$0.09,$68,$0,$0,$173,$1377,$0,$26,$124,$1554,$1727,$35,$813,$56,$869,$903,$0,$36,$-3,$823,$1727,$3,$10,$2,$11,$1,$0,$0,$-0,$-2,$12,$-49,$0,$0,$0,$-2,$-2,$-37,$-87,$1,$0,$1,$8,$8,$-8,$34,$35,$-40,$1,$-8
27,2011-12-31,15.8,$18.06,0.87,$3.42,4.62,$0.40,39.67,$1.26,12.54,$0.20B,$0.04B,5.33,$0.65B,$0.77B,0.84,$0.14B,$0.10B,69.29%,$0.14B,$0.04B,30.00%,$0.14B,$0.04B,30.00%,$0.14B,$0.08B,57.86%,$0.14B,$0.01B,7.14%,$0.14B,$0.05B,36.43%,$0.05B,$0.77B,7.65%,$0.05B,$0.74B,7.91%,$0.05B,$1.65B,3.17%,$0.04B,$1.42B,2.82%,$29,$9,$20,$0,$6,$21,$7,$-9,$-1,$0,$-2,$-2,$8,$18,$7,$42,42,$0.19,$0.19,$110,$0,$0,$195,$938,$0,$27,$110,$1459,$1653,$37,$649,$54,$847,$884,$0,$39,$-4,$769,$1653,$54,$38,$-34,$5,$-9,$0,$0,$2,$7,$66,$-53,$0,$0,$0,$-55,$-55,$-45,$-153,$-65,$0,$-65,$45,$45,$-29,$106,$57,$-31,$4,$-29
28,2011-09-30,14.54,$16.10,0.9,$2.88,5.05,$1.14,12.81,$1.24,11.73,$0.19B,$0.03B,5.94,$0.87B,$0.65B,1.34,$0.12B,$0.08B,71.79%,$0.12B,$0.04B,33.33%,$0.12B,$0.04B,33.33%,$0.12B,$0.08B,68.38%,$0.12B,$0.02B,16.24%,$0.12B,$0.05B,42.74%,$0.05B,$0.65B,8.05%,$0.05B,$0.63B,8.32%,$0.05B,$1.61B,3.17%,$0.04B,$1.52B,2.61%,$36,$11,$25,$0,$6,$26,$10,$-7,$3,$-0,$4,$4,$4,$20,$10,$40,41,$0.10,$0.10,$126,$0,$0,$190,$1259,$0,$23,$106,$1416,$1606,$32,$871,$53,$925,$957,$0,$39,$-4,$650,$1606,$39,$28,$-19,$9,$-7,$0,$0,$-6,$-9,$39,$-47,$0,$0,$0,$-47,$-47,$-5,$-99,$20,$0,$20,$0,$0,$-22,$39,$37,$-23,$3,$-22
29,2011-06-30,15.66,$16.22,0.97,$2.93,5.35,$1.88,8.32,$1.27,12.33,$0.25B,$0.04B,6.79,$0.87B,$0.65B,1.33,$0.12B,$0.09B,71.43%,$0.12B,$0.04B,34.45%,$0.12B,$0.04B,34.45%,$0.12B,$0.08B,69.75%,$0.12B,$0.02B,15.97%,$0.12B,$0.05B,42.86%,$0.05B,$0.65B,8.47%,$0.05B,$0.63B,8.75%,$0.05B,$1.61B,3.30%,$0.04B,$1.53B,2.80%,$38,$12,$26,$0,$6,$26,$12,$-9,$3,$0,$3,$3,$30,$21,$12,$40,41,$0.75,$0.74,$180,$0,$0,$247,$1229,$0,$21,$92,$1366,$1613,$36,$871,$52,$922,$959,$0,$42,$-2,$654,$1613,$35,$19,$-23,$-4,$-4,$0,$0,$-7,$-10,$20,$-21,$0,$0,$0,$-42,$-42,$18,$-45,$27,$0,$27,$-1,$-1,$-15,$41,$53,$28,$2,$-15
30,2011-03-31,14.44,$14.70,0.98,$2.88,5.01,$2.40,6.01,$0.85,16.99,$0.25B,$0.02B,10.23,$0.89B,$0.59B,1.51,$0.12B,$0.08B,72.41%,$0.12B,$0.04B,36.21%,$0.12B,$0.04B,36.21%,$0.12B,$0.08B,71.55%,$0.12B,$0.05B,46.55%,$0.12B,$0.03B,29.31%,$0.03B,$0.59B,5.83%,$0.03B,$0.58B,6.03%,$0.03B,$1.56B,2.25%,$0.04B,$1.49B,2.94%,$37,$12,$26,$0,$6,$25,$13,$-7,$5,$0,$5,$5,$9,$22,$13,$40,40,$0.23,$0.23,$133,$0,$0,$246,$1173,$0,$18,$100,$1315,$1561,$24,$893,$51,$944,$968,$0,$19,$-2,$593,$1561,$10,$9,$-3,$6,$-2,$0,$0,$-7,$-11,$5,$8,$0,$0,$1,$-41,$-40,$-17,$-49,$40,$0,$40,$-1,$-1,$-7,$-1,$31,$-13,$1,$-7
31,2010-12-31,13.79,$14.60,0.94,$2.89,4.78,$2.32,5.93,$0.75,18.39,$0.26B,$0.03B,9.41,$0.86B,$0.59B,1.46,$0.12B,$0.08B,71.55%,$0.12B,$0.04B,33.62%,$0.12B,$0.04B,33.62%,$0.12B,$0.08B,69.83%,$0.12B,$0.05B,43.97%,$0.12B,$0.03B,25.86%,$0.03B,$0.59B,5.27%,$0.03B,$0.57B,5.46%,$0.03B,$1.53B,2.06%,$0.04B,$1.44B,2.82%,$6,$-1,$7,$0,$4,$2,$4,$4,$8,$1,$7,$7,$7,$17,$4,$40,40,$0.15,$0.15,$149,$0,$0,$258,$1149,$0,$19,$51,$1267,$1525,$27,$855,$54,$910,$937,$0,$17,$-3,$588,$1525,$51,$42,$-30,$11,$-7,$0,$0,$-12,$-17,$44,$-3,$0,$0,$0,$-19,$-19,$-39,$-61,$48,$0,$48,$-1,$-1,$-29,$25,$43,$27,$4,$-29
32,2010-09-30,14.22,$14.26,1.0,$3.41,4.18,$2.85,4.99,$0.74,19.22,$0.25B,$0.03B,7.9,$0.83B,$0.57B,1.45,$0.14B,$0.09B,67.41%,$0.14B,$0.04B,32.59%,$0.14B,$0.04B,32.59%,$0.14B,$0.08B,62.22%,$0.14B,$0.04B,31.11%,$0.14B,$0.03B,21.48%,$0.03B,$0.57B,5.22%,$0.03B,$0.55B,5.43%,$0.03B,$1.49B,2.04%,$0.04B,$1.41B,3.26%,$38,$11,$26,$0,$5,$25,$12,$-10,$3,$1,$2,$2,$5,$23,$12,$40,40,$0.13,$0.13,$140,$0,$0,$246,$1158,$0,$20,$39,$1245,$1491,$31,$832,$54,$886,$917,$0,$17,$-3,$574,$1491,$41,$29,$-32,$-3,$-3,$0,$0,$-18,$-15,$23,$0,$0,$0,$0,$-63,$-63,$40,$-23,$25,$0,$25,$-1,$-1,$-23,$16,$17,$17,$3,$-23
33,2010-06-30,12.47,$14.37,0.87,$3.45,3.62,$3.51,3.56,$0.79,15.79,$0.22B,$0.02B,9.41,$0.81B,$0.58B,1.4,$0.14B,$0.09B,68.38%,$0.14B,$0.04B,32.35%,$0.14B,$0.04B,32.35%,$0.14B,$0.08B,61.76%,$0.14B,$0.04B,28.68%,$0.14B,$0.03B,22.79%,$0.03B,$0.58B,5.73%,$0.03B,$0.56B,5.97%,$0.03B,$1.46B,2.21%,$0.04B,$1.39B,3.31%,$35,$10,$25,$0,$5,$22,$13,$25,$38,$1,$37,$37,$13,$21,$13,$40,40,$0.32,$0.32,$79,$0,$0,$222,$1142,$0,$20,$50,$1240,$1462,$24,$809,$52,$862,$886,$0,$20,$-3,$577,$1462,$39,$18,$-33,$-15,$-1,$0,$0,$-0,$-4,$20,$0,$0,$0,$0,$-39,$-39,$1,$-38,$3,$0,$3,$-1,$-1,$-15,$17,$3,$-15,$2,$-15
34,2010-03-31,13.11,$13.41,0.98,$3.48,3.77,$1.20,10.89,$0.65,20.16,$0.22B,$0.01B,15.12,$0.76B,$0.54B,1.4,$0.14B,$0.09B,67.65%,$0.14B,$0.04B,27.21%,$0.14B,$0.04B,27.21%,$0.14B,$0.08B,55.15%,$0.14B,$0.00B,2.21%,$0.14B,$0.03B,18.38%,$0.03B,$0.54B,4.75%,$0.03B,$0.52B,4.97%,$0.03B,$1.36B,1.81%,$0.04B,$1.29B,2.82%,$37,$12,$25,$0,$5,$28,$10,$-8,$2,$0,$1,$1,$5,$20,$10,$40,40,$0.13,$0.13,$73,$0,$0,$218,$1017,$0,$21,$76,$1142,$1360,$14,$755,$53,$808,$822,$0,$14,$-3,$538,$1360,$2,$10,$0,$11,$-2,$0,$0,$1,$-3,$9,$0,$0,$0,$0,$-11,$-11,$-0,$-12,$-26,$0,$-26,$-1,$-1,$-8,$9,$-26,$-28,$1,$-8
35,2009-12-31,12.26,$13.38,0.92,$3.58,3.42,$1.82,6.74,$0.82,14.95,$0.24B,$0.02B,13.92,$0.78B,$0.53B,1.47,$0.13B,$0.09B,67.91%,$0.13B,$0.04B,26.87%,$0.13B,$0.04B,26.87%,$0.13B,$0.08B,56.72%,$0.13B,$0.00B,1.49%,$0.13B,$0.03B,22.39%,$0.03B,$0.53B,5.93%,$0.03B,$0.51B,6.25%,$0.03B,$1.38B,2.15%,$0.04B,$1.31B,2.73%,$25,$11,$15,$0,$5,$16,$9,$-10,$-1,$1,$-2,$-1,$6,$20,$9,$38,38,$0.15,$0.15,$102,$0,$0,$244,$1009,$0,$22,$74,$1138,$1382,$18,$780,$52,$832,$850,$0,$16,$-3,$532,$1382,$13,$39,$4,$42,$-8,$0,$2,$5,$-8,$47,$12,$0,$0,$0,$-133,$-133,$-2,$-123,$31,$0,$31,$61,$61,$-30,$21,$83,$7,$4,$-30
36,2009-09-30,10.83,$13.02,0.83,$3.67,2.95,$2.90,3.74,$0.54,20.06,$0.26B,$0.02B,14.3,$0.81B,$0.52B,1.56,$0.14B,$0.09B,67.41%,$0.14B,$0.02B,14.81%,$0.14B,$0.02B,14.81%,$0.14B,$0.06B,43.70%,$0.14B,$-0.01B,-8.15%,$0.14B,$0.02B,14.07%,$0.02B,$0.52B,3.93%,$0.02B,$0.49B,4.14%,$0.02B,$1.40B,1.39%,$0.02B,$1.33B,1.55%,$39,$11,$28,$0,$5,$27,$12,$-12,$0,$-0,$1,$1,$7,$23,$12,$40,40,$0.18,$0.18,$127,$0,$0,$263,$1007,$0,$23,$74,$1135,$1397,$18,$807,$54,$861,$880,$0,$17,$-3,$518,$1397,$9,$27,$6,$34,$-6,$0,$0,$7,$-3,$39,$9,$0,$0,$9,$-118,$-109,$-11,$-110,$58,$0,$58,$63,$63,$-25,$7,$102,$31,$3,$-25
37,2009-06-30,9.28,$13.03,0.71,$3.52,2.64,$3.11,2.98,$0.51,18.19,$0.25B,$0.02B,10.95,$0.80B,$0.52B,1.55,$0.12B,$0.08B,66.94%,$0.12B,$0.01B,10.48%,$0.12B,$0.01B,10.48%,$0.12B,$0.05B,41.94%,$0.12B,$-0.01B,-6.45%,$0.12B,$0.02B,12.90%,$0.02B,$0.52B,3.84%,$0.02B,$0.49B,4.08%,$0.02B,$1.40B,1.19%,$0.01B,$1.32B,1.08%,$35,$11,$24,$0,$5,$29,$6,$-4,$2,$1,$1,$1,$7,$12,$6,$39,39,$0.18,$0.18,$115,$0,$0,$253,$1010,$0,$27,$80,$1142,$1395,$23,$801,$54,$855,$878,$0,$17,$-3,$517,$1395,$8,$17,$2,$19,$-3,$0,$0,$3,$2,$28,$-98,$0,$0,$1,$-3,$-2,$-4,$-105,$52,$0,$52,$63,$63,$-17,$-0,$97,$21,$2,$-17
38,2009-03-31,7.44,$11.51,0.65,$4.11,1.81,$-0.37,0.0,$0.87,8.55,$0.26B,$0.02B,13.57,$0.87B,$0.46B,1.9,$0.14B,$0.10B,72.34%,$0.14B,$0.04B,26.24%,$0.14B,$0.04B,26.24%,$0.14B,$0.08B,55.32%,$0.14B,$0.02B,12.77%,$0.14B,$0.03B,18.44%,$0.03B,$0.46B,7.40%,$0.03B,$0.43B,7.88%,$0.03B,$1.40B,1.99%,$0.04B,$1.32B,3.33%,$35,$11,$24,$0,$6,$26,$9,$-8,$1,$-1,$2,$1,$10,$21,$9,$33,34,$0.31,$0.31,$122,$0,$0,$263,$1007,$0,$30,$77,$1135,$1398,$19,$865,$58,$922,$942,$0,$17,$-4,$456,$1398,$7,$11,$-5,$6,$-2,$0,$0,$11,$6,$19,$9,$0,$0,$1,$-98,$-98,$-0,$-89,$112,$0,$112,$-3,$-3,$-10,$-1,$99,$29,$1,$-10
39,2008-12-31,9.81,$13.67,0.72,$3.89,2.52,$-1.37,0.0,$0.84,11.68,$0.23B,$0.02B,10.45,$0.75B,$0.44B,1.71,$0.13B,$0.10B,73.13%,$0.13B,$0.04B,26.87%,$0.13B,$0.04B,26.87%,$0.13B,$0.07B,53.73%,$0.13B,$0.03B,23.88%,$0.13B,$0.02B,17.91%,$0.02B,$0.44B,8.07%,$0.02B,$0.42B,8.58%,$0.02B,$1.29B,1.91%,$0.04B,$1.20B,3.57%,$26,$11,$15,$0,$5,$33,$-7,$-6,$-14,$1,$-15,$-15,$-5,$3,$-7,$34,34,$-0.14,$-0.15,$93,$0,$0,$232,$927,$0,$19,$87,$1060,$1291,$22,$754,$72,$827,$849,$0,$14,$-5,$442,$1291,$37,$37,$1,$38,$-2,$0,$0,$-15,$-9,$67,$24,$0,$0,$20,$-253,$-233,$-93,$-302,$207,$0,$207,$-1,$-1,$-35,$28,$199,$-37,$3,$-35
40,2008-09-30,17.1,$7.83,2.18,$3.94,4.34,$-0.36,0.0,$1.23,13.9,$0.19B,$0.02B,10.37,$0.75B,$0.25B,2.94,$0.14B,$0.10B,75.56%,$0.14B,$0.05B,35.56%,$0.14B,$0.05B,35.56%,$0.14B,$0.08B,62.22%,$0.14B,$0.04B,28.89%,$0.14B,$0.04B,26.67%,$0.04B,$0.25B,14.56%,$0.04B,$0.23B,15.64%,$0.04B,$1.29B,3.05%,$0.05B,$1.00B,5.34%,$28,$9,$20,$0,$7,$23,$5,$-2,$3,$0,$3,$3,$4,$16,$5,$34,34,$0.13,$0.13,$93,$0,$0,$192,$906,$0,$23,$137,$1101,$1294,$19,$745,$49,$1022,$1040,$0,$25,$-1,$253,$1294,$51,$27,$-18,$8,$0,$0,$0,$-39,$-34,$25,$24,$0,$0,$-30,$-269,$-299,$-0,$-275,$188,$0,$188,$-1,$-1,$-42,$44,$188,$-62,$3,$-42
41,2008-06-30,15.53,$7.86,1.98,$3.85,4.04,$0.69,22.35,$1.33,11.68,$0.13B,$0.02B,8.39,$0.68B,$0.25B,2.67,$0.13B,$0.10B,77.10%,$0.13B,$0.05B,38.17%,$0.13B,$0.05B,38.17%,$0.13B,$0.08B,62.60%,$0.13B,$0.04B,32.82%,$0.13B,$0.04B,30.53%,$0.04B,$0.25B,16.29%,$0.04B,$0.24B,17.39%,$0.04B,$1.23B,3.67%,$0.05B,$0.93B,6.00%,$52,$9,$43,$0,$6,$22,$30,$-2,$28,$0,$27,$27,$17,$38,$30,$34,34,$0.51,$0.51,$62,$0,$0,$134,$891,$0,$15,$158,$1100,$1234,$16,$679,$48,$964,$980,$0,$27,$-1,$254,$1234,$48,$15,$-44,$-29,$1,$0,$0,$-39,$-35,$-16,$-165,$0,$0,$-3,$-45,$-47,$-1,$-214,$121,$0,$121,$-1,$-1,$-27,$43,$137,$-93,$2,$-27
42,2008-03-31,16.06,$7.47,2.15,$2.99,5.38,$8.07,1.99,$0.88,18.24,$0.17B,$0.02B,11.01,$0.67B,$0.24B,2.76,$0.10B,$0.08B,75.00%,$0.10B,$0.03B,25.00%,$0.10B,$0.03B,25.00%,$0.10B,$0.06B,56.00%,$0.10B,$0.02B,18.00%,$0.10B,$0.03B,26.00%,$0.03B,$0.24B,10.71%,$0.03B,$0.23B,11.48%,$0.03B,$1.20B,2.59%,$0.03B,$0.91B,3.22%,$28,$8,$20,$0,$6,$20,$8,$7,$15,$2,$13,$13,$8,$15,$8,$34,34,$0.24,$0.24,$103,$0,$0,$173,$862,$0,$15,$93,$1023,$1197,$16,$666,$52,$940,$956,$0,$16,$-2,$241,$1197,$13,$7,$-12,$-4,$-1,$0,$0,$-14,$-15,$-5,$0,$0,$0,$0,$-156,$-156,$-1,$-157,$108,$0,$108,$-1,$-1,$-15,$43,$135,$-27,$1,$-15
43,2007-12-31,16.88,$7.48,2.26,$2.85,5.92,$7.95,2.12,$0.81,20.84,$0.20B,$0.02B,13.23,$0.52B,$0.24B,2.15,$0.10B,$0.07B,75.79%,$0.10B,$0.02B,24.21%,$0.10B,$0.02B,24.21%,$0.10B,$0.05B,56.84%,$0.10B,$0.01B,6.32%,$0.10B,$0.03B,26.32%,$0.03B,$0.24B,10.26%,$0.03B,$0.23B,10.98%,$0.03B,$1.00B,2.74%,$0.02B,$0.76B,3.17%,$27,$8,$19,$0,$7,$22,$5,$-12,$-7,$0,$-7,$-7,$7,$15,$5,$34,34,$0.20,$0.19,$130,$0,$0,$201,$683,$0,$16,$61,$798,$999,$15,$518,$54,$743,$758,$0,$14,$-1,$241,$999,$41,$31,$-1,$30,$-2,$0,$0,$32,$35,$105,$20,$0,$0,$-3,$-250,$-254,$25,$-209,$72,$0,$72,$-0,$-0,$-90,$106,$87,$-16,$3,$-90
44,2007-09-30,17.59,$7.63,2.3,$2.56,6.88,$4.05,4.35,$1.31,13.43,$0.19B,$0.01B,16.4,$0.49B,$0.25B,1.99,$0.09B,$0.07B,80.00%,$0.09B,$0.02B,27.06%,$0.09B,$0.02B,27.06%,$0.09B,$0.05B,60.00%,$0.09B,$0.02B,18.82%,$0.09B,$0.04B,51.76%,$0.04B,$0.25B,18.05%,$0.04B,$0.23B,19.23%,$0.04B,$0.94B,5.02%,$0.02B,$0.74B,3.28%,$24,$5,$19,$0,$5,$16,$7,$-0,$7,$-0,$7,$7,$8,$14,$7,$32,33,$0.26,$0.26,$140,$0,$0,$187,$637,$0,$17,$57,$748,$935,$11,$489,$43,$678,$689,$0,$14,$-0,$246,$935,$18,$21,$18,$39,$1,$0,$0,$21,$24,$82,$0,$0,$0,$2,$-161,$-159,$26,$-132,$54,$0,$54,$-0,$-0,$-80,$65,$39,$-12,$1,$-80
45,2007-06-30,16.7,$7.56,2.21,$2.60,6.42,$2.44,6.83,$1.19,14.03,$0.17B,$0.01B,29.97,$0.47B,$0.24B,1.91,$0.09B,$0.07B,79.07%,$0.09B,$0.02B,26.74%,$0.09B,$0.02B,26.74%,$0.09B,$0.05B,59.30%,$0.09B,$0.01B,13.95%,$0.09B,$0.04B,46.51%,$0.04B,$0.24B,16.86%,$0.04B,$0.23B,17.80%,$0.04B,$0.88B,4.77%,$0.02B,$0.71B,3.44%,$21,$5,$17,$0,$6,$16,$5,$-2,$3,$0,$2,$2,$3,$12,$5,$32,33,$0.09,$0.09,$130,$0,$0,$168,$620,$0,$17,$54,$712,$880,$6,$465,$43,$631,$636,$0,$14,$0,$243,$880,$10,$14,$18,$32,$4,$0,$0,$28,$27,$69,$0,$0,$0,$10,$-119,$-109,$21,$-87,$18,$0,$18,$-1,$-1,$-53,$35,$-1,$-19,$2,$-53
46,2007-03-31,16.65,$7.62,2.18,$2.69,6.19,$1.12,14.9,$1.25,13.32,$0.17B,$0.01B,18.46,$0.45B,$0.25B,1.85,$0.09B,$0.07B,77.53%,$0.09B,$0.03B,28.09%,$0.09B,$0.03B,28.09%,$0.09B,$0.05B,59.55%,$0.09B,$0.01B,15.73%,$0.09B,$0.04B,47.19%,$0.04B,$0.25B,18.08%,$0.04B,$0.23B,18.90%,$0.04B,$0.84B,5.19%,$0.03B,$0.70B,3.92%,$23,$6,$17,$0,$5,$17,$6,$-3,$3,$0,$3,$3,$7,$13,$6,$32,33,$0.21,$0.20,$121,$0,$0,$166,$591,$0,$14,$35,$676,$841,$9,$452,$44,$588,$597,$0,$14,$-0,$245,$841,$7,$7,$18,$24,$2,$0,$0,$24,$24,$55,$-65,$0,$0,$4,$-2,$2,$17,$-45,$5,$0,$5,$-1,$-1,$-44,$2,$-38,$-28,$1,$-44
47,2006-12-31,15.86,$7.59,2.09,$2.79,5.69,$0.95,16.76,$1.18,13.44,$0.19B,$0.01B,19.51,$0.42B,$0.24B,1.74,$0.09B,$0.07B,77.17%,$0.09B,$0.03B,29.35%,$0.09B,$0.03B,29.35%,$0.09B,$0.05B,58.70%,$0.09B,$0.02B,16.30%,$0.09B,$0.04B,42.39%,$0.04B,$0.24B,17.20%,$0.04B,$0.23B,17.87%,$0.04B,$0.85B,4.99%,$0.03B,$0.66B,4.40%,$17,$2,$15,$0,$4,$12,$5,$-3,$3,$-1,$3,$3,$26,$12,$5,$34,34,$0.74,$0.72,$145,$0,$0,$193,$515,$0,$12,$75,$659,$852,$10,$420,$39,$601,$611,$0,$14,$-0,$241,$852,$39,$29,$-20,$8,$-1,$0,$0,$-2,$-8,$40,$-49,$0,$0,$-4,$-28,$-32,$21,$-59,$92,$0,$92,$-0,$-0,$-61,$38,$68,$49,$4,$-61
