,Date,Stock Price,Book Value per Share,Price to Book Ratio,TTM Sales per Share,Price to Sales Ratio,TTM FCF per Share,Price to FCF Ratio,TTM Net EPS,PE Ratio,Current Assets,Current Liabilities,Current Ratio,Long Term Debt,Shareholder's Equity_x,Debt to Equity Ratio,TTM Revenue_x,TTM Gross Profit,Gross Margin,TTM Revenue_y,TTM Operating Income,Operating Margin,TTM Revenue_x,TTM EBIT,EBIT Margin,TTM Revenue_y,TTM EBITDA,EBITDA Margin,TTM Revenue_x,TTM Pre-Tax Income,Pre-Tax Margin,TTM Revenue_y,TTM Net Income_x,Net Margin,TTM Net Income_y,Shareholder's Equity_y,Return on Equity,TTM Net Income_x,Tangible Equity,Return on Tangible Equity,TTM Net Income_y,Total Assets,Return on Assets,TTM Net Income,LT Investments & Debt,Return on Investment,revenue,cost-goods-sold,gross-profit,research-development-expenses,selling-general-administrative-expenses,operating-expenses,operating-income,total-non-operating-income-expense,pre-tax-income,total-provision-income-taxes,income-after-taxes,income-from-continuous-operations,net-income,ebitda,ebit,basic-shares-outstanding,shares-outstanding,eps-basic-net-earnings-per-share,eps-earnings-per-share-diluted,cash-on-hand,inventory,other-current-assets,total-current-assets,net-property-plant-equipment,long-term-investments,goodwill-intangible-assets-total,other-long-term-assets,total-long-term-assets,total-assets,total-current-liabilities,long-term-debt,other-non-current-liabilities,total-long-term-liabilities,total-liabilities,common-stock-net,retained-earnings-accumulated-deficit,comprehensive-income,total-share-holder-equity,total-liabilities-share-holders-equity,net-income-loss,total-depreciation-amortization-cash-flow,other-non-cash-items,total-non-cash-items,change-in-accounts-receivable,change-in-inventories,change-in-accounts-payable,change-in-assets-liabilities,total-change-in-assets-liabilities,cash-flow-from-operating-activities,net-change-in-property-plant-equipment,net-change-in-intangible-assets,net-acquisitions-divestitures,net-change-in-short-term-investments,net-change-in-long-term-investments,net-change-in-investments-total,investing-activities-other,cash-flow-from-investing-activities,net-long-term-debt,net-current-debt,debt-issuance-retirement-net-total,net-common-equity-issued-repurchased,net-total-equity-issued-repurchased,total-common-preferred-stock-dividends-paid,financial-activities-other,cash-flow-from-financial-activities,net-cash-flow,stock-based-compensation,common-stock-dividends-paid
0,2018-09-30,12.98,$5.20,2.5,$5.80,2.24,$-0.39,0.0,$-1.26,0.0,$0.67B,$0.19B,3.47,$0.82B,$0.65B,1.26,$0.73B,$0.30B,41.82%,$0.73B,$-0.31B,-42.37%,$0.73B,$-0.31B,-42.37%,$0.73B,$-0.22B,-30.26%,$0.73B,$-0.36B,-49.24%,$0.73B,$-0.25B,-34.66%,$-0.25B,$0.65B,-33.42%,$-0.25B,$-0.05B,960.00%,$-0.25B,$1.72B,-13.86%,$-0.31B,$1.47B,-19.61%,$166,$108,$57,$35,$63,$242,$-76,$-13,$-89,$-18,$-70,$-70,$-70,$-54,$-76,$125,125,$-0.56,$-0.56,$275,$195,$0,$669,$333,$0,$700,$7,$1046,$1715,$193,$819,$49,$870,$1063,$570,$108,$-26,$652,$1715,$-187,$65,$88,$153,$-22,$-11,$0,$-2,$-3,$-37,$-51,$-0,$0,$0,$0,$0,$0,$-51,$-0,$0,$-0,$1,$1,$0,$-6,$-5,$-94,$17,$0
1,2018-06-30,16.59,$5.76,2.88,$6.10,2.72,$1.39,11.91,$-0.70,0.0,$0.70B,$0.18B,3.94,$0.82B,$0.72B,1.13,$0.76B,$0.35B,45.22%,$0.76B,$-0.22B,-29.23%,$0.76B,$-0.22B,-29.23%,$0.76B,$-0.13B,-17.56%,$0.76B,$-0.27B,-35.52%,$0.76B,$-0.19B,-24.25%,$-0.19B,$0.72B,-22.76%,$-0.19B,$-0.02B,483.66%,$-0.19B,$1.79B,-9.72%,$-0.22B,$1.54B,-13.69%,$191,$110,$81,$74,$84,$283,$-92,$-13,$-104,$-16,$-88,$-88,$-88,$-70,$-92,$125,125,$-0.70,$-0.70,$297,$191,$0,$703,$329,$0,$744,$5,$1084,$1787,$178,$818,$49,$886,$1065,$565,$178,$-21,$722,$1787,$-117,$43,$71,$114,$-46,$-8,$0,$8,$-28,$-31,$-36,$-0,$0,$0,$0,$0,$0,$-36,$0,$0,$0,$0,$0,$0,$-5,$-5,$-72,$11,$0
2,2018-03-31,18.71,$6.47,2.89,$6.17,3.03,$2.84,6.59,$0.02,935.5,$0.71B,$0.15B,4.64,$0.82B,$0.81B,1.01,$0.77B,$0.37B,47.60%,$0.77B,$-0.12B,-15.18%,$0.77B,$-0.12B,-15.18%,$0.77B,$-0.03B,-3.50%,$0.77B,$-0.16B,-20.75%,$0.77B,$-0.09B,-12.19%,$-0.09B,$0.81B,-11.01%,$-0.09B,$-0.01B,149.80%,$-0.09B,$1.86B,-4.81%,$-0.12B,$1.63B,-7.01%,$184,$102,$82,$31,$63,$209,$-25,$-11,$-36,$-7,$-29,$-29,$-29,$-4,$-25,$125,125,$-0.23,$-0.23,$309,$193,$0,$705,$325,$0,$822,$5,$1158,$1863,$152,$816,$49,$901,$1053,$559,$266,$-15,$811,$1863,$-29,$22,$17,$38,$-36,$-9,$0,$12,$-41,$-32,$-22,$0,$0,$0,$0,$0,$0,$-22,$-0,$0,$-0,$1,$1,$0,$-5,$-4,$-58,$6,$0
3,2017-12-31,32.23,$6.65,4.85,$6.73,4.79,$4.10,7.85,$0.35,92.09,$0.73B,$0.17B,4.27,$0.82B,$0.83B,0.98,$0.84B,$0.43B,51.67%,$0.84B,$-0.02B,-2.14%,$0.84B,$-0.02B,-2.14%,$0.84B,$0.07B,8.81%,$0.84B,$-0.06B,-7.02%,$0.84B,$-0.02B,-2.86%,$-0.02B,$0.83B,-2.76%,$-0.02B,$-0.02B,24.18%,$-0.02B,$1.91B,-1.20%,$-0.02B,$1.65B,-1.07%,$186,$102,$84,$41,$61,$301,$-115,$-14,$-129,$-64,$-65,$-65,$-65,$-92,$-115,$125,125,$-0.53,$-0.53,$368,$184,$0,$730,$313,$0,$855,$5,$1179,$1910,$171,$815,$49,$907,$1078,$550,$295,$-14,$831,$1910,$-25,$90,$31,$121,$142,$-8,$0,$-14,$153,$249,$-90,$-0,$0,$0,$0,$0,$0,$-91,$0,$0,$0,$8,$8,$0,$0,$8,$167,$21,$0
4,2017-09-30,33.19,$7.10,4.68,$7.50,4.43,$3.62,9.18,$0.61,54.41,$0.76B,$0.18B,4.16,$0.81B,$0.89B,0.92,$0.94B,$0.52B,55.33%,$0.94B,$0.16B,16.84%,$0.94B,$0.16B,16.84%,$0.94B,$0.25B,26.65%,$0.94B,$0.12B,12.69%,$0.94B,$0.07B,7.78%,$0.07B,$0.89B,8.44%,$0.07B,$-0.10B,-48.91%,$0.07B,$2.05B,3.63%,$0.16B,$1.70B,9.42%,$202,$105,$98,$12,$53,$194,$9,$-11,$-2,$1,$-3,$-3,$-3,$32,$9,$125,125,$-0.02,$-0.02,$345,$182,$0,$763,$298,$0,$982,$2,$1291,$2054,$183,$814,$11,$983,$1167,$545,$360,$-17,$887,$2054,$41,$68,$25,$93,$95,$-7,$0,$-22,$75,$208,$-73,$-0,$0,$0,$0,$0,$0,$-73,$0,$0,$0,$9,$9,$0,$-2,$7,$143,$16,$0
5,2017-06-30,33.54,$7.09,4.73,$8.13,4.13,$2.95,11.38,$0.99,33.88,$0.70B,$0.13B,5.46,$0.81B,$0.89B,0.92,$1.02B,$0.59B,57.94%,$1.02B,$0.24B,23.14%,$1.02B,$0.24B,23.14%,$1.02B,$0.33B,32.16%,$1.02B,$0.20B,19.22%,$1.02B,$0.12B,12.16%,$0.12B,$0.89B,14.66%,$0.12B,$-0.12B,-63.02%,$0.12B,$2.00B,6.23%,$0.24B,$1.70B,14.24%,$199,$96,$103,$16,$54,$185,$14,$-8,$7,$4,$3,$3,$3,$37,$14,$125,125,$0.02,$0.02,$323,$182,$0,$704,$277,$0,$1005,$2,$1292,$1996,$129,$813,$12,$982,$1111,$539,$363,$-16,$885,$1996,$44,$45,$12,$57,$106,$-6,$0,$2,$58,$159,$-45,$-0,$0,$0,$0,$0,$0,$-45,$0,$0,$0,$7,$7,$0,$0,$7,$121,$10,$0
6,2017-03-31,24.08,$6.99,3.44,$8.77,2.75,$2.14,11.27,$1.47,16.38,$0.74B,$0.18B,4.21,$0.81B,$0.87B,0.93,$1.10B,$0.66B,59.89%,$1.10B,$0.31B,28.49%,$1.10B,$0.31B,28.49%,$1.10B,$0.41B,36.93%,$1.10B,$0.27B,24.41%,$1.10B,$0.18B,16.61%,$0.18B,$0.87B,22.34%,$0.18B,$-0.16B,-72.62%,$0.18B,$2.03B,9.29%,$0.31B,$1.68B,19.28%,$253,$105,$149,$11,$48,$179,$74,$-9,$65,$24,$41,$41,$41,$97,$74,$124,125,$0.33,$0.33,$309,$172,$0,$736,$253,$0,$1028,$2,$1290,$2026,$175,$811,$11,$980,$1155,$528,$360,$-18,$870,$2026,$41,$22,$4,$26,$50,$3,$0,$3,$60,$127,$-22,$0,$0,$0,$0,$0,$0,$-22,$0,$0,$0,$1,$1,$0,$0,$1,$106,$5,$0
7,2016-12-31,21.83,$6.59,3.31,$8.87,2.46,$1.29,16.88,$1.48,14.75,$0.69B,$0.18B,3.91,$0.81B,$0.82B,0.99,$1.12B,$0.67B,60.34%,$1.12B,$0.33B,29.36%,$1.12B,$0.33B,29.36%,$1.12B,$0.43B,38.14%,$1.12B,$0.27B,24.26%,$1.12B,$0.18B,16.47%,$0.18B,$0.82B,23.94%,$0.18B,$-0.22B,-55.88%,$0.18B,$1.97B,9.55%,$0.33B,$1.63B,20.80%,$284,$114,$169,$14,$47,$223,$61,$-12,$49,$17,$32,$32,$32,$84,$61,$123,126,$0.26,$0.25,$202,$175,$0,$686,$238,$0,$1043,$1,$1288,$1974,$176,$810,$11,$979,$1155,$522,$319,$-22,$819,$1974,$184,$99,$23,$122,$-133,$10,$0,$-6,$-138,$168,$-69,$-4,$0,$0,$0,$0,$0,$-73,$-200,$0,$-200,$-35,$-35,$0,$-5,$-240,$-145,$15,$0
8,2016-09-30,27.26,$6.47,4.21,$8.84,3.08,$2.67,10.2,$1.49,18.3,$0.64B,$0.16B,4.14,$0.81B,$0.81B,1.0,$1.11B,$0.68B,61.01%,$1.11B,$0.33B,29.74%,$1.11B,$0.33B,29.74%,$1.11B,$0.43B,38.63%,$1.11B,$0.27B,24.35%,$1.11B,$0.19B,16.62%,$0.19B,$0.81B,25.72%,$0.19B,$-0.29B,-45.65%,$0.19B,$1.96B,9.52%,$0.33B,$1.62B,21.03%,$284,$114,$170,$11,$47,$197,$87,$-12,$75,$27,$48,$48,$48,$110,$87,$126,126,$0.38,$0.38,$175,$180,$0,$644,$216,$0,$1095,$1,$1317,$1961,$155,$809,$10,$995,$1151,$521,$307,$-18,$810,$1961,$152,$75,$7,$83,$-112,$6,$0,$-6,$-139,$96,$-43,$-4,$0,$0,$0,$0,$0,$-47,$-200,$0,$-200,$-16,$-16,$0,$-5,$-221,$-172,$11,$0
9,2016-06-30,28.49,$6.18,4.61,$8.63,3.3,$4.10,6.94,$1.50,18.99,$0.59B,$0.14B,4.28,$0.81B,$0.78B,1.04,$1.09B,$0.67B,61.88%,$1.09B,$0.34B,30.85%,$1.09B,$0.34B,30.85%,$1.09B,$0.43B,39.69%,$1.09B,$0.27B,24.86%,$1.09B,$0.19B,17.03%,$0.19B,$0.78B,27.90%,$0.19B,$-0.34B,-37.99%,$0.19B,$1.92B,9.35%,$0.34B,$1.59B,21.32%,$281,$109,$172,$9,$54,$188,$92,$-12,$80,$18,$62,$62,$62,$116,$92,$121,126,$0.51,$0.50,$158,$188,$0,$594,$196,$0,$1120,$1,$1321,$1915,$139,$807,$10,$998,$1137,$514,$284,$-19,$778,$1915,$104,$52,$-3,$49,$-54,$-3,$0,$-23,$-117,$36,$-24,$-3,$0,$0,$0,$0,$0,$-27,$-200,$0,$-200,$6,$6,$0,$-5,$-199,$-190,$6,$0
10,2016-03-31,23.53,$5.58,4.22,$8.16,2.88,$5.34,4.41,$1.27,18.53,$0.53B,$0.20B,2.72,$0.81B,$0.67B,1.21,$1.03B,$0.63B,61.21%,$1.03B,$0.31B,30.12%,$1.03B,$0.31B,30.12%,$1.03B,$0.41B,39.57%,$1.03B,$0.24B,23.39%,$1.03B,$0.16B,15.20%,$0.16B,$0.67B,25.89%,$0.16B,$-0.47B,-27.34%,$0.16B,$1.86B,7.78%,$0.31B,$1.47B,19.74%,$268,$105,$163,$9,$49,$181,$88,$-21,$67,$25,$42,$42,$42,$116,$88,$120,126,$0.35,$0.34,$146,$191,$0,$530,$186,$0,$1134,$1,$1326,$1856,$195,$807,$7,$995,$1189,$462,$222,$-17,$667,$1856,$42,$29,$-4,$24,$-21,$-6,$0,$-1,$-57,$9,$-10,$-1,$0,$0,$0,$0,$0,$-11,$-200,$0,$-200,$0,$0,$0,$-4,$-204,$-205,$3,$0
11,2015-12-31,37.31,$5.20,7.17,$7.83,4.76,$5.67,6.58,$1.24,30.09,$0.71B,$0.23B,3.06,$0.99B,$0.62B,1.6,$0.99B,$0.60B,60.41%,$0.99B,$0.29B,29.85%,$0.99B,$0.29B,29.85%,$0.99B,$0.39B,39.59%,$0.99B,$0.23B,23.45%,$0.99B,$0.15B,15.43%,$0.15B,$0.62B,27.83%,$0.15B,$-0.53B,-23.36%,$0.15B,$2.04B,7.46%,$0.29B,$1.62B,18.55%,$280,$106,$174,$10,$52,$216,$64,$-15,$49,$17,$33,$33,$33,$88,$64,$117,126,$0.28,$0.25,$352,$185,$0,$708,$180,$0,$1150,$1,$1334,$2043,$231,$994,$7,$1190,$1421,$459,$180,$-17,$622,$2043,$151,$96,$-45,$51,$40,$-51,$0,$18,$96,$298,$-25,$-4,$-24,$0,$0,$0,$0,$-54,$-10,$0,$-10,$12,$12,$0,$30,$32,$276,$13,$0
12,2015-09-30,28.51,$4.90,5.82,$7.46,3.82,$4.14,6.88,$1.26,22.62,$0.70B,$0.24B,2.94,$1.02B,$0.59B,1.75,$0.91B,$0.53B,57.93%,$0.91B,$0.28B,30.73%,$0.91B,$0.28B,30.73%,$0.91B,$0.38B,42.18%,$0.91B,$0.22B,23.68%,$0.91B,$0.14B,15.09%,$0.14B,$0.59B,28.56%,$0.14B,$-0.61B,-18.49%,$0.14B,$2.10B,6.85%,$0.28B,$1.61B,18.01%,$257,$94,$163,$10,$45,$166,$91,$-17,$74,$26,$48,$48,$48,$111,$91,$119,126,$0.40,$0.39,$320,$176,$0,$699,$177,$0,$1197,$1,$1402,$2101,$238,$1024,$7,$1279,$1517,$454,$147,$-17,$585,$2101,$118,$72,$-61,$11,$52,$-41,$0,$15,$123,$252,$-19,$-3,$-27,$0,$0,$0,$0,$-49,$-8,$0,$-8,$12,$12,$0,$37,$41,$244,$9,$0
13,2015-06-30,43.66,$4.50,9.71,$6.63,6.59,$2.81,15.54,$0.76,57.45,$0.61B,$0.20B,3.05,$1.03B,$0.54B,1.92,$0.78B,$0.41B,52.50%,$0.78B,$0.18B,22.59%,$0.78B,$0.18B,22.59%,$0.78B,$0.29B,36.84%,$0.78B,$0.12B,15.02%,$0.78B,$0.08B,9.88%,$0.08B,$0.54B,18.68%,$0.08B,$-0.68B,-9.48%,$0.08B,$2.03B,3.97%,$0.18B,$1.56B,11.64%,$221,$93,$128,$11,$35,$155,$66,$-16,$50,$18,$33,$33,$33,$91,$66,$116,126,$0.28,$0.27,$263,$156,$0,$607,$179,$0,$1211,$1,$1418,$2025,$199,$1027,$7,$1290,$1489,$450,$99,$-13,$536,$2025,$70,$52,$-58,$-6,$60,$-21,$0,$21,$117,$181,$-13,$-1,$-27,$0,$0,$0,$0,$-41,$-5,$0,$-5,$12,$12,$0,$40,$46,$186,$6,$0
14,2015-03-31,47.51,$3.87,12.28,$6.17,7.7,$2.14,22.24,$0.56,84.84,$0.54B,$0.15B,3.54,$1.11B,$0.44B,2.51,$0.69B,$0.34B,49.42%,$0.69B,$0.11B,16.04%,$0.69B,$0.11B,16.04%,$0.69B,$0.22B,31.65%,$0.69B,$0.07B,9.54%,$0.69B,$0.04B,6.21%,$0.04B,$0.44B,12.27%,$0.04B,$-0.79B,-5.85%,$0.04B,$1.98B,2.47%,$0.11B,$1.55B,8.10%,$227,$97,$130,$9,$30,$154,$73,$-15,$58,$21,$38,$38,$38,$100,$73,$113,125,$0.33,$0.31,$129,$149,$0,$544,$176,$0,$1230,$1,$1432,$1976,$154,$1110,$6,$1380,$1534,$388,$67,$-13,$442,$1976,$38,$27,$-36,$-9,$0,$-15,$0,$3,$16,$45,$-5,$0,$-25,$0,$0,$0,$0,$-29,$-3,$0,$-3,$11,$11,$0,$28,$37,$53,$3,$0
15,2014-12-31,36.2,$3.19,11.35,$5.13,7.05,$1.97,18.39,$0.33,109.7,$0.48B,$0.15B,3.16,$1.11B,$0.36B,3.13,$0.56B,$0.26B,47.12%,$0.56B,$0.06B,10.97%,$0.56B,$0.06B,10.97%,$0.56B,$0.15B,26.80%,$0.56B,$0.03B,4.68%,$0.56B,$0.01B,2.52%,$0.01B,$0.36B,4.54%,$0.01B,$-0.89B,-2.74%,$0.01B,$1.89B,1.03%,$0.06B,$1.47B,5.66%,$203,$98,$105,$8,$28,$154,$49,$-15,$33,$15,$18,$18,$18,$81,$49,$103,110,$0.16,$0.18,$78,$135,$0,$476,$144,$0,$1246,$2,$1418,$1894,$151,$1114,$3,$1387,$1538,$342,$29,$-15,$356,$1894,$14,$89,$-42,$46,$-73,$-19,$0,$30,$-20,$40,$29,$-9,$-987,$0,$0,$0,$0,$-967,$960,$0,$960,$17,$17,$0,$-14,$963,$37,$8,$0
16,2014-09-30,36.27,$2.93,12.37,$4.03,9.0,$1.73,20.95,$0.18,201.5,$0.49B,$0.13B,3.69,$1.15B,$0.32B,3.64,$0.44B,$0.20B,46.58%,$0.44B,$0.04B,8.45%,$0.44B,$0.04B,8.45%,$0.44B,$0.10B,22.15%,$0.44B,$0.02B,4.57%,$0.44B,$0.01B,2.97%,$0.01B,$0.32B,4.57%,$0.01B,$-0.90B,-4.92%,$0.01B,$1.87B,1.31%,$0.04B,$1.46B,4.61%,$128,$82,$46,$9,$27,$140,$-12,$-12,$-24,$-12,$-12,$-12,$-12,$15,$-12,$105,105,$-0.12,$-0.12,$142,$133,$0,$494,$139,$0,$1211,$2,$1377,$1871,$134,$1147,$2,$1423,$1557,$309,$16,$-11,$315,$1871,$-4,$56,$-72,$-16,$-10,$-14,$0,$41,$34,$13,$41,$-8,$-930,$0,$0,$0,$0,$-897,$963,$0,$963,$15,$15,$0,$4,$981,$97,$5,$0
17,2014-06-30,33.25,$2.78,11.98,$3.54,9.4,$1.52,21.88,$0.40,83.13,$0.40B,$0.10B,3.83,$0.71B,$0.29B,2.45,$0.39B,$0.20B,51.53%,$0.39B,$0.07B,18.11%,$0.39B,$0.07B,18.11%,$0.39B,$0.11B,27.55%,$0.39B,$0.06B,16.33%,$0.39B,$0.04B,9.44%,$0.04B,$0.29B,13.94%,$0.04B,$-0.37B,-569.23%,$0.04B,$1.22B,5.87%,$0.07B,$1.00B,13.56%,$134,$73,$61,$10,$21,$133,$1,$-2,$-1,$-0,$-1,$-1,$-1,$23,$1,$103,103,$-0.01,$-0.01,$108,$109,$0,$397,$136,$11,$655,$1,$821,$1218,$104,$706,$2,$826,$929,$272,$28,$-11,$289,$1218,$8,$29,$-24,$5,$-14,$-10,$0,$56,$8,$21,$47,$-6,$-579,$0,$0,$0,$0,$-539,$600,$0,$600,$10,$10,$0,$-19,$591,$74,$3,$0
18,2014-03-31,22.0,$2.83,7.76,$2.93,7.52,$1.00,21.9,$0.44,50.0,$0.19B,$0.08B,2.44,$0.11B,$0.27B,0.4,$0.34B,$0.18B,54.63%,$0.34B,$0.09B,27.46%,$0.34B,$0.09B,27.46%,$0.34B,$0.11B,33.13%,$0.34B,$0.09B,25.37%,$0.34B,$0.05B,15.22%,$0.05B,$0.27B,20.42%,$0.05B,$0.11B,44.44%,$0.05B,$0.46B,12.04%,$0.09B,$0.38B,25.68%,$91,$41,$50,$4,$17,$67,$23,$-6,$18,$8,$9,$9,$9,$30,$23,$97,117,$0.10,$0.08,$46,$62,$0,$186,$88,$10,$168,$4,$276,$462,$76,$110,$2,$111,$187,$242,$25,$-11,$274,$462,$9,$7,$1,$8,$-0,$-6,$0,$1,$6,$23,$-5,$0,$-8,$0,$0,$0,$0,$-13,$0,$0,$0,$1,$1,$0,$-0,$1,$11,$1,$0
19,2013-12-31,24.62,$2.69,9.14,$2.81,8.75,$0.89,27.76,$0.46,53.52,$0.17B,$0.06B,2.76,$0.11B,$0.26B,0.42,$0.32B,$0.17B,54.09%,$0.32B,$0.09B,27.67%,$0.32B,$0.09B,27.67%,$0.32B,$0.10B,32.39%,$0.32B,$0.08B,26.10%,$0.32B,$0.05B,16.67%,$0.05B,$0.26B,22.55%,$0.05B,$0.10B,46.39%,$0.05B,$0.43B,13.14%,$0.09B,$0.37B,25.69%,$85,$38,$47,$4,$14,$60,$25,$1,$27,$10,$17,$17,$17,$29,$25,$96,114,$0.17,$0.14,$34,$56,$0,$169,$82,$10,$160,$3,$263,$432,$61,$109,$2,$110,$172,$239,$15,$-12,$260,$432,$52,$13,$6,$19,$-14,$-4,$0,$-1,$-14,$57,$-12,$0,$-55,$0,$0,$0,$0,$-67,$0,$0,$0,$3,$3,$0,$-0,$3,$-7,$7,$0
20,2013-09-30,19.68,$2.48,7.94,$2.71,7.25,$0.54,36.57,$0.40,49.2,$0.21B,$0.05B,4.6,$0.11B,$0.24B,0.45,$0.31B,$0.17B,54.75%,$0.31B,$0.08B,27.21%,$0.31B,$0.08B,27.21%,$0.31B,$0.10B,31.48%,$0.31B,$0.07B,23.61%,$0.31B,$0.05B,14.75%,$0.05B,$0.24B,20.43%,$0.05B,$0.13B,40.36%,$0.05B,$0.41B,11.60%,$0.08B,$0.35B,25.40%,$82,$38,$44,$5,$14,$60,$22,$-2,$20,$8,$12,$12,$12,$26,$22,$96,114,$0.13,$0.11,$76,$57,$0,$205,$81,$10,$105,$3,$204,$410,$45,$108,$18,$126,$171,$235,$-1,$-13,$239,$410,$36,$10,$8,$18,$-11,$-5,$0,$1,$-12,$42,$-8,$0,$-1,$0,$0,$0,$0,$-8,$0,$0,$0,$2,$2,$0,$-1,$1,$35,$6,$0
21,2013-06-30,13.52,$2.35,5.75,$2.62,5.16,$0.29,46.02,$0.41,32.98,$0.19B,$0.04B,4.73,$0.11B,$0.23B,0.47,$0.29B,$0.16B,55.63%,$0.29B,$0.08B,28.67%,$0.29B,$0.08B,28.67%,$0.29B,$0.10B,32.76%,$0.29B,$0.07B,24.57%,$0.29B,$0.05B,16.04%,$0.05B,$0.23B,22.60%,$0.05B,$0.12B,48.45%,$0.05B,$0.39B,12.59%,$0.08B,$0.33B,26.82%,$77,$35,$42,$5,$13,$55,$22,$-2,$20,$7,$13,$13,$13,$26,$22,$96,112,$0.13,$0.11,$58,$57,$0,$185,$81,$10,$107,$3,$205,$390,$39,$107,$17,$125,$164,$232,$-14,$-11,$226,$390,$23,$7,$6,$12,$-7,$-4,$0,$1,$-14,$21,$-5,$0,$-1,$0,$0,$0,$0,$-6,$0,$0,$0,$1,$1,$0,$1,$2,$18,$4,$0
22,2013-03-31,13.83,$2.24,6.18,$2.51,5.52,$0.10,145.27,$0.40,34.58,$0.17B,$0.04B,4.14,$0.11B,$0.22B,0.49,$0.28B,$0.16B,56.27%,$0.28B,$0.08B,29.03%,$0.28B,$0.08B,29.03%,$0.28B,$0.09B,32.97%,$0.28B,$0.07B,24.37%,$0.28B,$0.04B,15.77%,$0.04B,$0.22B,22.71%,$0.04B,$0.10B,54.15%,$0.04B,$0.38B,12.37%,$0.08B,$0.32B,27.18%,$74,$35,$39,$6,$12,$55,$19,$-2,$16,$5,$11,$11,$11,$22,$19,$96,112,$0.11,$0.10,$46,$54,$0,$171,$82,$10,$111,$4,$211,$382,$41,$106,$19,$126,$167,$229,$-26,$-6,$215,$382,$11,$3,$3,$7,$-8,$-1,$0,$1,$-11,$7,$-3,$0,$-0,$0,$0,$0,$0,$-3,$0,$0,$0,$1,$1,$0,$0,$1,$5,$2,$0
23,2012-12-31,13.36,$2.10,6.37,$2.32,5.76,$0.04,372.14,$0.38,35.16,$0.16B,$0.04B,3.67,$0.11B,$0.20B,0.52,$0.26B,$0.15B,57.98%,$0.26B,$0.07B,27.24%,$0.26B,$0.07B,27.24%,$0.26B,$0.08B,31.13%,$0.26B,$0.06B,22.18%,$0.26B,$0.04B,14.01%,$0.04B,$0.20B,19.92%,$0.04B,$0.09B,54.14%,$0.04B,$0.37B,10.62%,$0.07B,$0.31B,24.67%,$72,$30,$42,$6,$14,$52,$20,$-4,$16,$7,$9,$9,$9,$22,$20,$95,111,$0.10,$0.08,$41,$52,$0,$159,$81,$10,$113,$3,$211,$370,$43,$105,$19,$125,$168,$226,$-37,$-6,$201,$370,$35,$12,$9,$21,$-24,$-15,$0,$-6,$-30,$26,$-20,$0,$-55,$0,$0,$0,$0,$-76,$0,$0,$0,$2,$2,$0,$4,$6,$-43,$7,$0
24,2012-09-30,13.22,$1.99,6.65,$2.08,6.35,$0.06,213.23,$0.35,37.77,$0.14B,$0.04B,3.65,$0.10B,$0.19B,0.55,$0.23B,$0.13B,58.33%,$0.23B,$0.06B,27.19%,$0.23B,$0.06B,27.19%,$0.23B,$0.07B,31.14%,$0.23B,$0.05B,21.93%,$0.23B,$0.03B,14.47%,$0.03B,$0.19B,19.41%,$0.03B,$0.08B,54.32%,$0.03B,$0.35B,10.21%,$0.06B,$0.29B,22.79%,$70,$30,$40,$3,$12,$47,$23,$-2,$20,$6,$14,$14,$14,$26,$23,$95,111,$0.14,$0.12,$38,$50,$0,$143,$78,$10,$114,$0,$208,$351,$39,$104,$17,$122,$162,$221,$-46,$-4,$190,$351,$27,$9,$6,$15,$-17,$-13,$0,$-1,$-21,$21,$-15,$0,$-55,$0,$0,$0,$0,$-70,$0,$0,$0,$1,$1,$0,$2,$3,$-46,$5,$0
25,2012-06-30,15.77,$1.78,8.86,$1.81,8.72,$0.06,265.94,$0.36,43.81,$0.12B,$0.03B,4.1,$0.10B,$0.17B,0.61,$0.20B,$0.12B,58.97%,$0.20B,$0.05B,24.62%,$0.20B,$0.05B,24.62%,$0.20B,$0.06B,28.72%,$0.20B,$0.04B,18.97%,$0.20B,$0.03B,16.92%,$0.03B,$0.17B,20.59%,$0.03B,$0.06B,46.32%,$0.03B,$0.32B,10.80%,$0.05B,$0.27B,18.36%,$63,$28,$36,$4,$11,$45,$19,$-2,$16,$7,$10,$10,$10,$22,$19,$95,111,$0.10,$0.09,$24,$47,$0,$116,$76,$10,$113,$0,$203,$320,$28,$103,$17,$122,$150,$218,$-60,$-7,$169,$320,$13,$6,$7,$13,$-10,$-10,$0,$-1,$-19,$6,$-12,$0,$-55,$0,$0,$0,$0,$-67,$0,$0,$0,$1,$1,$0,$2,$2,$-60,$3,$0
26,2012-03-31,11.7,$1.71,6.84,$1.54,7.59,$0.13,87.84,$0.43,27.21,$0.11B,$0.03B,3.61,$0.10B,$0.16B,0.63,$0.16B,$0.10B,59.15%,$0.16B,$0.04B,21.95%,$0.16B,$0.04B,21.95%,$0.16B,$0.04B,26.83%,$0.16B,$0.04B,23.78%,$0.16B,$0.04B,25.00%,$0.04B,$0.16B,26.97%,$0.04B,$0.05B,49.10%,$0.04B,$0.32B,14.17%,$0.04B,$0.26B,14.27%,$52,$21,$31,$3,$10,$44,$8,$-2,$5,$2,$3,$3,$3,$10,$8,$95,109,$0.03,$0.03,$28,$41,$0,$111,$73,$10,$118,$0,$204,$315,$31,$102,$16,$122,$153,$216,$-69,$-2,$163,$315,$3,$3,$3,$5,$-4,$-4,$0,$-0,$-6,$3,$-5,$0,$-55,$0,$0,$0,$0,$-61,$0,$0,$0,$1,$1,$0,$2,$2,$-56,$1,$0
27,2011-12-31,11.12,$1.67,6.67,$1.31,8.47,$0.16,71.1,$0.41,27.12,$0.16B,$0.03B,5.51,$0.10B,$0.16B,0.64,$0.14B,$0.08B,58.39%,$0.14B,$0.03B,24.82%,$0.14B,$0.03B,24.82%,$0.14B,$0.04B,29.93%,$0.14B,$0.04B,29.20%,$0.14B,$0.04B,32.12%,$0.04B,$0.16B,32.59%,$0.04B,$0.07B,46.07%,$0.04B,$0.31B,18.30%,$0.03B,$0.26B,16.19%,$43,$17,$26,$4,$9,$31,$12,$-2,$9,$4,$6,$6,$6,$13,$12,$95,104,$0.06,$0.05,$84,$35,$0,$156,$44,$10,$93,$0,$151,$307,$28,$101,$16,$121,$149,$213,$-72,$0,$158,$307,$43,$7,$-12,$-4,$-14,$-9,$0,$-0,$-19,$20,$-12,$0,$-87,$0,$0,$0,$4,$-95,$120,$0,$120,$3,$3,$0,$-5,$118,$42,$5,$0
28,2011-09-30,7.8,$1.59,4.9,$1.14,6.81,$0.15,50.58,$0.59,13.22,$0.19B,$0.02B,9.05,$0.10B,$0.15B,0.66,$0.12B,$0.07B,56.78%,$0.12B,$0.03B,22.03%,$0.12B,$0.03B,22.03%,$0.12B,$0.04B,29.66%,$0.12B,$0.06B,46.61%,$0.12B,$0.06B,52.54%,$0.06B,$0.15B,52.88%,$0.06B,$0.12B,62.00%,$0.06B,$0.28B,32.38%,$0.03B,$0.25B,15.57%,$37,$15,$22,$3,$9,$27,$9,$-2,$7,$-6,$14,$14,$14,$11,$9,$95,104,$0.14,$0.13,$127,$30,$0,$193,$41,$10,$33,$0,$87,$280,$21,$100,$2,$108,$129,$211,$-78,$0,$151,$280,$37,$5,$-16,$-11,$-8,$-8,$0,$-0,$-12,$14,$-8,$-6,$-37,$0,$0,$0,$4,$-47,$120,$0,$120,$2,$2,$0,$-5,$118,$85,$4,$0
29,2011-06-30,7.0,$1.44,4.88,$1.01,6.95,$0.14,49.23,$0.50,14.0,$0.18B,$0.02B,9.96,$0.10B,$0.14B,0.73,$0.10B,$0.06B,54.37%,$0.10B,$0.02B,20.39%,$0.10B,$0.02B,20.39%,$0.10B,$0.03B,28.16%,$0.10B,$0.05B,50.49%,$0.10B,$0.05B,50.49%,$0.05B,$0.14B,54.74%,$0.05B,$0.11B,61.00%,$0.05B,$0.26B,36.68%,$0.02B,$0.24B,17.32%,$32,$14,$18,$3,$8,$25,$7,$12,$18,$0,$18,$18,$18,$10,$7,$95,105,$0.19,$0.17,$134,$27,$0,$182,$37,$0,$31,$1,$73,$255,$18,$99,$2,$101,$120,$209,$-92,$0,$136,$255,$24,$4,$-12,$-8,$-5,$-4,$0,$-1,$-9,$7,$-5,$-4,$-26,$0,$0,$0,$3,$-32,$120,$0,$120,$2,$2,$0,$-5,$118,$93,$2,$0
30,2011-03-31,5.77,$1.01,5.72,$0.92,6.27,$0.12,46.87,$0.23,25.09,$0.08B,$0.02B,3.66,$0.00B,$0.10B,0.0,$0.09B,$0.05B,52.75%,$0.09B,$0.02B,16.48%,$0.09B,$0.02B,16.48%,$0.09B,$0.02B,24.18%,$0.09B,$0.03B,27.47%,$0.09B,$0.03B,27.47%,$0.03B,$0.10B,33.22%,$0.03B,$0.09B,34.60%,$0.03B,$0.12B,25.91%,$0.02B,$0.10B,19.17%,$25,$11,$14,$2,$6,$20,$6,$1,$6,$1,$6,$6,$6,$7,$6,$94,104,$0.06,$0.06,$46,$20,$0,$82,$34,$0,$3,$0,$38,$120,$22,$0,$2,$2,$25,$187,$-110,$0,$95,$120,$6,$1,$-0,$1,$-3,$-1,$0,$-0,$-5,$2,$-2,$0,$0,$0,$0,$0,$2,$0,$0,$0,$0,$2,$2,$0,$0,$2,$4,$1,$0
31,2010-12-31,6.07,$0.92,6.58,$0.90,6.78,$0.13,46.8,$0.21,28.9,$0.07B,$0.02B,3.36,$0.00B,$0.09B,0.0,$0.09B,$0.04B,48.28%,$0.09B,$0.01B,12.64%,$0.09B,$0.01B,12.64%,$0.09B,$0.02B,20.69%,$0.09B,$0.02B,26.44%,$0.09B,$0.02B,26.44%,$0.02B,$0.09B,36.65%,$0.02B,$0.08B,38.82%,$0.02B,$0.11B,27.38%,$0.01B,$0.09B,16.36%,$24,$11,$13,$2,$7,$20,$4,$20,$24,$0,$24,$24,$24,$7,$4,$93,99,$0.26,$0.24,$42,$19,$0,$74,$33,$0,$3,$0,$38,$111,$22,$0,$2,$2,$24,$182,$-115,$0,$87,$111,$22,$8,$-12,$-4,$-2,$-6,$0,$-1,$-6,$12,$-5,$0,$0,$0,$0,$0,$36,$32,$-6,$-3,$-9,$6,$6,$0,$0,$-4,$40,$3,$0
32,2010-09-30,4.04,$0.66,6.12,$0.86,4.72,$0.03,138.36,$-0.05,0.0,$0.04B,$0.01B,3.8,$0.01B,$0.06B,0.09,$0.08B,$0.04B,43.21%,$0.08B,$0.01B,8.64%,$0.08B,$0.01B,8.64%,$0.08B,$0.01B,14.81%,$0.08B,$-0.00B,-4.94%,$0.08B,$-0.00B,-4.94%,$-0.00B,$0.06B,-7.88%,$-0.00B,$0.06B,-8.56%,$-0.00B,$0.08B,-5.44%,$0.01B,$0.07B,12.39%,$22,$10,$11,$2,$5,$18,$4,$0,$4,$0,$4,$4,$4,$5,$4,$94,101,$0.04,$0.04,$9,$18,$0,$40,$31,$0,$3,$3,$41,$81,$10,$6,$2,$8,$19,$181,$-139,$0,$62,$81,$-2,$5,$10,$14,$-3,$-5,$0,$-0,$-5,$7,$-3,$0,$0,$0,$0,$0,$1,$-2,$0,$-3,$-3,$5,$5,$0,$0,$2,$8,$2,$0
33,2010-06-30,2.97,$0.61,4.88,$0.85,3.48,$-0.08,0.0,$-0.15,0.0,$0.03B,$0.01B,3.79,$0.01B,$0.06B,0.1,$0.08B,$0.03B,34.62%,$0.08B,$-0.00B,-1.28%,$0.08B,$-0.00B,-1.28%,$0.08B,$0.01B,6.41%,$0.08B,$-0.01B,-16.67%,$0.08B,$-0.01B,-16.67%,$-0.01B,$0.06B,-28.73%,$-0.01B,$0.05B,-31.90%,$-0.01B,$0.07B,-18.12%,$-0.00B,$0.06B,-1.96%,$20,$10,$10,$2,$6,$19,$1,$-11,$-9,$0,$-9,$-9,$-9,$3,$1,$93,93,$-0.10,$-0.10,$5,$15,$0,$33,$31,$0,$4,$3,$41,$74,$9,$6,$3,$8,$17,$180,$-143,$0,$57,$74,$-6,$3,$9,$13,$-3,$-2,$0,$-1,$-5,$2,$-2,$0,$0,$0,$0,$0,$1,$-1,$0,$-3,$-3,$5,$5,$0,$0,$2,$3,$1,$0
34,2010-03-31,1.53,$0.49,3.14,$0.82,1.87,$-0.14,0.0,$-0.13,0.0,$0.03B,$0.02B,1.66,$0.01B,$0.05B,0.13,$0.07B,$0.02B,25.68%,$0.07B,$-0.01B,-10.81%,$0.07B,$-0.01B,-10.81%,$0.07B,$-0.00B,-4.05%,$0.07B,$-0.01B,-14.86%,$0.07B,$-0.01B,-14.86%,$-0.01B,$0.05B,-26.04%,$-0.01B,$0.04B,-29.33%,$-0.01B,$0.07B,-15.17%,$-0.01B,$0.05B,-17.20%,$21,$12,$8,$1,$5,$19,$2,$2,$4,$0,$4,$4,$4,$3,$2,$90,93,$0.04,$0.04,$3,$12,$0,$28,$32,$0,$4,$3,$42,$70,$17,$6,$3,$8,$25,$176,$-134,$0,$45,$70,$4,$2,$-2,$-0,$-2,$1,$0,$1,$-1,$2,$-1,$0,$0,$0,$0,$0,$1,$-0,$0,$-3,$-3,$3,$3,$0,$0,$-0,$1,$0,$0
35,2009-12-31,1.79,$0.43,4.19,$0.84,2.13,$-0.17,0.0,$-0.29,0.0,$0.03B,$0.02B,1.2,$0.01B,$0.04B,0.15,$0.08B,$0.02B,21.33%,$0.08B,$-0.02B,-25.33%,$0.08B,$-0.02B,-25.33%,$0.08B,$-0.01B,-16.00%,$0.08B,$-0.03B,-34.67%,$0.08B,$-0.03B,-34.67%,$-0.03B,$0.04B,-58.43%,$-0.03B,$0.03B,-65.82%,$-0.03B,$0.07B,-33.55%,$-0.02B,$0.04B,-40.21%,$18,$12,$6,$1,$5,$19,$-0,$-2,$-3,$0,$-3,$-3,$-3,$1,$-0,$90,90,$-0.02,$-0.02,$2,$13,$0,$26,$31,$0,$5,$3,$43,$69,$22,$6,$3,$8,$30,$174,$-137,$0,$39,$69,$-25,$7,$6,$13,$-3,$17,$0,$1,$11,$-1,$-1,$0,$-0,$0,$0,$0,$0,$-1,$0,$3,$3,$1,$1,$0,$-1,$3,$1,$2,$0
36,2009-09-30,1.37,$0.45,3.06,$0.93,1.47,$-0.25,0.0,$-0.28,0.0,$0.03B,$0.03B,1.23,$0.01B,$0.04B,0.15,$0.08B,$0.02B,21.69%,$0.08B,$-0.02B,-25.30%,$0.08B,$-0.02B,-25.30%,$0.08B,$-0.01B,-15.66%,$0.08B,$-0.03B,-30.12%,$0.08B,$-0.03B,-30.12%,$-0.03B,$0.04B,-50.00%,$-0.03B,$0.04B,-55.87%,$-0.03B,$0.07B,-30.96%,$-0.02B,$0.05B,-40.78%,$19,$17,$3,$1,$5,$23,$-4,$-1,$-5,$0,$-5,$-5,$-5,$-2,$-4,$90,90,$-0.06,$-0.06,$2,$17,$0,$31,$32,$0,$5,$2,$43,$74,$25,$6,$3,$9,$34,$173,$-135,$0,$40,$74,$-23,$6,$3,$9,$-5,$13,$0,$3,$8,$-5,$-1,$-0,$0,$0,$0,$0,$0,$-1,$0,$8,$8,$1,$1,$0,$-1,$7,$1,$2,$0
37,2009-06-30,1.21,$0.50,2.42,$1.07,1.13,$-0.36,0.0,$-0.19,0.0,$0.04B,$0.03B,1.27,$0.00B,$0.05B,0.0,$0.10B,$0.03B,26.04%,$0.10B,$-0.02B,-15.63%,$0.10B,$-0.02B,-15.63%,$0.10B,$-0.01B,-8.33%,$0.10B,$-0.02B,-18.75%,$0.10B,$-0.02B,-18.75%,$-0.02B,$0.05B,-32.58%,$-0.02B,$0.04B,-36.18%,$-0.02B,$0.08B,-21.24%,$-0.02B,$0.05B,-27.15%,$16,$15,$2,$2,$6,$23,$-6,$-1,$-7,$0,$-7,$-7,$-7,$-5,$-6,$90,90,$-0.08,$-0.08,$1,$25,$0,$36,$33,$0,$5,$2,$41,$77,$28,$0,$4,$4,$32,$172,$-130,$0,$45,$77,$-18,$4,$2,$7,$-3,$6,$0,$5,$6,$-5,$-1,$-0,$0,$0,$0,$0,$0,$-1,$0,$6,$6,$1,$1,$0,$-1,$5,$-0,$1,$0
38,2009-03-31,0.86,$0.60,1.43,$1.13,0.76,$-0.47,0.0,$-0.14,0.0,$0.05B,$0.03B,1.54,$0.00B,$0.05B,0.0,$0.10B,$0.03B,27.72%,$0.10B,$-0.01B,-11.88%,$0.10B,$-0.01B,-11.88%,$0.10B,$-0.01B,-4.95%,$0.10B,$-0.01B,-13.86%,$0.10B,$-0.01B,-13.86%,$-0.01B,$0.05B,-23.93%,$-0.01B,$0.05B,-26.67%,$-0.01B,$0.09B,-16.33%,$-0.01B,$0.05B,-20.51%,$22,$17,$5,$1,$7,$31,$-9,$-2,$-11,$0,$-11,$-11,$-11,$-6,$-9,$90,90,$-0.12,$-0.12,$5,$30,$0,$48,$34,$0,$5,$1,$41,$90,$31,$0,$4,$4,$35,$172,$-123,$0,$54,$90,$-11,$3,$2,$5,$-6,$0,$0,$6,$4,$-2,$-0,$0,$0,$0,$0,$0,$0,$-0,$0,$6,$6,$1,$1,$0,$-1,$5,$4,$1,$0
39,2008-12-31,2.3,$0.68,3.37,$1.05,2.2,$-0.56,0.0,$-0.08,0.0,$0.04B,$0.02B,2.25,$0.00B,$0.06B,0.0,$0.09B,$0.03B,29.03%,$0.09B,$-0.01B,-8.60%,$0.09B,$-0.01B,-8.60%,$0.09B,$-0.00B,-3.23%,$0.09B,$-0.01B,-9.68%,$0.09B,$-0.01B,-9.68%,$-0.01B,$0.06B,-15.00%,$-0.01B,$0.06B,-16.82%,$-0.01B,$0.08B,-10.68%,$-0.01B,$0.06B,-13.33%,$26,$18,$8,$2,$7,$28,$-2,$-0,$-2,$0,$-2,$-2,$-2,$-0,$-2,$89,89,$-0.03,$-0.03,$1,$30,$0,$41,$34,$0,$6,$1,$42,$82,$18,$0,$3,$3,$21,$171,$-112,$0,$61,$82,$-8,$5,$2,$7,$-2,$1,$0,$1,$-4,$-5,$-3,$0,$0,$0,$0,$0,$-1,$-4,$5,$-5,$0,$1,$1,$0,$1,$2,$-7,$2,$0
40,2008-09-30,5.13,$0.69,7.49,$0.91,5.63,$-0.76,0.0,$-0.12,0.0,$0.05B,$0.03B,1.85,$0.00B,$0.06B,0.0,$0.08B,$0.02B,27.16%,$0.08B,$-0.01B,-13.58%,$0.08B,$-0.01B,-13.58%,$0.08B,$-0.01B,-8.64%,$0.08B,$-0.01B,-14.81%,$0.08B,$-0.01B,-14.81%,$-0.01B,$0.06B,-19.67%,$-0.01B,$0.06B,-22.22%,$-0.01B,$0.09B,-14.04%,$-0.01B,$0.06B,-18.03%,$32,$22,$10,$1,$6,$30,$2,$0,$2,$0,$2,$2,$2,$3,$2,$89,90,$0.03,$0.03,$3,$28,$0,$49,$34,$0,$6,$1,$42,$90,$26,$0,$3,$3,$29,$168,$-110,$0,$61,$90,$-6,$3,$1,$5,$-12,$3,$0,$1,$-13,$-14,$-3,$0,$0,$0,$0,$0,$0,$-3,$5,$6,$11,$1,$1,$0,$-2,$9,$-8,$2,$0
41,2008-06-30,3.31,$0.65,5.09,$0.74,4.49,$-0.74,0.0,$-0.20,0.0,$0.04B,$0.02B,1.96,$0.00B,$0.06B,0.0,$0.07B,$0.02B,23.08%,$0.07B,$-0.02B,-27.69%,$0.07B,$-0.02B,-27.69%,$0.07B,$-0.01B,-21.54%,$0.07B,$-0.02B,-29.23%,$0.07B,$-0.02B,-29.23%,$-0.02B,$0.06B,-31.02%,$-0.02B,$0.05B,-35.35%,$-0.02B,$0.08B,-23.03%,$-0.02B,$0.06B,-29.39%,$21,$16,$5,$1,$6,$24,$-3,$-0,$-3,$0,$-3,$-3,$-3,$-2,$-3,$89,89,$-0.03,$-0.03,$5,$25,$0,$42,$32,$0,$7,$0,$39,$81,$21,$0,$1,$1,$22,$168,$-112,$0,$58,$81,$-8,$2,$1,$3,$-6,$6,$0,$1,$-8,$-13,$-1,$0,$0,$0,$0,$0,$0,$-1,$-0,$10,$9,$0,$0,$0,$-2,$8,$-7,$1,$0
42,2008-03-31,4.73,$0.68,6.99,$0.63,7.46,$-0.71,0.0,$-0.22,0.0,$0.05B,$0.02B,2.02,$0.00B,$0.06B,0.0,$0.06B,$0.01B,23.21%,$0.06B,$-0.02B,-35.71%,$0.06B,$-0.02B,-35.71%,$0.06B,$-0.02B,-28.57%,$0.06B,$-0.02B,-37.50%,$0.06B,$-0.02B,-37.50%,$-0.02B,$0.06B,-33.33%,$-0.02B,$0.05B,-38.01%,$-0.02B,$0.08B,-26.09%,$-0.02B,$0.06B,-31.75%,$14,$11,$4,$2,$6,$20,$-5,$-0,$-6,$0,$-6,$-6,$-6,$-4,$-5,$89,89,$-0.06,$-0.06,$7,$34,$0,$45,$32,$0,$7,$0,$39,$84,$22,$0,$1,$1,$24,$167,$-110,$0,$60,$84,$-6,$1,$1,$2,$1,$-3,$0,$1,$-6,$-9,$-0,$0,$0,$0,$0,$0,$0,$-0,$-0,$7,$7,$1,$1,$0,$-2,$5,$-5,$1,$0
43,2007-12-31,7.34,$0.73,10.09,$0.61,12.09,$-0.65,0.0,$-0.22,0.0,$0.05B,$0.02B,2.18,$0.00B,$0.07B,0.0,$0.05B,$0.01B,20.37%,$0.05B,$-0.02B,-37.04%,$0.05B,$-0.02B,-37.04%,$0.05B,$-0.02B,-29.63%,$0.05B,$-0.02B,-37.04%,$0.05B,$-0.02B,-37.04%,$-0.02B,$0.07B,-30.89%,$-0.02B,$0.06B,-35.24%,$-0.02B,$0.09B,-25.40%,$-0.02B,$0.07B,-30.89%,$14,$11,$3,$2,$6,$19,$-5,$0,$-5,$0,$-5,$-5,$-5,$-4,$-5,$87,87,$-0.06,$-0.06,$9,$31,$0,$46,$32,$0,$8,$1,$41,$87,$21,$0,$1,$1,$22,$166,$-104,$0,$65,$87,$-19,$5,$3,$8,$1,$-19,$0,$-3,$-13,$-25,$-2,$-0,$0,$0,$0,$0,$0,$-2,$-0,$5,$4,$10,$10,$0,$-1,$13,$-14,$3,$0
44,2007-09-30,7.49,$0.70,10.65,$0.65,11.58,$-0.37,0.0,$-0.23,0.0,$0.04B,$0.02B,2.44,$0.00B,$0.06B,0.0,$0.06B,$0.01B,21.82%,$0.06B,$-0.02B,-38.18%,$0.06B,$-0.02B,-38.18%,$0.06B,$-0.02B,-30.91%,$0.06B,$-0.02B,-38.18%,$0.06B,$-0.02B,-38.18%,$-0.02B,$0.06B,-31.82%,$-0.02B,$0.05B,-36.36%,$-0.02B,$0.08B,-27.10%,$-0.02B,$0.06B,-31.70%,$16,$13,$3,$2,$5,$21,$-5,$0,$-5,$0,$-5,$-5,$-5,$-4,$-5,$88,88,$-0.05,$-0.05,$10,$20,$0,$36,$33,$0,$8,$1,$42,$78,$15,$0,$1,$1,$16,$158,$-99,$0,$62,$78,$-14,$3,$2,$6,$-1,$-8,$0,$-0,$-4,$-13,$-1,$-0,$0,$0,$0,$0,$0,$-1,$-0,$0,$-0,$3,$3,$0,$0,$3,$-12,$2,$0
45,2007-06-30,6.99,$0.75,9.36,$0.66,10.65,$-0.23,0.0,$-0.20,0.0,$0.03B,$0.01B,5.12,$0.00B,$0.07B,0.0,$0.05B,$0.02B,28.30%,$0.05B,$-0.02B,-32.08%,$0.05B,$-0.02B,-32.08%,$0.05B,$-0.01B,-24.53%,$0.05B,$-0.02B,-32.08%,$0.05B,$-0.02B,-32.08%,$-0.02B,$0.07B,-24.73%,$-0.02B,$0.06B,-28.22%,$-0.02B,$0.07B,-21.73%,$-0.02B,$0.07B,-24.55%,$12,$9,$3,$2,$5,$16,$-5,$0,$-5,$0,$-5,$-5,$-5,$-4,$-5,$87,87,$-0.05,$-0.05,$13,$16,$0,$32,$33,$0,$8,$0,$41,$73,$6,$0,$1,$1,$7,$157,$-94,$0,$65,$73,$-9,$2,$2,$4,$3,$-4,$0,$0,$-5,$-10,$-1,$-0,$0,$0,$0,$0,$0,$-1,$-0,$0,$-0,$3,$3,$0,$0,$3,$-9,$2,$0
46,2007-03-31,6.75,$0.78,8.68,$0.69,9.8,$-0.09,0.0,$-0.18,0.0,$0.04B,$0.01B,4.1,$0.00B,$0.07B,0.0,$0.05B,$0.02B,32.08%,$0.05B,$-0.01B,-26.42%,$0.05B,$-0.01B,-26.42%,$0.05B,$-0.01B,-18.87%,$0.05B,$-0.01B,-26.42%,$0.05B,$-0.01B,-26.42%,$-0.01B,$0.07B,-20.00%,$-0.01B,$0.06B,-22.95%,$-0.01B,$0.08B,-17.67%,$-0.01B,$0.07B,-19.86%,$12,$9,$2,$2,$5,$17,$-5,$0,$-5,$0,$-5,$-5,$-5,$-4,$-5,$86,86,$-0.06,$-0.06,$18,$14,$0,$36,$33,$0,$9,$0,$42,$77,$9,$0,$1,$1,$10,$153,$-90,$0,$67,$77,$-5,$1,$1,$2,$3,$-2,$0,$0,$-1,$-4,$-1,$-0,$0,$0,$0,$0,$0,$-1,$-0,$0,$-0,$1,$1,$0,$0,$1,$-4,$1,$0
47,2006-12-31,6.25,$0.82,7.64,$0.95,6.58,$0.07,90.58,$-0.08,0.0,$0.04B,$0.01B,3.87,$0.00B,$0.07B,0.0,$0.07B,$0.03B,38.03%,$0.07B,$-0.00B,-5.63%,$0.07B,$-0.00B,-5.63%,$0.07B,$0.00B,1.41%,$0.07B,$-0.01B,-8.45%,$0.07B,$-0.01B,-8.45%,$-0.01B,$0.07B,-8.48%,$-0.01B,$0.06B,-9.80%,$-0.01B,$0.08B,-7.50%,$-0.00B,$0.07B,-5.59%,$15,$10,$4,$5,$5,$21,$-6,$0,$-6,$0,$-6,$-6,$-6,$-5,$-6,$74,74,$-0.09,$-0.08,$22,$12,$0,$40,$33,$0,$9,$0,$42,$82,$10,$0,$1,$2,$12,$150,$-85,$0,$70,$82,$-6,$4,$2,$6,$-2,$-1,$0,$3,$2,$3,$-4,$0,$0,$0,$0,$0,$0,$-4,$-3,$0,$-3,$26,$26,$0,$0,$23,$21,$2,$0
