,Date,Stock Price,Book Value per Share,Price to Book Ratio,TTM Sales per Share,Price to Sales Ratio,TTM FCF per Share,Price to FCF Ratio,TTM Net EPS,PE Ratio,Current Assets,Current Liabilities,Current Ratio,Long Term Debt,Shareholder's Equity_x,Debt to Equity Ratio,TTM Revenue_x,TTM Gross Profit,Gross Margin,TTM Revenue_y,TTM Operating Income,Operating Margin,TTM Revenue_x,TTM EBIT,EBIT Margin,TTM Revenue_y,TTM EBITDA,EBITDA Margin,TTM Revenue_x,TTM Pre-Tax Income,Pre-Tax Margin,TTM Revenue_y,TTM Net Income_x,Net Margin,TTM Net Income_y,Shareholder's Equity_y,Return on Equity,TTM Net Income_x,Tangible Equity,Return on Tangible Equity,TTM Net Income_y,Total Assets,Return on Assets,TTM Net Income,LT Investments & Debt,Return on Investment,revenue,cost-goods-sold,gross-profit,research-development-expenses,selling-general-administrative-expenses,operating-expenses,operating-income,total-non-operating-income-expense,pre-tax-income,total-provision-income-taxes,income-after-taxes,income-from-continuous-operations,net-income,ebitda,ebit,basic-shares-outstanding,shares-outstanding,eps-basic-net-earnings-per-share,eps-earnings-per-share-diluted,cash-on-hand,inventory,other-current-assets,total-current-assets,net-property-plant-equipment,long-term-investments,goodwill-intangible-assets-total,other-long-term-assets,total-long-term-assets,total-assets,total-current-liabilities,long-term-debt,other-non-current-liabilities,total-long-term-liabilities,total-liabilities,common-stock-net,retained-earnings-accumulated-deficit,comprehensive-income,total-share-holder-equity,total-liabilities-share-holders-equity,net-income-loss,total-depreciation-amortization-cash-flow,other-non-cash-items,total-non-cash-items,change-in-accounts-receivable,change-in-inventories,change-in-accounts-payable,change-in-assets-liabilities,total-change-in-assets-liabilities,cash-flow-from-operating-activities,net-change-in-property-plant-equipment,net-change-in-intangible-assets,net-acquisitions-divestitures,net-change-in-short-term-investments,net-change-in-long-term-investments,net-change-in-investments-total,investing-activities-other,cash-flow-from-investing-activities,net-long-term-debt,net-current-debt,debt-issuance-retirement-net-total,net-common-equity-issued-repurchased,net-total-equity-issued-repurchased,total-common-preferred-stock-dividends-paid,financial-activities-other,cash-flow-from-financial-activities,net-cash-flow,stock-based-compensation,common-stock-dividends-paid
0,2018-09-30,45.88,$43.04,1.07,$14.51,3.16,$-36.99,0.0,$7.58,6.05,$0.25B,$0.31B,0.8,$11.09B,$4.48B,2.48,$1.63B,$1.63B,100.00%,$1.63B,$0.63B,38.88%,$1.63B,$0.95B,58.48%,$1.63B,$1.55B,95.02%,$1.63B,$0.63B,38.88%,$1.63B,$0.84B,51.84%,$0.84B,$4.48B,19.66%,$0.84B,$4.48B,19.66%,$0.84B,$17.57B,5.09%,$0.63B,$15.57B,4.31%,$451,$0,$451,$0,$31,$271,$179,$0,$179,$33,$147,$147,$147,$424,$262,$104,113,$1.41,$1.32,$249,$0,$0,$249,$15148,$0,$0,$596,$17318,$17567,$310,$11094,$963,$12778,$13088,$1,$2208,$0,$4479,$17567,$372,$471,$84,$556,$0,$0,$0,$-58,$-58,$870,$-2388,$0,$0,$0,$0,$0,$0,$-2388,$2228,$-847,$1381,$4,$4,$-31,$105,$1458,$-59,$13,$-31
1,2018-06-30,41.97,$41.68,1.01,$13.88,3.02,$-29.38,0.0,$7.16,5.86,$0.28B,$0.33B,0.85,$10.96B,$4.34B,2.53,$1.55B,$1.55B,100.00%,$1.55B,$0.61B,39.12%,$1.55B,$0.91B,58.43%,$1.55B,$1.48B,95.11%,$1.55B,$0.61B,39.12%,$1.55B,$0.80B,51.22%,$0.80B,$4.34B,19.48%,$0.80B,$4.34B,19.48%,$0.80B,$17.26B,5.00%,$0.61B,$15.30B,4.33%,$398,$0,$398,$0,$26,$250,$147,$0,$147,$32,$115,$115,$115,$379,$221,$104,112,$1.11,$1.04,$281,$0,$0,$281,$14864,$0,$0,$555,$16974,$17255,$329,$10962,$933,$12588,$12918,$1,$2071,$0,$4338,$17255,$226,$309,$69,$378,$0,$0,$0,$-40,$-16,$588,$-1904,$0,$0,$0,$0,$0,$0,$-1904,$1144,$109,$1253,$4,$4,$-21,$52,$1288,$-27,$8,$-21
2,2018-03-31,42.53,$40.65,1.05,$13.75,3.09,$-23.79,0.0,$7.04,6.04,$0.27B,$0.28B,0.97,$9.89B,$4.23B,2.34,$1.54B,$1.54B,100.00%,$1.54B,$0.62B,40.14%,$1.54B,$0.91B,58.95%,$1.54B,$1.46B,94.86%,$1.54B,$0.62B,40.14%,$1.54B,$0.78B,50.88%,$0.78B,$4.23B,20.09%,$0.78B,$4.23B,20.09%,$0.78B,$15.95B,5.10%,$0.62B,$14.11B,4.60%,$381,$0,$381,$0,$27,$240,$141,$0,$141,$31,$111,$111,$111,$361,$210,$104,112,$1.07,$1.00,$272,$0,$0,$272,$13589,$0,$0,$517,$15673,$15945,$281,$9887,$894,$11437,$11718,$1,$1967,$0,$4227,$15945,$111,$151,$33,$185,$0,$0,$0,$-24,$-48,$247,$-481,$0,$0,$0,$0,$0,$0,$-481,$693,$-510,$183,$3,$3,$-10,$22,$198,$-37,$3,$-10
3,2017-12-31,47.87,$39.83,1.2,$13.59,3.52,$-26.48,0.0,$6.82,7.02,$0.31B,$0.31B,1.0,$9.70B,$4.13B,2.35,$1.52B,$1.52B,100.00%,$1.52B,$0.61B,40.24%,$1.52B,$0.90B,59.17%,$1.52B,$1.44B,94.66%,$1.52B,$0.61B,40.24%,$1.52B,$0.76B,49.87%,$0.76B,$4.13B,20.43%,$0.76B,$4.13B,20.43%,$0.76B,$15.61B,5.05%,$0.61B,$13.83B,4.68%,$398,$0,$398,$0,$31,$233,$166,$0,$166,$-305,$471,$471,$471,$383,$259,$103,112,$4.56,$4.22,$308,$0,$0,$308,$13280,$0,$0,$463,$15306,$15614,$309,$9699,$856,$11178,$11487,$1,$1866,$0,$4127,$15614,$756,$538,$-182,$356,$0,$0,$0,$-103,$-52,$1060,$-2144,$0,$0,$0,$0,$0,$0,$-2144,$880,$81,$961,$9,$9,$-31,$162,$1102,$17,$20,$-31
4,2017-09-30,42.33,$35.41,1.2,$13.36,3.17,$-25.67,0.0,$3.49,12.13,$0.25B,$0.23B,1.06,$9.24B,$3.66B,2.53,$1.49B,$1.49B,100.00%,$1.49B,$0.59B,39.85%,$1.49B,$0.89B,59.48%,$1.49B,$1.43B,95.83%,$1.49B,$0.59B,39.85%,$1.49B,$0.38B,25.67%,$0.38B,$3.66B,10.87%,$0.38B,$3.66B,10.87%,$0.38B,$14.90B,2.62%,$0.59B,$12.89B,4.71%,$377,$0,$377,$0,$25,$223,$154,$0,$154,$55,$99,$99,$99,$355,$218,$103,112,$0.96,$0.90,$245,$0,$0,$245,$12673,$0,$0,$432,$14656,$14902,$232,$9237,$850,$11014,$11246,$1,$1406,$0,$3656,$14902,$285,$415,$136,$550,$0,$0,$0,$-78,$-84,$752,$-1409,$0,$0,$0,$0,$0,$0,$-1409,$-165,$670,$505,$2,$2,$-23,$127,$612,$-45,$14,$-23
5,2017-06-30,37.04,$34.48,1.07,$13.20,2.81,$-27.30,0.0,$3.45,10.74,$0.26B,$0.27B,0.96,$9.30B,$3.56B,2.62,$1.47B,$1.47B,100.00%,$1.47B,$0.58B,39.84%,$1.47B,$0.88B,59.75%,$1.47B,$1.40B,95.63%,$1.47B,$0.58B,39.84%,$1.47B,$0.38B,25.65%,$0.38B,$3.56B,10.99%,$0.38B,$3.56B,10.99%,$0.38B,$14.86B,2.64%,$0.58B,$12.86B,4.73%,$381,$0,$381,$0,$29,$225,$156,$0,$156,$55,$101,$101,$101,$359,$219,$103,112,$0.98,$0.92,$262,$0,$0,$262,$12743,$0,$0,$416,$14599,$14861,$274,$9303,$851,$11029,$11303,$1,$1314,$0,$3558,$14861,$186,$277,$88,$365,$0,$0,$0,$-84,$-53,$498,$-1180,$0,$0,$0,$0,$0,$0,$-1180,$-133,$711,$578,$2,$2,$-15,$89,$653,$-29,$9,$-15
6,2017-03-31,38.34,$33.53,1.14,$12.94,2.96,$-27.34,0.0,$3.37,11.38,$0.17B,$0.22B,0.78,$9.10B,$3.46B,2.63,$1.44B,$1.44B,100.00%,$1.44B,$0.57B,39.72%,$1.44B,$0.86B,60.07%,$1.44B,$1.37B,95.33%,$1.44B,$0.57B,39.72%,$1.44B,$0.37B,25.57%,$0.37B,$3.46B,11.02%,$0.37B,$3.46B,11.02%,$0.37B,$14.48B,2.65%,$0.57B,$12.56B,4.74%,$360,$0,$360,$0,$26,$226,$134,$0,$134,$49,$85,$85,$85,$338,$201,$103,111,$0.83,$0.78,$174,$0,$0,$174,$12623,$0,$0,$348,$14303,$14477,$223,$9103,$874,$10794,$11018,$1,$1221,$0,$3459,$14477,$85,$137,$45,$182,$0,$0,$0,$-17,$-48,$220,$-752,$0,$0,$0,$0,$0,$0,$-752,$441,$-60,$381,$1,$1,$-8,$42,$416,$-117,$4,$-8
7,2016-12-31,33.91,$32.89,1.03,$12.81,2.65,$-25.20,0.0,$3.44,9.86,$0.29B,$0.26B,1.13,$8.71B,$3.38B,2.58,$1.42B,$1.42B,100.00%,$1.42B,$0.58B,40.90%,$1.42B,$0.87B,61.07%,$1.42B,$1.35B,95.28%,$1.42B,$0.58B,40.90%,$1.42B,$0.38B,26.45%,$0.38B,$3.38B,11.57%,$0.38B,$3.38B,11.57%,$0.38B,$13.98B,2.79%,$0.58B,$12.10B,4.97%,$370,$0,$370,$0,$28,$221,$149,$0,$149,$52,$97,$97,$97,$374,$247,$103,111,$0.95,$0.89,$291,$0,$0,$291,$12042,$0,$0,$352,$13685,$13976,$257,$8714,$856,$10337,$10593,$1,$1143,$0,$3382,$13976,$375,$484,$163,$647,$0,$0,$0,$-48,$-2,$1020,$-2006,$0,$0,$0,$0,$0,$0,$-2006,$928,$46,$974,$0,$0,$-21,$150,$1104,$118,$17,$-21
8,2016-09-30,28.17,$31.97,0.88,$12.42,2.27,$-28.18,0.0,$3.29,8.56,$0.24B,$0.24B,1.04,$8.56B,$3.29B,2.6,$1.38B,$1.38B,100.00%,$1.38B,$0.56B,40.44%,$1.38B,$0.84B,60.87%,$1.38B,$1.31B,95.20%,$1.38B,$0.56B,40.44%,$1.38B,$0.36B,26.11%,$0.36B,$3.29B,11.39%,$0.36B,$3.29B,11.39%,$0.36B,$13.68B,2.75%,$0.56B,$11.84B,4.91%,$355,$0,$355,$0,$24,$211,$145,$0,$145,$51,$93,$93,$93,$331,$209,$103,111,$0.91,$0.86,$244,$0,$0,$244,$11875,$0,$0,$333,$13437,$13681,$235,$8555,$886,$10157,$10393,$1,$1054,$0,$3288,$13681,$278,$357,$118,$474,$0,$0,$0,$-14,$9,$761,$-1595,$0,$0,$0,$0,$0,$0,$-1595,$525,$298,$823,$0,$0,$-15,$95,$903,$70,$12,$-15
9,2016-06-30,26.35,$31.07,0.85,$12.05,2.19,$-30.53,0.0,$3.14,8.39,$0.20B,$0.23B,0.87,$8.39B,$3.20B,2.63,$1.33B,$1.33B,100.00%,$1.33B,$0.53B,39.83%,$1.33B,$0.81B,60.62%,$1.33B,$1.27B,95.05%,$1.33B,$0.53B,39.83%,$1.33B,$0.34B,25.73%,$0.34B,$3.20B,11.19%,$0.34B,$3.20B,11.19%,$0.34B,$13.34B,2.72%,$0.53B,$11.59B,4.84%,$350,$0,$350,$0,$25,$208,$142,$0,$142,$50,$92,$92,$92,$325,$205,$103,111,$0.89,$0.84,$197,$0,$0,$197,$11698,$0,$0,$312,$13143,$13340,$227,$8390,$868,$9917,$10145,$1,$966,$0,$3196,$13340,$185,$235,$72,$307,$0,$0,$0,$6,$13,$505,$-1186,$0,$0,$0,$0,$0,$0,$-1186,$-272,$938,$666,$0,$0,$-10,$41,$697,$16,$8,$-10
10,2016-03-31,31.55,$30.19,1.05,$11.64,2.71,$-31.23,0.0,$3.00,10.52,$0.18B,$0.19B,0.93,$8.02B,$3.10B,2.58,$1.29B,$1.29B,100.00%,$1.29B,$0.51B,39.36%,$1.29B,$0.78B,60.48%,$1.29B,$1.22B,95.03%,$1.29B,$0.51B,39.36%,$1.29B,$0.33B,25.39%,$0.33B,$3.10B,10.97%,$0.33B,$3.10B,10.97%,$0.33B,$12.78B,2.68%,$0.51B,$11.12B,4.79%,$343,$0,$343,$0,$23,$199,$144,$0,$144,$51,$93,$93,$93,$321,$205,$103,111,$0.90,$0.85,$179,$0,$0,$179,$11240,$0,$0,$285,$12604,$12783,$192,$8018,$865,$9487,$9679,$1,$879,$0,$3104,$12783,$93,$116,$33,$149,$0,$0,$0,$8,$-14,$228,$-520,$0,$0,$0,$0,$0,$0,$-520,$-581,$879,$298,$0,$0,$-5,$6,$299,$6,$3,$-5
11,2015-12-31,32.84,$29.44,1.12,$11.05,2.97,$-32.24,0.0,$2.34,14.03,$0.17B,$0.22B,0.8,$7.71B,$3.02B,2.55,$1.22B,$1.22B,100.00%,$1.22B,$0.47B,38.02%,$1.22B,$0.73B,59.77%,$1.22B,$1.16B,94.77%,$1.22B,$0.39B,32.13%,$1.22B,$0.25B,20.69%,$0.25B,$3.02B,8.72%,$0.25B,$3.02B,8.72%,$0.25B,$12.36B,2.15%,$0.47B,$10.73B,4.54%,$327,$0,$327,$0,$25,$201,$125,$0,$125,$44,$81,$81,$81,$332,$218,$103,111,$0.79,$0.74,$173,$0,$0,$173,$10813,$0,$0,$297,$12182,$12355,$216,$7712,$853,$9119,$9335,$1,$792,$0,$3020,$12355,$253,$428,$115,$543,$0,$0,$0,$27,$44,$840,$-2153,$0,$0,$0,$0,$0,$0,$-2153,$904,$151,$1055,$0,$0,$-16,$148,$1187,$-126,$17,$-16
12,2015-09-30,30.28,$28.65,1.06,$10.69,2.83,$-29.78,0.0,$2.25,13.46,$0.13B,$0.17B,0.77,$7.50B,$2.94B,2.55,$1.18B,$1.18B,100.00%,$1.18B,$0.45B,37.90%,$1.18B,$0.67B,57.02%,$1.18B,$1.09B,91.79%,$1.18B,$0.38B,31.81%,$1.18B,$0.24B,20.47%,$0.24B,$2.94B,8.52%,$0.24B,$2.94B,8.52%,$0.24B,$11.91B,2.13%,$0.45B,$10.44B,4.52%,$313,$0,$313,$0,$24,$194,$120,$0,$120,$43,$77,$77,$77,$289,$180,$103,111,$0.75,$0.71,$130,$0,$0,$130,$10419,$0,$0,$278,$11781,$11912,$169,$7498,$802,$8804,$8972,$1,$716,$0,$2939,$11912,$172,$314,$79,$393,$0,$0,$0,$27,$21,$587,$-1679,$0,$0,$0,$0,$0,$0,$-1679,$924,$-75,$849,$0,$0,$-12,$93,$929,$-163,$12,$-12
13,2015-06-30,33.16,$27.90,1.19,$10.24,3.24,$-28.88,0.0,$2.12,15.64,$0.17B,$0.36B,0.47,$7.22B,$2.86B,2.52,$1.13B,$1.13B,100.00%,$1.13B,$0.42B,37.49%,$1.13B,$0.64B,56.50%,$1.13B,$1.03B,91.42%,$1.13B,$0.35B,31.12%,$1.13B,$0.23B,20.07%,$0.23B,$2.86B,8.17%,$0.23B,$2.86B,8.17%,$0.23B,$11.67B,2.06%,$0.42B,$10.08B,4.40%,$305,$0,$305,$0,$22,$187,$118,$0,$118,$42,$76,$76,$76,$282,$176,$103,111,$0.74,$0.70,$172,$0,$0,$172,$10069,$0,$0,$400,$11495,$11666,$362,$7220,$764,$8442,$8804,$1,$643,$0,$2862,$11666,$95,$205,$72,$277,$0,$0,$0,$27,$29,$402,$-1160,$0,$0,$0,$0,$0,$0,$-1160,$451,$126,$577,$0,$0,$-8,$69,$638,$-120,$8,$-8
14,2015-03-31,36.87,$27.16,1.36,$9.81,3.76,$-27.24,0.0,$2.00,18.43,$0.23B,$0.25B,0.91,$6.96B,$2.79B,2.5,$1.08B,$1.08B,100.00%,$1.08B,$0.40B,37.15%,$1.08B,$0.61B,56.01%,$1.08B,$0.98B,90.85%,$1.08B,$0.33B,30.50%,$1.08B,$0.21B,19.69%,$0.21B,$2.79B,7.83%,$0.21B,$2.79B,7.83%,$0.21B,$11.15B,2.01%,$0.40B,$9.74B,4.30%,$278,$0,$278,$0,$22,$176,$102,$-72,$30,$11,$19,$19,$19,$256,$157,$102,111,$0.19,$0.19,$227,$0,$0,$227,$9474,$0,$0,$296,$10918,$11145,$250,$6955,$744,$8110,$8360,$1,$571,$0,$2785,$11145,$19,$99,$78,$176,$0,$0,$0,$21,$14,$210,$-614,$0,$0,$0,$0,$0,$0,$-614,$548,$-231,$317,$0,$0,$-4,$18,$331,$-73,$3,$-4
15,2014-12-31,33.48,$27.07,1.24,$9.53,3.51,$-24.69,0.0,$2.38,14.07,$0.29B,$0.19B,1.52,$6.63B,$2.77B,2.39,$1.05B,$1.05B,100.00%,$1.05B,$0.40B,37.62%,$1.05B,$0.59B,56.00%,$1.05B,$0.95B,90.57%,$1.05B,$0.40B,37.62%,$1.05B,$0.26B,24.29%,$0.26B,$2.77B,9.55%,$0.26B,$2.77B,9.55%,$0.26B,$10.69B,2.50%,$0.40B,$9.40B,4.37%,$286,$0,$286,$0,$28,$178,$108,$0,$108,$38,$70,$70,$70,$258,$161,$102,110,$0.69,$0.65,$290,$0,$0,$290,$8954,$0,$0,$302,$10401,$10691,$191,$6631,$698,$7728,$7919,$1,$556,$0,$2772,$10691,$256,$364,$90,$454,$0,$0,$0,$13,$59,$769,$-1806,$0,$0,$0,$0,$0,$0,$-1806,$1086,$-239,$847,$1,$1,$-12,$214,$1049,$13,$16,$-12
16,2014-09-30,31.68,$26.32,1.2,$9.17,3.46,$-29.34,0.0,$2.28,13.9,$0.22B,$0.16B,1.36,$6.65B,$2.70B,2.47,$1.01B,$1.01B,100.00%,$1.01B,$0.38B,37.54%,$1.01B,$0.56B,55.71%,$1.01B,$0.91B,90.27%,$1.01B,$0.38B,37.54%,$1.01B,$0.24B,24.23%,$0.24B,$2.70B,9.35%,$0.24B,$2.70B,9.35%,$0.24B,$10.55B,2.47%,$0.38B,$9.34B,4.30%,$262,$0,$262,$0,$24,$166,$96,$0,$96,$34,$62,$62,$62,$238,$145,$102,110,$0.61,$0.58,$219,$0,$0,$219,$8899,$0,$0,$196,$10327,$10546,$161,$6647,$680,$7690,$7850,$1,$490,$0,$2695,$10546,$186,$267,$76,$343,$0,$0,$0,$20,$43,$571,$-1563,$0,$0,$0,$0,$0,$0,$-1563,$1129,$-349,$780,$1,$1,$-9,$160,$932,$-60,$12,$-9
17,2014-06-30,37.58,$25.71,1.46,$8.77,4.28,$-31.12,0.0,$2.16,17.4,$0.26B,$0.17B,1.52,$6.28B,$2.63B,2.39,$0.96B,$0.96B,100.00%,$0.96B,$0.36B,37.15%,$0.96B,$0.53B,55.46%,$0.96B,$0.87B,90.11%,$0.96B,$0.36B,37.15%,$0.96B,$0.23B,24.04%,$0.23B,$2.63B,9.06%,$0.23B,$2.63B,9.06%,$0.23B,$10.05B,2.45%,$0.36B,$8.92B,4.23%,$256,$0,$256,$0,$25,$161,$96,$0,$96,$34,$62,$62,$62,$231,$143,$102,110,$0.61,$0.58,$259,$0,$0,$259,$8329,$0,$0,$201,$9793,$10052,$171,$6284,$640,$7250,$7420,$1,$430,$0,$2632,$10052,$123,$173,$48,$221,$0,$0,$0,$20,$33,$377,$-950,$0,$0,$0,$0,$0,$0,$-950,$244,$181,$425,$1,$1,$-6,$127,$547,$-26,$8,$-6
18,2014-03-31,36.29,$25.35,1.43,$8.35,4.34,$-34.27,0.0,$1.99,18.24,$0.33B,$0.15B,2.28,$5.94B,$2.58B,2.3,$0.91B,$0.91B,100.00%,$0.91B,$0.33B,35.82%,$0.91B,$0.50B,54.76%,$0.91B,$0.82B,89.70%,$0.91B,$0.33B,35.82%,$0.91B,$0.21B,23.22%,$0.21B,$2.58B,8.50%,$0.21B,$2.58B,8.50%,$0.21B,$9.55B,2.35%,$0.33B,$8.53B,4.03%,$246,$0,$246,$0,$23,$152,$95,$0,$95,$33,$61,$61,$61,$224,$139,$102,110,$0.60,$0.57,$333,$0,$0,$333,$7747,$0,$0,$204,$9220,$9553,$146,$5943,$593,$6824,$6970,$1,$371,$0,$2584,$9553,$61,$85,$22,$107,$0,$0,$0,$12,$12,$180,$-301,$0,$0,$0,$0,$0,$0,$-301,$319,$-233,$86,$0,$0,$-3,$24,$107,$-14,$3,$-3
19,2013-12-31,30.22,$24.78,1.22,$7.89,3.83,$-37.77,0.0,$1.80,16.79,$0.36B,$0.13B,2.72,$5.85B,$2.52B,2.32,$0.86B,$0.86B,100.00%,$0.86B,$0.29B,34.23%,$0.86B,$0.46B,53.90%,$0.86B,$0.77B,89.17%,$0.86B,$0.29B,34.23%,$0.86B,$0.19B,22.24%,$0.19B,$2.52B,7.82%,$0.19B,$2.52B,7.82%,$0.19B,$9.33B,2.21%,$0.29B,$8.38B,3.77%,$243,$0,$243,$0,$27,$152,$91,$0,$91,$32,$59,$59,$59,$216,$134,$102,109,$0.59,$0.55,$357,$0,$0,$357,$7613,$0,$0,$197,$8975,$9333,$131,$5853,$570,$6678,$6809,$1,$313,$0,$2523,$9333,$190,$304,$103,$407,$0,$0,$0,$18,$57,$654,$-2186,$0,$0,$0,$0,$0,$0,$-2186,$1077,$388,$1465,$0,$0,$-8,$114,$1572,$40,$22,$-8
20,2013-09-30,26.87,$24.18,1.11,$7.42,3.62,$-40.93,0.0,$1.63,16.49,$0.31B,$0.12B,2.49,$5.47B,$2.46B,2.22,$0.81B,$0.81B,100.00%,$0.81B,$0.26B,32.75%,$0.81B,$0.43B,53.23%,$0.81B,$0.72B,88.96%,$0.81B,$0.26B,32.75%,$0.81B,$0.17B,21.34%,$0.17B,$2.46B,7.18%,$0.17B,$2.46B,7.18%,$0.17B,$8.81B,2.11%,$0.26B,$7.93B,3.58%,$216,$0,$216,$0,$21,$141,$75,$0,$75,$26,$49,$49,$49,$195,$117,$102,109,$0.48,$0.46,$307,$0,$0,$307,$7240,$0,$0,$206,$8501,$8808,$124,$5466,$540,$6224,$6347,$1,$257,$0,$2461,$8808,$132,$221,$86,$307,$0,$0,$0,$23,$54,$493,$-1668,$0,$0,$0,$0,$0,$0,$-1668,$260,$819,$1079,$0,$0,$-5,$93,$1166,$-8,$18,$-5
21,2013-06-30,26.78,$23.69,1.13,$7.07,3.79,$-44.42,0.0,$1.53,17.5,$0.31B,$0.11B,2.77,$5.23B,$2.41B,2.17,$0.77B,$0.77B,100.00%,$0.77B,$0.25B,32.16%,$0.77B,$0.40B,52.81%,$0.77B,$0.68B,88.50%,$0.77B,$0.25B,32.16%,$0.77B,$0.16B,20.92%,$0.16B,$2.41B,6.80%,$0.16B,$2.41B,6.80%,$0.16B,$8.44B,2.07%,$0.25B,$7.64B,3.49%,$208,$0,$208,$0,$24,$142,$66,$0,$66,$23,$43,$43,$43,$184,$110,$101,109,$0.42,$0.41,$312,$0,$0,$312,$6983,$0,$0,$192,$8127,$8440,$113,$5226,$502,$5916,$6029,$1,$211,$0,$2411,$8440,$83,$143,$57,$200,$0,$0,$0,$19,$25,$308,$-1218,$0,$0,$0,$0,$0,$0,$-1218,$310,$530,$840,$0,$0,$-3,$76,$914,$4,$14,$-3
22,2013-03-31,28.43,$23.45,1.21,$6.63,4.29,$-48.37,0.0,$1.40,20.31,$0.33B,$0.10B,3.15,$4.86B,$2.38B,2.05,$0.72B,$0.72B,100.00%,$0.72B,$0.22B,31.33%,$0.72B,$0.37B,52.03%,$0.72B,$0.63B,87.83%,$0.72B,$0.22B,31.33%,$0.72B,$0.15B,20.28%,$0.15B,$2.38B,6.28%,$0.15B,$2.38B,6.28%,$0.15B,$7.96B,1.98%,$0.22B,$7.24B,3.34%,$192,$0,$192,$0,$21,$130,$62,$0,$62,$22,$40,$40,$40,$171,$102,$101,108,$0.39,$0.38,$328,$0,$0,$328,$6571,$0,$0,$200,$7627,$7956,$104,$4861,$454,$5477,$5581,$1,$171,$0,$2375,$7956,$40,$69,$27,$96,$0,$0,$0,$14,$25,$161,$-659,$0,$0,$0,$0,$0,$0,$-659,$451,$25,$476,$0,$0,$-3,$12,$486,$-12,$7,$-3
23,2012-12-31,20.83,$23.04,0.9,$6.09,3.42,$-48.40,0.0,$1.28,16.27,$0.34B,$0.09B,3.73,$4.39B,$2.33B,1.88,$0.66B,$0.66B,100.00%,$0.66B,$0.20B,31.10%,$0.66B,$0.33B,50.91%,$0.66B,$0.57B,86.59%,$0.66B,$0.20B,31.10%,$0.66B,$0.13B,20.12%,$0.13B,$2.33B,5.82%,$0.13B,$2.33B,5.82%,$0.13B,$7.35B,1.91%,$0.20B,$6.72B,3.21%,$190,$0,$190,$0,$23,$129,$61,$0,$61,$21,$40,$40,$40,$167,$100,$101,108,$0.39,$0.38,$336,$0,$0,$336,$6252,$0,$0,$126,$7017,$7354,$90,$4385,$412,$4931,$5021,$1,$133,$0,$2333,$7354,$132,$233,$100,$333,$0,$0,$0,$0,$26,$491,$-2345,$0,$0,$0,$0,$0,$0,$-2345,$1683,$62,$1745,$0,$0,$0,$57,$1802,$-52,$32,$0
24,2012-09-30,19.77,$22.58,0.88,$5.60,3.53,$-61.15,0.0,$1.14,17.34,$0.55B,$0.10B,5.79,$4.30B,$2.29B,1.88,$0.58B,$0.58B,100.00%,$0.58B,$0.18B,31.33%,$0.58B,$0.29B,49.40%,$0.58B,$0.50B,85.37%,$0.58B,$0.18B,31.33%,$0.58B,$0.12B,20.14%,$0.12B,$2.29B,5.25%,$0.12B,$2.29B,5.25%,$0.12B,$7.17B,1.84%,$0.18B,$6.58B,3.10%,$175,$0,$175,$0,$20,$118,$57,$0,$57,$20,$37,$37,$37,$155,$92,$101,108,$0.37,$0.36,$551,$0,$0,$551,$5872,$0,$0,$120,$6614,$7165,$95,$4296,$380,$4785,$4880,$1,$93,$0,$2286,$7165,$92,$166,$75,$241,$0,$0,$0,$-9,$39,$372,$-1909,$0,$0,$0,$0,$0,$0,$-1909,$1697,$-28,$1669,$0,$0,$0,$25,$1694,$158,$25,$0
25,2012-06-30,18.79,$22.13,0.85,$4.89,3.84,$-65.62,0.0,$0.96,19.57,$0.50B,$0.08B,6.12,$4.05B,$2.24B,1.81,$0.50B,$0.50B,100.00%,$0.50B,$0.15B,30.72%,$0.50B,$0.23B,46.99%,$0.50B,$0.41B,82.93%,$0.50B,$0.15B,30.72%,$0.50B,$0.10B,19.68%,$0.10B,$2.24B,4.47%,$0.10B,$2.24B,4.47%,$0.10B,$6.81B,1.74%,$0.15B,$6.29B,2.93%,$158,$0,$158,$0,$24,$114,$44,$0,$44,$16,$28,$28,$28,$135,$78,$101,107,$0.28,$0.28,$502,$0,$0,$502,$5653,$0,$0,$110,$6307,$6808,$82,$4047,$351,$4485,$4567,$1,$56,$0,$2241,$6808,$55,$104,$48,$152,$0,$0,$0,$2,$33,$240,$-1563,$0,$0,$0,$0,$0,$0,$-1563,$1299,$122,$1421,$0,$0,$0,$9,$1429,$107,$17,$0
26,2012-03-31,23.32,$21.96,1.06,$4.24,5.51,$-67.39,0.0,$0.76,30.69,$0.92B,$0.05B,17.56,$3.66B,$2.21B,1.65,$0.41B,$0.41B,100.00%,$0.41B,$0.12B,28.99%,$0.41B,$0.18B,42.75%,$0.41B,$0.33B,78.74%,$0.41B,$0.12B,28.99%,$0.41B,$0.08B,18.60%,$0.08B,$2.21B,3.56%,$0.08B,$2.21B,3.56%,$0.08B,$6.29B,1.58%,$0.12B,$5.87B,2.65%,$133,$0,$133,$0,$22,$91,$42,$0,$42,$15,$27,$27,$27,$111,$64,$101,107,$0.27,$0.26,$916,$0,$0,$916,$4757,$0,$0,$104,$5371,$6287,$52,$3658,$299,$4023,$4075,$1,$28,$0,$2211,$6287,$27,$47,$23,$70,$0,$0,$0,$-3,$4,$102,$-598,$0,$0,$0,$0,$0,$0,$-598,$1288,$-246,$1042,$0,$0,$0,$-24,$1018,$521,$8,$0
