,Date,Stock Price,Book Value per Share,Price to Book Ratio,TTM Sales per Share,Price to Sales Ratio,TTM FCF per Share,Price to FCF Ratio,TTM Net EPS,PE Ratio,Current Assets,Current Liabilities,Current Ratio,Long Term Debt,Shareholder's Equity_x,Debt to Equity Ratio,TTM Revenue_x,TTM Gross Profit,Gross Margin,TTM Revenue_y,TTM Operating Income,Operating Margin,TTM Revenue_x,TTM EBIT,EBIT Margin,TTM Revenue_y,TTM EBITDA,EBITDA Margin,TTM Revenue_x,TTM Pre-Tax Income,Pre-Tax Margin,TTM Revenue_y,TTM Net Income_x,Net Margin,TTM Net Income_y,Shareholder's Equity_y,Return on Equity,TTM Net Income_x,Tangible Equity,Return on Tangible Equity,TTM Net Income_y,Total Assets,Return on Assets,TTM Net Income,LT Investments & Debt,Return on Investment,revenue,cost-goods-sold,gross-profit,research-development-expenses,selling-general-administrative-expenses,operating-expenses,operating-income,total-non-operating-income-expense,pre-tax-income,total-provision-income-taxes,income-after-taxes,income-from-continuous-operations,net-income,ebitda,ebit,basic-shares-outstanding,shares-outstanding,eps-basic-net-earnings-per-share,eps-earnings-per-share-diluted,cash-on-hand,inventory,other-current-assets,total-current-assets,net-property-plant-equipment,long-term-investments,goodwill-intangible-assets-total,other-long-term-assets,total-long-term-assets,total-assets,total-current-liabilities,long-term-debt,other-non-current-liabilities,total-long-term-liabilities,total-liabilities,common-stock-net,retained-earnings-accumulated-deficit,comprehensive-income,total-share-holder-equity,total-liabilities-share-holders-equity,net-income-loss,total-depreciation-amortization-cash-flow,other-non-cash-items,total-non-cash-items,change-in-accounts-receivable,change-in-inventories,change-in-accounts-payable,change-in-assets-liabilities,total-change-in-assets-liabilities,cash-flow-from-operating-activities,net-change-in-property-plant-equipment,net-change-in-intangible-assets,net-acquisitions-divestitures,net-change-in-short-term-investments,net-change-in-long-term-investments,net-change-in-investments-total,investing-activities-other,cash-flow-from-investing-activities,net-long-term-debt,net-current-debt,debt-issuance-retirement-net-total,net-common-equity-issued-repurchased,net-total-equity-issued-repurchased,total-common-preferred-stock-dividends-paid,financial-activities-other,cash-flow-from-financial-activities,net-cash-flow,stock-based-compensation,common-stock-dividends-paid
0,2018-09-30,99.78,$34.72,2.87,$29.88,3.34,$-1.60,0.0,$1.96,50.91,$2.06B,$1.13B,1.83,$1.41B,$3.69B,0.38,$3.31B,$1.20B,36.35%,$3.31B,$0.92B,27.72%,$3.31B,$0.92B,27.72%,$3.31B,$1.12B,33.82%,$3.31B,$0.81B,24.40%,$3.31B,$0.35B,10.45%,$0.35B,$3.69B,9.06%,$0.35B,$1.70B,19.22%,$0.35B,$7.49B,4.56%,$0.92B,$5.10B,17.52%,$778,$497,$281,$17,$100,$614,$164,$-9,$155,$33,$121,$143,$130,$213,$164,$107,108,$1.21,$1.20,$641,$727,$98,$2060,$2825,$535,$1989,$78,$5428,$7487,$1127,$1412,$553,$2674,$3801,$1,$2479,$-314,$3686,$7487,$593,$151,$-208,$-57,$0,$0,$0,$-132,$-132,$377,$-472,$0,$402,$0,$-6,$-6,$0,$-76,$-135,$0,$-135,$-498,$-498,$-124,$-17,$-773,$-496,$12,$-124
1,2018-06-30,94.33,$35.39,2.67,$29.44,3.2,$-1.74,0.0,$3.02,31.24,$2.28B,$1.04B,2.19,$1.41B,$3.84B,0.37,$3.29B,$1.20B,36.45%,$3.29B,$0.90B,27.39%,$3.29B,$0.90B,27.39%,$3.29B,$1.10B,33.57%,$3.29B,$0.78B,23.81%,$3.29B,$0.34B,10.19%,$0.34B,$3.84B,8.57%,$0.34B,$1.85B,17.85%,$0.34B,$7.54B,4.41%,$0.90B,$5.24B,16.92%,$854,$543,$311,$16,$124,$464,$390,$-19,$372,$80,$292,$311,$302,$441,$390,$110,111,$2.76,$2.73,$908,$666,$94,$2283,$2670,$520,$1991,$75,$5255,$7538,$1042,$1407,$553,$2659,$3701,$1,$2385,$-302,$3837,$7538,$450,$101,$-199,$-98,$0,$0,$0,$-91,$-91,$224,$-281,$0,$409,$-0,$-2,$-2,$0,$126,$-212,$0,$-212,$-249,$-249,$-80,$-16,$-557,$-229,$8,$-80
2,2018-03-31,92.41,$35.60,2.6,$28.30,3.27,$-2.58,0.0,$1.21,76.37,$2.16B,$0.87B,2.49,$1.44B,$3.94B,0.36,$3.17B,$1.16B,36.57%,$3.17B,$0.65B,20.46%,$3.17B,$0.65B,20.46%,$3.17B,$0.85B,26.80%,$3.17B,$0.53B,16.80%,$3.17B,$0.14B,4.29%,$0.14B,$3.94B,3.46%,$0.14B,$1.87B,7.20%,$0.14B,$7.56B,1.81%,$0.65B,$5.38B,12.14%,$822,$517,$305,$21,$101,$639,$183,$-44,$139,$20,$118,$139,$132,$233,$183,$111,112,$1.19,$1.18,$692,$667,$150,$2159,$2569,$525,$2073,$230,$5398,$7556,$869,$1437,$589,$2744,$3613,$1,$2119,$-175,$3943,$7556,$139,$50,$32,$82,$0,$0,$0,$-100,$-100,$122,$-132,$0,$0,$0,$-1,$-1,$0,$-133,$-381,$0,$-381,$1,$1,$-43,$-15,$-438,$-445,$3,$-43
3,2017-12-31,127.01,$34.53,3.68,$27.32,4.65,$-2.24,0.0,$0.48,264.6,$2.48B,$1.20B,2.06,$1.42B,$3.82B,0.37,$3.07B,$1.11B,36.13%,$3.07B,$0.59B,19.14%,$3.07B,$0.59B,19.14%,$3.07B,$0.78B,25.52%,$3.07B,$0.45B,14.55%,$3.07B,$0.06B,1.79%,$0.06B,$3.82B,1.42%,$0.06B,$1.79B,2.93%,$0.06B,$7.75B,0.73%,$0.59B,$5.23B,11.10%,$858,$550,$307,$21,$106,$677,$181,$-39,$142,$378,$-236,$-207,$-218,$233,$181,$111,112,$-1.97,$-1.94,$1137,$593,$175,$2478,$2493,$534,$2032,$214,$5273,$7751,$1201,$1415,$600,$2732,$3933,$1,$2035,$-226,$3818,$7751,$99,$197,$-50,$147,$-75,$-102,$53,$-0,$-392,$304,$-318,$0,$-38,$0,$-4,$-4,$1,$-358,$-612,$0,$-612,$-242,$-242,$-177,$-55,$-1087,$-1132,$19,$-177
4,2017-09-30,135.03,$36.56,3.69,$25.84,5.23,$2.65,51.04,$7.73,17.47,$2.33B,$1.10B,2.11,$1.41B,$4.04B,0.35,$2.91B,$1.04B,35.86%,$2.91B,$0.49B,16.83%,$2.91B,$0.49B,16.83%,$2.91B,$0.68B,23.50%,$2.91B,$0.38B,12.88%,$2.91B,$0.88B,30.06%,$0.88B,$4.04B,22.34%,$0.88B,$2.01B,44.99%,$0.88B,$7.52B,11.54%,$0.49B,$5.45B,8.90%,$755,$479,$276,$22,$106,$607,$147,$-18,$130,$18,$111,$130,$119,$197,$147,$110,112,$1.07,$1.06,$1045,$610,$102,$2327,$2484,$530,$2033,$149,$5196,$7523,$1103,$1407,$199,$2381,$3484,$1,$2289,$-250,$4040,$7523,$307,$144,$12,$156,$0,$0,$0,$-399,$-399,$75,$-188,$0,$-39,$0,$0,$0,$1,$-224,$-647,$0,$-647,$-243,$-243,$-133,$-55,$-1078,$-1224,$16,$-133
5,2017-06-30,104.29,$35.33,2.95,$24.87,4.19,$6.41,16.27,$7.80,13.37,$2.20B,$0.98B,2.24,$1.42B,$3.90B,0.36,$2.81B,$1.01B,35.84%,$2.81B,$0.47B,16.65%,$2.81B,$0.47B,16.65%,$2.81B,$0.66B,23.49%,$2.81B,$0.36B,12.70%,$2.81B,$0.88B,31.46%,$0.88B,$3.90B,23.45%,$0.88B,$1.90B,48.04%,$0.88B,$7.29B,10.98%,$0.47B,$5.32B,8.12%,$737,$465,$272,$17,$117,$599,$138,$-16,$122,$23,$99,$114,$103,$187,$138,$111,112,$0.93,$0.92,$1007,$566,$92,$2204,$2417,$505,$2004,$161,$5088,$7292,$984,$1421,$203,$2409,$3392,$1,$2206,$-297,$3900,$7292,$176,$94,$16,$110,$0,$0,$0,$-353,$-353,$-54,$-98,$0,$-33,$0,$0,$0,$1,$-129,$-692,$0,$-692,$-247,$-247,$-88,$-55,$-1082,$-1263,$9,$-88
6,2017-03-31,104.09,$34.17,3.05,$24.20,4.3,$9.12,11.41,$4.10,25.39,$2.39B,$1.21B,1.98,$1.40B,$3.78B,0.37,$2.74B,$0.98B,35.85%,$2.74B,$0.45B,16.52%,$2.74B,$0.45B,16.52%,$2.74B,$0.66B,24.22%,$2.74B,$0.34B,12.40%,$2.74B,$0.47B,16.99%,$0.47B,$3.78B,12.87%,$0.47B,$1.83B,26.95%,$0.47B,$7.37B,5.44%,$0.45B,$5.18B,7.53%,$722,$467,$255,$24,$109,$600,$122,$-68,$53,$12,$41,$63,$51,$167,$122,$112,113,$0.46,$0.45,$1255,$519,$54,$2390,$2381,$493,$1955,$146,$4976,$7366,$1208,$1398,$202,$2375,$3582,$1,$2138,$-347,$3784,$7366,$63,$45,$29,$74,$0,$0,$0,$-55,$-55,$83,$-54,$0,$-28,$0,$0,$0,$1,$-80,$-685,$0,$-685,$-248,$-248,$-34,$-55,$-1022,$-1015,$5,$-34
7,2016-12-31,84.56,$35.04,2.41,$23.66,3.57,$9.89,8.55,$5.67,14.91,$3.31B,$1.14B,2.9,$2.12B,$3.94B,0.54,$2.68B,$0.97B,36.27%,$2.68B,$0.57B,21.44%,$2.68B,$0.57B,21.44%,$2.68B,$0.80B,29.88%,$2.68B,$0.52B,19.24%,$2.68B,$0.64B,24.02%,$0.64B,$3.94B,17.87%,$0.64B,$2.05B,62.43%,$0.64B,$8.16B,7.08%,$0.57B,$6.06B,8.94%,$697,$456,$241,$19,$125,$613,$83,$-13,$70,$35,$35,$50,$602,$133,$83,$112,113,$5.36,$5.31,$2270,$450,$59,$3307,$2360,$458,$1895,$142,$4855,$8161,$1140,$2122,$195,$3079,$4219,$1,$2122,$-412,$3943,$8161,$681,$226,$-470,$-244,$-43,$26,$44,$2,$239,$736,$-197,$0,$3117,$0,$0,$0,$0,$2920,$-1416,$0,$-1416,$9,$9,$-171,$-2,$-1580,$2056,$17,$-171
8,2016-09-30,83.7,$30.69,2.73,$22.26,3.76,$6.32,13.24,$1.92,43.59,$1.56B,$1.08B,1.45,$3.05B,$3.45B,0.88,$2.51B,$0.90B,35.88%,$2.51B,$0.63B,25.25%,$2.51B,$0.63B,25.25%,$2.51B,$0.87B,34.61%,$2.51B,$0.58B,23.06%,$2.51B,$0.22B,8.56%,$0.22B,$3.45B,6.21%,$0.22B,$1.59B,23.70%,$0.22B,$9.40B,2.28%,$0.63B,$6.50B,9.69%,$654,$415,$239,$21,$86,$529,$125,$-13,$112,$12,$100,$115,$128,$173,$125,$112,113,$1.14,$1.13,$234,$505,$72,$1558,$2345,$469,$1865,$3161,$7839,$9397,$1077,$3048,$695,$4869,$5946,$1,$1554,$-334,$3451,$9397,$70,$176,$276,$452,$0,$0,$0,$-80,$-80,$454,$-141,$0,$229,$0,$1,$1,$0,$88,$-392,$0,$-392,$7,$7,$-125,$-2,$-512,$20,$14,$-125
9,2016-06-30,77.34,$29.42,2.63,$22.66,3.41,$4.92,15.72,$1.37,56.45,$1.53B,$1.16B,1.32,$3.02B,$3.31B,0.91,$2.55B,$0.88B,34.55%,$2.55B,$0.60B,23.33%,$2.55B,$0.60B,23.33%,$2.55B,$0.85B,33.37%,$2.55B,$0.53B,20.94%,$2.55B,$0.15B,5.96%,$0.15B,$3.31B,4.45%,$0.15B,$1.45B,100.00%,$0.15B,$9.31B,1.60%,$0.60B,$6.33B,8.98%,$669,$421,$248,$21,$86,$546,$123,$-18,$105,$24,$82,$96,$-315,$191,$123,$112,113,$-2.80,$-2.78,$194,$517,$70,$1528,$2346,$459,$1854,$3126,$7785,$9312,$1159,$3019,$686,$4847,$6006,$1,$1460,$-375,$3306,$9312,$-67,$129,$296,$424,$0,$0,$0,$-108,$-108,$253,$-100,$0,$229,$1,$0,$1,$0,$130,$-314,$0,$-314,$5,$5,$-84,$-2,$-395,$-20,$9,$-84
10,2016-03-31,62.1,$32.90,1.89,$23.12,2.69,$3.75,16.54,$4.61,13.47,$1.62B,$1.23B,1.32,$3.11B,$3.70B,0.84,$2.60B,$0.85B,32.51%,$2.60B,$0.55B,21.20%,$2.60B,$0.55B,21.20%,$2.60B,$0.81B,31.05%,$2.60B,$0.49B,18.78%,$2.60B,$0.52B,19.97%,$0.52B,$3.70B,15.17%,$0.52B,$-0.97B,-92.76%,$0.52B,$9.44B,5.39%,$0.55B,$6.80B,8.15%,$657,$415,$243,$20,$83,$414,$243,$-15,$228,$25,$202,$218,$228,$303,$243,$112,113,$2.03,$2.02,$252,$531,$69,$1615,$2490,$477,$4663,$195,$7824,$9439,$1225,$3105,$248,$4519,$5744,$1,$1809,$-332,$3695,$9439,$236,$61,$-135,$-74,$0,$0,$0,$10,$10,$173,$-58,$0,$225,$1,$0,$1,$0,$168,$-263,$0,$-263,$0,$0,$-33,$-2,$-297,$39,$4,$-33
11,2015-12-31,54.13,$30.31,1.79,$25.45,2.13,$2.64,20.53,$2.99,18.1,$1.83B,$1.62B,1.13,$3.14B,$3.40B,0.92,$2.83B,$0.86B,30.43%,$2.83B,$0.35B,12.21%,$2.83B,$0.35B,12.21%,$2.83B,$0.61B,21.41%,$2.83B,$0.31B,11.00%,$2.83B,$0.33B,11.82%,$0.33B,$3.40B,10.09%,$0.33B,$1.56B,-49.83%,$0.33B,$9.60B,3.44%,$0.35B,$6.54B,5.10%,$531,$360,$171,$19,$-4,$388,$143,$-9,$134,$-31,$165,$171,$174,$202,$143,$111,112,$1.57,$1.56,$214,$440,$63,$1831,$2321,$436,$1844,$3166,$7767,$9598,$1617,$3142,$703,$4580,$6197,$1,$1615,$-421,$3401,$9598,$360,$260,$-155,$105,$-9,$28,$24,$13,$-42,$361,$-228,$0,$-2092,$0,$1,$1,$158,$-2161,$-278,$0,$-278,$1,$1,$-143,$-58,$-478,$-2276,$15,$-143
12,2015-09-30,42.36,$29.18,1.45,$28.26,1.5,$6.27,6.75,$1.20,35.3,$1.72B,$1.32B,1.3,$3.56B,$3.28B,1.09,$2.89B,$0.85B,29.41%,$2.89B,$0.18B,6.19%,$2.89B,$0.18B,6.19%,$2.89B,$0.41B,13.99%,$2.89B,$0.13B,4.42%,$2.89B,$0.14B,4.87%,$0.14B,$3.28B,4.98%,$0.14B,$-1.43B,-18.57%,$0.14B,$9.68B,1.64%,$0.18B,$6.83B,2.96%,$693,$474,$219,$22,$81,$607,$86,$-19,$67,$13,$54,$60,$65,$155,$86,$112,113,$0.58,$0.58,$234,$629,$162,$1721,$2601,$454,$4708,$191,$7954,$9675,$1323,$3559,$251,$5078,$6401,$1,$1474,$-386,$3275,$9675,$177,$200,$-32,$168,$0,$0,$0,$15,$15,$317,$-165,$0,$-2094,$0,$1,$1,$158,$-2100,$-349,$0,$-349,$0,$0,$-110,$-9,$-468,$-2255,$11,$-110
13,2015-06-30,52.73,$29.56,1.78,$30.27,1.74,$9.42,5.6,$1.55,34.02,$1.65B,$1.37B,1.21,$3.56B,$3.32B,1.07,$2.84B,$0.84B,29.44%,$2.84B,$0.20B,7.00%,$2.84B,$0.20B,7.00%,$2.84B,$0.38B,13.44%,$2.84B,$0.15B,5.35%,$2.84B,$0.15B,5.24%,$0.15B,$3.32B,6.18%,$0.15B,$-1.39B,-189.81%,$0.15B,$9.77B,2.11%,$0.20B,$6.88B,4.05%,$718,$506,$212,$22,$88,$639,$79,$-20,$59,$15,$44,$49,$52,$147,$79,$112,113,$0.46,$0.46,$207,$602,$134,$1654,$2619,$605,$4709,$184,$8117,$9771,$1368,$3562,$246,$5087,$6455,$1,$1441,$-316,$3316,$9771,$106,$131,$-15,$116,$0,$0,$0,$-45,$-45,$133,$-112,$0,$-2100,$1,$0,$1,$60,$-2151,$-198,$0,$-198,$0,$0,$-63,$-6,$-266,$-2283,$9,$-63
14,2015-03-31,50.17,$28.95,1.73,$31.53,1.59,$12.37,4.06,$1.37,36.62,$1.69B,$1.46B,1.16,$3.54B,$3.25B,1.09,$2.73B,$0.83B,30.48%,$2.73B,$0.23B,8.42%,$2.73B,$0.23B,8.42%,$2.73B,$0.37B,13.55%,$2.73B,$0.19B,7.11%,$2.73B,$0.12B,4.36%,$0.12B,$3.25B,5.99%,$0.12B,$-1.41B,19.87%,$0.12B,$9.80B,2.18%,$0.23B,$6.79B,6.10%,$884,$626,$258,$26,$136,$848,$37,$14,$51,$14,$37,$47,$43,$101,$37,$108,108,$0.40,$0.40,$261,$620,$95,$1687,$2617,$653,$4658,$180,$8108,$9795,$1456,$3541,$242,$5091,$6547,$1,$1421,$-362,$3247,$9795,$47,$64,$-43,$21,$0,$0,$0,$29,$29,$46,$-57,$0,$-2097,$2,$0,$2,$60,$-2093,$-159,$0,$-159,$0,$0,$-22,$-2,$-183,$-2228,$5,$-22
15,2014-12-31,56.78,$19.08,2.98,$30.87,1.84,$14.04,4.05,$1.68,33.8,$3.35B,$1.14B,2.94,$2.22B,$1.49B,1.49,$2.45B,$0.77B,31.48%,$2.45B,$0.27B,11.08%,$2.45B,$0.27B,11.08%,$2.45B,$0.38B,15.33%,$2.45B,$0.21B,8.71%,$2.45B,$0.13B,5.44%,$0.13B,$1.49B,8.28%,$0.13B,$1.20B,10.30%,$0.13B,$5.22B,3.40%,$0.27B,$3.71B,9.79%,$599,$436,$162,$21,$144,$622,$-23,$-25,$-49,$-28,$-21,$-13,$-19,$2,$-23,$79,79,$-0.24,$-0.23,$2490,$358,$66,$3349,$1232,$194,$287,$161,$1874,$5223,$1140,$2223,$88,$2595,$3734,$1,$1411,$-62,$1489,$5223,$161,$104,$164,$268,$36,$-6,$28,$6,$57,$493,$-111,$0,$105,$1,$0,$1,$-41,$-46,$1876,$0,$1876,$-147,$-147,$-100,$-20,$1609,$2013,$14,$-100
16,2014-09-30,55.36,$20.28,2.73,$30.23,1.83,$12.50,4.43,$3.83,14.45,$1.51B,$0.81B,1.86,$0.68B,$1.59B,0.43,$2.43B,$0.86B,35.28%,$2.43B,$0.52B,21.34%,$2.43B,$0.52B,21.34%,$2.43B,$0.63B,25.70%,$2.43B,$0.48B,19.61%,$2.43B,$0.31B,12.66%,$0.31B,$1.59B,18.43%,$0.31B,$1.29B,23.10%,$0.31B,$3.39B,8.81%,$0.52B,$2.27B,20.44%,$642,$437,$205,$22,$66,$536,$106,$-15,$91,$12,$79,$88,$73,$132,$106,$78,79,$0.93,$0.93,$653,$368,$63,$1508,$1230,$197,$298,$160,$1885,$3393,$813,$684,$94,$993,$1806,$1,$1451,$-2,$1587,$3393,$175,$78,$97,$176,$0,$0,$0,$89,$89,$431,$-77,$0,$105,$0,$1,$1,$-7,$21,$-27,$0,$-27,$-147,$-147,$-70,$-5,$-250,$176,$10,$-70
17,2014-06-30,66.91,$20.77,3.22,$29.29,2.28,$10.23,6.54,$4.01,16.69,$1.53B,$0.82B,1.87,$0.69B,$1.63B,0.42,$2.38B,$0.86B,36.25%,$2.38B,$0.54B,22.76%,$2.38B,$0.54B,22.76%,$2.38B,$0.65B,27.26%,$2.38B,$0.51B,21.21%,$2.38B,$0.33B,13.69%,$0.33B,$1.63B,19.54%,$0.33B,$1.32B,24.83%,$0.33B,$3.46B,9.27%,$0.54B,$2.31B,20.60%,$605,$397,$207,$22,$67,$494,$110,$-10,$101,$22,$79,$89,$22,$135,$110,$79,79,$0.29,$0.28,$515,$371,$56,$1526,$1240,$224,$309,$156,$1929,$3455,$816,$686,$96,$1014,$1829,$1,$1399,$100,$1625,$3455,$94,$53,$82,$135,$0,$0,$0,$63,$63,$295,$-47,$0,$0,$1,$0,$1,$0,$-46,$-16,$0,$-16,$-148,$-148,$-41,$-4,$-209,$38,$7,$-41
18,2014-03-31,61.92,$21.72,2.85,$28.47,2.17,$7.98,7.76,$4.71,13.15,$1.48B,$0.42B,3.49,$1.05B,$1.73B,0.61,$2.35B,$0.85B,36.04%,$2.35B,$0.54B,22.95%,$2.35B,$0.54B,22.95%,$2.35B,$0.65B,27.58%,$2.35B,$0.50B,21.38%,$2.35B,$0.39B,16.45%,$0.39B,$1.73B,23.77%,$0.39B,$1.36B,30.73%,$0.39B,$3.56B,11.10%,$0.54B,$2.78B,20.10%,$600,$404,$196,$23,$78,$522,$78,$-8,$70,$13,$57,$66,$57,$106,$78,$80,80,$0.71,$0.71,$524,$420,$70,$1477,$1340,$219,$369,$153,$2081,$3559,$423,$1053,$102,$1408,$1831,$1,$1494,$107,$1728,$3559,$64,$28,$18,$45,$0,$0,$0,$40,$40,$149,$-24,$0,$0,$2,$0,$2,$0,$-22,$-9,$0,$-9,$-49,$-49,$-20,$-4,$-81,$47,$3,$-20
19,2013-12-31,58.85,$21.77,2.7,$28.17,2.09,$6.90,8.53,$4.94,11.91,$1.48B,$0.44B,3.4,$1.05B,$1.74B,0.61,$2.40B,$0.85B,35.57%,$2.40B,$0.58B,24.09%,$2.40B,$0.58B,24.09%,$2.40B,$0.68B,28.52%,$2.40B,$0.54B,22.46%,$2.40B,$0.41B,17.29%,$0.41B,$1.74B,24.76%,$0.41B,$1.37B,31.72%,$0.41B,$3.59B,11.96%,$0.58B,$2.80B,21.86%,$585,$335,$250,$21,$-30,$360,$225,$-10,$215,$61,$154,$160,$156,$252,$225,$84,84,$1.89,$1.87,$477,$436,$78,$1483,$1357,$212,$372,$160,$2102,$3585,$436,$1054,$111,$1406,$1842,$1,$1500,$116,$1743,$3585,$440,$107,$-88,$19,$-66,$-2,$19,$5,$-31,$433,$-155,$0,$-3,$0,$0,$0,$0,$-158,$380,$0,$380,$-577,$-577,$-88,$-3,$-288,$-0,$10,$-88
20,2013-09-30,58.22,$19.38,3.0,$26.37,2.21,$5.92,9.83,$3.45,16.88,$1.40B,$0.41B,3.4,$1.06B,$1.58B,0.67,$2.27B,$0.78B,34.48%,$2.27B,$0.38B,16.60%,$2.27B,$0.38B,16.60%,$2.27B,$0.48B,21.18%,$2.27B,$0.34B,14.97%,$2.27B,$0.30B,13.03%,$0.30B,$1.58B,17.22%,$0.30B,$1.21B,21.88%,$0.30B,$3.47B,8.65%,$0.38B,$2.64B,14.53%,$591,$382,$210,$19,$61,$462,$129,$-10,$119,$27,$92,$97,$91,$156,$129,$81,82,$1.11,$1.11,$401,$486,$61,$1395,$1349,$208,$369,$149,$2075,$3470,$411,$1060,$101,$1482,$1893,$1,$1364,$96,$1577,$3470,$278,$79,$-2,$77,$0,$0,$0,$-39,$-39,$318,$-135,$0,$-0,$1,$0,$1,$0,$-134,$380,$0,$380,$-578,$-578,$-69,$-3,$-269,$-76,$7,$-69
21,2013-06-30,57.41,$18.01,3.19,$26.51,2.17,$4.67,12.29,$3.44,16.69,$1.28B,$0.38B,3.41,$1.07B,$1.47B,0.73,$2.34B,$0.79B,33.79%,$2.34B,$0.39B,16.79%,$2.34B,$0.39B,16.79%,$2.34B,$0.49B,21.10%,$2.34B,$0.36B,15.38%,$2.34B,$0.31B,13.41%,$0.31B,$1.47B,17.44%,$0.31B,$1.10B,21.89%,$0.31B,$3.34B,9.24%,$0.39B,$2.53B,15.20%,$577,$385,$192,$22,$62,$468,$108,$-9,$99,$20,$79,$89,$83,$135,$108,$84,84,$0.98,$0.98,$315,$452,$64,$1282,$1334,$207,$364,$150,$2054,$3336,$376,$1068,$104,$1495,$1871,$1,$1293,$56,$1465,$3336,$181,$52,$-2,$49,$0,$0,$0,$-53,$-53,$179,$-103,$0,$-0,$1,$0,$1,$0,$-103,$111,$0,$111,$-578,$-578,$-39,$263,$-244,$-163,$5,$-39
22,2013-03-31,57.4,$21.60,2.66,$27.29,2.1,$4.42,12.98,$2.88,19.93,$1.40B,$0.43B,3.23,$0.69B,$1.90B,0.36,$2.45B,$0.85B,34.63%,$2.45B,$0.36B,14.58%,$2.45B,$0.36B,14.58%,$2.45B,$0.46B,18.62%,$2.45B,$0.32B,13.23%,$2.45B,$0.28B,11.47%,$0.28B,$1.90B,14.93%,$0.28B,$1.54B,18.53%,$0.28B,$3.45B,8.29%,$0.36B,$2.59B,13.80%,$642,$442,$200,$20,$65,$527,$115,$-9,$105,$26,$79,$90,$84,$140,$115,$89,89,$0.95,$0.94,$435,$433,$81,$1404,$1318,$216,$362,$152,$2047,$3450,$434,$687,$106,$1114,$1548,$1,$1744,$51,$1902,$3450,$90,$25,$-4,$21,$0,$0,$0,$-13,$-13,$99,$-55,$0,$0,$0,$1,$1,$0,$-55,$-4,$0,$-4,$-59,$-59,$-18,$-4,$-84,$-43,$3,$-18
23,2012-12-31,56.82,$21.73,2.61,$28.01,2.03,$4.70,12.09,$3.14,18.1,$1.41B,$0.39B,3.66,$0.69B,$1.93B,0.36,$2.52B,$0.90B,35.69%,$2.52B,$0.40B,15.88%,$2.52B,$0.40B,15.88%,$2.52B,$0.50B,19.77%,$2.52B,$0.37B,14.61%,$2.52B,$0.31B,12.35%,$0.31B,$1.93B,16.73%,$0.31B,$1.56B,20.99%,$0.31B,$3.44B,9.24%,$0.40B,$2.62B,15.52%,$461,$281,$181,$19,$119,$436,$25,$-8,$17,$-13,$30,$39,$38,$50,$25,$89,90,$0.42,$0.42,$478,$428,$79,$1407,$1297,$207,$371,$155,$2030,$3437,$385,$687,$114,$1120,$1505,$1,$1745,$85,$1932,$3437,$330,$99,$90,$189,$-26,$7,$-11,$-20,$-48,$489,$-281,$0,$6,$-2,$0,$-2,$-25,$-301,$-14,$0,$-14,$-42,$-42,$-77,$-44,$-177,$8,$15,$-77
24,2012-09-30,48.02,$21.30,2.25,$30.60,1.57,$5.63,8.53,$3.83,12.54,$1.39B,$0.38B,3.63,$0.70B,$1.90B,0.37,$2.77B,$0.93B,33.63%,$2.77B,$0.44B,15.95%,$2.77B,$0.44B,15.95%,$2.77B,$0.54B,19.49%,$2.77B,$0.41B,14.76%,$2.77B,$0.33B,11.86%,$0.33B,$1.90B,18.27%,$0.33B,$1.53B,23.26%,$0.33B,$3.36B,9.91%,$0.44B,$2.60B,17.44%,$661,$443,$218,$20,$53,$517,$145,$-6,$139,$32,$106,$114,$109,$169,$145,$89,90,$1.23,$1.22,$403,$492,$73,$1387,$1253,$200,$367,$156,$1976,$3363,$383,$701,$108,$1079,$1461,$1,$1990,$-192,$1901,$3363,$287,$74,$44,$119,$0,$0,$0,$-106,$-106,$306,$-219,$0,$-2,$-1,$0,$-1,$-23,$-245,$-49,$0,$-49,$-20,$-20,$-59,$5,$-123,$-67,$11,$-59
25,2012-06-30,54.17,$20.04,2.7,$31.20,1.74,$6.40,8.47,$4.01,13.51,$1.45B,$0.41B,3.51,$0.74B,$1.79B,0.41,$2.83B,$0.97B,34.31%,$2.83B,$0.46B,16.13%,$2.83B,$0.46B,16.13%,$2.83B,$0.56B,19.63%,$2.83B,$0.42B,14.89%,$2.83B,$0.34B,11.85%,$0.34B,$1.79B,19.28%,$0.34B,$1.43B,25.00%,$0.34B,$3.30B,10.20%,$0.46B,$2.54B,18.13%,$685,$436,$249,$21,$62,$613,$72,$-9,$63,$22,$41,$54,$50,$97,$72,$89,90,$0.56,$0.56,$462,$500,$74,$1452,$1177,$196,$363,$115,$1851,$3303,$413,$742,$113,$1096,$1509,$1,$1908,$-232,$1794,$3303,$172,$49,$54,$103,$0,$0,$0,$-103,$-103,$185,$-127,$0,$-2,$-1,$0,$-1,$-10,$-140,$-9,$0,$-9,$-0,$-0,$-41,$3,$-47,$-8,$11,$-41
26,2012-03-31,57.86,$20.27,2.85,$31.59,1.83,$6.59,8.77,$4.82,12.0,$1.47B,$0.43B,3.39,$0.74B,$1.81B,0.41,$2.88B,$0.97B,33.74%,$2.88B,$0.53B,18.48%,$2.88B,$0.53B,18.48%,$2.88B,$0.63B,21.88%,$2.88B,$0.50B,17.23%,$2.88B,$0.40B,13.83%,$0.40B,$1.81B,22.93%,$0.40B,$1.40B,30.12%,$0.40B,$3.36B,12.16%,$0.53B,$2.55B,21.13%,$712,$461,$251,$19,$74,$554,$158,$-9,$149,$39,$110,$119,$114,$182,$158,$89,90,$1.28,$1.27,$519,$461,$64,$1470,$1167,$209,$407,$110,$1894,$3363,$433,$742,$115,$1123,$1556,$1,$1888,$-188,$1807,$3363,$119,$24,$5,$29,$0,$0,$0,$-33,$-33,$124,$-55,$0,$-0,$0,$-1,$-1,$0,$-56,$-7,$0,$-7,$3,$3,$-16,$-2,$-22,$50,$7,$-16
27,2011-12-31,46.48,$18.90,2.46,$31.20,1.49,$5.99,7.76,$4.77,9.74,$1.36B,$0.40B,3.38,$0.75B,$1.68B,0.45,$2.87B,$0.96B,33.29%,$2.87B,$0.52B,18.02%,$2.87B,$0.52B,18.02%,$2.87B,$0.61B,21.40%,$2.87B,$0.48B,16.77%,$2.87B,$0.39B,13.66%,$0.39B,$1.68B,23.01%,$0.39B,$1.28B,30.51%,$0.39B,$3.20B,12.15%,$0.52B,$2.43B,20.77%,$707,$495,$212,$0,$127,$641,$66,$-9,$57,$4,$53,$60,$55,$91,$66,$91,92,$0.64,$0.62,$469,$431,$63,$1356,$1129,$198,$403,$117,$1848,$3204,$401,$749,$111,$1124,$1525,$1,$1515,$60,$1679,$3204,$420,$97,$22,$119,$-16,$-42,$-12,$4,$-37,$487,$-191,$0,$-13,$2,$-11,$-9,$0,$-213,$-100,$0,$-100,$-176,$-176,$-58,$5,$-329,$-60,$27,$-58
28,2011-09-30,36.33,$18.82,1.93,$30.04,1.21,$5.52,6.58,$4.58,7.93,$1.45B,$0.40B,3.6,$0.88B,$1.67B,0.53,$2.77B,$0.94B,33.79%,$2.77B,$0.55B,19.84%,$2.77B,$0.55B,19.84%,$2.77B,$0.65B,23.35%,$2.77B,$0.52B,18.65%,$2.77B,$0.41B,14.96%,$0.41B,$1.67B,25.05%,$0.41B,$1.26B,33.57%,$0.41B,$3.27B,12.97%,$0.55B,$2.55B,22.27%,$723,$465,$258,$21,$77,$563,$160,$-9,$152,$38,$113,$123,$116,$185,$160,$90,91,$1.29,$1.28,$481,$475,$53,$1449,$1091,$201,$416,$112,$1820,$3269,$402,$878,$97,$1196,$1598,$1,$1714,$-131,$1671,$3269,$360,$72,$-28,$44,$0,$0,$0,$-110,$-110,$285,$-127,$0,$-11,$0,$-9,$-9,$0,$-147,$28,$0,$28,$-177,$-177,$-43,$1,$-191,$-48,$19,$-43
29,2011-06-30,62.0,$19.64,3.16,$28.44,2.18,$6.23,9.95,$4.32,14.35,$1.46B,$0.39B,3.69,$0.76B,$1.80B,0.42,$2.63B,$0.87B,33.24%,$2.63B,$0.51B,19.40%,$2.63B,$0.51B,19.40%,$2.63B,$0.61B,23.01%,$2.63B,$0.48B,18.26%,$2.63B,$0.39B,14.91%,$0.39B,$1.80B,24.58%,$0.39B,$1.37B,33.37%,$0.39B,$3.29B,12.61%,$0.51B,$2.56B,21.46%,$742,$490,$252,$20,$83,$593,$149,$-10,$139,$30,$109,$124,$114,$173,$149,$92,93,$1.24,$1.23,$491,$443,$64,$1456,$1063,$217,$433,$123,$1837,$3292,$394,$759,$105,$1096,$1490,$1,$1751,$-63,$1802,$3292,$237,$47,$-32,$15,$0,$0,$0,$-99,$-99,$146,$-68,$0,$-6,$0,$-9,$-9,$0,$-83,$-91,$0,$-91,$1,$1,$-28,$4,$-114,$-39,$14,$-28
30,2011-03-31,53.41,$18.14,2.94,$26.88,1.99,$6.47,8.25,$3.98,13.42,$1.35B,$0.38B,3.53,$0.76B,$1.66B,0.46,$2.48B,$0.81B,32.67%,$2.48B,$0.47B,18.88%,$2.48B,$0.47B,18.88%,$2.48B,$0.56B,22.67%,$2.48B,$0.44B,17.79%,$2.48B,$0.36B,14.52%,$0.36B,$1.66B,24.72%,$0.36B,$1.24B,34.44%,$0.36B,$3.14B,12.13%,$0.47B,$2.42B,20.85%,$697,$464,$233,$18,$73,$554,$142,$-9,$133,$32,$101,$114,$107,$165,$142,$92,93,$1.16,$1.15,$441,$403,$56,$1346,$1040,$207,$423,$123,$1794,$3140,$382,$759,$106,$1096,$1477,$1,$1652,$-86,$1663,$3140,$114,$23,$-33,$-10,$0,$0,$0,$-57,$-57,$47,$-32,$0,$-1,$0,$-9,$-9,$0,$-41,$-94,$0,$-94,$0,$0,$-13,$3,$-103,$-89,$7,$-13
31,2010-12-31,49.7,$16.11,3.08,$25.64,1.94,$6.34,7.84,$3.52,14.12,$1.35B,$0.36B,3.7,$0.85B,$1.48B,0.58,$2.36B,$0.74B,31.37%,$2.36B,$0.40B,17.02%,$2.36B,$0.40B,17.02%,$2.36B,$0.50B,21.08%,$2.36B,$0.38B,16.05%,$2.36B,$0.32B,13.38%,$0.32B,$1.48B,23.39%,$0.32B,$1.07B,33.62%,$0.32B,$3.07B,11.00%,$0.40B,$2.33B,18.71%,$605,$413,$192,$15,$79,$506,$98,$-6,$92,$19,$73,$81,$77,$123,$98,$91,92,$0.84,$0.83,$530,$389,$55,$1348,$1006,$181,$407,$126,$1720,$3068,$364,$852,$109,$1228,$1592,$1,$1561,$-164,$1476,$3068,$329,$96,$-19,$76,$-57,$-59,$13,$-15,$-78,$331,$-75,$0,$-16,$0,$-1,$-1,$0,$-92,$49,$0,$49,$-8,$-8,$-50,$1,$-8,$221,$16,$-50
32,2010-09-30,41.6,$15.73,2.65,$25.14,1.65,$6.36,6.54,$3.28,12.68,$1.21B,$0.35B,3.49,$0.76B,$1.44B,0.53,$2.32B,$0.70B,30.15%,$2.32B,$0.37B,15.85%,$2.32B,$0.37B,15.85%,$2.32B,$0.46B,20.04%,$2.32B,$0.34B,14.82%,$2.32B,$0.30B,13.00%,$0.30B,$1.44B,23.24%,$0.30B,$1.02B,34.39%,$0.30B,$2.94B,10.75%,$0.37B,$2.19B,17.70%,$585,$388,$197,$14,$62,$464,$121,$-5,$116,$28,$88,$97,$94,$144,$121,$91,92,$1.03,$1.02,$425,$373,$43,$1212,$1010,$175,$417,$123,$1725,$2937,$348,$756,$111,$1151,$1499,$1,$1488,$-118,$1438,$2937,$248,$71,$9,$81,$0,$0,$0,$-51,$-51,$276,$-50,$0,$-12,$0,$1,$1,$0,$-61,$-51,$0,$-51,$-10,$-10,$-37,$0,$-98,$116,$11,$-37
33,2010-06-30,35.17,$13.69,2.57,$24.38,1.44,$5.82,6.05,$2.83,12.43,$1.08B,$0.32B,3.41,$0.79B,$1.25B,0.63,$2.25B,$0.64B,28.29%,$2.25B,$0.31B,13.76%,$2.25B,$0.31B,13.76%,$2.25B,$0.41B,18.13%,$2.25B,$0.28B,12.65%,$2.25B,$0.26B,11.54%,$0.26B,$1.25B,20.77%,$0.26B,$0.85B,31.65%,$0.26B,$2.73B,9.38%,$0.31B,$2.03B,15.19%,$592,$404,$188,$15,$67,$486,$107,$-7,$100,$24,$76,$86,$82,$130,$107,$91,92,$0.90,$0.89,$324,$325,$48,$1081,$977,$160,$399,$114,$1650,$2731,$317,$785,$110,$1164,$1482,$1,$1407,$-214,$1249,$2731,$151,$48,$9,$57,$0,$0,$0,$-79,$-77,$134,$-34,$0,$-13,$1,$-0,$1,$0,$-46,$-20,$0,$-20,$-13,$-13,$-24,$-2,$-60,$15,$9,$-24
34,2010-03-31,37.64,$13.59,2.77,$22.79,1.65,$5.24,7.19,$2.36,15.95,$1.06B,$0.35B,3.03,$0.80B,$1.24B,0.64,$2.10B,$0.56B,26.55%,$2.10B,$0.23B,11.11%,$2.10B,$0.23B,11.11%,$2.10B,$0.33B,15.87%,$2.10B,$0.21B,10.01%,$2.10B,$0.22B,10.25%,$0.22B,$1.24B,17.58%,$0.22B,$0.82B,27.47%,$0.22B,$2.76B,7.84%,$0.23B,$2.04B,11.54%,$580,$416,$164,$15,$67,$504,$76,$-5,$71,$17,$55,$65,$63,$101,$76,$91,92,$0.69,$0.69,$267,$334,$57,$1064,$1003,$157,$422,$112,$1693,$2757,$351,$797,$110,$1165,$1516,$1,$1339,$-147,$1241,$2757,$65,$25,$-2,$23,$0,$0,$0,$-75,$-73,$18,$-16,$0,$-13,$0,$1,$1,$0,$-28,$-8,$0,$-8,$-8,$-8,$-11,$0,$-26,$-41,$4,$-11
35,2009-12-31,32.0,$13.70,2.34,$21.80,1.47,$4.86,6.59,$1.95,16.41,$1.03B,$0.35B,2.92,$0.78B,$1.25B,0.62,$2.01B,$0.48B,24.14%,$2.01B,$0.19B,9.28%,$2.01B,$0.19B,9.28%,$2.01B,$0.29B,14.31%,$2.01B,$0.16B,8.03%,$2.01B,$0.18B,8.83%,$0.18B,$1.25B,15.01%,$0.18B,$0.81B,23.96%,$0.18B,$2.77B,6.50%,$0.19B,$2.03B,9.30%,$558,$409,$149,$15,$60,$495,$63,$-8,$56,$-5,$61,$65,$62,$89,$63,$92,92,$0.68,$0.67,$309,$348,$47,$1032,$1027,$146,$443,$123,$1739,$2772,$353,$776,$105,$1165,$1518,$1,$1288,$-92,$1253,$2772,$190,$101,$-14,$87,$1,$180,$-54,$-10,$66,$359,$-101,$0,$-20,$-0,$-0,$-0,$0,$-122,$-120,$0,$-120,$-2,$-2,$-56,$-3,$-181,$55,$0,$-56
36,2009-09-30,30.34,$13.54,2.24,$21.31,1.42,$4.58,6.63,$1.41,21.52,$1.00B,$0.34B,2.93,$0.79B,$1.24B,0.64,$1.97B,$0.46B,23.31%,$1.97B,$0.11B,5.34%,$1.97B,$0.11B,5.34%,$1.97B,$0.21B,10.74%,$1.97B,$0.08B,3.87%,$1.97B,$0.13B,6.51%,$0.13B,$1.24B,11.18%,$0.13B,$0.79B,18.18%,$0.13B,$2.78B,4.65%,$0.11B,$2.04B,5.26%,$515,$381,$134,$15,$56,$452,$63,$-6,$57,$6,$52,$57,$52,$87,$63,$92,92,$0.57,$0.57,$260,$364,$52,$1003,$1042,$145,$451,$139,$1777,$2780,$342,$793,$124,$1194,$1536,$1,$1237,$-55,$1244,$2780,$124,$75,$-13,$62,$0,$0,$0,$74,$58,$259,$-84,$0,$-19,$-0,$-0,$-0,$0,$-102,$-113,$0,$-113,$4,$4,$-42,$-3,$-154,$7,$-2,$-42
37,2009-06-30,22.34,$12.60,1.77,$22.87,0.98,$3.80,5.88,$1.45,15.41,$0.91B,$0.29B,3.13,$0.82B,$1.15B,0.71,$2.11B,$0.48B,22.65%,$2.11B,$0.12B,5.64%,$2.11B,$0.12B,5.64%,$2.11B,$0.23B,10.81%,$2.11B,$0.08B,3.93%,$2.11B,$0.13B,6.26%,$0.13B,$1.15B,11.51%,$0.13B,$0.71B,18.76%,$0.13B,$2.66B,4.70%,$0.12B,$1.97B,5.84%,$445,$335,$110,$15,$51,$414,$31,$-5,$26,$-8,$34,$40,$38,$56,$31,$91,92,$0.42,$0.42,$172,$386,$52,$913,$1031,$139,$444,$134,$1748,$2661,$292,$821,$120,$1216,$1508,$1,$1196,$-90,$1153,$2661,$67,$50,$-10,$41,$0,$0,$0,$9,$-9,$107,$-60,$0,$-13,$-0,$-0,$-1,$0,$-74,$-85,$0,$-85,$2,$2,$-31,$-4,$-117,$-81,$-4,$-31
38,2009-03-31,18.94,$11.66,1.62,$24.73,0.77,$3.94,4.81,$1.70,11.14,$1.00B,$0.32B,3.1,$0.89B,$1.07B,0.84,$2.29B,$0.53B,23.23%,$2.29B,$0.17B,7.26%,$2.29B,$0.17B,7.26%,$2.29B,$0.28B,12.12%,$2.29B,$0.13B,5.60%,$2.29B,$0.16B,6.82%,$0.16B,$1.07B,13.15%,$0.16B,$0.64B,21.25%,$0.16B,$2.69B,5.36%,$0.17B,$1.96B,7.94%,$487,$396,$91,$16,$45,$458,$29,$-7,$22,$1,$21,$27,$25,$55,$29,$91,92,$0.28,$0.28,$184,$440,$64,$1002,$1005,$122,$423,$133,$1684,$2685,$323,$892,$138,$1297,$1619,$1,$1169,$-157,$1066,$2685,$27,$26,$-12,$14,$0,$0,$0,$-36,$-38,$0,$-33,$0,$-4,$0,$-0,$-0,$0,$-38,$-14,$0,$-14,$1,$1,$-14,$-4,$-31,$-69,$-6,$-14
39,2008-12-31,19.26,$12.27,1.57,$26.55,0.73,$4.35,4.43,$2.10,9.17,$1.18B,$0.44B,2.69,$0.91B,$1.12B,0.81,$2.47B,$0.61B,24.60%,$2.47B,$0.22B,8.96%,$2.47B,$0.22B,8.96%,$2.47B,$0.33B,13.46%,$2.47B,$0.18B,7.38%,$2.47B,$0.19B,7.86%,$0.19B,$1.12B,15.75%,$0.19B,$0.67B,25.17%,$0.19B,$2.87B,6.50%,$0.22B,$2.02B,10.39%,$518,$395,$123,$16,$64,$535,$-18,$-11,$-29,$-46,$17,$18,$13,$13,$-18,$92,93,$0.16,$0.14,$253,$539,$59,$1179,$1012,$122,$446,$114,$1694,$2873,$438,$906,$143,$1318,$1756,$1,$1166,$-101,$1116,$2873,$213,$112,$28,$140,$90,$-88,$33,$-19,$-29,$327,$-94,$0,$-67,$-3,$-0,$-3,$0,$-164,$207,$0,$207,$-165,$-165,$-56,$-11,$-25,$123,$18,$-56
40,2008-09-30,26.47,$13.75,1.93,$27.12,0.98,$3.34,7.92,$2.56,10.34,$1.22B,$0.38B,3.22,$0.94B,$1.25B,0.75,$2.55B,$0.64B,25.12%,$2.55B,$0.32B,12.44%,$2.55B,$0.32B,12.44%,$2.55B,$0.42B,16.64%,$2.55B,$0.28B,11.07%,$2.55B,$0.24B,9.42%,$0.24B,$1.25B,18.86%,$0.24B,$0.79B,29.55%,$0.24B,$3.02B,8.06%,$0.32B,$2.20B,14.97%,$660,$506,$154,$17,$60,$584,$77,$-13,$64,$10,$54,$61,$56,$104,$77,$91,92,$0.61,$0.61,$207,$521,$0,$1215,$1034,$139,$463,$100,$1807,$3022,$377,$944,$224,$1390,$1768,$1,$1170,$76,$1254,$3022,$195,$82,$0,$82,$0,$0,$0,$-119,$-112,$162,$-57,$0,$-60,$0,$-3,$-3,$0,$-120,$243,$0,$243,$-160,$-160,$-43,$-4,$36,$77,$14,$-43
41,2008-06-30,34.14,$14.30,2.39,$25.99,1.31,$3.03,11.26,$2.56,13.34,$1.20B,$0.43B,2.8,$0.87B,$1.31B,0.67,$2.47B,$0.64B,25.85%,$2.47B,$0.32B,12.82%,$2.47B,$0.32B,12.82%,$2.47B,$0.42B,17.11%,$2.47B,$0.29B,11.57%,$2.47B,$0.24B,9.83%,$0.24B,$1.31B,19.24%,$0.24B,$0.83B,30.02%,$0.24B,$3.07B,8.37%,$0.32B,$2.18B,15.52%,$621,$458,$163,$18,$68,$543,$78,$-7,$71,$13,$58,$67,$62,$105,$78,$91,93,$0.67,$0.67,$168,$559,$0,$1204,$1063,$148,$477,$106,$1865,$3069,$430,$870,$225,$1330,$1760,$1,$1125,$168,$1309,$3069,$134,$54,$-8,$46,$0,$0,$0,$-80,$-79,$94,$-34,$0,$-23,$0,$-3,$-3,$0,$-59,$164,$0,$164,$-147,$-147,$-28,$8,$-3,$38,$10,$-28
42,2008-03-31,31.15,$13.66,2.28,$25.08,1.24,$2.75,11.33,$2.44,12.77,$1.14B,$0.41B,2.8,$0.86B,$1.25B,0.69,$2.42B,$0.63B,26.05%,$2.42B,$0.31B,12.96%,$2.42B,$0.31B,12.96%,$2.42B,$0.42B,17.35%,$2.42B,$0.28B,11.59%,$2.42B,$0.24B,9.73%,$0.24B,$1.25B,19.36%,$0.24B,$0.79B,30.09%,$0.24B,$2.98B,8.39%,$0.31B,$2.11B,15.89%,$668,$501,$167,$17,$64,$584,$84,$-7,$76,$17,$60,$67,$63,$110,$84,$93,94,$0.68,$0.67,$135,$502,$0,$1143,$1065,$138,$460,$101,$1832,$2975,$409,$861,$228,$1317,$1726,$1,$1074,$165,$1249,$2975,$67,$27,$-6,$21,$0,$0,$0,$-63,$-63,$19,$-14,$0,$-3,$0,$-3,$-3,$0,$-20,$155,$0,$155,$-148,$-148,$-15,$7,$-1,$5,$5,$-15
43,2007-12-31,35.08,$13.49,2.6,$24.01,1.46,$2.50,14.0,$2.36,14.86,$1.06B,$0.41B,2.57,$0.71B,$1.28B,0.55,$2.34B,$0.62B,26.63%,$2.34B,$0.31B,13.31%,$2.34B,$0.31B,13.31%,$2.34B,$0.42B,17.89%,$2.34B,$0.28B,11.90%,$2.34B,$0.23B,9.85%,$0.23B,$1.28B,19.62%,$0.23B,$0.84B,30.50%,$0.23B,$2.84B,8.49%,$0.31B,$1.99B,16.39%,$599,$443,$156,$17,$62,$522,$78,$-7,$71,$12,$59,$76,$59,$105,$78,$95,97,$0.61,$0.60,$131,$473,$35,$1064,$1039,$128,$442,$101,$1777,$2841,$413,$707,$235,$1149,$1563,$1,$1023,$100,$1278,$2841,$247,$107,$-18,$89,$11,$-71,$-13,$-34,$-90,$246,$-99,$0,$-30,$0,$-5,$-5,$0,$-133,$-26,$0,$-26,$-79,$-79,$-54,$16,$-143,$-19,$18,$-54
44,2007-09-30,37.49,$12.70,2.95,$23.87,1.57,$3.84,9.78,$2.41,15.59,$1.01B,$0.40B,2.52,$0.68B,$1.22B,0.56,$2.32B,$0.62B,26.49%,$2.32B,$0.31B,13.35%,$2.32B,$0.31B,13.35%,$2.32B,$0.42B,17.96%,$2.32B,$0.27B,11.80%,$2.32B,$0.23B,10.08%,$0.23B,$1.22B,21.08%,$0.23B,$0.78B,33.38%,$0.23B,$2.73B,8.89%,$0.31B,$1.90B,16.96%,$584,$431,$153,$15,$61,$507,$77,$-9,$68,$10,$57,$59,$59,$103,$77,$95,97,$0.62,$0.61,$101,$446,$0,$1011,$1024,$125,$436,$85,$1714,$2725,$401,$680,$219,$1108,$1509,$1,$974,$43,$1216,$2725,$171,$80,$-15,$65,$0,$0,$0,$-85,$-85,$151,$-71,$0,$-25,$0,$-4,$-4,$0,$-100,$-51,$0,$-51,$-31,$-31,$-42,$19,$-105,$-48,$13,$-42
45,2007-06-30,32.59,$11.64,2.8,$24.11,1.35,$4.49,7.27,$1.82,17.91,$1.03B,$0.35B,2.91,$0.78B,$1.11B,0.7,$2.35B,$0.61B,26.00%,$2.35B,$0.22B,9.51%,$2.35B,$0.22B,9.51%,$2.35B,$0.33B,14.15%,$2.35B,$0.19B,7.93%,$2.35B,$0.18B,7.54%,$0.18B,$1.11B,16.64%,$0.18B,$0.72B,26.64%,$0.18B,$2.67B,6.80%,$0.22B,$1.89B,12.42%,$564,$410,$153,$15,$59,$490,$74,$-9,$65,$16,$50,$54,$54,$101,$74,$95,97,$0.57,$0.55,$200,$410,$0,$1029,$990,$128,$395,$80,$1636,$2665,$354,$777,$205,$1199,$1553,$1,$915,$6,$1112,$2665,$112,$54,$10,$64,$0,$0,$0,$-90,$-90,$86,$-50,$0,$-4,$0,$-4,$-4,$0,$-58,$60,$0,$60,$-32,$-32,$-28,$16,$16,$51,$9,$-28
46,2007-03-31,34.88,$11.34,3.07,$24.16,1.44,$4.97,7.02,$1.72,20.34,$0.98B,$0.37B,2.66,$0.74B,$1.08B,0.68,$2.35B,$0.59B,25.01%,$2.35B,$0.21B,8.80%,$2.35B,$0.21B,8.80%,$2.35B,$0.32B,13.44%,$2.35B,$0.17B,7.02%,$2.35B,$0.17B,7.06%,$0.17B,$1.08B,15.92%,$0.17B,$0.68B,25.88%,$0.17B,$2.61B,6.39%,$0.21B,$1.82B,11.71%,$589,$429,$160,$16,$62,$508,$82,$-8,$74,$17,$57,$58,$58,$109,$82,$95,98,$0.61,$0.60,$125,$391,$0,$981,$987,$120,$402,$79,$1629,$2610,$369,$735,$212,$1157,$1526,$1,$881,$-3,$1084,$2610,$58,$27,$-8,$20,$0,$0,$0,$-71,$-71,$7,$-26,$0,$-1,$0,$-3,$-2,$0,$-30,$5,$0,$5,$-8,$-8,$-13,$12,$-4,$-24,$4,$-13
47,2006-12-31,30.21,$10.84,2.79,$24.41,1.24,$5.33,5.67,$1.47,20.55,$0.96B,$0.48B,1.99,$0.68B,$1.03B,0.66,$2.37B,$0.55B,23.22%,$2.37B,$0.18B,7.51%,$2.37B,$0.18B,7.51%,$2.37B,$0.29B,12.28%,$2.37B,$0.13B,5.66%,$2.37B,$0.14B,5.99%,$0.14B,$1.03B,13.99%,$0.14B,$0.63B,23.11%,$0.14B,$2.53B,5.48%,$0.18B,$1.71B,10.17%,$585,$436,$149,$12,$60,$508,$77,$-10,$67,$3,$63,$63,$63,$104,$77,$95,97,$0.66,$0.64,$149,$378,$0,$961,$981,$112,$403,$35,$1570,$2530,$483,$682,$123,$1019,$1502,$1,$838,$-10,$1028,$2530,$143,$113,$35,$148,$-18,$39,$-18,$8,$86,$376,$-100,$0,$-41,$0,$-5,$-5,$0,$-145,$-105,$0,$-105,$-10,$-10,$-38,$10,$-144,$91,$16,$-38
