,Date,Stock Price,Book Value per Share,Price to Book Ratio,TTM Sales per Share,Price to Sales Ratio,TTM FCF per Share,Price to FCF Ratio,TTM Net EPS,PE Ratio,Current Assets,Current Liabilities,Current Ratio,Long Term Debt,Shareholder's Equity_x,Debt to Equity Ratio,TTM Revenue_x,TTM Gross Profit,Gross Margin,TTM Revenue_y,TTM Operating Income,Operating Margin,TTM Revenue_x,TTM EBIT,EBIT Margin,TTM Revenue_y,TTM EBITDA,EBITDA Margin,TTM Revenue_x,TTM Pre-Tax Income,Pre-Tax Margin,TTM Revenue_y,TTM Net Income_x,Net Margin,TTM Net Income_y,Shareholder's Equity_y,Return on Equity,TTM Net Income_x,Tangible Equity,Return on Tangible Equity,TTM Net Income_y,Total Assets,Return on Assets,TTM Net Income,LT Investments & Debt,Return on Investment,revenue,cost-goods-sold,gross-profit,research-development-expenses,selling-general-administrative-expenses,operating-expenses,operating-income,total-non-operating-income-expense,pre-tax-income,total-provision-income-taxes,income-after-taxes,income-from-continuous-operations,net-income,ebitda,ebit,basic-shares-outstanding,shares-outstanding,eps-basic-net-earnings-per-share,eps-earnings-per-share-diluted,cash-on-hand,inventory,other-current-assets,total-current-assets,net-property-plant-equipment,long-term-investments,goodwill-intangible-assets-total,other-long-term-assets,total-long-term-assets,total-assets,total-current-liabilities,long-term-debt,other-non-current-liabilities,total-long-term-liabilities,total-liabilities,common-stock-net,retained-earnings-accumulated-deficit,comprehensive-income,total-share-holder-equity,total-liabilities-share-holders-equity,net-income-loss,total-depreciation-amortization-cash-flow,other-non-cash-items,total-non-cash-items,change-in-accounts-receivable,change-in-inventories,change-in-accounts-payable,change-in-assets-liabilities,total-change-in-assets-liabilities,cash-flow-from-operating-activities,net-change-in-property-plant-equipment,net-change-in-intangible-assets,net-acquisitions-divestitures,net-change-in-short-term-investments,net-change-in-long-term-investments,net-change-in-investments-total,investing-activities-other,cash-flow-from-investing-activities,net-long-term-debt,net-current-debt,debt-issuance-retirement-net-total,net-common-equity-issued-repurchased,net-total-equity-issued-repurchased,total-common-preferred-stock-dividends-paid,financial-activities-other,cash-flow-from-financial-activities,net-cash-flow,stock-based-compensation,common-stock-dividends-paid
0,2018-06-30,31.7,$21.52,1.47,$10.16,3.12,$7.53,4.21,$-0.82,0.0,$0.08B,$0.02B,5.02,$0.17B,$0.18B,0.97,$0.09B,$-0.00B,-2.33%,$0.09B,$-0.02B,-18.60%,$0.09B,$-0.02B,-18.60%,$0.09B,$-0.00B,-4.65%,$0.09B,$-0.02B,-19.77%,$0.09B,$-0.01B,-8.14%,$-0.01B,$0.18B,-4.10%,$-0.01B,$0.17B,-4.15%,$-0.01B,$0.42B,-1.68%,$-0.02B,$0.35B,-4.59%,$27,$15,$12,$0,$3,$18,$9,$5,$14,$5,$9,$9,$9,$12,$9,$8,8,$1.11,$1.09,$27,$30,$10,$78,$337,$0,$2,$1,$341,$419,$16,$170,$0,$227,$242,$8,$151,$0,$176,$419,$12,$10,$-5,$6,$-5,$6,$0,$-3,$-2,$16,$20,$0,$0,$0,$0,$0,$-0,$19,$-9,$0,$-9,$-2,$-2,$-1,$1,$-12,$23,$1,$-1
1,2018-03-31,27.15,$20.40,1.33,$13.13,2.07,$5.69,4.77,$-1.25,0.0,$0.06B,$0.02B,3.88,$0.17B,$0.17B,1.03,$0.11B,$0.00B,0.90%,$0.11B,$-0.01B,-12.61%,$0.11B,$-0.01B,-12.61%,$0.11B,$-0.00B,-0.90%,$0.11B,$-0.02B,-19.82%,$0.11B,$-0.01B,-9.91%,$-0.01B,$0.17B,-6.36%,$-0.01B,$0.17B,-6.43%,$-0.01B,$0.41B,-2.60%,$-0.01B,$0.34B,-3.96%,$36,$28,$8,$0,$3,$31,$5,$-2,$3,$8,$-6,$-6,$-6,$8,$5,$8,8,$-0.67,$-0.67,$12,$27,$1,$59,$348,$0,$2,$1,$351,$410,$15,$173,$0,$227,$242,$8,$142,$0,$168,$410,$3,$7,$-5,$2,$-12,$9,$0,$-2,$-5,$-0,$17,$0,$0,$0,$0,$0,$-0,$17,$-7,$0,$-7,$-0,$-0,$-1,$0,$-8,$9,$1,$-1
2,2017-12-31,29.38,$21.10,1.39,$15.57,1.89,$3.03,9.71,$0.12,244.84,$0.07B,$0.01B,5.39,$0.19B,$0.17B,1.07,$0.13B,$0.01B,6.11%,$0.13B,$-0.01B,-6.11%,$0.13B,$-0.01B,-6.11%,$0.13B,$0.01B,4.58%,$0.13B,$-0.02B,-11.45%,$0.13B,$0.00B,0.76%,$0.00B,$0.17B,0.57%,$0.00B,$0.17B,0.57%,$0.00B,$0.42B,0.23%,$-0.01B,$0.36B,-2.20%,$18,$17,$1,$0,$4,$21,$-3,$-0,$-4,$-12,$9,$9,$9,$0,$-3,$8,8,$1.06,$1.05,$1,$33,$18,$66,$349,$0,$2,$1,$352,$418,$12,$186,$0,$232,$244,$8,$148,$0,$174,$418,$9,$3,$-13,$-10,$-8,$3,$0,$-1,$-8,$-10,$2,$0,$0,$0,$0,$0,$0,$2,$-1,$7,$6,$0,$0,$-0,$0,$6,$-2,$0,$-0
3,2017-09-30,33.94,$20.07,1.69,$15.57,2.18,$1.60,21.23,$-1.14,0.0,$0.07B,$0.02B,4.16,$0.18B,$0.17B,1.09,$0.13B,$0.01B,7.69%,$0.13B,$-0.01B,-4.62%,$0.13B,$-0.01B,-4.62%,$0.13B,$0.01B,6.92%,$0.13B,$-0.01B,-10.77%,$0.13B,$-0.01B,-7.69%,$-0.01B,$0.17B,-5.65%,$-0.01B,$0.16B,-5.72%,$-0.01B,$0.42B,-2.24%,$-0.01B,$0.35B,-1.62%,$5,$28,$-23,$0,$4,$32,$-27,$-2,$-30,$-11,$-19,$-19,$-19,$-24,$-27,$8,8,$-2.29,$-2.29,$3,$36,$21,$66,$349,$0,$2,$1,$353,$419,$16,$180,$0,$238,$254,$8,$140,$0,$165,$419,$-9,$15,$7,$22,$0,$18,$0,$-1,$15,$28,$-10,$0,$0,$0,$0,$0,$0,$-10,$-11,$-5,$-16,$-3,$-3,$-2,$0,$-21,$-3,$2,$-2
4,2017-06-30,31.06,$22.45,1.38,$15.59,1.99,$1.48,20.99,$0.74,41.97,$0.07B,$0.01B,5.14,$0.18B,$0.19B,0.99,$0.13B,$0.03B,25.38%,$0.13B,$0.02B,13.85%,$0.13B,$0.02B,13.85%,$0.13B,$0.03B,25.38%,$0.13B,$0.01B,8.46%,$0.13B,$0.01B,4.62%,$0.01B,$0.19B,3.33%,$0.01B,$0.18B,3.37%,$0.01B,$0.45B,1.32%,$0.02B,$0.37B,4.77%,$52,$37,$15,$0,$4,$40,$11,$-2,$9,$4,$5,$5,$5,$15,$11,$8,8,$0.66,$0.66,$10,$39,$3,$67,$376,$0,$2,$1,$380,$447,$13,$183,$0,$249,$262,$8,$160,$0,$185,$447,$10,$12,$5,$17,$-7,$17,$0,$-2,$3,$29,$-8,$0,$0,$0,$0,$0,$0,$-8,$-9,$-5,$-14,$-2,$-2,$-1,$0,$-17,$3,$1,$-1
5,2017-03-31,26.14,$21.86,1.2,$15.07,1.74,$2.05,12.75,$0.64,40.85,$0.08B,$0.02B,5.47,$0.20B,$0.18B,1.09,$0.13B,$0.03B,25.60%,$0.13B,$0.02B,14.40%,$0.13B,$0.02B,14.40%,$0.13B,$0.03B,23.20%,$0.13B,$0.01B,8.00%,$0.13B,$0.01B,4.80%,$0.01B,$0.18B,3.34%,$0.01B,$0.18B,3.39%,$0.01B,$0.46B,1.31%,$0.02B,$0.38B,4.74%,$56,$42,$15,$0,$3,$45,$11,$-1,$10,$4,$6,$6,$6,$15,$11,$8,8,$0.70,$0.70,$1,$53,$3,$84,$373,$0,$2,$1,$376,$460,$15,$197,$0,$263,$278,$8,$155,$0,$182,$460,$4,$8,$3,$11,$-18,$3,$0,$-0,$-18,$-3,$-2,$0,$0,$0,$0,$0,$0,$-2,$-5,$6,$1,$-1,$-1,$-1,$0,$-1,$-6,$1,$-1
6,2016-12-31,26.83,$21.20,1.27,$16.98,1.58,$3.41,7.86,$0.99,27.1,$0.08B,$0.01B,6.3,$0.21B,$0.18B,1.19,$0.14B,$0.04B,26.24%,$0.14B,$0.02B,17.02%,$0.14B,$0.02B,17.02%,$0.14B,$0.03B,21.99%,$0.14B,$0.02B,10.64%,$0.14B,$0.01B,6.38%,$0.01B,$0.18B,5.04%,$0.01B,$0.17B,5.11%,$0.01B,$0.46B,1.96%,$0.02B,$0.39B,6.32%,$17,$15,$3,$0,$4,$18,$-1,$-2,$-3,$-1,$-2,$-2,$-2,$3,$-1,$8,8,$-0.21,$-0.21,$1,$63,$0,$80,$377,$0,$2,$1,$381,$461,$13,$210,$0,$272,$284,$8,$149,$0,$176,$461,$-2,$4,$-1,$3,$-7,$-4,$0,$-3,$-19,$-17,$-2,$0,$0,$0,$0,$0,$1,$-2,$-3,$17,$14,$0,$0,$-0,$0,$14,$-5,$0,$-0
7,2016-09-30,26.48,$21.44,1.24,$17.36,1.53,$3.65,7.25,$0.84,31.53,$0.07B,$0.02B,3.85,$0.20B,$0.18B,1.1,$0.15B,$0.04B,24.14%,$0.15B,$0.02B,15.17%,$0.15B,$0.02B,15.17%,$0.15B,$0.03B,17.24%,$0.15B,$0.01B,8.97%,$0.15B,$0.01B,5.52%,$0.01B,$0.18B,4.52%,$0.01B,$0.18B,4.58%,$0.01B,$0.46B,1.73%,$0.02B,$0.37B,5.77%,$5,$4,$0,$0,$4,$8,$-3,$-2,$-5,$-2,$-3,$-3,$-3,$0,$-3,$8,8,$-0.41,$-0.41,$7,$58,$0,$72,$379,$0,$2,$2,$384,$455,$19,$196,$0,$259,$277,$8,$152,$0,$178,$455,$7,$15,$7,$23,$-2,$-0,$0,$-2,$1,$30,$-14,$0,$0,$0,$0,$0,$0,$-13,$-9,$5,$-4,$-3,$-3,$-2,$-8,$-16,$1,$1,$-2
8,2016-06-30,29.76,$21.90,1.36,$17.07,1.74,$16.67,1.78,$0.95,31.33,$0.08B,$0.02B,4.68,$0.20B,$0.18B,1.08,$0.14B,$0.03B,23.94%,$0.14B,$0.02B,14.08%,$0.14B,$0.02B,14.08%,$0.14B,$0.02B,14.08%,$0.14B,$0.01B,8.45%,$0.14B,$0.01B,4.23%,$0.01B,$0.18B,3.40%,$0.01B,$0.18B,3.45%,$0.01B,$0.46B,1.30%,$0.02B,$0.38B,5.24%,$47,$33,$14,$0,$3,$36,$11,$-3,$8,$3,$5,$5,$5,$11,$11,$8,8,$0.56,$0.56,$13,$44,$0,$75,$378,$0,$2,$2,$384,$459,$16,$196,$0,$262,$278,$8,$155,$0,$182,$459,$10,$12,$9,$22,$-11,$14,$0,$-2,$2,$34,$-9,$0,$0,$0,$0,$0,$0,$-9,$-6,$0,$-6,$-3,$-3,$-1,$-8,$-18,$8,$1,$-1
9,2016-03-31,27.1,$21.39,1.27,$20.09,1.35,$28.77,0.94,$1.33,20.38,$0.08B,$0.03B,2.9,$0.20B,$0.18B,1.13,$0.17B,$0.04B,24.55%,$0.17B,$0.03B,16.17%,$0.17B,$0.03B,16.17%,$0.17B,$0.03B,16.17%,$0.17B,$0.02B,11.98%,$0.17B,$0.01B,5.99%,$0.01B,$0.18B,5.66%,$0.01B,$0.18B,5.74%,$0.01B,$0.46B,2.15%,$0.03B,$0.38B,7.01%,$72,$52,$20,$0,$3,$55,$17,$-2,$15,$6,$9,$9,$9,$17,$17,$8,8,$1.05,$1.05,$4,$46,$0,$78,$379,$0,$2,$2,$386,$464,$27,$201,$0,$259,$286,$8,$151,$0,$178,$464,$0,$0,$0,$0,$0,$0,$0,$0,$0,$12,$-6,$0,$0,$0,$0,$0,$0,$-6,$-5,$5,$-0,$-3,$-3,$-1,$-4,$-8,$-2,$0,$-1
10,2015-12-31,37.9,$20.56,1.84,$18.68,2.03,$38.73,0.98,$0.62,61.13,$0.08B,$0.02B,4.67,$0.22B,$0.17B,1.32,$0.16B,$0.03B,21.29%,$0.16B,$0.02B,11.61%,$0.16B,$0.02B,11.61%,$0.16B,$0.02B,11.61%,$0.16B,$0.01B,6.45%,$0.16B,$0.01B,3.23%,$0.01B,$0.17B,2.83%,$0.01B,$0.17B,2.87%,$0.01B,$0.47B,1.07%,$0.02B,$0.39B,4.60%,$21,$19,$1,$0,$4,$23,$-3,$-3,$-5,$-2,$-3,$-3,$-3,$-3,$-3,$8,8,$-0.36,$-0.36,$3,$61,$0,$82,$380,$0,$2,$2,$387,$469,$18,$224,$0,$281,$299,$8,$143,$0,$170,$469,$0,$0,$0,$0,$0,$0,$0,$0,$0,$-15,$-3,$0,$0,$0,$0,$0,$0,$-3,$-3,$25,$22,$-3,$-3,$-1,$-4,$15,$-2,$0,$-1
11,2015-09-30,39.7,$21.08,1.88,$18.79,2.11,$51.58,0.77,$1.76,22.56,$0.07B,$0.02B,2.93,$0.20B,$0.18B,1.15,$0.15B,$0.04B,22.88%,$0.15B,$0.02B,12.42%,$0.15B,$0.02B,12.42%,$0.15B,$0.02B,12.42%,$0.15B,$0.02B,15.69%,$0.15B,$0.01B,8.50%,$0.01B,$0.18B,7.51%,$0.01B,$0.17B,7.58%,$0.01B,$0.46B,2.86%,$0.02B,$0.38B,5.01%,$2,$3,$-1,$0,$5,$7,$-5,$-1,$-6,$-1,$-5,$-5,$-5,$-5,$-5,$8,8,$-0.69,$-0.69,$5,$58,$0,$71,$381,$0,$2,$3,$389,$460,$24,$202,$0,$260,$285,$8,$146,$0,$176,$460,$13,$15,$2,$16,$6,$9,$0,$-3,$4,$34,$88,$0,$-266,$0,$1,$1,$0,$-177,$132,$-6,$126,$-4,$-4,$-2,$-3,$118,$-26,$1,$-2
12,2015-06-30,44.3,$22.16,2.0,$20.47,2.16,$40.89,1.08,$2.54,17.44,$0.08B,$0.02B,3.93,$0.21B,$0.18B,1.12,$0.17B,$0.04B,24.24%,$0.17B,$0.02B,14.55%,$0.17B,$0.02B,14.55%,$0.17B,$0.02B,14.55%,$0.17B,$0.04B,26.06%,$0.17B,$0.02B,13.33%,$0.02B,$0.18B,12.98%,$0.02B,$0.18B,13.04%,$0.02B,$0.47B,5.44%,$0.02B,$0.39B,7.04%,$72,$51,$21,$0,$3,$54,$18,$-2,$16,$7,$9,$9,$9,$18,$18,$8,8,$1.11,$1.11,$10,$46,$6,$79,$383,$5,$2,$1,$392,$470,$20,$206,$4,$267,$287,$8,$150,$0,$183,$470,$0,$0,$0,$0,$0,$0,$0,$0,$0,$36,$89,$0,$-266,$0,$0,$0,$2,$-174,$133,$-6,$127,$-1,$-1,$-2,$-3,$122,$-16,$0,$-2
13,2015-03-31,50.0,$21.35,2.34,$16.42,3.04,$26.38,1.9,$1.75,28.57,$0.09B,$0.03B,3.49,$0.23B,$0.18B,1.29,$0.13B,$0.02B,18.90%,$0.13B,$0.01B,6.30%,$0.13B,$0.01B,6.30%,$0.13B,$0.01B,6.30%,$0.13B,$0.03B,22.83%,$0.13B,$0.01B,11.02%,$0.01B,$0.18B,8.79%,$0.01B,$0.18B,8.81%,$0.01B,$0.48B,4.15%,$0.01B,$0.41B,2.79%,$60,$48,$12,$0,$3,$52,$8,$-3,$5,$1,$4,$4,$4,$8,$8,$8,8,$0.51,$0.51,$3,$59,$3,$86,$383,$7,$1,$1,$393,$478,$25,$228,$4,$277,$302,$8,$143,$0,$177,$478,$0,$0,$0,$0,$0,$0,$0,$0,$0,$-4,$93,$0,$-265,$0,$0,$0,$0,$-172,$136,$14,$150,$-1,$-1,$-1,$-3,$145,$-30,$0,$-1
14,2014-12-31,48.74,$21.14,2.31,$14.70,3.32,$15.20,3.21,$1.96,24.87,$0.07B,$0.02B,2.74,$0.19B,$0.16B,1.21,$0.11B,$0.02B,20.37%,$0.11B,$0.01B,7.41%,$0.11B,$0.01B,7.41%,$0.11B,$0.01B,7.41%,$0.11B,$0.03B,29.63%,$0.11B,$0.02B,13.89%,$0.02B,$0.16B,9.98%,$0.02B,$0.16B,9.98%,$0.02B,$0.41B,5.63%,$0.01B,$0.35B,3.49%,$19,$16,$3,$0,$5,$21,$-2,$11,$9,$4,$5,$5,$5,$-2,$-2,$7,7,$0.71,$0.71,$2,$50,$5,$66,$338,$7,$0,$1,$345,$411,$24,$189,$4,$232,$256,$7,$140,$0,$156,$411,$0,$0,$0,$0,$0,$0,$0,$0,$0,$-16,$95,$0,$-265,$0,$0,$0,$0,$-169,$148,$14,$162,$0,$0,$-1,$-3,$159,$-27,$0,$-1
15,2014-09-30,37.07,$21.99,1.69,$14.16,2.62,$3.03,12.23,$1.08,34.33,$0.13B,$0.02B,6.08,$0.06B,$0.16B,0.39,$0.10B,$0.02B,21.15%,$0.10B,$0.01B,8.65%,$0.10B,$0.01B,8.65%,$0.10B,$0.01B,11.54%,$0.10B,$0.02B,21.15%,$0.10B,$0.01B,8.65%,$0.01B,$0.16B,6.15%,$0.01B,$0.16B,6.15%,$0.01B,$0.26B,4.25%,$0.01B,$0.22B,4.82%,$14,$10,$4,$0,$4,$15,$-0,$13,$13,$8,$4,$4,$4,$-0,$-0,$7,7,$0.61,$0.61,$31,$25,$60,$126,$127,$0,$0,$4,$132,$258,$21,$62,$0,$75,$96,$7,$135,$0,$162,$258,$9,$10,$1,$11,$-3,$10,$0,$2,$5,$25,$7,$0,$-33,$0,$4,$4,$0,$-22,$8,$1,$9,$-5,$-5,$-3,$0,$1,$4,$2,$-3
16,2014-06-30,36.42,$19.32,1.89,$13.10,2.78,$-2.07,0.0,$2.20,16.56,$0.07B,$0.02B,4.61,$0.03B,$0.14B,0.23,$0.10B,$0.02B,20.62%,$0.10B,$0.01B,8.25%,$0.10B,$0.01B,8.25%,$0.10B,$0.01B,13.40%,$0.10B,$0.03B,28.87%,$0.10B,$0.02B,17.53%,$0.02B,$0.14B,12.01%,$0.02B,$0.14B,12.01%,$0.02B,$0.20B,8.62%,$0.01B,$0.18B,4.57%,$34,$29,$5,$0,$2,$32,$2,$-0,$2,$1,$1,$1,$1,$2,$2,$7,7,$0.14,$0.14,$24,$17,$4,$73,$123,$4,$0,$1,$128,$201,$16,$33,$0,$43,$59,$7,$132,$0,$142,$201,$0,$0,$0,$0,$0,$0,$0,$0,$0,$15,$-10,$0,$0,$0,$3,$3,$0,$-7,$-3,$0,$-3,$-5,$-5,$-3,$0,$-11,$-3,$0,$-3
17,2014-03-31,36.57,$19.22,1.9,$13.27,2.76,$-2.55,0.0,$2.60,14.06,$0.06B,$0.01B,5.35,$0.03B,$0.14B,0.23,$0.10B,$0.02B,24.49%,$0.10B,$0.01B,13.27%,$0.10B,$0.01B,13.27%,$0.10B,$0.02B,20.41%,$0.10B,$0.03B,33.67%,$0.10B,$0.02B,20.41%,$0.02B,$0.14B,14.39%,$0.02B,$0.14B,14.39%,$0.02B,$0.20B,10.38%,$0.01B,$0.17B,7.51%,$41,$31,$10,$0,$2,$33,$8,$-0,$8,$3,$5,$5,$5,$8,$8,$7,7,$0.64,$0.64,$16,$25,$4,$60,$131,$5,$0,$1,$136,$196,$11,$33,$0,$44,$55,$7,$131,$0,$141,$196,$0,$0,$0,$0,$0,$0,$0,$0,$0,$5,$-8,$0,$0,$0,$3,$3,$0,$-6,$-1,$0,$-1,$-5,$-5,$-2,$0,$-7,$-8,$0,$-2
18,2013-12-31,37.58,$19.28,1.95,$12.99,2.89,$-2.53,0.0,$2.43,15.47,$0.06B,$0.01B,6.18,$0.03B,$0.14B,0.24,$0.10B,$0.02B,22.11%,$0.10B,$0.01B,10.53%,$0.10B,$0.01B,10.53%,$0.10B,$0.02B,17.89%,$0.10B,$0.03B,31.58%,$0.10B,$0.02B,18.95%,$0.02B,$0.14B,13.26%,$0.02B,$0.14B,13.26%,$0.02B,$0.19B,9.55%,$0.01B,$0.17B,5.87%,$15,$12,$3,$0,$4,$16,$-1,$-0,$-1,$-1,$-1,$-1,$-1,$2,$-1,$7,7,$-0.10,$-0.10,$14,$30,$5,$56,$131,$5,$0,$1,$138,$193,$9,$34,$0,$44,$53,$7,$127,$0,$140,$193,$-1,$3,$1,$3,$0,$0,$0,$-6,$-6,$-4,$-7,$0,$0,$0,$2,$2,$0,$-5,$0,$-1,$-1,$-1,$-1,$-1,$0,$-2,$-11,$0,$-1
19,2013-09-30,39.69,$19.54,2.03,$13.83,2.87,$-2.20,0.0,$2.67,14.86,$0.06B,$0.01B,5.2,$0.03B,$0.14B,0.24,$0.10B,$0.02B,21.78%,$0.10B,$0.01B,12.87%,$0.10B,$0.01B,12.87%,$0.10B,$0.02B,16.83%,$0.10B,$0.03B,32.67%,$0.10B,$0.02B,19.80%,$0.02B,$0.14B,15.09%,$0.02B,$0.14B,15.09%,$0.02B,$0.20B,10.85%,$0.01B,$0.18B,7.76%,$7,$5,$2,$0,$3,$8,$-1,$20,$19,$7,$12,$12,$12,$1,$-1,$7,7,$1.61,$1.60,$25,$29,$1,$60,$131,$7,$0,$1,$139,$199,$11,$34,$0,$45,$56,$7,$129,$0,$143,$199,$20,$10,$-11,$-1,$-1,$-2,$0,$0,$-5,$13,$-19,$0,$0,$0,$1,$1,$24,$7,$0,$-4,$-4,$-3,$-3,$-2,$0,$-9,$11,$1,$-2
20,2013-06-30,38.59,$18.11,2.13,$13.83,2.79,$2.05,18.79,$1.00,38.59,$0.04B,$0.01B,3.24,$0.04B,$0.13B,0.26,$0.10B,$0.02B,21.78%,$0.10B,$0.01B,12.87%,$0.10B,$0.01B,12.87%,$0.10B,$0.02B,16.83%,$0.10B,$0.01B,12.87%,$0.10B,$0.01B,7.92%,$0.01B,$0.13B,6.21%,$0.01B,$0.13B,6.21%,$0.01B,$0.18B,4.43%,$0.01B,$0.17B,7.91%,$35,$26,$9,$0,$2,$28,$7,$-0,$7,$3,$4,$4,$4,$9,$7,$7,7,$0.56,$0.55,$7,$23,$2,$39,$132,$6,$0,$3,$143,$183,$12,$35,$0,$38,$50,$7,$118,$0,$132,$183,$8,$7,$1,$8,$0,$0,$0,$-1,$-1,$15,$-14,$0,$0,$0,$0,$0,$0,$-14,$-3,$0,$-3,$-3,$-3,$-1,$0,$-7,$-7,$0,$-1
21,2013-03-31,44.41,$17.60,2.52,$14.55,3.05,$5.21,8.53,$1.76,25.23,$0.04B,$0.01B,3.2,$0.04B,$0.13B,0.27,$0.11B,$0.02B,22.64%,$0.11B,$0.02B,14.15%,$0.11B,$0.02B,14.15%,$0.11B,$0.02B,16.04%,$0.11B,$0.02B,20.75%,$0.11B,$0.01B,13.21%,$0.01B,$0.13B,10.94%,$0.01B,$0.13B,10.94%,$0.01B,$0.18B,7.67%,$0.02B,$0.16B,9.15%,$38,$31,$7,$0,$2,$34,$5,$0,$5,$2,$3,$3,$3,$5,$5,$7,7,$0.38,$0.38,$4,$22,$1,$37,$131,$8,$0,$1,$142,$179,$11,$35,$0,$39,$50,$7,$115,$0,$128,$179,$4,$5,$0,$5,$0,$0,$0,$-2,$-2,$7,$-10,$0,$0,$0,$0,$0,$0,$-10,$0,$-3,$-3,$-3,$-3,$-1,$0,$-7,$-10,$0,$-1
22,2012-12-31,35.11,$17.39,2.02,$16.66,2.11,$6.50,5.4,$2.39,14.69,$0.04B,$0.01B,3.87,$0.04B,$0.13B,0.28,$0.12B,$0.03B,25.41%,$0.12B,$0.02B,18.03%,$0.12B,$0.02B,18.03%,$0.12B,$0.02B,19.67%,$0.12B,$0.03B,23.77%,$0.12B,$0.02B,14.75%,$0.02B,$0.13B,14.31%,$0.02B,$0.13B,14.31%,$0.02B,$0.18B,9.78%,$0.02B,$0.16B,13.35%,$21,$18,$4,$0,$2,$19,$2,$-0,$2,$1,$1,$1,$1,$2,$2,$7,7,$0.14,$0.14,$1,$25,$1,$37,$129,$8,$0,$1,$139,$176,$9,$36,$0,$39,$49,$7,$113,$0,$127,$176,$0,$0,$0,$0,$0,$0,$0,$0,$0,$-3,$-5,$0,$0,$0,$0,$0,$0,$-5,$0,$-2,$-2,$-1,$-1,$-0,$0,$-4,$-12,$0,$-0
23,2012-09-30,29.87,$17.34,1.72,$17.29,1.73,$7.03,4.25,$2.51,11.9,$0.05B,$0.02B,3.0,$0.04B,$0.13B,0.29,$0.13B,$0.03B,25.98%,$0.13B,$0.02B,18.90%,$0.13B,$0.02B,18.90%,$0.13B,$0.03B,20.47%,$0.13B,$0.03B,23.62%,$0.13B,$0.02B,14.96%,$0.02B,$0.13B,15.57%,$0.02B,$0.13B,15.57%,$0.02B,$0.19B,10.17%,$0.02B,$0.16B,14.39%,$7,$5,$2,$0,$3,$7,$-1,$-0,$-1,$-1,$-0,$-0,$-0,$1,$-1,$7,7,$-0.07,$-0.07,$16,$27,$4,$51,$123,$8,$0,$1,$134,$185,$17,$37,$0,$40,$58,$7,$112,$0,$128,$185,$18,$8,$-1,$8,$-0,$-5,$0,$0,$-3,$24,$2,$0,$0,$0,$5,$5,$0,$8,$-3,$-14,$-17,$-0,$-0,$-2,$0,$-19,$12,$0,$-2
24,2012-06-30,29.17,$17.53,1.66,$17.23,1.69,$4.29,6.79,$2.38,12.26,$0.05B,$0.02B,2.67,$0.04B,$0.13B,0.29,$0.13B,$0.03B,25.40%,$0.13B,$0.02B,18.25%,$0.13B,$0.02B,18.25%,$0.13B,$0.02B,18.25%,$0.13B,$0.03B,23.81%,$0.13B,$0.02B,14.29%,$0.02B,$0.13B,15.29%,$0.02B,$0.13B,15.29%,$0.02B,$0.19B,9.70%,$0.02B,$0.17B,13.77%,$40,$30,$11,$0,$2,$32,$9,$7,$16,$6,$10,$10,$10,$9,$9,$7,7,$1.31,$1.31,$15,$22,$11,$52,$121,$8,$0,$1,$137,$190,$20,$37,$0,$41,$61,$7,$113,$0,$129,$190,$19,$6,$-6,$0,$0,$0,$0,$6,$6,$26,$-2,$0,$0,$0,$5,$5,$-9,$-5,$0,$-16,$-16,$-1,$-1,$-0,$0,$-18,$3,$0,$-0
25,2012-03-31,22.04,$16.25,1.36,$17.09,1.29,$0.90,24.58,$1.88,11.73,$0.03B,$0.02B,2.09,$0.05B,$0.12B,0.39,$0.13B,$0.03B,26.40%,$0.13B,$0.02B,19.20%,$0.13B,$0.02B,19.20%,$0.13B,$0.02B,19.20%,$0.13B,$0.02B,19.20%,$0.13B,$0.01B,11.20%,$0.01B,$0.12B,12.31%,$0.01B,$0.12B,12.31%,$0.01B,$0.19B,7.55%,$0.02B,$0.17B,14.16%,$54,$40,$14,$0,$2,$42,$12,$-1,$12,$5,$7,$7,$7,$12,$12,$7,7,$1.01,$1.01,$1,$18,$1,$33,$132,$11,$0,$1,$152,$185,$16,$46,$0,$50,$66,$7,$104,$0,$119,$185,$0,$0,$0,$0,$0,$0,$0,$0,$0,$14,$-7,$0,$0,$0,$2,$2,$0,$-5,$0,$-7,$-7,$-0,$-0,$-1,$0,$-9,$-1,$0,$-1
26,2011-12-31,18.45,$15.30,1.21,$14.69,1.26,$0.35,52.21,$1.24,14.88,$0.03B,$0.01B,2.69,$0.06B,$0.11B,0.52,$0.11B,$0.03B,25.23%,$0.11B,$0.02B,16.82%,$0.11B,$0.02B,16.82%,$0.11B,$0.02B,16.82%,$0.11B,$0.02B,14.95%,$0.11B,$0.01B,9.35%,$0.01B,$0.11B,9.03%,$0.01B,$0.11B,9.03%,$0.01B,$0.19B,5.41%,$0.02B,$0.17B,10.54%,$26,$21,$6,$0,$2,$23,$4,$-0,$3,$1,$2,$2,$2,$4,$4,$7,7,$0.26,$0.26,$1,$21,$1,$34,$131,$12,$0,$1,$153,$187,$13,$58,$0,$62,$74,$7,$97,$0,$112,$187,$0,$0,$0,$0,$0,$0,$0,$0,$0,$-0,$-4,$0,$0,$0,$0,$0,$0,$-4,$0,$4,$4,$0,$0,$-1,$0,$3,$-1,$0,$-1
27,2011-09-30,18.57,$15.07,1.23,$13.40,1.39,$0.37,50.27,$0.97,19.14,$0.03B,$0.01B,2.47,$0.05B,$0.11B,0.49,$0.10B,$0.02B,23.47%,$0.10B,$0.01B,14.29%,$0.10B,$0.01B,14.29%,$0.10B,$0.01B,14.29%,$0.10B,$0.01B,13.27%,$0.10B,$0.01B,8.16%,$0.01B,$0.11B,7.34%,$0.01B,$0.11B,7.34%,$0.01B,$0.18B,4.31%,$0.01B,$0.17B,8.12%,$6,$5,$1,$0,$3,$8,$-2,$0,$-1,$0,$-1,$-1,$-1,$-2,$-2,$7,7,$-0.21,$-0.21,$2,$22,$1,$29,$129,$13,$0,$1,$151,$180,$12,$54,$0,$58,$69,$7,$95,$0,$111,$180,$7,$7,$3,$10,$1,$-4,$0,$-0,$-0,$17,$-11,$0,$0,$0,$3,$3,$0,$-8,$0,$-16,$-16,$-1,$-1,$-1,$0,$-18,$-10,$0,$-1
28,2011-06-30,24.22,$15.39,1.57,$13.31,1.82,$-0.39,0.0,$0.78,31.05,$0.04B,$0.01B,3.87,$0.06B,$0.11B,0.56,$0.10B,$0.02B,22.45%,$0.10B,$0.01B,14.29%,$0.10B,$0.01B,14.29%,$0.10B,$0.01B,14.29%,$0.10B,$0.01B,8.16%,$0.10B,$0.01B,6.12%,$0.01B,$0.11B,5.58%,$0.01B,$0.11B,5.58%,$0.01B,$0.19B,3.20%,$0.01B,$0.18B,7.98%,$39,$28,$12,$0,$2,$29,$10,$-0,$10,$4,$6,$6,$6,$10,$10,$7,7,$0.81,$0.81,$4,$18,$1,$39,$128,$13,$0,$1,$151,$190,$10,$63,$0,$67,$77,$7,$97,$0,$113,$190,$0,$0,$0,$0,$0,$0,$0,$0,$0,$7,$-8,$0,$0,$0,$0,$0,$2,$-6,$0,$-8,$-8,$-1,$-1,$-1,$0,$-9,$-8,$0,$-1
29,2011-03-31,25.31,$14.57,1.74,$11.81,2.14,$0.74,34.01,$0.28,90.39,$0.03B,$0.01B,3.7,$0.06B,$0.11B,0.6,$0.09B,$0.02B,17.24%,$0.09B,$0.01B,9.20%,$0.09B,$0.01B,9.20%,$0.09B,$0.01B,9.20%,$0.09B,$0.00B,2.30%,$0.09B,$0.00B,2.30%,$0.00B,$0.11B,1.88%,$0.00B,$0.11B,1.88%,$0.00B,$0.18B,1.05%,$0.01B,$0.17B,4.50%,$36,$28,$8,$0,$2,$30,$6,$-2,$4,$2,$3,$3,$3,$6,$6,$7,7,$0.37,$0.37,$7,$16,$0,$31,$128,$14,$0,$1,$152,$183,$8,$64,$0,$68,$76,$7,$91,$0,$107,$183,$0,$0,$0,$0,$0,$0,$0,$0,$0,$9,$-7,$0,$0,$0,$0,$0,$1,$-5,$0,$-7,$-7,$-1,$-1,$-1,$0,$-9,$-5,$0,$-1
30,2010-12-31,22.54,$14.26,1.58,$11.15,2.02,$0.26,86.32,$0.09,250.43,$0.04B,$0.01B,4.93,$0.07B,$0.11B,0.7,$0.08B,$0.01B,13.25%,$0.08B,$0.00B,4.82%,$0.08B,$0.00B,4.82%,$0.08B,$0.00B,4.82%,$0.08B,0,0.00%,$0.08B,0,0.00%,$0.00B,$0.11B,0.00%,$0.00B,$0.11B,0.00%,$0.00B,$0.19B,0.00%,$0.00B,$0.18B,2.24%,$17,$14,$2,$0,$2,$16,$0,$-1,$-0,$-0,$-0,$-0,$-0,$0,$0,$7,7,$-0.01,$-0.01,$9,$18,$1,$37,$127,$16,$0,$1,$153,$189,$7,$73,$0,$77,$84,$7,$89,$0,$105,$189,$0,$0,$0,$0,$0,$0,$0,$0,$0,$-1,$-3,$0,$0,$0,$-0,$-0,$0,$-3,$0,$2,$2,$-0,$-0,$-1,$0,$1,$-3,$0,$-1
31,2010-09-30,21.89,$14.28,1.53,$10.81,2.02,$-0.17,0.0,$-0.09,0.0,$0.04B,$0.01B,4.73,$0.07B,$0.11B,0.69,$0.08B,$0.01B,11.25%,$0.08B,$0.00B,3.75%,$0.08B,$0.00B,3.75%,$0.08B,$0.00B,3.75%,$0.08B,$-0.00B,-2.50%,$0.08B,$-0.00B,-1.25%,$-0.00B,$0.11B,-0.94%,$-0.00B,$0.11B,-0.94%,$-0.00B,$0.19B,-0.51%,$0.00B,$0.18B,1.68%,$6,$6,$0,$0,$2,$7,$-2,$-4,$-6,$-3,$-3,$-3,$-3,$-2,$-2,$7,7,$-0.38,$-0.38,$12,$19,$1,$37,$125,$16,$0,$1,$151,$189,$8,$72,$0,$76,$84,$7,$89,$0,$105,$189,$-1,$7,$1,$8,$-3,$0,$0,$-2,$-0,$7,$-7,$0,$0,$0,$-5,$-5,$6,$-7,$0,$-5,$-5,$-1,$-1,$-1,$-1,$-8,$-8,$0,$-1
32,2010-06-30,21.64,$14.79,1.46,$10.69,2.02,$1.21,17.95,$-0.54,0.0,$0.05B,$0.01B,4.0,$0.08B,$0.11B,0.7,$0.08B,$0.00B,5.06%,$0.08B,$-0.00B,-2.53%,$0.08B,$-0.00B,-2.53%,$0.08B,$-0.00B,-2.53%,$0.08B,$-0.00B,-5.06%,$0.08B,$-0.00B,-5.06%,$-0.00B,$0.11B,-3.74%,$-0.00B,$0.11B,-3.74%,$-0.00B,$0.20B,-2.02%,$-0.00B,$0.19B,-1.11%,$28,$23,$5,$0,$2,$25,$4,$0,$4,$2,$2,$2,$2,$4,$4,$7,7,$0.31,$0.31,$23,$16,$1,$46,$119,$5,$0,$6,$158,$204,$11,$76,$4,$83,$95,$7,$92,$0,$109,$204,$0,$0,$0,$0,$0,$0,$0,$0,$0,$13,$-5,$0,$0,$0,$-8,$-8,$0,$-13,$0,$2,$2,$-0,$-0,$-1,$0,$1,$1,$0,$-1
33,2010-03-31,23.78,$14.46,1.64,$11.06,2.15,$2.07,11.46,$-0.77,0.0,$0.05B,$0.01B,3.98,$0.07B,$0.11B,0.62,$0.08B,$0.00B,3.66%,$0.08B,$-0.00B,-4.88%,$0.08B,$-0.00B,-4.88%,$0.08B,$-0.00B,-4.88%,$0.08B,$-0.01B,-8.54%,$0.08B,$-0.01B,-6.10%,$-0.01B,$0.11B,-4.62%,$-0.01B,$0.11B,-4.62%,$-0.01B,$0.19B,-2.51%,$-0.00B,$0.17B,-2.21%,$32,$28,$4,$0,$2,$29,$2,$-0,$2,$1,$1,$1,$1,$2,$2,$7,7,$0.18,$0.18,$14,$16,$0,$46,$120,$5,$0,$6,$146,$192,$12,$67,$4,$74,$85,$7,$90,$0,$107,$192,$0,$0,$0,$0,$0,$0,$0,$0,$0,$3,$-4,$0,$0,$0,$1,$1,$0,$-3,$0,$-7,$-7,$-0,$-0,$-1,$0,$-9,$-9,$0,$-1
34,2009-12-31,26.8,$14.29,1.88,$11.28,2.38,$2.92,9.18,$-0.67,0.0,$0.05B,$0.01B,4.16,$0.07B,$0.11B,0.7,$0.08B,0,0.00%,$0.08B,$-0.01B,-9.64%,$0.08B,$-0.01B,-9.64%,$0.08B,$-0.01B,-9.64%,$0.08B,$-0.01B,-6.02%,$0.08B,$-0.00B,-4.82%,$-0.00B,$0.11B,-3.64%,$-0.00B,$0.11B,-3.64%,$-0.00B,$0.20B,-1.94%,$-0.01B,$0.18B,-4.28%,$14,$14,$0,$0,$1,$15,$-1,$-1,$-2,$-1,$-1,$-1,$-1,$-1,$-1,$7,7,$-0.19,$-0.19,$14,$19,$1,$48,$121,$8,$0,$6,$149,$197,$11,$73,$4,$80,$92,$7,$89,$0,$105,$197,$0,$0,$0,$0,$0,$0,$0,$0,$0,$-4,$-4,$0,$0,$0,$0,$0,$0,$-3,$0,$-0,$-0,$-0,$-0,$-1,$0,$-2,$-9,$0,$-1
35,2009-09-30,27.55,$14.49,1.9,$12.11,2.27,$2.84,9.69,$-0.50,0.0,$0.05B,$0.01B,4.06,$0.07B,$0.11B,0.69,$0.09B,$0.00B,2.25%,$0.09B,$-0.01B,-8.99%,$0.09B,$-0.01B,-8.99%,$0.09B,$-0.01B,-8.99%,$0.09B,$-0.00B,-3.37%,$0.09B,$-0.00B,-3.37%,$-0.00B,$0.11B,-2.68%,$-0.00B,$0.11B,-2.68%,$-0.00B,$0.20B,-1.32%,$-0.01B,$0.18B,-3.87%,$5,$10,$-5,$0,$2,$12,$-7,$-1,$-8,$-2,$-6,$-6,$-6,$-7,$-7,$7,7,$-0.83,$-0.83,$22,$19,$1,$51,$119,$9,$0,$6,$149,$200,$13,$74,$4,$81,$93,$7,$90,$0,$107,$200,$-4,$8,$5,$12,$3,$9,$0,$-0,$8,$16,$-6,$0,$0,$0,$18,$18,$2,$14,$-9,$-50,$-59,$-1,$-1,$-6,$0,$-66,$-36,$1,$-6
36,2009-06-30,28.02,$15.44,1.81,$11.94,2.35,$2.69,10.4,$0.34,82.4,$0.06B,$0.01B,4.12,$0.08B,$0.11B,0.67,$0.09B,$0.00B,4.60%,$0.09B,$-0.01B,-5.75%,$0.09B,$-0.01B,-5.75%,$0.09B,$-0.01B,-5.75%,$0.09B,$0.00B,1.15%,$0.09B,$-0.00B,-1.15%,$-0.00B,$0.11B,-0.88%,$-0.00B,$0.11B,-0.88%,$-0.00B,$0.21B,-0.41%,$-0.01B,$0.19B,-2.24%,$31,$27,$4,$0,$2,$29,$2,$-1,$1,$0,$1,$1,$1,$2,$2,$7,7,$0.08,$0.08,$29,$16,$1,$56,$125,$10,$0,$6,$153,$209,$14,$76,$3,$82,$96,$7,$97,$0,$114,$209,$0,$0,$0,$0,$0,$0,$0,$0,$0,$19,$-5,$0,$0,$0,$18,$18,$2,$15,$0,$-56,$-56,$-1,$-1,$-5,$0,$-62,$-29,$0,$-5
37,2009-03-31,22.28,$15.48,1.44,$13.42,1.66,$4.01,5.55,$0.26,85.69,$0.06B,$0.02B,4.35,$0.08B,$0.11B,0.73,$0.10B,$0.01B,6.12%,$0.10B,$-0.00B,-4.08%,$0.10B,$-0.00B,-4.08%,$0.10B,$-0.00B,-4.08%,$0.10B,$0.00B,3.06%,$0.10B,$0.00B,3.06%,$0.00B,$0.11B,2.59%,$0.00B,$0.11B,2.59%,$0.00B,$0.22B,1.14%,$-0.00B,$0.20B,-1.69%,$33,$32,$1,$0,$3,$35,$-2,$6,$4,$2,$2,$2,$2,$-2,$-2,$7,7,$0.28,$0.28,$30,$21,$0,$64,$125,$9,$0,$7,$154,$218,$15,$84,$3,$89,$104,$7,$98,$0,$114,$218,$0,$0,$0,$0,$0,$0,$0,$0,$0,$9,$-4,$0,$0,$0,$16,$16,$2,$14,$0,$-49,$-49,$-1,$-1,$-4,$0,$-54,$-32,$0,$-4
38,2008-12-31,37.73,$15.33,2.46,$15.43,2.44,$5.41,6.97,$-0.02,0.0,$0.13B,$0.02B,7.1,$0.14B,$0.11B,1.28,$0.11B,$0.01B,9.73%,$0.11B,0,0.00%,$0.11B,0,0.00%,$0.11B,0,0.00%,$0.11B,$0.00B,1.77%,$0.11B,$0.00B,2.65%,$0.00B,$0.11B,2.56%,$0.00B,$0.11B,2.56%,$0.00B,$0.28B,1.08%,$0.00B,$0.26B,0.00%,$20,$18,$2,$0,$3,$21,$-1,$0,$-0,$-0,$-0,$-0,$-0,$-1,$-1,$7,7,$-0.02,$-0.02,$80,$28,$1,$128,$126,$8,$0,$7,$153,$281,$18,$144,$3,$150,$168,$7,$97,$-0,$113,$281,$0,$0,$0,$0,$0,$0,$0,$0,$0,$-6,$-2,$0,$0,$0,$21,$21,$2,$21,$0,$12,$12,$-1,$-1,$-2,$0,$9,$24,$0,$-2
39,2008-09-30,43.35,$15.66,2.77,$15.76,2.75,$6.75,6.42,0,0.0,$0.12B,$0.02B,6.77,$0.13B,$0.12B,1.15,$0.12B,$0.01B,11.21%,$0.12B,$0.00B,1.72%,$0.12B,$0.00B,1.72%,$0.12B,$0.00B,1.72%,$0.12B,$0.01B,4.31%,$0.12B,$0.01B,4.31%,$0.01B,$0.12B,4.21%,$0.01B,$0.12B,4.21%,$0.01B,$0.27B,1.77%,$0.00B,$0.25B,0.80%,$3,$6,$-3,$0,$1,$7,$-4,$-0,$-4,$-0,$-4,$-4,$-4,$-4,$-4,$7,7,$-0.55,$-0.54,$79,$27,$1,$123,$125,$7,$0,$8,$151,$274,$18,$132,$4,$140,$158,$7,$99,$-0,$115,$274,$5,$8,$1,$10,$9,$-0,$0,$1,$-1,$14,$-5,$0,$0,$0,$18,$18,$3,$16,$2,$0,$2,$-1,$-1,$-8,$0,$-7,$23,$1,$-8
40,2008-06-30,31.48,$16.49,1.91,$15.46,2.04,$5.25,6.0,$-1.02,0.0,$0.13B,$0.03B,4.99,$0.12B,$0.12B,0.98,$0.11B,$0.02B,14.04%,$0.11B,$0.01B,4.39%,$0.11B,$0.01B,4.39%,$0.11B,$0.01B,4.39%,$0.11B,$0.01B,7.02%,$0.11B,$0.01B,7.02%,$0.01B,$0.12B,6.71%,$0.01B,$0.12B,6.71%,$0.01B,$0.28B,2.81%,$0.01B,$0.24B,1.99%,$42,$36,$6,$0,$4,$39,$3,$-0,$3,$-3,$6,$6,$5,$3,$3,$7,7,$0.68,$0.67,$82,$21,$2,$130,$125,$4,$0,$7,$147,$276,$26,$119,$4,$129,$155,$7,$105,$0,$122,$276,$0,$0,$0,$0,$0,$0,$0,$0,$0,$27,$-3,$0,$0,$0,$8,$8,$3,$8,$0,$-15,$-15,$-1,$-1,$-6,$0,$-23,$12,$0,$-6
41,2008-03-31,39.82,$16.07,2.48,$9.76,4.08,$2.04,19.52,$-1.02,0.0,$0.14B,$0.03B,5.31,$0.13B,$0.12B,1.11,$0.07B,$0.01B,13.89%,$0.07B,$0.00B,2.78%,$0.07B,$0.00B,2.78%,$0.07B,$0.00B,2.78%,$0.07B,$0.01B,6.94%,$0.07B,$0.00B,4.17%,$0.00B,$0.12B,2.53%,$0.00B,$0.12B,2.53%,$0.00B,$0.29B,1.05%,$0.00B,$0.25B,0.79%,$48,$42,$6,$0,$4,$46,$2,$1,$3,$1,$2,$2,$2,$2,$2,$7,7,$0.21,$0.21,$87,$24,$2,$138,$126,$5,$0,$7,$147,$285,$26,$131,$4,$141,$167,$7,$102,$0,$119,$285,$0,$0,$0,$0,$0,$0,$0,$0,$0,$17,$-2,$0,$0,$0,$37,$37,$3,$38,$0,$-3,$-3,$-1,$-1,$-4,$0,$-8,$47,$0,$-4
42,2007-12-31,32.92,$16.11,2.04,$9.48,3.47,$1.05,31.23,$-2.80,0.0,$0.14B,$0.02B,7.21,$0.14B,$0.12B,1.21,$0.07B,$0.02B,24.29%,$0.07B,$0.01B,12.86%,$0.07B,$0.01B,12.86%,$0.07B,$0.01B,12.86%,$0.07B,$0.01B,17.14%,$0.07B,$-0.02B,-25.71%,$-0.02B,$0.12B,-20.28%,$-0.02B,$0.12B,-20.28%,$-0.02B,$0.29B,-8.39%,$0.01B,$0.26B,4.69%,$23,$18,$4,$0,$3,$21,$1,$2,$3,$1,$2,$2,$2,$1,$1,$7,7,$0.30,$0.30,$89,$28,$2,$143,$128,$4,$0,$8,$149,$292,$20,$144,$4,$154,$174,$7,$102,$0,$119,$292,$0,$0,$0,$0,$0,$0,$0,$0,$0,$3,$-2,$0,$0,$0,$-3,$-3,$3,$-2,$0,$9,$9,$-1,$-1,$-2,$0,$7,$8,$0,$-2
43,2007-09-30,38.81,$15.90,2.44,$14.82,2.62,$1.29,30.03,$-2.80,0.0,$0.14B,$0.03B,5.39,$0.14B,$0.12B,1.15,$0.11B,$0.03B,23.85%,$0.11B,$0.02B,15.60%,$0.11B,$0.02B,15.60%,$0.11B,$0.02B,15.60%,$0.11B,$0.02B,17.43%,$0.11B,$-0.03B,-30.28%,$-0.03B,$0.12B,-36.26%,$-0.03B,$0.12B,-36.26%,$-0.03B,$0.29B,-15.24%,$0.02B,$0.25B,9.70%,$1,$1,$0,$0,$1,$2,$-1,$-0,$-1,$-0,$-1,$-1,$-1,$-1,$-1,$7,7,$-0.09,$-0.09,$78,$27,$3,$135,$129,$4,$0,$8,$150,$285,$25,$135,$4,$143,$168,$7,$100,$0,$117,$285,$-14,$9,$-21,$-12,$-6,$-3,$0,$-21,$-29,$-2,$-0,$0,$0,$0,$-0,$-0,$4,$-0,$-1,$0,$-1,$-1,$-1,$-8,$0,$-1,$-3,$1,$-8
44,2007-08-31,45.53,$16.15,2.82,$22.31,2.04,$1.18,38.67,$-0.73,0.0,$0.13B,$0.02B,7.26,$0.14B,$0.12B,1.14,$0.16B,$0.04B,23.78%,$0.16B,$0.03B,16.46%,$0.16B,$0.03B,16.46%,$0.16B,$0.03B,16.46%,$0.16B,$0.03B,18.29%,$0.16B,$-0.03B,-15.85%,$-0.03B,$0.12B,-42.11%,$-0.03B,$0.12B,-42.11%,$-0.03B,$0.28B,-17.90%,$0.03B,$0.25B,24.00%,$0,$0,$0,$0,$0,$0,$0,$0,$0,$0,$0,$0,$0,$0,$0,$0,0,$0.00,$0.00,$81,$25,$2,$127,$129,$3,$0,$8,$154,$281,$18,$136,$4,$144,$162,$7,$102,$0,$119,$281,$0,$0,$0,$0,$0,$0,$0,$0,$0,$0,$0,$0,$0,$0,$0,$0,$0,$0,$0,$0,$0,$0,$0,$0,$0,$0,$0,$0,$0
45,2007-06-30,54.29,$0.00,0.0,$29.50,1.84,$0.72,75.26,$-0.73,0.0,$0.00B,$0.00B,0.0,$0.00B,$0.00B,0.0,$0.22B,$0.05B,24.88%,$0.22B,$0.04B,17.97%,$0.22B,$0.04B,17.97%,$0.22B,$0.04B,17.97%,$0.22B,$0.04B,20.28%,$0.22B,$-0.02B,-8.29%,$-0.02B,$0.00B,-26.47%,$-0.02B,$0.00B,-26.47%,$-0.02B,$0.00B,-12.50%,$0.04B,$0.00B,38.05%,$46,$33,$13,$0,$4,$37,$9,$1,$10,$29,$-19,$-19,$-19,$9,$9,$7,7,$-2.58,$-2.57,$0,$0,$0,$0,$0,$0,$0,$0,$0,$0,$0,$0,$0,$0,$0,$0,$0,$0,$0,$0,$0,$0,$0,$0,$0,$0,$0,$0,$0,$13,$-5,$0,$0,$0,$-0,$-0,$3,$-2,$1,$0,$1,$0,$0,$-6,$-1,$-6,$5,$0,$-6
46,2007-05-31,53.12,$15.74,3.37,$26.85,1.98,$-0.69,0.0,$1.05,50.59,$0.14B,$0.10B,1.49,$0.07B,$0.13B,0.53,$0.20B,$0.05B,23.74%,$0.20B,$0.03B,16.67%,$0.20B,$0.03B,16.67%,$0.20B,$0.03B,16.67%,$0.20B,$0.04B,19.70%,$0.20B,$0.00B,2.02%,$0.00B,$0.13B,5.88%,$0.00B,$0.13B,5.88%,$0.00B,$0.30B,2.78%,$0.03B,$0.20B,32.20%,$62,$49,$13,$0,$4,$53,$9,$1,$10,$23,$-13,$-13,$-13,$9,$9,$7,7,$-1.78,$-1.78,$80,$19,$2,$141,$132,$3,$0,$7,$158,$300,$95,$67,$4,$76,$171,$7,$112,$-0,$128,$300,$0,$0,$0,$0,$0,$0,$0,$0,$0,$9,$-5,$0,$0,$0,$2,$2,$4,$1,$5,$0,$5,$0,$0,$-6,$-1,$-2,$7,$0,$-6
47,2007-03-31,50.81,$0.00,0.0,$19.84,2.56,$-2.06,0.0,$1.05,48.39,$0.00B,$0.00B,0.0,$0.00B,$0.00B,0.0,$0.15B,$0.04B,23.97%,$0.15B,$0.02B,15.07%,$0.15B,$0.02B,15.07%,$0.15B,$0.02B,15.07%,$0.15B,$0.03B,18.49%,$0.15B,$0.02B,10.96%,$0.02B,$0.00B,22.70%,$0.02B,$0.00B,22.70%,$0.02B,$0.00B,11.90%,$0.02B,$0.00B,21.00%,$56,$44,$13,$0,$3,$47,$9,$0,$10,$4,$6,$6,$6,$9,$9,$7,7,$0.75,$0.74,$0,$0,$0,$0,$0,$0,$0,$0,$0,$0,$0,$0,$0,$0,$0,$0,$0,$0,$0,$0,$0,$0,$0,$0,$0,$0,$0,$0,$0,$1,$-4,$0,$0,$0,$-1,$-1,$3,$-1,$8,$0,$8,$0,$0,$-4,$-1,$4,$3,$0,$-4
48,2007-02-28,41.95,$17.65,2.38,$13.73,3.05,$-4.10,0.0,$0.02,2097.32,$0.13B,$0.02B,7.09,$0.07B,$0.14B,0.48,$0.10B,$0.03B,30.69%,$0.10B,$0.02B,18.81%,$0.10B,$0.02B,18.81%,$0.10B,$0.02B,18.81%,$0.10B,$0.02B,21.78%,$0.10B,$0.01B,9.90%,$0.01B,$0.14B,14.18%,$0.01B,$0.14B,14.18%,$0.01B,$0.28B,7.43%,$0.02B,$0.21B,18.14%,$53,$38,$15,$0,$3,$41,$12,$2,$14,$6,$8,$8,$8,$12,$12,$7,7,$1.05,$1.04,$77,$22,$2,$125,$132,$3,$0,$7,$151,$276,$18,$70,$25,$115,$132,$7,$127,$0,$144,$276,$0,$0,$0,$0,$0,$0,$0,$0,$0,$-0,$-3,$0,$0,$0,$8,$8,$4,$8,$7,$0,$7,$0,$0,$-4,$-0,$2,$11,$0,$-4
49,2006-12-31,44.65,$0.00,0.0,$6.53,6.83,$-6.06,0.0,$0.02,2232.7,$0.00B,$0.00B,0.0,$0.00B,$0.00B,0.0,$0.05B,$0.02B,33.33%,$0.05B,$0.01B,14.58%,$0.05B,$0.01B,14.58%,$0.05B,$0.01B,20.83%,$0.05B,$0.01B,16.67%,$0.05B,$0.00B,4.17%,$0.00B,$0.00B,2.87%,$0.00B,$0.00B,2.87%,$0.00B,$0.00B,1.52%,$0.01B,$0.00B,6.88%,$27,$21,$6,$0,$3,$24,$3,$2,$5,$2,$3,$3,$3,$3,$3,$7,7,$0.35,$0.35,$0,$0,$0,$0,$0,$0,$0,$0,$0,$0,$0,$0,$0,$0,$0,$0,$0,$0,$0,$0,$0,$0,$0,$0,$0,$0,$0,$0,$0,$-1,$-1,$0,$0,$0,$7,$7,$3,$9,$7,$0,$7,$0,$0,$-2,$0,$4,$12,$0,$-2
50,2006-11-30,49.99,$18.77,2.66,$7.65,6.54,$-8.02,0.0,$0.02,2499.66,$0.11B,$0.02B,7.45,$0.07B,$0.14B,0.48,$0.06B,$0.02B,28.57%,$0.06B,$0.01B,12.50%,$0.06B,$0.01B,12.50%,$0.06B,$0.01B,17.86%,$0.06B,$0.01B,12.50%,$0.06B,$0.00B,3.57%,$0.00B,$0.14B,1.90%,$0.00B,$0.14B,1.90%,$0.00B,$0.26B,1.02%,$0.01B,$0.21B,4.59%,$10,$9,$1,$0,$3,$13,$-2,$0,$-2,$-1,$-1,$-1,$-1,$-2,$-2,$7,7,$-0.13,$-0.13,$72,$26,$4,$112,$132,$3,$0,$7,$150,$262,$15,$66,$23,$109,$124,$7,$121,$0,$138,$262,$0,$0,$0,$0,$0,$0,$0,$0,$0,$-5,$-2,$0,$0,$0,$7,$7,$-0,$5,$5,$0,$5,$0,$0,$-2,$0,$3,$3,$0,$-2
51,2006-09-30,51.33,$0.00,0.0,$9.15,5.61,$-7.79,0.0,$0.02,2566.33,$0.00B,$0.00B,0.0,$0.00B,$0.00B,0.0,$0.07B,$0.02B,31.34%,$0.07B,$0.01B,19.40%,$0.07B,$0.01B,19.40%,$0.07B,$0.02B,23.88%,$0.07B,$0.01B,19.40%,$0.07B,$0.01B,8.96%,$0.01B,$0.00B,5.63%,$0.01B,$0.00B,5.63%,$0.01B,$0.00B,3.10%,$0.01B,$0.00B,8.65%,$11,$2,$9,$0,$3,$6,$6,$-0,$5,$4,$2,$2,$0,$6,$6,$7,7,$0.06,$0.06,$0,$0,$0,$0,$0,$0,$0,$0,$0,$0,$0,$0,$0,$0,$0,$0,$0,$0,$0,$0,$7,$9,$-8,$1,$2,$-4,$0,$2,$2,$9,$-27,$0,$0,$0,$17,$17,$7,$-2,$13,$0,$13,$-1,$-1,$-7,$0,$5,$12,$1,$-7
