,Date,Stock Price,Book Value per Share,Price to Book Ratio,TTM Sales per Share,Price to Sales Ratio,TTM FCF per Share,Price to FCF Ratio,TTM Net EPS,PE Ratio,Current Assets,Current Liabilities,Current Ratio,Long Term Debt,Shareholder's Equity_x,Debt to Equity Ratio,TTM Revenue_x,TTM Gross Profit,Gross Margin,TTM Revenue_y,TTM Operating Income,Operating Margin,TTM Revenue_x,TTM EBIT,EBIT Margin,TTM Revenue_y,TTM EBITDA,EBITDA Margin,TTM Revenue_x,TTM Pre-Tax Income,Pre-Tax Margin,TTM Revenue_y,TTM Net Income_x,Net Margin,TTM Net Income_y,Shareholder's Equity_y,Return on Equity,TTM Net Income_x,Tangible Equity,Return on Tangible Equity,TTM Net Income_y,Total Assets,Return on Assets,TTM Net Income,LT Investments & Debt,Return on Investment,revenue,cost-goods-sold,gross-profit,research-development-expenses,selling-general-administrative-expenses,operating-expenses,operating-income,total-non-operating-income-expense,pre-tax-income,total-provision-income-taxes,income-after-taxes,income-from-continuous-operations,net-income,ebitda,ebit,basic-shares-outstanding,shares-outstanding,eps-basic-net-earnings-per-share,eps-earnings-per-share-diluted,cash-on-hand,inventory,other-current-assets,total-current-assets,net-property-plant-equipment,long-term-investments,goodwill-intangible-assets-total,other-long-term-assets,total-long-term-assets,total-assets,total-current-liabilities,long-term-debt,other-non-current-liabilities,total-long-term-liabilities,total-liabilities,common-stock-net,retained-earnings-accumulated-deficit,comprehensive-income,total-share-holder-equity,total-liabilities-share-holders-equity,net-income-loss,total-depreciation-amortization-cash-flow,other-non-cash-items,total-non-cash-items,change-in-accounts-receivable,change-in-inventories,change-in-accounts-payable,change-in-assets-liabilities,total-change-in-assets-liabilities,cash-flow-from-operating-activities,net-change-in-property-plant-equipment,net-change-in-intangible-assets,net-acquisitions-divestitures,net-change-in-short-term-investments,net-change-in-long-term-investments,net-change-in-investments-total,investing-activities-other,cash-flow-from-investing-activities,net-long-term-debt,net-current-debt,debt-issuance-retirement-net-total,net-common-equity-issued-repurchased,net-total-equity-issued-repurchased,total-common-preferred-stock-dividends-paid,financial-activities-other,cash-flow-from-financial-activities,net-cash-flow,stock-based-compensation,common-stock-dividends-paid
0,2018-09-30,391.22,$14.92,26.23,$22.73,17.21,$6.23,62.76,$3.84,101.88,$1.22B,$0.62B,1.98,$0.00B,$1.19B,0.0,$1.85B,$1.38B,74.64%,$1.85B,$0.46B,24.61%,$1.85B,$0.46B,24.61%,$1.85B,$0.51B,27.25%,$1.85B,$0.46B,24.72%,$1.85B,$0.31B,16.89%,$0.31B,$1.19B,26.68%,$0.31B,$1.11B,28.79%,$0.31B,$1.93B,16.89%,$0.46B,$1.19B,38.87%,$505,$134,$372,$33,$214,$380,$125,$1,$127,$25,$102,$101,$101,$139,$125,$80,81,$1.26,$1.24,$605,$49,$0,$1224,$492,$56,$84,$25,$704,$1928,$618,$0,$117,$117,$735,$0,$328,$-1,$1193,$1928,$303,$38,$72,$110,$-90,$-17,$5,$46,$-100,$313,$-169,$0,$0,$119,$-5,$114,$31,$-24,$0,$0,$0,$-233,$-233,$0,$-82,$-315,$-29,$52,$0
1,2018-06-30,342.14,$15.18,22.54,$21.23,16.12,$6.29,54.36,$3.61,94.78,$1.26B,$0.57B,2.23,$0.00B,$1.22B,0.0,$1.73B,$1.30B,75.19%,$1.73B,$0.43B,24.81%,$1.73B,$0.43B,24.81%,$1.73B,$0.48B,27.41%,$1.73B,$0.43B,25.04%,$1.73B,$0.30B,17.02%,$0.30B,$1.22B,25.20%,$0.30B,$1.13B,27.25%,$0.30B,$1.92B,16.43%,$0.43B,$1.22B,36.74%,$490,$125,$366,$31,$212,$368,$123,$-5,$118,$8,$110,$106,$106,$135,$123,$80,81,$1.32,$1.30,$713,$47,$0,$1261,$448,$57,$85,$19,$656,$1917,$567,$0,$131,$131,$698,$0,$373,$1,$1219,$1917,$202,$24,$46,$70,$-44,$-16,$11,$46,$-55,$217,$-115,$0,$0,$139,$0,$139,$31,$54,$0,$0,$0,$-91,$-91,$0,$-79,$-171,$98,$33,$0
2,2018-03-31,251.13,$14.07,17.85,$19.58,12.83,$6.02,41.68,$3.16,79.47,$1.17B,$0.52B,2.26,$0.00B,$1.13B,0.0,$1.60B,$1.21B,75.55%,$1.60B,$0.39B,24.45%,$1.60B,$0.39B,24.45%,$1.60B,$0.43B,27.02%,$1.60B,$0.40B,25.20%,$1.60B,$0.26B,16.14%,$0.26B,$1.13B,22.73%,$0.26B,$1.04B,24.67%,$0.26B,$1.78B,15.14%,$0.39B,$1.13B,34.44%,$437,$110,$327,$30,$200,$339,$98,$2,$101,$3,$98,$96,$96,$110,$98,$80,82,$1.20,$1.17,$663,$36,$0,$1169,$401,$63,$88,$17,$614,$1783,$518,$0,$137,$137,$655,$0,$267,$1,$1127,$1783,$96,$11,$22,$34,$-36,$-4,$6,$13,$-52,$77,$-58,$0,$0,$136,$0,$136,$30,$109,$0,$0,$0,$-92,$-92,$0,$-48,$-140,$48,$16,$0
3,2017-12-31,222.19,$14.42,15.41,$18.03,12.32,$5.64,39.42,$2.84,78.24,$1.16B,$0.50B,2.32,$0.00B,$1.15B,0.0,$1.47B,$1.12B,75.88%,$1.47B,$0.36B,24.12%,$1.47B,$0.36B,24.12%,$1.47B,$0.39B,26.63%,$1.47B,$0.37B,24.80%,$1.47B,$0.23B,15.69%,$0.23B,$1.15B,20.72%,$0.23B,$1.07B,22.56%,$0.23B,$1.78B,14.23%,$0.36B,$1.15B,31.85%,$421,$103,$318,$26,$182,$312,$110,$3,$112,$104,$9,$10,$10,$121,$110,$80,82,$0.13,$0.12,$722,$32,$0,$1158,$349,$95,$89,$44,$626,$1784,$500,$0,$130,$130,$630,$0,$267,$1,$1154,$1784,$231,$38,$93,$131,$-91,$-5,$8,$71,$76,$439,$-196,$0,$-9,$-1,$-13,$-14,$-29,$-248,$0,$0,$0,$-89,$-89,$0,$-46,$-136,$60,$59,$0
4,2017-09-30,186.27,$14.74,12.64,$16.48,11.3,$4.84,38.47,$3.30,56.45,$1.10B,$0.46B,2.39,$0.00B,$1.18B,0.0,$1.34B,$1.02B,75.82%,$1.34B,$0.31B,23.29%,$1.34B,$0.31B,23.29%,$1.34B,$0.35B,25.82%,$1.34B,$0.31B,23.36%,$1.34B,$0.27B,20.01%,$0.27B,$1.18B,25.02%,$0.27B,$1.09B,27.28%,$0.27B,$1.70B,17.63%,$0.31B,$1.18B,29.12%,$385,$93,$292,$24,$170,$287,$99,$4,$103,$18,$84,$83,$83,$109,$99,$80,82,$1.03,$1.01,$679,$37,$0,$1101,$296,$112,$90,$25,$597,$1698,$461,$0,$54,$54,$516,$0,$301,$1,$1182,$1698,$221,$27,$53,$80,$-84,$-11,$4,$47,$-25,$276,$-126,$0,$-9,$-64,$-13,$-77,$-20,$-232,$0,$0,$0,$-40,$-40,$0,$-39,$-79,$-30,$44,$0
5,2017-06-30,150.12,$13.45,11.16,$15.19,9.88,$4.36,34.42,$2.92,51.41,$1.00B,$0.43B,2.36,$0.00B,$1.08B,0.0,$1.24B,$0.94B,75.61%,$1.24B,$0.28B,22.29%,$1.24B,$0.28B,22.29%,$1.24B,$0.31B,24.80%,$1.24B,$0.28B,22.21%,$1.24B,$0.24B,19.14%,$0.24B,$1.08B,23.18%,$0.24B,$0.99B,25.34%,$0.24B,$1.55B,16.44%,$0.28B,$1.08B,26.99%,$356,$86,$271,$24,$163,$273,$84,$3,$87,$15,$71,$69,$69,$92,$84,$80,82,$0.86,$0.85,$602,$35,$0,$1003,$256,$116,$91,$23,$548,$1551,$425,$0,$48,$48,$473,$0,$233,$-0,$1078,$1551,$139,$17,$44,$61,$-52,$-9,$4,$30,$-42,$158,$-78,$0,$-9,$-7,$0,$-7,$-18,$-112,$0,$0,$0,$-31,$-31,$0,$-53,$-84,$-34,$29,$0
6,2017-03-31,114.71,$13.01,8.82,$14.14,8.11,$4.22,27.21,$2.69,42.64,$0.92B,$0.37B,2.51,$0.00B,$1.05B,0.0,$1.15B,$0.87B,75.59%,$1.15B,$0.26B,22.33%,$1.15B,$0.26B,22.33%,$1.15B,$0.29B,24.76%,$1.15B,$0.25B,21.98%,$1.15B,$0.22B,18.94%,$0.22B,$1.05B,22.23%,$0.22B,$0.95B,24.36%,$0.22B,$1.46B,15.96%,$0.26B,$1.05B,26.21%,$310,$75,$236,$23,$151,$249,$62,$2,$63,$-7,$71,$69,$69,$70,$62,$80,82,$0.87,$0.85,$546,$35,$0,$918,$232,$143,$92,$14,$541,$1459,$366,$0,$49,$49,$414,$0,$196,$-1,$1045,$1459,$69,$8,$26,$34,$-25,$-8,$6,$11,$-55,$48,$-60,$0,$-9,$-71,$0,$-71,$-9,$-148,$0,$0,$0,$3,$3,$0,$-36,$-33,$-131,$15,$0
7,2016-12-31,96.13,$12.51,7.68,$13.27,7.25,$4.49,21.41,$2.34,41.08,$0.95B,$0.35B,2.69,$0.00B,$1.00B,0.0,$1.08B,$0.82B,75.46%,$1.08B,$0.25B,22.96%,$1.08B,$0.25B,22.96%,$1.08B,$0.27B,25.28%,$1.08B,$0.24B,22.50%,$1.08B,$0.19B,17.59%,$0.19B,$1.00B,20.16%,$0.19B,$0.91B,22.09%,$0.19B,$1.40B,14.58%,$0.25B,$1.00B,26.32%,$293,$73,$220,$22,$130,$225,$68,$-8,$61,$12,$49,$48,$48,$76,$68,$80,81,$0.60,$0.58,$640,$27,$0,$953,$175,$105,$82,$13,$443,$1396,$354,$0,$46,$46,$401,$0,$131,$-1,$995,$1396,$190,$24,$51,$75,$-94,$-8,$-3,$51,$-17,$248,$-71,$0,$0,$198,$-47,$152,$-8,$73,$0,$0,$0,$-82,$-82,$0,$-13,$-96,$222,$54,$0
8,2016-09-30,93.75,$12.17,7.7,$12.49,7.5,$4.58,20.46,$2.35,39.89,$0.91B,$0.34B,2.66,$0.00B,$0.97B,0.0,$1.02B,$0.77B,75.52%,$1.02B,$0.24B,23.50%,$1.02B,$0.24B,23.50%,$1.02B,$0.26B,25.66%,$1.02B,$0.24B,23.80%,$1.02B,$0.19B,18.78%,$0.19B,$0.97B,21.09%,$0.19B,$0.89B,23.17%,$0.19B,$1.36B,15.35%,$0.24B,$0.97B,26.39%,$279,$69,$209,$20,$127,$217,$62,$1,$64,$12,$52,$51,$51,$69,$62,$80,81,$0.64,$0.63,$613,$26,$0,$912,$173,$109,$83,$13,$447,$1359,$343,$0,$44,$44,$387,$0,$118,$-0,$972,$1359,$142,$17,$32,$48,$-93,$-7,$-4,$41,$-24,$167,$-56,$0,$0,$254,$-47,$207,$-8,$143,$0,$0,$0,$-45,$-45,$0,$-12,$-58,$252,$40,$0
9,2016-06-30,80.55,$11.39,7.07,$11.63,6.92,$4.73,17.03,$2.06,39.1,$0.83B,$0.30B,2.76,$0.00B,$0.91B,0.0,$0.95B,$0.72B,75.79%,$0.95B,$0.22B,22.73%,$0.95B,$0.22B,22.73%,$0.95B,$0.24B,24.84%,$0.95B,$0.21B,22.62%,$0.95B,$0.17B,17.76%,$0.17B,$0.91B,19.49%,$0.17B,$0.83B,21.49%,$0.17B,$1.25B,14.30%,$0.22B,$0.91B,24.94%,$269,$64,$205,$19,$121,$204,$65,$0,$65,$15,$50,$50,$50,$70,$65,$80,81,$0.63,$0.62,$572,$23,$0,$825,$162,$113,$84,$7,$426,$1251,$299,$0,$42,$42,$341,$0,$88,$0,$910,$1251,$91,$10,$24,$34,$-38,$-4,$-5,$25,$-18,$107,$-39,$0,$0,$-6,$0,$-6,$-6,$-52,$0,$0,$0,$-28,$-28,$0,$-28,$-56,$-0,$26,$0
10,2016-03-31,72.69,$11.13,6.53,$10.89,6.67,$4.79,15.19,$1.83,39.72,$0.78B,$0.28B,2.85,$0.00B,$0.89B,0.0,$0.89B,$0.67B,75.73%,$0.89B,$0.19B,21.67%,$0.89B,$0.19B,21.67%,$0.89B,$0.21B,23.93%,$0.89B,$0.19B,21.56%,$0.89B,$0.15B,16.82%,$0.15B,$0.89B,18.02%,$0.15B,$0.81B,19.93%,$0.15B,$1.21B,13.32%,$0.19B,$0.89B,23.22%,$239,$58,$181,$15,$112,$185,$53,$-0,$53,$12,$41,$41,$41,$58,$53,$80,81,$0.51,$0.50,$548,$23,$0,$783,$148,$133,$79,$8,$425,$1208,$275,$0,$41,$41,$316,$0,$68,$0,$892,$1208,$41,$5,$9,$14,$-21,$-3,$0,$14,$-24,$31,$-20,$0,$0,$-15,$0,$-15,$0,$-35,$0,$0,$0,$5,$5,$0,$-14,$-9,$-13,$13,$0
11,2015-12-31,65.85,$10.67,6.17,$10.38,6.34,$4.90,13.43,$1.77,37.2,$0.73B,$0.27B,2.69,$0.00B,$0.85B,0.0,$0.85B,$0.64B,75.86%,$0.85B,$0.19B,22.25%,$0.85B,$0.19B,22.25%,$0.85B,$0.21B,24.50%,$0.85B,$0.19B,21.89%,$0.85B,$0.14B,17.04%,$0.14B,$0.85B,17.94%,$0.14B,$0.77B,19.94%,$0.14B,$1.16B,13.41%,$0.19B,$0.85B,23.43%,$230,$57,$173,$14,$100,$171,$59,$0,$60,$11,$49,$49,$49,$64,$59,$80,82,$0.61,$0.60,$527,$19,$0,$732,$136,$151,$79,$8,$427,$1159,$272,$0,$39,$39,$311,$0,$27,$-1,$848,$1159,$144,$18,$55,$73,$-41,$-4,$8,$38,$21,$238,$-53,$0,$0,$-113,$0,$-113,$0,$-166,$0,$0,$0,$-90,$-90,$0,$-10,$-101,$-32,$53,$0
12,2015-09-30,56.76,$10.03,5.66,$9.97,5.69,$5.10,11.12,$1.65,34.4,$0.71B,$0.25B,2.91,$0.00B,$0.80B,0.0,$0.81B,$0.62B,76.04%,$0.81B,$0.18B,22.11%,$0.81B,$0.18B,22.11%,$0.81B,$0.20B,24.45%,$0.81B,$0.18B,21.50%,$0.81B,$0.14B,16.58%,$0.14B,$0.80B,17.34%,$0.14B,$0.72B,19.35%,$0.14B,$1.08B,13.09%,$0.18B,$0.80B,23.11%,$208,$50,$158,$18,$102,$170,$38,$-2,$36,$9,$28,$28,$28,$43,$38,$80,81,$0.35,$0.34,$485,$19,$0,$712,$121,$145,$80,$8,$368,$1080,$245,$0,$37,$37,$281,$0,$-12,$0,$798,$1080,$95,$13,$44,$57,$-27,$-3,$4,$26,$7,$159,$-37,$0,$0,$-56,$0,$-56,$0,$-93,$0,$0,$0,$-80,$-80,$0,$-9,$-89,$-26,$39,$0
13,2015-06-30,62.71,$9.61,6.52,$9.72,6.45,$5.29,11.86,$1.78,35.23,$0.66B,$0.22B,2.95,$0.00B,$0.77B,0.0,$0.80B,$0.61B,76.13%,$0.80B,$0.19B,24.37%,$0.80B,$0.19B,24.37%,$0.80B,$0.21B,26.63%,$0.80B,$0.19B,23.74%,$0.80B,$0.15B,18.22%,$0.15B,$0.77B,19.09%,$0.15B,$0.69B,21.39%,$0.15B,$1.03B,14.53%,$0.19B,$0.77B,25.53%,$209,$51,$159,$16,$101,$167,$42,$0,$42,$11,$31,$31,$31,$47,$42,$80,81,$0.39,$0.39,$439,$16,$0,$658,$108,$158,$81,$8,$371,$1029,$223,$0,$36,$36,$259,$0,$-6,$-0,$770,$1029,$68,$9,$25,$33,$-23,$-1,$5,$8,$-2,$99,$-26,$0,$0,$-34,$0,$-34,$0,$-60,$0,$0,$0,$-45,$-45,$0,$-30,$-75,$-38,$24,$0
14,2015-03-31,53.79,$9.83,5.47,$9.49,5.67,$5.34,10.07,$1.82,29.55,$0.66B,$0.20B,3.28,$0.00B,$0.79B,0.0,$0.78B,$0.59B,75.90%,$0.78B,$0.20B,25.77%,$0.78B,$0.20B,25.77%,$0.78B,$0.22B,27.95%,$0.78B,$0.20B,25.13%,$0.78B,$0.15B,19.23%,$0.15B,$0.79B,20.37%,$0.15B,$0.71B,22.94%,$0.15B,$1.03B,15.59%,$0.20B,$0.79B,27.30%,$198,$47,$151,$14,$88,$149,$49,$-1,$47,$11,$36,$36,$36,$53,$49,$80,82,$0.45,$0.44,$445,$15,$0,$657,$100,$168,$81,$7,$371,$1028,$201,$0,$34,$34,$235,$0,$4,$-0,$794,$1028,$36,$4,$10,$14,$-12,$1,$2,$-5,$-15,$36,$-16,$0,$0,$-21,$0,$-21,$0,$-37,$0,$0,$0,$3,$3,$0,$-10,$-7,$-10,$12,$0
15,2014-12-31,55.91,$9.39,5.96,$9.25,6.05,$5.25,10.64,$1.77,31.59,$0.66B,$0.20B,3.26,$0.00B,$0.75B,0.0,$0.76B,$0.58B,75.75%,$0.76B,$0.19B,25.43%,$0.76B,$0.19B,25.43%,$0.76B,$0.21B,27.79%,$0.76B,$0.19B,25.03%,$0.76B,$0.15B,19.13%,$0.15B,$0.75B,20.51%,$0.15B,$0.67B,23.22%,$0.15B,$0.99B,15.75%,$0.19B,$0.75B,27.25%,$199,$48,$151,$13,$86,$147,$51,$-2,$50,$10,$40,$40,$40,$56,$51,$81,82,$0.50,$0.48,$455,$16,$0,$657,$90,$148,$82,$8,$331,$988,$202,$0,$33,$33,$235,$0,$-31,$-0,$753,$988,$146,$18,$54,$72,$-27,$-2,$3,$13,$9,$227,$-24,$0,$0,$-177,$0,$-177,$-0,$-202,$0,$0,$0,$-80,$-80,$0,$14,$-66,$-43,$40,$0
16,2014-09-30,51.68,$8.97,5.76,$8.99,5.75,$4.80,10.76,$1.80,28.71,$0.62B,$0.20B,3.1,$0.00B,$0.72B,0.0,$0.74B,$0.56B,75.88%,$0.74B,$0.20B,26.42%,$0.74B,$0.20B,26.42%,$0.74B,$0.21B,28.71%,$0.74B,$0.19B,26.15%,$0.74B,$0.15B,19.95%,$0.15B,$0.72B,21.69%,$0.15B,$0.64B,24.74%,$0.15B,$0.95B,16.67%,$0.20B,$0.72B,28.73%,$190,$45,$145,$13,$81,$138,$52,$-2,$50,$11,$38,$38,$38,$56,$52,$81,82,$0.47,$0.47,$425,$16,$0,$616,$86,$136,$83,$8,$333,$948,$199,$0,$27,$27,$226,$0,$-53,$0,$722,$948,$106,$13,$39,$52,$-25,$-2,$4,$8,$-3,$155,$-17,$0,$0,$-154,$0,$-154,$-0,$-171,$0,$0,$0,$-60,$-60,$0,$13,$-47,$-62,$29,$0
17,2014-06-30,56.04,$8.37,6.7,$8.69,6.45,$4.39,12.78,$1.75,32.02,$0.56B,$0.19B,2.96,$0.00B,$0.68B,0.0,$0.72B,$0.54B,75.73%,$0.72B,$0.19B,25.80%,$0.72B,$0.19B,25.80%,$0.72B,$0.20B,28.17%,$0.72B,$0.19B,25.94%,$0.72B,$0.15B,20.22%,$0.15B,$0.68B,22.45%,$0.15B,$0.59B,25.86%,$0.15B,$0.89B,17.25%,$0.19B,$0.68B,28.65%,$193,$47,$145,$13,$83,$144,$49,$-0,$49,$13,$36,$36,$36,$53,$49,$81,82,$0.44,$0.43,$366,$13,$0,$555,$81,$137,$84,$8,$331,$885,$187,$0,$23,$23,$210,$0,$-68,$1,$676,$885,$68,$9,$26,$35,$-21,$1,$-0,$4,$-15,$88,$-10,$0,$0,$-107,$0,$-107,$-0,$-118,$0,$0,$0,$-36,$-36,$0,$-9,$-46,$-75,$19,$0
18,2014-03-31,51.79,$8.54,6.07,$8.34,6.21,$4.10,12.63,$1.68,30.83,$0.55B,$0.17B,3.23,$0.00B,$0.70B,0.0,$0.69B,$0.52B,75.87%,$0.69B,$0.17B,25.29%,$0.69B,$0.17B,25.29%,$0.69B,$0.19B,27.76%,$0.69B,$0.18B,25.44%,$0.69B,$0.14B,20.06%,$0.14B,$0.70B,22.74%,$0.14B,$0.61B,26.47%,$0.14B,$0.89B,17.35%,$0.17B,$0.70B,28.68%,$181,$43,$137,$13,$82,$139,$42,$1,$42,$10,$32,$32,$32,$47,$42,$81,83,$0.40,$0.39,$366,$16,$0,$552,$79,$139,$84,$8,$333,$886,$171,$0,$18,$18,$189,$0,$-63,$0,$697,$886,$32,$5,$10,$15,$-14,$-2,$0,$1,$-30,$18,$-5,$0,$0,$-94,$0,$-94,$-0,$-99,$0,$0,$0,$12,$12,$0,$9,$21,$-60,$9,$0
19,2013-12-31,57.14,$7.87,7.26,$8.05,7.1,$4.00,14.27,$0.77,74.21,$0.55B,$0.18B,3.11,$0.00B,$0.63B,0.0,$0.66B,$0.50B,75.34%,$0.66B,$0.09B,14.22%,$0.66B,$0.09B,14.22%,$0.66B,$0.11B,16.79%,$0.66B,$0.09B,14.22%,$0.66B,$0.06B,9.68%,$0.06B,$0.63B,11.17%,$0.06B,$0.55B,13.13%,$0.06B,$0.83B,8.47%,$0.09B,$0.63B,16.41%,$178,$42,$136,$11,$73,$125,$53,$-0,$53,$10,$42,$42,$42,$57,$53,$81,83,$0.53,$0.52,$370,$14,$0,$545,$76,$102,$85,$9,$287,$832,$175,$0,$23,$23,$198,$0,$-96,$0,$634,$832,$64,$17,$92,$109,$-12,$1,$-0,$15,$13,$186,$-19,$0,$-8,$-181,$0,$-181,$-2,$-211,$0,$0,$0,$-61,$-61,$0,$23,$-38,$-63,$26,$0
20,2013-09-30,48.1,$7.19,6.69,$7.61,6.32,$3.14,15.33,$0.38,126.58,$0.48B,$0.16B,2.95,$0.00B,$0.58B,0.0,$0.63B,$0.47B,74.76%,$0.63B,$0.06B,9.27%,$0.63B,$0.06B,9.27%,$0.63B,$0.08B,12.14%,$0.63B,$0.06B,9.11%,$0.63B,$0.03B,5.11%,$0.03B,$0.58B,5.72%,$0.03B,$0.49B,6.97%,$0.03B,$0.76B,4.35%,$0.06B,$0.58B,10.37%,$165,$39,$125,$11,$73,$123,$41,$0,$42,$7,$35,$35,$35,$45,$41,$80,82,$0.43,$0.42,$324,$15,$0,$482,$77,$77,$86,$9,$277,$759,$163,$0,$20,$20,$184,$0,$-138,$0,$576,$759,$22,$13,$82,$95,$-6,$0,$-0,$9,$2,$119,$-15,$0,$-8,$-175,$0,$-175,$-2,$-200,$0,$0,$0,$-67,$-67,$0,$18,$-49,$-131,$21,$0
21,2013-06-30,37.04,$6.53,5.67,$7.28,5.09,$2.50,14.8,$0.25,148.16,$0.44B,$0.16B,2.75,$0.00B,$0.52B,0.0,$0.60B,$0.44B,74.20%,$0.60B,$0.02B,3.69%,$0.60B,$0.02B,3.69%,$0.60B,$0.04B,6.70%,$0.60B,$0.02B,3.18%,$0.60B,$-0.00B,-0.50%,$-0.00B,$0.52B,-0.53%,$-0.00B,$0.43B,-0.67%,$-0.00B,$0.70B,-0.41%,$0.02B,$0.52B,3.89%,$164,$40,$124,$11,$75,$126,$38,$-0,$38,$8,$29,$29,$29,$42,$38,$81,82,$0.36,$0.36,$279,$16,$0,$442,$77,$63,$87,$5,$262,$704,$161,$0,$23,$23,$184,$0,$-173,$-0,$520,$704,$-13,$9,$72,$81,$-9,$-1,$0,$2,$-4,$64,$-9,$0,$-8,$-128,$0,$-128,$1,$-144,$0,$0,$0,$-74,$-74,$0,$12,$-62,$-142,$14,$0
22,2013-03-31,33.51,$6.87,4.88,$7.04,4.76,$2.05,16.38,$0.23,145.7,$0.53B,$0.14B,3.67,$0.00B,$0.56B,0.0,$0.58B,$0.43B,73.92%,$0.58B,$0.02B,3.45%,$0.58B,$0.02B,3.45%,$0.58B,$0.04B,6.56%,$0.58B,$0.02B,3.11%,$0.58B,$-0.00B,-0.69%,$-0.00B,$0.56B,-0.69%,$-0.00B,$0.48B,-0.91%,$-0.00B,$0.73B,-0.53%,$0.02B,$0.56B,3.43%,$154,$41,$113,$11,$73,$192,$-38,$-1,$-39,$3,$-42,$-42,$-42,$-33,$-38,$81,81,$-0.52,$-0.52,$367,$15,$0,$527,$73,$11,$84,$3,$199,$726,$144,$0,$21,$21,$165,$0,$-133,$0,$561,$726,$-42,$5,$66,$71,$-10,$-0,$2,$-2,$-19,$10,$-6,$0,$0,$1,$0,$1,$1,$-3,$0,$0,$0,$11,$11,$0,$5,$15,$22,$6,$0
23,2012-12-31,27.75,$7.21,3.85,$6.80,4.08,$1.92,14.43,$1.01,27.48,$0.49B,$0.16B,3.12,$0.00B,$0.58B,0.0,$0.56B,$0.42B,74.29%,$0.56B,$0.09B,15.36%,$0.56B,$0.09B,15.36%,$0.56B,$0.10B,18.39%,$0.56B,$0.08B,15.00%,$0.56B,$0.06B,10.54%,$0.06B,$0.58B,10.30%,$0.06B,$0.44B,14.56%,$0.06B,$0.76B,8.03%,$0.09B,$0.58B,15.01%,$143,$36,$106,$12,$66,$126,$17,$-1,$16,$7,$10,$10,$10,$22,$17,$81,83,$0.12,$0.11,$335,$15,$0,$486,$79,$21,$145,$3,$271,$756,$156,$0,$19,$19,$175,$0,$-90,$0,$581,$756,$59,$18,$63,$81,$-12,$-6,$-0,$9,$-6,$134,$-38,$0,$0,$-42,$0,$-42,$2,$-78,$0,$0,$0,$-5,$-5,$0,$15,$10,$66,$21,$0
24,2012-09-30,36.97,$7.36,5.02,$6.69,5.53,$2.02,18.3,$1.14,32.43,$0.48B,$0.15B,3.19,$0.00B,$0.60B,0.0,$0.55B,$0.41B,74.36%,$0.55B,$0.10B,17.40%,$0.55B,$0.10B,17.40%,$0.55B,$0.11B,20.51%,$0.55B,$0.09B,17.22%,$0.55B,$0.07B,12.64%,$0.07B,$0.60B,12.53%,$0.07B,$0.44B,18.52%,$0.07B,$0.77B,9.75%,$0.10B,$0.60B,17.26%,$136,$36,$100,$10,$61,$132,$5,$-0,$4,$4,$-0,$-0,$-0,$9,$5,$81,81,$0.00,$0.00,$330,$15,$0,$484,$75,$21,$158,$3,$284,$768,$152,$0,$14,$14,$166,$0,$-74,$-0,$602,$768,$49,$13,$38,$50,$-17,$-6,$-4,$11,$-17,$83,$-31,$0,$0,$-36,$0,$-36,$2,$-66,$0,$0,$0,$30,$30,$0,$16,$47,$64,$16,$0
25,2012-06-30,33.46,$7.26,4.61,$6.58,5.09,$2.15,15.54,$1.09,30.7,$0.44B,$0.14B,3.03,$0.00B,$0.59B,0.0,$0.54B,$0.40B,74.25%,$0.54B,$0.12B,21.64%,$0.54B,$0.12B,21.64%,$0.54B,$0.13B,25.00%,$0.54B,$0.12B,21.64%,$0.54B,$0.09B,16.42%,$0.09B,$0.59B,17.11%,$0.09B,$0.40B,26.73%,$0.09B,$0.74B,13.29%,$0.12B,$0.59B,22.56%,$146,$37,$109,$11,$62,$110,$36,$1,$37,$8,$28,$28,$28,$40,$36,$80,83,$0.35,$0.34,$285,$15,$0,$435,$72,$20,$184,$3,$309,$744,$144,$0,$14,$14,$158,$0,$-69,$-0,$586,$744,$49,$8,$3,$11,$-12,$-5,$-2,$5,$-18,$43,$-26,$0,$0,$-34,$0,$-34,$3,$-57,$0,$0,$0,$21,$21,$0,$15,$36,$22,$10,$0
26,2012-03-31,27.55,$6.55,4.2,$6.32,4.36,$2.43,11.35,$0.89,30.96,$0.39B,$0.14B,2.84,$0.00B,$0.52B,0.0,$0.51B,$0.38B,74.51%,$0.51B,$0.10B,19.02%,$0.51B,$0.10B,19.02%,$0.51B,$0.12B,22.55%,$0.51B,$0.10B,18.63%,$0.51B,$0.07B,13.92%,$0.07B,$0.52B,14.94%,$0.07B,$0.34B,24.57%,$0.07B,$0.67B,11.58%,$0.10B,$0.52B,20.41%,$135,$34,$101,$11,$62,$107,$28,$-1,$27,$6,$21,$21,$21,$32,$28,$79,82,$0.26,$0.26,$244,$13,$0,$385,$63,$17,$185,$3,$285,$670,$136,$0,$12,$12,$147,$0,$-97,$0,$523,$670,$21,$4,$1,$5,$-2,$-4,$-4,$0,$-19,$7,$-13,$0,$0,$-25,$0,$-25,$0,$-38,$0,$0,$0,$8,$8,$0,$7,$14,$-16,$5,$0
27,2011-12-31,23.73,$6.23,3.81,$5.99,3.96,$2.67,8.88,$0.83,28.58,$0.39B,$0.15B,2.6,$0.00B,$0.49B,0.0,$0.48B,$0.36B,75.21%,$0.48B,$0.09B,18.75%,$0.48B,$0.09B,18.75%,$0.48B,$0.11B,22.50%,$0.48B,$0.09B,18.54%,$0.48B,$0.07B,13.75%,$0.07B,$0.49B,14.83%,$0.07B,$0.31B,21.67%,$0.07B,$0.65B,11.58%,$0.09B,$0.49B,20.22%,$129,$33,$96,$10,$61,$102,$26,$-0,$26,$6,$20,$20,$20,$31,$26,$78,80,$0.26,$0.25,$252,$9,$0,$385,$54,$0,$185,$3,$264,$649,$148,$0,$10,$10,$158,$0,$-117,$0,$491,$649,$67,$17,$16,$34,$-24,$-4,$8,$14,$30,$130,$-30,$0,$-188,$10,$0,$10,$-4,$-212,$0,$0,$0,$18,$18,$0,$9,$27,$-54,$19,$0
28,2011-09-30,15.17,$5.82,2.61,$5.57,2.72,$2.85,5.32,$0.71,21.37,$0.33B,$0.12B,2.72,$0.00B,$0.46B,0.0,$0.44B,$0.34B,75.90%,$0.44B,$0.08B,17.79%,$0.44B,$0.08B,17.79%,$0.44B,$0.10B,21.40%,$0.44B,$0.08B,17.57%,$0.44B,$0.06B,12.61%,$0.06B,$0.46B,13.44%,$0.06B,$0.27B,17.39%,$0.06B,$0.59B,10.63%,$0.08B,$0.46B,18.96%,$126,$34,$92,$9,$56,$100,$26,$-0,$26,$7,$19,$19,$19,$31,$26,$78,80,$0.25,$0.24,$210,$8,$0,$327,$46,$1,$186,$3,$259,$586,$120,$0,$9,$9,$129,$0,$-132,$0,$457,$586,$46,$13,$22,$35,$-16,$-3,$4,$11,$2,$82,$-21,$0,$-187,$9,$0,$9,$-0,$-199,$0,$0,$0,$20,$20,$0,$5,$24,$-92,$14,$0
29,2011-06-30,22.8,$5.49,4.15,$5.23,4.36,$3.18,7.18,$0.69,33.04,$0.29B,$0.11B,2.62,$0.00B,$0.43B,0.0,$0.41B,$0.32B,77.29%,$0.41B,$0.08B,18.12%,$0.41B,$0.08B,18.12%,$0.41B,$0.09B,21.50%,$0.41B,$0.07B,17.87%,$0.41B,$0.05B,13.04%,$0.05B,$0.43B,13.77%,$0.05B,$0.24B,15.73%,$0.05B,$0.55B,10.99%,$0.08B,$0.43B,19.12%,$120,$29,$91,$9,$65,$103,$17,$-0,$16,$5,$11,$11,$11,$21,$17,$78,80,$0.14,$0.14,$175,$6,$0,$287,$37,$4,$188,$3,$260,$547,$109,$0,$8,$8,$117,$0,$-151,$1,$430,$547,$27,$8,$17,$25,$-11,$-1,$-0,$5,$-5,$47,$-9,$0,$-187,$7,$0,$7,$0,$-188,$0,$0,$0,$17,$17,$0,$-1,$15,$-126,$9,$0
30,2011-03-31,20.48,$5.21,3.93,$5.13,3.99,$3.37,6.07,$0.97,21.11,$0.42B,$0.09B,4.75,$0.00B,$0.40B,0.0,$0.40B,$0.32B,78.61%,$0.40B,$0.10B,25.62%,$0.40B,$0.10B,25.62%,$0.40B,$0.12B,29.10%,$0.40B,$0.10B,25.87%,$0.40B,$0.08B,18.91%,$0.08B,$0.40B,20.64%,$0.08B,$0.40B,20.81%,$0.08B,$0.50B,16.63%,$0.10B,$0.40B,27.97%,$105,$23,$82,$9,$52,$84,$21,$0,$21,$5,$16,$16,$16,$25,$21,$77,79,$0.21,$0.20,$325,$3,$0,$418,$31,$6,$2,$3,$79,$497,$88,$0,$7,$7,$95,$0,$-162,$1,$402,$497,$16,$4,$8,$12,$-7,$-0,$-1,$3,$-10,$17,$-3,$0,$0,$4,$0,$4,$-8,$-7,$0,$0,$0,$5,$5,$0,$-1,$4,$14,$4,$0
31,2010-12-31,19.54,$4.95,3.95,$4.97,3.93,$3.37,5.79,$0.96,20.35,$0.39B,$0.09B,4.18,$0.00B,$0.38B,0.0,$0.39B,$0.30B,78.55%,$0.39B,$0.10B,26.61%,$0.39B,$0.10B,26.61%,$0.39B,$0.12B,30.23%,$0.39B,$0.10B,26.61%,$0.39B,$0.08B,19.38%,$0.08B,$0.38B,21.95%,$0.08B,$0.38B,22.17%,$0.08B,$0.48B,17.60%,$0.10B,$0.38B,30.14%,$93,$21,$72,$7,$49,$78,$15,$-0,$15,$5,$10,$10,$10,$18,$15,$76,78,$0.13,$0.12,$303,$3,$0,$389,$31,$9,$3,$3,$88,$477,$93,$0,$6,$6,$99,$0,$-178,$0,$378,$477,$74,$15,$29,$44,$-12,$-1,$3,$1,$11,$130,$-18,$0,$0,$2,$0,$2,$-0,$-16,$0,$0,$0,$12,$12,$0,$3,$15,$128,$16,$0
32,2010-09-30,19.58,$4.71,4.15,$5.04,3.89,$2.92,6.72,$0.98,19.98,$0.36B,$0.08B,4.47,$0.00B,$0.36B,0.0,$0.38B,$0.30B,77.69%,$0.38B,$0.10B,27.03%,$0.38B,$0.10B,27.03%,$0.38B,$0.12B,31.76%,$0.38B,$0.10B,26.77%,$0.38B,$0.08B,19.95%,$0.08B,$0.36B,24.09%,$0.08B,$0.36B,24.40%,$0.08B,$0.45B,19.20%,$0.10B,$0.36B,32.65%,$96,$21,$75,$7,$43,$74,$22,$-0,$22,$5,$17,$17,$17,$25,$22,$76,78,$0.22,$0.22,$272,$2,$0,$358,$28,$8,$3,$4,$87,$445,$80,$0,$6,$6,$86,$0,$-188,$0,$359,$445,$64,$12,$30,$41,$-10,$-0,$0,$-5,$-9,$97,$-12,$0,$0,$5,$0,$5,$-1,$-9,$0,$0,$0,$11,$11,$0,$-1,$10,$98,$12,$0
33,2010-06-30,14.87,$4.41,3.37,$4.95,3.0,$2.34,6.35,$0.04,371.75,$0.33B,$0.07B,4.49,$0.00B,$0.33B,0.0,$0.36B,$0.28B,76.92%,$0.36B,$0.02B,5.77%,$0.36B,$0.02B,5.77%,$0.36B,$0.04B,11.26%,$0.36B,$0.02B,5.49%,$0.36B,$0.01B,2.47%,$0.01B,$0.33B,3.10%,$0.01B,$0.33B,3.15%,$0.01B,$0.41B,2.45%,$0.02B,$0.33B,7.24%,$108,$21,$87,$6,$44,$63,$45,$0,$46,$13,$33,$33,$33,$49,$45,$76,78,$0.43,$0.42,$245,$2,$0,$331,$27,$0,$4,$2,$78,$409,$74,$0,$1,$1,$75,$0,$-205,$-0,$334,$409,$48,$8,$25,$33,$-10,$-0,$-0,$-8,$-19,$61,$-9,$0,$0,$11,$0,$11,$-0,$2,$0,$0,$0,$7,$7,$0,$-1,$6,$69,$8,$0
34,2010-03-31,19.34,$3.92,4.93,$4.69,4.13,$2.05,9.42,$-0.31,0.0,$0.29B,$0.08B,3.73,$0.00B,$0.30B,0.0,$0.33B,$0.25B,75.60%,$0.33B,$-0.02B,-5.42%,$0.33B,$-0.02B,-5.42%,$0.33B,$0.00B,0.30%,$0.33B,$-0.02B,-5.72%,$0.33B,$-0.02B,-5.72%,$-0.02B,$0.30B,-7.14%,$-0.02B,$0.29B,-7.29%,$-0.02B,$0.37B,-5.56%,$-0.02B,$0.30B,-6.76%,$90,$20,$70,$6,$43,$69,$21,$-1,$20,$5,$15,$15,$15,$25,$21,$75,78,$0.20,$0.19,$205,$2,$0,$285,$25,$0,$5,$2,$89,$374,$76,$0,$1,$1,$77,$0,$-238,$0,$296,$374,$15,$4,$8,$13,$-5,$-0,$-0,$4,$-9,$19,$-5,$0,$0,$5,$0,$5,$-0,$0,$0,$0,$0,$6,$6,$0,$-1,$5,$24,$3,$0
35,2009-12-31,17.82,$3.66,4.87,$4.58,3.89,$2.00,8.9,$-0.46,0.0,$0.26B,$0.08B,3.22,$0.00B,$0.27B,0.0,$0.31B,$0.23B,75.00%,$0.31B,$-0.03B,-10.90%,$0.31B,$-0.03B,-10.90%,$0.31B,$-0.02B,-5.13%,$0.31B,$-0.03B,-10.90%,$0.31B,$-0.03B,-9.94%,$-0.03B,$0.27B,-12.44%,$-0.03B,$0.27B,-12.77%,$-0.03B,$0.36B,-9.66%,$-0.03B,$0.27B,-13.64%,$87,$23,$64,$6,$43,$72,$15,$-0,$14,$3,$11,$11,$11,$22,$15,$69,69,$0.16,$0.16,$186,$2,$0,$261,$25,$0,$5,$2,$94,$355,$81,$0,$1,$1,$82,$0,$-252,$0,$273,$355,$-31,$19,$70,$90,$-3,$-0,$-1,$16,$16,$74,$-7,$0,$0,$6,$0,$6,$-0,$-2,$0,$-0,$-0,$8,$8,$0,$-1,$7,$79,$15,$0
36,2009-09-30,14.22,$3.47,4.1,$4.42,3.22,$1.41,10.09,$0.37,38.43,$0.24B,$0.07B,3.26,$0.00B,$0.26B,0.0,$0.30B,$0.22B,74.92%,$0.30B,$-0.05B,-16.05%,$0.30B,$-0.05B,-16.05%,$0.30B,$-0.03B,-11.04%,$0.30B,$-0.05B,-15.72%,$0.30B,$0.02B,7.69%,$0.02B,$0.26B,9.76%,$0.02B,$0.25B,10.08%,$0.02B,$0.33B,7.62%,$-0.05B,$0.26B,-20.36%,$79,$20,$59,$6,$44,$139,$-60,$-0,$-60,$-11,$-50,$-50,$-50,$-55,$-60,$70,70,$-0.72,$-0.72,$155,$2,$0,$238,$24,$0,$6,$2,$93,$331,$73,$0,$0,$0,$73,$0,$-264,$1,$258,$331,$-43,$12,$70,$82,$-3,$0,$1,$4,$1,$40,$-4,$0,$0,$7,$0,$7,$0,$3,$0,$-0,$-0,$6,$6,$0,$-0,$6,$49,$12,$0
37,2009-06-30,10.6,$3.58,2.96,$4.37,2.42,$1.17,9.07,$1.17,9.06,$0.21B,$0.07B,3.06,$0.00B,$0.24B,0.0,$0.30B,$0.22B,74.92%,$0.30B,$0.02B,6.10%,$0.30B,$0.02B,6.10%,$0.30B,$0.03B,10.51%,$0.30B,$0.02B,6.44%,$0.30B,$0.08B,26.44%,$0.08B,$0.24B,36.92%,$0.08B,$0.23B,38.42%,$0.08B,$0.31B,28.55%,$0.02B,$0.24B,8.52%,$76,$18,$58,$6,$46,$70,$6,$1,$7,$2,$5,$5,$5,$9,$6,$66,67,$0.07,$0.07,$143,$2,$0,$214,$25,$0,$7,$2,$94,$308,$70,$0,$0,$0,$70,$0,$-214,$0,$238,$308,$7,$6,$9,$15,$-1,$-0,$1,$5,$6,$29,$-3,$0,$0,$5,$0,$5,$0,$2,$0,$-0,$-0,$4,$4,$0,$-0,$4,$35,$8,$0
38,2009-03-31,7.93,$3.44,2.3,$4.38,1.81,$0.84,9.43,$1.16,6.84,$0.19B,$0.06B,3.15,$0.00B,$0.23B,0.0,$0.30B,$0.22B,74.58%,$0.30B,$0.02B,5.35%,$0.30B,$0.02B,5.35%,$0.30B,$0.03B,9.70%,$0.30B,$0.02B,5.35%,$0.30B,$0.08B,25.75%,$0.08B,$0.23B,40.21%,$0.08B,$0.22B,42.13%,$0.08B,$0.29B,30.74%,$0.02B,$0.23B,8.36%,$70,$17,$53,$5,$41,$65,$5,$0,$5,$3,$3,$3,$3,$8,$5,$66,66,$0.04,$0.04,$125,$2,$0,$193,$26,$0,$8,$2,$96,$289,$61,$0,$0,$0,$62,$0,$-219,$-0,$228,$289,$3,$3,$4,$8,$-0,$-0,$1,$2,$0,$11,$-2,$0,$0,$-2,$0,$-2,$0,$-4,$0,$-0,$-0,$3,$3,$0,$-0,$3,$10,$4,$0
39,2008-12-31,8.75,$3.33,2.63,$4.38,2.0,$0.68,12.8,$1.19,7.35,$0.18B,$0.06B,2.94,$0.00B,$0.22B,0.0,$0.30B,$0.23B,74.01%,$0.30B,$0.02B,5.26%,$0.30B,$0.02B,5.26%,$0.30B,$0.03B,9.54%,$0.30B,$0.02B,5.59%,$0.30B,$0.08B,25.99%,$0.08B,$0.22B,44.20%,$0.08B,$0.21B,46.61%,$0.08B,$0.28B,33.47%,$0.02B,$0.22B,8.95%,$74,$20,$54,$6,$43,$73,$1,$-0,$1,$-64,$65,$65,$65,$5,$1,$67,68,$0.98,$0.97,$110,$2,$0,$178,$27,$0,$8,$4,$101,$279,$61,$0,$0,$0,$61,$0,$-221,$0,$219,$279,$80,$13,$-45,$-32,$-8,$1,$-3,$5,$-8,$40,$-14,$0,$0,$13,$0,$13,$0,$-1,$0,$-0,$-0,$-40,$-40,$0,$-0,$-40,$-2,$18,$0
40,2008-09-30,10.83,$2.38,4.55,$4.31,2.51,$0.94,11.49,$0.29,37.34,$0.17B,$0.06B,3.06,$0.00B,$0.16B,0.0,$0.30B,$0.22B,73.93%,$0.30B,$0.02B,6.60%,$0.30B,$0.02B,6.60%,$0.30B,$0.03B,10.56%,$0.30B,$0.02B,7.26%,$0.30B,$0.02B,6.60%,$0.02B,$0.16B,12.18%,$0.02B,$0.15B,12.94%,$0.02B,$0.22B,9.01%,$0.02B,$0.16B,12.18%,$75,$19,$56,$6,$43,$69,$6,$0,$6,$1,$5,$5,$5,$9,$6,$67,69,$0.08,$0.08,$114,$3,$0,$174,$30,$0,$9,$4,$43,$217,$57,$0,$0,$0,$57,$0,$-287,$0,$160,$217,$14,$9,$14,$23,$-4,$-0,$-1,$5,$-7,$31,$-12,$0,$0,$1,$0,$1,$0,$-11,$0,$-0,$-0,$-29,$-29,$0,$-0,$-30,$-9,$13,$0
41,2008-06-30,10.49,$2.36,4.45,$4.20,2.5,$1.08,9.74,$0.34,30.85,$0.17B,$0.06B,3.02,$0.00B,$0.16B,0.0,$0.30B,$0.22B,73.91%,$0.30B,$0.02B,7.36%,$0.30B,$0.02B,7.36%,$0.30B,$0.04B,11.71%,$0.30B,$0.03B,8.70%,$0.30B,$0.02B,8.03%,$0.02B,$0.16B,14.81%,$0.02B,$0.15B,15.84%,$0.02B,$0.22B,10.93%,$0.02B,$0.16B,13.58%,$80,$20,$60,$7,$49,$76,$4,$0,$4,$0,$4,$4,$4,$7,$4,$69,70,$0.06,$0.06,$110,$3,$0,$174,$30,$0,$10,$4,$43,$217,$58,$0,$0,$0,$58,$0,$-288,$1,$159,$217,$9,$6,$9,$15,$-6,$-0,$0,$1,$-11,$14,$-9,$0,$0,$-9,$0,$-9,$0,$-18,$0,$0,$0,$-20,$-20,$0,$-0,$-20,$-25,$9,$0
42,2008-03-31,11.11,$2.54,4.37,$4.14,2.69,$1.16,9.57,$0.47,23.64,$0.19B,$0.05B,3.54,$0.00B,$0.18B,0.0,$0.30B,$0.22B,73.31%,$0.30B,$0.03B,10.47%,$0.30B,$0.03B,10.47%,$0.30B,$0.05B,15.20%,$0.30B,$0.04B,12.16%,$0.30B,$0.03B,11.49%,$0.03B,$0.18B,22.04%,$0.03B,$0.17B,23.78%,$0.03B,$0.23B,16.13%,$0.03B,$0.18B,20.10%,$75,$20,$55,$7,$43,$70,$5,$1,$6,$0,$5,$5,$5,$8,$5,$69,71,$0.08,$0.07,$132,$3,$0,$191,$28,$0,$10,$2,$40,$231,$54,$0,$0,$0,$54,$0,$-284,$1,$177,$231,$5,$3,$4,$7,$-2,$-0,$1,$2,$-9,$3,$-5,$0,$0,$20,$0,$20,$0,$15,$0,$0,$0,$6,$6,$0,$-0,$6,$25,$4,$0
43,2007-12-31,16.68,$2.35,7.1,$4.00,4.17,$1.17,14.23,$0.50,33.36,$0.19B,$0.06B,3.0,$0.00B,$0.16B,0.0,$0.29B,$0.21B,72.98%,$0.29B,$0.03B,11.58%,$0.29B,$0.03B,11.58%,$0.29B,$0.05B,16.49%,$0.29B,$0.04B,12.98%,$0.29B,$0.04B,12.63%,$0.04B,$0.16B,26.72%,$0.04B,$0.15B,29.33%,$0.04B,$0.22B,18.73%,$0.03B,$0.16B,24.49%,$73,$19,$53,$7,$42,$68,$5,$1,$6,$0,$6,$6,$6,$8,$5,$67,71,$0.08,$0.08,$128,$3,$0,$185,$25,$0,$11,$2,$38,$223,$61,$0,$0,$0,$62,$0,$-290,$1,$161,$223,$36,$13,$12,$25,$-11,$0,$3,$-0,$-8,$53,$-7,$0,$0,$-30,$0,$-30,$1,$-37,$0,$-12,$-12,$29,$29,$0,$0,$18,$34,$12,$0
44,2007-09-30,25.33,$2.20,11.51,$3.86,6.57,$0.16,155.3,$0.15,168.87,$0.17B,$0.06B,2.99,$0.00B,$0.15B,0.0,$0.27B,$0.19B,72.28%,$0.27B,$0.01B,3.75%,$0.27B,$0.01B,3.75%,$0.27B,$0.02B,8.99%,$0.27B,$0.01B,5.24%,$0.27B,$0.01B,4.87%,$0.01B,$0.15B,11.26%,$0.01B,$0.14B,12.68%,$0.01B,$0.21B,7.45%,$0.01B,$0.15B,8.66%,$71,$18,$53,$7,$38,$63,$8,$1,$10,$0,$9,$9,$9,$12,$8,$68,72,$0.14,$0.13,$110,$4,$0,$167,$26,$0,$12,$2,$40,$207,$56,$0,$0,$0,$56,$0,$-295,$1,$151,$207,$30,$10,$8,$19,$-12,$-0,$0,$2,$-13,$36,$-6,$0,$0,$-13,$0,$-13,$0,$-19,$0,$-12,$-12,$28,$28,$0,$-0,$16,$33,$9,$0
45,2007-06-30,24.16,$1.91,12.65,$3.64,6.63,$-0.43,0.0,$-0.14,0.0,$0.14B,$0.05B,2.57,$0.00B,$0.13B,0.0,$0.25B,$0.17B,70.20%,$0.25B,$-0.01B,-3.67%,$0.25B,$-0.01B,-3.67%,$0.25B,$0.00B,1.22%,$0.25B,$-0.01B,-2.45%,$0.25B,$-0.01B,-2.45%,$-0.01B,$0.13B,-5.99%,$-0.01B,$0.12B,-6.67%,$-0.01B,$0.18B,-3.70%,$-0.01B,$0.13B,-8.98%,$77,$20,$56,$7,$36,$63,$13,$1,$14,$1,$14,$14,$14,$17,$13,$67,71,$0.20,$0.19,$79,$3,$0,$138,$27,$3,$13,$2,$44,$182,$54,$0,$0,$0,$54,$0,$-305,$0,$128,$182,$21,$7,$5,$12,$-13,$-0,$1,$-0,$-19,$14,$-3,$0,$0,$-7,$0,$-7,$0,$-11,$0,$-12,$-12,$18,$18,$0,$0,$7,$10,$5,$0
46,2007-03-31,15.86,$1.50,10.55,$3.41,4.65,$-0.74,0.0,$-0.37,0.0,$0.12B,$0.06B,1.99,$0.00B,$0.10B,0.0,$0.22B,$0.15B,69.23%,$0.22B,$-0.03B,-11.31%,$0.22B,$-0.03B,-11.31%,$0.22B,$-0.02B,-6.79%,$0.22B,$-0.02B,-9.95%,$0.22B,$-0.02B,-10.41%,$-0.02B,$0.10B,-24.86%,$-0.02B,$0.09B,-27.06%,$-0.02B,$0.16B,-15.13%,$-0.03B,$0.10B,-27.03%,$64,$18,$46,$6,$35,$57,$7,$0,$7,$0,$7,$7,$7,$10,$7,$65,69,$0.11,$0.10,$66,$4,$0,$115,$26,$0,$13,$2,$42,$157,$58,$0,$0,$0,$58,$0,$-318,$0,$99,$157,$7,$3,$2,$6,$-5,$-1,$2,$-0,$-12,$1,$-2,$0,$0,$-0,$0,$-0,$0,$-2,$0,$-4,$-4,$6,$6,$0,$-0,$2,$1,$3,$0
47,2006-12-31,13.97,$1.29,10.84,$3.28,4.26,$-0.85,0.0,$-0.55,0.0,$0.11B,$0.07B,1.6,$0.00B,$0.08B,0.0,$0.21B,$0.14B,68.93%,$0.21B,$-0.04B,-17.96%,$0.21B,$-0.04B,-17.96%,$0.21B,$-0.03B,-13.59%,$0.21B,$-0.03B,-16.50%,$0.21B,$-0.04B,-16.99%,$-0.04B,$0.08B,-38.15%,$-0.04B,$0.07B,-40.11%,$-0.04B,$0.15B,-23.49%,$-0.04B,$0.08B,-40.33%,$55,$17,$38,$5,$37,$73,$-18,$1,$-17,$0,$-17,$-17,$-17,$-15,$-18,$63,63,$-0.27,$-0.27,$64,$3,$0,$108,$27,$0,$14,$2,$43,$152,$68,$0,$0,$0,$68,$0,$-325,$0,$84,$152,$-35,$10,$9,$19,$-4,$-0,$3,$-8,$2,$-14,$-10,$-14,$0,$-9,$0,$-9,$-0,$-33,$0,$12,$12,$16,$16,$0,$0,$28,$-19,$9,$0
