,Date,Stock Price,Book Value per Share,Price to Book Ratio,TTM Sales per Share,Price to Sales Ratio,TTM FCF per Share,Price to FCF Ratio,TTM Net EPS,PE Ratio,Current Assets,Current Liabilities,Current Ratio,Long Term Debt,Shareholder's Equity_x,Debt to Equity Ratio,TTM Revenue_x,TTM Gross Profit,Gross Margin,TTM Revenue_y,TTM Operating Income,Operating Margin,TTM Revenue_x,TTM EBIT,EBIT Margin,TTM Revenue_y,TTM EBITDA,EBITDA Margin,TTM Revenue_x,TTM Pre-Tax Income,Pre-Tax Margin,TTM Revenue_y,TTM Net Income_x,Net Margin,TTM Net Income_y,Shareholder's Equity_y,Return on Equity,TTM Net Income_x,Tangible Equity,Return on Tangible Equity,TTM Net Income_y,Total Assets,Return on Assets,TTM Net Income,LT Investments & Debt,Return on Investment,revenue,cost-goods-sold,gross-profit,research-development-expenses,selling-general-administrative-expenses,operating-expenses,operating-income,total-non-operating-income-expense,pre-tax-income,total-provision-income-taxes,income-after-taxes,income-from-continuous-operations,net-income,ebitda,ebit,basic-shares-outstanding,shares-outstanding,eps-basic-net-earnings-per-share,eps-earnings-per-share-diluted,cash-on-hand,inventory,other-current-assets,total-current-assets,net-property-plant-equipment,long-term-investments,goodwill-intangible-assets-total,other-long-term-assets,total-long-term-assets,total-assets,total-current-liabilities,long-term-debt,other-non-current-liabilities,total-long-term-liabilities,total-liabilities,common-stock-net,retained-earnings-accumulated-deficit,comprehensive-income,total-share-holder-equity,total-liabilities-share-holders-equity,net-income-loss,total-depreciation-amortization-cash-flow,other-non-cash-items,total-non-cash-items,change-in-accounts-receivable,change-in-inventories,change-in-accounts-payable,change-in-assets-liabilities,total-change-in-assets-liabilities,cash-flow-from-operating-activities,net-change-in-property-plant-equipment,net-change-in-intangible-assets,net-acquisitions-divestitures,net-change-in-short-term-investments,net-change-in-long-term-investments,net-change-in-investments-total,investing-activities-other,cash-flow-from-investing-activities,net-long-term-debt,net-current-debt,debt-issuance-retirement-net-total,net-common-equity-issued-repurchased,net-total-equity-issued-repurchased,total-common-preferred-stock-dividends-paid,financial-activities-other,cash-flow-from-financial-activities,net-cash-flow,stock-based-compensation,common-stock-dividends-paid
0,2018-09-30,126.8,$40.41,3.14,$101.88,1.24,$2.53,50.17,$12.59,10.07,$0.53B,$1.01B,0.53,$0.66B,$0.65B,1.01,$1.63B,$0.53B,32.33%,$1.63B,$0.20B,12.48%,$1.63B,$0.20B,12.48%,$1.63B,$0.33B,20.10%,$1.63B,$0.16B,9.83%,$1.63B,$0.20B,12.11%,$0.20B,$0.65B,32.15%,$0.20B,$0.65B,32.15%,$0.20B,$2.48B,8.50%,$0.20B,$1.31B,13.45%,$393,$287,$106,$0,$17,$367,$26,$-12,$14,$-1,$15,$15,$15,$60,$26,$16,16,$0.94,$0.94,$446,$24,$0,$534,$1817,$53,$0,$32,$1947,$2480,$1014,$658,$14,$813,$1827,$0,$995,$-1,$653,$2480,$120,$93,$13,$106,$38,$0,$-2,$22,$64,$290,$-274,$0,$0,$92,$0,$92,$-5,$-187,$20,$0,$20,$-4,$-4,$-34,$5,$-13,$90,$11,$-34
1,2018-06-30,138.24,$39.89,3.47,$99.33,1.39,$-0.48,0.0,$13.04,10.6,$0.47B,$0.53B,0.87,$0.99B,$0.65B,1.54,$1.58B,$0.53B,33.71%,$1.58B,$0.22B,13.95%,$1.58B,$0.22B,13.95%,$1.58B,$0.34B,21.59%,$1.58B,$0.18B,11.49%,$1.58B,$0.21B,12.94%,$0.21B,$0.65B,36.09%,$0.21B,$0.65B,36.09%,$0.21B,$2.33B,9.36%,$0.22B,$1.64B,14.62%,$437,$290,$146,$0,$18,$363,$74,$-11,$63,$13,$50,$50,$50,$104,$74,$16,16,$3.10,$3.10,$385,$20,$1,$465,$1747,$56,$0,$20,$1860,$2326,$533,$992,$11,$1148,$1681,$0,$991,$-2,$645,$2326,$105,$59,$23,$81,$47,$0,$8,$21,$97,$283,$-187,$0,$0,$30,$0,$30,$-1,$-159,$-132,$0,$-132,$-3,$-3,$-23,$4,$-153,$-28,$6,$-23
2,2018-03-31,170.92,$37.14,4.6,$96.71,1.77,$-1.52,0.0,$12.88,13.27,$0.52B,$0.56B,0.92,$0.99B,$0.60B,1.64,$1.55B,$0.54B,34.99%,$1.55B,$0.23B,15.04%,$1.55B,$0.23B,15.04%,$1.55B,$0.35B,22.85%,$1.55B,$0.20B,12.78%,$1.55B,$0.20B,13.17%,$0.20B,$0.60B,39.12%,$0.20B,$0.60B,39.12%,$0.20B,$2.29B,9.86%,$0.23B,$1.59B,16.56%,$425,$276,$150,$0,$19,$345,$80,$-11,$69,$14,$55,$55,$54,$109,$80,$16,16,$3.43,$3.42,$404,$18,$2,$517,$1636,$86,$0,$17,$1772,$2289,$561,$985,$12,$1128,$1689,$0,$952,$-4,$600,$2289,$55,$29,$13,$41,$7,$0,$10,$46,$77,$173,$-69,$0,$0,$3,$0,$3,$1,$-65,$-103,$0,$-103,$-2,$-2,$-11,$1,$-115,$-7,$4,$-11
3,2017-12-31,152.64,$34.44,4.43,$93.11,1.64,$-2.68,0.0,$11.96,12.76,$0.54B,$0.54B,0.99,$0.95B,$0.55B,1.72,$1.50B,$0.53B,35.17%,$1.50B,$0.23B,15.09%,$1.50B,$0.23B,15.09%,$1.50B,$0.35B,23.27%,$1.50B,$0.20B,13.03%,$1.50B,$0.19B,12.77%,$0.19B,$0.55B,38.61%,$0.19B,$0.55B,38.61%,$0.19B,$2.18B,9.93%,$0.23B,$1.50B,17.26%,$372,$248,$124,$0,$12,$348,$23,$-10,$14,$-67,$80,$80,$78,$54,$23,$16,16,$4.97,$4.97,$423,$18,$5,$541,$1512,$79,$0,$17,$1639,$2180,$544,$950,$13,$1083,$1627,$0,$908,$-3,$553,$2180,$195,$123,$85,$208,$-31,$0,$5,$5,$-12,$391,$-568,$0,$0,$-43,$0,$-43,$-7,$-619,$359,$0,$359,$-90,$-90,$-46,$-0,$222,$-5,$14,$-46
4,2017-09-30,129.25,$29.47,4.39,$90.39,1.43,$17.26,7.49,$9.31,13.88,$0.52B,$0.49B,1.05,$0.85B,$0.47B,1.79,$1.47B,$0.53B,36.04%,$1.47B,$0.27B,18.53%,$1.47B,$0.27B,18.53%,$1.47B,$0.39B,26.84%,$1.47B,$0.24B,16.62%,$1.47B,$0.15B,10.49%,$0.15B,$0.47B,32.25%,$0.15B,$0.47B,32.25%,$0.15B,$1.97B,8.52%,$0.27B,$1.32B,21.96%,$350,$236,$114,$0,$14,$306,$44,$-8,$36,$13,$23,$23,$23,$75,$44,$16,16,$1.45,$1.45,$443,$20,$7,$518,$1332,$77,$0,$12,$1448,$1966,$494,$846,$13,$998,$1492,$0,$831,$-2,$474,$1966,$115,$93,$67,$160,$18,$0,$4,$17,$27,$302,$-334,$0,$0,$-34,$0,$-34,$1,$-366,$205,$0,$205,$-90,$-90,$-34,$-0,$79,$15,$11,$-34
5,2017-06-30,132.32,$28.59,4.63,$88.64,1.49,$21.94,6.03,$10.67,12.4,$0.43B,$0.48B,0.88,$0.76B,$0.46B,1.66,$1.45B,$0.55B,37.70%,$1.45B,$0.31B,21.02%,$1.45B,$0.31B,21.02%,$1.45B,$0.42B,29.08%,$1.45B,$0.28B,19.23%,$1.45B,$0.18B,12.13%,$0.18B,$0.46B,37.49%,$0.18B,$0.46B,37.49%,$0.18B,$1.84B,10.36%,$0.31B,$1.22B,26.30%,$402,$248,$154,$0,$13,$316,$86,$-7,$79,$30,$49,$49,$49,$116,$86,$16,16,$2.98,$2.97,$355,$18,$5,$427,$1213,$160,$0,$12,$1413,$1840,$483,$761,$9,$897,$1381,$0,$820,$-1,$459,$1840,$91,$61,$52,$113,$17,$0,$2,$29,$58,$263,$-182,$0,$0,$-89,$0,$-89,$1,$-270,$70,$0,$70,$-85,$-85,$-23,$0,$-38,$-45,$7,$-23
6,2017-03-31,155.6,$30.24,5.15,$84.84,1.83,$26.15,5.95,$11.41,13.64,$0.43B,$0.44B,0.96,$0.72B,$0.50B,1.42,$1.39B,$0.55B,39.17%,$1.39B,$0.32B,23.17%,$1.39B,$0.32B,23.17%,$1.39B,$0.44B,31.28%,$1.39B,$0.30B,21.38%,$1.39B,$0.19B,13.41%,$0.19B,$0.50B,40.96%,$0.19B,$0.50B,40.96%,$0.19B,$1.75B,11.68%,$0.32B,$1.22B,29.53%,$380,$243,$137,$0,$13,$306,$74,$-7,$67,$25,$42,$42,$42,$105,$74,$16,16,$2.54,$2.54,$365,$16,$3,$426,$1121,$173,$0,$12,$1324,$1750,$444,$715,$9,$802,$1247,$0,$783,$-1,$503,$1750,$42,$31,$9,$40,$23,$0,$9,$43,$65,$147,$-59,$0,$0,$-67,$0,$-67,$0,$-125,$-4,$0,$-4,$-5,$-5,$-12,$-1,$-22,$-0,$4,$-12
7,2016-12-31,160.93,$28.47,5.65,$82.55,1.95,$26.10,6.17,$13.20,12.19,$0.42B,$0.39B,1.07,$0.72B,$0.47B,1.53,$1.36B,$0.58B,42.33%,$1.36B,$0.37B,27.15%,$1.36B,$0.37B,27.15%,$1.36B,$0.48B,35.00%,$1.36B,$0.35B,25.39%,$1.36B,$0.22B,15.92%,$0.22B,$0.47B,51.51%,$0.22B,$0.47B,51.51%,$0.22B,$1.67B,14.33%,$0.37B,$1.20B,36.18%,$336,$212,$124,$0,$4,$268,$68,$-6,$62,$21,$41,$41,$40,$98,$68,$16,16,$2.50,$2.49,$346,$17,$3,$422,$1095,$125,$0,$12,$1250,$1672,$393,$722,$8,$805,$1198,$0,$753,$-0,$474,$1672,$220,$107,$28,$135,$-18,$0,$9,$-6,$-8,$347,$-200,$0,$0,$-83,$0,$-83,$-119,$-402,$167,$0,$167,$-66,$-66,$-68,$-1,$33,$-22,$9,$-68
8,2016-09-30,127.19,$26.73,4.76,$80.51,1.58,$23.82,5.34,$14.10,9.02,$0.39B,$0.48B,0.83,$0.56B,$0.44B,1.27,$1.34B,$0.59B,44.39%,$1.34B,$0.40B,29.60%,$1.34B,$0.40B,29.60%,$1.34B,$0.50B,37.14%,$1.34B,$0.37B,27.80%,$1.34B,$0.23B,17.49%,$0.23B,$0.44B,59.96%,$0.23B,$0.44B,59.96%,$0.23B,$1.54B,16.29%,$0.40B,$1.00B,41.54%,$333,$202,$132,$0,$6,$257,$77,$-6,$71,$26,$45,$45,$45,$103,$77,$16,16,$2.76,$2.75,$332,$17,$2,$393,$1066,$65,$0,$10,$1141,$1535,$476,$561,$7,$617,$1093,$0,$724,$0,$442,$1535,$178,$77,$8,$85,$-10,$0,$4,$28,$45,$308,$-264,$0,$0,$-24,$0,$-24,$4,$-284,$57,$0,$57,$-63,$-63,$-56,$-0,$-62,$-38,$4,$-56
9,2016-06-30,145.12,$24.68,5.88,$77.96,1.86,$26.69,5.44,$13.97,10.39,$0.43B,$0.44B,0.97,$0.55B,$0.41B,1.35,$1.31B,$0.58B,44.60%,$1.31B,$0.40B,30.34%,$1.31B,$0.40B,30.34%,$1.31B,$0.50B,38.01%,$1.31B,$0.37B,28.51%,$1.31B,$0.23B,17.85%,$0.23B,$0.41B,64.14%,$0.23B,$0.41B,64.14%,$0.23B,$1.45B,16.90%,$0.40B,$0.96B,42.71%,$345,$191,$153,$0,$5,$240,$104,$-6,$98,$37,$61,$61,$60,$130,$104,$16,16,$3.68,$3.68,$372,$17,$2,$428,$937,$73,$0,$9,$1019,$1447,$441,$551,$0,$599,$1040,$0,$690,$0,$407,$1447,$133,$51,$3,$54,$-0,$0,$4,$42,$69,$256,$-105,$0,$0,$-18,$0,$-18,$4,$-119,$-11,$0,$-11,$-63,$-63,$-44,$0,$-119,$19,$3,$-44
10,2016-03-31,169.72,$21.93,7.74,$75.94,2.23,$23.29,7.29,$13.47,12.6,$0.40B,$0.42B,0.95,$0.57B,$0.36B,1.58,$1.28B,$0.57B,44.46%,$1.28B,$0.39B,30.03%,$1.28B,$0.39B,30.03%,$1.28B,$0.48B,37.75%,$1.28B,$0.36B,28.08%,$1.28B,$0.23B,17.71%,$0.23B,$0.36B,66.18%,$0.23B,$0.36B,66.18%,$0.23B,$1.41B,16.86%,$0.39B,$0.93B,42.30%,$349,$180,$168,$0,$6,$227,$121,$-6,$115,$43,$72,$72,$72,$146,$121,$17,17,$4.29,$4.29,$352,$16,$2,$401,$931,$68,$0,$5,$1004,$1405,$423,$571,$0,$619,$1042,$0,$641,$0,$362,$1405,$72,$25,$3,$28,$6,$0,$4,$47,$60,$160,$-72,$0,$0,$2,$0,$2,$4,$-66,$9,$0,$9,$-56,$-56,$-33,$-0,$-79,$15,$2,$-33
11,2015-12-31,159.69,$20.83,7.67,$74.17,2.15,$23.71,6.73,$12.92,12.36,$0.40B,$0.40B,1.02,$0.57B,$0.35B,1.62,$1.26B,$0.56B,44.14%,$1.26B,$0.37B,29.48%,$1.26B,$0.37B,29.48%,$1.26B,$0.47B,37.32%,$1.26B,$0.35B,27.42%,$1.26B,$0.22B,17.43%,$0.22B,$0.35B,66.97%,$0.22B,$0.35B,66.97%,$0.22B,$1.36B,16.67%,$0.37B,$0.92B,41.72%,$311,$170,$141,$0,$4,$217,$94,$-6,$88,$32,$57,$57,$57,$118,$94,$17,17,$3.40,$3.40,$343,$16,$3,$402,$886,$65,$0,$6,$956,$1358,$395,$568,$0,$613,$1008,$0,$574,$1,$350,$1358,$220,$99,$22,$121,$-2,$0,$-6,$17,$24,$365,$-253,$0,$0,$16,$0,$16,$2,$-234,$53,$0,$53,$-129,$-129,$-62,$5,$-134,$-2,$10,$-62
12,2015-09-30,203.52,$19.84,10.26,$71.53,2.85,$16.53,12.31,$9.81,20.75,$0.40B,$0.36B,1.13,$0.57B,$0.33B,1.7,$1.23B,$0.52B,42.36%,$1.23B,$0.29B,23.82%,$1.23B,$0.29B,23.82%,$1.23B,$0.40B,32.11%,$1.23B,$0.27B,21.63%,$1.23B,$0.17B,13.66%,$0.17B,$0.33B,53.42%,$0.17B,$0.33B,53.42%,$0.17B,$1.30B,13.04%,$0.29B,$0.90B,33.69%,$300,$180,$120,$0,$4,$223,$77,$-6,$71,$26,$44,$44,$44,$102,$77,$17,17,$2.63,$2.62,$339,$17,$3,$403,$833,$63,$0,$5,$900,$1304,$358,$566,$0,$612,$970,$0,$550,$2,$334,$1304,$164,$75,$14,$88,$-1,$0,$-2,$21,$16,$268,$-174,$0,$0,$20,$0,$20,$1,$-153,$47,$0,$47,$-121,$-121,$-57,$6,$-126,$-11,$11,$-57
13,2015-06-30,167.19,$19.21,8.7,$68.71,2.43,$11.37,14.7,$7.99,20.93,$0.45B,$0.38B,1.18,$0.56B,$0.33B,1.72,$1.20B,$0.47B,39.67%,$1.20B,$0.25B,20.50%,$1.20B,$0.25B,20.50%,$1.20B,$0.34B,28.37%,$1.20B,$0.22B,18.16%,$1.20B,$0.14B,11.55%,$0.14B,$0.33B,43.64%,$0.14B,$0.33B,43.64%,$0.14B,$1.32B,10.78%,$0.25B,$0.89B,28.20%,$322,$182,$141,$0,$6,$229,$93,$-6,$86,$32,$54,$54,$54,$118,$93,$17,17,$3.19,$3.18,$389,$15,$3,$453,$819,$37,$0,$8,$865,$1317,$384,$562,$0,$607,$991,$0,$510,$2,$326,$1317,$119,$50,$8,$58,$0,$0,$1,$38,$53,$231,$-132,$0,$0,$6,$0,$6,$-0,$-127,$35,$0,$35,$-83,$-83,$-52,$1,$-100,$4,$6,$-52
14,2015-03-31,180.46,$17.70,10.19,$66.02,2.73,$7.39,24.41,$6.67,27.06,$0.48B,$0.39B,1.21,$0.56B,$0.30B,1.83,$1.16B,$0.43B,36.77%,$1.16B,$0.21B,17.87%,$1.16B,$0.21B,17.87%,$1.16B,$0.30B,25.77%,$1.16B,$0.18B,15.81%,$1.16B,$0.12B,10.05%,$0.12B,$0.30B,35.54%,$0.12B,$0.30B,35.54%,$0.12B,$1.30B,9.14%,$0.21B,$0.86B,23.56%,$329,$174,$155,$0,$7,$221,$108,$-7,$101,$37,$65,$65,$65,$133,$108,$17,17,$3.75,$3.74,$414,$16,$1,$477,$775,$37,$0,$9,$822,$1299,$394,$557,$0,$601,$995,$0,$456,$2,$304,$1299,$65,$25,$9,$33,$0,$0,$5,$48,$65,$163,$-64,$0,$0,$-3,$0,$-3,$0,$-67,$24,$0,$24,$-55,$-55,$-48,$0,$-79,$17,$5,$-48
15,2014-12-31,140.9,$16.89,8.34,$63.50,2.22,$6.94,20.31,$4.79,29.41,$0.43B,$0.36B,1.2,$0.54B,$0.29B,1.82,$1.14B,$0.37B,32.34%,$1.14B,$0.16B,13.80%,$1.14B,$0.16B,13.80%,$1.14B,$0.24B,21.35%,$1.14B,$0.14B,12.04%,$1.14B,$0.09B,7.56%,$0.09B,$0.29B,25.37%,$0.09B,$0.29B,25.37%,$0.09B,$1.24B,7.28%,$0.16B,$0.83B,19.48%,$279,$174,$105,$0,$6,$264,$15,$-7,$8,$3,$5,$5,$5,$42,$15,$18,18,$0.33,$0.34,$371,$17,$0,$434,$739,$57,$0,$5,$801,$1235,$362,$536,$0,$579,$941,$0,$396,$1,$294,$1235,$86,$86,$58,$143,$5,$0,$1,$25,$40,$270,$-279,$0,$0,$-37,$0,$-37,$1,$-315,$217,$0,$217,$-139,$-139,$-42,$2,$37,$-8,$17,$-42
16,2014-09-30,113.9,$19.52,5.84,$60.33,1.89,$8.50,13.4,$5.46,20.86,$0.44B,$0.33B,1.35,$0.55B,$0.34B,1.63,$1.10B,$0.33B,30.08%,$1.10B,$0.17B,15.68%,$1.10B,$0.17B,15.68%,$1.10B,$0.25B,22.70%,$1.10B,$0.16B,14.31%,$1.10B,$0.10B,8.93%,$0.10B,$0.34B,27.24%,$0.10B,$0.34B,27.24%,$0.10B,$1.27B,8.87%,$0.17B,$0.90B,23.05%,$265,$192,$73,$0,$8,$236,$29,$-7,$22,$8,$14,$14,$14,$46,$29,$18,18,$0.80,$0.80,$376,$16,$4,$440,$717,$101,$0,$12,$830,$1270,$326,$554,$0,$603,$929,$0,$435,$1,$341,$1270,$82,$58,$17,$75,$0,$0,$6,$24,$39,$195,$-188,$0,$0,$-82,$0,$-82,$1,$-269,$230,$0,$230,$-129,$-129,$-42,$4,$62,$-12,$14,$-42
17,2014-06-30,108.48,$21.11,5.14,$57.54,1.89,$7.53,14.4,$5.57,19.48,$0.63B,$0.32B,2.01,$0.57B,$0.38B,1.5,$1.06B,$0.32B,30.07%,$1.06B,$0.17B,16.21%,$1.06B,$0.17B,16.21%,$1.06B,$0.25B,23.47%,$1.06B,$0.16B,15.36%,$1.06B,$0.10B,9.52%,$0.10B,$0.38B,26.90%,$0.10B,$0.38B,26.90%,$0.10B,$1.32B,10.11%,$0.17B,$0.95B,25.87%,$291,$195,$95,$0,$7,$234,$56,$-3,$53,$20,$33,$33,$33,$79,$56,$18,18,$1.87,$1.86,$560,$19,$4,$634,$667,$4,$0,$12,$683,$1317,$315,$568,$0,$624,$939,$0,$421,$0,$378,$1317,$67,$41,$14,$55,$-4,$0,$4,$18,$24,$147,$-115,$0,$0,$77,$0,$77,$2,$-37,$243,$0,$243,$-73,$-73,$-42,$-1,$127,$238,$4,$-42
18,2014-03-31,103.1,$19.15,5.38,$54.71,1.88,$9.12,11.31,$5.05,20.42,$0.43B,$0.30B,1.41,$0.21B,$0.34B,0.61,$1.03B,$0.30B,29.34%,$1.03B,$0.16B,15.50%,$1.03B,$0.16B,15.50%,$1.03B,$0.23B,22.51%,$1.03B,$0.15B,14.72%,$1.03B,$0.09B,9.16%,$0.09B,$0.34B,24.16%,$0.09B,$0.34B,24.16%,$0.09B,$0.90B,10.62%,$0.16B,$0.55B,27.92%,$303,$208,$95,$0,$8,$245,$57,$-3,$54,$20,$34,$34,$34,$76,$57,$18,18,$1.87,$1.86,$356,$18,$1,$427,$443,$23,$0,$11,$477,$904,$303,$209,$0,$258,$561,$0,$387,$-0,$343,$904,$34,$19,$5,$23,$0,$0,$7,$38,$50,$107,$-11,$0,$0,$14,$0,$14,$-1,$2,$-5,$0,$-5,$-71,$-71,$-42,$1,$-117,$-8,$2,$-42
19,2013-12-31,97.12,$20.35,4.77,$52.34,1.86,$8.78,11.06,$4.84,20.07,$0.43B,$0.29B,1.48,$0.21B,$0.38B,0.57,$1.00B,$0.29B,29.32%,$1.00B,$0.15B,15.46%,$1.00B,$0.15B,15.46%,$1.00B,$0.22B,22.49%,$1.00B,$0.15B,14.76%,$1.00B,$0.09B,9.24%,$0.09B,$0.38B,22.65%,$0.09B,$0.38B,22.65%,$0.09B,$0.93B,10.53%,$0.15B,$0.59B,27.09%,$238,$172,$67,$0,$6,$208,$30,$-3,$28,$11,$17,$17,$17,$48,$30,$19,19,$0.93,$0.92,$362,$19,$1,$430,$452,$38,$0,$11,$500,$930,$291,$214,$0,$262,$553,$0,$353,$-0,$377,$930,$92,$70,$15,$85,$2,$0,$3,$12,$20,$197,$-178,$0,$0,$-26,$0,$-26,$11,$-193,$83,$0,$83,$-82,$-82,$0,$2,$4,$8,$10,$0
20,2013-09-30,94.99,$21.75,4.37,$51.39,1.85,$11.57,8.21,$4.66,20.38,$0.36B,$0.23B,1.57,$0.17B,$0.40B,0.41,$0.98B,$0.28B,28.85%,$0.98B,$0.15B,15.19%,$0.98B,$0.15B,15.19%,$0.98B,$0.22B,22.22%,$0.98B,$0.14B,14.48%,$0.98B,$0.09B,9.17%,$0.09B,$0.40B,21.82%,$0.09B,$0.40B,21.82%,$0.09B,$0.84B,10.70%,$0.15B,$0.57B,26.80%,$229,$167,$62,$0,$5,$200,$29,$-2,$28,$11,$17,$17,$17,$46,$29,$19,19,$0.91,$0.91,$297,$21,$1,$359,$456,$25,$0,$4,$485,$844,$228,$166,$0,$212,$440,$0,$377,$0,$404,$844,$75,$52,$11,$63,$2,$-3,$-1,$14,$13,$150,$-161,$0,$0,$-7,$-2,$-10,$10,$-161,$29,$0,$29,$-78,$-78,$0,$3,$-46,$-57,$8,$0
21,2013-06-30,95.56,$22.70,4.21,$50.44,1.89,$14.23,6.72,$4.63,20.64,$0.43B,$0.25B,1.74,$0.13B,$0.43B,0.31,$0.97B,$0.28B,28.69%,$0.97B,$0.15B,15.38%,$0.97B,$0.15B,15.38%,$0.97B,$0.22B,22.39%,$0.97B,$0.14B,14.55%,$0.97B,$0.09B,9.29%,$0.09B,$0.43B,21.56%,$0.09B,$0.43B,21.56%,$0.09B,$0.86B,10.78%,$0.15B,$0.57B,26.85%,$256,$179,$77,$0,$5,$213,$43,$-2,$41,$15,$26,$26,$26,$61,$43,$19,19,$1.35,$1.34,$369,$18,$4,$431,$390,$36,$0,$5,$431,$863,$248,$133,$0,$183,$430,$0,$360,$-0,$432,$863,$58,$35,$10,$45,$2,$0,$4,$26,$38,$141,$-77,$0,$0,$-42,$-1,$-43,$10,$-109,$-6,$0,$-6,$-32,$-32,$0,$3,$-35,$-3,$5,$0
22,2013-03-31,80.04,$21.56,3.71,$48.98,1.63,$13.74,5.82,$4.59,17.44,$0.48B,$0.26B,1.83,$0.14B,$0.41B,0.33,$0.94B,$0.27B,28.60%,$0.94B,$0.15B,15.68%,$0.94B,$0.15B,15.68%,$0.94B,$0.21B,22.35%,$0.94B,$0.14B,14.83%,$0.94B,$0.09B,9.43%,$0.09B,$0.41B,21.69%,$0.09B,$0.41B,21.69%,$0.09B,$0.86B,10.79%,$0.15B,$0.55B,26.87%,$273,$187,$86,$0,$6,$221,$52,$-2,$50,$19,$32,$32,$32,$69,$52,$19,19,$1.66,$1.65,$413,$16,$4,$475,$346,$33,$0,$5,$385,$859,$260,$136,$0,$187,$447,$0,$334,$-0,$412,$859,$32,$17,$7,$24,$4,$3,$5,$34,$52,$108,$-13,$0,$0,$-52,$-1,$-53,$10,$-55,$-3,$0,$-3,$-23,$-23,$0,$1,$-25,$27,$2,$0
23,2012-12-31,66.18,$20.78,3.19,$47.16,1.4,$11.48,5.77,$4.07,16.26,$0.42B,$0.21B,1.97,$0.14B,$0.40B,0.35,$0.91B,$0.25B,26.95%,$0.91B,$0.13B,14.52%,$0.91B,$0.13B,14.52%,$0.91B,$0.19B,20.90%,$0.91B,$0.13B,13.75%,$0.91B,$0.08B,8.69%,$0.08B,$0.40B,19.70%,$0.08B,$0.40B,19.70%,$0.08B,$0.80B,9.77%,$0.13B,$0.54B,24.38%,$223,$165,$58,$0,$4,$197,$25,$-2,$23,$9,$15,$15,$15,$42,$25,$19,19,$0.78,$0.77,$339,$18,$14,$415,$351,$26,$0,$6,$383,$798,$211,$139,$0,$186,$396,$0,$302,$-0,$402,$798,$78,$58,$12,$70,$-6,$-4,$1,$35,$28,$177,$-103,$0,$0,$-94,$-0,$-94,$-11,$-209,$5,$0,$5,$3,$3,$-39,$2,$-29,$-61,$4,$-39
24,2012-09-30,55.61,$22.01,2.53,$45.74,1.22,$9.99,5.57,$3.87,14.37,$0.44B,$0.21B,2.07,$0.14B,$0.42B,0.34,$0.88B,$0.23B,26.14%,$0.88B,$0.13B,14.43%,$0.88B,$0.13B,14.43%,$0.88B,$0.18B,20.45%,$0.88B,$0.12B,13.64%,$0.88B,$0.08B,8.52%,$0.08B,$0.42B,19.31%,$0.08B,$0.42B,19.31%,$0.08B,$0.82B,9.55%,$0.13B,$0.57B,24.02%,$217,$160,$57,$0,$4,$188,$29,$-2,$27,$10,$17,$17,$17,$45,$29,$19,19,$0.88,$0.87,$372,$19,$4,$436,$354,$20,$0,$12,$385,$821,$210,$142,$0,$186,$397,$0,$326,$0,$424,$821,$64,$41,$9,$51,$-4,$-5,$8,$14,$14,$129,$-88,$0,$0,$-46,$-3,$-49,$3,$-134,$8,$0,$8,$4,$4,$0,$1,$12,$6,$3,$0
25,2012-06-30,61.15,$20.95,2.92,$44.52,1.37,$9.52,6.43,$3.48,17.57,$0.45B,$0.23B,1.91,$0.15B,$0.40B,0.36,$0.86B,$0.21B,24.80%,$0.86B,$0.12B,13.45%,$0.86B,$0.12B,13.45%,$0.86B,$0.16B,19.06%,$0.86B,$0.11B,12.63%,$0.86B,$0.07B,7.84%,$0.07B,$0.40B,18.24%,$0.07B,$0.40B,18.24%,$0.07B,$0.82B,8.90%,$0.12B,$0.55B,22.68%,$231,$162,$69,$0,$5,$189,$42,$-2,$40,$15,$25,$25,$25,$55,$42,$19,19,$1.31,$1.30,$386,$14,$5,$447,$342,$20,$0,$11,$374,$821,$234,$145,$0,$184,$418,$0,$309,$-0,$403,$821,$47,$25,$3,$28,$-1,$0,$7,$29,$42,$117,$-61,$0,$0,$-50,$-0,$-51,$2,$-109,$10,$0,$10,$2,$2,$0,$1,$13,$20,$2,$0
26,2012-03-31,47.83,$19.54,2.45,$43.02,1.11,$9.40,5.09,$2.80,17.08,$0.43B,$0.24B,1.77,$0.14B,$0.38B,0.36,$0.82B,$0.19B,23.06%,$0.82B,$0.09B,11.41%,$0.82B,$0.09B,11.41%,$0.82B,$0.14B,16.87%,$0.82B,$0.09B,10.56%,$0.82B,$0.05B,6.55%,$0.05B,$0.38B,15.49%,$0.05B,$0.38B,15.49%,$0.05B,$0.79B,7.47%,$0.09B,$0.51B,19.34%,$238,$177,$61,$0,$5,$202,$36,$-2,$35,$13,$22,$22,$22,$48,$36,$19,19,$1.13,$1.12,$366,$15,$4,$431,$328,$22,$0,$13,$362,$793,$244,$136,$0,$175,$419,$0,$284,$-0,$375,$793,$22,$12,$0,$12,$-1,$-1,$7,$31,$49,$83,$-32,$0,$0,$-61,$-1,$-62,$1,$-93,$-2,$0,$-2,$-0,$-0,$0,$1,$-1,$-11,$1,$0
27,2011-12-31,46.81,$18.42,2.54,$40.75,1.15,$8.79,5.33,$2.56,18.29,$0.38B,$0.18B,2.12,$0.14B,$0.35B,0.39,$0.78B,$0.18B,22.98%,$0.78B,$0.09B,11.04%,$0.78B,$0.09B,11.04%,$0.78B,$0.13B,16.56%,$0.78B,$0.08B,10.14%,$0.78B,$0.05B,6.29%,$0.05B,$0.35B,14.68%,$0.05B,$0.35B,14.68%,$0.05B,$0.71B,7.01%,$0.09B,$0.49B,18.24%,$194,$151,$43,$0,$4,$174,$20,$-2,$18,$8,$11,$11,$11,$32,$20,$19,19,$0.56,$0.57,$320,$15,$5,$376,$308,$16,$0,$7,$330,$707,$178,$138,$0,$178,$355,$0,$262,$-0,$352,$707,$49,$42,$23,$66,$-5,$-1,$3,$19,$15,$130,$-86,$0,$0,$-132,$0,$-132,$9,$-208,$118,$0,$118,$-0,$-0,$0,$-2,$116,$37,$5,$0
28,2011-09-30,41.36,$17.79,2.33,$38.85,1.06,$6.47,6.4,$2.64,15.67,$0.35B,$0.18B,1.95,$0.14B,$0.34B,0.41,$0.75B,$0.18B,23.83%,$0.75B,$0.09B,11.65%,$0.75B,$0.09B,11.65%,$0.75B,$0.13B,17.00%,$0.75B,$0.08B,10.98%,$0.75B,$0.05B,6.69%,$0.05B,$0.34B,15.61%,$0.05B,$0.34B,15.61%,$0.05B,$0.69B,7.72%,$0.09B,$0.48B,20.41%,$192,$152,$39,$0,$5,$175,$17,$-2,$15,$5,$9,$9,$9,$28,$17,$19,19,$0.50,$0.49,$299,$14,$4,$353,$302,$26,$0,$9,$337,$690,$181,$140,$0,$170,$351,$0,$252,$-0,$339,$690,$39,$31,$12,$43,$-1,$-1,$14,$13,$18,$99,$-68,$0,$0,$-179,$-2,$-181,$7,$-243,$120,$0,$120,$-0,$-0,$0,$-2,$117,$-26,$4,$0
29,2011-06-30,43.44,$17.23,2.52,$37.20,1.17,$3.24,13.42,$2.82,15.4,$0.39B,$0.21B,1.9,$0.14B,$0.33B,0.42,$0.72B,$0.18B,24.76%,$0.72B,$0.09B,12.38%,$0.72B,$0.09B,12.38%,$0.72B,$0.13B,17.66%,$0.72B,$0.09B,11.96%,$0.72B,$0.05B,7.51%,$0.05B,$0.33B,17.62%,$0.05B,$0.33B,17.62%,$0.05B,$0.70B,9.05%,$0.09B,$0.46B,23.30%,$200,$153,$47,$0,$5,$180,$21,$-2,$19,$7,$12,$12,$12,$31,$21,$19,19,$0.63,$0.62,$338,$17,$2,$392,$294,$5,$0,$11,$310,$702,$206,$136,$0,$167,$374,$0,$242,$0,$328,$702,$29,$20,$12,$32,$-2,$-4,$15,$39,$43,$104,$-51,$0,$0,$-108,$-3,$-111,$6,$-157,$114,$0,$114,$-1,$-1,$0,$-2,$111,$59,$2,$0
30,2011-03-31,38.45,$16.58,2.32,$35.07,1.1,$-0.04,0.0,$3.07,12.52,$0.38B,$0.21B,1.81,$0.14B,$0.32B,0.44,$0.69B,$0.18B,26.20%,$0.69B,$0.10B,13.97%,$0.69B,$0.10B,13.97%,$0.69B,$0.13B,19.21%,$0.69B,$0.10B,13.83%,$0.69B,$0.06B,8.73%,$0.06B,$0.32B,19.87%,$0.06B,$0.32B,19.87%,$0.06B,$0.70B,10.85%,$0.10B,$0.45B,27.67%,$193,$143,$50,$0,$5,$165,$28,$-1,$27,$10,$17,$17,$17,$38,$28,$19,19,$0.90,$0.89,$327,$16,$2,$384,$298,$2,$0,$13,$313,$697,$212,$138,$0,$169,$382,$0,$230,$-0,$316,$697,$17,$10,$8,$17,$-1,$-3,$11,$45,$45,$80,$-40,$0,$0,$-153,$0,$-153,$3,$-190,$116,$0,$116,$-0,$-0,$0,$-2,$113,$3,$1,$0
31,2010-12-31,43.21,$15.67,2.76,$33.34,1.3,$-0.87,0.0,$3.30,13.09,$0.22B,$0.17B,1.3,$0.01B,$0.30B,0.04,$0.66B,$0.19B,28.16%,$0.66B,$0.10B,15.66%,$0.66B,$0.10B,15.66%,$0.66B,$0.14B,20.93%,$0.66B,$0.10B,15.66%,$0.66B,$0.07B,9.94%,$0.07B,$0.30B,21.87%,$0.07B,$0.30B,21.87%,$0.07B,$0.50B,12.77%,$0.10B,$0.31B,32.81%,$162,$120,$42,$0,$4,$141,$21,$-0,$21,$8,$12,$12,$12,$30,$21,$19,20,$0.66,$0.66,$169,$13,$3,$217,$267,$3,$0,$14,$285,$501,$167,$12,$0,$37,$204,$0,$213,$-0,$298,$501,$66,$35,$5,$40,$-0,$-2,$5,$-10,$-8,$98,$-98,$0,$0,$104,$-1,$104,$1,$7,$-18,$0,$-18,$-51,$-51,$-15,$2,$-82,$23,$4,$-15
32,2010-09-30,37.14,$17.18,2.16,$31.74,1.17,$4.06,9.15,$3.18,11.68,$0.21B,$0.15B,1.35,$0.02B,$0.28B,0.06,$0.64B,$0.18B,28.73%,$0.64B,$0.10B,15.86%,$0.64B,$0.10B,15.86%,$0.64B,$0.14B,21.19%,$0.64B,$0.10B,15.70%,$0.64B,$0.07B,10.20%,$0.07B,$0.28B,21.65%,$0.07B,$0.28B,21.65%,$0.07B,$0.49B,12.58%,$0.10B,$0.30B,31.74%,$164,$124,$39,$0,$4,$144,$19,$-0,$19,$6,$13,$13,$13,$28,$19,$19,20,$0.68,$0.67,$149,$14,$3,$208,$259,$3,$0,$16,$278,$486,$154,$18,$0,$47,$202,$0,$201,$-0,$284,$486,$53,$26,$7,$33,$-0,$-3,$4,$-25,$-36,$51,$-82,$0,$0,$122,$-1,$121,$3,$42,$-12,$0,$-12,$-51,$-51,$-15,$1,$-76,$16,$3,$-15
33,2010-06-30,37.47,$15.56,2.41,$29.99,1.25,$9.82,3.82,$3.19,11.74,$0.26B,$0.18B,1.44,$0.01B,$0.31B,0.05,$0.61B,$0.18B,30.36%,$0.61B,$0.10B,17.16%,$0.61B,$0.10B,17.16%,$0.61B,$0.14B,22.61%,$0.61B,$0.10B,16.83%,$0.61B,$0.07B,10.89%,$0.07B,$0.31B,22.04%,$0.07B,$0.31B,22.04%,$0.07B,$0.53B,12.77%,$0.10B,$0.32B,32.47%,$168,$120,$49,$0,$4,$140,$28,$-0,$28,$10,$18,$18,$18,$36,$28,$20,20,$0.88,$0.87,$206,$14,$2,$259,$249,$2,$0,$19,$270,$529,$181,$14,$0,$38,$219,$0,$187,$-0,$310,$529,$40,$17,$1,$18,$-1,$-4,$6,$2,$-5,$53,$-63,$0,$0,$110,$-0,$109,$0,$46,$-12,$0,$-12,$-10,$-10,$-15,$1,$-36,$64,$2,$-15
34,2010-03-31,50.06,$15.79,3.17,$28.92,1.73,$14.05,3.56,$3.49,14.34,$0.31B,$0.19B,1.63,$0.02B,$0.32B,0.06,$0.59B,$0.19B,32.42%,$0.59B,$0.11B,19.45%,$0.59B,$0.11B,19.45%,$0.59B,$0.15B,24.91%,$0.59B,$0.11B,19.11%,$0.59B,$0.07B,12.29%,$0.07B,$0.32B,24.81%,$0.07B,$0.32B,24.81%,$0.07B,$0.55B,14.17%,$0.11B,$0.33B,36.08%,$170,$112,$57,$0,$5,$133,$36,$-0,$36,$13,$23,$23,$23,$45,$36,$20,20,$1.14,$1.12,$269,$12,$1,$307,$239,$1,$0,$4,$244,$551,$189,$18,$0,$47,$236,$0,$185,$0,$315,$551,$23,$9,$4,$13,$0,$-1,$7,$33,$33,$69,$-44,$0,$0,$26,$0,$26,$0,$-18,$-6,$0,$-6,$-1,$-1,$0,$0,$-7,$43,$1,$0
35,2009-12-31,40.81,$14.71,2.77,$27.46,1.49,$16.55,2.47,$3.74,10.91,$0.29B,$0.16B,1.83,$0.02B,$0.29B,0.08,$0.56B,$0.19B,34.77%,$0.56B,$0.12B,21.86%,$0.56B,$0.12B,21.86%,$0.56B,$0.15B,27.24%,$0.56B,$0.12B,21.51%,$0.56B,$0.08B,13.80%,$0.08B,$0.29B,27.92%,$0.08B,$0.29B,27.92%,$0.08B,$0.50B,15.59%,$0.12B,$0.31B,39.93%,$135,$96,$38,$0,$4,$117,$18,$-1,$17,$7,$11,$11,$11,$26,$18,$20,20,$0.54,$0.54,$249,$11,$3,$290,$205,$1,$0,$4,$210,$500,$159,$22,$0,$49,$208,$0,$162,$0,$292,$500,$76,$30,$14,$43,$-2,$-4,$2,$8,$12,$132,$-32,$0,$0,$-64,$-1,$-65,$-1,$-97,$-19,$0,$-19,$-24,$-24,$0,$1,$-41,$-7,$3,$0
36,2009-09-30,32.96,$14.18,2.32,$26.80,1.23,$12.53,2.63,$4.10,8.04,$0.27B,$0.15B,1.83,$0.03B,$0.28B,0.1,$0.55B,$0.20B,36.70%,$0.55B,$0.13B,24.40%,$0.55B,$0.13B,24.40%,$0.55B,$0.16B,29.54%,$0.55B,$0.13B,24.22%,$0.55B,$0.08B,15.41%,$0.08B,$0.28B,32.15%,$0.08B,$0.28B,32.15%,$0.08B,$0.49B,17.69%,$0.13B,$0.31B,45.05%,$133,$93,$40,$0,$4,$111,$22,$-0,$21,$8,$14,$14,$14,$30,$22,$20,20,$0.69,$0.68,$242,$10,$2,$270,$209,$3,$0,$4,$217,$487,$148,$29,$0,$58,$206,$0,$152,$0,$281,$487,$66,$22,$13,$35,$-1,$-3,$3,$11,$9,$109,$-26,$0,$0,$-78,$-2,$-80,$-1,$-107,$6,$-16,$-10,$-23,$-23,$0,$1,$-32,$-30,$2,$0
37,2009-06-30,34.3,$13.67,2.51,$25.89,1.32,$7.26,4.72,$3.66,9.37,$0.28B,$0.16B,1.71,$0.03B,$0.27B,0.13,$0.53B,$0.18B,34.40%,$0.53B,$0.12B,22.50%,$0.53B,$0.12B,22.50%,$0.53B,$0.15B,27.41%,$0.53B,$0.12B,22.50%,$0.53B,$0.08B,14.18%,$0.08B,$0.27B,30.67%,$0.08B,$0.27B,30.67%,$0.08B,$0.49B,16.53%,$0.12B,$0.31B,41.98%,$148,$93,$55,$0,$4,$110,$38,$-0,$38,$14,$24,$24,$24,$45,$38,$20,20,$1.19,$1.17,$245,$11,$4,$276,$212,$2,$0,$4,$218,$494,$161,$34,$0,$60,$221,$0,$138,$1,$273,$494,$52,$14,$8,$23,$-1,$-4,$5,$18,$21,$96,$-20,$0,$0,$-61,$-1,$-62,$-1,$-84,$6,$-10,$-4,$-17,$-17,$0,$1,$-20,$-8,$2,$0
38,2009-03-31,39.33,$12.76,3.08,$25.06,1.57,$2.99,13.17,$2.62,15.01,$0.28B,$0.17B,1.6,$0.03B,$0.26B,0.13,$0.51B,$0.15B,28.65%,$0.51B,$0.09B,16.76%,$0.51B,$0.09B,16.76%,$0.51B,$0.11B,21.64%,$0.51B,$0.09B,16.57%,$0.51B,$0.05B,10.53%,$0.05B,$0.26B,23.63%,$0.05B,$0.26B,23.63%,$0.05B,$0.49B,12.39%,$0.09B,$0.29B,31.59%,$142,$81,$61,$0,$4,$98,$44,$-0,$44,$16,$28,$28,$28,$51,$44,$20,21,$1.39,$1.37,$252,$9,$1,$276,$211,$1,$0,$7,$219,$494,$172,$33,$0,$65,$237,$0,$114,$0,$257,$494,$28,$7,$13,$20,$-1,$-2,$4,$38,$40,$88,$-12,$0,$0,$-41,$-1,$-42,$-2,$-56,$-0,$-5,$-5,$-7,$-7,$0,$0,$-13,$20,$1,$0
39,2008-12-31,42.03,$11.50,3.65,$24.56,1.71,$0.99,42.36,$1.72,24.43,$0.21B,$0.13B,1.64,$0.04B,$0.23B,0.17,$0.50B,$0.12B,22.82%,$0.50B,$0.06B,11.11%,$0.50B,$0.06B,11.11%,$0.50B,$0.08B,15.67%,$0.50B,$0.06B,11.11%,$0.50B,$0.04B,7.14%,$0.04B,$0.23B,16.71%,$0.04B,$0.23B,16.71%,$0.04B,$0.42B,8.61%,$0.06B,$0.27B,21.23%,$122,$78,$44,$0,$3,$94,$29,$0,$29,$11,$18,$18,$18,$35,$29,$20,20,$0.90,$0.88,$191,$7,$2,$214,$206,$1,$0,$3,$210,$424,$131,$39,$0,$59,$190,$0,$86,$1,$234,$424,$35,$23,$8,$32,$4,$-1,$-2,$-9,$4,$72,$-53,$0,$0,$-50,$1,$-49,$1,$-101,$-12,$8,$-4,$-16,$-16,$0,$2,$-18,$-47,$2,$0
40,2008-09-30,30.56,$10.55,2.9,$23.50,1.3,$1.66,18.38,$1.07,28.56,$0.19B,$0.13B,1.46,$0.05B,$0.21B,0.22,$0.48B,$0.09B,18.84%,$0.48B,$0.03B,6.83%,$0.48B,$0.03B,6.83%,$0.48B,$0.05B,11.18%,$0.48B,$0.04B,7.25%,$0.48B,$0.02B,4.76%,$0.02B,$0.21B,10.98%,$0.02B,$0.21B,10.98%,$0.02B,$0.40B,5.56%,$0.03B,$0.26B,12.62%,$117,$95,$22,$0,$3,$109,$8,$-0,$8,$3,$5,$5,$5,$14,$8,$20,20,$0.24,$0.24,$156,$11,$2,$190,$210,$1,$0,$2,$213,$403,$130,$48,$0,$59,$189,$0,$68,$-0,$214,$403,$17,$17,$-0,$17,$0,$-5,$-5,$-4,$-8,$26,$-49,$0,$0,$22,$1,$23,$2,$-24,$14,$-12,$1,$-15,$-15,$0,$1,$-13,$-11,$1,$0
41,2008-06-30,16.09,$10.29,1.56,$21.91,0.73,$4.26,3.78,$1.17,13.75,$0.21B,$0.14B,1.46,$0.05B,$0.21B,0.26,$0.45B,$0.09B,19.91%,$0.45B,$0.04B,7.74%,$0.45B,$0.04B,7.74%,$0.45B,$0.05B,11.95%,$0.45B,$0.04B,8.41%,$0.45B,$0.03B,5.53%,$0.03B,$0.21B,12.05%,$0.03B,$0.21B,12.05%,$0.03B,$0.42B,6.09%,$0.04B,$0.26B,13.44%,$132,$112,$20,$0,$4,$127,$5,$-1,$4,$2,$3,$3,$3,$11,$5,$20,20,$0.13,$0.13,$172,$15,$2,$210,$207,$2,$0,$2,$212,$422,$144,$53,$0,$69,$214,$0,$63,$-0,$209,$422,$12,$11,$5,$16,$-3,$-9,$5,$3,$1,$30,$-41,$0,$0,$22,$-0,$22,$2,$-17,$14,$-8,$6,$-15,$-15,$0,$1,$-8,$4,$1,$0
42,2008-03-31,22.86,$10.14,2.25,$19.82,1.15,$6.63,3.45,$1.53,14.94,$0.24B,$0.15B,1.56,$0.05B,$0.21B,0.25,$0.41B,$0.10B,23.23%,$0.41B,$0.04B,10.76%,$0.41B,$0.04B,10.76%,$0.41B,$0.06B,14.91%,$0.41B,$0.05B,12.22%,$0.41B,$0.03B,7.82%,$0.03B,$0.21B,15.65%,$0.03B,$0.21B,15.65%,$0.03B,$0.42B,8.04%,$0.04B,$0.26B,17.12%,$133,$104,$29,$0,$4,$119,$14,$0,$15,$5,$10,$10,$10,$19,$14,$20,21,$0.47,$0.47,$202,$9,$1,$238,$177,$0,$0,$8,$186,$424,$153,$52,$0,$66,$219,$0,$60,$-0,$205,$424,$10,$5,$3,$8,$-6,$-3,$2,$27,$26,$44,$-8,$0,$0,$20,$2,$21,$-1,$12,$-2,$-3,$-5,$-16,$-16,$0,$1,$-20,$36,$0,$0
43,2007-12-31,27.81,$10.14,2.74,$17.55,1.58,$7.04,3.95,$1.54,18.06,$0.23B,$0.13B,1.76,$0.05B,$0.21B,0.26,$0.36B,$0.09B,25.00%,$0.36B,$0.04B,12.22%,$0.36B,$0.04B,12.22%,$0.36B,$0.06B,16.67%,$0.36B,$0.05B,14.17%,$0.36B,$0.03B,8.89%,$0.03B,$0.21B,16.49%,$0.03B,$0.21B,16.49%,$0.03B,$0.41B,8.41%,$0.04B,$0.26B,17.80%,$101,$81,$20,$0,$3,$95,$6,$1,$8,$3,$5,$5,$5,$10,$6,$20,21,$0.23,$0.22,$187,$7,$2,$225,$171,$2,$0,$7,$181,$405,$128,$54,$0,$67,$195,$0,$50,$0,$210,$405,$32,$16,$7,$23,$-2,$-3,$6,$22,$19,$74,$-42,$0,$0,$-21,$-2,$-23,$-4,$-69,$-5,$-11,$-16,$22,$22,$0,$2,$9,$14,$1,$0
44,2007-09-30,26.23,$9.92,2.65,$19.63,1.34,$6.22,4.22,$1.14,23.01,$0.22B,$0.12B,1.82,$0.05B,$0.21B,0.26,$0.32B,$0.08B,26.09%,$0.32B,$0.05B,13.98%,$0.32B,$0.10B,31.37%,$0.32B,$0.06B,18.63%,$0.32B,$0.11B,32.92%,$0.32B,$0.03B,7.76%,$0.03B,$0.21B,13.91%,$0.03B,$0.21B,13.91%,$0.03B,$0.39B,7.03%,$0.05B,$0.26B,19.23%,$86,$65,$21,$0,$3,$77,$10,$2,$11,$4,$7,$7,$7,$14,$10,$21,21,$0.34,$0.34,$186,$10,$2,$219,$159,$3,$0,$8,$170,$390,$120,$53,$0,$64,$184,$0,$46,$-0,$206,$390,$27,$12,$4,$15,$-3,$-6,$4,$29,$21,$63,$-32,$0,$0,$-1,$-3,$-4,$-5,$-41,$-3,$-8,$-11,$23,$23,$0,$2,$14,$36,$1,$0
