,Date,Stock Price,Book Value per Share,Price to Book Ratio,TTM Sales per Share,Price to Sales Ratio,TTM FCF per Share,Price to FCF Ratio,TTM Net EPS,PE Ratio,Current Assets,Current Liabilities,Current Ratio,Long Term Debt,Shareholder's Equity_x,Debt to Equity Ratio,TTM Revenue_x,TTM Gross Profit,Gross Margin,TTM Revenue_y,TTM Operating Income,Operating Margin,TTM Revenue_x,TTM EBIT,EBIT Margin,TTM Revenue_y,TTM EBITDA,EBITDA Margin,TTM Revenue_x,TTM Pre-Tax Income,Pre-Tax Margin,TTM Revenue_y,TTM Net Income_x,Net Margin,TTM Net Income_y,Shareholder's Equity_y,Return on Equity,TTM Net Income_x,Tangible Equity,Return on Tangible Equity,TTM Net Income_y,Total Assets,Return on Assets,TTM Net Income,LT Investments & Debt,Return on Investment,revenue,cost-goods-sold,gross-profit,research-development-expenses,selling-general-administrative-expenses,operating-expenses,operating-income,total-non-operating-income-expense,pre-tax-income,total-provision-income-taxes,income-after-taxes,income-from-continuous-operations,net-income,ebitda,ebit,basic-shares-outstanding,shares-outstanding,eps-basic-net-earnings-per-share,eps-earnings-per-share-diluted,cash-on-hand,inventory,other-current-assets,total-current-assets,net-property-plant-equipment,long-term-investments,goodwill-intangible-assets-total,other-long-term-assets,total-long-term-assets,total-assets,total-current-liabilities,long-term-debt,other-non-current-liabilities,total-long-term-liabilities,total-liabilities,common-stock-net,retained-earnings-accumulated-deficit,comprehensive-income,total-share-holder-equity,total-liabilities-share-holders-equity,net-income-loss,total-depreciation-amortization-cash-flow,other-non-cash-items,total-non-cash-items,change-in-accounts-receivable,change-in-inventories,change-in-accounts-payable,change-in-assets-liabilities,total-change-in-assets-liabilities,cash-flow-from-operating-activities,net-change-in-property-plant-equipment,net-change-in-intangible-assets,net-acquisitions-divestitures,net-change-in-short-term-investments,net-change-in-long-term-investments,net-change-in-investments-total,investing-activities-other,cash-flow-from-investing-activities,net-long-term-debt,net-current-debt,debt-issuance-retirement-net-total,net-common-equity-issued-repurchased,net-total-equity-issued-repurchased,total-common-preferred-stock-dividends-paid,financial-activities-other,cash-flow-from-financial-activities,net-cash-flow,stock-based-compensation,common-stock-dividends-paid
0,2018-09-30,0.98,$0.04,23.11,$0.59,1.66,$-0.57,0.0,$0.12,8.17,$0.03B,$0.01B,4.08,$0.04B,$-0.03B,-1.39,$0.04B,$0.04B,90.24%,$0.04B,$-0.02B,-39.02%,$0.04B,$-0.02B,-39.02%,$0.04B,$-0.01B,-29.27%,$0.04B,$-0.02B,-53.66%,$0.04B,$0.02B,39.02%,$0.02B,$0.00B,193.94%,$0.02B,$-0.01B,-160.00%,$0.02B,$0.05B,28.83%,$-0.02B,$0.04B,-35.75%,$11,$1,$10,$3,$9,$13,$-2,$-1,$-3,$0,$-3,$-3,$35,$-1,$-2,$70,71,$0.40,$0.39,$13,$2,$0,$31,$2,$0,$17,$0,$20,$51,$8,$38,$2,$41,$48,$1,$-376,$-1,$3,$51,$-15,$3,$5,$8,$-3,$-0,$-1,$-1,$-5,$-12,$-0,$0,$0,$0,$0,$0,$0,$-0,$5,$0,$5,$0,$0,$0,$-4,$1,$-11,$3,$0
1,2018-06-30,0.98,$0.08,12.37,$0.58,1.7,$-0.56,0.0,$-0.35,0.0,$0.04B,$0.01B,3.85,$0.04B,$-0.06B,-0.6,$0.04B,$0.04B,90.00%,$0.04B,$-0.02B,-45.00%,$0.04B,$-0.02B,-45.00%,$0.04B,$-0.01B,-35.00%,$0.04B,$-0.02B,-60.00%,$0.04B,$-0.02B,-60.00%,$-0.02B,$0.01B,-188.24%,$-0.02B,$-0.01B,400.00%,$-0.02B,$0.06B,-40.68%,$-0.02B,$0.04B,-37.31%,$11,$1,$10,$3,$9,$14,$-3,$-1,$-4,$0,$-4,$-4,$-4,$-2,$-3,$70,70,$-0.06,$-0.06,$17,$2,$0,$35,$2,$0,$18,$0,$20,$55,$9,$38,$3,$40,$49,$1,$-411,$-1,$6,$55,$-12,$2,$4,$6,$-2,$-1,$0,$-0,$-3,$-8,$-0,$0,$0,$0,$0,$0,$0,$-0,$5,$0,$5,$0,$0,$0,$-4,$1,$-7,$2,$0
2,2018-03-31,1.03,$0.12,8.43,$0.58,1.78,$-0.55,0.0,$-0.33,0.0,$0.04B,$0.01B,4.8,$0.04B,$-0.06B,-0.62,$0.04B,$0.04B,92.31%,$0.04B,$-0.02B,-41.03%,$0.04B,$-0.02B,-41.03%,$0.04B,$-0.01B,-30.77%,$0.04B,$-0.02B,-58.97%,$0.04B,$-0.02B,-58.97%,$-0.02B,$0.01B,-137.31%,$-0.02B,$-0.01B,920.00%,$-0.02B,$0.06B,-37.25%,$-0.02B,$0.05B,-31.07%,$10,$1,$9,$3,$10,$15,$-5,$-3,$-8,$0,$-8,$-8,$-8,$-4,$-5,$70,70,$-0.11,$-0.11,$20,$1,$0,$36,$2,$0,$18,$0,$20,$56,$7,$38,$3,$40,$48,$1,$-407,$-1,$9,$56,$-8,$1,$3,$4,$-1,$0,$-1,$0,$-1,$-5,$-0,$0,$0,$0,$0,$0,$0,$-0,$5,$0,$5,$0,$0,$0,$-4,$1,$-4,$1,$0
3,2017-12-31,1.33,$0.22,6.16,$0.54,2.46,$-0.54,0.0,$-0.32,0.0,$0.04B,$0.01B,4.07,$0.04B,$-0.05B,-0.64,$0.04B,$0.03B,91.67%,$0.04B,$-0.02B,-47.22%,$0.04B,$-0.02B,-47.22%,$0.04B,$-0.01B,-36.11%,$0.04B,$-0.02B,-61.11%,$0.04B,$-0.02B,-61.11%,$-0.02B,$0.02B,-112.82%,$-0.02B,$-0.00B,inf%,$-0.02B,$0.06B,-34.65%,$-0.02B,$0.05B,-31.78%,$9,$1,$8,$3,$10,$15,$-6,$-1,$-7,$0,$-7,$-7,$-7,$-5,$-6,$67,67,$-0.11,$-0.11,$24,$2,$0,$39,$1,$0,$19,$0,$21,$60,$10,$35,$1,$35,$45,$1,$-399,$-1,$15,$60,$-22,$4,$5,$9,$3,$-1,$1,$-2,$0,$-13,$-0,$0,$0,$0,$0,$0,$0,$-0,$-0,$0,$-0,$6,$6,$0,$-0,$6,$-7,$5,$0
4,2017-09-30,1.35,$0.30,4.49,$0.61,2.23,$-0.82,0.0,$-0.31,0.0,$0.04B,$0.01B,4.84,$0.03B,$-0.05B,-0.71,$0.04B,$0.04B,92.11%,$0.04B,$-0.02B,-42.11%,$0.04B,$-0.02B,-42.11%,$0.04B,$-0.01B,-31.58%,$0.04B,$-0.02B,-55.26%,$0.04B,$-0.02B,-55.26%,$-0.02B,$0.02B,-94.38%,$-0.02B,$0.00B,-933.33%,$-0.02B,$0.07B,-31.82%,$-0.02B,$0.06B,-28.57%,$10,$1,$9,$5,$9,$14,$-4,$-1,$-5,$0,$-5,$-5,$-5,$-3,$-4,$68,68,$-0.08,$-0.08,$26,$2,$0,$44,$2,$0,$19,$0,$21,$65,$9,$34,$1,$35,$44,$1,$-392,$-1,$21,$65,$-15,$3,$4,$7,$1,$-1,$0,$-2,$-3,$-11,$-0,$0,$0,$0,$0,$0,$0,$-0,$-0,$0,$-0,$6,$6,$0,$-0,$6,$-5,$4,$0
5,2017-06-30,1.39,$0.32,4.29,$0.61,2.28,$-1.06,0.0,$-0.39,0.0,$0.04B,$0.01B,4.62,$0.03B,$-0.05B,-0.72,$0.04B,$0.03B,94.44%,$0.04B,$-0.02B,-52.78%,$0.04B,$-0.02B,-52.78%,$0.04B,$-0.02B,-41.67%,$0.04B,$-0.03B,-69.44%,$0.04B,$-0.03B,-69.44%,$-0.03B,$0.02B,-102.04%,$-0.03B,$0.00B,-625.00%,$-0.03B,$0.07B,-36.50%,$-0.02B,$0.06B,-32.62%,$10,$1,$10,$2,$8,$12,$-1,$-1,$-3,$0,$-3,$-3,$-3,$-0,$-1,$65,65,$-0.04,$-0.04,$27,$1,$0,$44,$1,$0,$20,$0,$22,$66,$10,$34,$1,$35,$44,$1,$-387,$-1,$22,$66,$-9,$2,$2,$4,$0,$-1,$1,$-2,$-2,$-7,$-0,$0,$0,$0,$0,$0,$0,$-0,$-0,$0,$-0,$3,$3,$0,$-0,$3,$-4,$2,$0
6,2017-03-31,1.4,$0.31,4.52,$0.66,2.11,$-1.27,0.0,$-0.50,0.0,$0.04B,$0.01B,5.97,$0.03B,$-0.05B,-0.69,$0.04B,$0.03B,91.67%,$0.04B,$-0.02B,-66.67%,$0.04B,$-0.02B,-66.67%,$0.04B,$-0.02B,-58.33%,$0.04B,$-0.03B,-80.56%,$0.04B,$-0.03B,-80.56%,$-0.03B,$0.02B,-131.82%,$-0.03B,$0.00B,-2900.00%,$-0.03B,$0.06B,-43.45%,$-0.02B,$0.05B,-50.79%,$7,$1,$6,$2,$9,$12,$-6,$-1,$-7,$0,$-7,$-7,$-7,$-5,$-6,$65,65,$-0.10,$-0.10,$27,$1,$0,$40,$2,$0,$20,$0,$22,$63,$7,$34,$2,$36,$43,$1,$-384,$-1,$20,$63,$-7,$1,$1,$2,$3,$-0,$-1,$-0,$1,$-4,$-0,$0,$0,$0,$0,$0,$0,$-0,$-0,$0,$-0,$0,$0,$0,$0,$-0,$-4,$1,$0
7,2016-12-31,1.08,$0.39,2.74,$0.69,1.56,$-1.35,0.0,$-0.65,0.0,$0.05B,$0.01B,5.2,$0.03B,$-0.04B,-0.77,$0.04B,$0.03B,91.43%,$0.04B,$-0.03B,-77.14%,$0.04B,$-0.03B,-77.14%,$0.04B,$-0.02B,-68.57%,$0.04B,$-0.03B,-94.29%,$0.04B,$-0.03B,-94.29%,$-0.03B,$0.03B,-155.29%,$-0.03B,$0.01B,13200.00%,$-0.03B,$0.07B,-49.62%,$-0.03B,$0.06B,-71.05%,$11,$1,$10,$3,$12,$16,$-5,$-0,$-6,$0,$-6,$-6,$-6,$-4,$-5,$53,53,$-0.07,$-0.07,$31,$0,$0,$47,$2,$0,$21,$0,$23,$70,$9,$33,$2,$36,$45,$1,$-377,$-1,$26,$70,$-33,$4,$5,$9,$-4,$1,$1,$1,$-0,$-25,$-0,$0,$0,$0,$0,$0,$0,$-0,$-0,$0,$-0,$28,$28,$0,$-2,$25,$-0,$5,$0
8,2016-09-30,1.49,$0.46,3.21,$0.62,2.4,$-1.91,0.0,$-0.80,0.0,$0.05B,$0.01B,6.57,$0.03B,$-0.04B,-0.87,$0.03B,$0.03B,90.00%,$0.03B,$-0.03B,-106.67%,$0.03B,$-0.03B,-106.67%,$0.03B,$-0.03B,-96.67%,$0.03B,$-0.04B,-126.67%,$0.03B,$-0.04B,-126.67%,$-0.04B,$0.03B,-178.82%,$-0.04B,$0.01B,7600.00%,$-0.04B,$0.08B,-57.14%,$-0.03B,$0.06B,-106.67%,$8,$0,$8,$3,$11,$16,$-7,$-2,$-9,$0,$-9,$-9,$-9,$-6,$-7,$56,56,$-0.16,$-0.16,$34,$1,$0,$52,$2,$0,$21,$0,$23,$75,$8,$34,$3,$37,$45,$1,$-371,$-1,$30,$75,$-27,$3,$5,$8,$-4,$1,$-2,$1,$-3,$-23,$-0,$0,$0,$0,$0,$0,$0,$-0,$-0,$0,$-0,$28,$28,$0,$-2,$26,$3,$4,$0
9,2016-06-30,1.23,$0.26,4.73,$0.63,1.96,$-2.33,0.0,$-0.67,0.0,$0.04B,$0.05B,0.77,$0.00B,$-0.06B,-0.01,$0.03B,$0.03B,86.21%,$0.03B,$-0.03B,-113.79%,$0.03B,$-0.03B,-113.79%,$0.03B,$-0.03B,-106.90%,$0.03B,$-0.03B,-103.45%,$0.03B,$-0.03B,-106.90%,$-0.03B,$0.01B,-140.91%,$-0.03B,$-0.01B,12400.00%,$-0.03B,$0.06B,-45.93%,$-0.03B,$0.01B,-106.45%,$10,$1,$9,$3,$12,$16,$-6,$-0,$-7,$0,$-7,$-7,$-7,$-6,$-6,$45,45,$-0.15,$-0.15,$17,$1,$0,$35,$2,$0,$22,$0,$24,$59,$45,$0,$1,$2,$47,$0,$-362,$-1,$12,$59,$-18,$2,$3,$5,$-3,$0,$0,$-1,$-1,$-14,$-0,$0,$0,$0,$0,$0,$0,$-0,$-0,$0,$-0,$0,$0,$0,$-0,$-0,$-14,$3,$0
10,2016-03-31,1.75,$0.38,4.66,$0.55,3.21,$-2.64,0.0,$-0.71,0.0,$0.04B,$0.04B,0.88,$0.00B,$-0.05B,-0.01,$0.03B,$0.02B,84.00%,$0.03B,$-0.04B,-148.00%,$0.03B,$-0.04B,-148.00%,$0.03B,$-0.03B,-136.00%,$0.03B,$-0.03B,-128.00%,$0.03B,$-0.03B,-132.00%,$-0.03B,$0.02B,-121.10%,$-0.03B,$-0.01B,-694.74%,$-0.03B,$0.06B,-44.30%,$-0.04B,$0.02B,-86.05%,$6,$0,$5,$3,$11,$15,$-9,$-2,$-11,$0,$-11,$-11,$-11,$-8,$-9,$45,45,$-0.25,$-0.25,$24,$1,$0,$37,$2,$0,$22,$0,$25,$62,$42,$1,$2,$3,$45,$0,$-355,$-1,$17,$62,$-11,$1,$2,$3,$1,$0,$-2,$-0,$1,$-7,$-0,$0,$0,$0,$0,$0,$0,$-0,$-0,$0,$-0,$0,$0,$0,$-0,$-0,$-7,$1,$0
11,2015-12-31,2.42,$0.58,4.14,$0.51,4.79,$-2.83,0.0,$-0.68,0.0,$0.05B,$0.04B,1.13,$0.00B,$-0.04B,-0.01,$0.02B,$0.02B,86.96%,$0.02B,$-0.04B,-169.57%,$0.02B,$-0.04B,-169.57%,$0.02B,$-0.04B,-156.52%,$0.02B,$-0.03B,-134.78%,$0.02B,$-0.03B,-139.13%,$-0.03B,$0.03B,-96.24%,$-0.03B,$0.00B,-312.20%,$-0.03B,$0.07B,-38.44%,$-0.04B,$0.03B,-69.33%,$6,$0,$5,$4,$11,$16,$-10,$-1,$-11,$-0,$-11,$-11,$-11,$-9,$-10,$44,44,$-0.25,$-0.25,$31,$2,$0,$45,$3,$0,$23,$0,$25,$70,$40,$1,$4,$4,$44,$0,$-344,$-1,$26,$70,$-31,$3,$-8,$-5,$-9,$-0,$-0,$1,$-10,$-45,$-0,$0,$0,$0,$0,$0,$0,$-0,$-0,$0,$-0,$2,$2,$0,$-1,$1,$-46,$5,$0
12,2015-09-30,2.21,$0.75,2.95,$0.42,5.3,$-2.42,0.0,$-0.67,0.0,$0.05B,$0.01B,7.93,$0.03B,$-0.04B,-0.97,$0.02B,$0.02B,89.47%,$0.02B,$-0.04B,-210.53%,$0.02B,$-0.04B,-210.53%,$0.02B,$-0.04B,-194.74%,$0.02B,$-0.03B,-152.63%,$0.02B,$-0.03B,-163.16%,$-0.03B,$0.03B,-78.98%,$-0.03B,$0.01B,-200.00%,$-0.03B,$0.08B,-33.33%,$-0.04B,$0.07B,-57.14%,$7,$1,$6,$4,$10,$15,$-8,$7,$-1,$0,$-2,$-2,$-2,$-8,$-8,$44,44,$-0.03,$-0.03,$39,$2,$0,$53,$3,$0,$23,$0,$26,$79,$7,$34,$4,$39,$46,$0,$-333,$-1,$33,$79,$-20,$2,$-9,$-7,$-8,$-0,$-1,$1,$-10,$-36,$-0,$0,$0,$0,$0,$0,$0,$-0,$-0,$0,$-0,$0,$0,$0,$-0,$-0,$-37,$4,$0
13,2015-06-30,4.61,$0.75,6.14,$0.32,14.38,$-1.96,0.0,$-0.81,0.0,$0.06B,$0.02B,4.08,$0.03B,$-0.04B,-0.75,$0.01B,$0.01B,92.86%,$0.01B,$-0.04B,-292.86%,$0.01B,$-0.04B,-292.86%,$0.01B,$-0.04B,-264.29%,$0.01B,$-0.04B,-250.00%,$0.01B,$-0.04B,-257.14%,$-0.04B,$0.03B,-109.09%,$-0.04B,$0.01B,-411.43%,$-0.04B,$0.09B,-37.31%,$-0.04B,$0.06B,-64.57%,$6,$0,$5,$4,$11,$16,$-10,$1,$-9,$0,$-9,$-9,$-9,$-9,$-10,$44,44,$-0.19,$-0.19,$48,$2,$0,$61,$3,$0,$24,$0,$26,$87,$15,$27,$12,$39,$54,$0,$-332,$-1,$33,$87,$-18,$2,$-2,$-1,$-7,$-0,$-1,$0,$-8,$-28,$-0,$0,$0,$0,$0,$0,$0,$-0,$-0,$0,$-0,$0,$0,$0,$-0,$-0,$-29,$2,$0
14,2015-03-31,5.01,$0.91,5.48,$0.24,20.7,$-1.58,0.0,$-0.46,0.0,$0.07B,$0.01B,5.86,$0.03B,$-0.03B,-1.06,$0.01B,$0.01B,100.00%,$0.01B,$-0.04B,-370.00%,$0.01B,$-0.04B,-370.00%,$0.01B,$-0.03B,-340.00%,$0.01B,$-0.03B,-250.00%,$0.01B,$-0.03B,-260.00%,$-0.03B,$0.04B,-92.04%,$-0.03B,$0.02B,-266.67%,$-0.03B,$0.10B,-29.89%,$-0.04B,$0.07B,-68.20%,$4,$0,$4,$3,$11,$15,$-11,$1,$-10,$0,$-10,$-10,$-10,$-10,$-11,$44,44,$-0.22,$-0.22,$61,$2,$0,$70,$3,$0,$24,$0,$27,$97,$12,$30,$14,$44,$56,$0,$-323,$-1,$41,$97,$-10,$1,$-1,$-1,$-3,$-0,$0,$0,$-4,$-15,$-0,$0,$0,$0,$0,$0,$0,$-0,$-0,$0,$-0,$0,$0,$0,$-0,$-0,$-15,$1,$0
15,2014-12-31,5.54,$1.12,4.96,$0.21,26.21,$-1.41,0.0,$-0.82,0.0,$0.08B,$0.01B,7.88,$0.03B,$-0.02B,-1.68,$0.01B,$0.01B,100.00%,$0.01B,$-0.03B,-412.50%,$0.01B,$-0.03B,-412.50%,$0.01B,$-0.03B,-387.50%,$0.01B,$-0.04B,-450.00%,$0.01B,$-0.04B,-462.50%,$-0.04B,$0.05B,-178.31%,$-0.04B,$0.03B,-448.48%,$-0.04B,$0.11B,-49.66%,$-0.03B,$0.08B,-82.50%,$2,$0,$2,$3,$9,$13,$-11,$2,$-9,$0,$-9,$-9,$-10,$-10,$-11,$40,40,$-0.19,$0.00,$77,$2,$0,$83,$2,$0,$24,$0,$26,$109,$10,$32,$16,$49,$59,$0,$-313,$-1,$50,$109,$-36,$1,$5,$7,$-0,$-1,$3,$0,$5,$-24,$-1,$-25,$0,$0,$0,$0,$0,$-26,$-5,$35,$30,$38,$88,$0,$-4,$115,$64,$4,$0
16,2014-09-30,5.42,$0.19,29.19,$0.20,27.4,$-2.02,0.0,$-1.06,0.0,$0.07B,$0.03B,2.1,$0.03B,$-0.01B,-3.08,$0.01B,$0.01B,71.43%,$0.01B,$-0.03B,-442.86%,$0.01B,$-0.03B,-442.86%,$0.01B,$-0.03B,-428.57%,$0.01B,$-0.04B,-600.00%,$0.01B,$-0.04B,-600.00%,$-0.04B,$0.01B,-600.00%,$-0.04B,$-0.02B,-5600.00%,$-0.04B,$0.09B,-80.38%,$-0.03B,$0.04B,-163.16%,$2,$0,$2,$4,$6,$11,$-9,$2,$-7,$0,$-7,$-7,$-7,$-8,$-9,$41,41,$-0.17,$-0.17,$61,$2,$0,$67,$1,$0,$25,$0,$26,$93,$32,$34,$19,$53,$85,$0,$-304,$-1,$8,$93,$-27,$0,$6,$7,$-1,$-0,$1,$1,$5,$-15,$-0,$0,$0,$0,$0,$0,$0,$-0,$-5,$35,$30,$38,$38,$0,$-4,$65,$49,$3,$0
17,2014-06-30,5.98,$0.34,17.66,$0.16,36.64,$-2.55,0.0,$-0.93,0.0,$0.05B,$0.00B,11.28,$0.01B,$-0.01B,-0.69,$0.01B,$0.00B,66.67%,$0.01B,$-0.03B,-500.00%,$0.01B,$-0.03B,-500.00%,$0.01B,$-0.03B,-500.00%,$0.01B,$-0.04B,-600.00%,$0.01B,$-0.04B,-600.00%,$-0.04B,$0.01B,-496.55%,$-0.04B,$0.01B,-496.55%,$-0.04B,$0.05B,-97.96%,$-0.03B,$0.02B,-255.32%,$2,$0,$2,$2,$6,$8,$-6,$7,$1,$0,$1,$1,$1,$-6,$-6,$40,43,$0.03,$-0.16,$42,$1,$0,$48,$1,$0,$0,$0,$1,$49,$4,$9,$21,$31,$35,$0,$-297,$-0,$14,$49,$-20,$0,$8,$8,$-1,$0,$0,$1,$2,$-10,$-0,$0,$0,$0,$0,$0,$0,$-0,$-5,$10,$5,$38,$38,$0,$-3,$40,$29,$2,$0
18,2014-03-31,7.89,$0.28,28.18,$0.12,67.21,$-2.92,0.0,$-1.76,0.0,$0.05B,$0.00B,10.41,$0.00B,$-0.02B,-0.13,$0.00B,$0.00B,50.00%,$0.00B,$-0.03B,-825.00%,$0.00B,$-0.03B,-825.00%,$0.00B,$-0.03B,-825.00%,$0.00B,$-0.05B,-1325.00%,$0.00B,$-0.06B,-1450.00%,$-0.06B,$0.01B,-928.00%,$-0.06B,$0.01B,-928.00%,$-0.06B,$0.05B,-170.59%,$-0.03B,$0.01B,-347.37%,$2,$1,$2,$3,$6,$10,$-7,$-13,$-21,$0,$-21,$-21,$-21,$-7,$-7,$36,36,$-0.58,$-0.58,$41,$1,$0,$46,$1,$0,$0,$0,$1,$47,$4,$3,$30,$32,$37,$0,$-298,$-0,$11,$47,$-21,$0,$14,$14,$-1,$1,$0,$1,$0,$-6,$-0,$0,$0,$0,$0,$0,$0,$-0,$-0,$0,$-0,$38,$38,$0,$-2,$35,$29,$1,$0
19,2013-12-31,4.7,$-0.16,-30.17,$0.06,79.3,$-3.06,0.0,$-1.62,0.0,$0.02B,$0.01B,3.77,$0.00B,$-0.04B,-0.09,$0.00B,0,0.00%,$0.00B,$-0.03B,-1700.00%,$0.00B,$-0.03B,-1700.00%,$0.00B,$-0.03B,-1700.00%,$0.00B,$-0.05B,-2300.00%,$0.00B,$-0.05B,-2550.00%,$-0.05B,$-0.01B,-510.00%,$-0.05B,$-0.01B,-510.00%,$-0.05B,$0.02B,-154.55%,$-0.03B,$-0.00B,-266.67%,$1,$2,$-1,$3,$5,$10,$-9,$-6,$-15,$0,$-15,$-15,$-15,$-9,$-9,$32,32,$-0.47,$-0.47,$13,$2,$0,$19,$1,$0,$0,$0,$1,$20,$5,$3,$16,$20,$25,$0,$-277,$-0,$-5,$20,$-46,$0,$14,$14,$-0,$-1,$-0,$-2,$-6,$-38,$-1,$0,$0,$0,$0,$0,$0,$-1,$-3,$5,$2,$0,$0,$0,$-0,$2,$-37,$2,$0
20,2013-09-30,3.76,$0.29,12.91,$0.03,126.76,$-2.50,0.0,$-1.32,0.0,$0.03B,$0.01B,4.12,$0.00B,$-0.02B,-0.15,$0.00B,$0.00B,100.00%,$0.00B,$-0.03B,-3300.00%,$0.00B,$-0.03B,-3300.00%,$0.00B,$-0.03B,-3300.00%,$0.00B,$-0.04B,-3600.00%,$0.00B,$-0.04B,-4100.00%,$-0.04B,$0.01B,-195.24%,$-0.04B,$0.01B,-195.24%,$-0.04B,$0.03B,-99.39%,$-0.03B,$0.01B,-141.94%,$1,$0,$1,$2,$7,$8,$-8,$7,$-1,$0,$-1,$-1,$-1,$-8,$-8,$32,32,$-0.04,$-0.04,$23,$3,$0,$30,$0,$0,$0,$0,$0,$31,$7,$3,$11,$14,$21,$0,$-263,$-0,$9,$31,$-31,$0,$7,$8,$-0,$-2,$1,$-1,$-4,$-28,$-0,$0,$0,$0,$0,$0,$0,$-0,$-3,$5,$2,$0,$0,$0,$-0,$2,$-26,$2,$0
21,2013-06-30,4.88,$0.32,15.46,$0.01,0.0,$-2.06,0.0,$-1.45,0.0,$0.04B,$0.01B,5.19,$0.00B,$-0.02B,-0.18,$0.00B,0,nan%,$0.00B,$-0.03B,inf%,$0.00B,$-0.03B,inf%,$0.00B,$-0.03B,inf%,$0.00B,$-0.04B,inf%,$0.00B,$-0.05B,inf%,$-0.05B,$0.01B,-206.90%,$-0.05B,$0.01B,-206.90%,$-0.05B,$0.04B,-116.88%,$-0.03B,$0.01B,-129.03%,$0,$0,$0,$2,$7,$10,$-9,$-7,$-16,$0,$-16,$-16,$-21,$-9,$-9,$32,32,$-0.67,$-0.67,$32,$2,$0,$37,$0,$0,$0,$0,$0,$38,$7,$4,$17,$21,$28,$0,$-261,$0,$10,$38,$-30,$0,$13,$14,$-0,$-1,$1,$-1,$-2,$-19,$-0,$0,$0,$0,$0,$0,$0,$-0,$-3,$5,$2,$0,$0,$0,$-0,$2,$-18,$1,$0
22,2013-03-31,3.07,$0.82,3.76,0,0.0,$-1.77,0.0,$-0.93,0.0,$0.04B,$0.02B,2.52,$0.00B,$-0.01B,-0.02,$0.00B,0,nan%,$0.00B,$-0.03B,inf%,$0.00B,$-0.03B,inf%,$0.00B,$-0.03B,inf%,$0.00B,$-0.03B,inf%,$0.00B,$-0.03B,inf%,$-0.03B,$0.03B,-123.40%,$-0.03B,$0.03B,-123.40%,$-0.03B,$0.04B,-82.86%,$-0.03B,$0.03B,-102.04%,$0,$0,$0,$2,$6,$8,$-8,$-6,$-14,$0,$-14,$-14,$-14,$-8,$-8,$32,32,$-0.44,$-0.44,$39,$1,$0,$43,$0,$0,$0,$0,$0,$43,$17,$0,$0,$0,$17,$0,$-245,$0,$26,$43,$-14,$0,$6,$6,$0,$-0,$0,$-1,$-2,$-10,$-0,$0,$0,$0,$0,$0,$0,$-0,$-0,$0,$-0,$0,$0,$0,$0,$-0,$-10,$1,$0
23,2012-12-31,1.57,$1.24,1.27,0,0.0,$-1.63,0.0,$-0.63,0.0,$0.05B,$0.01B,6.51,$0.00B,$0.01B,0.1,$0.00B,0,nan%,$0.00B,$-0.02B,inf%,$0.00B,$-0.02B,inf%,$0.00B,$-0.02B,inf%,$0.00B,$-0.02B,inf%,$0.00B,$-0.02B,inf%,$-0.02B,$0.04B,-85.39%,$-0.02B,$0.04B,-85.39%,$-0.02B,$0.05B,-60.32%,$-0.02B,$0.04B,-88.42%,$0,$0,$0,$2,$6,$8,$-8,$3,$-5,$0,$-5,$-5,$-5,$-8,$-8,$31,31,$-0.17,$-0.17,$50,$1,$0,$52,$0,$0,$0,$0,$0,$53,$8,$1,$5,$5,$13,$0,$-231,$0,$39,$53,$-20,$0,$-1,$-1,$0,$-1,$0,$-1,$-0,$-21,$-0,$0,$0,$1,$0,$1,$0,$0,$-2,$0,$-2,$0,$40,$0,$-0,$37,$16,$2,$0
24,2012-09-30,2.58,$0.37,6.89,0,0.0,$-1.62,0.0,$-0.65,0.0,$0.02B,$0.01B,2.99,$0.00B,$0.01B,0.11,$0.00B,0,nan%,$0.00B,$-0.02B,inf%,$0.00B,$-0.02B,inf%,$0.00B,$-0.02B,inf%,$0.00B,$-0.02B,inf%,$0.00B,$-0.02B,inf%,$-0.02B,$0.01B,-106.67%,$-0.02B,$0.01B,-106.67%,$-0.02B,$0.02B,-74.07%,$-0.02B,$0.01B,-91.57%,$0,$0,$0,$2,$3,$5,$-5,$-0,$-5,$0,$-5,$-5,$-5,$-5,$-5,$31,31,$-0.17,$-0.17,$17,$1,$0,$20,$0,$0,$0,$0,$0,$20,$7,$1,$0,$1,$8,$0,$-226,$0,$12,$20,$-14,$0,$1,$2,$0,$-1,$-1,$-0,$-2,$-14,$-0,$0,$0,$1,$0,$1,$0,$0,$-2,$0,$-2,$0,$0,$0,$-0,$-2,$-16,$1,$0
25,2012-06-30,2.99,$0.54,5.58,0,0.0,$-1.67,0.0,$-0.69,0.0,$0.02B,$0.01B,4.8,$0.00B,$0.02B,0.11,$0.00B,0,nan%,$0.00B,$-0.02B,inf%,$0.00B,$-0.02B,inf%,$0.00B,$-0.02B,inf%,$0.00B,$-0.02B,inf%,$0.00B,$-0.02B,inf%,$-0.02B,$0.02B,-93.62%,$-0.02B,$0.02B,-93.62%,$-0.02B,$0.02B,-68.75%,$-0.02B,$0.02B,-76.92%,$0,$0,$0,$2,$3,$4,$-4,$-0,$-5,$0,$-5,$-5,$-5,$-4,$-4,$31,31,$-0.15,$-0.15,$22,$0,$0,$24,$0,$0,$0,$0,$0,$24,$5,$2,$0,$2,$7,$0,$-220,$0,$17,$24,$-9,$0,$1,$1,$0,$-0,$-1,$-0,$-2,$-10,$-0,$0,$0,$1,$0,$1,$0,$0,$-1,$0,$-1,$0,$0,$0,$0,$-1,$-11,$1,$0
26,2012-03-31,3.4,$0.67,5.1,0,0.0,$-1.69,0.0,$-0.71,0.0,$0.03B,$0.01B,5.43,$0.00B,$0.02B,0.11,$0.00B,0,nan%,$0.00B,$-0.02B,inf%,$0.00B,$-0.02B,inf%,$0.00B,$-0.02B,inf%,$0.00B,$-0.02B,inf%,$0.00B,$-0.02B,inf%,$-0.02B,$0.02B,-77.19%,$-0.02B,$0.02B,-77.19%,$-0.02B,$0.03B,-58.67%,$-0.02B,$0.02B,-66.67%,$0,$0,$0,$2,$3,$4,$-4,$-0,$-4,$0,$-4,$-4,$-4,$-4,$-4,$31,31,$-0.14,$-0.14,$28,$0,$0,$29,$0,$0,$0,$0,$0,$29,$5,$2,$0,$2,$8,$0,$-216,$0,$21,$29,$-4,$0,$0,$0,$0,$0,$-0,$-0,$-1,$-5,$0,$0,$0,$1,$0,$1,$0,$1,$-1,$0,$-1,$0,$0,$0,$0,$-1,$-5,$0,$0
27,2011-12-31,1.25,$0.79,1.57,0,0.0,$-1.68,0.0,$-0.72,0.0,$0.04B,$0.01B,5.14,$0.00B,$0.03B,0.12,$0.00B,0,nan%,$0.00B,$-0.02B,inf%,$0.00B,$-0.02B,inf%,$0.00B,$-0.02B,inf%,$0.00B,$-0.02B,inf%,$0.00B,$-0.02B,inf%,$-0.02B,$0.03B,-68.66%,$-0.02B,$0.03B,-68.66%,$-0.02B,$0.04B,-53.49%,$-0.02B,$0.03B,-56.76%,$0,$0,$0,$1,$4,$6,$-6,$-0,$-6,$0,$-6,$-6,$-6,$-6,$-6,$31,31,$-0.19,$-0.19,$34,$0,$0,$35,$0,$0,$0,$0,$0,$35,$7,$3,$0,$3,$10,$0,$-211,$0,$25,$35,$-23,$0,$2,$2,$0,$0,$0,$1,$-0,$-21,$-0,$0,$0,$26,$0,$26,$0,$26,$-1,$0,$-1,$0,$0,$0,$-0,$-0,$5,$2,$0
28,2011-09-30,8.0,$0.97,8.22,0,0.0,$-2.02,0.0,$-0.73,0.0,$0.04B,$0.01B,6.47,$0.00B,$0.03B,0.11,$0.00B,0,nan%,$0.00B,$-0.02B,inf%,$0.00B,$-0.02B,inf%,$0.00B,$-0.02B,inf%,$0.00B,$-0.02B,inf%,$0.00B,$-0.02B,inf%,$-0.02B,$0.03B,-59.74%,$-0.02B,$0.03B,-59.74%,$-0.02B,$0.04B,-47.67%,$-0.02B,$0.03B,-49.41%,$0,$0,$0,$2,$4,$6,$-6,$-0,$-7,$0,$-7,$-7,$-7,$-6,$-6,$31,31,$-0.21,$-0.21,$39,$0,$0,$40,$0,$0,$0,$0,$0,$40,$6,$4,$0,$4,$10,$0,$-205,$0,$31,$40,$-16,$0,$1,$2,$0,$0,$0,$-0,$-2,$-16,$-0,$0,$0,$26,$0,$26,$0,$26,$-0,$0,$-0,$0,$0,$0,$-0,$0,$10,$1,$0
29,2011-06-30,8.15,$1.17,6.98,0,0.0,$-2.02,0.0,$-0.72,0.0,$0.05B,$0.01B,8.76,$0.00B,$0.04B,0.11,$0.00B,0,nan%,$0.00B,$-0.02B,inf%,$0.00B,$-0.02B,inf%,$0.00B,$-0.02B,inf%,$0.00B,$-0.02B,inf%,$0.00B,$-0.02B,inf%,$-0.02B,$0.04B,-50.87%,$-0.02B,$0.04B,-50.87%,$-0.02B,$0.05B,-42.11%,$-0.02B,$0.04B,-45.16%,$0,$0,$0,$2,$3,$5,$-5,$-0,$-5,$0,$-5,$-5,$-5,$-5,$-5,$31,31,$-0.17,$-0.17,$44,$0,$0,$46,$0,$0,$0,$0,$0,$46,$5,$4,$0,$4,$9,$0,$-199,$0,$37,$46,$-10,$0,$1,$1,$0,$0,$-0,$0,$-2,$-11,$-0,$0,$0,$26,$0,$26,$0,$26,$-0,$0,$-0,$0,$0,$0,$-0,$0,$15,$1,$0
30,2011-03-31,7.8,$1.31,5.95,0,0.0,$-2.12,0.0,$-0.75,0.0,$0.05B,$0.01B,8.52,$0.00B,$0.04B,0.1,$0.00B,0,nan%,$0.00B,$-0.02B,inf%,$0.00B,$-0.02B,inf%,$0.00B,$-0.02B,inf%,$0.00B,$-0.02B,inf%,$0.00B,$-0.02B,inf%,$-0.02B,$0.04B,-45.83%,$-0.02B,$0.04B,-45.83%,$-0.02B,$0.05B,-39.11%,$-0.02B,$0.05B,-43.78%,$0,$0,$0,$2,$3,$4,$-4,$-0,$-5,$0,$-5,$-5,$-5,$-4,$-4,$31,31,$-0.15,$-0.15,$50,$0,$0,$51,$0,$0,$0,$0,$0,$51,$6,$4,$0,$4,$10,$0,$-194,$0,$41,$51,$-5,$0,$0,$1,$0,$0,$0,$0,$-1,$-5,$-0,$0,$0,$26,$0,$26,$0,$26,$-0,$0,$-0,$0,$0,$0,$0,$0,$21,$0,$0
