,Date,Stock Price,Book Value per Share,Price to Book Ratio,TTM Sales per Share,Price to Sales Ratio,TTM FCF per Share,Price to FCF Ratio,TTM Net EPS,PE Ratio,Current Assets,Current Liabilities,Current Ratio,Long Term Debt,Shareholder's Equity_x,Debt to Equity Ratio,TTM Revenue_x,TTM Gross Profit,Gross Margin,TTM Revenue_y,TTM Operating Income,Operating Margin,TTM Revenue_x,TTM EBIT,EBIT Margin,TTM Revenue_y,TTM EBITDA,EBITDA Margin,TTM Revenue_x,TTM Pre-Tax Income,Pre-Tax Margin,TTM Revenue_y,TTM Net Income_x,Net Margin,TTM Net Income_y,Shareholder's Equity_y,Return on Equity,TTM Net Income_x,Tangible Equity,Return on Tangible Equity,TTM Net Income_y,Total Assets,Return on Assets,TTM Net Income,LT Investments & Debt,Return on Investment,revenue,cost-goods-sold,gross-profit,research-development-expenses,selling-general-administrative-expenses,operating-expenses,operating-income,total-non-operating-income-expense,pre-tax-income,total-provision-income-taxes,income-after-taxes,income-from-continuous-operations,net-income,ebitda,ebit,basic-shares-outstanding,shares-outstanding,eps-basic-net-earnings-per-share,eps-earnings-per-share-diluted,cash-on-hand,inventory,other-current-assets,total-current-assets,net-property-plant-equipment,long-term-investments,goodwill-intangible-assets-total,other-long-term-assets,total-long-term-assets,total-assets,total-current-liabilities,long-term-debt,other-non-current-liabilities,total-long-term-liabilities,total-liabilities,common-stock-net,retained-earnings-accumulated-deficit,comprehensive-income,total-share-holder-equity,total-liabilities-share-holders-equity,net-income-loss,total-depreciation-amortization-cash-flow,other-non-cash-items,total-non-cash-items,change-in-accounts-receivable,change-in-inventories,change-in-accounts-payable,change-in-assets-liabilities,total-change-in-assets-liabilities,cash-flow-from-operating-activities,net-change-in-property-plant-equipment,net-change-in-intangible-assets,net-acquisitions-divestitures,net-change-in-short-term-investments,net-change-in-long-term-investments,net-change-in-investments-total,investing-activities-other,cash-flow-from-investing-activities,net-long-term-debt,net-current-debt,debt-issuance-retirement-net-total,net-common-equity-issued-repurchased,net-total-equity-issued-repurchased,total-common-preferred-stock-dividends-paid,financial-activities-other,cash-flow-from-financial-activities,net-cash-flow,stock-based-compensation,common-stock-dividends-paid
0,2018-09-30,42.44,$7.41,5.73,$6.82,6.23,$-0.78,0.0,$-0.89,0.0,$0.87B,$0.31B,2.85,$0.28B,$1.15B,0.24,$1.05B,$0.89B,84.25%,$1.05B,$-0.09B,-8.82%,$1.05B,$-0.09B,-8.82%,$1.05B,$0.01B,0.95%,$1.05B,$-0.11B,-10.82%,$1.05B,$-0.14B,-13.28%,$-0.14B,$1.15B,-12.00%,$-0.14B,$0.85B,-16.63%,$-0.14B,$1.76B,-7.95%,$-0.09B,$1.43B,-6.44%,$249,$39,$209,$101,$129,$286,$-37,$3,$-34,$1,$-34,$-34,$-34,$-11,$-37,$155,155,$-0.22,$-0.22,$467,$88,$13,$870,$303,$111,$300,$84,$891,$1761,$305,$277,$23,$305,$610,$2,$-1176,$-4,$1151,$1761,$-130,$78,$98,$176,$-17,$-3,$0,$-1,$-8,$39,$-52,$0,$0,$0,$37,$37,$0,$-14,$-1,$0,$-1,$18,$18,$0,$-17,$0,$25,$76,$0
1,2018-06-30,41.16,$7.46,5.52,$6.63,6.21,$-1.02,0.0,$-0.91,0.0,$0.84B,$0.29B,2.92,$0.28B,$1.16B,0.24,$1.02B,$0.86B,84.15%,$1.02B,$-0.09B,-9.20%,$1.02B,$-0.09B,-9.20%,$1.02B,$0.01B,0.78%,$1.02B,$-0.12B,-11.35%,$1.02B,$-0.14B,-13.89%,$-0.14B,$1.16B,-12.07%,$-0.14B,$0.84B,-17.00%,$-0.14B,$1.75B,-8.08%,$-0.09B,$1.44B,-6.46%,$305,$43,$261,$107,$138,$305,$-0,$-24,$-24,$8,$-33,$-33,$-33,$26,$-0,$155,155,$-0.21,$-0.21,$434,$87,$15,$840,$297,$127,$317,$78,$911,$1751,$287,$278,$22,$306,$593,$2,$-1141,$-4,$1158,$1751,$-95,$51,$56,$107,$-22,$-2,$0,$20,$-7,$5,$-35,$0,$0,$0,$-6,$-6,$0,$-41,$-1,$0,$-1,$17,$17,$0,$-16,$-0,$-35,$51,$0
2,2018-03-31,57.96,$7.46,7.77,$6.09,9.51,$-1.20,0.0,$-0.98,0.0,$0.78B,$0.28B,2.83,$0.28B,$1.16B,0.24,$0.94B,$0.78B,83.12%,$0.94B,$-0.14B,-14.85%,$0.94B,$-0.14B,-14.85%,$0.94B,$-0.04B,-4.06%,$0.94B,$-0.14B,-14.74%,$0.94B,$-0.15B,-16.24%,$-0.15B,$1.16B,-12.81%,$-0.15B,$0.82B,-18.30%,$-0.15B,$1.74B,-8.67%,$-0.14B,$1.43B,-9.48%,$225,$44,$181,$108,$118,$287,$-62,$-5,$-67,$-4,$-63,$-63,$-63,$-36,$-62,$154,154,$-0.40,$-0.40,$405,$85,$26,$776,$290,$137,$333,$100,$960,$1737,$275,$278,$22,$306,$581,$2,$-1109,$-4,$1156,$1737,$-63,$26,$18,$44,$19,$-0,$0,$-13,$-8,$-27,$-18,$0,$0,$0,$44,$44,$0,$25,$0,$0,$0,$13,$13,$0,$-16,$-3,$-5,$20,$0
3,2017-12-31,54.73,$7.81,7.01,$5.89,9.29,$-1.06,0.0,$-1.03,0.0,$0.81B,$0.29B,2.78,$0.28B,$1.20B,0.23,$0.90B,$0.75B,82.83%,$0.90B,$-0.15B,-16.39%,$0.90B,$-0.15B,-16.39%,$0.90B,$-0.05B,-5.43%,$0.90B,$-0.14B,-15.95%,$0.90B,$-0.16B,-17.50%,$-0.16B,$1.20B,-13.14%,$-0.16B,$0.85B,-19.04%,$-0.16B,$1.80B,-9.02%,$-0.15B,$1.48B,-9.99%,$275,$39,$237,$104,$111,$270,$6,$5,$11,$21,$-10,$-10,$-10,$31,$6,$153,153,$-0.06,$-0.06,$434,$93,$0,$809,$285,$157,$349,$99,$988,$1797,$291,$278,$19,$303,$594,$2,$-1044,$-4,$1203,$1797,$-158,$99,$83,$182,$-42,$-30,$0,$-5,$-5,$19,$-51,$0,$0,$0,$33,$33,$0,$-18,$-3,$0,$-3,$24,$24,$0,$-16,$4,$5,$84,$0
4,2017-09-30,50.84,$7.72,6.58,$5.51,9.23,$-1.56,0.0,$-1.11,0.0,$0.78B,$0.26B,3.05,$0.28B,$1.19B,0.24,$0.84B,$0.69B,81.95%,$0.84B,$-0.18B,-21.14%,$0.84B,$-0.18B,-21.14%,$0.84B,$-0.08B,-9.38%,$0.84B,$-0.18B,-21.26%,$0.84B,$-0.17B,-20.07%,$-0.17B,$1.19B,-14.04%,$-0.17B,$0.82B,-20.71%,$-0.17B,$1.75B,-9.75%,$-0.18B,$1.47B,-12.00%,$217,$36,$181,$104,$100,$256,$-38,$3,$-36,$0,$-36,$-36,$-36,$-13,$-38,$154,154,$-0.24,$-0.24,$450,$85,$0,$782,$271,$119,$365,$95,$967,$1748,$256,$279,$20,$305,$561,$2,$-1035,$-3,$1187,$1748,$-148,$73,$49,$123,$-16,$-22,$0,$4,$9,$-17,$-33,$0,$0,$0,$29,$29,$0,$-4,$-2,$0,$-2,$18,$18,$0,$-16,$-0,$-21,$63,$0
5,2017-06-30,57.97,$7.82,7.41,$5.28,10.98,$-1.92,0.0,$-1.28,0.0,$0.80B,$0.23B,3.54,$0.28B,$1.20B,0.23,$0.81B,$0.65B,81.24%,$0.81B,$-0.20B,-24.97%,$0.81B,$-0.20B,-24.97%,$0.81B,$-0.10B,-12.80%,$0.81B,$-0.21B,-25.84%,$0.81B,$-0.20B,-24.35%,$-0.20B,$1.20B,-16.21%,$-0.20B,$0.82B,-24.32%,$-0.20B,$1.73B,-11.37%,$-0.20B,$1.48B,-13.49%,$219,$40,$179,$99,$109,$263,$-45,$-1,$-46,$-3,$-43,$-43,$-43,$-20,$-45,$153,153,$-0.28,$-0.28,$475,$77,$0,$796,$266,$86,$380,$91,$936,$1731,$225,$280,$18,$305,$529,$2,$-998,$-3,$1202,$1731,$-112,$48,$41,$89,$-9,$-15,$0,$-3,$-13,$-36,$-21,$0,$0,$0,$30,$30,$0,$9,$-2,$0,$-2,$16,$16,$0,$-16,$-2,$-28,$44,$0
6,2017-03-31,58.5,$7.95,7.36,$5.14,11.37,$-2.27,0.0,$-1.31,0.0,$0.76B,$0.21B,3.6,$0.28B,$1.22B,0.23,$0.78B,$0.64B,81.43%,$0.78B,$-0.20B,-25.99%,$0.78B,$-0.20B,-25.99%,$0.78B,$-0.11B,-13.70%,$0.78B,$-0.21B,-26.89%,$0.78B,$-0.20B,-25.61%,$-0.20B,$1.22B,-16.39%,$-0.20B,$0.82B,-24.97%,$-0.20B,$1.73B,-11.51%,$-0.20B,$1.50B,-13.52%,$192,$40,$151,$105,$102,$263,$-71,$-2,$-73,$-4,$-69,$-69,$-69,$-47,$-71,$153,153,$-0.45,$-0.45,$476,$64,$0,$759,$265,$113,$396,$91,$971,$1730,$211,$280,$16,$302,$513,$2,$-955,$-3,$1217,$1730,$-69,$24,$20,$44,$15,$-1,$0,$-1,$11,$-14,$-9,$0,$0,$0,$25,$25,$0,$15,$-1,$0,$-1,$7,$7,$0,$-13,$-7,$-5,$21,$0
7,2016-12-31,55.58,$7.93,7.0,$4.93,11.28,$-2.58,0.0,$-1.37,0.0,$0.79B,$0.21B,3.73,$0.28B,$1.21B,0.23,$0.75B,$0.61B,82.31%,$0.75B,$-0.21B,-28.02%,$0.75B,$-0.21B,-28.02%,$0.75B,$-0.11B,-15.28%,$0.75B,$-0.21B,-28.69%,$0.75B,$-0.21B,-27.88%,$-0.21B,$1.21B,-16.88%,$-0.21B,$0.80B,-26.07%,$-0.21B,$1.73B,-11.86%,$-0.21B,$1.49B,-13.80%,$214,$35,$179,$90,$97,$237,$-24,$-1,$-24,$-3,$-21,$-21,$-21,$1,$-24,$151,151,$-0.15,$-0.15,$497,$63,$0,$791,$265,$122,$411,$90,$936,$1726,$212,$281,$17,$305,$517,$2,$-948,$-3,$1209,$1726,$-208,$94,$78,$172,$-36,$-26,$0,$-11,$-27,$-64,$-43,$0,$0,$0,$171,$171,$0,$127,$-69,$0,$-69,$20,$20,$0,$-9,$-58,$5,$94,$0
8,2016-09-30,47.03,$7.97,5.9,$4.61,10.2,$-2.49,0.0,$-1.69,0.0,$0.81B,$0.19B,4.24,$0.28B,$1.21B,0.23,$0.70B,$0.56B,81.01%,$0.70B,$-0.25B,-36.26%,$0.70B,$-0.25B,-36.26%,$0.70B,$-0.16B,-23.02%,$0.70B,$-0.26B,-37.84%,$0.70B,$-0.26B,-36.83%,$-0.26B,$1.21B,-20.35%,$-0.26B,$0.78B,-31.65%,$-0.26B,$1.71B,-14.34%,$-0.25B,$1.49B,-16.35%,$180,$35,$145,$99,$91,$241,$-61,$-4,$-65,$-3,$-63,$-63,$-63,$-37,$-61,$152,152,$-0.41,$-0.41,$549,$54,$0,$807,$262,$75,$426,$86,$900,$1707,$190,$283,$17,$307,$498,$2,$-927,$-3,$1210,$1707,$-187,$70,$56,$125,$-22,$-17,$0,$3,$-9,$-71,$-34,$0,$0,$0,$182,$182,$0,$148,$-65,$0,$-65,$13,$13,$0,$-3,$-56,$21,$75,$0
9,2016-06-30,43.22,$8.21,5.27,$4.44,9.73,$-2.33,0.0,$-1.82,0.0,$0.93B,$0.24B,3.93,$0.28B,$1.24B,0.23,$0.67B,$0.54B,80.39%,$0.67B,$-0.27B,-40.12%,$0.67B,$-0.27B,-40.12%,$0.67B,$-0.18B,-26.95%,$0.67B,$-0.28B,-41.32%,$0.67B,$-0.27B,-41.02%,$-0.27B,$1.24B,-21.12%,$-0.27B,$0.80B,-32.88%,$-0.27B,$1.79B,-14.98%,$-0.27B,$1.53B,-16.94%,$195,$34,$161,$97,$96,$242,$-47,$-1,$-48,$-1,$-47,$-47,$-47,$-24,$-47,$151,151,$-0.31,$-0.31,$656,$50,$0,$929,$258,$22,$442,$87,$856,$1785,$236,$283,$15,$305,$542,$2,$-864,$-3,$1244,$1785,$-125,$46,$34,$80,$-30,$-13,$0,$-12,$-42,$-86,$-22,$0,$0,$0,$123,$123,$0,$101,$-3,$0,$-3,$7,$7,$0,$-4,$0,$15,$51,$0
10,2016-03-31,34.19,$8.37,4.08,$4.17,8.2,$-1.87,0.0,$-1.82,0.0,$0.84B,$0.22B,3.74,$0.28B,$1.27B,0.22,$0.62B,$0.50B,79.65%,$0.62B,$-0.27B,-43.91%,$0.62B,$-0.27B,-43.91%,$0.62B,$-0.19B,-30.13%,$0.62B,$-0.27B,-43.43%,$0.62B,$-0.27B,-43.75%,$-0.27B,$1.27B,-20.43%,$-0.27B,$0.81B,-31.84%,$-0.27B,$1.80B,-14.66%,$-0.27B,$1.55B,-16.74%,$157,$28,$129,$101,$90,$234,$-77,$-0,$-77,$0,$-77,$-77,$-77,$-54,$-77,$151,151,$-0.51,$-0.51,$625,$45,$0,$839,$256,$94,$457,$85,$956,$1795,$224,$284,$14,$306,$530,$2,$-817,$-3,$1265,$1795,$-77,$23,$-7,$15,$16,$-8,$0,$-2,$5,$-57,$-12,$0,$0,$0,$85,$85,$0,$73,$-2,$0,$-2,$3,$3,$0,$2,$3,$19,$24,$0
11,2015-12-31,79.38,$8.72,9.1,$4.22,18.81,$-1.47,0.0,$-1.52,0.0,$0.76B,$0.24B,3.2,$0.28B,$1.31B,0.22,$0.63B,$0.49B,77.87%,$0.63B,$-0.22B,-35.67%,$0.63B,$-0.22B,-35.67%,$0.63B,$-0.14B,-22.13%,$0.63B,$-0.22B,-35.67%,$0.63B,$-0.23B,-36.15%,$-0.23B,$1.31B,-16.51%,$-0.23B,$0.84B,-26.06%,$-0.23B,$1.86B,-11.98%,$-0.22B,$1.60B,-13.24%,$163,$35,$128,$94,$87,$230,$-67,$-6,$-73,$-3,$-69,$-69,$-69,$-45,$-67,$149,149,$-0.46,$-0.46,$535,$38,$0,$755,$255,$264,$472,$69,$1101,$1856,$236,$284,$13,$305,$541,$2,$-739,$-4,$1314,$1856,$-227,$86,$19,$105,$-16,$4,$0,$19,$82,$-40,$-52,$0,$50,$0,$-41,$-41,$0,$-43,$-7,$0,$-7,$45,$45,$0,$3,$41,$-43,$97,$0
12,2015-09-30,58.67,$9.12,6.43,$4.33,13.54,$-0.69,0.0,$-0.86,0.0,$1.00B,$0.20B,4.99,$0.29B,$1.37B,0.21,$0.64B,$0.49B,76.56%,$0.64B,$-0.17B,-27.03%,$0.64B,$-0.17B,-27.03%,$0.64B,$-0.08B,-13.13%,$0.64B,$-0.11B,-17.19%,$0.64B,$-0.13B,-19.84%,$-0.13B,$1.37B,-9.10%,$-0.13B,$0.88B,-14.66%,$-0.13B,$1.88B,-6.65%,$-0.17B,$1.65B,-10.01%,$153,$34,$119,$93,$89,$230,$-77,$-1,$-78,$3,$-81,$-81,$-81,$-57,$-77,$150,150,$-0.54,$-0.54,$772,$37,$0,$1000,$243,$44,$486,$81,$881,$1881,$200,$287,$13,$314,$514,$2,$-670,$-3,$1367,$1881,$-158,$64,$-4,$60,$-2,$14,$0,$-3,$55,$-43,$-37,$0,$50,$0,$-15,$-15,$0,$-1,$-5,$0,$-5,$32,$32,$0,$16,$42,$-2,$74,$0
13,2015-06-30,64.34,$9.37,6.87,$4.41,14.6,$-0.22,0.0,$-0.59,0.0,$1.02B,$0.13B,7.58,$0.35B,$1.40B,0.25,$0.65B,$0.48B,74.81%,$0.65B,$-0.13B,-19.94%,$0.65B,$-0.13B,-19.94%,$0.65B,$-0.04B,-5.41%,$0.65B,$-0.07B,-10.51%,$0.65B,$-0.09B,-13.29%,$-0.09B,$1.40B,-6.20%,$-0.09B,$0.90B,-10.33%,$-0.09B,$1.92B,-4.53%,$-0.13B,$1.75B,-7.43%,$151,$30,$121,$88,$72,$204,$-53,$9,$-43,$3,$-46,$-46,$-46,$-32,$-53,$149,149,$-0.31,$-0.31,$777,$39,$0,$1017,$239,$56,$500,$102,$898,$1915,$134,$348,$13,$381,$516,$2,$-589,$-3,$1399,$1915,$-77,$43,$-11,$32,$3,$7,$0,$-0,$31,$-13,$-25,$0,$50,$0,$-57,$-57,$0,$-32,$-3,$0,$-3,$22,$22,$0,$-1,$18,$-27,$39,$0
14,2015-03-31,60.97,$9.57,6.37,$4.39,13.9,$0.09,695.21,$-0.26,0.0,$1.00B,$0.11B,8.79,$0.35B,$1.42B,0.25,$0.65B,$0.47B,72.88%,$0.65B,$-0.10B,-15.25%,$0.65B,$-0.10B,-15.25%,$0.65B,$-0.00B,-0.15%,$0.65B,$-0.02B,-3.54%,$0.65B,$-0.04B,-5.55%,$-0.04B,$1.42B,-2.62%,$-0.04B,$0.86B,-4.53%,$-0.04B,$1.93B,-1.91%,$-0.10B,$1.77B,-5.73%,$161,$40,$121,$70,$63,$189,$-27,$-3,$-30,$1,$-31,$-31,$-31,$-5,$-27,$148,148,$-0.21,$-0.21,$747,$49,$0,$1004,$269,$58,$558,$36,$921,$1925,$114,$350,$12,$390,$504,$1,$-543,$-3,$1420,$1925,$-31,$22,$8,$31,$10,$3,$0,$-0,$2,$2,$-11,$0,$0,$0,$-18,$-18,$0,$-29,$-2,$0,$-2,$14,$14,$0,$0,$12,$-15,$17,$0
15,2014-12-31,58.56,$9.47,6.19,$4.20,13.93,$0.08,715.89,$-0.22,0.0,$0.88B,$0.13B,6.72,$0.35B,$1.40B,0.25,$0.62B,$0.44B,71.68%,$0.62B,$-0.09B,-14.24%,$0.62B,$-0.09B,-14.24%,$0.62B,$0.01B,1.78%,$0.62B,$-0.01B,-2.27%,$0.62B,$-0.03B,-4.69%,$-0.03B,$1.40B,-2.14%,$-0.03B,$0.82B,-3.82%,$-0.03B,$1.92B,-1.56%,$-0.09B,$1.75B,-5.15%,$175,$46,$129,$74,$55,$191,$-16,$56,$41,$10,$31,$31,$31,$10,$-16,$145,145,$0.20,$0.21,$631,$51,$0,$877,$266,$170,$574,$24,$1042,$1919,$131,$349,$12,$392,$522,$1,$-512,$-3,$1397,$1919,$-30,$98,$-68,$30,$-17,$-4,$0,$-24,$11,$11,$11,$0,$0,$0,$-274,$-274,$0,$-263,$-7,$0,$-7,$296,$296,$0,$20,$309,$57,$60,$0
16,2014-09-30,42.87,$9.13,4.7,$4.06,10.57,$0.43,99.26,$-0.30,0.0,$0.81B,$0.11B,7.38,$0.35B,$1.33B,0.27,$0.60B,$0.43B,71.36%,$0.60B,$-0.07B,-11.06%,$0.60B,$-0.07B,-11.06%,$0.60B,$0.01B,2.01%,$0.60B,$-0.05B,-8.71%,$0.60B,$-0.04B,-7.04%,$-0.04B,$1.33B,-3.30%,$-0.04B,$0.75B,-6.33%,$-0.04B,$1.84B,-2.36%,$-0.07B,$1.69B,-4.06%,$160,$47,$113,$78,$52,$193,$-33,$-4,$-36,$4,$-40,$-40,$-40,$-8,$-33,$146,146,$-0.27,$-0.27,$573,$50,$0,$813,$262,$144,$587,$32,$1025,$1838,$110,$353,$9,$394,$504,$1,$-543,$-3,$1334,$1838,$-61,$73,$-12,$60,$-10,$-18,$0,$-0,$-2,$-3,$-6,$0,$0,$0,$-304,$-304,$0,$-310,$-5,$0,$-5,$276,$276,$0,$10,$281,$-31,$46,$0
17,2014-06-30,50.33,$9.28,5.42,$3.99,12.63,$1.17,43.15,$-0.09,0.0,$0.89B,$0.10B,8.68,$0.35B,$1.35B,0.26,$0.58B,$0.41B,70.54%,$0.58B,$-0.04B,-6.41%,$0.58B,$-0.04B,-6.41%,$0.58B,$0.04B,6.93%,$0.58B,$-0.02B,-4.16%,$0.58B,$-0.01B,-1.73%,$-0.01B,$1.35B,-0.84%,$-0.01B,$0.75B,-1.75%,$-0.01B,$1.86B,-0.59%,$-0.04B,$1.71B,-2.39%,$153,$43,$110,$67,$51,$176,$-23,$25,$2,$-2,$4,$4,$4,$2,$-23,$145,154,$0.03,$0.02,$638,$57,$0,$887,$264,$75,$603,$28,$971,$1858,$102,$354,$12,$404,$506,$1,$-503,$-3,$1352,$1858,$-21,$47,$-2,$45,$-5,$-20,$0,$2,$-19,$5,$3,$0,$0,$184,$-433,$-249,$0,$-246,$-3,$0,$-3,$270,$270,$0,$-6,$261,$21,$33,$0
18,2014-03-31,44.09,$9.27,4.75,$3.96,11.14,$1.51,29.28,$-0.06,0.0,$0.78B,$0.09B,8.37,$0.36B,$1.34B,0.27,$0.56B,$0.39B,69.27%,$0.56B,0,0.00%,$0.56B,0,0.00%,$0.56B,$0.08B,13.32%,$0.56B,$-0.02B,-2.84%,$0.56B,$-0.01B,-1.24%,$-0.01B,$1.34B,-0.64%,$-0.01B,$0.72B,-1.51%,$-0.01B,$1.84B,-0.44%,$0.00B,$1.70B,0.00%,$130,$39,$91,$52,$43,$146,$-16,$-5,$-21,$4,$-24,$-24,$-24,$7,$-16,$143,143,$-0.17,$-0.17,$552,$55,$0,$777,$269,$149,$618,$22,$1059,$1835,$93,$356,$10,$403,$496,$1,$-507,$8,$1340,$1835,$-24,$23,$5,$28,$11,$-14,$0,$-1,$-7,$-3,$-6,$0,$0,$0,$-267,$-267,$0,$-273,$-2,$0,$-2,$259,$259,$0,$7,$265,$-11,$13,$0
19,2013-12-31,40.66,$7.73,5.26,$4.22,9.64,$1.91,21.32,$0.13,312.77,$0.57B,$0.10B,5.65,$0.36B,$1.07B,0.34,$0.60B,$0.41B,69.46%,$0.60B,$0.04B,5.87%,$0.60B,$0.04B,5.87%,$0.60B,$0.11B,17.62%,$0.60B,$0.01B,2.18%,$0.60B,$0.02B,3.36%,$0.02B,$1.07B,1.99%,$0.02B,$0.44B,5.64%,$0.02B,$1.58B,1.32%,$0.04B,$1.42B,2.57%,$154,$43,$112,$49,$44,$149,$6,$-3,$3,$-15,$18,$18,$18,$11,$6,$137,146,$0.13,$0.12,$362,$46,$0,$570,$274,$88,$630,$15,$1007,$1578,$101,$358,$13,$412,$512,$1,$-482,$11,$1065,$1578,$18,$71,$1,$72,$-10,$-6,$0,$3,$3,$92,$-19,$0,$0,$0,$-46,$-46,$0,$-65,$-5,$0,$-5,$49,$49,$0,$-0,$44,$71,$33,$0
20,2013-09-30,33.62,$7.44,4.52,$4.15,8.1,$1.82,18.43,$0.13,258.62,$0.52B,$0.07B,7.1,$0.36B,$1.02B,0.35,$0.58B,$0.40B,69.03%,$0.58B,$0.05B,9.34%,$0.58B,$0.05B,9.34%,$0.58B,$0.14B,23.88%,$0.58B,$0.03B,5.36%,$0.58B,$0.02B,3.11%,$0.02B,$1.02B,1.86%,$0.02B,$0.37B,5.88%,$0.02B,$1.51B,1.23%,$0.05B,$1.38B,4.06%,$140,$45,$94,$46,$39,$144,$-4,$-4,$-8,$0,$-8,$-8,$-8,$20,$-4,$136,136,$-0.06,$-0.06,$339,$41,$0,$524,$274,$56,$643,$16,$989,$1512,$74,$359,$17,$422,$495,$1,$-500,$6,$1017,$1512,$3,$66,$26,$91,$-1,$-3,$0,$-0,$16,$109,$-17,$0,$0,$95,$-198,$-103,$0,$-120,$-7,$0,$-7,$51,$51,$0,$4,$48,$38,$31,$0
21,2013-06-30,28.68,$7.26,3.95,$4.07,7.04,$1.41,20.4,$0.06,478.0,$0.42B,$0.07B,5.81,$0.36B,$0.98B,0.37,$0.56B,$0.39B,68.86%,$0.56B,$0.06B,11.21%,$0.56B,$0.06B,11.21%,$0.56B,$0.14B,25.27%,$0.56B,$0.02B,4.09%,$0.56B,$0.01B,1.60%,$0.01B,$0.98B,0.96%,$0.01B,$0.33B,3.44%,$0.01B,$1.48B,0.63%,$0.06B,$1.34B,4.86%,$139,$46,$93,$33,$33,$125,$14,$-3,$10,$3,$7,$7,$7,$37,$14,$135,143,$0.05,$0.05,$229,$39,$0,$422,$281,$96,$656,$22,$1056,$1478,$73,$361,$17,$423,$496,$1,$-493,$-3,$982,$1478,$10,$42,$12,$54,$-11,$-1,$0,$-1,$4,$68,$-12,$0,$0,$0,$-105,$-105,$0,$-117,$-5,$0,$-5,$32,$32,$0,$3,$30,$-19,$17,$0
22,2013-03-31,23.7,$7.12,3.33,$4.23,5.6,$0.93,25.52,$0.18,131.67,$0.41B,$0.09B,4.76,$0.36B,$0.95B,0.38,$0.58B,$0.40B,70.26%,$0.58B,$0.08B,14.09%,$0.58B,$0.08B,14.09%,$0.58B,$0.14B,23.83%,$0.58B,$0.04B,6.26%,$0.58B,$0.02B,4.17%,$0.02B,$0.95B,2.64%,$0.02B,$0.28B,10.64%,$0.02B,$1.47B,1.68%,$0.08B,$1.32B,6.27%,$163,$48,$115,$36,$35,$144,$19,$-11,$8,$5,$3,$3,$3,$37,$19,$133,140,$0.02,$0.02,$221,$43,$0,$409,$288,$83,$669,$22,$1062,$1470,$86,$362,$23,$432,$518,$1,$-500,$-3,$952,$1470,$3,$18,$11,$29,$-5,$1,$0,$0,$23,$55,$-8,$0,$0,$39,$-142,$-104,$0,$-112,$-4,$0,$-4,$17,$17,$0,$5,$18,$-39,$8,$0
23,2012-12-31,18.52,$6.95,2.67,$4.07,4.55,$0.59,31.34,$-0.33,0.0,$0.39B,$0.08B,5.02,$0.36B,$0.92B,0.39,$0.54B,$0.37B,67.90%,$0.54B,$0.00B,0.74%,$0.54B,$0.00B,0.74%,$0.54B,$0.04B,7.75%,$0.54B,$-0.04B,-7.38%,$0.54B,$-0.04B,-7.75%,$-0.04B,$0.92B,-4.74%,$-0.04B,$0.24B,-22.08%,$-0.04B,$1.41B,-2.97%,$0.00B,$1.28B,0.31%,$136,$39,$97,$31,$30,$111,$25,$-5,$21,$4,$16,$16,$16,$44,$25,$132,137,$0.12,$0.12,$209,$46,$0,$388,$292,$30,$679,$23,$1024,$1412,$77,$362,$10,$415,$492,$1,$-503,$-3,$920,$1412,$22,$55,$32,$88,$-23,$-8,$0,$-0,$-39,$71,$-14,$0,$0,$0,$59,$59,$-1,$44,$-80,$0,$-80,$18,$18,$0,$-0,$-63,$52,$27,$0
24,2012-09-30,20.75,$6.73,3.08,$4.05,5.13,$-0.03,0.0,$-0.56,0.0,$0.36B,$0.07B,5.16,$0.36B,$0.89B,0.41,$0.53B,$0.35B,66.54%,$0.53B,$0.11B,19.74%,$0.53B,$-0.02B,-3.95%,$0.53B,$0.15B,27.26%,$0.53B,$-0.08B,-14.29%,$0.53B,$-0.07B,-13.72%,$-0.07B,$0.89B,-8.28%,$-0.07B,$0.20B,-45.34%,$-0.07B,$1.37B,-5.07%,$0.11B,$1.25B,8.05%,$124,$41,$82,$35,$31,$119,$5,$-22,$-16,$0,$-17,$-17,$-17,$24,$5,$131,131,$-0.13,$-0.13,$199,$41,$0,$355,$295,$9,$690,$22,$1016,$1371,$69,$364,$11,$417,$486,$1,$-519,$-3,$885,$1371,$6,$37,$28,$65,$-6,$-3,$0,$0,$-26,$45,$-11,$0,$0,$0,$86,$86,$0,$75,$-78,$0,$-78,$10,$10,$0,$-3,$-71,$49,$19,$0
25,2012-06-30,16.97,$6.75,2.51,$3.80,4.46,$-0.48,0.0,$-0.65,0.0,$0.35B,$0.07B,4.95,$0.44B,$0.88B,0.5,$0.48B,$0.33B,67.92%,$0.48B,$0.09B,18.33%,$0.48B,$-0.04B,-7.92%,$0.48B,$0.11B,23.75%,$0.48B,$-0.08B,-16.46%,$0.48B,$-0.08B,-16.25%,$-0.08B,$0.88B,-8.79%,$-0.08B,$0.18B,-55.12%,$-0.08B,$1.45B,-5.30%,$0.09B,$1.32B,6.62%,$152,$42,$110,$38,$30,$120,$32,$-9,$23,$1,$22,$22,$22,$32,$32,$130,135,$0.17,$0.17,$164,$41,$0,$352,$300,$68,$700,$26,$1093,$1446,$71,$441,$9,$492,$563,$1,$-502,$-3,$882,$1446,$22,$18,$10,$28,$-39,$-0,$0,$4,$-55,$-5,$-7,$0,$0,$57,$-41,$16,$0,$9,$-1,$0,$-1,$1,$1,$0,$-3,$-3,$2,$8,$0
26,2012-03-31,18.55,$6.56,2.83,$3.32,5.6,$-0.59,0.0,$-0.96,0.0,$0.40B,$0.09B,4.43,$0.44B,$0.00B,0.0,$0.39B,$0.26B,67.18%,$0.39B,$0.04B,10.77%,$0.39B,$-0.08B,-21.54%,$0.39B,$0.07B,17.44%,$0.39B,$-0.12B,-29.49%,$0.39B,$-0.11B,-28.97%,$-0.11B,$0.85B,-14.76%,$-0.11B,$0.14B,-58.10%,$-0.11B,$1.44B,-9.23%,$0.04B,$1.30B,3.83%,$130,$51,$79,$45,$34,$188,$-58,$-10,$-68,$-4,$-63,$-63,$-63,$-58,$-58,$130,130,$-0.49,$-0.49,$246,$40,$0,$395,$303,$0,$711,$27,$1040,$1435,$89,$441,$43,$492,$581,$0,$0,$0,$854,$1435,$0,$0,$0,$0,$0,$0,$0,$0,$0,$0,$0,$0,$0,$0,$0,$0,$0,$0,$0,$0,$0,$0,$0,$0,$0,$0,$0,$0,$0
27,2011-12-31,17.36,$6.95,2.5,$2.31,7.51,$-0.59,0.0,$-0.47,0.0,$0.38B,$0.10B,3.86,$0.44B,$0.91B,0.49,$0.26B,$0.18B,70.38%,$0.26B,$0.10B,38.46%,$0.26B,$-0.03B,-10.00%,$0.26B,$0.13B,48.46%,$0.26B,$-0.05B,-18.08%,$0.26B,$-0.05B,-19.23%,$-0.05B,$0.91B,-7.69%,$-0.05B,$0.12B,-19.47%,$-0.05B,$1.51B,-5.11%,$0.10B,$1.35B,11.48%,$126,$43,$83,$40,$0,$0,$126,$0,$-15,$0,$0,$0,$-15,$147,$0,$130,130,$-0.11,$-0.11,$213,$46,$0,$375,$303,$21,$781,$27,$1131,$1506,$97,$442,$8,$504,$601,$1,$-462,$-3,$905,$1506,$-50,$27,$10,$37,$-22,$-8,$0,$1,$-5,$-18,$-9,$0,$-495,$0,$108,$108,$0,$-396,$444,$0,$444,$17,$17,$0,$-0,$460,$47,$22,$0
28,2011-09-30,15.25,$7.00,2.18,$1.80,8.46,$-0.62,0.0,$-0.48,0.0,$0.36B,$0.09B,3.94,$0.44B,$0.91B,0.49,$0.18B,$0.13B,73.60%,$0.18B,$0.02B,10.11%,$0.18B,$-0.03B,-14.61%,$0.18B,$0.03B,14.04%,$0.18B,$-0.04B,-24.16%,$0.18B,$-0.05B,-25.84%,$-0.05B,$0.91B,-8.80%,$-0.05B,$0.12B,-14.16%,$-0.05B,$1.50B,-6.45%,$0.02B,$1.35B,2.84%,$72,$18,$54,$28,$36,$84,$-12,$-7,$-19,$4,$-22,$-22,$-22,$-7,$-12,$102,102,$-0.22,$-0.22,$216,$47,$0,$356,$305,$25,$793,$26,$1148,$1504,$90,$442,$8,$504,$594,$1,$-447,$-3,$910,$1504,$-35,$6,$1,$7,$1,$-12,$0,$0,$13,$-16,$-4,$0,$-495,$0,$106,$106,$0,$-393,$444,$0,$444,$15,$15,$0,$0,$459,$51,$13,$0
29,2011-06-30,18.6,$4.05,4.6,$1.62,11.51,$-0.78,0.0,$-0.34,0.0,$0.31B,$0.05B,6.77,$0.00B,$0.39B,0.0,$0.16B,$0.11B,72.26%,$0.16B,$0.02B,14.84%,$0.16B,$-0.02B,-13.55%,$0.16B,$0.03B,17.42%,$0.16B,$-0.03B,-21.29%,$0.16B,$-0.03B,-20.65%,$-0.03B,$0.39B,-8.08%,$-0.03B,$0.39B,-8.08%,$-0.03B,$0.45B,-7.12%,$0.02B,$0.39B,5.81%,$62,$16,$46,$28,$31,$76,$-14,$1,$-13,$-0,$-13,$-13,$-13,$-14,$-14,$97,97,$-0.14,$-0.14,$248,$18,$0,$308,$94,$38,$0,$11,$143,$451,$46,$0,$7,$12,$57,$1,$-424,$-2,$394,$451,$-13,$2,$6,$7,$-12,$2,$0,$0,$-12,$-18,$-1,$0,$0,$0,$8,$8,$0,$7,$12,$0,$12,$0,$0,$0,$-3,$9,$-2,$6,$0
30,2011-03-31,12.95,$0.00,0.0,$1.42,9.13,$-0.76,0.0,$-0.34,0.0,$0.25B,$0.05B,5.26,$0.00B,$0.39B,0.0,$0.14B,$0.10B,71.11%,$0.14B,$0.02B,17.78%,$0.14B,$-0.02B,-14.81%,$0.14B,$0.03B,20.74%,$0.14B,$-0.03B,-24.44%,$0.14B,$-0.03B,-23.70%,$-0.03B,$0.39B,-8.03%,$-0.03B,$0.39B,-8.03%,$-0.03B,$0.45B,-6.96%,$0.02B,$0.39B,6.02%,$0,$0,$0,$0,$0,$0,$0,$0,$0,$0,$0,$0,$0,$0,$0,$0,0,$0.00,$0.00,$201,$20,$0,$253,$95,$93,$0,$11,$199,$452,$48,$0,$8,$12,$60,$1,$-411,$-3,$392,$452,$0,$0,$0,$0,$0,$0,$0,$0,$0,$0,$0,$0,$0,$0,$0,$0,$0,$0,$0,$0,$0,$0,$0,$0,$0,$0,$0,$0,$0
31,2010-12-31,12.28,$4.14,2.97,$1.42,8.66,$-0.76,0.0,$-0.34,0.0,$0.23B,$0.04B,6.05,$0.00B,$0.40B,0.0,$0.14B,$0.10B,71.11%,$0.14B,$0.02B,17.78%,$0.14B,$-0.02B,-14.81%,$0.14B,$0.03B,20.74%,$0.14B,$-0.03B,-24.44%,$0.14B,$-0.03B,-23.70%,$-0.03B,$0.40B,-7.93%,$-0.03B,$0.40B,-7.93%,$-0.03B,$0.45B,-6.72%,$0.02B,$0.40B,5.94%,$44,$13,$31,$23,$0,$0,$44,$0,$-11,$0,$0,$0,$-11,$46,$0,$96,96,$-0.12,$-0.12,$177,$19,$0,$233,$96,$108,$0,$11,$215,$447,$38,$0,$8,$13,$51,$1,$-398,$-3,$396,$447,$-32,$6,$18,$25,$1,$4,$0,$-7,$-6,$-14,$-8,$0,$0,$0,$25,$25,$0,$17,$-45,$0,$-45,$2,$2,$0,$0,$-43,$-40,$15,$0
32,2010-09-30,14.65,$4.21,3.48,$1.42,10.28,$-0.76,0.0,$-0.29,0.0,$0.30B,$0.04B,8.54,$0.00B,$0.40B,0.0,$0.14B,$0.10B,73.33%,$0.14B,$0.02B,17.78%,$0.14B,$-0.02B,-14.81%,$0.14B,$0.03B,22.96%,$0.14B,$-0.03B,-21.48%,$0.14B,$-0.03B,-20.74%,$-0.03B,$0.40B,-6.84%,$-0.03B,$0.40B,-6.84%,$-0.03B,$0.45B,-5.67%,$0.02B,$0.40B,5.75%,$49,$14,$35,$24,$18,$56,$-7,$-2,$-9,$-1,$-8,$-8,$-8,$-5,$-7,$96,96,$-0.08,$-0.08,$230,$18,$0,$299,$97,$43,$0,$10,$150,$449,$35,$0,$7,$12,$47,$1,$-387,$-2,$402,$449,$-21,$4,$11,$15,$-10,$2,$0,$-5,$-21,$-27,$-7,$0,$0,$276,$-241,$36,$0,$29,$-45,$0,$-45,$1,$1,$0,$0,$-44,$-42,$9,$0
33,2010-06-30,12.45,$4.23,2.95,$1.42,8.79,$-0.64,0.0,$-0.30,0.0,$0.35B,$0.08B,4.58,$0.00B,$0.40B,0.0,$0.13B,$0.10B,72.39%,$0.13B,$0.02B,17.16%,$0.13B,$-0.02B,-15.67%,$0.13B,$0.03B,24.63%,$0.13B,$-0.03B,-21.64%,$0.13B,$-0.03B,-21.64%,$-0.03B,$0.40B,-7.00%,$-0.03B,$0.40B,-7.00%,$-0.03B,$0.49B,-5.64%,$0.02B,$0.40B,5.32%,$42,$13,$30,$23,$20,$55,$-13,$-0,$-13,$-0,$-13,$-13,$-13,$-13,$-13,$95,95,$-0.14,$-0.14,$292,$20,$0,$347,$98,$36,$0,$10,$144,$492,$76,$0,$7,$12,$88,$1,$-379,$-3,$404,$492,$-13,$2,$4,$6,$1,$2,$0,$-0,$-6,$-13,$-4,$0,$0,$0,$33,$33,$0,$29,$-6,$0,$-6,$0,$0,$0,$0,$-5,$11,$4,$0
34,2010-03-31,12.97,$0.00,0.0,$1.47,8.8,$-0.65,0.0,$-0.27,0.0,$0.34B,$0.09B,3.71,$0.00B,$0.41B,0.0,$0.14B,$0.10B,73.38%,$0.14B,$0.03B,18.71%,$0.14B,$-0.02B,-12.95%,$0.14B,$0.04B,25.90%,$0.14B,$-0.03B,-18.71%,$0.14B,$-0.03B,-18.71%,$-0.03B,$0.41B,-6.19%,$-0.03B,$0.41B,-6.19%,$-0.03B,$0.52B,-4.96%,$0.03B,$0.41B,5.79%,$0,$0,$0,$0,$0,$0,$0,$0,$0,$0,$0,$0,$0,$0,$0,$0,0,$0.00,$0.00,$281,$21,$0,$338,$97,$69,$0,$12,$177,$516,$91,$0,$7,$12,$103,$1,$-366,$-3,$413,$516,$0,$0,$0,$0,$0,$0,$0,$0,$0,$0,$0,$0,$0,$0,$0,$0,$0,$0,$0,$0,$0,$0,$0,$0,$0,$0,$0,$0,$0
35,2009-12-31,9.41,$4.42,2.13,$1.47,6.38,$-0.65,0.0,$-0.27,0.0,$0.29B,$0.06B,5.1,$0.03B,$0.42B,0.08,$0.14B,$0.10B,73.38%,$0.14B,$0.03B,18.71%,$0.14B,$-0.02B,-12.95%,$0.14B,$0.04B,25.90%,$0.14B,$-0.03B,-18.71%,$0.14B,$-0.03B,-18.71%,$-0.03B,$0.42B,-6.11%,$-0.03B,$0.42B,-6.11%,$-0.03B,$0.52B,-4.84%,$0.03B,$0.45B,5.57%,$44,$10,$34,$23,$0,$0,$44,$0,$-7,$0,$0,$0,$-7,$49,$0,$95,95,$-0.07,$-0.07,$239,$20,$0,$293,$96,$119,$0,$12,$227,$520,$58,$32,$6,$43,$101,$1,$-352,$-4,$419,$520,$-26,$20,$13,$33,$-4,$1,$0,$-6,$-20,$-12,$-9,$0,$0,$0,$28,$28,$0,$20,$-18,$0,$-18,$-3,$-3,$0,$0,$-20,$-13,$11,$0
36,2009-09-30,9.19,$4.45,2.06,$2.63,3.49,$0.02,516.29,$0.98,9.38,$0.36B,$0.06B,6.36,$0.04B,$0.42B,0.09,$0.25B,$0.22B,86.85%,$0.25B,$0.14B,54.98%,$0.25B,$-0.02B,-7.17%,$0.25B,$0.15B,57.77%,$0.25B,$0.09B,37.05%,$0.25B,$0.09B,37.45%,$0.09B,$0.42B,21.68%,$0.09B,$0.42B,21.68%,$0.09B,$0.53B,16.90%,$0.14B,$0.46B,28.54%,$48,$15,$33,$21,$21,$56,$-8,$-1,$-9,$-0,$-9,$-9,$-9,$-3,$-8,$95,95,$-0.09,$-0.09,$295,$19,$0,$355,$94,$74,$0,$3,$172,$527,$56,$38,$6,$49,$105,$1,$-345,$-5,$422,$527,$-19,$15,$9,$24,$-9,$0,$0,$-6,$-24,$-19,$-4,$0,$0,$0,$3,$3,$0,$-1,$-12,$0,$-12,$-3,$-3,$0,$0,$-14,$-34,$7,$0
37,2009-06-30,10.82,$4.50,2.4,$2.61,4.14,$0.65,16.6,$1.09,9.93,$0.37B,$0.05B,7.1,$0.04B,$0.43B,0.1,$0.25B,$0.22B,88.00%,$0.25B,$0.15B,60.00%,$0.25B,$-0.01B,-2.40%,$0.25B,$0.15B,61.60%,$0.25B,$0.10B,41.60%,$0.25B,$0.11B,42.00%,$0.11B,$0.43B,25.44%,$0.11B,$0.43B,25.44%,$0.11B,$0.54B,18.24%,$0.15B,$0.47B,31.76%,$47,$13,$35,$26,$19,$58,$-10,$-0,$-10,$-0,$-10,$-10,$-10,$-10,$-10,$95,95,$-0.11,$-0.11,$317,$21,$0,$371,$98,$63,$0,$3,$164,$535,$52,$44,$7,$56,$108,$1,$-336,$-4,$427,$535,$-10,$10,$3,$13,$-3,$1,$0,$-5,$-19,$-16,$-2,$0,$0,$0,$-16,$-16,$0,$-18,$-6,$0,$-6,$-2,$-2,$0,$0,$-8,$-42,$3,$0
38,2009-03-31,12.13,$0.00,0.0,$2.94,4.13,$1.22,9.95,$1.51,8.03,$0.38B,$0.07B,5.45,$0.05B,$0.44B,0.12,$0.28B,$0.25B,88.69%,$0.28B,$0.19B,67.49%,$0.28B,$0.04B,12.37%,$0.28B,$0.20B,68.90%,$0.28B,$0.15B,51.24%,$0.28B,$0.15B,51.24%,$0.15B,$0.44B,37.35%,$0.15B,$0.44B,37.35%,$0.15B,$0.57B,24.00%,$0.19B,$0.49B,40.62%,$0,$0,$0,$0,$0,$0,$0,$0,$0,$0,$0,$0,$0,$0,$0,$0,0,$0.00,$0.00,$324,$20,$0,$376,$106,$81,$0,$3,$190,$566,$69,$50,$7,$63,$132,$1,$-326,$-6,$435,$566,$0,$0,$0,$0,$0,$0,$0,$0,$0,$0,$0,$0,$0,$0,$0,$0,$0,$0,$0,$0,$0,$0,$0,$0,$0,$0,$0,$0,$0
39,2008-12-31,10.65,$4.74,2.25,$2.94,3.62,$1.22,8.73,$1.51,7.05,$0.41B,$0.07B,6.2,$0.07B,$0.45B,0.15,$0.28B,$0.25B,88.69%,$0.28B,$0.19B,67.49%,$0.28B,$0.04B,12.37%,$0.28B,$0.20B,68.90%,$0.28B,$0.15B,51.24%,$0.28B,$0.15B,51.24%,$0.15B,$0.45B,40.76%,$0.15B,$0.45B,40.76%,$0.15B,$0.60B,23.14%,$0.19B,$0.52B,41.03%,$156,$6,$150,$23,$0,$0,$156,$0,$112,$-0,$0,$0,$113,$158,$0,$95,96,$1.18,$1.18,$345,$21,$0,$407,$107,$79,$0,$3,$189,$597,$66,$69,$7,$81,$147,$1,$-312,$-2,$450,$597,$144,$8,$14,$21,$12,$-5,$0,$-129,$-126,$39,$4,$0,$0,$0,$-3,$-3,$0,$1,$-67,$0,$-67,$-10,$-10,$0,$0,$-77,$-38,$12,$0
40,2008-09-30,13.3,$3.56,3.74,$1.80,7.38,$0.88,15.13,$1.96,6.79,$0.40B,$0.05B,8.79,$0.08B,$0.34B,0.22,$0.18B,$0.14B,80.90%,$0.18B,$0.09B,48.31%,$0.18B,$0.04B,19.66%,$0.18B,$0.09B,51.12%,$0.18B,$0.21B,115.17%,$0.18B,$0.20B,112.92%,$0.20B,$0.34B,59.20%,$0.20B,$0.34B,59.20%,$0.20B,$0.61B,30.45%,$0.09B,$0.42B,18.22%,$47,$12,$35,$20,$12,$43,$4,$-2,$2,$-0,$2,$2,$2,$6,$4,$96,97,$0.02,$0.02,$332,$16,$0,$400,$109,$93,$0,$3,$205,$605,$45,$76,$7,$221,$266,$1,$-425,$-1,$339,$605,$31,$5,$5,$10,$2,$1,$0,$1,$-7,$35,$4,$0,$0,$0,$2,$2,$0,$6,$-67,$0,$-67,$-6,$-6,$0,$0,$-73,$-33,$8,$0
41,2008-06-30,12.36,$3.47,3.57,$1.88,6.58,$0.43,28.58,$2.01,6.15,$0.43B,$0.04B,10.8,$0.13B,$0.33B,0.41,$0.19B,$0.16B,83.16%,$0.19B,$0.09B,46.84%,$0.19B,$0.04B,20.00%,$0.19B,$0.10B,50.00%,$0.19B,$0.21B,111.05%,$0.19B,$0.21B,108.95%,$0.21B,$0.33B,65.82%,$0.21B,$0.33B,65.82%,$0.21B,$0.65B,31.75%,$0.09B,$0.46B,19.04%,$80,$14,$66,$22,$12,$49,$31,$-1,$31,$1,$30,$30,$30,$31,$31,$95,97,$0.31,$0.31,$371,$16,$0,$425,$111,$102,$0,$11,$224,$649,$39,$134,$9,$281,$320,$1,$-427,$-2,$329,$649,$30,$3,$5,$8,$7,$2,$0,$-0,$-6,$32,$5,$0,$0,$-8,$0,$-8,$0,$-3,$-13,$0,$-13,$-10,$-10,$0,$0,$-24,$5,$4,$0
42,2008-03-31,11.88,$0.00,0.0,$1.71,6.94,$-0.24,0.0,$1.78,6.67,$0.41B,$0.04B,9.83,$0.16B,$0.31B,0.53,$0.18B,$0.15B,84.36%,$0.18B,$0.07B,38.55%,$0.18B,$0.02B,10.06%,$0.18B,$0.08B,41.90%,$0.18B,$0.19B,106.70%,$0.18B,$0.19B,103.91%,$0.19B,$0.31B,64.58%,$0.19B,$0.31B,64.58%,$0.19B,$0.66B,29.49%,$0.07B,$0.47B,15.44%,$0,$0,$0,$0,$0,$0,$0,$0,$0,$0,$0,$0,$0,$0,$0,$0,0,$0.00,$0.00,$341,$19,$0,$413,$113,$119,$0,$12,$243,$656,$42,$160,$9,$309,$351,$1,$-457,$-2,$305,$656,$0,$0,$0,$0,$0,$0,$0,$0,$0,$0,$0,$0,$0,$0,$0,$0,$0,$0,$0,$0,$0,$0,$0,$0,$0,$0,$0,$0,$0
43,2007-12-31,15.59,$3.83,4.07,$1.71,9.11,$-0.24,0.0,$1.78,8.76,$0.58B,$0.04B,14.77,$0.16B,$0.39B,0.41,$0.18B,$0.15B,84.36%,$0.18B,$0.07B,38.55%,$0.18B,$0.02B,10.06%,$0.18B,$0.08B,41.90%,$0.18B,$0.19B,106.70%,$0.18B,$0.19B,103.91%,$0.19B,$0.39B,70.86%,$0.19B,$0.39B,70.86%,$0.19B,$0.73B,30.54%,$0.07B,$0.54B,16.41%,$51,$7,$43,$30,$0,$0,$51,$0,$172,$3,$0,$0,$169,$54,$0,$102,104,$1.66,$1.63,$511,$23,$0,$582,$132,$5,$0,$12,$149,$730,$39,$159,$6,$306,$346,$1,$-438,$-1,$385,$730,$185,$9,$-155,$-146,$14,$-8,$0,$-4,$-12,$28,$-18,$0,$0,$82,$167,$249,$0,$231,$-1,$0,$-1,$-18,$-18,$0,$0,$-19,$240,$15,$0
44,2007-09-30,18.4,$2.34,7.87,$1.82,10.11,$0.23,78.73,$0.18,102.22,$0.43B,$0.03B,13.44,$0.16B,$0.24B,0.66,$0.19B,$0.16B,82.63%,$0.19B,$0.08B,42.11%,$0.19B,$0.02B,9.47%,$0.19B,$0.09B,45.26%,$0.19B,$0.02B,11.58%,$0.19B,$0.02B,10.53%,$0.02B,$0.24B,9.33%,$0.02B,$0.24B,9.33%,$0.02B,$0.57B,3.53%,$0.08B,$0.40B,21.52%,$59,$9,$49,$28,$14,$52,$7,$1,$8,$0,$8,$8,$8,$10,$7,$102,104,$0.08,$0.07,$358,$21,$0,$431,$132,$5,$0,$5,$142,$573,$32,$159,$6,$302,$334,$1,$-607,$0,$239,$573,$16,$6,$12,$19,$11,$-8,$0,$-8,$-25,$10,$-15,$0,$0,$2,$0,$2,$0,$-12,$-1,$0,$-1,$9,$9,$0,$0,$9,$6,$10,$0
45,2007-06-30,14.6,$2.19,6.66,$1.84,7.95,$0.58,25.36,$0.15,97.33,$0.42B,$0.04B,11.1,$0.16B,$0.22B,0.71,$0.19B,$0.16B,81.77%,$0.19B,$0.08B,40.10%,$0.19B,$0.02B,7.81%,$0.19B,$0.08B,43.23%,$0.19B,$0.02B,9.38%,$0.19B,$0.02B,8.33%,$0.02B,$0.22B,8.01%,$0.02B,$0.22B,8.01%,$0.02B,$0.56B,2.86%,$0.08B,$0.38B,21.57%,$69,$10,$59,$33,$15,$58,$11,$0,$11,$2,$9,$9,$9,$11,$11,$101,104,$0.09,$0.08,$326,$20,$0,$422,$130,$5,$0,$7,$142,$564,$38,$158,$7,$303,$341,$1,$-615,$0,$223,$564,$9,$3,$7,$10,$-12,$-7,$0,$-4,$-43,$-24,$-6,$0,$0,$6,$0,$6,$0,$-1,$-0,$0,$-0,$6,$6,$0,$0,$5,$-20,$6,$0
46,2007-03-31,15.44,$0.00,0.0,$1.72,8.95,$1.63,9.47,$0.06,257.33,$0.43B,$0.06B,6.98,$0.16B,$0.20B,0.77,$0.18B,$0.14B,80.00%,$0.18B,$0.07B,37.71%,$0.18B,$0.00B,2.29%,$0.18B,$0.07B,41.14%,$0.18B,$0.01B,3.43%,$0.18B,$0.01B,3.43%,$0.01B,$0.20B,3.18%,$0.01B,$0.20B,3.18%,$0.01B,$0.57B,1.07%,$0.07B,$0.36B,19.10%,$0,$0,$0,$0,$0,$0,$0,$0,$0,$0,$0,$0,$0,$0,$0,$0,0,$0.00,$0.00,$352,$18,$0,$433,$124,$5,$0,$7,$136,$569,$62,$157,$7,$303,$365,$1,$-624,$1,$203,$569,$0,$0,$0,$0,$0,$0,$0,$0,$0,$0,$0,$0,$0,$0,$0,$0,$0,$0,$0,$0,$0,$0,$0,$0,$0,$0,$0,$0,$0
47,2006-12-31,13.37,$1.90,7.02,$1.72,7.75,$1.63,8.2,$0.06,222.83,$0.43B,$0.07B,6.24,$0.16B,$0.19B,0.82,$0.18B,$0.14B,80.00%,$0.18B,$0.07B,37.71%,$0.18B,$0.00B,2.29%,$0.18B,$0.07B,41.14%,$0.18B,$0.01B,3.43%,$0.18B,$0.01B,3.43%,$0.01B,$0.19B,4.00%,$0.01B,$0.19B,4.00%,$0.01B,$0.56B,1.12%,$0.07B,$0.35B,19.56%,$62,$13,$49,$30,$0,$0,$62,$0,$3,$0,$0,$0,$3,$65,$0,$101,105,$0.03,$0.03,$351,$14,$0,$434,$117,$5,$0,$7,$129,$563,$70,$157,$6,$302,$371,$1,$-627,$0,$192,$563,$6,$9,$102,$111,$-11,$-10,$0,$1,$-32,$85,$-25,$0,$0,$-3,$0,$-3,$0,$-28,$-1,$0,$-1,$-7,$-7,$0,$0,$-7,$50,$22,$0
