,Date,Stock Price,Book Value per Share,Price to Book Ratio,TTM Sales per Share,Price to Sales Ratio,TTM FCF per Share,Price to FCF Ratio,TTM Net EPS,PE Ratio,Current Assets,Current Liabilities,Current Ratio,Long Term Debt,Shareholder's Equity_x,Debt to Equity Ratio,TTM Revenue_x,TTM Gross Profit,Gross Margin,TTM Revenue_y,TTM Operating Income,Operating Margin,TTM Revenue_x,TTM EBIT,EBIT Margin,TTM Revenue_y,TTM EBITDA,EBITDA Margin,TTM Revenue_x,TTM Pre-Tax Income,Pre-Tax Margin,TTM Revenue_y,TTM Net Income_x,Net Margin,TTM Net Income_y,Shareholder's Equity_y,Return on Equity,TTM Net Income_x,Tangible Equity,Return on Tangible Equity,TTM Net Income_y,Total Assets,Return on Assets,TTM Net Income,LT Investments & Debt,Return on Investment,revenue,cost-goods-sold,gross-profit,research-development-expenses,selling-general-administrative-expenses,operating-expenses,operating-income,total-non-operating-income-expense,pre-tax-income,total-provision-income-taxes,income-after-taxes,income-from-continuous-operations,net-income,ebitda,ebit,basic-shares-outstanding,shares-outstanding,eps-basic-net-earnings-per-share,eps-earnings-per-share-diluted,cash-on-hand,inventory,other-current-assets,total-current-assets,net-property-plant-equipment,long-term-investments,goodwill-intangible-assets-total,other-long-term-assets,total-long-term-assets,total-assets,total-current-liabilities,long-term-debt,other-non-current-liabilities,total-long-term-liabilities,total-liabilities,common-stock-net,retained-earnings-accumulated-deficit,comprehensive-income,total-share-holder-equity,total-liabilities-share-holders-equity,net-income-loss,total-depreciation-amortization-cash-flow,other-non-cash-items,total-non-cash-items,change-in-accounts-receivable,change-in-inventories,change-in-accounts-payable,change-in-assets-liabilities,total-change-in-assets-liabilities,cash-flow-from-operating-activities,net-change-in-property-plant-equipment,net-change-in-intangible-assets,net-acquisitions-divestitures,net-change-in-short-term-investments,net-change-in-long-term-investments,net-change-in-investments-total,investing-activities-other,cash-flow-from-investing-activities,net-long-term-debt,net-current-debt,debt-issuance-retirement-net-total,net-common-equity-issued-repurchased,net-total-equity-issued-repurchased,total-common-preferred-stock-dividends-paid,financial-activities-other,cash-flow-from-financial-activities,net-cash-flow,stock-based-compensation,common-stock-dividends-paid
0,2018-09-30,90.57,$6.30,14.37,$27.69,3.27,$6.35,14.27,$3.25,27.87,$0.87B,$0.49B,1.79,$1.42B,$0.60B,2.37,$2.65B,$1.15B,43.23%,$2.65B,$0.51B,19.26%,$2.65B,$0.51B,19.26%,$2.65B,$0.59B,22.39%,$2.65B,$0.43B,16.06%,$2.65B,$0.31B,11.76%,$0.31B,$0.60B,63.19%,$0.31B,$-0.84B,-36.54%,$0.31B,$2.73B,11.85%,$0.51B,$2.02B,26.43%,$712,$402,$309,$0,$167,$569,$142,$-12,$130,$14,$116,$116,$116,$163,$142,$95,96,$1.22,$1.21,$197,$278,$37,$873,$273,$0,$1436,$147,$1857,$2730,$487,$1418,$227,$1644,$2131,$1,$772,$-188,$599,$2730,$303,$66,$0,$66,$0,$0,$0,$-108,$-108,$260,$-32,$0,$-376,$0,$0,$0,$-1,$-409,$-27,$-1,$-27,$-30,$-30,$-60,$0,$-117,$-270,$0,$-60
1,2018-06-30,77.36,$5.36,14.45,$26.62,2.91,$5.39,14.37,$2.98,25.96,$0.85B,$0.47B,1.8,$1.43B,$0.51B,2.8,$2.55B,$1.11B,43.61%,$2.55B,$0.50B,19.45%,$2.55B,$0.50B,19.45%,$2.55B,$0.58B,22.55%,$2.55B,$0.41B,16.00%,$2.55B,$0.29B,11.22%,$0.29B,$0.51B,65.45%,$0.29B,$-0.87B,-34.10%,$0.29B,$2.63B,11.16%,$0.50B,$1.94B,26.45%,$705,$399,$306,$0,$162,$561,$143,$-12,$132,$18,$114,$114,$114,$166,$143,$95,96,$1.20,$1.19,$190,$265,$32,$853,$273,$0,$1373,$133,$1779,$2632,$473,$1426,$224,$1650,$2123,$1,$676,$-176,$509,$2632,$186,$46,$0,$46,$0,$0,$0,$-113,$-113,$119,$-21,$0,$-281,$0,$0,$0,$0,$-301,$-18,$-1,$-18,$-30,$-30,$-40,$-2,$-90,$-277,$0,$-40
2,2018-03-31,85.07,$4.86,17.52,$25.79,3.3,$4.81,17.7,$2.89,29.44,$0.80B,$0.45B,1.78,$1.47B,$0.46B,3.2,$2.47B,$1.09B,43.97%,$2.47B,$0.49B,19.74%,$2.47B,$0.49B,19.74%,$2.47B,$0.56B,22.65%,$2.47B,$0.40B,16.14%,$2.47B,$0.28B,11.25%,$0.28B,$0.46B,73.74%,$0.28B,$-0.96B,-33.16%,$0.28B,$2.63B,11.17%,$0.49B,$1.94B,26.99%,$613,$355,$258,$0,$159,$514,$99,$-13,$86,$14,$72,$72,$72,$121,$99,$95,96,$0.76,$0.75,$152,$272,$43,$803,$277,$0,$1424,$124,$1826,$2628,$452,$1474,$241,$1715,$2167,$1,$582,$-127,$461,$2628,$72,$23,$0,$23,$0,$0,$0,$-105,$-105,$-10,$-9,$0,$-276,$0,$0,$0,$0,$-285,$31,$0,$31,$-30,$-30,$-20,$-2,$-21,$-314,$0,$-20
3,2017-12-31,79.16,$4.27,18.56,$25.10,3.15,$4.50,17.61,$2.85,27.78,$1.03B,$0.46B,2.24,$1.44B,$0.41B,3.56,$2.41B,$1.07B,44.44%,$2.41B,$0.49B,20.31%,$2.41B,$0.49B,20.31%,$2.41B,$0.56B,23.05%,$2.41B,$0.40B,16.40%,$2.41B,$0.27B,11.38%,$0.27B,$0.41B,91.18%,$0.27B,$-0.75B,-32.93%,$0.27B,$2.54B,11.53%,$0.49B,$1.85B,28.53%,$623,$349,$274,$0,$147,$496,$127,$-48,$78,$66,$12,$12,$10,$144,$127,$95,96,$0.09,$0.10,$466,$240,$30,$1033,$252,$0,$1156,$102,$1509,$2542,$461,$1442,$233,$1676,$2137,$1,$544,$-153,$406,$2542,$277,$67,$32,$99,$-23,$-4,$0,$-2,$-28,$347,$-46,$0,$-20,$16,$0,$16,$0,$-50,$11,$-1,$10,$-53,$-53,$-63,$-46,$-151,$154,$16,$-63
4,2017-09-30,85.87,$3.92,21.93,$24.49,3.51,$4.82,17.82,$3.52,24.39,$0.93B,$0.43B,2.14,$1.41B,$0.37B,3.8,$2.36B,$1.03B,43.91%,$2.36B,$0.46B,19.49%,$2.36B,$0.46B,19.49%,$2.36B,$0.52B,22.25%,$2.36B,$0.40B,16.99%,$2.36B,$0.34B,14.39%,$0.34B,$0.37B,148.68%,$0.34B,$-0.78B,-38.35%,$0.34B,$2.45B,14.72%,$0.46B,$1.78B,28.07%,$609,$335,$274,$0,$147,$482,$127,$-15,$112,$22,$90,$90,$90,$144,$127,$95,96,$0.95,$0.94,$335,$257,$30,$925,$246,$0,$1149,$128,$1523,$2447,$432,$1412,$231,$1643,$2075,$1,$544,$-183,$372,$2447,$265,$50,$-50,$-0,$0,$0,$0,$-95,$-95,$170,$-34,$0,$-21,$16,$0,$16,$3,$-36,$-15,$-1,$-16,$-60,$-60,$-46,$3,$-119,$23,$0,$-46
5,2017-06-30,80.4,$2.84,28.35,$24.12,3.33,$4.96,16.2,$2.60,30.92,$0.84B,$0.44B,1.92,$1.39B,$0.27B,5.18,$2.33B,$1.02B,44.01%,$2.33B,$0.45B,19.51%,$2.33B,$0.45B,19.51%,$2.33B,$0.52B,22.30%,$2.33B,$0.31B,13.28%,$2.33B,$0.25B,10.79%,$0.25B,$0.27B,144.25%,$0.25B,$-0.86B,-26.92%,$0.25B,$2.34B,11.06%,$0.45B,$1.66B,28.65%,$627,$346,$281,$0,$146,$492,$135,$-12,$123,$17,$106,$106,$106,$151,$135,$95,96,$1.11,$1.10,$246,$248,$35,$839,$241,$0,$1133,$122,$1495,$2335,$437,$1394,$234,$1628,$2065,$1,$469,$-205,$269,$2335,$175,$33,$-50,$-17,$0,$0,$0,$-93,$-93,$64,$-21,$0,$-21,$15,$0,$15,$1,$-26,$-24,$-1,$-25,$-60,$-60,$-30,$5,$-111,$-67,$0,$-30
6,2017-03-31,74.88,$1.63,46.02,$23.63,3.17,$5.40,13.88,$2.48,30.19,$0.74B,$0.40B,1.86,$1.41B,$0.16B,9.06,$2.29B,$1.01B,44.20%,$2.29B,$0.44B,19.39%,$2.29B,$0.44B,19.39%,$2.29B,$0.51B,22.28%,$2.29B,$0.30B,13.22%,$2.29B,$0.24B,10.50%,$0.24B,$0.16B,168.42%,$0.24B,$-0.94B,-24.98%,$0.24B,$2.19B,10.57%,$0.44B,$1.56B,28.33%,$549,$308,$241,$0,$142,$449,$100,$-17,$82,$14,$69,$69,$68,$116,$100,$95,96,$0.72,$0.71,$190,$238,$46,$742,$232,$0,$1093,$118,$1443,$2185,$399,$1405,$227,$1632,$2030,$1,$402,$-251,$155,$2185,$69,$17,$-50,$-34,$0,$0,$0,$-76,$-76,$-41,$-8,$0,$-21,$0,$0,$0,$1,$-28,$-12,$-1,$-13,$-30,$-30,$-15,$2,$-56,$-123,$0,$-15
7,2016-12-31,63.17,$1.22,51.71,$23.10,2.73,$5.82,10.86,$2.37,26.65,$0.83B,$0.43B,1.93,$1.42B,$0.12B,12.16,$2.24B,$0.99B,44.01%,$2.24B,$0.43B,19.03%,$2.24B,$0.43B,19.03%,$2.24B,$0.49B,21.98%,$2.24B,$0.30B,13.18%,$2.24B,$0.23B,10.28%,$0.23B,$0.12B,186.61%,$0.23B,$-0.96B,-23.36%,$0.23B,$2.25B,10.03%,$0.43B,$1.53B,27.40%,$570,$332,$238,$0,$141,$473,$97,$-15,$83,$8,$75,$75,$75,$113,$97,$96,97,$0.78,$0.76,$312,$221,$22,$829,$227,$0,$1074,$45,$1418,$2247,$430,$1416,$33,$1701,$2131,$1,$377,$-264,$116,$2247,$231,$67,$85,$152,$-20,$-16,$3,$26,$-6,$378,$-42,$0,$-36,$0,$14,$14,$0,$-64,$-47,$-17,$-64,$-79,$-79,$-49,$-4,$-196,$113,$17,$-49
8,2016-09-30,67.89,$1.62,41.92,$22.85,2.97,$4.65,14.6,$2.34,29.01,$0.80B,$0.43B,1.86,$1.43B,$0.16B,9.17,$2.21B,$0.97B,43.70%,$2.21B,$0.41B,18.57%,$2.21B,$0.41B,18.57%,$2.21B,$0.48B,21.51%,$2.21B,$0.29B,13.01%,$2.21B,$0.23B,10.26%,$0.23B,$0.16B,223.10%,$0.23B,$-0.97B,-22.49%,$0.23B,$2.31B,9.88%,$0.41B,$1.58B,26.63%,$581,$318,$264,$0,$142,$460,$122,$-100,$21,$19,$2,$2,$2,$139,$122,$96,97,$0.02,$0.02,$215,$228,$82,$802,$226,$0,$1126,$152,$1504,$2307,$432,$1426,$292,$1719,$2151,$1,$351,$-217,$156,$2307,$156,$51,$84,$135,$0,$0,$0,$-113,$-113,$178,$-26,$0,$-31,$0,$14,$14,$-6,$-49,$-54,$0,$-54,$-30,$-30,$-35,$2,$-116,$15,$0,$-35
9,2016-06-30,68.28,$1.48,46.29,$22.53,3.03,$4.11,16.63,$2.04,33.47,$0.83B,$0.47B,1.76,$1.44B,$0.14B,10.06,$2.18B,$0.94B,43.32%,$2.18B,$0.40B,18.33%,$2.18B,$0.40B,18.33%,$2.18B,$0.46B,21.13%,$2.18B,$0.26B,11.94%,$2.18B,$0.20B,9.10%,$0.20B,$0.14B,283.87%,$0.20B,$-0.98B,-19.21%,$0.20B,$2.35B,8.53%,$0.40B,$1.58B,25.76%,$585,$318,$267,$0,$143,$461,$124,$-8,$116,$21,$95,$95,$95,$141,$124,$96,97,$0.99,$0.98,$169,$225,$85,$828,$227,$0,$1119,$172,$1518,$2346,$470,$1437,$296,$1733,$2203,$1,$361,$-231,$143,$2346,$154,$34,$0,$34,$0,$0,$0,$-87,$-87,$101,$-17,$0,$-31,$0,$14,$14,$-5,$-39,$-41,$0,$-41,$-30,$-30,$-23,$-2,$-95,$-31,$0,$-23
10,2016-03-31,62.55,$0.81,77.06,$21.86,2.86,$3.38,18.49,$1.72,36.36,$0.71B,$0.41B,1.75,$1.45B,$0.08B,18.62,$2.11B,$0.90B,42.52%,$2.11B,$0.37B,17.57%,$2.11B,$0.37B,17.57%,$2.11B,$0.43B,20.22%,$2.11B,$0.23B,10.80%,$2.11B,$0.17B,7.91%,$0.17B,$0.08B,319.62%,$0.17B,$-1.03B,-17.94%,$0.17B,$2.27B,7.48%,$0.37B,$1.53B,25.24%,$502,$286,$216,$0,$134,$420,$83,$-8,$75,$16,$59,$59,$58,$99,$83,$96,97,$0.60,$0.60,$126,$217,$43,$710,$226,$0,$1112,$222,$1560,$2270,$406,$1447,$339,$1786,$2192,$1,$277,$-206,$78,$2270,$59,$16,$0,$16,$0,$0,$0,$-76,$-76,$-1,$-7,$0,$0,$0,$7,$7,$-2,$-3,$-12,$-17,$-28,$-30,$-30,$-11,$-5,$-75,$-74,$0,$-11
11,2015-12-31,64.59,$0.31,208.77,$21.41,3.02,$3.42,18.91,$1.59,40.63,$0.74B,$0.45B,1.64,$1.46B,$0.03B,49.07,$2.07B,$0.87B,42.00%,$2.07B,$0.36B,17.35%,$2.07B,$0.36B,17.35%,$2.07B,$0.41B,19.86%,$2.07B,$0.21B,10.10%,$2.07B,$0.15B,7.44%,$0.15B,$0.03B,463.16%,$0.15B,$-1.06B,-18.67%,$0.15B,$2.26B,7.17%,$0.36B,$1.49B,25.84%,$545,$325,$220,$0,$139,$464,$82,$-6,$76,$4,$72,$72,$72,$97,$82,$96,97,$0.74,$0.74,$200,$204,$17,$735,$225,$0,$1087,$125,$1528,$2263,$447,$1458,$63,$1786,$2233,$1,$232,$-232,$30,$2263,$154,$53,$91,$144,$-14,$-6,$-15,$-8,$-42,$257,$-35,$0,$-511,$0,$12,$12,$0,$-534,$260,$19,$278,$-19,$-19,$-58,$-6,$195,$-91,$15,$-58
12,2015-09-30,56.41,$0.29,193.26,$21.68,2.6,$3.23,17.46,$1.22,46.24,$0.88B,$0.52B,1.69,$1.58B,$0.03B,56.28,$2.10B,$0.85B,40.42%,$2.10B,$0.34B,16.21%,$2.10B,$0.34B,16.21%,$2.10B,$0.39B,18.54%,$2.10B,$0.17B,8.25%,$2.10B,$0.12B,5.58%,$0.12B,$0.03B,383.61%,$0.12B,$-1.06B,-16.52%,$0.12B,$2.41B,5.61%,$0.34B,$1.60B,25.64%,$545,$305,$240,$0,$130,$434,$110,$-117,$-7,$19,$-26,$-26,$-27,$123,$110,$96,96,$-0.28,$-0.28,$175,$216,$57,$876,$228,$0,$1084,$222,$1533,$2409,$517,$1576,$288,$1864,$2381,$1,$170,$-175,$28,$2409,$82,$38,$104,$142,$0,$0,$0,$-99,$-99,$126,$-27,$0,$-511,$0,$2,$2,$3,$-534,$356,$12,$367,$-30,$-30,$-29,$-8,$301,$-115,$0,$-29
13,2015-06-30,58.74,$0.76,77.42,$21.65,2.71,$3.57,16.45,$2.12,27.71,$0.92B,$0.48B,1.93,$1.19B,$0.07B,16.38,$2.10B,$0.85B,40.24%,$2.10B,$0.34B,16.00%,$2.10B,$0.34B,16.00%,$2.10B,$0.38B,18.29%,$2.10B,$0.28B,13.10%,$2.10B,$0.21B,9.76%,$0.21B,$0.07B,820.00%,$0.21B,$-0.58B,-33.97%,$0.21B,$1.99B,10.35%,$0.34B,$1.26B,27.12%,$520,$298,$222,$0,$126,$424,$96,$-12,$84,$19,$65,$65,$64,$108,$96,$96,97,$0.67,$0.66,$201,$206,$242,$923,$208,$0,$650,$209,$1066,$1990,$479,$1191,$247,$1438,$1917,$1,$207,$-173,$73,$1990,$109,$25,$0,$25,$0,$0,$0,$-100,$-100,$33,$-19,$0,$-52,$0,$0,$0,$4,$-67,$-24,$12,$-12,$-30,$-30,$-19,$9,$-53,$-90,$0,$-19
14,2015-03-31,59.65,$0.02,3799.45,$21.74,2.74,$3.81,15.66,$1.91,31.23,$0.90B,$0.48B,1.88,$1.20B,$0.00B,801.8,$2.11B,$0.85B,40.20%,$2.11B,$0.33B,15.58%,$2.11B,$0.33B,15.58%,$2.11B,$0.38B,17.90%,$2.11B,$0.27B,12.74%,$2.11B,$0.18B,8.71%,$0.18B,$0.00B,4600.00%,$0.18B,$-0.61B,-29.31%,$0.18B,$1.93B,9.31%,$0.33B,$1.20B,26.65%,$459,$272,$187,$0,$116,$388,$71,$-15,$56,$12,$44,$44,$45,$83,$71,$96,97,$0.47,$0.47,$230,$185,$233,$904,$206,$0,$610,$207,$1024,$1927,$482,$1203,$241,$1444,$1926,$1,$153,$-179,$2,$1927,$44,$12,$0,$12,$0,$0,$0,$-51,$-51,$4,$-9,$0,$-9,$0,$0,$0,$4,$-14,$-12,$-0,$-12,$-30,$-30,$-10,$5,$-47,$-61,$0,$-10
15,2014-12-31,53.99,$0.19,279.6,$21.80,2.48,$3.76,14.37,$1.81,29.83,$1.00B,$0.53B,1.88,$1.22B,$0.02B,65.68,$2.12B,$0.85B,40.28%,$2.12B,$0.33B,15.38%,$2.12B,$0.33B,15.38%,$2.12B,$0.38B,17.69%,$2.12B,$0.27B,12.64%,$2.12B,$0.18B,8.25%,$0.18B,$0.02B,-5000.00%,$0.18B,$-0.59B,-27.12%,$0.18B,$2.02B,8.80%,$0.33B,$1.23B,26.23%,$574,$375,$199,$0,$136,$510,$63,$-23,$40,$17,$23,$23,$35,$75,$63,$96,97,$0.37,$0.36,$291,$169,$56,$1002,$207,$0,$610,$125,$1014,$2016,$533,$1215,$71,$1465,$1997,$1,$142,$-148,$19,$2016,$173,$49,$49,$98,$-8,$3,$43,$-53,$-14,$256,$-51,$0,$-24,$0,$0,$0,$40,$-35,$-56,$-22,$-78,$-36,$-36,$-35,$-1,$-150,$63,$13,$-35
16,2014-09-30,46.31,$0.06,738.57,$21.61,2.14,$4.19,11.04,$1.54,30.07,$0.93B,$0.46B,2.01,$1.25B,$0.01B,208.2,$2.10B,$0.89B,42.25%,$2.10B,$0.37B,17.55%,$2.10B,$0.37B,17.55%,$2.10B,$0.42B,19.89%,$2.10B,$0.31B,14.88%,$2.10B,$0.15B,7.15%,$0.15B,$0.01B,-882.35%,$0.15B,$-0.64B,-22.42%,$0.15B,$1.99B,7.56%,$0.37B,$1.26B,29.59%,$547,$310,$237,$0,$131,$441,$106,$-11,$95,$27,$68,$68,$61,$118,$106,$96,97,$0.63,$0.63,$251,$181,$215,$934,$213,$0,$643,$203,$1058,$1992,$464,$1249,$273,$1522,$1986,$1,$95,$-130,$6,$1992,$150,$37,$8,$45,$0,$0,$0,$-23,$-23,$172,$-40,$0,$-23,$0,$0,$0,$42,$-21,$-23,$-41,$-63,$-50,$-50,$-23,$15,$-121,$24,$0,$-23
