,Date,Stock Price,Book Value per Share,Price to Book Ratio,TTM Sales per Share,Price to Sales Ratio,TTM FCF per Share,Price to FCF Ratio,TTM Net EPS,PE Ratio,Current Assets,Current Liabilities,Current Ratio,Long Term Debt,Shareholder's Equity_x,Debt to Equity Ratio,TTM Revenue_x,TTM Gross Profit,Gross Margin,TTM Revenue_y,TTM Operating Income,Operating Margin,TTM Revenue_x,TTM EBIT,EBIT Margin,TTM Revenue_y,TTM EBITDA,EBITDA Margin,TTM Revenue_x,TTM Pre-Tax Income,Pre-Tax Margin,TTM Revenue_y,TTM Net Income_x,Net Margin,TTM Net Income_y,Shareholder's Equity_y,Return on Equity,TTM Net Income_x,Tangible Equity,Return on Tangible Equity,TTM Net Income_y,Total Assets,Return on Assets,TTM Net Income,LT Investments & Debt,Return on Investment,revenue,cost-goods-sold,gross-profit,research-development-expenses,selling-general-administrative-expenses,operating-expenses,operating-income,total-non-operating-income-expense,pre-tax-income,total-provision-income-taxes,income-after-taxes,income-from-continuous-operations,net-income,ebitda,ebit,basic-shares-outstanding,shares-outstanding,eps-basic-net-earnings-per-share,eps-earnings-per-share-diluted,cash-on-hand,inventory,other-current-assets,total-current-assets,net-property-plant-equipment,long-term-investments,goodwill-intangible-assets-total,other-long-term-assets,total-long-term-assets,total-assets,total-current-liabilities,long-term-debt,other-non-current-liabilities,total-long-term-liabilities,total-liabilities,common-stock-net,retained-earnings-accumulated-deficit,comprehensive-income,total-share-holder-equity,total-liabilities-share-holders-equity,net-income-loss,total-depreciation-amortization-cash-flow,other-non-cash-items,total-non-cash-items,change-in-accounts-receivable,change-in-inventories,change-in-accounts-payable,change-in-assets-liabilities,total-change-in-assets-liabilities,cash-flow-from-operating-activities,net-change-in-property-plant-equipment,net-change-in-intangible-assets,net-acquisitions-divestitures,net-change-in-short-term-investments,net-change-in-long-term-investments,net-change-in-investments-total,investing-activities-other,cash-flow-from-investing-activities,net-long-term-debt,net-current-debt,debt-issuance-retirement-net-total,net-common-equity-issued-repurchased,net-total-equity-issued-repurchased,total-common-preferred-stock-dividends-paid,financial-activities-other,cash-flow-from-financial-activities,net-cash-flow,stock-based-compensation,common-stock-dividends-paid
0,2018-09-30,6.18,$0.00,0.0,$2.75,2.25,$-0.21,0.0,$-0.31,0.0,$0.15B,$0.04B,3.35,$0.00B,$0.00B,0.0,$0.09B,$0.06B,68.48%,$0.09B,$-0.01B,-14.13%,$0.09B,$-0.01B,-14.13%,$0.09B,$-0.01B,-10.87%,$0.09B,$-0.01B,-11.96%,$0.09B,$-0.01B,-13.04%,$-0.01B,$0.14B,-8.60%,$-0.01B,$0.10B,-11.71%,$-0.01B,$0.19B,-6.43%,$-0.01B,$0.14B,-9.32%,$24,$7,$17,$7,$13,$27,$-3,$1,$-2,$1,$-2,$-2,$-2,$-2,$-3,$34,34,$-0.07,$-0.07,$80,$12,$25,$147,$5,$0,$38,$1,$45,$191,$44,$0,$6,$10,$54,$0,$0,$0,$137,$191,$-9,$3,$2,$5,$-4,$-4,$6,$2,$4,$0,$-2,$0,$-3,$-19,$24,$5,$-0,$-0,$0,$0,$0,$0,$0,$0,$0,$0,$0,$2,$0
1,2018-06-30,5.36,$0.00,0.0,$2.65,2.02,$-0.26,0.0,$-0.45,0.0,$0.14B,$0.04B,3.75,$0.00B,$0.00B,0.0,$0.09B,$0.06B,66.29%,$0.09B,$-0.01B,-15.73%,$0.09B,$-0.01B,-15.73%,$0.09B,$-0.01B,-13.48%,$0.09B,$-0.01B,-14.61%,$0.09B,$-0.02B,-16.85%,$-0.02B,$0.14B,-10.58%,$-0.02B,$0.10B,-14.18%,$-0.02B,$0.19B,-8.09%,$-0.01B,$0.14B,-9.88%,$23,$7,$16,$6,$13,$26,$-3,$1,$-2,$0,$-2,$-2,$-2,$-2,$-3,$34,34,$-0.07,$-0.07,$85,$8,$21,$141,$5,$0,$38,$1,$45,$186,$38,$0,$6,$10,$48,$0,$0,$0,$138,$186,$-6,$2,$2,$3,$-2,$-0,$0,$2,$4,$1,$-2,$0,$-3,$9,$0,$9,$-0,$4,$0,$0,$0,$0,$0,$0,$0,$0,$5,$1,$0
2,2018-03-31,5.38,$0.00,0.0,$2.56,2.1,$-0.31,0.0,$-0.50,0.0,$0.14B,$0.03B,4.21,$0.00B,$0.00B,0.0,$0.09B,$0.06B,65.12%,$0.09B,$-0.02B,-17.44%,$0.09B,$-0.02B,-17.44%,$0.09B,$-0.01B,-15.12%,$0.09B,$-0.02B,-17.44%,$0.09B,$-0.02B,-19.77%,$-0.02B,$0.14B,-11.72%,$-0.02B,$0.10B,-15.53%,$-0.02B,$0.18B,-9.10%,$-0.02B,$0.14B,-10.34%,$22,$7,$15,$6,$12,$25,$-3,$0,$-3,$0,$-4,$-4,$-4,$-3,$-3,$34,34,$-0.11,$-0.11,$105,$8,$0,$139,$5,$0,$39,$1,$45,$184,$33,$0,$5,$11,$44,$0,$0,$0,$140,$184,$-4,$1,$1,$2,$1,$-0,$1,$1,$1,$-1,$-1,$0,$-3,$12,$0,$12,$0,$8,$0,$0,$0,$0,$0,$0,$0,$0,$7,$1,$0
3,2017-12-31,5.33,$0.00,0.0,$2.47,2.16,$-0.32,0.0,$-0.54,0.0,$0.14B,$0.03B,4.55,$0.00B,$0.00B,0.0,$0.08B,$0.05B,64.63%,$0.08B,$-0.02B,-20.73%,$0.08B,$-0.02B,-20.73%,$0.08B,$-0.01B,-17.07%,$0.08B,$-0.02B,-20.73%,$0.08B,$-0.02B,-21.95%,$-0.02B,$0.14B,-12.12%,$-0.02B,$0.11B,-15.86%,$-0.02B,$0.19B,-9.57%,$-0.02B,$0.14B,-11.45%,$23,$8,$15,$6,$14,$27,$-4,$0,$-4,$0,$-4,$-4,$-4,$-3,$-4,$33,33,$-0.13,$-0.13,$79,$8,$31,$143,$5,$0,$34,$1,$41,$185,$32,$0,$6,$10,$41,$0,$0,$0,$143,$185,$-18,$4,$3,$7,$1,$-1,$3,$4,$11,$-0,$-3,$0,$0,$-31,$26,$-5,$-0,$-8,$0,$0,$0,$0,$0,$0,$0,$0,$-8,$3,$0
4,2017-09-30,5.39,$0.00,0.0,$2.48,2.18,$-0.37,0.0,$-0.38,0.0,$0.15B,$0.03B,4.74,$0.00B,$0.00B,0.0,$0.08B,$0.05B,65.85%,$0.08B,$-0.01B,-14.63%,$0.08B,$-0.01B,-14.63%,$0.08B,$-0.01B,-10.98%,$0.08B,$-0.01B,-13.41%,$0.08B,$-0.01B,-15.85%,$-0.01B,$0.15B,-8.55%,$-0.01B,$0.11B,-11.16%,$-0.01B,$0.19B,-6.86%,$-0.01B,$0.15B,-7.89%,$21,$8,$13,$5,$12,$25,$-4,$0,$-4,$0,$-5,$-5,$-5,$-4,$-4,$33,33,$-0.14,$-0.14,$88,$9,$22,$146,$5,$0,$35,$1,$41,$187,$31,$0,$6,$9,$40,$0,$0,$0,$146,$187,$-14,$3,$3,$5,$2,$-2,$3,$3,$7,$-1,$-2,$0,$0,$-11,$15,$4,$0,$2,$0,$0,$0,$0,$0,$0,$0,$0,$1,$3,$0
5,2017-06-30,5.11,$0.00,0.0,$2.49,2.05,$-0.54,0.0,$-0.34,0.0,$0.15B,$0.03B,4.74,$0.00B,$0.00B,0.0,$0.08B,$0.06B,67.07%,$0.08B,$-0.01B,-13.41%,$0.08B,$-0.01B,-13.41%,$0.08B,$-0.01B,-8.54%,$0.08B,$-0.01B,-12.20%,$0.08B,$-0.01B,-13.41%,$-0.01B,$0.15B,-7.12%,$-0.01B,$0.12B,-9.28%,$-0.01B,$0.19B,-5.75%,$-0.01B,$0.15B,-7.12%,$20,$7,$13,$5,$11,$23,$-4,$0,$-4,$0,$-4,$-4,$-4,$-3,$-4,$33,33,$-0.12,$-0.12,$87,$10,$25,$150,$5,$0,$35,$1,$41,$191,$32,$0,$6,$9,$40,$0,$0,$0,$151,$191,$-9,$2,$2,$4,$-0,$-3,$6,$1,$5,$-0,$-2,$0,$0,$2,$0,$2,$0,$0,$0,$0,$0,$0,$0,$0,$0,$0,$0,$2,$0
6,2017-03-31,4.76,$0.00,0.0,$2.59,1.84,$-0.58,0.0,$-0.26,0.0,$0.15B,$0.03B,5.44,$0.00B,$0.00B,0.0,$0.09B,$0.06B,68.24%,$0.09B,$-0.01B,-9.41%,$0.09B,$-0.01B,-9.41%,$0.09B,$-0.00B,-4.71%,$0.09B,$-0.01B,-8.24%,$0.09B,$-0.01B,-9.41%,$-0.01B,$0.15B,-5.12%,$-0.01B,$0.12B,-6.65%,$-0.01B,$0.19B,-4.14%,$-0.01B,$0.15B,-5.12%,$18,$6,$12,$6,$12,$23,$-5,$0,$-5,$1,$-5,$-5,$-5,$-4,$-5,$33,33,$-0.15,$-0.15,$112,$8,$0,$147,$5,$0,$36,$1,$42,$189,$27,$0,$5,$8,$35,$0,$0,$0,$154,$189,$-5,$1,$1,$2,$1,$-1,$2,$-0,$2,$-1,$-1,$0,$0,$-1,$0,$-1,$0,$-2,$0,$0,$0,$0,$0,$0,$0,$0,$-3,$1,$0
7,2016-12-31,4.79,$4.76,1.01,$2.72,1.76,$-0.57,0.0,$-0.24,0.0,$0.15B,$0.03B,5.97,$0.00B,$0.16B,0.0,$0.09B,$0.06B,68.89%,$0.09B,$-0.01B,-7.78%,$0.09B,$-0.01B,-7.78%,$0.09B,$-0.00B,-3.33%,$0.09B,$-0.01B,-6.67%,$0.09B,$-0.01B,-7.78%,$-0.01B,$0.16B,-4.43%,$-0.01B,$0.12B,-5.75%,$-0.01B,$0.19B,-3.55%,$-0.01B,$0.16B,-4.43%,$23,$7,$16,$5,$9,$22,$1,$0,$2,$1,$1,$1,$1,$2,$1,$33,33,$0.03,$0.03,$84,$7,$30,$149,$4,$0,$36,$1,$42,$191,$25,$0,$5,$9,$34,$1,$-104,$-0,$157,$191,$-8,$4,$5,$9,$-0,$3,$-4,$-2,$-5,$-3,$-2,$0,$0,$-17,$33,$16,$0,$15,$0,$0,$0,$-4,$-4,$0,$0,$-4,$8,$5,$0
8,2016-09-30,5.27,$0.00,0.0,$2.77,1.9,$-0.36,0.0,$-0.58,0.0,$0.15B,$0.03B,5.26,$0.00B,$0.00B,0.0,$0.09B,$0.06B,63.04%,$0.09B,$-0.02B,-17.39%,$0.09B,$-0.02B,-17.39%,$0.09B,$-0.01B,-5.43%,$0.09B,$-0.02B,-16.30%,$0.09B,$-0.02B,-19.57%,$-0.02B,$0.16B,-11.29%,$-0.02B,$0.12B,-14.63%,$-0.02B,$0.19B,-8.94%,$-0.02B,$0.16B,-10.03%,$21,$7,$14,$6,$11,$24,$-3,$0,$-3,$1,$-3,$-3,$-3,$-2,$-3,$33,33,$-0.10,$-0.10,$84,$9,$27,$151,$5,$0,$36,$2,$44,$194,$29,$0,$5,$9,$38,$0,$0,$0,$156,$194,$-9,$3,$4,$7,$-3,$2,$-4,$0,$-6,$-8,$-1,$0,$0,$-6,$22,$16,$0,$15,$0,$0,$0,$-3,$-3,$0,$0,$-3,$4,$4,$0
9,2016-06-30,4.92,$0.00,0.0,$2.84,1.74,$-0.06,0.0,$-0.58,0.0,$0.16B,$0.03B,4.99,$0.00B,$0.00B,0.0,$0.09B,$0.06B,64.89%,$0.09B,$-0.02B,-15.96%,$0.09B,$-0.02B,-15.96%,$0.09B,$-0.00B,-4.26%,$0.09B,$-0.02B,-15.96%,$0.09B,$-0.02B,-19.15%,$-0.02B,$0.16B,-11.01%,$-0.02B,$0.12B,-14.40%,$-0.02B,$0.20B,-8.73%,$-0.02B,$0.16B,-9.17%,$23,$7,$16,$6,$11,$24,$-1,$0,$-1,$0,$-1,$-1,$-1,$0,$-1,$33,33,$-0.04,$-0.04,$84,$10,$33,$155,$5,$0,$37,$3,$45,$199,$31,$0,$5,$10,$41,$0,$0,$0,$158,$199,$-6,$2,$3,$5,$1,$-0,$-3,$1,$-2,$-3,$-1,$0,$0,$-7,$19,$11,$0,$11,$0,$0,$0,$-3,$-3,$0,$0,$-3,$5,$3,$0
10,2016-03-31,5.23,$0.00,0.0,$2.79,1.87,$-0.00,0.0,$-0.72,0.0,$0.16B,$0.03B,4.77,$0.00B,$0.00B,0.0,$0.09B,$0.06B,64.52%,$0.09B,$-0.02B,-21.51%,$0.09B,$-0.02B,-21.51%,$0.09B,$-0.01B,-8.60%,$0.09B,$-0.02B,-21.51%,$0.09B,$-0.02B,-24.73%,$-0.02B,$0.16B,-13.73%,$-0.02B,$0.12B,-18.15%,$-0.02B,$0.20B,-10.94%,$-0.02B,$0.16B,-11.94%,$23,$7,$16,$7,$13,$27,$-4,$0,$-4,$0,$-4,$-4,$-4,$-3,$-4,$33,33,$-0.13,$-0.13,$88,$10,$33,$158,$5,$0,$37,$3,$46,$204,$33,$0,$5,$10,$43,$0,$0,$0,$161,$204,$-4,$1,$2,$3,$0,$0,$0,$-1,$0,$-1,$-0,$0,$0,$1,$11,$12,$0,$12,$0,$0,$0,$-1,$-1,$0,$0,$-1,$9,$2,$0
11,2015-12-31,5.82,$4.87,1.2,$2.99,1.95,$0.09,67.21,$-0.59,0.0,$0.16B,$0.04B,4.61,$0.00B,$0.16B,0.0,$0.10B,$0.07B,66.00%,$0.10B,$-0.02B,-16.00%,$0.10B,$-0.02B,-16.00%,$0.10B,$-0.00B,-4.00%,$0.10B,$-0.02B,-16.00%,$0.10B,$-0.02B,-19.00%,$-0.02B,$0.16B,-11.08%,$-0.02B,$0.13B,-14.79%,$-0.02B,$0.21B,-8.87%,$-0.02B,$0.16B,-9.33%,$25,$13,$12,$6,$13,$33,$-8,$0,$-7,$3,$-10,$-10,$-10,$-0,$-8,$33,33,$-0.31,$-0.31,$81,$10,$43,$162,$5,$0,$38,$3,$46,$208,$35,$0,$5,$10,$45,$1,$-96,$-0,$163,$208,$-20,$11,$9,$20,$-1,$-0,$2,$3,$4,$4,$-2,$0,$-10,$-18,$22,$4,$-0,$-8,$0,$0,$0,$-0,$-0,$0,$0,$-0,$-4,$7,$0
12,2015-09-30,4.91,$0.00,0.0,$3.16,1.56,$0.40,12.17,$-0.35,0.0,$0.16B,$0.03B,4.91,$0.00B,$0.00B,0.0,$0.11B,$0.07B,69.81%,$0.11B,$-0.01B,-10.38%,$0.11B,$-0.01B,-10.38%,$0.11B,$-0.01B,-4.72%,$0.11B,$-0.01B,-10.38%,$0.11B,$-0.01B,-10.38%,$-0.01B,$0.17B,-6.30%,$-0.01B,$0.13B,-8.22%,$-0.01B,$0.21B,-5.10%,$-0.01B,$0.17B,-6.30%,$23,$6,$17,$6,$13,$26,$-2,$-1,$-3,$0,$-3,$-3,$-3,$-1,$-2,$34,34,$-0.10,$-0.10,$86,$9,$37,$159,$5,$0,$44,$3,$55,$214,$32,$0,$5,$9,$42,$0,$0,$0,$172,$214,$-9,$4,$6,$10,$0,$0,$1,$1,$2,$3,$-2,$0,$-10,$1,$16,$18,$0,$6,$0,$0,$0,$0,$0,$0,$0,$0,$9,$6,$0
13,2015-06-30,7.19,$0.00,0.0,$3.36,2.14,$0.53,13.56,$-0.23,0.0,$0.16B,$0.03B,5.1,$0.00B,$0.00B,0.0,$0.11B,$0.08B,69.91%,$0.11B,$-0.01B,-7.08%,$0.11B,$-0.01B,-7.08%,$0.11B,$-0.00B,-1.77%,$0.11B,$-0.01B,-6.19%,$0.11B,$-0.01B,-6.19%,$-0.01B,$0.17B,-3.99%,$-0.01B,$0.13B,-5.05%,$-0.01B,$0.22B,-3.25%,$-0.01B,$0.17B,-4.56%,$22,$6,$15,$7,$14,$27,$-6,$-0,$-6,$0,$-6,$-6,$-6,$-4,$-6,$33,33,$-0.18,$-0.18,$100,$7,$21,$159,$6,$0,$45,$4,$57,$215,$31,$0,$4,$10,$41,$0,$0,$0,$174,$215,$-6,$3,$4,$6,$-2,$2,$1,$-1,$-0,$-0,$-1,$0,$-10,$20,$12,$31,$0,$20,$0,$0,$0,$0,$0,$0,$0,$0,$20,$4,$0
14,2015-03-31,8.79,$0.00,0.0,$3.57,2.46,$0.67,13.15,$-0.07,0.0,$0.16B,$0.03B,4.85,$0.00B,$0.00B,0.0,$0.12B,$0.08B,70.59%,$0.12B,$-0.00B,-2.52%,$0.12B,$-0.00B,-2.52%,$0.12B,$0.00B,2.52%,$0.12B,$-0.00B,-1.68%,$0.12B,$-0.00B,-1.68%,$-0.00B,$0.18B,-1.14%,$-0.00B,$0.13B,-1.40%,$-0.00B,$0.22B,-0.93%,$-0.00B,$0.18B,-1.71%,$30,$8,$22,$7,$15,$30,$-0,$0,$0,$0,$-0,$-0,$-0,$1,$-0,$33,33,$0.00,$0.00,$77,$8,$47,$162,$6,$0,$46,$4,$57,$220,$33,$0,$4,$9,$42,$0,$0,$0,$177,$220,$-0,$1,$2,$3,$0,$2,$-0,$-3,$-1,$2,$-1,$0,$-10,$6,$6,$11,$0,$1,$0,$0,$0,$0,$0,$0,$0,$0,$3,$2,$0
15,2014-12-31,9.18,$5.25,1.75,$3.54,2.59,$0.71,12.96,$-0.08,0.0,$0.17B,$0.03B,5.12,$0.00B,$0.18B,0.0,$0.12B,$0.08B,70.09%,$0.12B,$-0.00B,-3.42%,$0.12B,$-0.00B,-3.42%,$0.12B,$0.00B,2.56%,$0.12B,$-0.00B,-1.71%,$0.12B,$-0.00B,-1.71%,$-0.00B,$0.18B,-1.15%,$-0.00B,$0.15B,-1.38%,$-0.00B,$0.21B,-0.95%,$-0.00B,$0.18B,-2.30%,$31,$10,$20,$7,$15,$33,$-3,$0,$-2,$-0,$-2,$-2,$-2,$-1,$-3,$33,33,$-0.07,$-0.07,$73,$10,$59,$172,$6,$0,$28,$5,$41,$213,$34,$0,$0,$4,$38,$1,$-76,$-2,$175,$213,$-2,$5,$8,$13,$-7,$4,$3,$3,$5,$16,$-3,$0,$0,$-44,$6,$-38,$0,$-41,$0,$0,$0,$1,$1,$0,$0,$1,$-24,$8,$0
16,2014-09-30,11.42,$0.00,0.0,$3.45,3.31,$-0.34,0.0,$0.03,380.67,$0.17B,$0.03B,5.35,$0.00B,$0.00B,0.0,$0.11B,$0.08B,72.57%,$0.11B,0,0.00%,$0.11B,0,0.00%,$0.11B,$0.01B,6.19%,$0.11B,$0.00B,0.88%,$0.11B,$0.00B,0.88%,$0.00B,$0.18B,0.58%,$0.00B,$0.15B,0.70%,$0.00B,$0.21B,0.48%,$0.00B,$0.18B,0.00%,$30,$8,$22,$7,$14,$30,$1,$0,$1,$0,$1,$1,$1,$2,$1,$33,33,$0.02,$0.02,$125,$13,$0,$174,$6,$0,$29,$3,$39,$213,$32,$0,$0,$5,$37,$0,$0,$0,$175,$213,$-0,$4,$6,$10,$-8,$1,$2,$1,$-2,$8,$-3,$0,$0,$-20,$3,$-18,$0,$-20,$0,$0,$0,$0,$0,$0,$1,$1,$-11,$6,$0
17,2014-06-30,13.05,$0.00,0.0,$3.28,3.98,$-1.36,0.0,$-0.05,0.0,$0.17B,$0.03B,5.41,$0.00B,$0.00B,0.0,$0.11B,$0.08B,71.96%,$0.11B,$-0.00B,-2.80%,$0.11B,$-0.00B,-2.80%,$0.11B,$0.00B,3.74%,$0.11B,$-0.00B,-1.87%,$0.11B,$-0.00B,-1.87%,$-0.00B,$0.17B,-1.17%,$-0.00B,$0.15B,-1.42%,$-0.00B,$0.21B,-0.98%,$-0.00B,$0.17B,-1.76%,$28,$8,$20,$7,$14,$29,$-1,$0,$-1,$0,$-1,$-1,$-1,$1,$-1,$33,33,$-0.02,$-0.02,$115,$14,$9,$170,$6,$0,$29,$3,$39,$210,$31,$0,$0,$4,$35,$0,$0,$0,$174,$210,$-1,$2,$4,$7,$-7,$-0,$4,$2,$-1,$5,$-2,$0,$0,$11,$4,$15,$-2,$11,$0,$0,$0,$0,$0,$0,$1,$1,$17,$4,$0
18,2014-03-31,13.46,$0.00,0.0,$3.08,4.38,$-1.71,0.0,$-0.15,0.0,$0.17B,$0.03B,5.31,$0.00B,$0.00B,0.0,$0.10B,$0.07B,72.00%,$0.10B,$-0.01B,-6.00%,$0.10B,$-0.01B,-6.00%,$0.10B,0,0.00%,$0.10B,$-0.01B,-5.00%,$0.10B,$-0.01B,-5.00%,$-0.01B,$0.17B,-2.96%,$-0.01B,$0.14B,-3.62%,$-0.01B,$0.21B,-2.44%,$-0.01B,$0.17B,-3.55%,$28,$8,$20,$7,$13,$29,$-1,$0,$-0,$0,$-0,$-0,$-0,$1,$-1,$33,33,$-0.01,$-0.01,$92,$13,$31,$166,$6,$0,$30,$3,$40,$206,$31,$0,$0,$3,$34,$0,$0,$0,$172,$206,$-0,$1,$2,$3,$-5,$0,$2,$2,$1,$3,$-1,$0,$0,$7,$-2,$5,$0,$4,$0,$0,$0,$0,$0,$0,$1,$1,$8,$2,$0
19,2013-12-31,15.13,$0.00,0.0,$2.96,5.12,$-2.05,0.0,$-0.20,0.0,$0.16B,$0.03B,6.01,$0.00B,$0.17B,0.0,$0.10B,$0.07B,71.88%,$0.10B,$-0.01B,-7.29%,$0.10B,$-0.01B,-7.29%,$0.10B,$-0.00B,-2.08%,$0.10B,$-0.01B,-7.29%,$0.10B,$-0.01B,-7.29%,$-0.01B,$0.17B,-4.15%,$-0.01B,$0.14B,-5.11%,$-0.01B,$0.20B,-3.36%,$-0.01B,$0.17B,-4.15%,$27,$8,$20,$7,$12,$26,$1,$0,$1,$0,$1,$1,$1,$3,$1,$33,33,$0.04,$0.04,$84,$14,$38,$160,$6,$0,$30,$2,$39,$199,$27,$0,$0,$3,$29,$1,$-74,$0,$170,$199,$-6,$6,$-8,$-2,$3,$-4,$-2,$-8,$-11,$-19,$-3,$0,$0,$7,$6,$14,$0,$11,$0,$0,$0,$0,$0,$0,$1,$1,$-7,$8,$0
20,2013-09-30,12.65,$0.00,0.0,$2.95,4.29,$-1.22,0.0,$-0.70,0.0,$0.16B,$0.03B,5.57,$0.00B,$0.00B,0.0,$0.10B,$0.05B,54.74%,$0.10B,$-0.02B,-25.26%,$0.10B,$-0.02B,-25.26%,$0.10B,$-0.02B,-20.00%,$0.10B,$-0.02B,-25.26%,$0.10B,$-0.02B,-24.21%,$-0.02B,$0.17B,-13.67%,$-0.02B,$0.14B,-16.91%,$-0.02B,$0.20B,-10.75%,$-0.02B,$0.17B,-14.26%,$24,$7,$17,$7,$13,$26,$-2,$0,$-2,$0,$-2,$-2,$-2,$-1,$-2,$33,33,$-0.06,$-0.06,$91,$12,$24,$160,$6,$0,$31,$0,$39,$199,$29,$0,$0,$3,$32,$0,$0,$0,$167,$199,$-8,$4,$-10,$-6,$-3,$-2,$-0,$-8,$-13,$-26,$-2,$0,$0,$25,$5,$29,$0,$28,$0,$0,$0,$0,$0,$0,$1,$1,$2,$6,$0
21,2013-06-30,13.71,$0.00,0.0,$3.05,4.5,$-0.17,0.0,$-0.57,0.0,$0.18B,$0.05B,3.82,$0.00B,$0.00B,0.0,$0.10B,$0.05B,54.55%,$0.10B,$-0.02B,-20.20%,$0.10B,$-0.02B,-20.20%,$0.10B,$-0.01B,-14.14%,$0.10B,$-0.02B,-20.20%,$0.10B,$-0.02B,-19.19%,$-0.02B,$0.17B,-15.02%,$-0.02B,$0.14B,-18.63%,$-0.02B,$0.22B,-11.57%,$-0.02B,$0.17B,-15.81%,$21,$6,$15,$7,$13,$25,$-4,$0,$-4,$0,$-4,$-4,$-4,$-3,$-4,$33,33,$-0.12,$-0.12,$133,$11,$2,$177,$6,$0,$32,$0,$40,$217,$46,$0,$0,$3,$50,$0,$0,$0,$167,$217,$-6,$3,$4,$7,$-2,$-1,$0,$-7,$-8,$-7,$-1,$0,$0,$47,$4,$50,$0,$49,$0,$0,$0,$0,$0,$0,$0,$0,$42,$4,$0
22,2013-03-31,11.94,$0.00,0.0,$3.19,3.75,$0.31,37.92,$-0.37,0.0,$0.18B,$0.05B,3.83,$0.00B,$0.00B,0.0,$0.10B,$0.06B,55.77%,$0.10B,$-0.01B,-12.50%,$0.10B,$-0.01B,-12.50%,$0.10B,$-0.01B,-6.73%,$0.10B,$-0.01B,-12.50%,$0.10B,$-0.01B,-11.54%,$-0.01B,$0.17B,-9.34%,$-0.01B,$0.14B,-11.16%,$-0.01B,$0.22B,-7.31%,$-0.01B,$0.17B,-10.12%,$24,$7,$17,$7,$12,$26,$-2,$0,$-2,$0,$-2,$-2,$-2,$-1,$-2,$33,33,$-0.06,$-0.06,$118,$10,$17,$177,$7,$0,$33,$0,$41,$218,$46,$0,$0,$3,$49,$0,$0,$0,$170,$218,$-2,$1,$2,$3,$-5,$0,$-1,$-4,$-9,$-8,$-1,$0,$0,$45,$2,$48,$0,$47,$0,$0,$0,$0,$0,$0,$0,$0,$39,$2,$0
23,2012-12-31,17.82,$0.00,0.0,$3.18,5.6,$0.69,25.98,$-0.21,0.0,$0.18B,$0.05B,3.72,$0.00B,$0.17B,0.0,$0.10B,$0.06B,55.77%,$0.10B,$-0.01B,-7.69%,$0.10B,$-0.01B,-7.69%,$0.10B,$-0.00B,-2.88%,$0.10B,$-0.01B,-7.69%,$0.10B,$-0.01B,-6.73%,$-0.01B,$0.17B,-5.45%,$-0.01B,$0.14B,-6.10%,$-0.01B,$0.22B,-4.33%,$-0.01B,$0.17B,-6.23%,$26,$24,$3,$7,$12,$43,$-16,$0,$-16,$-1,$-15,$-15,$-15,$-14,$-16,$32,32,$-0.46,$-0.46,$65,$10,$78,$180,$7,$0,$33,$0,$42,$222,$48,$0,$0,$4,$53,$1,$-67,$2,$169,$222,$-7,$5,$20,$25,$-8,$3,$-1,$-3,$-9,$9,$-4,$0,$-25,$-62,$11,$-52,$1,$-79,$0,$-2,$-2,$0,$0,$0,$6,$4,$-67,$5,$0
24,2012-09-30,26.52,$0.00,0.0,$3.10,8.55,$0.95,27.96,$0.37,71.68,$0.00B,$0.00B,0.0,$0.00B,$0.00B,0.0,$0.10B,$0.07B,71.00%,$0.10B,$0.01B,10.00%,$0.10B,$0.01B,10.00%,$0.10B,$0.01B,13.00%,$0.10B,$0.01B,10.00%,$0.10B,$0.01B,11.00%,$0.01B,$0.00B,8.66%,$0.01B,$0.00B,9.13%,$0.01B,$0.00B,7.07%,$0.01B,$0.00B,7.87%,$28,$8,$19,$6,$11,$26,$2,$0,$2,$0,$2,$2,$2,$4,$2,$32,33,$0.07,$0.07,$0,$0,$0,$0,$0,$0,$0,$0,$0,$0,$0,$0,$0,$0,$0,$0,$0,$0,$0,$0,$8,$3,$3,$6,$-10,$2,$1,$-0,$-5,$9,$-3,$0,$-24,$-78,$2,$-76,$-1,$-104,$0,$-2,$-2,$5,$5,$0,$0,$3,$-91,$3,$0
25,2012-06-30,27.86,$0.00,0.0,$3.04,9.17,$0.96,29.05,$0.38,73.32,$0.19B,$0.04B,5.19,$0.00B,$0.00B,0.0,$0.09B,$0.07B,71.74%,$0.09B,$0.01B,11.96%,$0.09B,$0.01B,11.96%,$0.09B,$0.01B,14.13%,$0.09B,$0.01B,11.96%,$0.09B,$0.01B,11.96%,$0.01B,$0.18B,7.57%,$0.01B,$0.16B,7.97%,$0.01B,$0.22B,6.08%,$0.01B,$0.18B,7.57%,$26,$8,$19,$5,$11,$24,$3,$0,$3,$0,$3,$3,$3,$4,$3,$32,33,$0.08,$0.08,$89,$12,$71,$193,$6,$0,$17,$1,$24,$217,$37,$0,$0,$5,$43,$0,$0,$0,$175,$217,$6,$2,$2,$3,$-5,$0,$2,$0,$-0,$9,$-1,$0,$-10,$-48,$1,$-47,$-1,$-60,$0,$0,$0,$0,$0,$0,$4,$4,$-47,$2,$0
26,2012-03-31,23.25,$0.00,0.0,$2.95,7.88,$0.83,28.14,$0.36,64.58,$0.20B,$0.03B,6.02,$0.00B,$0.00B,0.0,$0.08B,$0.06B,71.43%,$0.08B,$0.01B,11.90%,$0.08B,$0.01B,11.90%,$0.08B,$0.01B,13.10%,$0.08B,$0.01B,11.90%,$0.08B,$0.01B,11.90%,$0.01B,$0.17B,8.39%,$0.01B,$0.17B,8.66%,$0.01B,$0.21B,6.59%,$0.01B,$0.17B,8.39%,$24,$7,$17,$4,$11,$21,$3,$0,$3,$0,$3,$3,$3,$3,$3,$31,33,$0.10,$0.10,$165,$11,$6,$198,$0,$0,$3,$1,$4,$208,$33,$0,$0,$5,$38,$0,$0,$0,$170,$208,$3,$1,$1,$1,$-4,$-0,$3,$2,$-0,$4,$-1,$0,$0,$18,$0,$18,$-0,$17,$0,$0,$0,$0,$0,$0,$2,$2,$24,$1,$0
27,2011-12-31,15.2,$0.00,0.0,$2.88,5.28,$0.72,20.97,$0.32,47.5,$0.19B,$0.03B,6.51,$0.00B,$0.16B,0.0,$0.08B,$0.06B,71.43%,$0.08B,$0.01B,11.69%,$0.08B,$0.01B,11.69%,$0.08B,$0.01B,12.99%,$0.08B,$0.01B,11.69%,$0.08B,$0.01B,11.69%,$0.01B,$0.16B,9.57%,$0.01B,$0.16B,9.97%,$0.01B,$0.20B,7.20%,$0.01B,$0.16B,9.57%,$22,$6,$16,$4,$10,$20,$2,$0,$2,$-0,$2,$3,$3,$2,$2,$28,30,$0.13,$0.12,$135,$11,$24,$188,$5,$0,$3,$0,$9,$197,$29,$0,$0,$6,$34,$1,$-61,$-1,$163,$197,$9,$3,$2,$3,$-1,$0,$-2,$6,$1,$15,$-3,$0,$0,$-29,$3,$-26,$-0,$-29,$0,$0,$0,$85,$85,$0,$3,$88,$74,$2,$0
28,2011-09-30,9.75,$0.00,0.0,$2.79,3.49,$0.52,18.74,$0.26,37.5,$0.09B,$0.02B,3.81,$0.00B,$0.00B,0.0,$0.07B,$0.05B,71.83%,$0.07B,$0.01B,11.27%,$0.07B,$0.01B,11.27%,$0.07B,$0.01B,14.08%,$0.07B,$0.01B,11.27%,$0.07B,$0.01B,9.86%,$0.01B,$0.07B,10.07%,$0.01B,$0.07B,10.65%,$0.01B,$0.10B,7.04%,$0.01B,$0.07B,11.51%,$20,$6,$14,$3,$8,$17,$3,$0,$3,$0,$3,$2,$2,$4,$3,$24,26,$0.09,$0.08,$67,$9,$4,$93,$0,$0,$3,$0,$4,$102,$24,$0,$0,$4,$29,$0,$0,$0,$73,$102,$5,$2,$0,$2,$0,$0,$0,$0,$-2,$7,$-2,$0,$0,$0,$0,$-2,$-18,$-22,$0,$0,$0,$0,$2,$0,$0,$2,$-13,$0,$0
29,2011-06-30,18.29,$0.00,0.0,$2.64,6.92,$0.49,37.4,$0.21,87.1,$0.09B,$0.03B,3.69,$0.00B,$0.00B,0.0,$0.07B,$0.05B,72.73%,$0.07B,$0.01B,9.09%,$0.07B,$0.01B,9.09%,$0.07B,$0.01B,10.61%,$0.07B,$0.01B,9.09%,$0.07B,$0.01B,9.09%,$0.01B,$0.07B,9.02%,$0.01B,$0.07B,9.60%,$0.01B,$0.10B,6.28%,$0.01B,$0.07B,9.02%,$18,$5,$13,$3,$8,$17,$2,$-0,$2,$0,$2,$2,$2,$2,$2,$24,26,$0.07,$0.06,$63,$10,$7,$91,$0,$0,$3,$1,$4,$100,$25,$0,$0,$5,$29,$0,$0,$0,$71,$100,$3,$1,$1,$2,$-0,$1,$-3,$-1,$-2,$4,$-1,$0,$0,$-2,$2,$-0,$-0,$-2,$0,$0,$0,$1,$1,$0,$0,$1,$3,$1,$0
30,2011-03-31,15.66,$0.00,0.0,$2.54,6.16,$0.39,40.12,$-0.18,0.0,$0.09B,$0.03B,3.3,$0.00B,$0.00B,0.0,$0.06B,$0.05B,72.58%,$0.06B,$0.00B,6.45%,$0.06B,$0.00B,6.45%,$0.06B,$0.01B,8.06%,$0.06B,$-0.00B,-4.84%,$0.06B,$-0.00B,-4.84%,$-0.00B,$0.07B,-4.72%,$-0.00B,$0.07B,-5.04%,$-0.00B,$0.10B,-3.30%,$0.00B,$0.07B,6.30%,$17,$5,$12,$3,$8,$16,$2,$0,$2,$0,$2,$2,$2,$2,$2,$24,26,$0.07,$0.06,$61,$12,$6,$92,$0,$0,$3,$1,$4,$101,$28,$0,$0,$5,$32,$0,$0,$0,$69,$101,$2,$1,$0,$1,$0,$0,$0,$0,$-2,$1,$-1,$0,$0,$0,$0,$-0,$-0,$-1,$0,$0,$0,$0,$1,$0,$0,$1,$1,$0,$0
31,2010-12-31,11.64,$0.00,0.0,$2.43,4.78,$0.38,30.67,$-0.26,0.0,$0.09B,$0.03B,3.29,$0.00B,$0.07B,0.0,$0.06B,$0.04B,73.68%,$0.06B,$0.00B,3.51%,$0.06B,$0.00B,3.51%,$0.06B,$0.00B,5.26%,$0.06B,$-0.01B,-8.77%,$0.06B,$-0.01B,-8.77%,$-0.01B,$0.07B,-8.16%,$-0.01B,$0.06B,-8.70%,$-0.01B,$0.10B,-5.80%,$0.00B,$0.07B,3.27%,$16,$5,$12,$3,$7,$15,$1,$-0,$1,$-0,$1,$1,$1,$2,$1,$23,25,$0.06,$0.06,$59,$11,$5,$86,$17,$0,$4,$1,$21,$95,$26,$0,$0,$4,$30,$1,$-69,$0,$65,$95,$-6,$3,$10,$3,$-3,$-6,$2,$8,$1,$7,$-2,$0,$0,$-16,$14,$0,$-2,$-4,$0,$0,$0,$0,$3,$0,$0,$3,$6,$2,$0
32,2010-09-30,5.98,$0.00,0.0,$2.29,2.61,$-0.00,0.0,$-0.39,0.0,$0.08B,$0.02B,3.58,$0.00B,$0.00B,0.0,$0.05B,$0.04B,71.70%,$0.05B,$-0.00B,-1.89%,$0.05B,$-0.00B,-1.89%,$0.05B,$-0.00B,-1.89%,$0.05B,$-0.01B,-15.09%,$0.05B,$-0.01B,-15.09%,$-0.01B,$0.06B,-13.33%,$-0.01B,$0.06B,-14.16%,$-0.01B,$0.09B,-9.64%,$-0.00B,$0.06B,-1.67%,$15,$4,$11,$3,$7,$14,$1,$0,$1,$0,$1,$1,$1,$1,$1,$23,24,$0.03,$0.03,$56,$10,$3,$76,$0,$0,$4,$1,$4,$86,$21,$0,$0,$4,$25,$0,$0,$0,$61,$86,$-7,$2,$0,$2,$0,$0,$0,$0,$1,$6,$-2,$0,$0,$0,$0,$7,$1,$6,$0,$0,$0,$0,$1,$0,$0,$1,$13,$0,$0
33,2010-06-30,4.4,$0.00,0.0,$2.16,2.04,$-0.17,0.0,$-0.52,0.0,$0.07B,$0.02B,3.66,$0.00B,$0.00B,0.0,$0.05B,$0.04B,71.43%,$0.05B,$-0.00B,-6.12%,$0.05B,$-0.00B,-6.12%,$0.05B,$-0.00B,-6.12%,$0.05B,$-0.01B,-22.45%,$0.05B,$-0.01B,-22.45%,$-0.01B,$0.06B,-18.33%,$-0.01B,$0.06B,-19.47%,$-0.01B,$0.08B,-13.41%,$-0.00B,$0.06B,-5.00%,$14,$4,$10,$3,$7,$13,$0,$-8,$-7,$0,$-7,$-7,$-7,$0,$0,$23,23,$-0.33,$-0.33,$55,$8,$2,$72,$0,$0,$4,$1,$4,$82,$20,$0,$0,$4,$23,$0,$0,$0,$59,$82,$0,$0,$0,$0,$0,$0,$0,$0,$0,$0,$0,$0,$0,$0,$0,$0,$0,$0,$0,$0,$0,$0,$0,$0,$0,$0,$0,$0,$0
34,2010-03-31,5.03,$0.00,0.0,$2.01,2.5,$-0.17,0.0,$-0.24,0.0,$0.06B,$0.02B,3.26,$0.00B,$0.00B,0.0,$0.05B,$0.03B,71.11%,$0.05B,$-0.00B,-8.89%,$0.05B,$-0.00B,-8.89%,$0.05B,$-0.00B,-8.89%,$0.05B,$-0.01B,-11.11%,$0.05B,$-0.01B,-11.11%,$-0.01B,$0.06B,-8.26%,$-0.01B,$0.06B,-8.77%,$-0.01B,$0.08B,-6.10%,$-0.00B,$0.06B,-6.61%,$12,$3,$9,$3,$7,$13,$-0,$-0,$-0,$-0,$-0,$-0,$-0,$-0,$-0,$22,22,$-0.02,$-0.02,$42,$6,$4,$58,$0,$14,$4,$1,$18,$82,$18,$0,$0,$4,$21,$0,$0,$0,$60,$82,$0,$0,$0,$0,$0,$0,$0,$0,$0,$0,$0,$0,$0,$0,$0,$0,$0,$0,$0,$0,$0,$0,$0,$0,$0,$0,$0,$0,$0
35,2009-12-31,3.94,$0.00,0.0,$1.88,2.09,$-0.17,0.0,$-0.35,0.0,$0.05B,$0.02B,3.41,$0.00B,$0.00B,0.0,$0.04B,$0.03B,71.43%,$0.04B,$-0.01B,-11.90%,$0.04B,$-0.01B,-11.90%,$0.04B,$-0.01B,-11.90%,$0.04B,$-0.01B,-19.05%,$0.04B,$-0.01B,-19.05%,$-0.01B,$0.06B,-13.22%,$-0.01B,$0.06B,-14.10%,$-0.01B,$0.08B,-9.85%,$-0.01B,$0.06B,-8.26%,$12,$4,$8,$2,$7,$13,$-2,$0,$-2,$-0,$-2,$-2,$-2,$-2,$-2,$22,22,$-0.07,$-0.07,$39,$5,$2,$54,$0,$14,$4,$4,$22,$82,$16,$0,$3,$5,$21,$0,$0,$0,$60,$82,$-8,$2,$6,$2,$-2,$-1,$0,$-0,$-1,$-0,$-3,$0,$0,$-0,$0,$0,$-0,$-4,$0,$0,$0,$0,$0,$0,$0,$0,$-4,$2,$0
36,2009-09-30,3.84,$0.00,0.0,$1.80,2.14,0,0.0,$-0.23,0.0,$0.06B,$0.02B,3.59,$0.00B,$0.00B,0.0,$0.04B,$0.03B,72.50%,$0.04B,$-0.01B,-12.50%,$0.04B,$-0.01B,-12.50%,$0.04B,$-0.01B,-12.50%,$0.04B,$-0.01B,-12.50%,$0.04B,$-0.01B,-12.50%,$-0.01B,$0.06B,-8.16%,$-0.01B,$0.06B,-8.73%,$-0.01B,$0.08B,-6.13%,$-0.01B,$0.06B,-8.16%,$11,$3,$8,$2,$7,$12,$-1,$-1,$-2,$0,$-2,$-2,$-2,$-1,$-1,$22,22,$-0.10,$-0.10,$39,$6,$3,$55,$0,$14,$4,$4,$21,$82,$15,$0,$3,$5,$21,$0,$0,$0,$61,$82,$0,$0,$0,$0,$0,$0,$0,$0,$0,$0,$0,$0,$0,$0,$0,$0,$0,$0,$0,$0,$0,$0,$0,$0,$0,$0,$0,$0,$0
37,2009-06-30,3.05,$0.00,0.0,$1.75,1.74,0,0.0,$-0.54,0.0,$0.05B,$0.02B,3.49,$0.00B,$0.00B,0.0,$0.04B,$0.03B,71.79%,$0.04B,$-0.01B,-15.38%,$0.04B,$-0.01B,-15.38%,$0.04B,$-0.01B,-15.38%,$0.04B,$-0.01B,-30.77%,$0.04B,$-0.01B,-30.77%,$-0.01B,$0.06B,-19.59%,$-0.01B,$0.06B,-20.96%,$-0.01B,$0.08B,-14.81%,$-0.01B,$0.06B,-9.80%,$10,$3,$7,$2,$6,$11,$-1,$0,$-1,$0,$-1,$-1,$-1,$-1,$-1,$22,22,$-0.05,$-0.05,$39,$5,$1,$54,$0,$15,$4,$4,$23,$82,$15,$0,$3,$5,$21,$0,$0,$0,$61,$82,$0,$0,$0,$0,$0,$0,$0,$0,$0,$0,$0,$0,$0,$0,$0,$0,$0,$0,$0,$0,$0,$0,$0,$0,$0,$0,$0,$0,$0
38,2009-03-31,1.6,$0.00,0.0,$1.73,0.93,0,0.0,$-0.66,0.0,$0.05B,$0.01B,3.89,$0.00B,$0.00B,0.0,$0.04B,$0.03B,73.68%,$0.04B,$-0.01B,-21.05%,$0.04B,$-0.01B,-21.05%,$0.04B,$-0.01B,-21.05%,$0.04B,$-0.02B,-39.47%,$0.04B,$-0.02B,-39.47%,$-0.02B,$0.06B,-23.62%,$-0.02B,$0.06B,-25.21%,$-0.02B,$0.08B,-18.18%,$-0.01B,$0.06B,-12.60%,$9,$3,$7,$2,$6,$11,$-1,$-2,$-3,$0,$-3,$-3,$-3,$-1,$-1,$22,22,$-0.13,$-0.13,$40,$4,$0,$52,$0,$17,$4,$1,$22,$79,$13,$0,$3,$5,$19,$0,$0,$0,$60,$79,$0,$0,$0,$0,$0,$0,$0,$0,$0,$0,$0,$0,$0,$0,$0,$0,$0,$0,$0,$0,$0,$0,$0,$0,$0,$0,$0,$0,$0
39,2008-12-31,1.65,$0.00,0.0,$1.68,0.98,0,0.0,$-0.75,0.0,$0.05B,$0.01B,3.91,$0.00B,$0.00B,0.0,$0.04B,$0.03B,72.97%,$0.04B,$-0.01B,-29.73%,$0.04B,$-0.01B,-29.73%,$0.04B,$-0.01B,-29.73%,$0.04B,$-0.02B,-45.95%,$0.04B,$-0.02B,-45.95%,$-0.02B,$0.06B,-25.47%,$-0.02B,$0.06B,-27.09%,$-0.02B,$0.08B,-19.88%,$-0.01B,$0.06B,-16.48%,$10,$2,$7,$3,$6,$11,$-2,$3,$1,$0,$1,$1,$1,$-2,$-2,$22,22,$0.05,$0.05,$42,$4,$0,$54,$0,$19,$4,$1,$24,$83,$14,$0,$4,$6,$20,$0,$0,$0,$63,$83,$0,$0,$0,$0,$0,$0,$0,$0,$0,$0,$0,$0,$0,$0,$0,$0,$0,$0,$0,$0,$0,$0,$0,$0,$0,$0,$0,$0,$0
40,2008-09-30,2.43,$0.00,0.0,$1.64,1.48,$-0.42,0.0,$-1.05,0.0,$0.05B,$0.01B,3.61,$0.00B,$0.00B,0.0,$0.04B,$0.03B,80.56%,$0.04B,$-0.00B,0.00%,$0.04B,$-0.00B,0.00%,$0.04B,$-0.00B,0.00%,$0.04B,$-0.01B,-25.00%,$0.04B,$-0.02B,-66.67%,$-0.02B,$0.06B,-34.16%,$-0.02B,$0.06B,-35.69%,$-0.02B,$0.08B,-27.12%,$-0.00B,$0.06B,0.00%,$10,$3,$7,$3,$6,$12,$-2,$-7,$-9,$0,$-9,$-9,$-9,$-2,$-2,$22,22,$-0.41,$-0.41,$36,$4,$0,$48,$0,$22,$4,$1,$27,$80,$13,$0,$4,$5,$19,$0,$0,$0,$61,$80,$0,$0,$0,$0,$0,$0,$0,$0,$0,$0,$0,$0,$0,$0,$0,$0,$0,$0,$0,$0,$0,$0,$0,$0,$0,$0,$0,$0,$0
41,2008-06-30,2.94,$0.00,0.0,$1.52,1.94,$-0.42,0.0,$-0.74,0.0,$0.04B,$0.01B,3.3,$0.00B,$0.00B,0.0,$0.03B,$0.03B,87.88%,$0.03B,$0.01B,27.27%,$0.03B,$0.01B,27.27%,$0.03B,$0.01B,27.27%,$0.03B,$0.01B,21.21%,$0.03B,$-0.02B,-51.52%,$-0.02B,$0.07B,-30.91%,$-0.02B,$0.07B,-32.08%,$-0.02B,$0.09B,-24.82%,$0.01B,$0.07B,16.36%,$9,$2,$7,$3,$7,$13,$-3,$-0,$-4,$0,$-4,$-4,$-4,$-3,$-3,$22,22,$-0.17,$-0.17,$30,$4,$0,$42,$0,$32,$4,$5,$41,$88,$13,$0,$4,$5,$18,$0,$0,$0,$70,$88,$0,$0,$0,$0,$0,$0,$0,$0,$0,$0,$0,$0,$0,$0,$0,$0,$0,$0,$0,$0,$0,$0,$0,$0,$0,$0,$0,$0,$0
42,2008-03-31,2.4,$0.00,0.0,$1.49,1.61,$-0.42,0.0,$-0.60,0.0,$0.05B,$0.01B,3.29,$0.00B,$0.00B,0.0,$0.03B,$0.03B,87.88%,$0.03B,$0.01B,30.30%,$0.03B,$0.01B,30.30%,$0.03B,$0.01B,30.30%,$0.03B,$0.01B,30.30%,$0.03B,$-0.01B,-42.42%,$-0.01B,$0.07B,-23.83%,$-0.01B,$0.07B,-24.24%,$-0.01B,$0.09B,-19.38%,$0.01B,$0.07B,17.02%,$8,$2,$6,$3,$7,$12,$-4,$-1,$-5,$0,$-5,$-5,$-5,$-4,$-4,$22,22,$-0.22,$-0.22,$30,$4,$0,$45,$0,$33,$4,$5,$42,$91,$14,$0,$4,$5,$19,$0,$0,$0,$73,$91,$0,$0,$0,$0,$0,$0,$0,$0,$0,$0,$0,$0,$0,$0,$0,$0,$0,$0,$0,$0,$0,$0,$0,$0,$0,$0,$0,$0,$0
43,2007-12-31,4.85,$0.00,0.0,$1.47,3.3,$-0.42,0.0,$-0.40,0.0,$0.05B,$0.01B,3.89,$0.00B,$0.08B,0.0,$0.03B,$0.03B,87.88%,$0.03B,$0.01B,39.39%,$0.03B,$0.01B,39.39%,$0.03B,$0.01B,39.39%,$0.03B,$0.02B,45.45%,$0.03B,$-0.01B,-27.27%,$-0.01B,$0.08B,-14.63%,$-0.01B,$0.08B,-14.63%,$-0.01B,$0.10B,-12.04%,$0.01B,$0.08B,21.14%,$9,$0,$9,$0,$0,$0,$9,$0,$9,$0,$9,$-6,$-6,$9,$9,$22,22,$-0.25,$-0.25,$35,$5,$0,$50,$0,$35,$0,$4,$40,$95,$13,$0,$3,$5,$17,$0,$-47,$0,$77,$95,$-10,$2,$0,$2,$0,$0,$0,$0,$-4,$-6,$-3,$0,$0,$0,$0,$29,$0,$26,$0,$-0,$0,$0,$1,$0,$0,$1,$21,$0,$0
44,2007-09-30,6.0,$0.00,0.0,$1.56,3.85,$-0.04,0.0,$-0.15,0.0,$0.00B,$0.00B,0.0,$0.00B,$0.00B,0.0,$0.03B,$0.03B,88.24%,$0.03B,$0.01B,41.18%,$0.03B,$0.01B,41.18%,$0.03B,$0.01B,41.18%,$0.03B,$0.02B,47.06%,$0.03B,$-0.00B,-8.82%,$-0.00B,$0.00B,-4.74%,$-0.00B,$0.00B,-4.74%,$-0.00B,$0.00B,-3.93%,$0.01B,$0.00B,22.13%,$7,$0,$7,$0,$0,$0,$7,$0,$7,$0,$7,$-2,$-2,$7,$7,$22,22,$-0.10,$-0.10,$0,$0,$0,$0,$0,$0,$0,$0,$0,$0,$0,$0,$0,$0,$0,$0,$0,$0,$0,$0,$0,$0,$0,$0,$0,$0,$0,$0,$0,$0,$0,$0,$0,$0,$0,$0,$0,$0,$0,$0,$0,$0,$0,$0,$0,$0,$0,$0,$0
