,Date,Stock Price,Book Value per Share,Price to Book Ratio,TTM Sales per Share,Price to Sales Ratio,TTM FCF per Share,Price to FCF Ratio,TTM Net EPS,PE Ratio,Current Assets,Current Liabilities,Current Ratio,Long Term Debt,Shareholder's Equity_x,Debt to Equity Ratio,TTM Revenue_x,TTM Gross Profit,Gross Margin,TTM Revenue_y,TTM Operating Income,Operating Margin,TTM Revenue_x,TTM EBIT,EBIT Margin,TTM Revenue_y,TTM EBITDA,EBITDA Margin,TTM Revenue_x,TTM Pre-Tax Income,Pre-Tax Margin,TTM Revenue_y,TTM Net Income_x,Net Margin,TTM Net Income_y,Shareholder's Equity_y,Return on Equity,TTM Net Income_x,Tangible Equity,Return on Tangible Equity,TTM Net Income_y,Total Assets,Return on Assets,TTM Net Income,LT Investments & Debt,Return on Investment,revenue,cost-goods-sold,gross-profit,research-development-expenses,selling-general-administrative-expenses,operating-expenses,operating-income,total-non-operating-income-expense,pre-tax-income,total-provision-income-taxes,income-after-taxes,income-from-continuous-operations,net-income,ebitda,ebit,basic-shares-outstanding,shares-outstanding,eps-basic-net-earnings-per-share,eps-earnings-per-share-diluted,cash-on-hand,inventory,other-current-assets,total-current-assets,net-property-plant-equipment,long-term-investments,goodwill-intangible-assets-total,other-long-term-assets,total-long-term-assets,total-assets,total-current-liabilities,long-term-debt,other-non-current-liabilities,total-long-term-liabilities,total-liabilities,common-stock-net,retained-earnings-accumulated-deficit,comprehensive-income,total-share-holder-equity,total-liabilities-share-holders-equity,net-income-loss,total-depreciation-amortization-cash-flow,other-non-cash-items,total-non-cash-items,change-in-accounts-receivable,change-in-inventories,change-in-accounts-payable,change-in-assets-liabilities,total-change-in-assets-liabilities,cash-flow-from-operating-activities,net-change-in-property-plant-equipment,net-change-in-intangible-assets,net-acquisitions-divestitures,net-change-in-short-term-investments,net-change-in-long-term-investments,net-change-in-investments-total,investing-activities-other,cash-flow-from-investing-activities,net-long-term-debt,net-current-debt,debt-issuance-retirement-net-total,net-common-equity-issued-repurchased,net-total-equity-issued-repurchased,total-common-preferred-stock-dividends-paid,financial-activities-other,cash-flow-from-financial-activities,net-cash-flow,stock-based-compensation,common-stock-dividends-paid
0,2018-09-30,87.52,$14.64,5.98,$0.96,91.56,$-15.13,0.0,$-4.52,0.0,$1.34B,$0.12B,11.05,$0.03B,$1.48B,0.02,$0.09B,$0.09B,100.00%,$0.09B,$-0.74B,-805.43%,$0.09B,$-0.74B,-805.43%,$0.09B,$-0.73B,-792.39%,$0.09B,$-0.69B,-751.09%,$0.09B,$-0.69B,-752.17%,$-0.69B,$1.48B,-41.81%,$-0.69B,$1.48B,-41.81%,$-0.69B,$1.68B,-37.49%,$-0.74B,$1.51B,-43.98%,$2,$0,$2,$140,$117,$257,$-255,$10,$-245,$0,$-245,$-245,$-245,$-251,$-255,$101,101,$-2.43,$-2.43,$1237,$11,$0,$1342,$273,$45,$0,$16,$334,$1676,$122,$30,$4,$76,$198,$1,$-2630,$-33,$1478,$1676,$-550,$9,$118,$127,$31,$-10,$-1,$-34,$11,$-412,$-89,$0,$0,$128,$-15,$113,$0,$24,$0,$0,$0,$60,$60,$0,$0,$60,$-328,$130,$0
1,2018-06-30,98.49,$16.12,6.11,$1.12,87.82,$-14.11,0.0,$-5.86,0.0,$1.50B,$0.11B,13.22,$0.03B,$1.62B,0.02,$0.11B,$0.11B,100.00%,$0.11B,$-0.61B,-571.96%,$0.11B,$-0.61B,-571.96%,$0.11B,$-0.60B,-560.75%,$0.11B,$-0.57B,-531.78%,$0.11B,$-0.57B,-532.71%,$-0.57B,$1.62B,-36.77%,$-0.57B,$1.62B,-36.77%,$-0.57B,$1.79B,-32.27%,$-0.61B,$1.65B,-38.01%,$30,$0,$30,$138,$85,$222,$-192,$29,$-163,$0,$-164,$-164,$-164,$-190,$-192,$101,101,$-1.63,$-1.63,$1448,$0,$0,$1503,$228,$45,$0,$14,$287,$1789,$114,$30,$4,$55,$169,$1,$-2384,$-34,$1621,$1789,$-305,$5,$32,$38,$31,$0,$-10,$-20,$9,$-258,$-44,$0,$0,$-13,$-15,$-28,$0,$-72,$0,$0,$0,$47,$47,$0,$0,$47,$-283,$42,$0
2,2018-03-31,119.1,$17.47,6.82,$1.00,118.52,$-13.82,0.0,$-5.57,0.0,$1.69B,$0.12B,14.61,$0.03B,$1.76B,0.02,$0.09B,$0.09B,100.00%,$0.09B,$-0.54B,-580.65%,$0.09B,$-0.54B,-580.65%,$0.09B,$-0.53B,-566.67%,$0.09B,$-0.52B,-563.44%,$0.09B,$-0.52B,-563.44%,$-0.52B,$1.76B,-36.75%,$-0.52B,$1.76B,-36.75%,$-0.52B,$1.92B,-31.24%,$-0.54B,$1.79B,-35.63%,$22,$0,$22,$97,$72,$169,$-147,$6,$-141,$-0,$-141,$-141,$-141,$-144,$-147,$100,100,$-1.41,$-1.41,$1568,$0,$0,$1685,$202,$31,$0,$5,$238,$1923,$115,$30,$4,$53,$168,$1,$-2221,$-35,$1755,$1923,$-141,$3,$21,$24,$-17,$0,$-9,$-1,$-38,$-156,$-21,$0,$0,$-114,$0,$-114,$0,$-135,$0,$0,$0,$42,$42,$0,$0,$42,$-249,$20,$0
3,2017-12-31,127.05,$17.72,7.17,$1.01,126.27,$-13.64,0.0,$-5.41,0.0,$1.77B,$0.14B,12.23,$0.03B,$1.77B,0.02,$0.09B,$0.09B,100.00%,$0.09B,$-0.50B,-555.56%,$0.09B,$-0.50B,-555.56%,$0.09B,$-0.49B,-541.11%,$0.09B,$-0.49B,-544.44%,$0.09B,$-0.49B,-544.44%,$-0.49B,$1.77B,-41.01%,$-0.49B,$1.77B,-41.01%,$-0.49B,$2.00B,-33.10%,$-0.50B,$1.80B,-38.03%,$38,$0,$38,$118,$67,$185,$-147,$5,$-142,$0,$-142,$-142,$-142,$-144,$-147,$91,91,$-1.49,$-1.49,$1691,$0,$0,$1765,$182,$44,$0,$4,$230,$1995,$144,$30,$4,$84,$228,$1,$-2148,$-34,$1766,$1995,$-491,$13,$98,$111,$-11,$0,$-5,$-19,$-3,$-383,$-104,$0,$0,$-306,$120,$-186,$0,$-290,$-120,$0,$-120,$1245,$1245,$0,$0,$1125,$452,$93,$0
4,2017-09-30,117.49,$11.46,10.25,$0.79,148.47,$-12.61,0.0,$-5.25,0.0,$0.99B,$0.10B,9.83,$0.15B,$1.06B,0.14,$0.07B,$0.07B,100.00%,$0.07B,$-0.47B,-678.26%,$0.07B,$-0.47B,-678.26%,$0.07B,$-0.46B,-659.42%,$0.07B,$-0.46B,-668.12%,$0.07B,$-0.46B,-668.12%,$-0.46B,$1.06B,-46.89%,$-0.46B,$1.06B,-46.89%,$-0.46B,$1.36B,-35.54%,$-0.47B,$1.21B,-41.30%,$17,$0,$17,$95,$48,$143,$-126,$3,$-123,$0,$-123,$-123,$-123,$-122,$-126,$92,92,$-1.34,$-1.34,$948,$0,$0,$993,$162,$202,$0,$1,$365,$1358,$101,$150,$3,$198,$299,$1,$-2005,$-34,$1059,$1358,$-349,$10,$70,$80,$9,$0,$-17,$-8,$-11,$-280,$-83,$0,$0,$-46,$0,$-46,$0,$-130,$0,$0,$0,$418,$418,$0,$0,$418,$8,$66,$0
5,2017-06-30,79.76,$12.25,6.51,$0.76,104.34,$-11.85,0.0,$-5.12,0.0,$0.96B,$0.11B,8.84,$0.15B,$1.12B,0.13,$0.07B,$0.07B,100.00%,$0.07B,$-0.45B,-680.30%,$0.07B,$-0.45B,-680.30%,$0.07B,$-0.44B,-660.61%,$0.07B,$-0.44B,-669.70%,$0.07B,$-0.44B,-669.70%,$-0.44B,$1.12B,-45.46%,$-0.44B,$1.12B,-45.46%,$-0.44B,$1.43B,-34.37%,$-0.45B,$1.27B,-40.01%,$16,$0,$16,$91,$46,$136,$-120,$2,$-118,$0,$-118,$-118,$-118,$-117,$-120,$88,88,$-1.34,$-1.34,$923,$0,$0,$961,$148,$325,$0,$1,$474,$1434,$109,$150,$3,$203,$311,$1,$-1883,$-34,$1123,$1434,$-226,$6,$43,$49,$8,$0,$-8,$-1,$-5,$-181,$-58,$0,$0,$65,$0,$65,$0,$7,$0,$0,$0,$389,$389,$0,$0,$389,$215,$40,$0
6,2017-03-31,51.25,$9.65,5.31,$0.69,74.78,$-11.22,0.0,$-4.83,0.0,$0.60B,$0.10B,6.24,$0.15B,$0.83B,0.18,$0.06B,$0.06B,100.00%,$0.06B,$-0.42B,-713.56%,$0.06B,$-0.42B,-713.56%,$0.06B,$-0.41B,-689.83%,$0.06B,$-0.41B,-701.69%,$0.06B,$-0.41B,-701.69%,$-0.41B,$0.83B,-42.86%,$-0.41B,$0.83B,-42.86%,$-0.41B,$1.13B,-32.52%,$-0.42B,$0.98B,-37.72%,$19,$0,$19,$87,$38,$125,$-107,$-1,$-107,$0,$-107,$-107,$-107,$-104,$-107,$86,86,$-1.25,$-1.25,$560,$0,$0,$597,$130,$405,$0,$1,$537,$1134,$96,$150,$3,$207,$303,$1,$-1764,$-34,$831,$1134,$-107,$3,$18,$21,$4,$0,$-11,$4,$-14,$-100,$-36,$0,$0,$111,$0,$111,$0,$75,$0,$0,$0,$3,$3,$0,$0,$3,$-23,$16,$0
7,2016-12-31,37.44,$10.71,3.5,$0.55,67.94,$-10.64,0.0,$-4.79,0.0,$0.67B,$0.13B,5.1,$0.15B,$0.92B,0.16,$0.05B,$0.05B,100.00%,$0.05B,$-0.42B,-902.13%,$0.05B,$-0.42B,-902.13%,$0.05B,$-0.41B,-868.09%,$0.05B,$-0.41B,-872.34%,$0.05B,$-0.41B,-872.34%,$-0.41B,$0.92B,-38.84%,$-0.41B,$0.92B,-38.84%,$-0.41B,$1.26B,-31.09%,$-0.42B,$1.07B,-36.30%,$17,$0,$17,$105,$28,$133,$-115,$2,$-113,$0,$-113,$-113,$-113,$-112,$-115,$86,86,$-1.32,$-1.32,$627,$0,$0,$672,$115,$475,$0,$2,$591,$1263,$132,$150,$3,$211,$343,$1,$-1657,$-33,$920,$1263,$-410,$15,$70,$85,$-15,$0,$10,$11,$17,$-308,$-65,$0,$0,$357,$0,$357,$-150,$143,$150,$0,$150,$28,$28,$0,$0,$178,$13,$76,$0
8,2016-09-30,67.78,$11.83,5.73,$0.44,155.07,$-8.70,0.0,$-4.54,0.0,$0.75B,$0.08B,9.14,$0.15B,$1.02B,0.15,$0.04B,$0.04B,100.00%,$0.04B,$-0.40B,-1057.89%,$0.04B,$-0.40B,-1057.89%,$0.04B,$-0.38B,-1007.89%,$0.04B,$-0.39B,-1021.05%,$0.04B,$-0.39B,-1021.05%,$-0.39B,$1.02B,-33.98%,$-0.39B,$1.02B,-33.98%,$-0.39B,$1.31B,-28.75%,$-0.40B,$1.17B,-33.04%,$14,$0,$14,$98,$22,$120,$-107,$3,$-104,$0,$-104,$-104,$-104,$-103,$-107,$86,86,$-1.21,$-1.21,$713,$0,$0,$748,$74,$490,$0,$2,$565,$1313,$82,$150,$2,$216,$298,$1,$-1544,$-28,$1015,$1313,$-297,$12,$49,$61,$-7,$0,$-1,$8,$6,$-229,$-45,$0,$0,$237,$0,$237,$-150,$42,$150,$0,$150,$25,$25,$0,$0,$175,$-12,$55,$0
9,2016-06-30,55.49,$12.84,4.32,$0.35,157.39,$-7.23,0.0,$-4.24,0.0,$0.89B,$0.07B,12.58,$0.15B,$1.10B,0.14,$0.03B,$0.03B,100.00%,$0.03B,$-0.37B,-1243.33%,$0.03B,$-0.37B,-1243.33%,$0.03B,$-0.35B,-1176.67%,$0.03B,$-0.36B,-1203.33%,$0.03B,$-0.36B,-1203.33%,$-0.36B,$1.10B,-29.63%,$-0.36B,$1.10B,-29.63%,$-0.36B,$1.38B,-26.15%,$-0.37B,$1.25B,-29.70%,$9,$0,$9,$83,$18,$101,$-92,$2,$-90,$0,$-90,$-90,$-90,$-88,$-92,$86,86,$-1.05,$-1.05,$856,$0,$0,$888,$55,$437,$0,$1,$494,$1382,$71,$150,$2,$213,$284,$1,$-1440,$-28,$1098,$1382,$-193,$9,$34,$43,$-1,$0,$-4,$-0,$-3,$-154,$-24,$0,$0,$248,$0,$248,$-150,$74,$150,$0,$150,$20,$20,$0,$0,$170,$90,$39,$0
10,2016-03-31,62.77,$13.91,4.51,$0.35,177.46,$-6.15,0.0,$-4.04,0.0,$1.05B,$0.07B,15.82,$0.00B,$1.19B,0.0,$0.03B,$0.03B,100.00%,$0.03B,$-0.35B,-1180.00%,$0.03B,$-0.35B,-1180.00%,$0.03B,$-0.33B,-1110.00%,$0.03B,$-0.34B,-1140.00%,$0.03B,$-0.34B,-1143.33%,$-0.34B,$1.19B,-26.46%,$-0.34B,$1.19B,-26.46%,$-0.34B,$1.32B,-24.19%,$-0.35B,$1.19B,-27.31%,$7,$0,$7,$96,$21,$117,$-110,$7,$-103,$0,$-103,$-103,$-103,$-105,$-110,$85,85,$-1.21,$-1.21,$1014,$0,$0,$1050,$37,$229,$0,$1,$267,$1317,$66,$0,$1,$62,$128,$1,$-1350,$-9,$1189,$1317,$-103,$5,$19,$23,$-1,$0,$0,$1,$-4,$-84,$-3,$0,$0,$130,$0,$130,$-9,$118,$0,$0,$0,$16,$16,$0,$0,$16,$50,$23,$0
11,2015-12-31,94.14,$14.86,6.33,$0.49,190.78,$-5.48,0.0,$-3.45,0.0,$1.11B,$0.06B,17.8,$0.00B,$1.27B,0.0,$0.04B,$0.04B,100.00%,$0.04B,$-0.30B,-704.76%,$0.04B,$-0.30B,-704.76%,$0.04B,$-0.28B,-659.52%,$0.04B,$-0.29B,-690.48%,$0.04B,$-0.29B,-692.86%,$-0.29B,$1.27B,-21.19%,$-0.29B,$1.27B,-21.19%,$-0.29B,$1.39B,-19.46%,$-0.30B,$1.27B,-21.55%,$8,$0,$8,$83,$17,$100,$-93,$2,$-91,$0,$-91,$-91,$-91,$-87,$-93,$84,84,$-1.07,$-1.07,$1081,$0,$0,$1105,$28,$252,$0,$1,$281,$1387,$62,$0,$1,$60,$122,$1,$-1247,$4,$1265,$1387,$-290,$19,$47,$66,$32,$0,$2,$-5,$35,$-189,$-13,$0,$0,$-307,$0,$-307,$-1,$-321,$0,$0,$0,$616,$616,$0,$0,$616,$106,$46,$0
12,2015-09-30,80.36,$15.60,5.15,$0.73,110.55,$-5.43,0.0,$-2.66,0.0,$1.04B,$0.06B,18.24,$0.00B,$1.32B,0.0,$0.06B,$0.06B,100.00%,$0.06B,$-0.25B,-429.31%,$0.06B,$-0.25B,-429.31%,$0.06B,$-0.23B,-400.00%,$0.06B,$-0.24B,-417.24%,$0.06B,$-0.22B,-381.03%,$-0.22B,$1.32B,-17.12%,$-0.22B,$1.32B,-17.12%,$-0.22B,$1.44B,-15.57%,$-0.25B,$1.32B,-19.29%,$6,$0,$6,$69,$16,$85,$-78,$2,$-77,$0,$-77,$-77,$-77,$-73,$-78,$85,85,$-0.91,$-0.91,$1016,$0,$0,$1042,$26,$359,$0,$0,$394,$1436,$57,$0,$0,$57,$115,$1,$-1156,$-7,$1322,$1436,$-199,$14,$31,$45,$32,$0,$-1,$-8,$18,$-136,$-10,$0,$0,$-389,$0,$-389,$-0,$-400,$0,$0,$0,$610,$610,$0,$0,$610,$74,$30,$0
13,2015-06-30,119.87,$16.66,7.19,$0.80,150.63,$-5.46,0.0,$-2.33,0.0,$1.03B,$0.07B,15.45,$0.00B,$1.41B,0.0,$0.06B,$0.06B,100.00%,$0.06B,$-0.22B,-342.86%,$0.06B,$-0.22B,-342.86%,$0.06B,$-0.20B,-319.05%,$0.06B,$-0.21B,-331.75%,$0.06B,$-0.19B,-298.41%,$-0.19B,$1.41B,-15.84%,$-0.19B,$1.41B,-15.84%,$-0.19B,$1.53B,-14.39%,$-0.22B,$1.41B,-18.20%,$9,$0,$9,$67,$15,$82,$-73,$2,$-71,$0,$-72,$-72,$-72,$-68,$-73,$84,84,$-0.85,$-0.85,$1005,$0,$0,$1029,$25,$457,$0,$0,$502,$1531,$67,$0,$0,$56,$122,$1,$-1079,$19,$1409,$1531,$-123,$9,$19,$28,$31,$0,$-1,$-9,$13,$-82,$-3,$0,$0,$-445,$0,$-445,$-0,$-448,$0,$0,$0,$606,$606,$0,$0,$606,$76,$18,$0
14,2015-03-31,104.42,$17.77,5.88,$0.79,132.34,$-5.65,0.0,$-2.06,0.0,$1.09B,$0.08B,13.51,$0.00B,$1.50B,0.0,$0.06B,$0.06B,100.00%,$0.06B,$-0.19B,-308.20%,$0.06B,$-0.19B,-308.20%,$0.06B,$-0.18B,-286.89%,$0.06B,$-0.18B,-298.36%,$0.06B,$-0.16B,-262.30%,$-0.16B,$1.50B,-14.96%,$-0.16B,$1.50B,-14.96%,$-0.16B,$1.63B,-13.54%,$-0.19B,$1.50B,-17.57%,$19,$0,$19,$58,$13,$71,$-52,$1,$-51,$-0,$-51,$-51,$-51,$-49,$-52,$82,82,$-0.62,$-0.62,$1067,$0,$0,$1090,$21,$484,$0,$0,$539,$1629,$81,$0,$0,$52,$132,$1,$-1007,$52,$1497,$1629,$-51,$4,$8,$12,$30,$0,$1,$-9,$13,$-26,$-2,$0,$0,$-339,$0,$-339,$-0,$-341,$0,$0,$0,$599,$599,$0,$0,$599,$231,$8,$0
15,2014-12-31,97.0,$12.13,8.0,$0.69,141.56,$-5.92,0.0,$-5.14,0.0,$0.75B,$0.10B,7.83,$0.00B,$0.94B,0.0,$0.05B,$0.05B,100.00%,$0.05B,$-0.41B,-810.00%,$0.05B,$-0.41B,-810.00%,$0.05B,$-0.39B,-784.00%,$0.05B,$-0.40B,-800.00%,$0.05B,$-0.36B,-720.00%,$-0.36B,$0.94B,-38.53%,$-0.36B,$0.94B,-38.53%,$-0.36B,$1.08B,-34.46%,$-0.41B,$0.94B,-43.35%,$24,$0,$24,$56,$14,$70,$-46,$2,$-43,$-22,$-21,$-21,$-21,$-42,$-46,$74,74,$0.01,$0.01,$697,$0,$0,$746,$22,$280,$0,$0,$333,$1080,$95,$0,$0,$48,$143,$1,$-957,$49,$936,$1080,$-360,$12,$212,$224,$-36,$0,$9,$-12,$-29,$-166,$-9,$0,$-25,$-515,$0,$-515,$0,$-549,$0,$0,$0,$736,$736,$0,$0,$736,$22,$33,$0
16,2014-09-30,78.1,$11.80,6.62,$0.54,145.14,$-4.75,0.0,$-5.37,0.0,$0.64B,$0.06B,11.31,$0.00B,$0.90B,0.0,$0.04B,$0.04B,100.00%,$0.04B,$-0.39B,-1051.35%,$0.04B,$-0.39B,-1051.35%,$0.04B,$-0.38B,-1018.92%,$0.04B,$-0.39B,-1043.24%,$0.04B,$-0.37B,-1002.70%,$-0.37B,$0.90B,-48.32%,$-0.37B,$0.90B,-48.32%,$-0.37B,$0.99B,-42.16%,$-0.39B,$0.90B,-50.67%,$11,$0,$11,$46,$10,$56,$-45,$1,$-44,$0,$-44,$-44,$-44,$-42,$-45,$76,76,$-0.58,$-0.58,$632,$0,$0,$643,$19,$325,$0,$0,$343,$986,$57,$0,$1,$25,$82,$1,$-935,$15,$904,$986,$-339,$9,$222,$231,$4,$0,$-1,$-31,$-21,$-129,$-5,$0,$-25,$-540,$0,$-540,$0,$-570,$0,$0,$0,$729,$729,$0,$0,$729,$30,$20,$0
17,2014-06-30,63.17,$12.35,5.12,$0.54,117.3,$-3.79,0.0,$-5.27,0.0,$0.67B,$0.05B,12.38,$0.00B,$0.94B,0.0,$0.04B,$0.04B,100.00%,$0.04B,$-0.38B,-1074.29%,$0.04B,$-0.38B,-1074.29%,$0.04B,$-0.36B,-1040.00%,$0.04B,$-0.37B,-1068.57%,$0.04B,$-0.36B,-1020.00%,$-0.36B,$0.94B,-57.93%,$-0.36B,$0.94B,-57.93%,$-0.36B,$1.03B,-47.89%,$-0.38B,$0.94B,-61.01%,$7,$0,$7,$45,$12,$52,$-45,$1,$-44,$-0,$-44,$-44,$-44,$-42,$-45,$76,76,$-0.58,$-0.58,$655,$0,$0,$665,$17,$351,$0,$0,$368,$1033,$54,$0,$1,$37,$90,$1,$-891,$22,$942,$1033,$-295,$5,$216,$222,$4,$0,$0,$-21,$-15,$-88,$-2,$0,$-25,$-581,$0,$-581,$0,$-608,$0,$0,$0,$724,$724,$0,$0,$724,$28,$13,$0
18,2014-03-31,67.14,$12.65,5.31,$0.58,115.12,$-3.03,0.0,$-4.98,0.0,$0.67B,$0.08B,8.04,$0.00B,$0.96B,0.0,$0.04B,$0.04B,100.00%,$0.04B,$-0.35B,-951.35%,$0.04B,$-0.35B,-951.35%,$0.04B,$-0.34B,-921.62%,$0.04B,$-0.35B,-948.65%,$0.04B,$-0.33B,-894.59%,$-0.33B,$0.96B,-72.31%,$-0.33B,$0.96B,-72.31%,$-0.33B,$1.08B,-54.89%,$-0.35B,$0.96B,-76.90%,$8,$0,$8,$44,$9,$277,$-269,$0,$-269,$-18,$-251,$-251,$-251,$-266,$-269,$68,68,$-3.70,$-3.70,$665,$0,$0,$674,$16,$391,$0,$0,$406,$1080,$84,$0,$1,$41,$125,$1,$-847,$25,$955,$1080,$-251,$3,$213,$215,$4,$0,$-1,$-12,$-6,$-42,$-0,$0,$-25,$-354,$0,$-354,$0,$-380,$0,$0,$0,$719,$719,$0,$0,$719,$297,$6,$0
19,2013-12-31,64.3,$4.24,15.16,$0.78,82.84,$-2.45,0.0,$-1.43,0.0,$0.25B,$0.05B,4.72,$0.00B,$0.27B,0.0,$0.05B,$0.05B,100.00%,$0.05B,$-0.09B,-193.75%,$0.05B,$-0.09B,-193.75%,$0.05B,$-0.08B,-172.92%,$0.05B,$-0.09B,-191.67%,$0.05B,$-0.09B,-185.42%,$-0.09B,$0.27B,-29.97%,$-0.09B,$0.27B,-29.97%,$-0.09B,$0.42B,-19.73%,$-0.09B,$0.27B,-31.31%,$11,$0,$11,$32,$8,$40,$-30,$0,$-29,$3,$-32,$-32,$-32,$-27,$-30,$62,62,$-0.53,$-0.53,$246,$0,$0,$254,$16,$150,$0,$0,$167,$421,$54,$0,$0,$96,$150,$1,$-596,$20,$270,$421,$-89,$10,$18,$29,$-4,$0,$2,$-7,$-8,$-69,$-4,$0,$0,$-126,$0,$-126,$0,$-131,$0,$0,$0,$201,$201,$0,$0,$201,$2,$21,$0
20,2013-09-30,64.01,$4.71,13.6,$0.77,83.25,$-3.74,0.0,$-2.12,0.0,$0.20B,$0.06B,3.63,$0.00B,$0.30B,0.0,$0.05B,$0.05B,100.00%,$0.05B,$-0.15B,-335.56%,$0.05B,$-0.15B,-335.56%,$0.05B,$-0.14B,-315.56%,$0.05B,$-0.14B,-302.22%,$0.05B,$-0.12B,-264.44%,$-0.12B,$0.30B,-45.25%,$-0.12B,$0.30B,-45.25%,$-0.12B,$0.45B,-28.49%,$-0.15B,$0.30B,-57.41%,$9,$0,$9,$34,$7,$41,$-32,$0,$-32,$-2,$-30,$-30,$-30,$-29,$-32,$62,62,$-0.48,$-0.48,$194,$0,$0,$199,$17,$231,$0,$0,$248,$448,$55,$0,$0,$95,$150,$1,$-564,$27,$298,$448,$-57,$8,$10,$18,$-1,$0,$-1,$-9,$-7,$-46,$-3,$0,$0,$-183,$0,$-183,$0,$-187,$0,$0,$0,$193,$193,$0,$0,$193,$-40,$15,$0
21,2013-06-30,31.0,$4.93,6.28,$0.95,32.63,$-4.00,0.0,$-2.02,0.0,$0.21B,$0.05B,4.04,$0.00B,$0.31B,0.0,$0.05B,$0.05B,100.00%,$0.05B,$-0.14B,-258.49%,$0.05B,$-0.14B,-258.49%,$0.05B,$-0.13B,-243.40%,$0.05B,$-0.12B,-233.96%,$0.05B,$-0.11B,-205.66%,$-0.11B,$0.31B,-46.83%,$-0.11B,$0.31B,-46.83%,$-0.11B,$0.46B,-28.22%,$-0.14B,$0.31B,-58.86%,$9,$0,$9,$24,$6,$30,$-21,$0,$-21,$-3,$-18,$-18,$-18,$-19,$-21,$62,62,$-0.29,$-0.29,$210,$0,$0,$214,$18,$230,$0,$0,$248,$463,$53,$0,$0,$101,$154,$1,$-534,$28,$308,$463,$-27,$5,$3,$8,$-0,$0,$0,$-3,$-5,$-25,$-2,$0,$0,$-182,$0,$-182,$0,$-184,$0,$0,$0,$182,$182,$0,$0,$182,$-26,$6,$0
22,2013-03-31,24.37,$5.01,4.86,$1.22,20.03,$-4.62,0.0,$-1.98,0.0,$0.24B,$0.05B,4.83,$0.00B,$0.31B,0.0,$0.07B,$0.07B,100.00%,$0.07B,$-0.13B,-196.92%,$0.07B,$-0.13B,-196.92%,$0.07B,$-0.12B,-183.08%,$0.07B,$-0.12B,-178.46%,$0.07B,$-0.10B,-160.00%,$-0.10B,$0.31B,-51.29%,$-0.10B,$0.31B,-51.29%,$-0.10B,$0.47B,-29.71%,$-0.13B,$0.31B,-63.13%,$19,$0,$19,$22,$6,$28,$-10,$0,$-10,$-1,$-9,$-9,$-9,$-8,$-10,$59,59,$-0.15,$-0.15,$236,$0,$0,$240,$19,$212,$0,$0,$231,$472,$50,$0,$0,$110,$160,$1,$-516,$21,$312,$472,$-9,$2,$3,$5,$-0,$0,$-1,$6,$3,$-1,$-2,$0,$0,$-129,$0,$-129,$0,$-131,$0,$0,$0,$178,$178,$0,$0,$178,$46,$3,$0
23,2012-12-31,18.25,$2.55,7.15,$1.35,13.55,$-5.23,0.0,$-2.08,0.0,$0.13B,$0.05B,2.6,$0.00B,$0.13B,0.0,$0.07B,$0.07B,100.00%,$0.07B,$-0.13B,-192.54%,$0.07B,$-0.13B,-192.54%,$0.07B,$-0.12B,-179.10%,$0.07B,$-0.12B,-174.63%,$0.07B,$-0.11B,-158.21%,$-0.11B,$0.13B,-60.92%,$-0.11B,$0.13B,-60.92%,$-0.11B,$0.29B,-33.44%,$-0.13B,$0.13B,-74.14%,$8,$0,$8,$22,$10,$97,$-88,$16,$-73,$0,$-62,$-62,$-62,$-86,$-88,$50,50,$-1.23,$-1.23,$123,$0,$0,$126,$20,$142,$0,$0,$162,$288,$48,$0,$0,$105,$153,$1,$-507,$16,$134,$288,$-106,$9,$-10,$-1,$1,$0,$-2,$-5,$-9,$-116,$-8,$0,$0,$12,$0,$12,$-0,$3,$0,$0,$0,$93,$93,$0,$0,$93,$-19,$12,$0
24,2012-09-30,18.79,$3.38,5.56,$1.66,11.32,$-4.85,0.0,$-1.21,0.0,$0.24B,$0.06B,4.31,$0.00B,$0.18B,0.0,$0.08B,$0.08B,100.00%,$0.08B,$-0.06B,-69.62%,$0.08B,$-0.06B,-69.62%,$0.08B,$-0.05B,-58.23%,$0.08B,$-0.06B,-73.42%,$0.08B,$-0.06B,-73.42%,$-0.06B,$0.18B,-34.12%,$-0.06B,$0.18B,-34.12%,$-0.06B,$0.32B,-18.38%,$-0.06B,$0.18B,-32.35%,$17,$0,$17,$22,$13,$35,$-18,$-1,$-20,$0,$-20,$-20,$-20,$-16,$-18,$52,52,$-0.38,$-0.38,$228,$0,$0,$236,$19,$67,$0,$0,$86,$322,$55,$0,$1,$90,$145,$1,$-445,$0,$177,$322,$-44,$7,$13,$20,$-0,$0,$-1,$-25,$-23,$-47,$-8,$0,$0,$-32,$0,$-32,$-0,$-40,$0,$0,$0,$92,$92,$0,$0,$92,$6,$10,$0
25,2012-06-30,11.65,$3.62,3.22,$1.82,6.39,$-5.26,0.0,$-1.14,0.0,$0.24B,$0.06B,4.21,$0.00B,$0.19B,0.0,$0.08B,$0.08B,100.00%,$0.08B,$-0.05B,-59.04%,$0.08B,$-0.05B,-59.04%,$0.08B,$-0.04B,-49.40%,$0.08B,$-0.05B,-61.45%,$0.08B,$-0.05B,-61.45%,$-0.05B,$0.19B,-32.33%,$-0.05B,$0.19B,-32.33%,$-0.05B,$0.32B,-16.32%,$-0.05B,$0.19B,-31.06%,$21,$0,$21,$22,$11,$33,$-12,$-1,$-13,$0,$-13,$-13,$-13,$-9,$-12,$51,51,$-0.25,$-0.25,$229,$0,$0,$240,$14,$64,$0,$0,$78,$318,$57,$0,$1,$73,$130,$1,$-425,$-0,$188,$318,$-24,$5,$8,$13,$-3,$0,$-0,$-40,$-41,$-52,$-2,$0,$0,$-56,$0,$-56,$-0,$-58,$0,$0,$0,$88,$88,$0,$0,$88,$-22,$6,$0
26,2012-03-31,11.07,$3.80,2.91,$1.90,5.82,$-5.00,0.0,$-1.22,0.0,$0.21B,$0.07B,3.13,$0.00B,$0.20B,0.0,$0.08B,$0.08B,100.00%,$0.08B,$-0.05B,-60.24%,$0.08B,$-0.05B,-60.24%,$0.08B,$-0.04B,-53.01%,$0.08B,$-0.05B,-62.65%,$0.08B,$-0.05B,-62.65%,$-0.05B,$0.20B,-35.86%,$-0.05B,$0.20B,-35.92%,$-0.05B,$0.34B,-16.34%,$-0.05B,$0.20B,-34.48%,$21,$0,$21,$21,$10,$31,$-11,$-0,$-11,$0,$-11,$-11,$-11,$-9,$-11,$46,46,$-0.25,$-0.25,$199,$0,$0,$209,$14,$118,$0,$0,$132,$340,$67,$0,$1,$76,$143,$1,$-412,$-0,$197,$340,$-11,$2,$4,$6,$-1,$0,$-1,$-23,$-25,$-30,$-0,$0,$0,$-65,$0,$-65,$-0,$-66,$0,$0,$0,$87,$87,$0,$0,$87,$-8,$3,$0
27,2011-12-31,8.15,$2.76,2.95,$1.95,4.18,$-4.49,0.0,$-1.35,0.0,$0.15B,$0.08B,1.88,$0.00B,$0.12B,0.0,$0.08B,$0.08B,100.00%,$0.08B,$-0.06B,-66.27%,$0.08B,$-0.06B,-66.27%,$0.08B,$-0.05B,-59.04%,$0.08B,$-0.06B,-68.67%,$0.08B,$-0.06B,-68.67%,$-0.06B,$0.12B,-43.10%,$-0.06B,$0.12B,-43.26%,$-0.06B,$0.28B,-17.51%,$-0.06B,$0.12B,-41.59%,$20,$0,$20,$23,$11,$34,$-14,$-1,$-14,$0,$-14,$-14,$-14,$-12,$-14,$42,42,$-0.34,$-0.34,$146,$0,$0,$152,$15,$114,$0,$1,$130,$282,$81,$0,$1,$83,$164,$0,$-401,$-0,$118,$282,$-58,$5,$21,$27,$2,$0,$-4,$-68,$-56,$-87,$-1,$0,$0,$83,$0,$83,$0,$82,$0,$0,$0,$1,$1,$0,$0,$1,$-4,$17,$0
28,2011-09-30,6.57,$3.00,2.19,$1.97,3.33,$-4.53,0.0,$-1.18,0.0,$0.18B,$0.09B,1.92,$0.00B,$0.13B,0.0,$0.08B,$0.08B,100.00%,$0.08B,$-0.05B,-63.10%,$0.08B,$-0.05B,-63.10%,$0.08B,$-0.05B,-57.14%,$0.08B,$-0.05B,-59.52%,$0.08B,$-0.05B,-59.52%,$-0.05B,$0.13B,-35.15%,$-0.05B,$0.13B,-35.27%,$-0.05B,$0.31B,-14.15%,$-0.05B,$0.13B,-37.26%,$21,$0,$21,$24,$9,$33,$-12,$-1,$-13,$0,$-13,$-13,$-13,$-11,$-12,$43,43,$-0.31,$-0.31,$173,$0,$0,$180,$15,$115,$0,$0,$130,$310,$94,$0,$1,$88,$182,$0,$-387,$-0,$128,$310,$-43,$4,$16,$20,$1,$0,$-4,$-49,$-39,$-62,$-1,$0,$0,$62,$0,$62,$0,$61,$0,$0,$0,$0,$0,$0,$0,$0,$-0,$13,$0
29,2011-06-30,9.37,$3.20,2.93,$2.14,4.38,$-4.66,0.0,$-1.10,0.0,$0.22B,$0.10B,2.23,$0.00B,$0.14B,0.0,$0.09B,$0.09B,100.00%,$0.09B,$-0.05B,-54.95%,$0.09B,$-0.05B,-54.95%,$0.09B,$-0.04B,-48.35%,$0.09B,$-0.05B,-50.55%,$0.09B,$-0.05B,-51.65%,$-0.05B,$0.14B,-31.23%,$-0.05B,$0.14B,-31.39%,$-0.05B,$0.34B,-12.40%,$-0.05B,$0.14B,-33.22%,$21,$0,$21,$25,$8,$34,$-13,$-1,$-14,$0,$-14,$-14,$-14,$-12,$-13,$42,42,$-0.33,$-0.33,$218,$0,$0,$224,$16,$100,$0,$0,$116,$341,$101,$0,$1,$104,$204,$0,$-373,$-0,$137,$341,$-30,$3,$11,$13,$2,$0,$-1,$-28,$-16,$-33,$-1,$0,$0,$25,$0,$25,$0,$25,$0,$0,$0,$0,$0,$0,$0,$0,$-7,$8,$0
30,2011-03-31,9.56,$3.44,2.78,$2.29,4.18,$-4.88,0.0,$-1.12,0.0,$0.25B,$0.10B,2.52,$0.00B,$0.15B,0.0,$0.10B,$0.10B,100.00%,$0.10B,$-0.05B,-50.52%,$0.10B,$-0.05B,-50.52%,$0.10B,$-0.04B,-43.30%,$0.10B,$-0.05B,-48.45%,$0.10B,$-0.05B,-49.48%,$-0.05B,$0.15B,-30.48%,$-0.05B,$0.15B,-30.57%,$-0.05B,$0.37B,-11.89%,$-0.05B,$0.15B,-31.11%,$21,$0,$21,$26,$10,$37,$-16,$-1,$-16,$0,$-16,$-16,$-16,$-14,$-16,$42,42,$-0.38,$-0.38,$245,$0,$0,$251,$17,$101,$0,$0,$118,$369,$99,$0,$1,$124,$223,$0,$-360,$-0,$146,$369,$-16,$1,$5,$7,$2,$0,$-4,$-8,$3,$-6,$-0,$0,$0,$22,$0,$22,$0,$22,$0,$0,$0,$0,$0,$0,$0,$0,$16,$4,$0
31,2010-12-31,9.86,$3.74,2.64,$2.38,4.14,$-5.13,0.0,$-1.03,0.0,$0.25B,$0.10B,2.49,$0.00B,$0.16B,0.0,$0.10B,$0.10B,100.00%,$0.10B,$-0.04B,-43.56%,$0.10B,$-0.04B,-43.56%,$0.10B,$-0.04B,-37.62%,$0.10B,$-0.04B,-42.57%,$0.10B,$-0.04B,-43.56%,$-0.04B,$0.16B,-26.83%,$-0.04B,$0.16B,-26.91%,$-0.04B,$0.39B,-10.30%,$-0.04B,$0.16B,-26.83%,$21,$0,$21,$26,$8,$34,$-12,$6,$-7,$0,$-7,$-7,$-7,$-11,$-12,$42,42,$-0.17,$-0.17,$233,$0,$0,$254,$18,$120,$0,$0,$139,$393,$102,$0,$0,$133,$235,$0,$-343,$1,$158,$393,$-44,$5,$34,$39,$3,$0,$-3,$-63,$-80,$-84,$-5,$0,$0,$23,$0,$23,$0,$18,$0,$0,$0,$4,$4,$0,$0,$4,$-63,$19,$0
32,2010-09-30,12.27,$3.81,3.22,$2.52,4.87,$-4.86,0.0,$-1.06,0.0,$0.25B,$0.10B,2.46,$0.00B,$0.16B,0.0,$0.11B,$0.11B,100.00%,$0.11B,$-0.04B,-37.38%,$0.11B,$-0.04B,-37.38%,$0.11B,$-0.03B,-31.78%,$0.11B,$-0.04B,-41.12%,$0.11B,$-0.05B,-42.06%,$-0.05B,$0.16B,-26.63%,$-0.05B,$0.16B,-26.75%,$-0.05B,$0.41B,-10.02%,$-0.04B,$0.16B,-23.67%,$28,$0,$28,$27,$9,$36,$-9,$-1,$-9,$0,$-10,$-10,$-10,$-7,$-9,$42,42,$-0.23,$-0.23,$231,$0,$0,$245,$18,$141,$0,$0,$168,$413,$99,$0,$0,$153,$252,$0,$-336,$1,$161,$413,$-37,$4,$22,$26,$1,$0,$-6,$-43,$-53,$-64,$-4,$0,$0,$-26,$0,$-26,$0,$-30,$0,$0,$0,$3,$3,$0,$0,$3,$-91,$15,$0
33,2010-06-30,15.02,$3.93,3.82,$2.44,6.15,$-4.67,0.0,$-1.05,0.0,$0.27B,$0.10B,2.68,$0.00B,$0.17B,0.0,$0.10B,$0.10B,100.00%,$0.10B,$-0.04B,-39.81%,$0.10B,$-0.04B,-39.81%,$0.10B,$-0.04B,-34.95%,$0.10B,$-0.05B,-43.69%,$0.10B,$-0.04B,-42.72%,$-0.04B,$0.17B,-25.25%,$-0.04B,$0.17B,-25.36%,$-0.04B,$0.44B,-9.36%,$-0.04B,$0.17B,-23.53%,$27,$0,$27,$28,$10,$38,$-12,$-3,$-15,$-0,$-15,$-15,$-15,$-10,$-12,$42,42,$-0.35,$-0.35,$259,$0,$0,$274,$19,$139,$1,$0,$167,$440,$102,$0,$0,$173,$275,$0,$-327,$1,$165,$440,$-27,$2,$16,$18,$-0,$0,$-2,$-21,$-31,$-40,$-3,$0,$0,$-32,$0,$-32,$0,$-34,$0,$0,$0,$3,$3,$0,$0,$3,$-71,$10,$0
34,2010-03-31,17.02,$4.10,4.15,$2.40,7.09,$-4.57,0.0,$-1.25,0.0,$0.27B,$0.10B,2.77,$0.00B,$0.17B,0.0,$0.10B,$0.10B,100.00%,$0.10B,$-0.05B,-50.50%,$0.10B,$-0.05B,-50.50%,$0.10B,$-0.05B,-45.54%,$0.10B,$-0.05B,-51.49%,$0.10B,$-0.05B,-51.49%,$-0.05B,$0.17B,-29.05%,$-0.05B,$0.17B,-29.17%,$-0.05B,$0.46B,-10.62%,$-0.05B,$0.17B,-28.49%,$25,$0,$25,$25,$11,$36,$-11,$-1,$-12,$0,$-12,$-12,$-12,$-10,$-11,$42,42,$-0.29,$-0.29,$262,$0,$0,$273,$18,$163,$1,$0,$190,$463,$99,$0,$0,$193,$292,$0,$-312,$1,$172,$463,$-12,$1,$7,$8,$2,$0,$-6,$-1,$-11,$-16,$-1,$0,$0,$-6,$0,$-6,$0,$-7,$0,$0,$0,$1,$1,$0,$0,$1,$-23,$5,$0
35,2009-12-31,17.62,$4.25,4.14,$2.42,7.28,$-4.19,0.0,$-1.15,0.0,$0.29B,$0.11B,2.65,$0.00B,$0.18B,0.0,$0.10B,$0.10B,100.00%,$0.10B,$-0.05B,-47.52%,$0.10B,$-0.05B,-47.52%,$0.10B,$-0.04B,-41.58%,$0.10B,$-0.05B,-46.53%,$0.10B,$-0.05B,-47.52%,$-0.05B,$0.18B,-25.84%,$-0.05B,$0.18B,-25.95%,$-0.05B,$0.48B,-9.36%,$-0.05B,$0.18B,-25.84%,$27,$0,$27,$22,$13,$35,$-8,$-0,$-8,$-0,$-8,$-8,$-8,$-7,$-8,$42,42,$-0.18,$-0.18,$281,$0,$0,$294,$18,$160,$1,$0,$188,$481,$111,$0,$0,$193,$303,$0,$-300,$1,$178,$481,$-48,$6,$20,$26,$-2,$0,$10,$-58,$-50,$-72,$-5,$0,$0,$23,$-10,$13,$6,$14,$0,$0,$0,$4,$4,$0,$0,$4,$-54,$20,$0
36,2009-09-30,22.68,$4.36,5.21,$2.37,9.56,$-1.00,0.0,$-1.19,0.0,$0.23B,$0.10B,2.26,$0.00B,$0.18B,0.0,$0.10B,$0.10B,100.00%,$0.10B,$-0.05B,-48.98%,$0.10B,$-0.05B,-48.98%,$0.10B,$-0.04B,-41.84%,$0.10B,$-0.05B,-48.98%,$0.10B,$-0.05B,-50.00%,$-0.05B,$0.18B,-25.55%,$-0.05B,$0.18B,-25.65%,$-0.05B,$0.50B,-9.22%,$-0.05B,$0.18B,-25.03%,$24,$0,$24,$23,$11,$34,$-10,$-0,$-10,$-1,$-9,$-9,$-9,$-9,$-10,$42,42,$-0.22,$-0.22,$218,$0,$0,$228,$18,$243,$1,$0,$268,$496,$101,$0,$0,$213,$314,$0,$-292,$2,$182,$496,$-40,$5,$20,$24,$-1,$0,$6,$-38,$-40,$-55,$-4,$0,$0,$-34,$-10,$-44,$6,$-41,$0,$0,$0,$3,$3,$0,$0,$3,$-94,$16,$0
37,2009-06-30,22.27,$4.42,5.03,$2.42,9.22,$1.89,11.8,$-1.04,0.0,$0.28B,$0.10B,2.72,$0.00B,$0.18B,0.0,$0.10B,$0.10B,100.00%,$0.10B,$-0.04B,-41.00%,$0.10B,$-0.04B,-41.00%,$0.10B,$-0.03B,-34.00%,$0.10B,$-0.04B,-42.00%,$0.10B,$-0.04B,-43.00%,$-0.04B,$0.18B,-21.77%,$-0.04B,$0.18B,-21.86%,$-0.04B,$0.52B,-7.79%,$-0.04B,$0.18B,-20.76%,$25,$0,$25,$39,$8,$47,$-22,$1,$-22,$1,$-23,$-23,$-23,$-20,$-22,$42,42,$-0.55,$-0.55,$267,$0,$0,$278,$18,$215,$1,$0,$240,$519,$102,$0,$0,$232,$334,$0,$-283,$2,$184,$519,$-31,$4,$13,$17,$-2,$0,$4,$-18,$-21,$-35,$-3,$0,$0,$-4,$-10,$-14,$6,$-11,$0,$0,$0,$2,$2,$0,$0,$2,$-44,$10,$0
38,2009-03-31,19.04,$4.80,3.97,$2.41,7.91,$4.73,4.03,$-0.80,0.0,$0.42B,$0.10B,4.02,$0.00B,$0.20B,0.0,$0.10B,$0.10B,100.00%,$0.10B,$-0.03B,-32.32%,$0.10B,$-0.03B,-32.32%,$0.10B,$-0.03B,-25.25%,$0.10B,$-0.03B,-32.32%,$0.10B,$-0.03B,-33.33%,$-0.03B,$0.20B,-16.40%,$-0.03B,$0.20B,-16.48%,$-0.03B,$0.56B,-5.81%,$-0.03B,$0.20B,-15.88%,$25,$0,$25,$25,$8,$33,$-8,$1,$-7,$1,$-8,$-8,$-8,$-6,$-8,$41,41,$-0.19,$-0.19,$408,$0,$0,$419,$19,$106,$1,$3,$135,$555,$104,$0,$0,$252,$356,$0,$-260,$1,$199,$555,$-8,$2,$6,$8,$-2,$0,$6,$1,$1,$1,$-2,$0,$0,$43,$-10,$33,$3,$34,$0,$0,$0,$0,$0,$0,$0,$0,$35,$5,$0
39,2008-12-31,24.73,$4.88,5.07,$2.35,10.54,$4.46,5.55,$-0.64,0.0,$0.44B,$0.10B,4.46,$0.00B,$0.20B,0.0,$0.10B,$0.10B,100.00%,$0.10B,$-0.03B,-29.17%,$0.10B,$-0.03B,-29.17%,$0.10B,$-0.02B,-22.92%,$0.10B,$-0.03B,-27.08%,$0.10B,$-0.03B,-27.08%,$-0.03B,$0.20B,-12.86%,$-0.03B,$0.20B,-12.92%,$-0.03B,$0.56B,-4.73%,$-0.03B,$0.20B,-13.79%,$24,$0,$24,$25,$7,$32,$-8,$-2,$-9,$0,$-9,$-9,$-9,$-6,$-8,$41,41,$-0.23,$-0.23,$433,$0,$0,$443,$19,$84,$1,$3,$112,$555,$99,$0,$0,$253,$353,$0,$-252,$1,$202,$555,$-26,$6,$22,$28,$1,$0,$-1,$66,$64,$65,$-11,$0,$0,$29,$-0,$29,$0,$18,$-7,$0,$-7,$10,$10,$0,$0,$3,$87,$18,$0
40,2008-09-30,28.95,$4.94,5.86,$2.22,13.02,$8.07,3.59,$-0.37,0.0,$0.45B,$0.10B,4.43,$0.00B,$0.21B,0.0,$0.09B,$0.09B,100.00%,$0.09B,$-0.02B,-25.56%,$0.09B,$-0.02B,-25.56%,$0.09B,$-0.02B,-20.00%,$0.09B,$-0.02B,-16.67%,$0.09B,$-0.02B,-16.67%,$-0.02B,$0.21B,-7.44%,$-0.02B,$0.20B,-7.48%,$-0.02B,$0.58B,-2.80%,$-0.02B,$0.21B,-11.33%,$26,$0,$26,$22,$7,$29,$-3,$-0,$-4,$-1,$-3,$-3,$-3,$-2,$-3,$41,41,$-0.07,$-0.07,$423,$0,$0,$452,$20,$105,$1,$3,$128,$580,$102,$1,$0,$274,$376,$0,$-243,$-1,$205,$580,$-17,$4,$20,$24,$-19,$0,$-0,$85,$63,$70,$-9,$0,$0,$24,$-0,$24,$0,$15,$-3,$0,$-3,$9,$9,$0,$0,$7,$92,$14,$0
41,2008-06-30,26.73,$4.85,5.51,$2.02,13.25,$11.81,2.26,$-1.65,0.0,$0.55B,$0.11B,5.21,$0.00B,$0.20B,0.01,$0.08B,$0.08B,100.00%,$0.08B,$-0.07B,-88.75%,$0.08B,$-0.07B,-88.75%,$0.08B,$-0.07B,-82.50%,$0.08B,$-0.06B,-73.75%,$0.08B,$-0.07B,-81.25%,$-0.07B,$0.20B,-32.75%,$-0.07B,$0.20B,-32.95%,$-0.07B,$0.58B,-12.59%,$-0.07B,$0.20B,-35.32%,$24,$0,$24,$30,$7,$37,$-13,$1,$-12,$1,$-13,$-13,$-13,$-11,$-13,$41,41,$-0.31,$-0.31,$541,$0,$0,$551,$19,$6,$1,$3,$29,$580,$106,$1,$0,$275,$381,$0,$-240,$-2,$199,$580,$-14,$2,$12,$14,$-0,$0,$2,$86,$86,$86,$-7,$0,$0,$58,$0,$58,$0,$51,$-2,$0,$-2,$7,$7,$0,$0,$5,$142,$9,$0
42,2008-03-31,24.4,$4.97,4.91,$1.68,14.54,$9.29,2.63,$-1.68,0.0,$0.46B,$0.09B,5.36,$0.00B,$0.20B,0.01,$0.07B,$0.07B,100.00%,$0.07B,$-0.07B,-112.31%,$0.07B,$-0.07B,-112.31%,$0.07B,$-0.07B,-106.15%,$0.07B,$-0.06B,-92.31%,$0.07B,$-0.07B,-100.00%,$-0.07B,$0.20B,-33.59%,$-0.07B,$0.20B,-33.81%,$-0.07B,$0.49B,-15.25%,$-0.07B,$0.21B,-37.06%,$22,$0,$22,$20,$6,$26,$-4,$3,$-1,$0,$-1,$-1,$-1,$-3,$-4,$41,41,$-0.03,$-0.03,$444,$0,$0,$455,$16,$8,$1,$6,$31,$486,$85,$2,$0,$199,$283,$0,$-227,$1,$203,$486,$-1,$1,$6,$6,$-5,$0,$5,$-12,$-14,$-9,$-3,$0,$0,$103,$0,$103,$0,$100,$-1,$0,$-1,$0,$0,$0,$0,$-0,$91,$4,$0
43,2007-12-31,29.08,$4.88,5.95,$1.33,21.93,$9.24,3.15,$-2.23,0.0,$0.40B,$0.08B,4.77,$0.00B,$0.20B,0.02,$0.05B,$0.05B,100.00%,$0.05B,$-0.09B,-186.00%,$0.05B,$-0.09B,-186.00%,$0.05B,$-0.09B,-178.00%,$0.05B,$-0.08B,-162.00%,$0.05B,$-0.09B,-172.00%,$-0.09B,$0.20B,-45.20%,$-0.09B,$0.20B,-45.56%,$-0.09B,$0.49B,-23.79%,$-0.09B,$0.20B,-47.81%,$18,$0,$18,$16,$5,$21,$-3,$5,$2,$0,$2,$2,$2,$-2,$-3,$39,39,$0.06,$0.06,$390,$0,$0,$398,$14,$75,$1,$6,$96,$494,$83,$3,$0,$211,$295,$0,$-226,$0,$199,$494,$-85,$4,$26,$30,$-1,$0,$-0,$243,$252,$197,$-5,$0,$0,$-261,$-10,$-271,$-1,$-277,$-2,$0,$-2,$61,$61,$0,$0,$59,$-23,$15,$0
44,2007-09-30,32.77,$4.75,6.9,$1.07,30.53,$4.41,7.43,$-2.53,0.0,$0.48B,$0.09B,5.46,$0.00B,$0.19B,0.02,$0.04B,$0.04B,100.00%,$0.04B,$-0.10B,-256.41%,$0.04B,$-0.08B,-212.82%,$0.04B,$-0.10B,-246.15%,$0.04B,$-0.08B,-194.87%,$0.04B,$-0.08B,-207.69%,$-0.08B,$0.19B,-42.46%,$-0.08B,$0.19B,-42.86%,$-0.08B,$0.51B,-27.18%,$-0.10B,$0.20B,-51.09%,$16,$0,$16,$60,$8,$68,$-51,$4,$-48,$5,$-53,$-53,$-53,$-50,$-51,$39,39,$-1.35,$-1.35,$468,$0,$0,$478,$10,$10,$2,$6,$27,$505,$87,$4,$1,$225,$312,$0,$-228,$0,$193,$505,$-87,$3,$22,$25,$-1,$0,$3,$255,$267,$205,$-1,$0,$0,$-179,$-10,$-189,$0,$-190,$-1,$0,$-1,$59,$59,$0,$0,$58,$73,$12,$0
45,2007-06-30,15.19,$4.76,3.19,$0.91,16.67,$-1.58,0.0,$-1.41,0.0,$0.20B,$0.03B,7.45,$0.01B,$0.18B,0.03,$0.03B,$0.03B,100.00%,$0.03B,$-0.06B,-187.10%,$0.03B,$-0.04B,-132.26%,$0.03B,$-0.05B,-170.97%,$0.03B,$-0.04B,-112.90%,$0.03B,$-0.04B,-112.90%,$-0.04B,$0.18B,-20.74%,$-0.04B,$0.18B,-20.96%,$-0.04B,$0.22B,-16.83%,$-0.06B,$0.18B,-33.29%,$9,$0,$9,$19,$5,$24,$-15,$2,$-13,$0,$-13,$-13,$-13,$-14,$-15,$38,38,$-0.34,$-0.34,$195,$0,$0,$202,$13,$0,$2,$3,$18,$220,$27,$5,$0,$13,$40,$0,$-175,$1,$179,$220,$-34,$2,$12,$14,$-2,$0,$2,$-5,$1,$-19,$-3,$0,$0,$-21,$0,$-21,$0,$-24,$-1,$0,$-1,$1,$1,$0,$0,$-0,$-43,$4,$0
46,2007-03-31,18.0,$5.06,3.55,$0.86,21.03,$-1.64,0.0,$-1.38,0.0,$0.21B,$0.02B,8.93,$0.01B,$0.19B,0.03,$0.03B,$0.03B,100.00%,$0.03B,$-0.05B,-192.86%,$0.03B,$-0.04B,-132.14%,$0.03B,$-0.05B,-178.57%,$0.03B,$-0.03B,-114.29%,$0.03B,$-0.03B,-114.29%,$-0.03B,$0.19B,-21.12%,$-0.03B,$0.19B,-21.40%,$-0.03B,$0.23B,-16.86%,$-0.05B,$0.20B,-34.34%,$7,$0,$7,$27,$5,$31,$-24,$2,$-22,$0,$-22,$-22,$-22,$-23,$-24,$37,37,$-0.58,$-0.58,$204,$0,$0,$210,$13,$0,$2,$3,$17,$227,$23,$5,$0,$14,$37,$0,$-162,$1,$190,$227,$-22,$1,$10,$11,$-1,$0,$-1,$-2,$-1,$-11,$-1,$0,$0,$-48,$0,$-48,$0,$-50,$-1,$0,$-1,$0,$0,$0,$0,$-0,$-61,$2,$0
47,2006-12-31,21.4,$5.43,3.94,$0.85,25.09,$-1.65,0.0,$-1.10,0.0,$0.22B,$0.02B,9.72,$0.01B,$0.20B,0.03,$0.03B,$0.03B,100.00%,$0.03B,$-0.04B,-148.15%,$0.03B,$-0.02B,-85.19%,$0.03B,$-0.04B,-133.33%,$0.03B,$-0.02B,-70.37%,$0.03B,$-0.02B,-70.37%,$-0.02B,$0.20B,-14.23%,$-0.02B,$0.20B,-14.45%,$-0.02B,$0.24B,-11.08%,$-0.04B,$0.21B,-28.73%,$7,$0,$7,$12,$5,$17,$-10,$2,$7,$0,$7,$7,$7,$-9,$7,$32,32,$-0.25,$-0.25,$217,$0,$0,$223,$12,$0,$2,$3,$17,$240,$23,$6,$0,$16,$39,$0,$-141,$1,$201,$240,$-35,$4,$9,$9,$-3,$0,$2,$-2,$-3,$9,$-5,$0,$0,$-25,$0,$-25,$0,$-25,$2,$0,$2,$165,$165,$0,$0,$167,$-16,$8,$0
