,Date,Stock Price,Book Value per Share,Price to Book Ratio,TTM Sales per Share,Price to Sales Ratio,TTM FCF per Share,Price to FCF Ratio,TTM Net EPS,PE Ratio,Current Assets,Current Liabilities,Current Ratio,Long Term Debt,Shareholder's Equity_x,Debt to Equity Ratio,TTM Revenue_x,TTM Gross Profit,Gross Margin,TTM Revenue_y,TTM Operating Income,Operating Margin,TTM Revenue_x,TTM EBIT,EBIT Margin,TTM Revenue_y,TTM EBITDA,EBITDA Margin,TTM Revenue_x,TTM Pre-Tax Income,Pre-Tax Margin,TTM Revenue_y,TTM Net Income_x,Net Margin,TTM Net Income_y,Shareholder's Equity_y,Return on Equity,TTM Net Income_x,Tangible Equity,Return on Tangible Equity,TTM Net Income_y,Total Assets,Return on Assets,TTM Net Income,LT Investments & Debt,Return on Investment,revenue,cost-goods-sold,gross-profit,research-development-expenses,selling-general-administrative-expenses,operating-expenses,operating-income,total-non-operating-income-expense,pre-tax-income,total-provision-income-taxes,income-after-taxes,income-from-continuous-operations,net-income,ebitda,ebit,basic-shares-outstanding,shares-outstanding,eps-basic-net-earnings-per-share,eps-earnings-per-share-diluted,cash-on-hand,inventory,other-current-assets,total-current-assets,net-property-plant-equipment,long-term-investments,goodwill-intangible-assets-total,other-long-term-assets,total-long-term-assets,total-assets,total-current-liabilities,long-term-debt,other-non-current-liabilities,total-long-term-liabilities,total-liabilities,common-stock-net,retained-earnings-accumulated-deficit,comprehensive-income,total-share-holder-equity,total-liabilities-share-holders-equity,net-income-loss,total-depreciation-amortization-cash-flow,other-non-cash-items,total-non-cash-items,change-in-accounts-receivable,change-in-inventories,change-in-accounts-payable,change-in-assets-liabilities,total-change-in-assets-liabilities,cash-flow-from-operating-activities,net-change-in-property-plant-equipment,net-change-in-intangible-assets,net-acquisitions-divestitures,net-change-in-short-term-investments,net-change-in-long-term-investments,net-change-in-investments-total,investing-activities-other,cash-flow-from-investing-activities,net-long-term-debt,net-current-debt,debt-issuance-retirement-net-total,net-common-equity-issued-repurchased,net-total-equity-issued-repurchased,total-common-preferred-stock-dividends-paid,financial-activities-other,cash-flow-from-financial-activities,net-cash-flow,stock-based-compensation,common-stock-dividends-paid
0,2018-07-31,18.1,$9.52,1.9,$18.20,0.99,$-0.62,0.0,$0.59,30.68,$0.06B,$0.02B,2.63,$0.02B,$0.07B,0.23,$0.13B,$0.05B,39.37%,$0.13B,$0.01B,5.51%,$0.13B,$0.01B,5.51%,$0.13B,$0.01B,11.02%,$0.13B,$0.01B,5.51%,$0.13B,$0.00B,3.15%,$0.00B,$0.07B,6.25%,$0.00B,$0.02B,20.78%,$0.00B,$0.12B,3.41%,$0.01B,$0.08B,8.64%,$34,$20,$13,$2,$9,$32,$2,$-1,$2,$0,$1,$1,$1,$4,$2,$7,7,$0.17,$0.17,$6,$28,$0,$60,$10,$0,$44,$1,$57,$117,$23,$15,$13,$29,$52,$1,$47,$-1,$65,$117,$2,$3,$1,$4,$-2,$-1,$0,$-1,$-9,$-3,$-1,$0,$0,$0,$2,$2,$-0,$0,$-1,$0,$-1,$0,$0,$-1,$0,$-2,$-4,$1,$-1
1,2018-04-30,17.79,$9.46,1.88,$17.45,1.02,$-0.03,0.0,$0.53,33.56,$0.06B,$0.02B,2.52,$0.02B,$0.07B,0.26,$0.12B,$0.05B,39.17%,$0.12B,$0.01B,5.00%,$0.12B,$0.01B,5.00%,$0.12B,$0.01B,10.00%,$0.12B,$0.01B,5.00%,$0.12B,$0.00B,3.33%,$0.00B,$0.07B,6.35%,$0.00B,$0.02B,16.67%,$0.00B,$0.12B,3.65%,$0.01B,$0.08B,7.72%,$31,$19,$12,$2,$9,$30,$1,$-0,$1,$0,$1,$1,$1,$3,$1,$7,7,$0.12,$0.12,$7,$28,$0,$61,$10,$0,$46,$1,$59,$120,$24,$16,$14,$31,$55,$1,$46,$-0,$65,$120,$1,$2,$0,$2,$-3,$-0,$0,$-0,$-5,$-2,$-1,$0,$0,$0,$2,$2,$-0,$1,$-2,$0,$-2,$0,$0,$-0,$0,$-2,$-3,$0,$-0
2,2018-01-31,13.39,$9.40,1.42,$16.11,0.83,$0.21,64.42,$0.48,27.9,$0.06B,$0.03B,2.43,$0.02B,$0.06B,0.28,$0.11B,$0.04B,38.94%,$0.11B,$0.01B,5.31%,$0.11B,$0.01B,5.31%,$0.11B,$0.01B,8.85%,$0.11B,$0.01B,5.31%,$0.11B,$0.00B,3.54%,$0.00B,$0.06B,6.20%,$0.00B,$0.02B,12.50%,$0.00B,$0.12B,3.88%,$0.01B,$0.08B,7.77%,$33,$20,$13,$2,$8,$31,$2,$-0,$2,$1,$1,$1,$1,$4,$2,$7,7,$0.09,$0.08,$12,$28,$0,$63,$10,$0,$47,$1,$59,$122,$26,$18,$14,$33,$59,$1,$46,$-0,$64,$122,$3,$4,$2,$6,$-5,$-6,$0,$-0,$-6,$4,$-2,$0,$-9,$0,$5,$5,$-15,$-21,$23,$0,$23,$-11,$-11,$-2,$-2,$9,$-8,$2,$-2
3,2017-10-31,12.44,$9.25,1.34,$14.84,0.84,$0.81,15.38,$0.49,25.39,$0.06B,$0.02B,3.27,$0.02B,$0.06B,0.31,$0.11B,$0.04B,38.68%,$0.11B,$0.01B,4.72%,$0.11B,$0.01B,4.72%,$0.11B,$0.01B,7.55%,$0.11B,$0.01B,5.66%,$0.11B,$0.00B,3.77%,$0.00B,$0.06B,6.04%,$0.00B,$0.02B,9.30%,$0.00B,$0.11B,4.28%,$0.01B,$0.08B,6.69%,$29,$17,$12,$2,$8,$27,$2,$-0,$2,$0,$1,$1,$1,$3,$2,$7,7,$0.21,$0.21,$12,$24,$0,$55,$10,$0,$42,$0,$55,$110,$17,$19,$11,$31,$48,$0,$46,$-1,$62,$110,$3,$2,$1,$4,$-1,$-2,$0,$-0,$-4,$2,$-2,$0,$-9,$0,$3,$3,$-15,$-22,$9,$0,$9,$4,$4,$-1,$-1,$10,$-10,$1,$-1
4,2017-07-31,13.55,$9.06,1.5,$13.69,0.99,$1.62,8.37,$0.43,31.51,$0.05B,$0.01B,3.85,$0.01B,$0.06B,0.12,$0.10B,$0.04B,39.00%,$0.10B,$0.01B,5.00%,$0.10B,$0.01B,5.00%,$0.10B,$0.01B,7.00%,$0.10B,$0.01B,6.00%,$0.10B,$0.00B,4.00%,$0.00B,$0.06B,5.86%,$0.00B,$0.04B,7.55%,$0.00B,$0.09B,4.61%,$0.01B,$0.07B,6.94%,$27,$17,$10,$2,$8,$27,$1,$0,$1,$0,$1,$1,$1,$2,$1,$7,7,$0.11,$0.11,$14,$20,$0,$53,$9,$0,$21,$0,$33,$86,$14,$7,$3,$11,$25,$0,$45,$-1,$61,$86,$1,$1,$1,$2,$0,$0,$0,$0,$-2,$2,$-1,$0,$-9,$0,$2,$2,$0,$-8,$-0,$0,$-0,$-2,$-2,$-1,$-0,$-3,$-9,$1,$-1
5,2017-04-30,14.46,$9.43,1.53,$13.01,1.11,$2.04,7.07,$0.49,29.51,$0.06B,$0.01B,5.01,$0.01B,$0.07B,0.11,$0.10B,$0.04B,39.80%,$0.10B,$0.01B,6.12%,$0.10B,$0.01B,6.12%,$0.10B,$0.01B,7.14%,$0.10B,$0.01B,7.14%,$0.10B,$0.00B,4.08%,$0.00B,$0.07B,5.69%,$0.00B,$0.05B,6.93%,$0.00B,$0.09B,4.68%,$0.01B,$0.08B,8.30%,$24,$15,$9,$2,$7,$24,$1,$-0,$1,$0,$1,$1,$1,$1,$1,$7,8,$0.07,$0.07,$24,$20,$0,$62,$9,$0,$20,$0,$32,$94,$12,$8,$2,$11,$23,$0,$44,$-1,$71,$94,$1,$1,$0,$1,$1,$-0,$0,$-0,$-2,$-1,$-0,$0,$-9,$0,$2,$2,$0,$-8,$9,$0,$9,$0,$0,$-1,$-0,$9,$1,$0,$-1
6,2017-01-31,13.48,$9.46,1.43,$13.01,1.04,$2.55,5.28,$0.56,24.07,$0.06B,$0.01B,5.13,$0.00B,$0.07B,0.0,$0.10B,$0.04B,39.80%,$0.10B,$0.01B,7.14%,$0.10B,$0.01B,7.14%,$0.10B,$0.01B,8.16%,$0.10B,$0.01B,7.14%,$0.10B,$0.00B,4.08%,$0.00B,$0.07B,5.76%,$0.00B,$0.06B,6.72%,$0.00B,$0.08B,4.86%,$0.01B,$0.07B,10.07%,$26,$16,$10,$2,$7,$25,$1,$0,$2,$1,$1,$1,$1,$2,$1,$7,8,$0.11,$0.10,$25,$20,$0,$61,$9,$0,$10,$0,$22,$84,$12,$0,$1,$1,$13,$0,$44,$-1,$71,$84,$4,$2,$1,$3,$-0,$-5,$0,$1,$-0,$7,$-1,$0,$0,$0,$4,$4,$0,$3,$0,$0,$0,$0,$0,$-2,$0,$-2,$8,$1,$-2
7,2016-10-31,14.12,$9.39,1.5,$12.80,1.1,$2.36,5.98,$0.57,24.78,$0.06B,$0.01B,5.18,$0.00B,$0.07B,0.0,$0.10B,$0.04B,39.58%,$0.10B,$0.01B,7.29%,$0.10B,$0.01B,7.29%,$0.10B,$0.01B,7.29%,$0.10B,$0.01B,6.25%,$0.10B,$0.00B,4.17%,$0.00B,$0.07B,5.84%,$0.00B,$0.06B,6.84%,$0.00B,$0.08B,4.95%,$0.01B,$0.07B,10.22%,$23,$14,$10,$1,$6,$22,$2,$-0,$2,$1,$1,$1,$1,$2,$2,$7,8,$0.15,$0.15,$25,$19,$0,$61,$9,$0,$10,$0,$22,$83,$12,$0,$1,$1,$13,$0,$44,$-1,$70,$83,$3,$2,$1,$3,$1,$-4,$0,$2,$1,$7,$-1,$0,$0,$0,$3,$3,$0,$2,$0,$0,$0,$0,$0,$-2,$0,$-2,$8,$1,$-2
8,2016-07-31,15.3,$9.33,1.64,$13.04,1.17,$2.33,6.58,$0.60,25.51,$0.06B,$0.01B,5.58,$0.00B,$0.07B,0.0,$0.10B,$0.04B,38.78%,$0.10B,$0.01B,7.14%,$0.10B,$0.01B,7.14%,$0.10B,$0.01B,7.14%,$0.10B,$0.01B,6.12%,$0.10B,$0.00B,4.08%,$0.00B,$0.07B,5.90%,$0.00B,$0.06B,6.96%,$0.00B,$0.08B,5.00%,$0.01B,$0.07B,10.33%,$25,$15,$10,$2,$7,$24,$2,$0,$2,$0,$1,$1,$1,$2,$2,$7,8,$0.17,$0.17,$24,$18,$0,$59,$9,$0,$10,$0,$22,$81,$10,$0,$1,$1,$12,$0,$43,$-1,$69,$81,$2,$1,$1,$2,$0,$-3,$0,$1,$0,$4,$-0,$0,$0,$0,$2,$2,$0,$1,$0,$0,$0,$-0,$-0,$-1,$0,$-1,$5,$1,$-1
9,2016-04-30,13.76,$9.28,1.48,$12.91,1.07,$2.18,6.3,$0.59,23.31,$0.06B,$0.01B,5.16,$0.00B,$0.07B,0.0,$0.10B,$0.04B,39.18%,$0.10B,$0.01B,7.22%,$0.10B,$0.01B,7.22%,$0.10B,$0.01B,7.22%,$0.10B,$0.01B,6.19%,$0.10B,$0.00B,4.12%,$0.00B,$0.07B,5.99%,$0.00B,$0.06B,7.08%,$0.00B,$0.08B,5.10%,$0.01B,$0.07B,10.49%,$24,$15,$9,$1,$6,$23,$2,$-0,$1,$0,$1,$1,$1,$2,$2,$7,8,$0.14,$0.14,$23,$17,$0,$58,$10,$0,$10,$0,$23,$81,$11,$0,$1,$1,$12,$0,$43,$-1,$68,$81,$1,$1,$0,$1,$0,$-2,$0,$0,$1,$3,$-0,$0,$0,$0,$2,$2,$0,$2,$0,$0,$0,$-0,$-0,$-1,$0,$-1,$4,$0,$-1
10,2016-01-31,14.97,$9.18,1.63,$12.68,1.18,$2.13,7.02,$0.61,24.54,$0.06B,$0.01B,5.71,$0.00B,$0.07B,0.0,$0.10B,$0.04B,40.00%,$0.10B,$0.01B,6.32%,$0.10B,$0.01B,6.32%,$0.10B,$0.01B,7.37%,$0.10B,$0.01B,7.37%,$0.10B,$0.00B,4.21%,$0.00B,$0.07B,6.08%,$0.00B,$0.06B,6.99%,$0.00B,$0.08B,5.19%,$0.01B,$0.07B,9.13%,$24,$15,$9,$2,$7,$23,$1,$0,$1,$0,$1,$1,$1,$1,$1,$7,7,$0.11,$0.11,$20,$15,$0,$55,$10,$0,$11,$0,$23,$78,$10,$0,$1,$1,$11,$0,$42,$-1,$67,$78,$5,$2,$1,$3,$-1,$1,$0,$0,$0,$8,$-3,$0,$-7,$0,$5,$5,$2,$-4,$0,$0,$0,$0,$0,$-2,$0,$-2,$2,$1,$-2
11,2015-10-31,12.81,$9.12,1.4,$12.32,1.04,$1.41,9.07,$0.57,22.48,$0.06B,$0.01B,4.9,$0.00B,$0.07B,0.0,$0.09B,$0.04B,40.86%,$0.09B,$0.01B,6.45%,$0.09B,$0.01B,6.45%,$0.09B,$0.01B,7.53%,$0.09B,$0.01B,7.53%,$0.09B,$0.00B,4.30%,$0.00B,$0.07B,6.15%,$0.00B,$0.06B,6.90%,$0.00B,$0.08B,5.26%,$0.01B,$0.07B,9.23%,$25,$15,$10,$2,$6,$23,$2,$0,$2,$1,$1,$1,$1,$2,$2,$7,7,$0.18,$0.18,$22,$15,$0,$60,$9,$0,$11,$0,$20,$80,$12,$0,$1,$1,$13,$0,$42,$-1,$67,$80,$4,$1,$0,$1,$-1,$0,$0,$-1,$3,$8,$-2,$0,$-7,$0,$4,$4,$2,$-4,$0,$0,$0,$0,$0,$-2,$0,$-1,$3,$1,$-2
12,2015-07-31,13.06,$8.98,1.45,$11.92,1.1,$0.63,20.59,$0.59,22.13,$0.06B,$0.01B,6.26,$0.00B,$0.07B,0.0,$0.09B,$0.04B,41.76%,$0.09B,$0.01B,7.69%,$0.09B,$0.01B,7.69%,$0.09B,$0.01B,8.79%,$0.09B,$0.01B,8.79%,$0.09B,$0.01B,5.49%,$0.01B,$0.07B,7.60%,$0.01B,$0.06B,8.26%,$0.01B,$0.08B,6.54%,$0.01B,$0.07B,10.65%,$24,$14,$10,$2,$6,$22,$2,$0,$2,$1,$1,$1,$1,$2,$2,$7,7,$0.16,$0.16,$18,$14,$2,$56,$9,$0,$11,$0,$20,$75,$9,$0,$1,$1,$10,$0,$41,$-1,$65,$75,$2,$1,$0,$1,$-1,$2,$0,$-0,$0,$4,$-1,$0,$-7,$0,$2,$2,$0,$-7,$0,$0,$0,$0,$0,$-1,$0,$-1,$-3,$0,$-1
13,2015-04-30,13.16,$8.83,1.49,$11.54,1.14,$-0.20,0.0,$0.61,21.57,$0.06B,$0.01B,6.75,$0.00B,$0.06B,0.0,$0.09B,$0.04B,42.70%,$0.09B,$0.01B,7.87%,$0.09B,$0.01B,7.87%,$0.09B,$0.01B,10.11%,$0.09B,$0.01B,8.99%,$0.09B,$0.01B,5.62%,$0.01B,$0.06B,7.49%,$0.01B,$0.06B,7.94%,$0.01B,$0.08B,6.45%,$0.01B,$0.06B,10.49%,$22,$13,$9,$2,$6,$21,$1,$0,$2,$0,$1,$1,$1,$2,$1,$7,7,$0.17,$0.16,$25,$14,$2,$62,$9,$0,$4,$0,$13,$75,$9,$0,$1,$1,$10,$0,$40,$-1,$64,$75,$1,$0,$0,$1,$0,$1,$0,$0,$1,$3,$-1,$0,$0,$0,$-1,$-1,$-0,$-2,$0,$0,$0,$0,$0,$-1,$0,$-0,$1,$0,$-1
14,2015-01-31,13.98,$8.76,1.6,$11.21,1.25,$-0.86,0.0,$0.59,23.7,$0.06B,$0.01B,6.2,$0.00B,$0.06B,0.0,$0.09B,$0.04B,43.18%,$0.09B,$0.01B,9.09%,$0.09B,$0.01B,9.09%,$0.09B,$0.01B,10.23%,$0.09B,$0.01B,9.09%,$0.09B,$0.01B,5.68%,$0.01B,$0.06B,7.38%,$0.01B,$0.06B,7.84%,$0.01B,$0.07B,6.39%,$0.01B,$0.06B,11.81%,$22,$13,$9,$1,$6,$21,$1,$-0,$1,$0,$1,$1,$1,$1,$1,$8,8,$0.07,$0.08,$23,$16,$2,$59,$8,$0,$4,$0,$15,$74,$10,$0,$1,$1,$11,$0,$40,$-1,$64,$74,$5,$2,$0,$2,$-3,$-0,$0,$-1,$-5,$1,$-2,$0,$0,$0,$4,$4,$4,$6,$0,$0,$0,$-5,$-5,$-2,$0,$-7,$-0,$1,$-2
15,2014-10-31,12.35,$9.06,1.36,$10.70,1.15,$-1.49,0.0,$0.76,16.25,$0.07B,$0.01B,6.53,$0.00B,$0.07B,0.0,$0.08B,$0.04B,44.05%,$0.08B,$0.01B,8.33%,$0.08B,$0.01B,8.33%,$0.08B,$0.01B,10.71%,$0.08B,$0.01B,8.33%,$0.08B,$0.01B,7.14%,$0.01B,$0.07B,8.76%,$0.01B,$0.07B,9.34%,$0.01B,$0.08B,7.57%,$0.01B,$0.07B,10.22%,$23,$13,$10,$2,$6,$21,$3,$-0,$3,$1,$2,$2,$2,$3,$3,$8,8,$0.20,$0.20,$31,$16,$2,$69,$8,$0,$4,$0,$13,$82,$11,$0,$1,$1,$12,$0,$40,$-0,$70,$82,$4,$2,$0,$2,$-2,$-1,$0,$-1,$-4,$2,$-2,$0,$0,$0,$1,$1,$4,$4,$0,$0,$0,$1,$1,$-2,$0,$-1,$5,$0,$-2
16,2014-07-31,12.45,$8.97,1.39,$10.13,1.23,$-2.29,0.0,$0.70,17.78,$0.07B,$0.01B,7.72,$0.00B,$0.07B,0.0,$0.08B,$0.03B,43.04%,$0.08B,$0.01B,6.33%,$0.08B,$0.01B,6.33%,$0.08B,$0.01B,8.86%,$0.08B,$0.01B,6.33%,$0.08B,$0.01B,6.33%,$0.01B,$0.07B,7.43%,$0.01B,$0.07B,7.84%,$0.01B,$0.08B,6.39%,$0.01B,$0.07B,7.43%,$22,$13,$10,$1,$6,$20,$2,$0,$2,$1,$1,$1,$1,$3,$2,$8,8,$0.19,$0.18,$28,$16,$2,$67,$8,$0,$4,$0,$13,$79,$9,$0,$1,$1,$10,$0,$39,$0,$69,$79,$3,$1,$0,$1,$-3,$-1,$0,$-1,$-7,$-3,$-1,$0,$0,$0,$4,$4,$4,$7,$0,$0,$0,$1,$1,$-1,$0,$-0,$5,$0,$-1
17,2014-04-30,11.58,$8.87,1.31,$9.55,1.21,$-2.70,0.0,$0.61,18.98,$0.07B,$0.01B,7.36,$0.00B,$0.07B,0.0,$0.07B,$0.03B,41.89%,$0.07B,$0.00B,5.41%,$0.07B,$0.00B,5.41%,$0.07B,$0.01B,6.76%,$0.07B,$0.00B,5.41%,$0.07B,$0.01B,6.76%,$0.01B,$0.07B,7.58%,$0.01B,$0.06B,7.91%,$0.01B,$0.08B,6.47%,$0.00B,$0.07B,6.06%,$21,$12,$9,$1,$6,$19,$2,$-0,$2,$0,$1,$1,$1,$2,$2,$8,8,$0.15,$0.14,$29,$16,$2,$66,$8,$0,$4,$0,$13,$78,$9,$0,$1,$1,$10,$0,$38,$0,$68,$78,$1,$1,$0,$1,$-0,$-1,$0,$-1,$-4,$-2,$-0,$0,$0,$0,$0,$0,$4,$4,$0,$0,$0,$1,$1,$-1,$0,$0,$2,$0,$-1
18,2014-01-31,12.52,$8.81,1.42,$9.00,1.39,$-3.31,0.0,$0.41,30.54,$0.07B,$0.01B,6.57,$0.00B,$0.07B,0.0,$0.07B,$0.03B,39.71%,$0.07B,$0.00B,1.47%,$0.07B,$0.00B,1.47%,$0.07B,$0.00B,4.41%,$0.07B,$0.00B,1.47%,$0.07B,$0.00B,5.88%,$0.00B,$0.07B,6.18%,$0.00B,$0.06B,6.37%,$0.00B,$0.08B,5.23%,$0.00B,$0.07B,1.54%,$18,$10,$8,$1,$6,$18,$0,$-0,$0,$-0,$0,$0,$2,$1,$0,$7,8,$0.25,$0.25,$29,$15,$2,$65,$8,$0,$4,$0,$13,$78,$10,$0,$1,$1,$11,$0,$37,$0,$67,$78,$3,$1,$-2,$-1,$-3,$-1,$0,$-1,$-7,$-4,$-1,$0,$-7,$0,$-10,$-10,$0,$-18,$0,$0,$0,$1,$1,$-2,$0,$-1,$-23,$1,$-2
19,2013-10-31,11.55,$8.60,1.34,$8.86,1.3,$0.07,169.28,$1.17,9.87,$0.07B,$0.01B,5.86,$0.00B,$0.07B,0.0,$0.07B,$0.03B,37.88%,$0.07B,$0.00B,3.03%,$0.07B,$0.00B,3.03%,$0.07B,$0.00B,4.55%,$0.07B,$0.00B,3.03%,$0.07B,$0.01B,15.15%,$0.01B,$0.07B,15.63%,$0.01B,$0.06B,15.87%,$0.01B,$0.08B,12.99%,$0.00B,$0.07B,3.13%,$18,$11,$7,$1,$5,$17,$1,$-0,$1,$0,$1,$1,$1,$1,$1,$7,8,$0.15,$0.14,$34,$12,$2,$69,$8,$0,$1,$0,$9,$78,$12,$0,$1,$2,$13,$0,$36,$0,$65,$78,$1,$1,$1,$2,$-3,$-1,$0,$0,$-8,$-5,$-1,$0,$0,$0,$-11,$-11,$0,$-12,$0,$0,$0,$1,$1,$-2,$0,$-1,$-18,$0,$-2
20,2013-07-31,10.31,$8.52,1.21,$8.65,1.19,$1.17,8.82,$1.21,8.52,$0.07B,$0.01B,6.49,$0.00B,$0.06B,0.0,$0.06B,$0.02B,37.50%,$0.06B,$0.00B,3.13%,$0.06B,$0.00B,3.13%,$0.06B,$0.00B,6.25%,$0.06B,$0.00B,3.13%,$0.06B,$0.01B,15.63%,$0.01B,$0.06B,16.13%,$0.01B,$0.06B,16.53%,$0.01B,$0.08B,13.47%,$0.00B,$0.06B,3.23%,$17,$10,$7,$1,$5,$16,$1,$-0,$1,$0,$1,$1,$1,$1,$1,$7,8,$0.09,$0.09,$34,$13,$2,$66,$7,$0,$1,$0,$9,$75,$10,$0,$1,$2,$12,$0,$35,$-0,$64,$75,$0,$1,$0,$1,$-1,$-2,$0,$-0,$-7,$-6,$-0,$0,$0,$0,$-12,$-12,$0,$-12,$0,$0,$0,$0,$0,$-1,$0,$-1,$-19,$0,$-1
21,2013-04-30,8.88,$8.50,1.04,$8.36,1.06,$2.13,4.17,$1.25,7.11,$0.07B,$0.01B,7.29,$0.00B,$0.06B,0.0,$0.06B,$0.02B,37.10%,$0.06B,$0.00B,3.23%,$0.06B,$0.00B,3.23%,$0.06B,$0.00B,6.45%,$0.06B,$0.00B,1.61%,$0.06B,$0.01B,16.13%,$0.01B,$0.06B,16.67%,$0.01B,$0.06B,17.17%,$0.01B,$0.08B,13.89%,$0.00B,$0.06B,3.33%,$15,$10,$5,$1,$5,$16,$-1,$-0,$-1,$-0,$-0,$-0,$-0,$-0,$-1,$7,7,$-0.06,$-0.06,$34,$12,$2,$65,$8,$0,$1,$0,$9,$75,$9,$0,$1,$3,$12,$0,$35,$0,$63,$75,$-0,$0,$0,$0,$-0,$-1,$0,$-0,$-7,$-7,$-0,$0,$0,$0,$-12,$-12,$0,$-12,$0,$0,$0,$0,$0,$-1,$0,$-0,$-19,$0,$-1
22,2013-01-31,8.95,$8.66,1.03,$8.18,1.09,$3.21,2.79,$1.42,6.3,$0.07B,$0.01B,5.19,$0.00B,$0.06B,0.0,$0.06B,$0.02B,37.70%,$0.06B,$0.00B,4.92%,$0.06B,$0.00B,4.92%,$0.06B,$0.01B,8.20%,$0.06B,$0.00B,3.28%,$0.06B,$0.01B,18.03%,$0.01B,$0.06B,18.88%,$0.01B,$0.06B,19.56%,$0.01B,$0.08B,15.77%,$0.00B,$0.06B,5.15%,$16,$10,$6,$1,$4,$15,$1,$0,$1,$0,$0,$0,$8,$1,$1,$7,7,$1.04,$1.02,$41,$11,$2,$70,$8,$0,$1,$0,$10,$80,$14,$0,$1,$3,$16,$0,$36,$0,$64,$80,$11,$1,$-10,$-9,$-1,$-0,$0,$-0,$2,$4,$16,$0,$0,$0,$3,$3,$-0,$18,$0,$0,$0,$-0,$-0,$-3,$0,$-3,$19,$0,$-3
23,2012-10-31,7.42,$7.74,0.96,$6.80,1.09,$1.14,6.5,$0.53,14.01,$0.05B,$0.01B,7.03,$0.00B,$0.06B,0.0,$0.05B,$0.02B,45.10%,$0.05B,$0.00B,3.92%,$0.05B,$0.00B,3.92%,$0.05B,$0.00B,7.84%,$0.05B,$0.00B,1.96%,$0.05B,$0.00B,7.84%,$0.00B,$0.06B,7.11%,$0.00B,$0.05B,7.37%,$0.00B,$0.07B,6.02%,$0.00B,$0.06B,3.56%,$16,$10,$6,$1,$4,$15,$1,$0,$1,$0,$1,$1,$1,$2,$1,$7,7,$0.18,$0.18,$23,$14,$0,$53,$11,$0,$2,$0,$14,$67,$8,$0,$1,$3,$10,$0,$29,$0,$57,$67,$3,$1,$0,$1,$-0,$-0,$0,$-0,$-1,$3,$-1,$0,$0,$0,$3,$3,$-0,$2,$0,$0,$0,$-1,$-1,$-2,$0,$-2,$3,$0,$-2
24,2012-07-31,7.14,$7.57,0.94,$7.29,0.98,$1.23,5.83,$0.46,15.52,$0.05B,$0.01B,7.58,$0.00B,$0.06B,0.0,$0.06B,$0.03B,45.45%,$0.06B,$0.00B,3.64%,$0.06B,$0.00B,3.64%,$0.06B,$0.00B,7.27%,$0.06B,$0.00B,1.82%,$0.06B,$0.00B,7.27%,$0.00B,$0.06B,7.17%,$0.00B,$0.05B,7.41%,$0.00B,$0.07B,6.04%,$0.00B,$0.06B,3.59%,$15,$9,$6,$1,$4,$14,$1,$-0,$0,$0,$0,$0,$1,$1,$1,$7,7,$0.13,$0.13,$23,$14,$0,$52,$11,$0,$2,$0,$14,$66,$7,$0,$1,$3,$9,$0,$29,$-0,$56,$66,$2,$1,$0,$1,$0,$0,$0,$-0,$-2,$1,$-0,$0,$0,$0,$-0,$-0,$-0,$-1,$0,$0,$0,$0,$0,$-1,$0,$-1,$-1,$0,$-1
25,2012-04-30,7.33,$7.54,0.97,$8.06,0.91,$1.20,6.12,$0.47,15.59,$0.05B,$0.01B,7.15,$0.00B,$0.06B,0.0,$0.06B,$0.03B,45.00%,$0.06B,$0.00B,3.33%,$0.06B,$0.00B,3.33%,$0.06B,$0.01B,8.33%,$0.06B,$0.00B,5.00%,$0.06B,$0.00B,6.67%,$0.00B,$0.06B,7.21%,$0.00B,$0.05B,7.48%,$0.00B,$0.07B,6.04%,$0.00B,$0.06B,3.60%,$14,$9,$5,$1,$4,$14,$0,$-0,$0,$-0,$1,$1,$1,$1,$0,$7,7,$0.11,$0.11,$23,$14,$0,$51,$11,$0,$2,$0,$14,$66,$7,$0,$1,$3,$10,$0,$28,$0,$56,$66,$1,$0,$0,$1,$1,$0,$0,$-0,$-0,$1,$-0,$0,$0,$0,$-1,$-1,$-0,$-1,$0,$0,$0,$0,$0,$-1,$0,$-1,$-1,$0,$-1
26,2012-01-31,6.92,$7.51,0.92,$8.69,0.8,$1.22,5.69,$0.42,16.47,$0.05B,$0.01B,6.34,$0.00B,$0.06B,0.0,$0.07B,$0.03B,46.15%,$0.07B,$0.00B,4.62%,$0.07B,$0.00B,4.62%,$0.07B,$0.01B,7.69%,$0.07B,$0.00B,6.15%,$0.07B,$0.00B,4.62%,$0.00B,$0.06B,5.43%,$0.00B,$0.06B,5.66%,$0.00B,$0.07B,4.53%,$0.00B,$0.06B,5.43%,$6,$0,$6,$1,$4,$6,$-0,$-0,$-0,$-0,$0,$0,$1,$0,$-0,$7,7,$0.12,$0.11,$23,$11,$0,$52,$11,$0,$1,$0,$15,$67,$8,$0,$1,$3,$11,$0,$28,$0,$56,$67,$3,$2,$0,$2,$-1,$-0,$0,$-0,$0,$5,$-1,$0,$0,$0,$2,$2,$0,$0,$0,$0,$0,$-0,$-0,$-2,$0,$-2,$4,$0,$-2
27,2011-10-31,6.8,$7.47,0.91,$10.30,0.66,$0.54,12.67,$0.38,17.88,$0.05B,$0.01B,6.83,$0.00B,$0.06B,0.0,$0.08B,$0.03B,40.26%,$0.08B,$0.00B,5.19%,$0.08B,$0.00B,5.19%,$0.08B,$0.01B,7.79%,$0.08B,$0.01B,6.49%,$0.08B,$0.00B,3.90%,$0.00B,$0.06B,5.48%,$0.00B,$0.05B,5.74%,$0.00B,$0.07B,4.56%,$0.00B,$0.06B,7.31%,$20,$12,$8,$1,$6,$18,$1,$-0,$1,$0,$1,$1,$1,$2,$1,$7,7,$0.11,$0.11,$22,$14,$0,$51,$12,$0,$3,$0,$15,$66,$7,$0,$1,$4,$11,$0,$28,$0,$55,$66,$2,$1,$-0,$1,$-0,$1,$0,$-0,$1,$4,$-1,$0,$0,$0,$2,$2,$0,$1,$0,$0,$0,$-0,$-0,$-2,$0,$-2,$3,$0,$-2
28,2011-07-31,6.66,$7.54,0.88,$10.11,0.66,$0.00,0.0,$0.38,17.53,$0.05B,$0.01B,6.81,$0.00B,$0.06B,0.0,$0.08B,$0.03B,40.00%,$0.08B,$0.00B,5.33%,$0.08B,$0.00B,5.33%,$0.08B,$0.01B,6.67%,$0.08B,$0.01B,6.67%,$0.08B,$0.00B,4.00%,$0.00B,$0.06B,5.50%,$0.00B,$0.05B,5.80%,$0.00B,$0.07B,4.58%,$0.00B,$0.06B,7.34%,$20,$12,$8,$1,$5,$19,$1,$0,$2,$0,$1,$1,$1,$2,$1,$7,7,$0.14,$0.14,$20,$14,$0,$50,$12,$0,$3,$0,$15,$66,$7,$0,$1,$3,$11,$0,$27,$1,$55,$66,$1,$1,$-0,$1,$-1,$1,$0,$-0,$-1,$1,$-1,$0,$0,$0,$2,$2,$0,$2,$0,$0,$0,$0,$0,$-1,$0,$-1,$2,$0,$-1
29,2011-04-30,6.51,$7.49,0.87,$9.75,0.67,$-0.23,0.0,$0.28,23.25,$0.05B,$0.01B,6.46,$0.00B,$0.06B,0.0,$0.07B,$0.03B,39.73%,$0.07B,$0.00B,5.48%,$0.07B,$0.00B,5.48%,$0.07B,$0.00B,5.48%,$0.07B,$0.00B,5.48%,$0.07B,$0.00B,2.74%,$0.00B,$0.06B,3.69%,$0.00B,$0.05B,3.88%,$0.00B,$0.07B,3.08%,$0.00B,$0.06B,7.37%,$19,$11,$8,$1,$5,$18,$1,$0,$1,$0,$0,$0,$0,$1,$1,$7,7,$0.06,$0.06,$21,$14,$0,$50,$13,$0,$3,$0,$15,$66,$8,$0,$1,$3,$11,$0,$27,$1,$55,$66,$0,$0,$0,$1,$0,$0,$0,$0,$1,$1,$-0,$0,$0,$0,$0,$0,$0,$-0,$0,$0,$0,$-0,$-0,$-1,$0,$-1,$0,$0,$-1
30,2011-01-31,6.5,$7.49,0.87,$9.49,0.69,$-0.34,0.0,$0.28,23.22,$0.05B,$0.01B,6.62,$0.00B,$0.05B,0.0,$0.07B,$0.03B,39.44%,$0.07B,$0.00B,5.63%,$0.07B,$0.00B,5.63%,$0.07B,$0.00B,5.63%,$0.07B,$0.00B,5.63%,$0.07B,$0.00B,2.82%,$0.00B,$0.05B,3.70%,$0.00B,$0.05B,3.90%,$0.00B,$0.07B,3.10%,$0.00B,$0.05B,7.41%,$18,$10,$7,$1,$5,$17,$1,$-0,$1,$0,$1,$1,$1,$1,$1,$7,7,$0.07,$0.07,$21,$14,$0,$50,$13,$0,$3,$0,$15,$65,$8,$0,$1,$3,$11,$0,$27,$0,$54,$65,$2,$2,$1,$3,$-2,$-2,$0,$0,$-4,$1,$-2,$0,$0,$0,$-3,$-3,$0,$-5,$0,$0,$0,$-1,$-1,$-2,$0,$-2,$-6,$0,$-2
31,2010-10-31,5.77,$7.37,0.78,$9.30,0.62,$0.34,17.17,$0.44,13.1,$0.05B,$0.01B,6.02,$0.00B,$0.05B,0.0,$0.07B,$0.03B,40.58%,$0.07B,$0.01B,7.25%,$0.07B,$0.01B,7.25%,$0.07B,$0.01B,7.25%,$0.07B,$0.01B,7.25%,$0.07B,$0.00B,4.35%,$0.00B,$0.05B,5.56%,$0.00B,$0.05B,5.88%,$0.00B,$0.07B,4.67%,$0.01B,$0.05B,9.26%,$18,$11,$7,$1,$5,$18,$1,$0,$1,$-0,$1,$1,$1,$1,$1,$7,7,$0.11,$0.11,$21,$14,$0,$49,$13,$0,$3,$0,$16,$65,$8,$0,$1,$3,$11,$0,$26,$0,$54,$65,$2,$1,$2,$3,$-2,$-2,$0,$0,$-3,$1,$-2,$0,$0,$0,$-1,$-1,$0,$-3,$0,$0,$0,$0,$0,$-2,$-0,$-2,$-3,$0,$-2
32,2010-07-31,5.63,$7.32,0.77,$9.11,0.62,$0.82,6.9,$0.42,13.4,$0.05B,$0.01B,6.26,$0.00B,$0.05B,0.0,$0.07B,$0.03B,41.18%,$0.07B,$0.01B,7.35%,$0.07B,$0.01B,7.35%,$0.07B,$0.01B,7.35%,$0.07B,$0.01B,7.35%,$0.07B,$0.00B,4.41%,$0.00B,$0.05B,5.61%,$0.00B,$0.05B,5.91%,$0.00B,$0.06B,4.71%,$0.01B,$0.05B,9.35%,$18,$11,$7,$1,$5,$17,$1,$-0,$1,$0,$0,$0,$0,$1,$1,$7,8,$0.04,$0.04,$22,$14,$0,$49,$13,$0,$3,$0,$15,$64,$8,$0,$1,$3,$11,$0,$26,$0,$54,$64,$1,$1,$2,$3,$-1,$-2,$0,$-0,$-3,$0,$-1,$0,$0,$0,$-1,$-1,$0,$-2,$0,$0,$0,$0,$0,$-1,$-0,$-1,$-3,$0,$-1
33,2010-04-30,6.2,$7.37,0.84,$8.98,0.69,$1.01,6.12,$0.46,13.47,$0.05B,$0.01B,6.36,$0.00B,$0.05B,0.0,$0.07B,$0.03B,42.42%,$0.07B,$0.01B,7.58%,$0.07B,$0.01B,7.58%,$0.07B,$0.01B,7.58%,$0.07B,$0.01B,7.58%,$0.07B,$0.00B,6.06%,$0.00B,$0.05B,7.55%,$0.00B,$0.05B,7.92%,$0.00B,$0.06B,6.32%,$0.01B,$0.05B,9.43%,$17,$10,$7,$1,$5,$16,$1,$0,$1,$0,$0,$0,$0,$1,$1,$7,7,$0.06,$0.06,$24,$13,$0,$50,$12,$0,$3,$0,$15,$64,$8,$0,$1,$3,$11,$0,$26,$0,$54,$64,$0,$0,$2,$2,$-0,$-1,$0,$-0,$-2,$0,$-0,$0,$0,$0,$-0,$-0,$0,$-0,$0,$0,$0,$0,$0,$-1,$-0,$-0,$-0,$0,$-1
34,2010-01-31,5.78,$7.58,0.76,$8.77,0.66,$1.04,5.55,$0.37,15.62,$0.05B,$0.01B,6.58,$0.00B,$0.05B,0.0,$0.06B,$0.03B,42.19%,$0.06B,$0.00B,6.25%,$0.06B,$0.00B,6.25%,$0.06B,$0.00B,6.25%,$0.06B,$0.00B,6.25%,$0.06B,$0.00B,6.25%,$0.00B,$0.05B,7.66%,$0.00B,$0.05B,8.00%,$0.00B,$0.06B,6.37%,$0.00B,$0.05B,7.66%,$16,$9,$7,$1,$5,$14,$2,$0,$2,$0,$2,$2,$2,$2,$2,$7,7,$0.24,$0.24,$24,$12,$0,$50,$12,$0,$3,$0,$15,$64,$8,$0,$1,$3,$10,$0,$27,$0,$54,$64,$3,$1,$-1,$1,$1,$1,$0,$0,$2,$6,$-2,$0,$-1,$0,$2,$2,$0,$-2,$0,$0,$0,$0,$0,$-2,$0,$-1,$3,$0,$-2
35,2009-10-31,4.9,$7.34,0.67,$8.66,0.57,$1.18,4.15,$0.18,27.22,$0.05B,$0.01B,6.88,$0.00B,$0.05B,0.0,$0.06B,$0.03B,42.19%,$0.06B,$0.00B,3.13%,$0.06B,$0.00B,3.13%,$0.06B,$0.00B,4.69%,$0.06B,$0.00B,3.13%,$0.06B,$0.00B,3.13%,$0.00B,$0.05B,3.88%,$0.00B,$0.05B,4.04%,$0.00B,$0.06B,3.21%,$0.00B,$0.05B,3.88%,$17,$10,$7,$1,$5,$16,$1,$0,$1,$0,$1,$1,$1,$1,$1,$7,7,$0.10,$0.09,$23,$11,$0,$49,$11,$1,$2,$0,$14,$63,$7,$0,$1,$3,$10,$0,$25,$0,$52,$63,$1,$1,$1,$2,$-1,$1,$0,$0,$1,$3,$-1,$0,$0,$0,$1,$1,$0,$1,$0,$0,$0,$0,$0,$-1,$0,$-1,$3,$0,$-1
36,2009-07-31,4.35,$7.27,0.6,$8.77,0.5,$1.49,2.91,$0.18,24.16,$0.05B,$0.01B,6.99,$0.00B,$0.05B,0.0,$0.07B,$0.03B,43.08%,$0.07B,$0.00B,3.08%,$0.07B,$0.00B,3.08%,$0.07B,$0.00B,4.62%,$0.07B,$0.00B,3.08%,$0.07B,$0.00B,3.08%,$0.00B,$0.05B,3.90%,$0.00B,$0.05B,4.06%,$0.00B,$0.06B,3.23%,$0.00B,$0.05B,3.90%,$16,$9,$7,$1,$5,$16,$1,$0,$1,$0,$1,$1,$1,$1,$1,$7,7,$0.08,$0.08,$21,$12,$0,$48,$11,$1,$2,$0,$14,$62,$7,$0,$1,$3,$10,$0,$25,$0,$52,$62,$0,$1,$0,$1,$-1,$1,$0,$0,$-1,$1,$-0,$0,$0,$0,$4,$4,$0,$3,$0,$0,$0,$0,$0,$-1,$0,$-0,$4,$0,$-1
37,2009-04-30,4.26,$7.19,0.59,$9.17,0.47,$1.85,2.3,$0.25,17.06,$0.05B,$0.01B,6.38,$0.00B,$0.05B,0.0,$0.07B,$0.03B,43.48%,$0.07B,$0.00B,4.35%,$0.07B,$0.00B,4.35%,$0.07B,$0.00B,5.80%,$0.07B,$0.00B,4.35%,$0.07B,$0.00B,2.90%,$0.00B,$0.05B,3.90%,$0.00B,$0.05B,4.08%,$0.00B,$0.06B,3.21%,$0.00B,$0.05B,5.85%,$15,$9,$6,$1,$5,$15,$-0,$0,$-0,$-0,$-0,$-0,$-0,$-0,$-0,$7,7,$-0.03,$-0.03,$22,$13,$0,$48,$11,$1,$2,$0,$14,$62,$7,$0,$1,$3,$10,$0,$25,$0,$51,$62,$-0,$0,$0,$0,$1,$-0,$0,$0,$0,$1,$-0,$0,$0,$0,$5,$5,$0,$5,$0,$0,$0,$0,$0,$-0,$0,$0,$5,$0,$-0
38,2009-01-31,5.36,$7.33,0.73,$9.61,0.56,$1.97,2.72,$0.40,13.39,$0.05B,$0.01B,6.08,$0.00B,$0.05B,0.0,$0.07B,$0.03B,43.84%,$0.07B,$0.00B,5.48%,$0.07B,$0.00B,5.48%,$0.07B,$0.01B,8.22%,$0.07B,$0.00B,5.48%,$0.07B,$0.00B,4.11%,$0.00B,$0.05B,5.85%,$0.00B,$0.05B,6.15%,$0.00B,$0.06B,4.82%,$0.00B,$0.05B,7.80%,$16,$9,$7,$1,$5,$15,$0,$-0,$0,$0,$0,$0,$0,$1,$0,$7,7,$0.04,$0.04,$21,$13,$0,$48,$11,$1,$2,$0,$14,$62,$8,$0,$1,$3,$11,$0,$25,$0,$51,$62,$3,$1,$1,$2,$4,$1,$0,$-1,$2,$7,$-2,$0,$0,$0,$1,$1,$0,$-1,$0,$0,$0,$1,$1,$-2,$0,$-1,$5,$0,$-2
39,2008-10-31,5.93,$7.34,0.81,$9.91,0.6,$0.99,5.98,$0.54,10.98,$0.05B,$0.01B,6.08,$0.00B,$0.05B,0.0,$0.08B,$0.03B,44.00%,$0.08B,$0.01B,6.67%,$0.08B,$0.01B,6.67%,$0.08B,$0.01B,8.00%,$0.08B,$0.01B,6.67%,$0.08B,$0.00B,5.33%,$0.00B,$0.05B,7.88%,$0.00B,$0.05B,8.29%,$0.00B,$0.06B,6.43%,$0.01B,$0.05B,9.85%,$18,$10,$8,$1,$5,$17,$1,$-0,$1,$0,$1,$1,$1,$1,$1,$7,7,$0.09,$0.09,$21,$13,$0,$48,$11,$1,$2,$0,$14,$62,$8,$0,$1,$3,$10,$0,$26,$0,$51,$62,$3,$1,$0,$1,$2,$1,$0,$0,$2,$6,$-1,$0,$0,$0,$4,$4,$0,$3,$0,$0,$0,$1,$1,$-1,$0,$-0,$9,$0,$-1
40,2008-07-31,6.49,$7.40,0.88,$10.10,0.64,$-0.06,0.0,$0.66,9.83,$0.05B,$0.01B,6.23,$0.00B,$0.05B,0.0,$0.08B,$0.03B,43.42%,$0.08B,$0.01B,7.89%,$0.08B,$0.01B,7.89%,$0.08B,$0.01B,9.21%,$0.08B,$0.01B,7.89%,$0.08B,$0.01B,6.58%,$0.01B,$0.05B,10.00%,$0.01B,$0.05B,10.53%,$0.01B,$0.06B,8.10%,$0.01B,$0.05B,12.00%,$20,$11,$9,$1,$6,$18,$2,$0,$2,$1,$1,$1,$1,$2,$2,$7,8,$0.16,$0.15,$20,$14,$0,$49,$11,$0,$2,$0,$14,$63,$8,$0,$2,$3,$11,$0,$25,$1,$52,$63,$2,$1,$0,$1,$1,$0,$0,$1,$1,$4,$-1,$0,$0,$0,$4,$4,$0,$3,$0,$0,$0,$1,$1,$-1,$0,$-0,$7,$0,$-1
41,2008-04-30,6.32,$7.26,0.87,$9.93,0.64,$-1.05,0.0,$0.63,10.03,$0.05B,$0.01B,5.96,$0.00B,$0.05B,0.0,$0.08B,$0.03B,42.67%,$0.08B,$0.01B,6.67%,$0.08B,$0.01B,6.67%,$0.08B,$0.01B,9.33%,$0.08B,$0.01B,6.67%,$0.08B,$0.01B,6.67%,$0.01B,$0.05B,10.26%,$0.01B,$0.05B,10.81%,$0.01B,$0.06B,8.26%,$0.01B,$0.05B,10.26%,$19,$11,$8,$1,$6,$17,$1,$0,$1,$1,$1,$1,$1,$2,$1,$7,7,$0.13,$0.12,$19,$15,$0,$48,$11,$0,$2,$0,$14,$62,$8,$0,$2,$3,$12,$0,$25,$1,$51,$62,$1,$0,$0,$1,$1,$-1,$0,$1,$0,$2,$-1,$0,$0,$0,$1,$1,$0,$0,$0,$0,$0,$1,$1,$-0,$0,$0,$2,$0,$-0
42,2008-01-31,7.23,$7.18,1.01,$9.59,0.75,$-1.74,0.0,$0.58,12.47,$0.05B,$0.01B,5.39,$0.00B,$0.05B,0.0,$0.07B,$0.03B,43.06%,$0.07B,$0.01B,6.94%,$0.07B,$0.01B,6.94%,$0.07B,$0.01B,8.33%,$0.07B,$0.01B,6.94%,$0.07B,$0.01B,6.94%,$0.01B,$0.05B,10.53%,$0.01B,$0.05B,11.11%,$0.01B,$0.06B,8.44%,$0.01B,$0.05B,10.53%,$18,$10,$8,$1,$6,$18,$1,$0,$1,$-1,$1,$1,$1,$1,$1,$7,8,$0.19,$0.17,$18,$14,$0,$48,$11,$0,$2,$0,$13,$62,$9,$0,$2,$3,$12,$0,$24,$1,$49,$62,$4,$2,$-0,$1,$-1,$-2,$0,$-0,$-3,$3,$-5,$0,$0,$0,$1,$1,$0,$-4,$0,$0,$0,$0,$0,$-1,$0,$-1,$1,$1,$-1
43,2007-10-31,7.49,$6.99,1.07,$9.56,0.78,$-1.45,0.0,$0.51,14.69,$0.05B,$0.01B,5.44,$0.00B,$0.05B,0.0,$0.07B,$0.03B,41.67%,$0.07B,$0.01B,6.94%,$0.07B,$0.01B,6.94%,$0.07B,$0.01B,8.33%,$0.07B,$0.01B,6.94%,$0.07B,$0.01B,6.94%,$0.01B,$0.05B,10.70%,$0.01B,$0.05B,11.30%,$0.01B,$0.06B,8.58%,$0.01B,$0.05B,10.70%,$19,$11,$8,$1,$5,$17,$2,$0,$2,$0,$2,$2,$2,$2,$2,$7,8,$0.23,$0.21,$17,$13,$0,$47,$11,$0,$2,$0,$13,$60,$9,$0,$1,$3,$12,$0,$23,$1,$48,$60,$3,$1,$1,$2,$-1,$-2,$0,$0,$-4,$1,$-4,$0,$0,$0,$-1,$-1,$0,$-5,$0,$0,$0,$1,$1,$-1,$0,$-0,$-0,$0,$-1
44,2007-07-31,7.1,$6.77,1.05,$9.17,0.77,$-0.86,0.0,$0.83,8.55,$0.05B,$0.01B,5.93,$0.00B,$0.05B,0.0,$0.07B,$0.03B,40.58%,$0.07B,$0.01B,13.04%,$0.07B,$0.01B,13.04%,$0.07B,$0.01B,14.49%,$0.07B,$0.01B,13.04%,$0.07B,$0.01B,10.14%,$0.01B,$0.05B,15.22%,$0.01B,$0.04B,16.09%,$0.01B,$0.06B,12.17%,$0.01B,$0.05B,19.57%,$19,$11,$8,$1,$5,$17,$1,$0,$1,$1,$1,$1,$1,$2,$1,$7,8,$0.13,$0.12,$16,$12,$0,$45,$11,$0,$2,$0,$13,$58,$8,$0,$2,$4,$11,$0,$22,$0,$47,$58,$1,$1,$0,$1,$-1,$-1,$0,$0,$-3,$-1,$-4,$0,$0,$0,$0,$0,$0,$-3,$0,$0,$0,$1,$1,$-1,$0,$0,$-1,$0,$-1
45,2007-04-30,8.56,$6.66,1.29,$8.91,0.96,$-0.18,0.0,$0.81,10.57,$0.04B,$0.01B,5.72,$0.00B,$0.05B,0.0,$0.07B,$0.03B,40.91%,$0.07B,$0.01B,13.64%,$0.07B,$0.01B,13.64%,$0.07B,$0.01B,13.64%,$0.07B,$0.01B,13.64%,$0.07B,$0.01B,10.61%,$0.01B,$0.05B,15.73%,$0.01B,$0.04B,16.57%,$0.01B,$0.06B,12.56%,$0.01B,$0.05B,20.22%,$16,$10,$7,$1,$5,$16,$1,$0,$1,$0,$1,$1,$1,$1,$1,$7,8,$0.08,$0.07,$17,$13,$0,$43,$11,$0,$2,$0,$14,$57,$8,$0,$2,$4,$11,$0,$21,$0,$46,$57,$1,$0,$0,$1,$1,$-1,$0,$0,$-2,$-0,$-3,$0,$0,$0,$-0,$-0,$0,$-4,$0,$0,$0,$1,$1,$-0,$0,$0,$-1,$0,$-0
46,2007-01-31,7.62,$6.78,1.12,$8.87,0.86,$0.51,14.83,$0.81,9.39,$0.04B,$0.01B,4.47,$0.00B,$0.05B,0.0,$0.07B,$0.03B,39.39%,$0.07B,$0.01B,13.64%,$0.07B,$0.01B,13.64%,$0.07B,$0.01B,13.64%,$0.07B,$0.01B,13.64%,$0.07B,$0.01B,10.61%,$0.01B,$0.05B,16.18%,$0.01B,$0.04B,16.97%,$0.01B,$0.06B,12.90%,$0.01B,$0.05B,20.81%,$18,$10,$7,$1,$5,$16,$1,$0,$1,$1,$1,$1,$1,$1,$1,$7,7,$0.12,$0.12,$17,$11,$0,$44,$8,$3,$2,$0,$14,$58,$10,$0,$0,$2,$12,$0,$22,$0,$46,$58,$6,$1,$-3,$-2,$-1,$-2,$0,$0,$-2,$2,$-2,$0,$0,$0,$-2,$-2,$6,$2,$0,$0,$0,$0,$0,$-1,$0,$-1,$-0,$0,$-1
47,2006-10-31,7.4,$6.69,1.11,$8.71,0.85,$0.67,10.96,$0.82,9.0,$0.05B,$0.01B,4.12,$0.00B,$0.05B,0.0,$0.06B,$0.03B,40.63%,$0.06B,$0.01B,14.06%,$0.06B,$0.01B,14.06%,$0.06B,$0.01B,14.06%,$0.06B,$0.01B,14.06%,$0.06B,$0.01B,10.94%,$0.01B,$0.05B,16.77%,$0.01B,$0.04B,17.61%,$0.01B,$0.06B,13.40%,$0.01B,$0.05B,21.56%,$16,$10,$6,$1,$5,$10,$6,$0,$6,$2,$4,$4,$4,$6,$6,$7,7,$0.59,$0.53,$21,$11,$0,$47,$7,$0,$2,$0,$10,$57,$11,$0,$0,$1,$12,$0,$22,$0,$45,$57,$5,$1,$-5,$-4,$0,$-1,$0,$-0,$2,$3,$-1,$0,$0,$0,$-2,$-2,$6,$3,$0,$0,$0,$-0,$-0,$-1,$0,$-1,$5,$0,$-1
