,Date,Stock Price,Book Value per Share,Price to Book Ratio,TTM Sales per Share,Price to Sales Ratio,TTM FCF per Share,Price to FCF Ratio,TTM Net EPS,PE Ratio,Current Assets,Current Liabilities,Current Ratio,Long Term Debt,Shareholder's Equity_x,Debt to Equity Ratio,TTM Revenue_x,TTM Gross Profit,Gross Margin,TTM Revenue_y,TTM Operating Income,Operating Margin,TTM Revenue_x,TTM EBIT,EBIT Margin,TTM Revenue_y,TTM EBITDA,EBITDA Margin,TTM Revenue_x,TTM Pre-Tax Income,Pre-Tax Margin,TTM Revenue_y,TTM Net Income_x,Net Margin,TTM Net Income_y,Shareholder's Equity_y,Return on Equity,TTM Net Income_x,Tangible Equity,Return on Tangible Equity,TTM Net Income_y,Total Assets,Return on Assets,TTM Net Income,LT Investments & Debt,Return on Investment,revenue,cost-goods-sold,gross-profit,research-development-expenses,selling-general-administrative-expenses,operating-expenses,operating-income,total-non-operating-income-expense,pre-tax-income,total-provision-income-taxes,income-after-taxes,income-from-continuous-operations,net-income,ebitda,ebit,basic-shares-outstanding,shares-outstanding,eps-basic-net-earnings-per-share,eps-earnings-per-share-diluted,cash-on-hand,inventory,other-current-assets,total-current-assets,net-property-plant-equipment,long-term-investments,goodwill-intangible-assets-total,other-long-term-assets,total-long-term-assets,total-assets,total-current-liabilities,long-term-debt,other-non-current-liabilities,total-long-term-liabilities,total-liabilities,common-stock-net,retained-earnings-accumulated-deficit,comprehensive-income,total-share-holder-equity,total-liabilities-share-holders-equity,net-income-loss,total-depreciation-amortization-cash-flow,other-non-cash-items,total-non-cash-items,change-in-accounts-receivable,change-in-inventories,change-in-accounts-payable,change-in-assets-liabilities,total-change-in-assets-liabilities,cash-flow-from-operating-activities,net-change-in-property-plant-equipment,net-change-in-intangible-assets,net-acquisitions-divestitures,net-change-in-short-term-investments,net-change-in-long-term-investments,net-change-in-investments-total,investing-activities-other,cash-flow-from-investing-activities,net-long-term-debt,net-current-debt,debt-issuance-retirement-net-total,net-common-equity-issued-repurchased,net-total-equity-issued-repurchased,total-common-preferred-stock-dividends-paid,financial-activities-other,cash-flow-from-financial-activities,net-cash-flow,stock-based-compensation,common-stock-dividends-paid
0,2018-09-30,2.27,$1.91,1.19,$4.85,0.47,$-6.27,0.0,$-1.48,0.0,$0.01B,$0.00B,3.95,$0.00B,$0.01B,0.0,$0.02B,$0.01B,70.00%,$0.02B,$-0.03B,-125.00%,$0.02B,$-0.03B,-125.00%,$0.02B,$-0.02B,-105.00%,$0.02B,$-0.03B,-140.00%,$0.02B,$-0.02B,-95.00%,$-0.02B,$0.01B,-165.22%,$-0.02B,$0.01B,-316.67%,$-0.02B,$0.01B,-82.61%,$-0.03B,$0.01B,-217.39%,$0,$0,$-0,$0,$1,$1,$-1,$-0,$-1,$0,$-1,$-1,$-1,$-1,$-1,$5,5,$-0.15,$-0.15,$11,$0,$0,$12,$0,$0,$0,$0,$0,$13,$3,$0,$0,$0,$3,$0,$-157,$0,$10,$13,$-7,$2,$-3,$-1,$2,$-0,$0,$-3,$0,$-8,$0,$0,$0,$0,$0,$0,$29,$29,$-12,$0,$-12,$0,$0,$0,$-0,$-13,$9,$1,$0
1,2018-06-30,2.05,$2.05,1.0,$4.89,0.42,$-6.86,0.0,$-2.04,0.0,$0.01B,$0.00B,4.04,$0.00B,$0.01B,0.0,$0.02B,$0.01B,70.00%,$0.02B,$-0.03B,-125.00%,$0.02B,$-0.03B,-125.00%,$0.02B,$-0.02B,-100.00%,$0.02B,$-0.03B,-145.00%,$0.02B,$-0.02B,-105.00%,$-0.02B,$0.01B,-133.33%,$-0.02B,$0.01B,-1400.00%,$-0.02B,$0.01B,-67.74%,$-0.03B,$0.01B,-158.73%,$1,$1,$0,$0,$1,$2,$-1,$-2,$-3,$0,$-3,$-3,$-1,$-1,$-1,$4,4,$-0.29,$-0.29,$11,$0,$0,$13,$0,$0,$0,$0,$1,$14,$3,$0,$0,$0,$3,$0,$-156,$0,$10,$14,$-6,$2,$-2,$-0,$1,$-0,$1,$-2,$-1,$-7,$0,$0,$0,$0,$0,$0,$29,$29,$-12,$0,$-12,$0,$0,$0,$-0,$-13,$9,$1,$0
2,2018-03-31,1.94,$2.09,0.93,$4.83,0.4,$-6.97,0.0,$-2.65,0.0,$0.01B,$0.02B,0.36,$0.00B,$0.01B,0.0,$0.02B,$0.01B,70.00%,$0.02B,$-0.03B,-125.00%,$0.02B,$-0.03B,-125.00%,$0.02B,$-0.02B,-95.00%,$0.02B,$-0.03B,-135.00%,$0.02B,$-0.02B,-120.00%,$-0.02B,$0.01B,-117.07%,$-0.02B,$-0.01B,738.46%,$-0.02B,$0.03B,-60.38%,$-0.03B,$0.01B,-121.95%,$5,$2,$4,$0,$7,$10,$-5,$-1,$-5,$0,$-5,$-5,$-5,$-3,$-5,$4,4,$-1.19,$-1.19,$2,$2,$0,$8,$1,$0,$23,$0,$24,$32,$21,$0,$0,$0,$21,$0,$-155,$0,$10,$32,$-5,$1,$0,$2,$-1,$-0,$1,$1,$1,$-2,$0,$0,$0,$0,$0,$0,$0,$0,$2,$0,$2,$0,$0,$0,$-0,$2,$-1,$-0,$0
3,2017-12-31,1.81,$3.14,0.58,$4.92,0.37,$-7.92,0.0,$-3.76,0.0,$0.01B,$0.02B,0.44,$0.00B,$0.02B,0.0,$0.02B,$0.01B,68.42%,$0.02B,$-0.03B,-136.84%,$0.02B,$-0.03B,-136.84%,$0.02B,$-0.02B,-105.26%,$0.02B,$-0.03B,-152.63%,$0.02B,$-0.03B,-136.84%,$-0.03B,$0.02B,-102.97%,$-0.03B,$0.02B,866.67%,$-0.03B,$0.03B,-58.76%,$-0.03B,$0.02B,-102.97%,$14,$4,$10,$0,$18,$32,$-18,$-1,$-19,$-1,$-18,$-18,$-12,$-16,$-18,$4,4,$-2.22,$-2.22,$2,$0,$0,$7,$1,$0,$0,$25,$25,$33,$17,$0,$0,$0,$17,$0,$-150,$0,$16,$33,$-26,$6,$10,$16,$-1,$1,$-1,$-0,$-1,$-11,$-0,$0,$0,$0,$0,$0,$4,$4,$-2,$0,$-2,$6,$6,$0,$-1,$3,$-3,$2,$0
4,2017-09-30,3.65,$5.42,0.67,$2.83,1.29,$-12.27,0.0,$-9.86,0.0,$0.01B,$0.02B,0.47,$0.00B,$0.03B,0.0,$0.01B,$0.01B,62.50%,$0.01B,$-0.03B,-325.00%,$0.01B,$-0.03B,-325.00%,$0.01B,$-0.02B,-262.50%,$0.01B,$-0.03B,-350.00%,$0.01B,$-0.03B,-387.50%,$-0.03B,$0.03B,-105.98%,$-0.03B,$-0.01B,364.71%,$-0.03B,$0.05B,-62.63%,$-0.03B,$0.03B,-88.89%,$0,$0,$0,$0,$2,$2,$-1,$-0,$-2,$-0,$-2,$-2,$-3,$0,$-1,$5,5,$-0.56,$-0.56,$2,$2,$0,$8,$2,$0,$35,$0,$37,$45,$17,$0,$0,$1,$18,$0,$-138,$0,$27,$45,$-14,$5,$1,$6,$-0,$0,$-1,$-1,$-2,$-10,$-0,$0,$0,$0,$0,$0,$3,$3,$-2,$0,$-2,$6,$6,$0,$-1,$3,$-3,$2,$0
5,2017-06-30,3.7,$5.82,0.64,$4.28,0.86,$-15.36,0.0,$-12.30,0.0,$0.01B,$0.02B,0.48,$0.00B,$0.03B,0.0,$0.01B,$0.01B,66.67%,$0.01B,$-0.03B,-275.00%,$0.01B,$-0.03B,-275.00%,$0.01B,$-0.03B,-233.33%,$0.01B,$-0.04B,-291.67%,$0.01B,$-0.04B,-308.33%,$-0.04B,$0.03B,-106.47%,$-0.04B,$-0.01B,493.33%,$-0.04B,$0.05B,-65.49%,$-0.03B,$0.03B,-94.96%,$1,$1,$0,$0,$1,$2,$-1,$0,$-1,$-0,$-1,$-1,$-4,$0,$-1,$5,5,$-0.93,$-0.93,$2,$3,$0,$9,$2,$0,$38,$0,$40,$49,$19,$0,$0,$1,$20,$0,$-136,$0,$29,$49,$-11,$3,$2,$5,$-1,$-0,$0,$-1,$-2,$-8,$-0,$0,$0,$0,$0,$0,$-0,$-0,$0,$0,$0,$6,$6,$0,$-1,$5,$-3,$1,$0
6,2017-03-31,5.05,$7.96,0.63,$5.71,0.88,$-17.41,0.0,$-9.60,0.0,$0.01B,$0.02B,0.43,$0.00B,$0.03B,0.0,$0.02B,$0.01B,73.33%,$0.02B,$-0.03B,-200.00%,$0.02B,$-0.03B,-200.00%,$0.02B,$-0.03B,-166.67%,$0.02B,$-0.03B,-220.00%,$0.02B,$-0.03B,-186.67%,$-0.03B,$0.03B,-67.47%,$-0.03B,$-0.01B,622.22%,$-0.03B,$0.05B,-43.75%,$-0.03B,$0.03B,-67.80%,$4,$2,$3,$0,$8,$10,$-6,$-1,$-7,$0,$-7,$-7,$-7,$-4,$-6,$3,3,$-2.27,$-2.27,$2,$3,$0,$8,$2,$0,$39,$0,$41,$50,$19,$0,$1,$2,$21,$0,$-131,$0,$29,$50,$-7,$2,$2,$3,$-0,$0,$-0,$-0,$-1,$-5,$-0,$0,$0,$0,$0,$0,$-0,$-0,$0,$0,$0,$3,$3,$0,$-1,$2,$-3,$0,$0
7,2016-12-31,5.9,$10.82,0.55,$5.81,1.01,$-18.27,0.0,$-10.10,0.0,$0.01B,$0.02B,0.59,$0.00B,$0.03B,0.0,$0.02B,$0.01B,66.67%,$0.02B,$-0.03B,-213.33%,$0.02B,$-0.03B,-213.33%,$0.02B,$-0.03B,-186.67%,$0.02B,$-0.03B,-226.67%,$0.02B,$-0.03B,-193.33%,$-0.03B,$0.03B,-62.37%,$-0.03B,$-0.01B,966.67%,$-0.03B,$0.05B,-40.42%,$-0.03B,$0.03B,-60.95%,$3,$1,$2,$0,$8,$21,$-18,$-1,$-18,$-1,$-18,$-18,$-17,$-17,$-18,$3,3,$-6.05,$-6.05,$6,$2,$0,$12,$2,$0,$39,$2,$43,$54,$20,$0,$2,$2,$22,$0,$-124,$0,$32,$54,$-28,$5,$2,$7,$-0,$-0,$-0,$3,$2,$-18,$-1,$0,$0,$0,$0,$0,$3,$2,$-2,$0,$-2,$0,$0,$0,$-3,$-4,$-21,$5,$0
8,2016-09-30,8.0,$16.39,0.49,$6.03,1.33,$-20.95,0.0,$-5.60,0.0,$0.02B,$0.02B,0.91,$0.00B,$0.05B,0.0,$0.02B,$0.01B,66.67%,$0.02B,$-0.02B,-126.67%,$0.02B,$-0.02B,-126.67%,$0.02B,$-0.02B,-100.00%,$0.02B,$-0.02B,-140.00%,$0.02B,$-0.02B,-106.67%,$-0.02B,$0.05B,-31.07%,$-0.02B,$-0.00B,800.00%,$-0.02B,$0.07B,-19.81%,$-0.02B,$0.05B,-31.28%,$4,$2,$3,$0,$8,$12,$-8,$-1,$-9,$0,$-9,$-9,$-9,$-7,$-8,$3,3,$-3.05,$-3.05,$11,$3,$0,$18,$2,$0,$52,$0,$55,$73,$19,$0,$3,$5,$24,$0,$-107,$0,$49,$73,$-11,$4,$-8,$-4,$-0,$-1,$-0,$2,$1,$-14,$-1,$0,$0,$0,$0,$0,$4,$3,$-2,$0,$-2,$0,$0,$0,$-3,$-4,$-15,$4,$0
9,2016-06-30,11.2,$18.89,0.59,$6.04,1.86,$-22.23,0.0,$-5.20,0.0,$0.02B,$0.01B,2.73,$0.01B,$0.06B,0.19,$0.02B,$0.01B,66.67%,$0.02B,$-0.02B,-126.67%,$0.02B,$-0.02B,-126.67%,$0.02B,$-0.02B,-100.00%,$0.02B,$-0.02B,-126.67%,$0.02B,$-0.01B,-93.33%,$-0.01B,$0.06B,-26.42%,$-0.01B,$0.00B,1120.00%,$-0.01B,$0.08B,-16.23%,$-0.02B,$0.07B,-29.23%,$4,$2,$3,$0,$9,$2,$2,$-1,$1,$0,$1,$1,$5,$3,$2,$3,3,$1.80,$1.80,$13,$3,$4,$23,$2,$0,$53,$0,$56,$79,$9,$11,$2,$14,$23,$0,$-99,$0,$56,$79,$-3,$2,$-10,$-7,$-1,$-1,$-0,$1,$-1,$-10,$-0,$0,$0,$0,$0,$0,$0,$-0,$0,$0,$0,$0,$0,$0,$-3,$-3,$-14,$3,$0
10,2016-03-31,8.2,$17.08,0.48,$5.60,1.46,$-24.03,0.0,$-10.20,0.0,$0.02B,$0.01B,2.29,$0.01B,$0.05B,0.25,$0.01B,$0.01B,61.54%,$0.01B,$-0.03B,-223.08%,$0.01B,$-0.03B,-223.08%,$0.01B,$-0.03B,-200.00%,$0.01B,$-0.03B,-223.08%,$0.01B,$-0.03B,-200.00%,$-0.03B,$0.05B,-48.15%,$-0.03B,$-0.01B,2080.00%,$-0.03B,$0.08B,-28.42%,$-0.03B,$0.06B,-43.94%,$4,$2,$2,$0,$10,$12,$-8,$0,$-8,$0,$-8,$-8,$-8,$-7,$-8,$3,3,$-2.80,$-2.80,$17,$4,$0,$24,$2,$0,$54,$0,$57,$81,$11,$12,$7,$21,$31,$0,$-104,$0,$49,$81,$-8,$1,$1,$2,$0,$-0,$-0,$-0,$-1,$-6,$-0,$0,$0,$0,$0,$0,$0,$-0,$0,$0,$0,$0,$0,$0,$-3,$-3,$-9,$2,$0
11,2015-12-31,21.4,$18.95,1.13,$5.46,3.92,$-25.30,0.0,$-12.20,0.0,$0.03B,$0.01B,3.55,$0.01B,$0.05B,0.23,$0.01B,$0.01B,63.64%,$0.01B,$-0.03B,-263.64%,$0.01B,$-0.03B,-263.64%,$0.01B,$-0.03B,-236.36%,$0.01B,$-0.03B,-263.64%,$0.01B,$-0.03B,-236.36%,$-0.03B,$0.05B,-56.52%,$-0.03B,$-0.00B,-1155.56%,$-0.03B,$0.09B,-33.55%,$-0.03B,$0.07B,-52.97%,$3,$1,$2,$0,$9,$9,$-5,$0,$-5,$-0,$-5,$-5,$-4,$-4,$-5,$2,2,$-0.70,$-0.70,$26,$2,$0,$33,$2,$0,$55,$0,$57,$90,$9,$12,$15,$28,$37,$0,$-96,$0,$52,$90,$-26,$3,$4,$7,$-1,$-1,$1,$-1,$-3,$-22,$-0,$0,$-15,$0,$0,$0,$0,$-15,$14,$0,$14,$33,$33,$0,$-0,$46,$9,$9,$0
12,2015-09-30,31.7,$19.73,1.61,$5.13,6.18,$-24.83,0.0,$-14.00,0.0,$0.04B,$0.01B,2.83,$0.01B,$0.06B,0.22,$0.01B,$0.01B,60.00%,$0.01B,$-0.03B,-290.00%,$0.01B,$-0.03B,-290.00%,$0.01B,$-0.03B,-270.00%,$0.01B,$-0.03B,-290.00%,$0.01B,$-0.03B,-270.00%,$-0.03B,$0.06B,-69.68%,$-0.03B,$-0.00B,-432.00%,$-0.03B,$0.10B,-43.20%,$-0.03B,$0.07B,-65.54%,$4,$1,$3,$0,$10,$12,$-8,$1,$-7,$0,$-8,$-8,$-7,$-7,$-8,$3,3,$-2.60,$-2.60,$31,$3,$0,$38,$2,$0,$56,$0,$58,$95,$13,$12,$14,$27,$40,$0,$-92,$0,$55,$95,$-22,$2,$5,$7,$-1,$-2,$1,$-1,$-2,$-17,$-0,$0,$-15,$0,$0,$0,$0,$-15,$14,$0,$14,$33,$33,$0,$-0,$46,$14,$7,$0
13,2015-06-30,52.7,$21.51,2.45,$4.53,11.63,$-24.88,0.0,$-14.70,0.0,$0.04B,$0.01B,2.95,$0.01B,$0.06B,0.2,$0.01B,$0.00B,57.14%,$0.01B,$-0.03B,-371.43%,$0.01B,$-0.03B,-371.43%,$0.01B,$-0.03B,-357.14%,$0.01B,$-0.03B,-385.71%,$0.01B,$-0.03B,-357.14%,$-0.03B,$0.06B,-79.37%,$-0.03B,$0.00B,-232.56%,$-0.03B,$0.10B,-53.48%,$-0.03B,$0.07B,-75.91%,$2,$1,$1,$0,$8,$11,$-8,$-0,$-9,$-1,$-7,$-7,$-7,$-8,$-8,$2,2,$-3.20,$-3.20,$36,$3,$0,$42,$2,$0,$57,$0,$59,$100,$14,$12,$13,$27,$41,$0,$-85,$0,$60,$100,$-15,$1,$3,$4,$-1,$-1,$0,$-1,$-2,$-12,$-0,$0,$-15,$0,$0,$0,$0,$-15,$14,$0,$14,$32,$32,$0,$-0,$46,$19,$4,$0
14,2015-03-31,52.0,$10.07,5.17,$4.09,12.72,$-23.44,0.0,$-15.40,0.0,$0.02B,$0.00B,3.34,$0.00B,$0.02B,0.0,$0.01B,$0.00B,50.00%,$0.01B,$-0.02B,-400.00%,$0.01B,$-0.02B,-400.00%,$0.01B,$-0.02B,-383.33%,$0.01B,$-0.02B,-400.00%,$0.01B,$-0.02B,-400.00%,$-0.02B,$0.02B,-101.05%,$-0.02B,$0.01B,-160.00%,$-0.02B,$0.03B,-78.05%,$-0.02B,$0.02B,-101.05%,$2,$1,$1,$0,$7,$10,$-8,$0,$-8,$0,$-8,$-8,$-8,$-7,$-8,$2,2,$-4.80,$-4.80,$11,$2,$0,$15,$1,$0,$8,$0,$10,$25,$4,$0,$3,$3,$8,$0,$-78,$0,$17,$25,$-8,$0,$2,$2,$-0,$-0,$0,$-0,$-1,$-6,$-0,$0,$0,$0,$0,$0,$0,$-0,$0,$0,$0,$0,$0,$0,$-0,$0,$-6,$2,$0
15,2014-12-31,53.0,$13.89,3.81,$3.25,16.31,$-21.90,0.0,$-17.90,0.0,$0.02B,$0.00B,4.75,$0.00B,$0.02B,0.0,$0.01B,$0.00B,40.00%,$0.01B,$-0.03B,-500.00%,$0.01B,$-0.03B,-500.00%,$0.01B,$-0.03B,-500.00%,$0.01B,$-0.03B,-500.00%,$0.01B,$-0.03B,-500.00%,$-0.03B,$0.02B,-112.36%,$-0.03B,$0.01B,-166.67%,$-0.03B,$0.03B,-88.50%,$-0.03B,$0.02B,-112.36%,$2,$1,$1,$0,$6,$7,$-5,$-0,$-5,$0,$-5,$-5,$-5,$-5,$-5,$1,1,$-2.90,$-2.90,$17,$1,$0,$20,$1,$0,$8,$0,$10,$30,$4,$0,$3,$3,$7,$0,$-70,$0,$23,$30,$-25,$1,$11,$12,$-1,$-0,$1,$0,$0,$-13,$-0,$-0,$-2,$0,$0,$0,$0,$-2,$0,$0,$0,$21,$21,$0,$-1,$20,$5,$11,$0
16,2014-09-30,48.5,$16.19,3.0,$2.77,17.52,$-19.56,0.0,$-31.30,0.0,$0.02B,$0.00B,6.76,$0.00B,$0.03B,0.0,$0.00B,$0.00B,33.33%,$0.00B,$-0.03B,-1100.00%,$0.00B,$-0.03B,-1100.00%,$0.00B,$-0.03B,-1100.00%,$0.00B,$-0.04B,-1166.67%,$0.00B,$-0.04B,-1166.67%,$-0.04B,$0.03B,-175.00%,$-0.04B,$0.02B,-245.61%,$-0.04B,$0.03B,-140.00%,$-0.03B,$0.03B,-165.00%,$1,$1,$1,$0,$5,$7,$-5,$0,$-5,$0,$-5,$-5,$-5,$-5,$-5,$2,2,$-3.30,$-3.30,$20,$1,$0,$22,$2,$0,$9,$0,$10,$32,$3,$0,$3,$3,$6,$0,$-65,$0,$26,$32,$-20,$1,$9,$10,$-1,$-0,$0,$0,$-0,$-10,$-0,$-0,$-2,$0,$0,$0,$0,$-2,$0,$0,$0,$21,$21,$0,$-1,$20,$8,$9,$0
17,2014-06-30,55.0,$18.16,3.03,$2.43,22.62,$-17.47,0.0,$-31.10,0.0,$0.03B,$0.00B,6.7,$0.00B,$0.03B,0.0,$0.00B,0,0.00%,$0.00B,$-0.03B,-1500.00%,$0.00B,$-0.03B,-1500.00%,$0.00B,$-0.03B,-1500.00%,$0.00B,$-0.03B,-1600.00%,$0.00B,$-0.03B,-1600.00%,$-0.03B,$0.03B,-196.92%,$-0.03B,$0.02B,-320.00%,$-0.03B,$0.04B,-156.10%,$-0.03B,$0.03B,-184.62%,$1,$1,$0,$0,$6,$7,$-6,$0,$-6,$0,$-6,$-6,$-6,$-6,$-6,$2,2,$-3.90,$-3.90,$24,$1,$0,$25,$2,$0,$9,$0,$11,$36,$4,$0,$3,$3,$7,$0,$-60,$0,$29,$36,$-15,$0,$7,$8,$-0,$-0,$1,$1,$1,$-6,$-0,$-0,$-2,$0,$0,$0,$0,$-2,$0,$0,$0,$21,$21,$0,$-0,$20,$12,$7,$0
18,2014-03-31,84.3,$8.98,9.39,$2.55,33.1,$-15.86,0.0,$-27.20,0.0,$0.01B,$0.00B,3.0,$0.00B,$0.01B,0.0,$0.00B,0,0.00%,$0.00B,$-0.03B,-2600.00%,$0.00B,$-0.03B,-2600.00%,$0.00B,$-0.03B,-2600.00%,$0.00B,$-0.03B,-2800.00%,$0.00B,$-0.03B,-2800.00%,$-0.03B,$0.01B,-228.57%,$-0.03B,$0.01B,-509.09%,$-0.03B,$0.02B,-183.61%,$-0.03B,$0.01B,-212.24%,$1,$1,$-0,$0,$9,$9,$-9,$-0,$-9,$0,$-9,$-9,$-9,$-9,$-9,$1,1,$-7.30,$-7.30,$10,$1,$0,$10,$2,$0,$3,$0,$4,$15,$3,$0,$0,$0,$4,$0,$-54,$0,$11,$15,$-9,$0,$5,$6,$-0,$0,$0,$1,$1,$-3,$-0,$-0,$0,$0,$0,$0,$0,$-0,$0,$0,$0,$0,$0,$0,$-0,$0,$-2,$5,$0
19,2013-12-31,72.5,$12.15,5.97,$2.73,26.6,$-14.96,0.0,$-24.40,0.0,$0.01B,$0.00B,3.83,$0.00B,$0.01B,0.0,$0.00B,0,nan%,$0.00B,$-0.02B,inf%,$0.00B,$-0.02B,inf%,$0.00B,$-0.02B,inf%,$0.00B,$-0.02B,inf%,$0.00B,$-0.02B,inf%,$-0.02B,$0.01B,-179.59%,$-0.02B,$0.01B,-676.92%,$-0.02B,$0.02B,-149.15%,$-0.02B,$0.01B,-155.10%,$0,$1,$-0,$0,$5,$14,$-13,$-2,$-15,$0,$-15,$-15,$-15,$-13,$-13,$1,1,$-20.50,$-20.50,$12,$1,$0,$13,$2,$0,$3,$0,$5,$17,$3,$0,$0,$0,$3,$0,$-45,$0,$14,$17,$-22,$1,$16,$16,$-0,$-0,$0,$1,$1,$-5,$-0,$-0,$0,$0,$0,$0,$0,$-0,$0,$0,$0,$16,$17,$0,$0,$17,$12,$6,$0
20,2013-09-30,30.63,$0.36,83.93,$2.81,10.89,$-12.03,0.0,$-7.60,0.0,$0.00B,$0.00B,0.41,$0.00B,$0.01B,0.0,$0.00B,0,nan%,$0.00B,$-0.01B,inf%,$0.00B,$-0.01B,inf%,$0.00B,$-0.01B,inf%,$0.00B,$-0.01B,inf%,$0.00B,$-0.01B,inf%,$-0.01B,$0.01B,-76.60%,$-0.01B,$0.00B,-1200.00%,$-0.01B,$0.01B,-64.29%,$-0.01B,$0.01B,-68.09%,$0,$1,$-0,$0,$2,$3,$-2,$0,$-2,$0,$-2,$-2,$-2,$-2,$-2,$1,1,$-3.10,$-3.10,$0,$0,$0,$1,$2,$0,$11,$0,$13,$14,$2,$0,$0,$0,$2,$0,$-30,$0,$11,$14,$-7,$0,$3,$4,$-0,$0,$-0,$0,$0,$-3,$0,$0,$0,$0,$0,$0,$0,$0,$0,$0,$0,$3,$3,$0,$0,$3,$0,$3,$0
21,2013-06-30,30.63,$0.42,72.64,$2.21,13.85,$-7.68,0.0,$-4.50,0.0,$0.00B,$0.00B,1.31,$0.00B,$0.01B,0.0,$0.00B,0,nan%,$0.00B,$-0.01B,inf%,$0.00B,$-0.01B,inf%,$0.00B,$-0.01B,inf%,$0.00B,$-0.01B,inf%,$0.00B,$-0.01B,inf%,$-0.01B,$0.01B,-65.31%,$-0.01B,$0.00B,-640.00%,$-0.01B,$0.02B,-57.14%,$-0.01B,$0.01B,-57.14%,$0,$0,$0,$0,$2,$3,$-2,$0,$-2,$0,$-2,$-2,$-2,$-2,$-2,$1,1,$-3.30,$-3.30,$2,$0,$0,$3,$2,$0,$11,$0,$13,$15,$2,$0,$0,$0,$2,$0,$-27,$0,$13,$15,$-5,$0,$3,$3,$-0,$-0,$-0,$0,$0,$-2,$-0,$0,$0,$0,$0,$0,$0,$-0,$0,$0,$0,$3,$3,$0,$0,$3,$2,$2,$0
22,2013-03-31,39.38,$0.42,94.88,$1.43,27.6,$-5.15,0.0,$-4.50,0.0,$0.00B,$0.00B,0.3,$0.00B,$0.01B,0.0,$0.00B,0,nan%,$0.00B,$-0.01B,inf%,$0.00B,$-0.01B,inf%,$0.00B,$-0.01B,inf%,$0.00B,$-0.01B,inf%,$0.00B,$-0.01B,inf%,$-0.01B,$0.01B,-57.14%,$-0.01B,$0.00B,-560.00%,$-0.01B,$0.01B,-50.91%,$-0.01B,$0.01B,-48.98%,$0,$0,$-0,$0,$2,$2,$-2,$-1,$-3,$0,$-3,$-3,$-3,$-2,$-2,$1,1,$-4.50,$-4.50,$0,$0,$0,$1,$2,$0,$11,$0,$13,$13,$2,$0,$0,$0,$2,$0,$-25,$0,$11,$13,$-3,$0,$2,$2,$-0,$-0,$0,$0,$0,$-1,$0,$0,$0,$0,$0,$0,$0,$0,$0,$0,$0,$1,$1,$0,$0,$1,$-0,$1,$0
23,2012-12-31,21.88,$20.51,1.07,$0.78,28.07,$-3.95,0.0,0,0.0,$0.00B,$0.00B,0.58,$0.00B,$0.01B,0.0,$0.00B,0,nan%,$0.00B,$-0.01B,inf%,$0.00B,$-0.01B,inf%,$0.00B,$-0.01B,inf%,$0.00B,$-0.01B,inf%,$0.00B,$-0.01B,inf%,$-0.01B,$0.01B,-38.46%,$-0.01B,$0.00B,-250.00%,$-0.01B,$0.01B,-35.71%,$-0.01B,$0.01B,-38.46%,$0,$0,$-0,$0,$2,$2,$-2,$-0,$-2,$0,$-2,$-2,$-2,$-2,$-2,$1,1,$-9.00,$-9.00,$0,$0,$0,$1,$2,$0,$11,$0,$13,$14,$2,$0,$0,$0,$2,$0,$-23,$0,$12,$14,$-5,$1,$2,$3,$-0,$-0,$0,$0,$0,$-2,$-0,$0,$0,$0,$0,$0,$0,$-0,$0,$0,$0,$2,$2,$0,$0,$2,$0,$2,$0
24,2012-09-30,17.5,$0.53,32.72,$0.04,402.22,$-0.25,0.0,0,0.0,$0.00B,$0.00B,0.88,$0.00B,$0.01B,0.0,$0.00B,0,nan%,$0.00B,$-0.01B,inf%,$0.00B,$-0.01B,inf%,$0.00B,$-0.00B,inf%,$0.00B,$-0.01B,inf%,$0.00B,$-0.01B,inf%,$-0.01B,$0.01B,-96.30%,$-0.01B,$0.00B,-520.00%,$-0.01B,$0.01B,-92.86%,$-0.01B,$0.01B,-96.30%,$0,$0,$-0,$0,$1,$1,$-1,$0,$-1,$0,$-1,$-1,$-1,$-1,$-1,$24,24,$0.00,$0.00,$0,$0,$0,$1,$2,$0,$11,$0,$13,$14,$1,$0,$0,$0,$1,$0,$-21,$0,$13,$14,$-3,$0,$1,$1,$-0,$-0,$0,$-0,$0,$-1,$-0,$0,$0,$0,$0,$0,$0,$-0,$0,$0,$0,$1,$1,$0,$0,$1,$-0,$1,$0
25,2012-06-30,21.88,$0.56,38.95,$0.05,457.27,$-0.28,0.0,0,0.0,$0.00B,$0.00B,1.24,$0.00B,$0.01B,0.0,$0.00B,0,nan%,$0.00B,$-0.01B,inf%,$0.00B,$-0.01B,inf%,$0.00B,$-0.00B,inf%,$0.00B,$-0.01B,inf%,$0.00B,$-0.01B,inf%,$-0.01B,$0.01B,-80.00%,$-0.01B,$0.00B,-472.73%,$-0.01B,$0.01B,-78.79%,$-0.01B,$0.01B,-80.00%,$0,$0,$-0,$0,$1,$2,$-1,$0,$-1,$0,$-1,$-1,$-1,$-1,$-1,$23,23,$-0.10,$-0.10,$0,$0,$0,$1,$2,$0,$11,$0,$13,$14,$1,$0,$0,$0,$1,$0,$-20,$0,$13,$14,$-2,$0,$1,$1,$-0,$0,$0,$-0,$0,$-1,$-0,$0,$0,$0,$0,$0,$0,$-0,$0,$0,$0,$1,$1,$0,$0,$1,$-0,$1,$0
26,2012-03-31,26.25,$0.60,43.98,$0.08,339.06,$-0.29,0.0,0,0.0,$0.00B,$0.00B,2.52,$0.00B,$0.01B,0.0,$0.00B,0,0.00%,$0.00B,$-0.01B,-1300.00%,$0.00B,$-0.01B,-1300.00%,$0.00B,$-0.00B,-300.00%,$0.00B,$-0.01B,-1300.00%,$0.00B,$-0.01B,-1300.00%,$-0.01B,$0.01B,-68.42%,$-0.01B,$0.00B,-400.00%,$-0.01B,$0.01B,-67.53%,$-0.01B,$0.01B,-68.42%,$0,$0,$-0,$0,$0,$1,$-1,$0,$-1,$0,$-1,$-1,$-1,$-1,$-1,$22,22,$0.00,$0.00,$1,$0,$0,$1,$2,$0,$11,$0,$13,$14,$0,$0,$0,$0,$0,$0,$-19,$0,$14,$14,$-1,$0,$0,$0,$0,$0,$0,$0,$0,$-1,$-0,$0,$0,$0,$0,$0,$0,$-0,$0,$0,$0,$1,$1,$0,$0,$1,$0,$0,$0
27,2011-12-31,26.25,$0.65,40.25,$0.09,296.49,$-0.29,0.0,0,0.0,$0.00B,$0.00B,1.79,$0.00B,$0.01B,0.0,$0.00B,0,0.00%,$0.00B,$-0.01B,-1400.00%,$0.00B,$-0.01B,-1400.00%,$0.00B,$-0.00B,-400.00%,$0.00B,$-0.01B,-1400.00%,$0.00B,$-0.01B,-1400.00%,$-0.01B,$0.01B,-64.37%,$-0.01B,$0.00B,-400.00%,$-0.01B,$0.01B,-63.64%,$-0.01B,$0.01B,-64.37%,$0,$0,$-0,$0,$0,$10,$-10,$0,$-10,$0,$-10,$-10,$-10,$-1,$-10,$21,21,$-0.60,$-0.60,$0,$0,$0,$1,$2,$0,$11,$0,$13,$14,$0,$0,$0,$0,$0,$0,$-18,$0,$14,$14,$-14,$10,$2,$12,$0,$-0,$0,$-0,$-0,$-2,$-0,$0,$0,$0,$0,$0,$0,$0,$0,$0,$0,$1,$1,$0,$0,$1,$-1,$2,$0
28,2011-09-30,30.63,$1.14,26.89,$0.11,288.26,$-0.29,0.0,0,0.0,$0.00B,$0.00B,3.66,$0.00B,$0.02B,0.0,$0.00B,0,0.00%,$0.00B,$-0.01B,-500.00%,$0.00B,$-0.01B,-500.00%,$0.00B,$-0.00B,-400.00%,$0.00B,$-0.01B,-500.00%,$0.00B,$-0.01B,-500.00%,$-0.01B,$0.02B,-20.41%,$-0.01B,$0.00B,-133.33%,$-0.01B,$0.02B,-20.20%,$-0.01B,$0.02B,-20.41%,$0,$0,$-0,$0,$1,$1,$-1,$0,$-1,$0,$-1,$-1,$-1,$-1,$-1,$21,21,$0.00,$0.00,$1,$0,$0,$1,$2,$0,$21,$0,$23,$24,$0,$0,$0,$0,$0,$0,$-8,$0,$24,$24,$-4,$0,$2,$2,$0,$-0,$0,$-0,$0,$-1,$-0,$0,$0,$0,$0,$0,$0,$0,$0,$0,$0,$1,$1,$0,$0,$1,$-0,$2,$0
29,2011-06-30,39.38,$1.17,33.63,$0.10,392.56,$-0.26,0.0,0,0.0,$0.00B,$0.00B,8.07,$0.00B,$0.02B,0.0,$0.00B,0,0.00%,$0.00B,$-0.01B,-500.00%,$0.00B,$-0.01B,-500.00%,$0.00B,$-0.00B,-400.00%,$0.00B,$-0.01B,-500.00%,$0.00B,$-0.01B,-500.00%,$-0.01B,$0.02B,-20.00%,$-0.01B,$0.00B,-117.65%,$-0.01B,$0.03B,-19.80%,$-0.01B,$0.02B,-20.00%,$1,$1,$0,$0,$1,$2,$-1,$0,$-1,$0,$-1,$-1,$-1,$-0,$-1,$21,21,$0.00,$0.00,$2,$0,$0,$2,$2,$0,$21,$0,$23,$25,$0,$0,$0,$0,$0,$0,$-7,$0,$24,$25,$-3,$0,$1,$2,$-0,$-0,$-0,$-0,$-0,$-1,$-0,$0,$0,$0,$0,$0,$0,$0,$0,$0,$0,$1,$1,$0,$0,$1,$0,$1,$0
30,2011-03-31,78.75,$1.21,65.18,$0.09,897.85,$-0.26,0.0,0,0.0,$0.00B,$0.00B,5.08,$0.00B,$0.03B,0.0,$0.00B,0,nan%,$0.00B,$-0.00B,inf%,$0.00B,$-0.00B,inf%,$0.00B,$-0.00B,inf%,$0.00B,$-0.01B,inf%,$0.00B,$-0.01B,inf%,$-0.01B,$0.03B,-19.61%,$-0.01B,$0.00B,-111.11%,$-0.01B,$0.03B,-19.61%,$-0.00B,$0.03B,-15.69%,$0,$0,$-0,$0,$2,$3,$-2,$0,$-2,$0,$-2,$-2,$-2,$-2,$-2,$20,20,$-0.10,$-0.10,$2,$0,$0,$3,$2,$0,$21,$0,$23,$25,$0,$0,$0,$0,$1,$0,$-6,$0,$25,$25,$-2,$0,$1,$1,$-0,$-0,$0,$0,$0,$-1,$-0,$0,$0,$0,$0,$0,$0,$0,$0,$0,$0,$1,$1,$0,$0,$1,$0,$1,$0
31,2010-12-31,70.0,$1.24,56.37,$0.10,717.6,$-0.24,0.0,0,0.0,$0.00B,$0.00B,6.12,$0.00B,$0.03B,0.0,$0.00B,0,nan%,$0.00B,$-0.00B,inf%,$0.00B,$-0.00B,inf%,$0.00B,$-0.00B,inf%,$0.00B,$-0.00B,inf%,$0.00B,$-0.00B,inf%,$-0.00B,$0.03B,-15.19%,$-0.00B,$0.00B,-75.00%,$-0.00B,$0.03B,-15.19%,$-0.00B,$0.03B,-10.13%,$0,$0,$-0,$0,$1,$2,$-1,$-0,$-1,$0,$-1,$-1,$-1,$-1,$-1,$16,16,$0.00,$0.00,$2,$0,$0,$2,$2,$0,$21,$0,$23,$25,$0,$0,$0,$0,$0,$0,$-4,$0,$25,$25,$-3,$1,$1,$1,$0,$-0,$0,$-0,$0,$-2,$-0,$0,$2,$0,$0,$0,$-0,$1,$0,$0,$0,$2,$2,$0,$0,$2,$1,$1,$0
32,2010-09-30,56.88,$1.28,44.36,$0.15,387.14,$-0.15,0.0,0,0.0,$0.00B,$0.00B,8.02,$0.00B,$0.03B,0.0,$0.00B,0,0.00%,$0.00B,$-0.00B,-100.00%,$0.00B,$-0.00B,-100.00%,$0.00B,$-0.00B,-100.00%,$0.00B,$-0.00B,-200.00%,$0.00B,$-0.00B,-200.00%,$-0.00B,$0.03B,-13.11%,$-0.00B,$0.01B,-53.33%,$-0.00B,$0.03B,-13.11%,$-0.00B,$0.03B,-6.56%,$0,$0,$-0,$0,$0,$1,$-1,$0,$-1,$0,$-1,$-1,$-1,$-1,$-1,$20,20,$0.00,$0.00,$2,$0,$0,$3,$2,$0,$21,$0,$23,$26,$0,$0,$0,$0,$0,$0,$-3,$0,$26,$26,$-2,$0,$-0,$0,$0,$-0,$0,$-0,$0,$-1,$-0,$0,$2,$0,$0,$0,$-1,$1,$0,$0,$0,$2,$2,$0,$0,$2,$2,$0,$0
33,2010-06-30,56.88,$1.32,43.21,$0.23,251.81,$-0.12,0.0,0,0.0,$0.00B,$0.00B,15.29,$0.00B,$0.03B,0.0,$0.00B,0,0.00%,$0.00B,0,0.00%,$0.00B,0,0.00%,$0.00B,0,0.00%,$0.00B,$-0.00B,-50.00%,$0.00B,$-0.00B,-50.00%,$-0.00B,$0.03B,-11.11%,$-0.00B,$0.01B,-36.36%,$-0.00B,$0.03B,-10.81%,$0.00B,$0.03B,0.00%,$0,$0,$-0,$0,$0,$1,$-0,$-0,$-1,$0,$-1,$-1,$-1,$-0,$-0,$15,15,$0.00,$0.00,$3,$0,$0,$3,$2,$0,$21,$0,$23,$26,$0,$0,$0,$0,$0,$0,$-2,$0,$26,$26,$-1,$0,$-0,$0,$0,$-0,$-0,$0,$-0,$-1,$-0,$0,$2,$0,$0,$0,$-1,$1,$0,$0,$0,$2,$2,$0,$0,$2,$2,$0,$0
34,2010-03-31,61.25,$0.20,313.46,$0.26,231.19,$-0.08,0.0,0,0.0,$0.00B,$0.00B,20.45,$0.00B,$0.00B,0.0,$0.00B,0,0.00%,$0.00B,0,0.00%,$0.00B,0,0.00%,$0.00B,0,0.00%,$0.00B,0,0.00%,$0.00B,0,0.00%,$0.00B,$0.00B,0.00%,$0.00B,$0.00B,0.00%,$0.00B,$0.00B,0.00%,$0.00B,$0.00B,0.00%,$0,$0,$-0,$0,$0,$1,$-0,$0,$-0,$0,$-0,$-0,$-0,$-0,$-0,$8,8,$0.00,$0.00,$2,$0,$0,$2,$0,$0,$0,$0,$0,$2,$0,$0,$0,$0,$0,$0,$-21,$0,$2,$2,$-0,$0,$0,$0,$0,$-0,$0,$0,$0,$-0,$-0,$0,$0,$0,$0,$0,$0,$-0,$0,$0,$0,$0,$0,$0,$0,$0,$-0,$0,$0
35,2009-12-31,65.63,$0.85,77.35,$0.24,279.1,$-0.11,0.0,0,0.0,$0.00B,$0.00B,3.27,$0.00B,$0.01B,0.0,$0.00B,0,0.00%,$0.00B,0,0.00%,$0.00B,0,0.00%,$0.00B,0,0.00%,$0.00B,$-0.00B,-50.00%,$0.00B,$-0.00B,-50.00%,$-0.00B,$0.01B,-30.77%,$-0.00B,$0.00B,-44.44%,$-0.00B,$0.01B,-28.57%,$0.00B,$0.01B,0.00%,$1,$1,$-0,$0,$-0,$1,$-0,$0,$0,$0,$0,$0,$0,$0,$-0,$8,8,$0.00,$0.00,$0,$0,$0,$1,$2,$0,$4,$0,$6,$7,$0,$0,$0,$0,$0,$0,$-1,$0,$7,$7,$-1,$1,$0,$1,$-0,$-0,$0,$-0,$0,$-0,$-0,$0,$0,$0,$0,$0,$0,$-0,$0,$0,$0,$0,$0,$0,$0,$0,$0,$0,$0
36,2009-09-30,100.63,$0.15,686.39,$0.16,627.72,$-0.32,0.0,0,0.0,$0.00B,$0.00B,2.9,$0.00B,$0.00B,0.0,$0.00B,0,0.00%,$0.00B,$-0.00B,-100.00%,$0.00B,$-0.00B,-100.00%,$0.00B,$-0.00B,-100.00%,$0.00B,$-0.00B,-200.00%,$0.00B,$-0.00B,-200.00%,$-0.00B,$0.00B,-88.89%,$-0.00B,$0.00B,-88.89%,$-0.00B,$0.00B,-80.00%,$-0.00B,$0.00B,-44.44%,$1,$1,$-0,$0,$0,$1,$-0,$-0,$-0,$0,$-0,$-0,$-0,$0,$-0,$5,5,$0.00,$0.00,$2,$0,$0,$2,$0,$0,$0,$0,$0,$2,$1,$0,$0,$0,$1,$0,$-19,$0,$1,$2,$-1,$0,$0,$0,$-0,$0,$0,$0,$-0,$-0,$-0,$0,$0,$0,$0,$0,$0,$-0,$0,$0,$0,$0,$0,$0,$0,$0,$0,$0,$0
37,2009-06-30,83.13,$0.19,428.48,$0.07,1236.87,$-0.44,0.0,0,0.0,$0.00B,$0.00B,18.25,$0.00B,$0.00B,0.0,$0.00B,0,nan%,$0.00B,$-0.00B,inf%,$0.00B,$-0.00B,inf%,$0.00B,$-0.00B,inf%,$0.00B,$-0.00B,inf%,$0.00B,$-0.00B,inf%,$-0.00B,$0.00B,-100.00%,$-0.00B,$0.00B,-100.00%,$-0.00B,$0.00B,-100.00%,$-0.00B,$0.00B,-66.67%,$0,$0,$-0,$0,$0,$0,$-0,$-0,$-0,$0,$-0,$-0,$-0,$0,$-0,$5,5,$0.00,$0.00,$2,$0,$0,$2,$0,$0,$0,$0,$0,$2,$0,$0,$1,$1,$1,$0,$-19,$0,$2,$2,$-0,$0,$0,$0,$0,$-0,$0,$-0,$0,$-0,$-0,$0,$0,$0,$0,$0,$0,$-0,$0,$0,$0,$0,$0,$0,$0,$0,$0,$0,$0
38,2009-03-31,96.25,$0.28,342.4,0,0.0,$-0.55,0.0,0,0.0,$0.00B,$0.00B,10.95,$0.00B,$0.00B,0.0,$0.00B,0,nan%,$0.00B,$-0.00B,inf%,$0.00B,$-0.00B,inf%,$0.00B,$-0.00B,inf%,$0.00B,$-0.00B,inf%,$0.00B,$-0.00B,inf%,$-0.00B,$0.00B,-114.29%,$-0.00B,$0.00B,-114.29%,$-0.00B,$0.00B,-114.29%,$-0.00B,$0.00B,-85.71%,$0,$0,$0,$0,$0,$0,$-0,$-0,$-1,$0,$-1,$-1,$-1,$-0,$-0,$9,9,$-0.10,$-0.10,$3,$0,$0,$3,$0,$0,$0,$0,$0,$3,$0,$0,$0,$0,$0,$0,$-20,$0,$3,$3,$-1,$0,$1,$1,$0,$0,$-0,$0,$-0,$-0,$0,$0,$0,$0,$0,$0,$0,$0,$0,$0,$0,$0,$0,$0,$0,$0,$-0,$0,$0
39,2008-12-31,70.0,$0.31,222.79,0,0.0,$-0.57,0.0,0,0.0,$0.00B,$0.00B,30.23,$0.00B,$0.00B,0.0,$0.00B,0,nan%,$0.00B,$-0.00B,inf%,$0.00B,$-0.00B,inf%,$0.00B,$-0.00B,inf%,$0.00B,$-0.00B,inf%,$0.00B,$-0.00B,inf%,$-0.00B,$0.00B,-160.00%,$-0.00B,$0.00B,-160.00%,$-0.00B,$0.00B,-145.45%,$-0.00B,$0.00B,-160.00%,$0,$0,$0,$1,$0,$1,$-1,$0,$-1,$0,$-1,$-1,$-1,$-1,$-1,$9,9,$0.00,$0.00,$3,$0,$0,$3,$0,$0,$0,$0,$0,$3,$0,$0,$0,$0,$0,$0,$-19,$0,$3,$3,$-4,$1,$1,$2,$0,$0,$-0,$-0,$-0,$-2,$0,$0,$0,$0,$0,$0,$0,$0,$0,$0,$0,$5,$5,$0,$0,$5,$3,$1,$0
40,2008-09-30,87.5,$0.41,214.67,0,0.0,$-0.59,0.0,0,0.0,$0.00B,$0.00B,75.81,$0.00B,$0.00B,0.0,$0.00B,0,nan%,$0.00B,$-0.00B,inf%,$0.00B,$-0.00B,inf%,$0.00B,$-0.00B,inf%,$0.00B,$-0.00B,inf%,$0.00B,$-0.00B,inf%,$-0.00B,$0.00B,-266.67%,$-0.00B,$0.00B,-266.67%,$-0.00B,$0.00B,-177.78%,$-0.00B,$0.00B,-228.57%,$0,$0,$0,$0,$0,$1,$-1,$0,$-1,$0,$-1,$-1,$-1,$-1,$-1,$9,9,$-0.10,$-0.10,$4,$0,$0,$4,$0,$0,$0,$0,$0,$4,$0,$0,$0,$0,$0,$0,$-18,$-0,$4,$4,$-3,$1,$1,$1,$0,$0,$-0,$-0,$-0,$-1,$0,$0,$0,$0,$0,$0,$0,$0,$0,$0,$0,$5,$5,$0,$0,$5,$3,$1,$0
41,2008-06-30,196.88,$0.45,438.77,0,0.0,$-0.64,0.0,0,0.0,$0.00B,$0.00B,96.25,$0.00B,$0.00B,0.0,$0.00B,0,nan%,$0.00B,$-0.00B,inf%,$0.00B,$-0.00B,inf%,$0.00B,$-0.00B,inf%,$0.00B,$-0.01B,inf%,$0.00B,$-0.01B,inf%,$-0.01B,$0.00B,-1000.00%,$-0.01B,$0.00B,-1000.00%,$-0.01B,$0.00B,-333.33%,$-0.00B,$0.00B,-400.00%,$0,$0,$0,$0,$0,$1,$-1,$-0,$-1,$0,$-1,$-1,$-1,$-1,$-1,$8,8,$-0.10,$-0.10,$4,$0,$0,$4,$0,$0,$0,$0,$0,$4,$0,$0,$0,$0,$0,$0,$-18,$0,$4,$4,$-2,$1,$0,$1,$0,$0,$-0,$-0,$-0,$-1,$0,$0,$0,$0,$0,$0,$0,$0,$0,$0,$0,$5,$5,$0,$0,$5,$3,$0,$0
42,2008-03-31,205.63,$-0.11,-1845.83,0,0.0,$-0.62,0.0,0,0.0,$0.00B,$0.00B,0.14,$0.00B,$-0.00B,0.0,$0.00B,0,nan%,$0.00B,$-0.00B,inf%,$0.00B,$-0.00B,inf%,$0.00B,$-0.00B,inf%,$0.00B,$-0.01B,inf%,$0.00B,$-0.01B,inf%,$-0.01B,$-0.00B,1000.00%,$-0.01B,$-0.00B,1000.00%,$-0.01B,$0.00B,-500.00%,$-0.00B,$-0.00B,-533.33%,$0,$0,$0,$0,$0,$1,$-1,$-1,$-1,$0,$-1,$-1,$-1,$0,$-1,$8,8,$-0.20,$-0.20,$0,$0,$0,$0,$0,$0,$0,$0,$0,$0,$1,$0,$0,$0,$1,$0,$-17,$0,$-1,$0,$-1,$1,$0,$1,$0,$0,$0,$0,$0,$-0,$0,$0,$0,$0,$0,$0,$0,$0,$0,$0,$0,$0,$0,$0,$0,$0,$-0,$0,$0
43,2007-12-31,161.88,$-0.07,-2276.72,0,0.0,$-0.62,0.0,0,0.0,$0.00B,$0.00B,0.49,$0.00B,$-0.00B,-1.39,$0.00B,0,nan%,$0.00B,$-0.00B,inf%,$0.00B,$-0.00B,inf%,$0.00B,$-0.00B,inf%,$0.00B,$-0.01B,inf%,$0.00B,$-0.01B,inf%,$-0.01B,$-0.00B,1000.00%,$-0.01B,$-0.00B,1000.00%,$-0.01B,$0.00B,-500.00%,$-0.00B,$0.00B,-533.33%,$0,$0,$0,$0,$0,$1,$-1,$-1,$-1,$0,$-1,$-1,$-1,$0,$-1,$7,7,$-0.20,$-0.20,$1,$0,$0,$1,$0,$0,$0,$0,$0,$1,$1,$1,$-0,$0,$1,$0,$-16,$-0,$-1,$1,$-4,$2,$1,$3,$0,$0,$-0,$-0,$-0,$-2,$-0,$-0,$0,$0,$0,$0,$0,$-0,$2,$0,$2,$0,$0,$0,$-0,$2,$0,$1,$0
44,2007-09-30,350.0,$-0.03,-12727.27,0,0.0,$-0.56,0.0,0,0.0,$0.00B,$0.00B,0.95,$0.00B,$0.00B,-6.83,$0.00B,0,nan%,$0.00B,$-0.00B,inf%,$0.00B,$-0.00B,inf%,$0.00B,$-0.00B,inf%,$0.00B,$-0.01B,inf%,$0.00B,$-0.01B,inf%,$-0.01B,$0.00B,1000.00%,$-0.01B,$0.00B,1000.00%,$-0.01B,$0.00B,-666.67%,$-0.00B,$0.00B,-800.00%,$0,$0,$0,$0,$0,$1,$-1,$-1,$-2,$0,$-2,$-2,$-2,$0,$-1,$7,7,$-0.20,$-0.20,$1,$0,$0,$1,$0,$0,$0,$0,$0,$1,$1,$1,$-1,$0,$2,$0,$-15,$-0,$-0,$1,$-3,$1,$1,$2,$0,$0,$-0,$0,$-0,$-1,$-0,$0,$0,$0,$0,$0,$0,$-0,$2,$0,$2,$0,$0,$0,$-0,$2,$1,$1,$0
45,2007-06-30,332.5,$0.04,7661.29,0,0.0,$-0.50,0.0,0,0.0,$0.00B,$0.00B,1.42,$0.00B,$0.00B,7.83,$0.00B,0,nan%,$0.00B,$-0.00B,inf%,$0.00B,$-0.00B,inf%,$0.00B,$-0.00B,inf%,$0.00B,$-0.00B,inf%,$0.00B,$-0.00B,inf%,$-0.00B,$0.00B,533.33%,$-0.00B,$0.00B,533.33%,$-0.00B,$0.00B,-800.00%,$-0.00B,$0.00B,inf%,$0,$0,$0,$0,$0,$1,$-1,$-0,$-1,$0,$-1,$-1,$-1,$-1,$-1,$7,7,$-0.10,$-0.10,$2,$0,$0,$2,$0,$0,$0,$0,$0,$2,$1,$3,$-2,$0,$2,$0,$-13,$0,$0,$2,$-2,$0,$1,$1,$0,$0,$-0,$0,$-0,$-1,$-0,$0,$0,$0,$0,$0,$0,$-0,$2,$0,$2,$0,$0,$0,$-0,$2,$1,$1,$0
46,2007-03-31,271.25,$-0.16,-1698.5,0,0.0,$-0.45,0.0,0,0.0,$0.00B,$0.00B,0.07,$0.00B,$-0.00B,0.0,$0.00B,0,nan%,$0.00B,$-0.00B,inf%,$0.00B,$-0.00B,inf%,$0.00B,$-0.00B,inf%,$0.00B,$-0.00B,inf%,$0.00B,$-0.00B,inf%,$-0.00B,$-0.00B,400.00%,$-0.00B,$-0.00B,400.00%,$-0.00B,$0.00B,inf%,$-0.00B,$-0.00B,400.00%,$0,$0,$0,$0,$1,$1,$-1,$-0,$-1,$0,$-1,$-1,$-1,$-1,$-1,$7,7,$-0.10,$-0.10,$0,$0,$0,$0,$0,$0,$0,$0,$0,$0,$1,$0,$0,$0,$1,$0,$-12,$0,$-1,$0,$-1,$0,$0,$0,$0,$0,$-0,$0,$-0,$-0,$-0,$0,$0,$0,$0,$0,$0,$-0,$0,$0,$0,$0,$0,$0,$0,$0,$-0,$0,$0
47,2006-12-31,245.0,$-0.15,-1683.85,0,0.0,$-0.45,0.0,0,0.0,$0.00B,$0.00B,0.19,$0.00B,$-0.00B,0.0,$0.00B,0,nan%,$0.00B,$-0.00B,inf%,$0.00B,$-0.00B,inf%,$0.00B,$-0.00B,inf%,$0.00B,$-0.00B,inf%,$0.00B,$-0.00B,inf%,$-0.00B,$-0.00B,400.00%,$-0.00B,$-0.00B,400.00%,$-0.00B,$0.00B,inf%,$-0.00B,$-0.00B,400.00%,$0,$0,$0,$0,$0,$1,$-1,$-0,$-1,$0,$-1,$-1,$-1,$-1,$-1,$7,7,$-0.20,$-0.20,$0,$0,$0,$0,$0,$0,$0,$0,$0,$0,$1,$0,$0,$0,$1,$0,$-11,$0,$-1,$0,$-5,$0,$3,$3,$0,$0,$0,$-0,$0,$-1,$-0,$0,$0,$0,$0,$0,$0,$-0,$-0,$0,$-0,$2,$2,$0,$0,$2,$0,$3,$0
