,Date,Stock Price,Book Value per Share,Price to Book Ratio,TTM Sales per Share,Price to Sales Ratio,TTM FCF per Share,Price to FCF Ratio,TTM Net EPS,PE Ratio,Current Assets,Current Liabilities,Current Ratio,Long Term Debt,Shareholder's Equity_x,Debt to Equity Ratio,TTM Revenue_x,TTM Gross Profit,Gross Margin,TTM Revenue_y,TTM Operating Income,Operating Margin,TTM Revenue_x,TTM EBIT,EBIT Margin,TTM Revenue_y,TTM EBITDA,EBITDA Margin,TTM Revenue_x,TTM Pre-Tax Income,Pre-Tax Margin,TTM Revenue_y,TTM Net Income_x,Net Margin,TTM Net Income_y,Shareholder's Equity_y,Return on Equity,TTM Net Income_x,Tangible Equity,Return on Tangible Equity,TTM Net Income_y,Total Assets,Return on Assets,TTM Net Income,LT Investments & Debt,Return on Investment,revenue,cost-goods-sold,gross-profit,research-development-expenses,selling-general-administrative-expenses,operating-expenses,operating-income,total-non-operating-income-expense,pre-tax-income,total-provision-income-taxes,income-after-taxes,income-from-continuous-operations,net-income,ebitda,ebit,basic-shares-outstanding,shares-outstanding,eps-basic-net-earnings-per-share,eps-earnings-per-share-diluted,cash-on-hand,inventory,other-current-assets,total-current-assets,net-property-plant-equipment,long-term-investments,goodwill-intangible-assets-total,other-long-term-assets,total-long-term-assets,total-assets,total-current-liabilities,long-term-debt,other-non-current-liabilities,total-long-term-liabilities,total-liabilities,common-stock-net,retained-earnings-accumulated-deficit,comprehensive-income,total-share-holder-equity,total-liabilities-share-holders-equity,net-income-loss,total-depreciation-amortization-cash-flow,other-non-cash-items,total-non-cash-items,change-in-accounts-receivable,change-in-inventories,change-in-accounts-payable,change-in-assets-liabilities,total-change-in-assets-liabilities,cash-flow-from-operating-activities,net-change-in-property-plant-equipment,net-change-in-intangible-assets,net-acquisitions-divestitures,net-change-in-short-term-investments,net-change-in-long-term-investments,net-change-in-investments-total,investing-activities-other,cash-flow-from-investing-activities,net-long-term-debt,net-current-debt,debt-issuance-retirement-net-total,net-common-equity-issued-repurchased,net-total-equity-issued-repurchased,total-common-preferred-stock-dividends-paid,financial-activities-other,cash-flow-from-financial-activities,net-cash-flow,stock-based-compensation,common-stock-dividends-paid
0,2018-09-30,139.01,$41.10,3.38,$17.46,7.96,$4.39,31.67,$0.66,210.62,$3.25B,$1.03B,3.16,$2.90B,$9.17B,0.32,$3.91B,$3.49B,89.19%,$3.91B,$0.34B,8.56%,$3.91B,$0.34B,8.56%,$3.91B,$0.95B,24.15%,$3.91B,$0.36B,9.30%,$3.91B,$0.15B,3.91%,$0.15B,$9.17B,1.70%,$0.15B,$0.42B,133.92%,$0.15B,$13.84B,1.12%,$0.34B,$12.06B,2.80%,$1027,$91,$936,$175,$259,$668,$359,$-17,$342,$11,$331,$331,$331,$464,$359,$223,225,$1.48,$1.47,$1535,$433,$0,$3248,$1443,$0,$8751,$401,$10595,$13844,$1027,$2895,$309,$3647,$4674,$0,$2371,$7,$9170,$13844,$123,$307,$336,$643,$-197,$27,$0,$-85,$-423,$343,$-171,$0,$0,$585,$0,$585,$4,$418,$-294,$250,$-44,$-44,$-44,$0,$-18,$-106,$645,$151,$0
1,2018-06-30,124.15,$39.35,3.15,$16.71,7.43,$6.24,19.9,$-0.46,0.0,$2.84B,$1.04B,2.72,$2.93B,$8.77B,0.33,$3.75B,$3.26B,86.94%,$3.75B,$0.06B,1.50%,$3.75B,$0.06B,1.50%,$3.75B,$0.64B,17.09%,$3.75B,$0.08B,2.14%,$3.75B,$-0.10B,-2.67%,$-0.10B,$8.77B,-1.12%,$-0.10B,$-0.06B,459.77%,$-0.10B,$13.49B,-0.73%,$0.06B,$11.69B,0.47%,$1045,$95,$950,$173,$277,$1445,$-400,$-19,$-419,$39,$-457,$-457,$-457,$-300,$-400,$223,223,$-2.05,$-2.05,$1177,$463,$0,$2836,$1423,$0,$8831,$401,$10654,$13490,$1044,$2926,$288,$3679,$4723,$0,$2040,$-3,$8767,$13490,$-208,$202,$289,$491,$-137,$-4,$0,$-56,$-327,$-45,$-129,$0,$0,$442,$0,$442,$1,$314,$-294,$250,$-44,$-60,$-60,$0,$-12,$-117,$147,$105,$0
2,2018-03-31,111.46,$40.96,2.72,$16.06,6.94,$8.85,12.59,$2.32,48.04,$3.15B,$0.94B,3.35,$3.03B,$9.11B,0.33,$3.61B,$3.14B,86.77%,$3.61B,$0.68B,18.90%,$3.61B,$0.68B,18.90%,$3.61B,$1.30B,35.95%,$3.61B,$0.71B,19.51%,$3.61B,$0.52B,14.45%,$0.52B,$9.11B,5.83%,$0.52B,$0.20B,-703.03%,$0.52B,$13.83B,3.83%,$0.68B,$12.14B,5.68%,$931,$92,$839,$177,$257,$664,$267,$84,$352,$103,$249,$249,$249,$369,$267,$222,224,$1.12,$1.11,$1591,$457,$0,$3152,$1379,$0,$8912,$387,$10678,$13830,$942,$3029,$304,$3776,$4718,$0,$2497,$-46,$9113,$13830,$249,$102,$94,$195,$-43,$4,$0,$-33,$-145,$299,$-67,$0,$0,$-190,$0,$-190,$2,$-255,$-44,$0,$-44,$-76,$-76,$0,$-4,$-124,$-73,$51,$0
3,2017-12-31,119.59,$40.01,2.99,$15.75,7.59,$8.84,13.52,$1.96,61.02,$2.95B,$0.95B,3.1,$3.06B,$8.89B,0.34,$3.55B,$3.10B,87.19%,$3.55B,$0.63B,17.68%,$3.55B,$0.63B,17.68%,$3.55B,$1.24B,34.97%,$3.55B,$0.55B,15.40%,$3.55B,$0.44B,12.47%,$0.44B,$8.89B,4.98%,$0.44B,$-0.10B,-196.45%,$0.44B,$13.58B,3.27%,$0.63B,$11.96B,5.24%,$910,$145,$765,$265,$296,$801,$109,$-19,$89,$59,$30,$30,$30,$413,$109,$224,225,$0.13,$0.14,$1474,$460,$0,$2954,$1325,$0,$8992,$312,$10629,$13583,$953,$3064,$309,$3738,$4690,$0,$2242,$-34,$8893,$13583,$443,$616,$227,$843,$-55,$-88,$0,$-159,$-171,$1116,$-357,$0,$0,$-561,$0,$-561,$0,$-918,$-175,$0,$-175,$-378,$-378,$0,$-44,$-597,$-382,$243,$0
4,2017-09-30,140.29,$40.11,3.5,$15.38,9.12,$8.81,15.93,$2.24,62.63,$2.88B,$0.97B,2.97,$3.10B,$8.94B,0.35,$3.47B,$3.10B,89.12%,$3.47B,$0.65B,18.60%,$3.47B,$0.65B,18.60%,$3.47B,$1.14B,32.94%,$3.47B,$0.56B,16.18%,$3.47B,$0.51B,14.57%,$0.51B,$8.94B,5.72%,$0.51B,$-0.13B,-139.59%,$0.51B,$13.64B,3.76%,$0.65B,$12.04B,5.41%,$859,$157,$702,$196,$271,$779,$80,$-22,$58,$-20,$78,$78,$78,$160,$80,$223,225,$0.35,$0.35,$1529,$441,$0,$2882,$1354,$0,$9069,$338,$10761,$13643,$972,$3096,$278,$3727,$4699,$0,$2212,$-37,$8944,$13643,$413,$312,$248,$560,$-35,$-69,$0,$-95,$-116,$858,$-269,$0,$0,$-648,$0,$-648,$-2,$-919,$-131,$0,$-131,$-223,$-223,$0,$-17,$-371,$-416,$172,$0
5,2017-06-30,121.67,$39.62,3.07,$15.10,8.06,$8.30,14.65,$2.31,52.67,$2.79B,$0.86B,3.26,$3.08B,$8.88B,0.35,$3.41B,$3.12B,91.44%,$3.41B,$0.75B,21.83%,$3.41B,$0.75B,21.83%,$3.41B,$1.26B,37.03%,$3.41B,$0.66B,19.43%,$3.41B,$0.52B,15.29%,$0.52B,$8.88B,5.98%,$0.52B,$-0.27B,-89.77%,$0.52B,$13.49B,3.90%,$0.75B,$11.96B,6.29%,$913,$84,$829,$198,$266,$686,$227,$-20,$206,$41,$165,$165,$165,$359,$227,$224,226,$0.74,$0.73,$1444,$410,$0,$2789,$1233,$0,$9149,$318,$10700,$13489,$856,$3081,$290,$3758,$4614,$0,$2134,$-14,$8875,$13489,$335,$232,$151,$383,$-46,$-33,$0,$-90,$-131,$588,$-176,$0,$0,$-571,$0,$-571,$-2,$-749,$-88,$0,$-88,$-178,$-178,$0,$-10,$-276,$-424,$115,$0
6,2017-03-31,121.24,$39.54,3.07,$14.38,8.43,$7.72,15.7,$2.09,58.01,$2.73B,$0.84B,3.27,$3.12B,$8.86B,0.35,$3.25B,$2.99B,91.76%,$3.25B,$0.71B,21.92%,$3.25B,$0.71B,21.92%,$3.25B,$1.20B,36.83%,$3.25B,$0.63B,19.27%,$3.25B,$0.48B,14.66%,$0.48B,$8.86B,5.57%,$0.48B,$-0.40B,-55.50%,$0.48B,$13.44B,3.60%,$0.71B,$11.97B,6.07%,$870,$69,$801,$220,$262,$658,$212,$-18,$194,$24,$170,$170,$170,$312,$212,$225,226,$0.76,$0.75,$1462,$396,$0,$2733,$1138,$0,$9260,$304,$10702,$13435,$837,$3116,$242,$3742,$4579,$0,$1969,$36,$8856,$13435,$170,$100,$54,$154,$-3,$-19,$0,$-13,$-16,$308,$-74,$0,$0,$-421,$0,$-421,$0,$-495,$-44,$0,$-44,$-21,$-21,$0,$-4,$-69,$-253,$54,$0
7,2016-12-31,122.35,$38.83,3.15,$13.63,8.98,$7.17,17.06,$1.75,69.91,$2.58B,$0.82B,3.13,$3.12B,$8.69B,0.36,$3.08B,$2.83B,91.63%,$3.08B,$0.67B,21.63%,$3.08B,$0.67B,21.63%,$3.08B,$1.15B,37.26%,$3.08B,$0.58B,18.68%,$3.08B,$0.40B,12.94%,$0.40B,$8.69B,4.77%,$0.40B,$-0.65B,-34.33%,$0.40B,$13.25B,3.05%,$0.67B,$11.82B,5.74%,$831,$68,$763,$206,$258,$704,$127,$-23,$104,$11,$93,$93,$93,$314,$127,$224,226,$0.41,$0.40,$1293,$375,$0,$2578,$1036,$0,$9341,$299,$10675,$13253,$823,$3122,$220,$3737,$4560,$0,$1818,$61,$8694,$13253,$399,$481,$342,$824,$-122,$-84,$0,$-81,$-137,$1086,$-333,$0,$0,$46,$0,$46,$-1,$-288,$-375,$0,$-375,$-394,$-394,$0,$-68,$-836,$-44,$192,$0
8,2016-09-30,122.54,$37.98,3.23,$13.20,9.28,$5.64,21.71,$1.63,75.18,$2.60B,$1.03B,2.51,$3.15B,$8.50B,0.37,$2.95B,$2.71B,91.60%,$2.95B,$0.64B,21.56%,$2.95B,$0.64B,21.56%,$2.95B,$1.03B,34.73%,$2.95B,$0.55B,18.52%,$2.95B,$0.37B,12.63%,$0.37B,$8.50B,4.52%,$0.37B,$-1.00B,-27.13%,$0.37B,$13.29B,2.86%,$0.64B,$11.66B,5.50%,$799,$71,$728,$195,$230,$620,$179,$-20,$159,$65,$94,$94,$94,$279,$179,$224,226,$0.42,$0.42,$1313,$363,$0,$2595,$931,$0,$9505,$263,$10699,$13293,$1034,$3154,$257,$3755,$4789,$0,$1725,$-17,$8504,$13293,$306,$295,$288,$583,$-130,$-72,$0,$-77,$-186,$703,$-226,$0,$0,$-177,$0,$-177,$1,$-402,$-180,$0,$-180,$-372,$-372,$0,$0,$-552,$-248,$151,$0
9,2016-06-30,116.76,$36.57,3.19,$12.61,9.26,$4.76,24.51,$0.40,291.9,$2.36B,$0.66B,3.59,$3.37B,$8.20B,0.41,$2.82B,$2.59B,91.81%,$2.82B,$0.61B,21.72%,$2.82B,$0.61B,21.72%,$2.82B,$0.95B,33.70%,$2.82B,$0.53B,18.67%,$2.82B,$0.10B,3.37%,$0.10B,$8.20B,1.16%,$0.10B,$-1.39B,-6.28%,$0.10B,$13.03B,0.73%,$0.61B,$11.57B,5.28%,$753,$60,$693,$180,$232,$558,$195,$-25,$170,$50,$120,$120,$120,$293,$195,$224,226,$0.54,$0.53,$1180,$330,$0,$2361,$825,$0,$9585,$258,$10668,$13029,$658,$3368,$234,$4172,$4830,$0,$1388,$1,$8199,$13029,$212,$195,$171,$366,$-65,$-39,$0,$-55,$-165,$413,$-131,$0,$0,$-205,$0,$-205,$0,$-336,$-180,$0,$-180,$-311,$-311,$0,$0,$-491,$-412,$105,$0
10,2016-03-31,139.22,$35.96,3.87,$12.39,11.24,$4.16,33.5,$0.72,193.36,$2.13B,$0.60B,3.53,$3.39B,$8.06B,0.42,$2.71B,$2.48B,91.76%,$2.71B,$0.60B,22.14%,$2.71B,$0.60B,22.14%,$2.71B,$0.85B,31.35%,$2.71B,$0.53B,19.74%,$2.71B,$0.15B,5.36%,$0.15B,$8.06B,1.75%,$0.15B,$-1.62B,-9.76%,$0.15B,$12.80B,1.11%,$0.60B,$11.45B,5.11%,$701,$59,$642,$176,$233,$535,$166,$-23,$143,$51,$92,$92,$92,$263,$166,$225,227,$0.41,$0.41,$1028,$294,$0,$2128,$749,$0,$9677,$249,$10675,$12802,$604,$3386,$215,$4137,$4740,$0,$1273,$4,$8062,$12802,$92,$97,$75,$172,$-37,$-4,$0,$-7,$-90,$174,$-64,$0,$0,$58,$0,$58,$0,$-6,$-175,$0,$-175,$-293,$-293,$0,$-4,$-472,$-300,$57,$0
11,2015-12-31,190.75,$36.71,5.2,$12.27,15.54,$3.50,54.45,$0.76,250.99,$2.42B,$0.71B,3.41,$3.41B,$8.26B,0.41,$2.60B,$2.37B,91.05%,$2.60B,$0.54B,20.62%,$2.60B,$0.54B,20.62%,$2.60B,$0.70B,26.96%,$2.60B,$0.50B,19.12%,$2.60B,$0.14B,5.53%,$0.14B,$8.26B,2.02%,$0.14B,$-1.50B,-34.89%,$0.14B,$13.10B,1.31%,$0.54B,$11.66B,5.50%,$701,$58,$643,$191,$242,$603,$97,$-23,$75,$8,$67,$67,$67,$191,$97,$213,216,$0.19,$0.20,$1385,$290,$0,$2416,$697,$0,$9756,$228,$10681,$13097,$709,$3405,$195,$4129,$4838,$0,$1181,$62,$8259,$13097,$144,$167,$779,$946,$-116,$-88,$0,$-95,$-415,$675,$-286,$0,$-3939,$635,$0,$635,$5,$-3585,$3399,$0,$3399,$-246,$-246,$0,$-168,$2985,$66,$227,$0
12,2015-09-30,156.2,$36.52,4.28,$12.00,13.02,$4.19,37.26,$1.23,126.99,$2.48B,$0.77B,3.23,$3.48B,$8.25B,0.42,$2.50B,$2.28B,91.01%,$2.50B,$0.64B,25.73%,$2.50B,$0.64B,25.73%,$2.50B,$0.73B,29.17%,$2.50B,$0.63B,25.09%,$2.50B,$0.23B,9.19%,$0.23B,$8.25B,3.89%,$0.23B,$-1.55B,39.88%,$0.23B,$13.15B,2.63%,$0.64B,$11.73B,8.36%,$667,$54,$613,$166,$213,$512,$155,$-15,$139,$323,$-184,$-184,$-184,$204,$155,$226,226,$-0.81,$-0.81,$1458,$237,$0,$2480,$619,$0,$9803,$251,$10673,$13153,$767,$3475,$241,$4133,$4900,$0,$1114,$54,$8253,$13153,$78,$73,$668,$741,$-91,$-7,$0,$-89,$-334,$484,$-206,$0,$-3939,$716,$0,$716,$5,$-3424,$3443,$0,$3443,$-125,$-125,$0,$-152,$3166,$219,$161,$0
13,2015-06-30,180.77,$37.84,4.78,$11.81,15.31,$4.32,41.87,$2.92,61.91,$2.53B,$0.77B,3.29,$3.50B,$8.55B,0.41,$2.39B,$2.17B,90.67%,$2.39B,$0.73B,30.36%,$2.39B,$0.73B,30.36%,$2.39B,$0.78B,32.46%,$2.39B,$0.73B,30.32%,$2.39B,$0.59B,24.76%,$0.59B,$8.55B,12.80%,$0.59B,$-1.28B,38.63%,$0.59B,$13.17B,9.22%,$0.73B,$12.05B,13.00%,$636,$52,$584,$132,$221,$455,$181,$-4,$177,$7,$170,$170,$170,$190,$181,$202,205,$0.84,$0.83,$1494,$234,$0,$2533,$555,$0,$9832,$247,$10634,$13168,$769,$3498,$347,$3846,$4615,$0,$1298,$63,$8553,$13168,$262,$23,$107,$130,$-109,$5,$0,$-16,$-131,$261,$-130,$0,$-3939,$840,$0,$840,$1,$-3228,$3443,$0,$3443,$-52,$-52,$0,$-39,$3351,$378,$110,$0
14,2015-03-31,173.3,$17.62,9.84,$11.24,15.42,$3.75,46.27,$2.92,59.35,$2.85B,$0.58B,4.92,$0.12B,$3.52B,0.03,$2.27B,$2.06B,90.74%,$2.27B,$0.76B,33.70%,$2.27B,$0.76B,33.70%,$2.27B,$0.82B,36.13%,$2.27B,$0.77B,33.83%,$2.27B,$0.59B,25.94%,$0.59B,$3.52B,18.34%,$0.59B,$2.68B,24.92%,$0.59B,$4.42B,14.64%,$0.76B,$3.63B,23.05%,$600,$69,$531,$221,$187,$497,$104,$3,$107,$16,$91,$91,$91,$117,$104,$199,202,$0.46,$0.45,$1925,$174,$0,$2853,$440,$0,$841,$280,$1562,$4415,$580,$115,$203,$318,$898,$0,$1127,$119,$3517,$4415,$91,$14,$-20,$-6,$-59,$3,$0,$7,$-63,$23,$-57,$0,$0,$8,$0,$8,$1,$-48,$-12,$0,$-12,$-35,$-35,$0,$52,$5,$-27,$43,$0
15,2014-12-31,185.03,$16.59,11.15,$11.08,16.7,$3.67,50.39,$3.26,56.76,$2.80B,$0.61B,4.61,$0.12B,$3.30B,0.04,$2.23B,$2.06B,92.21%,$2.23B,$0.87B,38.94%,$2.23B,$0.87B,38.94%,$2.23B,$0.93B,41.54%,$2.23B,$0.87B,39.03%,$2.23B,$0.66B,29.36%,$0.66B,$3.30B,21.85%,$0.66B,$2.46B,30.49%,$0.66B,$4.20B,17.46%,$0.87B,$3.42B,28.04%,$600,$50,$550,$129,$184,$396,$204,$1,$205,$52,$153,$153,$153,$219,$204,$198,202,$0.77,$0.76,$1962,$176,$0,$2796,$392,$0,$841,$173,$1406,$4202,$607,$117,$170,$293,$900,$0,$1036,$57,$3302,$4202,$657,$59,$-234,$-175,$-28,$-67,$0,$-12,$158,$640,$-137,$0,$0,$-85,$0,$-85,$-1,$-223,$-55,$0,$-55,$-189,$-189,$0,$251,$7,$414,$114,$0
16,2014-09-30,165.82,$15.75,10.53,$10.32,16.07,$3.53,47.03,$2.40,69.09,$2.56B,$0.50B,5.09,$0.11B,$3.12B,0.04,$2.08B,$1.90B,91.52%,$2.08B,$0.80B,38.73%,$2.08B,$0.80B,38.73%,$2.08B,$0.89B,42.97%,$2.08B,$0.81B,38.78%,$2.08B,$0.48B,23.31%,$0.48B,$3.12B,17.46%,$0.48B,$2.27B,25.27%,$0.48B,$3.89B,13.69%,$0.80B,$3.23B,28.04%,$555,$52,$503,$101,$158,$318,$237,$-0,$236,$58,$178,$178,$178,$250,$237,$198,201,$0.90,$0.88,$1782,$140,$0,$2560,$328,$0,$851,$102,$1331,$3891,$503,$109,$152,$265,$768,$0,$883,$49,$3123,$3891,$504,$44,$-348,$-304,$-23,$-26,$0,$39,$157,$357,$-84,$0,$0,$-81,$0,$-81,$-1,$-166,$-44,$0,$-44,$-205,$-205,$0,$286,$37,$222,$81,$0
17,2014-06-30,156.25,$14.56,10.73,$9.57,16.33,$3.51,44.49,$1.99,78.52,$2.34B,$0.42B,5.61,$0.09B,$2.88B,0.03,$1.92B,$1.75B,90.89%,$1.92B,$0.70B,36.54%,$1.92B,$0.70B,36.54%,$1.92B,$0.79B,40.86%,$1.92B,$0.70B,36.60%,$1.92B,$0.40B,20.82%,$0.40B,$2.88B,15.50%,$0.40B,$2.03B,23.37%,$0.40B,$3.55B,12.03%,$0.70B,$2.98B,26.28%,$512,$40,$473,$93,$159,$294,$219,$-0,$219,$52,$166,$166,$166,$233,$219,$198,202,$0.84,$0.83,$1594,$145,$0,$2341,$273,$0,$854,$78,$1213,$3554,$418,$93,$161,$255,$672,$0,$705,$-32,$2882,$3554,$326,$31,$-317,$-286,$-9,$-35,$0,$1,$35,$75,$-61,$0,$0,$-29,$0,$-29,$0,$-90,$-32,$0,$-32,$-126,$-126,$0,$254,$97,$82,$52,$0
18,2014-03-31,152.13,$13.63,11.16,$8.88,17.13,$4.10,37.14,$1.64,92.76,$2.25B,$0.40B,5.66,$0.08B,$2.70B,0.03,$1.78B,$1.60B,90.16%,$1.78B,$0.62B,34.91%,$1.78B,$0.62B,34.91%,$1.78B,$0.70B,39.12%,$1.78B,$0.62B,34.91%,$1.78B,$0.33B,18.55%,$0.33B,$2.70B,13.68%,$0.33B,$1.84B,21.53%,$0.33B,$3.38B,10.51%,$0.62B,$2.79B,24.80%,$567,$33,$534,$191,$129,$357,$210,$2,$212,$53,$159,$159,$159,$226,$210,$198,202,$0.81,$0.79,$1557,$126,$0,$2246,$218,$0,$857,$55,$1134,$3380,$397,$84,$152,$282,$679,$0,$538,$-26,$2701,$3380,$159,$17,$-164,$-147,$0,$-21,$0,$39,$-43,$-31,$-18,$0,$0,$-73,$0,$-73,$0,$-90,$-20,$0,$-20,$8,$8,$0,$130,$119,$-2,$24,$0
19,2013-12-31,132.88,$12.09,10.99,$7.78,17.09,$4.54,29.25,$1.26,105.46,$2.19B,$0.58B,3.76,$0.10B,$2.38B,0.04,$1.55B,$1.37B,88.59%,$1.55B,$0.53B,34.04%,$1.55B,$0.53B,34.04%,$1.55B,$0.59B,38.23%,$1.55B,$0.53B,33.91%,$1.55B,$0.25B,16.31%,$0.25B,$2.38B,11.20%,$0.25B,$1.52B,18.47%,$0.25B,$3.32B,8.53%,$0.53B,$2.48B,22.42%,$442,$52,$390,$86,$135,$304,$138,$-0,$138,$157,$-19,$-19,$-19,$183,$138,$196,200,$-0.10,$-0.09,$1515,$103,$0,$2187,$201,$0,$864,$63,$1131,$3318,$582,$97,$155,$353,$936,$0,$379,$-23,$2382,$3318,$253,$65,$69,$135,$-116,$0,$0,$-16,$110,$497,$-29,$0,$0,$-988,$0,$-988,$-9,$-1027,$-36,$0,$-36,$5,$5,$0,$102,$72,$-460,$76,$0
20,2013-09-30,116.16,$12.01,9.67,$7.18,16.18,$4.16,27.93,$1.76,66.0,$1.92B,$0.40B,4.84,$0.09B,$2.36B,0.04,$1.43B,$1.27B,88.88%,$1.43B,$0.50B,34.83%,$1.43B,$0.50B,34.83%,$1.43B,$0.52B,36.64%,$1.43B,$0.50B,34.62%,$1.43B,$0.35B,24.69%,$0.35B,$2.36B,16.37%,$0.35B,$1.46B,28.07%,$0.35B,$3.05B,12.65%,$0.50B,$2.44B,22.10%,$400,$51,$349,$88,$123,$265,$135,$-1,$134,$41,$94,$94,$94,$143,$135,$196,200,$0.48,$0.47,$1303,$105,$0,$1916,$179,$0,$900,$45,$1134,$3050,$395,$89,$197,$300,$695,$0,$398,$-12,$2355,$3050,$272,$21,$-21,$-0,$-98,$-5,$0,$21,$17,$288,$-21,$0,$0,$-393,$0,$-393,$-0,$-414,$-24,$0,$-24,$-22,$-22,$0,$93,$47,$-79,$56,$0
21,2013-06-30,92.24,$11.33,8.14,$6.64,13.9,$4.27,21.62,$1.75,52.71,$1.68B,$0.30B,5.54,$0.10B,$2.21B,0.04,$1.32B,$1.24B,93.35%,$1.32B,$0.51B,38.22%,$1.32B,$0.51B,38.22%,$1.32B,$0.56B,41.99%,$1.32B,$0.50B,37.92%,$1.32B,$0.35B,26.51%,$0.35B,$2.21B,17.24%,$0.35B,$1.31B,30.88%,$0.35B,$2.82B,13.22%,$0.51B,$2.31B,23.66%,$370,$39,$331,$69,$123,$232,$138,$-0,$137,$41,$96,$96,$96,$144,$138,$195,199,$0.49,$0.48,$1119,$113,$0,$1679,$174,$0,$897,$56,$1137,$2815,$303,$96,$184,$301,$604,$0,$304,$20,$2212,$2815,$178,$13,$6,$19,$-55,$-14,$0,$13,$-53,$144,$-14,$0,$0,$-183,$0,$-183,$-0,$-198,$-12,$0,$-12,$-43,$-43,$0,$57,$3,$-53,$35,$0
22,2013-03-31,92.14,$10.72,8.6,$6.17,14.92,$4.41,20.91,$1.45,63.54,$1.55B,$0.30B,5.24,$0.10B,$2.09B,0.05,$1.23B,$1.15B,93.41%,$1.23B,$0.45B,36.78%,$1.23B,$0.45B,36.78%,$1.23B,$0.50B,40.76%,$1.23B,$0.45B,36.37%,$1.23B,$0.29B,23.68%,$0.29B,$2.09B,15.15%,$0.29B,$1.19B,28.74%,$0.29B,$2.69B,11.34%,$0.45B,$2.19B,22.11%,$339,$35,$304,$75,$109,$222,$117,$-0,$117,$35,$82,$82,$82,$123,$117,$195,199,$0.42,$0.41,$1023,$102,$0,$1550,$165,$0,$899,$60,$1136,$2686,$296,$101,$178,$300,$596,$0,$208,$31,$2090,$2686,$82,$6,$19,$25,$-26,$-5,$0,$12,$-61,$46,$-5,$0,$0,$0,$0,$0,$-0,$-6,$0,$0,$0,$-26,$-26,$0,$21,$-4,$33,$17,$0
23,2012-12-31,93.74,$10.12,9.26,$5.73,16.36,$4.50,20.81,$1.27,73.81,$1.50B,$0.36B,4.15,$0.10B,$1.97B,0.05,$1.14B,$1.06B,93.39%,$1.14B,$0.41B,35.68%,$1.14B,$0.41B,35.68%,$1.14B,$0.45B,40.00%,$1.14B,$0.40B,35.07%,$1.14B,$0.25B,22.38%,$0.25B,$1.97B,14.93%,$0.25B,$1.07B,32.45%,$0.25B,$2.61B,10.59%,$0.41B,$2.07B,21.75%,$321,$33,$287,$63,$113,$213,$108,$-1,$107,$26,$81,$81,$81,$114,$108,$190,199,$0.43,$0.41,$990,$95,$0,$1496,$166,$0,$900,$38,$1118,$2614,$360,$101,$162,$283,$643,$0,$126,$7,$1971,$2614,$255,$50,$120,$170,$-73,$-6,$0,$-4,$-14,$411,$-22,$0,$-606,$0,$0,$0,$-0,$-628,$149,$0,$149,$517,$517,$0,$0,$666,$449,$54,$0
24,2012-09-30,114.4,$9.64,11.87,$5.30,21.58,$3.84,29.8,$1.12,102.14,$1.41B,$0.36B,3.9,$0.11B,$1.87B,0.06,$1.04B,$0.97B,93.28%,$1.04B,$0.37B,35.70%,$1.04B,$0.37B,35.70%,$1.04B,$0.42B,40.31%,$1.04B,$0.37B,35.03%,$1.04B,$0.22B,21.21%,$0.22B,$1.87B,14.81%,$0.22B,$0.97B,29.24%,$0.22B,$2.51B,10.55%,$0.37B,$1.99B,22.86%,$294,$-20,$314,$54,$90,$151,$143,$-2,$141,$49,$92,$92,$92,$175,$143,$193,201,$0.48,$0.46,$906,$90,$0,$1410,$165,$0,$902,$14,$1095,$2506,$362,$113,$158,$271,$633,$0,$45,$2,$1872,$2506,$174,$44,$97,$141,$-65,$-3,$0,$-0,$-9,$306,$-14,$0,$-606,$0,$0,$0,$-0,$-620,$161,$0,$161,$517,$517,$0,$1,$679,$365,$40,$0
25,2012-06-30,99.3,$9.07,10.95,$4.90,20.26,$3.24,30.61,$1.00,99.3,$1.28B,$0.38B,3.4,$0.18B,$1.75B,0.1,$0.95B,$0.84B,88.13%,$0.95B,$0.30B,30.99%,$0.95B,$0.30B,30.99%,$0.95B,$0.32B,33.09%,$0.95B,$0.29B,30.46%,$0.95B,$0.20B,20.48%,$0.20B,$1.75B,15.14%,$0.20B,$0.82B,26.57%,$0.20B,$2.46B,10.87%,$0.30B,$1.93B,21.15%,$275,$32,$243,$60,$95,$191,$84,$-2,$82,$45,$36,$36,$36,$89,$84,$189,197,$0.19,$0.18,$806,$94,$0,$1276,$165,$0,$931,$19,$1181,$2458,$375,$180,$153,$333,$708,$0,$-47,$17,$1750,$2458,$82,$11,$29,$41,$-42,$-9,$0,$16,$42,$164,$-8,$0,$-606,$0,$0,$0,$-0,$-614,$228,$0,$228,$492,$492,$0,$-5,$716,$265,$26,$0
26,2012-03-31,92.86,$6.49,14.31,$4.48,20.74,$2.94,31.61,$1.00,92.86,$0.81B,$0.35B,2.3,$0.25B,$1.21B,0.2,$0.86B,$0.76B,88.06%,$0.86B,$0.26B,30.13%,$0.86B,$0.26B,30.13%,$0.86B,$0.28B,32.44%,$0.86B,$0.26B,29.78%,$0.86B,$0.19B,22.48%,$0.19B,$1.21B,17.81%,$0.19B,$0.27B,26.79%,$0.19B,$2.02B,13.16%,$0.26B,$1.46B,22.59%,$245,$28,$216,$45,$87,$175,$70,$-2,$68,$22,$45,$45,$45,$76,$70,$186,195,$0.24,$0.23,$359,$93,$0,$812,$166,$0,$941,$18,$1206,$2017,$354,$247,$148,$451,$804,$0,$-83,$8,$1213,$2017,$45,$6,$39,$45,$-20,$-10,$0,$5,$-27,$63,$-4,$0,$-605,$0,$0,$0,$-0,$-609,$240,$115,$355,$16,$16,$0,$-6,$365,$-181,$13,$0
27,2011-12-31,71.5,$6.12,11.69,$4.09,17.47,$2.75,25.99,$0.91,78.57,$0.94B,$0.23B,4.13,$0.00B,$1.13B,0.0,$0.78B,$0.69B,88.14%,$0.78B,$0.23B,29.34%,$0.78B,$0.23B,29.34%,$0.78B,$0.25B,31.76%,$0.78B,$0.23B,29.34%,$0.78B,$0.18B,22.45%,$0.18B,$1.13B,17.40%,$0.18B,$0.96B,21.00%,$0.18B,$1.40B,13.98%,$0.23B,$1.13B,22.74%,$228,$29,$199,$34,$87,$152,$75,$-1,$74,$26,$48,$48,$48,$80,$75,$183,192,$0.26,$0.25,$541,$81,$0,$941,$166,$0,$171,$13,$453,$1395,$228,$0,$32,$32,$260,$0,$-129,$4,$1134,$1395,$175,$18,$94,$112,$-79,$-12,$0,$-6,$-17,$270,$-22,$0,$-106,$94,$0,$94,$-0,$-34,$0,$0,$0,$36,$36,$0,$3,$39,$274,$45,$0
28,2011-09-30,64.06,$5.71,11.22,$3.74,17.11,$2.25,28.43,$0.80,80.08,$0.82B,$0.21B,3.87,$0.00B,$1.06B,0.0,$0.71B,$0.63B,88.20%,$0.71B,$0.20B,28.09%,$0.71B,$0.20B,28.09%,$0.71B,$0.22B,30.48%,$0.71B,$0.20B,28.09%,$0.71B,$0.15B,21.63%,$0.15B,$1.06B,16.34%,$0.15B,$0.88B,19.22%,$0.15B,$1.31B,13.24%,$0.20B,$1.06B,21.19%,$204,$23,$181,$37,$78,$138,$66,$-1,$66,$0,$66,$66,$66,$70,$66,$184,192,$0.36,$0.34,$445,$78,$0,$817,$164,$0,$173,$11,$488,$1305,$211,$0,$28,$38,$249,$0,$-177,$-3,$1056,$1305,$127,$13,$57,$71,$-52,$-11,$0,$-10,$-19,$179,$-15,$0,$-106,$87,$0,$87,$-0,$-34,$-1,$0,$-1,$25,$25,$0,$2,$26,$171,$34,$0
29,2011-06-30,47.03,$5.18,9.09,$3.44,13.66,$1.94,24.21,$0.61,77.1,$0.70B,$0.19B,3.73,$0.00B,$0.95B,0.0,$0.65B,$0.57B,88.00%,$0.65B,$0.18B,27.23%,$0.65B,$0.18B,27.23%,$0.65B,$0.19B,29.85%,$0.65B,$0.18B,27.23%,$0.65B,$0.12B,17.85%,$0.12B,$0.95B,13.16%,$0.12B,$0.78B,15.02%,$0.12B,$1.18B,10.82%,$0.18B,$0.95B,20.02%,$186,$22,$164,$36,$78,$137,$49,$0,$49,$14,$35,$35,$35,$54,$49,$183,191,$0.19,$0.18,$368,$75,$0,$700,$164,$0,$174,$6,$479,$1180,$188,$0,$28,$38,$226,$0,$-242,$-20,$954,$1180,$62,$9,$36,$45,$-36,$-10,$0,$5,$-3,$103,$-10,$0,$-106,$74,$0,$74,$-0,$-42,$-0,$0,$-0,$17,$17,$0,$2,$18,$81,$23,$0
30,2011-03-31,49.34,$4.88,10.12,$3.15,15.66,$1.79,27.62,$0.55,89.71,$0.67B,$0.22B,3.08,$0.00B,$0.90B,0.0,$0.59B,$0.52B,88.14%,$0.59B,$0.16B,27.12%,$0.59B,$0.16B,27.12%,$0.59B,$0.18B,30.00%,$0.59B,$0.16B,27.12%,$0.59B,$0.10B,17.46%,$0.10B,$0.90B,12.24%,$0.10B,$0.73B,13.48%,$0.10B,$1.16B,10.30%,$0.16B,$0.90B,18.95%,$166,$19,$147,$31,$66,$126,$40,$1,$41,$14,$27,$27,$27,$45,$40,$182,190,$0.15,$0.14,$349,$74,$0,$669,$161,$0,$174,$5,$485,$1155,$217,$0,$25,$36,$253,$0,$-277,$-14,$901,$1155,$27,$4,$17,$22,$-27,$-10,$0,$7,$-24,$24,$-2,$0,$-105,$35,$0,$35,$-0,$-73,$-0,$60,$60,$10,$10,$0,$0,$70,$22,$11,$0
31,2010-12-31,40.28,$4.72,8.54,$2.92,13.81,$1.77,22.7,$0.53,76.71,$0.65B,$0.14B,4.67,$0.00B,$0.86B,0.01,$0.54B,$0.48B,88.01%,$0.54B,$0.15B,27.86%,$0.54B,$0.15B,27.86%,$0.54B,$0.17B,30.81%,$0.54B,$0.15B,27.49%,$0.54B,$0.10B,17.90%,$0.10B,$0.86B,12.10%,$0.10B,$0.82B,12.83%,$0.10B,$1.01B,10.54%,$0.15B,$0.86B,18.71%,$156,$20,$136,$27,$63,$111,$45,$-1,$44,$18,$26,$26,$26,$48,$45,$179,186,$0.14,$0.14,$362,$62,$0,$647,$162,$0,$44,$5,$365,$1012,$139,$4,$9,$14,$152,$0,$-304,$-7,$860,$1012,$97,$16,$75,$91,$-59,$-14,$0,$-1,$-27,$161,$-13,$0,$0,$-76,$0,$-76,$-0,$-89,$0,$0,$0,$38,$38,$0,$1,$39,$110,$32,$0
32,2010-09-30,32.18,$4.47,7.21,$2.69,11.96,$1.41,22.78,$1.68,19.15,$0.56B,$0.12B,4.74,$0.00B,$0.81B,0.01,$0.50B,$0.44B,88.33%,$0.50B,$0.13B,25.96%,$0.50B,$0.13B,25.96%,$0.50B,$0.15B,29.18%,$0.50B,$0.13B,25.75%,$0.50B,$0.31B,61.97%,$0.31B,$0.81B,40.61%,$0.31B,$0.77B,43.26%,$0.31B,$0.94B,35.67%,$0.13B,$0.82B,16.85%,$142,$16,$125,$25,$57,$99,$43,$-0,$43,$15,$28,$28,$28,$47,$43,$179,186,$0.16,$0.15,$299,$60,$0,$558,$162,$0,$45,$12,$384,$942,$118,$4,$9,$13,$130,$0,$-330,$-5,$812,$942,$71,$13,$59,$72,$-42,$-14,$0,$-1,$-32,$110,$-9,$-0,$0,$-70,$0,$-70,$-0,$-79,$-0,$0,$-0,$23,$23,$0,$1,$23,$53,$25,$0
33,2010-06-30,25.6,$4.38,5.85,$2.49,10.27,$1.17,21.81,$1.68,15.28,$0.49B,$0.09B,5.51,$0.00B,$0.79B,0.01,$0.46B,$0.41B,88.43%,$0.46B,$0.11B,24.89%,$0.46B,$0.11B,24.89%,$0.46B,$0.13B,28.17%,$0.46B,$0.11B,24.67%,$0.46B,$0.31B,67.03%,$0.31B,$0.79B,46.36%,$0.31B,$0.75B,49.94%,$0.31B,$0.89B,40.08%,$0.11B,$0.80B,16.98%,$126,$14,$112,$24,$56,$94,$32,$-0,$32,$10,$22,$22,$22,$37,$32,$178,185,$0.12,$0.12,$249,$58,$0,$492,$162,$0,$46,$9,$398,$890,$89,$4,$4,$8,$97,$0,$-358,$21,$792,$890,$43,$8,$39,$48,$-24,$-14,$0,$8,$-23,$67,$-6,$-0,$0,$-18,$0,$-18,$0,$-24,$-0,$0,$-0,$14,$14,$0,$1,$14,$55,$16,$0
34,2010-03-31,27.19,$4.12,6.59,$2.33,11.69,$0.98,27.83,$1.65,16.48,$0.43B,$0.08B,5.28,$0.01B,$0.74B,0.01,$0.42B,$0.38B,88.44%,$0.42B,$0.10B,24.29%,$0.42B,$0.10B,24.29%,$0.42B,$0.12B,27.36%,$0.42B,$0.10B,23.35%,$0.42B,$0.30B,71.23%,$0.30B,$0.74B,53.86%,$0.30B,$0.70B,58.96%,$0.30B,$0.84B,44.92%,$0.10B,$0.75B,18.03%,$118,$14,$104,$22,$51,$87,$31,$-0,$30,$9,$21,$21,$21,$35,$31,$177,184,$0.12,$0.12,$205,$56,$0,$430,$163,$0,$47,$7,$406,$836,$81,$9,$2,$12,$93,$0,$-380,$11,$742,$836,$21,$4,$20,$24,$-17,$-13,$0,$11,$-24,$21,$-2,$0,$0,$0,$0,$0,$0,$-2,$-0,$0,$-0,$11,$11,$0,$0,$11,$29,$8,$0
35,2009-12-31,24.41,$3.87,6.31,$2.13,11.43,$0.93,26.39,$1.62,15.11,$0.37B,$0.09B,4.38,$0.01B,$0.69B,0.02,$0.39B,$0.34B,88.37%,$0.39B,$0.09B,22.74%,$0.39B,$0.09B,22.74%,$0.39B,$0.10B,25.84%,$0.39B,$0.08B,21.71%,$0.39B,$0.30B,76.49%,$0.30B,$0.69B,66.67%,$0.30B,$0.64B,75.03%,$0.30B,$0.79B,50.49%,$0.09B,$0.70B,18.06%,$111,$13,$98,$23,$52,$88,$23,$-0,$23,$-215,$237,$237,$237,$26,$23,$171,181,$1.39,$1.31,$176,$41,$0,$373,$165,$0,$49,$5,$413,$786,$85,$10,$2,$13,$98,$0,$-401,$-2,$688,$786,$295,$12,$-180,$-167,$-36,$15,$0,$-7,$-14,$114,$-35,$-28,$0,$-19,$0,$-19,$1,$-81,$-44,$0,$-44,$29,$29,$0,$1,$-14,$19,$29,$0
36,2009-09-30,22.27,$2.42,9.22,$1.95,11.4,$0.57,39.33,$0.41,54.99,$0.33B,$0.11B,3.08,$0.01B,$0.43B,0.02,$0.35B,$0.32B,89.24%,$0.35B,$0.08B,23.23%,$0.35B,$0.08B,23.23%,$0.35B,$0.09B,26.35%,$0.35B,$0.08B,22.10%,$0.35B,$0.07B,20.96%,$0.07B,$0.43B,22.17%,$0.07B,$0.38B,26.13%,$0.07B,$0.55B,14.53%,$0.08B,$0.44B,20.02%,$103,$12,$91,$21,$42,$75,$28,$-0,$28,$1,$27,$27,$27,$31,$28,$175,182,$0.16,$0.15,$166,$41,$0,$332,$162,$0,$49,$3,$220,$552,$108,$10,$5,$17,$125,$0,$-638,$-11,$427,$552,$58,$9,$24,$33,$-31,$10,$0,$-4,$-10,$81,$-26,$-28,$0,$0,$0,$0,$0,$-54,$-24,$0,$-24,$23,$23,$0,$0,$-2,$27,$22,$0
37,2009-06-30,20.56,$2.20,9.36,$1.82,11.32,$0.24,87.36,$0.38,54.81,$0.30B,$0.11B,2.68,$0.01B,$0.39B,0.03,$0.33B,$0.29B,89.30%,$0.33B,$0.08B,22.94%,$0.33B,$0.08B,22.94%,$0.33B,$0.09B,25.99%,$0.33B,$0.07B,21.41%,$0.33B,$0.07B,20.49%,$0.07B,$0.39B,24.77%,$0.07B,$0.34B,29.81%,$0.07B,$0.52B,13.99%,$0.08B,$0.40B,19.13%,$92,$10,$82,$18,$43,$71,$21,$-3,$18,$1,$17,$17,$17,$24,$21,$170,180,$0.10,$0.10,$146,$45,$0,$300,$155,$0,$50,$4,$215,$515,$112,$10,$5,$16,$129,$0,$-665,$-5,$386,$515,$31,$6,$16,$22,$-18,$5,$0,$-8,$-10,$43,$-18,$-28,$0,$0,$0,$0,$-0,$-46,$-0,$0,$-0,$11,$11,$0,$0,$11,$8,$15,$0
38,2009-03-31,18.83,$1.67,11.27,$1.68,11.2,$0.01,1776.42,$0.30,63.83,$0.29B,$0.07B,4.09,$0.14B,$0.28B,0.52,$0.30B,$0.26B,88.81%,$0.30B,$0.06B,19.32%,$0.30B,$0.06B,19.32%,$0.30B,$0.07B,22.37%,$0.30B,$0.05B,18.31%,$0.30B,$0.05B,17.63%,$0.05B,$0.28B,25.27%,$0.05B,$0.22B,31.52%,$0.05B,$0.49B,11.69%,$0.06B,$0.42B,15.24%,$81,$10,$71,$19,$37,$66,$16,$-0,$15,$1,$15,$15,$15,$19,$16,$163,181,$0.09,$0.08,$139,$49,$0,$286,$145,$0,$51,$5,$205,$492,$70,$141,$5,$147,$217,$0,$-682,$3,$275,$492,$15,$3,$10,$13,$-6,$1,$0,$-5,$-12,$16,$-6,$-13,$0,$0,$0,$0,$-0,$-19,$-0,$0,$-0,$4,$4,$0,$0,$4,$1,$8,$0
39,2008-12-31,18.1,$1.52,11.94,$1.54,11.77,$-0.17,0.0,$0.19,96.51,$0.28B,$0.08B,3.28,$0.14B,$0.25B,0.57,$0.26B,$0.23B,88.85%,$0.26B,$0.04B,13.85%,$0.26B,$0.04B,13.85%,$0.26B,$0.04B,16.54%,$0.26B,$0.04B,13.46%,$0.26B,$0.03B,12.69%,$0.03B,$0.25B,20.12%,$0.03B,$0.20B,25.68%,$0.03B,$0.48B,8.00%,$0.04B,$0.39B,10.40%,$77,$7,$71,$15,$39,$61,$17,$0,$17,$1,$15,$15,$15,$19,$17,$155,180,$0.10,$0.10,$138,$50,$0,$277,$140,$0,$52,$5,$200,$478,$84,$141,$4,$146,$231,$0,$-696,$3,$247,$478,$33,$8,$24,$32,$-31,$-16,$0,$2,$-12,$53,$-40,$-9,$0,$9,$0,$9,$0,$-39,$-0,$0,$-0,$29,$29,$0,$-0,$28,$43,$24,$0
40,2008-09-30,19.65,$1.12,17.62,$1.34,14.66,$-1.68,0.0,$0.02,982.5,$0.27B,$0.06B,4.41,$0.19B,$0.17B,1.12,$0.22B,$0.19B,87.56%,$0.22B,$0.01B,2.30%,$0.22B,$0.01B,2.30%,$0.22B,$0.01B,5.53%,$0.22B,$0.01B,2.30%,$0.22B,$0.01B,2.76%,$0.01B,$0.17B,4.70%,$0.01B,$0.14B,6.00%,$0.01B,$0.43B,1.59%,$0.01B,$0.37B,1.55%,$77,$9,$68,$15,$32,$56,$21,$-1,$20,$0,$20,$20,$20,$23,$21,$153,180,$0.13,$0.12,$126,$50,$0,$270,$128,$0,$30,$2,$160,$430,$61,$194,$1,$195,$257,$0,$-711,$5,$174,$430,$18,$6,$18,$23,$-26,$-16,$0,$0,$-19,$22,$-27,$-3,$0,$9,$0,$9,$0,$-21,$-0,$0,$-0,$28,$28,$0,$-0,$28,$29,$18,$0
41,2008-06-30,18.13,$0.82,22.04,$1.07,17.02,$-2.84,0.0,$-0.23,0.0,$0.23B,$0.06B,4.18,$0.20B,$0.13B,1.55,$0.16B,$0.14B,87.65%,$0.16B,$-0.04B,-23.46%,$0.16B,$-0.04B,-23.46%,$0.16B,$-0.03B,-19.75%,$0.16B,$-0.04B,-21.60%,$0.16B,$-0.03B,-20.99%,$-0.03B,$0.13B,-31.63%,$-0.03B,$0.10B,-41.34%,$-0.03B,$0.38B,-9.73%,$-0.04B,$0.32B,-12.54%,$60,$7,$52,$17,$33,$57,$3,$-0,$2,$-0,$2,$2,$2,$5,$3,$151,158,$0.02,$0.02,$108,$48,$0,$228,$119,$0,$30,$1,$151,$379,$55,$197,$1,$198,$252,$0,$-731,$-2,$127,$379,$-2,$4,$14,$17,$-9,$-15,$0,$6,$-13,$3,$-17,$-3,$0,$9,$0,$9,$0,$-11,$-0,$5,$5,$14,$14,$0,$-0,$19,$11,$12,$0
42,2008-03-31,14.83,$0.71,20.96,$0.76,19.62,$-3.58,0.0,$-0.44,0.0,$0.22B,$0.06B,3.73,$0.20B,$0.11B,1.82,$0.11B,$0.10B,88.39%,$0.11B,$-0.07B,-62.50%,$0.11B,$-0.07B,-62.50%,$0.11B,$-0.07B,-58.04%,$0.11B,$-0.06B,-57.14%,$0.11B,$-0.06B,-56.25%,$-0.06B,$0.11B,-63.16%,$-0.06B,$0.08B,-81.82%,$-0.06B,$0.36B,-19.15%,$-0.07B,$0.31B,-24.12%,$46,$5,$40,$16,$30,$51,$-5,$1,$-4,$-0,$-4,$-4,$-4,$-4,$-5,$150,150,$-0.03,$-0.03,$107,$33,$0,$218,$111,$0,$30,$4,$146,$364,$58,$197,$1,$198,$256,$0,$-734,$-2,$108,$364,$-4,$1,$7,$8,$-7,$0,$0,$-4,$-15,$-11,$-8,$-3,$0,$0,$0,$0,$1,$-2,$-0,$18,$18,$4,$4,$0,$0,$22,$10,$6,$0
43,2007-12-31,18.76,$0.67,27.96,$0.50,37.8,$-3.84,0.0,$-0.64,0.0,$0.20B,$0.04B,5.42,$0.19B,$0.10B,1.92,$0.07B,$0.07B,90.28%,$0.07B,$-0.10B,-138.89%,$0.07B,$-0.10B,-138.89%,$0.07B,$-0.10B,-131.94%,$0.07B,$-0.09B,-129.17%,$0.07B,$-0.09B,-127.78%,$-0.09B,$0.10B,-92.00%,$-0.09B,$0.08B,-115.36%,$-0.09B,$0.33B,-29.21%,$-0.10B,$0.30B,-35.06%,$34,$3,$30,$16,$29,$48,$-14,$1,$-13,$-0,$-12,$-12,$-12,$-12,$-14,$145,145,$-0.08,$-0.08,$106,$33,$0,$204,$104,$0,$21,$5,$130,$334,$38,$194,$1,$195,$233,$0,$-729,$-1,$102,$334,$-92,$5,$22,$27,$-50,$-31,$0,$-6,$-74,$-140,$-69,$0,$0,$39,$0,$39,$33,$3,$18,$0,$18,$47,$47,$0,$0,$65,$-72,$22,$0
44,2007-09-30,16.29,$0.62,26.27,$0.26,61.56,$-3.52,0.0,$-0.85,0.0,$0.19B,$0.03B,5.73,$0.20B,$0.09B,2.1,$0.04B,$0.04B,92.11%,$0.04B,$-0.13B,-334.21%,$0.04B,$-0.13B,-334.21%,$0.04B,$-0.12B,-323.68%,$0.04B,$-0.12B,-313.16%,$0.04B,$-0.12B,-313.16%,$-0.12B,$0.09B,-112.53%,$-0.12B,$0.07B,-138.78%,$-0.12B,$0.32B,-37.78%,$-0.13B,$0.29B,-44.33%,$22,$2,$20,$17,$25,$44,$-22,$2,$-20,$-0,$-20,$-20,$-20,$-21,$-22,$147,147,$-0.14,$-0.14,$112,$32,$0,$191,$93,$0,$20,$17,$130,$321,$33,$195,$1,$195,$228,$0,$-717,$-1,$93,$321,$-80,$3,$16,$20,$-32,$-30,$7,$-4,$-58,$-118,$-56,$0,$0,$29,$0,$29,$20,$-7,$18,$0,$18,$32,$32,$0,$0,$50,$-75,$16,$0
45,2007-06-30,11.27,$0.66,17.2,$0.12,97.16,$-3.15,0.0,$-0.98,0.0,$0.19B,$0.02B,7.81,$0.18B,$0.10B,1.83,$0.02B,$0.02B,93.75%,$0.02B,$-0.14B,-862.50%,$0.02B,$-0.14B,-862.50%,$0.02B,$-0.13B,-837.50%,$0.02B,$-0.13B,-818.75%,$0.02B,$-0.13B,-818.75%,$-0.13B,$0.10B,-154.57%,$-0.13B,$0.08B,-202.32%,$-0.13B,$0.30B,-45.57%,$-0.14B,$0.27B,-52.87%,$10,$1,$9,$15,$23,$39,$-29,$2,$-27,$-0,$-27,$-27,$-27,$-28,$-29,$144,144,$-0.19,$-0.19,$143,$15,$0,$187,$77,$0,$20,$13,$110,$297,$24,$177,$0,$177,$201,$0,$-697,$-1,$96,$297,$-60,$2,$10,$12,$-10,$-13,$0,$-6,$-32,$-80,$-39,$0,$0,$20,$0,$20,$24,$5,$-0,$0,$-0,$21,$21,$0,$0,$21,$-54,$10,$0
46,2007-03-31,10.81,$0.75,14.39,$0.05,212.12,$-2.76,0.0,$-1.05,0.0,$0.21B,$0.02B,9.19,$0.18B,$0.11B,1.62,$0.01B,$0.01B,100.00%,$0.01B,$-0.14B,-2400.00%,$0.01B,$-0.14B,-2400.00%,$0.01B,$-0.14B,-2333.33%,$0.01B,$-0.14B,-2283.33%,$0.01B,$-0.14B,-2283.33%,$-0.14B,$0.11B,-197.83%,$-0.14B,$0.09B,-278.17%,$-0.14B,$0.31B,-51.31%,$-0.14B,$0.29B,-60.31%,$6,$0,$6,$21,$20,$41,$-35,$2,$-33,$-0,$-33,$-33,$-33,$-34,$-35,$141,141,$-0.23,$-0.23,$184,$3,$0,$207,$55,$0,$20,$26,$101,$308,$23,$176,$0,$176,$199,$0,$-670,$-0,$109,$308,$-33,$1,$5,$6,$-1,$-1,$0,$-6,$-13,$-39,$-16,$0,$0,$3,$0,$3,$11,$-2,$-0,$0,$-0,$11,$11,$0,$0,$11,$-30,$5,$0
47,2006-12-31,10.1,$0.88,11.5,$0.01,807.99,$-2.59,0.0,$-1.04,0.0,$0.24B,$0.03B,8.51,$0.18B,$0.13B,1.41,$0.00B,$0.00B,100.00%,$0.00B,$-0.14B,-13800.00%,$0.00B,$-0.14B,-13800.00%,$0.00B,$-0.13B,-13400.00%,$0.00B,$-0.13B,-13100.00%,$0.00B,$-0.13B,-13100.00%,$-0.13B,$0.13B,-226.84%,$-0.13B,$0.11B,-347.02%,$-0.13B,$0.33B,-52.51%,$-0.14B,$0.30B,-62.51%,$0,$0,$0,$17,$24,$41,$-41,$2,$-39,$-0,$-39,$-39,$-39,$-40,$-41,$127,127,$-0.30,$-0.30,$217,$2,$0,$237,$39,$0,$20,$38,$97,$334,$28,$176,$0,$181,$209,$0,$-638,$-0,$125,$334,$-132,$4,$21,$25,$0,$-2,$0,$-4,$-3,$-110,$-32,$0,$0,$119,$0,$119,$-34,$54,$26,$0,$26,$154,$154,$0,$0,$179,$123,$21,$0
