,Date,Stock Price,Book Value per Share,Price to Book Ratio,TTM Sales per Share,Price to Sales Ratio,TTM FCF per Share,Price to FCF Ratio,TTM Net EPS,PE Ratio,Current Assets,Current Liabilities,Current Ratio,Long Term Debt,Shareholder's Equity_x,Debt to Equity Ratio,TTM Revenue_x,TTM Gross Profit,Gross Margin,TTM Revenue_y,TTM Operating Income,Operating Margin,TTM Revenue_x,TTM EBIT,EBIT Margin,TTM Revenue_y,TTM EBITDA,EBITDA Margin,TTM Revenue_x,TTM Pre-Tax Income,Pre-Tax Margin,TTM Revenue_y,TTM Net Income_x,Net Margin,TTM Net Income_y,Shareholder's Equity_y,Return on Equity,TTM Net Income_x,Tangible Equity,Return on Tangible Equity,TTM Net Income_y,Total Assets,Return on Assets,TTM Net Income,LT Investments & Debt,Return on Investment,revenue,cost-goods-sold,gross-profit,research-development-expenses,selling-general-administrative-expenses,operating-expenses,operating-income,total-non-operating-income-expense,pre-tax-income,total-provision-income-taxes,income-after-taxes,income-from-continuous-operations,net-income,ebitda,ebit,basic-shares-outstanding,shares-outstanding,eps-basic-net-earnings-per-share,eps-earnings-per-share-diluted,cash-on-hand,inventory,other-current-assets,total-current-assets,net-property-plant-equipment,long-term-investments,goodwill-intangible-assets-total,other-long-term-assets,total-long-term-assets,total-assets,total-current-liabilities,long-term-debt,other-non-current-liabilities,total-long-term-liabilities,total-liabilities,common-stock-net,retained-earnings-accumulated-deficit,comprehensive-income,total-share-holder-equity,total-liabilities-share-holders-equity,net-income-loss,total-depreciation-amortization-cash-flow,other-non-cash-items,total-non-cash-items,change-in-accounts-receivable,change-in-inventories,change-in-accounts-payable,change-in-assets-liabilities,total-change-in-assets-liabilities,cash-flow-from-operating-activities,net-change-in-property-plant-equipment,net-change-in-intangible-assets,net-acquisitions-divestitures,net-change-in-short-term-investments,net-change-in-long-term-investments,net-change-in-investments-total,investing-activities-other,cash-flow-from-investing-activities,net-long-term-debt,net-current-debt,debt-issuance-retirement-net-total,net-common-equity-issued-repurchased,net-total-equity-issued-repurchased,total-common-preferred-stock-dividends-paid,financial-activities-other,cash-flow-from-financial-activities,net-cash-flow,stock-based-compensation,common-stock-dividends-paid
0,2018-09-30,20.0,$22.08,0.91,$18.27,1.09,$8.98,2.23,$-1.18,0.0,$0.55B,$0.19B,2.87,$0.26B,$0.76B,0.34,$0.63B,$0.35B,55.56%,$0.63B,$-0.02B,-3.81%,$0.63B,$-0.02B,-3.81%,$0.63B,$0.22B,34.29%,$0.63B,$-0.12B,-18.89%,$0.63B,$-0.04B,-6.35%,$-0.04B,$0.76B,-5.30%,$-0.04B,$0.11B,39.60%,$-0.04B,$1.22B,-2.36%,$-0.02B,$1.02B,-1.76%,$122,$46,$76,$10,$72,$142,$-19,$-48,$-67,$-2,$-65,$-65,$31,$16,$-19,$34,34,$0.89,$0.89,$428,$28,$0,$554,$7,$0,$653,$1,$662,$1216,$193,$258,$2,$260,$454,$0,$-520,$-4,$762,$1216,$-43,$170,$-58,$112,$7,$4,$0,$10,$16,$85,$-2,$0,$519,$-4,$0,$-4,$0,$513,$-503,$0,$-503,$3,$3,$0,$-3,$-503,$95,$15,$0
1,2018-06-30,19.5,$21.14,0.92,$18.24,1.07,$8.84,2.2,$-6.38,0.0,$0.58B,$0.28B,2.06,$0.72B,$0.73B,0.99,$0.63B,$0.37B,58.07%,$0.63B,$-0.26B,-40.98%,$0.63B,$-0.26B,-40.98%,$0.63B,$-0.02B,-3.32%,$0.63B,$-0.32B,-51.11%,$0.63B,$-0.22B,-35.28%,$-0.22B,$0.73B,-29.18%,$-0.22B,$0.04B,79.57%,$-0.22B,$1.83B,-11.83%,$-0.26B,$1.45B,-17.30%,$146,$77,$69,$12,$16,$104,$42,$-15,$27,$53,$-26,$-26,$-20,$113,$42,$34,34,$-0.58,$-0.58,$351,$31,$77,$575,$7,$0,$684,$560,$1253,$1827,$279,$722,$100,$822,$1101,$0,$-551,$-4,$727,$1827,$-74,$134,$1,$135,$-11,$1,$0,$7,$24,$85,$-2,$0,$0,$-3,$0,$-3,$0,$-4,$0,$0,$0,$1,$1,$0,$-2,$-1,$20,$11,$0
2,2018-03-31,20.15,$21.56,0.93,$17.70,1.14,$8.00,2.52,$-6.20,0.0,$0.52B,$0.33B,1.57,$0.72B,$0.74B,0.97,$0.62B,$0.40B,64.29%,$0.62B,$-0.30B,-48.38%,$0.62B,$-0.30B,-48.38%,$0.62B,$-0.10B,-15.58%,$0.62B,$-0.37B,-60.55%,$0.62B,$-0.22B,-35.23%,$-0.22B,$0.74B,-26.49%,$-0.22B,$-0.55B,44.02%,$-0.22B,$1.84B,-10.81%,$-0.30B,$1.46B,-19.05%,$146,$69,$77,$11,$91,$191,$-45,$-15,$-60,$-6,$-54,$-54,$-54,$19,$-45,$34,34,$-1.59,$-1.59,$371,$32,$0,$518,$26,$0,$1288,$3,$1317,$1835,$329,$718,$3,$766,$1095,$0,$-531,$-4,$740,$1835,$-54,$63,$-0,$63,$3,$4,$0,$-0,$37,$46,$-1,$0,$0,$0,$-3,$-3,$0,$-4,$0,$0,$0,$0,$0,$0,$-2,$-2,$40,$6,$0
3,2017-12-31,13.25,$23.19,0.57,$17.47,0.76,$6.25,2.12,$-5.67,0.0,$0.48B,$0.28B,1.74,$0.74B,$0.79B,0.93,$0.61B,$0.43B,69.95%,$0.61B,$-0.29B,-48.11%,$0.61B,$-0.29B,-48.11%,$0.61B,$-0.12B,-20.36%,$0.61B,$-0.37B,-60.76%,$0.61B,$-0.20B,-32.84%,$-0.20B,$0.79B,-23.11%,$-0.20B,$-0.01B,36.25%,$-0.20B,$1.90B,-9.28%,$-0.29B,$1.53B,-17.53%,$216,$87,$128,$12,$119,$218,$-2,$-17,$-19,$-26,$7,$7,$3,$68,$-2,$35,35,$0.06,$0.06,$299,$34,$46,$482,$8,$0,$798,$565,$1418,$1900,$278,$735,$98,$832,$1110,$0,$-478,$-4,$790,$1900,$-199,$170,$132,$302,$-15,$-2,$0,$5,$5,$108,$-9,$-56,$0,$0,$168,$168,$0,$103,$-33,$-192,$-225,$-16,$-16,$0,$-52,$-293,$-82,$24,$0
4,2017-09-30,18.45,$22.63,0.82,$15.70,1.18,$10.42,1.77,$-6.08,0.0,$0.54B,$0.34B,1.59,$0.76B,$0.80B,0.94,$0.55B,$0.41B,75.96%,$0.55B,$-0.28B,-50.64%,$0.55B,$-0.28B,-50.64%,$0.55B,$-0.14B,-26.24%,$0.55B,$-0.35B,-64.95%,$0.55B,$-0.21B,-39.27%,$-0.21B,$0.80B,-23.74%,$-0.21B,$-0.61B,28.57%,$-0.21B,$1.98B,-9.31%,$-0.28B,$1.56B,-15.63%,$124,$31,$93,$16,$12,$379,$-254,$-17,$-271,$-115,$-156,$-156,$-152,$-221,$-254,$35,35,$-4.31,$-4.31,$394,$37,$0,$540,$25,$0,$1409,$3,$1437,$1977,$340,$755,$3,$837,$1176,$0,$-481,$-4,$800,$1977,$-203,$100,$158,$257,$-9,$-1,$0,$12,$32,$87,$-7,$-56,$0,$169,$0,$169,$0,$106,$-200,$0,$-200,$2,$2,$0,$-12,$-209,$-66,$18,$0
5,2017-06-30,18.4,$26.86,0.69,$15.59,1.18,$12.44,1.48,$-1.34,0.0,$0.54B,$0.36B,1.51,$0.77B,$0.95B,0.81,$0.57B,$0.43B,76.81%,$0.57B,$0.02B,3.01%,$0.57B,$0.02B,3.01%,$0.57B,$0.15B,26.19%,$0.57B,$-0.06B,-10.97%,$0.57B,$-0.05B,-8.14%,$-0.05B,$0.95B,-4.92%,$-0.05B,$-0.81B,5.73%,$-0.05B,$2.32B,-1.89%,$0.02B,$1.72B,0.92%,$130,$32,$98,$30,$59,$127,$3,$-26,$-23,$-9,$-14,$-14,$-14,$38,$3,$35,35,$-0.40,$-0.40,$399,$37,$0,$537,$22,$0,$1756,$4,$1781,$2319,$355,$770,$54,$1016,$1371,$0,$-329,$-4,$947,$2319,$-51,$66,$-2,$64,$0,$-1,$0,$5,$45,$58,$-3,$-47,$0,$166,$0,$166,$0,$117,$-178,$0,$-178,$1,$1,$0,$-12,$-189,$-77,$12,$0
6,2017-03-31,22.55,$26.83,0.84,$15.61,1.44,$14.01,1.61,$-0.96,0.0,$0.69B,$0.31B,2.24,$0.97B,$0.92B,1.04,$0.56B,$0.44B,77.58%,$0.56B,$0.03B,5.69%,$0.56B,$0.03B,5.69%,$0.56B,$0.15B,27.22%,$0.56B,$-0.04B,-6.76%,$0.56B,$-0.03B,-5.87%,$-0.03B,$0.92B,-3.56%,$-0.03B,$-0.78B,4.03%,$-0.03B,$2.42B,-1.33%,$0.03B,$1.89B,1.70%,$139,$33,$107,$16,$70,$179,$-40,$-17,$-57,$-21,$-37,$-37,$-37,$-9,$-40,$34,34,$-1.06,$-1.06,$558,$37,$0,$689,$23,$0,$1707,$4,$1733,$2422,$308,$965,$54,$1190,$1498,$0,$-315,$-4,$924,$2422,$-37,$31,$-14,$17,$7,$-0,$0,$3,$5,$-15,$-1,$0,$0,$0,$-1,$-1,$0,$-1,$-4,$0,$-4,$0,$0,$0,$-1,$-6,$-22,$6,$0
7,2016-12-31,34.8,$27.21,1.28,$14.70,2.37,$15.19,2.29,$-0.12,0.0,$0.72B,$0.31B,2.3,$0.97B,$0.93B,1.03,$0.53B,$0.41B,77.82%,$0.53B,$0.08B,14.85%,$0.53B,$0.08B,14.85%,$0.53B,$0.19B,36.09%,$0.53B,$0.01B,1.69%,$0.53B,$-0.00B,-0.75%,$-0.00B,$0.93B,-0.43%,$-0.00B,$-0.80B,0.47%,$-0.00B,$2.48B,-0.16%,$0.08B,$1.90B,4.20%,$152,$35,$116,$21,$78,$137,$15,$-17,$-3,$8,$-11,$-11,$-11,$49,$15,$34,34,$-0.30,$-0.26,$579,$37,$0,$719,$24,$0,$1732,$4,$1760,$2478,$313,$965,$54,$1231,$1544,$0,$-300,$-4,$934,$2478,$-2,$113,$78,$191,$-10,$-2,$0,$21,$58,$246,$-5,$0,$0,$0,$-67,$-67,$0,$-73,$-18,$0,$-18,$-16,$-16,$0,$-94,$-128,$46,$23,$0
8,2016-09-30,24.51,$27.42,0.89,$13.36,1.83,$10.87,2.26,$0.39,62.85,$0.74B,$0.33B,2.24,$0.93B,$0.94B,0.99,$0.49B,$0.38B,77.91%,$0.49B,$0.09B,17.79%,$0.49B,$0.09B,17.79%,$0.49B,$0.19B,38.24%,$0.49B,$0.02B,3.48%,$0.49B,$0.01B,2.86%,$0.01B,$0.94B,1.51%,$0.01B,$-0.82B,-1.60%,$0.01B,$2.53B,0.56%,$0.09B,$1.86B,4.63%,$144,$31,$113,$17,$57,$105,$39,$-17,$21,$5,$16,$16,$16,$70,$39,$34,42,$0.47,$0.43,$614,$38,$0,$737,$25,$0,$1762,$4,$1791,$2528,$329,$925,$131,$1261,$1590,$0,$-290,$-3,$938,$2528,$8,$78,$43,$121,$13,$-1,$0,$22,$54,$184,$-3,$0,$0,$0,$-70,$-70,$0,$-74,$-13,$0,$-13,$-18,$-18,$0,$-2,$-33,$77,$17,$0
9,2016-06-30,23.92,$26.82,0.89,$12.84,1.86,$8.32,2.87,$-0.66,0.0,$0.67B,$0.30B,2.24,$0.94B,$0.92B,1.03,$0.44B,$0.34B,77.55%,$0.44B,$0.05B,10.66%,$0.44B,$0.05B,10.66%,$0.44B,$0.14B,30.84%,$0.44B,$-0.04B,-8.84%,$0.44B,$-0.02B,-5.22%,$-0.02B,$0.92B,-2.49%,$-0.02B,$-0.87B,2.56%,$-0.02B,$2.48B,-0.92%,$0.05B,$1.86B,2.48%,$127,$27,$100,$14,$52,$109,$18,$-17,$1,$1,$-1,$-1,$-1,$43,$18,$34,34,$-0.02,$-0.02,$546,$40,$0,$666,$27,$0,$1784,$4,$1815,$2481,$297,$939,$129,$1268,$1565,$0,$-306,$-3,$916,$2481,$-8,$48,$27,$75,$20,$0,$0,$19,$44,$111,$-3,$0,$0,$-99,$43,$-56,$0,$-59,$-9,$0,$-9,$-18,$-18,$0,$-2,$-29,$22,$11,$0
10,2016-03-31,23.4,$26.70,0.88,$11.99,1.95,$6.81,3.44,$0.18,130.0,$0.62B,$0.25B,2.5,$0.97B,$0.92B,1.05,$0.44B,$0.35B,79.00%,$0.44B,$0.09B,20.55%,$0.44B,$0.09B,20.55%,$0.44B,$0.18B,40.64%,$0.44B,$0.01B,2.51%,$0.44B,$0.01B,2.51%,$0.01B,$0.92B,1.26%,$0.01B,$-0.90B,-1.43%,$0.01B,$2.47B,0.48%,$0.09B,$1.90B,5.31%,$109,$24,$85,$14,$63,$102,$7,$-18,$-10,$-3,$-8,$-8,$-8,$30,$7,$35,35,$-0.22,$-0.22,$480,$42,$0,$622,$28,$0,$1820,$4,$1851,$2474,$249,$973,$133,$1302,$1551,$0,$-305,$-3,$923,$2474,$-8,$23,$12,$35,$1,$-2,$0,$7,$-1,$27,$-1,$0,$0,$0,$-38,$-38,$0,$-39,$-4,$0,$-4,$-7,$-7,$0,$-2,$-13,$-25,$6,$0
11,2015-12-31,30.19,$26.84,1.12,$11.18,2.7,$6.83,4.42,$0.79,38.22,$0.61B,$0.25B,2.47,$0.97B,$0.93B,1.05,$0.42B,$0.33B,78.52%,$0.42B,$0.11B,26.73%,$0.42B,$0.11B,26.73%,$0.42B,$0.19B,46.30%,$0.42B,$0.04B,9.55%,$0.42B,$0.03B,7.64%,$0.03B,$0.93B,3.96%,$0.03B,$-0.90B,-4.93%,$0.03B,$2.48B,1.54%,$0.11B,$1.91B,7.47%,$109,$25,$83,$8,$50,$86,$23,$-18,$5,$-2,$7,$7,$7,$44,$23,$31,35,$0.10,$0.34,$466,$41,$0,$607,$29,$0,$1836,$5,$1870,$2476,$246,$974,$129,$1298,$1544,$0,$-298,$-4,$932,$2476,$33,$83,$34,$117,$-37,$-5,$0,$-19,$-54,$96,$-1,$0,$-682,$0,$-216,$-216,$-0,$-899,$507,$0,$507,$423,$423,$0,$-18,$912,$109,$17,$0
12,2015-09-30,39.73,$26.51,1.5,$10.21,3.89,$4.60,8.64,$5.26,7.55,$0.66B,$0.27B,2.46,$0.99B,$0.92B,1.07,$0.36B,$0.29B,79.06%,$0.36B,$0.09B,23.69%,$0.36B,$0.09B,23.69%,$0.36B,$0.16B,42.98%,$0.36B,$0.03B,6.89%,$0.36B,$0.17B,46.28%,$0.17B,$0.92B,24.31%,$0.17B,$-0.93B,-28.87%,$0.17B,$2.55B,9.33%,$0.09B,$1.91B,6.86%,$96,$22,$74,$20,$46,$98,$-1,$-33,$-35,$-14,$-21,$-21,$-21,$19,$-1,$33,33,$-0.62,$-0.62,$443,$37,$31,$655,$30,$0,$1849,$20,$1899,$2554,$267,$988,$130,$1368,$1634,$0,$-305,$-4,$920,$2554,$26,$61,$41,$102,$-24,$-1,$0,$-41,$-70,$58,$-0,$0,$-682,$0,$-252,$-252,$-0,$-934,$512,$0,$512,$423,$423,$0,$-10,$924,$48,$12,$0
13,2015-06-30,69.06,$23.10,2.99,$8.41,8.21,$2.42,28.56,$5.94,11.63,$0.56B,$0.32B,1.72,$0.35B,$0.71B,0.49,$0.29B,$0.24B,80.82%,$0.29B,$0.09B,31.16%,$0.29B,$0.09B,31.16%,$0.29B,$0.14B,49.32%,$0.29B,$0.06B,20.89%,$0.29B,$0.19B,65.07%,$0.19B,$0.71B,37.24%,$0.19B,$-0.35B,-62.35%,$0.19B,$1.64B,14.90%,$0.09B,$1.06B,10.49%,$124,$20,$104,$8,$32,$63,$61,$-10,$51,$18,$33,$33,$33,$85,$61,$31,43,$1.09,$0.82,$398,$34,$0,$555,$2,$0,$1067,$14,$1084,$1639,$324,$351,$130,$602,$926,$0,$-284,$-4,$713,$1639,$46,$41,$32,$73,$-18,$-1,$0,$-39,$-47,$72,$-1,$0,$1,$0,$-285,$-285,$0,$-285,$-17,$0,$-17,$201,$201,$0,$-0,$184,$-29,$7,$0
14,2015-03-31,54.66,$21.98,2.49,$6.67,8.2,$0.31,179.21,$5.05,10.82,$0.52B,$0.17B,3.12,$0.45B,$0.67B,0.67,$0.19B,$0.15B,79.79%,$0.19B,$0.03B,16.06%,$0.19B,$0.03B,16.06%,$0.19B,$0.06B,32.64%,$0.19B,$0.01B,4.15%,$0.19B,$0.16B,80.31%,$0.16B,$0.67B,40.76%,$0.16B,$-0.41B,-89.99%,$0.16B,$1.62B,15.86%,$0.03B,$1.12B,4.49%,$90,$21,$68,$7,$32,$61,$29,$-10,$19,$6,$13,$13,$13,$46,$29,$27,38,$0.47,$0.39,$361,$36,$0,$520,$1,$0,$1082,$17,$1101,$1620,$167,$451,$226,$783,$949,$0,$-318,$-4,$671,$1620,$13,$17,$11,$28,$-18,$3,$0,$-2,$-11,$29,$-0,$0,$0,$0,$-92,$-92,$0,$-92,$-8,$0,$-8,$196,$196,$0,$-0,$188,$125,$3,$0
15,2014-12-31,42.62,$17.97,2.37,$5.28,8.07,$-0.97,0.0,$4.33,9.84,$0.27B,$0.17B,1.65,$0.46B,$0.46B,1.0,$0.12B,$0.10B,83.87%,$0.12B,$-0.00B,-3.23%,$0.12B,$-0.00B,-3.23%,$0.12B,$0.01B,10.48%,$0.12B,$-0.02B,-14.52%,$0.12B,$0.14B,108.87%,$0.14B,$0.46B,51.87%,$0.14B,$-0.63B,-519.23%,$0.14B,$1.39B,19.74%,$-0.00B,$0.92B,-0.80%,$53,$12,$41,$8,$28,$57,$-3,$-7,$-10,$0,$143,$143,$143,$6,$-3,$22,25,$6.39,$5.79,$144,$41,$0,$274,$2,$0,$1094,$20,$1115,$1389,$166,$461,$224,$762,$929,$0,$-330,$-4,$460,$1389,$136,$16,$-144,$-128,$4,$-1,$0,$-9,$4,$11,$-0,$0,$-596,$160,$0,$160,$3,$-433,$488,$0,$488,$34,$34,$0,$-8,$514,$92,$9,$0
16,2014-09-30,31.91,$8.94,3.57,$4.17,7.65,$-1.67,0.0,$-0.51,0.0,$0.43B,$0.04B,10.99,$0.17B,$0.20B,0.84,$0.09B,$0.08B,87.10%,$0.09B,$-0.01B,-5.38%,$0.09B,$-0.01B,-5.38%,$0.09B,$0.00B,4.30%,$0.09B,$-0.01B,-12.90%,$0.09B,$-0.01B,-12.90%,$-0.01B,$0.20B,-6.37%,$-0.01B,$0.18B,-7.00%,$-0.01B,$0.45B,-2.98%,$-0.01B,$0.36B,-1.61%,$25,$3,$23,$5,$11,$21,$4,$-3,$1,$0,$1,$1,$1,$7,$4,$22,23,$0.07,$0.06,$386,$20,$0,$427,$2,$0,$17,$6,$24,$451,$39,$166,$13,$216,$254,$0,$-473,$-4,$197,$451,$-7,$7,$5,$12,$-4,$-2,$0,$-8,$-15,$-10,$-0,$0,$0,$0,$-5,$-5,$3,$-2,$160,$0,$160,$29,$29,$0,$-7,$182,$169,$6,$0
17,2014-06-30,20.72,$8.79,2.36,$4.08,5.07,$-1.65,0.0,$-0.58,0.0,$0.42B,$0.04B,11.4,$0.16B,$0.19B,0.85,$0.09B,$0.08B,85.56%,$0.09B,$-0.01B,-10.00%,$0.09B,$-0.01B,-10.00%,$0.09B,$-0.00B,-1.11%,$0.09B,$-0.01B,-14.44%,$0.09B,$-0.01B,-14.44%,$-0.01B,$0.19B,-7.12%,$-0.01B,$0.18B,-7.84%,$-0.01B,$0.45B,-3.65%,$-0.01B,$0.36B,-3.41%,$25,$3,$22,$5,$16,$24,$1,$-3,$-2,$0,$-2,$-2,$-2,$4,$1,$22,22,$-0.07,$-0.07,$386,$22,$0,$424,$2,$0,$17,$6,$25,$449,$37,$164,$16,$219,$256,$0,$-475,$-3,$193,$449,$-9,$4,$6,$10,$-4,$-3,$0,$-5,$-12,$-10,$-0,$0,$0,$0,$1,$1,$3,$4,$160,$0,$160,$28,$28,$0,$-7,$181,$175,$4,$0
18,2014-03-31,19.35,$8.74,2.22,$3.86,5.01,$-1.61,0.0,$-0.60,0.0,$0.42B,$0.04B,11.66,$0.16B,$0.19B,0.85,$0.09B,$0.07B,84.71%,$0.09B,$-0.01B,-15.29%,$0.09B,$-0.01B,-15.29%,$0.09B,$-0.01B,-7.06%,$0.09B,$-0.01B,-15.29%,$0.09B,$-0.01B,-15.29%,$-0.01B,$0.19B,-7.34%,$-0.01B,$0.17B,-8.11%,$-0.01B,$0.45B,-4.20%,$-0.01B,$0.35B,-5.97%,$21,$3,$18,$6,$17,$27,$-6,$-1,$-7,$0,$-7,$-7,$-7,$-4,$-6,$22,22,$-0.33,$-0.33,$385,$21,$0,$421,$2,$0,$17,$7,$25,$446,$36,$163,$16,$219,$255,$0,$-473,$-3,$191,$446,$-7,$2,$4,$6,$-3,$-3,$0,$-3,$-10,$-11,$-0,$0,$0,$0,$2,$2,$3,$5,$160,$0,$160,$27,$27,$0,$-6,$180,$174,$2,$0
19,2013-12-31,24.28,$7.92,3.07,$3.74,6.5,$-1.54,0.0,$-0.45,0.0,$0.24B,$0.03B,7.38,$0.00B,$0.17B,0.0,$0.08B,$0.07B,84.15%,$0.08B,$-0.01B,-13.41%,$0.08B,$-0.01B,-13.41%,$0.08B,$-0.01B,-6.10%,$0.08B,$-0.01B,-12.20%,$0.08B,$-0.01B,-12.20%,$-0.01B,$0.17B,-5.81%,$-0.01B,$0.16B,-6.27%,$-0.01B,$0.27B,-3.85%,$-0.01B,$0.17B,-6.40%,$22,$3,$18,$7,$15,$26,$-4,$0,$-4,$0,$-4,$-4,$-4,$-3,$-4,$22,22,$-0.16,$-0.16,$214,$17,$3,$244,$2,$0,$17,$2,$21,$265,$33,$0,$15,$60,$93,$0,$-466,$-3,$172,$265,$-10,$6,$10,$16,$-0,$-1,$0,$-6,$-13,$-7,$1,$0,$-3,$0,$-9,$-9,$-3,$-14,$0,$0,$0,$1,$1,$0,$-0,$1,$-19,$8,$0
20,2013-09-30,21.47,$8.02,2.68,$3.72,5.77,$-1.34,0.0,$-0.45,0.0,$0.25B,$0.03B,7.91,$0.00B,$0.17B,0.0,$0.08B,$0.07B,83.95%,$0.08B,$-0.01B,-13.58%,$0.08B,$-0.01B,-13.58%,$0.08B,$-0.01B,-6.17%,$0.08B,$-0.01B,-12.35%,$0.08B,$-0.01B,-12.35%,$-0.01B,$0.17B,-5.81%,$-0.01B,$0.16B,-6.11%,$-0.01B,$0.27B,-3.87%,$-0.01B,$0.17B,-6.39%,$22,$3,$19,$5,$15,$22,$-0,$0,$-0,$0,$-0,$-0,$-0,$2,$-0,$22,22,$-0.01,$-0.01,$214,$15,$2,$246,$2,$0,$17,$0,$19,$265,$31,$0,$15,$59,$90,$0,$-463,$-4,$174,$265,$-6,$5,$6,$11,$-2,$1,$0,$-5,$-14,$-9,$-0,$0,$-3,$0,$-4,$-4,$-0,$-8,$0,$0,$0,$2,$2,$0,$-0,$2,$-15,$6,$0
21,2013-06-30,22.25,$7.90,2.82,$3.56,6.26,$-1.76,0.0,$-0.63,0.0,$0.24B,$0.03B,8.1,$0.00B,$0.17B,0.0,$0.08B,$0.06B,80.52%,$0.08B,$-0.02B,-20.78%,$0.08B,$-0.02B,-20.78%,$0.08B,$-0.01B,-12.99%,$0.08B,$-0.01B,-18.18%,$0.08B,$-0.01B,-18.18%,$-0.01B,$0.17B,-8.12%,$-0.01B,$0.15B,-8.32%,$-0.01B,$0.26B,-5.53%,$-0.02B,$0.17B,-9.28%,$20,$3,$17,$4,$15,$22,$-3,$1,$-2,$0,$-2,$-2,$-2,$-1,$-3,$22,22,$-0.09,$-0.09,$212,$13,$2,$243,$2,$0,$17,$0,$20,$262,$30,$0,$15,$61,$91,$0,$-462,$-4,$171,$262,$-6,$3,$4,$7,$-2,$1,$0,$-4,$-11,$-10,$1,$0,$-3,$0,$-6,$-6,$-0,$-9,$0,$0,$0,$1,$1,$0,$0,$1,$-18,$4,$0
22,2013-03-31,23.85,$7.95,3.0,$4.08,5.85,$-2.35,0.0,$-0.39,0.0,$0.25B,$0.03B,9.18,$0.00B,$0.17B,0.0,$0.09B,$0.07B,82.95%,$0.09B,$-0.01B,-10.23%,$0.09B,$-0.01B,-10.23%,$0.09B,$-0.00B,-3.41%,$0.09B,$-0.01B,-10.23%,$0.09B,$-0.01B,-10.23%,$-0.01B,$0.17B,-5.18%,$-0.01B,$0.17B,-5.18%,$-0.01B,$0.25B,-3.58%,$-0.01B,$0.17B,-5.18%,$18,$3,$15,$5,$14,$22,$-4,$1,$-4,$0,$-4,$-4,$-4,$-3,$-4,$22,22,$-0.18,$-0.18,$217,$11,$2,$245,$3,$0,$0,$0,$3,$248,$27,$0,$2,$50,$77,$0,$-461,$-3,$171,$248,$-4,$1,$2,$3,$-2,$2,$0,$-2,$-9,$-10,$0,$0,$0,$0,$-3,$-3,$0,$-3,$0,$0,$0,$0,$0,$0,$0,$0,$-12,$2,$0
23,2012-12-31,14.71,$8.03,1.83,$3.97,3.7,$-2.44,0.0,$-0.79,0.0,$0.25B,$0.03B,7.72,$0.00B,$0.17B,0.0,$0.09B,$0.07B,83.53%,$0.09B,$-0.02B,-21.18%,$0.09B,$-0.02B,-21.18%,$0.09B,$-0.01B,-12.94%,$0.09B,$-0.02B,-20.00%,$0.09B,$-0.02B,-20.00%,$-0.02B,$0.17B,-9.80%,$-0.02B,$0.17B,-9.80%,$-0.02B,$0.26B,-6.73%,$-0.02B,$0.17B,-10.37%,$21,$4,$17,$8,$13,$25,$-4,$0,$-4,$-0,$-4,$-4,$-4,$-3,$-4,$21,21,$-0.17,$-0.16,$227,$12,$2,$254,$3,$0,$0,$0,$4,$258,$33,$0,$2,$52,$85,$0,$-457,$-3,$173,$258,$-17,$6,$11,$16,$-0,$4,$0,$8,$-1,$-1,$-0,$0,$0,$0,$-16,$-16,$0,$-16,$0,$0,$0,$0,$0,$0,$0,$0,$-17,$7,$0
24,2012-09-30,17.74,$8.16,2.17,$3.69,4.81,$-5.42,0.0,$-1.49,0.0,$0.24B,$0.03B,8.76,$0.00B,$0.18B,0.0,$0.08B,$0.07B,83.54%,$0.08B,$-0.03B,-41.77%,$0.08B,$-0.03B,-41.77%,$0.08B,$-0.03B,-32.91%,$0.08B,$-0.03B,-40.51%,$0.08B,$-0.03B,-40.51%,$-0.03B,$0.18B,-18.23%,$-0.03B,$0.18B,-18.23%,$-0.03B,$0.25B,-12.55%,$-0.03B,$0.18B,-18.80%,$18,$4,$13,$5,$12,$22,$-5,$0,$-4,$-0,$-4,$-4,$-4,$-3,$-5,$21,21,$-0.19,$-0.19,$211,$12,$2,$241,$3,$0,$0,$0,$4,$245,$28,$0,$2,$43,$70,$0,$-453,$-3,$175,$245,$-13,$5,$7,$12,$-1,$3,$0,$-6,$-17,$-18,$-0,$0,$0,$-3,$0,$-3,$0,$-3,$0,$0,$0,$0,$0,$0,$0,$0,$-21,$5,$0
25,2012-06-30,15.4,$8.25,1.87,$3.69,4.17,$-6.58,0.0,$-2.09,0.0,$0.25B,$0.03B,7.35,$0.00B,$0.18B,0.0,$0.08B,$0.07B,86.08%,$0.08B,$-0.05B,-56.96%,$0.08B,$-0.05B,-56.96%,$0.08B,$-0.04B,-49.37%,$0.08B,$-0.05B,-56.96%,$0.08B,$-0.05B,-56.96%,$-0.05B,$0.18B,-24.86%,$-0.05B,$0.18B,-24.86%,$-0.05B,$0.25B,-16.90%,$-0.05B,$0.18B,-24.86%,$31,$3,$28,$8,$15,$27,$4,$-1,$3,$-0,$3,$3,$3,$6,$4,$21,22,$0.16,$0.15,$207,$14,$0,$246,$8,$0,$0,$0,$8,$254,$33,$0,$2,$44,$78,$0,$-449,$-3,$176,$254,$-9,$3,$5,$8,$0,$2,$0,$-16,$-21,$-22,$-0,$0,$0,$0,$-11,$-11,$0,$-11,$0,$0,$0,$0,$0,$0,$0,$0,$-33,$3,$0
26,2012-03-31,15.93,$7.96,2.0,$2.98,5.34,$-6.99,0.0,$-3.16,0.0,$0.23B,$0.04B,6.02,$0.00B,$0.17B,0.0,$0.06B,$0.05B,84.13%,$0.06B,$-0.07B,-109.52%,$0.06B,$-0.07B,-109.52%,$0.06B,$-0.06B,-101.59%,$0.06B,$-0.07B,-107.94%,$0.06B,$-0.07B,-107.94%,$-0.07B,$0.17B,-35.79%,$-0.07B,$0.17B,-35.79%,$-0.07B,$0.25B,-24.46%,$-0.07B,$0.17B,-36.32%,$15,$3,$13,$12,$13,$28,$-13,$0,$-12,$0,$-12,$-12,$-12,$-11,$-13,$21,21,$-0.58,$-0.58,$200,$14,$0,$227,$9,$17,$0,$0,$27,$254,$38,$0,$2,$46,$84,$0,$-452,$-5,$170,$254,$-12,$1,$2,$3,$-0,$2,$0,$-1,$-2,$-11,$-0,$0,$0,$0,$-15,$-15,$0,$-15,$0,$0,$0,$0,$0,$0,$0,$0,$-26,$2,$0
27,2011-12-31,18.91,$8.48,2.23,$2.89,6.54,$-7.47,0.0,$-3.63,0.0,$0.24B,$0.04B,6.16,$0.00B,$0.18B,0.0,$0.06B,$0.05B,81.97%,$0.06B,$-0.08B,-129.51%,$0.06B,$-0.08B,-129.51%,$0.06B,$-0.07B,-121.31%,$0.06B,$-0.08B,-127.87%,$0.06B,$-0.08B,-127.87%,$-0.08B,$0.18B,-38.19%,$-0.08B,$0.18B,-38.19%,$-0.08B,$0.27B,-26.64%,$-0.08B,$0.18B,-38.68%,$15,$3,$12,$13,$15,$34,$-19,$0,$-19,$-1,$-19,$-19,$-19,$-18,$-19,$21,21,$-0.89,$-0.89,$212,$15,$0,$240,$9,$18,$0,$0,$27,$267,$39,$0,$2,$48,$87,$0,$-440,$-5,$181,$267,$-77,$6,$10,$16,$-0,$1,$0,$-5,$-3,$-64,$-1,$0,$0,$0,$15,$15,$0,$14,$0,$0,$0,$1,$1,$0,$0,$1,$-49,$10,$0
28,2011-09-30,14.76,$9.29,1.59,$3.02,4.89,$-4.57,0.0,$-3.70,0.0,$0.26B,$0.04B,5.93,$0.00B,$0.20B,0.0,$0.06B,$0.05B,84.13%,$0.06B,$-0.08B,-126.98%,$0.06B,$-0.08B,-126.98%,$0.06B,$-0.08B,-119.05%,$0.06B,$-0.08B,-125.40%,$0.06B,$-0.08B,-125.40%,$-0.08B,$0.20B,-35.87%,$-0.08B,$0.20B,-35.87%,$-0.08B,$0.29B,-25.48%,$-0.08B,$0.20B,-36.32%,$18,$3,$15,$15,$17,$35,$-17,$0,$-17,$-0,$-17,$-17,$-17,$-16,$-17,$21,21,$-0.78,$-0.78,$229,$16,$0,$258,$10,$22,$0,$0,$32,$290,$43,$0,$3,$49,$93,$0,$-421,$-6,$197,$290,$-58,$5,$8,$13,$-1,$2,$0,$-3,$3,$-42,$-0,$0,$0,$0,$5,$5,$0,$5,$0,$0,$0,$0,$0,$0,$0,$0,$-37,$9,$0
29,2011-06-30,18.8,$10.01,1.88,$2.99,6.29,$-2.06,0.0,$-3.72,0.0,$0.27B,$0.04B,6.92,$0.00B,$0.21B,0.0,$0.06B,$0.05B,85.48%,$0.06B,$-0.08B,-129.03%,$0.06B,$-0.08B,-129.03%,$0.06B,$-0.08B,-120.97%,$0.06B,$-0.08B,-127.42%,$0.06B,$-0.08B,-127.42%,$-0.08B,$0.21B,-33.44%,$-0.08B,$0.21B,-33.44%,$-0.08B,$0.30B,-24.25%,$-0.08B,$0.21B,-33.86%,$15,$2,$13,$17,$17,$36,$-20,$0,$-20,$-0,$-20,$-20,$-20,$-19,$-20,$21,21,$-0.92,$-0.92,$239,$15,$0,$266,$10,$25,$0,$0,$36,$301,$38,$0,$3,$51,$89,$0,$-405,$-6,$212,$301,$-42,$3,$7,$10,$1,$1,$0,$-2,$2,$-30,$-0,$0,$0,$0,$-3,$-3,$0,$-3,$0,$0,$0,$0,$0,$0,$0,$0,$-33,$7,$0
30,2011-03-31,16.7,$10.74,1.56,$3.16,5.29,$0.82,20.25,$-3.81,0.0,$0.27B,$0.03B,8.0,$0.00B,$0.23B,0.0,$0.07B,$0.06B,86.36%,$0.07B,$-0.08B,-124.24%,$0.07B,$-0.08B,-124.24%,$0.07B,$-0.08B,-116.67%,$0.07B,$-0.08B,-121.21%,$0.07B,$-0.08B,-121.21%,$-0.08B,$0.23B,-31.71%,$-0.08B,$0.23B,-31.71%,$-0.08B,$0.31B,-23.22%,$-0.08B,$0.23B,-32.51%,$13,$3,$10,$14,$20,$36,$-23,$1,$-22,$0,$-22,$-22,$-22,$-21,$-23,$21,21,$-1.05,$-1.05,$238,$16,$0,$269,$11,$33,$0,$0,$44,$313,$34,$0,$3,$52,$86,$0,$-385,$-7,$227,$313,$-22,$2,$4,$6,$-1,$0,$0,$-1,$-5,$-21,$-0,$0,$0,$0,$-14,$-14,$0,$-14,$0,$0,$0,$0,$0,$0,$0,$0,$-35,$4,$0
31,2010-12-31,18.1,$11.60,1.56,$3.19,5.67,$1.20,15.1,$-3.91,0.0,$0.29B,$0.04B,7.92,$0.00B,$0.25B,0.0,$0.07B,$0.06B,89.39%,$0.07B,$-0.08B,-125.76%,$0.07B,$-0.08B,-125.76%,$0.07B,$-0.08B,-119.70%,$0.07B,$-0.08B,-122.73%,$0.07B,$-0.08B,-122.73%,$-0.08B,$0.25B,-30.20%,$-0.08B,$0.25B,-30.20%,$-0.08B,$0.34B,-22.31%,$-0.08B,$0.25B,-30.94%,$17,$2,$15,$13,$19,$37,$-20,$0,$-20,$-0,$-20,$-20,$-20,$-19,$-20,$21,21,$-0.93,$-0.93,$260,$16,$0,$291,$11,$34,$0,$0,$45,$336,$37,$0,$3,$54,$91,$0,$-363,$-7,$245,$336,$-81,$4,$14,$19,$22,$-7,$0,$43,$61,$-2,$-1,$0,$0,$0,$-103,$-103,$0,$-104,$0,$0,$0,$168,$168,$0,$0,$168,$63,$15,$0
32,2010-09-30,17.21,$12.37,1.39,$3.13,5.5,$-4.14,0.0,$-4.04,0.0,$0.31B,$0.04B,8.52,$0.00B,$0.26B,0.0,$0.06B,$0.06B,90.32%,$0.06B,$-0.08B,-133.87%,$0.06B,$-0.08B,-133.87%,$0.06B,$-0.08B,-129.03%,$0.06B,$-0.08B,-130.65%,$0.06B,$-0.08B,-127.42%,$-0.08B,$0.26B,-32.54%,$-0.08B,$0.26B,-32.54%,$-0.08B,$0.35B,-24.29%,$-0.08B,$0.26B,-34.19%,$17,$2,$15,$14,$18,$34,$-17,$0,$-17,$-0,$-17,$-17,$-17,$-16,$-17,$21,21,$-0.81,$-0.81,$274,$17,$0,$307,$12,$34,$0,$0,$46,$353,$36,$0,$3,$56,$92,$0,$-343,$-7,$261,$353,$-61,$3,$11,$13,$20,$-7,$0,$47,$60,$12,$-1,$0,$0,$0,$-124,$-124,$0,$-125,$0,$0,$0,$168,$168,$0,$0,$168,$54,$11,$0
33,2010-06-30,34.35,$13.10,2.62,$2.51,13.7,$-8.65,0.0,$-4.52,0.0,$0.33B,$0.04B,7.42,$0.00B,$0.28B,0.0,$0.05B,$0.04B,91.67%,$0.05B,$-0.09B,-185.42%,$0.05B,$-0.09B,-185.42%,$0.05B,$-0.09B,-179.17%,$0.05B,$-0.09B,-179.17%,$0.05B,$-0.08B,-175.00%,$-0.08B,$0.28B,-38.80%,$-0.08B,$0.28B,-38.80%,$-0.08B,$0.38B,-29.53%,$-0.09B,$0.28B,-41.11%,$19,$2,$17,$15,$24,$41,$-22,$0,$-21,$-0,$-21,$-21,$-21,$-21,$-22,$21,21,$-1.01,$-1.01,$289,$15,$0,$325,$12,$39,$0,$0,$51,$376,$44,$0,$3,$56,$100,$0,$-326,$-8,$276,$376,$-44,$1,$9,$11,$13,$-6,$0,$54,$65,$31,$-1,$0,$0,$67,$-180,$-112,$0,$-113,$0,$0,$0,$167,$167,$0,$0,$167,$86,$9,$0
34,2010-03-31,34.91,$13.84,2.52,$1.61,21.63,$-12.68,0.0,$-5.06,0.0,$0.33B,$0.04B,8.39,$0.00B,$0.29B,0.0,$0.03B,$0.03B,93.10%,$0.03B,$-0.09B,-324.14%,$0.03B,$-0.09B,-324.14%,$0.03B,$-0.09B,-317.24%,$0.03B,$-0.09B,-313.79%,$0.03B,$-0.09B,-306.90%,$-0.09B,$0.29B,-46.66%,$-0.09B,$0.29B,-46.66%,$-0.09B,$0.39B,-37.36%,$-0.09B,$0.29B,-49.28%,$13,$1,$12,$12,$23,$37,$-24,$0,$-23,$0,$-23,$-23,$-23,$-23,$-24,$20,20,$-1.15,$-1.15,$234,$12,$1,$327,$12,$48,$0,$0,$61,$387,$39,$0,$3,$58,$97,$0,$-305,$-8,$291,$387,$-23,$1,$4,$5,$12,$-3,$0,$-1,$6,$-12,$-0,$0,$0,$0,$9,$9,$0,$9,$0,$0,$0,$166,$166,$0,$0,$166,$163,$4,$0
35,2009-12-31,38.03,$8.23,4.62,$1.00,37.87,$-13.38,0.0,$-5.46,0.0,$0.12B,$0.04B,3.27,$0.00B,$0.14B,0.0,$0.02B,$0.02B,94.12%,$0.02B,$-0.10B,-576.47%,$0.02B,$-0.10B,-576.47%,$0.02B,$-0.10B,-564.71%,$0.02B,$-0.10B,-558.82%,$0.02B,$-0.09B,-541.18%,$-0.09B,$0.14B,-55.34%,$-0.09B,$0.14B,-55.42%,$-0.09B,$0.19B,-47.42%,$-0.10B,$0.14B,-58.95%,$13,$1,$12,$9,$23,$33,$-20,$1,$-20,$-1,$-18,$-18,$-18,$-20,$-20,$17,17,$-1.07,$-1.07,$80,$9,$1,$123,$12,$49,$0,$0,$62,$185,$38,$0,$3,$4,$42,$0,$-282,$-8,$143,$185,$-93,$2,$14,$17,$-27,$-9,$0,$9,$-14,$-91,$-3,$0,$0,$0,$74,$74,$0,$71,$0,$0,$0,$5,$5,$0,$0,$5,$-14,$15,$0
36,2009-09-30,43.68,$9.12,4.79,$0.27,161.77,$-11.47,0.0,$-5.67,0.0,$0.13B,$0.03B,4.38,$0.00B,$0.16B,0.0,$0.01B,$0.00B,80.00%,$0.01B,$-0.10B,-2020.00%,$0.01B,$-0.10B,-2020.00%,$0.01B,$-0.10B,-1960.00%,$0.01B,$-0.10B,-1940.00%,$0.01B,$-0.10B,-1920.00%,$-0.10B,$0.16B,-52.24%,$-0.10B,$0.16B,-52.39%,$-0.10B,$0.19B,-46.66%,$-0.10B,$0.16B,-54.97%,$3,$0,$3,$6,$19,$26,$-23,$1,$-22,$0,$-22,$-22,$-22,$-22,$-23,$17,17,$-1.29,$-1.29,$101,$6,$1,$128,$11,$50,$0,$0,$61,$190,$29,$0,$3,$4,$33,$0,$-263,$-6,$156,$190,$-75,$2,$11,$13,$-16,$-5,$0,$12,$-6,$-67,$-1,$0,$0,$65,$-0,$65,$0,$63,$0,$0,$0,$2,$2,$0,$0,$2,$-2,$12,$0
37,2009-06-30,54.67,$10.12,5.4,$0.11,502.39,$-9.63,0.0,$-5.77,0.0,$0.13B,$0.01B,9.43,$0.00B,$0.17B,0.0,$0.00B,$0.00B,50.00%,$0.00B,$-0.10B,-5150.00%,$0.00B,$-0.10B,-5150.00%,$0.00B,$-0.10B,-5000.00%,$0.00B,$-0.10B,-4950.00%,$0.00B,$-0.10B,-4900.00%,$-0.10B,$0.17B,-47.92%,$-0.10B,$0.17B,-48.04%,$-0.10B,$0.19B,-44.00%,$-0.10B,$0.17B,-50.37%,$0,$0,$0,$10,$17,$27,$-27,$1,$-26,$0,$-26,$-26,$-26,$-27,$-27,$17,17,$-1.55,$-1.55,$125,$0,$0,$129,$11,$50,$0,$0,$62,$191,$14,$0,$0,$4,$18,$0,$-241,$-6,$173,$191,$-53,$1,$7,$9,$0,$0,$0,$1,$1,$-43,$-1,$0,$0,$49,$-0,$49,$0,$48,$0,$0,$0,$1,$1,$0,$0,$1,$6,$8,$0
38,2009-03-31,36.77,$11.32,3.25,$0.13,274.02,$-8.16,0.0,$-5.22,0.0,$0.14B,$0.01B,11.11,$0.00B,$0.19B,0.0,$0.00B,$0.00B,50.00%,$0.00B,$-0.10B,-4750.00%,$0.00B,$-0.10B,-4750.00%,$0.00B,$-0.09B,-4600.00%,$0.00B,$-0.09B,-4500.00%,$0.00B,$-0.09B,-4450.00%,$-0.09B,$0.19B,-39.25%,$-0.09B,$0.19B,-39.34%,$-0.09B,$0.21B,-36.51%,$-0.10B,$0.19B,-41.90%,$1,$0,$1,$11,$18,$29,$-28,$1,$-27,$-0,$-26,$-26,$-26,$-27,$-28,$17,17,$-1.55,$-1.55,$136,$0,$0,$140,$11,$58,$1,$0,$70,$210,$13,$0,$0,$4,$17,$0,$-215,$-8,$193,$210,$-26,$1,$3,$4,$0,$0,$0,$1,$-0,$-22,$-0,$0,$0,$27,$-0,$26,$0,$26,$0,$0,$0,$0,$0,$0,$0,$0,$4,$4,$0
39,2008-12-31,35.85,$12.54,2.86,$0.11,314.23,$-7.36,0.0,$-4.22,0.0,$0.16B,$0.01B,11.42,$0.00B,$0.21B,0.0,$0.00B,$0.00B,50.00%,$0.00B,$-0.08B,-4000.00%,$0.00B,$-0.08B,-4000.00%,$0.00B,$-0.08B,-3850.00%,$0.00B,$-0.07B,-3600.00%,$0.00B,$-0.07B,-3600.00%,$-0.07B,$0.21B,-29.06%,$-0.07B,$0.21B,-29.09%,$-0.07B,$0.23B,-27.43%,$-0.08B,$0.21B,-32.29%,$1,$0,$0,$10,$14,$24,$-23,$1,$-22,$0,$-22,$-22,$-22,$-22,$-23,$17,17,$-1.28,$-1.28,$159,$0,$0,$164,$11,$54,$2,$1,$68,$232,$14,$0,$3,$4,$19,$0,$-188,$-10,$213,$232,$-72,$2,$9,$11,$-0,$0,$0,$1,$8,$-52,$-8,$0,$0,$0,$96,$96,$-0,$87,$0,$0,$0,$1,$1,$0,$0,$1,$36,$8,$0
40,2008-09-30,38.73,$14.07,2.75,$0.10,369.78,$-5.67,0.0,$-3.51,0.0,$0.19B,$0.02B,10.73,$0.00B,$0.24B,0.0,$0.00B,$0.00B,100.00%,$0.00B,$-0.07B,-7100.00%,$0.00B,$-0.07B,-7100.00%,$0.00B,$-0.07B,-6900.00%,$0.00B,$-0.06B,-6000.00%,$0.00B,$-0.06B,-6000.00%,$-0.06B,$0.24B,-22.56%,$-0.06B,$0.24B,-22.56%,$-0.06B,$0.26B,-21.56%,$-0.07B,$0.24B,-26.69%,$0,$0,$0,$10,$15,$25,$-25,$1,$-24,$-0,$-24,$-24,$-24,$-24,$-25,$17,17,$-1.39,$-1.39,$181,$0,$0,$187,$11,$60,$0,$1,$72,$258,$17,$0,$0,$2,$19,$0,$-167,$-7,$239,$258,$-50,$1,$11,$12,$-0,$0,$0,$-2,$7,$-31,$-6,$0,$0,$72,$0,$72,$-0,$65,$0,$0,$0,$1,$1,$0,$0,$1,$35,$10,$0
41,2008-06-30,34.1,$15.41,2.21,$0.12,285.79,$-4.82,0.0,$-2.54,0.0,$0.21B,$0.01B,17.71,$0.00B,$0.26B,0.0,$0.00B,$0.00B,50.00%,$0.00B,$-0.06B,-2850.00%,$0.00B,$-0.06B,-2850.00%,$0.00B,$-0.06B,-2800.00%,$0.00B,$-0.04B,-2150.00%,$0.00B,$-0.04B,-2150.00%,$-0.04B,$0.26B,-15.41%,$-0.04B,$0.26B,-15.41%,$-0.04B,$0.28B,-14.90%,$-0.06B,$0.26B,-20.43%,$0,$0,$0,$7,$13,$20,$-19,$2,$-17,$0,$-17,$-17,$-17,$-19,$-19,$17,17,$-1.00,$-1.00,$202,$0,$0,$207,$6,$62,$0,$1,$68,$275,$12,$0,$0,$2,$13,$0,$-143,$-4,$262,$275,$-26,$1,$6,$6,$-1,$0,$0,$0,$3,$-17,$-1,$0,$0,$0,$46,$46,$-0,$44,$0,$0,$0,$1,$1,$0,$0,$1,$28,$6,$0
42,2008-03-31,40.43,$16.33,2.48,$0.14,289.0,$-4.95,0.0,$-2.00,0.0,$0.21B,$0.01B,30.8,$0.00B,$0.28B,0.0,$0.00B,$0.00B,66.67%,$0.00B,$-0.05B,-1600.00%,$0.00B,$-0.05B,-1600.00%,$0.00B,$-0.05B,-1566.67%,$0.00B,$-0.03B,-1100.00%,$0.00B,$-0.03B,-1100.00%,$-0.03B,$0.28B,-11.49%,$-0.03B,$0.28B,-11.49%,$-0.03B,$0.29B,-11.18%,$-0.05B,$0.28B,-16.71%,$1,$0,$1,$5,$8,$13,$-13,$3,$-9,$0,$-9,$-9,$-9,$-12,$-13,$17,17,$-0.55,$-0.55,$210,$0,$0,$214,$5,$66,$0,$0,$71,$285,$7,$0,$0,$1,$7,$0,$-126,$-2,$277,$285,$-9,$0,$3,$3,$-0,$0,$0,$-1,$-2,$-9,$-0,$0,$0,$0,$33,$33,$0,$32,$0,$0,$0,$1,$1,$0,$0,$1,$24,$3,$0
43,2007-12-31,60.13,$16.87,3.56,$0.17,357.26,$-5.25,0.0,$-2.17,0.0,$0.29B,$0.01B,36.2,$0.00B,$0.29B,0.0,$0.00B,$0.00B,66.67%,$0.00B,$-0.04B,-1433.33%,$0.00B,$-0.04B,-1433.33%,$0.00B,$-0.04B,-1433.33%,$0.00B,$-0.03B,-1133.33%,$0.00B,$-0.03B,-1133.33%,$-0.03B,$0.29B,-13.37%,$-0.03B,$0.29B,-13.37%,$-0.03B,$0.30B,-12.98%,$-0.04B,$0.29B,-16.91%,$0,$0,$0,$7,$7,$14,$-14,$4,$-10,$0,$-10,$-10,$-10,$-14,$-14,$16,16,$-0.55,$-0.55,$287,$0,$0,$290,$5,$0,$0,$0,$5,$295,$8,$0,$0,$1,$9,$0,$-117,$0,$286,$295,$-34,$-0,$8,$8,$0,$-0,$0,$-3,$-3,$-29,$-1,$0,$0,$133,$-349,$-216,$-0,$-217,$0,$0,$0,$159,$159,$0,$0,$159,$-86,$8,$0
44,2007-09-30,57.2,$17.25,3.32,$0.19,295.64,$-4.11,0.0,$-2.20,0.0,$0.29B,$0.01B,44.51,$0.00B,$0.29B,0.0,$0.00B,$0.00B,50.00%,$0.00B,$-0.04B,-925.00%,$0.00B,$-0.04B,-925.00%,$0.00B,$-0.04B,-925.00%,$0.00B,$-0.03B,-775.00%,$0.00B,$-0.03B,-775.00%,$-0.03B,$0.29B,-14.04%,$-0.03B,$0.29B,-14.04%,$-0.03B,$0.30B,-13.55%,$-0.04B,$0.29B,-16.76%,$1,$0,$0,$6,$6,$12,$-11,$4,$-7,$0,$-7,$-7,$-7,$-11,$-11,$17,17,$-0.42,$-0.42,$288,$0,$0,$291,$5,$3,$0,$0,$8,$299,$7,$0,$0,$1,$8,$0,$-107,$-0,$291,$299,$-24,$-0,$6,$6,$0,$-0,$0,$-1,$-3,$-22,$-1,$0,$0,$344,$-565,$-220,$-0,$-221,$0,$0,$0,$157,$157,$0,$0,$157,$-85,$6,$0
45,2007-06-30,58.16,$17.61,3.3,$0.19,301.26,$-3.86,0.0,$-2.56,0.0,$0.29B,$0.01B,54.4,$0.00B,$0.30B,0.0,$0.00B,$0.00B,66.67%,$0.00B,$-0.04B,-1200.00%,$0.00B,$-0.04B,-1200.00%,$0.00B,$-0.04B,-1200.00%,$0.00B,$-0.03B,-1100.00%,$0.00B,$-0.03B,-1100.00%,$-0.03B,$0.30B,-21.02%,$-0.03B,$0.30B,-21.02%,$-0.03B,$0.30B,-19.91%,$-0.04B,$0.30B,-22.93%,$1,$0,$1,$5,$5,$10,$-10,$3,$-7,$0,$-7,$-7,$-7,$-10,$-10,$15,15,$-0.46,$-0.46,$286,$0,$0,$288,$5,$9,$0,$0,$13,$302,$5,$0,$0,$1,$7,$0,$-100,$-0,$295,$302,$-17,$-0,$4,$4,$-0,$0,$0,$-1,$-4,$-18,$-1,$0,$0,$198,$-441,$-243,$0,$-243,$0,$0,$0,$156,$156,$0,$0,$156,$-105,$4,$0
46,2007-03-31,60.27,$10.20,5.91,$0.22,268.4,$-3.24,0.0,$-2.67,0.0,$0.14B,$0.01B,23.27,$0.00B,$0.15B,0.0,$0.00B,$0.00B,66.67%,$0.00B,$-0.03B,-1100.00%,$0.00B,$-0.03B,-1100.00%,$0.00B,$-0.03B,-1100.00%,$0.00B,$-0.03B,-1100.00%,$0.00B,$-0.03B,-1100.00%,$-0.03B,$0.15B,-34.92%,$-0.03B,$0.15B,-34.92%,$-0.03B,$0.15B,-31.81%,$-0.03B,$0.15B,-34.92%,$1,$0,$1,$6,$3,$9,$-8,$-2,$-10,$0,$-10,$-10,$-10,$-8,$-8,$14,14,$-0.72,$-0.72,$137,$0,$0,$139,$5,$9,$0,$0,$13,$152,$6,$0,$0,$1,$7,$0,$-93,$0,$145,$152,$-10,$0,$2,$2,$0,$0,$0,$-1,$-3,$-11,$-0,$0,$0,$118,$-218,$-100,$0,$-100,$0,$0,$0,$1,$1,$0,$0,$1,$-110,$2,$0
47,2006-12-31,59.72,$10.83,5.52,$0.23,260.59,$-3.08,0.0,$-2.45,0.0,$0.16B,$0.01B,18.84,$0.00B,$0.15B,0.0,$0.00B,$0.00B,66.67%,$0.00B,$-0.03B,-1000.00%,$0.00B,$-0.03B,-1000.00%,$0.00B,$-0.03B,-1000.00%,$0.00B,$-0.03B,-933.33%,$0.00B,$-0.03B,-933.33%,$-0.03B,$0.15B,-39.72%,$-0.03B,$0.15B,-39.72%,$-0.03B,$0.16B,-35.11%,$-0.03B,$0.15B,-42.55%,$1,$0,$0,$6,$2,$9,$-8,$1,$-7,$0,$-7,$-7,$-7,$-8,$-8,$12,12,$-0.60,$-0.60,$156,$0,$0,$158,$4,$0,$0,$0,$4,$162,$8,$0,$0,$2,$10,$0,$-83,$0,$152,$162,$-7,$0,$1,$1,$-0,$0,$0,$-1,$-2,$-9,$-0,$0,$0,$10,$-42,$-32,$-0,$-32,$0,$0,$0,$123,$123,$0,$0,$123,$82,$1,$0
