,Date,Stock Price,Book Value per Share,Price to Book Ratio,TTM Sales per Share,Price to Sales Ratio,TTM FCF per Share,Price to FCF Ratio,TTM Net EPS,PE Ratio,Current Assets,Current Liabilities,Current Ratio,Long Term Debt,Shareholder's Equity_x,Debt to Equity Ratio,TTM Revenue_x,TTM Gross Profit,Gross Margin,TTM Revenue_y,TTM Operating Income,Operating Margin,TTM Revenue_x,TTM EBIT,EBIT Margin,TTM Revenue_y,TTM EBITDA,EBITDA Margin,TTM Revenue_x,TTM Pre-Tax Income,Pre-Tax Margin,TTM Revenue_y,TTM Net Income_x,Net Margin,TTM Net Income_y,Shareholder's Equity_y,Return on Equity,TTM Net Income_x,Tangible Equity,Return on Tangible Equity,TTM Net Income_y,Total Assets,Return on Assets,TTM Net Income,LT Investments & Debt,Return on Investment,revenue,cost-goods-sold,gross-profit,research-development-expenses,selling-general-administrative-expenses,operating-expenses,operating-income,total-non-operating-income-expense,pre-tax-income,total-provision-income-taxes,income-after-taxes,income-from-continuous-operations,net-income,ebitda,ebit,basic-shares-outstanding,shares-outstanding,eps-basic-net-earnings-per-share,eps-earnings-per-share-diluted,cash-on-hand,inventory,other-current-assets,total-current-assets,net-property-plant-equipment,long-term-investments,goodwill-intangible-assets-total,other-long-term-assets,total-long-term-assets,total-assets,total-current-liabilities,long-term-debt,other-non-current-liabilities,total-long-term-liabilities,total-liabilities,common-stock-net,retained-earnings-accumulated-deficit,comprehensive-income,total-share-holder-equity,total-liabilities-share-holders-equity,net-income-loss,total-depreciation-amortization-cash-flow,other-non-cash-items,total-non-cash-items,change-in-accounts-receivable,change-in-inventories,change-in-accounts-payable,change-in-assets-liabilities,total-change-in-assets-liabilities,cash-flow-from-operating-activities,net-change-in-property-plant-equipment,net-change-in-intangible-assets,net-acquisitions-divestitures,net-change-in-short-term-investments,net-change-in-long-term-investments,net-change-in-investments-total,investing-activities-other,cash-flow-from-investing-activities,net-long-term-debt,net-current-debt,debt-issuance-retirement-net-total,net-common-equity-issued-repurchased,net-total-equity-issued-repurchased,total-common-preferred-stock-dividends-paid,financial-activities-other,cash-flow-from-financial-activities,net-cash-flow,stock-based-compensation,common-stock-dividends-paid
0,2018-07-31,48.4,$6.94,6.97,$16.42,2.95,$8.12,5.96,$3.30,14.67,$10.89B,$4.32B,2.52,$5.31B,$6.83B,0.78,$17.21B,$7.82B,45.47%,$17.21B,$4.88B,28.35%,$17.21B,$4.88B,28.35%,$17.21B,$5.32B,30.92%,$17.21B,$4.77B,27.72%,$17.21B,$3.42B,19.87%,$3.42B,$6.83B,43.11%,$3.42B,$3.19B,80.92%,$3.42B,$17.88B,18.12%,$4.88B,$12.13B,36.85%,$4014,$2234,$1780,$518,$246,$2998,$1016,$-18,$998,$122,$876,$876,$876,$1367,$1016,$974,984,$0.90,$0.89,$3984,$3681,$342,$10889,$1321,$1613,$3631,$0,$6994,$17883,$4322,$5308,$1428,$6736,$11058,$10,$20191,$-77,$6825,$17883,$2437,$337,$309,$646,$-543,$-751,$0,$-57,$-373,$2710,$-457,$0,$-5,$2823,$-1661,$1162,$0,$700,$0,$0,$0,$-4476,$-4476,$-410,$-160,$-5046,$-1636,$193,$-410
1,2018-04-30,49.24,$6.99,7.05,$15.44,3.19,$8.52,5.78,$2.98,16.52,$11.89B,$4.58B,2.6,$5.31B,$7.04B,0.75,$16.48B,$7.50B,45.48%,$16.48B,$4.64B,28.17%,$16.48B,$4.64B,28.17%,$16.48B,$5.08B,30.81%,$16.48B,$4.51B,27.35%,$16.48B,$3.17B,19.24%,$3.17B,$7.04B,37.74%,$3.17B,$3.36B,68.18%,$3.17B,$18.50B,16.55%,$4.64B,$12.35B,33.88%,$4468,$2441,$2027,$504,$266,$3211,$1257,$-18,$1239,$66,$1173,$1173,$1173,$1435,$1257,$994,1005,$1.18,$1.17,$5352,$3494,$380,$11891,$1257,$1214,$3681,$0,$6607,$18498,$4580,$5306,$1570,$6876,$11456,$10,$19216,$-78,$7042,$18498,$1264,$227,$226,$453,$-326,$-564,$0,$290,$360,$2077,$-324,$0,$-5,$2432,$-729,$1703,$0,$1374,$0,$0,$0,$-3226,$-3226,$-211,$-154,$-3591,$-140,$129,$-211
2,2018-01-31,53.08,$8.10,6.55,$14.31,3.71,$8.27,6.42,$2.65,20.03,$13.03B,$4.40B,2.96,$5.31B,$8.51B,0.62,$15.46B,$7.01B,45.31%,$15.46B,$4.26B,27.53%,$15.46B,$4.26B,27.53%,$15.46B,$4.69B,30.30%,$15.46B,$4.12B,26.66%,$15.46B,$2.87B,18.53%,$2.87B,$8.51B,32.96%,$2.87B,$4.78B,58.39%,$2.87B,$19.66B,15.01%,$4.26B,$13.81B,30.41%,$4567,$2477,$2090,$509,$254,$3240,$1327,$-32,$1295,$166,$1129,$1129,$1129,$1315,$1327,$1029,1040,$1.10,$1.09,$7454,$3125,$268,$13029,$1195,$1203,$3730,$0,$6634,$19663,$4399,$5305,$1453,$6758,$11157,$11,$18288,$-79,$8506,$19663,$135,$119,$106,$225,$156,$-195,$0,$463,$1106,$1466,$-203,$0,$-5,$1944,$-384,$1560,$0,$1352,$0,$0,$0,$-782,$-782,$-106,$-141,$-1029,$1789,$65,$-106
3,2017-10-31,55.75,$8.82,6.32,$13.39,4.16,$7.76,7.19,$3.17,17.59,$12.92B,$4.12B,3.14,$5.30B,$9.35B,0.57,$14.54B,$6.53B,44.93%,$14.54B,$3.87B,26.61%,$14.54B,$3.87B,26.61%,$14.54B,$4.28B,29.41%,$14.54B,$3.73B,25.67%,$14.54B,$3.43B,23.62%,$3.43B,$9.35B,40.44%,$3.43B,$5.57B,73.44%,$3.43B,$19.42B,19.08%,$3.87B,$14.65B,29.19%,$4204,$2284,$1920,$488,$236,$3008,$1196,$-34,$1162,$1027,$135,$135,$135,$1203,$1196,$1056,1071,$0.13,$0.13,$7276,$2930,$374,$12918,$1066,$1143,$3780,$0,$6501,$19419,$4115,$5304,$651,$5955,$10070,$11,$18258,$-64,$9349,$19419,$3434,$407,$145,$552,$-37,$-879,$0,$173,$-377,$3609,$-345,$0,$-68,$2743,$-4856,$-2113,$0,$-2526,$1971,$0,$1971,$-1075,$-1075,$-430,$55,$521,$1604,$220,$-430
4,2017-07-31,43.68,$8.18,5.34,$12.68,3.44,$6.73,6.49,$2.82,15.49,$12.73B,$4.37B,2.91,$5.30B,$8.72B,0.61,$13.87B,$6.14B,44.31%,$13.87B,$3.55B,25.58%,$13.87B,$3.55B,25.58%,$13.87B,$3.95B,28.48%,$13.87B,$3.40B,24.50%,$13.87B,$3.06B,22.08%,$3.06B,$8.72B,38.48%,$3.06B,$4.90B,74.41%,$3.06B,$19.08B,18.24%,$3.55B,$14.02B,29.14%,$3969,$2182,$1787,$466,$223,$2871,$1098,$-24,$1074,$92,$982,$982,$982,$1125,$1098,$1073,1084,$0.93,$0.91,$7231,$2876,$366,$12731,$996,$1059,$3818,$0,$6347,$19078,$4371,$5303,$688,$5991,$10362,$11,$17383,$-101,$8716,$19078,$2452,$302,$183,$485,$26,$-825,$0,$657,$143,$3080,$-221,$0,$-56,$1822,$-3542,$-1720,$0,$-1997,$1971,$0,$1971,$-740,$-740,$-323,$-119,$789,$1872,$162,$-323
5,2017-04-30,39.94,$7.64,5.23,$11.81,3.38,$5.46,7.31,$2.43,16.44,$12.02B,$4.10B,2.93,$5.30B,$8.21B,0.65,$12.94B,$5.64B,43.55%,$12.94B,$3.12B,24.11%,$12.94B,$3.12B,24.11%,$12.94B,$3.52B,27.18%,$12.94B,$2.98B,23.05%,$12.94B,$2.64B,20.41%,$2.64B,$8.21B,35.30%,$2.64B,$4.39B,73.11%,$2.64B,$18.24B,17.11%,$3.12B,$13.51B,27.84%,$3744,$2044,$1700,$454,$223,$2721,$1023,$-45,$978,$53,$925,$925,$925,$1043,$1023,$1071,1083,$0.86,$0.85,$6744,$2609,$284,$12018,$969,$961,$3820,$0,$6222,$18240,$4097,$5302,$629,$5931,$10028,$11,$16564,$-110,$8212,$18240,$1527,$200,$125,$325,$-98,$-559,$0,$398,$-149,$1703,$-141,$0,$-26,$887,$-2368,$-1481,$0,$-1648,$2176,$0,$2176,$-366,$-366,$-216,$-111,$1483,$1538,$107,$-216
6,2017-01-31,33.59,$7.12,4.72,$10.73,3.13,$4.54,7.4,$1.96,17.14,$9.09B,$3.81B,2.39,$3.13B,$7.69B,0.41,$11.85B,$5.04B,42.55%,$11.85B,$2.61B,21.99%,$11.85B,$2.61B,21.99%,$11.85B,$3.00B,25.28%,$11.85B,$2.47B,20.85%,$11.85B,$2.14B,18.05%,$2.14B,$7.69B,30.23%,$2.14B,$3.84B,67.57%,$2.14B,$15.24B,15.11%,$2.61B,$10.81B,25.28%,$3546,$1946,$1600,$437,$223,$2606,$940,$-32,$908,$84,$824,$824,$824,$904,$940,$1078,1087,$0.76,$0.76,$4147,$2281,$297,$9094,$949,$909,$3843,$0,$6150,$15244,$3808,$3125,$624,$3749,$7557,$11,$15847,$-106,$7687,$15244,$703,$97,$88,$185,$-89,$-231,$0,$265,$-96,$792,$-64,$0,$0,$286,$-589,$-303,$0,$-367,$0,$0,$0,$-130,$-130,$-108,$-102,$-340,$85,$54,$-108
7,2016-10-31,28.43,$6.69,4.25,$9.68,2.94,$3.99,7.12,$1.56,18.23,$8.35B,$3.63B,2.3,$3.13B,$7.22B,0.43,$10.83B,$4.51B,41.67%,$10.83B,$2.15B,19.88%,$10.83B,$2.15B,19.88%,$10.83B,$2.54B,23.47%,$10.83B,$2.01B,18.60%,$10.83B,$1.72B,15.90%,$1.72B,$7.22B,24.79%,$1.72B,$3.33B,57.54%,$1.72B,$14.57B,12.59%,$2.15B,$10.34B,21.03%,$3278,$1833,$1445,$417,$221,$2471,$807,$-36,$771,$68,$703,$703,$703,$877,$807,$1078,1089,$0.65,$0.65,$3749,$2050,$275,$8353,$937,$929,$3891,$0,$6217,$14570,$3632,$3125,$596,$3721,$7353,$11,$15252,$-115,$7217,$14570,$1721,$389,$237,$626,$-542,$-216,$0,$597,$119,$2466,$-253,$0,$-16,$1234,$-1390,$-156,$0,$-425,$-1207,$0,$-1207,$-1804,$-1804,$-444,$23,$-3432,$-1391,$201,$-444
8,2016-07-31,25.62,$6.31,4.06,$8.66,2.96,$2.78,9.21,$1.28,20.01,$7.40B,$2.96B,2.5,$3.34B,$6.82B,0.49,$9.90B,$4.07B,41.14%,$9.90B,$1.80B,18.17%,$9.90B,$1.80B,18.17%,$9.90B,$2.18B,22.06%,$9.90B,$1.67B,16.88%,$9.90B,$1.45B,14.62%,$1.45B,$6.82B,20.55%,$1.45B,$2.89B,47.49%,$1.45B,$13.70B,10.45%,$1.80B,$10.16B,17.32%,$3297,$1898,$1399,$394,$228,$2520,$777,$-37,$740,$130,$610,$610,$610,$693,$777,$1107,1116,$0.55,$0.54,$3266,$2026,$255,$7399,$905,$960,$3926,$0,$6300,$13699,$2964,$3343,$573,$3916,$6880,$11,$14750,$-87,$6819,$13699,$1111,$289,$166,$455,$-112,$-192,$0,$453,$103,$1669,$-165,$0,$-5,$681,$-947,$-266,$0,$-436,$-1207,$0,$-1207,$-1677,$-1677,$-336,$18,$-3202,$-1969,$150,$-336
9,2016-04-30,19.86,$6.03,3.29,$8.10,2.45,$1.84,10.82,$1.09,18.22,$6.73B,$2.61B,2.58,$3.34B,$6.57B,0.51,$9.57B,$3.90B,40.74%,$9.57B,$1.60B,16.71%,$9.57B,$1.60B,16.71%,$9.57B,$1.98B,20.69%,$9.57B,$1.48B,15.48%,$9.57B,$1.27B,13.29%,$1.27B,$6.57B,17.34%,$1.27B,$2.59B,38.64%,$1.27B,$13.08B,9.27%,$1.60B,$9.91B,15.63%,$2821,$1629,$1192,$386,$210,$2225,$596,$-32,$564,$59,$505,$505,$505,$521,$596,$1083,1093,$0.47,$0.46,$2640,$1924,$251,$6728,$904,$934,$3972,$0,$6347,$13075,$2611,$3343,$556,$3899,$6510,$11,$14353,$-95,$6565,$13075,$606,$192,$97,$289,$-175,$-92,$0,$271,$-207,$688,$-115,$0,$-8,$473,$-464,$9,$0,$-114,$-1205,$0,$-1205,$-1481,$-1481,$-228,$13,$-2901,$-2327,$102,$-228
10,2016-01-31,17.03,$6.34,2.69,$7.88,2.16,$1.52,11.2,$1.09,15.63,$6.91B,$2.31B,3.0,$3.34B,$7.17B,0.47,$9.56B,$3.91B,40.90%,$9.56B,$1.59B,16.63%,$9.56B,$1.59B,16.63%,$9.56B,$1.96B,20.55%,$9.56B,$1.48B,15.43%,$9.56B,$1.32B,13.76%,$1.32B,$7.17B,16.91%,$1.32B,$3.15B,35.66%,$1.32B,$13.33B,9.50%,$1.59B,$10.51B,15.39%,$2450,$1446,$1004,$386,$193,$2025,$425,$-30,$395,$75,$320,$320,$320,$450,$425,$1113,1119,$0.29,$0.29,$3116,$1835,$334,$6910,$908,$996,$4016,$0,$6416,$13326,$2307,$3343,$508,$3851,$6158,$11,$14142,$-94,$7168,$13326,$286,$96,$69,$165,$113,$-2,$0,$63,$-244,$207,$-68,$0,$0,$241,$-282,$-41,$0,$-109,$-1205,$0,$-1205,$-623,$-623,$-115,$10,$-1933,$-1835,$54,$-115
11,2015-10-31,16.09,$6.56,2.45,$7.82,2.06,$1.41,11.41,$1.12,14.37,$9.26B,$3.80B,2.44,$3.34B,$7.61B,0.44,$9.66B,$3.95B,40.92%,$9.66B,$1.69B,17.53%,$9.66B,$1.69B,17.53%,$9.66B,$2.06B,21.37%,$9.66B,$1.60B,16.54%,$9.66B,$1.38B,14.26%,$1.38B,$7.61B,17.21%,$1.38B,$3.55B,35.63%,$1.38B,$15.31B,9.99%,$1.69B,$10.96B,16.60%,$2257,$1341,$916,$374,$188,$1903,$354,$-40,$314,$28,$286,$286,$286,$519,$354,$1146,1154,$0.25,$0.25,$4965,$1833,$724,$9261,$892,$946,$4064,$0,$6047,$15308,$3798,$3342,$555,$3897,$7695,$11,$13967,$-92,$7613,$15308,$1377,$371,$50,$421,$-61,$-266,$0,$-151,$-635,$1163,$-215,$0,$-4,$1100,$-1162,$-62,$0,$-281,$2581,$0,$2581,$-1237,$-1237,$-487,$56,$913,$1795,$187,$-487
12,2015-07-31,16.56,$6.64,2.49,$7.73,2.14,$1.90,8.7,$1.07,15.48,$7.04B,$3.02B,2.33,$1.55B,$7.98B,0.19,$9.56B,$3.95B,41.36%,$9.56B,$1.68B,17.60%,$9.56B,$1.68B,17.60%,$9.56B,$2.05B,21.47%,$9.56B,$1.60B,16.73%,$9.56B,$1.30B,13.57%,$1.30B,$7.98B,16.08%,$1.30B,$3.86B,33.42%,$1.30B,$13.15B,9.79%,$1.68B,$9.52B,16.97%,$2368,$1409,$959,$363,$173,$1945,$423,$-26,$397,$61,$336,$336,$336,$489,$423,$1214,1226,$0.28,$0.28,$2743,$1739,$570,$7043,$882,$958,$4115,$0,$6110,$13153,$3020,$1547,$609,$2156,$5176,$12,$13747,$-118,$7977,$13153,$1041,$275,$176,$451,$-322,$-172,$0,$-60,$-800,$692,$-162,$0,$-2,$900,$-960,$-60,$0,$-224,$0,$0,$0,$-582,$-582,$-368,$54,$-896,$-428,$141,$-368
13,2015-04-30,18.79,$6.78,2.77,$7.55,2.49,$2.46,7.64,$1.04,18.06,$7.45B,$2.70B,2.76,$1.95B,$8.35B,0.23,$9.33B,$3.93B,42.08%,$9.33B,$1.68B,17.97%,$9.33B,$1.68B,17.97%,$9.33B,$2.05B,21.93%,$9.33B,$1.59B,17.08%,$9.33B,$1.27B,13.60%,$1.27B,$8.35B,15.87%,$1.27B,$4.19B,33.67%,$1.27B,$13.59B,9.63%,$1.68B,$10.30B,16.87%,$2490,$1472,$1018,$372,$247,$2094,$396,$-21,$375,$46,$329,$329,$329,$506,$396,$1221,1231,$0.27,$0.27,$3230,$1713,$706,$7447,$887,$936,$4164,$0,$6140,$13587,$2696,$1947,$593,$2540,$5236,$12,$13538,$-125,$8351,$13587,$712,$182,$72,$254,$-128,$-146,$0,$-195,$-608,$358,$-113,$0,$0,$317,$-344,$-27,$0,$-140,$0,$0,$0,$42,$42,$-245,$51,$-152,$65,$95,$-245
14,2015-01-31,21.59,$6.57,3.29,$7.49,2.88,$2.83,7.64,$0.96,22.49,$6.93B,$2.52B,2.75,$1.95B,$8.07B,0.24,$9.24B,$3.91B,42.32%,$9.24B,$1.65B,17.83%,$9.24B,$1.65B,17.83%,$9.24B,$2.02B,21.87%,$9.24B,$1.57B,16.99%,$9.24B,$1.17B,12.63%,$1.17B,$8.07B,15.01%,$1.17B,$3.86B,33.22%,$1.17B,$13.07B,9.04%,$1.65B,$10.02B,16.95%,$2442,$1426,$1016,$365,$249,$2026,$416,$-27,$389,$25,$364,$364,$364,$550,$416,$1230,1241,$0.30,$0.29,$3087,$1641,$625,$6933,$864,$930,$4209,$0,$6140,$13073,$2521,$1947,$533,$2480,$5001,$12,$13297,$-77,$8072,$13073,$348,$92,$45,$137,$90,$-74,$0,$-246,$-425,$60,$-49,$0,$0,$140,$-141,$-1,$0,$-50,$0,$0,$0,$0,$0,$-122,$39,$-83,$-73,$48,$-122
15,2014-10-31,20.79,$6.44,3.23,$7.38,2.82,$3.08,6.74,$0.89,23.36,$6.97B,$2.82B,2.47,$1.95B,$7.87B,0.25,$9.07B,$3.84B,42.36%,$9.07B,$1.52B,16.75%,$9.07B,$1.52B,16.75%,$9.07B,$1.90B,20.89%,$9.07B,$1.45B,15.96%,$9.07B,$1.07B,11.82%,$1.07B,$7.87B,14.17%,$1.07B,$3.61B,32.79%,$1.07B,$13.17B,8.44%,$1.52B,$9.82B,15.98%,$2359,$1400,$959,$351,$228,$1901,$458,$-21,$437,$89,$348,$348,$348,$506,$458,$1224,1240,$0.28,$0.28,$3162,$1567,$568,$6967,$861,$935,$4255,$0,$6207,$13174,$2823,$1947,$536,$2483,$5306,$12,$13072,$-76,$7868,$13174,$1072,$375,$218,$593,$-21,$-154,$0,$89,$135,$1800,$-241,$25,$-12,$878,$-811,$67,$0,$-161,$0,$0,$0,$107,$107,$-485,$30,$-348,$1291,$177,$-485
16,2014-07-31,19.64,$6.31,3.11,$7.17,2.74,$2.17,9.07,$0.81,24.24,$6.64B,$2.76B,2.41,$1.95B,$7.68B,0.25,$8.80B,$3.68B,41.83%,$8.80B,$1.32B,15.00%,$8.80B,$1.32B,15.00%,$8.80B,$1.70B,19.30%,$8.80B,$1.24B,14.14%,$8.80B,$1.00B,11.36%,$1.00B,$7.68B,13.55%,$1.00B,$3.41B,32.88%,$1.00B,$12.85B,8.05%,$1.32B,$9.63B,14.15%,$2264,$1305,$959,$360,$226,$1852,$412,$-14,$398,$142,$256,$256,$256,$484,$412,$1215,1231,$0.20,$0.21,$2871,$1547,$600,$6640,$849,$957,$4273,$0,$6211,$12851,$2755,$1947,$465,$2412,$5167,$12,$12938,$-42,$7684,$12851,$816,$281,$176,$457,$11,$-133,$0,$304,$120,$1393,$-178,$0,$0,$702,$-632,$70,$0,$-108,$0,$0,$0,$67,$67,$-363,$26,$-270,$1015,$132,$-363
17,2014-04-30,17.77,$6.14,2.89,$6.95,2.56,$1.56,11.39,$0.71,25.03,$6.40B,$2.66B,2.41,$1.95B,$7.48B,0.26,$8.51B,$3.49B,41.07%,$8.51B,$1.18B,13.85%,$8.51B,$1.18B,13.85%,$8.51B,$1.56B,18.39%,$8.51B,$1.10B,12.96%,$8.51B,$0.87B,10.18%,$0.87B,$7.48B,12.05%,$0.87B,$3.16B,30.77%,$0.87B,$12.56B,7.14%,$1.18B,$9.42B,12.89%,$2265,$1273,$992,$357,$234,$1874,$391,$-21,$370,$69,$301,$301,$301,$481,$391,$1218,1233,$0.25,$0.24,$2599,$1564,$623,$6401,$855,$836,$4312,$0,$6154,$12555,$2662,$1947,$471,$2418,$5080,$12,$12759,$-41,$7475,$12555,$515,$188,$84,$272,$18,$-151,$0,$226,$22,$809,$-113,$0,$0,$521,$-324,$197,$0,$84,$0,$0,$0,$66,$66,$-242,$25,$-151,$742,$88,$-242
18,2014-01-31,15.6,$5.98,2.61,$6.68,2.34,$1.11,14.06,$0.39,39.99,$6.01B,$2.48B,2.43,$1.95B,$7.24B,0.27,$8.13B,$3.30B,40.61%,$8.13B,$0.72B,8.90%,$8.13B,$0.72B,8.90%,$8.13B,$1.40B,17.22%,$8.13B,$0.65B,7.96%,$8.13B,$0.48B,5.85%,$0.48B,$7.24B,6.74%,$0.48B,$2.89B,18.09%,$0.48B,$12.20B,3.98%,$0.72B,$9.19B,8.04%,$2353,$1352,$1001,$355,$236,$1966,$387,$-22,$365,$103,$262,$262,$262,$424,$387,$1216,1229,$0.22,$0.21,$2289,$1533,$682,$6014,$846,$833,$4351,$0,$6185,$12199,$2477,$1946,$535,$2481,$4958,$12,$12619,$-44,$7241,$12199,$253,$94,$13,$107,$123,$-119,$0,$94,$12,$372,$-48,$0,$0,$364,$-163,$201,$0,$153,$0,$0,$0,$10,$10,$-120,$18,$-92,$433,$46,$-120
19,2013-10-31,16.46,$5.89,2.8,$6.19,2.66,$0.82,20.14,$0.21,78.38,$5.64B,$2.44B,2.31,$1.95B,$7.09B,0.28,$7.51B,$2.99B,39.83%,$7.51B,$0.43B,5.75%,$7.51B,$0.43B,5.75%,$7.51B,$1.12B,14.92%,$7.51B,$0.35B,4.66%,$7.51B,$0.26B,3.41%,$0.26B,$7.09B,3.65%,$0.26B,$2.69B,10.31%,$0.26B,$12.04B,2.17%,$0.43B,$9.03B,4.82%,$2190,$1299,$891,$356,$229,$1860,$330,$-15,$315,$62,$253,$253,$253,$309,$330,$1206,1225,$0.21,$0.21,$1891,$1413,$705,$5642,$850,$1005,$4397,$0,$6401,$12043,$2443,$1946,$566,$2512,$4955,$12,$12487,$-38,$7088,$12043,$256,$688,$134,$822,$-404,$-141,$0,$12,$-455,$623,$-197,$7,$-1,$1013,$-607,$406,$0,$215,$0,$0,$0,$-86,$-86,$-456,$23,$-519,$319,$162,$-456
20,2013-07-31,14.94,$5.78,2.59,$5.85,2.56,$1.79,8.35,$-0.36,0.0,$5.24B,$2.20B,2.38,$1.95B,$6.95B,0.28,$7.17B,$2.78B,38.82%,$7.17B,$-0.28B,-3.88%,$7.17B,$-0.28B,-3.88%,$7.17B,$0.83B,11.58%,$7.17B,$-0.38B,-5.25%,$7.17B,$-0.44B,-6.17%,$-0.44B,$6.95B,-6.26%,$-0.44B,$2.51B,-18.41%,$-0.44B,$11.75B,-3.74%,$-0.28B,$8.90B,-3.09%,$1988,$1193,$795,$338,$209,$1777,$211,$-17,$194,$11,$183,$183,$183,$350,$211,$1202,1219,$0.15,$0.15,$1975,$1358,$734,$5237,$872,$1055,$4442,$0,$6514,$11751,$2202,$1946,$649,$2595,$4797,$12,$12425,$-61,$6954,$11751,$73,$590,$52,$642,$51,$-85,$0,$55,$-111,$604,$-141,$0,$0,$737,$-438,$299,$0,$158,$0,$0,$0,$-73,$-73,$-336,$0,$-409,$353,$121,$-336
21,2013-04-30,13.2,$5.74,2.3,$6.07,2.17,$2.45,5.39,$-0.33,0.0,$5.11B,$2.20B,2.32,$1.95B,$6.90B,0.28,$7.54B,$2.91B,38.57%,$7.54B,$-0.21B,-2.73%,$7.54B,$-0.21B,-2.73%,$7.54B,$0.91B,12.04%,$7.54B,$-0.30B,-4.01%,$7.54B,$-0.39B,-5.20%,$-0.39B,$6.90B,-5.29%,$-0.39B,$2.41B,-15.55%,$-0.39B,$11.70B,-3.21%,$-0.21B,$8.84B,-2.20%,$1975,$1169,$806,$334,$208,$1725,$250,$-22,$228,$60,$168,$168,$168,$316,$250,$1203,1220,$0.14,$0.14,$1770,$1318,$750,$5113,$886,$1080,$4488,$0,$6582,$11695,$2201,$1946,$650,$2596,$4797,$12,$12378,$-54,$6898,$11695,$-95,$490,$54,$544,$-54,$-46,$0,$-13,$-209,$240,$-101,$0,$0,$603,$-310,$293,$0,$192,$0,$0,$0,$-63,$-63,$-216,$0,$-279,$153,$81,$-216
22,2013-01-31,11.67,$5.95,1.96,$6.39,1.83,$2.88,4.05,$0.00,0.0,$4.77B,$1.97B,2.43,$1.95B,$7.14B,0.27,$8.10B,$3.11B,38.37%,$8.10B,$0.27B,3.34%,$8.10B,$0.27B,3.34%,$8.10B,$1.11B,13.67%,$8.10B,$0.18B,2.16%,$8.10B,$0.03B,0.32%,$0.03B,$7.14B,0.33%,$0.03B,$2.32B,0.95%,$0.03B,$11.71B,0.20%,$0.27B,$9.09B,2.77%,$1973,$1165,$808,$344,$244,$2041,$-68,$-22,$-90,$39,$-129,$-129,$-129,$145,$-68,$1203,1203,$-0.11,$-0.11,$1753,$1278,$625,$4765,$900,$1062,$4820,$0,$6949,$11714,$1965,$1946,$662,$2608,$4573,$12,$12626,$-62,$7141,$11714,$34,$106,$-27,$79,$112,$-6,$0,$45,$-97,$16,$-49,$0,$0,$445,$-143,$302,$0,$253,$0,$0,$0,$-30,$-30,$-108,$0,$-138,$131,$42,$-108
23,2012-10-31,9.5,$6.04,1.57,$6.76,1.4,$3.02,3.15,$0.06,158.3,$5.10B,$2.27B,2.25,$1.95B,$7.24B,0.27,$8.72B,$3.31B,38.00%,$8.72B,$0.41B,4.71%,$8.72B,$0.41B,4.71%,$8.72B,$1.25B,14.38%,$8.72B,$0.32B,3.62%,$8.72B,$0.11B,1.25%,$0.11B,$7.24B,1.32%,$0.11B,$2.36B,3.66%,$0.11B,$12.10B,0.82%,$0.41B,$9.18B,4.04%,$1573,$991,$582,$304,$230,$1534,$39,$-21,$18,$-16,$34,$34,$34,$19,$39,$1198,1212,$0.03,$0.03,$1937,$1272,$673,$5102,$910,$1055,$4873,$0,$7000,$12102,$2265,$1946,$656,$2602,$4867,$12,$12700,$-61,$7235,$12102,$109,$843,$572,$1415,$493,$679,$0,$-376,$327,$1851,$-162,$0,$-4190,$1019,$-1327,$-308,$0,$-4660,$0,$0,$0,$-1320,$-1320,$-434,$0,$-1754,$-4568,$182,$-434
24,2012-07-31,9.68,$6.74,1.44,$7.11,1.36,$3.36,2.88,$0.82,11.81,$5.87B,$2.41B,2.44,$1.95B,$8.34B,0.23,$9.26B,$3.58B,38.66%,$9.26B,$1.27B,13.72%,$9.26B,$1.27B,13.72%,$9.26B,$1.65B,17.87%,$9.26B,$1.19B,12.87%,$9.26B,$1.08B,11.66%,$1.08B,$8.34B,12.51%,$1.08B,$2.99B,25.69%,$1.08B,$13.32B,7.90%,$1.27B,$10.29B,12.02%,$1646,$1060,$586,$303,$237,$2145,$-499,$-33,$-532,$-17,$-515,$-515,$-515,$427,$-499,$1266,1277,$-0.39,$-0.39,$2164,$1380,$288,$5865,$917,$1058,$5349,$0,$7455,$13320,$2408,$1946,$241,$2573,$4981,$12,$13323,$-5,$8339,$13320,$624,$325,$326,$651,$183,$571,$0,$-184,$165,$1440,$-121,$0,$-4189,$765,$-1152,$-387,$0,$-4697,$0,$0,$0,$-900,$-900,$-323,$51,$-1172,$-4431,$138,$-323
25,2012-04-30,10.57,$6.79,1.56,$7.36,1.44,$3.52,3.0,$1.01,10.47,$6.33B,$2.67B,2.37,$1.95B,$8.70B,0.22,$9.70B,$3.83B,39.51%,$9.70B,$1.64B,16.86%,$9.70B,$1.64B,16.86%,$9.70B,$1.97B,20.34%,$9.70B,$1.56B,16.06%,$9.70B,$1.34B,13.78%,$1.34B,$8.70B,15.41%,$1.34B,$3.30B,25.71%,$1.34B,$13.88B,9.65%,$1.64B,$10.65B,15.39%,$2343,$1413,$930,$309,$255,$2021,$322,$-20,$302,$84,$218,$218,$218,$517,$322,$1257,1268,$0.17,$0.17,$2170,$1594,$209,$6330,$939,$1071,$5403,$0,$7547,$13877,$2666,$1946,$562,$2508,$5174,$13,$13217,$7,$8703,$13877,$406,$220,$149,$369,$-67,$357,$0,$80,$9,$784,$-76,$0,$-4186,$560,$-714,$-154,$0,$-4416,$0,$0,$0,$-355,$-355,$-208,$0,$-563,$-4199,$96,$-208
26,2012-01-31,10.76,$6.70,1.61,$7.55,1.42,$3.76,2.86,$1.16,9.27,$6.16B,$2.49B,2.47,$1.95B,$8.65B,0.23,$10.02B,$4.01B,40.02%,$10.02B,$1.90B,18.99%,$10.02B,$1.90B,18.99%,$10.02B,$2.20B,21.94%,$10.02B,$1.86B,18.53%,$10.02B,$1.54B,15.34%,$1.54B,$8.65B,17.99%,$1.54B,$3.26B,25.50%,$1.54B,$13.60B,11.49%,$1.90B,$10.60B,18.92%,$2541,$1530,$1011,$321,$281,$2132,$409,$-22,$387,$98,$289,$289,$289,$291,$409,$1289,1301,$0.22,$0.22,$1997,$1772,$240,$6157,$956,$955,$5394,$0,$7440,$13597,$2494,$1947,$506,$2453,$4947,$13,$13043,$7,$8650,$13597,$117,$112,$92,$204,$147,$179,$0,$-54,$-140,$181,$-37,$0,$-4179,$313,$-254,$59,$0,$-4157,$0,$0,$0,$-198,$-198,$-104,$0,$-302,$-4279,$53,$-104
27,2011-10-31,10.72,$6.74,1.59,$7.90,1.36,$3.95,2.71,$1.45,7.39,$10.36B,$2.79B,3.71,$1.95B,$8.80B,0.22,$10.52B,$4.36B,41.46%,$10.52B,$2.40B,22.80%,$10.52B,$2.40B,22.80%,$10.52B,$2.64B,25.14%,$10.52B,$2.38B,22.61%,$10.52B,$1.93B,18.31%,$1.93B,$8.80B,23.09%,$1.93B,$7.25B,28.44%,$1.93B,$13.86B,15.05%,$2.40B,$10.75B,25.46%,$2189,$1403,$786,$304,$303,$2010,$179,$-20,$159,$42,$117,$117,$117,$419,$179,$1299,1310,$0.09,$0.09,$6243,$1701,$299,$10355,$866,$931,$1546,$0,$3506,$13861,$2794,$1947,$216,$2267,$5061,$13,$13029,$6,$8800,$13861,$1926,$246,$252,$498,$292,$-163,$0,$186,$5,$2429,$-209,$130,$0,$1923,$-1137,$786,$0,$707,$1730,$0,$1730,$-373,$-373,$-397,$0,$960,$4102,$146,$-397
28,2011-07-31,10.64,$6.49,1.64,$8.39,1.27,$3.44,3.1,$1.46,7.29,$10.27B,$3.28B,3.13,$1.95B,$8.55B,0.23,$11.22B,$4.73B,42.12%,$11.22B,$2.74B,24.39%,$11.22B,$2.74B,24.39%,$11.22B,$2.99B,26.67%,$11.22B,$2.74B,24.40%,$11.22B,$1.94B,17.28%,$1.94B,$8.55B,24.16%,$1.94B,$6.99B,30.13%,$1.94B,$14.10B,16.07%,$2.74B,$10.50B,31.58%,$2182,$1331,$851,$269,$221,$1822,$360,$-17,$343,$-112,$455,$455,$455,$746,$360,$1319,1330,$0.35,$0.34,$5757,$1849,$314,$10273,$854,$1052,$1558,$0,$3830,$14103,$3278,$1947,$327,$2274,$5552,$13,$12678,$-4,$8551,$14103,$1471,$187,$-31,$156,$17,$-310,$0,$482,$101,$1728,$-136,$126,$0,$1173,$-945,$228,$0,$218,$1744,$0,$1744,$-229,$-229,$-291,$-14,$1210,$3160,$110,$-291
29,2011-04-30,13.47,$6.21,2.17,$8.16,1.65,$3.03,4.45,$1.19,11.32,$7.94B,$3.25B,2.44,$0.20B,$8.18B,0.03,$10.95B,$4.40B,40.19%,$10.95B,$2.23B,20.39%,$10.95B,$2.23B,20.39%,$10.95B,$2.50B,22.85%,$10.95B,$2.25B,20.52%,$10.95B,$1.59B,14.48%,$1.59B,$8.18B,20.57%,$1.59B,$6.61B,26.01%,$1.59B,$11.96B,14.13%,$2.23B,$8.39B,28.22%,$2787,$1603,$1184,$282,$240,$2100,$687,$-18,$669,$193,$476,$476,$476,$742,$687,$1318,1330,$0.36,$0.36,$3308,$1794,$271,$7944,$898,$1269,$1572,$0,$4013,$11957,$3251,$204,$320,$524,$3775,$13,$12308,$1,$8182,$11957,$995,$128,$28,$156,$-85,$-246,$0,$458,$-22,$1129,$-81,$39,$0,$904,$-896,$8,$0,$-34,$-1,$0,$-1,$-209,$-209,$-186,$0,$-396,$700,$72,$-186
30,2011-01-31,13.41,$5.94,2.26,$7.72,1.74,$2.83,4.73,$1.02,13.15,$7.14B,$2.91B,2.45,$0.20B,$7.84B,0.03,$10.39B,$4.14B,39.86%,$10.39B,$1.94B,18.70%,$10.39B,$1.94B,18.70%,$10.39B,$2.23B,21.51%,$10.39B,$1.95B,18.76%,$10.39B,$1.36B,13.10%,$1.36B,$7.84B,18.16%,$1.36B,$6.23B,23.24%,$1.36B,$11.27B,12.55%,$1.94B,$8.04B,25.23%,$2862,$1673,$1189,$297,$219,$2185,$677,$9,$686,$197,$489,$489,$489,$737,$677,$1320,1333,$0.37,$0.37,$2746,$1647,$291,$7142,$893,$1351,$1609,$0,$4132,$11274,$2914,$204,$317,$521,$3435,$13,$11925,$0,$7839,$11274,$506,$63,$19,$82,$-115,$-100,$0,$209,$-163,$425,$-24,$39,$0,$443,$-537,$-94,$0,$-79,$0,$0,$0,$-137,$-137,$-93,$0,$-230,$116,$33,$-93
31,2010-10-31,10.5,$5.67,1.85,$7.07,1.48,$2.77,3.79,$0.70,15.0,$6.77B,$2.89B,2.34,$0.20B,$7.54B,0.03,$9.55B,$3.72B,38.90%,$9.55B,$1.38B,14.49%,$9.55B,$1.38B,14.49%,$9.55B,$1.69B,17.69%,$9.55B,$1.39B,14.53%,$9.55B,$0.94B,9.82%,$0.94B,$7.54B,12.81%,$0.94B,$5.91B,16.58%,$0.94B,$10.94B,8.91%,$1.38B,$7.74B,18.39%,$2686,$1550,$1136,$270,$221,$2012,$674,$6,$680,$174,$506,$506,$506,$768,$674,$1324,1335,$0.38,$0.38,$2585,$1547,$289,$6765,$963,$1307,$1623,$0,$4178,$10943,$2888,$204,$315,$519,$3407,$13,$11511,$2,$7536,$10943,$938,$305,$256,$561,$-767,$145,$0,$115,$224,$1723,$-169,$0,$-323,$1408,$-1778,$-370,$0,$-862,$-6,$0,$-6,$-221,$-221,$-349,$0,$-576,$282,$126,$-349
32,2010-07-31,9.97,$5.45,1.83,$6.08,1.64,$1.68,5.93,$0.45,22.15,$6.55B,$2.89B,2.27,$0.20B,$7.28B,0.03,$8.19B,$3.06B,37.33%,$8.19B,$0.86B,10.48%,$8.19B,$0.86B,10.48%,$8.19B,$1.17B,14.22%,$8.19B,$0.86B,10.48%,$8.19B,$0.61B,7.42%,$0.61B,$7.28B,8.43%,$0.61B,$5.64B,10.89%,$0.61B,$10.73B,5.97%,$0.86B,$7.48B,11.57%,$2886,$1669,$1217,$278,$242,$2187,$699,$4,$703,$235,$468,$468,$468,$256,$699,$1340,1349,$0.35,$0.35,$2348,$1590,$315,$6552,$984,$1280,$1637,$0,$4174,$10726,$2889,$204,$354,$559,$3448,$13,$11136,$7,$7278,$10726,$470,$236,$177,$413,$-648,$100,$0,$112,$315,$1198,$-134,$0,$-323,$967,$-1357,$-390,$0,$-847,$-6,$0,$-6,$-101,$-101,$-255,$0,$-362,$-12,$95,$-255
33,2010-04-30,11.58,$5.45,2.12,$5.06,2.29,$0.82,14.11,$0.32,36.18,$6.17B,$2.58B,2.4,$0.21B,$7.32B,0.03,$6.81B,$2.52B,37.06%,$6.81B,$0.60B,8.79%,$6.81B,$0.60B,8.79%,$6.81B,$0.91B,13.30%,$6.81B,$0.61B,8.90%,$6.81B,$0.43B,6.32%,$0.43B,$7.32B,6.02%,$0.43B,$5.64B,7.74%,$0.43B,$10.45B,4.34%,$0.60B,$7.53B,8.14%,$2518,$1658,$860,$290,$252,$2335,$183,$-5,$178,$55,$123,$123,$123,$473,$183,$1340,1349,$0.09,$0.09,$2335,$1690,$278,$6173,$1084,$1230,$1683,$0,$4276,$10450,$2576,$205,$348,$553,$3129,$13,$11106,$-1,$7321,$10450,$347,$163,$132,$295,$-365,$-1,$0,$89,$257,$899,$-98,$0,$-323,$540,$-829,$-289,$0,$-710,$-5,$0,$-5,$-3,$-3,$-161,$0,$-169,$20,$62,$-161
34,2010-01-31,10.18,$5.32,1.91,$4.13,2.47,$0.06,181.86,$-0.07,0.0,$5.85B,$2.28B,2.57,$0.21B,$7.15B,0.03,$5.53B,$1.75B,31.66%,$5.53B,$-0.08B,-1.46%,$5.53B,$-0.08B,-1.46%,$5.53B,$0.21B,3.87%,$5.53B,$-0.16B,-2.97%,$5.53B,$-0.09B,-1.61%,$-0.09B,$7.15B,-1.26%,$-0.09B,$5.44B,-1.61%,$-0.09B,$10.00B,-0.92%,$-0.08B,$7.36B,-1.11%,$2296,$1369,$927,$306,$226,$1910,$386,$1,$387,$123,$264,$264,$264,$192,$386,$1345,1352,$0.20,$0.20,$2154,$1664,$243,$5849,$1129,$1046,$1710,$0,$4155,$10004,$2278,$211,$367,$578,$2856,$13,$10936,$-1,$7148,$10004,$83,$76,$110,$186,$-194,$25,$0,$130,$103,$372,$-53,$0,$-323,$184,$-297,$-113,$0,$-489,$1,$0,$1,$20,$20,$-81,$0,$-60,$-177,$34,$-81
35,2009-10-31,10.15,$5.29,1.92,$3.76,2.7,$-0.37,0.0,$-0.23,0.0,$5.69B,$1.94B,2.93,$0.20B,$7.10B,0.03,$5.01B,$1.43B,28.56%,$5.01B,$-0.39B,-7.84%,$5.01B,$-0.39B,-7.84%,$5.01B,$-0.10B,-2.05%,$5.01B,$-0.49B,-9.69%,$5.01B,$-0.31B,-6.08%,$-0.31B,$7.10B,-4.27%,$-0.31B,$5.62B,-5.42%,$-0.31B,$9.57B,-3.10%,$-0.39B,$7.30B,-5.35%,$1849,$1138,$711,$269,$222,$1733,$116,$3,$119,$36,$83,$83,$83,$244,$116,$1342,1350,$0.06,$0.06,$2215,$1627,$264,$5689,$1090,$1052,$1477,$0,$3885,$9574,$1939,$201,$340,$540,$2480,$13,$10934,$-2,$7095,$9574,$-305,$291,$538,$829,$587,$360,$0,$-249,$-191,$333,$-249,$0,$0,$1317,$-956,$361,$0,$112,$-1,$0,$-1,$39,$39,$-319,$0,$-281,$165,$147,$-319
36,2009-07-31,11.43,$5.26,2.17,$4.11,2.78,$0.60,19.15,$-0.16,0.0,$5.77B,$2.04B,2.83,$0.20B,$7.01B,0.03,$5.53B,$1.67B,30.23%,$5.53B,$-0.25B,-4.52%,$5.53B,$-0.25B,-4.52%,$5.53B,$0.05B,0.89%,$5.53B,$-0.34B,-6.09%,$5.53B,$-0.21B,-3.83%,$-0.21B,$7.01B,-2.92%,$-0.21B,$5.52B,-3.70%,$-0.21B,$9.58B,-2.08%,$-0.25B,$7.22B,-3.35%,$1527,$968,$559,$234,$156,$1354,$173,$1,$174,$35,$138,$138,$138,$-4,$173,$1333,1333,$0.10,$0.10,$2139,$1749,$309,$5765,$1088,$990,$1499,$0,$3815,$9580,$2039,$201,$326,$528,$2567,$13,$10897,$6,$7014,$9580,$-443,$220,$578,$798,$786,$239,$0,$-235,$-262,$93,$-188,$0,$0,$1121,$-649,$472,$0,$284,$-0,$0,$-0,$7,$7,$-240,$0,$-233,$144,$116,$-240
37,2009-04-30,10.06,$5.32,1.89,$4.61,2.18,$1.67,6.01,$0.00,0.0,$5.92B,$2.13B,2.77,$0.20B,$7.10B,0.03,$6.25B,$2.09B,33.45%,$6.25B,$0.06B,0.88%,$6.25B,$0.06B,0.88%,$6.25B,$0.37B,5.88%,$6.25B,$-0.02B,-0.32%,$6.25B,$0.01B,0.13%,$0.01B,$7.10B,0.11%,$0.01B,$5.58B,0.14%,$0.01B,$9.75B,0.08%,$0.06B,$7.30B,0.72%,$1134,$809,$325,$234,$168,$1211,$-77,$3,$-74,$-19,$-55,$-55,$-55,$-218,$-77,$1333,1333,$-0.04,$-0.04,$2064,$1901,$345,$5915,$1090,$1001,$1519,$0,$3834,$9749,$2133,$201,$319,$520,$2653,$13,$11032,$-4,$7096,$9749,$-388,$146,$461,$607,$714,$86,$0,$-223,$-319,$-101,$-128,$0,$0,$925,$-487,$439,$0,$311,$-0,$0,$-0,$5,$5,$-160,$0,$-155,$55,$73,$-160
38,2009-01-31,7.68,$5.53,1.39,$5.41,1.42,$2.67,2.88,$0.41,18.72,$6.28B,$2.53B,2.48,$0.20B,$7.36B,0.03,$7.38B,$2.90B,39.32%,$7.38B,$0.79B,10.66%,$7.38B,$0.79B,10.66%,$7.38B,$1.10B,14.90%,$7.38B,$0.82B,11.08%,$7.38B,$0.57B,7.67%,$0.57B,$7.36B,7.51%,$0.57B,$5.82B,9.50%,$0.57B,$10.43B,5.22%,$0.79B,$7.56B,10.15%,$1020,$865,$156,$236,$186,$1313,$-293,$-90,$-383,$-127,$-255,$-255,$-255,$-125,$-293,$1332,1332,$-0.19,$-0.19,$1917,$2131,$366,$6280,$1108,$1275,$1539,$0,$4148,$10428,$2530,$202,$339,$541,$3071,$13,$11387,$-12,$7357,$10428,$-133,$71,$226,$297,$369,$-144,$0,$-126,$-349,$-185,$-73,$0,$0,$542,$-227,$314,$0,$241,$1,$0,$1,$-23,$-23,$-80,$0,$-102,$-45,$34,$-80
39,2008-10-31,10.52,$5.67,1.85,$5.91,1.78,$3.09,3.41,$0.70,15.02,$6.66B,$2.95B,2.26,$0.20B,$7.55B,0.03,$8.13B,$3.44B,42.35%,$8.13B,$1.36B,16.67%,$8.13B,$1.36B,16.67%,$8.13B,$1.68B,20.61%,$8.13B,$1.41B,17.33%,$8.13B,$0.96B,11.82%,$0.96B,$7.55B,12.70%,$0.96B,$5.99B,15.95%,$0.96B,$11.01B,8.87%,$1.36B,$7.75B,17.45%,$1333,$942,$392,$230,$225,$1529,$-196,$-7,$-203,$-70,$-133,$-133,$-133,$396,$-196,$1329,1329,$-0.10,$-0.10,$2101,$1987,$371,$6664,$1094,$1447,$1563,$0,$4342,$11006,$2946,$202,$310,$512,$3457,$13,$11601,$-27,$7549,$11006,$961,$320,$202,$522,$422,$-638,$0,$696,$227,$1710,$-288,$42,$-235,$5940,$-5534,$405,$0,$-76,$0,$-2,$-2,$-1106,$-1106,$-325,$7,$-1426,$209,$179,$-325
40,2008-07-31,14.06,$5.62,2.5,$6.08,2.31,$3.42,4.12,$0.83,16.94,$6.62B,$2.91B,2.28,$0.20B,$7.54B,0.03,$8.45B,$3.72B,44.03%,$8.45B,$1.60B,18.93%,$8.45B,$1.60B,18.93%,$8.45B,$1.92B,22.73%,$8.45B,$1.67B,19.70%,$8.45B,$1.15B,13.63%,$1.15B,$7.54B,15.09%,$1.15B,$5.95B,18.77%,$1.15B,$11.00B,10.72%,$1.60B,$7.74B,20.42%,$2044,$1245,$799,$275,$239,$1727,$316,$6,$323,$92,$231,$231,$231,$314,$316,$1354,1375,$0.18,$0.17,$2298,$1853,$381,$6624,$1090,$1516,$1596,$0,$4375,$10998,$2911,$202,$344,$546,$3458,$13,$11350,$-8,$7541,$10998,$730,$240,$171,$411,$534,$-505,$0,$608,$444,$1584,$-210,$0,$-235,$4515,$-4609,$-94,$0,$-539,$-2,$0,$-2,$-865,$-865,$-246,$5,$-1107,$-62,$135,$-246
41,2008-04-30,15.11,$5.69,2.66,$6.55,2.31,$3.35,4.5,$1.05,14.39,$6.61B,$2.71B,2.44,$0.20B,$7.71B,0.03,$9.17B,$4.20B,45.77%,$9.17B,$2.04B,22.30%,$9.17B,$2.04B,22.30%,$9.17B,$2.34B,25.55%,$9.17B,$2.11B,23.01%,$9.17B,$1.46B,15.94%,$1.46B,$7.71B,19.24%,$1.46B,$6.08B,23.26%,$1.46B,$10.97B,13.80%,$2.04B,$7.91B,26.21%,$1848,$1106,$742,$269,$245,$1620,$228,$14,$243,$78,$165,$165,$165,$514,$228,$1351,1368,$0.12,$0.12,$2455,$1626,$346,$6607,$1074,$1488,$1633,$0,$4364,$10971,$2707,$202,$351,$553,$3260,$14,$11266,$3,$7711,$10971,$565,$154,$132,$286,$386,$-277,$0,$423,$413,$1264,$-138,$0,$-235,$3132,$-3377,$-245,$0,$-618,$0,$-0,$-0,$-592,$-592,$-164,$5,$-750,$-104,$89,$-164
42,2008-01-31,14.46,$5.51,2.62,$6.78,2.13,$3.08,4.7,$1.12,12.91,$6.19B,$2.35B,2.63,$0.20B,$7.46B,0.03,$9.55B,$4.37B,45.73%,$9.55B,$2.20B,23.00%,$9.55B,$2.20B,23.00%,$9.55B,$2.48B,25.98%,$9.55B,$2.26B,23.71%,$9.55B,$1.57B,16.44%,$1.57B,$7.46B,21.13%,$1.57B,$6.09B,24.91%,$1.57B,$10.35B,15.21%,$2.20B,$7.66B,28.77%,$2150,$1183,$967,$287,$241,$1712,$438,$16,$454,$152,$303,$303,$303,$451,$438,$1357,1373,$0.22,$0.22,$1906,$1388,$474,$6192,$1065,$1563,$1372,$0,$4161,$10352,$2353,$202,$338,$540,$2894,$14,$11045,$17,$7459,$10352,$262,$78,$113,$191,$35,$-74,$0,$31,$-64,$390,$-74,$0,$-19,$2038,$-1655,$383,$0,$290,$0,$0,$0,$-584,$-584,$-83,$0,$-667,$13,$39,$-83
43,2007-10-31,15.62,$5.64,2.77,$6.89,2.27,$3.08,5.08,$1.22,12.8,$6.61B,$2.38B,2.77,$0.20B,$7.82B,0.03,$9.74B,$4.49B,46.15%,$9.74B,$2.37B,24.37%,$9.74B,$2.37B,24.37%,$9.74B,$2.64B,27.11%,$9.74B,$2.44B,25.05%,$9.74B,$1.71B,17.57%,$1.71B,$7.82B,23.41%,$1.71B,$6.44B,27.02%,$1.71B,$10.66B,16.79%,$2.37B,$8.02B,31.60%,$2087,$1152,$935,$273,$240,$1715,$373,$16,$389,$127,$262,$262,$262,$642,$373,$1371,1384,$0.19,$0.19,$2370,$1313,$449,$6608,$1051,$1477,$1380,$0,$4055,$10662,$2382,$202,$257,$459,$2841,$14,$10863,$11,$7821,$10662,$1710,$268,$231,$500,$33,$141,$0,$-44,$-1,$2209,$-265,$0,$-600,$3054,$-3203,$-150,$38,$-977,$-202,$-0,$-202,$-434,$-434,$-306,$50,$-892,$341,$161,$-306
44,2007-07-31,17.68,$5.36,3.3,$6.84,2.58,$2.86,6.17,$1.22,14.49,$6.81B,$2.55B,2.67,$0.20B,$7.39B,0.03,$9.89B,$4.60B,46.55%,$9.89B,$2.45B,24.74%,$9.89B,$2.45B,24.74%,$9.89B,$2.71B,27.36%,$9.89B,$2.52B,25.49%,$9.89B,$1.74B,17.57%,$1.74B,$7.39B,24.78%,$1.74B,$6.51B,28.08%,$1.74B,$10.37B,17.57%,$2.45B,$7.59B,33.90%,$2367,$1290,$1077,$271,$242,$1806,$561,$18,$579,$157,$422,$422,$422,$735,$561,$1407,1427,$0.29,$0.28,$2408,$1362,$320,$6811,$1046,$1476,$875,$0,$3554,$10365,$2549,$204,$224,$428,$2977,$14,$10525,$12,$7388,$10365,$1288,$187,$174,$361,$-189,$46,$0,$-25,$-117,$1532,$-204,$0,$-137,$2115,$-2377,$-262,$23,$-580,$0,$-0,$-0,$-496,$-496,$-223,$17,$-701,$251,$130,$-223
45,2007-04-30,15.37,$5.09,3.02,$6.65,2.31,$2.68,5.74,$1.21,12.7,$6.36B,$2.46B,2.59,$0.20B,$7.04B,0.03,$9.87B,$4.61B,46.71%,$9.87B,$2.46B,24.88%,$9.87B,$2.46B,24.88%,$9.87B,$2.71B,27.49%,$9.87B,$2.56B,25.90%,$9.87B,$1.78B,17.99%,$1.78B,$7.04B,24.21%,$1.78B,$6.15B,27.16%,$1.78B,$9.90B,17.33%,$2.46B,$7.24B,32.36%,$2561,$1345,$1216,$293,$250,$1889,$672,$15,$687,$213,$474,$474,$474,$652,$672,$1386,1407,$0.34,$0.34,$2018,$1471,$275,$6359,$1030,$1484,$885,$0,$3537,$9896,$2458,$204,$196,$400,$2858,$14,$10134,$-11,$7038,$9896,$815,$124,$124,$248,$-71,$-62,$0,$5,$-169,$894,$-131,$0,$-128,$1401,$-1485,$-84,$18,$-326,$0,$-0,$-0,$-362,$-362,$-139,$3,$-499,$71,$83,$-139
46,2007-01-31,14.14,$4.99,2.83,$6.27,2.25,$2.67,5.29,$1.18,11.98,$6.41B,$2.44B,2.62,$0.21B,$6.97B,0.03,$9.59B,$4.52B,47.12%,$9.59B,$2.43B,25.32%,$9.59B,$2.43B,25.32%,$9.59B,$2.69B,28.04%,$9.59B,$2.55B,26.58%,$9.59B,$1.78B,18.54%,$1.78B,$6.97B,23.00%,$1.78B,$6.20B,25.22%,$1.78B,$9.81B,16.72%,$2.43B,$7.17B,30.22%,$2530,$1393,$1137,$291,$231,$1941,$589,$19,$608,$197,$411,$411,$411,$610,$589,$1391,1407,$0.30,$0.29,$2083,$1519,$291,$6406,$1029,$1468,$764,$0,$3402,$9808,$2444,$205,$192,$397,$2841,$14,$9806,$-15,$6967,$9808,$403,$61,$40,$101,$-24,$-111,$0,$1,$-124,$381,$-59,$0,$0,$730,$-729,$1,$9,$-48,$0,$0,$0,$-57,$-57,$-70,$0,$-127,$207,$35,$-70
47,2006-10-31,13.83,$4.78,2.89,$5.81,2.38,$2.67,5.17,$0.98,14.11,$6.08B,$2.44B,2.5,$0.21B,$6.65B,0.03,$9.17B,$4.29B,46.82%,$9.17B,$2.02B,22.05%,$9.17B,$2.02B,22.05%,$9.17B,$2.29B,25.00%,$9.17B,$2.17B,23.64%,$9.17B,$1.52B,16.55%,$1.52B,$6.65B,18.61%,$1.52B,$5.88B,20.08%,$1.52B,$9.48B,13.82%,$2.02B,$6.86B,23.76%,$2277,$1215,$1063,$288,$229,$1728,$550,$16,$565,$162,$403,$403,$403,$708,$550,$1395,1409,$0.29,$0.29,$1897,$1407,$295,$6081,$1024,$1459,$774,$0,$3400,$9481,$2436,$205,$189,$393,$2829,$14,$9472,$-19,$6651,$9481,$1517,$270,$517,$787,$-393,$-222,$0,$-49,$-327,$1977,$-179,$0,$-339,$6071,$-3622,$2449,$18,$1949,$0,$-8,$-8,$-3821,$-3821,$-251,$24,$-4055,$-129,$216,$-251
