,Date,Stock Price,Book Value per Share,Price to Book Ratio,TTM Sales per Share,Price to Sales Ratio,TTM FCF per Share,Price to FCF Ratio,TTM Net EPS,PE Ratio,Current Assets,Current Liabilities,Current Ratio,Long Term Debt,Shareholder's Equity_x,Debt to Equity Ratio,TTM Revenue_x,TTM Gross Profit,Gross Margin,TTM Revenue_y,TTM Operating Income,Operating Margin,TTM Revenue_x,TTM EBIT,EBIT Margin,TTM Revenue_y,TTM EBITDA,EBITDA Margin,TTM Revenue_x,TTM Pre-Tax Income,Pre-Tax Margin,TTM Revenue_y,TTM Net Income_x,Net Margin,TTM Net Income_y,Shareholder's Equity_y,Return on Equity,TTM Net Income_x,Tangible Equity,Return on Tangible Equity,TTM Net Income_y,Total Assets,Return on Assets,TTM Net Income,LT Investments & Debt,Return on Investment,revenue,cost-goods-sold,gross-profit,research-development-expenses,selling-general-administrative-expenses,operating-expenses,operating-income,total-non-operating-income-expense,pre-tax-income,total-provision-income-taxes,income-after-taxes,income-from-continuous-operations,net-income,ebitda,ebit,basic-shares-outstanding,shares-outstanding,eps-basic-net-earnings-per-share,eps-earnings-per-share-diluted,cash-on-hand,inventory,other-current-assets,total-current-assets,net-property-plant-equipment,long-term-investments,goodwill-intangible-assets-total,other-long-term-assets,total-long-term-assets,total-assets,total-current-liabilities,long-term-debt,other-non-current-liabilities,total-long-term-liabilities,total-liabilities,common-stock-net,retained-earnings-accumulated-deficit,comprehensive-income,total-share-holder-equity,total-liabilities-share-holders-equity,net-income-loss,total-depreciation-amortization-cash-flow,other-non-cash-items,total-non-cash-items,change-in-accounts-receivable,change-in-inventories,change-in-accounts-payable,change-in-assets-liabilities,total-change-in-assets-liabilities,cash-flow-from-operating-activities,net-change-in-property-plant-equipment,net-change-in-intangible-assets,net-acquisitions-divestitures,net-change-in-short-term-investments,net-change-in-long-term-investments,net-change-in-investments-total,investing-activities-other,cash-flow-from-investing-activities,net-long-term-debt,net-current-debt,debt-issuance-retirement-net-total,net-common-equity-issued-repurchased,net-total-equity-issued-repurchased,total-common-preferred-stock-dividends-paid,financial-activities-other,cash-flow-from-financial-activities,net-cash-flow,stock-based-compensation,common-stock-dividends-paid
0,2018-09-30,20.42,$39.65,0.51,$14.14,1.44,$-90.01,0.0,$4.09,4.99,$2.54B,$2.93B,0.87,$8.52B,$1.80B,4.74,$0.65B,$0.61B,94.14%,$0.65B,$0.50B,76.39%,$0.65B,$0.50B,76.39%,$0.65B,$0.44B,67.59%,$0.65B,$0.29B,44.29%,$0.65B,$0.19B,28.86%,$0.19B,$1.80B,9.82%,$0.19B,$1.04B,17.02%,$0.19B,$15.09B,0.90%,$0.50B,$10.32B,3.37%,$134,$62,$72,$0,$0,$88,$46,$-66,$-20,$2,$-22,$-22,$-104,$54,$46,$46,46,$-2.27,$-2.27,$54,$0,$0,$2541,$0,$4290,$756,$7507,$12552,$15093,$2929,$8524,$1814,$10366,$13295,$0,$1442,$98,$1799,$15093,$288,$-42,$-79,$-120,$70,$0,$-128,$-1562,$-1641,$-1418,$0,$0,$0,$-5,$1035,$1031,$219,$1249,$-8,$0,$-8,$0,$-11,$0,$-383,$-402,$-571,$10,$0
1,2018-06-30,19.85,$45.53,0.44,$14.14,1.4,$-64.42,0.0,$2.16,9.19,$2.60B,$3.03B,0.86,$14.25B,$2.06B,6.91,$0.65B,$0.43B,66.00%,$0.65B,$0.29B,45.29%,$0.65B,$0.29B,45.29%,$0.65B,$0.22B,34.47%,$0.65B,$0.12B,18.86%,$0.65B,$0.10B,15.46%,$0.10B,$2.06B,5.27%,$0.10B,$1.28B,9.42%,$0.10B,$21.54B,0.44%,$0.29B,$16.32B,1.85%,$151,$33,$118,$0,$0,$82,$69,$-62,$6,$2,$4,$4,$4,$67,$69,$46,46,$0.09,$0.09,$45,$0,$0,$2597,$0,$4400,$786,$13752,$18938,$21535,$3034,$14251,$2154,$16438,$19471,$0,$1546,$46,$2064,$21535,$310,$-50,$-45,$-96,$32,$0,$-145,$-1436,$-1572,$-1312,$0,$0,$0,$303,$674,$976,$39,$1015,$-21,$0,$-21,$0,$0,$0,$-262,$-282,$-579,$9,$0
2,2018-03-31,15.68,$46.49,0.34,$14.68,1.07,$-39.81,0.0,$2.23,7.03,$2.56B,$3.19B,0.8,$15.23B,$2.11B,7.22,$0.67B,$0.42B,62.18%,$0.67B,$0.27B,39.76%,$0.67B,$0.27B,39.76%,$0.67B,$0.19B,27.65%,$0.67B,$0.13B,19.43%,$0.67B,$0.10B,15.40%,$0.10B,$2.11B,5.52%,$0.10B,$1.28B,10.32%,$0.10B,$22.85B,0.45%,$0.27B,$17.34B,1.72%,$174,$-247,$421,$0,$0,$-182,$356,$-48,$308,$3,$306,$306,$306,$308,$356,$45,46,$6.72,$6.70,$40,$0,$0,$2556,$0,$4718,$833,$14741,$20292,$22848,$3194,$15228,$2282,$17545,$20739,$0,$1541,$99,$2109,$22848,$306,$-49,$-1,$-50,$6,$0,$-107,$-1372,$-1481,$-1192,$0,$0,$0,$316,$323,$639,$18,$657,$-40,$0,$-40,$0,$0,$0,$-10,$-50,$-585,$5,$0
3,2017-12-31,15.98,$36.34,0.44,$13.66,1.17,$-13.82,0.0,$-7.24,0.0,$1.89B,$5.97B,0.32,$13.15B,$1.65B,7.99,$0.62B,$-0.01B,-2.25%,$0.62B,$-0.16B,-26.41%,$0.62B,$-0.16B,-26.41%,$0.62B,$-0.20B,-31.56%,$0.62B,$-0.28B,-45.73%,$0.62B,$-0.33B,-52.82%,$-0.33B,$1.65B,-18.11%,$-0.33B,$0.80B,-35.69%,$-0.33B,$23.19B,-1.42%,$-0.16B,$14.80B,-1.11%,$189,$190,$-1,$0,$0,$164,$24,$-31,$-7,$13,$-19,$-19,$-19,$9,$24,$45,45,$-0.44,$-0.44,$625,$0,$0,$1894,$0,$5757,$847,$14694,$21298,$23192,$5968,$13152,$2394,$15579,$21547,$0,$1234,$-52,$1645,$23192,$-329,$-31,$31,$0,$77,$0,$-113,$157,$94,$-213,$0,$0,$0,$-127,$899,$772,$156,$929,$-181,$0,$-181,$0,$0,$0,$-1,$-182,$533,$4,$0
4,2017-09-30,17.26,$39.16,0.44,$14.70,1.17,$9.32,1.85,$-8.90,0.0,$1.57B,$6.04B,0.26,$13.22B,$1.77B,7.46,$0.67B,$-0.06B,-8.22%,$0.67B,$-0.24B,-36.17%,$0.67B,$-0.24B,-36.17%,$0.67B,$-0.27B,-39.76%,$0.67B,$-0.36B,-54.26%,$0.67B,$-0.40B,-60.39%,$-0.40B,$1.77B,-21.33%,$-0.40B,$0.89B,-41.50%,$-0.40B,$23.29B,-1.76%,$-0.24B,$14.99B,-1.65%,$133,$244,$-111,$0,$0,$290,$-156,$-29,$-185,$5,$-191,$-191,$-191,$-161,$-156,$45,45,$-4.20,$-4.20,$145,$0,$0,$1565,$0,$6254,$878,$14595,$21727,$23293,$6037,$13218,$2246,$15484,$21520,$0,$1247,$63,$1772,$23293,$-309,$-16,$6,$-10,$62,$0,$-87,$72,$51,$-245,$0,$0,$0,$-286,$633,$347,$304,$651,$-177,$0,$-177,$0,$0,$0,$-179,$-355,$49,$3,$0
5,2017-06-30,17.35,$42.83,0.41,$14.93,1.16,$32.76,0.53,$-2.48,0.0,$1.42B,$5.92B,0.24,$12.89B,$1.94B,6.65,$0.68B,$0.25B,36.56%,$0.68B,$0.06B,9.10%,$0.68B,$0.06B,9.10%,$0.68B,$0.04B,6.02%,$0.68B,$-0.06B,-8.96%,$0.68B,$-0.11B,-16.45%,$-0.11B,$1.94B,-5.61%,$-0.11B,$1.03B,-10.78%,$-0.11B,$23.01B,-0.48%,$0.06B,$14.83B,0.42%,$173,$66,$107,$0,$0,$131,$42,$-28,$14,$7,$7,$7,$7,$29,$42,$45,46,$0.16,$0.16,$59,$0,$0,$1421,$0,$6363,$912,$14309,$21584,$23005,$5920,$12891,$2228,$15147,$21067,$0,$1438,$39,$1938,$23005,$-118,$-12,$-2,$-14,$8,$0,$-58,$-7,$-45,$-165,$0,$0,$0,$47,$289,$337,$79,$416,$-169,$0,$-169,$0,$0,$0,$-117,$-286,$-37,$2,$0
6,2017-03-31,18.86,$41.76,0.45,$13.50,1.4,$55.63,0.34,$-1.35,0.0,$1.49B,$5.85B,0.26,$12.58B,$1.89B,6.66,$0.62B,$0.27B,44.39%,$0.62B,$0.11B,18.21%,$0.62B,$0.11B,18.21%,$0.62B,$0.11B,18.54%,$0.62B,$-0.01B,-2.11%,$0.62B,$-0.06B,-9.76%,$-0.06B,$1.89B,-2.96%,$-0.06B,$0.96B,-5.83%,$-0.06B,$22.76B,-0.26%,$0.11B,$14.47B,0.77%,$126,$135,$-9,$0,$0,$201,$-74,$-32,$-106,$20,$-125,$-125,$-125,$-73,$-74,$45,45,$-2.77,$-2.77,$124,$0,$0,$1494,$0,$6362,$931,$13977,$21270,$22764,$5851,$12580,$2416,$15024,$20875,$0,$1431,$-3,$1889,$22764,$-125,$2,$7,$8,$9,$0,$-35,$127,$113,$-5,$0,$0,$0,$148,$94,$242,$-10,$233,$-199,$0,$-199,$0,$0,$0,$-1,$-200,$28,$2,$0
7,2016-12-31,22.5,$43.79,0.51,$11.09,2.03,$74.04,0.3,$1.63,13.8,$1.47B,$5.90B,0.25,$12.27B,$1.98B,6.2,$0.51B,$0.40B,79.84%,$0.51B,$0.23B,45.26%,$0.51B,$0.23B,45.26%,$0.51B,$0.26B,50.40%,$0.51B,$0.11B,20.95%,$0.51B,$0.07B,14.62%,$0.07B,$1.98B,3.60%,$0.07B,$1.02B,7.37%,$0.07B,$22.64B,0.32%,$0.23B,$14.25B,1.55%,$237,$280,$-42,$0,$0,$292,$-54,$-32,$-86,$9,$-95,$-95,$-95,$-61,$-54,$45,46,$-2.09,$-2.08,$96,$0,$0,$1474,$0,$6526,$962,$13673,$21161,$22636,$5897,$12270,$2475,$14761,$20658,$0,$1558,$-39,$1978,$22636,$74,$26,$-37,$-11,$172,$0,$-234,$860,$808,$844,$0,$0,$0,$-206,$-389,$-595,$-119,$-715,$-67,$0,$-67,$0,$0,$0,$-3,$-70,$55,$5,$0
8,2016-09-30,18.39,$48.23,0.38,$9.60,1.91,$57.59,0.32,$12.28,1.5,$1.56B,$5.99B,0.26,$13.04B,$2.18B,5.99,$0.44B,$0.93B,210.45%,$0.44B,$0.71B,161.14%,$0.44B,$0.71B,161.14%,$0.44B,$0.77B,174.55%,$0.44B,$0.59B,133.64%,$0.44B,$0.56B,126.36%,$0.56B,$2.18B,27.09%,$0.56B,$1.15B,59.32%,$0.56B,$24.02B,2.35%,$0.71B,$15.22B,4.70%,$145,$-48,$193,$0,$0,$-3,$148,$-31,$117,$15,$101,$101,$101,$146,$148,$45,46,$2.24,$2.22,$27,$0,$0,$1559,$0,$6631,$1023,$14727,$22456,$24016,$5988,$13040,$2793,$15851,$21839,$0,$1653,$62,$2176,$24016,$169,$32,$-27,$5,$126,$0,$-176,$764,$726,$826,$0,$0,$0,$95,$-688,$-593,$-180,$-773,$-63,$0,$-63,$0,$0,$0,$-2,$-65,$-15,$4,$0
9,2016-06-30,16.46,$45.72,0.36,$8.38,1.96,$41.38,0.4,$1.40,11.76,$1.48B,$6.02B,0.25,$12.56B,$2.06B,6.09,$0.38B,$0.93B,242.56%,$0.38B,$0.20B,53.00%,$0.38B,$0.20B,53.00%,$0.38B,$0.78B,204.44%,$0.38B,$0.08B,21.67%,$0.38B,$0.06B,16.71%,$0.06B,$2.06B,3.34%,$0.06B,$0.99B,8.69%,$0.06B,$23.20B,0.27%,$0.20B,$14.62B,1.34%,$107,$-25,$131,$0,$0,$15,$92,$-31,$62,$3,$58,$58,$59,$102,$92,$45,45,$1.30,$1.29,$29,$0,$0,$1478,$0,$6548,$1076,$14016,$21721,$23199,$6015,$12558,$2557,$15122,$21136,$0,$1552,$51,$2063,$23199,$68,$34,$-18,$16,$90,$0,$-126,$912,$875,$874,$0,$0,$0,$-112,$-527,$-639,$-194,$-833,$-51,$0,$-51,$0,$0,$0,$-2,$-53,$-13,$3,$0
10,2016-03-31,15.8,$44.66,0.35,$10.97,1.44,$22.94,0.69,$6.16,2.56,$1.52B,$5.99B,0.25,$13.11B,$2.01B,6.52,$0.51B,$1.15B,226.82%,$0.51B,$0.43B,83.83%,$0.51B,$0.43B,83.83%,$0.51B,$1.00B,197.44%,$0.51B,$0.31B,60.55%,$0.51B,$0.29B,56.80%,$0.29B,$2.01B,15.07%,$0.29B,$0.86B,53.56%,$0.29B,$23.72B,1.18%,$0.43B,$15.13B,2.71%,$17,$-105,$122,$0,$0,$-26,$43,$-30,$13,$3,$9,$9,$9,$68,$43,$45,45,$0.21,$0.21,$35,$0,$0,$1515,$0,$6502,$1150,$14552,$22204,$23719,$5989,$13114,$2599,$15718,$21707,$0,$1494,$58,$2012,$23719,$9,$25,$-5,$20,$50,$0,$-67,$828,$808,$828,$0,$0,$0,$-241,$-569,$-809,$-5,$-814,$-20,$0,$-20,$0,$0,$0,$-0,$-20,$-7,$1,$0
11,2015-12-31,14.09,$43.48,0.32,$13.90,1.01,$4.75,2.97,$10.52,1.34,$2.19B,$5.97B,0.37,$13.45B,$1.96B,6.87,$0.65B,$1.31B,203.10%,$0.65B,$0.63B,97.05%,$0.65B,$0.63B,97.05%,$0.65B,$1.18B,183.57%,$0.65B,$0.51B,79.22%,$0.65B,$0.49B,76.59%,$0.49B,$1.96B,26.45%,$0.49B,$0.75B,156.21%,$0.49B,$23.73B,2.00%,$0.63B,$15.41B,3.93%,$171,$-310,$480,$0,$0,$-255,$426,$-31,$396,$9,$387,$387,$387,$452,$426,$45,46,$8.57,$8.76,$42,$0,$0,$2190,$0,$5670,$1212,$14656,$21538,$23728,$5966,$13453,$2343,$15804,$21770,$0,$1478,$15,$1958,$23728,$493,$558,$-64,$494,$175,$0,$-329,$-822,$-975,$92,$0,$0,$0,$134,$-349,$-215,$39,$-176,$52,$0,$52,$0,$0,$0,$-5,$47,$-38,$3,$0
12,2015-09-30,14.47,$36.17,0.4,$10.34,1.4,$-17.87,0.0,$11.69,1.24,$1.99B,$6.20B,0.32,$13.91B,$1.63B,8.54,$0.48B,$1.36B,283.37%,$0.48B,$0.69B,143.66%,$0.48B,$0.69B,143.66%,$0.48B,$1.24B,257.38%,$0.48B,$0.58B,119.54%,$0.48B,$0.56B,116.63%,$0.56B,$1.63B,31.22%,$0.56B,$0.35B,840.45%,$0.56B,$24.27B,2.24%,$0.69B,$15.54B,4.33%,$88,$-108,$196,$0,$0,$446,$-358,$-30,$-388,$3,$-391,$-391,$-391,$161,$-358,$45,45,$-8.66,$-8.66,$33,$0,$0,$1989,$0,$5731,$1279,$15268,$22278,$24267,$6195,$13914,$2527,$16443,$22638,$0,$1092,$73,$1629,$24267,$106,$532,$-78,$454,$107,$0,$-201,$-462,$-564,$82,$0,$0,$0,$-22,$-205,$-226,$44,$-183,$59,$0,$59,$0,$0,$0,$-5,$54,$-47,$2,$0
13,2015-06-30,16.64,$45.49,0.37,$11.73,1.42,$-14.14,0.0,$22.12,0.75,$2.04B,$6.36B,0.32,$14.57B,$2.05B,7.12,$0.55B,$1.33B,241.97%,$0.55B,$1.17B,212.77%,$0.55B,$1.17B,212.77%,$0.55B,$1.25B,228.10%,$0.55B,$1.05B,191.24%,$0.55B,$1.03B,188.69%,$1.03B,$2.05B,60.73%,$1.03B,$0.19B,-503.16%,$1.03B,$25.51B,4.03%,$1.17B,$16.62B,7.29%,$231,$-122,$352,$0,$0,$-84,$314,$-28,$286,$4,$282,$282,$283,$320,$314,$45,47,$6.26,$6.05,$40,$0,$0,$2037,$0,$5506,$1854,$16117,$23477,$25514,$6356,$14574,$2534,$17111,$23466,$0,$1487,$95,$2047,$25514,$497,$13,$-49,$-37,$64,$0,$-102,$-359,$-402,$38,$0,$0,$0,$163,$-191,$-28,$14,$-15,$-64,$0,$-64,$0,$0,$0,$0,$-64,$-40,$1,$0
14,2015-03-31,24.2,$40.83,0.59,$8.06,3.0,$-11.14,0.0,$11.46,2.11,$2.06B,$6.53B,0.32,$14.32B,$1.84B,7.79,$0.37B,$0.83B,222.46%,$0.37B,$0.67B,180.21%,$0.37B,$0.67B,180.21%,$0.37B,$0.75B,201.07%,$0.37B,$0.55B,147.59%,$0.37B,$0.54B,145.19%,$0.54B,$1.84B,36.28%,$0.54B,$-0.02B,-117.09%,$0.54B,$25.39B,2.07%,$0.67B,$16.16B,4.21%,$155,$-126,$282,$0,$0,$-89,$244,$-28,$217,$2,$215,$215,$215,$251,$244,$45,47,$4.75,$4.57,$33,$0,$0,$2057,$0,$5513,$1862,$15955,$23330,$25387,$6534,$14321,$2689,$17015,$23549,$0,$1204,$169,$1838,$25387,$215,$7,$-48,$-41,$49,$0,$-67,$-204,$-227,$6,$0,$0,$0,$102,$-132,$-30,$27,$-3,$-50,$0,$-50,$0,$0,$0,$0,$-50,$-47,$0,$0
15,2014-12-31,24.5,$37.19,0.66,$7.07,3.47,$-10.44,0.0,$10.20,2.4,$2.16B,$6.89B,0.31,$13.85B,$1.67B,8.28,$0.33B,$0.77B,235.67%,$0.33B,$0.62B,189.63%,$0.33B,$0.62B,189.63%,$0.33B,$0.70B,212.50%,$0.33B,$0.49B,150.61%,$0.33B,$0.48B,147.56%,$0.48B,$1.67B,36.00%,$0.48B,$-0.25B,-72.05%,$0.48B,$25.16B,1.82%,$0.62B,$15.53B,3.89%,$7,$-526,$533,$0,$0,$-484,$491,$-31,$460,$6,$453,$453,$454,$506,$491,$45,47,$10.05,$9.84,$82,$0,$0,$2159,$0,$5533,$1925,$15542,$23001,$25160,$6894,$13853,$2731,$16592,$23486,$0,$989,$220,$1674,$25160,$484,$76,$24,$101,$470,$0,$-565,$-1621,$-1710,$-968,$0,$0,$0,$-241,$1586,$1344,$-73,$1272,$-307,$0,$-307,$0,$0,$0,$0,$-307,$-3,$3,$0
16,2014-09-30,22.1,$27.79,0.8,$10.53,2.1,$14.20,1.56,$1.96,11.28,$1.95B,$8.53B,0.23,$14.38B,$1.25B,11.5,$0.49B,$0.38B,78.69%,$0.49B,$0.24B,48.77%,$0.49B,$0.24B,48.77%,$0.49B,$0.32B,64.75%,$0.49B,$0.11B,22.34%,$0.49B,$0.10B,20.29%,$0.10B,$1.25B,8.46%,$0.10B,$-0.74B,-10.86%,$0.10B,$26.59B,0.36%,$0.24B,$15.63B,1.48%,$155,$-3,$159,$0,$0,$39,$117,$-32,$85,$2,$82,$82,$82,$173,$117,$45,47,$1.83,$1.77,$51,$0,$0,$1946,$0,$7099,$1990,$15556,$24645,$26591,$8528,$14378,$2431,$16813,$25340,$0,$536,$251,$1251,$26591,$30,$62,$-14,$48,$186,$0,$-207,$94,$73,$258,$0,$0,$0,$-385,$76,$-309,$-8,$-317,$24,$0,$24,$0,$0,$0,$0,$24,$-34,$3,$0
17,2014-06-30,27.31,$27.19,1.0,$10.90,2.51,$10.46,2.61,$5.17,5.28,$2.06B,$8.67B,0.24,$15.43B,$1.22B,12.61,$0.51B,$0.53B,104.16%,$0.51B,$0.38B,76.04%,$0.51B,$0.38B,76.04%,$0.51B,$0.43B,85.74%,$0.51B,$0.26B,50.69%,$0.51B,$0.25B,49.11%,$0.25B,$1.22B,22.97%,$0.25B,$-0.84B,-22.99%,$0.25B,$27.72B,0.90%,$0.38B,$16.66B,2.33%,$57,$199,$-142,$0,$0,$236,$-178,$-32,$-210,$-2,$-208,$-208,$-208,$-178,$-178,$45,45,$-4.61,$-4.61,$82,$0,$0,$2063,$0,$6802,$2064,$16794,$25660,$27723,$8671,$15432,$2395,$17829,$26500,$0,$453,$306,$1224,$27723,$-52,$5,$-2,$3,$97,$0,$-132,$174,$136,$172,$0,$0,$0,$-164,$167,$3,$12,$15,$-190,$0,$-190,$0,$0,$0,$0,$-190,$-3,$2,$0
18,2014-03-31,31.03,$27.30,1.14,$11.32,2.74,$6.76,4.59,$24.34,1.27,$2.12B,$8.75B,0.24,$14.85B,$1.23B,12.09,$1.04B,$1.25B,119.81%,$1.04B,$1.12B,107.21%,$1.04B,$1.12B,107.21%,$1.04B,$1.17B,112.40%,$1.04B,$3.74B,359.33%,$1.04B,$3.73B,358.46%,$3.73B,$1.23B,407.88%,$3.73B,$-0.86B,-286.22%,$3.73B,$27.11B,13.52%,$1.12B,$16.08B,6.86%,$109,$-114,$223,$0,$0,$-83,$192,$-32,$159,$3,$156,$156,$156,$196,$192,$45,47,$3.46,$3.31,$40,$0,$0,$2118,$0,$6788,$2085,$16123,$24996,$27114,$8754,$14851,$2275,$17131,$25885,$0,$661,$104,$1229,$27114,$156,$5,$-8,$-3,$35,$0,$-64,$-141,$-167,$39,$0,$0,$0,$21,$-119,$-98,$14,$-84,$0,$0,$0,$0,$0,$0,$0,$0,$-46,$2,$0
