,Date,Stock Price,Book Value per Share,Price to Book Ratio,TTM Sales per Share,Price to Sales Ratio,TTM FCF per Share,Price to FCF Ratio,TTM Net EPS,PE Ratio,Current Assets,Current Liabilities,Current Ratio,Long Term Debt,Shareholder's Equity_x,Debt to Equity Ratio,TTM Revenue_x,TTM Gross Profit,Gross Margin,TTM Revenue_y,TTM Operating Income,Operating Margin,TTM Revenue_x,TTM EBIT,EBIT Margin,TTM Revenue_y,TTM EBITDA,EBITDA Margin,TTM Revenue_x,TTM Pre-Tax Income,Pre-Tax Margin,TTM Revenue_y,TTM Net Income_x,Net Margin,TTM Net Income_y,Shareholder's Equity_y,Return on Equity,TTM Net Income_x,Tangible Equity,Return on Tangible Equity,TTM Net Income_y,Total Assets,Return on Assets,TTM Net Income,LT Investments & Debt,Return on Investment,revenue,cost-goods-sold,gross-profit,research-development-expenses,selling-general-administrative-expenses,operating-expenses,operating-income,total-non-operating-income-expense,pre-tax-income,total-provision-income-taxes,income-after-taxes,income-from-continuous-operations,net-income,ebitda,ebit,basic-shares-outstanding,shares-outstanding,eps-basic-net-earnings-per-share,eps-earnings-per-share-diluted,cash-on-hand,inventory,other-current-assets,total-current-assets,net-property-plant-equipment,long-term-investments,goodwill-intangible-assets-total,other-long-term-assets,total-long-term-assets,total-assets,total-current-liabilities,long-term-debt,other-non-current-liabilities,total-long-term-liabilities,total-liabilities,common-stock-net,retained-earnings-accumulated-deficit,comprehensive-income,total-share-holder-equity,total-liabilities-share-holders-equity,net-income-loss,total-depreciation-amortization-cash-flow,other-non-cash-items,total-non-cash-items,change-in-accounts-receivable,change-in-inventories,change-in-accounts-payable,change-in-assets-liabilities,total-change-in-assets-liabilities,cash-flow-from-operating-activities,net-change-in-property-plant-equipment,net-change-in-intangible-assets,net-acquisitions-divestitures,net-change-in-short-term-investments,net-change-in-long-term-investments,net-change-in-investments-total,investing-activities-other,cash-flow-from-investing-activities,net-long-term-debt,net-current-debt,debt-issuance-retirement-net-total,net-common-equity-issued-repurchased,net-total-equity-issued-repurchased,total-common-preferred-stock-dividends-paid,financial-activities-other,cash-flow-from-financial-activities,net-cash-flow,stock-based-compensation,common-stock-dividends-paid
0,2017-12-31,1.15,$0.00,0.0,$-0.53,0.0,$-1.29,0.0,0,0.0,$0.10B,$0.08B,1.3,$0.00B,$0.12B,0.0,$-0.03B,$-0.02B,50.00%,$-0.03B,$-0.03B,84.38%,$-0.03B,$-0.03B,84.38%,$-0.03B,$-0.03B,84.38%,$-0.03B,$-0.03B,84.38%,$-0.03B,$0.20B,-631.25%,$0.20B,$0.12B,81.12%,$0.20B,$0.12B,81.53%,$0.20B,$0.23B,54.89%,$-0.03B,$0.12B,-10.84%,$0,$0,$0,$0,$0,$0,$0,$0,$0,$0,$0,$0,$0,$0,$0,$0,0,$0.00,$0.00,$18,$0,$67,$99,$0,$102,$0,$9,$111,$225,$76,$0,$26,$26,$101,$0,$-172,$0,$124,$225,$-179,$12,$0,$12,$0,$0,$0,$0,$1,$-59,$-6,$0,$0,$0,$0,$-17,$-24,$-47,$0,$0,$0,$0,$0,$0,$1,$1,$-99,$0,$0
1,2017-06-30,2.14,$0.00,0.0,$-0.36,0.0,$-1.29,0.0,$-0.16,0.0,$0.16B,$0.10B,1.57,$0.00B,$-0.07B,0.0,$-0.02B,$-0.03B,131.82%,$-0.02B,$-0.05B,222.73%,$-0.02B,$-0.05B,222.73%,$-0.02B,$-0.05B,222.73%,$-0.02B,$-0.05B,222.73%,$-0.02B,$0.19B,-872.73%,$0.19B,$0.21B,69.95%,$0.19B,$0.21B,70.39%,$0.19B,$0.33B,44.83%,$-0.05B,$0.21B,-17.85%,$0,$0,$0,$0,$0,$0,$0,$0,$0,$0,$0,$0,$0,$0,$0,$0,0,$0.00,$0.00,$54,$0,$0,$160,$0,$0,$0,$0,$0,$334,$102,$0,$0,$0,$127,$0,$-68,$0,$207,$334,$0,$0,$0,$0,$0,$0,$0,$0,$0,$0,$0,$0,$0,$0,$0,$0,$0,$0,$0,$0,$0,$0,$0,$0,$0,$0,$0,$0,$0
2,2016-12-31,2.46,$0.00,0.0,$-0.16,0.0,$-1.29,0.0,$-0.48,0.0,$0.21B,$0.09B,2.28,$0.00B,$0.27B,0.0,$-0.01B,$-0.04B,410.00%,$-0.01B,$-0.07B,700.00%,$-0.01B,$-0.07B,700.00%,$-0.01B,$-0.07B,700.00%,$-0.01B,$-0.07B,690.00%,$-0.01B,$0.17B,-1730.00%,$0.17B,$0.27B,61.08%,$0.17B,$0.27B,61.57%,$0.17B,$0.38B,40.00%,$-0.07B,$0.27B,-24.71%,$0,$0,$0,$0,$0,$0,$0,$0,$0,$0,$0,$0,$0,$0,$0,$0,0,$0.00,$0.00,$118,$0,$77,$205,$61,$84,$2,$29,$176,$381,$90,$0,$24,$24,$115,$0,$-16,$0,$267,$381,$-89,$13,$0,$13,$0,$0,$0,$0,$-46,$-104,$-22,$0,$0,$0,$0,$3,$149,$131,$0,$0,$0,$0,$1,$0,$10,$11,$31,$0,$0
3,2015-12-31,5.59,$6.39,0.87,$0.84,6.64,$-1.29,0.0,$-0.58,0.0,$0.34B,$0.11B,3.19,$0.00B,$0.40B,0.0,$0.05B,$-0.04B,-78.00%,$0.05B,$-0.08B,-152.00%,$0.05B,$-0.08B,-152.00%,$0.05B,$-0.08B,-152.00%,$0.05B,$-0.07B,-148.00%,$0.05B,$0.17B,334.00%,$0.17B,$0.40B,59.22%,$0.17B,$0.40B,59.80%,$0.17B,$0.53B,38.64%,$-0.08B,$0.40B,-26.95%,$-32,$-16,$-16,$0,$11,$-5,$-27,$1,$-27,$2,$-29,$-26,$202,$-27,$-27,$61,61,$3.04,$2.90,$91,$0,$39,$343,$75,$90,$2,$44,$215,$532,$107,$0,$26,$27,$134,$0,$50,$23,$398,$532,$-78,$6,$-41,$-35,$14,$0,$-9,$-3,$45,$-69,$-9,$0,$89,$14,$-3,$11,$-2,$88,$0,$-3,$0,$5,$5,$0,$0,$2,$20,$1,$0
4,2015-09-30,5.37,$0.00,0.0,$2.47,2.18,$-0.24,0.0,$-0.76,0.0,$0.34B,$0.24B,1.41,$0.00B,$0.23B,0.0,$0.15B,$0.12B,81.08%,$0.15B,$0.10B,65.54%,$0.15B,$0.10B,65.54%,$0.15B,$0.10B,65.54%,$0.15B,$-0.08B,-54.05%,$0.15B,$-0.05B,-31.08%,$-0.05B,$0.23B,-18.42%,$-0.05B,$0.22B,-18.59%,$-0.05B,$0.47B,-11.55%,$0.10B,$0.23B,38.84%,$10,$23,$-13,$0,$10,$33,$-22,$1,$-22,$0,$-22,$-20,$-10,$-22,$-22,$61,61,$-0.16,$-0.16,$128,$0,$190,$337,$0,$18,$3,$54,$79,$466,$239,$0,$1,$1,$240,$0,$-145,$0,$226,$466,$0,$0,$0,$0,$0,$0,$0,$0,$0,$0,$0,$0,$0,$0,$0,$0,$0,$0,$0,$0,$0,$0,$0,$0,$0,$0,$0,$0,$0
5,2015-06-30,4.86,$0.00,0.0,$3.34,1.45,$-0.24,0.0,$-0.70,0.0,$0.24B,$0.11B,2.19,$0.00B,$0.24B,0.0,$0.20B,$0.14B,67.50%,$0.20B,$0.11B,55.00%,$0.20B,$0.11B,55.00%,$0.20B,$0.11B,55.00%,$0.20B,$-0.07B,-33.00%,$0.20B,$-0.04B,-21.00%,$-0.04B,$0.24B,-15.88%,$-0.04B,$0.24B,-16.00%,$-0.04B,$0.35B,-10.94%,$0.11B,$0.24B,41.59%,$12,$24,$-12,$0,$8,$32,$-21,$0,$-20,$3,$-23,$-21,$-19,$-21,$-21,$61,61,$-0.32,$-0.32,$21,$0,$193,$235,$0,$16,$3,$49,$72,$351,$107,$0,$1,$1,$108,$0,$-136,$0,$242,$351,$0,$0,$0,$0,$0,$0,$0,$0,$0,$0,$0,$0,$0,$0,$0,$0,$0,$0,$0,$0,$0,$0,$0,$0,$0,$0,$0,$0,$0
6,2015-03-31,1.98,$0.00,0.0,$4.18,0.47,$-0.24,0.0,$-0.48,0.0,$0.23B,$0.12B,1.94,$0.00B,$0.26B,0.0,$0.25B,$0.15B,61.04%,$0.25B,$0.12B,48.59%,$0.25B,$0.12B,48.59%,$0.25B,$0.12B,48.59%,$0.25B,$-0.06B,-22.09%,$0.25B,$-0.03B,-11.24%,$-0.03B,$0.26B,-10.15%,$-0.03B,$0.26B,-10.22%,$-0.03B,$0.38B,-7.03%,$0.12B,$0.26B,43.88%,$60,$59,$2,$0,$8,$66,$-6,$1,$-5,$2,$-7,$-6,$-6,$-6,$-6,$60,60,$-0.10,$-0.10,$64,$0,$70,$226,$0,$17,$3,$61,$90,$380,$117,$0,$1,$1,$118,$0,$-116,$0,$262,$380,$0,$0,$0,$0,$0,$0,$0,$0,$0,$0,$0,$0,$0,$0,$0,$0,$0,$0,$0,$0,$0,$0,$0,$0,$0,$0,$0,$0,$0
7,2014-12-31,2.56,$4.48,0.57,$4.23,0.6,$-0.24,0.0,$-0.44,0.0,$0.25B,$0.13B,2.0,$0.00B,$0.28B,0.0,$0.25B,$0.16B,61.90%,$0.25B,$0.12B,48.41%,$0.25B,$0.12B,48.41%,$0.25B,$0.12B,48.41%,$0.25B,$-0.05B,-21.43%,$0.25B,$-0.03B,-10.32%,$-0.03B,$0.27B,-9.28%,$-0.03B,$0.27B,-9.31%,$-0.03B,$0.40B,-6.48%,$0.12B,$0.27B,43.53%,$66,$-77,$143,$0,$-3,$-81,$146,$-1,$-33,$1,$-34,$-11,$-11,$146,$146,$60,60,$-0.18,$-0.18,$81,$0,$63,$250,$88,$9,$1,$72,$183,$396,$125,$0,$1,$1,$127,$0,$-99,$34,$269,$396,$-32,$15,$2,$15,$9,$0,$-2,$-6,$0,$-2,$-12,$0,$0,$26,$-2,$0,$6,$-6,$0,$3,$0,$1,$0,$0,$14,$17,$8,$1,$0
8,2014-09-30,1.74,$0.00,0.0,$4.42,0.39,$-0.21,0.0,$-0.24,0.0,$0.26B,$0.12B,2.13,$0.00B,$0.29B,0.0,$0.26B,$0.17B,65.40%,$0.26B,$0.14B,53.99%,$0.26B,$0.14B,53.99%,$0.26B,$0.14B,53.99%,$0.26B,$-0.04B,-14.83%,$0.26B,$-0.01B,-5.32%,$-0.01B,$0.29B,-4.90%,$-0.01B,$0.28B,-4.92%,$-0.01B,$0.41B,-3.47%,$0.14B,$0.29B,49.69%,$62,$60,$2,$0,$12,$72,$-9,$1,$-8,$-1,$-8,$-6,$-6,$-9,$-9,$60,60,$-0.10,$-0.10,$101,$0,$60,$260,$0,$9,$1,$74,$98,$408,$122,$0,$1,$1,$124,$0,$-99,$0,$285,$408,$0,$0,$0,$0,$0,$0,$0,$0,$0,$0,$0,$0,$0,$0,$0,$0,$0,$0,$0,$0,$0,$0,$0,$0,$0,$0,$0,$0,$0
9,2014-06-30,2.28,$0.00,0.0,$4.52,0.5,$-0.21,0.0,$-0.20,0.0,$0.27B,$0.12B,2.19,$0.00B,$0.29B,0.0,$0.27B,$0.18B,66.54%,$0.27B,$0.15B,54.65%,$0.27B,$0.15B,54.65%,$0.27B,$0.15B,54.65%,$0.27B,$-0.03B,-12.27%,$0.27B,$-0.01B,-4.46%,$-0.01B,$0.29B,-4.30%,$-0.01B,$0.29B,-4.32%,$-0.01B,$0.41B,-3.00%,$0.15B,$0.29B,52.64%,$61,$57,$5,$0,$14,$71,$-10,$1,$-9,$-2,$-6,$-5,$-5,$-10,$-10,$60,60,$-0.10,$-0.10,$113,$0,$56,$267,$0,$9,$1,$74,$97,$409,$122,$0,$1,$1,$123,$0,$-93,$0,$287,$409,$0,$0,$0,$0,$0,$0,$0,$0,$0,$0,$0,$0,$0,$0,$0,$0,$0,$0,$0,$0,$0,$0,$0,$0,$0,$0,$0,$0,$0
10,2014-03-31,2.38,$0.00,0.0,$4.54,0.52,$-0.21,0.0,$-0.18,0.0,$0.27B,$0.11B,2.38,$0.00B,$0.28B,0.0,$0.27B,$0.18B,65.31%,$0.27B,$0.15B,55.35%,$0.27B,$0.15B,55.35%,$0.27B,$0.15B,55.35%,$0.27B,$-0.03B,-11.07%,$0.27B,$-0.01B,-4.43%,$-0.01B,$0.28B,-4.52%,$-0.01B,$0.28B,-4.54%,$-0.01B,$0.39B,-3.03%,$0.15B,$0.28B,56.44%,$63,$57,$6,$0,$11,$68,$-5,$1,$-4,$-0,$-4,$-4,$-4,$-5,$-5,$60,60,$-0.06,$-0.06,$116,$0,$59,$268,$0,$8,$1,$67,$89,$393,$113,$0,$0,$0,$113,$0,$-88,$0,$280,$393,$0,$0,$0,$0,$0,$0,$0,$0,$0,$0,$0,$0,$0,$0,$0,$0,$0,$0,$0,$0,$0,$0,$0,$0,$0,$0,$0,$0,$0
11,2013-12-31,2.03,$0.00,0.0,$4.52,0.45,$-0.21,0.0,$-0.18,0.0,$0.28B,$0.11B,2.48,$0.00B,$0.29B,0.0,$0.27B,$0.18B,64.34%,$0.27B,$0.15B,54.78%,$0.27B,$0.15B,54.78%,$0.27B,$0.15B,54.78%,$0.27B,$-0.03B,-11.03%,$0.27B,$-0.01B,-4.41%,$-0.01B,$0.29B,-4.71%,$-0.01B,$0.29B,-4.73%,$-0.01B,$0.40B,-3.07%,$0.15B,$0.29B,58.49%,$77,$-82,$159,$0,$-7,$-89,$166,$-3,$-18,$-1,$-17,$1,$1,$166,$166,$60,60,$0.02,$0.02,$113,$0,$53,$275,$0,$8,$1,$71,$92,$403,$111,$0,$0,$0,$111,$0,$-84,$0,$291,$403,$-12,$22,$-3,$22,$-6,$0,$3,$1,$-14,$1,$-13,$0,$0,$0,$-2,$1,$-58,$-70,$0,$0,$0,$-3,$-3,$-1,$58,$54,$-14,$1,$0
12,2013-09-30,1.76,$0.00,0.0,$4.58,0.38,$0.18,9.75,$-0.15,0.0,$0.27B,$0.14B,2.01,$0.00B,$0.26B,0.0,$0.28B,$0.03B,11.87%,$0.28B,$-0.01B,-3.60%,$0.28B,$-0.01B,-3.60%,$0.28B,$-0.01B,-3.60%,$0.28B,$-0.01B,-1.80%,$0.28B,$-0.01B,-3.60%,$-0.01B,$0.26B,-4.14%,$-0.01B,$0.26B,-4.16%,$-0.01B,$0.40B,-2.66%,$-0.01B,$0.26B,-4.14%,$68,$60,$9,$0,$12,$72,$-4,$2,$-2,$2,$-4,$-4,$-4,$-4,$-4,$60,60,$-0.06,$-0.06,$113,$0,$55,$274,$0,$4,$2,$70,$87,$395,$136,$0,$0,$0,$137,$0,$-85,$0,$259,$395,$0,$0,$0,$0,$0,$0,$0,$0,$0,$0,$0,$0,$0,$0,$0,$0,$0,$0,$0,$0,$0,$0,$0,$0,$0,$0,$0,$0,$0
13,2013-06-30,1.84,$0.00,0.0,$4.59,0.4,$0.18,10.19,$-0.53,0.0,$0.27B,$0.16B,1.67,$0.00B,$0.23B,0.0,$0.28B,$0.03B,11.74%,$0.28B,$-0.01B,-2.49%,$0.28B,$-0.01B,-2.49%,$0.28B,$-0.01B,-2.49%,$0.28B,$-0.03B,-11.74%,$0.28B,$-0.03B,-11.74%,$-0.03B,$0.23B,-14.00%,$-0.03B,$0.23B,-14.06%,$-0.03B,$0.40B,-9.15%,$-0.01B,$0.23B,-2.97%,$63,$60,$3,$0,$10,$70,$-7,$1,$-6,$-1,$-5,$-5,$-5,$-7,$-7,$60,60,$-0.08,$-0.08,$125,$0,$48,$269,$0,$4,$1,$71,$88,$395,$162,$0,$0,$0,$162,$0,$-82,$0,$233,$395,$0,$0,$0,$0,$0,$0,$0,$0,$0,$0,$0,$0,$0,$0,$0,$0,$0,$0,$0,$0,$0,$0,$0,$0,$0,$0,$0,$0,$0
14,2013-03-31,1.79,$0.00,0.0,$4.63,0.39,$0.18,9.91,$-0.47,0.0,$0.27B,$0.14B,1.98,$0.00B,$0.24B,0.0,$0.29B,$0.04B,13.29%,$0.29B,$-0.00B,-0.35%,$0.29B,$-0.00B,-0.35%,$0.29B,$-0.00B,-0.35%,$0.29B,$-0.03B,-9.79%,$0.29B,$-0.03B,-10.14%,$-0.03B,$0.24B,-11.95%,$-0.03B,$0.24B,-12.41%,$-0.03B,$0.37B,-8.24%,$-0.00B,$0.24B,-0.41%,$64,$60,$4,$0,$9,$69,$-6,$0,$-4,$-1,$-3,$-4,$-4,$-6,$-6,$61,61,$-0.06,$-0.06,$121,$0,$40,$269,$0,$4,$1,$23,$39,$372,$136,$0,$0,$0,$136,$0,$-77,$0,$236,$372,$0,$0,$0,$0,$0,$0,$0,$0,$0,$0,$0,$0,$0,$0,$0,$0,$0,$0,$0,$0,$0,$0,$0,$0,$0,$0,$0,$0,$0
15,2012-12-31,1.92,$0.00,0.0,$4.64,0.41,$0.18,10.63,$-0.53,0.0,$0.26B,$0.10B,2.51,$0.00B,$0.24B,0.0,$0.29B,$0.04B,12.85%,$0.29B,$-0.00B,-0.69%,$0.29B,$-0.00B,-0.69%,$0.29B,$-0.00B,-0.69%,$0.29B,$-0.03B,-10.42%,$0.29B,$-0.03B,-11.11%,$-0.03B,$0.24B,-12.83%,$-0.03B,$0.24B,-13.76%,$-0.03B,$0.34B,-9.18%,$-0.00B,$0.24B,-0.80%,$83,$65,$17,$0,$11,$76,$7,$1,$7,$4,$3,$3,$3,$7,$7,$61,61,$0.05,$0.05,$126,$0,$34,$261,$0,$4,$2,$22,$36,$344,$104,$0,$0,$0,$104,$0,$-73,$0,$239,$344,$-32,$24,$0,$24,$0,$0,$0,$0,$-6,$20,$-9,$0,$0,$0,$0,$-45,$-3,$-57,$0,$0,$0,$0,$-3,$0,$0,$-3,$-39,$0,$0
16,2012-09-30,1.89,$0.00,0.0,$4.63,0.41,$0.22,8.67,$-0.51,0.0,$0.25B,$0.10B,2.57,$0.00B,$0.24B,0.0,$0.29B,$0.04B,13.45%,$0.29B,$-0.00B,-0.69%,$0.29B,$-0.00B,-0.69%,$0.29B,$-0.00B,-0.69%,$0.29B,$-0.03B,-10.34%,$0.29B,$-0.03B,-10.34%,$-0.03B,$0.24B,-11.66%,$-0.03B,$0.23B,-12.93%,$-0.03B,$0.33B,-8.50%,$-0.00B,$0.24B,-0.78%,$71,$63,$9,$0,$10,$72,$-1,$-29,$-30,$-3,$-27,$-27,$-27,$-1,$-1,$62,62,$-0.44,$-0.44,$124,$0,$36,$248,$0,$4,$2,$21,$35,$332,$96,$0,$0,$0,$97,$0,$-74,$0,$235,$332,$0,$0,$0,$0,$0,$0,$0,$0,$0,$0,$0,$0,$0,$0,$0,$0,$0,$0,$0,$0,$0,$0,$0,$0,$0,$0,$0,$0,$0
17,2012-06-30,2.38,$0.00,0.0,$4.70,0.51,$0.22,10.92,$-0.10,0.0,$0.25B,$0.10B,2.56,$0.00B,$0.26B,0.0,$0.29B,$0.04B,12.85%,$0.29B,$-0.00B,-1.39%,$0.29B,$-0.00B,-1.39%,$0.29B,$-0.00B,-1.39%,$0.29B,$-0.00B,-0.69%,$0.29B,$-0.01B,-1.74%,$-0.01B,$0.26B,-1.89%,$-0.01B,$0.23B,-2.17%,$-0.01B,$0.36B,-1.39%,$-0.00B,$0.26B,-1.51%,$68,$60,$8,$0,$9,$69,$-1,$1,$-1,$-1,$-1,$-1,$-1,$-1,$-1,$63,63,$-0.02,$-0.02,$122,$0,$31,$245,$0,$23,$32,$0,$63,$360,$96,$0,$0,$3,$99,$0,$-47,$0,$261,$360,$0,$0,$0,$0,$0,$0,$0,$0,$0,$0,$0,$0,$0,$0,$0,$0,$0,$0,$0,$0,$0,$0,$0,$0,$0,$0,$0,$0,$0
18,2012-03-31,3.08,$0.00,0.0,$4.51,0.68,$0.22,14.13,$-0.21,0.0,$0.25B,$0.09B,2.69,$0.00B,$0.26B,0.0,$0.28B,$0.03B,9.68%,$0.28B,$-0.01B,-5.02%,$0.28B,$-0.01B,-5.02%,$0.28B,$-0.01B,-5.02%,$0.28B,$-0.01B,-5.02%,$0.28B,$-0.01B,-4.66%,$-0.01B,$0.26B,-4.90%,$-0.01B,$0.23B,-5.64%,$-0.01B,$0.36B,-3.66%,$-0.01B,$0.26B,-5.27%,$66,$63,$3,$0,$10,$73,$-7,$1,$-6,$2,$-8,$-7,$-7,$-7,$-7,$63,63,$-0.12,$-0.12,$126,$0,$37,$249,$0,$4,$34,$17,$59,$359,$92,$0,$0,$4,$96,$0,$-45,$0,$263,$359,$0,$0,$0,$0,$0,$0,$0,$0,$0,$0,$0,$0,$0,$0,$0,$0,$0,$0,$0,$0,$0,$0,$0,$0,$0,$0,$0,$0,$0
19,2011-12-31,3.63,$0.00,0.0,$4.39,0.83,$0.22,16.65,$-0.15,0.0,$0.25B,$0.09B,2.83,$0.00B,$0.27B,0.0,$0.27B,$0.03B,10.58%,$0.27B,$-0.01B,-4.01%,$0.27B,$-0.01B,-4.01%,$0.27B,$-0.01B,-4.01%,$0.27B,$-0.01B,-4.74%,$0.27B,$-0.01B,-3.65%,$-0.01B,$0.27B,-3.73%,$-0.01B,$0.24B,-4.31%,$-0.01B,$0.36B,-2.83%,$-0.01B,$0.27B,-4.10%,$85,$66,$19,$0,$12,$78,$7,$-0,$7,$2,$5,$5,$5,$7,$7,$63,64,$0.07,$0.07,$119,$0,$36,$248,$0,$2,$35,$15,$57,$361,$88,$0,$0,$4,$91,$0,$-38,$0,$270,$361,$-13,$25,$0,$25,$0,$0,$0,$0,$-6,$18,$-4,$0,$0,$0,$0,$0,$-1,$-5,$0,$0,$0,$0,$-11,$0,$0,$-11,$6,$0,$0
20,2011-09-30,2.49,$0.00,0.0,$4.17,0.6,$0.03,85.86,$-0.15,0.0,$0.23B,$0.09B,2.7,$0.00B,$0.27B,0.0,$0.26B,$0.03B,10.00%,$0.26B,$-0.01B,-4.62%,$0.26B,$-0.01B,-4.62%,$0.26B,$-0.01B,-4.62%,$0.26B,$-0.02B,-6.15%,$0.26B,$-0.01B,-3.85%,$-0.01B,$0.27B,-3.70%,$-0.01B,$0.23B,-4.30%,$-0.01B,$0.36B,-2.86%,$-0.01B,$0.27B,-4.44%,$69,$62,$7,$0,$10,$72,$-3,$1,$-2,$-0,$-2,$-2,$-2,$-3,$-3,$56,56,$-0.03,$-0.03,$122,$0,$29,$232,$0,$2,$36,$15,$62,$355,$86,$0,$0,$4,$90,$0,$-35,$0,$265,$355,$0,$0,$0,$0,$0,$0,$0,$0,$0,$0,$0,$0,$0,$0,$0,$0,$0,$0,$0,$0,$0,$0,$0,$0,$0,$0,$0,$0,$0
21,2011-06-30,3.2,$0.00,0.0,$3.86,0.83,$0.03,110.34,$-0.10,0.0,$0.22B,$0.08B,2.87,$0.00B,$0.26B,0.0,$0.25B,$0.03B,11.90%,$0.25B,$-0.01B,-3.17%,$0.25B,$-0.01B,-3.17%,$0.25B,$-0.01B,-3.17%,$0.25B,$-0.01B,-5.56%,$0.25B,$-0.01B,-2.78%,$-0.01B,$0.26B,-2.59%,$-0.01B,$0.23B,-3.01%,$-0.01B,$0.35B,-2.04%,$-0.01B,$0.26B,-2.96%,$59,$61,$-2,$0,$9,$70,$-11,$0,$-13,$-2,$-10,$-9,$-9,$-11,$-11,$65,65,$-0.13,$-0.13,$121,$0,$31,$221,$0,$2,$36,$15,$60,$345,$77,$0,$0,$4,$81,$0,$-33,$0,$264,$345,$0,$0,$0,$0,$0,$0,$0,$0,$0,$0,$0,$0,$0,$0,$0,$0,$0,$0,$0,$0,$0,$0,$0,$0,$0,$0,$0,$0,$0
22,2011-03-31,5.21,$0.00,0.0,$3.83,1.36,$0.03,179.66,$-0.04,0.0,$0.22B,$0.07B,3.07,$0.00B,$0.27B,0.0,$0.25B,$0.04B,16.06%,$0.25B,$-0.00B,-0.40%,$0.25B,$-0.00B,-0.40%,$0.25B,$-0.00B,-0.40%,$0.25B,$-0.01B,-2.81%,$0.25B,$-0.00B,-1.20%,$-0.00B,$0.27B,-1.11%,$-0.00B,$0.24B,-1.29%,$-0.00B,$0.35B,-0.89%,$-0.00B,$0.27B,-0.37%,$61,$56,$5,$0,$9,$65,$-4,$1,$-5,$1,$-5,$-4,$-4,$-4,$-4,$65,65,$-0.06,$-0.06,$117,$0,$35,$221,$0,$2,$38,$15,$61,$351,$72,$0,$0,$5,$76,$0,$-24,$0,$274,$351,$0,$0,$0,$0,$0,$0,$0,$0,$0,$0,$0,$0,$0,$0,$0,$0,$0,$0,$0,$0,$0,$0,$0,$0,$0,$0,$0,$0,$0
23,2010-12-31,6.89,$0.00,0.0,$3.63,1.9,$0.03,237.59,$-0.08,0.0,$0.22B,$0.07B,3.28,$0.00B,$0.28B,0.0,$0.24B,$0.04B,16.03%,$0.24B,$-0.01B,-2.11%,$0.24B,$-0.01B,-2.11%,$0.24B,$-0.01B,-2.11%,$0.24B,$-0.01B,-3.80%,$0.24B,$-0.01B,-2.53%,$-0.01B,$0.28B,-2.25%,$-0.01B,$0.24B,-2.62%,$-0.01B,$0.35B,-1.82%,$-0.01B,$0.28B,-1.87%,$71,$54,$16,$0,$10,$64,$6,$-0,$4,$-0,$4,$5,$5,$6,$6,$64,64,$0.08,$0.07,$113,$0,$40,$216,$0,$2,$38,$14,$60,$347,$66,$0,$0,$5,$70,$0,$-20,$0,$277,$347,$-8,$23,$0,$23,$0,$0,$0,$0,$-15,$11,$-9,$0,$-17,$0,$0,$1,$-5,$-30,$0,$0,$0,$0,$1,$-1,$0,$0,$-17,$0,$0
24,2010-09-30,5.92,$0.00,0.0,$3.21,1.84,$-0.30,0.0,$-0.34,0.0,$0.20B,$0.06B,3.32,$0.00B,$0.27B,0.0,$0.21B,$0.02B,9.48%,$0.21B,$-0.04B,-16.59%,$0.21B,$-0.04B,-16.59%,$0.21B,$-0.04B,-16.59%,$0.21B,$-0.04B,-17.54%,$0.21B,$-0.02B,-10.90%,$-0.02B,$0.27B,-8.65%,$-0.02B,$0.23B,-9.88%,$-0.02B,$0.33B,-7.10%,$-0.04B,$0.27B,-13.17%,$61,$49,$11,$0,$10,$59,$1,$0,$0,$-0,$1,$1,$1,$1,$1,$66,66,$0.02,$0.02,$98,$0,$38,$196,$0,$2,$37,$17,$60,$331,$59,$0,$0,$5,$64,$0,$-33,$0,$267,$331,$0,$0,$0,$0,$0,$0,$0,$0,$0,$0,$0,$0,$0,$0,$0,$0,$0,$0,$0,$0,$0,$0,$0,$0,$0,$0,$0,$0,$0
25,2010-06-30,3.14,$0.00,0.0,$2.89,1.09,$-0.30,0.0,$-0.51,0.0,$0.18B,$0.05B,3.41,$0.00B,$0.26B,0.0,$0.19B,$0.01B,4.79%,$0.19B,$-0.05B,-25.00%,$0.19B,$-0.05B,-25.00%,$0.19B,$-0.05B,-25.00%,$0.19B,$-0.05B,-25.00%,$0.19B,$-0.03B,-18.09%,$-0.03B,$0.26B,-12.59%,$-0.03B,$0.22B,-14.04%,$-0.03B,$0.32B,-10.57%,$-0.05B,$0.26B,-17.41%,$56,$49,$8,$0,$12,$61,$-4,$0,$-6,$0,$-6,$-5,$-5,$-4,$-4,$66,66,$-0.07,$-0.07,$85,$0,$49,$184,$0,$2,$37,$16,$60,$320,$54,$0,$0,$5,$59,$0,$-34,$0,$261,$320,$0,$0,$0,$0,$0,$0,$0,$0,$0,$0,$0,$0,$0,$0,$0,$0,$0,$0,$0,$0,$0,$0,$0,$0,$0,$0,$0,$0,$0
26,2010-03-31,6.25,$0.00,0.0,$2.61,2.4,$-0.30,0.0,$-0.55,0.0,$0.18B,$0.05B,3.44,$0.00B,$0.26B,0.0,$0.17B,$0.00B,0.59%,$0.17B,$-0.05B,-30.18%,$0.17B,$-0.05B,-30.18%,$0.17B,$-0.05B,-30.18%,$0.17B,$-0.05B,-28.99%,$0.17B,$-0.04B,-21.30%,$-0.04B,$0.26B,-13.01%,$-0.04B,$0.22B,-14.05%,$-0.04B,$0.32B,-10.98%,$-0.05B,$0.26B,-18.43%,$49,$46,$3,$0,$11,$56,$-8,$1,$-7,$0,$-7,$-7,$-7,$-8,$-8,$66,66,$-0.10,$-0.10,$78,$0,$65,$182,$0,$1,$38,$16,$60,$320,$53,$0,$0,$6,$58,$0,$-29,$0,$262,$320,$0,$0,$0,$0,$0,$0,$0,$0,$0,$0,$0,$0,$0,$0,$0,$0,$0,$0,$0,$0,$0,$0,$0,$0,$0,$0,$0,$0,$0
27,2009-12-31,7.51,$0.00,0.0,$2.39,3.15,$-0.30,0.0,$-0.47,0.0,$0.20B,$0.05B,4.28,$0.00B,$0.27B,0.0,$0.15B,$0.01B,3.27%,$0.15B,$-0.04B,-28.76%,$0.15B,$-0.04B,-28.76%,$0.15B,$-0.04B,-28.76%,$0.15B,$-0.04B,-28.10%,$0.15B,$-0.03B,-19.61%,$-0.03B,$0.27B,-10.54%,$-0.03B,$0.25B,-11.05%,$-0.03B,$0.32B,-9.14%,$-0.04B,$0.27B,-15.47%,$45,$47,$-2,$0,$22,$69,$-24,$1,$-24,$-4,$-19,$-12,$-12,$-24,$-24,$65,65,$-0.19,$-0.19,$126,$0,$27,$202,$0,$2,$20,$16,$43,$324,$47,$0,$0,$3,$50,$0,$-15,$0,$273,$324,$-37,$17,$0,$17,$0,$0,$0,$0,$9,$9,$-29,$0,$-6,$0,$0,$-1,$-7,$-43,$0,$0,$0,$0,$-6,$0,$2,$-4,$-38,$0,$0
28,2009-09-30,7.35,$0.00,0.0,$2.26,3.26,$-0.69,0.0,$-0.16,0.0,$0.20B,$0.04B,5.6,$0.00B,$0.28B,0.0,$0.15B,$0.02B,15.07%,$0.15B,$-0.01B,-9.59%,$0.15B,$-0.01B,-9.59%,$0.15B,$-0.01B,-9.59%,$0.15B,$-0.01B,-7.53%,$0.15B,$-0.01B,-6.85%,$-0.01B,$0.28B,-3.43%,$-0.01B,$0.27B,-3.56%,$-0.01B,$0.32B,-3.03%,$-0.01B,$0.28B,-4.80%,$38,$38,$-0,$0,$11,$48,$-11,$1,$-10,$-1,$-9,$-10,$-10,$-11,$-11,$64,64,$-0.15,$-0.15,$120,$0,$36,$201,$0,$1,$16,$19,$40,$323,$36,$0,$0,$3,$39,$0,$-2,$0,$284,$323,$0,$0,$0,$0,$0,$0,$0,$0,$0,$0,$0,$0,$0,$0,$0,$0,$0,$0,$0,$0,$0,$0,$0,$0,$0,$0,$0,$0,$0
29,2009-06-30,6.44,$0.00,0.0,$2.14,3.0,$-0.69,0.0,$0.10,64.4,$0.24B,$0.05B,4.38,$0.00B,$0.29B,0.0,$0.14B,$0.03B,24.29%,$0.14B,$0.00B,2.14%,$0.14B,$0.00B,2.14%,$0.14B,$0.00B,2.14%,$0.14B,$0.01B,5.00%,$0.14B,$0.01B,5.00%,$0.01B,$0.29B,2.39%,$0.01B,$0.28B,2.46%,$0.01B,$0.35B,2.13%,$0.00B,$0.29B,1.02%,$37,$37,$0,$0,$8,$45,$-8,$1,$-8,$-1,$-7,$-7,$-7,$-8,$-8,$64,64,$-0.11,$-0.11,$144,$0,$46,$237,$0,$1,$8,$27,$39,$345,$54,$0,$0,$3,$57,$0,$8,$0,$288,$345,$0,$0,$0,$0,$0,$0,$0,$0,$0,$0,$0,$0,$0,$0,$0,$0,$0,$0,$0,$0,$0,$0,$0,$0,$0,$0,$0,$0,$0
30,2009-03-31,4.19,$0.00,0.0,$2.01,2.08,$-0.69,0.0,$0.32,13.09,$0.23B,$0.03B,9.21,$0.00B,$0.29B,0.0,$0.13B,$0.05B,34.59%,$0.13B,$0.02B,13.53%,$0.13B,$0.02B,13.53%,$0.13B,$0.02B,13.53%,$0.13B,$0.02B,16.54%,$0.13B,$0.02B,15.79%,$0.02B,$0.29B,7.20%,$0.02B,$0.29B,7.39%,$0.02B,$0.32B,6.62%,$0.02B,$0.29B,6.17%,$33,$26,$7,$0,$8,$34,$-1,$1,$-1,$-0,$-1,$-1,$-1,$-1,$-1,$63,63,$-0.02,$-0.02,$147,$0,$36,$227,$0,$1,$8,$18,$29,$321,$25,$0,$0,$3,$28,$0,$15,$0,$293,$321,$0,$0,$0,$0,$0,$0,$0,$0,$0,$0,$0,$0,$0,$0,$0,$0,$0,$0,$0,$0,$0,$0,$0,$0,$0,$0,$0,$0,$0
31,2008-12-31,4.8,$0.00,0.0,$1.81,2.65,$-0.69,0.0,$0.44,10.91,$0.24B,$0.03B,9.43,$0.00B,$0.30B,0.0,$0.12B,$0.05B,41.80%,$0.12B,$0.03B,21.31%,$0.12B,$0.03B,21.31%,$0.12B,$0.03B,21.31%,$0.12B,$0.03B,24.59%,$0.12B,$0.03B,23.77%,$0.03B,$0.30B,10.15%,$0.03B,$0.29B,10.40%,$0.03B,$0.33B,9.43%,$0.03B,$0.30B,9.10%,$38,$23,$15,$0,$9,$32,$6,$2,$8,$-0,$8,$8,$8,$6,$6,$68,68,$0.12,$0.12,$162,$0,$41,$241,$0,$1,$9,$15,$27,$330,$26,$0,$0,$4,$29,$0,$22,$0,$301,$330,$30,$6,$0,$6,$0,$0,$0,$0,$-40,$4,$-50,$0,$1,$0,$0,$-1,$-6,$-57,$0,$0,$0,$0,$1,$0,$0,$1,$-49,$0,$0
32,2008-09-30,7.45,$0.00,0.0,$1.39,5.34,$-0.18,0.0,$0.36,20.69,$0.24B,$0.02B,10.2,$0.00B,$0.29B,0.0,$0.10B,$0.05B,52.00%,$0.10B,$0.04B,36.00%,$0.10B,$0.04B,36.00%,$0.10B,$0.04B,36.00%,$0.10B,$0.04B,38.00%,$0.10B,$0.03B,27.00%,$0.03B,$0.29B,9.82%,$0.03B,$0.28B,10.04%,$0.03B,$0.32B,9.25%,$0.04B,$0.29B,13.09%,$32,$20,$12,$0,$6,$26,$6,$2,$8,$0,$8,$7,$7,$6,$6,$68,68,$0.11,$0.11,$178,$0,$26,$244,$0,$2,$10,$10,$22,$319,$24,$0,$0,$3,$27,$0,$13,$0,$292,$319,$0,$0,$0,$0,$0,$0,$0,$0,$0,$0,$0,$0,$0,$0,$0,$0,$0,$0,$0,$0,$0,$0,$0,$0,$0,$0,$0,$0,$0
