,Date,Stock Price,Book Value per Share,Price to Book Ratio,TTM Sales per Share,Price to Sales Ratio,TTM FCF per Share,Price to FCF Ratio,TTM Net EPS,PE Ratio,Current Assets,Current Liabilities,Current Ratio,Long Term Debt,Shareholder's Equity_x,Debt to Equity Ratio,TTM Revenue_x,TTM Gross Profit,Gross Margin,TTM Revenue_y,TTM Operating Income,Operating Margin,TTM Revenue_x,TTM EBIT,EBIT Margin,TTM Revenue_y,TTM EBITDA,EBITDA Margin,TTM Revenue_x,TTM Pre-Tax Income,Pre-Tax Margin,TTM Revenue_y,TTM Net Income_x,Net Margin,TTM Net Income_y,Shareholder's Equity_y,Return on Equity,TTM Net Income_x,Tangible Equity,Return on Tangible Equity,TTM Net Income_y,Total Assets,Return on Assets,TTM Net Income,LT Investments & Debt,Return on Investment,revenue,cost-goods-sold,gross-profit,research-development-expenses,selling-general-administrative-expenses,operating-expenses,operating-income,total-non-operating-income-expense,pre-tax-income,total-provision-income-taxes,income-after-taxes,income-from-continuous-operations,net-income,ebitda,ebit,basic-shares-outstanding,shares-outstanding,eps-basic-net-earnings-per-share,eps-earnings-per-share-diluted,cash-on-hand,inventory,other-current-assets,total-current-assets,net-property-plant-equipment,long-term-investments,goodwill-intangible-assets-total,other-long-term-assets,total-long-term-assets,total-assets,total-current-liabilities,long-term-debt,other-non-current-liabilities,total-long-term-liabilities,total-liabilities,common-stock-net,retained-earnings-accumulated-deficit,comprehensive-income,total-share-holder-equity,total-liabilities-share-holders-equity,net-income-loss,total-depreciation-amortization-cash-flow,other-non-cash-items,total-non-cash-items,change-in-accounts-receivable,change-in-inventories,change-in-accounts-payable,change-in-assets-liabilities,total-change-in-assets-liabilities,cash-flow-from-operating-activities,net-change-in-property-plant-equipment,net-change-in-intangible-assets,net-acquisitions-divestitures,net-change-in-short-term-investments,net-change-in-long-term-investments,net-change-in-investments-total,investing-activities-other,cash-flow-from-investing-activities,net-long-term-debt,net-current-debt,debt-issuance-retirement-net-total,net-common-equity-issued-repurchased,net-total-equity-issued-repurchased,total-common-preferred-stock-dividends-paid,financial-activities-other,cash-flow-from-financial-activities,net-cash-flow,stock-based-compensation,common-stock-dividends-paid
0,2018-09-30,79.12,$19.44,4.07,$20.26,3.91,$7.98,9.91,$3.46,22.87,$2.00B,$0.97B,2.06,$1.83B,$4.51B,0.41,$4.72B,$1.61B,34.06%,$4.72B,$1.03B,21.85%,$4.72B,$1.03B,21.85%,$4.72B,$1.23B,26.05%,$4.72B,$0.93B,19.65%,$4.72B,$0.81B,17.06%,$0.81B,$4.51B,18.85%,$0.81B,$-0.85B,-77.11%,$0.81B,$8.11B,10.03%,$1.03B,$6.34B,16.82%,$1193,$783,$410,$0,$145,$928,$265,$-20,$245,$54,$191,$191,$191,$313,$265,$232,233,$0.83,$0.82,$519,$620,$145,$1999,$487,$257,$5365,$0,$6109,$8108,$970,$1833,$240,$2626,$3596,$3,$5474,$-456,$4512,$8108,$566,$146,$12,$158,$0,$0,$0,$-90,$-90,$629,$-47,$0,$-376,$0,$0,$0,$-1,$-424,$-240,$1,$-239,$25,$25,$-97,$-6,$-317,$-128,$20,$-97
1,2018-06-30,72.16,$18.71,3.86,$19.82,3.64,$7.79,9.26,$3.30,21.87,$2.02B,$1.18B,1.71,$1.84B,$4.34B,0.42,$4.61B,$1.56B,33.84%,$4.61B,$1.00B,21.61%,$4.61B,$1.00B,21.61%,$4.61B,$1.19B,25.84%,$4.61B,$0.89B,19.22%,$4.61B,$0.77B,16.66%,$0.77B,$4.34B,18.81%,$0.77B,$-1.06B,-65.89%,$0.77B,$8.15B,9.66%,$1.00B,$6.18B,16.70%,$1209,$791,$418,$0,$148,$939,$270,$-22,$248,$54,$194,$194,$194,$319,$270,$231,233,$0.84,$0.83,$558,$614,$135,$2018,$490,$245,$5399,$0,$6134,$8152,$1183,$1838,$236,$2632,$3814,$3,$5315,$-454,$4338,$8152,$375,$98,$6,$104,$0,$0,$0,$-100,$-100,$381,$-29,$0,$-375,$0,$0,$0,$1,$-402,$0,$-0,$-0,$14,$14,$-65,$-5,$-56,$-89,$13,$-65
2,2018-03-31,75.83,$18.16,4.18,$19.23,3.94,$7.64,9.93,$3.12,24.3,$1.96B,$1.16B,1.69,$1.90B,$4.20B,0.45,$4.47B,$1.50B,33.68%,$4.47B,$0.96B,21.41%,$4.47B,$0.96B,21.41%,$4.47B,$1.15B,25.64%,$4.47B,$0.84B,18.83%,$4.47B,$0.72B,16.21%,$0.72B,$4.20B,18.58%,$0.72B,$-1.16B,-56.71%,$0.72B,$8.06B,9.29%,$0.96B,$6.10B,16.34%,$1173,$777,$396,$0,$138,$914,$258,$-22,$236,$54,$181,$181,$181,$307,$258,$231,233,$0.79,$0.78,$557,$596,$123,$1960,$492,$241,$5365,$0,$6098,$8058,$1160,$1898,$255,$2694,$3854,$3,$5154,$-415,$4204,$8058,$181,$49,$12,$60,$0,$0,$0,$-62,$-62,$177,$-12,$0,$-242,$0,$0,$0,$1,$-254,$0,$0,$0,$9,$9,$-32,$-4,$-27,$-90,$6,$-32
3,2017-12-31,72.21,$17.42,4.14,$18.56,3.89,$7.49,9.65,$2.94,24.56,$1.94B,$1.14B,1.7,$1.87B,$4.03B,0.46,$4.30B,$1.45B,33.67%,$4.30B,$0.92B,21.27%,$4.30B,$0.92B,21.27%,$4.30B,$1.10B,25.53%,$4.30B,$0.80B,18.51%,$4.30B,$0.68B,15.86%,$0.68B,$4.03B,18.44%,$0.68B,$-1.10B,-50.35%,$0.68B,$7.80B,8.97%,$0.92B,$5.89B,16.06%,$1143,$760,$383,$0,$145,$905,$238,$-41,$198,$-41,$239,$239,$239,$290,$238,$230,232,$1.03,$1.03,$646,$541,$80,$1935,$493,$239,$5129,$0,$5861,$7796,$1139,$1866,$251,$2630,$3768,$3,$5002,$-429,$4028,$7796,$681,$183,$-122,$61,$-25,$-6,$0,$3,$97,$833,$-75,$0,$-557,$0,$0,$0,$6,$-626,$-270,$-10,$-280,$33,$33,$-83,$0,$-329,$-71,$25,$-83
4,2017-09-30,65.72,$16.30,4.03,$17.79,3.69,$7.18,9.15,$2.38,27.61,$2.02B,$1.27B,1.59,$1.92B,$3.77B,0.51,$4.13B,$1.36B,32.85%,$4.13B,$0.85B,20.58%,$4.13B,$0.85B,20.58%,$4.13B,$1.04B,25.13%,$4.13B,$0.74B,17.99%,$4.13B,$0.55B,13.36%,$0.55B,$3.77B,15.75%,$0.55B,$-1.34B,-39.34%,$0.55B,$7.78B,7.43%,$0.85B,$5.69B,15.31%,$1085,$722,$363,$0,$133,$855,$230,$-26,$204,$51,$154,$154,$154,$275,$230,$230,232,$0.67,$0.66,$736,$547,$100,$2024,$495,$159,$5105,$0,$5759,$7783,$1270,$1921,$217,$2747,$4017,$3,$4785,$-463,$3766,$7783,$443,$131,$-13,$118,$0,$0,$0,$19,$19,$580,$-46,$0,$-519,$0,$0,$0,$2,$-562,$0,$-10,$-10,$29,$29,$-62,$0,$-43,$19,$20,$-62
5,2017-06-30,60.19,$15.56,3.87,$17.18,3.5,$6.90,8.73,$2.28,26.4,$1.79B,$1.00B,1.8,$2.13B,$3.59B,0.59,$3.99B,$1.31B,32.77%,$3.99B,$0.82B,20.57%,$3.99B,$0.82B,20.57%,$3.99B,$1.01B,25.21%,$3.99B,$0.71B,17.87%,$3.99B,$0.53B,13.25%,$0.53B,$3.59B,15.53%,$0.53B,$-1.51B,-38.28%,$0.53B,$7.54B,7.32%,$0.82B,$5.72B,15.32%,$1065,$702,$362,$0,$133,$835,$230,$-26,$203,$53,$150,$150,$150,$273,$230,$230,232,$0.65,$0.65,$516,$541,$89,$1789,$493,$155,$5098,$0,$5746,$7535,$995,$2129,$222,$2948,$3943,$3,$4652,$-494,$3592,$7535,$289,$86,$-38,$48,$0,$0,$0,$3,$3,$341,$-28,$0,$-519,$0,$0,$0,$-0,$-547,$0,$-7,$-7,$25,$25,$-41,$0,$-23,$-201,$14,$-41
6,2017-03-31,53.66,$14.79,3.63,$16.75,3.2,$6.88,7.79,$2.22,24.17,$1.79B,$1.02B,1.76,$2.08B,$3.40B,0.61,$3.90B,$1.28B,32.89%,$3.90B,$0.81B,20.75%,$3.90B,$0.81B,20.75%,$3.90B,$0.99B,25.44%,$3.90B,$0.70B,17.96%,$3.90B,$0.52B,13.24%,$0.52B,$3.40B,15.44%,$0.52B,$-1.47B,-39.32%,$0.52B,$7.30B,7.30%,$0.81B,$5.48B,15.72%,$1008,$667,$340,$0,$123,$790,$217,$-26,$191,$52,$139,$139,$139,$260,$217,$230,231,$0.61,$0.60,$570,$530,$83,$1787,$483,$152,$4876,$0,$5511,$7299,$1017,$2077,$218,$2878,$3895,$3,$4522,$-532,$3404,$7299,$139,$43,$-41,$2,$0,$0,$0,$2,$2,$142,$-13,$0,$-335,$0,$0,$0,$-0,$-348,$0,$59,$59,$14,$14,$-21,$0,$52,$-147,$5,$-21
7,2016-12-31,48.14,$14.20,3.39,$16.39,2.94,$6.92,6.96,$2.19,21.98,$1.93B,$0.92B,2.09,$2.06B,$3.26B,0.63,$3.84B,$1.27B,32.94%,$3.84B,$0.80B,20.89%,$3.84B,$0.80B,20.89%,$3.84B,$0.98B,25.57%,$3.84B,$0.69B,18.05%,$3.84B,$0.51B,13.33%,$0.51B,$3.26B,15.42%,$0.51B,$-1.30B,-39.73%,$0.51B,$7.10B,7.31%,$0.80B,$5.32B,16.06%,$973,$681,$292,$0,$119,$800,$173,$-28,$145,$36,$109,$109,$109,$230,$173,$233,234,$0.48,$0.47,$717,$492,$76,$1928,$473,$146,$4553,$0,$5172,$7101,$924,$2063,$235,$2920,$3844,$3,$4404,$-542,$3257,$7101,$512,$180,$9,$189,$15,$39,$0,$-4,$52,$757,$-63,$0,$-391,$0,$0,$0,$2,$-452,$772,$-316,$457,$-322,$-322,$-83,$5,$57,$336,$22,$-83
8,2016-09-30,47.24,$14.58,3.24,$16.31,2.9,$6.45,7.32,$2.29,20.63,$1.70B,$1.22B,1.4,$1.54B,$3.37B,0.46,$3.86B,$1.25B,32.30%,$3.86B,$0.84B,21.74%,$3.86B,$0.84B,21.74%,$3.86B,$1.00B,25.94%,$3.86B,$0.73B,18.96%,$3.86B,$0.54B,14.01%,$0.54B,$3.37B,16.26%,$0.54B,$-1.25B,-43.34%,$0.54B,$6.98B,7.83%,$0.84B,$4.91B,17.22%,$945,$631,$314,$0,$113,$744,$201,$-27,$174,$44,$131,$131,$131,$243,$201,$232,233,$0.56,$0.56,$445,$537,$62,$1697,$479,$175,$4626,$0,$5280,$6977,$1217,$1541,$191,$2387,$3604,$3,$4315,$-430,$3373,$6977,$403,$123,$11,$134,$0,$0,$0,$-27,$-27,$510,$-40,$0,$-360,$0,$0,$0,$1,$-400,$0,$237,$237,$-221,$-221,$-63,$5,$-41,$64,$16,$-63
9,2016-06-30,45.63,$14.44,3.16,$16.39,2.78,$6.21,7.35,$2.38,19.17,$1.71B,$1.21B,1.41,$1.54B,$3.36B,0.46,$3.91B,$1.30B,33.21%,$3.91B,$0.88B,22.38%,$3.91B,$0.88B,22.38%,$3.91B,$1.03B,26.40%,$3.91B,$0.77B,19.67%,$3.91B,$0.57B,14.45%,$0.57B,$3.36B,17.09%,$0.57B,$-1.24B,-46.71%,$0.57B,$6.96B,8.29%,$0.88B,$4.90B,17.96%,$978,$640,$338,$0,$119,$759,$219,$-28,$191,$52,$138,$138,$138,$260,$219,$233,235,$0.59,$0.59,$456,$537,$65,$1708,$475,$178,$4595,$0,$5248,$6956,$1207,$1543,$197,$2392,$3599,$3,$4205,$-423,$3357,$6956,$272,$81,$14,$95,$0,$0,$0,$-26,$-26,$341,$-25,$0,$-293,$0,$0,$0,$1,$-318,$0,$222,$222,$-128,$-128,$-42,$4,$57,$75,$11,$-42
10,2016-03-31,49.23,$14.12,3.49,$16.35,3.01,$5.93,8.3,$2.43,20.26,$1.66B,$1.29B,1.29,$1.55B,$3.30B,0.47,$3.94B,$1.33B,33.80%,$3.94B,$0.90B,22.77%,$3.94B,$0.90B,22.77%,$3.94B,$1.05B,26.66%,$3.94B,$0.79B,20.15%,$3.94B,$0.58B,14.82%,$0.58B,$3.30B,17.51%,$0.58B,$-1.37B,-52.14%,$0.58B,$7.00B,8.68%,$0.90B,$4.85B,18.35%,$944,$624,$321,$0,$112,$736,$209,$-25,$183,$49,$134,$134,$134,$249,$209,$235,236,$0.57,$0.57,$387,$549,$68,$1663,$488,$179,$4665,$0,$5332,$6995,$1291,$1553,$206,$2407,$3698,$3,$4088,$-371,$3297,$6995,$134,$40,$9,$49,$0,$0,$0,$-32,$-32,$152,$-11,$0,$-295,$0,$0,$0,$0,$-306,$0,$283,$283,$-115,$-115,$-21,$2,$150,$6,$5,$-21
11,2015-12-31,52.69,$13.82,3.81,$16.40,3.21,$5.78,9.12,$2.45,21.51,$1.62B,$1.02B,1.58,$1.55B,$3.26B,0.48,$3.98B,$1.36B,34.14%,$3.98B,$0.91B,22.84%,$3.98B,$0.91B,22.84%,$3.98B,$1.06B,26.57%,$3.98B,$0.81B,20.30%,$3.98B,$0.59B,14.87%,$0.59B,$3.26B,17.79%,$0.59B,$-1.13B,-59.29%,$0.59B,$6.66B,9.02%,$0.91B,$4.81B,18.76%,$988,$716,$272,$0,$113,$779,$209,$-26,$183,$46,$137,$137,$137,$248,$209,$240,242,$0.58,$0.57,$381,$514,$73,$1619,$485,$177,$4380,$0,$5042,$6660,$1024,$1553,$205,$2382,$3406,$3,$3975,$-406,$3255,$6660,$591,$149,$-25,$124,$-7,$-12,$0,$0,$-39,$673,$-69,$0,$-356,$0,$0,$0,$-0,$-426,$18,$227,$245,$-396,$-396,$-86,$20,$-217,$3,$24,$-86
12,2015-09-30,51.36,$13.94,3.69,$16.46,3.12,$5.93,8.66,$2.50,20.54,$1.59B,$0.93B,1.72,$1.62B,$3.32B,0.49,$4.01B,$1.38B,34.46%,$4.01B,$0.93B,23.09%,$4.01B,$0.93B,23.09%,$4.01B,$1.07B,26.70%,$4.01B,$0.83B,20.74%,$4.01B,$0.61B,15.11%,$0.61B,$3.32B,18.26%,$0.61B,$-1.11B,-62.77%,$0.61B,$6.64B,9.34%,$0.93B,$4.94B,19.27%,$999,$632,$367,$0,$112,$761,$238,$-26,$212,$55,$156,$156,$156,$275,$238,$240,241,$0.65,$0.65,$328,$542,$70,$1591,$483,$148,$4422,$0,$5053,$6644,$925,$1622,$154,$2403,$3329,$3,$3859,$-349,$3315,$6644,$454,$110,$-40,$70,$0,$0,$0,$-52,$-52,$473,$-45,$0,$-356,$0,$0,$0,$-0,$-402,$53,$160,$213,$-270,$-270,$-65,$20,$-101,$-50,$18,$-65
13,2015-06-30,53.68,$14.26,3.76,$16.48,3.26,$6.04,8.89,$2.42,22.18,$1.60B,$0.83B,1.93,$1.48B,$3.45B,0.43,$4.04B,$1.37B,33.85%,$4.04B,$0.91B,22.40%,$4.04B,$0.91B,22.40%,$4.04B,$1.05B,25.99%,$4.04B,$0.81B,20.03%,$4.04B,$0.59B,14.64%,$0.59B,$3.45B,17.64%,$0.59B,$-0.87B,-66.05%,$0.59B,$6.56B,9.15%,$0.91B,$4.94B,18.85%,$1004,$634,$370,$0,$113,$763,$240,$-25,$215,$60,$156,$156,$156,$277,$240,$241,244,$0.64,$0.64,$327,$542,$70,$1599,$485,$148,$4326,$0,$4958,$6558,$830,$1482,$160,$2274,$3104,$3,$3724,$-313,$3453,$6558,$298,$72,$-36,$36,$0,$0,$0,$-49,$-49,$285,$-26,$0,$-199,$0,$0,$0,$-0,$-225,$50,$-97,$-47,$-26,$-26,$-43,$19,$-98,$-51,$12,$-43
14,2015-03-31,51.4,$13.51,3.8,$16.37,3.14,$6.13,8.38,$2.39,21.51,$1.61B,$0.90B,1.79,$1.42B,$3.26B,0.44,$4.03B,$1.36B,33.71%,$4.03B,$0.90B,22.28%,$4.03B,$0.90B,22.28%,$4.03B,$1.04B,25.78%,$4.03B,$0.80B,19.92%,$4.03B,$0.59B,14.54%,$0.59B,$3.26B,17.50%,$0.59B,$-0.88B,-65.86%,$0.59B,$6.34B,9.08%,$0.90B,$4.68B,19.04%,$984,$636,$348,$0,$111,$763,$221,$-24,$197,$55,$142,$142,$142,$256,$221,$241,243,$0.59,$0.59,$407,$506,$58,$1609,$434,$146,$4146,$0,$4726,$6335,$899,$1419,$147,$2173,$3071,$3,$3590,$-362,$3264,$6335,$142,$35,$-47,$-12,$0,$0,$0,$-8,$-8,$122,$-14,$0,$0,$0,$0,$0,$0,$-14,$-0,$-25,$-25,$-13,$-13,$-22,$6,$-53,$29,$5,$-22
15,2014-12-31,51.4,$13.42,3.83,$16.26,3.16,$6.28,8.18,$2.37,21.69,$1.58B,$0.94B,1.69,$1.43B,$3.24B,0.44,$4.02B,$1.36B,33.84%,$4.02B,$0.90B,22.35%,$4.02B,$0.90B,22.35%,$4.02B,$1.04B,25.81%,$4.02B,$0.81B,20.01%,$4.02B,$0.59B,14.55%,$0.59B,$3.24B,17.46%,$0.59B,$-1.00B,-68.26%,$0.59B,$6.42B,9.15%,$0.90B,$4.67B,19.34%,$1024,$727,$297,$0,$117,$797,$227,$-20,$208,$56,$152,$152,$152,$263,$227,$245,247,$0.63,$0.62,$378,$496,$75,$1579,$448,$154,$4240,$0,$4842,$6421,$936,$1428,$199,$2245,$3181,$3,$3470,$-267,$3240,$6421,$584,$139,$34,$172,$-35,$12,$0,$9,$-33,$726,$-71,$0,$-574,$0,$0,$0,$3,$-642,$499,$-172,$327,$-230,$-230,$-81,$8,$24,$82,$20,$-81
16,2014-09-30,48.95,$14.10,3.47,$15.95,3.07,$6.06,8.08,$2.30,21.28,$1.59B,$0.83B,1.91,$1.47B,$3.47B,0.43,$3.94B,$1.40B,35.46%,$3.94B,$0.88B,22.41%,$3.94B,$0.88B,22.41%,$3.94B,$1.02B,25.81%,$3.94B,$0.78B,19.87%,$3.94B,$0.57B,14.44%,$0.57B,$3.47B,17.11%,$0.57B,$-0.83B,-71.71%,$0.57B,$6.57B,9.10%,$0.88B,$4.94B,19.40%,$1032,$678,$354,$0,$119,$814,$218,$-28,$190,$48,$142,$142,$142,$255,$218,$245,248,$0.58,$0.57,$370,$527,$53,$1590,$452,$231,$4298,$0,$4981,$6571,$832,$1473,$163,$2272,$3103,$3,$3340,$-141,$3468,$6571,$432,$103,$11,$114,$0,$0,$0,$-33,$-33,$513,$-47,$0,$-574,$0,$0,$0,$3,$-618,$499,$-263,$237,$10,$10,$-59,$6,$194,$74,$15,$-59
17,2014-06-30,50.88,$13.92,3.65,$15.40,3.3,$5.86,8.68,$2.25,22.61,$1.53B,$1.12B,1.36,$1.15B,$3.42B,0.34,$3.80B,$1.36B,35.83%,$3.80B,$0.87B,22.91%,$3.80B,$0.87B,22.91%,$3.80B,$1.00B,26.22%,$3.80B,$0.77B,20.35%,$3.80B,$0.56B,14.61%,$0.56B,$3.42B,17.39%,$0.56B,$-0.85B,-72.72%,$0.56B,$6.49B,9.28%,$0.87B,$4.57B,20.08%,$991,$631,$360,$0,$113,$759,$232,$-23,$208,$58,$150,$150,$150,$265,$232,$245,247,$0.61,$0.61,$283,$538,$65,$1531,$459,$227,$4269,$0,$4954,$6485,$1122,$1148,$170,$1941,$3063,$3,$3220,$-58,$3422,$6485,$291,$66,$7,$74,$0,$0,$0,$-47,$-47,$316,$-29,$0,$-459,$0,$0,$0,$2,$-486,$-0,$181,$181,$9,$9,$-37,$5,$158,$-12,$10,$-37
18,2014-03-31,50.03,$13.34,3.75,$14.96,3.34,$5.77,8.67,$2.16,23.16,$1.43B,$0.93B,1.54,$1.14B,$3.27B,0.35,$3.69B,$1.31B,35.59%,$3.69B,$0.84B,22.82%,$3.69B,$0.84B,22.82%,$3.69B,$0.96B,26.10%,$3.69B,$0.75B,20.27%,$3.69B,$0.53B,14.46%,$0.53B,$3.27B,17.62%,$0.53B,$-0.75B,-73.42%,$0.53B,$6.09B,9.42%,$0.84B,$4.42B,20.22%,$975,$625,$350,$0,$113,$754,$222,$-23,$199,$58,$141,$141,$141,$255,$222,$245,247,$0.57,$0.57,$265,$483,$52,$1434,$406,$226,$4023,$0,$4655,$6089,$932,$1143,$165,$1884,$2816,$3,$3092,$-66,$3273,$6089,$141,$33,$3,$36,$0,$0,$0,$-14,$-14,$161,$-14,$0,$-161,$0,$0,$0,$2,$-174,$-0,$-7,$-7,$4,$4,$-15,$3,$-15,$-30,$4,$-15
19,2013-12-31,51.12,$12.80,3.99,$14.62,3.5,$5.78,8.85,$2.10,24.34,$1.37B,$0.88B,1.57,$1.14B,$3.14B,0.36,$3.59B,$1.27B,35.36%,$3.59B,$0.82B,22.70%,$3.59B,$0.82B,22.70%,$3.59B,$0.93B,25.96%,$3.59B,$0.72B,20.14%,$3.59B,$0.52B,14.39%,$0.52B,$3.14B,18.06%,$0.52B,$-0.75B,-69.14%,$0.52B,$5.88B,9.53%,$0.82B,$4.28B,20.45%,$942,$610,$333,$0,$107,$732,$211,$-24,$186,$51,$136,$136,$136,$242,$211,$244,246,$0.56,$0.55,$295,$453,$46,$1369,$403,$224,$3882,$0,$4509,$5878,$875,$1142,$167,$1867,$2742,$3,$2966,$-65,$3136,$5878,$517,$119,$6,$124,$5,$-2,$0,$10,$21,$661,$-63,$0,$-414,$0,$0,$0,$17,$-460,$0,$-45,$-45,$17,$17,$-58,$16,$-70,$137,$22,$-58
20,2013-09-30,44.61,$11.99,3.72,$14.24,3.13,$5.62,7.93,$2.04,21.87,$1.31B,$0.73B,1.79,$1.14B,$2.93B,0.39,$3.49B,$1.24B,35.35%,$3.49B,$0.80B,22.75%,$3.49B,$0.80B,22.75%,$3.49B,$0.91B,26.02%,$3.49B,$0.71B,20.29%,$3.49B,$0.50B,14.34%,$0.50B,$2.93B,18.47%,$0.50B,$-0.71B,-62.08%,$0.50B,$5.46B,9.53%,$0.80B,$4.07B,20.72%,$890,$572,$318,$0,$99,$685,$205,$-25,$180,$52,$128,$128,$128,$234,$205,$244,246,$0.52,$0.52,$255,$449,$33,$1309,$384,$126,$3643,$0,$4153,$5461,$732,$1135,$161,$1795,$2527,$3,$2845,$-131,$2934,$5461,$381,$87,$-3,$84,$0,$0,$0,$-14,$-14,$451,$-37,$0,$-164,$0,$0,$0,$18,$-183,$0,$-155,$-155,$11,$11,$-44,$13,$-175,$97,$17,$-44
21,2013-06-30,40.95,$11.29,3.63,$14.06,2.91,$5.52,7.42,$1.99,20.58,$1.24B,$0.68B,1.83,$1.12B,$2.76B,0.41,$3.44B,$1.22B,35.29%,$3.44B,$0.78B,22.60%,$3.44B,$0.78B,22.60%,$3.44B,$0.89B,25.85%,$3.44B,$0.70B,20.19%,$3.44B,$0.49B,14.17%,$0.49B,$2.76B,18.88%,$0.49B,$-0.70B,-58.29%,$0.49B,$5.19B,9.54%,$0.78B,$3.88B,20.98%,$879,$568,$311,$0,$95,$676,$203,$-21,$182,$53,$128,$128,$128,$231,$203,$244,246,$0.53,$0.52,$208,$439,$40,$1244,$373,$121,$3455,$0,$3949,$5193,$679,$1118,$155,$1756,$2435,$3,$2732,$-175,$2757,$5193,$253,$57,$8,$66,$0,$0,$0,$-34,$-34,$285,$-22,$0,$0,$0,$0,$0,$4,$-17,$0,$-194,$-194,$2,$2,$-29,$7,$-214,$50,$12,$-29
22,2013-03-31,41.92,$10.77,3.89,$13.88,3.02,$5.42,7.73,$1.94,21.61,$1.21B,$0.80B,1.52,$1.12B,$2.62B,0.43,$3.39B,$1.20B,35.34%,$3.39B,$0.76B,22.42%,$3.39B,$0.76B,22.42%,$3.39B,$0.87B,25.66%,$3.39B,$0.68B,19.97%,$3.39B,$0.47B,13.98%,$0.47B,$2.62B,19.21%,$0.47B,$-0.84B,-52.52%,$0.47B,$5.17B,9.41%,$0.76B,$3.74B,21.15%,$883,$574,$309,$0,$98,$686,$197,$-21,$176,$51,$125,$125,$125,$226,$197,$243,245,$0.51,$0.51,$177,$434,$39,$1214,$376,$124,$3461,$0,$3960,$5174,$799,$1116,$157,$1753,$2552,$3,$2618,$-183,$2622,$5174,$125,$29,$4,$33,$0,$0,$0,$-2,$-2,$157,$-11,$0,$0,$0,$0,$0,$4,$-7,$-0,$-112,$-113,$-4,$-4,$-15,$5,$-126,$19,$7,$-15
23,2012-12-31,36.27,$10.42,3.48,$13.68,2.65,$5.37,6.75,$1.88,19.26,$1.17B,$0.88B,1.32,$1.13B,$2.54B,0.45,$3.33B,$1.18B,35.39%,$3.33B,$0.75B,22.38%,$3.33B,$0.75B,22.38%,$3.33B,$0.85B,25.55%,$3.33B,$0.66B,19.89%,$3.33B,$0.46B,13.77%,$0.46B,$2.54B,19.45%,$0.46B,$-0.98B,-51.54%,$0.46B,$5.19B,9.38%,$0.75B,$3.67B,21.38%,$842,$545,$297,$0,$94,$652,$190,$-19,$171,$51,$120,$120,$120,$218,$190,$242,244,$0.49,$0.49,$158,$429,$37,$1165,$383,$124,$3518,$0,$4025,$5190,$880,$1133,$159,$1775,$2655,$3,$2507,$-151,$2535,$5190,$459,$105,$19,$124,$-4,$30,$0,$10,$25,$612,$-57,$0,$-748,$0,$0,$0,$1,$-804,$-2,$179,$178,$35,$35,$-53,$15,$175,$-12,$19,$-53
24,2012-09-30,34.17,$9.98,3.42,$13.37,2.56,$4.98,6.86,$1.81,18.84,$1.14B,$0.76B,1.49,$1.13B,$2.42B,0.47,$3.26B,$1.16B,35.51%,$3.26B,$0.72B,22.21%,$3.26B,$0.72B,22.21%,$3.26B,$0.83B,25.35%,$3.26B,$0.64B,19.63%,$3.26B,$0.44B,13.55%,$0.44B,$2.42B,19.69%,$0.44B,$-0.83B,-53.21%,$0.44B,$4.89B,9.43%,$0.72B,$3.55B,21.48%,$839,$541,$298,$0,$96,$651,$188,$-22,$166,$50,$115,$115,$115,$215,$188,$242,244,$0.48,$0.47,$168,$408,$36,$1136,$362,$142,$3254,$0,$3758,$4894,$762,$1129,$145,$1707,$2470,$3,$2402,$-141,$2424,$4894,$339,$78,$10,$88,$0,$0,$0,$-8,$-8,$419,$-33,$0,$-498,$0,$0,$0,$1,$-530,$-1,$102,$101,$27,$27,$-39,$12,$101,$-8,$15,$-39
25,2012-06-30,32.01,$9.45,3.39,$13.01,2.46,$4.73,6.78,$1.74,18.36,$1.13B,$0.90B,1.26,$1.12B,$2.29B,0.49,$3.17B,$1.12B,35.21%,$3.17B,$0.70B,21.95%,$3.17B,$0.70B,21.95%,$3.17B,$0.79B,24.98%,$3.17B,$0.61B,19.32%,$3.17B,$0.42B,13.39%,$0.42B,$2.29B,19.76%,$0.42B,$-0.96B,-57.47%,$0.42B,$4.89B,9.46%,$0.70B,$3.41B,21.34%,$826,$532,$294,$0,$96,$641,$185,$-21,$164,$51,$114,$114,$114,$211,$185,$241,243,$0.47,$0.47,$168,$416,$36,$1132,$361,$142,$3250,$0,$3753,$4885,$896,$1123,$142,$1698,$2595,$3,$2301,$-161,$2291,$4885,$224,$51,$10,$60,$0,$0,$0,$-27,$-27,$257,$-21,$0,$-498,$0,$0,$0,$1,$-518,$-0,$249,$248,$21,$21,$-24,$10,$255,$-7,$10,$-24
26,2012-03-31,31.06,$9.08,3.42,$12.73,2.44,$4.57,6.8,$1.66,18.71,$1.15B,$0.75B,1.54,$1.13B,$2.19B,0.52,$3.10B,$1.08B,34.84%,$3.10B,$0.67B,21.52%,$3.10B,$0.67B,21.52%,$3.10B,$0.76B,24.45%,$3.10B,$0.59B,18.87%,$3.10B,$0.40B,13.03%,$0.40B,$2.19B,19.53%,$0.40B,$-0.79B,-63.47%,$0.40B,$4.61B,9.40%,$0.67B,$3.32B,21.03%,$827,$536,$291,$0,$95,$644,$183,$-21,$162,$52,$110,$110,$110,$208,$183,$240,243,$0.46,$0.45,$224,$393,$39,$1153,$334,$142,$2979,$0,$3456,$4609,$750,$1133,$127,$1669,$2419,$2,$2202,$-136,$2189,$4609,$110,$25,$-4,$21,$0,$0,$0,$9,$9,$141,$-8,$0,$-179,$0,$0,$0,$4,$-183,$-0,$87,$86,$7,$7,$-10,$3,$87,$49,$4,$-10
27,2011-12-31,26.92,$8.53,3.16,$12.28,2.19,$4.41,6.11,$1.59,16.97,$1.06B,$0.63B,1.68,$1.12B,$2.05B,0.55,$2.99B,$1.03B,34.57%,$2.99B,$0.64B,21.26%,$2.99B,$0.64B,21.26%,$2.99B,$0.72B,24.14%,$2.99B,$0.56B,18.59%,$2.99B,$0.38B,12.84%,$0.38B,$2.05B,19.27%,$0.38B,$-0.74B,-68.97%,$0.38B,$4.32B,9.32%,$0.64B,$3.18B,20.64%,$763,$490,$273,$0,$92,$595,$167,$-20,$147,$45,$102,$102,$102,$191,$167,$240,243,$0.42,$0.42,$170,$380,$41,$1059,$325,$146,$2789,$0,$3260,$4319,$629,$1123,$125,$1638,$2267,$3,$2102,$-157,$2053,$4319,$384,$87,$29,$115,$-12,$-12,$0,$1,$4,$509,$-51,$0,$-474,$0,$0,$0,$-1,$-526,$58,$42,$99,$-42,$-42,$-38,$13,$32,$7,$22,$-38
28,2011-09-30,21.06,$8.53,2.47,$11.96,1.76,$4.12,5.12,$1.50,14.04,$1.08B,$0.52B,2.09,$1.07B,$2.05B,0.52,$2.91B,$0.99B,34.14%,$2.91B,$0.61B,20.82%,$2.91B,$0.61B,20.82%,$2.91B,$0.69B,23.64%,$2.91B,$0.52B,18.03%,$2.91B,$0.36B,12.49%,$0.36B,$2.05B,18.88%,$0.36B,$-0.47B,-70.79%,$0.36B,$4.12B,9.08%,$0.61B,$3.12B,20.17%,$751,$493,$257,$0,$86,$591,$160,$-21,$139,$41,$98,$98,$98,$181,$160,$241,244,$0.41,$0.40,$224,$364,$35,$1081,$319,$203,$2514,$0,$3036,$4116,$518,$1071,$118,$1550,$2068,$2,$2009,$-102,$2048,$4116,$283,$63,$16,$79,$0,$0,$0,$-6,$-6,$356,$-32,$0,$-183,$0,$0,$0,$-2,$-217,$-1,$-57,$-57,$-4,$-4,$-29,$12,$-78,$55,$18,$-29
29,2011-06-30,28.63,$8.20,3.49,$11.55,2.48,$3.92,7.31,$1.58,18.12,$1.08B,$0.60B,1.8,$1.08B,$1.99B,0.55,$2.80B,$0.95B,33.94%,$2.80B,$0.57B,20.51%,$2.80B,$0.57B,20.51%,$2.80B,$0.65B,23.33%,$2.80B,$0.49B,17.65%,$2.80B,$0.34B,12.22%,$0.34B,$1.99B,18.71%,$0.34B,$-0.55B,-65.24%,$0.34B,$4.16B,8.86%,$0.57B,$3.07B,19.76%,$759,$500,$259,$0,$90,$602,$157,$-20,$137,$43,$94,$94,$94,$178,$157,$241,243,$0.39,$0.39,$203,$364,$42,$1083,$332,$201,$2540,$0,$3072,$4155,$602,$1083,$122,$1567,$2169,$2,$1921,$-67,$1986,$4155,$185,$41,$18,$59,$0,$0,$0,$-25,$-25,$219,$-21,$0,$-183,$0,$0,$0,$-3,$-206,$-1,$31,$30,$-4,$-4,$-19,$9,$16,$33,$14,$-19
30,2011-03-31,27.93,$7.80,3.58,$10.90,2.56,$3.80,7.35,$1.47,18.96,$1.02B,$0.49B,2.08,$1.08B,$1.88B,0.57,$2.63B,$0.89B,33.70%,$2.63B,$0.53B,20.25%,$2.63B,$0.53B,20.25%,$2.63B,$0.61B,23.06%,$2.63B,$0.45B,17.25%,$2.63B,$0.32B,11.97%,$0.32B,$1.88B,18.32%,$0.32B,$-0.47B,-69.31%,$0.32B,$3.89B,8.66%,$0.53B,$2.96B,19.30%,$718,$473,$245,$0,$81,$566,$152,$-19,$133,$43,$90,$90,$90,$172,$152,$240,243,$0.38,$0.37,$162,$351,$42,$1023,$318,$200,$2353,$0,$2870,$3893,$491,$1081,$119,$1520,$2011,$2,$1837,$-74,$1882,$3893,$90,$20,$7,$26,$0,$0,$0,$-13,$-13,$104,$-10,$0,$0,$0,$0,$0,$-4,$-14,$-1,$-94,$-95,$2,$2,$-10,$1,$-101,$-8,$4,$-10
31,2010-12-31,24.95,$7.36,3.39,$10.25,2.43,$3.77,6.61,$1.33,18.72,$0.97B,$0.55B,1.77,$1.07B,$1.78B,0.6,$2.47B,$0.82B,33.31%,$2.47B,$0.48B,19.55%,$2.47B,$0.48B,19.55%,$2.47B,$0.55B,22.42%,$2.47B,$0.41B,16.43%,$2.47B,$0.28B,11.45%,$0.28B,$1.78B,17.36%,$0.28B,$-0.56B,-71.33%,$0.28B,$3.82B,8.15%,$0.48B,$2.85B,18.31%,$678,$447,$231,$0,$83,$542,$136,$-21,$115,$34,$81,$81,$81,$156,$136,$239,241,$0.34,$0.34,$169,$335,$43,$974,$318,$191,$2335,$0,$2844,$3819,$551,$1071,$110,$1493,$2044,$2,$1756,$-92,$1775,$3819,$284,$73,$17,$90,$-43,$7,$0,$6,$48,$423,$-39,$0,$-539,$0,$0,$0,$11,$-567,$47,$92,$139,$-57,$-57,$-29,$9,$63,$-83,$17,$-29
32,2010-09-30,20.22,$6.95,2.91,$9.60,2.11,$3.55,5.69,$1.21,16.66,$0.93B,$0.46B,2.01,$1.08B,$1.67B,0.64,$2.32B,$0.76B,32.64%,$2.32B,$0.44B,18.83%,$2.32B,$0.44B,18.83%,$2.32B,$0.50B,21.76%,$2.32B,$0.36B,15.67%,$2.32B,$0.25B,10.97%,$0.25B,$1.67B,16.09%,$0.25B,$-0.51B,-80.70%,$0.25B,$3.58B,7.63%,$0.44B,$2.74B,17.05%,$644,$429,$215,$0,$76,$516,$129,$-20,$109,$31,$77,$77,$77,$147,$129,$238,241,$0.33,$0.32,$140,$332,$47,$931,$304,$164,$2180,$0,$2648,$3579,$463,$1075,$94,$1448,$1911,$1,$1684,$-104,$1668,$3579,$203,$52,$15,$67,$0,$0,$0,$25,$25,$295,$-22,$0,$-374,$0,$0,$0,$4,$-392,$47,$27,$74,$-70,$-70,$-19,$4,$-12,$-111,$12,$-19
33,2010-06-30,16.97,$6.48,2.62,$8.97,1.89,$3.39,5.01,$0.91,18.62,$0.99B,$0.46B,2.13,$0.94B,$1.55B,0.6,$2.17B,$0.69B,31.95%,$2.17B,$0.38B,17.70%,$2.17B,$0.38B,17.70%,$2.17B,$0.45B,20.79%,$2.17B,$0.31B,14.43%,$2.17B,$0.22B,10.14%,$0.22B,$1.55B,14.36%,$0.22B,$-0.28B,-84.05%,$0.22B,$3.27B,6.82%,$0.38B,$2.49B,15.45%,$592,$395,$196,$0,$70,$476,$116,$-18,$97,$30,$67,$67,$67,$132,$116,$238,240,$0.29,$0.28,$235,$316,$44,$985,$290,$163,$1828,$0,$2282,$3267,$462,$937,$97,$1251,$1714,$1,$1613,$-139,$1553,$3267,$125,$34,$10,$43,$0,$0,$0,$12,$12,$180,$-13,$0,$-93,$0,$0,$0,$4,$-101,$0,$-3,$-3,$-74,$-74,$-13,$3,$-87,$-16,$8,$-13
34,2010-03-31,17.5,$6.38,2.74,$8.67,2.02,$3.39,5.17,$0.84,20.72,$1.00B,$0.45B,2.22,$0.95B,$1.53B,0.62,$2.10B,$0.66B,31.40%,$2.10B,$0.36B,17.17%,$2.10B,$0.36B,17.17%,$2.10B,$0.43B,20.31%,$2.10B,$0.29B,13.84%,$2.10B,$0.21B,9.75%,$0.21B,$1.53B,13.66%,$0.21B,$-0.24B,-72.76%,$0.21B,$3.23B,6.43%,$0.36B,$2.47B,14.54%,$557,$376,$181,$0,$68,$454,$102,$-17,$85,$27,$58,$58,$58,$119,$102,$240,242,$0.24,$0.24,$261,$306,$47,$996,$298,$165,$1765,$0,$2229,$3225,$449,$946,$99,$1250,$1699,$1,$1552,$-109,$1526,$3225,$58,$17,$7,$24,$0,$0,$0,$10,$10,$92,$-6,$0,$-3,$0,$0,$0,$0,$-9,$0,$-1,$-1,$-65,$-65,$-6,$2,$-70,$9,$4,$-6
35,2009-12-31,16.11,$6.46,2.5,$8.66,1.86,$3.46,4.66,$0.97,16.54,$0.97B,$0.42B,2.29,$0.96B,$1.57B,0.61,$2.10B,$0.66B,31.51%,$2.10B,$0.37B,17.40%,$2.10B,$0.37B,17.40%,$2.10B,$0.43B,20.54%,$2.10B,$0.30B,14.06%,$2.10B,$0.21B,9.82%,$0.21B,$1.57B,14.20%,$0.21B,$-0.23B,-65.55%,$0.21B,$3.25B,6.55%,$0.37B,$2.52B,14.79%,$524,$359,$164,$0,$65,$434,$89,$-18,$72,$20,$52,$52,$52,$106,$89,$240,243,$0.21,$0.21,$251,$312,$44,$969,$310,$167,$1799,$0,$2277,$3246,$424,$956,$92,$1255,$1679,$2,$1500,$-75,$1567,$3246,$206,$66,$-2,$64,$87,$84,$0,$3,$82,$365,$-33,$0,$-73,$0,$-1,$-1,$0,$-106,$-79,$-13,$-92,$11,$11,$-26,$4,$-103,$159,$14,$-26
36,2009-09-30,14.69,$6.12,2.4,$9.08,1.62,$2.94,5.0,$0.94,15.57,$0.96B,$0.45B,2.14,$0.97B,$1.48B,0.66,$2.20B,$0.68B,30.74%,$2.20B,$0.36B,16.28%,$2.20B,$0.36B,16.28%,$2.20B,$0.42B,19.28%,$2.20B,$0.29B,13.10%,$2.20B,$0.20B,9.00%,$0.20B,$1.48B,14.34%,$0.20B,$-0.30B,-55.81%,$0.20B,$3.17B,6.39%,$0.36B,$2.46B,14.72%,$497,$345,$152,$0,$64,$420,$77,$-18,$59,$16,$43,$43,$43,$94,$77,$240,242,$0.18,$0.18,$207,$313,$55,$961,$308,$116,$1784,$0,$2208,$3169,$449,$974,$69,$1236,$1685,$1,$1455,$-107,$1484,$3169,$154,$48,$-10,$38,$0,$0,$0,$63,$63,$256,$-21,$0,$-41,$0,$0,$0,$-2,$-64,$-62,$-13,$-76,$9,$9,$-19,$4,$-82,$114,$10,$-19
37,2009-06-30,14.52,$5.89,2.47,$9.71,1.5,$2.68,5.41,$1.21,12.05,$0.91B,$0.39B,2.34,$1.05B,$1.42B,0.74,$2.35B,$0.73B,31.25%,$2.35B,$0.40B,17.07%,$2.35B,$0.40B,17.07%,$2.35B,$0.47B,19.84%,$2.35B,$0.33B,14.13%,$2.35B,$0.23B,9.62%,$0.23B,$1.42B,16.74%,$0.23B,$-0.36B,-63.80%,$0.23B,$3.11B,7.30%,$0.40B,$2.48B,16.70%,$525,$362,$163,$0,$61,$432,$93,$-18,$75,$23,$52,$52,$52,$108,$93,$240,243,$0.22,$0.21,$143,$325,$57,$912,$309,$112,$1779,$0,$2201,$3113,$390,$1054,$65,$1299,$1689,$1,$1418,$-120,$1424,$3113,$111,$32,$-13,$19,$0,$0,$0,$54,$54,$184,$-15,$0,$-38,$0,$0,$0,$-1,$-55,$-64,$-12,$-76,$6,$6,$-13,$2,$-81,$50,$6,$-13
38,2009-03-31,13.11,$5.49,2.39,$10.23,1.28,$2.49,5.26,$1.40,9.35,$0.94B,$0.42B,2.25,$1.09B,$1.33B,0.82,$2.47B,$0.78B,31.66%,$2.47B,$0.42B,17.06%,$2.47B,$0.42B,17.06%,$2.47B,$0.49B,19.73%,$2.47B,$0.36B,14.36%,$2.47B,$0.24B,9.70%,$0.24B,$1.33B,18.03%,$0.24B,$-0.37B,-72.29%,$0.24B,$3.05B,7.76%,$0.42B,$2.41B,18.47%,$553,$371,$182,$0,$65,$447,$106,$-18,$89,$30,$59,$59,$59,$123,$106,$239,241,$0.24,$0.24,$141,$341,$55,$942,$300,$111,$1695,$0,$2107,$3049,$418,$1085,$81,$1304,$1723,$1,$1373,$-164,$1326,$3049,$59,$17,$-0,$17,$0,$0,$0,$35,$35,$110,$-6,$0,$-38,$0,$0,$0,$0,$-44,$-2,$-7,$-9,$1,$1,$-6,$0,$-14,$49,$3,$-6
39,2008-12-31,12.64,$5.36,2.36,$10.46,1.21,$2.34,5.4,$1.44,8.76,$0.96B,$0.45B,2.13,$1.09B,$1.29B,0.85,$2.53B,$0.80B,31.65%,$2.53B,$0.43B,17.07%,$2.53B,$0.43B,17.07%,$2.53B,$0.50B,19.56%,$2.53B,$0.37B,14.46%,$2.53B,$0.25B,9.76%,$0.25B,$1.29B,18.72%,$0.25B,$-0.39B,-77.92%,$0.25B,$3.06B,8.11%,$0.43B,$2.38B,19.92%,$624,$444,$179,$0,$85,$541,$82,$-17,$65,$21,$44,$44,$44,$99,$82,$239,242,$0.18,$0.18,$91,$350,$77,$955,$308,$111,$1682,$0,$2101,$3056,$448,$1093,$82,$1320,$1768,$1,$1320,$-145,$1288,$3056,$247,$63,$-30,$33,$7,$-35,$0,$-2,$-27,$247,$-44,$0,$-463,$0,$6,$6,$4,$-497,$176,$70,$245,$-51,$-51,$-26,$5,$173,$-83,$20,$-26
40,2008-09-30,17.03,$5.68,3.0,$10.29,1.66,$2.49,6.83,$1.51,11.25,$1.04B,$0.61B,1.7,$0.97B,$1.36B,0.71,$2.49B,$0.81B,32.57%,$2.49B,$0.45B,18.23%,$2.49B,$0.45B,18.23%,$2.49B,$0.52B,20.68%,$2.49B,$0.39B,15.74%,$2.49B,$0.27B,10.64%,$0.27B,$1.36B,20.27%,$0.27B,$-0.30B,-106.96%,$0.27B,$3.17B,8.93%,$0.45B,$2.33B,22.14%,$647,$437,$210,$0,$78,$527,$120,$-17,$103,$32,$71,$71,$71,$136,$120,$239,242,$0.30,$0.29,$171,$363,$51,$1040,$315,$149,$1661,$0,$2125,$3165,$612,$969,$71,$1190,$1802,$1,$1283,$-29,$1363,$3165,$203,$46,$19,$66,$0,$0,$0,$-61,$-61,$205,$-31,$0,$-399,$0,$0,$0,$11,$-419,$97,$182,$280,$-50,$-50,$-19,$4,$215,$-4,$17,$-19
41,2008-06-30,19.7,$5.61,3.51,$9.79,2.01,$2.43,8.12,$1.42,13.84,$1.03B,$0.88B,1.17,$0.67B,$1.35B,0.5,$2.37B,$0.77B,32.59%,$2.37B,$0.43B,18.13%,$2.37B,$0.43B,18.13%,$2.37B,$0.49B,20.57%,$2.37B,$0.37B,15.68%,$2.37B,$0.25B,10.58%,$0.25B,$1.35B,20.00%,$0.25B,$-0.27B,-123.34%,$0.25B,$3.11B,8.95%,$0.43B,$2.01B,22.72%,$649,$437,$212,$0,$86,$535,$114,$-16,$98,$32,$66,$66,$66,$130,$114,$238,242,$0.28,$0.27,$152,$357,$54,$1028,$320,$148,$1612,$0,$2081,$3109,$880,$668,$77,$883,$1763,$1,$1219,$23,$1346,$3109,$132,$30,$10,$40,$0,$0,$0,$-28,$-28,$142,$-20,$0,$-278,$0,$0,$0,$5,$-293,$-7,$185,$178,$-51,$-51,$-13,$5,$119,$-29,$14,$-13
42,2008-03-31,18.29,$5.33,3.43,$9.26,1.98,$2.35,7.79,$1.25,14.6,$0.95B,$0.69B,1.37,$0.67B,$1.28B,0.52,$2.24B,$0.73B,32.56%,$2.24B,$0.41B,18.42%,$2.24B,$0.41B,18.42%,$2.24B,$0.47B,20.83%,$2.24B,$0.36B,15.97%,$2.24B,$0.24B,10.84%,$0.24B,$1.28B,20.43%,$0.24B,$-0.31B,-152.11%,$0.24B,$2.85B,9.32%,$0.41B,$1.95B,23.06%,$611,$411,$200,$0,$73,$495,$116,$-16,$100,$34,$66,$66,$66,$130,$116,$238,242,$0.28,$0.28,$125,$327,$54,$951,$307,$0,$1590,$0,$1898,$2848,$693,$668,$81,$876,$1569,$1,$1159,$22,$1280,$2848,$66,$14,$-0,$14,$0,$0,$0,$-4,$-4,$77,$-9,$0,$-72,$0,$0,$0,$0,$-81,$-7,$0,$-7,$-42,$-42,$-6,$1,$-54,$-55,$3,$-6
43,2007-12-31,19.49,$5.14,3.79,$8.84,2.2,$2.26,8.61,$1.06,18.44,$0.95B,$0.64B,1.49,$0.67B,$1.24B,0.54,$2.14B,$0.69B,32.40%,$2.14B,$0.39B,18.12%,$2.14B,$0.39B,18.12%,$2.14B,$0.44B,20.55%,$2.14B,$0.34B,15.73%,$2.14B,$0.23B,10.67%,$0.23B,$1.24B,20.30%,$0.23B,$-0.12B,-218.71%,$0.23B,$2.75B,9.34%,$0.39B,$1.91B,22.93%,$583,$394,$189,$0,$73,$479,$104,$-14,$91,$29,$62,$62,$62,$119,$104,$238,242,$0.26,$0.25,$181,$302,$51,$952,$293,$142,$1358,$0,$1793,$2746,$641,$667,$81,$864,$1505,$1,$1099,$5,$1241,$2746,$228,$53,$15,$68,$-27,$0,$0,$-7,$-20,$279,$-38,$0,$-301,$0,$-2,$-2,$5,$-335,$343,$-163,$181,$10,$10,$-26,$9,$174,$121,$16,$-26
44,2007-09-30,17.96,$4.77,3.76,$8.44,2.13,$2.09,8.6,$1.10,16.28,$0.85B,$0.61B,1.39,$0.55B,$1.15B,0.48,$2.03B,$0.65B,32.01%,$2.03B,$0.36B,17.80%,$2.03B,$0.36B,17.80%,$2.03B,$0.41B,20.21%,$2.03B,$0.31B,15.34%,$2.03B,$0.21B,10.52%,$0.21B,$1.15B,20.29%,$0.21B,$-0.12B,-206.76%,$0.21B,$2.51B,9.36%,$0.36B,$1.70B,22.88%,$529,$357,$172,$0,$66,$433,$96,$-13,$83,$26,$57,$57,$57,$109,$96,$239,242,$0.24,$0.24,$83,$313,$40,$846,$285,$110,$1273,$0,$1669,$2514,$610,$547,$107,$753,$1362,$1,$1044,$-20,$1152,$2514,$166,$38,$12,$50,$0,$0,$0,$-34,$-34,$182,$-24,$0,$-189,$0,$0,$0,$-1,$-214,$-9,$66,$57,$9,$9,$-19,$5,$53,$23,$12,$-19
45,2007-06-30,16.46,$4.50,3.66,$8.19,2.01,$2.03,8.09,$1.05,15.63,$0.78B,$0.53B,1.47,$0.53B,$1.08B,0.49,$1.97B,$0.63B,31.74%,$1.97B,$0.35B,17.57%,$1.97B,$0.35B,17.57%,$1.97B,$0.39B,20.01%,$1.97B,$0.30B,15.13%,$1.97B,$0.20B,10.36%,$0.20B,$1.08B,20.36%,$0.20B,$-0.09B,-208.16%,$0.20B,$2.33B,9.41%,$0.35B,$1.61B,22.77%,$519,$350,$169,$0,$63,$423,$97,$-13,$84,$26,$58,$58,$58,$109,$97,$238,242,$0.24,$0.24,$87,$265,$34,$779,$266,$106,$1175,$0,$1547,$2326,$531,$526,$96,$711,$1242,$1,$993,$-31,$1084,$2326,$109,$24,$3,$27,$0,$0,$0,$-16,$-16,$120,$-17,$0,$-100,$0,$0,$0,$-0,$-118,$0,$21,$21,$9,$9,$-13,$6,$24,$27,$8,$-13
46,2007-03-31,14.31,$4.23,3.39,$7.92,1.81,$1.98,7.23,$1.10,12.97,$0.71B,$0.46B,1.54,$0.52B,$1.02B,0.51,$1.90B,$0.60B,31.46%,$1.90B,$0.33B,17.25%,$1.90B,$0.33B,17.25%,$1.90B,$0.38B,19.73%,$1.90B,$0.28B,14.83%,$1.90B,$0.19B,10.10%,$0.19B,$1.02B,20.03%,$0.19B,$-0.09B,-181.13%,$0.19B,$2.18B,9.16%,$0.33B,$1.54B,22.28%,$505,$343,$162,$0,$62,$415,$90,$-11,$78,$28,$51,$51,$51,$102,$90,$237,240,$0.21,$0.21,$67,$244,$34,$713,$256,$106,$1103,$0,$1465,$2178,$462,$520,$97,$701,$1163,$1,$941,$-32,$1015,$2178,$51,$12,$2,$14,$0,$0,$0,$-10,$-10,$55,$-8,$0,$0,$0,$0,$0,$0,$-8,$0,$-35,$-35,$1,$1,$-6,$2,$-39,$8,$5,$-6
47,2006-12-31,13.17,$4.05,3.25,$7.58,1.74,$1.92,6.84,$1.14,11.55,$0.68B,$0.48B,1.42,$0.52B,$0.97B,0.54,$1.82B,$0.57B,31.15%,$1.82B,$0.31B,16.98%,$1.82B,$0.31B,16.98%,$1.82B,$0.36B,19.51%,$1.82B,$0.26B,14.51%,$1.82B,$0.18B,9.95%,$0.18B,$0.97B,19.69%,$0.18B,$-0.11B,-182.37%,$0.18B,$2.13B,8.99%,$0.31B,$1.49B,21.73%,$481,$333,$148,$0,$59,$401,$79,$-12,$67,$19,$48,$48,$48,$91,$79,$236,240,$0.21,$0.20,$58,$237,$34,$684,$258,$108,$1081,$0,$1447,$2131,$481,$518,$100,$683,$1164,$1,$902,$-34,$967,$2131,$182,$46,$-2,$44,$-26,$-6,$0,$-2,$-4,$226,$-29,$0,$-178,$0,$-1,$-1,$2,$-206,$11,$4,$15,$-11,$-11,$-19,$5,$-10,$14,$12,$-19
