,Date,Stock Price,Book Value per Share,Price to Book Ratio,TTM Sales per Share,Price to Sales Ratio,TTM FCF per Share,Price to FCF Ratio,TTM Net EPS,PE Ratio,Current Assets,Current Liabilities,Current Ratio,Long Term Debt,Shareholder's Equity_x,Debt to Equity Ratio,TTM Revenue_x,TTM Gross Profit,Gross Margin,TTM Revenue_y,TTM Operating Income,Operating Margin,TTM Revenue_x,TTM EBIT,EBIT Margin,TTM Revenue_y,TTM EBITDA,EBITDA Margin,TTM Revenue_x,TTM Pre-Tax Income,Pre-Tax Margin,TTM Revenue_y,TTM Net Income_x,Net Margin,TTM Net Income_y,Shareholder's Equity_y,Return on Equity,TTM Net Income_x,Tangible Equity,Return on Tangible Equity,TTM Net Income_y,Total Assets,Return on Assets,TTM Net Income,LT Investments & Debt,Return on Investment,revenue,cost-goods-sold,gross-profit,research-development-expenses,selling-general-administrative-expenses,operating-expenses,operating-income,total-non-operating-income-expense,pre-tax-income,total-provision-income-taxes,income-after-taxes,income-from-continuous-operations,net-income,ebitda,ebit,basic-shares-outstanding,shares-outstanding,eps-basic-net-earnings-per-share,eps-earnings-per-share-diluted,cash-on-hand,inventory,other-current-assets,total-current-assets,net-property-plant-equipment,long-term-investments,goodwill-intangible-assets-total,other-long-term-assets,total-long-term-assets,total-assets,total-current-liabilities,long-term-debt,other-non-current-liabilities,total-long-term-liabilities,total-liabilities,common-stock-net,retained-earnings-accumulated-deficit,comprehensive-income,total-share-holder-equity,total-liabilities-share-holders-equity,net-income-loss,total-depreciation-amortization-cash-flow,other-non-cash-items,total-non-cash-items,change-in-accounts-receivable,change-in-inventories,change-in-accounts-payable,change-in-assets-liabilities,total-change-in-assets-liabilities,cash-flow-from-operating-activities,net-change-in-property-plant-equipment,net-change-in-intangible-assets,net-acquisitions-divestitures,net-change-in-short-term-investments,net-change-in-long-term-investments,net-change-in-investments-total,investing-activities-other,cash-flow-from-investing-activities,net-long-term-debt,net-current-debt,debt-issuance-retirement-net-total,net-common-equity-issued-repurchased,net-total-equity-issued-repurchased,total-common-preferred-stock-dividends-paid,financial-activities-other,cash-flow-from-financial-activities,net-cash-flow,stock-based-compensation,common-stock-dividends-paid
0,2018-09-30,136.72,$73.87,1.85,$42.98,3.18,$49.19,2.78,$12.77,10.71,$1.12B,$2.30B,0.49,$0.31B,$4.32B,0.07,$2.42B,$2.42B,100.00%,$2.42B,$0.83B,34.13%,$2.42B,$0.83B,34.13%,$2.42B,$0.95B,39.10%,$2.42B,$1.04B,43.07%,$2.42B,$0.71B,29.38%,$0.71B,$4.32B,16.06%,$0.71B,$0.32B,201.70%,$0.71B,$8.54B,8.28%,$0.83B,$4.63B,14.98%,$601,$0,$601,$0,$356,$402,$199,$51,$250,$49,$202,$202,$125,$235,$199,$53,55,$2.35,$2.34,$448,$144,$0,$1117,$105,$3312,$4006,$0,$7422,$8539,$2296,$307,$167,$1921,$4218,$1,$4044,$-60,$4321,$8539,$631,$93,$311,$404,$0,$0,$-27,$-133,$-159,$876,$-14,$0,$0,$0,$-7,$-7,$0,$-21,$-12,$0,$-12,$-516,$-516,$-49,$-266,$-842,$9,$77,$-49
1,2018-06-30,148.38,$74.49,1.99,$42.17,3.52,$47.11,3.15,$12.65,11.73,$0.88B,$0.66B,1.33,$1.88B,$4.36B,0.43,$2.40B,$2.40B,100.00%,$2.40B,$0.84B,35.14%,$2.40B,$0.84B,35.14%,$2.40B,$0.95B,39.72%,$2.40B,$1.07B,44.71%,$2.40B,$0.71B,29.56%,$0.71B,$4.36B,15.99%,$0.71B,$0.32B,207.60%,$0.71B,$8.49B,8.24%,$0.84B,$6.24B,14.77%,$600,$0,$600,$0,$346,$386,$214,$25,$239,$34,$205,$205,$117,$243,$214,$54,54,$2.17,$2.16,$393,$0,$0,$879,$109,$3461,$4042,$0,$7612,$8491,$663,$1883,$162,$3470,$4133,$1,$3936,$-7,$4357,$8491,$429,$58,$259,$316,$0,$0,$-103,$-66,$-168,$577,$-10,$0,$0,$0,$-15,$-15,$0,$-26,$25,$0,$25,$-371,$-371,$-33,$-218,$-596,$-47,$50,$-33
2,2018-03-31,188.86,$75.60,2.5,$40.82,4.63,$44.09,4.28,$12.71,14.86,$0.87B,$0.67B,1.3,$1.86B,$4.42B,0.42,$2.37B,$2.37B,100.00%,$2.37B,$0.83B,34.93%,$2.37B,$0.83B,34.93%,$2.37B,$0.94B,39.49%,$2.37B,$1.10B,46.44%,$2.37B,$0.72B,30.30%,$0.72B,$4.42B,16.18%,$0.72B,$0.31B,221.23%,$0.72B,$8.58B,8.31%,$0.83B,$6.28B,14.41%,$612,$0,$612,$0,$373,$414,$199,$89,$288,$64,$224,$224,$153,$227,$199,$55,57,$2.80,$2.77,$334,$0,$0,$866,$111,$3496,$4110,$0,$7718,$8584,$667,$1862,$216,$3494,$4162,$1,$3835,$-1,$4423,$8584,$224,$29,$174,$203,$0,$0,$-128,$-94,$-222,$205,$-6,$0,$0,$0,$2,$2,$0,$-4,$5,$0,$5,$-178,$-178,$-16,$-123,$-313,$-105,$30,$-16
3,2017-12-31,204.14,$78.27,2.61,$39.28,5.2,$42.58,4.79,$12.07,16.91,$0.95B,$2.36B,0.4,$0.30B,$4.58B,0.07,$2.31B,$2.31B,100.00%,$2.31B,$0.81B,34.92%,$2.31B,$0.81B,34.92%,$2.31B,$0.91B,39.57%,$2.31B,$1.07B,46.29%,$2.31B,$0.69B,29.89%,$0.69B,$4.58B,15.55%,$0.69B,$0.47B,222.08%,$0.69B,$8.70B,7.96%,$0.81B,$4.88B,14.41%,$604,$0,$604,$0,$360,$391,$213,$51,$264,$-130,$394,$394,$315,$240,$213,$56,59,$5.65,$5.46,$440,$78,$0,$951,$111,$3528,$4112,$0,$7751,$8702,$2358,$304,$182,$1766,$4124,$1,$3699,$-22,$4579,$8702,$1009,$107,$68,$175,$0,$30,$52,$-95,$-13,$1170,$-19,$0,$0,$0,$32,$32,$0,$14,$-260,$0,$-260,$-517,$-517,$-45,$-368,$-1190,$9,$90,$-45
4,2017-09-30,188.6,$75.29,2.51,$38.62,4.88,$41.00,4.6,$9.24,20.41,$0.96B,$1.57B,0.61,$1.05B,$4.40B,0.24,$2.25B,$2.25B,100.00%,$2.25B,$0.63B,28.12%,$2.25B,$0.63B,28.12%,$2.25B,$0.74B,32.96%,$2.25B,$1.09B,48.20%,$2.25B,$0.52B,23.28%,$0.52B,$4.40B,11.93%,$0.52B,$0.28B,194.80%,$0.52B,$8.70B,6.05%,$0.63B,$5.45B,10.95%,$586,$0,$586,$0,$331,$368,$218,$65,$283,$66,$217,$217,$125,$244,$218,$56,58,$2.25,$2.22,$375,$0,$0,$955,$112,$3451,$4129,$55,$7747,$8701,$1567,$1045,$178,$2730,$4297,$1,$3394,$-51,$4404,$8701,$615,$80,$258,$338,$0,$0,$-16,$-136,$-152,$801,$-14,$0,$0,$0,$19,$19,$0,$5,$-200,$0,$-200,$-355,$-355,$-34,$-283,$-872,$-56,$69,$-34
5,2017-06-30,164.61,$74.71,2.2,$38.20,4.31,$39.33,4.18,$9.02,18.25,$0.91B,$0.62B,1.47,$2.03B,$4.37B,0.47,$2.21B,$2.21B,100.00%,$2.21B,$0.65B,29.59%,$2.21B,$0.65B,29.59%,$2.21B,$0.77B,34.84%,$2.21B,$1.03B,46.52%,$2.21B,$0.51B,23.03%,$0.51B,$4.37B,11.84%,$0.51B,$0.25B,318.13%,$0.51B,$8.63B,5.94%,$0.65B,$6.40B,11.40%,$571,$0,$571,$0,$331,$372,$199,$68,$267,$63,$204,$204,$126,$226,$199,$56,59,$2.24,$2.22,$365,$104,$0,$909,$110,$3431,$4124,$60,$7724,$8632,$618,$2032,$204,$3644,$4262,$1,$3280,$-94,$4370,$8632,$398,$54,$207,$261,$0,$0,$-134,$-81,$-215,$444,$-7,$0,$0,$0,$8,$8,$0,$1,$-80,$0,$-80,$-218,$-218,$-23,$-197,$-517,$-66,$48,$-23
6,2017-03-31,162.49,$74.68,2.18,$38.25,4.25,$37.76,4.3,$8.77,18.53,$0.86B,$1.33B,0.65,$1.24B,$4.37B,0.28,$2.19B,$2.19B,100.00%,$2.19B,$0.70B,32.01%,$2.19B,$0.70B,32.01%,$2.19B,$0.83B,37.67%,$2.19B,$1.00B,45.46%,$2.19B,$0.49B,22.39%,$0.49B,$4.37B,11.82%,$0.49B,$0.25B,-3273.33%,$0.49B,$8.59B,5.83%,$0.70B,$5.61B,13.02%,$544,$0,$544,$0,$331,$369,$175,$78,$253,$60,$194,$194,$123,$202,$175,$57,59,$2.16,$2.13,$294,$116,$0,$858,$109,$3448,$4116,$59,$7732,$8590,$1325,$1242,$253,$2896,$4221,$1,$3165,$-109,$4369,$8590,$194,$27,$160,$187,$0,$0,$-180,$-78,$-258,$122,$-4,$0,$0,$0,$20,$20,$0,$16,$-85,$0,$-85,$-77,$-77,$-11,$-104,$-277,$-137,$26,$-11
7,2016-12-31,143.84,$75.67,1.9,$38.69,3.72,$36.15,3.98,$8.56,16.8,$0.94B,$1.60B,0.59,$1.24B,$4.43B,0.28,$2.19B,$2.19B,100.00%,$2.19B,$0.71B,32.18%,$2.19B,$0.71B,32.18%,$2.19B,$0.84B,38.10%,$2.19B,$0.98B,44.44%,$2.19B,$0.47B,21.51%,$0.47B,$4.43B,11.79%,$0.47B,$0.30B,-219.28%,$0.47B,$8.75B,5.69%,$0.71B,$5.67B,13.47%,$550,$0,$550,$0,$341,$509,$41,$241,$282,$76,$206,$206,$150,$70,$41,$54,57,$2.75,$2.67,$431,$0,$0,$937,$110,$3516,$4126,$61,$7813,$8749,$1598,$1241,$149,$2725,$4323,$1,$3054,$-123,$4427,$8749,$739,$130,$141,$271,$0,$83,$20,$-63,$40,$1050,$-20,$0,$0,$0,$-1312,$-1312,$0,$-1332,$225,$0,$225,$328,$328,$0,$-353,$201,$-131,$80,$0
8,2016-09-30,143.24,$71.07,2.02,$39.34,3.64,$38.62,3.71,$8.61,16.64,$1.02B,$1.45B,0.7,$1.24B,$4.03B,0.31,$2.23B,$2.23B,100.00%,$2.23B,$0.86B,38.41%,$2.23B,$0.86B,38.41%,$2.23B,$0.99B,44.18%,$2.23B,$0.98B,43.96%,$2.23B,$0.47B,20.90%,$0.47B,$4.03B,12.16%,$0.47B,$-0.16B,-106.86%,$0.47B,$8.32B,5.80%,$0.86B,$5.27B,16.90%,$545,$0,$545,$0,$338,$306,$239,$-12,$226,$50,$176,$176,$110,$272,$239,$54,57,$2.04,$2.02,$422,$0,$0,$1022,$113,$2940,$4191,$58,$7301,$8323,$1453,$1240,$170,$2841,$4294,$1,$2903,$-81,$4030,$8323,$533,$101,$207,$308,$0,$0,$-187,$30,$-157,$685,$-15,$0,$0,$0,$-854,$-854,$0,$-869,$230,$0,$230,$60,$60,$0,$-253,$37,$-167,$66,$0
9,2016-06-30,139.35,$67.82,2.05,$40.48,3.44,$41.37,3.37,$8.59,16.22,$1.04B,$1.48B,0.7,$1.24B,$3.79B,0.33,$2.30B,$2.30B,100.00%,$2.30B,$0.83B,36.23%,$2.30B,$0.83B,36.23%,$2.30B,$0.97B,42.05%,$2.30B,$1.01B,43.66%,$2.30B,$0.47B,20.20%,$0.47B,$3.79B,12.46%,$0.47B,$-0.45B,-79.90%,$0.47B,$8.04B,5.92%,$0.83B,$5.02B,16.65%,$554,$0,$554,$0,$329,$307,$247,$-11,$236,$52,$184,$184,$108,$282,$247,$54,57,$2.01,$1.98,$360,$0,$0,$1036,$112,$2593,$4238,$56,$6999,$8035,$1477,$1239,$180,$2774,$4250,$1,$2891,$-76,$3785,$8035,$357,$68,$151,$218,$0,$0,$-176,$-58,$-234,$341,$-9,$0,$0,$0,$-531,$-531,$0,$-540,$255,$0,$255,$-97,$-97,$0,$-172,$-14,$-229,$33,$0
10,2016-03-31,160.76,$67.61,2.38,$41.95,3.83,$43.47,3.7,$8.93,18.0,$1.00B,$1.63B,0.61,$1.24B,$3.77B,0.33,$2.40B,$2.40B,100.00%,$2.40B,$0.78B,32.65%,$2.40B,$0.78B,32.65%,$2.40B,$0.92B,38.25%,$2.40B,$1.03B,43.05%,$2.40B,$0.49B,20.29%,$0.49B,$3.77B,13.15%,$0.49B,$-0.55B,-73.14%,$0.49B,$8.09B,6.26%,$0.78B,$5.01B,15.61%,$545,$0,$545,$0,$323,$367,$179,$52,$231,$57,$174,$174,$104,$212,$179,$54,57,$1.93,$1.90,$298,$0,$0,$1001,$113,$2603,$4320,$54,$7090,$8091,$1634,$1237,$190,$2685,$4319,$1,$2784,$-27,$3772,$8091,$174,$33,$99,$132,$0,$0,$-181,$-97,$-278,$26,$-4,$0,$0,$0,$-547,$-547,$0,$-551,$422,$0,$422,$-67,$-67,$0,$-96,$260,$-270,$15,$0
11,2015-12-31,158.15,$67.55,2.34,$43.30,3.65,$45.07,3.51,$9.29,17.02,$1.16B,$1.37B,0.84,$1.24B,$3.77B,0.33,$2.49B,$2.49B,100.00%,$2.49B,$0.83B,33.56%,$2.49B,$0.83B,33.56%,$2.49B,$0.97B,39.03%,$2.49B,$1.09B,43.86%,$2.49B,$0.51B,20.52%,$0.51B,$3.77B,14.01%,$0.51B,$-0.59B,-70.08%,$0.51B,$7.77B,6.69%,$0.83B,$5.01B,16.72%,$590,$0,$590,$0,$352,$397,$193,$96,$289,$64,$226,$226,$145,$221,$193,$54,57,$2.68,$2.62,$564,$0,$0,$1155,$114,$2086,$4355,$59,$6615,$7769,$1373,$1236,$213,$2628,$4000,$1,$2582,$-18,$3769,$7769,$827,$134,$223,$357,$0,$4,$-32,$57,$29,$1213,$-38,$0,$0,$0,$-286,$-286,$0,$-325,$-3,$0,$-3,$-477,$-477,$0,$-379,$-858,$13,$103,$0
12,2015-09-30,169.27,$66.41,2.55,$43.97,3.85,$48.81,3.47,$9.59,17.65,$1.18B,$1.11B,1.06,$1.39B,$3.61B,0.39,$2.54B,$2.54B,100.00%,$2.54B,$0.84B,33.12%,$2.54B,$0.84B,33.12%,$2.54B,$0.99B,39.12%,$2.54B,$1.11B,43.93%,$2.54B,$0.52B,20.47%,$0.52B,$3.61B,14.39%,$0.52B,$-0.74B,-66.69%,$0.52B,$7.54B,6.83%,$0.84B,$5.00B,17.11%,$613,$0,$613,$0,$351,$398,$215,$34,$249,$58,$191,$191,$108,$253,$215,$54,57,$1.99,$1.96,$542,$172,$0,$1180,$107,$1828,$4347,$73,$6356,$7535,$1109,$1389,$188,$2820,$3929,$1,$2529,$-13,$3606,$7535,$599,$107,$281,$388,$0,$0,$-67,$-25,$-91,$856,$-26,$0,$0,$0,$-37,$-37,$0,$-62,$-81,$0,$-81,$-411,$-411,$0,$-302,$-795,$-9,$85,$0
13,2015-06-30,216.4,$65.18,3.32,$44.10,4.91,$51.52,4.2,$9.45,22.9,$1.23B,$1.11B,1.11,$1.39B,$3.64B,0.38,$2.56B,$2.56B,100.00%,$2.56B,$0.85B,33.13%,$2.56B,$0.85B,33.13%,$2.56B,$1.00B,39.09%,$2.56B,$1.12B,43.62%,$2.56B,$0.51B,20.05%,$0.51B,$3.64B,14.34%,$0.51B,$-0.78B,-70.92%,$0.51B,$7.68B,6.91%,$0.85B,$5.03B,17.69%,$647,$0,$647,$0,$407,$451,$195,$67,$262,$72,$190,$190,$129,$230,$195,$55,58,$2.36,$2.31,$489,$262,$0,$1232,$98,$1858,$4420,$71,$6447,$7679,$1107,$1388,$229,$2935,$4042,$1,$2420,$76,$3637,$7679,$411,$69,$230,$299,$0,$0,$-139,$-60,$-198,$471,$-12,$0,$0,$0,$-19,$-19,$0,$-30,$-23,$0,$-23,$-287,$-287,$0,$-191,$-501,$-62,$67,$0
14,2015-03-31,212.62,$63.53,3.35,$44.10,4.82,$54.42,3.91,$8.91,23.86,$1.15B,$1.11B,1.03,$1.39B,$3.55B,0.39,$2.55B,$2.55B,100.00%,$2.55B,$0.85B,33.39%,$2.55B,$0.85B,33.39%,$2.55B,$1.00B,39.30%,$2.55B,$1.10B,42.91%,$2.55B,$0.48B,18.97%,$0.48B,$3.55B,13.63%,$0.48B,$-0.80B,-71.44%,$0.48B,$7.49B,6.72%,$0.85B,$4.93B,18.21%,$635,$0,$635,$0,$362,$404,$231,$59,$290,$70,$221,$221,$128,$266,$231,$55,58,$2.34,$2.28,$438,$193,$0,$1145,$95,$1836,$4346,$72,$6349,$7494,$1112,$1388,$181,$2837,$3949,$1,$2291,$-3,$3545,$7494,$221,$34,$153,$187,$0,$0,$-183,$-78,$-261,$119,$-5,$0,$0,$0,$0,$0,$0,$-4,$33,$0,$33,$-167,$-167,$0,$-83,$-218,$-112,$17,$0
15,2014-12-31,210.1,$65.29,3.22,$43.86,4.79,$57.76,3.64,$8.03,26.16,$1.15B,$1.66B,0.69,$1.04B,$3.64B,0.29,$2.51B,$2.51B,100.00%,$2.51B,$0.82B,32.47%,$2.51B,$0.82B,32.47%,$2.51B,$0.96B,38.33%,$2.51B,$1.01B,40.36%,$2.51B,$0.43B,17.25%,$0.43B,$3.64B,12.34%,$0.43B,$-0.79B,-69.84%,$0.43B,$7.70B,6.20%,$0.82B,$4.68B,17.92%,$641,$0,$641,$0,$390,$443,$199,$114,$313,$73,$240,$240,$154,$243,$199,$55,58,$2.80,$2.73,$551,$0,$0,$1149,$95,$1951,$4431,$72,$6549,$7698,$1663,$1040,$215,$2392,$4055,$1,$2163,$32,$3643,$7698,$767,$147,$284,$430,$0,$1,$190,$18,$209,$1437,$-19,$0,$0,$0,$-1249,$-1249,$0,$-1268,$740,$0,$740,$-215,$-215,$0,$-603,$-78,$81,$114,$0
16,2014-09-30,198.34,$63.23,3.14,$43.35,4.58,$49.94,3.97,$7.80,25.43,$1.24B,$0.99B,1.26,$1.04B,$3.51B,0.3,$2.46B,$2.46B,100.00%,$2.46B,$0.77B,31.22%,$2.46B,$0.77B,31.22%,$2.46B,$0.92B,37.19%,$2.46B,$1.04B,42.10%,$2.46B,$0.44B,17.74%,$0.44B,$3.51B,12.91%,$0.44B,$-0.53B,-74.38%,$0.44B,$6.88B,6.58%,$0.77B,$4.55B,17.56%,$640,$0,$640,$0,$373,$416,$224,$29,$253,$64,$190,$190,$103,$263,$224,$56,59,$1.86,$1.82,$560,$158,$0,$1243,$94,$1429,$4041,$77,$5641,$6884,$985,$1039,$201,$2385,$3370,$1,$1993,$53,$3514,$6884,$527,$102,$296,$398,$0,$0,$179,$-102,$78,$1030,$-14,$0,$0,$0,$-537,$-537,$0,$-551,$133,$0,$133,$-59,$-59,$0,$-460,$-386,$91,$82,$0
17,2014-06-30,203.33,$63.12,3.22,$42.16,4.82,$45.51,4.47,$7.33,27.74,$1.01B,$0.88B,1.15,$1.04B,$3.51B,0.3,$2.38B,$2.38B,100.00%,$2.38B,$0.71B,30.06%,$2.38B,$0.71B,30.06%,$2.38B,$0.86B,36.13%,$2.38B,$0.97B,40.88%,$2.38B,$0.41B,17.22%,$0.41B,$3.51B,12.56%,$0.41B,$-0.59B,-61.69%,$0.41B,$6.73B,6.31%,$0.71B,$4.55B,16.92%,$636,$0,$636,$0,$395,$438,$198,$41,$239,$61,$178,$178,$99,$231,$198,$55,57,$1.79,$1.75,$374,$149,$0,$1006,$96,$1444,$4101,$83,$5724,$6730,$879,$1039,$204,$2345,$3224,$1,$1888,$73,$3506,$6730,$337,$63,$247,$310,$0,$0,$11,$-57,$-47,$626,$-11,$0,$0,$0,$-535,$-535,$0,$-546,$181,$0,$181,$-9,$-9,$0,$-351,$-179,$-95,$61,$0
18,2014-03-31,198.04,$61.06,3.24,$40.82,4.85,$42.98,4.61,$6.74,29.38,$1.37B,$0.91B,1.51,$1.04B,$3.38B,0.31,$2.28B,$2.28B,100.00%,$2.28B,$0.68B,29.69%,$2.28B,$0.68B,29.69%,$2.28B,$0.82B,36.14%,$2.28B,$0.90B,39.65%,$2.28B,$0.38B,16.45%,$0.38B,$3.38B,11.89%,$0.38B,$-0.57B,-53.51%,$0.38B,$6.62B,5.93%,$0.68B,$4.41B,16.64%,$593,$0,$593,$0,$358,$399,$194,$14,$208,$49,$159,$159,$77,$225,$194,$54,55,$1.44,$1.40,$747,$0,$0,$1369,$93,$1133,$3947,$79,$5252,$6621,$910,$1038,$237,$2336,$3245,$1,$1788,$51,$3376,$6621,$159,$31,$177,$208,$-67,$0,$-51,$2,$-115,$298,$-4,$0,$0,$0,$-110,$-110,$0,$-114,$276,$0,$276,$7,$7,$0,$-189,$94,$278,$0,$0
19,2013-12-31,214.7,$58.34,3.68,$39.34,5.46,$41.31,5.2,$6.49,33.08,$1.05B,$1.04B,1.01,$0.86B,$3.15B,0.27,$2.19B,$2.19B,100.00%,$2.19B,$0.63B,28.96%,$2.19B,$0.63B,28.96%,$2.19B,$0.79B,35.91%,$2.19B,$0.86B,39.42%,$2.19B,$0.36B,16.45%,$0.36B,$3.15B,11.73%,$0.36B,$-0.66B,-46.88%,$0.36B,$6.32B,5.79%,$0.63B,$4.00B,16.01%,$594,$0,$594,$0,$397,$441,$153,$184,$337,$87,$249,$249,$158,$197,$153,$53,57,$2.98,$2.85,$470,$0,$0,$1046,$92,$1288,$3802,$91,$5273,$6319,$1040,$859,$177,$2135,$3174,$1,$1711,$74,$3145,$6319,$670,$152,$41,$193,$0,$0,$178,$-115,$63,$957,$-24,$0,$0,$0,$-26,$-26,$0,$-50,$719,$0,$719,$-86,$-1287,$0,$-301,$-869,$39,$84,$0
20,2013-09-30,180.8,$56.68,3.19,$38.13,4.74,$36.42,4.96,$5.10,35.45,$1.15B,$0.58B,1.97,$0.92B,$3.00B,0.31,$2.09B,$2.09B,100.00%,$2.09B,$0.61B,29.15%,$2.09B,$0.61B,29.15%,$2.09B,$0.75B,35.71%,$2.09B,$0.70B,33.70%,$2.09B,$0.28B,13.28%,$0.28B,$3.00B,9.10%,$0.28B,$-0.83B,-33.44%,$0.28B,$6.26B,4.48%,$0.61B,$3.92B,15.98%,$552,$0,$552,$0,$336,$383,$169,$18,$187,$31,$156,$156,$75,$205,$169,$53,57,$1.41,$1.37,$522,$133,$0,$1147,$88,$983,$3831,$212,$5114,$6261,$583,$915,$167,$2676,$3259,$1,$1553,$63,$3003,$6261,$420,$108,$143,$252,$0,$0,$188,$-139,$49,$748,$-16,$0,$0,$0,$-28,$-28,$0,$-44,$-428,$0,$-428,$25,$25,$0,$-209,$-612,$92,$38,$0
21,2013-06-30,162.29,$58.51,2.77,$37.25,4.36,$31.81,5.1,$4.77,34.02,$0.97B,$0.42B,2.3,$0.85B,$3.09B,0.27,$2.00B,$2.00B,100.00%,$2.00B,$0.58B,28.94%,$2.00B,$0.58B,28.94%,$2.00B,$0.71B,35.43%,$2.00B,$0.65B,32.68%,$2.00B,$0.26B,12.84%,$0.26B,$3.09B,8.55%,$0.26B,$-0.75B,-28.57%,$0.26B,$6.07B,4.19%,$0.58B,$3.94B,15.19%,$541,$0,$541,$0,$335,$380,$161,$11,$172,$38,$134,$134,$65,$197,$161,$53,55,$1.22,$1.18,$414,$120,$0,$973,$84,$965,$3837,$214,$5100,$6073,$424,$845,$169,$2557,$2980,$1,$1478,$39,$3092,$6073,$264,$72,$129,$202,$-81,$0,$64,$-7,$-24,$465,$-9,$0,$0,$0,$-1,$-1,$0,$-10,$-331,$0,$-331,$41,$41,$0,$-176,$-466,$-17,$35,$0
22,2013-03-31,152.02,$57.61,2.64,$35.50,4.28,$27.85,5.46,$3.71,40.98,$1.06B,$0.54B,1.97,$0.94B,$3.04B,0.31,$1.89B,$1.89B,100.00%,$1.89B,$0.44B,23.44%,$1.89B,$0.44B,23.44%,$1.89B,$0.66B,34.76%,$1.89B,$0.55B,28.84%,$1.89B,$0.20B,10.53%,$0.20B,$3.04B,6.82%,$0.20B,$-0.84B,-19.47%,$0.20B,$6.23B,3.31%,$0.44B,$3.98B,11.87%,$502,$0,$502,$0,$307,$352,$151,$17,$167,$38,$130,$130,$62,$187,$151,$53,54,$1.18,$1.15,$335,$136,$0,$1064,$83,$985,$3878,$216,$5161,$6225,$539,$944,$172,$2648,$3187,$1,$1413,$58,$3038,$6225,$130,$36,$56,$92,$0,$0,$190,$-242,$-52,$202,$-5,$0,$0,$0,$-2,$-2,$0,$-7,$-213,$0,$-213,$45,$45,$0,$-118,$-286,$-95,$0,$0
23,2012-12-31,128.84,$56.43,2.28,$34.13,3.78,$25.17,5.12,$3.27,39.4,$0.87B,$1.65B,0.53,$0.34B,$3.04B,0.11,$1.81B,$1.81B,100.00%,$1.81B,$0.40B,22.20%,$1.81B,$0.40B,22.20%,$1.81B,$0.61B,34.00%,$1.81B,$0.50B,27.46%,$1.81B,$0.17B,9.63%,$0.17B,$3.04B,6.27%,$0.17B,$-0.90B,-16.57%,$0.17B,$6.19B,3.02%,$0.40B,$3.38B,11.36%,$491,$0,$491,$0,$318,$364,$127,$50,$177,$38,$139,$139,$75,$156,$127,$52,53,$1.45,$1.41,$430,$0,$0,$870,$82,$1187,$3941,$108,$5317,$6187,$1654,$340,$177,$1492,$3146,$1,$1351,$79,$3041,$6187,$411,$214,$80,$294,$-42,$0,$0,$-5,$-46,$633,$-20,$0,$0,$0,$-782,$-782,$0,$-802,$411,$0,$411,$-95,$-95,$0,$-170,$146,$-19,$69,$0
24,2012-09-30,121.76,$55.11,2.21,$32.46,3.75,$26.66,4.57,$2.64,46.12,$0.84B,$0.37B,2.25,$1.09B,$2.86B,0.38,$1.72B,$1.72B,100.00%,$1.72B,$0.37B,21.49%,$1.72B,$0.37B,21.49%,$1.72B,$0.58B,33.90%,$1.72B,$0.43B,24.93%,$1.72B,$0.14B,8.10%,$0.14B,$2.86B,5.26%,$0.14B,$-1.11B,-13.11%,$0.14B,$6.03B,2.52%,$0.37B,$3.95B,10.60%,$467,$0,$467,$0,$291,$328,$140,$-2,$138,$19,$118,$118,$55,$169,$140,$52,53,$1.06,$1.04,$373,$110,$0,$838,$72,$936,$3969,$216,$5193,$6031,$373,$1092,$162,$2803,$3176,$1,$1276,$66,$2855,$6031,$272,$185,$65,$250,$-21,$0,$-7,$-20,$-49,$447,$-10,$0,$0,$0,$-738,$-738,$0,$-748,$393,$0,$393,$-40,$-40,$0,$-132,$221,$-77,$24,$0
25,2012-06-30,108.35,$53.31,2.03,$31.45,3.45,$28.63,3.78,$2.36,45.91,$0.78B,$0.33B,2.35,$0.89B,$2.74B,0.32,$1.66B,$1.66B,100.00%,$1.66B,$0.36B,21.33%,$1.66B,$0.36B,21.33%,$1.66B,$0.57B,34.07%,$1.66B,$0.39B,23.44%,$1.66B,$0.12B,7.45%,$0.12B,$2.74B,4.89%,$0.12B,$-1.24B,-11.94%,$0.12B,$5.62B,2.34%,$0.36B,$3.63B,10.88%,$430,$0,$430,$0,$277,$405,$25,$38,$63,$2,$61,$61,$7,$145,$25,$51,53,$0.13,$0.12,$311,$106,$0,$776,$71,$587,$3973,$208,$4839,$5615,$330,$888,$161,$2547,$2878,$1,$1221,$50,$2737,$5615,$154,$156,$45,$201,$-24,$0,$-46,$-13,$-83,$236,$-5,$0,$0,$0,$-389,$-389,$0,$-394,$195,$0,$195,$-62,$-62,$0,$-115,$18,$-139,$16,$0
26,2012-03-31,110.68,$48.16,2.3,$31.95,3.46,$29.93,3.7,$3.09,35.82,$0.90B,$0.35B,2.58,$0.69B,$2.47B,0.28,$1.70B,$1.70B,100.00%,$1.70B,$0.47B,27.71%,$1.70B,$0.47B,27.71%,$1.70B,$0.59B,34.79%,$1.70B,$0.46B,26.83%,$1.70B,$0.16B,9.61%,$0.16B,$2.47B,6.60%,$0.16B,$-0.95B,-16.38%,$0.16B,$5.21B,3.12%,$0.47B,$3.16B,14.90%,$418,$0,$418,$0,$266,$309,$109,$9,$118,$25,$93,$93,$37,$144,$109,$52,53,$0.72,$0.71,$394,$123,$0,$895,$70,$599,$3425,$221,$4315,$5210,$347,$689,$151,$2389,$2736,$1,$1214,$72,$2474,$5210,$93,$36,$38,$74,$-13,$0,$-88,$-13,$-114,$53,$-1,$0,$0,$0,$3,$3,$0,$2,$-0,$0,$-0,$-35,$-35,$0,$-79,$-113,$-56,$8,$0
27,2011-12-31,94.98,$46.37,2.05,$32.09,2.96,$31.35,3.03,$3.12,30.44,$0.88B,$0.42B,2.1,$0.69B,$2.50B,0.27,$1.70B,$1.70B,100.00%,$1.70B,$0.49B,28.52%,$1.70B,$0.49B,28.52%,$1.70B,$0.60B,35.15%,$1.70B,$0.45B,26.58%,$1.70B,$0.17B,9.68%,$0.17B,$2.50B,6.77%,$0.17B,$-0.94B,-15.60%,$0.17B,$5.22B,3.15%,$0.49B,$3.19B,15.47%,$402,$0,$402,$0,$263,$307,$95,$14,$109,$20,$89,$89,$40,$124,$95,$52,53,$0.78,$0.76,$450,$100,$0,$876,$69,$616,$3438,$219,$4343,$5219,$418,$686,$146,$2302,$2719,$1,$1177,$50,$2500,$5219,$360,$113,$174,$286,$23,$0,$11,$2,$35,$709,$-16,$0,$0,$0,$-52,$-52,$0,$-68,$-283,$0,$-283,$-46,$-46,$0,$-175,$-504,$136,$52,$0
28,2011-09-30,77.26,$47.41,1.63,$33.01,2.34,$27.84,2.78,$3.53,21.89,$0.76B,$0.37B,2.05,$0.64B,$2.44B,0.26,$1.72B,$1.72B,100.00%,$1.72B,$0.51B,29.31%,$1.72B,$0.51B,29.31%,$1.72B,$0.62B,35.75%,$1.72B,$0.49B,28.44%,$1.72B,$0.19B,10.85%,$0.19B,$2.44B,7.77%,$0.19B,$-1.03B,-16.78%,$0.19B,$5.13B,3.56%,$0.51B,$3.08B,15.98%,$414,$0,$414,$0,$252,$288,$126,$-26,$100,$20,$80,$80,$40,$154,$126,$52,53,$0.77,$0.76,$323,$80,$0,$757,$65,$603,$3468,$239,$4375,$5132,$369,$642,$223,$2322,$2691,$1,$1136,$29,$2440,$5132,$271,$84,$142,$226,$18,$0,$22,$-21,$20,$550,$-8,$0,$0,$0,$-51,$-51,$0,$-59,$-331,$0,$-331,$-34,$-34,$0,$-115,$-479,$10,$19,$0
29,2011-06-30,100.43,$47.27,2.12,$32.03,3.14,$24.29,4.14,$3.42,29.36,$0.88B,$0.39B,2.27,$0.72B,$2.46B,0.29,$1.66B,$1.66B,100.00%,$1.66B,$0.48B,28.56%,$1.66B,$0.48B,28.56%,$1.66B,$0.58B,35.12%,$1.66B,$0.48B,29.04%,$1.66B,$0.18B,10.88%,$0.18B,$2.46B,7.70%,$0.18B,$-1.06B,-15.68%,$0.18B,$5.33B,3.48%,$0.48B,$3.19B,15.13%,$462,$0,$462,$0,$287,$322,$140,$-12,$128,$27,$101,$101,$46,$168,$140,$52,53,$0.87,$0.85,$311,$147,$0,$877,$65,$623,$3523,$237,$4448,$5325,$387,$724,$216,$2477,$2864,$1,$1096,$110,$2461,$5325,$190,$56,$94,$150,$-19,$0,$-15,$-23,$-56,$308,$-4,$0,$0,$0,$-12,$-12,$0,$-16,$-237,$0,$-237,$21,$21,$0,$-80,$-296,$-2,$12,$0
30,2011-03-31,108.27,$45.17,2.4,$30.35,3.57,$22.38,4.84,$3.10,34.93,$0.78B,$0.38B,2.04,$0.77B,$2.35B,0.33,$1.53B,$1.53B,100.00%,$1.53B,$0.43B,28.11%,$1.53B,$0.43B,28.11%,$1.53B,$0.53B,34.38%,$1.53B,$0.43B,28.05%,$1.53B,$0.16B,10.44%,$0.16B,$2.35B,7.13%,$0.16B,$-1.20B,-13.06%,$0.16B,$5.26B,3.13%,$0.43B,$3.12B,13.81%,$426,$0,$426,$0,$267,$301,$125,$-9,$116,$27,$89,$89,$39,$153,$125,$52,53,$0.76,$0.74,$253,$110,$0,$782,$66,$623,$3552,$237,$4478,$5259,$383,$766,$215,$2525,$2908,$1,$1051,$112,$2351,$5259,$89,$29,$69,$97,$3,$0,$-63,$-10,$-70,$128,$-2,$0,$0,$0,$-10,$-10,$0,$-11,$-120,$0,$-120,$7,$7,$0,$-67,$-180,$-61,$6,$0
31,2010-12-31,98.22,$44.07,2.23,$27.85,3.53,$21.47,4.57,$2.74,35.85,$0.77B,$0.41B,1.89,$0.88B,$2.38B,0.37,$1.36B,$1.36B,100.00%,$1.36B,$0.38B,27.61%,$1.36B,$0.38B,27.61%,$1.36B,$0.46B,33.58%,$1.36B,$0.38B,27.91%,$1.36B,$0.14B,10.24%,$0.14B,$2.38B,6.81%,$0.14B,$-1.17B,-12.39%,$0.14B,$5.28B,2.92%,$0.38B,$3.26B,13.00%,$421,$0,$421,$0,$275,$307,$114,$32,$146,$39,$107,$107,$62,$141,$114,$47,49,$1.29,$1.25,$313,$116,$0,$771,$68,$679,$3543,$220,$4509,$5280,$407,$882,$203,$2497,$2905,$1,$1012,$101,$2375,$5280,$287,$82,$56,$138,$-49,$0,$66,$-1,$16,$481,$-9,$0,$0,$0,$-965,$-965,$0,$-974,$431,$0,$431,$-89,$-89,$0,$203,$545,$54,$20,$0
32,2010-09-30,77.22,$42.85,1.8,$24.98,3.09,$17.48,4.42,$2.11,36.6,$0.64B,$0.40B,1.62,$0.79B,$2.21B,0.36,$1.18B,$1.18B,100.00%,$1.18B,$0.34B,28.93%,$1.18B,$0.34B,28.93%,$1.18B,$0.41B,34.69%,$1.18B,$0.32B,26.82%,$1.18B,$0.10B,8.63%,$0.10B,$2.21B,5.62%,$0.10B,$-1.19B,-10.68%,$0.10B,$4.95B,2.38%,$0.34B,$3.00B,13.39%,$354,$0,$354,$0,$225,$259,$96,$-3,$93,$24,$69,$69,$34,$122,$96,$51,52,$0.66,$0.65,$255,$85,$0,$640,$67,$631,$3397,$216,$4311,$4951,$395,$790,$189,$2346,$2741,$1,$950,$71,$2210,$4951,$180,$55,$70,$125,$-12,$0,$39,$-8,$19,$352,$-5,$0,$0,$0,$-835,$-835,$0,$-841,$339,$0,$339,$-80,$-80,$0,$224,$483,$-4,$10,$0
33,2010-06-30,60.16,$39.84,1.51,$23.07,2.61,$14.57,4.13,$1.86,32.34,$0.66B,$0.34B,1.96,$1.08B,$2.04B,0.53,$1.05B,$1.05B,100.00%,$1.05B,$0.31B,29.57%,$1.05B,$0.31B,29.57%,$1.05B,$0.36B,34.83%,$1.05B,$0.30B,28.42%,$1.05B,$0.09B,8.23%,$0.09B,$2.04B,5.30%,$0.09B,$-1.35B,-10.77%,$0.09B,$4.94B,2.22%,$0.31B,$3.11B,13.57%,$332,$0,$332,$0,$215,$236,$96,$-21,$75,$17,$58,$58,$25,$111,$96,$45,48,$0.56,$0.53,$221,$152,$0,$659,$68,$635,$3381,$195,$4279,$4938,$336,$1075,$175,$2567,$2903,$1,$916,$47,$2036,$4938,$111,$29,$54,$83,$-25,$0,$-13,$11,$-27,$183,$-3,$0,$0,$0,$-812,$-812,$0,$-815,$634,$0,$634,$-84,$-84,$0,$44,$594,$-39,$7,$0
34,2010-03-31,78.2,$34.52,2.27,$20.75,3.77,$12.80,6.11,$1.59,49.19,$0.72B,$0.30B,2.35,$0.63B,$1.54B,0.41,$0.91B,$0.91B,100.00%,$0.91B,$0.26B,28.88%,$0.91B,$0.26B,28.88%,$0.91B,$0.31B,34.35%,$0.91B,$0.28B,30.96%,$0.91B,$0.07B,7.88%,$0.07B,$1.54B,4.98%,$0.07B,$-0.79B,-12.79%,$0.07B,$3.87B,2.11%,$0.26B,$2.17B,13.58%,$251,$0,$251,$0,$165,$183,$69,$-4,$65,$12,$53,$53,$18,$82,$69,$42,45,$0.41,$0.38,$204,$178,$0,$716,$65,$645,$2324,$115,$3150,$3866,$304,$630,$124,$2024,$2328,$0,$891,$71,$1538,$3866,$53,$14,$23,$36,$-1,$0,$-37,$10,$-28,$68,$-1,$0,$0,$0,$-131,$-131,$0,$-132,$170,$-25,$145,$-100,$-100,$0,$-37,$8,$-56,$4,$0
35,2009-12-31,66.67,$32.36,2.06,$19.57,3.41,$11.69,5.7,$1.36,49.02,$0.59B,$0.23B,2.58,$0.46B,$1.48B,0.31,$0.84B,$0.84B,100.00%,$0.84B,$0.24B,28.54%,$0.84B,$0.24B,28.54%,$0.84B,$0.29B,34.84%,$0.84B,$0.25B,29.13%,$0.84B,$0.06B,7.13%,$0.06B,$1.48B,4.34%,$0.06B,$-0.50B,-12.66%,$0.06B,$3.39B,1.88%,$0.24B,$1.94B,13.07%,$245,$0,$245,$0,$146,$163,$81,$3,$84,$19,$66,$66,$25,$95,$81,$41,43,$0.61,$0.57,$259,$150,$0,$586,$62,$658,$1985,$100,$2805,$3391,$227,$457,$26,$1682,$1909,$0,$873,$46,$1482,$3391,$213,$53,$23,$76,$-7,$0,$-61,$-5,$-72,$243,$-3,$0,$0,$0,$-179,$-179,$0,$-182,$-230,$0,$-230,$-2,$-2,$0,$31,$-202,$-137,$9,$0
36,2009-09-30,64.36,$34.08,1.89,$19.77,3.26,$19.18,3.36,$-0.95,0.0,$0.50B,$0.22B,2.27,$0.45B,$1.43B,0.32,$0.82B,$0.82B,100.00%,$0.82B,$0.21B,25.76%,$0.82B,$0.21B,25.76%,$0.82B,$0.26B,31.62%,$0.82B,$0.05B,6.59%,$0.82B,$-0.05B,-5.98%,$-0.05B,$1.43B,-3.75%,$-0.05B,$-0.56B,10.02%,$-0.05B,$3.33B,-1.55%,$0.21B,$1.89B,11.63%,$217,$0,$217,$0,$132,$154,$63,$10,$73,$5,$68,$68,$18,$76,$63,$42,44,$0.42,$0.40,$225,$112,$0,$495,$65,$663,$1992,$110,$2830,$3325,$218,$454,$26,$1673,$1891,$0,$849,$37,$1433,$3325,$147,$40,$17,$57,$1,$0,$-50,$-7,$-56,$168,$-2,$0,$0,$0,$-144,$-144,$0,$-145,$-231,$0,$-231,$-11,$-11,$0,$44,$-197,$-171,$6,$0
37,2009-06-30,57.6,$31.91,1.81,$21.77,2.65,$25.45,2.26,$-0.75,0.0,$0.51B,$0.12B,4.17,$0.45B,$1.33B,0.34,$0.89B,$0.89B,100.00%,$0.89B,$0.25B,27.44%,$0.89B,$0.25B,27.44%,$0.89B,$0.30B,33.03%,$0.89B,$0.05B,5.04%,$0.89B,$-0.05B,-5.71%,$-0.05B,$1.33B,-4.09%,$-0.05B,$-0.40B,10.45%,$-0.05B,$3.08B,-1.59%,$0.25B,$1.78B,13.39%,$201,$0,$201,$0,$134,$150,$51,$10,$61,$5,$56,$56,$11,$61,$51,$41,43,$0.26,$0.26,$274,$92,$0,$508,$67,$665,$1732,$108,$2572,$3080,$122,$451,$26,$1629,$1750,$0,$831,$11,$1330,$3080,$79,$26,$18,$44,$18,$0,$-61,$-6,$-49,$88,$-1,$0,$0,$0,$-7,$-7,$0,$-9,$-234,$-4,$-238,$-21,$-21,$0,$57,$-202,$-122,$3,$0
38,2009-03-31,41.29,$31.27,1.32,$24.40,1.69,$29.05,1.42,$-0.12,0.0,$0.43B,$0.10B,4.2,$0.45B,$1.29B,0.35,$1.00B,$1.00B,100.00%,$1.00B,$0.30B,29.67%,$1.00B,$0.30B,29.67%,$1.00B,$0.35B,34.97%,$1.00B,$0.09B,8.99%,$1.00B,$-0.03B,-2.70%,$-0.03B,$1.29B,-2.23%,$-0.03B,$-0.43B,5.03%,$-0.03B,$2.99B,-0.83%,$0.30B,$1.74B,16.14%,$178,$0,$178,$0,$117,$134,$45,$-18,$27,$4,$23,$23,$6,$61,$45,$40,41,$0.15,$0.15,$237,$76,$0,$432,$69,$664,$1720,$104,$2557,$2989,$103,$448,$28,$1596,$1699,$0,$820,$-14,$1290,$2989,$23,$17,$28,$45,$29,$1,$-88,$2,$-56,$16,$-1,$0,$0,$0,$-3,$-3,$0,$-4,$-234,$-2,$-235,$-16,$-16,$0,$81,$-171,$-159,$1,$0
39,2008-12-31,41.5,$25.57,1.62,$28.26,1.47,$29.84,1.39,$0.63,65.87,$0.63B,$0.21B,3.0,$0.68B,$1.17B,0.58,$1.16B,$1.16B,100.00%,$1.16B,$0.37B,31.69%,$1.16B,$0.37B,31.69%,$1.16B,$0.42B,36.10%,$1.16B,$0.15B,13.13%,$1.16B,$-0.00B,-0.17%,$-0.00B,$1.17B,-0.17%,$-0.00B,$-0.56B,0.34%,$-0.00B,$3.21B,-0.06%,$0.37B,$1.85B,19.86%,$223,$0,$223,$0,$148,$172,$52,$-159,$-107,$-43,$-64,$-64,$-84,$61,$52,$38,38,$-2.24,$-2.05,$396,$79,$0,$631,$72,$679,$1735,$96,$2582,$3213,$210,$679,$30,$1832,$2042,$0,$814,$-4,$1171,$3213,$132,$51,$242,$292,$103,$6,$-86,$39,$62,$508,$-10,$0,$0,$0,$-84,$-84,$0,$-94,$174,$6,$180,$78,$-155,$0,$-263,$-238,$173,$54,$0
40,2008-09-30,82.02,$30.29,2.71,$31.45,2.61,$28.42,2.89,$3.99,20.56,$0.73B,$0.25B,2.86,$0.75B,$1.20B,0.62,$1.32B,$1.32B,100.00%,$1.32B,$0.48B,36.57%,$1.32B,$0.48B,36.57%,$1.32B,$0.54B,41.27%,$1.32B,$0.63B,47.57%,$1.32B,$0.14B,10.39%,$0.14B,$1.20B,13.84%,$0.14B,$-0.56B,-18.15%,$0.14B,$3.52B,4.04%,$0.48B,$1.95B,26.74%,$291,$0,$291,$0,$177,$194,$97,$-33,$64,$24,$39,$39,$16,$112,$97,$40,42,$0.42,$0.39,$403,$128,$0,$726,$70,$826,$1758,$144,$2798,$3524,$254,$748,$33,$2069,$2322,$0,$929,$47,$1202,$3524,$196,$42,$106,$148,$67,$-3,$-23,$33,$75,$430,$-8,$0,$0,$0,$-69,$-69,$0,$-77,$181,$1,$182,$94,$-114,$0,$-238,$-170,$180,$11,$0
41,2008-06-30,89.15,$29.82,2.99,$32.63,2.73,$23.45,3.8,$4.46,19.99,$0.56B,$0.20B,2.78,$0.65B,$1.17B,0.56,$1.37B,$1.37B,100.00%,$1.37B,$0.51B,37.36%,$1.37B,$0.51B,37.36%,$1.37B,$0.57B,41.66%,$1.37B,$0.63B,45.96%,$1.37B,$0.16B,11.94%,$0.16B,$1.17B,19.30%,$0.16B,$-0.60B,-18.51%,$0.16B,$3.34B,5.13%,$0.51B,$1.82B,29.59%,$309,$0,$309,$0,$189,$206,$103,$2,$106,$20,$85,$85,$35,$116,$103,$39,42,$0.88,$0.82,$193,$158,$0,$556,$70,$831,$1770,$116,$2786,$3342,$200,$651,$33,$1972,$2172,$0,$904,$62,$1170,$3342,$156,$27,$51,$78,$59,$-7,$-79,$27,$1,$243,$-5,$0,$0,$0,$-69,$-69,$0,$-74,$54,$2,$55,$121,$-87,$0,$-165,$-197,$-30,$7,$0
42,2008-03-31,89.83,$28.65,3.14,$32.67,2.75,$19.23,4.67,$4.62,19.44,$0.55B,$0.21B,2.62,$0.65B,$1.12B,0.58,$1.40B,$1.40B,100.00%,$1.40B,$0.53B,38.28%,$1.40B,$0.53B,38.28%,$1.40B,$0.59B,42.44%,$1.40B,$0.59B,42.37%,$1.40B,$0.17B,12.26%,$0.17B,$1.12B,24.25%,$0.17B,$-0.61B,-16.82%,$0.17B,$3.29B,5.64%,$0.53B,$1.77B,31.39%,$335,$0,$335,$0,$204,$220,$115,$-25,$89,$18,$71,$71,$31,$129,$115,$34,41,$0.91,$0.81,$162,$155,$0,$547,$70,$832,$1726,$119,$2747,$3294,$209,$654,$33,$1967,$2175,$0,$869,$53,$1119,$3294,$71,$14,$28,$42,$28,$-7,$-110,$22,$-66,$50,$-3,$0,$0,$0,$-20,$-20,$0,$-22,$56,$1,$57,$171,$-38,$0,$-107,$-88,$-61,$4,$0
43,2007-12-31,116.28,$12.02,9.67,$31.41,3.7,$16.92,6.87,$4.67,24.9,$0.65B,$0.32B,2.05,$1.20B,$0.47B,2.55,$1.37B,$1.37B,100.00%,$1.37B,$0.53B,38.76%,$1.37B,$0.53B,38.76%,$1.37B,$0.59B,42.85%,$1.37B,$0.56B,40.88%,$1.37B,$0.18B,12.92%,$0.18B,$0.47B,31.95%,$0.18B,$-1.26B,-15.34%,$0.18B,$3.40B,6.21%,$0.53B,$1.67B,31.79%,$383,$0,$383,$0,$201,$216,$167,$201,$368,$33,$335,$335,$55,$187,$167,$29,42,$1.93,$1.48,$223,$156,$0,$650,$70,$842,$1727,$107,$2746,$3396,$316,$1198,$34,$2610,$2927,$0,$836,$65,$469,$3396,$457,$56,$-1,$55,$-36,$13,$20,$-7,$-10,$509,$-17,$0,$0,$0,$-496,$-496,$0,$-513,$154,$-3,$151,$-451,$49,$0,$-179,$22,$21,$9,$0
44,2007-09-30,126.23,$21.45,5.89,$29.90,4.22,$11.70,10.79,$4.28,29.49,$0.58B,$0.24B,2.38,$1.03B,$0.64B,1.61,$1.32B,$1.32B,100.00%,$1.32B,$0.51B,38.60%,$1.32B,$0.51B,38.60%,$1.32B,$0.55B,42.10%,$1.32B,$0.27B,20.52%,$1.32B,$0.17B,12.99%,$0.17B,$0.64B,30.45%,$0.17B,$-1.08B,-15.08%,$0.17B,$2.76B,6.41%,$0.51B,$1.67B,30.82%,$346,$0,$346,$0,$201,$218,$128,$-60,$68,$25,$43,$43,$43,$140,$128,$30,43,$1.43,$1.06,$207,$156,$0,$580,$68,$284,$1722,$102,$2175,$2755,$243,$1032,$32,$1870,$2114,$0,$776,$67,$641,$2755,$121,$36,$54,$89,$4,$12,$18,$-17,$17,$228,$-11,$0,$0,$0,$-73,$-73,$0,$-84,$-11,$-2,$-13,$-150,$-150,$0,$23,$-141,$5,$7,$0
45,2007-06-30,127.46,$20.03,6.36,$28.12,4.53,$11.50,11.08,$4.08,31.24,$0.52B,$0.17B,3.01,$1.10B,$0.59B,1.86,$1.25B,$1.25B,100.00%,$1.25B,$0.48B,38.56%,$1.25B,$0.48B,38.56%,$1.25B,$0.53B,42.08%,$1.25B,$0.26B,20.40%,$1.25B,$0.16B,12.88%,$0.16B,$0.59B,30.09%,$0.16B,$-1.12B,-14.30%,$0.16B,$2.68B,6.17%,$0.48B,$1.69B,30.21%,$331,$0,$331,$0,$192,$208,$124,$-57,$66,$25,$42,$42,$42,$136,$124,$30,45,$1.40,$1.04,$166,$141,$0,$519,$67,$281,$1713,$99,$2161,$2680,$172,$1098,$31,$1915,$2088,$0,$733,$44,$592,$2680,$79,$24,$40,$64,$13,$11,$-61,$-35,$-71,$71,$-8,$0,$0,$0,$-68,$-68,$0,$-76,$24,$-1,$23,$-70,$-70,$0,$15,$-32,$-36,$5,$0
46,2007-03-31,107.26,$17.25,6.22,$27.05,3.96,$12.69,8.45,$3.89,27.57,$0.45B,$0.13B,3.63,$1.14B,$0.51B,2.21,$1.20B,$1.20B,100.00%,$1.20B,$0.46B,38.44%,$1.20B,$0.46B,38.44%,$1.20B,$0.51B,42.01%,$1.20B,$0.24B,20.05%,$1.20B,$0.15B,12.73%,$0.15B,$0.51B,29.27%,$0.15B,$-1.16B,-13.84%,$0.15B,$2.57B,5.99%,$0.46B,$1.65B,30.08%,$310,$0,$310,$0,$184,$198,$112,$-54,$58,$22,$37,$37,$37,$124,$112,$30,45,$1.23,$0.93,$124,$131,$0,$454,$65,$280,$1669,$99,$2114,$2568,$125,$1137,$30,$1929,$2054,$0,$691,$18,$514,$2568,$37,$12,$28,$40,$23,$2,$-110,$-40,$-124,$-47,$-4,$0,$0,$0,$-34,$-34,$0,$-38,$63,$-1,$62,$-73,$-73,$0,$19,$7,$-78,$3,$0
47,2006-12-31,104.07,$12.79,8.14,$26.11,3.99,$13.64,7.63,$3.75,27.75,$0.55B,$0.29B,1.93,$1.08B,$0.50B,2.16,$1.17B,$1.17B,100.00%,$1.17B,$0.45B,38.80%,$1.17B,$0.45B,38.80%,$1.17B,$0.50B,42.31%,$1.17B,$0.24B,20.43%,$1.17B,$0.15B,12.91%,$0.15B,$0.50B,25.23%,$0.15B,$-1.18B,-15.03%,$0.15B,$2.67B,6.01%,$0.45B,$1.58B,29.09%,$329,$0,$329,$0,$169,$185,$144,$-66,$78,$29,$49,$49,$49,$154,$144,$31,44,$1.60,$1.16,$202,$124,$0,$554,$64,$293,$1679,$75,$2112,$2666,$288,$1079,$11,$1879,$2167,$0,$654,$15,$499,$2666,$151,$41,$54,$95,$-52,$8,$66,$32,$54,$301,$-22,$0,$0,$0,$-144,$-144,$0,$-165,$124,$-8,$117,$-484,$-184,$0,$-8,$-75,$61,$2,$0
