,Date,Stock Price,Book Value per Share,Price to Book Ratio,TTM Sales per Share,Price to Sales Ratio,TTM FCF per Share,Price to FCF Ratio,TTM Net EPS,PE Ratio,Current Assets,Current Liabilities,Current Ratio,Long Term Debt,Shareholder's Equity_x,Debt to Equity Ratio,TTM Revenue_x,TTM Gross Profit,Gross Margin,TTM Revenue_y,TTM Operating Income,Operating Margin,TTM Revenue_x,TTM EBIT,EBIT Margin,TTM Revenue_y,TTM EBITDA,EBITDA Margin,TTM Revenue_x,TTM Pre-Tax Income,Pre-Tax Margin,TTM Revenue_y,TTM Net Income_x,Net Margin,TTM Net Income_y,Shareholder's Equity_y,Return on Equity,TTM Net Income_x,Tangible Equity,Return on Tangible Equity,TTM Net Income_y,Total Assets,Return on Assets,TTM Net Income,LT Investments & Debt,Return on Investment,revenue,cost-goods-sold,gross-profit,research-development-expenses,selling-general-administrative-expenses,operating-expenses,operating-income,total-non-operating-income-expense,pre-tax-income,total-provision-income-taxes,income-after-taxes,income-from-continuous-operations,net-income,ebitda,ebit,basic-shares-outstanding,shares-outstanding,eps-basic-net-earnings-per-share,eps-earnings-per-share-diluted,cash-on-hand,inventory,other-current-assets,total-current-assets,net-property-plant-equipment,long-term-investments,goodwill-intangible-assets-total,other-long-term-assets,total-long-term-assets,total-assets,total-current-liabilities,long-term-debt,other-non-current-liabilities,total-long-term-liabilities,total-liabilities,common-stock-net,retained-earnings-accumulated-deficit,comprehensive-income,total-share-holder-equity,total-liabilities-share-holders-equity,net-income-loss,total-depreciation-amortization-cash-flow,other-non-cash-items,total-non-cash-items,change-in-accounts-receivable,change-in-inventories,change-in-accounts-payable,change-in-assets-liabilities,total-change-in-assets-liabilities,cash-flow-from-operating-activities,net-change-in-property-plant-equipment,net-change-in-intangible-assets,net-acquisitions-divestitures,net-change-in-short-term-investments,net-change-in-long-term-investments,net-change-in-investments-total,investing-activities-other,cash-flow-from-investing-activities,net-long-term-debt,net-current-debt,debt-issuance-retirement-net-total,net-common-equity-issued-repurchased,net-total-equity-issued-repurchased,total-common-preferred-stock-dividends-paid,financial-activities-other,cash-flow-from-financial-activities,net-cash-flow,stock-based-compensation,common-stock-dividends-paid
0,2018-09-30,207.29,$22.40,9.25,$33.98,6.1,$36.43,5.69,$3.70,56.02,$38.32B,$12.43B,3.08,$29.35B,$14.35B,2.05,$23.32B,$19.26B,82.57%,$23.32B,$10.13B,43.42%,$23.32B,$10.13B,43.42%,$23.32B,$12.03B,51.59%,$23.32B,$9.57B,41.06%,$23.32B,$2.20B,9.44%,$2.20B,$14.35B,12.56%,$2.20B,$-8.12B,-39.26%,$2.20B,$67.33B,3.08%,$10.13B,$43.70B,20.54%,$5904,$1037,$4867,$926,$1293,$3581,$2323,$-229,$2094,$235,$1859,$1859,$1859,$2824,$2323,$645,649,$2.88,$2.86,$29921,$3017,$1941,$38320,$4899,$0,$22466,$1648,$29013,$67333,$12432,$29350,$10224,$40552,$52984,$31145,$-15987,$-809,$14349,$67333,$6466,$1456,$342,$1798,$-234,$-93,$-311,$-110,$-162,$8102,$-513,$0,$197,$19323,$0,$19323,$-31,$18976,$-500,$0,$-500,$-15670,$-15670,$-2667,$-85,$-18922,$8156,$224,$-2667
1,2018-06-30,183.36,$22.97,7.98,$32.76,5.6,$35.18,5.21,$3.60,50.93,$37.97B,$11.21B,3.39,$30.21B,$14.91B,2.03,$23.19B,$19.17B,82.68%,$23.19B,$10.24B,44.17%,$23.19B,$10.24B,44.17%,$23.19B,$12.11B,52.23%,$23.19B,$9.86B,42.53%,$23.19B,$2.36B,10.19%,$2.36B,$14.91B,10.75%,$2.36B,$-8.26B,-164.82%,$2.36B,$67.68B,3.16%,$10.24B,$45.12B,18.66%,$6059,$1024,$5035,$869,$1353,$3227,$2832,$-185,$2647,$351,$2296,$2296,$2296,$3316,$2832,$656,660,$3.50,$3.48,$29395,$3063,$2008,$37970,$4922,$0,$23167,$1625,$29714,$67684,$11205,$30209,$10206,$41570,$52775,$31048,$-15266,$-873,$14909,$67684,$4607,$955,$67,$1022,$-348,$-135,$-329,$-232,$-800,$4829,$-342,$0,$197,$17983,$0,$17983,$6,$17844,$-500,$0,$-500,$-13941,$-13941,$-1816,$-85,$-16342,$6331,$147,$-1816
2,2018-03-31,168.07,$23.44,7.17,$31.45,5.34,$34.28,4.9,$3.03,55.47,$40.69B,$10.48B,3.88,$33.36B,$15.62B,2.14,$22.94B,$18.92B,82.49%,$22.94B,$10.11B,44.06%,$22.94B,$10.11B,44.06%,$22.94B,$12.01B,52.36%,$22.94B,$9.76B,42.53%,$22.94B,$2.22B,9.67%,$2.22B,$15.62B,8.47%,$2.22B,$-7.93B,89.51%,$2.22B,$71.16B,2.85%,$10.11B,$48.98B,16.86%,$5554,$944,$4610,$760,$1127,$2828,$2726,$-107,$2619,$308,$2311,$2311,$2311,$3197,$2726,$707,711,$3.27,$3.25,$32172,$2952,$1932,$40689,$4943,$0,$23550,$1982,$30475,$71164,$10479,$33358,$10492,$45065,$55544,$31001,$-14387,$-994,$15620,$71164,$2311,$471,$26,$497,$-384,$-107,$-278,$272,$-81,$2727,$-155,$0,$197,$14862,$0,$14862,$2,$14906,$0,$0,$0,$-10697,$-10697,$-951,$-44,$-11692,$5941,$54,$-951
3,2017-12-31,170.19,$34.95,4.87,$31.02,5.49,$33.66,5.06,$2.57,66.22,$49.48B,$9.02B,5.49,$34.19B,$25.24B,1.36,$22.85B,$18.78B,82.19%,$22.85B,$9.97B,43.65%,$22.85B,$9.97B,43.65%,$22.85B,$11.93B,52.20%,$22.85B,$9.60B,42.00%,$22.85B,$1.98B,8.66%,$1.98B,$25.24B,6.61%,$1.98B,$1.87B,33.25%,$1.98B,$79.95B,2.49%,$9.97B,$59.43B,15.85%,$5802,$1059,$4743,$1043,$1427,$3557,$2245,$-31,$2214,$6478,$-4264,$-4264,$-4264,$2694,$2245,$731,735,$-5.81,$-5.77,$41678,$2834,$1727,$49476,$4989,$0,$23370,$2119,$30478,$79954,$9020,$34190,$10337,$45693,$54713,$30992,$-5072,$-679,$25241,$79954,$1979,$1955,$-667,$1288,$-58,$133,$424,$-24,$7910,$11177,$-653,$0,$-19,$-3193,$0,$-3193,$-159,$-4024,$71,$0,$71,$-3160,$-3160,$-3365,$-140,$-6594,$559,$329,$-3365
4,2017-09-30,181.25,$44.36,4.09,$31.03,5.84,$32.20,5.63,$11.05,16.4,$49.75B,$8.19B,6.07,$33.78B,$32.23B,1.05,$23.01B,$18.94B,82.28%,$23.01B,$10.21B,44.38%,$23.01B,$10.21B,44.38%,$23.01B,$12.28B,53.35%,$23.01B,$9.67B,42.00%,$23.01B,$8.18B,35.54%,$8.18B,$32.23B,26.28%,$8.18B,$8.58B,122.16%,$8.18B,$80.33B,10.37%,$10.21B,$66.01B,16.19%,$5773,$990,$4783,$877,$1170,$3334,$2439,$-58,$2381,$360,$2021,$2021,$2021,$2903,$2439,$728,733,$2.78,$2.76,$41351,$2927,$2070,$49752,$4914,$0,$23649,$2016,$30579,$80331,$8193,$33777,$4001,$39909,$48102,$30898,$1774,$-443,$32229,$80331,$6243,$1506,$246,$1752,$-229,$-54,$-50,$-110,$170,$8165,$-511,$0,$0,$-3316,$0,$-3316,$-119,$-3946,$-920,$1499,$579,$-2371,$-2371,$-2531,$-137,$-4460,$-241,$244,$-2531
5,2017-06-30,166.3,$43.41,3.83,$30.87,5.39,$30.71,5.42,$10.97,15.16,$48.44B,$7.82B,6.2,$33.60B,$31.72B,1.06,$23.05B,$18.94B,82.15%,$23.05B,$10.30B,44.69%,$23.05B,$10.30B,44.69%,$23.05B,$12.41B,53.82%,$23.05B,$9.70B,42.10%,$23.05B,$8.17B,35.46%,$8.17B,$31.72B,26.58%,$8.17B,$7.40B,139.26%,$8.17B,$79.59B,10.44%,$10.30B,$65.33B,16.64%,$5810,$1024,$4786,$873,$1209,$3112,$2698,$-156,$2542,$391,$2151,$2151,$2151,$3216,$2698,$734,738,$2.93,$2.91,$39227,$2961,$2694,$48442,$4980,$0,$24327,$1838,$31145,$79587,$7815,$33603,$4148,$40050,$47865,$30793,$1378,$-449,$31722,$79587,$4222,$1042,$85,$1127,$-391,$-90,$-43,$-194,$-638,$4711,$-353,$0,$0,$-1535,$0,$-1535,$-82,$-1970,$-920,$959,$39,$-1562,$-1562,$-1693,$-137,$-3353,$-612,$156,$-1693
6,2017-03-31,157.29,$41.62,3.78,$30.53,5.15,$30.42,5.17,$10.53,14.94,$46.46B,$10.52B,4.42,$30.29B,$30.64B,0.99,$22.93B,$18.79B,81.94%,$22.93B,$9.98B,43.54%,$22.93B,$9.98B,43.54%,$22.93B,$12.09B,52.73%,$22.93B,$9.37B,40.85%,$22.93B,$7.89B,34.43%,$7.89B,$30.64B,26.00%,$7.89B,$5.96B,155.14%,$7.89B,$77.86B,10.21%,$9.98B,$60.93B,16.61%,$5464,$996,$4468,$769,$1064,$2873,$2591,$-131,$2460,$389,$2071,$2071,$2071,$3115,$2591,$737,741,$2.81,$2.79,$38398,$2871,$1939,$46456,$4960,$0,$24679,$1767,$31406,$77862,$10523,$30293,$4039,$36702,$47225,$30766,$233,$-362,$30637,$77862,$2071,$524,$-2,$522,$-47,$-125,$-20,$-408,$-208,$2385,$-168,$0,$0,$63,$0,$63,$-52,$-157,$-605,$0,$-605,$-586,$-586,$-847,$-73,$-2111,$117,$60,$-847
7,2016-12-31,139.21,$40.47,3.44,$30.42,4.58,$29.75,4.68,$10.24,13.6,$46.01B,$11.20B,4.11,$30.19B,$29.88B,1.01,$22.99B,$18.83B,81.90%,$22.99B,$9.79B,42.60%,$22.99B,$9.79B,42.60%,$22.99B,$11.90B,51.76%,$22.99B,$9.16B,39.85%,$22.99B,$7.72B,33.59%,$7.72B,$29.88B,25.86%,$7.72B,$4.85B,183.62%,$7.72B,$77.63B,10.08%,$9.79B,$60.07B,16.31%,$5965,$1067,$4898,$1078,$1323,$3480,$2485,$-202,$2283,$348,$1935,$1935,$1935,$3044,$2485,$748,754,$2.61,$2.59,$38085,$2745,$2015,$46010,$4961,$0,$25030,$1625,$31616,$77626,$11204,$30193,$3918,$36547,$47751,$30784,$-438,$-471,$29875,$77626,$7722,$2105,$526,$2631,$-214,$-80,$-44,$-128,$1,$10354,$-660,$0,$0,$-7677,$0,$-7677,$-321,$-8658,$3593,$0,$3593,$-2965,$-2965,$-2998,$-229,$-2599,$-903,$311,$-2998
8,2016-09-30,157.75,$41.32,3.82,$29.74,5.3,$29.17,5.41,$10.02,15.74,$45.84B,$10.54B,4.35,$30.53B,$30.77B,0.99,$22.56B,$18.40B,81.54%,$22.56B,$9.34B,41.41%,$22.56B,$9.34B,41.41%,$22.56B,$11.43B,50.66%,$22.56B,$8.79B,38.97%,$22.56B,$7.59B,33.63%,$7.59B,$30.77B,25.79%,$7.59B,$5.28B,222.62%,$7.59B,$78.15B,10.11%,$9.34B,$61.30B,15.74%,$5811,$1027,$4784,$990,$1244,$3284,$2527,$-109,$2418,$401,$2017,$2017,$2017,$3030,$2527,$747,753,$2.70,$2.68,$37980,$2681,$1997,$45844,$4912,$0,$25492,$1902,$32306,$78150,$10542,$30526,$3897,$36835,$47377,$30691,$221,$-139,$30773,$78150,$5787,$1546,$395,$1941,$-192,$-125,$-147,$-335,$-474,$7254,$-511,$0,$0,$-6678,$0,$-6678,$-247,$-7436,$3988,$0,$3988,$-1982,$-1982,$-2251,$-232,$-477,$-659,$222,$-2251
9,2016-06-30,143.07,$40.24,3.56,$29.51,4.85,$30.09,4.75,$9.78,14.63,$42.95B,$10.83B,3.97,$27.93B,$30.13B,0.93,$22.47B,$18.30B,81.43%,$22.47B,$9.15B,40.73%,$22.47B,$9.15B,40.73%,$22.47B,$11.26B,50.11%,$22.47B,$8.57B,38.12%,$22.47B,$7.43B,33.07%,$7.43B,$30.13B,25.88%,$7.43B,$4.27B,296.40%,$7.43B,$75.47B,10.12%,$9.15B,$58.06B,15.61%,$5688,$1050,$4638,$900,$1292,$3308,$2380,$-176,$2204,$334,$1870,$1870,$1870,$2902,$2380,$751,756,$2.49,$2.47,$35034,$2671,$2164,$42947,$4884,$0,$25867,$1773,$32524,$75471,$10830,$27928,$3982,$34508,$45338,$30595,$-356,$-106,$30133,$75471,$3770,$1043,$426,$1469,$-119,$-156,$-100,$-330,$-647,$4592,$-344,$-99,$0,$-4567,$0,$-4567,$-37,$-5047,$1908,$0,$1908,$-1218,$-1218,$-1504,$-245,$-1059,$-1514,$139,$-1504
10,2016-03-31,140.06,$38.18,3.67,$28.98,4.83,$30.64,4.57,$9.46,14.81,$42.21B,$8.52B,4.95,$32.06B,$28.68B,1.12,$22.16B,$17.94B,80.99%,$22.16B,$8.85B,39.94%,$22.16B,$8.85B,39.94%,$22.16B,$10.96B,49.44%,$22.16B,$8.36B,37.73%,$22.16B,$7.22B,32.57%,$7.22B,$28.68B,25.72%,$7.22B,$2.43B,441.48%,$7.22B,$75.12B,9.97%,$8.85B,$60.74B,15.08%,$5527,$1018,$4509,$872,$1203,$3125,$2402,$-144,$2258,$358,$1900,$1900,$1900,$2923,$2402,$753,760,$2.52,$2.50,$34740,$2572,$1816,$42206,$4885,$0,$26252,$1773,$32910,$75116,$8523,$32060,$3649,$37911,$46434,$30588,$-1638,$-268,$28682,$75116,$1900,$521,$119,$640,$-98,$-133,$-150,$-249,$-625,$1915,$-156,$0,$0,$-4239,$0,$-4239,$5,$-4390,$2784,$0,$2784,$-676,$-676,$-752,$-129,$1227,$-1248,$52,$-752
11,2015-12-31,150.58,$37.25,4.04,$28.25,5.33,$30.10,5.0,$9.07,16.6,$38.52B,$8.66B,4.45,$29.18B,$28.08B,1.04,$21.66B,$17.44B,80.49%,$21.66B,$8.47B,39.10%,$21.66B,$8.47B,39.10%,$21.66B,$10.58B,48.83%,$21.66B,$7.98B,36.83%,$21.66B,$6.94B,32.03%,$6.94B,$28.08B,25.22%,$6.94B,$1.66B,765.05%,$6.94B,$71.45B,9.79%,$8.47B,$57.27B,14.71%,$5536,$1071,$4465,$1093,$1416,$3503,$2033,$-120,$1913,$113,$1800,$1800,$1800,$2575,$2033,$758,766,$2.38,$2.36,$31382,$2435,$1703,$38515,$4907,$0,$26428,$1599,$32934,$71449,$8664,$29182,$3281,$34702,$43366,$30649,$-2086,$-480,$28083,$71449,$6939,$2108,$-431,$1677,$-420,$481,$-12,$155,$1115,$9731,$-320,$0,$-359,$-4421,$0,$-4421,$-447,$-5547,$1065,$0,$1065,$-1867,$-1867,$-2396,$-573,$-3771,$413,$322,$-2396
12,2015-09-30,127.51,$37.05,3.44,$27.94,4.56,$28.51,4.47,$8.38,15.22,$38.84B,$7.17B,5.42,$30.51B,$27.97B,1.09,$21.46B,$17.12B,79.78%,$21.46B,$7.90B,36.80%,$21.46B,$7.90B,36.80%,$21.46B,$9.99B,46.54%,$21.46B,$7.35B,34.26%,$21.46B,$6.43B,29.98%,$6.43B,$27.97B,23.88%,$6.43B,$1.68B,9530.37%,$6.43B,$71.87B,9.16%,$7.90B,$58.48B,13.79%,$5723,$1034,$4689,$1119,$1244,$3384,$2339,$-147,$2192,$329,$1863,$1863,$1863,$2862,$2339,$757,764,$2.46,$2.44,$31120,$2531,$2292,$38844,$4988,$0,$26287,$1750,$33025,$71869,$7165,$30511,$3117,$36737,$43902,$30556,$-2352,$-237,$27967,$71869,$5139,$1566,$17,$1583,$-302,$284,$-74,$192,$936,$7658,$-118,$0,$0,$-4829,$0,$-4829,$-367,$-5314,$1189,$0,$1189,$-1684,$-1684,$-1800,$-554,$-2849,$-505,$242,$-1800
13,2015-06-30,141.0,$36.21,3.89,$26.98,5.23,$25.90,5.44,$7.55,18.68,$37.74B,$6.89B,5.48,$30.70B,$27.48B,1.12,$20.77B,$16.39B,78.94%,$20.77B,$7.02B,33.82%,$20.77B,$7.02B,33.82%,$20.77B,$9.13B,43.99%,$20.77B,$6.50B,31.28%,$20.77B,$5.81B,28.00%,$5.81B,$27.48B,22.13%,$5.81B,$0.77B,-581.40%,$5.81B,$71.21B,8.31%,$7.02B,$58.19B,12.41%,$5370,$1089,$4281,$964,$1160,$3294,$2076,$-79,$1997,$344,$1653,$1653,$1653,$2595,$2076,$760,768,$2.18,$2.15,$29993,$2567,$2397,$37736,$5050,$0,$26711,$1712,$33473,$71209,$6891,$30702,$2905,$36834,$43725,$30464,$-2912,$-68,$27484,$71209,$3276,$1043,$39,$1082,$-199,$196,$-198,$85,$408,$4766,$-25,$-50,$0,$-3009,$0,$-3009,$-227,$-3311,$1314,$0,$1314,$-940,$-940,$-1201,$-564,$-1391,$64,$160,$-1201
14,2015-03-31,146.09,$34.86,4.19,$26.73,5.47,$23.66,6.17,$7.41,19.72,$35.06B,$6.34B,5.53,$29.84B,$26.51B,1.13,$20.58B,$16.21B,78.78%,$20.58B,$6.85B,33.29%,$20.58B,$6.85B,33.29%,$20.58B,$8.95B,43.48%,$20.58B,$6.26B,30.41%,$20.58B,$5.71B,27.74%,$5.71B,$26.51B,22.39%,$5.71B,$-0.48B,-261.42%,$5.71B,$68.95B,8.20%,$6.85B,$56.35B,12.27%,$5033,$1033,$4000,$894,$1026,$3011,$2022,$-146,$1876,$253,$1623,$1623,$1623,$2546,$2022,$761,770,$2.13,$2.11,$27118,$2686,$2712,$35064,$5123,$0,$26986,$1779,$33888,$68952,$6336,$29841,$2939,$36110,$42446,$30420,$-4051,$137,$26506,$68952,$1623,$524,$-18,$506,$-9,$51,$-217,$-139,$-647,$1482,$-118,$0,$0,$-731,$0,$-731,$-103,$-952,$-125,$0,$-125,$-464,$-464,$-599,$-209,$-1397,$-867,$70,$-599
15,2014-12-31,144.83,$33.90,4.27,$26.08,5.55,$23.15,6.25,$6.70,21.62,$34.71B,$7.01B,4.95,$30.22B,$25.78B,1.17,$20.06B,$15.64B,77.96%,$20.06B,$6.19B,30.86%,$20.06B,$6.19B,30.86%,$20.06B,$8.28B,41.28%,$20.06B,$5.59B,27.84%,$20.06B,$5.16B,25.71%,$5.16B,$25.78B,21.00%,$5.16B,$-1.70B,-148.31%,$5.16B,$69.01B,7.47%,$6.19B,$55.99B,11.29%,$5331,$1183,$4148,$1234,$1327,$3872,$1459,$-173,$1286,$-8,$1294,$1294,$1294,$1984,$1459,$759,770,$1.71,$1.68,$27026,$2647,$2494,$34713,$5223,$0,$27481,$1592,$34296,$69009,$7008,$30215,$2547,$36223,$43231,$30410,$-4624,$-8,$25778,$69009,$5158,$2092,$356,$2448,$136,$327,$228,$-1,$1346,$8952,$-715,$-285,$-165,$-4982,$0,$-4982,$395,$-5752,$-1129,$0,$-1129,$48,$48,$-1851,$-342,$-3274,$-74,$408,$-1851
16,2014-09-30,127.23,$33.30,3.82,$25.71,4.95,$19.80,6.43,$6.35,20.04,$36.05B,$8.55B,4.22,$30.48B,$25.33B,1.2,$19.74B,$15.48B,78.38%,$19.74B,$5.92B,29.98%,$19.74B,$5.92B,29.98%,$19.74B,$7.93B,40.17%,$19.74B,$5.31B,26.91%,$19.74B,$4.89B,24.74%,$4.89B,$25.33B,20.67%,$4.89B,$-2.59B,-106.53%,$4.89B,$70.78B,7.15%,$5.92B,$55.81B,11.01%,$5031,$1068,$3963,$1018,$1213,$3565,$1466,$-129,$1337,$93,$1244,$1244,$1244,$2009,$1466,$761,771,$1.63,$1.61,$28075,$2885,$2733,$36048,$5267,$0,$27915,$1545,$34727,$70775,$8551,$30480,$6419,$36899,$45450,$30127,$-4698,$-104,$25325,$70775,$3864,$1567,$338,$1905,$345,$99,$104,$-120,$341,$6110,$-515,$-150,$-115,$-5809,$0,$-5809,$463,$-6126,$996,$0,$996,$153,$153,$-1387,$126,$-112,$-128,$302,$-1387
17,2014-06-30,106.71,$32.11,3.32,$25.38,4.2,$17.72,6.02,$6.53,16.34,$34.33B,$7.87B,4.36,$30.83B,$24.38B,1.26,$19.46B,$15.47B,79.51%,$19.46B,$6.14B,31.56%,$19.46B,$6.14B,31.56%,$19.46B,$7.90B,40.58%,$19.46B,$5.48B,28.16%,$19.46B,$5.01B,25.74%,$5.01B,$24.38B,22.03%,$5.01B,$-3.96B,-194.94%,$5.01B,$69.53B,7.71%,$6.14B,$55.21B,11.80%,$5180,$1081,$4099,$1018,$1136,$3278,$1902,$-144,$1758,$211,$1547,$1547,$1547,$2408,$1902,$759,768,$2.04,$2.01,$26188,$2954,$2489,$34328,$5371,$0,$28343,$1492,$35206,$69534,$7866,$30828,$6458,$37286,$45152,$29981,$-5476,$-123,$24382,$69534,$2620,$1024,$200,$1224,$0,$40,$125,$-11,$-475,$3369,$-345,$0,$-115,$-3161,$0,$-3161,$398,$-3223,$1121,$0,$1121,$99,$99,$-923,$104,$401,$547,$199,$-923
18,2014-03-31,110.58,$30.04,3.68,$24.76,4.47,$16.83,6.57,$6.17,17.92,$28.30B,$8.20B,3.45,$29.52B,$22.74B,1.3,$18.96B,$15.27B,80.53%,$18.96B,$5.79B,30.53%,$18.96B,$5.79B,30.53%,$18.96B,$7.32B,38.59%,$18.96B,$5.13B,27.04%,$18.96B,$4.72B,24.90%,$4.72B,$22.74B,21.66%,$4.72B,$-5.66B,-909.00%,$4.72B,$67.00B,7.78%,$5.79B,$52.26B,11.73%,$4521,$1090,$3431,$1027,$1023,$3157,$1364,$-160,$1204,$131,$1073,$1073,$1073,$1882,$1364,$757,768,$1.42,$1.40,$19802,$2966,$3020,$28302,$5365,$3414,$28398,$1525,$38702,$67004,$8203,$29519,$6541,$36060,$44263,$29890,$-7023,$-126,$22741,$67004,$1073,$518,$79,$597,$180,$-3,$92,$-181,$-528,$1142,$-172,$0,$-104,$-116,$0,$-116,$-373,$-765,$-125,$0,$-125,$38,$38,$-460,$52,$-495,$-118,$87,$-460
19,2013-12-31,101.76,$29.28,3.48,$24.42,4.17,$16.74,6.08,$6.65,15.3,$27.37B,$7.95B,3.44,$29.62B,$22.10B,1.34,$18.68B,$15.33B,82.08%,$18.68B,$5.87B,31.41%,$18.68B,$5.87B,31.41%,$18.68B,$7.15B,38.30%,$18.68B,$5.27B,28.19%,$18.68B,$5.08B,27.21%,$5.08B,$22.10B,24.22%,$5.08B,$-6.13B,309.35%,$5.08B,$66.13B,8.94%,$5.87B,$51.72B,12.45%,$5011,$1029,$3982,$1249,$1521,$3824,$1187,$-173,$1014,$-7,$1021,$1021,$1021,$1631,$1187,$753,765,$1.36,$1.32,$19401,$3019,$2250,$27367,$5349,$3412,$28230,$1767,$38758,$66125,$7947,$29623,$2961,$36082,$44029,$29891,$-7634,$-161,$22096,$66125,$5081,$1286,$317,$1603,$-38,$-7,$60,$-59,$-393,$6291,$-673,$0,$-9434,$2248,$0,$2248,$-610,$-8469,$4683,$0,$4683,$-536,$-536,$-1415,$-6,$2726,$548,$403,$-1415
20,2013-09-30,99.43,$28.81,3.45,$23.49,4.23,$15.99,6.22,$6.33,15.71,$30.68B,$4.84B,6.33,$27.18B,$21.73B,1.25,$18.09B,$14.85B,82.09%,$18.09B,$5.77B,31.89%,$18.09B,$5.77B,31.89%,$18.09B,$6.88B,38.06%,$18.09B,$5.17B,28.61%,$18.09B,$4.85B,26.81%,$4.85B,$21.73B,23.98%,$4.85B,$5.47B,128.14%,$4.85B,$57.07B,8.99%,$5.77B,$48.91B,12.83%,$4748,$788,$3960,$989,$1249,$3060,$1688,$-185,$1503,$135,$1368,$1368,$1368,$1976,$1688,$754,766,$1.81,$1.79,$22558,$2838,$2049,$30675,$5283,$3411,$16254,$1450,$26398,$57073,$4843,$27178,$3324,$30502,$35345,$29665,$-7840,$-97,$21728,$57073,$4060,$842,$423,$1265,$-132,$-71,$6,$-174,$-869,$4456,$-492,$0,$0,$2711,$0,$2711,$-570,$1649,$574,$0,$574,$-564,$-564,$-1061,$-30,$-1081,$5024,$304,$-1061
21,2013-06-30,87.26,$27.35,3.19,$22.80,3.83,$16.67,5.24,$5.95,14.67,$29.67B,$4.78B,6.2,$23.91B,$20.59B,1.16,$17.66B,$14.43B,81.73%,$17.66B,$5.50B,31.17%,$17.66B,$5.50B,31.17%,$17.66B,$6.62B,37.48%,$17.66B,$4.93B,27.94%,$17.66B,$4.59B,25.98%,$4.59B,$20.59B,23.21%,$4.59B,$4.24B,138.03%,$4.59B,$52.61B,8.57%,$5.50B,$44.50B,12.59%,$4679,$785,$3894,$967,$1256,$3129,$1550,$-145,$1405,$147,$1258,$1258,$1258,$1827,$1550,$752,764,$1.67,$1.65,$22018,$2773,$2208,$29673,$5293,$0,$16354,$1290,$22937,$52610,$4784,$23908,$3324,$27232,$32016,$29519,$-8854,$-71,$20594,$52610,$2692,$554,$339,$893,$-133,$-34,$117,$88,$-936,$2649,$-317,$0,$0,$4135,$0,$4135,$-50,$3768,$-2500,$0,$-2500,$-620,$-620,$-707,$-41,$-3868,$2549,$204,$-707
22,2013-03-31,90.27,$26.00,3.47,$22.38,4.03,$17.48,5.17,$5.91,15.27,$28.70B,$5.14B,5.58,$23.89B,$19.49B,1.23,$17.46B,$14.26B,81.71%,$17.46B,$5.54B,31.75%,$17.46B,$5.54B,31.75%,$17.46B,$6.65B,38.09%,$17.46B,$4.99B,28.56%,$17.46B,$4.60B,26.32%,$4.60B,$19.49B,23.66%,$4.60B,$2.99B,148.30%,$4.60B,$51.64B,8.60%,$5.54B,$43.38B,12.92%,$4238,$744,$3494,$878,$1158,$2796,$1442,$-99,$1343,$-91,$1434,$1434,$1434,$1719,$1442,$751,764,$1.91,$1.88,$21271,$2737,$2159,$28695,$5296,$0,$16501,$1148,$22945,$51640,$5142,$23885,$3122,$27007,$32149,$29465,$-10111,$137,$19491,$51640,$1434,$277,$54,$331,$19,$-12,$35,$-10,$-716,$1049,$-158,$0,$0,$1973,$0,$1973,$-6,$1809,$-2500,$0,$-2500,$-739,$-739,$-353,$7,$-3585,$-727,$92,$-353
23,2012-12-31,75.49,$25.20,3.0,$21.90,3.45,$17.35,4.35,$5.51,13.7,$31.21B,$8.19B,3.81,$24.03B,$19.06B,1.26,$17.27B,$14.07B,81.47%,$17.27B,$5.58B,32.30%,$17.27B,$5.58B,32.30%,$17.27B,$6.67B,38.60%,$17.27B,$5.01B,29.01%,$17.27B,$4.35B,25.17%,$4.35B,$19.06B,22.55%,$4.35B,$2.43B,136.72%,$4.35B,$54.30B,8.23%,$5.58B,$43.09B,13.43%,$4421,$922,$3499,$938,$1373,$3333,$1088,$-165,$923,$135,$788,$788,$788,$1361,$1088,$775,787,$1.04,$1.02,$24061,$2744,$1886,$31209,$5326,$0,$16630,$1133,$23089,$54298,$8191,$24034,$3013,$27047,$35238,$29337,$-10423,$146,$19060,$54298,$4345,$1088,$494,$1582,$348,$-150,$161,$-656,$-45,$5882,$-689,$-25,$-2390,$-6875,$0,$-6875,$-11,$-9990,$4810,$0,$4810,$-3319,$-3319,$-1118,$46,$419,$-3689,$362,$-1118
24,2012-09-30,73.51,$25.91,2.84,$20.64,3.56,$15.74,4.67,$5.59,13.15,$32.61B,$8.37B,3.9,$24.02B,$19.90B,1.21,$16.82B,$13.60B,80.89%,$16.82B,$5.65B,33.60%,$16.82B,$5.65B,33.60%,$16.82B,$6.73B,40.00%,$16.82B,$5.14B,30.55%,$16.82B,$4.49B,26.71%,$4.49B,$19.90B,23.32%,$4.49B,$3.63B,119.94%,$4.49B,$55.45B,8.73%,$5.65B,$43.92B,13.83%,$4319,$775,$3544,$880,$1131,$2896,$1423,$-160,$1263,$156,$1107,$1107,$1107,$1710,$1423,$771,783,$1.44,$1.41,$25374,$2769,$1766,$32605,$5381,$0,$16269,$1193,$22843,$55448,$8367,$24020,$3159,$27179,$35546,$29103,$-9348,$147,$19902,$55448,$3557,$815,$199,$1014,$198,$-175,$0,$213,$499,$5070,$-489,$0,$-1990,$-5442,$0,$-5442,$-38,$-7959,$4831,$0,$4831,$-2261,$-2261,$-844,$40,$1766,$-1123,$271,$-844
25,2012-06-30,63.31,$25.01,2.53,$19.43,3.26,$13.38,4.73,$4.68,13.53,$29.56B,$8.03B,3.68,$21.96B,$19.24B,1.14,$16.44B,$13.40B,81.49%,$16.44B,$4.75B,28.91%,$16.44B,$4.75B,28.91%,$16.44B,$5.81B,35.32%,$16.44B,$4.33B,26.32%,$16.44B,$3.84B,23.34%,$3.84B,$19.24B,19.02%,$3.84B,$3.34B,75.09%,$3.84B,$52.23B,7.83%,$4.75B,$41.20B,12.12%,$4477,$752,$3725,$826,$1231,$2888,$1589,$-132,$1457,$191,$1266,$1266,$1266,$1858,$1589,$776,785,$1.63,$1.61,$22475,$2592,$1787,$29562,$5437,$0,$15898,$1329,$22664,$52226,$8032,$21962,$2993,$24955,$32987,$28468,$-9380,$151,$19239,$52226,$2450,$528,$41,$569,$187,$-68,$188,$423,$328,$3347,$-316,$0,$-1671,$-2700,$0,$-2700,$-99,$-4786,$2877,$0,$2877,$-1996,$-1996,$-565,$26,$342,$-1097,$180,$-565
26,2012-03-31,58.72,$24.16,2.43,$17.97,3.27,$12.02,4.88,$4.32,13.59,$26.86B,$8.30B,3.24,$19.03B,$18.87B,1.01,$15.92B,$13.03B,81.83%,$15.92B,$4.50B,28.23%,$15.92B,$4.50B,28.23%,$15.92B,$5.54B,34.80%,$15.92B,$4.21B,26.44%,$15.92B,$3.74B,23.50%,$3.74B,$18.87B,17.19%,$3.74B,$3.31B,53.19%,$3.74B,$49.25B,7.84%,$4.50B,$37.90B,12.52%,$4048,$750,$3298,$736,$1079,$2571,$1477,$-111,$1366,$182,$1184,$1184,$1184,$1736,$1477,$791,800,$1.50,$1.48,$19374,$2499,$1994,$26855,$5392,$0,$15566,$1437,$22395,$49250,$8298,$19028,$3050,$22078,$30376,$28212,$-9444,$106,$18874,$49250,$1184,$259,$142,$401,$-92,$-16,$226,$-133,$-613,$972,$-144,$0,$-969,$-1233,$0,$-1233,$0,$-2346,$-84,$0,$-84,$-1001,$-1001,$-285,$5,$-1365,$-2739,$75,$-285
27,2011-12-31,55.18,$23.92,2.31,$16.84,3.28,$11.98,4.61,$4.04,13.66,$27.59B,$5.75B,4.8,$21.34B,$19.03B,1.12,$15.58B,$12.87B,82.62%,$15.58B,$4.31B,27.67%,$15.58B,$4.31B,27.67%,$15.58B,$5.37B,34.48%,$15.58B,$4.15B,26.63%,$15.58B,$3.68B,23.64%,$3.68B,$19.03B,15.81%,$3.68B,$4.70B,41.49%,$3.68B,$48.87B,7.99%,$4.31B,$40.37B,12.98%,$3973,$937,$3036,$851,$1221,$2811,$1162,$-111,$1051,$117,$934,$934,$934,$1423,$1162,$905,912,$1.10,$1.09,$20641,$2484,$1572,$27593,$5420,$0,$14334,$1524,$21278,$48871,$5754,$21344,$2744,$24088,$29842,$27777,$-8919,$171,$19029,$48871,$3683,$1060,$82,$1142,$-557,$-383,$-95,$576,$294,$5119,$-567,$0,$-701,$437,$0,$437,$45,$-786,$7887,$0,$7887,$-8073,$-8073,$-500,$12,$-674,$3659,$341,$-500
28,2011-09-30,47.0,$26.80,1.75,$16.47,2.85,$12.38,3.8,$4.03,11.66,$24.43B,$5.32B,4.6,$13.88B,$23.55B,0.59,$15.45B,$13.11B,84.83%,$15.45B,$4.22B,27.30%,$15.45B,$4.22B,27.30%,$15.45B,$5.28B,34.16%,$15.45B,$4.10B,26.52%,$15.45B,$3.77B,24.41%,$3.77B,$23.55B,15.38%,$3.77B,$9.10B,36.62%,$3.77B,$45.77B,8.43%,$4.22B,$37.43B,13.25%,$3944,$605,$3339,$761,$1125,$3419,$525,$-71,$454,$0,$454,$454,$454,$790,$525,$907,914,$0.50,$0.50,$17676,$2357,$1672,$24430,$5391,$0,$14451,$1493,$21335,$45765,$5315,$13881,$3016,$16897,$22212,$27602,$-4167,$118,$23553,$45765,$2749,$799,$276,$1075,$-386,$-273,$-5,$-243,$-289,$3535,$-343,$0,$-701,$467,$0,$467,$11,$-566,$473,$300,$773,$-2891,$-2891,$-255,$8,$-2365,$604,$245,$-255
29,2011-06-30,49.63,$27.72,1.79,$16.12,3.08,$12.40,4.0,$4.81,10.32,$25.48B,$4.58B,5.56,$2.28B,$25.61B,0.09,$15.32B,$13.00B,84.83%,$15.32B,$5.17B,33.76%,$15.32B,$5.17B,33.76%,$15.32B,$6.22B,40.60%,$15.32B,$5.08B,33.14%,$15.32B,$4.55B,29.72%,$4.55B,$25.61B,18.47%,$4.55B,$11.04B,42.84%,$4.55B,$46.94B,10.31%,$5.17B,$27.89B,17.79%,$3959,$602,$3357,$819,$1130,$2627,$1332,$7,$1339,$169,$1170,$1170,$1170,$1593,$1332,$927,935,$1.26,$1.25,$19172,$2230,$1366,$25481,$5516,$0,$14576,$1363,$21455,$46936,$4582,$2279,$14461,$16740,$21322,$27514,$-1945,$45,$25614,$46936,$2295,$534,$138,$672,$-369,$-194,$121,$51,$-401,$2566,$-223,$0,$-701,$1220,$0,$1220,$-5,$291,$473,$0,$473,$-632,$-632,$0,$13,$-146,$2711,$174,$0
30,2011-03-31,45.46,$26.78,1.7,$15.83,2.87,$12.19,3.73,$4.81,9.45,$21.69B,$4.25B,5.1,$2.25B,$24.98B,0.09,$15.17B,$12.89B,84.99%,$15.17B,$5.36B,35.32%,$15.17B,$5.36B,35.32%,$15.17B,$6.40B,42.16%,$15.17B,$5.20B,34.30%,$15.17B,$4.59B,30.23%,$4.59B,$24.98B,19.07%,$4.59B,$10.67B,44.85%,$4.59B,$42.71B,10.75%,$5.36B,$27.23B,18.83%,$3706,$564,$3142,$736,$1023,$2413,$1293,$13,$1306,$181,$1125,$1125,$1125,$1566,$1293,$933,941,$1.21,$1.20,$15358,$2098,$1716,$21689,$5455,$0,$14312,$1258,$21025,$42714,$4249,$2246,$11235,$13481,$17730,$27376,$-2383,$-9,$24984,$42714,$1125,$273,$91,$364,$-181,$-78,$104,$-62,$-459,$1030,$-100,$0,$-403,$-46,$0,$-46,$-6,$-555,$-2500,$0,$-2500,$2,$2,$0,$2,$-2496,$-2021,$77,$0
31,2010-12-31,46.69,$25.69,1.82,$15.53,3.01,$12.03,3.88,$4.79,9.75,$23.13B,$6.57B,3.52,$10.87B,$23.94B,0.45,$15.05B,$12.83B,85.25%,$15.05B,$5.55B,36.84%,$15.05B,$5.55B,36.84%,$15.05B,$6.56B,43.59%,$15.05B,$5.32B,35.32%,$15.05B,$4.63B,30.74%,$4.63B,$23.94B,19.79%,$4.63B,$10.38B,47.75%,$4.63B,$43.49B,11.00%,$5.55B,$34.82B,19.97%,$3841,$572,$3269,$854,$1156,$2773,$1068,$-69,$999,$-23,$1022,$1022,$1022,$1329,$1068,$960,965,$1.09,$1.08,$17422,$2022,$1350,$23129,$5522,$0,$13564,$1271,$20357,$43486,$6570,$10874,$2098,$12972,$19542,$27299,$-3508,$153,$23944,$43486,$4627,$1017,$460,$1477,$-210,$153,$142,$20,$-317,$5787,$-580,$0,$0,$-3475,$0,$-3475,$-97,$-4152,$2471,$0,$2471,$-3706,$-3706,$0,$3,$-1232,$403,$353,$0
32,2010-09-30,46.87,$25.28,1.85,$15.28,3.07,$12.32,3.8,$4.63,10.12,$22.93B,$6.26B,3.66,$2.26B,$24.07B,0.09,$15.02B,$12.84B,85.45%,$15.02B,$5.60B,37.28%,$15.02B,$5.60B,37.28%,$15.02B,$6.61B,44.03%,$15.02B,$5.39B,35.90%,$15.02B,$4.54B,30.20%,$4.54B,$24.07B,19.67%,$4.54B,$10.42B,48.85%,$4.54B,$43.53B,11.04%,$5.60B,$26.33B,21.65%,$3816,$587,$3229,$719,$957,$2337,$1479,$-45,$1434,$198,$1236,$1236,$1236,$1732,$1479,$958,962,$1.29,$1.28,$17049,$2044,$1394,$22930,$5643,$0,$13649,$1312,$20604,$43534,$6260,$2263,$10940,$13203,$19463,$27210,$-3394,$255,$24071,$43534,$3605,$756,$367,$1123,$-317,$164,$185,$-90,$-949,$3779,$-398,$0,$0,$-3189,$0,$-3189,$-74,$-3661,$2471,$0,$2471,$-2594,$-2594,$0,$72,$-51,$67,$248,$0
33,2010-06-30,44.74,$24.19,1.85,$15.04,2.97,$12.84,3.48,$4.71,9.5,$20.16B,$5.99B,3.37,$2.23B,$23.17B,0.1,$15.02B,$12.87B,85.72%,$15.02B,$5.73B,38.13%,$15.02B,$5.73B,38.13%,$15.02B,$6.76B,45.00%,$15.02B,$5.50B,36.62%,$15.02B,$4.69B,31.20%,$4.69B,$23.17B,20.59%,$4.69B,$9.42B,52.69%,$4.69B,$40.80B,11.59%,$5.73B,$25.40B,21.93%,$3804,$553,$3251,$675,$986,$2287,$1517,$-53,$1464,$262,$1202,$1202,$1202,$1768,$1517,$959,964,$1.25,$1.25,$14523,$2112,$1321,$20164,$5630,$0,$13755,$1251,$20636,$40800,$5992,$2232,$9406,$11638,$17630,$27119,$-4266,$317,$23170,$40800,$2369,$503,$238,$741,$-99,$120,$148,$-129,$-633,$2477,$-271,$0,$0,$-2071,$0,$-2071,$-48,$-2390,$989,$0,$989,$-2300,$-2300,$0,$52,$-1259,$-1172,$166,$0
34,2010-03-31,50.89,$23.13,2.2,$14.75,3.45,$12.80,3.98,$4.71,10.81,$19.81B,$6.56B,3.02,$2.20B,$22.34B,0.1,$14.93B,$12.80B,85.78%,$14.93B,$5.67B,37.96%,$14.93B,$5.67B,37.96%,$14.93B,$6.70B,44.89%,$14.93B,$5.39B,36.12%,$14.93B,$4.75B,31.84%,$4.75B,$22.34B,21.31%,$4.75B,$8.54B,56.93%,$4.75B,$40.37B,11.90%,$5.67B,$24.54B,21.63%,$3592,$508,$3084,$646,$884,$2111,$1481,$-61,$1420,$253,$1167,$1167,$1167,$1733,$1481,$982,988,$1.19,$1.18,$14117,$2202,$1219,$19809,$5619,$0,$13797,$1141,$20557,$40366,$6562,$2201,$9264,$11465,$18027,$27031,$-4852,$160,$22339,$40366,$1167,$252,$78,$330,$-162,$21,$0,$-43,$-584,$913,$-94,$0,$0,$-849,$0,$-849,$-12,$-955,$989,$-1587,$-598,$26,$26,$0,$-4,$-576,$-618,$68,$0
35,2009-12-31,48.11,$22.78,2.11,$14.30,3.36,$12.68,3.79,$4.51,10.67,$18.93B,$3.87B,4.89,$4.51B,$22.67B,0.2,$14.64B,$12.55B,85.72%,$14.64B,$5.51B,37.60%,$14.64B,$5.51B,37.60%,$14.64B,$6.56B,44.77%,$14.64B,$5.20B,35.54%,$14.64B,$4.61B,31.45%,$4.61B,$22.67B,21.21%,$4.61B,$8.77B,60.19%,$4.61B,$39.63B,11.75%,$5.51B,$27.18B,21.07%,$3809,$538,$3271,$891,$1180,$2686,$1123,$-48,$1075,$144,$931,$931,$931,$1380,$1123,$1016,1021,$0.93,$0.92,$13442,$2220,$1161,$18932,$5738,$0,$13902,$1057,$20697,$39629,$3873,$4512,$8577,$13089,$16962,$26944,$-4322,$45,$22667,$39629,$4605,$1049,$573,$1622,$-36,$-134,$71,$-3,$109,$6336,$-530,$0,$0,$-2723,$0,$-2723,$51,$-3202,$980,$0,$980,$-3208,$-3208,$0,$204,$-2024,$1110,$284,$0
36,2009-09-30,51.23,$22.50,2.28,$14.06,3.64,$11.94,4.29,$4.50,11.38,$19.97B,$4.90B,4.07,$4.45B,$22.86B,0.2,$14.58B,$12.47B,85.53%,$14.58B,$5.52B,37.85%,$14.58B,$5.52B,37.85%,$14.58B,$6.59B,45.16%,$14.58B,$5.22B,35.81%,$14.58B,$4.60B,31.53%,$4.60B,$22.86B,21.62%,$4.60B,$8.85B,64.78%,$4.60B,$40.94B,11.98%,$5.52B,$27.31B,21.55%,$3812,$545,$3267,$647,$932,$2207,$1605,$-65,$1540,$154,$1386,$1386,$1386,$1877,$1605,$1016,1022,$1.36,$1.36,$14013,$2155,$1475,$19974,$5743,$0,$14009,$1214,$20966,$40940,$4903,$4447,$8732,$13179,$18082,$26853,$-4042,$47,$22858,$40940,$3674,$792,$355,$1147,$-258,$-60,$43,$-33,$-308,$4513,$-386,$0,$0,$-2523,$0,$-2523,$46,$-2863,$1980,$0,$1980,$-1851,$-1851,$0,$24,$153,$1803,$209,$0
37,2009-06-30,45.03,$21.04,2.14,$13.97,3.22,$11.76,3.83,$4.23,10.64,$17.70B,$4.55B,3.89,$4.38B,$21.36B,0.21,$14.65B,$12.40B,84.69%,$14.65B,$5.40B,36.85%,$14.65B,$5.40B,36.85%,$14.65B,$6.46B,44.10%,$14.65B,$5.09B,34.78%,$14.65B,$4.33B,29.59%,$4.33B,$21.36B,21.13%,$4.33B,$7.24B,69.50%,$4.33B,$38.84B,11.58%,$5.40B,$25.74B,20.53%,$3713,$531,$3182,$693,$910,$2256,$1457,$-100,$1357,$88,$1269,$1269,$1269,$1710,$1457,$1013,1017,$1.25,$1.25,$11965,$2061,$1488,$17696,$5800,$0,$14119,$1225,$21144,$38840,$4548,$4383,$8549,$12932,$17480,$26720,$-5423,$63,$21360,$38840,$2288,$520,$234,$754,$-108,$50,$48,$-48,$-504,$2538,$-256,$0,$0,$-1154,$0,$-1154,$-32,$-1442,$1980,$-1997,$-17,$97,$97,$0,$18,$98,$1194,$123,$0
38,2009-03-31,42.12,$19.75,2.13,$13.80,3.05,$12.16,3.46,$3.85,10.94,$16.08B,$4.67B,3.44,$4.32B,$19.97B,0.22,$14.70B,$12.47B,84.85%,$14.70B,$5.12B,34.83%,$14.70B,$5.12B,34.83%,$14.70B,$6.19B,42.14%,$14.70B,$4.87B,33.11%,$14.70B,$3.97B,27.02%,$3.97B,$19.97B,20.05%,$3.97B,$5.75B,73.12%,$3.97B,$37.38B,10.82%,$5.12B,$24.29B,19.87%,$3308,$477,$2831,$633,$798,$1987,$1321,$-89,$1232,$213,$1019,$1019,$1019,$1588,$1321,$1032,1037,$0.99,$0.98,$10378,$2080,$1609,$16076,$5804,$0,$14218,$1282,$21304,$37380,$4673,$4320,$8420,$12740,$17413,$26526,$-6659,$100,$19967,$37380,$1019,$267,$59,$326,$64,$22,$44,$-123,$-486,$859,$-117,$0,$0,$271,$0,$271,$-15,$139,$2001,$0,$2001,$-1997,$-1997,$0,$1,$5,$1003,$59,$0
39,2008-12-31,49.12,$19.95,2.46,$13.92,3.53,$12.74,3.86,$3.91,12.56,$15.22B,$4.89B,3.12,$4.26B,$20.89B,0.2,$15.00B,$12.71B,84.70%,$15.00B,$5.21B,34.75%,$15.00B,$5.21B,34.75%,$15.00B,$6.29B,41.90%,$15.00B,$5.02B,33.43%,$15.00B,$4.05B,27.01%,$4.05B,$20.89B,20.69%,$4.05B,$6.56B,79.28%,$4.05B,$36.43B,11.13%,$5.21B,$25.14B,20.26%,$3751,$558,$3193,$798,$1111,$2614,$1137,$-44,$1093,$168,$925,$925,$925,$1411,$1137,$1070,1075,$0.88,$0.87,$9552,$2075,$1521,$15221,$5879,$0,$14327,$1000,$21206,$36427,$4886,$4257,$6399,$10656,$15542,$26441,$-5673,$117,$20885,$36427,$4052,$1073,$436,$1509,$65,$-59,$95,$342,$427,$5988,$-672,$0,$-56,$-2565,$0,$-2565,$128,$-3165,$-1009,$0,$-1009,$-2113,$-2113,$0,$49,$-3073,$-250,$262,$0
40,2008-09-30,50.41,$18.73,2.69,$13.77,3.66,$11.48,4.39,$3.77,13.37,$15.62B,$4.95B,3.16,$10.18B,$19.83B,0.51,$15.00B,$12.65B,84.37%,$15.00B,$5.13B,34.23%,$15.00B,$5.13B,34.23%,$15.00B,$6.24B,41.57%,$15.00B,$4.81B,32.09%,$15.00B,$3.87B,25.83%,$3.87B,$19.83B,20.57%,$3.87B,$5.40B,90.19%,$3.87B,$37.00B,10.77%,$5.13B,$30.01B,20.39%,$3875,$677,$3198,$729,$900,$2392,$1483,$-71,$1412,$291,$1121,$1121,$1121,$1751,$1483,$1058,1064,$1.06,$1.05,$9757,$2004,$1745,$15620,$5972,$0,$14435,$971,$21378,$36998,$4951,$10176,$1693,$12215,$17166,$25348,$-5519,$3,$19832,$36998,$3127,$799,$264,$1063,$16,$-22,$136,$308,$401,$4591,$-494,$0,$-50,$-2167,$0,$-2167,$93,$-2618,$-8,$0,$-8,$-1454,$-1454,$0,$-13,$-1475,$498,$195,$0
41,2008-06-30,40.11,$17.53,2.29,$13.44,2.98,$10.23,3.92,$2.86,14.02,$14.53B,$5.43B,2.68,$5.08B,$18.53B,0.27,$14.73B,$12.27B,83.31%,$14.73B,$4.04B,27.45%,$14.73B,$4.04B,27.45%,$14.73B,$5.25B,35.64%,$14.73B,$3.77B,25.60%,$14.73B,$2.95B,20.05%,$2.95B,$18.53B,16.32%,$2.95B,$4.02B,84.82%,$2.95B,$36.06B,8.42%,$4.04B,$23.61B,17.45%,$3764,$515,$3249,$809,$904,$2585,$1179,$-49,$1130,$224,$906,$906,$906,$1444,$1179,$1078,1081,$0.84,$0.84,$8483,$2134,$1579,$14527,$5968,$0,$14514,$1052,$21534,$36061,$5429,$5081,$6637,$12099,$17528,$25199,$-6653,$-13,$18533,$36061,$2006,$531,$169,$700,$-200,$-69,$360,$322,$495,$3201,$-335,$0,$-48,$29,$0,$29,$61,$-293,$-8,$0,$-8,$-1516,$-1516,$0,$-16,$-1540,$1368,$133,$0
42,2008-03-31,35.53,$17.54,2.03,$13.24,2.68,$8.95,3.97,$2.89,12.3,$14.53B,$5.95B,2.44,$5.08B,$19.09B,0.27,$14.70B,$12.20B,82.98%,$14.70B,$4.00B,27.18%,$14.70B,$4.00B,27.18%,$14.70B,$5.22B,35.51%,$14.70B,$3.78B,25.71%,$14.70B,$3.07B,20.87%,$3.07B,$19.09B,17.44%,$3.07B,$4.47B,105.97%,$3.07B,$36.13B,8.94%,$4.00B,$24.17B,17.63%,$3613,$546,$3067,$694,$874,$2198,$1415,$-35,$1380,$280,$1100,$1100,$1100,$1681,$1415,$1089,1092,$1.01,$1.01,$8647,$2091,$1565,$14527,$5949,$0,$14618,$1034,$21601,$36128,$5954,$5080,$5626,$11087,$17041,$25088,$-6031,$30,$19087,$36128,$1100,$266,$52,$318,$-93,$18,$118,$332,$164,$1582,$-170,$0,$-48,$866,$0,$866,$49,$697,$0,$0,$0,$28,$28,$0,$-7,$21,$2300,$59,$0
43,2007-12-31,39.5,$16.44,2.4,$13.07,3.02,$8.14,4.85,$2.79,14.16,$13.04B,$6.18B,2.11,$5.08B,$17.87B,0.28,$14.77B,$12.22B,82.75%,$14.77B,$3.98B,26.94%,$14.77B,$3.98B,26.94%,$14.77B,$5.18B,35.08%,$14.77B,$3.79B,25.68%,$14.77B,$3.08B,20.84%,$3.08B,$17.87B,17.35%,$3.08B,$3.30B,103.37%,$3.08B,$34.64B,9.21%,$3.98B,$22.95B,17.44%,$3745,$606,$3139,$822,$1001,$2688,$1057,$-167,$890,$143,$747,$747,$747,$1359,$1057,$1117,1123,$0.72,$0.72,$7151,$2091,$1698,$13041,$5941,$0,$14572,$1085,$21598,$34639,$6179,$5080,$5511,$10591,$16770,$24976,$-7160,$53,$17869,$34639,$3078,$1202,$1562,$2764,$38,$-109,$-181,$-67,$-441,$5401,$-1267,$0,$-697,$-52,$0,$-52,$24,$-1992,$2142,$0,$2142,$-4823,$-4823,$0,$13,$-2668,$741,$263,$0
44,2007-09-30,48.11,$15.55,3.09,$12.96,3.71,$7.96,6.04,$2.73,17.62,$11.71B,$4.23B,2.77,$5.08B,$16.91B,0.3,$14.86B,$12.36B,83.16%,$14.86B,$3.91B,26.32%,$14.86B,$3.91B,26.32%,$14.86B,$5.01B,33.73%,$14.86B,$3.93B,26.46%,$14.86B,$3.16B,21.29%,$3.16B,$16.91B,17.56%,$3.16B,$2.15B,101.01%,$3.16B,$33.45B,9.53%,$3.91B,$21.99B,16.94%,$3611,$792,$2819,$776,$730,$3218,$393,$-21,$372,$171,$201,$201,$201,$767,$393,$1086,1090,$0.19,$0.18,$5950,$2076,$1526,$11706,$5922,$0,$14759,$1065,$21746,$33452,$4228,$5080,$6945,$12319,$16547,$24806,$-7894,$-7,$16905,$33452,$2331,$900,$1361,$2261,$-15,$-114,$-119,$-68,$-721,$3871,$-1033,$0,$-698,$473,$0,$473,$-37,$-1295,$2280,$0,$2280,$-4756,$-4756,$0,$6,$-2470,$106,$0,$0
45,2007-06-30,47.02,$15.12,3.11,$12.71,3.7,$8.17,5.75,$3.49,13.47,$11.20B,$4.23B,2.65,$5.08B,$16.47B,0.31,$14.86B,$12.66B,85.20%,$14.86B,$4.84B,32.57%,$14.86B,$4.84B,32.57%,$14.86B,$5.85B,39.39%,$14.86B,$4.92B,33.11%,$14.86B,$4.07B,27.35%,$4.07B,$16.47B,22.31%,$4.07B,$1.67B,124.32%,$4.07B,$32.97B,12.33%,$4.84B,$21.55B,20.80%,$3728,$558,$3170,$817,$860,$2598,$1130,$7,$1137,$118,$1019,$1019,$1019,$1412,$1130,$1129,1134,$0.90,$0.90,$5306,$2206,$1521,$11196,$5970,$0,$14804,$1001,$21775,$32971,$4229,$5080,$6780,$12273,$16502,$24576,$-8093,$-14,$16469,$32971,$2130,$526,$620,$1146,$-39,$-252,$-12,$-65,$-993,$2283,$-727,$0,$0,$1412,$0,$1412,$-25,$660,$2279,$0,$2279,$-4795,$-4795,$0,$17,$-2499,$444,$0,$0
46,2007-03-31,47.53,$17.01,2.79,$12.46,3.81,$8.59,5.54,$2.60,18.28,$10.53B,$4.61B,2.29,$5.08B,$19.72B,0.26,$14.74B,$12.60B,85.51%,$14.74B,$4.01B,27.18%,$14.74B,$4.01B,27.18%,$14.74B,$4.99B,33.89%,$14.74B,$4.10B,27.82%,$14.74B,$3.06B,20.76%,$3.06B,$19.72B,16.71%,$3.06B,$4.80B,93.59%,$3.06B,$32.57B,9.40%,$4.01B,$24.80B,17.16%,$3687,$592,$3095,$851,$770,$2287,$1400,$-6,$1394,$283,$1111,$1111,$1111,$1644,$1400,$1167,1177,$0.95,$0.94,$4837,$2115,$1418,$10527,$6027,$0,$14912,$1104,$22043,$32570,$4607,$5080,$2702,$8248,$12855,$24335,$-4638,$18,$19715,$32570,$1111,$244,$193,$437,$-33,$-201,$46,$-7,$-655,$893,$-325,$0,$0,$1240,$0,$1240,$12,$927,$-1702,$0,$-1702,$-399,$-399,$0,$65,$-2036,$-216,$0,$0
47,2006-12-31,58.1,$16.26,3.57,$11.97,4.85,$8.89,6.54,$2.48,23.43,$11.71B,$6.94B,1.69,$5.08B,$18.96B,0.27,$14.27B,$12.17B,85.32%,$14.27B,$3.84B,26.91%,$14.27B,$3.84B,26.91%,$14.27B,$4.80B,33.66%,$14.27B,$4.02B,28.17%,$14.27B,$2.95B,20.68%,$2.95B,$18.96B,16.64%,$2.95B,$3.92B,102.36%,$2.95B,$33.79B,9.15%,$3.84B,$24.04B,16.88%,$3835,$561,$3274,$1051,$1030,$2846,$989,$40,$1029,$196,$833,$833,$833,$1189,$989,$1176,1190,$0.73,$0.71,$6277,$1903,$1408,$11712,$5921,$0,$15049,$1106,$22076,$33788,$6942,$5080,$2435,$7882,$14824,$24155,$-5203,$12,$18964,$33788,$2950,$963,$1013,$1976,$-355,$-561,$-24,$32,$463,$5389,$-1218,$0,$-2167,$-1536,$0,$-1536,$-210,$-5131,$-214,$0,$-214,$-1472,$-1472,$0,$871,$-815,$-557,$403,$0
