,Date,Stock Price,Book Value per Share,Price to Book Ratio,TTM Sales per Share,Price to Sales Ratio,TTM FCF per Share,Price to FCF Ratio,TTM Net EPS,PE Ratio,Current Assets,Current Liabilities,Current Ratio,Long Term Debt,Shareholder's Equity_x,Debt to Equity Ratio,TTM Revenue_x,TTM Gross Profit,Gross Margin,TTM Revenue_y,TTM Operating Income,Operating Margin,TTM Revenue_x,TTM EBIT,EBIT Margin,TTM Revenue_y,TTM EBITDA,EBITDA Margin,TTM Revenue_x,TTM Pre-Tax Income,Pre-Tax Margin,TTM Revenue_y,TTM Net Income_x,Net Margin,TTM Net Income_y,Shareholder's Equity_y,Return on Equity,TTM Net Income_x,Tangible Equity,Return on Tangible Equity,TTM Net Income_y,Total Assets,Return on Assets,TTM Net Income,LT Investments & Debt,Return on Investment,revenue,cost-goods-sold,gross-profit,research-development-expenses,selling-general-administrative-expenses,operating-expenses,operating-income,total-non-operating-income-expense,pre-tax-income,total-provision-income-taxes,income-after-taxes,income-from-continuous-operations,net-income,ebitda,ebit,basic-shares-outstanding,shares-outstanding,eps-basic-net-earnings-per-share,eps-earnings-per-share-diluted,cash-on-hand,inventory,other-current-assets,total-current-assets,net-property-plant-equipment,long-term-investments,goodwill-intangible-assets-total,other-long-term-assets,total-long-term-assets,total-assets,total-current-liabilities,long-term-debt,other-non-current-liabilities,total-long-term-liabilities,total-liabilities,common-stock-net,retained-earnings-accumulated-deficit,comprehensive-income,total-share-holder-equity,total-liabilities-share-holders-equity,net-income-loss,total-depreciation-amortization-cash-flow,other-non-cash-items,total-non-cash-items,change-in-accounts-receivable,change-in-inventories,change-in-accounts-payable,change-in-assets-liabilities,total-change-in-assets-liabilities,cash-flow-from-operating-activities,net-change-in-property-plant-equipment,net-change-in-intangible-assets,net-acquisitions-divestitures,net-change-in-short-term-investments,net-change-in-long-term-investments,net-change-in-investments-total,investing-activities-other,cash-flow-from-investing-activities,net-long-term-debt,net-current-debt,debt-issuance-retirement-net-total,net-common-equity-issued-repurchased,net-total-equity-issued-repurchased,total-common-preferred-stock-dividends-paid,financial-activities-other,cash-flow-from-financial-activities,net-cash-flow,stock-based-compensation,common-stock-dividends-paid
0,2018-09-30,21.89,$20.20,1.08,$3.66,5.99,$-2.37,0.0,$-0.06,0.0,$0.30B,$0.31B,0.99,$2.67B,$5.99B,0.45,$1.05B,$0.57B,54.64%,$1.05B,$0.21B,20.38%,$1.05B,$0.21B,20.38%,$1.05B,$0.54B,51.48%,$1.05B,$0.11B,10.43%,$1.05B,$-0.02B,-1.53%,$-0.02B,$5.99B,-0.27%,$-0.02B,$5.87B,-0.28%,$-0.02B,$8.97B,-0.18%,$0.21B,$8.66B,2.49%,$280,$132,$148,$0,$9,$224,$56,$-26,$30,$0,$30,$30,$15,$139,$56,$296,297,$0.05,$0.05,$266,$0,$0,$302,$8259,$0,$120,$277,$8669,$8971,$306,$2672,$5,$2676,$2982,$3,$-494,$9,$5989,$8971,$78,$246,$1,$247,$-16,$0,$87,$-19,$52,$376,$-475,$0,$0,$0,$32,$32,$-39,$-482,$192,$0,$192,$-26,$89,$-93,$1,$189,$83,$3,$-52
1,2018-06-30,22.18,$19.83,1.12,$3.57,6.22,$-2.42,0.0,$-0.10,0.0,$0.24B,$0.28B,0.85,$2.67B,$5.87B,0.46,$1.01B,$0.55B,54.74%,$1.01B,$0.19B,18.97%,$1.01B,$0.19B,18.97%,$1.01B,$0.51B,50.59%,$1.01B,$0.10B,9.68%,$1.01B,$-0.03B,-2.87%,$-0.03B,$5.87B,-0.50%,$-0.03B,$5.75B,-0.51%,$-0.03B,$8.83B,-0.33%,$0.19B,$8.54B,2.28%,$264,$117,$147,$0,$10,$208,$56,$-30,$26,$0,$26,$26,$-15,$137,$56,$295,295,$-0.05,$-0.05,$213,$0,$0,$241,$8184,$0,$120,$273,$8590,$8830,$283,$2674,$5,$2679,$2962,$3,$-494,$9,$5869,$8830,$47,$163,$2,$165,$-6,$0,$61,$-18,$38,$250,$-295,$0,$0,$0,$2,$2,$-33,$-326,$197,$0,$197,$-33,$-33,$-63,$5,$105,$30,$2,$-34
2,2018-03-31,20.03,$20.49,0.98,$3.59,5.58,$-2.18,0.0,$-0.05,0.0,$0.39B,$0.26B,1.48,$2.83B,$5.84B,0.48,$0.99B,$0.54B,54.92%,$0.99B,$0.19B,18.78%,$0.99B,$0.19B,18.78%,$0.99B,$0.50B,50.76%,$0.99B,$0.09B,8.83%,$0.99B,$-0.01B,-1.42%,$-0.01B,$5.84B,-0.24%,$-0.01B,$5.72B,-0.25%,$-0.01B,$8.96B,-0.16%,$0.19B,$8.67B,2.24%,$258,$120,$138,$0,$9,$211,$47,$-26,$22,$0,$22,$22,$6,$129,$47,$286,287,$0.02,$0.02,$360,$0,$0,$388,$8169,$0,$120,$267,$8570,$8958,$262,$2825,$2,$2855,$3117,$3,$-463,$10,$5841,$8958,$22,$82,$-0,$82,$-4,$0,$29,$-16,$9,$112,$-214,$0,$0,$0,$1,$1,$-9,$-222,$352,$0,$352,$-35,$-35,$-34,$5,$286,$177,$1,$-20
3,2017-12-31,21.73,$20.49,1.06,$3.64,5.96,$-1.76,0.0,$-0.08,0.0,$0.21B,$0.22B,0.96,$2.48B,$5.88B,0.42,$0.96B,$0.54B,55.78%,$0.96B,$0.19B,19.25%,$0.96B,$0.19B,19.25%,$0.96B,$0.50B,51.51%,$0.96B,$0.08B,8.01%,$0.96B,$-0.02B,-2.19%,$-0.02B,$5.88B,-0.38%,$-0.02B,$5.76B,-0.38%,$-0.02B,$8.61B,-0.25%,$0.19B,$8.35B,2.27%,$243,$105,$138,$0,$8,$188,$54,$-24,$31,$0,$31,$31,$-22,$133,$54,$264,264,$-0.08,$-0.08,$183,$0,$0,$213,$8065,$0,$120,$198,$8396,$8609,$223,$2476,$5,$2510,$2733,$3,$-454,$0,$5876,$8609,$76,$309,$15,$324,$-11,$0,$10,$-13,$-15,$386,$-790,$0,$0,$0,$9,$9,$-57,$-837,$-464,$0,$-464,$695,$965,$-93,$-24,$384,$-67,$4,$-47
4,2017-09-30,21.55,$21.29,1.01,$3.70,5.83,$-0.03,0.0,$-0.01,0.0,$0.40B,$0.26B,1.51,$2.34B,$5.84B,0.4,$0.95B,$0.53B,56.03%,$0.95B,$0.17B,18.39%,$0.95B,$0.17B,18.39%,$0.95B,$0.48B,51.06%,$0.95B,$0.06B,5.81%,$0.95B,$0.00B,0.32%,$0.00B,$5.84B,0.06%,$0.00B,$5.72B,0.06%,$0.00B,$8.51B,0.04%,$0.17B,$8.18B,2.17%,$247,$115,$131,$0,$9,$211,$35,$-16,$19,$0,$19,$19,$2,$113,$35,$267,289,$0.01,$0.01,$363,$0,$0,$399,$7802,$0,$120,$175,$8111,$8510,$264,$2339,$0,$2408,$2671,$3,$-418,$0,$5838,$8510,$46,$230,$20,$250,$-12,$0,$71,$-6,$53,$349,$-459,$0,$0,$0,$6,$6,$-34,$-487,$-598,$0,$-598,$696,$966,$-93,$-24,$250,$113,$3,$-47
5,2017-06-30,22.36,$20.88,1.07,$3.83,5.83,$0.72,30.96,$-0.11,0.0,$0.22B,$0.22B,0.97,$2.44B,$5.41B,0.45,$0.94B,$0.52B,56.04%,$0.94B,$0.18B,18.82%,$0.94B,$0.18B,18.82%,$0.94B,$0.49B,51.98%,$0.94B,$0.04B,3.85%,$0.94B,$-0.02B,-2.14%,$-0.02B,$5.41B,-0.39%,$-0.02B,$5.29B,-0.40%,$-0.02B,$8.15B,-0.24%,$0.18B,$7.85B,2.22%,$237,$103,$134,$0,$9,$188,$49,$-34,$15,$0,$15,$15,$-0,$125,$49,$259,259,$-0.00,$-0.00,$196,$0,$0,$215,$7634,$0,$120,$163,$7931,$8146,$223,$2435,$0,$2512,$2735,$3,$-405,$0,$5412,$8146,$27,$153,$15,$168,$-4,$0,$41,$-6,$31,$225,$-205,$0,$0,$0,$2,$2,$-20,$-223,$-500,$0,$-500,$357,$512,$-60,$-9,$-57,$-54,$2,$-31
6,2017-03-31,22.69,$20.36,1.11,$3.84,5.9,$0.99,22.94,$-0.15,0.0,$0.65B,$0.20B,3.25,$2.94B,$5.27B,0.56,$0.92B,$0.51B,55.99%,$0.92B,$0.16B,17.21%,$0.92B,$0.16B,17.21%,$0.92B,$0.48B,51.85%,$0.92B,$0.02B,1.85%,$0.92B,$-0.03B,-3.27%,$-0.03B,$5.27B,-0.60%,$-0.03B,$5.15B,-0.62%,$-0.03B,$8.49B,-0.36%,$0.16B,$8.22B,1.99%,$234,$101,$133,$0,$9,$187,$47,$-35,$12,$0,$12,$12,$-1,$124,$47,$244,244,$-0.01,$-0.01,$631,$0,$0,$650,$7542,$0,$120,$168,$7841,$8491,$200,$2944,$0,$3019,$3219,$3,$-392,$0,$5272,$8491,$12,$77,$6,$84,$-3,$0,$22,$-5,$14,$110,$-94,$0,$0,$0,$1,$1,$23,$-70,$19,$0,$19,$351,$351,$-29,$-0,$341,$381,$1,$-15
7,2016-12-31,20.69,$20.29,1.02,$3.78,5.48,$1.09,18.92,$-0.16,0.0,$0.27B,$0.18B,1.51,$2.92B,$4.94B,0.59,$0.88B,$0.49B,55.86%,$0.88B,$0.14B,15.47%,$0.88B,$0.14B,15.47%,$0.88B,$0.45B,51.19%,$0.88B,$0.01B,1.14%,$0.88B,$-0.03B,-3.75%,$-0.03B,$4.94B,-0.69%,$-0.03B,$4.82B,-0.71%,$-0.03B,$8.11B,-0.41%,$0.14B,$7.86B,1.73%,$228,$96,$132,$0,$9,$185,$43,$-34,$9,$0,$9,$9,$2,$121,$43,$234,234,$0.01,$0.01,$250,$0,$0,$268,$7548,$0,$120,$159,$7839,$8107,$177,$2923,$0,$2992,$3170,$2,$-379,$0,$4938,$8107,$10,$314,$1,$315,$-10,$0,$-13,$-23,$-46,$279,$-232,$0,$25,$0,$8,$8,$-324,$-522,$-57,$0,$-57,$10,$508,$-100,$-27,$325,$81,$4,$-60
8,2016-09-30,21.29,$20.35,1.05,$3.62,5.88,$-1.12,0.0,$-0.25,0.0,$0.26B,$0.24B,1.08,$2.93B,$4.85B,0.6,$0.82B,$0.51B,62.38%,$0.82B,$0.11B,13.71%,$0.82B,$0.11B,13.71%,$0.82B,$0.41B,50.24%,$0.82B,$-0.01B,-1.21%,$0.82B,$-0.06B,-6.67%,$-0.06B,$4.85B,-1.21%,$-0.06B,$4.73B,-1.25%,$-0.06B,$8.09B,-0.71%,$0.11B,$7.78B,1.50%,$236,$111,$125,$0,$8,$199,$37,$-37,$-0,$0,$-0,$-0,$-21,$116,$37,$238,238,$-0.09,$-0.09,$238,$0,$0,$259,$7545,$0,$120,$146,$7827,$8086,$241,$2927,$0,$2993,$3234,$2,$-369,$0,$4853,$8086,$1,$236,$-6,$230,$-12,$0,$48,$-12,$24,$255,$-165,$0,$25,$0,$6,$6,$-310,$-444,$-50,$0,$-50,$-94,$405,$-71,$-26,$258,$69,$3,$-45
9,2016-06-30,20.1,$20.47,0.98,$3.45,5.83,$-3.48,0.0,$-0.30,0.0,$0.42B,$0.22B,1.97,$3.10B,$4.88B,0.63,$0.76B,$0.48B,62.68%,$0.76B,$0.08B,10.91%,$0.76B,$0.08B,10.91%,$0.76B,$0.38B,49.41%,$0.76B,$-0.03B,-3.94%,$0.76B,$-0.06B,-8.28%,$-0.06B,$4.88B,-1.46%,$-0.06B,$4.76B,-1.50%,$-0.06B,$8.25B,-0.84%,$0.08B,$7.97B,1.15%,$220,$96,$124,$0,$8,$189,$31,$-35,$-4,$0,$-4,$-4,$-10,$115,$31,$238,238,$-0.04,$-0.04,$404,$0,$0,$424,$7522,$0,$121,$170,$7829,$8252,$215,$3095,$0,$3158,$3373,$2,$-336,$0,$4879,$8252,$1,$157,$-8,$149,$-7,$0,$24,$-6,$12,$162,$-79,$0,$25,$0,$6,$6,$-351,$-400,$129,$0,$129,$-95,$404,$-43,$-16,$473,$235,$2,$-30
10,2016-03-31,15.56,$18.54,0.84,$3.25,4.79,$-5.49,0.0,$-0.34,0.0,$0.22B,$0.20B,1.1,$3.39B,$4.44B,0.76,$0.70B,$0.44B,62.59%,$0.70B,$0.06B,9.06%,$0.70B,$0.06B,9.06%,$0.70B,$0.33B,47.91%,$0.70B,$-0.03B,-4.89%,$0.70B,$-0.07B,-10.22%,$-0.07B,$4.44B,-1.72%,$-0.07B,$4.32B,-1.77%,$-0.07B,$8.10B,-1.00%,$0.06B,$7.83B,0.92%,$195,$85,$110,$0,$9,$170,$25,$-20,$5,$0,$5,$5,$-4,$98,$25,$219,219,$-0.02,$-0.02,$204,$0,$0,$221,$7561,$0,$121,$168,$7877,$8098,$201,$3393,$0,$3456,$3657,$2,$-313,$-0,$4440,$8098,$5,$73,$-9,$64,$-3,$0,$9,$-6,$-0,$69,$-31,$0,$25,$0,$0,$0,$-363,$-369,$431,$0,$431,$-76,$-76,$-21,$-0,$335,$35,$1,$-15
11,2015-12-31,16.25,$18.93,0.86,$2.99,5.44,$-6.94,0.0,$-0.40,0.0,$0.18B,$0.16B,1.18,$2.52B,$3.94B,0.64,$0.63B,$0.40B,62.97%,$0.63B,$0.04B,6.80%,$0.63B,$0.04B,6.80%,$0.63B,$0.30B,46.68%,$0.63B,$-0.05B,-7.44%,$0.63B,$-0.09B,-13.45%,$-0.09B,$3.94B,-2.10%,$-0.09B,$3.82B,-2.16%,$-0.09B,$6.75B,-1.26%,$0.04B,$6.46B,0.67%,$173,$17,$155,$0,$6,$152,$20,$-32,$-11,$0,$-11,$-11,$-20,$85,$20,$211,211,$-0.10,$-0.10,$169,$0,$0,$183,$6290,$0,$121,$147,$6568,$6751,$155,$2524,$74,$2661,$2816,$2,$-297,$-0,$3935,$6751,$-48,$251,$12,$264,$-11,$0,$17,$-9,$-3,$212,$-636,$0,$0,$0,$-32,$-32,$-193,$-862,$803,$0,$803,$-57,$-57,$-88,$-25,$632,$-17,$3,$-66
12,2015-09-30,15.64,$19.29,0.81,$2.76,5.66,$-10.98,0.0,$-0.39,0.0,$0.36B,$0.00B,0.0,$2.59B,$4.02B,0.64,$0.58B,$0.31B,53.99%,$0.58B,$0.03B,4.69%,$0.58B,$0.03B,4.69%,$0.58B,$0.26B,45.49%,$0.58B,$-0.05B,-7.99%,$0.58B,$-0.08B,-14.58%,$-0.08B,$4.02B,-2.04%,$-0.08B,$3.89B,-2.11%,$-0.08B,$6.97B,-1.27%,$0.03B,$6.60B,0.43%,$173,$85,$88,$0,$7,$165,$7,$-27,$-20,$0,$-20,$-20,$-29,$78,$7,$211,211,$-0.14,$-0.14,$345,$0,$0,$363,$6267,$0,$121,$144,$6603,$6966,$0,$2587,$303,$2951,$2951,$2,$-266,$-0,$4015,$6966,$-37,$186,$7,$193,$-13,$0,$37,$-25,$-0,$156,$-576,$0,$0,$0,$-21,$-21,$-147,$-744,$809,$0,$809,$0,$0,$-67,$-25,$718,$130,$2,$-50
13,2015-06-30,15.55,$19.43,0.8,$2.49,6.25,$-12.90,0.0,$-0.36,0.0,$0.20B,$0.16B,1.25,$2.29B,$4.11B,0.56,$0.51B,$0.28B,54.39%,$0.51B,$0.01B,1.95%,$0.51B,$0.01B,1.95%,$0.51B,$0.22B,42.88%,$0.51B,$-0.04B,-7.60%,$0.51B,$-0.08B,-15.01%,$-0.08B,$4.11B,-1.85%,$-0.08B,$3.99B,-1.91%,$-0.08B,$6.69B,-1.23%,$0.01B,$6.40B,0.17%,$154,$71,$82,$0,$7,$143,$11,$-19,$-8,$0,$-8,$-8,$-18,$72,$11,$211,211,$-0.08,$-0.08,$185,$0,$0,$198,$6162,$0,$121,$144,$6489,$6687,$158,$2292,$70,$2419,$2577,$2,$-227,$-0,$4110,$6687,$-17,$116,$-0,$116,$-5,$0,$6,$3,$4,$104,$-455,$0,$0,$0,$-18,$-18,$-105,$-578,$514,$0,$514,$0,$0,$-44,$-14,$456,$-18,$1,$-33
14,2015-03-31,16.0,$19.57,0.82,$2.27,7.04,$-13.99,0.0,$-0.35,0.0,$0.21B,$0.14B,1.51,$2.17B,$4.14B,0.52,$0.45B,$0.25B,54.75%,$0.45B,$0.01B,1.10%,$0.45B,$0.01B,1.10%,$0.45B,$0.19B,42.38%,$0.45B,$-0.03B,-7.51%,$0.45B,$-0.07B,-15.67%,$-0.07B,$4.14B,-1.75%,$-0.07B,$4.02B,-1.80%,$-0.07B,$6.58B,-1.22%,$0.01B,$6.31B,0.09%,$132,$59,$73,$0,$7,$126,$5,$-14,$-8,$0,$-8,$-8,$-18,$60,$5,$211,211,$-0.08,$-0.08,$202,$0,$0,$213,$6037,$0,$121,$140,$6363,$6577,$141,$2165,$73,$2295,$2437,$2,$-199,$-0,$4140,$6577,$-8,$55,$0,$55,$-3,$0,$-17,$2,$-18,$29,$-299,$0,$0,$0,$-7,$-7,$-67,$-373,$387,$0,$387,$0,$0,$-22,$-13,$351,$7,$1,$-17
15,2014-12-31,16.41,$19.72,0.83,$2.07,7.95,$-14.29,0.0,$-0.34,0.0,$0.20B,$0.15B,1.32,$1.78B,$4.17B,0.43,$0.40B,$0.21B,53.77%,$0.40B,$-0.00B,-0.50%,$0.40B,$-0.00B,-0.50%,$0.40B,$0.17B,41.46%,$0.40B,$-0.03B,-8.29%,$0.40B,$-0.07B,-16.83%,$-0.07B,$4.17B,-1.70%,$-0.07B,$4.05B,-1.75%,$-0.07B,$6.23B,-1.26%,$-0.00B,$5.95B,-0.04%,$117,$49,$68,$0,$7,$113,$4,$-14,$-10,$0,$-10,$-10,$-19,$52,$4,$196,196,$-0.09,$-0.09,$186,$0,$0,$197,$5711,$0,$121,$144,$6030,$6227,$150,$1778,$72,$1908,$2058,$2,$-170,$-0,$4170,$6227,$-33,$167,$20,$187,$-10,$0,$33,$-2,$22,$176,$-1364,$0,$-180,$0,$-82,$-82,$-238,$-1865,$1326,$0,$1326,$309,$498,$-83,$-42,$1700,$11,$3,$-64
16,2014-09-30,16.23,$19.80,0.82,$1.99,8.13,$-24.39,0.0,$-0.33,0.0,$0.17B,$0.14B,1.24,$1.08B,$4.19B,0.26,$0.35B,$0.18B,51.45%,$0.35B,$-0.01B,-3.47%,$0.35B,$-0.01B,-3.47%,$0.35B,$0.14B,40.46%,$0.35B,$-0.03B,-9.25%,$0.35B,$-0.06B,-18.21%,$-0.06B,$4.19B,-1.65%,$-0.06B,$4.07B,-1.71%,$-0.06B,$5.54B,-1.31%,$-0.01B,$5.26B,-0.26%,$110,$54,$56,$0,$6,$120,$-10,$-3,$-13,$0,$-13,$-13,$-22,$36,$-10,$203,203,$-0.11,$-0.11,$163,$0,$0,$169,$5118,$0,$121,$86,$5368,$5536,$136,$1075,$81,$1214,$1349,$2,$-140,$-0,$4187,$5536,$-23,$119,$13,$132,$-4,$0,$18,$8,$23,$132,$-924,$0,$-106,$0,$-38,$-38,$-194,$-1261,$674,$0,$674,$309,$498,$-60,$-28,$1085,$-45,$2,$-47
17,2014-06-30,17.02,$20.30,0.84,$1.75,9.7,$-30.97,0.0,$-0.27,0.0,$0.29B,$0.12B,2.48,$0.96B,$3.77B,0.26,$0.29B,$0.15B,51.23%,$0.29B,$-0.01B,-1.75%,$0.29B,$-0.01B,-1.75%,$0.29B,$0.13B,43.86%,$0.29B,$-0.02B,-8.07%,$0.29B,$-0.05B,-17.19%,$-0.05B,$3.77B,-1.35%,$-0.05B,$3.65B,-1.39%,$-0.05B,$4.98B,-1.11%,$-0.01B,$4.73B,-0.12%,$94,$43,$51,$0,$6,$89,$6,$-9,$-3,$0,$-3,$-3,$-12,$44,$6,$186,186,$-0.07,$-0.07,$286,$0,$0,$292,$4484,$0,$121,$56,$4691,$4983,$117,$962,$81,$1099,$1216,$2,$-108,$-0,$3766,$4983,$-10,$74,$12,$86,$-2,$0,$8,$7,$13,$89,$-598,$0,$0,$0,$-30,$-30,$-96,$-723,$587,$0,$587,$0,$190,$-38,$-14,$724,$90,$1,$-30
