,Date,Stock Price,Book Value per Share,Price to Book Ratio,TTM Sales per Share,Price to Sales Ratio,TTM FCF per Share,Price to FCF Ratio,TTM Net EPS,PE Ratio,Current Assets,Current Liabilities,Current Ratio,Long Term Debt,Shareholder's Equity_x,Debt to Equity Ratio,TTM Revenue_x,TTM Gross Profit,Gross Margin,TTM Revenue_y,TTM Operating Income,Operating Margin,TTM Revenue_x,TTM EBIT,EBIT Margin,TTM Revenue_y,TTM EBITDA,EBITDA Margin,TTM Revenue_x,TTM Pre-Tax Income,Pre-Tax Margin,TTM Revenue_y,TTM Net Income_x,Net Margin,TTM Net Income_y,Shareholder's Equity_y,Return on Equity,TTM Net Income_x,Tangible Equity,Return on Tangible Equity,TTM Net Income_y,Total Assets,Return on Assets,TTM Net Income,LT Investments & Debt,Return on Investment,revenue,cost-goods-sold,gross-profit,research-development-expenses,selling-general-administrative-expenses,operating-expenses,operating-income,total-non-operating-income-expense,pre-tax-income,total-provision-income-taxes,income-after-taxes,income-from-continuous-operations,net-income,ebitda,ebit,basic-shares-outstanding,shares-outstanding,eps-basic-net-earnings-per-share,eps-earnings-per-share-diluted,cash-on-hand,inventory,other-current-assets,total-current-assets,net-property-plant-equipment,long-term-investments,goodwill-intangible-assets-total,other-long-term-assets,total-long-term-assets,total-assets,total-current-liabilities,long-term-debt,other-non-current-liabilities,total-long-term-liabilities,total-liabilities,common-stock-net,retained-earnings-accumulated-deficit,comprehensive-income,total-share-holder-equity,total-liabilities-share-holders-equity,net-income-loss,total-depreciation-amortization-cash-flow,other-non-cash-items,total-non-cash-items,change-in-accounts-receivable,change-in-inventories,change-in-accounts-payable,change-in-assets-liabilities,total-change-in-assets-liabilities,cash-flow-from-operating-activities,net-change-in-property-plant-equipment,net-change-in-intangible-assets,net-acquisitions-divestitures,net-change-in-short-term-investments,net-change-in-long-term-investments,net-change-in-investments-total,investing-activities-other,cash-flow-from-investing-activities,net-long-term-debt,net-current-debt,debt-issuance-retirement-net-total,net-common-equity-issued-repurchased,net-total-equity-issued-repurchased,total-common-preferred-stock-dividends-paid,financial-activities-other,cash-flow-from-financial-activities,net-cash-flow,stock-based-compensation,common-stock-dividends-paid
0,2018-09-30,39.0,$24.80,1.57,$9.37,4.16,$6.61,5.9,$2.26,17.26,$1.41B,$1.56B,0.9,$0.03B,$0.22B,0.13,$0.08B,$0.07B,87.80%,$0.08B,$0.03B,34.15%,$0.08B,0,0.00%,$0.08B,0,0.00%,$0.08B,$0.03B,34.15%,$0.08B,$0.02B,24.39%,$0.02B,$0.22B,9.43%,$0.02B,$0.17B,11.98%,$0.02B,$1.81B,1.10%,$0.03B,$0.24B,11.67%,$21,$2,$18,$0,$11,$13,$7,$0,$7,$1,$6,$6,$6,$0,$0,$9,9,$0.66,$0.66,$70,$0,$0,$1413,$26,$298,$45,$25,$393,$1806,$1563,$28,$0,$28,$1590,$9,$139,$-9,$216,$1806,$18,$2,$0,$2,$-0,$0,$0,$-1,$-1,$19,$-1,$0,$0,$0,$15,$15,$7,$22,$0,$-6,$-6,$1,$1,$-7,$-12,$-23,$18,$1,$-7
1,2018-06-30,40.0,$24.50,1.63,$9.32,4.29,$6.44,6.21,$2.15,18.6,$1.39B,$1.58B,0.88,$0.03B,$0.21B,0.13,$0.08B,$0.07B,88.89%,$0.08B,$0.03B,34.57%,$0.08B,0,0.00%,$0.08B,0,0.00%,$0.08B,$0.03B,34.57%,$0.08B,$0.02B,23.46%,$0.02B,$0.21B,9.03%,$0.02B,$0.17B,11.48%,$0.02B,$1.83B,1.05%,$0.03B,$0.24B,11.62%,$21,$2,$18,$0,$11,$13,$7,$0,$7,$1,$6,$6,$6,$0,$0,$9,9,$0.69,$0.69,$33,$0,$0,$1385,$26,$343,$45,$25,$439,$1825,$1583,$28,$0,$28,$1611,$9,$135,$-8,$213,$1825,$12,$2,$-1,$1,$-1,$0,$-0,$-1,$-2,$11,$-1,$0,$0,$0,$-28,$-28,$-2,$-30,$0,$-22,$-22,$1,$1,$-4,$26,$0,$-19,$1,$-4
2,2018-03-31,37.36,$24.19,1.54,$9.15,4.08,$6.52,5.73,$1.95,19.16,$1.41B,$1.58B,0.89,$0.03B,$0.21B,0.13,$0.08B,$0.07B,89.87%,$0.08B,$0.03B,34.18%,$0.08B,0,0.00%,$0.08B,0,0.00%,$0.08B,$0.03B,34.18%,$0.08B,$0.02B,21.52%,$0.02B,$0.21B,8.13%,$0.02B,$0.17B,10.37%,$0.02B,$1.82B,0.95%,$0.03B,$0.24B,11.16%,$20,$2,$18,$0,$11,$13,$7,$0,$7,$1,$6,$6,$6,$0,$0,$9,9,$0.67,$0.67,$77,$0,$0,$1409,$26,$313,$45,$26,$409,$1818,$1580,$28,$0,$28,$1608,$9,$131,$-7,$210,$1818,$6,$1,$-0,$1,$0,$0,$0,$-1,$-0,$6,$-0,$0,$0,$0,$5,$5,$16,$20,$0,$-24,$-24,$0,$0,$-2,$25,$-2,$24,$0,$-2
3,2017-12-31,37.8,$24.13,1.57,$8.92,4.24,$6.96,5.43,$1.75,21.6,$1.40B,$1.58B,0.89,$0.03B,$0.21B,0.13,$0.08B,$0.07B,89.61%,$0.08B,$0.03B,33.77%,$0.08B,0,0.00%,$0.08B,0,0.00%,$0.08B,$0.03B,33.77%,$0.08B,$0.02B,19.48%,$0.02B,$0.21B,7.23%,$0.02B,$0.16B,9.23%,$0.02B,$1.82B,0.85%,$0.03B,$0.24B,10.70%,$20,$2,$18,$0,$11,$13,$7,$0,$7,$5,$2,$2,$2,$0,$0,$9,9,$0.24,$0.25,$52,$0,$0,$1398,$26,$321,$45,$26,$418,$1816,$1580,$28,$0,$28,$1607,$9,$127,$-3,$209,$1816,$15,$2,$4,$6,$4,$0,$0,$-0,$4,$26,$-2,$0,$0,$0,$23,$23,$-169,$-148,$-10,$-24,$-34,$0,$0,$-8,$164,$121,$-1,$1,$-8
4,2017-09-30,40.41,$24.31,1.66,$8.66,4.67,$5.67,7.13,$1.99,20.31,$1.41B,$1.53B,0.92,$0.04B,$0.21B,0.18,$0.08B,$0.07B,89.33%,$0.08B,$0.03B,33.33%,$0.08B,0,0.00%,$0.08B,0,0.00%,$0.08B,$0.03B,33.33%,$0.08B,$0.02B,22.67%,$0.02B,$0.21B,8.27%,$0.02B,$0.17B,10.59%,$0.02B,$1.78B,0.98%,$0.03B,$0.25B,10.27%,$20,$2,$18,$0,$11,$13,$7,$0,$7,$2,$5,$5,$5,$0,$0,$9,9,$0.55,$0.55,$103,$0,$0,$1411,$26,$272,$45,$26,$369,$1781,$1533,$38,$0,$38,$1570,$9,$127,$-1,$210,$1781,$13,$2,$1,$3,$3,$0,$0,$-1,$1,$18,$-2,$0,$0,$0,$75,$75,$-129,$-55,$0,$-16,$-16,$0,$0,$-6,$110,$88,$50,$1,$-6
5,2017-06-30,36.0,$23.96,1.5,$8.33,4.32,$5.02,7.17,$1.89,19.05,$1.39B,$1.52B,0.91,$0.04B,$0.21B,0.18,$0.07B,$0.07B,90.28%,$0.07B,$0.02B,33.33%,$0.07B,0,0.00%,$0.07B,0,0.00%,$0.07B,$0.02B,33.33%,$0.07B,$0.02B,22.22%,$0.02B,$0.21B,7.84%,$0.02B,$0.16B,10.08%,$0.02B,$1.76B,0.94%,$0.02B,$0.25B,9.93%,$19,$2,$17,$0,$11,$13,$6,$0,$6,$2,$4,$4,$4,$0,$0,$9,9,$0.50,$0.49,$86,$0,$0,$1387,$26,$281,$45,$26,$378,$1764,$1520,$38,$0,$38,$1557,$9,$124,$-1,$207,$1764,$8,$2,$1,$3,$4,$0,$-0,$-2,$1,$13,$-2,$0,$0,$0,$67,$67,$-122,$-57,$0,$-11,$-11,$0,$0,$-4,$92,$77,$33,$1,$-4
6,2017-03-31,36.05,$23.64,1.52,$8.13,4.43,$4.47,8.06,$1.87,19.28,$1.33B,$1.47B,0.9,$0.04B,$0.20B,0.19,$0.07B,$0.06B,91.43%,$0.07B,$0.02B,34.29%,$0.07B,0,0.00%,$0.07B,0,0.00%,$0.07B,$0.02B,34.29%,$0.07B,$0.02B,22.86%,$0.02B,$0.20B,7.88%,$0.02B,$0.16B,10.16%,$0.02B,$1.72B,0.97%,$0.02B,$0.24B,9.98%,$18,$2,$16,$0,$11,$12,$6,$0,$6,$2,$4,$4,$4,$0,$0,$9,9,$0.47,$0.47,$95,$0,$0,$1327,$26,$293,$45,$25,$389,$1716,$1474,$38,$0,$38,$1512,$9,$122,$-1,$204,$1716,$4,$1,$1,$1,$5,$0,$-0,$-0,$5,$10,$-1,$0,$0,$0,$54,$54,$-54,$-1,$0,$-11,$-11,$0,$0,$-2,$45,$32,$42,$0,$-2
7,2016-12-31,33.46,$23.37,1.43,$8.08,4.14,$4.13,8.11,$1.88,17.8,$1.24B,$1.44B,0.86,$0.04B,$0.20B,0.19,$0.07B,$0.06B,92.75%,$0.07B,$0.02B,34.78%,$0.07B,0,0.00%,$0.07B,0,0.00%,$0.07B,$0.02B,34.78%,$0.07B,$0.02B,23.19%,$0.02B,$0.20B,7.92%,$0.02B,$0.16B,10.24%,$0.02B,$1.68B,0.99%,$0.02B,$0.24B,10.02%,$18,$2,$16,$0,$10,$12,$6,$0,$6,$2,$4,$4,$4,$0,$0,$9,9,$0.48,$0.48,$53,$0,$0,$1235,$25,$347,$46,$26,$443,$1679,$1440,$38,$0,$38,$1477,$9,$120,$-2,$201,$1679,$16,$3,$1,$4,$-4,$0,$-0,$-1,$-4,$16,$-4,$0,$0,$0,$-15,$-15,$-157,$-175,$0,$19,$19,$-1,$-1,$-8,$108,$117,$-42,$1,$-8
8,2016-09-30,26.67,$23.66,1.13,$8.05,3.31,$4.73,5.64,$1.93,13.82,$1.17B,$1.37B,0.85,$0.04B,$0.20B,0.19,$0.07B,$0.06B,92.75%,$0.07B,$0.03B,36.23%,$0.07B,0,0.00%,$0.07B,0,0.00%,$0.07B,$0.03B,36.23%,$0.07B,$0.02B,24.64%,$0.02B,$0.20B,8.45%,$0.02B,$0.16B,10.97%,$0.02B,$1.62B,1.07%,$0.03B,$0.24B,10.79%,$17,$2,$16,$0,$10,$12,$6,$0,$6,$2,$4,$4,$4,$0,$0,$9,9,$0.46,$0.46,$73,$0,$0,$1170,$23,$351,$46,$25,$445,$1616,$1374,$38,$0,$38,$1412,$9,$118,$3,$204,$1616,$12,$3,$-2,$1,$-2,$0,$-0,$-0,$-2,$11,$-1,$0,$0,$0,$-12,$-12,$-76,$-88,$0,$18,$18,$-1,$-1,$-6,$43,$54,$-23,$1,$-6
9,2016-06-30,23.81,$23.55,1.01,$7.97,2.99,$4.70,5.07,$1.95,12.21,$1.15B,$1.36B,0.84,$0.04B,$0.20B,0.19,$0.07B,$0.06B,91.30%,$0.07B,$0.03B,36.23%,$0.07B,0,0.00%,$0.07B,0,0.00%,$0.07B,$0.03B,36.23%,$0.07B,$0.02B,24.64%,$0.02B,$0.20B,8.53%,$0.02B,$0.16B,11.13%,$0.02B,$1.60B,1.09%,$0.03B,$0.24B,10.87%,$17,$2,$16,$0,$9,$11,$6,$0,$6,$2,$4,$4,$4,$0,$0,$9,9,$0.47,$0.47,$73,$0,$0,$1145,$23,$363,$46,$25,$456,$1602,$1361,$38,$0,$38,$1399,$9,$116,$4,$203,$1602,$8,$3,$-3,$-0,$-2,$0,$0,$1,$-1,$6,$-0,$0,$0,$0,$-21,$-21,$-50,$-72,$0,$13,$13,$-1,$-1,$-4,$36,$43,$-22,$0,$-4
10,2016-03-31,23.74,$23.27,1.02,$7.95,2.99,$4.44,5.34,$1.81,13.12,$1.13B,$1.35B,0.84,$0.04B,$0.20B,0.19,$0.07B,$0.06B,91.30%,$0.07B,$0.02B,34.78%,$0.07B,0,0.00%,$0.07B,0,0.00%,$0.07B,$0.02B,33.33%,$0.07B,$0.02B,23.19%,$0.02B,$0.20B,8.11%,$0.02B,$0.15B,10.65%,$0.02B,$1.58B,1.04%,$0.02B,$0.24B,10.53%,$17,$2,$16,$0,$10,$12,$6,$0,$6,$2,$4,$4,$4,$0,$0,$9,9,$0.48,$0.48,$88,$0,$0,$1131,$23,$357,$46,$25,$451,$1583,$1345,$38,$0,$38,$1382,$9,$114,$3,$200,$1583,$4,$0,$-2,$-1,$2,$0,$0,$2,$4,$7,$-0,$0,$0,$0,$-15,$-15,$-27,$-43,$0,$2,$2,$-1,$-1,$-2,$30,$28,$-8,$0,$-2
11,2015-12-31,23.79,$22.95,1.04,$7.87,3.02,$4.06,5.86,$1.73,13.75,$1.11B,$1.34B,0.83,$0.01B,$0.20B,0.05,$0.07B,$0.06B,91.30%,$0.07B,$0.02B,33.33%,$0.07B,0,0.00%,$0.07B,0,0.00%,$0.07B,$0.02B,31.88%,$0.07B,$0.02B,23.19%,$0.02B,$0.20B,8.14%,$0.02B,$0.15B,10.74%,$0.02B,$1.55B,1.05%,$0.02B,$0.21B,10.13%,$18,$2,$16,$0,$9,$11,$7,$-0,$7,$2,$5,$5,$5,$0,$0,$9,9,$0.53,$0.53,$95,$0,$0,$1112,$24,$340,$47,$25,$436,$1548,$1340,$10,$0,$10,$1350,$9,$112,$2,$198,$1548,$15,$3,$2,$4,$-2,$0,$0,$2,$-0,$19,$-1,$0,$12,$0,$18,$18,$-47,$-17,$0,$-13,$-13,$-3,$-3,$-8,$50,$26,$28,$1,$-8
12,2015-09-30,21.58,$22.76,0.95,$7.68,2.81,$3.98,5.42,$1.57,13.74,$1.06B,$1.28B,0.83,$0.04B,$0.20B,0.19,$0.07B,$0.06B,90.91%,$0.07B,$0.02B,31.82%,$0.07B,0,0.00%,$0.07B,0,0.00%,$0.07B,$0.02B,28.79%,$0.07B,$0.01B,21.21%,$0.01B,$0.20B,7.35%,$0.01B,$0.15B,9.69%,$0.01B,$1.51B,0.95%,$0.02B,$0.23B,9.22%,$17,$1,$15,$0,$9,$11,$6,$-0,$6,$2,$4,$4,$4,$0,$0,$9,9,$0.47,$0.47,$66,$0,$0,$1059,$24,$358,$47,$24,$454,$1512,$1278,$38,$0,$38,$1316,$9,$109,$3,$196,$1512,$10,$2,$2,$4,$-2,$0,$0,$-0,$-2,$12,$-1,$0,$12,$0,$3,$3,$-22,$-8,$0,$-10,$-10,$-2,$-2,$-6,$14,$-5,$-1,$1,$-6
13,2015-06-30,21.69,$22.43,0.97,$7.66,2.83,$4.47,4.85,$1.50,14.46,$1.07B,$1.29B,0.83,$0.04B,$0.20B,0.19,$0.06B,$0.06B,90.63%,$0.06B,$0.02B,31.25%,$0.06B,0,0.00%,$0.06B,0,0.00%,$0.06B,$0.02B,28.13%,$0.06B,$0.01B,20.31%,$0.01B,$0.20B,7.04%,$0.01B,$0.15B,9.27%,$0.01B,$1.52B,0.91%,$0.02B,$0.23B,9.01%,$17,$1,$16,$0,$10,$12,$5,$-2,$4,$1,$3,$3,$3,$0,$0,$9,9,$0.33,$0.33,$76,$0,$0,$1072,$24,$356,$47,$25,$452,$1524,$1292,$38,$0,$38,$1329,$9,$107,$2,$195,$1524,$6,$3,$-1,$1,$-2,$0,$-0,$-2,$-3,$4,$-1,$0,$12,$0,$5,$5,$-26,$-9,$0,$-3,$-3,$-1,$-1,$-4,$21,$13,$8,$0,$-4
14,2015-03-31,20.37,$22.54,0.9,$7.53,2.7,$5.21,3.91,$1.58,12.89,$1.09B,$1.31B,0.84,$0.04B,$0.20B,0.19,$0.06B,$0.06B,90.16%,$0.06B,$0.02B,32.79%,$0.06B,0,0.00%,$0.06B,0,0.00%,$0.06B,$0.02B,31.15%,$0.06B,$0.01B,21.31%,$0.01B,$0.20B,7.26%,$0.01B,$0.15B,9.54%,$0.01B,$1.54B,0.94%,$0.02B,$0.23B,9.25%,$17,$1,$16,$0,$10,$12,$5,$-0,$5,$1,$4,$4,$4,$0,$0,$9,9,$0.40,$0.40,$113,$0,$0,$1091,$24,$352,$48,$25,$450,$1540,$1306,$37,$0,$37,$1343,$9,$106,$4,$197,$1540,$4,$1,$-1,$0,$-1,$0,$-0,$1,$-1,$3,$-0,$0,$12,$0,$12,$12,$-10,$14,$0,$0,$0,$0,$0,$-2,$30,$28,$46,$0,$-2
15,2014-12-31,22.15,$22.07,1.0,$7.44,2.98,$5.65,3.92,$1.62,13.67,$0.92B,$1.14B,0.81,$0.04B,$0.17B,0.22,$0.06B,$0.05B,88.14%,$0.06B,$0.02B,33.90%,$0.06B,0,0.00%,$0.06B,0,0.00%,$0.06B,$0.02B,32.20%,$0.06B,$0.01B,20.34%,$0.01B,$0.17B,6.97%,$0.01B,$0.13B,9.14%,$0.01B,$1.35B,0.91%,$0.02B,$0.21B,9.54%,$15,$1,$13,$0,$8,$10,$5,$-1,$4,$1,$3,$3,$3,$0,$0,$8,8,$0.37,$0.37,$67,$0,$0,$916,$23,$345,$41,$22,$431,$1346,$1135,$37,$0,$37,$1173,$8,$105,$4,$174,$1346,$13,$3,$0,$3,$2,$0,$-0,$-2,$1,$17,$-1,$0,$0,$0,$3,$3,$-43,$-41,$-0,$14,$14,$-1,$-1,$-7,$18,$24,$-0,$1,$-7
16,2014-09-30,20.11,$22.08,0.91,$7.57,2.66,$7.14,2.82,$1.65,12.19,$0.90B,$1.11B,0.82,$0.04B,$0.17B,0.22,$0.06B,$0.05B,88.33%,$0.06B,$0.02B,31.67%,$0.06B,0,0.00%,$0.06B,0,0.00%,$0.06B,$0.02B,31.67%,$0.06B,$0.01B,20.00%,$0.01B,$0.17B,7.03%,$0.01B,$0.13B,9.28%,$0.01B,$1.32B,0.92%,$0.02B,$0.21B,9.12%,$15,$1,$13,$0,$8,$10,$5,$-0,$5,$1,$3,$3,$3,$0,$0,$8,8,$0.40,$0.40,$81,$0,$0,$904,$23,$329,$41,$22,$415,$1319,$1109,$37,$0,$37,$1146,$8,$104,$5,$173,$1319,$10,$2,$0,$2,$1,$0,$-0,$1,$2,$14,$-1,$0,$0,$0,$20,$20,$-18,$0,$-0,$12,$12,$-2,$-2,$-5,$-7,$-1,$13,$0,$-5
17,2014-06-30,19.01,$21.95,0.87,$7.69,2.47,$8.41,2.26,$1.79,10.62,$0.86B,$1.09B,0.79,$0.04B,$0.17B,0.22,$0.06B,$0.05B,88.52%,$0.06B,$0.02B,32.79%,$0.06B,0,0.00%,$0.06B,0,0.00%,$0.06B,$0.02B,32.79%,$0.06B,$0.01B,21.31%,$0.01B,$0.17B,7.69%,$0.01B,$0.13B,10.24%,$0.01B,$1.30B,0.99%,$0.02B,$0.21B,9.70%,$14,$1,$13,$0,$8,$10,$5,$0,$5,$1,$3,$3,$3,$0,$0,$8,8,$0.41,$0.41,$44,$0,$0,$864,$23,$350,$42,$23,$437,$1301,$1091,$37,$0,$37,$1129,$8,$102,$5,$172,$1301,$7,$3,$-1,$2,$3,$0,$-0,$-1,$1,$10,$-0,$0,$0,$0,$-1,$-1,$-16,$-17,$-0,$11,$11,$-2,$-2,$-4,$-22,$-16,$-23,$0,$-4
18,2014-03-31,20.36,$21.57,0.94,$7.89,2.58,$9.36,2.18,$1.91,10.66,$0.86B,$1.09B,0.79,$0.04B,$0.17B,0.22,$0.06B,$0.06B,87.30%,$0.06B,$0.02B,33.33%,$0.06B,0,0.00%,$0.06B,0,0.00%,$0.06B,$0.02B,33.33%,$0.06B,$0.01B,22.22%,$0.01B,$0.17B,8.40%,$0.01B,$0.13B,11.27%,$0.01B,$1.30B,1.07%,$0.02B,$0.21B,10.29%,$15,$1,$13,$0,$8,$10,$5,$0,$5,$1,$3,$3,$3,$0,$0,$8,8,$0.44,$0.44,$71,$0,$0,$863,$23,$349,$42,$23,$437,$1300,$1092,$37,$0,$37,$1129,$8,$101,$4,$170,$1300,$3,$1,$-1,$1,$2,$0,$-0,$1,$2,$6,$-0,$0,$0,$0,$-2,$-2,$13,$11,$-0,$-5,$-5,$0,$0,$-2,$-6,$-14,$4,$0,$-2
19,2013-12-31,22.5,$21.23,1.06,$8.09,2.78,$10.31,2.18,$2.00,11.25,$0.87B,$1.10B,0.79,$0.04B,$0.17B,0.22,$0.06B,$0.06B,87.50%,$0.06B,$0.02B,34.38%,$0.06B,0,0.00%,$0.06B,0,0.00%,$0.06B,$0.02B,34.38%,$0.06B,$0.02B,23.44%,$0.02B,$0.17B,9.06%,$0.02B,$0.13B,12.24%,$0.02B,$1.31B,1.15%,$0.02B,$0.21B,10.86%,$16,$2,$14,$0,$10,$11,$4,$0,$4,$1,$3,$3,$3,$0,$0,$8,8,$0.39,$0.40,$68,$0,$0,$872,$24,$346,$42,$23,$435,$1308,$1103,$37,$0,$37,$1140,$8,$99,$3,$168,$1308,$16,$-1,$3,$2,$11,$0,$-0,$-1,$10,$28,$-1,$0,$0,$0,$-23,$-23,$4,$-21,$-0,$-10,$-11,$0,$0,$-7,$30,$13,$20,$1,$-7
20,2013-09-30,19.71,$21.03,0.94,$8.23,2.39,$8.70,2.27,$2.10,9.38,$0.89B,$1.12B,0.79,$0.04B,$0.17B,0.23,$0.07B,$0.06B,87.69%,$0.07B,$0.02B,35.38%,$0.07B,0,0.00%,$0.07B,0,0.00%,$0.07B,$0.02B,36.92%,$0.07B,$0.02B,24.62%,$0.02B,$0.17B,9.74%,$0.02B,$0.12B,13.20%,$0.02B,$1.32B,1.23%,$0.02B,$0.20B,11.41%,$16,$2,$14,$0,$8,$10,$6,$0,$6,$2,$4,$4,$4,$0,$0,$8,8,$0.54,$0.54,$78,$0,$0,$886,$24,$348,$43,$24,$438,$1324,$1121,$37,$0,$37,$1158,$8,$98,$2,$166,$1324,$13,$-1,$-1,$-2,$10,$0,$-0,$3,$13,$24,$-1,$0,$0,$0,$-23,$-23,$-2,$-26,$-0,$-6,$-6,$0,$0,$-5,$44,$33,$31,$0,$-5
21,2013-06-30,19.53,$20.70,0.94,$8.29,2.36,$7.53,2.59,$2.02,9.67,$0.86B,$1.09B,0.79,$0.04B,$0.16B,0.23,$0.07B,$0.06B,87.69%,$0.07B,$0.02B,33.85%,$0.07B,0,0.00%,$0.07B,0,0.00%,$0.07B,$0.02B,35.38%,$0.07B,$0.02B,24.62%,$0.02B,$0.16B,9.80%,$0.02B,$0.12B,13.33%,$0.02B,$1.29B,1.24%,$0.02B,$0.20B,10.97%,$16,$2,$14,$0,$8,$10,$6,$0,$6,$2,$4,$4,$4,$0,$0,$8,8,$0.54,$0.53,$57,$0,$0,$862,$24,$340,$43,$25,$432,$1294,$1094,$37,$0,$37,$1131,$8,$95,$2,$163,$1294,$8,$-1,$-1,$-2,$10,$0,$-0,$2,$11,$17,$-1,$0,$0,$0,$-15,$-15,$-0,$-16,$-0,$-8,$-8,$0,$0,$-4,$19,$7,$9,$0,$-4
22,2013-03-31,17.94,$20.99,0.85,$8.51,2.11,$5.63,3.19,$2.03,8.84,$0.86B,$1.09B,0.79,$0.04B,$0.17B,0.23,$0.07B,$0.06B,88.06%,$0.07B,$0.02B,32.84%,$0.07B,0,0.00%,$0.07B,0,0.00%,$0.07B,$0.02B,34.33%,$0.07B,$0.02B,23.88%,$0.02B,$0.17B,9.88%,$0.02B,$0.12B,13.50%,$0.02B,$1.29B,1.24%,$0.02B,$0.20B,11.03%,$16,$2,$14,$0,$8,$10,$6,$0,$6,$2,$4,$4,$4,$0,$0,$8,8,$0.53,$0.53,$58,$0,$0,$860,$24,$341,$43,$25,$434,$1294,$1092,$37,$0,$37,$1129,$8,$93,$7,$165,$1294,$4,$-0,$0,$-0,$10,$0,$-0,$0,$10,$14,$-0,$0,$0,$0,$-8,$-8,$-1,$-9,$-0,$-3,$-3,$0,$0,$-2,$10,$5,$10,$0,$-2
23,2012-12-31,16.61,$20.80,0.8,$8.82,1.88,$4.70,3.54,$2.03,8.18,$0.85B,$1.08B,0.79,$0.04B,$0.16B,0.23,$0.07B,$0.06B,87.14%,$0.07B,$0.02B,31.43%,$0.07B,0,0.00%,$0.07B,0,0.00%,$0.07B,$0.02B,32.86%,$0.07B,$0.02B,22.86%,$0.02B,$0.16B,10.03%,$0.02B,$0.12B,13.85%,$0.02B,$1.28B,1.23%,$0.02B,$0.20B,11.17%,$17,$2,$15,$0,$9,$11,$5,$0,$6,$2,$4,$4,$4,$0,$0,$8,8,$0.50,$0.51,$47,$0,$0,$854,$25,$335,$44,$26,$429,$1284,$1083,$37,$0,$37,$1120,$8,$91,$8,$163,$1284,$16,$7,$-2,$5,$-7,$0,$-0,$1,$-7,$15,$-0,$0,$0,$0,$-3,$-3,$44,$40,$-3,$4,$1,$0,$0,$-7,$-31,$-36,$19,$1,$-7
24,2012-09-30,18.37,$20.66,0.89,$9.52,1.93,$4.47,4.11,$2.12,8.67,$0.88B,$1.11B,0.8,$0.04B,$0.16B,0.23,$0.07B,$0.06B,86.30%,$0.07B,$0.02B,32.88%,$0.07B,0,0.00%,$0.07B,0,0.00%,$0.07B,$0.02B,32.88%,$0.07B,$0.02B,23.29%,$0.02B,$0.16B,10.83%,$0.02B,$0.12B,15.14%,$0.02B,$1.31B,1.30%,$0.02B,$0.20B,12.36%,$16,$2,$14,$0,$9,$11,$5,$0,$5,$1,$4,$4,$4,$0,$0,$8,8,$0.46,$0.46,$68,$0,$0,$884,$25,$328,$44,$25,$422,$1306,$1106,$37,$0,$37,$1144,$8,$88,$9,$162,$1306,$12,$-2,$4,$3,$-2,$0,$-0,$1,$-1,$14,$-0,$0,$0,$0,$6,$6,$33,$39,$-0,$-3,$-3,$0,$0,$-5,$-6,$-14,$39,$1,$-5
25,2012-06-30,18.97,$20.22,0.94,$9.69,1.96,$4.21,4.5,$2.18,8.7,$0.86B,$1.10B,0.79,$0.04B,$0.16B,0.24,$0.07B,$0.06B,86.49%,$0.07B,$0.03B,33.78%,$0.07B,0,0.00%,$0.07B,0,0.00%,$0.07B,$0.03B,33.78%,$0.07B,$0.02B,22.97%,$0.02B,$0.16B,11.02%,$0.02B,$0.11B,15.53%,$0.02B,$1.29B,1.30%,$0.03B,$0.20B,13.04%,$18,$2,$16,$0,$9,$12,$6,$0,$6,$2,$4,$4,$4,$0,$0,$8,8,$0.55,$0.54,$29,$0,$0,$862,$25,$335,$45,$24,$429,$1291,$1095,$37,$0,$37,$1132,$8,$87,$7,$158,$1291,$8,$-2,$3,$2,$-3,$0,$-0,$-5,$-8,$2,$-0,$0,$0,$0,$-2,$-2,$22,$20,$-0,$-2,$-3,$0,$0,$-4,$-16,$-22,$0,$0,$-4
26,2012-03-31,16.97,$19.80,0.86,$9.15,1.85,$5.18,3.27,$1.80,9.43,$0.89B,$1.13B,0.79,$0.04B,$0.16B,0.24,$0.07B,$0.06B,85.07%,$0.07B,$0.02B,31.34%,$0.07B,0,0.00%,$0.07B,0,0.00%,$0.07B,$0.02B,29.85%,$0.07B,$0.01B,20.90%,$0.01B,$0.16B,9.82%,$0.01B,$0.11B,13.59%,$0.01B,$1.32B,1.17%,$0.02B,$0.19B,11.95%,$19,$2,$16,$0,$10,$13,$6,$-0,$6,$2,$4,$4,$4,$0,$0,$8,8,$0.53,$0.53,$55,$0,$0,$889,$26,$337,$45,$26,$434,$1323,$1131,$37,$0,$37,$1168,$8,$84,$6,$155,$1323,$4,$-1,$-0,$-1,$3,$0,$-0,$1,$3,$7,$-0,$0,$0,$0,$-5,$-5,$11,$5,$-0,$0,$0,$0,$0,$-2,$16,$14,$26,$0,$-2
27,2011-12-31,15.36,$19.58,0.78,$8.51,1.81,$5.26,2.92,$1.56,9.85,$0.88B,$1.11B,0.79,$0.04B,$0.15B,0.25,$0.06B,$0.05B,84.75%,$0.06B,$0.02B,30.51%,$0.06B,0,0.00%,$0.06B,0,0.00%,$0.06B,$0.02B,27.12%,$0.06B,$0.01B,20.34%,$0.01B,$0.15B,9.16%,$0.01B,$0.11B,12.37%,$0.01B,$1.31B,1.12%,$0.02B,$0.19B,11.16%,$20,$2,$17,$0,$10,$13,$7,$-0,$7,$2,$5,$5,$5,$0,$0,$7,7,$0.67,$0.67,$29,$0,$0,$876,$26,$333,$45,$24,$429,$1305,$1114,$37,$0,$37,$1152,$8,$82,$7,$153,$1305,$12,$5,$1,$6,$-3,$0,$-0,$-1,$-4,$13,$-2,$0,$35,$0,$-43,$-43,$30,$21,$-8,$-5,$-13,$0,$-3,$-7,$-1,$-24,$10,$1,$-6
28,2011-09-30,14.01,$19.40,0.72,$7.60,1.84,$5.38,2.6,$1.27,11.03,$0.91B,$1.12B,0.81,$0.04B,$0.15B,0.26,$0.05B,$0.04B,84.31%,$0.05B,$0.01B,27.45%,$0.05B,0,0.00%,$0.05B,0,0.00%,$0.05B,$0.01B,23.53%,$0.05B,$0.01B,17.65%,$0.01B,$0.15B,7.52%,$0.01B,$0.11B,9.86%,$0.01B,$1.31B,0.94%,$0.01B,$0.19B,9.46%,$17,$2,$15,$0,$8,$11,$6,$-0,$6,$2,$4,$4,$4,$0,$0,$8,8,$0.52,$0.52,$54,$0,$0,$908,$26,$314,$45,$12,$397,$1305,$1116,$37,$0,$37,$1154,$8,$77,$5,$151,$1305,$7,$1,$2,$3,$1,$0,$-0,$2,$3,$13,$-1,$0,$35,$0,$-25,$-25,$31,$40,$-8,$-9,$-18,$0,$0,$-5,$4,$-18,$35,$0,$-5
29,2011-06-30,14.14,$18.06,0.78,$7.20,1.97,$4.88,2.9,$1.11,12.74,$0.56B,$0.71B,0.79,$0.02B,$0.11B,0.19,$0.05B,$0.04B,82.22%,$0.05B,$0.01B,24.44%,$0.05B,0,0.00%,$0.05B,0,0.00%,$0.05B,$0.01B,20.00%,$0.05B,$0.01B,15.56%,$0.01B,$0.11B,6.38%,$0.01B,$0.09B,8.12%,$0.01B,$0.85B,0.84%,$0.01B,$0.13B,8.10%,$11,$2,$9,$0,$6,$9,$2,$-1,$1,$0,$1,$1,$1,$0,$0,$6,6,$0.16,$0.16,$39,$0,$0,$562,$19,$234,$24,$7,$284,$846,$714,$21,$0,$21,$735,$6,$75,$3,$111,$846,$3,$1,$1,$2,$1,$0,$-0,$1,$3,$8,$-0,$0,$0,$0,$2,$2,$6,$8,$-8,$-3,$-11,$0,$0,$-3,$19,$5,$21,$0,$-3
30,2011-03-31,17.09,$17.78,0.96,$7.29,2.35,$4.32,3.95,$1.28,13.35,$0.57B,$0.71B,0.8,$0.03B,$0.11B,0.23,$0.05B,$0.04B,82.22%,$0.05B,$0.01B,26.67%,$0.05B,0,0.00%,$0.05B,0,0.00%,$0.05B,$0.01B,24.44%,$0.05B,$0.01B,17.78%,$0.01B,$0.11B,7.32%,$0.01B,$0.09B,9.36%,$0.01B,$0.85B,0.96%,$0.01B,$0.13B,8.74%,$11,$2,$9,$0,$6,$8,$3,$-0,$2,$1,$2,$2,$2,$0,$0,$6,6,$0.29,$0.29,$40,$0,$0,$565,$19,$229,$24,$8,$280,$845,$711,$25,$0,$25,$736,$6,$75,$0,$109,$845,$2,$1,$1,$1,$2,$0,$-0,$1,$3,$6,$-0,$0,$0,$0,$3,$3,$4,$7,$-4,$-9,$-13,$0,$0,$-1,$23,$9,$21,$0,$-1
31,2010-12-31,17.69,$17.64,1.0,$7.35,2.41,$4.08,4.33,$1.35,13.1,$0.55B,$0.70B,0.79,$0.03B,$0.11B,0.27,$0.05B,$0.04B,82.22%,$0.05B,$0.01B,26.67%,$0.05B,0,0.00%,$0.05B,0,0.00%,$0.05B,$0.01B,26.67%,$0.05B,$0.01B,17.78%,$0.01B,$0.11B,7.36%,$0.01B,$0.08B,9.44%,$0.01B,$0.83B,0.97%,$0.01B,$0.14B,8.71%,$12,$2,$10,$0,$7,$9,$3,$0,$3,$1,$2,$2,$2,$0,$0,$6,6,$0.30,$0.30,$19,$0,$0,$547,$20,$232,$24,$12,$287,$834,$696,$29,$0,$29,$726,$6,$75,$-0,$108,$834,$8,$2,$2,$4,$-1,$0,$-0,$1,$-0,$12,$-1,$0,$0,$0,$-39,$-39,$5,$-35,$-0,$-13,$-13,$0,$0,$-6,$36,$17,$-5,$0,$-6
32,2010-09-30,16.32,$18.10,0.9,$7.50,2.17,$3.19,5.12,$1.40,11.65,$0.56B,$0.68B,0.82,$0.03B,$0.11B,0.26,$0.05B,$0.04B,80.43%,$0.05B,$0.01B,30.43%,$0.05B,0,0.00%,$0.05B,0,0.00%,$0.05B,$0.01B,26.09%,$0.05B,$0.01B,17.39%,$0.01B,$0.11B,7.39%,$0.01B,$0.09B,9.50%,$0.01B,$0.82B,0.98%,$0.01B,$0.14B,10.18%,$11,$2,$9,$0,$6,$8,$3,$0,$3,$1,$2,$2,$2,$0,$0,$6,6,$0.36,$0.36,$27,$0,$0,$558,$20,$214,$24,$8,$266,$824,$684,$29,$0,$29,$713,$6,$74,$3,$111,$824,$6,$2,$1,$3,$-2,$0,$-0,$1,$-1,$8,$-2,$0,$0,$0,$-16,$-16,$7,$-10,$-0,$-12,$-12,$0,$0,$-4,$21,$5,$3,$0,$-4
33,2010-06-30,15.73,$17.76,0.89,$7.57,2.08,$2.73,5.76,$1.39,11.32,$0.57B,$0.70B,0.81,$0.03B,$0.11B,0.27,$0.05B,$0.04B,78.72%,$0.05B,$0.01B,29.79%,$0.05B,0,0.00%,$0.05B,0,0.00%,$0.05B,$0.01B,25.53%,$0.05B,$0.01B,17.02%,$0.01B,$0.11B,7.49%,$0.01B,$0.09B,9.67%,$0.01B,$0.83B,0.98%,$0.01B,$0.14B,10.29%,$11,$2,$9,$0,$6,$8,$3,$0,$3,$1,$2,$2,$2,$0,$0,$6,6,$0.33,$0.33,$34,$0,$0,$565,$20,$216,$24,$8,$268,$833,$695,$29,$0,$29,$724,$6,$74,$2,$109,$833,$4,$1,$1,$2,$-1,$0,$-0,$-0,$-1,$5,$-1,$0,$0,$0,$-20,$-20,$7,$-14,$-0,$-4,$-4,$0,$0,$-3,$26,$19,$10,$0,$-3
34,2010-03-31,14.65,$17.50,0.84,$7.72,1.9,$1.40,10.48,$1.34,10.93,$0.56B,$0.67B,0.83,$0.03B,$0.11B,0.27,$0.05B,$0.04B,77.08%,$0.05B,$0.01B,27.08%,$0.05B,0,0.00%,$0.05B,0,0.00%,$0.05B,$0.01B,22.92%,$0.05B,$0.01B,16.67%,$0.01B,$0.11B,7.60%,$0.01B,$0.08B,9.88%,$0.01B,$0.81B,0.99%,$0.01B,$0.14B,9.67%,$11,$2,$9,$0,$6,$8,$3,$0,$3,$1,$2,$2,$2,$0,$0,$6,6,$0.36,$0.36,$37,$0,$0,$563,$19,$197,$24,$8,$248,$811,$674,$29,$0,$29,$703,$6,$73,$1,$107,$811,$2,$0,$0,$1,$0,$0,$-0,$1,$2,$4,$-0,$0,$0,$0,$-2,$-2,$12,$10,$-0,$-6,$-6,$0,$0,$-1,$5,$-2,$13,$0,$-1
35,2009-12-31,15.74,$17.41,0.9,$7.64,2.06,$0.86,18.28,$1.11,14.18,$0.56B,$0.67B,0.84,$0.03B,$0.11B,0.28,$0.05B,$0.04B,74.47%,$0.05B,$0.01B,23.40%,$0.05B,0,0.00%,$0.05B,0,0.00%,$0.05B,$0.01B,19.15%,$0.05B,$0.01B,14.89%,$0.01B,$0.11B,6.73%,$0.01B,$0.08B,8.81%,$0.01B,$0.81B,0.86%,$0.01B,$0.14B,8.18%,$13,$2,$10,$0,$6,$8,$5,$0,$3,$1,$2,$2,$2,$0,$0,$6,6,$0.35,$0.36,$24,$0,$0,$563,$19,$195,$24,$8,$246,$809,$673,$29,$0,$29,$703,$6,$72,$1,$106,$809,$7,$1,$3,$5,$-1,$0,$-0,$-2,$-3,$8,$-3,$0,$0,$0,$-57,$-57,$41,$-20,$-5,$6,$1,$0,$0,$-6,$15,$11,$-0,$0,$-6
36,2009-09-30,15.51,$17.18,0.9,$7.54,2.06,$0.32,48.6,$1.04,14.91,$0.57B,$0.68B,0.85,$0.03B,$0.11B,0.28,$0.05B,$0.03B,73.91%,$0.05B,$0.01B,17.39%,$0.05B,0,0.00%,$0.05B,0,0.00%,$0.05B,$0.01B,17.39%,$0.05B,$0.01B,15.22%,$0.01B,$0.11B,6.80%,$0.01B,$0.08B,8.92%,$0.01B,$0.81B,0.86%,$0.01B,$0.13B,5.94%,$12,$2,$9,$0,$6,$9,$3,$0,$3,$1,$2,$2,$2,$0,$0,$6,6,$0.36,$0.35,$26,$0,$0,$574,$19,$188,$24,$5,$237,$810,$676,$29,$0,$29,$705,$6,$71,$0,$105,$810,$5,$1,$2,$3,$-3,$0,$-0,$2,$-1,$7,$-3,$0,$0,$0,$-45,$-45,$30,$-18,$-5,$16,$11,$0,$0,$-4,$7,$14,$2,$0,$-4
37,2009-06-30,13.54,$16.82,0.8,$7.72,1.75,$0.00,0.0,$1.05,12.89,$0.61B,$0.68B,0.9,$0.03B,$0.10B,0.29,$0.05B,$0.03B,72.34%,$0.05B,$0.01B,17.02%,$0.05B,0,0.00%,$0.05B,0,0.00%,$0.05B,$0.01B,17.02%,$0.05B,$0.01B,14.89%,$0.01B,$0.10B,6.83%,$0.01B,$0.08B,9.00%,$0.01B,$0.81B,0.87%,$0.01B,$0.13B,5.90%,$12,$3,$9,$0,$7,$10,$2,$0,$2,$1,$2,$2,$2,$0,$0,$6,6,$0.28,$0.28,$41,$0,$0,$613,$19,$151,$24,$4,$199,$811,$680,$29,$0,$29,$709,$6,$71,$-1,$103,$811,$2,$1,$2,$2,$-9,$0,$-0,$3,$-6,$-2,$-2,$0,$0,$0,$-10,$-10,$12,$0,$-5,$-0,$-5,$0,$0,$-3,$26,$18,$17,$0,$-3
38,2009-03-31,10.83,$16.77,0.65,$7.83,1.38,$0.94,11.5,$1.07,10.12,$0.61B,$0.69B,0.88,$0.03B,$0.10B,0.34,$0.05B,$0.03B,70.83%,$0.05B,$0.01B,16.67%,$0.05B,0,0.00%,$0.05B,0,0.00%,$0.05B,$0.01B,16.67%,$0.05B,$0.01B,14.58%,$0.01B,$0.10B,6.85%,$0.01B,$0.08B,9.03%,$0.01B,$0.83B,0.87%,$0.01B,$0.14B,5.61%,$10,$3,$7,$0,$6,$9,$1,$0,$1,$0,$1,$1,$1,$0,$0,$6,6,$0.13,$0.13,$32,$0,$0,$609,$18,$175,$24,$3,$221,$829,$693,$34,$0,$34,$728,$6,$70,$-1,$102,$829,$1,$0,$1,$1,$-1,$0,$0,$1,$-0,$2,$-1,$0,$0,$0,$-33,$-33,$2,$-33,$-0,$14,$14,$-0,$-0,$-1,$27,$39,$8,$0,$-1
39,2008-12-31,11.63,$16.81,0.69,$8.31,1.4,$1.29,9.04,$1.32,8.81,$0.60B,$0.65B,0.92,$0.03B,$0.10B,0.34,$0.05B,$0.04B,70.59%,$0.05B,$0.01B,19.61%,$0.05B,0,0.00%,$0.05B,0,0.00%,$0.05B,$0.01B,19.61%,$0.05B,$0.01B,15.69%,$0.01B,$0.10B,7.80%,$0.01B,$0.08B,10.29%,$0.01B,$0.79B,1.01%,$0.01B,$0.14B,6.97%,$12,$4,$9,$0,$6,$10,$2,$0,$2,$1,$2,$2,$2,$0,$0,$6,6,$0.28,$0.27,$24,$0,$0,$602,$17,$137,$25,$8,$187,$789,$652,$34,$0,$34,$687,$6,$71,$-1,$102,$789,$8,$1,$3,$4,$0,$0,$-0,$-4,$-5,$7,$-5,$0,$0,$0,$18,$18,$-25,$-13,$5,$5,$9,$-1,$-1,$-6,$8,$11,$6,$0,$-6
40,2008-09-30,12.14,$16.86,0.72,$8.64,1.41,$2.98,4.07,$1.49,8.15,$0.62B,$0.66B,0.93,$0.03B,$0.10B,0.34,$0.05B,$0.04B,67.92%,$0.05B,$0.01B,22.64%,$0.05B,0,0.00%,$0.05B,0,0.00%,$0.05B,$0.01B,22.64%,$0.05B,$0.01B,16.98%,$0.01B,$0.10B,8.78%,$0.01B,$0.08B,11.61%,$0.01B,$0.80B,1.14%,$0.01B,$0.14B,8.45%,$13,$4,$9,$0,$6,$10,$3,$0,$3,$1,$2,$2,$2,$0,$0,$6,6,$0.36,$0.36,$33,$0,$0,$618,$17,$141,$25,$0,$183,$801,$663,$34,$0,$34,$698,$6,$71,$-1,$103,$801,$6,$1,$2,$3,$-1,$0,$-0,$-2,$-3,$6,$-4,$0,$0,$0,$15,$15,$-26,$-15,$5,$16,$21,$-1,$-1,$-4,$8,$24,$15,$0,$-4
41,2008-06-30,12.14,$16.71,0.73,$8.93,1.36,$4.18,2.9,$1.61,7.54,$0.61B,$0.63B,0.96,$0.06B,$0.10B,0.57,$0.06B,$0.04B,67.27%,$0.06B,$0.01B,23.64%,$0.06B,0,0.00%,$0.06B,0,0.00%,$0.06B,$0.01B,23.64%,$0.06B,$0.01B,18.18%,$0.01B,$0.10B,9.85%,$0.01B,$0.08B,13.07%,$0.01B,$0.79B,1.28%,$0.01B,$0.16B,9.29%,$13,$4,$9,$0,$6,$10,$2,$0,$2,$1,$2,$2,$2,$0,$0,$6,6,$0.30,$0.30,$28,$0,$0,$606,$14,$146,$25,$0,$185,$791,$631,$58,$0,$58,$689,$6,$70,$-1,$102,$791,$4,$1,$1,$2,$-1,$0,$-0,$-2,$-3,$3,$-1,$0,$0,$0,$10,$10,$-18,$-9,$5,$27,$31,$-0,$-0,$-3,$-12,$16,$10,$0,$-3
42,2008-03-31,13.97,$16.86,0.83,$9.21,1.52,$4.72,2.96,$1.80,7.76,$0.59B,$0.65B,0.91,$0.04B,$0.10B,0.36,$0.06B,$0.04B,66.67%,$0.06B,$0.02B,26.32%,$0.06B,0,0.00%,$0.06B,0,0.00%,$0.06B,$0.02B,26.32%,$0.06B,$0.01B,19.30%,$0.01B,$0.10B,10.97%,$0.01B,$0.08B,14.62%,$0.01B,$0.79B,1.42%,$0.02B,$0.14B,11.36%,$13,$5,$9,$0,$5,$10,$3,$0,$3,$1,$2,$2,$2,$0,$0,$6,6,$0.38,$0.38,$25,$0,$0,$586,$13,$161,$25,$0,$199,$785,$645,$37,$0,$37,$682,$6,$70,$0,$103,$785,$2,$0,$0,$1,$-0,$0,$-0,$1,$0,$3,$-0,$0,$0,$0,$-2,$-2,$-3,$-6,$4,$6,$10,$-0,$-0,$-1,$0,$9,$6,$0,$-1
43,2007-12-31,12.97,$16.59,0.78,$9.31,1.39,$4.60,2.82,$1.86,6.98,$0.58B,$0.64B,0.9,$0.03B,$0.10B,0.29,$0.06B,$0.04B,65.52%,$0.06B,$0.02B,27.59%,$0.06B,0,0.00%,$0.06B,0,0.00%,$0.06B,$0.02B,27.59%,$0.06B,$0.01B,20.69%,$0.01B,$0.10B,12.15%,$0.01B,$0.08B,16.33%,$0.01B,$0.77B,1.55%,$0.02B,$0.13B,12.31%,$14,$5,$9,$0,$5,$10,$4,$0,$4,$1,$3,$3,$3,$0,$0,$6,6,$0.45,$0.45,$18,$0,$0,$576,$13,$157,$25,$1,$196,$772,$641,$30,$0,$30,$671,$6,$69,$-0,$102,$772,$11,$1,$1,$2,$1,$0,$0,$0,$1,$14,$-2,$0,$0,$0,$8,$8,$-10,$-4,$-6,$22,$16,$-1,$-1,$-6,$-27,$-18,$-8,$0,$-6
44,2007-09-30,14.28,$16.23,0.88,$9.34,1.53,$4.28,3.33,$1.88,7.59,$0.58B,$0.64B,0.91,$0.03B,$0.10B,0.3,$0.06B,$0.04B,65.52%,$0.06B,$0.02B,27.59%,$0.06B,0,0.00%,$0.06B,0,0.00%,$0.06B,$0.02B,27.59%,$0.06B,$0.01B,20.69%,$0.01B,$0.10B,12.37%,$0.01B,$0.07B,16.72%,$0.01B,$0.77B,1.55%,$0.02B,$0.13B,12.31%,$15,$5,$10,$0,$5,$10,$4,$0,$4,$1,$3,$3,$3,$0,$0,$6,6,$0.48,$0.48,$20,$0,$0,$581,$13,$148,$25,$0,$186,$768,$639,$30,$0,$30,$668,$6,$68,$-1,$99,$768,$9,$1,$0,$1,$1,$0,$-0,$-0,$1,$11,$-2,$0,$0,$0,$16,$16,$-13,$2,$-6,$15,$9,$-1,$-1,$-4,$-22,$-18,$-6,$0,$-4
45,2007-06-30,14.3,$15.82,0.9,$9.28,1.54,$3.78,3.79,$1.90,7.53,$0.60B,$0.64B,0.93,$0.03B,$0.10B,0.32,$0.06B,$0.04B,66.67%,$0.06B,$0.02B,28.07%,$0.06B,0,0.00%,$0.06B,0,0.00%,$0.06B,$0.02B,28.07%,$0.06B,$0.01B,21.05%,$0.01B,$0.10B,12.50%,$0.01B,$0.07B,17.02%,$0.01B,$0.77B,1.53%,$0.02B,$0.13B,11.87%,$15,$5,$10,$0,$5,$10,$4,$0,$4,$1,$3,$3,$3,$0,$0,$6,6,$0.49,$0.49,$39,$0,$0,$599,$13,$134,$25,$0,$172,$771,$643,$31,$0,$31,$674,$6,$67,$-2,$97,$771,$6,$1,$0,$1,$-1,$0,$-0,$-0,$-1,$6,$-1,$0,$0,$0,$28,$28,$-10,$18,$-5,$10,$5,$-0,$-0,$-3,$-13,$-11,$13,$0,$-3
46,2007-03-31,14.4,$15.70,0.92,$9.25,1.56,$3.38,4.26,$1.89,7.62,$0.60B,$0.66B,0.91,$0.04B,$0.10B,0.37,$0.06B,$0.04B,67.86%,$0.06B,$0.02B,28.57%,$0.06B,0,0.00%,$0.06B,0,0.00%,$0.06B,$0.02B,28.57%,$0.06B,$0.01B,21.43%,$0.01B,$0.10B,12.66%,$0.01B,$0.07B,17.39%,$0.01B,$0.79B,1.51%,$0.02B,$0.13B,11.83%,$14,$5,$9,$0,$5,$10,$4,$0,$4,$1,$3,$3,$3,$0,$0,$6,6,$0.44,$0.44,$46,$0,$0,$598,$13,$152,$25,$0,$190,$788,$655,$36,$0,$36,$691,$6,$66,$-2,$97,$788,$3,$0,$0,$0,$-0,$0,$-0,$0,$-0,$3,$-1,$0,$0,$0,$11,$11,$-1,$10,$-0,$11,$11,$-0,$-0,$-1,$-2,$7,$20,$0,$-1
47,2006-12-31,14.53,$15.42,0.94,$8.93,1.63,$3.50,4.16,$1.89,7.69,$0.58B,$0.65B,0.89,$0.04B,$0.10B,0.38,$0.05B,$0.04B,69.81%,$0.05B,$0.02B,28.30%,$0.05B,0,0.00%,$0.05B,0,0.00%,$0.05B,$0.02B,28.30%,$0.05B,$0.01B,20.75%,$0.01B,$0.10B,12.36%,$0.01B,$0.07B,15.77%,$0.01B,$0.78B,1.46%,$0.02B,$0.13B,12.00%,$14,$5,$9,$0,$4,$10,$4,$0,$4,$2,$3,$3,$3,$0,$0,$6,6,$0.48,$0.48,$26,$0,$0,$577,$12,$163,$25,$0,$200,$778,$647,$36,$0,$36,$683,$6,$65,$-2,$95,$778,$11,$1,$1,$2,$-1,$0,$0,$-2,$-3,$11,$-1,$0,$-14,$0,$11,$11,$10,$7,$18,$-6,$12,$-1,$-1,$-5,$-25,$-19,$-1,$0,$-5
