,Date,Stock Price,Book Value per Share,Price to Book Ratio,TTM Sales per Share,Price to Sales Ratio,TTM FCF per Share,Price to FCF Ratio,TTM Net EPS,PE Ratio,Current Assets,Current Liabilities,Current Ratio,Long Term Debt,Shareholder's Equity_x,Debt to Equity Ratio,TTM Revenue_x,TTM Gross Profit,Gross Margin,TTM Revenue_y,TTM Operating Income,Operating Margin,TTM Revenue_x,TTM EBIT,EBIT Margin,TTM Revenue_y,TTM EBITDA,EBITDA Margin,TTM Revenue_x,TTM Pre-Tax Income,Pre-Tax Margin,TTM Revenue_y,TTM Net Income_x,Net Margin,TTM Net Income_y,Shareholder's Equity_y,Return on Equity,TTM Net Income_x,Tangible Equity,Return on Tangible Equity,TTM Net Income_y,Total Assets,Return on Assets,TTM Net Income,LT Investments & Debt,Return on Investment,revenue,cost-goods-sold,gross-profit,research-development-expenses,selling-general-administrative-expenses,operating-expenses,operating-income,total-non-operating-income-expense,pre-tax-income,total-provision-income-taxes,income-after-taxes,income-from-continuous-operations,net-income,ebitda,ebit,basic-shares-outstanding,shares-outstanding,eps-basic-net-earnings-per-share,eps-earnings-per-share-diluted,cash-on-hand,inventory,other-current-assets,total-current-assets,net-property-plant-equipment,long-term-investments,goodwill-intangible-assets-total,other-long-term-assets,total-long-term-assets,total-assets,total-current-liabilities,long-term-debt,other-non-current-liabilities,total-long-term-liabilities,total-liabilities,common-stock-net,retained-earnings-accumulated-deficit,comprehensive-income,total-share-holder-equity,total-liabilities-share-holders-equity,net-income-loss,total-depreciation-amortization-cash-flow,other-non-cash-items,total-non-cash-items,change-in-accounts-receivable,change-in-inventories,change-in-accounts-payable,change-in-assets-liabilities,total-change-in-assets-liabilities,cash-flow-from-operating-activities,net-change-in-property-plant-equipment,net-change-in-intangible-assets,net-acquisitions-divestitures,net-change-in-short-term-investments,net-change-in-long-term-investments,net-change-in-investments-total,investing-activities-other,cash-flow-from-investing-activities,net-long-term-debt,net-current-debt,debt-issuance-retirement-net-total,net-common-equity-issued-repurchased,net-total-equity-issued-repurchased,total-common-preferred-stock-dividends-paid,financial-activities-other,cash-flow-from-financial-activities,net-cash-flow,stock-based-compensation,common-stock-dividends-paid
0,2018-09-30,54.43,$10.60,5.13,$32.35,1.68,$2.29,23.82,$1.43,38.06,$0.11B,$0.04B,2.44,$0.06B,$0.10B,0.62,$0.30B,$0.09B,30.46%,$0.30B,$0.02B,7.95%,$0.30B,$0.02B,7.95%,$0.30B,$0.04B,11.92%,$0.30B,$0.02B,7.62%,$0.30B,$0.01B,4.30%,$0.01B,$0.10B,13.76%,$0.01B,$0.03B,47.71%,$0.01B,$0.22B,6.19%,$0.02B,$0.16B,15.46%,$80,$56,$24,$5,$11,$73,$7,$-1,$7,$2,$5,$5,$5,$10,$7,$9,9,$0.52,$0.52,$11,$45,$0,$105,$43,$0,$68,$6,$117,$222,$43,$62,$9,$79,$122,$33,$74,$-7,$100,$222,$13,$9,$2,$10,$-12,$-11,$8,$-2,$-12,$11,$-11,$0,$-13,$0,$0,$0,$0,$-24,$9,$0,$9,$0,$0,$-1,$0,$9,$-4,$2,$-1
1,2018-06-30,47.85,$10.08,4.75,$30.80,1.55,$3.40,14.06,$1.24,38.59,$0.10B,$0.04B,2.67,$0.06B,$0.10B,0.68,$0.29B,$0.09B,30.66%,$0.29B,$0.02B,7.67%,$0.29B,$0.02B,7.67%,$0.29B,$0.03B,11.85%,$0.29B,$0.02B,7.32%,$0.29B,$0.01B,3.83%,$0.01B,$0.10B,12.05%,$0.01B,$0.03B,43.14%,$0.01B,$0.22B,5.43%,$0.02B,$0.16B,14.50%,$80,$56,$24,$5,$11,$74,$6,$-0,$6,$2,$4,$4,$4,$9,$6,$9,9,$0.46,$0.45,$15,$41,$0,$101,$40,$0,$69,$5,$114,$215,$38,$64,$9,$82,$120,$32,$70,$-7,$96,$215,$8,$6,$1,$7,$-8,$-7,$6,$-1,$-8,$7,$-6,$0,$-13,$0,$0,$0,$0,$-19,$-3,$14,$12,$0,$0,$-1,$0,$11,$-0,$1,$-1
2,2018-03-31,39.7,$10.03,3.96,$28.76,1.38,$3.72,10.68,$1.03,38.54,$0.10B,$0.04B,2.57,$0.06B,$0.10B,0.66,$0.27B,$0.08B,30.71%,$0.27B,$0.02B,7.49%,$0.27B,$0.02B,7.49%,$0.27B,$0.03B,11.99%,$0.27B,$0.02B,6.74%,$0.27B,$0.01B,3.37%,$0.01B,$0.10B,10.26%,$0.01B,$0.02B,38.30%,$0.01B,$0.22B,4.61%,$0.02B,$0.16B,13.49%,$77,$54,$23,$5,$10,$70,$6,$-1,$6,$1,$4,$4,$4,$9,$6,$9,9,$0.45,$0.45,$13,$40,$0,$100,$39,$0,$71,$4,$115,$215,$39,$63,$9,$81,$120,$32,$66,$-3,$95,$215,$4,$3,$4,$7,$-8,$-4,$5,$-1,$-9,$2,$-2,$0,$-13,$0,$0,$0,$0,$-16,$10,$0,$10,$1,$1,$0,$0,$11,$-3,$0,$0
3,2017-12-31,33.03,$9.27,3.56,$27.20,1.21,$3.89,8.5,$0.87,37.96,$0.08B,$0.03B,2.77,$0.05B,$0.09B,0.6,$0.25B,$0.08B,30.68%,$0.25B,$0.02B,7.17%,$0.25B,$0.02B,7.17%,$0.25B,$0.03B,11.95%,$0.25B,$0.02B,6.37%,$0.25B,$0.01B,3.19%,$0.01B,$0.09B,9.64%,$0.01B,$0.03B,37.65%,$0.01B,$0.19B,4.28%,$0.02B,$0.14B,12.44%,$65,$45,$21,$5,$10,$60,$5,$-1,$4,$4,$0,$0,$0,$8,$5,$9,9,$0.02,$0.01,$16,$33,$0,$83,$38,$0,$62,$4,$104,$188,$30,$53,$10,$70,$101,$31,$62,$-6,$87,$188,$8,$10,$6,$16,$-4,$0,$1,$-0,$1,$25,$-6,$0,$0,$0,$0,$0,$0,$-6,$-18,$-1,$-19,$1,$1,$-1,$-2,$-20,$0,$2,$-1
4,2017-09-30,25.27,$9.17,2.76,$26.23,0.96,$2.82,8.98,$0.94,26.88,$0.09B,$0.03B,2.8,$0.06B,$0.09B,0.72,$0.24B,$0.07B,30.29%,$0.24B,$0.02B,6.64%,$0.24B,$0.02B,6.64%,$0.24B,$0.03B,11.20%,$0.24B,$0.01B,5.39%,$0.24B,$0.01B,3.73%,$0.01B,$0.09B,11.36%,$0.01B,$0.03B,51.43%,$0.01B,$0.19B,4.86%,$0.02B,$0.15B,11.00%,$65,$45,$20,$4,$9,$60,$5,$-1,$5,$2,$3,$3,$3,$8,$5,$9,9,$0.33,$0.33,$18,$33,$0,$88,$38,$0,$62,$4,$105,$193,$31,$62,$5,$75,$106,$31,$62,$-7,$87,$193,$8,$8,$1,$9,$-7,$-0,$3,$0,$-2,$15,$-4,$0,$0,$0,$0,$0,$0,$-4,$-10,$0,$-10,$0,$0,$-1,$0,$-10,$2,$1,$-1
5,2017-06-30,27.12,$8.62,3.14,$25.77,1.05,$2.29,11.83,$0.88,30.82,$0.08B,$0.03B,3.08,$0.07B,$0.08B,0.8,$0.24B,$0.07B,29.96%,$0.24B,$0.02B,6.75%,$0.24B,$0.02B,6.75%,$0.24B,$0.03B,11.39%,$0.24B,$0.01B,5.06%,$0.24B,$0.01B,3.80%,$0.01B,$0.08B,11.84%,$0.01B,$0.02B,64.29%,$0.01B,$0.19B,4.94%,$0.02B,$0.15B,11.49%,$60,$42,$18,$4,$9,$56,$4,$-1,$3,$1,$2,$2,$2,$7,$4,$9,9,$0.24,$0.24,$15,$31,$0,$81,$38,$0,$62,$4,$105,$185,$26,$65,$5,$78,$104,$31,$59,$-8,$82,$185,$5,$5,$1,$6,$-4,$1,$-0,$0,$-3,$7,$-3,$0,$0,$0,$0,$0,$0,$-3,$-6,$0,$-6,$0,$0,$-0,$0,$-6,$-1,$1,$-0
6,2017-03-31,20.01,$8.07,2.48,$26.30,0.76,$1.71,11.71,$0.95,21.06,$0.08B,$0.03B,3.03,$0.07B,$0.08B,0.89,$0.24B,$0.07B,30.04%,$0.24B,$0.02B,7.41%,$0.24B,$0.02B,7.41%,$0.24B,$0.03B,11.93%,$0.24B,$0.01B,5.76%,$0.24B,$0.01B,4.12%,$0.01B,$0.08B,13.65%,$0.01B,$0.02B,90.91%,$0.01B,$0.18B,5.49%,$0.02B,$0.14B,13.46%,$61,$44,$18,$4,$8,$57,$4,$-1,$4,$1,$3,$3,$3,$7,$4,$9,9,$0.29,$0.29,$14,$31,$0,$79,$37,$0,$61,$4,$103,$182,$26,$68,$5,$80,$106,$31,$57,$-11,$76,$182,$3,$2,$1,$3,$-5,$0,$1,$0,$-3,$2,$-1,$0,$0,$0,$0,$0,$0,$-1,$-3,$0,$-3,$1,$1,$-0,$0,$-3,$-1,$0,$-0
7,2016-12-31,21.26,$7.71,2.76,$26.52,0.8,$0.74,28.57,$0.89,23.89,$0.08B,$0.03B,3.05,$0.07B,$0.07B,0.98,$0.25B,$0.07B,30.08%,$0.25B,$0.02B,7.72%,$0.25B,$0.02B,7.72%,$0.25B,$0.03B,11.79%,$0.25B,$0.01B,5.28%,$0.25B,$0.01B,3.66%,$0.01B,$0.07B,12.54%,$0.01B,$0.01B,116.13%,$0.01B,$0.18B,4.92%,$0.02B,$0.14B,14.73%,$55,$39,$17,$4,$9,$53,$3,$-2,$1,$0,$1,$1,$1,$5,$3,$9,9,$0.12,$0.11,$15,$31,$0,$76,$37,$0,$62,$4,$104,$180,$25,$70,$5,$83,$108,$30,$55,$-12,$72,$180,$9,$10,$4,$15,$-4,$-1,$-1,$0,$-9,$14,$-5,$0,$-16,$0,$0,$0,$0,$-21,$9,$-6,$3,$1,$1,$-1,$-2,$2,$-6,$2,$-1
8,2016-09-30,18.78,$7.92,2.37,$25.94,0.72,$1.40,13.37,$0.88,21.34,$0.08B,$0.05B,1.64,$0.05B,$0.07B,0.67,$0.24B,$0.07B,29.34%,$0.24B,$0.02B,7.85%,$0.24B,$0.02B,7.85%,$0.24B,$0.03B,11.57%,$0.24B,$0.01B,5.37%,$0.24B,$0.01B,3.72%,$0.01B,$0.07B,12.86%,$0.01B,$0.01B,97.30%,$0.01B,$0.18B,5.04%,$0.02B,$0.12B,15.35%,$61,$43,$18,$4,$8,$56,$5,$-1,$4,$1,$3,$3,$3,$8,$5,$9,9,$0.30,$0.30,$13,$30,$0,$75,$38,$0,$64,$4,$107,$182,$46,$50,$5,$62,$108,$29,$54,$-9,$74,$182,$8,$7,$2,$10,$-6,$1,$-1,$1,$-8,$10,$-4,$0,$-16,$0,$0,$0,$0,$-20,$-6,$7,$1,$0,$0,$-1,$0,$1,$-9,$1,$-1
9,2016-06-30,23.07,$7.59,3.04,$26.06,0.89,$1.82,12.7,$1.07,21.56,$0.08B,$0.05B,1.52,$0.05B,$0.07B,0.74,$0.24B,$0.07B,29.63%,$0.24B,$0.02B,8.64%,$0.24B,$0.02B,8.64%,$0.24B,$0.03B,11.93%,$0.24B,$0.02B,6.17%,$0.24B,$0.01B,4.12%,$0.01B,$0.07B,14.81%,$0.01B,$0.01B,97.56%,$0.01B,$0.18B,5.71%,$0.02B,$0.12B,16.94%,$66,$46,$20,$4,$9,$60,$6,$-1,$5,$2,$3,$3,$3,$9,$6,$9,9,$0.34,$0.34,$10,$30,$0,$75,$39,$0,$64,$4,$108,$184,$49,$53,$0,$63,$112,$29,$51,$-9,$71,$184,$6,$5,$2,$6,$-9,$1,$-0,$1,$-10,$2,$-2,$0,$-16,$0,$0,$0,$0,$-18,$-4,$10,$6,$0,$0,$-0,$0,$6,$-11,$1,$-0
10,2016-03-31,17.83,$7.42,2.4,$25.54,0.7,$1.99,8.97,$1.10,16.21,$0.07B,$0.05B,1.47,$0.06B,$0.07B,0.79,$0.24B,$0.07B,29.54%,$0.24B,$0.02B,8.86%,$0.24B,$0.02B,8.86%,$0.24B,$0.03B,11.81%,$0.24B,$0.01B,5.91%,$0.24B,$0.01B,4.22%,$0.01B,$0.07B,15.50%,$0.01B,$0.00B,90.91%,$0.01B,$0.19B,5.85%,$0.02B,$0.13B,16.97%,$64,$45,$19,$4,$9,$59,$5,$-2,$3,$1,$2,$2,$2,$7,$5,$9,9,$0.25,$0.25,$6,$31,$0,$72,$38,$0,$68,$4,$114,$186,$49,$55,$0,$68,$117,$29,$49,$-8,$70,$186,$2,$2,$0,$3,$-6,$-0,$-1,$-0,$-12,$-7,$-1,$0,$-17,$0,$0,$0,$0,$-18,$-2,$11,$9,$1,$1,$-0,$0,$10,$-15,$1,$-0
11,2015-12-31,25.9,$6.96,3.72,$25.14,1.03,$2.76,9.39,$1.19,21.76,$0.07B,$0.03B,2.18,$0.06B,$0.07B,0.89,$0.23B,$0.07B,29.61%,$0.23B,$0.02B,9.44%,$0.23B,$0.02B,9.44%,$0.23B,$0.03B,12.02%,$0.23B,$0.02B,6.44%,$0.23B,$0.01B,4.72%,$0.01B,$0.07B,18.03%,$0.01B,$0.02B,91.67%,$0.01B,$0.16B,6.66%,$0.02B,$0.12B,17.92%,$51,$36,$14,$4,$7,$48,$3,$-1,$1,$0,$1,$1,$1,$4,$3,$9,9,$0.08,$0.08,$21,$26,$0,$74,$35,$0,$48,$3,$88,$162,$34,$58,$3,$64,$98,$28,$47,$-10,$65,$162,$11,$7,$3,$10,$4,$-2,$-2,$-1,$-1,$20,$-5,$0,$0,$0,$0,$0,$0,$-5,$-6,$0,$-6,$1,$1,$-1,$-0,$-6,$8,$2,$-1
12,2015-09-30,17.56,$6.88,2.55,$26.39,0.67,$2.86,6.15,$1.65,10.64,$0.08B,$0.04B,2.14,$0.06B,$0.06B,0.96,$0.24B,$0.07B,29.92%,$0.24B,$0.03B,10.66%,$0.24B,$0.03B,10.66%,$0.24B,$0.03B,13.52%,$0.24B,$0.02B,8.20%,$0.24B,$0.02B,6.15%,$0.02B,$0.06B,25.53%,$0.02B,$0.02B,166.67%,$0.02B,$0.17B,9.01%,$0.03B,$0.13B,21.14%,$62,$43,$19,$3,$8,$55,$7,$-1,$6,$1,$4,$4,$4,$9,$7,$9,9,$0.46,$0.46,$18,$25,$0,$79,$36,$0,$49,$4,$90,$169,$37,$62,$0,$68,$105,$27,$46,$-9,$64,$169,$10,$6,$3,$9,$-5,$-0,$0,$-1,$-6,$14,$-4,$0,$0,$0,$0,$0,$0,$-4,$-5,$0,$-4,$0,$0,$-1,$0,$-5,$5,$1,$-1
13,2015-06-30,22.16,$6.37,3.48,$26.88,0.82,$2.29,9.69,$1.64,13.51,$0.08B,$0.04B,2.0,$0.06B,$0.06B,1.07,$0.25B,$0.07B,29.96%,$0.25B,$0.03B,10.53%,$0.25B,$0.03B,10.53%,$0.25B,$0.03B,13.36%,$0.25B,$0.02B,8.10%,$0.25B,$0.02B,6.07%,$0.02B,$0.06B,26.67%,$0.02B,$0.01B,272.73%,$0.02B,$0.17B,8.96%,$0.03B,$0.12B,21.22%,$60,$42,$18,$4,$8,$55,$6,$-1,$4,$1,$3,$3,$3,$8,$6,$9,9,$0.34,$0.34,$11,$26,$0,$75,$36,$0,$49,$4,$92,$167,$37,$63,$0,$70,$108,$26,$42,$-9,$59,$167,$6,$4,$2,$5,$-6,$-2,$2,$-1,$-8,$4,$-3,$0,$0,$0,$0,$0,$0,$-3,$-3,$1,$-2,$0,$0,$-0,$0,$-2,$-2,$1,$-0
14,2015-03-31,32.72,$5.99,5.46,$27.14,1.21,$2.71,12.06,$1.59,20.58,$0.07B,$0.04B,1.99,$0.07B,$0.06B,1.17,$0.25B,$0.08B,30.12%,$0.25B,$0.03B,10.04%,$0.25B,$0.03B,10.04%,$0.25B,$0.03B,12.85%,$0.25B,$0.02B,8.03%,$0.25B,$0.02B,6.02%,$0.02B,$0.06B,27.40%,$0.02B,$0.01B,600.00%,$0.02B,$0.16B,8.90%,$0.03B,$0.12B,20.41%,$60,$42,$18,$3,$8,$54,$6,$-1,$4,$1,$3,$3,$3,$7,$6,$9,9,$0.32,$0.32,$11,$25,$0,$70,$36,$0,$50,$4,$93,$163,$35,$65,$0,$72,$107,$27,$39,$-10,$56,$163,$3,$2,$0,$2,$-3,$-1,$2,$-0,$-4,$1,$-1,$0,$0,$0,$0,$0,$0,$-1,$-2,$0,$-1,$1,$1,$-0,$0,$-0,$-2,$0,$-0
15,2014-12-31,23.33,$6.07,3.84,$27.28,0.86,$2.71,8.62,$1.51,15.45,$0.07B,$0.04B,1.97,$0.07B,$0.06B,1.2,$0.25B,$0.07B,29.72%,$0.25B,$0.02B,9.64%,$0.25B,$0.02B,9.64%,$0.25B,$0.03B,12.45%,$0.25B,$0.02B,7.63%,$0.25B,$0.01B,5.62%,$0.01B,$0.06B,26.17%,$0.01B,$0.01B,5600.00%,$0.01B,$0.17B,8.20%,$0.02B,$0.12B,19.51%,$62,$44,$18,$4,$7,$55,$7,$-1,$6,$1,$5,$5,$5,$9,$7,$9,9,$0.54,$0.53,$13,$25,$0,$71,$37,$0,$51,$4,$96,$167,$36,$67,$0,$75,$111,$25,$37,$-6,$56,$167,$14,$7,$4,$12,$-3,$-3,$1,$0,$-5,$20,$-4,$0,$1,$0,$0,$0,$0,$-3,$-5,$-8,$-13,$0,$0,$-1,$2,$-12,$5,$2,$-1
16,2014-09-30,13.97,$5.85,2.39,$26.20,0.53,$1.82,7.68,$1.13,12.36,$0.08B,$0.05B,1.7,$0.07B,$0.05B,1.28,$0.24B,$0.07B,29.54%,$0.24B,$0.02B,8.44%,$0.24B,$0.02B,8.44%,$0.24B,$0.03B,11.39%,$0.24B,$0.02B,6.33%,$0.24B,$0.01B,4.22%,$0.01B,$0.05B,19.42%,$0.01B,$0.00B,-363.64%,$0.01B,$0.17B,5.82%,$0.02B,$0.12B,16.29%,$65,$46,$20,$3,$8,$58,$7,$-1,$6,$2,$4,$4,$4,$9,$7,$9,9,$0.45,$0.45,$9,$26,$0,$76,$37,$0,$53,$4,$97,$173,$45,$69,$0,$75,$119,$25,$32,$-3,$54,$173,$9,$5,$4,$10,$-12,$-3,$4,$-0,$-11,$8,$-3,$0,$1,$0,$0,$0,$0,$-2,$-4,$-3,$-6,$0,$0,$-1,$0,$-7,$-1,$1,$-1
17,2014-06-30,14.22,$5.72,2.49,$21.90,0.65,$1.46,9.72,$0.77,18.47,$0.07B,$0.04B,1.69,$0.07B,$0.05B,1.34,$0.20B,$0.06B,28.93%,$0.20B,$0.01B,7.11%,$0.20B,$0.01B,7.11%,$0.20B,$0.02B,10.15%,$0.20B,$0.01B,5.08%,$0.20B,$0.01B,3.55%,$0.01B,$0.05B,14.21%,$0.01B,$-0.00B,112.00%,$0.01B,$0.17B,4.82%,$0.01B,$0.12B,13.56%,$62,$44,$19,$3,$9,$57,$5,$-2,$4,$1,$3,$3,$3,$7,$5,$9,9,$0.29,$0.29,$11,$25,$0,$71,$38,$0,$54,$4,$101,$171,$42,$71,$0,$77,$119,$25,$28,$0,$53,$171,$5,$3,$3,$6,$-5,$-1,$1,$1,$-5,$6,$-2,$0,$1,$0,$0,$0,$0,$-0,$-3,$-3,$-5,$0,$0,$-0,$0,$-5,$1,$1,$-0
18,2014-03-31,11.36,$5.47,2.08,$17.99,0.63,$1.12,10.16,$0.57,19.93,$0.07B,$0.04B,1.68,$0.07B,$0.05B,1.42,$0.16B,$0.05B,28.75%,$0.16B,$0.01B,6.25%,$0.16B,$0.01B,6.25%,$0.16B,$0.01B,8.75%,$0.16B,$0.01B,4.38%,$0.16B,$0.01B,3.13%,$0.01B,$0.05B,10.64%,$0.01B,$-0.00B,31.75%,$0.01B,$0.17B,4.24%,$0.01B,$0.12B,11.98%,$60,$43,$17,$4,$8,$56,$5,$-1,$3,$1,$2,$2,$2,$6,$5,$9,9,$0.24,$0.24,$10,$24,$0,$73,$38,$0,$54,$4,$99,$172,$43,$72,$0,$78,$121,$24,$25,$1,$51,$172,$2,$2,$2,$4,$-6,$-0,$1,$0,$-6,$-0,$-1,$0,$1,$0,$0,$0,$0,$1,$-1,$0,$-1,$0,$0,$-0,$0,$-1,$-0,$0,$-0
19,2013-12-31,12.18,$5.28,2.31,$14.25,0.85,$1.04,11.66,$0.44,27.68,$0.07B,$0.04B,1.59,$0.07B,$0.05B,1.53,$0.13B,$0.04B,29.60%,$0.13B,$0.01B,4.80%,$0.13B,$0.01B,4.80%,$0.13B,$0.01B,8.00%,$0.13B,$0.01B,4.00%,$0.13B,$0.00B,3.20%,$0.00B,$0.05B,8.89%,$0.00B,$-0.01B,15.84%,$0.00B,$0.17B,4.43%,$0.01B,$0.12B,9.45%,$50,$36,$14,$4,$7,$47,$3,$-1,$2,$1,$1,$1,$1,$5,$3,$9,9,$0.16,$0.16,$10,$24,$0,$67,$40,$0,$55,$5,$104,$171,$42,$74,$0,$81,$123,$24,$24,$1,$48,$171,$4,$3,$1,$4,$0,$2,$1,$-0,$3,$11,$-3,$0,$-92,$0,$0,$0,$0,$-95,$79,$8,$87,$0,$0,$-1,$-4,$83,$-1,$1,$-1
20,2013-09-30,7.9,$5.14,1.54,$11.36,0.69,$0.41,19.48,$0.42,18.8,$0.04B,$0.01B,2.98,$0.00B,$0.05B,0.0,$0.10B,$0.03B,30.30%,$0.10B,$0.00B,4.04%,$0.10B,$0.00B,4.04%,$0.10B,$0.01B,7.07%,$0.10B,$0.00B,4.04%,$0.10B,$0.00B,4.04%,$0.00B,$0.05B,9.20%,$0.00B,$0.04B,11.27%,$0.00B,$0.07B,6.37%,$0.00B,$0.05B,9.20%,$25,$18,$7,$2,$4,$24,$1,$-0,$1,$0,$1,$1,$1,$2,$1,$9,9,$0.09,$0.09,$12,$15,$0,$42,$10,$0,$8,$3,$25,$67,$14,$0,$0,$7,$22,$24,$22,$-1,$45,$67,$3,$1,$0,$2,$-3,$-0,$2,$-0,$-1,$3,$-2,$0,$0,$0,$0,$0,$0,$-2,$0,$1,$1,$0,$0,$-1,$0,$0,$2,$1,$-1
21,2013-06-30,6.53,$4.96,1.32,$11.34,0.58,$0.09,73.09,$0.48,13.6,$0.04B,$0.01B,3.46,$0.00B,$0.04B,0.0,$0.10B,$0.03B,30.61%,$0.10B,$0.01B,5.10%,$0.10B,$0.01B,5.10%,$0.10B,$0.01B,7.14%,$0.10B,$0.01B,5.10%,$0.10B,$0.00B,4.08%,$0.00B,$0.04B,9.41%,$0.00B,$0.04B,11.59%,$0.00B,$0.06B,6.58%,$0.01B,$0.04B,11.76%,$25,$18,$8,$2,$4,$24,$1,$0,$1,$0,$1,$1,$1,$1,$1,$9,9,$0.09,$0.09,$11,$14,$0,$39,$9,$0,$8,$3,$24,$62,$11,$0,$0,$7,$18,$23,$22,$-1,$44,$62,$2,$1,$0,$1,$-1,$1,$0,$0,$-0,$3,$-1,$0,$0,$0,$0,$0,$0,$-1,$0,$0,$0,$0,$0,$-0,$0,$0,$2,$1,$-0
22,2013-03-31,6.69,$4.87,1.37,$11.56,0.58,$-0.20,0.0,$0.60,11.15,$0.04B,$0.01B,3.62,$0.00B,$0.04B,0.0,$0.10B,$0.03B,30.00%,$0.10B,$0.01B,6.00%,$0.10B,$0.01B,6.00%,$0.10B,$0.01B,9.00%,$0.10B,$0.01B,7.00%,$0.10B,$0.01B,5.00%,$0.01B,$0.04B,12.12%,$0.01B,$0.04B,15.04%,$0.01B,$0.06B,8.33%,$0.01B,$0.04B,14.55%,$25,$18,$8,$2,$4,$24,$1,$-0,$1,$0,$1,$1,$1,$2,$1,$9,9,$0.11,$0.11,$8,$14,$0,$38,$9,$0,$8,$2,$23,$61,$10,$0,$0,$7,$17,$23,$21,$-1,$43,$61,$1,$0,$0,$1,$-2,$1,$-0,$-0,$-3,$-1,$-0,$0,$0,$0,$0,$0,$0,$-0,$0,$0,$0,$0,$0,$-0,$0,$0,$-1,$0,$-0
23,2012-12-31,6.37,$4.88,1.31,$11.81,0.54,$-0.45,0.0,$0.63,10.12,$0.04B,$0.01B,3.15,$0.00B,$0.04B,0.0,$0.10B,$0.03B,29.41%,$0.10B,$0.01B,6.86%,$0.10B,$0.01B,6.86%,$0.10B,$0.01B,8.82%,$0.10B,$0.01B,7.84%,$0.10B,$0.01B,4.90%,$0.01B,$0.04B,12.50%,$0.01B,$0.03B,15.63%,$0.01B,$0.06B,8.47%,$0.01B,$0.04B,17.50%,$24,$17,$7,$2,$4,$22,$1,$-0,$1,$0,$1,$1,$1,$2,$1,$9,9,$0.13,$0.13,$10,$15,$0,$38,$9,$0,$8,$2,$23,$61,$12,$0,$0,$7,$19,$23,$21,$-1,$42,$61,$5,$2,$2,$4,$1,$-0,$-1,$-2,$-5,$5,$-3,$0,$-1,$0,$0,$0,$0,$-4,$0,$0,$0,$0,$0,$-1,$0,$-0,$1,$1,$-1
24,2012-09-30,6.35,$4.73,1.34,$12.30,0.52,$0.14,46.72,$0.82,7.74,$0.04B,$0.01B,3.25,$0.00B,$0.04B,0.0,$0.11B,$0.03B,30.19%,$0.11B,$0.01B,8.49%,$0.11B,$0.01B,8.49%,$0.11B,$0.01B,10.38%,$0.11B,$0.01B,9.43%,$0.11B,$0.01B,6.60%,$0.01B,$0.04B,18.18%,$0.01B,$0.03B,22.95%,$0.01B,$0.06B,11.97%,$0.01B,$0.04B,23.38%,$24,$17,$7,$1,$3,$22,$2,$-0,$2,$1,$1,$1,$1,$2,$2,$9,9,$0.15,$0.15,$6,$16,$0,$39,$8,$0,$8,$0,$20,$59,$12,$0,$0,$6,$19,$22,$20,$-1,$41,$59,$4,$1,$1,$2,$-1,$-1,$-0,$-1,$-6,$1,$-2,$0,$-1,$0,$0,$0,$0,$-3,$0,$0,$0,$0,$0,$-1,$0,$-0,$-3,$0,$-1
25,2012-06-30,5.75,$4.52,1.27,$12.71,0.45,$0.56,10.32,$0.85,6.76,$0.04B,$0.01B,2.92,$0.00B,$0.04B,0.0,$0.11B,$0.03B,30.28%,$0.11B,$0.01B,8.26%,$0.11B,$0.01B,8.26%,$0.11B,$0.01B,11.01%,$0.11B,$0.01B,9.17%,$0.11B,$0.01B,7.34%,$0.01B,$0.04B,21.62%,$0.01B,$0.03B,27.83%,$0.01B,$0.06B,13.73%,$0.01B,$0.04B,24.32%,$27,$19,$8,$2,$4,$25,$2,$0,$3,$1,$2,$2,$2,$3,$2,$9,9,$0.21,$0.21,$7,$15,$0,$38,$8,$0,$8,$0,$20,$59,$13,$0,$0,$7,$20,$22,$19,$-2,$39,$59,$3,$1,$1,$2,$-1,$-1,$1,$-1,$-4,$1,$-2,$0,$-1,$0,$0,$0,$0,$-3,$0,$0,$0,$0,$0,$-0,$0,$-0,$-2,$0,$-0
26,2012-03-31,6.92,$4.44,1.56,$13.00,0.53,$0.78,8.84,$0.81,8.54,$0.04B,$0.01B,3.05,$0.00B,$0.04B,0.0,$0.11B,$0.03B,30.63%,$0.11B,$0.01B,8.11%,$0.11B,$0.01B,8.11%,$0.11B,$0.01B,10.81%,$0.11B,$0.01B,8.11%,$0.11B,$0.01B,6.31%,$0.01B,$0.04B,19.58%,$0.01B,$0.03B,25.93%,$0.01B,$0.06B,12.17%,$0.01B,$0.04B,25.17%,$27,$19,$8,$2,$4,$25,$2,$0,$2,$0,$1,$1,$1,$2,$2,$9,9,$0.14,$0.14,$5,$15,$0,$36,$8,$0,$9,$0,$21,$57,$12,$0,$0,$6,$18,$22,$17,$-1,$38,$57,$1,$0,$0,$1,$-1,$-0,$-0,$-1,$-5,$-3,$-1,$0,$-1,$0,$0,$0,$0,$-2,$0,$0,$0,$0,$0,$-0,$0,$0,$-5,$0,$-0
27,2011-12-31,5.36,$4.29,1.25,$13.01,0.41,$1.07,5.01,$0.81,6.62,$0.04B,$0.02B,2.2,$0.00B,$0.04B,0.0,$0.11B,$0.03B,30.63%,$0.11B,$0.01B,8.11%,$0.11B,$0.01B,8.11%,$0.11B,$0.01B,10.81%,$0.11B,$0.01B,8.11%,$0.11B,$0.01B,6.31%,$0.01B,$0.04B,20.44%,$0.01B,$0.03B,28.00%,$0.01B,$0.06B,12.33%,$0.01B,$0.04B,26.28%,$28,$19,$9,$1,$5,$25,$3,$-0,$3,$1,$3,$3,$3,$4,$3,$8,9,$0.33,$0.32,$9,$14,$0,$38,$7,$0,$9,$1,$21,$59,$17,$0,$0,$5,$22,$22,$16,$-1,$36,$59,$7,$2,$-0,$2,$-0,$-3,$0,$-0,$-0,$9,$-2,$0,$-0,$0,$0,$0,$0,$-2,$0,$-1,$-1,$0,$0,$-0,$0,$-1,$6,$1,$-0
28,2011-09-30,4.7,$4.11,1.14,$12.37,0.38,$0.99,4.74,$0.61,7.71,$0.04B,$0.02B,1.85,$0.00B,$0.04B,0.0,$0.10B,$0.03B,29.81%,$0.10B,$0.01B,6.73%,$0.10B,$0.01B,6.73%,$0.10B,$0.01B,9.62%,$0.10B,$0.01B,6.73%,$0.10B,$0.01B,4.81%,$0.01B,$0.04B,15.27%,$0.01B,$0.03B,21.74%,$0.01B,$0.06B,9.13%,$0.01B,$0.04B,21.37%,$27,$19,$8,$1,$4,$25,$2,$-0,$2,$1,$2,$2,$2,$3,$2,$8,9,$0.18,$0.18,$5,$14,$0,$36,$7,$0,$9,$0,$22,$58,$19,$0,$0,$3,$23,$21,$13,$0,$35,$58,$4,$2,$1,$2,$-2,$-2,$1,$-1,$-3,$4,$-1,$0,$-0,$0,$0,$0,$0,$-2,$0,$-0,$-0,$0,$0,$-0,$0,$-0,$1,$1,$-0
29,2011-06-30,5.15,$4.02,1.28,$11.92,0.43,$1.12,4.6,$0.57,9.03,$0.03B,$0.02B,1.81,$0.00B,$0.03B,0.0,$0.10B,$0.03B,30.30%,$0.10B,$0.01B,7.07%,$0.10B,$0.01B,7.07%,$0.10B,$0.01B,9.09%,$0.10B,$0.01B,7.07%,$0.10B,$0.00B,4.04%,$0.00B,$0.03B,12.90%,$0.00B,$0.02B,17.20%,$0.00B,$0.06B,7.88%,$0.01B,$0.03B,22.58%,$29,$20,$9,$2,$5,$27,$2,$-0,$2,$1,$1,$1,$1,$3,$2,$8,9,$0.17,$0.17,$4,$13,$0,$33,$7,$0,$10,$0,$23,$56,$18,$0,$0,$3,$22,$21,$12,$1,$34,$56,$3,$1,$1,$2,$-1,$-1,$1,$-1,$-2,$2,$-1,$0,$-0,$0,$0,$0,$0,$-1,$0,$-1,$-1,$0,$0,$0,$0,$-0,$0,$0,$0
30,2011-03-31,6.66,$3.82,1.74,$11.08,0.6,$1.28,5.19,$0.49,13.59,$0.03B,$0.02B,1.73,$0.00B,$0.03B,0.0,$0.09B,$0.03B,30.00%,$0.09B,$0.01B,6.67%,$0.09B,$0.01B,6.67%,$0.09B,$0.01B,8.89%,$0.09B,$0.01B,6.67%,$0.09B,$0.00B,4.44%,$0.00B,$0.03B,13.91%,$0.00B,$0.02B,17.20%,$0.00B,$0.05B,8.65%,$0.01B,$0.03B,20.87%,$27,$19,$8,$2,$4,$25,$2,$-0,$2,$1,$1,$1,$1,$2,$2,$8,8,$0.15,$0.14,$2,$13,$0,$31,$7,$0,$10,$0,$23,$54,$18,$0,$0,$4,$22,$21,$11,$1,$32,$54,$1,$1,$0,$1,$-1,$-1,$1,$-0,$-3,$-1,$-0,$0,$-0,$0,$0,$0,$0,$-1,$0,$0,$0,$0,$0,$0,$0,$0,$-1,$0,$0
31,2010-12-31,6.5,$3.69,1.76,$10.17,0.64,$1.58,4.11,$0.44,14.76,$0.03B,$0.02B,1.99,$0.00B,$0.03B,0.0,$0.08B,$0.02B,28.75%,$0.08B,$0.01B,6.25%,$0.08B,$0.01B,6.25%,$0.08B,$0.01B,8.75%,$0.08B,$0.01B,6.25%,$0.08B,$0.00B,5.00%,$0.00B,$0.03B,14.81%,$0.00B,$0.02B,16.84%,$0.00B,$0.05B,9.52%,$0.01B,$0.03B,18.52%,$21,$15,$6,$1,$4,$20,$1,$0,$1,$0,$1,$1,$1,$2,$1,$8,8,$0.13,$0.13,$4,$12,$0,$29,$7,$0,$10,$0,$22,$51,$15,$0,$2,$7,$21,$20,$9,$0,$30,$51,$4,$2,$1,$3,$-2,$-2,$2,$-0,$1,$7,$-1,$0,$-7,$0,$0,$0,$0,$-8,$0,$0,$0,$0,$0,$0,$0,$1,$-1,$1,$0
32,2010-09-30,3.98,$3.51,1.14,$9.80,0.41,$1.10,3.63,$0.34,11.72,$0.03B,$0.01B,2.54,$0.00B,$0.03B,0.0,$0.08B,$0.02B,27.63%,$0.08B,$0.00B,5.26%,$0.08B,$0.00B,5.26%,$0.08B,$0.01B,7.89%,$0.08B,$0.00B,5.26%,$0.08B,$0.00B,3.95%,$0.00B,$0.03B,11.65%,$0.00B,$0.03B,12.12%,$0.00B,$0.04B,7.89%,$0.00B,$0.03B,15.53%,$22,$15,$7,$1,$4,$20,$2,$0,$2,$1,$1,$1,$1,$2,$2,$8,8,$0.14,$0.14,$7,$9,$0,$29,$6,$0,$1,$0,$13,$42,$12,$0,$0,$2,$14,$19,$8,$0,$28,$42,$3,$1,$1,$2,$-3,$-2,$3,$-0,$-1,$4,$-1,$0,$-0,$0,$0,$0,$0,$-1,$0,$-1,$-1,$0,$0,$0,$0,$-0,$3,$0,$0
33,2010-06-30,4.25,$3.22,1.32,$9.02,0.47,$0.74,5.78,$0.24,17.7,$0.03B,$0.01B,2.44,$0.00B,$0.03B,0.0,$0.07B,$0.02B,26.09%,$0.07B,$0.00B,2.90%,$0.07B,$0.00B,2.90%,$0.07B,$0.01B,7.25%,$0.07B,$0.00B,2.90%,$0.07B,$0.00B,2.90%,$0.00B,$0.03B,8.00%,$0.00B,$0.02B,8.42%,$0.00B,$0.04B,5.52%,$0.00B,$0.03B,8.00%,$20,$14,$6,$1,$3,$19,$1,$-0,$1,$0,$1,$1,$1,$2,$1,$8,8,$0.09,$0.09,$5,$8,$0,$25,$6,$0,$1,$0,$13,$38,$10,$0,$0,$3,$13,$19,$7,$-1,$25,$38,$1,$1,$0,$1,$-3,$-1,$3,$0,$0,$3,$-1,$0,$-0,$0,$0,$0,$0,$-1,$0,$-1,$-1,$0,$0,$0,$0,$-1,$1,$0,$0
34,2010-03-31,3.4,$3.24,1.05,$8.31,0.41,$0.32,10.73,$-1.45,0.0,$0.02B,$0.01B,2.64,$0.00B,$0.03B,0.0,$0.06B,$0.01B,22.22%,$0.06B,$-0.02B,-25.40%,$0.06B,$-0.02B,-25.40%,$0.06B,$-0.01B,-20.63%,$0.06B,$-0.02B,-26.98%,$0.06B,$-0.01B,-17.46%,$-0.01B,$0.03B,-44.44%,$-0.01B,$0.02B,-46.81%,$-0.01B,$0.04B,-30.77%,$-0.02B,$0.03B,-64.65%,$17,$13,$4,$1,$3,$17,$1,$0,$1,$0,$1,$1,$1,$1,$1,$8,8,$0.09,$0.09,$5,$8,$0,$24,$6,$0,$1,$0,$13,$37,$9,$0,$0,$3,$11,$19,$6,$0,$25,$37,$1,$0,$0,$1,$-1,$-1,$2,$0,$0,$2,$-0,$0,$0,$0,$0,$0,$0,$-0,$0,$-0,$-0,$0,$0,$0,$0,$-0,$1,$0,$0
35,2009-12-31,2.36,$3.30,0.72,$8.14,0.29,$-0.13,0.0,$-1.64,0.0,$0.02B,$0.01B,2.97,$0.00B,$0.03B,0.0,$0.06B,$0.01B,21.31%,$0.06B,$-0.02B,-29.51%,$0.06B,$-0.02B,-29.51%,$0.06B,$-0.01B,-22.95%,$0.06B,$-0.02B,-31.15%,$0.06B,$-0.01B,-21.31%,$-0.01B,$0.03B,-47.27%,$-0.01B,$0.02B,-57.14%,$-0.01B,$0.04B,-33.55%,$-0.02B,$0.03B,-64.29%,$17,$13,$4,$1,$3,$17,$0,$0,$0,$-0,$0,$0,$0,$1,$0,$8,8,$0.01,$0.01,$4,$8,$0,$21,$7,$0,$1,$0,$14,$35,$7,$0,$0,$3,$10,$19,$6,$1,$25,$35,$-12,$3,$11,$14,$2,$2,$-2,$1,$2,$3,$-1,$0,$0,$0,$0,$0,$0,$-1,$-3,$1,$-2,$0,$0,$0,$0,$-2,$0,$0,$0
36,2009-09-30,2.34,$3.30,0.71,$8.27,0.28,$0.17,13.41,$-1.62,0.0,$0.02B,$0.01B,2.81,$0.00B,$0.03B,0.0,$0.06B,$0.01B,20.97%,$0.06B,$-0.02B,-29.03%,$0.06B,$-0.02B,-29.03%,$0.06B,$-0.01B,-22.58%,$0.06B,$-0.02B,-30.65%,$0.06B,$-0.01B,-20.97%,$-0.01B,$0.03B,-42.62%,$-0.01B,$0.02B,-59.09%,$-0.01B,$0.04B,-30.06%,$-0.02B,$0.03B,-57.14%,$15,$11,$4,$1,$2,$15,$0,$0,$0,$0,$0,$0,$0,$1,$0,$8,8,$0.04,$0.04,$3,$9,$0,$21,$7,$0,$2,$0,$14,$35,$8,$0,$0,$3,$10,$18,$6,$1,$25,$35,$-13,$2,$11,$13,$2,$1,$-1,$0,$0,$1,$-1,$0,$0,$0,$0,$0,$0,$-1,$-3,$1,$-2,$0,$0,$0,$0,$-2,$-1,$0,$0
37,2009-06-30,1.88,$3.22,0.58,$9.17,0.2,$0.64,2.95,$-1.57,0.0,$0.02B,$0.01B,2.44,$0.00B,$0.02B,0.0,$0.07B,$0.02B,21.74%,$0.07B,$-0.02B,-24.64%,$0.07B,$-0.02B,-24.64%,$0.07B,$-0.01B,-18.84%,$0.07B,$-0.02B,-26.09%,$0.07B,$-0.01B,-17.39%,$-0.01B,$0.02B,-35.56%,$-0.01B,$0.02B,-55.17%,$-0.01B,$0.04B,-25.00%,$-0.02B,$0.02B,-48.23%,$14,$12,$2,$1,$2,$31,$-17,$-0,$-18,$-5,$-12,$-12,$-12,$-16,$-17,$8,8,$-1.60,$-1.60,$3,$9,$0,$22,$7,$0,$2,$0,$14,$36,$9,$0,$0,$3,$12,$18,$0,$1,$24,$36,$-13,$2,$11,$13,$2,$1,$-1,$-0,$-1,$-1,$-0,$0,$0,$0,$0,$0,$0,$-0,$-0,$0,$-0,$0,$0,$0,$0,$-0,$-1,$0,$0
38,2009-03-31,1.49,$4.74,0.31,$10.51,0.14,$1.02,1.46,$0.16,9.33,$0.02B,$0.01B,2.91,$0.00B,$0.04B,0.05,$0.08B,$0.02B,24.05%,$0.08B,$0.00B,2.53%,$0.08B,$0.00B,2.53%,$0.08B,$0.01B,6.33%,$0.08B,$0.00B,1.27%,$0.08B,$0.00B,1.27%,$0.00B,$0.04B,2.70%,$0.00B,$0.02B,4.71%,$0.00B,$0.05B,1.90%,$0.00B,$0.04B,5.10%,$15,$13,$3,$1,$3,$16,$-1,$0,$-1,$-0,$-1,$-1,$-1,$-0,$-1,$7,7,$-0.10,$-0.10,$2,$10,$0,$24,$10,$0,$15,$0,$25,$49,$8,$2,$0,$5,$14,$18,$17,$0,$36,$49,$-1,$1,$-0,$1,$0,$0,$-0,$-0,$-2,$-2,$-0,$0,$0,$0,$0,$0,$0,$-0,$-0,$0,$-0,$0,$0,$0,$0,$0,$-2,$0,$0
39,2008-12-31,1.89,$5.05,0.37,$11.61,0.16,$1.22,1.55,$0.39,4.84,$0.03B,$0.01B,2.54,$0.00B,$0.04B,0.05,$0.09B,$0.02B,25.29%,$0.09B,$0.00B,4.60%,$0.09B,$0.00B,4.60%,$0.09B,$0.01B,8.05%,$0.09B,$0.00B,3.45%,$0.09B,$0.00B,3.45%,$0.00B,$0.04B,8.11%,$0.00B,$0.02B,14.29%,$0.00B,$0.05B,5.58%,$0.00B,$0.04B,10.06%,$18,$13,$4,$1,$3,$17,$0,$-0,$0,$0,$0,$0,$0,$1,$0,$7,7,$0.03,$0.04,$4,$11,$0,$27,$11,$0,$16,$0,$26,$53,$11,$2,$0,$5,$16,$18,$18,$1,$37,$53,$3,$4,$0,$4,$0,$0,$-0,$-0,$-1,$6,$-2,$0,$0,$0,$0,$0,$0,$-2,$-1,$-1,$-2,$1,$1,$0,$0,$-1,$4,$0,$0
40,2008-09-30,4.91,$5.14,0.96,$12.16,0.4,$1.28,3.83,$0.44,11.16,$0.03B,$0.01B,2.32,$0.00B,$0.04B,0.06,$0.09B,$0.02B,25.56%,$0.09B,$0.01B,5.56%,$0.09B,$0.01B,5.56%,$0.09B,$0.01B,8.89%,$0.09B,$0.00B,4.44%,$0.09B,$0.00B,4.44%,$0.00B,$0.04B,11.03%,$0.00B,$0.02B,20.00%,$0.00B,$0.05B,7.48%,$0.01B,$0.04B,12.66%,$22,$16,$6,$1,$3,$21,$1,$0,$1,$0,$1,$1,$1,$2,$1,$7,7,$0.10,$0.09,$3,$11,$0,$28,$10,$0,$16,$0,$26,$54,$12,$2,$0,$5,$17,$18,$18,$2,$38,$54,$3,$3,$1,$3,$-2,$-0,$1,$-0,$-1,$5,$-1,$0,$0,$0,$0,$0,$0,$-1,$-1,$-1,$-1,$1,$1,$0,$0,$-1,$3,$0,$0
41,2008-06-30,5.47,$5.14,1.06,$12.22,0.45,$1.00,5.46,$0.45,12.15,$0.03B,$0.01B,2.31,$0.00B,$0.04B,0.06,$0.09B,$0.02B,24.72%,$0.09B,$0.01B,5.62%,$0.09B,$0.01B,5.62%,$0.09B,$0.01B,8.99%,$0.09B,$0.00B,4.49%,$0.09B,$0.00B,4.49%,$0.00B,$0.04B,11.51%,$0.00B,$0.02B,21.92%,$0.00B,$0.05B,7.44%,$0.01B,$0.04B,12.74%,$24,$17,$6,$1,$4,$22,$2,$-0,$1,$0,$1,$1,$1,$2,$2,$7,7,$0.14,$0.13,$2,$11,$0,$27,$11,$0,$16,$0,$27,$54,$12,$2,$0,$5,$17,$18,$17,$2,$37,$54,$2,$2,$1,$2,$-2,$-0,$1,$0,$-2,$2,$-1,$0,$0,$0,$0,$0,$0,$-1,$-0,$-1,$-1,$1,$1,$0,$0,$-0,$1,$0,$0
42,2008-03-31,4.48,$4.98,0.9,$11.92,0.38,$0.83,5.38,$0.37,12.1,$0.03B,$0.01B,2.27,$0.00B,$0.04B,0.1,$0.09B,$0.02B,23.53%,$0.09B,$0.00B,4.71%,$0.09B,$0.00B,4.71%,$0.09B,$0.01B,9.41%,$0.09B,$0.00B,4.71%,$0.09B,$0.00B,3.53%,$0.00B,$0.04B,9.02%,$0.00B,$0.02B,18.18%,$0.00B,$0.05B,5.58%,$0.00B,$0.04B,10.19%,$23,$17,$6,$1,$3,$22,$1,$-0,$1,$0,$1,$1,$1,$2,$1,$7,7,$0.13,$0.13,$1,$12,$0,$27,$11,$0,$17,$0,$28,$54,$12,$4,$0,$6,$18,$18,$16,$2,$36,$54,$1,$1,$0,$1,$-2,$-0,$0,$0,$-2,$-0,$-0,$0,$0,$0,$0,$0,$0,$-0,$-0,$0,$-0,$1,$1,$0,$0,$1,$0,$0,$0
43,2007-12-31,4.39,$4.90,0.9,$11.86,0.37,$0.82,5.34,$0.34,12.91,$0.02B,$0.01B,2.1,$0.00B,$0.03B,0.11,$0.08B,$0.02B,22.62%,$0.08B,$0.00B,4.76%,$0.08B,$0.00B,4.76%,$0.08B,$0.01B,9.52%,$0.08B,$0.00B,4.76%,$0.08B,$0.00B,3.57%,$0.00B,$0.03B,9.38%,$0.00B,$0.02B,20.34%,$0.00B,$0.05B,5.58%,$0.00B,$0.04B,10.81%,$21,$16,$5,$1,$3,$20,$1,$-0,$1,$0,$1,$1,$1,$2,$1,$7,7,$0.10,$0.08,$1,$11,$0,$24,$11,$0,$17,$0,$28,$52,$11,$4,$0,$6,$18,$17,$15,$2,$34,$52,$2,$3,$1,$4,$0,$-0,$0,$-0,$-1,$6,$-1,$0,$0,$0,$0,$0,$0,$-1,$-1,$-4,$-6,$1,$1,$0,$-0,$-5,$-0,$0,$0
44,2007-09-30,4.77,$4.83,0.99,$11.70,0.41,$0.51,9.29,$0.31,15.38,$0.03B,$0.01B,2.14,$0.01B,$0.03B,0.23,$0.08B,$0.02B,21.95%,$0.08B,$0.00B,4.88%,$0.08B,$0.00B,4.88%,$0.08B,$0.01B,8.54%,$0.08B,$0.00B,3.66%,$0.08B,$0.00B,2.44%,$0.00B,$0.03B,6.45%,$0.00B,$0.02B,14.81%,$0.00B,$0.06B,3.70%,$0.00B,$0.04B,11.43%,$21,$16,$5,$1,$3,$20,$1,$-0,$1,$0,$1,$1,$1,$2,$1,$7,7,$0.10,$0.10,$1,$12,$0,$26,$11,$0,$17,$0,$28,$55,$12,$7,$0,$10,$22,$16,$15,$2,$32,$55,$2,$3,$1,$3,$-2,$-1,$2,$-0,$-3,$2,$-1,$0,$0,$0,$0,$0,$0,$-1,$-1,$-1,$-2,$0,$0,$0,$-0,$-2,$-0,$0,$0
45,2007-06-30,6.8,$4.66,1.46,$11.67,0.58,$0.50,13.73,$0.30,22.66,$0.03B,$0.01B,2.31,$0.01B,$0.03B,0.29,$0.08B,$0.02B,22.22%,$0.08B,$0.00B,4.94%,$0.08B,$0.00B,4.94%,$0.08B,$0.01B,8.64%,$0.08B,$0.00B,3.70%,$0.08B,$0.00B,2.47%,$0.00B,$0.03B,6.67%,$0.00B,$0.01B,16.33%,$0.00B,$0.05B,3.70%,$0.00B,$0.04B,12.31%,$20,$16,$4,$1,$3,$20,$1,$-0,$1,$0,$0,$0,$0,$2,$1,$7,7,$0.05,$0.05,$1,$11,$0,$25,$12,$0,$17,$0,$29,$54,$11,$9,$0,$12,$23,$16,$14,$1,$31,$54,$1,$2,$0,$2,$-1,$-0,$1,$-0,$-2,$1,$-1,$0,$0,$0,$0,$0,$0,$-1,$-1,$1,$-0,$0,$0,$0,$0,$0,$1,$0,$0
46,2007-03-31,6.02,$4.60,1.31,$12.04,0.5,$0.55,10.96,$0.33,18.26,$0.03B,$0.02B,1.25,$0.00B,$0.03B,0.02,$0.08B,$0.02B,22.89%,$0.08B,$0.00B,4.82%,$0.08B,$0.00B,4.82%,$0.08B,$0.01B,8.43%,$0.08B,$0.00B,3.61%,$0.08B,$0.00B,3.61%,$0.00B,$0.03B,10.34%,$0.00B,$0.01B,27.91%,$0.00B,$0.05B,5.53%,$0.00B,$0.03B,13.56%,$22,$17,$5,$1,$3,$21,$1,$-0,$1,$0,$1,$1,$1,$2,$1,$7,7,$0.11,$0.10,$1,$12,$0,$25,$12,$0,$17,$0,$29,$54,$20,$1,$0,$4,$24,$16,$14,$1,$31,$54,$1,$1,$0,$1,$-1,$-1,$1,$-0,$-2,$-0,$-0,$0,$0,$0,$0,$0,$0,$-0,$-1,$1,$1,$0,$0,$0,$0,$1,$0,$0,$0
47,2006-12-31,6.49,$4.52,1.44,$12.15,0.53,$0.56,11.53,$0.28,23.17,$0.02B,$0.02B,1.2,$0.00B,$0.03B,0.03,$0.08B,$0.02B,23.17%,$0.08B,$0.00B,4.88%,$0.08B,$0.00B,4.88%,$0.08B,$0.01B,8.54%,$0.08B,$0.00B,3.66%,$0.08B,$0.00B,2.44%,$0.00B,$0.03B,7.21%,$0.00B,$0.01B,21.62%,$0.00B,$0.05B,3.65%,$0.00B,$0.03B,13.68%,$19,$15,$4,$1,$3,$19,$1,$-0,$0,$0,$0,$0,$0,$1,$1,$6,7,$0.05,$0.06,$1,$11,$0,$23,$12,$0,$17,$0,$30,$53,$19,$1,$0,$4,$23,$15,$13,$1,$30,$53,$2,$3,$2,$5,$-0,$-2,$-1,$-0,$-3,$4,$-1,$0,$0,$0,$0,$0,$0,$-1,$-2,$-0,$-2,$0,$0,$0,$0,$-2,$0,$0,$0
