,Date,Stock Price,Book Value per Share,Price to Book Ratio,TTM Sales per Share,Price to Sales Ratio,TTM FCF per Share,Price to FCF Ratio,TTM Net EPS,PE Ratio,Current Assets,Current Liabilities,Current Ratio,Long Term Debt,Shareholder's Equity_x,Debt to Equity Ratio,TTM Revenue_x,TTM Gross Profit,Gross Margin,TTM Revenue_y,TTM Operating Income,Operating Margin,TTM Revenue_x,TTM EBIT,EBIT Margin,TTM Revenue_y,TTM EBITDA,EBITDA Margin,TTM Revenue_x,TTM Pre-Tax Income,Pre-Tax Margin,TTM Revenue_y,TTM Net Income_x,Net Margin,TTM Net Income_y,Shareholder's Equity_y,Return on Equity,TTM Net Income_x,Tangible Equity,Return on Tangible Equity,TTM Net Income_y,Total Assets,Return on Assets,TTM Net Income,LT Investments & Debt,Return on Investment,revenue,cost-goods-sold,gross-profit,research-development-expenses,selling-general-administrative-expenses,operating-expenses,operating-income,total-non-operating-income-expense,pre-tax-income,total-provision-income-taxes,income-after-taxes,income-from-continuous-operations,net-income,ebitda,ebit,basic-shares-outstanding,shares-outstanding,eps-basic-net-earnings-per-share,eps-earnings-per-share-diluted,cash-on-hand,inventory,other-current-assets,total-current-assets,net-property-plant-equipment,long-term-investments,goodwill-intangible-assets-total,other-long-term-assets,total-long-term-assets,total-assets,total-current-liabilities,long-term-debt,other-non-current-liabilities,total-long-term-liabilities,total-liabilities,common-stock-net,retained-earnings-accumulated-deficit,comprehensive-income,total-share-holder-equity,total-liabilities-share-holders-equity,net-income-loss,total-depreciation-amortization-cash-flow,other-non-cash-items,total-non-cash-items,change-in-accounts-receivable,change-in-inventories,change-in-accounts-payable,change-in-assets-liabilities,total-change-in-assets-liabilities,cash-flow-from-operating-activities,net-change-in-property-plant-equipment,net-change-in-intangible-assets,net-acquisitions-divestitures,net-change-in-short-term-investments,net-change-in-long-term-investments,net-change-in-investments-total,investing-activities-other,cash-flow-from-investing-activities,net-long-term-debt,net-current-debt,debt-issuance-retirement-net-total,net-common-equity-issued-repurchased,net-total-equity-issued-repurchased,total-common-preferred-stock-dividends-paid,financial-activities-other,cash-flow-from-financial-activities,net-cash-flow,stock-based-compensation,common-stock-dividends-paid
0,2018-09-30,15.32,$12.23,1.25,$3.79,4.04,$2.66,5.77,$0.58,26.41,$0.35B,$0.59B,0.59,$0.01B,$0.07B,0.13,$0.02B,$0.02B,95.65%,$0.02B,$0.01B,30.43%,$0.02B,0,0.00%,$0.02B,0,0.00%,$0.02B,$0.01B,30.43%,$0.02B,$0.00B,13.04%,$0.00B,$0.07B,4.10%,$0.00B,$0.06B,5.26%,$0.00B,$0.67B,0.45%,$0.01B,$0.08B,8.36%,$6,$0,$6,$0,$4,$4,$2,$0,$2,$0,$1,$1,$1,$0,$0,$6,6,$0.20,$0.20,$36,$0,$0,$347,$1,$282,$16,$24,$323,$670,$589,$9,$0,$9,$598,$30,$46,$-4,$72,$670,$4,$2,$0,$2,$0,$0,$0,$-0,$-0,$6,$-0,$0,$0,$0,$-22,$-22,$-2,$-24,$20,$0,$20,$-5,$-5,$-1,$0,$14,$-4,$0,$-1
1,2018-06-30,15.8,$12.26,1.29,$3.62,4.37,$2.59,6.11,$0.55,28.73,$0.35B,$0.59B,0.58,$0.01B,$0.07B,0.13,$0.02B,$0.02B,95.45%,$0.02B,$0.01B,31.82%,$0.02B,0,0.00%,$0.02B,0,0.00%,$0.02B,$0.01B,31.82%,$0.02B,$0.00B,13.64%,$0.00B,$0.07B,3.96%,$0.00B,$0.06B,5.02%,$0.00B,$0.68B,0.45%,$0.01B,$0.08B,8.00%,$6,$0,$6,$0,$4,$4,$2,$0,$2,$0,$1,$1,$1,$0,$0,$6,6,$0.22,$0.22,$55,$0,$0,$345,$1,$286,$16,$27,$330,$675,$594,$9,$0,$9,$603,$30,$45,$-3,$72,$675,$3,$2,$0,$2,$-3,$0,$0,$-0,$-3,$1,$-0,$0,$0,$0,$-25,$-25,$18,$-7,$22,$3,$25,$-5,$-5,$-1,$0,$20,$15,$0,$-1
2,2018-03-31,15.41,$12.26,1.26,$3.48,4.43,$2.96,5.21,$0.53,29.08,$0.36B,$0.61B,0.59,$0.01B,$0.07B,0.17,$0.02B,$0.02B,90.91%,$0.02B,$0.01B,31.82%,$0.02B,0,0.00%,$0.02B,0,0.00%,$0.02B,$0.01B,31.82%,$0.02B,$0.00B,13.64%,$0.00B,$0.07B,3.85%,$0.00B,$0.06B,4.84%,$0.00B,$0.70B,0.45%,$0.01B,$0.08B,7.69%,$5,$0,$5,$0,$3,$4,$2,$0,$2,$0,$1,$1,$1,$0,$0,$6,6,$0.23,$0.22,$62,$0,$0,$361,$1,$293,$16,$24,$334,$695,$611,$12,$0,$12,$623,$31,$44,$-2,$72,$695,$1,$1,$0,$1,$-1,$0,$0,$-0,$-1,$2,$-0,$0,$0,$0,$-30,$-30,$10,$-20,$44,$0,$44,$-4,$-4,$0,$-0,$40,$22,$0,$0
3,2017-12-31,15.09,$12.54,1.2,$3.41,4.43,$2.99,5.04,$0.49,30.8,$0.35B,$0.57B,0.62,$0.01B,$0.08B,0.16,$0.02B,$0.02B,90.91%,$0.02B,$0.01B,31.82%,$0.02B,0,0.00%,$0.02B,0,0.00%,$0.02B,$0.01B,31.82%,$0.02B,$0.00B,13.64%,$0.00B,$0.08B,3.72%,$0.00B,$0.06B,4.63%,$0.00B,$0.66B,0.46%,$0.01B,$0.09B,7.47%,$6,$0,$5,$0,$4,$4,$1,$0,$1,$2,$-0,$-0,$-0,$0,$0,$6,6,$-0.06,$-0.05,$40,$0,$0,$349,$1,$267,$16,$23,$307,$656,$567,$12,$0,$12,$579,$34,$43,$-0,$77,$656,$3,$4,$2,$5,$-1,$0,$0,$-0,$-1,$8,$0,$0,$0,$0,$-13,$-13,$14,$2,$11,$0,$11,$-8,$-8,$-1,$0,$2,$11,$0,$-1
4,2017-09-30,13.66,$12.87,1.06,$3.41,4.0,$3.44,3.98,$0.84,16.27,$0.36B,$0.56B,0.64,$0.01B,$0.08B,0.16,$0.02B,$0.02B,95.45%,$0.02B,$0.01B,40.91%,$0.02B,0,0.00%,$0.02B,0,0.00%,$0.02B,$0.01B,40.91%,$0.02B,$0.01B,22.73%,$0.01B,$0.08B,6.06%,$0.01B,$0.07B,7.52%,$0.01B,$0.66B,0.77%,$0.01B,$0.10B,9.42%,$5,$0,$5,$0,$3,$4,$2,$0,$2,$0,$1,$1,$1,$0,$0,$6,6,$0.18,$0.17,$38,$0,$0,$361,$1,$254,$16,$23,$295,$656,$560,$14,$0,$14,$573,$38,$43,$1,$82,$656,$4,$3,$0,$3,$-1,$0,$0,$-0,$-1,$6,$0,$0,$0,$0,$2,$2,$1,$4,$6,$0,$6,$-5,$-5,$-1,$0,$1,$10,$0,$-1
5,2017-06-30,14.27,$12.80,1.12,$3.42,4.18,$3.99,3.58,$0.94,15.18,$0.34B,$0.55B,0.62,$0.01B,$0.08B,0.17,$0.02B,$0.02B,91.30%,$0.02B,$0.01B,43.48%,$0.02B,0,0.00%,$0.02B,0,0.00%,$0.02B,$0.01B,43.48%,$0.02B,$0.01B,26.09%,$0.01B,$0.08B,7.21%,$0.01B,$0.07B,8.96%,$0.01B,$0.64B,0.92%,$0.01B,$0.10B,10.53%,$6,$0,$5,$0,$3,$4,$2,$0,$2,$1,$1,$1,$1,$0,$0,$6,6,$0.20,$0.20,$23,$0,$0,$339,$1,$262,$16,$23,$302,$642,$547,$14,$0,$14,$560,$38,$43,$1,$81,$642,$2,$2,$0,$2,$-0,$0,$0,$-0,$-1,$4,$-0,$0,$0,$0,$-4,$-4,$8,$3,$-5,$-2,$-7,$-5,$-5,$-1,$0,$-13,$-6,$0,$-1
6,2017-03-31,14.53,$12.70,1.14,$3.38,4.3,$4.02,3.61,$0.93,15.62,$0.35B,$0.56B,0.62,$0.01B,$0.08B,0.14,$0.02B,$0.02B,91.30%,$0.02B,$0.01B,43.48%,$0.02B,0,0.00%,$0.02B,0,0.00%,$0.02B,$0.01B,43.48%,$0.02B,$0.01B,26.09%,$0.01B,$0.08B,7.14%,$0.01B,$0.07B,8.89%,$0.01B,$0.66B,0.93%,$0.01B,$0.10B,10.67%,$5,$0,$5,$0,$3,$4,$2,$0,$2,$1,$1,$1,$1,$0,$0,$7,7,$0.18,$0.18,$37,$0,$0,$351,$1,$267,$16,$23,$308,$659,$564,$12,$0,$12,$576,$41,$42,$1,$83,$659,$1,$1,$0,$1,$-0,$0,$0,$-0,$-0,$2,$-0,$0,$0,$0,$-7,$-7,$10,$2,$6,$0,$6,$-2,$-2,$0,$-0,$4,$8,$0,$0
7,2016-12-31,14.76,$12.59,1.17,$3.40,4.34,$4.09,3.61,$0.94,15.71,$0.35B,$0.56B,0.64,$0.01B,$0.08B,0.14,$0.02B,$0.02B,91.67%,$0.02B,$0.01B,41.67%,$0.02B,0,0.00%,$0.02B,0,0.00%,$0.02B,$0.01B,41.67%,$0.02B,$0.01B,25.00%,$0.01B,$0.08B,7.10%,$0.01B,$0.07B,8.82%,$0.01B,$0.65B,0.94%,$0.01B,$0.10B,10.72%,$6,$0,$6,$0,$2,$3,$3,$0,$3,$1,$2,$2,$2,$0,$0,$7,7,$0.29,$0.29,$29,$0,$0,$353,$1,$258,$16,$23,$299,$651,$556,$12,$0,$12,$568,$42,$41,$1,$84,$651,$6,$3,$-2,$2,$2,$0,$0,$-0,$2,$10,$1,$0,$0,$0,$15,$15,$-33,$-17,$19,$0,$19,$-7,$-7,$0,$0,$11,$4,$0,$0
8,2016-09-30,10.59,$12.72,0.83,$3.30,3.21,$3.70,2.86,$0.85,12.46,$0.36B,$0.56B,0.64,$0.01B,$0.09B,0.11,$0.02B,$0.02B,91.67%,$0.02B,$0.01B,37.50%,$0.02B,0,0.00%,$0.02B,0,0.00%,$0.02B,$0.01B,37.50%,$0.02B,$0.01B,20.83%,$0.01B,$0.09B,5.88%,$0.01B,$0.07B,7.30%,$0.01B,$0.65B,0.79%,$0.01B,$0.09B,9.70%,$6,$0,$5,$0,$3,$3,$3,$0,$3,$1,$2,$2,$2,$0,$0,$7,7,$0.28,$0.27,$44,$0,$0,$357,$1,$258,$16,$21,$296,$654,$560,$9,$0,$9,$569,$42,$39,$3,$85,$654,$4,$2,$-1,$2,$1,$0,$0,$-0,$2,$9,$1,$0,$0,$0,$21,$21,$-22,$-1,$20,$-2,$18,$-7,$-7,$0,$0,$11,$19,$0,$0
9,2016-06-30,10.03,$12.56,0.8,$3.23,3.11,$3.19,3.15,$0.78,12.86,$0.33B,$0.54B,0.61,$0.01B,$0.08B,0.07,$0.02B,$0.02B,95.83%,$0.02B,$0.01B,33.33%,$0.02B,0,0.00%,$0.02B,0,0.00%,$0.02B,$0.01B,33.33%,$0.02B,$0.00B,16.67%,$0.00B,$0.08B,4.69%,$0.00B,$0.07B,5.80%,$0.00B,$0.63B,0.64%,$0.01B,$0.09B,8.63%,$6,$0,$5,$0,$3,$4,$2,$0,$2,$1,$1,$1,$1,$0,$0,$7,7,$0.19,$0.19,$24,$0,$0,$329,$1,$259,$16,$21,$297,$626,$536,$6,$0,$6,$542,$42,$37,$4,$84,$626,$3,$2,$0,$2,$1,$0,$0,$-0,$-1,$3,$1,$0,$0,$0,$22,$22,$-15,$8,$-6,$2,$-5,$-7,$-7,$0,$0,$-12,$-1,$0,$0
10,2016-03-31,9.93,$12.20,0.81,$3.13,3.17,$3.14,3.16,$0.77,12.89,$0.32B,$0.53B,0.61,$0.01B,$0.09B,0.09,$0.02B,$0.02B,100.00%,$0.02B,$0.01B,33.33%,$0.02B,0,0.00%,$0.02B,0,0.00%,$0.02B,$0.01B,33.33%,$0.02B,$0.00B,16.67%,$0.00B,$0.09B,4.64%,$0.00B,$0.07B,5.69%,$0.00B,$0.63B,0.64%,$0.01B,$0.09B,8.49%,$6,$0,$6,$0,$4,$4,$2,$0,$2,$1,$1,$1,$1,$0,$0,$7,7,$0.19,$0.19,$30,$0,$0,$322,$1,$265,$16,$21,$304,$626,$533,$8,$0,$8,$541,$46,$36,$4,$85,$626,$1,$1,$0,$1,$1,$0,$0,$-0,$-0,$2,$1,$0,$0,$0,$15,$15,$-2,$14,$-7,$0,$-7,$-4,$-4,$0,$0,$-11,$6,$0,$0
11,2015-12-31,10.34,$11.72,0.88,$2.99,3.46,$3.06,3.37,$0.70,14.77,$0.31B,$0.54B,0.58,$0.01B,$0.09B,0.09,$0.02B,$0.02B,100.00%,$0.02B,$0.01B,30.43%,$0.02B,0,0.00%,$0.02B,0,0.00%,$0.02B,$0.01B,30.43%,$0.02B,$0.00B,17.39%,$0.00B,$0.09B,4.60%,$0.00B,$0.07B,5.63%,$0.00B,$0.64B,0.64%,$0.01B,$0.09B,7.39%,$6,$0,$6,$0,$3,$4,$2,$0,$2,$1,$1,$1,$1,$0,$0,$8,8,$0.20,$0.20,$24,$0,$0,$314,$1,$278,$16,$25,$321,$635,$541,$8,$0,$8,$549,$50,$34,$2,$86,$635,$5,$4,$1,$4,$-1,$0,$0,$-0,$-1,$9,$1,$0,$0,$0,$10,$10,$-31,$-20,$20,$0,$20,$-8,$-8,$0,$0,$12,$1,$0,$0
12,2015-09-30,9.4,$11.75,0.8,$2.91,3.23,$3.12,3.01,$0.65,14.46,$0.31B,$0.53B,0.59,$0.01B,$0.09B,0.09,$0.02B,$0.02B,95.65%,$0.02B,$0.01B,30.43%,$0.02B,0,0.00%,$0.02B,0,0.00%,$0.02B,$0.01B,30.43%,$0.02B,$0.00B,17.39%,$0.00B,$0.09B,4.55%,$0.00B,$0.07B,5.57%,$0.00B,$0.63B,0.65%,$0.01B,$0.09B,7.33%,$6,$0,$6,$0,$3,$4,$2,$0,$2,$1,$1,$1,$1,$0,$0,$7,8,$0.20,$0.20,$23,$0,$0,$312,$1,$271,$16,$24,$313,$625,$531,$8,$0,$8,$539,$49,$33,$4,$86,$625,$4,$3,$0,$3,$-0,$0,$0,$-0,$-0,$6,$1,$0,$0,$0,$21,$21,$-32,$-10,$11,$0,$11,$-8,$-8,$0,$0,$3,$-1,$0,$0
13,2015-06-30,9.11,$11.41,0.8,$2.80,3.25,$3.17,2.87,$0.59,15.43,$0.29B,$0.52B,0.57,$0.01B,$0.09B,0.09,$0.02B,$0.02B,95.45%,$0.02B,$0.01B,31.82%,$0.02B,0,0.00%,$0.02B,0,0.00%,$0.02B,$0.01B,31.82%,$0.02B,$0.00B,18.18%,$0.00B,$0.09B,4.52%,$0.00B,$0.07B,5.54%,$0.00B,$0.62B,0.65%,$0.01B,$0.10B,7.29%,$6,$0,$6,$0,$3,$4,$2,$0,$2,$1,$1,$1,$1,$0,$0,$8,8,$0.18,$0.18,$19,$0,$0,$294,$1,$281,$16,$24,$323,$617,$521,$8,$0,$8,$529,$53,$31,$3,$88,$617,$2,$2,$-0,$2,$0,$0,$0,$-0,$-1,$4,$1,$0,$0,$0,$11,$11,$-17,$-5,$1,$0,$1,$-4,$-4,$0,$0,$-3,$-4,$0,$0
14,2015-03-31,9.25,$11.40,0.81,$2.75,3.36,$3.09,3.0,$0.54,17.14,$0.28B,$0.51B,0.56,$0.01B,$0.09B,0.09,$0.02B,$0.02B,90.91%,$0.02B,$0.01B,31.82%,$0.02B,0,0.00%,$0.02B,0,0.00%,$0.02B,$0.01B,31.82%,$0.02B,$0.00B,18.18%,$0.00B,$0.09B,4.52%,$0.00B,$0.07B,5.56%,$0.00B,$0.61B,0.66%,$0.01B,$0.10B,7.27%,$5,$0,$5,$0,$4,$4,$1,$0,$1,$0,$1,$1,$1,$0,$0,$8,8,$0.12,$0.12,$18,$0,$0,$284,$2,$286,$16,$18,$322,$606,$510,$8,$0,$8,$518,$53,$30,$5,$88,$606,$1,$1,$-0,$1,$0,$0,$0,$-0,$-0,$2,$1,$0,$0,$0,$9,$9,$-3,$6,$-10,$0,$-10,$-4,$-4,$0,$0,$-13,$-5,$0,$0
15,2014-12-31,9.2,$11.08,0.83,$2.72,3.39,$3.11,2.96,$0.54,17.04,$0.28B,$0.52B,0.54,$0.01B,$0.09B,0.08,$0.02B,$0.02B,90.91%,$0.02B,$0.01B,36.36%,$0.02B,0,0.00%,$0.02B,0,0.00%,$0.02B,$0.01B,36.36%,$0.02B,$0.00B,18.18%,$0.00B,$0.09B,4.55%,$0.00B,$0.07B,5.59%,$0.00B,$0.62B,0.66%,$0.01B,$0.10B,8.33%,$6,$0,$5,$0,$3,$4,$2,$0,$2,$1,$1,$1,$1,$0,$0,$8,8,$0.15,$0.15,$23,$0,$0,$282,$2,$294,$16,$25,$336,$618,$521,$8,$0,$8,$528,$57,$29,$3,$90,$618,$4,$5,$-1,$4,$0,$0,$0,$-0,$0,$9,$2,$0,$0,$0,$-17,$-17,$-8,$-22,$27,$-5,$22,$-4,$-4,$0,$0,$18,$5,$0,$0
16,2014-09-30,8.94,$10.90,0.82,$2.64,3.39,$3.90,2.29,$0.49,18.25,$0.29B,$0.52B,0.56,$0.01B,$0.09B,0.09,$0.02B,$0.02B,95.24%,$0.02B,$0.01B,33.33%,$0.02B,0,0.00%,$0.02B,0,0.00%,$0.02B,$0.01B,33.33%,$0.02B,$0.00B,19.05%,$0.00B,$0.09B,4.58%,$0.00B,$0.07B,5.63%,$0.00B,$0.62B,0.66%,$0.01B,$0.10B,7.33%,$5,$0,$5,$0,$3,$4,$2,$0,$2,$1,$1,$1,$1,$0,$0,$8,8,$0.14,$0.14,$43,$0,$0,$291,$2,$282,$16,$26,$325,$616,$520,$8,$0,$8,$527,$57,$28,$3,$88,$616,$3,$4,$-0,$4,$0,$0,$0,$-0,$-0,$7,$1,$0,$0,$0,$-4,$-4,$2,$-0,$26,$-5,$22,$-4,$-4,$0,$0,$18,$24,$0,$0
17,2014-06-30,8.54,$10.82,0.79,$2.55,3.35,$4.75,1.8,$0.45,18.98,$0.27B,$0.50B,0.54,$0.01B,$0.09B,0.11,$0.02B,$0.02B,95.24%,$0.02B,$0.01B,28.57%,$0.02B,0,0.00%,$0.02B,0,0.00%,$0.02B,$0.01B,28.57%,$0.02B,$0.00B,19.05%,$0.00B,$0.09B,4.56%,$0.00B,$0.07B,5.61%,$0.00B,$0.60B,0.67%,$0.01B,$0.10B,6.25%,$6,$0,$5,$0,$4,$4,$2,$0,$2,$1,$1,$1,$1,$0,$0,$8,8,$0.13,$0.13,$20,$0,$0,$267,$2,$285,$16,$26,$328,$595,$498,$10,$0,$10,$507,$57,$27,$4,$88,$595,$2,$3,$-0,$3,$0,$0,$0,$-0,$-1,$4,$-0,$0,$0,$0,$-5,$-5,$5,$-1,$9,$-7,$2,$-4,$-4,$0,$0,$-2,$1,$0,$0
18,2014-03-31,9.02,$10.53,0.86,$2.42,3.72,$5.54,1.63,$0.39,23.12,$0.28B,$0.51B,0.55,$0.01B,$0.09B,0.09,$0.02B,$0.02B,100.00%,$0.02B,$0.01B,25.00%,$0.02B,0,0.00%,$0.02B,0,0.00%,$0.02B,$0.01B,25.00%,$0.02B,$0.00B,20.00%,$0.00B,$0.09B,4.56%,$0.00B,$0.07B,5.59%,$0.00B,$0.60B,0.67%,$0.01B,$0.09B,5.22%,$5,$0,$5,$0,$3,$4,$2,$0,$2,$1,$1,$1,$1,$0,$0,$8,8,$0.12,$0.12,$25,$0,$0,$281,$2,$280,$16,$26,$323,$604,$510,$8,$0,$8,$518,$58,$26,$2,$86,$604,$1,$1,$-0,$1,$1,$0,$0,$-0,$0,$3,$-0,$0,$0,$0,$-2,$-2,$-4,$-5,$17,$-5,$12,$-3,$-3,$0,$0,$9,$6,$0,$0
19,2013-12-31,9.23,$10.25,0.9,$2.33,3.96,$5.95,1.55,$0.34,27.16,$0.27B,$0.50B,0.54,$0.01B,$0.09B,0.09,$0.02B,$0.02B,100.00%,$0.02B,$0.00B,20.00%,$0.02B,0,0.00%,$0.02B,0,0.00%,$0.02B,$0.00B,20.00%,$0.02B,$0.00B,20.00%,$0.00B,$0.09B,4.47%,$0.00B,$0.07B,5.48%,$0.00B,$0.59B,0.68%,$0.00B,$0.10B,4.07%,$5,$0,$5,$0,$4,$4,$1,$0,$1,$0,$1,$1,$1,$0,$0,$9,9,$0.10,$0.10,$19,$0,$0,$271,$2,$277,$16,$27,$322,$593,$498,$8,$0,$8,$506,$61,$25,$1,$87,$593,$3,$6,$1,$7,$2,$0,$0,$-0,$2,$11,$7,$0,$0,$-0,$-53,$-53,$0,$-45,$-3,$6,$3,$-7,$-7,$0,$0,$-4,$-38,$0,$0
20,2013-09-30,8.6,$10.16,0.85,$2.34,3.68,$5.42,1.59,$0.33,26.06,$0.29B,$0.50B,0.57,$0.01B,$0.09B,0.09,$0.02B,$0.02B,95.24%,$0.02B,$0.00B,19.05%,$0.02B,0,0.00%,$0.02B,0,0.00%,$0.02B,$0.00B,19.05%,$0.02B,$0.00B,19.05%,$0.00B,$0.09B,4.38%,$0.00B,$0.07B,5.35%,$0.00B,$0.60B,0.68%,$0.00B,$0.10B,3.92%,$5,$0,$5,$0,$3,$4,$1,$0,$1,$0,$1,$1,$1,$0,$0,$9,9,$0.10,$0.10,$36,$0,$0,$286,$2,$273,$16,$25,$316,$602,$504,$8,$0,$8,$512,$64,$24,$2,$90,$602,$2,$5,$0,$5,$2,$0,$0,$-0,$2,$9,$7,$0,$0,$-0,$-45,$-45,$2,$-36,$4,$6,$10,$-4,$-4,$0,$0,$6,$-20,$0,$0
21,2013-06-30,8.03,$10.01,0.8,$2.40,3.35,$4.63,1.73,$0.31,25.91,$0.27B,$0.48B,0.57,$0.01B,$0.09B,0.09,$0.02B,$0.02B,95.45%,$0.02B,$0.00B,18.18%,$0.02B,0,0.00%,$0.02B,0,0.00%,$0.02B,$0.00B,18.18%,$0.02B,$0.00B,18.18%,$0.00B,$0.09B,4.34%,$0.00B,$0.07B,5.28%,$0.00B,$0.58B,0.68%,$0.00B,$0.10B,3.81%,$5,$0,$5,$0,$4,$4,$1,$0,$1,$0,$1,$1,$1,$0,$0,$9,9,$0.07,$0.07,$25,$0,$0,$272,$2,$259,$16,$28,$305,$578,$481,$8,$0,$8,$489,$64,$23,$1,$88,$578,$1,$3,$0,$4,$3,$0,$0,$-0,$2,$7,$4,$0,$0,$-0,$-30,$-30,$4,$-22,$-19,$6,$-13,$-4,$-4,$0,$0,$-17,$-32,$0,$0
22,2013-03-31,7.34,$10.18,0.72,$2.47,2.98,$4.25,1.73,$0.33,22.24,$0.29B,$0.48B,0.61,$0.01B,$0.09B,0.12,$0.02B,$0.02B,95.65%,$0.02B,$0.00B,17.39%,$0.02B,0,0.00%,$0.02B,0,0.00%,$0.02B,$0.00B,17.39%,$0.02B,$0.00B,17.39%,$0.00B,$0.09B,4.29%,$0.00B,$0.08B,5.21%,$0.00B,$0.59B,0.68%,$0.00B,$0.10B,3.74%,$5,$0,$5,$0,$4,$5,$1,$0,$1,$0,$1,$1,$1,$0,$0,$9,9,$0.07,$0.07,$49,$0,$0,$294,$2,$247,$16,$28,$293,$587,$484,$11,$0,$11,$495,$66,$22,$4,$93,$587,$1,$2,$0,$2,$1,$0,$0,$0,$1,$3,$4,$0,$0,$0,$-12,$-12,$6,$-2,$-7,$0,$-7,$-2,$-2,$0,$0,$-9,$-7,$0,$0
23,2012-12-31,6.75,$10.08,0.67,$2.52,2.67,$3.82,1.77,$0.33,20.46,$0.31B,$0.49B,0.63,$0.02B,$0.09B,0.17,$0.02B,$0.02B,95.83%,$0.02B,$0.00B,16.67%,$0.02B,0,0.00%,$0.02B,0,0.00%,$0.02B,$0.00B,16.67%,$0.02B,$0.00B,16.67%,$0.00B,$0.09B,4.28%,$0.00B,$0.08B,5.18%,$0.00B,$0.60B,0.68%,$0.00B,$0.11B,3.70%,$6,$0,$5,$0,$4,$5,$1,$0,$1,$0,$1,$1,$1,$0,$0,$9,9,$0.10,$0.10,$56,$0,$0,$308,$2,$237,$16,$33,$288,$596,$486,$16,$0,$16,$502,$68,$22,$4,$94,$596,$3,$5,$3,$9,$0,$0,$0,$-0,$-0,$12,$4,$0,$0,$1,$7,$7,$-1,$9,$18,$-3,$15,$-4,$-4,$0,$0,$11,$32,$0,$0
24,2012-09-30,7.43,$10.06,0.74,$2.55,2.91,$3.22,2.31,$0.34,21.84,$0.30B,$0.48B,0.63,$0.02B,$0.09B,0.17,$0.02B,$0.02B,100.00%,$0.02B,$0.01B,20.83%,$0.02B,0,0.00%,$0.02B,0,0.00%,$0.02B,$0.01B,20.83%,$0.02B,$0.00B,16.67%,$0.00B,$0.09B,4.28%,$0.00B,$0.08B,5.18%,$0.00B,$0.59B,0.68%,$0.01B,$0.11B,4.65%,$6,$0,$6,$0,$4,$5,$1,$0,$1,$0,$1,$1,$1,$0,$0,$9,9,$0.08,$0.08,$30,$0,$0,$300,$2,$234,$16,$32,$285,$585,$475,$16,$0,$16,$491,$68,$21,$5,$94,$585,$2,$4,$3,$6,$0,$0,$0,$-0,$0,$9,$1,$0,$0,$0,$-19,$-18,$14,$-3,$6,$-3,$3,$-4,$-4,$0,$0,$-1,$5,$0,$0
25,2012-06-30,7.11,$9.90,0.72,$2.59,2.75,$2.83,2.52,$0.37,19.22,$0.31B,$0.49B,0.65,$0.01B,$0.09B,0.13,$0.03B,$0.02B,96.00%,$0.03B,$0.01B,24.00%,$0.03B,0,0.00%,$0.03B,0,0.00%,$0.03B,$0.01B,24.00%,$0.03B,$0.00B,16.00%,$0.00B,$0.09B,4.29%,$0.00B,$0.08B,5.18%,$0.00B,$0.59B,0.68%,$0.01B,$0.10B,5.62%,$6,$0,$6,$0,$4,$5,$1,$0,$1,$0,$1,$1,$1,$0,$0,$10,10,$0.09,$0.09,$36,$0,$0,$314,$2,$228,$16,$29,$276,$590,$485,$12,$0,$12,$497,$68,$20,$4,$92,$590,$2,$3,$1,$4,$0,$0,$0,$-0,$2,$8,$1,$0,$0,$0,$-13,$-13,$12,$-0,$11,$-3,$8,$-4,$-4,$0,$0,$4,$11,$0,$0
26,2012-03-31,7.72,$9.66,0.8,$2.65,2.91,$2.45,3.15,$0.30,25.73,$0.33B,$0.48B,0.69,$0.01B,$0.09B,0.15,$0.03B,$0.02B,92.31%,$0.03B,$0.01B,19.23%,$0.03B,0,0.00%,$0.03B,0,0.00%,$0.03B,$0.01B,19.23%,$0.03B,$0.00B,11.54%,$0.00B,$0.09B,3.23%,$0.00B,$0.08B,3.90%,$0.00B,$0.59B,0.52%,$0.01B,$0.11B,4.72%,$6,$1,$6,$0,$5,$5,$1,$0,$1,$0,$1,$1,$1,$0,$0,$10,10,$0.07,$0.07,$48,$0,$0,$332,$2,$209,$16,$30,$258,$590,$482,$14,$0,$14,$496,$71,$19,$4,$94,$590,$1,$1,$1,$2,$0,$0,$0,$-0,$0,$3,$0,$0,$0,$0,$6,$6,$6,$12,$14,$-5,$9,$-1,$-1,$0,$0,$8,$23,$0,$0
27,2011-12-31,4.45,$9.51,0.47,$2.67,1.67,$2.30,1.94,$0.25,17.78,$0.32B,$0.47B,0.67,$0.01B,$0.09B,0.15,$0.03B,$0.02B,92.31%,$0.03B,$0.00B,15.38%,$0.03B,0,0.00%,$0.03B,0,0.00%,$0.03B,$0.00B,15.38%,$0.03B,$0.00B,7.69%,$0.00B,$0.09B,2.17%,$0.00B,$0.08B,2.64%,$0.00B,$0.58B,0.35%,$0.00B,$0.11B,3.89%,$6,$1,$6,$0,$4,$5,$2,$0,$2,$1,$1,$1,$1,$0,$0,$10,10,$0.10,$0.10,$25,$0,$0,$319,$2,$216,$17,$28,$263,$582,$473,$14,$0,$14,$487,$72,$19,$4,$94,$582,$3,$3,$4,$8,$0,$0,$0,$-0,$-1,$9,$1,$0,$0,$1,$-18,$-17,$0,$-16,$1,$-2,$-1,$0,$0,$0,$0,$-1,$-8,$0,$0
28,2011-09-30,4.86,$9.41,0.52,$2.70,1.8,$3.34,1.46,$0.16,30.35,$0.36B,$0.48B,0.76,$0.01B,$0.09B,0.15,$0.03B,$0.02B,88.89%,$0.03B,$0.00B,7.41%,$0.03B,0,0.00%,$0.03B,0,0.00%,$0.03B,$0.00B,7.41%,$0.03B,$0.00B,3.70%,$0.00B,$0.09B,1.10%,$0.00B,$0.08B,1.34%,$0.00B,$0.58B,0.17%,$0.00B,$0.11B,1.99%,$7,$1,$6,$0,$4,$5,$2,$0,$2,$1,$1,$1,$1,$0,$0,$10,10,$0.11,$0.11,$52,$0,$0,$359,$2,$181,$17,$23,$223,$582,$475,$14,$0,$14,$489,$72,$17,$4,$93,$582,$1,$2,$4,$6,$0,$0,$0,$-0,$-1,$6,$0,$0,$0,$0,$-15,$-15,$26,$12,$2,$-2,$0,$0,$0,$0,$0,$0,$19,$0,$0
29,2011-06-30,5.95,$9.24,0.64,$2.70,2.2,$3.98,1.49,$0.05,119.01,$0.35B,$0.47B,0.76,$0.01B,$0.09B,0.11,$0.03B,$0.02B,88.89%,$0.03B,0,0.00%,$0.03B,0,0.00%,$0.03B,0,0.00%,$0.03B,0,0.00%,$0.03B,0,0.00%,$0.00B,$0.09B,0.00%,$0.00B,$0.08B,0.00%,$0.00B,$0.57B,0.00%,$0.00B,$0.10B,0.00%,$7,$1,$6,$0,$6,$7,$0,$0,$0,$0,$0,$0,$0,$0,$0,$10,10,$0.02,$0.02,$37,$0,$0,$354,$2,$174,$17,$23,$216,$570,$469,$10,$0,$10,$479,$72,$16,$3,$91,$570,$0,$1,$3,$5,$0,$0,$0,$-0,$-1,$5,$0,$0,$0,$-0,$-9,$-9,$17,$9,$-10,$0,$-10,$0,$0,$0,$0,$-10,$3,$0,$0
30,2011-03-31,6.45,$9.11,0.71,$2.71,2.38,$4.41,1.46,$0.04,161.22,$0.36B,$0.48B,0.76,$0.01B,$0.09B,0.06,$0.03B,$0.02B,88.89%,$0.03B,0,0.00%,$0.03B,0,0.00%,$0.03B,0,0.00%,$0.03B,0,0.00%,$0.03B,0,0.00%,$0.00B,$0.09B,0.00%,$0.00B,$0.07B,0.00%,$0.00B,$0.57B,0.00%,$0.00B,$0.10B,0.00%,$6,$1,$6,$0,$5,$6,$0,$0,$0,$0,$0,$0,$0,$0,$0,$10,10,$0.02,$0.02,$36,$0,$0,$362,$2,$169,$17,$24,$212,$573,$478,$5,$0,$5,$483,$72,$16,$2,$90,$573,$0,$1,$1,$2,$0,$0,$0,$-0,$-2,$1,$0,$0,$0,$0,$-6,$-6,$10,$5,$-4,$0,$-4,$0,$0,$0,$0,$-4,$2,$0,$0
31,2010-12-31,5.86,$9.07,0.65,$2.79,2.1,$4.77,1.23,$0.05,117.25,$0.37B,$0.48B,0.78,$0.01B,$0.09B,0.11,$0.03B,$0.02B,85.71%,$0.03B,0,0.00%,$0.03B,0,0.00%,$0.03B,0,0.00%,$0.03B,0,0.00%,$0.03B,0,0.00%,$0.00B,$0.09B,0.00%,$0.00B,$0.07B,0.00%,$0.00B,$0.58B,0.00%,$0.00B,$0.10B,0.00%,$7,$1,$6,$0,$6,$7,$-0,$0,$-0,$-0,$0,$0,$0,$0,$0,$10,10,$0.01,$0.01,$34,$0,$0,$373,$2,$164,$17,$23,$206,$579,$479,$10,$0,$10,$489,$72,$16,$2,$90,$579,$0,$3,$8,$12,$4,$0,$0,$-0,$5,$17,$3,$0,$0,$-2,$-26,$-28,$0,$-25,$-12,$-8,$-19,$0,$0,$0,$0,$-19,$-27,$0,$0
32,2010-09-30,6.14,$9.11,0.67,$3.35,1.83,$4.11,1.49,$0.07,87.66,$0.40B,$0.48B,0.82,$0.01B,$0.09B,0.11,$0.03B,$0.02B,85.71%,$0.03B,0,0.00%,$0.03B,0,0.00%,$0.03B,0,0.00%,$0.03B,0,0.00%,$0.03B,0,0.00%,$0.00B,$0.09B,0.00%,$0.00B,$0.07B,0.00%,$0.00B,$0.58B,0.00%,$0.00B,$0.10B,0.00%,$7,$1,$6,$0,$6,$7,$-0,$0,$-0,$-0,$0,$0,$0,$0,$0,$10,10,$0.00,$0.00,$51,$0,$0,$396,$2,$139,$17,$27,$184,$581,$481,$10,$0,$10,$491,$72,$16,$2,$90,$581,$0,$2,$6,$9,$4,$0,$0,$-0,$2,$11,$2,$0,$0,$0,$-28,$-28,$23,$-4,$-7,$-8,$-14,$0,$0,$0,$0,$-14,$-7,$0,$0
33,2010-06-30,7.3,$9.11,0.8,$4.00,1.83,$4.15,1.76,$0.21,34.76,$0.39B,$0.48B,0.82,$0.01B,$0.09B,0.13,$0.03B,$0.03B,86.21%,$0.03B,$0.00B,3.45%,$0.03B,0,0.00%,$0.03B,0,0.00%,$0.03B,$0.00B,3.45%,$0.03B,$0.00B,3.45%,$0.00B,$0.09B,1.21%,$0.00B,$0.07B,1.53%,$0.00B,$0.58B,0.17%,$0.00B,$0.10B,1.03%,$7,$1,$6,$0,$6,$7,$-0,$0,$-0,$-0,$0,$0,$0,$0,$0,$10,10,$0.01,$0.01,$40,$0,$0,$393,$2,$144,$17,$24,$186,$579,$477,$12,$0,$12,$489,$72,$16,$2,$90,$579,$0,$2,$4,$6,$3,$0,$0,$-0,$2,$8,$1,$0,$0,$0,$-29,$-29,$17,$-11,$-11,$-5,$-16,$0,$0,$0,$0,$-16,$-19,$0,$0
34,2010-03-31,7.81,$9.01,0.87,$4.67,1.67,$4.18,1.87,$0.08,97.59,$0.41B,$0.48B,0.85,$0.01B,$0.09B,0.14,$0.03B,$0.03B,86.67%,$0.03B,0,0.00%,$0.03B,0,0.00%,$0.03B,0,0.00%,$0.03B,0,0.00%,$0.03B,0,0.00%,$0.00B,$0.09B,0.00%,$0.00B,$0.07B,0.00%,$0.00B,$0.58B,0.00%,$0.00B,$0.10B,0.00%,$7,$1,$6,$0,$6,$7,$0,$0,$0,$0,$0,$0,$0,$0,$0,$10,10,$0.03,$0.03,$48,$0,$0,$411,$2,$129,$17,$25,$173,$584,$483,$12,$0,$12,$495,$72,$16,$1,$89,$584,$0,$1,$2,$3,$3,$0,$0,$-0,$1,$4,$1,$0,$0,$0,$-15,$-15,$10,$-4,$-6,$-5,$-11,$0,$0,$0,$0,$-11,$-10,$0,$0
35,2009-12-31,7.68,$8.87,0.87,$5.36,1.43,$4.33,1.77,$0.27,28.44,$0.44B,$0.49B,0.89,$0.02B,$0.09B,0.2,$0.03B,$0.03B,87.10%,$0.03B,$0.00B,6.45%,$0.03B,0,0.00%,$0.03B,0,0.00%,$0.03B,$0.00B,6.45%,$0.03B,$0.00B,3.23%,$0.00B,$0.09B,1.44%,$0.00B,$0.07B,1.91%,$0.00B,$0.59B,0.18%,$0.00B,$0.10B,2.26%,$7,$1,$6,$0,$6,$7,$0,$0,$0,$-0,$0,$0,$0,$0,$0,$6,6,$0.02,$0.02,$58,$0,$0,$435,$2,$113,$17,$28,$160,$594,$490,$17,$0,$17,$507,$72,$16,$0,$87,$594,$2,$1,$9,$10,$-7,$0,$0,$-0,$-6,$6,$2,$0,$0,$5,$1,$7,$-0,$9,$36,$-29,$7,$24,$24,$-2,$0,$28,$43,$0,$-2
36,2009-09-30,7.52,$11.02,0.68,$5.61,1.34,$4.68,1.61,$0.56,13.43,$0.44B,$0.49B,0.91,$0.02B,$0.06B,0.27,$0.03B,$0.03B,84.85%,$0.03B,$0.01B,15.15%,$0.03B,0,0.00%,$0.03B,0,0.00%,$0.03B,$0.01B,15.15%,$0.03B,$0.00B,9.09%,$0.00B,$0.06B,4.74%,$0.00B,$0.05B,6.49%,$0.00B,$0.57B,0.54%,$0.01B,$0.08B,6.12%,$8,$1,$7,$0,$5,$7,$1,$0,$1,$0,$1,$1,$1,$0,$0,$6,6,$0.14,$0.14,$54,$0,$0,$442,$2,$84,$17,$21,$125,$566,$485,$17,$0,$17,$502,$48,$15,$1,$64,$566,$1,$1,$7,$8,$-1,$0,$0,$-0,$-3,$6,$2,$0,$0,$6,$8,$14,$14,$30,$31,$-26,$5,$0,$0,$-2,$0,$3,$39,$0,$-2
37,2009-06-30,10.37,$10.74,0.97,$5.83,1.78,$4.59,2.26,$0.75,13.76,$0.42B,$0.47B,0.91,$0.02B,$0.06B,0.35,$0.03B,$0.03B,82.35%,$0.03B,$0.01B,20.59%,$0.03B,0,0.00%,$0.03B,0,0.00%,$0.03B,$0.01B,20.59%,$0.03B,$0.00B,11.76%,$0.00B,$0.06B,6.37%,$0.00B,$0.05B,8.79%,$0.00B,$0.55B,0.71%,$0.01B,$0.08B,8.64%,$8,$1,$7,$0,$8,$9,$-1,$0,$-1,$-1,$-1,$-1,$-1,$0,$0,$6,6,$-0.12,$-0.12,$26,$0,$0,$424,$2,$87,$17,$22,$128,$552,$468,$22,$0,$22,$490,$48,$15,$0,$62,$552,$1,$1,$5,$6,$-1,$0,$0,$-0,$-2,$4,$2,$0,$0,$5,$4,$9,$6,$16,$20,$-29,$-9,$0,$0,$-2,$0,$-10,$10,$0,$-2
38,2009-03-31,8.07,$11.03,0.73,$5.98,1.35,$4.61,1.75,$1.22,6.63,$0.42B,$0.47B,0.9,$0.02B,$0.06B,0.34,$0.04B,$0.03B,80.00%,$0.04B,$0.01B,31.43%,$0.04B,0,0.00%,$0.04B,0,0.00%,$0.04B,$0.01B,31.43%,$0.04B,$0.01B,20.00%,$0.01B,$0.06B,11.20%,$0.01B,$0.05B,15.47%,$0.01B,$0.56B,1.23%,$0.01B,$0.09B,13.79%,$8,$1,$7,$0,$5,$6,$2,$0,$2,$1,$1,$1,$1,$0,$0,$6,6,$0.22,$0.22,$12,$0,$0,$422,$2,$92,$17,$22,$134,$556,$471,$22,$0,$22,$492,$48,$16,$0,$64,$556,$1,$0,$1,$2,$-0,$0,$0,$-0,$1,$4,$-0,$0,$0,$2,$-1,$1,$-2,$-1,$7,$-16,$-9,$0,$0,$-1,$0,$-10,$-6,$0,$-1
39,2008-12-31,9.55,$10.95,0.87,$6.12,1.56,$5.07,1.88,$1.31,7.28,$0.45B,$0.49B,0.93,$0.01B,$0.06B,0.22,$0.04B,$0.03B,77.78%,$0.04B,$0.01B,33.33%,$0.04B,0,0.00%,$0.04B,0,0.00%,$0.04B,$0.01B,33.33%,$0.04B,$0.01B,22.22%,$0.01B,$0.06B,13.01%,$0.01B,$0.05B,18.08%,$0.01B,$0.56B,1.39%,$0.01B,$0.08B,15.38%,$9,$2,$7,$0,$4,$6,$3,$0,$3,$1,$2,$2,$2,$0,$0,$6,6,$0.32,$0.32,$19,$0,$0,$450,$2,$92,$17,$2,$113,$563,$486,$14,$0,$14,$500,$47,$16,$0,$63,$563,$8,$1,$2,$3,$2,$0,$0,$-0,$0,$11,$-1,$0,$0,$1,$5,$6,$-1,$4,$-5,$-8,$-13,$-1,$-1,$-3,$0,$-18,$-3,$0,$-3
40,2008-09-30,8.84,$10.63,0.83,$6.22,1.42,$4.84,1.83,$1.35,6.54,$0.46B,$0.50B,0.93,$0.02B,$0.06B,0.27,$0.04B,$0.03B,75.68%,$0.04B,$0.01B,32.43%,$0.04B,0,0.00%,$0.04B,0,0.00%,$0.04B,$0.01B,32.43%,$0.04B,$0.01B,21.62%,$0.01B,$0.06B,13.17%,$0.01B,$0.04B,18.50%,$0.01B,$0.58B,1.38%,$0.01B,$0.08B,16.27%,$9,$2,$7,$0,$4,$6,$3,$0,$3,$1,$2,$2,$2,$0,$0,$6,6,$0.33,$0.33,$22,$0,$0,$463,$2,$94,$17,$0,$114,$577,$499,$17,$0,$17,$515,$45,$17,$-0,$62,$577,$6,$1,$1,$2,$1,$0,$0,$-0,$0,$8,$-0,$0,$0,$0,$22,$22,$-29,$-7,$-3,$5,$2,$-1,$-1,$-2,$0,$-2,$-1,$0,$-2
41,2008-06-30,8.5,$10.49,0.81,$6.32,1.35,$4.75,1.79,$1.37,6.19,$0.45B,$0.50B,0.9,$0.02B,$0.06B,0.29,$0.04B,$0.03B,73.68%,$0.04B,$0.01B,34.21%,$0.04B,0,0.00%,$0.04B,0,0.00%,$0.04B,$0.01B,34.21%,$0.04B,$0.01B,21.05%,$0.01B,$0.06B,13.22%,$0.01B,$0.04B,18.50%,$0.01B,$0.58B,1.39%,$0.01B,$0.08B,18.71%,$9,$2,$7,$0,$4,$6,$3,$0,$3,$1,$2,$2,$2,$0,$0,$6,6,$0.34,$0.34,$29,$0,$0,$450,$2,$111,$17,$0,$131,$580,$502,$18,$0,$18,$519,$45,$16,$-0,$61,$580,$4,$0,$1,$1,$1,$0,$0,$-0,$1,$6,$-0,$0,$0,$0,$5,$6,$-8,$-3,$21,$-15,$6,$-1,$-1,$-2,$0,$3,$6,$0,$-2
42,2008-03-31,13.87,$10.40,1.33,$6.45,2.15,$4.48,3.1,$1.37,10.09,$0.45B,$0.51B,0.89,$0.02B,$0.06B,0.29,$0.04B,$0.03B,71.79%,$0.04B,$0.01B,33.33%,$0.04B,0,0.00%,$0.04B,0,0.00%,$0.04B,$0.01B,33.33%,$0.04B,$0.01B,20.51%,$0.01B,$0.06B,13.22%,$0.01B,$0.04B,18.60%,$0.01B,$0.59B,1.39%,$0.01B,$0.08B,20.00%,$9,$2,$7,$0,$4,$6,$3,$0,$3,$1,$2,$2,$2,$0,$0,$6,6,$0.31,$0.31,$37,$0,$0,$454,$2,$115,$17,$0,$134,$588,$510,$18,$0,$18,$528,$45,$15,$1,$60,$588,$2,$0,$0,$1,$1,$0,$0,$-0,$4,$7,$-0,$0,$0,$0,$3,$3,$-4,$-1,$24,$-13,$11,$-1,$-1,$-1,$0,$9,$14,$0,$-1
43,2007-12-31,14.63,$10.73,1.36,$6.51,2.25,$3.77,3.88,$1.40,10.48,$0.44B,$0.51B,0.85,$0.00B,$0.06B,0.0,$0.04B,$0.03B,70.00%,$0.04B,$0.01B,32.50%,$0.04B,0,0.00%,$0.04B,0,0.00%,$0.04B,$0.01B,32.50%,$0.04B,$0.01B,20.00%,$0.01B,$0.06B,13.22%,$0.01B,$0.04B,18.71%,$0.01B,$0.57B,1.40%,$0.01B,$0.06B,21.31%,$10,$2,$7,$0,$3,$6,$3,$0,$3,$1,$2,$2,$2,$0,$0,$6,6,$0.36,$0.36,$23,$0,$0,$438,$2,$117,$18,$0,$136,$574,$514,$0,$0,$0,$514,$46,$14,$0,$60,$574,$8,$1,$0,$1,$-1,$0,$0,$-0,$-0,$10,$-1,$0,$0,$1,$23,$24,$0,$24,$-43,$14,$-29,$-9,$-9,$-3,$0,$-41,$-7,$0,$-3
44,2007-09-30,17.73,$10.19,1.74,$6.51,2.72,$3.80,4.67,$1.42,12.53,$0.43B,$0.51B,0.85,$0.00B,$0.06B,0.0,$0.04B,$0.03B,70.00%,$0.04B,$0.01B,35.00%,$0.04B,0,0.00%,$0.04B,0,0.00%,$0.04B,$0.01B,35.00%,$0.04B,$0.01B,20.00%,$0.01B,$0.06B,13.11%,$0.01B,$0.04B,18.39%,$0.01B,$0.57B,1.38%,$0.01B,$0.06B,22.31%,$10,$3,$7,$0,$4,$7,$4,$0,$4,$1,$2,$2,$2,$0,$0,$6,6,$0.35,$0.35,$23,$0,$0,$428,$2,$120,$18,$0,$140,$567,$506,$0,$0,$0,$506,$43,$19,$-0,$61,$567,$6,$1,$0,$1,$1,$0,$0,$-0,$0,$8,$-0,$0,$0,$1,$31,$32,$-2,$30,$-27,$-9,$-36,$-6,$-6,$-3,$0,$-44,$-7,$0,$-3
45,2007-06-30,18.97,$10.03,1.89,$6.45,2.94,$3.81,4.98,$1.42,13.4,$0.43B,$0.52B,0.83,$0.00B,$0.06B,0.0,$0.04B,$0.03B,70.00%,$0.04B,$0.01B,35.00%,$0.04B,0,0.00%,$0.04B,0,0.00%,$0.04B,$0.01B,35.00%,$0.04B,$0.01B,20.00%,$0.01B,$0.06B,13.06%,$0.01B,$0.04B,18.39%,$0.01B,$0.58B,1.36%,$0.01B,$0.06B,21.71%,$10,$3,$7,$0,$4,$7,$3,$0,$3,$1,$2,$2,$2,$0,$0,$6,6,$0.34,$0.34,$25,$0,$0,$429,$2,$128,$18,$0,$147,$577,$515,$0,$0,$0,$515,$45,$17,$-1,$61,$577,$4,$1,$0,$1,$0,$0,$0,$-0,$-1,$5,$-0,$0,$0,$1,$23,$24,$-2,$21,$-17,$-9,$-26,$-4,$-4,$-2,$0,$-31,$-6,$0,$-2
46,2007-03-31,19.13,$9.86,1.94,$6.31,3.03,$3.83,5.0,$1.40,13.68,$0.42B,$0.51B,0.82,$0.00B,$0.06B,0.04,$0.04B,$0.03B,70.00%,$0.04B,$0.02B,37.50%,$0.04B,0,0.00%,$0.04B,0,0.00%,$0.04B,$0.02B,37.50%,$0.04B,$0.01B,20.00%,$0.01B,$0.06B,13.01%,$0.01B,$0.04B,18.29%,$0.01B,$0.58B,1.34%,$0.02B,$0.06B,22.39%,$10,$3,$7,$0,$4,$7,$3,$0,$3,$1,$2,$2,$2,$0,$0,$6,6,$0.34,$0.33,$22,$0,$0,$421,$2,$134,$18,$0,$154,$575,$512,$3,$0,$3,$515,$44,$16,$-0,$60,$575,$2,$0,$0,$0,$-1,$0,$0,$-0,$0,$3,$-0,$0,$0,$1,$17,$18,$3,$21,$-11,$-17,$-28,$-4,$-4,$-1,$0,$-33,$-9,$0,$-1
47,2006-12-31,18.85,$10.50,1.8,$6.16,3.06,$3.87,4.87,$1.40,13.46,$0.43B,$0.54B,0.81,$0.01B,$0.06B,0.08,$0.04B,$0.03B,70.00%,$0.04B,$0.02B,40.00%,$0.04B,0,0.00%,$0.04B,0,0.00%,$0.04B,$0.02B,40.00%,$0.04B,$0.01B,20.00%,$0.01B,$0.06B,12.80%,$0.01B,$0.05B,17.88%,$0.01B,$0.60B,1.32%,$0.02B,$0.07B,23.02%,$10,$3,$7,$0,$3,$6,$4,$0,$4,$1,$2,$2,$2,$0,$0,$6,7,$0.40,$0.37,$30,$0,$0,$433,$2,$151,$18,$0,$171,$604,$537,$5,$0,$5,$542,$48,$15,$-1,$62,$604,$9,$2,$-1,$1,$1,$0,$0,$-0,$0,$10,$-0,$0,$0,$-1,$3,$2,$-5,$-3,$-6,$-2,$-8,$-6,$-6,$-3,$0,$-18,$-11,$0,$-3
