,Date,Stock Price,Book Value per Share,Price to Book Ratio,TTM Sales per Share,Price to Sales Ratio,TTM FCF per Share,Price to FCF Ratio,TTM Net EPS,PE Ratio,Current Assets,Current Liabilities,Current Ratio,Long Term Debt,Shareholder's Equity_x,Debt to Equity Ratio,TTM Revenue_x,TTM Gross Profit,Gross Margin,TTM Revenue_y,TTM Operating Income,Operating Margin,TTM Revenue_x,TTM EBIT,EBIT Margin,TTM Revenue_y,TTM EBITDA,EBITDA Margin,TTM Revenue_x,TTM Pre-Tax Income,Pre-Tax Margin,TTM Revenue_y,TTM Net Income_x,Net Margin,TTM Net Income_y,Shareholder's Equity_y,Return on Equity,TTM Net Income_x,Tangible Equity,Return on Tangible Equity,TTM Net Income_y,Total Assets,Return on Assets,TTM Net Income,LT Investments & Debt,Return on Investment,revenue,cost-goods-sold,gross-profit,research-development-expenses,selling-general-administrative-expenses,operating-expenses,operating-income,total-non-operating-income-expense,pre-tax-income,total-provision-income-taxes,income-after-taxes,income-from-continuous-operations,net-income,ebitda,ebit,basic-shares-outstanding,shares-outstanding,eps-basic-net-earnings-per-share,eps-earnings-per-share-diluted,cash-on-hand,inventory,other-current-assets,total-current-assets,net-property-plant-equipment,long-term-investments,goodwill-intangible-assets-total,other-long-term-assets,total-long-term-assets,total-assets,total-current-liabilities,long-term-debt,other-non-current-liabilities,total-long-term-liabilities,total-liabilities,common-stock-net,retained-earnings-accumulated-deficit,comprehensive-income,total-share-holder-equity,total-liabilities-share-holders-equity,net-income-loss,total-depreciation-amortization-cash-flow,other-non-cash-items,total-non-cash-items,change-in-accounts-receivable,change-in-inventories,change-in-accounts-payable,change-in-assets-liabilities,total-change-in-assets-liabilities,cash-flow-from-operating-activities,net-change-in-property-plant-equipment,net-change-in-intangible-assets,net-acquisitions-divestitures,net-change-in-short-term-investments,net-change-in-long-term-investments,net-change-in-investments-total,investing-activities-other,cash-flow-from-investing-activities,net-long-term-debt,net-current-debt,debt-issuance-retirement-net-total,net-common-equity-issued-repurchased,net-total-equity-issued-repurchased,total-common-preferred-stock-dividends-paid,financial-activities-other,cash-flow-from-financial-activities,net-cash-flow,stock-based-compensation,common-stock-dividends-paid
0,2018-09-30,13.65,$7.92,1.72,$16.87,0.81,$-5.90,0.0,$1.09,12.52,$0.30B,$0.21B,1.42,$0.23B,$0.36B,0.62,$0.78B,$0.17B,21.15%,$0.78B,$0.05B,6.79%,$0.78B,$0.05B,6.79%,$0.78B,$0.09B,10.90%,$0.78B,$0.04B,5.13%,$0.78B,$0.05B,6.54%,$0.05B,$0.36B,14.66%,$0.05B,$0.30B,17.68%,$0.05B,$1.11B,4.91%,$0.05B,$0.59B,9.50%,$205,$159,$46,$0,$29,$188,$17,$-3,$14,$3,$11,$11,$11,$26,$17,$46,47,$0.23,$0.23,$78,$8,$17,$301,$7,$0,$61,$31,$813,$1114,$211,$226,$288,$539,$750,$0,$258,$-4,$364,$1114,$27,$24,$6,$30,$-78,$0,$11,$-3,$-89,$-32,$-3,$0,$-63,$0,$0,$0,$-44,$-110,$60,$0,$60,$3,$3,$0,$116,$179,$37,$1,$0
1,2018-06-30,12.0,$7.67,1.56,$16.97,0.71,$-7.17,0.0,$1.05,11.43,$0.29B,$0.19B,1.57,$0.22B,$0.35B,0.63,$0.78B,$0.16B,20.51%,$0.78B,$0.05B,6.41%,$0.78B,$0.05B,6.41%,$0.78B,$0.08B,10.26%,$0.78B,$0.04B,5.00%,$0.78B,$0.05B,6.15%,$0.05B,$0.35B,14.33%,$0.05B,$0.29B,17.39%,$0.05B,$1.04B,4.87%,$0.05B,$0.57B,9.39%,$197,$154,$43,$0,$29,$183,$14,$-4,$10,$1,$9,$9,$9,$22,$14,$45,46,$0.19,$0.19,$43,$8,$16,$294,$6,$0,$60,$32,$750,$1044,$187,$221,$257,$506,$693,$0,$247,$-4,$351,$1044,$16,$15,$11,$26,$-60,$-0,$-1,$-3,$-100,$-57,$-2,$0,$-34,$0,$0,$0,$-26,$-62,$54,$0,$54,$1,$1,$0,$70,$124,$4,$1,$0
2,2018-03-31,13.0,$7.48,1.74,$16.38,0.79,$-7.05,0.0,$0.99,13.13,$0.28B,$0.17B,1.61,$0.22B,$0.34B,0.64,$0.75B,$0.15B,20.27%,$0.75B,$0.05B,6.00%,$0.75B,$0.05B,6.00%,$0.75B,$0.07B,9.73%,$0.75B,$0.04B,4.80%,$0.75B,$0.05B,6.00%,$0.05B,$0.34B,13.93%,$0.05B,$0.28B,17.03%,$0.05B,$1.01B,4.77%,$0.05B,$0.56B,8.85%,$167,$132,$35,$0,$27,$159,$8,$-4,$5,$-3,$8,$8,$7,$16,$8,$45,46,$0.15,$0.15,$51,$9,$15,$279,$6,$0,$59,$28,$732,$1012,$173,$218,$262,$498,$672,$0,$238,$-4,$340,$1012,$8,$8,$-2,$5,$-12,$-1,$1,$-7,$-50,$-37,$-1,$0,$-21,$0,$0,$0,$-13,$-35,$49,$0,$49,$-1,$-1,$0,$37,$84,$12,$0,$0
3,2017-12-31,8.6,$7.39,1.16,$15.69,0.55,$-6.93,0.0,$0.83,10.36,$0.29B,$0.20B,1.42,$0.17B,$0.34B,0.52,$0.72B,$0.14B,19.92%,$0.72B,$0.04B,5.01%,$0.72B,$0.04B,5.01%,$0.72B,$0.06B,8.77%,$0.72B,$0.03B,4.04%,$0.72B,$0.04B,5.15%,$0.04B,$0.34B,11.86%,$0.04B,$0.28B,14.61%,$0.04B,$0.98B,4.14%,$0.04B,$0.51B,7.40%,$211,$170,$41,$0,$27,$197,$14,$-3,$11,$-9,$21,$21,$24,$21,$14,$46,46,$0.51,$0.51,$40,$8,$11,$287,$5,$0,$59,$28,$697,$984,$202,$173,$254,$445,$647,$0,$236,$-6,$337,$984,$34,$27,$-5,$22,$-201,$4,$-2,$-7,$-192,$-137,$-3,$0,$-2,$0,$0,$0,$-83,$-88,$58,$0,$58,$-1,$-1,$0,$171,$228,$4,$1,$0
4,2017-09-30,7.8,$6.86,1.14,$14.83,0.53,$-5.19,0.0,$0.38,20.53,$0.25B,$0.19B,1.29,$0.18B,$0.31B,0.57,$0.68B,$0.14B,20.26%,$0.68B,$0.03B,4.26%,$0.68B,$0.03B,4.26%,$0.68B,$0.06B,8.22%,$0.68B,$0.02B,3.38%,$0.68B,$0.02B,2.35%,$0.02B,$0.31B,5.31%,$0.02B,$0.25B,6.62%,$0.02B,$0.90B,1.89%,$0.03B,$0.49B,6.20%,$205,$163,$41,$0,$27,$190,$14,$-2,$13,$4,$9,$9,$8,$21,$14,$46,46,$0.19,$0.19,$45,$9,$13,$245,$5,$0,$59,$27,$658,$904,$191,$178,$205,$401,$592,$0,$212,$-6,$312,$904,$13,$20,$-3,$17,$-121,$4,$-4,$-6,$-121,$-90,$-2,$0,$-2,$0,$0,$0,$-66,$-70,$52,$0,$52,$-1,$-1,$0,$122,$172,$12,$1,$0
5,2017-06-30,7.7,$6.66,1.16,$14.24,0.54,$-4.25,0.0,$0.31,24.84,$0.22B,$0.17B,1.29,$0.17B,$0.30B,0.57,$0.66B,$0.14B,20.70%,$0.66B,$0.03B,3.81%,$0.66B,$0.03B,3.81%,$0.66B,$0.05B,7.91%,$0.66B,$0.02B,2.74%,$0.66B,$0.01B,2.13%,$0.01B,$0.30B,4.73%,$0.01B,$0.24B,5.94%,$0.01B,$0.88B,1.74%,$0.03B,$0.48B,5.60%,$167,$131,$35,$0,$27,$158,$9,$-2,$7,$1,$6,$6,$6,$15,$9,$45,46,$0.13,$0.13,$44,$9,$13,$217,$5,$0,$59,$25,$659,$876,$168,$173,$214,$405,$573,$0,$204,$-6,$303,$876,$4,$13,$-2,$11,$-51,$3,$0,$-3,$-66,$-51,$-1,$0,$-2,$0,$0,$0,$-49,$-52,$40,$0,$40,$-1,$-1,$0,$74,$113,$9,$1,$0
6,2017-03-31,6.55,$6.53,1.0,$14.07,0.47,$-4.00,0.0,$0.22,29.77,$0.20B,$0.15B,1.34,$0.17B,$0.30B,0.59,$0.65B,$0.13B,20.37%,$0.65B,$0.02B,3.22%,$0.65B,$0.02B,3.22%,$0.65B,$0.05B,7.35%,$0.65B,$0.01B,2.14%,$0.65B,$0.01B,1.53%,$0.01B,$0.30B,3.42%,$0.01B,$0.24B,4.33%,$0.01B,$0.82B,1.30%,$0.02B,$0.47B,4.93%,$135,$109,$26,$0,$26,$135,$-1,$-2,$-2,$-1,$-2,$-2,$-1,$6,$-1,$46,46,$-0.01,$-0.01,$39,$11,$10,$199,$4,$0,$59,$25,$616,$815,$149,$173,$179,$370,$519,$0,$198,$-6,$296,$815,$-2,$7,$-1,$6,$2,$1,$-3,$-4,$-36,$-32,$-0,$0,$-2,$0,$0,$0,$-26,$-29,$32,$0,$32,$-2,$-2,$0,$35,$65,$4,$0,$0
7,2016-12-31,5.5,$6.44,0.85,$13.97,0.39,$-3.62,0.0,$0.25,22.0,$0.23B,$0.19B,1.19,$0.14B,$0.29B,0.48,$0.65B,$0.14B,20.71%,$0.65B,$0.02B,3.68%,$0.65B,$0.02B,3.68%,$0.65B,$0.05B,7.67%,$0.65B,$0.02B,2.61%,$0.65B,$0.01B,1.84%,$0.01B,$0.29B,4.13%,$0.01B,$0.23B,5.28%,$0.01B,$0.80B,1.64%,$0.02B,$0.44B,5.95%,$174,$138,$36,$0,$29,$167,$7,$-2,$5,$1,$3,$3,$3,$14,$7,$46,46,$0.08,$0.08,$33,$12,$9,$226,$5,$0,$62,$26,$571,$797,$191,$141,$148,$312,$503,$0,$194,$-7,$294,$797,$12,$26,$10,$36,$-94,$1,$-7,$-5,$-106,$-58,$-3,$0,$-4,$0,$0,$0,$-73,$-80,$45,$0,$45,$-5,$-5,$0,$98,$137,$-1,$1,$0
8,2016-09-30,5.26,$6.34,0.83,$13.87,0.38,$-3.37,0.0,$0.20,26.3,$0.24B,$0.18B,1.3,$0.11B,$0.29B,0.39,$0.65B,$0.13B,19.79%,$0.65B,$0.01B,2.15%,$0.65B,$0.01B,2.15%,$0.65B,$0.04B,6.13%,$0.65B,$0.01B,1.23%,$0.65B,$0.01B,1.23%,$0.01B,$0.29B,2.77%,$0.01B,$0.23B,3.56%,$0.01B,$0.73B,1.12%,$0.01B,$0.41B,3.57%,$181,$142,$39,$0,$29,$171,$10,$-2,$8,$2,$6,$6,$6,$17,$10,$46,46,$0.12,$0.12,$31,$13,$15,$237,$6,$0,$63,$25,$498,$734,$182,$114,$129,$260,$442,$0,$193,$-9,$292,$734,$9,$19,$5,$25,$-63,$-0,$-10,$-9,$-81,$-47,$-3,$0,$0,$0,$0,$0,$-45,$-48,$23,$0,$23,$-3,$-3,$0,$73,$93,$-3,$1,$0
9,2016-06-30,4.37,$6.20,0.7,$13.91,0.31,$-3.00,0.0,$0.17,25.71,$0.24B,$0.17B,1.41,$0.11B,$0.29B,0.36,$0.66B,$0.13B,19.09%,$0.66B,$0.01B,2.12%,$0.66B,$0.01B,2.12%,$0.66B,$0.04B,5.91%,$0.66B,$0.01B,1.21%,$0.66B,$0.01B,0.91%,$0.01B,$0.29B,2.09%,$0.01B,$0.22B,2.70%,$0.01B,$0.72B,0.85%,$0.01B,$0.39B,3.66%,$163,$131,$32,$0,$27,$158,$5,$-2,$3,$1,$2,$2,$2,$11,$5,$47,47,$0.04,$0.04,$28,$14,$17,$243,$6,$0,$64,$23,$481,$724,$173,$105,$143,$264,$437,$0,$188,$-9,$288,$724,$3,$13,$1,$14,$-37,$-1,$-6,$-7,$-56,$-40,$-2,$0,$0,$0,$0,$0,$-21,$-23,$11,$0,$11,$-1,$-1,$0,$48,$57,$-6,$1,$0
10,2016-03-31,4.77,$6.18,0.77,$13.65,0.35,$-2.89,0.0,$0.17,28.06,$0.23B,$0.15B,1.48,$0.09B,$0.29B,0.32,$0.65B,$0.13B,19.26%,$0.65B,$0.01B,2.16%,$0.65B,$0.01B,2.16%,$0.65B,$0.04B,6.01%,$0.65B,$0.01B,1.39%,$0.65B,$0.01B,0.92%,$0.01B,$0.29B,2.09%,$0.01B,$0.22B,2.72%,$0.01B,$0.67B,0.88%,$0.01B,$0.38B,3.70%,$134,$106,$28,$0,$26,$132,$2,$-1,$1,$0,$1,$1,$1,$8,$2,$47,47,$0.02,$0.02,$28,$14,$17,$226,$5,$0,$65,$22,$444,$670,$153,$91,$120,$228,$381,$0,$186,$-8,$289,$670,$1,$6,$-1,$6,$14,$-0,$-3,$-8,$-21,$-15,$-0,$0,$0,$0,$0,$0,$-9,$-9,$-7,$0,$-7,$0,$0,$0,$26,$19,$-5,$0,$0
11,2015-12-31,6.25,$6.16,1.02,$13.29,0.47,$-3.04,0.0,$0.06,104.17,$0.26B,$0.18B,1.47,$0.10B,$0.29B,0.35,$0.63B,$0.12B,18.57%,$0.63B,$0.01B,1.27%,$0.63B,$0.01B,1.27%,$0.63B,$0.03B,5.24%,$0.63B,$0.00B,0.16%,$0.63B,$0.00B,0.16%,$0.00B,$0.29B,0.35%,$0.00B,$0.22B,0.46%,$0.00B,$0.72B,0.15%,$0.01B,$0.39B,2.13%,$174,$144,$30,$0,$34,$177,$-3,$-1,$-4,$3,$-7,$-7,$-1,$4,$-3,$46,48,$-0.02,$-0.02,$38,$13,$16,$264,$5,$0,$66,$18,$460,$723,$180,$100,$141,$256,$436,$0,$182,$-5,$287,$723,$-5,$25,$12,$37,$-104,$-4,$11,$-11,$-82,$-50,$-1,$0,$0,$0,$0,$0,$-50,$-52,$24,$0,$24,$1,$1,$0,$75,$101,$-2,$2,$0
12,2015-09-30,5.88,$6.17,0.95,$13.49,0.44,$-1.99,0.0,$0.22,26.73,$0.26B,$0.18B,1.4,$0.08B,$0.29B,0.29,$0.64B,$0.12B,19.31%,$0.64B,$0.02B,2.83%,$0.64B,$0.02B,2.83%,$0.64B,$0.04B,6.59%,$0.64B,$0.01B,1.57%,$0.64B,$0.01B,1.73%,$0.01B,$0.29B,3.86%,$0.01B,$0.22B,5.10%,$0.01B,$0.70B,1.71%,$0.02B,$0.37B,4.83%,$189,$153,$36,$0,$27,$179,$10,$-2,$8,$3,$4,$4,$4,$16,$10,$47,48,$0.09,$0.09,$37,$12,$16,$256,$6,$0,$67,$17,$439,$695,$183,$83,$128,$225,$408,$0,$183,$-6,$287,$695,$2,$18,$-0,$18,$-68,$-3,$7,$-15,$-53,$-33,$-1,$0,$0,$0,$0,$0,$-29,$-30,$-2,$0,$-2,$1,$1,$0,$60,$58,$-3,$1,$0
13,2015-06-30,7.65,$6.13,1.25,$13.15,0.58,$-1.58,0.0,$0.29,26.38,$0.23B,$0.14B,1.6,$0.09B,$0.29B,0.32,$0.62B,$0.12B,19.77%,$0.62B,$0.02B,2.76%,$0.62B,$0.02B,2.76%,$0.62B,$0.04B,6.81%,$0.62B,$0.01B,1.46%,$0.62B,$0.01B,2.27%,$0.01B,$0.29B,4.94%,$0.01B,$0.22B,6.60%,$0.01B,$0.64B,2.23%,$0.02B,$0.38B,4.50%,$152,$122,$31,$0,$26,$147,$5,$-1,$4,$2,$2,$2,$2,$11,$5,$46,47,$0.04,$0.04,$33,$10,$14,$227,$6,$0,$69,$23,$410,$637,$142,$91,$106,$210,$352,$0,$179,$-3,$285,$637,$-2,$12,$-1,$12,$-28,$-1,$6,$-9,$-46,$-37,$-1,$0,$0,$0,$0,$0,$-13,$-13,$5,$0,$5,$1,$1,$0,$40,$45,$-4,$1,$0
14,2015-03-31,7.4,$6.04,1.22,$12.99,0.57,$-0.68,0.0,$0.31,23.87,$0.21B,$0.13B,1.67,$0.09B,$0.28B,0.31,$0.61B,$0.12B,19.57%,$0.61B,$0.02B,2.63%,$0.61B,$0.02B,2.63%,$0.61B,$0.04B,6.74%,$0.61B,$0.01B,1.32%,$0.61B,$0.02B,2.47%,$0.02B,$0.28B,5.36%,$0.02B,$0.21B,7.15%,$0.02B,$0.61B,2.44%,$0.02B,$0.37B,4.27%,$115,$96,$20,$0,$24,$120,$-4,$-3,$-7,$-3,$-4,$-4,$-4,$2,$-4,$46,46,$-0.09,$-0.09,$31,$9,$12,$210,$7,$0,$69,$23,$402,$613,$126,$88,$103,$206,$332,$0,$177,$-5,$281,$613,$-4,$6,$-0,$6,$-3,$-0,$5,$-3,$-24,$-22,$-0,$0,$0,$0,$0,$0,$-6,$-6,$3,$0,$3,$0,$0,$0,$17,$21,$-6,$1,$0
15,2014-12-31,7.0,$6.18,1.13,$12.70,0.55,$-0.15,0.0,$0.22,31.82,$0.22B,$0.14B,1.51,$0.09B,$0.29B,0.31,$0.59B,$0.12B,19.70%,$0.59B,$0.01B,2.19%,$0.59B,$0.01B,2.19%,$0.59B,$0.04B,6.40%,$0.59B,$0.01B,1.01%,$0.59B,$0.01B,1.85%,$0.01B,$0.29B,3.97%,$0.01B,$0.22B,5.28%,$0.01B,$0.62B,1.82%,$0.01B,$0.38B,3.45%,$181,$145,$36,$0,$29,$174,$7,$-2,$5,$-4,$9,$9,$9,$13,$7,$46,47,$0.18,$0.18,$31,$9,$10,$216,$7,$0,$72,$26,$406,$622,$143,$90,$91,$193,$336,$0,$181,$-3,$286,$622,$10,$24,$0,$25,$-43,$1,$1,$-3,$-34,$1,$-2,$4,$-14,$0,$0,$0,$-27,$-39,$-13,$0,$-13,$1,$1,$0,$55,$43,$7,$2,$0
16,2014-09-30,6.85,$6.07,1.13,$12.62,0.54,$-1.49,0.0,$0.07,97.86,$0.25B,$0.14B,1.8,$0.11B,$0.28B,0.39,$0.59B,$0.11B,18.51%,$0.59B,$0.01B,1.53%,$0.59B,$0.01B,1.53%,$0.59B,$0.03B,5.60%,$0.59B,$0.00B,0.51%,$0.59B,$0.00B,0.68%,$0.00B,$0.28B,1.46%,$0.00B,$0.21B,1.92%,$0.00B,$0.63B,0.66%,$0.01B,$0.39B,2.38%,$169,$134,$35,$0,$26,$160,$9,$-2,$7,$-1,$7,$7,$7,$16,$9,$46,47,$0.16,$0.16,$37,$9,$12,$245,$8,$0,$74,$21,$390,$634,$136,$108,$85,$217,$353,$0,$173,$-0,$281,$634,$2,$18,$3,$21,$-21,$1,$1,$-9,$-35,$-12,$-2,$4,$-14,$0,$0,$0,$-17,$-28,$6,$0,$6,$1,$1,$0,$38,$45,$6,$2,$0
17,2014-06-30,7.03,$5.89,1.19,$12.50,0.56,$-2.22,0.0,$0.01,703.0,$0.22B,$0.12B,1.82,$0.09B,$0.27B,0.34,$0.58B,$0.10B,17.87%,$0.58B,$0.01B,1.37%,$0.58B,$0.01B,1.37%,$0.58B,$0.03B,5.15%,$0.58B,$0.00B,0.34%,$0.58B,$0.00B,0.34%,$0.00B,$0.27B,0.74%,$0.00B,$0.21B,0.97%,$0.00B,$0.59B,0.34%,$0.01B,$0.36B,2.08%,$143,$115,$28,$0,$24,$139,$4,$-1,$3,$0,$3,$3,$3,$10,$4,$46,47,$0.06,$0.06,$29,$9,$11,$224,$8,$0,$66,$23,$363,$587,$123,$92,$75,$192,$315,$0,$166,$1,$272,$587,$-6,$12,$5,$16,$14,$1,$-1,$-4,$-5,$6,$-1,$4,$-5,$0,$0,$0,$-11,$-13,$-11,$0,$-11,$1,$1,$0,$16,$6,$-1,$1,$0
18,2014-03-31,7.56,$5.83,1.3,$12.21,0.62,$-3.21,0.0,$-0.09,0.0,$0.22B,$0.11B,2.09,$0.11B,$0.27B,0.4,$0.57B,$0.10B,17.52%,$0.57B,$0.00B,0.35%,$0.57B,$0.00B,0.35%,$0.57B,$0.02B,4.07%,$0.57B,$-0.00B,-0.53%,$0.57B,$-0.00B,-0.53%,$-0.00B,$0.27B,-1.12%,$-0.00B,$0.21B,-1.47%,$-0.00B,$0.58B,-0.50%,$0.00B,$0.38B,0.49%,$101,$83,$18,$0,$24,$108,$-7,$-2,$-9,$-0,$-8,$-8,$-8,$-1,$-7,$46,46,$-0.18,$-0.18,$37,$9,$11,$220,$8,$0,$62,$23,$361,$581,$105,$107,$77,$208,$313,$0,$163,$2,$268,$581,$-8,$5,$5,$10,$33,$1,$-3,$-3,$1,$2,$-0,$0,$0,$0,$0,$0,$-8,$-9,$5,$0,$5,$0,$0,$0,$3,$9,$4,$1,$0
19,2013-12-31,9.66,$6.03,1.6,$12.45,0.78,$-4.02,0.0,$0.05,193.2,$0.25B,$0.13B,1.85,$0.10B,$0.28B,0.37,$0.57B,$0.10B,17.94%,$0.57B,$0.01B,1.22%,$0.57B,$0.01B,1.22%,$0.57B,$0.03B,4.88%,$0.57B,$0.00B,0.52%,$0.57B,$0.00B,0.52%,$0.00B,$0.28B,1.12%,$0.00B,$0.21B,1.48%,$0.00B,$0.61B,0.49%,$0.01B,$0.38B,1.64%,$176,$148,$28,$0,$25,$173,$3,$-1,$2,$0,$2,$2,$2,$8,$3,$46,47,$0.03,$0.03,$33,$10,$10,$247,$9,$0,$63,$27,$359,$606,$133,$103,$74,$196,$329,$0,$171,$3,$277,$606,$2,$22,$-20,$1,$-43,$-0,$-4,$-10,$-64,$-61,$-2,$3,$-10,$0,$0,$0,$-21,$-30,$-5,$0,$-5,$2,$2,$0,$46,$43,$-46,$3,$0
20,2013-09-30,10.02,$5.89,1.7,$12.08,0.83,$-1.87,0.0,$0.13,77.08,$0.25B,$0.12B,2.13,$0.15B,$0.27B,0.56,$0.56B,$0.11B,19.46%,$0.56B,$0.01B,1.80%,$0.56B,$0.01B,1.80%,$0.56B,$0.03B,5.59%,$0.56B,$0.01B,1.26%,$0.56B,$0.01B,1.08%,$0.01B,$0.27B,2.28%,$0.01B,$0.20B,2.99%,$0.01B,$0.60B,0.95%,$0.01B,$0.42B,2.36%,$162,$132,$30,$0,$22,$154,$8,$-2,$6,$1,$5,$5,$5,$13,$8,$46,47,$0.10,$0.10,$45,$9,$12,$254,$9,$0,$66,$7,$343,$597,$119,$150,$28,$209,$328,$0,$178,$3,$269,$597,$1,$16,$-3,$13,$-23,$1,$-7,$-5,$-59,$-45,$-2,$2,$-10,$0,$0,$0,$-32,$-43,$19,$0,$19,$2,$2,$0,$23,$43,$-45,$2,$0
21,2013-06-30,9.01,$5.75,1.57,$12.16,0.74,$-0.02,0.0,$0.18,50.06,$0.24B,$0.11B,2.12,$0.19B,$0.26B,0.71,$0.56B,$0.11B,20.29%,$0.56B,$0.01B,2.33%,$0.56B,$0.01B,2.33%,$0.56B,$0.03B,6.10%,$0.56B,$0.01B,1.80%,$0.56B,$0.01B,1.44%,$0.01B,$0.26B,3.07%,$0.01B,$0.20B,4.01%,$0.01B,$0.62B,1.23%,$0.01B,$0.45B,2.95%,$126,$103,$23,$0,$25,$128,$-2,$-0,$-2,$-1,$-2,$-2,$-2,$3,$-2,$45,45,$-0.04,$-0.04,$44,$12,$11,$242,$9,$0,$67,$5,$378,$620,$114,$186,$26,$243,$358,$0,$173,$2,$262,$620,$-4,$11,$-2,$8,$1,$-2,$0,$-7,$-44,$-39,$-2,$2,$-9,$0,$0,$0,$-32,$-41,$18,$0,$18,$1,$1,$0,$15,$34,$-46,$1,$0
22,2013-03-31,7.4,$5.75,1.29,$12.92,0.57,$1.67,4.42,$0.33,22.42,$0.24B,$0.11B,2.22,$0.20B,$0.26B,0.76,$0.60B,$0.12B,20.34%,$0.60B,$0.02B,3.87%,$0.60B,$0.02B,3.87%,$0.60B,$0.04B,7.39%,$0.60B,$0.02B,3.19%,$0.60B,$0.02B,2.52%,$0.02B,$0.26B,5.82%,$0.02B,$0.20B,7.56%,$0.02B,$0.63B,2.27%,$0.02B,$0.46B,5.20%,$110,$89,$22,$0,$24,$112,$-2,$-0,$-3,$-1,$-2,$-2,$-2,$4,$-2,$45,45,$-0.04,$-0.04,$47,$11,$11,$244,$10,$0,$60,$4,$387,$631,$110,$198,$28,$260,$369,$0,$175,$1,$261,$631,$-2,$6,$-1,$5,$6,$-2,$1,$-2,$-37,$-34,$-1,$1,$-2,$0,$0,$0,$-13,$-14,$-4,$0,$-4,$1,$1,$0,$7,$4,$-42,$1,$0
23,2012-12-31,9.81,$5.79,1.69,$13.67,0.72,$3.13,3.13,$0.40,24.53,$0.30B,$0.15B,2.0,$0.11B,$0.26B,0.42,$0.63B,$0.13B,20.25%,$0.63B,$0.03B,4.43%,$0.63B,$0.03B,4.43%,$0.63B,$0.05B,7.59%,$0.63B,$0.02B,3.80%,$0.63B,$0.02B,3.01%,$0.02B,$0.26B,7.50%,$0.02B,$0.20B,9.79%,$0.02B,$0.68B,2.87%,$0.03B,$0.37B,6.40%,$157,$124,$33,$0,$38,$150,$6,$-0,$6,$1,$5,$5,$5,$11,$6,$45,46,$0.11,$0.11,$90,$10,$9,$298,$9,$0,$59,$5,$378,$675,$149,$109,$123,$265,$414,$0,$177,$1,$262,$675,$18,$20,$-0,$20,$7,$-1,$-5,$-12,$4,$42,$-5,$7,$-4,$0,$0,$0,$-47,$-49,$23,$-7,$16,$3,$3,$0,$24,$43,$37,$3,$0
24,2012-09-30,11.81,$5.75,2.05,$14.48,0.82,$-0.19,0.0,$0.47,25.13,$0.27B,$0.13B,2.04,$0.22B,$0.26B,0.87,$0.66B,$0.13B,19.61%,$0.66B,$0.04B,5.28%,$0.66B,$0.04B,5.28%,$0.66B,$0.06B,8.30%,$0.66B,$0.03B,4.07%,$0.66B,$0.02B,3.17%,$0.02B,$0.26B,8.51%,$0.02B,$0.20B,11.21%,$0.02B,$0.68B,3.21%,$0.04B,$0.48B,7.73%,$164,$129,$35,$4,$20,$153,$11,$-1,$9,$3,$7,$7,$7,$16,$11,$45,46,$0.15,$0.15,$42,$7,$8,$268,$9,$0,$61,$5,$414,$682,$132,$224,$31,$291,$423,$0,$175,$-1,$259,$682,$13,$15,$-2,$13,$-10,$2,$1,$31,$16,$43,$-4,$4,$-4,$0,$0,$0,$-31,$-35,$1,$-7,$-7,$3,$3,$0,$-4,$-8,$-0,$3,$0
25,2012-06-30,11.93,$5.57,2.14,$15.85,0.75,$-1.33,0.0,$0.59,20.22,$0.26B,$0.14B,1.88,$0.21B,$0.25B,0.84,$0.73B,$0.14B,18.57%,$0.73B,$0.04B,5.50%,$0.73B,$0.04B,5.50%,$0.73B,$0.06B,8.25%,$0.73B,$0.03B,4.54%,$0.73B,$0.03B,3.58%,$0.03B,$0.25B,10.84%,$0.03B,$0.19B,14.31%,$0.03B,$0.66B,3.82%,$0.04B,$0.46B,8.48%,$164,$133,$31,$4,$19,$156,$8,$-1,$7,$2,$5,$5,$5,$13,$8,$45,46,$0.11,$0.10,$44,$9,$7,$263,$8,$0,$58,$5,$397,$661,$140,$208,$29,$272,$412,$0,$168,$-2,$249,$661,$7,$10,$-1,$9,$1,$-1,$8,$21,$24,$39,$-2,$4,$0,$0,$0,$0,$-20,$-18,$-10,$-7,$-17,$2,$2,$0,$-3,$-19,$3,$2,$0
26,2012-03-31,13.55,$5.46,2.48,$15.92,0.85,$-2.69,0.0,$0.67,20.22,$0.25B,$0.12B,2.01,$0.20B,$0.24B,0.81,$0.73B,$0.14B,18.68%,$0.73B,$0.05B,6.18%,$0.73B,$0.05B,6.18%,$0.73B,$0.06B,8.65%,$0.73B,$0.04B,5.22%,$0.73B,$0.03B,4.12%,$0.03B,$0.24B,12.92%,$0.03B,$0.18B,16.33%,$0.03B,$0.63B,4.41%,$0.05B,$0.44B,9.41%,$147,$117,$29,$4,$22,$143,$3,$-1,$2,$1,$2,$2,$2,$8,$3,$44,46,$0.04,$0.04,$51,$9,$7,$247,$8,$0,$59,$4,$379,$626,$122,$197,$28,$261,$383,$0,$163,$-0,$243,$626,$2,$5,$-1,$4,$34,$-0,$1,$13,$28,$33,$-1,$4,$0,$0,$0,$0,$-10,$-7,$-7,$-7,$-15,$1,$1,$0,$-0,$-14,$12,$1,$0
27,2011-12-31,13.72,$5.39,2.55,$15.94,0.86,$-3.96,0.0,$0.76,18.05,$0.28B,$0.15B,1.91,$0.20B,$0.24B,0.83,$0.73B,$0.14B,18.57%,$0.73B,$0.05B,6.88%,$0.73B,$0.05B,6.88%,$0.73B,$0.07B,9.08%,$0.73B,$0.04B,5.91%,$0.73B,$0.03B,4.54%,$0.03B,$0.24B,14.83%,$0.03B,$0.18B,17.98%,$0.03B,$0.65B,4.88%,$0.05B,$0.43B,10.48%,$188,$153,$35,$0,$37,$176,$13,$-3,$9,$2,$7,$7,$7,$18,$13,$43,45,$0.15,$0.17,$39,$9,$6,$283,$7,$0,$61,$4,$363,$646,$148,$196,$29,$261,$409,$0,$159,$1,$236,$646,$33,$15,$21,$36,$-153,$-2,$-0,$-2,$-178,$-109,$-3,$7,$-68,$0,$0,$0,$-41,$-106,$50,$7,$57,$6,$6,$0,$133,$197,$-18,$3,$0
28,2011-09-30,10.16,$5.33,1.91,$16.04,0.63,$-1.01,0.0,$0.75,13.55,$0.31B,$0.17B,1.81,$0.33B,$0.23B,1.41,$0.72B,$0.13B,18.25%,$0.72B,$0.05B,6.96%,$0.72B,$0.05B,6.96%,$0.72B,$0.06B,8.77%,$0.72B,$0.04B,6.13%,$0.72B,$0.03B,4.46%,$0.03B,$0.23B,15.08%,$0.03B,$0.18B,17.49%,$0.03B,$0.79B,4.84%,$0.05B,$0.56B,10.68%,$228,$188,$40,$5,$18,$211,$16,$-1,$15,$3,$12,$12,$12,$21,$16,$43,46,$0.29,$0.27,$44,$8,$8,$311,$7,$0,$55,$6,$478,$788,$172,$326,$30,$386,$558,$0,$153,$0,$231,$788,$26,$10,$4,$13,$-163,$-2,$4,$95,$-52,$-12,$-3,$7,$-63,$0,$0,$0,$-32,$-90,$83,$0,$83,$5,$5,$0,$2,$90,$-13,$2,$0
29,2011-06-30,14.18,$5.12,2.77,$15.54,0.91,$-0.88,0.0,$0.76,18.66,$0.26B,$0.12B,2.11,$0.26B,$0.22B,1.2,$0.68B,$0.13B,18.48%,$0.68B,$0.05B,7.77%,$0.68B,$0.05B,7.77%,$0.68B,$0.07B,9.68%,$0.68B,$0.05B,6.74%,$0.68B,$0.03B,4.69%,$0.03B,$0.22B,16.00%,$0.03B,$0.20B,17.78%,$0.03B,$0.66B,5.32%,$0.05B,$0.48B,12.63%,$165,$133,$32,$5,$14,$152,$13,$-1,$12,$4,$9,$9,$9,$16,$13,$42,46,$0.21,$0.19,$69,$9,$7,$262,$6,$0,$21,$5,$399,$661,$124,$263,$31,$317,$441,$0,$141,$4,$219,$661,$14,$6,$1,$7,$-97,$-2,$-0,$83,$-45,$-24,$-2,$7,$0,$0,$0,$0,$-15,$-10,$43,$0,$43,$4,$4,$0,$2,$49,$15,$2,$0
