,Date,Stock Price,Book Value per Share,Price to Book Ratio,TTM Sales per Share,Price to Sales Ratio,TTM FCF per Share,Price to FCF Ratio,TTM Net EPS,PE Ratio,Current Assets,Current Liabilities,Current Ratio,Long Term Debt,Shareholder's Equity_x,Debt to Equity Ratio,TTM Revenue_x,TTM Gross Profit,Gross Margin,TTM Revenue_y,TTM Operating Income,Operating Margin,TTM Revenue_x,TTM EBIT,EBIT Margin,TTM Revenue_y,TTM EBITDA,EBITDA Margin,TTM Revenue_x,TTM Pre-Tax Income,Pre-Tax Margin,TTM Revenue_y,TTM Net Income_x,Net Margin,TTM Net Income_y,Shareholder's Equity_y,Return on Equity,TTM Net Income_x,Tangible Equity,Return on Tangible Equity,TTM Net Income_y,Total Assets,Return on Assets,TTM Net Income,LT Investments & Debt,Return on Investment,revenue,cost-goods-sold,gross-profit,research-development-expenses,selling-general-administrative-expenses,operating-expenses,operating-income,total-non-operating-income-expense,pre-tax-income,total-provision-income-taxes,income-after-taxes,income-from-continuous-operations,net-income,ebitda,ebit,basic-shares-outstanding,shares-outstanding,eps-basic-net-earnings-per-share,eps-earnings-per-share-diluted,cash-on-hand,inventory,other-current-assets,total-current-assets,net-property-plant-equipment,long-term-investments,goodwill-intangible-assets-total,other-long-term-assets,total-long-term-assets,total-assets,total-current-liabilities,long-term-debt,other-non-current-liabilities,total-long-term-liabilities,total-liabilities,common-stock-net,retained-earnings-accumulated-deficit,comprehensive-income,total-share-holder-equity,total-liabilities-share-holders-equity,net-income-loss,total-depreciation-amortization-cash-flow,other-non-cash-items,total-non-cash-items,change-in-accounts-receivable,change-in-inventories,change-in-accounts-payable,change-in-assets-liabilities,total-change-in-assets-liabilities,cash-flow-from-operating-activities,net-change-in-property-plant-equipment,net-change-in-intangible-assets,net-acquisitions-divestitures,net-change-in-short-term-investments,net-change-in-long-term-investments,net-change-in-investments-total,investing-activities-other,cash-flow-from-investing-activities,net-long-term-debt,net-current-debt,debt-issuance-retirement-net-total,net-common-equity-issued-repurchased,net-total-equity-issued-repurchased,total-common-preferred-stock-dividends-paid,financial-activities-other,cash-flow-from-financial-activities,net-cash-flow,stock-based-compensation,common-stock-dividends-paid
0,2018-09-30,16.27,$-0.17,-93.67,$0.72,22.61,$-0.48,0.0,$-0.36,0.0,$0.20B,$0.15B,1.34,$0.08B,$-0.08B,-1.11,$0.21B,$0.16B,75.24%,$0.21B,$-0.08B,-40.29%,$0.21B,$-0.08B,-40.29%,$0.21B,$-0.08B,-39.32%,$0.21B,$-0.09B,-44.17%,$0.21B,$-0.10B,-50.49%,$-0.10B,$-0.05B,228.57%,$-0.10B,$-0.06B,196.23%,$-0.10B,$0.21B,-52.53%,$-0.08B,$0.03B,-179.46%,$55,$14,$42,$14,$50,$78,$-22,$-2,$-24,$0,$-24,$-24,$-24,$-22,$-22,$296,296,$-0.08,$-0.08,$82,$44,$3,$202,$0,$0,$8,$0,$8,$210,$152,$83,$9,$111,$263,$233,$-1355,$0,$-53,$210,$-83,$2,$14,$16,$-2,$-13,$0,$-16,$4,$-62,$-0,$0,$0,$0,$0,$0,$0,$-0,$-11,$0,$-11,$87,$87,$0,$-6,$71,$8,$14,$0
1,2018-06-30,3.09,$-0.16,-19.46,$0.71,4.37,$-0.39,0.0,$-0.32,0.0,$0.20B,$0.14B,1.43,$0.09B,$-0.07B,-1.25,$0.20B,$0.15B,74.75%,$0.20B,$-0.07B,-34.85%,$0.20B,$-0.07B,-34.85%,$0.20B,$-0.07B,-33.84%,$0.20B,$-0.08B,-39.39%,$0.20B,$-0.09B,-45.96%,$-0.09B,$-0.05B,208.00%,$-0.09B,$-0.05B,176.70%,$-0.09B,$0.20B,-48.60%,$-0.07B,$0.04B,-129.58%,$53,$13,$40,$18,$54,$85,$-32,$-2,$-34,$0,$-34,$-34,$-34,$-32,$-32,$294,294,$-0.12,$-0.12,$103,$40,$3,$196,$0,$0,$8,$0,$8,$204,$138,$89,$7,$113,$251,$226,$-1330,$0,$-47,$204,$-58,$1,$7,$9,$-5,$-10,$0,$6,$15,$-34,$0,$0,$0,$0,$0,$0,$0,$0,$-7,$0,$-7,$72,$72,$0,$-3,$63,$29,$7,$0
2,2018-03-31,3.01,$-0.06,-53.09,$0.70,4.33,$-0.36,0.0,$-0.25,0.0,$0.21B,$0.12B,1.74,$0.10B,$-0.04B,-2.3,$0.19B,$0.14B,74.74%,$0.19B,$-0.05B,-25.26%,$0.19B,$-0.05B,-25.26%,$0.19B,$-0.05B,-24.21%,$0.19B,$-0.06B,-30.53%,$0.19B,$-0.07B,-37.37%,$-0.07B,$-0.02B,170.06%,$-0.07B,$-0.03B,142.71%,$-0.07B,$0.22B,-39.72%,$-0.05B,$0.08B,-80.00%,$44,$11,$33,$12,$43,$66,$-22,$-2,$-24,$0,$-24,$-24,$-24,$-21,$-22,$285,285,$-0.08,$-0.08,$130,$35,$4,$208,$0,$0,$8,$0,$8,$216,$119,$95,$1,$113,$232,$225,$-1296,$0,$-17,$216,$-24,$1,$4,$5,$6,$-5,$0,$-0,$10,$-10,$0,$0,$0,$0,$0,$0,$0,$0,$-4,$0,$-4,$72,$72,$0,$-3,$65,$55,$4,$0
3,2017-12-31,4.01,$-0.24,-16.69,$0.67,5.99,$-0.38,0.0,$-0.25,0.0,$0.15B,$0.11B,1.41,$0.10B,$-0.09B,-1.12,$0.18B,$0.14B,74.59%,$0.18B,$-0.05B,-24.86%,$0.18B,$-0.05B,-24.86%,$0.18B,$-0.04B,-23.76%,$0.18B,$-0.06B,-30.39%,$0.18B,$-0.07B,-37.57%,$-0.07B,$-0.07B,151.96%,$-0.07B,$-0.07B,128.91%,$-0.07B,$0.16B,-40.36%,$-0.05B,$0.04B,-73.77%,$54,$13,$40,$12,$36,$61,$-7,$-2,$-9,$0,$-22,$-22,$-22,$-6,$-7,$271,271,$-0.08,$-0.08,$74,$30,$3,$153,$0,$0,$8,$0,$8,$162,$109,$100,$1,$118,$227,$209,$-1272,$0,$-65,$162,$-68,$3,$25,$28,$-25,$-10,$0,$8,$7,$-33,$-0,$0,$0,$0,$0,$0,$0,$-0,$12,$0,$12,$1,$1,$0,$-4,$8,$-25,$14,$0
4,2017-09-30,3.5,$-0.17,-20.5,$0.65,5.36,$-0.59,0.0,$-0.27,0.0,$0.15B,$0.09B,1.63,$0.10B,$-0.07B,-1.48,$0.17B,$0.12B,74.70%,$0.17B,$-0.05B,-30.72%,$0.17B,$-0.05B,-30.72%,$0.17B,$-0.05B,-29.52%,$0.17B,$-0.06B,-36.75%,$0.17B,$-0.07B,-43.98%,$-0.07B,$-0.05B,237.40%,$-0.07B,$-0.05B,187.18%,$-0.07B,$0.17B,-43.00%,$-0.05B,$0.06B,-71.58%,$47,$12,$35,$11,$33,$56,$-8,$-2,$-11,$0,$-11,$-11,$-11,$-8,$-8,$271,271,$-0.04,$-0.04,$80,$29,$4,$147,$0,$0,$8,$0,$20,$167,$90,$104,$1,$123,$213,$209,$-1249,$0,$-46,$167,$-45,$2,$10,$13,$-15,$-8,$0,$8,$2,$-31,$-0,$0,$0,$0,$0,$0,$0,$-0,$15,$0,$15,$0,$0,$0,$-4,$12,$-19,$10,$0
5,2017-06-30,4.03,$-0.14,-28.14,$0.63,6.35,$-0.73,0.0,$-0.31,0.0,$0.15B,$0.09B,1.74,$0.11B,$-0.06B,-1.71,$0.15B,$0.11B,74.34%,$0.15B,$-0.06B,-38.16%,$0.15B,$-0.06B,-38.16%,$0.15B,$-0.05B,-35.53%,$0.15B,$-0.07B,-44.08%,$0.15B,$-0.08B,-51.32%,$-0.08B,$-0.04B,503.23%,$-0.08B,$-0.05B,325.00%,$-0.08B,$0.17B,-44.19%,$-0.06B,$0.07B,-70.09%,$45,$11,$34,$14,$32,$57,$-11,$-2,$-14,$0,$-14,$-14,$-14,$-11,$-11,$271,271,$-0.05,$-0.05,$86,$25,$2,$150,$0,$0,$8,$0,$20,$170,$86,$108,$1,$123,$209,$209,$-1239,$0,$-39,$170,$-35,$2,$7,$8,$-17,$-4,$0,$6,$2,$-24,$-0,$0,$0,$0,$0,$0,$0,$-0,$15,$0,$15,$0,$0,$0,$-4,$12,$-13,$7,$0
6,2017-03-31,3.2,$-0.11,-30.1,$0.65,4.95,$-0.83,0.0,$-0.33,0.0,$0.16B,$0.08B,1.99,$0.11B,$-0.05B,-2.09,$0.14B,$0.10B,73.57%,$0.14B,$-0.06B,-43.57%,$0.14B,$-0.06B,-43.57%,$0.14B,$-0.06B,-39.29%,$0.14B,$-0.07B,-47.86%,$0.14B,$-0.08B,-55.00%,$-0.08B,$-0.03B,164.71%,$-0.08B,$-0.04B,138.12%,$-0.08B,$0.18B,-45.03%,$-0.06B,$0.08B,-76.97%,$35,$8,$26,$11,$34,$53,$-19,$-2,$-21,$0,$-21,$-21,$-21,$-18,$-19,$270,270,$-0.08,$-0.08,$97,$24,$5,$155,$0,$0,$9,$1,$20,$175,$78,$111,$1,$126,$204,$208,$-1225,$0,$-29,$175,$-21,$1,$3,$4,$-9,$-3,$0,$2,$3,$-14,$-0,$0,$0,$0,$0,$0,$0,$-0,$15,$0,$15,$0,$0,$0,$-3,$12,$-2,$3,$0
7,2016-12-31,3.08,$-0.03,-91.67,$0.66,4.68,$-0.91,0.0,$-0.41,0.0,$0.15B,$0.08B,1.92,$0.09B,$-0.03B,-2.55,$0.13B,$0.10B,73.28%,$0.13B,$-0.07B,-49.62%,$0.13B,$-0.07B,-49.62%,$0.13B,$-0.06B,-43.51%,$0.13B,$-0.08B,-58.02%,$0.13B,$-0.09B,-65.65%,$-0.09B,$-0.01B,109.55%,$-0.09B,$-0.02B,98.01%,$-0.09B,$0.17B,-51.96%,$-0.07B,$0.08B,-81.50%,$39,$10,$29,$10,$31,$52,$-13,$-2,$-15,$12,$-27,$-27,$-27,$-12,$-13,$212,212,$-0.10,$-0.10,$99,$21,$7,$146,$0,$0,$9,$1,$21,$167,$76,$85,$1,$100,$176,$207,$-1204,$0,$-9,$167,$-86,$9,$14,$23,$-6,$-2,$0,$-3,$-8,$-72,$-0,$0,$0,$0,$0,$0,$0,$-0,$0,$0,$0,$65,$65,$0,$-2,$63,$-9,$14,$0
8,2016-09-30,3.19,$0.06,56.56,$0.62,5.13,$-1.03,0.0,$-0.43,0.0,$0.16B,$0.08B,2.15,$0.09B,$-0.01B,-9.65,$0.12B,$0.09B,71.43%,$0.12B,$-0.07B,-59.66%,$0.12B,$-0.07B,-59.66%,$0.12B,$-0.06B,-51.26%,$0.12B,$-0.08B,-70.59%,$0.12B,$-0.08B,-68.07%,$-0.08B,$0.02B,74.83%,$-0.08B,$0.01B,68.94%,$-0.08B,$0.19B,-48.50%,$-0.07B,$0.10B,-82.56%,$33,$8,$24,$13,$26,$48,$-15,$-2,$-17,$-1,$-16,$-16,$-16,$-13,$-15,$209,209,$-0.08,$-0.08,$118,$20,$6,$161,$0,$0,$9,$1,$33,$194,$75,$89,$1,$104,$179,$207,$-1177,$0,$15,$194,$-59,$8,$-1,$7,$-4,$-1,$0,$-2,$-1,$-53,$-0,$0,$0,$0,$0,$0,$0,$-0,$0,$0,$0,$65,$65,$0,$-2,$63,$11,$10,$0
9,2016-06-30,2.16,$-0.89,-2.42,$0.58,3.71,$-1.12,0.0,$-0.53,0.0,$0.12B,$0.08B,1.5,$0.22B,$-0.19B,-1.16,$0.11B,$0.08B,70.09%,$0.11B,$-0.08B,-76.64%,$0.11B,$-0.08B,-76.64%,$0.11B,$-0.07B,-67.29%,$0.11B,$-0.10B,-91.59%,$0.11B,$-0.10B,-90.65%,$-0.10B,$-0.16B,69.41%,$-0.10B,$-0.17B,64.99%,$-0.10B,$0.15B,-59.15%,$-0.08B,$0.06B,-92.92%,$33,$9,$24,$13,$26,$48,$-14,$0,$-14,$-1,$-13,$-13,$-13,$-12,$-14,$184,184,$-0.07,$-0.07,$73,$20,$5,$117,$0,$0,$9,$0,$31,$148,$78,$219,$0,$234,$312,$151,$-1161,$0,$-164,$148,$-43,$5,$1,$6,$-4,$-1,$0,$-1,$3,$-34,$-0,$0,$0,$0,$0,$0,$0,$-0,$0,$0,$0,$0,$0,$0,$-1,$-1,$-34,$7,$0
10,2016-03-31,1.53,$-0.85,-1.81,$0.50,3.05,$-1.14,0.0,$-0.81,0.0,$0.12B,$0.05B,2.32,$0.24B,$-0.18B,-1.33,$0.09B,$0.06B,67.39%,$0.09B,$-0.10B,-103.26%,$0.09B,$-0.10B,-103.26%,$0.09B,$-0.09B,-92.39%,$0.09B,$-0.12B,-126.09%,$0.09B,$-0.15B,-159.78%,$-0.15B,$-0.16B,120.99%,$-0.15B,$-0.17B,112.21%,$-0.15B,$0.15B,-83.64%,$-0.10B,$0.08B,-88.79%,$26,$7,$19,$14,$28,$49,$-23,$-7,$-30,$-0,$-30,$-30,$-30,$-20,$-23,$184,184,$-0.16,$-0.16,$82,$21,$6,$124,$0,$0,$9,$0,$28,$153,$54,$240,$0,$255,$309,$151,$-1149,$0,$-156,$153,$-30,$3,$4,$7,$-1,$-2,$0,$-1,$-2,$-25,$-0,$0,$0,$0,$0,$0,$0,$-0,$0,$0,$0,$0,$0,$0,$-1,$-1,$-26,$4,$0
11,2015-12-31,1.89,$-0.70,-2.72,$0.45,4.17,$-1.08,0.0,$-0.83,0.0,$0.14B,$0.05B,2.83,$0.23B,$-0.15B,-1.5,$0.08B,$0.05B,64.63%,$0.08B,$-0.10B,-120.73%,$0.08B,$-0.10B,-120.73%,$0.08B,$-0.09B,-109.76%,$0.08B,$-0.12B,-143.90%,$0.08B,$-0.15B,-181.71%,$-0.15B,$-0.13B,152.04%,$-0.15B,$-0.14B,138.28%,$-0.15B,$0.17B,-77.91%,$-0.10B,$0.10B,-78.88%,$27,$8,$18,$13,$24,$45,$-19,$-5,$-23,$-2,$-22,$-22,$-22,$-16,$-19,$181,181,$-0.12,$-0.12,$108,$19,$3,$144,$0,$0,$9,$0,$30,$173,$51,$228,$9,$250,$301,$150,$-1118,$0,$-128,$173,$-115,$9,$9,$18,$-6,$-5,$0,$14,$13,$-84,$-0,$0,$0,$0,$0,$0,$0,$-0,$11,$0,$11,$3,$60,$0,$-0,$71,$-13,$14,$0
12,2015-09-30,1.93,$-0.61,-3.18,$0.40,4.81,$-1.05,0.0,$-0.82,0.0,$0.16B,$0.06B,2.82,$0.22B,$-0.14B,-1.65,$0.07B,$0.05B,64.79%,$0.07B,$-0.10B,-140.85%,$0.07B,$-0.10B,-140.85%,$0.07B,$-0.09B,-129.58%,$0.07B,$-0.12B,-167.61%,$0.07B,$-0.15B,-207.04%,$-0.15B,$-0.11B,167.05%,$-0.15B,$-0.12B,149.62%,$-0.15B,$0.18B,-77.06%,$-0.10B,$0.11B,-75.33%,$21,$7,$14,$13,$27,$47,$-26,$-5,$-31,$-1,$-31,$-31,$-32,$-24,$-26,$183,183,$-0.18,$-0.18,$120,$20,$5,$156,$0,$0,$10,$2,$26,$182,$55,$224,$1,$238,$294,$150,$-1097,$0,$-111,$182,$-93,$6,$9,$15,$-3,$-6,$0,$13,$17,$-61,$-0,$0,$0,$0,$0,$0,$0,$-0,$-0,$0,$-0,$3,$60,$0,$0,$60,$-1,$10,$0
13,2015-06-30,2.46,$-0.50,-4.93,$0.36,6.75,$-1.05,0.0,$-0.81,0.0,$0.17B,$0.05B,3.37,$0.22B,$-0.11B,-1.97,$0.06B,$0.04B,64.06%,$0.06B,$-0.10B,-154.69%,$0.06B,$-0.10B,-154.69%,$0.06B,$-0.09B,-142.19%,$0.06B,$-0.11B,-178.13%,$0.06B,$-0.14B,-220.31%,$-0.14B,$-0.09B,181.94%,$-0.14B,$-0.10B,160.68%,$-0.14B,$0.20B,-73.63%,$-0.10B,$0.13B,-69.84%,$18,$6,$11,$12,$26,$44,$-27,$-5,$-32,$-1,$-32,$-32,$-63,$-25,$-27,$180,180,$-0.35,$-0.35,$137,$20,$1,$169,$0,$0,$10,$3,$26,$195,$50,$222,$1,$236,$287,$150,$-1065,$0,$-91,$195,$-63,$4,$6,$10,$-2,$-7,$0,$17,$15,$-38,$0,$0,$0,$0,$0,$0,$0,$0,$-0,$0,$-0,$3,$55,$0,$-0,$55,$17,$6,$0
14,2015-03-31,2.34,$-0.35,-6.7,$0.33,7.16,$-1.02,0.0,$-0.39,0.0,$0.19B,$0.04B,4.46,$0.22B,$-0.09B,-2.49,$0.06B,$0.04B,64.41%,$0.06B,$-0.10B,-164.41%,$0.06B,$-0.10B,-164.41%,$0.06B,$-0.09B,-152.54%,$0.06B,$-0.07B,-111.86%,$0.06B,$-0.06B,-106.78%,$-0.06B,$-0.06B,93.68%,$-0.06B,$-0.07B,81.29%,$-0.06B,$0.22B,-32.43%,$-0.10B,$0.16B,-64.24%,$16,$6,$10,$13,$25,$43,$-27,$-5,$-32,$-0,$-31,$-31,$-32,$-25,$-27,$176,176,$-0.18,$-0.18,$162,$16,$2,$190,$0,$0,$10,$3,$26,$215,$43,$219,$1,$235,$277,$145,$-1002,$0,$-62,$215,$-31,$2,$3,$5,$-1,$-2,$0,$15,$13,$-13,$0,$0,$0,$0,$0,$0,$0,$0,$-0,$0,$-0,$3,$55,$0,$-1,$54,$42,$3,$0
15,2014-12-31,0.98,$-0.51,-1.93,$0.30,3.27,$-1.11,0.0,$-0.36,0.0,$0.15B,$0.04B,3.6,$0.22B,$-0.09B,-2.47,$0.05B,$0.04B,64.81%,$0.05B,$-0.10B,-177.78%,$0.05B,$-0.10B,-177.78%,$0.05B,$-0.09B,-164.81%,$0.05B,$-0.06B,-111.11%,$0.05B,$-0.06B,-105.56%,$-0.06B,$-0.09B,86.04%,$-0.06B,$-0.10B,74.51%,$-0.06B,$0.17B,-29.16%,$-0.10B,$0.13B,-60.57%,$16,$6,$11,$12,$18,$37,$-20,$-4,$-24,$-4,$-20,$-20,$-20,$-18,$-20,$174,174,$-0.11,$-0.12,$120,$14,$3,$145,$0,$0,$10,$3,$26,$171,$40,$219,$0,$219,$260,$143,$-970,$0,$-88,$171,$-56,$7,$-47,$-40,$-4,$13,$0,$1,$21,$-75,$0,$0,$0,$0,$0,$0,$0,$0,$-0,$0,$-0,$2,$2,$0,$1,$3,$-72,$9,$0
16,2014-09-30,1.09,$-0.40,-2.75,$0.26,4.12,$-1.82,0.0,$-0.34,0.0,$0.16B,$0.04B,4.47,$0.22B,$-0.07B,-3.16,$0.05B,$0.03B,62.50%,$0.05B,$-0.11B,-227.08%,$0.05B,$-0.11B,-227.08%,$0.05B,$-0.10B,-206.25%,$0.05B,$-0.05B,-104.17%,$0.05B,$-0.05B,-108.33%,$-0.05B,$-0.07B,98.58%,$-0.05B,$-0.08B,82.54%,$-0.05B,$0.19B,-24.10%,$-0.11B,$0.15B,-60.72%,$14,$5,$9,$14,$19,$39,$-25,$-1,$-26,$0,$-26,$-26,$-26,$-23,$-25,$175,175,$-0.15,$-0.17,$136,$12,$3,$158,$0,$0,$10,$5,$27,$185,$35,$219,$1,$219,$255,$143,$-951,$0,$-69,$185,$-37,$5,$-44,$-39,$-3,$15,$0,$-1,$17,$-59,$0,$0,$0,$0,$0,$0,$0,$0,$-0,$0,$-0,$2,$2,$0,$1,$3,$-56,$6,$0
17,2014-06-30,1.76,$-0.29,-6.09,$0.23,7.54,$-2.41,0.0,$-0.46,0.0,$0.18B,$0.04B,4.69,$0.22B,$-0.05B,-4.35,$0.04B,$0.03B,61.90%,$0.04B,$-0.12B,-295.24%,$0.04B,$-0.12B,-295.24%,$0.04B,$-0.11B,-266.67%,$0.04B,$-0.08B,-178.57%,$0.04B,$-0.08B,-178.57%,$-0.08B,$-0.05B,187.50%,$-0.08B,$-0.06B,148.51%,$-0.08B,$0.21B,-30.86%,$-0.12B,$0.17B,-62.71%,$13,$5,$8,$12,$21,$38,$-25,$41,$16,$0,$15,$15,$15,$-24,$-25,$173,208,$0.09,$0.08,$151,$17,$3,$178,$0,$0,$10,$5,$28,$206,$38,$217,$1,$218,$256,$142,$-925,$0,$-50,$206,$-11,$3,$-41,$-39,$-3,$10,$0,$-1,$10,$-39,$0,$0,$0,$0,$0,$0,$0,$0,$-0,$0,$-0,$0,$0,$0,$-2,$-2,$-41,$4,$0
18,2014-03-31,1.81,$-0.33,-5.43,$0.21,8.71,$-2.94,0.0,$-0.79,0.0,$0.19B,$0.03B,6.19,$0.25B,$-0.06B,-4.27,$0.04B,$0.02B,60.00%,$0.04B,$-0.15B,-422.86%,$0.04B,$-0.15B,-422.86%,$0.04B,$-0.13B,-377.14%,$0.04B,$-0.13B,-374.29%,$0.04B,$-0.13B,-371.43%,$-0.13B,$-0.06B,254.90%,$-0.13B,$-0.07B,210.53%,$-0.13B,$0.22B,-53.01%,$-0.15B,$0.19B,-77.28%,$11,$4,$7,$12,$21,$37,$-26,$0,$-26,$0,$-26,$-26,$-26,$-24,$-26,$173,174,$-0.15,$-0.15,$165,$22,$3,$194,$1,$0,$11,$3,$26,$220,$31,$246,$1,$246,$278,$142,$-940,$0,$-58,$220,$-26,$1,$-3,$-1,$-0,$5,$0,$-1,$-0,$-27,$0,$0,$0,$0,$0,$0,$0,$0,$-0,$0,$-0,$0,$0,$0,$-0,$0,$-27,$2,$0
19,2013-12-31,1.97,$-0.20,-10.05,$0.16,12.33,$-3.16,0.0,$-1.05,0.0,$0.22B,$0.04B,5.84,$0.25B,$-0.03B,-7.33,$0.03B,$0.02B,57.69%,$0.03B,$-0.18B,-700.00%,$0.03B,$-0.18B,-700.00%,$0.03B,$-0.16B,-630.77%,$0.03B,$-0.17B,-653.85%,$0.03B,$-0.17B,-638.46%,$-0.17B,$-0.03B,322.33%,$-0.17B,$-0.05B,265.60%,$-0.17B,$0.25B,-64.34%,$-0.18B,$0.21B,-96.17%,$10,$4,$6,$17,$22,$43,$-33,$19,$-14,$2,$-15,$-15,$-15,$-28,$-33,$161,167,$-0.07,$-0.22,$193,$21,$2,$219,$1,$0,$11,$4,$33,$252,$38,$248,$1,$249,$286,$141,$-914,$0,$-34,$252,$-166,$19,$-40,$-21,$-4,$-5,$0,$3,$-3,$-190,$-0,$0,$0,$0,$0,$0,$0,$-0,$-0,$0,$-0,$122,$122,$0,$-0,$122,$-69,$11,$0
20,2013-09-30,6.32,$-0.10,-61.66,$0.10,63.64,$-2.87,0.0,$-1.03,0.0,$0.26B,$0.03B,8.39,$0.24B,$-0.02B,-13.55,$0.02B,$0.01B,56.25%,$0.02B,$-0.19B,-1156.25%,$0.02B,$-0.19B,-1156.25%,$0.02B,$-0.17B,-1050.00%,$0.02B,$-0.16B,-1018.75%,$0.02B,$-0.16B,-1012.50%,$-0.16B,$-0.02B,368.18%,$-0.16B,$-0.03B,294.55%,$-0.16B,$0.29B,-59.40%,$-0.19B,$0.22B,-95.73%,$8,$4,$5,$17,$28,$49,$-40,$-10,$-51,$-2,$-49,$-49,$-49,$-36,$-40,$170,170,$-0.29,$-0.29,$227,$27,$4,$263,$1,$0,$11,$5,$31,$294,$31,$240,$40,$280,$312,$141,$-898,$0,$-18,$294,$-151,$14,$-15,$-2,$-4,$-6,$0,$-2,$-5,$-157,$-0,$0,$0,$0,$0,$0,$0,$-0,$-0,$0,$-0,$122,$122,$0,$1,$123,$-34,$13,$0
21,2013-06-30,5.8,$-0.63,-9.27,$0.05,116.17,$-2.48,0.0,$-0.92,0.0,$0.19B,$0.04B,5.21,$0.24B,$-0.09B,-2.51,$0.01B,$0.00B,50.00%,$0.01B,$-0.18B,-2237.50%,$0.01B,$-0.18B,-2237.50%,$0.01B,$-0.16B,-2037.50%,$0.01B,$-0.14B,-1687.50%,$0.01B,$-0.14B,-1737.50%,$-0.14B,$-0.09B,351.90%,$-0.14B,$-0.11B,291.10%,$-0.14B,$0.22B,-52.85%,$-0.18B,$0.14B,-104.99%,$6,$3,$3,$17,$34,$54,$-49,$9,$-40,$0,$-40,$-40,$-40,$-44,$-49,$151,157,$-0.26,$-0.34,$151,$29,$2,$185,$1,$0,$11,$5,$30,$215,$35,$237,$37,$274,$309,$125,$-850,$0,$-94,$215,$-102,$9,$-20,$-11,$-2,$-7,$0,$-1,$0,$-112,$-0,$0,$0,$0,$0,$0,$0,$-0,$0,$0,$0,$1,$1,$0,$1,$2,$-111,$9,$0
22,2013-03-31,7.41,$-0.40,-18.58,$0.01,497.19,$-2.04,0.0,$-1.04,0.0,$0.24B,$0.04B,5.71,$0.24B,$-0.06B,-3.98,$0.00B,$0.00B,50.00%,$0.00B,$-0.16B,-7900.00%,$0.00B,$-0.16B,-7900.00%,$0.00B,$-0.14B,-7050.00%,$0.00B,$-0.15B,-7300.00%,$0.00B,$-0.15B,-7650.00%,$-0.15B,$-0.06B,1037.29%,$-0.15B,$-0.07B,755.56%,$-0.15B,$0.27B,-55.23%,$-0.16B,$0.18B,-93.91%,$2,$1,$1,$22,$39,$62,$-60,$-5,$-65,$-3,$-62,$-62,$-62,$-56,$-60,$150,157,$-0.41,$-0.43,$203,$27,$7,$242,$1,$0,$11,$5,$29,$271,$42,$239,$50,$289,$331,$125,$-810,$0,$-60,$271,$-62,$4,$-4,$1,$-3,$-6,$0,$-3,$2,$-60,$-0,$0,$0,$0,$0,$0,$0,$-0,$0,$0,$0,$1,$1,$0,$1,$1,$-58,$4,$0
23,2012-12-31,8.09,$-0.03,-304.14,0,0.0,$-1.79,0.0,$-1.28,0.0,$0.29B,$0.03B,11.34,$0.23B,$-0.00B,-58.54,$0.00B,0,nan%,$0.00B,$-0.12B,inf%,$0.00B,$-0.12B,inf%,$0.00B,$-0.10B,inf%,$0.00B,$-0.17B,inf%,$0.00B,$-0.18B,inf%,$-0.18B,$-0.00B,1136.51%,$-0.18B,$-0.02B,967.57%,$-0.18B,$0.31B,-65.21%,$-0.12B,$0.23B,-84.48%,$0,$0,$0,$19,$17,$36,$-36,$29,$-7,$3,$-11,$-11,$-11,$-32,$-36,$144,144,$-0.03,$-0.03,$260,$21,$3,$286,$1,$0,$11,$5,$25,$311,$25,$234,$56,$290,$315,$125,$-748,$0,$-4,$311,$-179,$13,$39,$52,$0,$-21,$0,$-3,$4,$-122,$-1,$-12,$0,$0,$-2,$-2,$0,$-14,$244,$0,$244,$25,$25,$0,$11,$280,$144,$18,$0
24,2012-09-30,12.58,$0.00,41916.67,0,0.0,$-1.25,0.0,$-1.09,0.0,$0.23B,$0.03B,7.04,$0.13B,$0.00B,3441.66,$0.00B,0,nan%,$0.00B,$-0.09B,inf%,$0.00B,$-0.09B,inf%,$0.00B,$-0.08B,inf%,$0.00B,$-0.14B,inf%,$0.00B,$-0.15B,inf%,$-0.15B,$0.00B,923.08%,$-0.15B,$0.00B,923.08%,$-0.15B,$0.26B,-65.72%,$-0.09B,$0.13B,-116.98%,$0,$0,$0,$21,$13,$34,$-34,$11,$-23,$4,$-26,$-26,$-26,$-31,$-34,$149,149,$-0.18,$-0.18,$215,$9,$4,$229,$1,$0,$0,$16,$26,$255,$33,$131,$92,$222,$255,$124,$-737,$0,$0,$255,$-169,$10,$75,$85,$0,$-9,$0,$-20,$5,$-79,$-0,$0,$0,$0,$-1,$-1,$0,$-2,$144,$0,$144,$24,$24,$0,$10,$179,$99,$16,$0
25,2012-06-30,14.46,$0.04,402.79,0,0.0,$-0.90,0.0,$-0.29,0.0,$0.26B,$0.02B,14.7,$0.13B,$0.01B,23.96,$0.00B,0,nan%,$0.00B,$-0.07B,inf%,$0.00B,$-0.07B,inf%,$0.00B,$-0.06B,inf%,$0.00B,$-0.02B,inf%,$0.00B,$-0.03B,inf%,$-0.03B,$0.01B,117.89%,$-0.03B,$0.01B,117.89%,$-0.03B,$0.27B,-14.18%,$-0.07B,$0.13B,-173.25%,$0,$0,$0,$14,$14,$28,$-28,$-23,$-51,$3,$-54,$-54,$-54,$-22,$-28,$141,141,$-0.38,$-0.38,$250,$0,$6,$257,$1,$0,$0,$2,$14,$271,$17,$127,$121,$248,$266,$123,$-711,$0,$5,$271,$-142,$6,$90,$96,$0,$0,$0,$-10,$7,$-39,$-0,$0,$0,$0,$-1,$-1,$0,$-1,$144,$0,$144,$22,$22,$0,$8,$174,$134,$13,$0
26,2012-03-31,11.32,$-0.47,-23.97,0,0.0,$-0.77,0.0,$1.67,6.78,$0.25B,$0.01B,26.22,$0.12B,$-0.06B,-1.93,$0.00B,0,nan%,$0.00B,$-0.06B,inf%,$0.00B,$-0.06B,inf%,$0.00B,$-0.06B,inf%,$0.00B,$-0.17B,inf%,$0.00B,$-0.18B,inf%,$-0.18B,$-0.06B,276.08%,$-0.18B,$-0.06B,276.08%,$-0.18B,$0.26B,-107.48%,$-0.06B,$0.06B,167.94%,$0,$0,$0,$5,$14,$19,$-19,$-70,$-89,$-1,$-88,$-88,$-88,$-19,$-19,$136,136,$-0.65,$-0.65,$246,$0,$5,$251,$0,$0,$0,$2,$10,$261,$10,$124,$191,$316,$325,$114,$-657,$0,$-64,$261,$-88,$0,$71,$71,$0,$0,$0,$-2,$-0,$-18,$-0,$0,$0,$0,$0,$0,$0,$-0,$144,$0,$144,$1,$1,$0,$2,$147,$129,$6,$0
27,2011-12-31,7.49,$-0.04,-170.62,0,0.0,$-0.70,0.0,$2.44,3.07,$0.12B,$0.01B,14.08,$0.00B,$-0.01B,0.0,$0.00B,0,nan%,$0.00B,$-0.04B,inf%,$0.00B,$-0.04B,inf%,$0.00B,$-0.04B,inf%,$0.00B,$-0.07B,inf%,$0.00B,$-0.07B,inf%,$-0.07B,$-0.01B,118.14%,$-0.07B,$-0.01B,118.14%,$-0.07B,$0.13B,-53.13%,$-0.04B,$-0.01B,72.57%,$0,$0,$0,$6,$6,$12,$-12,$31,$19,$0,$18,$18,$18,$-12,$-12,$130,130,$0.18,$0.31,$117,$0,$2,$119,$0,$0,$0,$2,$7,$126,$8,$0,$124,$124,$132,$113,$-568,$0,$-6,$126,$-69,$0,$25,$25,$0,$0,$0,$-1,$4,$-39,$-0,$0,$0,$0,$-2,$-2,$0,$-2,$-0,$0,$-0,$122,$122,$0,$4,$127,$85,$9,$0
28,2011-09-30,9.2,$-0.22,-41.18,0,0.0,$-0.72,0.0,$0.50,18.4,$0.13B,$0.01B,19.92,$0.00B,$-0.03B,0.0,$0.00B,0,nan%,$0.00B,$-0.05B,inf%,$0.00B,$-0.05B,inf%,$0.00B,$-0.05B,inf%,$0.00B,$-0.36B,inf%,$0.00B,$-0.28B,inf%,$-0.28B,$-0.03B,254.97%,$-0.28B,$-0.03B,254.97%,$-0.28B,$0.13B,-253.21%,$-0.05B,$-0.03B,44.34%,$0,$0,$0,$6,$3,$9,$-9,$107,$97,$1,$96,$96,$96,$-9,$-9,$133,156,$0.72,$0.62,$126,$0,$2,$128,$0,$0,$0,$4,$4,$132,$6,$0,$156,$156,$162,$113,$-587,$0,$-30,$132,$-87,$0,$60,$60,$0,$0,$0,$-1,$-0,$-28,$-0,$0,$0,$0,$-2,$-2,$0,$-2,$0,$0,$0,$122,$122,$0,$2,$124,$94,$7,$0
29,2011-06-30,14.43,$-1.16,-12.42,0,0.0,$-0.78,0.0,$-0.12,0.0,$0.13B,$0.00B,35.14,$0.00B,$-0.16B,0.0,$0.00B,0,nan%,$0.00B,$-0.05B,inf%,$0.00B,$-0.05B,inf%,$0.00B,$-0.05B,inf%,$0.00B,$-0.46B,inf%,$0.00B,$-0.38B,inf%,$-0.38B,$-0.16B,380.15%,$-0.38B,$-0.16B,380.15%,$-0.38B,$0.14B,-503.95%,$-0.05B,$-0.16B,48.64%,$0,$0,$0,$5,$10,$15,$-15,$-185,$-200,$2,$-202,$-202,$-202,$-15,$-15,$128,128,$-1.58,$-1.58,$131,$0,$1,$133,$0,$0,$0,$3,$3,$136,$4,$0,$286,$286,$290,$111,$-683,$0,$-155,$136,$-184,$0,$167,$167,$0,$0,$0,$-0,$-3,$-20,$-0,$0,$0,$0,$0,$0,$0,$-0,$0,$0,$0,$119,$119,$0,$1,$120,$100,$8,$0
30,2011-03-31,7.3,$-0.37,-19.83,0,0.0,$-0.79,0.0,$-1.70,0.0,$0.13B,$0.00B,33.31,$0.00B,$-0.05B,0.0,$0.00B,0,nan%,$0.00B,$-0.05B,inf%,$0.00B,$-0.05B,inf%,$0.00B,$-0.05B,inf%,$0.00B,$-0.22B,inf%,$0.00B,$-0.14B,inf%,$-0.14B,$-0.05B,225.81%,$-0.14B,$-0.05B,225.81%,$-0.14B,$0.13B,-333.33%,$-0.05B,$-0.05B,72.58%,$0,$0,$0,$4,$3,$7,$-7,$25,$18,$-0,$18,$18,$18,$-7,$-7,$123,152,$0.15,$0.12,$129,$0,$1,$131,$0,$0,$0,$0,$2,$133,$4,$0,$175,$175,$179,$106,$-481,$0,$-46,$133,$18,$0,$-24,$-24,$0,$0,$0,$1,$-3,$-9,$0,$0,$0,$0,$0,$0,$0,$0,$0,$0,$0,$107,$107,$0,$0,$107,$98,$1,$0
31,2010-12-31,8.2,$-1.89,-4.33,0,0.0,$-0.81,0.0,$-1.82,0.0,$0.03B,$0.01B,4.37,$0.00B,$-0.20B,0.0,$0.00B,0,nan%,$0.00B,$-0.05B,inf%,$0.00B,$-0.05B,inf%,$0.00B,$-0.05B,inf%,$0.00B,$-0.25B,inf%,$0.00B,$-0.17B,inf%,$-0.17B,$-0.20B,330.69%,$-0.17B,$-0.20B,330.69%,$-0.17B,$0.04B,-1908.57%,$-0.05B,$-0.20B,89.11%,$0,$0,$0,$7,$10,$17,$-17,$-233,$-271,$-1,$-271,$-188,$-188,$-17,$-17,$103,103,$-1.82,$-1.82,$31,$0,$1,$33,$0,$0,$0,$0,$2,$35,$8,$0,$230,$230,$238,$90,$-499,$0,$-202,$35,$-250,$0,$214,$0,$0,$0,$0,$0,$2,$-34,$-0,$0,$0,$0,$0,$0,$0,$-0,$-0,$0,$-0,$13,$13,$0,$1,$13,$-21,$11,$0
32,2010-09-30,2.58,$0.00,0.0,0,0.0,$-0.48,0.0,0,0.0,$0.00B,$0.00B,0.0,$0.00B,$0.00B,0.0,$0.00B,0,nan%,$0.00B,$-0.03B,inf%,$0.00B,$-0.03B,inf%,$0.00B,$-0.03B,inf%,$0.00B,$0.02B,inf%,$0.00B,$0.02B,inf%,$0.02B,$0.00B,1200.00%,$0.02B,$0.00B,1200.00%,$0.02B,$0.00B,152.73%,$-0.03B,$0.00B,-1600.00%,$0,$0,$0,$8,$2,$10,$-10,$-1,$-11,$0,$-11,$-11,$-11,$-10,$-10,$100,100,$-0.11,$-0.11,$0,$0,$0,$0,$0,$0,$0,$0,$0,$0,$0,$0,$0,$0,$0,$0,$0,$0,$0,$0,$-62,$0,$36,$36,$0,$0,$0,$1,$1,$-24,$-0,$0,$0,$0,$0,$0,$0,$-0,$-0,$0,$-0,$4,$4,$0,$0,$4,$-21,$3,$0
33,2010-06-30,2.49,$0.00,0.0,0,0.0,$-0.24,0.0,0,0.0,$0.00B,$0.00B,0.0,$0.00B,$0.00B,0.0,$0.00B,0,nan%,$0.00B,$-0.02B,inf%,$0.00B,$-0.02B,inf%,$0.00B,$-0.02B,inf%,$0.00B,$0.03B,inf%,$0.00B,$0.03B,inf%,$0.03B,$0.00B,355.56%,$0.03B,$0.00B,800.00%,$0.03B,$0.00B,139.13%,$-0.02B,$0.00B,-200.00%,$0,$0,$0,$8,$3,$11,$-11,$31,$41,$-0,$41,$41,$41,$-11,$-11,$99,99,$0.42,$0.42,$0,$0,$0,$0,$0,$0,$0,$0,$0,$0,$0,$0,$0,$0,$0,$0,$0,$0,$0,$0,$-51,$0,$34,$34,$0,$0,$0,$1,$0,$-16,$-0,$0,$0,$0,$0,$0,$0,$-0,$-0,$0,$-0,$1,$1,$0,$0,$1,$-15,$2,$0
34,2010-03-31,1.52,$0.00,0.0,0,0.0,$-0.08,0.0,$0.01,152.0,$0.00B,$0.00B,0.0,$0.00B,$0.00B,0.0,$0.00B,0,nan%,$0.00B,$-0.01B,inf%,$0.00B,$-0.01B,inf%,$0.00B,$-0.01B,inf%,$0.00B,$-0.01B,inf%,$0.00B,$-0.01B,inf%,$-0.01B,$0.00B,-48.00%,$-0.01B,$0.00B,-102.86%,$-0.01B,$0.00B,-25.35%,$-0.01B,$0.00B,-74.67%,$0,$0,$0,$5,$2,$7,$-7,$-2,$-9,$0,$-9,$-9,$-9,$-7,$-7,$99,99,$-0.09,$-0.09,$0,$0,$0,$0,$0,$0,$0,$0,$0,$0,$0,$0,$0,$0,$0,$0,$0,$0,$0,$0,$-9,$0,$3,$3,$0,$0,$0,$1,$-1,$-8,$-0,$0,$0,$0,$0,$0,$0,$-0,$-0,$0,$-0,$0,$0,$0,$0,$-0,$-8,$1,$0
35,2009-12-31,1.43,$0.00,0.0,0,0.0,0,0.0,$-0.05,0.0,$0.05B,$0.01B,8.04,$0.00B,$0.07B,0.0,$0.00B,0,nan%,$0.00B,$-0.02B,inf%,$0.00B,$-0.02B,inf%,$0.00B,$-0.02B,inf%,$0.00B,$-0.01B,inf%,$0.00B,$-0.01B,inf%,$-0.01B,$0.01B,-34.78%,$-0.01B,$0.01B,-100.00%,$-0.01B,$0.06B,-18.39%,$-0.02B,$0.01B,-63.16%,$0,$0,$0,$0,$0,$0,$0,$0,$0,$0,$0,$0,$0,$0,$0,$0,0,$0.00,$0.00,$52,$0,$4,$54,$0,$0,$0,$0,$0,$55,$7,$0,$1,$1,$49,$84,$-250,$0,$7,$56,$-59,$1,$0,$1,$0,$0,$0,$0,$-2,$-28,$-0,$0,$1,$0,$0,$0,$0,$1,$0,$0,$4,$0,$66,$0,$-4,$66,$38,$0,$0
36,2008-12-31,0.71,$0.00,0.0,0,0.0,$-2.42,0.0,$-0.77,0.0,$0.02B,$0.01B,2.27,$0.00B,$0.03B,0.0,$0.00B,0,nan%,$0.00B,$-0.02B,inf%,$0.00B,$-0.02B,inf%,$0.00B,$-0.02B,inf%,$0.00B,$-0.02B,inf%,$0.00B,$-0.02B,inf%,$-0.02B,$0.03B,-58.72%,$-0.02B,$0.01B,-220.69%,$-0.02B,$0.04B,-39.75%,$-0.02B,$0.03B,-84.21%,$0,$0,$0,$0,$0,$0,$0,$0,$0,$0,$0,$0,$0,$0,$0,$0,0,$0.00,$0.00,$14,$0,$2,$16,$0,$0,$20,$0,$20,$37,$7,$0,$1,$1,$8,$26,$-204,$0,$29,$37,$-20,$0,$0,$0,$0,$0,$0,$0,$-4,$-26,$-0,$0,$0,$0,$0,$0,$0,$0,$0,$0,$-3,$0,$26,$0,$-0,$24,$-4,$0,$0
37,2008-06-30,1.89,$0.00,0.0,0,0.0,$-2.42,0.0,$-1.37,0.0,$0.03B,$0.01B,3.4,$0.00B,$0.04B,0.0,$0.00B,0,nan%,$0.00B,$-0.03B,inf%,$0.00B,$-0.03B,inf%,$0.00B,$-0.03B,inf%,$0.00B,$-0.02B,inf%,$0.00B,$-0.02B,inf%,$-0.02B,$0.04B,-91.67%,$-0.02B,$0.02B,-244.44%,$-0.02B,$0.05B,-59.06%,$-0.03B,$0.04B,-122.77%,$0,$0,$0,$2,$5,$7,$-7,$7,$0,$-0,$0,$0,$0,$-7,$-7,$20,20,$0.01,$0.01,$26,$0,$3,$29,$0,$0,$20,$0,$20,$50,$9,$0,$2,$2,$10,$26,$0,$0,$39,$50,$0,$0,$0,$0,$0,$0,$0,$0,$0,$0,$0,$0,$0,$0,$0,$0,$0,$0,$0,$0,$0,$0,$0,$0,$0,$0,$0,$0,$0
38,2008-03-31,2.74,$0.00,0.0,0,0.0,$-3.98,0.0,$-3.08,0.0,$0.01B,$0.01B,0.96,$0.00B,$0.02B,0.16,$0.00B,0,nan%,$0.00B,$-0.03B,inf%,$0.00B,$-0.03B,inf%,$0.00B,$-0.03B,inf%,$0.00B,$-0.04B,inf%,$0.00B,$-0.04B,inf%,$-0.04B,$0.02B,-194.87%,$-0.04B,$-0.00B,-400.00%,$-0.04B,$0.03B,-116.92%,$-0.03B,$0.02B,-144.58%,$0,$0,$0,$3,$5,$8,$-8,$-1,$-8,$-0,$-8,$-8,$-8,$-8,$-8,$137,137,$-0.06,$-0.06,$9,$0,$3,$12,$0,$0,$20,$0,$20,$32,$12,$3,$1,$3,$15,$13,$4,$0,$17,$32,$0,$0,$0,$0,$0,$0,$0,$0,$0,$0,$0,$0,$0,$0,$0,$0,$0,$0,$0,$0,$0,$0,$0,$0,$0,$0,$0,$0,$0
39,2007-12-31,2.6,$0.00,0.0,0,0.0,$-3.98,0.0,$-4.02,0.0,$0.02B,$0.02B,1.41,$0.00B,$0.02B,0.09,$0.00B,0,nan%,$0.00B,$-0.03B,inf%,$0.00B,$-0.03B,inf%,$0.00B,$-0.03B,inf%,$0.00B,$-0.04B,inf%,$0.00B,$-0.04B,inf%,$-0.04B,$0.02B,-169.57%,$-0.04B,$0.00B,-247.62%,$-0.04B,$0.04B,-112.23%,$-0.03B,$0.03B,-136.17%,$0,$0,$0,$3,$6,$9,$-9,$1,$-8,$-0,$-8,$-8,$-8,$-9,$-9,$11,11,$-0.72,$-0.72,$18,$0,$3,$22,$0,$0,$20,$0,$20,$42,$15,$2,$1,$3,$18,$13,$-185,$0,$24,$42,$-38,$0,$0,$0,$0,$0,$0,$0,$-1,$-26,$-0,$0,$0,$0,$0,$0,$-5,$-5,$0,$3,$0,$0,$9,$0,$-0,$12,$-18,$0,$0
40,2007-09-30,4.0,$0.00,0.0,$0.05,87.82,$-4.40,0.0,$-4.00,0.0,$0.02B,$0.01B,2.84,$0.00B,$0.02B,0.0,$0.00B,$0.00B,inf%,$0.00B,$-0.03B,inf%,$0.00B,$-0.03B,inf%,$0.00B,$-0.03B,inf%,$0.00B,$-0.04B,inf%,$0.00B,$-0.04B,inf%,$-0.04B,$0.02B,-139.62%,$-0.04B,$0.02B,-168.18%,$-0.04B,$0.03B,-101.37%,$-0.03B,$0.02B,-120.75%,$0,$0,$0,$2,$5,$7,$-7,$1,$-6,$-0,$-6,$-6,$-6,$-7,$-7,$10,10,$-0.60,$-0.60,$21,$0,$3,$24,$0,$0,$0,$0,$0,$25,$8,$0,$0,$0,$9,$9,$7,$0,$16,$25,$0,$0,$0,$0,$0,$0,$0,$0,$0,$0,$0,$0,$0,$0,$0,$0,$0,$0,$0,$0,$0,$0,$0,$0,$0,$0,$0,$0,$0
41,2007-06-30,5.9,$0.00,0.0,$0.06,102.03,$-4.40,0.0,$-4.30,0.0,$0.03B,$0.01B,2.97,$0.00B,$0.02B,0.0,$0.00B,$0.00B,inf%,$0.00B,$-0.03B,inf%,$0.00B,$-0.03B,inf%,$0.00B,$-0.03B,inf%,$0.00B,$-0.04B,inf%,$0.00B,$-0.04B,inf%,$-0.04B,$0.02B,-129.91%,$-0.04B,$0.02B,-168.89%,$-0.04B,$0.03B,-98.06%,$-0.03B,$0.02B,-112.82%,$0,$0,$0,$2,$4,$6,$-6,$-10,$-16,$-0,$-16,$-16,$-16,$-6,$-6,$9,9,$-1.70,$-1.70,$28,$0,$3,$30,$0,$0,$0,$0,$0,$31,$10,$0,$0,$0,$10,$9,$-144,$0,$21,$31,$-24,$0,$0,$0,$0,$0,$0,$0,$-1,$-14,$-0,$0,$0,$0,$0,$0,$1,$0,$0,$0,$0,$0,$4,$0,$-0,$4,$-9,$0,$0
42,2007-03-31,23.0,$0.00,0.0,$0.06,397.73,$-2.85,0.0,$-3.40,0.0,$0.03B,$0.01B,3.07,$0.00B,$0.03B,0.0,$0.00B,$0.00B,inf%,$0.00B,$-0.04B,inf%,$0.00B,$-0.04B,inf%,$0.00B,$-0.04B,inf%,$0.00B,$-0.03B,inf%,$0.00B,$-0.03B,inf%,$-0.03B,$0.03B,-89.92%,$-0.03B,$0.02B,-124.73%,$-0.03B,$0.04B,-70.30%,$-0.04B,$0.03B,-108.53%,$0,$0,$0,$4,$5,$10,$-10,$1,$-9,$-0,$-9,$-9,$-9,$-10,$-10,$9,9,$-1.00,$-1.00,$29,$0,$2,$31,$0,$0,$9,$0,$10,$41,$10,$0,$0,$0,$10,$8,$23,$0,$31,$41,$0,$0,$0,$0,$0,$0,$0,$0,$0,$0,$0,$0,$0,$0,$0,$0,$0,$0,$0,$0,$0,$0,$0,$0,$0,$0,$0,$0,$0
43,2006-12-31,22.8,$0.00,0.0,$0.06,394.27,$-2.85,0.0,$-3.20,0.0,$0.04B,$0.01B,3.68,$0.00B,$0.04B,0.0,$0.00B,$0.00B,inf%,$0.00B,$-0.03B,inf%,$0.00B,$-0.03B,inf%,$0.00B,$-0.03B,inf%,$0.00B,$-0.03B,inf%,$0.00B,$-0.03B,inf%,$-0.03B,$0.04B,-75.91%,$-0.03B,$0.03B,-102.97%,$-0.03B,$0.05B,-61.18%,$-0.03B,$0.04B,-90.51%,$0,$-0,$1,$-11,$21,$9,$-9,$2,$-7,$-0,$-6,$-6,$-6,$-9,$-9,$9,9,$-0.70,$-0.70,$37,$0,$0,$40,$0,$0,$9,$0,$9,$49,$11,$0,$0,$0,$11,$8,$28,$0,$38,$49,$0,$0,$0,$0,$0,$0,$0,$0,$0,$-25,$-0,$0,$0,$0,$0,$0,$2,$2,$0,$0,$-0,$0,$24,$0,$0,$24,$1,$0,$0
