,Date,Stock Price,Book Value per Share,Price to Book Ratio,TTM Sales per Share,Price to Sales Ratio,TTM FCF per Share,Price to FCF Ratio,TTM Net EPS,PE Ratio,Current Assets,Current Liabilities,Current Ratio,Long Term Debt,Shareholder's Equity_x,Debt to Equity Ratio,TTM Revenue_x,TTM Gross Profit,Gross Margin,TTM Revenue_y,TTM Operating Income,Operating Margin,TTM Revenue_x,TTM EBIT,EBIT Margin,TTM Revenue_y,TTM EBITDA,EBITDA Margin,TTM Revenue_x,TTM Pre-Tax Income,Pre-Tax Margin,TTM Revenue_y,TTM Net Income_x,Net Margin,TTM Net Income_y,Shareholder's Equity_y,Return on Equity,TTM Net Income_x,Tangible Equity,Return on Tangible Equity,TTM Net Income_y,Total Assets,Return on Assets,TTM Net Income,LT Investments & Debt,Return on Investment,revenue,cost-goods-sold,gross-profit,research-development-expenses,selling-general-administrative-expenses,operating-expenses,operating-income,total-non-operating-income-expense,pre-tax-income,total-provision-income-taxes,income-after-taxes,income-from-continuous-operations,net-income,ebitda,ebit,basic-shares-outstanding,shares-outstanding,eps-basic-net-earnings-per-share,eps-earnings-per-share-diluted,cash-on-hand,inventory,other-current-assets,total-current-assets,net-property-plant-equipment,long-term-investments,goodwill-intangible-assets-total,other-long-term-assets,total-long-term-assets,total-assets,total-current-liabilities,long-term-debt,other-non-current-liabilities,total-long-term-liabilities,total-liabilities,common-stock-net,retained-earnings-accumulated-deficit,comprehensive-income,total-share-holder-equity,total-liabilities-share-holders-equity,net-income-loss,total-depreciation-amortization-cash-flow,other-non-cash-items,total-non-cash-items,change-in-accounts-receivable,change-in-inventories,change-in-accounts-payable,change-in-assets-liabilities,total-change-in-assets-liabilities,cash-flow-from-operating-activities,net-change-in-property-plant-equipment,net-change-in-intangible-assets,net-acquisitions-divestitures,net-change-in-short-term-investments,net-change-in-long-term-investments,net-change-in-investments-total,investing-activities-other,cash-flow-from-investing-activities,net-long-term-debt,net-current-debt,debt-issuance-retirement-net-total,net-common-equity-issued-repurchased,net-total-equity-issued-repurchased,total-common-preferred-stock-dividends-paid,financial-activities-other,cash-flow-from-financial-activities,net-cash-flow,stock-based-compensation,common-stock-dividends-paid
0,2018-09-30,7.94,$-3.21,-2.48,$3.57,2.22,$-6.27,0.0,$-2.28,0.0,$0.07B,$0.15B,0.44,$0.06B,$-0.21B,-0.3,$0.14B,$0.11B,75.35%,$0.14B,$-0.04B,-24.65%,$0.14B,$-0.04B,-24.65%,$0.14B,$-0.02B,-10.56%,$0.14B,$-0.16B,-111.27%,$0.14B,$-0.16B,-114.79%,$-0.16B,$-0.21B,68.56%,$-0.16B,$-0.21B,68.56%,$-0.16B,$0.12B,-127.59%,$-0.04B,$-0.14B,22.73%,$15,$9,$6,$16,$21,$46,$-31,$-37,$-68,$0,$-68,$-68,$-69,$-26,$-31,$61,61,$-1.13,$-1.13,$20,$6,$0,$68,$17,$0,$0,$29,$55,$123,$154,$62,$112,$174,$328,$0,$-1367,$-42,$-206,$123,$-158,$15,$68,$83,$-11,$-1,$-5,$7,$-12,$-88,$-6,$0,$0,$0,$0,$0,$0,$-6,$-8,$0,$-8,$63,$63,$0,$-0,$55,$-40,$6,$0
1,2018-06-30,6.39,$-5.05,-1.27,$3.97,1.61,$-7.47,0.0,$-3.42,0.0,$0.07B,$0.16B,0.42,$0.06B,$-0.25B,-0.24,$0.15B,$0.11B,71.52%,$0.15B,$-0.03B,-18.54%,$0.15B,$-0.03B,-18.54%,$0.15B,$-0.01B,-5.30%,$0.15B,$-0.12B,-82.12%,$0.15B,$-0.14B,-90.73%,$-0.14B,$-0.25B,58.30%,$-0.14B,$-0.25B,58.30%,$-0.14B,$0.12B,-103.98%,$-0.03B,$-0.19B,21.75%,$23,$6,$17,$15,$20,$41,$-18,$20,$2,$0,$2,$2,$1,$-13,$-18,$55,61,$0.02,$-0.29,$16,$7,$0,$67,$15,$0,$0,$27,$52,$119,$159,$62,$152,$214,$373,$0,$-1299,$-43,$-254,$119,$-90,$10,$40,$50,$-2,$-1,$3,$-2,$-13,$-53,$-4,$0,$0,$-0,$0,$-0,$0,$-4,$-3,$0,$-3,$16,$16,$0,$-0,$13,$-44,$3,$0
2,2018-03-31,6.69,$-6.35,-1.05,$4.70,1.42,$-9.14,0.0,$-3.56,0.0,$0.07B,$0.11B,0.67,$0.10B,$-0.29B,-0.35,$0.15B,$0.10B,64.29%,$0.15B,$-0.03B,-20.78%,$0.15B,$-0.03B,-20.78%,$0.15B,$-0.01B,-7.14%,$0.15B,$-0.13B,-81.17%,$0.15B,$-0.15B,-96.10%,$-0.15B,$-0.29B,67.81%,$-0.15B,$-0.29B,67.81%,$-0.15B,$0.12B,-113.63%,$-0.03B,$-0.19B,35.85%,$23,$5,$18,$19,$19,$43,$-20,$-72,$-91,$0,$-91,$-91,$-92,$-15,$-20,$51,51,$-1.79,$-1.79,$27,$5,$0,$74,$13,$0,$0,$23,$44,$118,$111,$102,$197,$299,$409,$0,$-1300,$-42,$-291,$118,$-91,$5,$66,$71,$-1,$0,$-0,$-1,$-5,$-26,$-1,$0,$0,$0,$0,$0,$0,$-1,$-7,$0,$-7,$0,$0,$0,$-0,$-7,$-34,$1,$0
3,2017-12-31,3.75,$-4.38,-0.86,$4.92,0.76,$-9.95,0.0,$-3.72,0.0,$0.11B,$0.11B,0.98,$0.11B,$-0.20B,-0.54,$0.14B,$0.08B,56.25%,$0.14B,$-0.04B,-27.08%,$0.14B,$-0.04B,-27.08%,$0.14B,$-0.02B,-11.11%,$0.14B,$-0.07B,-49.31%,$0.14B,$-0.09B,-64.58%,$-0.09B,$-0.20B,46.91%,$-0.09B,$-0.20B,46.85%,$-0.09B,$0.15B,-74.70%,$-0.04B,$-0.09B,75.73%,$81,$15,$66,$13,$19,$47,$34,$-35,$-1,$0,$-2,$-2,$-3,$39,$34,$32,32,$0.62,$0.62,$60,$5,$0,$105,$14,$0,$0,$25,$47,$151,$107,$108,$136,$244,$351,$0,$-1207,$-42,$-200,$151,$-72,$24,$-8,$16,$-20,$-3,$6,$-35,$-44,$-101,$-4,$0,$55,$1,$0,$1,$1,$52,$-20,$0,$-20,$0,$101,$0,$-2,$78,$30,$6,$0
4,2017-09-30,3.2,$-5.04,-0.63,$3.69,0.87,$-11.42,0.0,$-5.65,0.0,$0.06B,$0.07B,0.92,$0.15B,$-0.20B,-0.78,$0.09B,$0.02B,17.65%,$0.09B,$-0.11B,-125.88%,$0.09B,$-0.11B,-125.88%,$0.09B,$-0.08B,-95.29%,$0.09B,$-0.12B,-140.00%,$0.09B,$-0.14B,-163.53%,$-0.14B,$-0.20B,71.56%,$-0.14B,$-0.20B,71.47%,$-0.14B,$0.14B,-116.56%,$-0.11B,$-0.04B,326.72%,$24,$18,$7,$15,$15,$48,$-24,$-10,$-34,$-0,$-34,$-34,$-43,$-19,$-24,$38,38,$-1.14,$-1.14,$22,$6,$0,$62,$50,$0,$0,$26,$76,$139,$68,$153,$108,$266,$334,$0,$-1205,$-41,$-195,$139,$-71,$18,$-31,$-13,$-11,$-0,$3,$-12,$-19,$-103,$-0,$0,$0,$3,$0,$3,$0,$3,$-13,$0,$-13,$0,$102,$0,$-0,$89,$-12,$4,$0
5,2017-06-30,3.18,$-7.38,-0.43,$4.64,0.69,$-11.44,0.0,$-5.71,0.0,$0.04B,$0.06B,0.65,$0.15B,$-0.20B,-0.76,$0.09B,$0.02B,22.73%,$0.09B,$-0.10B,-107.95%,$0.09B,$-0.10B,-107.95%,$0.09B,$-0.07B,-78.41%,$0.09B,$-0.11B,-119.32%,$0.09B,$-0.12B,-131.82%,$-0.12B,$-0.19B,62.37%,$-0.12B,$-0.19B,62.20%,$-0.12B,$0.11B,-106.18%,$-0.10B,$-0.03B,251.66%,$26,$17,$8,$14,$16,$47,$-22,$23,$1,$0,$1,$1,$-10,$-16,$-22,$23,23,$-0.44,$-0.44,$10,$6,$0,$41,$49,$0,$1,$22,$72,$113,$63,$152,$78,$236,$299,$0,$-1171,$-42,$-187,$113,$-37,$13,$-35,$-21,$-4,$0,$-2,$-5,$-2,$-60,$-0,$0,$0,$-0,$0,$-0,$0,$-0,$-13,$0,$-13,$0,$51,$0,$-0,$38,$-23,$3,$0
6,2017-03-31,7.95,$-10.95,-0.73,$4.08,1.95,$-11.08,0.0,$-6.15,0.0,$0.02B,$0.10B,0.24,$0.17B,$-0.21B,-0.81,$0.07B,$0.01B,19.44%,$0.07B,$-0.10B,-133.33%,$0.07B,$-0.10B,-133.33%,$0.07B,$-0.07B,-95.83%,$0.07B,$-0.12B,-165.28%,$0.07B,$-0.12B,-166.67%,$-0.12B,$-0.21B,67.51%,$-0.12B,$-0.21B,67.23%,$-0.12B,$0.10B,-111.63%,$-0.10B,$-0.04B,225.88%,$13,$13,$0,$15,$13,$40,$-27,$-10,$-37,$-0,$-37,$-37,$-37,$-20,$-27,$19,19,$-1.93,$-1.93,$3,$7,$0,$24,$53,$0,$1,$18,$71,$95,$102,$172,$27,$205,$307,$0,$-1172,$-41,$-211,$95,$-37,$7,$-1,$6,$5,$-1,$0,$-3,$6,$-25,$-0,$0,$0,$0,$0,$0,$0,$-0,$-4,$0,$-4,$0,$0,$0,$-0,$-4,$-30,$2,$0
7,2016-12-31,10.95,$-10.04,-1.09,$3.91,2.8,$-11.12,0.0,$-6.00,0.0,$0.06B,$0.11B,0.54,$0.17B,$-0.18B,-0.92,$0.07B,$0.01B,17.65%,$0.07B,$-0.10B,-141.18%,$0.07B,$-0.10B,-141.18%,$0.07B,$-0.07B,-102.94%,$0.07B,$-0.10B,-142.65%,$0.07B,$-0.10B,-144.12%,$-0.10B,$-0.18B,59.67%,$-0.10B,$-0.18B,59.48%,$-0.10B,$0.13B,-89.70%,$-0.10B,$-0.02B,221.97%,$22,$23,$-0,$14,$13,$57,$-34,$-14,$-49,$0,$-49,$-49,$-49,$-26,$-34,$16,18,$-2.98,$-1.90,$33,$6,$0,$59,$54,$0,$0,$17,$71,$130,$110,$168,$36,$204,$313,$0,$-1134,$-41,$-184,$130,$-97,$26,$-22,$4,$-9,$6,$6,$-4,$11,$-82,$-1,$0,$0,$1,$0,$1,$6,$6,$82,$0,$82,$10,$10,$0,$-0,$92,$15,$7,$0
8,2016-09-30,8.7,$-9.57,-0.91,$3.81,2.28,$-16.85,0.0,$-8.10,0.0,$0.02B,$0.13B,0.16,$0.10B,$-0.16B,-0.62,$0.06B,$0.01B,19.64%,$0.06B,$-0.13B,-223.21%,$0.06B,$-0.13B,-223.21%,$0.06B,$-0.10B,-178.57%,$0.06B,$-0.09B,-157.14%,$0.06B,$-0.09B,-162.50%,$-0.09B,$-0.16B,57.69%,$-0.09B,$-0.16B,57.41%,$-0.09B,$0.10B,-88.14%,$-0.13B,$-0.06B,250.00%,$27,$15,$12,$12,$11,$39,$-12,$-8,$-20,$0,$-20,$-20,$-20,$-7,$-12,$17,17,$-1.19,$-1.19,$3,$8,$0,$21,$63,$0,$1,$15,$78,$99,$132,$101,$20,$130,$262,$0,$-1086,$-40,$-162,$99,$-49,$18,$-34,$-16,$-1,$4,$4,$-1,$19,$-45,$-1,$0,$0,$0,$0,$0,$0,$-0,$30,$0,$30,$0,$0,$0,$5,$35,$-11,$6,$0
9,2016-06-30,6.76,$-10.07,-0.67,$3.13,2.16,$-19.88,0.0,$-15.14,0.0,$0.02B,$0.13B,0.17,$0.10B,$-0.15B,-0.66,$0.04B,$-0.00B,-2.63%,$0.04B,$-0.15B,-381.58%,$0.04B,$-0.15B,-381.58%,$0.04B,$-0.11B,-289.47%,$0.04B,$-0.14B,-378.95%,$0.04B,$-0.15B,-389.47%,$-0.15B,$-0.15B,97.05%,$-0.15B,$-0.16B,95.64%,$-0.15B,$0.11B,-131.85%,$-0.15B,$-0.05B,397.26%,$10,$8,$2,$13,$11,$32,$-23,$9,$-13,$0,$-14,$-14,$-14,$-16,$-23,$15,18,$-0.91,$-1.67,$3,$10,$0,$21,$65,$0,$1,$19,$84,$106,$130,$102,$19,$130,$260,$0,$-1066,$-38,$-154,$106,$-29,$13,$-37,$-24,$0,$2,$1,$2,$14,$-39,$-0,$0,$0,$0,$0,$0,$0,$-0,$28,$0,$28,$5,$5,$0,$-5,$28,$-11,$4,$0
10,2016-03-31,16.65,$-11.26,-1.48,$3.92,4.25,$-23.54,0.0,$-23.54,0.0,$0.03B,$0.10B,0.29,$0.12B,$-0.16B,-0.74,$0.04B,$-0.01B,-16.67%,$0.04B,$-0.15B,-419.44%,$0.04B,$-0.15B,-419.44%,$0.04B,$-0.08B,-219.44%,$0.04B,$-0.18B,-491.67%,$0.04B,$-0.18B,-502.78%,$-0.18B,$-0.16B,105.85%,$-0.18B,$-0.16B,103.72%,$-0.18B,$0.10B,-143.65%,$-0.15B,$-0.04B,1041.38%,$9,$11,$-2,$12,$12,$35,$-27,$11,$-15,$0,$-15,$-15,$-15,$-21,$-27,$14,17,$-1.05,$-1.79,$10,$8,$0,$28,$62,$0,$1,$12,$74,$102,$95,$115,$44,$164,$259,$0,$-1052,$-43,$-157,$102,$-15,$6,$-18,$-12,$-2,$4,$-1,$-0,$4,$-24,$-0,$0,$0,$0,$0,$0,$0,$-0,$19,$0,$19,$0,$0,$0,$-0,$19,$-4,$2,$0
11,2015-12-31,24.3,$-11.47,-2.12,$4.90,4.96,$-22.99,0.0,$-31.63,0.0,$0.03B,$0.08B,0.46,$0.12B,$-0.16B,-0.73,$0.04B,$-0.00B,-8.57%,$0.04B,$-0.15B,-425.71%,$0.04B,$-0.15B,-425.71%,$0.04B,$-0.08B,-217.14%,$0.04B,$-0.21B,-608.57%,$0.04B,$-0.22B,-622.86%,$-0.22B,$-0.16B,122.30%,$-0.22B,$-0.16B,118.96%,$-0.22B,$0.11B,-146.55%,$-0.15B,$-0.04B,-2591.30%,$10,$11,$-1,$11,$13,$73,$-63,$23,$-40,$0,$-40,$-42,$-42,$-56,$-63,$8,8,$0.67,$1.11,$14,$11,$0,$34,$60,$0,$1,$11,$72,$106,$76,$116,$69,$189,$265,$0,$-1037,$-47,$-158,$106,$-218,$71,$42,$114,$4,$4,$4,$-4,$19,$-85,$-3,$0,$0,$-0,$0,$-0,$-1,$-5,$36,$0,$36,$26,$26,$0,$-0,$61,$-30,$9,$0
12,2015-09-30,30.15,$-13.31,-2.26,$5.15,5.85,$-23.52,0.0,$-30.58,0.0,$0.04B,$0.06B,0.59,$0.13B,$-0.14B,-0.94,$0.04B,0,0.00%,$0.04B,$-0.11B,-305.41%,$0.04B,$-0.11B,-305.41%,$0.04B,$-0.04B,-110.81%,$0.04B,$-0.11B,-305.41%,$0.04B,$-0.12B,-318.92%,$-0.12B,$-0.14B,69.41%,$-0.12B,$-0.15B,66.95%,$-0.12B,$0.14B,-66.95%,$-0.11B,$-0.01B,-287.90%,$9,$8,$0,$10,$14,$40,$-32,$-44,$-76,$0,$-76,$-77,$-77,$-17,$-32,$9,9,$-8.21,$-8.21,$12,$11,$0,$35,$82,$0,$6,$11,$100,$135,$59,$133,$80,$218,$276,$0,$-995,$-49,$-141,$135,$-176,$65,$33,$98,$5,$3,$7,$-1,$26,$-52,$-2,$0,$0,$0,$0,$0,$-1,$-3,$1,$0,$1,$25,$25,$0,$-0,$26,$-31,$7,$0
13,2015-06-30,29.25,$-42.40,-0.69,$7.33,3.99,$-30.52,0.0,$-29.24,0.0,$0.04B,$0.06B,0.66,$0.26B,$-0.23B,-1.15,$0.04B,$0.01B,13.64%,$0.04B,$-0.10B,-231.82%,$0.04B,$-0.10B,-231.82%,$0.04B,$-0.04B,-86.36%,$0.04B,$-0.07B,-165.91%,$0.04B,$-0.08B,-177.27%,$-0.08B,$-0.23B,43.33%,$-0.08B,$-0.23B,41.77%,$-0.08B,$0.16B,-37.64%,$-0.10B,$0.04B,-202.99%,$8,$11,$-3,$11,$14,$37,$-29,$-18,$-46,$0,$-47,$-47,$-47,$15,$-29,$5,6,$-8.81,$-9.25,$13,$11,$0,$36,$104,$0,$6,$13,$125,$161,$55,$263,$66,$334,$389,$0,$-919,$-38,$-228,$161,$-99,$50,$-5,$45,$6,$3,$3,$3,$22,$-33,$-2,$0,$0,$0,$0,$0,$-0,$-3,$4,$0,$4,$0,$0,$0,$-0,$6,$-31,$5,$0
14,2015-03-31,36.0,$-35.03,-1.03,$7.76,4.64,$-31.80,0.0,$-26.69,0.0,$0.07B,$0.05B,1.34,$0.23B,$-0.19B,-1.21,$0.05B,$0.01B,24.44%,$0.05B,$-0.10B,-215.56%,$0.05B,$-0.10B,-215.56%,$0.05B,$-0.07B,-157.78%,$0.05B,$-0.06B,-137.78%,$0.05B,$-0.07B,-146.67%,$-0.07B,$-0.19B,41.77%,$-0.07B,$-0.19B,39.88%,$-0.07B,$0.19B,-27.73%,$-0.10B,$0.04B,-162.34%,$8,$7,$1,$12,$14,$33,$-25,$-26,$-51,$0,$-51,$-52,$-52,$-18,$-25,$5,5,$-9.85,$-9.85,$46,$11,$0,$69,$105,$0,$6,$12,$124,$193,$52,$225,$95,$327,$379,$0,$-871,$-41,$-186,$193,$-52,$7,$21,$28,$4,$2,$0,$10,$21,$-3,$-1,$0,$0,$0,$0,$0,$0,$-1,$7,$0,$7,$0,$0,$0,$0,$7,$2,$3,$0
15,2014-12-31,30.9,$-23.56,-1.31,$7.04,4.39,$-32.42,0.0,$-21.89,0.0,$0.07B,$0.04B,1.84,$0.22B,$-0.13B,-1.72,$0.04B,$0.01B,23.26%,$0.04B,$-0.10B,-230.23%,$0.04B,$-0.10B,-230.23%,$0.04B,$-0.07B,-172.09%,$0.04B,$0.00B,11.63%,$0.04B,$0.00B,4.65%,$0.00B,$-0.13B,-1.43%,$0.00B,$-0.13B,-1.35%,$0.00B,$0.22B,0.80%,$-0.10B,$0.09B,-152.90%,$12,$9,$2,$12,$14,$39,$-27,$87,$60,$0,$60,$58,$58,$-21,$-27,$5,8,$10.90,$5.22,$43,$15,$0,$74,$119,$0,$6,$15,$143,$216,$40,$216,$79,$301,$341,$0,$-819,$-30,$-125,$216,$2,$25,$-112,$-87,$-1,$-4,$-3,$2,$-0,$-85,$-5,$0,$-2,$0,$0,$0,$-3,$-10,$126,$0,$126,$6,$6,$0,$-2,$131,$35,$14,$0
16,2014-09-30,56.85,$-34.11,-1.67,$8.67,6.56,$-43.96,0.0,$-46.18,0.0,$0.10B,$0.04B,2.36,$0.22B,$-0.18B,-1.2,$0.05B,$0.01B,23.91%,$0.05B,$-0.10B,-210.87%,$0.05B,$-0.10B,-210.87%,$0.05B,$-0.07B,-156.52%,$0.05B,$-0.19B,-421.74%,$0.05B,$-0.20B,-423.91%,$-0.20B,$-0.18B,137.08%,$-0.20B,$-0.19B,128.71%,$-0.20B,$0.26B,-79.67%,$-0.10B,$0.04B,-217.98%,$16,$10,$6,$12,$14,$38,$-21,$-14,$-36,$0,$-36,$-37,$-37,$-14,$-21,$5,5,$-6.87,$-6.87,$69,$17,$0,$103,$128,$0,$9,$17,$156,$259,$44,$216,$176,$396,$439,$0,$-877,$-24,$-181,$259,$-56,$18,$-25,$-7,$-3,$-6,$-1,$4,$-2,$-64,$-4,$0,$0,$0,$-2,$-2,$-1,$-7,$128,$0,$128,$6,$6,$0,$-2,$132,$60,$11,$0
17,2014-06-30,55.95,$-26.42,-2.12,$6.95,8.05,$-45.92,0.0,$-44.08,0.0,$0.12B,$0.04B,2.75,$0.21B,$-0.14B,-1.52,$0.04B,$0.00B,10.81%,$0.04B,$-0.10B,-281.08%,$0.04B,$-0.10B,-281.08%,$0.04B,$-0.08B,-218.92%,$0.04B,$-0.18B,-497.30%,$0.04B,$-0.18B,-491.89%,$-0.18B,$-0.14B,187.63%,$-0.18B,$-0.15B,171.29%,$-0.18B,$0.28B,-79.48%,$-0.10B,$0.07B,-162.50%,$9,$8,$2,$12,$14,$34,$-24,$-11,$-35,$0,$-35,$-36,$-35,$-18,$-24,$5,5,$-6.72,$-6.72,$90,$15,$0,$117,$141,$0,$9,$18,$167,$284,$42,$213,$165,$381,$424,$0,$-841,$-16,$-140,$284,$-19,$11,$-36,$-25,$4,$-4,$2,$7,$8,$-36,$-2,$0,$0,$0,$-2,$-2,$0,$-4,$118,$0,$118,$4,$4,$0,$0,$122,$82,$7,$0
18,2014-03-31,55.95,$-21.79,-2.57,$7.32,7.65,$-48.35,0.0,$-44.98,0.0,$0.07B,$0.04B,1.83,$0.17B,$-0.11B,-1.53,$0.04B,$0.00B,10.26%,$0.04B,$-0.12B,-294.87%,$0.04B,$-0.12B,-294.87%,$0.04B,$-0.09B,-238.46%,$0.04B,$-0.19B,-482.05%,$0.04B,$-0.19B,-476.92%,$-0.19B,$-0.11B,326.32%,$-0.19B,$-0.12B,280.75%,$-0.19B,$0.24B,-89.10%,$-0.12B,$0.06B,-150.33%,$6,$6,$-0,$13,$13,$33,$-27,$43,$16,$0,$16,$16,$16,$-21,$-27,$5,8,$3.13,$-5.08,$49,$11,$0,$74,$141,$0,$9,$13,$163,$237,$40,$172,$132,$309,$349,$0,$-805,$-17,$-112,$237,$16,$5,$-44,$-39,$5,$0,$-1,$9,$13,$-10,$-1,$0,$0,$0,$0,$0,$0,$-1,$52,$0,$52,$1,$1,$0,$0,$53,$41,$4,$0
19,2013-12-31,79.35,$-26.45,-3.0,$8.15,9.74,$-52.29,0.0,$-46.48,0.0,$0.04B,$0.04B,0.99,$0.15B,$-0.14B,-1.07,$0.04B,$0.00B,7.32%,$0.04B,$-0.12B,-292.68%,$0.04B,$-0.12B,-292.68%,$0.04B,$-0.10B,-241.46%,$0.04B,$-0.24B,-575.61%,$0.04B,$-0.24B,-573.17%,$-0.24B,$-0.14B,1649.12%,$-0.24B,$-0.15B,1010.75%,$-0.24B,$0.20B,-112.04%,$-0.12B,$0.01B,-117.94%,$15,$12,$3,$13,$14,$40,$-25,$-114,$-139,$0,$-139,$-139,$-139,$-19,$-25,$5,5,$-27.61,$-27.61,$8,$11,$0,$37,$141,$0,$9,$12,$162,$199,$37,$146,$146,$297,$335,$0,$-821,$-20,$-136,$199,$-235,$20,$132,$153,$-5,$-6,$-3,$-1,$-24,$-106,$-8,$0,$0,$-2,$0,$-2,$-1,$-10,$71,$0,$71,$21,$21,$0,$-1,$91,$-24,$18,$0
20,2013-09-30,34.65,$0.08,421.53,$6.65,5.21,$-84.42,0.0,$-29.84,0.0,$0.03B,$0.05B,0.54,$0.11B,$0.00B,271.08,$0.03B,0,0.00%,$0.03B,$-0.14B,-431.25%,$0.03B,$-0.14B,-431.25%,$0.03B,$-0.12B,-368.75%,$0.03B,$-0.14B,-437.50%,$0.03B,$-0.14B,-434.38%,$-0.14B,$0.00B,-383.45%,$-0.14B,$-0.01B,-510.09%,$-0.14B,$0.20B,-62.97%,$-0.14B,$0.11B,-97.70%,$7,$8,$-1,$13,$13,$35,$-28,$2,$-26,$-1,$-24,$-24,$-24,$-23,$-28,$5,5,$-4.78,$-4.78,$6,$8,$0,$25,$141,$0,$9,$21,$171,$196,$47,$114,$29,$148,$195,$0,$-682,$-17,$0,$196,$-95,$14,$17,$31,$0,$-3,$3,$5,$-5,$-69,$-6,$0,$0,$-1,$0,$-1,$-0,$-7,$29,$0,$29,$20,$20,$0,$0,$49,$-25,$14,$0
21,2013-06-30,43.35,$3.97,10.91,$10.11,4.29,$-112.85,0.0,$-30.14,0.0,$0.03B,$0.05B,0.69,$0.10B,$0.02B,5.08,$0.04B,$0.02B,36.36%,$0.04B,$-0.13B,-295.45%,$0.04B,$-0.13B,-295.45%,$0.04B,$-0.11B,-252.27%,$0.04B,$-0.13B,-304.55%,$0.04B,$-0.14B,-306.82%,$-0.14B,$0.02B,-243.24%,$-0.14B,$0.01B,-291.89%,$-0.14B,$0.20B,-56.90%,$-0.13B,$0.12B,-82.28%,$11,$9,$2,$14,$15,$46,$-35,$-4,$-39,$0,$-39,$-39,$-39,$-30,$-35,$5,5,$-7.61,$-7.61,$13,$4,$0,$31,$144,$0,$9,$18,$171,$203,$45,$103,$28,$137,$183,$0,$-658,$-17,$20,$203,$-71,$10,$17,$27,$-3,$1,$-2,$9,$-1,$-45,$-4,$0,$0,$-1,$0,$-1,$-0,$-5,$10,$0,$10,$20,$20,$0,$0,$30,$-19,$9,$0
22,2013-03-31,46.2,$11.63,3.97,$12.98,3.56,$-138.81,0.0,$-34.63,0.0,$0.05B,$0.05B,0.89,$0.10B,$0.06B,1.72,$0.05B,$0.01B,19.23%,$0.05B,$-0.14B,-269.23%,$0.05B,$-0.14B,-269.23%,$0.05B,$-0.12B,-234.62%,$0.05B,$-0.14B,-273.08%,$0.05B,$-0.14B,-275.00%,$-0.14B,$0.06B,-195.22%,$-0.14B,$0.05B,-223.44%,$-0.14B,$0.24B,-54.95%,$-0.14B,$0.16B,-87.77%,$8,$9,$-1,$16,$15,$40,$-32,$-0,$-32,$0,$-32,$-32,$-33,$-27,$-32,$5,5,$-6.57,$-6.57,$25,$7,$0,$48,$162,$0,$9,$22,$193,$241,$54,$101,$22,$128,$182,$0,$-619,$-12,$59,$241,$-32,$5,$3,$8,$-4,$-0,$-2,$9,$-0,$-24,$-2,$0,$0,$-2,$0,$-2,$-0,$-4,$1,$0,$1,$20,$20,$0,$0,$21,$-7,$4,$0
23,2012-12-31,46.8,$14.39,3.25,$20.14,2.32,$-158.30,0.0,$-56.22,0.0,$0.05B,$0.05B,1.08,$0.10B,$0.07B,1.54,$0.07B,$-0.00B,-4.11%,$0.07B,$-0.20B,-276.71%,$0.07B,$-0.20B,-276.71%,$0.07B,$-0.19B,-253.42%,$0.07B,$-0.21B,-280.82%,$0.07B,$-0.21B,-280.82%,$-0.21B,$0.07B,-224.04%,$-0.21B,$0.06B,-249.24%,$-0.21B,$0.24B,-73.08%,$-0.20B,$0.17B,-124.31%,$6,$5,$0,$18,$17,$49,$-43,$-1,$-43,$0,$-44,$-44,$-43,$-38,$-43,$4,4,$-8.81,$-8.81,$31,$6,$0,$49,$163,$0,$9,$21,$193,$243,$46,$102,$24,$131,$177,$0,$-586,$-13,$66,$243,$-206,$15,$73,$89,$3,$3,$-12,$8,$-33,$-151,$-57,$0,$0,$8,$0,$8,$-1,$-50,$53,$0,$53,$86,$86,$0,$-1,$138,$-65,$27,$0
24,2012-09-30,51.6,$19.25,2.68,$32.44,1.59,$-166.77,0.0,$-64.92,0.0,$0.07B,$0.05B,1.39,$0.11B,$0.08B,1.37,$0.11B,$-0.02B,-16.51%,$0.11B,$-0.22B,-200.00%,$0.11B,$-0.22B,-200.00%,$0.11B,$-0.20B,-186.24%,$0.11B,$-0.22B,-202.75%,$0.11B,$-0.22B,-202.75%,$-0.22B,$0.08B,-191.76%,$-0.22B,$0.07B,-208.98%,$-0.22B,$0.26B,-73.73%,$-0.22B,$0.18B,-132.32%,$19,$4,$15,$16,$17,$39,$-20,$-0,$-20,$0,$-20,$-20,$-20,$-16,$-20,$4,4,$-5.08,$-5.08,$44,$8,$0,$67,$165,$0,$9,$21,$195,$262,$48,$105,$28,$137,$185,$0,$-543,$-12,$77,$262,$-162,$11,$60,$71,$3,$1,$-11,$8,$-29,$-120,$-51,$0,$0,$8,$0,$8,$-1,$-44,$51,$0,$51,$63,$63,$0,$0,$114,$-51,$21,$0
25,2012-06-30,66.45,$23.20,2.86,$39.63,1.68,$-169.00,0.0,$-74.36,0.0,$0.09B,$0.10B,0.93,$0.04B,$0.09B,0.41,$0.13B,$-0.03B,-25.40%,$0.13B,$-0.24B,-192.06%,$0.13B,$-0.24B,-192.06%,$0.13B,$-0.23B,-180.95%,$0.13B,$-0.24B,-193.65%,$0.13B,$-0.25B,-194.44%,$-0.25B,$0.09B,-166.67%,$-0.25B,$0.08B,-175.00%,$-0.25B,$0.30B,-79.16%,$-0.24B,$0.13B,-139.88%,$19,$24,$-4,$19,$22,$64,$-45,$-2,$-47,$0,$-47,$-47,$-47,$-41,$-45,$4,4,$-12.09,$-12.09,$67,$9,$0,$89,$159,$0,$9,$38,$206,$295,$96,$37,$66,$108,$204,$0,$-523,$-12,$91,$295,$-142,$8,$54,$61,$3,$0,$-9,$-4,$-11,$-92,$-45,$0,$0,$8,$0,$8,$-1,$-38,$39,$0,$39,$63,$63,$0,$0,$102,$-29,$15,$0
26,2012-03-31,77.7,$35.09,2.21,$45.33,1.71,$-159.61,0.0,$-76.46,0.0,$0.13B,$0.09B,1.36,$0.04B,$0.13B,0.3,$0.14B,$-0.03B,-17.99%,$0.14B,$-0.24B,-172.66%,$0.14B,$-0.24B,-172.66%,$0.14B,$-0.23B,-163.31%,$0.14B,$-0.24B,-172.66%,$0.14B,$-0.24B,-173.38%,$-0.24B,$0.13B,-128.88%,$-0.24B,$0.12B,-132.24%,$-0.24B,$0.32B,-76.03%,$-0.24B,$0.17B,-116.22%,$29,$44,$-14,$21,$22,$124,$-94,$-1,$-95,$0,$-95,$-95,$-95,$-90,$-94,$3,3,$-28.06,$-28.06,$103,$9,$0,$126,$151,$0,$9,$36,$196,$322,$93,$39,$54,$97,$190,$0,$-476,$-5,$132,$322,$-95,$4,$43,$47,$2,$-0,$-2,$-1,$-14,$-62,$-22,$0,$0,$8,$0,$8,$0,$-14,$23,$0,$23,$59,$59,$0,$0,$82,$8,$7,$0
27,2011-12-31,173.1,$52.25,3.31,$49.22,3.52,$-146.32,0.0,$-59.67,0.0,$0.14B,$0.09B,1.51,$0.02B,$0.16B,0.1,$0.15B,$-0.01B,-5.44%,$0.15B,$-0.18B,-121.77%,$0.15B,$-0.18B,-121.77%,$0.15B,$-0.17B,-113.61%,$0.15B,$-0.18B,-121.09%,$0.15B,$-0.18B,-121.77%,$-0.18B,$0.16B,-79.82%,$-0.18B,$0.15B,-80.72%,$-0.18B,$0.32B,-55.25%,$-0.18B,$0.18B,-75.61%,$42,$56,$-15,$21,$24,$101,$-59,$-0,$-59,$0,$-60,$-60,$-59,$-56,$-59,$3,3,$-19.55,$-19.55,$104,$9,$0,$139,$128,$0,$10,$43,$181,$320,$92,$16,$47,$67,$159,$0,$-381,$-6,$161,$320,$-180,$12,$26,$38,$-2,$-5,$16,$-13,$49,$-92,$-97,$0,$-3,$106,$-0,$105,$0,$6,$30,$0,$30,$8,$8,$0,$3,$41,$-47,$25,$0
28,2011-09-30,303.75,$67.28,4.51,$65.28,4.65,$-163.72,0.0,$-49.03,0.0,$0.15B,$0.06B,2.33,$0.01B,$0.20B,0.05,$0.14B,$0.01B,6.67%,$0.14B,$-0.15B,-108.15%,$0.14B,$-0.15B,-108.15%,$0.14B,$-0.13B,-99.26%,$0.14B,$-0.15B,-107.41%,$0.14B,$-0.15B,-108.15%,$-0.15B,$0.20B,-55.94%,$-0.15B,$0.20B,-55.94%,$-0.15B,$0.30B,-43.81%,$-0.15B,$0.21B,-53.82%,$36,$36,$1,$23,$21,$80,$-44,$1,$-43,$0,$-44,$-44,$-44,$-41,$-44,$3,3,$-14.48,$-14.48,$124,$8,$0,$147,$116,$0,$0,$39,$155,$301,$63,$11,$20,$35,$98,$0,$-322,$-5,$204,$301,$-120,$8,$19,$27,$0,$-5,$11,$3,$27,$-66,$-71,$0,$0,$95,$0,$95,$0,$24,$2,$0,$2,$5,$5,$0,$-0,$6,$-37,$19,$0
29,2011-06-30,421.35,$83.29,5.06,$122.41,3.44,$-270.25,0.0,$-212.74,0.0,$0.21B,$0.05B,4.23,$0.01B,$0.25B,0.05,$0.12B,$0.01B,7.32%,$0.12B,$-0.12B,-100.81%,$0.12B,$-0.12B,-100.81%,$0.12B,$-0.11B,-91.06%,$0.12B,$-0.12B,-100.00%,$0.12B,$-0.16B,-133.33%,$-0.16B,$0.25B,-56.70%,$-0.16B,$0.25B,-56.70%,$-0.16B,$0.33B,-46.96%,$-0.12B,$0.26B,-41.44%,$32,$29,$3,$23,$22,$75,$-43,$-0,$-43,$-0,$-43,$-43,$-43,$-40,$-43,$3,3,$-14.18,$-14.18,$187,$7,$0,$205,$93,$0,$0,$27,$120,$325,$48,$12,$13,$26,$74,$0,$-278,$5,$251,$325,$-76,$5,$12,$17,$-1,$-3,$6,$-1,$11,$-48,$-30,$0,$0,$80,$0,$80,$0,$50,$3,$0,$3,$4,$4,$0,$-0,$6,$9,$12,$0
