,Date,Stock Price,Book Value per Share,Price to Book Ratio,TTM Sales per Share,Price to Sales Ratio,TTM FCF per Share,Price to FCF Ratio,TTM Net EPS,PE Ratio,Current Assets,Current Liabilities,Current Ratio,Long Term Debt,Shareholder's Equity_x,Debt to Equity Ratio,TTM Revenue_x,TTM Gross Profit,Gross Margin,TTM Revenue_y,TTM Operating Income,Operating Margin,TTM Revenue_x,TTM EBIT,EBIT Margin,TTM Revenue_y,TTM EBITDA,EBITDA Margin,TTM Revenue_x,TTM Pre-Tax Income,Pre-Tax Margin,TTM Revenue_y,TTM Net Income_x,Net Margin,TTM Net Income_y,Shareholder's Equity_y,Return on Equity,TTM Net Income_x,Tangible Equity,Return on Tangible Equity,TTM Net Income_y,Total Assets,Return on Assets,TTM Net Income,LT Investments & Debt,Return on Investment,revenue,cost-goods-sold,gross-profit,research-development-expenses,selling-general-administrative-expenses,operating-expenses,operating-income,total-non-operating-income-expense,pre-tax-income,total-provision-income-taxes,income-after-taxes,income-from-continuous-operations,net-income,ebitda,ebit,basic-shares-outstanding,shares-outstanding,eps-basic-net-earnings-per-share,eps-earnings-per-share-diluted,cash-on-hand,inventory,other-current-assets,total-current-assets,net-property-plant-equipment,long-term-investments,goodwill-intangible-assets-total,other-long-term-assets,total-long-term-assets,total-assets,total-current-liabilities,long-term-debt,other-non-current-liabilities,total-long-term-liabilities,total-liabilities,common-stock-net,retained-earnings-accumulated-deficit,comprehensive-income,total-share-holder-equity,total-liabilities-share-holders-equity,net-income-loss,total-depreciation-amortization-cash-flow,other-non-cash-items,total-non-cash-items,change-in-accounts-receivable,change-in-inventories,change-in-accounts-payable,change-in-assets-liabilities,total-change-in-assets-liabilities,cash-flow-from-operating-activities,net-change-in-property-plant-equipment,net-change-in-intangible-assets,net-acquisitions-divestitures,net-change-in-short-term-investments,net-change-in-long-term-investments,net-change-in-investments-total,investing-activities-other,cash-flow-from-investing-activities,net-long-term-debt,net-current-debt,debt-issuance-retirement-net-total,net-common-equity-issued-repurchased,net-total-equity-issued-repurchased,total-common-preferred-stock-dividends-paid,financial-activities-other,cash-flow-from-financial-activities,net-cash-flow,stock-based-compensation,common-stock-dividends-paid
0,2018-09-30,145.3,$13.45,10.8,$15.95,9.11,$13.43,10.82,$2.66,54.62,$2.85B,$3.95B,0.72,$18.42B,$5.93B,3.11,$7.01B,$4.85B,69.15%,$7.01B,$1.85B,26.30%,$7.01B,$1.85B,26.30%,$7.01B,$3.68B,52.41%,$7.01B,$1.10B,15.65%,$7.01B,$1.17B,16.68%,$1.17B,$5.93B,18.12%,$1.17B,$-11.02B,-10.78%,$1.17B,$33.08B,3.50%,$1.85B,$24.35B,7.34%,$1786,$557,$1229,$0,$178,$1218,$567,$-177,$390,$13,$377,$377,$367,$1016,$567,$441,444,$0.83,$0.83,$1362,$0,$0,$2851,$10996,$0,$16945,$2112,$30226,$33077,$3949,$18423,$4071,$23200,$27149,$5,$-1104,$-2696,$5929,$33077,$972,$1345,$306,$1651,$0,$0,$0,$-138,$-138,$2485,$-610,$0,$-1438,$25,$0,$25,$-32,$-2055,$1169,$0,$1169,$-127,$-127,$-994,$-82,$-34,$338,$111,$-975
1,2018-06-30,144.17,$13.89,10.38,$15.81,9.12,$12.86,11.21,$2.52,57.21,$2.58B,$3.89B,0.66,$18.32B,$6.13B,2.99,$6.91B,$4.78B,69.21%,$6.91B,$1.84B,26.62%,$6.91B,$1.84B,26.62%,$6.91B,$3.65B,52.87%,$6.91B,$1.08B,15.57%,$6.91B,$1.10B,15.94%,$1.10B,$6.13B,16.31%,$1.10B,$-11.16B,-10.43%,$1.10B,$33.21B,3.31%,$1.84B,$24.45B,7.22%,$1781,$560,$1221,$0,$158,$1235,$546,$-228,$318,$4,$314,$314,$307,$996,$546,$441,444,$0.69,$0.69,$1051,$0,$0,$2582,$11067,$0,$17285,$2088,$30623,$33206,$3889,$18322,$4116,$23190,$27079,$5,$-1122,$-2510,$6127,$33206,$595,$896,$274,$1170,$0,$0,$0,$-32,$-32,$1732,$-425,$0,$-1337,$-58,$0,$-58,$-23,$-1843,$991,$0,$991,$-58,$-58,$-655,$-90,$188,$15,$68,$-636
2,2018-03-31,143.75,$15.72,9.15,$15.67,9.18,$12.48,11.52,$2.63,54.66,$3.22B,$3.88B,0.83,$18.57B,$6.94B,2.68,$6.79B,$4.71B,69.30%,$6.79B,$1.87B,27.54%,$6.79B,$1.87B,27.54%,$6.79B,$3.63B,53.45%,$6.79B,$1.17B,17.23%,$6.79B,$1.14B,16.76%,$1.14B,$6.94B,16.30%,$1.14B,$-10.65B,-11.07%,$1.14B,$34.37B,3.45%,$1.87B,$25.51B,7.33%,$1742,$520,$1222,$0,$205,$1339,$403,$-154,$249,$-31,$280,$285,$276,$849,$403,$435,439,$0.63,$0.63,$1668,$0,$0,$3217,$11295,$0,$17587,$2081,$31156,$34373,$3878,$18569,$4193,$23553,$27431,$5,$-1086,$-1835,$6941,$34373,$280,$446,$140,$586,$0,$0,$0,$-74,$-74,$792,$-199,$0,$-673,$-394,$0,$-394,$-15,$-1281,$1163,$0,$1163,$20,$20,$-323,$-43,$817,$324,$43,$-304
3,2017-12-31,141.11,$15.92,8.86,$15.45,9.13,$12.31,11.46,$2.67,52.85,$2.42B,$1.94B,1.25,$19.43B,$6.83B,2.85,$6.67B,$4.61B,69.14%,$6.67B,$2.00B,29.98%,$6.67B,$2.00B,29.98%,$6.67B,$3.73B,56.01%,$6.67B,$1.26B,18.83%,$6.67B,$1.15B,17.27%,$1.15B,$6.83B,16.23%,$1.15B,$-10.59B,-11.42%,$1.15B,$33.21B,3.55%,$2.00B,$26.26B,7.91%,$1705,$527,$1178,$0,$171,$1376,$329,$-188,$141,$-53,$195,$186,$220,$815,$329,$428,432,$0.50,$0.51,$956,$0,$0,$2420,$11101,$0,$17422,$2068,$30795,$33214,$1939,$19430,$4119,$24447,$26386,$4,$-1058,$-1978,$6828,$33214,$1225,$1736,$317,$2052,$-191,$0,$0,$-266,$-352,$2926,$-804,$0,$-2007,$15,$0,$15,$-5,$-2801,$1474,$0,$1474,$-647,$-647,$-1164,$224,$-113,$18,$109,$-1073
4,2017-09-30,134.52,$16.56,8.12,$15.09,8.92,$12.10,11.12,$2.63,51.15,$2.40B,$1.68B,1.42,$18.58B,$7.11B,2.61,$6.50B,$4.48B,68.95%,$6.50B,$2.16B,33.20%,$6.50B,$2.16B,33.20%,$6.50B,$3.81B,58.66%,$6.50B,$1.41B,21.66%,$6.50B,$1.13B,17.43%,$1.13B,$7.11B,15.89%,$1.13B,$-9.84B,-11.59%,$1.13B,$32.32B,3.56%,$2.16B,$25.69B,8.62%,$1681,$520,$1161,$0,$148,$1120,$561,$-193,$368,$33,$335,$335,$298,$993,$561,$429,433,$0.70,$0.69,$956,$0,$0,$2396,$10795,$0,$16953,$1954,$29924,$32319,$1684,$18581,$3967,$23525,$25210,$4,$-975,$-1839,$7110,$32319,$1031,$1250,$150,$1400,$0,$0,$0,$-294,$-294,$2137,$-555,$0,$-957,$10,$0,$10,$-9,$-1511,$575,$0,$575,$-564,$-564,$-862,$237,$-614,$18,$86,$-790
5,2017-06-30,129.6,$16.42,7.89,$14.73,8.8,$11.94,10.85,$2.49,52.05,$2.13B,$2.72B,0.78,$17.51B,$7.05B,2.49,$6.33B,$4.35B,68.60%,$6.33B,$2.08B,32.78%,$6.33B,$2.08B,32.78%,$6.33B,$3.70B,58.37%,$6.33B,$1.33B,20.93%,$6.33B,$1.07B,16.94%,$1.07B,$7.05B,15.23%,$1.07B,$-10.06B,-11.00%,$1.07B,$32.14B,3.41%,$2.08B,$24.56B,8.34%,$1663,$517,$1145,$0,$153,$1086,$577,$-165,$412,$24,$389,$389,$344,$973,$577,$427,430,$0.81,$0.80,$914,$0,$0,$2125,$10726,$0,$17100,$1974,$30013,$32138,$2718,$17510,$3915,$22375,$25093,$4,$-989,$-1849,$7045,$32138,$696,$818,$68,$885,$0,$0,$0,$-108,$-108,$1473,$-372,$0,$-857,$7,$0,$7,$7,$-1215,$600,$0,$600,$-559,$-559,$-569,$237,$-291,$-23,$62,$-515
6,2017-03-31,117.87,$17.33,6.8,$14.23,8.28,$11.70,10.08,$2.06,57.22,$2.10B,$2.66B,0.79,$17.18B,$7.39B,2.33,$6.11B,$4.18B,68.43%,$6.11B,$1.93B,31.60%,$6.11B,$1.93B,31.60%,$6.11B,$3.56B,58.15%,$6.11B,$1.15B,18.81%,$6.11B,$0.89B,14.56%,$0.89B,$7.39B,12.73%,$0.89B,$-9.82B,-9.20%,$0.89B,$32.06B,2.86%,$1.93B,$24.57B,7.71%,$1616,$493,$1124,$0,$165,$1085,$531,$-197,$334,$27,$307,$316,$289,$953,$531,$427,430,$0.68,$0.67,$864,$0,$0,$2097,$10717,$0,$17207,$1830,$29961,$32057,$2657,$17183,$3879,$22015,$24673,$4,$-1054,$-1759,$7385,$32057,$307,$421,$46,$467,$0,$0,$0,$-97,$-97,$678,$-168,$0,$-778,$4,$0,$4,$22,$-920,$364,$-62,$302,$-110,$-110,$-277,$244,$158,$-78,$36,$-250
7,2016-12-31,102.49,$16.33,6.27,$13.48,7.6,$11.47,8.94,$1.97,52.02,$2.09B,$1.14B,1.84,$18.30B,$6.98B,2.62,$5.79B,$4.00B,69.08%,$5.79B,$1.85B,32.03%,$5.79B,$1.85B,32.03%,$5.79B,$3.40B,58.69%,$5.79B,$1.13B,19.46%,$5.79B,$0.85B,14.67%,$0.85B,$6.98B,12.31%,$0.85B,$-9.37B,-9.48%,$0.85B,$30.88B,2.85%,$1.85B,$25.27B,7.44%,$1540,$488,$1052,$0,$138,$1050,$489,$-196,$294,$61,$233,$233,$202,$895,$489,$425,429,$0.47,$0.48,$941,$0,$0,$2090,$10517,$0,$16345,$1731,$28789,$30879,$1135,$18295,$3695,$22768,$23903,$4,$-1077,$-1999,$6976,$30879,$970,$1543,$294,$1837,$11,$0,$0,$-109,$-106,$2702,$-683,$0,$-1411,$12,$0,$12,$-21,$-2102,$589,$0,$589,$93,$93,$-993,$212,$-99,$474,$90,$-886
8,2016-09-30,109.31,$15.92,6.87,$12.92,8.46,$10.16,10.75,$1.98,55.21,$1.77B,$1.03B,1.72,$18.44B,$6.77B,2.72,$5.53B,$3.87B,70.01%,$5.53B,$1.77B,31.96%,$5.53B,$1.77B,31.96%,$5.53B,$3.26B,59.03%,$5.53B,$1.08B,19.54%,$5.53B,$0.85B,15.44%,$0.85B,$6.77B,12.49%,$0.85B,$-9.78B,-10.13%,$0.85B,$30.66B,2.96%,$1.77B,$25.21B,7.20%,$1515,$491,$1024,$0,$132,$1036,$479,$-193,$286,$22,$264,$264,$238,$877,$479,$426,430,$0.56,$0.55,$681,$0,$0,$1769,$10452,$0,$16555,$1682,$28887,$30656,$1029,$18436,$3624,$22853,$23881,$4,$-1031,$-1876,$6774,$30656,$738,$1137,$194,$1331,$0,$0,$0,$-90,$-90,$1978,$-475,$0,$-1310,$4,$0,$4,$-6,$-1786,$720,$-7,$713,$77,$77,$-732,$-30,$27,$210,$70,$-652
9,2016-06-30,109.04,$16.08,6.78,$12.30,8.87,$9.07,12.02,$1.61,67.73,$1.65B,$1.20B,1.37,$18.40B,$6.84B,2.69,$5.25B,$3.72B,70.83%,$5.25B,$1.69B,32.16%,$5.25B,$1.69B,32.16%,$5.25B,$3.13B,59.57%,$5.25B,$0.99B,18.78%,$5.25B,$0.69B,13.16%,$0.69B,$6.84B,10.15%,$0.69B,$-9.73B,-8.84%,$0.69B,$30.74B,2.48%,$1.69B,$25.24B,6.99%,$1442,$460,$983,$0,$138,$1009,$433,$-197,$236,$44,$192,$192,$161,$831,$433,$425,429,$0.38,$0.37,$553,$0,$0,$1648,$10575,$0,$16573,$1715,$29092,$30740,$1204,$18403,$3547,$22696,$23900,$4,$-1033,$-1771,$6840,$30740,$474,$739,$115,$854,$0,$0,$0,$-17,$-17,$1311,$-319,$0,$-1216,$3,$0,$3,$-10,$-1543,$777,$-3,$774,$60,$60,$-480,$-24,$330,$90,$50,$-427
10,2016-03-31,97.3,$16.49,5.9,$11.69,8.33,$8.46,11.51,$1.54,63.18,$1.45B,$0.76B,1.91,$16.88B,$7.00B,2.41,$4.98B,$3.59B,72.01%,$4.98B,$1.65B,33.03%,$4.98B,$1.65B,33.03%,$4.98B,$3.01B,60.51%,$4.98B,$0.92B,18.49%,$4.98B,$0.66B,13.23%,$0.66B,$7.00B,9.49%,$0.66B,$-6.94B,-9.40%,$0.66B,$27.06B,2.46%,$1.65B,$23.88B,6.93%,$1289,$351,$938,$0,$135,$837,$452,$-141,$310,$29,$281,$281,$248,$793,$452,$424,428,$0.59,$0.58,$477,$0,$0,$1449,$9918,$0,$13937,$1544,$25616,$27064,$757,$16884,$2423,$19307,$20064,$4,$-968,$-1611,$7000,$27064,$281,$342,$44,$385,$0,$0,$0,$-103,$-103,$564,$-154,$0,$-1,$1,$0,$1,$-32,$-186,$-110,$-9,$-118,$15,$15,$-237,$-26,$-366,$16,$28,$-210
11,2015-12-31,92.15,$15.84,5.82,$11.31,8.15,$8.36,11.03,$1.41,65.36,$1.42B,$0.78B,1.83,$17.07B,$6.71B,2.54,$4.77B,$3.46B,72.61%,$4.77B,$1.61B,33.81%,$4.77B,$1.61B,33.81%,$4.77B,$2.90B,60.87%,$4.77B,$0.83B,17.40%,$4.77B,$0.59B,12.45%,$0.59B,$6.71B,8.42%,$0.59B,$-7.22B,-8.73%,$0.59B,$26.90B,2.24%,$1.61B,$23.78B,6.91%,$1280,$356,$924,$0,$143,$878,$402,$-155,$248,$26,$222,$222,$206,$761,$402,$419,423,$0.48,$0.48,$463,$0,$0,$1423,$9866,$0,$13930,$1473,$25481,$26904,$779,$17069,$2237,$19412,$20191,$4,$-999,$-1837,$6713,$26904,$672,$1292,$354,$1646,$-56,$0,$0,$-176,$-152,$2167,$-729,$0,$-1961,$10,$0,$10,$-5061,$-7742,$2569,$9,$2578,$2491,$3829,$-796,$-19,$5593,$-11,$91,$-711
12,2015-09-30,83.19,$15.78,5.27,$10.90,7.63,$7.86,10.59,$1.35,61.62,$1.44B,$0.97B,1.48,$16.98B,$6.68B,2.54,$4.54B,$3.31B,72.93%,$4.54B,$1.56B,34.32%,$4.54B,$1.56B,34.32%,$4.54B,$2.75B,60.57%,$4.54B,$0.78B,17.10%,$4.54B,$0.56B,12.28%,$0.56B,$6.68B,8.72%,$0.56B,$-7.38B,-8.32%,$0.56B,$26.93B,2.21%,$1.56B,$23.67B,7.14%,$1238,$365,$873,$0,$115,$837,$401,$-209,$192,$94,$98,$98,$76,$742,$401,$423,427,$0.18,$0.18,$440,$0,$0,$1435,$9806,$0,$14068,$1405,$25492,$26927,$969,$16982,$2292,$19273,$20243,$4,$-996,$-1833,$6684,$26927,$450,$933,$314,$1247,$0,$0,$0,$-154,$-154,$1544,$-518,$0,$-1616,$-9,$0,$-9,$-5061,$-7204,$2416,$8,$2425,$2470,$3808,$-574,$-26,$5632,$-26,$72,$-516
13,2015-06-30,87.77,$17.42,5.04,$10.59,8.28,$7.57,11.6,$1.67,52.55,$1.40B,$0.66B,2.14,$16.19B,$7.37B,2.2,$4.34B,$3.19B,73.55%,$4.34B,$1.54B,35.53%,$4.34B,$1.54B,35.53%,$4.34B,$2.64B,60.87%,$4.34B,$0.80B,18.47%,$4.34B,$0.68B,15.70%,$0.68B,$7.37B,11.82%,$0.68B,$-6.52B,-10.69%,$0.68B,$26.47B,2.89%,$1.54B,$23.56B,7.63%,$1174,$322,$852,$0,$116,$785,$390,$-219,$171,$14,$157,$157,$129,$718,$390,$423,427,$0.31,$0.30,$450,$0,$0,$1400,$9586,$0,$13890,$1357,$25070,$26470,$655,$16185,$2256,$18441,$19097,$4,$-877,$-1229,$7373,$26470,$353,$592,$235,$827,$0,$0,$0,$-143,$-143,$1036,$-311,$0,$-670,$-35,$0,$-35,$-5064,$-6079,$715,$0,$715,$2458,$3796,$-361,$840,$4990,$-39,$54,$-330
14,2015-03-31,87.77,$17.57,5.0,$10.43,8.42,$7.39,11.88,$1.95,45.01,$1.42B,$1.33B,1.07,$14.93B,$7.43B,2.01,$4.19B,$3.10B,73.84%,$4.19B,$1.55B,37.03%,$4.19B,$1.55B,37.03%,$4.19B,$2.57B,61.28%,$4.19B,$0.87B,20.82%,$4.19B,$0.78B,18.65%,$0.78B,$7.43B,15.58%,$0.78B,$-6.09B,-12.49%,$0.78B,$25.93B,3.53%,$1.55B,$22.36B,8.35%,$1079,$265,$815,$0,$123,$659,$420,$-201,$219,$24,$195,$195,$183,$683,$420,$405,409,$0.45,$0.45,$467,$0,$0,$1421,$9423,$0,$13517,$1329,$24509,$25930,$1332,$14931,$2236,$17167,$18499,$4,$-823,$-1206,$7432,$25930,$195,$264,$128,$392,$0,$0,$0,$-77,$-77,$510,$-159,$0,$-21,$-10,$0,$-10,$-5059,$-5249,$1159,$0,$1159,$2445,$3784,$-160,$-23,$4760,$10,$30,$-152
15,2014-12-31,92.15,$10.22,9.02,$10.26,8.99,$7.19,12.82,$2.01,45.85,$1.25B,$1.54B,0.82,$13.64B,$4.05B,3.37,$4.10B,$3.01B,73.31%,$4.10B,$1.49B,36.28%,$4.10B,$1.49B,36.28%,$4.10B,$2.49B,60.65%,$4.10B,$0.87B,21.10%,$4.10B,$0.80B,19.54%,$0.80B,$4.05B,19.60%,$0.80B,$-6.80B,-12.51%,$0.80B,$21.26B,3.85%,$1.49B,$17.70B,8.53%,$1046,$277,$769,$0,$129,$700,$346,$-152,$194,$13,$182,$182,$169,$605,$346,$396,400,$0.43,$0.41,$480,$0,$0,$1254,$7590,$0,$10856,$1296,$20009,$21264,$1536,$13643,$2031,$15674,$17210,$4,$-837,$-794,$4053,$21264,$803,$999,$183,$1182,$-85,$0,$0,$154,$150,$2135,$-974,$0,$-1011,$40,$0,$40,$-4,$-1950,$-210,$0,$-210,$62,$586,$-421,$-90,$-135,$20,$80,$-405
16,2014-09-30,86.95,$10.56,8.24,$10.00,8.7,$6.48,13.42,$1.84,47.26,$1.19B,$1.60B,0.74,$12.97B,$4.19B,3.1,$4.00B,$2.93B,73.24%,$4.00B,$1.43B,35.89%,$4.00B,$1.43B,35.89%,$4.00B,$2.43B,60.73%,$4.00B,$0.78B,19.55%,$4.00B,$0.73B,18.32%,$0.73B,$4.19B,18.43%,$0.73B,$-6.07B,-11.42%,$0.73B,$20.60B,3.56%,$1.43B,$17.16B,8.19%,$1038,$284,$754,$0,$109,$653,$385,$-168,$217,$10,$207,$207,$200,$634,$385,$396,400,$0.50,$0.50,$460,$0,$0,$1187,$7552,$0,$10256,$1326,$19410,$20597,$1600,$12974,$1838,$14812,$16411,$4,$-855,$-504,$4185,$20597,$622,$740,$158,$898,$0,$0,$0,$50,$50,$1570,$-723,$0,$-325,$-7,$0,$-7,$-48,$-1103,$-725,$-7,$-731,$48,$631,$-270,$-92,$-462,$2,$62,$-262
17,2014-06-30,83.25,$11.13,7.48,$9.43,8.82,$6.11,13.62,$1.79,46.51,$1.15B,$1.90B,0.6,$12.75B,$4.41B,2.89,$3.77B,$2.78B,73.81%,$3.77B,$1.36B,36.07%,$3.77B,$1.36B,36.07%,$3.77B,$2.29B,60.72%,$3.77B,$0.74B,19.73%,$3.77B,$0.71B,18.91%,$0.71B,$4.41B,18.60%,$0.71B,$-6.09B,-12.96%,$0.71B,$20.85B,3.57%,$1.36B,$17.16B,7.87%,$1031,$272,$759,$0,$98,$629,$402,$-159,$243,$22,$222,$222,$230,$648,$402,$396,400,$0.58,$0.58,$457,$0,$0,$1147,$7590,$0,$10493,$1326,$19701,$20848,$1899,$12749,$1791,$14541,$16440,$4,$-911,$-251,$4408,$20848,$415,$491,$93,$584,$0,$0,$0,$73,$73,$1072,$-466,$0,$-316,$6,$0,$6,$-61,$-837,$-706,$-7,$-713,$31,$614,$-127,$-23,$-249,$-11,$43,$-127
18,2014-03-31,75.16,$9.36,8.03,$8.88,8.47,$5.86,12.83,$1.46,51.48,$1.21B,$0.93B,1.3,$14.01B,$3.70B,3.79,$3.54B,$2.62B,74.03%,$3.54B,$1.27B,35.82%,$3.54B,$1.27B,35.82%,$3.54B,$2.14B,60.26%,$3.54B,$0.57B,16.17%,$3.54B,$0.58B,16.43%,$0.58B,$3.70B,16.03%,$0.58B,$-6.65B,-12.71%,$0.58B,$20.42B,3.18%,$1.27B,$17.71B,7.89%,$984,$261,$723,$0,$110,$630,$354,$-143,$211,$18,$193,$193,$202,$599,$354,$395,399,$0.51,$0.51,$529,$0,$0,$1210,$7344,$0,$10355,$1216,$19208,$20417,$932,$14009,$1775,$15784,$16716,$4,$-1006,$-272,$3702,$20417,$193,$246,$22,$267,$0,$0,$0,$16,$16,$477,$-214,$0,$-63,$-13,$0,$-13,$-1,$-291,$-144,$-0,$-144,$14,$14,$-1,$-22,$-153,$40,$25,$-1
19,2013-12-31,73.28,$9.09,8.06,$8.42,8.7,$5.88,12.47,$1.38,53.1,$1.13B,$0.77B,1.46,$14.41B,$3.59B,4.01,$3.36B,$2.50B,74.39%,$3.36B,$1.22B,36.14%,$3.36B,$1.22B,36.14%,$3.36B,$2.02B,60.11%,$3.36B,$0.54B,16.12%,$3.36B,$0.55B,16.39%,$0.55B,$3.59B,15.09%,$0.55B,$-6.84B,-15.69%,$0.55B,$20.28B,3.28%,$1.22B,$18.00B,8.21%,$942,$252,$690,$0,$117,$649,$293,$-183,$110,$36,$74,$74,$100,$545,$293,$395,399,$0.26,$0.25,$465,$0,$0,$1125,$7178,$0,$10425,$1266,$19158,$20284,$770,$14408,$1515,$15924,$16694,$4,$-1081,$-311,$3590,$20284,$482,$808,$275,$1083,$-19,$0,$0,$-82,$34,$1599,$-725,$0,$-4462,$-6,$0,$-6,$19,$-5173,$4073,$-21,$4052,$-100,$-100,$-435,$8,$3526,$-75,$68,$-435
20,2013-09-30,67.8,$9.15,7.41,$7.99,8.49,$5.80,11.68,$1.47,46.12,$4.81B,$0.57B,8.37,$12.58B,$3.61B,3.48,$3.19B,$2.39B,74.81%,$3.19B,$1.20B,37.67%,$3.19B,$1.20B,37.67%,$3.19B,$1.95B,61.01%,$3.19B,$0.59B,18.60%,$3.19B,$0.59B,18.41%,$0.59B,$3.61B,15.97%,$0.59B,$-2.40B,-24.51%,$0.59B,$18.18B,3.84%,$1.20B,$16.19B,8.97%,$808,$201,$607,$0,$98,$499,$309,$-130,$179,$16,$163,$163,$180,$494,$309,$395,398,$0.46,$0.45,$4200,$0,$0,$4805,$5879,$0,$6010,$1244,$13376,$18181,$574,$12579,$1417,$13995,$14569,$4,$-1067,$-298,$3612,$18181,$408,$555,$190,$745,$0,$0,$0,$-9,$-9,$1144,$-448,$0,$-366,$-22,$0,$-22,$-122,$-959,$3830,$-22,$3808,$-112,$-112,$-210,$8,$3495,$3672,$53,$-210
21,2013-06-30,66.67,$9.16,7.28,$7.74,8.61,$5.91,11.28,$1.60,41.67,$1.17B,$0.53B,2.2,$8.80B,$3.62B,2.43,$3.09B,$2.31B,74.56%,$3.09B,$1.19B,38.41%,$3.09B,$1.19B,38.41%,$3.09B,$1.89B,61.14%,$3.09B,$0.66B,21.31%,$3.09B,$0.64B,20.66%,$0.64B,$3.62B,17.30%,$0.64B,$-2.43B,-28.87%,$0.64B,$14.34B,4.58%,$1.19B,$12.42B,9.82%,$809,$206,$603,$0,$100,$496,$313,$-240,$73,$-11,$84,$84,$100,$497,$313,$395,399,$0.25,$0.25,$560,$0,$0,$1168,$5811,$0,$6047,$1075,$13172,$14339,$532,$8799,$1389,$10188,$10720,$4,$-1136,$-274,$3620,$14339,$245,$370,$173,$544,$0,$0,$0,$-4,$-4,$785,$-281,$0,$-311,$-9,$0,$-9,$-1,$-602,$88,$-29,$59,$-55,$-55,$-103,$4,$-95,$80,$38,$-103
22,2013-03-31,69.61,$9.56,7.28,$7.47,9.32,$5.99,11.62,$1.47,47.35,$1.13B,$0.49B,2.32,$8.79B,$3.78B,2.33,$2.98B,$2.23B,74.71%,$2.98B,$1.15B,38.40%,$2.98B,$1.15B,38.40%,$2.98B,$1.84B,61.60%,$2.98B,$0.64B,21.56%,$2.98B,$0.59B,19.68%,$0.59B,$3.78B,16.04%,$0.59B,$-2.39B,-28.54%,$0.59B,$14.46B,4.33%,$1.15B,$12.57B,9.78%,$803,$202,$601,$0,$101,$503,$300,$-120,$180,$19,$161,$161,$171,$485,$300,$395,400,$0.43,$0.43,$501,$0,$0,$1129,$5880,$0,$6171,$1044,$13334,$14464,$488,$8792,$1403,$10195,$10682,$4,$-1128,$-158,$3782,$14464,$161,$186,$71,$257,$0,$0,$0,$-24,$-24,$394,$-124,$0,$-245,$-8,$0,$-8,$-0,$-377,$-1705,$-29,$-1735,$-6,$-6,$0,$1776,$35,$73,$21,$0
23,2012-12-31,69.93,$9.32,7.5,$7.21,9.7,$6.02,11.61,$1.60,43.71,$1.04B,$0.51B,2.05,$8.69B,$3.68B,2.36,$2.88B,$2.15B,74.86%,$2.88B,$1.12B,38.91%,$2.88B,$1.12B,38.91%,$2.88B,$1.78B,61.75%,$2.88B,$0.70B,24.37%,$2.88B,$0.64B,22.15%,$0.64B,$3.68B,17.64%,$0.64B,$-2.37B,-33.79%,$0.64B,$14.09B,4.86%,$1.12B,$12.38B,9.95%,$768,$194,$574,$0,$89,$489,$279,$-118,$161,$43,$118,$118,$136,$469,$279,$395,399,$0.34,$0.34,$444,$0,$0,$1040,$5766,$0,$6049,$999,$13049,$14089,$508,$8693,$1204,$9897,$10405,$4,$-1197,$-183,$3684,$14089,$594,$655,$145,$800,$-44,$0,$0,$17,$20,$1414,$-568,$0,$-1998,$22,$0,$22,$-15,$-2558,$1549,$-55,$1494,$-7,$-7,$-356,$39,$1170,$38,$52,$-356
24,2012-09-30,64.4,$9.32,6.91,$6.92,9.31,$5.51,11.69,$1.77,36.39,$1.10B,$0.63B,1.75,$7.36B,$3.69B,2.0,$2.76B,$2.07B,74.86%,$2.76B,$1.09B,39.41%,$2.76B,$1.09B,39.41%,$2.76B,$1.71B,61.97%,$2.76B,$0.70B,25.35%,$2.76B,$0.71B,25.57%,$0.71B,$3.69B,19.93%,$0.71B,$-1.67B,-40.71%,$0.71B,$12.96B,5.59%,$1.09B,$11.05B,10.08%,$713,$185,$528,$0,$81,$418,$296,$-51,$245,$13,$232,$232,$232,$440,$296,$395,399,$0.59,$0.58,$426,$0,$0,$1097,$5243,$0,$5359,$1002,$11865,$12961,$626,$7359,$1290,$8649,$9275,$4,$-1238,$-164,$3686,$12961,$476,$466,$119,$584,$0,$0,$0,$56,$56,$1117,$-377,$0,$-823,$28,$0,$28,$-3,$-1174,$217,$20,$238,$26,$26,$-170,$18,$112,$52,$40,$-170
25,2012-06-30,62.87,$8.83,7.12,$6.73,9.35,$4.80,13.09,$1.15,54.67,$1.17B,$0.73B,1.61,$7.34B,$3.49B,2.11,$2.68B,$2.00B,74.68%,$2.68B,$1.02B,38.09%,$2.68B,$1.02B,38.09%,$2.68B,$1.64B,61.28%,$2.68B,$0.46B,17.18%,$2.68B,$0.46B,17.10%,$0.46B,$3.49B,13.25%,$0.46B,$-1.80B,-26.95%,$0.46B,$12.71B,3.78%,$1.02B,$10.82B,10.09%,$698,$172,$525,$0,$77,$427,$270,$-213,$57,$24,$34,$34,$48,$443,$270,$395,399,$0.12,$0.12,$550,$0,$0,$1174,$5080,$0,$5285,$928,$11535,$12709,$728,$7338,$1158,$8495,$9223,$4,$-1379,$-203,$3486,$12709,$244,$322,$143,$465,$0,$0,$0,$54,$54,$763,$-226,$0,$-533,$-5,$0,$-5,$-2,$-767,$199,$17,$216,$20,$20,$-83,$17,$170,$152,$27,$-83
26,2012-03-31,56.3,$9.09,6.19,$6.47,8.71,$4.26,13.2,$1.32,42.65,$1.15B,$0.76B,1.5,$7.16B,$3.59B,2.0,$2.58B,$1.92B,74.54%,$2.58B,$0.98B,37.87%,$2.58B,$0.98B,37.87%,$2.58B,$1.56B,60.61%,$2.58B,$0.58B,22.58%,$2.58B,$0.53B,20.37%,$0.53B,$3.59B,15.06%,$0.53B,$-1.70B,-32.18%,$0.53B,$12.64B,4.49%,$0.98B,$10.75B,10.24%,$697,$171,$526,$0,$80,$422,$274,$-37,$238,$27,$210,$210,$221,$424,$274,$394,398,$0.56,$0.56,$560,$0,$0,$1146,$5007,$0,$5291,$931,$11492,$12638,$763,$7161,$1127,$8288,$9052,$4,$-1340,$-98,$3586,$12638,$210,$150,$-29,$121,$0,$0,$0,$71,$71,$402,$-121,$0,$-159,$-9,$0,$-9,$-2,$-291,$21,$17,$39,$-5,$-5,$0,$-6,$27,$141,$13,$0
27,2011-12-31,53.61,$8.66,6.19,$6.12,8.76,$4.02,13.33,$0.99,54.15,$0.99B,$0.69B,1.44,$7.13B,$3.41B,2.09,$2.44B,$1.82B,74.58%,$2.44B,$0.92B,37.66%,$2.44B,$0.92B,37.66%,$2.44B,$1.49B,60.91%,$2.44B,$0.51B,20.75%,$2.44B,$0.40B,16.21%,$0.40B,$3.41B,11.42%,$0.40B,$-1.76B,-24.67%,$0.40B,$12.24B,3.53%,$0.92B,$10.55B,10.14%,$653,$166,$488,$0,$74,$405,$248,$-88,$160,$-37,$196,$196,$205,$404,$248,$396,400,$0.52,$0.51,$395,$0,$0,$991,$4982,$0,$5171,$860,$11251,$12242,$689,$7134,$1009,$8143,$8832,$4,$-1478,$-143,$3410,$12242,$382,$569,$290,$858,$-29,$0,$0,$-154,$-74,$1166,$-523,$0,$-2321,$27,$0,$27,$25,$-2791,$1322,$128,$1450,$-352,$-352,$-138,$126,$1086,$-554,$47,$-138
28,2011-09-30,47.78,$8.51,5.62,$5.84,8.18,$4.08,11.7,$0.69,69.24,$0.67B,$1.28B,0.52,$4.97B,$3.35B,1.49,$2.34B,$1.75B,74.81%,$2.34B,$0.88B,37.43%,$2.34B,$0.88B,37.43%,$2.34B,$1.42B,60.78%,$2.34B,$0.48B,20.70%,$2.34B,$0.28B,11.76%,$0.28B,$3.35B,7.88%,$0.28B,$-1.53B,-19.81%,$0.28B,$10.90B,2.56%,$0.88B,$8.32B,10.07%,$630,$169,$461,$0,$76,$402,$228,$-223,$5,$25,$-20,$-20,$-16,$370,$228,$395,395,$-0.04,$-0.04,$232,$0,$0,$669,$4126,$0,$4882,$789,$10227,$10895,$1275,$4971,$1302,$6272,$7548,$5,$-1545,$-87,$3348,$10895,$185,$412,$323,$735,$0,$0,$0,$-70,$-70,$850,$-397,$0,$-1221,$45,$0,$45,$13,$-1560,$154,$101,$255,$-330,$-330,$0,$80,$4,$-706,$36,$0
29,2011-06-30,46.47,$9.09,5.11,$5.52,8.42,$4.29,10.83,$0.96,48.41,$1.37B,$1.18B,1.15,$4.92B,$3.60B,1.37,$2.22B,$1.68B,75.55%,$2.22B,$0.86B,38.72%,$2.22B,$0.86B,38.72%,$2.22B,$1.38B,62.13%,$2.22B,$0.64B,28.95%,$2.22B,$0.38B,17.29%,$0.38B,$3.60B,10.92%,$0.38B,$-1.53B,-31.98%,$0.38B,$10.97B,3.70%,$0.86B,$8.52B,9.97%,$597,$151,$446,$0,$72,$371,$226,$-47,$179,$66,$113,$113,$115,$364,$226,$397,400,$0.29,$0.29,$384,$0,$0,$1366,$3910,$0,$5126,$316,$9608,$10974,$1184,$4919,$1271,$6190,$7374,$5,$-1530,$62,$3600,$10974,$205,$270,$126,$396,$0,$0,$0,$-42,$-42,$559,$-237,$0,$-893,$47,$0,$47,$25,$-1057,$3,$101,$104,$-191,$-191,$0,$30,$-57,$-551,$24,$0
30,2011-03-31,46.02,$8.84,5.21,$5.19,8.87,$4.43,10.38,$0.92,50.02,$1.40B,$0.67B,2.09,$5.39B,$3.51B,1.54,$2.09B,$1.59B,75.93%,$2.09B,$0.82B,39.30%,$2.09B,$0.82B,39.30%,$2.09B,$1.32B,62.80%,$2.09B,$0.59B,28.37%,$2.09B,$0.37B,17.62%,$0.37B,$3.51B,10.62%,$0.37B,$-1.60B,-39.90%,$0.37B,$10.76B,3.77%,$0.82B,$8.90B,9.80%,$563,$135,$427,$0,$66,$344,$218,$-55,$163,$71,$92,$92,$92,$350,$218,$398,402,$0.23,$0.23,$453,$0,$0,$1400,$3771,$0,$5110,$150,$9359,$10759,$671,$5388,$1191,$6579,$7250,$5,$-1645,$54,$3509,$10759,$92,$131,$58,$189,$0,$0,$0,$2,$2,$284,$-98,$0,$-617,$37,$0,$37,$4,$-675,$-127,$101,$-26,$-118,$-118,$0,$6,$-138,$-521,$12,$0
31,2010-12-31,45.86,$8.79,5.22,$4.91,9.35,$4.46,10.28,$0.93,49.31,$1.41B,$0.41B,3.47,$5.51B,$3.51B,1.57,$1.99B,$1.51B,76.12%,$1.99B,$0.78B,39.50%,$1.99B,$0.78B,39.50%,$1.99B,$1.26B,63.22%,$1.99B,$0.56B,28.01%,$1.99B,$0.37B,18.79%,$0.37B,$3.51B,10.77%,$0.37B,$-0.89B,-58.69%,$0.37B,$10.37B,4.02%,$0.78B,$9.02B,9.71%,$548,$133,$415,$0,$65,$344,$203,$-67,$137,$53,$84,$84,$84,$337,$203,$401,404,$0.21,$0.20,$1006,$0,$0,$1406,$3683,$0,$4398,$616,$8964,$10370,$405,$5512,$948,$6460,$6866,$5,$-1737,$38,$3505,$10370,$374,$470,$262,$732,$-19,$0,$0,$-84,$-85,$1021,$-347,$0,$-900,$-30,$0,$-30,$-24,$-1301,$1215,$0,$1215,$-292,$-292,$0,$-13,$910,$637,$53,$0
32,2010-09-30,45.52,$8.64,5.27,$4.65,9.78,$4.24,10.72,$0.88,51.73,$1.30B,$0.47B,2.74,$4.63B,$3.45B,1.34,$1.89B,$1.44B,76.18%,$1.89B,$0.76B,40.16%,$1.89B,$0.76B,40.16%,$1.89B,$1.21B,64.24%,$1.89B,$0.53B,27.90%,$1.89B,$0.35B,18.73%,$0.35B,$3.45B,10.34%,$0.35B,$-0.78B,-64.89%,$0.35B,$9.45B,4.01%,$0.76B,$8.08B,9.85%,$513,$123,$390,$0,$57,$300,$213,$-49,$164,$71,$94,$94,$93,$329,$213,$401,403,$0.23,$0.23,$484,$0,$0,$1298,$3494,$0,$4237,$157,$8151,$9449,$474,$4626,$895,$5521,$5995,$5,$-1820,$24,$3454,$9449,$290,$337,$182,$518,$0,$0,$0,$-34,$-34,$775,$-228,$0,$-584,$-27,$0,$-27,$-19,$-859,$434,$0,$434,$-228,$-228,$0,$-6,$200,$125,$40,$0
33,2010-06-30,39.52,$8.54,4.63,$4.47,8.83,$4.04,9.78,$0.82,48.19,$1.11B,$0.23B,4.82,$4.15B,$3.43B,1.21,$1.82B,$1.38B,76.10%,$1.82B,$0.72B,39.81%,$1.82B,$0.72B,39.81%,$1.82B,$1.17B,64.26%,$1.82B,$0.48B,26.49%,$1.82B,$0.33B,18.01%,$0.33B,$3.43B,9.73%,$0.33B,$-0.42B,-67.77%,$0.33B,$8.59B,3.83%,$0.72B,$7.58B,9.62%,$470,$112,$358,$0,$54,$281,$189,$-59,$130,$30,$100,$100,$100,$299,$189,$403,405,$0.25,$0.25,$383,$0,$0,$1110,$3188,$0,$3852,$114,$7476,$8586,$230,$4152,$774,$4926,$5156,$5,$-1914,$-10,$3430,$8586,$196,$221,$94,$315,$0,$0,$0,$5,$5,$516,$-133,$0,$-132,$-15,$0,$-15,$-7,$-287,$-64,$0,$-64,$-110,$-110,$0,$-0,$-175,$56,$27,$0
34,2010-03-31,37.84,$8.57,4.42,$4.35,8.7,$3.82,9.91,$0.71,53.29,$1.16B,$0.31B,3.8,$4.15B,$3.46B,1.2,$1.77B,$1.35B,76.03%,$1.77B,$0.70B,39.57%,$1.77B,$0.70B,39.57%,$1.77B,$1.14B,64.27%,$1.77B,$0.45B,25.66%,$1.77B,$0.28B,16.00%,$0.28B,$3.46B,8.64%,$0.28B,$-0.44B,-51.50%,$0.28B,$8.67B,3.32%,$0.70B,$7.61B,9.33%,$454,$106,$348,$0,$54,$276,$179,$-54,$125,$28,$96,$96,$96,$290,$179,$402,406,$0.24,$0.24,$422,$0,$0,$1163,$3179,$0,$3902,$107,$7511,$8674,$306,$4152,$759,$4911,$5216,$5,$-2013,$28,$3458,$8674,$96,$111,$45,$156,$0,$0,$0,$1,$1,$254,$-55,$0,$-88,$-8,$0,$-8,$1,$-151,$14,$0,$14,$-11,$-11,$0,$-0,$3,$106,$14,$0
35,2009-12-31,38.37,$8.26,4.64,$4.23,9.07,$3.71,10.34,$0.62,61.89,$1.03B,$0.28B,3.67,$4.14B,$3.32B,1.25,$1.72B,$1.31B,75.87%,$1.72B,$0.67B,38.92%,$1.72B,$0.67B,38.92%,$1.72B,$1.10B,63.63%,$1.72B,$0.42B,24.48%,$1.72B,$0.25B,14.27%,$0.25B,$3.32B,7.73%,$0.25B,$-0.53B,-41.15%,$0.25B,$8.52B,2.92%,$0.67B,$7.46B,9.01%,$448,$108,$340,$0,$46,$272,$176,$-70,$107,$43,$64,$64,$64,$293,$176,$398,407,$0.16,$0.15,$305,$0,$0,$1025,$3170,$0,$3845,$93,$7495,$8520,$279,$4141,$782,$4923,$5202,$5,$-2110,$-13,$3318,$8520,$247,$424,$242,$666,$-18,$0,$0,$-38,$-71,$842,$-250,$0,$-296,$1,$0,$1,$1,$-543,$-31,$0,$-31,$-147,$-147,$0,$-16,$-195,$104,$61,$0
36,2009-09-30,32.32,$8.07,4.01,$4.11,7.87,$3.52,9.18,$0.67,48.24,$1.00B,$0.22B,4.52,$4.18B,$3.24B,1.29,$1.68B,$1.28B,75.89%,$1.68B,$0.65B,38.48%,$1.68B,$0.65B,38.48%,$1.68B,$1.07B,63.54%,$1.68B,$0.41B,24.52%,$1.68B,$0.27B,15.91%,$0.27B,$3.24B,8.64%,$0.27B,$-0.54B,-40.88%,$0.27B,$8.40B,3.21%,$0.65B,$7.41B,8.74%,$444,$109,$336,$0,$48,$265,$179,$-60,$119,$51,$68,$68,$67,$285,$179,$397,406,$0.17,$0.17,$284,$0,$0,$999,$3128,$0,$3772,$79,$7396,$8395,$221,$4179,$760,$4939,$5160,$5,$-2174,$-18,$3235,$8395,$183,$308,$198,$506,$0,$0,$0,$-40,$-40,$649,$-182,$0,$-161,$4,$0,$4,$-4,$-344,$-55,$0,$-55,$-154,$-154,$0,$-10,$-218,$87,$50,$0
37,2009-06-30,28.0,$7.81,3.59,$4.00,7.01,$3.38,8.28,$0.65,43.08,$1.09B,$0.22B,4.9,$4.42B,$3.09B,1.43,$1.65B,$1.25B,75.62%,$1.65B,$0.62B,37.78%,$1.65B,$0.62B,37.78%,$1.65B,$1.04B,63.31%,$1.65B,$0.39B,23.65%,$1.65B,$0.26B,15.83%,$0.26B,$3.09B,8.69%,$0.26B,$-0.69B,-34.43%,$0.26B,$8.49B,3.15%,$0.62B,$7.51B,8.44%,$423,$103,$321,$0,$50,$257,$166,$-64,$103,$51,$51,$51,$56,$269,$166,$397,409,$0.14,$0.14,$383,$0,$0,$1088,$3088,$0,$3781,$71,$7398,$8486,$222,$4422,$752,$5173,$5395,$5,$-2241,$-20,$3091,$8486,$115,$202,$125,$327,$0,$0,$0,$-33,$-33,$409,$-114,$0,$-93,$2,$0,$2,$-7,$-212,$43,$0,$43,$-50,$-50,$0,$-10,$-17,$181,$37,$0
38,2009-03-31,27.02,$7.75,3.49,$3.89,6.94,$3.28,8.24,$0.89,30.36,$1.02B,$0.19B,5.26,$4.33B,$3.08B,1.41,$1.62B,$1.22B,75.49%,$1.62B,$0.61B,37.78%,$1.62B,$0.61B,37.78%,$1.62B,$1.03B,63.52%,$1.62B,$0.38B,23.58%,$1.62B,$0.36B,22.47%,$0.36B,$3.08B,12.19%,$0.36B,$-0.64B,-46.33%,$0.36B,$8.33B,4.42%,$0.61B,$7.41B,8.31%,$409,$98,$311,$0,$58,$258,$150,$-57,$93,$37,$56,$56,$59,$250,$150,$397,408,$0.15,$0.15,$365,$0,$0,$1020,$3003,$0,$3719,$420,$7306,$8326,$194,$4331,$719,$5050,$5244,$5,$-2298,$-20,$3082,$8326,$59,$100,$53,$153,$0,$0,$0,$-6,$-6,$206,$-50,$0,$-1,$1,$0,$1,$1,$-49,$-1,$0,$-1,$4,$4,$0,$-0,$3,$160,$24,$0
39,2008-12-31,26.04,$7.54,3.45,$3.80,6.85,$3.23,8.07,$0.84,31.0,$0.83B,$0.18B,4.55,$4.33B,$2.99B,1.45,$1.59B,$1.20B,75.58%,$1.59B,$0.61B,38.10%,$1.59B,$0.61B,38.10%,$1.59B,$1.02B,64.09%,$1.59B,$0.37B,23.35%,$1.59B,$0.35B,21.78%,$0.35B,$2.99B,11.79%,$0.35B,$-0.76B,-40.22%,$0.35B,$8.21B,4.23%,$0.61B,$7.33B,8.26%,$408,$99,$310,$0,$45,$256,$153,$-55,$98,$15,$83,$83,$86,$266,$153,$396,418,$0.22,$0.21,$197,$0,$0,$830,$3023,$0,$3752,$61,$7382,$8212,$182,$4331,$703,$5035,$5217,$5,$-2356,$-20,$2994,$8212,$347,$415,$51,$466,$-14,$0,$0,$6,$-40,$773,$-243,$0,$-43,$10,$0,$10,$2,$-275,$248,$0,$248,$-632,$-632,$0,$-4,$-388,$110,$55,$0
40,2008-09-30,31.94,$7.25,4.41,$3.71,8.61,$3.22,9.91,$0.62,51.52,$0.74B,$0.20B,3.69,$4.43B,$2.84B,1.56,$1.56B,$1.18B,75.43%,$1.56B,$0.55B,35.44%,$1.56B,$0.55B,35.44%,$1.56B,$0.99B,63.53%,$1.56B,$0.32B,20.22%,$1.56B,$0.26B,16.31%,$0.26B,$2.84B,8.64%,$0.26B,$-0.95B,-28.76%,$0.26B,$8.13B,3.12%,$0.55B,$7.27B,7.55%,$409,$104,$305,$0,$45,$255,$154,$-59,$96,$35,$61,$61,$60,$259,$154,$394,417,$0.15,$0.15,$125,$0,$0,$738,$3014,$0,$3787,$62,$7392,$8130,$200,$4429,$658,$5090,$5290,$5,$-2442,$-1,$2840,$8130,$262,$301,$49,$350,$0,$0,$0,$-26,$-26,$586,$-165,$0,$-33,$5,$0,$5,$2,$-191,$198,$0,$198,$-556,$-556,$0,$-4,$-362,$33,$43,$0
41,2008-06-30,37.52,$7.63,4.91,$3.61,10.4,$3.30,11.36,$0.61,61.51,$0.81B,$0.17B,4.73,$4.42B,$3.03B,1.46,$1.52B,$1.15B,75.76%,$1.52B,$0.50B,32.72%,$1.52B,$0.50B,32.72%,$1.52B,$0.96B,63.34%,$1.52B,$0.27B,17.48%,$1.52B,$0.26B,16.75%,$0.26B,$3.03B,8.27%,$0.26B,$-0.80B,-32.63%,$0.26B,$8.27B,3.11%,$0.50B,$7.44B,6.75%,$394,$97,$297,$0,$42,$239,$155,$-59,$95,$45,$51,$51,$159,$254,$155,$397,422,$0.40,$0.38,$215,$0,$0,$806,$3011,$0,$3826,$63,$7459,$8266,$170,$4419,$648,$5071,$5241,$5,$-2502,$1,$3025,$8266,$201,$197,$-6,$191,$0,$0,$0,$-33,$-33,$359,$-97,$0,$-32,$2,$0,$2,$-2,$-129,$149,$0,$149,$-256,$-256,$0,$-4,$-111,$119,$30,$0
42,2008-03-31,34.82,$7.89,4.41,$3.51,9.93,$3.41,10.2,$0.18,193.44,$0.73B,$0.20B,3.62,$4.43B,$2.91B,1.52,$1.49B,$1.12B,75.64%,$1.49B,$0.44B,29.34%,$1.49B,$0.44B,29.34%,$1.49B,$0.94B,62.92%,$1.49B,$0.20B,13.32%,$1.49B,$0.08B,5.11%,$0.08B,$2.91B,2.35%,$0.08B,$-0.95B,-11.52%,$0.08B,$8.19B,0.92%,$0.44B,$7.35B,5.88%,$382,$91,$292,$0,$49,$237,$145,$-62,$83,$41,$42,$42,$42,$242,$145,$397,422,$0.11,$0.10,$179,$0,$0,$731,$3030,$0,$3859,$76,$7461,$8192,$202,$4433,$640,$5077,$5279,$5,$-2661,$-11,$2913,$8192,$42,$97,$51,$148,$0,$0,$0,$-8,$-8,$182,$-45,$0,$-28,$2,$0,$2,$2,$-69,$149,$0,$149,$-171,$-171,$0,$-3,$-25,$89,$16,$0
43,2007-12-31,37.83,$7.56,5.0,$3.40,11.12,$3.41,11.11,$0.13,290.99,$0.62B,$0.21B,2.94,$4.28B,$3.02B,1.42,$1.46B,$1.10B,75.34%,$1.46B,$0.38B,25.89%,$1.46B,$0.38B,25.89%,$1.46B,$0.91B,62.43%,$1.46B,$0.15B,10.58%,$1.46B,$0.06B,3.85%,$0.06B,$3.02B,1.60%,$0.06B,$-0.85B,-13.41%,$0.06B,$8.13B,0.68%,$0.38B,$7.31B,5.05%,$378,$94,$285,$0,$47,$278,$100,$-59,$42,$42,$-0,$-0,$-6,$238,$100,$413,426,$-0.01,$-0.01,$94,$0,$0,$619,$3045,$0,$3875,$71,$7511,$8130,$211,$4283,$611,$4897,$5108,$5,$-2703,$-4,$3022,$8130,$57,$531,$69,$600,$-13,$0,$0,$64,$36,$693,$-154,$0,$-44,$22,$0,$22,$-10,$-186,$813,$0,$813,$-1519,$-1519,$0,$-49,$-755,$-248,$55,$0
44,2007-09-30,38.66,$8.31,4.65,$3.29,11.76,$3.27,11.81,$0.18,214.8,$0.62B,$0.24B,2.57,$4.03B,$3.38B,1.19,$1.42B,$1.06B,74.93%,$1.42B,$0.35B,24.72%,$1.42B,$0.35B,24.72%,$1.42B,$0.74B,52.54%,$1.42B,$0.14B,10.17%,$1.42B,$0.08B,5.65%,$0.08B,$3.38B,2.08%,$0.08B,$-0.53B,-72.23%,$0.08B,$8.20B,0.95%,$0.35B,$7.40B,4.63%,$368,$89,$279,$0,$49,$269,$98,$-53,$46,$-14,$60,$60,$60,$230,$98,$410,418,$0.15,$0.14,$129,$0,$0,$622,$3071,$0,$3903,$87,$7581,$8203,$243,$4025,$557,$4585,$4828,$5,$-2698,$-3,$3376,$8203,$62,$393,$93,$486,$0,$0,$0,$16,$16,$564,$-107,$0,$-21,$20,$0,$20,$-10,$-117,$538,$0,$538,$-1142,$-1142,$0,$-41,$-645,$-199,$43,$0
45,2007-06-30,37.3,$8.80,4.24,$3.18,11.74,$3.07,12.17,$0.05,745.93,$0.74B,$0.23B,3.21,$3.98B,$3.64B,1.09,$1.38B,$1.03B,74.44%,$1.38B,$0.32B,23.46%,$1.38B,$0.32B,23.46%,$1.38B,$0.59B,42.43%,$1.38B,$0.12B,8.33%,$1.38B,$0.02B,1.67%,$0.02B,$3.64B,0.56%,$0.02B,$-0.31B,22.72%,$0.02B,$8.38B,0.27%,$0.32B,$7.61B,4.24%,$358,$90,$268,$0,$42,$265,$93,$-67,$27,$15,$12,$12,$-20,$225,$93,$418,430,$-0.05,$-0.05,$265,$0,$0,$742,$3116,$0,$3950,$79,$7642,$8384,$231,$3975,$537,$4516,$4747,$4,$-2757,$3,$3637,$8384,$2,$262,$104,$366,$0,$0,$0,$14,$14,$382,$-68,$0,$-14,$16,$0,$16,$-26,$-92,$488,$0,$488,$-811,$-811,$0,$-36,$-359,$-68,$28,$0
46,2007-03-31,34.59,$9.51,3.64,$3.09,11.19,$2.87,12.03,$0.12,288.23,$0.53B,$0.23B,2.33,$3.57B,$3.99B,0.89,$1.35B,$1.00B,74.13%,$1.35B,$0.30B,22.39%,$1.35B,$0.30B,22.39%,$1.35B,$0.43B,32.02%,$1.35B,$0.11B,8.08%,$1.35B,$0.05B,3.78%,$0.05B,$3.99B,1.19%,$0.05B,$0.02B,20.84%,$0.05B,$8.32B,0.60%,$0.30B,$7.56B,3.94%,$352,$87,$265,$0,$49,$266,$86,$-47,$39,$18,$21,$21,$22,$216,$86,$422,440,$0.05,$0.05,$61,$0,$0,$532,$3165,$0,$3970,$76,$7788,$8320,$228,$3570,$524,$4098,$4326,$4,$-2737,$8,$3994,$8320,$22,$130,$39,$169,$0,$0,$0,$-20,$-20,$171,$-31,$0,$-10,$9,$0,$9,$0,$-32,$84,$0,$84,$-452,$-452,$0,$-5,$-373,$-234,$17,$0
47,2006-12-31,33.11,$10.33,3.21,$3.06,10.83,$2.85,11.61,$0.06,551.75,$0.75B,$0.48B,1.55,$3.29B,$4.39B,0.75,$1.32B,$0.97B,73.96%,$1.32B,$0.28B,21.56%,$1.32B,$0.28B,21.56%,$1.32B,$0.28B,21.56%,$1.32B,$0.07B,5.32%,$1.32B,$0.03B,2.05%,$0.03B,$4.39B,0.62%,$0.03B,$0.37B,9.01%,$0.03B,$8.61B,0.31%,$0.28B,$7.67B,3.69%,$338,$89,$249,$0,$44,$264,$73,$-41,$32,$14,$18,$18,$18,$73,$73,$425,436,$0.04,$0.04,$304,$0,$0,$749,$3218,$0,$4011,$64,$7864,$8613,$483,$3289,$453,$3745,$4228,$4,$-2734,$16,$4385,$8613,$27,$538,$87,$625,$-0,$0,$0,$-25,$-32,$621,$-127,$0,$-37,$35,$0,$35,$-0,$-129,$-54,$0,$-54,$-266,$-266,$0,$-3,$-323,$169,$40,$0
