,Date,Stock Price,Book Value per Share,Price to Book Ratio,TTM Sales per Share,Price to Sales Ratio,TTM FCF per Share,Price to FCF Ratio,TTM Net EPS,PE Ratio,Current Assets,Current Liabilities,Current Ratio,Long Term Debt,Shareholder's Equity_x,Debt to Equity Ratio,TTM Revenue_x,TTM Gross Profit,Gross Margin,TTM Revenue_y,TTM Operating Income,Operating Margin,TTM Revenue_x,TTM EBIT,EBIT Margin,TTM Revenue_y,TTM EBITDA,EBITDA Margin,TTM Revenue_x,TTM Pre-Tax Income,Pre-Tax Margin,TTM Revenue_y,TTM Net Income_x,Net Margin,TTM Net Income_y,Shareholder's Equity_y,Return on Equity,TTM Net Income_x,Tangible Equity,Return on Tangible Equity,TTM Net Income_y,Total Assets,Return on Assets,TTM Net Income,LT Investments & Debt,Return on Investment,revenue,cost-goods-sold,gross-profit,research-development-expenses,selling-general-administrative-expenses,operating-expenses,operating-income,total-non-operating-income-expense,pre-tax-income,total-provision-income-taxes,income-after-taxes,income-from-continuous-operations,net-income,ebitda,ebit,basic-shares-outstanding,shares-outstanding,eps-basic-net-earnings-per-share,eps-earnings-per-share-diluted,cash-on-hand,inventory,other-current-assets,total-current-assets,net-property-plant-equipment,long-term-investments,goodwill-intangible-assets-total,other-long-term-assets,total-long-term-assets,total-assets,total-current-liabilities,long-term-debt,other-non-current-liabilities,total-long-term-liabilities,total-liabilities,common-stock-net,retained-earnings-accumulated-deficit,comprehensive-income,total-share-holder-equity,total-liabilities-share-holders-equity,net-income-loss,total-depreciation-amortization-cash-flow,other-non-cash-items,total-non-cash-items,change-in-accounts-receivable,change-in-inventories,change-in-accounts-payable,change-in-assets-liabilities,total-change-in-assets-liabilities,cash-flow-from-operating-activities,net-change-in-property-plant-equipment,net-change-in-intangible-assets,net-acquisitions-divestitures,net-change-in-short-term-investments,net-change-in-long-term-investments,net-change-in-investments-total,investing-activities-other,cash-flow-from-investing-activities,net-long-term-debt,net-current-debt,debt-issuance-retirement-net-total,net-common-equity-issued-repurchased,net-total-equity-issued-repurchased,total-common-preferred-stock-dividends-paid,financial-activities-other,cash-flow-from-financial-activities,net-cash-flow,stock-based-compensation,common-stock-dividends-paid
0,2018-09-30,52.83,$14.21,3.72,$9.57,5.52,$1.40,37.82,$2.59,20.4,$30.80B,$26.81B,1.15,$2.54B,$8.00B,0.32,$5.45B,$5.45B,100.00%,$5.45B,$2.00B,36.65%,$5.45B,$2.00B,36.65%,$5.45B,$2.28B,41.84%,$5.45B,$1.89B,34.61%,$5.45B,$1.47B,27.02%,$1.47B,$8.00B,19.03%,$1.47B,$2.45B,68.32%,$1.47B,$37.52B,3.85%,$2.00B,$10.54B,19.42%,$1398,$0,$1398,$0,$630,$763,$635,$-26,$609,$155,$454,$454,$454,$705,$635,$567,569,$0.81,$0.80,$6359,$0,$0,$30804,$792,$0,$5556,$368,$6716,$37520,$26805,$2535,$0,$2712,$29517,$7,$7011,$-27,$8003,$37520,$1473,$283,$134,$417,$-5784,$7608,$-1767,$-39,$18,$1908,$-217,$0,$-4,$65,$248,$313,$0,$92,$2,$0,$2,$-255,$-255,$-477,$-52,$-782,$1218,$60,$-477
1,2018-06-30,54.57,$13.97,3.91,$8.97,6.09,$-0.63,0.0,$2.18,25.03,$30.30B,$26.86B,1.13,$2.55B,$7.94B,0.32,$5.04B,$5.04B,100.00%,$5.04B,$1.72B,34.23%,$5.04B,$1.72B,34.23%,$5.04B,$1.99B,39.46%,$5.04B,$1.62B,32.09%,$5.04B,$1.23B,24.42%,$1.23B,$7.94B,16.29%,$1.23B,$2.38B,63.56%,$1.23B,$37.51B,3.20%,$1.72B,$10.49B,17.02%,$1382,$0,$1382,$0,$640,$751,$631,$-28,$603,$152,$451,$451,$451,$700,$631,$568,570,$0.79,$0.79,$5952,$0,$0,$30297,$778,$487,$5561,$388,$7214,$37511,$26859,$2553,$0,$2716,$29575,$7,$6673,$-22,$7936,$37511,$1019,$213,$89,$302,$-5651,$6145,$-1700,$-28,$-1234,$87,$-154,$0,$-4,$65,$251,$316,$0,$158,$0,$0,$0,$-16,$-16,$-357,$-1,$-374,$-129,$39,$-357
2,2018-03-31,58.81,$13.40,4.39,$8.30,7.09,$0.47,123.88,$1.83,32.13,$30.95B,$27.89B,1.11,$2.48B,$7.60B,0.33,$4.59B,$4.59B,100.00%,$4.59B,$1.49B,32.43%,$4.59B,$1.49B,32.43%,$4.59B,$1.73B,37.62%,$4.59B,$1.39B,30.23%,$4.59B,$1.01B,22.03%,$1.01B,$7.60B,14.57%,$1.01B,$2.00B,51.52%,$1.01B,$38.41B,2.76%,$1.49B,$10.07B,15.63%,$1415,$0,$1415,$0,$818,$1019,$396,$-24,$372,$101,$271,$271,$271,$468,$396,$567,570,$0.48,$0.48,$8236,$0,$0,$30945,$801,$488,$5597,$579,$7465,$38410,$27889,$2477,$318,$2926,$30815,$7,$6341,$-21,$7595,$38410,$568,$144,$47,$191,$-4011,$3673,$-662,$-21,$-1021,$-262,$-119,$0,$-4,$65,$251,$316,$0,$193,$125,$0,$125,$0,$0,$-238,$83,$-30,$-99,$26,$-238
3,2017-12-31,50.57,$13.11,3.86,$7.52,6.72,$2.20,23.03,$1.75,28.9,$32.66B,$29.17B,1.12,$2.63B,$7.43B,0.35,$4.07B,$4.07B,100.00%,$4.07B,$1.45B,35.57%,$4.07B,$1.45B,35.57%,$4.07B,$1.66B,40.72%,$4.07B,$1.36B,33.33%,$4.07B,$0.95B,23.39%,$0.95B,$7.43B,14.97%,$0.95B,$1.80B,46.69%,$0.95B,$39.41B,2.78%,$1.45B,$10.06B,16.53%,$1257,$0,$1257,$0,$733,$921,$336,$-33,$303,$6,$297,$297,$297,$408,$336,$567,569,$0.52,$0.52,$11780,$593,$0,$32660,$780,$99,$5629,$244,$6752,$39412,$29169,$2628,$0,$2810,$31979,$7,$6189,$-20,$7433,$39412,$297,$72,$13,$85,$-1510,$220,$612,$-90,$-768,$-386,$-63,$0,$-12,$708,$0,$708,$0,$633,$0,$50,$50,$-8,$-8,$-119,$2,$-75,$172,$10,$-119
4,2017-09-30,48.06,$12.78,3.76,$6.93,6.93,$2.78,17.3,$1.64,29.3,$31.46B,$28.54B,1.1,$2.65B,$7.25B,0.37,$3.68B,$3.68B,100.00%,$3.68B,$1.47B,39.88%,$3.68B,$1.47B,39.88%,$3.68B,$1.65B,44.80%,$3.68B,$1.39B,37.92%,$3.68B,$0.87B,23.72%,$0.87B,$7.25B,15.01%,$0.87B,$1.56B,40.86%,$0.87B,$38.63B,2.75%,$1.47B,$9.90B,18.34%,$982,$0,$982,$0,$544,$621,$361,$-23,$338,$127,$211,$211,$211,$411,$361,$529,531,$0.39,$0.39,$12664,$0,$0,$31460,$752,$0,$5683,$732,$7167,$38627,$28535,$2652,$0,$2845,$31380,$7,$6011,$-25,$7247,$38627,$872,$181,$43,$224,$-2020,$1683,$-55,$-5,$-397,$699,$-197,$0,$-1288,$-62,$0,$-62,$0,$-1547,$359,$0,$359,$423,$423,$-379,$62,$465,$-383,$36,$-379
5,2017-06-30,42.17,$10.34,4.08,$6.64,6.35,$4.41,9.55,$1.60,26.36,$25.23B,$21.82B,1.16,$2.56B,$5.46B,0.47,$3.53B,$3.53B,100.00%,$3.53B,$1.39B,39.40%,$3.53B,$1.39B,39.40%,$3.53B,$1.57B,44.40%,$3.53B,$1.33B,37.62%,$3.53B,$0.85B,24.00%,$0.85B,$5.46B,16.09%,$0.85B,$2.48B,37.68%,$0.85B,$30.11B,2.89%,$1.39B,$8.02B,19.19%,$931,$0,$931,$0,$475,$537,$394,$-21,$373,$142,$231,$231,$231,$438,$394,$528,530,$0.44,$0.44,$10208,$0,$0,$25228,$592,$747,$2985,$558,$4882,$30110,$21821,$2561,$0,$2829,$24650,$6,$5895,$-25,$5460,$30110,$661,$131,$29,$160,$-1630,$1325,$167,$-19,$-157,$664,$-141,$0,$0,$0,$0,$0,$0,$-141,$798,$0,$798,$-3,$-3,$-285,$-8,$502,$1025,$26,$-285
6,2017-03-31,37.94,$10.09,3.76,$6.46,5.87,$5.22,7.26,$1.61,23.57,$24.35B,$21.81B,1.12,$1.77B,$5.33B,0.33,$3.43B,$3.43B,100.00%,$3.43B,$1.34B,39.13%,$3.43B,$1.34B,39.13%,$3.43B,$1.52B,44.26%,$3.43B,$1.29B,37.50%,$3.43B,$0.86B,24.91%,$0.86B,$5.33B,16.64%,$0.86B,$2.32B,40.64%,$0.86B,$29.17B,3.00%,$1.34B,$7.09B,19.38%,$904,$0,$904,$0,$479,$546,$358,$-14,$344,$130,$214,$214,$214,$402,$358,$528,530,$0.41,$0.40,$10958,$0,$0,$24351,$555,$747,$3004,$508,$4814,$29165,$21806,$1765,$0,$2034,$23840,$6,$5759,$-26,$5325,$29165,$430,$87,$18,$105,$0,$-24,$149,$-23,$102,$637,$-79,$0,$0,$0,$0,$0,$0,$-79,$0,$0,$0,$23,$23,$-190,$-15,$-182,$376,$18,$-190
7,2016-12-31,42.4,$9.85,4.31,$6.34,6.69,$5.97,7.1,$1.59,26.67,$25.13B,$21.58B,1.16,$1.77B,$5.20B,0.34,$3.37B,$3.37B,100.00%,$3.37B,$1.33B,39.36%,$3.37B,$1.33B,39.36%,$3.37B,$1.51B,44.61%,$3.37B,$1.27B,37.73%,$3.37B,$0.85B,25.07%,$0.85B,$5.20B,16.84%,$0.85B,$2.18B,42.92%,$0.85B,$28.83B,3.02%,$1.33B,$6.97B,19.44%,$859,$0,$859,$0,$439,$506,$353,$-14,$339,$123,$216,$216,$216,$396,$353,$527,530,$0.41,$0.41,$11672,$177,$0,$25126,$531,$0,$3023,$154,$3708,$28834,$21582,$1769,$0,$2053,$23635,$6,$5640,$-27,$5199,$28834,$216,$43,$18,$61,$119,$-380,$-76,$-21,$-358,$-81,$-29,$0,$0,$0,$0,$0,$0,$-29,$0,$0,$0,$12,$12,$-95,$0,$-83,$-193,$10,$-95
8,2016-09-30,34.09,$9.60,3.55,$6.22,5.48,$6.38,5.34,$1.57,21.71,$23.98B,$21.67B,1.11,$1.82B,$5.05B,0.36,$3.33B,$3.33B,100.00%,$3.33B,$1.32B,39.62%,$3.33B,$1.32B,39.62%,$3.33B,$1.50B,44.97%,$3.33B,$1.27B,38.02%,$3.33B,$0.84B,25.31%,$0.84B,$5.05B,16.95%,$0.84B,$2.01B,44.46%,$0.84B,$28.82B,3.09%,$1.32B,$6.87B,19.45%,$831,$0,$831,$0,$452,$547,$284,$-14,$270,$85,$185,$185,$185,$329,$284,$531,534,$0.37,$0.36,$10584,$0,$0,$23981,$526,$757,$3042,$512,$4837,$28818,$21669,$1817,$0,$2098,$23767,$6,$5518,$-22,$5051,$28818,$842,$178,$47,$225,$469,$-2330,$2295,$-17,$417,$1484,$-105,$0,$0,$-1,$-757,$-758,$0,$-863,$0,$0,$0,$-352,$-352,$-362,$-30,$-744,$-123,$34,$-362
9,2016-06-30,27.39,$9.43,2.9,$6.18,4.43,$5.03,5.44,$1.62,16.91,$23.31B,$20.01B,1.16,$1.83B,$4.97B,0.37,$3.33B,$3.33B,100.00%,$3.33B,$1.39B,41.90%,$3.33B,$1.39B,41.90%,$3.33B,$1.57B,47.25%,$3.33B,$1.34B,40.37%,$3.33B,$0.87B,26.24%,$0.87B,$4.97B,17.71%,$0.87B,$1.91B,47.56%,$0.87B,$27.11B,3.28%,$1.39B,$6.80B,20.69%,$838,$0,$838,$0,$425,$490,$348,$-14,$334,$94,$240,$240,$240,$392,$348,$529,531,$0.45,$0.45,$9385,$237,$0,$23305,$531,$0,$3062,$209,$3802,$27107,$20014,$1828,$0,$2121,$22135,$6,$5423,$-23,$4972,$27107,$657,$133,$19,$152,$185,$-571,$646,$-37,$223,$1032,$-78,$0,$0,$-401,$0,$-401,$0,$-479,$0,$0,$0,$-349,$-349,$-272,$7,$-614,$-61,$24,$-272
10,2016-03-31,30.16,$9.21,3.27,$6.06,4.98,$4.30,7.01,$1.53,19.71,$23.34B,$20.18B,1.16,$1.81B,$4.87B,0.37,$3.28B,$3.28B,100.00%,$3.28B,$1.37B,41.76%,$3.28B,$1.37B,41.76%,$3.28B,$1.55B,47.21%,$3.28B,$1.33B,40.45%,$3.28B,$0.83B,25.28%,$0.83B,$4.87B,16.82%,$0.83B,$1.79B,45.64%,$0.83B,$27.15B,3.18%,$1.37B,$6.69B,20.35%,$846,$0,$846,$0,$439,$503,$343,$-13,$330,$125,$205,$205,$205,$388,$343,$533,535,$0.38,$0.38,$10209,$165,$0,$23337,$535,$0,$3083,$199,$3817,$27154,$20183,$1814,$0,$2099,$22282,$6,$5273,$-24,$4872,$27154,$417,$89,$0,$89,$906,$-1168,$813,$-36,$515,$1021,$-58,$0,$0,$-1,$0,$-1,$0,$-59,$0,$0,$0,$-298,$-298,$-182,$16,$-464,$498,$16,$-182
11,2015-12-31,32.99,$9.26,3.56,$5.94,5.55,$2.55,12.95,$1.50,22.0,$21.68B,$18.71B,1.16,$1.78B,$4.97B,0.36,$3.24B,$3.24B,100.00%,$3.24B,$1.32B,40.86%,$3.24B,$1.32B,40.86%,$3.24B,$1.50B,46.39%,$3.24B,$1.29B,39.66%,$3.24B,$0.81B,25.12%,$0.81B,$4.97B,16.49%,$0.81B,$1.87B,45.31%,$0.81B,$25.77B,3.21%,$1.32B,$6.76B,19.61%,$812,$0,$812,$0,$405,$469,$343,$-12,$331,$119,$212,$212,$212,$387,$343,$537,540,$0.39,$0.39,$7979,$0,$0,$21680,$542,$0,$3106,$438,$4086,$25766,$18709,$1783,$0,$2083,$20792,$6,$5159,$-24,$4974,$25766,$212,$44,$8,$52,$168,$427,$-662,$-46,$-113,$151,$-43,$0,$0,$-201,$0,$-201,$0,$-244,$0,$0,$0,$-38,$-38,$-91,$-21,$-150,$-243,$9,$-91
12,2015-09-30,30.13,$9.13,3.3,$5.93,5.08,$3.54,8.52,$1.50,20.08,$22.15B,$19.39B,1.14,$1.80B,$4.90B,0.37,$3.25B,$3.25B,100.00%,$3.25B,$1.33B,40.81%,$3.25B,$1.33B,40.81%,$3.25B,$1.51B,46.38%,$3.25B,$1.29B,39.67%,$3.25B,$0.81B,25.04%,$0.81B,$4.90B,16.65%,$0.81B,$1.78B,47.25%,$0.81B,$26.38B,3.27%,$1.33B,$6.70B,20.29%,$831,$0,$831,$0,$400,$471,$360,$-12,$348,$132,$216,$216,$216,$405,$360,$543,547,$0.40,$0.39,$8283,$0,$0,$22152,$521,$0,$3128,$574,$4223,$26375,$19385,$1800,$0,$2087,$21472,$6,$5038,$-25,$4903,$26375,$813,$181,$1,$182,$-876,$-1281,$1863,$45,$-249,$746,$-71,$0,$0,$8,$0,$8,$3,$-60,$679,$-150,$529,$-372,$-372,$-326,$1,$-168,$518,$36,$-326
13,2015-06-30,34.7,$9.20,3.77,$5.85,5.93,$3.89,8.92,$1.48,23.44,$21.33B,$18.06B,1.18,$1.81B,$4.99B,0.36,$3.21B,$3.21B,100.00%,$3.21B,$1.30B,40.60%,$3.21B,$1.30B,40.60%,$3.21B,$1.49B,46.26%,$3.21B,$1.28B,39.91%,$3.21B,$0.81B,25.16%,$0.81B,$4.99B,16.68%,$0.81B,$1.84B,48.69%,$0.81B,$25.16B,3.34%,$1.30B,$6.80B,20.65%,$794,$0,$794,$0,$406,$469,$325,$-6,$319,$122,$197,$197,$197,$370,$325,$544,547,$0.36,$0.36,$6658,$412,$0,$21330,$531,$0,$3151,$147,$3829,$25159,$18058,$1810,$0,$2108,$20166,$6,$4904,$-26,$4993,$25159,$597,$136,$-2,$134,$-1259,$612,$533,$33,$-88,$643,$-58,$0,$0,$8,$0,$8,$3,$-47,$704,$-150,$554,$-10,$-10,$-244,$-123,$177,$773,$27,$-244
14,2015-03-31,34.97,$8.98,3.9,$5.77,6.06,$3.90,8.97,$1.46,23.95,$20.22B,$17.05B,1.19,$1.86B,$4.87B,0.38,$3.18B,$3.18B,100.00%,$3.18B,$1.30B,40.71%,$3.18B,$1.30B,40.71%,$3.18B,$1.48B,46.46%,$3.18B,$1.27B,40.02%,$3.18B,$0.80B,25.18%,$0.80B,$4.87B,16.79%,$0.80B,$1.70B,51.23%,$0.80B,$24.10B,3.36%,$1.30B,$6.74B,21.41%,$803,$0,$803,$0,$437,$507,$296,$-9,$287,$98,$189,$189,$189,$341,$296,$544,547,$0.35,$0.35,$6028,$531,$0,$20223,$534,$0,$3173,$166,$3873,$24096,$17050,$1864,$0,$2172,$19222,$6,$4789,$-26,$4874,$24096,$401,$91,$5,$96,$-670,$675,$-478,$38,$-435,$62,$-38,$0,$0,$-501,$1,$-500,$3,$-535,$734,$-150,$584,$-109,$-109,$-163,$-19,$293,$-180,$19,$-163
15,2014-12-31,33.43,$8.77,3.81,$5.77,5.8,$4.12,8.11,$1.46,22.9,$19.50B,$17.63B,1.11,$1.11B,$4.76B,0.23,$3.19B,$3.19B,100.00%,$3.19B,$1.32B,41.44%,$3.19B,$1.32B,41.44%,$3.19B,$1.51B,47.21%,$3.19B,$1.30B,40.85%,$3.19B,$0.81B,25.27%,$0.81B,$4.76B,17.08%,$0.81B,$1.57B,54.12%,$0.81B,$23.82B,3.42%,$1.32B,$5.87B,22.83%,$819,$0,$819,$0,$407,$475,$344,$-10,$334,$123,$211,$211,$211,$390,$344,$544,548,$0.39,$0.39,$6408,$0,$0,$19497,$540,$0,$3195,$583,$4318,$23815,$17631,$1112,$0,$1424,$19055,$6,$4681,$-27,$4760,$23815,$211,$46,$0,$46,$-96,$476,$-7,$42,$415,$672,$-21,$0,$0,$0,$1,$1,$3,$-17,$0,$-37,$-37,$-107,$-107,$-82,$-12,$-238,$417,$9,$-82
16,2014-09-30,31.04,$8.71,3.56,$5.63,5.52,$3.71,8.37,$1.42,21.86,$19.57B,$17.67B,1.11,$1.10B,$4.75B,0.23,$3.12B,$3.12B,100.00%,$3.12B,$1.29B,41.15%,$3.12B,$1.29B,41.15%,$3.12B,$1.47B,47.07%,$3.12B,$1.27B,40.67%,$3.12B,$0.79B,25.20%,$0.79B,$4.75B,16.89%,$0.79B,$1.53B,55.87%,$0.79B,$23.83B,3.39%,$1.29B,$5.85B,22.48%,$796,$0,$796,$0,$384,$457,$339,$3,$342,$131,$211,$211,$211,$385,$339,$550,554,$0.39,$0.38,$6576,$0,$0,$19569,$543,$0,$3218,$499,$4260,$23829,$17668,$1099,$0,$1413,$19081,$6,$4551,$-18,$4748,$23829,$787,$185,$-12,$173,$-2406,$768,$1742,$-39,$65,$1025,$-144,$0,$0,$12,$13,$25,$2,$-117,$69,$150,$219,$-199,$-199,$-540,$10,$-510,$398,$32,$-540
17,2014-06-30,29.05,$8.56,3.4,$5.47,5.31,$3.19,9.11,$1.40,20.75,$19.31B,$17.50B,1.1,$1.04B,$4.70B,0.22,$3.04B,$3.04B,100.00%,$3.04B,$1.23B,40.38%,$3.04B,$1.23B,40.38%,$3.04B,$1.41B,46.48%,$3.04B,$1.25B,41.17%,$3.04B,$0.78B,25.56%,$0.78B,$4.70B,16.72%,$0.78B,$1.46B,56.71%,$0.78B,$23.58B,3.42%,$1.23B,$5.74B,21.56%,$763,$0,$763,$0,$382,$447,$316,$-6,$310,$120,$190,$190,$190,$362,$316,$551,555,$0.34,$0.34,$6518,$0,$0,$19308,$479,$0,$3240,$552,$4271,$23579,$17502,$1041,$0,$1379,$18881,$6,$4406,$-15,$4698,$23579,$576,$139,$10,$149,$-2203,$588,$1582,$-40,$-73,$652,$-54,$0,$0,$0,$13,$13,$1,$-40,$0,$150,$150,$-99,$-99,$-474,$9,$-414,$198,$24,$-474
18,2014-03-31,31.34,$8.47,3.7,$5.40,5.8,$2.88,10.88,$1.39,22.55,$19.17B,$17.03B,1.13,$1.04B,$4.67B,0.22,$3.00B,$3.00B,100.00%,$3.00B,$1.21B,40.29%,$3.00B,$1.21B,40.29%,$3.00B,$1.39B,46.43%,$3.00B,$1.24B,41.29%,$3.00B,$0.77B,25.68%,$0.77B,$4.67B,16.72%,$0.77B,$1.40B,58.83%,$0.77B,$23.09B,3.49%,$1.21B,$5.71B,21.37%,$812,$0,$812,$0,$426,$489,$323,$-6,$317,$123,$194,$194,$194,$369,$323,$551,556,$0.35,$0.35,$6149,$391,$0,$19172,$486,$0,$3263,$166,$3915,$23087,$17029,$1040,$0,$1391,$18420,$6,$4282,$-6,$4667,$23087,$386,$93,$9,$102,$-2044,$610,$1157,$-25,$-302,$186,$-37,$0,$0,$0,$13,$13,$1,$-23,$0,$115,$115,$-7,$-7,$-408,$8,$-292,$-129,$16,$-408
19,2013-12-31,28.18,$8.22,3.43,$5.17,5.45,$3.64,7.74,$1.30,21.67,$18.31B,$16.29B,1.12,$1.04B,$4.53B,0.23,$2.87B,$2.87B,100.00%,$2.87B,$1.12B,39.16%,$2.87B,$1.12B,39.16%,$2.87B,$1.30B,45.48%,$2.87B,$1.15B,40.21%,$2.87B,$0.72B,25.13%,$0.72B,$4.53B,15.85%,$0.72B,$1.24B,58.91%,$0.72B,$22.24B,3.36%,$1.12B,$5.57B,20.04%,$752,$0,$752,$0,$379,$445,$307,$-6,$301,$109,$192,$192,$192,$354,$307,$551,555,$0.35,$0.35,$6648,$362,$0,$18306,$497,$0,$3285,$148,$3930,$22236,$16291,$1041,$0,$1417,$17708,$6,$4154,$0,$4528,$22236,$192,$47,$15,$62,$-710,$516,$398,$-6,$198,$452,$-24,$0,$0,$13,$0,$13,$0,$-11,$0,$155,$155,$-12,$-12,$-342,$5,$-194,$247,$8,$-342
20,2013-09-30,23.56,$8.50,2.77,$5.00,4.72,$4.82,4.89,$1.22,19.31,$17.87B,$15.76B,1.13,$1.05B,$4.68B,0.23,$2.76B,$2.76B,100.00%,$2.76B,$1.06B,38.21%,$2.76B,$1.06B,38.21%,$2.76B,$1.23B,44.61%,$2.76B,$1.09B,39.36%,$2.76B,$0.68B,24.42%,$0.68B,$4.68B,15.07%,$0.68B,$1.37B,59.37%,$0.68B,$21.84B,3.19%,$1.06B,$5.73B,19.03%,$709,$0,$709,$0,$362,$429,$280,$42,$322,$122,$200,$200,$200,$326,$280,$549,554,$0.37,$0.36,$6956,$323,$0,$17865,$497,$0,$3308,$166,$3971,$21836,$15756,$1052,$0,$1404,$17160,$6,$4304,$0,$4676,$21836,$675,$177,$-40,$137,$-626,$-1844,$2393,$4,$-73,$739,$-144,$0,$0,$238,$0,$238,$2,$96,$-255,$0,$-255,$14,$14,$-471,$24,$-688,$147,$29,$-471
21,2013-06-30,21.79,$8.27,2.63,$4.89,4.46,$4.48,4.87,$1.12,19.45,$17.09B,$15.20B,1.12,$1.06B,$4.55B,0.23,$2.70B,$2.70B,100.00%,$2.70B,$1.01B,37.33%,$2.70B,$1.01B,37.33%,$2.70B,$1.18B,43.73%,$2.70B,$0.99B,36.70%,$2.70B,$0.62B,22.86%,$0.62B,$4.55B,13.99%,$0.62B,$1.22B,58.77%,$0.62B,$21.18B,3.01%,$1.01B,$5.61B,18.14%,$725,$0,$725,$0,$368,$427,$298,$0,$298,$114,$184,$184,$184,$343,$298,$550,554,$0.33,$0.33,$6746,$348,$0,$17094,$503,$93,$3331,$161,$4089,$21183,$15202,$1056,$0,$1430,$16632,$6,$4153,$0,$4551,$21183,$474,$131,$2,$133,$-38,$-1754,$1756,$-21,$-57,$550,$-124,$0,$0,$161,$0,$161,$1,$38,$-252,$95,$-157,$14,$14,$-421,$24,$-540,$48,$22,$-421
22,2013-03-31,18.41,$8.02,2.3,$4.78,3.85,$4.18,4.41,$1.07,17.21,$16.02B,$14.65B,1.09,$1.08B,$4.41B,0.25,$2.65B,$2.65B,100.00%,$2.65B,$0.97B,36.48%,$2.65B,$0.97B,36.48%,$2.65B,$1.13B,42.87%,$2.65B,$0.94B,35.58%,$2.65B,$0.59B,22.23%,$0.59B,$4.41B,13.47%,$0.59B,$1.06B,60.25%,$0.59B,$20.52B,2.94%,$0.97B,$5.50B,17.29%,$679,$0,$679,$0,$383,$442,$237,$-6,$231,$87,$144,$144,$144,$280,$237,$549,554,$0.26,$0.26,$5606,$0,$0,$16020,$494,$97,$3354,$553,$4500,$20520,$14647,$1083,$0,$1461,$16108,$6,$4019,$35,$4412,$20520,$291,$86,$2,$88,$-453,$-374,$1126,$-18,$281,$660,$-92,$0,$0,$150,$3,$153,$1,$62,$-251,$165,$-86,$15,$15,$-372,$24,$-419,$303,$15,$-372
23,2012-12-31,14.94,$7.82,1.91,$4.77,3.13,$3.55,4.21,$1.06,14.09,$16.58B,$15.27B,1.09,$1.09B,$4.28B,0.26,$2.64B,$2.64B,100.00%,$2.64B,$0.95B,35.88%,$2.64B,$0.95B,35.88%,$2.64B,$1.11B,42.21%,$2.64B,$0.92B,34.94%,$2.64B,$0.58B,22.02%,$0.58B,$4.28B,13.44%,$0.58B,$0.90B,63.71%,$0.58B,$21.02B,2.89%,$0.95B,$5.37B,16.90%,$651,$0,$651,$0,$345,$410,$241,$-4,$237,$90,$147,$147,$147,$284,$241,$546,551,$0.27,$0.27,$6538,$0,$0,$16575,$469,$91,$3376,$505,$4443,$21018,$15267,$1091,$0,$1473,$16740,$6,$3924,$31,$4278,$21018,$147,$43,$19,$62,$-75,$-620,$1617,$-11,$911,$1120,$-46,$0,$0,$150,$3,$153,$0,$107,$-251,$275,$24,$2,$2,$-323,$7,$-290,$937,$7,$-323
24,2012-09-30,13.19,$8.12,1.62,$4.77,2.77,$1.65,7.98,$1.06,12.44,$15.40B,$13.36B,1.15,$1.35B,$4.43B,0.31,$2.64B,$2.64B,100.00%,$2.64B,$0.93B,35.37%,$2.64B,$0.93B,35.37%,$2.64B,$1.10B,41.58%,$2.64B,$0.91B,34.31%,$2.64B,$0.59B,22.19%,$0.59B,$4.43B,13.67%,$0.59B,$1.03B,68.62%,$0.59B,$19.51B,2.95%,$0.93B,$5.78B,16.58%,$648,$0,$648,$0,$352,$415,$233,$-7,$226,$83,$143,$143,$143,$275,$233,$548,554,$0.26,$0.26,$5099,$343,$0,$15402,$444,$70,$3399,$196,$4111,$19513,$13356,$1350,$0,$1732,$15088,$6,$4100,$0,$4425,$19513,$586,$164,$45,$209,$-859,$-1407,$2063,$0,$-203,$592,$-186,$0,$0,$-151,$-42,$-193,$2,$-377,$-6,$0,$-6,$-203,$-203,$-132,$9,$-332,$-117,$41,$-132
25,2012-06-30,14.54,$7.94,1.83,$4.82,3.02,$2.03,7.18,$1.09,13.34,$14.56B,$12.87B,1.13,$1.35B,$4.34B,0.31,$2.70B,$2.70B,100.00%,$2.70B,$0.95B,35.26%,$2.70B,$0.95B,35.26%,$2.70B,$1.12B,41.34%,$2.70B,$0.94B,35.00%,$2.70B,$0.61B,22.51%,$0.61B,$4.34B,14.42%,$0.61B,$0.92B,80.53%,$0.61B,$18.91B,3.15%,$0.95B,$5.69B,17.12%,$667,$0,$667,$0,$353,$413,$254,$-7,$247,$93,$154,$154,$154,$295,$254,$548,553,$0.28,$0.28,$4586,$0,$0,$14556,$401,$0,$3422,$532,$4358,$18914,$12871,$1348,$0,$1702,$14574,$6,$3989,$0,$4340,$18914,$442,$122,$38,$160,$-868,$-927,$1578,$-4,$-221,$381,$-121,$0,$0,$-126,$0,$-126,$1,$-246,$-4,$0,$-4,$-172,$-172,$-99,$18,$-257,$-122,$35,$-99
26,2012-03-31,16.83,$7.74,2.17,$4.80,3.5,$2.76,6.09,$1.08,15.58,$16.71B,$15.13B,1.1,$1.34B,$4.25B,0.31,$2.72B,$2.72B,100.00%,$2.72B,$0.96B,35.36%,$2.72B,$0.96B,35.36%,$2.72B,$1.12B,41.40%,$2.72B,$0.95B,35.03%,$2.72B,$0.61B,22.47%,$0.61B,$4.25B,14.63%,$0.61B,$0.80B,88.53%,$0.61B,$21.08B,3.30%,$0.96B,$5.58B,17.45%,$673,$0,$673,$0,$390,$454,$219,$-7,$212,$75,$137,$137,$137,$260,$219,$549,554,$0.25,$0.25,$6555,$0,$0,$16709,$375,$0,$3445,$546,$4370,$21079,$15133,$1336,$0,$1698,$16832,$6,$3869,$0,$4247,$21079,$289,$81,$31,$112,$-1052,$-2884,$3833,$0,$-103,$298,$-77,$0,$0,$-50,$0,$-50,$1,$-126,$-2,$0,$-2,$-125,$-125,$-66,$15,$-178,$-6,$18,$-66
27,2011-12-31,13.29,$7.55,1.76,$4.83,2.75,$2.91,4.57,$1.13,11.76,$15.69B,$14.24B,1.1,$1.34B,$4.14B,0.33,$2.76B,$2.76B,100.00%,$2.76B,$1.02B,37.10%,$2.76B,$1.02B,37.10%,$2.76B,$1.19B,43.04%,$2.76B,$1.01B,36.74%,$2.76B,$0.65B,23.37%,$0.65B,$4.14B,15.58%,$0.65B,$0.67B,101.34%,$0.65B,$20.08B,3.76%,$1.02B,$5.48B,18.74%,$653,$0,$653,$0,$361,$425,$228,$-7,$221,$69,$152,$152,$152,$268,$228,$550,555,$0.28,$0.27,$6989,$0,$0,$15690,$352,$0,$3468,$567,$4390,$20080,$14243,$1343,$0,$1699,$15942,$6,$3765,$0,$4138,$20080,$152,$40,$16,$56,$402,$-3480,$2933,$-7,$-152,$56,$-28,$0,$0,$0,$0,$0,$0,$-28,$-2,$0,$-2,$-115,$-115,$-33,$8,$-142,$-114,$10,$-33
28,2011-09-30,12.45,$7.43,1.68,$4.78,2.61,$2.95,4.22,$1.11,11.21,$13.10B,$11.28B,1.16,$1.35B,$4.12B,0.33,$2.76B,$2.76B,100.00%,$2.76B,$1.05B,37.93%,$2.76B,$1.05B,37.93%,$2.76B,$1.21B,43.90%,$2.76B,$1.02B,36.77%,$2.76B,$0.64B,23.09%,$0.64B,$4.12B,15.52%,$0.64B,$0.63B,109.48%,$0.64B,$17.13B,4.01%,$1.05B,$5.46B,19.33%,$704,$0,$704,$0,$361,$454,$250,$14,$264,$100,$164,$164,$164,$292,$250,$570,576,$0.29,$0.29,$3555,$447,$0,$13103,$341,$0,$3491,$186,$4023,$17126,$11278,$1348,$0,$1732,$13010,$6,$3646,$0,$4116,$17126,$638,$164,$43,$207,$-338,$-1754,$2064,$-27,$-55,$790,$-153,$0,$5,$0,$-2,$-2,$-2,$-152,$-14,$0,$-14,$-227,$-227,$-114,$8,$-347,$291,$35,$-114
29,2011-06-30,16.46,$7.36,2.24,$4.58,3.59,$2.68,6.14,$1.02,16.14,$11.65B,$9.87B,1.18,$1.30B,$4.18B,0.31,$2.67B,$2.67B,100.00%,$2.67B,$0.98B,36.63%,$2.67B,$0.98B,36.63%,$2.67B,$1.14B,42.74%,$2.67B,$0.94B,35.17%,$2.67B,$0.59B,22.05%,$0.59B,$4.18B,14.61%,$0.59B,$0.66B,124.64%,$0.59B,$15.69B,3.84%,$0.98B,$5.48B,18.33%,$685,$0,$685,$0,$346,$422,$263,$-8,$254,$97,$157,$157,$157,$304,$263,$570,577,$0.28,$0.27,$1704,$0,$0,$11648,$315,$0,$3516,$207,$4042,$15691,$9866,$1303,$0,$1650,$11516,$6,$3510,$0,$4175,$15691,$474,$122,$42,$165,$-1180,$769,$605,$-25,$169,$807,$-110,$0,$5,$0,$-5,$-5,$-3,$-113,$-12,$0,$-12,$-22,$-22,$-86,$8,$-113,$582,$26,$-86
30,2011-03-31,17.57,$7.22,2.43,$4.56,3.85,$1.95,9.03,$1.05,16.74,$11.66B,$9.98B,1.17,$1.30B,$4.13B,0.31,$2.67B,$2.67B,100.00%,$2.67B,$1.01B,37.92%,$2.67B,$1.01B,37.92%,$2.67B,$1.18B,43.98%,$2.67B,$0.97B,36.39%,$2.67B,$0.61B,22.81%,$0.61B,$4.13B,15.49%,$0.61B,$0.59B,168.98%,$0.61B,$15.76B,4.10%,$1.01B,$5.43B,19.33%,$718,$0,$718,$0,$377,$435,$283,$-7,$275,$104,$172,$172,$172,$324,$283,$573,579,$0.30,$0.30,$1085,$0,$0,$11660,$306,$0,$3540,$242,$4098,$15757,$9980,$1297,$0,$1645,$11626,$6,$3382,$0,$4131,$15757,$317,$81,$14,$95,$-1814,$1098,$711,$-24,$-28,$384,$-69,$0,$5,$0,$0,$0,$1,$-64,$-8,$0,$-8,$75,$75,$-57,$9,$19,$340,$16,$-57
31,2010-12-31,15.95,$7.01,2.28,$4.39,3.64,$1.67,9.56,$1.02,15.64,$10.85B,$9.36B,1.16,$1.30B,$4.02B,0.32,$2.59B,$2.59B,100.00%,$2.59B,$0.96B,36.97%,$2.59B,$0.96B,36.97%,$2.59B,$1.12B,43.15%,$2.59B,$0.92B,35.31%,$2.59B,$0.60B,23.20%,$0.60B,$4.02B,15.51%,$0.60B,$0.46B,220.15%,$0.60B,$15.03B,4.08%,$0.96B,$5.32B,18.49%,$656,$0,$656,$0,$363,$404,$252,$-29,$223,$78,$145,$145,$145,$293,$252,$575,581,$0.25,$0.25,$1424,$0,$0,$10852,$286,$0,$3564,$321,$4180,$15033,$9361,$1302,$0,$1652,$11013,$6,$3239,$0,$4019,$15033,$145,$41,$11,$52,$-667,$486,$83,$-13,$-112,$85,$-30,$0,$5,$0,$0,$0,$0,$-25,$-2,$0,$-2,$118,$118,$-29,$5,$92,$152,$9,$-29
32,2010-09-30,13.52,$6.55,2.07,$4.31,3.14,$2.02,6.7,$1.00,13.52,$10.71B,$9.22B,1.16,$1.32B,$3.77B,0.35,$2.56B,$2.56B,100.00%,$2.56B,$0.96B,37.66%,$2.56B,$0.96B,37.66%,$2.56B,$1.12B,43.87%,$2.56B,$0.91B,35.63%,$2.56B,$0.59B,23.13%,$0.59B,$3.77B,15.59%,$0.59B,$0.18B,351.34%,$0.59B,$14.73B,3.80%,$0.96B,$5.10B,18.91%,$608,$0,$608,$0,$342,$429,$179,$7,$186,$72,$114,$114,$114,$219,$179,$585,592,$0.19,$0.20,$1736,$217,$0,$10714,$272,$0,$3591,$140,$4013,$14727,$9224,$1323,$0,$1731,$10955,$6,$3122,$0,$3772,$14727,$592,$157,$173,$330,$-1104,$4636,$-3858,$-11,$-337,$585,$-91,$0,$0,$49,$0,$49,$0,$-42,$-176,$0,$-176,$-422,$-422,$0,$5,$-593,$-50,$34,$0
33,2010-06-30,12.81,$6.64,1.93,$4.40,2.91,$2.06,6.22,$1.06,12.09,$9.66B,$8.45B,1.14,$1.30B,$3.83B,0.34,$2.61B,$2.61B,100.00%,$2.61B,$1.09B,41.57%,$2.61B,$1.09B,41.57%,$2.61B,$1.24B,47.62%,$2.61B,$0.98B,37.59%,$2.61B,$0.64B,24.33%,$0.64B,$3.83B,16.97%,$0.64B,$0.22B,731.99%,$0.64B,$13.93B,3.85%,$1.09B,$5.14B,21.39%,$692,$0,$692,$0,$325,$392,$300,$-11,$289,$110,$179,$179,$179,$340,$300,$587,594,$0.31,$0.30,$1208,$0,$0,$9663,$261,$0,$3616,$381,$4269,$13932,$8446,$1304,$0,$1654,$10100,$6,$3008,$-0,$3832,$13932,$478,$117,$172,$289,$-799,$5099,$-4712,$-12,$-425,$343,$-61,$0,$0,$51,$0,$51,$-0,$-10,$-174,$0,$-174,$-236,$-236,$0,$3,$-408,$-75,$25,$0
34,2010-03-31,15.96,$6.58,2.43,$4.31,3.71,$3.07,5.2,$1.06,15.06,$10.88B,$9.65B,1.13,$1.29B,$3.88B,0.33,$2.53B,$2.53B,100.00%,$2.53B,$1.09B,43.05%,$2.53B,$1.09B,43.05%,$2.53B,$1.24B,48.82%,$2.53B,$0.97B,38.39%,$2.53B,$0.63B,24.76%,$0.63B,$3.88B,17.28%,$0.63B,$0.24B,-1211.59%,$0.63B,$15.19B,3.62%,$1.09B,$5.17B,21.83%,$635,$0,$635,$0,$351,$408,$227,$-11,$217,$54,$163,$163,$163,$266,$227,$590,596,$0.28,$0.27,$2384,$0,$0,$10877,$252,$0,$3640,$407,$4313,$15190,$9647,$1294,$0,$1663,$11310,$6,$2829,$-0,$3880,$15190,$299,$78,$191,$268,$-837,$3994,$-3519,$-8,$-370,$197,$-38,$0,$0,$51,$0,$51,$-0,$13,$-169,$0,$-169,$4,$4,$0,$-2,$-168,$42,$18,$0
35,2009-12-31,16.23,$6.29,2.58,$4.15,3.91,$3.82,4.24,$1.02,15.91,$14.15B,$13.23B,1.07,$1.28B,$3.71B,0.35,$2.42B,$2.42B,100.00%,$2.42B,$1.10B,45.58%,$2.42B,$1.10B,45.58%,$2.42B,$1.24B,51.07%,$2.42B,$0.98B,40.42%,$2.42B,$0.60B,24.61%,$0.60B,$3.71B,17.77%,$0.60B,$0.04B,-375.43%,$0.60B,$18.45B,3.55%,$1.10B,$4.99B,23.22%,$625,$0,$625,$0,$327,$366,$258,$-38,$220,$84,$136,$136,$136,$298,$258,$588,596,$0.23,$0.23,$6515,$0,$0,$14153,$245,$0,$3668,$366,$4294,$18447,$13233,$1282,$0,$1509,$14743,$6,$2666,$-0,$3705,$18447,$136,$39,$44,$83,$19,$-9,$54,$2,$67,$286,$-21,$0,$0,$12,$0,$12,$0,$-9,$-162,$0,$-162,$3,$3,$0,$-5,$-164,$113,$9,$0
36,2009-09-30,16.44,$6.05,2.72,$4.11,4.0,$3.84,4.28,$1.10,14.94,$14.34B,$13.11B,1.09,$1.44B,$3.55B,0.41,$2.41B,$2.41B,100.00%,$2.41B,$1.17B,48.75%,$2.41B,$1.17B,48.75%,$2.41B,$1.29B,53.74%,$2.41B,$1.06B,44.02%,$2.41B,$0.64B,26.74%,$0.64B,$3.55B,20.14%,$0.64B,$-0.15B,-477.92%,$0.64B,$18.37B,4.21%,$1.17B,$5.00B,25.33%,$658,$0,$658,$0,$319,$358,$300,$-46,$255,$98,$157,$157,$157,$339,$300,$579,587,$0.27,$0.26,$6657,$23,$0,$14337,$238,$0,$3697,$82,$4034,$18372,$13111,$1443,$0,$1710,$14821,$6,$2530,$-0,$3551,$18372,$644,$120,$-31,$88,$3769,$-5517,$1612,$6,$-131,$601,$-87,$0,$-180,$0,$12,$12,$317,$62,$-117,$0,$-117,$-438,$-438,$0,$9,$-545,$117,$25,$0
37,2009-06-30,14.7,$5.76,2.55,$4.07,3.61,$4.45,3.3,$1.13,13.01,$13.16B,$12.23B,1.08,$1.44B,$3.38B,0.43,$2.40B,$2.40B,100.00%,$2.40B,$1.23B,51.27%,$2.40B,$1.23B,51.27%,$2.40B,$1.34B,55.73%,$2.40B,$1.08B,45.19%,$2.40B,$0.66B,27.47%,$0.66B,$3.38B,21.67%,$0.66B,$-0.34B,-614.45%,$0.66B,$17.22B,4.48%,$1.23B,$4.81B,27.46%,$614,$0,$614,$0,$280,$309,$305,$-25,$280,$109,$171,$171,$171,$333,$305,$564,572,$0.30,$0.30,$6423,$0,$0,$13163,$193,$10,$3716,$121,$4057,$17220,$12226,$1435,$0,$1616,$13842,$6,$2373,$-0,$3378,$17220,$487,$82,$-59,$22,$4698,$-4961,$656,$-8,$385,$895,$-46,$0,$-180,$317,$3,$320,$-0,$94,$-104,$0,$-104,$-443,$-443,$0,$5,$-543,$446,$18,$0
38,2009-03-31,11.56,$5.01,2.31,$4.03,2.87,$3.77,3.07,$1.17,9.88,$9.84B,$8.84B,1.11,$1.44B,$2.78B,0.52,$2.41B,$2.41B,100.00%,$2.41B,$1.28B,52.97%,$2.41B,$1.28B,52.97%,$2.41B,$1.38B,57.29%,$2.41B,$1.13B,46.99%,$2.41B,$0.69B,28.73%,$0.69B,$2.78B,23.99%,$0.69B,$-0.19B,-881.53%,$0.69B,$13.11B,4.52%,$1.28B,$4.22B,29.49%,$525,$0,$525,$0,$258,$284,$241,$-17,$224,$92,$132,$132,$132,$267,$241,$574,581,$0.23,$0.23,$4130,$0,$0,$9838,$159,$11,$2971,$111,$3276,$13114,$8840,$1436,$0,$1491,$10331,$6,$2203,$-2,$2784,$13114,$316,$53,$-105,$-52,$5673,$-2687,$-2620,$-12,$354,$618,$-25,$0,$0,$290,$1,$292,$-0,$266,$-21,$0,$-21,$-465,$-465,$0,$1,$-485,$399,$12,$0
39,2008-12-31,11.93,$5.22,2.29,$4.16,2.87,$3.28,3.64,$1.25,9.55,$9.23B,$7.94B,1.16,$1.44B,$3.08B,0.47,$2.51B,$2.51B,100.00%,$2.51B,$1.37B,54.81%,$2.51B,$1.37B,54.81%,$2.51B,$1.48B,58.88%,$2.51B,$1.21B,48.19%,$2.51B,$0.75B,29.80%,$0.75B,$3.08B,26.43%,$0.75B,$0.13B,-532.62%,$0.75B,$12.50B,4.54%,$1.37B,$4.51B,32.13%,$611,$0,$611,$0,$256,$283,$328,$-27,$301,$116,$184,$184,$184,$355,$328,$592,601,$0.31,$0.31,$3141,$0,$0,$9234,$154,$12,$2945,$126,$3261,$12495,$7942,$1435,$0,$1476,$9417,$6,$2071,$-2,$3078,$12495,$184,$27,$-125,$-98,$5287,$-1605,$-3471,$-8,$203,$289,$-13,$0,$0,$251,$0,$251,$0,$238,$-10,$0,$-10,$-37,$-37,$0,$0,$-47,$480,$6,$0
40,2008-09-30,13.96,$4.93,2.83,$4.21,3.32,$2.84,4.91,$1.34,10.42,$12.74B,$11.41B,1.12,$1.45B,$2.93B,0.49,$2.54B,$2.54B,100.00%,$2.54B,$1.44B,56.78%,$2.54B,$1.44B,56.78%,$2.54B,$1.54B,60.56%,$2.54B,$1.26B,49.80%,$2.54B,$0.80B,31.68%,$0.80B,$2.93B,30.30%,$0.80B,$-0.04B,-300.56%,$0.80B,$15.95B,4.45%,$1.44B,$4.37B,35.03%,$649,$0,$649,$0,$268,$294,$356,$-77,$279,$107,$172,$172,$172,$382,$356,$594,603,$0.30,$0.28,$1303,$61,$0,$12744,$153,$13,$2961,$64,$3207,$15952,$11414,$1445,$0,$1613,$13026,$6,$1886,$-1,$2925,$15952,$804,$96,$-45,$51,$3279,$-303,$-2819,$-17,$141,$995,$-99,$0,$349,$196,$5,$202,$0,$452,$-37,$0,$-37,$-65,$-65,$0,$-1084,$-1187,$260,$24,$0
41,2008-06-30,15.15,$4.64,3.27,$4.07,3.72,$2.21,6.86,$1.38,10.98,$16.48B,$15.31B,1.08,$1.46B,$2.75B,0.53,$2.46B,$2.46B,100.00%,$2.46B,$1.44B,58.48%,$2.46B,$1.44B,58.48%,$2.46B,$1.53B,62.13%,$2.46B,$1.30B,52.60%,$2.46B,$0.83B,33.77%,$0.83B,$2.75B,33.80%,$0.83B,$-0.22B,-201.70%,$0.83B,$19.69B,4.47%,$1.44B,$4.20B,36.67%,$624,$0,$624,$0,$248,$273,$351,$-22,$328,$124,$204,$204,$204,$376,$351,$593,602,$0.34,$0.34,$1954,$0,$0,$16482,$145,$13,$2973,$80,$3212,$19694,$15314,$1455,$0,$1630,$16944,$6,$1714,$-0,$2750,$19694,$632,$70,$-48,$22,$132,$-17,$-184,$-22,$-91,$563,$-77,$0,$352,$566,$5,$571,$0,$846,$-27,$0,$-27,$-61,$-61,$0,$195,$106,$1515,$20,$0
42,2008-03-31,13.83,$4.30,3.21,$3.93,3.52,$1.97,7.03,$1.30,10.64,$14.52B,$13.55B,1.07,$1.47B,$2.55B,0.57,$2.38B,$2.38B,100.00%,$2.38B,$1.37B,57.64%,$2.38B,$1.37B,57.64%,$2.38B,$1.46B,61.21%,$2.38B,$1.22B,51.34%,$2.38B,$0.79B,33.04%,$0.79B,$2.55B,34.70%,$0.79B,$-0.44B,-141.10%,$0.79B,$17.74B,4.26%,$1.37B,$4.02B,36.66%,$623,$0,$623,$0,$260,$284,$339,$-39,$300,$113,$187,$187,$187,$363,$339,$594,603,$0.31,$0.31,$1769,$0,$0,$14516,$137,$15,$2988,$79,$3219,$17735,$13548,$1465,$0,$1634,$15182,$6,$1510,$0,$2553,$17735,$428,$45,$-63,$-18,$1914,$9,$-1943,$-15,$-35,$374,$-59,$0,$351,$566,$4,$570,$0,$862,$-17,$0,$-17,$-46,$-46,$0,$182,$119,$1356,$13,$0
43,2007-12-31,16.8,$4.01,4.19,$3.76,4.46,$2.01,8.38,$1.22,13.77,$15.80B,$14.80B,1.07,$1.48B,$2.39B,0.62,$2.28B,$2.28B,100.00%,$2.28B,$1.30B,57.01%,$2.28B,$1.30B,57.01%,$2.28B,$1.38B,60.51%,$2.28B,$1.15B,50.48%,$2.28B,$0.74B,32.44%,$0.74B,$2.39B,35.43%,$0.74B,$-0.38B,-108.14%,$0.74B,$18.86B,3.97%,$1.30B,$3.86B,35.89%,$642,$0,$642,$0,$225,$247,$395,$-38,$357,$116,$241,$241,$241,$416,$395,$595,604,$0.40,$0.40,$576,$0,$0,$15799,$96,$5,$2763,$197,$3061,$18859,$14796,$1475,$0,$1677,$16473,$6,$1323,$0,$2387,$18859,$241,$21,$-39,$-17,$-571,$-200,$581,$-5,$-196,$28,$-11,$0,$0,$77,$4,$81,$0,$70,$-7,$0,$-7,$-17,$-17,$0,$7,$-17,$81,$5,$0
44,2007-09-30,15.26,$3.62,4.21,$3.57,4.27,$2.29,6.67,$1.06,14.39,$15.16B,$14.14B,1.07,$1.48B,$2.16B,0.69,$2.18B,$2.18B,100.00%,$2.18B,$1.19B,54.71%,$2.18B,$1.19B,54.71%,$2.18B,$1.27B,58.38%,$2.18B,$1.04B,47.54%,$2.18B,$0.65B,29.67%,$0.65B,$2.16B,33.42%,$0.65B,$-0.62B,-75.96%,$0.65B,$18.09B,3.54%,$1.19B,$3.64B,33.76%,$575,$0,$575,$0,$209,$219,$356,$-45,$311,$111,$200,$200,$200,$376,$356,$599,608,$0.33,$0.33,$491,$17,$0,$15163,$92,$8,$2771,$58,$2930,$18092,$14141,$1482,$0,$1796,$15937,$6,$1087,$1,$2155,$18092,$646,$81,$15,$96,$-3002,$1551,$1281,$7,$-163,$579,$-60,$0,$-1,$-12,$10,$-1,$-0,$-62,$-229,$0,$-229,$-248,$-248,$0,$9,$-467,$50,$18,$0
45,2007-06-30,16.75,$3.31,5.05,$3.51,4.77,$2.27,7.39,$0.94,17.82,$16.27B,$15.44B,1.05,$1.49B,$1.98B,0.75,$2.09B,$2.09B,100.00%,$2.09B,$1.08B,51.75%,$2.09B,$1.08B,51.75%,$2.09B,$1.16B,55.57%,$2.09B,$0.93B,44.29%,$2.09B,$0.57B,27.45%,$0.57B,$1.98B,31.43%,$0.57B,$-0.80B,-59.73%,$0.57B,$19.21B,3.21%,$1.08B,$3.47B,31.11%,$542,$0,$542,$0,$229,$259,$283,$-28,$255,$96,$159,$159,$159,$303,$283,$597,606,$0.27,$0.26,$1692,$0,$0,$16267,$78,$8,$2780,$79,$2944,$19211,$15435,$1489,$0,$1800,$17235,$6,$886,$0,$1976,$19211,$445,$60,$26,$86,$-2923,$216,$2570,$-15,$-152,$380,$-37,$0,$-3,$15,$10,$26,$-0,$-15,$-222,$0,$-222,$-219,$-219,$0,$8,$-433,$-68,$13,$0
46,2007-03-31,12.46,$3.09,4.03,$3.49,3.57,$1.89,6.6,$0.91,13.69,$15.59B,$14.68B,1.06,$1.70B,$1.85B,0.92,$2.09B,$2.09B,100.00%,$2.09B,$1.08B,51.75%,$2.09B,$1.08B,51.75%,$2.09B,$1.16B,55.58%,$2.09B,$0.90B,43.27%,$2.09B,$0.56B,26.57%,$0.56B,$1.85B,31.81%,$0.56B,$-0.95B,-53.51%,$0.56B,$18.53B,2.97%,$1.08B,$3.55B,30.65%,$525,$0,$525,$0,$237,$257,$268,$-38,$230,$89,$141,$141,$141,$287,$268,$599,609,$0.24,$0.23,$900,$0,$0,$15588,$73,$8,$2793,$70,$2944,$18532,$14679,$1696,$0,$2005,$16684,$6,$728,$0,$1848,$18532,$287,$40,$22,$62,$-3037,$1247,$1816,$-7,$19,$368,$-27,$0,$-3,$28,$10,$38,$-0,$7,$-14,$0,$-14,$-178,$-178,$0,$1,$-191,$184,$10,$0
47,2006-12-31,13.55,$2.92,4.64,$3.50,3.87,$1.81,7.47,$0.98,13.83,$14.32B,$13.48B,1.06,$1.71B,$1.75B,0.98,$2.06B,$2.06B,100.00%,$2.06B,$1.05B,50.95%,$2.06B,$1.05B,50.95%,$2.06B,$1.13B,54.68%,$2.06B,$0.96B,46.39%,$2.06B,$0.59B,28.48%,$0.59B,$1.75B,35.68%,$0.59B,$-1.04B,-51.80%,$0.59B,$17.26B,2.97%,$1.05B,$3.46B,30.13%,$535,$0,$535,$0,$230,$251,$284,$-45,$239,$94,$146,$146,$146,$305,$284,$603,613,$0.24,$0.24,$799,$0,$0,$14319,$70,$17,$2790,$65,$2942,$17262,$13484,$1711,$0,$2025,$15509,$6,$586,$3,$1752,$17262,$146,$21,$13,$34,$-1875,$1225,$661,$15,$26,$206,$-17,$0,$-3,$27,$1,$28,$-0,$8,$-7,$0,$-7,$-129,$-129,$0,$-0,$-136,$77,$5,$0
