,Date,Stock Price,Book Value per Share,Price to Book Ratio,TTM Sales per Share,Price to Sales Ratio,TTM FCF per Share,Price to FCF Ratio,TTM Net EPS,PE Ratio,Current Assets,Current Liabilities,Current Ratio,Long Term Debt,Shareholder's Equity_x,Debt to Equity Ratio,TTM Revenue_x,TTM Gross Profit,Gross Margin,TTM Revenue_y,TTM Operating Income,Operating Margin,TTM Revenue_x,TTM EBIT,EBIT Margin,TTM Revenue_y,TTM EBITDA,EBITDA Margin,TTM Revenue_x,TTM Pre-Tax Income,Pre-Tax Margin,TTM Revenue_y,TTM Net Income_x,Net Margin,TTM Net Income_y,Shareholder's Equity_y,Return on Equity,TTM Net Income_x,Tangible Equity,Return on Tangible Equity,TTM Net Income_y,Total Assets,Return on Assets,TTM Net Income,LT Investments & Debt,Return on Investment,revenue,cost-goods-sold,gross-profit,research-development-expenses,selling-general-administrative-expenses,operating-expenses,operating-income,total-non-operating-income-expense,pre-tax-income,total-provision-income-taxes,income-after-taxes,income-from-continuous-operations,net-income,ebitda,ebit,basic-shares-outstanding,shares-outstanding,eps-basic-net-earnings-per-share,eps-earnings-per-share-diluted,cash-on-hand,inventory,other-current-assets,total-current-assets,net-property-plant-equipment,long-term-investments,goodwill-intangible-assets-total,other-long-term-assets,total-long-term-assets,total-assets,total-current-liabilities,long-term-debt,other-non-current-liabilities,total-long-term-liabilities,total-liabilities,common-stock-net,retained-earnings-accumulated-deficit,comprehensive-income,total-share-holder-equity,total-liabilities-share-holders-equity,net-income-loss,total-depreciation-amortization-cash-flow,other-non-cash-items,total-non-cash-items,change-in-accounts-receivable,change-in-inventories,change-in-accounts-payable,change-in-assets-liabilities,total-change-in-assets-liabilities,cash-flow-from-operating-activities,net-change-in-property-plant-equipment,net-change-in-intangible-assets,net-acquisitions-divestitures,net-change-in-short-term-investments,net-change-in-long-term-investments,net-change-in-investments-total,investing-activities-other,cash-flow-from-investing-activities,net-long-term-debt,net-current-debt,debt-issuance-retirement-net-total,net-common-equity-issued-repurchased,net-total-equity-issued-repurchased,total-common-preferred-stock-dividends-paid,financial-activities-other,cash-flow-from-financial-activities,net-cash-flow,stock-based-compensation,common-stock-dividends-paid
0,2018-07-31,83.45,$34.68,2.41,$83.02,1.01,$7.18,11.62,$3.82,21.85,$0.33B,$0.16B,2.06,$0.75B,$0.61B,1.23,$1.40B,$0.29B,20.81%,$1.40B,$0.12B,8.48%,$1.40B,$0.12B,8.48%,$1.40B,$0.18B,12.83%,$1.40B,$0.10B,6.84%,$1.40B,$0.07B,4.70%,$0.07B,$0.61B,12.39%,$0.07B,$-0.41B,-27.10%,$0.07B,$1.60B,4.84%,$0.12B,$1.36B,10.38%,$429,$333,$96,$0,$53,$388,$41,$-8,$33,$8,$25,$25,$25,$64,$41,$18,18,$1.41,$1.41,$57,$114,$0,$330,$216,$13,$1023,$13,$1267,$1597,$160,$747,$4,$827,$987,$364,$294,$-49,$610,$1597,$25,$24,$-0,$23,$5,$-8,$-8,$1,$5,$53,$-9,$0,$-7,$2,$-2,$-1,$1,$-16,$-64,$0,$-64,$1,$1,$0,$-2,$-65,$-28,$4,$0
1,2018-04-30,82.2,$33.23,2.47,$75.60,1.09,$5.68,14.48,$3.77,21.8,$0.36B,$0.17B,2.14,$0.81B,$0.58B,1.39,$1.25B,$0.25B,20.30%,$1.25B,$0.11B,8.71%,$1.25B,$0.11B,8.71%,$1.25B,$0.15B,12.15%,$1.25B,$0.09B,7.51%,$1.25B,$0.06B,5.04%,$0.06B,$0.58B,13.32%,$0.06B,$-0.45B,-133.33%,$0.06B,$1.65B,5.76%,$0.11B,$1.39B,12.06%,$406,$317,$89,$0,$51,$367,$39,$-10,$28,$9,$19,$19,$19,$62,$39,$17,17,$1.09,$1.08,$86,$105,$0,$364,$218,$14,$1035,$13,$1281,$1645,$170,$810,$5,$893,$1064,$361,$270,$-49,$582,$1645,$63,$45,$8,$53,$-19,$3,$-1,$-7,$-29,$87,$-48,$0,$-57,$63,$-2,$60,$0,$-44,$-96,$0,$-96,$-28,$-28,$0,$-17,$-141,$-99,$7,$0
2,2018-01-31,135.85,$32.15,4.23,$67.14,2.02,$6.71,20.25,$3.75,36.23,$0.42B,$0.18B,2.27,$0.88B,$0.56B,1.57,$1.10B,$0.22B,20.20%,$1.10B,$0.10B,8.70%,$1.10B,$0.10B,8.70%,$1.10B,$0.12B,10.96%,$1.10B,$0.09B,8.42%,$1.10B,$0.06B,5.53%,$0.06B,$0.56B,14.68%,$0.06B,$-0.48B,39.61%,$0.06B,$1.70B,7.55%,$0.10B,$1.44B,14.81%,$293,$242,$50,$0,$43,$285,$8,$-4,$4,$2,$2,$2,$2,$18,$8,$17,17,$0.12,$0.12,$148,$108,$0,$415,$211,$15,$1046,$15,$1287,$1702,$183,$882,$5,$957,$1139,$361,$242,$-40,$563,$1702,$44,$22,$-1,$21,$-4,$0,$-1,$-7,$-16,$49,$-31,$0,$-57,$62,$-2,$60,$0,$-28,$-21,$0,$-21,$-28,$-28,$0,$-10,$-58,$-37,$6,$0
3,2017-10-31,96.6,$23.30,4.15,$64.81,1.49,$7.97,12.12,$4.52,21.37,$0.34B,$0.10B,3.42,$0.02B,$0.38B,0.04,$1.06B,$0.23B,21.23%,$1.06B,$0.11B,10.38%,$1.06B,$0.11B,10.38%,$1.06B,$0.13B,12.17%,$1.06B,$0.11B,10.47%,$1.06B,$0.07B,6.98%,$0.07B,$0.38B,20.74%,$0.07B,$0.38B,20.74%,$0.07B,$0.51B,14.65%,$0.11B,$0.39B,29.31%,$275,$217,$57,$0,$27,$244,$31,$1,$31,$12,$20,$20,$20,$36,$31,$16,16,$1.22,$1.21,$220,$47,$0,$342,$122,$29,$0,$10,$171,$513,$100,$16,$4,$38,$138,$170,$245,$-40,$375,$513,$42,$11,$4,$15,$-3,$-5,$-3,$-6,$-15,$42,$-21,$0,$0,$-10,$-1,$-10,$0,$-31,$-0,$0,$-0,$-22,$-22,$0,$-3,$-25,$-14,$5,$0
4,2017-07-31,98.15,$22.86,4.29,$63.99,1.53,$8.48,11.57,$4.38,22.41,$0.34B,$0.10B,3.45,$0.02B,$0.37B,0.04,$1.05B,$0.22B,21.35%,$1.05B,$0.11B,10.20%,$1.05B,$0.11B,10.20%,$1.05B,$0.13B,12.01%,$1.05B,$0.11B,10.30%,$1.05B,$0.07B,6.86%,$0.07B,$0.37B,21.07%,$0.07B,$0.37B,21.07%,$0.07B,$0.52B,14.38%,$0.11B,$0.39B,29.54%,$277,$218,$58,$0,$28,$246,$31,$1,$31,$9,$22,$22,$22,$36,$31,$16,16,$1.37,$1.36,$230,$44,$0,$342,$115,$33,$0,$10,$175,$517,$99,$16,$4,$46,$145,$171,$241,$-40,$372,$517,$22,$6,$4,$10,$0,$-2,$-0,$-1,$-5,$27,$-11,$0,$0,$-10,$-1,$-11,$0,$-21,$0,$0,$0,$-4,$-4,$0,$-3,$-7,$-1,$4,$0
5,2017-04-30,91.9,$21.71,4.23,$62.82,1.46,$9.26,9.92,$4.34,21.18,$0.34B,$0.10B,3.34,$0.02B,$0.35B,0.04,$1.03B,$0.23B,21.84%,$1.03B,$0.11B,10.49%,$1.03B,$0.11B,10.49%,$1.03B,$0.13B,12.23%,$1.03B,$0.11B,10.58%,$1.03B,$0.07B,6.99%,$0.07B,$0.35B,22.21%,$0.07B,$0.35B,22.21%,$0.07B,$0.50B,14.57%,$0.11B,$0.37B,31.21%,$259,$201,$58,$0,$31,$232,$26,$0,$27,$9,$17,$17,$17,$31,$26,$16,16,$1.07,$1.06,$229,$43,$0,$339,$108,$26,$0,$10,$162,$501,$101,$15,$4,$47,$149,$169,$224,$-40,$352,$501,$71,$19,$-11,$8,$-8,$-5,$6,$-0,$-2,$77,$-22,$0,$0,$-28,$-4,$-32,$0,$-54,$-8,$0,$-8,$-11,$-11,$0,$-2,$-21,$3,$6,$0
6,2017-01-31,71.2,$20.21,3.52,$61.69,1.15,$8.73,8.15,$4.09,17.41,$0.33B,$0.10B,3.41,$0.02B,$0.33B,0.08,$1.01B,$0.22B,21.34%,$1.01B,$0.10B,10.28%,$1.01B,$0.10B,10.28%,$1.01B,$0.12B,12.06%,$1.01B,$0.10B,10.18%,$1.01B,$0.07B,6.72%,$0.07B,$0.33B,22.19%,$0.07B,$0.33B,22.19%,$0.07B,$0.49B,14.01%,$0.10B,$0.35B,31.54%,$249,$198,$52,$0,$30,$228,$22,$0,$22,$7,$15,$15,$15,$26,$22,$16,16,$0.90,$0.89,$220,$41,$0,$328,$103,$28,$0,$9,$163,$490,$96,$24,$4,$66,$162,$168,$207,$-46,$328,$490,$54,$14,$-12,$1,$-4,$-3,$-2,$-2,$-4,$52,$-14,$0,$0,$-34,$-4,$-38,$0,$-52,$1,$0,$1,$-11,$-11,$0,$-2,$-11,$-11,$5,$0
7,2016-10-31,74.7,$19.38,3.85,$59.76,1.25,$8.14,9.17,$3.93,19.01,$0.33B,$0.10B,3.46,$0.02B,$0.32B,0.08,$0.98B,$0.21B,21.28%,$0.98B,$0.10B,10.29%,$0.98B,$0.10B,10.29%,$0.98B,$0.12B,12.12%,$0.98B,$0.10B,10.18%,$0.98B,$0.07B,6.62%,$0.07B,$0.32B,22.11%,$0.07B,$0.32B,22.11%,$0.07B,$0.50B,13.70%,$0.10B,$0.34B,31.89%,$264,$208,$56,$0,$28,$236,$28,$0,$28,$11,$18,$18,$18,$33,$28,$16,16,$1.08,$1.07,$215,$41,$0,$333,$103,$29,$0,$9,$162,$495,$96,$24,$4,$83,$179,$167,$195,$-47,$315,$495,$39,$9,$5,$14,$-13,$-2,$3,$-3,$-13,$40,$-10,$0,$0,$-38,$-2,$-40,$0,$-50,$1,$0,$1,$-8,$-8,$0,$-1,$-9,$-19,$5,$0
8,2016-07-31,74.23,$18.50,4.01,$59.26,1.25,$7.60,9.77,$3.96,18.74,$0.32B,$0.10B,3.33,$0.02B,$0.30B,0.08,$0.97B,$0.21B,21.46%,$0.97B,$0.10B,10.47%,$0.97B,$0.10B,10.47%,$0.97B,$0.12B,12.11%,$0.97B,$0.10B,10.37%,$0.97B,$0.07B,6.67%,$0.07B,$0.30B,23.05%,$0.07B,$0.30B,23.05%,$0.07B,$0.49B,14.03%,$0.10B,$0.32B,33.55%,$258,$199,$59,$0,$27,$226,$32,$0,$32,$10,$22,$22,$22,$36,$32,$16,16,$1.33,$1.32,$219,$40,$0,$323,$100,$28,$0,$9,$168,$490,$97,$23,$3,$92,$189,$167,$182,$-47,$302,$490,$22,$4,$4,$9,$-2,$-1,$4,$1,$2,$33,$-4,$0,$0,$-35,$-1,$-36,$0,$-41,$0,$0,$0,$-3,$-3,$0,$-2,$-4,$-12,$4,$0
9,2016-04-30,72.84,$17.28,4.21,$57.58,1.27,$6.25,11.66,$3.56,20.46,$0.30B,$0.09B,3.27,$0.02B,$0.28B,0.08,$0.95B,$0.20B,21.12%,$0.95B,$0.09B,9.93%,$0.95B,$0.09B,9.93%,$0.95B,$0.11B,11.51%,$0.95B,$0.09B,9.82%,$0.95B,$0.06B,6.12%,$0.06B,$0.28B,21.58%,$0.06B,$0.28B,21.58%,$0.06B,$0.47B,12.99%,$0.09B,$0.30B,32.33%,$241,$192,$49,$0,$27,$219,$22,$-1,$21,$7,$13,$13,$13,$27,$22,$16,16,$0.81,$0.82,$200,$39,$0,$302,$99,$24,$0,$9,$164,$466,$92,$22,$4,$93,$186,$163,$165,$-47,$281,$466,$59,$16,$8,$25,$-10,$-4,$1,$-5,$-9,$75,$-28,$0,$0,$-9,$-4,$-13,$0,$-41,$2,$0,$2,$-8,$-8,$0,$-2,$-9,$25,$5,$0
10,2016-01-31,69.0,$17.05,4.05,$55.82,1.24,$5.91,11.68,$3.44,20.06,$0.30B,$0.09B,3.36,$0.02B,$0.28B,0.09,$0.91B,$0.19B,21.25%,$0.91B,$0.09B,9.86%,$0.91B,$0.09B,9.86%,$0.91B,$0.10B,11.39%,$0.91B,$0.09B,9.86%,$0.91B,$0.06B,6.13%,$0.06B,$0.28B,21.88%,$0.06B,$0.28B,21.88%,$0.06B,$0.45B,13.03%,$0.09B,$0.30B,32.40%,$219,$174,$45,$0,$26,$200,$19,$-0,$19,$7,$12,$12,$12,$23,$19,$16,16,$0.74,$0.73,$188,$38,$0,$295,$103,$23,$0,$9,$152,$447,$88,$24,$2,$81,$169,$163,$155,$-40,$278,$447,$45,$12,$3,$15,$-3,$-3,$-0,$-6,$-7,$54,$-25,$0,$0,$-5,$-4,$-9,$0,$-34,$2,$0,$2,$-4,$-4,$0,$-2,$-5,$15,$4,$0
11,2015-10-31,72.7,$16.38,4.44,$54.25,1.34,$5.67,12.82,$3.16,23.01,$0.31B,$0.10B,3.05,$0.02B,$0.27B,0.08,$0.88B,$0.18B,20.84%,$0.88B,$0.08B,9.29%,$0.88B,$0.08B,9.29%,$0.88B,$0.10B,10.87%,$0.88B,$0.08B,9.29%,$0.88B,$0.05B,5.78%,$0.05B,$0.27B,20.99%,$0.05B,$0.27B,20.99%,$0.05B,$0.45B,12.48%,$0.08B,$0.29B,31.03%,$256,$200,$56,$0,$28,$228,$29,$-0,$29,$10,$18,$18,$18,$32,$29,$16,16,$1.12,$1.10,$194,$38,$0,$309,$102,$14,$0,$4,$141,$450,$101,$21,$2,$82,$183,$159,$148,$-40,$267,$450,$33,$8,$2,$10,$-15,$-2,$6,$-1,$-1,$42,$-21,$0,$0,$-2,$-3,$-5,$0,$-26,$-1,$0,$-1,$-1,$-1,$0,$1,$-1,$15,$4,$0
12,2015-07-31,65.76,$15.33,4.29,$52.33,1.26,$5.17,12.71,$2.54,25.89,$0.30B,$0.09B,3.28,$0.02B,$0.25B,0.09,$0.85B,$0.17B,19.53%,$0.85B,$0.07B,7.69%,$0.85B,$0.07B,7.69%,$0.85B,$0.08B,9.47%,$0.85B,$0.07B,7.69%,$0.85B,$0.04B,4.85%,$0.04B,$0.25B,17.83%,$0.04B,$0.25B,17.83%,$0.04B,$0.42B,10.64%,$0.07B,$0.27B,25.90%,$231,$181,$50,$0,$26,$207,$24,$-0,$24,$9,$15,$15,$15,$27,$24,$16,16,$0.94,$0.92,$191,$37,$0,$295,$94,$6,$0,$4,$127,$423,$90,$21,$2,$83,$173,$156,$134,$-41,$249,$423,$15,$4,$1,$4,$-7,$-1,$1,$0,$-2,$18,$-11,$0,$0,$-2,$-2,$-4,$0,$-15,$-0,$0,$-0,$2,$2,$0,$-0,$1,$3,$3,$0
13,2015-04-30,50.7,$14.29,3.55,$51.69,0.98,$5.20,9.75,$2.21,22.94,$0.27B,$0.09B,3.21,$0.02B,$0.23B,0.09,$0.83B,$0.15B,18.40%,$0.83B,$0.05B,6.54%,$0.83B,$0.05B,6.54%,$0.83B,$0.07B,8.47%,$0.83B,$0.05B,6.54%,$0.83B,$0.04B,4.24%,$0.04B,$0.23B,16.09%,$0.04B,$0.23B,16.09%,$0.04B,$0.40B,9.60%,$0.05B,$0.25B,22.69%,$207,$164,$43,$0,$26,$189,$18,$0,$18,$7,$11,$11,$11,$22,$18,$16,16,$0.71,$0.69,$185,$36,$0,$272,$86,$4,$0,$4,$127,$399,$85,$21,$1,$84,$169,$150,$121,$-41,$230,$399,$35,$15,$8,$22,$0,$-6,$5,$0,$2,$60,$-20,$0,$0,$-36,$-2,$-38,$1,$-57,$0,$0,$0,$9,$9,$0,$1,$10,$14,$10,$0
14,2015-01-31,41.13,$14.24,2.89,$50.86,0.81,$4.79,8.59,$1.88,21.88,$0.26B,$0.08B,3.29,$0.02B,$0.23B,0.09,$0.81B,$0.14B,17.45%,$0.81B,$0.05B,5.57%,$0.81B,$0.05B,5.57%,$0.81B,$0.06B,7.55%,$0.81B,$0.05B,5.57%,$0.81B,$0.03B,3.71%,$0.03B,$0.23B,14.44%,$0.03B,$0.23B,14.44%,$0.03B,$0.36B,8.64%,$0.05B,$0.25B,19.74%,$189,$154,$35,$0,$24,$178,$11,$-0,$11,$4,$7,$7,$7,$15,$11,$16,16,$0.46,$0.45,$162,$35,$0,$258,$80,$5,$0,$5,$106,$363,$78,$20,$1,$59,$137,$142,$109,$-26,$226,$363,$24,$11,$5,$15,$-1,$-4,$1,$-0,$-4,$36,$-12,$0,$0,$-30,$-2,$-32,$0,$-44,$-1,$0,$-1,$5,$5,$0,$0,$4,$-3,$7,$0
15,2014-10-31,40.91,$13.59,3.01,$49.82,0.82,$4.43,9.23,$1.61,25.41,$0.25B,$0.08B,3.16,$0.02B,$0.22B,0.1,$0.79B,$0.13B,16.75%,$0.79B,$0.04B,4.95%,$0.79B,$0.04B,4.95%,$0.79B,$0.06B,6.98%,$0.79B,$0.04B,4.95%,$0.79B,$0.03B,3.30%,$0.03B,$0.22B,13.23%,$0.03B,$0.22B,13.23%,$0.03B,$0.36B,7.68%,$0.04B,$0.24B,17.95%,$218,$181,$37,$0,$25,$205,$12,$-0,$12,$5,$8,$8,$8,$16,$12,$16,16,$0.49,$0.48,$149,$35,$0,$251,$76,$5,$0,$5,$104,$356,$80,$20,$1,$61,$141,$138,$102,$-26,$215,$356,$17,$7,$4,$11,$-8,$-5,$2,$-0,$-10,$19,$-6,$0,$0,$-18,$-2,$-20,$0,$-26,$-1,$0,$-1,$3,$3,$0,$0,$3,$-5,$5,$0
16,2014-07-31,29.4,$12.82,2.29,$48.41,0.61,$4.44,6.63,$1.47,20.0,$0.24B,$0.08B,2.97,$0.02B,$0.20B,0.1,$0.76B,$0.13B,16.69%,$0.76B,$0.04B,4.73%,$0.76B,$0.04B,4.73%,$0.76B,$0.05B,6.70%,$0.76B,$0.04B,4.73%,$0.76B,$0.02B,3.02%,$0.02B,$0.20B,12.37%,$0.02B,$0.20B,12.37%,$0.02B,$0.34B,6.95%,$0.04B,$0.22B,17.35%,$212,$175,$37,$0,$24,$199,$13,$-0,$13,$4,$9,$9,$9,$17,$13,$16,16,$0.59,$0.59,$138,$35,$0,$236,$75,$5,$0,$6,$105,$340,$79,$20,$1,$62,$142,$129,$95,$-26,$199,$340,$9,$4,$2,$6,$-5,$-4,$2,$1,$-5,$9,$-2,$0,$0,$0,$-1,$-1,$0,$-3,$-0,$0,$-0,$-3,$-3,$0,$0,$-4,$2,$1,$0
17,2014-04-30,30.01,$12.31,2.44,$46.56,0.64,$4.04,7.44,$1.31,22.91,$0.23B,$0.08B,2.95,$0.02B,$0.19B,0.11,$0.73B,$0.12B,17.06%,$0.73B,$0.03B,4.68%,$0.73B,$0.03B,4.68%,$0.73B,$0.05B,6.60%,$0.73B,$0.03B,4.68%,$0.73B,$0.02B,2.89%,$0.02B,$0.19B,11.95%,$0.02B,$0.19B,11.95%,$0.02B,$0.33B,6.53%,$0.03B,$0.21B,17.15%,$189,$157,$32,$0,$23,$179,$9,$0,$9,$4,$6,$6,$6,$13,$9,$15,16,$0.35,$0.36,$136,$32,$0,$225,$74,$6,$0,$6,$105,$330,$76,$20,$1,$63,$140,$127,$89,$-26,$191,$330,$20,$15,$9,$24,$-8,$-3,$6,$-1,$-4,$41,$-8,$0,$0,$0,$-3,$-3,$2,$-10,$-5,$0,$-5,$12,$12,$0,$0,$8,$39,$7,$0
18,2014-01-31,35.11,$11.63,3.02,$46.03,0.76,$3.01,11.68,$1.29,27.22,$0.22B,$0.07B,3.01,$0.02B,$0.18B,0.13,$0.71B,$0.12B,17.49%,$0.71B,$0.03B,4.80%,$0.71B,$0.03B,4.80%,$0.71B,$0.05B,6.63%,$0.71B,$0.03B,4.80%,$0.71B,$0.02B,2.82%,$0.02B,$0.18B,12.16%,$0.02B,$0.18B,12.16%,$0.02B,$0.33B,6.39%,$0.03B,$0.20B,18.09%,$169,$143,$26,$0,$21,$164,$5,$-0,$5,$2,$3,$3,$3,$9,$5,$15,16,$0.19,$0.18,$126,$30,$0,$215,$73,$6,$0,$7,$113,$328,$71,$23,$1,$76,$147,$126,$86,$-32,$181,$328,$15,$11,$6,$17,$-9,$-1,$2,$-1,$-8,$24,$-5,$0,$0,$0,$-3,$-3,$0,$-8,$-1,$0,$-1,$14,$14,$0,$0,$14,$29,$3,$0
19,2013-10-31,33.92,$11.23,3.02,$45.50,0.75,$1.51,22.51,$1.25,27.14,$0.21B,$0.08B,2.82,$0.02B,$0.17B,0.14,$0.69B,$0.12B,17.66%,$0.69B,$0.03B,4.78%,$0.69B,$0.03B,4.78%,$0.69B,$0.05B,6.51%,$0.69B,$0.03B,4.63%,$0.69B,$0.02B,2.75%,$0.02B,$0.17B,12.32%,$0.02B,$0.17B,12.32%,$0.02B,$0.33B,6.37%,$0.03B,$0.20B,18.54%,$191,$158,$32,$0,$23,$182,$9,$-0,$9,$3,$5,$5,$5,$12,$9,$15,16,$0.35,$0.34,$119,$31,$0,$211,$74,$6,$0,$7,$114,$325,$75,$24,$1,$77,$152,$121,$83,$-32,$173,$325,$12,$7,$4,$11,$-10,$-2,$3,$-1,$-7,$16,$-4,$0,$0,$0,$-2,$-2,$0,$-6,$-0,$0,$-0,$11,$11,$0,$0,$12,$22,$2,$0
20,2013-07-31,34.69,$10.51,3.3,$44.16,0.79,$0.24,143.82,$1.04,33.36,$0.19B,$0.07B,2.79,$0.02B,$0.16B,0.15,$0.66B,$0.12B,17.42%,$0.66B,$0.03B,4.24%,$0.66B,$0.03B,4.24%,$0.66B,$0.04B,6.06%,$0.66B,$0.03B,3.94%,$0.66B,$0.02B,2.42%,$0.02B,$0.16B,11.05%,$0.02B,$0.16B,11.05%,$0.02B,$0.30B,5.62%,$0.03B,$0.18B,16.59%,$178,$144,$34,$0,$23,$167,$11,$-0,$11,$4,$7,$7,$7,$14,$11,$15,15,$0.45,$0.43,$100,$31,$0,$188,$74,$6,$0,$7,$116,$304,$67,$24,$1,$78,$145,$113,$78,$-32,$158,$304,$7,$4,$1,$5,$-6,$-1,$0,$0,$-9,$2,$-2,$0,$0,$0,$-1,$-1,$0,$-3,$-0,$0,$-0,$4,$4,$0,$0,$4,$3,$1,$0
21,2013-04-30,33.65,$9.86,3.41,$42.74,0.79,$-0.20,0.0,$0.65,51.77,$0.18B,$0.07B,2.57,$0.02B,$0.15B,0.16,$0.63B,$0.10B,16.35%,$0.63B,$0.02B,2.86%,$0.63B,$0.02B,2.86%,$0.63B,$0.03B,4.92%,$0.63B,$0.02B,2.54%,$0.63B,$0.01B,1.59%,$0.01B,$0.15B,7.25%,$0.01B,$0.15B,7.25%,$0.01B,$0.29B,3.65%,$0.02B,$0.17B,11.11%,$171,$139,$32,$0,$23,$162,$9,$-0,$9,$4,$5,$5,$5,$12,$9,$15,15,$0.36,$0.35,$97,$29,$0,$178,$74,$6,$0,$7,$116,$294,$69,$24,$1,$79,$148,$107,$71,$-32,$146,$294,$10,$14,$5,$19,$-7,$-7,$4,$-2,$-5,$25,$-9,$0,$0,$0,$-5,$-5,$7,$-6,$-1,$0,$-1,$6,$6,$0,$7,$12,$30,$4,$0
22,2013-01-31,27.81,$9.60,2.9,$40.71,0.68,$-0.60,0.0,$-0.11,0.0,$0.15B,$0.06B,2.5,$0.02B,$0.14B,0.17,$0.60B,$0.09B,14.79%,$0.60B,0,0.00%,$0.60B,0,0.00%,$0.60B,$0.02B,2.69%,$0.60B,$-0.00B,-0.34%,$0.60B,$-0.00B,-0.17%,$-0.00B,$0.14B,-0.75%,$-0.00B,$0.14B,-0.75%,$-0.00B,$0.27B,-0.38%,$0.00B,$0.16B,0.00%,$151,$128,$24,$0,$20,$148,$4,$-0,$3,$1,$2,$2,$2,$7,$4,$15,15,$0.14,$0.14,$66,$28,$0,$150,$75,$5,$0,$14,$121,$271,$60,$23,$2,$70,$130,$102,$66,$-27,$140,$271,$5,$11,$1,$11,$-9,$-6,$3,$-1,$-14,$2,$-8,$0,$0,$0,$-3,$-3,$7,$-4,$-1,$0,$-1,$2,$2,$0,$0,$1,$-1,$3,$0
23,2012-10-31,23.0,$9.31,2.47,$38.91,0.59,$0.33,70.23,$-0.89,0.0,$0.15B,$0.06B,2.38,$0.02B,$0.14B,0.18,$0.56B,$0.08B,14.01%,$0.56B,$-0.02B,-3.55%,$0.56B,$-0.02B,-3.55%,$0.56B,$-0.00B,-0.18%,$0.56B,$-0.02B,-3.72%,$0.56B,$-0.01B,-2.13%,$-0.01B,$0.14B,-9.04%,$-0.01B,$0.14B,-9.04%,$-0.01B,$0.27B,-4.55%,$-0.02B,$0.16B,-12.78%,$160,$135,$25,$0,$22,$156,$4,$-0,$3,$1,$2,$2,$2,$7,$4,$14,15,$0.13,$0.13,$63,$28,$0,$146,$74,$6,$0,$14,$123,$269,$61,$24,$2,$73,$134,$98,$64,$-27,$135,$269,$3,$8,$0,$8,$-9,$-5,$3,$-1,$-12,$-2,$-5,$0,$0,$0,$-3,$-3,$7,$-1,$-0,$0,$-0,$0,$0,$0,$0,$-0,$-4,$2,$0
24,2012-07-31,16.67,$9.06,1.84,$36.98,0.45,$1.16,14.36,$-1.23,0.0,$0.13B,$0.06B,2.37,$0.02B,$0.13B,0.18,$0.53B,$0.07B,13.16%,$0.53B,$-0.03B,-5.45%,$0.53B,$-0.03B,-5.45%,$0.53B,$-0.01B,-1.32%,$0.53B,$-0.03B,-5.45%,$0.53B,$-0.02B,-3.20%,$-0.02B,$0.13B,-12.45%,$-0.02B,$0.13B,-12.45%,$-0.02B,$0.26B,-6.48%,$-0.03B,$0.16B,-18.10%,$148,$126,$22,$0,$20,$147,$1,$-0,$1,$0,$1,$1,$1,$5,$1,$14,15,$0.04,$0.04,$61,$24,$0,$132,$74,$5,$0,$19,$129,$261,$56,$24,$1,$74,$130,$96,$62,$-27,$131,$261,$1,$4,$-1,$3,$-1,$-2,$2,$-1,$-7,$-4,$-2,$0,$0,$0,$-1,$-1,$2,$-2,$-0,$0,$-0,$0,$0,$0,$0,$-0,$-6,$1,$0
25,2012-04-30,17.95,$9.03,1.99,$35.99,0.5,$1.78,10.1,$-1.46,0.0,$0.13B,$0.06B,2.21,$0.02B,$0.13B,0.18,$0.52B,$0.07B,12.82%,$0.52B,$-0.03B,-6.60%,$0.52B,$-0.03B,-6.60%,$0.52B,$-0.01B,-1.94%,$0.52B,$-0.03B,-6.60%,$0.52B,$-0.02B,-4.08%,$-0.02B,$0.13B,-14.84%,$-0.02B,$0.13B,-14.84%,$-0.02B,$0.27B,-7.95%,$-0.03B,$0.15B,-20.54%,$136,$119,$17,$0,$21,$145,$-9,$0,$-9,$-3,$-6,$-6,$-6,$-3,$-9,$14,14,$-0.42,$-0.42,$67,$22,$0,$131,$75,$5,$0,$19,$134,$265,$59,$24,$2,$76,$135,$96,$61,$-28,$130,$265,$-21,$23,$5,$28,$-2,$0,$1,$-0,$9,$16,$-7,$0,$0,$0,$-3,$-3,$0,$-10,$-1,$0,$-1,$0,$0,$-1,$7,$5,$11,$3,$-1
26,2012-01-31,14.22,$9.36,1.52,$35.21,0.4,$1.70,8.36,$-1.28,0.0,$0.12B,$0.05B,2.37,$0.02B,$0.14B,0.18,$0.50B,$0.07B,12.92%,$0.50B,$-0.03B,-5.77%,$0.50B,$-0.03B,-5.77%,$0.50B,$-0.01B,-0.99%,$0.50B,$-0.03B,-5.57%,$0.50B,$-0.02B,-3.58%,$-0.02B,$0.14B,-12.20%,$-0.02B,$0.14B,-12.20%,$-0.02B,$0.26B,-6.79%,$-0.03B,$0.16B,-16.89%,$120,$105,$15,$0,$20,$136,$-16,$0,$-16,$-7,$-9,$-9,$-9,$-10,$-16,$14,14,$-0.63,$-0.63,$59,$22,$0,$116,$79,$5,$0,$29,$145,$261,$49,$24,$2,$78,$127,$96,$67,$-29,$135,$261,$-15,$17,$4,$21,$6,$1,$-3,$0,$8,$13,$-5,$0,$0,$0,$-2,$-2,$0,$-8,$-1,$0,$-1,$0,$0,$-1,$0,$-2,$4,$3,$-1
27,2011-10-31,17.01,$10.44,1.63,$34.67,0.49,$1.42,12.02,$-1.05,0.0,$0.12B,$0.05B,2.49,$0.02B,$0.15B,0.16,$0.49B,$0.06B,12.55%,$0.49B,$-0.02B,-4.45%,$0.49B,$-0.02B,-4.45%,$0.49B,$0.00B,0.40%,$0.49B,$-0.02B,-4.25%,$0.49B,$-0.02B,-3.04%,$-0.02B,$0.15B,-9.77%,$-0.02B,$0.15B,-9.77%,$-0.02B,$0.26B,-5.63%,$-0.02B,$0.17B,-12.36%,$128,$112,$16,$0,$21,$133,$-5,$0,$-5,$-2,$-3,$-3,$-3,$1,$-5,$14,14,$-0.21,$-0.21,$57,$25,$0,$119,$95,$6,$0,$19,$144,$263,$48,$24,$2,$65,$113,$95,$77,$-21,$150,$263,$-6,$11,$1,$13,$3,$-0,$-3,$0,$1,$8,$-3,$0,$0,$0,$-2,$-2,$0,$-5,$-0,$0,$-0,$0,$0,$-1,$0,$-2,$2,$2,$-1
28,2011-07-31,16.62,$10.58,1.57,$33.26,0.5,$1.45,11.49,$-1.36,0.0,$0.12B,$0.05B,2.36,$0.02B,$0.15B,0.16,$0.47B,$0.06B,11.81%,$0.47B,$-0.03B,-6.12%,$0.47B,$-0.03B,-6.12%,$0.47B,$-0.00B,-0.84%,$0.47B,$-0.03B,-5.91%,$0.47B,$-0.02B,-4.01%,$-0.02B,$0.15B,-12.08%,$-0.02B,$0.15B,-12.08%,$-0.02B,$0.27B,-7.08%,$-0.03B,$0.18B,-15.93%,$131,$113,$18,$0,$22,$135,$-4,$0,$-4,$-1,$-3,$-3,$-3,$2,$-4,$14,14,$-0.19,$-0.19,$56,$25,$0,$122,$98,$7,$0,$19,$146,$268,$52,$24,$2,$65,$116,$94,$79,$-22,$151,$268,$-3,$6,$1,$7,$0,$-1,$-0,$0,$-0,$4,$-1,$0,$0,$0,$-1,$-1,$0,$-2,$-0,$0,$-0,$0,$0,$-1,$0,$-1,$1,$1,$-1
29,2011-04-30,20.21,$10.77,1.88,$31.77,0.64,$1.29,15.63,$-1.41,0.0,$0.12B,$0.05B,2.37,$0.03B,$0.15B,0.16,$0.45B,$0.05B,11.50%,$0.45B,$-0.03B,-6.86%,$0.45B,$-0.03B,-6.86%,$0.45B,$-0.00B,-0.88%,$0.45B,$-0.03B,-6.64%,$0.45B,$-0.02B,-4.20%,$-0.02B,$0.15B,-11.69%,$-0.02B,$0.15B,-11.69%,$-0.02B,$0.27B,-7.06%,$-0.03B,$0.18B,-16.53%,$124,$108,$16,$0,$20,$128,$-4,$1,$-3,$0,$-3,$-3,$-3,$2,$-4,$14,14,$-0.23,$-0.23,$55,$24,$0,$120,$101,$7,$0,$19,$148,$268,$51,$25,$2,$64,$114,$92,$83,$-22,$154,$268,$-20,$27,$1,$28,$-4,$0,$5,$6,$6,$13,$-5,$0,$0,$0,$-3,$-3,$3,$-5,$-1,$0,$-1,$0,$0,$-5,$0,$-6,$2,$4,$-5
30,2011-01-31,18.48,$11.11,1.66,$31.00,0.6,$0.61,30.18,$-1.28,0.0,$0.12B,$0.05B,2.44,$0.03B,$0.16B,0.16,$0.44B,$0.06B,12.50%,$0.44B,$-0.03B,-7.05%,$0.44B,$-0.03B,-7.05%,$0.44B,$-0.00B,-0.68%,$0.44B,$-0.03B,-7.05%,$0.44B,$-0.02B,-4.09%,$-0.02B,$0.16B,-10.73%,$-0.02B,$0.16B,-10.73%,$-0.02B,$0.27B,-6.60%,$-0.03B,$0.18B,-16.06%,$111,$99,$12,$0,$21,$121,$-9,$0,$-9,$-3,$-6,$-6,$-6,$-3,$-9,$14,14,$-0.41,$-0.41,$53,$23,$0,$115,$104,$8,$0,$19,$151,$266,$47,$25,$2,$60,$107,$91,$88,$-21,$159,$266,$-17,$20,$-1,$19,$-0,$1,$2,$0,$5,$8,$-4,$0,$0,$0,$-2,$-2,$1,$-4,$-1,$0,$-1,$0,$0,$-4,$0,$-4,$-1,$3,$-4
31,2010-10-31,17.46,$11.56,1.51,$29.49,0.59,$0.11,163.49,$-1.51,0.0,$0.12B,$0.05B,2.52,$0.03B,$0.17B,0.15,$0.42B,$0.05B,11.72%,$0.42B,$-0.04B,-8.85%,$0.42B,$-0.04B,-8.85%,$0.42B,$-0.01B,-1.67%,$0.42B,$-0.04B,-8.85%,$0.42B,$-0.02B,-5.02%,$-0.02B,$0.17B,-12.07%,$-0.02B,$0.17B,-12.07%,$-0.02B,$0.27B,-7.64%,$-0.04B,$0.19B,-18.52%,$108,$98,$10,$0,$22,$120,$-12,$0,$-12,$-5,$-7,$-7,$-7,$-5,$-12,$14,14,$-0.52,$-0.52,$56,$24,$0,$118,$107,$9,$0,$19,$153,$271,$47,$25,$3,$60,$106,$90,$95,$-21,$165,$271,$-11,$14,$-1,$13,$0,$1,$1,$0,$5,$8,$-2,$0,$0,$0,$-2,$-2,$1,$-2,$-0,$0,$-0,$0,$0,$-3,$0,$-3,$3,$2,$-3
32,2010-07-31,16.12,$12.09,1.33,$29.29,0.55,$-0.83,0.0,$-1.36,0.0,$0.12B,$0.04B,2.79,$0.03B,$0.17B,0.15,$0.41B,$0.05B,12.56%,$0.41B,$-0.03B,-7.97%,$0.41B,$-0.03B,-7.97%,$0.41B,$-0.00B,-0.72%,$0.41B,$-0.03B,-7.97%,$0.41B,$-0.02B,-4.59%,$-0.02B,$0.17B,-10.50%,$-0.02B,$0.17B,-10.50%,$-0.02B,$0.27B,-6.82%,$-0.03B,$0.20B,-15.94%,$109,$95,$14,$0,$20,$115,$-6,$0,$-6,$-2,$-3,$-3,$-3,$2,$-6,$14,14,$-0.24,$-0.24,$52,$24,$0,$116,$110,$11,$0,$20,$157,$272,$42,$25,$3,$59,$100,$89,$104,$-21,$172,$272,$-3,$7,$-0,$7,$5,$1,$-1,$0,$-2,$2,$-1,$0,$0,$0,$-1,$-1,$0,$-2,$-0,$0,$-0,$0,$0,$-1,$0,$-1,$-1,$1,$-1
33,2010-04-30,22.45,$12.34,1.82,$28.75,0.78,$-1.43,0.0,$-1.57,0.0,$0.12B,$0.05B,2.48,$0.03B,$0.18B,0.15,$0.41B,$0.05B,12.32%,$0.41B,$-0.04B,-9.11%,$0.41B,$-0.04B,-9.11%,$0.41B,$-0.01B,-1.72%,$0.41B,$-0.04B,-9.11%,$0.41B,$-0.02B,-5.42%,$-0.02B,$0.18B,-11.73%,$-0.02B,$0.18B,-11.73%,$-0.02B,$0.28B,-7.77%,$-0.04B,$0.20B,-17.33%,$112,$94,$19,$0,$22,$116,$-4,$0,$-4,$-2,$-2,$-2,$-2,$3,$-4,$14,14,$-0.12,$-0.12,$53,$25,$0,$123,$114,$12,$0,$20,$159,$282,$50,$26,$3,$58,$107,$88,$109,$-21,$175,$282,$-22,$31,$3,$34,$-1,$7,$-1,$0,$-10,$1,$-3,$0,$0,$0,$-9,$-9,$0,$-11,$-1,$0,$-1,$1,$1,$-5,$-14,$-19,$-30,$4,$-5
34,2010-01-31,19.49,$12.98,1.5,$30.82,0.63,$1.67,11.69,$-1.67,0.0,$0.12B,$0.05B,2.6,$0.03B,$0.18B,0.14,$0.44B,$0.06B,13.56%,$0.44B,$-0.04B,-8.97%,$0.44B,$-0.04B,-8.97%,$0.44B,$-0.01B,-1.61%,$0.44B,$-0.04B,-8.74%,$0.44B,$-0.02B,-5.29%,$-0.02B,$0.18B,-11.81%,$-0.02B,$0.18B,-11.81%,$-0.02B,$0.27B,-7.97%,$-0.04B,$0.21B,-17.67%,$89,$83,$6,$0,$21,$104,$-15,$0,$-15,$-5,$-9,$-9,$-9,$-7,$-15,$14,14,$-0.64,$-0.64,$56,$23,$0,$119,$119,$10,$0,$20,$155,$274,$46,$26,$3,$45,$90,$86,$112,$-14,$184,$274,$-21,$24,$2,$26,$7,$9,$-2,$0,$-6,$-1,$-2,$0,$0,$0,$-5,$-5,$0,$-7,$-1,$0,$-1,$0,$0,$-4,$-14,$-18,$-27,$3,$-4
35,2009-10-31,18.93,$13.62,1.39,$33.85,0.56,$3.52,5.37,$-1.03,0.0,$0.14B,$0.05B,2.82,$0.03B,$0.19B,0.14,$0.48B,$0.07B,15.30%,$0.48B,$-0.02B,-5.03%,$0.48B,$-0.02B,-5.03%,$0.48B,$0.01B,1.68%,$0.48B,$-0.02B,-4.82%,$0.48B,$-0.01B,-2.94%,$-0.01B,$0.19B,-6.93%,$-0.01B,$0.19B,-6.93%,$-0.01B,$0.29B,-4.72%,$-0.02B,$0.22B,-10.54%,$104,$91,$13,$0,$21,$113,$-8,$0,$-8,$-3,$-5,$-5,$-5,$-1,$-8,$14,14,$-0.37,$-0.37,$69,$27,$0,$140,$123,$11,$0,$5,$146,$287,$50,$26,$3,$44,$94,$85,$122,$-14,$193,$287,$-12,$16,$-0,$16,$-4,$6,$-0,$0,$-11,$-6,$-1,$0,$0,$0,$-3,$-3,$0,$-5,$-0,$0,$-0,$0,$0,$-3,$0,$-2,$-13,$2,$-3
36,2009-07-31,22.46,$14.01,1.6,$36.10,0.62,$5.09,4.41,$-0.69,0.0,$0.14B,$0.05B,2.94,$0.03B,$0.20B,0.13,$0.51B,$0.08B,15.55%,$0.51B,$-0.02B,-3.35%,$0.51B,$-0.02B,-3.35%,$0.51B,$0.02B,3.15%,$0.51B,$-0.02B,-3.15%,$0.51B,$-0.01B,-1.77%,$-0.01B,$0.20B,-4.35%,$-0.01B,$0.20B,-4.35%,$-0.01B,$0.29B,-2.99%,$-0.02B,$0.22B,-7.31%,$101,$89,$12,$0,$20,$111,$-10,$0,$-10,$-4,$-6,$-6,$-6,$-2,$-10,$14,14,$-0.45,$-0.45,$73,$28,$0,$139,$128,$12,$0,$4,$150,$289,$47,$26,$4,$44,$91,$84,$129,$-14,$198,$289,$-6,$9,$-1,$8,$1,$6,$-4,$-4,$-8,$-7,$-1,$0,$0,$0,$-1,$-1,$0,$-2,$-0,$0,$-0,$0,$0,$-1,$0,$-1,$-10,$1,$-1
37,2009-04-30,19.76,$14.45,1.37,$38.83,0.51,$6.28,3.15,$-0.23,0.0,$0.15B,$0.06B,2.64,$0.03B,$0.20B,0.13,$0.55B,$0.09B,16.30%,$0.55B,$-0.01B,-1.28%,$0.55B,$-0.01B,-1.28%,$0.55B,$0.03B,4.95%,$0.55B,$-0.01B,-1.10%,$0.55B,$-0.00B,-0.55%,$-0.00B,$0.20B,-1.43%,$-0.00B,$0.20B,-1.43%,$-0.00B,$0.30B,-0.98%,$-0.01B,$0.23B,-2.96%,$141,$113,$28,$0,$23,$146,$-6,$0,$-5,$-2,$-3,$-3,$-3,$3,$-6,$14,14,$-0.21,$-0.21,$83,$33,$0,$154,$133,$13,$0,$3,$150,$304,$58,$26,$3,$42,$100,$82,$136,$-15,$204,$304,$-3,$35,$1,$36,$1,$10,$-5,$-0,$14,$47,$-5,$0,$0,$0,$-9,$-9,$0,$-14,$0,$0,$0,$-2,$-2,$-5,$-0,$-7,$26,$5,$-5
38,2009-01-31,14.27,$15.15,0.94,$38.67,0.37,$6.00,2.38,$-0.02,0.0,$0.15B,$0.06B,2.67,$0.03B,$0.21B,0.12,$0.55B,$0.08B,15.33%,$0.55B,$-0.00B,-0.18%,$0.55B,$-0.00B,-0.18%,$0.55B,$0.03B,6.02%,$0.55B,$-0.00B,-0.18%,$0.55B,0,0.00%,$0.00B,$0.21B,0.00%,$0.00B,$0.21B,0.00%,$0.00B,$0.31B,0.00%,$-0.00B,$0.24B,-0.42%,$131,$111,$20,$0,$21,$132,$-0,$0,$-0,$-0,$0,$0,$0,$8,$-0,$14,14,$0.00,$0.00,$65,$39,$0,$148,$137,$15,$0,$3,$158,$306,$55,$25,$3,$37,$93,$81,$140,$-8,$213,$306,$-0,$26,$-2,$24,$-6,$8,$-2,$0,$2,$26,$-3,$0,$0,$0,$-8,$-8,$0,$-11,$-1,$0,$-1,$-2,$-2,$-4,$-0,$-7,$8,$4,$-4
39,2008-10-31,17.47,$15.14,1.15,$38.59,0.45,$6.63,2.63,$-0.16,0.0,$0.15B,$0.05B,2.69,$0.03B,$0.21B,0.12,$0.55B,$0.08B,14.91%,$0.55B,$-0.01B,-1.09%,$0.55B,$-0.01B,-1.09%,$0.55B,$0.03B,5.27%,$0.55B,$-0.01B,-0.91%,$0.55B,$-0.00B,-0.36%,$-0.00B,$0.21B,-0.94%,$-0.00B,$0.21B,-0.94%,$-0.00B,$0.31B,-0.64%,$-0.01B,$0.24B,-2.51%,$135,$115,$19,$0,$21,$136,$-1,$0,$-1,$-0,$-0,$-0,$-0,$7,$-1,$14,14,$-0.03,$-0.03,$61,$41,$0,$145,$142,$14,$0,$3,$162,$307,$54,$26,$3,$40,$94,$79,$142,$-8,$212,$307,$-0,$17,$-1,$16,$-4,$6,$-3,$0,$1,$17,$-2,$0,$0,$0,$-5,$-5,$0,$-7,$-0,$0,$-0,$-2,$-2,$-3,$-0,$-5,$4,$2,$-3
40,2008-07-31,22.14,$15.16,1.46,$40.03,0.55,$6.57,3.37,$-0.05,0.0,$0.15B,$0.06B,2.56,$0.03B,$0.21B,0.12,$0.58B,$0.09B,15.83%,$0.58B,$-0.00B,-0.70%,$0.58B,$-0.00B,-0.70%,$0.58B,$0.03B,5.57%,$0.58B,$-0.00B,-0.35%,$0.58B,$-0.00B,-0.17%,$-0.00B,$0.21B,-0.47%,$-0.00B,$0.21B,-0.47%,$-0.00B,$0.31B,-0.32%,$-0.00B,$0.24B,-1.66%,$139,$117,$22,$0,$22,$139,$-0,$0,$0,$0,$0,$0,$0,$9,$-0,$14,14,$0.01,$0.01,$60,$43,$0,$146,$147,$14,$0,$3,$166,$312,$57,$26,$3,$42,$99,$77,$143,$-8,$213,$312,$0,$9,$-0,$8,$-3,$3,$-1,$0,$2,$11,$-2,$0,$0,$0,$-2,$-2,$0,$-3,$-0,$0,$-0,$-2,$-2,$-1,$-0,$-4,$3,$1,$-1
41,2008-04-30,17.64,$15.17,1.16,$41.18,0.43,$6.46,2.73,$0.28,63.0,$0.14B,$0.06B,2.56,$0.03B,$0.22B,0.12,$0.60B,$0.10B,17.11%,$0.60B,$0.00B,0.50%,$0.60B,$0.00B,0.50%,$0.60B,$0.04B,6.48%,$0.60B,$0.01B,1.00%,$0.60B,$0.00B,0.66%,$0.00B,$0.22B,1.85%,$0.00B,$0.21B,1.86%,$0.00B,$0.32B,1.24%,$0.00B,$0.24B,1.24%,$143,$120,$23,$0,$23,$143,$0,$0,$0,$0,$0,$0,$0,$9,$0,$14,15,$0.02,$0.01,$57,$47,$0,$143,$151,$16,$3,$2,$171,$315,$56,$26,$3,$44,$100,$76,$146,$-8,$215,$315,$4,$35,$0,$35,$9,$8,$-6,$1,$8,$48,$-8,$0,$0,$0,$-11,$-11,$0,$-19,$-1,$0,$-1,$-24,$-24,$-5,$-0,$-30,$-1,$5,$-5
42,2008-01-31,19.51,$14.86,1.31,$41.73,0.47,$8.25,2.37,$0.68,28.69,$0.14B,$0.05B,2.6,$0.03B,$0.21B,0.12,$0.63B,$0.12B,18.40%,$0.63B,$0.01B,1.92%,$0.63B,$0.01B,1.92%,$0.63B,$0.05B,7.68%,$0.63B,$0.02B,2.40%,$0.63B,$0.01B,1.60%,$0.01B,$0.21B,4.57%,$0.01B,$0.21B,4.57%,$0.01B,$0.31B,3.01%,$0.01B,$0.24B,4.89%,$133,$115,$18,$0,$22,$138,$-5,$0,$-4,$-2,$-2,$-2,$-2,$4,$-5,$14,14,$-0.14,$-0.14,$55,$49,$0,$136,$155,$17,$0,$2,$174,$310,$52,$26,$4,$47,$99,$75,$149,$-13,$211,$310,$4,$26,$-0,$26,$18,$7,$-10,$-1,$9,$39,$-7,$0,$0,$0,$-9,$-9,$0,$-15,$-1,$0,$-1,$-22,$-22,$-3,$-0,$-27,$-3,$4,$-3
43,2007-10-31,23.47,$15.05,1.56,$42.53,0.55,$9.41,2.49,$1.06,22.14,$0.15B,$0.06B,2.4,$0.03B,$0.22B,0.12,$0.65B,$0.13B,19.30%,$0.65B,$0.02B,3.37%,$0.65B,$0.02B,3.37%,$0.65B,$0.06B,8.88%,$0.65B,$0.02B,3.68%,$0.65B,$0.02B,2.45%,$0.02B,$0.22B,6.98%,$0.02B,$0.22B,6.99%,$0.02B,$0.33B,4.63%,$0.02B,$0.24B,8.59%,$160,$133,$28,$0,$26,$159,$1,$0,$2,$1,$1,$1,$1,$10,$1,$14,14,$0.08,$0.08,$46,$54,$0,$151,$161,$17,$0,$1,$178,$329,$63,$27,$4,$49,$112,$74,$156,$-13,$217,$329,$6,$17,$-1,$16,$-2,$2,$-5,$1,$-3,$19,$-5,$0,$0,$0,$-6,$-6,$0,$-11,$-0,$0,$-0,$-17,$-17,$-2,$-0,$-20,$-12,$3,$-2
44,2007-07-31,27.73,$15.15,1.83,$44.66,0.62,$11.49,2.41,$1.55,17.89,$0.16B,$0.07B,2.33,$0.03B,$0.22B,0.12,$0.70B,$0.14B,20.03%,$0.70B,$0.04B,4.97%,$0.70B,$0.04B,4.97%,$0.70B,$0.07B,10.09%,$0.70B,$0.04B,5.26%,$0.70B,$0.02B,3.41%,$0.02B,$0.22B,10.12%,$0.02B,$0.22B,10.14%,$0.02B,$0.34B,6.71%,$0.04B,$0.25B,13.25%,$166,$132,$34,$0,$27,$159,$7,$1,$8,$3,$5,$5,$5,$16,$7,$15,15,$0.34,$0.34,$52,$55,$0,$157,$165,$17,$0,$1,$182,$339,$67,$27,$4,$50,$118,$73,$162,$-14,$221,$339,$5,$9,$-3,$5,$-0,$1,$-3,$1,$1,$11,$-3,$0,$0,$0,$-2,$-2,$0,$-6,$-0,$0,$-0,$-11,$-11,$-1,$-0,$-12,$-7,$1,$-1
45,2007-04-30,31.79,$15.15,2.1,$47.33,0.67,$13.13,2.42,$2.03,15.66,$0.16B,$0.07B,2.41,$0.03B,$0.23B,0.12,$0.76B,$0.16B,20.50%,$0.76B,$0.05B,6.44%,$0.76B,$0.05B,6.44%,$0.76B,$0.09B,11.17%,$0.76B,$0.05B,6.70%,$0.76B,$0.03B,4.20%,$0.03B,$0.23B,13.10%,$0.03B,$0.23B,13.14%,$0.03B,$0.35B,8.69%,$0.05B,$0.25B,18.05%,$166,$131,$35,$0,$26,$157,$9,$0,$9,$3,$6,$6,$6,$18,$9,$16,16,$0.42,$0.41,$58,$56,$0,$164,$167,$18,$0,$1,$185,$349,$68,$27,$3,$55,$123,$72,$168,$-14,$226,$349,$33,$36,$6,$42,$19,$12,$-9,$-3,$12,$86,$-15,$0,$0,$0,$-13,$-13,$0,$-28,$-1,$0,$-1,$-45,$-45,$-3,$2,$-48,$10,$6,$-3
46,2007-01-31,41.35,$16.19,2.55,$49.98,0.83,$11.85,3.49,$2.46,16.81,$0.18B,$0.06B,2.83,$0.03B,$0.25B,0.11,$0.81B,$0.17B,20.59%,$0.81B,$0.06B,7.64%,$0.81B,$0.06B,7.64%,$0.81B,$0.10B,12.08%,$0.81B,$0.06B,7.89%,$0.81B,$0.04B,4.93%,$0.04B,$0.25B,16.11%,$0.04B,$0.25B,16.18%,$0.04B,$0.37B,10.65%,$0.06B,$0.28B,22.50%,$161,$132,$29,$0,$24,$156,$5,$1,$5,$2,$4,$4,$4,$14,$5,$16,16,$0.24,$0.24,$70,$55,$0,$182,$167,$16,$1,$1,$185,$366,$64,$27,$3,$49,$113,$74,$185,$-6,$253,$366,$26,$27,$9,$36,$15,$13,$-13,$-7,$1,$64,$-9,$0,$0,$0,$-9,$-9,$0,$-18,$-1,$0,$-1,$-21,$-21,$-2,$0,$-24,$22,$5,$-2
47,2006-10-31,33.96,$15.94,2.13,$51.54,0.66,$10.26,3.31,$2.59,13.11,$0.19B,$0.08B,2.41,$0.03B,$0.25B,0.11,$0.84B,$0.17B,20.33%,$0.84B,$0.07B,7.97%,$0.84B,$0.07B,7.97%,$0.84B,$0.10B,12.25%,$0.84B,$0.07B,8.20%,$0.84B,$0.04B,4.99%,$0.04B,$0.25B,17.43%,$0.04B,$0.25B,17.50%,$0.04B,$0.38B,11.29%,$0.07B,$0.28B,24.93%,$211,$168,$43,$0,$28,$196,$14,$0,$15,$6,$9,$9,$9,$23,$14,$16,16,$0.58,$0.57,$69,$61,$0,$190,$168,$17,$1,$1,$186,$376,$79,$27,$4,$48,$127,$66,$188,$-6,$249,$376,$23,$18,$6,$24,$5,$7,$-8,$-2,$7,$53,$-4,$0,$0,$0,$-6,$-6,$0,$-11,$-1,$0,$-1,$-20,$-20,$-1,$0,$-22,$21,$3,$-1
