,Date,Stock Price,Book Value per Share,Price to Book Ratio,TTM Sales per Share,Price to Sales Ratio,TTM FCF per Share,Price to FCF Ratio,TTM Net EPS,PE Ratio,Current Assets,Current Liabilities,Current Ratio,Long Term Debt,Shareholder's Equity_x,Debt to Equity Ratio,TTM Revenue_x,TTM Gross Profit,Gross Margin,TTM Revenue_y,TTM Operating Income,Operating Margin,TTM Revenue_x,TTM EBIT,EBIT Margin,TTM Revenue_y,TTM EBITDA,EBITDA Margin,TTM Revenue_x,TTM Pre-Tax Income,Pre-Tax Margin,TTM Revenue_y,TTM Net Income_x,Net Margin,TTM Net Income_y,Shareholder's Equity_y,Return on Equity,TTM Net Income_x,Tangible Equity,Return on Tangible Equity,TTM Net Income_y,Total Assets,Return on Assets,TTM Net Income,LT Investments & Debt,Return on Investment,revenue,cost-goods-sold,gross-profit,research-development-expenses,selling-general-administrative-expenses,operating-expenses,operating-income,total-non-operating-income-expense,pre-tax-income,total-provision-income-taxes,income-after-taxes,income-from-continuous-operations,net-income,ebitda,ebit,basic-shares-outstanding,shares-outstanding,eps-basic-net-earnings-per-share,eps-earnings-per-share-diluted,cash-on-hand,inventory,other-current-assets,total-current-assets,net-property-plant-equipment,long-term-investments,goodwill-intangible-assets-total,other-long-term-assets,total-long-term-assets,total-assets,total-current-liabilities,long-term-debt,other-non-current-liabilities,total-long-term-liabilities,total-liabilities,common-stock-net,retained-earnings-accumulated-deficit,comprehensive-income,total-share-holder-equity,total-liabilities-share-holders-equity,net-income-loss,total-depreciation-amortization-cash-flow,other-non-cash-items,total-non-cash-items,change-in-accounts-receivable,change-in-inventories,change-in-accounts-payable,change-in-assets-liabilities,total-change-in-assets-liabilities,cash-flow-from-operating-activities,net-change-in-property-plant-equipment,net-change-in-intangible-assets,net-acquisitions-divestitures,net-change-in-short-term-investments,net-change-in-long-term-investments,net-change-in-investments-total,investing-activities-other,cash-flow-from-investing-activities,net-long-term-debt,net-current-debt,debt-issuance-retirement-net-total,net-common-equity-issued-repurchased,net-total-equity-issued-repurchased,total-common-preferred-stock-dividends-paid,financial-activities-other,cash-flow-from-financial-activities,net-cash-flow,stock-based-compensation,common-stock-dividends-paid
0,2018-09-30,16.06,$3.12,5.14,$12.11,1.33,0,0.0,$0.14,114.71,$17.39B,$22.32B,0.78,$30.37B,$0.00B,0.0,$39.98B,$20.57B,51.43%,$39.98B,$5.16B,12.92%,$39.98B,$5.16B,12.92%,$39.98B,$5.16B,12.92%,$39.98B,$3.72B,9.29%,$39.98B,$1.94B,4.84%,$1.94B,$10.32B,23.94%,$1.94B,$-2.56B,-101.14%,$1.94B,$71.55B,3.53%,$5.16B,$40.69B,16.09%,$13098,$6495,$6603,$0,$2589,$11213,$1885,$171,$2055,$999,$1057,$1057,$1001,$1885,$1885,$3336,3336,$0.30,$0.30,$3230,$2104,$1793,$17387,$31219,$138,$12881,$0,$54159,$71545,$22317,$30367,$8541,$38908,$61225,$0,$0,$0,$10320,$71545,$0,$0,$0,$0,$0,$0,$0,$0,$0,$0,$0,$0,$0,$0,$0,$0,$0,$0,$0,$0,$0,$0,$0,$0,$0,$0,$0,$0,$0
1,2018-06-30,16.51,$3.08,5.36,$12.12,1.36,$0.78,21.29,$0.27,61.16,$17.03B,$22.25B,0.77,$32.58B,$0.00B,0.0,$39.79B,$20.42B,51.32%,$39.79B,$4.70B,11.82%,$39.79B,$4.70B,11.82%,$39.79B,$4.70B,11.82%,$39.79B,$2.39B,5.99%,$39.79B,$1.36B,3.42%,$1.36B,$10.17B,15.98%,$1.36B,$-3.06B,-60.64%,$1.36B,$73.03B,2.39%,$4.70B,$42.75B,14.10%,$13303,$6421,$6882,$0,$3058,$11615,$1688,$-1667,$21,$8,$13,$13,$-12,$1688,$1688,$3303,3303,$0.00,$0.00,$3565,$2067,$1394,$17034,$32546,$166,$13230,$0,$55992,$73025,$22248,$32582,$8026,$40608,$62856,$0,$0,$0,$10170,$73025,$0,$0,$0,$0,$0,$0,$0,$0,$0,$0,$0,$0,$0,$0,$0,$0,$0,$0,$0,$0,$0,$0,$0,$0,$0,$0,$0,$0,$0
2,2018-03-31,18.92,$0.00,0.0,$12.22,1.55,$1.38,13.69,$0.21,90.1,$17.46B,$21.77B,0.8,$33.09B,$0.00B,0.0,$40.11B,$20.81B,51.88%,$40.11B,$5.16B,12.86%,$40.11B,$5.16B,12.86%,$40.11B,$6.80B,16.97%,$40.11B,$1.47B,3.66%,$40.11B,$0.73B,1.82%,$0.73B,$11.88B,8.79%,$0.73B,$-2.04B,-23.43%,$0.73B,$75.19B,1.25%,$5.16B,$44.97B,15.19%,$13583,$6503,$7080,$0,$3142,$11992,$1591,$49,$1640,$685,$955,$955,$948,$1591,$1591,$3268,3268,$0.29,$0.29,$3631,$1874,$1426,$17458,$33631,$172,$13917,$0,$57727,$75185,$21772,$33091,$8447,$41537,$63309,$0,$0,$0,$11876,$75185,$0,$0,$0,$0,$0,$0,$0,$0,$0,$0,$0,$0,$0,$0,$0,$0,$0,$0,$0,$0,$0,$0,$0,$0,$0,$0,$0,$0,$0
3,2017-09-30,17.28,$0.00,0.0,$8.34,2.07,$1.41,12.25,$0.19,90.94,$0.00B,$0.00B,0.0,$0.00B,$0.00B,0.0,$40.89B,$21.52B,52.64%,$40.89B,$5.94B,14.52%,$40.89B,$5.94B,14.52%,$40.89B,$7.59B,18.55%,$40.89B,$1.48B,3.62%,$40.89B,$0.70B,1.71%,$0.70B,$0.00B,8.41%,$0.70B,$0.00B,-19.64%,$0.70B,$0.00B,1.15%,$5.94B,$0.00B,16.85%,$0,$0,$0,$0,$0,$0,$0,$0,$0,$0,$0,$0,$0,$0,$0,$0,0,$0.00,$0.00,$0,$0,$0,$0,$0,$0,$0,$0,$0,$0,$0,$0,$0,$0,$0,$0,$0,$0,$0,$0,$0,$0,$0,$0,$0,$0,$0,$0,$0,$0,$0,$0,$0,$0,$0,$0,$0,$0,$0,$0,$0,$0,$0,$0,$0,$0,$0,$0,$0
4,2016-06-30,11.28,$3.67,3.07,$12.86,0.88,$2.60,4.34,$0.77,14.65,$20.17B,$24.95B,0.81,$33.69B,$12.05B,2.8,$56.49B,$30.02B,53.13%,$56.49B,$8.96B,15.86%,$56.49B,$8.96B,15.86%,$56.49B,$10.61B,18.77%,$56.49B,$3.45B,6.11%,$56.49B,$2.15B,3.80%,$2.15B,$12.05B,17.34%,$2.15B,$-3.88B,-104.78%,$2.15B,$79.60B,2.65%,$8.96B,$45.74B,18.63%,$12906,$6446,$6460,$0,$2999,$11482,$1424,$-701,$724,$251,$472,$472,$426,$1424,$1424,$3275,3275,$0.13,$0.13,$6100,$2036,$1407,$20170,$35776,$193,$15931,$2002,$59434,$79604,$24950,$33694,$992,$42607,$67557,$5327,$8776,$-4937,$12046,$79604,$1134,$3811,$2065,$5876,$-681,$77,$0,$-316,$-1572,$5438,$-2898,$-266,$-43,$0,$0,$0,$306,$-2902,$-1244,$0,$-1244,$-286,$-286,$-18,$-1020,$-2567,$97,$0,$-18
5,2015-09-30,15.09,$0.00,0.0,$13.17,1.15,$2.23,6.75,$0.95,15.88,$22.34B,$26.22B,0.85,$35.80B,$9.31B,3.85,$59.23B,$32.16B,54.30%,$59.23B,$10.79B,18.22%,$59.23B,$10.79B,18.22%,$59.23B,$12.44B,21.00%,$59.23B,$4.31B,7.28%,$59.23B,$2.86B,4.83%,$2.86B,$9.31B,20.92%,$2.86B,$-6.54B,681.67%,$2.86B,$78.79B,3.54%,$10.79B,$45.11B,22.02%,$13617,$6350,$7268,$0,$3119,$11476,$2142,$-3038,$-897,$-299,$-597,$-597,$-644,$3789,$2142,$3305,3305,$-0.20,$-0.20,$9921,$2107,$1182,$22342,$34026,$231,$15849,$1658,$56443,$78785,$26224,$35801,$970,$43252,$69476,$5869,$8629,$-8341,$9309,$78785,$2053,$5730,$4290,$10020,$-916,$113,$0,$-3991,$-4345,$7728,$-5722,$-756,$-223,$0,$28,$28,$100,$-6572,$4384,$0,$4384,$-1902,$-1902,$-1760,$-1678,$-957,$207,$0,$-1760
6,2015-06-30,18.89,$0.00,0.0,$13.24,1.43,$1.63,11.61,$1.56,12.11,$22.89B,$26.39B,0.87,$38.21B,$11.90B,3.21,$61.41B,$33.75B,54.95%,$61.41B,$12.24B,19.93%,$61.41B,$12.24B,19.93%,$61.41B,$12.24B,19.93%,$61.41B,$8.38B,13.64%,$61.41B,$5.71B,9.29%,$5.71B,$11.90B,35.18%,$5.71B,$-3.81B,137.52%,$5.71B,$84.21B,7.14%,$12.24B,$50.11B,24.44%,$14366,$6572,$7794,$0,$3220,$11993,$2373,$-719,$1655,$660,$995,$995,$917,$2373,$2373,$52030,52030,$0.02,$0.02,$9749,$2229,$1398,$22894,$37731,$206,$15708,$2788,$61314,$84208,$26391,$38212,$897,$45919,$72310,$6293,$10003,$-7838,$11898,$84208,$2445,$4083,$2247,$6329,$-272,$110,$0,$-2659,$-4008,$4766,$-3339,$-696,$-31,$0,$41,$41,$2693,$-1331,$2627,$0,$2627,$-1507,$-1507,$-55,$-994,$71,$3404,$0,$-55
7,2014-06-30,18.12,$4.70,3.85,$17.05,1.06,$3.31,5.47,$1.59,11.4,$21.13B,$24.42B,0.87,$35.03B,$16.31B,2.15,$62.59B,$34.26B,54.74%,$62.59B,$12.40B,19.80%,$62.59B,$12.40B,19.80%,$62.59B,$14.49B,23.14%,$62.59B,$8.69B,13.88%,$62.59B,$5.97B,9.53%,$5.97B,$16.31B,30.99%,$5.97B,$6.03B,71.70%,$5.97B,$81.69B,7.63%,$12.40B,$51.34B,24.15%,$15603,$7108,$8495,$0,$3210,$12584,$3019,$-1053,$1967,$526,$1441,$1441,$1450,$3019,$3019,$3453,3453,$0.42,$0.42,$7523,$2367,$1419,$21126,$38564,$5806,$10277,$1430,$60564,$81690,$24417,$35034,$597,$40966,$65383,$7422,$15274,$-7052,$16307,$81690,$4320,$4126,$1981,$6107,$196,$441,$0,$-1905,$-2539,$7887,$-3779,$-78,$-148,$0,$593,$593,$8,$-3404,$1179,$0,$1179,$-1222,$-1222,$-3,$-1028,$-1074,$3539,$0,$-3
8,2013-06-30,18.69,$4.77,3.92,$16.38,1.14,$3.30,5.67,$1.78,10.5,$16.41B,$23.87B,0.69,$32.21B,$17.22B,1.87,$61.84B,$34.16B,55.24%,$61.84B,$12.68B,20.50%,$61.84B,$12.68B,20.50%,$61.84B,$14.77B,23.88%,$61.84B,$10.09B,16.32%,$61.84B,$6.87B,11.11%,$6.87B,$17.22B,32.82%,$6.87B,$6.00B,69.42%,$6.87B,$78.92B,9.02%,$12.68B,$49.42B,24.54%,$15642,$7041,$8602,$0,$3209,$12386,$3257,$-1670,$1587,$521,$1066,$1066,$1140,$3257,$3257,$3676,3676,$0.31,$0.31,$3387,$2687,$1259,$16410,$39090,$7266,$11214,$1220,$62511,$78921,$23874,$32206,$0,$37832,$61706,$7741,$15149,$-6386,$17215,$78921,$4857,$3987,$1269,$5256,$-378,$-437,$0,$-3268,$-4135,$5977,$-4472,$0,$-1319,$0,$0,$0,$28,$-5763,$3313,$0,$3313,$-3708,$-3708,$-5,$-864,$-1263,$-1116,$0,$-5
9,2013-03-31,18.01,$0.00,0.0,$15.77,1.14,$2.89,6.24,$1.73,10.41,$15.69B,$20.05B,0.78,$30.00B,$0.00B,0.0,$60.43B,$33.54B,55.50%,$60.43B,$12.34B,20.42%,$60.43B,$12.34B,20.42%,$60.43B,$14.43B,23.88%,$60.43B,$10.13B,16.76%,$60.43B,$6.71B,11.11%,$6.71B,$19.47B,30.49%,$6.71B,$8.38B,60.91%,$6.71B,$75.06B,8.98%,$12.34B,$49.47B,23.67%,$15796,$6941,$8855,$0,$3274,$12205,$3590,$111,$3168,$1016,$2153,$2200,$2200,$3590,$3590,$3774,3774,$0.56,$0.56,$2930,$2304,$1479,$15694,$0,$5768,$11087,$0,$21399,$75063,$20047,$30003,$5546,$35548,$55596,$0,$0,$0,$19468,$75063,$0,$0,$0,$0,$0,$0,$0,$0,$0,$0,$0,$0,$0,$0,$0,$0,$0,$0,$0,$0,$0,$0,$0,$0,$0,$0,$0,$0,$0
10,2012-12-31,19.88,$0.00,0.0,$15.40,1.29,$2.89,6.88,$1.82,10.92,$16.07B,$19.44B,0.83,$31.06B,$24.01B,1.29,$59.27B,$32.87B,55.46%,$59.27B,$11.79B,19.89%,$59.27B,$11.79B,19.89%,$59.27B,$13.88B,23.41%,$59.27B,$10.65B,17.96%,$59.27B,$7.00B,11.80%,$7.00B,$24.01B,30.55%,$7.00B,$12.87B,59.43%,$7.00B,$77.16B,9.48%,$11.79B,$55.06B,22.58%,$15550,$7241,$8309,$0,$3668,$13020,$2530,$-886,$1964,$752,$1212,$1175,$1175,$4619,$2530,$3800,3800,$0.30,$0.30,$3710,$2206,$866,$16074,$0,$5620,$11138,$3253,$22624,$77163,$19435,$31057,$948,$33722,$53157,$7411,$16381,$0,$24006,$77163,$10647,$7962,$0,$7962,$0,$0,$0,$0,$-4299,$15882,$-9370,$0,$-5676,$0,$0,$0,$-146,$-15192,$0,$0,$3285,$0,$-1371,$-1183,$-2104,$-1373,$-1048,$0,$0
11,2012-09-30,21.71,$0.00,0.0,$14.99,1.45,$2.53,8.59,$1.83,11.86,$15.62B,$18.31B,0.85,$29.70B,$23.05B,1.29,$57.92B,$35.19B,60.76%,$57.92B,$17.36B,29.98%,$57.92B,$17.36B,29.98%,$57.92B,$17.36B,29.98%,$57.92B,$9.59B,16.56%,$57.92B,$7.09B,12.24%,$7.09B,$23.05B,31.97%,$7.09B,$12.34B,60.14%,$7.09B,$73.42B,9.93%,$17.36B,$52.75B,34.69%,$14855,$6458,$8397,$0,$3161,$11552,$3303,$269,$3372,$1027,$2345,$2356,$2356,$3303,$3303,$3863,3863,$0.61,$0.61,$3645,$2217,$1266,$15615,$0,$5451,$10705,$3320,$21916,$73423,$18312,$29700,$902,$32061,$50373,$7328,$15570,$0,$23050,$73423,$8667,$5873,$0,$5873,$0,$0,$0,$0,$-6383,$11566,$-7031,$0,$0,$0,$0,$-5437,$369,$-12099,$0,$0,$3258,$0,$-1146,$-581,$-1448,$84,$-849,$0,$0
12,2012-06-30,22.12,$0.00,0.0,$14.63,1.51,$1.35,16.34,$1.61,13.74,$16.50B,$19.54B,0.84,$29.71B,$0.00B,0.0,$55.72B,$33.44B,60.01%,$55.72B,$16.35B,29.33%,$55.72B,$16.35B,29.33%,$55.72B,$16.35B,29.33%,$55.72B,$8.39B,15.06%,$55.72B,$6.15B,11.03%,$6.15B,$21.55B,26.28%,$6.15B,$10.50B,46.06%,$6.15B,$73.48B,8.45%,$16.35B,$51.26B,32.28%,$14228,$6251,$7977,$0,$3106,$11309,$2919,$-1276,$1623,$628,$995,$983,$983,$2919,$2919,$3898,3898,$0.26,$0.26,$4621,$2236,$1247,$16498,$0,$4421,$11053,$0,$21074,$73481,$19536,$29710,$2686,$32396,$51932,$0,$0,$0,$21549,$73481,$0,$0,$0,$0,$0,$0,$0,$0,$0,$0,$0,$0,$0,$0,$0,$0,$0,$0,$0,$0,$0,$0,$0,$0,$0,$0,$0,$0,$0
13,2012-03-31,21.08,$0.00,0.0,$17.86,1.18,$2.70,7.81,$2.39,8.82,$17.16B,$19.00B,0.9,$26.81B,$0.00B,0.0,$55.07B,$33.23B,60.34%,$55.07B,$16.79B,30.49%,$55.07B,$16.79B,30.49%,$55.07B,$16.79B,30.49%,$55.07B,$9.82B,17.82%,$55.07B,$7.22B,13.11%,$7.22B,$22.98B,28.70%,$7.22B,$11.38B,46.85%,$7.22B,$71.21B,9.82%,$16.79B,$49.79B,32.92%,$14639,$6448,$8191,$0,$3188,$11602,$3037,$449,$3688,$1157,$2531,$2482,$2482,$3037,$3037,$3841,3841,$0.65,$0.65,$4653,$2223,$1479,$17156,$0,$155,$11599,$0,$17285,$71214,$19000,$26809,$2425,$29233,$48233,$0,$0,$0,$22981,$71214,$0,$0,$0,$0,$0,$0,$0,$0,$0,$0,$0,$0,$0,$0,$0,$0,$0,$0,$0,$0,$0,$0,$0,$0,$0,$0,$0,$0,$0
14,2011-12-31,19.19,$0.00,0.0,$17.27,1.11,$2.70,7.11,$2.23,8.62,$17.17B,$18.78B,0.91,$25.30B,$21.13B,1.2,$53.38B,$32.59B,61.05%,$53.38B,$17.12B,32.07%,$53.38B,$17.12B,32.07%,$53.38B,$17.12B,32.07%,$53.38B,$9.19B,17.21%,$53.38B,$6.69B,12.52%,$6.69B,$21.13B,25.26%,$6.69B,$12.94B,38.87%,$6.69B,$67.59B,9.04%,$17.12B,$46.43B,33.14%,$14193,$3567,$10626,$0,$1540,$6088,$8105,$-288,$907,$376,$531,$1270,$1270,$8105,$8105,$3859,3859,$0.31,$0.31,$4782,$2440,$1019,$17174,$0,$3875,$8190,$2672,$17101,$67590,$18781,$25301,$952,$27677,$46459,$6892,$11726,$0,$21132,$67590,$9190,$6719,$0,$6719,$0,$0,$0,$0,$-5641,$13814,$-8590,$0,$0,$0,$0,$-164,$-73,$-8827,$0,$3291,$0,$0,$0,$-1218,$-9730,$-7657,$-2631,$0,$0
15,2011-09-30,18.65,$0.00,0.0,$16.83,1.11,$3.84,4.86,$2.40,7.77,$24.17B,$19.99B,1.21,$27.13B,$0.00B,0.0,$52.31B,$26.26B,50.20%,$52.31B,$5.43B,10.39%,$52.31B,$5.43B,10.39%,$52.31B,$5.43B,10.39%,$52.31B,$12.34B,23.60%,$52.31B,$7.38B,14.11%,$7.38B,$27.93B,26.37%,$7.38B,$18.58B,40.24%,$7.38B,$78.64B,9.87%,$5.43B,$55.06B,10.29%,$12664,$6018,$6646,$0,$2422,$10380,$2284,$-1113,$2172,$566,$1606,$1414,$1414,$2284,$2284,$3627,3627,$0.39,$0.39,$10348,$2359,$1420,$24174,$0,$4290,$9350,$0,$19355,$78640,$19985,$27130,$3596,$30725,$50710,$0,$0,$0,$27930,$78640,$0,$0,$0,$0,$0,$0,$0,$0,$0,$0,$0,$0,$0,$0,$0,$0,$0,$0,$0,$0,$0,$0,$0,$0,$0,$0,$0,$0,$0
16,2011-06-30,22.62,$0.00,0.0,$16.32,1.39,$3.84,5.9,$2.47,9.18,$20.90B,$20.09B,1.04,$24.15B,$28.59B,0.85,$51.65B,$26.59B,51.47%,$51.65B,$6.45B,12.48%,$51.65B,$6.45B,12.48%,$51.65B,$6.45B,12.48%,$51.65B,$12.79B,24.77%,$51.65B,$7.80B,15.09%,$7.80B,$28.59B,28.53%,$7.80B,$18.73B,44.21%,$7.80B,$76.49B,10.68%,$6.45B,$52.73B,12.39%,$13575,$5808,$7767,$0,$2459,$10211,$3364,$-379,$3049,$932,$2117,$2053,$2053,$3364,$3364,$1974,1974,$1.04,$1.04,$7603,$2369,$1478,$20902,$0,$4682,$9860,$3081,$20309,$76490,$20094,$24148,$1033,$27811,$47904,$8235,$17068,$0,$28586,$76490,$6311,$3851,$0,$3851,$0,$0,$0,$0,$-4955,$6057,$-3404,$0,$0,$0,$0,$-173,$-74,$-3651,$0,$505,$0,$0,$-2524,$-186,$-876,$-3081,$-724,$0,$0
17,2011-03-31,24.39,$0.00,0.0,$11.94,2.04,$2.49,9.79,$1.89,12.9,$20.10B,$16.94B,1.19,$24.15B,$0.00B,0.0,$46.15B,$23.46B,50.83%,$46.15B,$5.42B,11.73%,$46.15B,$5.42B,11.73%,$46.15B,$5.42B,11.73%,$46.15B,$11.85B,25.69%,$46.15B,$7.24B,15.69%,$7.24B,$28.24B,28.39%,$7.24B,$18.56B,43.70%,$7.24B,$72.97B,10.82%,$5.42B,$52.39B,11.16%,$12952,$5400,$7552,$0,$2331,$9585,$3367,$-321,$3062,$1015,$2047,$1949,$1949,$3367,$3367,$4019,4019,$0.49,$0.49,$7736,$2091,$1595,$20098,$0,$4310,$9675,$0,$19337,$72966,$16936,$24152,$3642,$27795,$44730,$0,$0,$0,$28236,$72966,$0,$0,$0,$0,$0,$0,$0,$0,$0,$0,$0,$0,$0,$0,$0,$0,$0,$0,$0,$0,$0,$0,$0,$0,$0,$0,$0,$0,$0
18,2010-12-31,24.07,$0.00,0.0,$11.12,2.17,$2.96,8.14,$1.82,13.26,$18.91B,$16.55B,1.14,$23.80B,$27.19B,0.88,$41.17B,$20.66B,50.19%,$41.17B,$4.60B,11.18%,$41.17B,$4.60B,11.18%,$41.17B,$5.61B,13.63%,$41.17B,$10.94B,26.56%,$41.17B,$6.66B,16.17%,$6.66B,$27.19B,30.29%,$6.66B,$17.49B,48.42%,$6.66B,$70.95B,11.34%,$4.60B,$50.99B,10.87%,$13118,$8825,$4293,$0,$4275,$16699,$-3581,$-657,$4061,$884,$3177,$1963,$1963,$-3581,$-3581,$4047,4047,$0.49,$0.49,$8195,$2111,$1069,$18914,$0,$4090,$9709,$2256,$18707,$70948,$16553,$23797,$1043,$27201,$43754,$7804,$15872,$0,$27194,$70948,$10936,$7369,$0,$7369,$0,$0,$0,$0,$-3669,$16311,$-6230,$0,$0,$0,$0,$-2546,$-329,$-9105,$0,$0,$2586,$0,$-1468,$-1391,$-3996,$-4269,$2928,$0,$0
19,2010-09-30,22.28,$0.00,0.0,$10.40,2.14,$2.81,7.92,$1.64,13.63,$24.90B,$16.05B,1.55,$26.70B,$0.00B,0.0,$36.30B,$20.48B,56.43%,$36.30B,$9.26B,25.51%,$36.30B,$9.26B,25.51%,$36.30B,$10.27B,28.28%,$36.30B,$8.62B,23.74%,$36.30B,$5.69B,15.68%,$5.69B,$25.29B,30.63%,$5.69B,$15.77B,51.67%,$5.69B,$71.56B,11.46%,$9.26B,$51.99B,26.49%,$12008,$5033,$6975,$0,$1959,$8711,$3297,$-677,$2620,$610,$2011,$1831,$1831,$3297,$3297,$4036,4036,$0.46,$0.46,$13955,$1869,$1231,$24898,$0,$1372,$9517,$0,$14969,$71562,$16050,$26697,$3527,$30224,$46274,$0,$0,$0,$25288,$71562,$0,$0,$0,$0,$0,$0,$0,$0,$0,$0,$0,$0,$0,$0,$0,$0,$0,$0,$0,$0,$0,$0,$0,$0,$0,$0,$0,$0,$0
20,2010-06-30,19.75,$0.00,0.0,$9.72,2.03,$2.81,7.02,$1.61,12.26,$18.42B,$11.50B,1.6,$17.45B,$0.00B,0.0,$31.88B,$18.03B,56.55%,$31.88B,$8.11B,25.44%,$31.88B,$8.11B,25.44%,$31.88B,$9.12B,28.60%,$31.88B,$7.98B,25.03%,$31.88B,$5.28B,16.57%,$5.28B,$21.31B,33.51%,$5.28B,$14.47B,60.16%,$5.28B,$52.23B,13.17%,$8.11B,$38.75B,29.71%,$8069,$3431,$4638,$0,$1263,$5737,$2332,$-191,$2111,$617,$1494,$1499,$1499,$2332,$2332,$3223,3223,$0.47,$0.47,$12333,$1672,$514,$18417,$0,$8402,$6836,$0,$17042,$52232,$11497,$17447,$1983,$19429,$30926,$0,$0,$0,$21306,$52232,$0,$0,$0,$0,$0,$0,$0,$0,$0,$0,$0,$0,$0,$0,$0,$0,$0,$0,$0,$0,$0,$0,$0,$0,$0,$0,$0,$0,$0
21,2010-03-31,20.93,$0.00,0.0,$9.37,2.23,$2.81,7.44,$1.66,12.61,$15.05B,$10.46B,1.44,$13.55B,$14.11B,0.96,$30.86B,$17.67B,57.25%,$30.86B,$7.88B,25.52%,$30.86B,$7.88B,25.52%,$30.86B,$8.88B,28.79%,$30.86B,$8.07B,26.16%,$30.86B,$5.47B,17.73%,$5.47B,$14.11B,40.71%,$5.47B,$7.27B,85.13%,$5.47B,$40.13B,15.64%,$7.88B,$27.66B,34.96%,$7979,$3221,$4758,$0,$1195,$5425,$2555,$-158,$2143,$821,$1322,$1364,$1364,$3563,$2555,$3328,3328,$0.41,$0.41,$8928,$1541,$622,$15048,$0,$76,$6835,$536,$8640,$40133,$10455,$13551,$847,$15570,$26025,$2094,$11735,$0,$14108,$40133,$2143,$1009,$0,$1009,$0,$0,$0,$0,$-1241,$1885,$-330,$0,$0,$0,$0,$0,$0,$-330,$0,$5808,$0,$0,$-424,$-1,$-166,$5217,$6779,$0,$0
22,2009-12-31,19.53,$0.00,0.0,$8.98,2.18,$2.34,8.33,$1.60,12.21,$8.28B,$10.74B,0.77,$7.79B,$13.62B,0.57,$29.45B,$16.81B,57.08%,$29.45B,$7.20B,24.46%,$29.45B,$7.20B,24.46%,$29.45B,$7.20B,24.46%,$29.45B,$7.60B,25.81%,$29.45B,$5.25B,17.83%,$5.25B,$13.62B,41.71%,$5.25B,$6.55B,92.68%,$5.25B,$34.69B,16.32%,$7.20B,$21.41B,35.94%,$8247,$4133,$4113,$0,$1578,$7170,$1076,$-156,$1746,$85,$1660,$998,$998,$1076,$1076,$3271,3271,$0.31,$0.31,$2103,$1649,$244,$8278,$0,$75,$7072,$660,$9025,$34688,$10740,$7790,$829,$10325,$21065,$2797,$8872,$0,$13623,$34688,$7600,$4066,$0,$4066,$0,$0,$0,$0,$-461,$11701,$-4032,$0,$0,$0,$0,$0,$0,$-4032,$0,$-2752,$0,$0,$-1888,$-1950,$-655,$-7245,$410,$0,$0
23,2009-09-30,17.94,$0.00,0.0,$8.60,2.09,$1.32,13.6,$1.67,10.77,$7.34B,$9.57B,0.77,$7.33B,$0.00B,0.0,$28.47B,$19.09B,67.05%,$28.47B,$11.92B,41.85%,$28.47B,$11.92B,41.85%,$28.47B,$11.92B,41.85%,$28.47B,$5.53B,19.43%,$28.47B,$5.51B,19.35%,$5.51B,$14.01B,46.44%,$5.51B,$6.82B,110.36%,$5.51B,$33.32B,17.47%,$11.92B,$21.33B,61.03%,$7582,$3063,$4519,$0,$1419,$5437,$2145,$-115,$1980,$571,$1408,$1420,$1420,$2145,$2145,$3302,3302,$0.43,$0.43,$1250,$1640,$504,$7338,$0,$73,$7186,$0,$8638,$33320,$9571,$7327,$2415,$9742,$19313,$0,$0,$0,$14007,$33320,$0,$0,$0,$0,$0,$0,$0,$0,$0,$0,$0,$0,$0,$0,$0,$0,$0,$0,$0,$0,$0,$0,$0,$0,$0,$0,$0,$0,$0
24,2009-06-30,15.67,$0.00,0.0,$8.75,1.79,$1.32,11.88,$1.59,9.86,$7.20B,$9.80B,0.74,$7.68B,$0.00B,0.0,$29.17B,$19.41B,66.54%,$29.17B,$12.17B,41.72%,$29.17B,$12.17B,41.72%,$29.17B,$12.17B,41.72%,$29.17B,$5.59B,19.16%,$29.17B,$5.29B,18.14%,$5.29B,$12.01B,46.49%,$5.29B,$5.06B,129.40%,$5.29B,$31.78B,16.52%,$12.17B,$19.70B,62.37%,$7051,$2774,$4277,$0,$1327,$4951,$2100,$105,$2205,$520,$1686,$1688,$1688,$2100,$2100,$3278,3278,$0.52,$0.52,$1474,$1617,$566,$7196,$0,$67,$6953,$0,$8335,$31777,$9795,$7684,$2285,$9969,$19764,$0,$0,$0,$12012,$31777,$0,$0,$0,$0,$0,$0,$0,$0,$0,$0,$0,$0,$0,$0,$0,$0,$0,$0,$0,$0,$0,$0,$0,$0,$0,$0,$0,$0,$0
25,2009-03-31,10.96,$0.00,0.0,$8.98,1.22,$1.32,8.31,$1.58,6.96,$6.10B,$9.21B,0.66,$7.03B,$0.00B,0.0,$30.24B,$19.88B,65.76%,$30.24B,$12.43B,41.11%,$30.24B,$12.43B,41.11%,$30.24B,$12.43B,41.11%,$30.24B,$5.67B,18.74%,$30.24B,$5.30B,17.54%,$5.30B,$10.71B,45.49%,$5.30B,$4.23B,137.03%,$5.30B,$28.89B,16.24%,$12.43B,$17.74B,63.62%,$6568,$2668,$3901,$0,$1218,$4686,$1883,$-213,$1669,$528,$1142,$1145,$1145,$1883,$1883,$3270,3270,$0.35,$0.35,$545,$1759,$552,$6103,$0,$61,$6480,$0,$7690,$28885,$9206,$7025,$1939,$8965,$18171,$0,$0,$0,$10714,$28885,$0,$0,$0,$0,$0,$0,$0,$0,$0,$0,$0,$0,$0,$0,$0,$0,$0,$0,$0,$0,$0,$0,$0,$0,$0,$0,$0,$0,$0
26,2008-12-31,12.55,$0.00,0.0,$9.33,1.34,$1.32,9.51,$1.63,7.72,$8.38B,$10.92B,0.77,$8.62B,$10.70B,0.81,$31.23B,$20.45B,65.46%,$31.23B,$12.76B,40.85%,$31.23B,$12.76B,40.85%,$31.23B,$12.76B,40.85%,$31.23B,$5.87B,18.79%,$31.23B,$5.44B,17.42%,$5.44B,$10.70B,44.53%,$5.44B,$3.85B,133.87%,$5.44B,$32.16B,16.14%,$12.76B,$19.33B,63.67%,$7269,$876,$6393,$0,$421,$1482,$5787,$-410,$-322,$-536,$215,$1255,$1255,$5787,$5787,$3392,3392,$0.37,$0.37,$1863,$2349,$273,$8383,$0,$58,$6854,$678,$8277,$32164,$10916,$8624,$840,$10544,$21460,$2698,$6555,$0,$10704,$32164,$5869,$3084,$0,$3084,$0,$0,$0,$0,$-3789,$6459,$-1984,$0,$-35,$0,$0,$0,$-1015,$-3034,$0,$1501,$0,$0,$-3075,$-651,$-598,$-2823,$748,$0,$0
27,2008-09-30,18.77,$0.00,0.0,$9.45,1.99,$-1026.55,0.0,$1.68,11.2,$8.66B,$11.68B,0.74,$9.17B,$0.00B,0.0,$31.80B,$18.14B,57.05%,$31.80B,$8.40B,26.40%,$31.80B,$8.40B,26.40%,$31.80B,$8.40B,26.40%,$31.80B,$8.10B,25.46%,$31.80B,$5.64B,17.75%,$5.64B,$12.10B,45.30%,$5.64B,$3.21B,140.38%,$5.64B,$35.25B,16.75%,$8.40B,$21.27B,41.83%,$8277,$3442,$4836,$0,$1454,$5881,$2397,$-362,$2035,$830,$1205,$1203,$1203,$2397,$2397,$3389,3389,$0.36,$0.36,$1174,$2568,$636,$8659,$0,$66,$8883,$0,$10296,$35249,$11680,$9172,$2300,$11471,$23151,$0,$0,$0,$12097,$35249,$0,$0,$0,$0,$0,$0,$0,$0,$0,$0,$0,$0,$0,$0,$0,$0,$0,$0,$0,$0,$0,$0,$0,$0,$0,$0,$0,$0,$0
28,2008-06-30,21.14,$0.00,0.0,$9.04,2.34,$-1026.55,0.0,$1.61,13.13,$8.06B,$12.37B,0.65,$6.71B,$0.00B,0.0,$30.61B,$17.40B,56.85%,$30.61B,$7.80B,25.47%,$30.61B,$7.80B,25.47%,$30.61B,$7.80B,25.47%,$30.61B,$7.74B,25.29%,$30.61B,$5.45B,17.81%,$5.45B,$13.11B,42.44%,$5.45B,$4.18B,116.73%,$5.45B,$34.26B,16.60%,$7.80B,$19.82B,38.82%,$8122,$3370,$4752,$0,$1420,$5757,$2364,$-77,$2285,$588,$1697,$1699,$1699,$2364,$2364,$3398,3398,$0.50,$0.50,$799,$2424,$784,$8058,$0,$59,$8928,$0,$10293,$34262,$12374,$6714,$2066,$8780,$21154,$0,$0,$0,$13108,$34262,$0,$0,$0,$0,$0,$0,$0,$0,$0,$0,$0,$0,$0,$0,$0,$0,$0,$0,$0,$0,$0,$0,$0,$0,$0,$0,$0,$0,$0
29,2008-03-31,25.52,$0.00,0.0,$8.49,3.01,$-1026.55,0.0,$1.47,17.36,$8.46B,$11.31B,0.75,$6.77B,$0.00B,0.0,$29.42B,$16.64B,56.57%,$29.42B,$7.44B,25.29%,$29.42B,$7.44B,25.29%,$29.42B,$7.44B,25.29%,$29.42B,$7.38B,25.08%,$29.42B,$5.11B,17.37%,$5.11B,$12.96B,40.61%,$5.11B,$5.01B,109.62%,$5.11B,$33.13B,16.00%,$7.44B,$19.73B,37.09%,$7564,$3099,$4465,$0,$1308,$5353,$2210,$-339,$1871,$588,$1283,$1283,$1283,$2210,$2210,$3209,3209,$0.40,$0.40,$1661,$2134,$753,$8457,$0,$57,$7953,$0,$9263,$33134,$11312,$6765,$2095,$8860,$20172,$0,$0,$0,$12962,$33134,$0,$0,$0,$0,$0,$0,$0,$0,$0,$0,$0,$0,$0,$0,$0,$0,$0,$0,$0,$0,$0,$0,$0,$0,$0,$0,$0,$0,$0
30,2007-12-31,24.6,$0.00,0.0,$7.85,3.13,$-1026.55,0.0,$1.48,16.68,$7.58B,$10.68B,0.71,$7.80B,$11.67B,0.67,$28.02B,$15.83B,56.52%,$28.02B,$7.18B,25.63%,$28.02B,$7.18B,25.63%,$28.02B,$7.18B,25.63%,$28.02B,$7.47B,26.65%,$28.02B,$5.28B,18.83%,$5.28B,$11.67B,43.11%,$5.28B,$3.68B,110.04%,$5.28B,$32.13B,16.96%,$7.18B,$19.48B,35.48%,$7839,$3749,$4091,$0,$1523,$6414,$1425,$-178,$1906,$314,$1592,$1459,$1459,$1425,$1425,$3474,3474,$0.42,$0.42,$1107,$1938,$413,$7577,$0,$54,$7996,$813,$9175,$32128,$10680,$7804,$820,$9774,$20454,$3364,$8621,$0,$11674,$32128,$5402,$3757,$0,$3757,$0,$0,$0,$0,$-2357,$9256,$-3575575,$0,$-1788,$0,$0,$-73,$3571943,$-5493,$0,$-1171,$0,$0,$-1183,$-3877,$-382,$-6613,$-2851,$0,$0
31,2007-09-30,24.9,$0.00,0.0,$7.30,3.41,$0.66,37.87,$1.34,18.65,$8.66B,$9.27B,0.94,$7.65B,$0.00B,0.0,$26.19B,$14.55B,55.55%,$26.19B,$7.06B,26.95%,$26.19B,$7.06B,26.95%,$26.19B,$7.06B,26.95%,$26.19B,$7.17B,27.36%,$26.19B,$4.81B,18.36%,$4.81B,$13.65B,40.61%,$4.81B,$5.82B,98.16%,$4.81B,$31.89B,15.79%,$7.06B,$21.29B,35.53%,$7082,$2991,$4091,$0,$1187,$5286,$1796,$-115,$1680,$668,$1012,$1011,$1011,$1796,$1796,$3472,3472,$0.29,$0.29,$2492,$1799,$578,$8661,$0,$52,$7829,$0,$8877,$31888,$9268,$7645,$1331,$8975,$18244,$0,$0,$0,$13645,$31888,$0,$0,$0,$0,$0,$0,$0,$0,$0,$0,$0,$0,$0,$0,$0,$0,$0,$0,$0,$0,$0,$0,$0,$0,$0,$0,$0,$0,$0
32,2007-06-30,23.95,$0.00,0.0,$6.66,3.6,$0.66,36.43,$1.33,18.08,$7.82B,$9.57B,0.82,$7.70B,$0.00B,0.0,$24.36B,$13.29B,54.57%,$24.36B,$6.57B,26.97%,$24.36B,$6.57B,26.97%,$24.36B,$6.57B,26.97%,$24.36B,$6.82B,28.00%,$24.36B,$4.84B,19.87%,$4.84B,$12.04B,44.10%,$4.84B,$4.14B,100.65%,$4.84B,$30.59B,16.79%,$6.57B,$19.74B,35.08%,$6932,$2938,$3994,$0,$1161,$4923,$2009,$-88,$1921,$564,$1357,$1356,$1356,$2009,$2009,$3779,3779,$0.36,$0.36,$1609,$1584,$626,$7821,$0,$53,$7898,$0,$8991,$30587,$9571,$7703,$1275,$8977,$18549,$0,$0,$0,$12038,$30587,$0,$0,$0,$0,$0,$0,$0,$0,$0,$0,$0,$0,$0,$0,$0,$0,$0,$0,$0,$0,$0,$0,$0,$0,$0,$0,$0,$0,$0
33,2007-03-31,18.49,$0.00,0.0,$6.21,2.98,$0.66,28.11,$1.24,14.97,$7.99B,$9.07B,0.88,$8.86B,$0.00B,0.0,$22.41B,$11.99B,53.50%,$22.41B,$5.75B,25.65%,$22.41B,$5.75B,25.65%,$22.41B,$5.75B,25.65%,$22.41B,$6.16B,27.50%,$22.41B,$4.45B,19.86%,$4.45B,$11.60B,42.90%,$4.45B,$5.55B,89.10%,$4.45B,$29.86B,16.24%,$5.75B,$20.46B,32.18%,$6162,$2505,$3658,$0,$1024,$4211,$1951,$9,$1960,$520,$1440,$1450,$1450,$1951,$1951,$3580,3580,$0.41,$0.41,$1945,$1562,$726,$7993,$0,$2274,$6052,$0,$9079,$29861,$9073,$8861,$330,$9192,$18265,$0,$0,$0,$11596,$29860,$0,$0,$0,$0,$0,$0,$0,$0,$0,$0,$0,$0,$0,$0,$0,$0,$0,$0,$0,$0,$0,$0,$0,$0,$0,$0,$0,$0,$0
34,2006-12-31,17.49,$0.00,0.0,$5.86,2.98,$0.66,26.6,$1.09,16.05,$9.99B,$11.19B,0.89,$7.89B,$10.08B,0.78,$21.06B,$11.01B,52.29%,$21.06B,$4.97B,23.61%,$21.06B,$4.97B,23.61%,$21.06B,$4.97B,23.61%,$21.06B,$5.48B,26.01%,$21.06B,$3.91B,18.58%,$3.91B,$10.08B,40.10%,$3.91B,$4.09B,83.94%,$3.91B,$29.47B,15.20%,$4.97B,$17.96B,30.51%,$6017,$3211,$2806,$0,$773,$4715,$1302,$-76,$1606,$555,$1051,$991,$991,$1302,$1302,$3539,3539,$0.28,$0.28,$3995,$1778,$460,$9992,$0,$51,$5983,$699,$6806,$29473,$11185,$7886,$0,$8212,$19397,$3238,$7979,$0,$10076,$29473,$3943,$2483,$0,$2483,$0,$0,$0,$0,$210,$6530,$-4203,$0,$376,$0,$0,$-1282,$-45,$-5154,$0,$0,$2464,$0,$-691,$-203,$-274,$1296,$2672,$0,$0
