,Date,Stock Price,Book Value per Share,Price to Book Ratio,TTM Sales per Share,Price to Sales Ratio,TTM FCF per Share,Price to FCF Ratio,TTM Net EPS,PE Ratio,Current Assets,Current Liabilities,Current Ratio,Long Term Debt,Shareholder's Equity_x,Debt to Equity Ratio,TTM Revenue_x,TTM Gross Profit,Gross Margin,TTM Revenue_y,TTM Operating Income,Operating Margin,TTM Revenue_x,TTM EBIT,EBIT Margin,TTM Revenue_y,TTM EBITDA,EBITDA Margin,TTM Revenue_x,TTM Pre-Tax Income,Pre-Tax Margin,TTM Revenue_y,TTM Net Income_x,Net Margin,TTM Net Income_y,Shareholder's Equity_y,Return on Equity,TTM Net Income_x,Tangible Equity,Return on Tangible Equity,TTM Net Income_y,Total Assets,Return on Assets,TTM Net Income,LT Investments & Debt,Return on Investment,revenue,cost-goods-sold,gross-profit,research-development-expenses,selling-general-administrative-expenses,operating-expenses,operating-income,total-non-operating-income-expense,pre-tax-income,total-provision-income-taxes,income-after-taxes,income-from-continuous-operations,net-income,ebitda,ebit,basic-shares-outstanding,shares-outstanding,eps-basic-net-earnings-per-share,eps-earnings-per-share-diluted,cash-on-hand,inventory,other-current-assets,total-current-assets,net-property-plant-equipment,long-term-investments,goodwill-intangible-assets-total,other-long-term-assets,total-long-term-assets,total-assets,total-current-liabilities,long-term-debt,other-non-current-liabilities,total-long-term-liabilities,total-liabilities,common-stock-net,retained-earnings-accumulated-deficit,comprehensive-income,total-share-holder-equity,total-liabilities-share-holders-equity,net-income-loss,total-depreciation-amortization-cash-flow,other-non-cash-items,total-non-cash-items,change-in-accounts-receivable,change-in-inventories,change-in-accounts-payable,change-in-assets-liabilities,total-change-in-assets-liabilities,cash-flow-from-operating-activities,net-change-in-property-plant-equipment,net-change-in-intangible-assets,net-acquisitions-divestitures,net-change-in-short-term-investments,net-change-in-long-term-investments,net-change-in-investments-total,investing-activities-other,cash-flow-from-investing-activities,net-long-term-debt,net-current-debt,debt-issuance-retirement-net-total,net-common-equity-issued-repurchased,net-total-equity-issued-repurchased,total-common-preferred-stock-dividends-paid,financial-activities-other,cash-flow-from-financial-activities,net-cash-flow,stock-based-compensation,common-stock-dividends-paid
0,2018-09-30,41.55,$29.11,1.43,$232.65,0.18,$7.88,5.27,$4.95,8.39,$4.44B,$5.17B,0.86,$1.96B,$2.62B,0.75,$21.69B,$3.42B,15.75%,$21.69B,$0.81B,3.74%,$21.69B,$0.81B,3.74%,$21.69B,$0.98B,4.52%,$21.69B,$0.58B,2.65%,$21.69B,$0.46B,2.10%,$0.46B,$2.62B,18.27%,$0.46B,$0.51B,116.89%,$0.46B,$10.12B,4.45%,$0.81B,$4.58B,18.20%,$5349,$4494,$855,$0,$626,$5146,$204,$-59,$145,$33,$112,$112,$112,$248,$204,$90,91,$1.24,$1.23,$53,$3381,$203,$4438,$3086,$0,$2112,$485,$5682,$10120,$5171,$1962,$281,$2331,$7502,$1,$3146,$0,$2618,$10120,$303,$128,$-36,$92,$309,$-45,$-28,$-94,$142,$535,$-258,$0,$76,$0,$0,$0,$10,$-172,$-414,$122,$-292,$-84,$-84,$0,$-5,$-381,$-18,$22,$0
1,2018-06-30,48.58,$27.84,1.74,$229.34,0.21,$7.18,6.77,$4.72,10.29,$4.70B,$5.48B,0.86,$1.96B,$2.50B,0.78,$21.77B,$3.41B,15.65%,$21.77B,$0.82B,3.75%,$21.77B,$0.82B,3.75%,$21.77B,$0.99B,4.53%,$21.77B,$0.59B,2.70%,$21.77B,$0.44B,2.03%,$0.44B,$2.50B,18.48%,$0.44B,$0.41B,159.64%,$0.44B,$10.29B,4.33%,$0.82B,$4.46B,19.55%,$5392,$4540,$852,$0,$625,$5201,$191,$-62,$130,$32,$97,$97,$98,$234,$191,$91,91,$1.08,$1.07,$53,$3587,$209,$4704,$3023,$0,$2087,$474,$5585,$10289,$5476,$1958,$277,$2312,$7788,$1,$3034,$0,$2501,$10289,$191,$84,$147,$231,$257,$-249,$-27,$-111,$-130,$291,$-178,$0,$94,$0,$0,$0,$1,$-82,$-5,$-129,$-135,$-86,$-86,$0,$-5,$-226,$-17,$18,$0
2,2018-03-31,46.78,$27.07,1.73,$222.23,0.21,$6.62,7.07,$4.51,10.37,$4.65B,$5.43B,0.86,$1.96B,$2.47B,0.79,$21.66B,$3.38B,15.61%,$21.66B,$0.82B,3.80%,$21.66B,$0.82B,3.80%,$21.66B,$0.99B,4.57%,$21.66B,$0.60B,2.78%,$21.66B,$0.43B,1.99%,$0.43B,$2.47B,18.07%,$0.43B,$0.37B,164.50%,$0.43B,$10.22B,4.25%,$0.82B,$4.43B,20.59%,$5260,$4418,$842,$0,$627,$5074,$186,$-60,$126,$33,$93,$93,$94,$228,$186,$92,93,$1.02,$1.01,$58,$3529,$177,$4647,$3000,$0,$2101,$472,$5573,$10220,$5434,$1959,$280,$2315,$7748,$1,$2936,$0,$2472,$10220,$94,$42,$4,$46,$215,$-178,$-1,$23,$59,$199,$-102,$0,$87,$0,$0,$0,$1,$-13,$-1,$-184,$-185,$-10,$-10,$0,$-2,$-198,$-12,$14,$0
3,2017-12-31,51.33,$25.88,1.98,$216.08,0.24,$6.49,7.91,$4.47,11.48,$4.80B,$5.64B,0.85,$1.96B,$2.37B,0.83,$21.53B,$3.36B,15.60%,$21.53B,$0.84B,3.91%,$21.53B,$0.84B,3.91%,$21.53B,$1.01B,4.68%,$21.53B,$0.64B,2.96%,$21.53B,$0.44B,2.02%,$0.44B,$2.37B,18.31%,$0.44B,$0.27B,174.87%,$0.44B,$10.27B,4.30%,$0.84B,$4.33B,21.63%,$5684,$4816,$867,$0,$622,$5454,$229,$-55,$174,$22,$152,$152,$151,$271,$229,$98,98,$1.60,$1.60,$69,$3366,$252,$4798,$2963,$0,$2102,$410,$5474,$10272,$5636,$1959,$235,$2267,$7902,$1,$2832,$0,$2369,$10272,$435,$164,$-132,$33,$-62,$39,$1,$102,$80,$540,$-291,$0,$28,$0,$0,$0,$35,$-228,$584,$-612,$-28,$-396,$-396,$0,$117,$-307,$4,$21,$0
4,2017-09-30,47.46,$24.12,1.97,$211.00,0.22,$6.63,7.16,$3.97,11.95,$4.45B,$6.13B,0.73,$1.30B,$2.20B,0.59,$21.33B,$3.30B,15.48%,$21.33B,$0.85B,3.99%,$21.33B,$0.85B,3.99%,$21.33B,$1.01B,4.73%,$21.33B,$0.65B,3.05%,$21.33B,$0.40B,1.87%,$0.40B,$2.20B,16.90%,$0.40B,$0.05B,171.80%,$0.40B,$9.96B,3.96%,$0.85B,$3.50B,22.42%,$5432,$4587,$846,$0,$608,$5221,$211,$-53,$158,$60,$98,$98,$98,$254,$211,$97,98,$1.00,$1.00,$53,$3409,$87,$4450,$2949,$0,$2146,$409,$5505,$9955,$6128,$1296,$231,$1626,$7754,$1,$3417,$0,$2201,$9955,$283,$122,$-231,$-109,$144,$94,$-26,$75,$288,$457,$-227,$0,$-9,$0,$0,$0,$33,$-204,$-11,$150,$139,$-401,$-401,$0,$-1,$-262,$-9,$18,$0
5,2017-06-30,42.16,$24.88,1.69,$209.66,0.2,$7.14,5.91,$4.02,10.49,$4.65B,$6.11B,0.76,$1.22B,$2.50B,0.49,$21.47B,$3.29B,15.33%,$21.47B,$0.86B,4.00%,$21.47B,$0.86B,4.00%,$21.47B,$1.01B,4.72%,$21.47B,$0.67B,3.11%,$21.47B,$0.41B,1.90%,$0.41B,$2.50B,17.24%,$0.41B,$0.36B,159.69%,$0.41B,$10.15B,4.08%,$0.86B,$3.72B,21.92%,$5279,$4453,$826,$0,$611,$5083,$196,$-51,$145,$57,$88,$88,$88,$237,$196,$101,102,$0.87,$0.86,$53,$3713,$85,$4646,$2951,$0,$2143,$410,$5504,$10150,$6109,$1216,$227,$1543,$7651,$1,$3319,$0,$2499,$10150,$186,$79,$-31,$48,$233,$-199,$-14,$-12,$8,$239,$-170,$0,$-18,$0,$0,$0,$34,$-155,$-7,$-73,$-80,$-12,$-12,$0,$-1,$-94,$-10,$16,$0
6,2017-03-31,42.29,$24.03,1.76,$210.17,0.2,$7.55,5.6,$4.24,9.97,$4.68B,$5.72B,0.82,$1.62B,$2.43B,0.66,$21.63B,$3.31B,15.29%,$21.63B,$0.89B,4.11%,$21.63B,$0.89B,4.11%,$21.63B,$1.04B,4.80%,$21.63B,$0.71B,3.26%,$21.63B,$0.43B,2.00%,$0.43B,$2.43B,18.94%,$0.43B,$0.32B,202.82%,$0.43B,$10.09B,4.36%,$0.89B,$4.05B,22.43%,$5139,$4320,$820,$0,$595,$4933,$207,$-47,$160,$62,$98,$98,$98,$245,$207,$101,102,$0.97,$0.97,$56,$3693,$98,$4677,$2897,$0,$2116,$403,$5416,$10093,$5723,$1616,$225,$1936,$7659,$1,$3231,$0,$2434,$10093,$98,$39,$-1,$38,$202,$-186,$7,$35,$57,$186,$-92,$0,$4,$0,$0,$0,$13,$-75,$-4,$-136,$-139,$22,$22,$0,$-0,$-118,$-8,$5,$0
7,2016-12-31,48.65,$22.95,2.12,$207.25,0.23,$7.91,6.15,$4.16,11.69,$4.72B,$5.83B,0.81,$1.61B,$2.31B,0.7,$21.61B,$3.31B,15.33%,$21.61B,$0.89B,4.11%,$21.61B,$0.89B,4.11%,$21.61B,$1.04B,4.80%,$21.61B,$0.70B,3.25%,$21.61B,$0.43B,1.99%,$0.43B,$2.31B,19.59%,$0.43B,$0.20B,272.15%,$0.43B,$10.06B,4.35%,$0.89B,$3.92B,22.74%,$5481,$4671,$809,$0,$584,$5244,$237,$-49,$188,$72,$116,$116,$115,$274,$237,$103,104,$1.14,$1.13,$65,$3520,$97,$4715,$2843,$0,$2110,$393,$5345,$10060,$5829,$1611,$218,$1921,$7750,$1,$3133,$0,$2310,$10060,$431,$149,$-217,$-68,$-99,$259,$-6,$10,$164,$516,$-238,$0,$-260,$0,$0,$0,$8,$-490,$-27,$343,$316,$-506,$-506,$0,$154,$-36,$-9,$25,$0
8,2016-09-30,48.71,$21.94,2.22,$201.34,0.24,$7.62,6.39,$3.89,12.52,$4.42B,$5.40B,0.82,$1.77B,$2.22B,0.8,$21.47B,$3.32B,15.45%,$21.47B,$0.85B,3.97%,$21.47B,$0.85B,3.97%,$21.47B,$1.00B,4.65%,$21.47B,$0.67B,3.14%,$21.47B,$0.41B,1.92%,$0.41B,$2.22B,18.73%,$0.41B,$0.15B,174.63%,$0.41B,$9.69B,4.23%,$0.85B,$3.99B,21.55%,$5568,$4731,$836,$0,$591,$5349,$219,$-44,$175,$67,$108,$108,$107,$257,$219,$102,103,$1.05,$1.05,$62,$3448,$123,$4422,$2808,$0,$2073,$384,$5265,$9687,$5398,$1770,$210,$2068,$7466,$1,$3018,$0,$2221,$9687,$315,$111,$-412,$-301,$138,$320,$-4,$10,$464,$479,$-185,$0,$-275,$0,$0,$0,$4,$-457,$-11,$454,$443,$-478,$-478,$0,$1,$-34,$-12,$23,$0
9,2016-06-30,46.98,$21.13,2.22,$194.20,0.24,$7.49,6.28,$3.88,12.11,$4.66B,$5.58B,0.84,$1.74B,$2.16B,0.81,$21.26B,$3.31B,15.57%,$21.26B,$0.87B,4.09%,$21.26B,$0.87B,4.09%,$21.26B,$1.01B,4.75%,$21.26B,$0.69B,3.27%,$21.26B,$0.43B,2.00%,$0.43B,$2.16B,19.18%,$0.43B,$0.19B,129.67%,$0.43B,$9.79B,4.45%,$0.87B,$3.90B,21.95%,$5441,$4600,$842,$0,$585,$5215,$227,$-43,$183,$71,$112,$112,$112,$263,$227,$103,104,$1.09,$1.08,$55,$3661,$131,$4664,$2772,$0,$1972,$380,$5124,$9788,$5576,$1738,$218,$2054,$7630,$1,$2911,$0,$2158,$9788,$208,$73,$-162,$-88,$111,$62,$-20,$-45,$109,$228,$-116,$0,$-213,$0,$0,$0,$3,$-326,$-7,$503,$497,$-419,$-419,$0,$1,$78,$-19,$19,$0
10,2016-03-31,46.68,$20.28,2.3,$187.07,0.25,$7.34,6.36,$3.80,12.28,$4.87B,$5.86B,0.83,$1.74B,$2.09B,0.83,$21.04B,$3.29B,15.62%,$21.04B,$0.87B,4.11%,$21.04B,$0.87B,4.11%,$21.04B,$1.00B,4.77%,$21.04B,$0.70B,3.32%,$21.04B,$0.43B,2.03%,$0.43B,$2.09B,19.04%,$0.43B,$0.10B,102.09%,$0.43B,$10.00B,4.60%,$0.87B,$3.83B,21.58%,$5120,$4294,$826,$0,$589,$4912,$207,$-51,$157,$61,$96,$96,$96,$244,$207,$107,107,$0.90,$0.89,$48,$3928,$130,$4873,$2768,$0,$1992,$365,$5125,$9998,$5861,$1743,$212,$2047,$7907,$1,$2799,$0,$2091,$9998,$96,$37,$31,$68,$161,$-147,$3,$17,$34,$198,$-60,$0,$-251,$0,$0,$0,$-1,$-311,$-3,$459,$456,$-371,$-371,$0,$1,$86,$-26,$15,$0
11,2015-12-31,59.66,$21.20,2.81,$182.35,0.33,$7.20,8.28,$3.88,15.38,$4.71B,$5.17B,0.91,$1.75B,$2.35B,0.74,$20.86B,$3.26B,15.63%,$20.86B,$0.87B,4.18%,$20.86B,$0.87B,4.18%,$20.86B,$1.01B,4.82%,$20.86B,$0.72B,3.47%,$20.86B,$0.44B,2.13%,$0.44B,$2.35B,19.51%,$0.44B,$0.52B,84.81%,$0.44B,$9.55B,4.98%,$0.87B,$4.10B,21.25%,$5340,$4528,$812,$0,$569,$5139,$200,$-41,$159,$61,$98,$98,$98,$235,$200,$113,114,$0.89,$0.88,$74,$3612,$115,$4710,$2667,$0,$1834,$337,$4839,$9548,$5167,$1745,$208,$2032,$7199,$1,$2703,$0,$2349,$9548,$443,$132,$502,$634,$-92,$-549,$38,$32,$-571,$507,$-235,$0,$-278,$0,$0,$0,$3,$-509,$721,$-511,$210,$-207,$-207,$0,$-2,$1,$-1,$24,$0
12,2015-09-30,58.18,$20.40,2.85,$177.93,0.33,$7.18,8.11,$4.03,14.44,$4.25B,$4.47B,0.95,$1.75B,$2.27B,0.77,$20.57B,$3.23B,15.72%,$20.57B,$0.90B,4.37%,$20.57B,$0.90B,4.38%,$20.57B,$1.03B,4.98%,$20.57B,$0.75B,3.66%,$20.57B,$0.46B,2.25%,$0.46B,$2.27B,20.98%,$0.46B,$0.51B,93.44%,$0.46B,$8.85B,5.36%,$0.90B,$4.01B,21.77%,$5354,$4523,$830,$0,$569,$5118,$236,$-40,$195,$76,$119,$119,$119,$267,$236,$112,114,$1.05,$1.04,$64,$3227,$203,$4252,$2494,$0,$1753,$353,$4600,$8851,$4474,$1748,$204,$2113,$6587,$2,$4102,$0,$2265,$8851,$345,$97,$187,$284,$59,$-271,$17,$37,$-157,$475,$-166,$0,$-88,$0,$0,$0,$1,$-253,$733,$-788,$-55,$-187,$-187,$0,$8,$-234,$-12,$21,$0
13,2015-06-30,62.98,$20.16,3.12,$172.23,0.37,$7.00,8.99,$3.89,16.19,$4.27B,$4.40B,0.97,$1.81B,$2.29B,0.79,$20.13B,$3.16B,15.68%,$20.13B,$0.87B,4.32%,$20.13B,$0.87B,4.33%,$20.13B,$0.99B,4.94%,$20.13B,$0.73B,3.64%,$20.13B,$0.45B,2.24%,$0.45B,$2.29B,21.04%,$0.45B,$0.55B,96.06%,$0.45B,$8.84B,5.39%,$0.87B,$4.09B,21.18%,$5224,$4405,$819,$0,$569,$5002,$222,$-35,$187,$72,$115,$115,$115,$258,$222,$114,115,$1.01,$1.00,$65,$3231,$207,$4274,$2489,$0,$1733,$343,$4566,$8839,$4396,$1806,$207,$2158,$6554,$2,$3983,$0,$2285,$8839,$227,$66,$210,$275,$47,$-297,$0,$-10,$-260,$242,$-135,$0,$-57,$0,$0,$0,$2,$-190,$-10,$-22,$-32,$-43,$-43,$0,$12,$-62,$-10,$17,$0
14,2015-03-31,64.33,$19.36,3.32,$166.48,0.39,$6.97,9.23,$3.72,17.29,$3.99B,$3.86B,1.03,$2.03B,$2.21B,0.92,$19.69B,$3.08B,15.65%,$19.69B,$0.85B,4.30%,$19.69B,$0.85B,4.30%,$19.69B,$0.96B,4.89%,$19.69B,$0.71B,3.60%,$19.69B,$0.44B,2.21%,$0.44B,$2.21B,20.72%,$0.44B,$0.52B,93.86%,$0.44B,$8.44B,5.37%,$0.85B,$4.24B,20.72%,$4944,$4144,$800,$0,$558,$4729,$215,$-33,$182,$70,$112,$112,$112,$245,$215,$114,115,$0.98,$0.97,$74,$2928,$205,$3985,$2433,$0,$1691,$329,$4453,$8439,$3856,$2031,$206,$2377,$6233,$2,$3868,$0,$2206,$8439,$112,$30,$-40,$-10,$39,$-23,$27,$56,$98,$200,$-66,$0,$-12,$0,$0,$0,$-1,$-80,$-3,$-129,$-132,$3,$3,$0,$8,$-121,$-1,$11,$0
15,2014-12-31,60.41,$18.29,3.3,$159.49,0.38,$7.18,8.41,$3.53,17.11,$4.00B,$3.88B,1.03,$2.10B,$2.07B,1.02,$19.11B,$2.99B,15.64%,$19.11B,$0.82B,4.29%,$19.11B,$0.82B,4.30%,$19.11B,$0.93B,4.88%,$19.11B,$0.68B,3.57%,$19.11B,$0.42B,2.19%,$0.42B,$2.07B,20.25%,$0.42B,$0.40B,92.14%,$0.42B,$8.40B,5.27%,$0.82B,$4.18B,20.56%,$5048,$4264,$784,$0,$532,$4821,$227,$-38,$189,$72,$117,$117,$117,$256,$227,$117,119,$1.02,$1.01,$75,$2899,$207,$3999,$2422,$0,$1669,$309,$4401,$8400,$3882,$2103,$204,$2446,$6328,$2,$3757,$0,$2072,$8400,$419,$113,$-22,$91,$-80,$-27,$8,$78,$-23,$485,$-204,$0,$-164,$0,$1,$1,$-9,$-376,$-534,$872,$338,$-453,$-453,$0,$12,$-103,$6,$26,$0
16,2014-09-30,50.31,$17.57,2.86,$153.73,0.33,$7.14,7.04,$3.40,14.8,$3.61B,$3.54B,1.02,$1.92B,$2.01B,0.95,$18.59B,$2.91B,15.65%,$18.59B,$0.80B,4.29%,$18.59B,$0.80B,4.29%,$18.59B,$0.91B,4.89%,$18.59B,$0.66B,3.57%,$18.59B,$0.41B,2.21%,$0.41B,$2.01B,19.88%,$0.41B,$0.41B,87.31%,$0.41B,$7.79B,5.25%,$0.80B,$3.93B,20.37%,$4909,$4156,$753,$0,$522,$4702,$207,$-34,$174,$67,$107,$107,$107,$236,$207,$117,119,$0.91,$0.90,$68,$2691,$196,$3607,$2293,$0,$1604,$289,$4187,$7794,$3543,$1916,$194,$2239,$5782,$2,$3640,$0,$2012,$7794,$302,$84,$-206,$-122,$85,$147,$-3,$47,$276,$453,$-151,$0,$8,$0,$1,$1,$-7,$-149,$-29,$57,$28,$-349,$-349,$0,$15,$-305,$-2,$22,$0
17,2014-06-30,59.68,$17.93,3.33,$148.50,0.4,$7.20,8.29,$3.25,18.36,$3.73B,$3.57B,1.05,$1.87B,$2.13B,0.88,$18.15B,$2.85B,15.72%,$18.15B,$0.78B,4.28%,$18.15B,$0.78B,4.28%,$18.15B,$0.89B,4.88%,$18.15B,$0.64B,3.54%,$18.15B,$0.40B,2.19%,$0.40B,$2.13B,19.25%,$0.40B,$0.53B,84.15%,$0.40B,$7.87B,5.14%,$0.78B,$3.99B,19.99%,$4789,$4044,$745,$0,$525,$4591,$198,$-34,$164,$64,$101,$101,$100,$226,$198,$119,121,$0.84,$0.83,$69,$2777,$192,$3728,$2273,$0,$1593,$278,$4144,$7872,$3569,$1866,$188,$2178,$5747,$2,$3533,$0,$2125,$7872,$196,$55,$-153,$-98,$50,$51,$-5,$17,$113,$211,$-102,$0,$10,$0,$1,$1,$-4,$-95,$-24,$57,$33,$-160,$-160,$0,$11,$-116,$-1,$17,$0
18,2014-03-31,53.23,$17.33,3.07,$144.76,0.37,$8.01,6.65,$3.15,16.9,$3.64B,$3.58B,1.02,$1.79B,$2.07B,0.87,$17.79B,$2.80B,15.76%,$17.79B,$0.76B,4.27%,$17.79B,$0.76B,4.27%,$17.79B,$0.87B,4.86%,$17.79B,$0.63B,3.51%,$17.79B,$0.39B,2.18%,$0.39B,$2.07B,19.33%,$0.39B,$0.48B,93.48%,$0.39B,$7.74B,5.08%,$0.76B,$3.86B,19.81%,$4364,$3656,$707,$0,$501,$4174,$189,$-33,$156,$60,$96,$96,$95,$216,$189,$120,121,$0.80,$0.78,$69,$2712,$193,$3638,$2244,$0,$1593,$269,$4106,$7744,$3584,$1792,$181,$2092,$5675,$2,$3433,$0,$2069,$7744,$95,$27,$-148,$-121,$74,$116,$-1,$54,$243,$216,$-50,$0,$10,$0,$1,$1,$-3,$-42,$-21,$-57,$-78,$-101,$-101,$0,$6,$-173,$0,$7,$0
19,2013-12-31,49.69,$17.05,2.91,$142.10,0.35,$8.24,6.03,$3.04,16.35,$3.83B,$3.75B,1.02,$1.81B,$2.06B,0.88,$17.52B,$2.76B,15.76%,$17.52B,$0.74B,4.22%,$17.52B,$0.74B,4.22%,$17.52B,$0.84B,4.81%,$17.52B,$0.61B,3.45%,$17.52B,$0.38B,2.14%,$0.38B,$2.06B,19.42%,$0.38B,$0.47B,103.88%,$0.38B,$7.91B,5.01%,$0.74B,$3.87B,19.46%,$4524,$3821,$703,$0,$483,$4321,$203,$-33,$170,$61,$110,$110,$109,$230,$203,$121,123,$0.90,$0.89,$69,$2827,$193,$3830,$2235,$0,$1595,$254,$4084,$7914,$3752,$1810,$174,$2101,$5852,$2,$3338,$0,$2062,$7914,$375,$102,$382,$483,$-46,$-400,$37,$42,$-367,$484,$-197,$0,$-78,$0,$0,$0,$17,$-258,$-35,$-151,$-186,$-45,$-45,$0,$4,$-227,$-1,$21,$0
20,2013-09-30,52.17,$16.36,3.19,$138.57,0.38,$7.03,7.42,$2.82,18.5,$3.36B,$3.28B,1.02,$1.83B,$1.99B,0.92,$17.17B,$2.69B,15.67%,$17.17B,$0.71B,4.11%,$17.17B,$0.71B,4.11%,$17.17B,$0.81B,4.69%,$17.17B,$0.57B,3.32%,$17.17B,$0.35B,2.03%,$0.35B,$1.99B,18.99%,$0.35B,$0.41B,122.78%,$0.35B,$7.38B,4.78%,$0.71B,$3.82B,18.71%,$4471,$3774,$697,$0,$485,$4284,$187,$-36,$152,$59,$93,$93,$93,$213,$187,$122,124,$0.76,$0.75,$68,$2505,$186,$3359,$2187,$0,$1582,$248,$4016,$7375,$3280,$1827,$170,$2101,$5381,$2,$3229,$0,$1993,$7375,$266,$74,$72,$147,$96,$-89,$16,$33,$56,$468,$-147,$0,$-63,$0,$0,$0,$-2,$-212,$-30,$-232,$-262,$2,$2,$0,$2,$-258,$-1,$17,$0
21,2013-06-30,43.39,$15.51,2.8,$134.25,0.32,$5.96,7.28,$2.73,15.89,$3.51B,$3.40B,1.03,$1.91B,$1.88B,1.01,$16.63B,$2.62B,15.73%,$16.63B,$0.68B,4.11%,$16.63B,$0.68B,4.11%,$16.63B,$0.78B,4.69%,$16.63B,$0.55B,3.31%,$16.63B,$0.34B,2.03%,$0.34B,$1.88B,19.32%,$0.34B,$0.30B,138.24%,$0.34B,$7.45B,4.76%,$0.68B,$3.79B,18.49%,$4427,$3730,$696,$0,$494,$4246,$181,$-34,$147,$57,$90,$90,$90,$206,$181,$121,123,$0.74,$0.73,$70,$2625,$190,$3507,$2123,$0,$1581,$242,$3947,$7453,$3400,$1907,$166,$2171,$5571,$2,$3136,$0,$1883,$7453,$173,$49,$172,$221,$76,$-207,$9,$12,$-111,$279,$-68,$0,$-62,$0,$0,$0,$-1,$-131,$-27,$-111,$-138,$-8,$-8,$0,$-2,$-148,$0,$13,$0
22,2013-03-31,43.75,$14.73,2.97,$129.91,0.34,$4.54,9.64,$2.64,16.57,$3.34B,$3.21B,1.04,$1.94B,$1.79B,1.09,$16.11B,$2.55B,15.82%,$16.11B,$0.67B,4.13%,$16.11B,$0.67B,4.13%,$16.11B,$0.76B,4.72%,$16.11B,$0.53B,3.32%,$16.11B,$0.33B,2.03%,$0.33B,$1.79B,19.69%,$0.33B,$0.26B,159.51%,$0.33B,$7.19B,4.77%,$0.67B,$3.73B,18.35%,$4096,$3432,$664,$0,$473,$3927,$169,$-34,$136,$53,$83,$83,$83,$194,$169,$121,123,$0.69,$0.67,$46,$2500,$205,$3341,$2102,$0,$1523,$228,$3853,$7194,$3208,$1944,$163,$2200,$5408,$2,$3046,$0,$1787,$7194,$83,$24,$85,$109,$108,$-112,$-14,$61,$44,$235,$-38,$0,$-3,$0,$0,$0,$1,$-40,$-22,$-188,$-210,$-6,$-6,$0,$-3,$-219,$-23,$7,$0
23,2012-12-31,39.7,$13.97,2.84,$124.25,0.32,$3.42,11.61,$2.52,15.75,$3.36B,$3.20B,1.05,$2.07B,$1.69B,1.22,$15.67B,$2.49B,15.87%,$15.67B,$0.65B,4.12%,$15.67B,$0.65B,4.12%,$15.67B,$0.74B,4.71%,$15.67B,$0.52B,3.31%,$15.67B,$0.32B,2.02%,$0.32B,$1.69B,19.74%,$0.32B,$0.16B,172.75%,$0.32B,$7.20B,4.77%,$0.65B,$3.76B,18.14%,$4172,$3540,$633,$0,$442,$4004,$169,$-34,$135,$52,$83,$83,$83,$193,$169,$124,126,$0.68,$0.67,$70,$2397,$196,$3361,$2095,$0,$1529,$218,$3842,$7203,$3202,$2066,$157,$2313,$5515,$2,$2963,$0,$1689,$7203,$316,$94,$443,$536,$-112,$-475,$30,$24,$-532,$317,$-176,$0,$-135,$0,$0,$0,$12,$-298,$337,$168,$505,$-545,$-545,$0,$4,$-36,$-17,$19,$0
24,2012-09-30,43.67,$13.47,3.24,$117.25,0.37,$3.84,11.37,$2.34,18.66,$2.96B,$2.83B,1.04,$1.86B,$1.64B,1.14,$15.17B,$2.43B,16.03%,$15.17B,$0.62B,4.09%,$15.17B,$0.62B,4.09%,$15.17B,$0.71B,4.69%,$15.17B,$0.50B,3.27%,$15.17B,$0.30B,2.00%,$0.30B,$1.64B,18.28%,$0.30B,$0.25B,112.33%,$0.30B,$6.56B,4.74%,$0.62B,$3.50B,17.69%,$3934,$3311,$623,$0,$436,$3770,$164,$-31,$133,$51,$82,$82,$82,$188,$164,$121,123,$0.67,$0.66,$99,$2142,$203,$2958,$2008,$0,$1386,$211,$3605,$6563,$2834,$1864,$149,$2091,$4925,$2,$2880,$0,$1639,$6563,$233,$69,$225,$294,$72,$-333,$16,$33,$-213,$312,$-123,$0,$0,$0,$0,$0,$9,$-114,$340,$-10,$330,$-518,$-518,$0,$2,$-186,$12,$15,$0
25,2012-06-30,35.28,$12.67,2.78,$109.22,0.32,$3.58,9.85,$2.16,16.33,$2.88B,$2.72B,1.06,$2.00B,$1.53B,1.31,$14.75B,$2.39B,16.17%,$14.75B,$0.60B,4.07%,$14.75B,$0.60B,4.07%,$14.75B,$0.69B,4.67%,$14.75B,$0.48B,3.25%,$14.75B,$0.29B,1.98%,$0.29B,$1.53B,16.65%,$0.29B,$0.14B,79.95%,$0.29B,$6.46B,4.72%,$0.60B,$3.53B,17.23%,$3905,$3277,$628,$0,$439,$3740,$164,$-35,$130,$51,$79,$79,$79,$187,$164,$122,124,$0.65,$0.64,$62,$2078,$205,$2884,$1987,$0,$1385,$205,$3578,$6461,$2715,$2000,$147,$2218,$4933,$2,$2798,$0,$1528,$6461,$152,$45,$22,$67,$48,$-269,$2,$120,$-99,$120,$-84,$0,$0,$0,$0,$0,$9,$-75,$342,$123,$465,$-530,$-530,$0,$-4,$-69,$-25,$11,$0
26,2012-03-31,34.31,$12.62,2.72,$99.90,0.34,$3.73,9.21,$2.00,17.16,$2.78B,$2.66B,1.05,$1.89B,$1.57B,1.2,$14.18B,$2.34B,16.50%,$14.18B,$0.58B,4.09%,$14.18B,$0.58B,4.09%,$14.18B,$0.67B,4.72%,$14.18B,$0.47B,3.29%,$14.18B,$0.29B,2.01%,$0.29B,$1.57B,14.99%,$0.29B,$0.18B,55.77%,$0.29B,$6.33B,4.70%,$0.58B,$3.46B,16.63%,$3657,$3054,$603,$0,$433,$3508,$149,$-29,$120,$46,$74,$74,$73,$171,$149,$130,132,$0.56,$0.55,$76,$1985,$203,$2782,$1961,$0,$1390,$200,$3551,$6332,$2662,$1887,$150,$2103,$4764,$2,$2720,$0,$1568,$6332,$73,$23,$59,$82,$69,$-175,$18,$36,$-53,$100,$-36,$0,$0,$0,$0,$0,$11,$-25,$348,$-27,$321,$-400,$-400,$0,$-6,$-86,$-10,$6,$0
27,2011-12-31,36.87,$13.95,2.64,$94.07,0.39,$4.09,9.0,$1.91,19.3,$2.68B,$2.46B,1.09,$1.63B,$1.90B,0.86,$13.83B,$2.30B,16.65%,$13.83B,$0.57B,4.13%,$13.83B,$0.57B,4.13%,$13.83B,$0.66B,4.77%,$13.83B,$0.46B,3.34%,$13.83B,$0.28B,2.03%,$0.28B,$1.90B,13.75%,$0.28B,$0.51B,42.97%,$0.28B,$6.20B,4.72%,$0.57B,$3.53B,16.36%,$3678,$3099,$579,$0,$413,$3535,$144,$-31,$113,$43,$70,$70,$69,$166,$144,$145,141,$0.49,$0.49,$87,$1809,$193,$2676,$1951,$0,$1390,$182,$3523,$6199,$2463,$1634,$145,$1842,$4304,$2,$2647,$0,$1895,$6199,$281,$88,$12,$100,$-127,$70,$37,$16,$-5,$376,$-160,$0,$-59,$0,$0,$0,$13,$-206,$-542,$855,$313,$-502,$-502,$0,$10,$-179,$-9,$18,$0
28,2011-09-30,32.78,$14.32,2.29,$89.49,0.37,$3.20,10.24,$1.87,17.53,$2.30B,$2.16B,1.06,$1.39B,$2.03B,0.69,$13.40B,$2.27B,16.93%,$13.40B,$0.56B,4.20%,$13.40B,$0.56B,4.20%,$13.40B,$0.65B,4.84%,$13.40B,$0.46B,3.42%,$13.40B,$0.28B,2.08%,$0.28B,$2.03B,13.35%,$0.28B,$0.64B,39.21%,$0.28B,$5.77B,4.74%,$0.56B,$3.42B,16.25%,$3507,$2931,$575,$0,$411,$3362,$144,$-29,$116,$45,$71,$71,$71,$166,$144,$144,147,$0.49,$0.48,$67,$1602,$225,$2296,$1919,$0,$1390,$161,$3471,$5767,$2160,$1394,$144,$1582,$3742,$2,$2577,$0,$2025,$5767,$212,$66,$-306,$-240,$58,$278,$5,$-1,$339,$311,$-125,$0,$-59,$0,$0,$0,$9,$-175,$-6,$120,$114,$-269,$-269,$0,$-9,$-164,$-28,$16,$0
29,2011-06-30,36.61,$14.53,2.52,$87.52,0.42,$2.73,13.41,$1.77,20.68,$2.49B,$2.21B,1.13,$1.43B,$2.12B,0.68,$13.17B,$2.24B,17.00%,$13.17B,$0.54B,4.10%,$13.17B,$0.54B,4.10%,$13.17B,$0.62B,4.74%,$13.17B,$0.44B,3.31%,$13.17B,$0.27B,2.01%,$0.27B,$2.12B,12.71%,$0.27B,$0.73B,36.88%,$0.27B,$5.94B,4.50%,$0.54B,$3.55B,15.64%,$3336,$2753,$583,$0,$418,$3192,$144,$-26,$118,$45,$73,$73,$72,$167,$144,$147,150,$0.49,$0.48,$82,$1780,$223,$2489,$1884,$0,$1390,$173,$3447,$5936,$2212,$1433,$143,$1608,$3820,$2,$2507,$0,$2116,$5936,$141,$44,$17,$61,$55,$99,$33,$-263,$-75,$125,$-61,$0,$-63,$0,$0,$0,$-5,$-129,$-4,$110,$106,$-131,$-131,$0,$15,$-10,$-13,$12,$0
30,2011-03-31,35.37,$14.39,2.46,$84.30,0.42,$2.88,12.29,$1.58,22.39,$2.45B,$2.25B,1.09,$1.33B,$2.14B,0.62,$12.94B,$2.18B,16.88%,$12.94B,$0.52B,4.04%,$12.94B,$0.52B,4.04%,$12.94B,$0.60B,4.67%,$12.94B,$0.40B,3.09%,$12.94B,$0.24B,1.86%,$0.24B,$2.14B,11.72%,$0.24B,$0.75B,34.19%,$0.24B,$5.89B,4.15%,$0.52B,$3.47B,15.36%,$3311,$2745,$566,$0,$408,$3171,$140,$-26,$115,$44,$70,$70,$69,$162,$140,$149,152,$0.47,$0.46,$84,$1732,$209,$2451,$1880,$0,$1388,$170,$3439,$5889,$2250,$1329,$142,$1501,$3751,$2,$2435,$0,$2139,$5889,$69,$22,$8,$30,$36,$148,$48,$-175,$56,$154,$-24,$0,$-63,$0,$0,$0,$-2,$-89,$-2,$-58,$-60,$-27,$-27,$0,$11,$-76,$-11,$6,$0
31,2010-12-31,28.2,$14.01,2.01,$79.01,0.36,$2.36,11.97,$1.44,19.58,$2.63B,$2.40B,1.1,$1.34B,$2.08B,0.65,$12.46B,$2.13B,17.06%,$12.46B,$0.50B,3.99%,$12.46B,$0.50B,3.99%,$12.46B,$0.58B,4.63%,$12.46B,$0.38B,3.07%,$12.46B,$0.23B,1.81%,$0.23B,$2.08B,10.79%,$0.23B,$0.74B,29.41%,$0.23B,$5.97B,3.98%,$0.50B,$3.42B,14.66%,$3246,$2702,$545,$0,$393,$3112,$135,$-26,$109,$41,$68,$68,$67,$155,$135,$157,150,$0.44,$0.45,$95,$1867,$205,$2629,$1838,$0,$1344,$163,$3345,$5974,$2399,$1341,$129,$1496,$3895,$2,$2365,$0,$2079,$5974,$227,$80,$394,$475,$-56,$-449,$12,$43,$-449,$252,$-155,$0,$-60,$0,$1,$1,$13,$-200,$320,$33,$353,$-475,$-475,$0,$-8,$-130,$-78,$16,$0
32,2010-09-30,23.25,$13.55,1.72,$73.09,0.32,$3.45,6.74,$1.35,17.22,$2.45B,$2.19B,1.12,$1.37B,$2.01B,0.69,$11.99B,$2.05B,17.11%,$11.99B,$0.46B,3.80%,$11.99B,$0.46B,3.80%,$11.99B,$0.54B,4.46%,$11.99B,$0.35B,2.92%,$11.99B,$0.22B,1.84%,$0.22B,$2.01B,10.27%,$0.22B,$0.66B,26.43%,$0.22B,$5.73B,3.99%,$0.46B,$3.38B,13.47%,$3274,$2729,$545,$0,$403,$3153,$121,$-27,$94,$35,$59,$59,$57,$141,$121,$148,150,$0.39,$0.38,$85,$1740,$232,$2449,$1781,$0,$1343,$159,$3282,$5731,$2193,$1373,$118,$1532,$3726,$2,$2380,$0,$2005,$5731,$159,$60,$216,$275,$12,$-322,$32,$40,$-238,$198,$-78,$0,$-61,$0,$1,$1,$4,$-133,$322,$8,$330,$-477,$-477,$0,$-6,$-153,$-89,$14,$0
33,2010-06-30,19.5,$13.20,1.48,$67.34,0.29,$4.44,4.39,$1.33,14.66,$2.31B,$2.03B,1.14,$1.36B,$1.97B,0.69,$11.61B,$2.02B,17.37%,$11.61B,$0.45B,3.90%,$11.61B,$0.45B,3.90%,$11.61B,$0.53B,4.58%,$11.61B,$0.36B,3.09%,$11.61B,$0.23B,1.97%,$0.23B,$1.97B,10.28%,$0.23B,$0.66B,24.80%,$0.23B,$5.52B,4.26%,$0.45B,$3.33B,13.34%,$3104,$2575,$529,$0,$383,$2978,$126,$-44,$82,$32,$50,$50,$47,$146,$126,$162,163,$0.29,$0.29,$102,$1581,$238,$2314,$1742,$0,$1311,$151,$3204,$5518,$2034,$1359,$118,$1513,$3548,$2,$2323,$-0,$1971,$5518,$102,$40,$121,$161,$11,$-173,$26,$5,$-131,$133,$-38,$0,$-8,$0,$1,$1,$2,$-43,$324,$-61,$262,$-414,$-414,$0,$-10,$-162,$-72,$11,$0
34,2010-03-31,18.08,$13.70,1.32,$62.84,0.29,$5.03,3.59,$1.25,14.46,$2.33B,$1.93B,1.21,$1.10B,$2.33B,0.47,$11.10B,$1.96B,17.67%,$11.10B,$0.43B,3.86%,$11.10B,$0.43B,3.86%,$11.10B,$0.51B,4.56%,$11.10B,$0.36B,3.27%,$11.10B,$0.22B,1.97%,$0.22B,$2.33B,9.49%,$0.22B,$1.02B,21.76%,$0.22B,$5.50B,4.12%,$0.43B,$3.43B,12.53%,$2837,$2328,$508,$0,$373,$2722,$115,$-19,$97,$38,$59,$59,$55,$135,$115,$171,172,$0.32,$0.32,$161,$1512,$255,$2331,$1728,$0,$1312,$130,$3170,$5501,$1925,$1103,$117,$1249,$3174,$2,$2276,$-0,$2327,$5501,$55,$20,$80,$99,$3,$-108,$16,$4,$-86,$69,$-12,$0,$-10,$0,$1,$1,$-0,$-21,$-2,$-23,$-25,$-37,$-37,$0,$1,$-61,$-13,$6,$0
35,2009-12-31,19.15,$13.41,1.43,$59.89,0.32,$5.31,3.61,$1.13,16.95,$2.27B,$1.86B,1.22,$1.11B,$2.30B,0.48,$10.67B,$1.91B,17.91%,$10.67B,$0.41B,3.83%,$10.67B,$0.41B,3.83%,$10.67B,$0.49B,4.57%,$10.67B,$0.35B,3.28%,$10.67B,$0.20B,1.87%,$0.20B,$2.30B,8.71%,$0.20B,$1.01B,20.24%,$0.20B,$5.41B,3.73%,$0.41B,$3.41B,12.00%,$2777,$2307,$470,$0,$357,$2683,$94,$-18,$77,$15,$62,$62,$62,$113,$94,$177,177,$0.35,$0.35,$174,$1393,$296,$2268,$1714,$0,$1298,$128,$3139,$5407,$1863,$1105,$111,$1241,$3104,$2,$2221,$0,$2303,$5407,$198,$80,$-219,$-139,$-42,$345,$18,$-11,$310,$369,$-61,$0,$66,$0,$5,$5,$4,$14,$-8,$-175,$-183,$-111,$-111,$0,$-26,$-320,$63,$14,$0
36,2009-09-30,18.08,$13.16,1.37,$57.59,0.31,$6.81,2.65,$1.15,15.72,$1.92B,$1.56B,1.23,$1.11B,$2.31B,0.48,$10.27B,$1.86B,18.08%,$10.27B,$0.38B,3.68%,$10.27B,$0.38B,3.68%,$10.27B,$0.46B,4.48%,$10.27B,$0.34B,3.28%,$10.27B,$0.20B,1.99%,$0.20B,$2.31B,9.03%,$0.20B,$1.01B,21.35%,$0.20B,$5.09B,3.72%,$0.38B,$3.42B,11.10%,$2891,$2381,$510,$0,$376,$2773,$118,$-15,$103,$39,$64,$64,$65,$138,$118,$178,179,$0.36,$0.36,$205,$1161,$242,$1921,$1726,$0,$1300,$147,$3173,$5094,$1562,$1107,$114,$1221,$2783,$2,$2159,$-0,$2311,$5094,$136,$61,$-510,$-450,$55,$587,$15,$7,$664,$349,$-28,$0,$66,$0,$5,$5,$2,$45,$-6,$-74,$-80,$-37,$-37,$0,$-183,$-299,$94,$12,$0
37,2009-06-30,17.35,$12.87,1.35,$60.47,0.29,$7.70,2.25,$-7.20,0.0,$2.05B,$1.71B,1.2,$1.12B,$2.29B,0.49,$10.73B,$1.91B,17.76%,$10.73B,$-1.37B,-12.72%,$10.73B,$-1.37B,-12.72%,$10.73B,$0.33B,3.07%,$10.73B,$-1.42B,-13.22%,$10.73B,$-1.27B,-11.87%,$-1.27B,$2.29B,-57.56%,$-1.27B,$0.99B,-141.05%,$-1.27B,$5.24B,-22.08%,$-1.37B,$3.41B,-39.90%,$2597,$2124,$474,$0,$362,$2497,$101,$-15,$86,$32,$54,$54,$37,$120,$101,$178,179,$0.21,$0.21,$129,$1258,$329,$2046,$1743,$0,$1297,$151,$3191,$5237,$1711,$1119,$116,$1236,$2947,$2,$2094,$-0,$2290,$5237,$71,$41,$-401,$-361,$39,$494,$-6,$-4,$523,$231,$-23,$0,$40,$0,$3,$3,$1,$22,$-4,$-219,$-223,$10,$10,$0,$-20,$-234,$19,$9,$0
38,2009-03-31,13.88,$12.63,1.1,$66.44,0.21,$8.15,1.7,$-7.12,0.0,$2.26B,$2.10B,1.08,$1.13B,$2.24B,0.5,$11.80B,$2.04B,17.27%,$11.80B,$-1.33B,-11.29%,$11.80B,$-1.33B,-11.29%,$11.80B,$0.37B,3.09%,$11.80B,$-1.41B,-11.96%,$11.80B,$-1.26B,-10.67%,$-1.26B,$2.24B,-49.87%,$-1.26B,$0.92B,-163.99%,$-1.26B,$5.59B,-19.23%,$-1.33B,$3.36B,-34.85%,$2401,$1945,$456,$0,$352,$2306,$95,$-11,$84,$31,$53,$53,$35,$116,$95,$177,177,$0.20,$0.20,$62,$1553,$303,$2255,$1855,$0,$1314,$162,$3331,$5586,$2095,$1127,$128,$1255,$3349,$2,$2058,$-1,$2237,$5586,$35,$21,$-239,$-218,$42,$250,$-3,$19,$307,$124,$-16,$0,$5,$0,$2,$2,$1,$-7,$-2,$-160,$-162,$0,$0,$0,$-3,$-165,$-48,$4,$0
39,2008-12-31,9.88,$12.43,0.79,$74.14,0.13,$8.48,1.17,$-7.04,0.0,$2.72B,$2.46B,1.11,$1.23B,$2.20B,0.56,$13.24B,$2.23B,16.81%,$13.24B,$-1.28B,-9.68%,$13.24B,$-1.28B,-9.68%,$13.24B,$0.42B,3.16%,$13.24B,$-1.40B,-10.58%,$13.24B,$-1.24B,-9.39%,$-1.24B,$2.20B,-43.76%,$-1.24B,$0.90B,-194.22%,$-1.24B,$6.01B,-17.07%,$-1.28B,$3.42B,-29.97%,$2377,$1961,$416,$0,$326,$2313,$64,$0,$64,$-8,$72,$72,$67,$87,$64,$178,178,$0.43,$0.43,$110,$1758,$485,$2724,$1799,$0,$1303,$188,$3291,$6014,$2456,$1226,$135,$1360,$3816,$2,$2023,$-1,$2198,$6014,$-1243,$1699,$-273,$1426,$299,$339,$-63,$-74,$501,$684,$-107,$0,$17,$0,$11,$11,$3,$-75,$-10,$-445,$-455,$-58,$-58,$0,$-20,$-532,$77,$21,$0
40,2008-09-30,11.24,$12.03,0.93,$76.25,0.15,$5.48,2.05,$-7.14,0.0,$2.70B,$2.62B,1.03,$1.36B,$2.13B,0.64,$13.96B,$2.31B,16.52%,$13.96B,$-1.22B,-8.72%,$13.96B,$-1.22B,-8.72%,$13.96B,$0.48B,3.45%,$13.96B,$-1.39B,-9.96%,$13.96B,$-1.26B,-9.01%,$-1.26B,$2.13B,-39.82%,$-1.26B,$0.80B,-241.34%,$-1.26B,$6.24B,-15.93%,$-1.22B,$3.49B,-25.76%,$3359,$2800,$560,$0,$423,$4984,$-1625,$-29,$-1653,$-258,$-1396,$-1396,$-1413,$8,$-1625,$177,177,$-7.99,$-7.99,$61,$1968,$200,$2696,$1970,$0,$1325,$247,$3542,$6238,$2615,$1358,$138,$1496,$4110,$2,$1956,$-1,$2128,$6238,$-1310,$1677,$-95,$1582,$221,$271,$-41,$-156,$294,$567,$-94,$0,$10,$0,$8,$8,$-14,$-90,$-8,$-349,$-357,$-58,$-58,$0,$-35,$-450,$27,$18,$0
41,2008-06-30,10.02,$20.01,0.5,$80.09,0.13,$2.79,3.6,$1.22,8.21,$3.10B,$2.97B,1.04,$1.48B,$3.54B,0.42,$15.11B,$2.46B,16.28%,$15.11B,$0.59B,3.92%,$15.11B,$0.59B,3.92%,$15.11B,$0.68B,4.51%,$15.11B,$0.39B,2.55%,$15.11B,$0.23B,1.50%,$0.23B,$3.54B,6.49%,$0.23B,$0.45B,54.24%,$0.23B,$8.35B,2.69%,$0.59B,$5.02B,11.55%,$3664,$3057,$606,$0,$451,$3530,$134,$-40,$94,$39,$56,$56,$52,$155,$134,$178,179,$0.29,$0.29,$42,$2295,$206,$3102,$1956,$0,$3084,$209,$5249,$8351,$2970,$1481,$141,$1846,$4816,$2,$3369,$-0,$3535,$8351,$103,$44,$82,$127,$138,$-20,$-16,$-1,$102,$331,$-41,$0,$-17,$0,$2,$2,$-7,$-63,$-5,$-199,$-204,$-55,$-55,$0,$0,$-259,$10,$12,$0
42,2008-03-31,14.97,$19.61,0.76,$81.05,0.18,$0.63,23.65,$1.30,11.52,$3.27B,$2.99B,1.09,$1.67B,$3.50B,0.48,$15.92B,$2.57B,16.13%,$15.92B,$0.64B,4.04%,$15.92B,$0.64B,4.04%,$15.92B,$0.73B,4.60%,$15.92B,$0.42B,2.63%,$15.92B,$0.25B,1.58%,$0.25B,$3.50B,7.10%,$0.25B,$0.41B,54.11%,$0.25B,$8.52B,2.98%,$0.64B,$5.17B,12.41%,$3839,$3196,$643,$0,$475,$3694,$146,$-52,$94,$38,$56,$56,$51,$169,$146,$180,181,$0.28,$0.28,$34,$2377,$217,$3270,$1964,$0,$3089,$201,$5254,$8523,$2991,$1669,$138,$2031,$5022,$2,$3317,$-0,$3501,$8523,$51,$23,$112,$136,$65,$-91,$19,$13,$6,$192,$-23,$0,$-20,$0,$3,$3,$-1,$-41,$-3,$-114,$-117,$-28,$-28,$0,$-5,$-149,$1,$4,$0
43,2007-12-31,15.66,$19.26,0.81,$80.20,0.2,$-0.01,0.0,$1.39,11.27,$3.31B,$2.90B,1.14,$1.75B,$3.47B,0.5,$16.39B,$2.64B,16.13%,$16.39B,$0.68B,4.17%,$16.39B,$0.68B,4.17%,$16.39B,$0.77B,4.71%,$16.39B,$0.45B,2.77%,$16.39B,$0.28B,1.70%,$0.28B,$3.47B,7.69%,$0.28B,$0.42B,51.24%,$0.28B,$8.48B,3.32%,$0.68B,$5.23B,13.17%,$3095,$2598,$497,$0,$351,$2967,$128,$-53,$75,$30,$46,$46,$52,$149,$128,$198,200,$0.30,$0.28,$33,$2258,$311,$3305,$1955,$0,$3054,$166,$5175,$8480,$2903,$1752,$131,$2104,$5006,$2,$3266,$-0,$3474,$8480,$279,$88,$-229,$-141,$73,$3,$5,$-14,$67,$205,$-155,$0,$48,$0,$9,$9,$8,$-90,$119,$264,$383,$-548,$-548,$0,$29,$-136,$-21,$15,$0
44,2007-09-30,17.72,$18.90,0.94,$81.73,0.22,$0.28,62.26,$1.47,12.05,$3.11B,$2.83B,1.1,$1.65B,$3.48B,0.48,$17.19B,$2.77B,16.09%,$17.19B,$0.72B,4.19%,$17.19B,$0.72B,4.19%,$17.19B,$0.81B,4.70%,$17.19B,$0.49B,2.87%,$17.19B,$0.30B,1.76%,$0.30B,$3.48B,8.18%,$0.30B,$0.39B,50.63%,$0.30B,$8.34B,3.58%,$0.72B,$5.13B,13.87%,$4513,$3799,$714,$0,$507,$4328,$185,$-63,$123,$46,$77,$77,$72,$209,$185,$196,198,$0.37,$0.37,$28,$2230,$183,$3112,$1964,$0,$3085,$182,$5231,$8343,$2833,$1652,$181,$2033,$4866,$2,$3214,$-0,$3477,$8343,$227,$68,$-402,$-334,$125,$87,$-0,$17,$228,$120,$-124,$0,$36,$0,$7,$7,$-2,$-83,$-6,$401,$395,$-460,$-460,$0,$4,$-60,$-23,$12,$0
45,2007-06-30,22.44,$18.51,1.21,$81.46,0.28,$1.41,15.87,$1.48,15.16,$3.23B,$2.89B,1.12,$1.46B,$3.74B,0.39,$17.53B,$2.82B,16.07%,$17.53B,$0.74B,4.22%,$17.53B,$0.74B,4.22%,$17.53B,$0.82B,4.69%,$17.53B,$0.51B,2.92%,$17.53B,$0.31B,1.78%,$0.31B,$3.74B,8.35%,$0.31B,$0.64B,47.47%,$0.31B,$8.45B,3.69%,$0.74B,$5.20B,14.23%,$4477,$3763,$714,$0,$507,$4293,$184,$-57,$127,$47,$79,$79,$77,$206,$184,$207,209,$0.37,$0.37,$31,$2347,$178,$3228,$1946,$0,$3099,$180,$5224,$8452,$2889,$1463,$159,$1825,$4714,$2,$3142,$-0,$3738,$8452,$155,$44,$-333,$-289,$123,$-23,$22,$-21,$101,$-34,$-77,$0,$35,$0,$0,$0,$3,$-38,$-4,$192,$187,$-151,$-151,$0,$15,$51,$-21,$8,$0
46,2007-03-31,21.24,$18.26,1.16,$81.72,0.26,$2.41,8.81,$1.43,14.85,$3.15B,$2.82B,1.12,$1.35B,$3.83B,0.35,$17.95B,$2.88B,16.07%,$17.95B,$0.77B,4.27%,$17.95B,$0.77B,4.27%,$17.95B,$0.85B,4.74%,$17.95B,$0.51B,2.81%,$17.95B,$0.31B,1.72%,$0.31B,$3.83B,8.28%,$0.31B,$0.73B,46.30%,$0.31B,$8.37B,3.61%,$0.77B,$5.19B,14.81%,$4300,$3582,$718,$0,$511,$4114,$186,$-57,$129,$46,$83,$83,$78,$208,$186,$208,211,$0.37,$0.37,$43,$2258,$187,$3147,$1936,$0,$3104,$180,$5219,$8366,$2818,$1354,$154,$1717,$4535,$2,$3065,$-0,$3831,$8366,$78,$22,$-252,$-231,$142,$76,$33,$6,$256,$103,$-42,$0,$10,$0,$-2,$-2,$3,$-32,$-3,$-117,$-119,$26,$26,$0,$13,$-80,$-9,$3,$0
47,2006-12-31,21.32,$17.96,1.19,$78.41,0.27,$2.36,9.03,$1.39,15.34,$3.45B,$3.02B,1.14,$1.56B,$3.71B,0.42,$18.22B,$2.92B,16.03%,$18.22B,$0.78B,4.30%,$18.22B,$0.78B,4.30%,$18.22B,$0.87B,4.76%,$18.22B,$0.54B,2.96%,$18.22B,$0.32B,1.74%,$0.32B,$3.71B,8.00%,$0.32B,$0.63B,34.09%,$0.32B,$8.60B,3.67%,$0.78B,$5.27B,15.05%,$3900,$3280,$620,$0,$435,$3734,$166,$-51,$115,$43,$72,$72,$75,$186,$166,$225,229,$0.36,$0.35,$53,$2305,$296,$3448,$1894,$0,$3085,$175,$5153,$8601,$3015,$1558,$91,$1874,$4889,$2,$2989,$-0,$3713,$8601,$317,$84,$-225,$-142,$-39,$246,$4,$-87,$124,$300,$-174,$0,$-143,$0,$7,$7,$1,$-309,$-41,$1146,$1104,$-1305,$-1305,$0,$12,$-188,$-198,$15,$0
