,Date,Stock Price,Book Value per Share,Price to Book Ratio,TTM Sales per Share,Price to Sales Ratio,TTM FCF per Share,Price to FCF Ratio,TTM Net EPS,PE Ratio,Current Assets,Current Liabilities,Current Ratio,Long Term Debt,Shareholder's Equity_x,Debt to Equity Ratio,TTM Revenue_x,TTM Gross Profit,Gross Margin,TTM Revenue_y,TTM Operating Income,Operating Margin,TTM Revenue_x,TTM EBIT,EBIT Margin,TTM Revenue_y,TTM EBITDA,EBITDA Margin,TTM Revenue_x,TTM Pre-Tax Income,Pre-Tax Margin,TTM Revenue_y,TTM Net Income_x,Net Margin,TTM Net Income_y,Shareholder's Equity_y,Return on Equity,TTM Net Income_x,Tangible Equity,Return on Tangible Equity,TTM Net Income_y,Total Assets,Return on Assets,TTM Net Income,LT Investments & Debt,Return on Investment,revenue,cost-goods-sold,gross-profit,research-development-expenses,selling-general-administrative-expenses,operating-expenses,operating-income,total-non-operating-income-expense,pre-tax-income,total-provision-income-taxes,income-after-taxes,income-from-continuous-operations,net-income,ebitda,ebit,basic-shares-outstanding,shares-outstanding,eps-basic-net-earnings-per-share,eps-earnings-per-share-diluted,cash-on-hand,inventory,other-current-assets,total-current-assets,net-property-plant-equipment,long-term-investments,goodwill-intangible-assets-total,other-long-term-assets,total-long-term-assets,total-assets,total-current-liabilities,long-term-debt,other-non-current-liabilities,total-long-term-liabilities,total-liabilities,common-stock-net,retained-earnings-accumulated-deficit,comprehensive-income,total-share-holder-equity,total-liabilities-share-holders-equity,net-income-loss,total-depreciation-amortization-cash-flow,other-non-cash-items,total-non-cash-items,change-in-accounts-receivable,change-in-inventories,change-in-accounts-payable,change-in-assets-liabilities,total-change-in-assets-liabilities,cash-flow-from-operating-activities,net-change-in-property-plant-equipment,net-change-in-intangible-assets,net-acquisitions-divestitures,net-change-in-short-term-investments,net-change-in-long-term-investments,net-change-in-investments-total,investing-activities-other,cash-flow-from-investing-activities,net-long-term-debt,net-current-debt,debt-issuance-retirement-net-total,net-common-equity-issued-repurchased,net-total-equity-issued-repurchased,total-common-preferred-stock-dividends-paid,financial-activities-other,cash-flow-from-financial-activities,net-cash-flow,stock-based-compensation,common-stock-dividends-paid
0,2018-09-30,27.11,$21.13,1.28,$7.12,3.81,$3.72,7.29,$1.43,18.96,$2.26B,$2.51B,0.9,$0.05B,$0.44B,0.1,$0.14B,$0.13B,89.51%,$0.14B,$0.05B,31.47%,$0.14B,0,0.00%,$0.14B,0,0.00%,$0.14B,$0.04B,29.37%,$0.14B,$0.03B,20.98%,$0.03B,$0.44B,6.96%,$0.03B,$0.26B,12.20%,$0.03B,$3.02B,1.03%,$0.05B,$0.49B,9.50%,$37,$5,$32,$0,$20,$25,$12,$0,$12,$2,$10,$10,$10,$0,$0,$21,21,$0.46,$0.46,$146,$0,$0,$2259,$28,$453,$184,$98,$762,$3021,$2507,$45,$23,$72,$2579,$17,$116,$-9,$442,$3021,$27,$7,$-0,$7,$0,$0,$0,$-3,$-3,$30,$1,$0,$0,$0,$-161,$-161,$0,$-161,$5,$67,$72,$10,$10,$-10,$61,$133,$2,$0,$-10
1,2018-06-30,28.44,$20.88,1.36,$7.13,3.99,$3.50,8.12,$1.31,21.71,$2.17B,$2.42B,0.9,$0.05B,$0.43B,0.1,$0.14B,$0.13B,90.85%,$0.14B,$0.04B,29.58%,$0.14B,0,0.00%,$0.14B,0,0.00%,$0.14B,$0.04B,27.46%,$0.14B,$0.03B,19.01%,$0.03B,$0.43B,6.34%,$0.03B,$0.25B,11.20%,$0.03B,$2.92B,0.94%,$0.04B,$0.48B,8.90%,$36,$4,$32,$0,$21,$25,$11,$0,$11,$2,$9,$9,$9,$0,$0,$21,21,$0.43,$0.43,$148,$0,$0,$2167,$28,$438,$185,$102,$754,$2921,$2417,$45,$21,$70,$2486,$17,$110,$-7,$434,$2921,$17,$5,$-0,$4,$0,$0,$0,$-25,$-25,$-4,$0,$0,$0,$0,$-37,$-37,$0,$-37,$5,$144,$149,$7,$7,$-6,$-107,$42,$1,$0,$-6
2,2018-03-31,28.21,$20.62,1.37,$7.15,3.95,$4.02,7.02,$1.07,26.37,$2.10B,$2.34B,0.9,$0.04B,$0.43B,0.09,$0.14B,$0.13B,91.55%,$0.14B,$0.04B,26.06%,$0.14B,0,0.00%,$0.14B,0,0.00%,$0.14B,$0.03B,23.94%,$0.14B,$0.02B,15.49%,$0.02B,$0.43B,5.23%,$0.02B,$0.24B,9.30%,$0.02B,$2.83B,0.78%,$0.04B,$0.47B,7.77%,$34,$3,$31,$0,$21,$24,$10,$0,$10,$2,$8,$8,$8,$0,$0,$21,21,$0.39,$0.39,$162,$0,$0,$2101,$28,$417,$186,$102,$733,$2834,$2340,$40,$23,$67,$2407,$17,$104,$-6,$427,$2834,$8,$2,$0,$2,$0,$0,$0,$-1,$-1,$10,$-0,$0,$0,$0,$51,$51,$0,$51,$0,$-3,$-3,$4,$4,$-3,$-37,$-39,$22,$0,$-3
3,2017-12-31,27.39,$20.53,1.33,$7.31,3.75,$3.81,7.19,$0.81,33.81,$2.12B,$2.38B,0.89,$0.04B,$0.42B,0.1,$0.13B,$0.12B,91.41%,$0.13B,$0.03B,24.22%,$0.13B,0,0.00%,$0.13B,0,0.00%,$0.13B,$0.03B,21.88%,$0.13B,$0.02B,13.28%,$0.02B,$0.42B,4.92%,$0.02B,$0.24B,8.20%,$0.02B,$2.87B,0.69%,$0.03B,$0.46B,7.70%,$36,$3,$33,$0,$20,$23,$12,$0,$9,$6,$3,$3,$3,$0,$0,$18,18,$0.15,$0.15,$140,$0,$0,$2123,$28,$434,$185,$104,$751,$2874,$2380,$40,$28,$72,$2452,$17,$99,$-2,$422,$2874,$17,$7,$11,$18,$0,$0,$0,$-2,$-2,$32,$4,$0,$91,$0,$-102,$-102,$0,$-7,$-50,$-66,$-116,$8,$8,$-9,$123,$6,$31,$0,$-9
4,2017-09-30,28.04,$20.55,1.36,$7.21,3.89,$4.25,6.59,$0.94,29.83,$2.13B,$2.37B,0.9,$0.06B,$0.42B,0.14,$0.11B,$0.10B,91.07%,$0.11B,$0.03B,22.32%,$0.11B,0,0.00%,$0.11B,0,0.00%,$0.11B,$0.02B,21.43%,$0.11B,$0.02B,15.18%,$0.02B,$0.42B,6.30%,$0.02B,$0.24B,9.55%,$0.02B,$2.87B,0.80%,$0.03B,$0.48B,7.52%,$36,$3,$33,$0,$24,$27,$9,$0,$9,$2,$7,$7,$7,$0,$0,$20,21,$0.34,$0.34,$144,$0,$0,$2125,$26,$411,$182,$129,$748,$2873,$2366,$60,$23,$87,$2453,$17,$99,$-1,$420,$2873,$13,$6,$0,$6,$0,$0,$0,$6,$6,$25,$1,$0,$90,$0,$-90,$-90,$0,$1,$0,$-162,$-162,$6,$6,$-6,$175,$13,$39,$0,$-6
5,2017-06-30,25.79,$20.36,1.27,$7.45,3.46,$1.73,14.92,$1.01,25.54,$2.02B,$2.24B,0.9,$0.08B,$0.42B,0.19,$0.10B,$0.09B,91.75%,$0.10B,$0.02B,23.71%,$0.10B,0,0.00%,$0.10B,0,0.00%,$0.10B,$0.02B,22.68%,$0.10B,$0.01B,14.43%,$0.01B,$0.42B,7.17%,$0.01B,$0.23B,9.41%,$0.01B,$2.76B,0.81%,$0.02B,$0.50B,8.80%,$36,$3,$33,$0,$27,$30,$6,$0,$6,$2,$4,$4,$4,$0,$0,$20,20,$0.19,$0.19,$75,$0,$0,$2024,$29,$418,$184,$101,$733,$2757,$2243,$80,$16,$99,$2342,$17,$95,$-1,$415,$2757,$6,$3,$2,$6,$0,$0,$0,$-7,$-7,$5,$2,$0,$90,$0,$-32,$-32,$0,$60,$20,$-187,$-167,$4,$4,$-3,$76,$-89,$-24,$0,$-3
6,2017-03-31,29.2,$11.51,2.54,$7.71,3.79,$0.88,33.11,$1.28,22.81,$1.15B,$1.22B,0.94,$0.05B,$0.12B,0.4,$0.08B,$0.08B,91.57%,$0.08B,$0.03B,30.12%,$0.08B,0,0.00%,$0.08B,0,0.00%,$0.08B,$0.02B,28.92%,$0.08B,$0.02B,18.07%,$0.02B,$0.12B,12.40%,$0.02B,$0.12B,12.45%,$0.02B,$1.40B,1.09%,$0.03B,$0.17B,13.44%,$20,$2,$18,$0,$14,$15,$4,$0,$4,$1,$3,$3,$3,$0,$0,$11,11,$0.24,$0.24,$50,$0,$0,$1145,$7,$199,$0,$50,$256,$1401,$1219,$50,$8,$58,$1277,$9,$92,$-2,$124,$1401,$3,$1,$2,$3,$0,$0,$0,$-3,$-3,$3,$-0,$0,$0,$0,$-20,$-20,$0,$-20,$-10,$-124,$-134,$3,$3,$-2,$103,$-31,$-47,$0,$-2
7,2016-12-31,26.71,$11.33,2.36,$7.68,3.48,$0.21,129.29,$1.54,17.34,$1.22B,$1.24B,0.98,$0.06B,$0.12B,0.5,$0.08B,$0.08B,91.46%,$0.08B,$0.03B,32.93%,$0.08B,0,0.00%,$0.08B,0,0.00%,$0.08B,$0.03B,31.71%,$0.08B,$0.02B,19.51%,$0.02B,$0.12B,13.50%,$0.02B,$0.12B,13.56%,$0.02B,$1.43B,1.20%,$0.03B,$0.18B,14.61%,$20,$2,$18,$0,$12,$14,$6,$0,$5,$2,$3,$3,$3,$0,$0,$11,11,$0.28,$0.28,$101,$0,$0,$1219,$7,$203,$2,$0,$212,$1431,$1240,$60,$10,$70,$1310,$9,$91,$-2,$121,$1431,$16,$3,$1,$3,$0,$0,$0,$7,$7,$26,$-0,$0,$0,$0,$-196,$-196,$-10,$-207,$5,$95,$100,$2,$2,$-6,$141,$236,$55,$0,$-6
8,2016-09-30,22.85,$11.44,2.0,$7.48,3.06,$-0.72,0.0,$1.63,14.02,$1.12B,$1.16B,0.96,$0.08B,$0.12B,0.62,$0.08B,$0.07B,91.25%,$0.08B,$0.03B,35.00%,$0.08B,0,0.00%,$0.08B,0,0.00%,$0.08B,$0.03B,33.75%,$0.08B,$0.02B,21.25%,$0.02B,$0.12B,14.72%,$0.02B,$0.12B,14.72%,$0.02B,$1.36B,1.34%,$0.03B,$0.20B,15.51%,$21,$2,$20,$0,$13,$15,$7,$0,$7,$2,$4,$4,$4,$0,$0,$11,11,$0.42,$0.41,$88,$0,$0,$1115,$7,$199,$0,$42,$248,$1363,$1156,$75,$10,$85,$1242,$9,$90,$1,$121,$1363,$13,$2,$-0,$2,$0,$0,$0,$-29,$-29,$-13,$-0,$0,$0,$0,$-101,$-101,$-8,$-108,$20,$-50,$-30,$1,$1,$-5,$201,$168,$46,$0,$-5
9,2016-06-30,18.53,$11.19,1.66,$7.13,2.6,$2.09,8.85,$1.59,11.65,$1.08B,$1.10B,0.98,$0.08B,$0.12B,0.63,$0.08B,$0.07B,90.91%,$0.08B,$0.03B,35.06%,$0.08B,0,0.00%,$0.08B,0,0.00%,$0.08B,$0.03B,33.77%,$0.08B,$0.02B,22.08%,$0.02B,$0.12B,15.14%,$0.02B,$0.12B,15.14%,$0.02B,$1.31B,1.41%,$0.03B,$0.19B,16.77%,$22,$2,$20,$0,$12,$14,$8,$0,$8,$3,$5,$5,$5,$0,$0,$11,11,$0.46,$0.46,$89,$0,$0,$1076,$7,$183,$0,$39,$229,$1305,$1101,$75,$10,$85,$1186,$9,$87,$2,$118,$1305,$9,$1,$-11,$-10,$0,$0,$0,$-4,$-4,$-5,$-0,$0,$0,$0,$-60,$-60,$-3,$-63,$20,$-34,$-14,$1,$1,$-3,$131,$114,$46,$0,$-3
10,2016-03-31,18.69,$10.79,1.73,$6.79,2.75,$2.18,8.59,$1.51,12.38,$1.00B,$1.04B,0.97,$0.06B,$0.11B,0.48,$0.07B,$0.07B,91.78%,$0.07B,$0.03B,34.25%,$0.07B,0,0.00%,$0.07B,0,0.00%,$0.07B,$0.02B,32.88%,$0.07B,$0.02B,21.92%,$0.02B,$0.11B,14.68%,$0.02B,$0.11B,14.68%,$0.02B,$1.22B,1.37%,$0.03B,$0.17B,17.67%,$19,$1,$17,$0,$11,$13,$6,$0,$6,$2,$4,$4,$4,$0,$0,$11,11,$0.39,$0.39,$49,$0,$0,$1003,$7,$172,$0,$35,$214,$1217,$1038,$55,$10,$65,$1103,$9,$84,$1,$114,$1217,$4,$-0,$-0,$-0,$0,$0,$0,$-8,$-8,$-4,$-0,$0,$0,$0,$-22,$-22,$0,$-22,$0,$-14,$-14,$-1,$-1,$0,$47,$32,$6,$0,$0
11,2015-12-31,19.13,$10.35,1.85,$6.60,2.9,$1.36,14.07,$1.46,13.1,$0.96B,$1.01B,0.96,$0.06B,$0.11B,0.5,$0.07B,$0.07B,92.96%,$0.07B,$0.03B,35.21%,$0.07B,0,0.00%,$0.07B,0,0.00%,$0.07B,$0.02B,33.80%,$0.07B,$0.02B,22.54%,$0.02B,$0.11B,15.06%,$0.02B,$0.11B,15.06%,$0.02B,$1.18B,1.41%,$0.03B,$0.16B,19.61%,$18,$1,$16,$0,$9,$10,$7,$0,$6,$2,$4,$4,$4,$0,$0,$11,11,$0.37,$0.37,$43,$0,$0,$961,$7,$174,$0,$36,$217,$1179,$1005,$55,$10,$65,$1069,$9,$81,$-1,$109,$1179,$15,$2,$-1,$1,$0,$0,$0,$-0,$-0,$16,$-0,$0,$0,$0,$-146,$-146,$0,$-146,$55,$-95,$-40,$1,$1,$-10,$158,$110,$-20,$0,$-10
12,2015-09-30,18.91,$10.23,1.85,$6.42,2.95,$-0.96,0.0,$1.43,13.22,$0.92B,$0.99B,0.93,$0.01B,$0.11B,0.09,$0.07B,$0.07B,94.20%,$0.07B,$0.03B,36.23%,$0.07B,0,0.00%,$0.07B,0,0.00%,$0.07B,$0.02B,33.33%,$0.07B,$0.02B,23.19%,$0.02B,$0.11B,15.42%,$0.02B,$0.11B,15.42%,$0.02B,$1.12B,1.45%,$0.03B,$0.12B,22.47%,$18,$1,$17,$0,$10,$12,$6,$0,$6,$2,$4,$4,$4,$0,$0,$11,11,$0.37,$0.37,$49,$0,$0,$923,$7,$156,$0,$32,$195,$1118,$991,$10,$9,$19,$1011,$9,$79,$0,$108,$1118,$12,$1,$-0,$1,$0,$0,$0,$4,$4,$17,$-0,$0,$0,$0,$-84,$-84,$0,$-84,$10,$-126,$-116,$1,$1,$-5,$176,$56,$-11,$0,$-5
13,2015-06-30,17.91,$9.94,1.8,$6.20,2.89,$-3.54,0.0,$1.53,11.71,$0.97B,$1.04B,0.93,$0.01B,$0.11B,0.1,$0.07B,$0.06B,93.94%,$0.07B,$0.03B,40.91%,$0.07B,0,0.00%,$0.07B,0,0.00%,$0.07B,$0.03B,37.88%,$0.07B,$0.02B,25.76%,$0.02B,$0.11B,16.71%,$0.02B,$0.11B,16.71%,$0.02B,$1.17B,1.58%,$0.03B,$0.12B,25.29%,$18,$1,$17,$0,$11,$12,$6,$0,$6,$2,$4,$4,$4,$0,$0,$11,11,$0.38,$0.38,$99,$0,$0,$973,$7,$153,$0,$33,$193,$1166,$1043,$10,$8,$18,$1062,$9,$77,$-0,$105,$1166,$8,$1,$-1,$0,$0,$0,$0,$-12,$-12,$-4,$-0,$0,$0,$0,$-70,$-70,$0,$-70,$10,$-48,$-38,$1,$1,$-3,$150,$110,$35,$0,$-3
14,2015-03-31,17.13,$9.75,1.76,$5.93,2.89,$-5.31,0.0,$1.44,11.9,$0.89B,$0.95B,0.94,$0.01B,$0.10B,0.1,$0.06B,$0.06B,93.65%,$0.06B,$0.03B,41.27%,$0.06B,0,0.00%,$0.06B,0,0.00%,$0.06B,$0.02B,38.10%,$0.06B,$0.02B,25.40%,$0.02B,$0.10B,16.08%,$0.02B,$0.10B,16.12%,$0.02B,$1.07B,1.55%,$0.03B,$0.11B,25.49%,$17,$1,$16,$0,$10,$11,$6,$0,$6,$2,$4,$4,$4,$0,$0,$10,11,$0.34,$0.34,$53,$0,$0,$894,$7,$136,$0,$32,$175,$1069,$947,$10,$10,$20,$967,$9,$74,$0,$103,$1069,$4,$0,$-0,$0,$0,$0,$0,$-17,$-17,$-13,$-0,$0,$0,$0,$-13,$-13,$0,$-13,$10,$-25,$-15,$1,$1,$-1,$31,$15,$-11,$0,$-1
15,2014-12-31,15.35,$9.45,1.62,$5.52,2.78,$-4.26,0.0,$1.33,11.54,$0.91B,$0.94B,0.96,$0.00B,$0.10B,0.0,$0.06B,$0.05B,93.10%,$0.06B,$0.02B,41.38%,$0.06B,0,0.00%,$0.06B,0,0.00%,$0.06B,$0.02B,37.93%,$0.06B,$0.01B,24.14%,$0.01B,$0.10B,14.40%,$0.01B,$0.10B,14.43%,$0.01B,$1.05B,1.40%,$0.02B,$0.10B,24.68%,$16,$1,$15,$0,$8,$9,$7,$0,$5,$2,$4,$4,$4,$0,$0,$10,10,$0.34,$0.34,$65,$0,$0,$907,$7,$139,$0,$0,$146,$1053,$941,$0,$13,$13,$954,$9,$72,$-1,$99,$1053,$14,$1,$-2,$-0,$0,$0,$0,$-22,$-22,$-8,$-0,$0,$0,$0,$-135,$-135,$-15,$-150,$0,$13,$13,$1,$1,$-5,$182,$191,$33,$0,$-5
16,2014-09-30,14.3,$9.55,1.5,$5.29,2.7,$6.37,2.25,$1.30,11.0,$0.84B,$0.91B,0.92,$0.00B,$0.10B,0.0,$0.06B,$0.05B,92.73%,$0.06B,$0.02B,41.82%,$0.06B,0,0.00%,$0.06B,0,0.00%,$0.06B,$0.02B,40.00%,$0.06B,$0.01B,23.64%,$0.01B,$0.10B,13.65%,$0.01B,$0.10B,13.68%,$0.01B,$1.02B,1.37%,$0.02B,$0.10B,24.15%,$15,$1,$14,$0,$7,$8,$8,$0,$8,$3,$5,$5,$5,$0,$0,$10,10,$0.47,$0.47,$77,$0,$0,$836,$7,$142,$0,$30,$179,$1015,$908,$0,$8,$8,$915,$9,$74,$-1,$100,$1015,$10,$1,$-1,$-0,$0,$0,$0,$-21,$-21,$-11,$-0,$0,$0,$0,$-88,$-88,$-15,$-103,$0,$3,$3,$1,$1,$-4,$159,$159,$45,$0,$-4
17,2014-06-30,13.25,$9.22,1.44,$5.17,2.56,$17.69,0.75,$1.10,12.04,$0.83B,$0.89B,0.93,$0.00B,$0.10B,0.0,$0.05B,$0.05B,92.59%,$0.05B,$0.02B,35.19%,$0.05B,0,0.00%,$0.05B,0,0.00%,$0.05B,$0.02B,33.33%,$0.05B,$0.01B,20.37%,$0.01B,$0.10B,11.67%,$0.01B,$0.10B,11.70%,$0.01B,$1.00B,1.22%,$0.02B,$0.10B,20.16%,$15,$1,$14,$0,$9,$10,$5,$0,$5,$2,$3,$3,$3,$0,$0,$10,10,$0.29,$0.29,$53,$0,$0,$834,$8,$127,$1,$29,$165,$999,$892,$0,$11,$11,$903,$9,$70,$-1,$96,$999,$5,$1,$0,$1,$0,$0,$0,$-29,$-29,$-23,$-0,$0,$0,$0,$-82,$-82,$-15,$-97,$0,$-72,$-72,$1,$1,$-2,$219,$145,$24,$0,$-2
18,2014-03-31,14.05,$9.00,1.56,$5.41,2.6,$26.36,0.53,$1.15,12.22,$0.80B,$0.82B,0.97,$0.00B,$0.09B,0.0,$0.06B,$0.05B,92.86%,$0.06B,$0.02B,35.71%,$0.06B,0,0.00%,$0.06B,0,0.00%,$0.06B,$0.02B,33.93%,$0.06B,$0.01B,21.43%,$0.01B,$0.09B,12.77%,$0.01B,$0.09B,12.77%,$0.01B,$0.93B,1.39%,$0.02B,$0.09B,20.94%,$12,$1,$11,$0,$8,$8,$4,$0,$4,$1,$2,$2,$2,$0,$0,$10,10,$0.23,$0.23,$64,$0,$0,$797,$8,$102,$0,$19,$130,$927,$823,$0,$10,$10,$833,$9,$68,$-1,$94,$927,$2,$-0,$0,$-0,$0,$0,$0,$-4,$-4,$-2,$-0,$0,$0,$0,$-31,$-31,$-5,$-36,$0,$-155,$-155,$0,$0,$-1,$232,$77,$39,$0,$-1
19,2013-12-31,12.87,$8.79,1.46,$6.15,2.09,$30.72,0.42,$1.27,10.13,$0.75B,$0.75B,1.0,$0.00B,$0.09B,0.0,$0.06B,$0.06B,93.75%,$0.06B,$0.02B,34.38%,$0.06B,0,0.00%,$0.06B,0,0.00%,$0.06B,$0.02B,32.81%,$0.06B,$0.01B,21.88%,$0.01B,$0.09B,14.89%,$0.01B,$0.09B,14.89%,$0.01B,$0.85B,1.64%,$0.02B,$0.09B,22.68%,$13,$1,$12,$0,$6,$7,$6,$0,$5,$2,$3,$3,$3,$0,$0,$10,10,$0.31,$0.31,$32,$0,$0,$746,$8,$93,$0,$0,$101,$847,$746,$0,$10,$10,$756,$9,$67,$-2,$91,$847,$13,$1,$2,$3,$0,$0,$0,$86,$86,$102,$-0,$0,$0,$0,$-90,$-90,$0,$-90,$-6,$90,$84,$0,$0,$-11,$-99,$-26,$-15,$0,$-11
20,2013-09-30,11.65,$9.34,1.25,$7.35,1.59,$21.16,0.55,$1.56,7.47,$0.74B,$0.74B,1.0,$0.00B,$0.10B,0.0,$0.08B,$0.07B,94.74%,$0.08B,$0.03B,35.53%,$0.08B,0,0.00%,$0.08B,0,0.00%,$0.08B,$0.03B,34.21%,$0.08B,$0.02B,22.37%,$0.02B,$0.10B,18.09%,$0.02B,$0.10B,18.09%,$0.02B,$0.85B,1.98%,$0.03B,$0.10B,27.41%,$14,$1,$13,$0,$9,$10,$4,$0,$4,$1,$3,$3,$3,$0,$0,$10,10,$0.27,$0.27,$76,$0,$0,$736,$8,$89,$0,$14,$111,$847,$739,$0,$11,$11,$750,$9,$72,$-1,$96,$847,$10,$1,$2,$3,$0,$0,$0,$94,$94,$107,$-0,$0,$0,$0,$-48,$-48,$0,$-48,$-6,$-19,$-25,$-0,$-0,$-3,$4,$-25,$34,$0,$-3
21,2013-06-30,10.53,$9.20,1.14,$8.13,1.3,$13.38,0.79,$1.69,6.23,$0.73B,$0.73B,1.0,$0.01B,$0.10B,0.07,$0.08B,$0.08B,95.24%,$0.08B,$0.03B,34.52%,$0.08B,0,0.00%,$0.08B,0,0.00%,$0.08B,$0.03B,33.33%,$0.08B,$0.02B,21.43%,$0.02B,$0.10B,19.30%,$0.02B,$0.10B,19.30%,$0.02B,$0.84B,2.10%,$0.03B,$0.10B,29.00%,$17,$1,$16,$0,$11,$12,$6,$0,$6,$2,$4,$4,$4,$0,$0,$10,10,$0.34,$0.34,$51,$0,$0,$731,$8,$85,$0,$17,$111,$842,$730,$6,$11,$17,$747,$9,$71,$-1,$95,$842,$7,$0,$0,$1,$0,$0,$0,$59,$59,$67,$-0,$0,$0,$0,$-31,$-31,$0,$-31,$0,$-13,$-13,$-1,$-1,$-2,$-12,$-27,$9,$0,$-2
22,2013-03-31,13.2,$9.10,1.45,$8.67,1.52,$7.06,1.87,$1.73,7.63,$0.75B,$0.77B,0.98,$0.01B,$0.09B,0.07,$0.09B,$0.09B,94.44%,$0.09B,$0.03B,33.33%,$0.09B,0,0.00%,$0.09B,0,0.00%,$0.09B,$0.03B,32.22%,$0.09B,$0.02B,20.00%,$0.02B,$0.09B,19.62%,$0.02B,$0.09B,19.62%,$0.02B,$0.88B,2.10%,$0.03B,$0.10B,30.23%,$20,$1,$19,$0,$13,$14,$6,$0,$6,$2,$4,$4,$4,$0,$0,$10,10,$0.36,$0.35,$54,$0,$0,$753,$9,$99,$0,$15,$123,$876,$765,$6,$11,$17,$782,$9,$68,$-0,$94,$876,$4,$0,$1,$1,$0,$0,$0,$39,$39,$44,$-0,$0,$0,$0,$-39,$-39,$0,$-40,$0,$-51,$-51,$0,$0,$-1,$62,$10,$14,$0,$-1
23,2012-12-31,10.4,$8.85,1.18,$8.84,1.18,$5.05,2.06,$1.71,6.08,$0.78B,$0.76B,1.03,$0.01B,$0.09B,0.07,$0.09B,$0.09B,94.51%,$0.09B,$0.03B,31.87%,$0.09B,0,0.00%,$0.09B,0,0.00%,$0.09B,$0.03B,30.77%,$0.09B,$0.02B,18.68%,$0.02B,$0.09B,18.94%,$0.02B,$0.09B,18.94%,$0.02B,$0.86B,2.02%,$0.03B,$0.10B,29.59%,$25,$1,$24,$0,$13,$15,$11,$0,$10,$4,$6,$6,$6,$0,$0,$10,10,$0.61,$0.60,$42,$0,$0,$775,$9,$81,$0,$0,$89,$864,$755,$6,$12,$18,$773,$9,$65,$0,$91,$864,$18,$1,$3,$3,$0,$0,$0,$-18,$-18,$3,$-0,$0,$0,$0,$-44,$-44,$0,$-44,$-5,$23,$18,$0,$0,$-10,$26,$35,$-6,$0,$-10
24,2012-09-30,10.35,$9.03,1.15,$8.41,1.23,$5.75,1.8,$1.43,7.24,$0.73B,$0.73B,1.0,$0.01B,$0.09B,0.1,$0.09B,$0.08B,93.10%,$0.09B,$0.02B,27.59%,$0.09B,0,0.00%,$0.09B,0,0.00%,$0.09B,$0.02B,26.44%,$0.09B,$0.01B,16.09%,$0.01B,$0.09B,15.95%,$0.01B,$0.09B,15.95%,$0.01B,$0.85B,1.69%,$0.02B,$0.10B,24.68%,$22,$1,$21,$0,$14,$15,$6,$0,$6,$2,$4,$4,$4,$0,$0,$10,10,$0.40,$0.40,$59,$0,$0,$729,$8,$102,$0,$10,$120,$849,$733,$9,$15,$24,$757,$9,$67,$0,$93,$849,$11,$0,$3,$4,$0,$0,$0,$11,$11,$26,$-0,$0,$0,$0,$-37,$-37,$0,$-37,$-2,$-34,$-35,$0,$0,$-2,$61,$24,$13,$0,$-2
25,2012-06-30,9.88,$8.69,1.14,$8.21,1.2,$3.74,2.64,$1.33,7.43,$0.72B,$0.73B,0.98,$0.01B,$0.09B,0.1,$0.09B,$0.08B,91.76%,$0.09B,$0.02B,27.06%,$0.09B,0,0.00%,$0.09B,0,0.00%,$0.09B,$0.02B,25.88%,$0.09B,$0.01B,15.29%,$0.01B,$0.09B,15.38%,$0.01B,$0.09B,15.38%,$0.01B,$0.84B,1.61%,$0.02B,$0.10B,24.27%,$23,$1,$21,$0,$15,$16,$7,$0,$7,$3,$4,$4,$4,$0,$0,$10,10,$0.38,$0.38,$39,$0,$0,$718,$9,$102,$0,$13,$124,$842,$729,$9,$14,$24,$753,$9,$64,$0,$89,$842,$7,$0,$2,$2,$0,$0,$0,$-8,$-8,$2,$-0,$0,$0,$0,$-33,$-33,$0,$-33,$-1,$-12,$-14,$-0,$-0,$-1,$36,$21,$-10,$0,$-1
26,2012-03-31,7.87,$8.37,0.94,$7.61,1.03,$6.76,1.16,$1.21,6.51,$0.68B,$0.70B,0.98,$0.01B,$0.09B,0.11,$0.08B,$0.07B,91.14%,$0.08B,$0.02B,25.32%,$0.08B,0,0.00%,$0.08B,0,0.00%,$0.08B,$0.02B,24.05%,$0.08B,$0.01B,15.19%,$0.01B,$0.09B,14.68%,$0.01B,$0.09B,14.68%,$0.01B,$0.81B,1.55%,$0.02B,$0.10B,21.56%,$21,$1,$20,$0,$14,$16,$5,$0,$5,$2,$3,$3,$3,$0,$0,$10,10,$0.34,$0.33,$40,$0,$0,$682,$9,$103,$0,$11,$123,$805,$700,$9,$10,$20,$719,$9,$60,$0,$86,$805,$3,$0,$0,$0,$0,$0,$0,$18,$18,$22,$-0,$0,$0,$0,$-22,$-22,$0,$-22,$-0,$-29,$-29,$-0,$-0,$-1,$22,$-8,$-7,$0,$-1
27,2011-12-31,6.57,$8.12,0.81,$6.91,0.95,$9.61,0.68,$1.10,5.98,$0.72B,$0.71B,1.02,$0.01B,$0.08B,0.13,$0.07B,$0.06B,88.89%,$0.07B,$0.02B,26.39%,$0.07B,0,0.00%,$0.07B,0,0.00%,$0.07B,$0.02B,25.00%,$0.07B,$0.01B,15.28%,$0.01B,$0.08B,13.97%,$0.01B,$0.08B,13.97%,$0.01B,$0.81B,1.46%,$0.02B,$0.09B,20.94%,$21,$2,$19,$0,$13,$15,$6,$0,$5,$2,$3,$3,$3,$0,$0,$10,10,$0.33,$0.32,$48,$0,$0,$715,$9,$86,$0,$0,$94,$810,$705,$11,$11,$22,$727,$9,$58,$0,$83,$810,$11,$0,$1,$2,$0,$0,$0,$-9,$-9,$3,$6,$0,$0,$0,$-39,$-39,$0,$-33,$-2,$-50,$-53,$-1,$-1,$-1,$17,$-38,$-68,$0,$-1
28,2011-09-30,5.77,$7.84,0.74,$6.82,0.85,$9.54,0.6,$1.00,5.77,$0.68B,$0.66B,1.03,$0.01B,$0.08B,0.14,$0.07B,$0.06B,88.73%,$0.07B,$0.02B,23.94%,$0.07B,0,0.00%,$0.07B,0,0.00%,$0.07B,$0.02B,23.94%,$0.07B,$0.01B,14.08%,$0.01B,$0.08B,13.16%,$0.01B,$0.08B,13.16%,$0.01B,$0.77B,1.32%,$0.02B,$0.09B,17.71%,$20,$2,$18,$0,$13,$15,$5,$0,$5,$2,$3,$3,$3,$0,$0,$10,10,$0.30,$0.30,$47,$0,$0,$682,$9,$66,$0,$9,$84,$765,$662,$12,$12,$23,$685,$9,$55,$0,$80,$765,$8,$0,$1,$1,$0,$0,$0,$-11,$-11,$-1,$6,$0,$0,$0,$6,$6,$0,$12,$-2,$-45,$-47,$-1,$-1,$-1,$-31,$-80,$-69,$0,$-1
29,2011-06-30,5.32,$7.56,0.7,$6.75,0.79,$5.74,0.93,$0.93,5.72,$0.60B,$0.62B,0.97,$0.01B,$0.08B,0.16,$0.07B,$0.06B,88.57%,$0.07B,$0.02B,22.86%,$0.07B,0,0.00%,$0.07B,0,0.00%,$0.07B,$0.02B,22.86%,$0.07B,$0.01B,12.86%,$0.01B,$0.08B,12.12%,$0.01B,$0.08B,12.12%,$0.01B,$0.71B,1.17%,$0.02B,$0.09B,15.92%,$17,$2,$15,$0,$11,$12,$4,$0,$4,$1,$3,$3,$3,$0,$0,$10,10,$0.26,$0.26,$28,$0,$0,$596,$9,$92,$0,$17,$117,$713,$615,$12,$8,$20,$635,$9,$52,$-0,$78,$713,$5,$0,$-0,$-0,$0,$0,$0,$23,$23,$28,$5,$0,$0,$0,$3,$3,$0,$8,$-1,$-3,$-4,$-1,$-1,$-1,$-120,$-125,$-89,$0,$-1
30,2011-03-31,5.23,$7.21,0.73,$6.66,0.79,$1.78,2.94,$0.83,6.3,$0.57B,$0.62B,0.91,$0.01B,$0.07B,0.17,$0.07B,$0.06B,86.96%,$0.07B,$0.02B,21.74%,$0.07B,0,0.00%,$0.07B,0,0.00%,$0.07B,$0.02B,21.74%,$0.07B,$0.01B,11.59%,$0.01B,$0.07B,11.07%,$0.01B,$0.07B,11.07%,$0.01B,$0.72B,1.02%,$0.02B,$0.09B,14.05%,$14,$2,$12,$0,$9,$11,$4,$0,$4,$1,$2,$2,$2,$0,$0,$10,10,$0.22,$0.22,$46,$0,$0,$569,$9,$125,$0,$14,$148,$717,$623,$13,$7,$20,$643,$9,$50,$-1,$74,$717,$2,$0,$0,$0,$0,$0,$0,$49,$49,$52,$-0,$0,$0,$0,$-6,$-6,$0,$-6,$-1,$17,$16,$-0,$-0,$-0,$-132,$-116,$-70,$0,$-0
31,2010-12-31,4.75,$6.96,0.68,$6.62,0.72,$-0.92,0.0,$0.72,6.59,$0.70B,$0.71B,0.99,$0.04B,$0.07B,0.6,$0.07B,$0.06B,86.96%,$0.07B,$0.01B,18.84%,$0.07B,0,0.00%,$0.07B,0,0.00%,$0.07B,$0.01B,18.84%,$0.07B,$0.01B,10.14%,$0.01B,$0.07B,9.86%,$0.01B,$0.07B,9.86%,$0.01B,$0.83B,0.91%,$0.01B,$0.12B,11.40%,$20,$2,$18,$0,$14,$16,$4,$0,$4,$1,$2,$2,$2,$0,$0,$11,11,$0.21,$0.22,$116,$0,$0,$699,$9,$124,$0,$0,$133,$832,$708,$43,$8,$51,$760,$9,$48,$-2,$72,$832,$8,$1,$7,$8,$0,$0,$0,$-13,$-13,$2,$7,$0,$0,$0,$-95,$-95,$0,$-88,$-9,$16,$7,$-1,$-1,$-0,$161,$167,$81,$0,$-0
32,2010-09-30,4.4,$6.95,0.63,$6.77,0.65,$0.40,11.0,$0.69,6.38,$0.63B,$0.68B,0.93,$0.04B,$0.07B,0.52,$0.07B,$0.06B,85.92%,$0.07B,$0.01B,18.31%,$0.07B,0,0.00%,$0.07B,0,0.00%,$0.07B,$0.01B,16.90%,$0.07B,$0.01B,9.86%,$0.01B,$0.07B,10.00%,$0.01B,$0.07B,10.00%,$0.01B,$0.81B,0.97%,$0.01B,$0.11B,11.28%,$19,$2,$17,$0,$13,$15,$4,$0,$4,$1,$2,$2,$2,$0,$0,$10,10,$0.23,$0.23,$37,$0,$0,$631,$9,$148,$0,$17,$173,$805,$677,$38,$12,$55,$732,$9,$45,$0,$73,$805,$5,$0,$4,$5,$0,$0,$0,$-48,$-48,$-38,$4,$0,$0,$0,$-100,$-100,$0,$-97,$-9,$6,$-3,$-1,$-1,$-0,$140,$136,$1,$0,$-0
33,2010-06-30,4.31,$6.71,0.64,$6.86,0.63,$7.23,0.6,$0.67,6.43,$0.61B,$0.67B,0.92,$0.04B,$0.07B,0.63,$0.07B,$0.06B,84.72%,$0.07B,$0.01B,16.67%,$0.07B,0,0.00%,$0.07B,0,0.00%,$0.07B,$0.01B,15.28%,$0.07B,$0.01B,9.72%,$0.01B,$0.07B,10.26%,$0.01B,$0.07B,10.26%,$0.01B,$0.79B,1.00%,$0.01B,$0.12B,10.21%,$16,$3,$13,$0,$11,$13,$3,$0,$3,$1,$2,$2,$2,$0,$0,$11,11,$0.16,$0.16,$86,$0,$0,$614,$9,$128,$0,$40,$176,$791,$666,$44,$10,$54,$720,$9,$43,$0,$70,$791,$3,$0,$2,$2,$0,$0,$0,$-15,$-15,$-10,$2,$0,$0,$0,$-63,$-63,$0,$-61,$-8,$-7,$-15,$-0,$-0,$-0,$141,$126,$55,$0,$-0
34,2010-03-31,4.48,$6.52,0.69,$8.02,0.56,$6.95,0.64,$0.78,5.75,$0.53B,$0.51B,1.04,$0.05B,$0.07B,0.67,$0.08B,$0.07B,85.71%,$0.08B,$0.01B,15.48%,$0.08B,0,0.00%,$0.08B,0,0.00%,$0.08B,$0.01B,14.29%,$0.08B,$0.01B,9.52%,$0.01B,$0.07B,11.99%,$0.01B,$0.07B,11.99%,$0.01B,$0.64B,1.17%,$0.01B,$0.12B,10.88%,$14,$3,$12,$0,$10,$12,$2,$0,$2,$1,$1,$1,$1,$0,$0,$11,11,$0.12,$0.11,$19,$0,$0,$531,$9,$78,$0,$20,$106,$637,$513,$47,$8,$55,$568,$9,$41,$-0,$69,$637,$1,$0,$1,$1,$0,$0,$0,$22,$22,$24,$0,$0,$0,$0,$-13,$-13,$0,$-13,$-6,$-11,$-17,$0,$0,$-0,$-6,$-23,$-12,$0,$-0
35,2009-12-31,4.31,$6.43,0.67,$9.08,0.47,$4.29,1.0,$0.93,4.63,$0.62B,$0.53B,1.16,$0.05B,$0.07B,0.78,$0.10B,$0.08B,85.26%,$0.10B,$0.02B,16.84%,$0.10B,0,0.00%,$0.10B,0,0.00%,$0.10B,$0.02B,15.79%,$0.10B,$0.01B,10.53%,$0.01B,$0.07B,15.44%,$0.01B,$0.07B,15.44%,$0.01B,$0.67B,1.40%,$0.02B,$0.12B,13.25%,$22,$3,$19,$0,$15,$18,$4,$0,$3,$1,$2,$2,$2,$0,$0,$10,10,$0.19,$0.18,$36,$0,$0,$615,$9,$43,$0,$0,$52,$667,$531,$53,$16,$68,$599,$9,$40,$0,$68,$667,$10,$1,$10,$11,$0,$0,$0,$2,$2,$23,$0,$0,$0,$0,$38,$38,$0,$38,$5,$-39,$-34,$1,$1,$-0,$-19,$-52,$9,$0,$-0
36,2009-09-30,4.58,$6.29,0.73,$8.75,0.52,$-1.43,0.0,$0.86,5.33,$0.60B,$0.57B,1.06,$0.05B,$0.07B,0.81,$0.09B,$0.08B,83.52%,$0.09B,$0.02B,16.48%,$0.09B,0,0.00%,$0.09B,0,0.00%,$0.09B,$0.01B,15.38%,$0.09B,$0.01B,9.89%,$0.01B,$0.07B,14.46%,$0.01B,$0.07B,14.46%,$0.01B,$0.70B,1.24%,$0.02B,$0.12B,12.82%,$20,$3,$17,$0,$13,$17,$3,$0,$3,$1,$2,$2,$2,$0,$0,$10,10,$0.21,$0.21,$56,$0,$0,$600,$9,$73,$0,$13,$95,$695,$568,$53,$7,$61,$629,$9,$38,$0,$66,$695,$8,$0,$7,$8,$0,$0,$0,$21,$21,$36,$0,$0,$0,$0,$10,$10,$0,$11,$6,$-48,$-42,$1,$1,$-0,$27,$-14,$33,$0,$-0
37,2009-06-30,4.39,$6.09,0.72,$8.32,0.53,$-4.94,0.0,$0.72,6.09,$0.65B,$0.61B,1.07,$0.06B,$0.06B,0.94,$0.09B,$0.07B,81.40%,$0.09B,$0.01B,15.12%,$0.09B,0,0.00%,$0.09B,0,0.00%,$0.09B,$0.01B,13.95%,$0.09B,$0.01B,9.30%,$0.01B,$0.06B,13.39%,$0.01B,$0.06B,13.39%,$0.01B,$0.74B,1.12%,$0.01B,$0.12B,11.21%,$28,$4,$24,$0,$20,$23,$4,$0,$4,$2,$3,$3,$3,$0,$0,$10,10,$0.27,$0.27,$40,$0,$0,$648,$9,$69,$0,$15,$93,$741,$606,$59,$12,$71,$677,$9,$36,$0,$64,$741,$5,$0,$6,$6,$0,$0,$0,$-23,$-23,$-11,$-0,$0,$0,$0,$-1,$-1,$0,$-1,$12,$-43,$-31,$1,$1,$-0,$60,$29,$17,$0,$-0
38,2009-03-31,3.34,$5.92,0.56,$7.35,0.45,$-3.70,0.0,$0.55,6.08,$0.65B,$0.62B,1.04,$0.06B,$0.06B,0.99,$0.08B,$0.06B,77.63%,$0.08B,$0.01B,14.47%,$0.08B,0,0.00%,$0.08B,0,0.00%,$0.08B,$0.01B,13.16%,$0.08B,$0.01B,7.89%,$0.01B,$0.06B,13.71%,$0.01B,$0.06B,13.71%,$0.01B,$0.76B,1.14%,$0.01B,$0.12B,12.90%,$25,$4,$21,$0,$16,$20,$5,$0,$5,$2,$3,$3,$3,$0,$0,$10,10,$0.26,$0.26,$73,$0,$0,$648,$9,$84,$0,$14,$107,$755,$624,$60,$10,$71,$694,$9,$34,$1,$61,$755,$3,$0,$4,$4,$0,$0,$0,$-11,$-11,$-4,$0,$0,$0,$0,$7,$7,$0,$7,$13,$-27,$-13,$0,$0,$-0,$61,$48,$51,$0,$-0
39,2008-12-31,3.47,$5.66,0.61,$6.65,0.52,$-4.71,0.0,$0.45,7.72,$0.59B,$0.59B,0.99,$0.05B,$0.06B,0.82,$0.07B,$0.05B,73.91%,$0.07B,$0.01B,13.04%,$0.07B,0,0.00%,$0.07B,0,0.00%,$0.07B,$0.01B,11.59%,$0.07B,$0.01B,7.25%,$0.01B,$0.06B,11.76%,$0.01B,$0.06B,11.76%,$0.01B,$0.70B,1.01%,$0.01B,$0.11B,10.32%,$18,$4,$14,$0,$11,$15,$3,$0,$2,$1,$1,$1,$1,$0,$0,$10,10,$0.12,$0.13,$22,$0,$0,$585,$9,$91,$0,$17,$117,$702,$589,$47,$8,$55,$644,$9,$31,$1,$58,$702,$5,$1,$7,$7,$0,$0,$0,$-51,$-51,$-39,$2,$0,$0,$0,$-30,$-30,$0,$-28,$2,$62,$63,$-5,$-5,$-0,$12,$70,$3,$0,$-0
40,2008-09-30,4.05,$5.47,0.74,$6.30,0.64,$1.24,3.27,$0.39,10.37,$0.57B,$0.53B,1.07,$0.06B,$0.06B,1.05,$0.07B,$0.05B,70.59%,$0.07B,$0.01B,11.76%,$0.07B,0,0.00%,$0.07B,0,0.00%,$0.07B,$0.01B,10.29%,$0.07B,$0.01B,7.35%,$0.01B,$0.06B,11.76%,$0.01B,$0.06B,11.76%,$0.01B,$0.66B,1.05%,$0.01B,$0.12B,9.20%,$15,$4,$11,$0,$10,$14,$1,$0,$1,$0,$1,$1,$1,$0,$0,$10,10,$0.08,$0.07,$33,$0,$0,$570,$9,$60,$0,$18,$87,$656,$531,$59,$11,$70,$601,$9,$30,$0,$56,$656,$4,$1,$3,$3,$0,$0,$0,$-8,$-8,$-1,$1,$0,$0,$0,$-10,$-10,$0,$-10,$13,$1,$14,$-5,$-5,$-0,$15,$24,$13,$0,$-0
41,2008-06-30,4.59,$0.00,0.0,$6.32,0.73,$4.55,1.01,$0.34,13.49,$0.00B,$0.00B,0.0,$0.00B,$0.00B,0.0,$0.07B,$0.05B,67.61%,$0.07B,$0.01B,9.86%,$0.07B,0,0.00%,$0.07B,0,0.00%,$0.07B,$0.01B,8.45%,$0.07B,$0.00B,5.63%,$0.00B,$0.00B,9.25%,$0.00B,$0.00B,9.25%,$0.00B,$0.00B,0.85%,$0.01B,$0.00B,8.24%,$18,$4,$13,$0,$12,$16,$2,$0,$2,$1,$1,$1,$1,$0,$0,$10,10,$0.10,$0.10,$0,$0,$0,$0,$0,$0,$0,$0,$0,$0,$0,$0,$0,$0,$0,$0,$0,$0,$0,$0,$3,$0,$1,$2,$0,$0,$0,$-3,$-3,$2,$0,$0,$0,$0,$-10,$-10,$0,$-10,$21,$31,$52,$-6,$-6,$-0,$-24,$23,$15,$0,$-0
42,2008-03-31,5.14,$5.41,0.95,$6.22,0.83,$3.47,1.48,$0.36,14.29,$0.54B,$0.49B,1.1,$0.07B,$0.06B,1.3,$0.07B,$0.05B,65.75%,$0.07B,$0.01B,9.59%,$0.07B,0,0.00%,$0.07B,0,0.00%,$0.07B,$0.01B,8.22%,$0.07B,$0.01B,6.85%,$0.01B,$0.06B,8.40%,$0.01B,$0.06B,8.40%,$0.01B,$0.63B,0.78%,$0.01B,$0.13B,6.13%,$18,$5,$13,$0,$11,$16,$3,$0,$3,$1,$2,$2,$2,$0,$0,$11,11,$0.16,$0.16,$29,$0,$0,$544,$10,$64,$0,$10,$83,$627,$493,$73,$5,$78,$571,$9,$28,$1,$56,$627,$2,$0,$0,$1,$0,$0,$0,$-17,$-17,$-15,$0,$0,$0,$-0,$23,$23,$0,$24,$27,$-5,$22,$-4,$-4,$-0,$-16,$1,$10,$0,$-0
43,2007-12-31,4.35,$5.35,0.81,$6.07,0.72,$4.58,0.95,$0.31,14.04,$0.53B,$0.52B,1.03,$0.05B,$0.06B,0.79,$0.07B,$0.05B,64.86%,$0.07B,$0.01B,8.11%,$0.07B,0,0.00%,$0.07B,0,0.00%,$0.07B,$0.01B,6.76%,$0.07B,$0.00B,5.41%,$0.00B,$0.06B,6.50%,$0.00B,$0.06B,6.50%,$0.00B,$0.62B,0.61%,$0.01B,$0.10B,5.37%,$17,$6,$11,$0,$9,$15,$2,$0,$1,$0,$1,$1,$1,$0,$0,$12,12,$0.06,$0.06,$20,$0,$0,$529,$10,$74,$0,$10,$94,$622,$515,$46,$4,$49,$564,$9,$27,$0,$58,$622,$4,$1,$3,$4,$0,$0,$0,$20,$20,$28,$0,$0,$0,$0,$-12,$-12,$0,$-11,$-7,$-43,$-50,$-8,$-8,$-0,$34,$-25,$-8,$0,$-0
44,2007-09-30,5.7,$5.29,1.08,$6.44,0.89,$0.73,7.79,$0.44,12.96,$0.53B,$0.53B,0.99,$0.05B,$0.06B,0.83,$0.08B,$0.05B,65.79%,$0.08B,$0.01B,11.84%,$0.08B,0,0.00%,$0.08B,0,0.00%,$0.08B,$0.01B,9.21%,$0.08B,$0.01B,6.58%,$0.01B,$0.06B,8.00%,$0.01B,$0.06B,8.00%,$0.01B,$0.64B,0.76%,$0.01B,$0.11B,7.86%,$18,$7,$11,$0,$11,$18,$0,$0,$0,$-0,$0,$0,$0,$0,$0,$12,12,$0.02,$0.02,$18,$0,$0,$526,$10,$95,$0,$12,$117,$643,$531,$49,$4,$53,$584,$9,$26,$-0,$59,$643,$3,$1,$2,$2,$0,$0,$0,$34,$34,$40,$-1,$0,$0,$0,$-44,$-44,$0,$-45,$-4,$-8,$-13,$-7,$-7,$-0,$16,$-4,$-10,$0,$-0
45,2007-06-30,6.36,$5.44,1.17,$6.52,0.97,$-3.34,0.0,$0.59,10.77,$0.57B,$0.57B,1.01,$0.05B,$0.07B,0.79,$0.08B,$0.05B,67.11%,$0.08B,$0.01B,15.79%,$0.08B,0,0.00%,$0.08B,0,0.00%,$0.08B,$0.01B,13.16%,$0.08B,$0.01B,9.21%,$0.01B,$0.07B,11.24%,$0.01B,$0.07B,11.24%,$0.01B,$0.69B,1.07%,$0.01B,$0.12B,10.96%,$20,$7,$13,$0,$11,$17,$2,$0,$2,$1,$2,$2,$2,$0,$0,$12,12,$0.13,$0.12,$13,$0,$0,$571,$10,$95,$0,$11,$116,$688,$567,$52,$4,$56,$623,$10,$26,$-1,$65,$688,$3,$0,$1,$1,$0,$0,$0,$-15,$-15,$-11,$-1,$0,$0,$0,$-44,$-44,$0,$-45,$-1,$4,$3,$0,$0,$-0,$38,$41,$-14,$0,$-0
46,2007-03-31,6.82,$5.35,1.28,$6.64,1.03,$-2.78,0.0,$0.66,10.34,$0.55B,$0.54B,1.02,$0.06B,$0.06B,0.85,$0.07B,$0.05B,68.06%,$0.07B,$0.01B,18.06%,$0.07B,0,0.00%,$0.07B,0,0.00%,$0.07B,$0.01B,15.28%,$0.07B,$0.01B,9.72%,$0.01B,$0.06B,12.79%,$0.01B,$0.06B,12.79%,$0.01B,$0.67B,1.11%,$0.01B,$0.12B,13.47%,$19,$6,$13,$0,$11,$17,$2,$0,$2,$1,$1,$1,$1,$0,$0,$12,12,$0.11,$0.11,$34,$0,$0,$554,$10,$94,$0,$10,$114,$667,$544,$55,$5,$59,$603,$10,$25,$-0,$64,$667,$1,$0,$0,$1,$0,$0,$0,$-4,$-4,$-3,$-0,$0,$0,$0,$-12,$-12,$0,$-13,$2,$-2,$-0,$1,$1,$-0,$22,$22,$7,$0,$-0
47,2006-12-31,6.85,$5.27,1.3,$6.61,1.04,$-5.27,0.0,$0.72,9.52,$0.52B,$0.52B,0.99,$0.05B,$0.06B,0.85,$0.07B,$0.05B,67.65%,$0.07B,$0.01B,19.12%,$0.07B,0,0.00%,$0.07B,0,0.00%,$0.07B,$0.01B,16.18%,$0.07B,$0.01B,11.76%,$0.01B,$0.06B,17.02%,$0.01B,$0.06B,17.02%,$0.01B,$0.65B,1.31%,$0.01B,$0.12B,15.71%,$19,$6,$13,$0,$8,$14,$5,$0,$3,$1,$2,$2,$2,$0,$0,$9,11,$0.20,$0.19,$27,$0,$0,$521,$10,$105,$0,$9,$124,$645,$524,$53,$6,$59,$582,$10,$24,$-1,$62,$645,$8,$1,$-0,$1,$0,$0,$0,$-22,$-22,$-14,$-1,$0,$0,$0,$-81,$-81,$0,$-82,$20,$38,$58,$23,$23,$-0,$19,$100,$4,$0,$-0
