,Date,Stock Price,Book Value per Share,Price to Book Ratio,TTM Sales per Share,Price to Sales Ratio,TTM FCF per Share,Price to FCF Ratio,TTM Net EPS,PE Ratio,Current Assets,Current Liabilities,Current Ratio,Long Term Debt,Shareholder's Equity_x,Debt to Equity Ratio,TTM Revenue_x,TTM Gross Profit,Gross Margin,TTM Revenue_y,TTM Operating Income,Operating Margin,TTM Revenue_x,TTM EBIT,EBIT Margin,TTM Revenue_y,TTM EBITDA,EBITDA Margin,TTM Revenue_x,TTM Pre-Tax Income,Pre-Tax Margin,TTM Revenue_y,TTM Net Income_x,Net Margin,TTM Net Income_y,Shareholder's Equity_y,Return on Equity,TTM Net Income_x,Tangible Equity,Return on Tangible Equity,TTM Net Income_y,Total Assets,Return on Assets,TTM Net Income,LT Investments & Debt,Return on Investment,revenue,cost-goods-sold,gross-profit,research-development-expenses,selling-general-administrative-expenses,operating-expenses,operating-income,total-non-operating-income-expense,pre-tax-income,total-provision-income-taxes,income-after-taxes,income-from-continuous-operations,net-income,ebitda,ebit,basic-shares-outstanding,shares-outstanding,eps-basic-net-earnings-per-share,eps-earnings-per-share-diluted,cash-on-hand,inventory,other-current-assets,total-current-assets,net-property-plant-equipment,long-term-investments,goodwill-intangible-assets-total,other-long-term-assets,total-long-term-assets,total-assets,total-current-liabilities,long-term-debt,other-non-current-liabilities,total-long-term-liabilities,total-liabilities,common-stock-net,retained-earnings-accumulated-deficit,comprehensive-income,total-share-holder-equity,total-liabilities-share-holders-equity,net-income-loss,total-depreciation-amortization-cash-flow,other-non-cash-items,total-non-cash-items,change-in-accounts-receivable,change-in-inventories,change-in-accounts-payable,change-in-assets-liabilities,total-change-in-assets-liabilities,cash-flow-from-operating-activities,net-change-in-property-plant-equipment,net-change-in-intangible-assets,net-acquisitions-divestitures,net-change-in-short-term-investments,net-change-in-long-term-investments,net-change-in-investments-total,investing-activities-other,cash-flow-from-investing-activities,net-long-term-debt,net-current-debt,debt-issuance-retirement-net-total,net-common-equity-issued-repurchased,net-total-equity-issued-repurchased,total-common-preferred-stock-dividends-paid,financial-activities-other,cash-flow-from-financial-activities,net-cash-flow,stock-based-compensation,common-stock-dividends-paid
0,2018-09-30,48.56,$19.09,2.54,$16.42,2.96,$7.13,6.81,$2.15,22.59,$0.61B,$0.60B,1.01,$4.83B,$4.09B,1.18,$2.83B,$1.93B,68.40%,$2.83B,$0.82B,29.12%,$2.83B,$0.82B,29.12%,$2.83B,$1.16B,41.08%,$2.83B,$0.53B,18.86%,$2.83B,$0.47B,16.56%,$0.47B,$4.69B,11.48%,$0.47B,$2.58B,22.20%,$0.47B,$10.20B,5.18%,$0.82B,$9.52B,9.74%,$642,$73,$569,$0,$31,$427,$215,$-49,$166,$0,$166,$166,$160,$320,$215,$234,235,$0.68,$0.68,$30,$0,$81,$612,$6750,$607,$2104,$124,$9585,$10197,$604,$4829,$77,$4906,$5510,$4093,$0,$0,$4687,$10197,$429,$268,$29,$297,$0,$0,$0,$-7,$-7,$719,$-566,$0,$-379,$0,$0,$0,$0,$-945,$697,$0,$697,$0,$0,$-649,$133,$181,$-45,$0,$-620
1,2018-06-30,41.59,$15.58,2.67,$23.80,1.75,$9.72,4.28,$2.37,17.55,$0.49B,$0.53B,0.92,$4.37B,$2.78B,1.57,$3.28B,$1.84B,56.13%,$3.28B,$0.76B,23.03%,$3.28B,$0.76B,23.03%,$3.28B,$1.09B,33.13%,$3.28B,$0.46B,13.94%,$3.28B,$0.41B,12.36%,$0.41B,$3.38B,12.11%,$0.41B,$1.54B,25.18%,$0.41B,$8.36B,5.09%,$0.76B,$7.76B,10.14%,$557,$246,$311,$0,$25,$355,$202,$-54,$148,$0,$148,$148,$138,$285,$202,$217,217,$0.63,$0.63,$44,$0,$55,$490,$5625,$308,$1840,$96,$7869,$8359,$533,$4372,$71,$4443,$4976,$2779,$0,$0,$3383,$8359,$287,$163,$17,$180,$0,$0,$0,$-6,$-6,$461,$-146,$0,$-180,$0,$0,$0,$0,$-326,$242,$0,$242,$0,$0,$-419,$11,$-166,$-31,$0,$-411
2,2018-03-31,42.8,$15.81,2.71,$26.86,1.59,$10.77,3.98,$2.37,18.06,$0.43B,$0.46B,0.93,$4.15B,$2.84B,1.46,$3.33B,$1.77B,53.06%,$3.33B,$0.72B,21.69%,$3.33B,$0.72B,21.69%,$3.33B,$1.04B,31.13%,$3.33B,$0.42B,12.62%,$3.33B,$0.34B,10.13%,$0.34B,$3.43B,11.45%,$0.34B,$1.61B,24.50%,$0.34B,$8.11B,4.60%,$0.72B,$7.58B,10.47%,$535,$238,$297,$0,$27,$345,$190,$-51,$139,$0,$139,$139,$125,$270,$190,$217,217,$0.59,$0.59,$27,$0,$40,$431,$5436,$312,$1824,$106,$7678,$8109,$462,$4148,$66,$4214,$4676,$2839,$0,$0,$3433,$8109,$139,$80,$10,$90,$0,$0,$0,$1,$1,$230,$-81,$0,$-10,$0,$0,$0,$0,$-91,$20,$0,$20,$0,$0,$-213,$6,$-187,$-48,$0,$-205
3,2017-12-31,43.28,$22.14,1.95,$28.40,1.52,$11.59,3.73,$2.29,18.9,$0.59B,$0.52B,1.13,$4.13B,$4.22B,0.98,$3.21B,$1.70B,53.03%,$3.21B,$0.68B,21.23%,$3.21B,$0.68B,21.23%,$3.21B,$0.97B,30.31%,$3.21B,$0.37B,11.61%,$3.21B,$0.27B,8.31%,$0.27B,$4.81B,10.52%,$0.27B,$2.70B,23.81%,$0.27B,$9.51B,3.94%,$0.68B,$8.93B,10.66%,$1092,$336,$756,$0,$40,$876,$216,$-136,$80,$0,$80,$80,$45,$286,$216,$126,126,$0.07,$0.07,$75,$0,$27,$585,$6249,$440,$2110,$121,$8920,$9505,$518,$4127,$54,$4181,$4699,$2925,$0,$0,$4806,$9505,$373,$292,$73,$365,$-59,$0,$0,$30,$-29,$709,$-161,$0,$-652,$0,$0,$0,$0,$-813,$-332,$0,$-332,$290,$879,$-661,$-395,$-509,$-613,$9,$-661
4,2017-09-30,45.88,$15.88,2.89,$22.99,2.0,$9.67,4.75,$2.35,19.52,$0.30B,$0.29B,1.01,$3.77B,$1.75B,2.15,$2.44B,$1.37B,56.27%,$2.44B,$0.59B,24.14%,$2.44B,$0.59B,24.14%,$2.44B,$0.87B,35.70%,$2.44B,$0.37B,15.00%,$2.44B,$0.25B,10.41%,$0.25B,$1.75B,14.76%,$0.25B,$0.59B,44.80%,$0.25B,$5.86B,4.34%,$0.59B,$5.52B,10.59%,$1094,$618,$476,$0,$44,$947,$147,$-57,$90,$0,$90,$90,$97,$245,$147,$108,108,$0.90,$0.90,$16,$0,$17,$296,$4013,$325,$1165,$65,$5568,$5864,$292,$3765,$56,$3821,$4113,$1751,$0,$0,$1751,$5864,$253,$222,$-2,$220,$0,$0,$0,$51,$51,$524,$-174,$0,$-1230,$0,$0,$0,$0,$-1404,$-295,$0,$-295,$290,$290,$-460,$695,$230,$-650,$0,$-460
5,2017-06-30,46.49,$16.22,2.87,$15.90,2.92,$8.50,5.47,$1.91,24.34,$0.25B,$0.21B,1.19,$3.78B,$1.79B,2.11,$1.65B,$1.20B,72.79%,$1.65B,$0.57B,34.40%,$1.65B,$0.57B,34.40%,$1.65B,$0.80B,48.37%,$1.65B,$0.36B,21.58%,$1.65B,$0.21B,12.39%,$0.21B,$1.79B,12.06%,$0.21B,$0.61B,36.08%,$0.21B,$5.84B,3.58%,$0.57B,$5.57B,10.45%,$607,$370,$237,$0,$28,$438,$169,$-58,$111,$0,$111,$111,$70,$235,$169,$108,108,$0.63,$0.63,$20,$0,$16,$254,$4011,$327,$1175,$72,$5585,$5839,$214,$3778,$60,$3838,$4052,$1787,$0,$0,$1787,$5839,$203,$124,$-6,$118,$0,$0,$0,$-3,$-3,$318,$-48,$0,$-651,$0,$0,$0,$0,$-699,$-280,$0,$-280,$287,$287,$-280,$11,$-262,$-643,$0,$-280
6,2017-03-31,48.16,$16.38,2.94,$13.37,3.6,$7.03,6.85,$1.76,27.36,$0.29B,$0.24B,1.21,$3.77B,$1.81B,2.09,$1.34B,$1.15B,86.04%,$1.34B,$0.52B,38.66%,$1.34B,$0.52B,38.66%,$1.34B,$0.73B,54.40%,$1.34B,$0.32B,24.03%,$1.34B,$0.18B,13.58%,$0.18B,$1.81B,10.37%,$0.18B,$0.59B,28.09%,$0.18B,$5.87B,3.24%,$0.52B,$5.57B,9.67%,$420,$185,$235,$0,$27,$270,$150,$-58,$92,$0,$92,$92,$55,$208,$150,$105,105,$0.51,$0.51,$35,$0,$23,$293,$3986,$332,$1213,$49,$5580,$5873,$242,$3765,$61,$3826,$4068,$1805,$0,$0,$1805,$5873,$92,$58,$8,$66,$0,$0,$0,$49,$49,$207,$-49,$0,$-672,$0,$0,$0,$0,$-721,$-290,$0,$-290,$287,$287,$-140,$4,$-139,$-653,$0,$-140
7,2016-12-31,44.21,$14.67,3.01,$12.57,3.52,$6.25,7.07,$1.89,23.39,$0.94B,$0.21B,4.43,$4.05B,$1.54B,2.63,$1.22B,$1.22B,99.84%,$1.22B,$0.49B,39.92%,$1.22B,$0.49B,39.92%,$1.22B,$0.69B,56.23%,$1.22B,$0.32B,25.82%,$1.22B,$0.19B,15.33%,$0.19B,$1.54B,10.82%,$0.19B,$0.48B,28.62%,$0.19B,$5.86B,3.49%,$0.49B,$5.60B,9.56%,$319,$-106,$425,$0,$24,$196,$123,$-50,$73,$0,$73,$73,$32,$183,$123,$98,98,$0.29,$0.29,$688,$0,$20,$938,$3444,$337,$1064,$77,$4922,$5860,$212,$4053,$53,$4106,$4318,$1542,$0,$0,$1542,$5860,$315,$199,$28,$227,$-9,$0,$0,$-35,$-44,$498,$-260,$0,$-63,$0,$0,$0,$5,$-318,$1225,$0,$1225,$364,$364,$-461,$-636,$492,$672,$6,$-461
8,2016-09-30,41.33,$15.96,2.59,$12.76,3.24,$4.45,9.28,$2.07,19.96,$0.74B,$0.23B,3.29,$3.38B,$1.66B,2.03,$1.19B,$1.09B,90.95%,$1.19B,$0.44B,37.13%,$1.19B,$0.44B,37.13%,$1.19B,$0.64B,53.98%,$1.19B,$0.28B,23.81%,$1.19B,$0.20B,16.85%,$0.20B,$1.66B,10.94%,$0.20B,$0.59B,26.68%,$0.20B,$5.32B,3.89%,$0.44B,$5.05B,9.03%,$308,$1,$307,$0,$25,$181,$127,$-46,$81,$0,$81,$81,$48,$174,$127,$101,101,$0.46,$0.46,$497,$0,$31,$743,$3129,$342,$1072,$33,$4576,$5319,$226,$3382,$48,$3430,$3656,$1663,$0,$0,$1663,$5319,$242,$139,$27,$166,$0,$0,$0,$6,$6,$414,$-204,$0,$-30,$0,$0,$0,$0,$-234,$546,$0,$546,$364,$364,$-329,$-280,$301,$481,$0,$-329
9,2016-06-30,41.54,$19.59,2.12,$12.98,3.2,$3.66,11.35,$2.23,18.63,$0.91B,$0.18B,5.18,$3.22B,$2.01B,1.6,$1.17B,$0.95B,81.15%,$1.17B,$0.42B,36.16%,$1.17B,$0.42B,36.16%,$1.17B,$0.62B,53.21%,$1.17B,$0.27B,23.48%,$1.17B,$0.21B,17.74%,$0.21B,$2.01B,10.82%,$0.21B,$0.93B,25.24%,$0.21B,$5.45B,4.09%,$0.42B,$5.23B,8.83%,$293,$107,$186,$0,$22,$175,$118,$-42,$76,$0,$76,$76,$47,$164,$118,$95,95,$0.48,$0.48,$682,$0,$23,$911,$3086,$345,$1079,$29,$4539,$5450,$176,$3218,$46,$3264,$3440,$2010,$0,$0,$2010,$5450,$161,$92,$20,$112,$0,$0,$0,$-31,$-31,$242,$-144,$0,$-34,$0,$0,$0,$0,$-178,$385,$0,$385,$334,$334,$-206,$89,$602,$666,$0,$-206
10,2016-03-31,37.63,$17.75,2.12,$13.30,2.83,$3.25,11.58,$2.35,16.01,$0.25B,$0.23B,1.1,$2.82B,$1.70B,1.66,$1.15B,$0.93B,80.59%,$1.15B,$0.41B,35.51%,$1.15B,$0.41B,35.51%,$1.15B,$0.61B,52.65%,$1.15B,$0.27B,23.06%,$1.15B,$0.21B,18.19%,$0.21B,$1.70B,11.02%,$0.21B,$0.61B,26.40%,$0.21B,$4.79B,4.27%,$0.41B,$4.52B,8.87%,$300,$0,$300,$0,$24,$181,$119,$-34,$85,$0,$85,$85,$60,$165,$119,$94,94,$0.64,$0.64,$4,$0,$10,$252,$3086,$346,$1082,$27,$4541,$4793,$229,$2821,$47,$2868,$3097,$1696,$0,$0,$1696,$4793,$85,$46,$14,$60,$0,$0,$0,$11,$11,$156,$-88,$0,$0,$0,$0,$0,$-4,$-92,$-20,$0,$-20,$5,$5,$-98,$37,$-76,$-12,$0,$-98
11,2015-12-31,40.75,$20.79,1.96,$13.37,3.05,$3.32,12.27,$2.34,17.42,$0.25B,$0.25B,1.02,$2.84B,$1.98B,1.43,$1.11B,$0.79B,71.13%,$1.11B,$0.39B,35.34%,$1.11B,$0.39B,35.34%,$1.11B,$0.59B,52.88%,$1.11B,$0.25B,22.48%,$1.11B,$0.20B,17.90%,$0.20B,$1.98B,10.20%,$0.20B,$0.88B,23.88%,$0.20B,$5.13B,4.06%,$0.39B,$4.83B,8.58%,$292,$0,$292,$0,$22,$213,$79,$-37,$42,$0,$41,$41,$46,$141,$79,$85,85,$0.48,$0.48,$16,$0,$12,$252,$3681,$58,$1106,$34,$4879,$5131,$246,$2844,$58,$2902,$3148,$1694,$0,$0,$1983,$5131,$249,$195,$11,$206,$-21,$0,$0,$2,$-19,$436,$-383,$0,$-6,$0,$0,$0,$0,$-389,$295,$0,$295,$99,$99,$-330,$-114,$-50,$-3,$6,$-330
12,2015-09-30,35.95,$21.79,1.65,$13.11,2.74,$1.76,20.43,$1.51,23.81,$0.23B,$0.27B,0.87,$2.57B,$1.97B,1.31,$1.01B,$0.55B,54.65%,$1.01B,$0.31B,30.59%,$1.01B,$0.31B,30.59%,$1.01B,$0.48B,47.72%,$1.01B,$0.16B,15.64%,$1.01B,$0.13B,12.67%,$0.13B,$1.97B,6.61%,$0.13B,$0.86B,15.79%,$0.13B,$4.85B,2.66%,$0.31B,$4.54B,6.88%,$282,$113,$169,$0,$28,$176,$106,$-35,$71,$0,$71,$71,$54,$151,$106,$87,87,$0.62,$0.62,$11,$0,$8,$231,$3432,$56,$1109,$23,$4620,$4851,$266,$2569,$49,$2618,$2884,$1883,$0,$0,$1967,$4851,$206,$133,$12,$145,$0,$0,$0,$-3,$-3,$348,$-237,$0,$0,$0,$0,$0,$-6,$-243,$20,$0,$20,$71,$71,$-241,$37,$-113,$-8,$0,$-241
13,2015-06-30,45.01,$23.47,1.92,$12.53,3.59,$1.34,33.68,$1.22,36.9,$0.23B,$0.23B,0.98,$2.59B,$1.94B,1.33,$0.88B,$0.46B,52.51%,$0.88B,$0.26B,30.07%,$0.88B,$0.26B,30.07%,$0.88B,$0.41B,46.70%,$0.88B,$0.12B,13.67%,$0.88B,$0.09B,10.59%,$0.09B,$1.94B,6.22%,$0.09B,$0.82B,14.42%,$0.09B,$4.81B,2.32%,$0.26B,$4.53B,7.08%,$275,$110,$165,$0,$28,$171,$104,$-37,$67,$0,$67,$67,$49,$148,$104,$81,81,$0.60,$0.60,$13,$0,$11,$226,$3375,$56,$1121,$31,$4583,$4809,$230,$2586,$54,$2640,$2870,$1506,$0,$0,$1939,$4809,$137,$88,$9,$97,$0,$0,$0,$-21,$-21,$213,$-163,$0,$0,$0,$0,$0,$-6,$-169,$39,$0,$39,$45,$45,$-158,$24,$-50,$-6,$0,$-158
14,2015-03-31,41.88,$23.29,1.8,$11.57,3.62,$1.30,32.11,$1.07,39.14,$0.24B,$0.30B,0.79,$2.52B,$1.92B,1.32,$0.74B,$0.37B,49.73%,$0.74B,$0.21B,28.26%,$0.74B,$0.21B,28.26%,$0.74B,$0.33B,44.29%,$0.74B,$0.08B,11.41%,$0.74B,$0.07B,9.51%,$0.07B,$1.92B,6.51%,$0.07B,$0.78B,13.94%,$0.07B,$4.80B,2.16%,$0.21B,$4.44B,6.92%,$263,$98,$165,$0,$25,$159,$104,$-34,$70,$0,$70,$70,$50,$148,$104,$80,80,$0.63,$0.63,$16,$0,$20,$237,$3335,$59,$1134,$31,$4559,$4796,$299,$2520,$62,$2582,$2881,$1479,$0,$0,$1915,$4796,$70,$44,$2,$46,$0,$0,$0,$32,$32,$148,$-84,$0,$0,$0,$0,$0,$0,$-84,$-25,$0,$-25,$24,$24,$-79,$13,$-67,$-3,$0,$-79
15,2014-12-31,45.24,$23.52,1.92,$10.62,4.26,$1.50,30.22,$1.08,41.89,$0.24B,$0.29B,0.81,$2.54B,$1.92B,1.32,$0.60B,$0.28B,46.00%,$0.60B,$0.16B,27.33%,$0.60B,$0.16B,27.33%,$0.60B,$0.26B,42.50%,$0.60B,$0.06B,9.33%,$0.60B,$0.06B,9.33%,$0.06B,$1.92B,8.49%,$0.06B,$0.79B,15.21%,$0.06B,$4.80B,2.31%,$0.16B,$4.47B,7.28%,$190,$137,$53,$0,$35,$195,$-5,$-45,$-50,$0,$-50,$-50,$-25,$35,$-5,$60,60,$-0.51,$-0.51,$19,$0,$7,$235,$3343,$57,$1137,$30,$4567,$4802,$290,$2544,$45,$2589,$2879,$1455,$0,$0,$1923,$4802,$56,$91,$5,$96,$-8,$0,$0,$21,$13,$165,$-221,$0,$-2479,$0,$0,$0,$10,$-2690,$1430,$0,$1430,$1449,$1449,$-183,$-175,$2521,$-4,$2,$-183
16,2014-09-30,53.8,$3.51,15.33,$9.67,5.56,$2.58,20.83,$1.75,30.74,$0.10B,$0.13B,0.77,$1.28B,$0.21B,6.24,$0.52B,$0.25B,48.93%,$0.52B,$0.18B,33.98%,$0.52B,$0.18B,33.98%,$0.52B,$0.24B,47.38%,$0.52B,$0.10B,18.83%,$0.52B,$0.10B,18.83%,$0.10B,$0.21B,39.23%,$0.10B,$0.20B,40.76%,$0.10B,$1.62B,6.02%,$0.18B,$1.48B,11.70%,$150,$72,$78,$0,$16,$89,$61,$-28,$33,$0,$33,$33,$19,$79,$61,$56,56,$0.33,$0.33,$3,$0,$23,$100,$1489,$0,$9,$25,$1523,$1623,$129,$1276,$13,$1289,$1419,$205,$0,$0,$205,$1623,$106,$51,$2,$53,$0,$0,$0,$-5,$-5,$154,$-106,$0,$0,$0,$0,$0,$0,$-106,$113,$0,$113,$159,$159,$-118,$-221,$-67,$-19,$0,$-118
17,2014-06-30,55.29,$4.59,12.04,$9.05,6.11,$2.17,25.44,$1.79,30.89,$0.08B,$0.09B,0.92,$1.39B,$0.26B,5.45,$0.46B,$0.21B,45.67%,$0.46B,$0.13B,27.49%,$0.46B,$0.13B,27.49%,$0.46B,$0.20B,42.42%,$0.46B,$0.07B,14.07%,$0.46B,$0.10B,20.56%,$0.10B,$0.26B,37.55%,$0.10B,$0.25B,38.89%,$0.10B,$1.75B,6.31%,$0.13B,$1.65B,9.01%,$133,$63,$70,$0,$13,$85,$48,$-17,$31,$0,$31,$31,$26,$64,$48,$54,55,$0.48,$0.48,$0,$0,$23,$82,$1414,$0,$9,$242,$1666,$1748,$89,$1391,$13,$1404,$1492,$255,$0,$0,$255,$1748,$73,$33,$-2,$31,$0,$0,$0,$-18,$-18,$86,$-54,$0,$0,$0,$0,$0,$0,$-54,$227,$0,$227,$0,$0,$-75,$-206,$-54,$-22,$0,$-75
18,2014-03-31,44.95,$4.58,9.81,$7.92,5.68,$2.17,20.75,$1.72,26.13,$0.12B,$0.11B,1.06,$1.16B,$0.26B,4.57,$0.39B,$0.17B,44.22%,$0.39B,$0.10B,25.45%,$0.39B,$0.10B,25.45%,$0.39B,$0.16B,40.87%,$0.39B,$0.05B,12.34%,$0.39B,$0.09B,22.11%,$0.09B,$0.26B,34.78%,$0.09B,$0.25B,36.06%,$0.09B,$1.54B,6.30%,$0.10B,$1.42B,7.72%,$127,$52,$75,$0,$10,$67,$60,$-18,$42,$0,$42,$42,$36,$77,$60,$54,55,$0.66,$0.66,$43,$0,$19,$119,$1379,$0,$9,$29,$1417,$1536,$112,$1164,$6,$1170,$1282,$255,$0,$0,$255,$1536,$42,$17,$-4,$13,$-8,$0,$0,$22,$14,$69,$-15,$0,$0,$0,$0,$0,$0,$-15,$0,$0,$0,$0,$0,$-36,$2,$-34,$20,$0,$-36
19,2013-12-31,38.66,$4.94,7.83,$6.76,5.72,$1.65,23.46,$1.48,26.12,$0.10B,$0.09B,1.08,$1.16B,$0.27B,4.25,$0.31B,$0.13B,41.08%,$0.31B,$0.06B,20.06%,$0.31B,$0.06B,20.06%,$0.31B,$0.11B,35.35%,$0.31B,$0.03B,7.96%,$0.31B,$0.07B,21.34%,$0.07B,$0.27B,24.08%,$0.07B,$0.27B,24.66%,$0.07B,$1.53B,5.70%,$0.06B,$1.44B,5.67%,$105,$75,$29,$0,$11,$98,$6,$-15,$-9,$0,$-9,$-9,$16,$24,$6,$47,47,$0.35,$0.34,$23,$0,$21,$96,$1398,$0,$9,$30,$1437,$1533,$89,$1164,$6,$1170,$1259,$245,$0,$0,$274,$1533,$24,$48,$2,$50,$-48,$0,$0,$60,$12,$86,$-79,$0,$-315,$0,$0,$0,$0,$-394,$806,$0,$806,$701,$701,$-102,$-1093,$312,$4,$2,$-102
20,2013-09-30,42.4,$4.76,8.9,$6.24,6.79,$0.84,50.41,$1.68,25.24,$0.11B,$0.06B,1.74,$0.91B,$0.23B,3.98,$0.26B,$0.12B,45.83%,$0.26B,$0.07B,26.89%,$0.26B,$0.07B,26.89%,$0.26B,$0.11B,40.53%,$0.26B,$0.04B,15.91%,$0.26B,$0.07B,25.00%,$0.07B,$0.23B,32.16%,$0.07B,$0.22B,32.84%,$0.07B,$1.21B,7.48%,$0.07B,$1.14B,8.49%,$97,$60,$37,$0,$8,$84,$13,$-12,$1,$0,$1,$1,$17,$31,$13,$47,47,$0.37,$0.37,$65,$0,$7,$110,$1061,$0,$9,$25,$1096,$1206,$63,$908,$6,$914,$977,$228,$0,$0,$228,$1206,$29,$30,$2,$32,$0,$0,$0,$12,$12,$73,$-52,$0,$-315,$0,$0,$0,$0,$-366,$550,$0,$550,$400,$400,$-73,$-537,$339,$46,$1,$-73
21,2013-06-30,43.78,$4.84,9.04,$5.61,7.8,$-0.10,0.0,$1.85,23.67,$0.11B,$0.05B,2.28,$0.90B,$0.23B,3.89,$0.21B,$0.11B,50.71%,$0.21B,$0.08B,36.02%,$0.21B,$0.08B,36.02%,$0.21B,$0.10B,46.45%,$0.21B,$0.06B,27.49%,$0.21B,$0.06B,30.33%,$0.06B,$0.23B,49.71%,$0.06B,$0.22B,50.59%,$0.06B,$1.19B,9.80%,$0.08B,$1.14B,12.26%,$60,$29,$31,$0,$7,$40,$20,$-6,$14,$0,$14,$14,$17,$27,$20,$46,46,$0.37,$0.37,$76,$0,$7,$109,$1053,$0,$9,$17,$1079,$1188,$48,$903,$5,$908,$956,$232,$0,$0,$232,$1188,$32,$12,$1,$13,$0,$0,$0,$8,$8,$53,$-26,$0,$-315,$0,$0,$0,$0,$-341,$544,$0,$544,$400,$400,$-47,$-552,$344,$57,$1,$-47
22,2013-03-31,38.77,$8.16,4.75,$5.51,7.04,$-0.70,0.0,$1.88,20.62,$0.44B,$0.04B,12.55,$0.36B,$0.38B,0.94,$0.19B,$0.10B,51.06%,$0.19B,$0.07B,38.30%,$0.19B,$0.07B,38.30%,$0.19B,$0.09B,47.87%,$0.19B,$0.06B,31.38%,$0.19B,$0.06B,31.91%,$0.06B,$0.38B,65.57%,$0.06B,$0.38B,65.57%,$0.06B,$0.77B,14.63%,$0.07B,$0.74B,18.63%,$52,$19,$32,$0,$6,$27,$24,$-6,$19,$0,$19,$19,$17,$29,$24,$44,44,$0.39,$0.39,$415,$0,$1,$435,$284,$0,$0,$52,$336,$771,$35,$358,$0,$358,$392,$379,$0,$0,$379,$771,$19,$4,$1,$5,$0,$0,$0,$6,$6,$30,$-9,$0,$0,$0,$0,$0,$0,$-9,$-0,$0,$-0,$400,$400,$-22,$-3,$375,$396,$0,$-22
23,2012-12-31,31.13,$-0.50,-62.67,$5.26,5.91,$-1.00,0.0,$1.85,16.83,$0.04B,$0.03B,1.41,$0.35B,$-0.02B,-19.53,$0.16B,$0.08B,46.95%,$0.16B,$0.06B,34.76%,$0.16B,$0.06B,34.76%,$0.16B,$0.07B,44.51%,$0.16B,$0.05B,29.27%,$0.16B,$0.05B,32.93%,$0.05B,$-0.02B,222.68%,$0.05B,$-0.02B,222.68%,$0.05B,$0.36B,20.81%,$0.06B,$0.34B,23.53%,$55,$34,$21,$0,$4,$41,$14,$-6,$8,$0,$8,$8,$15,$20,$14,$32,32,$0.64,$0.63,$19,$0,$1,$38,$274,$0,$0,$50,$325,$363,$27,$354,$0,$354,$381,$-18,$0,$0,$-18,$363,$48,$16,$2,$18,$-8,$0,$0,$14,$6,$72,$-93,$0,$-40,$0,$0,$0,$5,$-128,$300,$0,$300,$171,$171,$-53,$-361,$57,$1,$1,$-53
24,2012-09-30,30.54,$-2.47,-12.38,$4.62,6.62,$0.04,860.25,$1.69,18.07,$0.07B,$0.02B,3.57,$0.35B,$-0.08B,-4.46,$0.14B,$0.07B,47.89%,$0.14B,$0.05B,35.92%,$0.14B,$0.05B,35.92%,$0.14B,$0.06B,45.07%,$0.14B,$0.05B,33.10%,$0.14B,$0.06B,39.44%,$0.06B,$-0.08B,79.43%,$0.06B,$-0.08B,79.43%,$0.06B,$0.29B,24.64%,$0.05B,$0.27B,24.00%,$44,$21,$23,$0,$4,$26,$18,$-2,$17,$0,$17,$17,$15,$22,$18,$31,31,$0.48,$0.48,$55,$0,$1,$70,$211,$0,$0,$0,$221,$291,$20,$350,$0,$350,$370,$-78,$0,$0,$-78,$291,$40,$10,$1,$11,$-4,$0,$4,$2,$3,$54,$-69,$0,$0,$0,$0,$0,$5,$-64,$300,$0,$300,$0,$0,$-36,$-217,$47,$37,$1,$-36
25,2012-06-30,23.59,$2.64,8.92,$4.13,5.71,$0.75,31.47,$1.64,14.38,$0.03B,$0.02B,2.25,$0.12B,$0.08B,1.42,$0.13B,$0.06B,47.24%,$0.13B,$0.05B,36.22%,$0.13B,$0.05B,36.22%,$0.13B,$0.06B,45.67%,$0.13B,$0.04B,33.07%,$0.13B,$0.06B,44.09%,$0.06B,$0.08B,48.07%,$0.06B,$0.08B,48.07%,$0.06B,$0.22B,28.61%,$0.05B,$0.20B,25.07%,$37,$17,$20,$0,$4,$21,$16,$-1,$15,$0,$15,$15,$13,$19,$16,$31,31,$0.41,$0.41,$21,$0,$2,$33,$181,$0,$0,$2,$183,$215,$15,$118,$0,$118,$133,$83,$0,$0,$83,$215,$23,$6,$1,$7,$-0,$0,$1,$1,$2,$32,$-32,$0,$0,$0,$0,$0,$4,$-28,$68,$0,$68,$0,$0,$-23,$-45,$-0,$3,$1,$-23
26,2012-03-31,24.08,$3.53,6.81,$3.58,6.73,$0.72,33.47,$1.48,16.27,$0.03B,$0.01B,3.31,$0.05B,$0.11B,0.45,$0.11B,$0.05B,44.55%,$0.11B,$0.04B,31.82%,$0.11B,$0.04B,31.82%,$0.11B,$0.05B,42.73%,$0.11B,$0.03B,29.09%,$0.11B,$0.05B,46.36%,$0.05B,$0.11B,42.41%,$0.05B,$0.11B,42.41%,$0.05B,$0.17B,28.22%,$0.04B,$0.16B,20.56%,$28,$16,$13,$0,$4,$20,$9,$-1,$8,$0,$8,$8,$11,$12,$9,$31,31,$0.37,$0.37,$21,$0,$0,$30,$137,$0,$0,$2,$139,$169,$9,$50,$0,$50,$59,$110,$0,$0,$110,$169,$8,$3,$1,$4,$2,$0,$-1,$1,$3,$15,$-9,$0,$0,$0,$0,$0,$3,$-6,$0,$0,$0,$0,$0,$-11,$5,$-6,$3,$0,$-11
