,Date,Stock Price,Book Value per Share,Price to Book Ratio,TTM Sales per Share,Price to Sales Ratio,TTM FCF per Share,Price to FCF Ratio,TTM Net EPS,PE Ratio,Current Assets,Current Liabilities,Current Ratio,Long Term Debt,Shareholder's Equity_x,Debt to Equity Ratio,TTM Revenue_x,TTM Gross Profit,Gross Margin,TTM Revenue_y,TTM Operating Income,Operating Margin,TTM Revenue_x,TTM EBIT,EBIT Margin,TTM Revenue_y,TTM EBITDA,EBITDA Margin,TTM Revenue_x,TTM Pre-Tax Income,Pre-Tax Margin,TTM Revenue_y,TTM Net Income_x,Net Margin,TTM Net Income_y,Shareholder's Equity_y,Return on Equity,TTM Net Income_x,Tangible Equity,Return on Tangible Equity,TTM Net Income_y,Total Assets,Return on Assets,TTM Net Income,LT Investments & Debt,Return on Investment,revenue,cost-goods-sold,gross-profit,research-development-expenses,selling-general-administrative-expenses,operating-expenses,operating-income,total-non-operating-income-expense,pre-tax-income,total-provision-income-taxes,income-after-taxes,income-from-continuous-operations,net-income,ebitda,ebit,basic-shares-outstanding,shares-outstanding,eps-basic-net-earnings-per-share,eps-earnings-per-share-diluted,cash-on-hand,inventory,other-current-assets,total-current-assets,net-property-plant-equipment,long-term-investments,goodwill-intangible-assets-total,other-long-term-assets,total-long-term-assets,total-assets,total-current-liabilities,long-term-debt,other-non-current-liabilities,total-long-term-liabilities,total-liabilities,common-stock-net,retained-earnings-accumulated-deficit,comprehensive-income,total-share-holder-equity,total-liabilities-share-holders-equity,net-income-loss,total-depreciation-amortization-cash-flow,other-non-cash-items,total-non-cash-items,change-in-accounts-receivable,change-in-inventories,change-in-accounts-payable,change-in-assets-liabilities,total-change-in-assets-liabilities,cash-flow-from-operating-activities,net-change-in-property-plant-equipment,net-change-in-intangible-assets,net-acquisitions-divestitures,net-change-in-short-term-investments,net-change-in-long-term-investments,net-change-in-investments-total,investing-activities-other,cash-flow-from-investing-activities,net-long-term-debt,net-current-debt,debt-issuance-retirement-net-total,net-common-equity-issued-repurchased,net-total-equity-issued-repurchased,total-common-preferred-stock-dividends-paid,financial-activities-other,cash-flow-from-financial-activities,net-cash-flow,stock-based-compensation,common-stock-dividends-paid
0,2018-09-30,23.48,$2.31,10.18,$2.25,10.45,$0.44,52.97,$-0.04,0.0,$0.42B,$0.18B,2.33,$0.25B,$1.11B,0.22,$1.08B,$1.02B,95.07%,$1.08B,$0.01B,1.12%,$1.08B,$0.01B,1.12%,$1.08B,$0.10B,9.20%,$1.08B,$0.00B,0.37%,$1.08B,$-0.02B,-1.58%,$-0.02B,$1.11B,-1.61%,$-0.02B,$0.06B,93.15%,$-0.02B,$1.58B,-1.12%,$0.01B,$1.36B,0.91%,$303,$14,$289,$15,$219,$270,$34,$-2,$32,$5,$27,$27,$27,$55,$34,$482,521,$0.06,$0.05,$314,$0,$62,$421,$59,$0,$1050,$7,$1158,$1579,$181,$250,$12,$287,$467,$0,$-55,$1,$1112,$1579,$41,$66,$102,$168,$-52,$0,$0,$-16,$-55,$154,$-22,$0,$0,$-35,$0,$-35,$0,$-57,$-12,$0,$-12,$3,$3,$0,$-28,$-38,$58,$69,$0
1,2018-06-30,15.38,$2.22,6.93,$2.10,7.31,$0.29,53.66,$-0.26,0.0,$0.35B,$0.17B,2.06,$0.25B,$1.07B,0.24,$0.96B,$0.91B,95.08%,$0.96B,$-0.14B,-14.14%,$0.96B,$-0.14B,-14.14%,$0.96B,$-0.06B,-6.49%,$0.96B,$-0.14B,-14.76%,$0.96B,$-0.12B,-12.15%,$-0.12B,$1.07B,-11.15%,$-0.12B,$0.00B,223.08%,$-0.12B,$1.53B,-7.92%,$-0.14B,$1.32B,-10.77%,$295,$15,$280,$14,$222,$272,$23,$-2,$21,$-2,$23,$23,$23,$45,$23,$481,481,$0.05,$0.05,$256,$0,$55,$354,$53,$0,$1065,$8,$1174,$1528,$172,$253,$9,$289,$461,$0,$-82,$1,$1067,$1528,$14,$44,$61,$105,$-37,$0,$0,$-8,$-46,$74,$-11,$0,$0,$0,$0,$0,$0,$-11,$-8,$0,$-8,$2,$2,$0,$-22,$-28,$34,$47,$0
2,2018-03-31,13.58,$2.18,6.22,$1.84,7.36,$0.20,68.41,$-0.44,0.0,$0.32B,$0.17B,1.89,$0.26B,$1.05B,0.25,$0.84B,$0.80B,95.24%,$0.84B,$-0.16B,-19.14%,$0.84B,$-0.16B,-19.14%,$0.84B,$-0.10B,-12.37%,$0.84B,$-0.17B,-19.74%,$0.84B,$-0.14B,-16.53%,$-0.14B,$1.05B,-17.92%,$-0.14B,$-0.04B,273.89%,$-0.14B,$1.51B,-12.38%,$-0.16B,$1.30B,-17.15%,$255,$14,$242,$16,$214,$266,$-11,$-2,$-13,$-4,$-9,$-9,$-9,$12,$-11,$478,478,$-0.02,$-0.02,$229,$0,$55,$319,$47,$0,$1087,$8,$1188,$1508,$169,$257,$7,$292,$461,$0,$-105,$6,$1046,$1508,$-9,$22,$30,$53,$-18,$0,$0,$-10,$-32,$11,$2,$0,$0,$0,$0,$0,$0,$2,$-4,$0,$-4,$2,$2,$0,$-3,$-5,$7,$25,$0
3,2017-12-31,10.46,$2.10,4.98,$1.63,6.43,$0.18,57.73,$-0.39,0.0,$0.26B,$0.17B,1.53,$0.26B,$1.00B,0.26,$0.74B,$0.70B,95.39%,$0.74B,$-0.15B,-20.22%,$0.74B,$-0.15B,-20.22%,$0.74B,$-0.11B,-14.93%,$0.74B,$-0.15B,-20.76%,$0.74B,$-0.10B,-13.98%,$-0.10B,$1.00B,-19.94%,$-0.10B,$-0.10B,267.53%,$-0.10B,$1.47B,-13.11%,$-0.15B,$1.26B,-23.69%,$223,$12,$212,$15,$209,$257,$-34,$-2,$-36,$22,$-58,$-58,$-58,$-13,$-34,$431,431,$-0.13,$-0.13,$222,$0,$13,$262,$53,$0,$1099,$2,$1205,$1467,$171,$260,$6,$293,$464,$0,$-122,$2,$1003,$1467,$-105,$38,$127,$165,$-33,$0,$0,$16,$-19,$42,$-27,$0,$-66,$0,$0,$0,$0,$-93,$225,$0,$225,$2,$2,$0,$9,$235,$185,$149,$0
4,2017-09-30,12.46,$2.19,5.68,$1.59,7.86,$0.22,56.2,$-0.12,0.0,$0.11B,$0.20B,0.57,$0.08B,$1.04B,0.08,$0.71B,$0.69B,97.33%,$0.71B,$-0.10B,-14.33%,$0.71B,$-0.10B,-14.33%,$0.71B,$-0.08B,-11.24%,$0.71B,$-0.10B,-14.47%,$0.71B,$-0.04B,-5.20%,$-0.04B,$1.04B,-12.07%,$-0.04B,$-0.07B,192.21%,$-0.04B,$1.35B,-7.51%,$-0.10B,$1.12B,-27.89%,$182,$8,$174,$20,$260,$294,$-113,$-1,$-113,$-41,$-72,$-72,$-72,$-106,$-113,$415,415,$-0.17,$-0.17,$60,$0,$23,$114,$48,$0,$1118,$73,$1238,$1352,$199,$80,$5,$109,$308,$0,$-64,$3,$1044,$1352,$-46,$17,$68,$85,$-30,$0,$0,$2,$17,$56,$-16,$0,$-66,$0,$0,$0,$0,$-83,$26,$0,$26,$0,$0,$0,$12,$38,$13,$120,$0
5,2017-06-30,12.79,$0.15,88.15,$1.47,8.7,$0.19,66.89,$-0.23,0.0,$0.08B,$0.10B,0.86,$0.06B,$0.01B,6.24,$0.66B,$0.65B,97.29%,$0.66B,$0.02B,3.01%,$0.66B,$0.02B,3.01%,$0.66B,$0.04B,5.57%,$0.66B,$0.02B,2.86%,$0.66B,$0.04B,6.02%,$0.04B,$0.01B,92.49%,$0.04B,$0.01B,-1066.67%,$0.04B,$0.16B,20.51%,$0.02B,$0.06B,20.62%,$181,$8,$173,$7,$163,$184,$-3,$-2,$-4,$-4,$-0,$-0,$0,$3,$-3,$481,509,$0.00,$0.00,$49,$0,$0,$84,$77,$0,$2,$0,$80,$164,$97,$55,$1,$57,$155,$0,$-268,$0,$9,$164,$26,$10,$36,$47,$-24,$0,$0,$3,$-41,$31,$-10,$0,$-46,$0,$0,$0,$0,$-56,$49,$0,$49,$0,$0,$0,$-26,$23,$-2,$16,$0
6,2017-03-31,5.7,$0.16,35.08,$2.51,2.27,$0.18,30.89,$-0.02,0.0,$0.08B,$0.09B,0.84,$0.06B,$0.01B,5.73,$0.57B,$0.55B,96.47%,$0.57B,$0.03B,5.12%,$0.57B,$0.03B,5.12%,$0.57B,$0.04B,7.77%,$0.57B,$0.03B,4.95%,$0.57B,$0.05B,7.95%,$0.05B,$0.01B,106.51%,$0.05B,$0.01B,-900.00%,$0.05B,$0.16B,22.58%,$0.03B,$0.07B,29.97%,$151,$7,$144,$6,$133,$149,$1,$-1,$0,$-26,$26,$26,$27,$6,$1,$478,478,$0.06,$0.06,$41,$0,$0,$77,$80,$0,$2,$0,$83,$160,$92,$56,$1,$58,$150,$0,$-260,$0,$10,$160,$26,$4,$13,$17,$-14,$0,$0,$-7,$-35,$8,$-4,$0,$-52,$0,$0,$0,$0,$-56,$49,$0,$49,$0,$0,$0,$-6,$43,$-4,$4,$0
7,2016-12-31,8.23,$0.00,0.0,$3.62,2.27,$0.22,36.86,$-0.12,0.0,$0.06B,$0.07B,0.94,$0.05B,$0.16B,0.29,$0.50B,$0.47B,94.99%,$0.50B,$0.02B,4.81%,$0.50B,$0.02B,4.81%,$0.50B,$0.04B,7.21%,$0.50B,$0.02B,4.61%,$0.50B,$0.01B,2.61%,$0.01B,$0.16B,33.33%,$0.01B,$-0.02B,-152.94%,$0.01B,$0.30B,6.35%,$0.02B,$0.21B,25.67%,$198,$-3,$202,$-8,$188,$185,$13,$0,$14,$7,$6,$6,$8,$17,$13,$415,415,$0.02,$0.02,$36,$0,$9,$64,$24,$0,$182,$11,$232,$296,$68,$47,$2,$65,$133,$0,$0,$-2,$163,$296,$11,$12,$24,$35,$-24,$0,$0,$4,$2,$48,$-17,$0,$-16,$0,$0,$0,$0,$-32,$33,$0,$33,$0,$0,$0,$-15,$18,$34,$9,$0
8,2016-09-30,9.91,$-0.15,-66.47,$3.39,2.92,$0.17,59.48,$-0.03,0.0,$0.07B,$0.11B,0.68,$0.06B,$-0.01B,-6.51,$0.40B,$0.40B,98.02%,$0.40B,$0.01B,2.72%,$0.40B,$0.01B,2.72%,$0.40B,$0.02B,5.94%,$0.40B,$0.01B,2.72%,$0.40B,$0.01B,1.98%,$0.01B,$-0.01B,-355.56%,$0.01B,$-0.01B,-152.38%,$0.01B,$0.16B,4.60%,$0.01B,$0.05B,20.18%,$134,$7,$127,$5,$110,$125,$9,$0,$9,$4,$4,$4,$5,$11,$9,$415,415,$0.01,$0.01,$38,$0,$0,$73,$84,$0,$3,$0,$86,$160,$107,$57,$1,$61,$169,$0,$-271,$0,$-9,$160,$9,$8,$17,$25,$-21,$0,$18,$5,$7,$41,$-14,$0,$0,$0,$0,$0,$0,$-14,$0,$0,$0,$0,$0,$0,$-26,$-26,$1,$7,$0
9,2016-06-30,6.51,$0.09,73.56,$4.56,1.43,$0.01,0.0,$0.25,26.04,$0.09B,$0.11B,0.83,$0.06B,$0.01B,11.14,$0.36B,$0.34B,95.80%,$0.36B,$0.00B,0.84%,$0.36B,$0.00B,0.84%,$0.36B,$0.02B,4.48%,$0.36B,$0.00B,0.56%,$0.36B,$0.00B,0.84%,$0.00B,$0.01B,-60.00%,$0.00B,$0.00B,-36.36%,$0.00B,$0.18B,1.69%,$0.00B,$0.06B,5.80%,$83,$10,$73,$13,$54,$77,$6,$-1,$5,$0,$5,$5,$5,$10,$6,$59,60,$0.08,$0.08,$58,$0,$0,$94,$84,$0,$3,$0,$87,$181,$113,$58,$1,$63,$175,$0,$-253,$0,$5,$181,$0,$6,$8,$13,$0,$0,$-3,$-6,$1,$14,$-12,$-0,$0,$0,$0,$0,$0,$-12,$-0,$0,$-0,$1,$1,$0,$-0,$-0,$2,$7,$0
10,2016-03-31,8.07,$-0.06,-135.86,$4.66,1.73,$0.07,110.4,$0.03,269.0,$0.10B,$0.13B,0.78,$0.06B,$-0.00B,-15.95,$0.36B,$0.34B,94.46%,$0.36B,$-0.01B,-3.05%,$0.36B,$-0.01B,-3.05%,$0.36B,0,0.00%,$0.36B,$-0.01B,-3.05%,$0.36B,$-0.01B,-2.77%,$-0.01B,$-0.00B,85.11%,$-0.01B,$-0.01B,66.67%,$-0.01B,$0.18B,-5.68%,$-0.01B,$0.05B,-24.31%,$84,$12,$72,$10,$66,$88,$-4,$-1,$-5,$0,$-5,$-5,$-5,$-2,$-4,$59,59,$-0.08,$-0.08,$59,$0,$0,$97,$82,$0,$3,$0,$85,$182,$125,$56,$1,$61,$186,$0,$-258,$0,$-3,$182,$-5,$2,$4,$6,$1,$0,$-0,$-7,$8,$9,$-6,$-0,$0,$0,$0,$0,$0,$-6,$-0,$0,$-0,$0,$0,$0,$-0,$-0,$3,$4,$0
11,2015-12-31,9.35,$-0.04,-230.3,$4.66,2.01,$0.25,36.84,$0.17,55.0,$0.09B,$0.11B,0.81,$0.06B,$-0.00B,-23.58,$0.36B,$0.34B,93.91%,$0.36B,$-0.00B,-0.55%,$0.36B,$-0.00B,-0.55%,$0.36B,$0.01B,2.49%,$0.36B,$-0.00B,-0.55%,$0.36B,$-0.00B,-0.28%,$-0.00B,$-0.00B,6.67%,$-0.00B,$-0.01B,5.48%,$-0.00B,$0.17B,-0.57%,$-0.00B,$0.05B,-4.65%,$103,$-21,$124,$-10,$124,$103,$-0,$2,$2,$2,$-0,$-0,$3,$5,$-0,$415,415,$0.07,$0.07,$57,$0,$0,$93,$78,$0,$3,$0,$81,$173,$114,$56,$1,$62,$176,$0,$-254,$0,$-2,$173,$-4,$10,$18,$29,$-16,$0,$0,$5,$-7,$18,$-10,$0,$0,$0,$0,$0,$0,$-10,$0,$0,$0,$0,$0,$0,$-10,$-10,$-2,$8,$0
12,2015-09-30,5.04,$-0.34,-14.87,$5.81,0.87,$-0.32,0.0,$0.19,26.53,$0.10B,$0.13B,0.74,$0.06B,$-0.02B,-2.94,$0.34B,$0.28B,83.53%,$0.34B,$0.01B,4.12%,$0.34B,$0.01B,4.12%,$0.34B,$0.02B,6.47%,$0.34B,$0.01B,3.24%,$0.34B,$0.01B,3.24%,$0.01B,$-0.02B,-55.00%,$0.01B,$-0.02B,-47.31%,$0.01B,$0.17B,6.44%,$0.01B,$0.04B,36.13%,$87,$14,$73,$9,$63,$86,$1,$-1,$0,$0,$0,$0,$0,$3,$1,$59,59,$0.00,$0.00,$58,$0,$0,$96,$73,$0,$3,$2,$78,$173,$129,$58,$1,$64,$193,$0,$-268,$0,$-20,$173,$-4,$5,$7,$13,$-1,$0,$8,$-1,$13,$21,$-27,$-0,$0,$-0,$0,$-0,$0,$-28,$-0,$0,$-0,$0,$0,$0,$0,$-0,$-6,$6,$0
13,2015-06-30,6.16,$-0.37,-16.66,$5.71,1.08,$-0.53,0.0,$0.10,61.6,$0.11B,$0.13B,0.8,$0.06B,$-0.02B,-2.73,$0.33B,$0.28B,83.23%,$0.33B,$0.01B,2.40%,$0.33B,$0.01B,2.40%,$0.33B,$0.02B,4.79%,$0.33B,$0.01B,1.80%,$0.33B,$0.01B,1.80%,$0.01B,$-0.02B,-24.24%,$0.01B,$-0.03B,-21.05%,$0.01B,$0.18B,3.58%,$0.01B,$0.04B,23.36%,$87,$15,$72,$10,$70,$95,$-8,$-1,$-8,$0,$-8,$-8,$-8,$-6,$-8,$59,59,$-0.14,$-0.14,$70,$0,$0,$106,$65,$0,$3,$2,$70,$176,$132,$59,$2,$65,$198,$0,$-268,$0,$-22,$176,$-4,$4,$5,$9,$-0,$0,$10,$-2,$18,$23,$-17,$-0,$0,$2,$0,$2,$0,$-16,$-0,$0,$-0,$0,$0,$0,$0,$-0,$7,$5,$0
14,2015-03-31,5.87,$-0.27,-22.08,$5.57,1.05,$-0.60,0.0,$-0.07,0.0,$0.12B,$0.13B,0.9,$0.06B,$-0.02B,-3.79,$0.33B,$0.27B,83.13%,$0.33B,$-0.00B,-0.61%,$0.33B,$-0.00B,-0.61%,$0.33B,$0.00B,1.53%,$0.33B,$-0.00B,-1.23%,$0.33B,$-0.00B,-1.23%,$-0.00B,$-0.02B,14.04%,$-0.00B,$-0.02B,12.31%,$-0.00B,$0.18B,-2.57%,$-0.00B,$0.04B,-10.13%,$84,$14,$70,$8,$56,$78,$5,$-1,$4,$0,$4,$4,$4,$7,$5,$59,59,$0.07,$0.07,$77,$0,$0,$116,$58,$0,$4,$2,$63,$179,$129,$59,$2,$66,$194,$0,$-260,$0,$-16,$179,$4,$2,$2,$4,$-1,$0,$6,$-3,$13,$21,$-8,$-0,$0,$-0,$0,$-0,$0,$-8,$-0,$0,$-0,$0,$0,$0,$0,$-0,$13,$2,$0
15,2014-12-31,6.23,$-0.38,-16.44,$5.38,1.16,$-0.67,0.0,$-0.20,0.0,$0.10B,$0.11B,0.88,$0.06B,$-0.02B,-2.65,$0.32B,$0.26B,83.17%,$0.32B,$-0.01B,-3.17%,$0.32B,$-0.01B,-3.17%,$0.32B,$-0.00B,-1.27%,$0.32B,$-0.01B,-3.81%,$0.32B,$-0.01B,-3.81%,$-0.01B,$-0.02B,40.68%,$-0.01B,$-0.03B,35.29%,$-0.01B,$0.16B,-8.45%,$-0.01B,$0.04B,-129.03%,$82,$13,$69,$10,$43,$66,$16,$-1,$15,$0,$15,$15,$15,$18,$16,$59,59,$0.25,$0.25,$64,$0,$0,$98,$51,$0,$4,$2,$57,$155,$111,$59,$2,$66,$177,$0,$-264,$0,$-22,$155,$-12,$6,$15,$21,$-8,$0,$-3,$3,$-4,$5,$-37,$-1,$0,$-3,$0,$-3,$0,$-41,$45,$0,$45,$1,$1,$0,$-4,$42,$5,$8,$0
16,2014-09-30,6.37,$-0.67,-9.46,$5.16,1.23,$-0.11,0.0,$-0.41,0.0,$0.11B,$0.13B,0.83,$0.06B,$-0.04B,-1.5,$0.30B,$0.25B,83.11%,$0.30B,$-0.02B,-7.62%,$0.30B,$-0.02B,-7.62%,$0.30B,$-0.02B,-5.63%,$0.30B,$-0.02B,-7.95%,$0.30B,$-0.02B,-7.95%,$-0.02B,$-0.04B,84.21%,$-0.02B,$-0.04B,72.18%,$-0.02B,$0.16B,-18.50%,$-0.02B,$0.02B,920.00%,$81,$14,$67,$9,$63,$86,$-5,$-0,$-5,$0,$-5,$-5,$-5,$-3,$-5,$59,59,$-0.09,$-0.09,$79,$0,$0,$112,$43,$0,$4,$2,$49,$161,$134,$59,$1,$66,$200,$0,$-280,$0,$-39,$161,$-27,$4,$6,$11,$-2,$0,$8,$6,$25,$8,$-26,$-1,$0,$4,$0,$4,$0,$-22,$45,$0,$45,$1,$1,$0,$-4,$42,$28,$6,$0
17,2014-06-30,11.94,$-0.63,-19.09,$4.89,2.44,$0.33,36.59,$-0.55,0.0,$0.09B,$0.14B,0.62,$0.02B,$-0.04B,-0.42,$0.29B,$0.24B,82.93%,$0.29B,$-0.03B,-10.80%,$0.29B,$-0.03B,-10.80%,$0.29B,$-0.03B,-9.06%,$0.29B,$-0.03B,-11.15%,$0.29B,$-0.03B,-11.50%,$-0.03B,$-0.04B,134.69%,$-0.03B,$-0.04B,112.82%,$-0.03B,$0.13B,-28.21%,$-0.03B,$-0.02B,326.32%,$79,$14,$65,$8,$75,$97,$-18,$-0,$-18,$0,$-18,$-18,$-18,$-17,$-18,$59,59,$-0.31,$-0.31,$57,$0,$0,$89,$35,$0,$5,$1,$40,$128,$143,$15,$1,$22,$165,$0,$-274,$0,$-37,$128,$-22,$3,$4,$6,$-1,$0,$12,$2,$33,$18,$-16,$-1,$0,$-0,$0,$-0,$0,$-17,$-0,$0,$-0,$1,$1,$0,$0,$0,$1,$4,$0
18,2014-03-31,12.18,$-0.35,-35.14,$4.56,2.67,$0.48,25.43,$-0.49,0.0,$0.09B,$0.12B,0.76,$0.02B,$-0.02B,-0.76,$0.27B,$0.22B,83.15%,$0.27B,$-0.03B,-10.11%,$0.27B,$-0.03B,-10.11%,$0.27B,$-0.02B,-8.24%,$0.27B,$-0.03B,-10.49%,$0.27B,$-0.03B,-10.86%,$-0.03B,$-0.02B,158.90%,$-0.03B,$-0.03B,128.89%,$-0.03B,$0.12B,-25.66%,$-0.03B,$-0.01B,771.43%,$73,$12,$61,$7,$57,$76,$-3,$-0,$-4,$0,$-4,$-4,$-4,$-2,$-3,$58,58,$-0.06,$-0.06,$65,$0,$0,$94,$25,$0,$5,$0,$30,$124,$124,$15,$0,$21,$145,$0,$-256,$0,$-20,$124,$-4,$1,$2,$3,$-1,$0,$2,$-0,$16,$15,$-6,$-0,$0,$0,$0,$0,$0,$-7,$0,$0,$0,$0,$0,$0,$0,$0,$9,$2,$0
19,2013-12-31,15.15,$-0.32,-47.9,$4.22,3.59,$0.47,31.94,$-0.57,0.0,$0.08B,$0.10B,0.79,$0.02B,$-0.02B,-0.81,$0.25B,$0.21B,83.33%,$0.25B,$-0.03B,-12.60%,$0.25B,$-0.03B,-12.60%,$0.25B,$-0.03B,-10.57%,$0.25B,$-0.03B,-13.01%,$0.25B,$-0.03B,-13.41%,$-0.03B,$-0.02B,249.06%,$-0.03B,$-0.02B,194.12%,$-0.03B,$0.11B,-30.28%,$-0.03B,$-0.00B,-2066.67%,$69,$11,$58,$8,$47,$65,$3,$-0,$3,$-0,$3,$3,$3,$5,$3,$58,58,$0.05,$0.05,$56,$0,$0,$82,$19,$0,$5,$0,$24,$106,$104,$15,$0,$21,$124,$0,$-252,$0,$-18,$106,$-33,$5,$8,$12,$-8,$0,$-1,$31,$29,$9,$-8,$-1,$-2,$-11,$0,$-11,$0,$-22,$0,$0,$0,$5,$5,$0,$0,$5,$-8,$4,$0
20,2013-09-30,22.49,$-0.39,-57.04,$3.84,5.85,$-0.29,0.0,$-0.58,0.0,$0.09B,$0.11B,0.79,$0.02B,$-0.02B,-0.65,$0.22B,$0.19B,83.41%,$0.22B,$-0.03B,-13.90%,$0.22B,$-0.03B,-13.90%,$0.22B,$-0.03B,-12.11%,$0.22B,$-0.03B,-14.80%,$0.22B,$-0.03B,-15.25%,$-0.03B,$-0.02B,453.33%,$-0.03B,$-0.03B,323.81%,$-0.03B,$0.11B,-31.92%,$-0.03B,$-0.01B,-413.33%,$66,$11,$54,$8,$60,$79,$-13,$-0,$-13,$0,$-14,$-14,$-14,$-12,$-13,$58,58,$-0.23,$-0.23,$63,$0,$0,$88,$16,$0,$5,$0,$21,$110,$112,$15,$0,$20,$133,$0,$-255,$0,$-23,$110,$-36,$3,$3,$6,$-3,$0,$-3,$28,$43,$13,$-6,$-1,$-2,$-11,$0,$-11,$0,$-19,$0,$0,$0,$5,$5,$0,$0,$5,$-1,$3,$0
21,2013-06-30,26.56,$-0.20,-130.39,$3.45,7.7,$-0.95,0.0,$-0.67,0.0,$0.09B,$0.10B,0.91,$0.02B,$-0.01B,-1.26,$0.20B,$0.17B,83.92%,$0.20B,$-0.04B,-18.09%,$0.20B,$-0.04B,-18.09%,$0.20B,$-0.03B,-16.08%,$0.20B,$-0.04B,-19.10%,$0.20B,$-0.04B,-19.10%,$-0.04B,$-0.01B,3040.00%,$-0.04B,$-0.01B,1013.33%,$-0.04B,$0.11B,-36.36%,$-0.04B,$0.00B,-261.82%,$59,$10,$49,$7,$56,$73,$-14,$-0,$-14,$0,$-14,$-14,$-14,$-13,$-14,$58,58,$-0.25,$-0.25,$66,$0,$0,$94,$15,$0,$3,$0,$18,$112,$104,$15,$0,$20,$124,$0,$-242,$0,$-12,$112,$-22,$2,$2,$4,$-3,$0,$3,$18,$32,$14,$-4,$-0,$0,$-10,$0,$-10,$0,$-14,$0,$0,$0,$3,$3,$0,$0,$3,$3,$2,$0
22,2013-03-31,19.76,$-0.00,-11623.53,$3.07,6.44,$-1.47,0.0,$-0.83,0.0,$0.09B,$0.09B,1.04,$0.02B,$0.00B,-148.81,$0.18B,$0.15B,83.62%,$0.18B,$-0.05B,-25.42%,$0.18B,$-0.05B,-25.42%,$0.18B,$-0.04B,-23.16%,$0.18B,$-0.05B,-26.55%,$0.18B,$-0.05B,-26.55%,$-0.05B,$0.00B,-723.08%,$-0.05B,$-0.00B,-1253.33%,$-0.05B,$0.11B,-45.19%,$-0.05B,$0.02B,-209.30%,$52,$8,$44,$6,$46,$60,$-7,$-0,$-8,$0,$-8,$-8,$-8,$-6,$-7,$58,58,$-0.14,$-0.14,$63,$0,$0,$92,$13,$0,$3,$0,$16,$108,$89,$15,$0,$20,$108,$0,$-227,$0,$-0,$108,$-8,$1,$1,$2,$-2,$0,$0,$6,$16,$10,$-2,$-0,$0,$-10,$0,$-10,$0,$-12,$0,$0,$0,$2,$2,$0,$0,$2,$-0,$1,$0
23,2012-12-31,11.99,$0.09,130.47,$2.71,4.42,$-1.68,0.0,$-0.93,0.0,$0.08B,$0.07B,1.13,$0.02B,$0.01B,2.8,$0.16B,$0.13B,82.69%,$0.16B,$-0.05B,-32.69%,$0.16B,$-0.05B,-32.69%,$0.16B,$-0.05B,-30.13%,$0.16B,$-0.05B,-33.33%,$0.16B,$-0.05B,-33.33%,$-0.05B,$0.01B,-352.54%,$-0.05B,$0.00B,-424.49%,$-0.05B,$0.10B,-49.29%,$-0.05B,$0.02B,-171.43%,$46,$7,$39,$5,$31,$43,$3,$-0,$2,$0,$2,$2,$2,$4,$3,$57,57,$0.05,$0.05,$53,$0,$0,$81,$12,$0,$3,$0,$15,$96,$71,$15,$0,$20,$91,$0,$-219,$0,$5,$96,$-53,$3,$5,$8,$-6,$0,$1,$13,$12,$-33,$-10,$-2,$0,$-10,$0,$-10,$0,$-22,$0,$0,$0,$9,$9,$0,$0,$9,$-46,$3,$0
24,2012-09-30,10.58,$0.03,357.43,$2.56,4.13,$-1.79,0.0,$-1.11,0.0,$0.09B,$0.08B,1.15,$0.02B,$0.00B,8.67,$0.14B,$0.11B,82.48%,$0.14B,$-0.06B,-43.07%,$0.14B,$-0.06B,-43.07%,$0.14B,$-0.06B,-40.88%,$0.14B,$-0.06B,-43.80%,$0.14B,$-0.06B,-43.80%,$-0.06B,$0.00B,-240.00%,$-0.06B,$-0.00B,-266.67%,$-0.06B,$0.10B,-54.92%,$-0.06B,$0.02B,-147.50%,$42,$7,$35,$5,$48,$60,$-18,$-0,$-18,$0,$-18,$-18,$-18,$-17,$-18,$58,58,$-0.32,$-0.32,$66,$0,$0,$93,$5,$0,$3,$0,$9,$102,$80,$15,$0,$20,$100,$0,$-222,$0,$2,$102,$-55,$2,$2,$4,$-3,$0,$4,$10,$23,$-28,$-3,$0,$-2,$0,$0,$0,$0,$-4,$0,$0,$0,$9,$9,$0,$0,$9,$-23,$2,$0
