,Date,Stock Price,Book Value per Share,Price to Book Ratio,TTM Sales per Share,Price to Sales Ratio,TTM FCF per Share,Price to FCF Ratio,TTM Net EPS,PE Ratio,Current Assets,Current Liabilities,Current Ratio,Long Term Debt,Shareholder's Equity_x,Debt to Equity Ratio,TTM Revenue_x,TTM Gross Profit,Gross Margin,TTM Revenue_y,TTM Operating Income,Operating Margin,TTM Revenue_x,TTM EBIT,EBIT Margin,TTM Revenue_y,TTM EBITDA,EBITDA Margin,TTM Revenue_x,TTM Pre-Tax Income,Pre-Tax Margin,TTM Revenue_y,TTM Net Income_x,Net Margin,TTM Net Income_y,Shareholder's Equity_y,Return on Equity,TTM Net Income_x,Tangible Equity,Return on Tangible Equity,TTM Net Income_y,Total Assets,Return on Assets,TTM Net Income,LT Investments & Debt,Return on Investment,revenue,cost-goods-sold,gross-profit,research-development-expenses,selling-general-administrative-expenses,operating-expenses,operating-income,total-non-operating-income-expense,pre-tax-income,total-provision-income-taxes,income-after-taxes,income-from-continuous-operations,net-income,ebitda,ebit,basic-shares-outstanding,shares-outstanding,eps-basic-net-earnings-per-share,eps-earnings-per-share-diluted,cash-on-hand,inventory,other-current-assets,total-current-assets,net-property-plant-equipment,long-term-investments,goodwill-intangible-assets-total,other-long-term-assets,total-long-term-assets,total-assets,total-current-liabilities,long-term-debt,other-non-current-liabilities,total-long-term-liabilities,total-liabilities,common-stock-net,retained-earnings-accumulated-deficit,comprehensive-income,total-share-holder-equity,total-liabilities-share-holders-equity,net-income-loss,total-depreciation-amortization-cash-flow,other-non-cash-items,total-non-cash-items,change-in-accounts-receivable,change-in-inventories,change-in-accounts-payable,change-in-assets-liabilities,total-change-in-assets-liabilities,cash-flow-from-operating-activities,net-change-in-property-plant-equipment,net-change-in-intangible-assets,net-acquisitions-divestitures,net-change-in-short-term-investments,net-change-in-long-term-investments,net-change-in-investments-total,investing-activities-other,cash-flow-from-investing-activities,net-long-term-debt,net-current-debt,debt-issuance-retirement-net-total,net-common-equity-issued-repurchased,net-total-equity-issued-repurchased,total-common-preferred-stock-dividends-paid,financial-activities-other,cash-flow-from-financial-activities,net-cash-flow,stock-based-compensation,common-stock-dividends-paid
0,2018-09-30,4.63,$6.32,0.73,$1.60,2.9,$2.48,1.86,$0.37,12.51,$0.59B,$0.02B,27.45,$0.59B,$0.51B,1.17,$0.16B,$0.05B,32.92%,$0.16B,$0.05B,29.81%,$0.16B,$0.05B,29.81%,$0.16B,$0.09B,52.80%,$0.16B,$0.05B,27.95%,$0.16B,$0.04B,22.98%,$0.04B,$0.62B,5.74%,$0.04B,$0.62B,5.74%,$0.04B,$5.29B,0.67%,$0.05B,$1.21B,3.77%,$40,$30,$10,$0,$1,$33,$7,$11,$17,$0,$17,$17,$15,$16,$7,$98,102,$0.15,$0.15,$7,$0,$0,$587,$0,$0,$0,$4707,$4707,$5294,$21,$590,$4060,$4651,$4672,$1,$-435,$-41,$621,$5294,$29,$27,$3,$30,$0,$0,$0,$0,$32,$91,$0,$0,$0,$0,$311,$311,$-0,$311,$0,$-352,$-352,$1,$2,$-50,$-19,$-419,$-17,$0,$-43
1,2018-06-30,4.97,$6.33,0.79,$1.57,3.17,$1.94,2.56,$0.33,15.06,$0.62B,$0.03B,20.89,$0.61B,$0.53B,1.17,$0.16B,$0.06B,36.31%,$0.16B,$0.05B,33.12%,$0.16B,$0.05B,33.12%,$0.16B,$0.09B,57.32%,$0.16B,$0.04B,26.11%,$0.16B,$0.03B,21.02%,$0.03B,$0.62B,5.00%,$0.03B,$0.62B,5.00%,$0.03B,$5.32B,0.59%,$0.05B,$1.24B,3.96%,$41,$28,$12,$0,$1,$31,$9,$5,$15,$0,$15,$15,$13,$18,$9,$98,102,$0.13,$0.13,$13,$0,$0,$615,$0,$0,$0,$4704,$4704,$5319,$29,$613,$4055,$4668,$4697,$1,$-436,$-19,$622,$5319,$12,$18,$11,$29,$0,$0,$0,$0,$13,$54,$0,$0,$0,$0,$334,$334,$-0,$334,$0,$-347,$-347,$1,$1,$-34,$-19,$-399,$-11,$0,$-29
2,2018-03-31,4.67,$6.49,0.72,$1.49,3.13,$1.79,2.61,$0.28,16.68,$0.65B,$0.02B,42.08,$0.64B,$0.54B,1.18,$0.15B,$0.06B,39.60%,$0.15B,$0.05B,36.24%,$0.15B,$0.05B,36.24%,$0.15B,$0.09B,62.42%,$0.15B,$0.04B,24.16%,$0.15B,$0.03B,18.79%,$0.03B,$0.64B,4.15%,$0.03B,$0.64B,4.15%,$0.03B,$5.58B,0.50%,$0.05B,$1.28B,3.98%,$40,$26,$15,$0,$1,$28,$12,$-15,$-3,$0,$-3,$-3,$-5,$21,$12,$98,98,$-0.05,$-0.05,$18,$0,$0,$647,$0,$0,$0,$4935,$4935,$5581,$15,$639,$4290,$4929,$4945,$1,$-435,$-5,$637,$5581,$-3,$10,$14,$24,$0,$0,$0,$-6,$-2,$19,$0,$0,$0,$0,$127,$127,$-0,$127,$0,$-120,$-120,$0,$1,$-17,$-15,$-151,$-5,$0,$-15
3,2017-12-31,5.13,$7.11,0.72,$1.42,3.62,$1.70,3.03,$0.47,10.92,$0.68B,$0.02B,40.69,$0.67B,$0.58B,1.15,$0.14B,$0.06B,41.96%,$0.14B,$0.06B,38.46%,$0.14B,$0.06B,38.46%,$0.14B,$0.09B,65.73%,$0.14B,$0.05B,37.76%,$0.14B,$0.05B,32.87%,$0.05B,$0.70B,6.94%,$0.05B,$0.70B,6.94%,$0.05B,$5.77B,0.85%,$0.06B,$1.37B,3.97%,$40,$24,$16,$0,$3,$20,$20,$-4,$16,$0,$16,$16,$14,$30,$20,$97,100,$0.15,$0.14,$23,$0,$0,$681,$0,$0,$0,$5085,$5085,$5766,$17,$667,$4384,$5051,$5068,$1,$-415,$17,$697,$5766,$54,$38,$-12,$25,$-1,$0,$0,$2,$7,$87,$0,$0,$0,$0,$-500,$-500,$-0,$-501,$0,$455,$455,$4,$46,$-66,$-41,$395,$-19,$0,$-58
4,2017-09-30,5.52,$7.00,0.79,$1.38,3.99,$1.62,3.4,$0.47,11.75,$0.74B,$0.02B,46.46,$0.70B,$0.59B,1.17,$0.14B,$0.06B,45.00%,$0.14B,$0.03B,22.86%,$0.14B,$0.03B,22.86%,$0.14B,$0.07B,48.57%,$0.14B,$0.05B,38.57%,$0.14B,$0.05B,33.57%,$0.05B,$0.69B,7.12%,$0.05B,$0.69B,7.12%,$0.05B,$5.78B,0.86%,$0.03B,$1.38B,2.29%,$36,$22,$14,$0,$1,$25,$11,$2,$13,$0,$13,$13,$11,$21,$11,$98,101,$0.11,$0.11,$30,$0,$0,$741,$0,$0,$0,$5043,$5043,$5784,$16,$696,$4372,$5083,$5099,$1,$-414,$29,$685,$5784,$38,$28,$-8,$21,$-2,$0,$0,$-29,$-24,$35,$0,$0,$0,$0,$-431,$-431,$-0,$-431,$0,$432,$432,$3,$36,$-49,$-37,$382,$-14,$0,$-43
5,2017-06-30,5.39,$6.95,0.78,$1.38,3.91,$1.16,4.65,$0.63,8.55,$0.74B,$0.01B,54.98,$0.72B,$0.59B,1.22,$0.14B,$0.07B,48.57%,$0.14B,$0.04B,26.43%,$0.14B,$0.04B,26.43%,$0.14B,$0.07B,50.00%,$0.14B,$0.07B,49.29%,$0.14B,$0.06B,45.00%,$0.06B,$0.68B,9.54%,$0.06B,$0.68B,9.54%,$0.06B,$5.37B,1.16%,$0.04B,$1.40B,2.60%,$33,$19,$14,$0,$1,$21,$11,$-1,$10,$0,$10,$10,$8,$21,$11,$96,101,$0.08,$0.08,$27,$0,$0,$740,$0,$0,$0,$4633,$4633,$5372,$13,$723,$3943,$4681,$4695,$1,$-410,$26,$678,$5372,$25,$18,$-5,$13,$-5,$0,$0,$0,$-1,$38,$0,$0,$0,$0,$-34,$-34,$-0,$-34,$0,$-9,$-9,$1,$28,$-32,$-7,$-20,$-16,$0,$-29
6,2017-03-31,4.85,$6.78,0.72,$1.35,3.58,$1.30,3.73,$0.52,9.34,$0.80B,$0.01B,70.18,$0.75B,$0.59B,1.28,$0.14B,$0.07B,47.79%,$0.14B,$0.03B,25.00%,$0.14B,$0.03B,25.00%,$0.14B,$0.07B,52.94%,$0.14B,$0.06B,42.65%,$0.14B,$0.05B,38.24%,$0.05B,$0.65B,7.91%,$0.05B,$0.65B,7.91%,$0.05B,$5.25B,0.95%,$0.03B,$1.40B,2.33%,$34,$18,$16,$0,$1,$21,$13,$2,$15,$0,$15,$15,$14,$22,$13,$96,101,$0.14,$0.14,$61,$0,$0,$801,$0,$0,$0,$4449,$4449,$5250,$11,$752,$3815,$4590,$4602,$1,$-404,$21,$648,$5250,$15,$9,$-4,$5,$-2,$0,$0,$-9,$-10,$10,$0,$0,$0,$0,$180,$180,$-0,$180,$0,$-146,$-146,$0,$5,$-16,$-15,$-172,$18,$0,$-14
7,2016-12-31,4.4,$6.59,0.67,$1.42,3.1,$1.53,2.88,$0.16,27.51,$0.80B,$0.01B,60.2,$0.77B,$0.57B,1.34,$0.14B,$0.07B,49.65%,$0.14B,$0.04B,27.66%,$0.14B,$0.04B,27.66%,$0.14B,$0.08B,53.90%,$0.14B,$0.02B,16.31%,$0.14B,$0.02B,11.35%,$0.02B,$0.63B,2.42%,$0.02B,$0.63B,2.42%,$0.02B,$5.40B,0.28%,$0.04B,$1.40B,2.60%,$37,$17,$19,$0,$2,$39,$-3,$18,$16,$0,$16,$16,$14,$4,$-3,$96,101,$0.14,$0.15,$43,$0,$0,$804,$0,$0,$0,$4592,$4592,$5396,$13,$766,$3985,$4751,$4765,$1,$-403,$9,$631,$5396,$22,$37,$18,$55,$4,$0,$0,$-1,$3,$81,$0,$0,$0,$0,$994,$994,$-0,$994,$0,$-1005,$-1005,$-15,$-13,$-65,$8,$-1074,$0,$0,$-58
8,2016-09-30,4.07,$7.14,0.57,$1.41,2.88,$1.57,2.59,$0.32,12.72,$0.85B,$0.01B,70.54,$0.82B,$0.60B,1.36,$0.14B,$0.07B,52.11%,$0.14B,$0.08B,53.52%,$0.14B,$0.08B,53.52%,$0.14B,$0.12B,82.39%,$0.14B,$0.04B,28.17%,$0.14B,$0.03B,23.24%,$0.03B,$0.68B,4.90%,$0.03B,$0.68B,4.90%,$0.03B,$5.66B,0.55%,$0.08B,$1.50B,4.88%,$36,$17,$19,$0,$1,$20,$16,$13,$28,$0,$28,$28,$27,$23,$16,$96,101,$0.28,$0.27,$37,$0,$0,$849,$0,$0,$0,$4811,$4811,$5659,$12,$817,$4146,$4964,$4976,$1,$-403,$37,$684,$5659,$7,$31,$21,$52,$1,$0,$0,$-72,$-70,$-12,$0,$0,$0,$0,$1051,$1051,$-0,$1051,$0,$-975,$-975,$-15,$-14,$-49,$9,$-1028,$11,$0,$-44
9,2016-06-30,3.78,$6.93,0.54,$1.42,2.66,$2.20,1.71,$-0.18,0.0,$0.92B,$0.02B,47.81,$0.87B,$0.59B,1.48,$0.14B,$0.08B,55.94%,$0.14B,$0.04B,26.57%,$0.14B,$0.04B,26.57%,$0.14B,$0.09B,59.44%,$0.14B,$-0.01B,-6.99%,$0.14B,$-0.02B,-11.89%,$-0.02B,$0.67B,-2.49%,$-0.02B,$0.67B,-2.49%,$-0.02B,$5.70B,-0.26%,$0.04B,$1.53B,2.48%,$29,$18,$11,$0,$2,$21,$8,$-9,$-1,$0,$-1,$-1,$-3,$23,$8,$96,96,$-0.03,$-0.03,$49,$0,$0,$922,$0,$0,$0,$4782,$4782,$5704,$19,$866,$4152,$5019,$5038,$1,$-415,$32,$666,$5704,$-22,$24,$37,$60,$0,$0,$0,$8,$12,$51,$0,$0,$0,$0,$846,$846,$-0,$846,$0,$-840,$-840,$-13,$-13,$-33,$5,$-881,$15,$0,$-29
10,2016-03-31,3.63,$6.87,0.53,$1.45,2.5,$2.02,1.8,$0.02,181.3,$0.97B,$0.02B,50.12,$0.90B,$0.59B,1.53,$0.15B,$0.10B,64.43%,$0.15B,$0.06B,38.26%,$0.15B,$0.06B,38.26%,$0.15B,$0.10B,67.79%,$0.15B,$0.01B,7.38%,$0.15B,$0.00B,2.68%,$0.00B,$0.67B,0.57%,$0.00B,$0.67B,0.57%,$0.00B,$6.02B,0.06%,$0.06B,$1.56B,3.99%,$39,$18,$21,$0,$2,$22,$18,$-38,$-20,$0,$-20,$-20,$-22,$26,$18,$98,98,$-0.22,$-0.22,$43,$0,$0,$973,$0,$0,$0,$5042,$5042,$6016,$19,$895,$4435,$5331,$5350,$1,$-398,$10,$665,$6016,$-20,$8,$32,$40,$-2,$0,$0,$7,$12,$31,$0,$0,$0,$0,$551,$551,$-0,$551,$0,$-555,$-555,$-9,$-9,$-16,$5,$-575,$7,$0,$-15
11,2015-12-31,3.28,$6.85,0.48,$1.37,2.4,$1.76,1.87,$0.07,46.84,$1.03B,$0.02B,69.94,$0.95B,$0.62B,1.53,$0.15B,$0.10B,71.03%,$0.15B,$0.02B,15.86%,$0.15B,$0.02B,15.86%,$0.15B,$0.07B,48.28%,$0.15B,$0.02B,10.34%,$0.15B,$0.01B,5.52%,$0.01B,$0.68B,1.11%,$0.01B,$0.68B,1.11%,$0.01B,$6.64B,0.11%,$0.02B,$1.63B,1.87%,$38,$16,$23,$0,$1,$4,$34,$-1,$33,$0,$33,$33,$31,$45,$34,$103,108,$0.30,$0.31,$45,$0,$0,$1032,$0,$0,$0,$5605,$5605,$6636,$15,$953,$4967,$5943,$5958,$1,$-361,$1,$678,$6636,$15,$47,$36,$83,$2,$0,$0,$-1,$-7,$91,$0,$0,$0,$-54,$1563,$1509,$-2,$1507,$0,$-1455,$-1455,$-52,$-42,$-68,$-17,$-1583,$16,$0,$-62
12,2015-09-30,3.6,$7.08,0.51,$1.27,2.83,$1.57,2.29,$-0.36,0.0,$0.75B,$0.05B,14.92,$0.68B,$0.64B,1.06,$0.14B,$0.11B,76.43%,$0.14B,$-0.03B,-17.86%,$0.14B,$-0.03B,-17.86%,$0.14B,$0.02B,16.43%,$0.14B,$-0.03B,-22.86%,$0.14B,$-0.04B,-27.86%,$-0.04B,$0.72B,-5.25%,$-0.04B,$0.72B,-5.25%,$-0.04B,$7.36B,-0.53%,$-0.03B,$1.40B,-2.44%,$37,$12,$25,$0,$1,$59,$-22,$0,$-22,$0,$-22,$-22,$-23,$-9,$-22,$102,102,$-0.23,$-0.23,$40,$0,$0,$750,$0,$0,$0,$6607,$6607,$7357,$50,$678,$5911,$6588,$6638,$1,$-378,$22,$719,$7357,$-18,$36,$56,$93,$-0,$0,$0,$-28,$-22,$53,$0,$0,$0,$0,$572,$572,$-2,$570,$9,$-540,$-530,$-40,$-30,$-51,$-23,$-634,$-12,$0,$-47
13,2015-06-30,3.49,$7.30,0.48,$1.21,2.89,$1.54,2.27,$0.02,174.48,$0.39B,$0.02B,18.82,$0.37B,$0.67B,0.55,$0.14B,$0.10B,71.43%,$0.14B,$0.02B,15.71%,$0.14B,$0.02B,15.71%,$0.14B,$0.07B,49.29%,$0.14B,$0.01B,6.43%,$0.14B,$0.00B,1.43%,$0.00B,$0.75B,0.26%,$0.00B,$0.75B,0.26%,$0.00B,$7.35B,0.03%,$0.02B,$1.12B,2.49%,$35,$9,$27,$0,$1,$9,$27,$-7,$20,$0,$20,$20,$18,$39,$27,$104,109,$0.18,$0.17,$12,$0,$0,$390,$0,$0,$0,$6955,$6955,$7345,$21,$369,$6204,$6573,$6594,$1,$-339,$8,$751,$7345,$4,$23,$23,$47,$-1,$0,$0,$-13,$-14,$37,$0,$0,$0,$0,$254,$254,$-2,$252,$0,$-235,$-235,$-33,$-23,$-34,$0,$-291,$-2,$0,$-31
14,2015-03-31,3.5,$7.07,0.49,$1.20,2.92,$1.46,2.39,$-0.08,0.0,$0.02B,$0.02B,1.35,$0.04B,$0.69B,0.05,$0.15B,$0.09B,60.27%,$0.15B,$0.00B,1.37%,$0.15B,$0.00B,1.37%,$0.15B,$0.05B,33.56%,$0.15B,$-0.00B,-0.68%,$0.15B,$-0.01B,-4.79%,$-0.01B,$0.74B,-0.90%,$-0.01B,$0.74B,-0.90%,$-0.01B,$7.19B,-0.09%,$0.00B,$0.78B,0.24%,$35,$7,$28,$0,$1,$51,$-16,$-0,$-16,$0,$-16,$-16,$-18,$-5,$-16,$107,107,$-0.17,$-0.17,$4,$0,$0,$23,$0,$0,$0,$7170,$7170,$7193,$17,$37,$6372,$6433,$6450,$1,$-342,$18,$743,$7193,$-16,$11,$30,$41,$0,$0,$0,$-12,$-18,$6,$0,$0,$0,$0,$95,$95,$-2,$94,$0,$-87,$-87,$-21,$-13,$-17,$5,$-111,$-11,$0,$-15
15,2014-12-31,3.5,$6.93,0.51,$1.19,2.94,$1.51,2.33,$0.18,19.47,$0.05B,$0.05B,1.08,$0.04B,$0.71B,0.05,$0.16B,$0.08B,49.68%,$0.16B,$0.03B,20.00%,$0.16B,$0.03B,20.00%,$0.16B,$0.08B,49.68%,$0.16B,$0.03B,18.06%,$0.16B,$0.02B,14.84%,$0.02B,$0.76B,2.83%,$0.02B,$0.76B,2.83%,$0.02B,$7.30B,0.28%,$0.03B,$0.80B,3.65%,$33,$7,$27,$0,$1,$47,$-14,$-0,$-14,$0,$-14,$-14,$-16,$-2,$-14,$124,128,$-0.13,$-0.13,$31,$0,$0,$50,$0,$0,$0,$7248,$7248,$7298,$47,$37,$6433,$6494,$6541,$1,$-308,$-15,$758,$7298,$29,$46,$13,$59,$4,$0,$0,$-9,$-2,$85,$0,$0,$0,$0,$1400,$1400,$-13,$1387,$0,$-1209,$-1209,$-153,$-153,$-69,$-33,$-1465,$8,$0,$-64
16,2014-09-30,3.11,$6.75,0.46,$1.23,2.54,$1.82,1.71,$0.38,8.19,$0.02B,$0.02B,1.33,$0.04B,$0.75B,0.05,$0.17B,$0.07B,39.39%,$0.17B,$0.06B,33.94%,$0.17B,$0.06B,33.94%,$0.17B,$0.10B,61.82%,$0.17B,$0.05B,32.12%,$0.17B,$0.05B,29.70%,$0.05B,$0.80B,5.82%,$0.05B,$0.80B,5.82%,$0.05B,$8.12B,0.58%,$0.06B,$0.84B,6.37%,$37,$19,$18,$0,$1,$12,$25,$-6,$19,$0,$19,$19,$18,$37,$25,$121,125,$0.15,$0.15,$1,$0,$0,$21,$0,$0,$0,$8096,$8096,$8117,$16,$37,$7239,$7301,$7317,$1,$-277,$-46,$800,$8117,$43,$34,$-14,$20,$3,$0,$0,$-1,$-3,$60,$0,$0,$0,$0,$1174,$1174,$-13,$1162,$0,$-1030,$-1030,$-109,$-109,$-51,$-36,$-1227,$-6,$0,$-47
17,2014-06-30,3.26,$6.66,0.49,$1.22,2.67,$2.10,1.55,$0.35,9.32,$0.02B,$0.03B,0.73,$0.04B,$0.78B,0.05,$0.17B,$0.07B,39.18%,$0.17B,$0.05B,27.49%,$0.17B,$0.05B,27.49%,$0.17B,$0.10B,56.73%,$0.17B,$0.05B,30.41%,$0.17B,$0.05B,28.07%,$0.05B,$0.82B,5.53%,$0.05B,$0.82B,5.53%,$0.05B,$8.56B,0.55%,$0.05B,$0.86B,5.19%,$41,$26,$15,$0,$4,$35,$7,$3,$10,$0,$10,$10,$9,$19,$7,$127,131,$0.07,$0.07,$1,$0,$0,$23,$0,$0,$0,$8532,$8532,$8555,$32,$37,$7638,$7699,$7731,$1,$-279,$-53,$824,$8555,$23,$22,$-3,$19,$2,$0,$0,$-10,$-8,$34,$0,$0,$0,$0,$541,$541,$-10,$531,$0,$-462,$-462,$-78,$-78,$-33,$1,$-571,$-6,$0,$-30
18,2014-03-31,3.05,$6.47,0.47,$1.21,2.53,$2.38,1.28,$0.43,7.1,$0.03B,$0.03B,0.89,$0.04B,$0.82B,0.05,$0.18B,$0.08B,44.00%,$0.18B,$0.06B,34.86%,$0.18B,$0.06B,34.86%,$0.18B,$0.12B,65.71%,$0.18B,$0.07B,37.14%,$0.18B,$0.06B,34.86%,$0.06B,$0.86B,6.82%,$0.06B,$0.86B,6.82%,$0.06B,$8.64B,0.69%,$0.06B,$0.90B,6.55%,$44,$28,$17,$0,$1,$31,$13,$0,$13,$0,$13,$13,$12,$23,$13,$137,141,$0.09,$0.09,$2,$0,$0,$25,$0,$0,$0,$8618,$8618,$8643,$29,$37,$7689,$7750,$7779,$1,$-270,$-71,$864,$8643,$13,$10,$-1,$9,$0,$0,$0,$-5,$-8,$14,$0,$0,$0,$0,$92,$92,$-1,$91,$0,$-70,$-70,$-28,$-28,$-13,$0,$-111,$-5,$0,$-11
19,2013-12-31,2.52,$6.33,0.4,$1.19,2.12,$2.55,0.99,$0.49,5.14,$0.03B,$0.03B,0.97,$0.04B,$0.83B,0.05,$0.17B,$0.08B,47.13%,$0.17B,$0.07B,37.93%,$0.17B,$0.07B,37.93%,$0.17B,$0.13B,74.71%,$0.17B,$0.08B,43.68%,$0.17B,$0.07B,40.80%,$0.07B,$0.88B,7.46%,$0.07B,$0.88B,7.46%,$0.07B,$8.62B,0.78%,$0.07B,$0.92B,6.68%,$43,$29,$15,$0,$3,$32,$11,$0,$11,$0,$11,$11,$10,$23,$11,$142,146,$0.06,$0.07,$7,$0,$0,$31,$0,$0,$0,$8589,$8589,$8619,$31,$37,$7648,$7710,$7741,$1,$-263,$-92,$878,$8619,$76,$62,$-10,$53,$3,$0,$0,$2,$15,$143,$0,$0,$0,$0,$401,$401,$0,$401,$0,$-440,$-440,$-15,$-13,$-87,$0,$-540,$4,$0,$-81
20,2013-09-30,2.64,$6.41,0.41,$1.21,2.19,$2.75,0.96,$0.57,4.64,$0.04B,$0.03B,1.39,$0.04B,$0.84B,0.05,$0.18B,$0.09B,51.14%,$0.18B,$0.07B,42.05%,$0.18B,$0.07B,42.05%,$0.18B,$0.15B,82.95%,$0.18B,$0.09B,50.00%,$0.18B,$0.08B,47.16%,$0.08B,$0.91B,8.27%,$0.08B,$0.91B,8.27%,$0.08B,$8.83B,0.89%,$0.07B,$0.95B,7.11%,$43,$23,$20,$0,$1,$27,$16,$2,$18,$0,$18,$18,$17,$32,$16,$142,146,$0.12,$0.12,$13,$0,$0,$37,$0,$0,$0,$8792,$8792,$8829,$26,$37,$7857,$7895,$7921,$1,$-262,$-101,$908,$8829,$65,$51,$-10,$41,$2,$0,$0,$-1,$6,$112,$0,$0,$0,$0,$412,$412,$0,$412,$0,$-445,$-445,$-3,$-0,$-69,$0,$-514,$10,$0,$-64
21,2013-06-30,2.9,$6.53,0.44,$1.25,2.33,$2.87,1.01,$0.60,4.83,$0.03B,$0.02B,1.68,$0.04B,$0.86B,0.04,$0.18B,$0.10B,52.78%,$0.18B,$0.08B,44.44%,$0.18B,$0.08B,44.44%,$0.18B,$0.16B,86.11%,$0.18B,$0.09B,51.11%,$0.18B,$0.09B,48.33%,$0.09B,$0.93B,8.22%,$0.09B,$0.93B,8.22%,$0.09B,$9.51B,0.92%,$0.08B,$0.97B,7.30%,$45,$20,$25,$0,$0,$24,$21,$2,$23,$0,$23,$23,$22,$37,$21,$144,148,$0.15,$0.15,$7,$0,$0,$33,$0,$0,$0,$9477,$9477,$9510,$20,$37,$8524,$8562,$8581,$1,$-261,$-83,$929,$9510,$47,$35,$-7,$28,$-0,$0,$0,$7,$6,$80,$0,$0,$0,$0,$-418,$-418,$0,$-418,$0,$385,$385,$1,$3,$-46,$0,$342,$4,$0,$-43
22,2013-03-31,3.13,$7.56,0.41,$1.30,2.41,$3.65,0.86,$0.63,4.96,$0.03B,$0.02B,1.19,$0.04B,$1.02B,0.04,$0.19B,$0.10B,53.51%,$0.19B,$0.09B,45.95%,$0.19B,$0.09B,45.95%,$0.19B,$0.16B,87.03%,$0.19B,$0.10B,51.35%,$0.19B,$0.09B,48.11%,$0.09B,$1.09B,8.14%,$0.09B,$1.09B,8.14%,$0.09B,$9.56B,0.95%,$0.09B,$1.13B,7.52%,$43,$21,$22,$0,$0,$25,$18,$5,$24,$0,$24,$24,$22,$38,$18,$143,147,$0.16,$0.15,$1,$0,$0,$26,$0,$0,$0,$9529,$9529,$9556,$22,$37,$8406,$8444,$8466,$1,$-261,$67,$1090,$9556,$24,$19,$-5,$14,$1,$0,$0,$0,$2,$39,$0,$0,$0,$0,$-37,$-37,$0,$-37,$0,$5,$5,$12,$14,$-23,$0,$-4,$-2,$0,$-21
23,2012-12-31,2.85,$7.66,0.37,$1.38,2.06,$5.36,0.53,$0.68,4.2,$0.03B,$0.02B,1.36,$0.04B,$1.02B,0.04,$0.20B,$0.11B,55.90%,$0.20B,$0.10B,49.23%,$0.20B,$0.10B,49.23%,$0.20B,$0.17B,86.15%,$0.20B,$0.10B,51.28%,$0.20B,$0.10B,48.72%,$0.10B,$1.09B,8.76%,$0.10B,$1.09B,8.76%,$0.10B,$9.29B,1.03%,$0.10B,$1.13B,8.56%,$45,$22,$23,$0,$0,$26,$19,$0,$23,$0,$23,$23,$22,$39,$19,$138,142,$0.15,$0.14,$3,$0,$0,$29,$0,$0,$0,$9256,$9256,$9285,$21,$37,$8139,$8176,$8197,$1,$-262,$80,$1088,$9285,$100,$73,$-6,$67,$2,$0,$0,$2,$1,$168,$0,$0,$0,$0,$-540,$-540,$0,$-540,$0,$425,$425,$50,$50,$-109,$0,$366,$-6,$0,$-103
24,2012-09-30,3.05,$7.97,0.38,$1.47,2.07,$5.49,0.56,$0.73,4.18,$0.03B,$0.02B,1.26,$0.04B,$1.06B,0.04,$0.20B,$0.12B,57.35%,$0.20B,$0.11B,51.47%,$0.20B,$0.11B,51.47%,$0.20B,$0.17B,85.29%,$0.20B,$0.11B,51.47%,$0.20B,$0.10B,49.02%,$0.10B,$1.13B,9.39%,$0.10B,$1.13B,9.39%,$0.10B,$9.31B,1.10%,$0.11B,$1.17B,9.53%,$47,$22,$25,$0,$0,$25,$22,$0,$22,$0,$22,$22,$21,$41,$22,$139,143,$0.15,$0.15,$1,$0,$0,$28,$0,$0,$0,$9279,$9279,$9306,$22,$37,$8118,$8155,$8177,$1,$-263,$124,$1129,$9306,$77,$53,$-1,$51,$1,$0,$0,$0,$-1,$127,$0,$0,$0,$0,$-462,$-462,$0,$-462,$0,$365,$365,$47,$47,$-86,$0,$327,$-8,$0,$-82
25,2012-06-30,3.0,$7.74,0.39,$1.54,1.94,$4.01,0.75,$0.80,3.75,$0.03B,$0.02B,1.33,$0.04B,$1.00B,0.04,$0.21B,$0.13B,59.24%,$0.21B,$0.11B,54.03%,$0.21B,$0.11B,54.03%,$0.21B,$0.18B,85.31%,$0.21B,$0.11B,54.03%,$0.21B,$0.11B,51.18%,$0.11B,$1.07B,10.46%,$0.11B,$1.07B,10.46%,$0.11B,$9.20B,1.20%,$0.11B,$1.11B,10.66%,$50,$21,$29,$0,$0,$25,$26,$0,$26,$0,$26,$26,$24,$43,$26,$137,141,$0.18,$0.18,$4,$0,$0,$31,$0,$0,$0,$9165,$9165,$9196,$24,$37,$8067,$8104,$8128,$1,$-262,$85,$1069,$9196,$55,$33,$-1,$32,$1,$0,$0,$-0,$98,$185,$0,$0,$0,$0,$-383,$-383,$0,$-383,$0,$227,$227,$26,$26,$-60,$0,$193,$-4,$0,$-57
26,2012-03-31,2.63,$7.73,0.34,$1.64,1.61,$1.66,1.58,$0.86,3.06,$0.03B,$0.02B,1.53,$0.04B,$0.98B,0.04,$0.22B,$0.13B,60.00%,$0.22B,$0.12B,55.00%,$0.22B,$0.12B,55.00%,$0.22B,$0.18B,83.18%,$0.22B,$0.12B,55.00%,$0.22B,$0.12B,52.27%,$0.12B,$1.05B,11.35%,$0.12B,$1.05B,11.35%,$0.12B,$9.09B,1.31%,$0.12B,$1.09B,11.51%,$53,$21,$32,$0,$0,$24,$29,$0,$29,$0,$29,$29,$28,$45,$29,$135,139,$0.20,$0.20,$5,$0,$0,$33,$0,$0,$0,$9055,$9055,$9088,$21,$37,$7978,$8015,$8036,$1,$-261,$81,$1052,$9088,$29,$16,$-1,$15,$1,$0,$0,$-1,$231,$275,$0,$0,$0,$0,$-267,$-267,$0,$-267,$0,$5,$5,$13,$13,$-30,$0,$-12,$-4,$0,$-28
27,2011-12-31,2.51,$7.53,0.33,$1.71,1.47,$-1.33,0.0,$0.90,2.79,$0.04B,$0.03B,1.49,$0.04B,$0.94B,0.04,$0.22B,$0.14B,60.27%,$0.22B,$0.12B,54.91%,$0.22B,$0.12B,54.91%,$0.22B,$0.18B,80.80%,$0.22B,$0.12B,54.91%,$0.22B,$0.12B,52.23%,$0.12B,$1.01B,11.88%,$0.12B,$1.01B,11.88%,$0.12B,$8.81B,1.36%,$0.12B,$1.05B,12.03%,$54,$22,$31,$0,$0,$25,$28,$0,$28,$0,$28,$28,$27,$45,$28,$129,133,$0.20,$0.20,$9,$0,$0,$37,$0,$0,$0,$8777,$8777,$8814,$25,$37,$7742,$7779,$7804,$1,$-260,$50,$1010,$8814,$123,$59,$-1,$57,$-1,$0,$0,$-9,$-6,$174,$0,$0,$0,$0,$-1361,$-1361,$0,$-1361,$0,$1220,$1220,$87,$92,$-127,$0,$1185,$-2,$1,$-121
28,2011-09-30,2.38,$7.51,0.32,$1.74,1.37,$1.16,2.06,$0.91,2.62,$0.03B,$0.03B,1.17,$0.04B,$0.93B,0.04,$0.22B,$0.13B,59.82%,$0.22B,$0.12B,54.46%,$0.22B,$0.12B,54.46%,$0.22B,$0.18B,78.57%,$0.22B,$0.12B,54.46%,$0.22B,$0.12B,51.79%,$0.12B,$1.00B,12.14%,$0.12B,$1.00B,12.14%,$0.12B,$8.79B,1.39%,$0.12B,$1.04B,12.28%,$54,$21,$33,$0,$0,$24,$31,$0,$31,$0,$31,$31,$29,$47,$31,$132,136,$0.22,$0.22,$3,$0,$0,$32,$0,$0,$0,$8762,$8762,$8794,$27,$37,$7731,$7768,$7795,$1,$-259,$44,$998,$8794,$94,$42,$-2,$40,$-2,$0,$0,$-11,$-215,$-81,$0,$0,$0,$0,$-979,$-979,$0,$-979,$0,$1060,$1060,$82,$87,$-95,$0,$1052,$-7,$0,$-91
29,2011-06-30,2.47,$7.66,0.32,$1.76,1.4,$6.24,0.4,$0.88,2.8,$0.04B,$0.03B,1.5,$0.04B,$0.92B,0.04,$0.22B,$0.13B,58.18%,$0.22B,$0.12B,52.27%,$0.22B,$0.12B,52.27%,$0.22B,$0.17B,75.45%,$0.22B,$0.12B,52.27%,$0.22B,$0.11B,50.00%,$0.11B,$0.99B,11.79%,$0.11B,$0.99B,11.79%,$0.11B,$8.55B,1.40%,$0.12B,$1.03B,11.85%,$59,$23,$36,$0,$0,$26,$33,$0,$33,$0,$33,$33,$31,$46,$33,$127,131,$0.25,$0.24,$12,$0,$0,$41,$0,$0,$0,$8512,$8512,$8552,$27,$37,$7494,$7531,$7558,$1,$-258,$60,$994,$8552,$64,$26,$-1,$25,$-2,$0,$0,$-8,$-224,$-136,$0,$0,$0,$0,$-738,$-738,$0,$-738,$0,$870,$870,$62,$66,$-61,$0,$875,$1,$0,$-58
30,2011-03-31,2.17,$7.55,0.29,$1.76,1.24,$8.06,0.27,$0.85,2.56,$0.03B,$0.02B,1.48,$0.04B,$0.86B,0.04,$0.22B,$0.12B,56.74%,$0.22B,$0.11B,50.23%,$0.22B,$0.11B,50.23%,$0.22B,$0.16B,73.95%,$0.22B,$0.11B,50.23%,$0.22B,$0.10B,47.91%,$0.10B,$0.94B,11.28%,$0.10B,$0.94B,11.28%,$0.10B,$8.20B,1.42%,$0.11B,$0.97B,11.36%,$57,$22,$35,$0,$0,$26,$31,$0,$31,$0,$31,$31,$30,$43,$31,$122,126,$0.24,$0.24,$4,$0,$0,$33,$0,$0,$0,$8164,$8164,$8196,$22,$37,$7200,$7238,$7260,$1,$-256,$41,$937,$8196,$31,$12,$-0,$12,$-1,$0,$0,$1,$-172,$-128,$0,$0,$0,$0,$-421,$-421,$0,$-421,$0,$545,$545,$22,$26,$-28,$0,$543,$-6,$0,$-27
31,2010-12-31,2.15,$7.39,0.29,$1.81,1.18,$10.28,0.21,$0.88,2.44,$0.04B,$0.02B,1.75,$0.04B,$0.82B,0.05,$0.22B,$0.12B,56.62%,$0.22B,$0.11B,50.23%,$0.22B,$0.11B,50.23%,$0.22B,$0.16B,73.97%,$0.22B,$0.11B,50.23%,$0.22B,$0.11B,47.95%,$0.11B,$0.89B,11.44%,$0.11B,$0.89B,11.44%,$0.11B,$7.79B,1.53%,$0.11B,$0.93B,11.52%,$54,$24,$30,$0,$0,$27,$27,$0,$27,$0,$27,$27,$26,$40,$27,$118,122,$0.22,$0.20,$11,$0,$0,$38,$0,$0,$0,$7752,$7752,$7790,$22,$37,$6837,$6875,$6896,$1,$-255,$22,$894,$7790,$110,$51,$1,$52,$2,$0,$0,$-2,$301,$463,$0,$0,$0,$0,$-1380,$-1380,$0,$-1380,$0,$1016,$1016,$36,$36,$-127,$0,$925,$9,$1,$-121
32,2010-09-30,1.93,$7.62,0.25,$1.96,0.98,$8.42,0.23,$0.95,2.03,$0.03B,$0.03B,0.99,$0.04B,$0.84B,0.05,$0.23B,$0.13B,57.39%,$0.23B,$0.12B,51.30%,$0.23B,$0.12B,51.30%,$0.23B,$0.17B,72.17%,$0.23B,$0.12B,50.87%,$0.23B,$0.11B,48.26%,$0.11B,$0.91B,11.98%,$0.11B,$0.91B,11.98%,$0.11B,$6.82B,1.70%,$0.12B,$0.95B,12.24%,$50,$23,$27,$0,$0,$26,$24,$0,$24,$0,$24,$24,$23,$37,$24,$118,122,$0.19,$0.19,$2,$0,$0,$26,$0,$0,$0,$6789,$6789,$6815,$26,$37,$5843,$5880,$5906,$1,$-254,$47,$908,$6815,$83,$38,$1,$38,$5,$0,$0,$-13,$424,$546,$0,$0,$0,$0,$-338,$-338,$0,$-338,$0,$-135,$-135,$26,$26,$-98,$0,$-207,$0,$0,$-94
33,2010-06-30,1.8,$7.81,0.23,$2.11,0.85,$4.94,0.36,$1.03,1.75,$0.10B,$0.03B,3.68,$0.04B,$0.84B,0.04,$0.24B,$0.14B,57.61%,$0.24B,$0.13B,51.85%,$0.24B,$0.13B,51.85%,$0.24B,$0.17B,68.31%,$0.24B,$0.13B,51.44%,$0.24B,$0.12B,48.56%,$0.12B,$0.91B,12.66%,$0.12B,$0.91B,12.66%,$0.12B,$6.26B,1.86%,$0.13B,$0.95B,12.99%,$54,$25,$30,$0,$2,$28,$26,$-1,$26,$0,$26,$26,$24,$39,$26,$118,121,$0.21,$0.21,$71,$0,$0,$95,$0,$0,$0,$6164,$6164,$6259,$26,$37,$5281,$5319,$5344,$1,$-249,$65,$914,$6259,$59,$25,$1,$26,$5,$0,$0,$-8,$11,$95,$0,$0,$0,$-71,$300,$230,$0,$230,$0,$-269,$-269,$10,$10,$-67,$0,$-326,$-1,$0,$-64
34,2010-03-31,1.58,$8.09,0.2,$2.30,0.69,$4.84,0.33,$1.13,1.4,$0.03B,$0.02B,1.26,$0.04B,$0.88B,0.04,$0.26B,$0.15B,57.81%,$0.26B,$0.13B,52.34%,$0.26B,$0.13B,52.34%,$0.26B,$0.17B,64.45%,$0.26B,$0.13B,51.95%,$0.26B,$0.13B,49.61%,$0.13B,$0.96B,13.91%,$0.13B,$0.96B,13.91%,$0.13B,$6.57B,2.07%,$0.13B,$0.99B,14.10%,$61,$24,$37,$0,$0,$28,$33,$0,$33,$0,$33,$33,$32,$46,$33,$117,120,$0.27,$0.27,$1,$0,$0,$28,$0,$0,$0,$6540,$6540,$6568,$22,$37,$5554,$5591,$5613,$1,$-212,$62,$955,$6568,$33,$12,$0,$12,$2,$0,$0,$-1,$99,$144,$0,$0,$0,$0,$-80,$-80,$0,$-80,$0,$-47,$-47,$16,$16,$-34,$0,$-65,$-1,$0,$-32
35,2009-12-31,1.64,$8.04,0.2,$2.46,0.67,$4.00,0.41,$1.16,1.41,$0.03B,$0.02B,1.32,$0.04B,$0.86B,0.04,$0.26B,$0.15B,55.73%,$0.26B,$0.13B,50.38%,$0.26B,$0.13B,50.38%,$0.26B,$0.15B,58.78%,$0.26B,$0.13B,50.00%,$0.26B,$0.12B,47.33%,$0.12B,$0.93B,14.41%,$0.12B,$0.93B,14.41%,$0.12B,$6.53B,2.09%,$0.13B,$0.97B,14.70%,$65,$26,$38,$0,$0,$30,$35,$-1,$34,$0,$34,$34,$32,$44,$35,$105,109,$0.28,$0.28,$2,$0,$0,$31,$0,$0,$0,$6496,$6496,$6527,$23,$37,$5537,$5574,$5597,$1,$-244,$84,$929,$6527,$130,$24,$2,$26,$-3,$0,$0,$-0,$55,$212,$0,$0,$0,$0,$-1072,$-1072,$0,$-1072,$0,$694,$694,$161,$162,$-126,$0,$730,$-130,$1,$-120
36,2009-09-30,1.59,$8.27,0.19,$2.71,0.59,$3.69,0.43,$1.10,1.44,$0.03B,$0.03B,0.89,$0.04B,$0.86B,0.04,$0.27B,$0.14B,51.12%,$0.27B,$0.12B,45.15%,$0.27B,$0.12B,45.15%,$0.27B,$0.14B,50.75%,$0.27B,$0.12B,44.40%,$0.27B,$0.11B,41.79%,$0.11B,$0.93B,14.59%,$0.11B,$0.93B,14.59%,$0.11B,$5.98B,1.98%,$0.12B,$0.97B,15.04%,$63,$28,$35,$0,$3,$32,$32,$0,$32,$0,$32,$32,$30,$37,$32,$109,113,$0.28,$0.27,$0,$0,$0,$27,$0,$0,$0,$5953,$5953,$5980,$31,$37,$4982,$5019,$5049,$1,$-212,$73,$931,$5980,$96,$14,$-0,$14,$-1,$0,$0,$-0,$3,$114,$0,$0,$0,$0,$-513,$-513,$0,$-513,$0,$215,$215,$143,$144,$-93,$0,$267,$-132,$0,$-88
37,2009-06-30,1.34,$8.04,0.17,$3.00,0.45,$4.10,0.33,$0.80,1.67,$0.11B,$0.03B,3.74,$0.04B,$0.76B,0.05,$0.28B,$0.13B,46.95%,$0.28B,$0.12B,41.22%,$0.28B,$0.12B,41.22%,$0.28B,$0.13B,45.88%,$0.28B,$0.08B,27.96%,$0.28B,$0.08B,28.32%,$0.08B,$0.84B,11.42%,$0.08B,$0.84B,11.42%,$0.08B,$5.49B,1.42%,$0.12B,$0.87B,15.78%,$67,$29,$38,$0,$3,$33,$34,$0,$34,$0,$34,$34,$33,$38,$34,$102,106,$0.32,$0.31,$80,$0,$0,$105,$0,$0,$0,$5388,$5388,$5493,$28,$37,$4591,$4628,$4656,$1,$-208,$38,$837,$5493,$65,$9,$-0,$9,$1,$0,$0,$-3,$-1,$72,$0,$0,$0,$-79,$29,$-50,$0,$-50,$0,$-178,$-178,$81,$81,$-57,$0,$-154,$-131,$0,$-54
38,2009-03-31,1.04,$7.43,0.14,$3.24,0.32,$4.47,0.23,$0.78,1.33,$0.11B,$0.03B,3.93,$0.04B,$0.67B,0.06,$0.29B,$0.12B,42.66%,$0.29B,$0.11B,37.06%,$0.29B,$0.11B,37.06%,$0.29B,$0.12B,41.61%,$0.29B,$0.07B,24.48%,$0.29B,$0.07B,24.48%,$0.07B,$0.75B,10.92%,$0.07B,$0.75B,10.92%,$0.07B,$5.73B,1.25%,$0.11B,$0.78B,15.62%,$67,$32,$35,$0,$0,$36,$31,$0,$31,$0,$31,$31,$29,$35,$31,$96,99,$0.30,$0.30,$86,$0,$0,$112,$0,$0,$0,$5613,$5613,$5726,$29,$37,$4914,$4951,$4980,$1,$-210,$-27,$746,$5726,$31,$5,$-0,$4,$-1,$0,$0,$-0,$1,$36,$0,$0,$0,$0,$-235,$-235,$0,$-235,$0,$120,$120,$57,$57,$-25,$0,$152,$-46,$0,$-23
39,2008-12-31,1.09,$6.15,0.18,$3.50,0.31,$4.90,0.22,$0.69,1.58,$0.16B,$0.03B,5.87,$0.04B,$0.51B,0.07,$0.29B,$0.11B,36.93%,$0.29B,$0.09B,32.06%,$0.29B,$0.09B,32.06%,$0.29B,$0.10B,36.24%,$0.29B,$0.06B,19.51%,$0.29B,$0.06B,19.51%,$0.06B,$0.56B,9.50%,$0.06B,$0.56B,9.50%,$0.06B,$5.48B,0.99%,$0.09B,$0.59B,14.68%,$71,$42,$29,$0,$0,$47,$24,$-3,$22,$0,$22,$22,$20,$26,$24,$82,85,$0.20,$0.22,$132,$0,$0,$158,$0,$0,$0,$5319,$5319,$5477,$27,$37,$4829,$4866,$4921,$1,$-240,$-102,$556,$5477,$63,$12,$32,$44,$-0,$0,$0,$50,$33,$140,$0,$0,$0,$0,$-630,$-630,$0,$-630,$0,$438,$438,$248,$248,$-76,$0,$610,$120,$2,$-70
40,2008-09-30,0.84,$7.02,0.12,$3.93,0.21,$2.01,0.42,$0.32,2.63,$0.07B,$0.04B,1.76,$0.04B,$0.55B,0.07,$0.28B,$0.09B,32.00%,$0.28B,$0.08B,28.00%,$0.28B,$0.08B,28.00%,$0.28B,$0.09B,33.09%,$0.28B,$0.04B,15.64%,$0.28B,$0.03B,10.55%,$0.03B,$0.63B,5.27%,$0.03B,$0.63B,5.27%,$0.03B,$5.49B,0.53%,$0.08B,$0.66B,13.10%,$74,$44,$29,$0,$2,$47,$26,$-35,$-9,$0,$-9,$-9,$-3,$29,$26,$86,86,$-0.03,$-0.03,$46,$0,$0,$73,$0,$0,$0,$5417,$5417,$5490,$41,$37,$4784,$4821,$4863,$1,$-214,$-78,$627,$5490,$41,$10,$27,$38,$-2,$0,$0,$47,$43,$122,$0,$0,$0,$0,$-787,$-787,$0,$-787,$0,$507,$507,$243,$243,$-52,$0,$698,$33,$0,$-48
41,2008-06-30,0.85,$7.56,0.11,$4.44,0.19,$0.73,1.16,$-3.12,0.0,$0.03B,$0.04B,0.92,$0.04B,$0.56B,0.07,$0.26B,$0.06B,23.95%,$0.26B,$0.05B,20.53%,$0.26B,$0.05B,20.53%,$0.26B,$0.07B,27.00%,$0.26B,$0.03B,12.17%,$0.26B,$-0.13B,-48.29%,$-0.13B,$0.64B,-26.08%,$-0.13B,$0.64B,-26.08%,$-0.13B,$5.74B,-2.46%,$0.05B,$0.67B,10.30%,$74,$46,$29,$0,$2,$49,$25,$0,$26,$0,$26,$26,$24,$29,$25,$82,85,$0.30,$0.29,$5,$0,$0,$33,$0,$0,$0,$5707,$5707,$5740,$36,$37,$5023,$5068,$5104,$1,$-187,$-64,$636,$5740,$42,$7,$-0,$7,$-3,$0,$0,$49,$40,$90,$0,$0,$0,$0,$-1029,$-1029,$0,$-1029,$0,$746,$746,$211,$211,$-26,$0,$931,$-8,$0,$-23
42,2008-03-31,0.75,$7.04,0.11,$4.97,0.15,$0.18,4.25,$-3.36,0.0,$0.04B,$0.04B,1.09,$0.04B,$0.47B,0.08,$0.25B,$0.04B,15.42%,$0.25B,$0.03B,12.65%,$0.25B,$0.03B,12.65%,$0.25B,$0.05B,20.55%,$0.25B,$0.01B,3.56%,$0.25B,$-0.15B,-58.89%,$-0.15B,$0.54B,-32.91%,$-0.15B,$0.54B,-32.91%,$-0.15B,$5.81B,-2.76%,$0.03B,$0.58B,4.06%,$68,$49,$19,$0,$2,$52,$17,$-0,$17,$0,$17,$17,$15,$20,$17,$70,73,$0.22,$0.21,$14,$0,$0,$44,$0,$0,$0,$5764,$5764,$5807,$40,$37,$5183,$5228,$5268,$1,$-195,$-102,$539,$5807,$17,$4,$0,$4,$-4,$0,$0,$43,$38,$58,$0,$0,$0,$0,$-1058,$-1058,$0,$-1058,$0,$850,$850,$160,$160,$-8,$0,$1002,$2,$0,$-7
43,2007-12-31,1.02,$7.01,0.14,$5.43,0.19,$-0.39,0.0,$-3.52,0.0,$0.04B,$0.04B,0.9,$0.04B,$0.36B,0.11,$0.25B,$0.02B,9.64%,$0.25B,$0.02B,6.83%,$0.25B,$0.02B,6.83%,$0.25B,$0.04B,16.47%,$0.25B,$-0.01B,-2.41%,$0.25B,$-0.16B,-65.06%,$-0.16B,$0.40B,-36.14%,$-0.16B,$0.40B,-36.14%,$-0.16B,$4.80B,-2.86%,$0.02B,$0.44B,1.52%,$59,$48,$11,$0,$1,$49,$9,$0,$9,$0,$9,$9,$-7,$13,$9,$46,46,$-0.10,$-0.10,$12,$0,$0,$38,$0,$0,$0,$4759,$4759,$4798,$42,$37,$4281,$4326,$4396,$1,$-210,$-36,$401,$4798,$-5,$21,$-6,$15,$2,$0,$0,$-49,$-68,$-59,$0,$0,$495,$0,$94,$94,$0,$589,$0,$-103,$-103,$76,$104,$-13,$-506,$-518,$12,$0,$-8
44,2007-09-30,0.64,$8.13,0.08,$4.20,0.15,$2.03,0.31,$-3.46,0.0,$0.03B,$0.15B,0.22,$0.04B,$0.30B,0.13,$0.19B,$0.01B,6.77%,$0.19B,$0.01B,4.17%,$0.19B,$0.01B,4.17%,$0.19B,$0.04B,18.23%,$0.19B,$-0.02B,-8.33%,$0.19B,$-0.16B,-82.81%,$-0.16B,$0.37B,-33.78%,$-0.16B,$0.37B,-33.78%,$-0.16B,$4.33B,-2.59%,$0.01B,$0.41B,0.70%,$62,$58,$4,$0,$1,$59,$3,$-24,$-20,$0,$-20,$-20,$-159,$9,$3,$46,46,$-3.47,$-3.47,$10,$0,$0,$34,$0,$0,$0,$4223,$4298,$4331,$153,$37,$3702,$3807,$3959,$0,$-194,$-35,$372,$4331,$-151,$18,$172,$190,$3,$0,$0,$-21,$-33,$6,$0,$0,$392,$0,$688,$688,$0,$1080,$0,$-649,$-649,$1,$29,$-9,$-443,$-1073,$10,$0,$-5
45,2007-06-30,1.05,$10.93,0.1,$4.06,0.26,$2.35,0.45,$-0.06,0.0,$1.39B,$0.07B,21.18,$1.23B,$0.43B,2.88,$0.19B,$0.01B,4.86%,$0.19B,$0.00B,2.16%,$0.19B,$0.00B,2.16%,$0.19B,$0.02B,10.81%,$0.19B,$0.00B,1.62%,$0.19B,$-0.00B,-1.62%,$-0.00B,$0.50B,-0.60%,$-0.00B,$0.50B,-0.60%,$-0.00B,$6.63B,-0.04%,$0.00B,$1.73B,0.26%,$64,$59,$5,$0,$1,$61,$3,$0,$3,$0,$3,$3,$2,$10,$3,$46,46,$0.05,$0.05,$2,$0,$0,$1393,$0,$0,$0,$5241,$5241,$6634,$66,$1228,$4841,$6069,$6135,$0,$-33,$-67,$499,$6634,$6,$13,$8,$21,$-1,$0,$0,$1,$-4,$23,$0,$0,$263,$0,$-256,$-256,$0,$7,$0,$218,$218,$0,$27,$-6,$-270,$-30,$0,$0,$-3
46,2007-03-31,1.13,$11.41,0.1,$4.28,0.26,$2.06,0.55,$-0.39,0.0,$1.56B,$0.08B,19.58,$1.38B,$0.45B,3.09,$0.20B,$0.00B,1.54%,$0.20B,$-0.00B,-1.03%,$0.20B,$-0.00B,-1.03%,$0.20B,$0.02B,10.77%,$0.20B,$-0.01B,-6.15%,$0.20B,$-0.02B,-9.23%,$-0.02B,$0.52B,-3.67%,$-0.02B,$0.52B,-3.67%,$-0.02B,$6.91B,-0.27%,$-0.00B,$1.91B,-0.12%,$64,$60,$4,$0,$1,$61,$2,$0,$2,$0,$2,$2,$2,$9,$2,$46,46,$0.05,$0.05,$0,$0,$0,$1561,$0,$0,$0,$5350,$5350,$6912,$80,$1384,$4927,$6311,$6391,$0,$-33,$-45,$521,$6912,$2,$6,$4,$11,$-1,$0,$0,$-11,$-3,$10,$0,$0,$96,$0,$-316,$-316,$0,$-220,$0,$284,$284,$0,$27,$-2,$-100,$210,$-0,$0,$-1
47,2006-12-31,1.1,$10.77,0.1,$4.54,0.24,$1.90,0.58,$-0.41,0.0,$0.03B,$0.06B,0.43,$0.04B,$0.45B,0.08,$0.21B,$0.00B,1.94%,$0.21B,$-0.00B,-0.97%,$0.21B,$-0.00B,-0.97%,$0.21B,$0.03B,13.11%,$0.21B,$-0.01B,-5.83%,$0.21B,$-0.02B,-8.74%,$-0.02B,$0.49B,-3.76%,$-0.02B,$0.49B,-3.76%,$-0.02B,$6.69B,-0.27%,$-0.00B,$0.53B,-0.11%,$2,$1,$0,$0,$0,$1,$0,$-1,$-1,$0,$-1,$-1,$-4,$7,$0,$45,45,$-0.10,$-0.10,$0,$0,$0,$27,$0,$0,$0,$4801,$6660,$6687,$63,$37,$4340,$6133,$6196,$0,$-35,$-45,$491,$6687,$-11,$28,$24,$52,$-5,$0,$0,$-1,$12,$53,$0,$0,$732,$0,$-264,$-264,$0,$468,$0,$231,$231,$0,$0,$-8,$-752,$-529,$0,$0,$-4
