,Date,Stock Price,Book Value per Share,Price to Book Ratio,TTM Sales per Share,Price to Sales Ratio,TTM FCF per Share,Price to FCF Ratio,TTM Net EPS,PE Ratio,Current Assets,Current Liabilities,Current Ratio,Long Term Debt,Shareholder's Equity_x,Debt to Equity Ratio,TTM Revenue_x,TTM Gross Profit,Gross Margin,TTM Revenue_y,TTM Operating Income,Operating Margin,TTM Revenue_x,TTM EBIT,EBIT Margin,TTM Revenue_y,TTM EBITDA,EBITDA Margin,TTM Revenue_x,TTM Pre-Tax Income,Pre-Tax Margin,TTM Revenue_y,TTM Net Income_x,Net Margin,TTM Net Income_y,Shareholder's Equity_y,Return on Equity,TTM Net Income_x,Tangible Equity,Return on Tangible Equity,TTM Net Income_y,Total Assets,Return on Assets,TTM Net Income,LT Investments & Debt,Return on Investment,revenue,cost-goods-sold,gross-profit,research-development-expenses,selling-general-administrative-expenses,operating-expenses,operating-income,total-non-operating-income-expense,pre-tax-income,total-provision-income-taxes,income-after-taxes,income-from-continuous-operations,net-income,ebitda,ebit,basic-shares-outstanding,shares-outstanding,eps-basic-net-earnings-per-share,eps-earnings-per-share-diluted,cash-on-hand,inventory,other-current-assets,total-current-assets,net-property-plant-equipment,long-term-investments,goodwill-intangible-assets-total,other-long-term-assets,total-long-term-assets,total-assets,total-current-liabilities,long-term-debt,other-non-current-liabilities,total-long-term-liabilities,total-liabilities,common-stock-net,retained-earnings-accumulated-deficit,comprehensive-income,total-share-holder-equity,total-liabilities-share-holders-equity,net-income-loss,total-depreciation-amortization-cash-flow,other-non-cash-items,total-non-cash-items,change-in-accounts-receivable,change-in-inventories,change-in-accounts-payable,change-in-assets-liabilities,total-change-in-assets-liabilities,cash-flow-from-operating-activities,net-change-in-property-plant-equipment,net-change-in-intangible-assets,net-acquisitions-divestitures,net-change-in-short-term-investments,net-change-in-long-term-investments,net-change-in-investments-total,investing-activities-other,cash-flow-from-investing-activities,net-long-term-debt,net-current-debt,debt-issuance-retirement-net-total,net-common-equity-issued-repurchased,net-total-equity-issued-repurchased,total-common-preferred-stock-dividends-paid,financial-activities-other,cash-flow-from-financial-activities,net-cash-flow,stock-based-compensation,common-stock-dividends-paid
0,2018-09-30,42.18,$17.96,2.35,$7.31,5.77,$4.74,8.91,$1.28,32.95,$0.20B,$0.01B,21.02,$0.00B,$0.26B,0.0,$0.11B,$0.08B,69.44%,$0.11B,$0.02B,20.37%,$0.11B,$0.02B,20.37%,$0.11B,$0.03B,25.93%,$0.11B,$0.02B,21.30%,$0.11B,$0.02B,17.59%,$0.02B,$0.26B,7.39%,$0.02B,$0.24B,7.94%,$0.02B,$0.27B,6.90%,$0.02B,$0.26B,8.55%,$27,$8,$19,$4,$6,$18,$9,$1,$9,$1,$8,$8,$8,$10,$9,$14,14,$0.53,$0.53,$149,$24,$0,$196,$55,$0,$18,$1,$74,$269,$9,$0,$1,$5,$14,$0,$211,$-5,$255,$269,$11,$4,$13,$17,$3,$-6,$-2,$1,$-4,$25,$-4,$0,$0,$-43,$0,$-43,$0,$-48,$0,$0,$0,$-27,$-27,$0,$-2,$-29,$-51,$10,$0
1,2018-06-30,32.0,$16.91,1.89,$7.25,4.42,$5.12,6.25,$1.21,26.45,$0.19B,$0.01B,15.24,$0.00B,$0.25B,0.0,$0.11B,$0.08B,71.30%,$0.11B,$0.02B,21.30%,$0.11B,$0.02B,21.30%,$0.11B,$0.03B,26.85%,$0.11B,$0.03B,23.15%,$0.11B,$0.02B,16.67%,$0.02B,$0.25B,7.01%,$0.02B,$0.23B,7.56%,$0.02B,$0.27B,6.52%,$0.02B,$0.25B,8.96%,$31,$8,$22,$5,$6,$19,$11,$0,$12,$1,$10,$10,$10,$13,$11,$15,15,$0.69,$0.68,$139,$24,$0,$191,$55,$0,$18,$1,$74,$265,$13,$0,$1,$6,$19,$0,$203,$-5,$247,$265,$3,$3,$13,$16,$2,$-6,$-0,$1,$-5,$14,$-3,$0,$0,$11,$0,$11,$0,$7,$0,$0,$0,$-27,$-27,$0,$-2,$-29,$-7,$9,$0
2,2018-03-31,49.72,$17.89,2.78,$7.42,6.7,$5.58,8.9,$1.29,38.54,$0.21B,$0.01B,14.74,$0.00B,$0.26B,0.0,$0.11B,$0.08B,74.55%,$0.11B,$0.03B,27.27%,$0.11B,$0.03B,27.27%,$0.11B,$0.04B,31.82%,$0.11B,$0.03B,28.18%,$0.11B,$0.02B,17.27%,$0.02B,$0.26B,7.42%,$0.02B,$0.25B,8.00%,$0.02B,$0.28B,6.88%,$0.03B,$0.26B,11.72%,$21,$8,$13,$5,$16,$29,$-8,$0,$-8,$-1,$-7,$-7,$-7,$-6,$-8,$15,15,$-0.46,$-0.46,$163,$23,$0,$208,$56,$0,$19,$1,$76,$284,$14,$0,$1,$6,$21,$0,$193,$-4,$264,$284,$-7,$1,$11,$12,$6,$-4,$-0,$1,$4,$10,$-3,$0,$0,$3,$0,$3,$0,$0,$0,$0,$0,$1,$1,$0,$-2,$-1,$9,$8,$0
3,2017-12-31,53.91,$17.94,3.01,$7.53,7.16,$6.02,8.95,$2.12,25.43,$0.21B,$0.01B,15.78,$0.00B,$0.26B,0.0,$0.11B,$0.09B,76.79%,$0.11B,$0.05B,41.07%,$0.11B,$0.05B,41.07%,$0.11B,$0.05B,44.64%,$0.11B,$0.05B,41.96%,$0.11B,$0.03B,27.68%,$0.03B,$0.26B,12.53%,$0.03B,$0.25B,13.51%,$0.03B,$0.28B,11.61%,$0.05B,$0.26B,18.59%,$29,$9,$21,$4,$7,$20,$10,$0,$10,$2,$8,$8,$8,$11,$10,$15,15,$0.55,$0.52,$157,$22,$0,$206,$56,$0,$19,$1,$76,$283,$13,$0,$1,$6,$19,$0,$200,$-5,$263,$283,$32,$4,$7,$11,$3,$-7,$4,$-2,$-2,$41,$-9,$0,$0,$-4,$0,$-4,$0,$-12,$0,$0,$0,$0,$0,$0,$0,$0,$29,$6,$0
4,2017-09-30,58.0,$17.28,3.36,$7.48,7.76,$4.60,12.61,$2.13,27.23,$0.20B,$0.01B,17.0,$0.00B,$0.25B,0.0,$0.11B,$0.09B,76.79%,$0.11B,$0.05B,43.75%,$0.11B,$0.05B,43.75%,$0.11B,$0.05B,47.32%,$0.11B,$0.05B,44.64%,$0.11B,$0.03B,27.68%,$0.03B,$0.25B,13.05%,$0.03B,$0.23B,14.12%,$0.03B,$0.27B,12.10%,$0.05B,$0.25B,20.63%,$27,$6,$21,$6,$5,$17,$10,$0,$11,$4,$7,$7,$7,$11,$10,$15,15,$0.47,$0.46,$153,$20,$0,$199,$54,$0,$19,$1,$74,$273,$12,$0,$1,$8,$20,$0,$191,$-5,$253,$273,$24,$3,$5,$9,$4,$-5,$2,$-1,$1,$34,$-7,$0,$0,$-5,$0,$-5,$0,$-12,$0,$0,$0,$0,$0,$0,$0,$0,$23,$4,$0
5,2017-06-30,49.34,$16.66,2.96,$7.39,6.68,$3.17,15.55,$2.26,21.83,$0.19B,$0.01B,14.35,$0.00B,$0.24B,0.0,$0.11B,$0.09B,77.48%,$0.11B,$0.05B,47.75%,$0.11B,$0.05B,47.75%,$0.11B,$0.06B,51.35%,$0.11B,$0.05B,47.75%,$0.11B,$0.03B,29.73%,$0.03B,$0.24B,14.47%,$0.03B,$0.23B,15.71%,$0.03B,$0.27B,13.43%,$0.05B,$0.24B,23.25%,$33,$6,$27,$4,$5,$16,$18,$0,$18,$6,$11,$11,$11,$19,$18,$15,15,$0.78,$0.76,$143,$18,$0,$193,$52,$0,$18,$1,$72,$265,$13,$0,$0,$7,$21,$0,$185,$-6,$244,$265,$17,$2,$3,$5,$-2,$-2,$2,$-0,$-0,$22,$-4,$0,$0,$-5,$0,$-5,$0,$-8,$0,$0,$0,$0,$0,$0,$0,$0,$14,$2,$0
6,2017-03-31,43.44,$15.70,2.77,$6.92,6.27,$1.80,24.09,$2.07,20.99,$0.18B,$0.01B,17.33,$0.00B,$0.23B,0.0,$0.11B,$0.08B,76.19%,$0.11B,$0.05B,45.71%,$0.11B,$0.05B,45.71%,$0.11B,$0.05B,49.52%,$0.11B,$0.05B,46.67%,$0.11B,$0.03B,29.52%,$0.03B,$0.23B,14.22%,$0.03B,$0.21B,15.37%,$0.03B,$0.25B,13.18%,$0.05B,$0.23B,22.02%,$23,$6,$17,$4,$5,$15,$8,$0,$8,$3,$5,$5,$5,$9,$8,$15,15,$0.38,$0.37,$139,$16,$0,$177,$52,$0,$17,$1,$70,$247,$10,$0,$0,$7,$17,$0,$173,$-7,$230,$247,$5,$1,$2,$3,$7,$-0,$2,$1,$7,$15,$-2,$0,$0,$1,$0,$1,$0,$-0,$0,$0,$0,$0,$0,$0,$0,$0,$15,$1,$0
7,2016-12-31,48.96,$15.23,3.21,$6.83,7.17,$0.99,49.29,$2.15,22.77,$0.17B,$0.01B,19.37,$0.00B,$0.22B,0.0,$0.10B,$0.08B,76.92%,$0.10B,$0.05B,49.04%,$0.10B,$0.05B,49.04%,$0.10B,$0.06B,52.88%,$0.10B,$0.05B,50.00%,$0.10B,$0.03B,31.73%,$0.03B,$0.22B,15.77%,$0.03B,$0.21B,17.14%,$0.03B,$0.24B,14.54%,$0.05B,$0.22B,24.37%,$29,$8,$21,$3,$5,$16,$13,$0,$13,$5,$8,$8,$8,$14,$13,$15,15,$0.56,$0.54,$125,$16,$0,$170,$52,$0,$17,$0,$70,$240,$9,$0,$2,$9,$17,$0,$168,$-7,$223,$240,$33,$4,$4,$8,$-6,$-2,$-5,$-1,$-16,$24,$-14,$0,$0,$7,$0,$7,$0,$-7,$0,$0,$0,$-24,$-24,$0,$0,$-24,$-6,$3,$0
8,2016-09-30,47.85,$14.67,3.26,$6.94,6.89,$2.31,20.75,$2.33,20.54,$0.16B,$0.01B,21.23,$0.00B,$0.22B,0.0,$0.11B,$0.08B,79.25%,$0.11B,$0.06B,51.89%,$0.11B,$0.06B,51.89%,$0.11B,$0.06B,55.66%,$0.11B,$0.06B,52.83%,$0.11B,$0.04B,33.96%,$0.04B,$0.22B,17.45%,$0.04B,$0.20B,19.02%,$0.04B,$0.23B,15.93%,$0.06B,$0.22B,26.67%,$26,$5,$21,$3,$4,$12,$14,$0,$14,$5,$9,$9,$9,$15,$14,$15,15,$0.61,$0.59,$120,$18,$0,$161,$51,$0,$19,$0,$70,$231,$8,$0,$3,$9,$17,$0,$160,$-6,$215,$231,$24,$3,$2,$5,$-0,$-3,$-5,$0,$-11,$18,$-13,$0,$0,$6,$0,$6,$0,$-7,$0,$0,$0,$-24,$-24,$0,$0,$-24,$-13,$2,$0
9,2016-06-30,53.65,$13.83,3.88,$6.78,7.92,$3.34,16.04,$2.29,23.43,$0.16B,$0.01B,14.7,$0.00B,$0.20B,0.0,$0.10B,$0.08B,78.85%,$0.10B,$0.05B,51.92%,$0.10B,$0.05B,51.92%,$0.10B,$0.06B,55.77%,$0.10B,$0.06B,52.88%,$0.10B,$0.04B,33.65%,$0.04B,$0.20B,17.28%,$0.04B,$0.19B,18.92%,$0.04B,$0.22B,15.63%,$0.05B,$0.20B,26.67%,$27,$6,$21,$3,$4,$13,$13,$0,$14,$5,$9,$9,$9,$14,$13,$15,15,$0.59,$0.57,$112,$17,$0,$155,$49,$0,$11,$0,$68,$223,$11,$0,$1,$8,$18,$0,$151,$-6,$204,$223,$16,$2,$1,$3,$-3,$-2,$-4,$1,$-12,$7,$-10,$0,$0,$5,$0,$5,$0,$-5,$0,$0,$0,$-24,$-24,$0,$0,$-24,$-22,$1,$0
10,2016-03-31,44.72,$13.23,3.38,$6.51,6.87,$4.43,10.1,$2.23,20.05,$0.15B,$0.01B,13.61,$0.00B,$0.20B,0.0,$0.10B,$0.08B,79.00%,$0.10B,$0.05B,53.00%,$0.10B,$0.05B,53.00%,$0.10B,$0.06B,57.00%,$0.10B,$0.05B,53.00%,$0.10B,$0.03B,34.00%,$0.03B,$0.20B,17.06%,$0.03B,$0.18B,18.97%,$0.03B,$0.21B,15.44%,$0.05B,$0.20B,26.60%,$22,$5,$17,$2,$4,$12,$11,$0,$11,$4,$7,$7,$7,$12,$11,$15,15,$0.46,$0.45,$116,$16,$0,$148,$47,$0,$20,$0,$67,$214,$11,$0,$1,$8,$19,$0,$143,$-6,$195,$214,$7,$1,$1,$2,$7,$-1,$-4,$-0,$-1,$8,$-6,$0,$0,$5,$0,$5,$0,$-2,$0,$0,$0,$-24,$-24,$0,$0,$-24,$-18,$1,$0
11,2015-12-31,38.16,$14.02,2.72,$6.07,6.29,$4.56,8.36,$2.01,18.99,$0.18B,$0.02B,10.21,$0.00B,$0.21B,0.0,$0.09B,$0.07B,77.66%,$0.09B,$0.05B,51.06%,$0.09B,$0.05B,51.06%,$0.09B,$0.05B,54.26%,$0.09B,$0.05B,51.06%,$0.09B,$0.03B,32.98%,$0.03B,$0.21B,15.82%,$0.03B,$0.19B,17.66%,$0.03B,$0.24B,14.34%,$0.05B,$0.21B,24.49%,$31,$6,$25,$3,$5,$14,$17,$0,$17,$6,$11,$11,$11,$18,$17,$15,15,$0.74,$0.72,$138,$15,$0,$176,$40,$0,$19,$0,$59,$236,$17,$0,$1,$8,$25,$0,$136,$-7,$211,$236,$31,$4,$2,$6,$-5,$-3,$6,$-0,$3,$40,$-9,$0,$0,$-21,$0,$-21,$0,$-30,$0,$0,$0,$1,$1,$0,$0,$1,$11,$2,$0
12,2015-09-30,31.83,$13.31,2.39,$5.58,5.71,$5.08,6.27,$1.80,17.68,$0.17B,$0.01B,12.71,$0.00B,$0.20B,0.0,$0.09B,$0.07B,76.74%,$0.09B,$0.04B,50.00%,$0.09B,$0.04B,50.00%,$0.09B,$0.05B,53.49%,$0.09B,$0.04B,50.00%,$0.09B,$0.03B,32.56%,$0.03B,$0.20B,14.91%,$0.03B,$0.18B,16.84%,$0.03B,$0.22B,13.63%,$0.04B,$0.20B,22.90%,$24,$5,$19,$2,$3,$11,$13,$0,$13,$5,$8,$8,$8,$14,$13,$15,15,$0.56,$0.55,$130,$12,$0,$168,$34,$0,$21,$0,$55,$223,$13,$0,$1,$10,$23,$0,$125,$-6,$200,$223,$20,$3,$1,$4,$-7,$0,$1,$0,$0,$24,$-2,$0,$0,$-15,$0,$-15,$0,$-17,$0,$0,$0,$1,$1,$0,$1,$2,$8,$2,$0
13,2015-06-30,33.03,$12.70,2.6,$5.46,6.05,$5.23,6.31,$1.65,20.02,$0.16B,$0.01B,19.57,$0.00B,$0.19B,0.0,$0.08B,$0.06B,75.00%,$0.08B,$0.04B,47.62%,$0.08B,$0.04B,47.62%,$0.08B,$0.04B,51.19%,$0.08B,$0.04B,47.62%,$0.08B,$0.03B,30.95%,$0.03B,$0.19B,14.42%,$0.03B,$0.17B,16.48%,$0.03B,$0.21B,13.27%,$0.04B,$0.19B,22.19%,$23,$5,$18,$2,$3,$10,$12,$0,$12,$5,$8,$8,$8,$13,$12,$15,15,$0.52,$0.51,$122,$12,$0,$156,$32,$0,$21,$0,$52,$208,$8,$0,$1,$9,$17,$0,$116,$-6,$191,$208,$11,$2,$-0,$2,$-2,$0,$1,$0,$2,$15,$-1,$0,$0,$-12,$0,$-12,$0,$-13,$0,$0,$0,$1,$1,$0,$1,$2,$4,$1,$0
14,2015-03-31,41.17,$12.12,3.4,$5.66,7.27,$5.44,7.57,$1.74,23.66,$0.15B,$0.01B,23.7,$0.00B,$0.18B,0.0,$0.09B,$0.07B,75.86%,$0.09B,$0.04B,49.43%,$0.09B,$0.04B,49.43%,$0.09B,$0.05B,52.87%,$0.09B,$0.04B,49.43%,$0.09B,$0.03B,31.03%,$0.03B,$0.18B,15.61%,$0.03B,$0.16B,18.12%,$0.03B,$0.20B,14.30%,$0.04B,$0.18B,24.86%,$16,$4,$11,$2,$4,$10,$6,$0,$6,$2,$4,$4,$4,$6,$6,$15,15,$0.24,$0.23,$112,$13,$0,$146,$31,$0,$21,$0,$52,$198,$6,$0,$1,$10,$16,$0,$108,$-7,$182,$198,$4,$1,$-1,$0,$1,$-0,$1,$1,$0,$4,$-0,$0,$0,$-6,$0,$-6,$0,$-6,$0,$0,$0,$1,$1,$0,$1,$2,$-0,$1,$0
15,2014-12-31,40.74,$11.99,3.4,$6.84,5.95,$6.06,6.72,$2.48,16.43,$0.14B,$0.01B,23.08,$0.00B,$0.18B,0.0,$0.11B,$0.09B,80.95%,$0.11B,$0.06B,58.10%,$0.11B,$0.06B,58.10%,$0.11B,$0.07B,61.90%,$0.11B,$0.06B,58.10%,$0.11B,$0.04B,36.19%,$0.04B,$0.18B,22.79%,$0.04B,$0.16B,26.95%,$0.04B,$0.19B,20.79%,$0.06B,$0.18B,36.58%,$23,$6,$18,$2,$4,$11,$12,$0,$12,$4,$8,$8,$8,$13,$12,$15,15,$0.52,$0.54,$107,$12,$0,$138,$32,$0,$23,$0,$55,$193,$6,$0,$1,$9,$15,$0,$105,$-4,$178,$193,$38,$5,$-7,$-2,$1,$-2,$-1,$-2,$4,$40,$-2,$0,$0,$-7,$0,$-7,$0,$-8,$0,$0,$0,$2,$2,$0,$3,$5,$37,$2,$0
16,2014-09-30,36.66,$11.47,3.2,$6.75,5.43,$5.22,7.02,$2.41,15.21,$0.13B,$0.01B,20.0,$0.00B,$0.17B,0.0,$0.10B,$0.08B,79.61%,$0.10B,$0.06B,57.28%,$0.10B,$0.06B,57.28%,$0.10B,$0.06B,62.14%,$0.10B,$0.06B,57.28%,$0.10B,$0.04B,35.92%,$0.04B,$0.17B,23.68%,$0.04B,$0.15B,28.68%,$0.04B,$0.19B,21.33%,$0.06B,$0.17B,37.76%,$22,$6,$16,$2,$4,$12,$10,$0,$10,$4,$6,$6,$6,$11,$10,$15,15,$0.42,$0.40,$92,$14,$0,$129,$32,$0,$25,$0,$57,$185,$6,$0,$1,$9,$16,$0,$97,$-4,$170,$185,$31,$4,$-8,$-4,$-2,$-3,$-1,$-2,$-1,$25,$-1,$0,$0,$-20,$0,$-20,$0,$-21,$0,$0,$0,$1,$1,$0,$3,$4,$8,$1,$0
17,2014-06-30,46.33,$10.97,4.22,$6.51,7.12,$4.81,9.62,$2.34,19.8,$0.12B,$0.01B,16.32,$0.00B,$0.16B,0.0,$0.10B,$0.08B,78.79%,$0.10B,$0.06B,57.58%,$0.10B,$0.06B,57.58%,$0.10B,$0.06B,62.63%,$0.10B,$0.06B,57.58%,$0.10B,$0.04B,36.36%,$0.04B,$0.16B,24.70%,$0.04B,$0.14B,30.57%,$0.04B,$0.18B,21.62%,$0.06B,$0.16B,38.64%,$26,$5,$21,$2,$4,$11,$15,$0,$15,$6,$9,$9,$9,$16,$15,$15,15,$0.63,$0.60,$85,$14,$0,$120,$32,$0,$27,$0,$60,$179,$7,$0,$1,$9,$17,$0,$91,$-2,$162,$179,$24,$2,$-9,$-6,$-0,$-3,$-1,$-2,$-0,$18,$-1,$0,$0,$0,$0,$0,$0,$-1,$0,$0,$0,$1,$1,$0,$3,$4,$22,$1,$0
18,2014-03-31,41.1,$10.71,3.84,$6.24,6.58,$4.38,9.39,$2.14,19.21,$0.11B,$0.01B,14.72,$0.00B,$0.16B,0.0,$0.09B,$0.07B,76.60%,$0.09B,$0.05B,54.26%,$0.09B,$0.05B,54.26%,$0.09B,$0.06B,59.57%,$0.09B,$0.05B,54.26%,$0.09B,$0.03B,35.11%,$0.03B,$0.16B,24.44%,$0.03B,$0.13B,30.84%,$0.03B,$0.17B,20.79%,$0.05B,$0.16B,36.76%,$34,$4,$30,$2,$3,$10,$24,$0,$24,$9,$15,$15,$15,$25,$24,$14,15,$1.04,$0.97,$82,$13,$0,$113,$33,$0,$28,$0,$61,$174,$8,$0,$1,$10,$17,$0,$82,$-2,$157,$174,$15,$1,$-4,$-3,$2,$-2,$0,$-3,$2,$14,$-0,$0,$0,$0,$0,$0,$0,$-0,$0,$0,$0,$1,$1,$0,$4,$6,$19,$0,$0
19,2013-12-31,38.16,$9.49,4.02,$5.11,7.47,$3.95,9.67,$1.38,27.65,$0.10B,$0.01B,10.19,$0.00B,$0.14B,0.0,$0.08B,$0.05B,69.33%,$0.08B,$0.03B,42.67%,$0.08B,$0.03B,42.67%,$0.08B,$0.04B,49.33%,$0.08B,$0.03B,42.67%,$0.08B,$0.02B,28.00%,$0.02B,$0.14B,16.94%,$0.02B,$0.11B,21.88%,$0.02B,$0.16B,13.95%,$0.03B,$0.14B,24.71%,$21,$6,$15,$2,$2,$11,$10,$-0,$10,$4,$7,$7,$7,$12,$10,$14,15,$0.43,$0.45,$63,$11,$0,$95,$33,$0,$28,$0,$61,$156,$9,$0,$1,$11,$20,$0,$67,$-2,$136,$156,$21,$5,$3,$8,$2,$-3,$1,$-3,$-3,$25,$-0,$0,$0,$0,$0,$0,$0,$-0,$-10,$0,$-10,$3,$3,$0,$1,$-6,$19,$1,$0
20,2013-09-30,23.89,$8.99,2.66,$5.25,4.55,$2.90,8.25,$1.25,19.11,$0.10B,$0.01B,9.17,$0.01B,$0.13B,0.05,$0.08B,$0.05B,67.53%,$0.08B,$0.03B,38.96%,$0.08B,$0.03B,38.96%,$0.08B,$0.03B,44.16%,$0.08B,$0.03B,38.96%,$0.08B,$0.02B,23.38%,$0.02B,$0.13B,15.35%,$0.02B,$0.10B,20.17%,$0.02B,$0.16B,12.24%,$0.03B,$0.14B,24.05%,$18,$5,$12,$2,$3,$10,$8,$-0,$8,$3,$5,$5,$5,$9,$8,$14,15,$0.36,$0.33,$64,$12,$0,$95,$33,$0,$28,$0,$62,$157,$10,$7,$1,$18,$29,$0,$60,$-2,$128,$157,$14,$4,$0,$4,$5,$-3,$0,$-2,$-0,$17,$0,$0,$0,$0,$0,$0,$0,$0,$-1,$0,$-1,$3,$3,$0,$1,$2,$20,$1,$0
21,2013-06-30,17.0,$8.52,2.0,$5.09,3.34,$2.04,8.34,$1.03,16.5,$0.09B,$0.01B,7.39,$0.01B,$0.12B,0.06,$0.07B,$0.05B,64.86%,$0.07B,$0.03B,33.78%,$0.07B,$0.03B,33.78%,$0.07B,$0.03B,39.19%,$0.07B,$0.03B,33.78%,$0.07B,$0.02B,20.27%,$0.02B,$0.12B,13.51%,$0.02B,$0.09B,18.18%,$0.02B,$0.15B,10.60%,$0.03B,$0.13B,21.01%,$21,$6,$15,$2,$3,$11,$9,$-0,$9,$3,$6,$6,$6,$10,$9,$14,15,$0.44,$0.40,$54,$10,$0,$86,$34,$0,$28,$0,$62,$148,$12,$7,$1,$17,$29,$0,$55,$-3,$119,$148,$9,$2,$1,$3,$2,$-2,$1,$-1,$-2,$10,$0,$0,$0,$0,$0,$0,$0,$0,$-1,$0,$-1,$1,$1,$0,$0,$0,$10,$1,$0
22,2013-03-31,14.52,$8.06,1.8,$5.02,2.89,$1.53,9.47,$0.89,16.31,$0.08B,$0.01B,7.33,$0.01B,$0.11B,0.07,$0.07B,$0.05B,61.64%,$0.07B,$0.02B,30.14%,$0.07B,$0.02B,30.14%,$0.07B,$0.03B,35.62%,$0.07B,$0.02B,30.14%,$0.07B,$0.01B,17.81%,$0.01B,$0.11B,12.21%,$0.01B,$0.09B,16.83%,$0.01B,$0.14B,9.39%,$0.02B,$0.12B,19.17%,$15,$5,$10,$2,$4,$10,$5,$-0,$5,$2,$3,$3,$3,$6,$5,$13,14,$0.23,$0.21,$51,$10,$0,$79,$34,$0,$28,$0,$63,$141,$11,$8,$1,$18,$29,$0,$49,$-3,$113,$141,$3,$1,$0,$2,$6,$-2,$1,$-0,$1,$6,$0,$0,$0,$0,$0,$0,$0,$0,$-0,$0,$-0,$1,$1,$0,$0,$1,$7,$0,$0
23,2012-12-31,9.94,$7.86,1.27,$4.98,2.0,$0.97,10.27,$0.82,12.12,$0.08B,$0.01B,5.35,$0.01B,$0.11B,0.07,$0.07B,$0.04B,59.72%,$0.07B,$0.02B,27.78%,$0.07B,$0.02B,27.78%,$0.07B,$0.02B,33.33%,$0.07B,$0.02B,27.78%,$0.07B,$0.01B,16.67%,$0.01B,$0.11B,11.68%,$0.01B,$0.08B,16.55%,$0.01B,$0.14B,8.79%,$0.02B,$0.12B,17.94%,$23,$7,$15,$1,$4,$15,$8,$-0,$8,$3,$4,$4,$4,$9,$8,$13,14,$0.34,$0.31,$44,$8,$0,$77,$35,$0,$29,$0,$65,$142,$14,$8,$2,$19,$33,$0,$46,$-3,$109,$142,$12,$5,$4,$8,$-4,$-2,$-3,$-3,$-9,$11,$-2,$0,$0,$0,$0,$0,$0,$-2,$-2,$0,$-2,$0,$0,$0,$0,$-1,$8,$1,$0
24,2012-09-30,15.02,$7.50,2.0,$4.74,3.17,$0.98,15.41,$0.72,20.86,$0.07B,$0.01B,5.63,$0.01B,$0.10B,0.08,$0.07B,$0.04B,58.21%,$0.07B,$0.02B,25.37%,$0.07B,$0.02B,25.37%,$0.07B,$0.02B,31.34%,$0.07B,$0.02B,25.37%,$0.07B,$0.01B,16.42%,$0.01B,$0.10B,11.08%,$0.01B,$0.07B,16.12%,$0.01B,$0.14B,8.19%,$0.02B,$0.11B,15.70%,$15,$7,$8,$1,$4,$12,$3,$-0,$3,$1,$2,$2,$2,$4,$3,$13,14,$0.12,$0.11,$40,$9,$0,$68,$36,$0,$30,$0,$66,$135,$12,$8,$2,$19,$31,$0,$42,$-3,$103,$135,$7,$3,$0,$4,$1,$-2,$-2,$-2,$-5,$6,$-1,$0,$0,$0,$0,$0,$0,$-1,$-1,$0,$-1,$0,$0,$0,$0,$-0,$4,$1,$0
25,2012-06-30,13.59,$7.32,1.86,$5.06,2.69,$0.81,16.85,$0.83,16.37,$0.07B,$0.02B,4.58,$0.01B,$0.10B,0.09,$0.07B,$0.04B,60.00%,$0.07B,$0.02B,27.14%,$0.07B,$0.02B,27.14%,$0.07B,$0.02B,32.86%,$0.07B,$0.02B,27.14%,$0.07B,$0.01B,17.14%,$0.01B,$0.10B,12.40%,$0.01B,$0.07B,18.53%,$0.01B,$0.14B,9.02%,$0.02B,$0.11B,17.92%,$20,$8,$12,$1,$4,$13,$6,$-0,$6,$2,$4,$4,$4,$7,$6,$13,14,$0.28,$0.26,$38,$11,$0,$70,$36,$0,$30,$0,$67,$136,$15,$9,$2,$20,$36,$0,$40,$-4,$101,$136,$6,$2,$1,$3,$-1,$-4,$-0,$-1,$-5,$4,$-1,$0,$0,$0,$0,$0,$0,$-1,$-1,$0,$-1,$0,$0,$0,$0,$-0,$2,$1,$0
26,2012-03-31,12.54,$7.14,1.76,$4.88,2.57,$0.59,21.42,$0.74,16.95,$0.06B,$0.01B,4.97,$0.01B,$0.10B,0.09,$0.07B,$0.04B,59.09%,$0.07B,$0.02B,25.76%,$0.07B,$0.02B,25.76%,$0.07B,$0.02B,31.82%,$0.07B,$0.02B,25.76%,$0.07B,$0.01B,15.15%,$0.01B,$0.10B,10.61%,$0.01B,$0.07B,16.53%,$0.01B,$0.13B,7.59%,$0.02B,$0.11B,16.35%,$14,$6,$8,$2,$3,$11,$3,$-0,$3,$1,$2,$2,$2,$4,$3,$13,14,$0.15,$0.14,$34,$9,$0,$64,$37,$0,$32,$0,$69,$133,$13,$9,$2,$22,$35,$0,$36,$-2,$98,$133,$2,$1,$-0,$1,$0,$-2,$-0,$-1,$-4,$-2,$-0,$0,$0,$0,$0,$0,$0,$-0,$-0,$0,$-0,$0,$0,$0,$0,$0,$-2,$0,$0
27,2011-12-31,9.8,$6.95,1.41,$4.71,2.08,$0.81,12.11,$0.62,15.81,$0.06B,$0.02B,4.41,$0.01B,$0.10B,0.1,$0.06B,$0.04B,57.81%,$0.06B,$0.02B,23.44%,$0.06B,$0.02B,23.44%,$0.06B,$0.02B,28.13%,$0.06B,$0.02B,23.44%,$0.06B,$0.01B,12.50%,$0.01B,$0.10B,8.72%,$0.01B,$0.06B,14.10%,$0.01B,$0.13B,6.12%,$0.02B,$0.10B,14.74%,$18,$7,$11,$2,$5,$14,$5,$-0,$5,$2,$3,$3,$3,$6,$5,$13,14,$0.21,$0.21,$36,$7,$0,$64,$36,$0,$32,$0,$69,$133,$15,$10,$2,$24,$38,$0,$34,$-3,$95,$133,$8,$4,$5,$9,$-3,$0,$-7,$1,$-7,$10,$-1,$0,$0,$0,$0,$0,$0,$-1,$-2,$0,$-2,$0,$0,$0,$0,$-1,$8,$1,$0
28,2011-09-30,5.44,$6.82,0.8,$4.45,1.22,$0.54,10.03,$0.51,10.67,$0.06B,$0.02B,3.87,$0.01B,$0.09B,0.11,$0.06B,$0.03B,55.74%,$0.06B,$0.01B,19.67%,$0.06B,$0.01B,19.67%,$0.06B,$0.02B,24.59%,$0.06B,$0.01B,19.67%,$0.06B,$0.01B,9.84%,$0.01B,$0.09B,6.72%,$0.01B,$0.06B,11.21%,$0.01B,$0.13B,4.62%,$0.01B,$0.10B,12.03%,$18,$7,$11,$2,$5,$14,$5,$-0,$5,$2,$3,$3,$3,$6,$5,$13,14,$0.23,$0.22,$29,$8,$0,$59,$37,$0,$34,$0,$71,$130,$15,$10,$2,$22,$37,$0,$31,$-2,$93,$130,$6,$3,$3,$6,$-3,$1,$-6,$-1,$-8,$3,$-1,$0,$0,$0,$0,$0,$0,$-1,$-1,$0,$-1,$0,$0,$0,$0,$-1,$1,$1,$0
29,2011-06-30,7.12,$6.69,1.06,$4.13,1.73,$0.57,12.49,$0.38,18.74,$0.06B,$0.02B,3.31,$0.01B,$0.09B,0.11,$0.06B,$0.03B,54.39%,$0.06B,$0.01B,15.79%,$0.06B,$0.01B,15.79%,$0.06B,$0.01B,21.05%,$0.06B,$0.01B,15.79%,$0.06B,$0.00B,7.02%,$0.00B,$0.09B,4.60%,$0.00B,$0.05B,7.92%,$0.00B,$0.13B,3.08%,$0.01B,$0.10B,9.18%,$16,$7,$9,$2,$4,$12,$4,$-0,$4,$1,$2,$2,$2,$5,$4,$13,14,$0.18,$0.17,$27,$9,$0,$57,$37,$0,$37,$0,$74,$131,$17,$10,$2,$23,$40,$0,$28,$-0,$91,$131,$3,$2,$2,$4,$-2,$-1,$-3,$-2,$-7,$-0,$-1,$0,$0,$0,$0,$0,$0,$-1,$-1,$0,$-1,$0,$0,$0,$0,$-1,$-1,$1,$0
30,2011-03-31,8.96,$6.49,1.38,$4.01,2.23,$0.61,14.72,$0.29,30.9,$0.06B,$0.02B,3.05,$0.01B,$0.09B,0.12,$0.06B,$0.03B,56.36%,$0.06B,$0.01B,12.73%,$0.06B,$0.01B,12.73%,$0.06B,$0.01B,18.18%,$0.06B,$0.01B,12.73%,$0.06B,$0.00B,5.45%,$0.00B,$0.09B,3.56%,$0.00B,$0.05B,6.19%,$0.00B,$0.13B,2.34%,$0.01B,$0.10B,7.33%,$12,$6,$6,$2,$4,$11,$1,$-0,$1,$0,$0,$0,$0,$1,$1,$13,14,$0.03,$0.02,$29,$9,$0,$55,$37,$0,$36,$0,$74,$129,$18,$11,$2,$23,$41,$0,$26,$-1,$88,$129,$0,$1,$1,$2,$3,$-0,$-1,$-1,$-1,$1,$-0,$0,$0,$0,$0,$0,$0,$-0,$-0,$0,$-0,$0,$0,$0,$0,$-0,$1,$0,$0
31,2010-12-31,6.67,$6.32,1.06,$4.07,1.64,$0.46,14.36,$0.32,20.84,$0.06B,$0.02B,2.91,$0.01B,$0.09B,0.13,$0.06B,$0.03B,58.18%,$0.06B,$0.01B,12.73%,$0.06B,$0.01B,12.73%,$0.06B,$0.01B,20.00%,$0.06B,$0.01B,12.73%,$0.06B,$0.00B,7.27%,$0.00B,$0.09B,4.85%,$0.00B,$0.05B,8.60%,$0.00B,$0.13B,3.14%,$0.01B,$0.10B,7.41%,$15,$7,$8,$1,$4,$12,$2,$-0,$2,$1,$1,$1,$1,$3,$2,$13,14,$0.11,$0.10,$28,$9,$0,$56,$37,$0,$35,$0,$73,$129,$19,$11,$2,$24,$44,$0,$26,$-3,$85,$129,$4,$3,$4,$7,$-4,$-1,$6,$-2,$-4,$8,$-3,$0,$0,$0,$0,$0,$0,$-3,$-2,$0,$-2,$0,$0,$0,$0,$-1,$4,$1,$0
32,2010-09-30,6.01,$6.26,0.96,$3.91,1.54,$0.02,332.04,$0.28,21.46,$0.05B,$0.02B,2.95,$0.01B,$0.08B,0.14,$0.05B,$0.03B,60.78%,$0.05B,$0.01B,13.73%,$0.05B,$0.01B,13.73%,$0.05B,$0.01B,19.61%,$0.05B,$0.01B,13.73%,$0.05B,$0.00B,7.84%,$0.00B,$0.08B,4.89%,$0.00B,$0.05B,8.99%,$0.00B,$0.13B,3.14%,$0.01B,$0.10B,7.43%,$14,$6,$8,$2,$4,$12,$2,$-0,$2,$1,$1,$1,$1,$3,$2,$13,14,$0.09,$0.09,$26,$9,$0,$54,$36,$0,$37,$0,$76,$130,$18,$12,$2,$27,$45,$0,$24,$-2,$84,$130,$3,$2,$3,$5,$-3,$-2,$3,$-1,$-4,$4,$-2,$0,$0,$0,$0,$0,$0,$-2,$-1,$0,$-1,$0,$0,$0,$0,$-1,$1,$1,$0
33,2010-06-30,5.89,$5.92,0.99,$3.83,1.54,$-0.45,0.0,$0.32,18.41,$0.05B,$0.02B,3.12,$0.01B,$0.08B,0.15,$0.05B,$0.03B,62.50%,$0.05B,$0.01B,14.58%,$0.05B,$0.01B,14.58%,$0.05B,$0.01B,18.75%,$0.05B,$0.01B,14.58%,$0.05B,$0.01B,10.42%,$0.01B,$0.08B,6.51%,$0.01B,$0.05B,10.31%,$0.01B,$0.12B,4.20%,$0.01B,$0.09B,7.80%,$15,$6,$9,$2,$5,$13,$2,$-0,$2,$1,$1,$1,$1,$3,$2,$13,14,$0.08,$0.08,$24,$8,$0,$52,$36,$0,$34,$0,$73,$124,$16,$12,$2,$28,$44,$0,$23,$-5,$80,$124,$2,$2,$2,$4,$-5,$-1,$0,$-1,$-5,$1,$-1,$0,$0,$0,$0,$0,$0,$-1,$-1,$0,$-1,$0,$0,$0,$0,$-1,$-1,$1,$0
34,2010-03-31,7.11,$6.04,1.18,$3.59,1.98,$-0.68,0.0,$0.32,22.22,$0.05B,$0.02B,3.12,$0.01B,$0.08B,0.15,$0.04B,$0.03B,61.36%,$0.04B,$0.01B,13.64%,$0.04B,$0.01B,13.64%,$0.04B,$0.01B,18.18%,$0.04B,$0.01B,13.64%,$0.04B,$0.01B,11.36%,$0.01B,$0.08B,6.90%,$0.01B,$0.04B,9.52%,$0.01B,$0.13B,4.46%,$0.01B,$0.09B,7.00%,$12,$5,$7,$2,$4,$11,$1,$-0,$1,$0,$1,$1,$1,$2,$1,$13,14,$0.06,$0.05,$23,$9,$0,$50,$36,$0,$38,$0,$77,$127,$16,$12,$2,$30,$46,$0,$22,$-2,$81,$127,$1,$1,$1,$2,$-1,$-1,$1,$-1,$-3,$0,$-1,$0,$0,$0,$0,$0,$0,$-1,$-0,$0,$-0,$0,$0,$0,$0,$-0,$-1,$0,$0
35,2009-12-31,7.63,$6.12,1.25,$3.48,2.2,$-0.83,0.0,$0.32,23.84,$0.05B,$0.02B,3.02,$0.01B,$0.08B,0.16,$0.04B,$0.03B,63.41%,$0.04B,$0.01B,14.63%,$0.04B,$0.01B,14.63%,$0.04B,$0.01B,17.07%,$0.04B,$0.01B,14.63%,$0.04B,$0.01B,12.20%,$0.01B,$0.08B,7.41%,$0.01B,$0.04B,8.81%,$0.01B,$0.13B,4.81%,$0.01B,$0.10B,7.41%,$11,$4,$7,$1,$2,$9,$2,$-0,$2,$1,$1,$1,$1,$2,$2,$11,12,$0.06,$0.06,$24,$9,$0,$50,$36,$0,$40,$0,$80,$129,$17,$13,$2,$31,$47,$0,$21,$0,$82,$129,$4,$1,$3,$4,$-2,$-2,$0,$-3,$-5,$3,$-4,$0,$-16,$0,$0,$0,$0,$-20,$-2,$0,$-2,$0,$0,$0,$-0,$-2,$-19,$1,$0
36,2009-09-30,6.5,$5.62,1.16,$3.34,1.95,$-1.87,0.0,$0.36,18.06,$0.06B,$0.01B,5.97,$0.01B,$0.06B,0.21,$0.04B,$0.03B,64.10%,$0.04B,$0.01B,12.82%,$0.04B,$0.01B,12.82%,$0.04B,$0.01B,17.95%,$0.04B,$0.01B,12.82%,$0.04B,$0.01B,12.82%,$0.01B,$0.06B,8.03%,$0.01B,$0.06B,8.16%,$0.01B,$0.10B,5.22%,$0.01B,$0.08B,6.58%,$11,$4,$7,$2,$3,$9,$2,$-0,$2,$0,$2,$2,$2,$2,$2,$11,12,$0.13,$0.13,$39,$7,$0,$55,$34,$0,$1,$0,$41,$96,$9,$13,$1,$23,$32,$0,$21,$0,$64,$96,$3,$1,$1,$2,$-3,$-2,$1,$-2,$-5,$-0,$-3,$0,$0,$0,$0,$0,$0,$-3,$-1,$0,$-1,$0,$0,$0,$0,$-1,$-5,$1,$0
37,2009-06-30,4.75,$5.47,0.87,$3.21,1.48,$-2.67,0.0,$0.33,14.39,$0.06B,$0.01B,5.8,$0.01B,$0.06B,0.22,$0.04B,$0.02B,64.86%,$0.04B,$0.00B,10.81%,$0.04B,$0.00B,10.81%,$0.04B,$0.01B,18.92%,$0.04B,$0.00B,10.81%,$0.04B,$0.00B,10.81%,$0.00B,$0.06B,6.56%,$0.00B,$0.06B,6.67%,$0.00B,$0.10B,4.27%,$0.00B,$0.08B,5.46%,$10,$3,$6,$2,$3,$8,$1,$-0,$1,$0,$1,$1,$1,$2,$1,$11,12,$0.08,$0.08,$40,$7,$0,$55,$33,$0,$1,$0,$41,$96,$9,$14,$1,$24,$33,$0,$19,$0,$63,$96,$1,$1,$0,$1,$-1,$-2,$0,$-1,$-3,$-0,$-3,$0,$0,$0,$0,$0,$0,$-3,$-1,$0,$-1,$0,$0,$0,$0,$-1,$-4,$0,$0
38,2009-03-31,4.59,$5.36,0.86,$3.17,1.45,$-3.36,0.0,$0.32,14.34,$0.06B,$0.01B,6.08,$0.01B,$0.06B,0.23,$0.04B,$0.02B,63.89%,$0.04B,$0.00B,11.11%,$0.04B,$0.00B,11.11%,$0.04B,$0.01B,16.67%,$0.04B,$0.00B,11.11%,$0.04B,$0.00B,11.11%,$0.00B,$0.06B,6.69%,$0.00B,$0.06B,6.81%,$0.00B,$0.10B,4.36%,$0.00B,$0.08B,5.67%,$9,$3,$6,$2,$3,$8,$1,$0,$1,$0,$1,$1,$1,$1,$1,$11,11,$0.05,$0.05,$40,$6,$0,$55,$33,$0,$1,$0,$40,$95,$9,$14,$1,$25,$34,$0,$18,$0,$61,$95,$1,$0,$0,$1,$-1,$-0,$0,$-1,$-2,$-1,$-1,$0,$0,$0,$0,$0,$0,$-1,$-0,$0,$-0,$0,$0,$0,$0,$-0,$-3,$0,$0
39,2008-12-31,3.04,$5.34,0.57,$3.11,0.98,$-3.58,0.0,$0.32,9.5,$0.06B,$0.01B,6.18,$0.01B,$0.06B,0.24,$0.04B,$0.02B,61.11%,$0.04B,$0.00B,11.11%,$0.04B,$0.00B,11.11%,$0.04B,$0.01B,16.67%,$0.04B,$0.00B,11.11%,$0.04B,$0.00B,11.11%,$0.00B,$0.06B,6.84%,$0.00B,$0.06B,6.96%,$0.00B,$0.10B,4.51%,$0.00B,$0.08B,5.99%,$9,$3,$6,$2,$2,$8,$1,$0,$1,$0,$1,$1,$1,$2,$1,$11,11,$0.10,$0.10,$43,$6,$0,$56,$32,$0,$1,$1,$40,$96,$9,$14,$1,$26,$35,$0,$18,$0,$61,$96,$4,$1,$2,$3,$0,$-1,$-0,$-2,$-3,$3,$-16,$0,$0,$4,$0,$4,$-0,$-13,$16,$0,$16,$1,$1,$0,$0,$17,$7,$1,$0
40,2008-09-30,7.22,$5.22,1.38,$3.16,2.28,$-3.27,0.0,$0.37,19.51,$0.05B,$0.01B,5.2,$0.01B,$0.06B,0.13,$0.04B,$0.02B,59.46%,$0.04B,$0.01B,13.51%,$0.04B,$0.01B,13.51%,$0.04B,$0.01B,16.22%,$0.04B,$0.01B,16.22%,$0.04B,$0.01B,13.51%,$0.01B,$0.06B,8.77%,$0.01B,$0.06B,8.93%,$0.01B,$0.09B,5.92%,$0.01B,$0.07B,8.10%,$9,$4,$6,$2,$3,$8,$1,$0,$1,$0,$1,$1,$1,$2,$1,$11,11,$0.10,$0.10,$35,$5,$0,$49,$31,$0,$1,$1,$39,$88,$9,$7,$1,$20,$29,$0,$17,$0,$59,$88,$3,$1,$1,$2,$-1,$-1,$0,$-1,$-2,$2,$-15,$0,$0,$4,$0,$4,$0,$-11,$8,$0,$8,$0,$0,$0,$0,$9,$-1,$1,$0
41,2008-06-30,8.59,$5.08,1.69,$3.05,2.81,$-2.13,0.0,$0.43,19.98,$0.05B,$0.01B,4.97,$0.01B,$0.06B,0.13,$0.04B,$0.02B,58.33%,$0.04B,$0.01B,16.67%,$0.04B,$0.01B,16.67%,$0.04B,$0.01B,16.67%,$0.04B,$0.01B,19.44%,$0.04B,$0.01B,16.67%,$0.01B,$0.06B,10.81%,$0.01B,$0.06B,10.96%,$0.01B,$0.09B,7.25%,$0.01B,$0.07B,10.30%,$9,$4,$5,$2,$3,$8,$1,$0,$1,$0,$1,$1,$1,$1,$1,$11,12,$0.07,$0.07,$37,$5,$0,$50,$30,$0,$1,$1,$38,$88,$10,$8,$1,$20,$31,$0,$16,$0,$58,$88,$1,$1,$0,$1,$-0,$-0,$0,$-1,$-2,$1,$-12,$0,$0,$4,$0,$4,$0,$-8,$8,$0,$8,$0,$0,$0,$0,$9,$1,$1,$0
42,2008-03-31,8.48,$4.99,1.7,$2.89,2.94,$-1.26,0.0,$0.48,17.67,$0.05B,$0.01B,5.68,$0.00B,$0.06B,0.07,$0.03B,$0.02B,58.82%,$0.03B,$0.01B,17.65%,$0.03B,$0.01B,17.65%,$0.03B,$0.01B,20.59%,$0.03B,$0.01B,23.53%,$0.03B,$0.01B,17.65%,$0.01B,$0.06B,11.21%,$0.01B,$0.06B,11.32%,$0.01B,$0.08B,7.52%,$0.01B,$0.06B,11.01%,$9,$3,$5,$2,$3,$8,$1,$0,$1,$0,$1,$1,$1,$1,$1,$11,12,$0.05,$0.05,$39,$5,$0,$50,$24,$0,$1,$1,$32,$83,$9,$4,$1,$17,$26,$0,$15,$0,$56,$83,$1,$0,$0,$0,$3,$-1,$-4,$-0,$-2,$-1,$-4,$0,$0,$4,$0,$4,$0,$-0,$4,$0,$4,$0,$0,$0,$0,$4,$3,$0,$0
43,2007-12-31,14.55,$4.90,2.97,$2.70,5.39,$-0.88,0.0,$0.54,26.94,$0.05B,$0.01B,4.93,$0.00B,$0.06B,0.0,$0.03B,$0.02B,61.29%,$0.03B,$0.01B,19.35%,$0.03B,$0.01B,19.35%,$0.03B,$0.01B,22.58%,$0.03B,$0.01B,29.03%,$0.03B,$0.01B,19.35%,$0.01B,$0.06B,11.65%,$0.01B,$0.05B,11.71%,$0.01B,$0.08B,7.87%,$0.01B,$0.06B,11.65%,$10,$3,$6,$1,$3,$8,$2,$0,$3,$1,$2,$2,$2,$2,$2,$11,11,$0.16,$0.14,$39,$4,$0,$52,$19,$0,$1,$0,$27,$79,$11,$0,$0,$14,$25,$0,$14,$0,$55,$79,$6,$1,$1,$2,$-2,$1,$1,$-5,$-3,$4,$-14,$-1,$0,$-4,$0,$-4,$0,$-18,$0,$0,$0,$2,$2,$0,$1,$3,$-11,$1,$0
44,2007-09-30,20.81,$4.71,4.42,$2.39,8.72,$-0.01,0.0,$0.48,43.35,$0.06B,$0.01B,6.01,$0.00B,$0.05B,0.0,$0.03B,$0.02B,59.26%,$0.03B,$0.01B,18.52%,$0.03B,$0.01B,18.52%,$0.03B,$0.01B,22.22%,$0.03B,$0.01B,25.93%,$0.03B,$0.01B,18.52%,$0.01B,$0.05B,10.20%,$0.01B,$0.05B,10.20%,$0.01B,$0.08B,6.80%,$0.01B,$0.05B,10.20%,$8,$3,$5,$1,$2,$6,$2,$1,$2,$1,$2,$2,$2,$2,$2,$11,12,$0.16,$0.16,$50,$5,$0,$61,$12,$0,$0,$0,$20,$81,$10,$0,$0,$18,$29,$0,$12,$0,$53,$81,$4,$1,$0,$1,$-1,$1,$1,$1,$2,$7,$-6,$0,$0,$-4,$0,$-4,$0,$-10,$0,$0,$0,$2,$2,$0,$0,$2,$-1,$1,$0
45,2007-06-30,15.19,$4.52,3.36,$2.26,6.73,$0.07,205.55,$0.44,34.52,$0.06B,$0.01B,8.29,$0.00B,$0.05B,0.0,$0.03B,$0.02B,60.00%,$0.03B,$0.01B,20.00%,$0.03B,$0.01B,20.00%,$0.03B,$0.01B,24.00%,$0.03B,$0.01B,28.00%,$0.03B,$0.00B,16.00%,$0.00B,$0.05B,8.56%,$0.00B,$0.05B,8.56%,$0.00B,$0.08B,5.67%,$0.01B,$0.05B,10.70%,$7,$3,$4,$1,$2,$6,$1,$1,$2,$1,$1,$1,$1,$2,$1,$11,11,$0.12,$0.12,$48,$6,$0,$62,$5,$0,$0,$0,$13,$76,$8,$0,$0,$18,$25,$0,$11,$0,$50,$76,$3,$0,$0,$0,$-3,$-0,$2,$0,$-1,$2,$-3,$0,$0,$-4,$0,$-4,$0,$-6,$0,$0,$0,$1,$1,$0,$0,$2,$-2,$0,$0
46,2007-03-31,12.37,$4.34,2.85,$2.34,5.28,$0.19,65.62,$0.44,28.11,$0.06B,$0.01B,11.06,$0.00B,$0.05B,0.0,$0.03B,$0.02B,61.54%,$0.03B,$0.01B,23.08%,$0.03B,$0.01B,23.08%,$0.03B,$0.01B,23.08%,$0.03B,$0.01B,26.92%,$0.03B,$0.00B,15.38%,$0.00B,$0.05B,8.94%,$0.00B,$0.05B,8.94%,$0.00B,$0.07B,5.88%,$0.01B,$0.05B,13.41%,$6,$2,$4,$1,$2,$5,$1,$1,$2,$1,$1,$1,$1,$1,$1,$11,11,$0.11,$0.11,$47,$6,$0,$58,$4,$0,$0,$0,$11,$69,$5,$0,$0,$17,$22,$0,$9,$0,$48,$69,$1,$0,$0,$0,$1,$-1,$0,$-1,$-1,$0,$-1,$0,$0,$-4,$0,$-4,$0,$-4,$0,$0,$0,$1,$1,$0,$0,$1,$-3,$0,$0
47,2006-12-31,13.27,$4.22,3.14,$2.42,5.49,$0.15,86.45,$0.41,32.37,$0.06B,$0.01B,10.55,$0.00B,$0.05B,0.0,$0.03B,$0.02B,59.26%,$0.03B,$0.01B,22.22%,$0.03B,$0.01B,22.22%,$0.03B,$0.01B,22.22%,$0.03B,$0.01B,25.93%,$0.03B,$0.00B,14.81%,$0.00B,$0.05B,9.36%,$0.00B,$0.05B,9.36%,$0.00B,$0.07B,6.02%,$0.01B,$0.05B,14.04%,$6,$3,$3,$1,$1,$5,$1,$1,$1,$0,$1,$1,$1,$1,$1,$11,11,$0.10,$0.09,$47,$5,$0,$58,$3,$0,$0,$0,$11,$68,$5,$0,$0,$17,$23,$0,$8,$0,$45,$68,$5,$0,$1,$2,$-1,$-2,$-0,$-1,$-4,$2,$-1,$0,$0,$0,$0,$0,$0,$-1,$0,$0,$0,$1,$1,$0,$1,$2,$2,$1,$0
