,Date,Stock Price,Book Value per Share,Price to Book Ratio,TTM Sales per Share,Price to Sales Ratio,TTM FCF per Share,Price to FCF Ratio,TTM Net EPS,PE Ratio,Current Assets,Current Liabilities,Current Ratio,Long Term Debt,Shareholder's Equity_x,Debt to Equity Ratio,TTM Revenue_x,TTM Gross Profit,Gross Margin,TTM Revenue_y,TTM Operating Income,Operating Margin,TTM Revenue_x,TTM EBIT,EBIT Margin,TTM Revenue_y,TTM EBITDA,EBITDA Margin,TTM Revenue_x,TTM Pre-Tax Income,Pre-Tax Margin,TTM Revenue_y,TTM Net Income_x,Net Margin,TTM Net Income_y,Shareholder's Equity_y,Return on Equity,TTM Net Income_x,Tangible Equity,Return on Tangible Equity,TTM Net Income_y,Total Assets,Return on Assets,TTM Net Income,LT Investments & Debt,Return on Investment,revenue,cost-goods-sold,gross-profit,research-development-expenses,selling-general-administrative-expenses,operating-expenses,operating-income,total-non-operating-income-expense,pre-tax-income,total-provision-income-taxes,income-after-taxes,income-from-continuous-operations,net-income,ebitda,ebit,basic-shares-outstanding,shares-outstanding,eps-basic-net-earnings-per-share,eps-earnings-per-share-diluted,cash-on-hand,inventory,other-current-assets,total-current-assets,net-property-plant-equipment,long-term-investments,goodwill-intangible-assets-total,other-long-term-assets,total-long-term-assets,total-assets,total-current-liabilities,long-term-debt,other-non-current-liabilities,total-long-term-liabilities,total-liabilities,common-stock-net,retained-earnings-accumulated-deficit,comprehensive-income,total-share-holder-equity,total-liabilities-share-holders-equity,net-income-loss,total-depreciation-amortization-cash-flow,other-non-cash-items,total-non-cash-items,change-in-accounts-receivable,change-in-inventories,change-in-accounts-payable,change-in-assets-liabilities,total-change-in-assets-liabilities,cash-flow-from-operating-activities,net-change-in-property-plant-equipment,net-change-in-intangible-assets,net-acquisitions-divestitures,net-change-in-short-term-investments,net-change-in-long-term-investments,net-change-in-investments-total,investing-activities-other,cash-flow-from-investing-activities,net-long-term-debt,net-current-debt,debt-issuance-retirement-net-total,net-common-equity-issued-repurchased,net-total-equity-issued-repurchased,total-common-preferred-stock-dividends-paid,financial-activities-other,cash-flow-from-financial-activities,net-cash-flow,stock-based-compensation,common-stock-dividends-paid
0,2018-09-30,56.54,$16.23,3.48,$16.37,3.45,$9.64,5.86,$-0.41,0.0,$0.16B,$0.05B,3.34,$0.20B,$0.19B,1.04,$0.19B,$0.12B,62.30%,$0.19B,$0.03B,16.23%,$0.19B,$0.03B,16.23%,$0.19B,$0.06B,33.51%,$0.19B,$0.02B,8.90%,$0.19B,0,0.00%,$0.00B,$0.19B,0.00%,$0.00B,$-0.02B,0.00%,$0.00B,$0.44B,0.00%,$0.03B,$0.39B,8.12%,$51,$16,$35,$5,$12,$41,$10,$-4,$6,$1,$5,$5,$5,$19,$10,$12,12,$0.43,$0.42,$44,$40,$0,$157,$37,$0,$214,$6,$283,$439,$47,$200,$0,$200,$247,$0,$6,$1,$192,$439,$10,$25,$10,$35,$-8,$0,$0,$1,$-5,$40,$-5,$-5,$-17,$0,$0,$0,$0,$-27,$-2,$0,$-2,$2,$2,$0,$-0,$0,$13,$5,$0
1,2018-06-30,66.8,$15.65,4.27,$16.20,4.12,$8.10,8.25,$-0.01,0.0,$0.15B,$0.04B,3.84,$0.20B,$0.19B,1.08,$0.19B,$0.11B,59.04%,$0.19B,$0.03B,15.96%,$0.19B,$0.03B,15.96%,$0.19B,$0.06B,32.45%,$0.19B,$0.02B,9.04%,$0.19B,0,0.00%,$0.00B,$0.19B,0.00%,$0.00B,$-0.03B,0.00%,$0.00B,$0.42B,0.00%,$0.03B,$0.38B,8.17%,$47,$17,$31,$5,$10,$40,$7,$-4,$4,$1,$3,$3,$3,$16,$7,$12,12,$0.24,$0.23,$55,$38,$0,$152,$23,$0,$219,$6,$272,$424,$40,$199,$0,$199,$239,$0,$1,$0,$185,$424,$5,$17,$8,$24,$3,$0,$0,$3,$2,$32,$-3,$-5,$0,$0,$0,$0,$0,$-9,$-1,$0,$-1,$2,$2,$0,$-0,$1,$24,$3,$0
2,2018-03-31,58.22,$15.31,3.8,$16.03,3.63,$5.89,9.89,$-0.01,0.0,$0.14B,$0.04B,3.62,$0.20B,$0.18B,1.11,$0.19B,$0.10B,55.91%,$0.19B,$0.03B,16.13%,$0.19B,$0.03B,16.13%,$0.19B,$0.06B,31.72%,$0.19B,$0.02B,9.14%,$0.19B,0,0.00%,$0.00B,$0.18B,0.00%,$0.00B,$-0.04B,0.00%,$0.00B,$0.42B,0.00%,$0.03B,$0.38B,8.47%,$46,$21,$26,$2,$9,$40,$7,$-4,$3,$1,$2,$2,$2,$15,$7,$12,12,$0.19,$0.19,$52,$34,$0,$143,$22,$0,$224,$6,$275,$418,$40,$199,$0,$199,$238,$0,$-2,$0,$180,$418,$2,$8,$3,$11,$4,$3,$0,$1,$9,$23,$-2,$0,$0,$0,$0,$0,$0,$-2,$-1,$0,$-1,$1,$1,$0,$-0,$0,$21,$1,$0
3,2017-12-31,64.45,$14.99,4.3,$15.20,4.24,$4.50,14.32,$-0.10,0.0,$0.13B,$0.04B,3.36,$0.20B,$0.18B,1.13,$0.18B,$0.10B,55.37%,$0.18B,$0.03B,15.82%,$0.18B,$0.03B,15.82%,$0.18B,$0.06B,31.07%,$0.18B,$0.02B,9.04%,$0.18B,$-0.00B,-0.56%,$-0.00B,$0.18B,-0.57%,$-0.00B,$-0.06B,3.31%,$-0.00B,$0.41B,-0.27%,$0.03B,$0.37B,8.22%,$47,$20,$27,$3,$9,$40,$7,$-3,$4,$14,$-10,$-10,$-10,$14,$7,$12,12,$-0.83,$-0.82,$31,$38,$0,$132,$20,$0,$232,$6,$281,$412,$39,$198,$0,$198,$237,$0,$-4,$0,$175,$412,$-1,$28,$18,$46,$-13,$5,$0,$3,$-6,$39,$-10,$-98,$0,$0,$0,$0,$0,$-108,$75,$0,$75,$0,$0,$0,$-3,$72,$4,$6,$0
4,2017-09-30,52.49,$15.69,3.35,$14.41,3.64,$3.96,13.24,$0.64,82.02,$0.13B,$0.04B,3.45,$0.15B,$0.18B,0.83,$0.17B,$0.09B,54.76%,$0.17B,$0.02B,13.10%,$0.17B,$0.02B,13.10%,$0.17B,$0.05B,28.57%,$0.17B,$0.01B,5.95%,$0.17B,$0.01B,4.76%,$0.01B,$0.18B,4.56%,$0.01B,$-0.01B,-44.44%,$0.01B,$0.37B,2.27%,$0.02B,$0.33B,6.88%,$48,$21,$27,$3,$8,$39,$9,$-3,$6,$2,$5,$5,$5,$16,$9,$12,12,$0.41,$0.40,$18,$38,$0,$126,$17,$0,$192,$5,$245,$370,$36,$151,$0,$151,$188,$0,$6,$0,$183,$370,$9,$21,$6,$27,$-16,$5,$0,$1,$-12,$24,$-7,$-51,$0,$0,$0,$0,$0,$-58,$0,$25,$25,$-0,$-0,$0,$0,$25,$-9,$5,$0
5,2017-06-30,46.8,$15.16,3.09,$13.60,3.44,$3.59,13.05,$0.46,101.74,$0.11B,$0.03B,3.99,$0.15B,$0.18B,0.87,$0.16B,$0.09B,54.72%,$0.16B,$0.02B,13.21%,$0.16B,$0.02B,13.21%,$0.16B,$0.05B,28.93%,$0.16B,$0.01B,5.66%,$0.16B,$0.01B,3.77%,$0.01B,$0.18B,3.49%,$0.01B,$-0.02B,-28.24%,$0.01B,$0.36B,1.77%,$0.02B,$0.33B,6.81%,$45,$21,$24,$2,$7,$38,$7,$-3,$4,$1,$3,$3,$3,$14,$7,$12,12,$0.23,$0.23,$8,$42,$0,$113,$15,$0,$198,$5,$246,$359,$28,$154,$0,$154,$183,$0,$1,$0,$177,$359,$4,$14,$5,$19,$-10,$1,$0,$3,$-16,$7,$-4,$-51,$0,$0,$0,$0,$0,$-55,$0,$30,$30,$-0,$-0,$0,$0,$30,$-19,$3,$0
6,2017-03-31,49.51,$14.78,3.35,$12.47,3.97,$4.47,11.09,$0.33,150.03,$0.11B,$0.03B,3.3,$0.15B,$0.17B,0.89,$0.15B,$0.08B,57.24%,$0.15B,$0.02B,13.10%,$0.15B,$0.02B,13.10%,$0.15B,$0.04B,29.66%,$0.15B,$0.01B,4.83%,$0.15B,$0.00B,2.76%,$0.00B,$0.17B,2.37%,$0.00B,$-0.03B,-16.67%,$0.00B,$0.36B,1.22%,$0.02B,$0.33B,6.42%,$37,$16,$20,$2,$7,$32,$5,$-3,$2,$1,$1,$1,$1,$11,$5,$12,12,$0.10,$0.10,$11,$46,$0,$107,$13,$0,$205,$5,$250,$357,$32,$153,$0,$153,$185,$0,$-2,$0,$172,$357,$1,$7,$3,$9,$-1,$-3,$0,$-0,$-4,$7,$-2,$-51,$0,$0,$0,$0,$0,$-53,$0,$30,$30,$0,$0,$0,$0,$30,$-17,$1,$0
7,2016-12-31,60.62,$14.63,4.14,$11.12,5.45,$4.92,12.31,$0.35,173.2,$0.10B,$0.03B,3.22,$0.12B,$0.17B,0.71,$0.13B,$0.08B,62.02%,$0.13B,$0.02B,15.50%,$0.13B,$0.02B,15.50%,$0.13B,$0.04B,32.56%,$0.13B,$0.01B,6.20%,$0.13B,$0.00B,3.10%,$0.00B,$0.17B,2.41%,$0.00B,$-0.01B,-30.77%,$0.00B,$0.32B,1.29%,$0.02B,$0.29B,7.05%,$38,$17,$21,$0,$7,$37,$1,$-3,$-2,$-1,$-1,$-1,$-1,$7,$1,$11,12,$-0.10,$-0.10,$27,$26,$0,$103,$11,$0,$178,$5,$220,$323,$32,$121,$1,$121,$153,$0,$-3,$0,$170,$323,$4,$22,$11,$33,$-24,$-2,$0,$2,$-10,$27,$-5,$-144,$0,$0,$0,$0,$0,$-149,$0,$0,$0,$-1,$-1,$0,$0,$-1,$-122,$6,$0
8,2016-09-30,66.35,$14.57,4.56,$9.38,7.07,$4.25,15.61,$0.69,96.16,$0.10B,$0.03B,3.13,$0.12B,$0.17B,0.7,$0.11B,$0.07B,66.97%,$0.11B,$0.03B,22.94%,$0.11B,$0.03B,22.94%,$0.11B,$0.04B,39.45%,$0.11B,$0.01B,12.84%,$0.11B,$0.01B,7.34%,$0.01B,$0.17B,4.90%,$0.01B,$-0.02B,66.67%,$0.01B,$0.32B,2.66%,$0.03B,$0.29B,8.94%,$39,$17,$22,$1,$7,$31,$8,$-3,$5,$3,$3,$3,$3,$14,$8,$11,12,$0.22,$0.22,$16,$28,$0,$95,$10,$0,$191,$5,$224,$319,$30,$119,$1,$120,$151,$0,$-2,$0,$169,$319,$5,$17,$9,$26,$-26,$-4,$0,$1,$-15,$15,$-3,$-144,$0,$0,$0,$0,$0,$-148,$0,$0,$0,$-1,$-1,$0,$0,$-1,$-134,$5,$0
9,2016-06-30,55.82,$14.21,3.93,$7.79,7.16,$4.19,13.31,$0.86,64.91,$0.08B,$0.03B,3.23,$0.12B,$0.16B,0.71,$0.09B,$0.07B,75.56%,$0.09B,$0.03B,27.78%,$0.09B,$0.03B,27.78%,$0.09B,$0.04B,43.33%,$0.09B,$0.02B,16.67%,$0.09B,$0.01B,11.11%,$0.01B,$0.16B,6.25%,$0.01B,$-0.03B,25.64%,$0.01B,$0.31B,3.42%,$0.03B,$0.28B,9.08%,$31,$12,$20,$1,$8,$26,$5,$-3,$2,$1,$1,$1,$1,$11,$5,$11,12,$0.10,$0.10,$15,$25,$0,$80,$9,$0,$197,$5,$228,$308,$25,$117,$3,$119,$144,$0,$-4,$0,$164,$308,$2,$11,$6,$17,$-14,$-1,$0,$-1,$-5,$14,$-2,$-144,$0,$0,$0,$0,$0,$-147,$0,$0,$0,$-2,$-2,$0,$-0,$-2,$-135,$3,$0
10,2016-03-31,33.66,$13.97,2.41,$6.77,4.97,$3.31,10.17,$1.07,31.46,$0.12B,$0.02B,7.19,$0.12B,$0.16B,0.72,$0.08B,$0.06B,81.01%,$0.08B,$0.03B,35.44%,$0.08B,$0.03B,35.44%,$0.08B,$0.04B,48.10%,$0.08B,$0.02B,24.05%,$0.08B,$0.01B,16.46%,$0.01B,$0.16B,8.31%,$0.01B,$0.01B,17.81%,$0.01B,$0.29B,4.60%,$0.03B,$0.28B,10.34%,$21,$3,$17,$1,$6,$15,$6,$-3,$3,$2,$1,$1,$1,$10,$6,$11,11,$0.12,$0.12,$78,$14,$0,$117,$8,$0,$149,$0,$175,$292,$16,$115,$0,$115,$131,$0,$-6,$0,$160,$292,$1,$5,$3,$7,$-1,$-1,$0,$0,$2,$11,$-1,$-84,$0,$0,$0,$0,$0,$-86,$0,$0,$0,$-2,$-2,$0,$0,$-2,$-77,$1,$0
11,2015-12-31,45.13,$13.91,3.24,$6.60,6.83,$2.56,17.63,$1.33,33.93,$0.19B,$0.01B,16.38,$0.11B,$0.16B,0.71,$0.08B,$0.06B,81.82%,$0.08B,$0.03B,41.56%,$0.08B,$0.03B,41.56%,$0.08B,$0.04B,50.65%,$0.08B,$0.02B,29.87%,$0.08B,$0.02B,20.78%,$0.02B,$0.16B,10.47%,$0.02B,$0.09B,16.93%,$0.02B,$0.29B,5.80%,$0.03B,$0.27B,12.02%,$18,$4,$14,$1,$5,$12,$6,$-3,$4,$1,$3,$3,$3,$8,$6,$11,12,$0.25,$0.24,$155,$13,$0,$193,$7,$0,$68,$0,$93,$285,$12,$113,$0,$113,$125,$0,$-4,$0,$160,$285,$15,$7,$9,$16,$-5,$-6,$0,$1,$-14,$17,$-2,$-31,$0,$0,$0,$0,$0,$-33,$0,$0,$0,$1,$1,$0,$0,$1,$-14,$4,$0
12,2015-09-30,39.51,$13.56,2.91,$6.95,5.69,$3.15,12.55,$2.90,13.62,$0.20B,$0.01B,16.2,$0.12B,$0.16B,0.74,$0.08B,$0.07B,82.50%,$0.08B,$0.04B,46.25%,$0.08B,$0.04B,46.25%,$0.08B,$0.04B,53.75%,$0.08B,$0.03B,36.25%,$0.08B,$0.03B,42.50%,$0.03B,$0.16B,23.01%,$0.03B,$0.09B,35.60%,$0.03B,$0.28B,12.60%,$0.04B,$0.27B,14.27%,$20,$3,$17,$1,$5,$12,$8,$-3,$6,$1,$5,$5,$5,$10,$8,$11,12,$0.40,$0.39,$151,$14,$0,$198,$6,$0,$70,$0,$86,$283,$12,$115,$0,$115,$127,$0,$-7,$0,$156,$283,$12,$5,$8,$13,$-4,$-6,$0,$-0,$-13,$13,$-1,$-31,$0,$0,$0,$0,$0,$-32,$0,$0,$0,$1,$1,$0,$0,$1,$-18,$3,$0
13,2015-06-30,62.05,$13.06,4.75,$6.76,9.18,$3.08,20.12,$3.10,20.02,$0.21B,$0.01B,30.07,$0.11B,$0.15B,0.76,$0.08B,$0.06B,81.82%,$0.08B,$0.04B,48.05%,$0.08B,$0.04B,48.05%,$0.08B,$0.04B,54.55%,$0.08B,$0.03B,40.26%,$0.08B,$0.04B,46.75%,$0.04B,$0.15B,26.97%,$0.04B,$0.10B,41.14%,$0.04B,$0.27B,15.93%,$0.04B,$0.26B,17.11%,$20,$3,$16,$1,$6,$11,$8,$-3,$6,$2,$4,$4,$4,$10,$8,$11,12,$0.31,$0.31,$167,$13,$0,$209,$5,$0,$46,$0,$61,$270,$7,$114,$0,$114,$121,$0,$-12,$0,$150,$270,$8,$3,$5,$8,$-2,$-5,$0,$0,$-14,$2,$-0,$-5,$0,$0,$0,$0,$0,$-5,$0,$0,$0,$0,$0,$0,$0,$0,$-2,$2,$0
14,2015-03-31,62.55,$12.70,4.93,$5.66,11.05,$3.51,17.81,$2.58,24.24,$0.20B,$0.01B,22.37,$0.11B,$0.15B,0.78,$0.06B,$0.05B,81.25%,$0.06B,$0.03B,42.19%,$0.06B,$0.03B,42.19%,$0.06B,$0.03B,46.88%,$0.06B,$0.02B,35.94%,$0.06B,$0.03B,46.88%,$0.03B,$0.15B,25.21%,$0.03B,$0.10B,38.10%,$0.03B,$0.27B,16.46%,$0.03B,$0.26B,15.56%,$19,$3,$16,$0,$5,$9,$10,$-3,$7,$3,$4,$4,$4,$11,$10,$11,12,$0.38,$0.38,$166,$11,$0,$203,$5,$0,$47,$0,$63,$266,$9,$112,$0,$112,$121,$0,$-15,$0,$145,$266,$4,$1,$3,$4,$-0,$-3,$0,$0,$-7,$1,$-0,$-5,$0,$0,$0,$0,$0,$-5,$0,$0,$0,$0,$0,$0,$0,$0,$-3,$1,$0
15,2014-12-31,56.39,$12.26,4.6,$5.12,11.01,$3.93,14.35,$2.53,22.29,$0.20B,$0.01B,14.74,$0.11B,$0.14B,0.76,$0.06B,$0.04B,78.57%,$0.06B,$0.02B,35.71%,$0.06B,$0.02B,35.71%,$0.06B,$0.02B,41.07%,$0.06B,$0.02B,35.71%,$0.06B,$0.03B,51.79%,$0.03B,$0.14B,27.42%,$0.03B,$0.10B,40.56%,$0.03B,$0.26B,20.71%,$0.02B,$0.25B,15.12%,$21,$4,$17,$1,$5,$10,$11,$-1,$10,$-11,$21,$21,$21,$12,$11,$11,11,$1.90,$1.88,$169,$8,$0,$195,$5,$0,$44,$0,$65,$260,$13,$107,$0,$107,$120,$0,$-20,$0,$140,$260,$29,$4,$-10,$-7,$-5,$-3,$0,$0,$-0,$22,$-1,$-35,$0,$0,$0,$0,$0,$-36,$138,$0,$138,$48,$48,$0,$-15,$172,$158,$3,$0
16,2014-09-30,28.28,$8.78,3.22,$5.30,5.34,$0.92,30.78,$1.07,26.43,$0.06B,$0.01B,7.07,$0.00B,$0.10B,0.0,$0.05B,$0.04B,76.09%,$0.05B,$0.01B,26.09%,$0.05B,$0.01B,26.09%,$0.05B,$0.02B,32.61%,$0.05B,$0.01B,28.26%,$0.05B,$0.01B,23.91%,$0.01B,$0.10B,13.58%,$0.01B,$0.05B,20.09%,$0.01B,$0.11B,12.75%,$0.01B,$0.10B,14.81%,$17,$3,$14,$1,$4,$9,$8,$0,$8,$2,$7,$7,$7,$9,$8,$11,11,$0.59,$0.59,$35,$7,$0,$58,$5,$0,$45,$0,$50,$108,$8,$0,$0,$0,$8,$0,$-41,$0,$99,$108,$8,$3,$3,$5,$-2,$-3,$0,$-0,$-2,$11,$-1,$-35,$0,$0,$0,$0,$0,$-35,$0,$0,$0,$48,$48,$0,$0,$48,$24,$3,$0
17,2014-06-30,34.44,$8.09,4.26,$4.59,7.51,$-0.30,0.0,$0.61,56.46,$0.07B,$0.00B,17.54,$0.00B,$0.09B,0.0,$0.04B,$0.03B,70.27%,$0.04B,$0.01B,13.51%,$0.04B,$0.01B,13.51%,$0.04B,$0.01B,18.92%,$0.04B,$0.01B,16.22%,$0.04B,$0.01B,13.51%,$0.01B,$0.09B,7.63%,$0.01B,$0.07B,10.58%,$0.01B,$0.10B,7.14%,$0.01B,$0.09B,7.63%,$7,$2,$5,$1,$5,$9,$-2,$-0,$-2,$-0,$-2,$-2,$-2,$-2,$-2,$11,11,$-0.21,$-0.21,$53,$6,$0,$67,$5,$0,$24,$0,$28,$95,$4,$0,$0,$0,$4,$0,$-47,$0,$92,$95,$1,$1,$2,$3,$5,$-2,$0,$0,$3,$7,$-0,$-13,$0,$0,$0,$0,$0,$-13,$0,$0,$0,$48,$48,$0,$0,$48,$42,$2,$0
18,2014-03-31,31.35,$8.15,3.84,$9.33,3.36,$-1.87,0.0,$-5.20,0.0,$0.07B,$0.01B,14.9,$0.00B,$0.09B,0.0,$0.04B,$0.03B,69.44%,$0.04B,$0.00B,8.33%,$0.04B,$0.00B,8.33%,$0.04B,$0.01B,13.89%,$0.04B,$0.00B,8.33%,$0.04B,0,0.00%,$0.00B,$0.09B,0.00%,$0.00B,$0.07B,0.00%,$0.00B,$0.10B,0.00%,$0.00B,$0.09B,5.85%,$11,$3,$8,$0,$4,$7,$3,$0,$4,$0,$3,$3,$3,$4,$3,$10,10,$0.33,$0.33,$51,$5,$0,$68,$5,$0,$24,$0,$29,$97,$5,$0,$0,$0,$5,$0,$-45,$0,$92,$97,$3,$1,$0,$1,$2,$-2,$0,$0,$1,$5,$-0,$-13,$0,$0,$0,$0,$0,$-13,$0,$0,$0,$48,$48,$0,$0,$48,$40,$0,$0
19,2013-12-31,20.08,$4.25,4.72,$8.24,2.44,$-2.38,0.0,$-6.07,0.0,$0.03B,$0.00B,7.83,$0.00B,$0.04B,0.0,$0.03B,$0.02B,64.52%,$0.03B,0,0.00%,$0.03B,0,0.00%,$0.03B,$0.00B,6.45%,$0.03B,$-0.00B,-3.23%,$0.03B,$-0.01B,-16.13%,$-0.01B,$0.04B,-14.39%,$-0.01B,$0.03B,-19.61%,$-0.01B,$0.05B,-12.12%,$0.00B,$0.04B,0.00%,$11,$3,$8,$1,$3,$7,$3,$0,$3,$0,$3,$3,$3,$4,$3,$5,5,$4.98,$4.98,$11,$4,$0,$28,$5,$0,$12,$0,$17,$45,$4,$0,$0,$0,$4,$0,$-48,$0,$41,$45,$0,$1,$4,$6,$-7,$-1,$0,$-0,$-11,$-5,$-0,$0,$0,$0,$0,$0,$20,$20,$0,$-4,$-4,$0,$0,$0,$0,$-4,$11,$4,$0
20,2013-09-30,9.77,$3.87,2.53,$6.16,1.59,$-1.26,0.0,$-7.39,0.0,$0.03B,$0.01B,3.96,$0.00B,$0.04B,0.0,$0.03B,$0.02B,56.67%,$0.03B,$0.00B,13.33%,$0.03B,$0.00B,13.33%,$0.03B,$0.01B,16.67%,$0.03B,$0.01B,16.67%,$0.03B,$-0.00B,-6.67%,$-0.00B,$0.04B,-7.69%,$-0.00B,$0.02B,-10.13%,$-0.00B,$0.04B,-5.97%,$0.00B,$0.04B,15.38%,$8,$3,$5,$0,$3,$7,$1,$0,$1,$-0,$1,$1,$1,$1,$1,$9,9,$0.13,$0.13,$13,$3,$0,$26,$5,$0,$13,$0,$17,$43,$7,$0,$0,$0,$7,$0,$-52,$0,$37,$43,$-3,$1,$4,$5,$-4,$0,$0,$-0,$-5,$-3,$-0,$0,$0,$0,$0,$0,$18,$18,$0,$-4,$-4,$-0,$-0,$0,$0,$-4,$11,$4,$0
21,2013-06-30,6.0,$3.72,1.61,$2294.43,0.0,$152.72,0.04,$-9.14,0.0,$0.02B,$0.01B,3.91,$0.00B,$0.04B,0.0,$0.03B,$0.02B,55.56%,$0.03B,$0.00B,11.11%,$0.03B,$0.00B,11.11%,$0.03B,$0.00B,14.81%,$0.03B,$0.00B,14.81%,$0.03B,$-0.01B,-22.22%,$-0.01B,$0.04B,-24.24%,$-0.01B,$0.02B,-27.59%,$-0.01B,$0.04B,-17.91%,$0.00B,$0.04B,12.12%,$6,$2,$4,$0,$7,$10,$-4,$-1,$-5,$0,$-5,$-5,$-7,$-4,$-4,$1,1,$-6.03,$-6.03,$15,$3,$0,$24,$5,$0,$13,$0,$18,$42,$6,$0,$0,$0,$6,$0,$-53,$0,$35,$42,$-4,$0,$5,$5,$-1,$0,$0,$0,$-2,$-1,$-0,$0,$0,$0,$0,$0,$18,$18,$0,$-4,$-4,$-0,$-0,$0,$0,$-4,$13,$4,$0
22,2013-03-31,7.02,$6.38,1.1,$9698.81,0.0,$153.69,0.05,$-5.28,0.0,$0.03B,$0.01B,3.42,$0.00B,$0.03B,0.0,$0.03B,$0.01B,53.85%,$0.03B,$0.01B,30.77%,$0.03B,$0.01B,30.77%,$0.03B,$0.01B,34.62%,$0.03B,$0.01B,34.62%,$0.03B,0,0.00%,$0.00B,$0.03B,0.00%,$0.00B,$0.03B,0.00%,$0.00B,$0.04B,0.00%,$0.01B,$0.03B,33.68%,$6,$2,$3,$0,$2,$5,$0,$-0,$0,$0,$0,$0,$-2,$1,$0,$0,0,$0.00,$0.00,$32,$0,$0,$32,$0,$3,$0,$0,$3,$35,$9,$0,$0,$0,$9,$273,$-247,$0,$26,$35,$0,$0,$0,$0,$-0,$-0,$0,$0,$-1,$-0,$-0,$0,$0,$0,$0,$0,$0,$-0,$0,$0,$0,$0,$0,$0,$0,$0,$0,$0,$0
23,2012-12-31,7.38,$1.48,4.99,$9698.84,0.0,$151.29,0.05,$-7.98,0.0,$0.01B,$0.01B,1.11,$0.00B,$-0.04B,0.0,$0.02B,$0.01B,55.00%,$0.02B,$0.00B,5.00%,$0.02B,$0.00B,5.00%,$0.02B,$0.00B,5.00%,$0.02B,$-0.00B,-5.00%,$0.02B,$-0.01B,-40.00%,$-0.01B,$0.01B,-29.91%,$-0.01B,$0.01B,-29.91%,$-0.01B,$0.01B,-20.13%,$0.00B,$0.01B,3.42%,$10,$5,$5,$-4,$3,$4,$7,$2,$9,$-0,$9,$9,$6,$7,$7,$0,0,$0.00,$0.00,$0,$3,$0,$9,$5,$0,$0,$0,$5,$14,$8,$0,$0,$0,$8,$0,$-44,$0,$6,$14,$-2,$1,$1,$1,$-0,$-1,$0,$-0,$-0,$-0,$-0,$0,$0,$0,$0,$0,$0,$-0,$0,$1,$1,$0,$0,$0,$-1,$0,$0,$0,$0
24,2012-09-30,11.34,$7.91,1.43,$9698.88,0.0,$133.51,0.08,$-9.18,0.0,$0.04B,$0.01B,3.53,$0.00B,$0.03B,0.0,$0.01B,$0.01B,60.00%,$0.01B,$-0.01B,-140.00%,$0.01B,$-0.01B,-140.00%,$0.01B,$-0.01B,-140.00%,$0.01B,$-0.02B,-170.00%,$0.01B,$-0.02B,-210.00%,$-0.02B,$0.03B,-60.43%,$-0.02B,$0.03B,-60.43%,$-0.02B,$0.04B,-40.58%,$-0.01B,$0.03B,-33.73%,$5,$2,$3,$0,$3,$5,$-0,$-0,$-0,$-0,$-0,$-0,$-3,$-0,$-0,$0,0,$-1295.10,$-1295.10,$38,$0,$0,$39,$1,$3,$0,$0,$5,$43,$11,$0,$0,$0,$11,$273,$-241,$0,$32,$43,$-0,$0,$1,$1,$-1,$-0,$0,$0,$-1,$0,$-0,$0,$0,$0,$0,$0,$0,$-0,$0,$0,$0,$0,$0,$0,$-1,$-0,$0,$0,$0
25,2012-06-30,15.3,$9.18,1.67,$7409.85,0.0,$-33.13,0.0,$-11.88,0.0,$0.04B,$0.02B,2.62,$0.00B,$0.03B,0.0,$0.01B,$0.00B,60.00%,$0.01B,$-0.03B,-540.00%,$0.01B,$-0.03B,-540.00%,$0.01B,$-0.03B,-540.00%,$0.01B,$-0.03B,-600.00%,$0.01B,$-0.03B,-620.00%,$-0.03B,$0.03B,-82.12%,$-0.03B,$0.03B,-82.12%,$-0.03B,$0.05B,-51.88%,$-0.03B,$0.03B,-54.82%,$5,$2,$3,$0,$2,$5,$1,$-1,$0,$0,$0,$0,$-1,$1,$1,$0,0,$-1644.86,$-1644.86,$42,$0,$0,$43,$1,$3,$0,$0,$4,$47,$16,$0,$0,$0,$16,$266,$-235,$0,$31,$47,$-0,$0,$1,$1,$-0,$-1,$0,$0,$-1,$1,$-0,$0,$0,$0,$0,$0,$0,$-0,$0,$0,$0,$0,$0,$0,$-1,$-0,$0,$0,$0
26,2012-03-31,24.48,$11.28,2.17,$0.17,143.02,$-42.67,0.0,$-15.47,0.0,$0.05B,$0.01B,8.25,$0.01B,$0.04B,0.28,$0.00B,0,nan%,$0.00B,$-0.04B,inf%,$0.00B,$-0.04B,inf%,$0.00B,$-0.04B,inf%,$0.00B,$-0.05B,inf%,$0.00B,$-0.05B,inf%,$-0.05B,$0.04B,-136.36%,$-0.05B,$0.04B,-136.36%,$-0.05B,$0.06B,-76.60%,$-0.04B,$0.05B,-83.25%,$0,$0,$0,$5,$2,$7,$-7,$-3,$-10,$0,$-10,$-10,$-10,$-7,$-7,$3,3,$-3.18,$-3.18,$49,$0,$0,$50,$1,$3,$0,$0,$4,$55,$6,$10,$0,$10,$17,$266,$-228,$0,$38,$55,$-10,$0,$4,$4,$0,$0,$0,$0,$-1,$-8,$-0,$0,$0,$-0,$0,$-0,$0,$-0,$0,$0,$0,$0,$0,$0,$0,$0,$-8,$0,$0
27,2011-12-31,18.08,$12.37,1.46,$0.16,112.92,$-44.81,0.0,$-19.43,0.0,$0.06B,$0.01B,8.03,$0.02B,$0.04B,0.46,$0.00B,0,nan%,$0.00B,$-0.05B,inf%,$0.00B,$-0.05B,inf%,$0.00B,$-0.05B,inf%,$0.00B,$-0.05B,inf%,$0.00B,$-0.05B,inf%,$-0.05B,$0.04B,-173.33%,$-0.05B,$0.04B,-173.33%,$-0.05B,$0.06B,-87.76%,$-0.05B,$0.06B,-103.63%,$0,$0,$0,$7,$2,$9,$-8,$2,$-7,$0,$-7,$-7,$-7,$-8,$-8,$3,3,$-1.56,$-1.56,$57,$0,$0,$58,$1,$3,$0,$0,$4,$62,$7,$17,$0,$17,$25,$255,$-217,$0,$38,$62,$-52,$0,$2,$2,$0,$0,$0,$2,$2,$-48,$-1,$0,$0,$0,$0,$0,$0,$-1,$0,$-1,$-1,$69,$69,$0,$0,$68,$19,$1,$0
28,2011-09-30,82.08,$14.44,5.68,$0.20,418.12,$-48.96,0.0,$-23.75,0.0,$0.07B,$0.01B,6.13,$0.02B,$0.04B,0.44,$0.00B,0,nan%,$0.00B,$-0.06B,inf%,$0.00B,$-0.06B,inf%,$0.00B,$-0.06B,inf%,$0.00B,$-0.06B,inf%,$0.00B,$-0.06B,inf%,$-0.06B,$0.04B,-229.70%,$-0.06B,$0.04B,-229.70%,$-0.06B,$0.08B,-105.45%,$-0.06B,$0.06B,-125.71%,$0,$0,$0,$12,$2,$13,$-13,$0,$-13,$0,$-13,$-13,$-13,$-13,$-13,$3,3,$-4.38,$-4.38,$70,$0,$0,$71,$1,$3,$0,$0,$4,$75,$12,$19,$0,$19,$31,$255,$-211,$0,$44,$75,$-45,$0,$3,$3,$0,$0,$0,$2,$5,$-37,$-1,$0,$0,$0,$0,$0,$0,$-1,$0,$0,$0,$69,$69,$0,$0,$69,$31,$1,$0
29,2011-06-30,99.0,$4.41,22.43,$0.16,621.7,$-49.11,0.0,$-25.19,0.0,$0.04B,$0.01B,3.32,$0.02B,$0.01B,1.71,$0.00B,0,nan%,$0.00B,$-0.05B,inf%,$0.00B,$-0.05B,inf%,$0.00B,$-0.05B,inf%,$0.00B,$-0.06B,inf%,$0.00B,$-0.06B,inf%,$-0.06B,$0.01B,-316.67%,$-0.06B,$0.01B,-316.67%,$-0.06B,$0.04B,-122.58%,$-0.05B,$0.03B,-145.21%,$0,$0,$0,$11,$2,$13,$-13,$-2,$-15,$0,$-15,$-15,$-15,$-13,$-13,$3,3,$-5.76,$-5.76,$37,$0,$0,$38,$1,$3,$0,$0,$5,$43,$11,$20,$0,$20,$31,$209,$-198,$0,$12,$43,$-32,$0,$3,$3,$0,$0,$0,$1,$5,$-24,$-1,$0,$0,$0,$0,$0,$0,$-1,$0,$0,$0,$24,$24,$0,$0,$24,$-1,$1,$0
30,2011-03-31,71.28,$10.01,7.12,$0.13,555.92,$-47.96,0.0,$-25.55,0.0,$0.05B,$0.01B,4.16,$0.02B,$0.03B,0.69,$0.00B,0,nan%,$0.00B,$-0.05B,inf%,$0.00B,$-0.05B,inf%,$0.00B,$-0.05B,inf%,$0.00B,$-0.05B,inf%,$0.00B,$-0.05B,inf%,$-0.05B,$0.03B,-243.68%,$-0.05B,$0.03B,-243.68%,$-0.05B,$0.06B,-108.72%,$-0.05B,$0.04B,-125.00%,$0,$0,$0,$15,$2,$17,$-16,$-1,$-17,$0,$-17,$-17,$-17,$-16,$-16,$2,2,$-7.20,$-7.20,$51,$0,$0,$52,$1,$3,$0,$0,$4,$57,$13,$18,$0,$18,$31,$209,$-183,$0,$26,$57,$-17,$0,$1,$1,$0,$0,$0,$1,$6,$-10,$-0,$0,$0,$0,$0,$0,$0,$-0,$0,$0,$0,$24,$24,$0,$0,$24,$13,$0,$0
31,2010-12-31,59.04,$8.43,7.01,$1.56,37.82,$-47.36,0.0,$-25.19,0.0,$0.04B,$0.01B,4.96,$0.02B,$0.02B,0.91,$0.00B,$0.00B,100.00%,$0.00B,$-0.04B,-2150.00%,$0.00B,$-0.04B,-2150.00%,$0.00B,$-0.04B,-2150.00%,$0.00B,$-0.05B,-2350.00%,$0.00B,$-0.05B,-2350.00%,$-0.05B,$0.02B,-223.81%,$-0.05B,$0.02B,-223.81%,$-0.05B,$0.05B,-101.62%,$-0.04B,$0.04B,-109.55%,$0,$0,$0,$12,$1,$13,$-13,$-0,$-13,$0,$-13,$-13,$-13,$-13,$-13,$2,2,$-6.54,$-6.54,$38,$0,$0,$41,$1,$3,$0,$0,$4,$45,$8,$17,$0,$17,$26,$185,$-166,$0,$19,$45,$-46,$0,$3,$3,$0,$0,$0,$-0,$3,$-40,$-0,$0,$0,$0,$0,$0,$0,$-0,$0,$0,$0,$48,$48,$0,$0,$48,$8,$1,$0
32,2010-09-30,60.48,$7.74,7.82,$2.61,23.17,$-45.15,0.0,$-48.94,0.0,$0.04B,$0.01B,5.17,$0.02B,$0.02B,1.2,$0.00B,$0.00B,100.00%,$0.00B,$-0.06B,-2066.67%,$0.00B,$-0.06B,-2066.67%,$0.00B,$-0.06B,-2066.67%,$0.00B,$-0.07B,-2200.00%,$0.00B,$-0.07B,-2200.00%,$-0.07B,$0.02B,-325.93%,$-0.07B,$0.02B,-325.93%,$-0.07B,$0.04B,-150.00%,$-0.06B,$0.03B,-162.09%,$0,$0,$0,$10,$2,$11,$-11,$-0,$-12,$0,$-12,$-12,$-12,$-11,$-11,$2,2,$-5.76,$-5.76,$36,$0,$0,$37,$1,$3,$0,$0,$4,$41,$7,$18,$0,$18,$25,$168,$-152,$0,$15,$41,$-33,$0,$3,$3,$0,$0,$0,$1,$4,$-26,$-0,$0,$0,$0,$0,$0,$0,$-0,$0,$0,$0,$32,$32,$0,$0,$32,$6,$1,$0
33,2010-06-30,63.36,$13.46,4.71,$2.60,24.4,$-46.76,0.0,$-50.74,0.0,$0.05B,$0.01B,7.07,$0.02B,$0.03B,0.69,$0.00B,$0.00B,100.00%,$0.00B,$-0.06B,-1900.00%,$0.00B,$-0.06B,-1900.00%,$0.00B,$-0.06B,-1900.00%,$0.00B,$-0.06B,-2000.00%,$0.00B,$-0.06B,-2000.00%,$-0.06B,$0.03B,-311.69%,$-0.06B,$0.03B,-311.69%,$-0.06B,$0.05B,-158.94%,$-0.06B,$0.05B,-175.38%,$0,$0,$0,$9,$2,$10,$-10,$-1,$-11,$0,$-11,$-11,$-11,$-10,$-10,$2,2,$-6.12,$-6.12,$46,$0,$0,$47,$1,$4,$0,$0,$4,$52,$7,$18,$0,$18,$25,$167,$-141,$0,$27,$52,$-21,$0,$2,$2,$0,$0,$0,$1,$4,$-15,$-0,$0,$0,$0,$0,$0,$0,$-0,$0,$0,$0,$32,$32,$0,$0,$32,$17,$0,$0
34,2010-03-31,64.44,$12.92,4.99,$2.75,23.45,$-49.81,0.0,$-50.74,0.0,$0.04B,$0.01B,6.82,$0.02B,$0.02B,0.79,$0.00B,$0.00B,100.00%,$0.00B,$-0.05B,-1733.33%,$0.00B,$-0.05B,-1733.33%,$0.00B,$-0.05B,-1733.33%,$0.00B,$-0.05B,-1800.00%,$0.00B,$-0.05B,-1800.00%,$-0.05B,$0.02B,-385.71%,$-0.05B,$0.02B,-385.71%,$-0.05B,$0.05B,-198.17%,$-0.05B,$0.04B,-228.57%,$2,$0,$2,$9,$2,$11,$-9,$-2,$-11,$0,$-11,$-11,$-11,$-9,$-9,$2,2,$-6.84,$-6.84,$41,$0,$0,$42,$1,$4,$0,$1,$5,$47,$6,$18,$0,$18,$24,$153,$-130,$0,$23,$47,$-11,$0,$2,$2,$-0,$0,$0,$0,$3,$-6,$-0,$0,$0,$0,$0,$0,$0,$-0,$0,$0,$0,$17,$17,$0,$0,$17,$11,$0,$0
35,2009-12-31,52.2,$10.62,4.92,$1.38,37.8,$-51.92,0.0,$-49.30,0.0,$0.03B,$0.00B,7.99,$0.02B,$0.02B,1.05,$0.00B,$0.00B,100.00%,$0.00B,$-0.05B,-4700.00%,$0.00B,$-0.05B,-4700.00%,$0.00B,$-0.05B,-4700.00%,$0.00B,$-0.05B,-4700.00%,$0.00B,$-0.05B,-4700.00%,$-0.05B,$0.02B,-437.21%,$-0.05B,$0.02B,-437.21%,$-0.05B,$0.04B,-250.67%,$-0.05B,$0.03B,-313.33%,$1,$0,$1,$4,$2,$33,$-32,$-0,$-32,$0,$-32,$-32,$-32,$-32,$-32,$1,1,$-31.31,$-31.31,$30,$0,$0,$31,$1,$4,$0,$1,$5,$36,$4,$17,$0,$17,$21,$135,$-119,$0,$16,$36,$-48,$0,$31,$31,$0,$0,$0,$-0,$-2,$-18,$-0,$0,$0,$3,$0,$3,$0,$3,$0,$0,$0,$11,$11,$0,$22,$34,$18,$1,$0
36,2009-09-30,71.28,$12.04,5.92,$5.01,14.23,$-53.54,0.0,$-20.87,0.0,$0.01B,$0.01B,2.98,$0.00B,$0.01B,0.0,$0.00B,$0.00B,100.00%,$0.00B,$-0.02B,-425.00%,$0.00B,$-0.02B,-425.00%,$0.00B,$-0.02B,-425.00%,$0.00B,$-0.02B,-400.00%,$0.00B,$-0.02B,-400.00%,$-0.02B,$0.01B,-156.10%,$-0.02B,$0.01B,-156.10%,$-0.02B,$0.02B,-112.28%,$-0.02B,$0.01B,-165.85%,$0,$0,$0,$3,$2,$6,$-6,$0,$-6,$0,$-6,$-6,$-6,$-6,$-6,$1,1,$-7.56,$-7.56,$13,$0,$0,$14,$1,$0,$0,$1,$2,$16,$5,$0,$0,$0,$5,$98,$-87,$0,$11,$16,$-15,$0,$3,$3,$0,$0,$0,$-0,$0,$-12,$-0,$0,$0,$3,$0,$3,$0,$3,$0,$0,$0,$11,$11,$0,$-1,$11,$1,$1,$0
37,2009-06-30,72.0,$7.62,9.44,$5.11,14.1,$-56.34,0.0,$-21.95,0.0,$0.01B,$0.00B,2.08,$0.00B,$0.01B,0.0,$0.00B,$0.00B,100.00%,$0.00B,$-0.02B,-450.00%,$0.00B,$-0.02B,-450.00%,$0.00B,$-0.02B,-450.00%,$0.00B,$-0.02B,-425.00%,$0.00B,$-0.02B,-425.00%,$-0.02B,$0.01B,-151.11%,$-0.02B,$0.01B,-151.11%,$-0.02B,$0.01B,-111.48%,$-0.02B,$0.01B,-160.00%,$0,$0,$0,$3,$1,$5,$-5,$0,$-5,$0,$-5,$-5,$-5,$-5,$-5,$1,1,$-6.12,$-6.12,$6,$0,$0,$8,$1,$0,$0,$1,$2,$10,$4,$0,$0,$0,$4,$86,$-81,$0,$6,$10,$-9,$0,$1,$1,$0,$0,$0,$-0,$-1,$-9,$-0,$0,$0,$3,$0,$3,$0,$3,$0,$0,$0,$-0,$-0,$0,$-0,$-0,$-6,$1,$0
38,2009-03-31,47.52,$13.26,3.58,$4.99,9.52,$-54.51,0.0,$-23.75,0.0,$0.01B,$0.00B,3.75,$0.00B,$0.01B,0.0,$0.00B,$0.00B,100.00%,$0.00B,$-0.02B,-475.00%,$0.00B,$-0.02B,-475.00%,$0.00B,$-0.02B,-475.00%,$0.00B,$-0.02B,-450.00%,$0.00B,$-0.02B,-450.00%,$-0.02B,$0.01B,-120.00%,$-0.02B,$0.01B,-120.00%,$-0.02B,$0.01B,-96.00%,$-0.02B,$0.01B,-126.67%,$0,$0,$0,$3,$1,$4,$-4,$0,$-4,$0,$-4,$-4,$-4,$-4,$-4,$1,1,$-5.40,$-5.40,$10,$0,$0,$12,$1,$0,$0,$1,$2,$13,$3,$0,$0,$0,$3,$86,$-76,$0,$10,$13,$-4,$0,$0,$0,$-0,$0,$0,$-0,$-1,$-4,$-0,$0,$0,$3,$0,$3,$0,$3,$0,$0,$0,$-0,$-0,$0,$0,$-0,$-2,$0,$0
39,2008-12-31,36.0,$18.14,1.98,$4.98,7.22,$-51.74,0.0,$-23.03,0.0,$0.02B,$0.00B,4.18,$0.00B,$0.01B,0.0,$0.00B,$0.00B,100.00%,$0.00B,$-0.02B,-475.00%,$0.00B,$-0.02B,-475.00%,$0.00B,$-0.02B,-475.00%,$0.00B,$-0.02B,-450.00%,$0.00B,$-0.02B,-450.00%,$-0.02B,$0.01B,-94.74%,$-0.02B,$0.01B,-94.74%,$-0.02B,$0.02B,-79.12%,$-0.02B,$0.01B,-100.00%,$4,$0,$4,$4,$2,$5,$-2,$1,$-1,$0,$-1,$-1,$-1,$-2,$-2,$1,1,$-1.80,$-1.80,$15,$0,$0,$16,$1,$0,$0,$1,$2,$18,$4,$0,$0,$0,$4,$86,$-72,$0,$14,$18,$-17,$0,$1,$1,$-0,$0,$0,$-1,$1,$-16,$-1,$0,$0,$12,$0,$12,$0,$11,$0,$0,$0,$0,$0,$0,$-0,$0,$-4,$1,$0
40,2008-09-30,176.04,$20.01,8.8,$0.69,254.95,$-29.40,0.0,$-23.39,0.0,$0.02B,$0.01B,4.06,$0.00B,$0.02B,0.0,$0.00B,0,nan%,$0.00B,$-0.02B,inf%,$0.00B,$-0.02B,inf%,$0.00B,$-0.02B,inf%,$0.00B,$-0.02B,inf%,$0.00B,$-0.02B,inf%,$-0.02B,$0.02B,-82.61%,$-0.02B,$0.02B,-82.61%,$-0.02B,$0.02B,-73.08%,$-0.02B,$0.02B,-82.61%,$0,$0,$0,$5,$1,$7,$-7,$0,$-7,$0,$-7,$-7,$-7,$-7,$-7,$1,1,$-8.64,$-8.64,$17,$0,$0,$19,$1,$0,$0,$1,$1,$20,$5,$0,$0,$0,$5,$86,$-71,$0,$15,$20,$-16,$0,$2,$2,$-0,$0,$0,$-1,$2,$-13,$-0,$0,$0,$3,$0,$3,$0,$3,$0,$0,$0,$0,$0,$0,$0,$0,$-10,$1,$0
41,2008-06-30,170.64,$27.32,6.25,$0.64,266.4,$-12.63,0.0,$-16.91,0.0,$0.02B,$0.00B,6.48,$0.00B,$0.02B,0.0,$0.00B,0,nan%,$0.00B,$-0.01B,inf%,$0.00B,$-0.01B,inf%,$0.00B,$-0.01B,inf%,$0.00B,$-0.01B,inf%,$0.00B,$-0.01B,inf%,$-0.01B,$0.02B,-51.85%,$-0.01B,$0.02B,-51.85%,$-0.01B,$0.02B,-47.86%,$-0.01B,$0.02B,-51.85%,$0,$0,$0,$4,$2,$6,$-6,$-1,$-6,$0,$-6,$-6,$-6,$-6,$-6,$1,1,$-7.92,$-7.92,$23,$0,$0,$23,$0,$0,$0,$1,$1,$24,$4,$0,$0,$0,$4,$85,$-64,$0,$21,$24,$-10,$0,$1,$1,$-0,$0,$0,$-1,$1,$-7,$-0,$0,$0,$2,$0,$2,$0,$2,$0,$0,$0,$0,$0,$0,$0,$0,$-5,$1,$0
42,2008-03-31,164.16,$34.14,4.81,$0.71,230.91,$-0.75,0.0,$-12.59,0.0,$0.03B,$0.00B,9.55,$0.00B,$0.03B,0.0,$0.00B,0,nan%,$0.00B,$-0.01B,inf%,$0.00B,$-0.01B,inf%,$0.00B,$-0.01B,inf%,$0.00B,$-0.01B,inf%,$0.00B,$-0.01B,inf%,$-0.01B,$0.03B,-33.33%,$-0.01B,$0.03B,-33.33%,$-0.01B,$0.03B,-31.25%,$-0.01B,$0.03B,-36.67%,$0,$0,$0,$3,$1,$4,$-4,$0,$-4,$0,$-4,$-4,$-4,$-4,$-4,$1,1,$-4.68,$-4.68,$28,$0,$0,$28,$0,$0,$0,$1,$1,$29,$3,$0,$0,$0,$3,$85,$-58,$0,$26,$29,$-4,$0,$0,$0,$-0,$0,$0,$-1,$1,$-2,$-0,$0,$0,$-0,$0,$-0,$0,$-0,$0,$0,$0,$0,$0,$0,$0,$0,$-3,$0,$0
43,2007-12-31,136.08,$39.35,3.46,$0.71,192.89,$8.00,17.0,$-10.80,0.0,$0.03B,$0.00B,20.45,$0.00B,$0.03B,0.0,$0.00B,0,nan%,$0.00B,$-0.01B,inf%,$0.00B,$-0.01B,inf%,$0.00B,$-0.01B,inf%,$0.00B,$-0.01B,inf%,$0.00B,$-0.01B,inf%,$-0.01B,$0.03B,-28.83%,$-0.01B,$0.03B,-28.83%,$-0.01B,$0.03B,-27.12%,$-0.01B,$0.03B,-32.43%,$0,$0,$0,$1,$1,$2,$-2,$0,$-2,$0,$-2,$-2,$-2,$-2,$-2,$1,1,$-2.16,$-2.16,$31,$0,$0,$31,$0,$0,$0,$0,$0,$31,$2,$0,$0,$0,$2,$84,$-54,$0,$30,$31,$-8,$0,$1,$1,$10,$0,$0,$-3,$8,$1,$-0,$0,$0,$-11,$0,$-11,$0,$-11,$0,$0,$0,$18,$18,$0,$0,$18,$8,$1,$0
44,2007-09-30,208.8,$41.29,5.06,$23.76,8.79,$-1.43,0.0,$7.20,29.01,$0.03B,$0.00B,14.92,$0.00B,$0.03B,0.0,$0.01B,$0.01B,100.00%,$0.01B,$0.00B,14.29%,$0.01B,$0.00B,14.29%,$0.01B,$0.00B,14.29%,$0.01B,$0.00B,21.43%,$0.01B,$0.00B,21.43%,$0.00B,$0.03B,12.12%,$0.00B,$0.03B,12.12%,$0.00B,$0.03B,11.01%,$0.00B,$0.03B,8.08%,$0,$0,$0,$1,$1,$2,$-2,$0,$-2,$-0,$-2,$-2,$-2,$-2,$-2,$1,1,$-2.16,$-2.16,$29,$0,$0,$33,$0,$0,$0,$0,$0,$33,$2,$0,$0,$0,$2,$84,$-53,$0,$31,$33,$-6,$0,$1,$1,$7,$0,$0,$-1,$5,$-1,$-0,$0,$0,$-0,$0,$-0,$0,$-0,$0,$0,$0,$18,$18,$0,$0,$18,$18,$1,$0
45,2007-06-30,228.24,$43.16,5.29,$23.92,9.54,$-10.67,0.0,$8.28,27.58,$0.04B,$0.00B,13.44,$0.00B,$0.03B,0.0,$0.01B,$0.01B,100.00%,$0.01B,$0.00B,21.43%,$0.01B,$0.00B,21.43%,$0.01B,$0.00B,21.43%,$0.01B,$0.00B,28.57%,$0.01B,$0.00B,28.57%,$0.00B,$0.03B,20.78%,$0.00B,$0.03B,20.78%,$0.00B,$0.04B,18.39%,$0.00B,$0.03B,15.58%,$0,$0,$0,$1,$1,$3,$-3,$0,$-2,$0,$-2,$-2,$-2,$-3,$-3,$1,1,$-3.60,$-3.60,$31,$0,$0,$35,$0,$0,$0,$0,$0,$35,$3,$0,$0,$0,$3,$84,$-51,$0,$33,$35,$-4,$0,$0,$0,$7,$0,$0,$-0,$5,$2,$-0,$0,$0,$-0,$0,$-0,$0,$-0,$0,$0,$0,$18,$18,$0,$0,$18,$20,$0,$0
46,2007-03-31,214.92,$25.34,8.48,$24.14,8.9,$-21.84,0.0,$7.92,27.15,$0.02B,$0.00B,7.78,$0.00B,$0.02B,0.0,$0.01B,$0.01B,100.00%,$0.01B,$0.00B,28.57%,$0.01B,$0.00B,28.57%,$0.01B,$0.00B,28.57%,$0.01B,$0.00B,28.57%,$0.01B,$0.00B,28.57%,$0.00B,$0.02B,34.04%,$0.00B,$0.02B,34.04%,$0.00B,$0.02B,28.07%,$0.00B,$0.02B,34.04%,$0,$0,$0,$1,$1,$2,$-2,$0,$-2,$0,$-2,$-2,$-2,$-2,$-2,$1,1,$-2.88,$-2.88,$15,$0,$0,$19,$0,$0,$0,$0,$0,$19,$2,$0,$0,$0,$2,$65,$-49,$0,$17,$19,$-2,$0,$0,$0,$7,$0,$0,$-0,$5,$4,$0,$0,$0,$-0,$0,$-0,$0,$-0,$0,$0,$0,$0,$0,$0,$0,$0,$4,$0,$0
47,2006-12-31,99.72,$27.83,3.58,$24.22,4.12,$-31.55,0.0,$4.68,21.31,$0.02B,$0.00B,5.17,$0.00B,$0.02B,0.0,$0.01B,$0.01B,100.00%,$0.01B,$0.00B,21.43%,$0.01B,$0.00B,21.43%,$0.01B,$0.00B,21.43%,$0.01B,$0.00B,21.43%,$0.01B,$0.00B,21.43%,$0.00B,$0.02B,34.29%,$0.00B,$0.02B,34.29%,$0.00B,$0.02B,26.67%,$0.00B,$0.02B,34.29%,$14,$0,$14,$1,$4,$5,$9,$0,$9,$0,$9,$9,$9,$9,$9,$1,1,$15.83,$15.83,$11,$0,$0,$22,$0,$0,$0,$0,$0,$22,$4,$0,$0,$0,$4,$65,$-47,$0,$18,$22,$3,$0,$1,$1,$-11,$0,$0,$2,$-9,$-5,$-0,$0,$0,$5,$0,$5,$0,$5,$0,$0,$0,$7,$7,$0,$0,$7,$7,$1,$0
