,Date,Stock Price,Book Value per Share,Price to Book Ratio,TTM Sales per Share,Price to Sales Ratio,TTM FCF per Share,Price to FCF Ratio,TTM Net EPS,PE Ratio,Current Assets,Current Liabilities,Current Ratio,Long Term Debt,Shareholder's Equity_x,Debt to Equity Ratio,TTM Revenue_x,TTM Gross Profit,Gross Margin,TTM Revenue_y,TTM Operating Income,Operating Margin,TTM Revenue_x,TTM EBIT,EBIT Margin,TTM Revenue_y,TTM EBITDA,EBITDA Margin,TTM Revenue_x,TTM Pre-Tax Income,Pre-Tax Margin,TTM Revenue_y,TTM Net Income_x,Net Margin,TTM Net Income_y,Shareholder's Equity_y,Return on Equity,TTM Net Income_x,Tangible Equity,Return on Tangible Equity,TTM Net Income_y,Total Assets,Return on Assets,TTM Net Income,LT Investments & Debt,Return on Investment,revenue,cost-goods-sold,gross-profit,research-development-expenses,selling-general-administrative-expenses,operating-expenses,operating-income,total-non-operating-income-expense,pre-tax-income,total-provision-income-taxes,income-after-taxes,income-from-continuous-operations,net-income,ebitda,ebit,basic-shares-outstanding,shares-outstanding,eps-basic-net-earnings-per-share,eps-earnings-per-share-diluted,cash-on-hand,inventory,other-current-assets,total-current-assets,net-property-plant-equipment,long-term-investments,goodwill-intangible-assets-total,other-long-term-assets,total-long-term-assets,total-assets,total-current-liabilities,long-term-debt,other-non-current-liabilities,total-long-term-liabilities,total-liabilities,common-stock-net,retained-earnings-accumulated-deficit,comprehensive-income,total-share-holder-equity,total-liabilities-share-holders-equity,net-income-loss,total-depreciation-amortization-cash-flow,other-non-cash-items,total-non-cash-items,change-in-accounts-receivable,change-in-inventories,change-in-accounts-payable,change-in-assets-liabilities,total-change-in-assets-liabilities,cash-flow-from-operating-activities,net-change-in-property-plant-equipment,net-change-in-intangible-assets,net-acquisitions-divestitures,net-change-in-short-term-investments,net-change-in-long-term-investments,net-change-in-investments-total,investing-activities-other,cash-flow-from-investing-activities,net-long-term-debt,net-current-debt,debt-issuance-retirement-net-total,net-common-equity-issued-repurchased,net-total-equity-issued-repurchased,total-common-preferred-stock-dividends-paid,financial-activities-other,cash-flow-from-financial-activities,net-cash-flow,stock-based-compensation,common-stock-dividends-paid
0,2018-09-30,153.78,$17.94,8.57,$43.42,3.54,$6.95,22.11,$3.09,49.77,$3.14B,$2.34B,1.34,$5.67B,$4.33B,1.31,$10.91B,$4.68B,42.91%,$10.91B,$1.56B,14.30%,$10.91B,$1.56B,14.30%,$10.91B,$2.32B,21.24%,$10.91B,$1.23B,11.28%,$10.91B,$0.77B,7.06%,$0.77B,$4.33B,16.23%,$0.77B,$-5.21B,-15.01%,$0.77B,$25.60B,2.89%,$1.56B,$9.99B,14.98%,$2349,$1392,$957,$0,$336,$2087,$262,$-68,$194,$39,$155,$155,$147,$402,$262,$244,246,$0.60,$0.60,$484,$0,$0,$3140,$594,$167,$9542,$11683,$22462,$25602,$2341,$5665,$12995,$18933,$21274,$2,$2042,$-3632,$4328,$25602,$821,$618,$85,$703,$755,$0,$-331,$-836,$-549,$975,$-179,$0,$-58,$356,$-35,$321,$0,$84,$462,$0,$462,$-1411,$-1411,$-285,$-21,$-1255,$-272,$214,$-285
1,2018-06-30,136.79,$19.00,7.2,$42.95,3.18,$4.60,29.74,$3.21,42.61,$3.48B,$2.25B,1.55,$5.66B,$4.62B,1.23,$10.90B,$4.64B,42.53%,$10.90B,$1.55B,14.26%,$10.90B,$1.55B,14.26%,$10.90B,$2.31B,21.21%,$10.90B,$1.24B,11.35%,$10.90B,$0.81B,7.41%,$0.81B,$4.62B,16.24%,$0.81B,$-5.04B,-16.76%,$0.81B,$27.22B,3.02%,$1.55B,$10.28B,14.60%,$2561,$1494,$1067,$0,$535,$2577,$-16,$-71,$-87,$-144,$57,$57,$48,$423,$-16,$246,247,$0.20,$0.19,$487,$0,$0,$3479,$575,$173,$9654,$12884,$23738,$27217,$2246,$5659,$14400,$20353,$22599,$2,$2295,$-3524,$4618,$27217,$668,$478,$48,$526,$-1254,$0,$-495,$1112,$-781,$413,$-111,$0,$-50,$352,$-13,$339,$1,$179,$525,$0,$525,$-1121,$-1121,$-187,$-15,$-798,$-269,$147,$-187
2,2018-03-31,139.55,$21.96,6.35,$41.63,3.35,$4.97,28.06,$5.95,23.45,$3.65B,$1.95B,1.87,$5.70B,$5.39B,1.06,$10.71B,$4.47B,41.76%,$10.71B,$1.44B,13.48%,$10.71B,$1.44B,13.48%,$10.71B,$2.32B,21.66%,$10.71B,$1.14B,10.63%,$10.71B,$1.53B,14.28%,$1.53B,$5.39B,29.36%,$1.53B,$-4.83B,-34.27%,$1.53B,$27.85B,5.71%,$1.44B,$11.08B,13.27%,$3090,$1616,$1474,$0,$318,$2291,$799,$-81,$718,$114,$604,$604,$594,$838,$799,$249,250,$2.39,$2.37,$597,$0,$0,$3650,$578,$118,$10212,$12993,$24197,$27847,$1948,$5697,$14574,$20514,$22462,$2,$2747,$-3191,$5385,$27847,$610,$39,$208,$247,$-874,$0,$-439,$566,$-717,$140,$-45,$0,$-30,$415,$6,$421,$0,$346,$104,$0,$104,$-678,$-678,$-89,$0,$-663,$-159,$187,$-89
3,2017-12-31,132.92,$18.77,7.08,$38.19,3.48,$5.36,24.78,$4.67,28.46,$3.23B,$2.26B,1.43,$5.67B,$4.65B,1.22,$10.00B,$3.91B,39.10%,$10.00B,$0.98B,9.79%,$10.00B,$0.98B,9.79%,$10.00B,$1.87B,18.70%,$10.00B,$0.69B,6.85%,$10.00B,$1.23B,12.26%,$1.23B,$4.65B,23.05%,$1.23B,$-5.44B,-29.50%,$1.23B,$26.09B,4.62%,$0.98B,$10.32B,8.93%,$2909,$1726,$1183,$0,$316,$2394,$515,$-109,$406,$389,$17,$17,$-19,$654,$515,$259,261,$-0.01,$-0.04,$756,$0,$0,$3234,$564,$529,$10091,$11281,$22854,$26088,$2260,$5667,$13386,$19180,$21440,$2,$2302,$-3496,$4648,$26088,$1263,$891,$-446,$445,$-83,$0,$96,$-73,$-974,$734,$-183,$0,$3217,$-232,$4,$-228,$-19,$2787,$-345,$0,$-345,$-2520,$-2520,$-364,$-36,$-3265,$325,$319,$-364
4,2017-09-30,144.55,$20.92,6.91,$36.84,3.92,$11.28,12.82,$6.61,21.87,$2.82B,$1.89B,1.49,$5.66B,$5.25B,1.08,$9.74B,$3.73B,38.30%,$9.74B,$0.93B,9.52%,$9.74B,$0.93B,9.52%,$9.74B,$1.76B,18.10%,$9.74B,$0.68B,7.02%,$9.74B,$1.70B,17.42%,$1.70B,$5.25B,30.63%,$1.70B,$-3.98B,-45.41%,$1.70B,$25.92B,6.36%,$0.93B,$10.91B,8.25%,$2340,$1428,$912,$0,$317,$2084,$256,$-56,$200,$4,$196,$196,$185,$397,$256,$256,257,$0.72,$0.72,$749,$0,$0,$2817,$545,$1640,$9229,$11128,$23107,$25924,$1893,$5662,$13039,$18784,$20677,$3,$2914,$-3412,$5247,$25924,$1275,$752,$-785,$-33,$1130,$0,$-237,$-997,$-889,$353,$-125,$0,$4022,$-1344,$-12,$-1356,$-19,$2522,$-347,$0,$-347,$-2006,$-2006,$-274,$-21,$-2648,$318,$214,$-274
5,2017-06-30,131.2,$21.72,6.04,$35.91,3.65,$15.47,8.48,$7.03,18.66,$2.88B,$1.72B,1.68,$5.63B,$5.55B,1.01,$9.60B,$3.72B,38.74%,$9.60B,$1.04B,10.82%,$9.60B,$1.04B,10.82%,$9.60B,$1.82B,18.91%,$9.60B,$0.79B,8.26%,$9.60B,$1.83B,19.07%,$1.83B,$5.55B,32.69%,$1.83B,$-3.59B,-45.88%,$1.83B,$27.19B,6.91%,$1.04B,$11.18B,9.15%,$2368,$1466,$902,$0,$331,$2495,$-127,$-59,$-186,$-143,$-43,$-43,$769,$430,$-127,$262,262,$2.93,$2.93,$684,$0,$0,$2875,$556,$2746,$9147,$11290,$24314,$27189,$1715,$5631,$14206,$19921,$21636,$3,$3574,$-3677,$5553,$27189,$1083,$611,$-873,$-262,$-15,$0,$-377,$96,$-321,$500,$-82,$0,$-149,$-2451,$-3,$-2454,$4174,$1489,$-339,$0,$-339,$-1239,$-1239,$-182,$-10,$-1770,$253,$148,$-182
6,2017-03-31,116.78,$22.17,5.27,$35.34,3.3,$16.45,7.1,$5.11,22.85,$2.54B,$2.00B,1.27,$5.61B,$5.83B,0.96,$9.51B,$3.70B,38.92%,$9.51B,$1.55B,16.32%,$9.51B,$1.55B,16.32%,$9.51B,$1.85B,19.46%,$9.51B,$1.30B,13.61%,$9.51B,$1.36B,14.32%,$1.36B,$5.83B,24.31%,$1.36B,$-3.60B,-31.33%,$1.36B,$26.98B,5.16%,$1.55B,$11.44B,13.59%,$2381,$1469,$912,$0,$308,$2046,$335,$-70,$265,$0,$265,$265,$291,$389,$335,$265,267,$1.10,$1.09,$433,$0,$0,$2536,$536,$200,$9430,$10743,$24446,$26982,$1999,$5610,$12399,$19157,$21156,$3,$3934,$-3750,$5826,$26982,$305,$54,$139,$193,$375,$0,$-390,$-187,$-258,$240,$-34,$0,$-48,$94,$16,$110,$-15,$13,$42,$0,$42,$-211,$-211,$-87,$-2,$-258,$20,$121,$-87
7,2016-12-31,109.41,$21.11,5.18,$34.74,3.15,$16.54,6.61,$5.17,21.16,$2.53B,$1.94B,1.31,$5.87B,$5.53B,1.06,$9.41B,$3.72B,39.56%,$9.41B,$1.64B,17.41%,$9.41B,$1.64B,17.41%,$9.41B,$1.96B,20.80%,$9.41B,$1.40B,14.89%,$9.41B,$1.40B,14.84%,$1.40B,$5.53B,25.46%,$1.40B,$-3.77B,-29.46%,$1.40B,$26.62B,5.30%,$1.64B,$11.40B,14.39%,$2650,$1646,$1004,$0,$266,$2187,$463,$-58,$405,$21,$384,$384,$452,$547,$463,$268,270,$1.70,$1.68,$426,$0,$0,$2532,$550,$290,$9300,$10424,$24083,$26615,$1940,$5869,$12094,$19143,$21083,$3,$3807,$-3912,$5532,$26615,$1430,$319,$563,$882,$490,$0,$53,$-487,$14,$2326,$-156,$0,$-772,$61,$-21,$40,$-66,$-954,$522,$0,$522,$-1386,$-1386,$-345,$-77,$-1286,$47,$306,$-345
8,2016-09-30,110.03,$20.85,5.28,$28.76,3.83,$14.89,7.39,$5.39,20.41,$2.87B,$1.73B,1.66,$5.91B,$5.49B,1.08,$7.85B,$3.18B,40.52%,$7.85B,$1.63B,20.79%,$7.85B,$1.63B,20.79%,$7.85B,$1.80B,22.92%,$7.85B,$1.44B,18.32%,$7.85B,$1.53B,19.48%,$1.53B,$5.49B,27.21%,$1.53B,$-5.00B,-30.94%,$1.53B,$25.25B,5.79%,$1.63B,$11.40B,14.40%,$2201,$1300,$901,$0,$267,$1833,$368,$-59,$309,$25,$284,$284,$319,$449,$368,$268,270,$1.19,$1.18,$483,$0,$0,$2874,$738,$463,$10490,$10409,$22378,$25252,$1727,$5910,$12085,$18031,$19758,$3,$3702,$-3793,$5494,$25252,$971,$235,$383,$618,$1713,$0,$-246,$-1501,$-114,$1475,$-107,$0,$-94,$-108,$-16,$-124,$-46,$-371,$421,$0,$421,$-1107,$-1107,$-258,$-71,$-1015,$99,$210,$-258
9,2016-06-30,106.52,$20.92,5.09,$30.26,3.52,$13.59,7.84,$5.29,20.14,$2.95B,$1.62B,1.82,$5.91B,$5.56B,1.06,$8.39B,$3.38B,40.26%,$8.39B,$1.68B,19.99%,$8.39B,$1.68B,19.99%,$8.39B,$1.90B,22.61%,$8.39B,$1.48B,17.65%,$8.39B,$1.50B,17.93%,$1.50B,$5.56B,26.26%,$1.50B,$-5.02B,-30.62%,$1.50B,$26.69B,5.59%,$1.68B,$11.47B,15.01%,$2282,$1396,$886,$0,$232,$1895,$387,$-71,$316,$43,$273,$273,$300,$466,$387,$268,270,$1.12,$1.11,$438,$0,$0,$2954,$751,$251,$10580,$11892,$23739,$26693,$1624,$5907,$13562,$19508,$21132,$3,$3784,$-3722,$5561,$26693,$645,$154,$265,$419,$142,$0,$-335,$-45,$-300,$764,$-68,$0,$-183,$106,$-6,$100,$67,$-84,$424,$0,$424,$-837,$-837,$-169,$-62,$-644,$54,$144,$-169
10,2016-03-31,101.54,$20.19,5.03,$31.59,3.21,$12.53,8.1,$4.90,20.72,$3.06B,$2.12B,1.45,$5.90B,$5.35B,1.1,$8.91B,$3.64B,40.88%,$8.91B,$1.57B,17.58%,$8.91B,$1.57B,17.58%,$8.91B,$1.84B,20.69%,$8.91B,$1.38B,15.47%,$8.91B,$1.38B,15.51%,$1.38B,$5.35B,23.22%,$1.38B,$-5.17B,-28.82%,$1.38B,$26.81B,5.02%,$1.57B,$11.25B,14.09%,$2276,$1345,$931,$0,$271,$1856,$420,$-49,$371,$59,$312,$312,$325,$495,$420,$272,274,$1.20,$1.19,$465,$0,$0,$3056,$766,$587,$10519,$11714,$23757,$26813,$2115,$5902,$13272,$19351,$21466,$3,$3600,$-3710,$5347,$26813,$337,$75,$171,$246,$432,$0,$-307,$-390,$-310,$273,$-37,$0,$-16,$-227,$-1,$-228,$82,$-199,$870,$0,$870,$-750,$-750,$-82,$-42,$-4,$81,$79,$-82
11,2015-12-31,89.33,$22.46,3.98,$33.19,2.69,$12.49,7.15,$4.89,18.27,$2.95B,$2.33B,1.26,$5.14B,$6.06B,0.85,$9.48B,$3.88B,40.88%,$9.48B,$1.59B,16.74%,$9.48B,$1.59B,16.74%,$9.48B,$1.93B,20.31%,$9.48B,$1.43B,15.06%,$9.48B,$1.39B,14.61%,$1.39B,$6.06B,22.26%,$1.39B,$-4.57B,-29.89%,$1.39B,$26.88B,4.96%,$1.59B,$11.20B,14.31%,$1086,$625,$461,$0,$-1083,$630,$456,$-15,$441,$20,$421,$421,$584,$388,$456,$281,284,$2.10,$2.08,$384,$0,$0,$2948,$765,$356,$10628,$11886,$23935,$26883,$2334,$5138,$13315,$18490,$20824,$3,$4013,$-3423,$6059,$26883,$1422,$338,$354,$692,$502,$0,$88,$-719,$-105,$2009,$-200,$0,$189,$9,$-46,$-37,$-90,$-138,$253,$0,$253,$-1580,$-1580,$-323,$-39,$-1689,$10,$320,$-323
12,2015-09-30,85.57,$21.69,3.94,$40.37,2.12,$11.31,7.57,$4.36,19.63,$2.85B,$2.77B,1.03,$4.80B,$5.94B,0.81,$11.69B,$4.87B,41.61%,$11.69B,$1.77B,15.10%,$11.69B,$1.77B,15.10%,$11.69B,$2.32B,19.84%,$11.69B,$1.57B,13.41%,$11.69B,$1.26B,10.78%,$1.26B,$5.94B,19.80%,$1.26B,$-4.89B,-26.93%,$1.26B,$27.21B,4.40%,$1.77B,$10.74B,15.84%,$2742,$1644,$1098,$0,$685,$2329,$413,$-61,$352,$49,$303,$303,$295,$547,$413,$281,284,$1.05,$1.04,$398,$0,$0,$2851,$785,$385,$10828,$12357,$24355,$27206,$2774,$4799,$13691,$18490,$21264,$3,$4015,$-3453,$5942,$27206,$832,$406,$127,$533,$1027,$0,$-312,$-716,$-70,$1295,$-225,$0,$28,$-9,$20,$11,$0,$-186,$634,$0,$634,$-1298,$-1298,$-240,$-26,$-930,$24,$239,$-240
13,2015-06-30,95.98,$23.07,4.16,$40.44,2.37,$9.91,9.68,$4.36,22.01,$3.05B,$2.61B,1.17,$4.82B,$6.46B,0.75,$11.83B,$4.94B,41.75%,$11.83B,$1.77B,14.96%,$11.83B,$1.77B,14.96%,$11.83B,$2.34B,19.79%,$11.83B,$1.61B,13.57%,$11.83B,$1.27B,10.77%,$1.27B,$6.46B,19.02%,$1.27B,$-4.56B,-28.00%,$1.27B,$29.20B,4.39%,$1.77B,$11.28B,15.40%,$2805,$1653,$1152,$0,$875,$2528,$277,$-63,$214,$26,$188,$188,$178,$413,$277,$285,287,$0.63,$0.62,$367,$0,$0,$3051,$782,$484,$11011,$13875,$26152,$29203,$2605,$4824,$15318,$20142,$22747,$3,$4405,$-3236,$6456,$29203,$529,$272,$160,$432,$-57,$0,$-387,$213,$-383,$578,$-142,$0,$29,$-97,$9,$-88,$0,$-201,$549,$0,$549,$-711,$-711,$-156,$-23,$-341,$-7,$164,$-156
14,2015-03-31,92.26,$22.83,4.04,$40.33,2.29,$9.12,10.12,$4.75,19.42,$3.05B,$2.36B,1.29,$4.71B,$6.43B,0.73,$11.95B,$5.00B,41.85%,$11.95B,$1.94B,16.22%,$11.95B,$1.94B,16.22%,$11.95B,$2.52B,21.11%,$11.95B,$1.77B,14.83%,$11.95B,$1.40B,11.72%,$1.40B,$6.43B,19.93%,$1.40B,$-4.53B,-32.09%,$1.40B,$28.39B,4.72%,$1.94B,$11.14B,16.29%,$2847,$1683,$1164,$0,$723,$2406,$441,$-20,$421,$80,$341,$341,$328,$577,$441,$284,287,$1.15,$1.14,$378,$0,$0,$3050,$754,$343,$10958,$13284,$25339,$28389,$2357,$4710,$14891,$19601,$21958,$3,$4612,$-3427,$6431,$28389,$341,$136,$78,$214,$222,$0,$-348,$-158,$-257,$298,$-62,$0,$-21,$42,$2,$44,$41,$2,$184,$0,$184,$-364,$-364,$-71,$-6,$-257,$4,$90,$-71
15,2014-12-31,90.78,$23.68,3.83,$40.01,2.27,$8.08,11.24,$4.67,19.44,$3.19B,$2.59B,1.23,$4.80B,$6.63B,0.72,$12.05B,$5.03B,41.77%,$12.05B,$1.97B,16.32%,$12.05B,$1.97B,16.32%,$12.05B,$2.56B,21.25%,$12.05B,$1.77B,14.65%,$12.05B,$1.40B,11.60%,$1.40B,$6.63B,18.84%,$1.40B,$-4.75B,-33.98%,$1.40B,$29.77B,4.64%,$1.97B,$11.43B,16.34%,$3299,$1848,$1451,$0,$816,$2664,$635,$-54,$581,$114,$467,$467,$459,$783,$635,$296,300,$1.58,$1.55,$374,$0,$0,$3189,$765,$394,$11380,$13900,$26583,$29772,$2588,$4799,$15441,$20553,$23141,$3,$4605,$-3134,$6631,$29772,$1431,$594,$149,$743,$-44,$0,$4,$-364,$-362,$1812,$-256,$0,$-431,$110,$32,$142,$0,$-545,$1321,$0,$1321,$-2355,$-2355,$-273,$4,$-1303,$-103,$328,$-273
16,2014-09-30,83.67,$25.51,3.28,$39.17,2.14,$7.72,10.84,$4.25,19.69,$3.01B,$2.19B,1.38,$4.84B,$7.27B,0.67,$11.96B,$4.95B,41.38%,$11.96B,$1.85B,15.44%,$11.96B,$1.85B,15.44%,$11.96B,$2.45B,20.53%,$11.96B,$1.66B,13.88%,$11.96B,$1.29B,10.82%,$1.29B,$7.27B,16.56%,$1.29B,$-4.37B,-34.30%,$1.29B,$28.83B,4.28%,$1.85B,$12.11B,15.20%,$2880,$1707,$1173,$0,$756,$2463,$417,$-27,$390,$75,$315,$315,$309,$568,$417,$292,296,$1.06,$1.04,$382,$0,$0,$3012,$760,$360,$11638,$13057,$25815,$28827,$2188,$4840,$14527,$19367,$21555,$3,$4718,$-2518,$7272,$28827,$964,$446,$283,$729,$1208,$0,$-408,$-1399,$-810,$883,$-179,$0,$-416,$301,$32,$333,$0,$-262,$1182,$0,$1182,$-1691,$-1691,$-219,$25,$-703,$-95,$247,$-219
17,2014-06-30,85.73,$26.71,3.21,$38.38,2.23,$7.93,10.81,$4.03,21.27,$3.22B,$2.30B,1.4,$5.16B,$7.76B,0.66,$11.87B,$4.90B,41.30%,$11.87B,$1.79B,15.11%,$11.87B,$1.79B,15.11%,$11.87B,$2.41B,20.28%,$11.87B,$1.62B,13.67%,$11.87B,$1.24B,10.45%,$1.24B,$7.76B,15.72%,$1.24B,$-3.81B,-33.66%,$1.24B,$31.78B,4.09%,$1.79B,$12.91B,15.13%,$2919,$1708,$1211,$0,$766,$2474,$445,$-65,$380,$67,$313,$313,$304,$594,$445,$299,302,$1.02,$1.01,$418,$0,$0,$3221,$787,$446,$11567,$15755,$28555,$31776,$2297,$5155,$16565,$21720,$24017,$3,$4982,$-2218,$7759,$31776,$649,$295,$185,$480,$-448,$0,$-492,$289,$-796,$333,$-115,$0,$-82,$217,$34,$251,$0,$54,$1579,$0,$1579,$-1209,$-1209,$-138,$-681,$-449,$-59,$175,$-138
18,2014-03-31,79.97,$27.00,2.96,$37.83,2.11,$8.04,9.94,$3.78,21.16,$3.22B,$2.58B,1.25,$3.67B,$8.01B,0.46,$11.85B,$4.88B,41.16%,$11.85B,$1.73B,14.60%,$11.85B,$1.73B,14.60%,$11.85B,$2.35B,19.86%,$11.85B,$1.58B,13.37%,$11.85B,$1.18B,9.94%,$1.18B,$8.01B,14.99%,$1.18B,$-3.52B,-31.72%,$1.18B,$30.08B,3.93%,$1.73B,$11.68B,15.00%,$2947,$1751,$1196,$0,$727,$2478,$469,$-55,$414,$78,$336,$336,$325,$615,$469,$304,307,$1.07,$1.06,$338,$0,$0,$3218,$785,$483,$11530,$14061,$26859,$30077,$2576,$3669,$15826,$19495,$22071,$3,$5403,$-2320,$8006,$30077,$336,$146,$107,$253,$178,$0,$-468,$-312,$-600,$-11,$-55,$0,$-4,$183,$32,$215,$0,$156,$366,$0,$366,$-573,$-573,$-53,$0,$-260,$-139,$102,$-53
19,2013-12-31,79.43,$27.25,2.91,$37.35,2.13,$8.24,9.64,$3.54,22.44,$3.37B,$2.63B,1.28,$3.69B,$8.20B,0.45,$11.82B,$4.87B,41.22%,$11.82B,$1.67B,14.14%,$11.82B,$1.67B,14.14%,$11.82B,$2.31B,19.52%,$11.82B,$1.54B,13.02%,$11.82B,$1.11B,9.42%,$1.11B,$8.20B,14.34%,$1.11B,$-3.38B,-29.07%,$1.11B,$30.25B,3.72%,$1.67B,$11.88B,14.58%,$3209,$1842,$1367,$0,$852,$2694,$515,$-40,$475,$115,$360,$360,$355,$677,$515,$311,315,$1.15,$1.13,$477,$0,$0,$3373,$791,$655,$11575,$13664,$26878,$30251,$2634,$3686,$15316,$19422,$22056,$3,$5731,$-2374,$8195,$30251,$1148,$635,$221,$856,$137,$0,$110,$-382,$-251,$1753,$-229,$0,$-14,$-174,$78,$-96,$0,$-339,$227,$0,$227,$-1124,$-1124,$-212,$-27,$-1136,$186,$300,$-212
20,2013-09-30,70.32,$25.22,2.79,$36.54,1.92,$6.86,10.25,$3.33,21.12,$3.04B,$2.73B,1.11,$3.35B,$7.59B,0.44,$11.72B,$4.83B,41.20%,$11.72B,$1.62B,13.80%,$11.72B,$1.62B,13.80%,$11.72B,$2.26B,19.32%,$11.72B,$1.47B,12.56%,$11.72B,$1.06B,9.07%,$1.06B,$7.59B,13.87%,$1.06B,$-4.03B,-26.50%,$1.06B,$29.31B,3.55%,$1.62B,$10.94B,14.22%,$2794,$1666,$1128,$0,$764,$2430,$364,$-11,$353,$89,$264,$264,$256,$521,$364,$310,313,$0.83,$0.82,$369,$0,$0,$3035,$803,$496,$11615,$13356,$26270,$29305,$2729,$3352,$15634,$18986,$21715,$3,$5507,$-2636,$7590,$29305,$788,$473,$279,$752,$1058,$0,$-330,$-1087,$-556,$984,$-174,$0,$-20,$-13,$68,$55,$0,$-139,$400,$0,$400,$-947,$-947,$-172,$0,$-719,$78,$207,$-172
21,2013-06-30,60.64,$24.77,2.45,$35.88,1.69,$6.29,9.65,$3.13,19.37,$3.10B,$1.85B,1.68,$4.01B,$7.62B,0.53,$11.66B,$4.82B,41.31%,$11.66B,$1.59B,13.65%,$11.66B,$1.59B,13.65%,$11.66B,$2.24B,19.23%,$11.66B,$1.39B,11.94%,$11.66B,$1.01B,8.67%,$1.01B,$7.62B,12.87%,$1.01B,$-3.91B,-25.99%,$1.01B,$30.06B,3.37%,$1.59B,$11.63B,13.54%,$2897,$1712,$1185,$0,$803,$2515,$382,$-40,$342,$90,$252,$252,$241,$540,$382,$314,317,$0.77,$0.76,$266,$0,$0,$3104,$808,$479,$11531,$14140,$26958,$30062,$1850,$4012,$16582,$20594,$22444,$3,$5805,$-2809,$7618,$30062,$524,$316,$161,$477,$-463,$0,$-431,$390,$-614,$387,$-122,$0,$-22,$29,$17,$46,$0,$-98,$307,$0,$307,$-468,$-468,$-111,$0,$-272,$-25,$137,$-111
22,2013-03-31,57.78,$24.69,2.34,$35.15,1.64,$5.87,9.85,$3.10,18.64,$3.29B,$2.24B,1.47,$3.77B,$7.63B,0.49,$11.59B,$4.82B,41.55%,$11.59B,$1.60B,13.84%,$11.59B,$1.60B,13.84%,$11.59B,$2.26B,19.49%,$11.59B,$1.40B,12.10%,$11.59B,$1.02B,8.77%,$1.02B,$7.63B,12.70%,$1.02B,$-4.00B,-26.64%,$1.02B,$30.03B,3.36%,$1.60B,$11.40B,13.45%,$2915,$1725,$1190,$0,$780,$2505,$410,$-42,$368,$96,$272,$272,$261,$568,$410,$316,320,$0.82,$0.82,$408,$0,$0,$3292,$816,$504,$11630,$13787,$26737,$30029,$2242,$3770,$16384,$20154,$22396,$3,$5844,$-2775,$7633,$30029,$272,$158,$82,$240,$132,$0,$-417,$-108,$-458,$54,$-60,$0,$-1,$-16,$15,$-1,$0,$-62,$435,$0,$435,$-265,$-265,$-50,$0,$120,$117,$69,$-50
23,2012-12-31,52.1,$25.10,2.08,$34.48,1.51,$5.63,9.25,$2.99,17.43,$3.39B,$2.31B,1.47,$3.71B,$7.81B,0.48,$11.51B,$4.81B,41.73%,$11.51B,$1.60B,13.86%,$11.51B,$1.60B,13.86%,$11.51B,$2.25B,19.55%,$11.51B,$1.38B,11.99%,$11.51B,$0.99B,8.62%,$0.99B,$7.81B,12.11%,$0.99B,$-4.11B,-26.59%,$0.99B,$30.49B,3.28%,$1.60B,$11.52B,13.06%,$3115,$1789,$1326,$0,$865,$2654,$461,$-52,$409,$103,$306,$306,$305,$635,$461,$329,333,$0.94,$0.93,$291,$0,$0,$3392,$820,$511,$11918,$13560,$27094,$30486,$2305,$3713,$16357,$20376,$22681,$3,$5933,$-2610,$7805,$30486,$1020,$655,$117,$772,$-1296,$0,$-37,$775,$-373,$1419,$-269,$0,$-160,$440,$166,$606,$0,$177,$-344,$0,$-344,$-1011,$-1011,$-231,$0,$-1586,$19,$212,$-231
24,2012-09-30,48.85,$26.23,1.86,$33.90,1.44,$4.45,10.97,$2.88,16.96,$3.25B,$1.81B,1.8,$4.11B,$8.36B,0.49,$11.39B,$4.75B,41.68%,$11.39B,$1.57B,13.74%,$11.39B,$1.57B,13.74%,$11.39B,$2.19B,19.23%,$11.39B,$1.36B,11.93%,$11.39B,$0.97B,8.47%,$0.97B,$8.36B,11.66%,$0.97B,$-3.54B,-26.16%,$0.97B,$29.51B,3.21%,$1.57B,$12.47B,12.61%,$2737,$1620,$1117,$0,$778,$2398,$339,$-65,$274,$64,$210,$210,$204,$500,$339,$327,331,$0.62,$0.62,$290,$0,$0,$3249,$814,$878,$11896,$12672,$26260,$29509,$1810,$4111,$15227,$19338,$21148,$3,$6179,$-2250,$8361,$29509,$713,$481,$180,$661,$-207,$0,$-347,$-20,$-507,$867,$-201,$0,$-95,$66,$162,$228,$0,$-68,$-94,$0,$-94,$-532,$-532,$-170,$0,$-796,$18,$160,$-170
25,2012-06-30,43.57,$25.47,1.71,$33.71,1.29,$4.33,10.06,$2.85,15.29,$3.36B,$1.73B,1.94,$4.10B,$8.21B,0.5,$11.38B,$4.72B,41.49%,$11.38B,$1.55B,13.66%,$11.38B,$1.55B,13.66%,$11.38B,$2.16B,19.01%,$11.38B,$1.38B,12.10%,$11.38B,$0.96B,8.43%,$0.96B,$8.21B,11.62%,$0.96B,$-3.61B,-25.35%,$0.96B,$30.81B,3.21%,$1.55B,$12.31B,12.47%,$2821,$1639,$1182,$0,$788,$2427,$394,$-43,$351,$96,$255,$255,$246,$555,$394,$332,336,$0.74,$0.73,$286,$0,$0,$3361,$797,$716,$11819,$14114,$27446,$30807,$1731,$4098,$16768,$20866,$22597,$3,$6302,$-2432,$8210,$30807,$503,$320,$128,$448,$-1420,$0,$-500,$1190,$-682,$269,$-129,$0,$-81,$259,$44,$303,$0,$93,$27,$0,$27,$-285,$-285,$-108,$0,$-366,$14,$105,$-108
26,2012-03-31,45.55,$25.78,1.77,$33.51,1.36,$4.85,9.4,$2.87,15.87,$3.49B,$1.72B,2.03,$4.17B,$8.42B,0.5,$11.37B,$4.74B,41.67%,$11.37B,$1.60B,14.07%,$11.37B,$1.60B,14.07%,$11.37B,$2.20B,19.32%,$11.37B,$1.38B,12.12%,$11.37B,$0.97B,8.54%,$0.97B,$8.42B,11.67%,$0.97B,$-3.68B,-25.03%,$0.97B,$30.27B,3.26%,$1.60B,$12.58B,12.67%,$2841,$1661,$1180,$0,$778,$2439,$402,$-56,$346,$97,$249,$249,$238,$561,$402,$332,337,$0.72,$0.71,$323,$0,$0,$3487,$808,$721,$12099,$13156,$26784,$30271,$1718,$4168,$15969,$20137,$21855,$386,$8770,$-2239,$8416,$30271,$249,$159,$71,$230,$-583,$0,$-451,$499,$-494,$-15,$-71,$0,$-23,$283,$33,$316,$0,$222,$-65,$0,$-65,$-51,$-51,$-50,$0,$-166,$51,$55,$-50
27,2011-12-31,43.32,$25.00,1.73,$33.06,1.31,$5.39,8.04,$2.87,15.09,$3.46B,$2.17B,1.59,$4.16B,$8.12B,0.51,$11.29B,$4.72B,41.82%,$11.29B,$1.60B,14.14%,$11.29B,$1.60B,14.14%,$11.29B,$2.18B,19.30%,$11.29B,$1.39B,12.30%,$11.29B,$0.98B,8.67%,$0.98B,$8.12B,11.74%,$0.98B,$-3.93B,-24.80%,$0.98B,$29.55B,3.30%,$1.60B,$12.28B,12.56%,$2994,$1724,$1270,$0,$840,$2564,$430,$-42,$388,$104,$284,$284,$277,$575,$430,$336,341,$0.85,$0.82,$272,$0,$0,$3455,$783,$1024,$12046,$11986,$26097,$29552,$2169,$4155,$14807,$19263,$21432,$386,$8594,$-2370,$8120,$29552,$1010,$582,$375,$957,$-508,$0,$0,$-561,$-949,$1018,$-241,$0,$-97,$-8,$160,$152,$0,$-186,$-15,$0,$-15,$-651,$-651,$-230,$0,$-896,$-74,$235,$-230
28,2011-09-30,38.73,$25.61,1.51,$34.03,1.14,$5.13,7.55,$2.72,14.24,$3.04B,$1.77B,1.71,$4.42B,$8.28B,0.53,$11.20B,$4.64B,41.46%,$11.20B,$1.61B,14.34%,$11.20B,$1.61B,14.34%,$11.20B,$2.17B,19.36%,$11.20B,$1.36B,12.14%,$11.20B,$0.93B,8.33%,$0.93B,$8.28B,11.13%,$0.93B,$-3.92B,-23.59%,$0.93B,$28.75B,3.16%,$1.61B,$12.69B,12.63%,$2723,$1634,$1089,$0,$761,$2395,$328,$-36,$292,$84,$208,$208,$198,$472,$328,$333,337,$0.59,$0.59,$295,$0,$0,$3040,$773,$861,$12196,$11875,$25705,$28745,$1774,$4415,$14277,$18692,$20466,$386,$8377,$-1900,$8279,$28745,$730,$437,$178,$615,$376,$0,$-227,$-879,$-558,$787,$-151,$0,$-93,$176,$75,$251,$0,$7,$49,$0,$49,$-687,$-687,$-171,$0,$-809,$-51,$179,$-171
29,2011-06-30,47.19,$25.91,1.82,$32.33,1.46,$5.65,8.35,$1.62,29.13,$3.09B,$1.61B,1.92,$4.48B,$8.47B,0.53,$10.28B,$4.31B,41.89%,$10.28B,$1.54B,14.99%,$10.28B,$1.54B,14.99%,$10.28B,$2.02B,19.66%,$10.28B,$1.28B,12.41%,$10.28B,$0.88B,8.55%,$0.88B,$8.47B,11.30%,$0.88B,$-3.99B,-27.50%,$0.88B,$30.50B,3.12%,$1.54B,$12.94B,13.07%,$2811,$1612,$1199,$0,$759,$2371,$440,$-88,$352,$87,$265,$265,$258,$589,$440,$338,343,$0.76,$0.75,$300,$0,$0,$3085,$798,$764,$12459,$13390,$27411,$30496,$1609,$4479,$15943,$20422,$22031,$386,$8233,$-1698,$8465,$30496,$522,$293,$134,$427,$-698,$0,$-303,$349,$-530,$419,$-99,$0,$-87,$290,$76,$366,$0,$180,$-35,$0,$-35,$-491,$-491,$-106,$0,$-632,$-46,$121,$-106
30,2011-03-31,48.58,$25.68,1.89,$30.84,1.58,$7.59,6.4,$1.41,34.45,$3.33B,$2.05B,1.63,$4.41B,$8.49B,0.52,$9.37B,$3.84B,40.95%,$9.37B,$1.37B,14.62%,$9.37B,$1.37B,14.62%,$9.37B,$1.76B,18.79%,$9.37B,$1.17B,12.47%,$9.37B,$0.77B,8.26%,$0.77B,$8.49B,11.01%,$0.77B,$-3.96B,-31.66%,$0.77B,$29.80B,2.92%,$1.37B,$12.90B,13.26%,$2759,$1597,$1162,$0,$764,$2361,$398,$-42,$356,$103,$253,$253,$246,$542,$398,$339,345,$0.72,$0.71,$682,$0,$0,$3332,$791,$907,$12442,$12330,$26470,$29802,$2046,$4409,$14860,$19269,$21315,$386,$8039,$-1714,$8487,$29802,$255,$144,$85,$229,$289,$0,$-327,$-349,$-329,$155,$-56,$0,$-3,$218,$11,$229,$0,$170,$350,$0,$350,$-265,$-265,$-51,$0,$34,$336,$74,$-51
31,2010-12-31,42.07,$25.00,1.68,$29.58,1.42,$8.83,4.76,$1.33,31.63,$3.05B,$2.30B,1.32,$4.01B,$8.31B,0.48,$8.51B,$3.42B,40.12%,$8.51B,$1.24B,14.61%,$8.51B,$1.24B,14.61%,$8.51B,$1.55B,18.20%,$8.51B,$1.06B,12.44%,$8.51B,$0.71B,8.29%,$0.71B,$8.31B,11.26%,$0.71B,$-3.95B,-40.21%,$0.71B,$28.98B,2.85%,$1.24B,$12.32B,13.88%,$2909,$1715,$1194,$0,$754,$2469,$440,$-80,$360,$118,$242,$242,$231,$566,$440,$293,298,$0.69,$0.69,$346,$0,$0,$3047,$781,$1097,$12258,$11494,$25935,$28982,$2302,$4014,$13697,$18374,$20676,$386,$7861,$-1917,$8306,$28982,$732,$305,$340,$645,$747,$0,$-280,$-1061,$-594,$783,$-180,$0,$-2078,$-337,$56,$-281,$0,$-2539,$2089,$0,$2089,$-71,$-71,$-195,$0,$1823,$129,$221,$-195
32,2010-09-30,35.63,$21.57,1.65,$26.94,1.32,$8.05,4.43,$1.35,26.39,$2.42B,$1.89B,1.28,$3.15B,$5.84B,0.54,$7.68B,$2.96B,38.61%,$7.68B,$1.05B,13.61%,$7.68B,$1.05B,13.61%,$7.68B,$1.29B,16.83%,$7.68B,$0.92B,11.95%,$7.68B,$0.67B,8.77%,$0.67B,$5.84B,12.12%,$0.67B,$-0.89B,-59.70%,$0.67B,$23.36B,2.89%,$1.05B,$8.99B,13.50%,$1801,$1050,$751,$0,$488,$1538,$263,$-55,$208,$61,$147,$147,$144,$324,$263,$279,282,$0.52,$0.51,$335,$0,$0,$2421,$468,$2415,$6730,$11324,$20937,$23358,$1891,$3146,$12477,$15623,$17514,$363,$7700,$-1741,$5844,$23358,$491,$179,$219,$398,$-40,$0,$-297,$256,$-95,$794,$-115,$0,$-80,$-2158,$65,$-2093,$0,$-2288,$1724,$0,$1724,$-8,$-8,$-138,$0,$1578,$118,$166,$-138
33,2010-06-30,33.68,$20.31,1.66,$26.70,1.26,$5.97,5.64,$2.27,14.83,$2.25B,$1.56B,1.44,$1.60B,$5.48B,0.29,$7.67B,$2.89B,37.66%,$7.67B,$0.98B,12.73%,$7.67B,$0.98B,12.73%,$7.67B,$1.22B,15.88%,$7.67B,$0.89B,11.57%,$7.67B,$0.65B,8.46%,$0.65B,$5.48B,11.54%,$0.65B,$-0.99B,-61.62%,$0.65B,$23.96B,2.84%,$0.98B,$7.08B,12.97%,$1898,$1169,$729,$0,$461,$1630,$268,$-24,$244,$60,$184,$184,$153,$328,$268,$278,283,$0.55,$0.54,$260,$0,$0,$2254,$450,$775,$6463,$14014,$21702,$23956,$1562,$1601,$15315,$16916,$18478,$363,$7605,$-1961,$5478,$23956,$344,$118,$140,$258,$2,$0,$-343,$576,$281,$883,$-71,$0,$-55,$-712,$62,$-650,$0,$-776,$-2,$0,$-2,$-19,$-19,$-93,$0,$-114,$43,$123,$-93
34,2010-03-31,38.61,$20.25,1.91,$26.41,1.46,$3.24,11.9,$2.25,17.16,$2.41B,$1.35B,1.78,$2.01B,$5.46B,0.37,$7.65B,$2.91B,37.99%,$7.65B,$0.93B,12.13%,$7.65B,$0.93B,12.13%,$7.65B,$1.17B,15.26%,$7.65B,$0.85B,11.15%,$7.65B,$0.65B,8.43%,$0.65B,$5.46B,11.20%,$0.65B,$-1.20B,-66.51%,$0.65B,$22.96B,2.80%,$0.93B,$7.47B,12.26%,$1904,$1163,$741,$0,$468,$1631,$273,$-26,$247,$61,$186,$186,$178,$331,$273,$276,283,$0.65,$0.63,$422,$0,$0,$2405,$452,$620,$6657,$12825,$20554,$22959,$1353,$2013,$14136,$16149,$17502,$363,$7500,$-1871,$5457,$22959,$186,$58,$48,$106,$45,$0,$-274,$339,$175,$467,$-33,$0,$-47,$-299,$56,$-243,$0,$-323,$73,$0,$73,$-15,$-15,$-44,$0,$14,$205,$66,$-44
35,2009-12-31,34.53,$20.39,1.69,$26.01,1.33,$3.53,9.77,$2.59,13.33,$2.27B,$1.55B,1.47,$2.00B,$5.43B,0.37,$7.60B,$3.00B,39.47%,$7.60B,$1.02B,13.44%,$7.60B,$1.02B,13.44%,$7.60B,$1.26B,16.63%,$7.60B,$0.95B,12.50%,$7.60B,$0.75B,9.84%,$0.75B,$5.43B,12.86%,$0.75B,$-1.44B,-90.52%,$0.75B,$22.96B,3.24%,$1.02B,$7.43B,13.47%,$2073,$1330,$743,$0,$502,$1832,$241,$-23,$218,$56,$162,$162,$198,$309,$241,$283,291,$0.72,$0.69,$217,$0,$0,$2269,$461,$741,$6869,$11737,$20689,$22958,$1545,$1998,$13855,$15982,$17527,$363,$7335,$-1675,$5431,$22958,$792,$242,$256,$498,$295,$0,$-54,$-926,$-790,$500,$-140,$0,$-263,$259,$-85,$174,$0,$-229,$-25,$0,$-25,$-430,$-430,$-197,$0,$-652,$-365,$209,$-197
36,2009-09-30,36.51,$22.37,1.63,$24.87,1.47,$5.14,7.11,$1.93,18.92,$2.42B,$10.94B,0.22,$2.00B,$6.13B,0.33,$7.34B,$2.92B,39.81%,$7.34B,$0.93B,12.68%,$7.34B,$0.93B,12.68%,$7.34B,$1.17B,15.93%,$7.34B,$0.91B,12.37%,$7.34B,$0.54B,7.39%,$0.54B,$6.13B,9.36%,$0.54B,$-0.59B,-75.84%,$0.54B,$21.64B,2.36%,$0.93B,$8.13B,12.34%,$1794,$1119,$675,$0,$481,$1600,$194,$-16,$178,$47,$131,$131,$120,$250,$194,$284,292,$0.42,$0.41,$580,$0,$0,$2424,$453,$899,$6720,$11145,$19217,$21641,$10940,$1998,$2573,$4571,$15511,$363,$7189,$-1172,$6130,$21641,$574,$174,$136,$310,$218,$0,$-399,$-503,$-703,$181,$-86,$0,$84,$61,$4,$65,$0,$63,$-26,$0,$-26,$-108,$-108,$-124,$0,$-258,$-2,$152,$-124
37,2009-06-30,33.86,$21.89,1.55,$25.01,1.35,$4.67,7.25,$1.92,17.63,$2.47B,$2.07B,1.19,$1.25B,$6.01B,0.21,$7.40B,$2.96B,40.07%,$7.40B,$0.98B,13.31%,$7.40B,$0.98B,13.31%,$7.40B,$1.22B,16.44%,$7.40B,$0.95B,12.82%,$7.40B,$0.54B,7.30%,$0.54B,$6.01B,9.38%,$0.54B,$-0.65B,-150.94%,$0.54B,$24.44B,2.37%,$0.98B,$7.26B,13.14%,$1882,$1134,$748,$0,$528,$1662,$220,$-10,$210,$57,$153,$153,$149,$278,$220,$285,293,$0.51,$0.51,$537,$0,$0,$2474,$447,$876,$6659,$13982,$21964,$24438,$2073,$1249,$15108,$16357,$18430,$363,$7132,$-1254,$6008,$24438,$440,$118,$4,$122,$138,$0,$-305,$-373,$-465,$97,$-53,$0,$98,$3,$-1,$2,$0,$47,$-31,$0,$-31,$-36,$-36,$-83,$0,$-150,$-45,$95,$-83
38,2009-03-31,36.36,$20.46,1.78,$24.99,1.46,$5.20,6.99,$5.11,7.12,$2.30B,$12.68B,0.18,$1.85B,$5.66B,0.33,$7.47B,$3.03B,40.54%,$7.47B,$1.02B,13.64%,$7.47B,$1.02B,13.64%,$7.47B,$1.25B,16.75%,$7.47B,$0.96B,12.91%,$7.47B,$1.52B,20.40%,$1.52B,$5.66B,25.96%,$1.52B,$-0.62B,2080.55%,$1.52B,$23.11B,6.71%,$1.02B,$7.51B,13.07%,$1846,$1014,$832,$0,$466,$1480,$366,$-23,$343,$108,$235,$235,$280,$426,$366,$284,292,$0.99,$0.96,$501,$0,$0,$2296,$430,$1192,$6284,$12906,$20812,$23108,$12679,$1848,$2919,$4767,$17446,$363,$7034,$-1517,$5662,$23108,$285,$60,$-38,$22,$179,$0,$-260,$245,$246,$553,$-21,$0,$95,$-705,$-5,$-710,$0,$-636,$-1,$0,$-1,$55,$55,$-41,$0,$13,$-81,$40,$-41
39,2008-12-31,40.53,$19.92,2.03,$24.63,1.65,$4.91,8.26,$4.82,8.41,$2.57B,$1.67B,1.55,$1.87B,$5.42B,0.35,$7.53B,$2.95B,39.15%,$7.53B,$0.94B,12.49%,$7.53B,$0.94B,12.49%,$7.53B,$1.16B,15.44%,$7.53B,$0.88B,11.68%,$7.53B,$1.46B,19.42%,$1.46B,$5.42B,24.10%,$1.46B,$-1.00B,299.44%,$1.46B,$22.94B,6.21%,$0.94B,$7.29B,11.71%,$1821,$1153,$668,$0,$674,$1670,$151,$26,$177,$50,$127,$127,$-6,$216,$151,$293,305,$0.05,$0.01,$582,$0,$0,$2572,$451,$1016,$6416,$11690,$20368,$22940,$1665,$1872,$13870,$15860,$17525,$362,$6816,$-1462,$5415,$22940,$1478,$222,$-1142,$-920,$-151,$0,$-11,$517,$410,$968,$-103,$0,$1724,$-133,$-84,$-217,$0,$1404,$-386,$0,$-386,$-1678,$-1678,$-180,$0,$-2244,$-2,$248,$-180
40,2008-09-30,39.74,$22.04,1.8,$24.22,1.64,$5.41,7.35,$5.43,7.32,$2.36B,$1.18B,2.0,$1.96B,$5.95B,0.33,$7.53B,$2.97B,39.44%,$7.53B,$0.98B,12.95%,$7.53B,$0.98B,12.95%,$7.53B,$1.19B,15.78%,$7.53B,$0.98B,13.03%,$7.53B,$1.68B,22.25%,$1.68B,$5.95B,26.72%,$1.68B,$0.84B,165.19%,$1.68B,$20.72B,6.96%,$0.98B,$7.91B,11.84%,$1846,$1131,$715,$0,$419,$1599,$247,$-29,$218,$59,$159,$159,$117,$296,$247,$282,294,$0.42,$0.40,$478,$0,$0,$2355,$449,$2316,$5104,$10494,$18363,$20718,$1180,$1964,$11627,$13591,$14771,$361,$6868,$-738,$5947,$20718,$1480,$157,$-1277,$-1120,$111,$0,$-357,$-77,$-323,$37,$-80,$0,$2718,$-761,$-11,$-772,$0,$1866,$67,$-232,$-165,$-1731,$-1731,$-130,$0,$-2026,$-106,$194,$-130
41,2008-06-30,40.47,$23.25,1.74,$23.37,1.73,$8.11,4.99,$5.67,7.14,$2.48B,$1.21B,2.05,$2.02B,$6.46B,0.31,$7.43B,$2.96B,39.77%,$7.43B,$0.98B,13.24%,$7.43B,$0.98B,13.24%,$7.43B,$1.20B,16.12%,$7.43B,$0.99B,13.27%,$7.43B,$1.76B,23.71%,$1.76B,$6.46B,28.48%,$1.76B,$1.07B,188.35%,$1.76B,$24.08B,7.10%,$0.98B,$8.48B,12.06%,$1956,$1143,$813,$0,$500,$1701,$255,$-29,$226,$57,$169,$169,$1133,$313,$255,$290,305,$3.82,$3.71,$466,$0,$0,$2478,$483,$2980,$5382,$12752,$21597,$24075,$1207,$2022,$14391,$16413,$17620,$361,$6807,$-490,$6455,$24075,$1359,$108,$-1324,$-1216,$43,$0,$-350,$432,$125,$268,$-58,$0,$2852,$-1704,$-3,$-1707,$0,$1087,$66,$-231,$-165,$-1246,$-1246,$-89,$0,$-1500,$-118,$142,$-89
42,2008-03-31,35.3,$21.60,1.63,$22.76,1.55,$9.76,3.62,$2.71,13.02,$2.39B,$1.29B,1.85,$2.00B,$6.45B,0.31,$7.34B,$2.90B,39.49%,$7.34B,$1.02B,13.83%,$7.34B,$1.02B,13.83%,$7.34B,$1.22B,16.62%,$7.34B,$1.04B,14.18%,$7.34B,$0.87B,11.84%,$0.87B,$6.45B,14.71%,$0.87B,$1.04B,113.15%,$0.87B,$26.51B,3.47%,$1.02B,$8.45B,12.81%,$1905,$1154,$751,$0,$414,$1618,$287,$-29,$258,$76,$182,$182,$218,$337,$287,$312,320,$0.70,$0.68,$452,$0,$0,$2390,$507,$1187,$5414,$17009,$24117,$26507,$1290,$1995,$16770,$18765,$20055,$361,$5767,$-396,$6452,$26507,$223,$50,$52,$102,$111,$0,$-268,$348,$191,$516,$-29,$0,$-46,$-74,$-18,$-92,$0,$-167,$58,$-169,$-111,$-343,$-343,$-46,$0,$-500,$-132,$82,$-46
43,2007-12-31,41.73,$20.44,2.04,$22.35,1.87,$10.64,3.92,$2.69,15.51,$2.58B,$1.67B,1.55,$1.89B,$6.22B,0.3,$7.23B,$2.89B,39.99%,$7.23B,$1.00B,13.87%,$7.23B,$1.00B,13.87%,$7.23B,$1.21B,16.70%,$7.23B,$1.02B,14.14%,$7.23B,$0.86B,11.94%,$0.86B,$6.22B,15.40%,$0.86B,$1.10B,144.06%,$0.86B,$24.93B,3.52%,$1.00B,$8.11B,13.12%,$1821,$1131,$690,$0,$645,$1635,$186,$93,$279,$82,$197,$197,$207,$242,$186,$305,327,$0.62,$0.61,$584,$0,$0,$2577,$497,$1452,$5119,$14755,$22352,$24929,$1665,$1893,$15041,$17043,$18708,$361,$5607,$-726,$6221,$24929,$877,$205,$130,$335,$53,$0,$-116,$-17,$51,$1263,$-170,$0,$-251,$-114,$19,$-95,$53,$-463,$92,$0,$92,$-469,$-469,$-176,$0,$-553,$303,$204,$-176
44,2007-09-30,39.08,$19.25,2.03,$17.45,2.24,$9.69,4.03,$2.73,14.31,$8.62B,$12.39B,0.7,$1.99B,$5.62B,0.36,$5.64B,$2.47B,43.74%,$5.64B,$0.87B,15.49%,$5.64B,$0.87B,15.49%,$5.64B,$1.09B,19.39%,$5.64B,$0.80B,14.18%,$5.64B,$0.88B,15.60%,$0.88B,$5.62B,16.42%,$0.88B,$0.53B,190.37%,$0.88B,$23.82B,3.61%,$0.87B,$7.61B,11.68%,$1749,$1048,$701,$0,$397,$1493,$256,$-33,$223,$93,$130,$130,$204,$306,$256,$295,322,$0.69,$0.64,$321,$0,$0,$8617,$520,$7485,$5086,$1539,$15206,$23823,$12390,$1994,$3824,$5818,$18208,$350,$5452,$-791,$5615,$23823,$657,$149,$73,$222,$49,$0,$-511,$354,$47,$926,$-103,$0,$-228,$363,$-36,$327,$39,$35,$-247,$-29,$-276,$-548,$-548,$-132,$0,$-956,$40,$152,$-132
45,2007-06-30,37.02,$18.25,2.03,$18.38,2.01,$9.27,4.0,$2.41,15.36,$9.66B,$13.52B,0.71,$2.18B,$5.34B,0.41,$6.06B,$2.47B,40.75%,$6.06B,$0.79B,13.05%,$6.06B,$0.79B,13.05%,$6.06B,$1.02B,16.80%,$6.06B,$0.72B,11.81%,$6.06B,$0.78B,12.90%,$0.78B,$5.34B,14.76%,$0.78B,$0.40B,145.76%,$0.78B,$24.79B,3.05%,$0.79B,$7.53B,10.63%,$1866,$1109,$757,$0,$425,$1580,$286,$-5,$281,$98,$183,$183,$240,$335,$286,$296,322,$0.81,$0.75,$406,$0,$0,$9661,$526,$7547,$4941,$1554,$15130,$24791,$13524,$2182,$3741,$5923,$19447,$350,$5303,$-928,$5344,$24791,$453,$99,$69,$168,$59,$0,$-461,$480,$212,$833,$-82,$0,$-206,$209,$-71,$138,$39,$-111,$-36,$-38,$-74,$-455,$-455,$-88,$0,$-617,$125,$107,$-88
46,2007-03-31,32.86,$17.91,1.83,$18.99,1.73,$9.31,3.53,$2.23,14.73,$9.32B,$13.31B,0.7,$2.07B,$5.26B,0.39,$6.40B,$2.53B,39.50%,$6.40B,$0.81B,12.60%,$6.40B,$0.81B,12.60%,$6.40B,$1.04B,16.30%,$6.40B,$0.70B,10.96%,$6.40B,$0.74B,11.48%,$0.74B,$5.26B,13.84%,$0.74B,$0.37B,112.69%,$0.74B,$24.59B,2.73%,$0.81B,$7.33B,10.86%,$1798,$1053,$745,$0,$423,$1523,$275,$-35,$240,$75,$165,$165,$213,$325,$275,$298,324,$0.71,$0.66,$351,$0,$0,$9323,$507,$7666,$4895,$1656,$15268,$24591,$13306,$2072,$3953,$6025,$19331,$347,$5141,$-921,$5260,$24591,$213,$50,$29,$79,$36,$0,$20,$407,$524,$816,$-35,$0,$-190,$41,$-37,$4,$0,$-221,$-173,$-41,$-214,$-272,$-272,$-44,$0,$-530,$70,$51,$-44
47,2006-12-31,30.46,$17.41,1.75,$19.63,1.55,$8.81,3.46,$2.14,14.23,$8.91B,$11.23B,0.79,$2.24B,$5.22B,0.43,$6.77B,$2.60B,38.38%,$6.77B,$0.83B,12.26%,$6.77B,$0.83B,12.26%,$6.77B,$1.07B,15.86%,$6.77B,$0.73B,10.75%,$6.77B,$0.72B,10.64%,$0.72B,$5.22B,13.53%,$0.72B,$0.55B,95.40%,$0.72B,$24.38B,2.58%,$0.83B,$7.46B,11.18%,$229,$-36,$265,$0,$152,$172,$57,$-1,$56,$5,$51,$51,$223,$128,$57,$317,342,$0.72,$0.67,$281,$0,$0,$8912,$456,$4864,$4666,$4746,$15472,$24384,$11226,$2243,$5603,$7940,$19166,$347,$4992,$-1010,$5218,$24384,$720,$244,$83,$327,$-555,$0,$756,$-107,$-79,$968,$-152,$0,$-138,$-470,$-112,$-582,$682,$-190,$107,$34,$141,$-916,$-916,$-189,$0,$-964,$-195,$153,$-189
