,Date,Stock Price,Book Value per Share,Price to Book Ratio,TTM Sales per Share,Price to Sales Ratio,TTM FCF per Share,Price to FCF Ratio,TTM Net EPS,PE Ratio,Current Assets,Current Liabilities,Current Ratio,Long Term Debt,Shareholder's Equity_x,Debt to Equity Ratio,TTM Revenue_x,TTM Gross Profit,Gross Margin,TTM Revenue_y,TTM Operating Income,Operating Margin,TTM Revenue_x,TTM EBIT,EBIT Margin,TTM Revenue_y,TTM EBITDA,EBITDA Margin,TTM Revenue_x,TTM Pre-Tax Income,Pre-Tax Margin,TTM Revenue_y,TTM Net Income_x,Net Margin,TTM Net Income_y,Shareholder's Equity_y,Return on Equity,TTM Net Income_x,Tangible Equity,Return on Tangible Equity,TTM Net Income_y,Total Assets,Return on Assets,TTM Net Income,LT Investments & Debt,Return on Investment,revenue,cost-goods-sold,gross-profit,research-development-expenses,selling-general-administrative-expenses,operating-expenses,operating-income,total-non-operating-income-expense,pre-tax-income,total-provision-income-taxes,income-after-taxes,income-from-continuous-operations,net-income,ebitda,ebit,basic-shares-outstanding,shares-outstanding,eps-basic-net-earnings-per-share,eps-earnings-per-share-diluted,cash-on-hand,inventory,other-current-assets,total-current-assets,net-property-plant-equipment,long-term-investments,goodwill-intangible-assets-total,other-long-term-assets,total-long-term-assets,total-assets,total-current-liabilities,long-term-debt,other-non-current-liabilities,total-long-term-liabilities,total-liabilities,common-stock-net,retained-earnings-accumulated-deficit,comprehensive-income,total-share-holder-equity,total-liabilities-share-holders-equity,net-income-loss,total-depreciation-amortization-cash-flow,other-non-cash-items,total-non-cash-items,change-in-accounts-receivable,change-in-inventories,change-in-accounts-payable,change-in-assets-liabilities,total-change-in-assets-liabilities,cash-flow-from-operating-activities,net-change-in-property-plant-equipment,net-change-in-intangible-assets,net-acquisitions-divestitures,net-change-in-short-term-investments,net-change-in-long-term-investments,net-change-in-investments-total,investing-activities-other,cash-flow-from-investing-activities,net-long-term-debt,net-current-debt,debt-issuance-retirement-net-total,net-common-equity-issued-repurchased,net-total-equity-issued-repurchased,total-common-preferred-stock-dividends-paid,financial-activities-other,cash-flow-from-financial-activities,net-cash-flow,stock-based-compensation,common-stock-dividends-paid
0,2018-09-30,11.63,$17.73,0.66,$17.41,0.67,$-14.39,0.0,$0.38,30.61,$0.28B,$0.17B,1.67,$0.09B,$0.42B,0.22,$0.43B,$0.12B,27.08%,$0.43B,$0.01B,1.16%,$0.43B,$0.01B,1.16%,$0.43B,$0.04B,8.33%,$0.43B,$0.00B,0.23%,$0.43B,$0.01B,2.78%,$0.01B,$0.42B,2.86%,$0.01B,$0.41B,2.98%,$0.01B,$0.69B,1.94%,$0.01B,$0.51B,1.07%,$115,$82,$33,$11,$20,$114,$1,$-1,$-0,$1,$-1,$-1,$2,$9,$1,$24,25,$0.10,$0.10,$113,$98,$33,$281,$369,$0,$17,$14,$404,$685,$169,$92,$2,$95,$263,$0,$126,$-3,$422,$685,$-1,$8,$3,$11,$-4,$-8,$10,$0,$8,$18,$-49,$-0,$0,$0,$0,$0,$0,$-49,$16,$0,$16,$-1,$-1,$0,$-0,$15,$-18,$3,$0
1,2018-06-30,14.24,$17.86,0.8,$16.93,0.84,$-13.75,0.0,$0.57,24.98,$0.29B,$0.16B,1.84,$0.08B,$0.43B,0.2,$0.42B,$0.11B,26.54%,$0.42B,$0.01B,2.13%,$0.42B,$0.01B,2.13%,$0.42B,$0.04B,9.24%,$0.42B,$0.01B,1.42%,$0.42B,$0.02B,3.55%,$0.02B,$0.43B,3.66%,$0.02B,$0.41B,3.82%,$0.02B,$0.67B,2.64%,$0.01B,$0.51B,2.07%,$110,$81,$29,$10,$19,$110,$-0,$-2,$-2,$1,$-3,$-3,$1,$8,$-0,$24,25,$0.05,$0.04,$132,$90,$30,$285,$332,$0,$17,$29,$382,$667,$155,$84,$2,$86,$241,$0,$123,$0,$426,$667,$5,$29,$9,$39,$-5,$-14,$5,$-35,$-40,$3,$-178,$-16,$0,$0,$0,$0,$0,$-194,$90,$0,$90,$-10,$-10,$0,$127,$207,$16,$11,$0
2,2018-03-31,15.45,$18.29,0.84,$16.46,0.94,$-6.88,0.0,$0.70,22.07,$0.26B,$0.14B,1.81,$0.01B,$0.44B,0.03,$0.41B,$0.11B,26.34%,$0.41B,$0.01B,3.17%,$0.41B,$0.01B,3.17%,$0.41B,$0.04B,10.24%,$0.41B,$0.01B,2.93%,$0.41B,$0.02B,4.39%,$0.02B,$0.44B,4.76%,$0.02B,$0.42B,4.93%,$0.02B,$0.60B,3.59%,$0.01B,$0.45B,3.41%,$103,$76,$27,$10,$16,$102,$1,$-0,$0,$1,$-0,$-0,$2,$8,$1,$24,25,$0.07,$0.07,$125,$90,$17,$262,$259,$0,$17,$53,$333,$595,$144,$11,$1,$14,$159,$0,$122,$5,$436,$595,$8,$22,$8,$30,$-1,$-14,$6,$-16,$-23,$14,$-123,$-14,$0,$0,$0,$0,$-0,$-137,$13,$0,$13,$-9,$-9,$0,$127,$130,$9,$8,$0
3,2017-12-31,16.36,$16.44,1.0,$16.04,1.02,$-2.59,0.0,$0.77,21.25,$0.27B,$0.13B,2.12,$0.00B,$0.39B,0.0,$0.40B,$0.10B,26.00%,$0.40B,$0.02B,3.75%,$0.40B,$0.02B,3.75%,$0.40B,$0.04B,11.00%,$0.40B,$0.02B,3.75%,$0.40B,$0.02B,5.00%,$0.02B,$0.39B,5.84%,$0.02B,$0.38B,6.05%,$0.02B,$0.52B,4.49%,$0.02B,$0.39B,4.37%,$104,$76,$28,$9,$16,$101,$3,$-0,$3,$-2,$5,$5,$7,$11,$3,$24,25,$0.28,$0.27,$146,$86,$9,$265,$193,$0,$15,$43,$255,$521,$125,$0,$1,$2,$127,$0,$120,$2,$393,$521,$8,$14,$4,$18,$4,$-9,$2,$-9,$-5,$22,$-65,$-10,$0,$0,$0,$0,$0,$-75,$-0,$0,$-0,$-4,$-4,$0,$87,$83,$31,$6,$0
4,2017-09-30,16.49,$16.06,1.03,$15.68,1.05,$-0.74,0.0,$0.61,27.03,$0.29B,$0.10B,2.88,$0.00B,$0.39B,0.0,$0.39B,$0.10B,25.06%,$0.39B,$0.02B,3.84%,$0.39B,$0.02B,3.84%,$0.39B,$0.04B,11.00%,$0.39B,$0.02B,3.84%,$0.39B,$0.02B,4.09%,$0.02B,$0.39B,5.06%,$0.02B,$0.36B,5.19%,$0.02B,$0.49B,3.94%,$0.02B,$0.39B,4.73%,$105,$77,$28,$8,$15,$100,$5,$0,$5,$1,$3,$3,$5,$12,$5,$24,25,$0.20,$0.19,$181,$79,$6,$292,$159,$0,$22,$15,$200,$493,$102,$1,$1,$5,$106,$0,$113,$1,$386,$493,$3,$7,$2,$9,$3,$-3,$-0,$-3,$-0,$12,$-28,$-6,$0,$0,$0,$0,$0,$-34,$-0,$0,$-0,$0,$0,$0,$87,$87,$65,$2,$0
5,2017-06-30,16.67,$12.44,1.34,$15.47,1.08,$-0.05,0.0,$0.56,29.77,$0.23B,$0.10B,2.38,$0.00B,$0.30B,0.0,$0.38B,$0.09B,24.02%,$0.38B,$0.01B,3.66%,$0.38B,$0.01B,3.66%,$0.38B,$0.04B,10.70%,$0.38B,$0.01B,3.66%,$0.38B,$0.01B,3.66%,$0.01B,$0.30B,4.81%,$0.01B,$0.30B,4.85%,$0.01B,$0.40B,3.76%,$0.01B,$0.30B,4.80%,$98,$73,$25,$8,$14,$94,$4,$0,$4,$1,$3,$3,$4,$11,$4,$24,25,$0.18,$0.17,$116,$76,$5,$225,$148,$0,$0,$20,$173,$398,$95,$1,$1,$5,$100,$0,$114,$0,$299,$398,$9,$27,$13,$41,$-2,$-7,$5,$-5,$-7,$43,$-46,$-9,$0,$0,$-1,$-1,$-0,$-56,$-1,$0,$-1,$11,$11,$0,$31,$41,$28,$7,$0
6,2017-03-31,17.19,$12.26,1.4,$15.59,1.1,$0.90,19.0,$0.47,36.57,$0.22B,$0.07B,2.97,$0.00B,$0.29B,0.0,$0.38B,$0.09B,22.87%,$0.38B,$0.01B,3.46%,$0.38B,$0.01B,3.46%,$0.38B,$0.04B,10.37%,$0.38B,$0.01B,3.19%,$0.38B,$0.01B,3.19%,$0.01B,$0.29B,4.34%,$0.01B,$0.28B,4.37%,$0.01B,$0.37B,3.40%,$0.01B,$0.29B,4.68%,$93,$71,$23,$8,$12,$90,$3,$-0,$3,$1,$2,$2,$4,$10,$3,$24,25,$0.15,$0.14,$116,$73,$5,$217,$117,$0,$9,$22,$153,$370,$73,$1,$2,$6,$79,$0,$110,$0,$292,$370,$6,$20,$11,$31,$4,$-5,$-2,$-6,$-8,$29,$-31,$-9,$0,$0,$0,$0,$0,$-40,$-1,$0,$-1,$9,$9,$0,$31,$39,$28,$5,$0
7,2016-12-31,21.27,$12.21,1.74,$15.58,1.36,$1.56,13.6,$0.27,78.78,$0.22B,$0.07B,3.32,$0.00B,$0.29B,0.0,$0.37B,$0.08B,21.58%,$0.37B,$0.01B,2.73%,$0.37B,$0.01B,2.73%,$0.37B,$0.04B,9.84%,$0.37B,$0.01B,2.46%,$0.37B,$0.01B,1.91%,$0.01B,$0.29B,2.66%,$0.01B,$0.29B,2.67%,$0.01B,$0.36B,2.06%,$0.01B,$0.29B,3.79%,$95,$73,$22,$7,$12,$92,$3,$-0,$3,$1,$2,$2,$3,$10,$3,$23,25,$0.12,$0.11,$123,$70,$6,$224,$123,$0,$0,$10,$138,$362,$67,$1,$2,$6,$74,$0,$106,$-0,$288,$362,$4,$13,$9,$22,$2,$-1,$-5,$-7,$-8,$18,$-15,$-9,$0,$0,$0,$0,$-0,$-23,$-0,$0,$-0,$9,$9,$0,$33,$41,$35,$3,$0
8,2016-09-30,21.72,$12.23,1.78,$15.38,1.41,$2.05,10.61,$0.09,241.33,$0.22B,$0.07B,3.2,$0.00B,$0.29B,0.01,$0.35B,$0.07B,20.51%,$0.35B,$0.01B,1.99%,$0.35B,$0.01B,1.99%,$0.35B,$0.03B,9.40%,$0.35B,$0.01B,1.42%,$0.35B,$0.00B,0.57%,$0.00B,$0.29B,0.80%,$0.00B,$0.29B,0.80%,$0.00B,$0.36B,0.62%,$0.01B,$0.29B,2.79%,$97,$75,$22,$7,$11,$94,$4,$-0,$4,$1,$2,$2,$3,$10,$4,$23,24,$0.14,$0.14,$119,$70,$5,$221,$123,$0,$0,$11,$139,$361,$69,$1,$2,$7,$76,$0,$103,$1,$285,$361,$2,$7,$8,$14,$-0,$-1,$-3,$-6,$-7,$9,$-8,$-9,$0,$0,$0,$0,$-0,$-17,$-0,$0,$-0,$6,$6,$0,$33,$39,$31,$1,$0
9,2016-06-30,13.93,$10.64,1.31,$14.98,0.93,$2.08,6.69,$-0.14,0.0,$0.19B,$0.07B,2.71,$0.00B,$0.24B,0.01,$0.34B,$0.07B,19.40%,$0.34B,$0.00B,0.60%,$0.34B,$0.00B,0.60%,$0.34B,$0.03B,8.66%,$0.34B,0,0.00%,$0.34B,$-0.00B,-0.90%,$-0.00B,$0.24B,-1.26%,$-0.00B,$0.24B,-1.26%,$-0.00B,$0.32B,-0.97%,$0.00B,$0.24B,0.84%,$91,$72,$19,$7,$10,$89,$3,$-0,$2,$1,$2,$2,$2,$9,$3,$22,22,$0.09,$0.09,$88,$69,$5,$188,$116,$0,$0,$2,$131,$319,$69,$2,$2,$7,$76,$0,$100,$1,$242,$319,$-3,$27,$6,$33,$12,$-5,$-1,$-0,$10,$40,$-22,$0,$0,$0,$0,$0,$0,$-22,$-1,$0,$-1,$-35,$-35,$0,$-1,$-37,$-18,$4,$0
10,2016-03-31,11.85,$10.54,1.12,$13.99,0.85,$1.51,7.84,$-0.34,0.0,$0.19B,$0.07B,2.62,$0.00B,$0.24B,0.0,$0.33B,$0.06B,18.46%,$0.33B,$-0.00B,-0.92%,$0.33B,$-0.00B,-0.92%,$0.33B,$0.02B,7.38%,$0.33B,$-0.00B,-1.23%,$0.33B,$-0.01B,-2.46%,$-0.01B,$0.24B,-3.23%,$-0.01B,$0.24B,-3.24%,$-0.01B,$0.31B,-2.52%,$-0.00B,$0.24B,-1.21%,$83,$67,$16,$7,$10,$83,$-0,$0,$-0,$1,$-1,$-1,$-1,$7,$-0,$22,22,$-0.06,$-0.06,$79,$68,$6,$188,$112,$0,$0,$3,$126,$314,$72,$0,$2,$6,$78,$0,$98,$1,$236,$314,$-5,$21,$4,$25,$7,$-4,$2,$-2,$6,$26,$-14,$0,$0,$0,$0,$0,$0,$-14,$-1,$0,$-1,$-38,$-38,$0,$-1,$-40,$-27,$3,$0
11,2015-12-31,9.19,$10.61,0.87,$13.16,0.7,$1.16,7.92,$-0.44,0.0,$0.18B,$0.06B,3.07,$0.00B,$0.24B,0.0,$0.32B,$0.06B,17.87%,$0.32B,$-0.01B,-1.88%,$0.32B,$-0.01B,-1.88%,$0.32B,$0.02B,6.27%,$0.32B,$-0.01B,-2.19%,$0.32B,$-0.01B,-3.45%,$-0.01B,$0.24B,-4.26%,$-0.01B,$0.24B,-4.26%,$-0.01B,$0.30B,-3.37%,$-0.01B,$0.24B,-2.32%,$80,$65,$15,$6,$9,$80,$-0,$-0,$-1,$1,$-2,$-2,$-2,$7,$-0,$22,22,$-0.07,$-0.07,$82,$61,$3,$175,$112,$0,$0,$2,$125,$300,$57,$0,$2,$6,$63,$0,$99,$1,$237,$300,$-4,$14,$3,$17,$13,$3,$-6,$1,$12,$25,$-11,$0,$0,$0,$0,$0,$0,$-11,$-0,$0,$-0,$-37,$-37,$0,$-0,$-38,$-24,$2,$0
12,2015-09-30,7.79,$10.67,0.73,$12.64,0.62,$0.84,9.23,$-0.42,0.0,$0.18B,$0.06B,2.88,$0.00B,$0.24B,0.0,$0.32B,$0.06B,17.81%,$0.32B,$-0.01B,-1.88%,$0.32B,$-0.01B,-1.88%,$0.32B,$0.02B,6.25%,$0.32B,$-0.01B,-1.88%,$0.32B,$-0.01B,-3.13%,$-0.01B,$0.24B,-3.70%,$-0.01B,$0.24B,-3.70%,$-0.01B,$0.31B,-2.94%,$-0.01B,$0.24B,-2.22%,$81,$66,$15,$6,$9,$82,$-1,$-0,$-1,$1,$-2,$-2,$-2,$6,$-1,$23,23,$-0.09,$-0.09,$73,$62,$4,$179,$117,$0,$0,$2,$130,$309,$62,$0,$3,$7,$69,$0,$101,$1,$240,$309,$-2,$7,$1,$8,$2,$2,$-5,$1,$2,$8,$-6,$0,$0,$0,$0,$0,$0,$-6,$-0,$0,$-0,$-35,$-35,$0,$-0,$-35,$-33,$1,$0
13,2015-06-30,8.74,$10.51,0.83,$12.32,0.71,$0.96,9.1,$-0.31,0.0,$0.21B,$0.07B,3.22,$0.00B,$0.28B,0.0,$0.33B,$0.06B,18.35%,$0.33B,$-0.00B,-0.92%,$0.33B,$-0.00B,-0.92%,$0.33B,$0.02B,7.03%,$0.33B,$-0.00B,-0.92%,$0.33B,$-0.01B,-2.14%,$-0.01B,$0.28B,-2.48%,$-0.01B,$0.28B,-2.48%,$-0.01B,$0.35B,-1.98%,$-0.00B,$0.28B,-1.06%,$81,$67,$14,$7,$10,$84,$-2,$0,$-2,$1,$-3,$-3,$-3,$4,$-2,$26,26,$-0.10,$-0.10,$106,$64,$4,$214,$120,$0,$0,$2,$134,$348,$66,$0,$3,$5,$71,$0,$103,$1,$277,$348,$-8,$28,$5,$32,$-2,$2,$3,$-1,$3,$28,$-21,$0,$0,$0,$0,$0,$-0,$-21,$-15,$0,$-15,$-3,$-3,$0,$-1,$-18,$-12,$4,$0
14,2015-03-31,8.91,$10.60,0.84,$12.41,0.72,$1.83,4.88,$-0.21,0.0,$0.22B,$0.06B,3.5,$0.00B,$0.28B,0.0,$0.33B,$0.06B,18.90%,$0.33B,$-0.00B,-0.30%,$0.33B,$-0.00B,-0.30%,$0.33B,$0.03B,7.93%,$0.33B,$-0.00B,-0.30%,$0.33B,$-0.00B,-1.22%,$-0.00B,$0.28B,-1.41%,$-0.00B,$0.28B,-1.41%,$-0.00B,$0.35B,-1.12%,$-0.00B,$0.28B,-0.35%,$77,$64,$13,$7,$9,$80,$-3,$-0,$-3,$1,$-4,$-4,$-4,$3,$-3,$26,26,$-0.16,$-0.16,$113,$66,$3,$217,$116,$0,$0,$3,$130,$347,$62,$0,$3,$6,$68,$0,$106,$1,$279,$347,$-5,$21,$3,$24,$6,$0,$-5,$-1,$-1,$18,$-13,$0,$0,$0,$0,$0,$-0,$-13,$-8,$0,$-8,$-2,$-2,$0,$-0,$-10,$-5,$3,$0
15,2014-12-31,8.85,$10.74,0.82,$12.39,0.71,$2.41,3.68,$-0.18,0.0,$0.22B,$0.06B,3.59,$0.00B,$0.29B,0.0,$0.33B,$0.06B,18.71%,$0.33B,$-0.00B,-0.31%,$0.33B,$-0.00B,-0.31%,$0.33B,$0.03B,8.28%,$0.33B,$-0.00B,-0.31%,$0.33B,$-0.00B,-0.92%,$-0.00B,$0.29B,-1.06%,$-0.00B,$0.29B,-1.06%,$-0.00B,$0.36B,-0.84%,$-0.00B,$0.29B,-0.35%,$81,$66,$15,$6,$9,$82,$-0,$-0,$-0,$1,$-1,$-1,$-1,$7,$-0,$27,27,$-0.05,$-0.05,$121,$70,$4,$224,$119,$0,$0,$2,$132,$356,$62,$1,$3,$7,$70,$0,$110,$1,$286,$356,$-1,$14,$2,$16,$10,$-3,$-7,$0,$-0,$15,$-7,$0,$0,$0,$0,$0,$0,$-7,$-7,$0,$-7,$2,$2,$0,$0,$-5,$3,$2,$0
16,2014-09-30,9.4,$10.79,0.87,$12.21,0.77,$2.56,3.68,$-0.12,0.0,$0.23B,$0.07B,3.25,$0.00B,$0.29B,0.0,$0.32B,$0.06B,18.69%,$0.32B,0,0.00%,$0.32B,0,0.00%,$0.32B,$0.03B,8.72%,$0.32B,0,0.00%,$0.32B,$-0.00B,-0.62%,$-0.00B,$0.29B,-0.71%,$-0.00B,$0.29B,-0.71%,$-0.00B,$0.36B,-0.56%,$0.00B,$0.29B,0.00%,$88,$70,$18,$7,$10,$86,$2,$-0,$2,$1,$1,$1,$1,$9,$2,$26,27,$0.02,$0.02,$118,$68,$4,$227,$121,$0,$0,$2,$134,$361,$70,$1,$3,$6,$76,$0,$111,$1,$285,$361,$1,$7,$1,$8,$1,$-2,$-1,$-0,$-1,$8,$-2,$0,$0,$0,$0,$0,$-0,$-2,$-6,$0,$-6,$1,$1,$0,$0,$-5,$0,$1,$0
17,2014-06-30,9.27,$10.76,0.86,$12.14,0.76,$2.56,3.62,$-0.13,0.0,$0.23B,$0.07B,3.09,$0.00B,$0.28B,0.0,$0.32B,$0.06B,18.61%,$0.32B,$-0.00B,-0.32%,$0.32B,$-0.00B,-0.32%,$0.32B,$0.03B,8.52%,$0.32B,$-0.00B,-0.32%,$0.32B,$-0.00B,-0.95%,$-0.00B,$0.28B,-1.06%,$-0.00B,$0.28B,-1.06%,$-0.00B,$0.36B,-0.85%,$-0.00B,$0.28B,-0.34%,$82,$66,$16,$7,$9,$82,$0,$-0,$0,$0,$-0,$-0,$-0,$7,$0,$26,26,$-0.01,$-0.01,$118,$67,$4,$228,$123,$0,$0,$2,$137,$364,$74,$1,$3,$8,$81,$0,$111,$1,$283,$364,$-3,$28,$3,$31,$2,$2,$6,$-1,$10,$38,$-9,$0,$0,$0,$0,$0,$-0,$-9,$-5,$0,$-5,$2,$2,$0,$-0,$-3,$25,$3,$0
18,2014-03-31,7.36,$10.79,0.68,$12.02,0.61,$1.88,3.93,$-0.27,0.0,$0.21B,$0.05B,4.21,$0.01B,$0.28B,0.04,$0.31B,$0.06B,17.95%,$0.31B,$-0.00B,-1.28%,$0.31B,$-0.00B,-1.28%,$0.31B,$0.02B,7.69%,$0.31B,$-0.00B,-1.28%,$0.31B,$-0.01B,-2.24%,$-0.01B,$0.28B,-2.48%,$-0.01B,$0.28B,-2.48%,$-0.01B,$0.35B,-1.98%,$-0.00B,$0.29B,-1.36%,$75,$63,$12,$6,$9,$78,$-3,$-0,$-3,$0,$-3,$-3,$-3,$4,$-3,$26,26,$-0.13,$-0.13,$111,$60,$4,$213,$124,$0,$0,$2,$137,$350,$51,$12,$4,$17,$68,$0,$111,$1,$282,$350,$-3,$21,$3,$24,$2,$9,$-4,$-1,$6,$27,$-6,$0,$0,$0,$0,$0,$0,$-6,$-4,$0,$-4,$1,$1,$0,$0,$-3,$18,$2,$0
19,2013-12-31,7.71,$10.94,0.7,$12.07,0.64,$1.95,3.95,$-0.66,0.0,$0.21B,$0.05B,4.46,$0.01B,$0.28B,0.04,$0.31B,$0.05B,15.71%,$0.31B,$-0.01B,-4.49%,$0.31B,$-0.01B,-4.49%,$0.31B,$0.01B,4.49%,$0.31B,$-0.01B,-4.49%,$0.31B,$-0.02B,-5.45%,$-0.02B,$0.28B,-6.01%,$-0.02B,$0.28B,-6.02%,$-0.02B,$0.35B,-4.77%,$-0.01B,$0.30B,-4.73%,$76,$63,$14,$5,$7,$75,$1,$-0,$1,$1,$0,$0,$0,$8,$1,$26,26,$0.01,$0.01,$103,$63,$3,$210,$128,$0,$1,$1,$140,$350,$47,$12,$5,$19,$66,$0,$115,$1,$284,$350,$0,$14,$1,$15,$-0,$6,$-6,$-0,$-1,$15,$-3,$0,$0,$0,$0,$0,$-0,$-3,$-3,$0,$-3,$1,$1,$0,$0,$-2,$10,$1,$0
20,2013-09-30,8.41,$11.01,0.76,$12.62,0.67,$1.89,4.46,$-0.53,0.0,$0.21B,$0.05B,3.9,$0.01B,$0.28B,0.05,$0.33B,$0.06B,17.23%,$0.33B,$-0.01B,-3.08%,$0.33B,$-0.01B,-3.08%,$0.33B,$0.02B,5.54%,$0.33B,$-0.01B,-3.08%,$0.33B,$-0.01B,-4.00%,$-0.01B,$0.28B,-4.55%,$-0.01B,$0.28B,-4.56%,$-0.01B,$0.36B,-3.58%,$-0.01B,$0.30B,-3.33%,$84,$67,$17,$7,$9,$83,$1,$-0,$1,$1,$0,$0,$0,$8,$1,$26,26,$0.01,$0.01,$96,$68,$4,$211,$133,$0,$1,$1,$145,$356,$54,$13,$5,$19,$73,$0,$114,$1,$283,$356,$0,$7,$1,$8,$-2,$-0,$1,$-1,$-2,$7,$-1,$0,$0,$0,$0,$0,$-0,$-1,$-2,$0,$-2,$0,$0,$0,$0,$-2,$4,$1,$0
21,2013-06-30,7.64,$10.97,0.7,$13.12,0.58,$2.20,3.47,$-0.23,0.0,$0.21B,$0.05B,3.85,$0.01B,$0.28B,0.05,$0.34B,$0.07B,19.29%,$0.34B,$-0.00B,-0.30%,$0.34B,$-0.00B,-0.30%,$0.34B,$0.03B,8.01%,$0.34B,$-0.00B,-0.30%,$0.34B,$-0.01B,-1.48%,$-0.01B,$0.28B,-1.74%,$-0.01B,$0.28B,-1.75%,$-0.01B,$0.36B,-1.36%,$-0.00B,$0.30B,-0.33%,$77,$64,$13,$7,$9,$80,$-3,$-0,$-3,$1,$-4,$-4,$-4,$4,$-3,$25,25,$-0.17,$-0.15,$93,$68,$4,$206,$138,$0,$1,$1,$150,$356,$53,$14,$5,$21,$75,$0,$114,$1,$281,$356,$-6,$29,$8,$38,$1,$-3,$2,$2,$-4,$28,$-17,$0,$0,$0,$0,$0,$0,$-17,$-4,$0,$-4,$3,$3,$0,$0,$-0,$10,$5,$0
22,2013-03-31,8.88,$11.12,0.8,$13.75,0.65,$1.64,5.41,$0.19,46.74,$0.21B,$0.06B,3.52,$0.02B,$0.28B,0.05,$0.35B,$0.08B,21.75%,$0.35B,$0.01B,2.82%,$0.35B,$0.01B,2.82%,$0.35B,$0.04B,10.73%,$0.35B,$0.01B,2.82%,$0.35B,$0.01B,1.69%,$0.01B,$0.28B,2.09%,$0.01B,$0.28B,2.10%,$0.01B,$0.36B,1.62%,$0.01B,$0.30B,3.30%,$75,$70,$5,$7,$9,$88,$-13,$-0,$-13,$-0,$-13,$-13,$-13,$-6,$-13,$25,25,$-0.52,$-0.52,$104,$67,$5,$209,$143,$0,$1,$1,$155,$364,$59,$15,$5,$21,$81,$0,$118,$1,$283,$364,$-2,$22,$7,$29,$9,$-1,$5,$1,$9,$36,$-14,$0,$0,$0,$0,$0,$0,$-14,$-3,$0,$-3,$2,$2,$0,$0,$-0,$22,$4,$0
23,2012-12-31,8.4,$11.63,0.72,$14.08,0.6,$0.87,9.67,$0.81,10.37,$0.21B,$0.06B,3.62,$0.02B,$0.30B,0.05,$0.36B,$0.09B,25.07%,$0.36B,$0.03B,7.44%,$0.36B,$0.03B,7.44%,$0.36B,$0.05B,14.88%,$0.36B,$0.03B,7.44%,$0.36B,$0.02B,6.06%,$0.02B,$0.30B,7.77%,$0.02B,$0.29B,7.79%,$0.02B,$0.38B,6.03%,$0.03B,$0.31B,9.12%,$89,$69,$21,$7,$9,$85,$5,$-0,$5,$1,$4,$4,$4,$12,$5,$25,26,$0.15,$0.14,$92,$71,$4,$213,$151,$0,$1,$1,$163,$377,$59,$16,$5,$22,$81,$0,$131,$1,$295,$377,$12,$15,$3,$18,$-4,$-6,$2,$2,$-7,$23,$-13,$0,$0,$0,$0,$0,$-0,$-13,$-2,$0,$-2,$2,$2,$0,$0,$-0,$10,$2,$0
24,2012-09-30,8.61,$11.53,0.75,$13.83,0.62,$0.52,16.72,$0.73,11.79,$0.20B,$0.06B,3.43,$0.02B,$0.29B,0.06,$0.36B,$0.09B,24.79%,$0.36B,$0.02B,6.76%,$0.36B,$0.02B,6.76%,$0.36B,$0.05B,14.08%,$0.36B,$0.02B,6.76%,$0.36B,$0.02B,5.35%,$0.02B,$0.29B,6.88%,$0.02B,$0.29B,6.91%,$0.02B,$0.37B,5.37%,$0.02B,$0.31B,8.43%,$96,$70,$26,$7,$9,$86,$10,$-0,$10,$2,$8,$8,$8,$17,$10,$25,26,$0.32,$0.31,$95,$71,$3,$201,$157,$0,$1,$1,$169,$371,$59,$17,$5,$23,$82,$0,$128,$1,$289,$371,$8,$7,$2,$9,$9,$-5,$1,$3,$7,$24,$-10,$0,$0,$0,$0,$0,$-0,$-10,$-1,$0,$-1,$0,$0,$0,$0,$-0,$13,$1,$0
25,2012-06-30,9.15,$11.20,0.82,$13.40,0.68,$-0.03,0.0,$0.50,18.3,$0.19B,$0.06B,3.03,$0.02B,$0.28B,0.06,$0.34B,$0.08B,24.27%,$0.34B,$0.02B,4.97%,$0.34B,$0.02B,4.97%,$0.34B,$0.04B,12.28%,$0.34B,$0.02B,4.97%,$0.34B,$0.01B,3.80%,$0.01B,$0.28B,4.83%,$0.01B,$0.28B,4.85%,$0.01B,$0.37B,3.81%,$0.02B,$0.30B,6.21%,$94,$69,$25,$8,$10,$87,$8,$-0,$8,$1,$7,$7,$7,$15,$8,$25,26,$0.26,$0.26,$82,$66,$4,$194,$159,$0,$1,$2,$172,$366,$64,$18,$5,$23,$87,$0,$120,$1,$279,$366,$13,$25,$5,$30,$3,$2,$-21,$1,$-10,$33,$-36,$0,$-21,$0,$-0,$-0,$-0,$-58,$20,$0,$20,$1,$1,$0,$0,$20,$-5,$5,$0
26,2012-03-31,9.62,$10.94,0.88,$13.59,0.71,$-0.37,0.0,$0.61,15.77,$0.18B,$0.07B,2.51,$0.00B,$0.27B,0.0,$0.35B,$0.09B,25.22%,$0.35B,$0.02B,5.51%,$0.35B,$0.02B,5.51%,$0.35B,$0.04B,12.46%,$0.35B,$0.02B,5.51%,$0.35B,$0.02B,4.64%,$0.02B,$0.27B,6.05%,$0.02B,$0.27B,6.07%,$0.02B,$0.35B,4.76%,$0.02B,$0.27B,7.18%,$84,$65,$19,$7,$9,$80,$4,$-0,$4,$1,$3,$3,$3,$10,$4,$25,26,$0.11,$0.10,$79,$53,$3,$177,$158,$0,$1,$1,$169,$345,$71,$0,$4,$5,$75,$0,$113,$1,$270,$345,$6,$18,$5,$23,$3,$14,$-20,$4,$1,$31,$-28,$0,$-21,$0,$-0,$-0,$-0,$-50,$12,$0,$12,$-0,$-0,$0,$0,$12,$-7,$4,$0
27,2011-12-31,7.31,$10.80,0.68,$13.84,0.53,$-0.62,0.0,$0.90,8.12,$0.18B,$0.06B,2.97,$0.00B,$0.27B,0.0,$0.35B,$0.10B,27.27%,$0.35B,$0.03B,7.39%,$0.35B,$0.03B,7.39%,$0.35B,$0.05B,13.92%,$0.35B,$0.03B,7.39%,$0.35B,$0.02B,6.82%,$0.02B,$0.27B,9.26%,$0.02B,$0.27B,9.33%,$0.02B,$0.33B,7.13%,$0.03B,$0.27B,10.03%,$81,$62,$18,$8,$8,$78,$2,$-0,$2,$1,$1,$1,$1,$8,$2,$25,25,$0.06,$0.06,$97,$46,$2,$182,$131,$0,$1,$8,$149,$332,$61,$0,$4,$4,$66,$0,$111,$1,$266,$332,$4,$12,$3,$15,$8,$19,$-22,$2,$4,$23,$-22,$0,$0,$0,$-0,$-0,$-0,$-22,$10,$0,$10,$-1,$-1,$0,$0,$10,$11,$3,$0
28,2011-09-30,8.21,$10.74,0.76,$14.10,0.58,$-0.76,0.0,$1.25,6.57,$0.17B,$0.06B,3.14,$0.00B,$0.26B,0.0,$0.36B,$0.10B,28.45%,$0.36B,$0.03B,9.01%,$0.36B,$0.03B,9.01%,$0.36B,$0.05B,14.65%,$0.36B,$0.03B,9.30%,$0.36B,$0.03B,9.01%,$0.03B,$0.26B,12.71%,$0.03B,$0.26B,12.85%,$0.03B,$0.32B,9.52%,$0.03B,$0.26B,12.70%,$83,$63,$21,$8,$9,$81,$3,$0,$3,$1,$2,$2,$2,$9,$3,$24,25,$0.09,$0.08,$88,$53,$4,$173,$132,$0,$1,$7,$149,$321,$55,$0,$4,$4,$59,$0,$109,$1,$262,$321,$2,$6,$1,$7,$17,$12,$-22,$1,$3,$12,$-13,$0,$0,$0,$-0,$-0,$0,$-13,$4,$0,$4,$-1,$-1,$0,$0,$2,$2,$1,$0
29,2011-06-30,13.25,$10.60,1.25,$14.61,0.91,$-0.45,0.0,$1.55,8.55,$0.20B,$0.08B,2.43,$0.00B,$0.26B,0.0,$0.36B,$0.10B,28.81%,$0.36B,$0.04B,10.53%,$0.36B,$0.04B,10.53%,$0.36B,$0.06B,15.24%,$0.36B,$0.04B,11.08%,$0.36B,$0.04B,10.80%,$0.04B,$0.26B,16.51%,$0.04B,$0.26B,16.74%,$0.04B,$0.35B,12.03%,$0.04B,$0.26B,16.07%,$97,$67,$29,$9,$10,$87,$10,$0,$10,$1,$10,$10,$10,$16,$10,$23,25,$0.39,$0.37,$87,$65,$5,$201,$128,$0,$2,$8,$146,$347,$83,$0,$4,$4,$87,$0,$107,$1,$260,$347,$38,$17,$3,$20,$-5,$-27,$0,$-1,$-28,$30,$-42,$0,$-2,$0,$-2,$-2,$-4,$-50,$-16,$0,$-16,$4,$4,$0,$-1,$-13,$-32,$6,$0
30,2011-03-31,12.69,$0.00,0.0,$14.76,0.86,$0.77,16.4,$1.55,8.19,$0.21B,$0.10B,2.18,$0.00B,$0.25B,0.0,$0.35B,$0.10B,28.08%,$0.35B,$0.04B,10.32%,$0.35B,$0.04B,10.32%,$0.35B,$0.05B,13.47%,$0.35B,$0.04B,11.46%,$0.35B,$0.04B,10.89%,$0.04B,$0.25B,17.39%,$0.04B,$0.24B,17.63%,$0.04B,$0.35B,12.57%,$0.04B,$0.25B,16.44%,$91,$63,$28,$8,$10,$80,$11,$-0,$11,$1,$11,$11,$11,$16,$11,$24,26,$0.44,$0.41,$112,$54,$4,$210,$116,$0,$4,$5,$136,$346,$96,$0,$1,$1,$97,$0,$96,$0,$249,$346,$28,$11,$1,$12,$-3,$-14,$7,$0,$-3,$37,$-41,$0,$-2,$0,$-2,$-2,$1,$-44,$-2,$0,$-2,$3,$3,$0,$-1,$-0,$-7,$4,$0
