,Date,Stock Price,Book Value per Share,Price to Book Ratio,TTM Sales per Share,Price to Sales Ratio,TTM FCF per Share,Price to FCF Ratio,TTM Net EPS,PE Ratio,Current Assets,Current Liabilities,Current Ratio,Long Term Debt,Shareholder's Equity_x,Debt to Equity Ratio,TTM Revenue_x,TTM Gross Profit,Gross Margin,TTM Revenue_y,TTM Operating Income,Operating Margin,TTM Revenue_x,TTM EBIT,EBIT Margin,TTM Revenue_y,TTM EBITDA,EBITDA Margin,TTM Revenue_x,TTM Pre-Tax Income,Pre-Tax Margin,TTM Revenue_y,TTM Net Income_x,Net Margin,TTM Net Income_y,Shareholder's Equity_y,Return on Equity,TTM Net Income_x,Tangible Equity,Return on Tangible Equity,TTM Net Income_y,Total Assets,Return on Assets,TTM Net Income,LT Investments & Debt,Return on Investment,revenue,cost-goods-sold,gross-profit,research-development-expenses,selling-general-administrative-expenses,operating-expenses,operating-income,total-non-operating-income-expense,pre-tax-income,total-provision-income-taxes,income-after-taxes,income-from-continuous-operations,net-income,ebitda,ebit,basic-shares-outstanding,shares-outstanding,eps-basic-net-earnings-per-share,eps-earnings-per-share-diluted,cash-on-hand,inventory,other-current-assets,total-current-assets,net-property-plant-equipment,long-term-investments,goodwill-intangible-assets-total,other-long-term-assets,total-long-term-assets,total-assets,total-current-liabilities,long-term-debt,other-non-current-liabilities,total-long-term-liabilities,total-liabilities,common-stock-net,retained-earnings-accumulated-deficit,comprehensive-income,total-share-holder-equity,total-liabilities-share-holders-equity,net-income-loss,total-depreciation-amortization-cash-flow,other-non-cash-items,total-non-cash-items,change-in-accounts-receivable,change-in-inventories,change-in-accounts-payable,change-in-assets-liabilities,total-change-in-assets-liabilities,cash-flow-from-operating-activities,net-change-in-property-plant-equipment,net-change-in-intangible-assets,net-acquisitions-divestitures,net-change-in-short-term-investments,net-change-in-long-term-investments,net-change-in-investments-total,investing-activities-other,cash-flow-from-investing-activities,net-long-term-debt,net-current-debt,debt-issuance-retirement-net-total,net-common-equity-issued-repurchased,net-total-equity-issued-repurchased,total-common-preferred-stock-dividends-paid,financial-activities-other,cash-flow-from-financial-activities,net-cash-flow,stock-based-compensation,common-stock-dividends-paid
0,2018-09-30,47.67,$23.45,2.03,$18.84,2.53,$-0.08,0.0,$2.29,20.82,$2.79B,$2.21B,1.26,$8.05B,$8.95B,0.9,$7.24B,$6.96B,96.06%,$7.24B,$1.57B,21.66%,$7.24B,$1.57B,21.66%,$7.24B,$3.91B,54.03%,$7.24B,$1.58B,21.82%,$7.24B,$0.88B,12.11%,$0.88B,$8.95B,9.85%,$0.88B,$8.95B,9.85%,$0.88B,$21.87B,4.01%,$1.57B,$17.00B,9.30%,$1983,$92,$1891,$99,$539,$1569,$414,$-8,$406,$245,$161,$161,$81,$1024,$414,$383,385,$0.21,$0.21,$593,$362,$229,$2785,$18646,$0,$0,$0,$19085,$21870,$2207,$8053,$2162,$10717,$12924,$260,$-1667,$4,$8946,$21870,$636,$1771,$177,$1948,$-113,$-7,$110,$67,$3,$2734,$-2785,$0,$0,$0,$0,$0,$-55,$-2840,$-378,$0,$-378,$0,$0,$-543,$-48,$-969,$-1075,$0,$-543
1,2018-06-30,46.49,$23.52,1.98,$17.80,2.61,$1.38,33.76,$2.24,20.75,$3.14B,$2.31B,1.36,$7.94B,$9.00B,0.88,$6.83B,$6.60B,96.53%,$6.83B,$1.27B,18.55%,$6.83B,$1.27B,18.55%,$6.83B,$3.56B,52.11%,$6.83B,$1.27B,18.55%,$6.83B,$0.86B,12.57%,$0.86B,$9.00B,9.81%,$0.86B,$9.00B,9.81%,$0.86B,$21.91B,3.93%,$1.27B,$16.93B,7.59%,$1929,$82,$1847,$76,$522,$1421,$508,$0,$508,$239,$269,$269,$195,$1116,$508,$382,385,$0.51,$0.51,$972,$361,$177,$3139,$18336,$0,$0,$0,$18771,$21910,$2312,$7937,$2148,$10603,$12915,$260,$-1748,$4,$8995,$21910,$475,$1161,$-12,$1149,$-101,$-9,$46,$106,$-3,$1728,$-1881,$0,$0,$0,$0,$0,$-33,$-1914,$-150,$0,$-150,$0,$0,$-346,$-14,$-510,$-696,$0,$-346
2,2018-03-31,38.04,$23.21,1.64,$16.40,2.32,$2.99,12.73,$3.23,11.78,$3.25B,$2.34B,1.39,$7.94B,$8.87B,0.9,$6.29B,$6.08B,96.77%,$6.29B,$0.77B,12.22%,$6.29B,$0.77B,12.22%,$6.29B,$3.03B,48.12%,$6.29B,$0.77B,12.22%,$6.29B,$1.24B,19.66%,$1.24B,$8.87B,14.41%,$1.24B,$8.87B,14.41%,$1.24B,$21.79B,5.61%,$0.77B,$16.81B,4.62%,$1742,$81,$1661,$76,$518,$1354,$388,$0,$388,$182,$206,$206,$145,$941,$388,$382,384,$0.38,$0.38,$1077,$386,$247,$3253,$18086,$0,$0,$0,$18538,$21791,$2342,$7936,$2116,$10580,$12922,$259,$-1943,$4,$8869,$21791,$206,$553,$-9,$544,$-65,$-33,$66,$-3,$-184,$615,$-868,$0,$0,$0,$0,$0,$-22,$-890,$-150,$0,$-150,$0,$0,$-164,$-2,$-316,$-591,$0,$-164
3,2017-12-31,41.51,$23.08,1.8,$16.77,2.48,$4.61,9.01,$3.41,12.17,$3.73B,$2.56B,1.45,$7.93B,$8.79B,0.9,$6.42B,$6.24B,97.21%,$6.42B,$0.93B,14.42%,$6.42B,$0.93B,14.42%,$6.42B,$3.21B,49.91%,$6.42B,$0.92B,14.29%,$6.42B,$1.30B,20.30%,$1.30B,$8.79B,15.68%,$1.30B,$8.79B,15.68%,$1.30B,$21.92B,5.86%,$0.93B,$16.73B,5.63%,$1586,$30,$1556,$118,$461,$1328,$258,$20,$278,$-240,$518,$518,$456,$831,$258,$381,383,$1.20,$1.19,$1668,$368,$207,$3725,$17759,$0,$0,$0,$18197,$21922,$2564,$7934,$2088,$10567,$13131,$259,$-2088,$4,$8791,$21922,$1503,$2280,$-1181,$1099,$-270,$32,$63,$-149,$-320,$2428,$-2002,$0,$661,$0,$0,$0,$-75,$-1416,$-70,$0,$-70,$0,$0,$-645,$-6,$-721,$291,$0,$-645
4,2017-09-30,44.76,$21.99,2.04,$16.46,2.72,$5.12,8.74,$1.74,25.72,$3.77B,$2.47B,1.53,$7.93B,$8.38B,0.95,$6.29B,$6.09B,96.91%,$6.29B,$0.81B,12.87%,$6.29B,$0.81B,12.87%,$6.29B,$3.14B,49.92%,$6.29B,$0.53B,8.37%,$6.29B,$0.67B,10.59%,$0.67B,$8.38B,8.29%,$0.67B,$8.38B,8.29%,$0.67B,$21.84B,2.97%,$0.81B,$16.31B,4.96%,$1575,$44,$1531,$231,$497,$1462,$113,$-20,$93,$-12,$105,$105,$63,$672,$113,$381,383,$0.16,$0.16,$1942,$396,$151,$3769,$17655,$0,$0,$0,$18066,$21835,$2465,$7933,$2112,$10993,$13458,$259,$-2544,$-3,$8377,$21835,$985,$1707,$-870,$837,$-70,$17,$2,$-112,$-228,$1760,$-1254,$0,$661,$0,$0,$0,$-30,$-623,$-70,$0,$-70,$0,$0,$-497,$-5,$-572,$565,$0,$-497
5,2017-06-30,46.6,$21.70,2.15,$16.13,2.89,$4.39,10.62,$-0.02,0.0,$4.65B,$2.87B,1.62,$8.33B,$8.27B,1.01,$6.15B,$5.95B,96.73%,$6.15B,$0.64B,10.39%,$6.15B,$0.64B,10.39%,$6.15B,$3.06B,49.72%,$6.15B,$-0.47B,-7.67%,$6.15B,$-0.00B,-0.07%,$-0.00B,$8.27B,-0.05%,$-0.00B,$8.27B,-0.05%,$-0.00B,$22.60B,-0.02%,$0.64B,$16.59B,3.89%,$1384,$48,$1336,$108,$507,$1375,$9,$0,$9,$-604,$613,$613,$572,$581,$9,$381,383,$1.50,$1.50,$1667,$416,$1330,$4647,$17551,$0,$0,$0,$17955,$22602,$2873,$8329,$2077,$11464,$14337,$259,$-2607,$-112,$8265,$22602,$880,$1148,$-775,$373,$62,$20,$-37,$-86,$-127,$1206,$-741,$0,$228,$0,$0,$0,$-16,$-529,$-70,$0,$-70,$0,$0,$-360,$43,$-387,$290,$0,$-360
6,2017-03-31,49.72,$20.56,2.42,$16.16,3.08,$3.14,15.81,$-2.17,0.0,$3.43B,$1.90B,1.81,$8.33B,$7.82B,1.06,$6.15B,$5.94B,96.67%,$6.15B,$0.35B,5.68%,$6.15B,$0.35B,5.68%,$6.15B,$2.87B,46.59%,$6.15B,$-0.76B,-12.39%,$6.15B,$-0.82B,-13.34%,$-0.82B,$7.82B,-10.20%,$-0.82B,$7.82B,-10.20%,$-0.82B,$22.61B,-3.54%,$0.35B,$16.15B,2.10%,$1878,$57,$1821,$92,$481,$1332,$546,$-8,$538,$271,$267,$267,$213,$1122,$546,$380,383,$0.56,$0.56,$1521,$454,$93,$3426,$18780,$0,$0,$0,$19184,$22610,$1898,$8327,$2773,$12889,$14787,$258,$-3179,$-112,$7823,$22610,$267,$576,$-147,$429,$-41,$12,$-56,$-15,$-275,$455,$-87,$0,$0,$0,$0,$0,$-6,$-93,$-70,$0,$-70,$0,$0,$-152,$4,$-218,$144,$0,$-152
7,2016-12-31,61.16,$20.24,3.02,$14.12,4.33,$1.32,46.31,$-4.02,0.0,$3.24B,$1.84B,1.76,$8.54B,$7.68B,1.11,$5.35B,$5.15B,96.26%,$5.35B,$-0.58B,-10.81%,$5.35B,$-0.58B,-10.81%,$5.35B,$2.04B,38.08%,$5.35B,$-1.68B,-31.42%,$5.35B,$-1.41B,-26.24%,$-1.41B,$7.68B,-20.16%,$-1.41B,$7.68B,-20.16%,$-1.41B,$22.52B,-6.41%,$-0.58B,$16.22B,-3.70%,$1451,$45,$1406,$126,$528,$1310,$141,$-255,$-114,$29,$-143,$-143,$-182,$764,$141,$379,379,$-0.48,$-0.48,$1377,$476,$81,$3241,$18867,$0,$0,$0,$19278,$22519,$1843,$8544,$2743,$12997,$14840,$258,$-3385,$-112,$7679,$22519,$-1273,$2618,$768,$3386,$126,$-27,$-63,$126,$153,$2430,$-1815,$0,$0,$0,$0,$0,$155,$-1660,$-181,$0,$-181,$0,$0,$-672,$-7,$-860,$-90,$0,$-672
8,2016-09-30,61.31,$20.95,2.93,$14.23,4.31,$-5.26,0.0,$-22.61,0.0,$3.27B,$1.63B,2.01,$8.72B,$7.95B,1.1,$5.39B,$5.19B,96.23%,$5.39B,$4.25B,78.81%,$5.39B,$4.25B,78.81%,$5.39B,$7.05B,130.82%,$5.39B,$-1.66B,-30.74%,$5.39B,$-1.92B,-35.64%,$-1.92B,$7.95B,-25.88%,$-1.92B,$7.95B,-25.88%,$-1.92B,$23.15B,-8.47%,$4.25B,$16.67B,26.32%,$1438,$51,$1387,$161,$493,$1495,$-57,$-848,$-905,$-379,$-526,$-526,$-607,$591,$-57,$380,380,$-1.60,$-1.60,$1230,$513,$209,$3272,$19462,$0,$0,$0,$19877,$23149,$1628,$8721,$3068,$13572,$15200,$258,$-3203,$-119,$7949,$23149,$-1130,$1995,$768,$2763,$192,$-2,$-93,$-29,$1,$1634,$-1409,$0,$0,$0,$0,$0,$47,$-1362,$-1,$0,$-1,$0,$0,$-499,$-9,$-509,$-237,$0,$-499
9,2016-06-30,53.19,$22.92,2.32,$14.48,3.67,$-9.26,0.0,$-35.96,0.0,$3.29B,$1.57B,2.1,$8.72B,$8.70B,1.0,$5.48B,$5.27B,96.17%,$5.48B,$3.84B,70.06%,$5.48B,$3.84B,70.06%,$5.48B,$6.87B,125.32%,$5.48B,$-5.12B,-93.50%,$5.48B,$-5.46B,-99.62%,$-5.46B,$8.70B,-64.75%,$-5.46B,$8.70B,-64.75%,$-5.46B,$24.35B,-22.90%,$3.84B,$17.42B,22.37%,$1382,$52,$1330,$91,$527,$1663,$-281,$0,$-281,$-81,$-200,$-200,$-244,$388,$-281,$379,379,$-0.65,$-0.65,$1201,$530,$202,$3292,$20143,$0,$0,$0,$21054,$24346,$1570,$8719,$3053,$14080,$15650,$258,$-2596,$-119,$8696,$24346,$-571,$1347,$146,$1493,$237,$1,$-118,$-93,$-30,$983,$-995,$0,$0,$0,$0,$0,$29,$-966,$0,$0,$0,$0,$0,$-282,$-1,$-283,$-266,$0,$-282
10,2016-03-31,46.43,$9.39,4.94,$16.78,2.77,$-12.15,0.0,$-50.14,0.0,$3.22B,$1.60B,2.02,$8.72B,$3.55B,2.45,$6.34B,$6.14B,96.74%,$6.34B,$4.45B,70.09%,$6.34B,$4.45B,70.09%,$6.34B,$0.12B,1.91%,$6.34B,$-5.03B,-79.27%,$6.34B,$-6.07B,-95.76%,$-6.07B,$3.55B,-56.80%,$-6.07B,$3.55B,-56.80%,$-6.07B,$17.68B,-22.85%,$4.45B,$12.27B,22.60%,$1083,$52,$1031,$95,$482,$1465,$-382,$0,$-382,$-11,$-371,$-371,$-372,$296,$-382,$378,378,$-0.98,$-0.98,$1004,$547,$190,$3222,$13542,$0,$0,$0,$14457,$17679,$1598,$8718,$2918,$12527,$14125,$257,$-7642,$-116,$3554,$17679,$-371,$678,$109,$787,$135,$10,$-75,$-161,$-232,$239,$-565,$0,$0,$0,$0,$0,$10,$-555,$0,$0,$0,$0,$0,$-149,$2,$-147,$-463,$0,$-149
11,2015-12-31,41.99,$25.10,1.67,$18.24,2.3,$-14.28,0.0,$-61.19,0.0,$3.75B,$1.84B,2.04,$8.72B,$9.49B,0.92,$6.89B,$6.68B,96.94%,$6.89B,$-2.70B,-39.15%,$6.89B,$-2.70B,-39.15%,$6.89B,$0.60B,8.75%,$6.89B,$-12.17B,-176.64%,$6.89B,$-10.35B,-150.27%,$-10.35B,$9.49B,-66.12%,$-10.35B,$9.49B,-66.22%,$-10.35B,$25.50B,-30.16%,$-2.70B,$18.21B,-10.85%,$1487,$48,$1439,$2323,$1084,$-3481,$4968,$-5057,$-89,$1530,$-1619,$-1619,$-698,$5776,$4968,$378,378,$-1.83,$-1.83,$1467,$570,$172,$3752,$20838,$0,$0,$0,$21748,$25500,$1841,$8716,$2924,$14169,$16010,$257,$-1980,$-119,$9490,$25500,$-10667,$3300,$10107,$13407,$663,$21,$-489,$-119,$-80,$2667,$-4540,$0,$854,$0,$391,$391,$4378,$1083,$-2509,$0,$-2509,$0,$0,$-506,$53,$-2962,$788,$0,$-506
12,2015-09-30,36.78,$31.67,1.16,$17.08,2.15,$-15.93,0.0,$-54.90,0.0,$4.08B,$2.17B,1.88,$8.78B,$11.97B,0.73,$6.47B,$6.24B,96.40%,$6.47B,$-16.52B,-255.34%,$6.47B,$-16.52B,-255.34%,$6.47B,$-14.69B,-227.13%,$6.47B,$-20.93B,-323.59%,$6.47B,$-17.43B,-269.36%,$-17.43B,$11.97B,-85.76%,$-17.43B,$11.97B,-85.86%,$-17.43B,$27.81B,-41.56%,$-16.52B,$20.75B,-54.77%,$1526,$58,$1468,$223,$643,$1993,$-467,$-3903,$-4370,$-251,$-4119,$-4119,$-4143,$405,$-467,$378,378,$-10.95,$-10.95,$1655,$667,$265,$4079,$22377,$0,$0,$0,$23733,$27812,$2167,$8777,$2899,$13673,$15840,$257,$60,$-116,$11972,$27812,$-6239,$2492,$5765,$8257,$585,$54,$-463,$110,$395,$2493,$-3781,$0,$854,$0,$0,$0,$4273,$1346,$-2509,$0,$-2509,$0,$0,$-380,$26,$-2863,$976,$0,$-380
13,2015-06-30,53.85,$46.97,1.15,$22.08,2.44,$-11.06,0.0,$-43.45,0.0,$5.49B,$2.38B,2.31,$9.68B,$17.76B,0.55,$8.38B,$8.14B,97.11%,$8.38B,$-16.37B,-195.23%,$8.38B,$-16.37B,-195.23%,$8.38B,$-12.68B,-151.24%,$8.38B,$-16.88B,-201.34%,$8.38B,$-14.61B,-174.28%,$-14.61B,$17.76B,-57.14%,$-14.61B,$17.76B,-57.97%,$-14.61B,$35.31B,-29.09%,$-16.37B,$27.43B,-45.54%,$2246,$49,$2197,$225,$633,$1920,$326,$-512,$-186,$731,$-917,$-917,$-860,$-6356,$326,$378,378,$-2.28,$-2.28,$2950,$629,$193,$5493,$28315,$0,$0,$0,$29819,$35312,$2383,$9676,$2854,$15174,$17557,$257,$5809,$-116,$17755,$35312,$-2103,$1620,$1657,$3277,$333,$74,$-410,$106,$608,$1782,$-2886,$0,$854,$0,$0,$0,$4305,$2273,$-1570,$0,$-1570,$0,$0,$-229,$15,$-1784,$2271,$0,$-229
14,2015-03-31,56.17,$62.10,0.9,$24.63,2.28,$-4.12,0.0,$-27.31,0.0,$5.91B,$5.49B,1.08,$9.68B,$23.41B,0.41,$9.43B,$9.17B,97.25%,$9.43B,$-15.78B,-167.42%,$9.43B,$-15.78B,-167.42%,$9.43B,$-4.16B,-44.14%,$9.43B,$-15.78B,-167.42%,$9.43B,$-13.25B,-140.52%,$-13.25B,$23.41B,-44.37%,$-13.25B,$23.32B,-45.45%,$-13.25B,$48.65B,-23.37%,$-15.78B,$33.08B,-39.23%,$1630,$56,$1574,$0,$156,$9154,$-7524,$0,$-7524,$-3020,$-4504,$-4504,$-4651,$778,$-7524,$377,377,$-12.34,$-12.34,$229,$666,$2272,$5906,$41230,$0,$87,$0,$42744,$48650,$5493,$9675,$3466,$19752,$25245,$256,$11504,$-116,$23405,$48650,$-4636,$8302,$-2694,$5608,$247,$22,$-190,$-194,$-319,$650,$-1781,$0,$0,$0,$0,$0,$-337,$-2118,$1028,$0,$1028,$0,$0,$-115,$15,$928,$-540,$0,$-115
15,2014-12-31,58.11,$74.73,0.78,$29.59,1.96,$-2.17,0.0,$-14.37,0.0,$6.42B,$3.66B,1.75,$11.25B,$28.14B,0.4,$11.47B,$11.20B,97.62%,$11.47B,$-6.83B,-59.54%,$11.47B,$-6.83B,-59.54%,$11.47B,$-2.30B,-20.08%,$11.47B,$-6.83B,-59.54%,$11.47B,$-8.36B,-72.87%,$-8.36B,$28.14B,-25.49%,$-8.36B,$28.14B,-26.31%,$-8.36B,$55.95B,-13.98%,$-6.83B,$39.38B,-15.82%,$1067,$70,$997,$0,$714,$9920,$-8853,$0,$-8853,$-2218,$-6635,$-6635,$-7771,$-9520,$-8853,$384,384,$-20.17,$-20.17,$769,$708,$2016,$6415,$48076,$0,$0,$0,$49537,$55952,$3664,$11245,$3407,$24151,$27815,$256,$16249,$-116,$28137,$55952,$-8019,$4526,$12010,$16536,$757,$-31,$-216,$-267,$-329,$7957,$-10494,$0,$1262,$0,$0,$0,$842,$-8390,$1568,$0,$1568,$-1864,$-1864,$-505,$7,$-794,$-1227,$0,$-505
16,2014-09-30,86.74,$87.54,0.99,$32.53,2.67,$5.88,14.74,$-1.16,0.0,$4.43B,$4.31B,1.03,$10.90B,$32.99B,0.33,$12.73B,$12.47B,97.96%,$12.73B,$2.26B,17.77%,$12.73B,$2.26B,17.77%,$12.73B,$8.66B,68.07%,$12.73B,$2.26B,17.77%,$12.73B,$-0.42B,-3.26%,$-0.42B,$32.99B,-1.20%,$-0.42B,$31.62B,-1.25%,$-0.42B,$60.99B,-0.68%,$2.26B,$43.89B,5.07%,$3441,$67,$3374,$0,$823,$3758,$-317,$0,$-317,$768,$-1085,$-1085,$-1330,$2418,$-317,$381,381,$-3.50,$-3.50,$584,$713,$434,$4426,$53035,$0,$1369,$471,$56564,$60990,$4307,$10902,$3497,$23697,$28004,$256,$21156,$-116,$32986,$60990,$-294,$5193,$2087,$7280,$591,$74,$-268,$-325,$-187,$6528,$-5969,$0,$0,$0,$0,$0,$-972,$-6941,$1246,$0,$1246,$-1830,$-1830,$-395,$-4,$-983,$-1396,$0,$-395
17,2014-06-30,92.75,$91.26,1.02,$33.23,2.79,$2.44,38.07,$3.09,30.02,$5.13B,$4.57B,1.12,$9.67B,$34.89B,0.28,$13.19B,$12.91B,97.92%,$13.19B,$3.22B,24.42%,$13.19B,$3.22B,24.42%,$13.19B,$8.88B,67.35%,$13.19B,$3.22B,24.42%,$13.19B,$1.22B,9.21%,$1.22B,$34.89B,3.51%,$1.22B,$33.52B,3.66%,$1.22B,$61.17B,1.99%,$3.22B,$44.57B,7.22%,$3289,$66,$3223,$0,$850,$2378,$911,$0,$911,$354,$557,$557,$505,$2163,$911,$385,387,$1.31,$1.31,$1302,$794,$331,$5126,$52470,$0,$1369,$589,$56045,$61171,$4570,$9674,$3469,$21709,$26279,$256,$22581,$-116,$34892,$61171,$947,$2458,$1263,$3721,$391,$-13,$-131,$-43,$-48,$4632,$-3078,$0,$0,$0,$0,$0,$-1413,$-4491,$-1,$0,$-1,$-1263,$-1263,$-242,$-17,$-1523,$-1382,$0,$-242
18,2014-03-31,76.24,$90.18,0.85,$35.19,2.17,$-1.97,0.0,$4.32,17.65,$5.46B,$4.36B,1.25,$9.67B,$35.18B,0.28,$14.17B,$13.88B,97.99%,$14.17B,$3.96B,27.93%,$14.17B,$3.96B,27.93%,$14.17B,$9.72B,68.59%,$14.17B,$3.96B,27.93%,$14.17B,$1.73B,12.18%,$1.73B,$35.18B,5.07%,$1.73B,$33.81B,5.28%,$1.73B,$61.12B,2.80%,$3.96B,$44.85B,8.85%,$3675,$70,$3605,$0,$881,$2246,$1429,$0,$1429,$578,$851,$851,$236,$2635,$1429,$394,396,$0.60,$0.60,$1643,$727,$323,$5463,$52752,$0,$1369,$0,$55658,$61121,$4356,$9673,$3398,$21588,$25944,$255,$22170,$-116,$35177,$61121,$334,$1206,$805,$2011,$389,$85,$-170,$-29,$-11,$2293,$-2706,$0,$0,$0,$0,$0,$757,$-1949,$-2,$0,$-2,$-484,$-484,$-79,$-42,$-607,$-263,$0,$-79
19,2013-12-31,78.8,$89.43,0.88,$35.58,2.21,$-1.28,0.0,$5.48,14.38,$6.37B,$4.70B,1.35,$9.67B,$35.39B,0.27,$14.44B,$14.15B,98.01%,$14.44B,$3.91B,27.07%,$14.44B,$3.91B,27.07%,$14.44B,$9.77B,67.70%,$14.44B,$3.91B,27.07%,$14.44B,$2.19B,15.15%,$2.19B,$35.39B,6.58%,$2.19B,$34.02B,6.86%,$2.19B,$61.64B,3.54%,$3.91B,$45.07B,8.81%,$2324,$57,$2267,$0,$695,$2085,$239,$0,$239,$509,$-270,$-270,$174,$1448,$239,$395,406,$0.41,$0.45,$1906,$891,$371,$6366,$52421,$0,$1369,$0,$55271,$61637,$4700,$9672,$3508,$21544,$26244,$255,$22032,$-115,$35393,$61637,$2288,$5866,$1362,$7228,$105,$-65,$286,$160,$19,$9835,$-9249,$0,$4098,$0,$0,$0,$-1965,$-7116,$-2581,$0,$-2581,$-997,$-997,$-360,$2965,$-973,$1746,$0,$-360
20,2013-09-30,77.89,$81.65,0.95,$39.77,1.96,$-5.11,0.0,$6.69,11.64,$6.02B,$4.52B,1.33,$10.87B,$32.98B,0.33,$15.99B,$15.70B,98.18%,$15.99B,$5.27B,32.97%,$15.99B,$5.27B,32.97%,$15.99B,$11.11B,69.48%,$15.99B,$5.27B,32.97%,$15.99B,$2.66B,16.65%,$2.66B,$32.98B,8.26%,$2.66B,$31.61B,8.62%,$2.66B,$60.24B,4.33%,$5.27B,$43.85B,12.05%,$3900,$81,$3819,$0,$1068,$3259,$641,$0,$641,$206,$435,$435,$300,$2636,$641,$399,401,$0.75,$0.75,$1251,$889,$455,$6016,$51462,$0,$1369,$0,$54223,$60239,$4523,$10868,$3570,$22735,$27258,$255,$21938,$-123,$32981,$60239,$2058,$4657,$771,$5428,$-49,$-41,$183,$-42,$-318,$7358,$-8152,$0,$3990,$0,$0,$0,$-172,$-4334,$-1439,$0,$-1439,$-249,$-249,$-280,$35,$-1933,$1091,$0,$-280
21,2013-06-30,76.51,$84.03,0.91,$40.68,1.88,$-4.47,0.0,$6.35,12.05,$4.76B,$5.16B,0.92,$12.30B,$31.49B,0.39,$16.27B,$15.97B,98.18%,$16.27B,$5.50B,33.79%,$16.27B,$5.50B,33.79%,$16.27B,$11.37B,69.87%,$16.27B,$5.50B,33.79%,$16.27B,$2.52B,15.51%,$2.52B,$32.72B,7.97%,$2.52B,$31.35B,8.30%,$2.52B,$63.35B,4.13%,$5.50B,$45.02B,12.74%,$4268,$77,$4191,$0,$1077,$2620,$1648,$0,$1648,$611,$1037,$1037,$1016,$2998,$1648,$392,408,$2.59,$2.54,$184,$973,$385,$4758,$55821,$0,$1369,$0,$58592,$63350,$5158,$12297,$4678,$25471,$30629,$246,$21718,$-118,$32721,$63350,$1752,$2662,$726,$3388,$122,$-33,$195,$136,$426,$5380,$-5541,$0,$257,$0,$0,$0,$-80,$-5364,$445,$0,$445,$-249,$-249,$-183,$-5,$8,$24,$0,$-183
22,2013-03-31,70.22,$81.63,0.86,$40.41,1.74,$-2.53,0.0,$4.67,15.04,$4.85B,$5.56B,0.87,$11.49B,$30.76B,0.37,$15.97B,$15.68B,98.18%,$15.97B,$4.66B,29.17%,$15.97B,$4.66B,29.17%,$15.97B,$11.11B,69.57%,$15.97B,$4.66B,29.17%,$15.97B,$1.85B,11.55%,$1.85B,$31.99B,5.92%,$1.85B,$30.62B,6.16%,$1.85B,$61.79B,3.09%,$4.66B,$43.47B,11.10%,$3946,$73,$3873,$0,$1063,$2566,$1380,$0,$1380,$602,$778,$778,$698,$2692,$1380,$392,408,$1.78,$1.76,$248,$885,$381,$4848,$54289,$0,$1369,$0,$56944,$61792,$5562,$11485,$4595,$24243,$29805,$245,$20781,$-133,$31987,$61792,$717,$1312,$293,$1605,$-19,$50,$56,$195,$262,$2621,$-2765,$0,$257,$0,$0,$0,$-84,$-2592,$155,$0,$155,$0,$0,$-86,$-10,$59,$88,$0,$-86
23,2012-12-31,71.3,$80.00,0.89,$42.10,1.69,$-2.08,0.0,$4.91,14.52,$4.96B,$5.54B,0.9,$11.36B,$30.10B,0.38,$16.56B,$16.27B,98.22%,$16.56B,$4.84B,29.22%,$16.56B,$4.84B,29.22%,$16.56B,$11.72B,70.76%,$16.56B,$4.84B,29.22%,$16.56B,$1.93B,11.62%,$1.93B,$31.33B,6.29%,$1.93B,$30.04B,6.54%,$1.93B,$60.74B,3.35%,$4.84B,$42.69B,11.98%,$3877,$60,$3817,$0,$928,$2273,$1604,$0,$1604,$950,$654,$654,$649,$2784,$1604,$389,391,$1.65,$1.65,$160,$908,$615,$4962,$53280,$0,$1289,$0,$55775,$60737,$5536,$11355,$4491,$23870,$29406,$245,$20161,$-131,$31331,$60737,$2001,$6881,$1091,$7972,$28,$-60,$-84,$-443,$-1692,$8504,$-9437,$0,$-3105,$0,$0,$0,$-882,$-13424,$5089,$0,$5089,$0,$0,$-332,$28,$4785,$-135,$0,$-332
24,2012-09-30,78.38,$78.50,1.0,$42.93,1.83,$8.55,9.17,$6.25,12.54,$5.04B,$5.39B,0.94,$10.67B,$29.49B,0.36,$16.98B,$16.67B,98.17%,$16.98B,$5.22B,30.72%,$16.98B,$5.22B,30.72%,$16.98B,$12.09B,71.20%,$16.98B,$5.18B,30.48%,$16.98B,$2.45B,14.40%,$2.45B,$30.71B,8.15%,$2.45B,$29.60B,8.46%,$2.45B,$58.81B,4.42%,$5.22B,$41.38B,13.49%,$4179,$86,$4093,$0,$1092,$3314,$865,$0,$865,$685,$180,$180,$161,$2894,$865,$391,393,$0.41,$0.41,$318,$774,$677,$5044,$51164,$0,$1114,$0,$53766,$58810,$5390,$10670,$4434,$22706,$28096,$245,$19578,$-89,$30714,$58810,$1333,$5701,$346,$6047,$128,$29,$168,$-531,$-1020,$6422,$-6947,$0,$-2788,$0,$-439,$-439,$-386,$-10560,$4418,$0,$4418,$2,$2,$-246,$-13,$4161,$23,$0,$-246
25,2012-06-30,79.52,$78.41,1.01,$43.12,1.84,$15.24,5.22,$8.34,9.53,$4.64B,$5.12B,0.91,$9.67B,$29.45B,0.33,$17.13B,$16.84B,98.27%,$17.13B,$6.45B,37.62%,$17.13B,$6.45B,37.62%,$17.13B,$12.36B,72.12%,$17.13B,$6.41B,37.39%,$17.13B,$3.27B,19.07%,$3.27B,$30.67B,11.15%,$3.27B,$29.56B,11.58%,$3.27B,$57.22B,6.23%,$6.45B,$40.34B,17.43%,$3972,$72,$3900,$0,$1039,$3161,$811,$0,$811,$455,$356,$356,$337,$2743,$811,$389,390,$0.87,$0.86,$361,$745,$588,$4639,$50135,$0,$1114,$0,$52578,$57217,$5121,$9670,$4370,$21423,$26544,$245,$19484,$11,$30673,$57217,$1153,$3672,$145,$3817,$490,$24,$-113,$-156,$-227,$4799,$-4198,$0,$-2672,$0,$-439,$-439,$-277,$-7586,$3022,$0,$3022,$2,$2,$-161,$-10,$2853,$66,$0,$-161
26,2012-03-31,90.7,$77.29,1.17,$43.86,2.07,$17.42,5.21,$10.65,8.52,$4.95B,$4.70B,1.05,$7.44B,$28.49B,0.26,$17.50B,$17.20B,98.30%,$17.50B,$7.77B,44.38%,$17.50B,$7.77B,44.38%,$17.50B,$12.77B,73.00%,$17.50B,$7.73B,44.15%,$17.50B,$4.17B,23.84%,$4.17B,$29.72B,14.73%,$4.17B,$28.60B,15.31%,$4.17B,$53.24B,8.37%,$7.77B,$37.16B,21.92%,$4536,$77,$4459,$0,$1058,$2976,$1560,$0,$1560,$763,$797,$797,$778,$3300,$1560,$385,399,$2.02,$2.00,$245,$607,$652,$4954,$45829,$0,$1114,$0,$48283,$53237,$4698,$7444,$4163,$18824,$23522,$241,$19213,$-42,$29715,$53237,$797,$1740,$93,$1833,$-82,$67,$-67,$-133,$-641,$2007,$-1967,$0,$-200,$0,$-439,$-439,$-36,$-2642,$657,$0,$657,$0,$0,$-77,$5,$585,$-50,$0,$-77
27,2011-12-31,81.67,$75.48,1.08,$42.38,1.93,$18.03,4.53,$11.51,7.1,$4.80B,$4.96B,0.97,$6.79B,$27.77B,0.24,$16.89B,$16.59B,98.25%,$16.89B,$8.13B,48.16%,$16.89B,$8.13B,48.16%,$16.89B,$12.34B,73.05%,$16.89B,$8.09B,47.92%,$16.89B,$4.51B,26.69%,$4.51B,$28.99B,16.58%,$4.51B,$27.88B,17.25%,$4.51B,$52.05B,9.44%,$8.13B,$35.78B,23.60%,$4297,$75,$4222,$0,$1027,$2316,$1981,$0,$1941,$752,$1189,$1189,$1170,$3155,$1981,$384,400,$3.05,$2.94,$295,$655,$533,$4803,$45448,$0,$1114,$0,$47248,$52051,$4963,$6785,$4113,$18095,$23058,$241,$18500,$-9,$28993,$52051,$4584,$4204,$1400,$5604,$-759,$-37,$241,$184,$-281,$9953,$-6656,$0,$-1813,$0,$0,$0,$-176,$-8645,$-925,$0,$-925,$0,$0,$-306,$84,$-1147,$161,$0,$-306
28,2011-09-30,72.23,$72.66,0.99,$41.20,1.75,$14.82,4.88,$10.30,7.01,$4.58B,$4.02B,1.14,$6.79B,$26.68B,0.25,$16.03B,$15.75B,98.30%,$16.03B,$7.42B,46.30%,$16.03B,$7.42B,46.30%,$16.03B,$11.38B,71.00%,$16.03B,$7.42B,46.30%,$16.03B,$4.01B,25.01%,$4.01B,$27.90B,15.39%,$4.01B,$26.87B,16.03%,$4.01B,$47.48B,8.79%,$7.42B,$34.69B,22.06%,$4328,$72,$4256,$0,$1017,$2234,$2094,$0,$2094,$1092,$1002,$1002,$983,$3159,$2094,$384,400,$2.56,$2.50,$586,$566,$277,$4576,$41136,$0,$1032,$0,$42906,$47482,$4024,$6785,$3235,$15555,$19579,$241,$17388,$62,$27903,$47482,$3395,$3030,$1179,$4209,$-417,$-35,$119,$-28,$-399,$7171,$-5028,$0,$-509,$0,$0,$0,$-89,$-5626,$-940,$0,$-940,$0,$0,$-230,$77,$-1093,$452,$0,$-173
29,2011-06-30,110.94,$69.48,1.6,$38.59,2.87,$13.36,8.31,$9.92,11.18,$4.90B,$4.48B,1.09,$7.40B,$25.44B,0.29,$14.71B,$14.47B,98.34%,$14.71B,$6.66B,45.30%,$14.71B,$6.66B,45.30%,$14.71B,$10.34B,70.31%,$14.71B,$6.66B,45.30%,$14.71B,$3.79B,25.76%,$3.79B,$26.67B,15.44%,$3.79B,$25.64B,15.97%,$3.79B,$46.53B,8.83%,$6.66B,$34.07B,20.79%,$4338,$73,$4265,$0,$1020,$2207,$2131,$0,$2131,$872,$1259,$1259,$1240,$3160,$2131,$384,397,$3.23,$3.17,$1107,$633,$250,$4900,$39838,$0,$1032,$0,$41629,$46529,$4484,$7404,$3276,$15378,$19862,$241,$16463,$-200,$26667,$46529,$2393,$1965,$521,$2486,$-355,$-97,$206,$10,$-158,$4724,$-3247,$0,$-78,$0,$0,$0,$-52,$-3377,$-289,$0,$-289,$42,$42,$-153,$26,$-374,$973,$0,$-115
30,2011-03-31,117.56,$65.73,1.79,$36.43,3.23,$12.31,9.55,$9.28,12.67,$4.00B,$3.96B,1.01,$8.13B,$23.97B,0.34,$13.34B,$13.13B,98.40%,$13.34B,$5.93B,44.41%,$13.34B,$5.93B,44.41%,$13.34B,$9.31B,69.74%,$13.34B,$5.93B,44.41%,$13.34B,$3.41B,25.55%,$3.41B,$25.20B,15.29%,$3.41B,$24.17B,15.72%,$3.41B,$44.87B,8.76%,$5.93B,$33.33B,20.31%,$3925,$76,$3849,$0,$899,$1998,$1927,$0,$1927,$793,$1134,$1134,$1115,$2863,$1927,$383,397,$2.91,$2.86,$356,$593,$277,$4001,$39046,$0,$1032,$0,$40865,$44866,$3957,$8130,$3316,$15711,$19668,$240,$15281,$-445,$25198,$44866,$1134,$936,$187,$1123,$-357,$-26,$95,$89,$-264,$1979,$-1696,$0,$0,$0,$0,$0,$-53,$-1749,$19,$0,$19,$26,$26,$-76,$23,$-8,$222,$0,$-57
31,2010-12-31,106.94,$63.75,1.68,$34.43,3.11,$11.84,9.04,$8.50,12.58,$3.48B,$3.52B,0.99,$8.10B,$23.15B,0.35,$12.09B,$11.91B,98.53%,$12.09B,$5.21B,43.05%,$12.09B,$5.21B,43.05%,$12.09B,$8.29B,68.55%,$12.09B,$5.21B,43.05%,$12.09B,$3.00B,24.81%,$3.00B,$24.38B,14.86%,$3.00B,$23.35B,15.16%,$3.00B,$43.43B,8.57%,$5.21B,$32.47B,19.82%,$3434,$52,$3382,$0,$927,$2166,$1268,$0,$1268,$579,$689,$689,$670,$2196,$1268,$352,359,$1.75,$1.73,$134,$564,$426,$3480,$38151,$0,$1032,$0,$39945,$43425,$3524,$8095,$3180,$15524,$19048,$240,$14223,$-141,$24377,$43425,$3032,$3083,$1063,$4146,$-496,$35,$214,$-86,$-642,$6726,$-4922,$0,$-8360,$0,$0,$0,$-121,$-13403,$1415,$0,$1415,$2258,$3485,$-226,$89,$4763,$-1914,$0,$-226
32,2010-09-30,87.55,$60.22,1.45,$32.47,2.7,$8.58,10.2,$8.45,10.36,$4.25B,$2.53B,1.68,$6.38B,$20.72B,0.31,$11.21B,$11.05B,98.52%,$11.21B,$5.06B,45.13%,$11.21B,$5.06B,45.13%,$11.21B,$7.83B,69.83%,$11.21B,$5.06B,45.13%,$11.21B,$2.91B,25.97%,$2.91B,$21.95B,16.14%,$2.91B,$21.76B,16.31%,$2.91B,$36.93B,9.34%,$5.06B,$28.33B,21.69%,$3013,$43,$2970,$0,$754,$1676,$1337,$0,$1337,$559,$778,$778,$765,$2124,$1337,$357,367,$2.14,$2.12,$1211,$529,$431,$4250,$28346,$0,$189,$3500,$32678,$36928,$2527,$6381,$2494,$12456,$14983,$229,$13611,$50,$21945,$36928,$2343,$2155,$780,$2935,$-207,$-21,$139,$-146,$-587,$4800,$-3369,$0,$-3550,$0,$0,$0,$-3537,$-10456,$1447,$0,$1447,$2291,$3518,$-152,$6,$4819,$-837,$0,$-152
33,2010-06-30,75.27,$52.33,1.44,$31.16,2.42,$3.84,19.62,$7.63,9.87,$4.51B,$2.20B,2.05,$4.90B,$17.68B,0.28,$10.53B,$10.37B,98.49%,$10.53B,$4.59B,43.62%,$10.53B,$4.59B,43.62%,$10.53B,$7.20B,68.39%,$10.53B,$4.59B,43.62%,$10.53B,$2.59B,24.57%,$2.59B,$17.68B,15.79%,$2.59B,$17.49B,15.97%,$2.59B,$30.43B,9.00%,$4.59B,$22.57B,21.52%,$2972,$43,$2929,$0,$717,$1578,$1394,$0,$1394,$534,$860,$860,$860,$2123,$1394,$338,339,$2.55,$2.53,$1805,$509,$206,$4507,$25123,$0,$189,$0,$25925,$30432,$2203,$4896,$2411,$10554,$12757,$216,$12901,$23,$17676,$30432,$1565,$1368,$403,$1771,$-104,$-7,$49,$36,$-318,$3085,$-2178,$0,$-1033,$0,$0,$0,$-7,$-3218,$-55,$0,$-55,$24,$24,$-101,$22,$-110,$-243,$0,$-101
34,2010-03-31,90.62,$49.71,1.82,$28.60,3.17,$-1.55,0.0,$6.41,14.14,$5.04B,$2.24B,2.25,$4.95B,$16.76B,0.3,$9.65B,$9.50B,98.46%,$9.65B,$3.99B,41.30%,$9.65B,$3.99B,41.30%,$9.65B,$6.44B,66.72%,$9.65B,$3.99B,41.30%,$9.65B,$2.17B,22.49%,$2.17B,$16.76B,13.82%,$2.17B,$16.57B,13.99%,$2.17B,$29.23B,7.82%,$3.99B,$21.71B,19.28%,$2673,$40,$2633,$0,$704,$1466,$1207,$0,$1207,$502,$705,$705,$705,$1846,$1207,$337,339,$2.09,$2.08,$2126,$498,$224,$5038,$23405,$0,$189,$0,$24190,$29228,$2241,$4951,$2263,$10229,$12470,$215,$12091,$-40,$16759,$29228,$705,$639,$183,$822,$-269,$-8,$116,$20,$-415,$1154,$-1074,$0,$0,$0,$0,$0,$26,$-1048,$-3,$0,$-3,$12,$12,$-50,$13,$-28,$78,$0,$-50
35,2009-12-31,91.98,$46.90,1.96,$25.59,3.59,$-3.33,0.0,$-0.92,0.0,$4.59B,$2.39B,1.92,$4.95B,$15.78B,0.31,$8.61B,$8.47B,98.34%,$8.61B,$0.33B,3.80%,$8.61B,$0.33B,3.80%,$8.61B,$5.54B,64.30%,$8.61B,$0.33B,3.80%,$8.61B,$-0.29B,-3.39%,$-0.29B,$15.78B,-1.92%,$-0.29B,$15.59B,-1.94%,$-0.29B,$28.19B,-1.08%,$0.33B,$20.73B,1.62%,$2555,$40,$2515,$0,$692,$1433,$1122,$0,$1122,$537,$585,$585,$582,$1737,$1122,$336,336,$1.75,$1.77,$2048,$533,$231,$4586,$22901,$0,$189,$0,$23600,$28186,$2393,$4950,$2299,$10014,$12407,$215,$11437,$-290,$15779,$28186,$-285,$5213,$-126,$5087,$-187,$-5,$-180,$-59,$-761,$4224,$-3629,$0,$-310,$792,$0,$792,$-100,$-3247,$148,$0,$148,$28,$-70,$-209,$21,$-110,$867,$0,$-202
36,2009-09-30,81.76,$45.68,1.79,$23.74,3.44,$-0.50,0.0,$-11.44,0.0,$4.02B,$1.99B,2.02,$5.01B,$15.26B,0.33,$8.00B,$7.86B,98.29%,$8.00B,$-5.70B,-71.24%,$8.00B,$-5.70B,-71.24%,$8.00B,$4.87B,60.86%,$8.00B,$-5.70B,-71.24%,$8.00B,$-3.82B,-47.79%,$-3.82B,$15.36B,-24.83%,$-3.82B,$15.17B,-25.14%,$-3.82B,$27.23B,-14.01%,$-5.70B,$20.37B,-28.05%,$2332,$36,$2296,$0,$712,$1462,$871,$0,$871,$429,$442,$442,$441,$1497,$871,$336,338,$1.31,$1.30,$1357,$539,$168,$4020,$22546,$0,$189,$0,$23206,$27226,$1987,$5010,$2230,$9883,$11870,$215,$10904,$-207,$15355,$27226,$-870,$4598,$-330,$4268,$-228,$12,$-184,$-108,$-859,$2679,$-2965,$0,$-258,$792,$0,$792,$-84,$-2516,$130,$0,$130,$24,$24,$-155,$13,$12,$176,$0,$-151
37,2009-06-30,64.11,$44.55,1.44,$26.79,2.39,$5.82,11.01,$-9.22,0.0,$3.49B,$1.81B,1.93,$4.96B,$14.86B,0.33,$9.03B,$8.89B,98.42%,$9.03B,$-4.75B,-52.65%,$9.03B,$-4.75B,-52.65%,$9.03B,$5.82B,64.45%,$9.03B,$-4.75B,-52.65%,$9.03B,$-3.07B,-34.03%,$-3.07B,$14.96B,-18.92%,$-3.07B,$14.77B,-19.14%,$-3.07B,$26.40B,-10.70%,$-4.75B,$19.91B,-22.76%,$2093,$33,$2060,$0,$612,$1307,$787,$0,$787,$342,$445,$445,$443,$1360,$787,$336,337,$1.32,$1.31,$772,$572,$245,$3485,$22290,$0,$189,$0,$22917,$26402,$1808,$4955,$2178,$9635,$11443,$215,$10514,$-173,$14959,$26402,$-1312,$3972,$-522,$3450,$-174,$-4,$-177,$-145,$-876,$1367,$-2282,$0,$-181,$792,$0,$792,$-72,$-1743,$48,$0,$48,$13,$13,$-103,$9,$-34,$-410,$0,$-101
38,2009-03-31,56.82,$43.98,1.29,$32.13,1.77,$12.24,4.64,$-6.25,0.0,$3.80B,$2.04B,1.87,$4.89B,$14.64B,0.33,$10.84B,$10.69B,98.62%,$10.84B,$-3.20B,-29.50%,$10.84B,$-3.20B,-29.50%,$10.84B,$7.43B,68.58%,$10.84B,$-3.20B,-29.50%,$10.84B,$-2.07B,-19.12%,$-2.07B,$14.74B,-12.46%,$-2.07B,$14.55B,-12.60%,$-2.07B,$26.29B,-6.89%,$-3.20B,$19.64B,-15.21%,$1634,$33,$1600,$0,$570,$4087,$-2453,$0,$-2453,$-697,$-1757,$-1757,$-1758,$945,$-2453,$335,335,$-5.25,$-5.25,$1379,$522,$287,$3803,$21732,$0,$189,$0,$22490,$26293,$2036,$4894,$2144,$9515,$11552,$214,$10121,$37,$14741,$26293,$-1757,$3399,$-672,$2726,$69,$7,$-161,$-13,$-440,$543,$-1059,$0,$0,$0,$0,$0,$-23,$-1082,$-7,$0,$-7,$2,$2,$-52,$4,$-53,$-592,$0,$-50
39,2008-12-31,65.93,$49.32,1.34,$36.73,1.8,$16.02,4.12,$2.03,32.48,$4.45B,$2.52B,1.77,$4.81B,$16.41B,0.29,$12.39B,$12.23B,98.73%,$12.39B,$0.93B,7.52%,$12.39B,$0.93B,7.52%,$12.39B,$8.78B,70.88%,$12.39B,$0.93B,7.52%,$12.39B,$0.71B,5.70%,$0.71B,$16.51B,4.16%,$0.71B,$16.32B,4.21%,$0.71B,$29.19B,2.28%,$0.93B,$21.32B,4.42%,$1937,$34,$1903,$0,$730,$6838,$-4901,$0,$-4901,$-1956,$-2946,$-2946,$-2947,$1064,$-4901,$334,337,$-8.82,$-8.74,$1973,$499,$93,$4451,$23959,$0,$189,$14,$24736,$29186,$2520,$4809,$2182,$10157,$12678,$214,$11930,$22,$16509,$29186,$712,$7850,$-1135,$6715,$571,$-22,$-71,$-332,$-311,$7065,$-5515,$0,$-150,$-792,$0,$-792,$-78,$-6535,$696,$0,$696,$31,$31,$-239,$37,$525,$1055,$0,$-234
40,2008-09-30,92.08,$56.06,1.64,$40.00,2.3,$14.30,6.44,$14.02,6.57,$4.17B,$2.92B,1.43,$3.92B,$18.67B,0.21,$13.47B,$13.31B,98.82%,$13.47B,$7.38B,54.77%,$13.47B,$7.38B,54.77%,$13.47B,$9.89B,73.40%,$13.47B,$7.38B,54.77%,$13.47B,$4.72B,35.07%,$4.72B,$18.76B,28.31%,$4.72B,$18.57B,28.64%,$4.72B,$32.99B,15.32%,$7.38B,$22.68B,35.78%,$3365,$42,$3323,$0,$850,$1552,$1813,$0,$1813,$623,$1191,$1191,$1189,$2450,$1813,$335,338,$3.55,$3.52,$1645,$480,$96,$4172,$28119,$0,$189,$14,$28820,$32992,$2916,$3917,$2883,$11313,$14229,$214,$14927,$-693,$18763,$32992,$3658,$1885,$757,$2642,$252,$-8,$71,$-207,$-259,$6029,$-4177,$0,$0,$0,$0,$0,$-56,$-4233,$-169,$0,$-169,$35,$35,$-188,$45,$-276,$1519,$0,$-183
41,2008-06-30,122.57,$49.38,2.48,$37.52,3.27,$9.36,13.09,$12.33,9.94,$4.16B,$4.12B,1.01,$3.91B,$16.42B,0.24,$12.61B,$12.46B,98.79%,$12.61B,$6.74B,53.44%,$12.61B,$6.74B,53.44%,$12.61B,$9.21B,73.06%,$12.61B,$6.74B,53.44%,$12.61B,$4.15B,32.88%,$4.15B,$16.51B,26.48%,$4.15B,$16.33B,26.80%,$4.15B,$31.88B,14.06%,$6.74B,$20.43B,34.35%,$3900,$40,$3860,$0,$824,$1556,$2344,$0,$2344,$899,$1445,$1445,$1444,$2972,$2344,$334,338,$4.32,$4.28,$1008,$468,$206,$4156,$26934,$0,$189,$94,$27721,$31877,$4124,$3912,$3728,$11238,$15363,$214,$13788,$-1777,$16514,$31877,$2467,$1248,$415,$1663,$-333,$-2,$246,$-254,$-427,$3738,$-2489,$0,$0,$0,$0,$0,$-120,$-2609,$-183,$0,$-183,$32,$32,$-136,$40,$-247,$883,$0,$-133
42,2008-03-31,106.43,$48.20,2.21,$33.38,3.19,$5.82,18.28,$9.94,10.71,$3.05B,$3.00B,1.02,$3.91B,$15.98B,0.25,$11.19B,$11.04B,98.69%,$11.19B,$5.53B,49.48%,$11.19B,$5.53B,49.48%,$11.19B,$7.97B,71.27%,$11.19B,$5.53B,49.48%,$11.19B,$3.34B,29.82%,$3.34B,$16.08B,22.15%,$3.34B,$15.89B,22.43%,$3.34B,$29.82B,11.80%,$5.53B,$19.99B,29.06%,$3188,$41,$3147,$0,$780,$1512,$1676,$0,$1676,$654,$1022,$1022,$1020,$2296,$1676,$333,337,$3.06,$3.03,$383,$490,$113,$3053,$25865,$0,$189,$228,$26763,$29816,$3000,$3912,$2870,$10736,$13736,$214,$12394,$-760,$16080,$29816,$1022,$620,$193,$814,$-38,$76,$56,$-19,$-36,$1808,$-1054,$0,$0,$0,$0,$0,$-351,$-1405,$-87,$0,$-87,$8,$8,$-85,$18,$-146,$257,$0,$-83
43,2007-12-31,94.5,$46.19,2.05,$29.91,3.16,$3.17,29.8,$8.38,11.28,$2.75B,$2.67B,1.03,$4.01B,$15.28B,0.26,$10.00B,$9.86B,98.63%,$10.00B,$4.67B,46.73%,$10.00B,$4.67B,46.73%,$10.00B,$7.02B,70.21%,$10.00B,$4.67B,46.73%,$10.00B,$2.81B,28.07%,$2.81B,$15.38B,19.49%,$2.81B,$15.19B,19.75%,$2.81B,$28.64B,10.28%,$4.67B,$19.39B,25.55%,$3019,$37,$2983,$0,$734,$1474,$1546,$0,$1546,$473,$1073,$1073,$1071,$2171,$1546,$332,335,$3.22,$3.20,$126,$461,$134,$2752,$25232,$0,$189,$0,$25882,$28635,$2665,$4012,$2655,$10592,$13257,$213,$11458,$-520,$15378,$28635,$2812,$2348,$986,$3334,$-262,$40,$-39,$-87,$-518,$5677,$-4714,$0,$-1025,$0,$0,$0,$-206,$-5946,$407,$0,$407,$44,$44,$-205,$8,$254,$-15,$0,$-199
44,2007-09-30,79.01,$43.01,1.84,$26.85,2.94,$0.83,95.71,$6.75,11.71,$2.55B,$2.93B,0.87,$4.01B,$14.57B,0.28,$8.97B,$8.82B,98.38%,$8.97B,$3.90B,43.52%,$8.97B,$3.90B,43.52%,$8.97B,$6.14B,68.48%,$8.97B,$3.90B,43.52%,$8.97B,$2.26B,25.14%,$2.26B,$14.67B,16.28%,$2.26B,$14.48B,16.50%,$2.26B,$27.65B,8.59%,$3.90B,$18.68B,22.64%,$2505,$35,$2470,$0,$610,$1331,$1174,$0,$1174,$561,$613,$613,$612,$1775,$1174,$333,335,$1.84,$1.83,$111,$419,$152,$2554,$24455,$0,$189,$0,$25097,$27651,$2927,$4011,$2097,$10051,$12978,$213,$10436,$-177,$14673,$27651,$1740,$1723,$775,$2498,$-31,$31,$-13,$-156,$-400,$3877,$-3696,$0,$-1005,$0,$0,$0,$-132,$-4832,$1041,$0,$1041,$35,$35,$-153,$3,$926,$-29,$0,$-149
45,2007-06-30,71.46,$42.48,1.68,$26.17,2.73,$1.78,40.1,$6.86,10.42,$2.54B,$3.14B,0.81,$4.01B,$14.01B,0.29,$8.72B,$8.59B,98.46%,$8.72B,$3.88B,44.48%,$8.72B,$3.88B,44.48%,$8.72B,$6.01B,68.83%,$8.72B,$3.88B,44.48%,$8.72B,$2.29B,26.24%,$2.29B,$14.11B,17.15%,$2.29B,$13.92B,17.40%,$2.29B,$26.93B,9.09%,$3.88B,$18.12B,23.84%,$2473,$34,$2438,$0,$621,$1334,$1138,$0,$1138,$505,$634,$634,$632,$1729,$1138,$332,334,$1.91,$1.89,$189,$406,$117,$2541,$23790,$0,$189,$0,$24391,$26932,$3137,$4011,$2092,$9690,$12827,$213,$9875,$-158,$14105,$26932,$1126,$1122,$391,$1513,$-19,$22,$-46,$-78,$-209,$2450,$-2397,$0,$-1000,$0,$0,$0,$-96,$-3494,$1166,$0,$1166,$29,$29,$-102,$-2,$1092,$48,$0,$-99
46,2007-03-31,61.8,$40.61,1.52,$24.96,2.48,$2.25,27.49,$7.14,8.66,$2.37B,$3.59B,0.66,$3.51B,$13.35B,0.26,$8.31B,$8.19B,98.50%,$8.31B,$3.75B,45.12%,$8.31B,$3.75B,45.12%,$8.31B,$5.73B,68.88%,$8.31B,$3.75B,45.12%,$8.31B,$2.38B,28.62%,$2.38B,$13.45B,18.62%,$2.38B,$13.26B,18.90%,$2.38B,$26.05B,9.94%,$3.75B,$16.96B,24.59%,$2003,$31,$1972,$0,$560,$1188,$815,$0,$815,$322,$493,$493,$492,$1346,$815,$331,333,$1.48,$1.47,$116,$374,$105,$2372,$23107,$0,$189,$0,$23682,$26054,$3592,$3512,$2094,$9014,$12606,$213,$9292,$-193,$13448,$26054,$493,$531,$159,$690,$45,$-8,$-3,$-7,$-129,$1064,$-1199,$0,$-1000,$0,$0,$0,$-30,$-2229,$1193,$0,$1193,$8,$8,$-51,$-8,$1142,$-24,$0,$-50
47,2006-12-31,58.0,$39.88,1.45,$24.93,2.33,$2.75,21.11,$7.64,7.59,$2.49B,$3.81B,0.65,$2.02B,$13.09B,0.15,$8.31B,$8.19B,98.56%,$8.31B,$4.01B,48.25%,$8.31B,$4.01B,48.25%,$8.31B,$5.83B,70.12%,$8.31B,$4.01B,48.25%,$8.31B,$2.55B,30.65%,$2.55B,$13.19B,20.83%,$2.55B,$13.00B,21.16%,$2.55B,$24.31B,11.36%,$4.01B,$15.21B,27.89%,$1987,$44,$1943,$0,$582,$1211,$776,$0,$776,$255,$521,$521,$519,$1291,$776,$330,333,$1.57,$1.56,$141,$320,$219,$2490,$21346,$0,$189,$0,$21818,$24308,$3812,$2020,$1667,$7306,$11117,$212,$8899,$-31,$13191,$24308,$2552,$1816,$667,$2483,$-154,$10,$-137,$-0,$-755,$4313,$-4135,$0,$-1491,$0,$0,$0,$-150,$-5776,$1630,$0,$1630,$-135,$-135,$-154,$34,$1374,$-88,$0,$-154
