,Date,Stock Price,Book Value per Share,Price to Book Ratio,TTM Sales per Share,Price to Sales Ratio,TTM FCF per Share,Price to FCF Ratio,TTM Net EPS,PE Ratio,Current Assets,Current Liabilities,Current Ratio,Long Term Debt,Shareholder's Equity_x,Debt to Equity Ratio,TTM Revenue_x,TTM Gross Profit,Gross Margin,TTM Revenue_y,TTM Operating Income,Operating Margin,TTM Revenue_x,TTM EBIT,EBIT Margin,TTM Revenue_y,TTM EBITDA,EBITDA Margin,TTM Revenue_x,TTM Pre-Tax Income,Pre-Tax Margin,TTM Revenue_y,TTM Net Income_x,Net Margin,TTM Net Income_y,Shareholder's Equity_y,Return on Equity,TTM Net Income_x,Tangible Equity,Return on Tangible Equity,TTM Net Income_y,Total Assets,Return on Assets,TTM Net Income,LT Investments & Debt,Return on Investment,revenue,cost-goods-sold,gross-profit,research-development-expenses,selling-general-administrative-expenses,operating-expenses,operating-income,total-non-operating-income-expense,pre-tax-income,total-provision-income-taxes,income-after-taxes,income-from-continuous-operations,net-income,ebitda,ebit,basic-shares-outstanding,shares-outstanding,eps-basic-net-earnings-per-share,eps-earnings-per-share-diluted,cash-on-hand,inventory,other-current-assets,total-current-assets,net-property-plant-equipment,long-term-investments,goodwill-intangible-assets-total,other-long-term-assets,total-long-term-assets,total-assets,total-current-liabilities,long-term-debt,other-non-current-liabilities,total-long-term-liabilities,total-liabilities,common-stock-net,retained-earnings-accumulated-deficit,comprehensive-income,total-share-holder-equity,total-liabilities-share-holders-equity,net-income-loss,total-depreciation-amortization-cash-flow,other-non-cash-items,total-non-cash-items,change-in-accounts-receivable,change-in-inventories,change-in-accounts-payable,change-in-assets-liabilities,total-change-in-assets-liabilities,cash-flow-from-operating-activities,net-change-in-property-plant-equipment,net-change-in-intangible-assets,net-acquisitions-divestitures,net-change-in-short-term-investments,net-change-in-long-term-investments,net-change-in-investments-total,investing-activities-other,cash-flow-from-investing-activities,net-long-term-debt,net-current-debt,debt-issuance-retirement-net-total,net-common-equity-issued-repurchased,net-total-equity-issued-repurchased,total-common-preferred-stock-dividends-paid,financial-activities-other,cash-flow-from-financial-activities,net-cash-flow,stock-based-compensation,common-stock-dividends-paid
0,2018-09-30,67.41,$22.75,2.96,$25.12,2.68,$5.08,13.28,$2.79,24.16,$4.47B,$5.12B,0.87,$15.76B,$11.24B,1.4,$12.96B,$11.86B,91.46%,$12.96B,$2.59B,20.00%,$12.96B,$2.59B,20.00%,$12.96B,$6.76B,52.15%,$12.96B,$1.05B,8.12%,$12.96B,$1.49B,11.49%,$1.49B,$11.24B,12.34%,$1.49B,$5.60B,23.19%,$1.49B,$41.15B,3.60%,$2.59B,$26.99B,9.38%,$3697,$294,$3403,$118,$978,$2718,$979,$-296,$683,$256,$427,$427,$363,$2109,$979,$499,500,$0.72,$0.72,$1883,$0,$397,$4471,$28744,$0,$5638,$2292,$36674,$41145,$5117,$15755,$6581,$24791,$29908,$57,$1291,$-383,$11237,$41145,$618,$3123,$938,$4061,$-344,$0,$0,$-263,$-377,$4302,$-4498,$0,$0,$0,$0,$0,$-161,$-4659,$955,$-13,$942,$-2470,$-2470,$-380,$-398,$-2306,$-2681,$0,$-380
1,2018-06-30,73.25,$22.92,3.2,$22.24,3.29,$10.10,7.25,$0.80,91.56,$4.63B,$5.43B,0.85,$15.36B,$11.50B,1.34,$11.76B,$10.70B,90.94%,$11.76B,$0.87B,7.35%,$11.76B,$0.87B,7.35%,$11.76B,$4.99B,42.39%,$11.76B,$-0.70B,-5.92%,$11.76B,$0.43B,3.63%,$0.43B,$11.50B,3.35%,$0.43B,$5.85B,6.03%,$0.43B,$41.08B,1.02%,$0.87B,$26.85B,3.06%,$3291,$275,$3016,$94,$950,$2472,$819,$-677,$142,$125,$17,$17,$29,$1822,$819,$504,505,$0.05,$0.05,$2321,$0,$402,$4632,$28502,$0,$5646,$2301,$36449,$41081,$5427,$15355,$6487,$24159,$29586,$57,$1054,$-410,$11495,$41081,$191,$1993,$673,$2666,$-91,$0,$0,$-202,$-202,$2655,$-2893,$0,$0,$0,$0,$0,$-163,$-3056,$569,$34,$603,$-1967,$-1967,$-254,$-208,$-1826,$-2242,$0,$-254
2,2018-03-31,60.2,$23.33,2.58,$20.65,2.92,$16.27,3.7,$-0.01,0.0,$5.53B,$4.73B,1.17,$15.64B,$11.76B,1.33,$11.19B,$10.17B,90.88%,$11.19B,$-0.02B,-0.19%,$11.19B,$-0.02B,-0.19%,$11.19B,$4.13B,36.95%,$11.19B,$-1.21B,-10.82%,$11.19B,$-0.02B,-0.15%,$-0.02B,$11.76B,-0.13%,$-0.02B,$6.10B,-0.22%,$-0.02B,$41.08B,-0.04%,$-0.02B,$27.40B,-0.07%,$3045,$276,$2769,$168,$901,$2494,$551,$-251,$300,$126,$174,$174,$121,$1541,$551,$518,519,$0.23,$0.22,$3361,$0,$374,$5530,$27758,$0,$5654,$2134,$35546,$41076,$4734,$15643,$6676,$24586,$29320,$57,$1152,$-410,$11756,$41076,$174,$990,$238,$1228,$23,$0,$0,$-40,$28,$1430,$-1176,$0,$0,$0,$0,$0,$63,$-1113,$694,$-26,$668,$-1959,$-1959,$-127,$-89,$-1507,$-1190,$0,$-127
3,2017-12-31,53.23,$25.98,2.05,$21.62,2.46,$20.82,2.56,$-0.81,0.0,$6.76B,$3.91B,1.73,$15.55B,$13.79B,1.13,$11.91B,$10.91B,91.60%,$11.91B,$-0.67B,-5.64%,$11.91B,$-0.67B,-5.64%,$11.91B,$3.61B,30.29%,$11.91B,$-1.69B,-14.18%,$11.91B,$-0.46B,-3.83%,$-0.46B,$13.79B,-3.18%,$-0.46B,$8.13B,-5.26%,$-0.46B,$42.09B,-1.05%,$-0.67B,$29.34B,-2.26%,$2929,$262,$2667,$175,$1115,$2685,$244,$-316,$-72,$-1111,$1039,$1039,$976,$1288,$244,$548,548,$1.76,$1.76,$4553,$0,$380,$6762,$27451,$0,$5662,$2211,$35324,$42086,$3906,$15547,$6609,$24390,$28296,$57,$1109,$-338,$13790,$42086,$-211,$4279,$247,$4526,$-147,$0,$0,$-127,$-306,$4009,$-1023,$0,$25,$0,$0,$0,$-30,$-1028,$311,$-43,$268,$-1092,$-1092,$-111,$-678,$-1613,$1369,$0,$-111
4,2017-09-30,48.42,$25.19,1.92,$20.84,2.32,$18.92,2.56,$-3.55,0.0,$7.47B,$3.68B,2.03,$15.42B,$13.92B,1.11,$11.37B,$10.43B,91.72%,$11.37B,$-1.53B,-13.43%,$11.37B,$-1.53B,-13.43%,$11.37B,$2.81B,24.71%,$11.37B,$-2.13B,-18.76%,$11.37B,$-1.95B,-17.13%,$-1.95B,$13.92B,-13.17%,$-1.95B,$8.25B,-21.56%,$-1.95B,$43.13B,-4.38%,$-1.53B,$29.35B,-5.06%,$2496,$253,$2243,$750,$1036,$3245,$-749,$-317,$-1066,$-425,$-641,$-641,$-699,$334,$-749,$553,553,$-1.27,$-1.27,$5251,$0,$340,$7473,$27832,$0,$5671,$2152,$35655,$43128,$3683,$15424,$6721,$25523,$29206,$57,$160,$-337,$13922,$43128,$-1250,$3235,$901,$4136,$-32,$0,$0,$-140,$-267,$2619,$-58,$0,$0,$0,$0,$0,$30,$-28,$207,$-58,$149,$-37,$-37,$-84,$-555,$-527,$2068,$0,$-84
5,2017-06-30,44.89,$26.53,1.69,$19.99,2.25,$15.33,2.93,$-3.89,0.0,$7.98B,$3.15B,2.53,$15.44B,$14.66B,1.05,$10.76B,$9.88B,91.77%,$10.76B,$-1.57B,-14.59%,$10.76B,$-1.57B,-14.59%,$10.76B,$2.75B,25.55%,$10.76B,$-2.07B,-19.26%,$10.76B,$-2.08B,-19.31%,$-2.08B,$14.66B,-13.59%,$-2.08B,$8.94B,-22.11%,$-2.08B,$44.35B,-4.62%,$-1.57B,$30.09B,-5.14%,$2716,$229,$2487,$532,$963,$2783,$-67,$-305,$-372,$-38,$-334,$-334,$-415,$970,$-67,$552,552,$-0.76,$-0.76,$6008,$0,$322,$7984,$28516,$0,$5714,$2134,$36364,$44348,$3154,$15436,$6870,$26538,$29692,$57,$887,$-343,$14656,$44348,$-609,$2152,$717,$2869,$7,$0,$0,$-9,$-280,$1980,$1164,$0,$0,$0,$0,$0,$55,$1219,$128,$-32,$96,$-37,$-37,$-56,$-375,$-372,$2826,$0,$-56
6,2017-03-31,61.32,$27.32,2.24,$18.83,3.26,$9.86,6.22,$-4.49,0.0,$7.71B,$3.76B,2.05,$15.28B,$15.08B,1.01,$9.96B,$9.10B,91.38%,$9.96B,$-1.84B,-18.42%,$9.96B,$-1.84B,-18.42%,$9.96B,$2.43B,24.41%,$9.96B,$-2.63B,-26.36%,$9.96B,$-2.36B,-23.64%,$-2.36B,$15.08B,-15.42%,$-2.36B,$9.34B,-25.45%,$-2.36B,$44.69B,-5.24%,$-1.84B,$30.36B,-6.00%,$3767,$256,$3511,$1084,$1017,$3867,$-100,$-78,$-178,$97,$-275,$-275,$-318,$1015,$-100,$551,551,$-0.58,$-0.58,$5831,$0,$299,$7707,$29065,$0,$5739,$2182,$36986,$44693,$3762,$15284,$6904,$25852,$29614,$57,$1330,$-391,$15079,$44693,$-275,$1115,$-151,$964,$68,$0,$0,$-29,$434,$1123,$1657,$0,$0,$0,$0,$0,$66,$1723,$-10,$28,$18,$-21,$-21,$-28,$-167,$-198,$2651,$0,$-28
7,2016-12-31,68.91,$28.12,2.45,$15.28,4.51,$2.60,26.47,$-5.94,0.0,$5.27B,$3.33B,1.58,$15.28B,$15.50B,0.99,$7.87B,$7.06B,89.69%,$7.87B,$-2.60B,-33.03%,$7.87B,$-2.60B,-33.03%,$7.87B,$1.70B,21.63%,$7.87B,$-3.83B,-48.66%,$7.87B,$-3.07B,-39.03%,$-3.07B,$15.50B,-20.23%,$-3.07B,$9.59B,-34.08%,$-3.07B,$45.56B,-6.71%,$-2.60B,$30.78B,-8.49%,$2387,$203,$2184,$440,$1025,$2997,$-610,$94,$-516,$-64,$-452,$-452,$-515,$489,$-610,$522,522,$-0.90,$-0.90,$3184,$0,$354,$5266,$32168,$0,$5904,$2226,$40298,$45564,$3328,$15281,$7134,$26739,$30067,$57,$1704,$-391,$15497,$45564,$-2808,$4301,$1415,$5716,$677,$0,$0,$-142,$92,$3000,$-1149,$0,$-1740,$0,$0,$0,$127,$-2762,$-790,$-103,$-893,$2150,$2150,$-105,$856,$2008,$2245,$0,$-105
8,2016-09-30,62.57,$28.88,2.17,$14.75,4.24,$-13.79,0.0,$-7.45,0.0,$5.92B,$3.76B,1.57,$15.09B,$15.91B,0.95,$7.54B,$6.70B,88.88%,$7.54B,$-4.13B,-54.82%,$7.54B,$-4.13B,-54.82%,$7.54B,$0.09B,1.23%,$7.54B,$-5.48B,-72.75%,$7.54B,$-3.81B,-50.50%,$-3.81B,$15.91B,-25.09%,$-3.81B,$9.72B,-42.78%,$-3.81B,$45.42B,-8.29%,$-4.13B,$31.00B,-13.46%,$1893,$198,$1695,$304,$1057,$2686,$-793,$-214,$-1007,$-260,$-747,$-747,$-830,$276,$-793,$517,517,$-1.61,$-1.61,$3980,$0,$347,$5918,$31099,$0,$6197,$2203,$39499,$45417,$3762,$15090,$6310,$25743,$29505,$57,$2246,$-518,$15912,$45417,$-2356,$3202,$999,$4201,$810,$0,$0,$-141,$32,$1877,$-1337,$0,$0,$0,$0,$0,$81,$-1256,$-183,$-126,$-309,$3319,$3319,$-78,$-511,$2421,$3041,$0,$-78
9,2016-06-30,52.54,$28.60,1.84,$14.41,3.65,$-26.15,0.0,$-10.25,0.0,$3.21B,$3.24B,0.99,$15.64B,$14.60B,1.07,$7.33B,$6.43B,87.69%,$7.33B,$-5.89B,-80.31%,$7.33B,$-5.89B,-80.31%,$7.33B,$-1.62B,-22.11%,$7.33B,$-7.55B,-103.03%,$7.33B,$-5.21B,-71.08%,$-5.21B,$14.60B,-33.72%,$-5.21B,$8.36B,-56.98%,$-5.21B,$44.03B,-11.12%,$-5.89B,$30.24B,-18.88%,$1915,$202,$1713,$76,$960,$2247,$-332,$-593,$-925,$-314,$-611,$-611,$-692,$652,$-332,$510,510,$-1.36,$-1.36,$1394,$0,$318,$3212,$32345,$0,$6237,$2239,$40821,$44033,$3244,$15641,$5862,$26189,$29433,$53,$3103,$-487,$14600,$44033,$-1609,$2133,$463,$2596,$922,$0,$0,$-264,$105,$1092,$-979,$0,$0,$0,$0,$0,$14,$-965,$-150,$-159,$-309,$-1,$-1,$-51,$690,$329,$455,$0,$-51
10,2016-03-31,45.91,$28.80,1.59,$15.83,2.9,$-38.28,0.0,$-8.77,0.0,$5.77B,$6.66B,0.87,$15.73B,$14.70B,1.07,$8.05B,$7.13B,88.50%,$8.05B,$-5.47B,-67.88%,$8.05B,$-5.47B,-67.88%,$8.05B,$-0.97B,-12.04%,$8.05B,$-6.44B,-80.01%,$8.05B,$-4.46B,-55.36%,$-4.46B,$14.70B,-26.78%,$-4.46B,$8.38B,-43.32%,$-4.46B,$47.92B,-9.12%,$-5.47B,$30.43B,-16.84%,$1674,$208,$1466,$126,$1023,$2538,$-864,$-517,$-1381,$-383,$-998,$-998,$-1034,$285,$-864,$509,509,$-2.03,$-2.03,$2947,$0,$428,$5767,$33526,$0,$6325,$2304,$42155,$47922,$6657,$15726,$5898,$26564,$33221,$53,$3821,$-491,$14701,$47922,$-998,$1149,$155,$1304,$46,$0,$0,$-163,$-443,$-137,$-987,$0,$0,$0,$0,$0,$14,$-973,$3074,$-150,$2924,$0,$0,$-25,$220,$3119,$2008,$0,$-25
11,2015-12-31,47.84,$30.41,1.57,$17.12,2.79,$-48.78,0.0,$-13.19,0.0,$3.98B,$4.18B,0.95,$15.64B,$15.46B,1.01,$8.70B,$7.68B,88.34%,$8.70B,$-8.81B,-101.28%,$8.70B,$-8.81B,-101.28%,$8.70B,$-4.21B,-48.36%,$8.70B,$-9.69B,-111.39%,$8.70B,$-6.69B,-76.94%,$-6.69B,$15.46B,-37.81%,$-6.69B,$9.13B,-59.26%,$-6.69B,$46.33B,-13.34%,$-8.81B,$31.09B,-26.15%,$2053,$230,$1823,$384,$901,$4195,$-2142,$-27,$-2169,$-645,$-1524,$-1524,$-1249,$-1120,$-2142,$508,508,$-2.44,$-2.44,$939,$0,$573,$3981,$33751,$0,$6331,$2268,$42350,$46331,$4180,$15636,$5658,$26694,$30874,$52,$4880,$-383,$15457,$46331,$-6812,$4603,$5767,$10370,$-2,$0,$0,$-4736,$-5435,$-1877,$-4652,$0,$-3,$0,$0,$0,$-116,$-4771,$599,$-23,$576,$327,$327,$-553,$-130,$220,$-6430,$0,$-553
12,2015-09-30,59.17,$33.56,1.76,$19.36,3.06,$-28.16,0.0,$-11.52,0.0,$5.19B,$4.44B,1.17,$15.89B,$17.05B,0.93,$9.82B,$8.73B,88.86%,$9.82B,$-7.15B,-72.76%,$9.82B,$-7.15B,-72.76%,$9.82B,$-2.35B,-23.93%,$9.82B,$-7.97B,-81.16%,$9.82B,$-5.83B,-59.40%,$-5.83B,$17.05B,-30.05%,$-5.83B,$10.71B,-45.06%,$-5.83B,$49.18B,-10.84%,$-7.15B,$32.94B,-20.27%,$1688,$262,$1426,$1074,$984,$4237,$-2549,$-528,$-3077,$-917,$-2160,$-2160,$-2235,$-1438,$-2549,$508,508,$-4.41,$-4.41,$2072,$0,$646,$5187,$35381,$0,$6343,$2271,$43995,$49182,$4438,$15892,$5710,$27692,$32130,$52,$6268,$-487,$17052,$49182,$-5288,$3581,$4533,$8114,$23,$0,$0,$-4410,$-4960,$-2134,$-3613,$0,$0,$0,$0,$0,$-83,$-3696,$786,$-103,$683,$331,$331,$-415,$-65,$534,$-5297,$0,$-415
13,2015-06-30,76.18,$38.11,2.0,$25.90,2.94,$-8.99,0.0,$-4.99,0.0,$5.41B,$4.67B,1.16,$16.03B,$19.36B,0.83,$13.14B,$12.04B,91.58%,$13.14B,$-2.90B,-22.06%,$13.14B,$-2.90B,-22.06%,$13.14B,$1.95B,14.83%,$13.14B,$-3.12B,-23.74%,$13.14B,$-2.52B,-19.17%,$-2.52B,$19.36B,-12.12%,$-2.52B,$12.94B,-17.34%,$-2.52B,$52.12B,-4.45%,$-2.90B,$35.38B,-7.98%,$2636,$226,$2410,$103,$967,$2546,$90,$95,$185,$77,$108,$108,$61,$1304,$90,$508,509,$0.12,$0.12,$2173,$0,$635,$5410,$37820,$0,$6420,$2474,$46714,$52124,$4669,$16025,$4477,$28096,$32765,$52,$8641,$-496,$19359,$52124,$-3128,$2470,$3179,$5649,$-105,$0,$0,$-5479,$-5782,$-3261,$-2801,$0,$0,$0,$0,$0,$16,$-2785,$930,$-109,$821,$330,$330,$-277,$-25,$849,$-5196,$0,$-277
14,2015-03-31,80.55,$37.28,2.16,$29.47,2.73,$7.61,10.58,$-4.66,0.0,$5.17B,$5.23B,0.99,$16.37B,$18.93B,0.86,$14.95B,$13.79B,92.28%,$14.95B,$-1.78B,-11.91%,$14.95B,$-1.78B,-11.91%,$14.95B,$2.90B,19.42%,$14.95B,$-2.61B,-17.48%,$14.95B,$-2.35B,-15.75%,$-2.35B,$18.93B,-11.08%,$-2.35B,$12.39B,-15.49%,$-2.35B,$52.97B,-4.04%,$-1.78B,$35.30B,-4.92%,$2321,$296,$2025,$1083,$1048,$6529,$-4208,$-420,$-4628,$-1392,$-3236,$-3236,$-3269,$-2952,$-4208,$507,507,$-6.45,$-6.45,$2308,$0,$683,$5165,$38270,$0,$6540,$2998,$47808,$52973,$5228,$16365,$4925,$28811,$34039,$52,$8718,$-507,$18934,$52973,$-3236,$1256,$3216,$4472,$357,$0,$0,$-5818,$-5740,$-4504,$-1935,$0,$0,$0,$0,$0,$10,$-1925,$1753,$-39,$1714,$-24,$-24,$-139,$-182,$1369,$-5061,$0,$-139
15,2014-12-31,79.98,$44.05,1.82,$36.49,2.19,$25.24,3.17,$-3.51,0.0,$10.50B,$10.23B,1.03,$15.09B,$22.32B,0.68,$18.47B,$17.30B,93.66%,$18.47B,$5.40B,29.25%,$18.47B,$5.40B,29.25%,$18.47B,$9.95B,53.89%,$18.47B,$0.05B,0.29%,$18.47B,$-1.75B,-9.50%,$-1.75B,$22.32B,-8.07%,$-1.75B,$15.75B,-11.01%,$-1.75B,$60.97B,-2.95%,$5.40B,$37.41B,15.03%,$3177,$310,$2867,$639,$1101,$3656,$-479,$27,$-452,$-102,$-350,$-350,$-391,$736,$-479,$506,506,$-0.75,$-0.74,$7369,$0,$603,$10499,$41589,$0,$6569,$2310,$50468,$60967,$10234,$15092,$4796,$28415,$38649,$52,$12125,$-517,$22318,$60967,$-1563,$4550,$990,$5540,$103,$0,$0,$4289,$4489,$8466,$-4540,$0,$-1527,$0,$0,$0,$-405,$-6472,$1454,$62,$1516,$76,$76,$-505,$588,$1675,$3671,$0,$-505
16,2014-09-30,98.0,$44.56,2.2,$36.82,2.66,$20.92,4.69,$-4.26,0.0,$11.74B,$10.98B,1.07,$14.73B,$22.56B,0.65,$18.63B,$17.45B,93.65%,$18.63B,$6.10B,32.73%,$18.63B,$6.10B,32.73%,$18.63B,$10.40B,55.83%,$18.63B,$-0.32B,-1.70%,$18.63B,$-2.13B,-11.43%,$-2.13B,$22.56B,-9.64%,$-2.13B,$17.06B,-12.91%,$-2.13B,$60.67B,-3.66%,$6.10B,$37.29B,17.05%,$5010,$275,$4735,$199,$1278,$3312,$1698,$76,$1774,$627,$1147,$1147,$1079,$2861,$1698,$506,508,$2.13,$2.12,$8335,$0,$692,$11739,$41104,$0,$5501,$2321,$48926,$60665,$10983,$14728,$4879,$27119,$38102,$52,$12633,$-267,$22563,$60665,$-1213,$3335,$-628,$2707,$104,$0,$0,$4206,$5020,$6514,$-2519,$0,$0,$0,$0,$0,$-376,$-2895,$1115,$134,$1249,$81,$81,$-368,$55,$1017,$4637,$0,$-368
17,2014-06-30,105.49,$41.85,2.52,$34.59,3.05,$16.83,6.27,$-6.02,0.0,$8.98B,$10.76B,0.84,$13.41B,$21.17B,0.63,$17.47B,$16.29B,93.21%,$17.47B,$5.09B,29.12%,$17.47B,$5.09B,29.12%,$17.47B,$9.23B,52.79%,$17.47B,$-1.63B,-9.32%,$17.47B,$-3.03B,-17.32%,$-3.03B,$21.17B,-13.51%,$-3.03B,$15.58B,-18.04%,$-3.03B,$58.41B,-5.32%,$5.09B,$34.59B,14.20%,$4439,$273,$4166,$502,$1197,$3230,$1209,$-515,$694,$428,$266,$266,$227,$2257,$1209,$505,507,$0.45,$0.45,$5365,$0,$536,$8980,$41487,$0,$5595,$2352,$49434,$58414,$10760,$13414,$3882,$26482,$37242,$52,$11684,$-273,$21172,$58414,$-2360,$2172,$249,$2421,$-183,$0,$0,$4292,$4130,$4191,$-1814,$0,$-4,$0,$0,$0,$-282,$-2100,$-178,$178,$0,$38,$38,$-230,$-232,$-424,$1667,$0,$-230
18,2014-03-31,81.47,$41.44,1.97,$32.77,2.49,$15.90,5.12,$-4.64,0.0,$9.66B,$10.93B,0.88,$13.57B,$20.92B,0.65,$16.53B,$15.37B,93.00%,$16.53B,$5.02B,30.36%,$16.53B,$5.02B,30.36%,$16.53B,$9.05B,54.73%,$16.53B,$-0.80B,-4.81%,$16.53B,$-2.33B,-14.10%,$-2.33B,$20.92B,-10.12%,$-2.33B,$15.32B,-13.40%,$-2.33B,$58.10B,-4.15%,$5.02B,$34.49B,13.75%,$5844,$313,$5531,$299,$1130,$2869,$2975,$-4937,$-1962,$664,$-2626,$-2626,$-2669,$4099,$2975,$504,504,$-5.30,$-5.30,$5924,$0,$691,$9664,$40564,$0,$5597,$2278,$48439,$58103,$10929,$13569,$3345,$26257,$37186,$52,$11595,$-279,$20917,$58103,$-2626,$1124,$-795,$329,$-266,$0,$0,$4355,$4026,$1729,$756,$0,$-4,$0,$0,$0,$-170,$582,$-12,$97,$85,$-22,$-22,$-92,$-33,$-62,$2226,$0,$-92
19,2013-12-31,76.08,$46.95,1.62,$28.92,2.63,$13.26,5.74,$1.57,48.46,$7.11B,$5.70B,1.25,$13.07B,$23.65B,0.55,$14.58B,$13.49B,92.51%,$14.58B,$3.33B,22.86%,$14.58B,$3.33B,22.86%,$14.58B,$7.26B,49.79%,$14.58B,$2.11B,14.44%,$14.58B,$0.80B,5.45%,$0.80B,$23.65B,3.40%,$0.80B,$17.99B,4.48%,$0.80B,$55.78B,1.45%,$3.33B,$36.72B,9.04%,$3338,$323,$3015,$615,$974,$3123,$215,$-1038,$-823,$-98,$-725,$-725,$-766,$1184,$215,$502,505,$-1.53,$-1.52,$3698,$0,$688,$7108,$40929,$0,$5662,$2082,$48673,$55781,$5703,$13065,$4118,$26428,$32131,$52,$14356,$-285,$23650,$55781,$941,$3927,$2157,$6084,$719,$0,$0,$996,$1863,$8888,$-7154,$0,$-473,$0,$0,$0,$-589,$-8216,$248,$-13,$235,$92,$92,$-274,$570,$623,$1227,$0,$-274
20,2013-09-30,89.0,$47.50,1.87,$29.10,3.06,$13.32,6.68,$3.50,25.43,$7.14B,$4.74B,1.51,$13.65B,$23.90B,0.57,$14.65B,$13.64B,93.09%,$14.65B,$3.61B,24.61%,$14.65B,$3.61B,24.61%,$14.65B,$7.59B,51.81%,$14.65B,$3.48B,23.72%,$14.65B,$1.76B,12.02%,$1.76B,$23.90B,7.67%,$1.76B,$18.24B,10.19%,$1.76B,$55.29B,3.25%,$3.61B,$37.55B,9.88%,$3853,$277,$3576,$272,$1021,$3164,$689,$-226,$463,$240,$223,$223,$181,$1685,$689,$503,505,$0.36,$0.36,$3939,$0,$736,$7140,$40485,$0,$5663,$2006,$48154,$55294,$4738,$13647,$3636,$26655,$31393,$52,$15218,$-578,$23901,$55294,$1666,$2958,$1243,$4201,$246,$0,$0,$708,$917,$6784,$-4876,$0,$-473,$0,$0,$0,$-552,$-5901,$348,$63,$411,$93,$93,$-182,$309,$631,$1468,$0,$-182
21,2013-06-30,82.09,$47.16,1.74,$28.11,2.92,$11.76,6.98,$3.38,24.29,$7.90B,$5.01B,1.58,$13.54B,$23.71B,0.57,$14.13B,$13.16B,93.09%,$14.13B,$3.73B,26.42%,$14.13B,$3.73B,26.42%,$14.13B,$7.70B,54.50%,$14.13B,$3.40B,24.07%,$14.13B,$1.70B,12.04%,$1.70B,$23.71B,7.61%,$1.70B,$18.03B,10.22%,$1.70B,$55.30B,3.18%,$3.73B,$37.25B,10.45%,$3497,$245,$3252,$178,$980,$2357,$1140,$386,$1526,$567,$959,$959,$923,$2080,$1140,$502,504,$1.84,$1.83,$4581,$0,$762,$7899,$39831,$0,$5677,$1893,$47401,$55300,$5013,$13538,$3662,$26578,$31591,$52,$15126,$-599,$23709,$55300,$1443,$1962,$435,$2397,$257,$0,$0,$687,$1165,$5005,$-3113,$0,$-135,$0,$0,$0,$-341,$-3589,$250,$145,$395,$65,$65,$-92,$348,$716,$2110,$0,$-92
22,2013-03-31,83.45,$44.54,1.87,$27.61,3.02,$9.19,9.08,$0.79,105.64,$7.31B,$4.07B,1.8,$13.66B,$22.33B,0.61,$13.86B,$12.88B,92.92%,$13.86B,$2.31B,16.70%,$13.86B,$2.31B,16.70%,$13.86B,$6.37B,45.97%,$13.86B,$1.97B,14.22%,$13.86B,$0.69B,4.97%,$0.69B,$22.33B,3.17%,$0.69B,$16.65B,4.30%,$0.69B,$53.59B,1.30%,$2.31B,$35.99B,6.61%,$3893,$247,$3646,$264,$1042,$2604,$1289,$-349,$940,$456,$484,$484,$457,$2311,$1289,$501,503,$0.91,$0.91,$3735,$0,$815,$7310,$38970,$0,$5678,$1630,$46278,$53588,$4072,$13663,$4559,$27186,$31258,$52,$14243,$-619,$22330,$53588,$484,$1022,$588,$1610,$40,$0,$0,$494,$409,$2503,$-1349,$0,$-135,$0,$0,$0,$-133,$-1617,$385,$86,$471,$-9,$-9,$-46,$-33,$383,$1264,$0,$-46
23,2012-12-31,70.84,$43.72,1.62,$26.75,2.65,$7.37,9.62,$4.16,17.03,$6.80B,$3.99B,1.7,$13.27B,$21.88B,0.61,$13.41B,$12.44B,92.72%,$13.41B,$3.73B,27.79%,$13.41B,$3.73B,27.79%,$13.41B,$7.69B,57.35%,$13.41B,$3.57B,26.58%,$13.41B,$2.38B,17.72%,$2.38B,$21.88B,11.08%,$2.38B,$16.20B,15.15%,$2.38B,$52.59B,4.46%,$3.73B,$35.15B,10.61%,$3410,$244,$3166,$284,$1140,$2922,$488,$58,$546,$356,$190,$190,$200,$1516,$488,$500,502,$0.40,$0.40,$2471,$0,$1577,$6795,$38398,$0,$5680,$1716,$45794,$52589,$3994,$13269,$4685,$26713,$30707,$51,$13829,$-640,$21882,$52589,$2445,$3964,$2801,$6765,$520,$0,$0,$-915,$-871,$8339,$-6585,$0,$0,$0,$0,$0,$-284,$-6869,$-2002,$-69,$-2071,$66,$66,$-181,$527,$-1659,$-226,$0,$-181
24,2012-09-30,66.57,$42.89,1.55,$27.67,2.41,$-1.33,0.0,$3.04,21.9,$7.32B,$4.82B,1.52,$13.10B,$21.43B,0.61,$13.84B,$12.85B,92.81%,$13.84B,$3.10B,22.38%,$13.84B,$3.10B,22.38%,$13.84B,$6.96B,50.30%,$13.84B,$2.59B,18.68%,$13.84B,$1.82B,13.16%,$1.82B,$21.43B,8.80%,$1.82B,$15.68B,12.21%,$1.82B,$52.72B,3.43%,$3.10B,$34.53B,8.89%,$3332,$241,$3091,$297,$991,$2516,$816,$-426,$390,$248,$142,$142,$121,$1795,$816,$500,502,$0.24,$0.24,$2532,$0,$1868,$7324,$37976,$0,$5754,$1664,$45394,$52718,$4824,$13102,$4618,$26463,$31287,$51,$13671,$-561,$21431,$52718,$2255,$2936,$2411,$5347,$409,$0,$0,$-1406,$-1483,$6119,$-5008,$0,$0,$0,$0,$0,$-188,$-5196,$-1120,$12,$-1108,$42,$42,$-136,$145,$-1057,$-165,$0,$-136
25,2012-06-30,62.95,$42.58,1.48,$27.46,2.29,$-2.42,0.0,$-3.33,0.0,$8.43B,$5.88B,1.43,$13.09B,$21.28B,0.62,$13.71B,$12.69B,92.59%,$13.71B,$-1.34B,-9.81%,$13.71B,$-1.34B,-9.81%,$13.71B,$2.47B,18.04%,$13.71B,$-2.30B,-16.78%,$13.71B,$-1.35B,-9.85%,$-1.35B,$21.28B,-6.67%,$-1.35B,$15.52B,-9.36%,$-1.35B,$53.33B,-2.54%,$-1.34B,$34.37B,-3.92%,$3222,$249,$2973,$1121,$989,$3501,$-279,$373,$94,$164,$-70,$-70,$-89,$748,$-279,$500,500,$-0.18,$-0.18,$2794,$0,$2685,$8430,$37484,$0,$5757,$1661,$44902,$53332,$5883,$13093,$4269,$26171,$32054,$51,$13595,$-578,$21278,$53332,$2113,$1957,$1748,$3705,$351,$0,$0,$-1793,$-1928,$3890,$-3295,$0,$0,$0,$0,$0,$-112,$-3407,$-419,$-39,$-458,$15,$15,$-91,$171,$-363,$97,$0,$-91
26,2012-03-31,74.39,$42.36,1.76,$28.36,2.62,$-2.85,0.0,$-1.49,0.0,$8.71B,$4.90B,1.78,$15.35B,$21.16B,0.73,$14.16B,$13.16B,92.92%,$14.16B,$-0.06B,-0.45%,$14.16B,$-0.06B,-0.45%,$14.16B,$3.71B,26.21%,$14.16B,$-1.39B,-9.83%,$14.16B,$-0.72B,-5.09%,$-0.72B,$21.16B,-3.52%,$-0.72B,$15.34B,-4.92%,$-0.72B,$54.52B,-1.36%,$-0.06B,$36.51B,-0.19%,$3447,$242,$3205,$244,$-729,$745,$2702,$-167,$2535,$352,$2183,$2183,$2144,$3632,$2702,$499,501,$4.30,$4.28,$2957,$0,$2509,$8714,$38166,$0,$5825,$1816,$45807,$54521,$4897,$15347,$4249,$28460,$33357,$51,$13730,$-595,$21164,$54521,$2183,$930,$360,$1290,$-27,$0,$0,$-1297,$-1582,$1891,$-1656,$0,$0,$0,$0,$0,$-42,$-1698,$148,$-19,$129,$13,$13,$-45,$-20,$77,$260,$0,$-45
27,2011-12-31,72.4,$38.09,1.9,$28.00,2.59,$-3.46,0.0,$-5.34,0.0,$6.93B,$4.90B,1.42,$15.06B,$18.98B,0.79,$13.97B,$12.97B,92.89%,$13.97B,$-1.87B,-13.39%,$13.97B,$-1.87B,-13.39%,$13.97B,$1.96B,14.03%,$13.97B,$-3.42B,-24.51%,$13.97B,$-2.65B,-18.97%,$-2.65B,$18.98B,-12.83%,$-2.65B,$13.15B,-17.73%,$-2.65B,$51.78B,-5.06%,$-1.87B,$34.04B,-5.50%,$3839,$263,$3576,$354,$1095,$3980,$-141,$-292,$-433,$-94,$-339,$-339,$-354,$787,$-141,$498,498,$-0.72,$-0.71,$2697,$0,$975,$6931,$37501,$0,$5831,$1516,$44848,$51779,$4899,$15060,$4358,$27897,$32796,$51,$11619,$-612,$18983,$51779,$-2568,$3830,$1718,$5548,$-993,$0,$0,$234,$-475,$2505,$-5095,$0,$-802,$0,$0,$0,$-78,$-5975,$2289,$149,$2438,$-11,$-11,$-181,$264,$2510,$-983,$0,$-181
28,2011-09-30,59.74,$39.15,1.53,$25.71,2.32,$2.37,25.25,$-4.40,0.0,$7.60B,$7.86B,0.97,$12.81B,$19.50B,0.66,$12.82B,$11.85B,92.43%,$12.82B,$-1.45B,-11.33%,$12.82B,$-1.45B,-11.33%,$12.82B,$2.32B,18.09%,$12.82B,$-2.70B,-21.08%,$12.82B,$-2.19B,-17.08%,$-2.19B,$19.50B,-10.29%,$-2.19B,$13.67B,-13.96%,$-2.19B,$53.06B,-4.18%,$-1.45B,$32.31B,-4.27%,$3199,$262,$2937,$307,$1099,$6825,$-3626,$-870,$-4496,$-1468,$-3028,$-3028,$-3051,$-2694,$-3626,$498,498,$-6.12,$-6.12,$3487,$0,$689,$7604,$38116,$0,$5832,$1510,$45458,$53062,$7863,$12808,$4222,$25700,$33563,$51,$12023,$-501,$19499,$53062,$-2229,$2902,$4696,$7598,$-939,$0,$0,$-88,$-777,$4592,$-4035,$0,$-802,$0,$0,$0,$-52,$-4889,$-103,$39,$-64,$26,$26,$-135,$280,$107,$-193,$0,$-135
29,2011-06-30,72.63,$44.89,1.62,$24.43,2.97,$2.08,34.92,$1.68,43.23,$6.87B,$4.13B,1.67,$12.80B,$22.35B,0.57,$12.17B,$11.26B,92.48%,$12.17B,$2.37B,19.47%,$12.17B,$2.37B,19.47%,$12.17B,$6.17B,50.71%,$12.17B,$1.88B,15.45%,$12.17B,$0.84B,6.87%,$0.84B,$22.35B,3.86%,$0.84B,$16.51B,5.15%,$0.84B,$52.62B,1.61%,$2.37B,$35.15B,6.88%,$3676,$236,$3440,$236,$1107,$2675,$1001,$1,$1002,$440,$562,$562,$540,$1986,$1001,$498,500,$1.09,$1.08,$3406,$0,$538,$6870,$38343,$0,$5836,$1568,$45747,$52617,$4127,$12801,$3264,$26142,$30269,$51,$15119,$-517,$22348,$52617,$799,$1970,$743,$2713,$-535,$0,$0,$-92,$-386,$3126,$-2744,$0,$-804,$0,$0,$0,$-41,$-3589,$187,$-38,$149,$19,$19,$-90,$97,$175,$-274,$0,$-90
30,2011-03-31,77.42,$43.79,1.77,$22.34,3.47,$2.30,33.6,$0.52,148.89,$6.69B,$4.07B,1.65,$12.77B,$21.78B,0.59,$11.10B,$10.22B,92.12%,$11.10B,$1.75B,15.73%,$11.10B,$1.75B,15.73%,$11.10B,$5.46B,49.23%,$11.10B,$0.90B,8.10%,$11.10B,$0.26B,2.31%,$0.26B,$21.78B,1.20%,$0.26B,$16.42B,1.59%,$0.26B,$52.01B,0.50%,$1.75B,$34.55B,5.16%,$3253,$232,$3021,$179,$933,$2357,$896,$-393,$503,$266,$237,$237,$216,$1881,$896,$497,499,$0.43,$0.43,$3460,$0,$519,$6687,$38423,$0,$5366,$1537,$45326,$52013,$4065,$12769,$3369,$26164,$30229,$51,$14620,$-533,$21784,$52013,$237,$985,$452,$1437,$-251,$0,$0,$43,$-385,$1289,$-1358,$0,$-362,$0,$0,$0,$-30,$-1750,$167,$-9,$158,$5,$5,$-45,$113,$231,$-220,$0,$-45
31,2010-12-31,71.9,$43.21,1.66,$22.14,3.25,$2.74,26.25,$1.52,47.3,$6.68B,$4.11B,1.62,$12.72B,$21.44B,0.59,$10.98B,$10.15B,92.44%,$10.98B,$1.77B,16.11%,$10.98B,$1.77B,16.11%,$10.98B,$5.48B,49.92%,$10.98B,$1.64B,14.94%,$10.98B,$0.76B,6.88%,$0.76B,$21.44B,3.56%,$0.76B,$16.13B,4.75%,$0.76B,$51.56B,1.48%,$1.77B,$34.16B,5.27%,$2691,$240,$2451,$325,$898,$2414,$277,$12,$289,$160,$129,$129,$106,$1146,$277,$495,497,$0.22,$0.22,$3680,$0,$572,$6675,$37957,$0,$5311,$1616,$44884,$51559,$4114,$12722,$3423,$26006,$30120,$51,$14449,$-549,$21439,$51559,$821,$3714,$940,$4654,$-172,$0,$0,$101,$-228,$5247,$-4938,$0,$0,$0,$0,$0,$-26,$-4964,$-280,$7,$-273,$65,$65,$-180,$266,$-122,$149,$0,$-180
32,2010-09-30,53.79,$42.66,1.26,$21.77,2.47,$1.60,33.7,$1.76,30.56,$7.08B,$4.70B,1.51,$12.75B,$21.14B,0.6,$10.71B,$9.92B,92.63%,$10.71B,$1.68B,15.71%,$10.71B,$1.68B,15.71%,$10.71B,$5.41B,50.53%,$10.71B,$1.73B,16.13%,$10.71B,$0.88B,8.21%,$0.88B,$21.14B,4.19%,$0.88B,$15.83B,5.61%,$0.88B,$51.83B,1.73%,$1.68B,$33.90B,5.05%,$2550,$207,$2343,$296,$867,$2354,$196,$-110,$86,$94,$-8,$-8,$-26,$1158,$196,$496,496,$-0.05,$-0.05,$4218,$0,$793,$7080,$37711,$0,$5312,$1723,$44746,$51826,$4704,$12753,$3405,$25978,$30682,$51,$14382,$-493,$21144,$51826,$692,$2845,$547,$3392,$15,$0,$0,$126,$-152,$3932,$-3519,$0,$0,$0,$0,$0,$-30,$-3549,$427,$-70,$357,$55,$55,$-136,$37,$313,$687,$0,$-136
33,2010-06-30,33.97,$42.85,0.79,$22.45,1.51,$0.77,43.91,$2.21,15.37,$6.07B,$4.67B,1.3,$11.44B,$21.21B,0.54,$11.03B,$10.25B,92.90%,$11.03B,$2.27B,20.54%,$11.03B,$2.27B,20.54%,$11.03B,$5.94B,53.85%,$11.03B,$2.05B,18.62%,$11.03B,$1.11B,10.01%,$1.11B,$21.21B,5.33%,$1.11B,$15.89B,7.17%,$1.11B,$50.55B,2.20%,$2.27B,$32.65B,6.85%,$2604,$196,$2408,$198,$816,$2227,$377,$-356,$21,$49,$-28,$-28,$-40,$1279,$377,$495,495,$-0.08,$-0.08,$3374,$0,$594,$6074,$37619,$0,$5313,$1541,$44473,$50547,$4669,$11442,$3485,$24673,$29342,$51,$14454,$-507,$21205,$50547,$700,$1883,$225,$2108,$5,$0,$0,$299,$75,$2883,$-2394,$0,$0,$0,$0,$0,$-78,$-2472,$-476,$-93,$-569,$52,$52,$-90,$68,$-539,$-157,$0,$-90
34,2010-03-31,68.41,$42.69,1.6,$21.20,3.23,$-0.84,0.0,$1.82,37.59,$6.40B,$3.90B,1.64,$12.46B,$21.13B,0.59,$10.34B,$9.54B,92.22%,$10.34B,$1.57B,15.15%,$10.34B,$1.57B,15.15%,$10.34B,$5.27B,50.99%,$10.34B,$1.68B,16.26%,$10.34B,$0.92B,8.89%,$0.92B,$21.13B,4.50%,$0.92B,$15.81B,6.09%,$0.92B,$50.71B,1.84%,$1.57B,$33.58B,4.73%,$3139,$187,$2952,$155,$885,$2220,$919,$326,$1245,$517,$728,$728,$716,$1900,$919,$493,496,$1.44,$1.43,$3692,$0,$611,$6402,$37353,$0,$5313,$1640,$44306,$50708,$3899,$12459,$3273,$25684,$29583,$51,$14539,$-522,$21125,$50708,$728,$981,$-179,$802,$-27,$0,$0,$95,$-213,$1317,$-1170,$0,$0,$0,$0,$0,$-11,$-1181,$135,$-82,$53,$39,$39,$-45,$-11,$36,$161,$0,$-45
35,2009-12-31,58.56,$41.44,1.41,$18.78,3.12,$-2.43,0.0,$-0.34,0.0,$6.08B,$3.82B,1.59,$12.75B,$20.42B,0.62,$9.00B,$8.14B,90.46%,$9.00B,$0.38B,4.19%,$9.00B,$0.38B,4.19%,$9.00B,$3.91B,43.43%,$9.00B,$-0.11B,-1.20%,$9.00B,$-0.14B,-1.50%,$-0.14B,$20.42B,-0.68%,$-0.14B,$15.09B,-0.93%,$-0.14B,$50.12B,-0.27%,$0.38B,$33.16B,1.16%,$2417,$199,$2218,$294,$813,$2226,$191,$184,$375,$137,$238,$238,$229,$1075,$191,$480,480,$0.53,$0.53,$3531,$0,$500,$6083,$37204,$0,$5322,$1514,$44040,$50123,$3824,$12748,$3211,$25884,$29708,$50,$13868,$-512,$20415,$50123,$-103,$3532,$929,$4461,$-290,$0,$0,$-411,$-432,$3926,$-4176,$0,$0,$0,$0,$0,$-60,$-4236,$365,$-139,$226,$1337,$1337,$-176,$94,$1481,$1171,$0,$-176
36,2009-09-30,58.76,$41.07,1.43,$20.72,2.84,$6.88,8.54,$0.99,59.35,$6.06B,$2.88B,2.1,$12.78B,$20.19B,0.63,$9.83B,$8.91B,90.66%,$9.83B,$1.04B,10.59%,$9.83B,$1.04B,10.59%,$9.83B,$4.45B,45.21%,$9.83B,$0.69B,7.05%,$9.83B,$0.42B,4.29%,$0.42B,$20.19B,2.16%,$0.42B,$14.86B,2.98%,$0.42B,$49.48B,0.86%,$1.04B,$32.97B,3.29%,$2874,$201,$2673,$224,$756,$2095,$779,$-366,$413,$207,$206,$206,$200,$1688,$779,$491,493,$0.40,$0.40,$3586,$0,$621,$6056,$36703,$0,$5323,$1394,$43420,$49476,$2882,$12780,$3455,$26409,$29291,$50,$13684,$-395,$20185,$49476,$-341,$2648,$1182,$3830,$-139,$0,$0,$-344,$-663,$2826,$-2821,$0,$0,$0,$0,$0,$-107,$-2928,$405,$-270,$135,$1343,$1343,$-131,$-19,$1328,$1226,$0,$-131
37,2009-06-30,42.45,$40.70,1.04,$28.05,1.51,$14.13,3.0,$5.21,8.15,$5.65B,$3.42B,1.65,$12.87B,$19.96B,0.65,$13.11B,$12.12B,92.44%,$13.11B,$3.82B,29.14%,$13.11B,$3.82B,29.14%,$13.11B,$7.16B,54.61%,$13.11B,$3.64B,27.73%,$13.11B,$2.39B,18.21%,$2.39B,$19.96B,12.54%,$2.39B,$14.63B,17.38%,$2.39B,$49.37B,4.88%,$3.82B,$32.83B,12.43%,$1913,$218,$1695,$288,$773,$2235,$-322,$-29,$-351,$-135,$-216,$-216,$-226,$611,$-322,$477,477,$-0.48,$-0.48,$3527,$0,$581,$5646,$36909,$0,$5332,$1485,$43726,$49372,$3422,$12873,$3259,$25989,$29411,$50,$13528,$-409,$19961,$49372,$-547,$1739,$1056,$2795,$138,$0,$0,$-468,$-487,$1761,$-2059,$0,$0,$0,$0,$0,$-15,$-2074,$505,$-257,$248,$1333,$1333,$-87,$-14,$1480,$1167,$0,$-87
38,2009-03-31,36.3,$40.88,0.89,$29.98,1.21,$16.81,2.16,$5.73,6.34,$4.55B,$4.17B,1.09,$11.97B,$18.82B,0.64,$13.98B,$12.95B,92.62%,$13.98B,$4.54B,32.44%,$13.98B,$4.54B,32.44%,$13.98B,$7.73B,55.26%,$13.98B,$4.24B,30.35%,$13.98B,$2.64B,18.86%,$2.64B,$18.82B,14.48%,$2.64B,$13.46B,20.33%,$2.64B,$48.15B,5.39%,$4.54B,$30.79B,15.16%,$1796,$241,$1555,$301,$668,$2067,$-271,$-274,$-545,$-214,$-331,$-331,$-338,$535,$-271,$460,460,$-0.73,$-0.73,$2165,$0,$954,$4552,$37154,$0,$5359,$1089,$43602,$48154,$4173,$11970,$3432,$25159,$29332,$47,$13799,$-427,$18822,$48154,$-331,$806,$257,$1063,$256,$0,$0,$134,$-199,$533,$-1128,$0,$0,$0,$0,$0,$-7,$-1135,$637,$-174,$463,$-8,$-8,$-42,$-6,$407,$-195,$0,$-42
39,2008-12-31,35.89,$41.65,0.86,$32.43,1.11,$20.55,1.75,$7.07,5.08,$5.10B,$5.54B,0.92,$10.87B,$19.16B,0.57,$15.16B,$14.13B,93.17%,$15.16B,$5.60B,36.94%,$15.16B,$5.60B,36.94%,$15.16B,$8.80B,58.01%,$15.16B,$5.37B,35.40%,$15.16B,$3.26B,21.50%,$3.26B,$19.16B,18.45%,$3.26B,$13.74B,26.13%,$3.26B,$48.92B,6.66%,$5.60B,$30.02B,18.85%,$3249,$258,$2991,$489,$735,$2394,$855,$321,$1176,$387,$789,$789,$786,$1611,$855,$465,466,$1.67,$1.68,$2360,$0,$1048,$5095,$37047,$0,$5413,$1368,$43828,$48923,$5536,$10867,$3390,$24231,$29767,$47,$14179,$-441,$19156,$48923,$3283,$3194,$-652,$2542,$803,$0,$0,$-344,$617,$6442,$-2346,$0,$0,$0,$0,$0,$-182,$-2528,$-2421,$89,$-2332,$-606,$-651,$-170,$331,$-2822,$1092,$0,$0
40,2008-09-30,45.04,$39.68,1.14,$33.14,1.36,$26.57,1.7,$5.84,7.71,$4.99B,$6.23B,0.8,$10.99B,$18.21B,0.6,$15.50B,$14.49B,93.48%,$15.50B,$6.13B,39.56%,$15.50B,$6.13B,39.56%,$15.50B,$9.32B,60.13%,$15.50B,$4.83B,31.18%,$15.50B,$2.74B,17.67%,$2.74B,$18.21B,16.13%,$2.74B,$13.11B,23.12%,$2.74B,$49.23B,5.61%,$6.13B,$29.20B,20.68%,$6149,$274,$5875,$373,$1045,$2592,$3557,$-202,$3355,$1181,$2174,$2174,$2165,$4401,$3557,$466,467,$4.59,$4.58,$1980,$0,$858,$4986,$36877,$0,$5100,$2266,$44243,$49229,$6232,$10990,$3632,$24786,$31018,$47,$13435,$-257,$18211,$49229,$2489,$2438,$382,$2820,$340,$0,$0,$-142,$746,$6055,$-2666,$0,$0,$0,$0,$0,$-202,$-2868,$-2066,$19,$-2047,$-600,$-645,$-129,$347,$-2474,$713,$0,$-129
41,2008-06-30,69.38,$35.55,1.95,$26.37,2.63,$33.20,2.09,$2.30,30.16,$5.17B,$4.87B,1.06,$12.98B,$16.65B,0.78,$12.35B,$11.35B,91.96%,$12.35B,$3.64B,29.45%,$12.35B,$3.64B,29.45%,$12.35B,$6.63B,53.74%,$12.35B,$2.33B,18.83%,$12.35B,$1.05B,8.53%,$1.05B,$16.65B,6.40%,$1.05B,$11.54B,9.31%,$1.05B,$49.34B,2.17%,$3.64B,$29.63B,12.46%,$2786,$259,$2527,$264,$1074,$2392,$394,$-137,$257,$236,$21,$21,$23,$1178,$394,$468,469,$0.05,$0.05,$652,$0,$1235,$5167,$36811,$0,$5115,$2244,$44170,$49337,$4871,$12983,$4189,$27815,$32686,$47,$11316,$-264,$16651,$49337,$314,$1594,$2273,$3867,$-648,$0,$0,$-206,$-1677,$2504,$-1540,$0,$0,$0,$0,$0,$-114,$-1654,$-1725,$39,$-1686,$11,$-34,$-87,$342,$-1465,$-615,$0,$-87
42,2008-03-31,58.36,$35.58,1.64,$30.25,1.93,$44.95,1.3,$3.64,16.03,$4.31B,$4.65B,0.93,$13.36B,$16.61B,0.8,$14.14B,$13.14B,92.89%,$14.14B,$5.64B,39.84%,$14.14B,$5.64B,39.84%,$14.14B,$8.56B,60.53%,$14.14B,$4.16B,29.43%,$14.14B,$2.34B,16.57%,$2.34B,$16.66B,14.42%,$2.34B,$11.52B,20.94%,$2.34B,$48.34B,4.80%,$5.64B,$30.02B,19.78%,$2978,$245,$2733,$243,$885,$2183,$795,$-215,$580,$344,$236,$236,$286,$1605,$795,$468,469,$0.61,$0.60,$1308,$0,$851,$4308,$36619,$0,$5140,$2268,$44027,$48335,$4654,$13358,$3525,$27024,$31678,$47,$11332,$-267,$16657,$48335,$286,$810,$774,$1584,$412,$0,$0,$-187,$138,$2008,$-859,$0,$0,$0,$0,$0,$-36,$-895,$-999,$-29,$-1028,$6,$6,$-44,$-2,$-1068,$45,$0,$-44
43,2007-12-31,60.74,$34.97,1.74,$35.19,1.73,$51.12,1.19,$3.26,18.63,$4.49B,$5.23B,0.86,$13.35B,$16.32B,0.82,$16.42B,$15.32B,93.29%,$16.42B,$7.87B,47.95%,$16.42B,$7.87B,47.95%,$16.42B,$10.71B,65.25%,$16.42B,$6.33B,38.54%,$16.42B,$3.78B,23.01%,$3.78B,$16.36B,23.82%,$3.78B,$11.20B,34.43%,$3.78B,$48.45B,7.45%,$7.87B,$29.72B,28.47%,$3586,$233,$3353,$291,$916,$2201,$1385,$-744,$641,$368,$273,$273,$264,$2135,$1385,$465,467,$0.47,$0.47,$1268,$0,$642,$4486,$37451,$0,$5166,$1348,$43965,$48451,$5234,$13351,$3288,$26853,$32087,$47,$11089,$-273,$16364,$48451,$3778,$2840,$-3688,$-848,$391,$0,$0,$1100,$-30,$2900,$4014,$0,$0,$0,$-100,$-100,$-136,$3778,$-5491,$-29,$-5520,$79,$78,$-170,$-309,$-5921,$757,$0,$0
44,2007-09-30,49.63,$34.36,1.44,$34.43,1.44,$39.27,1.26,$6.83,7.27,$3.52B,$7.32B,0.48,$11.14B,$16.12B,0.69,$16.04B,$14.85B,92.53%,$16.04B,$6.86B,42.76%,$16.04B,$6.86B,42.76%,$16.04B,$9.74B,60.72%,$16.04B,$5.70B,35.54%,$16.04B,$5.40B,33.66%,$5.40B,$16.17B,36.33%,$5.40B,$11.00B,52.99%,$5.40B,$47.57B,10.32%,$6.86B,$27.31B,26.19%,$2995,$256,$2739,$253,$770,$1934,$1061,$-214,$847,$354,$493,$493,$480,$1716,$1061,$466,468,$1.03,$1.03,$1243,$0,$701,$3523,$37557,$0,$5169,$1321,$44047,$47570,$7317,$11144,$2801,$24088,$31405,$47,$10979,$-326,$16165,$47570,$3516,$2090,$-4151,$-2061,$1352,$0,$0,$784,$561,$2016,$4482,$0,$-7,$0,$0,$0,$-110,$4365,$-5446,$-85,$-5531,$74,$73,$-130,$-61,$-5649,$732,$0,$0
45,2007-06-30,47.92,$33.63,1.42,$35.61,1.35,$29.74,1.61,$8.90,5.38,$4.60B,$9.57B,0.48,$11.14B,$15.75B,0.71,$16.56B,$15.38B,92.92%,$16.56B,$7.87B,47.55%,$16.56B,$7.87B,47.55%,$16.56B,$10.40B,62.85%,$16.56B,$6.74B,40.70%,$16.56B,$6.31B,38.09%,$6.31B,$15.79B,44.19%,$6.31B,$11.05B,71.07%,$6.31B,$51.02B,11.36%,$7.87B,$26.93B,30.74%,$4585,$272,$4313,$222,$957,$2191,$2394,$-300,$2094,$788,$1306,$1306,$1313,$3106,$2394,$465,467,$2.82,$2.81,$1647,$0,$626,$4595,$39146,$0,$4740,$2535,$46421,$51016,$9570,$11138,$2755,$25652,$35222,$47,$10661,$-332,$15794,$51016,$3035,$1435,$-3779,$-2344,$1042,$0,$0,$660,$357,$1048,$5400,$0,$0,$0,$0,$0,$-71,$5329,$-5125,$-42,$-5167,$56,$56,$-87,$-43,$-5241,$1136,$0,$0
46,2007-03-31,39.54,$32.29,1.22,$29.70,1.33,$17.02,2.32,$9.27,4.27,$6.82B,$14.11B,0.48,$11.53B,$15.06B,0.77,$13.78B,$12.74B,92.47%,$13.78B,$6.45B,46.78%,$13.78B,$6.45B,46.78%,$13.78B,$8.63B,62.62%,$13.78B,$5.57B,40.41%,$13.78B,$5.81B,42.14%,$5.81B,$15.11B,43.30%,$5.81B,$10.65B,65.05%,$5.81B,$55.88B,11.93%,$6.45B,$26.64B,28.27%,$5250,$340,$4910,$139,$1005,$2219,$3031,$-287,$2744,$1049,$1695,$1695,$1721,$3754,$3031,$463,465,$3.71,$3.70,$3620,$0,$517,$6820,$43695,$0,$4461,$904,$49060,$55880,$14109,$11527,$2413,$26662,$40771,$47,$10052,$-336,$15109,$55880,$1722,$723,$-2352,$-1629,$1047,$0,$0,$131,$718,$811,$3198,$0,$0,$0,$0,$0,$0,$3198,$-725,$-21,$-746,$15,$15,$-44,$-96,$-871,$3138,$0,$0
47,2006-12-31,39.95,$26.79,1.49,$22.06,1.81,$9.36,4.27,$10.46,3.82,$4.61B,$16.76B,0.28,$11.52B,$12.36B,0.93,$10.23B,$9.41B,91.96%,$10.23B,$4.38B,42.83%,$10.23B,$4.38B,42.83%,$10.23B,$6.13B,59.95%,$10.23B,$3.74B,36.53%,$10.23B,$4.75B,46.39%,$4.75B,$12.40B,37.90%,$4.75B,$8.07B,53.59%,$4.75B,$54.96B,11.74%,$4.38B,$23.92B,22.03%,$3214,$330,$2884,$615,$993,$2839,$375,$-358,$17,$81,$-64,$-64,$1887,$1166,$375,$460,464,$4.10,$4.07,$491,$0,$830,$4612,$41436,$0,$4332,$4584,$50352,$54964,$16758,$11520,$2413,$25803,$42561,$47,$7409,$-334,$12403,$54964,$4749,$1752,$-2133,$-381,$-398,$0,$0,$-124,$125,$4493,$-3120,$0,$-21087,$0,$0,$0,$3652,$-20555,$16121,$61,$16182,$-12,$-55,$-170,$-134,$15823,$-228,$0,$0
