,Date,Stock Price,Book Value per Share,Price to Book Ratio,TTM Sales per Share,Price to Sales Ratio,TTM FCF per Share,Price to FCF Ratio,TTM Net EPS,PE Ratio,Current Assets,Current Liabilities,Current Ratio,Long Term Debt,Shareholder's Equity_x,Debt to Equity Ratio,TTM Revenue_x,TTM Gross Profit,Gross Margin,TTM Revenue_y,TTM Operating Income,Operating Margin,TTM Revenue_x,TTM EBIT,EBIT Margin,TTM Revenue_y,TTM EBITDA,EBITDA Margin,TTM Revenue_x,TTM Pre-Tax Income,Pre-Tax Margin,TTM Revenue_y,TTM Net Income_x,Net Margin,TTM Net Income_y,Shareholder's Equity_y,Return on Equity,TTM Net Income_x,Tangible Equity,Return on Tangible Equity,TTM Net Income_y,Total Assets,Return on Assets,TTM Net Income,LT Investments & Debt,Return on Investment,revenue,cost-goods-sold,gross-profit,research-development-expenses,selling-general-administrative-expenses,operating-expenses,operating-income,total-non-operating-income-expense,pre-tax-income,total-provision-income-taxes,income-after-taxes,income-from-continuous-operations,net-income,ebitda,ebit,basic-shares-outstanding,shares-outstanding,eps-basic-net-earnings-per-share,eps-earnings-per-share-diluted,cash-on-hand,inventory,other-current-assets,total-current-assets,net-property-plant-equipment,long-term-investments,goodwill-intangible-assets-total,other-long-term-assets,total-long-term-assets,total-assets,total-current-liabilities,long-term-debt,other-non-current-liabilities,total-long-term-liabilities,total-liabilities,common-stock-net,retained-earnings-accumulated-deficit,comprehensive-income,total-share-holder-equity,total-liabilities-share-holders-equity,net-income-loss,total-depreciation-amortization-cash-flow,other-non-cash-items,total-non-cash-items,change-in-accounts-receivable,change-in-inventories,change-in-accounts-payable,change-in-assets-liabilities,total-change-in-assets-liabilities,cash-flow-from-operating-activities,net-change-in-property-plant-equipment,net-change-in-intangible-assets,net-acquisitions-divestitures,net-change-in-short-term-investments,net-change-in-long-term-investments,net-change-in-investments-total,investing-activities-other,cash-flow-from-investing-activities,net-long-term-debt,net-current-debt,debt-issuance-retirement-net-total,net-common-equity-issued-repurchased,net-total-equity-issued-repurchased,total-common-preferred-stock-dividends-paid,financial-activities-other,cash-flow-from-financial-activities,net-cash-flow,stock-based-compensation,common-stock-dividends-paid
0,2018-06-30,1.26,$0.10,12.4,$0.14,9.32,$-0.65,0.0,$-0.39,0.0,$0.01B,$0.00B,1.55,$0.00B,$0.00B,0.0,$0.00B,$0.00B,75.00%,$0.00B,$-0.01B,-275.00%,$0.00B,$-0.01B,-275.00%,$0.00B,$-0.01B,-275.00%,$0.00B,$-0.01B,-275.00%,$0.00B,$-0.01B,-275.00%,$-0.01B,$0.00B,-183.33%,$-0.01B,$0.00B,-231.58%,$-0.01B,$0.01B,-133.33%,$-0.01B,$0.00B,-183.33%,$1,$0,$1,$1,$3,$4,$-3,$-0,$-3,$0,$-3,$-3,$-3,$-3,$-3,$30,30,$-0.10,$-0.10,$3,$0,$0,$5,$1,$0,$1,$0,$2,$7,$3,$0,$0,$0,$4,$0,$-245,$0,$3,$7,$-8,$0,$0,$1,$1,$0,$0,$2,$3,$-4,$-0,$0,$0,$0,$0,$0,$0,$-0,$0,$0,$0,$4,$4,$0,$0,$4,$-0,$0,$0
1,2018-03-31,1.44,$0.19,7.6,$0.17,8.49,$-0.75,0.0,$-0.39,0.0,$0.01B,$0.00B,2.74,$0.00B,$0.01B,0.0,$0.01B,$0.00B,80.00%,$0.01B,$-0.01B,-220.00%,$0.01B,$-0.01B,-220.00%,$0.01B,$-0.01B,-200.00%,$0.01B,$-0.01B,-220.00%,$0.01B,$-0.01B,-220.00%,$-0.01B,$0.01B,-151.72%,$-0.01B,$0.00B,-191.30%,$-0.01B,$0.01B,-122.22%,$-0.01B,$0.01B,-151.72%,$1,$0,$1,$1,$2,$3,$-2,$-0,$-2,$0,$-2,$-2,$-2,$-2,$-2,$30,30,$-0.07,$-0.07,$4,$0,$0,$6,$1,$0,$1,$0,$2,$8,$2,$0,$0,$0,$2,$0,$-242,$0,$6,$8,$-5,$0,$-0,$0,$1,$0,$0,$1,$2,$-3,$-0,$0,$0,$0,$0,$0,$0,$-0,$0,$0,$0,$4,$4,$0,$0,$4,$1,$-0,$0
2,2017-12-31,1.59,$0.27,5.88,$0.17,9.39,$-0.82,0.0,$-0.45,0.0,$0.01B,$0.00B,5.29,$0.00B,$0.01B,0.0,$0.01B,$0.00B,80.00%,$0.01B,$-0.01B,-240.00%,$0.01B,$-0.01B,-240.00%,$0.01B,$-0.01B,-220.00%,$0.01B,$-0.01B,-240.00%,$0.01B,$-0.01B,-240.00%,$-0.01B,$0.01B,-150.00%,$-0.01B,$0.01B,-177.78%,$-0.01B,$0.01B,-117.07%,$-0.01B,$0.01B,-150.00%,$1,$0,$0,$1,$3,$4,$-3,$-0,$-3,$0,$-3,$-3,$-3,$-3,$-3,$28,28,$-0.12,$-0.12,$5,$0,$0,$8,$1,$0,$1,$0,$2,$10,$1,$0,$0,$0,$1,$0,$-240,$0,$8,$10,$-3,$0,$0,$0,$0,$0,$0,$-0,$0,$-3,$-0,$0,$0,$0,$0,$0,$0,$-0,$0,$0,$0,$4,$4,$0,$0,$4,$2,$0,$0
3,2017-09-30,2.87,$0.25,11.46,$0.18,15.82,$-0.81,0.0,$-0.49,0.0,$0.01B,$0.00B,4.82,$0.00B,$0.01B,0.0,$0.01B,$0.01B,100.00%,$0.01B,$-0.01B,-260.00%,$0.01B,$-0.01B,-260.00%,$0.01B,$-0.01B,-240.00%,$0.01B,$-0.01B,-260.00%,$0.01B,$-0.01B,-260.00%,$-0.01B,$0.01B,-144.44%,$-0.01B,$0.01B,-173.33%,$-0.01B,$0.01B,-108.33%,$-0.01B,$0.01B,-144.44%,$1,$0,$1,$1,$3,$4,$-3,$-0,$-3,$0,$-3,$-3,$-3,$-3,$-3,$26,26,$-0.10,$-0.10,$3,$0,$0,$6,$1,$0,$1,$0,$2,$8,$1,$0,$0,$0,$1,$0,$-237,$0,$7,$8,$-13,$1,$4,$5,$3,$-0,$0,$-2,$1,$-7,$-0,$0,$0,$0,$0,$0,$0,$-0,$0,$0,$0,$6,$6,$0,$0,$6,$-2,$3,$0
4,2017-06-30,1.76,$0.29,6.01,$0.21,8.5,$-0.96,0.0,$-0.49,0.0,$0.01B,$0.00B,3.39,$0.00B,$0.01B,0.0,$0.01B,$0.01B,83.33%,$0.01B,$-0.01B,-200.00%,$0.01B,$-0.01B,-200.00%,$0.01B,$-0.01B,-183.33%,$0.01B,$-0.01B,-200.00%,$0.01B,$-0.01B,-200.00%,$-0.01B,$0.01B,-123.08%,$-0.01B,$0.01B,-145.45%,$-0.01B,$0.01B,-85.71%,$-0.01B,$0.01B,-123.08%,$2,$0,$2,$1,$3,$4,$-3,$-0,$-3,$0,$-3,$-3,$-3,$-2,$-3,$26,26,$-0.10,$-0.10,$2,$0,$0,$8,$1,$0,$2,$0,$2,$10,$2,$0,$0,$0,$2,$0,$-234,$0,$8,$10,$-10,$0,$3,$3,$2,$-0,$0,$-1,$0,$-7,$-0,$0,$0,$0,$0,$0,$0,$-0,$0,$0,$0,$5,$5,$0,$0,$5,$-2,$3,$0
5,2017-03-31,1.65,$0.35,4.68,$0.17,9.94,$-1.04,0.0,$-0.53,0.0,$0.01B,$0.00B,3.03,$0.00B,$0.01B,0.0,$0.01B,$0.00B,60.00%,$0.01B,$-0.01B,-240.00%,$0.01B,$-0.01B,-240.00%,$0.01B,$-0.01B,-240.00%,$0.01B,$-0.01B,-240.00%,$0.01B,$-0.01B,-240.00%,$-0.01B,$0.01B,-111.63%,$-0.01B,$0.01B,-129.73%,$-0.01B,$0.01B,-78.69%,$-0.01B,$0.01B,-111.63%,$1,$0,$1,$1,$3,$4,$-3,$-0,$-3,$0,$-3,$-3,$-3,$-3,$-3,$26,26,$-0.13,$-0.13,$4,$0,$0,$10,$1,$0,$2,$0,$3,$13,$3,$0,$0,$1,$4,$0,$-231,$0,$9,$13,$-7,$0,$2,$2,$2,$-0,$0,$-1,$0,$-5,$-0,$0,$0,$0,$0,$0,$0,$-0,$0,$0,$0,$4,$4,$0,$0,$4,$-0,$2,$0
6,2016-12-31,1.85,$0.46,4.0,$0.16,11.9,$-1.08,0.0,$-0.54,0.0,$0.01B,$0.00B,3.34,$0.00B,$0.01B,0.0,$0.01B,$0.00B,40.00%,$0.01B,$-0.01B,-240.00%,$0.01B,$-0.01B,-240.00%,$0.01B,$-0.01B,-240.00%,$0.01B,$-0.01B,-240.00%,$0.01B,$-0.01B,-240.00%,$-0.01B,$0.01B,-97.96%,$-0.01B,$0.01B,-114.29%,$-0.01B,$0.02B,-72.73%,$-0.01B,$0.01B,-97.96%,$1,$0,$1,$1,$4,$5,$-4,$-0,$-4,$0,$-4,$-4,$-4,$-4,$-4,$25,25,$-0.16,$-0.16,$7,$0,$0,$13,$1,$0,$2,$0,$3,$17,$4,$0,$0,$1,$5,$0,$-228,$0,$12,$17,$-4,$0,$1,$2,$1,$-0,$0,$-0,$0,$-2,$-0,$0,$0,$0,$0,$0,$0,$-0,$0,$0,$0,$4,$4,$0,$0,$4,$2,$1,$0
7,2016-09-30,3.05,$0.43,7.08,$0.18,17.06,$-1.12,0.0,$-0.51,0.0,$0.01B,$0.00B,2.78,$0.00B,$0.01B,0.0,$0.01B,$0.00B,40.00%,$0.01B,$-0.01B,-220.00%,$0.01B,$-0.01B,-220.00%,$0.01B,$-0.01B,-220.00%,$0.01B,$-0.01B,-220.00%,$0.01B,$-0.01B,-220.00%,$-0.01B,$0.01B,-80.00%,$-0.01B,$0.01B,-91.67%,$-0.01B,$0.02B,-63.77%,$-0.01B,$0.01B,-80.00%,$2,$1,$1,$1,$3,$4,$-2,$-0,$-2,$0,$-2,$-2,$-2,$-2,$-2,$24,24,$-0.10,$-0.10,$4,$0,$0,$11,$1,$0,$2,$0,$4,$16,$4,$0,$0,$1,$5,$0,$-224,$0,$10,$16,$-12,$1,$2,$3,$-3,$0,$0,$2,$-1,$-10,$-1,$-0,$0,$0,$0,$0,$0,$-1,$0,$0,$0,$8,$8,$0,$-0,$8,$-3,$2,$0
8,2016-06-30,3.23,$0.51,6.38,$0.32,10.1,$-1.14,0.0,$-0.43,0.0,$0.01B,$0.00B,4.0,$0.00B,$0.01B,0.0,$0.01B,$0.01B,71.43%,$0.01B,$-0.01B,-128.57%,$0.01B,$-0.01B,-128.57%,$0.01B,$-0.01B,-128.57%,$0.01B,$-0.01B,-128.57%,$0.01B,$-0.01B,-128.57%,$-0.01B,$0.01B,-62.07%,$-0.01B,$0.01B,-72.00%,$-0.01B,$0.02B,-52.17%,$-0.01B,$0.01B,-62.07%,$1,$0,$0,$1,$3,$4,$-3,$0,$-3,$0,$-3,$-3,$-3,$-3,$-3,$24,24,$-0.14,$-0.14,$7,$0,$0,$12,$1,$0,$2,$0,$3,$15,$3,$0,$0,$0,$3,$0,$-221,$0,$12,$15,$-10,$1,$2,$2,$0,$-0,$0,$1,$0,$-7,$-1,$-0,$0,$0,$0,$0,$0,$-1,$0,$0,$0,$8,$8,$0,$0,$8,$-0,$1,$0
9,2016-03-31,3.44,$0.62,5.51,$0.40,8.63,$-1.06,0.0,$-0.37,0.0,$0.02B,$0.00B,5.57,$0.00B,$0.02B,0.0,$0.01B,$0.01B,87.50%,$0.01B,$-0.01B,-100.00%,$0.01B,$-0.01B,-100.00%,$0.01B,$-0.01B,-100.00%,$0.01B,$-0.01B,-100.00%,$0.01B,$-0.01B,-100.00%,$-0.01B,$0.02B,-54.24%,$-0.01B,$0.01B,-61.54%,$-0.01B,$0.02B,-47.06%,$-0.01B,$0.02B,-54.24%,$1,$0,$0,$1,$3,$4,$-3,$-0,$-3,$0,$-3,$-3,$-3,$-3,$-3,$24,24,$-0.14,$-0.14,$10,$0,$0,$15,$1,$0,$2,$0,$3,$18,$3,$0,$0,$0,$3,$0,$-218,$0,$15,$18,$-6,$0,$1,$1,$0,$0,$0,$-0,$-0,$-5,$-0,$-0,$0,$0,$0,$0,$0,$-0,$0,$0,$0,$8,$8,$0,$0,$8,$2,$1,$0
10,2015-12-31,3.24,$0.75,4.33,$0.46,7.01,$-1.08,0.0,$-0.34,0.0,$0.02B,$0.00B,7.61,$0.00B,$0.02B,0.0,$0.01B,$0.01B,100.00%,$0.01B,$-0.01B,-77.78%,$0.01B,$-0.01B,-77.78%,$0.01B,$-0.01B,-77.78%,$0.01B,$-0.01B,-77.78%,$0.01B,$-0.01B,-77.78%,$-0.01B,$0.02B,-60.87%,$-0.01B,$0.02B,-68.29%,$-0.01B,$0.02B,-51.85%,$-0.01B,$0.02B,-60.87%,$1,$0,$1,$1,$3,$4,$-3,$-0,$-3,$0,$-3,$-3,$-3,$-3,$-3,$23,23,$-0.13,$-0.13,$12,$0,$0,$16,$1,$0,$2,$0,$4,$20,$2,$0,$0,$0,$2,$0,$-215,$0,$18,$20,$-3,$0,$0,$1,$-0,$0,$0,$-0,$-0,$-3,$-0,$-0,$0,$0,$0,$0,$0,$-0,$0,$0,$0,$8,$8,$0,$0,$8,$5,$0,$0
11,2015-09-30,5.12,$0.58,8.76,$0.48,10.58,$-1.11,0.0,$-0.72,0.0,$0.01B,$0.00B,4.33,$0.00B,$0.01B,0.0,$0.01B,$0.01B,100.00%,$0.01B,$-0.01B,-88.89%,$0.01B,$-0.01B,-88.89%,$0.01B,$-0.01B,-88.89%,$0.01B,$-0.01B,-133.33%,$0.01B,$-0.01B,-133.33%,$-0.01B,$0.01B,-154.84%,$-0.01B,$0.01B,-171.43%,$-0.01B,$0.02B,-123.08%,$-0.01B,$0.01B,-103.23%,$4,$0,$4,$1,$3,$4,$-0,$-0,$-0,$0,$-0,$-0,$-0,$-0,$-0,$19,19,$0.07,$0.07,$7,$0,$0,$12,$1,$0,$2,$0,$4,$16,$3,$0,$0,$0,$3,$0,$-212,$0,$13,$16,$-12,$0,$8,$9,$-5,$0,$0,$-0,$-4,$-7,$-2,$-0,$0,$0,$0,$0,$0,$-2,$0,$0,$0,$15,$15,$0,$0,$15,$6,$4,$0
12,2015-06-30,3.1,$0.58,5.33,$0.32,9.65,$-1.30,0.0,$-0.86,0.0,$0.01B,$0.00B,8.02,$0.00B,$0.01B,0.0,$0.01B,$0.01B,100.00%,$0.01B,$-0.01B,-183.33%,$0.01B,$-0.01B,-183.33%,$0.01B,$-0.01B,-183.33%,$0.01B,$-0.01B,-233.33%,$0.01B,$-0.01B,-233.33%,$-0.01B,$0.01B,-329.41%,$-0.01B,$0.01B,-373.33%,$-0.01B,$0.01B,-207.41%,$-0.01B,$0.01B,-258.82%,$2,$0,$2,$0,$3,$4,$-2,$0,$-2,$0,$-2,$-2,$-2,$-2,$-2,$21,21,$-0.08,$-0.08,$11,$0,$0,$13,$1,$0,$1,$0,$1,$14,$2,$0,$0,$0,$2,$0,$-211,$0,$13,$14,$-11,$0,$8,$8,$-1,$0,$0,$-0,$-2,$-5,$-0,$-0,$0,$0,$0,$0,$0,$-0,$0,$0,$0,$15,$15,$0,$0,$15,$9,$4,$0
13,2015-03-31,2.59,$0.11,23.0,$0.28,9.33,$-1.52,0.0,$-0.78,0.0,$0.00B,$0.00B,1.38,$0.00B,$0.00B,0.0,$0.01B,$0.01B,100.00%,$0.01B,$-0.01B,-220.00%,$0.01B,$-0.01B,-220.00%,$0.01B,$-0.01B,-220.00%,$0.01B,$-0.01B,-280.00%,$0.01B,$-0.01B,-280.00%,$-0.01B,$0.00B,-1400.00%,$-0.01B,$0.00B,-1866.67%,$-0.01B,$0.00B,-329.41%,$-0.01B,$0.00B,-1100.00%,$2,$0,$2,$0,$3,$3,$-2,$-0,$-2,$0,$-2,$-2,$-2,$-2,$-2,$17,17,$-0.11,$-0.11,$1,$0,$0,$2,$1,$0,$0,$0,$1,$4,$2,$0,$0,$0,$2,$0,$-209,$0,$2,$4,$-10,$0,$7,$7,$-0,$0,$0,$-0,$-1,$-4,$-0,$-0,$0,$0,$0,$0,$0,$-0,$0,$0,$0,$8,$8,$0,$-4,$4,$-0,$3,$0
14,2014-12-31,2.89,$0.19,15.2,$0.24,12.17,$-1.60,0.0,$-0.67,0.0,$0.00B,$0.00B,2.4,$0.00B,$0.00B,0.0,$0.00B,$0.00B,100.00%,$0.00B,$-0.01B,-300.00%,$0.00B,$-0.01B,-300.00%,$0.00B,$-0.01B,-300.00%,$0.00B,$-0.02B,-375.00%,$0.00B,$-0.02B,-375.00%,$-0.02B,$0.00B,-3000.00%,$-0.02B,$0.00B,inf%,$-0.02B,$0.01B,-352.94%,$-0.01B,$0.00B,-2400.00%,$1,$0,$1,$0,$5,$5,$-4,$-4,$-8,$0,$-8,$-8,$-8,$-4,$-4,$15,15,$-0.51,$-0.51,$3,$0,$0,$4,$1,$0,$0,$0,$1,$5,$2,$0,$0,$0,$2,$0,$-208,$0,$3,$5,$-8,$0,$6,$6,$-0,$0,$0,$-0,$-1,$-2,$-0,$0,$0,$0,$0,$0,$0,$-0,$0,$0,$0,$8,$8,$0,$-4,$4,$1,$2,$0
15,2014-09-30,5.4,$-0.11,-51.24,$0.20,26.68,$-1.61,0.0,$-0.76,0.0,$0.00B,$0.00B,0.61,$0.00B,$-0.00B,0.0,$0.00B,$0.00B,100.00%,$0.00B,$-0.01B,-300.00%,$0.00B,$-0.01B,-300.00%,$0.00B,$-0.01B,-300.00%,$0.00B,$-0.01B,-325.00%,$0.00B,$-0.01B,-325.00%,$-0.01B,$-0.00B,-5200.00%,$-0.01B,$-0.00B,2600.00%,$-0.01B,$0.00B,-288.89%,$-0.01B,$-0.00B,-4800.00%,$1,$0,$1,$0,$3,$3,$-3,$1,$-2,$0,$-2,$-2,$-2,$-3,$-3,$14,14,$-0.15,$-0.15,$1,$0,$0,$2,$1,$0,$0,$0,$1,$4,$4,$0,$1,$1,$5,$0,$-200,$0,$-1,$4,$-13,$0,$3,$4,$-0,$0,$0,$0,$1,$-9,$-0,$0,$0,$0,$0,$0,$0,$-0,$0,$2,$2,$2,$2,$0,$-0,$4,$-5,$2,$0
16,2014-06-30,7.2,$0.02,320.06,$0.22,33.21,$-1.74,0.0,$-0.60,0.0,$0.00B,$0.00B,1.69,$0.00B,$0.00B,0.0,$0.00B,$0.00B,100.00%,$0.00B,$-0.01B,-275.00%,$0.00B,$-0.01B,-275.00%,$0.00B,$-0.01B,-275.00%,$0.00B,$-0.02B,-375.00%,$0.00B,$-0.02B,-375.00%,$-0.02B,$0.00B,-857.14%,$-0.02B,$0.00B,-1500.00%,$-0.02B,$0.00B,-272.73%,$-0.01B,$0.00B,-628.57%,$1,$0,$1,$0,$3,$3,$-2,$1,$-2,$0,$-2,$-2,$-2,$-2,$-2,$14,14,$-0.14,$-0.14,$2,$0,$0,$3,$1,$0,$0,$0,$1,$4,$2,$0,$2,$2,$3,$1,$-198,$0,$0,$4,$-11,$0,$4,$4,$0,$0,$0,$0,$1,$-6,$-0,$0,$0,$0,$0,$0,$0,$-0,$0,$0,$0,$2,$2,$0,$0,$2,$-4,$2,$0
17,2014-03-31,7.8,$-0.02,-329.18,$0.21,37.44,$-1.80,0.0,$-0.60,0.0,$0.00B,$0.00B,1.56,$0.00B,$0.00B,0.0,$0.00B,$0.00B,100.00%,$0.00B,$-0.01B,-300.00%,$0.00B,$-0.01B,-300.00%,$0.00B,$-0.01B,-300.00%,$0.00B,$-0.02B,-375.00%,$0.00B,$-0.02B,-375.00%,$-0.02B,$0.00B,-666.67%,$-0.02B,$-0.00B,-1000.00%,$-0.02B,$0.00B,-272.73%,$-0.01B,$0.00B,-533.33%,$1,$0,$1,$0,$3,$4,$-3,$0,$-3,$0,$-3,$-3,$-3,$-3,$-3,$13,13,$-0.20,$-0.20,$2,$0,$0,$3,$1,$0,$0,$0,$1,$4,$2,$0,$2,$2,$4,$1,$-196,$0,$-0,$4,$-9,$0,$4,$4,$0,$0,$0,$0,$1,$-4,$-0,$0,$0,$0,$0,$0,$0,$-0,$0,$0,$0,$0,$0,$0,$0,$0,$-4,$1,$0
18,2013-12-31,9.6,$0.14,68.83,$0.19,50.17,$-1.82,0.0,$-0.60,0.0,$0.01B,$0.00B,3.31,$0.00B,$0.00B,0.0,$0.00B,$0.00B,100.00%,$0.00B,$-0.01B,-400.00%,$0.00B,$-0.01B,-400.00%,$0.00B,$-0.01B,-400.00%,$0.00B,$-0.02B,-500.00%,$0.00B,$-0.02B,-500.00%,$-0.02B,$0.00B,-1200.00%,$-0.02B,$0.00B,-2000.00%,$-0.02B,$0.01B,-260.87%,$-0.01B,$0.00B,-960.00%,$1,$0,$1,$0,$4,$4,$-4,$-2,$-6,$0,$-6,$-6,$-6,$-4,$-4,$13,13,$-0.48,$-0.48,$4,$0,$0,$5,$1,$0,$0,$0,$1,$6,$2,$0,$3,$3,$4,$1,$-193,$0,$2,$6,$-6,$0,$4,$4,$-0,$0,$0,$0,$0,$-2,$-0,$0,$0,$0,$0,$0,$0,$-0,$0,$0,$0,$0,$0,$0,$0,$0,$-2,$1,$0
19,2013-09-30,5.4,$0.35,15.34,$0.18,30.81,$-1.82,0.0,$-0.60,0.0,$0.01B,$0.00B,6.46,$0.00B,$0.01B,0.0,$0.00B,$0.00B,100.00%,$0.00B,$-0.01B,-500.00%,$0.00B,$-0.01B,-500.00%,$0.00B,$-0.01B,-500.00%,$0.00B,$-0.02B,-900.00%,$0.00B,$-0.02B,-900.00%,$-0.02B,$0.01B,1800.00%,$-0.02B,$0.00B,1440.00%,$-0.02B,$0.01B,-378.95%,$-0.01B,$0.01B,1000.00%,$1,$0,$1,$0,$3,$3,$-2,$-1,$-4,$0,$-4,$-4,$-4,$-2,$-2,$12,12,$-0.91,$-0.91,$6,$0,$0,$7,$1,$0,$0,$0,$1,$8,$1,$0,$3,$3,$4,$0,$-187,$0,$5,$8,$-18,$0,$10,$10,$-0,$0,$0,$-0,$-0,$-8,$-1,$0,$0,$0,$0,$0,$0,$-1,$0,$0,$0,$4,$15,$0,$0,$15,$6,$2,$0
20,2013-06-30,12.0,$0.19,63.71,$0.14,83.68,$-1.47,0.0,$-0.60,0.0,$0.00B,$0.00B,1.67,$0.00B,$0.00B,0.0,$0.00B,$0.00B,100.00%,$0.00B,$-0.01B,-1000.00%,$0.00B,$-0.01B,-1000.00%,$0.00B,$-0.01B,-1000.00%,$0.00B,$-0.02B,-1600.00%,$0.00B,$-0.02B,-1600.00%,$-0.02B,$0.00B,800.00%,$-0.02B,$0.00B,800.00%,$-0.02B,$0.00B,-533.33%,$-0.01B,$0.00B,500.00%,$1,$0,$1,$0,$3,$3,$-3,$1,$-2,$0,$-2,$-2,$-2,$-3,$-3,$12,12,$0.00,$0.00,$2,$0,$0,$3,$1,$0,$1,$0,$1,$4,$2,$0,$0,$0,$2,$1,$-183,$0,$2,$4,$-14,$0,$8,$8,$-0,$0,$0,$-0,$0,$-6,$-1,$0,$0,$0,$0,$0,$0,$-1,$0,$0,$0,$2,$8,$0,$0,$8,$1,$1,$0
21,2013-03-31,13.8,$-0.33,-41.84,$0.14,96.46,$-1.24,0.0,$-0.60,0.0,$0.01B,$0.00B,5.98,$0.00B,$-0.00B,0.0,$0.00B,$0.00B,100.00%,$0.00B,$-0.01B,-800.00%,$0.00B,$-0.01B,-800.00%,$0.00B,$-0.01B,-800.00%,$0.00B,$-0.02B,-1500.00%,$0.00B,$-0.02B,-1500.00%,$-0.02B,$-0.00B,666.67%,$-0.02B,$-0.00B,666.67%,$-0.02B,$0.01B,-600.00%,$-0.01B,$-0.00B,355.56%,$0,$0,$0,$0,$3,$3,$-3,$-1,$-3,$0,$-3,$-3,$-3,$-3,$-3,$11,11,$0.00,$0.00,$4,$0,$0,$5,$0,$0,$0,$0,$0,$5,$1,$0,$8,$8,$9,$1,$-181,$0,$-4,$5,$-12,$0,$8,$8,$-0,$0,$0,$0,$0,$-4,$-0,$0,$0,$0,$0,$0,$0,$-0,$0,$0,$0,$2,$8,$0,$0,$8,$4,$0,$0
22,2012-12-31,12.6,$-0.61,-20.64,$0.17,75.94,$-1.09,0.0,$-0.60,0.0,$0.00B,$0.00B,1.73,$0.00B,$-0.01B,0.0,$0.00B,$0.00B,100.00%,$0.00B,$-0.01B,-350.00%,$0.00B,$-0.01B,-350.00%,$0.00B,$-0.01B,-300.00%,$0.00B,$-0.01B,-700.00%,$0.00B,$-0.01B,-700.00%,$-0.01B,$-0.01B,1400.00%,$-0.01B,$-0.01B,1400.00%,$-0.01B,$0.00B,-933.33%,$-0.01B,$-0.01B,700.00%,$0,$0,$0,$0,$3,$3,$-2,$-6,$-9,$0,$-9,$-9,$-9,$-2,$-2,$11,11,$-0.60,$-0.60,$1,$0,$0,$1,$0,$0,$0,$0,$0,$2,$1,$0,$8,$8,$8,$1,$-178,$0,$-7,$2,$-9,$0,$7,$7,$-0,$0,$0,$0,$0,$-2,$0,$0,$0,$0,$0,$0,$0,$0,$0,$0,$0,$2,$2,$0,$0,$2,$0,$0,$0
23,2012-09-30,15.0,$0.07,214.02,$0.20,75.09,$-1.03,0.0,0,0.0,$0.00B,$0.00B,1.86,$0.00B,$0.00B,0.0,$0.00B,$0.00B,100.00%,$0.00B,$-0.01B,-233.33%,$0.00B,$-0.01B,-233.33%,$0.00B,$-0.01B,-166.67%,$0.00B,$-0.01B,-233.33%,$0.00B,$-0.01B,-233.33%,$-0.01B,$0.00B,-1400.00%,$-0.01B,$0.00B,-2800.00%,$-0.01B,$0.00B,-400.00%,$-0.01B,$0.00B,-1400.00%,$0,$0,$0,$0,$2,$2,$-2,$0,$-2,$0,$-2,$-2,$-2,$-2,$-2,$10,10,$0.00,$0.00,$1,$0,$0,$1,$0,$0,$0,$0,$0,$1,$1,$0,$0,$0,$1,$1,$-169,$0,$1,$1,$-7,$1,$2,$3,$-0,$0,$0,$-0,$0,$-4,$-0,$0,$0,$0,$0,$0,$0,$-0,$0,$0,$0,$2,$2,$0,$0,$2,$-2,$2,$0
24,2012-06-30,3.0,$0.13,23.87,$0.21,14.01,$-1.21,0.0,$-0.60,0.0,$0.00B,$0.00B,2.76,$0.00B,$0.00B,0.0,$0.00B,$0.00B,100.00%,$0.00B,$-0.01B,-300.00%,$0.00B,$-0.01B,-300.00%,$0.00B,$-0.01B,-200.00%,$0.00B,$-0.01B,-300.00%,$0.00B,$-0.01B,-300.00%,$-0.01B,$0.00B,inf%,$-0.01B,$0.00B,3600.00%,$-0.01B,$0.00B,-360.00%,$-0.01B,$0.00B,inf%,$1,$0,$1,$0,$2,$2,$-1,$-0,$-1,$0,$-1,$-1,$-1,$-1,$-1,$10,10,$0.00,$0.00,$1,$0,$0,$2,$0,$0,$0,$0,$0,$2,$1,$0,$0,$0,$1,$1,$-167,$0,$1,$2,$-5,$1,$2,$3,$-0,$0,$0,$-0,$-1,$-3,$-0,$0,$0,$0,$0,$0,$0,$-0,$0,$0,$0,$2,$2,$0,$0,$2,$-1,$0,$0
25,2012-03-31,3.6,$0.08,43.7,$0.20,18.0,$-1.28,0.0,$-1.20,0.0,$0.00B,$0.00B,1.89,$0.00B,$0.00B,0.0,$0.00B,$0.00B,100.00%,$0.00B,$-0.01B,-450.00%,$0.00B,$-0.01B,-450.00%,$0.00B,$-0.01B,-300.00%,$0.00B,$-0.01B,-500.00%,$0.00B,$-0.01B,-500.00%,$-0.01B,$0.00B,800.00%,$-0.01B,$0.00B,666.67%,$-0.01B,$0.00B,-444.44%,$-0.01B,$0.00B,720.00%,$1,$0,$1,$0,$2,$2,$-2,$-0,$-2,$0,$-2,$-2,$-2,$-1,$-2,$10,10,$0.00,$0.00,$1,$0,$0,$1,$0,$0,$0,$0,$0,$1,$1,$0,$0,$0,$1,$1,$-166,$0,$1,$1,$-4,$1,$2,$3,$-0,$0,$0,$0,$-0,$-2,$-0,$0,$0,$0,$0,$0,$0,$-0,$0,$0,$0,$0,$0,$0,$0,$0,$-2,$0,$0
26,2011-12-31,3.6,$-0.16,-22.79,$0.17,21.08,$-1.34,0.0,$-1.80,0.0,$0.00B,$0.00B,0.57,$0.00B,$-0.00B,0.0,$0.00B,$0.00B,100.00%,$0.00B,$-0.01B,-900.00%,$0.00B,$-0.01B,-900.00%,$0.00B,$-0.01B,-500.00%,$0.00B,$-0.01B,-1100.00%,$0.00B,$-0.01B,-1100.00%,$-0.01B,$-0.00B,550.00%,$-0.01B,$-0.00B,440.00%,$-0.01B,$0.00B,-488.89%,$-0.01B,$-0.00B,450.00%,$1,$0,$1,$0,$2,$2,$-2,$-1,$-2,$0,$-2,$-2,$-2,$-1,$-2,$8,8,$0.00,$0.00,$2,$0,$0,$2,$0,$0,$0,$0,$0,$3,$4,$0,$0,$0,$4,$1,$-164,$0,$-1,$3,$-2,$1,$1,$2,$-0,$0,$0,$0,$0,$-1,$0,$0,$0,$0,$0,$0,$0,$0,$0,$0,$0,$0,$0,$0,$0,$0,$-1,$0,$0
27,2011-09-30,3.6,$-0.13,-28.6,$0.16,22.21,$-1.32,0.0,$-1.80,0.0,$0.00B,$0.00B,0.67,$0.00B,$-0.00B,0.0,$0.00B,0,nan%,$0.00B,$-0.01B,inf%,$0.00B,$-0.01B,inf%,$0.00B,$-0.01B,inf%,$0.00B,$-0.01B,inf%,$0.00B,$-0.01B,inf%,$-0.01B,$-0.00B,444.44%,$-0.01B,$-0.00B,400.00%,$-0.01B,$0.00B,-500.00%,$-0.01B,$-0.00B,355.56%,$0,$0,$0,$0,$4,$4,$-4,$-1,$-4,$0,$-4,$-4,$-4,$-3,$-4,$6,6,$-0.60,$-0.60,$3,$0,$0,$3,$0,$0,$0,$0,$0,$4,$4,$0,$0,$0,$4,$0,$-162,$0,$-1,$4,$-11,$3,$4,$7,$-0,$0,$0,$0,$-0,$-4,$-0,$0,$0,$0,$0,$0,$0,$-0,$2,$0,$2,$5,$5,$0,$-0,$7,$3,$1,$0
28,2011-06-30,3.6,$-0.68,-5.33,$0.14,26.59,$-1.20,0.0,$-1.80,0.0,$0.00B,$0.01B,0.06,$0.00B,$-0.00B,0.0,$0.00B,0,nan%,$0.00B,$-0.01B,inf%,$0.00B,$-0.01B,inf%,$0.00B,$-0.00B,inf%,$0.00B,$-0.01B,inf%,$0.00B,$-0.01B,inf%,$-0.01B,$-0.00B,320.00%,$-0.01B,$-0.00B,290.91%,$-0.01B,$0.00B,-640.00%,$-0.01B,$-0.00B,266.67%,$0,$0,$0,$0,$2,$2,$-1,$-1,$-2,$0,$-2,$-2,$-2,$-1,$-1,$6,6,$-0.60,$-0.60,$0,$0,$0,$0,$0,$0,$0,$0,$1,$1,$5,$0,$0,$0,$5,$0,$-157,$0,$-4,$1,$-6,$3,$1,$4,$-0,$0,$0,$0,$0,$-2,$0,$0,$0,$0,$0,$0,$0,$0,$2,$0,$2,$0,$0,$0,$1,$2,$-0,$0,$0
29,2011-03-31,3.6,$-0.36,-9.95,$0.13,27.67,$-1.13,0.0,$-1.80,0.0,$0.00B,$0.00B,0.08,$0.00B,$-0.00B,0.0,$0.00B,0,nan%,$0.00B,$-0.01B,inf%,$0.00B,$-0.01B,inf%,$0.00B,$-0.00B,inf%,$0.00B,$-0.01B,inf%,$0.00B,$-0.01B,inf%,$-0.01B,$-0.00B,400.00%,$-0.01B,$-0.00B,360.00%,$-0.01B,$0.00B,-720.00%,$-0.01B,$-0.00B,400.00%,$0,$0,$0,$0,$2,$2,$-2,$-1,$-3,$0,$-3,$-3,$-3,$-0,$-2,$6,6,$-0.60,$-0.60,$0,$0,$0,$0,$0,$0,$0,$0,$1,$1,$3,$0,$0,$0,$3,$0,$-155,$0,$-2,$1,$-4,$2,$1,$2,$-0,$0,$0,$0,$0,$-1,$0,$0,$0,$0,$0,$0,$0,$0,$2,$0,$2,$0,$0,$0,$-0,$2,$0,$0,$0
30,2010-12-31,3.6,$-0.31,-11.66,$0.15,24.75,$-1.08,0.0,$-1.80,0.0,$0.00B,$0.00B,0.19,$0.00B,$-0.00B,-0.12,$0.00B,0,nan%,$0.00B,$-0.01B,inf%,$0.00B,$-0.01B,inf%,$0.00B,$-0.01B,inf%,$0.00B,$-0.01B,inf%,$0.00B,$-0.01B,inf%,$-0.01B,$-0.00B,280.00%,$-0.01B,$-0.00B,254.55%,$-0.01B,$0.00B,-560.00%,$-0.01B,$-0.00B,300.00%,$0,$0,$0,$0,$1,$1,$-1,$-0,$-1,$0,$-1,$-1,$-1,$-1,$-1,$6,6,$0.00,$0.00,$0,$0,$0,$1,$0,$0,$1,$0,$1,$2,$3,$0,$0,$0,$4,$0,$-153,$0,$-2,$2,$-1,$0,$0,$1,$0,$0,$0,$0,$0,$-0,$0,$0,$0,$0,$0,$0,$0,$0,$1,$0,$1,$0,$0,$0,$-0,$1,$0,$0,$0
31,2010-09-30,3.0,$-0.28,-10.86,$0.11,28.1,$-1.13,0.0,$-2.40,0.0,$0.00B,$0.00B,0.09,$0.00B,$-0.00B,-0.14,$0.00B,0,nan%,$0.00B,$-0.01B,inf%,$0.00B,$-0.01B,inf%,$0.00B,$-0.01B,inf%,$0.00B,$-0.01B,inf%,$0.00B,$-0.01B,inf%,$-0.01B,$-0.00B,290.91%,$-0.01B,$-0.00B,246.15%,$-0.01B,$0.00B,-800.00%,$-0.01B,$-0.00B,311.11%,$0,$0,$0,$0,$2,$2,$-2,$-0,$-2,$0,$-2,$-2,$-2,$-1,$-2,$5,5,$-0.60,$-0.60,$0,$0,$0,$0,$0,$0,$1,$0,$1,$1,$3,$0,$0,$0,$3,$0,$-151,$0,$-2,$1,$-8,$1,$4,$5,$-0,$0,$0,$0,$0,$-2,$0,$0,$0,$0,$0,$0,$0,$0,$2,$0,$2,$0,$0,$0,$0,$2,$-0,$1,$0
32,2010-06-30,3.6,$-0.45,-7.97,$0.10,35.75,$-1.12,0.0,$-1.80,0.0,$0.00B,$0.00B,0.06,$0.00B,$-0.00B,-0.26,$0.00B,0,nan%,$0.00B,$-0.01B,inf%,$0.00B,$-0.01B,inf%,$0.00B,$-0.01B,inf%,$0.00B,$-0.01B,inf%,$0.00B,$-0.01B,inf%,$-0.01B,$-0.00B,254.55%,$-0.01B,$-0.00B,200.00%,$-0.01B,$0.00B,-560.00%,$-0.01B,$-0.00B,240.00%,$0,$0,$0,$0,$3,$3,$-2,$-0,$-3,$0,$-3,$-3,$-3,$-2,$-2,$5,5,$-0.60,$-0.60,$0,$0,$0,$0,$0,$0,$1,$0,$1,$1,$3,$1,$0,$1,$4,$0,$-149,$0,$-3,$1,$-6,$1,$3,$4,$-0,$0,$0,$-0,$0,$-2,$0,$0,$0,$0,$0,$0,$0,$0,$1,$0,$1,$0,$0,$0,$0,$1,$-0,$1,$0
33,2010-03-31,4.2,$-0.63,-6.65,$0.07,58.22,$-1.24,0.0,$-1.80,0.0,$0.00B,$0.00B,0.04,$0.00B,$-0.00B,0.0,$0.00B,0,nan%,$0.00B,$-0.01B,inf%,$0.00B,$-0.01B,inf%,$0.00B,$-0.00B,inf%,$0.00B,$-0.01B,inf%,$0.00B,$-0.01B,inf%,$-0.01B,$-0.00B,222.22%,$-0.01B,$-0.00B,153.85%,$-0.01B,$0.00B,-333.33%,$-0.01B,$-0.00B,222.22%,$0,$0,$0,$0,$1,$1,$-1,$-0,$-1,$0,$-1,$-1,$-1,$-1,$-1,$5,5,$0.00,$0.00,$0,$0,$0,$0,$0,$0,$1,$0,$1,$1,$4,$0,$0,$0,$4,$0,$-147,$0,$-3,$1,$-3,$1,$1,$2,$0,$0,$0,$0,$0,$-1,$0,$0,$0,$0,$0,$0,$0,$0,$0,$0,$0,$0,$0,$0,$1,$1,$-0,$1,$0
34,2009-12-31,3.6,$-0.63,-5.74,$0.05,77.02,$-1.29,0.0,$1.20,3.01,$0.00B,$0.00B,0.02,$0.00B,$-0.00B,0.0,$0.00B,0,nan%,$0.00B,$-0.01B,inf%,$0.00B,$-0.01B,inf%,$0.00B,$-0.00B,inf%,$0.00B,$0.01B,inf%,$0.00B,$0.01B,inf%,$0.01B,$-0.00B,-400.00%,$0.01B,$-0.00B,-240.00%,$0.01B,$0.00B,342.86%,$-0.01B,$-0.00B,400.00%,$0,$0,$0,$0,$2,$2,$-2,$-0,$-2,$0,$-2,$-2,$-2,$-1,$-2,$5,5,$-0.60,$-0.60,$0,$0,$0,$0,$0,$0,$1,$0,$1,$1,$4,$0,$0,$0,$4,$0,$-145,$0,$-3,$1,$-2,$0,$1,$1,$0,$0,$0,$0,$0,$-1,$0,$0,$0,$0,$0,$0,$0,$0,$0,$0,$0,$0,$0,$0,$0,$0,$-0,$0,$0
35,2009-09-30,7.8,$-0.38,-20.53,$0.07,110.89,$-1.32,0.0,$1.20,6.51,$0.00B,$0.00B,0.1,$0.00B,$-0.00B,0.0,$0.00B,0,nan%,$0.00B,$-0.01B,inf%,$0.00B,$-0.01B,inf%,$0.00B,$-0.01B,inf%,$0.00B,$0.01B,inf%,$0.00B,$0.01B,inf%,$0.01B,$-0.00B,-133.33%,$0.01B,$-0.00B,-100.00%,$0.01B,$0.00B,250.00%,$-0.01B,$-0.00B,186.67%,$0,$0,$0,$0,$1,$1,$-1,$-0,$-1,$0,$-1,$-1,$-1,$-1,$-1,$4,5,$0.00,$-0.60,$0,$0,$0,$0,$0,$0,$1,$0,$1,$2,$3,$0,$0,$0,$3,$0,$-143,$0,$-2,$2,$4,$2,$-8,$-7,$0,$0,$0,$0,$0,$-2,$0,$0,$0,$0,$0,$0,$0,$0,$3,$0,$3,$0,$0,$0,$0,$3,$0,$1,$0
36,2009-06-30,7.2,$-0.21,-34.23,$0.15,48.32,$-1.76,0.0,$1.20,6.01,$0.00B,$0.00B,0.14,$0.00B,$-0.00B,0.0,$0.00B,0,nan%,$0.00B,$-0.01B,inf%,$0.00B,$-0.01B,inf%,$0.00B,$-0.00B,inf%,$0.00B,$0.00B,inf%,$0.00B,$0.00B,inf%,$0.00B,$-0.00B,-59.26%,$0.00B,$-0.00B,-50.00%,$0.00B,$0.00B,200.00%,$-0.01B,$-0.00B,103.70%,$0,$0,$0,$0,$1,$1,$-1,$-0,$-1,$0,$-1,$-1,$-1,$-1,$-1,$4,4,$-0.60,$-0.60,$0,$0,$0,$0,$0,$0,$1,$0,$1,$2,$2,$0,$0,$0,$2,$0,$-142,$0,$-1,$2,$5,$1,$-9,$-8,$0,$0,$0,$0,$1,$-2,$0,$0,$0,$0,$0,$0,$0,$0,$2,$0,$2,$0,$0,$0,$0,$2,$-0,$0,$0
37,2009-03-31,3.6,$-0.05,-79.84,$0.22,16.2,$-2.08,0.0,$1.80,2.0,$0.00B,$0.00B,0.28,$0.00B,$0.00B,0.0,$0.00B,0,nan%,$0.00B,$-0.01B,inf%,$0.00B,$-0.01B,inf%,$0.00B,$-0.00B,inf%,$0.00B,$0.00B,inf%,$0.00B,$0.00B,inf%,$0.00B,$0.00B,-30.77%,$0.00B,$-0.00B,-26.67%,$0.00B,$0.00B,133.33%,$-0.01B,$0.00B,71.79%,$0,$0,$0,$0,$2,$2,$-2,$12,$10,$0,$10,$10,$10,$-1,$-2,$4,5,$2.40,$2.40,$0,$0,$0,$1,$0,$0,$1,$0,$1,$2,$2,$0,$0,$0,$2,$0,$-141,$0,$-0,$2,$7,$1,$-9,$-9,$0,$0,$0,$0,$1,$-1,$0,$0,$0,$-0,$0,$-0,$0,$-0,$1,$0,$1,$0,$0,$0,$0,$1,$-0,$0,$0
38,2008-12-31,3.0,$-3.10,-0.97,$0.27,10.98,$-2.44,0.0,$-0.60,0.0,$0.00B,$0.01B,0.01,$0.00B,$-0.01B,0.0,$0.00B,0,nan%,$0.00B,$-0.01B,inf%,$0.00B,$-0.01B,inf%,$0.00B,$-0.00B,inf%,$0.00B,$-0.01B,inf%,$0.00B,$-0.01B,inf%,$-0.01B,$-0.01B,61.54%,$-0.01B,$-0.01B,55.17%,$-0.01B,$0.00B,-320.00%,$-0.01B,$-0.01B,46.15%,$0,$0,$0,$0,$3,$3,$-3,$-0,$-3,$0,$-3,$-3,$-3,$-2,$-3,$4,4,$-0.60,$-0.60,$0,$0,$0,$0,$0,$0,$1,$0,$1,$2,$14,$0,$0,$0,$14,$0,$-151,$0,$-12,$2,$-3,$1,$2,$2,$0,$0,$0,$0,$0,$-1,$0,$0,$0,$0,$0,$0,$0,$0,$1,$0,$1,$0,$0,$0,$0,$1,$-0,$0,$0
39,2008-09-30,3.0,$-4.09,-0.73,$0.27,10.93,$-2.75,0.0,0,0.0,$0.00B,$0.02B,0.02,$0.00B,$-0.01B,0.0,$0.00B,0,nan%,$0.00B,$-0.01B,inf%,$0.00B,$-0.01B,inf%,$0.00B,$-0.00B,inf%,$0.00B,$-0.01B,inf%,$0.00B,$-0.01B,inf%,$-0.01B,$-0.01B,53.85%,$-0.01B,$-0.02B,49.12%,$-0.01B,$0.00B,-254.55%,$-0.01B,$-0.01B,38.46%,$0,$0,$0,$0,$1,$1,$-1,$-1,$-2,$0,$-2,$-2,$-2,$0,$-1,$3,3,$-0.60,$-0.60,$0,$0,$0,$0,$0,$0,$1,$0,$2,$2,$16,$0,$0,$0,$16,$0,$-147,$0,$-14,$2,$-7,$3,$1,$4,$-0,$0,$0,$0,$-0,$-3,$-0,$0,$0,$0,$0,$0,$0,$0,$3,$0,$3,$0,$0,$0,$0,$3,$0,$0,$0
40,2008-06-30,5.4,$-4.08,-1.32,$0.18,29.36,$-2.83,0.0,0,0.0,$0.00B,$0.02B,0.05,$0.00B,$-0.01B,0.0,$0.00B,0,nan%,$0.00B,$-0.01B,inf%,$0.00B,$-0.01B,inf%,$0.00B,$-0.01B,inf%,$0.00B,$-0.01B,inf%,$0.00B,$-0.01B,inf%,$-0.01B,$-0.01B,80.00%,$-0.01B,$-0.02B,71.43%,$-0.01B,$0.00B,-363.64%,$-0.01B,$-0.01B,80.00%,$0,$0,$0,$0,$1,$1,$-1,$-1,$-2,$0,$-2,$-2,$-2,$-0,$-1,$3,3,$-0.60,$-0.60,$1,$0,$0,$1,$0,$0,$1,$0,$2,$3,$16,$0,$0,$0,$16,$0,$-146,$0,$-13,$3,$-5,$2,$1,$3,$-0,$0,$0,$0,$-0,$-2,$-0,$0,$0,$0,$0,$0,$0,$0,$3,$0,$3,$0,$0,$0,$0,$3,$1,$1,$0
41,2008-03-31,6.6,$-3.90,-1.69,$0.11,62.6,$-2.68,0.0,0,0.0,$0.00B,$0.02B,0.06,$0.00B,$-0.01B,0.0,$0.00B,0,nan%,$0.00B,$-0.01B,inf%,$0.00B,$-0.01B,inf%,$0.00B,$-0.01B,inf%,$0.00B,$-0.01B,inf%,$0.00B,$-0.01B,inf%,$-0.01B,$-0.01B,48.00%,$-0.01B,$-0.01B,42.86%,$-0.01B,$0.00B,-240.00%,$-0.01B,$-0.01B,95.65%,$0,$0,$0,$0,$1,$1,$-1,$-1,$-1,$0,$-1,$-1,$-1,$0,$-1,$3,3,$-0.60,$-0.60,$1,$0,$0,$1,$0,$0,$2,$0,$2,$3,$15,$0,$0,$0,$15,$0,$-144,$0,$-13,$3,$-3,$1,$1,$2,$-0,$0,$0,$0,$-1,$-2,$-0,$0,$0,$0,$0,$0,$0,$0,$2,$0,$2,$0,$0,$0,$0,$2,$1,$1,$0
42,2007-12-31,6.0,$-3.63,-1.65,$0.04,148.16,$-2.62,0.0,0,0.0,$0.00B,$0.02B,0.08,$0.00B,$-0.01B,0.0,$0.00B,0,nan%,$0.00B,$-0.01B,inf%,$0.00B,$-0.01B,inf%,$0.00B,$-0.01B,inf%,$0.00B,$-0.01B,inf%,$0.00B,$-0.01B,inf%,$-0.01B,$-0.01B,100.00%,$-0.01B,$-0.01B,88.89%,$-0.01B,$0.00B,-622.22%,$-0.01B,$-0.01B,111.63%,$0,$0,$0,$0,$2,$2,$-2,$-0,$-2,$0,$-2,$-2,$-2,$-1,$-2,$3,3,$-0.60,$-0.60,$1,$0,$0,$1,$0,$0,$2,$0,$2,$3,$15,$0,$0,$0,$15,$0,$-143,$0,$-12,$3,$-2,$0,$1,$2,$-0,$0,$0,$0,$-1,$-1,$-0,$0,$0,$0,$0,$0,$0,$0,$2,$0,$2,$0,$0,$0,$0,$2,$1,$1,$0
43,2007-09-30,6.0,$-3.97,-1.51,0,0.0,$-2.43,0.0,0,0.0,$0.00B,$0.01B,0.04,$0.00B,$-0.01B,0.0,$0.00B,0,nan%,$0.00B,$-0.01B,inf%,$0.00B,$-0.01B,inf%,$0.00B,$-0.01B,inf%,$0.00B,$-0.01B,inf%,$0.00B,$-0.01B,inf%,$-0.01B,$-0.01B,96.30%,$-0.01B,$-0.01B,83.87%,$-0.01B,$0.00B,-520.00%,$-0.01B,$-0.01B,126.32%,$0,$0,$0,$0,$6,$6,$-6,$1,$-5,$0,$-5,$-5,$-5,$-6,$-6,$2,2,$-1.20,$0.60,$0,$0,$0,$1,$0,$0,$2,$0,$2,$2,$14,$0,$0,$0,$14,$0,$-141,$0,$-12,$2,$-13,$3,$-0,$3,$0,$0,$0,$0,$8,$-2,$-0,$0,$0,$-0,$0,$-0,$0,$-0,$1,$0,$1,$0,$0,$0,$0,$1,$-1,$0,$0
44,2007-06-30,6.6,$-4.85,-1.36,0,0.0,$-2.99,0.0,0,0.0,$0.00B,$0.01B,0.02,$0.00B,$-0.01B,-0.34,$0.00B,0,nan%,$0.00B,$-0.02B,inf%,$0.00B,$-0.02B,inf%,$0.00B,$-0.01B,inf%,$0.00B,$-0.02B,inf%,$0.00B,$-0.02B,inf%,$-0.02B,$-0.01B,123.08%,$-0.02B,$-0.02B,106.67%,$-0.02B,$0.00B,-492.31%,$-0.02B,$-0.01B,206.45%,$0,$0,$0,$0,$2,$2,$-2,$4,$2,$0,$2,$2,$2,$-1,$-2,$2,3,$0.60,$-1.20,$0,$0,$0,$0,$0,$0,$2,$0,$2,$2,$11,$4,$0,$4,$15,$0,$-101,$0,$-13,$2,$-8,$3,$-0,$3,$0,$0,$0,$-0,$4,$-2,$-0,$0,$0,$0,$0,$0,$0,$-0,$0,$0,$0,$0,$0,$0,$0,$0,$-1,$0,$0
45,2007-03-31,12.0,$-9.50,-1.26,$0.01,0.0,$-3.20,0.0,0,0.0,$0.00B,$0.01B,0.01,$0.01B,$-0.02B,-0.46,$0.00B,0,nan%,$0.00B,$-0.02B,inf%,$0.00B,$-0.02B,inf%,$0.00B,$-0.01B,inf%,$0.00B,$-0.02B,inf%,$0.00B,$-0.02B,inf%,$-0.02B,$-0.02B,165.85%,$-0.02B,$-0.02B,121.43%,$-0.02B,$0.00B,-295.65%,$-0.02B,$-0.01B,426.67%,$0,$0,$0,$0,$2,$2,$-2,$-7,$-9,$0,$-9,$-9,$-9,$-1,$-2,$2,2,$-4.79,$-4.79,$0,$0,$0,$0,$0,$0,$2,$0,$2,$2,$13,$9,$0,$9,$22,$0,$-102,$0,$-19,$2,$-10,$2,$4,$6,$0,$0,$0,$0,$2,$-1,$-0,$0,$0,$0,$0,$0,$0,$-0,$0,$0,$0,$0,$0,$0,$0,$0,$-1,$0,$0
46,2006-12-31,6.0,$-4.87,-1.23,$0.01,0.0,$-3.22,0.0,0,0.0,$0.00B,$0.01B,0.07,$0.00B,$-0.01B,-0.25,$0.00B,0,nan%,$0.00B,$-0.02B,inf%,$0.00B,$-0.02B,inf%,$0.00B,$-0.01B,inf%,$0.00B,$-0.01B,inf%,$0.00B,$-0.01B,inf%,$-0.01B,$-0.01B,100.00%,$-0.01B,$-0.01B,53.33%,$-0.01B,$0.00B,-80.00%,$-0.02B,$-0.01B,1000.00%,$0,$0,$0,$0,$2,$2,$-2,$2,$-1,$0,$-1,$-1,$-1,$-1,$-2,$2,2,$-0.60,$-0.60,$1,$0,$0,$1,$0,$0,$2,$0,$3,$4,$11,$2,$0,$2,$13,$0,$-93,$0,$-10,$4,$-1,$1,$-2,$-1,$-0,$0,$0,$0,$1,$-1,$-0,$0,$0,$0,$0,$0,$0,$-0,$0,$0,$0,$0,$0,$0,$0,$0,$-1,$0,$0
