,Date,Stock Price,Book Value per Share,Price to Book Ratio,TTM Sales per Share,Price to Sales Ratio,TTM FCF per Share,Price to FCF Ratio,TTM Net EPS,PE Ratio,Current Assets,Current Liabilities,Current Ratio,Long Term Debt,Shareholder's Equity_x,Debt to Equity Ratio,TTM Revenue_x,TTM Gross Profit,Gross Margin,TTM Revenue_y,TTM Operating Income,Operating Margin,TTM Revenue_x,TTM EBIT,EBIT Margin,TTM Revenue_y,TTM EBITDA,EBITDA Margin,TTM Revenue_x,TTM Pre-Tax Income,Pre-Tax Margin,TTM Revenue_y,TTM Net Income_x,Net Margin,TTM Net Income_y,Shareholder's Equity_y,Return on Equity,TTM Net Income_x,Tangible Equity,Return on Tangible Equity,TTM Net Income_y,Total Assets,Return on Assets,TTM Net Income,LT Investments & Debt,Return on Investment,revenue,cost-goods-sold,gross-profit,research-development-expenses,selling-general-administrative-expenses,operating-expenses,operating-income,total-non-operating-income-expense,pre-tax-income,total-provision-income-taxes,income-after-taxes,income-from-continuous-operations,net-income,ebitda,ebit,basic-shares-outstanding,shares-outstanding,eps-basic-net-earnings-per-share,eps-earnings-per-share-diluted,cash-on-hand,inventory,other-current-assets,total-current-assets,net-property-plant-equipment,long-term-investments,goodwill-intangible-assets-total,other-long-term-assets,total-long-term-assets,total-assets,total-current-liabilities,long-term-debt,other-non-current-liabilities,total-long-term-liabilities,total-liabilities,common-stock-net,retained-earnings-accumulated-deficit,comprehensive-income,total-share-holder-equity,total-liabilities-share-holders-equity,net-income-loss,total-depreciation-amortization-cash-flow,other-non-cash-items,total-non-cash-items,change-in-accounts-receivable,change-in-inventories,change-in-accounts-payable,change-in-assets-liabilities,total-change-in-assets-liabilities,cash-flow-from-operating-activities,net-change-in-property-plant-equipment,net-change-in-intangible-assets,net-acquisitions-divestitures,net-change-in-short-term-investments,net-change-in-long-term-investments,net-change-in-investments-total,investing-activities-other,cash-flow-from-investing-activities,net-long-term-debt,net-current-debt,debt-issuance-retirement-net-total,net-common-equity-issued-repurchased,net-total-equity-issued-repurchased,total-common-preferred-stock-dividends-paid,financial-activities-other,cash-flow-from-financial-activities,net-cash-flow,stock-based-compensation,common-stock-dividends-paid
0,2018-09-30,33.05,$18.88,1.75,$18.06,1.83,$5.14,6.43,$1.18,28.01,$0.22B,$0.04B,5.36,$0.00B,$0.31B,0.0,$0.30B,$0.18B,61.20%,$0.30B,$0.03B,11.37%,$0.30B,$0.03B,11.37%,$0.30B,$0.05B,17.06%,$0.30B,$0.04B,12.37%,$0.30B,$0.02B,8.03%,$0.02B,$0.31B,8.03%,$0.02B,$0.28B,9.05%,$0.02B,$0.36B,6.88%,$0.03B,$0.31B,11.37%,$73,$28,$45,$0,$33,$66,$7,$1,$8,$2,$6,$5,$5,$11,$7,$16,17,$0.33,$0.33,$198,$0,$0,$220,$85,$12,$34,$8,$138,$358,$41,$0,$0,$7,$48,$0,$125,$0,$310,$358,$17,$13,$8,$21,$-6,$0,$-5,$2,$-12,$26,$-5,$0,$0,$0,$0,$0,$-1,$-5,$0,$0,$0,$-2,$-2,$0,$0,$-2,$18,$6,$0
1,2018-06-30,42.1,$18.46,2.28,$18.15,2.32,$5.36,7.85,$1.45,29.03,$0.21B,$0.04B,5.08,$0.00B,$0.30B,0.0,$0.30B,$0.18B,61.20%,$0.30B,$0.04B,11.71%,$0.30B,$0.04B,11.71%,$0.30B,$0.05B,17.39%,$0.30B,$0.04B,12.37%,$0.30B,$0.02B,7.69%,$0.02B,$0.30B,7.89%,$0.02B,$0.27B,8.92%,$0.02B,$0.35B,6.73%,$0.04B,$0.30B,12.01%,$73,$29,$44,$0,$31,$65,$8,$1,$9,$2,$6,$6,$6,$12,$8,$16,17,$0.39,$0.39,$194,$0,$0,$210,$87,$12,$34,$8,$141,$352,$41,$0,$0,$7,$49,$0,$119,$0,$303,$352,$11,$9,$6,$14,$0,$0,$-2,$-1,$-6,$20,$-3,$0,$0,$0,$0,$0,$-1,$-4,$0,$0,$0,$-2,$-2,$0,$0,$-2,$14,$3,$0
2,2018-03-31,43.0,$17.91,2.4,$18.19,2.36,$5.22,8.23,$1.29,33.33,$0.20B,$0.05B,4.45,$0.00B,$0.29B,0.0,$0.30B,$0.18B,60.74%,$0.30B,$0.03B,11.07%,$0.30B,$0.03B,11.07%,$0.30B,$0.05B,17.11%,$0.30B,$0.03B,11.41%,$0.30B,$0.02B,7.05%,$0.02B,$0.29B,7.39%,$0.02B,$0.26B,8.38%,$0.02B,$0.35B,6.27%,$0.03B,$0.29B,11.61%,$75,$30,$45,$0,$34,$69,$6,$0,$7,$2,$5,$5,$5,$11,$6,$16,17,$0.28,$0.28,$186,$0,$0,$202,$90,$12,$34,$8,$145,$346,$45,$0,$0,$7,$52,$0,$113,$0,$294,$346,$5,$5,$3,$8,$-1,$0,$-4,$-0,$-2,$10,$-1,$0,$0,$0,$0,$0,$-0,$-2,$0,$0,$0,$-2,$-2,$0,$0,$-2,$7,$2,$0
3,2017-12-31,25.05,$17.79,1.41,$18.29,1.37,$4.90,5.12,$1.29,19.42,$0.19B,$0.04B,4.41,$0.00B,$0.29B,0.0,$0.30B,$0.18B,61.20%,$0.30B,$0.04B,11.71%,$0.30B,$0.04B,11.71%,$0.30B,$0.05B,17.73%,$0.30B,$0.04B,11.71%,$0.30B,$0.02B,7.02%,$0.02B,$0.29B,7.55%,$0.02B,$0.26B,8.60%,$0.02B,$0.34B,6.39%,$0.04B,$0.29B,12.59%,$78,$29,$49,$0,$32,$65,$13,$0,$13,$2,$11,$8,$8,$17,$13,$16,16,$0.51,$0.51,$179,$0,$0,$191,$92,$12,$34,$9,$148,$339,$43,$0,$0,$6,$50,$0,$109,$0,$289,$339,$21,$19,$9,$27,$-0,$0,$2,$-1,$-1,$48,$-9,$0,$0,$0,$-0,$-0,$-4,$-14,$0,$0,$0,$-1,$-1,$0,$0,$-1,$33,$6,$0
4,2017-09-30,21.05,$17.23,1.22,$18.37,1.15,$5.19,4.05,$1.20,17.54,$0.18B,$0.04B,4.43,$0.00B,$0.28B,0.0,$0.30B,$0.18B,61.00%,$0.30B,$0.03B,11.00%,$0.30B,$0.03B,11.00%,$0.30B,$0.05B,17.33%,$0.30B,$0.03B,11.00%,$0.30B,$0.02B,6.67%,$0.02B,$0.28B,7.35%,$0.02B,$0.25B,8.40%,$0.02B,$0.33B,6.20%,$0.03B,$0.28B,12.13%,$73,$29,$45,$0,$32,$66,$8,$0,$8,$3,$4,$4,$4,$12,$8,$16,16,$0.27,$0.27,$166,$0,$0,$180,$92,$15,$34,$9,$150,$330,$41,$0,$0,$9,$50,$0,$100,$0,$280,$330,$13,$14,$6,$21,$1,$0,$-2,$-0,$-4,$29,$-5,$0,$0,$0,$0,$0,$-3,$-8,$0,$0,$0,$-1,$-1,$0,$0,$-1,$20,$4,$0
5,2017-06-30,23.65,$16.88,1.4,$18.45,1.28,$5.75,4.11,$0.95,24.89,$0.17B,$0.04B,4.38,$0.00B,$0.27B,0.0,$0.30B,$0.18B,60.80%,$0.30B,$0.03B,8.31%,$0.30B,$0.03B,8.31%,$0.30B,$0.05B,16.61%,$0.30B,$0.03B,8.31%,$0.30B,$0.02B,5.32%,$0.02B,$0.27B,6.01%,$0.02B,$0.24B,6.89%,$0.02B,$0.33B,5.02%,$0.03B,$0.27B,9.39%,$72,$30,$42,$0,$31,$66,$6,$0,$6,$3,$4,$4,$4,$11,$6,$16,16,$0.24,$0.23,$157,$0,$0,$174,$94,$15,$34,$9,$151,$325,$40,$0,$0,$11,$51,$0,$96,$0,$274,$325,$8,$9,$6,$15,$1,$0,$-0,$-2,$-7,$16,$-2,$0,$0,$0,$0,$0,$-2,$-4,$0,$0,$0,$-1,$-1,$0,$0,$-1,$11,$3,$0
6,2017-03-31,22.9,$16.58,1.38,$18.77,1.22,$6.25,3.67,$1.13,20.27,$0.17B,$0.04B,4.16,$0.00B,$0.27B,0.0,$0.31B,$0.19B,61.76%,$0.31B,$0.03B,9.80%,$0.31B,$0.03B,9.80%,$0.31B,$0.05B,17.65%,$0.31B,$0.03B,9.80%,$0.31B,$0.02B,6.21%,$0.02B,$0.27B,7.27%,$0.02B,$0.24B,8.40%,$0.02B,$0.32B,6.01%,$0.03B,$0.27B,11.47%,$76,$29,$47,$0,$33,$67,$8,$0,$8,$4,$4,$5,$5,$13,$8,$16,16,$0.28,$0.28,$148,$0,$0,$166,$96,$15,$34,$10,$155,$320,$40,$0,$0,$11,$51,$0,$92,$0,$269,$320,$5,$5,$4,$9,$1,$0,$-2,$0,$-9,$5,$-2,$0,$0,$0,$0,$0,$-1,$-2,$0,$0,$0,$-1,$-1,$0,$0,$-1,$1,$1,$0
7,2016-12-31,24.55,$16.43,1.49,$19.33,1.27,$7.09,3.47,$1.49,16.48,$0.16B,$0.04B,3.76,$0.00B,$0.27B,0.0,$0.31B,$0.20B,62.42%,$0.31B,$0.04B,12.10%,$0.31B,$0.04B,12.10%,$0.31B,$0.06B,19.75%,$0.31B,$0.04B,12.10%,$0.31B,$0.02B,7.64%,$0.02B,$0.27B,9.38%,$0.02B,$0.23B,10.92%,$0.02B,$0.32B,7.63%,$0.04B,$0.27B,14.84%,$79,$30,$49,$0,$32,$67,$11,$0,$11,$4,$7,$7,$7,$16,$11,$16,16,$0.43,$0.42,$146,$0,$0,$159,$98,$15,$34,$11,$157,$316,$42,$0,$0,$9,$51,$0,$87,$0,$265,$316,$24,$24,$10,$34,$1,$0,$1,$-4,$-3,$56,$-13,$0,$0,$0,$-1,$-1,$0,$-14,$0,$0,$0,$-1,$-1,$0,$-1,$-2,$41,$5,$0
8,2016-09-30,19.81,$15.97,1.24,$19.59,1.01,$6.28,3.16,$1.67,11.86,$0.16B,$0.04B,3.53,$0.00B,$0.26B,0.0,$0.32B,$0.20B,63.24%,$0.32B,$0.04B,13.40%,$0.32B,$0.04B,13.40%,$0.32B,$0.07B,21.18%,$0.32B,$0.04B,13.40%,$0.32B,$0.03B,8.41%,$0.03B,$0.26B,10.84%,$0.03B,$0.22B,12.75%,$0.03B,$0.31B,8.70%,$0.04B,$0.26B,17.27%,$74,$28,$45,$0,$30,$73,$0,$0,$0,$0,$0,$0,$0,$10,$0,$16,16,$0.02,$0.02,$138,$0,$0,$155,$99,$15,$34,$11,$158,$313,$44,$0,$0,$13,$57,$0,$81,$0,$257,$313,$17,$19,$8,$27,$2,$0,$-1,$0,$-2,$43,$-10,$0,$0,$0,$-1,$-1,$1,$-9,$0,$0,$0,$-1,$-1,$0,$-1,$-2,$32,$4,$0
9,2016-06-30,28.1,$15.87,1.77,$19.62,1.43,$5.64,4.98,$2.06,13.64,$0.14B,$0.04B,3.23,$0.00B,$0.26B,0.0,$0.32B,$0.21B,63.47%,$0.32B,$0.05B,16.72%,$0.32B,$0.05B,16.72%,$0.32B,$0.07B,22.60%,$0.32B,$0.05B,16.72%,$0.32B,$0.03B,10.53%,$0.03B,$0.26B,13.92%,$0.03B,$0.22B,16.52%,$0.03B,$0.32B,10.98%,$0.05B,$0.26B,22.11%,$77,$29,$48,$0,$32,$66,$11,$0,$11,$4,$7,$7,$7,$15,$11,$16,16,$0.41,$0.41,$124,$0,$0,$143,$107,$18,$39,$9,$172,$315,$44,$0,$0,$16,$60,$0,$80,$0,$255,$315,$17,$10,$6,$15,$1,$0,$1,$-3,$-3,$29,$-7,$0,$0,$0,$-1,$-1,$-1,$-9,$0,$0,$0,$-1,$-1,$0,$-1,$-2,$18,$3,$0
10,2016-03-31,20.63,$15.41,1.34,$19.63,1.05,$4.88,4.23,$2.07,9.97,$0.14B,$0.05B,2.77,$0.00B,$0.25B,0.0,$0.33B,$0.21B,63.80%,$0.33B,$0.06B,16.87%,$0.33B,$0.06B,16.87%,$0.33B,$0.07B,22.70%,$0.33B,$0.06B,16.87%,$0.33B,$0.03B,10.43%,$0.03B,$0.25B,14.26%,$0.03B,$0.21B,16.98%,$0.03B,$0.31B,11.19%,$0.06B,$0.25B,23.06%,$84,$30,$54,$0,$33,$68,$16,$0,$16,$6,$10,$10,$10,$21,$16,$16,16,$0.64,$0.64,$120,$0,$0,$141,$108,$17,$39,$9,$173,$314,$51,$0,$0,$16,$67,$0,$74,$0,$247,$314,$10,$5,$3,$8,$-1,$0,$1,$0,$2,$20,$-3,$0,$0,$0,$-1,$-1,$-0,$-4,$0,$0,$0,$-1,$-1,$0,$-1,$-2,$14,$2,$0
11,2015-12-31,18.61,$14.83,1.25,$19.36,0.96,$3.94,4.73,$1.94,9.59,$0.13B,$0.05B,2.73,$0.00B,$0.24B,0.0,$0.33B,$0.21B,63.91%,$0.33B,$0.05B,16.21%,$0.33B,$0.05B,16.21%,$0.33B,$0.07B,22.02%,$0.33B,$0.05B,16.21%,$0.33B,$0.03B,10.09%,$0.03B,$0.24B,13.95%,$0.03B,$0.20B,16.65%,$0.03B,$0.30B,10.98%,$0.05B,$0.24B,22.41%,$86,$30,$56,$0,$33,$70,$16,$0,$16,$6,$10,$10,$10,$22,$16,$17,17,$0.60,$0.59,$106,$0,$0,$127,$109,$16,$39,$9,$173,$299,$46,$0,$0,$16,$62,$0,$63,$0,$237,$299,$32,$21,$6,$27,$-2,$0,$-5,$2,$-2,$57,$-26,$0,$0,$0,$-4,$-4,$-1,$-31,$0,$0,$0,$-35,$-35,$0,$-1,$-36,$-10,$6,$0
12,2015-09-30,23.45,$14.44,1.62,$19.45,1.21,$4.17,5.63,$2.02,11.61,$0.14B,$0.06B,2.47,$0.00B,$0.24B,0.0,$0.33B,$0.21B,64.16%,$0.33B,$0.06B,16.87%,$0.33B,$0.06B,16.87%,$0.33B,$0.07B,21.99%,$0.33B,$0.06B,16.87%,$0.33B,$0.04B,10.54%,$0.04B,$0.24B,14.85%,$0.04B,$0.20B,17.72%,$0.04B,$0.31B,11.66%,$0.06B,$0.24B,23.75%,$76,$29,$47,$0,$32,$66,$11,$0,$11,$4,$7,$7,$7,$15,$11,$17,17,$0.41,$0.41,$114,$0,$0,$142,$110,$12,$39,$9,$170,$311,$57,$0,$0,$16,$74,$0,$65,$0,$238,$311,$23,$14,$4,$18,$-3,$0,$-1,$5,$2,$43,$-20,$0,$0,$0,$-0,$-0,$-1,$-21,$0,$0,$0,$-23,$-23,$0,$-1,$-24,$-2,$4,$0
13,2015-06-30,25.72,$14.02,1.83,$19.75,1.3,$4.61,5.58,$2.12,12.13,$0.12B,$0.04B,2.9,$0.00B,$0.23B,0.0,$0.34B,$0.22B,64.52%,$0.34B,$0.06B,17.60%,$0.34B,$0.06B,17.60%,$0.34B,$0.08B,22.58%,$0.34B,$0.06B,17.60%,$0.34B,$0.04B,10.85%,$0.04B,$0.23B,15.91%,$0.04B,$0.19B,19.05%,$0.04B,$0.29B,12.51%,$0.06B,$0.23B,25.81%,$80,$30,$51,$0,$34,$69,$12,$0,$12,$5,$7,$7,$7,$16,$12,$17,17,$0.42,$0.42,$104,$0,$0,$124,$108,$12,$39,$9,$168,$291,$43,$0,$0,$16,$59,$0,$62,$0,$232,$291,$16,$9,$3,$12,$0,$0,$-5,$-3,$-5,$23,$-13,$0,$0,$0,$-0,$-0,$-1,$-14,$0,$0,$0,$-20,$-20,$0,$-1,$-21,$-12,$3,$0
14,2015-03-31,29.98,$13.97,2.15,$19.90,1.51,$4.77,6.29,$2.26,13.27,$0.14B,$0.05B,3.03,$0.00B,$0.24B,0.0,$0.35B,$0.22B,64.74%,$0.35B,$0.06B,18.50%,$0.35B,$0.06B,18.50%,$0.35B,$0.08B,23.41%,$0.35B,$0.06B,18.50%,$0.35B,$0.04B,11.56%,$0.04B,$0.24B,17.52%,$0.04B,$0.20B,21.05%,$0.04B,$0.30B,13.73%,$0.06B,$0.24B,28.04%,$85,$30,$55,$0,$36,$71,$14,$0,$14,$6,$9,$9,$9,$19,$14,$17,17,$0.51,$0.51,$112,$0,$0,$136,$104,$12,$39,$9,$164,$301,$45,$0,$0,$16,$61,$0,$70,$0,$239,$301,$9,$5,$2,$7,$-3,$0,$-5,$-1,$-8,$7,$-5,$0,$0,$0,$0,$0,$-0,$-5,$0,$0,$0,$-5,$-5,$0,$-0,$-5,$-3,$1,$0
15,2014-12-31,36.87,$13.66,2.7,$19.95,1.85,$5.10,7.23,$2.34,15.76,$0.14B,$0.05B,2.82,$0.00B,$0.23B,0.0,$0.35B,$0.23B,64.57%,$0.35B,$0.07B,19.14%,$0.35B,$0.07B,19.14%,$0.35B,$0.08B,23.71%,$0.35B,$0.07B,19.14%,$0.35B,$0.04B,11.71%,$0.04B,$0.23B,18.43%,$0.04B,$0.20B,22.25%,$0.04B,$0.30B,14.31%,$0.07B,$0.23B,30.11%,$91,$32,$60,$0,$37,$73,$19,$0,$19,$7,$12,$12,$12,$23,$19,$17,18,$0.70,$0.67,$116,$0,$0,$136,$102,$12,$39,$9,$162,$298,$48,$0,$0,$15,$64,$0,$64,$0,$234,$298,$41,$16,$8,$24,$3,$0,$-1,$-2,$-4,$61,$-25,$0,$0,$0,$-2,$-2,$5,$-21,$0,$0,$0,$-19,$-19,$0,$0,$-19,$21,$5,$0
16,2014-09-30,26.99,$13.03,2.07,$19.37,1.39,$5.19,5.2,$2.17,12.44,$0.13B,$0.05B,2.46,$0.00B,$0.23B,0.0,$0.34B,$0.22B,64.33%,$0.34B,$0.06B,18.42%,$0.34B,$0.06B,18.42%,$0.34B,$0.08B,22.81%,$0.34B,$0.06B,18.42%,$0.34B,$0.04B,11.11%,$0.04B,$0.23B,17.61%,$0.04B,$0.19B,21.41%,$0.04B,$0.29B,13.57%,$0.06B,$0.23B,29.20%,$85,$31,$54,$0,$35,$70,$15,$0,$15,$6,$9,$9,$9,$19,$15,$17,17,$0.51,$0.51,$109,$0,$0,$130,$96,$12,$39,$9,$162,$293,$53,$0,$0,$15,$68,$0,$57,$0,$225,$293,$29,$12,$3,$15,$3,$0,$0,$1,$3,$47,$-15,$0,$0,$0,$-2,$-2,$-1,$-18,$0,$0,$0,$-15,$-15,$0,$0,$-15,$14,$4,$0
17,2014-06-30,34.38,$12.44,2.76,$19.07,1.8,$5.54,6.21,$2.27,15.15,$0.11B,$0.04B,2.56,$0.00B,$0.22B,0.0,$0.34B,$0.22B,64.90%,$0.34B,$0.07B,19.47%,$0.34B,$0.07B,19.47%,$0.34B,$0.08B,23.60%,$0.34B,$0.07B,19.47%,$0.34B,$0.04B,11.80%,$0.04B,$0.22B,19.07%,$0.04B,$0.18B,22.07%,$0.04B,$0.27B,14.63%,$0.07B,$0.22B,31.47%,$85,$30,$55,$0,$35,$70,$16,$0,$16,$6,$10,$10,$10,$20,$16,$17,17,$0.56,$0.56,$90,$0,$0,$113,$94,$12,$38,$9,$160,$273,$44,$0,$0,$14,$58,$0,$48,$0,$215,$273,$20,$8,$1,$9,$1,$0,$-0,$-2,$-7,$22,$-9,$0,$0,$0,$-2,$-2,$-1,$-12,$0,$0,$0,$-15,$-15,$0,$0,$-15,$-5,$2,$0
18,2014-03-31,35.08,$12.26,2.86,$18.71,1.87,$6.12,5.73,$2.31,15.19,$0.13B,$0.05B,2.4,$0.00B,$0.22B,0.0,$0.34B,$0.22B,65.37%,$0.34B,$0.07B,20.00%,$0.34B,$0.07B,20.00%,$0.34B,$0.08B,24.18%,$0.34B,$0.07B,20.00%,$0.34B,$0.04B,12.24%,$0.04B,$0.22B,20.17%,$0.04B,$0.18B,22.25%,$0.04B,$0.28B,15.31%,$0.07B,$0.22B,32.96%,$89,$31,$57,$0,$37,$72,$17,$0,$17,$6,$10,$10,$10,$21,$17,$18,18,$0.59,$0.59,$100,$0,$0,$126,$92,$11,$38,$9,$156,$282,$52,$0,$0,$14,$66,$0,$51,$0,$216,$282,$10,$4,$2,$6,$-4,$0,$1,$1,$-4,$12,$-5,$0,$0,$0,$-0,$-0,$-1,$-5,$0,$0,$0,$-3,$-3,$0,$0,$-2,$5,$1,$0
19,2013-12-31,43.47,$11.78,3.69,$18.40,2.36,$6.49,6.69,$2.35,18.5,$0.12B,$0.05B,2.15,$0.00B,$0.21B,0.0,$0.33B,$0.22B,65.76%,$0.33B,$0.07B,20.61%,$0.33B,$0.07B,20.61%,$0.33B,$0.08B,24.55%,$0.33B,$0.07B,20.61%,$0.33B,$0.04B,12.73%,$0.04B,$0.21B,21.65%,$0.04B,$0.17B,22.76%,$0.04B,$0.27B,16.22%,$0.07B,$0.21B,35.05%,$83,$29,$54,$0,$36,$68,$15,$0,$15,$6,$9,$9,$9,$18,$15,$18,18,$0.51,$0.51,$95,$0,$0,$117,$91,$11,$38,$10,$155,$272,$54,$0,$0,$10,$65,$0,$42,$0,$207,$272,$42,$14,$6,$20,$3,$0,$-6,$-6,$-2,$59,$-21,$0,$-44,$0,$-4,$-4,$-0,$-69,$0,$0,$0,$-11,$-11,$0,$1,$-10,$-20,$4,$0
20,2013-09-30,37.8,$11.38,3.32,$18.54,2.04,$5.32,7.1,$2.58,14.65,$0.16B,$0.06B,2.92,$0.00B,$0.20B,0.0,$0.33B,$0.22B,65.77%,$0.33B,$0.07B,22.22%,$0.33B,$0.07B,22.22%,$0.33B,$0.09B,26.13%,$0.33B,$0.08B,22.52%,$0.33B,$0.05B,13.81%,$0.05B,$0.20B,24.86%,$0.05B,$0.20B,24.86%,$0.05B,$0.27B,18.36%,$0.07B,$0.20B,40.00%,$82,$28,$54,$0,$33,$64,$18,$0,$18,$7,$11,$11,$11,$21,$18,$18,18,$0.62,$0.61,$144,$0,$0,$161,$88,$11,$0,$1,$106,$267,$55,$0,$0,$10,$65,$0,$39,$0,$201,$267,$33,$10,$5,$15,$3,$0,$-5,$3,$7,$54,$-15,$0,$0,$0,$-4,$-4,$-0,$-19,$0,$0,$0,$-7,$-7,$0,$0,$-6,$29,$3,$0
21,2013-06-30,37.16,$10.71,3.47,$18.26,2.04,$3.47,10.71,$2.57,14.46,$0.15B,$0.05B,2.85,$0.00B,$0.19B,0.0,$0.33B,$0.22B,65.85%,$0.33B,$0.07B,22.56%,$0.33B,$0.07B,22.56%,$0.33B,$0.09B,26.22%,$0.33B,$0.08B,22.87%,$0.33B,$0.05B,14.02%,$0.05B,$0.19B,26.47%,$0.05B,$0.19B,26.47%,$0.05B,$0.25B,19.09%,$0.07B,$0.19B,42.59%,$81,$27,$54,$0,$33,$64,$17,$0,$17,$7,$11,$11,$11,$21,$17,$18,18,$0.61,$0.60,$128,$0,$0,$145,$87,$11,$0,$1,$105,$250,$51,$0,$0,$11,$61,$0,$36,$0,$189,$250,$22,$7,$3,$10,$2,$0,$-9,$-1,$3,$35,$-11,$0,$0,$0,$-4,$-4,$-0,$-15,$0,$0,$0,$-7,$-7,$0,$0,$-6,$13,$2,$0
22,2013-03-31,34.89,$10.11,3.45,$17.83,1.96,$2.35,14.87,$2.48,14.07,$0.14B,$0.06B,2.56,$0.00B,$0.18B,0.0,$0.32B,$0.21B,65.22%,$0.32B,$0.07B,22.36%,$0.32B,$0.07B,22.36%,$0.32B,$0.08B,25.78%,$0.32B,$0.07B,22.67%,$0.32B,$0.04B,13.66%,$0.04B,$0.18B,26.91%,$0.04B,$0.18B,26.91%,$0.04B,$0.25B,19.03%,$0.07B,$0.18B,44.04%,$84,$28,$55,$0,$34,$66,$18,$0,$18,$7,$11,$11,$11,$21,$18,$18,18,$0.64,$0.63,$121,$0,$0,$143,$86,$11,$0,$1,$103,$247,$56,$0,$0,$12,$68,$0,$20,$0,$179,$247,$11,$3,$3,$6,$-2,$0,$-2,$2,$3,$21,$-6,$0,$0,$0,$-4,$-4,$-0,$-10,$0,$0,$0,$-5,$-5,$0,$0,$-5,$6,$1,$0
23,2012-12-31,36.12,$9.64,3.75,$17.33,2.08,$1.99,18.18,$2.35,15.37,$0.14B,$0.06B,2.56,$0.00B,$0.17B,0.0,$0.31B,$0.20B,64.65%,$0.31B,$0.07B,21.97%,$0.31B,$0.07B,21.97%,$0.31B,$0.08B,25.48%,$0.31B,$0.07B,22.29%,$0.31B,$0.04B,13.38%,$0.04B,$0.17B,27.18%,$0.04B,$0.17B,27.18%,$0.04B,$0.24B,18.94%,$0.07B,$0.17B,44.66%,$86,$30,$56,$0,$32,$65,$21,$0,$22,$8,$13,$13,$13,$24,$21,$18,18,$0.74,$0.74,$115,$0,$0,$141,$83,$7,$0,$1,$97,$238,$55,$0,$0,$11,$66,$0,$14,$0,$171,$238,$42,$11,$4,$15,$-1,$0,$1,$1,$-5,$53,$-35,$0,$0,$0,$-7,$-7,$-6,$-48,$0,$0,$0,$-12,$-12,$0,$3,$-9,$-4,$4,$0
24,2012-09-30,36.43,$8.62,4.23,$16.70,2.18,$3.48,10.46,$2.32,15.7,$0.14B,$0.06B,2.13,$0.00B,$0.16B,0.0,$0.30B,$0.20B,64.80%,$0.30B,$0.07B,22.37%,$0.30B,$0.07B,22.37%,$0.30B,$0.08B,25.66%,$0.30B,$0.07B,22.37%,$0.30B,$0.04B,13.82%,$0.04B,$0.16B,28.92%,$0.04B,$0.16B,28.92%,$0.04B,$0.23B,19.81%,$0.07B,$0.16B,46.82%,$77,$26,$51,$0,$30,$60,$18,$0,$18,$7,$11,$11,$11,$20,$18,$18,18,$0.61,$0.60,$102,$0,$0,$136,$79,$7,$0,$1,$93,$229,$64,$0,$0,$10,$73,$0,$16,$0,$156,$229,$29,$8,$8,$16,$-17,$0,$3,$4,$-11,$34,$-29,$0,$0,$0,$-7,$-7,$-6,$-42,$0,$0,$0,$-12,$-12,$0,$2,$-10,$-17,$3,$0
25,2012-06-30,32.0,$8.33,3.84,$15.98,2.0,$5.00,6.41,$2.32,13.79,$0.14B,$0.05B,2.59,$0.00B,$0.15B,0.0,$0.29B,$0.19B,64.04%,$0.29B,$0.07B,22.26%,$0.29B,$0.07B,22.26%,$0.29B,$0.08B,25.68%,$0.29B,$0.07B,22.26%,$0.29B,$0.04B,14.38%,$0.04B,$0.15B,30.83%,$0.04B,$0.15B,30.83%,$0.04B,$0.21B,21.05%,$0.07B,$0.15B,47.71%,$75,$26,$48,$0,$31,$60,$15,$-0,$15,$6,$9,$9,$9,$18,$15,$18,18,$0.52,$0.51,$117,$0,$0,$137,$73,$0,$0,$1,$74,$211,$53,$0,$0,$10,$63,$0,$5,$0,$148,$211,$18,$5,$5,$11,$-3,$0,$-1,$-1,$-6,$23,$-19,$0,$0,$0,$0,$0,$-0,$-19,$0,$0,$0,$-7,$-7,$0,$2,$-6,$-2,$2,$0
26,2012-03-31,38.0,$7.95,4.78,$15.18,2.5,$5.82,6.53,$2.30,16.52,$0.15B,$0.06B,2.55,$0.00B,$0.14B,0.0,$0.28B,$0.18B,63.67%,$0.28B,$0.07B,23.38%,$0.28B,$0.07B,23.38%,$0.28B,$0.07B,26.62%,$0.28B,$0.07B,23.38%,$0.28B,$0.04B,15.11%,$0.04B,$0.14B,33.14%,$0.04B,$0.14B,33.14%,$0.04B,$0.21B,22.52%,$0.07B,$0.14B,51.28%,$76,$28,$48,$0,$30,$61,$15,$0,$15,$6,$9,$9,$9,$18,$15,$18,18,$0.51,$0.50,$126,$0,$0,$145,$63,$0,$0,$1,$64,$209,$57,$0,$0,$9,$66,$0,$-4,$0,$143,$209,$9,$3,$4,$6,$-2,$0,$-3,$1,$-0,$15,$-7,$0,$0,$0,$0,$0,$-0,$-7,$0,$0,$0,$-3,$-3,$0,$2,$-1,$7,$1,$0
27,2011-12-31,43.28,$7.50,5.77,$14.22,3.04,$6.25,6.92,$2.23,19.41,$0.14B,$0.06B,2.45,$0.00B,$0.13B,0.0,$0.26B,$0.17B,63.60%,$0.26B,$0.06B,24.14%,$0.26B,$0.06B,24.14%,$0.26B,$0.07B,27.20%,$0.26B,$0.06B,24.14%,$0.26B,$0.04B,15.71%,$0.04B,$0.13B,34.97%,$0.04B,$0.13B,34.97%,$0.04B,$0.20B,23.60%,$0.06B,$0.13B,53.73%,$76,$26,$50,$0,$27,$56,$20,$0,$20,$7,$13,$13,$13,$22,$20,$18,18,$0.73,$0.71,$119,$0,$0,$139,$59,$0,$0,$1,$60,$199,$57,$0,$0,$8,$65,$0,$-13,$0,$134,$199,$41,$9,$6,$16,$-3,$0,$7,$6,$14,$70,$-25,$0,$0,$0,$0,$0,$-0,$-25,$0,$0,$0,$-9,$-9,$0,$1,$-8,$38,$3,$0
28,2011-09-30,34.0,$6.73,5.05,$13.07,2.6,$5.07,6.71,$2.04,16.67,$0.13B,$0.05B,2.55,$0.00B,$0.12B,0.0,$0.24B,$0.15B,63.07%,$0.24B,$0.06B,24.48%,$0.24B,$0.06B,24.48%,$0.24B,$0.07B,27.80%,$0.24B,$0.06B,24.48%,$0.24B,$0.04B,15.77%,$0.04B,$0.12B,35.19%,$0.04B,$0.12B,35.19%,$0.04B,$0.18B,23.82%,$0.06B,$0.12B,54.63%,$65,$24,$41,$0,$24,$50,$15,$0,$15,$4,$11,$11,$11,$17,$15,$18,18,$0.61,$0.60,$107,$0,$0,$127,$50,$0,$0,$1,$51,$179,$50,$0,$0,$9,$59,$0,$-26,$0,$120,$179,$28,$7,$5,$11,$-1,$0,$1,$8,$8,$48,$-14,$0,$0,$0,$0,$0,$-0,$-14,$0,$0,$0,$-9,$-9,$0,$1,$-8,$26,$3,$0
29,2011-06-30,44.51,$5.93,7.51,$12.05,3.7,$4.22,10.55,$1.74,25.58,$0.11B,$0.04B,2.72,$0.00B,$0.11B,0.0,$0.22B,$0.14B,62.50%,$0.22B,$0.05B,23.66%,$0.22B,$0.05B,23.66%,$0.22B,$0.06B,27.23%,$0.22B,$0.05B,23.66%,$0.22B,$0.03B,14.73%,$0.03B,$0.11B,32.20%,$0.03B,$0.11B,32.20%,$0.03B,$0.16B,22.04%,$0.05B,$0.11B,51.71%,$61,$23,$38,$0,$21,$46,$15,$0,$15,$6,$9,$9,$9,$17,$15,$18,18,$0.50,$0.49,$95,$0,$0,$112,$45,$0,$0,$2,$47,$159,$41,$0,$0,$7,$48,$0,$-8,$0,$110,$159,$17,$4,$2,$6,$0,$0,$-1,$3,$3,$26,$-7,$0,$0,$0,$0,$0,$-0,$-7,$0,$0,$0,$-6,$-6,$0,$1,$-6,$13,$2,$0
30,2011-03-31,40.45,$5.86,6.91,$11.16,3.62,$3.70,10.94,$1.62,24.97,$0.11B,$0.05B,2.42,$0.00B,$0.11B,0.0,$0.21B,$0.13B,62.68%,$0.21B,$0.05B,23.92%,$0.21B,$0.05B,23.92%,$0.21B,$0.06B,27.27%,$0.21B,$0.05B,23.92%,$0.21B,$0.03B,14.83%,$0.03B,$0.11B,31.00%,$0.03B,$0.11B,31.00%,$0.03B,$0.16B,21.57%,$0.05B,$0.11B,50.00%,$59,$22,$37,$0,$21,$46,$13,$0,$13,$5,$8,$8,$8,$15,$13,$18,18,$0.44,$0.43,$97,$0,$0,$113,$44,$0,$0,$2,$46,$158,$46,$0,$0,$7,$53,$0,$-17,$0,$105,$158,$8,$2,$1,$3,$1,$0,$1,$3,$9,$20,$-4,$0,$0,$0,$0,$0,$-0,$-4,$0,$0,$0,$-1,$-1,$0,$0,$-1,$15,$1,$0
31,2010-12-31,37.24,$5.43,6.86,$10.46,3.56,$3.36,11.07,$1.59,23.42,$0.10B,$0.04B,2.61,$0.00B,$0.10B,0.0,$0.20B,$0.12B,62.44%,$0.20B,$0.05B,25.38%,$0.20B,$0.05B,25.38%,$0.20B,$0.06B,28.93%,$0.20B,$0.05B,25.38%,$0.20B,$0.03B,15.74%,$0.03B,$0.10B,32.12%,$0.03B,$0.10B,32.12%,$0.03B,$0.14B,22.75%,$0.05B,$0.10B,51.81%,$56,$20,$36,$0,$18,$40,$16,$0,$16,$6,$10,$10,$10,$18,$16,$18,19,$0.53,$0.52,$81,$0,$0,$98,$42,$0,$0,$1,$44,$142,$38,$0,$0,$7,$45,$0,$-25,$0,$97,$142,$30,$7,$5,$12,$-2,$0,$3,$3,$6,$47,$-22,$0,$0,$0,$0,$0,$-1,$-23,$0,$0,$0,$-19,$-19,$0,$2,$-18,$6,$3,$0
32,2010-09-30,32.86,$5.27,6.23,$9.78,3.36,$3.43,9.58,$1.51,21.76,$0.10B,$0.04B,2.84,$0.00B,$0.10B,0.0,$0.19B,$0.11B,61.62%,$0.19B,$0.05B,25.95%,$0.19B,$0.05B,25.95%,$0.19B,$0.05B,29.19%,$0.19B,$0.05B,25.95%,$0.19B,$0.03B,15.68%,$0.03B,$0.10B,31.27%,$0.03B,$0.10B,31.27%,$0.03B,$0.14B,22.35%,$0.05B,$0.10B,51.75%,$48,$19,$29,$0,$18,$39,$9,$0,$9,$4,$6,$6,$6,$11,$9,$18,19,$0.30,$0.30,$87,$0,$0,$103,$35,$0,$0,$2,$37,$140,$36,$0,$0,$6,$42,$0,$-34,$0,$98,$140,$20,$5,$3,$8,$-1,$0,$-0,$5,$5,$33,$-14,$0,$0,$0,$0,$0,$-0,$-14,$0,$0,$0,$-8,$-8,$0,$1,$-7,$12,$2,$0
33,2010-06-30,43.7,$5.42,8.06,$9.16,4.77,$3.23,13.52,$1.48,29.53,$0.10B,$0.03B,3.51,$0.00B,$0.10B,0.0,$0.17B,$0.11B,61.85%,$0.17B,$0.05B,27.17%,$0.17B,$0.05B,27.17%,$0.17B,$0.05B,30.64%,$0.17B,$0.05B,27.17%,$0.17B,$0.03B,16.18%,$0.03B,$0.10B,32.37%,$0.03B,$0.10B,32.37%,$0.03B,$0.14B,23.14%,$0.05B,$0.10B,54.34%,$46,$17,$29,$0,$16,$35,$12,$0,$12,$5,$7,$7,$7,$13,$12,$18,19,$0.38,$0.37,$86,$0,$0,$102,$32,$0,$0,$2,$33,$135,$29,$0,$0,$6,$35,$0,$-40,$0,$100,$135,$15,$3,$2,$5,$-1,$0,$-1,$2,$-2,$18,$-8,$0,$0,$0,$0,$0,$-0,$-9,$0,$0,$0,$1,$1,$0,$1,$2,$11,$2,$0
34,2010-03-31,46.6,$4.94,9.43,$8.62,5.41,$3.16,14.74,$1.39,33.53,$0.10B,$0.03B,3.05,$0.00B,$0.09B,0.0,$0.16B,$0.10B,60.74%,$0.16B,$0.04B,26.99%,$0.16B,$0.04B,26.99%,$0.16B,$0.05B,30.67%,$0.16B,$0.04B,26.99%,$0.16B,$0.03B,15.95%,$0.03B,$0.09B,33.23%,$0.03B,$0.09B,33.23%,$0.03B,$0.13B,23.64%,$0.04B,$0.09B,56.23%,$47,$18,$29,$0,$15,$34,$13,$0,$13,$6,$8,$8,$8,$15,$13,$18,19,$0.42,$0.40,$86,$0,$0,$98,$28,$0,$0,$1,$30,$128,$32,$0,$0,$5,$37,$0,$-47,$0,$91,$128,$8,$1,$1,$2,$1,$0,$-2,$-0,$4,$14,$-4,$0,$0,$0,$0,$0,$-0,$-4,$0,$0,$0,$0,$0,$0,$0,$0,$11,$1,$0
35,2009-12-31,34.36,$4.49,7.66,$7.88,4.36,$2.85,12.07,$1.27,27.06,$0.09B,$0.03B,3.05,$0.00B,$0.08B,0.0,$0.15B,$0.09B,60.40%,$0.15B,$0.04B,26.85%,$0.15B,$0.04B,26.85%,$0.15B,$0.05B,30.20%,$0.15B,$0.04B,26.85%,$0.15B,$0.02B,15.44%,$0.02B,$0.08B,32.62%,$0.02B,$0.08B,32.62%,$0.02B,$0.12B,23.12%,$0.04B,$0.08B,56.74%,$44,$17,$27,$0,$12,$30,$14,$0,$14,$6,$8,$8,$8,$15,$14,$18,19,$0.46,$0.44,$75,$0,$0,$88,$25,$0,$0,$2,$27,$116,$29,$0,$0,$5,$34,$0,$-55,$0,$82,$116,$24,$5,$3,$9,$-3,$0,$2,$4,$4,$37,$-11,$0,$0,$0,$0,$0,$-1,$-12,$0,$0,$0,$0,$0,$0,$2,$2,$27,$2,$0
36,2009-09-30,34.73,$3.99,8.71,$7.25,4.79,$2.52,13.77,$1.10,31.57,$0.08B,$0.03B,2.85,$0.00B,$0.07B,0.0,$0.14B,$0.08B,59.85%,$0.14B,$0.03B,24.82%,$0.14B,$0.03B,24.82%,$0.14B,$0.04B,28.47%,$0.14B,$0.03B,24.82%,$0.14B,$0.02B,14.60%,$0.02B,$0.07B,31.62%,$0.02B,$0.07B,31.62%,$0.02B,$0.11B,22.16%,$0.03B,$0.07B,53.75%,$36,$15,$22,$0,$12,$28,$8,$0,$8,$3,$5,$5,$5,$10,$8,$18,19,$0.28,$0.27,$64,$0,$0,$80,$24,$0,$0,$2,$25,$105,$28,$0,$0,$5,$32,$0,$-63,$0,$73,$105,$16,$4,$2,$6,$-2,$0,$-0,$5,$1,$23,$-8,$0,$0,$0,$0,$0,$-1,$-9,$0,$0,$0,$1,$1,$0,$1,$2,$16,$2,$0
37,2009-06-30,39.55,$3.67,10.76,$6.77,5.84,$2.43,16.25,$1.03,38.4,$0.07B,$0.02B,3.37,$0.00B,$0.07B,0.0,$0.13B,$0.08B,60.16%,$0.13B,$0.03B,25.00%,$0.13B,$0.03B,25.00%,$0.13B,$0.04B,28.13%,$0.13B,$0.03B,25.00%,$0.13B,$0.02B,14.84%,$0.02B,$0.07B,33.33%,$0.02B,$0.07B,33.33%,$0.02B,$0.09B,23.24%,$0.03B,$0.07B,56.14%,$36,$14,$21,$0,$11,$27,$9,$0,$9,$3,$5,$5,$5,$10,$9,$18,19,$0.29,$0.28,$57,$0,$0,$68,$21,$0,$0,$2,$23,$91,$20,$0,$0,$4,$25,$0,$-68,$0,$67,$91,$11,$3,$2,$4,$1,$0,$-1,$1,$-2,$13,$-4,$0,$0,$0,$0,$0,$-0,$-5,$0,$0,$0,$0,$0,$0,$1,$2,$9,$1,$0
38,2009-03-31,42.06,$3.32,12.65,$6.21,6.77,$2.39,17.58,$0.96,43.81,$0.06B,$0.02B,2.97,$0.00B,$0.06B,0.0,$0.12B,$0.07B,59.83%,$0.12B,$0.03B,24.79%,$0.12B,$0.03B,24.79%,$0.12B,$0.03B,28.21%,$0.12B,$0.03B,24.79%,$0.12B,$0.02B,15.38%,$0.02B,$0.06B,35.29%,$0.02B,$0.06B,35.29%,$0.02B,$0.09B,24.24%,$0.03B,$0.06B,56.86%,$33,$13,$20,$0,$10,$24,$9,$0,$9,$4,$5,$5,$5,$10,$9,$18,19,$0.29,$0.28,$53,$0,$0,$64,$20,$0,$0,$1,$21,$86,$22,$0,$0,$4,$25,$0,$-73,$0,$60,$86,$5,$1,$1,$2,$-2,$0,$-1,$1,$-1,$6,$-2,$0,$0,$0,$0,$0,$-0,$-2,$0,$0,$0,$0,$0,$0,$1,$1,$5,$1,$0
39,2008-12-31,37.19,$2.93,12.71,$5.70,6.53,$2.41,15.42,$0.86,43.24,$0.06B,$0.02B,2.68,$0.00B,$0.05B,0.0,$0.11B,$0.06B,58.88%,$0.11B,$0.03B,23.36%,$0.11B,$0.03B,23.36%,$0.11B,$0.03B,27.10%,$0.11B,$0.03B,24.30%,$0.11B,$0.02B,14.95%,$0.02B,$0.05B,35.16%,$0.02B,$0.05B,35.16%,$0.02B,$0.08B,24.06%,$0.03B,$0.05B,54.95%,$32,$12,$19,$0,$10,$23,$8,$0,$8,$3,$5,$5,$5,$9,$8,$18,19,$0.29,$0.27,$48,$0,$0,$58,$20,$0,$0,$1,$21,$79,$22,$0,$0,$4,$25,$0,$-78,$0,$53,$79,$16,$4,$3,$8,$-1,$0,$2,$2,$6,$30,$-10,$0,$0,$0,$0,$0,$-1,$-11,$0,$0,$0,$0,$0,$0,$1,$2,$21,$2,$0
40,2008-09-30,48.28,$2.66,18.15,$5.58,8.65,$2.15,22.47,$0.78,61.9,$0.05B,$0.02B,2.61,$0.00B,$0.05B,0.0,$0.10B,$0.06B,58.33%,$0.10B,$0.02B,22.92%,$0.10B,$0.02B,22.92%,$0.10B,$0.03B,27.08%,$0.10B,$0.02B,23.96%,$0.10B,$0.01B,14.58%,$0.01B,$0.05B,34.36%,$0.01B,$0.05B,34.36%,$0.01B,$0.07B,23.73%,$0.02B,$0.05B,53.99%,$27,$11,$17,$0,$9,$21,$6,$0,$6,$3,$4,$4,$4,$7,$6,$18,19,$0.21,$0.20,$41,$0,$0,$53,$17,$0,$0,$1,$18,$71,$20,$0,$0,$3,$24,$0,$-84,$0,$48,$71,$11,$3,$2,$5,$-2,$0,$2,$3,$4,$20,$-7,$0,$0,$0,$0,$0,$-0,$-7,$0,$0,$0,$0,$0,$0,$1,$1,$14,$1,$0
