,Date,Stock Price,Book Value per Share,Price to Book Ratio,TTM Sales per Share,Price to Sales Ratio,TTM FCF per Share,Price to FCF Ratio,TTM Net EPS,PE Ratio,Current Assets,Current Liabilities,Current Ratio,Long Term Debt,Shareholder's Equity_x,Debt to Equity Ratio,TTM Revenue_x,TTM Gross Profit,Gross Margin,TTM Revenue_y,TTM Operating Income,Operating Margin,TTM Revenue_x,TTM EBIT,EBIT Margin,TTM Revenue_y,TTM EBITDA,EBITDA Margin,TTM Revenue_x,TTM Pre-Tax Income,Pre-Tax Margin,TTM Revenue_y,TTM Net Income_x,Net Margin,TTM Net Income_y,Shareholder's Equity_y,Return on Equity,TTM Net Income_x,Tangible Equity,Return on Tangible Equity,TTM Net Income_y,Total Assets,Return on Assets,TTM Net Income,LT Investments & Debt,Return on Investment,revenue,cost-goods-sold,gross-profit,research-development-expenses,selling-general-administrative-expenses,operating-expenses,operating-income,total-non-operating-income-expense,pre-tax-income,total-provision-income-taxes,income-after-taxes,income-from-continuous-operations,net-income,ebitda,ebit,basic-shares-outstanding,shares-outstanding,eps-basic-net-earnings-per-share,eps-earnings-per-share-diluted,cash-on-hand,inventory,other-current-assets,total-current-assets,net-property-plant-equipment,long-term-investments,goodwill-intangible-assets-total,other-long-term-assets,total-long-term-assets,total-assets,total-current-liabilities,long-term-debt,other-non-current-liabilities,total-long-term-liabilities,total-liabilities,common-stock-net,retained-earnings-accumulated-deficit,comprehensive-income,total-share-holder-equity,total-liabilities-share-holders-equity,net-income-loss,total-depreciation-amortization-cash-flow,other-non-cash-items,total-non-cash-items,change-in-accounts-receivable,change-in-inventories,change-in-accounts-payable,change-in-assets-liabilities,total-change-in-assets-liabilities,cash-flow-from-operating-activities,net-change-in-property-plant-equipment,net-change-in-intangible-assets,net-acquisitions-divestitures,net-change-in-short-term-investments,net-change-in-long-term-investments,net-change-in-investments-total,investing-activities-other,cash-flow-from-investing-activities,net-long-term-debt,net-current-debt,debt-issuance-retirement-net-total,net-common-equity-issued-repurchased,net-total-equity-issued-repurchased,total-common-preferred-stock-dividends-paid,financial-activities-other,cash-flow-from-financial-activities,net-cash-flow,stock-based-compensation,common-stock-dividends-paid
0,2018-09-30,7.17,$2.13,3.37,$3.62,1.98,$-3.49,0.0,$-1.42,0.0,$0.05B,$0.02B,2.42,$0.03B,$0.05B,0.67,$0.06B,$0.04B,56.45%,$0.06B,$-0.03B,-48.39%,$0.06B,$-0.03B,-48.39%,$0.06B,$-0.02B,-30.65%,$0.06B,$-0.04B,-56.45%,$0.06B,$-0.04B,-56.45%,$-0.04B,$0.05B,-72.16%,$-0.04B,$0.01B,-451.61%,$-0.04B,$0.10B,-33.33%,$-0.03B,$0.08B,-36.92%,$14,$6,$8,$4,$10,$22,$-8,$-2,$-10,$0,$-10,$-10,$-10,$-6,$-8,$22,22,$-0.45,$-0.45,$28,$13,$0,$53,$7,$0,$38,$1,$47,$100,$22,$31,$0,$31,$53,$0,$-204,$2,$47,$100,$-27,$7,$3,$10,$1,$0,$0,$-0,$-2,$-19,$-2,$-1,$0,$0,$0,$0,$0,$-3,$-3,$0,$-3,$23,$23,$0,$-0,$20,$-2,$1,$0
1,2018-06-30,6.98,$2.53,2.75,$4.05,1.73,$-3.24,0.0,$-1.74,0.0,$0.06B,$0.02B,2.87,$0.03B,$0.06B,0.6,$0.07B,$0.04B,58.46%,$0.07B,$-0.03B,-40.00%,$0.07B,$-0.03B,-40.00%,$0.07B,$-0.02B,-23.08%,$0.07B,$-0.03B,-46.15%,$0.07B,$-0.03B,-46.15%,$-0.03B,$0.06B,-58.82%,$-0.03B,$0.02B,-342.86%,$-0.03B,$0.11B,-27.65%,$-0.03B,$0.09B,-30.86%,$16,$7,$9,$3,$12,$23,$-8,$-2,$-10,$0,$-10,$-10,$-10,$-5,$-8,$18,18,$-0.53,$-0.53,$34,$15,$0,$62,$7,$0,$40,$1,$48,$110,$22,$33,$0,$33,$55,$0,$-195,$2,$55,$110,$-18,$5,$2,$7,$-0,$-1,$0,$-0,$-5,$-16,$-1,$-0,$0,$0,$0,$0,$0,$-2,$0,$0,$0,$23,$23,$0,$-0,$22,$4,$1,$0
2,2018-03-31,6.27,$2.41,2.6,$4.77,1.31,$-2.87,0.0,$-1.85,0.0,$0.05B,$0.03B,1.98,$0.03B,$0.04B,0.79,$0.07B,$0.04B,59.09%,$0.07B,$-0.02B,-34.85%,$0.07B,$-0.02B,-34.85%,$0.07B,$-0.01B,-19.70%,$0.07B,$-0.03B,-40.91%,$0.07B,$-0.03B,-40.91%,$-0.03B,$0.04B,-61.02%,$-0.03B,$0.00B,-12451552249753948160.00%,$-0.03B,$0.10B,-26.34%,$-0.02B,$0.08B,-29.77%,$16,$7,$9,$2,$13,$23,$-8,$-0,$-8,$0,$-8,$-8,$-8,$-5,$-8,$17,17,$-0.47,$-0.47,$22,$15,$0,$51,$7,$0,$42,$1,$50,$101,$26,$33,$0,$33,$59,$0,$-185,$1,$42,$101,$-8,$2,$0,$3,$0,$-1,$0,$-0,$-1,$-7,$-1,$-0,$0,$0,$0,$0,$0,$-1,$0,$0,$0,$0,$0,$0,$-0,$-0,$-8,$0,$0
3,2017-12-31,5.6,$2.89,1.94,$5.21,1.07,$-2.76,0.0,$-2.15,0.0,$0.06B,$0.03B,2.23,$0.03B,$0.05B,0.67,$0.07B,$0.04B,60.00%,$0.07B,$-0.02B,-33.85%,$0.07B,$-0.02B,-33.85%,$0.07B,$-0.01B,-18.46%,$0.07B,$-0.03B,-41.54%,$0.07B,$-0.03B,-41.54%,$-0.03B,$0.05B,-63.91%,$-0.03B,$0.01B,771.43%,$-0.03B,$0.11B,-27.14%,$-0.02B,$0.08B,-29.24%,$16,$7,$9,$2,$12,$22,$-6,$-1,$-7,$0,$-7,$-7,$-7,$-3,$-6,$14,14,$-0.28,$-0.28,$31,$14,$0,$58,$7,$0,$43,$1,$51,$109,$26,$33,$0,$33,$59,$0,$-177,$2,$50,$109,$-27,$10,$2,$12,$-1,$-3,$0,$1,$2,$-13,$-2,$-1,$0,$0,$0,$0,$0,$-2,$-7,$0,$-7,$34,$34,$0,$0,$27,$11,$1,$0
4,2017-09-30,4.68,$3.29,1.42,$43.12,0.11,$-37.38,0.0,$-36.74,0.0,$0.06B,$0.02B,2.54,$0.03B,$0.06B,0.58,$0.06B,$0.04B,60.94%,$0.06B,$-0.02B,-37.50%,$0.06B,$-0.02B,-37.50%,$0.06B,$-0.01B,-21.88%,$0.06B,$-0.04B,-62.50%,$0.06B,$-0.03B,-51.56%,$-0.03B,$0.06B,-81.99%,$-0.03B,$0.01B,455.17%,$-0.03B,$0.11B,-33.76%,$-0.02B,$0.09B,-32.00%,$17,$6,$11,$2,$11,$21,$-4,$-1,$-5,$0,$-5,$-5,$-5,$-2,$-4,$15,15,$-0.32,$-0.32,$35,$13,$0,$61,$7,$0,$45,$1,$53,$114,$24,$33,$0,$33,$57,$0,$-170,$2,$57,$114,$-20,$8,$1,$8,$-1,$-1,$0,$1,$2,$-10,$-1,$-0,$0,$0,$0,$0,$0,$-2,$-7,$0,$-7,$34,$34,$0,$0,$27,$15,$1,$0
5,2017-06-30,7.89,$2.62,3.01,$89.17,0.09,$-58.04,0.0,$-36.42,0.0,$0.03B,$0.03B,1.25,$0.03B,$0.03B,1.18,$0.06B,$0.04B,61.90%,$0.06B,$-0.02B,-38.10%,$0.06B,$-0.02B,-38.10%,$0.06B,$-0.01B,-20.63%,$0.06B,$-0.04B,-65.08%,$0.06B,$-0.04B,-57.14%,$-0.04B,$0.03B,-134.58%,$-0.04B,$-0.02B,378.95%,$-0.04B,$0.09B,-51.25%,$-0.02B,$0.06B,-45.07%,$17,$7,$10,$2,$12,$23,$-5,$-1,$-7,$0,$-7,$-7,$-7,$-3,$-5,$11,11,$-0.64,$-0.64,$5,$11,$0,$31,$7,$0,$47,$1,$55,$86,$25,$33,$0,$33,$58,$0,$-165,$2,$28,$86,$-15,$5,$1,$6,$-2,$1,$0,$0,$4,$-6,$-1,$-0,$0,$0,$0,$0,$0,$-1,$-7,$0,$-7,$0,$0,$0,$0,$-7,$-14,$0,$0
6,2017-03-31,12.52,$3.22,3.89,$139.49,0.09,$-73.32,0.0,$-41.89,0.0,$0.03B,$0.02B,1.52,$0.03B,$0.03B,0.95,$0.06B,$0.04B,58.73%,$0.06B,$-0.03B,-39.68%,$0.06B,$-0.03B,-39.68%,$0.06B,$-0.01B,-22.22%,$0.06B,$-0.04B,-68.25%,$0.06B,$-0.04B,-65.08%,$-0.04B,$0.03B,-192.94%,$-0.04B,$-0.01B,1171.43%,$-0.04B,$0.09B,-81.19%,$-0.03B,$0.07B,-63.29%,$15,$5,$9,$2,$12,$21,$-7,$-1,$-8,$0,$-8,$-8,$-8,$-4,$-7,$11,11,$-0.77,$-0.77,$8,$12,$0,$32,$7,$0,$48,$1,$56,$89,$21,$33,$0,$33,$54,$0,$-158,$2,$34,$89,$-8,$3,$0,$3,$1,$1,$0,$-0,$2,$-3,$-0,$-0,$0,$0,$0,$0,$0,$-0,$-7,$0,$-7,$0,$0,$0,$0,$-7,$-11,$0,$0
7,2016-12-31,12.16,$3.97,3.06,$188.22,0.06,$-88.87,0.0,$-45.74,0.0,$0.04B,$0.02B,2.15,$0.04B,$0.04B,0.93,$0.06B,$0.04B,60.94%,$0.06B,$-0.02B,-32.81%,$0.06B,$-0.02B,-32.81%,$0.06B,$-0.01B,-17.19%,$0.06B,$-0.04B,-64.06%,$0.06B,$-0.04B,-64.06%,$-0.04B,$0.04B,-273.33%,$-0.04B,$-0.01B,-2342.86%,$-0.04B,$0.10B,-133.33%,$-0.02B,$0.08B,-84.00%,$15,$6,$9,$3,$13,$23,$-8,$-12,$-20,$0,$-20,$-20,$-13,$-5,$-8,$0,0,$-20.10,$-20.10,$19,$12,$0,$44,$7,$0,$50,$1,$59,$102,$20,$39,$0,$39,$60,$0,$-150,$1,$42,$102,$-41,$10,$18,$27,$-0,$-3,$0,$0,$1,$-13,$-1,$-1,$0,$0,$0,$0,$0,$-2,$-11,$0,$-11,$29,$29,$0,$-5,$13,$-3,$0,$0
8,2016-09-30,18.04,$6.23,2.9,$424.95,0.04,$-139.69,0.0,$-15.35,0.0,$0.00B,$0.00B,2.98,$0.00B,$0.00B,0.0,$0.12B,$0.10B,83.48%,$0.12B,$-0.02B,-18.26%,$0.12B,$-0.02B,-18.26%,$0.12B,$-0.01B,-4.35%,$0.12B,$-0.04B,-35.65%,$0.12B,$-0.06B,-49.57%,$-0.06B,$0.00B,-786.21%,$-0.06B,$0.00B,991.30%,$-0.06B,$0.00B,-180.95%,$-0.02B,$0.00B,-84.85%,$16,$5,$11,$2,$11,$20,$-4,$-2,$-6,$0,$-6,$-6,$-8,$-1,$-4,$0,0,$-24.85,$-24.85,$3,$0,$0,$4,$0,$0,$0,$0,$0,$4,$1,$0,$0,$0,$1,$0,$-84,$0,$3,$4,$-21,$7,$8,$15,$0,$-4,$0,$1,$0,$-7,$-1,$-1,$0,$0,$0,$0,$0,$-2,$0,$0,$0,$0,$0,$0,$-5,$-5,$-13,$0,$0
9,2016-06-30,11.99,$14.56,0.82,$377.98,0.03,$-141.48,0.0,$-21.51,0.0,$0.01B,$0.00B,6.6,$0.00B,$0.01B,0.0,$0.10B,$0.09B,85.86%,$0.10B,$-0.02B,-19.19%,$0.10B,$-0.02B,-19.19%,$0.10B,$-0.01B,-6.06%,$0.10B,$-0.04B,-37.37%,$0.10B,$-0.05B,-51.52%,$-0.05B,$0.01B,-536.84%,$-0.05B,$0.01B,1275.00%,$-0.05B,$0.01B,-150.00%,$-0.02B,$0.01B,-70.37%,$17,$9,$8,$2,$11,$24,$-6,$-3,$-9,$0,$-10,$-10,$-12,$-4,$-6,$0,0,$-35.30,$-35.30,$5,$0,$0,$5,$0,$0,$2,$0,$2,$7,$1,$0,$0,$0,$1,$0,$-81,$0,$6,$7,$-16,$5,$7,$12,$-1,$-3,$0,$1,$-1,$-5,$-1,$-1,$0,$0,$0,$0,$0,$-1,$0,$0,$0,$0,$0,$0,$-5,$-5,$-11,$0,$0
10,2016-03-31,14.32,$20.39,0.7,$328.84,0.04,$-152.22,0.0,$-15.41,0.0,$0.01B,$0.00B,8.06,$0.00B,$0.01B,0.0,$0.08B,$0.08B,93.98%,$0.08B,$-0.02B,-19.28%,$0.08B,$-0.02B,-19.28%,$0.08B,$-0.01B,-6.02%,$0.08B,$-0.03B,-37.35%,$0.08B,$-0.04B,-50.60%,$-0.04B,$0.01B,-373.33%,$-0.04B,$0.01B,1527.27%,$-0.04B,$0.01B,-116.67%,$-0.02B,$0.01B,-55.65%,$16,$5,$11,$2,$11,$19,$-3,$-3,$-6,$0,$-6,$-6,$-8,$-1,$-3,$0,0,$-25.44,$-25.44,$7,$0,$0,$7,$0,$0,$2,$0,$2,$10,$1,$0,$0,$0,$1,$0,$-78,$0,$9,$10,$-6,$2,$2,$4,$-1,$1,$0,$0,$-3,$-5,$-0,$-0,$0,$0,$0,$0,$0,$-1,$0,$0,$0,$0,$0,$0,$0,$0,$-5,$0,$0
11,2015-12-31,17.49,$14.77,1.18,$281.82,0.06,$-154.20,0.0,$-21.57,0.0,$0.05B,$0.02B,2.21,$0.07B,$-0.13B,-0.52,$0.07B,$0.07B,100.00%,$0.07B,$-0.02B,-23.53%,$0.07B,$-0.02B,-23.53%,$0.07B,$-0.01B,-10.29%,$0.07B,$-0.03B,-41.18%,$0.07B,$-0.04B,-54.41%,$-0.04B,$0.01B,-302.04%,$-0.04B,$-0.04B,2114.29%,$-0.04B,$0.11B,-98.01%,$-0.02B,$0.08B,-53.78%,$66,$0,$66,$2,$45,$74,$-8,$-12,$-20,$0,$-20,$-20,$-29,$1,$-8,$0,0,$-125.38,$-125.38,$22,$13,$0,$47,$8,$0,$49,$1,$58,$105,$21,$70,$3,$73,$94,$0,$-109,$0,$11,$105,$-27,$9,$6,$15,$1,$-6,$0,$1,$-3,$-16,$-5,$-2,$-0,$0,$0,$0,$0,$-7,$34,$0,$34,$0,$0,$0,$-1,$33,$10,$0,$0
12,2015-09-30,14.7,$30.16,0.49,$10.27,1.43,$-138.82,0.0,$-43.14,0.0,$0.01B,$0.00B,5.56,$0.00B,$0.01B,0.0,$0.00B,$0.00B,100.00%,$0.00B,$-0.02B,-500.00%,$0.00B,$-0.02B,-500.00%,$0.00B,$-0.02B,-500.00%,$0.00B,$-0.01B,-466.67%,$0.00B,$-0.01B,-466.67%,$-0.01B,$0.01B,-103.70%,$-0.01B,$0.01B,-124.44%,$-0.01B,$0.01B,-83.58%,$-0.02B,$0.01B,-111.11%,$0,$0,$0,$1,$1,$2,$-2,$0,$-2,$0,$-2,$-2,$-2,$-2,$-2,$0,0,$-5.83,$-5.83,$12,$0,$0,$12,$0,$0,$2,$0,$3,$14,$2,$0,$0,$0,$2,$0,$-74,$0,$12,$14,$-8,$0,$-0,$0,$1,$0,$0,$0,$-1,$-9,$-0,$-0,$0,$0,$0,$0,$0,$-0,$0,$0,$0,$3,$3,$0,$-0,$3,$-6,$1,$0
13,2015-06-30,21.25,$37.97,0.56,$15.41,1.38,$-174.03,0.0,$-52.39,0.0,$0.01B,$0.00B,4.79,$0.00B,$0.01B,0.0,$0.00B,$0.00B,100.00%,$0.00B,$-0.02B,-425.00%,$0.00B,$-0.02B,-425.00%,$0.00B,$-0.02B,-425.00%,$0.00B,$-0.02B,-375.00%,$0.00B,$-0.02B,-375.00%,$-0.02B,$0.01B,-93.75%,$-0.02B,$0.01B,-109.09%,$-0.02B,$0.02B,-75.00%,$-0.02B,$0.01B,-106.25%,$1,$0,$1,$3,$1,$4,$-3,$1,$-3,$0,$-3,$-3,$-3,$-3,$-3,$0,0,$-9.90,$-9.90,$12,$0,$0,$13,$0,$0,$2,$0,$3,$15,$3,$0,$0,$0,$3,$0,$-71,$0,$13,$15,$-5,$0,$-0,$-0,$-0,$0,$0,$-0,$-1,$-7,$-0,$-0,$0,$0,$0,$0,$0,$-0,$0,$0,$0,$2,$2,$0,$-0,$2,$-5,$0,$0
14,2015-03-31,190.19,$52.99,3.59,$19.10,9.96,$-180.98,0.0,$-70.11,0.0,$0.02B,$0.00B,4.63,$0.00B,$0.01B,0.0,$0.00B,$0.00B,100.00%,$0.00B,$-0.02B,-450.00%,$0.00B,$-0.02B,-450.00%,$0.00B,$-0.02B,-450.00%,$0.00B,$-0.02B,-400.00%,$0.00B,$-0.02B,-400.00%,$-0.02B,$0.01B,-100.00%,$-0.02B,$0.01B,-114.29%,$-0.02B,$0.02B,-77.11%,$-0.02B,$0.01B,-112.50%,$1,$0,$1,$3,$1,$4,$-3,$0,$-3,$0,$-3,$-3,$-3,$-3,$-3,$0,0,$-10.79,$-10.79,$13,$0,$0,$15,$0,$0,$2,$0,$3,$17,$3,$0,$1,$1,$4,$0,$-69,$0,$13,$17,$-3,$0,$0,$0,$-1,$0,$0,$-0,$-2,$-5,$-0,$-0,$0,$0,$0,$0,$0,$-0,$0,$0,$0,$0,$0,$0,$0,$0,$-5,$0,$0
15,2014-12-31,217.14,$63.38,3.43,$25.17,8.63,$-184.40,0.0,$-77.04,0.0,$0.02B,$0.00B,4.33,$0.00B,$0.02B,0.0,$0.01B,$0.01B,100.00%,$0.01B,$-0.02B,-360.00%,$0.01B,$-0.02B,-360.00%,$0.01B,$-0.02B,-360.00%,$0.01B,$-0.02B,-320.00%,$0.01B,$-0.02B,-320.00%,$-0.02B,$0.02B,-96.97%,$-0.02B,$0.01B,-110.34%,$-0.02B,$0.02B,-72.73%,$-0.02B,$0.02B,-109.09%,$1,$0,$1,$6,$1,$8,$-7,$0,$-6,$0,$-6,$-6,$-6,$-7,$-7,$0,0,$-26.19,$-26.19,$17,$0,$0,$18,$0,$0,$2,$0,$3,$21,$4,$0,$1,$1,$5,$0,$-66,$0,$16,$21,$-17,$0,$-0,$0,$1,$0,$0,$-0,$1,$-15,$-0,$-0,$0,$0,$0,$0,$0,$-1,$0,$0,$0,$21,$21,$0,$-0,$21,$5,$1,$0
16,2014-09-30,271.04,$87.97,3.08,$34.12,7.94,$-188.87,0.0,$-50.85,0.0,$0.02B,$0.00B,7.16,$0.00B,$0.02B,0.0,$0.01B,$0.01B,100.00%,$0.01B,$-0.01B,-216.67%,$0.01B,$-0.01B,-216.67%,$0.01B,$-0.01B,-216.67%,$0.01B,$-0.01B,-183.33%,$0.01B,$-0.01B,-183.33%,$-0.01B,$0.02B,-73.33%,$-0.01B,$0.02B,-84.62%,$-0.01B,$0.03B,-53.01%,$-0.01B,$0.02B,-86.67%,$1,$0,$1,$4,$1,$5,$-4,$0,$-3,$0,$-3,$-3,$-3,$-4,$-4,$0,0,$-15.41,$-15.41,$21,$0,$0,$24,$0,$0,$2,$0,$2,$27,$3,$0,$1,$1,$5,$0,$-60,$0,$22,$27,$-10,$0,$0,$0,$-1,$0,$0,$-2,$-2,$-12,$-0,$-0,$0,$0,$0,$0,$0,$-0,$0,$0,$0,$21,$21,$0,$-0,$21,$9,$1,$0
17,2014-06-30,305.69,$64.94,4.71,$43.46,7.03,$-184.39,0.0,$-35.44,0.0,$0.02B,$0.00B,4.56,$0.00B,$0.01B,0.0,$0.01B,$0.01B,100.00%,$0.01B,$-0.01B,-137.50%,$0.01B,$-0.01B,-137.50%,$0.01B,$-0.01B,-137.50%,$0.01B,$-0.01B,-137.50%,$0.01B,$-0.01B,-137.50%,$-0.01B,$0.01B,-91.67%,$-0.01B,$0.01B,-110.00%,$-0.01B,$0.02B,-59.46%,$-0.01B,$0.01B,-91.67%,$1,$0,$1,$5,$1,$6,$-4,$1,$-4,$0,$-4,$-4,$-4,$-4,$-4,$0,0,$-17.72,$-17.72,$14,$0,$0,$16,$0,$0,$2,$0,$2,$18,$4,$0,$2,$2,$5,$0,$-57,$0,$13,$18,$-7,$0,$0,$0,$-0,$0,$0,$-0,$-0,$-7,$-0,$-0,$0,$0,$0,$0,$0,$-0,$0,$0,$0,$10,$10,$0,$-0,$10,$2,$1,$0
18,2014-03-31,365.75,$77.37,4.73,$48.57,7.53,$-190.36,0.0,$-17.72,0.0,$0.02B,$0.00B,4.95,$0.00B,$0.02B,0.0,$0.01B,$0.01B,100.00%,$0.01B,$-0.01B,-100.00%,$0.01B,$-0.01B,-100.00%,$0.01B,$-0.01B,-100.00%,$0.01B,$-0.01B,-88.89%,$0.01B,$-0.01B,-88.89%,$-0.01B,$0.02B,-66.67%,$-0.01B,$0.01B,-80.00%,$-0.01B,$0.02B,-42.11%,$-0.01B,$0.02B,-75.00%,$2,$0,$2,$4,$1,$5,$-3,$-0,$-3,$0,$-3,$-3,$-3,$-3,$-3,$0,0,$-17.72,$-17.72,$16,$0,$0,$19,$0,$0,$2,$0,$2,$22,$4,$0,$2,$2,$6,$0,$-53,$0,$15,$22,$-3,$0,$1,$1,$-1,$0,$0,$-0,$-1,$-4,$-0,$-0,$0,$0,$0,$0,$0,$-0,$0,$0,$0,$8,$8,$0,$-0,$8,$4,$0,$0
19,2013-12-31,328.02,$57.36,5.72,$45.83,7.16,$-192.11,0.0,0,0.0,$0.01B,$0.00B,3.81,$0.00B,$0.01B,0.0,$0.01B,$0.01B,100.00%,$0.01B,$-0.01B,-87.50%,$0.01B,$-0.01B,-87.50%,$0.01B,$-0.01B,-87.50%,$0.01B,$-0.01B,-75.00%,$0.01B,$-0.01B,-75.00%,$-0.01B,$0.01B,-51.06%,$-0.01B,$0.01B,-61.54%,$-0.01B,$0.02B,-31.17%,$-0.01B,$0.01B,-59.57%,$2,$0,$2,$4,$1,$5,$-2,$1,$-1,$0,$-1,$-1,$-1,$-2,$-2,$0,0,$-8.47,$-8.47,$12,$0,$0,$13,$0,$0,$2,$0,$2,$16,$4,$0,$2,$2,$6,$0,$-49,$0,$10,$16,$-7,$0,$-0,$0,$-1,$0,$0,$-5,$-7,$-13,$-0,$-0,$0,$0,$0,$0,$0,$-0,$0,$0,$0,$1,$1,$0,$-0,$1,$-13,$1,$0
20,2013-09-30,429.66,$60.66,7.08,$41.11,10.45,$-177.24,0.0,0,0.0,$0.02B,$0.00B,3.56,$0.00B,$0.01B,0.0,$0.01B,$0.01B,100.00%,$0.01B,$-0.01B,-100.00%,$0.01B,$-0.01B,-100.00%,$0.01B,$-0.01B,-100.00%,$0.01B,$-0.01B,-100.00%,$0.01B,$-0.01B,-100.00%,$-0.01B,$0.01B,-53.85%,$-0.01B,$0.01B,-63.64%,$-0.01B,$0.02B,-31.82%,$-0.01B,$0.01B,-53.85%,$3,$0,$3,$3,$1,$4,$-2,$-1,$-3,$0,$-3,$-3,$-3,$-2,$-2,$0,0,$-14.64,$-14.64,$15,$0,$0,$16,$0,$0,$2,$0,$2,$18,$4,$0,$3,$3,$8,$0,$-48,$0,$10,$18,$-5,$0,$1,$1,$-0,$0,$0,$-4,$-5,$-9,$-0,$-0,$0,$0,$0,$0,$0,$-0,$0,$0,$0,$0,$0,$0,$-0,$-0,$-10,$1,$0
21,2013-06-30,338.8,$74.15,4.57,$36.41,9.31,$-168.52,0.0,0,0.0,$0.02B,$0.01B,3.54,$0.00B,$0.01B,0.0,$0.01B,$0.01B,100.00%,$0.01B,$-0.01B,-120.00%,$0.01B,$-0.01B,-120.00%,$0.01B,$-0.01B,-120.00%,$0.01B,$-0.01B,-100.00%,$0.01B,$-0.01B,-100.00%,$-0.01B,$0.01B,-41.67%,$-0.01B,$0.01B,-50.00%,$-0.01B,$0.02B,-22.47%,$-0.01B,$0.01B,-50.00%,$2,$0,$2,$3,$1,$4,$-2,$1,$-1,$0,$-1,$-1,$-1,$-2,$-2,$0,0,$-7.70,$-7.70,$18,$0,$0,$18,$0,$0,$2,$0,$2,$20,$5,$0,$2,$2,$8,$0,$-46,$0,$13,$20,$-3,$0,$-0,$-0,$-0,$0,$0,$-2,$-4,$-7,$-0,$-0,$0,$0,$0,$0,$0,$-0,$0,$0,$0,$0,$0,$0,$-0,$-0,$-7,$0,$0
22,2013-03-31,386.54,$81.40,4.75,$34.13,11.32,$-158.95,0.0,0,0.0,$0.02B,$0.01B,3.51,$0.00B,$0.01B,0.0,$0.00B,$0.00B,100.00%,$0.00B,$-0.01B,-125.00%,$0.00B,$-0.01B,-125.00%,$0.00B,$-0.01B,-125.00%,$0.00B,$-0.01B,-125.00%,$0.00B,$-0.01B,-125.00%,$-0.01B,$0.01B,-47.62%,$-0.01B,$0.01B,-58.82%,$-0.01B,$0.02B,-22.22%,$-0.01B,$0.01B,-47.62%,$1,$0,$1,$2,$1,$3,$-1,$0,$-1,$0,$-1,$-1,$-1,$-1,$-1,$0,0,$-6.93,$-6.93,$21,$0,$0,$21,$0,$0,$2,$0,$2,$23,$6,$0,$3,$3,$9,$0,$-44,$0,$14,$23,$-1,$0,$-0,$0,$0,$0,$0,$-1,$-3,$-4,$-0,$-0,$0,$0,$0,$0,$0,$-0,$0,$0,$0,$0,$0,$0,$0,$0,$-4,$0,$0
23,2012-12-31,388.85,$87.89,4.42,$49.55,7.85,$-173.74,0.0,$5.39,72.13,$0.03B,$0.01B,2.92,$0.00B,$0.02B,0.0,$0.01B,$0.01B,100.00%,$0.01B,$-0.01B,-83.33%,$0.01B,$-0.01B,-83.33%,$0.01B,$-0.01B,-83.33%,$0.01B,$-0.00B,-50.00%,$0.01B,$-0.00B,-50.00%,$-0.00B,$0.02B,-34.29%,$-0.00B,$0.01B,-42.86%,$-0.00B,$0.03B,-13.33%,$-0.01B,$0.02B,-57.14%,$1,$0,$1,$2,$1,$3,$-2,$0,$-2,$0,$-2,$-2,$-2,$-2,$-2,$0,0,$-13.10,$-13.10,$25,$0,$0,$25,$0,$0,$2,$0,$2,$27,$9,$0,$3,$4,$12,$0,$-43,$0,$15,$27,$-3,$0,$-2,$-2,$1,$0,$0,$-4,$-3,$-8,$-0,$-0,$0,$0,$0,$0,$0,$-0,$0,$0,$0,$19,$19,$0,$-0,$19,$10,$1,$0
24,2012-09-30,398.86,$42.35,9.42,$69.20,5.76,$-45.09,0.0,$5.39,73.98,$0.02B,$0.01B,1.76,$0.00B,$0.01B,0.0,$0.01B,$0.01B,100.00%,$0.01B,$-0.01B,-62.50%,$0.01B,$-0.01B,-62.50%,$0.01B,$-0.01B,-62.50%,$0.01B,$-0.01B,-62.50%,$0.01B,$-0.01B,-62.50%,$-0.01B,$0.01B,-95.24%,$-0.01B,$0.00B,-142.86%,$-0.01B,$0.02B,-24.69%,$-0.01B,$0.01B,-95.24%,$1,$0,$1,$2,$1,$3,$-1,$0,$-1,$0,$-1,$-1,$-1,$-1,$-1,$0,0,$-7.70,$-7.70,$16,$0,$0,$17,$0,$0,$2,$0,$2,$19,$9,$0,$3,$3,$13,$0,$-41,$0,$6,$19,$-1,$0,$-2,$-2,$1,$0,$0,$-3,$-3,$-6,$-0,$-0,$0,$0,$0,$0,$0,$-0,$0,$0,$0,$8,$8,$0,$0,$8,$2,$0,$0
25,2012-06-30,404.25,$49.08,8.24,$74.05,5.46,$77.45,5.22,$5.39,74.98,$0.02B,$0.01B,1.81,$0.00B,$0.01B,0.0,$0.01B,$0.01B,100.00%,$0.01B,$-0.01B,-55.56%,$0.01B,$-0.01B,-55.56%,$0.01B,$-0.01B,-55.56%,$0.01B,$-0.00B,-33.33%,$0.01B,$-0.00B,-33.33%,$-0.00B,$0.01B,-63.16%,$-0.00B,$0.01B,-92.31%,$-0.00B,$0.02B,-14.63%,$-0.01B,$0.01B,-105.26%,$1,$0,$1,$2,$1,$2,$-1,$0,$-1,$0,$-1,$-1,$-1,$-1,$-1,$0,0,$-4.62,$-4.62,$18,$0,$0,$19,$0,$0,$2,$0,$2,$21,$11,$0,$4,$4,$14,$0,$-40,$0,$7,$21,$-0,$0,$-2,$-2,$1,$0,$0,$-2,$-2,$-4,$-0,$-0,$0,$0,$0,$0,$0,$-0,$0,$0,$0,$8,$8,$0,$0,$8,$4,$0,$0
26,2012-03-31,415.03,$52.72,7.87,$77.41,5.36,$205.16,2.02,$5.39,76.98,$0.02B,$0.01B,2.05,$0.00B,$0.01B,0.0,$0.01B,$0.01B,100.00%,$0.01B,$-0.01B,-50.00%,$0.01B,$-0.01B,-50.00%,$0.01B,$-0.01B,-50.00%,$0.01B,$-0.00B,-10.00%,$0.01B,$-0.00B,-10.00%,$-0.00B,$0.01B,-33.33%,$-0.00B,$0.01B,-50.00%,$-0.00B,$0.02B,-6.56%,$-0.01B,$0.01B,-166.67%,$3,$0,$3,$3,$1,$4,$-1,$2,$1,$0,$1,$1,$1,$-1,$-1,$0,0,$5.39,$5.39,$18,$0,$0,$21,$0,$0,$2,$0,$2,$23,$10,$0,$4,$6,$16,$0,$-40,$0,$7,$23,$1,$0,$-2,$-2,$-2,$0,$0,$-1,$-4,$-5,$-0,$-0,$0,$0,$0,$0,$0,$-0,$0,$0,$0,$8,$8,$0,$0,$8,$3,$0,$0
27,2011-12-31,641.41,$5.60,114.58,$79.49,8.07,$345.85,1.85,0,0.0,$0.02B,$0.01B,1.6,$0.00B,$0.00B,0.0,$0.01B,$0.01B,100.00%,$0.01B,$-0.00B,-40.00%,$0.01B,$-0.00B,-40.00%,$0.01B,$-0.00B,-40.00%,$0.01B,$-0.00B,-40.00%,$0.01B,$-0.00B,-40.00%,$-0.00B,$0.00B,-320.00%,$-0.00B,$-0.00B,-800.00%,$-0.00B,$0.02B,-42.11%,$-0.00B,$0.00B,-320.00%,$3,$0,$3,$5,$1,$6,$-2,$-1,$-4,$0,$-4,$-4,$-4,$-2,$-2,$0,0,$-31.59,$-30.82,$14,$0,$0,$16,$0,$0,$2,$0,$2,$18,$10,$0,$4,$7,$17,$0,$-40,$0,$1,$18,$-3,$0,$0,$0,$14,$0,$0,$-4,$11,$8,$-0,$-0,$0,$0,$0,$0,$0,$-0,$0,$0,$0,$0,$0,$0,$0,$0,$8,$1,$0
28,2011-09-30,458.15,$39.41,11.62,$51.33,8.93,$277.96,1.65,0,0.0,$0.02B,$0.01B,1.42,$0.00B,$0.00B,0.0,$0.01B,$0.01B,100.00%,$0.01B,$-0.00B,-28.57%,$0.01B,$-0.00B,-28.57%,$0.01B,$-0.00B,-28.57%,$0.01B,0,0.00%,$0.01B,0,0.00%,$0.00B,$0.00B,0.00%,$0.00B,$0.00B,0.00%,$0.00B,$0.02B,0.00%,$-0.00B,$0.00B,-114.29%,$2,$0,$2,$2,$1,$2,$-1,$2,$1,$0,$1,$1,$1,$-1,$-1,$0,0,$10.02,$9.25,$16,$0,$0,$18,$0,$0,$2,$0,$2,$20,$13,$0,$2,$3,$16,$0,$-36,$0,$4,$20,$1,$0,$-2,$-2,$14,$0,$0,$-3,$10,$9,$-0,$-0,$0,$0,$0,$0,$0,$-0,$0,$0,$0,$0,$0,$0,$0,$0,$9,$1,$0
29,2011-06-30,528.22,$0.00,0.0,$44.09,11.98,$174.16,3.03,0,0.0,$0.00B,$0.00B,0.0,$0.00B,$0.00B,0.0,$0.01B,$0.01B,100.00%,$0.01B,$-0.00B,-33.33%,$0.01B,$-0.00B,-33.33%,$0.01B,$-0.00B,-33.33%,$0.01B,$-0.00B,-66.67%,$0.01B,$-0.00B,-66.67%,$-0.00B,$0.00B,-533.33%,$-0.00B,$0.00B,-800.00%,$-0.00B,$0.00B,-66.67%,$-0.00B,$0.00B,-266.67%,$2,$0,$2,$1,$1,$2,$-1,$2,$1,$0,$1,$1,$1,$-1,$-1,$0,0,$10.78,$10.78,$0,$0,$0,$0,$0,$0,$0,$0,$0,$0,$0,$0,$0,$0,$0,$0,$0,$0,$0,$0,$-0,$0,$0,$0,$15,$0,$0,$-1,$12,$12,$-0,$-0,$0,$0,$0,$0,$0,$-0,$0,$0,$0,$0,$0,$0,$0,$0,$12,$0,$0
30,2011-03-31,636.02,$0.00,0.0,$41.35,15.38,$76.42,8.32,$-10.78,0.0,$0.00B,$0.00B,0.0,$0.00B,$0.00B,0.0,$0.01B,$0.01B,100.00%,$0.01B,0,0.00%,$0.01B,0,0.00%,$0.01B,0,0.00%,$0.01B,$-0.00B,-80.00%,$0.01B,$-0.01B,-120.00%,$-0.01B,$0.00B,-800.00%,$-0.01B,$0.00B,-1200.00%,$-0.01B,$0.00B,-100.00%,$0.00B,$0.00B,0.00%,$3,$0,$3,$2,$1,$3,$0,$-2,$-2,$0,$-2,$-2,$-2,$0,$0,$0,0,$-16.17,$-16.17,$0,$0,$0,$0,$0,$0,$0,$0,$0,$0,$0,$0,$0,$0,$0,$0,$0,$0,$0,$0,$-2,$0,$2,$2,$13,$0,$0,$-1,$12,$12,$-0,$-0,$0,$0,$0,$0,$0,$-0,$0,$0,$0,$0,$0,$0,$0,$0,$12,$0,$0
31,2010-12-31,479.71,$0.00,0.0,$56.36,8.51,$-26.43,0.0,$-5.39,0.0,$0.02B,$0.01B,2.37,$0.00B,$0.00B,0.0,$0.01B,$0.01B,100.00%,$0.01B,$0.00B,66.67%,$0.01B,$0.00B,66.67%,$0.01B,$0.00B,66.67%,$0.01B,$0.00B,33.33%,$0.01B,$-0.00B,-50.00%,$-0.00B,$0.00B,-400.00%,$-0.00B,$0.00B,-600.00%,$-0.00B,$0.02B,-50.00%,$0.00B,$0.00B,533.33%,$0,$0,$0,$0,$0,$0,$0,$0,$0,$0,$0,$0,$0,$0,$0,$0,0,$0.00,$0.00,$7,$0,$0,$22,$0,$0,$1,$0,$1,$24,$9,$0,$4,$11,$21,$0,$-37,$0,$3,$24,$0,$0,$0,$0,$0,$0,$0,$0,$0,$0,$0,$0,$0,$0,$0,$0,$0,$0,$0,$0,$0,$0,$0,$0,$0,$0,$0,$0,$0
32,2010-09-30,485.1,$0.00,0.0,$67.13,7.23,$-26.43,0.0,$-5.39,0.0,$0.00B,$0.00B,0.0,$0.00B,$0.00B,0.0,$0.01B,$0.01B,100.00%,$0.01B,$0.01B,75.00%,$0.01B,$0.01B,75.00%,$0.01B,$0.01B,75.00%,$0.01B,$0.00B,50.00%,$0.01B,$-0.00B,-37.50%,$-0.00B,$0.00B,inf%,$-0.00B,$0.00B,inf%,$-0.00B,$0.00B,inf%,$0.01B,$0.00B,inf%,$1,$0,$1,$1,$1,$2,$-1,$-2,$-3,$0,$-3,$-3,$-3,$-1,$-1,$0,0,$-26.96,$-26.96,$0,$0,$0,$0,$0,$0,$0,$0,$0,$0,$0,$0,$0,$0,$0,$0,$0,$0,$0,$0,$-4,$0,$1,$1,$0,$0,$0,$-1,$-0,$-3,$-0,$-0,$0,$0,$0,$0,$0,$-0,$0,$0,$0,$0,$0,$0,$0,$0,$-3,$1,$0
33,2010-06-30,339.57,$0.00,0.0,$105.68,3.21,$-9.04,0.0,$64.69,5.25,$0.00B,$0.00B,0.0,$0.00B,$0.00B,0.0,$0.01B,$0.01B,100.00%,$0.01B,$0.01B,75.00%,$0.01B,$0.01B,75.00%,$0.01B,$0.01B,83.33%,$0.01B,$0.01B,116.67%,$0.01B,$0.01B,58.33%,$0.01B,$0.00B,1400.00%,$0.01B,$0.00B,2800.00%,$0.01B,$0.00B,350.00%,$0.01B,$0.00B,1800.00%,$1,$0,$1,$0,$0,$0,$1,$0,$1,$0,$1,$-1,$-1,$1,$1,$0,0,$-10.78,$-10.78,$0,$0,$0,$0,$0,$0,$0,$0,$0,$0,$0,$0,$0,$0,$0,$0,$0,$0,$0,$0,$0,$0,$0,$0,$0,$0,$0,$0,$0,$0,$0,$0,$0,$0,$0,$0,$0,$0,$0,$0,$0,$0,$0,$0,$0,$0,$0,$0,$0
34,2010-03-31,425.81,$0.00,0.0,$123.18,3.46,$-29.63,0.0,$37.74,11.28,$0.00B,$0.00B,0.0,$0.00B,$0.00B,0.0,$0.01B,$0.01B,100.00%,$0.01B,$0.01B,57.14%,$0.01B,$0.01B,57.14%,$0.01B,$0.01B,64.29%,$0.01B,$0.01B,64.29%,$0.01B,$0.00B,28.57%,$0.00B,$0.00B,-533.33%,$0.00B,$0.00B,-320.00%,$0.00B,$0.00B,106.67%,$0.01B,$0.00B,-1066.67%,$4,$0,$4,$0,$0,$0,$4,$0,$4,$0,$4,$1,$1,$4,$4,$0,0,$5.39,$5.39,$0,$0,$0,$0,$0,$0,$0,$0,$0,$0,$0,$0,$0,$0,$0,$0,$0,$0,$0,$0,$0,$0,$0,$0,$0,$0,$0,$0,$0,$0,$0,$0,$0,$0,$0,$0,$0,$0,$0,$0,$0,$0,$0,$0,$0,$0,$0,$0,$0
35,2009-12-31,431.2,$0.00,0.0,$110.09,3.92,$-38.59,0.0,$37.74,11.43,$0.00B,$0.00B,0.0,$0.00B,$0.00B,0.0,$0.01B,$0.01B,100.00%,$0.01B,$0.00B,30.77%,$0.01B,$0.00B,30.77%,$0.01B,$0.01B,38.46%,$0.01B,$0.01B,46.15%,$0.01B,$0.00B,30.77%,$0.00B,$0.00B,-320.00%,$0.00B,$0.00B,-200.00%,$0.00B,$0.00B,69.57%,$0.00B,$0.00B,-320.00%,$2,$0,$2,$0,$0,$0,$2,$0,$2,$0,$2,$-0,$-0,$2,$2,$0,0,$0.00,$0.00,$0,$0,$0,$0,$0,$0,$0,$0,$0,$0,$0,$0,$0,$0,$0,$0,$0,$0,$0,$0,$0,$0,$0,$0,$0,$0,$0,$0,$0,$0,$0,$0,$0,$0,$0,$0,$0,$0,$0,$0,$0,$0,$0,$0,$0,$0,$0,$0,$0
36,2009-09-30,452.76,$0.00,0.0,$117.03,3.87,$-94.71,0.0,$21.56,21.0,$0.01B,$0.00B,3.76,$0.00B,$0.00B,0.0,$0.01B,$0.01B,100.00%,$0.01B,0,0.00%,$0.01B,0,0.00%,$0.01B,$0.00B,7.69%,$0.01B,$0.00B,15.38%,$0.01B,$0.00B,15.38%,$0.00B,$0.00B,-800.00%,$0.00B,$0.00B,-160.00%,$0.00B,$0.01B,25.00%,$0.00B,$0.00B,0.00%,$5,$0,$5,$2,$1,$2,$2,$5,$7,$0,$7,$7,$7,$3,$2,$0,0,$75.48,$70.08,$6,$0,$0,$7,$0,$0,$1,$0,$1,$8,$2,$0,$4,$4,$6,$0,$-32,$0,$2,$8,$4,$0,$0,$0,$0,$0,$0,$0,$-6,$-1,$-0,$0,$0,$0,$0,$0,$-0,$-0,$0,$-0,$0,$0,$0,$0,$0,$0,$-1,$0,$0
37,2009-06-30,765.38,$0.00,0.0,$75.66,10.12,$-174.83,0.0,$-70.08,0.0,$0.01B,$0.00B,1.92,$0.00B,$-0.01B,-0.0,$0.01B,$0.01B,100.00%,$0.01B,$-0.00B,-50.00%,$0.01B,$-0.00B,-50.00%,$0.01B,$-0.00B,-50.00%,$0.01B,$-0.01B,-87.50%,$0.01B,$-0.01B,-87.50%,$-0.01B,$-0.01B,-1400.00%,$-0.01B,$-0.01B,2800.00%,$-0.01B,$0.01B,-90.32%,$-0.00B,$-0.01B,-800.00%,$3,$0,$3,$2,$1,$3,$-0,$-4,$-4,$0,$-4,$-4,$-4,$-0,$-0,$0,0,$-37.74,$-37.74,$5,$0,$0,$6,$0,$0,$1,$0,$1,$7,$3,$0,$9,$9,$12,$0,$-40,$0,$-5,$7,$-3,$0,$0,$0,$0,$0,$0,$0,$1,$-2,$-0,$0,$0,$0,$0,$0,$-0,$-0,$0,$0,$-0,$0,$0,$0,$0,$0,$-2,$0,$0
38,2009-03-31,506.66,$0.00,0.0,$53.75,9.43,$-222.49,0.0,$-59.30,0.0,$0.01B,$0.00B,1.62,$0.00B,$-0.00B,-0.01,$0.01B,$0.01B,100.00%,$0.01B,$-0.01B,-120.00%,$0.01B,$-0.01B,-120.00%,$0.01B,$-0.01B,-120.00%,$0.01B,$-0.01B,-100.00%,$0.01B,$-0.01B,-100.00%,$-0.01B,$-0.00B,-250.00%,$-0.01B,$-0.00B,-400.00%,$-0.01B,$0.01B,-74.07%,$-0.01B,$-0.00B,-300.00%,$3,$0,$3,$2,$1,$3,$-0,$1,$1,$0,$1,$1,$1,$-0,$-0,$0,0,$5.39,$5.39,$7,$0,$0,$7,$0,$0,$1,$0,$1,$8,$4,$0,$6,$6,$10,$0,$-36,$0,$-2,$8,$1,$0,$0,$0,$0,$0,$0,$0,$-2,$-1,$-0,$0,$0,$0,$0,$0,$-0,$-0,$0,$0,$-0,$0,$0,$0,$0,$0,$-1,$0,$0
39,2008-12-31,565.95,$0.00,0.0,$28.09,20.15,$-239.42,0.0,$-123.99,0.0,$0.01B,$0.01B,1.61,$0.00B,$0.00B,0.0,$0.00B,$0.00B,100.00%,$0.00B,$-0.01B,-550.00%,$0.00B,$-0.01B,-550.00%,$0.00B,$-0.01B,-550.00%,$0.00B,$-0.01B,-550.00%,$0.00B,$-0.01B,-550.00%,$-0.01B,$0.00B,-338.46%,$-0.01B,$0.00B,-440.00%,$-0.01B,$0.01B,-169.23%,$-0.01B,$0.00B,-338.46%,$2,$0,$2,$3,$1,$4,$-2,$0,$-2,$0,$-2,$-2,$-2,$-2,$-2,$0,0,$-16.17,$-16.17,$8,$0,$0,$9,$0,$0,$0,$0,$0,$9,$5,$0,$0,$0,$6,$0,$-40,$0,$4,$9,$-11,$0,$0,$0,$0,$0,$0,$0,$3,$-6,$-0,$0,$0,$0,$0,$0,$-0,$-0,$0,$0,$-0,$0,$7,$0,$0,$7,$0,$0,$0
40,2008-09-30,517.44,$0.00,0.0,$10.38,49.87,$-183.31,0.0,$-107.82,0.0,$0.01B,$0.00B,4.59,$0.00B,$0.01B,0.0,$0.00B,0,nan%,$0.00B,$-0.01B,inf%,$0.00B,$-0.01B,inf%,$0.00B,$-0.01B,inf%,$0.00B,$-0.01B,inf%,$0.00B,$-0.01B,inf%,$-0.01B,$0.01B,-346.67%,$-0.01B,$0.01B,-400.00%,$-0.01B,$0.01B,-200.00%,$-0.01B,$0.01B,-346.67%,$0,$0,$0,$2,$1,$3,$-2,$0,$-2,$0,$-2,$-2,$-2,$-2,$-2,$0,0,$-21.56,$-21.56,$6,$0,$0,$6,$0,$0,$0,$0,$0,$7,$1,$0,$1,$1,$2,$0,$-38,$0,$5,$7,$-10,$0,$0,$0,$0,$0,$0,$0,$-1,$-8,$-0,$0,$0,$0,$0,$0,$-0,$-0,$0,$0,$-0,$0,$7,$0,$0,$7,$-2,$0,$0
41,2008-06-30,662.97,$0.00,0.0,$5.66,117.23,$-94.15,0.0,$-86.26,0.0,$0.00B,$0.00B,1.37,$0.00B,$0.00B,0.02,$0.00B,0,nan%,$0.00B,$-0.02B,inf%,$0.00B,$-0.02B,inf%,$0.00B,$-0.02B,inf%,$0.00B,$-0.02B,inf%,$0.00B,$-0.02B,inf%,$-0.02B,$0.00B,-320.00%,$-0.02B,$0.00B,-376.47%,$-0.02B,$0.00B,-206.45%,$-0.02B,$0.00B,-320.00%,$0,$0,$0,$2,$1,$3,$-2,$0,$-2,$0,$-2,$-2,$-2,$-2,$-2,$0,0,$-26.96,$-26.96,$2,$0,$0,$2,$0,$0,$0,$0,$1,$3,$2,$0,$1,$1,$2,$0,$-36,$0,$1,$3,$-8,$0,$0,$0,$0,$0,$0,$0,$-0,$-6,$-0,$0,$0,$0,$0,$0,$-0,$-0,$0,$0,$-0,$0,$0,$0,$0,$0,$-6,$0,$0
42,2008-03-31,970.2,$0.00,0.0,$0.16,6254.06,$-25.90,0.0,$-59.30,0.0,$0.01B,$0.00B,1.86,$0.00B,$0.00B,0.01,$0.00B,0,nan%,$0.00B,$-0.02B,inf%,$0.00B,$-0.02B,inf%,$0.00B,$-0.02B,inf%,$0.00B,$-0.02B,inf%,$0.00B,$-0.02B,inf%,$-0.02B,$0.00B,-218.18%,$-0.02B,$0.00B,-240.00%,$-0.02B,$0.01B,-167.44%,$-0.02B,$0.00B,-218.18%,$0,$0,$0,$4,$2,$5,$-5,$0,$-5,$0,$-5,$-5,$-5,$-5,$-5,$0,0,$-59.30,$-59.30,$5,$0,$0,$6,$0,$0,$0,$0,$1,$7,$3,$0,$1,$1,$4,$0,$-33,$0,$3,$7,$-5,$0,$0,$0,$0,$0,$0,$0,$1,$-2,$0,$0,$0,$0,$0,$0,$-0,$-0,$0,$0,$-0,$0,$0,$0,$0,$0,$-2,$0,$0
