,Date,Stock Price,Book Value per Share,Price to Book Ratio,TTM Sales per Share,Price to Sales Ratio,TTM FCF per Share,Price to FCF Ratio,TTM Net EPS,PE Ratio,Current Assets,Current Liabilities,Current Ratio,Long Term Debt,Shareholder's Equity_x,Debt to Equity Ratio,TTM Revenue_x,TTM Gross Profit,Gross Margin,TTM Revenue_y,TTM Operating Income,Operating Margin,TTM Revenue_x,TTM EBIT,EBIT Margin,TTM Revenue_y,TTM EBITDA,EBITDA Margin,TTM Revenue_x,TTM Pre-Tax Income,Pre-Tax Margin,TTM Revenue_y,TTM Net Income_x,Net Margin,TTM Net Income_y,Shareholder's Equity_y,Return on Equity,TTM Net Income_x,Tangible Equity,Return on Tangible Equity,TTM Net Income_y,Total Assets,Return on Assets,TTM Net Income,LT Investments & Debt,Return on Investment,revenue,cost-goods-sold,gross-profit,research-development-expenses,selling-general-administrative-expenses,operating-expenses,operating-income,total-non-operating-income-expense,pre-tax-income,total-provision-income-taxes,income-after-taxes,income-from-continuous-operations,net-income,ebitda,ebit,basic-shares-outstanding,shares-outstanding,eps-basic-net-earnings-per-share,eps-earnings-per-share-diluted,cash-on-hand,inventory,other-current-assets,total-current-assets,net-property-plant-equipment,long-term-investments,goodwill-intangible-assets-total,other-long-term-assets,total-long-term-assets,total-assets,total-current-liabilities,long-term-debt,other-non-current-liabilities,total-long-term-liabilities,total-liabilities,common-stock-net,retained-earnings-accumulated-deficit,comprehensive-income,total-share-holder-equity,total-liabilities-share-holders-equity,net-income-loss,total-depreciation-amortization-cash-flow,other-non-cash-items,total-non-cash-items,change-in-accounts-receivable,change-in-inventories,change-in-accounts-payable,change-in-assets-liabilities,total-change-in-assets-liabilities,cash-flow-from-operating-activities,net-change-in-property-plant-equipment,net-change-in-intangible-assets,net-acquisitions-divestitures,net-change-in-short-term-investments,net-change-in-long-term-investments,net-change-in-investments-total,investing-activities-other,cash-flow-from-investing-activities,net-long-term-debt,net-current-debt,debt-issuance-retirement-net-total,net-common-equity-issued-repurchased,net-total-equity-issued-repurchased,total-common-preferred-stock-dividends-paid,financial-activities-other,cash-flow-from-financial-activities,net-cash-flow,stock-based-compensation,common-stock-dividends-paid
0,2018-09-30,34.55,$14.89,2.32,$10.01,3.45,$10.09,3.42,$1.79,19.3,$1.59B,$1.52B,1.05,$1.36B,$2.44B,0.56,$1.98B,$1.98B,100.00%,$1.98B,$0.75B,38.18%,$1.98B,$0.81B,41.06%,$1.98B,$0.83B,41.82%,$1.98B,$1.18B,59.54%,$1.98B,$0.34B,17.16%,$0.34B,$2.99B,11.67%,$0.34B,$2.89B,12.12%,$0.34B,$6.97B,4.92%,$0.75B,$4.36B,17.68%,$518,$0,$518,$0,$298,$313,$205,$177,$382,$19,$363,$363,$162,$224,$220,$200,200,$0.77,$0.77,$1248,$0,$0,$1592,$0,$3415,$108,$1509,$5380,$6972,$1521,$1361,$1096,$2457,$3978,$0,$-274,$-4,$2994,$6972,$397,$11,$-18,$-7,$0,$0,$0,$368,$381,$771,$-10,$0,$0,$-450,$290,$-160,$0,$-170,$-392,$0,$-392,$-82,$208,$-721,$367,$-538,$63,$124,$-698
1,2018-06-30,31.47,$14.00,2.25,$11.12,2.83,$9.74,3.23,$2.02,15.58,$1.43B,$1.37B,1.05,$1.36B,$2.27B,0.6,$2.17B,$2.17B,100.00%,$2.17B,$0.90B,41.63%,$2.17B,$0.96B,44.21%,$2.17B,$0.98B,45.00%,$2.17B,$1.25B,57.40%,$2.17B,$0.38B,17.34%,$0.38B,$2.82B,13.41%,$0.38B,$2.72B,13.94%,$0.38B,$6.64B,5.48%,$0.90B,$4.18B,21.68%,$523,$0,$523,$0,$286,$301,$222,$-59,$163,$19,$144,$144,$55,$241,$237,$201,201,$0.25,$0.25,$1097,$0,$0,$1430,$0,$3231,$106,$1508,$5209,$6639,$1366,$1358,$1093,$2451,$3817,$0,$-430,$-3,$2822,$6639,$34,$8,$180,$187,$0,$0,$0,$168,$173,$395,$-5,$0,$0,$-60,$288,$228,$0,$224,$-92,$0,$-92,$-52,$237,$-528,$73,$-311,$308,$73,$-515
2,2018-03-31,28.88,$14.42,2.0,$10.87,2.66,$9.98,2.89,$2.02,14.3,$1.55B,$1.41B,1.1,$1.36B,$2.35B,0.58,$2.10B,$2.10B,100.00%,$2.10B,$0.87B,41.32%,$2.10B,$0.92B,43.89%,$2.10B,$0.94B,44.70%,$2.10B,$1.27B,60.78%,$2.10B,$0.41B,19.47%,$0.41B,$2.91B,15.18%,$0.41B,$2.80B,15.82%,$0.41B,$6.95B,6.04%,$0.87B,$4.27B,21.39%,$167,$0,$167,$0,$201,$215,$-48,$-53,$-101,$9,$-109,$-109,$-63,$-30,$-34,$198,198,$-0.34,$-0.34,$1218,$0,$0,$1554,$0,$3199,$107,$1708,$5394,$6948,$1414,$1362,$1266,$2628,$4042,$0,$-482,$-1,$2907,$6948,$-109,$4,$232,$236,$0,$0,$0,$-98,$-85,$42,$-2,$0,$0,$-60,$159,$99,$0,$97,$-1,$0,$-1,$-41,$249,$-308,$141,$80,$219,$36,$-304
3,2017-12-31,32.0,$14.84,2.16,$13.69,2.34,$10.98,2.92,$3.11,10.29,$1.43B,$1.44B,0.99,$1.36B,$2.63B,0.52,$2.61B,$2.61B,100.00%,$2.61B,$1.25B,47.87%,$2.61B,$1.30B,49.90%,$2.61B,$1.32B,50.59%,$2.61B,$1.77B,67.75%,$2.61B,$0.62B,23.59%,$0.62B,$2.90B,24.18%,$0.62B,$2.79B,25.25%,$0.62B,$6.99B,9.36%,$1.25B,$4.26B,32.00%,$767,$0,$767,$0,$379,$392,$375,$358,$732,$271,$461,$461,$185,$391,$388,$191,193,$0.93,$0.91,$1120,$0,$0,$1426,$0,$3560,$108,$1560,$5566,$6991,$1440,$1362,$1291,$2653,$4093,$0,$-379,$-2,$2898,$6991,$1444,$18,$-14,$5,$0,$0,$0,$-651,$-640,$808,$-9,$0,$0,$-364,$-37,$-401,$-8,$-417,$110,$0,$110,$-18,$246,$-823,$13,$-454,$-62,$91,$-809
4,2017-09-30,28.41,$13.39,2.12,$13.43,2.12,$10.13,2.8,$3.06,9.28,$3.01B,$1.73B,1.74,$1.36B,$2.33B,0.59,$2.53B,$2.53B,100.00%,$2.53B,$1.16B,45.95%,$2.53B,$1.22B,48.04%,$2.53B,$1.24B,48.83%,$2.53B,$1.46B,57.73%,$2.53B,$0.60B,23.65%,$0.60B,$2.59B,26.11%,$0.60B,$2.48B,27.42%,$0.60B,$6.86B,9.58%,$1.16B,$3.95B,31.87%,$712,$0,$712,$0,$344,$357,$354,$97,$451,$17,$434,$434,$199,$374,$368,$193,193,$1.00,$1.00,$1144,$0,$0,$3009,$0,$1708,$108,$1443,$3851,$6860,$1733,$1361,$1174,$2535,$4268,$0,$-561,$-2,$2592,$6860,$982,$15,$-887,$-872,$0,$0,$0,$538,$560,$670,$-6,$0,$0,$-199,$-39,$-238,$-1,$-245,$92,$0,$92,$-18,$246,$-655,$21,$-296,$130,$70,$-646
5,2017-06-30,24.53,$12.21,2.01,$12.47,1.97,$9.77,2.51,$2.56,9.58,$2.64B,$1.47B,1.8,$1.36B,$2.09B,0.65,$2.32B,$2.32B,100.00%,$2.32B,$1.03B,44.33%,$2.32B,$1.08B,46.57%,$2.32B,$1.10B,47.39%,$2.32B,$1.27B,54.85%,$2.32B,$0.49B,21.28%,$0.49B,$2.35B,24.16%,$0.49B,$2.25B,25.54%,$0.49B,$6.22B,8.37%,$1.03B,$3.71B,30.26%,$450,$0,$450,$0,$251,$265,$185,$7,$192,$-1,$193,$193,$87,$202,$198,$191,191,$0.44,$0.44,$1086,$0,$0,$2638,$0,$1577,$109,$1300,$3584,$6222,$1468,$1358,$1042,$2400,$3869,$0,$-755,$-3,$2353,$6222,$548,$8,$-510,$-501,$0,$0,$0,$371,$373,$420,$-4,$0,$0,$0,$-14,$-14,$-1,$-18,$33,$0,$33,$-7,$257,$-434,$14,$-131,$271,$46,$-429
6,2017-03-31,22.14,$12.51,1.77,$13.71,1.62,$9.21,2.4,$3.03,7.31,$2.77B,$1.53B,1.81,$1.35B,$2.08B,0.65,$2.53B,$2.53B,100.00%,$2.53B,$1.16B,45.87%,$2.53B,$1.21B,47.81%,$2.53B,$1.23B,48.60%,$2.53B,$1.54B,60.65%,$2.53B,$0.58B,22.96%,$0.58B,$2.35B,31.65%,$0.58B,$2.24B,33.73%,$0.58B,$6.26B,10.31%,$1.16B,$3.70B,36.40%,$682,$0,$682,$0,$333,$346,$336,$58,$394,$39,$355,$355,$145,$354,$349,$187,187,$0.75,$0.75,$1097,$0,$0,$2768,$0,$1576,$110,$1247,$3494,$6262,$1531,$1354,$1029,$2382,$3914,$0,$-839,$-12,$2348,$6262,$355,$4,$-388,$-383,$0,$0,$0,$237,$252,$224,$-1,$0,$0,$0,$-12,$-12,$-0,$-13,$0,$0,$0,$-0,$265,$-205,$27,$86,$297,$23,$-205
7,2016-12-31,17.28,$10.07,1.72,$10.71,1.61,$8.68,1.99,$2.09,8.27,$2.33B,$1.47B,1.58,$1.35B,$1.87B,0.72,$1.97B,$1.97B,100.00%,$1.97B,$0.80B,40.81%,$1.97B,$0.85B,43.05%,$1.97B,$0.87B,44.01%,$1.97B,$1.06B,53.86%,$1.97B,$0.40B,20.46%,$0.40B,$1.87B,26.08%,$0.40B,$1.76B,28.17%,$0.40B,$5.63B,7.81%,$0.80B,$3.22B,28.49%,$685,$0,$685,$0,$385,$398,$287,$136,$423,$28,$394,$394,$167,$305,$300,$184,184,$0.89,$0.89,$818,$0,$0,$2330,$0,$1495,$112,$1121,$3299,$5630,$1473,$1352,$936,$2289,$3762,$0,$-986,$-9,$1868,$5630,$970,$19,$-19,$-0,$0,$0,$0,$-321,$-355,$615,$-6,$0,$0,$0,$-178,$-178,$1,$-183,$332,$0,$332,$-13,$-13,$-550,$-5,$-236,$196,$103,$-550
8,2016-09-30,15.74,$8.72,1.8,$8.11,1.94,$8.70,1.81,$1.24,12.69,$2.23B,$1.57B,1.42,$1.36B,$1.61B,0.84,$1.48B,$1.48B,100.00%,$1.48B,$0.52B,35.36%,$1.48B,$0.56B,38.00%,$1.48B,$0.59B,39.69%,$1.48B,$0.67B,45.17%,$1.48B,$0.24B,16.36%,$0.24B,$1.61B,16.98%,$0.24B,$1.50B,18.48%,$0.24B,$5.49B,4.95%,$0.52B,$2.97B,19.95%,$504,$0,$504,$0,$269,$282,$221,$43,$264,$30,$235,$235,$95,$239,$234,$184,184,$0.50,$0.50,$938,$0,$0,$2227,$0,$1391,$114,$1162,$3263,$5490,$1571,$1356,$953,$2309,$3879,$0,$-1148,$-5,$1611,$5490,$576,$14,$21,$35,$0,$0,$0,$-62,$-37,$573,$-5,$0,$0,$0,$-168,$-168,$1,$-172,$333,$0,$333,$-13,$-13,$-402,$-3,$-85,$316,$74,$-402
9,2016-06-30,13.02,$8.23,1.58,$6.47,2.01,$8.80,1.48,$0.94,13.85,$1.98B,$1.37B,1.44,$1.36B,$1.52B,0.9,$1.17B,$1.17B,100.00%,$1.17B,$0.32B,27.40%,$1.17B,$0.35B,30.31%,$1.17B,$0.39B,32.96%,$1.17B,$0.51B,43.41%,$1.17B,$0.19B,16.10%,$0.19B,$1.52B,13.40%,$0.19B,$1.40B,14.64%,$0.19B,$5.16B,3.98%,$0.32B,$2.87B,12.71%,$660,$0,$660,$0,$334,$343,$317,$137,$454,$38,$416,$416,$174,$332,$327,$184,184,$0.91,$0.91,$869,$0,$0,$1978,$0,$1325,$115,$1123,$3185,$5162,$1373,$1356,$919,$2274,$3648,$0,$-1237,$-7,$1515,$5162,$341,$9,$7,$17,$0,$0,$0,$-80,$-56,$302,$-4,$0,$0,$0,$-119,$-119,$0,$-122,$333,$0,$333,$-13,$-13,$-245,$-8,$66,$247,$48,$-245
10,2016-03-31,14.49,$6.47,2.24,$4.94,2.93,$8.97,1.61,$0.33,43.92,$1.31B,$1.18B,1.11,$1.05B,$1.19B,0.88,$0.86B,$0.86B,100.00%,$0.86B,$0.11B,12.79%,$0.86B,$0.14B,16.51%,$0.86B,$0.18B,20.81%,$0.86B,$0.21B,24.42%,$0.86B,$0.07B,8.14%,$0.07B,$1.19B,4.92%,$0.07B,$1.07B,5.38%,$0.07B,$4.36B,1.50%,$0.11B,$2.23B,4.48%,$121,$0,$121,$0,$134,$142,$-21,$-59,$-80,$-5,$-75,$-75,$-33,$-9,$-13,$183,183,$-0.19,$-0.19,$555,$0,$0,$1307,$0,$1134,$117,$1153,$3054,$4361,$1176,$1046,$952,$1998,$3174,$0,$-1403,$-5,$1187,$4361,$-75,$5,$74,$79,$0,$0,$0,$113,$120,$124,$-2,$0,$0,$0,$-57,$-57,$2,$-57,$18,$0,$18,$-13,$-13,$-136,$-5,$-135,$-68,$14,$-136
11,2015-12-31,12.61,$7.67,1.64,$6.10,2.07,$8.90,1.42,$0.61,20.67,$1.52B,$1.22B,1.25,$1.03B,$1.39B,0.74,$1.04B,$1.04B,100.00%,$1.04B,$0.21B,20.15%,$1.04B,$0.24B,23.13%,$1.04B,$0.29B,27.35%,$1.04B,$0.38B,36.18%,$1.04B,$0.13B,12.86%,$0.13B,$1.39B,5.20%,$0.13B,$1.27B,5.45%,$0.13B,$4.56B,1.41%,$0.21B,$2.41B,5.82%,$194,$0,$194,$0,$243,$188,$6,$24,$30,$6,$24,$24,$6,$25,$14,$173,173,$0.02,$0.02,$623,$0,$0,$1515,$0,$1155,$117,$1127,$3045,$4560,$1215,$1025,$931,$1956,$3171,$0,$-1348,$-8,$1389,$4560,$350,$44,$-51,$-6,$0,$0,$0,$189,$239,$583,$-6,$0,$0,$0,$-198,$-198,$1,$-203,$0,$0,$0,$-3,$-3,$-887,$-78,$-968,$-588,$98,$-887
12,2015-09-30,13.98,$8.49,1.65,$6.76,2.07,$3.14,4.45,$0.63,22.19,$1.80B,$1.35B,1.34,$1.03B,$1.52B,0.68,$1.12B,$1.12B,100.00%,$1.12B,$0.28B,25.11%,$1.12B,$0.31B,27.78%,$1.12B,$0.36B,31.70%,$1.12B,$0.48B,43.01%,$1.12B,$0.15B,13.36%,$0.15B,$1.52B,4.04%,$0.15B,$1.39B,4.17%,$0.15B,$4.82B,1.06%,$0.28B,$2.55B,5.94%,$193,$0,$193,$0,$146,$175,$18,$85,$103,$7,$97,$97,$41,$37,$26,$176,176,$0.20,$0.20,$845,$0,$0,$1799,$33,$1098,$125,$1110,$3019,$4818,$1345,$1031,$922,$1954,$3299,$0,$-1329,$-6,$1519,$4818,$326,$33,$-67,$-33,$0,$0,$0,$257,$273,$566,$-5,$0,$0,$0,$-123,$-123,$-23,$-150,$0,$0,$0,$-3,$-3,$-707,$-72,$-781,$-366,$74,$-707
13,2015-06-30,17.67,$9.29,1.9,$7.06,2.5,$-1.89,0.0,$0.38,46.49,$1.96B,$1.28B,1.54,$1.03B,$1.60B,0.65,$1.15B,$1.15B,100.00%,$1.15B,$0.31B,26.76%,$1.15B,$0.34B,29.28%,$1.15B,$0.38B,33.10%,$1.15B,$0.34B,29.71%,$1.15B,$0.11B,9.64%,$0.11B,$1.60B,2.28%,$0.11B,$1.47B,2.33%,$0.11B,$4.90B,0.59%,$0.31B,$2.63B,5.22%,$352,$0,$352,$0,$216,$245,$107,$50,$157,$9,$148,$148,$56,$126,$115,$170,170,$0.30,$0.30,$847,$0,$0,$1964,$35,$974,$134,$1185,$2938,$4902,$1280,$1031,$992,$2023,$3303,$0,$-1342,$-6,$1599,$4902,$230,$22,$4,$26,$0,$0,$0,$48,$55,$311,$-4,$0,$0,$0,$-70,$-70,$-24,$-99,$0,$0,$0,$-3,$-3,$-513,$-61,$-577,$-366,$42,$-513
14,2015-03-31,16.97,$34.53,0.49,$8.74,1.94,$2.43,6.99,$0.41,41.39,$2.11B,$1.35B,1.57,$1.03B,$5.80B,0.18,$1.37B,$1.37B,100.00%,$1.37B,$0.42B,30.56%,$1.37B,$0.44B,32.39%,$1.37B,$0.49B,35.59%,$1.37B,$0.47B,34.43%,$1.37B,$0.13B,9.26%,$0.13B,$5.80B,2.07%,$0.13B,$5.70B,2.11%,$0.13B,$23.65B,0.54%,$0.42B,$6.83B,5.85%,$303,$0,$303,$0,$196,$224,$79,$8,$87,$6,$81,$81,$31,$97,$86,$166,166,$0.09,$0.09,$936,$0,$0,$2110,$36,$2952,$101,$17858,$21538,$23648,$1347,$1030,$15472,$16502,$17849,$0,$-1370,$-3,$5799,$23648,$81,$11,$18,$29,$0,$0,$0,$-16,$-9,$102,$-3,$0,$0,$0,$-29,$-29,$-10,$-42,$0,$0,$0,$0,$0,$-336,$-0,$-336,$-276,$20,$-336
15,2014-12-31,17.87,$36.45,0.49,$10.24,1.75,$4.61,3.87,$0.64,27.92,$2.39B,$1.30B,1.84,$1.03B,$5.94B,0.17,$1.56B,$1.56B,100.00%,$1.56B,$0.52B,33.16%,$1.56B,$0.54B,34.51%,$1.56B,$0.58B,37.40%,$1.56B,$0.88B,56.25%,$1.56B,$0.17B,10.78%,$0.17B,$5.94B,2.63%,$0.17B,$5.83B,2.68%,$0.17B,$23.17B,0.73%,$0.52B,$6.97B,7.04%,$275,$0,$275,$0,$255,$198,$78,$58,$136,$50,$86,$86,$22,$96,$85,$155,155,$0.02,$0.02,$1212,$0,$0,$2392,$0,$2880,$109,$17185,$20781,$23173,$1303,$1028,$14898,$15926,$17229,$0,$-1401,$-0,$5943,$23173,$730,$45,$100,$146,$0,$0,$0,$-1282,$-1248,$-373,$-6,$0,$0,$0,$16,$16,$3,$13,$2138,$0,$2138,$-0,$-0,$-2026,$374,$486,$126,$126,$-2026
16,2014-09-30,17.5,$38.57,0.45,$14.06,1.24,$14.99,1.17,$1.53,11.44,$3.10B,$1.85B,1.68,$1.02B,$6.17B,0.17,$2.08B,$2.08B,100.00%,$2.08B,$0.84B,40.31%,$2.08B,$0.86B,41.32%,$2.08B,$0.91B,43.53%,$2.08B,$1.50B,71.91%,$2.08B,$0.31B,14.67%,$0.31B,$6.17B,4.64%,$0.31B,$6.05B,4.73%,$0.31B,$24.10B,1.33%,$0.84B,$7.19B,11.24%,$221,$0,$221,$0,$149,$177,$44,$-82,$-38,$29,$-68,$-68,$2,$62,$51,$158,158,$-0.05,$-0.05,$1421,$0,$0,$3099,$37,$2868,$118,$17317,$20999,$24098,$1850,$1016,$15063,$16078,$17929,$0,$-1423,$-0,$6169,$24098,$644,$34,$-44,$-10,$0,$0,$0,$-977,$-923,$-288,$-4,$0,$0,$0,$10,$10,$2,$7,$1935,$0,$1935,$-0,$-0,$-1580,$260,$614,$333,$89,$-1580
17,2014-06-30,19.96,$42.66,0.47,$20.40,0.98,$23.68,0.84,$2.71,7.36,$3.34B,$1.96B,1.71,$1.00B,$6.67B,0.15,$2.99B,$2.99B,100.00%,$2.99B,$1.33B,44.35%,$2.99B,$1.35B,45.05%,$2.99B,$1.40B,46.66%,$2.99B,$2.28B,76.12%,$2.99B,$0.50B,16.59%,$0.50B,$6.67B,7.48%,$0.50B,$6.54B,7.64%,$0.50B,$22.45B,2.20%,$1.33B,$7.67B,17.82%,$572,$0,$572,$0,$328,$354,$218,$70,$287,$35,$252,$252,$72,$233,$222,$153,153,$0.33,$0.33,$1103,$0,$0,$3339,$38,$2883,$126,$15396,$19108,$22447,$1958,$999,$12824,$13823,$15780,$0,$-1425,$-1,$6667,$22447,$712,$23,$-181,$-158,$0,$0,$0,$353,$383,$937,$-3,$0,$0,$0,$-44,$-44,$2,$-45,$-1,$0,$-1,$-0,$-0,$-1179,$304,$-876,$16,$88,$-1179
18,2014-03-31,22.13,$45.56,0.49,$20.28,1.09,$31.13,0.71,$2.70,8.2,$3.45B,$1.90B,1.82,$0.75B,$6.79B,0.11,$2.92B,$2.92B,100.00%,$2.92B,$1.28B,43.98%,$2.92B,$1.31B,44.84%,$2.92B,$1.36B,46.59%,$2.92B,$2.16B,73.93%,$2.92B,$0.48B,16.57%,$0.48B,$6.79B,7.40%,$0.48B,$6.65B,7.58%,$0.48B,$22.91B,2.19%,$1.28B,$7.54B,17.65%,$491,$0,$491,$0,$289,$314,$177,$315,$492,$33,$460,$460,$72,$192,$180,$148,148,$0.32,$0.32,$1139,$0,$0,$3451,$39,$2641,$135,$16015,$19461,$22912,$1902,$750,$13474,$14224,$16125,$0,$2495,$0,$6787,$22912,$460,$12,$-183,$-171,$0,$0,$0,$90,$124,$412,$-2,$0,$0,$0,$-23,$-23,$-0,$-25,$105,$0,$105,$-0,$-0,$-259,$-183,$-337,$51,$59,$-259
19,2013-12-31,21.25,$45.73,0.46,$26.58,0.8,$34.84,0.61,$3.97,5.35,$3.69B,$1.95B,1.9,$0.75B,$6.69B,0.11,$3.73B,$3.73B,100.00%,$3.73B,$1.79B,47.98%,$3.73B,$1.82B,48.78%,$3.73B,$1.88B,50.23%,$3.73B,$2.48B,66.49%,$3.73B,$0.66B,17.68%,$0.66B,$6.69B,10.36%,$0.66B,$6.55B,10.62%,$0.66B,$22.48B,3.05%,$1.79B,$7.44B,25.20%,$795,$0,$795,$0,$366,$396,$399,$355,$754,$24,$730,$730,$159,$418,$406,$139,142,$1.01,$0.99,$1089,$0,$0,$3693,$40,$2394,$144,$15546,$18785,$22478,$1947,$750,$13092,$13842,$15789,$0,$-1568,$0,$6689,$22478,$2374,$54,$-19,$35,$0,$0,$0,$-1309,$-1275,$1134,$-5,$0,$0,$0,$9,$9,$-1,$3,$541,$0,$541,$-27,$-27,$-1980,$461,$-1005,$132,$126,$-1980
20,2013-09-30,18.35,$44.44,0.41,$29.94,0.61,$29.38,0.62,$4.16,4.41,$3.72B,$2.04B,1.82,$0.73B,$6.39B,0.11,$4.10B,$4.10B,100.00%,$4.10B,$1.86B,45.50%,$4.10B,$1.90B,46.25%,$4.10B,$1.95B,47.67%,$4.10B,$2.33B,56.90%,$4.10B,$0.67B,16.43%,$0.67B,$6.39B,10.99%,$0.67B,$6.23B,11.30%,$0.67B,$22.15B,3.18%,$1.86B,$7.11B,27.18%,$1132,$0,$1132,$0,$570,$600,$532,$211,$743,$47,$696,$696,$193,$552,$539,$143,146,$1.13,$1.13,$1148,$0,$0,$3718,$50,$2190,$154,$15421,$18430,$22148,$2043,$728,$12991,$13720,$15763,$0,$-1722,$0,$6386,$22148,$1644,$42,$235,$278,$0,$0,$0,$-928,$-917,$1005,$-4,$0,$0,$0,$15,$15,$-1,$10,$236,$0,$236,$-62,$-62,$-1393,$396,$-823,$191,$110,$-1393
21,2013-06-30,14.9,$44.01,0.34,$27.61,0.54,$25.97,0.57,$3.66,4.07,$3.44B,$1.87B,1.84,$0.73B,$6.24B,0.12,$3.68B,$3.68B,100.00%,$3.68B,$1.52B,41.45%,$3.68B,$1.56B,42.32%,$3.68B,$1.62B,43.98%,$3.68B,$1.81B,49.17%,$3.68B,$0.56B,15.31%,$0.56B,$6.24B,9.75%,$0.56B,$6.07B,10.06%,$0.56B,$20.62B,2.74%,$1.52B,$6.97B,23.40%,$497,$0,$497,$0,$291,$323,$174,$-8,$166,$18,$148,$148,$59,$196,$182,$137,137,$0.32,$0.32,$1212,$0,$0,$3436,$51,$2134,$164,$14204,$17184,$20620,$1872,$728,$11783,$12511,$14383,$0,$-1876,$0,$6237,$20620,$948,$29,$241,$270,$0,$0,$0,$643,$648,$1866,$-3,$0,$0,$0,$-6,$-6,$0,$-9,$-1097,$0,$-1097,$-62,$-62,$-807,$366,$-1601,$256,$89,$-807
22,2013-03-31,13.08,$46.73,0.28,$25.66,0.51,$11.90,1.1,$2.96,4.42,$3.65B,$1.99B,1.83,$0.74B,$6.18B,0.12,$3.39B,$3.39B,100.00%,$3.39B,$1.25B,36.70%,$3.39B,$1.28B,37.71%,$3.39B,$1.34B,39.45%,$3.39B,$3.49B,102.80%,$3.39B,$0.46B,13.65%,$0.46B,$6.18B,8.50%,$0.46B,$6.00B,8.81%,$0.46B,$21.29B,2.29%,$1.25B,$6.91B,20.13%,$1309,$0,$1309,$0,$591,$623,$686,$132,$819,$19,$800,$800,$249,$709,$694,$131,136,$1.60,$1.59,$908,$0,$0,$3649,$52,$2156,$175,$14718,$17641,$21289,$1992,$738,$12384,$13122,$15114,$0,$-1916,$0,$6176,$21289,$800,$15,$76,$90,$0,$0,$0,$-2,$-5,$885,$-1,$0,$0,$0,$2,$2,$-0,$0,$-580,$0,$-580,$-62,$-62,$-462,$171,$-934,$-48,$45,$-462
23,2012-12-31,10.02,$43.85,0.23,$22.13,0.45,$3.12,3.21,$2.03,4.94,$3.01B,$1.68B,1.79,$0.74B,$5.70B,0.13,$2.86B,$2.86B,100.00%,$2.86B,$0.81B,28.43%,$2.86B,$0.85B,29.72%,$2.86B,$0.90B,31.54%,$2.86B,$3.11B,108.88%,$2.86B,$0.31B,10.91%,$0.31B,$5.70B,6.71%,$0.31B,$5.52B,6.98%,$0.31B,$20.64B,1.82%,$0.81B,$6.44B,15.09%,$1159,$0,$1159,$0,$654,$688,$472,$131,$603,$18,$584,$584,$172,$496,$480,$128,130,$1.23,$1.23,$956,$0,$0,$3007,$53,$2138,$187,$14709,$17629,$20637,$1682,$738,$12514,$13252,$14933,$0,$-2142,$0,$5703,$20637,$3048,$54,$-1258,$-1204,$0,$0,$0,$-1513,$-1512,$332,$-11,$0,$-99,$0,$-40,$-40,$-0,$-151,$897,$0,$897,$-102,$-102,$-828,$56,$22,$203,$605,$-828
24,2012-09-30,8.25,$38.44,0.21,$18.73,0.44,$6.86,1.2,$0.96,8.59,$2.66B,$1.90B,1.4,$0.74B,$4.99B,0.15,$2.35B,$2.35B,100.00%,$2.35B,$0.37B,15.68%,$2.35B,$0.41B,17.34%,$2.35B,$0.45B,19.17%,$2.35B,$2.82B,120.32%,$2.35B,$0.15B,6.43%,$0.15B,$4.99B,3.89%,$0.15B,$4.79B,4.06%,$0.15B,$19.57B,1.08%,$0.37B,$5.73B,7.96%,$712,$0,$712,$0,$487,$520,$192,$27,$220,$22,$198,$198,$83,$216,$200,$129,132,$0.55,$0.55,$762,$0,$0,$2662,$54,$2025,$200,$14077,$16907,$19569,$1897,$738,$11942,$12680,$14577,$0,$-2313,$0,$4992,$19569,$2463,$37,$-1447,$-1410,$0,$0,$0,$-601,$-593,$460,$-8,$0,$-99,$0,$-27,$-27,$-1,$-135,$495,$0,$495,$-100,$-100,$-585,$-127,$-317,$8,$454,$-585
25,2012-06-30,6.85,$38.91,0.18,$1.23,5.59,$8.61,0.8,$-3.53,0.0,$2.18B,$1.70B,1.28,$0.74B,$4.92B,0.15,$0.16B,$0.16B,100.00%,$0.16B,$-1.15B,-738.71%,$0.16B,$-1.11B,-712.90%,$0.16B,$-1.07B,-690.97%,$0.16B,$0.84B,541.94%,$0.16B,$-0.40B,-257.42%,$-0.40B,$4.92B,-12.56%,$-0.40B,$4.71B,-13.15%,$-0.40B,$19.23B,-3.83%,$-1.15B,$5.66B,-29.25%,$212,$0,$212,$0,$285,$317,$-105,$1950,$1845,$11,$1834,$1834,$-41,$-83,$-95,$126,126,$-0.38,$-0.38,$633,$0,$0,$2183,$51,$2035,$213,$14180,$17049,$19232,$1704,$738,$11869,$12608,$14312,$0,$-2387,$0,$4920,$19232,$2266,$21,$-1681,$-1660,$0,$0,$0,$-676,$-665,$-59,$-4,$0,$-99,$0,$-54,$-54,$-0,$-158,$683,$0,$683,$-100,$-100,$-343,$-143,$97,$-120,$305,$-343
26,2012-03-31,7.71,$23.63,0.33,$2.11,3.66,$13.68,0.56,$-3.61,0.0,$2.22B,$1.44B,1.54,$0.74B,$2.99B,0.25,$0.25B,$0.25B,100.00%,$0.25B,$-1.21B,-480.56%,$0.25B,$-1.17B,-464.68%,$0.25B,$-1.14B,-453.17%,$0.25B,$-1.11B,-438.89%,$0.25B,$-0.41B,-162.30%,$-0.41B,$2.99B,-14.24%,$-0.41B,$2.86B,-14.83%,$-0.41B,$9.10B,-5.49%,$-1.21B,$3.72B,-33.53%,$777,$0,$777,$0,$495,$523,$254,$192,$446,$15,$431,$431,$98,$273,$265,$125,128,$0.66,$0.66,$653,$0,$0,$2222,$51,$2007,$125,$4118,$6878,$9101,$1443,$738,$3934,$4672,$6116,$0,$-2348,$-0,$2985,$9101,$431,$9,$24,$33,$0,$0,$0,$-757,$-754,$-290,$-1,$0,$0,$0,$2,$2,$1,$2,$423,$0,$423,$-50,$-50,$-189,$5,$189,$-99,$156,$-189
27,2011-12-31,6.49,$21.37,0.3,$3.08,2.1,$25.14,0.26,$-3.88,0.0,$1.80B,$1.24B,1.45,$0.74B,$2.65B,0.28,$0.17B,$0.17B,100.00%,$0.17B,$-1.41B,-824.56%,$0.17B,$-1.37B,-801.17%,$0.17B,$-1.34B,-785.38%,$0.17B,$-1.29B,-755.56%,$0.17B,$-0.47B,-274.27%,$-0.47B,$2.65B,-15.96%,$-0.47B,$2.52B,-16.59%,$-0.47B,$7.98B,-6.89%,$-1.41B,$3.39B,-38.31%,$646,$0,$646,$0,$592,$619,$27,$286,$313,$19,$293,$293,$11,$44,$37,$116,116,$-0.19,$-0.19,$753,$0,$0,$1798,$53,$1857,$131,$3560,$6178,$7976,$1244,$739,$3345,$4084,$5328,$0,$-2426,$-0,$2648,$7976,$-1304,$27,$1093,$1120,$0,$0,$0,$925,$928,$744,$-21,$0,$-30,$0,$-78,$-78,$-2,$-130,$37,$0,$37,$382,$382,$-319,$-351,$-252,$362,$1173,$-319
