,Date,Stock Price,Book Value per Share,Price to Book Ratio,TTM Sales per Share,Price to Sales Ratio,TTM FCF per Share,Price to FCF Ratio,TTM Net EPS,PE Ratio,Current Assets,Current Liabilities,Current Ratio,Long Term Debt,Shareholder's Equity_x,Debt to Equity Ratio,TTM Revenue_x,TTM Gross Profit,Gross Margin,TTM Revenue_y,TTM Operating Income,Operating Margin,TTM Revenue_x,TTM EBIT,EBIT Margin,TTM Revenue_y,TTM EBITDA,EBITDA Margin,TTM Revenue_x,TTM Pre-Tax Income,Pre-Tax Margin,TTM Revenue_y,TTM Net Income_x,Net Margin,TTM Net Income_y,Shareholder's Equity_y,Return on Equity,TTM Net Income_x,Tangible Equity,Return on Tangible Equity,TTM Net Income_y,Total Assets,Return on Assets,TTM Net Income,LT Investments & Debt,Return on Investment,revenue,cost-goods-sold,gross-profit,research-development-expenses,selling-general-administrative-expenses,operating-expenses,operating-income,total-non-operating-income-expense,pre-tax-income,total-provision-income-taxes,income-after-taxes,income-from-continuous-operations,net-income,ebitda,ebit,basic-shares-outstanding,shares-outstanding,eps-basic-net-earnings-per-share,eps-earnings-per-share-diluted,cash-on-hand,inventory,other-current-assets,total-current-assets,net-property-plant-equipment,long-term-investments,goodwill-intangible-assets-total,other-long-term-assets,total-long-term-assets,total-assets,total-current-liabilities,long-term-debt,other-non-current-liabilities,total-long-term-liabilities,total-liabilities,common-stock-net,retained-earnings-accumulated-deficit,comprehensive-income,total-share-holder-equity,total-liabilities-share-holders-equity,net-income-loss,total-depreciation-amortization-cash-flow,other-non-cash-items,total-non-cash-items,change-in-accounts-receivable,change-in-inventories,change-in-accounts-payable,change-in-assets-liabilities,total-change-in-assets-liabilities,cash-flow-from-operating-activities,net-change-in-property-plant-equipment,net-change-in-intangible-assets,net-acquisitions-divestitures,net-change-in-short-term-investments,net-change-in-long-term-investments,net-change-in-investments-total,investing-activities-other,cash-flow-from-investing-activities,net-long-term-debt,net-current-debt,debt-issuance-retirement-net-total,net-common-equity-issued-repurchased,net-total-equity-issued-repurchased,total-common-preferred-stock-dividends-paid,financial-activities-other,cash-flow-from-financial-activities,net-cash-flow,stock-based-compensation,common-stock-dividends-paid
0,2018-08-31,49.22,$19.07,2.58,$49.24,1.0,$4.98,9.88,$2.86,17.21,$0.36B,$0.21B,1.73,$0.23B,$0.54B,0.42,$1.41B,$0.34B,24.34%,$1.41B,$0.11B,8.09%,$1.41B,$0.11B,8.09%,$1.41B,$0.17B,11.99%,$1.41B,$0.11B,7.52%,$1.41B,$0.08B,5.82%,$0.08B,$0.54B,15.66%,$0.08B,$0.19B,45.24%,$0.08B,$1.07B,7.86%,$0.11B,$0.76B,15.30%,$362,$278,$84,$0,$56,$333,$29,$-2,$27,$6,$21,$21,$21,$41,$29,$28,28,$0.73,$0.72,$18,$82,$60,$361,$308,$0,$345,$60,$712,$1074,$209,$225,$101,$326,$535,$9,$403,$-29,$539,$1074,$36,$26,$14,$40,$11,$3,$0,$-28,$-28,$48,$-23,$0,$0,$0,$-4,$-4,$-2,$-30,$9,$0,$9,$0,$0,$-9,$-1,$-1,$17,$3,$-9
1,2018-05-31,43.51,$18.59,2.34,$48.37,0.9,$4.61,9.44,$2.74,15.88,$0.34B,$0.21B,1.68,$0.22B,$0.53B,0.41,$1.39B,$0.35B,24.80%,$1.39B,$0.11B,8.12%,$1.39B,$0.11B,8.12%,$1.39B,$0.17B,12.15%,$1.39B,$0.11B,7.55%,$1.39B,$0.08B,5.61%,$0.08B,$0.53B,15.18%,$0.08B,$0.18B,44.70%,$0.08B,$1.04B,7.54%,$0.11B,$0.74B,15.19%,$337,$256,$81,$0,$59,$315,$22,$-2,$20,$5,$15,$15,$15,$36,$22,$28,28,$0.55,$0.54,$24,$77,$55,$344,$304,$13,$349,$25,$691,$1035,$205,$215,$91,$306,$511,$9,$387,$-26,$525,$1035,$15,$14,$5,$19,$26,$7,$0,$-23,$-9,$25,$-9,$0,$0,$0,$-6,$-6,$-1,$-16,$-2,$0,$-2,$0,$0,$-4,$-1,$-7,$2,$2,$-4
2,2018-02-28,42.84,$18.16,2.36,$45.97,0.93,$3.83,11.19,$2.76,15.52,$0.34B,$0.21B,1.62,$0.22B,$0.51B,0.42,$1.33B,$0.33B,25.19%,$1.33B,$0.12B,8.67%,$1.33B,$0.12B,8.67%,$1.33B,$0.17B,12.75%,$1.33B,$0.11B,8.22%,$1.33B,$0.08B,5.96%,$0.08B,$0.51B,15.70%,$0.08B,$0.16B,39.35%,$0.08B,$1.02B,8.13%,$0.12B,$0.73B,16.49%,$353,$268,$86,$0,$58,$326,$28,$-2,$26,$4,$22,$22,$22,$43,$28,$29,29,$0.81,$0.78,$19,$81,$24,$336,$304,$0,$348,$34,$686,$1022,$208,$216,$87,$303,$511,$9,$373,$-24,$511,$1022,$79,$55,$9,$64,$18,$12,$0,$-20,$-16,$127,$-53,$-183,$0,$0,$0,$0,$10,$-226,$150,$0,$150,$-34,$-34,$-16,$-2,$98,$-0,$6,$-16
3,2017-11-30,49.51,$18.11,2.73,$44.57,1.11,$3.19,15.54,$2.78,17.81,$0.38B,$0.21B,1.79,$0.23B,$0.52B,0.45,$1.29B,$0.33B,25.64%,$1.29B,$0.12B,9.09%,$1.29B,$0.12B,9.09%,$1.29B,$0.17B,12.98%,$1.29B,$0.11B,8.78%,$1.29B,$0.08B,6.22%,$0.08B,$0.52B,16.22%,$0.08B,$0.19B,35.44%,$0.08B,$1.04B,8.77%,$0.12B,$0.75B,18.01%,$357,$265,$92,$0,$57,$322,$35,$-1,$33,$10,$24,$24,$24,$49,$35,$29,29,$0.82,$0.82,$13,$98,$17,$375,$303,$10,$327,$23,$669,$1044,$210,$231,$77,$316,$525,$10,$375,$-20,$519,$1044,$57,$40,$-0,$40,$-16,$-1,$0,$7,$-31,$66,$-39,$0,$-185,$0,$-1,$-1,$9,$-216,$164,$0,$164,$-12,$-12,$-12,$2,$142,$-7,$5,$-12
4,2017-08-31,43.12,$17.50,2.46,$41.69,1.03,$3.27,13.19,$2.74,15.74,$0.37B,$0.20B,1.86,$0.26B,$0.50B,0.51,$1.20B,$0.31B,25.83%,$1.20B,$0.12B,9.55%,$1.20B,$0.12B,9.55%,$1.20B,$0.16B,13.29%,$1.20B,$0.11B,9.39%,$1.20B,$0.08B,6.56%,$0.08B,$0.50B,16.58%,$0.08B,$0.17B,29.56%,$0.08B,$1.04B,9.52%,$0.12B,$0.76B,19.82%,$344,$258,$86,$0,$58,$316,$28,$-1,$26,$9,$17,$17,$17,$41,$28,$29,29,$0.60,$0.60,$30,$104,$12,$369,$300,$10,$335,$23,$671,$1039,$198,$258,$76,$340,$538,$10,$356,$-17,$501,$1039,$34,$25,$1,$26,$9,$-7,$0,$6,$-19,$41,$-27,$0,$-185,$0,$-1,$-1,$1,$-212,$190,$0,$190,$-11,$-11,$-8,$0,$172,$2,$3,$-8
5,2017-05-31,52.44,$16.74,3.13,$39.41,1.33,$3.26,16.09,$2.91,18.02,$0.30B,$0.17B,1.78,$0.07B,$0.48B,0.15,$1.14B,$0.30B,26.19%,$1.14B,$0.12B,10.54%,$1.14B,$0.12B,10.54%,$1.14B,$0.16B,14.06%,$1.14B,$0.12B,10.54%,$1.14B,$0.08B,7.38%,$0.08B,$0.48B,18.15%,$0.08B,$0.28B,26.82%,$0.08B,$0.78B,11.26%,$0.12B,$0.55B,23.66%,$272,$202,$70,$0,$46,$248,$24,$-0,$24,$8,$16,$16,$16,$36,$24,$29,29,$0.56,$0.56,$26,$81,$10,$297,$251,$8,$201,$22,$482,$780,$167,$71,$51,$131,$298,$10,$352,$-32,$482,$780,$16,$11,$3,$14,$5,$-8,$0,$5,$-24,$6,$-11,$0,$0,$0,$2,$2,$2,$-8,$6,$0,$6,$0,$0,$-4,$-2,$0,$-2,$1,$-4
6,2017-02-28,56.13,$16.41,3.42,$38.55,1.46,$2.82,19.91,$2.96,18.96,$0.30B,$0.19B,1.6,$0.07B,$0.47B,0.14,$1.11B,$0.29B,26.21%,$1.11B,$0.12B,10.95%,$1.11B,$0.12B,10.95%,$1.11B,$0.16B,14.18%,$1.11B,$0.12B,11.04%,$1.11B,$0.09B,7.72%,$0.09B,$0.47B,19.19%,$0.09B,$0.26B,26.44%,$0.09B,$0.79B,11.98%,$0.12B,$0.54B,25.39%,$314,$232,$82,$0,$53,$284,$30,$-0,$30,$6,$23,$23,$23,$41,$30,$29,29,$0.80,$0.81,$28,$73,$9,$297,$247,$9,$208,$19,$487,$785,$186,$65,$55,$128,$314,$10,$342,$-31,$471,$785,$86,$36,$7,$43,$3,$-6,$0,$-10,$-5,$124,$-68,$-138,$0,$0,$33,$33,$-10,$-184,$45,$0,$45,$-11,$-11,$-15,$-0,$19,$-41,$6,$-15
7,2016-11-30,46.71,$15.79,2.96,$36.60,1.28,$3.84,12.16,$2.85,16.39,$0.37B,$0.19B,1.94,$0.02B,$0.45B,0.05,$1.06B,$0.28B,26.27%,$1.06B,$0.12B,11.39%,$1.06B,$0.12B,11.39%,$1.06B,$0.15B,14.50%,$1.06B,$0.12B,11.49%,$1.06B,$0.08B,7.82%,$0.08B,$0.45B,19.21%,$0.08B,$0.36B,24.59%,$0.08B,$0.72B,12.10%,$0.12B,$0.47B,26.70%,$274,$201,$73,$0,$40,$241,$33,$-0,$33,$11,$23,$23,$23,$42,$33,$29,29,$0.78,$0.78,$97,$73,$7,$365,$230,$11,$94,$17,$352,$717,$188,$20,$56,$77,$265,$10,$323,$-29,$452,$717,$63,$24,$5,$29,$-15,$-10,$0,$5,$-19,$73,$-43,$0,$0,$0,$1,$1,$-17,$-59,$0,$0,$0,$-12,$-12,$-11,$-0,$-23,$-9,$4,$-11
8,2016-08-31,47.25,$15.44,3.06,$35.21,1.34,$4.82,9.8,$2.70,17.5,$0.36B,$0.18B,2.02,$0.02B,$0.45B,0.05,$1.03B,$0.27B,26.12%,$1.03B,$0.12B,11.31%,$1.03B,$0.12B,11.31%,$1.03B,$0.15B,14.42%,$1.03B,$0.12B,11.40%,$1.03B,$0.08B,7.70%,$0.08B,$0.45B,18.79%,$0.08B,$0.35B,24.23%,$0.08B,$0.70B,11.84%,$0.12B,$0.47B,26.26%,$278,$206,$73,$0,$39,$245,$33,$0,$33,$11,$22,$22,$22,$41,$33,$29,29,$0.78,$0.77,$95,$69,$7,$359,$218,$13,$95,$17,$343,$702,$178,$20,$56,$78,$255,$10,$313,$-27,$446,$702,$40,$16,$5,$21,$-14,$-5,$0,$10,$-18,$44,$-30,$0,$0,$0,$-1,$-1,$-19,$-49,$0,$0,$0,$0,$0,$-7,$-1,$-8,$-13,$3,$-7
9,2016-05-31,44.03,$14.71,2.99,$33.75,1.3,$5.79,7.6,$2.43,18.12,$0.33B,$0.17B,1.95,$0.02B,$0.42B,0.05,$0.99B,$0.25B,25.48%,$0.99B,$0.11B,10.62%,$0.99B,$0.11B,10.62%,$0.99B,$0.14B,13.85%,$0.99B,$0.11B,10.72%,$0.99B,$0.07B,7.28%,$0.07B,$0.42B,17.58%,$0.07B,$0.33B,22.88%,$0.07B,$0.67B,11.13%,$0.11B,$0.45B,24.38%,$248,$183,$64,$0,$38,$222,$26,$0,$27,$9,$18,$18,$18,$34,$26,$29,29,$0.62,$0.61,$67,$70,$8,$332,$214,$13,$95,$14,$336,$668,$170,$22,$44,$74,$244,$10,$296,$-28,$424,$668,$18,$8,$1,$9,$-13,$-6,$0,$11,$-27,$-0,$-18,$0,$0,$0,$-1,$-1,$-2,$-20,$2,$0,$2,$-1,$-1,$-4,$0,$-3,$-24,$1,$-4
10,2016-02-29,38.76,$14.16,2.74,$33.32,1.16,$6.83,5.67,$2.23,17.38,$0.34B,$0.18B,1.9,$0.02B,$0.41B,0.05,$0.98B,$0.24B,24.87%,$0.98B,$0.10B,9.89%,$0.98B,$0.10B,9.89%,$0.98B,$0.13B,13.15%,$0.98B,$0.10B,9.89%,$0.98B,$0.07B,6.73%,$0.07B,$0.41B,16.45%,$0.07B,$0.31B,21.59%,$0.07B,$0.66B,10.45%,$0.10B,$0.43B,22.96%,$262,$193,$69,$0,$40,$233,$29,$-0,$29,$9,$20,$20,$20,$37,$29,$29,29,$0.68,$0.68,$91,$63,$8,$337,$202,$13,$94,$12,$321,$657,$177,$20,$44,$74,$251,$10,$282,$-31,$406,$657,$65,$31,$-0,$31,$-3,$-3,$0,$9,$33,$129,$-42,$0,$0,$0,$-32,$-32,$-4,$-78,$-0,$0,$-0,$-25,$-25,$-13,$-3,$-41,$8,$5,$-13
11,2015-11-30,48.59,$13.95,3.48,$32.79,1.48,$5.39,9.01,$2.01,24.18,$0.33B,$0.16B,2.07,$0.02B,$0.41B,0.05,$0.97B,$0.24B,24.43%,$0.97B,$0.09B,9.11%,$0.97B,$0.09B,9.11%,$0.97B,$0.12B,12.42%,$0.97B,$0.09B,9.11%,$0.97B,$0.06B,6.21%,$0.06B,$0.41B,15.18%,$0.06B,$0.31B,20.10%,$0.06B,$0.64B,9.67%,$0.09B,$0.43B,21.13%,$238,$176,$62,$0,$35,$210,$28,$0,$28,$9,$19,$19,$19,$36,$28,$29,29,$0.64,$0.63,$91,$64,$9,$329,$194,$11,$95,$12,$312,$641,$159,$21,$45,$75,$234,$10,$281,$-32,$406,$641,$45,$23,$-6,$18,$7,$-3,$0,$6,$23,$86,$-27,$0,$0,$0,$-61,$-61,$-4,$-91,$0,$0,$0,$-11,$-11,$-10,$5,$-15,$-21,$4,$-10
12,2015-08-31,50.35,$13.74,3.67,$33.03,1.52,$4.00,12.57,$1.85,27.22,$0.31B,$0.14B,2.2,$0.02B,$0.40B,0.05,$0.97B,$0.23B,23.77%,$0.97B,$0.08B,8.33%,$0.97B,$0.08B,8.33%,$0.97B,$0.11B,11.52%,$0.97B,$0.08B,8.23%,$0.97B,$0.06B,5.66%,$0.06B,$0.40B,14.20%,$0.06B,$0.31B,19.06%,$0.06B,$0.62B,9.04%,$0.08B,$0.42B,19.80%,$241,$184,$57,$0,$34,$218,$22,$0,$22,$8,$15,$15,$15,$30,$22,$29,29,$0.51,$0.50,$92,$60,$8,$311,$197,$8,$96,$10,$310,$621,$142,$21,$45,$78,$220,$10,$273,$-28,$402,$621,$27,$16,$-4,$11,$20,$1,$0,$2,$24,$62,$-19,$0,$0,$0,$-54,$-54,$0,$-73,$0,$1,$1,$-3,$-3,$-6,$5,$-4,$-16,$2,$-6
13,2015-05-31,51.77,$13.37,3.87,$32.78,1.58,$2.67,19.39,$1.92,26.96,$0.30B,$0.14B,2.19,$0.02B,$0.39B,0.06,$0.96B,$0.22B,23.16%,$0.96B,$0.07B,7.68%,$0.96B,$0.07B,7.68%,$0.96B,$0.10B,10.80%,$0.96B,$0.07B,7.68%,$0.96B,$0.06B,5.92%,$0.06B,$0.39B,15.07%,$0.06B,$0.29B,20.56%,$0.06B,$0.61B,9.54%,$0.07B,$0.41B,18.49%,$240,$184,$56,$0,$37,$222,$18,$0,$18,$6,$12,$12,$12,$26,$18,$29,29,$0.42,$0.41,$63,$62,$8,$298,$192,$10,$98,$10,$310,$608,$136,$22,$45,$81,$217,$10,$262,$-25,$391,$608,$12,$8,$-2,$5,$11,$-1,$0,$6,$3,$21,$-9,$0,$0,$0,$-34,$-34,$-1,$-44,$1,$0,$1,$-2,$-2,$-3,$4,$-0,$-24,$1,$-3
14,2015-02-28,44.09,$13.17,3.35,$31.81,1.39,$2.01,21.94,$1.72,25.63,$0.30B,$0.15B,2.01,$0.02B,$0.38B,0.05,$0.93B,$0.21B,22.27%,$0.93B,$0.06B,6.85%,$0.93B,$0.06B,6.85%,$0.93B,$0.09B,9.96%,$0.93B,$0.07B,6.96%,$0.93B,$0.05B,5.46%,$0.05B,$0.38B,13.79%,$0.05B,$0.28B,19.12%,$0.05B,$0.61B,8.71%,$0.06B,$0.40B,16.36%,$247,$186,$61,$0,$41,$227,$20,$0,$20,$6,$14,$14,$14,$28,$20,$29,29,$0.49,$0.47,$53,$61,$7,$299,$194,$11,$99,$10,$313,$612,$149,$21,$45,$81,$230,$10,$257,$-22,$382,$612,$51,$29,$8,$38,$-19,$-9,$0,$-1,$-17,$72,$-27,$0,$0,$0,$1,$1,$2,$-24,$-0,$0,$-0,$-11,$-11,$-12,$0,$-23,$24,$5,$-12
15,2014-11-30,43.39,$12.91,3.36,$30.72,1.41,$0.87,49.93,$1.52,28.54,$0.28B,$0.14B,1.93,$0.02B,$0.37B,0.06,$0.90B,$0.19B,21.53%,$0.90B,$0.06B,6.22%,$0.90B,$0.06B,6.22%,$0.90B,$0.08B,9.32%,$0.90B,$0.06B,6.33%,$0.90B,$0.05B,4.99%,$0.05B,$0.37B,12.39%,$0.05B,$0.27B,17.39%,$0.05B,$0.59B,7.83%,$0.06B,$0.40B,14.55%,$244,$188,$57,$0,$36,$224,$21,$-0,$20,$7,$14,$14,$14,$28,$21,$29,29,$0.47,$0.47,$34,$55,$8,$276,$192,$11,$103,$10,$316,$592,$143,$23,$41,$75,$218,$10,$243,$-15,$374,$592,$37,$22,$-1,$21,$-21,$-7,$0,$1,$-20,$37,$-19,$0,$0,$0,$3,$3,$-1,$-16,$2,$0,$2,$-11,$-11,$-9,$3,$-15,$6,$4,$-9
16,2014-08-31,34.94,$12.65,2.76,$29.18,1.2,$1.13,30.85,$1.38,25.32,$0.26B,$0.14B,1.9,$0.02B,$0.37B,0.06,$0.86B,$0.18B,21.03%,$0.86B,$0.05B,5.61%,$0.86B,$0.05B,5.61%,$0.86B,$0.08B,8.76%,$0.86B,$0.05B,5.84%,$0.86B,$0.04B,4.79%,$0.04B,$0.37B,11.50%,$0.04B,$0.26B,16.30%,$0.04B,$0.58B,7.28%,$0.05B,$0.39B,12.72%,$232,$183,$49,$0,$34,$216,$15,$0,$16,$-1,$17,$17,$17,$22,$15,$29,29,$0.59,$0.57,$25,$51,$8,$261,$195,$7,$105,$10,$318,$579,$137,$21,$40,$75,$213,$10,$233,$-10,$366,$579,$23,$14,$1,$15,$-10,$-3,$0,$7,$-21,$17,$-13,$0,$0,$0,$6,$6,$-0,$-7,$0,$1,$1,$-11,$-11,$-6,$2,$-14,$-4,$3,$-6
17,2014-05-31,28.72,$12.25,2.34,$27.37,1.05,$1.17,24.51,$1.02,28.16,$0.23B,$0.13B,1.81,$0.02B,$0.36B,0.06,$0.80B,$0.17B,21.20%,$0.80B,$0.04B,5.24%,$0.80B,$0.04B,5.24%,$0.80B,$0.07B,8.60%,$0.80B,$0.04B,5.36%,$0.80B,$0.03B,3.74%,$0.03B,$0.36B,8.58%,$0.03B,$0.25B,11.87%,$0.03B,$0.56B,5.50%,$0.04B,$0.38B,11.34%,$211,$169,$41,$0,$34,$203,$8,$1,$9,$3,$6,$6,$6,$15,$8,$29,29,$0.21,$0.21,$18,$50,$8,$234,$197,$12,$106,$10,$325,$558,$129,$21,$40,$73,$202,$10,$224,$-11,$357,$558,$6,$7,$-1,$5,$1,$-2,$0,$0,$-10,$1,$-9,$0,$0,$0,$1,$1,$0,$-7,$-0,$0,$-0,$-4,$-4,$-3,$2,$-6,$-11,$1,$-3
18,2014-02-28,32.55,$12.30,2.65,$26.30,1.24,$1.30,25.0,$0.95,34.26,$0.25B,$0.14B,1.81,$0.02B,$0.36B,0.06,$0.77B,$0.17B,21.43%,$0.77B,$0.04B,5.19%,$0.77B,$0.04B,5.19%,$0.77B,$0.07B,8.70%,$0.77B,$0.04B,5.19%,$0.77B,$0.03B,3.64%,$0.03B,$0.36B,8.13%,$0.03B,$0.25B,10.97%,$0.03B,$0.57B,5.28%,$0.04B,$0.38B,10.94%,$214,$167,$47,$0,$35,$202,$12,$-0,$12,$4,$8,$8,$8,$19,$12,$28,29,$0.28,$0.27,$29,$53,$7,$247,$194,$14,$105,$10,$323,$570,$137,$21,$43,$77,$214,$10,$229,$-13,$356,$570,$28,$27,$3,$29,$-19,$-6,$0,$-1,$-4,$53,$-42,$0,$-53,$0,$50,$50,$1,$-44,$-10,$0,$-10,$1,$1,$-11,$3,$-18,$-9,$5,$-11
19,2013-11-30,33.95,$12.06,2.82,$25.28,1.34,$1.17,29.08,$0.83,40.91,$0.22B,$0.13B,1.75,$0.02B,$0.35B,0.06,$0.74B,$0.15B,20.92%,$0.74B,$0.03B,4.62%,$0.74B,$0.03B,4.62%,$0.74B,$0.06B,8.29%,$0.74B,$0.03B,4.48%,$0.74B,$0.02B,3.26%,$0.02B,$0.35B,7.08%,$0.02B,$0.24B,9.34%,$0.02B,$0.55B,4.64%,$0.03B,$0.37B,9.45%,$199,$156,$43,$0,$31,$187,$13,$0,$13,$3,$10,$10,$10,$19,$13,$28,29,$0.34,$0.33,$23,$47,$6,$220,$176,$35,$104,$10,$325,$545,$126,$21,$46,$73,$198,$10,$221,$-9,$347,$545,$20,$20,$6,$25,$-8,$-4,$0,$-6,$-3,$43,$-17,$0,$-53,$0,$26,$26,$0,$-43,$-10,$0,$-10,$-1,$-1,$-8,$2,$-17,$-18,$3,$-8
20,2013-08-31,26.37,$11.78,2.24,$25.10,1.05,$0.34,78.67,$0.78,33.81,$0.25B,$0.11B,2.37,$0.02B,$0.34B,0.06,$0.73B,$0.15B,21.05%,$0.73B,$0.03B,4.40%,$0.73B,$0.03B,4.40%,$0.73B,$0.06B,8.25%,$0.73B,$0.03B,4.40%,$0.73B,$0.02B,3.03%,$0.02B,$0.34B,6.58%,$0.02B,$0.27B,8.47%,$0.02B,$0.51B,4.29%,$0.03B,$0.36B,8.94%,$178,$140,$39,$0,$29,$169,$9,$-0,$9,$3,$6,$6,$6,$16,$9,$28,29,$0.21,$0.21,$74,$42,$5,$249,$164,$15,$73,$7,$259,$508,$105,$21,$34,$64,$170,$10,$214,$-9,$339,$508,$10,$13,$-0,$13,$-2,$-4,$0,$-3,$-11,$12,$-8,$0,$-2,$0,$34,$34,$-3,$21,$-10,$0,$-10,$-1,$-1,$-5,$2,$-15,$18,$2,$-5
21,2013-05-31,25.13,$11.68,2.15,$25.18,1.0,$-0.00,0.0,$0.75,33.51,$0.24B,$0.10B,2.43,$0.02B,$0.34B,0.06,$0.73B,$0.15B,20.69%,$0.73B,$0.03B,4.28%,$0.73B,$0.03B,4.28%,$0.73B,$0.06B,8.00%,$0.73B,$0.03B,4.28%,$0.73B,$0.02B,2.90%,$0.02B,$0.34B,6.35%,$0.02B,$0.26B,8.24%,$0.02B,$0.50B,4.10%,$0.03B,$0.36B,8.70%,$179,$143,$36,$0,$30,$173,$6,$-0,$6,$2,$4,$4,$4,$13,$6,$28,29,$0.15,$0.14,$70,$40,$5,$235,$164,$16,$74,$8,$263,$497,$97,$21,$34,$65,$162,$10,$210,$-7,$336,$497,$4,$7,$0,$7,$4,$-4,$0,$-2,$-13,$-2,$-1,$0,$0,$0,$16,$16,$0,$14,$-10,$0,$-10,$-1,$-1,$-3,$1,$-13,$-1,$1,$-3
22,2013-02-28,24.22,$11.69,2.07,$24.53,0.99,$-0.49,0.0,$0.67,36.14,$0.25B,$0.12B,2.06,$0.02B,$0.33B,0.06,$0.70B,$0.15B,20.71%,$0.70B,$0.03B,3.86%,$0.70B,$0.03B,3.86%,$0.70B,$0.05B,7.71%,$0.70B,$0.03B,3.86%,$0.70B,$0.02B,2.71%,$0.02B,$0.33B,5.81%,$0.02B,$0.26B,7.58%,$0.02B,$0.52B,3.71%,$0.03B,$0.35B,7.60%,$180,$143,$36,$0,$30,$174,$6,$-1,$5,$1,$4,$4,$4,$13,$6,$28,29,$0.15,$0.15,$86,$36,$5,$252,$169,$17,$75,$7,$268,$520,$122,$21,$34,$65,$187,$10,$211,$-7,$333,$520,$19,$27,$7,$33,$-13,$-2,$0,$-3,$-12,$41,$-34,$-0,$0,$0,$-24,$-24,$0,$-57,$10,$0,$10,$1,$1,$-10,$-0,$0,$-16,$4,$-10
23,2012-11-30,21.44,$11.61,1.85,$24.27,0.88,$0.17,128.55,$0.63,34.03,$0.25B,$0.12B,2.14,$0.03B,$0.33B,0.09,$0.69B,$0.14B,20.61%,$0.69B,$0.02B,3.48%,$0.69B,$0.02B,3.48%,$0.69B,$0.05B,7.26%,$0.69B,$0.03B,3.63%,$0.69B,$0.02B,2.61%,$0.02B,$0.33B,5.56%,$0.02B,$0.25B,7.29%,$0.02B,$0.52B,3.56%,$0.02B,$0.36B,6.81%,$190,$148,$42,$0,$31,$179,$11,$0,$12,$3,$8,$8,$8,$18,$11,$28,29,$0.29,$0.28,$75,$43,$4,$253,$162,$25,$76,$8,$270,$524,$118,$31,$34,$75,$194,$9,$209,$-6,$330,$524,$15,$20,$3,$23,$-20,$-9,$0,$3,$-15,$23,$-21,$0,$-0,$0,$-20,$-20,$0,$-41,$10,$0,$10,$-0,$-0,$-8,$-0,$2,$-17,$4,$-8
24,2012-08-31,14.72,$11.40,1.29,$23.95,0.61,$0.09,171.7,$0.55,26.75,$0.23B,$0.11B,2.16,$0.03B,$0.32B,0.1,$0.67B,$0.14B,20.03%,$0.67B,$0.02B,2.97%,$0.67B,$0.02B,2.97%,$0.67B,$0.05B,6.82%,$0.67B,$0.02B,2.97%,$0.67B,$0.02B,2.37%,$0.02B,$0.32B,4.98%,$0.02B,$0.25B,6.56%,$0.02B,$0.51B,3.21%,$0.02B,$0.35B,5.76%,$176,$140,$36,$0,$29,$168,$8,$0,$8,$3,$5,$5,$5,$14,$8,$28,28,$0.18,$0.18,$68,$39,$3,$234,$163,$27,$76,$8,$274,$507,$108,$31,$34,$76,$184,$9,$204,$-6,$323,$507,$7,$13,$3,$16,$-10,$-6,$0,$6,$-12,$10,$-16,$0,$0,$0,$-23,$-23,$0,$-39,$10,$0,$10,$-1,$-1,$-5,$-0,$4,$-24,$2,$-5
25,2012-05-31,13.69,$11.35,1.21,$23.72,0.58,$-0.02,0.0,$0.31,44.16,$0.22B,$0.10B,2.2,$0.03B,$0.32B,0.1,$0.66B,$0.13B,18.83%,$0.66B,$0.01B,1.36%,$0.66B,$0.01B,1.36%,$0.66B,$0.04B,5.42%,$0.66B,$0.01B,1.36%,$0.66B,$0.01B,1.36%,$0.01B,$0.32B,2.80%,$0.01B,$0.24B,3.73%,$0.01B,$0.50B,1.81%,$0.01B,$0.35B,2.61%,$154,$123,$31,$0,$29,$152,$2,$-0,$2,$1,$2,$2,$2,$9,$2,$28,28,$0.06,$0.06,$58,$39,$4,$218,$163,$28,$77,$9,$277,$496,$99,$31,$33,$75,$175,$9,$202,$-4,$321,$496,$2,$7,$2,$8,$-4,$-5,$0,$5,$-17,$-8,$-9,$0,$0,$0,$-20,$-20,$0,$-30,$10,$0,$10,$-1,$-1,$-3,$-0,$6,$-31,$1,$-3
26,2012-02-29,12.22,$11.45,1.07,$23.76,0.51,$0.17,74.03,$0.17,71.9,$0.23B,$0.11B,2.17,$0.02B,$0.32B,0.07,$0.66B,$0.12B,17.80%,$0.66B,$0.00B,0.60%,$0.66B,$0.00B,0.60%,$0.66B,$0.03B,4.68%,$0.66B,$0.00B,0.60%,$0.66B,$0.01B,0.75%,$0.01B,$0.32B,1.56%,$0.01B,$0.24B,2.09%,$0.01B,$0.49B,1.00%,$0.00B,$0.34B,1.17%,$169,$136,$33,$0,$30,$166,$3,$0,$3,$-0,$3,$3,$3,$9,$3,$28,28,$0.11,$0.11,$79,$34,$3,$229,$160,$17,$78,$9,$264,$493,$106,$21,$34,$66,$172,$9,$204,$-5,$321,$493,$5,$27,$3,$30,$-8,$-2,$0,$-1,$-10,$25,$1,$-0,$0,$0,$-7,$-7,$25,$18,$-1,$0,$-1,$-3,$-3,$-9,$-0,$-13,$30,$4,$-9
27,2011-11-30,9.71,$11.42,0.85,$23.10,0.42,$-1.35,0.0,$-0.10,0.0,$0.22B,$0.10B,2.13,$0.02B,$0.32B,0.07,$0.64B,$0.11B,16.82%,$0.64B,$-0.01B,-0.78%,$0.64B,$-0.01B,-0.78%,$0.64B,$0.02B,3.74%,$0.64B,$-0.01B,-0.78%,$0.64B,$-0.00B,-0.31%,$-0.00B,$0.32B,-0.62%,$-0.00B,$0.24B,-0.83%,$-0.00B,$0.50B,-0.40%,$-0.01B,$0.34B,-1.45%,$175,$140,$35,$0,$28,$168,$7,$-0,$7,$1,$6,$6,$6,$14,$7,$28,28,$0.20,$0.20,$46,$37,$2,$221,$162,$23,$79,$10,$273,$495,$104,$21,$33,$70,$174,$9,$203,$-3,$320,$495,$2,$21,$5,$25,$-21,$-5,$0,$-3,$-32,$-5,$4,$-0,$0,$0,$-8,$-8,$25,$21,$-1,$0,$-1,$-3,$-3,$-7,$-0,$-11,$2,$3,$-7
28,2011-08-31,8.53,$11.37,0.75,$22.14,0.39,$-2.50,0.0,$-0.38,0.0,$0.22B,$0.10B,2.1,$0.02B,$0.32B,0.07,$0.61B,$0.10B,15.64%,$0.61B,$-0.01B,-2.28%,$0.61B,$-0.01B,-2.28%,$0.61B,$0.02B,2.44%,$0.61B,$-0.01B,-2.12%,$0.61B,$-0.01B,-1.63%,$-0.01B,$0.32B,-3.06%,$-0.01B,$0.24B,-4.12%,$-0.01B,$0.50B,-1.98%,$-0.01B,$0.34B,-4.03%,$166,$140,$26,$0,$29,$168,$-3,$0,$-3,$-1,$-2,$-2,$-2,$4,$-3,$28,28,$-0.06,$-0.06,$45,$40,$3,$217,$167,$22,$85,$12,$286,$503,$103,$21,$34,$78,$181,$9,$201,$0,$322,$503,$-4,$14,$3,$17,$-10,$-7,$0,$-5,$-28,$-15,$7,$-0,$0,$0,$-5,$-5,$23,$25,$-1,$0,$-1,$-1,$-1,$-5,$-0,$-7,$0,$2,$-5
29,2011-05-31,11.95,$11.53,1.04,$21.43,0.56,$-3.36,0.0,$-0.32,0.0,$0.21B,$0.10B,2.06,$0.02B,$0.32B,0.07,$0.59B,$0.09B,14.84%,$0.59B,$-0.02B,-3.04%,$0.59B,$-0.02B,-3.04%,$0.59B,$0.01B,1.69%,$0.59B,$-0.02B,-2.87%,$0.59B,$-0.01B,-1.35%,$-0.01B,$0.32B,-2.42%,$-0.01B,$0.24B,-3.20%,$-0.01B,$0.50B,-1.58%,$-0.02B,$0.35B,-5.12%,$153,$130,$24,$0,$27,$157,$-3,$-0,$-3,$-1,$-2,$-2,$-2,$4,$-3,$28,28,$-0.08,$-0.08,$43,$38,$3,$207,$171,$26,$86,$12,$294,$501,$101,$21,$34,$77,$178,$9,$205,$-0,$323,$501,$-2,$7,$1,$8,$-6,$-6,$0,$-4,$-26,$-21,$9,$0,$0,$0,$-11,$-11,$13,$10,$-0,$0,$-0,$-1,$-1,$0,$-0,$-1,$-14,$0,$0
30,2011-02-28,12.26,$11.66,1.05,$21.10,0.58,$-4.11,0.0,$-0.37,0.0,$0.21B,$0.11B,1.88,$0.02B,$0.33B,0.07,$0.58B,$0.08B,14.24%,$0.58B,$-0.02B,-3.60%,$0.58B,$-0.02B,-3.60%,$0.58B,$0.01B,1.20%,$0.58B,$-0.02B,-3.43%,$0.58B,$-0.01B,-1.54%,$-0.01B,$0.33B,-2.70%,$-0.01B,$0.25B,-3.50%,$-0.01B,$0.51B,-1.77%,$-0.02B,$0.35B,-5.92%,$148,$125,$23,$0,$29,$154,$-6,$-0,$-6,$-3,$-3,$-3,$-4,$2,$-6,$28,28,$-0.16,$-0.16,$61,$33,$3,$214,$179,$26,$82,$10,$297,$511,$114,$21,$29,$69,$183,$9,$210,$-1,$328,$511,$-10,$28,$1,$29,$8,$-0,$0,$-15,$-27,$-8,$-9,$-0,$-21,$0,$14,$14,$1,$-14,$12,$0,$12,$-1,$-1,$-9,$-1,$0,$-23,$5,$-9
31,2010-11-30,10.06,$11.85,0.85,$21.11,0.48,$-0.33,0.0,$-0.19,0.0,$0.21B,$0.11B,1.88,$0.02B,$0.33B,0.07,$0.58B,$0.09B,15.07%,$0.58B,$-0.02B,-2.57%,$0.58B,$-0.02B,-2.57%,$0.58B,$0.01B,2.05%,$0.58B,$-0.01B,-2.40%,$0.58B,$-0.01B,-0.86%,$-0.01B,$0.33B,-1.48%,$-0.01B,$0.25B,-1.90%,$-0.01B,$0.51B,-0.97%,$-0.02B,$0.35B,-4.22%,$147,$124,$23,$0,$25,$149,$-2,$0,$-1,$1,$-2,$-2,$-2,$5,$-2,$28,28,$-0.08,$-0.08,$46,$33,$3,$211,$185,$29,$83,$0,$297,$508,$112,$22,$22,$62,$175,$9,$217,$-1,$333,$508,$-6,$21,$-5,$15,$-7,$-1,$0,$-5,$-34,$-25,$-7,$-0,$-21,$0,$17,$17,$0,$-11,$12,$0,$12,$-1,$-1,$-7,$-0,$4,$-33,$4,$-7
32,2010-08-31,7.98,$11.99,0.67,$22.26,0.36,$3.24,2.47,$0.28,28.5,$0.23B,$0.11B,2.04,$0.02B,$0.34B,0.06,$0.62B,$0.11B,17.83%,$0.62B,$0.00B,0.49%,$0.62B,$0.00B,0.49%,$0.62B,$0.03B,4.86%,$0.62B,$0.00B,0.49%,$0.62B,$0.01B,1.30%,$0.01B,$0.34B,2.35%,$0.01B,$0.27B,2.98%,$0.01B,$0.51B,1.53%,$0.00B,$0.36B,0.85%,$145,$127,$18,$0,$25,$152,$-7,$0,$-7,$-2,$-5,$-5,$-0,$-1,$-7,$28,28,$-0.00,$-0.00,$69,$34,$3,$227,$178,$30,$71,$0,$280,$507,$111,$20,$22,$59,$170,$9,$222,$-1,$337,$507,$-4,$14,$-5,$9,$-5,$-4,$0,$-1,$-32,$-27,$-5,$-0,$0,$0,$7,$7,$0,$3,$12,$0,$12,$-1,$-1,$-5,$-0,$6,$-18,$3,$-5
33,2010-05-31,12.0,$12.03,1.0,$23.81,0.5,$5.38,2.23,$0.75,16.0,$0.23B,$0.11B,2.05,$0.02B,$0.34B,0.06,$0.66B,$0.14B,21.40%,$0.66B,$0.03B,4.25%,$0.66B,$0.03B,4.25%,$0.66B,$0.06B,8.50%,$0.66B,$0.03B,4.25%,$0.66B,$0.02B,3.19%,$0.02B,$0.34B,6.19%,$0.02B,$0.27B,7.87%,$0.02B,$0.51B,3.98%,$0.03B,$0.36B,7.98%,$143,$124,$19,$0,$25,$149,$-6,$0,$-6,$-2,$-3,$-3,$-3,$1,$-6,$28,28,$-0.13,$-0.13,$70,$36,$3,$226,$182,$34,$72,$0,$287,$513,$110,$20,$23,$66,$176,$9,$224,$-1,$337,$513,$-3,$7,$1,$7,$-2,$-5,$0,$-1,$-34,$-30,$-2,$-0,$0,$0,$-14,$-14,$0,$-16,$12,$0,$12,$-1,$-1,$0,$-0,$11,$-35,$1,$0
34,2010-02-28,12.48,$12.29,1.02,$25.18,0.5,$6.64,1.88,$1.15,10.85,$0.25B,$0.13B,1.91,$0.01B,$0.34B,0.02,$0.70B,$0.16B,23.39%,$0.70B,$0.05B,6.60%,$0.70B,$0.05B,6.60%,$0.70B,$0.07B,10.62%,$0.70B,$0.05B,6.60%,$0.70B,$0.03B,4.59%,$0.03B,$0.34B,9.54%,$0.03B,$0.27B,12.20%,$0.03B,$0.53B,6.08%,$0.05B,$0.35B,13.37%,$149,$121,$28,$0,$28,$149,$-0,$0,$0,$-0,$0,$0,$0,$7,$-0,$27,28,$0.02,$0.02,$103,$31,$3,$247,$186,$22,$72,$0,$280,$527,$129,$8,$23,$54,$183,$9,$231,$-1,$344,$527,$32,$30,$7,$37,$44,$9,$0,$-15,$29,$97,$-9,$-0,$0,$0,$-44,$-44,$0,$-53,$0,$0,$0,$-1,$-1,$-9,$0,$-10,$34,$6,$-9
35,2009-11-30,11.89,$12.28,0.97,$26.97,0.44,$5.65,2.1,$1.53,7.77,$0.25B,$0.14B,1.77,$0.01B,$0.34B,0.02,$0.75B,$0.18B,24.40%,$0.75B,$0.06B,8.40%,$0.75B,$0.06B,8.40%,$0.75B,$0.09B,12.40%,$0.75B,$0.06B,8.40%,$0.75B,$0.04B,5.73%,$0.04B,$0.34B,13.08%,$0.04B,$0.27B,16.86%,$0.04B,$0.54B,8.16%,$0.06B,$0.35B,18.68%,$180,$135,$45,$0,$29,$164,$16,$0,$16,$5,$11,$11,$11,$23,$16,$27,28,$0.39,$0.39,$83,$31,$3,$252,$191,$23,$73,$0,$287,$540,$143,$8,$22,$53,$196,$9,$233,$0,$344,$540,$31,$22,$2,$25,$18,$8,$0,$-8,$18,$74,$-8,$0,$0,$0,$-14,$-14,$0,$-22,$0,$0,$0,$-1,$-1,$-7,$0,$-8,$44,$3,$-7
36,2009-08-31,11.4,$11.93,0.96,$29.11,0.39,$4.04,2.82,$1.77,6.44,$0.24B,$0.14B,1.71,$0.01B,$0.33B,0.03,$0.81B,$0.19B,23.83%,$0.81B,$0.07B,8.89%,$0.81B,$0.07B,8.89%,$0.81B,$0.10B,12.72%,$0.81B,$0.07B,9.01%,$0.81B,$0.05B,6.17%,$0.05B,$0.33B,15.66%,$0.05B,$0.26B,20.43%,$0.05B,$0.53B,9.47%,$0.07B,$0.34B,21.64%,$187,$139,$49,$0,$31,$170,$18,$0,$18,$5,$13,$13,$13,$25,$18,$27,28,$0.48,$0.47,$52,$33,$4,$243,$196,$17,$73,$0,$287,$530,$142,$8,$23,$54,$197,$9,$224,$0,$333,$530,$21,$15,$2,$17,$-2,$7,$0,$-1,$-4,$33,$-6,$0,$0,$0,$-5,$-5,$0,$-11,$0,$0,$0,$-1,$-1,$-5,$0,$-6,$17,$2,$-5
37,2009-05-31,10.57,$11.51,0.92,$30.92,0.34,$3.06,3.46,$1.73,6.11,$0.22B,$0.13B,1.63,$0.01B,$0.32B,0.03,$0.87B,$0.19B,22.24%,$0.87B,$0.07B,8.41%,$0.87B,$0.07B,8.41%,$0.87B,$0.10B,11.87%,$0.87B,$0.07B,8.53%,$0.87B,$0.05B,5.65%,$0.05B,$0.32B,15.78%,$0.05B,$0.25B,20.90%,$0.05B,$0.51B,9.08%,$0.07B,$0.33B,21.61%,$181,$139,$41,$0,$30,$169,$12,$0,$12,$4,$8,$8,$8,$19,$12,$27,28,$0.27,$0.27,$31,$36,$5,$218,$199,$18,$74,$0,$291,$509,$134,$8,$22,$54,$188,$9,$214,$-0,$321,$509,$8,$7,$0,$8,$8,$4,$0,$-2,$-10,$5,$-2,$0,$0,$0,$1,$1,$0,$-1,$0,$0,$0,$-1,$-1,$0,$0,$-1,$3,$0,$0
38,2009-02-28,8.07,$11.40,0.71,$32.68,0.25,$2.33,3.46,$1.81,4.46,$0.23B,$0.16B,1.45,$0.01B,$0.32B,0.03,$0.93B,$0.20B,21.73%,$0.93B,$0.08B,8.43%,$0.93B,$0.08B,8.43%,$0.93B,$0.11B,11.57%,$0.93B,$0.08B,8.43%,$0.93B,$0.05B,5.51%,$0.05B,$0.32B,16.85%,$0.05B,$0.24B,22.64%,$0.05B,$0.53B,9.21%,$0.08B,$0.33B,22.54%,$202,$154,$48,$0,$31,$184,$17,$-0,$17,$6,$11,$11,$11,$26,$17,$28,28,$0.40,$0.39,$27,$39,$4,$229,$204,$20,$75,$1,$299,$528,$157,$8,$22,$54,$211,$9,$210,$-0,$317,$528,$51,$29,$8,$38,$41,$7,$0,$16,$28,$116,$-55,$0,$-0,$0,$15,$15,$0,$-40,$0,$-50,$-50,$-17,$-17,$-9,$1,$-75,$1,$3,$-9
39,2008-11-30,6.6,$10.99,0.6,$33.90,0.19,$1.23,5.35,$1.91,3.46,$0.24B,$0.17B,1.47,$0.03B,$0.31B,0.09,$0.97B,$0.21B,21.53%,$0.97B,$0.08B,8.59%,$0.97B,$0.08B,8.59%,$0.97B,$0.11B,11.28%,$0.97B,$0.08B,8.59%,$0.97B,$0.05B,5.59%,$0.05B,$0.31B,18.32%,$0.05B,$0.23B,25.03%,$0.05B,$0.55B,9.59%,$0.08B,$0.33B,23.68%,$240,$185,$55,$0,$30,$216,$25,$2,$26,$9,$18,$18,$18,$33,$25,$28,28,$0.64,$0.63,$11,$47,$5,$244,$206,$19,$76,$1,$301,$545,$166,$28,$41,$73,$239,$9,$201,$-2,$306,$545,$40,$21,$1,$22,$14,$-0,$0,$21,$9,$71,$-49,$0,$-0,$0,$29,$29,$0,$-20,$0,$-30,$-30,$-17,$-17,$-7,$1,$-52,$-1,$2,$-7
40,2008-08-31,16.76,$10.45,1.6,$32.50,0.52,$0.81,20.65,$1.66,10.1,$0.25B,$0.17B,1.46,$0.06B,$0.30B,0.21,$0.94B,$0.19B,20.60%,$0.94B,$0.07B,7.47%,$0.94B,$0.07B,7.47%,$0.94B,$0.09B,9.93%,$0.94B,$0.07B,6.94%,$0.94B,$0.05B,5.02%,$0.05B,$0.30B,16.36%,$0.05B,$0.22B,21.71%,$0.05B,$0.58B,8.58%,$0.07B,$0.36B,20.53%,$245,$196,$49,$0,$30,$226,$19,$0,$19,$7,$12,$12,$12,$25,$19,$28,28,$0.44,$0.43,$6,$50,$5,$249,$203,$43,$79,$2,$328,$577,$171,$64,$40,$108,$279,$10,$190,$-2,$298,$577,$22,$13,$2,$16,$7,$-3,$0,$19,$1,$39,$-39,$0,$-0,$0,$1,$1,$0,$-38,$0,$6,$6,$-10,$-10,$-4,$1,$-8,$-7,$4,$-4
41,2008-05-31,19.8,$10.07,1.97,$31.35,0.63,$1.09,18.14,$1.62,12.22,$0.25B,$0.16B,1.56,$0.07B,$0.29B,0.25,$0.91B,$0.19B,20.99%,$0.91B,$0.07B,7.47%,$0.91B,$0.07B,7.47%,$0.91B,$0.09B,10.00%,$0.91B,$0.06B,7.03%,$0.91B,$0.05B,5.05%,$0.05B,$0.29B,16.50%,$0.05B,$0.21B,21.30%,$0.05B,$0.57B,8.79%,$0.07B,$0.36B,21.07%,$238,$189,$49,$0,$32,$222,$17,$-1,$16,$6,$10,$10,$10,$23,$17,$28,29,$0.36,$0.36,$5,$48,$6,$246,$194,$44,$80,$2,$320,$566,$158,$73,$41,$118,$276,$10,$184,$-2,$290,$566,$10,$7,$1,$8,$8,$-1,$0,$8,$-13,$5,$-23,$0,$-0,$0,$-0,$-0,$0,$-23,$0,$15,$15,$-6,$-6,$0,$1,$11,$-8,$2,$0
42,2008-02-29,12.8,$9.90,1.29,$30.32,0.42,$1.13,11.31,$1.67,7.66,$0.26B,$0.18B,1.46,$0.06B,$0.29B,0.21,$0.88B,$0.19B,20.98%,$0.88B,$0.07B,7.48%,$0.88B,$0.07B,7.48%,$0.88B,$0.09B,10.09%,$0.88B,$0.06B,7.14%,$0.88B,$0.05B,5.44%,$0.05B,$0.29B,17.86%,$0.05B,$0.20B,22.43%,$0.05B,$0.56B,9.62%,$0.07B,$0.34B,21.60%,$243,$188,$55,$0,$33,$221,$22,$-1,$22,$7,$14,$14,$14,$28,$22,$28,29,$0.50,$0.50,$12,$47,$4,$259,$177,$44,$81,$2,$304,$564,$177,$58,$26,$102,$279,$10,$182,$-2,$285,$564,$49,$23,$0,$23,$-21,$-2,$0,$20,$15,$86,$-55,$0,$-46,$0,$-3,$-3,$0,$-104,$0,$23,$23,$-2,$-2,$-8,$3,$15,$6,$7,$-8
43,2007-11-30,18.39,$9.47,1.94,$29.25,0.63,$0.40,46.13,$1.51,12.18,$0.24B,$0.15B,1.62,$0.02B,$0.28B,0.08,$0.85B,$0.17B,20.12%,$0.85B,$0.06B,6.86%,$0.85B,$0.06B,6.86%,$0.85B,$0.08B,9.35%,$0.85B,$0.06B,6.51%,$0.85B,$0.04B,5.21%,$0.04B,$0.28B,17.15%,$0.04B,$0.23B,20.95%,$0.04B,$0.48B,9.36%,$0.06B,$0.30B,20.17%,$211,$171,$40,$0,$28,$199,$12,$-4,$8,$0,$8,$8,$11,$17,$12,$28,29,$0.39,$0.38,$8,$40,$6,$235,$157,$44,$42,$0,$247,$483,$145,$21,$37,$61,$207,$10,$174,$-2,$276,$483,$34,$17,$1,$18,$-13,$1,$0,$15,$-3,$49,$-39,$0,$0,$0,$-2,$-2,$0,$-41,$0,$-15,$-15,$3,$3,$-6,$2,$-15,$1,$6,$-6
44,2007-08-31,20.77,$9.09,2.28,$29.23,0.71,$-0.38,0.0,$1.48,14.03,$0.23B,$0.15B,1.52,$0.02B,$0.26B,0.09,$0.84B,$0.17B,20.41%,$0.84B,$0.06B,7.40%,$0.84B,$0.06B,7.40%,$0.84B,$0.08B,9.79%,$0.84B,$0.06B,7.52%,$0.84B,$0.04B,5.13%,$0.04B,$0.26B,17.66%,$0.04B,$0.22B,21.97%,$0.04B,$0.48B,9.36%,$0.06B,$0.29B,21.87%,$218,$171,$47,$0,$30,$200,$17,$1,$18,$6,$12,$12,$11,$23,$17,$28,29,$0.40,$0.39,$10,$42,$7,$232,$151,$43,$47,$0,$249,$481,$152,$24,$36,$64,$217,$10,$165,$-2,$264,$481,$23,$11,$-4,$7,$-5,$-2,$0,$11,$4,$35,$-26,$0,$0,$0,$-2,$-2,$0,$-28,$0,$-11,$-11,$3,$3,$-4,$2,$-10,$4,$4,$-4
45,2007-05-31,20.27,$8.65,2.34,$28.26,0.72,$-1.16,0.0,$1.35,15.01,$0.23B,$0.13B,1.71,$0.04B,$0.25B,0.17,$0.80B,$0.16B,19.83%,$0.80B,$0.06B,6.86%,$0.80B,$0.06B,6.86%,$0.80B,$0.07B,9.23%,$0.80B,$0.06B,6.98%,$0.80B,$0.04B,4.86%,$0.04B,$0.25B,16.90%,$0.04B,$0.20B,21.34%,$0.04B,$0.47B,8.77%,$0.06B,$0.29B,19.73%,$210,$167,$43,$0,$28,$195,$15,$-0,$15,$5,$10,$10,$12,$21,$15,$28,29,$0.42,$0.40,$4,$45,$7,$228,$143,$40,$48,$0,$239,$467,$134,$43,$35,$83,$217,$10,$156,$-2,$250,$467,$12,$6,$-2,$4,$-4,$-4,$0,$4,$-18,$-3,$-14,$0,$0,$0,$-1,$-1,$0,$-15,$0,$8,$8,$1,$1,$0,$1,$11,$-2,$1,$0
46,2007-02-28,17.22,$8.25,2.09,$27.67,0.62,$-1.06,0.0,$1.12,15.38,$0.22B,$0.15B,1.53,$0.04B,$0.24B,0.15,$0.78B,$0.15B,19.13%,$0.78B,$0.05B,6.16%,$0.78B,$0.05B,6.16%,$0.78B,$0.07B,8.47%,$0.78B,$0.05B,6.16%,$0.78B,$0.03B,4.11%,$0.03B,$0.24B,14.58%,$0.03B,$0.19B,18.66%,$0.03B,$0.45B,7.42%,$0.05B,$0.27B,17.68%,$206,$166,$40,$0,$27,$193,$14,$0,$14,$5,$9,$9,$10,$18,$14,$28,28,$0.34,$0.34,$6,$41,$4,$222,$134,$40,$48,$3,$227,$449,$146,$35,$24,$68,$213,$10,$147,$-2,$236,$449,$32,$19,$-3,$16,$-22,$-0,$0,$3,$1,$48,$-38,$0,$-0,$0,$4,$4,$0,$-35,$0,$-10,$-10,$7,$7,$-9,$2,$-11,$2,$5,$-9
47,2006-11-30,14.03,$7.92,1.77,$25.73,0.55,$-1.22,0.0,$0.97,14.47,$0.23B,$0.13B,1.75,$0.06B,$0.22B,0.25,$0.72B,$0.14B,19.64%,$0.72B,$0.04B,5.81%,$0.72B,$0.04B,5.81%,$0.72B,$0.06B,8.30%,$0.72B,$0.04B,5.67%,$0.72B,$0.03B,3.73%,$0.03B,$0.22B,12.84%,$0.03B,$0.18B,16.67%,$0.03B,$0.44B,6.43%,$0.04B,$0.28B,15.86%,$204,$163,$41,$0,$25,$188,$16,$1,$16,$6,$10,$10,$10,$20,$16,$28,28,$0.36,$0.35,$3,$40,$7,$228,$125,$39,$48,$2,$214,$441,$130,$56,$23,$87,$217,$9,$141,$0,$224,$441,$22,$15,$-0,$14,$-30,$2,$0,$1,$-24,$12,$-24,$0,$0,$0,$5,$5,$0,$-19,$0,$11,$11,$3,$3,$-7,$1,$8,$-1,$4,$-7
