,Date,Stock Price,Book Value per Share,Price to Book Ratio,TTM Sales per Share,Price to Sales Ratio,TTM FCF per Share,Price to FCF Ratio,TTM Net EPS,PE Ratio,Current Assets,Current Liabilities,Current Ratio,Long Term Debt,Shareholder's Equity_x,Debt to Equity Ratio,TTM Revenue_x,TTM Gross Profit,Gross Margin,TTM Revenue_y,TTM Operating Income,Operating Margin,TTM Revenue_x,TTM EBIT,EBIT Margin,TTM Revenue_y,TTM EBITDA,EBITDA Margin,TTM Revenue_x,TTM Pre-Tax Income,Pre-Tax Margin,TTM Revenue_y,TTM Net Income_x,Net Margin,TTM Net Income_y,Shareholder's Equity_y,Return on Equity,TTM Net Income_x,Tangible Equity,Return on Tangible Equity,TTM Net Income_y,Total Assets,Return on Assets,TTM Net Income,LT Investments & Debt,Return on Investment,revenue,cost-goods-sold,gross-profit,research-development-expenses,selling-general-administrative-expenses,operating-expenses,operating-income,total-non-operating-income-expense,pre-tax-income,total-provision-income-taxes,income-after-taxes,income-from-continuous-operations,net-income,ebitda,ebit,basic-shares-outstanding,shares-outstanding,eps-basic-net-earnings-per-share,eps-earnings-per-share-diluted,cash-on-hand,inventory,other-current-assets,total-current-assets,net-property-plant-equipment,long-term-investments,goodwill-intangible-assets-total,other-long-term-assets,total-long-term-assets,total-assets,total-current-liabilities,long-term-debt,other-non-current-liabilities,total-long-term-liabilities,total-liabilities,common-stock-net,retained-earnings-accumulated-deficit,comprehensive-income,total-share-holder-equity,total-liabilities-share-holders-equity,net-income-loss,total-depreciation-amortization-cash-flow,other-non-cash-items,total-non-cash-items,change-in-accounts-receivable,change-in-inventories,change-in-accounts-payable,change-in-assets-liabilities,total-change-in-assets-liabilities,cash-flow-from-operating-activities,net-change-in-property-plant-equipment,net-change-in-intangible-assets,net-acquisitions-divestitures,net-change-in-short-term-investments,net-change-in-long-term-investments,net-change-in-investments-total,investing-activities-other,cash-flow-from-investing-activities,net-long-term-debt,net-current-debt,debt-issuance-retirement-net-total,net-common-equity-issued-repurchased,net-total-equity-issued-repurchased,total-common-preferred-stock-dividends-paid,financial-activities-other,cash-flow-from-financial-activities,net-cash-flow,stock-based-compensation,common-stock-dividends-paid
0,2018-09-30,1.24,$0.42,2.99,$1.39,0.89,$-0.05,0.0,$-0.55,0.0,$0.03B,$0.04B,0.82,$0.01B,$0.03B,0.16,$0.11B,$0.03B,29.52%,$0.11B,$-0.00B,-2.86%,$0.11B,$-0.00B,-2.86%,$0.11B,$0.00B,0.95%,$0.11B,$-0.01B,-4.76%,$0.11B,$-0.04B,-38.10%,$-0.04B,$0.03B,-107.38%,$-0.04B,$-0.01B,262.30%,$-0.04B,$0.08B,-43.13%,$-0.00B,$0.04B,-6.67%,$24,$16,$8,$3,$5,$24,$0,$2,$2,$-0,$2,$2,$2,$1,$0,$77,79,$0.02,$0.02,$9,$0,$4,$34,$3,$0,$43,$0,$47,$81,$42,$5,$1,$7,$49,$0,$-288,$-0,$32,$81,$4,$2,$-7,$-5,$-4,$0,$7,$0,$-2,$-3,$-1,$0,$0,$0,$0,$0,$-0,$-1,$-0,$0,$-0,$0,$0,$0,$0,$0,$-4,$1,$0
1,2018-06-30,1.51,$0.38,4.01,$1.32,1.14,$-0.03,0.0,$-0.65,0.0,$0.03B,$0.04B,0.8,$0.01B,$0.03B,0.25,$0.10B,$0.03B,29.90%,$0.10B,$-0.00B,-4.12%,$0.10B,$-0.00B,-4.12%,$0.10B,0,0.00%,$0.10B,$-0.01B,-14.43%,$0.10B,$-0.05B,-49.48%,$-0.05B,$0.03B,-108.47%,$-0.05B,$-0.01B,274.29%,$-0.05B,$0.08B,-47.52%,$-0.00B,$0.04B,-7.44%,$22,$16,$6,$3,$5,$23,$-1,$3,$1,$-0,$2,$2,$0,$-0,$-1,$76,80,$0.01,$0.01,$9,$0,$4,$34,$3,$0,$43,$0,$47,$80,$42,$7,$2,$9,$51,$0,$-290,$-0,$29,$80,$2,$1,$-3,$-3,$-3,$0,$-2,$0,$-3,$-4,$-0,$0,$0,$0,$0,$0,$-0,$-0,$-0,$0,$-0,$0,$0,$0,$0,$-0,$-4,$1,$0
2,2018-03-31,2.01,$0.36,5.53,$1.27,1.58,$-0.00,0.0,$-0.72,0.0,$0.04B,$0.05B,0.86,$0.01B,$0.03B,0.31,$0.09B,$0.03B,31.11%,$0.09B,$-0.01B,-5.56%,$0.09B,$-0.01B,-5.56%,$0.09B,$-0.00B,-1.11%,$0.09B,$-0.02B,-21.11%,$0.09B,$-0.05B,-57.78%,$-0.05B,$0.03B,-100.48%,$-0.05B,$-0.02B,266.67%,$-0.05B,$0.09B,-47.82%,$-0.01B,$0.04B,-7.94%,$21,$14,$7,$2,$6,$22,$-1,$-3,$-4,$-0,$-4,$-4,$-38,$-1,$-1,$75,75,$-0.51,$-0.51,$13,$0,$9,$40,$3,$0,$43,$0,$47,$87,$46,$9,$4,$13,$59,$0,$-290,$-0,$28,$87,$-20,$4,$15,$19,$-7,$0,$8,$-1,$8,$7,$-2,$0,$0,$0,$0,$0,$-0,$-2,$-1,$3,$1,$1,$1,$0,$-0,$2,$7,$3,$0
3,2017-12-31,1.79,$0.81,2.2,$1.17,1.53,$-0.20,0.0,$-0.31,0.0,$0.04B,$0.05B,0.84,$0.01B,$0.06B,0.2,$0.08B,$0.02B,29.63%,$0.08B,$-0.01B,-8.64%,$0.08B,$-0.01B,-8.64%,$0.08B,$-0.01B,-7.41%,$0.08B,$-0.02B,-25.93%,$0.08B,$-0.02B,-25.93%,$-0.02B,$0.06B,-34.85%,$-0.02B,$-0.02B,186.67%,$-0.02B,$0.12B,-18.42%,$-0.01B,$0.07B,-9.62%,$38,$28,$10,$4,$7,$39,$-1,$-3,$-4,$-0,$-4,$-4,$-4,$1,$-1,$72,72,$-0.05,$-0.05,$7,$0,$0,$40,$3,$0,$79,$0,$83,$123,$48,$12,$4,$15,$64,$0,$-252,$-0,$60,$123,$-14,$4,$12,$16,$-16,$0,$9,$-0,$-1,$0,$-1,$0,$0,$0,$0,$0,$0,$-1,$-1,$3,$2,$0,$0,$0,$-0,$2,$1,$3,$0
4,2017-09-30,1.51,$0.84,1.8,$0.97,1.55,$-0.32,0.0,$-0.30,0.0,$0.03B,$0.04B,0.78,$0.01B,$0.06B,0.19,$0.07B,$0.02B,26.15%,$0.07B,$-0.01B,-16.92%,$0.07B,$-0.01B,-16.92%,$0.07B,$-0.01B,-15.38%,$0.07B,$-0.02B,-29.23%,$0.07B,$-0.02B,-30.77%,$-0.02B,$0.06B,-32.00%,$-0.02B,$-0.02B,200.00%,$-0.02B,$0.11B,-17.98%,$-0.01B,$0.07B,-14.72%,$16,$10,$6,$2,$5,$17,$-1,$-6,$-7,$-1,$-7,$-7,$-6,$-0,$-1,$67,67,$-0.10,$-0.10,$6,$0,$0,$31,$3,$0,$80,$0,$83,$114,$39,$12,$3,$15,$54,$0,$-248,$-0,$60,$114,$-11,$2,$7,$9,$-5,$0,$5,$-1,$0,$-1,$-1,$0,$0,$0,$0,$0,$-0,$-1,$-0,$3,$2,$0,$0,$0,$-0,$2,$-0,$2,$0
5,2017-06-30,1.03,$0.88,1.17,$1.08,0.95,$-0.36,0.0,$-0.31,0.0,$0.03B,$0.04B,0.78,$0.02B,$0.06B,0.25,$0.07B,$0.01B,19.44%,$0.07B,$-0.02B,-22.22%,$0.07B,$-0.02B,-22.22%,$0.07B,$-0.01B,-19.44%,$0.07B,$-0.02B,-27.78%,$0.07B,$-0.02B,-29.17%,$-0.02B,$0.06B,-32.31%,$-0.02B,$-0.02B,240.00%,$-0.02B,$0.11B,-18.75%,$-0.02B,$0.07B,-20.65%,$15,$10,$5,$2,$4,$17,$-2,$-3,$-4,$0,$-4,$-4,$-4,$-1,$-2,$67,67,$-0.06,$-0.06,$7,$0,$0,$27,$2,$0,$81,$0,$83,$111,$35,$15,$2,$17,$52,$0,$-241,$-0,$59,$111,$-4,$1,$3,$4,$-3,$0,$-1,$-1,$-2,$-1,$-0,$0,$0,$0,$0,$0,$-0,$-0,$0,$2,$2,$0,$0,$0,$-0,$2,$0,$1,$0
6,2017-03-31,0.94,$0.93,1.01,$1.21,0.77,$-0.36,0.0,$-0.36,0.0,$0.02B,$0.03B,0.77,$0.01B,$0.06B,0.21,$0.08B,$0.01B,14.81%,$0.08B,$-0.02B,-24.69%,$0.08B,$-0.02B,-24.69%,$0.08B,$-0.02B,-20.99%,$0.08B,$-0.02B,-28.40%,$0.08B,$-0.02B,-29.63%,$-0.02B,$0.06B,-34.66%,$-0.02B,$0.02B,400.00%,$-0.02B,$0.11B,-21.19%,$-0.02B,$0.08B,-25.56%,$12,$8,$3,$2,$4,$14,$-3,$-3,$-6,$-0,$-6,$-6,$-7,$-6,$-3,$67,67,$-0.10,$-0.10,$7,$0,$6,$24,$2,$0,$45,$37,$84,$108,$31,$13,$2,$15,$46,$0,$-237,$-0,$62,$108,$-19,$4,$9,$13,$-4,$0,$4,$-2,$-1,$-7,$-1,$0,$0,$0,$1,$1,$-0,$-1,$5,$0,$5,$0,$0,$0,$-2,$3,$-5,$4,$0
7,2016-12-31,0.68,$1.03,0.66,$0.37,1.82,$-0.37,0.0,$-0.35,0.0,$0.03B,$0.03B,0.83,$0.01B,$0.07B,0.16,$0.03B,$0.00B,14.29%,$0.03B,$-0.02B,-67.86%,$0.03B,$-0.02B,-67.86%,$0.03B,$-0.01B,-50.00%,$0.03B,$-0.02B,-67.86%,$0.03B,$-0.02B,-82.14%,$-0.02B,$0.07B,-30.98%,$-0.02B,$-0.02B,191.67%,$-0.02B,$0.11B,-19.70%,$-0.02B,$0.08B,-23.75%,$22,$19,$3,$3,$6,$28,$-5,$3,$-2,$0,$-3,$-3,$-3,$-3,$-5,$67,67,$-0.04,$-0.04,$6,$0,$0,$26,$2,$0,$83,$0,$86,$112,$31,$11,$2,$12,$44,$0,$-230,$-0,$69,$112,$-17,$7,$1,$8,$-2,$0,$5,$-1,$1,$-8,$-1,$0,$0,$0,$1,$1,$0,$-0,$5,$0,$5,$0,$0,$0,$-2,$3,$-6,$4,$0
8,2016-09-30,1.05,$1.05,1.0,$0.40,2.6,$-0.33,0.0,$-0.40,0.0,$0.03B,$0.03B,0.89,$0.01B,$0.07B,0.19,$0.03B,$0.01B,16.67%,$0.03B,$-0.02B,-63.33%,$0.03B,$-0.02B,-63.33%,$0.03B,$-0.01B,-46.67%,$0.03B,$-0.02B,-76.67%,$0.03B,$-0.03B,-86.67%,$-0.03B,$0.07B,-33.02%,$-0.03B,$-0.02B,281.08%,$-0.03B,$0.12B,-21.67%,$-0.02B,$0.08B,-22.69%,$23,$20,$3,$3,$6,$29,$-6,$-1,$-8,$-0,$-7,$-7,$-7,$-4,$-6,$66,66,$-0.11,$-0.11,$10,$0,$0,$28,$2,$1,$85,$0,$89,$117,$31,$14,$2,$16,$47,$0,$-228,$-0,$70,$117,$-15,$5,$3,$8,$0,$0,$5,$-1,$3,$-4,$-1,$0,$0,$0,$0,$0,$0,$-1,$5,$0,$5,$0,$0,$0,$-2,$3,$-2,$2,$0
9,2016-06-30,1.07,$1.15,0.93,$0.42,2.54,$-0.30,0.0,$-0.43,0.0,$0.03B,$0.04B,0.65,$0.00B,$0.08B,0.0,$0.03B,$0.00B,7.14%,$0.03B,$-0.02B,-75.00%,$0.03B,$-0.02B,-75.00%,$0.03B,$-0.01B,-46.43%,$0.03B,$-0.02B,-85.71%,$0.03B,$-0.03B,-96.43%,$-0.03B,$0.08B,-33.33%,$-0.03B,$-0.01B,284.21%,$-0.03B,$0.12B,-22.55%,$-0.02B,$0.08B,-24.85%,$24,$21,$3,$3,$7,$30,$-6,$-1,$-7,$0,$-7,$-7,$-7,$-4,$-6,$66,66,$-0.11,$-0.11,$10,$0,$0,$26,$2,$1,$87,$0,$91,$116,$39,$0,$1,$1,$40,$0,$-220,$-0,$76,$116,$-7,$2,$1,$4,$2,$0,$-0,$1,$3,$-1,$-0,$0,$0,$0,$0,$0,$0,$-0,$0,$0,$0,$0,$0,$0,$-0,$-0,$-2,$1,$0
10,2016-03-31,1.19,$1.24,0.96,$0.38,3.09,$-0.29,0.0,$-0.46,0.0,$0.03B,$0.04B,0.76,$0.00B,$0.08B,0.0,$0.02B,$0.00B,4.35%,$0.02B,$-0.02B,-95.65%,$0.02B,$-0.02B,-95.65%,$0.02B,$-0.01B,-60.87%,$0.02B,$-0.03B,-108.70%,$0.02B,$-0.03B,-121.74%,$-0.03B,$0.08B,-33.63%,$-0.03B,$-0.01B,266.67%,$-0.03B,$0.12B,-23.19%,$-0.02B,$0.08B,-24.86%,$-41,$-37,$-5,$-3,$0,$-39,$-2,$-0,$-2,$-0,$-2,$-2,$-6,$-3,$-2,$62,62,$-0.09,$-0.09,$11,$0,$0,$30,$2,$1,$89,$0,$92,$122,$39,$0,$1,$1,$40,$0,$-213,$-0,$82,$122,$-24,$8,$10,$19,$-6,$0,$3,$-1,$-1,$-7,$-2,$0,$0,$0,$1,$1,$0,$-1,$-1,$0,$-1,$0,$0,$0,$13,$12,$4,$6,$0
11,2015-12-31,1.33,$1.31,1.01,$1.32,1.01,$-0.58,0.0,$-0.59,0.0,$0.03B,$0.03B,1.02,$0.01B,$0.09B,0.09,$0.07B,$0.01B,9.46%,$0.07B,$-0.03B,-39.19%,$0.07B,$-0.03B,-39.19%,$0.07B,$-0.02B,-25.68%,$0.07B,$-0.03B,-43.24%,$0.07B,$-0.03B,-41.89%,$-0.03B,$0.09B,-36.15%,$-0.03B,$-0.00B,275.56%,$-0.03B,$0.13B,-25.62%,$-0.03B,$0.09B,-31.27%,$24,$20,$4,$3,$6,$29,$-5,$-0,$-6,$0,$-6,$-6,$-6,$-3,$-5,$66,66,$-0.09,$-0.09,$14,$0,$0,$31,$2,$1,$91,$0,$94,$125,$31,$7,$0,$7,$38,$0,$-207,$-0,$87,$125,$-22,$9,$5,$14,$-5,$0,$6,$-1,$3,$-5,$-1,$0,$0,$0,$0,$0,$1,$-0,$-0,$0,$-0,$0,$0,$0,$13,$12,$7,$5,$0
12,2015-09-30,1.81,$1.37,1.32,$1.14,1.59,$-0.76,0.0,$-0.65,0.0,$0.02B,$0.03B,0.66,$0.01B,$0.08B,0.09,$0.06B,$0.01B,8.77%,$0.06B,$-0.03B,-50.88%,$0.06B,$-0.03B,-50.88%,$0.06B,$-0.02B,-36.84%,$0.06B,$-0.03B,-54.39%,$0.06B,$-0.03B,-52.63%,$-0.03B,$0.08B,-43.17%,$-0.03B,$-0.02B,342.86%,$-0.03B,$0.12B,-30.61%,$-0.03B,$0.09B,-38.80%,$21,$21,$0,$2,$6,$29,$-8,$-0,$-9,$-0,$-8,$-8,$-8,$-3,$-8,$57,57,$-0.14,$-0.14,$5,$0,$0,$20,$1,$0,$95,$0,$96,$116,$30,$7,$0,$7,$37,$0,$-201,$0,$79,$116,$-16,$7,$3,$11,$-2,$0,$5,$-0,$4,$-2,$-1,$0,$0,$0,$0,$0,$0,$-1,$-0,$0,$-0,$0,$0,$0,$0,$-0,$-2,$3,$0
13,2015-06-30,3.02,$1.49,2.03,$0.92,3.29,$-0.87,0.0,$-0.65,0.0,$0.02B,$0.03B,0.7,$0.01B,$0.09B,0.09,$0.04B,$0.01B,17.07%,$0.04B,$-0.03B,-63.41%,$0.04B,$-0.03B,-63.41%,$0.04B,$-0.02B,-53.66%,$0.04B,$-0.03B,-65.85%,$0.04B,$-0.03B,-65.85%,$-0.03B,$0.09B,-48.00%,$-0.03B,$-0.02B,1800.00%,$-0.03B,$0.12B,-34.62%,$-0.03B,$0.09B,-43.51%,$19,$16,$2,$3,$7,$26,$-7,$-0,$-8,$0,$-8,$-8,$-8,$-5,$-7,$57,57,$-0.14,$-0.14,$6,$0,$0,$20,$1,$0,$100,$0,$101,$120,$28,$7,$0,$7,$35,$0,$-193,$-0,$85,$120,$-8,$2,$2,$4,$-0,$0,$3,$1,$4,$-0,$-0,$0,$0,$0,$0,$0,$0,$-0,$-0,$0,$-0,$0,$0,$0,$0,$-0,$-1,$2,$0
14,2015-03-31,3.26,$1.60,2.04,$0.74,4.39,$-0.94,0.0,$-0.63,0.0,$0.02B,$0.02B,0.85,$0.01B,$0.09B,0.08,$0.03B,$0.01B,21.43%,$0.03B,$-0.02B,-85.71%,$0.03B,$-0.02B,-85.71%,$0.03B,$-0.02B,-75.00%,$0.03B,$-0.02B,-85.71%,$0.03B,$-0.02B,-85.71%,$-0.02B,$0.09B,-56.80%,$-0.02B,$-0.01B,-384.00%,$-0.02B,$0.12B,-41.56%,$-0.02B,$0.10B,-54.55%,$10,$9,$1,$2,$8,$19,$-9,$-0,$-9,$0,$-9,$-9,$-9,$-8,$-9,$39,39,$-0.23,$-0.23,$7,$0,$0,$20,$1,$0,$102,$0,$102,$123,$24,$7,$0,$7,$31,$0,$-185,$-0,$92,$123,$-25,$2,$10,$12,$0,$0,$-0,$-5,$-2,$-15,$-2,$0,$1,$0,$0,$0,$-0,$-1,$0,$0,$0,$1,$1,$0,$0,$1,$-15,$6,$0
15,2014-12-31,3.33,$0.57,5.82,$0.66,5.04,$-0.76,0.0,$-0.49,0.0,$0.02B,$0.01B,1.51,$0.00B,$0.02B,0.0,$0.02B,$0.01B,29.17%,$0.02B,$-0.02B,-79.17%,$0.02B,$-0.02B,-79.17%,$0.02B,$-0.02B,-70.83%,$0.02B,$-0.02B,-79.17%,$0.02B,$-0.02B,-75.00%,$-0.02B,$0.02B,-65.45%,$-0.02B,$0.01B,-133.33%,$-0.02B,$0.03B,-47.06%,$-0.02B,$0.02B,-69.09%,$7,$5,$2,$2,$6,$12,$-5,$0,$-5,$0,$-5,$-5,$-5,$-5,$-5,$38,38,$-0.14,$-0.14,$12,$0,$0,$18,$0,$0,$15,$0,$16,$33,$12,$0,$0,$0,$12,$0,$-176,$-0,$22,$33,$-15,$1,$7,$8,$-0,$0,$0,$-2,$-1,$-9,$-2,$0,$0,$0,$0,$0,$-0,$-2,$0,$0,$0,$0,$0,$0,$0,$0,$-10,$3,$0
16,2014-09-30,4.58,$0.68,6.7,$0.69,6.61,$-0.69,0.0,$-0.47,0.0,$0.02B,$0.01B,2.16,$0.00B,$0.03B,0.0,$0.02B,$0.01B,29.17%,$0.02B,$-0.02B,-75.00%,$0.02B,$-0.02B,-75.00%,$0.02B,$-0.02B,-62.50%,$0.02B,$-0.02B,-75.00%,$0.02B,$-0.02B,-70.83%,$-0.02B,$0.03B,-65.38%,$-0.02B,$0.01B,-138.78%,$-0.02B,$0.04B,-46.26%,$-0.02B,$0.03B,-69.23%,$5,$4,$2,$2,$4,$10,$-5,$-0,$-5,$0,$-5,$-5,$-5,$-4,$-5,$38,38,$-0.14,$-0.14,$17,$0,$0,$22,$0,$0,$13,$0,$14,$36,$10,$0,$0,$0,$10,$0,$-170,$-0,$26,$36,$-10,$1,$5,$5,$1,$0,$1,$-2,$-1,$-5,$-0,$0,$0,$0,$0,$0,$0,$0,$0,$0,$0,$0,$0,$0,$0,$0,$-5,$2,$0
17,2014-06-30,3.95,$0.77,5.11,$0.82,4.84,$-0.70,0.0,$-0.58,0.0,$0.02B,$0.01B,2.69,$0.00B,$0.03B,0.0,$0.03B,$0.01B,26.92%,$0.03B,$-0.02B,-65.38%,$0.03B,$-0.02B,-65.38%,$0.03B,$-0.02B,-57.69%,$0.03B,$-0.02B,-69.23%,$0.03B,$-0.02B,-69.23%,$-0.02B,$0.03B,-74.23%,$-0.02B,$0.02B,-180.00%,$-0.02B,$0.04B,-50.70%,$-0.02B,$0.03B,-70.10%,$6,$4,$1,$2,$4,$10,$-5,$-0,$-5,$-0,$-5,$-5,$-5,$-4,$-5,$37,37,$-0.12,$-0.12,$19,$0,$0,$24,$0,$0,$14,$0,$14,$39,$9,$0,$0,$0,$9,$0,$-165,$-0,$29,$39,$-5,$0,$4,$4,$-0,$0,$1,$-3,$-3,$-3,$-0,$0,$0,$0,$0,$0,$0,$-0,$0,$0,$0,$0,$0,$0,$0,$0,$-3,$1,$0
18,2014-03-31,3.95,$0.88,4.48,$0.92,4.29,$-0.70,0.0,$-0.76,0.0,$0.03B,$0.01B,2.31,$0.00B,$0.03B,0.0,$0.03B,$0.01B,32.00%,$0.03B,$-0.02B,-64.00%,$0.03B,$-0.02B,-64.00%,$0.03B,$-0.01B,-56.00%,$0.03B,$-0.02B,-76.00%,$0.03B,$-0.02B,-76.00%,$-0.02B,$0.03B,-104.11%,$-0.02B,$0.02B,-584.62%,$-0.02B,$0.05B,-59.84%,$-0.02B,$0.03B,-86.49%,$6,$4,$2,$2,$4,$10,$-4,$0,$-4,$-0,$-3,$-3,$-3,$-4,$-4,$33,33,$0.02,$-0.08,$22,$0,$0,$27,$0,$0,$14,$0,$18,$45,$12,$0,$0,$0,$12,$0,$-160,$-0,$33,$45,$-19,$2,$8,$10,$-1,$0,$-1,$1,$1,$-8,$-0,$0,$-1,$0,$0,$0,$0,$-1,$-4,$0,$-4,$0,$0,$0,$33,$30,$21,$5,$0
19,2013-12-31,2.62,$0.52,5.05,$0.82,3.21,$-0.84,0.0,$-0.87,0.0,$0.01B,$0.01B,1.06,$0.00B,$0.02B,0.0,$0.02B,$0.01B,35.00%,$0.02B,$-0.01B,-70.00%,$0.02B,$-0.01B,-70.00%,$0.02B,$-0.01B,-60.00%,$0.02B,$-0.02B,-90.00%,$0.02B,$-0.02B,-95.00%,$-0.02B,$0.02B,-185.37%,$-0.02B,$0.00B,542.86%,$-0.02B,$0.03B,-80.85%,$-0.01B,$0.02B,-130.23%,$7,$5,$2,$2,$4,$10,$-4,$0,$-4,$0,$-4,$-4,$-4,$-3,$-4,$31,31,$-0.13,$-0.13,$5,$0,$0,$11,$0,$0,$15,$0,$16,$27,$11,$0,$0,$0,$11,$0,$-158,$0,$16,$27,$-16,$2,$8,$10,$-2,$0,$-0,$-2,$-0,$-7,$-0,$0,$-1,$0,$0,$0,$0,$-1,$-4,$0,$-4,$0,$0,$0,$15,$11,$4,$4,$0
20,2013-09-30,2.67,$0.62,4.34,$0.71,3.74,$-0.94,0.0,$-0.79,0.0,$0.01B,$0.01B,1.3,$0.00B,$0.02B,0.0,$0.02B,$0.01B,40.00%,$0.02B,$-0.01B,-93.33%,$0.02B,$-0.01B,-93.33%,$0.02B,$-0.01B,-80.00%,$0.02B,$-0.02B,-120.00%,$0.02B,$-0.02B,-126.67%,$-0.02B,$0.02B,-271.43%,$-0.02B,$0.00B,345.45%,$-0.02B,$0.03B,-93.83%,$-0.01B,$0.02B,-175.00%,$7,$4,$2,$2,$4,$11,$-4,$-1,$-5,$0,$-5,$-5,$-6,$-4,$-4,$25,25,$-0.25,$-0.25,$8,$0,$0,$14,$0,$0,$15,$0,$16,$31,$11,$0,$0,$0,$11,$0,$-154,$0,$19,$31,$-12,$1,$6,$8,$-1,$0,$0,$-2,$0,$-4,$-0,$0,$-1,$0,$0,$0,$0,$-1,$-4,$0,$-4,$0,$0,$0,$15,$11,$7,$3,$0
21,2013-06-30,4.45,$0.24,18.82,$0.50,8.94,$-0.98,0.0,$-0.58,0.0,$0.01B,$0.02B,0.43,$0.00B,$0.01B,0.27,$0.01B,$0.01B,55.56%,$0.01B,$-0.01B,-144.44%,$0.01B,$-0.01B,-144.44%,$0.01B,$-0.01B,-122.22%,$0.01B,$-0.02B,-188.89%,$0.01B,$-0.02B,-188.89%,$-0.02B,$0.01B,-523.08%,$-0.02B,$-0.01B,212.50%,$-0.02B,$0.02B,-103.03%,$-0.01B,$0.01B,-288.89%,$5,$3,$2,$2,$4,$9,$-4,$-1,$-6,$-0,$-5,$-5,$-6,$-3,$-4,$19,19,$-0.30,$-0.30,$2,$0,$0,$7,$0,$0,$16,$0,$17,$24,$17,$1,$1,$2,$19,$0,$-147,$-0,$5,$24,$-6,$2,$2,$3,$0,$0,$1,$-2,$1,$-2,$-0,$0,$-1,$0,$0,$0,$0,$-1,$0,$0,$0,$0,$0,$0,$3,$3,$0,$1,$0
22,2013-03-31,4.65,$0.04,116.54,$0.32,14.52,$-0.99,0.0,$-0.43,0.0,$0.00B,$0.01B,0.41,$0.00B,$0.00B,1.97,$0.01B,$0.00B,80.00%,$0.01B,$-0.01B,-220.00%,$0.01B,$-0.01B,-220.00%,$0.01B,$-0.01B,-200.00%,$0.01B,$-0.01B,-280.00%,$0.01B,$-0.01B,-280.00%,$-0.01B,$0.00B,-430.77%,$-0.01B,$-0.01B,280.00%,$-0.01B,$0.01B,-100.00%,$-0.01B,$0.00B,-231.58%,$1,$1,$1,$0,$3,$4,$-2,$0,$-3,$0,$-3,$-3,$-3,$-2,$-2,$18,18,$-0.04,$-0.19,$2,$0,$0,$4,$0,$0,$8,$0,$8,$12,$10,$1,$1,$2,$12,$0,$-142,$-0,$1,$12,$-14,$2,$5,$7,$-0,$0,$1,$-0,$-0,$-7,$-0,$0,$-3,$0,$0,$0,$0,$-3,$0,$0,$0,$0,$0,$0,$3,$3,$-8,$4,$0
23,2012-12-31,3.75,$0.17,22.1,$0.38,9.93,$-0.78,0.0,$-2.29,0.0,$0.01B,$0.01B,0.52,$0.00B,$0.00B,0.61,$0.01B,$0.00B,80.00%,$0.01B,$-0.02B,-380.00%,$0.01B,$-0.02B,-380.00%,$0.01B,$-0.01B,-180.00%,$0.01B,$-0.03B,-660.00%,$0.01B,$-0.03B,-660.00%,$-0.03B,$0.00B,-733.33%,$-0.03B,$-0.01B,1200.00%,$-0.03B,$0.01B,-223.73%,$-0.02B,$0.01B,-292.31%,$2,$1,$1,$1,$4,$6,$-4,$-1,$-4,$0,$-4,$-4,$-4,$-3,$-4,$18,18,$-0.24,$-0.24,$2,$0,$0,$5,$0,$0,$10,$0,$10,$14,$9,$2,$1,$3,$11,$0,$-138,$-0,$3,$14,$-11,$1,$5,$6,$-0,$0,$-0,$-0,$-1,$-6,$0,$0,$-3,$0,$0,$0,$0,$-3,$0,$0,$0,$0,$0,$0,$2,$2,$-7,$4,$0
24,2012-09-30,4.1,$0.21,19.08,$0.50,8.27,$-0.51,0.0,$-3.04,0.0,$0.01B,$0.01B,0.59,$0.00B,$0.00B,0.42,$0.01B,$0.00B,80.00%,$0.01B,$-0.02B,-420.00%,$0.01B,$-0.02B,-420.00%,$0.01B,$-0.01B,-240.00%,$0.01B,$-0.04B,-720.00%,$0.01B,$-0.04B,-720.00%,$-0.04B,$0.00B,4800.00%,$-0.04B,$-0.01B,464.52%,$-0.04B,$0.02B,-221.54%,$-0.02B,$0.01B,-933.33%,$1,$0,$1,$0,$3,$4,$-3,$-1,$-4,$0,$-4,$-4,$-4,$-3,$-3,$17,17,$-0.22,$-0.22,$3,$0,$0,$6,$0,$0,$10,$0,$10,$16,$9,$2,$1,$2,$12,$0,$-134,$-0,$4,$16,$-7,$1,$3,$4,$-0,$0,$-0,$0,$-0,$-3,$-0,$0,$-3,$0,$0,$0,$0,$-3,$0,$0,$0,$0,$0,$0,$1,$1,$-6,$2,$0
25,2012-06-30,3.75,$0.33,11.47,$0.68,5.55,$-0.29,0.0,$-3.10,0.0,$0.01B,$0.01B,1.3,$0.00B,$0.01B,0.26,$0.01B,$0.00B,66.67%,$0.01B,$-0.02B,-316.67%,$0.01B,$-0.02B,-316.67%,$0.01B,$-0.01B,-150.00%,$0.01B,$-0.03B,-550.00%,$0.01B,$-0.03B,-550.00%,$-0.03B,$0.01B,2200.00%,$-0.03B,$0.00B,388.24%,$-0.03B,$0.01B,-212.90%,$-0.02B,$0.01B,-760.00%,$1,$1,$1,$0,$3,$4,$-2,$-0,$-3,$0,$-3,$-3,$-3,$-2,$-2,$17,17,$-0.16,$-0.16,$8,$0,$0,$9,$0,$0,$4,$0,$5,$14,$7,$1,$0,$1,$9,$0,$-130,$-0,$5,$14,$-3,$0,$1,$1,$0,$0,$-0,$-0,$-0,$-2,$0,$0,$0,$0,$0,$0,$0,$0,$0,$0,$0,$0,$0,$0,$1,$1,$-1,$1,$0
26,2012-03-31,4.68,$0.36,13.08,$0.83,5.66,$-0.23,0.0,$-3.05,0.0,$0.01B,$0.01B,1.68,$0.00B,$0.01B,0.55,$0.01B,$0.00B,57.14%,$0.01B,$-0.02B,-242.86%,$0.01B,$-0.02B,-242.86%,$0.01B,$-0.01B,-100.00%,$0.01B,$-0.03B,-442.86%,$0.01B,$-0.03B,-442.86%,$-0.03B,$0.01B,1377.78%,$-0.03B,$0.00B,288.37%,$-0.03B,$0.02B,-200.00%,$-0.02B,$0.01B,-755.56%,$1,$1,$1,$1,$4,$11,$-10,$-12,$-22,$0,$-22,$-22,$-22,$-1,$-10,$11,11,$-2.05,$-2.05,$9,$0,$0,$10,$0,$0,$4,$0,$5,$15,$6,$3,$0,$3,$9,$0,$-127,$-0,$6,$15,$-31,$10,$17,$10,$2,$0,$1,$-0,$6,$-2,$-0,$0,$0,$0,$0,$0,$0,$-0,$7,$0,$7,$0,$3,$0,$0,$10,$8,$7,$0
27,2011-12-31,3.25,$0.00,0.0,$0.69,4.69,$-0.06,0.0,$-1.00,0.0,$0.01B,$0.02B,0.47,$0.01B,$-0.02B,-0.33,$0.01B,$0.01B,62.50%,$0.01B,$-0.01B,-87.50%,$0.01B,$-0.01B,-87.50%,$0.01B,$-0.01B,-75.00%,$0.01B,$-0.01B,-125.00%,$0.01B,$-0.01B,-125.00%,$-0.01B,$-0.02B,333.33%,$-0.01B,$-0.03B,78.43%,$-0.01B,$0.02B,-65.57%,$-0.01B,$-0.01B,-400.00%,$2,$1,$1,$0,$7,$8,$-6,$-1,$-7,$0,$-7,$-7,$-7,$-6,$-6,$8,8,$-0.80,$-0.80,$7,$0,$0,$10,$0,$0,$10,$0,$10,$20,$21,$6,$11,$17,$37,$0,$-105,$0,$-18,$20,$-9,$1,$7,$8,$1,$0,$0,$-0,$0,$-0,$-0,$0,$0,$0,$0,$0,$0,$-0,$7,$-0,$7,$0,$0,$0,$0,$7,$7,$6,$0
28,2011-09-30,3.25,$0.00,0.0,$0.74,4.37,$-0.16,0.0,$-1.35,0.0,$0.00B,$0.01B,0.4,$0.01B,$0.00B,4.06,$0.01B,$0.01B,62.50%,$0.01B,$-0.00B,-37.50%,$0.01B,$-0.00B,-37.50%,$0.01B,$-0.00B,-25.00%,$0.01B,$-0.01B,-137.50%,$0.01B,$-0.01B,-137.50%,$-0.01B,$0.00B,-550.00%,$-0.01B,$-0.01B,137.50%,$-0.01B,$0.01B,-78.57%,$-0.00B,$0.01B,-48.00%,$2,$1,$1,$0,$1,$3,$-1,$-0,$-1,$0,$-1,$-1,$-1,$-0,$-1,$8,8,$-0.10,$-0.10,$1,$0,$0,$3,$0,$0,$10,$0,$10,$13,$7,$5,$0,$5,$12,$0,$-98,$0,$1,$13,$-2,$1,$0,$1,$1,$0,$-0,$-0,$1,$0,$-0,$0,$0,$0,$0,$0,$0,$-0,$0,$0,$0,$0,$0,$0,$0,$0,$-0,$0,$0
29,2011-06-30,2.3,$0.00,0.0,$0.80,2.88,$-0.26,0.0,$-1.55,0.0,$0.00B,$0.01B,0.46,$0.00B,$0.00B,2.15,$0.01B,$0.01B,62.50%,$0.01B,$-0.00B,-50.00%,$0.01B,$-0.00B,-50.00%,$0.01B,$-0.00B,-37.50%,$0.01B,$-0.01B,-150.00%,$0.01B,$-0.01B,-150.00%,$-0.01B,$0.00B,-282.35%,$-0.01B,$-0.01B,165.52%,$-0.01B,$0.01B,-72.73%,$-0.00B,$0.01B,-48.48%,$2,$1,$1,$1,$1,$2,$-0,$-0,$-1,$0,$-1,$-1,$-1,$-0,$-0,$8,8,$-0.10,$-0.10,$1,$0,$0,$3,$0,$0,$10,$0,$10,$14,$7,$4,$0,$4,$11,$0,$-98,$0,$2,$14,$-1,$0,$0,$1,$0,$0,$-0,$0,$-0,$-0,$-0,$0,$0,$0,$0,$0,$0,$-0,$0,$0,$0,$0,$0,$0,$0,$0,$-0,$0,$0
30,2011-03-31,2.9,$0.00,0.0,$0.93,3.1,$-0.28,0.0,$-1.15,0.0,$0.00B,$0.01B,0.52,$0.00B,$0.00B,1.64,$0.01B,$0.01B,66.67%,$0.01B,$-0.01B,-55.56%,$0.01B,$-0.01B,-55.56%,$0.01B,$-0.00B,-44.44%,$0.01B,$-0.01B,-144.44%,$0.01B,$-0.01B,-88.89%,$-0.01B,$0.00B,-118.52%,$-0.01B,$-0.01B,128.00%,$-0.01B,$0.01B,-42.11%,$-0.01B,$0.01B,-46.51%,$2,$0,$2,$0,$2,$3,$-0,$-1,$-1,$0,$-1,$-1,$-1,$0,$-0,$0,0,$0.00,$0.00,$1,$0,$0,$4,$0,$0,$10,$0,$10,$14,$7,$4,$0,$4,$12,$0,$-97,$0,$3,$14,$-9,$1,$-4,$-3,$0,$0,$0,$0,$2,$-2,$-0,$0,$-1,$0,$0,$0,$-1,$-2,$0,$0,$3,$0,$0,$0,$0,$3,$-1,$0,$0
31,2010-12-31,1.45,$0.00,0.0,$0.93,1.55,$-0.28,0.0,$-1.15,0.0,$0.01B,$0.01B,0.5,$0.00B,$0.00B,2.6,$-0.01B,$-0.01B,100.00%,$-0.01B,$-0.02B,211.11%,$-0.01B,$-0.02B,211.11%,$-0.01B,$-0.02B,200.00%,$-0.01B,$-0.07B,733.33%,$-0.01B,$-0.05B,533.33%,$-0.05B,$0.00B,-600.00%,$-0.05B,$-0.01B,738.46%,$-0.05B,$0.02B,-176.15%,$-0.02B,$0.01B,-172.73%,$2,$1,$1,$1,$2,$4,$-2,$-6,$-8,$0,$-8,$-8,$-8,$-2,$-2,$7,7,$-1.15,$-1.15,$2,$0,$0,$5,$0,$0,$10,$0,$10,$15,$9,$4,$0,$4,$13,$0,$-95,$0,$2,$15,$-8,$1,$-4,$-4,$0,$0,$0,$0,$4,$-1,$-0,$0,$0,$0,$0,$0,$-2,$-2,$0,$0,$3,$0,$0,$0,$0,$3,$-0,$0,$0
32,2010-09-30,1.95,$0.00,0.0,$1.86,1.05,$-0.59,0.0,$0.05,39.0,$0.01B,$0.01B,0.7,$0.00B,$0.01B,0.39,$-0.00B,$-0.00B,300.00%,$-0.00B,$-0.02B,1700.00%,$-0.00B,$-0.02B,1700.00%,$-0.00B,$-0.02B,1500.00%,$-0.00B,$-0.06B,5700.00%,$-0.00B,$-0.04B,3900.00%,$-0.04B,$0.01B,-197.47%,$-0.04B,$-0.01B,390.00%,$-0.04B,$0.02B,-86.67%,$-0.02B,$0.01B,-78.16%,$2,$1,$1,$1,$2,$4,$-2,$-1,$-2,$0,$-2,$-2,$-2,$-1,$-2,$7,7,$-0.30,$-0.30,$2,$0,$0,$6,$0,$0,$16,$0,$16,$23,$8,$4,$0,$4,$12,$0,$-87,$0,$10,$23,$0,$1,$-4,$-4,$0,$0,$0,$0,$3,$-0,$-0,$0,$0,$0,$0,$0,$-2,$-2,$0,$0,$3,$0,$0,$0,$0,$3,$0,$0,$0
33,2010-06-30,1.75,$0.00,0.0,$2.85,0.61,$-0.94,0.0,$0.20,8.75,$0.01B,$0.01B,0.88,$0.00B,$0.01B,0.29,$0.01B,$0.00B,42.86%,$0.01B,$-0.02B,-214.29%,$0.01B,$-0.02B,-214.29%,$0.01B,$-0.01B,-200.00%,$0.01B,$-0.06B,-800.00%,$0.01B,$-0.04B,-542.86%,$-0.04B,$0.01B,-129.91%,$-0.04B,$-0.00B,262.07%,$-0.04B,$0.02B,-62.30%,$-0.02B,$0.02B,-49.59%,$3,$1,$2,$1,$2,$4,$-1,$-1,$-2,$0,$-2,$-2,$3,$-1,$-1,$8,8,$0.35,$0.30,$3,$0,$0,$7,$0,$0,$16,$0,$16,$24,$8,$4,$0,$4,$12,$0,$-85,$0,$12,$24,$3,$0,$-4,$-4,$0,$0,$0,$0,$1,$-0,$-0,$0,$0,$0,$0,$0,$-1,$-1,$0,$0,$3,$0,$0,$0,$0,$3,$1,$0,$0
34,2010-03-31,2.0,$0.00,0.0,$3.75,0.53,$-0.89,0.0,$-0.20,0.0,$0.01B,$0.04B,0.34,$0.00B,$0.01B,0.0,$0.01B,$0.01B,78.57%,$0.01B,$-0.00B,-28.57%,$0.01B,$-0.00B,-28.57%,$0.01B,$-0.00B,-21.43%,$0.01B,$-0.04B,-314.29%,$0.01B,$-0.04B,-300.00%,$-0.04B,$0.01B,-160.00%,$-0.04B,$-0.01B,311.11%,$-0.04B,$0.05B,-76.36%,$-0.00B,$0.01B,-15.24%,$-16,$-3,$-13,$2,$-1,$-2,$-14,$-40,$-54,$-0,$-54,$-43,$-41,$-14,$-14,$0,0,$0.00,$0.00,$1,$0,$8,$13,$0,$0,$16,$17,$33,$47,$39,$0,$0,$0,$39,$0,$-87,$0,$8,$47,$-42,$2,$0,$2,$0,$0,$0,$0,$-3,$-3,$-0,$0,$0,$0,$0,$0,$0,$-0,$0,$0,$0,$0,$0,$0,$0,$0,$-4,$0,$0
35,2009-12-31,2.5,$0.00,0.0,$3.75,0.67,$-0.89,0.0,$-0.20,0.0,$0.01B,$0.04B,0.37,$0.00B,$0.05B,0.0,$0.04B,$0.03B,85.00%,$0.04B,$0.02B,50.00%,$0.04B,$0.02B,50.00%,$0.04B,$0.02B,52.50%,$0.04B,$0.02B,50.00%,$0.04B,$-0.03B,-85.00%,$-0.03B,$0.05B,-140.21%,$-0.03B,$-0.02B,295.65%,$-0.03B,$0.09B,-78.61%,$0.02B,$0.05B,82.47%,$10,$3,$7,$1,$5,$10,$0,$1,$1,$0,$1,$1,$1,$1,$0,$8,8,$0.05,$0.05,$2,$0,$2,$14,$0,$0,$71,$0,$71,$86,$37,$0,$0,$0,$37,$0,$-46,$0,$49,$86,$-2,$1,$0,$1,$0,$0,$0,$0,$-5,$-3,$-1,$0,$0,$0,$0,$0,$0,$-1,$0,$0,$0,$0,$0,$0,$0,$0,$-4,$0,$0
36,2009-09-30,2.5,$0.00,0.0,$4.01,0.62,$-0.41,0.0,$-0.60,0.0,$0.02B,$0.04B,0.37,$0.00B,$0.05B,0.0,$0.04B,$0.04B,92.68%,$0.04B,$0.03B,75.61%,$0.04B,$0.03B,75.61%,$0.04B,$0.03B,75.61%,$0.04B,$0.03B,73.17%,$0.04B,$-0.04B,-92.68%,$-0.04B,$0.05B,-316.67%,$-0.04B,$-0.02B,633.33%,$-0.04B,$0.09B,-174.71%,$0.03B,$0.05B,258.33%,$10,$3,$7,$1,$6,$11,$-0,$-0,$-1,$0,$-1,$-1,$-1,$0,$-0,$8,8,$-0.15,$-0.15,$3,$0,$1,$15,$0,$0,$71,$0,$71,$87,$39,$0,$0,$0,$39,$0,$-47,$0,$48,$87,$-2,$1,$0,$1,$0,$0,$0,$0,$-3,$-3,$-0,$0,$0,$0,$0,$0,$0,$-0,$0,$0,$0,$0,$0,$0,$0,$0,$-3,$0,$0
37,2009-06-30,3.0,$0.00,0.0,$3.51,0.85,0,0.0,$-0.90,0.0,$0.00B,$0.00B,0.0,$0.00B,$0.00B,0.0,$0.04B,$0.04B,100.00%,$0.04B,$0.04B,100.00%,$0.04B,$0.04B,100.00%,$0.04B,$0.04B,100.00%,$0.04B,$0.04B,100.00%,$0.04B,$-0.04B,-111.11%,$-0.04B,$0.00B,inf%,$-0.04B,$0.00B,inf%,$-0.04B,$0.00B,inf%,$0.04B,$0.00B,inf%,$10,$0,$10,$0,$0,$0,$10,$0,$10,$0,$10,$-1,$-1,$10,$10,$8,8,$-0.10,$-0.10,$0,$0,$0,$0,$0,$0,$0,$0,$0,$0,$0,$0,$0,$0,$0,$0,$0,$0,$0,$0,$0,$0,$0,$0,$0,$0,$0,$0,$0,$0,$0,$0,$0,$0,$0,$0,$0,$0,$0,$0,$0,$0,$0,$0,$0,$0,$0,$0,$0
38,2009-03-31,4.55,$0.00,0.0,$3.07,1.48,0,0.0,$-1.30,0.0,$0.00B,$0.00B,0.0,$0.00B,$0.00B,0.0,$0.03B,$0.03B,100.00%,$0.03B,$0.03B,100.00%,$0.03B,$0.03B,100.00%,$0.03B,$0.03B,100.00%,$0.03B,$0.03B,100.00%,$0.03B,$-0.04B,-135.48%,$-0.04B,$0.00B,inf%,$-0.04B,$0.00B,inf%,$-0.04B,$0.00B,inf%,$0.03B,$0.00B,inf%,$10,$0,$10,$0,$0,$0,$10,$0,$10,$0,$10,$10,$-33,$10,$10,$0,0,$0.00,$0.00,$0,$0,$0,$0,$0,$0,$0,$0,$0,$0,$0,$0,$0,$0,$0,$0,$0,$0,$0,$0,$0,$0,$0,$0,$0,$0,$0,$0,$0,$0,$0,$0,$0,$0,$0,$0,$0,$0,$0,$0,$0,$0,$0,$0,$0,$0,$0,$0,$0
