,Date,Stock Price,Book Value per Share,Price to Book Ratio,TTM Sales per Share,Price to Sales Ratio,TTM FCF per Share,Price to FCF Ratio,TTM Net EPS,PE Ratio,Current Assets,Current Liabilities,Current Ratio,Long Term Debt,Shareholder's Equity_x,Debt to Equity Ratio,TTM Revenue_x,TTM Gross Profit,Gross Margin,TTM Revenue_y,TTM Operating Income,Operating Margin,TTM Revenue_x,TTM EBIT,EBIT Margin,TTM Revenue_y,TTM EBITDA,EBITDA Margin,TTM Revenue_x,TTM Pre-Tax Income,Pre-Tax Margin,TTM Revenue_y,TTM Net Income_x,Net Margin,TTM Net Income_y,Shareholder's Equity_y,Return on Equity,TTM Net Income_x,Tangible Equity,Return on Tangible Equity,TTM Net Income_y,Total Assets,Return on Assets,TTM Net Income,LT Investments & Debt,Return on Investment,revenue,cost-goods-sold,gross-profit,research-development-expenses,selling-general-administrative-expenses,operating-expenses,operating-income,total-non-operating-income-expense,pre-tax-income,total-provision-income-taxes,income-after-taxes,income-from-continuous-operations,net-income,ebitda,ebit,basic-shares-outstanding,shares-outstanding,eps-basic-net-earnings-per-share,eps-earnings-per-share-diluted,cash-on-hand,inventory,other-current-assets,total-current-assets,net-property-plant-equipment,long-term-investments,goodwill-intangible-assets-total,other-long-term-assets,total-long-term-assets,total-assets,total-current-liabilities,long-term-debt,other-non-current-liabilities,total-long-term-liabilities,total-liabilities,common-stock-net,retained-earnings-accumulated-deficit,comprehensive-income,total-share-holder-equity,total-liabilities-share-holders-equity,net-income-loss,total-depreciation-amortization-cash-flow,other-non-cash-items,total-non-cash-items,change-in-accounts-receivable,change-in-inventories,change-in-accounts-payable,change-in-assets-liabilities,total-change-in-assets-liabilities,cash-flow-from-operating-activities,net-change-in-property-plant-equipment,net-change-in-intangible-assets,net-acquisitions-divestitures,net-change-in-short-term-investments,net-change-in-long-term-investments,net-change-in-investments-total,investing-activities-other,cash-flow-from-investing-activities,net-long-term-debt,net-current-debt,debt-issuance-retirement-net-total,net-common-equity-issued-repurchased,net-total-equity-issued-repurchased,total-common-preferred-stock-dividends-paid,financial-activities-other,cash-flow-from-financial-activities,net-cash-flow,stock-based-compensation,common-stock-dividends-paid
0,2018-09-30,17.58,$37.08,0.47,$9.90,1.78,$-42.72,0.0,$-1.40,0.0,$0.13B,$2.19B,0.06,$0.07B,$1.51B,0.04,$0.37B,$0.26B,70.97%,$0.37B,$0.06B,16.67%,$0.37B,$0.06B,16.67%,$0.37B,$0.22B,59.68%,$0.37B,$0.01B,3.23%,$0.37B,$-0.07B,-18.28%,$-0.07B,$1.51B,-4.87%,$-0.07B,$1.40B,-5.26%,$-0.07B,$4.15B,-1.85%,$0.06B,$1.58B,4.29%,$104,$33,$71,$0,$3,$89,$15,$-7,$8,$0,$8,$8,$-14,$59,$15,$40,40,$-0.35,$-0.35,$86,$0,$0,$134,$3539,$0,$113,$355,$4016,$4150,$2194,$66,$377,$443,$2638,$0,$0,$0,$1512,$4150,$17,$126,$-39,$87,$-4,$0,$0,$-7,$8,$112,$-616,$0,$4,$29,$-150,$-122,$108,$-626,$311,$0,$311,$320,$311,$-91,$-4,$527,$13,$0,$-29
1,2018-06-30,16.99,$36.08,0.47,$9.55,1.78,$-38.52,0.0,$-1.89,0.0,$0.11B,$2.05B,0.06,$0.05B,$1.43B,0.03,$0.34B,$0.25B,71.72%,$0.34B,$0.06B,18.66%,$0.34B,$0.06B,18.66%,$0.34B,$0.21B,60.93%,$0.34B,$0.00B,1.17%,$0.34B,$-0.07B,-20.41%,$-0.07B,$1.43B,-5.34%,$-0.07B,$1.33B,-5.76%,$-0.07B,$3.91B,-2.08%,$0.06B,$1.48B,4.71%,$96,$29,$67,$0,$3,$79,$17,$-22,$-5,$0,$-5,$-5,$-26,$59,$17,$39,39,$-0.66,$-0.66,$75,$0,$0,$113,$3325,$0,$100,$361,$3796,$3908,$2048,$49,$377,$427,$2475,$0,$0,$0,$1433,$3908,$9,$82,$-21,$61,$-2,$0,$0,$-5,$3,$73,$-382,$0,$-2,$19,$-123,$-104,$116,$-372,$154,$0,$154,$217,$208,$-59,$-3,$301,$2,$0,$-19
2,2018-03-31,13.95,$34.71,0.4,$9.47,1.47,$-32.01,0.0,$-1.63,0.0,$0.11B,$1.91B,0.06,$0.02B,$1.36B,0.02,$0.32B,$0.23B,71.70%,$0.32B,$0.06B,19.18%,$0.32B,$0.06B,19.18%,$0.32B,$0.19B,60.38%,$0.32B,$0.01B,3.77%,$0.32B,$-0.06B,-17.61%,$-0.06B,$1.36B,-4.58%,$-0.06B,$1.26B,-4.96%,$-0.06B,$3.39B,-1.83%,$0.06B,$1.39B,4.80%,$90,$27,$63,$0,$3,$75,$15,$-1,$14,$0,$14,$14,$-6,$55,$15,$39,39,$-0.14,$-0.14,$67,$0,$0,$108,$3103,$0,$100,$74,$3287,$3394,$1910,$24,$99,$123,$2033,$0,$0,$0,$1361,$3394,$14,$40,$-22,$18,$1,$0,$0,$-2,$-1,$31,$-178,$0,$0,$9,$-69,$-60,$81,$-157,$51,$0,$51,$99,$99,$-29,$-1,$120,$-6,$0,$-10
3,2017-12-31,19.57,$33.21,0.59,$9.63,2.03,$-33.88,0.0,$-0.95,0.0,$0.11B,$1.82B,0.06,$0.06B,$1.28B,0.04,$0.30B,$0.21B,71.53%,$0.30B,$0.06B,20.34%,$0.30B,$0.06B,20.34%,$0.30B,$0.18B,59.66%,$0.30B,$0.03B,9.49%,$0.30B,$-0.04B,-11.86%,$-0.04B,$1.28B,-3.11%,$-0.04B,$1.18B,-3.38%,$-0.04B,$3.25B,-1.23%,$0.06B,$1.34B,5.02%,$82,$18,$63,$0,$9,$67,$15,$-19,$-5,$0,$-5,$-5,$-22,$49,$15,$32,32,$-0.78,$-0.78,$73,$0,$0,$113,$2949,$0,$103,$79,$3139,$3252,$1824,$56,$92,$148,$1972,$0,$4,$0,$1281,$3252,$29,$117,$-38,$79,$-12,$0,$0,$-14,$-21,$86,$-681,$0,$-2,$34,$-148,$-114,$74,$-724,$285,$0,$285,$458,$458,$-89,$-7,$646,$9,$0,$-27
4,2017-09-30,18.03,$32.87,0.55,$9.54,1.89,$-54.80,0.0,$-1.01,0.0,$0.11B,$1.62B,0.07,$0.06B,$1.17B,0.05,$0.27B,$0.20B,71.69%,$0.27B,$0.06B,20.22%,$0.27B,$0.06B,20.22%,$0.27B,$0.16B,58.82%,$0.27B,$0.03B,10.66%,$0.27B,$-0.03B,-11.03%,$-0.03B,$1.17B,-2.93%,$-0.03B,$1.08B,-3.18%,$-0.03B,$2.93B,-1.14%,$0.06B,$1.23B,4.91%,$75,$22,$53,$0,$3,$58,$17,$-17,$0,$0,$0,$0,$-16,$46,$17,$34,34,$-0.49,$-0.49,$68,$0,$0,$110,$2650,$0,$86,$74,$2818,$2928,$1619,$61,$78,$139,$1758,$0,$9,$0,$1170,$2928,$33,$83,$-40,$43,$-8,$0,$0,$-12,$-6,$70,$-349,$0,$2,$23,$-119,$-96,$15,$-427,$111,$0,$111,$320,$315,$-64,$-6,$356,$-0,$0,$-19
5,2017-06-30,14.85,$33.23,0.45,$9.50,1.56,$-75.02,0.0,$-1.08,0.0,$0.10B,$1.44B,0.07,$0.06B,$1.08B,0.05,$0.25B,$0.18B,71.31%,$0.25B,$0.05B,19.12%,$0.25B,$0.05B,19.12%,$0.25B,$0.15B,57.77%,$0.25B,$0.03B,10.36%,$0.25B,$-0.03B,-11.16%,$-0.03B,$1.08B,-3.02%,$-0.03B,$1.00B,-3.27%,$-0.03B,$2.64B,-1.15%,$0.05B,$1.13B,4.64%,$71,$22,$49,$0,$3,$57,$14,$-10,$3,$0,$3,$3,$-12,$42,$14,$30,30,$-0.40,$-0.40,$61,$0,$0,$101,$2395,$0,$81,$55,$2539,$2640,$1441,$57,$64,$121,$1562,$0,$9,$0,$1077,$2640,$33,$54,$-38,$16,$-4,$0,$0,$-7,$-7,$42,$-82,$0,$-1,$14,$-70,$-56,$-6,$-145,$-58,$0,$-58,$204,$200,$-41,$-5,$96,$-7,$0,$-12
6,2017-03-31,12.27,$35.58,0.34,$9.10,1.35,$-89.33,0.0,$-1.08,0.0,$0.11B,$1.41B,0.08,$0.12B,$0.97B,0.12,$0.23B,$0.16B,71.24%,$0.23B,$0.04B,17.70%,$0.23B,$0.04B,17.70%,$0.23B,$0.13B,56.19%,$0.23B,$0.02B,10.18%,$0.23B,$-0.03B,-11.06%,$-0.03B,$0.97B,-3.01%,$-0.03B,$0.89B,-3.24%,$-0.03B,$2.54B,-1.13%,$0.04B,$1.08B,4.29%,$67,$21,$46,$0,$2,$52,$14,$16,$30,$0,$30,$30,$15,$39,$14,$27,27,$0.54,$0.54,$67,$0,$0,$106,$2307,$0,$80,$46,$2439,$2544,$1406,$115,$56,$171,$1577,$0,$6,$0,$967,$2544,$30,$25,$-31,$-6,$-2,$0,$0,$-3,$-5,$18,$-170,$0,$0,$8,$-16,$-9,$107,$-71,$1,$0,$1,$73,$73,$-20,$-2,$52,$-1,$0,$-6
7,2016-12-31,13.62,$33.41,0.41,$8.44,1.61,$-92.81,0.0,$-2.11,0.0,$0.11B,$1.34B,0.08,$0.15B,$0.89B,0.17,$0.20B,$0.14B,71.14%,$0.20B,$0.03B,15.92%,$0.20B,$0.03B,15.92%,$0.20B,$0.11B,54.23%,$0.20B,$-0.01B,-4.98%,$0.20B,$-0.05B,-25.37%,$-0.05B,$0.89B,-6.88%,$-0.05B,$0.81B,-7.33%,$-0.05B,$2.42B,-2.60%,$0.03B,$1.03B,3.90%,$59,$12,$47,$0,$8,$49,$10,$-14,$-4,$0,$-4,$-4,$-17,$33,$10,$24,24,$-0.66,$-0.66,$68,$0,$0,$105,$2194,$0,$79,$37,$2316,$2421,$1341,$148,$46,$194,$1536,$0,$-23,$0,$885,$2421,$-10,$79,$-9,$70,$-4,$0,$0,$0,$2,$62,$-1010,$0,$-1,$31,$-151,$-120,$4,$-1127,$702,$0,$702,$435,$435,$-57,$-5,$1075,$10,$0,$-19
8,2016-09-30,12.15,$31.83,0.38,$7.51,1.62,$-70.82,0.0,$-1.75,0.0,$0.08B,$1.20B,0.07,$0.10B,$0.79B,0.13,$0.18B,$0.12B,69.32%,$0.18B,$0.03B,15.91%,$0.18B,$0.03B,15.91%,$0.18B,$0.09B,53.41%,$0.18B,$-0.01B,-3.41%,$0.18B,$-0.04B,-23.30%,$-0.04B,$0.79B,-6.30%,$-0.04B,$0.74B,-6.60%,$-0.04B,$2.12B,-2.44%,$0.03B,$0.89B,3.96%,$54,$16,$37,$0,$2,$44,$10,$-12,$-3,$0,$-3,$-3,$-14,$31,$10,$24,24,$-0.56,$-0.56,$43,$0,$0,$79,$1954,$0,$50,$35,$2045,$2124,$1204,$102,$33,$135,$1339,$0,$-19,$0,$785,$2124,$-6,$56,$-6,$50,$-1,$0,$0,$0,$10,$54,$-748,$0,$-3,$24,$-123,$-100,$18,$-833,$520,$0,$520,$310,$310,$-40,$-3,$787,$8,$0,$-14
9,2016-06-30,13.04,$28.99,0.45,$6.65,1.96,$-55.23,0.0,$-1.50,0.0,$0.07B,$1.01B,0.07,$0.04B,$0.69B,0.06,$0.15B,$0.11B,69.74%,$0.15B,$0.02B,14.47%,$0.15B,$0.02B,14.47%,$0.15B,$0.08B,51.32%,$0.15B,$-0.01B,-3.29%,$0.15B,$-0.03B,-22.37%,$-0.03B,$0.69B,-6.01%,$-0.03B,$0.66B,-6.24%,$-0.03B,$1.76B,-2.39%,$0.02B,$0.73B,3.63%,$46,$15,$31,$0,$2,$40,$6,$-5,$0,$0,$0,$0,$-9,$24,$6,$23,23,$-0.40,$-0.40,$29,$0,$0,$70,$1615,$0,$28,$39,$1687,$1757,$1006,$42,$22,$64,$1070,$0,$-17,$0,$687,$1757,$-3,$34,$-2,$31,$0,$0,$0,$0,$5,$33,$-398,$0,$-11,$14,$-76,$-62,$7,$-463,$271,$0,$271,$190,$190,$-25,$-2,$434,$3,$0,$-9
10,2016-03-31,11.07,$26.27,0.42,$5.77,1.92,$-47.87,0.0,$-1.27,0.0,$0.06B,$0.88B,0.07,$0.03B,$0.61B,0.05,$0.13B,$0.09B,70.77%,$0.13B,$0.02B,16.15%,$0.13B,$0.02B,16.15%,$0.13B,$0.07B,51.54%,$0.13B,$-0.01B,-3.85%,$0.13B,$-0.03B,-22.31%,$-0.03B,$0.61B,-5.90%,$-0.03B,$0.58B,-6.11%,$-0.03B,$1.54B,-2.39%,$0.02B,$0.64B,4.01%,$42,$14,$28,$0,$2,$36,$6,$-9,$-3,$0,$-3,$-3,$-11,$21,$6,$23,23,$-0.49,$-0.49,$44,$0,$0,$57,$1427,$0,$22,$25,$1479,$1537,$881,$31,$20,$50,$931,$0,$-17,$0,$606,$1537,$-3,$16,$2,$17,$-0,$0,$0,$0,$-0,$13,$-222,$0,$-3,$6,$-57,$-51,$23,$-253,$158,$0,$158,$96,$96,$-12,$-0,$242,$2,$0,$-4
11,2015-12-31,11.24,$23.08,0.49,$4.94,2.28,$-41.96,0.0,$-0.96,0.0,$0.05B,$0.68B,0.08,$0.05B,$0.53B,0.09,$0.11B,$0.08B,73.39%,$0.11B,$0.02B,17.43%,$0.11B,$0.02B,17.43%,$0.11B,$0.06B,53.21%,$0.11B,$-0.00B,-2.75%,$0.11B,$-0.02B,-20.18%,$-0.02B,$0.53B,-5.19%,$-0.02B,$0.51B,-5.38%,$-0.02B,$1.30B,-2.15%,$0.02B,$0.57B,4.21%,$34,$8,$26,$0,$4,$28,$6,$-6,$-0,$0,$-0,$-0,$-7,$18,$6,$22,22,$-0.29,$-0.29,$15,$0,$0,$53,$1191,$0,$19,$26,$1243,$1296,$675,$48,$47,$95,$770,$0,$-14,$0,$525,$1296,$-2,$38,$-4,$34,$-2,$0,$0,$0,$4,$35,$-425,$0,$-1,$13,$-114,$-102,$-6,$-534,$263,$0,$263,$270,$270,$-33,$-2,$498,$-1,$0,$-16
12,2015-09-30,9.19,$19.89,0.46,$4.56,2.02,$-40.84,0.0,$-0.77,0.0,$0.05B,$0.60B,0.08,$0.04B,$0.44B,0.09,$0.10B,$0.07B,71.58%,$0.10B,$0.02B,18.95%,$0.10B,$0.02B,18.95%,$0.10B,$0.05B,54.74%,$0.10B,$-0.00B,-3.16%,$0.10B,$-0.02B,-17.89%,$-0.02B,$0.44B,-4.65%,$-0.02B,$0.43B,-4.83%,$-0.02B,$1.11B,-1.95%,$0.02B,$0.49B,4.62%,$30,$9,$21,$0,$1,$26,$4,$-6,$-2,$0,$-2,$-2,$-7,$15,$4,$22,22,$-0.31,$-0.31,$20,$0,$0,$48,$1018,$0,$15,$17,$1056,$1105,$604,$41,$16,$57,$661,$0,$-13,$0,$444,$1105,$-2,$26,$-1,$25,$-1,$0,$0,$0,$5,$28,$-316,$0,$0,$9,$-84,$-75,$6,$-386,$207,$0,$207,$180,$180,$-23,$-2,$362,$5,$0,$-12
13,2015-06-30,8.27,$17.52,0.47,$3.97,2.08,$-43.68,0.0,$-0.75,0.0,$0.04B,$0.49B,0.08,$0.01B,$0.39B,0.03,$0.08B,$0.06B,73.08%,$0.08B,$0.01B,16.67%,$0.08B,$0.01B,16.67%,$0.08B,$0.04B,50.00%,$0.08B,$-0.00B,-5.13%,$0.08B,$-0.02B,-19.23%,$-0.02B,$0.39B,-4.76%,$-0.02B,$0.38B,-4.96%,$-0.02B,$0.91B,-1.95%,$0.01B,$0.40B,3.84%,$24,$7,$17,$0,$2,$19,$5,$-5,$0,$0,$0,$0,$-4,$13,$5,$22,22,$-0.17,$-0.17,$31,$0,$0,$39,$836,$0,$12,$15,$870,$909,$494,$12,$13,$25,$519,$0,$-12,$0,$390,$909,$-0,$16,$0,$16,$0,$0,$0,$0,$3,$18,$-202,$0,$0,$5,$-47,$-41,$16,$-228,$113,$0,$113,$115,$115,$-14,$-1,$213,$4,$0,$-8
14,2015-03-31,8.84,$15.14,0.58,$3.62,2.44,$-35.17,0.0,$-0.53,0.0,$0.04B,$0.43B,0.09,$0.01B,$0.34B,0.03,$0.07B,$0.05B,74.24%,$0.07B,$0.01B,18.18%,$0.07B,$0.01B,18.18%,$0.07B,$0.03B,50.00%,$0.07B,$-0.00B,-3.03%,$0.07B,$-0.01B,-15.15%,$-0.01B,$0.34B,-3.75%,$-0.01B,$0.32B,-3.89%,$-0.01B,$0.79B,-1.57%,$0.01B,$0.35B,4.05%,$21,$6,$16,$0,$2,$18,$4,$-4,$-1,$0,$-1,$-1,$-4,$12,$4,$22,22,$-0.18,$-0.18,$28,$0,$0,$38,$712,$0,$12,$16,$751,$789,$430,$11,$12,$24,$454,$0,$-12,$0,$335,$789,$-1,$8,$-0,$8,$0,$0,$0,$0,$1,$8,$-77,$0,$0,$2,$-24,$-22,$7,$-93,$47,$0,$47,$50,$50,$-7,$-0,$90,$5,$0,$-4
15,2014-12-31,7.31,$13.62,0.54,$3.36,2.18,$-32.04,0.0,$-0.26,0.0,$0.04B,$0.36B,0.1,$0.03B,$0.29B,0.11,$0.06B,$0.04B,73.21%,$0.06B,$0.01B,23.21%,$0.06B,$0.01B,23.21%,$0.06B,$0.03B,50.00%,$0.06B,$0.00B,3.57%,$0.06B,$-0.01B,-8.93%,$-0.01B,$0.29B,-2.21%,$-0.01B,$0.28B,-2.27%,$-0.01B,$0.69B,-0.94%,$0.01B,$0.32B,4.96%,$20,$6,$14,$0,$1,$15,$5,$-5,$0,$0,$0,$0,$-2,$12,$5,$17,17,$-0.16,$-0.16,$8,$0,$0,$37,$623,$0,$13,$12,$655,$691,$355,$32,$12,$44,$400,$0,$-11,$0,$292,$691,$2,$16,$-3,$13,$-2,$0,$0,$0,$0,$15,$-302,$0,$0,$0,$-55,$-55,$0,$-356,$212,$0,$212,$143,$143,$-17,$-2,$335,$-6,$0,$-11
16,2014-09-30,6.55,$12.23,0.54,$3.30,1.98,$-18.43,0.0,$-0.12,0.0,$0.04B,$0.40B,0.11,$0.04B,$0.24B,0.16,$0.05B,$0.04B,76.09%,$0.05B,$0.01B,23.91%,$0.05B,$0.01B,23.91%,$0.05B,$0.02B,52.17%,$0.05B,$0.00B,8.70%,$0.05B,$-0.00B,-6.52%,$-0.00B,$0.24B,-1.54%,$-0.00B,$0.23B,-1.56%,$-0.00B,$0.69B,-0.68%,$0.01B,$0.28B,4.79%,$13,$3,$10,$0,$1,$14,$-1,$-2,$-3,$0,$-3,$-3,$-5,$2,$-1,$18,18,$-0.29,$-0.29,$18,$0,$0,$44,$609,$0,$13,$9,$644,$688,$395,$39,$11,$50,$445,$0,$-11,$0,$243,$688,$2,$8,$-2,$6,$0,$0,$0,$0,$2,$10,$-287,$0,$0,$-4,$-40,$-43,$-2,$-333,$254,$0,$254,$88,$88,$-12,$-2,$327,$4,$0,$-8
17,2014-06-30,6.86,$11.81,0.58,$3.35,2.05,$-5.24,0.0,$0.09,76.19,$0.04B,$0.14B,0.28,$0.04B,$0.20B,0.19,$0.04B,$0.03B,73.81%,$0.04B,$0.01B,33.33%,$0.04B,$0.01B,33.33%,$0.04B,$0.03B,59.52%,$0.04B,$0.01B,16.67%,$0.04B,$0.00B,2.38%,$0.00B,$0.20B,0.61%,$0.00B,$0.20B,0.61%,$0.00B,$0.38B,0.29%,$0.01B,$0.23B,7.14%,$12,$3,$9,$0,$1,$8,$4,$-2,$2,$0,$2,$2,$1,$7,$4,$16,16,$0.05,$0.05,$23,$0,$0,$40,$326,$0,$0,$7,$342,$383,$144,$37,$4,$42,$186,$0,$-8,$0,$196,$383,$5,$5,$-1,$4,$0,$0,$0,$-0,$1,$11,$-7,$0,$0,$-5,$-25,$-31,$-4,$-41,$7,$0,$7,$33,$33,$-8,$-2,$31,$0,$0,$-5
18,2014-03-31,6.12,$11.44,0.53,$3.55,1.72,$-9.24,0.0,$-1.22,0.0,$0.03B,$0.14B,0.22,$0.03B,$0.18B,0.18,$0.04B,$0.03B,71.05%,$0.04B,$0.01B,23.68%,$0.04B,$0.01B,23.68%,$0.04B,$0.02B,57.89%,$0.04B,$0.00B,5.26%,$0.04B,$-0.01B,-26.32%,$-0.01B,$0.18B,-6.93%,$-0.01B,$0.18B,-6.98%,$-0.01B,$0.36B,-3.23%,$0.01B,$0.21B,5.32%,$11,$3,$8,$0,$1,$7,$5,$-2,$3,$0,$3,$3,$1,$7,$5,$15,16,$0.09,$0.09,$19,$0,$0,$32,$310,$0,$0,$5,$323,$355,$143,$32,$4,$36,$179,$0,$-11,$0,$176,$355,$3,$2,$-1,$2,$0,$0,$0,$0,$1,$5,$-6,$0,$0,$-3,$-5,$-7,$-1,$-14,$3,$0,$3,$11,$11,$-4,$-1,$9,$-0,$0,$-2
19,2013-12-31,5.99,$10.86,0.55,$3.83,1.56,$-13.15,0.0,$-2.10,0.0,$0.03B,$0.14B,0.2,$0.03B,$0.17B,0.18,$0.03B,$0.02B,71.88%,$0.03B,$0.00B,6.25%,$0.03B,$0.00B,6.25%,$0.03B,$0.02B,53.13%,$0.03B,$-0.00B,-12.50%,$0.03B,$-0.02B,-46.88%,$-0.02B,$0.17B,-12.88%,$-0.02B,$0.17B,-13.10%,$-0.02B,$0.34B,-5.43%,$0.00B,$0.20B,1.50%,$10,$3,$8,$0,$0,$7,$3,$-2,$2,$0,$2,$2,$0,$8,$3,$9,9,$0.54,$0.54,$18,$0,$0,$28,$301,$0,$1,$4,$313,$342,$143,$29,$4,$33,$176,$0,$-13,$0,$166,$342,$-4,$15,$-2,$13,$-0,$0,$0,$0,$-1,$9,$-36,$0,$0,$0,$-86,$-86,$-16,$-138,$15,$0,$15,$94,$131,$-8,$-3,$135,$6,$0,$-5
20,2013-09-30,5.93,$11.02,0.54,$3.46,1.71,$-9.57,0.0,$-2.09,0.0,$0.03B,$0.13B,0.19,$0.03B,$0.12B,0.21,$0.03B,$0.02B,65.38%,$0.03B,0,0.00%,$0.03B,0,0.00%,$0.03B,$0.01B,42.31%,$0.03B,$-0.01B,-23.08%,$0.03B,$-0.02B,-57.69%,$-0.02B,$0.12B,-17.14%,$-0.02B,$0.12B,-17.49%,$-0.02B,$0.28B,-6.78%,$0.00B,$0.15B,0.00%,$9,$3,$6,$0,$0,$7,$2,$-2,$-0,$0,$-0,$-0,$-1,$3,$2,$11,11,$-0.08,$-0.08,$12,$0,$0,$25,$245,$0,$1,$3,$255,$280,$131,$25,$3,$28,$158,$0,$-15,$0,$122,$280,$-6,$11,$1,$12,$0,$0,$0,$0,$0,$6,$-35,$0,$0,$-3,$-44,$-47,$-10,$-92,$11,$0,$11,$48,$85,$-6,$-1,$88,$2,$0,$-3
21,2013-06-30,6.46,$10.21,0.63,$3.30,1.96,$-6.46,0.0,$-2.01,0.0,$0.02B,$0.13B,0.16,$0.01B,$0.11B,0.13,$0.02B,$0.01B,65.00%,$0.02B,$-0.00B,-5.00%,$0.02B,$-0.00B,-5.00%,$0.02B,$0.01B,45.00%,$0.02B,$-0.01B,-30.00%,$0.02B,$-0.01B,-70.00%,$-0.01B,$0.11B,-20.59%,$-0.01B,$0.11B,-21.05%,$-0.01B,$0.26B,-7.76%,$-0.00B,$0.13B,-1.27%,$8,$3,$5,$0,$0,$8,$-1,$-2,$-3,$0,$-3,$-3,$-10,$4,$-1,$8,8,$-1.26,$-1.26,$12,$0,$0,$21,$229,$0,$2,$1,$239,$260,$131,$14,$2,$17,$148,$0,$-15,$0,$113,$260,$-6,$9,$-0,$9,$-0,$0,$0,$0,$0,$3,$-34,$0,$0,$-1,$-26,$-27,$-7,$-68,$0,$0,$0,$36,$73,$-3,$-1,$69,$5,$0,$-2
22,2013-03-31,6.73,$12.24,0.55,$2.91,2.31,$-2.39,0.0,$-0.81,0.0,$0.01B,$0.12B,0.1,$0.00B,$0.07B,0.0,$0.02B,$0.01B,66.67%,$0.02B,0,0.00%,$0.02B,0,0.00%,$0.02B,$0.01B,40.00%,$0.02B,$-0.00B,-20.00%,$0.02B,$-0.00B,-26.67%,$-0.00B,$0.07B,-7.96%,$-0.00B,$0.06B,-8.12%,$-0.00B,$0.22B,-2.85%,$0.00B,$0.07B,0.00%,$5,$2,$4,$0,$0,$8,$-2,$-1,$-3,$0,$-3,$-3,$-4,$2,$-2,$5,5,$-0.79,$-0.79,$8,$0,$0,$12,$199,$0,$4,$1,$210,$222,$118,$0,$2,$39,$157,$0,$-13,$0,$65,$222,$-3,$4,$-0,$4,$-0,$0,$0,$0,$-0,$1,$-22,$0,$0,$0,$-5,$-5,$-1,$-28,$-26,$0,$-26,$20,$57,$-1,$-0,$30,$2,$0,$-1
23,2012-12-31,5.41,$9.47,0.57,$2.42,2.24,$1.73,3.14,$-0.11,0.0,$0.01B,$0.06B,0.12,$0.02B,$0.05B,0.3,$0.01B,$0.01B,61.54%,$0.01B,$0.00B,15.38%,$0.01B,$0.00B,15.38%,$0.01B,$0.01B,38.46%,$0.01B,0,0.00%,$0.01B,0,0.00%,$0.00B,$0.05B,0.00%,$0.00B,$0.05B,0.00%,$0.00B,$0.12B,0.00%,$0.00B,$0.07B,3.96%,$4,$1,$2,$0,$0,$3,$1,$-1,$0,$0,$0,$0,$0,$2,$1,$5,5,$0.03,$0.03,$4,$0,$0,$7,$111,$0,$0,$1,$116,$123,$57,$15,$1,$16,$73,$0,$-9,$0,$50,$123,$-0,$4,$1,$4,$-0,$0,$0,$0,$0,$4,$-0,$0,$0,$-1,$-29,$-30,$-2,$-33,$14,$0,$14,$18,$18,$-3,$-2,$27,$-2,$0,$-3
24,2012-09-30,5.79,$8.42,0.69,$1.90,3.04,$-21.88,0.0,$-0.38,0.0,$0.00B,$0.06B,0.08,$0.02B,$0.04B,0.34,$0.01B,$0.01B,60.00%,$0.01B,$0.00B,10.00%,$0.01B,$0.00B,10.00%,$0.01B,$0.01B,50.00%,$0.01B,$0.00B,10.00%,$0.01B,$-0.00B,-10.00%,$-0.00B,$0.04B,-2.55%,$-0.00B,$0.04B,-2.55%,$-0.00B,$0.12B,-1.00%,$0.00B,$0.06B,2.33%,$3,$1,$2,$0,$0,$2,$1,$-1,$0,$0,$0,$0,$-0,$1,$1,$5,5,$-0.00,$-0.00,$4,$0,$0,$4,$108,$0,$0,$1,$112,$117,$57,$15,$1,$16,$73,$0,$-10,$0,$44,$117,$-1,$3,$1,$3,$-0,$0,$0,$-0,$0,$3,$-0,$0,$0,$-0,$-25,$-26,$-1,$-27,$15,$0,$15,$11,$11,$-2,$-2,$22,$-2,$0,$-2
25,2012-06-30,4.73,$8.12,0.58,$1.79,2.64,$-39.51,0.0,$-0.94,0.0,$0.01B,$0.06B,0.08,$0.00B,$0.04B,0.0,$0.01B,$0.01B,60.00%,$0.01B,$-0.00B,-20.00%,$0.01B,$-0.00B,-20.00%,$0.01B,$0.01B,60.00%,$0.01B,$-0.00B,-20.00%,$0.01B,$-0.00B,-40.00%,$-0.00B,$0.04B,-10.74%,$-0.00B,$0.04B,-10.74%,$-0.00B,$0.10B,-4.22%,$-0.00B,$0.04B,-5.37%,$3,$1,$2,$0,$1,$3,$0,$-1,$-0,$0,$-0,$-0,$-0,$1,$0,$5,5,$-0.06,$-0.06,$4,$0,$0,$5,$92,$0,$0,$1,$95,$100,$57,$0,$1,$1,$58,$0,$-10,$0,$42,$100,$-1,$2,$1,$3,$-0,$0,$0,$-0,$-0,$2,$-0,$0,$0,$0,$-9,$-9,$-1,$-10,$0,$0,$0,$9,$9,$-1,$-1,$7,$-2,$0,$-1
26,2012-03-31,5.24,$6.93,0.76,$1.62,3.23,$-57.89,0.0,$-1.69,0.0,$0.01B,$0.06B,0.12,$0.00B,$0.04B,0.0,$0.01B,$0.01B,55.56%,$0.01B,$-0.01B,-55.56%,$0.01B,$-0.01B,-55.56%,$0.01B,$0.00B,22.22%,$0.01B,$-0.01B,-66.67%,$0.01B,$-0.01B,-88.89%,$-0.01B,$0.04B,-21.77%,$-0.01B,$0.04B,-22.38%,$-0.01B,$0.09B,-8.51%,$-0.01B,$0.04B,-13.61%,$3,$1,$2,$0,$1,$3,$0,$-1,$-0,$0,$-0,$-0,$-0,$1,$0,$5,5,$-0.09,$-0.09,$6,$0,$0,$7,$84,$0,$0,$0,$87,$93,$57,$0,$1,$1,$58,$0,$-10,$0,$36,$93,$-0,$1,$0,$1,$-0,$0,$0,$-0,$0,$1,$-0,$0,$0,$0,$0,$0,$-1,$-1,$0,$0,$0,$2,$2,$-1,$-1,$1,$1,$0,$-1
