,Date,Stock Price,Book Value per Share,Price to Book Ratio,TTM Sales per Share,Price to Sales Ratio,TTM FCF per Share,Price to FCF Ratio,TTM Net EPS,PE Ratio,Current Assets,Current Liabilities,Current Ratio,Long Term Debt,Shareholder's Equity_x,Debt to Equity Ratio,TTM Revenue_x,TTM Gross Profit,Gross Margin,TTM Revenue_y,TTM Operating Income,Operating Margin,TTM Revenue_x,TTM EBIT,EBIT Margin,TTM Revenue_y,TTM EBITDA,EBITDA Margin,TTM Revenue_x,TTM Pre-Tax Income,Pre-Tax Margin,TTM Revenue_y,TTM Net Income_x,Net Margin,TTM Net Income_y,Shareholder's Equity_y,Return on Equity,TTM Net Income_x,Tangible Equity,Return on Tangible Equity,TTM Net Income_y,Total Assets,Return on Assets,TTM Net Income,LT Investments & Debt,Return on Investment,revenue,cost-goods-sold,gross-profit,research-development-expenses,selling-general-administrative-expenses,operating-expenses,operating-income,total-non-operating-income-expense,pre-tax-income,total-provision-income-taxes,income-after-taxes,income-from-continuous-operations,net-income,ebitda,ebit,basic-shares-outstanding,shares-outstanding,eps-basic-net-earnings-per-share,eps-earnings-per-share-diluted,cash-on-hand,inventory,other-current-assets,total-current-assets,net-property-plant-equipment,long-term-investments,goodwill-intangible-assets-total,other-long-term-assets,total-long-term-assets,total-assets,total-current-liabilities,long-term-debt,other-non-current-liabilities,total-long-term-liabilities,total-liabilities,common-stock-net,retained-earnings-accumulated-deficit,comprehensive-income,total-share-holder-equity,total-liabilities-share-holders-equity,net-income-loss,total-depreciation-amortization-cash-flow,other-non-cash-items,total-non-cash-items,change-in-accounts-receivable,change-in-inventories,change-in-accounts-payable,change-in-assets-liabilities,total-change-in-assets-liabilities,cash-flow-from-operating-activities,net-change-in-property-plant-equipment,net-change-in-intangible-assets,net-acquisitions-divestitures,net-change-in-short-term-investments,net-change-in-long-term-investments,net-change-in-investments-total,investing-activities-other,cash-flow-from-investing-activities,net-long-term-debt,net-current-debt,debt-issuance-retirement-net-total,net-common-equity-issued-repurchased,net-total-equity-issued-repurchased,total-common-preferred-stock-dividends-paid,financial-activities-other,cash-flow-from-financial-activities,net-cash-flow,stock-based-compensation,common-stock-dividends-paid
0,2018-09-30,83.9,$14.42,5.82,$53.50,1.57,$4.38,19.14,$4.04,20.77,$5.20B,$3.39B,1.54,$4.08B,$3.81B,1.07,$14.24B,$2.77B,19.45%,$14.24B,$1.50B,10.56%,$14.24B,$1.50B,10.56%,$14.24B,$2.14B,15.02%,$14.24B,$1.39B,9.77%,$14.24B,$1.08B,7.56%,$1.08B,$3.81B,29.12%,$1.08B,$0.43B,260.06%,$1.08B,$12.33B,8.72%,$1.50B,$7.89B,19.26%,$3485,$2834,$651,$0,$232,$3162,$323,$-30,$293,$66,$227,$231,$222,$487,$323,$265,265,$0.84,$0.84,$772,$1358,$439,$5204,$3056,$101,$3378,$588,$7123,$12327,$3387,$4084,$608,$5131,$8518,$3,$2610,$-638,$3809,$12327,$850,$479,$-41,$438,$-128,$-250,$78,$-168,$-382,$871,$-651,$0,$-512,$0,$0,$0,$-6,$-1169,$0,$-19,$-19,$-214,$-214,$-201,$-48,$-482,$-825,$33,$-201
1,2018-06-30,91.43,$14.19,6.44,$52.15,1.75,$5.67,16.12,$4.68,19.54,$5.34B,$3.44B,1.55,$4.07B,$3.76B,1.08,$13.90B,$2.77B,19.92%,$13.90B,$1.55B,11.18%,$13.90B,$1.55B,11.18%,$13.90B,$2.16B,15.56%,$13.90B,$1.43B,10.28%,$13.90B,$1.25B,8.98%,$1.25B,$3.76B,34.25%,$1.25B,$0.36B,255.55%,$1.25B,$12.32B,9.76%,$1.55B,$7.83B,19.53%,$3684,$2958,$726,$0,$260,$3263,$421,$-43,$378,$83,$295,$303,$291,$579,$421,$265,265,$1.10,$1.10,$971,$1265,$506,$5340,$2972,$99,$3402,$503,$6976,$12316,$3438,$4067,$621,$5120,$8558,$3,$2510,$-622,$3758,$12316,$619,$315,$-60,$255,$-91,$-157,$145,$-51,$-152,$700,$-443,$0,$-512,$0,$0,$0,$-6,$-961,$0,$-15,$-15,$-149,$-149,$-117,$-40,$-321,$-626,$27,$-117
2,2018-03-31,84.58,$13.97,6.06,$50.03,1.69,$6.87,12.31,$4.96,17.05,$5.93B,$3.71B,1.6,$4.16B,$3.70B,1.13,$13.37B,$2.70B,20.18%,$13.37B,$1.50B,11.20%,$13.37B,$1.50B,11.20%,$13.37B,$2.08B,15.55%,$13.37B,$1.39B,10.38%,$13.37B,$1.33B,9.92%,$1.33B,$3.70B,37.61%,$1.33B,$0.51B,262.25%,$1.33B,$12.56B,10.22%,$1.50B,$7.86B,19.10%,$3630,$2947,$683,$0,$259,$3256,$374,$-4,$370,$59,$311,$316,$307,$531,$374,$266,266,$1.16,$1.15,$1346,$1202,$732,$5926,$2890,$101,$3184,$459,$6634,$12560,$3708,$4163,$531,$5154,$8862,$3,$2278,$-436,$3698,$12560,$316,$157,$-35,$122,$-206,$-119,$140,$-49,$-232,$155,$-240,$0,$-5,$0,$0,$0,$0,$-245,$0,$35,$35,$-149,$-149,$-59,$-32,$-205,$-251,$13,$-59
3,2017-12-31,84.25,$13.23,6.37,$48.07,1.75,$7.66,11.0,$5.05,16.68,$5.64B,$3.54B,1.59,$4.13B,$3.52B,1.18,$12.88B,$2.61B,20.29%,$12.88B,$1.42B,10.99%,$12.88B,$1.42B,10.99%,$12.88B,$1.97B,15.28%,$12.88B,$1.26B,9.74%,$12.88B,$1.36B,10.52%,$1.36B,$3.52B,40.55%,$1.36B,$0.35B,326.90%,$1.36B,$12.17B,10.45%,$1.42B,$7.65B,18.61%,$3440,$2730,$710,$0,$266,$3054,$386,$-36,$350,$135,$215,$222,$256,$542,$386,$266,267,$0.96,$0.95,$1597,$1083,$521,$5641,$2804,$91,$3163,$470,$6528,$12169,$3540,$4132,$526,$5112,$8652,$3,$2118,$-471,$3517,$12169,$1428,$553,$65,$618,$-287,$-224,$268,$-223,$-538,$1468,$-691,$-50,$-324,$0,$0,$0,$-187,$-1252,$796,$-17,$779,$-383,$-383,$-348,$408,$456,$758,$62,$-348
4,2017-09-30,81.65,$13.59,6.01,$46.96,1.74,$9.55,8.55,$5.13,15.92,$6.71B,$4.14B,1.62,$4.88B,$3.61B,1.35,$12.64B,$2.77B,21.94%,$12.64B,$1.56B,12.31%,$12.64B,$1.56B,12.31%,$12.64B,$1.92B,15.17%,$12.64B,$1.09B,8.59%,$12.64B,$1.38B,10.92%,$1.38B,$3.61B,43.77%,$1.38B,$0.73B,389.56%,$1.38B,$14.17B,10.61%,$1.56B,$8.50B,21.09%,$3148,$2498,$650,$0,$230,$2775,$373,$-42,$331,$31,$300,$306,$395,$511,$373,$266,267,$1.48,$1.48,$1354,$1642,$489,$6710,$3819,$130,$2883,$624,$7456,$14166,$4143,$4884,$521,$6409,$10552,$3,$2485,$-913,$3614,$14166,$1151,$397,$113,$510,$-122,$-266,$83,$-66,$-594,$1040,$-474,$-50,$-40,$0,$0,$0,$-118,$-682,$796,$-8,$788,$-383,$-383,$-243,$-57,$105,$515,$43,$-243
5,2017-06-30,72.51,$12.31,5.89,$50.18,1.45,$9.84,7.37,$4.72,15.36,$5.85B,$4.17B,1.4,$4.06B,$3.29B,1.24,$13.58B,$2.96B,21.80%,$13.58B,$1.65B,12.11%,$13.58B,$1.65B,12.11%,$13.58B,$2.05B,15.06%,$13.58B,$1.11B,8.16%,$13.58B,$1.28B,9.41%,$1.28B,$3.29B,42.89%,$1.28B,$0.43B,728.21%,$1.28B,$13.06B,10.23%,$1.65B,$7.34B,23.53%,$3153,$2498,$655,$0,$231,$2789,$364,$-27,$337,$38,$299,$306,$369,$495,$364,$267,268,$1.38,$1.38,$793,$1485,$444,$5849,$3671,$127,$2860,$549,$7207,$13056,$4170,$4059,$556,$5601,$9771,$3,$2257,$-982,$3285,$13056,$738,$259,$70,$329,$-65,$-175,$79,$-56,$-163,$889,$-309,$-25,$-40,$0,$0,$0,$-89,$-463,$0,$-5,$-5,$-289,$-289,$-166,$-53,$-513,$-46,$28,$-166
6,2017-03-31,66.36,$11.01,6.03,$53.80,1.23,$9.28,7.15,$4.28,15.51,$5.49B,$4.09B,1.34,$3.99B,$2.95B,1.35,$14.63B,$3.17B,21.63%,$14.63B,$1.68B,11.45%,$14.63B,$1.68B,11.45%,$14.63B,$2.14B,14.60%,$14.63B,$1.12B,7.65%,$14.63B,$1.17B,7.98%,$1.17B,$2.95B,40.94%,$1.17B,$0.15B,3563.36%,$1.17B,$12.50B,9.55%,$1.68B,$6.94B,24.49%,$3143,$2544,$599,$0,$225,$2850,$293,$-56,$237,$19,$218,$229,$335,$421,$293,$269,270,$1.24,$1.24,$548,$1375,$432,$5487,$3569,$118,$2801,$522,$7010,$12497,$4092,$3991,$503,$5456,$9548,$3,$2057,$-1087,$2949,$12497,$352,$128,$-56,$72,$-96,$-110,$55,$-30,$-131,$290,$-164,$-15,$-40,$0,$0,$0,$-51,$-270,$0,$-4,$-4,$-194,$-194,$-88,$-46,$-332,$-291,$13,$-88
7,2016-12-31,55.31,$10.24,5.4,$56.76,0.97,$8.92,6.2,$4.57,12.1,$5.42B,$4.15B,1.31,$3.95B,$2.76B,1.43,$15.54B,$3.36B,21.59%,$15.54B,$1.83B,11.75%,$15.54B,$1.83B,11.75%,$15.54B,$2.32B,14.95%,$15.54B,$1.29B,8.27%,$15.54B,$1.26B,8.09%,$1.26B,$2.76B,45.31%,$1.26B,$0.11B,-1496.43%,$1.26B,$12.29B,10.38%,$1.83B,$6.72B,27.01%,$3193,$2325,$868,$0,$252,$2668,$525,$-344,$181,$-4,$185,$197,$281,$490,$525,$270,272,$1.04,$1.03,$738,$859,$302,$5419,$2325,$67,$2650,$280,$6873,$12292,$4148,$3953,$371,$5381,$9529,$3,$1980,$-1215,$2763,$12292,$1326,$498,$-53,$445,$-207,$-45,$35,$-10,$213,$1941,$-638,$-3,$230,$0,$0,$0,$-167,$-578,$-10,$-34,$-44,$-634,$-634,$-359,$-44,$-1081,$259,$62,$-359
8,2016-09-30,58.33,$10.77,5.42,$58.78,0.99,$8.41,6.94,$4.22,13.82,$5.15B,$3.84B,1.34,$4.04B,$2.92B,1.38,$16.23B,$3.21B,19.75%,$16.23B,$1.64B,10.08%,$16.23B,$1.64B,10.08%,$16.23B,$2.12B,13.08%,$16.23B,$1.38B,8.53%,$16.23B,$1.17B,7.20%,$1.17B,$2.92B,42.21%,$1.17B,$0.02B,-732.29%,$1.17B,$12.12B,9.71%,$1.64B,$6.96B,24.22%,$4091,$3253,$838,$0,$278,$3628,$463,$-110,$353,$57,$296,$306,$293,$639,$463,$272,273,$1.08,$1.07,$397,$1375,$392,$5147,$3522,$104,$2905,$444,$6975,$12122,$3841,$4038,$528,$5360,$9201,$3,$1870,$-941,$2921,$12122,$1020,$533,$132,$665,$-230,$-193,$74,$-16,$-367,$1258,$-600,$-3,$37,$-1,$0,$-1,$-20,$-587,$-10,$-14,$-24,$-530,$-530,$-262,$-44,$-860,$-184,$47,$-262
9,2016-06-30,50.97,$10.16,5.02,$56.55,0.9,$7.67,6.65,$4.57,11.15,$5.05B,$3.90B,1.3,$3.97B,$2.77B,1.43,$15.77B,$3.14B,19.89%,$15.77B,$1.63B,10.36%,$15.77B,$1.63B,10.36%,$15.77B,$2.08B,13.18%,$15.77B,$1.45B,9.20%,$15.77B,$1.28B,8.11%,$1.28B,$2.77B,46.85%,$1.28B,$-0.15B,626.96%,$1.28B,$11.96B,10.93%,$1.63B,$6.74B,25.60%,$4206,$3346,$860,$0,$278,$3812,$394,$-46,$348,$84,$264,$271,$258,$586,$394,$273,273,$0.95,$0.94,$438,$1318,$395,$5051,$3430,$96,$2916,$464,$6906,$11957,$3899,$3969,$512,$5288,$9187,$3,$1749,$-979,$2770,$11957,$714,$357,$43,$400,$-141,$-136,$75,$-11,$-232,$843,$-404,$-3,$37,$0,$0,$0,$-20,$-390,$0,$51,$51,$-435,$-435,$-171,$-40,$-595,$-142,$28,$-171
10,2016-03-31,60.83,$9.66,6.3,$54.52,1.12,$7.14,8.51,$5.86,10.38,$5.08B,$4.06B,1.25,$3.99B,$2.64B,1.51,$15.42B,$3.06B,19.83%,$15.42B,$1.72B,11.16%,$15.42B,$1.72B,11.16%,$15.42B,$2.11B,13.69%,$15.42B,$1.55B,10.07%,$15.42B,$1.67B,10.80%,$1.67B,$2.64B,59.65%,$1.67B,$-0.32B,246.54%,$1.67B,$12.07B,14.60%,$1.72B,$6.63B,28.09%,$4051,$3262,$789,$0,$277,$3607,$444,$-40,$404,$75,$329,$335,$425,$609,$444,$277,277,$1.54,$1.53,$464,$1287,$397,$5082,$3446,$100,$2963,$480,$6989,$12071,$4061,$3985,$532,$5366,$9427,$3,$1629,$-969,$2644,$12071,$443,$165,$-73,$92,$-178,$-105,$80,$-4,$-248,$268,$-239,$-3,$37,$0,$0,$0,$-19,$-224,$0,$321,$321,$-358,$-358,$-92,$-37,$-166,$-116,$17,$-92
11,2015-12-31,69.19,$9.82,7.04,$52.91,1.31,$6.77,10.22,$5.05,13.7,$5.12B,$3.93B,1.3,$3.96B,$2.73B,1.45,$15.17B,$3.01B,19.85%,$15.17B,$1.72B,11.36%,$15.17B,$1.72B,11.36%,$15.17B,$2.08B,13.70%,$15.17B,$1.51B,9.94%,$15.17B,$1.45B,9.56%,$1.45B,$2.73B,51.83%,$1.45B,$-0.19B,132.03%,$1.45B,$11.97B,13.17%,$1.72B,$6.69B,29.69%,$3879,$3161,$718,$0,$252,$3544,$335,$-56,$279,$61,$218,$224,$192,$288,$335,$279,282,$0.69,$0.68,$536,$1181,$431,$5121,$3377,$94,$2922,$459,$6852,$11973,$3927,$3956,$503,$5313,$9240,$3,$1627,$-1033,$2733,$11973,$1535,$355,$23,$378,$-183,$-14,$142,$-17,$-173,$1703,$-496,$-3,$-930,$0,$0,$0,$-270,$-1699,$1497,$-214,$1283,$-1159,$-1159,$-349,$-59,$-284,$-325,$67,$-349
12,2015-09-30,61.18,$9.89,6.19,$51.86,1.18,$7.10,8.61,$5.53,11.06,$5.05B,$4.03B,1.26,$2.70B,$2.77B,0.97,$15.06B,$3.07B,20.35%,$15.06B,$1.85B,12.29%,$15.06B,$1.85B,12.29%,$15.06B,$2.39B,15.87%,$15.06B,$1.66B,11.02%,$15.06B,$1.60B,10.63%,$1.60B,$2.77B,55.86%,$1.60B,$1.47B,103.17%,$1.60B,$10.79B,14.98%,$1.85B,$5.47B,33.78%,$3631,$2862,$769,$0,$249,$3170,$461,$-41,$420,$61,$359,$364,$404,$595,$461,$283,284,$1.43,$1.42,$436,$1187,$629,$5054,$3010,$93,$1304,$1331,$5738,$10792,$4028,$2698,$394,$3990,$8018,$3,$1693,$-1015,$2774,$10792,$1314,$402,$-189,$213,$-217,$-179,$125,$-97,$-460,$1008,$-532,$-23,$-111,$-1,$0,$-1,$-68,$-735,$207,$399,$606,$-946,$-946,$-279,$-58,$-677,$-445,$52,$-279
13,2015-06-30,68.25,$10.57,6.46,$51.63,1.32,$7.66,8.92,$5.13,13.3,$5.93B,$3.77B,1.57,$2.69B,$3.02B,0.89,$15.20B,$3.02B,19.86%,$15.20B,$1.78B,11.73%,$15.20B,$1.78B,11.73%,$15.20B,$2.33B,15.31%,$15.20B,$1.60B,10.56%,$15.20B,$1.50B,9.89%,$1.50B,$3.02B,49.78%,$1.50B,$1.74B,85.43%,$1.50B,$10.81B,14.01%,$1.78B,$5.71B,32.05%,$3858,$3076,$782,$0,$261,$3377,$481,$-32,$449,$80,$369,$369,$645,$619,$481,$288,289,$2.24,$2.23,$1172,$1150,$596,$5934,$2988,$93,$1280,$514,$4875,$10809,$3772,$2693,$401,$4016,$7788,$3,$1739,$-897,$3021,$10809,$896,$268,$-73,$195,$-303,$-141,$182,$-17,$-385,$669,$-357,$-23,$653,$0,$0,$0,$-65,$208,$207,$7,$214,$-542,$-542,$-158,$-58,$-544,$331,$35,$-158
14,2015-03-31,63.77,$9.20,6.93,$51.64,1.23,$7.73,8.25,$4.16,15.33,$5.69B,$3.82B,1.49,$2.67B,$2.66B,1.0,$15.40B,$3.04B,19.72%,$15.40B,$1.76B,11.46%,$15.40B,$1.76B,11.46%,$15.40B,$2.31B,14.98%,$15.40B,$1.59B,10.31%,$15.40B,$1.24B,8.05%,$1.24B,$2.66B,38.94%,$1.24B,$1.37B,63.41%,$1.24B,$10.46B,11.39%,$1.76B,$5.34B,31.16%,$3797,$3056,$741,$0,$255,$3351,$446,$-86,$360,$61,$299,$304,$209,$576,$446,$291,292,$0.72,$0.72,$559,$1081,$533,$5687,$2905,$101,$1292,$479,$4777,$10464,$3818,$2673,$384,$3983,$7801,$3,$1460,$-950,$2663,$10464,$229,$130,$145,$275,$-277,$-68,$105,$10,$-350,$135,$-213,$0,$0,$0,$0,$0,$-37,$-250,$207,$10,$217,$-240,$-240,$-86,$-58,$-167,$-303,$13,$-86
15,2014-12-31,57.97,$10.33,5.61,$51.33,1.13,$7.56,7.67,$4.48,12.94,$5.22B,$3.89B,1.34,$2.39B,$3.01B,0.79,$15.50B,$3.03B,19.54%,$15.50B,$1.76B,11.34%,$15.50B,$1.76B,11.34%,$15.50B,$2.31B,14.88%,$15.50B,$1.62B,10.42%,$15.50B,$1.35B,8.72%,$1.35B,$3.01B,39.82%,$1.35B,$1.63B,61.72%,$1.35B,$10.72B,12.20%,$1.76B,$5.41B,30.29%,$3778,$3004,$774,$0,$268,$3314,$464,$-33,$431,$74,$357,$362,$344,$600,$464,$294,297,$1.17,$1.16,$860,$1013,$567,$5224,$3021,$98,$1384,$483,$5497,$10721,$3889,$2392,$390,$3819,$7708,$3,$1548,$-741,$3013,$10721,$1440,$549,$178,$727,$67,$21,$-6,$40,$78,$2135,$-764,$-5,$-345,$2,$0,$2,$-74,$-1186,$1,$7,$8,$-1024,$-1024,$-374,$-8,$-1398,$-485,$73,$-374
16,2014-09-30,48.73,$11.39,4.28,$47.49,1.03,$6.72,7.25,$4.29,11.36,$5.68B,$3.84B,1.48,$2.42B,$3.38B,0.72,$14.49B,$2.89B,19.95%,$14.49B,$1.65B,11.41%,$14.49B,$1.65B,11.41%,$14.49B,$2.17B,14.96%,$14.49B,$1.51B,10.45%,$14.49B,$1.31B,9.01%,$1.31B,$3.38B,37.31%,$1.31B,$2.30B,55.88%,$1.31B,$10.92B,11.70%,$1.65B,$5.80B,28.04%,$3762,$3041,$721,$0,$259,$3370,$392,$-28,$364,$56,$308,$313,$305,$531,$392,$299,300,$1.02,$1.02,$1028,$1227,$588,$5682,$3273,$243,$1083,$642,$5241,$10923,$3844,$2417,$372,$3700,$7544,$3,$1602,$-406,$3379,$10923,$1072,$413,$144,$557,$-139,$-103,$16,$-31,$-301,$1262,$-594,$0,$0,$1,$0,$1,$-64,$-657,$1,$9,$10,$-662,$-662,$-289,$-8,$-949,$-363,$53,$-289
17,2014-06-30,54.41,$12.24,4.45,$47.89,1.14,$6.37,8.54,$4.14,13.14,$6.08B,$4.00B,1.52,$2.42B,$3.68B,0.66,$14.75B,$2.85B,19.32%,$14.75B,$1.65B,11.18%,$14.75B,$1.65B,11.18%,$14.75B,$2.16B,14.68%,$14.75B,$1.51B,10.22%,$14.75B,$1.27B,8.62%,$1.27B,$3.68B,36.75%,$1.27B,$2.53B,56.23%,$1.27B,$11.45B,11.43%,$1.65B,$6.10B,28.21%,$4062,$3262,$800,$0,$261,$3600,$462,$-30,$432,$56,$376,$379,$382,$600,$462,$303,304,$1.26,$1.26,$1171,$1262,$600,$6082,$3311,$248,$1158,$653,$5370,$11452,$3998,$2420,$385,$3770,$7768,$3,$1646,$-219,$3684,$11452,$747,$274,$105,$379,$-349,$-140,$171,$16,$-320,$763,$-412,$0,$0,$-2,$0,$-2,$-52,$-466,$1,$6,$7,$-358,$-358,$-160,$-8,$-519,$-223,$32,$-160
18,2014-03-31,53.51,$11.48,4.66,$48.07,1.11,$6.30,8.49,$4.05,13.21,$5.88B,$3.93B,1.5,$2.42B,$3.49B,0.69,$14.92B,$2.83B,18.93%,$14.92B,$1.67B,11.19%,$14.92B,$1.67B,11.19%,$14.92B,$2.18B,14.62%,$14.92B,$1.53B,10.23%,$14.92B,$1.26B,8.42%,$1.26B,$3.49B,38.08%,$1.26B,$2.30B,60.29%,$1.26B,$11.18B,11.53%,$1.67B,$5.91B,29.44%,$3897,$3164,$733,$0,$248,$3457,$440,$-52,$388,$69,$319,$326,$320,$576,$440,$306,307,$1.05,$1.04,$985,$1235,$594,$5880,$3251,$229,$1190,$632,$5302,$11182,$3930,$2418,$382,$3758,$7688,$3,$1544,$-279,$3494,$11182,$341,$136,$52,$188,$-358,$-127,$175,$-6,$-369,$136,$-271,$0,$0,$-3,$0,$-3,$-26,$-300,$1,$3,$4,$-153,$-153,$-84,$-8,$-241,$-411,$13,$-84
19,2013-12-31,47.23,$11.21,4.21,$48.14,0.98,$6.54,7.22,$3.89,12.14,$5.75B,$3.89B,1.48,$2.35B,$3.43B,0.69,$15.05B,$2.78B,18.45%,$15.05B,$1.63B,10.81%,$15.05B,$1.63B,10.81%,$15.05B,$2.14B,14.20%,$15.05B,$1.47B,9.74%,$15.05B,$1.21B,8.05%,$1.21B,$3.43B,38.49%,$1.21B,$2.22B,63.01%,$1.21B,$11.05B,11.36%,$1.63B,$5.79B,29.52%,$2770,$2133,$637,$0,$217,$2410,$360,$-30,$330,$58,$272,$261,$298,$461,$360,$311,312,$0.96,$0.97,$1393,$1093,$604,$5752,$3216,$234,$1219,$626,$5295,$11047,$3894,$2351,$409,$3719,$7613,$3,$1446,$-237,$3434,$11047,$1301,$510,$122,$632,$-213,$-26,$237,$-97,$-74,$1750,$-572,$0,$-10,$5,$0,$5,$-78,$-655,$-565,$480,$-85,$-457,$-457,$-266,$-14,$-822,$284,$46,$-266
20,2013-09-30,45.75,$10.46,4.37,$50.90,0.9,$5.22,8.77,$3.35,13.66,$5.79B,$3.86B,1.5,$2.36B,$3.22B,0.73,$16.05B,$2.75B,17.13%,$16.05B,$1.44B,9.00%,$16.05B,$1.44B,9.00%,$16.05B,$2.00B,12.48%,$16.05B,$1.27B,7.90%,$16.05B,$1.05B,6.54%,$1.05B,$3.22B,35.02%,$1.05B,$2.00B,59.72%,$1.05B,$10.81B,10.05%,$1.44B,$5.58B,26.97%,$4017,$3338,$679,$0,$228,$3630,$387,$-30,$357,$72,$285,$293,$271,$527,$387,$310,311,$0.88,$0.87,$1058,$1233,$640,$5787,$2982,$217,$1227,$598,$5024,$10811,$3857,$2359,$463,$3731,$7588,$3,$1287,$-262,$3223,$10811,$980,$409,$142,$551,$-431,$-167,$306,$-85,$-396,$1070,$-488,$0,$-10,$3,$0,$3,$0,$-495,$-561,$481,$-80,$-353,$-353,$-185,$-14,$-632,$-52,$36,$-185
21,2013-06-30,39.57,$9.81,4.04,$49.37,0.8,$5.28,7.49,$3.32,11.92,$5.63B,$3.81B,1.48,$2.37B,$3.04B,0.78,$15.69B,$2.68B,17.04%,$15.69B,$1.42B,9.07%,$15.69B,$1.42B,9.07%,$15.69B,$1.96B,12.50%,$15.69B,$1.25B,7.95%,$15.69B,$1.05B,6.68%,$1.05B,$3.04B,36.02%,$1.05B,$1.82B,56.96%,$1.05B,$10.55B,10.32%,$1.42B,$5.41B,27.51%,$4240,$3464,$776,$0,$241,$3757,$483,$-31,$452,$73,$379,$389,$367,$618,$483,$312,313,$1.18,$1.17,$1006,$1162,$597,$5633,$2875,$208,$1224,$611,$4918,$10551,$3809,$2367,$445,$3700,$7509,$3,$1177,$-377,$3042,$10551,$687,$269,$92,$361,$-443,$-96,$296,$-61,$-335,$672,$-332,$0,$2,$3,$0,$3,$0,$-327,$-558,$486,$-72,$-240,$-240,$-114,$-14,$-440,$-104,$24,$-114
22,2013-03-31,34.53,$9.27,3.73,$48.07,0.72,$5.33,6.48,$3.16,10.93,$5.39B,$3.67B,1.47,$2.38B,$2.90B,0.82,$15.45B,$2.62B,16.98%,$15.45B,$1.41B,9.12%,$15.45B,$1.41B,9.12%,$15.45B,$1.93B,12.48%,$15.45B,$1.24B,8.00%,$15.45B,$1.01B,6.54%,$1.01B,$2.90B,35.91%,$1.01B,$1.67B,52.85%,$1.01B,$10.27B,10.23%,$1.41B,$5.27B,28.25%,$4024,$3339,$685,$0,$230,$3627,$397,$-70,$327,$37,$290,$298,$276,$531,$397,$315,315,$0.88,$0.88,$834,$1148,$610,$5387,$2843,$223,$1232,$588,$4886,$10273,$3674,$2375,$439,$3702,$7376,$3,$971,$-292,$2897,$10273,$298,$134,$65,$199,$-370,$-82,$194,$-11,$-329,$149,$-211,$0,$2,$4,$0,$4,$0,$-205,$-552,$533,$-19,$-122,$-122,$-61,$-14,$-216,$-275,$10,$-61
23,2012-12-31,29.63,$8.98,3.3,$47.77,0.62,$5.64,5.26,$3.32,8.93,$5.23B,$3.66B,1.43,$2.32B,$2.83B,0.82,$15.52B,$2.66B,17.13%,$15.52B,$1.48B,9.51%,$15.52B,$1.48B,9.51%,$15.52B,$1.98B,12.75%,$15.52B,$1.35B,8.67%,$15.52B,$1.08B,6.94%,$1.08B,$2.83B,39.14%,$1.08B,$1.55B,53.50%,$1.08B,$10.18B,11.06%,$1.48B,$5.15B,30.56%,$3767,$3158,$609,$0,$254,$3590,$177,$-46,$131,$-15,$146,$155,$136,$327,$177,$323,323,$0.45,$0.44,$1113,$1066,$623,$5227,$2860,$231,$1276,$582,$4949,$10176,$3659,$2324,$434,$3687,$7346,$3,$856,$-237,$2830,$10176,$1160,$503,$84,$587,$198,$49,$-153,$-96,$-200,$1478,$-685,$0,$-996,$1,$0,$1,$49,$-1631,$-5,$350,$345,$-403,$-403,$-47,$0,$-105,$-258,$21,$-47
24,2012-09-30,24.02,$9.04,2.66,$48.00,0.5,$5.68,4.23,$3.77,6.37,$5.90B,$3.67B,1.61,$2.00B,$2.87B,0.7,$15.65B,$2.73B,17.43%,$15.65B,$1.71B,10.93%,$15.65B,$1.71B,10.93%,$15.65B,$2.19B,13.97%,$15.65B,$1.56B,9.95%,$15.65B,$1.23B,7.86%,$1.23B,$2.87B,47.58%,$1.23B,$2.32B,60.99%,$1.23B,$9.64B,12.99%,$1.71B,$4.87B,37.31%,$3663,$3058,$605,$0,$215,$3296,$367,$-29,$338,$52,$286,$292,$269,$485,$367,$321,321,$0.84,$0.84,$1645,$1121,$591,$5897,$2466,$222,$548,$506,$3742,$9639,$3670,$1998,$407,$3099,$6769,$3,$796,$-114,$2870,$9639,$1005,$353,$47,$400,$-87,$-69,$-22,$-26,$-195,$1168,$-545,$0,$-16,$-2,$0,$-2,$37,$-526,$0,$-21,$-21,$-300,$-300,$-39,$0,$-360,$271,$20,$-39
