,Date,Stock Price,Book Value per Share,Price to Book Ratio,TTM Sales per Share,Price to Sales Ratio,TTM FCF per Share,Price to FCF Ratio,TTM Net EPS,PE Ratio,Current Assets,Current Liabilities,Current Ratio,Long Term Debt,Shareholder's Equity_x,Debt to Equity Ratio,TTM Revenue_x,TTM Gross Profit,Gross Margin,TTM Revenue_y,TTM Operating Income,Operating Margin,TTM Revenue_x,TTM EBIT,EBIT Margin,TTM Revenue_y,TTM EBITDA,EBITDA Margin,TTM Revenue_x,TTM Pre-Tax Income,Pre-Tax Margin,TTM Revenue_y,TTM Net Income_x,Net Margin,TTM Net Income_y,Shareholder's Equity_y,Return on Equity,TTM Net Income_x,Tangible Equity,Return on Tangible Equity,TTM Net Income_y,Total Assets,Return on Assets,TTM Net Income,LT Investments & Debt,Return on Investment,revenue,cost-goods-sold,gross-profit,research-development-expenses,selling-general-administrative-expenses,operating-expenses,operating-income,total-non-operating-income-expense,pre-tax-income,total-provision-income-taxes,income-after-taxes,income-from-continuous-operations,net-income,ebitda,ebit,basic-shares-outstanding,shares-outstanding,eps-basic-net-earnings-per-share,eps-earnings-per-share-diluted,cash-on-hand,inventory,other-current-assets,total-current-assets,net-property-plant-equipment,long-term-investments,goodwill-intangible-assets-total,other-long-term-assets,total-long-term-assets,total-assets,total-current-liabilities,long-term-debt,other-non-current-liabilities,total-long-term-liabilities,total-liabilities,common-stock-net,retained-earnings-accumulated-deficit,comprehensive-income,total-share-holder-equity,total-liabilities-share-holders-equity,net-income-loss,total-depreciation-amortization-cash-flow,other-non-cash-items,total-non-cash-items,change-in-accounts-receivable,change-in-inventories,change-in-accounts-payable,change-in-assets-liabilities,total-change-in-assets-liabilities,cash-flow-from-operating-activities,net-change-in-property-plant-equipment,net-change-in-intangible-assets,net-acquisitions-divestitures,net-change-in-short-term-investments,net-change-in-long-term-investments,net-change-in-investments-total,investing-activities-other,cash-flow-from-investing-activities,net-long-term-debt,net-current-debt,debt-issuance-retirement-net-total,net-common-equity-issued-repurchased,net-total-equity-issued-repurchased,total-common-preferred-stock-dividends-paid,financial-activities-other,cash-flow-from-financial-activities,net-cash-flow,stock-based-compensation,common-stock-dividends-paid
0,2018-09-30,4.5,$0.54,8.26,$4.80,0.94,$-0.43,0.0,$-0.17,0.0,$0.27B,$0.16B,1.69,$0.13B,$0.05B,2.74,$0.41B,$0.16B,39.27%,$0.41B,$-0.01B,-1.71%,$0.41B,$-0.01B,-1.71%,$0.41B,$0.01B,1.22%,$0.41B,$-0.02B,-5.61%,$0.41B,$-0.02B,-5.85%,$-0.02B,$0.05B,-50.53%,$-0.02B,$-0.01B,213.33%,$-0.02B,$0.37B,-6.20%,$-0.01B,$0.18B,-3.92%,$96,$58,$38,$14,$29,$101,$-5,$-4,$-9,$1,$-9,$-9,$-9,$-2,$-5,$86,86,$-0.11,$-0.11,$71,$118,$0,$272,$23,$0,$59,$16,$97,$369,$160,$129,$10,$162,$322,$0,$-478,$1,$47,$369,$-9,$3,$8,$11,$-1,$-10,$6,$-6,$-20,$-18,$-2,$0,$0,$0,$0,$0,$0,$-2,$0,$-3,$-3,$1,$1,$0,$0,$-2,$-22,$3,$0
1,2018-06-30,4.1,$0.56,7.26,$4.78,0.86,$-0.38,0.0,$-0.28,0.0,$0.28B,$0.17B,1.68,$0.13B,$0.05B,2.7,$0.41B,$0.16B,39.75%,$0.41B,$-0.00B,-0.99%,$0.41B,$-0.00B,-0.99%,$0.41B,$0.01B,1.98%,$0.41B,$-0.02B,-5.68%,$0.41B,$-0.02B,-5.93%,$-0.02B,$0.05B,-50.00%,$-0.02B,$-0.01B,218.18%,$-0.02B,$0.38B,-6.10%,$-0.00B,$0.18B,-2.26%,$114,$66,$48,$15,$30,$111,$3,$-4,$-1,$-0,$-1,$-1,$-1,$6,$3,$85,85,$-0.01,$-0.01,$93,$109,$0,$284,$24,$0,$59,$12,$95,$379,$169,$131,$9,$161,$330,$0,$-474,$1,$49,$379,$-24,$11,$21,$32,$7,$-9,$2,$8,$10,$18,$-6,$-0,$0,$0,$24,$24,$0,$18,$-4,$-28,$-32,$4,$4,$0,$-0,$-27,$8,$12,$0
2,2018-03-31,5.0,$0.52,9.56,$4.80,1.04,$-0.58,0.0,$-0.33,0.0,$0.29B,$0.18B,1.62,$0.13B,$0.05B,3.0,$0.40B,$0.16B,38.71%,$0.40B,$-0.00B,-0.99%,$0.40B,$-0.00B,-0.99%,$0.40B,$0.01B,2.98%,$0.40B,$-0.03B,-6.70%,$0.40B,$-0.03B,-6.95%,$-0.03B,$0.05B,-58.95%,$-0.03B,$-0.01B,243.48%,$-0.03B,$0.39B,-7.00%,$-0.00B,$0.18B,-2.56%,$100,$64,$36,$14,$26,$104,$-4,$-4,$-8,$1,$-9,$-9,$-9,$-1,$-4,$85,85,$-0.10,$-0.10,$73,$116,$0,$290,$24,$0,$59,$13,$97,$387,$180,$134,$11,$163,$343,$0,$-473,$2,$45,$387,$-23,$9,$16,$25,$-8,$-15,$5,$8,$-11,$-10,$-5,$0,$0,$0,$24,$24,$0,$19,$66,$-93,$-27,$3,$3,$0,$-0,$-25,$-12,$9,$0
3,2017-12-31,4.3,$0.58,7.47,$4.80,0.89,$-0.75,0.0,$-0.29,0.0,$0.32B,$0.21B,1.54,$0.13B,$0.05B,2.66,$0.40B,$0.16B,38.75%,$0.40B,$-0.00B,-0.25%,$0.40B,$-0.00B,-0.25%,$0.40B,$0.02B,4.25%,$0.40B,$-0.02B,-5.75%,$0.40B,$-0.02B,-6.00%,$-0.02B,$0.05B,-50.53%,$-0.02B,$-0.01B,208.70%,$-0.02B,$0.41B,-5.89%,$-0.00B,$0.18B,-0.73%,$100,$61,$39,$15,$26,$101,$-1,$-4,$-5,$-0,$-5,$-5,$-5,$2,$-1,$85,85,$-0.06,$-0.06,$106,$114,$0,$319,$23,$0,$59,$14,$95,$414,$207,$130,$11,$158,$365,$0,$-464,$1,$49,$414,$-14,$6,$12,$18,$-10,$-12,$8,$4,$-18,$-14,$-2,$0,$0,$0,$0,$0,$0,$-2,$37,$-27,$10,$2,$2,$0,$-0,$12,$-3,$6,$0
4,2017-09-30,4.0,$0.58,6.89,$4.68,0.85,$-0.73,0.0,$-0.34,0.0,$0.30B,$0.20B,1.49,$0.12B,$0.05B,2.44,$0.39B,$0.15B,37.89%,$0.39B,$-0.01B,-1.29%,$0.39B,$-0.01B,-1.29%,$0.39B,$0.02B,3.87%,$0.39B,$-0.03B,-6.96%,$0.39B,$-0.03B,-7.22%,$-0.03B,$0.05B,-59.57%,$-0.03B,$-0.01B,219.61%,$-0.03B,$0.39B,-6.86%,$-0.01B,$0.17B,-3.45%,$91,$53,$38,$14,$26,$93,$-2,$-7,$-9,$1,$-9,$-9,$-9,$1,$-2,$84,84,$-0.11,$-0.11,$94,$113,$0,$297,$22,$0,$59,$17,$97,$394,$200,$119,$10,$145,$345,$0,$-460,$0,$49,$394,$-9,$3,$7,$10,$2,$-9,$5,$0,$-13,$-13,$-1,$0,$0,$0,$0,$0,$0,$-1,$-2,$0,$-2,$1,$1,$0,$-0,$-1,$-14,$2,$0
5,2017-06-30,4.75,$0.56,8.55,$4.66,1.02,$-0.66,0.0,$-0.35,0.0,$0.31B,$0.28B,1.09,$0.05B,$0.05B,1.11,$0.38B,$0.14B,36.46%,$0.38B,$-0.01B,-2.60%,$0.38B,$-0.01B,-2.60%,$0.38B,$0.01B,3.39%,$0.38B,$-0.03B,-7.55%,$0.38B,$-0.03B,-7.55%,$-0.03B,$0.05B,-60.42%,$-0.03B,$-0.01B,227.45%,$-0.03B,$0.41B,-6.98%,$-0.01B,$0.10B,-6.29%,$112,$69,$43,$13,$27,$109,$3,$-8,$-5,$0,$-5,$-5,$-5,$10,$3,$82,82,$-0.07,$-0.07,$109,$105,$0,$309,$23,$0,$59,$15,$97,$406,$284,$52,$10,$75,$360,$0,$-450,$-0,$47,$406,$-30,$22,$20,$42,$-16,$8,$2,$-15,$-12,$-0,$-5,$-0,$0,$0,$23,$23,$0,$18,$-57,$0,$-57,$4,$4,$0,$-1,$-55,$-37,$14,$0
6,2017-03-31,4.75,$0.55,8.67,$4.48,1.06,$-0.31,0.0,$-0.38,0.0,$0.31B,$0.30B,1.05,$0.05B,$0.05B,1.2,$0.37B,$0.13B,36.51%,$0.37B,$-0.02B,-4.36%,$0.37B,$-0.02B,-4.36%,$0.37B,$0.01B,1.36%,$0.37B,$-0.03B,-8.45%,$0.37B,$-0.03B,-8.45%,$-0.03B,$0.05B,-60.49%,$-0.03B,$-0.01B,275.56%,$-0.03B,$0.42B,-7.19%,$-0.02B,$0.10B,-8.33%,$97,$62,$35,$12,$24,$99,$-1,$-3,$-4,$1,$-5,$-5,$-5,$4,$-1,$83,83,$-0.06,$-0.06,$85,$117,$0,$310,$23,$0,$59,$23,$107,$417,$296,$54,$11,$75,$371,$0,$-445,$-2,$45,$417,$-24,$15,$13,$28,$-29,$-2,$8,$-7,$-27,$-24,$-4,$0,$0,$0,$23,$23,$0,$20,$0,$-44,$-44,$3,$3,$0,$-1,$-41,$-48,$10,$0
7,2016-12-31,4.6,$0.56,8.17,$4.59,1.0,$0.08,60.05,$-0.31,0.0,$0.32B,$0.18B,1.76,$0.17B,$0.05B,3.57,$0.38B,$0.14B,38.40%,$0.38B,$-0.01B,-2.67%,$0.38B,$-0.01B,-2.67%,$0.38B,$0.01B,3.20%,$0.38B,$-0.03B,-6.93%,$0.38B,$-0.03B,-6.67%,$-0.03B,$0.05B,-45.05%,$-0.03B,$-0.02B,277.78%,$-0.03B,$0.42B,-5.56%,$-0.01B,$0.21B,-4.44%,$88,$56,$31,$12,$24,$92,$-5,$-4,$-9,$0,$-9,$-9,$-9,$0,$-5,$82,82,$-0.11,$-0.11,$109,$117,$0,$317,$25,$0,$61,$12,$98,$415,$180,$167,$11,$189,$369,$0,$-440,$-2,$47,$415,$-19,$10,$8,$19,$-14,$-3,$10,$-1,$-10,$-11,$-3,$0,$0,$0,$8,$8,$0,$5,$-42,$0,$-42,$2,$2,$0,$-1,$-41,$-51,$6,$0
8,2016-09-30,6.37,$0.65,9.75,$4.88,1.31,$0.45,14.16,$-0.28,0.0,$0.32B,$0.17B,1.85,$0.17B,$0.05B,3.21,$0.40B,$0.16B,39.39%,$0.40B,$-0.01B,-1.26%,$0.40B,$-0.01B,-1.26%,$0.40B,$0.02B,4.29%,$0.40B,$-0.02B,-5.56%,$0.40B,$-0.02B,-5.56%,$-0.02B,$0.05B,-37.29%,$-0.02B,$-0.01B,293.33%,$-0.02B,$0.42B,-4.74%,$-0.01B,$0.23B,-2.33%,$87,$55,$31,$12,$26,$93,$-7,$-4,$-11,$-1,$-10,$-10,$-10,$-1,$-7,$82,82,$-0.12,$-0.12,$125,$117,$0,$319,$27,$0,$63,$12,$104,$423,$172,$172,$9,$197,$369,$0,$-431,$-1,$53,$423,$-10,$5,$5,$10,$1,$-2,$2,$-3,$-7,$-7,$-1,$0,$0,$0,$6,$6,$0,$5,$-37,$0,$-37,$1,$1,$0,$-0,$-35,$-37,$3,$0
9,2016-06-30,5.19,$0.73,7.08,$4.94,1.05,$0.68,7.6,$-0.28,0.0,$0.36B,$0.21B,1.72,$0.17B,$0.06B,2.86,$0.40B,$0.16B,39.85%,$0.40B,$-0.01B,-1.25%,$0.40B,$-0.01B,-1.25%,$0.40B,$0.02B,4.01%,$0.40B,$-0.02B,-5.76%,$0.40B,$-0.03B,-6.27%,$-0.03B,$0.06B,-40.49%,$-0.03B,$-0.01B,370.37%,$-0.03B,$0.47B,-5.28%,$-0.01B,$0.23B,-2.48%,$95,$58,$37,$14,$26,$98,$-3,$-4,$-7,$0,$-7,$-7,$-7,$2,$-3,$81,81,$-0.09,$-0.09,$168,$116,$0,$362,$28,$0,$65,$12,$107,$469,$210,$171,$11,$199,$409,$0,$-421,$-1,$60,$469,$-26,$21,$22,$43,$17,$-11,$2,$6,$13,$31,$-8,$0,$0,$0,$16,$16,$0,$8,$-2,$0,$-2,$4,$4,$0,$-3,$-1,$37,$13,$0
10,2016-03-31,5.78,$0.77,7.5,$5.06,1.14,$0.08,71.01,$-0.26,0.0,$0.38B,$0.23B,1.66,$0.17B,$0.06B,2.73,$0.41B,$0.16B,39.90%,$0.41B,$-0.00B,-0.74%,$0.41B,$-0.00B,-0.74%,$0.41B,$0.02B,4.43%,$0.41B,$-0.02B,-5.17%,$0.41B,$-0.02B,-5.91%,$-0.02B,$0.06B,-36.50%,$-0.02B,$-0.01B,505.26%,$-0.02B,$0.49B,-5.07%,$-0.00B,$0.23B,-1.41%,$105,$60,$45,$13,$26,$100,$5,$-4,$1,$1,$1,$1,$1,$11,$5,$81,82,$0.01,$0.01,$151,$117,$0,$381,$29,$0,$68,$11,$109,$490,$230,$170,$11,$198,$428,$0,$-414,$-0,$62,$490,$-18,$16,$17,$33,$-10,$-11,$9,$8,$-3,$11,$-6,$0,$0,$0,$-7,$-7,$0,$-13,$-1,$0,$-1,$3,$3,$0,$-3,$-1,$-3,$9,$0
11,2015-12-31,6.75,$0.75,8.96,$5.02,1.35,$-0.22,0.0,$-0.31,0.0,$0.36B,$0.27B,1.31,$0.11B,$0.06B,1.81,$0.40B,$0.16B,39.10%,$0.40B,$-0.01B,-1.75%,$0.40B,$-0.01B,-1.75%,$0.40B,$0.01B,3.51%,$0.40B,$-0.02B,-6.02%,$0.40B,$-0.03B,-7.02%,$-0.03B,$0.06B,-40.43%,$-0.03B,$-0.01B,861.54%,$-0.03B,$0.47B,-6.00%,$-0.01B,$0.17B,-3.12%,$109,$66,$43,$15,$28,$109,$-0,$-5,$-5,$1,$-6,$-6,$-6,$5,$-0,$80,80,$-0.08,$-0.08,$158,$112,$0,$358,$30,$0,$69,$14,$115,$473,$274,$110,$11,$138,$412,$0,$-414,$-1,$61,$473,$-19,$10,$12,$22,$11,$-6,$7,$-0,$17,$20,$-4,$0,$0,$0,$-4,$-4,$0,$-8,$0,$0,$0,$2,$2,$0,$-3,$-1,$9,$6,$0
12,2015-09-30,5.0,$0.80,6.22,$4.92,1.01,$-0.64,0.0,$-0.36,0.0,$0.35B,$0.26B,1.33,$0.11B,$0.06B,1.71,$0.39B,$0.15B,38.92%,$0.39B,$-0.01B,-2.84%,$0.39B,$-0.01B,-2.84%,$0.39B,$0.01B,2.84%,$0.39B,$-0.03B,-7.22%,$0.39B,$-0.03B,-8.25%,$-0.03B,$0.06B,-43.84%,$-0.03B,$-0.01B,2133.33%,$-0.03B,$0.46B,-6.88%,$-0.01B,$0.17B,-4.40%,$90,$56,$34,$14,$27,$97,$-7,$-5,$-12,$1,$-13,$-13,$-13,$-2,$-7,$80,80,$-0.16,$-0.16,$157,$114,$0,$351,$29,$0,$72,$8,$111,$462,$263,$110,$11,$134,$398,$0,$-408,$-1,$64,$462,$-13,$5,$5,$10,$21,$-7,$1,$1,$15,$12,$-2,$0,$0,$0,$-3,$-3,$0,$-5,$0,$0,$0,$1,$1,$0,$-1,$-0,$6,$3,$0
13,2015-06-30,6.74,$0.95,7.07,$4.86,1.39,$-1.00,0.0,$-0.52,0.0,$0.35B,$0.17B,2.09,$0.20B,$0.08B,2.64,$0.38B,$0.15B,38.16%,$0.38B,$-0.02B,-5.00%,$0.38B,$-0.02B,-5.00%,$0.38B,$0.00B,0.79%,$0.38B,$-0.04B,-9.74%,$0.38B,$-0.04B,-10.79%,$-0.04B,$0.08B,-53.25%,$-0.04B,$0.00B,-8200.00%,$-0.04B,$0.47B,-8.82%,$-0.02B,$0.28B,-6.88%,$102,$61,$40,$15,$27,$103,$-1,$-4,$-5,$0,$-6,$-6,$-6,$4,$-1,$78,78,$-0.06,$-0.06,$148,$106,$0,$354,$32,$0,$74,$5,$112,$467,$170,$200,$11,$221,$391,$0,$-395,$-0,$76,$467,$-40,$22,$23,$45,$-7,$-21,$-2,$19,$-20,$-14,$-10,$0,$0,$0,$14,$14,$0,$4,$0,$0,$0,$7,$7,$0,$-1,$6,$-11,$14,$0
14,2015-03-31,9.3,$0.97,9.6,$4.91,1.89,$-0.83,0.0,$-0.58,0.0,$0.35B,$0.17B,2.1,$0.20B,$0.08B,2.63,$0.38B,$0.14B,37.63%,$0.38B,$-0.02B,-6.05%,$0.38B,$-0.02B,-6.05%,$0.38B,$-0.00B,0.00%,$0.38B,$-0.04B,-10.79%,$0.38B,$-0.05B,-11.84%,$-0.05B,$0.08B,-54.38%,$-0.05B,$0.00B,-1058.82%,$-0.05B,$0.46B,-9.54%,$-0.02B,$0.28B,-8.19%,$98,$59,$39,$13,$25,$96,$1,$-4,$-2,$1,$-3,$-3,$-3,$7,$1,$79,79,$-0.04,$-0.04,$152,$110,$0,$348,$30,$0,$76,$9,$116,$464,$166,$201,$10,$221,$387,$0,$-390,$0,$76,$464,$-35,$17,$17,$34,$7,$-25,$-1,$15,$-12,$-13,$-6,$0,$0,$0,$25,$25,$0,$19,$0,$0,$0,$5,$5,$0,$-0,$5,$3,$11,$0
15,2014-12-31,7.55,$0.97,7.8,$4.94,1.53,$-0.71,0.0,$-0.60,0.0,$0.35B,$0.17B,2.02,$0.20B,$0.08B,2.62,$0.38B,$0.14B,37.99%,$0.38B,$-0.02B,-6.33%,$0.38B,$-0.02B,-6.33%,$0.38B,$-0.00B,-0.53%,$0.38B,$-0.04B,-11.35%,$0.38B,$-0.05B,-12.40%,$-0.05B,$0.08B,-53.56%,$-0.05B,$-0.00B,-671.43%,$-0.05B,$0.47B,-9.82%,$-0.02B,$0.28B,-8.38%,$98,$60,$38,$14,$28,$102,$-4,$-6,$-9,$1,$-10,$-10,$-10,$2,$-4,$78,78,$-0.13,$-0.13,$152,$104,$0,$347,$31,$0,$78,$10,$121,$468,$172,$199,$10,$220,$392,$0,$-387,$1,$76,$468,$-32,$11,$11,$23,$7,$-19,$1,$10,$-4,$-13,$-4,$0,$0,$0,$25,$25,$0,$21,$0,$0,$0,$3,$3,$0,$-0,$3,$5,$7,$0
16,2014-09-30,7.26,$1.04,6.98,$4.93,1.47,$-0.76,0.0,$-0.54,0.0,$0.34B,$0.17B,2.04,$0.20B,$0.08B,2.45,$0.38B,$0.14B,38.40%,$0.38B,$-0.02B,-5.60%,$0.38B,$-0.02B,-5.60%,$0.38B,$0.00B,0.27%,$0.38B,$-0.04B,-10.13%,$0.38B,$-0.04B,-11.20%,$-0.04B,$0.08B,-45.41%,$-0.04B,$0.00B,-420.00%,$-0.04B,$0.46B,-8.70%,$-0.02B,$0.28B,-7.20%,$82,$55,$28,$14,$29,$98,$-15,$-5,$-21,$1,$-22,$-22,$-22,$-10,$-15,$77,77,$-0.28,$-0.28,$154,$100,$0,$336,$33,$0,$80,$9,$124,$460,$165,$197,$7,$214,$379,$0,$-377,$1,$80,$460,$-22,$6,$5,$11,$18,$-13,$0,$5,$-4,$-15,$-3,$0,$0,$0,$34,$34,$0,$31,$0,$0,$0,$2,$2,$0,$0,$2,$15,$3,$0
17,2014-06-30,8.8,$1.28,6.89,$4.89,1.8,$-0.72,0.0,$-0.47,0.0,$0.36B,$0.19B,1.98,$0.20B,$0.10B,1.99,$0.37B,$0.14B,38.38%,$0.37B,$-0.02B,-4.86%,$0.37B,$-0.02B,-4.86%,$0.37B,$0.01B,1.35%,$0.37B,$-0.03B,-8.65%,$0.37B,$-0.04B,-9.73%,$-0.04B,$0.10B,-37.40%,$-0.04B,$0.02B,-313.04%,$-0.04B,$0.50B,-7.41%,$-0.02B,$0.29B,-6.09%,$102,$64,$38,$14,$30,$107,$-5,$-5,$-9,$0,$-10,$-10,$-10,$1,$-5,$76,76,$-0.13,$-0.13,$173,$88,$0,$364,$34,$0,$82,$12,$131,$495,$185,$196,$7,$212,$397,$0,$-355,$2,$99,$495,$-35,$24,$19,$43,$-15,$-8,$-1,$-4,$-7,$0,$-12,$0,$0,$0,$20,$20,$0,$8,$-0,$0,$-0,$9,$9,$0,$-0,$8,$19,$11,$0
18,2014-03-31,9.6,$1.25,7.68,$4.70,2.04,$-1.68,0.0,$-0.59,0.0,$0.36B,$0.18B,2.02,$0.20B,$0.10B,2.11,$0.35B,$0.13B,37.11%,$0.35B,$-0.03B,-7.37%,$0.35B,$-0.03B,-7.37%,$0.35B,$-0.00B,-0.57%,$0.35B,$-0.04B,-11.33%,$0.35B,$-0.05B,-12.75%,$-0.05B,$0.10B,-45.80%,$-0.05B,$0.01B,-400.00%,$-0.05B,$0.49B,-9.35%,$-0.03B,$0.30B,-8.70%,$97,$57,$40,$14,$26,$98,$-0,$-3,$-4,$1,$-5,$-5,$-5,$5,$-0,$76,76,$-0.06,$-0.06,$177,$95,$0,$360,$35,$0,$84,$11,$131,$491,$178,$202,$6,$217,$395,$0,$-345,$2,$96,$491,$-26,$18,$13,$31,$-2,$-15,$2,$-1,$-5,$1,$-10,$0,$0,$0,$14,$14,$0,$5,$0,$0,$0,$7,$7,$0,$-0,$7,$15,$8,$0
19,2013-12-31,8.7,$1.25,6.94,$4.38,1.99,$-2.56,0.0,$-0.95,0.0,$0.35B,$0.17B,2.01,$0.20B,$0.10B,2.11,$0.33B,$0.11B,33.94%,$0.33B,$-0.05B,-15.60%,$0.33B,$-0.05B,-15.60%,$0.33B,$-0.03B,-7.95%,$0.33B,$-0.07B,-20.49%,$0.33B,$-0.07B,-21.71%,$-0.07B,$0.10B,-67.78%,$-0.07B,$0.01B,-458.06%,$-0.07B,$0.49B,-14.71%,$-0.05B,$0.30B,-16.76%,$94,$55,$38,$13,$25,$94,$-1,$-4,$-4,$1,$-5,$-5,$-5,$5,$-1,$75,75,$-0.07,$-0.07,$163,$88,$0,$350,$36,$0,$86,$11,$135,$485,$174,$201,$6,$216,$390,$0,$-341,$2,$95,$485,$-21,$12,$8,$21,$-17,$-8,$-1,$7,$-13,$-13,$-7,$0,$0,$0,$11,$11,$0,$4,$0,$0,$0,$4,$4,$0,$-0,$4,$-3,$5,$0
20,2013-09-30,7.38,$1.27,5.83,$4.21,1.76,$-3.00,0.0,$-1.28,0.0,$0.33B,$0.16B,2.05,$0.20B,$0.10B,2.11,$0.31B,$0.10B,32.15%,$0.31B,$-0.07B,-23.15%,$0.31B,$-0.07B,-23.15%,$0.31B,$-0.05B,-15.11%,$0.31B,$-0.09B,-28.30%,$0.31B,$-0.10B,-30.55%,$-0.10B,$0.10B,-80.00%,$-0.10B,$0.01B,-355.14%,$-0.10B,$0.47B,-20.41%,$-0.07B,$0.30B,-24.98%,$77,$50,$26,$13,$26,$89,$-12,$-2,$-15,$1,$-16,$-16,$-16,$-6,$-12,$75,75,$-0.21,$-0.21,$164,$88,$0,$334,$35,$0,$88,$13,$139,$473,$163,$200,$5,$216,$378,$0,$-335,$2,$95,$473,$-16,$6,$4,$10,$-4,$-7,$2,$1,$-6,$-11,$-3,$0,$0,$0,$2,$2,$0,$-1,$0,$0,$0,$1,$1,$0,$0,$1,$-11,$2,$0
21,2013-06-30,5.74,$1.43,4.01,$4.33,1.33,$-3.06,0.0,$-1.41,0.0,$0.34B,$0.16B,2.16,$0.20B,$0.11B,1.86,$0.32B,$0.10B,30.91%,$0.32B,$-0.08B,-25.55%,$0.32B,$-0.08B,-25.55%,$0.32B,$-0.05B,-17.03%,$0.32B,$-0.09B,-29.65%,$0.32B,$-0.10B,-32.49%,$-0.10B,$0.11B,-75.05%,$-0.10B,$0.02B,-240.94%,$-0.10B,$0.48B,-22.55%,$-0.08B,$0.31B,-29.24%,$85,$58,$27,$15,$25,$98,$-13,$-4,$-17,$2,$-19,$-19,$-19,$-6,$-13,$73,73,$-0.25,$-0.25,$177,$82,$0,$336,$35,$0,$91,$12,$140,$476,$156,$199,$5,$213,$369,$0,$-320,$2,$107,$476,$-97,$27,$15,$42,$11,$-5,$-1,$3,$-11,$-66,$-15,$-0,$-4,$0,$-102,$-102,$0,$-122,$110,$0,$110,$7,$7,$0,$0,$118,$-70,$8,$0
22,2013-03-31,4.64,$1.65,2.82,$4.59,1.01,$-2.64,0.0,$-1.44,0.0,$0.35B,$0.16B,2.16,$0.20B,$0.12B,1.62,$0.33B,$0.11B,32.13%,$0.33B,$-0.08B,-24.32%,$0.33B,$-0.08B,-24.32%,$0.33B,$-0.05B,-15.92%,$0.33B,$-0.10B,-28.53%,$0.33B,$-0.10B,-31.23%,$-0.10B,$0.12B,-64.40%,$-0.10B,$0.03B,-166.40%,$-0.10B,$0.50B,-22.81%,$-0.08B,$0.32B,-29.86%,$71,$50,$20,$16,$29,$96,$-25,$-6,$-31,$1,$-31,$-31,$-31,$-19,$-25,$74,74,$-0.42,$-0.42,$184,$92,$0,$354,$35,$0,$93,$12,$144,$497,$164,$198,$4,$211,$375,$0,$-301,$2,$122,$497,$-79,$20,$6,$26,$13,$-12,$-2,$4,$-10,$-62,$-12,$-0,$-4,$0,$0,$0,$0,$-16,$110,$0,$110,$6,$6,$0,$0,$116,$38,$6,$0
23,2012-12-31,6.43,$2.04,3.15,$5.07,1.27,$-2.22,0.0,$-1.23,0.0,$0.27B,$0.17B,1.62,$0.08B,$0.15B,0.54,$0.36B,$0.12B,33.79%,$0.36B,$-0.07B,-18.96%,$0.36B,$-0.07B,-18.96%,$0.36B,$-0.04B,-10.71%,$0.36B,$-0.08B,-21.43%,$0.36B,$-0.09B,-24.18%,$-0.09B,$0.15B,-47.50%,$-0.09B,$0.06B,-107.32%,$-0.09B,$0.42B,-19.34%,$-0.07B,$0.23B,-26.04%,$78,$51,$27,$17,$32,$100,$-22,$-3,$-25,$1,$-26,$-26,$-29,$-16,$-22,$73,73,$-0.40,$-0.40,$97,$89,$0,$272,$37,$0,$96,$8,$144,$416,$168,$82,$5,$97,$265,$0,$-270,$2,$151,$416,$-47,$14,$1,$16,$5,$-7,$3,$3,$-10,$-42,$-9,$-0,$-4,$0,$0,$0,$0,$-13,$0,$0,$0,$5,$5,$0,$0,$5,$-49,$4,$0
24,2012-09-30,7.08,$2.34,3.02,$5.50,1.29,$-2.12,0.0,$-0.98,0.0,$0.29B,$0.17B,1.68,$0.08B,$0.17B,0.48,$0.39B,$0.14B,34.69%,$0.39B,$-0.05B,-13.27%,$0.39B,$-0.05B,-13.27%,$0.39B,$-0.02B,-5.10%,$0.39B,$-0.06B,-16.07%,$0.39B,$-0.07B,-17.60%,$-0.07B,$0.17B,-33.62%,$-0.07B,$0.07B,-70.77%,$-0.07B,$0.44B,-14.56%,$-0.05B,$0.25B,-18.29%,$83,$59,$24,$19,$26,$103,$-21,$-1,$-21,$1,$-22,$-22,$-24,$-13,$-21,$72,72,$-0.34,$-0.34,$124,$82,$0,$286,$40,$0,$98,$11,$152,$438,$170,$81,$6,$99,$269,$0,$-241,$2,$169,$438,$-22,$8,$-1,$7,$11,$-0,$10,$-4,$2,$-13,$-5,$-0,$-4,$0,$0,$0,$0,$-9,$0,$0,$0,$0,$0,$0,$0,$0,$-22,$2,$0
25,2012-06-30,6.82,$2.84,2.4,$5.78,1.18,$-2.58,0.0,$-1.02,0.0,$0.32B,$0.17B,1.82,$0.08B,$0.20B,0.39,$0.41B,$0.14B,33.25%,$0.41B,$-0.06B,-13.69%,$0.41B,$-0.06B,-13.69%,$0.41B,$-0.02B,-5.62%,$0.41B,$-0.07B,-17.11%,$0.41B,$-0.07B,-17.60%,$-0.07B,$0.20B,-32.32%,$-0.07B,$0.10B,-65.45%,$-0.07B,$0.47B,-14.71%,$-0.06B,$0.28B,-18.62%,$101,$64,$36,$20,$30,$114,$-13,$-4,$-18,$0,$-18,$-18,$-20,$-5,$-13,$71,71,$-0.28,$-0.28,$145,$82,$0,$316,$37,$0,$109,$8,$157,$473,$174,$79,$6,$95,$269,$0,$-216,$3,$204,$473,$-71,$33,$11,$44,$-9,$12,$-21,$18,$-11,$-38,$-11,$0,$-1,$0,$0,$0,$0,$-12,$96,$0,$96,$4,$4,$0,$0,$101,$48,$8,$0
26,2012-03-31,7.06,$3.04,2.32,$5.62,1.26,$-1.74,0.0,$-1.14,0.0,$0.33B,$0.18B,1.82,$0.08B,$0.22B,0.36,$0.38B,$0.13B,34.46%,$0.38B,$-0.07B,-17.75%,$0.38B,$-0.07B,-17.75%,$0.38B,$-0.04B,-10.44%,$0.38B,$-0.08B,-20.10%,$0.38B,$-0.08B,-20.10%,$-0.08B,$0.22B,-33.23%,$-0.08B,$0.11B,-66.24%,$-0.08B,$0.49B,-15.87%,$-0.07B,$0.30B,-23.45%,$102,$66,$36,$22,$26,$115,$-13,$-1,$-14,$1,$-15,$-15,$-15,$-5,$-13,$71,71,$-0.21,$-0.21,$155,$85,$0,$332,$40,$0,$110,$8,$160,$493,$183,$78,$6,$93,$276,$0,$-196,$2,$217,$493,$-51,$25,$6,$31,$-13,$9,$-16,$23,$-12,$-33,$-8,$0,$-1,$0,$0,$0,$0,$-9,$96,$0,$96,$3,$3,$0,$0,$99,$55,$6,$0
27,2011-12-31,4.23,$3.26,1.3,$5.10,0.83,$-1.39,0.0,$-0.95,0.0,$0.33B,$0.17B,1.92,$0.08B,$0.23B,0.34,$0.34B,$0.12B,36.61%,$0.34B,$-0.06B,-16.67%,$0.34B,$-0.06B,-16.67%,$0.34B,$-0.03B,-10.12%,$0.34B,$-0.06B,-19.05%,$0.34B,$-0.06B,-18.75%,$-0.06B,$0.23B,-28.35%,$-0.06B,$0.12B,-47.28%,$-0.06B,$0.49B,-14.74%,$-0.06B,$0.31B,-21.46%,$106,$66,$40,$18,$27,$112,$-5,$-4,$-10,$0,$-10,$-10,$-10,$3,$-5,$71,71,$-0.15,$-0.15,$152,$83,$0,$328,$41,$0,$114,$6,$164,$492,$171,$77,$6,$89,$261,$0,$-181,$2,$231,$492,$-37,$17,$5,$21,$-15,$12,$-17,$20,$-23,$-38,$-4,$0,$-1,$0,$0,$0,$0,$-5,$96,$0,$96,$2,$2,$0,$0,$98,$53,$5,$0
28,2011-09-30,4.01,$3.40,1.18,$4.48,0.9,$-0.85,0.0,$-0.73,0.0,$0.33B,$0.17B,1.92,$0.08B,$0.24B,0.32,$0.28B,$0.11B,39.44%,$0.28B,$-0.05B,-16.55%,$0.28B,$-0.05B,-16.55%,$0.28B,$-0.03B,-11.27%,$0.28B,$-0.05B,-17.61%,$0.28B,$-0.05B,-17.25%,$-0.05B,$0.24B,-23.44%,$-0.05B,$0.12B,-33.28%,$-0.05B,$0.50B,-13.30%,$-0.05B,$0.32B,-20.59%,$100,$76,$24,$21,$29,$125,$-25,$-3,$-28,$1,$-28,$-28,$-27,$-16,$-25,$70,70,$-0.38,$-0.38,$143,$83,$0,$331,$42,$0,$118,$6,$169,$500,$172,$77,$6,$89,$261,$0,$-171,$1,$239,$500,$-28,$8,$4,$13,$-17,$12,$-14,$5,$-34,$-49,$-1,$0,$-1,$0,$0,$0,$0,$-2,$96,$0,$96,$1,$1,$0,$0,$97,$44,$3,$0
29,2011-06-30,8.01,$3.43,2.34,$3.70,2.17,$-0.33,0.0,$-0.43,0.0,$0.29B,$0.20B,1.41,$0.00B,$0.24B,0.0,$0.22B,$0.11B,47.75%,$0.22B,$-0.03B,-12.61%,$0.22B,$-0.03B,-12.61%,$0.22B,$-0.02B,-9.46%,$0.22B,$-0.03B,-12.16%,$0.22B,$-0.03B,-12.16%,$-0.03B,$0.24B,-14.10%,$-0.03B,$0.12B,-17.09%,$-0.03B,$0.46B,-8.79%,$-0.03B,$0.24B,-14.62%,$75,$43,$32,$15,$42,$100,$-25,$-0,$-25,$0,$-25,$-25,$-25,$-22,$-25,$60,60,$-0.41,$-0.41,$99,$98,$0,$286,$45,$0,$121,$2,$170,$456,$203,$0,$6,$12,$215,$0,$-144,$0,$240,$456,$-27,$8,$15,$23,$9,$-4,$11,$-9,$16,$12,$-4,$0,$-70,$0,$106,$106,$0,$31,$0,$0,$0,$6,$6,$0,$0,$6,$50,$13,$0
30,2011-03-31,9.02,$2.98,3.03,$3.47,2.6,$-0.64,0.0,$0.05,180.4,$0.24B,$0.08B,3.08,$0.00B,$0.18B,0.0,$0.21B,$0.11B,50.24%,$0.21B,$0.00B,1.44%,$0.21B,$0.00B,1.44%,$0.21B,$0.01B,4.31%,$0.21B,$0.00B,1.44%,$0.21B,$0.00B,1.44%,$0.00B,$0.18B,1.72%,$0.00B,$0.18B,1.77%,$0.00B,$0.26B,1.16%,$0.00B,$0.18B,1.72%,$55,$27,$27,$9,$19,$55,$-1,$0,$-1,$1,$-1,$-1,$-1,$1,$-1,$60,60,$-0.02,$-0.02,$143,$34,$0,$237,$17,$0,$5,$2,$25,$262,$77,$0,$1,$6,$82,$0,$-119,$0,$179,$262,$-2,$4,$7,$12,$-6,$-8,$-3,$-2,$-19,$-9,$-4,$0,$0,$0,$20,$20,$0,$16,$0,$0,$0,$4,$4,$0,$0,$4,$12,$6,$0
31,2010-12-31,6.75,$2.97,2.27,$3.42,1.97,$-0.66,0.0,$0.11,61.36,$0.23B,$0.07B,3.13,$0.00B,$0.18B,0.0,$0.21B,$0.10B,50.00%,$0.21B,$0.01B,3.40%,$0.21B,$0.01B,3.40%,$0.21B,$0.01B,5.83%,$0.21B,$0.01B,3.40%,$0.21B,$0.01B,2.91%,$0.01B,$0.18B,3.53%,$0.01B,$0.17B,3.64%,$0.01B,$0.26B,2.33%,$0.01B,$0.18B,4.12%,$54,$25,$29,$9,$16,$51,$4,$1,$4,$0,$4,$4,$4,$5,$4,$59,61,$0.07,$0.07,$152,$36,$0,$231,$17,$0,$5,$2,$25,$256,$74,$0,$1,$5,$79,$0,$-118,$-0,$178,$256,$-1,$3,$5,$8,$8,$-9,$-4,$-2,$-7,$0,$-3,$0,$0,$0,$3,$3,$0,$0,$0,$0,$0,$4,$4,$0,$0,$4,$4,$4,$0
32,2010-09-30,6.22,$2.87,2.17,$3.53,1.76,$-0.79,0.0,$0.02,311.0,$0.23B,$0.08B,2.91,$0.00B,$0.17B,0.0,$0.21B,$0.10B,47.85%,$0.21B,$0.00B,0.48%,$0.21B,$0.00B,0.48%,$0.21B,$0.01B,3.35%,$0.21B,$0.00B,0.48%,$0.21B,$0.00B,0.48%,$0.00B,$0.17B,0.61%,$0.00B,$0.16B,0.63%,$0.00B,$0.25B,0.39%,$0.00B,$0.17B,0.61%,$38,$20,$18,$8,$16,$44,$-6,$2,$-5,$0,$-5,$-5,$-5,$-5,$-6,$59,59,$-0.08,$-0.08,$141,$30,$0,$227,$17,$0,$5,$2,$27,$254,$78,$0,$1,$7,$85,$0,$-122,$0,$169,$254,$-5,$1,$3,$4,$2,$-3,$-1,$-4,$-10,$-10,$-1,$0,$0,$0,$7,$7,$0,$6,$0,$0,$0,$1,$1,$0,$0,$1,$-3,$2,$0
33,2010-06-30,6.63,$2.91,2.28,$3.78,1.76,$-0.74,0.0,$0.04,165.75,$0.24B,$0.09B,2.75,$0.00B,$0.17B,0.0,$0.22B,$0.10B,46.85%,$0.22B,$0.00B,1.35%,$0.22B,$0.00B,1.35%,$0.22B,$0.01B,4.50%,$0.22B,$0.00B,1.35%,$0.22B,$0.00B,1.35%,$0.00B,$0.17B,1.86%,$0.00B,$0.17B,1.92%,$0.00B,$0.26B,1.15%,$0.00B,$0.17B,1.86%,$62,$31,$31,$8,$17,$56,$6,$-1,$5,$0,$5,$5,$5,$8,$6,$58,60,$0.09,$0.09,$145,$28,$0,$239,$15,$0,$5,$2,$24,$263,$87,$0,$1,$6,$93,$0,$-118,$-0,$170,$263,$3,$7,$11,$18,$-2,$0,$-5,$-23,$-26,$-5,$-5,$0,$0,$0,$16,$16,$0,$11,$0,$0,$0,$4,$4,$0,$0,$4,$9,$10,$0
34,2010-03-31,6.07,$2.79,2.18,$3.75,1.62,$-0.70,0.0,$-0.02,0.0,$0.23B,$0.09B,2.52,$0.00B,$0.16B,0.0,$0.22B,$0.10B,45.66%,$0.22B,$-0.00B,-1.37%,$0.22B,$-0.00B,-1.37%,$0.22B,$0.00B,1.83%,$0.22B,$-0.00B,-0.46%,$0.22B,$-0.00B,-0.46%,$-0.00B,$0.16B,-0.64%,$-0.00B,$0.16B,-0.66%,$-0.00B,$0.26B,-0.38%,$-0.00B,$0.16B,-1.91%,$52,$27,$25,$8,$15,$49,$3,$-0,$3,$0,$2,$2,$2,$4,$3,$58,60,$0.04,$0.04,$139,$28,$0,$229,$13,$6,$5,$2,$29,$258,$91,$0,$1,$6,$96,$0,$-123,$0,$162,$258,$-2,$6,$8,$14,$1,$1,$-5,$-21,$-24,$-12,$-3,$0,$0,$0,$12,$12,$0,$10,$0,$0,$0,$2,$2,$0,$0,$2,$-1,$8,$0
35,2009-12-31,5.61,$2.73,2.06,$3.93,1.43,$-0.66,0.0,$-0.04,0.0,$0.22B,$0.10B,2.33,$0.00B,$0.16B,0.0,$0.23B,$0.11B,46.05%,$0.23B,$-0.01B,-2.19%,$0.23B,$-0.01B,-2.19%,$0.23B,$0.00B,1.32%,$0.23B,$-0.00B,-1.32%,$0.23B,$-0.00B,-0.88%,$-0.00B,$0.16B,-1.31%,$-0.00B,$0.15B,-1.35%,$-0.00B,$0.26B,-0.75%,$-0.01B,$0.16B,-3.26%,$57,$31,$26,$8,$20,$60,$-2,$0,$-2,$-1,$-1,$-1,$-1,$-0,$-2,$57,57,$-0.02,$-0.02,$137,$25,$0,$224,$13,$14,$5,$2,$36,$261,$96,$0,$1,$7,$103,$0,$-125,$0,$157,$261,$-4,$4,$7,$11,$-1,$2,$-4,$-16,$-16,$-9,$-1,$0,$0,$0,$11,$11,$0,$10,$0,$0,$0,$2,$2,$0,$-0,$1,$3,$6,$0
36,2009-09-30,6.5,$2.70,2.41,$3.93,1.66,$-0.74,0.0,0,0.0,$0.19B,$0.10B,1.93,$0.00B,$0.16B,0.0,$0.23B,$0.11B,47.16%,$0.23B,$-0.00B,-0.87%,$0.23B,$-0.00B,-0.87%,$0.23B,$0.01B,2.18%,$0.23B,0,0.00%,$0.23B,0,0.00%,$0.00B,$0.16B,0.00%,$0.00B,$0.15B,0.00%,$0.00B,$0.26B,0.00%,$-0.00B,$0.16B,-1.34%,$51,$29,$22,$8,$18,$54,$-4,$0,$-3,$0,$-3,$-3,$-3,$-2,$-4,$57,57,$-0.06,$-0.06,$104,$26,$0,$186,$14,$49,$5,$1,$72,$258,$96,$0,$0,$6,$103,$0,$-124,$0,$155,$258,$-3,$2,$5,$6,$6,$1,$-6,$-11,$-11,$-8,$-1,$0,$0,$0,$4,$4,$0,$4,$0,$0,$0,$1,$1,$0,$0,$1,$-3,$3,$0
37,2009-06-30,6.64,$2.72,2.44,$4.06,1.64,$-0.61,0.0,$0.00,0.0,$0.19B,$0.11B,1.71,$0.00B,$0.15B,0.0,$0.23B,$0.11B,48.72%,$0.23B,$-0.00B,-0.85%,$0.23B,$-0.00B,-0.85%,$0.23B,$0.00B,1.71%,$0.23B,0,0.00%,$0.23B,0,0.00%,$0.00B,$0.15B,0.00%,$0.00B,$0.15B,0.00%,$0.00B,$0.27B,0.00%,$-0.00B,$0.15B,-1.39%,$59,$32,$27,$9,$18,$58,$0,$1,$1,$-0,$1,$1,$1,$2,$0,$55,59,$0.03,$0.03,$102,$29,$0,$193,$15,$57,$5,$1,$82,$274,$112,$0,$0,$8,$120,$0,$-121,$0,$154,$274,$1,$7,$24,$30,$-3,$-10,$2,$-29,$-35,$-4,$-4,$0,$0,$0,$2,$2,$0,$-2,$0,$0,$0,$6,$6,$0,$0,$6,$-0,$15,$0
38,2009-03-31,5.03,$2.63,1.91,$3.90,1.29,$-0.94,0.0,$-0.02,0.0,$0.19B,$0.12B,1.64,$0.00B,$0.15B,0.0,$0.23B,$0.11B,50.44%,$0.23B,$-0.00B,-1.33%,$0.23B,$-0.00B,-1.33%,$0.23B,$0.00B,1.33%,$0.23B,$-0.00B,-0.44%,$0.23B,$-0.00B,-0.44%,$-0.00B,$0.15B,-0.72%,$-0.00B,$0.14B,-0.75%,$-0.00B,$0.27B,-0.35%,$-0.00B,$0.15B,-2.17%,$61,$31,$30,$9,$20,$60,$1,$1,$1,$0,$1,$1,$1,$3,$1,$56,59,$0.02,$0.02,$99,$29,$0,$188,$15,$58,$5,$1,$85,$272,$115,$0,$0,$10,$125,$0,$-122,$0,$147,$272,$-1,$5,$15,$20,$1,$-9,$-2,$-23,$-30,$-10,$-2,$0,$0,$0,$1,$1,$4,$2,$0,$0,$0,$4,$4,$0,$0,$4,$-3,$12,$0
39,2008-12-31,5.16,$2.57,2.01,$3.83,1.35,$-1.10,0.0,$-0.03,0.0,$0.21B,$0.11B,1.83,$0.00B,$0.14B,0.0,$0.22B,$0.11B,49.11%,$0.22B,$-0.01B,-2.23%,$0.22B,$-0.01B,-2.23%,$0.22B,$0.00B,0.45%,$0.22B,$-0.00B,-0.89%,$0.22B,$-0.00B,-0.45%,$-0.00B,$0.14B,-0.75%,$-0.00B,$0.14B,-0.79%,$-0.00B,$0.29B,-0.35%,$-0.01B,$0.14B,-3.75%,$58,$28,$29,$9,$20,$57,$1,$1,$1,$0,$1,$1,$1,$2,$1,$55,58,$0.02,$0.02,$110,$24,$0,$206,$16,$44,$5,$1,$80,$286,$113,$0,$2,$30,$143,$0,$-123,$1,$143,$286,$-2,$3,$11,$14,$-7,$-3,$-4,$-16,$-25,$-13,$-1,$0,$0,$0,$-1,$-1,$4,$1,$0,$0,$0,$4,$4,$0,$0,$4,$-8,$9,$0
40,2008-09-30,8.07,$2.40,3.36,$3.69,2.19,$-1.17,0.0,$-0.01,0.0,$0.21B,$0.12B,1.72,$0.00B,$0.13B,0.0,$0.22B,$0.11B,50.00%,$0.22B,$-0.01B,-2.29%,$0.22B,$-0.01B,-2.29%,$0.22B,$0.00B,0.92%,$0.22B,0,0.00%,$0.22B,0,0.00%,$0.00B,$0.13B,0.00%,$0.00B,$0.13B,0.00%,$0.00B,$0.28B,0.00%,$-0.01B,$0.13B,-3.77%,$56,$27,$28,$9,$24,$60,$-4,$1,$-3,$0,$-3,$-3,$-3,$-3,$-4,$55,55,$-0.06,$-0.06,$124,$27,$0,$207,$17,$38,$5,$1,$74,$281,$120,$0,$3,$29,$150,$0,$-124,$-3,$132,$281,$-3,$2,$6,$8,$9,$-5,$-0,$-11,$-5,$-1,$-1,$0,$0,$0,$-9,$-9,$-1,$-10,$0,$0,$0,$1,$1,$0,$0,$1,$-10,$5,$0
41,2008-06-30,7.29,$2.40,3.04,$3.46,2.1,$-1.37,0.0,$0.09,81.0,$0.22B,$0.14B,1.65,$0.00B,$0.13B,0.0,$0.21B,$0.11B,50.71%,$0.21B,$-0.00B,-0.47%,$0.21B,$-0.00B,-0.47%,$0.21B,$0.01B,3.32%,$0.21B,$0.01B,2.84%,$0.21B,$0.01B,2.37%,$0.01B,$0.13B,3.77%,$0.01B,$0.13B,3.93%,$0.01B,$0.30B,1.64%,$-0.00B,$0.13B,-0.75%,$51,$24,$27,$8,$19,$52,$-1,$1,$0,$0,$0,$0,$0,$1,$-1,$55,60,$0.01,$0.00,$127,$23,$0,$222,$17,$37,$5,$1,$73,$295,$135,$0,$3,$30,$164,$0,$-121,$-1,$131,$295,$5,$8,$13,$21,$-24,$-10,$-1,$-8,$-49,$-23,$-5,$0,$0,$0,$-124,$-124,$0,$-129,$0,$0,$0,$-17,$-17,$0,$0,$-16,$-168,$17,$0
42,2008-03-31,7.81,$2.26,3.46,$4.05,1.93,$-0.77,0.0,$0.10,78.1,$0.23B,$0.13B,1.74,$0.00B,$0.13B,0.0,$0.20B,$0.11B,51.47%,$0.20B,0,0.00%,$0.20B,0,0.00%,$0.20B,$0.01B,3.43%,$0.20B,$0.01B,3.92%,$0.20B,$0.01B,2.94%,$0.01B,$0.13B,4.57%,$0.01B,$0.12B,4.76%,$0.01B,$0.29B,1.91%,$0.00B,$0.13B,0.00%,$59,$32,$26,$9,$19,$60,$-1,$1,$0,$-0,$1,$1,$1,$1,$-1,$55,60,$0.01,$0.01,$142,$18,$0,$230,$18,$24,$5,$1,$64,$294,$132,$0,$2,$35,$167,$0,$-121,$-1,$127,$294,$5,$6,$13,$19,$-21,$-4,$-3,$-12,$-43,$-18,$-4,$0,$0,$0,$-103,$-103,$0,$-108,$0,$0,$0,$-16,$-16,$0,$0,$-16,$-142,$13,$0
43,2007-12-31,15.22,$2.61,5.83,$4.08,3.73,$-0.56,0.0,$0.07,217.43,$0.25B,$0.12B,2.12,$0.00B,$0.14B,0.0,$0.18B,$0.10B,54.95%,$0.18B,$-0.00B,-0.55%,$0.18B,$-0.00B,-0.55%,$0.18B,$0.01B,3.30%,$0.18B,$0.01B,3.85%,$0.18B,$0.00B,2.20%,$0.00B,$0.14B,3.09%,$0.00B,$0.14B,3.22%,$0.00B,$0.31B,1.25%,$-0.00B,$0.14B,-0.77%,$52,$24,$28,$8,$19,$51,$1,$2,$3,$0,$2,$2,$2,$3,$1,$55,61,$0.04,$0.04,$187,$15,$0,$254,$28,$0,$6,$1,$57,$310,$120,$0,$3,$50,$170,$0,$-122,$-0,$140,$310,$5,$4,$9,$13,$-5,$-2,$-5,$-16,$-33,$-15,$-4,$0,$0,$0,$0,$0,$0,$-4,$0,$0,$0,$1,$1,$0,$1,$2,$-17,$9,$0
