,Date,Stock Price,Book Value per Share,Price to Book Ratio,TTM Sales per Share,Price to Sales Ratio,TTM FCF per Share,Price to FCF Ratio,TTM Net EPS,PE Ratio,Current Assets,Current Liabilities,Current Ratio,Long Term Debt,Shareholder's Equity_x,Debt to Equity Ratio,TTM Revenue_x,TTM Gross Profit,Gross Margin,TTM Revenue_y,TTM Operating Income,Operating Margin,TTM Revenue_x,TTM EBIT,EBIT Margin,TTM Revenue_y,TTM EBITDA,EBITDA Margin,TTM Revenue_x,TTM Pre-Tax Income,Pre-Tax Margin,TTM Revenue_y,TTM Net Income_x,Net Margin,TTM Net Income_y,Shareholder's Equity_y,Return on Equity,TTM Net Income_x,Tangible Equity,Return on Tangible Equity,TTM Net Income_y,Total Assets,Return on Assets,TTM Net Income,LT Investments & Debt,Return on Investment,revenue,cost-goods-sold,gross-profit,research-development-expenses,selling-general-administrative-expenses,operating-expenses,operating-income,total-non-operating-income-expense,pre-tax-income,total-provision-income-taxes,income-after-taxes,income-from-continuous-operations,net-income,ebitda,ebit,basic-shares-outstanding,shares-outstanding,eps-basic-net-earnings-per-share,eps-earnings-per-share-diluted,cash-on-hand,inventory,other-current-assets,total-current-assets,net-property-plant-equipment,long-term-investments,goodwill-intangible-assets-total,other-long-term-assets,total-long-term-assets,total-assets,total-current-liabilities,long-term-debt,other-non-current-liabilities,total-long-term-liabilities,total-liabilities,common-stock-net,retained-earnings-accumulated-deficit,comprehensive-income,total-share-holder-equity,total-liabilities-share-holders-equity,net-income-loss,total-depreciation-amortization-cash-flow,other-non-cash-items,total-non-cash-items,change-in-accounts-receivable,change-in-inventories,change-in-accounts-payable,change-in-assets-liabilities,total-change-in-assets-liabilities,cash-flow-from-operating-activities,net-change-in-property-plant-equipment,net-change-in-intangible-assets,net-acquisitions-divestitures,net-change-in-short-term-investments,net-change-in-long-term-investments,net-change-in-investments-total,investing-activities-other,cash-flow-from-investing-activities,net-long-term-debt,net-current-debt,debt-issuance-retirement-net-total,net-common-equity-issued-repurchased,net-total-equity-issued-repurchased,total-common-preferred-stock-dividends-paid,financial-activities-other,cash-flow-from-financial-activities,net-cash-flow,stock-based-compensation,common-stock-dividends-paid
0,2018-09-30,48.55,$27.45,1.77,$113.76,0.43,$12.18,3.99,$3.31,14.67,$0.63B,$0.46B,1.39,$0.24B,$0.71B,0.34,$3.03B,$0.08B,2.74%,$3.03B,$0.08B,2.74%,$3.03B,$0.08B,2.74%,$3.03B,$0.19B,6.27%,$3.03B,$0.08B,2.64%,$3.03B,$0.09B,2.94%,$0.09B,$0.71B,13.23%,$0.09B,$0.53B,18.06%,$0.09B,$1.52B,6.27%,$0.08B,$0.94B,9.41%,$826,$770,$56,$0,$0,$770,$56,$-2,$54,$13,$41,$41,$41,$84,$56,$26,27,$1.58,$1.52,$253,$0,$9,$632,$627,$0,$178,$75,$886,$1518,$455,$236,$40,$358,$813,$0,$488,$-23,$705,$1518,$52,$82,$11,$93,$-47,$0,$0,$19,$29,$174,$-44,$0,$5,$-19,$0,$-19,$0,$-58,$-50,$-2,$-52,$-0,$-0,$-6,$-0,$-59,$57,$6,$-6
1,2018-06-30,45.62,$26.03,1.75,$111.13,0.41,$9.17,4.98,$2.35,19.41,$0.59B,$0.45B,1.31,$0.20B,$0.67B,0.3,$2.95B,$0.05B,1.83%,$2.95B,$0.05B,1.83%,$2.95B,$0.05B,1.83%,$2.95B,$0.16B,5.39%,$2.95B,$0.05B,1.70%,$2.95B,$0.06B,2.14%,$0.06B,$0.67B,9.70%,$0.06B,$0.49B,13.47%,$0.06B,$1.43B,4.58%,$0.05B,$0.87B,6.35%,$793,$790,$3,$0,$0,$790,$3,$-2,$1,$-0,$1,$1,$1,$30,$3,$26,27,$0.05,$0.05,$227,$0,$10,$590,$591,$0,$180,$65,$842,$1432,$450,$198,$38,$314,$764,$0,$449,$-18,$669,$1432,$11,$54,$-5,$48,$-31,$0,$0,$42,$60,$120,$-29,$0,$0,$-11,$0,$-11,$0,$-40,$-34,$-3,$-37,$-0,$-0,$-4,$-0,$-41,$39,$4,$-4
2,2018-03-31,31.94,$25.95,1.23,$108.82,0.29,$6.63,4.82,$2.90,11.01,$0.53B,$0.40B,1.34,$0.20B,$0.67B,0.3,$2.88B,$0.08B,2.68%,$2.88B,$0.08B,2.68%,$2.88B,$0.08B,2.68%,$2.88B,$0.18B,6.26%,$2.88B,$0.07B,2.54%,$2.88B,$0.08B,2.71%,$0.08B,$0.67B,12.32%,$0.08B,$0.49B,17.36%,$0.08B,$1.36B,5.80%,$0.08B,$0.86B,9.25%,$700,$687,$13,$0,$0,$687,$13,$-4,$9,$-1,$10,$10,$10,$39,$13,$26,27,$0.39,$0.37,$179,$0,$9,$532,$574,$0,$181,$65,$826,$1358,$399,$196,$12,$294,$693,$0,$450,$-20,$665,$1358,$10,$26,$-0,$26,$-10,$0,$0,$0,$-5,$32,$-8,$0,$0,$2,$0,$2,$0,$-6,$-17,$-3,$-19,$-0,$-0,$-2,$-0,$-21,$4,$2,$-2
3,2017-12-31,35.54,$25.40,1.4,$107.85,0.33,$5.30,6.7,$2.24,15.87,$0.52B,$0.40B,1.3,$0.21B,$0.65B,0.32,$2.83B,$0.05B,1.91%,$2.83B,$0.05B,1.91%,$2.83B,$0.05B,1.91%,$2.83B,$0.16B,5.52%,$2.83B,$0.05B,1.80%,$2.83B,$0.06B,2.16%,$0.06B,$0.65B,9.92%,$0.06B,$0.47B,14.23%,$0.06B,$1.37B,4.63%,$0.05B,$0.86B,6.69%,$711,$700,$11,$0,$0,$700,$11,$5,$16,$-21,$37,$37,$37,$37,$11,$26,26,$1.43,$1.38,$177,$0,$12,$522,$591,$0,$182,$64,$843,$1366,$403,$207,$16,$312,$714,$0,$438,$-21,$651,$1366,$60,$103,$5,$108,$-20,$0,$0,$-4,$-16,$152,$-71,$0,$2,$0,$0,$0,$0,$-68,$-59,$-1,$-59,$-6,$-6,$-8,$-4,$-78,$6,$7,$-8
4,2017-09-30,33.17,$23.94,1.39,$107.16,0.31,$3.85,8.61,$0.93,35.67,$0.52B,$0.41B,1.26,$0.20B,$0.61B,0.33,$2.80B,$0.04B,1.57%,$2.80B,$0.04B,1.57%,$2.80B,$0.04B,1.57%,$2.80B,$0.15B,5.24%,$2.80B,$0.04B,1.28%,$2.80B,$0.03B,0.93%,$0.03B,$0.61B,4.32%,$0.03B,$0.43B,6.28%,$0.03B,$1.34B,2.01%,$0.04B,$0.81B,5.59%,$744,$718,$27,$0,$0,$718,$27,$-3,$24,$9,$15,$15,$15,$53,$27,$26,26,$0.57,$0.56,$166,$0,$9,$519,$570,$0,$186,$67,$825,$1344,$413,$200,$17,$318,$731,$0,$404,$-22,$614,$1344,$23,$77,$15,$92,$-36,$0,$0,$-6,$-18,$96,$-48,$0,$2,$-0,$0,$-0,$0,$-46,$-42,$2,$-40,$-6,$-6,$-6,$-4,$-56,$-6,$5,$-6
5,2017-06-30,20.37,$23.44,0.87,$106.20,0.19,$3.67,5.55,$0.86,23.68,$0.50B,$0.41B,1.24,$0.20B,$0.60B,0.32,$2.77B,$0.04B,1.33%,$2.77B,$0.04B,1.33%,$2.77B,$0.04B,1.33%,$2.77B,$0.14B,5.05%,$2.77B,$0.03B,1.19%,$2.77B,$0.02B,0.87%,$0.02B,$0.60B,4.02%,$0.02B,$0.42B,5.89%,$0.02B,$1.31B,1.86%,$0.04B,$0.80B,4.76%,$720,$695,$26,$0,$0,$695,$26,$-2,$24,$8,$16,$16,$16,$51,$26,$26,26,$0.61,$0.60,$157,$0,$8,$502,$555,$0,$187,$65,$811,$1312,$405,$195,$15,$305,$710,$0,$391,$-22,$602,$1312,$8,$51,$10,$60,$-21,$0,$0,$-6,$-17,$51,$-29,$0,$0,$3,$0,$3,$0,$-26,$-25,$-2,$-27,$-4,$-4,$-4,$-3,$-38,$-13,$4,$-4
6,2017-03-31,25.59,$23.09,1.11,$104.58,0.24,$3.91,6.55,$0.65,39.37,$0.46B,$0.38B,1.22,$0.17B,$0.59B,0.28,$2.73B,$0.03B,1.03%,$2.73B,$0.03B,1.03%,$2.73B,$0.03B,1.03%,$2.73B,$0.13B,4.80%,$2.73B,$0.03B,0.92%,$2.73B,$0.02B,0.66%,$0.02B,$0.59B,3.04%,$0.02B,$0.40B,4.43%,$0.02B,$1.24B,1.40%,$0.03B,$0.76B,3.66%,$651,$661,$-10,$0,$0,$661,$-10,$-3,$-13,$-5,$-7,$-7,$-7,$15,$-10,$26,26,$-0.29,$-0.29,$140,$0,$8,$464,$524,$0,$188,$65,$780,$1244,$382,$167,$16,$271,$653,$0,$377,$-23,$592,$1244,$-7,$25,$-1,$25,$3,$0,$0,$-9,$-16,$2,$-13,$0,$0,$-0,$0,$-0,$0,$-13,$-17,$-1,$-18,$0,$0,$-2,$-0,$-21,$-32,$2,$-2
7,2016-12-31,27.15,$23.39,1.16,$103.29,0.26,$4.30,6.32,$0.70,38.78,$0.49B,$0.40B,1.24,$0.18B,$0.60B,0.3,$2.70B,$0.03B,1.07%,$2.70B,$0.03B,1.07%,$2.70B,$0.03B,1.07%,$2.70B,$0.13B,4.89%,$2.70B,$0.03B,1.04%,$2.70B,$0.02B,0.70%,$0.02B,$0.60B,3.23%,$0.02B,$0.41B,4.67%,$0.02B,$1.28B,1.48%,$0.03B,$0.78B,3.82%,$688,$687,$1,$0,$0,$687,$1,$-0,$1,$-0,$2,$2,$2,$28,$1,$26,26,$0.07,$0.07,$172,$0,$4,$491,$533,$0,$189,$66,$791,$1282,$396,$180,$17,$287,$683,$0,$387,$-23,$599,$1282,$19,$103,$25,$128,$-24,$0,$0,$-6,$-35,$112,$-70,$0,$-22,$5,$0,$5,$0,$-87,$-52,$-4,$-56,$-10,$-10,$-8,$-2,$-76,$-51,$8,$-8
8,2016-09-30,18.62,$23.23,0.8,$101.51,0.18,$5.29,3.52,$0.83,22.43,$0.53B,$0.40B,1.34,$0.18B,$0.60B,0.3,$2.66B,$0.04B,1.32%,$2.66B,$0.04B,1.32%,$2.66B,$0.04B,1.32%,$2.66B,$0.14B,5.11%,$2.66B,$0.03B,1.28%,$2.66B,$0.02B,0.83%,$0.02B,$0.60B,3.76%,$0.02B,$0.40B,5.39%,$0.02B,$1.32B,1.72%,$0.04B,$0.77B,4.64%,$714,$694,$20,$0,$0,$694,$20,$0,$21,$8,$13,$13,$13,$46,$20,$26,26,$0.50,$0.49,$191,$0,$4,$533,$530,$0,$193,$66,$788,$1321,$399,$176,$15,$327,$726,$0,$388,$-28,$595,$1321,$17,$77,$21,$98,$-17,$0,$0,$-3,$-25,$89,$-46,$0,$-25,$2,$0,$2,$0,$-69,$-37,$-4,$-40,$-8,$-8,$-6,$-1,$-56,$-35,$6,$-6
9,2016-06-30,15.84,$22.62,0.7,$101.04,0.16,$6.05,2.62,$1.06,14.94,$0.55B,$0.39B,1.42,$0.17B,$0.58B,0.29,$2.66B,$0.05B,1.81%,$2.66B,$0.05B,1.81%,$2.66B,$0.05B,1.81%,$2.66B,$0.15B,5.54%,$2.66B,$0.05B,1.69%,$2.66B,$0.03B,1.05%,$0.03B,$0.58B,4.80%,$0.03B,$0.41B,6.73%,$0.03B,$1.28B,2.22%,$0.05B,$0.75B,6.43%,$677,$660,$17,$0,$0,$660,$17,$-0,$16,$6,$10,$10,$10,$42,$17,$26,26,$0.39,$0.39,$217,$0,$5,$548,$507,$0,$172,$56,$735,$1283,$385,$170,$12,$316,$701,$0,$377,$-31,$582,$1283,$4,$51,$17,$68,$-2,$0,$0,$-4,$-18,$54,$-25,$0,$0,$-2,$0,$-2,$0,$-27,$-23,$-6,$-29,$-5,$-5,$-4,$-1,$-40,$-13,$4,$-4
10,2016-03-31,20.94,$22.43,0.93,$101.43,0.21,$6.42,3.26,$1.41,14.85,$0.53B,$0.36B,1.47,$0.16B,$0.58B,0.27,$2.67B,$0.06B,2.39%,$2.67B,$0.06B,2.39%,$2.67B,$0.06B,2.39%,$2.67B,$0.16B,6.02%,$2.67B,$0.06B,2.32%,$2.67B,$0.04B,1.42%,$0.04B,$0.58B,6.52%,$0.04B,$0.40B,9.04%,$0.04B,$1.25B,3.07%,$0.06B,$0.74B,8.68%,$621,$631,$-9,$0,$0,$631,$-9,$-0,$-10,$-4,$-6,$-6,$-6,$16,$-9,$26,26,$-0.24,$-0.24,$206,$0,$5,$534,$483,$0,$173,$56,$711,$1245,$362,$157,$12,$306,$668,$0,$369,$-30,$577,$1245,$-6,$25,$8,$33,$10,$0,$0,$-7,$-14,$12,$-14,$0,$0,$-8,$0,$-8,$0,$-21,$-11,$-5,$-16,$-3,$-3,$-2,$-0,$-21,$-30,$2,$-2
11,2015-12-31,20.66,$22.77,0.91,$100.43,0.21,$6.22,3.32,$1.68,12.3,$0.55B,$0.37B,1.51,$0.17B,$0.59B,0.29,$2.67B,$0.07B,2.78%,$2.67B,$0.07B,2.78%,$2.67B,$0.07B,2.78%,$2.67B,$0.17B,6.34%,$2.67B,$0.07B,2.74%,$2.67B,$0.05B,1.69%,$0.05B,$0.59B,7.78%,$0.05B,$0.42B,10.71%,$0.05B,$1.26B,3.72%,$0.07B,$0.76B,10.19%,$648,$641,$7,$0,$0,$641,$7,$-0,$7,$2,$5,$5,$5,$32,$7,$26,27,$0.19,$0.18,$228,$0,$4,$552,$483,$0,$173,$55,$711,$1263,$365,$168,$13,$310,$674,$0,$377,$-27,$589,$1263,$45,$93,$26,$119,$2,$0,$0,$1,$-15,$149,$-80,$0,$-30,$-16,$0,$-16,$0,$-126,$-66,$74,$8,$-13,$-13,$-7,$-4,$-16,$8,$8,$-7
12,2015-09-30,24.81,$22.60,1.1,$101.58,0.24,$7.66,3.24,$2.02,12.28,$0.58B,$0.38B,1.52,$0.16B,$0.59B,0.27,$2.68B,$0.09B,3.17%,$2.68B,$0.09B,3.17%,$2.68B,$0.09B,3.17%,$2.68B,$0.18B,6.60%,$2.68B,$0.09B,3.21%,$2.68B,$0.06B,2.05%,$0.06B,$0.59B,9.63%,$0.06B,$0.44B,13.12%,$0.06B,$1.24B,4.67%,$0.09B,$0.74B,12.09%,$709,$676,$33,$0,$0,$676,$33,$-1,$32,$13,$19,$19,$19,$57,$33,$26,27,$0.73,$0.72,$263,$0,$5,$580,$459,$0,$152,$53,$664,$1244,$382,$157,$13,$276,$657,$0,$374,$-28,$587,$1244,$40,$68,$0,$68,$-15,$0,$0,$3,$11,$120,$-56,$0,$-5,$-24,$0,$-24,$0,$-84,$-57,$72,$15,$-10,$-10,$-5,$-1,$-1,$35,$6,$-5
13,2015-06-30,30.57,$22.33,1.37,$102.12,0.3,$8.74,3.5,$2.02,15.13,$0.56B,$0.36B,1.54,$0.14B,$0.58B,0.24,$2.69B,$0.09B,3.17%,$2.69B,$0.09B,3.17%,$2.69B,$0.09B,3.17%,$2.69B,$0.18B,6.52%,$2.69B,$0.09B,3.24%,$2.69B,$0.06B,2.09%,$0.06B,$0.58B,9.96%,$0.06B,$0.43B,13.64%,$0.06B,$1.19B,4.87%,$0.09B,$0.72B,12.56%,$696,$663,$33,$0,$0,$663,$33,$-1,$33,$13,$20,$20,$20,$56,$33,$26,27,$0.76,$0.74,$247,$0,$5,$562,$424,$0,$153,$53,$630,$1192,$364,$137,$12,$248,$613,$0,$356,$-21,$579,$1192,$21,$45,$3,$48,$-17,$0,$0,$2,$6,$75,$-36,$0,$-5,$-8,$0,$-8,$0,$-49,$-50,$68,$19,$-6,$-6,$-3,$-1,$9,$35,$4,$-3
14,2015-03-31,36.36,$21.46,1.69,$101.27,0.36,$8.79,4.13,$1.91,19.04,$0.53B,$0.33B,1.61,$0.13B,$0.56B,0.24,$2.65B,$0.08B,2.98%,$2.65B,$0.08B,2.98%,$2.65B,$0.08B,2.98%,$2.65B,$0.17B,6.31%,$2.65B,$0.08B,3.06%,$2.65B,$0.05B,2.00%,$0.05B,$0.56B,9.63%,$0.05B,$0.40B,13.29%,$0.05B,$1.14B,4.72%,$0.08B,$0.69B,12.13%,$613,$612,$1,$0,$0,$612,$1,$-0,$1,$0,$1,$1,$1,$24,$1,$26,27,$0.03,$0.03,$213,$0,$5,$529,$406,$0,$154,$53,$613,$1142,$329,$133,$13,$254,$584,$0,$338,$-25,$558,$1142,$1,$22,$4,$27,$-1,$0,$0,$-1,$-16,$11,$-18,$0,$-5,$0,$0,$0,$0,$-23,$-42,$68,$26,$-2,$-2,$-2,$-1,$21,$9,$2,$-2
15,2014-12-31,44.43,$21.54,2.06,$100.54,0.44,$8.91,4.99,$1.88,23.63,$0.52B,$0.34B,1.51,$0.10B,$0.56B,0.18,$2.61B,$0.07B,2.64%,$2.61B,$0.07B,2.64%,$2.61B,$0.07B,2.64%,$2.61B,$0.16B,5.93%,$2.61B,$0.07B,2.72%,$2.61B,$0.05B,1.80%,$0.05B,$0.56B,8.71%,$0.05B,$0.41B,12.10%,$0.05B,$1.13B,4.30%,$0.07B,$0.66B,11.02%,$665,$647,$18,$0,$0,$647,$18,$2,$20,$5,$15,$15,$15,$40,$18,$26,26,$0.54,$0.54,$204,$0,$5,$515,$410,$0,$150,$53,$613,$1128,$341,$102,$17,$226,$567,$0,$339,$-23,$561,$1128,$46,$86,$19,$105,$-27,$0,$0,$-1,$-7,$144,$-39,$0,$-3,$-10,$0,$-10,$0,$-52,$-40,$2,$-38,$1,$1,$-4,$0,$-40,$52,$7,$-4
16,2014-09-30,35.69,$21.18,1.69,$97.46,0.37,$7.27,4.91,$1.73,20.63,$0.53B,$0.40B,1.33,$0.09B,$0.55B,0.16,$2.53B,$0.07B,2.57%,$2.53B,$0.07B,2.57%,$2.53B,$0.07B,2.57%,$2.53B,$0.15B,5.90%,$2.53B,$0.07B,2.57%,$2.53B,$0.04B,1.70%,$0.04B,$0.55B,8.12%,$0.04B,$0.40B,11.38%,$0.04B,$1.14B,4.03%,$0.07B,$0.64B,10.64%,$711,$678,$33,$0,$0,$678,$33,$-0,$33,$13,$20,$20,$20,$55,$33,$26,26,$0.72,$0.72,$205,$0,$7,$525,$412,$0,$151,$53,$616,$1141,$396,$86,$14,$194,$589,$0,$326,$-19,$551,$1141,$32,$64,$4,$68,$-41,$0,$0,$0,$18,$118,$-27,$0,$-3,$-8,$0,$-8,$0,$-38,$-28,$2,$-26,$1,$1,$-2,$0,$-27,$54,$5,$-2
17,2014-06-30,41.59,$20.47,2.03,$94.38,0.44,$5.68,7.32,$1.53,27.18,$0.48B,$0.36B,1.32,$0.08B,$0.53B,0.16,$2.44B,$0.05B,2.17%,$2.44B,$0.05B,2.17%,$2.44B,$0.05B,2.17%,$2.44B,$0.14B,5.58%,$2.44B,$0.05B,2.17%,$2.44B,$0.04B,1.48%,$0.04B,$0.53B,6.97%,$0.04B,$0.38B,9.87%,$0.04B,$1.09B,3.46%,$0.05B,$0.62B,8.85%,$659,$632,$27,$0,$0,$632,$27,$0,$27,$10,$17,$17,$17,$48,$27,$26,26,$0.63,$0.63,$167,$0,$8,$477,$403,$0,$152,$53,$608,$1085,$361,$83,$15,$192,$553,$0,$307,$-17,$532,$1085,$12,$42,$7,$48,$-35,$0,$0,$-0,$-3,$58,$-18,$0,$-3,$-0,$0,$-0,$0,$-21,$-17,$4,$-13,$1,$1,$-2,$0,$-13,$24,$4,$-2
18,2014-03-31,35.29,$19.88,1.78,$91.51,0.39,$4.82,7.33,$1.08,32.68,$0.43B,$0.33B,1.32,$0.07B,$0.51B,0.15,$2.36B,$0.03B,1.44%,$2.36B,$0.03B,1.44%,$2.36B,$0.03B,1.44%,$2.36B,$0.12B,5.05%,$2.36B,$0.03B,1.44%,$2.36B,$0.02B,1.02%,$0.02B,$0.51B,4.76%,$0.02B,$0.36B,6.83%,$0.02B,$1.02B,2.34%,$0.03B,$0.59B,5.77%,$578,$587,$-9,$0,$0,$587,$-9,$-0,$-9,$-4,$-5,$-5,$-5,$12,$-9,$26,26,$-0.20,$-0.20,$134,$0,$8,$433,$385,$0,$151,$53,$589,$1022,$328,$74,$13,$180,$507,$0,$291,$-18,$514,$1022,$-5,$20,$2,$22,$-19,$0,$0,$-5,$-11,$6,$-10,$0,$0,$0,$0,$0,$0,$-10,$-8,$1,$-6,$1,$1,$-1,$0,$-6,$-10,$2,$-1
19,2013-12-31,32.14,$20.15,1.6,$89.48,0.36,$4.76,6.75,$0.56,57.4,$0.42B,$0.31B,1.35,$0.08B,$0.52B,0.16,$2.30B,$0.02B,0.87%,$2.30B,$0.02B,0.87%,$2.30B,$0.02B,0.87%,$2.30B,$0.11B,4.65%,$2.30B,$0.02B,0.87%,$2.30B,$0.02B,0.70%,$0.02B,$0.52B,3.28%,$0.02B,$0.37B,4.79%,$0.02B,$1.02B,1.56%,$0.02B,$0.60B,3.45%,$579,$565,$14,$0,$0,$565,$14,$0,$14,$4,$10,$10,$11,$34,$14,$26,26,$0.41,$0.41,$143,$0,$7,$418,$394,$0,$152,$53,$599,$1017,$310,$81,$15,$187,$497,$0,$297,$-15,$520,$1017,$16,$88,$-1,$88,$-24,$0,$0,$-3,$-10,$94,$-32,$0,$-4,$-7,$0,$-7,$0,$-43,$-43,$-0,$-43,$3,$3,$-3,$8,$-36,$15,$5,$-3
20,2013-09-30,24.47,$19.42,1.26,$87.99,0.28,$4.18,5.85,$-0.13,0.0,$0.44B,$0.33B,1.33,$0.09B,$0.50B,0.18,$2.26B,$-0.01B,-0.22%,$2.26B,$-0.01B,-0.22%,$2.26B,$-0.01B,-0.22%,$2.26B,$0.09B,3.81%,$2.26B,$-0.01B,-0.27%,$2.26B,$-0.00B,-0.09%,$-0.00B,$0.50B,-0.42%,$-0.00B,$0.35B,-0.63%,$-0.00B,$1.04B,-0.19%,$-0.01B,$0.59B,-0.87%,$623,$603,$21,$0,$0,$603,$21,$1,$21,$7,$14,$14,$13,$42,$21,$26,26,$0.52,$0.52,$138,$0,$9,$435,$400,$0,$153,$51,$603,$1038,$327,$89,$14,$212,$538,$0,$287,$-21,$500,$1038,$5,$68,$1,$68,$-37,$0,$0,$0,$-8,$66,$-17,$0,$-4,$0,$0,$0,$0,$-21,$-32,$-2,$-34,$0,$0,$-2,$8,$-28,$17,$4,$-2
21,2013-06-30,21.85,$18.71,1.17,$86.32,0.25,$2.90,7.54,$-0.41,0.0,$0.41B,$0.32B,1.27,$0.10B,$0.48B,0.2,$2.21B,$-0.01B,-0.63%,$2.21B,$-0.01B,-0.63%,$2.21B,$-0.01B,-0.63%,$2.21B,$0.08B,3.62%,$2.21B,$-0.02B,-0.68%,$2.21B,$-0.01B,-0.41%,$-0.01B,$0.48B,-1.94%,$-0.01B,$0.33B,-2.91%,$-0.01B,$1.03B,-0.87%,$-0.01B,$0.58B,-2.43%,$577,$568,$8,$0,$0,$568,$8,$-1,$8,$3,$5,$5,$5,$31,$8,$26,26,$0.18,$0.18,$120,$0,$7,$405,$414,$0,$154,$51,$619,$1025,$318,$97,$13,$225,$543,$0,$274,$-26,$481,$1025,$-9,$46,$-2,$44,$-27,$0,$0,$1,$-7,$28,$-11,$0,$-4,$-1,$0,$-1,$0,$-16,$-22,$2,$-20,$0,$0,$-2,$8,$-14,$-2,$2,$-2
22,2013-03-31,11.09,$17.46,0.63,$83.85,0.13,$2.05,5.4,$-0.15,0.0,$0.38B,$0.30B,1.24,$0.11B,$0.45B,0.24,$2.15B,$-0.02B,-0.70%,$2.15B,$-0.02B,-0.70%,$2.15B,$-0.02B,-0.70%,$2.15B,$0.08B,3.59%,$2.15B,$-0.02B,-0.79%,$2.15B,$-0.00B,-0.14%,$-0.00B,$0.45B,-0.65%,$-0.00B,$0.29B,-0.98%,$-0.00B,$1.01B,-0.29%,$-0.02B,$0.55B,-2.58%,$521,$544,$-23,$0,$0,$544,$-23,$0,$-23,$-10,$-13,$-13,$-13,$-0,$-23,$26,26,$-0.52,$-0.52,$111,$0,$7,$379,$427,$0,$154,$52,$633,$1011,$304,$105,$12,$259,$564,$0,$270,$-56,$448,$1011,$-13,$23,$-7,$16,$-10,$0,$0,$-3,$-3,$-0,$-5,$0,$0,$-1,$0,$-1,$0,$-6,$-11,$-2,$-13,$0,$0,$-1,$4,$-10,$-16,$1,$-1
23,2012-12-31,9.04,$17.92,0.5,$80.86,0.11,$2.33,3.88,$-0.34,0.0,$0.39B,$0.30B,1.29,$0.11B,$0.46B,0.25,$2.07B,$-0.02B,-0.73%,$2.07B,$-0.02B,-0.73%,$2.07B,$-0.02B,-0.73%,$2.07B,$0.07B,3.53%,$2.07B,$-0.02B,-0.82%,$2.07B,$-0.01B,-0.39%,$-0.01B,$0.46B,-1.74%,$-0.01B,$0.31B,-2.33%,$-0.01B,$1.03B,-0.79%,$-0.02B,$0.57B,-2.66%,$537,$548,$-11,$0,$0,$548,$-11,$-1,$-12,$-4,$-8,$-8,$-7,$13,$-11,$26,26,$-0.28,$-0.28,$129,$0,$7,$386,$444,$0,$153,$52,$648,$1034,$300,$113,$13,$276,$575,$0,$284,$-57,$459,$1034,$-8,$88,$-4,$84,$1,$0,$0,$1,$8,$85,$-38,$0,$-180,$5,$0,$5,$0,$-213,$-53,$93,$40,$0,$0,$-3,$42,$78,$-51,$6,$-3
24,2012-09-30,7.48,$18.37,0.41,$78.09,0.1,$2.46,3.04,$0.02,373.92,$0.41B,$0.32B,1.29,$0.13B,$0.47B,0.28,$1.99B,$-0.00B,-0.10%,$1.99B,$-0.00B,-0.10%,$1.99B,$-0.00B,-0.10%,$1.99B,$0.08B,4.06%,$1.99B,$-0.00B,-0.15%,$1.99B,$0.00B,0.05%,$0.00B,$0.47B,0.22%,$0.00B,$0.31B,0.26%,$0.00B,$1.08B,0.10%,$-0.00B,$0.60B,-0.36%,$578,$565,$12,$0,$0,$565,$12,$-0,$12,$5,$7,$7,$6,$36,$12,$26,26,$0.24,$0.24,$129,$0,$9,$408,$460,$0,$160,$52,$672,$1080,$317,$132,$13,$292,$609,$0,$293,$-53,$471,$1080,$0,$64,$2,$66,$-29,$0,$0,$2,$-18,$48,$-32,$0,$-181,$-14,$0,$-14,$0,$-227,$-23,$92,$70,$0,$0,$-2,$41,$109,$-70,$5,$-2
25,2012-06-30,11.85,$18.07,0.66,$75.64,0.16,$3.49,3.39,$0.26,45.58,$0.40B,$0.32B,1.25,$0.13B,$0.46B,0.29,$1.93B,$0.01B,0.36%,$1.93B,$0.01B,0.36%,$1.93B,$0.01B,0.36%,$1.93B,$0.08B,4.36%,$1.93B,$0.00B,0.21%,$1.93B,$0.01B,0.36%,$0.01B,$0.46B,1.50%,$0.01B,$0.31B,1.64%,$0.01B,$1.07B,0.74%,$0.01B,$0.60B,1.32%,$511,$503,$7,$0,$0,$503,$7,$-1,$6,$-6,$12,$12,$11,$28,$7,$26,26,$0.44,$0.44,$121,$0,$10,$399,$463,$0,$154,$52,$668,$1067,$320,$134,$13,$285,$605,$0,$287,$-55,$462,$1067,$-6,$40,$-5,$35,$-21,$0,$0,$1,$-15,$14,$-19,$0,$-181,$-13,$0,$-13,$0,$-213,$88,$-6,$82,$0,$0,$-2,$30,$111,$-88,$3,$-2
26,2012-03-31,17.66,$17.65,1.0,$75.27,0.23,$4.30,4.11,$0.02,882.75,$0.43B,$0.27B,1.61,$0.04B,$0.45B,0.08,$1.91B,$0.01B,0.47%,$1.91B,$0.01B,0.47%,$1.91B,$0.01B,0.47%,$1.91B,$0.08B,4.34%,$1.91B,$0.01B,0.37%,$1.91B,$0.00B,0.05%,$0.00B,$0.45B,0.21%,$0.00B,$0.45B,0.21%,$0.00B,$0.89B,0.11%,$0.01B,$0.48B,1.76%,$441,$464,$-23,$0,$0,$464,$-23,$0,$-23,$-4,$-18,$-18,$-18,$-4,$-23,$25,25,$-0.71,$-0.71,$213,$0,$6,$431,$401,$0,$0,$55,$457,$887,$268,$35,$13,$170,$438,$0,$276,$-57,$449,$887,$-18,$19,$-3,$16,$-1,$0,$0,$-2,$7,$5,$-3,$0,$0,$-11,$0,$-11,$0,$-14,$-6,$-10,$-16,$0,$0,$-1,$23,$6,$-3,$1,$-1
27,2011-12-31,18.06,$18.32,0.99,$75.14,0.24,$3.84,4.7,$0.22,82.08,$0.45B,$0.26B,1.69,$0.05B,$0.47B,0.1,$1.91B,$0.01B,0.52%,$1.91B,$0.01B,0.52%,$1.91B,$0.01B,0.52%,$1.91B,$0.08B,4.35%,$1.91B,$0.01B,0.52%,$1.91B,$0.01B,0.31%,$0.01B,$0.47B,1.26%,$0.01B,$0.46B,1.27%,$0.01B,$0.92B,0.67%,$0.01B,$0.51B,1.93%,$463,$462,$2,$0,$0,$462,$2,$0,$2,$1,$1,$1,$2,$21,$2,$25,25,$0.08,$0.08,$228,$0,$6,$445,$415,$0,$6,$49,$471,$916,$264,$47,$14,$187,$451,$0,$295,$-58,$466,$916,$6,$74,$11,$84,$-6,$0,$0,$-2,$10,$101,$-51,$0,$0,$5,$0,$5,$0,$-46,$-16,$8,$-8,$1,$1,$-3,$-5,$-16,$39,$6,$-3
28,2011-09-30,15.11,$19.23,0.79,$74.42,0.2,$2.55,5.93,$0.05,302.23,$0.45B,$0.27B,1.63,$0.05B,$0.49B,0.09,$1.89B,$0.00B,0.05%,$1.89B,$0.00B,0.05%,$1.89B,$0.00B,0.05%,$1.89B,$0.07B,3.87%,$1.89B,$0.00B,0.05%,$1.89B,$0.00B,0.05%,$0.00B,$0.49B,0.21%,$0.00B,$0.49B,0.21%,$0.00B,$0.91B,0.11%,$0.00B,$0.54B,0.19%,$511,$490,$21,$0,$0,$490,$21,$-2,$19,$7,$12,$12,$12,$39,$21,$25,25,$0.46,$0.46,$220,$0,$5,$445,$411,$0,$0,$52,$463,$908,$273,$46,$14,$147,$420,$0,$295,$-33,$489,$908,$5,$54,$-2,$53,$-20,$0,$0,$4,$15,$72,$-30,$0,$0,$8,$0,$8,$0,$-22,$-11,$2,$-9,$1,$1,$-2,$-5,$-16,$35,$5,$-2
29,2011-06-30,22.18,$18.74,1.18,$72.00,0.31,$1.59,13.91,$-0.46,0.0,$0.44B,$0.27B,1.6,$0.04B,$0.48B,0.08,$1.82B,$-0.02B,-1.21%,$1.82B,$-0.02B,-1.21%,$1.82B,$-0.02B,-1.21%,$1.82B,$0.05B,2.75%,$1.82B,$-0.02B,-1.04%,$1.82B,$-0.01B,-0.66%,$-0.01B,$0.48B,-2.52%,$-0.01B,$0.48B,-2.52%,$-0.01B,$0.89B,-1.38%,$-0.02B,$0.52B,-4.28%,$499,$490,$9,$0,$0,$490,$9,$-0,$9,$3,$5,$5,$5,$27,$9,$25,25,$0.20,$0.20,$204,$0,$5,$435,$398,$0,$0,$55,$453,$888,$272,$38,$18,$139,$411,$0,$283,$-34,$476,$888,$-7,$36,$-3,$33,$-26,$0,$0,$1,$7,$33,$-18,$0,$0,$2,$0,$2,$0,$-16,$-7,$3,$-4,$1,$1,$-2,$-0,$-5,$12,$4,$-2
30,2011-03-31,24.19,$18.55,1.3,$68.72,0.35,$1.63,14.87,$-0.96,0.0,$0.41B,$0.25B,1.63,$0.04B,$0.47B,0.08,$1.73B,$-0.04B,-2.42%,$1.73B,$-0.04B,-2.42%,$1.73B,$-0.04B,-2.42%,$1.73B,$0.03B,1.73%,$1.73B,$-0.04B,-2.25%,$1.73B,$-0.02B,-1.38%,$-0.02B,$0.47B,-5.05%,$-0.02B,$0.47B,-5.05%,$-0.02B,$0.86B,-2.79%,$-0.04B,$0.51B,-8.25%,$435,$457,$-22,$0,$0,$457,$-22,$2,$-20,$-7,$-13,$-13,$-13,$-4,$-22,$25,25,$-0.51,$-0.51,$181,$0,$6,$409,$395,$0,$0,$54,$449,$858,$250,$39,$18,$138,$388,$0,$279,$-35,$469,$858,$-13,$18,$-5,$13,$-16,$0,$0,$-2,$-7,$-6,$-3,$0,$0,$-3,$0,$-3,$0,$-6,$-3,$0,$-3,$1,$1,$-1,$-0,$-3,$-16,$1,$-1
31,2010-12-31,25.56,$18.99,1.35,$65.87,0.39,$1.71,14.93,$-1.30,0.0,$0.40B,$0.23B,1.71,$0.04B,$0.48B,0.09,$1.66B,$-0.06B,-3.32%,$1.66B,$-0.06B,-3.32%,$1.66B,$-0.06B,-3.32%,$1.66B,$0.02B,1.03%,$1.66B,$-0.05B,-3.26%,$1.66B,$-0.03B,-1.93%,$-0.03B,$0.48B,-6.69%,$-0.03B,$0.48B,-6.69%,$-0.03B,$0.86B,-3.73%,$-0.06B,$0.52B,-10.83%,$441,$448,$-7,$0,$0,$448,$-7,$0,$-7,$-3,$-3,$-3,$-3,$11,$-7,$25,25,$-0.12,$-0.12,$194,$0,$6,$400,$407,$0,$0,$54,$461,$861,$234,$43,$20,$147,$381,$0,$292,$-36,$480,$861,$-32,$72,$-6,$66,$-32,$0,$0,$-1,$-7,$26,$-10,$0,$0,$55,$0,$55,$0,$45,$3,$-9,$-6,$2,$2,$-3,$-1,$-8,$63,$6,$-3
32,2010-09-30,22.56,$18.90,1.19,$63.19,0.36,$-0.40,0.0,$-4.72,0.0,$0.40B,$0.25B,1.64,$0.03B,$0.48B,0.07,$1.59B,$-0.15B,-9.38%,$1.59B,$-0.15B,-9.38%,$1.59B,$-0.15B,-9.38%,$1.59B,$-0.01B,-0.69%,$1.59B,$-0.15B,-9.31%,$1.59B,$-0.12B,-7.43%,$-0.12B,$0.48B,-24.41%,$-0.12B,$0.48B,-24.41%,$-0.12B,$0.87B,-13.72%,$-0.15B,$0.51B,-29.46%,$446,$447,$-2,$0,$0,$447,$-2,$1,$-1,$-0,$-1,$-1,$-1,$16,$-2,$25,25,$-0.03,$-0.03,$196,$0,$5,$402,$409,$0,$0,$54,$463,$865,$245,$34,$20,$144,$389,$0,$296,$-41,$476,$865,$-29,$54,$-2,$52,$-32,$0,$0,$2,$-1,$22,$-4,$0,$0,$48,$0,$48,$0,$44,$6,$-10,$-4,$0,$0,$-2,$0,$-6,$60,$4,$-2
33,2010-06-30,19.29,$18.83,1.02,$61.44,0.31,$-1.47,0.0,$-4.92,0.0,$0.39B,$0.24B,1.61,$0.02B,$0.48B,0.05,$1.54B,$-0.16B,-10.31%,$1.54B,$-0.16B,-10.31%,$1.54B,$-0.16B,-10.31%,$1.54B,$-0.02B,-1.36%,$1.54B,$-0.16B,-10.18%,$1.54B,$-0.12B,-7.98%,$-0.12B,$0.48B,-24.09%,$-0.12B,$0.48B,-24.90%,$-0.12B,$0.85B,-13.99%,$-0.16B,$0.50B,-30.30%,$411,$422,$-11,$0,$0,$422,$-11,$-1,$-11,$-4,$-7,$-7,$-7,$7,$-11,$25,25,$-0.30,$-0.30,$196,$0,$5,$390,$409,$0,$0,$52,$461,$852,$243,$23,$20,$134,$377,$0,$298,$-42,$475,$852,$-29,$36,$-6,$31,$-21,$0,$0,$2,$17,$19,$-3,$0,$0,$30,$0,$30,$0,$27,$8,$-12,$-3,$1,$1,$-2,$-1,$-5,$41,$2,$-2
34,2010-03-31,27.75,$19.18,1.45,$59.59,0.47,$-2.52,0.0,$-5.24,0.0,$0.38B,$0.23B,1.64,$0.02B,$0.48B,0.04,$1.49B,$-0.18B,-11.71%,$1.49B,$-0.18B,-11.71%,$1.49B,$-0.18B,-11.71%,$1.49B,$-0.04B,-2.48%,$1.49B,$-0.17B,-11.45%,$1.49B,$-0.13B,-8.77%,$-0.13B,$0.48B,-24.29%,$-0.13B,$0.48B,-25.88%,$-0.13B,$0.85B,-14.51%,$-0.18B,$0.50B,-31.91%,$360,$395,$-35,$0,$0,$395,$-35,$0,$-35,$-13,$-21,$-21,$-21,$-17,$-35,$25,25,$-0.85,$-0.85,$174,$0,$4,$383,$414,$0,$0,$55,$470,$852,$233,$21,$20,$138,$371,$0,$306,$-43,$482,$852,$-21,$19,$-4,$15,$-1,$0,$0,$-2,$1,$-6,$-1,$0,$0,$20,$0,$20,$0,$19,$10,$-13,$-3,$0,$0,$-1,$0,$-3,$10,$1,$-1
35,2009-12-31,27.3,$19.98,1.37,$58.81,0.46,$-3.04,0.0,$-5.12,0.0,$0.39B,$0.24B,1.63,$0.01B,$0.50B,0.03,$1.47B,$-0.17B,-11.47%,$1.47B,$-0.17B,-11.47%,$1.47B,$-0.17B,-11.47%,$1.47B,$-0.03B,-1.97%,$1.47B,$-0.17B,-11.19%,$1.47B,$-0.13B,-8.68%,$-0.13B,$0.50B,-22.45%,$-0.13B,$0.50B,-24.56%,$-0.13B,$0.87B,-13.83%,$-0.17B,$0.51B,-29.40%,$372,$472,$-101,$0,$0,$472,$-101,$-1,$-101,$-12,$-89,$-89,$-89,$-17,$-101,$25,25,$-3.54,$-3.54,$184,$0,$4,$385,$429,$0,$0,$56,$485,$870,$237,$13,$20,$132,$369,$0,$328,$-44,$501,$870,$-128,$140,$7,$147,$-4,$0,$0,$1,$-8,$12,$-48,$0,$-5,$24,$0,$24,$0,$-29,$14,$7,$20,$0,$0,$-16,$-49,$-44,$-62,$6,$-16
36,2009-09-30,27.61,$23.33,1.18,$59.55,0.46,$0.74,37.11,$-2.02,0.0,$0.39B,$0.23B,1.71,$0.00B,$0.58B,0.0,$1.49B,$-0.08B,-5.63%,$1.49B,$-0.08B,-5.63%,$1.49B,$-0.08B,-5.63%,$1.49B,$-0.01B,-0.54%,$1.49B,$-0.08B,-5.43%,$1.49B,$-0.05B,-3.35%,$-0.05B,$0.58B,-8.32%,$-0.05B,$0.52B,-9.32%,$-0.05B,$0.94B,-5.26%,$-0.08B,$0.59B,-13.94%,$399,$411,$-12,$0,$0,$411,$-12,$2,$-10,$-5,$-5,$-5,$-6,$6,$-12,$25,25,$-0.23,$-0.23,$190,$0,$7,$390,$432,$0,$67,$53,$552,$942,$228,$2,$20,$130,$357,$0,$421,$-52,$584,$942,$-39,$57,$6,$63,$-14,$0,$0,$3,$0,$24,$-33,$0,$-5,$-14,$0,$-14,$0,$-52,$-1,$-1,$-3,$0,$0,$-12,$-0,$-14,$-42,$5,$-12
37,2009-06-30,24.17,$23.57,1.03,$63.32,0.38,$3.87,6.25,$-1.18,0.0,$0.40B,$0.23B,1.71,$0.00B,$0.59B,0.0,$1.59B,$-0.05B,-2.96%,$1.59B,$-0.05B,-2.96%,$1.59B,$-0.05B,-2.96%,$1.59B,$0.03B,1.95%,$1.59B,$-0.05B,-2.83%,$1.59B,$-0.03B,-1.82%,$-0.03B,$0.59B,-4.65%,$-0.03B,$0.52B,-5.19%,$-0.03B,$0.95B,-2.99%,$-0.05B,$0.59B,-7.52%,$363,$390,$-27,$0,$0,$390,$-27,$2,$-25,$-10,$-15,$-15,$-15,$-9,$-27,$25,25,$-0.62,$-0.62,$191,$0,$7,$395,$434,$0,$67,$53,$553,$948,$231,$2,$19,$127,$358,$0,$430,$-54,$590,$948,$-34,$38,$5,$44,$-8,$0,$0,$1,$-8,$2,$-12,$0,$-5,$-11,$0,$-11,$0,$-28,$-1,$-3,$-5,$0,$0,$-8,$0,$-12,$-39,$3,$-8
38,2009-03-31,17.33,$24.18,0.72,$68.66,0.25,$6.39,2.71,$0.08,216.66,$0.40B,$0.21B,1.89,$0.00B,$0.61B,0.0,$1.73B,$0.01B,0.35%,$1.73B,$0.01B,0.35%,$1.73B,$0.01B,0.35%,$1.73B,$0.09B,4.92%,$1.73B,$0.01B,0.41%,$1.73B,$0.00B,0.12%,$0.00B,$0.61B,0.31%,$0.00B,$0.54B,0.35%,$0.00B,$0.94B,0.20%,$0.01B,$0.61B,0.93%,$340,$368,$-29,$0,$0,$368,$-29,$-0,$-29,$-11,$-18,$-18,$-18,$-9,$-29,$25,25,$-0.73,$-0.73,$189,$0,$6,$397,$432,$0,$64,$48,$544,$941,$211,$1,$16,$125,$336,$0,$449,$-56,$606,$941,$-18,$19,$10,$29,$-1,$0,$0,$1,$-30,$-19,$-1,$0,$0,$-13,$0,$-13,$0,$-14,$-0,$-7,$-7,$0,$0,$-4,$0,$-10,$-43,$1,$-4
39,2008-12-31,27.28,$24.97,1.09,$73.02,0.37,$8.47,3.22,$1.15,23.72,$0.41B,$0.22B,1.9,$0.00B,$0.63B,0.0,$1.83B,$0.05B,2.62%,$1.83B,$0.05B,2.62%,$1.83B,$0.05B,2.62%,$1.83B,$0.13B,6.92%,$1.83B,$0.05B,2.73%,$1.83B,$0.03B,1.53%,$0.03B,$0.63B,4.32%,$0.03B,$0.56B,4.79%,$0.03B,$0.97B,2.80%,$0.05B,$0.63B,7.38%,$391,$407,$-16,$0,$0,$407,$-16,$-1,$-17,$-6,$-11,$-11,$-11,$4,$-16,$25,25,$-0.43,$-0.43,$221,$0,$5,$408,$450,$0,$64,$51,$564,$972,$215,$1,$17,$132,$348,$0,$471,$-58,$625,$972,$29,$77,$17,$95,$31,$0,$0,$12,$-18,$105,$-47,$0,$0,$-39,$0,$-39,$0,$-86,$-0,$-0,$-0,$3,$3,$-15,$1,$-12,$7,$6,$-15
40,2008-09-30,30.37,$26.92,1.13,$75.80,0.4,$8.30,3.66,$2.13,14.26,$0.44B,$0.25B,1.81,$0.00B,$0.67B,0.0,$1.90B,$0.08B,4.42%,$1.90B,$0.08B,4.42%,$1.90B,$0.08B,4.42%,$1.90B,$0.16B,8.52%,$1.90B,$0.09B,4.63%,$1.90B,$0.05B,2.68%,$0.05B,$0.67B,7.84%,$0.05B,$0.61B,8.69%,$0.05B,$1.02B,5.09%,$0.08B,$0.68B,12.87%,$496,$470,$25,$0,$0,$470,$25,$1,$26,$11,$15,$15,$15,$45,$25,$25,25,$0.60,$0.60,$231,$0,$8,$443,$459,$0,$64,$54,$577,$1020,$245,$1,$19,$102,$347,$0,$486,$-22,$673,$1020,$40,$58,$2,$59,$-7,$0,$0,$8,$4,$104,$-34,$0,$0,$5,$0,$5,$0,$-30,$-0,$-2,$-2,$3,$3,$-11,$1,$-10,$64,$5,$-11
41,2008-06-30,32.89,$26.31,1.25,$75.44,0.44,$6.37,5.16,$2.27,14.49,$0.45B,$0.26B,1.7,$0.00B,$0.66B,0.0,$1.89B,$0.09B,4.60%,$1.89B,$0.09B,4.60%,$1.89B,$0.09B,4.60%,$1.89B,$0.17B,8.72%,$1.89B,$0.09B,4.86%,$1.89B,$0.06B,2.91%,$0.06B,$0.66B,8.64%,$0.06B,$0.59B,9.60%,$0.06B,$1.02B,5.55%,$0.09B,$0.66B,13.63%,$499,$473,$26,$0,$0,$473,$26,$1,$27,$11,$16,$16,$16,$45,$26,$25,25,$0.63,$0.63,$225,$0,$8,$447,$453,$0,$64,$56,$573,$1020,$262,$2,$21,$99,$362,$0,$475,$-24,$658,$1020,$25,$39,$-2,$36,$-15,$0,$0,$6,$-2,$59,$-6,$0,$0,$59,$0,$59,$0,$54,$-0,$4,$4,$3,$3,$-8,$1,$-0,$112,$3,$-8
42,2008-03-31,28.49,$25.71,1.11,$74.08,0.38,$4.65,6.13,$2.41,11.82,$0.41B,$0.24B,1.72,$0.00B,$0.64B,0.0,$1.86B,$0.09B,4.90%,$1.86B,$0.09B,4.90%,$1.86B,$0.09B,4.90%,$1.86B,$0.17B,9.15%,$1.86B,$0.10B,5.22%,$1.86B,$0.06B,3.18%,$0.06B,$0.64B,9.49%,$0.06B,$0.58B,10.58%,$0.06B,$0.98B,6.06%,$0.09B,$0.64B,14.62%,$448,$434,$13,$0,$0,$434,$13,$1,$14,$6,$9,$9,$8,$33,$13,$25,25,$0.34,$0.34,$197,$0,$8,$411,$450,$0,$64,$58,$572,$983,$239,$2,$21,$105,$344,$0,$462,$-25,$639,$983,$9,$19,$1,$20,$-4,$0,$0,$3,$-4,$25,$7,$0,$0,$79,$0,$79,$0,$85,$-0,$-4,$-4,$0,$0,$-4,$0,$-7,$103,$1,$-4
43,2007-12-31,19.51,$25.43,0.77,$73.16,0.27,$3.17,6.16,$2.26,8.63,$0.38B,$0.25B,1.56,$0.00B,$0.63B,0.0,$1.84B,$0.09B,4.63%,$1.84B,$0.09B,4.63%,$1.84B,$0.09B,4.63%,$1.84B,$0.16B,8.87%,$1.84B,$0.09B,4.95%,$1.84B,$0.06B,3.05%,$0.06B,$0.63B,9.23%,$0.06B,$0.57B,10.32%,$0.06B,$0.98B,5.82%,$0.09B,$0.63B,14.00%,$459,$440,$20,$0,$0,$440,$20,$1,$21,$7,$13,$13,$12,$39,$20,$25,25,$0.51,$0.51,$173,$0,$7,$382,$466,$0,$64,$71,$601,$983,$245,$1,$25,$106,$351,$0,$458,$-27,$632,$983,$57,$78,$9,$86,$1,$0,$0,$-0,$-0,$143,$-89,$0,$0,$56,$0,$56,$0,$-33,$-1,$-2,$-4,$-2,$-2,$-15,$-0,$-21,$89,$5,$-15
44,2007-09-30,28.89,$24.85,1.16,$73.23,0.39,$2.14,13.51,$2.28,12.67,$0.37B,$0.26B,1.45,$0.00B,$0.62B,0.0,$1.85B,$0.09B,4.65%,$1.85B,$0.09B,4.65%,$1.85B,$0.09B,4.65%,$1.85B,$0.16B,8.77%,$1.85B,$0.09B,5.03%,$1.85B,$0.06B,3.14%,$0.06B,$0.62B,9.78%,$0.06B,$0.55B,10.96%,$0.06B,$0.98B,6.10%,$0.09B,$0.62B,14.48%,$486,$458,$28,$0,$0,$458,$28,$2,$30,$11,$19,$19,$19,$48,$28,$25,25,$0.76,$0.75,$147,$0,$7,$374,$467,$0,$64,$74,$605,$979,$257,$0,$25,$104,$361,$0,$448,$-30,$618,$979,$43,$58,$3,$61,$-19,$0,$0,$1,$-11,$93,$-72,$0,$0,$-6,$0,$-6,$0,$-78,$-1,$1,$0,$-2,$-2,$-11,$-0,$-14,$1,$4,$-11
45,2007-06-30,34.32,$24.11,1.42,$73.77,0.47,$1.95,17.64,$2.77,12.39,$0.35B,$0.25B,1.42,$0.00B,$0.60B,0.0,$1.87B,$0.11B,5.78%,$1.87B,$0.11B,5.78%,$1.87B,$0.11B,5.78%,$1.87B,$0.18B,9.68%,$1.87B,$0.12B,6.15%,$1.87B,$0.07B,3.80%,$0.07B,$0.60B,12.00%,$0.07B,$0.53B,13.45%,$0.07B,$0.95B,7.49%,$0.11B,$0.60B,18.22%,$464,$433,$30,$0,$0,$433,$30,$2,$32,$13,$20,$20,$20,$50,$30,$25,25,$0.79,$0.78,$136,$0,$7,$350,$469,$0,$64,$67,$599,$949,$246,$0,$25,$106,$352,$0,$433,$-31,$597,$949,$24,$38,$3,$42,$-6,$0,$0,$0,$-10,$57,$-47,$0,$0,$5,$0,$5,$0,$-42,$-1,$0,$-1,$-4,$-4,$-8,$-1,$-14,$1,$2,$-8
46,2007-03-31,31.19,$23.38,1.33,$74.03,0.42,$2.33,13.36,$3.25,9.6,$0.34B,$0.25B,1.36,$0.00B,$0.58B,0.0,$1.88B,$0.12B,6.58%,$1.88B,$0.12B,6.58%,$1.88B,$0.12B,6.58%,$1.88B,$0.19B,10.30%,$1.88B,$0.13B,6.90%,$1.88B,$0.08B,4.41%,$0.08B,$0.58B,14.09%,$0.08B,$0.52B,15.80%,$0.08B,$0.94B,8.77%,$0.12B,$0.58B,21.00%,$428,$421,$7,$0,$0,$421,$7,$1,$8,$3,$5,$5,$5,$26,$7,$25,25,$0.19,$0.19,$127,$0,$7,$342,$465,$0,$64,$64,$593,$935,$251,$1,$24,$105,$356,$0,$417,$-33,$579,$935,$5,$19,$2,$21,$-2,$0,$0,$-2,$-10,$15,$-20,$0,$0,$15,$0,$15,$0,$-5,$-0,$-1,$-1,$-4,$-4,$-4,$0,$-9,$1,$1,$-4
47,2006-12-31,31.47,$23.31,1.35,$73.60,0.43,$2.70,11.66,$3.30,9.54,$0.35B,$0.26B,1.36,$0.00B,$0.58B,0.0,$1.88B,$0.13B,6.65%,$1.88B,$0.13B,6.65%,$1.88B,$0.13B,6.65%,$1.88B,$0.19B,10.21%,$1.88B,$0.13B,7.02%,$1.88B,$0.08B,4.47%,$0.08B,$0.58B,14.37%,$0.08B,$0.52B,16.12%,$0.08B,$0.94B,8.94%,$0.13B,$0.58B,21.32%,$470,$449,$21,$0,$0,$449,$21,$2,$23,$9,$14,$14,$14,$38,$21,$25,26,$0.57,$0.56,$140,$0,$7,$351,$462,$0,$64,$62,$588,$939,$258,$1,$26,$101,$359,$0,$416,$-34,$579,$939,$84,$68,$8,$76,$6,$0,$0,$21,$8,$168,$-140,$0,$21,$-14,$0,$-14,$0,$-132,$-0,$-2,$-2,$-21,$-21,$-15,$2,$-37,$-1,$5,$-15
