,Date,Stock Price,Book Value per Share,Price to Book Ratio,TTM Sales per Share,Price to Sales Ratio,TTM FCF per Share,Price to FCF Ratio,TTM Net EPS,PE Ratio,Current Assets,Current Liabilities,Current Ratio,Long Term Debt,Shareholder's Equity_x,Debt to Equity Ratio,TTM Revenue_x,TTM Gross Profit,Gross Margin,TTM Revenue_y,TTM Operating Income,Operating Margin,TTM Revenue_x,TTM EBIT,EBIT Margin,TTM Revenue_y,TTM EBITDA,EBITDA Margin,TTM Revenue_x,TTM Pre-Tax Income,Pre-Tax Margin,TTM Revenue_y,TTM Net Income_x,Net Margin,TTM Net Income_y,Shareholder's Equity_y,Return on Equity,TTM Net Income_x,Tangible Equity,Return on Tangible Equity,TTM Net Income_y,Total Assets,Return on Assets,TTM Net Income,LT Investments & Debt,Return on Investment,revenue,cost-goods-sold,gross-profit,research-development-expenses,selling-general-administrative-expenses,operating-expenses,operating-income,total-non-operating-income-expense,pre-tax-income,total-provision-income-taxes,income-after-taxes,income-from-continuous-operations,net-income,ebitda,ebit,basic-shares-outstanding,shares-outstanding,eps-basic-net-earnings-per-share,eps-earnings-per-share-diluted,cash-on-hand,inventory,other-current-assets,total-current-assets,net-property-plant-equipment,long-term-investments,goodwill-intangible-assets-total,other-long-term-assets,total-long-term-assets,total-assets,total-current-liabilities,long-term-debt,other-non-current-liabilities,total-long-term-liabilities,total-liabilities,common-stock-net,retained-earnings-accumulated-deficit,comprehensive-income,total-share-holder-equity,total-liabilities-share-holders-equity,net-income-loss,total-depreciation-amortization-cash-flow,other-non-cash-items,total-non-cash-items,change-in-accounts-receivable,change-in-inventories,change-in-accounts-payable,change-in-assets-liabilities,total-change-in-assets-liabilities,cash-flow-from-operating-activities,net-change-in-property-plant-equipment,net-change-in-intangible-assets,net-acquisitions-divestitures,net-change-in-short-term-investments,net-change-in-long-term-investments,net-change-in-investments-total,investing-activities-other,cash-flow-from-investing-activities,net-long-term-debt,net-current-debt,debt-issuance-retirement-net-total,net-common-equity-issued-repurchased,net-total-equity-issued-repurchased,total-common-preferred-stock-dividends-paid,financial-activities-other,cash-flow-from-financial-activities,net-cash-flow,stock-based-compensation,common-stock-dividends-paid
0,2018-09-30,2.23,$6.22,0.36,$1.31,1.7,$-0.52,0.0,$0.28,7.96,$0.01B,$0.04B,0.35,$0.38B,$0.59B,0.64,$0.12B,$0.10B,82.50%,$0.12B,$0.00B,2.50%,$0.12B,$0.00B,2.50%,$0.12B,$0.07B,55.00%,$0.12B,$-0.03B,-27.50%,$0.12B,$0.03B,21.67%,$0.03B,$0.59B,4.36%,$0.03B,$0.59B,4.36%,$0.03B,$1.10B,2.37%,$0.00B,$0.97B,0.31%,$33,$6,$27,$0,$8,$28,$5,$-10,$-5,$-1,$-4,$-4,$-4,$19,$5,$94,94,$-0.05,$-0.05,$0,$0,$0,$14,$1083,$0,$0,$0,$1083,$1097,$41,$379,$12,$468,$510,$1,$-157,$0,$588,$1097,$-21,$48,$1,$49,$-1,$0,$-1,$-2,$2,$29,$-47,$0,$0,$0,$0,$0,$15,$-32,$0,$5,$5,$0,$0,$0,$-2,$3,$0,$2,$0
1,2018-06-30,2.44,$6.26,0.39,$1.26,1.93,$-0.53,0.0,$0.23,10.61,$0.01B,$0.03B,0.46,$0.38B,$0.59B,0.64,$0.11B,$0.09B,82.30%,$0.11B,$-0.01B,-5.31%,$0.11B,$-0.01B,-5.31%,$0.11B,$0.06B,53.10%,$0.11B,$-0.04B,-36.28%,$0.11B,$0.02B,18.58%,$0.02B,$0.59B,3.59%,$0.02B,$0.59B,3.59%,$0.02B,$1.09B,1.92%,$-0.01B,$0.97B,-0.62%,$30,$5,$25,$0,$9,$31,$-0,$-11,$-11,$-2,$-9,$-9,$-9,$17,$-0,$94,94,$-0.10,$-0.10,$0,$0,$0,$14,$1078,$0,$0,$0,$1078,$1092,$30,$380,$12,$471,$500,$1,$-152,$-0,$591,$1092,$-17,$33,$1,$34,$-1,$0,$-3,$-1,$-3,$14,$-27,$0,$0,$0,$0,$0,$8,$-19,$0,$7,$7,$0,$0,$0,$-1,$5,$0,$1,$0
2,2018-03-31,2.61,$6.34,0.41,$1.23,2.12,$-0.64,0.0,$0.23,11.35,$0.01B,$0.03B,0.47,$0.38B,$0.60B,0.62,$0.11B,$0.09B,80.56%,$0.11B,$-0.02B,-14.81%,$0.11B,$-0.02B,-14.81%,$0.11B,$0.05B,49.07%,$0.11B,$-0.04B,-39.81%,$0.11B,$0.02B,19.44%,$0.02B,$0.60B,3.65%,$0.02B,$0.60B,3.65%,$0.02B,$1.09B,1.91%,$-0.02B,$0.98B,-1.69%,$29,$5,$24,$0,$9,$30,$-1,$-8,$-9,$-2,$-7,$-7,$-7,$15,$-1,$95,95,$-0.08,$-0.08,$0,$0,$1,$13,$1081,$0,$0,$0,$1081,$1094,$27,$375,$12,$467,$494,$1,$-143,$0,$600,$1094,$-7,$16,$-0,$16,$0,$0,$-2,$-0,$-3,$5,$-14,$0,$0,$0,$0,$0,$8,$-5,$0,$1,$1,$0,$0,$0,$-1,$0,$0,$1,$0
3,2017-12-31,2.96,$6.43,0.46,$1.30,2.28,$-0.66,0.0,$-1.69,0.0,$0.02B,$0.03B,0.67,$0.37B,$0.61B,0.62,$0.11B,$0.08B,80.00%,$0.11B,$-0.02B,-19.05%,$0.11B,$-0.02B,-19.05%,$0.11B,$0.05B,48.57%,$0.11B,$-0.04B,-34.29%,$0.11B,$-0.11B,-107.62%,$-0.11B,$0.61B,-20.01%,$-0.11B,$0.61B,-20.01%,$-0.11B,$1.10B,-10.28%,$-0.02B,$0.98B,-2.14%,$28,$5,$23,$0,$8,$29,$-1,$-7,$-8,$-54,$46,$46,$46,$15,$-1,$83,83,$0.85,$0.85,$0,$0,$1,$17,$1083,$0,$0,$0,$1083,$1100,$25,$373,$12,$467,$492,$1,$-136,$0,$607,$1100,$-112,$71,$75,$147,$0,$0,$2,$0,$3,$37,$-47,$0,$0,$0,$0,$0,$-5,$-52,$0,$18,$18,$0,$0,$0,$-3,$15,$0,$5,$0
4,2017-09-30,2.51,$6.28,0.4,$1.60,1.57,$-0.40,0.0,$-2.52,0.0,$0.01B,$0.03B,0.41,$0.38B,$0.54B,0.69,$0.10B,$0.08B,79.81%,$0.10B,$-0.03B,-25.00%,$0.10B,$-0.03B,-25.00%,$0.10B,$0.05B,47.12%,$0.10B,$-0.05B,-43.27%,$0.10B,$-0.17B,-165.38%,$-0.17B,$0.54B,-31.06%,$-0.17B,$0.54B,-31.06%,$-0.17B,$1.10B,-15.62%,$-0.03B,$0.92B,-2.73%,$26,$5,$21,$0,$8,$30,$-4,$-9,$-13,$-4,$-9,$-9,$-9,$13,$-4,$87,87,$-0.10,$-0.10,$0,$0,$0,$12,$1081,$0,$0,$2,$1083,$1095,$29,$375,$12,$523,$552,$1,$-182,$0,$543,$1095,$-158,$55,$129,$184,$1,$0,$-1,$-0,$4,$30,$-46,$0,$0,$0,$0,$0,$-1,$-47,$0,$19,$19,$0,$0,$0,$-2,$17,$0,$4,$0
5,2017-06-30,3.37,$6.36,0.53,$1.87,1.8,$-0.15,0.0,$-2.64,0.0,$0.01B,$0.04B,0.4,$0.37B,$0.55B,0.67,$0.10B,$0.08B,79.41%,$0.10B,$-0.03B,-29.41%,$0.10B,$-0.03B,-29.41%,$0.10B,$0.05B,46.08%,$0.10B,$-0.05B,-45.10%,$0.10B,$-0.17B,-168.63%,$-0.17B,$0.55B,-30.65%,$-0.17B,$0.55B,-30.65%,$-0.17B,$1.11B,-15.52%,$-0.03B,$0.92B,-3.02%,$25,$6,$19,$0,$9,$35,$-10,$-4,$-13,$-5,$-9,$-9,$-9,$10,$-10,$86,86,$-0.10,$-0.10,$0,$0,$1,$14,$1089,$0,$0,$3,$1092,$1106,$35,$370,$12,$521,$556,$1,$-173,$0,$550,$1106,$-150,$38,$129,$167,$1,$0,$-4,$-1,$-1,$16,$-38,$0,$0,$0,$0,$0,$9,$-29,$0,$14,$14,$0,$0,$0,$-2,$12,$0,$2,$0
6,2017-03-31,2.51,$6.47,0.39,$2.12,1.18,$0.03,89.32,$-2.93,0.0,$0.01B,$0.03B,0.41,$0.36B,$0.56B,0.64,$0.10B,$0.08B,78.79%,$0.10B,$-0.03B,-32.32%,$0.10B,$-0.03B,-32.32%,$0.10B,$0.05B,45.45%,$0.10B,$-0.06B,-58.59%,$0.10B,$-0.18B,-180.81%,$-0.18B,$0.56B,-31.46%,$-0.18B,$0.56B,-31.46%,$-0.18B,$1.10B,-16.05%,$-0.03B,$0.92B,-3.10%,$26,$5,$21,$0,$8,$31,$-5,$3,$-2,$139,$-141,$-141,$-141,$13,$-5,$70,70,$-2.00,$-2.00,$0,$0,$1,$11,$1086,$0,$0,$1,$1087,$1098,$26,$358,$11,$513,$540,$1,$-164,$0,$559,$1098,$-141,$18,$131,$150,$1,$0,$-4,$-0,$-3,$6,$-13,$0,$0,$0,$0,$0,$6,$-7,$0,$2,$2,$0,$0,$0,$-1,$1,$0,$1,$0
7,2016-12-31,3.35,$13.48,0.25,$2.18,1.54,$0.15,22.76,$-1.26,0.0,$0.01B,$0.03B,0.47,$0.50B,$0.56B,0.89,$0.09B,$0.07B,74.73%,$0.09B,$-0.04B,-48.35%,$0.09B,$-0.04B,-48.35%,$0.09B,$0.04B,38.46%,$0.09B,$-0.08B,-84.62%,$0.09B,$-0.05B,-57.14%,$-0.05B,$0.56B,-8.99%,$-0.05B,$0.56B,-8.99%,$-0.05B,$1.11B,-4.60%,$-0.04B,$1.06B,-4.09%,$27,$4,$22,$0,$10,$34,$-7,$-10,$-17,$-4,$-13,$-13,$-13,$13,$-7,$41,41,$-0.32,$-0.32,$0,$0,$0,$12,$1092,$0,$0,$0,$1092,$1105,$26,$498,$11,$515,$542,$0,$-24,$0,$563,$1105,$-52,$80,$-2,$78,$2,$0,$0,$1,$0,$26,$-20,$0,$0,$0,$0,$0,$-4,$-24,$0,$0,$0,$0,$0,$0,$-3,$-3,$-1,$6,$0
8,2016-09-30,3.38,$13.78,0.25,$2.17,1.56,$-1.20,0.0,$-1.08,0.0,$0.01B,$0.03B,0.49,$0.50B,$0.57B,0.87,$0.09B,$0.06B,71.91%,$0.09B,$-0.05B,-56.18%,$0.09B,$-0.05B,-56.18%,$0.09B,$0.03B,35.96%,$0.09B,$-0.07B,-74.16%,$0.09B,$-0.05B,-50.56%,$-0.05B,$0.57B,-7.63%,$-0.05B,$0.57B,-7.63%,$-0.05B,$1.12B,-3.92%,$-0.05B,$1.07B,-4.60%,$24,$5,$19,$0,$8,$32,$-8,$-6,$-14,$-5,$-9,$-9,$-9,$11,$-8,$42,42,$-0.22,$-0.22,$3,$0,$1,$13,$1110,$0,$0,$0,$1110,$1123,$27,$500,$12,$523,$549,$0,$-12,$0,$573,$1123,$-39,$61,$-5,$56,$4,$0,$-1,$0,$3,$20,$-17,$0,$0,$0,$0,$0,$-2,$-19,$0,$2,$2,$0,$0,$0,$-1,$1,$2,$4,$0
9,2016-06-30,2.1,$13.97,0.15,$2.44,0.86,$-2.96,0.0,$-4.53,0.0,$0.01B,$0.03B,0.43,$0.50B,$0.58B,0.86,$0.10B,$0.07B,69.70%,$0.10B,$-0.28B,-283.84%,$0.10B,$-0.28B,-283.84%,$0.10B,$-0.19B,-187.88%,$0.10B,$-0.28B,-285.86%,$0.10B,$-0.19B,-186.87%,$-0.19B,$0.58B,-30.87%,$-0.19B,$0.58B,-30.87%,$-0.19B,$1.14B,-15.83%,$-0.28B,$1.08B,-25.52%,$22,$7,$16,$0,$8,$35,$-12,$-13,$-25,$-9,$-16,$-16,$-16,$8,$-12,$42,42,$-0.39,$-0.39,$1,$0,$2,$12,$1124,$0,$0,$0,$1124,$1136,$28,$500,$11,$527,$555,$0,$-3,$0,$581,$1136,$-30,$41,$-1,$40,$4,$0,$-4,$-0,$-1,$9,$-12,$0,$0,$0,$0,$0,$2,$-9,$0,$2,$2,$0,$0,$0,$-1,$1,$0,$3,$0
10,2016-03-31,1.16,$14.34,0.08,$2.85,0.41,$-4.89,0.0,$-4.43,0.0,$0.02B,$0.03B,0.58,$0.50B,$0.60B,0.83,$0.12B,$0.08B,72.41%,$0.12B,$-0.28B,-238.79%,$0.12B,$-0.28B,-238.79%,$0.12B,$-0.17B,-150.00%,$0.12B,$-0.28B,-238.79%,$0.12B,$-0.18B,-156.03%,$-0.18B,$0.60B,-28.12%,$-0.18B,$0.60B,-28.12%,$-0.18B,$1.16B,-14.53%,$-0.28B,$1.09B,-24.18%,$18,$7,$11,$0,$8,$35,$-17,$-4,$-21,$-7,$-14,$-14,$-14,$3,$-17,$41,41,$-0.33,$-0.33,$1,$0,$6,$16,$1139,$0,$0,$0,$1139,$1155,$28,$496,$11,$531,$559,$0,$13,$0,$596,$1155,$-14,$21,$-4,$16,$4,$0,$-0,$-0,$3,$5,$-5,$0,$0,$0,$0,$0,$2,$-3,$0,$-1,$-1,$0,$0,$0,$-1,$-2,$0,$2,$0
11,2015-12-31,1.84,$14.91,0.12,$3.25,0.57,$-6.08,0.0,$-4.29,0.0,$0.02B,$0.03B,0.72,$0.50B,$0.61B,0.82,$0.13B,$0.10B,74.81%,$0.13B,$-0.27B,-207.63%,$0.13B,$-0.27B,-207.63%,$0.13B,$-0.16B,-123.66%,$0.13B,$-0.27B,-204.58%,$0.13B,$-0.18B,-133.59%,$-0.18B,$0.61B,-25.47%,$-0.18B,$0.61B,-25.47%,$-0.18B,$1.18B,-13.30%,$-0.27B,$1.11B,-23.06%,$25,$7,$18,$0,$8,$39,$-13,$7,$-6,$-0,$-6,$-6,$-6,$10,$-13,$40,40,$-0.15,$-0.15,$1,$0,$7,$20,$1155,$0,$0,$0,$1155,$1175,$29,$497,$10,$539,$567,$0,$27,$0,$608,$1175,$-174,$111,$159,$270,$8,$0,$-3,$-0,$7,$103,$-151,$0,$0,$0,$0,$0,$-66,$-217,$-9,$123,$114,$0,$0,$0,$1,$115,$0,$8,$0
12,2015-09-30,1.87,$15.13,0.12,$4.02,0.47,$-10.51,0.0,$-3.47,0.0,$0.03B,$0.05B,0.72,$0.52B,$0.61B,0.84,$0.16B,$0.13B,78.26%,$0.16B,$-0.25B,-157.76%,$0.16B,$-0.25B,-157.76%,$0.16B,$-0.14B,-85.71%,$0.16B,$-0.22B,-135.40%,$0.16B,$-0.14B,-88.20%,$-0.14B,$0.61B,-19.49%,$-0.14B,$0.61B,-19.49%,$-0.14B,$1.21B,-10.36%,$-0.25B,$1.13B,-21.26%,$34,$10,$24,$0,$10,$272,$-239,$8,$-231,$-82,$-149,$-149,$-149,$-207,$-239,$41,41,$-3.67,$-3.67,$0,$0,$16,$33,$1175,$0,$0,$1,$1176,$1209,$45,$516,$10,$552,$597,$0,$33,$0,$612,$1209,$-168,$87,$156,$244,$5,$0,$-4,$-0,$7,$83,$-151,$0,$0,$0,$0,$0,$-56,$-207,$-3,$128,$125,$0,$0,$0,$-0,$124,$-0,$6,$0
13,2015-06-30,6.85,$18.72,0.37,$4.91,1.4,$-12.99,0.0,$0.77,8.9,$0.04B,$0.07B,0.54,$0.50B,$0.76B,0.66,$0.20B,$0.16B,83.08%,$0.20B,$0.01B,4.10%,$0.20B,$0.01B,4.10%,$0.20B,$0.12B,60.51%,$0.20B,$0.05B,24.62%,$0.20B,$0.03B,14.87%,$0.03B,$0.76B,3.81%,$0.03B,$0.76B,3.81%,$0.03B,$1.44B,2.08%,$0.01B,$1.26B,0.68%,$39,$8,$31,$0,$10,$47,$-8,$-11,$-19,$-7,$-12,$-12,$-12,$20,$-8,$41,41,$-0.29,$-0.29,$1,$0,$17,$36,$1407,$0,$0,$0,$1407,$1443,$67,$499,$10,$617,$684,$0,$181,$0,$759,$1443,$-20,$56,$18,$73,$2,$0,$-7,$-0,$-4,$50,$-131,$0,$0,$0,$0,$0,$-25,$-157,$0,$107,$107,$0,$0,$0,$-0,$107,$0,$4,$0
14,2015-03-31,6.59,$18.95,0.35,$5.82,1.13,$-13.82,0.0,$1.16,5.68,$0.05B,$0.09B,0.56,$0.46B,$0.77B,0.6,$0.23B,$0.19B,84.72%,$0.23B,$0.04B,17.03%,$0.23B,$0.04B,17.03%,$0.23B,$0.15B,65.50%,$0.23B,$0.07B,31.88%,$0.23B,$0.05B,19.65%,$0.05B,$0.77B,5.98%,$0.05B,$0.77B,5.98%,$0.05B,$1.44B,3.36%,$0.04B,$1.23B,3.47%,$33,$8,$25,$0,$11,$46,$-12,$1,$-12,$-4,$-8,$-8,$-8,$15,$-12,$40,40,$-0.19,$-0.19,$0,$0,$31,$50,$1379,$0,$0,$8,$1388,$1438,$89,$460,$10,$580,$669,$0,$193,$0,$769,$1438,$-8,$27,$8,$35,$2,$0,$-2,$-1,$-0,$27,$-75,$0,$0,$0,$0,$0,$-13,$-87,$0,$60,$60,$0,$0,$0,$-0,$60,$-0,$2,$0
15,2014-12-31,6.39,$19.45,0.33,$6.57,0.97,$-14.27,0.0,$1.43,4.47,$0.06B,$0.11B,0.57,$0.39B,$0.77B,0.51,$0.26B,$0.22B,86.05%,$0.26B,$0.07B,26.36%,$0.26B,$0.07B,26.36%,$0.26B,$0.18B,68.22%,$0.26B,$0.09B,34.88%,$0.26B,$0.06B,21.71%,$0.06B,$0.77B,7.58%,$0.06B,$0.77B,7.58%,$0.06B,$1.39B,4.39%,$0.07B,$1.17B,6.42%,$55,$9,$46,$0,$12,$50,$5,$39,$44,$17,$27,$27,$27,$34,$5,$39,39,$0.68,$0.67,$0,$0,$40,$61,$1332,$0,$0,$0,$1332,$1393,$107,$391,$10,$512,$618,$0,$201,$0,$774,$1393,$56,$108,$4,$112,$3,$0,$0,$-0,$3,$172,$-394,$0,$0,$0,$-0,$-0,$17,$-377,$0,$150,$150,$0,$0,$0,$-3,$147,$-58,$8,$0
16,2014-09-30,14.5,$18.94,0.77,$6.67,2.17,$-13.41,0.0,$2.40,6.04,$0.03B,$0.10B,0.25,$0.34B,$0.75B,0.46,$0.26B,$0.23B,87.40%,$0.26B,$0.08B,30.92%,$0.26B,$0.08B,30.92%,$0.26B,$0.18B,69.85%,$0.26B,$0.15B,56.87%,$0.26B,$0.09B,35.50%,$0.09B,$0.75B,12.86%,$0.09B,$0.75B,12.86%,$0.09B,$1.30B,7.67%,$0.08B,$1.09B,8.04%,$68,$9,$60,$0,$11,$46,$23,$13,$35,$13,$22,$22,$22,$49,$23,$39,39,$0.57,$0.57,$2,$0,$2,$26,$1266,$0,$0,$10,$1277,$1302,$102,$340,$9,$455,$557,$0,$174,$0,$745,$1302,$29,$79,$21,$100,$2,$0,$3,$-0,$6,$135,$-300,$0,$0,$0,$-0,$-0,$20,$-280,$0,$90,$90,$0,$0,$0,$-2,$87,$-57,$6,$0
17,2014-06-30,22.73,$18.31,1.24,$6.07,3.74,$-11.88,0.0,$1.84,12.35,$0.03B,$0.10B,0.31,$0.30B,$0.72B,0.41,$0.24B,$0.21B,87.39%,$0.24B,$0.07B,28.57%,$0.24B,$0.07B,28.57%,$0.24B,$0.16B,68.91%,$0.24B,$0.12B,48.32%,$0.24B,$0.07B,29.83%,$0.07B,$0.72B,10.17%,$0.07B,$0.72B,10.17%,$0.07B,$1.23B,6.15%,$0.07B,$1.02B,7.09%,$73,$10,$63,$0,$12,$51,$23,$-17,$6,$2,$4,$4,$4,$52,$23,$39,39,$0.10,$0.10,$0,$0,$0,$31,$1188,$0,$0,$10,$1197,$1228,$100,$296,$12,$407,$507,$0,$152,$0,$721,$1228,$7,$53,$24,$77,$-2,$0,$1,$-0,$-1,$83,$-195,$0,$0,$0,$-0,$-0,$10,$-185,$0,$46,$46,$0,$0,$0,$-2,$44,$-58,$4,$0
18,2014-03-31,20.91,$18.18,1.15,$5.29,3.95,$-10.96,0.0,$1.94,10.78,$0.04B,$0.10B,0.39,$0.25B,$0.72B,0.35,$0.21B,$0.18B,88.41%,$0.21B,$0.06B,27.05%,$0.21B,$0.06B,27.05%,$0.21B,$0.14B,68.12%,$0.21B,$0.12B,58.45%,$0.21B,$0.08B,36.23%,$0.08B,$0.72B,11.05%,$0.08B,$0.72B,11.05%,$0.08B,$1.18B,6.82%,$0.06B,$0.97B,6.03%,$62,$9,$53,$0,$13,$45,$17,$-12,$5,$2,$3,$3,$3,$41,$17,$39,39,$0.08,$0.08,$12,$0,$3,$40,$1126,$0,$0,$12,$1138,$1178,$103,$250,$13,$359,$462,$0,$148,$0,$716,$1178,$3,$24,$11,$35,$2,$0,$2,$-1,$2,$39,$-103,$0,$0,$0,$0,$0,$10,$-94,$0,$0,$0,$0,$0,$0,$0,$0,$-54,$3,$0
19,2013-12-31,19.3,$18.20,1.06,$4.65,4.15,$-10.36,0.0,$1.85,10.43,$0.09B,$0.08B,1.07,$0.25B,$0.71B,0.35,$0.18B,$0.16B,88.95%,$0.18B,$0.04B,24.31%,$0.18B,$0.04B,24.31%,$0.18B,$0.12B,67.40%,$0.18B,$0.12B,63.54%,$0.18B,$0.07B,39.78%,$0.07B,$0.71B,10.93%,$0.07B,$0.71B,10.93%,$0.07B,$1.15B,6.97%,$0.04B,$0.96B,4.98%,$59,$6,$53,$0,$13,$40,$18,$84,$103,$38,$64,$64,$64,$41,$18,$39,39,$1.65,$1.65,$66,$0,$0,$90,$1047,$0,$0,$8,$1055,$1145,$84,$250,$9,$351,$435,$0,$145,$0,$710,$1145,$72,$78,$-36,$42,$-10,$0,$3,$-0,$-3,$111,$-297,$0,$0,$0,$101,$101,$9,$-187,$243,$-106,$137,$0,$0,$0,$-2,$135,$58,$6,$0
20,2013-09-30,26.28,$16.56,1.59,$4.16,6.32,$-11.49,0.0,$0.18,146.0,$0.04B,$0.11B,0.41,$0.25B,$0.65B,0.39,$0.16B,$0.14B,85.99%,$0.16B,$0.03B,15.92%,$0.16B,$0.03B,15.92%,$0.16B,$0.10B,62.42%,$0.16B,$0.01B,6.37%,$0.16B,$0.01B,4.46%,$0.01B,$0.65B,1.09%,$0.01B,$0.65B,1.09%,$0.01B,$1.06B,0.73%,$0.03B,$0.90B,3.02%,$44,$6,$39,$0,$9,$34,$10,$-9,$1,$0,$0,$0,$0,$30,$10,$39,39,$0.01,$0.01,$25,$0,$1,$43,$994,$18,$0,$9,$1021,$1064,$105,$250,$8,$312,$417,$0,$81,$0,$646,$1064,$8,$56,$15,$70,$-3,$0,$16,$0,$41,$119,$-222,$0,$0,$0,$-8,$-8,$0,$-230,$243,$-107,$136,$0,$0,$0,$0,$136,$25,$5,$0
21,2013-06-30,24.57,$16.52,1.49,$3.99,6.16,$-13.21,0.0,$0.10,245.7,$0.07B,$0.06B,1.3,$0.25B,$0.64B,0.39,$0.15B,$0.12B,83.56%,$0.15B,$0.02B,11.64%,$0.15B,$0.02B,11.64%,$0.15B,$0.09B,58.90%,$0.15B,$0.01B,3.42%,$0.15B,$0.01B,3.42%,$0.01B,$0.64B,0.79%,$0.01B,$0.64B,0.79%,$0.01B,$1.01B,0.56%,$0.02B,$0.89B,2.20%,$42,$5,$38,$0,$8,$31,$11,$1,$12,$4,$8,$8,$8,$29,$11,$39,39,$0.20,$0.20,$55,$0,$1,$71,$912,$16,$0,$10,$938,$1010,$55,$250,$8,$311,$366,$0,$80,$0,$644,$1010,$7,$36,$9,$44,$-1,$0,$-4,$0,$-7,$45,$-120,$0,$0,$0,$-6,$-6,$0,$-126,$243,$-107,$136,$0,$0,$0,$0,$136,$55,$4,$0
22,2013-03-31,24.61,$16.28,1.51,$3.80,6.48,$-14.34,0.0,$0.13,189.31,$0.01B,$0.07B,0.19,$0.15B,$0.64B,0.24,$0.13B,$0.11B,82.09%,$0.13B,$0.01B,7.46%,$0.13B,$0.01B,7.46%,$0.13B,$0.08B,55.97%,$0.13B,$0.01B,3.73%,$0.13B,$0.01B,3.73%,$0.01B,$0.64B,0.84%,$0.01B,$0.64B,0.84%,$0.01B,$0.91B,0.61%,$0.01B,$0.79B,1.42%,$36,$6,$31,$0,$9,$32,$5,$-5,$-1,$-0,$-0,$-0,$-0,$22,$5,$39,39,$-0.01,$-0.01,$1,$0,$0,$13,$881,$16,$0,$1,$898,$911,$66,$152,$8,$210,$276,$0,$72,$0,$635,$911,$-0,$17,$7,$24,$3,$0,$6,$-0,$6,$30,$-70,$0,$0,$0,$-6,$-6,$0,$-76,$0,$46,$46,$0,$0,$0,$0,$46,$-0,$2,$0
23,2012-12-31,25.01,$16.31,1.53,$3.78,6.61,$-14.57,0.0,$0.19,131.63,$0.02B,$0.06B,0.26,$0.11B,$0.63B,0.17,$0.13B,$0.11B,81.40%,$0.13B,$0.01B,9.30%,$0.13B,$0.01B,9.30%,$0.13B,$0.07B,55.04%,$0.13B,$0.01B,6.98%,$0.13B,$0.01B,5.43%,$0.01B,$0.63B,1.27%,$0.01B,$0.63B,1.27%,$0.01B,$0.86B,0.92%,$0.01B,$0.74B,1.85%,$35,$8,$27,$0,$11,$37,$-1,$-0,$-2,$-1,$-1,$-1,$-1,$17,$-1,$35,35,$-0.03,$-0.03,$1,$0,$2,$16,$828,$10,$0,$2,$840,$856,$60,$106,$7,$162,$222,$0,$73,$0,$633,$856,$6,$60,$12,$72,$-3,$0,$9,$0,$12,$91,$-297,$0,$0,$0,$-10,$-10,$0,$-307,$0,$62,$62,$155,$155,$0,$-0,$217,$0,$7,$0
24,2012-09-30,30.12,$16.20,1.86,$3.84,7.84,$-15.15,0.0,$-0.09,0.0,$0.02B,$0.06B,0.23,$0.05B,$0.62B,0.08,$0.13B,$0.11B,84.80%,$0.13B,$0.00B,1.60%,$0.13B,$0.00B,1.60%,$0.13B,$0.05B,42.40%,$0.13B,$-0.00B,-3.20%,$0.13B,$-0.00B,-0.80%,$-0.00B,$0.62B,-0.20%,$-0.00B,$0.62B,-0.20%,$-0.00B,$0.79B,-0.14%,$0.00B,$0.67B,0.34%,$33,$7,$26,$0,$8,$31,$2,$-5,$-4,$-1,$-2,$-2,$-2,$18,$2,$34,34,$-0.07,$-0.07,$1,$0,$1,$15,$776,$0,$0,$2,$779,$793,$64,$48,$8,$105,$169,$0,$73,$0,$624,$793,$7,$42,$9,$51,$-2,$0,$16,$0,$18,$76,$-225,$0,$0,$0,$0,$0,$0,$-225,$0,$4,$4,$146,$146,$0,$0,$150,$1,$5,$0
25,2012-06-30,25.54,$14.32,1.78,$3.85,6.63,$-15.83,0.0,$0.23,111.04,$0.01B,$0.05B,0.27,$0.15B,$0.48B,0.3,$0.12B,$0.10B,85.00%,$0.12B,$0.01B,7.50%,$0.12B,$0.01B,7.50%,$0.12B,$0.05B,43.33%,$0.12B,$0.01B,9.17%,$0.12B,$0.01B,6.67%,$0.01B,$0.48B,1.81%,$0.01B,$0.48B,1.81%,$0.01B,$0.73B,1.23%,$0.01B,$0.63B,1.66%,$30,$4,$26,$0,$7,$26,$4,$8,$12,$4,$8,$8,$8,$18,$4,$34,34,$0.23,$0.23,$0,$0,$3,$14,$717,$0,$0,$3,$721,$734,$51,$145,$7,$203,$254,$0,$76,$0,$480,$734,$10,$26,$3,$29,$0,$0,$13,$0,$8,$46,$-148,$0,$0,$0,$0,$0,$0,$-148,$0,$101,$101,$1,$1,$0,$0,$102,$0,$4,$0
26,2012-03-31,36.95,$14.08,2.62,$3.97,9.3,$-16.82,0.0,$0.28,131.96,$0.01B,$0.06B,0.21,$0.09B,$0.47B,0.18,$0.12B,$0.10B,84.87%,$0.12B,$0.02B,13.45%,$0.12B,$0.02B,13.45%,$0.12B,$0.05B,44.54%,$0.12B,$0.01B,9.24%,$0.12B,$0.01B,6.72%,$0.01B,$0.47B,1.95%,$0.01B,$0.47B,1.95%,$0.01B,$0.68B,1.34%,$0.02B,$0.56B,3.23%,$31,$5,$26,$0,$8,$24,$7,$-4,$3,$1,$2,$2,$2,$18,$7,$33,33,$0.05,$0.05,$0,$0,$0,$13,$661,$0,$0,$1,$662,$675,$62,$85,$8,$141,$203,$0,$68,$0,$472,$675,$2,$11,$7,$18,$-1,$0,$-2,$-0,$16,$35,$-78,$0,$0,$0,$0,$0,$0,$-78,$0,$42,$42,$1,$1,$0,$0,$42,$0,$2,$0
27,2011-12-31,29.41,$14.12,2.08,$3.77,7.81,$-19.03,0.0,$0.28,105.04,$0.01B,$0.04B,0.26,$0.04B,$0.47B,0.09,$0.11B,$0.09B,81.48%,$0.11B,$0.01B,10.19%,$0.11B,$0.01B,10.19%,$0.11B,$0.04B,39.81%,$0.11B,$0.01B,9.26%,$0.11B,$0.01B,6.48%,$0.01B,$0.47B,1.87%,$0.01B,$0.47B,1.87%,$0.01B,$0.61B,1.27%,$0.01B,$0.51B,2.40%,$31,$4,$28,$0,$10,$42,$-11,$-4,$-15,$-6,$-9,$-9,$-9,$-1,$-11,$29,29,$-0.33,$-0.33,$0,$0,$0,$11,$595,$0,$0,$1,$597,$608,$44,$44,$7,$97,$140,$0,$66,$0,$467,$608,$7,$32,$36,$69,$6,$0,$-1,$0,$20,$96,$-285,$0,$0,$0,$0,$0,$0,$-285,$0,$44,$44,$123,$123,$0,$-1,$166,$-23,$5,$0
28,2011-09-30,16.99,$12.41,1.37,$3.43,4.95,$-14.75,0.0,$0.59,28.8,$0.02B,$0.04B,0.36,$0.12B,$0.35B,0.35,$0.09B,$0.08B,80.65%,$0.09B,$0.02B,24.73%,$0.09B,$0.02B,24.73%,$0.09B,$0.05B,53.76%,$0.09B,$0.03B,26.88%,$0.09B,$0.02B,17.20%,$0.02B,$0.35B,4.69%,$0.02B,$0.35B,4.69%,$0.02B,$0.58B,3.18%,$0.02B,$0.48B,5.55%,$28,$6,$22,$0,$5,$19,$9,$2,$11,$4,$7,$7,$7,$17,$9,$28,29,$0.25,$0.25,$1,$0,$3,$15,$560,$0,$0,$1,$561,$577,$42,$122,$7,$181,$224,$0,$76,$-0,$353,$577,$17,$22,$15,$38,$6,$0,$8,$0,$20,$74,$-219,$0,$0,$0,$0,$0,$0,$-219,$0,$121,$121,$1,$1,$0,$0,$122,$-23,$4,$0
29,2011-06-30,22.67,$12.12,1.87,$3.15,7.2,$-10.68,0.0,$0.44,51.52,$0.01B,$0.04B,0.38,$0.09B,$0.35B,0.27,$0.08B,$0.07B,81.25%,$0.08B,$0.02B,21.25%,$0.08B,$0.02B,21.25%,$0.08B,$0.04B,51.25%,$0.08B,$0.02B,21.25%,$0.08B,$0.01B,13.75%,$0.01B,$0.35B,3.54%,$0.01B,$0.35B,3.54%,$0.01B,$0.53B,2.46%,$0.02B,$0.44B,4.64%,$29,$4,$25,$0,$6,$18,$11,$1,$12,$4,$8,$8,$8,$19,$11,$28,29,$0.28,$0.28,$1,$0,$1,$14,$514,$0,$0,$3,$517,$531,$36,$94,$7,$149,$186,$0,$68,$-0,$345,$531,$9,$14,$10,$24,$5,$0,$4,$0,$12,$46,$-162,$0,$0,$0,$0,$0,$0,$-162,$0,$93,$93,$1,$1,$0,$0,$93,$-23,$3,$0
30,2011-03-31,33.57,$11.79,2.85,$2.76,12.18,$-7.20,0.0,$0.23,145.96,$0.01B,$0.03B,0.56,$0.08B,$0.34B,0.23,$0.06B,$0.05B,79.69%,$0.06B,$0.01B,14.06%,$0.06B,$0.01B,14.06%,$0.06B,$0.03B,46.88%,$0.06B,$0.01B,10.94%,$0.06B,$0.01B,7.81%,$0.01B,$0.34B,1.78%,$0.01B,$0.34B,1.78%,$0.01B,$0.49B,1.25%,$0.01B,$0.41B,2.78%,$20,$7,$13,$0,$5,$18,$2,$0,$2,$1,$1,$1,$1,$8,$2,$28,29,$0.05,$0.05,$1,$0,$0,$14,$473,$0,$0,$2,$476,$490,$25,$77,$7,$129,$154,$0,$60,$-0,$335,$490,$1,$6,$6,$12,$5,$0,$-5,$-0,$1,$14,$-114,$0,$0,$0,$0,$0,$0,$-114,$0,$77,$77,$0,$0,$0,$0,$77,$-22,$1,$0
31,2010-12-31,23.1,$11.80,1.96,$2.67,8.64,$-4.05,0.0,$0.35,66.0,$0.04B,$0.03B,1.41,$0.00B,$0.33B,0.0,$0.06B,$0.05B,84.21%,$0.06B,$0.01B,14.04%,$0.06B,$0.01B,14.04%,$0.06B,$0.03B,50.88%,$0.06B,$0.01B,19.30%,$0.06B,$0.01B,14.04%,$0.01B,$0.33B,3.15%,$0.01B,$0.33B,3.15%,$0.01B,$0.41B,2.22%,$0.01B,$0.33B,2.79%,$16,$1,$15,$0,$6,$15,$1,$-0,$0,$0,$0,$0,$0,$6,$1,$22,22,$0.00,$0.00,$23,$0,$1,$41,$369,$0,$0,$3,$372,$413,$29,$0,$6,$51,$80,$0,$59,$-0,$333,$413,$7,$22,$11,$33,$-7,$0,$8,$1,$2,$42,$-91,$0,$0,$0,$0,$0,$0,$-91,$0,$-32,$-32,$103,$103,$0,$-0,$70,$21,$3,$0
32,2010-09-30,11.18,$10.67,1.05,$2.51,4.45,$-1.36,0.0,$0.23,48.61,$0.02B,$0.03B,0.59,$0.05B,$0.23B,0.22,$0.05B,$0.04B,79.25%,$0.05B,$0.01B,11.32%,$0.05B,$0.01B,11.32%,$0.05B,$0.03B,52.83%,$0.05B,$0.01B,15.09%,$0.05B,$0.01B,11.32%,$0.01B,$0.23B,2.66%,$0.01B,$0.23B,2.66%,$0.01B,$0.36B,1.78%,$0.01B,$0.28B,2.25%,$15,$3,$12,$0,$4,$12,$3,$1,$3,$1,$2,$2,$2,$8,$3,$21,21,$0.10,$0.10,$0,$0,$1,$17,$339,$0,$0,$3,$342,$358,$28,$51,$5,$100,$129,$0,$59,$-0,$230,$358,$7,$17,$5,$22,$-5,$0,$6,$0,$3,$32,$-53,$0,$0,$0,$0,$0,$0,$-53,$0,$19,$19,$0,$0,$0,$-0,$18,$-2,$2,$0
33,2010-06-30,6.88,$10.74,0.64,$2.24,3.08,$-0.23,0.0,$-0.02,0.0,$0.02B,$0.02B,0.66,$0.04B,$0.23B,0.19,$0.05B,$0.04B,76.60%,$0.05B,$0.00B,2.13%,$0.05B,$0.00B,2.13%,$0.05B,$0.02B,51.06%,$0.05B,0,0.00%,$0.05B,$0.00B,2.13%,$0.00B,$0.23B,0.45%,$0.00B,$0.23B,0.45%,$0.00B,$0.34B,0.31%,$0.00B,$0.27B,0.38%,$13,$2,$11,$0,$3,$10,$3,$-1,$2,$1,$2,$2,$2,$8,$3,$21,21,$0.07,$0.07,$0,$0,$2,$16,$323,$0,$0,$3,$325,$341,$24,$42,$5,$90,$114,$0,$57,$-0,$227,$341,$5,$11,$2,$13,$-4,$0,$4,$0,$0,$18,$-30,$0,$0,$0,$0,$0,$0,$-30,$0,$10,$10,$0,$0,$0,$0,$10,$-2,$1,$0
34,2010-03-31,9.08,$10.69,0.85,$2.09,4.34,$0.07,127.71,$-0.12,0.0,$0.01B,$0.02B,0.66,$0.04B,$0.23B,0.17,$0.04B,$0.03B,75.00%,$0.04B,$-0.00B,-6.82%,$0.04B,$-0.00B,-6.82%,$0.04B,$0.02B,47.73%,$0.04B,$-0.00B,-6.82%,$0.04B,$-0.00B,-4.55%,$-0.00B,$0.23B,-0.90%,$-0.00B,$0.23B,-0.90%,$-0.00B,$0.33B,-0.62%,$-0.00B,$0.26B,-1.15%,$13,$3,$10,$0,$3,$12,$1,$5,$6,$2,$4,$4,$4,$7,$1,$21,21,$0.17,$0.17,$1,$0,$4,$14,$311,$0,$0,$2,$314,$328,$21,$37,$6,$82,$103,$0,$55,$-0,$225,$328,$4,$6,$-1,$5,$-1,$0,$-4,$-0,$-1,$7,$-14,$0,$0,$0,$0,$0,$0,$-14,$0,$5,$5,$0,$0,$0,$0,$5,$-2,$1,$0
35,2009-12-31,7.72,$10.52,0.73,$1.95,3.96,$0.03,300.39,$-0.25,0.0,$0.01B,$0.02B,0.55,$0.03B,$0.22B,0.15,$0.04B,$0.03B,75.61%,$0.04B,$-0.01B,-14.63%,$0.04B,$-0.01B,-14.63%,$0.04B,$0.02B,43.90%,$0.04B,$-0.01B,-17.07%,$0.04B,$-0.01B,-12.20%,$-0.01B,$0.22B,-2.24%,$-0.01B,$0.22B,-2.24%,$-0.01B,$0.32B,-1.55%,$-0.01B,$0.25B,-2.27%,$12,$3,$9,$0,$4,$13,$-1,$-2,$-3,$-0,$-2,$-2,$-2,$5,$-1,$21,21,$-0.11,$-0.11,$3,$0,$1,$12,$304,$0,$0,$2,$307,$319,$22,$32,$6,$76,$98,$0,$52,$-0,$220,$319,$-5,$25,$16,$40,$12,$0,$-9,$0,$5,$40,$-30,$0,$0,$0,$0,$0,$0,$-30,$0,$-11,$-11,$0,$0,$0,$-0,$-12,$-1,$2,$0
36,2009-09-30,9.08,$10.73,0.85,$2.08,4.36,$-2.59,0.0,$-0.15,0.0,$0.01B,$0.01B,0.89,$0.04B,$0.22B,0.17,$0.04B,$0.03B,77.27%,$0.04B,$-0.01B,-25.00%,$0.04B,$-0.01B,-25.00%,$0.04B,$0.01B,31.82%,$0.04B,$-0.01B,-11.36%,$0.04B,$-0.00B,-6.82%,$-0.00B,$0.22B,-1.34%,$-0.00B,$0.22B,-1.34%,$-0.00B,$0.31B,-0.92%,$-0.01B,$0.26B,-4.11%,$9,$2,$6,$0,$3,$11,$-2,$-3,$-5,$-1,$-3,$-3,$-3,$4,$-2,$21,21,$-0.15,$-0.15,$1,$0,$1,$8,$304,$0,$0,$0,$304,$313,$9,$37,$6,$81,$90,$0,$54,$-0,$222,$313,$-3,$19,$10,$29,$16,$0,$-12,$0,$-3,$23,$-19,$0,$0,$0,$0,$0,$0,$-19,$0,$-7,$-7,$0,$0,$0,$0,$-7,$-3,$1,$0
37,2009-06-30,6.9,$10.85,0.64,$2.72,2.54,$-4.04,0.0,$0.95,7.26,$0.02B,$0.01B,1.66,$0.05B,$0.23B,0.21,$0.06B,$0.05B,84.21%,$0.06B,$0.00B,5.26%,$0.06B,$0.00B,5.26%,$0.06B,$0.03B,47.37%,$0.06B,$0.03B,52.63%,$0.06B,$0.02B,35.09%,$0.02B,$0.23B,8.91%,$0.02B,$0.23B,8.91%,$0.02B,$0.32B,6.10%,$0.00B,$0.27B,1.13%,$10,$2,$8,$0,$3,$11,$-1,$-0,$-1,$-0,$-1,$-1,$-1,$5,$-1,$21,21,$-0.03,$-0.03,$1,$0,$7,$17,$307,$0,$0,$0,$307,$324,$10,$46,$5,$89,$99,$0,$57,$-0,$225,$324,$0,$13,$5,$18,$14,$0,$-12,$-0,$-7,$11,$-17,$0,$0,$0,$0,$0,$0,$-17,$0,$3,$3,$0,$0,$0,$0,$3,$-3,$1,$0
38,2009-03-31,6.2,$10.87,0.57,$3.40,1.82,$-4.37,0.0,$1.02,6.08,$0.03B,$0.02B,1.21,$0.05B,$0.23B,0.21,$0.07B,$0.06B,85.92%,$0.07B,$0.02B,22.54%,$0.07B,$0.02B,22.54%,$0.07B,$0.04B,56.34%,$0.07B,$0.03B,46.48%,$0.07B,$0.02B,30.99%,$0.02B,$0.23B,10.03%,$0.02B,$0.23B,10.03%,$0.02B,$0.34B,6.95%,$0.02B,$0.27B,6.40%,$10,$2,$8,$0,$3,$13,$-2,$5,$2,$2,$1,$1,$1,$4,$-2,$21,21,$0.04,$0.04,$1,$0,$10,$25,$310,$0,$0,$0,$310,$335,$21,$48,$5,$89,$110,$0,$58,$-1,$225,$335,$1,$7,$-1,$6,$9,$0,$-7,$-0,$-1,$6,$-13,$0,$0,$0,$0,$0,$0,$-13,$0,$4,$4,$0,$0,$0,$0,$4,$-4,$1,$0
39,2008-12-31,7.31,$10.80,0.68,$3.83,1.91,$-4.51,0.0,$1.11,6.59,$0.04B,$0.03B,1.13,$0.04B,$0.22B,0.2,$0.08B,$0.07B,87.50%,$0.08B,$0.03B,33.75%,$0.08B,$0.03B,33.75%,$0.08B,$0.05B,62.50%,$0.08B,$0.04B,43.75%,$0.08B,$0.02B,30.00%,$0.02B,$0.22B,11.23%,$0.02B,$0.22B,11.23%,$0.02B,$0.34B,8.05%,$0.03B,$0.27B,11.53%,$15,$3,$12,$0,$5,$21,$-6,$5,$-1,$-1,$-0,$-0,$-0,$1,$-6,$21,21,$0.00,$0.00,$4,$0,$8,$35,$303,$0,$0,$0,$303,$338,$31,$44,$4,$84,$114,$0,$57,$-0,$224,$338,$23,$24,$15,$39,$-12,$0,$11,$-0,$-6,$56,$-101,$0,$0,$0,$0,$0,$0,$-101,$0,$44,$44,$0,$0,$0,$0,$44,$-1,$1,$0
40,2008-09-30,14.46,$10.86,1.33,$4.18,3.46,$-4.29,0.0,$1.00,14.46,$0.03B,$0.03B,0.92,$0.02B,$0.22B,0.11,$0.08B,$0.07B,88.31%,$0.08B,$0.03B,38.96%,$0.08B,$0.03B,38.96%,$0.08B,$0.05B,64.94%,$0.08B,$0.03B,40.26%,$0.08B,$0.02B,28.57%,$0.02B,$0.22B,10.59%,$0.02B,$0.22B,10.59%,$0.02B,$0.31B,7.98%,$0.03B,$0.25B,13.79%,$22,$2,$20,$0,$3,$10,$12,$18,$30,$10,$20,$20,$20,$17,$12,$21,21,$0.96,$0.95,$2,$0,$5,$26,$287,$1,$0,$0,$288,$314,$28,$24,$1,$61,$90,$0,$57,$0,$224,$314,$24,$16,$10,$26,$-9,$0,$5,$0,$-4,$46,$-73,$0,$0,$0,$0,$0,$0,$-73,$0,$24,$24,$0,$0,$0,$0,$24,$-3,$1,$0
