,Date,Stock Price,Book Value per Share,Price to Book Ratio,TTM Sales per Share,Price to Sales Ratio,TTM FCF per Share,Price to FCF Ratio,TTM Net EPS,PE Ratio,Current Assets,Current Liabilities,Current Ratio,Long Term Debt,Shareholder's Equity_x,Debt to Equity Ratio,TTM Revenue_x,TTM Gross Profit,Gross Margin,TTM Revenue_y,TTM Operating Income,Operating Margin,TTM Revenue_x,TTM EBIT,EBIT Margin,TTM Revenue_y,TTM EBITDA,EBITDA Margin,TTM Revenue_x,TTM Pre-Tax Income,Pre-Tax Margin,TTM Revenue_y,TTM Net Income_x,Net Margin,TTM Net Income_y,Shareholder's Equity_y,Return on Equity,TTM Net Income_x,Tangible Equity,Return on Tangible Equity,TTM Net Income_y,Total Assets,Return on Assets,TTM Net Income,LT Investments & Debt,Return on Investment,revenue,cost-goods-sold,gross-profit,research-development-expenses,selling-general-administrative-expenses,operating-expenses,operating-income,total-non-operating-income-expense,pre-tax-income,total-provision-income-taxes,income-after-taxes,income-from-continuous-operations,net-income,ebitda,ebit,basic-shares-outstanding,shares-outstanding,eps-basic-net-earnings-per-share,eps-earnings-per-share-diluted,cash-on-hand,inventory,other-current-assets,total-current-assets,net-property-plant-equipment,long-term-investments,goodwill-intangible-assets-total,other-long-term-assets,total-long-term-assets,total-assets,total-current-liabilities,long-term-debt,other-non-current-liabilities,total-long-term-liabilities,total-liabilities,common-stock-net,retained-earnings-accumulated-deficit,comprehensive-income,total-share-holder-equity,total-liabilities-share-holders-equity,net-income-loss,total-depreciation-amortization-cash-flow,other-non-cash-items,total-non-cash-items,change-in-accounts-receivable,change-in-inventories,change-in-accounts-payable,change-in-assets-liabilities,total-change-in-assets-liabilities,cash-flow-from-operating-activities,net-change-in-property-plant-equipment,net-change-in-intangible-assets,net-acquisitions-divestitures,net-change-in-short-term-investments,net-change-in-long-term-investments,net-change-in-investments-total,investing-activities-other,cash-flow-from-investing-activities,net-long-term-debt,net-current-debt,debt-issuance-retirement-net-total,net-common-equity-issued-repurchased,net-total-equity-issued-repurchased,total-common-preferred-stock-dividends-paid,financial-activities-other,cash-flow-from-financial-activities,net-cash-flow,stock-based-compensation,common-stock-dividends-paid
0,2018-09-30,63.05,$53.63,1.18,$53.22,1.18,$16.98,3.71,$3.91,16.14,$3.04B,$6.73B,0.45,$0.40B,$1.82B,0.22,$1.86B,$0.18B,9.65%,$1.86B,$0.17B,9.22%,$1.86B,$0.17B,9.22%,$1.86B,$0.20B,11.00%,$1.86B,$0.14B,7.49%,$1.86B,$0.14B,7.39%,$0.14B,$1.82B,7.59%,$0.14B,$1.55B,8.91%,$0.14B,$9.28B,1.51%,$0.17B,$2.22B,7.76%,$499,$444,$55,$0,$0,$446,$53,$-8,$45,$5,$41,$41,$41,$63,$53,$34,35,$1.20,$1.17,$119,$0,$0,$3036,$0,$4891,$272,$907,$6244,$9280,$6726,$397,$317,$736,$7462,$45,$916,$-58,$1818,$9280,$107,$23,$-23,$0,$-149,$0,$196,$67,$123,$231,$-36,$0,$16,$-47,$-151,$-198,$-15,$-233,$0,$0,$0,$-30,$-30,$-28,$1,$-57,$-58,$14,$-28
1,2018-06-30,58.15,$52.83,1.1,$51.57,1.13,$18.08,3.22,$0.96,60.43,$2.96B,$6.50B,0.46,$0.40B,$1.80B,0.22,$1.80B,$0.07B,3.96%,$1.80B,$0.06B,3.34%,$1.80B,$0.06B,3.34%,$1.80B,$0.09B,5.07%,$1.80B,$0.03B,1.56%,$1.80B,$0.04B,1.95%,$0.04B,$1.80B,1.94%,$0.04B,$1.52B,2.28%,$0.04B,$9.11B,0.39%,$0.06B,$2.19B,2.73%,$463,$397,$67,$0,$0,$398,$65,$-8,$57,$15,$42,$42,$42,$73,$65,$34,35,$1.23,$1.20,$127,$0,$0,$2956,$0,$4794,$273,$921,$6149,$9106,$6499,$397,$384,$809,$7309,$45,$884,$-54,$1797,$9106,$67,$14,$-5,$9,$-53,$0,$-41,$129,$50,$126,$-11,$0,$16,$-81,$-37,$-118,$-25,$-138,$0,$0,$0,$-19,$-19,$-19,$0,$-38,$-50,$11,$-19
2,2018-03-31,57.15,$52.87,1.08,$50.84,1.12,$15.53,3.68,$1.05,54.47,$2.96B,$6.58B,0.45,$0.40B,$1.79B,0.22,$1.78B,$0.07B,3.65%,$1.78B,$0.05B,2.97%,$1.78B,$0.05B,2.97%,$1.78B,$0.08B,4.66%,$1.78B,$0.02B,1.23%,$1.78B,$0.04B,2.19%,$0.04B,$1.79B,2.14%,$0.04B,$1.52B,2.49%,$0.04B,$9.14B,0.44%,$0.05B,$2.18B,2.38%,$437,$402,$35,$0,$0,$404,$33,$-8,$25,$0,$25,$25,$25,$39,$33,$34,35,$0.73,$0.71,$174,$0,$0,$2961,$0,$4858,$269,$890,$6181,$9141,$6580,$396,$354,$774,$7354,$45,$852,$-32,$1787,$9141,$25,$6,$9,$15,$1,$0,$41,$68,$114,$154,$-6,$0,$16,$-166,$24,$-143,$5,$-129,$0,$0,$0,$-19,$-19,$-9,$0,$-28,$-3,$5,$-9
3,2017-12-31,53.11,$61.48,0.86,$50.29,1.06,$10.12,5.25,$1.37,38.65,$2.87B,$6.30B,0.46,$0.40B,$1.82B,0.22,$1.77B,$0.08B,4.68%,$1.77B,$0.07B,3.89%,$1.77B,$0.07B,3.89%,$1.77B,$0.10B,5.69%,$1.77B,$0.04B,2.25%,$1.77B,$0.05B,2.87%,$0.05B,$1.82B,2.77%,$0.05B,$1.56B,3.23%,$0.05B,$8.76B,0.60%,$0.07B,$2.22B,3.09%,$456,$434,$22,$0,$0,$436,$20,$-7,$12,$-17,$29,$29,$29,$29,$20,$34,35,$0.86,$0.89,$177,$0,$0,$2870,$0,$4766,$258,$709,$5894,$8764,$6301,$396,$216,$644,$6944,$40,$977,$97,$1820,$8764,$50,$34,$-92,$-59,$-603,$0,$800,$-15,$173,$165,$-31,$0,$-105,$307,$-214,$93,$-79,$-121,$125,$0,$125,$-45,$-45,$-33,$1,$48,$91,$12,$-33
4,2017-09-30,52.74,$53.01,1.0,$48.83,1.08,$10.55,5.0,$1.48,35.68,$3.02B,$6.56B,0.46,$0.40B,$1.81B,0.22,$1.72B,$0.12B,6.79%,$1.72B,$0.10B,5.86%,$1.72B,$0.10B,5.86%,$1.72B,$0.13B,7.66%,$1.72B,$0.08B,4.35%,$1.72B,$0.06B,3.19%,$0.06B,$1.81B,3.00%,$0.06B,$1.55B,3.48%,$0.06B,$9.06B,0.68%,$0.10B,$2.20B,4.58%,$439,$493,$-53,$0,$0,$498,$-58,$-8,$-66,$-5,$-61,$-61,$-61,$-50,$-58,$34,34,$-1.78,$-1.78,$236,$0,$0,$3017,$0,$4831,$261,$781,$6042,$9058,$6557,$396,$244,$693,$7250,$40,$956,$97,$1808,$9058,$21,$24,$-58,$-33,$-691,$0,$990,$-39,$264,$252,$-20,$0,$-105,$291,$-264,$28,$-68,$-166,$125,$0,$125,$-37,$-37,$-25,$1,$64,$150,$11,$-25
5,2017-06-30,51.74,$54.48,0.95,$47.88,1.08,$7.33,7.06,$4.82,10.74,$2.41B,$5.67B,0.42,$0.40B,$1.89B,0.21,$1.70B,$0.24B,14.29%,$1.70B,$0.23B,13.29%,$1.70B,$0.23B,13.29%,$1.70B,$0.26B,15.23%,$1.70B,$0.20B,11.93%,$1.70B,$0.17B,10.05%,$0.17B,$1.89B,9.36%,$0.17B,$1.63B,10.78%,$0.17B,$8.24B,2.23%,$0.23B,$2.29B,10.36%,$451,$390,$61,$0,$0,$393,$58,$-7,$51,$5,$46,$46,$46,$65,$58,$35,36,$1.32,$1.29,$215,$0,$0,$2407,$0,$4647,$261,$763,$5834,$8241,$5670,$396,$232,$680,$6349,$40,$1026,$80,$1891,$8241,$83,$16,$-47,$-32,$-104,$0,$133,$-49,$-14,$37,$-10,$0,$-105,$310,$-156,$154,$-54,$-15,$125,$0,$125,$-3,$-3,$-17,$1,$106,$129,$8,$-17
6,2017-03-31,57.63,$52.90,1.09,$46.10,1.25,$6.81,8.46,$4.40,13.1,$2.28B,$5.48B,0.42,$0.40B,$1.84B,0.22,$1.63B,$0.23B,14.20%,$1.63B,$0.21B,13.04%,$1.63B,$0.21B,13.04%,$1.63B,$0.25B,15.06%,$1.63B,$0.19B,11.75%,$1.63B,$0.16B,9.55%,$0.16B,$1.84B,8.72%,$0.16B,$1.58B,10.01%,$0.16B,$8.02B,2.12%,$0.21B,$2.23B,10.04%,$428,$375,$53,$0,$0,$380,$49,$-6,$43,$6,$37,$37,$37,$57,$49,$35,36,$1.06,$1.03,$191,$0,$0,$2275,$0,$4587,$259,$742,$5744,$8020,$5484,$396,$254,$701,$6185,$40,$988,$62,$1835,$8020,$37,$8,$-10,$-2,$23,$0,$-68,$-27,$-72,$-37,$-5,$0,$-83,$126,$1,$127,$-14,$25,$125,$0,$125,$0,$0,$-8,$0,$117,$105,$5,$-8
7,2016-12-31,55.8,$51.94,1.07,$44.40,1.26,$9.23,6.04,$4.14,13.48,$1.94B,$4.98B,0.39,$0.31B,$1.79B,0.17,$1.58B,$0.22B,14.15%,$1.58B,$0.20B,12.82%,$1.58B,$0.20B,12.82%,$1.58B,$0.24B,15.04%,$1.58B,$0.18B,11.55%,$1.58B,$0.15B,9.33%,$0.15B,$1.79B,8.37%,$0.15B,$1.57B,9.58%,$0.15B,$7.21B,2.09%,$0.20B,$2.11B,9.76%,$405,$349,$56,$0,$0,$353,$52,$-5,$47,$14,$33,$33,$33,$60,$52,$35,35,$0.94,$0.92,$86,$0,$0,$1935,$0,$4341,$220,$570,$5270,$7205,$4980,$312,$88,$433,$5412,$40,$960,$48,$1793,$7205,$147,$35,$-31,$4,$-318,$0,$384,$-54,$31,$182,$-32,$0,$0,$-194,$162,$-32,$-81,$-145,$0,$0,$0,$-47,$-47,$-27,$1,$-73,$-36,$20,$-27
8,2016-09-30,47.61,$51.87,0.92,$43.32,1.1,$12.33,3.86,$4.35,10.95,$1.91B,$4.85B,0.39,$0.31B,$1.79B,0.18,$1.54B,$0.22B,14.51%,$1.54B,$0.20B,12.89%,$1.54B,$0.20B,12.89%,$1.54B,$0.23B,15.16%,$1.54B,$0.18B,11.59%,$1.54B,$0.16B,10.04%,$0.16B,$1.79B,8.98%,$0.16B,$1.57B,10.32%,$0.16B,$7.18B,2.25%,$0.20B,$2.10B,9.77%,$417,$344,$73,$0,$0,$350,$67,$-5,$62,$7,$55,$55,$55,$77,$67,$35,35,$1.60,$1.57,$124,$0,$0,$1910,$0,$4336,$221,$567,$5271,$7181,$4851,$312,$181,$542,$5393,$40,$934,$71,$1788,$7181,$114,$27,$-20,$7,$-256,$0,$316,$-50,$30,$151,$-27,$0,$92,$-79,$-9,$-88,$-61,$-83,$0,$0,$0,$-45,$-45,$-20,$1,$-65,$2,$11,$-20
9,2016-06-30,43.62,$50.37,0.87,$42.08,1.04,$14.76,2.96,$3.76,11.59,$1.84B,$4.77B,0.39,$0.31B,$1.74B,0.18,$1.51B,$0.20B,13.27%,$1.51B,$0.17B,11.48%,$1.51B,$0.17B,11.48%,$1.51B,$0.21B,13.87%,$1.51B,$0.15B,10.15%,$1.51B,$0.14B,8.96%,$0.14B,$1.74B,7.99%,$0.14B,$1.52B,9.22%,$0.14B,$6.96B,2.00%,$0.17B,$2.05B,8.64%,$384,$334,$50,$0,$0,$340,$45,$-5,$40,$9,$31,$31,$31,$52,$45,$35,35,$0.90,$0.87,$121,$0,$0,$1840,$0,$4179,$223,$575,$5121,$6961,$4772,$312,$92,$449,$5221,$40,$885,$69,$1740,$6961,$59,$18,$6,$24,$-185,$0,$172,$-47,$-51,$32,$-23,$0,$0,$-14,$125,$112,$-69,$20,$0,$0,$0,$-40,$-40,$-13,$0,$-53,$-1,$6,$-13
10,2016-03-31,43.66,$48.78,0.9,$41.71,1.05,$16.73,2.61,$3.67,11.9,$1.73B,$4.67B,0.37,$0.31B,$1.71B,0.18,$1.50B,$0.19B,12.93%,$1.50B,$0.17B,11.13%,$1.50B,$0.17B,11.13%,$1.50B,$0.21B,13.80%,$1.50B,$0.15B,9.87%,$1.50B,$0.13B,8.80%,$0.13B,$1.71B,7.90%,$0.13B,$1.48B,9.14%,$0.13B,$6.82B,1.98%,$0.17B,$2.02B,8.41%,$370,$326,$44,$0,$0,$332,$38,$-5,$33,$5,$28,$28,$28,$48,$38,$35,36,$0.79,$0.77,$123,$0,$0,$1732,$0,$4148,$224,$579,$5088,$6820,$4669,$312,$102,$446,$5114,$37,$1007,$40,$1705,$6820,$28,$10,$11,$22,$-72,$0,$76,$-5,$2,$51,$-7,$0,$2,$-55,$87,$32,$-53,$-26,$0,$0,$0,$-19,$-19,$-6,$0,$-25,$1,$3,$-6
11,2015-12-31,45.35,$51.95,0.87,$41.74,1.09,$15.75,2.88,$4.51,10.05,$1.66B,$4.53B,0.37,$0.31B,$1.67B,0.19,$1.51B,$0.22B,14.74%,$1.51B,$0.20B,13.01%,$1.51B,$0.20B,13.01%,$1.51B,$0.24B,15.60%,$1.51B,$0.18B,11.75%,$1.51B,$0.16B,10.82%,$0.16B,$1.67B,9.82%,$0.16B,$1.44B,11.38%,$0.16B,$6.63B,2.49%,$0.20B,$1.98B,9.92%,$373,$317,$57,$0,$0,$325,$49,$-5,$44,$3,$41,$41,$41,$57,$49,$35,36,$1.17,$1.15,$122,$0,$0,$1659,$0,$4137,$226,$472,$4967,$6626,$4534,$312,$88,$423,$4958,$37,$986,$12,$1668,$6626,$163,$39,$11,$49,$-183,$0,$258,$-7,$71,$283,$-19,$0,$0,$46,$-145,$-99,$-76,$-194,$0,$0,$0,$-30,$-30,$-23,$2,$-51,$41,$29,$-23
12,2015-09-30,42.75,$46.54,0.92,$43.06,0.99,$10.91,3.92,$5.01,8.53,$1.62B,$4.54B,0.36,$0.32B,$1.64B,0.19,$1.56B,$0.28B,17.65%,$1.56B,$0.24B,15.09%,$1.56B,$0.24B,15.09%,$1.56B,$0.28B,17.65%,$1.56B,$0.21B,13.62%,$1.56B,$0.18B,11.64%,$0.18B,$1.64B,11.00%,$0.18B,$1.42B,12.77%,$0.18B,$6.63B,2.81%,$0.24B,$1.96B,11.97%,$380,$331,$49,$0,$0,$339,$41,$-5,$36,$1,$35,$35,$35,$52,$41,$35,36,$1.00,$0.98,$96,$0,$0,$1618,$0,$4154,$227,$488,$5010,$6628,$4536,$317,$101,$451,$4986,$37,$950,$24,$1642,$6628,$122,$31,$9,$40,$-162,$0,$255,$-17,$74,$236,$-22,$0,$0,$-70,$-35,$-105,$-49,$-176,$0,$0,$0,$-30,$-30,$-17,$2,$-45,$15,$21,$-17
13,2015-06-30,41.93,$47.24,0.89,$42.64,0.98,$6.19,6.77,$5.25,7.99,$1.58B,$4.41B,0.36,$0.32B,$1.67B,0.19,$1.56B,$0.28B,17.98%,$1.56B,$0.25B,15.93%,$1.56B,$0.25B,15.93%,$1.56B,$0.29B,18.43%,$1.56B,$0.23B,14.45%,$1.56B,$0.19B,12.33%,$0.19B,$1.67B,11.63%,$0.19B,$1.44B,13.52%,$0.19B,$6.54B,2.99%,$0.25B,$1.99B,12.60%,$377,$333,$44,$0,$0,$338,$39,$-5,$35,$7,$28,$28,$28,$50,$39,$35,36,$0.79,$0.77,$107,$0,$0,$1581,$0,$4103,$229,$493,$4963,$6544,$4414,$317,$104,$461,$4875,$37,$921,$77,$1669,$6544,$87,$20,$-7,$13,$-120,$0,$124,$-17,$-5,$95,$-14,$0,$46,$-48,$25,$-23,$-41,$-32,$0,$0,$0,$-25,$-25,$-11,$-1,$-37,$26,$13,$-11
14,2015-03-31,37.61,$47.02,0.8,$42.30,0.89,$2.82,13.33,$5.52,6.82,$1.45B,$4.25B,0.34,$0.32B,$1.66B,0.19,$1.56B,$0.29B,18.39%,$1.56B,$0.26B,16.66%,$1.56B,$0.26B,16.66%,$1.56B,$0.29B,18.91%,$1.56B,$0.24B,15.11%,$1.56B,$0.20B,13.05%,$0.20B,$1.66B,12.36%,$0.20B,$1.43B,14.41%,$0.20B,$6.38B,3.18%,$0.26B,$1.98B,13.19%,$376,$304,$72,$0,$0,$309,$67,$-5,$62,$4,$59,$59,$59,$76,$67,$36,36,$1.65,$1.62,$89,$0,$0,$1452,$0,$4085,$231,$479,$4925,$6377,$4248,$317,$96,$467,$4714,$37,$898,$86,$1663,$6377,$59,$9,$-7,$2,$-13,$0,$-31,$3,$-33,$28,$-18,$0,$0,$4,$31,$34,$-14,$2,$0,$0,$0,$-17,$-17,$-6,$1,$-22,$8,$5,$-6
15,2014-12-31,37.66,$46.03,0.82,$41.53,0.91,$3.56,10.59,$4.97,7.58,$1.45B,$4.24B,0.34,$0.32B,$1.65B,0.19,$1.54B,$0.26B,17.09%,$1.54B,$0.24B,15.59%,$1.54B,$0.24B,15.59%,$1.54B,$0.28B,17.93%,$1.54B,$0.22B,14.04%,$1.54B,$0.18B,11.96%,$0.18B,$1.65B,11.32%,$0.18B,$1.42B,13.24%,$0.18B,$6.36B,2.88%,$0.24B,$1.96B,12.30%,$431,$321,$111,$0,$0,$343,$89,$-8,$80,$21,$60,$60,$60,$98,$89,$36,37,$1.65,$1.62,$81,$0,$0,$1447,$0,$4120,$231,$434,$4910,$6356,$4237,$317,$104,$473,$4710,$34,$969,$108,$1647,$6356,$183,$37,$-44,$-6,$257,$0,$-308,$24,$-47,$131,$-39,$0,$33,$75,$-36,$40,$-155,$-121,$-0,$0,$-0,$-51,$-69,$-18,$5,$-82,$-76,$20,$-18
16,2014-09-30,34.05,$45.27,0.75,$40.32,0.84,$0.40,84.68,$4.58,7.44,$1.50B,$4.30B,0.35,$0.32B,$1.63B,0.2,$1.51B,$0.23B,15.39%,$1.51B,$0.22B,14.73%,$1.51B,$0.22B,14.73%,$1.51B,$0.26B,17.17%,$1.51B,$0.20B,13.41%,$1.51B,$0.17B,11.36%,$0.17B,$1.63B,10.72%,$0.17B,$1.39B,12.59%,$0.17B,$6.39B,2.66%,$0.22B,$1.94B,11.52%,$373,$320,$53,$0,$0,$320,$53,$-5,$48,$4,$45,$45,$45,$63,$53,$36,37,$1.24,$1.22,$73,$0,$0,$1502,$0,$4134,$236,$387,$4887,$6389,$4297,$317,$92,$464,$4762,$34,$914,$137,$1627,$6389,$124,$28,$-6,$21,$214,$0,$-267,$15,$-73,$72,$-27,$0,$0,$-17,$5,$-12,$-48,$-87,$-0,$0,$-0,$-41,$-59,$-13,$3,$-69,$-84,$13,$-13
17,2014-06-30,34.48,$45.13,0.76,$39.59,0.87,$-1.39,0.0,$4.17,8.27,$1.58B,$4.30B,0.37,$0.34B,$1.63B,0.21,$1.51B,$0.22B,14.82%,$1.51B,$0.21B,13.82%,$1.51B,$0.21B,13.82%,$1.51B,$0.25B,16.28%,$1.51B,$0.19B,12.49%,$1.51B,$0.16B,10.50%,$0.16B,$1.63B,10.00%,$0.16B,$1.40B,11.79%,$0.16B,$6.42B,2.42%,$0.21B,$1.97B,10.85%,$375,$325,$50,$0,$0,$325,$50,$-5,$45,$6,$39,$39,$39,$57,$50,$36,37,$1.06,$1.04,$136,$0,$0,$1582,$0,$4071,$237,$405,$4839,$6421,$4299,$337,$106,$489,$4788,$34,$874,$174,$1633,$6421,$79,$18,$-14,$4,$169,$0,$-279,$17,$-106,$-24,$-19,$0,$0,$29,$57,$86,$-28,$40,$0,$0,$0,$-31,$-31,$-9,$2,$-38,$-21,$11,$-9
18,2014-03-31,30.81,$43.32,0.71,$38.80,0.79,$-3.05,0.0,$3.94,7.82,$1.51B,$4.35B,0.35,$0.34B,$1.60B,0.21,$1.49B,$0.23B,15.13%,$1.49B,$0.21B,13.79%,$1.49B,$0.21B,13.79%,$1.49B,$0.25B,16.40%,$1.49B,$0.19B,12.45%,$1.49B,$0.15B,10.11%,$0.15B,$1.60B,9.78%,$0.15B,$1.36B,11.58%,$0.15B,$6.43B,2.30%,$0.21B,$1.93B,10.95%,$360,$311,$49,$0,$0,$312,$48,$-5,$43,$3,$40,$40,$40,$58,$48,$37,38,$1.09,$1.08,$150,$0,$0,$1509,$0,$4144,$239,$423,$4922,$6431,$4349,$337,$116,$488,$4837,$34,$840,$149,$1595,$6431,$40,$10,$-6,$5,$261,$0,$-234,$-13,$-1,$44,$-6,$0,$5,$-45,$39,$-6,$-38,$-45,$0,$0,$0,$-4,$-4,$-4,$1,$-7,$-8,$4,$-4
19,2013-12-31,31.14,$46.61,0.67,$37.92,0.82,$-6.30,0.0,$3.70,8.41,$1.77B,$4.53B,0.39,$0.34B,$1.56B,0.22,$1.48B,$0.23B,15.24%,$1.48B,$0.20B,13.55%,$1.48B,$0.20B,13.55%,$1.48B,$0.24B,16.19%,$1.48B,$0.18B,12.26%,$1.48B,$0.14B,9.76%,$0.14B,$1.56B,9.40%,$0.14B,$1.32B,11.16%,$0.14B,$6.59B,2.18%,$0.20B,$1.90B,10.70%,$406,$324,$81,$0,$5,$334,$72,$-5,$67,$19,$48,$48,$48,$82,$72,$37,39,$1.29,$1.24,$157,$0,$0,$1769,$0,$4105,$240,$363,$4822,$6591,$4530,$337,$127,$498,$5028,$34,$804,$148,$1563,$6591,$143,$40,$-44,$-5,$87,$0,$-212,$-31,$-139,$-0,$-26,$0,$8,$-145,$338,$192,$-53,$121,$0,$0,$0,$-47,$-47,$-16,$3,$-60,$62,$23,$-16
20,2013-09-30,28.64,$41.24,0.69,$36.99,0.77,$-5.72,0.0,$2.33,12.3,$1.84B,$4.65B,0.4,$0.34B,$1.53B,0.22,$1.42B,$0.15B,10.60%,$1.42B,$0.13B,9.40%,$1.42B,$0.13B,9.40%,$1.42B,$0.17B,12.08%,$1.42B,$0.11B,7.77%,$1.42B,$0.09B,6.43%,$0.09B,$1.53B,5.99%,$0.09B,$1.29B,7.13%,$0.09B,$6.65B,1.37%,$0.13B,$1.87B,7.16%,$364,$321,$43,$0,$5,$326,$38,$-5,$33,$2,$31,$31,$31,$48,$38,$37,39,$0.83,$0.81,$142,$0,$0,$1841,$0,$4076,$241,$378,$4810,$6651,$4653,$337,$103,$471,$5123,$34,$761,$152,$1527,$6651,$95,$29,$-7,$21,$-4,$0,$-79,$-35,$-120,$-3,$-19,$0,$6,$-76,$261,$185,$-73,$99,$0,$0,$0,$-40,$-40,$-12,$2,$-50,$46,$18,$-12
21,2013-06-30,28.2,$40.05,0.7,$36.33,0.78,$-4.22,0.0,$1.86,15.13,$1.81B,$4.62B,0.39,$0.34B,$1.49B,0.23,$1.40B,$0.14B,9.89%,$1.40B,$0.12B,8.52%,$1.40B,$0.12B,8.52%,$1.40B,$0.16B,11.32%,$1.40B,$0.10B,6.81%,$1.40B,$0.07B,5.23%,$0.07B,$1.49B,4.79%,$0.07B,$1.25B,5.70%,$0.07B,$6.58B,1.10%,$0.12B,$1.83B,6.30%,$364,$311,$53,$0,$5,$316,$48,$-5,$43,$11,$32,$32,$32,$57,$48,$38,39,$0.85,$0.81,$102,$0,$0,$1809,$0,$4013,$243,$399,$4766,$6575,$4620,$337,$98,$464,$5084,$34,$734,$136,$1491,$6575,$64,$19,$0,$19,$-18,$0,$-138,$-27,$-179,$-96,$-13,$0,$0,$-49,$233,$184,$-31,$140,$0,$0,$0,$-31,$-31,$-8,$2,$-37,$6,$15,$-8
22,2013-03-31,25.02,$40.94,0.61,$34.96,0.72,$-2.61,0.0,$1.65,15.14,$1.71B,$4.57B,0.37,$0.34B,$1.55B,0.22,$1.35B,$0.12B,9.04%,$1.35B,$0.10B,7.56%,$1.35B,$0.10B,7.56%,$1.35B,$0.14B,10.30%,$1.35B,$0.08B,5.70%,$1.35B,$0.07B,4.81%,$0.07B,$1.55B,4.27%,$0.07B,$1.30B,5.08%,$0.07B,$6.60B,0.99%,$0.10B,$1.88B,5.41%,$342,$294,$48,$0,$5,$299,$42,$-5,$38,$5,$33,$33,$33,$52,$42,$38,39,$0.86,$0.83,$91,$0,$0,$1711,$0,$4160,$244,$387,$4891,$6603,$4571,$337,$91,$485,$5056,$32,$805,$203,$1547,$6603,$33,$10,$2,$12,$77,$0,$-179,$-26,$-129,$-84,$-4,$0,$5,$-5,$130,$125,$-31,$95,$0,$0,$0,$-13,$-13,$-4,$1,$-15,$-5,$9,$-4
23,2012-12-31,20.23,$43.66,0.46,$34.21,0.59,$-0.74,0.0,$1.30,15.56,$1.79B,$4.71B,0.38,$0.34B,$1.51B,0.22,$1.33B,$0.12B,8.64%,$1.33B,$0.09B,7.06%,$1.33B,$0.09B,7.06%,$1.33B,$0.13B,9.69%,$1.33B,$0.07B,5.03%,$1.33B,$0.05B,3.91%,$0.05B,$1.51B,3.44%,$0.05B,$1.27B,4.10%,$0.05B,$6.69B,0.80%,$0.09B,$1.85B,5.03%,$345,$339,$6,$0,$7,$341,$5,$-9,$-4,$1,$-5,$-5,$-5,$14,$5,$36,36,$0.03,$0.02,$96,$0,$0,$1791,$0,$4231,$245,$323,$4898,$6689,$4705,$337,$89,$470,$5175,$31,$776,$190,$1514,$6689,$52,$37,$-8,$29,$25,$0,$-67,$-7,$-51,$31,$-34,$0,$3,$59,$5,$64,$-36,$-4,$139,$0,$139,$-44,$-161,$-12,$1,$-34,$-7,$11,$-12
24,2012-09-30,19.44,$40.12,0.48,$32.34,0.6,$-1.46,0.0,$1.46,13.34,$1.58B,$4.51B,0.35,$0.46B,$1.54B,0.3,$1.31B,$0.13B,9.66%,$1.31B,$0.10B,7.89%,$1.31B,$0.10B,7.89%,$1.31B,$0.14B,10.57%,$1.31B,$0.08B,6.05%,$1.31B,$0.06B,4.44%,$0.06B,$1.54B,3.86%,$0.06B,$1.30B,4.62%,$0.06B,$6.65B,0.90%,$0.10B,$2.00B,5.57%,$345,$314,$31,$0,$7,$321,$24,$-6,$18,$4,$13,$13,$13,$35,$24,$39,39,$0.35,$0.34,$143,$0,$0,$1583,$0,$4374,$242,$343,$5066,$6650,$4509,$455,$94,$599,$5108,$31,$784,$204,$1542,$6650,$57,$28,$-8,$20,$35,$0,$-29,$-9,$-14,$64,$-27,$0,$1,$-79,$22,$-57,$-31,$-113,$139,$0,$139,$-39,$-39,$-9,$1,$92,$42,$8,$-9
25,2012-06-30,17.5,$38.37,0.46,$30.94,0.57,$-1.30,0.0,$0.83,21.08,$1.51B,$4.42B,0.34,$0.31B,$1.49B,0.21,$1.27B,$0.10B,7.82%,$1.27B,$0.08B,6.40%,$1.27B,$0.08B,6.40%,$1.27B,$0.11B,8.93%,$1.27B,$0.06B,4.50%,$1.27B,$0.03B,2.69%,$0.03B,$1.49B,2.29%,$0.03B,$1.25B,2.75%,$0.03B,$6.35B,0.53%,$0.08B,$1.81B,4.52%,$318,$281,$37,$0,$7,$288,$31,$-6,$25,$1,$24,$24,$24,$38,$31,$39,40,$0.61,$0.60,$76,$0,$0,$1506,$0,$4157,$245,$335,$4842,$6347,$4415,$312,$94,$439,$4854,$31,$773,$158,$1493,$6347,$44,$16,$-2,$14,$46,$0,$-120,$-1,$-86,$-28,$-19,$0,$0,$-3,$86,$83,$-25,$38,$0,$0,$0,$-28,$-28,$-6,$0,$-34,$-25,$4,$-6
26,2012-03-31,17.78,$37.83,0.47,$30.91,0.58,$-0.20,0.0,$0.76,23.26,$1.42B,$4.38B,0.33,$0.31B,$1.51B,0.21,$1.28B,$0.10B,7.71%,$1.28B,$0.09B,6.70%,$1.28B,$0.09B,6.70%,$1.28B,$0.12B,9.19%,$1.28B,$0.06B,4.91%,$1.28B,$0.03B,2.49%,$0.03B,$1.51B,2.14%,$0.03B,$1.26B,2.56%,$0.03B,$6.34B,0.50%,$0.09B,$1.82B,4.76%,$323,$282,$41,$0,$7,$289,$34,$-6,$28,$9,$20,$20,$20,$42,$34,$40,41,$0.49,$0.48,$90,$0,$0,$1424,$0,$4218,$246,$350,$4916,$6340,$4382,$312,$104,$451,$4834,$31,$752,$175,$1506,$6340,$20,$8,$-6,$3,$136,$0,$-160,$0,$-28,$-6,$-9,$0,$2,$16,$8,$25,$-11,$7,$0,$0,$0,$-9,$-9,$-3,$0,$-12,$-12,$3,$-3
27,2011-12-31,17.17,$36.32,0.47,$29.99,0.57,$0.01,0.0,$-1.90,0.0,$1.57B,$4.49B,0.35,$0.31B,$1.46B,0.21,$1.26B,$-0.03B,-2.62%,$1.26B,$-0.04B,-3.10%,$1.26B,$-0.04B,-3.10%,$1.26B,$-0.01B,-0.72%,$1.26B,$-0.06B,-4.93%,$1.26B,$-0.08B,-6.52%,$-0.08B,$1.46B,-5.47%,$-0.08B,$1.22B,-6.55%,$-0.08B,$6.38B,-1.27%,$-0.04B,$1.78B,-2.15%,$319,$302,$17,$0,$3,$305,$14,$-6,$8,$7,$1,$1,$1,$23,$14,$42,42,$0.00,$0.01,$103,$0,$0,$1567,$0,$4178,$247,$285,$4811,$6378,$4488,$312,$97,$427,$4915,$31,$736,$140,$1463,$6378,$-82,$31,$-33,$-3,$54,$0,$24,$-5,$67,$-18,$-17,$0,$0,$78,$116,$194,$-75,$102,$0,$0,$0,$-50,$-50,$-13,$1,$-62,$19,$5,$-13
28,2011-09-30,16.75,$30.63,0.55,$29.24,0.57,$0.43,39.03,$-1.65,0.0,$1.59B,$4.62B,0.34,$0.31B,$1.47B,0.21,$1.26B,$-0.02B,-1.59%,$1.26B,$-0.02B,-1.83%,$1.26B,$-0.02B,-1.75%,$1.26B,$0.00B,0.40%,$1.26B,$-0.05B,-3.59%,$1.26B,$-0.07B,-5.26%,$-0.07B,$1.47B,-4.29%,$-0.07B,$1.22B,-5.11%,$-0.07B,$6.50B,-1.02%,$-0.02B,$1.78B,-1.24%,$306,$302,$4,$0,$3,$305,$2,$-6,$-4,$7,$-11,$-11,$-11,$10,$2,$42,42,$-0.26,$-0.26,$120,$0,$0,$1586,$0,$4212,$246,$323,$4917,$6503,$4624,$312,$91,$412,$5036,$31,$754,$114,$1466,$6503,$-83,$22,$-25,$-3,$55,$0,$113,$-15,$142,$56,$-11,$0,$-1,$21,$75,$96,$-55,$30,$0,$0,$0,$-36,$-36,$-10,$1,$-45,$36,$3,$-10
29,2011-06-30,17.47,$32.37,0.54,$29.18,0.6,$-0.27,0.0,$-0.86,0.0,$1.50B,$4.53B,0.33,$0.31B,$1.55B,0.2,$1.28B,$0.01B,1.01%,$1.28B,$0.01B,0.94%,$1.28B,$0.01B,1.01%,$1.28B,$0.04B,3.20%,$1.28B,$-0.01B,-0.78%,$1.28B,$-0.03B,-2.50%,$-0.03B,$1.55B,-2.01%,$-0.03B,$1.30B,-2.38%,$-0.03B,$6.51B,-0.49%,$0.01B,$1.86B,0.63%,$336,$300,$37,$0,$0,$300,$36,$-6,$31,$9,$22,$22,$22,$43,$36,$42,42,$0.52,$0.51,$49,$0,$0,$1496,$0,$4332,$247,$303,$5017,$6514,$4527,$312,$107,$438,$4965,$31,$769,$165,$1549,$6514,$-73,$13,$-26,$-13,$72,$0,$47,$-22,$88,$2,$-6,$0,$0,$-8,$55,$47,$-51,$-10,$0,$0,$0,$-21,$-21,$-7,$1,$-27,$-35,$1,$-7
30,2011-03-31,19.34,$31.79,0.61,$29.06,0.67,$-1.34,0.0,$-0.83,0.0,$1.47B,$4.41B,0.33,$0.31B,$1.52B,0.21,$1.31B,$0.01B,1.07%,$1.31B,$0.01B,1.07%,$1.31B,$0.02B,1.15%,$1.31B,$0.04B,3.36%,$1.31B,$-0.01B,-0.69%,$1.31B,$-0.03B,-2.14%,$-0.03B,$1.52B,-1.74%,$-0.03B,$1.27B,-2.05%,$-0.03B,$6.34B,-0.43%,$0.01B,$1.83B,0.73%,$297,$389,$-91,$0,$0,$389,$-91,$-5,$-97,$-3,$-94,$-94,$-94,$-85,$-91,$42,42,$-2.23,$-2.23,$105,$0,$0,$1467,$0,$4216,$248,$272,$4869,$6336,$4406,$312,$92,$409,$4815,$31,$750,$156,$1520,$6336,$-94,$6,$-4,$2,$156,$0,$-42,$-20,$87,$-6,$-2,$0,$0,$-16,$80,$64,$-13,$49,$0,$0,$0,$-18,$-18,$-3,$1,$-21,$22,$1,$-3
31,2010-12-31,21.85,$38.16,0.57,$29.90,0.73,$-2.11,0.0,$1.79,12.21,$1.59B,$4.45B,0.36,$0.31B,$1.63B,0.19,$1.38B,$0.15B,10.48%,$1.38B,$0.15B,10.48%,$1.38B,$0.15B,10.56%,$1.38B,$0.18B,12.73%,$1.38B,$0.12B,8.82%,$1.38B,$0.09B,6.29%,$0.09B,$1.63B,5.32%,$0.09B,$1.38B,6.27%,$0.09B,$6.49B,1.32%,$0.15B,$1.94B,7.45%,$317,$286,$31,$0,$0,$286,$31,$-6,$25,$8,$17,$17,$17,$37,$31,$45,46,$0.39,$0.39,$84,$0,$0,$1594,$0,$4249,$249,$257,$4895,$6489,$4448,$312,$92,$414,$4862,$31,$848,$148,$1626,$6489,$87,$31,$-30,$1,$256,$0,$-370,$20,$-91,$-3,$-15,$0,$0,$63,$186,$249,$-50,$184,$0,$0,$0,$-105,$-105,$-14,$4,$-115,$65,$10,$-14
32,2010-09-30,20.21,$35.18,0.57,$31.27,0.65,$4.20,4.82,$2.37,8.54,$1.63B,$4.55B,0.36,$0.31B,$1.68B,0.19,$1.46B,$0.17B,11.80%,$1.46B,$0.17B,11.80%,$1.46B,$0.17B,11.80%,$1.46B,$0.20B,13.58%,$1.46B,$0.15B,10.15%,$1.46B,$0.11B,7.61%,$0.11B,$1.68B,6.80%,$0.11B,$1.43B,8.02%,$0.11B,$6.68B,1.65%,$0.17B,$1.99B,8.85%,$333,$296,$37,$0,$0,$296,$37,$-6,$31,$8,$23,$23,$23,$46,$37,$45,46,$0.51,$0.50,$66,$0,$0,$1632,$0,$4373,$245,$266,$5044,$6676,$4549,$312,$117,$451,$5001,$31,$838,$174,$1675,$6676,$70,$24,$-26,$-2,$199,$0,$-246,$5,$-38,$30,$-12,$0,$0,$-6,$146,$140,$-34,$94,$0,$0,$0,$-66,$-66,$-11,$1,$-76,$48,$7,$-11
33,2010-06-30,17.72,$34.23,0.52,$32.03,0.55,$9.28,1.91,$2.45,7.24,$1.65B,$4.55B,0.36,$0.31B,$1.63B,0.19,$1.51B,$0.18B,11.89%,$1.51B,$0.18B,11.89%,$1.51B,$0.18B,11.89%,$1.51B,$0.20B,13.55%,$1.51B,$0.15B,10.23%,$1.51B,$0.12B,7.70%,$0.12B,$1.63B,7.22%,$0.12B,$1.38B,8.54%,$0.12B,$6.63B,1.72%,$0.18B,$1.94B,9.33%,$362,$325,$38,$0,$0,$325,$38,$-6,$32,$6,$26,$26,$26,$46,$38,$46,46,$0.57,$0.56,$70,$0,$0,$1648,$0,$4290,$247,$278,$4981,$6629,$4552,$312,$134,$450,$5002,$31,$819,$114,$1628,$6629,$47,$16,$-15,$1,$183,$0,$-276,$-7,$-94,$-46,$-7,$0,$0,$77,$58,$135,$-1,$126,$0,$15,$15,$-37,$-37,$-7,$1,$-28,$52,$4,$-7
34,2010-03-31,18.81,$33.91,0.55,$32.78,0.57,$14.39,1.31,$2.35,8.01,$1.59B,$4.58B,0.35,$0.31B,$1.61B,0.19,$1.55B,$0.18B,11.37%,$1.55B,$0.18B,11.37%,$1.55B,$0.18B,11.37%,$1.55B,$0.20B,13.05%,$1.55B,$0.15B,9.37%,$1.55B,$0.11B,7.24%,$0.11B,$1.61B,7.16%,$0.11B,$1.36B,8.52%,$0.11B,$6.63B,1.64%,$0.18B,$1.92B,9.38%,$372,$333,$40,$0,$0,$333,$40,$-6,$34,$13,$21,$21,$21,$47,$40,$47,47,$0.44,$0.44,$40,$0,$0,$1586,$0,$4321,$248,$301,$5046,$6632,$4577,$312,$133,$446,$5022,$31,$796,$113,$1610,$6632,$21,$8,$-11,$-3,$214,$0,$-235,$-45,$-58,$-41,$-4,$0,$0,$171,$-49,$122,$-22,$95,$0,$0,$0,$-30,$-30,$-4,$0,$-33,$21,$2,$-4
35,2009-12-31,16.74,$34.05,0.49,$32.75,0.51,$15.63,1.07,$2.49,6.73,$1.79B,$4.85B,0.37,$0.31B,$1.62B,0.19,$1.55B,$0.17B,11.25%,$1.55B,$0.17B,11.25%,$1.55B,$0.17B,11.25%,$1.55B,$0.20B,12.68%,$1.55B,$0.14B,9.18%,$1.55B,$0.12B,7.63%,$0.12B,$1.62B,7.83%,$0.12B,$1.37B,9.39%,$0.12B,$6.90B,1.74%,$0.17B,$1.93B,9.56%,$391,$334,$57,$0,$0,$334,$57,$-6,$51,$10,$41,$41,$41,$59,$57,$47,47,$0.88,$0.87,$18,$0,$0,$1786,$0,$4365,$249,$305,$5111,$6897,$4854,$311,$117,$428,$5282,$31,$779,$107,$1615,$6897,$118,$22,$29,$51,$-227,$0,$306,$65,$133,$302,$-23,$0,$0,$86,$-272,$-187,$-31,$-241,$0,$-51,$-51,$0,$0,$0,$3,$-48,$13,$8,$0
36,2009-09-30,19.35,$33.19,0.58,$31.70,0.61,$12.02,1.61,$1.87,10.34,$1.70B,$4.80B,0.35,$0.31B,$1.57B,0.2,$1.50B,$0.14B,9.43%,$1.50B,$0.14B,9.43%,$1.50B,$0.14B,9.43%,$1.50B,$0.17B,11.23%,$1.50B,$0.11B,7.55%,$1.50B,$0.09B,5.95%,$0.09B,$1.57B,6.17%,$0.09B,$1.32B,7.49%,$0.09B,$6.82B,1.34%,$0.14B,$1.89B,8.04%,$381,$337,$44,$0,$0,$337,$44,$-6,$37,$10,$28,$28,$28,$52,$44,$47,47,$0.58,$0.58,$17,$0,$0,$1696,$0,$4347,$250,$305,$5125,$6821,$4798,$311,$138,$450,$5248,$31,$738,$108,$1573,$6821,$77,$20,$14,$34,$-142,$0,$265,$42,$157,$268,$-9,$0,$0,$-80,$-96,$-176,$-23,$-207,$0,$-51,$-51,$0,$0,$0,$3,$-48,$12,$7,$0
37,2009-06-30,16.22,$30.89,0.52,$31.16,0.52,$9.01,1.8,$1.10,14.77,$1.99B,$5.01B,0.4,$0.31B,$1.46B,0.21,$1.47B,$0.10B,7.03%,$1.47B,$0.10B,7.03%,$1.47B,$0.10B,7.03%,$1.47B,$0.13B,8.53%,$1.47B,$0.07B,4.77%,$1.47B,$0.05B,3.55%,$0.05B,$1.46B,3.75%,$0.05B,$1.21B,4.59%,$0.05B,$6.92B,0.79%,$0.10B,$1.77B,6.07%,$404,$369,$35,$0,$0,$369,$35,$-13,$23,$1,$22,$22,$22,$44,$35,$47,47,$0.46,$0.46,$27,$0,$0,$1988,$0,$4109,$251,$324,$4932,$6920,$5006,$311,$143,$455,$5461,$31,$711,$24,$1459,$6920,$49,$12,$13,$25,$-178,$0,$265,$37,$118,$192,$-6,$0,$0,$-138,$99,$-39,$-75,$-120,$0,$-51,$-51,$0,$0,$0,$0,$-51,$22,$4,$0
38,2009-03-31,17.31,$29.36,0.59,$28.94,0.6,$4.07,4.25,$1.12,15.41,$1.57B,$4.58B,0.34,$0.31B,$1.38B,0.23,$1.36B,$0.11B,7.86%,$1.36B,$0.11B,7.86%,$1.36B,$0.11B,7.86%,$1.36B,$0.12B,9.11%,$1.36B,$0.08B,5.66%,$1.36B,$0.05B,3.89%,$0.05B,$1.38B,3.86%,$0.05B,$1.13B,4.72%,$0.05B,$6.48B,0.83%,$0.11B,$1.70B,6.36%,$370,$331,$38,$0,$0,$331,$38,$-7,$31,$4,$27,$27,$27,$41,$38,$47,47,$0.58,$0.58,$11,$0,$0,$1573,$0,$4085,$258,$328,$4907,$6480,$4575,$311,$209,$520,$5095,$31,$682,$-20,$1384,$6480,$27,$3,$10,$13,$-26,$0,$46,$-37,$-22,$18,$-3,$0,$0,$-49,$24,$-25,$7,$-21,$0,$9,$9,$0,$0,$0,$0,$9,$6,$2,$0
39,2008-12-31,19.49,$28.73,0.68,$26.56,0.73,$2.50,7.78,$1.33,14.62,$1.54B,$4.61B,0.33,$0.31B,$1.35B,0.23,$1.25B,$0.12B,9.37%,$1.25B,$0.12B,9.37%,$1.25B,$0.12B,9.37%,$1.25B,$0.13B,10.73%,$1.25B,$0.09B,6.97%,$1.25B,$0.06B,5.04%,$0.06B,$1.35B,4.56%,$0.06B,$1.10B,5.38%,$0.06B,$6.38B,1.05%,$0.12B,$1.66B,6.91%,$341,$316,$24,$0,$0,$316,$24,$-2,$22,$10,$12,$12,$12,$31,$24,$47,47,$0.26,$0.26,$5,$0,$0,$1538,$0,$4030,$258,$328,$4843,$6382,$4610,$311,$105,$418,$5029,$31,$655,$-22,$1353,$6382,$63,$17,$32,$49,$-139,$0,$211,$-60,$6,$119,$-10,$0,$-237,$365,$-213,$152,$-21,$-115,$0,$-8,$-8,$-5,$-5,$0,$2,$-12,$-9,$7,$0
40,2008-09-30,21.17,$28.67,0.74,$26.05,0.81,$4.25,4.98,$1.58,13.39,$1.52B,$4.61B,0.33,$0.31B,$1.35B,0.23,$1.17B,$0.15B,12.36%,$1.17B,$0.15B,12.36%,$1.17B,$0.15B,12.36%,$1.17B,$0.16B,13.38%,$1.17B,$0.11B,8.95%,$1.17B,$0.08B,6.39%,$0.08B,$1.35B,5.40%,$0.08B,$1.11B,6.17%,$0.08B,$6.47B,1.32%,$0.15B,$1.66B,8.52%,$351,$346,$6,$0,$0,$346,$6,$-12,$-6,$2,$-9,$-9,$-9,$9,$6,$47,47,$-0.19,$-0.19,$51,$0,$0,$1524,$0,$4036,$245,$395,$4946,$6470,$4614,$311,$195,$506,$5121,$31,$643,$-11,$1350,$6470,$51,$10,$19,$29,$-199,$0,$308,$-56,$43,$123,$-8,$0,$-230,$207,$-63,$144,$-50,$-144,$0,$17,$17,$-4,$-4,$0,$-0,$13,$-9,$6,$0
41,2008-06-30,19.28,$29.81,0.65,$24.69,0.78,$5.04,3.82,$3.53,5.46,$1.39B,$4.40B,0.32,$0.31B,$1.40B,0.22,$1.08B,$0.16B,14.52%,$1.08B,$0.16B,14.52%,$1.08B,$0.16B,14.52%,$1.08B,$0.17B,15.54%,$1.08B,$0.12B,11.38%,$1.08B,$0.16B,14.62%,$0.16B,$1.40B,11.38%,$0.16B,$1.17B,12.65%,$0.16B,$6.23B,2.95%,$0.16B,$1.71B,9.24%,$299,$260,$39,$0,$0,$260,$39,$-9,$30,$7,$23,$23,$23,$43,$39,$47,47,$0.49,$0.49,$19,$0,$0,$1394,$0,$3962,$232,$423,$4840,$6234,$4404,$311,$116,$427,$4832,$31,$652,$35,$1402,$6234,$60,$6,$4,$11,$-102,$0,$73,$-69,$-113,$-42,$-4,$0,$-199,$352,$-39,$313,$-10,$100,$0,$-48,$-48,$-4,$-4,$0,$-0,$-52,$5,$4,$0
42,2008-03-31,20.41,$30.29,0.67,$25.38,0.8,$8.16,2.5,$1.87,10.92,$0.96B,$3.17B,0.3,$0.31B,$1.42B,0.22,$1.02B,$0.15B,14.84%,$1.02B,$0.15B,14.84%,$1.02B,$0.15B,14.84%,$1.02B,$0.16B,15.82%,$1.02B,$0.12B,12.01%,$1.02B,$0.16B,15.23%,$0.16B,$1.42B,13.49%,$0.16B,$1.31B,14.51%,$0.16B,$4.98B,3.81%,$0.15B,$1.73B,10.62%,$258,$210,$48,$0,$0,$210,$48,$-7,$41,$4,$37,$37,$37,$51,$48,$47,47,$0.78,$0.78,$51,$0,$0,$962,$0,$3551,$113,$224,$4019,$4980,$3168,$311,$79,$390,$3557,$31,$629,$76,$1423,$4980,$37,$3,$-1,$1,$-64,$0,$-2,$-24,$-97,$-58,$-2,$0,$44,$70,$-38,$33,$-0,$74,$0,$0,$0,$0,$0,$0,$-0,$0,$17,$2,$0
43,2007-12-31,24.21,$29.50,0.82,$26.81,0.9,$10.95,2.21,$0.30,80.56,$0.85B,$3.10B,0.27,$0.31B,$1.39B,0.23,$1.00B,$0.15B,14.50%,$1.00B,$0.15B,14.50%,$1.00B,$0.15B,14.50%,$1.00B,$0.15B,15.40%,$1.00B,$0.12B,11.90%,$1.00B,$0.14B,14.40%,$0.14B,$1.39B,15.59%,$0.14B,$1.28B,16.55%,$0.14B,$5.12B,4.56%,$0.15B,$1.70B,12.47%,$265,$213,$52,$0,$0,$213,$52,$-12,$40,$16,$25,$25,$24,$54,$52,$39,39,$0.54,$0.53,$15,$0,$0,$849,$0,$3608,$106,$438,$4275,$5124,$3104,$311,$319,$635,$3739,$31,$592,$76,$1385,$5124,$144,$8,$-53,$-44,$-63,$0,$109,$13,$67,$166,$-7,$0,$10,$93,$-283,$-189,$-4,$-189,$0,$58,$58,$11,$11,$-57,$3,$16,$-8,$19,$-57
44,2007-09-30,25.0,$28.62,0.87,$37.35,0.67,$15.86,1.58,$-2.09,0.0,$0.98B,$3.30B,0.3,$0.31B,$1.34B,0.23,$1.32B,$0.14B,10.56%,$1.32B,$0.17B,12.69%,$1.32B,$0.17B,12.69%,$1.32B,$0.18B,13.45%,$1.32B,$0.15B,11.47%,$1.32B,$0.15B,11.70%,$0.15B,$1.34B,19.51%,$0.15B,$1.24B,20.92%,$0.15B,$5.10B,5.48%,$0.17B,$1.65B,16.93%,$259,$241,$18,$0,$0,$241,$18,$-6,$12,$5,$7,$7,$74,$20,$18,$42,42,$1.77,$1.76,$76,$0,$0,$978,$0,$3682,$106,$199,$4121,$5099,$3301,$311,$144,$455,$3756,$31,$569,$59,$1343,$5099,$120,$7,$-56,$-49,$-70,$0,$154,$-7,$70,$142,$-5,$0,$11,$57,$-192,$-135,$4,$-125,$0,$58,$58,$11,$11,$-57,$4,$16,$32,$18,$-57
45,2007-06-30,26.9,$42.84,0.63,$38.42,0.7,$19.28,1.4,$-3.46,0.0,$0.12B,$0.44B,0.27,$0.17B,$0.42B,0.4,$1.30B,$0.17B,13.24%,$1.30B,$0.20B,15.40%,$1.30B,$0.20B,15.40%,$1.30B,$0.21B,16.01%,$1.30B,$0.19B,14.32%,$1.30B,$0.11B,8.55%,$0.11B,$0.48B,19.06%,$0.11B,$0.48B,19.97%,$0.11B,$1.17B,5.79%,$0.20B,$0.64B,26.89%,$242,$208,$34,$0,$0,$208,$34,$-3,$30,$9,$21,$21,$21,$37,$34,$34,34,$0.62,$0.61,$12,$0,$0,$116,$0,$1013,$0,$39,$1053,$1169,$435,$167,$90,$258,$693,$73,$-525,$-1,$476,$1169,$46,$5,$8,$13,$-40,$0,$57,$7,$17,$76,$-3,$0,$0,$48,$-156,$-108,$0,$-111,$0,$0,$0,$10,$10,$-0,$4,$14,$-22,$17,$0
46,2007-03-31,27.89,$44.12,0.63,$33.67,0.83,$-10.34,0.0,$-2.22,0.0,$0.12B,$0.50B,0.24,$0.17B,$0.43B,0.39,$1.08B,$0.16B,14.51%,$1.08B,$0.17B,15.90%,$1.08B,$0.17B,15.90%,$1.08B,$0.18B,16.36%,$1.08B,$0.16B,14.60%,$1.08B,$0.09B,8.41%,$0.09B,$0.49B,15.43%,$0.09B,$0.49B,16.16%,$0.09B,$1.25B,4.48%,$0.17B,$0.66B,22.90%,$234,$194,$41,$0,$0,$194,$41,$-3,$37,$12,$25,$25,$25,$43,$41,$33,34,$0.76,$0.74,$9,$0,$0,$119,$0,$1084,$0,$50,$1135,$1253,$504,$167,$91,$259,$763,$73,$-512,$1,$490,$1253,$25,$2,$1,$4,$-36,$0,$39,$10,$23,$52,$-1,$0,$0,$34,$-101,$-68,$3,$-66,$0,$0,$0,$1,$1,$0,$0,$1,$-12,$3,$0
47,2006-12-31,30.05,$26.32,1.14,$34.44,0.87,$-24.27,0.0,$2.09,14.37,$0.77B,$2.71B,0.28,$0.14B,$0.85B,0.17,$0.94B,$0.18B,18.74%,$0.94B,$0.18B,18.74%,$0.94B,$0.18B,18.74%,$0.94B,$0.18B,19.06%,$0.94B,$0.16B,17.36%,$0.94B,$0.11B,11.29%,$0.11B,$0.85B,17.87%,$0.11B,$0.74B,18.71%,$0.11B,$3.72B,4.84%,$0.18B,$0.99B,23.33%,$581,$535,$46,$0,$0,$506,$74,$-2,$72,$41,$32,$32,$34,$77,$74,$31,34,$-1.35,$-1.36,$44,$0,$0,$770,$0,$2534,$106,$169,$2951,$3722,$2709,$144,$20,$165,$2874,$21,$506,$39,$848,$3722,$106,$11,$-7,$3,$10,$0,$166,$7,$190,$299,$2,$0,$0,$70,$-371,$-301,$-2,$-301,$0,$0,$0,$7,$7,$-1,$2,$8,$6,$9,$0
