,Date,Stock Price,Book Value per Share,Price to Book Ratio,TTM Sales per Share,Price to Sales Ratio,TTM FCF per Share,Price to FCF Ratio,TTM Net EPS,PE Ratio,Current Assets,Current Liabilities,Current Ratio,Long Term Debt,Shareholder's Equity_x,Debt to Equity Ratio,TTM Revenue_x,TTM Gross Profit,Gross Margin,TTM Revenue_y,TTM Operating Income,Operating Margin,TTM Revenue_x,TTM EBIT,EBIT Margin,TTM Revenue_y,TTM EBITDA,EBITDA Margin,TTM Revenue_x,TTM Pre-Tax Income,Pre-Tax Margin,TTM Revenue_y,TTM Net Income_x,Net Margin,TTM Net Income_y,Shareholder's Equity_y,Return on Equity,TTM Net Income_x,Tangible Equity,Return on Tangible Equity,TTM Net Income_y,Total Assets,Return on Assets,TTM Net Income,LT Investments & Debt,Return on Investment,revenue,cost-goods-sold,gross-profit,research-development-expenses,selling-general-administrative-expenses,operating-expenses,operating-income,total-non-operating-income-expense,pre-tax-income,total-provision-income-taxes,income-after-taxes,income-from-continuous-operations,net-income,ebitda,ebit,basic-shares-outstanding,shares-outstanding,eps-basic-net-earnings-per-share,eps-earnings-per-share-diluted,cash-on-hand,inventory,other-current-assets,total-current-assets,net-property-plant-equipment,long-term-investments,goodwill-intangible-assets-total,other-long-term-assets,total-long-term-assets,total-assets,total-current-liabilities,long-term-debt,other-non-current-liabilities,total-long-term-liabilities,total-liabilities,common-stock-net,retained-earnings-accumulated-deficit,comprehensive-income,total-share-holder-equity,total-liabilities-share-holders-equity,net-income-loss,total-depreciation-amortization-cash-flow,other-non-cash-items,total-non-cash-items,change-in-accounts-receivable,change-in-inventories,change-in-accounts-payable,change-in-assets-liabilities,total-change-in-assets-liabilities,cash-flow-from-operating-activities,net-change-in-property-plant-equipment,net-change-in-intangible-assets,net-acquisitions-divestitures,net-change-in-short-term-investments,net-change-in-long-term-investments,net-change-in-investments-total,investing-activities-other,cash-flow-from-investing-activities,net-long-term-debt,net-current-debt,debt-issuance-retirement-net-total,net-common-equity-issued-repurchased,net-total-equity-issued-repurchased,total-common-preferred-stock-dividends-paid,financial-activities-other,cash-flow-from-financial-activities,net-cash-flow,stock-based-compensation,common-stock-dividends-paid
0,2018-09-30,18.87,$18.83,1.0,$2.32,8.13,$5.13,3.68,$1.49,12.66,$3.82B,$0.08B,48.06,$0.37B,$2.52B,0.15,$0.28B,$0.25B,87.86%,$0.28B,$0.22B,80.00%,$0.28B,$0.22B,80.00%,$0.28B,$0.16B,55.71%,$0.28B,$0.21B,73.93%,$0.28B,$0.18B,64.64%,$0.18B,$2.52B,7.79%,$0.18B,$2.52B,7.79%,$0.18B,$4.97B,3.96%,$0.22B,$2.89B,7.84%,$77,$10,$68,$0,$6,$15,$62,$0,$62,$0,$62,$62,$55,$49,$62,$129,154,$0.42,$0.40,$99,$0,$0,$3823,$0,$0,$0,$1152,$1152,$4974,$80,$370,$2006,$2377,$2456,$1,$-114,$0,$2518,$4974,$167,$-38,$15,$-22,$0,$0,$0,$69,$77,$221,$0,$0,$0,$0,$-1590,$-1590,$683,$-907,$641,$0,$641,$276,$276,$-197,$-12,$708,$22,$7,$-177
1,2018-06-30,18.28,$19.04,0.96,$2.48,7.36,$4.76,3.84,$1.63,11.21,$3.80B,$0.08B,46.69,$0.59B,$2.34B,0.25,$0.27B,$0.24B,87.96%,$0.27B,$0.22B,80.29%,$0.27B,$0.22B,80.29%,$0.27B,$0.16B,58.03%,$0.27B,$0.21B,77.74%,$0.27B,$0.18B,66.79%,$0.18B,$2.34B,8.25%,$0.18B,$2.34B,8.25%,$0.18B,$4.98B,4.24%,$0.22B,$2.93B,7.11%,$71,$9,$62,$0,$6,$15,$56,$-1,$55,$0,$55,$55,$49,$44,$56,$123,125,$0.39,$0.39,$76,$0,$0,$3801,$0,$0,$0,$1180,$1180,$4981,$81,$587,$1970,$2557,$2638,$1,$-107,$0,$2343,$4981,$105,$-25,$9,$-16,$0,$0,$0,$72,$83,$172,$0,$0,$0,$0,$-1477,$-1477,$525,$-953,$644,$0,$644,$276,$276,$-128,$-12,$780,$-1,$3,$-115
2,2018-03-31,17.54,$19.09,0.92,$2.56,6.86,$4.12,4.26,$1.52,11.54,$3.13B,$0.07B,42.65,$0.59B,$2.35B,0.25,$0.27B,$0.23B,87.92%,$0.27B,$0.21B,80.38%,$0.27B,$0.21B,80.38%,$0.27B,$0.16B,60.75%,$0.27B,$0.19B,73.21%,$0.27B,$0.16B,60.75%,$0.16B,$2.35B,7.40%,$0.16B,$2.35B,7.40%,$0.16B,$4.24B,4.00%,$0.21B,$2.93B,6.45%,$63,$8,$55,$0,$5,$13,$50,$-1,$49,$0,$49,$49,$43,$37,$50,$110,112,$0.38,$0.38,$98,$0,$0,$3128,$0,$0,$0,$1115,$1115,$4242,$73,$586,$1235,$1821,$1895,$1,$-98,$0,$2348,$4242,$49,$-13,$-2,$-16,$0,$0,$0,$52,$54,$88,$0,$0,$0,$0,$-489,$-489,$334,$-155,$-122,$0,$-122,$276,$276,$-64,$-2,$87,$21,$-1,$-57
3,2017-12-31,17.55,$19.49,0.9,$2.61,6.71,$3.61,4.87,$1.55,11.32,$2.73B,$0.07B,38.52,$0.59B,$2.09B,0.28,$0.26B,$0.23B,87.69%,$0.26B,$0.21B,80.00%,$0.26B,$0.21B,80.00%,$0.26B,$0.17B,63.85%,$0.26B,$0.19B,73.85%,$0.26B,$0.16B,60.00%,$0.16B,$2.09B,7.54%,$0.16B,$2.09B,7.54%,$0.16B,$4.09B,3.99%,$0.21B,$2.67B,5.98%,$69,$8,$61,$0,$5,$13,$56,$-15,$41,$0,$41,$41,$34,$26,$56,$100,101,$0.31,$0.31,$78,$0,$0,$2731,$0,$0,$0,$1357,$1357,$4089,$71,$585,$1345,$1930,$2000,$1,$-83,$0,$2088,$4089,$193,$-41,$17,$-24,$-4,$0,$0,$-7,$-14,$155,$0,$0,$0,$0,$-1362,$-1362,$642,$-721,$537,$0,$537,$280,$280,$-337,$-100,$380,$-186,$11,$-184
4,2017-09-30,16.81,$19.89,0.84,$2.66,6.31,$24.27,0.69,$1.83,9.18,$2.58B,$0.01B,291.27,$1.75B,$2.10B,0.84,$0.25B,$0.21B,87.35%,$0.25B,$0.20B,79.59%,$0.25B,$0.20B,79.59%,$0.25B,$0.18B,73.88%,$0.25B,$0.21B,85.71%,$0.25B,$0.17B,70.20%,$0.17B,$2.10B,8.47%,$0.17B,$2.10B,8.47%,$0.17B,$3.93B,4.57%,$0.20B,$3.85B,5.81%,$71,$8,$63,$0,$5,$13,$58,$10,$68,$0,$68,$68,$57,$52,$58,$105,107,$0.54,$0.54,$332,$0,$0,$2578,$0,$0,$0,$1355,$1355,$3933,$9,$1751,$76,$1827,$1835,$1,$-67,$0,$2098,$3933,$152,$-11,$9,$-2,$0,$0,$0,$-28,$-36,$113,$0,$0,$0,$0,$-558,$-558,$49,$-509,$367,$0,$367,$249,$249,$-249,$-94,$272,$-123,$8,$-136
5,2017-06-30,16.79,$20.51,0.82,$2.73,6.16,$44.54,0.38,$2.12,7.92,$2.59B,$0.01B,209.47,$1.58B,$2.16B,0.73,$0.23B,$0.20B,87.22%,$0.23B,$0.18B,77.53%,$0.23B,$0.18B,77.53%,$0.23B,$0.17B,73.13%,$0.23B,$0.21B,93.39%,$0.23B,$0.18B,77.53%,$0.18B,$2.16B,9.06%,$0.18B,$2.16B,9.06%,$0.18B,$3.83B,4.92%,$0.18B,$3.75B,5.59%,$62,$8,$54,$0,$5,$13,$49,$-13,$36,$0,$36,$36,$27,$46,$49,$95,97,$0.28,$0.28,$526,$0,$0,$2586,$0,$0,$0,$1240,$1240,$3827,$12,$1582,$70,$1651,$1664,$1,$-75,$0,$2163,$3827,$83,$-5,$15,$10,$0,$0,$0,$-17,$-22,$71,$0,$0,$0,$0,$-244,$-244,$-64,$-308,$191,$0,$191,$249,$249,$-104,$-91,$245,$8,$5,$-86
6,2017-03-31,16.62,$21.05,0.79,$2.77,6.0,$44.46,0.37,$1.90,8.75,$2.58B,$0.01B,298.58,$1.73B,$1.93B,0.9,$0.21B,$0.19B,87.74%,$0.21B,$0.16B,77.36%,$0.21B,$0.16B,77.36%,$0.21B,$0.16B,73.11%,$0.21B,$0.19B,87.74%,$0.21B,$0.15B,72.17%,$0.15B,$1.93B,8.82%,$0.15B,$1.93B,8.82%,$0.15B,$3.81B,4.54%,$0.16B,$3.66B,5.63%,$58,$7,$50,$0,$6,$13,$45,$3,$47,$0,$47,$47,$38,$42,$45,$92,93,$0.41,$0.41,$605,$0,$0,$2583,$0,$0,$0,$1225,$1225,$3809,$9,$1728,$143,$1871,$1880,$1,$-53,$-4,$1929,$3809,$47,$-2,$-1,$-3,$0,$0,$0,$-11,$-19,$26,$0,$0,$0,$0,$-306,$-306,$-69,$-375,$341,$0,$341,$0,$0,$-52,$-5,$284,$-66,$1,$-43
7,2016-12-31,14.33,$21.14,0.68,$2.83,5.06,$44.38,0.32,$1.67,8.58,$2.38B,$0.07B,34.55,$0.25B,$1.93B,0.13,$0.20B,$0.18B,88.56%,$0.20B,$0.15B,75.62%,$0.20B,$0.15B,75.62%,$0.20B,$0.15B,72.14%,$0.20B,$0.16B,78.61%,$0.20B,$0.13B,63.68%,$0.13B,$1.93B,8.04%,$0.13B,$1.93B,8.04%,$0.13B,$3.48B,4.09%,$0.15B,$2.18B,5.69%,$54,$7,$47,$0,$4,$11,$43,$16,$59,$0,$59,$59,$50,$41,$43,$72,73,$0.67,$0.67,$741,$0,$0,$2383,$0,$0,$0,$1100,$1100,$3483,$69,$250,$1232,$1482,$1551,$1,$-48,$-4,$1932,$3483,$158,$-6,$-1,$-7,$-28,$0,$0,$4,$-32,$119,$1508,$0,$0,$0,$-813,$-813,$376,$1072,$-1034,$0,$-1034,$178,$178,$-160,$-9,$-1025,$166,$4,$-132
8,2016-09-30,13.73,$21.61,0.64,$2.83,4.85,$23.67,0.58,$1.39,9.88,$2.26B,$0.03B,85.59,$1.26B,$1.75B,0.72,$0.19B,$0.17B,88.95%,$0.19B,$0.14B,75.79%,$0.19B,$0.14B,75.79%,$0.19B,$0.14B,71.58%,$0.19B,$0.13B,66.32%,$0.19B,$0.10B,52.11%,$0.10B,$1.75B,6.81%,$0.10B,$1.75B,6.81%,$0.10B,$3.20B,3.37%,$0.14B,$3.01B,5.22%,$53,$6,$47,$0,$8,$14,$39,$31,$70,$0,$70,$70,$61,$37,$39,$72,73,$0.83,$0.83,$812,$0,$0,$2257,$0,$0,$0,$942,$942,$3199,$26,$1263,$163,$1426,$1452,$1,$-55,$-3,$1747,$3199,$99,$-4,$13,$8,$0,$0,$0,$-17,$-28,$80,$1474,$0,$0,$0,$-274,$-274,$220,$1420,$-1159,$0,$-1159,$0,$0,$-113,$-8,$-1280,$219,$3,$-95
9,2016-06-30,13.11,$19.76,0.66,$2.75,4.77,$3.38,3.88,$0.95,13.8,$2.01B,$0.03B,81.93,$1.47B,$1.33B,1.1,$0.18B,$0.16B,89.20%,$0.18B,$0.14B,77.84%,$0.18B,$0.14B,77.84%,$0.18B,$0.13B,73.86%,$0.18B,$0.08B,46.59%,$0.18B,$0.06B,35.23%,$0.06B,$1.33B,4.55%,$0.06B,$1.33B,4.55%,$0.06B,$2.98B,2.24%,$0.14B,$2.80B,5.27%,$47,$5,$42,$0,$5,$10,$37,$-26,$10,$0,$10,$10,$4,$35,$37,$67,68,$0.06,$0.06,$710,$0,$0,$2008,$0,$0,$0,$971,$971,$2979,$25,$1467,$156,$1623,$1648,$1,$-78,$-3,$1332,$2979,$29,$-2,$42,$40,$0,$0,$0,$-26,$-24,$45,$0,$0,$0,$0,$-349,$-349,$92,$-257,$299,$0,$299,$0,$0,$-76,$-3,$220,$9,$1,$-63
10,2016-03-31,12.92,$20.14,0.64,$2.62,4.94,$3.41,3.79,$1.28,10.1,$1.90B,$0.01B,221.96,$1.33B,$1.36B,0.98,$0.16B,$0.14B,88.89%,$0.16B,$0.13B,78.40%,$0.16B,$0.13B,78.40%,$0.16B,$0.12B,74.07%,$0.16B,$0.10B,59.88%,$0.16B,$0.08B,50.00%,$0.08B,$1.36B,6.28%,$0.08B,$1.36B,6.28%,$0.08B,$2.86B,3.11%,$0.13B,$2.69B,5.20%,$47,$5,$42,$0,$8,$13,$33,$-15,$19,$0,$19,$19,$13,$32,$33,$67,68,$0.18,$0.18,$704,$0,$0,$1900,$0,$0,$0,$956,$956,$2856,$9,$1332,$159,$1491,$1499,$1,$-51,$-2,$1357,$2856,$19,$-1,$14,$13,$0,$0,$0,$-17,$-18,$14,$0,$0,$0,$0,$-199,$-199,$16,$-183,$166,$0,$166,$0,$0,$-39,$-2,$125,$-44,$-1,$-32
11,2015-12-31,13.28,$20.47,0.65,$2.50,5.31,$3.56,3.74,$1.57,8.46,$1.76B,$0.01B,189.82,$1.17B,$1.38B,0.85,$0.14B,$0.13B,88.19%,$0.14B,$0.12B,81.25%,$0.14B,$0.12B,81.25%,$0.14B,$0.11B,75.69%,$0.14B,$0.10B,72.22%,$0.14B,$0.09B,63.89%,$0.09B,$1.38B,7.59%,$0.09B,$1.38B,7.59%,$0.09B,$2.71B,3.83%,$0.12B,$2.54B,5.23%,$43,$5,$38,$0,$3,$8,$35,$-8,$27,$0,$27,$27,$21,$32,$35,$59,59,$0.29,$0.29,$744,$0,$0,$1755,$0,$0,$0,$957,$957,$2713,$9,$1167,$161,$1328,$1337,$1,$-32,$-3,$1375,$2713,$103,$-8,$20,$12,$-30,$0,$0,$2,$-27,$88,$0,$0,$0,$0,$-1296,$-1296,$505,$-791,$304,$0,$304,$342,$539,$-108,$-5,$730,$27,$4,$-101
12,2015-09-30,11.8,$20.62,0.57,$2.39,4.94,$3.60,3.27,$1.68,7.02,$1.64B,$0.01B,350.62,$0.98B,$1.38B,0.71,$0.13B,$0.11B,88.28%,$0.13B,$0.10B,81.25%,$0.13B,$0.10B,81.25%,$0.13B,$0.10B,77.34%,$0.13B,$0.10B,77.34%,$0.13B,$0.09B,71.09%,$0.09B,$1.38B,8.41%,$0.09B,$1.38B,8.41%,$0.09B,$2.53B,4.17%,$0.10B,$2.37B,5.12%,$39,$4,$35,$0,$2,$6,$32,$-7,$26,$0,$26,$26,$24,$31,$32,$59,60,$0.39,$0.39,$717,$0,$0,$1637,$0,$0,$0,$883,$891,$2528,$5,$983,$156,$1139,$1143,$1,$-22,$-3,$1384,$2528,$76,$-6,$14,$9,$0,$0,$0,$-19,$-23,$62,$0,$0,$0,$17,$-939,$-921,$185,$-737,$113,$0,$113,$343,$343,$-77,$26,$406,$-20,$3,$-71
13,2015-06-30,12.0,$17.88,0.67,$2.31,5.2,$3.43,3.5,$1.66,7.23,$1.47B,$0.01B,178.54,$1.13B,$1.05B,1.08,$0.12B,$0.10B,87.07%,$0.12B,$0.09B,81.03%,$0.12B,$0.09B,81.03%,$0.12B,$0.09B,76.72%,$0.12B,$0.09B,79.31%,$0.12B,$0.08B,72.41%,$0.08B,$1.05B,8.84%,$0.08B,$1.05B,8.84%,$0.08B,$2.33B,4.21%,$0.09B,$2.17B,5.08%,$33,$4,$29,$0,$2,$6,$27,$-2,$25,$0,$25,$25,$23,$25,$27,$58,59,$0.39,$0.39,$757,$0,$0,$1473,$0,$0,$0,$851,$860,$2333,$8,$1126,$155,$1280,$1289,$1,$-16,$-3,$1045,$2333,$50,$-4,$5,$1,$0,$0,$0,$-11,$-11,$40,$0,$0,$0,$17,$-522,$-505,$45,$-460,$256,$0,$256,$193,$193,$-49,$27,$428,$8,$2,$-45
14,2015-03-31,12.23,$17.92,0.68,$2.30,5.31,$3.37,3.63,$1.78,6.87,$1.32B,$0.00B,398.01,$0.82B,$1.05B,0.79,$0.11B,$0.09B,86.92%,$0.11B,$0.09B,80.37%,$0.11B,$0.09B,80.37%,$0.11B,$0.08B,77.57%,$0.11B,$0.09B,85.05%,$0.11B,$0.08B,77.57%,$0.08B,$1.05B,9.20%,$0.08B,$1.05B,9.20%,$0.08B,$2.02B,4.61%,$0.09B,$1.87B,5.16%,$29,$3,$25,$0,$2,$6,$23,$3,$26,$0,$26,$26,$24,$21,$23,$50,50,$0.47,$0.47,$745,$0,$0,$1321,$0,$0,$0,$692,$701,$2022,$3,$822,$150,$973,$976,$1,$-13,$-3,$1046,$2022,$26,$-1,$5,$3,$0,$0,$0,$-7,$-11,$17,$0,$0,$0,$17,$-186,$-169,$-2,$-172,$-47,$0,$-47,$193,$193,$-21,$28,$153,$-1,$1,$-19
15,2014-12-31,11.35,$18.23,0.62,$2.26,5.03,$3.33,3.41,$1.73,6.56,$1.23B,$0.01B,162.87,$0.87B,$0.86B,1.02,$0.10B,$0.09B,87.63%,$0.10B,$0.08B,80.41%,$0.10B,$0.08B,80.41%,$0.10B,$0.08B,79.38%,$0.10B,$0.08B,85.57%,$0.10B,$0.08B,77.32%,$0.08B,$0.86B,9.23%,$0.08B,$0.86B,9.23%,$0.08B,$1.85B,4.84%,$0.08B,$1.72B,5.38%,$27,$3,$24,$0,$2,$5,$22,$0,$22,$0,$22,$22,$20,$22,$22,$43,44,$0.42,$0.42,$765,$0,$0,$1234,$0,$0,$0,$603,$611,$1845,$8,$869,$114,$983,$990,$0,$-10,$-3,$855,$1845,$83,$-2,$-20,$-22,$0,$0,$0,$1,$6,$67,$0,$0,$0,$0,$-1177,$-1177,$291,$-887,$677,$0,$677,$159,$159,$-75,$89,$840,$21,$1,$-68
16,2014-09-30,10.65,$18.26,0.58,$2.20,4.85,$3.08,3.45,$1.67,6.38,$1.15B,$0.00B,318.54,$0.78B,$0.86B,0.92,$0.09B,$0.08B,86.67%,$0.09B,$0.07B,78.89%,$0.09B,$0.07B,78.89%,$0.09B,$0.07B,76.67%,$0.09B,$0.08B,85.56%,$0.09B,$0.07B,76.67%,$0.07B,$0.86B,8.97%,$0.07B,$0.86B,8.97%,$0.07B,$1.78B,5.25%,$0.07B,$1.64B,5.73%,$27,$3,$23,$0,$1,$5,$22,$-3,$19,$0,$19,$19,$17,$21,$22,$47,47,$0.37,$0.37,$760,$0,$0,$1147,$0,$0,$0,$627,$636,$1783,$4,$784,$140,$924,$927,$0,$-12,$-1,$856,$1783,$61,$-2,$-20,$-22,$0,$0,$0,$1,$2,$40,$0,$0,$0,$0,$-886,$-886,$108,$-779,$593,$0,$593,$159,$159,$-55,$80,$777,$39,$0,$-49
17,2014-06-30,10.9,$18.14,0.6,$2.14,5.11,$3.13,3.48,$1.59,6.86,$0.80B,$0.01B,152.18,$0.59B,$0.85B,0.69,$0.08B,$0.07B,86.59%,$0.08B,$0.06B,76.83%,$0.08B,$0.06B,76.83%,$0.08B,$0.06B,71.95%,$0.08B,$0.07B,86.59%,$0.08B,$0.06B,76.83%,$0.06B,$0.85B,8.68%,$0.06B,$0.85B,8.68%,$0.06B,$1.56B,5.69%,$0.06B,$1.44B,5.96%,$24,$3,$21,$0,$1,$4,$19,$5,$24,$0,$24,$24,$22,$19,$19,$43,43,$0.51,$0.51,$441,$0,$0,$800,$0,$0,$0,$749,$754,$1555,$5,$586,$114,$699,$705,$0,$-10,$-1,$850,$1555,$42,$-1,$-7,$-8,$0,$0,$0,$-10,$-7,$27,$0,$0,$0,$0,$-674,$-674,$95,$-580,$388,$0,$388,$159,$159,$-34,$83,$596,$43,$-0,$-30
18,2014-03-31,10.73,$18.53,0.58,$2.04,5.25,$3.12,3.44,$1.35,7.95,$0.53B,$0.00B,229.34,$0.31B,$0.69B,0.45,$0.08B,$0.07B,86.67%,$0.08B,$0.06B,76.00%,$0.08B,$0.06B,76.00%,$0.08B,$0.05B,70.67%,$0.08B,$0.06B,78.67%,$0.08B,$0.05B,68.00%,$0.05B,$0.69B,7.45%,$0.05B,$0.69B,7.45%,$0.05B,$1.02B,5.40%,$0.06B,$0.99B,6.22%,$19,$3,$17,$0,$1,$4,$15,$2,$18,$0,$18,$18,$16,$15,$15,$37,37,$0.42,$0.42,$333,$0,$0,$525,$0,$0,$0,$486,$491,$1016,$2,$306,$19,$325,$328,$0,$-13,$-1,$688,$1016,$18,$-0,$-6,$-6,$0,$0,$0,$-0,$-0,$11,$0,$0,$0,$0,$-24,$-24,$33,$8,$109,$0,$109,$0,$0,$-17,$-5,$87,$106,$-0,$-15
19,2013-12-31,10.24,$18.51,0.55,$2.08,4.91,$3.21,3.19,$1.26,8.13,$0.41B,$0.00B,153.68,$0.20B,$0.68B,0.3,$0.07B,$0.06B,86.30%,$0.07B,$0.06B,75.34%,$0.07B,$0.06B,75.34%,$0.07B,$0.05B,69.86%,$0.07B,$0.05B,72.60%,$0.07B,$0.05B,61.64%,$0.05B,$0.68B,6.56%,$0.05B,$0.68B,6.56%,$0.05B,$0.91B,4.89%,$0.06B,$0.89B,6.15%,$20,$3,$17,$0,$2,$5,$15,$1,$16,$0,$16,$16,$14,$14,$15,$35,36,$0.37,$0.37,$242,$0,$0,$409,$0,$0,$0,$498,$499,$908,$3,$202,$20,$222,$225,$0,$-14,$-1,$683,$908,$52,$-5,$6,$2,$0,$0,$0,$-9,$-8,$46,$0,$0,$0,$7,$-510,$-503,$338,$-166,$-23,$0,$-23,$149,$149,$-63,$-31,$31,$-89,$3,$-55
20,2013-09-30,9.39,$18.52,0.51,$2.07,4.54,$3.69,2.55,$1.15,8.17,$0.56B,$0.00B,324.26,$0.23B,$0.68B,0.33,$0.07B,$0.06B,86.15%,$0.07B,$0.05B,75.38%,$0.07B,$0.05B,75.38%,$0.07B,$0.04B,64.62%,$0.07B,$0.05B,70.77%,$0.07B,$0.04B,58.46%,$0.04B,$0.68B,5.83%,$0.04B,$0.68B,5.83%,$0.04B,$0.95B,4.27%,$0.05B,$0.91B,5.66%,$19,$3,$16,$0,$2,$4,$14,$-1,$13,$0,$13,$13,$11,$11,$14,$37,37,$0.29,$0.29,$391,$0,$0,$557,$0,$0,$0,$395,$395,$953,$2,$227,$41,$268,$270,$0,$-13,$-1,$683,$953,$37,$-4,$6,$2,$0,$0,$0,$-6,$-5,$34,$0,$0,$0,$7,$-317,$-310,$167,$-143,$2,$0,$2,$149,$149,$-46,$-17,$87,$-22,$2,$-41
21,2013-06-30,9.52,$18.60,0.51,$2.19,4.34,$4.34,2.19,$1.38,6.9,$0.54B,$0.00B,396.66,$0.19B,$0.69B,0.28,$0.06B,$0.05B,88.14%,$0.06B,$0.04B,74.58%,$0.06B,$0.04B,74.58%,$0.06B,$0.04B,69.49%,$0.06B,$0.05B,76.27%,$0.06B,$0.04B,64.41%,$0.04B,$0.69B,6.47%,$0.04B,$0.69B,6.47%,$0.04B,$0.90B,4.61%,$0.04B,$0.88B,5.46%,$17,$3,$15,$0,$1,$4,$13,$-1,$12,$0,$12,$12,$10,$13,$13,$37,37,$0.27,$0.27,$394,$0,$0,$542,$0,$0,$0,$355,$356,$898,$1,$191,$19,$211,$212,$0,$-9,$-1,$686,$898,$24,$-0,$2,$2,$0,$0,$0,$-3,$-3,$23,$0,$0,$0,$7,$-174,$-168,$109,$-59,$-34,$0,$-34,$149,$149,$-30,$-1,$84,$48,$0,$-26
22,2013-03-31,10.29,$18.75,0.55,$2.30,4.47,$4.45,2.31,$1.58,6.51,$0.64B,$0.00B,417.13,$0.21B,$0.69B,0.31,$0.05B,$0.05B,88.89%,$0.05B,$0.04B,72.22%,$0.05B,$0.04B,72.22%,$0.05B,$0.04B,68.52%,$0.05B,$0.04B,79.63%,$0.05B,$0.04B,70.37%,$0.04B,$0.69B,7.58%,$0.04B,$0.69B,7.58%,$0.04B,$0.92B,4.90%,$0.04B,$0.90B,5.14%,$17,$2,$15,$0,$2,$4,$13,$-1,$12,$0,$12,$12,$10,$13,$13,$30,30,$0.33,$0.33,$488,$0,$0,$636,$0,$0,$0,$287,$288,$924,$2,$212,$19,$231,$232,$0,$-4,$-0,$691,$924,$12,$0,$-0,$-0,$0,$0,$0,$0,$0,$12,$0,$0,$0,$7,$-91,$-85,$68,$-17,$-13,$0,$-13,$149,$149,$-13,$-1,$122,$117,$0,$-11
23,2012-12-31,9.28,$19.50,0.48,$2.28,4.07,$4.62,2.01,$1.68,5.52,$0.54B,$0.00B,422.69,$0.23B,$0.55B,0.41,$0.05B,$0.04B,89.58%,$0.05B,$0.03B,70.83%,$0.05B,$0.03B,70.83%,$0.05B,$0.04B,72.92%,$0.05B,$0.04B,83.33%,$0.05B,$0.04B,77.08%,$0.04B,$0.55B,8.95%,$0.04B,$0.55B,8.95%,$0.04B,$0.79B,5.14%,$0.03B,$0.77B,4.81%,$12,$2,$10,$0,$1,$3,$9,$0,$9,$0,$9,$9,$7,$5,$9,$22,23,$0.22,$0.22,$388,$0,$0,$535,$0,$0,$0,$253,$254,$788,$1,$225,$15,$240,$242,$0,$1,$-0,$547,$788,$40,$2,$-4,$-3,$0,$0,$0,$3,$3,$40,$0,$0,$0,$162,$-212,$-50,$243,$193,$-317,$0,$-317,$124,$211,$-35,$-4,$-146,$87,$3,$-34
24,2012-09-30,9.67,$20.78,0.47,$2.31,4.19,$4.71,2.05,$1.83,5.29,$0.48B,$0.00B,242.13,$0.24B,$0.43B,0.57,$0.05B,$0.04B,91.49%,$0.05B,$0.03B,70.21%,$0.05B,$0.03B,70.21%,$0.05B,$0.04B,87.23%,$0.05B,$0.04B,85.11%,$0.05B,$0.04B,82.98%,$0.04B,$0.43B,10.81%,$0.04B,$0.43B,10.81%,$0.04B,$0.68B,5.23%,$0.03B,$0.67B,4.50%,$13,$2,$12,$0,$2,$4,$9,$3,$12,$0,$12,$12,$11,$10,$9,$21,21,$0.52,$0.52,$368,$0,$0,$476,$0,$0,$0,$207,$208,$684,$2,$243,$12,$255,$257,$0,$5,$0,$427,$684,$31,$5,$-7,$-2,$0,$0,$0,$3,$3,$33,$0,$0,$0,$158,$-118,$40,$216,$256,$-299,$0,$-299,$0,$86,$-25,$-4,$-242,$46,$0,$-25
25,2012-06-30,8.76,$16.59,0.53,$2.20,3.99,$4.40,1.99,$1.59,5.51,$0.48B,$0.00B,448.74,$0.35B,$0.34B,1.03,$0.04B,$0.04B,90.91%,$0.04B,$0.03B,72.73%,$0.04B,$0.03B,72.73%,$0.04B,$0.04B,93.18%,$0.04B,$0.03B,77.27%,$0.04B,$0.03B,77.27%,$0.03B,$0.34B,10.06%,$0.03B,$0.34B,10.06%,$0.03B,$0.70B,4.24%,$0.03B,$0.69B,4.05%,$12,$1,$11,$0,$3,$4,$8,$2,$10,$0,$10,$10,$10,$9,$8,$21,21,$0.47,$0.47,$367,$0,$0,$481,$0,$0,$0,$221,$222,$704,$1,$351,$10,$361,$362,$0,$2,$1,$341,$704,$19,$5,$-4,$1,$0,$0,$0,$-4,$-4,$15,$0,$0,$0,$127,$-101,$26,$158,$184,$-191,$0,$-191,$0,$0,$-17,$-1,$-209,$-10,$0,$-17
26,2012-03-31,8.33,$16.46,0.51,$2.18,3.82,$4.58,1.82,$1.49,5.59,$0.48B,$0.00B,423.73,$0.36B,$0.34B,1.05,$0.04B,$0.04B,90.48%,$0.04B,$0.03B,73.81%,$0.04B,$0.03B,73.81%,$0.04B,$0.04B,100.00%,$0.04B,$0.03B,73.81%,$0.04B,$0.03B,73.81%,$0.03B,$0.34B,9.51%,$0.03B,$0.34B,9.51%,$0.03B,$0.71B,3.64%,$0.03B,$0.69B,3.71%,$11,$1,$10,$0,$2,$3,$8,$1,$9,$0,$9,$9,$9,$11,$8,$21,21,$0.43,$0.43,$362,$0,$0,$477,$0,$0,$0,$227,$228,$705,$1,$355,$10,$366,$367,$0,$0,$0,$338,$705,$9,$3,$-0,$3,$0,$0,$0,$-0,$-0,$12,$0,$0,$0,$121,$-13,$108,$86,$194,$-187,$0,$-187,$0,$0,$-9,$-1,$-196,$10,$0,$-9
27,2011-12-31,6.81,$16.39,0.42,$2.08,3.28,$4.35,1.57,$1.35,5.05,$0.69B,$0.00B,396.7,$0.54B,$0.34B,1.61,$0.04B,$0.04B,89.74%,$0.04B,$0.03B,71.79%,$0.04B,$0.03B,71.79%,$0.04B,$0.04B,100.00%,$0.04B,$0.03B,69.23%,$0.04B,$0.03B,69.23%,$0.03B,$0.34B,8.57%,$0.03B,$0.34B,8.57%,$0.03B,$0.89B,3.00%,$0.03B,$0.88B,3.17%,$11,$1,$10,$0,$2,$3,$8,$1,$9,$0,$9,$9,$9,$11,$8,$19,19,$0.41,$0.41,$576,$0,$0,$693,$0,$0,$0,$197,$199,$891,$2,$542,$10,$553,$554,$0,$0,$1,$337,$891,$26,$11,$0,$11,$0,$0,$0,$-2,$-2,$35,$0,$0,$0,$0,$-146,$-146,$85,$-61,$2,$0,$2,$50,$50,$-29,$-13,$9,$-16,$0,$-29
28,2011-09-30,6.63,$16.34,0.41,$2.08,3.18,$3.80,1.75,$1.16,5.72,$0.74B,$0.00B,248.02,$0.56B,$0.34B,1.67,$0.04B,$0.03B,88.57%,$0.04B,$0.03B,71.43%,$0.04B,$0.03B,71.43%,$0.04B,$0.04B,102.86%,$0.04B,$0.02B,62.86%,$0.04B,$0.02B,62.86%,$0.02B,$0.34B,7.21%,$0.02B,$0.34B,7.21%,$0.02B,$0.91B,2.47%,$0.03B,$0.90B,2.86%,$10,$1,$9,$0,$1,$3,$8,$-2,$6,$0,$6,$6,$6,$10,$8,$20,20,$0.28,$0.28,$619,$0,$0,$737,$0,$0,$0,$172,$173,$911,$3,$561,$11,$572,$575,$0,$0,$0,$336,$911,$17,$8,$1,$10,$0,$0,$0,$-3,$-2,$25,$0,$0,$0,$0,$-121,$-121,$66,$-55,$21,$0,$21,$50,$50,$-21,$-12,$37,$7,$0,$-21
29,2011-06-30,7.88,$16.66,0.47,$2.04,3.86,$3.53,2.23,$1.09,7.23,$0.75B,$0.00B,387.65,$0.58B,$0.29B,1.99,$0.03B,$0.03B,87.10%,$0.03B,$0.02B,64.52%,$0.03B,$0.02B,64.52%,$0.03B,$0.03B,100.00%,$0.03B,$0.02B,58.06%,$0.03B,$0.02B,58.06%,$0.02B,$0.29B,6.07%,$0.02B,$0.29B,6.07%,$0.02B,$0.90B,2.09%,$0.02B,$0.88B,2.40%,$10,$1,$9,$0,$1,$3,$7,$-1,$7,$0,$7,$7,$7,$10,$7,$18,18,$0.37,$0.37,$630,$0,$0,$747,$0,$0,$0,$146,$149,$896,$2,$582,$19,$601,$603,$0,$0,$3,$293,$896,$12,$5,$-0,$5,$0,$0,$0,$-1,$-1,$16,$0,$0,$0,$0,$-96,$-96,$40,$-56,$42,$0,$42,$0,$0,$-14,$-1,$27,$-13,$0,$-14
30,2011-03-31,7.8,$16.77,0.46,$1.96,3.98,$3.23,2.42,$0.99,7.88,$0.80B,$0.00B,393.22,$0.59B,$0.29B,2.0,$0.03B,$0.02B,84.62%,$0.03B,$0.02B,61.54%,$0.03B,$0.02B,61.54%,$0.03B,$0.03B,100.00%,$0.03B,$0.01B,53.85%,$0.03B,$0.01B,53.85%,$0.01B,$0.29B,5.12%,$0.01B,$0.29B,5.12%,$0.01B,$0.90B,1.82%,$0.02B,$0.88B,2.15%,$8,$1,$7,$0,$1,$2,$5,$0,$5,$0,$5,$5,$5,$8,$5,$18,18,$0.29,$0.29,$672,$0,$0,$799,$0,$0,$0,$101,$104,$902,$2,$588,$18,$606,$608,$0,$0,$4,$294,$902,$5,$3,$-3,$-0,$0,$0,$0,$0,$1,$6,$0,$0,$0,$0,$-50,$-50,$15,$-35,$48,$0,$48,$0,$0,$-7,$-1,$40,$10,$0,$-7
31,2010-12-31,7.61,$16.97,0.45,$1.89,4.03,$3.08,2.47,$0.86,8.85,$0.80B,$0.00B,335.13,$0.54B,$0.30B,1.81,$0.02B,$0.02B,81.82%,$0.02B,$0.01B,59.09%,$0.02B,$0.01B,59.09%,$0.02B,$0.02B,95.45%,$0.02B,$0.01B,50.00%,$0.02B,$0.01B,50.00%,$0.01B,$0.30B,4.42%,$0.01B,$0.30B,4.42%,$0.01B,$0.86B,1.63%,$0.01B,$0.84B,2.00%,$7,$1,$6,$0,$1,$3,$5,$-1,$4,$0,$4,$4,$4,$8,$5,$13,13,$0.22,$0.23,$681,$0,$0,$796,$0,$0,$0,$59,$62,$858,$2,$540,$18,$558,$560,$0,$0,$6,$298,$858,$11,$8,$1,$9,$0,$0,$0,$-4,$-3,$17,$0,$0,$0,$-217,$-401,$-619,$11,$-608,$412,$0,$412,$110,$110,$-14,$-9,$499,$-92,$0,$-14
32,2010-09-30,7.3,$17.21,0.42,$1.31,5.56,$1.77,4.13,$0.64,11.41,$0.72B,$0.00B,207.77,$0.43B,$0.30B,1.43,$0.02B,$0.01B,80.00%,$0.02B,$0.01B,53.33%,$0.02B,$0.01B,53.33%,$0.02B,$0.01B,86.67%,$0.02B,$0.01B,46.67%,$0.02B,$0.01B,46.67%,$0.01B,$0.30B,4.01%,$0.01B,$0.30B,4.01%,$0.01B,$0.79B,1.52%,$0.01B,$0.73B,1.82%,$6,$1,$5,$0,$1,$2,$3,$-1,$2,$0,$2,$2,$2,$5,$3,$11,11,$0.21,$0.21,$609,$0,$0,$723,$0,$0,$0,$59,$62,$785,$3,$431,$49,$480,$483,$0,$0,$8,$302,$785,$7,$5,$1,$6,$0,$0,$0,$-3,$-1,$11,$0,$0,$0,$-217,$-264,$-481,$1,$-480,$303,$0,$303,$110,$110,$-7,$-8,$397,$-71,$0,$-7
33,2010-06-30,7.3,$18.62,0.39,$0.83,8.77,$0.78,9.32,$0.42,17.38,$0.48B,$0.00B,187.32,$0.32B,$0.20B,1.63,$0.01B,$0.01B,77.78%,$0.01B,$0.01B,55.56%,$0.01B,$0.01B,55.56%,$0.01B,$0.01B,88.89%,$0.01B,$0.01B,55.56%,$0.01B,$0.01B,55.56%,$0.01B,$0.20B,3.37%,$0.01B,$0.20B,3.37%,$0.01B,$0.54B,1.57%,$0.01B,$0.52B,1.63%,$5,$1,$4,$0,$1,$2,$3,$0,$3,$0,$3,$3,$3,$5,$3,$11,11,$0.28,$0.27,$388,$0,$0,$478,$0,$0,$0,$59,$62,$539,$3,$324,$15,$338,$341,$0,$-5,$4,$199,$539,$5,$3,$0,$3,$0,$0,$0,$-2,$-1,$6,$0,$0,$0,$-217,$-86,$-303,$-8,$-312,$196,$0,$196,$0,$0,$-4,$-2,$190,$-116,$0,$-4
