,Date,Stock Price,Book Value per Share,Price to Book Ratio,TTM Sales per Share,Price to Sales Ratio,TTM FCF per Share,Price to FCF Ratio,TTM Net EPS,PE Ratio,Current Assets,Current Liabilities,Current Ratio,Long Term Debt,Shareholder's Equity_x,Debt to Equity Ratio,TTM Revenue_x,TTM Gross Profit,Gross Margin,TTM Revenue_y,TTM Operating Income,Operating Margin,TTM Revenue_x,TTM EBIT,EBIT Margin,TTM Revenue_y,TTM EBITDA,EBITDA Margin,TTM Revenue_x,TTM Pre-Tax Income,Pre-Tax Margin,TTM Revenue_y,TTM Net Income_x,Net Margin,TTM Net Income_y,Shareholder's Equity_y,Return on Equity,TTM Net Income_x,Tangible Equity,Return on Tangible Equity,TTM Net Income_y,Total Assets,Return on Assets,TTM Net Income,LT Investments & Debt,Return on Investment,revenue,cost-goods-sold,gross-profit,research-development-expenses,selling-general-administrative-expenses,operating-expenses,operating-income,total-non-operating-income-expense,pre-tax-income,total-provision-income-taxes,income-after-taxes,income-from-continuous-operations,net-income,ebitda,ebit,basic-shares-outstanding,shares-outstanding,eps-basic-net-earnings-per-share,eps-earnings-per-share-diluted,cash-on-hand,inventory,other-current-assets,total-current-assets,net-property-plant-equipment,long-term-investments,goodwill-intangible-assets-total,other-long-term-assets,total-long-term-assets,total-assets,total-current-liabilities,long-term-debt,other-non-current-liabilities,total-long-term-liabilities,total-liabilities,common-stock-net,retained-earnings-accumulated-deficit,comprehensive-income,total-share-holder-equity,total-liabilities-share-holders-equity,net-income-loss,total-depreciation-amortization-cash-flow,other-non-cash-items,total-non-cash-items,change-in-accounts-receivable,change-in-inventories,change-in-accounts-payable,change-in-assets-liabilities,total-change-in-assets-liabilities,cash-flow-from-operating-activities,net-change-in-property-plant-equipment,net-change-in-intangible-assets,net-acquisitions-divestitures,net-change-in-short-term-investments,net-change-in-long-term-investments,net-change-in-investments-total,investing-activities-other,cash-flow-from-investing-activities,net-long-term-debt,net-current-debt,debt-issuance-retirement-net-total,net-common-equity-issued-repurchased,net-total-equity-issued-repurchased,total-common-preferred-stock-dividends-paid,financial-activities-other,cash-flow-from-financial-activities,net-cash-flow,stock-based-compensation,common-stock-dividends-paid
0,2018-06-30,24.94,$12.68,1.97,$45.13,0.55,$-1.00,0.0,$1.39,17.94,$0.01B,$0.02B,0.74,$0.02B,$0.04B,0.46,$0.16B,$0.02B,13.92%,$0.16B,$0.01B,3.80%,$0.16B,$0.01B,3.80%,$0.16B,$0.01B,6.96%,$0.16B,$0.01B,3.16%,$0.16B,$0.01B,3.16%,$0.01B,$0.04B,11.70%,$0.01B,$0.03B,17.09%,$0.01B,$0.09B,6.10%,$0.01B,$0.06B,11.27%,$45,$37,$8,$0,$3,$41,$4,$-0,$3,$1,$3,$3,$3,$5,$4,$3,4,$0.77,$0.75,$5,$2,$0,$13,$46,$7,$14,$3,$72,$85,$18,$20,$0,$24,$41,$0,$29,$0,$44,$85,$4,$4,$-1,$2,$-0,$-0,$-0,$0,$1,$8,$-5,$0,$0,$0,$0,$0,$0,$-5,$0,$3,$3,$1,$1,$-3,$-0,$1,$4,$0,$-3
1,2018-03-31,23.77,$12.09,1.97,$44.19,0.54,$-2.80,0.0,$1.03,23.08,$0.01B,$0.03B,0.32,$0.01B,$0.04B,0.16,$0.15B,$0.02B,12.99%,$0.15B,$0.00B,2.60%,$0.15B,$0.00B,2.60%,$0.15B,$0.01B,5.84%,$0.15B,$0.00B,2.60%,$0.15B,$0.00B,1.95%,$0.00B,$0.04B,7.10%,$0.00B,$0.03B,10.34%,$0.00B,$0.08B,3.73%,$0.00B,$0.05B,8.00%,$35,$32,$3,$0,$3,$36,$-1,$-0,$-1,$-0,$-1,$-1,$-1,$1,$-1,$3,3,$-0.19,$-0.19,$1,$2,$0,$10,$46,$7,$14,$3,$72,$82,$30,$7,$0,$10,$40,$0,$27,$0,$42,$82,$1,$3,$-1,$1,$-0,$0,$-0,$0,$-0,$2,$-4,$0,$0,$0,$0,$0,$0,$-4,$0,$4,$4,$0,$0,$-3,$0,$1,$-0,$0,$-3
2,2017-12-31,26.51,$12.57,2.11,$44.03,0.6,$-2.79,0.0,$1.11,23.88,$0.01B,$0.03B,0.32,$0.01B,$0.04B,0.17,$0.15B,$0.02B,12.99%,$0.15B,$0.01B,3.25%,$0.15B,$0.01B,3.25%,$0.15B,$0.01B,5.84%,$0.15B,$0.01B,3.25%,$0.15B,$0.00B,2.60%,$0.00B,$0.04B,9.47%,$0.00B,$0.03B,13.79%,$0.00B,$0.08B,5.10%,$0.01B,$0.05B,9.80%,$39,$34,$5,$0,$3,$38,$1,$-0,$1,$-1,$2,$2,$2,$2,$1,$3,4,$0.47,$0.46,$0,$2,$0,$9,$46,$7,$14,$3,$72,$81,$27,$7,$0,$11,$38,$0,$29,$0,$43,$81,$2,$1,$-1,$0,$-0,$-0,$0,$0,$-1,$1,$-3,$0,$0,$0,$0,$0,$0,$-3,$0,$2,$2,$0,$0,$-2,$0,$0,$-1,$0,$-2
3,2017-09-30,23.67,$12.38,1.91,$43.90,0.54,$-2.37,0.0,$1.14,20.76,$0.01B,$0.03B,0.39,$0.01B,$0.04B,0.18,$0.15B,$0.02B,13.73%,$0.15B,$0.01B,4.58%,$0.15B,$0.01B,4.58%,$0.15B,$0.01B,7.19%,$0.15B,$0.01B,4.58%,$0.15B,$0.00B,2.61%,$0.00B,$0.04B,9.47%,$0.00B,$0.03B,13.79%,$0.00B,$0.08B,5.19%,$0.01B,$0.05B,13.53%,$39,$34,$6,$0,$3,$38,$2,$-0,$2,$0,$1,$1,$1,$3,$2,$3,4,$0.38,$0.37,$1,$2,$0,$10,$45,$7,$14,$3,$70,$80,$26,$8,$0,$11,$38,$0,$28,$0,$42,$80,$5,$4,$0,$5,$0,$0,$2,$0,$1,$10,$-14,$0,$-1,$0,$-0,$-0,$0,$-15,$0,$2,$2,$0,$0,$-4,$0,$-2,$-6,$0,$-4
4,2017-06-30,23.31,$12.30,1.9,$43.58,0.53,$0.19,120.24,$1.05,22.2,$0.01B,$0.02B,0.37,$0.01B,$0.04B,0.21,$0.15B,$0.02B,13.82%,$0.15B,$0.01B,5.26%,$0.15B,$0.01B,5.26%,$0.15B,$0.01B,7.89%,$0.15B,$0.01B,4.61%,$0.15B,$0.00B,2.63%,$0.00B,$0.04B,9.41%,$0.00B,$0.03B,13.33%,$0.00B,$0.08B,5.41%,$0.01B,$0.05B,15.61%,$41,$35,$6,$0,$3,$39,$2,$-0,$2,$1,$2,$2,$1,$3,$2,$3,4,$0.40,$0.39,$0,$2,$0,$9,$44,$7,$14,$2,$70,$79,$24,$9,$0,$13,$37,$0,$27,$0,$42,$79,$3,$3,$-1,$2,$0,$0,$2,$1,$3,$8,$-12,$0,$-1,$0,$-0,$-0,$0,$-13,$0,$1,$1,$0,$0,$-4,$0,$-3,$-7,$0,$-4
5,2017-03-31,24.07,$12.12,1.99,$43.73,0.55,$2.56,9.42,$1.62,14.86,$0.01B,$0.02B,0.55,$0.01B,$0.04B,0.24,$0.15B,$0.02B,15.79%,$0.15B,$0.01B,7.24%,$0.15B,$0.01B,7.24%,$0.15B,$0.02B,9.87%,$0.15B,$0.01B,6.58%,$0.15B,$0.01B,3.95%,$0.01B,$0.04B,14.12%,$0.01B,$0.03B,19.51%,$0.01B,$0.07B,8.36%,$0.01B,$0.05B,21.78%,$35,$31,$3,$0,$2,$35,$-0,$-0,$-0,$-0,$-0,$-0,$-0,$1,$-0,$3,3,$-0.11,$-0.11,$1,$2,$0,$10,$38,$7,$14,$2,$64,$74,$19,$10,$0,$14,$33,$0,$27,$0,$42,$74,$2,$2,$-1,$1,$-0,$-0,$1,$0,$0,$3,$-5,$0,$-1,$0,$0,$0,$-0,$-5,$0,$-2,$-2,$0,$0,$-3,$0,$-4,$-6,$0,$-3
6,2016-12-31,22.85,$12.54,1.82,$43.64,0.52,$3.10,7.37,$1.54,14.84,$0.01B,$0.02B,0.75,$0.01B,$0.04B,0.26,$0.15B,$0.02B,15.89%,$0.15B,$0.01B,6.62%,$0.15B,$0.01B,6.62%,$0.15B,$0.02B,9.93%,$0.15B,$0.01B,5.96%,$0.15B,$0.01B,3.31%,$0.01B,$0.04B,11.98%,$0.01B,$0.03B,16.13%,$0.01B,$0.08B,7.14%,$0.01B,$0.05B,20.41%,$38,$32,$6,$0,$3,$35,$3,$-0,$3,$1,$2,$2,$2,$4,$3,$3,4,$0.51,$0.49,$5,$2,$0,$13,$37,$7,$13,$3,$62,$75,$18,$11,$0,$15,$32,$0,$28,$0,$43,$75,$2,$1,$-2,$-0,$0,$0,$1,$0,$-0,$2,$-2,$0,$-1,$0,$0,$0,$0,$-2,$0,$-1,$-1,$0,$0,$-1,$0,$-2,$-3,$0,$-1
7,2016-09-30,20.92,$12.48,1.68,$43.21,0.48,$2.74,7.63,$1.14,18.35,$0.02B,$0.02B,0.96,$0.01B,$0.04B,0.13,$0.15B,$0.02B,15.33%,$0.15B,$0.01B,5.33%,$0.15B,$0.01B,5.33%,$0.15B,$0.01B,8.67%,$0.15B,$0.01B,4.67%,$0.15B,$0.00B,2.00%,$0.00B,$0.04B,7.27%,$0.00B,$0.03B,9.68%,$0.00B,$0.07B,4.40%,$0.01B,$0.05B,16.84%,$38,$32,$6,$0,$3,$36,$3,$-0,$2,$1,$1,$1,$1,$4,$3,$3,4,$0.29,$0.29,$7,$2,$0,$16,$30,$7,$10,$3,$52,$68,$17,$5,$0,$9,$26,$0,$27,$0,$43,$68,$5,$5,$1,$6,$-1,$0,$-0,$-1,$-4,$8,$-2,$0,$-1,$0,$0,$0,$-0,$-3,$0,$-3,$-3,$0,$0,$-4,$-0,$-7,$-2,$0,$-4
8,2016-06-30,20.58,$12.38,1.66,$43.91,0.47,$3.49,5.89,$1.43,14.39,$0.02B,$0.02B,0.96,$0.01B,$0.04B,0.14,$0.15B,$0.02B,15.69%,$0.15B,$0.01B,5.88%,$0.15B,$0.01B,5.88%,$0.15B,$0.01B,9.15%,$0.15B,$0.01B,5.88%,$0.15B,$0.00B,2.61%,$0.00B,$0.04B,9.82%,$0.00B,$0.03B,12.90%,$0.00B,$0.07B,5.88%,$0.01B,$0.05B,19.25%,$41,$32,$9,$0,$3,$36,$5,$0,$5,$1,$4,$4,$3,$6,$5,$3,3,$0.99,$0.96,$9,$2,$0,$17,$30,$6,$10,$2,$53,$70,$18,$6,$0,$10,$27,$0,$27,$0,$42,$70,$4,$3,$1,$4,$-0,$0,$-0,$-1,$-2,$6,$-1,$0,$-1,$0,$0,$0,$0,$-2,$0,$-2,$-2,$0,$0,$-3,$-0,$-5,$-1,$0,$-3
9,2016-03-31,18.77,$11.48,1.64,$43.59,0.43,$3.23,5.81,$1.39,13.5,$0.01B,$0.02B,0.81,$0.01B,$0.04B,0.17,$0.15B,$0.02B,15.79%,$0.15B,$0.01B,5.92%,$0.15B,$0.01B,5.92%,$0.15B,$0.01B,9.21%,$0.15B,$0.01B,5.92%,$0.15B,$0.00B,2.63%,$0.00B,$0.04B,9.94%,$0.00B,$0.03B,12.90%,$0.00B,$0.07B,6.02%,$0.01B,$0.05B,19.57%,$34,$31,$3,$0,$3,$35,$-1,$0,$-1,$-0,$-0,$-0,$-1,$1,$-1,$3,3,$-0.19,$-0.19,$6,$2,$0,$14,$30,$6,$10,$2,$53,$67,$17,$7,$0,$10,$28,$0,$25,$0,$39,$67,$0,$2,$0,$2,$-0,$0,$-1,$-0,$-1,$1,$-1,$0,$-1,$0,$0,$0,$0,$-1,$0,$-1,$-1,$0,$0,$-2,$-0,$-4,$-4,$0,$-2
10,2015-12-31,20.91,$11.87,1.76,$42.89,0.49,$3.13,6.69,$1.41,14.83,$0.02B,$0.02B,0.89,$0.01B,$0.04B,0.18,$0.15B,$0.02B,16.00%,$0.15B,$0.01B,6.00%,$0.15B,$0.01B,6.00%,$0.15B,$0.01B,8.67%,$0.15B,$0.01B,6.00%,$0.15B,$0.00B,2.67%,$0.00B,$0.04B,10.00%,$0.00B,$0.03B,12.80%,$0.00B,$0.07B,6.13%,$0.01B,$0.05B,20.00%,$37,$32,$5,$0,$3,$36,$1,$-0,$1,$0,$0,$0,$0,$2,$1,$3,4,$0.09,$0.09,$6,$2,$0,$15,$31,$6,$10,$1,$53,$68,$17,$7,$0,$11,$28,$0,$26,$0,$41,$68,$0,$1,$0,$1,$-1,$0,$-0,$0,$-3,$-1,$-0,$0,$-1,$-0,$0,$-0,$0,$-1,$0,$-1,$-1,$0,$0,$-1,$-0,$-2,$-4,$0,$-1
11,2015-09-30,20.35,$12.06,1.69,$41.96,0.48,$3.75,5.42,$1.53,13.3,$0.02B,$0.02B,1.01,$0.00B,$0.04B,0.1,$0.15B,$0.02B,16.44%,$0.15B,$0.01B,6.16%,$0.15B,$0.01B,6.16%,$0.15B,$0.01B,8.90%,$0.15B,$0.01B,6.16%,$0.15B,$0.01B,3.42%,$0.01B,$0.04B,12.66%,$0.01B,$0.03B,15.87%,$0.01B,$0.07B,7.78%,$0.01B,$0.05B,20.45%,$41,$33,$7,$0,$3,$37,$4,$0,$4,$1,$2,$2,$2,$5,$4,$3,4,$0.60,$0.58,$10,$2,$0,$18,$28,$6,$9,$2,$49,$67,$18,$4,$0,$8,$25,$0,$27,$0,$41,$67,$6,$4,$0,$5,$-0,$-0,$1,$-1,$0,$11,$-3,$-0,$0,$-0,$-0,$-0,$0,$-4,$0,$-2,$-2,$1,$1,$-5,$0,$-7,$1,$0,$-5
12,2015-06-30,22.06,$11.85,1.86,$41.20,0.54,$3.87,5.71,$1.62,13.62,$0.02B,$0.02B,0.98,$0.00B,$0.04B,0.11,$0.14B,$0.02B,16.90%,$0.14B,$0.01B,5.63%,$0.14B,$0.01B,5.63%,$0.14B,$0.01B,8.45%,$0.14B,$0.01B,5.63%,$0.14B,$0.01B,3.52%,$0.01B,$0.04B,12.82%,$0.01B,$0.03B,16.13%,$0.01B,$0.06B,7.84%,$0.01B,$0.05B,18.29%,$40,$32,$9,$0,$3,$36,$5,$-0,$5,$1,$4,$4,$3,$6,$5,$3,4,$0.95,$0.92,$8,$2,$0,$15,$28,$0,$8,$8,$49,$64,$16,$4,$0,$8,$24,$0,$25,$0,$40,$64,$4,$3,$0,$4,$-1,$-0,$0,$-0,$-1,$7,$-3,$0,$0,$0,$-0,$-0,$0,$-2,$0,$-1,$-1,$0,$0,$-4,$0,$-5,$-1,$0,$-4
13,2015-03-31,21.38,$11.10,1.93,$41.13,0.52,$4.24,5.04,$1.35,15.84,$0.01B,$0.02B,0.83,$0.01B,$0.04B,0.13,$0.14B,$0.02B,15.60%,$0.14B,$0.01B,4.26%,$0.14B,$0.01B,4.26%,$0.14B,$0.01B,7.80%,$0.14B,$0.01B,4.26%,$0.14B,$0.00B,2.84%,$0.00B,$0.04B,10.46%,$0.00B,$0.03B,13.22%,$0.00B,$0.06B,6.30%,$0.01B,$0.04B,13.87%,$32,$29,$3,$0,$2,$32,$-1,$0,$-1,$-0,$-0,$-0,$-1,$0,$-1,$3,3,$-0.17,$-0.17,$6,$2,$0,$13,$28,$0,$8,$7,$49,$62,$15,$5,$0,$9,$24,$0,$23,$0,$38,$62,$0,$2,$-0,$2,$0,$-0,$-0,$-0,$-1,$1,$-1,$0,$0,$0,$0,$0,$0,$-1,$0,$-1,$-1,$0,$0,$-2,$0,$-3,$-2,$0,$-2
14,2014-12-31,19.46,$11.48,1.7,$41.31,0.47,$4.81,4.05,$1.47,13.24,$0.01B,$0.02B,0.91,$0.01B,$0.04B,0.13,$0.14B,$0.02B,16.43%,$0.14B,$0.01B,5.00%,$0.14B,$0.01B,5.00%,$0.14B,$0.01B,8.57%,$0.14B,$0.01B,5.00%,$0.14B,$0.01B,3.57%,$0.01B,$0.04B,13.42%,$0.01B,$0.03B,17.09%,$0.01B,$0.06B,7.91%,$0.01B,$0.04B,16.28%,$33,$28,$5,$0,$3,$32,$1,$0,$1,$0,$1,$1,$1,$2,$1,$3,3,$0.21,$0.21,$8,$2,$0,$14,$29,$0,$8,$7,$49,$64,$15,$5,$0,$9,$25,$0,$24,$0,$39,$64,$1,$1,$-0,$1,$1,$-0,$0,$0,$-0,$2,$-1,$0,$0,$-0,$0,$-0,$0,$-1,$0,$-0,$-0,$0,$0,$-1,$0,$-2,$-0,$0,$-1
15,2014-09-30,19.18,$11.52,1.67,$41.18,0.47,$4.89,3.93,$1.43,13.41,$0.02B,$0.02B,0.92,$0.01B,$0.04B,0.14,$0.14B,$0.02B,16.55%,$0.14B,$0.01B,5.04%,$0.14B,$0.01B,5.04%,$0.14B,$0.01B,8.63%,$0.14B,$0.01B,5.04%,$0.14B,$0.01B,3.60%,$0.01B,$0.04B,13.79%,$0.01B,$0.03B,17.24%,$0.01B,$0.07B,8.20%,$0.01B,$0.04B,17.07%,$37,$30,$7,$0,$3,$34,$3,$0,$3,$1,$2,$2,$2,$4,$3,$3,3,$0.69,$0.66,$9,$2,$0,$15,$29,$6,$8,$1,$50,$65,$17,$6,$0,$10,$26,$0,$25,$0,$39,$65,$6,$5,$-1,$4,$-0,$-0,$-0,$-1,$2,$12,$-4,$-0,$-2,$-0,$-0,$-1,$-1,$-7,$0,$-2,$-2,$2,$2,$-5,$0,$-5,$-0,$0,$-5
16,2014-06-30,18.84,$11.04,1.71,$40.37,0.47,$5.36,3.51,$1.20,15.7,$0.01B,$0.02B,0.82,$0.01B,$0.04B,0.16,$0.14B,$0.02B,16.18%,$0.14B,$0.01B,4.41%,$0.14B,$0.01B,4.41%,$0.14B,$0.01B,8.09%,$0.14B,$0.01B,4.41%,$0.14B,$0.00B,2.94%,$0.00B,$0.04B,11.35%,$0.00B,$0.03B,13.91%,$0.00B,$0.06B,6.81%,$0.01B,$0.04B,15.29%,$39,$32,$7,$0,$3,$36,$3,$0,$3,$1,$3,$3,$2,$5,$3,$3,3,$0.68,$0.65,$7,$2,$0,$13,$29,$0,$8,$7,$50,$63,$16,$6,$0,$10,$26,$0,$23,$0,$37,$63,$4,$3,$-0,$3,$1,$-0,$0,$-1,$1,$8,$-3,$0,$-2,$-0,$-0,$-1,$-1,$-6,$0,$-2,$-2,$1,$1,$-4,$0,$-4,$-2,$0,$-4
17,2014-03-31,18.49,$10.51,1.76,$39.70,0.47,$5.33,3.47,$1.32,14.01,$0.01B,$0.02B,0.8,$0.01B,$0.03B,0.18,$0.13B,$0.02B,17.29%,$0.13B,$0.01B,5.26%,$0.13B,$0.01B,5.26%,$0.13B,$0.01B,8.27%,$0.13B,$0.01B,5.26%,$0.13B,$0.01B,3.76%,$0.01B,$0.03B,14.39%,$0.01B,$0.03B,17.39%,$0.01B,$0.06B,8.85%,$0.01B,$0.04B,18.54%,$31,$27,$4,$0,$2,$31,$0,$0,$0,$0,$0,$0,$-0,$1,$0,$3,3,$-0.05,$-0.05,$6,$2,$0,$13,$29,$0,$8,$6,$48,$61,$16,$6,$0,$11,$27,$0,$22,$0,$34,$61,$1,$2,$-0,$2,$0,$-0,$0,$-1,$0,$3,$-1,$0,$-2,$-0,$-0,$-1,$0,$-3,$0,$-1,$-1,$0,$0,$-2,$0,$-3,$-3,$0,$-2
18,2013-12-31,17.77,$10.83,1.64,$39.15,0.45,$5.54,3.21,$1.29,13.77,$0.01B,$0.01B,0.94,$0.00B,$0.04B,0.03,$0.13B,$0.02B,16.79%,$0.13B,$0.01B,5.34%,$0.13B,$0.01B,5.34%,$0.13B,$0.01B,8.40%,$0.13B,$0.01B,5.34%,$0.13B,$0.01B,3.82%,$0.01B,$0.04B,14.60%,$0.01B,$0.03B,17.39%,$0.01B,$0.06B,9.17%,$0.01B,$0.04B,19.31%,$32,$27,$5,$0,$3,$31,$1,$0,$1,$0,$1,$1,$1,$2,$1,$3,3,$0.17,$0.17,$7,$2,$0,$13,$25,$0,$6,$6,$42,$55,$14,$1,$0,$6,$20,$0,$23,$0,$35,$55,$1,$1,$-0,$1,$1,$-0,$-1,$-0,$0,$2,$-1,$0,$-1,$-0,$0,$-0,$-0,$-2,$0,$-1,$-1,$0,$0,$-1,$0,$-2,$-1,$0,$-1
19,2013-09-30,17.51,$10.86,1.61,$39.13,0.45,$5.49,3.19,$1.12,15.63,$0.02B,$0.02B,1.02,$0.00B,$0.04B,0.05,$0.13B,$0.02B,16.15%,$0.13B,$0.01B,4.62%,$0.13B,$0.01B,4.62%,$0.13B,$0.01B,7.69%,$0.13B,$0.01B,4.62%,$0.13B,$0.00B,3.08%,$0.00B,$0.04B,11.76%,$0.00B,$0.03B,14.29%,$0.00B,$0.06B,7.51%,$0.01B,$0.04B,16.67%,$34,$28,$6,$0,$2,$31,$2,$0,$2,$1,$2,$2,$1,$3,$2,$3,3,$0.45,$0.44,$9,$2,$0,$15,$25,$0,$6,$5,$41,$56,$15,$2,$0,$6,$21,$0,$23,$0,$35,$56,$5,$4,$2,$6,$1,$-0,$0,$0,$2,$13,$-3,$0,$0,$-0,$-4,$-4,$-3,$-10,$0,$2,$2,$0,$0,$-4,$0,$-3,$0,$0,$-4
20,2013-06-30,17.07,$10.65,1.6,$39.98,0.43,$4.22,4.04,$1.25,13.66,$0.01B,$0.01B,0.83,$0.00B,$0.04B,0.06,$0.13B,$0.02B,16.67%,$0.13B,$0.01B,6.06%,$0.13B,$0.01B,6.06%,$0.13B,$0.01B,9.09%,$0.13B,$0.01B,6.06%,$0.13B,$0.01B,3.79%,$0.01B,$0.04B,14.49%,$0.01B,$0.03B,17.86%,$0.01B,$0.05B,9.43%,$0.01B,$0.04B,22.07%,$36,$29,$8,$0,$2,$32,$4,$0,$4,$1,$3,$3,$3,$5,$4,$3,3,$0.81,$0.77,$5,$2,$0,$11,$26,$0,$6,$6,$43,$54,$13,$2,$0,$6,$19,$0,$22,$0,$35,$54,$3,$3,$1,$4,$1,$-0,$-0,$1,$1,$8,$-3,$0,$0,$-0,$-4,$-4,$-3,$-10,$0,$2,$2,$0,$0,$-4,$0,$-2,$-4,$0,$-4
21,2013-03-31,16.72,$10.01,1.67,$41.20,0.41,$2.73,6.12,$1.38,12.12,$0.01B,$0.01B,0.77,$0.00B,$0.03B,0.08,$0.14B,$0.02B,16.30%,$0.14B,$0.01B,6.67%,$0.14B,$0.01B,6.67%,$0.14B,$0.01B,9.63%,$0.14B,$0.01B,6.67%,$0.14B,$0.01B,3.70%,$0.01B,$0.03B,14.49%,$0.01B,$0.03B,17.86%,$0.01B,$0.05B,9.48%,$0.01B,$0.04B,24.83%,$29,$26,$3,$0,$3,$29,$-0,$0,$-0,$-0,$-0,$-0,$-0,$1,$-0,$3,3,$-0.08,$-0.08,$4,$1,$0,$11,$25,$0,$7,$5,$43,$53,$14,$3,$0,$7,$21,$0,$20,$0,$32,$53,$0,$2,$0,$2,$1,$0,$-1,$0,$1,$4,$-1,$0,$0,$0,$-4,$-4,$-3,$-8,$0,$3,$3,$0,$0,$-3,$0,$-0,$-4,$0,$-3
22,2012-12-31,13.28,$10.40,1.28,$41.45,0.32,$0.75,17.75,$1.34,9.91,$0.01B,$0.01B,1.05,$0.00B,$0.03B,0.03,$0.14B,$0.02B,16.18%,$0.14B,$0.01B,6.62%,$0.14B,$0.01B,6.62%,$0.14B,$0.01B,9.56%,$0.14B,$0.01B,6.62%,$0.14B,$0.01B,3.68%,$0.01B,$0.03B,14.29%,$0.01B,$0.03B,17.70%,$0.01B,$0.05B,9.48%,$0.01B,$0.04B,24.83%,$31,$27,$4,$0,$2,$31,$0,$0,$0,$0,$0,$0,$0,$1,$0,$3,3,$0.00,$0.00,$5,$2,$0,$12,$25,$0,$7,$1,$39,$50,$11,$1,$0,$6,$17,$0,$22,$0,$34,$50,$0,$1,$0,$1,$1,$-0,$-0,$0,$-0,$2,$-0,$0,$0,$0,$0,$0,$-3,$-3,$0,$-0,$-0,$0,$0,$-1,$0,$-1,$-3,$0,$-1
23,2012-09-30,13.08,$11.34,1.15,$41.54,0.31,$-0.07,0.0,$1.65,7.93,$0.02B,$0.01B,1.33,$0.00B,$0.04B,0.03,$0.14B,$0.02B,16.67%,$0.14B,$0.01B,7.97%,$0.14B,$0.01B,7.97%,$0.14B,$0.02B,10.87%,$0.14B,$0.01B,7.97%,$0.14B,$0.01B,4.35%,$0.01B,$0.04B,17.02%,$0.01B,$0.03B,21.05%,$0.01B,$0.06B,11.27%,$0.01B,$0.04B,29.93%,$36,$29,$7,$0,$2,$32,$4,$0,$4,$1,$3,$3,$2,$5,$4,$3,3,$0.56,$0.56,$9,$2,$0,$17,$26,$0,$7,$1,$39,$55,$12,$1,$0,$6,$18,$0,$22,$0,$37,$55,$7,$4,$5,$9,$-0,$-0,$0,$-2,$-3,$13,$-8,$-0,$0,$-0,$3,$3,$0,$-6,$0,$-0,$-0,$-1,$-1,$-6,$0,$-7,$1,$0,$-6
24,2012-06-30,11.04,$10.86,1.02,$40.96,0.27,$-0.07,0.0,$1.34,8.24,$0.01B,$0.01B,1.03,$0.00B,$0.04B,0.04,$0.14B,$0.02B,16.67%,$0.14B,$0.01B,7.25%,$0.14B,$0.01B,7.25%,$0.14B,$0.02B,10.87%,$0.14B,$0.01B,7.25%,$0.14B,$0.01B,3.62%,$0.01B,$0.04B,14.08%,$0.01B,$0.03B,17.24%,$0.01B,$0.05B,9.43%,$0.01B,$0.04B,27.21%,$39,$31,$8,$0,$2,$35,$5,$0,$5,$1,$3,$3,$3,$6,$5,$3,3,$0.91,$0.90,$5,$2,$0,$12,$28,$0,$7,$1,$41,$53,$12,$2,$0,$6,$18,$0,$21,$0,$35,$53,$4,$3,$3,$6,$-1,$-0,$0,$-1,$-3,$8,$-8,$-0,$0,$-0,$3,$3,$0,$-6,$0,$-0,$-0,$-1,$-1,$-4,$0,$-5,$-3,$0,$-4
25,2012-03-31,12.1,$10.34,1.17,$39.96,0.3,$0.33,36.53,$1.09,11.1,$0.01B,$0.01B,0.84,$0.00B,$0.03B,0.05,$0.14B,$0.02B,15.94%,$0.14B,$0.01B,5.80%,$0.14B,$0.01B,5.80%,$0.14B,$0.01B,9.42%,$0.14B,$0.01B,6.52%,$0.14B,$0.00B,2.90%,$0.00B,$0.03B,10.96%,$0.00B,$0.03B,13.33%,$0.00B,$0.05B,7.48%,$0.01B,$0.04B,21.48%,$30,$27,$3,$0,$2,$30,$0,$0,$0,$0,$0,$0,$-0,$1,$0,$3,3,$-0.12,$-0.12,$3,$2,$0,$11,$27,$0,$7,$1,$42,$53,$13,$2,$0,$6,$19,$0,$19,$0,$34,$53,$1,$2,$2,$4,$-1,$0,$-0,$-0,$-2,$2,$-6,$-0,$0,$-0,$3,$3,$0,$-4,$0,$-0,$-0,$-1,$-1,$-2,$0,$-3,$-5,$0,$-2
26,2011-12-31,9.92,$10.74,0.92,$39.17,0.25,$0.82,12.16,$0.77,12.88,$0.01B,$0.01B,1.12,$0.00B,$0.04B,0.06,$0.14B,$0.02B,15.33%,$0.14B,$0.01B,5.11%,$0.14B,$0.01B,5.11%,$0.14B,$0.01B,8.76%,$0.14B,$0.01B,5.84%,$0.14B,$0.00B,1.46%,$0.00B,$0.04B,5.33%,$0.00B,$0.03B,6.40%,$0.00B,$0.05B,3.74%,$0.01B,$0.04B,18.42%,$33,$28,$5,$0,$3,$31,$2,$0,$2,$0,$1,$1,$1,$3,$2,$3,3,$0.32,$0.31,$6,$1,$0,$13,$24,$0,$6,$1,$39,$52,$11,$2,$0,$6,$17,$0,$20,$0,$35,$52,$1,$1,$0,$1,$-0,$-0,$0,$-0,$-2,$1,$-2,$-0,$0,$-0,$0,$-0,$0,$-3,$0,$-0,$-0,$-1,$-1,$-1,$0,$-2,$-4,$0,$-1
27,2011-09-30,9.63,$10.93,0.88,$38.96,0.25,$0.80,11.99,$0.40,24.07,$0.02B,$0.01B,1.32,$0.00B,$0.04B,0.0,$0.14B,$0.02B,14.60%,$0.14B,$0.01B,3.65%,$0.14B,$0.01B,3.65%,$0.14B,$0.01B,7.30%,$0.14B,$0.01B,4.38%,$0.14B,$0.00B,0.73%,$0.00B,$0.04B,2.58%,$0.00B,$0.03B,3.03%,$0.00B,$0.05B,1.84%,$0.01B,$0.04B,12.90%,$36,$30,$7,$0,$2,$33,$3,$0,$3,$1,$2,$2,$1,$5,$3,$3,4,$0.25,$0.25,$10,$2,$0,$17,$23,$0,$6,$1,$38,$54,$13,$0,$0,$3,$16,$0,$20,$0,$38,$54,$2,$4,$2,$6,$0,$0,$-1,$-0,$-0,$9,$-3,$-1,$0,$0,$5,$5,$1,$3,$0,$-0,$-0,$0,$0,$-5,$0,$-5,$6,$0,$-5
28,2011-06-30,10.88,$11.17,0.97,$37.78,0.29,$-0.08,0.0,$0.46,23.65,$0.02B,$0.01B,1.22,$0.00B,$0.04B,0.0,$0.13B,$0.02B,12.78%,$0.13B,$0.00B,2.26%,$0.13B,$0.00B,2.26%,$0.13B,$0.01B,5.26%,$0.13B,$0.01B,3.76%,$0.13B,$0.00B,0.75%,$0.00B,$0.04B,2.60%,$0.00B,$0.03B,3.03%,$0.00B,$0.06B,1.86%,$0.00B,$0.04B,7.74%,$39,$32,$7,$0,$2,$35,$3,$0,$4,$0,$3,$3,$2,$4,$3,$3,4,$0.66,$0.65,$7,$2,$0,$16,$27,$0,$6,$1,$40,$55,$13,$0,$0,$4,$16,$0,$20,$0,$39,$55,$2,$3,$0,$3,$-1,$0,$-1,$-1,$-1,$4,$-2,$-0,$0,$0,$5,$5,$1,$3,$0,$-0,$-0,$0,$0,$-4,$0,$-4,$3,$0,$-4
29,2011-03-31,9.96,$10.77,0.93,$36.84,0.27,$-0.03,0.0,$0.64,15.57,$0.01B,$0.01B,1.13,$0.00B,$0.04B,0.0,$0.13B,$0.02B,13.95%,$0.13B,$0.00B,3.10%,$0.13B,$0.00B,3.10%,$0.13B,$0.01B,6.20%,$0.13B,$0.01B,3.88%,$0.13B,$0.00B,1.55%,$0.00B,$0.04B,5.26%,$0.00B,$0.03B,6.11%,$0.00B,$0.05B,3.79%,$0.00B,$0.04B,10.46%,$29,$27,$2,$0,$2,$31,$-1,$0,$-1,$-0,$-1,$-1,$-2,$-0,$-1,$3,3,$-0.44,$-0.44,$5,$2,$0,$13,$27,$0,$6,$1,$40,$53,$12,$0,$0,$3,$15,$0,$19,$0,$38,$53,$-1,$2,$0,$2,$-0,$0,$-1,$-0,$-2,$-1,$-2,$0,$0,$-0,$5,$5,$1,$4,$0,$-0,$-0,$0,$0,$-2,$0,$-3,$1,$0,$-2
30,2010-12-31,9.86,$11.48,0.86,$35.61,0.28,$-0.53,0.0,$0.89,11.08,$0.01B,$0.01B,1.29,$0.00B,$0.04B,0.0,$0.13B,$0.02B,14.40%,$0.13B,$0.00B,3.20%,$0.13B,$0.00B,3.20%,$0.13B,$0.01B,6.40%,$0.13B,$0.01B,4.00%,$0.13B,$0.00B,2.40%,$0.00B,$0.04B,8.05%,$0.00B,$0.04B,9.38%,$0.00B,$0.06B,5.83%,$0.00B,$0.04B,10.67%,$33,$29,$4,$0,$2,$32,$0,$0,$0,$0,$0,$0,$-0,$1,$0,$3,3,$-0.06,$-0.06,$7,$2,$0,$14,$28,$0,$6,$1,$40,$55,$11,$0,$0,$4,$15,$0,$21,$0,$40,$55,$0,$1,$0,$1,$0,$-0,$-1,$-0,$-2,$-0,$-1,$0,$0,$-0,$1,$1,$1,$1,$0,$-0,$-0,$0,$0,$-1,$0,$-1,$-1,$0,$-1
31,2010-09-30,10.0,$10.72,0.93,$33.62,0.3,$-1.26,0.0,$0.74,13.52,$0.02B,$0.01B,1.47,$0.00B,$0.04B,0.0,$0.12B,$0.02B,13.56%,$0.12B,$0.00B,2.54%,$0.12B,$0.00B,2.54%,$0.12B,$0.01B,5.93%,$0.12B,$0.00B,3.39%,$0.12B,$0.00B,1.69%,$0.00B,$0.04B,5.48%,$0.00B,$0.03B,6.45%,$0.00B,$0.05B,4.02%,$0.00B,$0.04B,8.16%,$32,$28,$4,$0,$2,$31,$1,$0,$2,$1,$1,$1,$1,$2,$1,$3,4,$0.31,$0.31,$9,$2,$0,$15,$24,$0,$6,$0,$36,$52,$10,$0,$0,$4,$14,$0,$23,$0,$37,$52,$2,$4,$-1,$3,$-1,$-0,$-0,$-0,$0,$6,$-3,$0,$0,$0,$1,$1,$0,$-2,$0,$-0,$-0,$0,$0,$-7,$0,$-7,$-3,$1,$-7
32,2010-06-30,8.94,$10.65,0.84,$34.04,0.26,$-0.90,0.0,$0.81,11.03,$0.02B,$0.01B,1.63,$0.00B,$0.04B,0.0,$0.12B,$0.02B,14.29%,$0.12B,$0.00B,3.36%,$0.12B,$0.00B,3.36%,$0.12B,$0.01B,6.72%,$0.12B,$0.00B,3.36%,$0.12B,$0.00B,1.68%,$0.00B,$0.04B,5.44%,$0.00B,$0.03B,6.40%,$0.00B,$0.05B,3.96%,$0.00B,$0.04B,10.88%,$35,$28,$8,$0,$2,$31,$4,$-0,$4,$1,$3,$3,$3,$5,$4,$3,4,$0.84,$0.83,$9,$2,$0,$15,$24,$0,$6,$0,$35,$51,$9,$0,$0,$4,$13,$0,$22,$0,$37,$51,$1,$3,$0,$3,$-1,$-0,$-0,$-0,$-1,$3,$-2,$0,$0,$0,$3,$4,$0,$2,$0,$-0,$-0,$0,$0,$-6,$0,$-6,$-1,$0,$-6
33,2010-03-31,8.81,$10.02,0.88,$32.95,0.27,$-1.17,0.0,$0.44,20.02,$0.01B,$0.01B,1.37,$0.00B,$0.04B,0.01,$0.12B,$0.02B,13.04%,$0.12B,$0.00B,1.74%,$0.12B,$0.00B,1.74%,$0.12B,$0.01B,5.22%,$0.12B,$0.00B,2.61%,$0.12B,$0.00B,0.87%,$0.00B,$0.04B,2.70%,$0.00B,$0.03B,3.20%,$0.00B,$0.05B,1.97%,$0.00B,$0.04B,5.41%,$25,$23,$2,$0,$3,$26,$-1,$0,$-1,$-0,$-1,$-1,$-1,$-0,$-1,$3,3,$-0.19,$-0.19,$5,$2,$0,$12,$24,$0,$6,$0,$36,$48,$9,$0,$0,$4,$13,$0,$20,$0,$35,$48,$-2,$2,$0,$2,$-1,$-0,$-0,$-0,$-3,$-3,$-1,$0,$0,$0,$6,$7,$0,$5,$0,$-0,$-0,$0,$0,$-5,$0,$-5,$-3,$0,$-5
34,2009-12-31,9.29,$10.51,0.88,$32.56,0.29,$-0.77,0.0,$0.43,21.6,$0.01B,$0.01B,1.56,$0.00B,$0.04B,0.01,$0.11B,$0.02B,13.16%,$0.11B,$0.00B,1.75%,$0.11B,$0.00B,1.75%,$0.11B,$0.01B,4.39%,$0.11B,$0.00B,2.63%,$0.11B,$0.00B,0.88%,$0.00B,$0.04B,2.68%,$0.00B,$0.03B,3.17%,$0.00B,$0.05B,1.95%,$0.00B,$0.04B,5.37%,$26,$23,$2,$0,$2,$27,$-1,$0,$-1,$-0,$-1,$-1,$-1,$-0,$-1,$3,3,$-0.21,$-0.21,$5,$2,$0,$12,$25,$0,$6,$1,$37,$48,$8,$0,$0,$4,$12,$0,$22,$0,$37,$48,$-1,$1,$0,$1,$-1,$-0,$-1,$-0,$-3,$-3,$-1,$0,$0,$0,$3,$3,$0,$2,$0,$-0,$-0,$0,$0,$-4,$0,$-4,$-5,$0,$-4
35,2009-09-30,10.91,$10.92,1.0,$32.88,0.33,$-0.02,0.0,$0.88,12.39,$0.02B,$0.01B,1.46,$0.00B,$0.04B,0.01,$0.12B,$0.02B,13.91%,$0.12B,$0.00B,2.61%,$0.12B,$0.00B,2.61%,$0.12B,$0.01B,5.22%,$0.12B,$0.01B,4.35%,$0.12B,$0.00B,2.61%,$0.00B,$0.04B,8.05%,$0.00B,$0.03B,9.52%,$0.00B,$0.06B,5.80%,$0.00B,$0.04B,8.05%,$33,$29,$5,$0,$2,$31,$2,$0,$2,$1,$1,$1,$1,$3,$2,$3,4,$0.38,$0.37,$14,$2,$0,$19,$25,$0,$6,$1,$37,$55,$13,$0,$0,$4,$17,$0,$23,$-0,$38,$55,$3,$4,$-0,$3,$1,$0,$-0,$-0,$1,$8,$-4,$0,$0,$-0,$1,$1,$0,$-3,$0,$-0,$-0,$-0,$-0,$-2,$0,$-2,$2,$0,$-2
36,2009-06-30,7.47,$10.83,0.69,$33.25,0.22,$-0.23,0.0,$1.06,7.04,$0.02B,$0.01B,2.18,$0.00B,$0.04B,0.01,$0.12B,$0.02B,14.41%,$0.12B,$0.00B,3.39%,$0.12B,$0.00B,3.39%,$0.12B,$0.01B,5.08%,$0.12B,$0.01B,5.08%,$0.12B,$0.00B,3.39%,$0.00B,$0.04B,10.74%,$0.00B,$0.03B,12.80%,$0.00B,$0.05B,7.77%,$0.00B,$0.04B,10.74%,$31,$26,$6,$0,$2,$29,$2,$0,$3,$1,$2,$2,$2,$3,$2,$3,3,$0.46,$0.46,$11,$2,$0,$18,$24,$0,$6,$1,$35,$52,$8,$0,$0,$6,$14,$0,$26,$-0,$38,$52,$2,$3,$-0,$3,$0,$-0,$-0,$-0,$-2,$2,$-2,$0,$0,$-0,$2,$2,$0,$-0,$0,$-0,$-0,$-0,$-0,$-2,$0,$-2,$-0,$0,$-2
37,2009-03-31,5.55,$10.34,0.54,$34.37,0.16,$-0.42,0.0,$1.47,3.78,$0.02B,$0.01B,2.1,$0.00B,$0.04B,0.01,$0.12B,$0.02B,15.45%,$0.12B,$0.01B,5.69%,$0.12B,$0.01B,5.69%,$0.12B,$0.01B,7.32%,$0.12B,$0.01B,6.50%,$0.12B,$0.01B,4.07%,$0.01B,$0.04B,13.33%,$0.01B,$0.03B,15.87%,$0.01B,$0.05B,9.57%,$0.01B,$0.04B,18.67%,$24,$22,$2,$0,$2,$25,$-1,$0,$-1,$-1,$-1,$-1,$-1,$-1,$-1,$3,3,$-0.20,$-0.20,$7,$2,$0,$15,$24,$0,$6,$1,$35,$50,$7,$0,$0,$7,$13,$0,$24,$-0,$36,$50,$-0,$2,$0,$2,$0,$-0,$-1,$-0,$-3,$-2,$-1,$0,$0,$-0,$4,$4,$0,$3,$0,$-0,$-0,$-0,$-0,$-2,$0,$-2,$-1,$0,$-2
38,2008-12-31,6.83,$10.53,0.65,$34.31,0.2,$-0.22,0.0,$1.77,3.86,$0.02B,$0.01B,2.16,$0.00B,$0.04B,0.01,$0.12B,$0.02B,16.26%,$0.12B,$0.01B,6.50%,$0.12B,$0.01B,6.50%,$0.12B,$0.01B,8.94%,$0.12B,$0.01B,7.32%,$0.12B,$0.01B,4.88%,$0.01B,$0.04B,15.89%,$0.01B,$0.03B,18.90%,$0.01B,$0.05B,11.48%,$0.01B,$0.04B,21.05%,$27,$23,$3,$0,$2,$26,$0,$1,$1,$0,$1,$1,$1,$1,$0,$4,4,$0.24,$0.24,$9,$2,$0,$15,$25,$0,$6,$1,$35,$50,$7,$0,$0,$7,$14,$0,$25,$0,$37,$50,$1,$1,$0,$1,$-0,$0,$-1,$-0,$-3,$-1,$-1,$0,$0,$-0,$2,$2,$0,$1,$0,$-0,$-0,$-0,$-0,$-2,$0,$-2,$-2,$0,$-2
39,2008-09-30,9.31,$10.70,0.87,$34.71,0.27,$0.07,128.18,$1.93,4.82,$0.02B,$0.01B,2.0,$0.00B,$0.04B,0.01,$0.13B,$0.02B,17.60%,$0.13B,$0.01B,8.00%,$0.13B,$0.01B,8.00%,$0.13B,$0.01B,10.40%,$0.13B,$0.01B,8.00%,$0.13B,$0.01B,4.80%,$0.01B,$0.04B,15.79%,$0.01B,$0.03B,18.75%,$0.01B,$0.05B,11.43%,$0.01B,$0.04B,25.97%,$36,$29,$6,$0,$2,$33,$3,$0,$3,$1,$2,$2,$2,$3,$3,$4,4,$0.56,$0.55,$12,$2,$0,$18,$25,$0,$6,$1,$36,$54,$9,$1,$0,$7,$16,$0,$25,$-0,$38,$54,$7,$3,$1,$5,$0,$-0,$0,$-0,$-0,$11,$-8,$0,$0,$0,$-0,$0,$1,$-7,$0,$-0,$-0,$-1,$-1,$-7,$3,$-5,$-1,$0,$-7
40,2008-06-30,14.75,$10.71,1.38,$33.28,0.44,$1.42,10.37,$2.08,7.09,$0.02B,$0.01B,1.72,$0.00B,$0.04B,0.02,$0.12B,$0.02B,18.33%,$0.12B,$0.01B,8.33%,$0.12B,$0.01B,8.33%,$0.12B,$0.01B,10.00%,$0.12B,$0.01B,8.33%,$0.12B,$0.01B,5.83%,$0.01B,$0.04B,18.42%,$0.01B,$0.03B,21.88%,$0.01B,$0.06B,13.46%,$0.01B,$0.04B,25.81%,$36,$28,$8,$0,$2,$31,$5,$0,$5,$2,$3,$3,$3,$6,$5,$4,4,$0.87,$0.87,$11,$2,$0,$18,$25,$0,$6,$1,$37,$55,$10,$1,$0,$6,$16,$0,$25,$-0,$39,$55,$5,$3,$0,$3,$-1,$-0,$0,$-0,$-1,$7,$-7,$0,$0,$0,$3,$3,$1,$-3,$0,$-0,$-0,$0,$0,$-5,$1,$-4,$1,$0,$-5
41,2008-03-31,16.24,$10.28,1.58,$32.75,0.5,$2.75,5.9,$2.17,7.48,$0.02B,$0.01B,1.98,$0.00B,$0.04B,0.02,$0.12B,$0.02B,18.64%,$0.12B,$0.01B,8.47%,$0.12B,$0.01B,8.47%,$0.12B,$0.01B,9.32%,$0.12B,$0.01B,8.47%,$0.12B,$0.01B,5.93%,$0.01B,$0.04B,18.67%,$0.01B,$0.03B,22.22%,$0.01B,$0.05B,13.59%,$0.01B,$0.04B,26.14%,$24,$21,$3,$0,$2,$24,$0,$0,$0,$0,$0,$0,$0,$1,$0,$4,4,$0.10,$0.10,$9,$2,$0,$16,$22,$0,$6,$1,$34,$50,$8,$1,$0,$5,$13,$0,$23,$0,$37,$50,$2,$1,$0,$2,$-0,$-0,$0,$-0,$-2,$2,$-4,$0,$0,$0,$3,$3,$1,$0,$0,$-0,$-0,$0,$0,$-3,$0,$-3,$-1,$0,$-3
42,2007-12-31,20.33,$10.60,1.92,$33.04,0.62,$3.18,6.39,$2.17,9.37,$0.02B,$0.01B,2.32,$0.00B,$0.04B,0.02,$0.12B,$0.02B,18.49%,$0.12B,$0.01B,9.24%,$0.12B,$0.01B,9.24%,$0.12B,$0.01B,10.08%,$0.12B,$0.01B,9.24%,$0.12B,$0.01B,5.88%,$0.01B,$0.04B,19.05%,$0.01B,$0.03B,22.76%,$0.01B,$0.05B,13.73%,$0.01B,$0.04B,29.33%,$29,$25,$5,$0,$2,$27,$2,$0,$2,$1,$1,$1,$1,$3,$2,$4,4,$0.41,$0.41,$12,$2,$0,$18,$21,$0,$6,$0,$32,$51,$8,$1,$0,$5,$13,$0,$25,$0,$38,$51,$1,$1,$0,$1,$0,$-0,$-0,$-0,$-1,$1,$-2,$0,$0,$0,$-0,$-0,$1,$-1,$0,$-0,$-0,$0,$0,$-2,$0,$-2,$-1,$0,$-2
43,2007-09-30,20.1,$10.59,1.9,$32.69,0.61,$3.35,6.01,$3.61,5.57,$0.02B,$0.01B,2.26,$0.00B,$0.04B,0.02,$0.12B,$0.02B,18.64%,$0.12B,$0.01B,9.32%,$0.12B,$0.01B,9.32%,$0.12B,$0.01B,11.02%,$0.12B,$0.01B,10.17%,$0.12B,$0.01B,11.02%,$0.01B,$0.04B,36.62%,$0.01B,$0.03B,42.98%,$0.01B,$0.05B,24.53%,$0.01B,$0.04B,30.56%,$31,$24,$6,$0,$3,$27,$3,$0,$3,$1,$2,$2,$3,$2,$3,$4,4,$0.71,$0.71,$13,$1,$0,$21,$20,$0,$6,$0,$31,$52,$9,$1,$0,$5,$14,$0,$25,$0,$38,$52,$13,$3,$-5,$-3,$0,$0,$0,$0,$2,$12,$-4,$0,$-2,$0,$-8,$-8,$14,$-0,$0,$-0,$-0,$1,$1,$-16,$0,$-15,$-4,$0,$-16
44,2007-06-30,19.95,$10.24,1.95,$32.50,0.61,$2.55,7.82,$3.45,5.78,$0.02B,$0.01B,1.74,$0.00B,$0.04B,0.02,$0.12B,$0.02B,18.10%,$0.12B,$0.01B,9.48%,$0.12B,$0.01B,9.48%,$0.12B,$0.02B,12.93%,$0.12B,$0.01B,10.34%,$0.12B,$0.01B,10.34%,$0.01B,$0.04B,33.33%,$0.01B,$0.03B,38.40%,$0.01B,$0.05B,22.64%,$0.01B,$0.04B,30.34%,$34,$27,$8,$0,$2,$30,$5,$0,$5,$1,$3,$3,$3,$5,$5,$4,4,$0.97,$0.96,$11,$2,$0,$20,$20,$0,$6,$0,$33,$53,$11,$1,$0,$5,$16,$0,$24,$0,$37,$53,$10,$4,$-8,$-4,$-1,$-0,$0,$0,$3,$9,$-4,$0,$-2,$0,$-8,$-8,$14,$-0,$0,$-0,$-0,$1,$1,$-15,$0,$-14,$-5,$0,$-15
45,2007-03-31,18.12,$9.59,1.89,$31.78,0.57,$2.25,8.06,$3.19,5.68,$0.02B,$0.01B,1.81,$0.00B,$0.03B,0.02,$0.11B,$0.02B,16.81%,$0.11B,$0.01B,8.85%,$0.11B,$0.01B,8.85%,$0.11B,$0.01B,12.39%,$0.11B,$0.01B,9.73%,$0.11B,$0.01B,9.73%,$0.01B,$0.03B,30.34%,$0.01B,$0.03B,34.38%,$0.01B,$0.05B,21.15%,$0.01B,$0.04B,27.40%,$25,$22,$3,$0,$2,$25,$1,$0,$1,$0,$1,$1,$0,$2,$1,$4,4,$0.11,$0.10,$7,$1,$0,$16,$19,$0,$6,$0,$32,$48,$9,$1,$0,$5,$14,$0,$22,$0,$34,$48,$7,$3,$-8,$-5,$-1,$-0,$-0,$-0,$-0,$2,$-3,$0,$-2,$0,$-4,$-4,$14,$5,$0,$-0,$-0,$1,$1,$-13,$0,$-13,$-6,$0,$-13
46,2006-12-31,15.85,$9.38,1.69,$31.54,0.5,$1.87,8.5,$3.05,5.2,$0.03B,$0.02B,1.32,$0.00B,$0.03B,0.0,$0.11B,$0.02B,16.07%,$0.11B,$0.01B,8.04%,$0.11B,$0.01B,8.04%,$0.11B,$0.01B,11.61%,$0.11B,$0.01B,8.93%,$0.11B,$0.01B,9.82%,$0.01B,$0.03B,29.93%,$0.01B,$0.03B,33.08%,$0.01B,$0.06B,21.26%,$0.01B,$0.03B,24.49%,$28,$22,$5,$0,$2,$25,$2,$0,$3,$1,$2,$2,$7,$4,$2,$4,4,$1.84,$1.84,$19,$2,$0,$28,$19,$1,$3,$0,$31,$59,$21,$0,$0,$4,$26,$0,$21,$0,$33,$59,$7,$1,$-8,$-6,$-1,$-0,$0,$-0,$0,$0,$-1,$0,$0,$0,$-13,$-13,$14,$0,$0,$0,$0,$0,$0,$-1,$0,$-1,$-0,$0,$-1
