,Date,Stock Price,Book Value per Share,Price to Book Ratio,TTM Sales per Share,Price to Sales Ratio,TTM FCF per Share,Price to FCF Ratio,TTM Net EPS,PE Ratio,Current Assets,Current Liabilities,Current Ratio,Long Term Debt,Shareholder's Equity_x,Debt to Equity Ratio,TTM Revenue_x,TTM Gross Profit,Gross Margin,TTM Revenue_y,TTM Operating Income,Operating Margin,TTM Revenue_x,TTM EBIT,EBIT Margin,TTM Revenue_y,TTM EBITDA,EBITDA Margin,TTM Revenue_x,TTM Pre-Tax Income,Pre-Tax Margin,TTM Revenue_y,TTM Net Income_x,Net Margin,TTM Net Income_y,Shareholder's Equity_y,Return on Equity,TTM Net Income_x,Tangible Equity,Return on Tangible Equity,TTM Net Income_y,Total Assets,Return on Assets,TTM Net Income,LT Investments & Debt,Return on Investment,revenue,cost-goods-sold,gross-profit,research-development-expenses,selling-general-administrative-expenses,operating-expenses,operating-income,total-non-operating-income-expense,pre-tax-income,total-provision-income-taxes,income-after-taxes,income-from-continuous-operations,net-income,ebitda,ebit,basic-shares-outstanding,shares-outstanding,eps-basic-net-earnings-per-share,eps-earnings-per-share-diluted,cash-on-hand,inventory,other-current-assets,total-current-assets,net-property-plant-equipment,long-term-investments,goodwill-intangible-assets-total,other-long-term-assets,total-long-term-assets,total-assets,total-current-liabilities,long-term-debt,other-non-current-liabilities,total-long-term-liabilities,total-liabilities,common-stock-net,retained-earnings-accumulated-deficit,comprehensive-income,total-share-holder-equity,total-liabilities-share-holders-equity,net-income-loss,total-depreciation-amortization-cash-flow,other-non-cash-items,total-non-cash-items,change-in-accounts-receivable,change-in-inventories,change-in-accounts-payable,change-in-assets-liabilities,total-change-in-assets-liabilities,cash-flow-from-operating-activities,net-change-in-property-plant-equipment,net-change-in-intangible-assets,net-acquisitions-divestitures,net-change-in-short-term-investments,net-change-in-long-term-investments,net-change-in-investments-total,investing-activities-other,cash-flow-from-investing-activities,net-long-term-debt,net-current-debt,debt-issuance-retirement-net-total,net-common-equity-issued-repurchased,net-total-equity-issued-repurchased,total-common-preferred-stock-dividends-paid,financial-activities-other,cash-flow-from-financial-activities,net-cash-flow,stock-based-compensation,common-stock-dividends-paid
0,2018-09-30,16.92,$12.09,1.4,$8.01,2.11,$-17.10,0.0,$0.20,84.6,$0.28B,$0.04B,7.59,$1.13B,$0.19B,5.91,$0.13B,$0.06B,50.39%,$0.13B,$0.02B,13.39%,$0.13B,$0.02B,13.39%,$0.13B,$0.05B,37.80%,$0.13B,$0.03B,22.05%,$0.13B,$0.02B,18.90%,$0.02B,$0.19B,13.73%,$0.02B,$0.19B,13.73%,$0.02B,$1.40B,1.79%,$0.02B,$1.33B,1.37%,$33,$16,$17,$0,$2,$28,$5,$18,$23,$1,$23,$23,$20,$14,$5,$16,16,$1.26,$1.26,$96,$0,$0,$283,$1050,$0,$0,$69,$1119,$1402,$37,$1132,$39,$1172,$1209,$0,$32,$0,$193,$1402,$29,$23,$-14,$9,$1,$0,$-4,$-46,$-49,$-11,$-64,$0,$0,$0,$0,$0,$-8,$-72,$111,$0,$111,$0,$0,$-1,$-20,$91,$8,$0,$0
1,2018-06-30,15.81,$10.83,1.46,$7.97,1.98,$-17.23,0.0,$0.79,20.01,$0.28B,$0.03B,8.7,$1.07B,$0.17B,6.22,$0.13B,$0.06B,50.00%,$0.13B,$0.02B,13.49%,$0.13B,$0.02B,13.49%,$0.13B,$0.05B,37.30%,$0.13B,$0.02B,11.90%,$0.13B,$0.01B,10.32%,$0.01B,$0.17B,7.72%,$0.01B,$0.17B,7.72%,$0.01B,$1.35B,1.00%,$0.02B,$1.24B,1.43%,$32,$16,$16,$0,$3,$28,$4,$3,$6,$0,$6,$6,$6,$11,$4,$16,16,$0.35,$0.35,$93,$0,$0,$275,$1010,$0,$0,$64,$1074,$1349,$32,$1066,$79,$1144,$1176,$0,$11,$0,$173,$1349,$6,$15,$-2,$13,$-1,$0,$-1,$-14,$-16,$3,$-44,$0,$0,$0,$0,$0,$-8,$-52,$56,$0,$56,$0,$0,$-0,$-2,$53,$4,$0,$0
2,2018-03-31,19.38,$10.45,1.86,$8.04,2.41,$-17.35,0.0,$-0.28,0.0,$0.27B,$0.03B,9.59,$1.04B,$0.17B,6.29,$0.13B,$0.06B,50.00%,$0.13B,$0.02B,14.29%,$0.13B,$0.02B,14.29%,$0.13B,$0.05B,38.89%,$0.13B,$-0.00B,-1.59%,$0.13B,$-0.00B,-3.17%,$-0.00B,$0.17B,-2.43%,$-0.00B,$0.17B,-2.43%,$-0.00B,$1.31B,-0.32%,$0.02B,$1.21B,1.57%,$31,$14,$17,$0,$2,$26,$5,$-5,$-0,$0,$-0,$-0,$-1,$13,$5,$16,16,$-0.06,$-0.06,$96,$0,$0,$269,$979,$0,$0,$64,$1043,$1312,$28,$1040,$77,$1117,$1145,$0,$5,$0,$167,$1312,$-0,$8,$-2,$6,$1,$0,$-3,$-0,$-2,$4,$-15,$0,$0,$0,$0,$0,$-11,$-26,$40,$0,$40,$0,$0,$-0,$-9,$30,$8,$0,$0
3,2017-12-31,12.85,$10.69,1.2,$8.14,1.58,$-18.24,0.0,$-0.61,0.0,$0.24B,$0.04B,6.07,$1.01B,$0.16B,6.2,$0.13B,$0.06B,48.82%,$0.13B,$0.02B,13.39%,$0.13B,$0.02B,13.39%,$0.13B,$0.05B,37.80%,$0.13B,$-0.01B,-6.30%,$0.13B,$-0.01B,-7.09%,$-0.01B,$0.17B,-5.44%,$-0.01B,$0.17B,-5.44%,$-0.01B,$1.30B,-0.72%,$0.02B,$1.18B,1.55%,$31,$17,$14,$0,$2,$28,$3,$-4,$-1,$0,$-2,$-2,$-1,$10,$3,$16,16,$-0.09,$-0.09,$89,$0,$0,$239,$988,$0,$0,$70,$1058,$1297,$39,$1014,$77,$1091,$1131,$0,$6,$0,$166,$1297,$-9,$30,$-21,$9,$-1,$0,$-8,$-28,$-37,$-37,$-104,$0,$-0,$0,$0,$0,$14,$-90,$250,$0,$250,$0,$0,$-1,$-97,$153,$25,$0,$0
4,2017-09-30,8.65,$10.53,0.82,$8.04,1.08,$-11.93,0.0,$-0.43,0.0,$0.24B,$0.04B,5.65,$0.95B,$0.17B,5.71,$0.13B,$0.06B,48.41%,$0.13B,$0.02B,13.49%,$0.13B,$0.02B,13.49%,$0.13B,$0.05B,38.89%,$0.13B,$-0.00B,-3.17%,$0.13B,$-0.01B,-5.56%,$-0.01B,$0.17B,-4.17%,$-0.01B,$0.17B,-4.17%,$-0.01B,$1.23B,-0.58%,$0.02B,$1.11B,1.60%,$32,$15,$16,$0,$2,$26,$5,$4,$10,$0,$10,$10,$9,$13,$5,$16,16,$0.59,$0.59,$101,$0,$0,$235,$939,$0,$0,$59,$998,$1233,$41,$945,$78,$1023,$1065,$0,$7,$0,$168,$1233,$-7,$22,$-14,$9,$2,$0,$2,$-11,$-7,$-19,$-56,$0,$0,$0,$0,$0,$22,$-34,$101,$0,$101,$0,$0,$-1,$-2,$98,$83,$0,$0
5,2017-06-30,8.52,$10.19,0.84,$7.93,1.07,$-9.39,0.0,$-1.28,0.0,$0.23B,$0.05B,4.84,$0.94B,$0.16B,6.0,$0.12B,$0.06B,47.58%,$0.12B,$0.02B,12.90%,$0.12B,$0.02B,12.90%,$0.12B,$0.05B,37.90%,$0.12B,$-0.02B,-15.32%,$0.12B,$-0.02B,-16.13%,$-0.02B,$0.16B,-11.85%,$-0.02B,$0.16B,-11.85%,$-0.02B,$1.23B,-1.68%,$0.02B,$1.09B,1.55%,$32,$15,$16,$0,$2,$27,$5,$-16,$-11,$0,$-11,$-11,$-11,$13,$5,$16,16,$-0.72,$-0.72,$96,$0,$0,$234,$931,$0,$0,$68,$999,$1233,$48,$935,$91,$1026,$1075,$0,$-2,$0,$158,$1233,$-17,$15,$-0,$15,$2,$0,$0,$-3,$-0,$-2,$-39,$0,$0,$0,$0,$0,$16,$-23,$59,$0,$59,$0,$0,$-1,$7,$66,$40,$0,$0
6,2017-03-31,8.04,$10.95,0.73,$7.88,1.02,$-7.74,0.0,$-0.40,0.0,$0.23B,$0.12B,1.97,$0.84B,$0.17B,4.98,$0.12B,$0.06B,47.97%,$0.12B,$0.02B,13.01%,$0.12B,$0.02B,13.01%,$0.12B,$0.05B,36.59%,$0.12B,$-0.01B,-4.07%,$0.12B,$-0.01B,-5.69%,$-0.01B,$0.17B,-4.04%,$-0.01B,$0.17B,-4.04%,$-0.01B,$1.21B,-0.60%,$0.02B,$1.01B,1.58%,$32,$16,$16,$0,$2,$27,$4,$-10,$-6,$0,$-6,$-6,$-6,$12,$4,$16,16,$-0.39,$-0.39,$87,$0,$0,$230,$912,$0,$0,$72,$983,$1214,$117,$835,$91,$927,$1044,$0,$9,$0,$170,$1214,$-6,$8,$-1,$7,$1,$0,$1,$-12,$-10,$-9,$-16,$0,$-0,$0,$0,$0,$3,$-13,$63,$0,$63,$0,$0,$-0,$-10,$53,$31,$0,$0
7,2016-12-31,5.17,$11.35,0.46,$7.71,0.67,$-6.88,0.0,$-0.25,0.0,$0.21B,$0.06B,3.68,$0.85B,$0.17B,4.89,$0.12B,$0.06B,47.50%,$0.12B,$0.02B,12.50%,$0.12B,$0.02B,12.50%,$0.12B,$0.04B,35.83%,$0.12B,$-0.00B,-2.50%,$0.12B,$-0.01B,-4.17%,$-0.01B,$0.18B,-2.87%,$-0.01B,$0.18B,-2.87%,$-0.01B,$1.18B,-0.44%,$0.02B,$1.03B,1.49%,$30,$17,$13,$0,$1,$27,$3,$0,$3,$0,$3,$3,$1,$11,$3,$16,16,$0.09,$0.09,$56,$0,$0,$207,$901,$0,$0,$67,$968,$1175,$56,$851,$91,$942,$999,$0,$14,$0,$176,$1175,$-2,$28,$-19,$9,$2,$0,$3,$6,$11,$17,$-61,$0,$5,$0,$0,$0,$-5,$-61,$69,$0,$69,$0,$0,$-1,$-22,$46,$2,$0,$0
8,2016-09-30,7.81,$11.01,0.71,$7.72,1.01,$-14.99,0.0,$-0.45,0.0,$0.17B,$0.04B,4.02,$0.83B,$0.17B,4.95,$0.12B,$0.06B,47.06%,$0.12B,$0.01B,8.40%,$0.12B,$0.01B,8.40%,$0.12B,$0.04B,30.25%,$0.12B,$-0.01B,-6.72%,$0.12B,$-0.01B,-6.72%,$-0.01B,$0.17B,-4.59%,$-0.01B,$0.17B,-4.59%,$-0.01B,$1.14B,-0.71%,$0.01B,$1.01B,1.01%,$30,$16,$14,$0,$2,$26,$4,$-9,$-5,$0,$-5,$-5,$-4,$11,$4,$16,16,$-0.26,$-0.26,$41,$0,$0,$174,$910,$0,$0,$55,$965,$1139,$43,$834,$91,$925,$969,$0,$13,$0,$171,$1139,$-5,$20,$-9,$11,$2,$0,$13,$8,$23,$29,$-64,$0,$0,$0,$2,$2,$-1,$-62,$41,$0,$41,$0,$0,$-1,$-15,$26,$-8,$0,$0
9,2016-06-30,6.78,$11.34,0.6,$7.58,0.89,$-23.22,0.0,$-0.54,0.0,$0.18B,$0.04B,4.86,$0.83B,$0.17B,4.76,$0.12B,$0.06B,47.01%,$0.12B,$0.01B,6.84%,$0.12B,$0.01B,6.84%,$0.12B,$0.03B,29.06%,$0.12B,$-0.01B,-7.69%,$0.12B,$-0.01B,-7.69%,$-0.01B,$0.18B,-5.11%,$-0.01B,$0.18B,-5.11%,$-0.01B,$1.13B,-0.81%,$0.01B,$1.00B,0.81%,$31,$15,$16,$0,$2,$26,$5,$-1,$3,$0,$3,$3,$2,$11,$5,$16,16,$0.16,$0.16,$49,$0,$0,$180,$901,$0,$0,$51,$952,$1132,$37,$827,$91,$919,$956,$0,$16,$0,$176,$1132,$-0,$13,$-9,$4,$-1,$0,$-1,$32,$30,$34,$-50,$0,$0,$0,$2,$2,$-3,$-51,$29,$0,$29,$0,$0,$-1,$-9,$20,$4,$0,$0
10,2016-03-31,5.14,$11.13,0.46,$6.95,0.74,$-29.69,0.0,$-0.65,0.0,$0.19B,$0.04B,5.45,$0.81B,$0.17B,4.74,$0.11B,$0.05B,47.27%,$0.11B,$0.01B,6.36%,$0.11B,$0.01B,6.36%,$0.11B,$0.03B,29.09%,$0.11B,$-0.01B,-9.09%,$0.11B,$-0.01B,-9.09%,$-0.01B,$0.17B,-5.60%,$-0.01B,$0.17B,-5.60%,$-0.01B,$1.11B,-0.91%,$0.01B,$0.98B,0.72%,$29,$15,$14,$0,$2,$26,$3,$-7,$-4,$-0,$-4,$-4,$-4,$10,$3,$16,16,$-0.24,$-0.24,$41,$0,$0,$190,$855,$0,$0,$62,$918,$1107,$35,$809,$91,$900,$935,$0,$14,$0,$173,$1107,$-4,$7,$-2,$5,$2,$0,$-5,$-5,$-7,$-6,$-6,$0,$3,$0,$0,$0,$2,$-1,$6,$0,$6,$0,$0,$-0,$-4,$2,$-5,$0,$0
11,2015-12-31,5.62,$11.40,0.49,$6.40,0.88,$-27.08,0.0,$-0.24,0.0,$0.21B,$0.04B,4.72,$0.81B,$0.18B,4.61,$0.10B,$0.05B,47.12%,$0.10B,$0.01B,5.77%,$0.10B,$0.01B,5.77%,$0.10B,$0.03B,27.88%,$0.10B,$-0.00B,-2.88%,$0.10B,$-0.00B,-2.88%,$-0.00B,$0.18B,-1.66%,$-0.00B,$0.18B,-1.66%,$-0.00B,$1.12B,-0.28%,$0.01B,$0.98B,0.64%,$29,$17,$12,$0,$2,$31,$-2,$0,$-2,$1,$-2,$-2,$-2,$4,$-2,$15,15,$-0.10,$-0.09,$61,$0,$0,$209,$854,$0,$0,$55,$908,$1117,$44,$805,$91,$896,$940,$0,$17,$0,$177,$1117,$-3,$24,$-16,$9,$-3,$0,$-11,$-25,$-40,$-35,$-131,$0,$4,$0,$0,$0,$-3,$-130,$200,$0,$200,$0,$0,$-1,$-31,$168,$3,$0,$0
12,2015-09-30,7.0,$11.52,0.61,$6.17,1.13,$-15.54,0.0,$-0.13,0.0,$0.21B,$0.05B,4.59,$0.79B,$0.18B,4.48,$0.10B,$0.05B,48.96%,$0.10B,$0.01B,5.21%,$0.10B,$0.01B,5.21%,$0.10B,$0.03B,29.17%,$0.10B,$-0.01B,-10.42%,$0.10B,$0.03B,27.08%,$0.03B,$0.18B,14.33%,$0.03B,$0.18B,14.33%,$0.03B,$1.09B,2.55%,$0.01B,$0.97B,0.56%,$28,$14,$13,$0,$1,$26,$2,$-8,$-6,$-0,$-6,$-6,$-5,$9,$2,$16,16,$-0.35,$-0.35,$54,$0,$0,$213,$825,$0,$0,$49,$874,$1087,$46,$790,$72,$862,$908,$0,$18,$0,$179,$1087,$-2,$18,$-9,$9,$-1,$0,$-0,$-35,$-36,$-28,$-135,$0,$-1,$0,$0,$0,$19,$-116,$174,$0,$174,$0,$0,$-1,$-28,$144,$-0,$0,$0
13,2015-06-30,4.85,$11.95,0.41,$5.80,0.84,$-3.87,0.0,$0.09,53.89,$0.23B,$0.04B,5.33,$0.78B,$0.18B,4.23,$0.09B,$0.04B,49.43%,$0.09B,$0.00B,3.45%,$0.09B,$0.00B,3.45%,$0.09B,$0.03B,28.74%,$0.09B,$-0.01B,-9.20%,$0.09B,$0.03B,33.33%,$0.03B,$0.19B,16.76%,$0.03B,$0.19B,16.76%,$0.03B,$1.08B,2.96%,$0.00B,$0.96B,0.35%,$24,$11,$13,$0,$2,$20,$4,$-2,$2,$0,$2,$2,$1,$9,$4,$15,18,$0.06,$0.05,$71,$0,$0,$234,$802,$0,$0,$41,$843,$1077,$44,$775,$73,$847,$891,$0,$24,$0,$185,$1077,$5,$11,$-6,$5,$-1,$0,$1,$-36,$-36,$-27,$-107,$0,$3,$0,$0,$0,$9,$-96,$152,$0,$152,$0,$0,$-1,$-23,$129,$7,$0,$0
14,2015-03-31,5.39,$12.95,0.42,$6.13,0.88,$6.37,0.85,$0.12,44.92,$0.20B,$0.05B,4.13,$0.64B,$0.18B,3.59,$0.08B,$0.04B,48.19%,$0.08B,$-0.00B,-1.20%,$0.08B,$-0.00B,-1.20%,$0.08B,$0.02B,24.10%,$0.08B,$-0.01B,-16.87%,$0.08B,$0.03B,34.94%,$0.03B,$0.18B,17.93%,$0.03B,$0.18B,17.93%,$0.03B,$0.95B,3.08%,$-0.00B,$0.82B,-0.12%,$23,$12,$11,$0,$2,$21,$2,$1,$3,$-0,$3,$3,$3,$7,$2,$14,17,$0.17,$0.17,$56,$0,$0,$199,$697,$0,$0,$50,$746,$946,$48,$641,$74,$716,$764,$0,$22,$0,$182,$946,$3,$5,$-3,$2,$2,$0,$-4,$28,$26,$31,$2,$0,$-0,$0,$0,$0,$-6,$-5,$-14,$0,$-14,$0,$0,$-0,$-5,$-19,$7,$0,$0
15,2014-12-31,5.46,$12.80,0.43,$6.46,0.84,$5.24,1.04,$0.20,27.3,$0.22B,$0.05B,4.14,$0.66B,$0.18B,3.74,$0.08B,$0.04B,48.10%,$0.08B,$-0.00B,-3.80%,$0.08B,$-0.00B,-3.80%,$0.08B,$0.02B,24.05%,$0.08B,$-0.02B,-22.78%,$0.08B,$0.03B,36.71%,$0.03B,$0.18B,19.21%,$0.03B,$0.18B,19.21%,$0.03B,$0.97B,3.08%,$-0.00B,$0.84B,-0.37%,$21,$11,$10,$0,$4,$25,$-3,$-5,$-9,$-15,$7,$7,$27,$3,$-3,$13,13,$2.09,$2.09,$62,$0,$0,$217,$700,$0,$0,$48,$748,$965,$52,$659,$74,$733,$786,$0,$19,$0,$180,$965,$40,$22,$-62,$-40,$9,$0,$-7,$-40,$-38,$-38,$46,$0,$-0,$0,$-1,$-1,$-6,$38,$20,$0,$20,$0,$0,$-2,$-22,$-5,$-4,$0,$0
16,2014-09-30,5.36,$10.32,0.52,$6.55,0.82,$23.94,0.22,$3.53,1.52,$0.20B,$0.06B,3.65,$0.66B,$0.14B,4.65,$0.08B,$0.04B,50.00%,$0.08B,$-0.02B,-23.08%,$0.08B,$-0.02B,-23.08%,$0.08B,$0.00B,1.28%,$0.08B,$-0.04B,-51.28%,$0.08B,$0.04B,51.28%,$0.04B,$0.15B,28.62%,$0.04B,$0.15B,28.62%,$0.04B,$0.94B,4.28%,$-0.02B,$0.80B,-2.26%,$19,$11,$9,$0,$2,$19,$0,$-4,$-4,$-1,$-3,$-3,$-2,$6,$0,$14,14,$-0.13,$-0.13,$33,$0,$0,$204,$684,$0,$0,$48,$732,$936,$56,$659,$76,$735,$791,$0,$-8,$0,$145,$936,$5,$16,$-15,$1,$11,$0,$-9,$-14,$-12,$-6,$22,$0,$-0,$-4,$-0,$-4,$-21,$-3,$12,$0,$12,$0,$0,$-2,$-13,$-3,$-12,$0,$0
17,2014-06-30,6.76,$12.14,0.56,$6.82,0.99,$28.30,0.24,$3.04,2.22,$0.20B,$0.06B,3.36,$0.65B,$0.14B,4.78,$0.08B,$0.04B,49.37%,$0.08B,$-0.02B,-24.05%,$0.08B,$-0.02B,-24.05%,$0.08B,$0.00B,0.00%,$0.08B,$-0.04B,-55.70%,$0.08B,$0.04B,44.30%,$0.04B,$0.14B,28.00%,$0.04B,$0.14B,28.00%,$0.04B,$0.92B,3.62%,$-0.02B,$0.79B,-2.32%,$20,$10,$10,$0,$3,$20,$-0,$-4,$-4,$-2,$-2,$-2,$1,$4,$-0,$12,12,$0.07,$0.07,$40,$0,$0,$204,$671,$0,$0,$47,$718,$922,$61,$645,$76,$722,$782,$0,$-7,$0,$140,$922,$6,$11,$-14,$-3,$7,$0,$-12,$-4,$-9,$-6,$37,$0,$-0,$-3,$-0,$-3,$-8,$26,$-6,$0,$-6,$0,$0,$-1,$-16,$-23,$-3,$0,$0
18,2014-03-31,9.46,$12.02,0.79,$6.90,1.37,$31.02,0.3,$3.63,2.61,$0.21B,$0.06B,3.54,$0.67B,$0.13B,4.99,$0.08B,$0.04B,50.63%,$0.08B,$-0.02B,-22.78%,$0.08B,$-0.02B,-22.78%,$0.08B,$0.00B,5.06%,$0.08B,$-0.04B,-55.70%,$0.08B,$0.04B,53.16%,$0.04B,$0.14B,37.00%,$0.04B,$0.14B,37.00%,$0.04B,$0.94B,4.19%,$-0.02B,$0.81B,-2.13%,$19,$10,$9,$0,$2,$19,$0,$-2,$-1,$-2,$1,$1,$3,$6,$0,$12,12,$0.25,$0.25,$46,$0,$0,$210,$684,$0,$0,$46,$730,$940,$59,$666,$76,$742,$802,$0,$-8,$0,$139,$940,$4,$6,$-7,$-1,$12,$0,$-21,$-9,$-19,$-15,$24,$0,$-0,$-1,$0,$-1,$-8,$15,$12,$0,$12,$0,$0,$-1,$-9,$3,$2,$0,$0
19,2013-12-31,5.25,$11.70,0.45,$7.01,0.75,$31.74,0.17,$3.36,1.56,$0.20B,$0.07B,2.73,$0.66B,$0.13B,5.07,$0.08B,$0.04B,51.25%,$0.08B,$-0.02B,-20.00%,$0.08B,$-0.02B,-20.00%,$0.08B,$0.01B,10.00%,$0.08B,$-0.05B,-63.75%,$0.08B,$0.04B,48.75%,$0.04B,$0.14B,39.10%,$0.04B,$0.14B,39.10%,$0.04B,$0.94B,3.75%,$-0.02B,$0.79B,-1.82%,$20,$10,$11,$0,$2,$39,$-18,$-12,$-31,$-32,$1,$1,$38,$-15,$-18,$12,12,$3.33,$3.33,$49,$0,$0,$200,$700,$0,$0,$43,$743,$943,$73,$659,$76,$735,$808,$0,$-12,$0,$135,$943,$52,$23,$-80,$-57,$-9,$0,$-30,$2,$-37,$-42,$265,$0,$1,$0,$5,$5,$-18,$252,$-187,$0,$-187,$0,$0,$-2,$-17,$-207,$3,$0,$0
20,2013-09-30,4.58,$7.48,0.61,$5.12,0.89,$16.54,0.28,$-0.41,0.0,$0.12B,$0.10B,1.18,$0.81B,$0.08B,9.92,$0.06B,$0.03B,50.85%,$0.06B,$-0.00B,-6.78%,$0.06B,$-0.00B,-6.78%,$0.06B,$0.02B,38.98%,$0.06B,$-0.02B,-28.81%,$0.06B,$-0.00B,-6.78%,$-0.00B,$0.09B,-4.58%,$-0.00B,$0.09B,-4.58%,$-0.00B,$1.07B,-0.37%,$-0.00B,$0.89B,-0.44%,$20,$10,$9,$0,$2,$20,$-1,$-8,$-8,$-0,$-8,$-8,$-7,$5,$-1,$12,12,$-0.62,$-0.62,$9,$0,$0,$115,$871,$0,$0,$80,$951,$1065,$97,$806,$76,$882,$979,$0,$-51,$-1,$86,$1065,$3,$20,$-24,$-4,$-4,$0,$-4,$-3,$-12,$-13,$77,$0,$0,$-6,$-2,$-8,$3,$71,$-49,$0,$-49,$0,$0,$-2,$-15,$-66,$-8,$0,$0
21,2013-06-30,5.02,$8.17,0.61,$5.84,0.86,$14.29,0.35,$0.21,23.9,$0.11B,$0.09B,1.34,$0.80B,$0.09B,8.99,$0.07B,$0.04B,52.24%,$0.07B,$0.00B,2.99%,$0.07B,$0.00B,2.99%,$0.07B,$0.03B,41.79%,$0.07B,$-0.01B,-11.94%,$0.07B,$0.00B,4.48%,$0.00B,$0.09B,3.39%,$0.00B,$0.09B,3.39%,$0.00B,$1.06B,0.27%,$0.00B,$0.90B,0.21%,$20,$9,$11,$0,$2,$19,$1,$-6,$-4,$-5,$1,$1,$8,$8,$1,$12,12,$0.67,$0.67,$9,$0,$0,$114,$873,$0,$0,$72,$945,$1059,$85,$803,$76,$879,$964,$0,$-44,$-1,$94,$1059,$10,$14,$-25,$-10,$2,$0,$-12,$-3,$-13,$-13,$76,$0,$0,$-3,$-2,$-5,$3,$73,$-57,$0,$-57,$0,$0,$-1,$-10,$-68,$-8,$0,$0
22,2013-03-31,4.12,$7.32,0.56,$6.43,0.64,$12.07,0.34,$-0.30,0.0,$0.11B,$0.08B,1.31,$0.85B,$0.08B,10.68,$0.07B,$0.04B,51.35%,$0.07B,$0.01B,8.11%,$0.07B,$0.01B,8.11%,$0.07B,$0.03B,44.59%,$0.07B,$-0.01B,-6.76%,$0.07B,$-0.00B,-1.35%,$-0.00B,$0.08B,-1.14%,$-0.00B,$0.08B,-1.14%,$-0.00B,$1.09B,-0.09%,$0.01B,$0.93B,0.63%,$20,$10,$10,$0,$2,$18,$2,$-10,$-8,$-3,$-5,$-5,$-0,$10,$2,$12,12,$-0.02,$-0.02,$8,$0,$0,$110,$907,$0,$0,$74,$980,$1090,$84,$849,$73,$922,$1006,$0,$-53,$-1,$84,$1090,$-0,$8,$-7,$0,$3,$0,$-9,$-4,$-10,$-10,$27,$0,$0,$-1,$-2,$-3,$-0,$24,$-17,$0,$-17,$0,$0,$-1,$-6,$-24,$-10,$0,$0
23,2012-12-31,2.73,$7.38,0.37,$7.10,0.38,$9.40,0.29,$-0.93,0.0,$0.15B,$0.11B,1.41,$0.87B,$0.08B,10.85,$0.08B,$0.04B,51.22%,$0.08B,$0.01B,9.76%,$0.08B,$0.01B,9.76%,$0.08B,$0.03B,40.24%,$0.08B,$-0.01B,-8.54%,$0.08B,$-0.01B,-9.76%,$-0.01B,$0.09B,-9.04%,$-0.01B,$0.09B,-9.04%,$-0.01B,$1.14B,-0.69%,$0.01B,$0.96B,0.82%,$-1,$-1,$-0,$0,$1,$5,$-6,$9,$3,$3,$-0,$-0,$-5,$-0,$-6,$12,12,$-0.45,$-0.45,$48,$0,$0,$151,$930,$0,$0,$54,$984,$1135,$107,$870,$73,$943,$1050,$0,$-53,$-1,$85,$1135,$-7,$25,$-10,$15,$-6,$0,$-8,$-21,$-35,$-27,$74,$0,$-0,$0,$3,$3,$-3,$74,$-24,$0,$-24,$0,$0,$-2,$-27,$-54,$-7,$0,$0
24,2012-09-30,3.36,$7.91,0.42,$6.67,0.5,$7.87,0.43,$-0.49,0.0,$0.11B,$0.10B,1.13,$0.87B,$0.09B,10.08,$0.08B,$0.04B,50.65%,$0.08B,$-0.03B,-38.96%,$0.08B,$-0.03B,-38.96%,$0.08B,$-0.01B,-7.79%,$0.08B,$-0.03B,-40.26%,$0.08B,$-0.01B,-11.69%,$-0.01B,$0.09B,-9.89%,$-0.01B,$0.09B,-9.89%,$-0.01B,$1.13B,-0.76%,$-0.03B,$0.96B,-3.01%,$28,$14,$14,$0,$1,$22,$5,$-4,$1,$0,$1,$1,$-0,$10,$5,$12,12,$-0.00,$-0.00,$7,$0,$0,$108,$944,$0,$0,$82,$1025,$1134,$96,$870,$77,$946,$1042,$0,$-49,$-1,$91,$1134,$-1,$19,$-16,$3,$-2,$0,$-16,$-15,$-34,$-32,$69,$0,$-0,$-2,$3,$1,$5,$75,$-33,$0,$-33,$0,$0,$-2,$-23,$-57,$-14,$0,$0
25,2012-06-30,1.95,$7.92,0.25,$6.78,0.29,$22.97,0.08,$-0.51,0.0,$0.12B,$0.11B,1.13,$0.89B,$0.09B,10.26,$0.08B,$0.04B,48.72%,$0.08B,$-0.03B,-43.59%,$0.08B,$-0.03B,-43.59%,$0.08B,$-0.01B,-11.54%,$0.08B,$-0.05B,-57.69%,$0.08B,$-0.01B,-11.54%,$-0.01B,$0.09B,-9.73%,$-0.01B,$0.09B,-9.73%,$-0.01B,$1.16B,-0.73%,$-0.03B,$0.98B,-3.28%,$27,$13,$14,$0,$1,$22,$5,$-6,$-1,$-2,$2,$2,$4,$13,$5,$12,12,$0.35,$0.35,$18,$0,$0,$119,$962,$0,$0,$78,$1041,$1160,$106,$886,$78,$963,$1069,$0,$-49,$-1,$91,$1160,$-2,$14,$-12,$2,$-6,$0,$-3,$-14,$-22,$-22,$60,$0,$-0,$-1,$3,$2,$-2,$60,$-20,$0,$-20,$0,$0,$-1,$-19,$-40,$-2,$0,$0
26,2012-03-31,1.7,$7.52,0.23,$6.10,0.28,$26.42,0.06,$0.53,3.21,$0.11B,$0.10B,1.15,$0.92B,$0.08B,11.26,$0.08B,$0.04B,47.50%,$0.08B,$-0.04B,-47.50%,$0.08B,$-0.04B,-47.50%,$0.08B,$-0.01B,-16.25%,$0.08B,$-0.04B,-52.50%,$0.08B,$0.00B,1.25%,$0.00B,$0.09B,1.05%,$0.00B,$0.09B,1.05%,$0.00B,$1.18B,0.08%,$-0.04B,$1.01B,-3.46%,$28,$14,$14,$0,$3,$24,$4,$-13,$-10,$-1,$-9,$-9,$-7,$10,$4,$12,12,$-0.59,$-0.59,$8,$0,$0,$109,$995,$0,$0,$78,$1073,$1182,$95,$921,$79,$1000,$1095,$0,$-54,$-1,$87,$1182,$-7,$7,$-3,$4,$-3,$0,$-11,$-5,$-18,$-22,$8,$0,$-0,$0,$3,$3,$3,$14,$4,$0,$4,$0,$0,$-1,$-8,$-4,$-12,$0,$0
27,2011-12-31,1.87,$8.27,0.23,$6.10,0.31,$29.26,0.06,$0.33,5.67,$0.12B,$0.12B,1.01,$0.94B,$0.09B,10.41,$0.08B,$0.04B,45.00%,$0.08B,$-0.05B,-58.75%,$0.08B,$-0.05B,-58.75%,$0.08B,$-0.02B,-25.00%,$0.08B,$-0.05B,-56.25%,$0.08B,$-0.00B,-2.50%,$-0.00B,$0.10B,-2.08%,$-0.00B,$0.10B,-2.08%,$-0.00B,$1.24B,-0.15%,$-0.05B,$1.04B,-4.00%,$-6,$-3,$-3,$0,$3,$37,$-44,$23,$-21,$-8,$-13,$-13,$-6,$-39,$-44,$12,12,$-0.50,$-0.10,$20,$0,$0,$122,$1027,$0,$0,$87,$1114,$1235,$121,$941,$79,$1020,$1140,$0,$-47,$-1,$95,$1235,$-7,$27,$-41,$-14,$-1,$0,$0,$46,$44,$24,$6,$0,$1,$0,$1,$1,$-3,$4,$3,$0,$3,$-0,$-0,$-2,$-21,$-20,$8,$0,$0
28,2011-09-30,1.62,$8.44,0.19,$6.40,0.25,$35.24,0.05,$-5.02,0.0,$0.10B,$0.10B,1.02,$1.03B,$0.09B,11.12,$0.08B,$0.05B,54.22%,$0.08B,$-0.06B,-69.88%,$0.08B,$-0.06B,-69.88%,$0.08B,$-0.03B,-33.73%,$0.08B,$-0.08B,-100.00%,$0.08B,$-0.06B,-68.67%,$-0.06B,$0.10B,-57.58%,$-0.06B,$0.10B,-57.58%,$-0.06B,$1.32B,-3.95%,$-0.06B,$1.13B,-4.62%,$29,$16,$13,$0,$4,$28,$1,$-14,$-13,$-3,$-10,$-10,$-0,$7,$1,$12,12,$-0.03,$-0.03,$9,$0,$0,$98,$1123,$0,$0,$103,$1226,$1324,$96,$1027,$103,$1130,$1227,$0,$-42,$-1,$97,$1324,$-9,$22,$-32,$-10,$-10,$0,$5,$20,$3,$-16,$227,$0,$2,$0,$1,$1,$14,$244,$-215,$0,$-215,$-0,$-0,$-2,$-15,$-232,$-3,$0,$0
29,2011-06-30,2.61,$8.91,0.29,$6.70,0.39,$28.98,0.09,$-5.84,0.0,$0.09B,$0.08B,1.21,$1.13B,$0.10B,11.53,$0.09B,$0.05B,52.33%,$0.09B,$-0.06B,-67.44%,$0.09B,$-0.06B,-67.44%,$0.09B,$-0.03B,-30.23%,$0.09B,$-0.08B,-97.67%,$0.09B,$-0.07B,-77.91%,$-0.07B,$0.10B,-57.76%,$-0.07B,$0.10B,-57.76%,$-0.07B,$1.40B,-4.34%,$-0.06B,$1.23B,-4.31%,$29,$15,$14,$0,$4,$28,$1,$0,$2,$-2,$4,$4,$14,$9,$1,$12,17,$1.20,$0.80,$10,$0,$0,$92,$1203,$0,$0,$106,$1309,$1401,$76,$1127,$96,$1222,$1299,$0,$-43,$-1,$103,$1401,$-4,$16,$-25,$-9,$-5,$0,$7,$-1,$-10,$-23,$140,$0,$3,$-1,$-0,$-1,$13,$155,$-123,$0,$-123,$-0,$-0,$-1,$-10,$-134,$-2,$0,$0
30,2011-03-31,3.08,$7.80,0.4,$8.19,0.38,$24.93,0.12,$-8.28,0.0,$0.09B,$0.08B,1.17,$1.22B,$0.09B,14.41,$0.09B,$0.04B,46.81%,$0.09B,$-0.06B,-62.77%,$0.09B,$-0.06B,-62.77%,$0.09B,$-0.03B,-27.66%,$0.09B,$-0.11B,-113.83%,$0.09B,$-0.10B,-101.06%,$-0.10B,$0.09B,-70.63%,$-0.10B,$0.09B,-70.63%,$-0.10B,$1.50B,-5.81%,$-0.06B,$1.31B,-4.12%,$28,$16,$12,$0,$3,$33,$-5,$-8,$-13,$-0,$-12,$-12,$-10,$3,$-5,$11,11,$-0.86,$-0.86,$8,$0,$0,$92,$1293,$0,$0,$110,$1403,$1496,$79,$1224,$103,$1327,$1406,$0,$-58,$-1,$90,$1496,$-11,$8,$-3,$5,$-5,$0,$6,$2,$-10,$-16,$35,$0,$2,$0,$1,$1,$9,$47,$-30,$0,$-30,$-0,$-0,$-1,$-4,$-35,$-4,$0,$0
31,2010-12-31,7.95,$9.27,0.86,$9.26,0.86,$23.10,0.34,$-8.52,0.0,$0.10B,$0.10B,1.01,$1.25B,$0.10B,12.36,$0.11B,$0.05B,45.28%,$0.11B,$-0.05B,-49.06%,$0.11B,$-0.05B,-49.06%,$0.11B,$-0.02B,-16.98%,$0.11B,$-0.11B,-102.83%,$0.11B,$-0.10B,-92.45%,$-0.10B,$0.11B,-60.78%,$-0.10B,$0.11B,-60.78%,$-0.10B,$1.56B,-5.73%,$-0.05B,$1.36B,-3.45%,$-3,$-9,$6,$0,$5,$52,$-55,$-4,$-59,$-0,$-58,$-58,$-61,$-47,$-55,$11,11,$-5.30,$-5.30,$13,$0,$0,$101,$1333,$0,$0,$123,$1456,$1557,$101,$1252,$99,$1350,$1451,$0,$-48,$-1,$106,$1557,$-106,$35,$52,$86,$-5,$0,$7,$19,$13,$-7,$105,$0,$0,$-1,$1,$-0,$-9,$96,$-59,$0,$-59,$0,$-0,$-2,$-19,$-81,$8,$0,$0
32,2010-09-30,8.12,$14.41,0.56,$7.92,1.02,$14.20,0.57,$-5.51,0.0,$0.12B,$0.13B,0.88,$1.32B,$0.16B,8.22,$0.09B,$0.04B,40.66%,$0.09B,$-0.02B,-26.37%,$0.09B,$-0.02B,-26.37%,$0.09B,$0.01B,14.29%,$0.09B,$-0.08B,-82.42%,$0.09B,$-0.06B,-69.23%,$-0.06B,$0.17B,-33.60%,$-0.06B,$0.17B,-33.60%,$-0.06B,$1.72B,-3.56%,$-0.02B,$1.48B,-1.52%,$32,$19,$13,$0,$2,$32,$1,$-15,$-14,$1,$-15,$-15,$-10,$9,$1,$11,11,$-0.84,$-0.84,$7,$0,$0,$115,$1478,$0,$0,$126,$1603,$1718,$131,$1318,$104,$1422,$1553,$0,$10,$-1,$165,$1718,$-42,$26,$-6,$20,$-2,$0,$4,$24,$39,$17,$122,$0,$-0,$0,$0,$0,$-24,$98,$-94,$0,$-94,$-0,$-0,$-2,$-17,$-113,$2,$0,$0
33,2010-06-30,8.1,$15.35,0.53,$8.71,0.93,$-0.04,0.0,$-5.59,0.0,$0.09B,$0.12B,0.73,$1.39B,$0.17B,8.13,$0.10B,$0.04B,40.00%,$0.10B,$-0.02B,-23.00%,$0.10B,$-0.02B,-23.00%,$0.10B,$0.02B,15.00%,$0.10B,$-0.08B,-75.00%,$0.10B,$-0.06B,-63.00%,$-0.06B,$0.18B,-30.47%,$-0.06B,$0.18B,-30.47%,$-0.06B,$1.77B,-3.51%,$-0.02B,$1.57B,-1.42%,$37,$23,$13,$0,$3,$37,$-0,$-21,$-21,$-1,$-20,$-20,$-14,$9,$-0,$12,12,$-1.25,$-1.25,$5,$0,$0,$87,$1552,$0,$0,$126,$1678,$1765,$120,$1394,$75,$1469,$1589,$0,$20,$-2,$177,$1765,$-27,$18,$-7,$11,$-3,$0,$2,$15,$26,$10,$20,$0,$0,$0,$-1,$-1,$2,$21,$-20,$0,$-20,$0,$0,$0,$-11,$-31,$-0,$0,$0
34,2010-03-31,10.75,$17.10,0.63,$9.39,1.15,$-3.74,0.0,$-6.92,0.0,$0.09B,$0.11B,0.77,$1.42B,$0.19B,7.4,$0.11B,$0.05B,44.86%,$0.11B,$-0.05B,-42.99%,$0.11B,$-0.05B,-42.99%,$0.11B,$-0.01B,-6.54%,$0.11B,$-0.09B,-84.11%,$0.11B,$-0.08B,-72.90%,$-0.08B,$0.20B,-34.63%,$-0.08B,$0.20B,-34.63%,$-0.08B,$1.80B,-4.33%,$-0.05B,$1.62B,-2.81%,$40,$25,$16,$0,$3,$38,$2,$-18,$-15,$-1,$-14,$-14,$-13,$11,$2,$12,12,$-1.09,$-1.09,$1,$0,$0,$85,$1592,$0,$0,$119,$1711,$1796,$109,$1419,$70,$1490,$1599,$0,$34,$0,$197,$1796,$-13,$8,$3,$11,$-1,$0,$-0,$17,$18,$16,$-18,$0,$0,$0,$-0,$-0,$0,$-18,$5,$0,$5,$0,$0,$-1,$-6,$-1,$-4,$0,$0
35,2009-12-31,12.25,$18.36,0.67,$9.84,1.24,$-3.99,0.0,$-6.47,0.0,$0.09B,$0.11B,0.83,$1.42B,$0.21B,6.88,$0.11B,$0.05B,43.36%,$0.11B,$-0.05B,-40.71%,$0.11B,$-0.05B,-40.71%,$0.11B,$-0.01B,-5.31%,$0.11B,$-0.09B,-76.99%,$0.11B,$-0.07B,-63.72%,$-0.07B,$0.21B,-29.12%,$-0.07B,$0.21B,-29.12%,$-0.07B,$1.81B,-3.99%,$-0.05B,$1.63B,-2.78%,$-18,$-13,$-5,$0,$5,$9,$-27,$2,$-25,$2,$-26,$-26,$-26,$-16,$-27,$12,12,$-2.29,$-2.29,$5,$0,$0,$88,$1582,$0,$0,$137,$1718,$1806,$106,$1419,$70,$1489,$1595,$0,$47,$2,$211,$1806,$-83,$38,$45,$83,$1,$0,$-0,$-22,$-24,$-23,$19,$0,$17,$0,$3,$3,$8,$47,$9,$0,$9,$0,$0,$-2,$-31,$-25,$-1,$0,$0
36,2009-09-30,11.57,$21.57,0.54,$12.74,0.91,$-4.64,0.0,$-5.74,0.0,$0.09B,$0.15B,0.61,$1.42B,$0.24B,5.97,$0.15B,$0.06B,37.67%,$0.15B,$-0.03B,-20.55%,$0.15B,$-0.03B,-20.55%,$0.15B,$0.01B,7.53%,$0.15B,$-0.08B,-57.53%,$0.15B,$-0.06B,-43.84%,$-0.06B,$0.24B,-23.79%,$-0.06B,$0.24B,-23.79%,$-0.06B,$1.81B,-3.53%,$-0.03B,$1.66B,-1.80%,$41,$25,$16,$0,$4,$39,$2,$-16,$-14,$-1,$-13,$-13,$-10,$11,$2,$12,12,$-0.88,$-0.88,$2,$0,$0,$94,$1596,$0,$0,$122,$1718,$1812,$153,$1417,$0,$1417,$1569,$0,$73,$2,$242,$1812,$-46,$28,$8,$36,$-3,$0,$-3,$-20,$-26,$-37,$12,$0,$2,$3,$0,$3,$3,$20,$28,$0,$28,$0,$0,$0,$-16,$12,$-4,$0,$0
37,2009-06-30,10.2,$22.31,0.46,$13.53,0.75,$-8.74,0.0,$-5.62,0.0,$0.08B,$0.14B,0.56,$1.40B,$0.25B,5.7,$0.15B,$0.06B,36.42%,$0.15B,$-0.03B,-18.54%,$0.15B,$-0.03B,-18.54%,$0.15B,$0.01B,7.28%,$0.15B,$-0.08B,-55.63%,$0.15B,$-0.06B,-41.06%,$-0.06B,$0.25B,-22.77%,$-0.06B,$0.25B,-22.77%,$-0.06B,$1.79B,-3.41%,$-0.03B,$1.65B,-1.68%,$44,$23,$21,$0,$2,$67,$-23,$-13,$-36,$-1,$-35,$-35,$-29,$-13,$-23,$12,12,$-2.51,$-2.51,$4,$0,$0,$77,$1576,$0,$0,$135,$1711,$1788,$137,$1400,$0,$1400,$1537,$0,$83,$2,$251,$1788,$-36,$19,$9,$28,$-1,$0,$0,$-5,$-5,$-14,$1,$0,$0,$3,$0,$3,$1,$6,$16,$0,$16,$0,$0,$0,$-11,$6,$-2,$0,$0
38,2009-03-31,10.08,$25.39,0.4,$14.02,0.72,$-8.90,0.0,$-4.30,0.0,$0.07B,$0.13B,0.57,$1.39B,$0.28B,4.98,$0.15B,$0.05B,33.55%,$0.15B,$-0.00B,-1.32%,$0.15B,$-0.00B,-1.32%,$0.15B,$0.04B,23.03%,$0.15B,$-0.06B,-40.13%,$0.15B,$-0.05B,-30.26%,$-0.05B,$0.29B,-16.87%,$-0.05B,$0.29B,-16.87%,$-0.05B,$1.81B,-2.54%,$-0.00B,$1.68B,-0.12%,$46,$29,$17,$0,$3,$43,$2,$-14,$-12,$-1,$-11,$-11,$-7,$12,$2,$12,12,$-0.63,$-0.63,$2,$0,$0,$74,$1606,$0,$0,$131,$1737,$1811,$131,$1394,$0,$1394,$1526,$0,$112,$2,$285,$1811,$-7,$10,$-6,$4,$1,$0,$-1,$-6,$-5,$-8,$3,$0,$-0,$0,$0,$0,$5,$8,$3,$0,$3,$0,$0,$0,$-7,$-3,$-4,$0,$0
39,2008-12-31,8.95,$25.06,0.36,$13.45,0.67,$-4.34,0.0,$2.06,4.34,$0.08B,$0.15B,0.56,$1.40B,$0.29B,4.77,$0.15B,$0.05B,32.00%,$0.15B,$-0.01B,-4.00%,$0.15B,$-0.01B,-4.00%,$0.15B,$0.03B,20.67%,$0.15B,$-0.07B,-49.33%,$0.15B,$0.02B,14.00%,$0.02B,$0.30B,7.92%,$0.02B,$0.30B,7.92%,$0.02B,$1.84B,1.17%,$-0.01B,$1.69B,-0.37%,$15,$13,$1,$0,$6,$26,$-11,$-12,$-22,$-0,$-22,$-22,$-18,$1,$-11,$11,11,$-1.87,$-0.75,$6,$0,$0,$83,$1613,$0,$0,$145,$1759,$1842,$148,$1397,$0,$1397,$1545,$0,$120,$4,$298,$1842,$20,$37,$-113,$-75,$-4,$0,$-2,$63,$79,$24,$-35,$0,$-55,$-3,$10,$7,$19,$-64,$39,$0,$39,$7,$7,$0,$-12,$34,$-6,$0,$0
40,2008-09-30,8.33,$23.30,0.36,$15.81,0.53,$-30.36,0.0,$8.16,1.02,$0.08B,$0.13B,0.66,$1.37B,$0.25B,5.47,$0.17B,$0.06B,34.10%,$0.17B,$0.00B,1.73%,$0.17B,$0.00B,1.73%,$0.17B,$0.04B,21.39%,$0.17B,$-0.03B,-17.92%,$0.17B,$0.10B,57.23%,$0.10B,$0.26B,41.51%,$0.10B,$0.26B,41.51%,$0.10B,$1.83B,5.58%,$0.00B,$1.63B,0.19%,$46,$30,$16,$0,$3,$43,$4,$-18,$-14,$-2,$-13,$-13,$-8,$11,$4,$11,11,$-0.80,$-0.80,$4,$0,$0,$84,$1595,$0,$0,$149,$1744,$1827,$126,$1370,$5,$1446,$1572,$0,$138,$3,$255,$1827,$38,$25,$-106,$-80,$-10,$0,$-2,$44,$32,$-10,$-55,$0,$-3,$12,$0,$12,$2,$-45,$55,$0,$55,$7,$7,$0,$-15,$47,$-8,$0,$0
41,2008-06-30,9.48,$24.23,0.39,$15.52,0.61,$-47.35,0.0,$8.62,1.1,$0.07B,$0.09B,0.73,$1.30B,$0.25B,5.24,$0.17B,$0.06B,34.32%,$0.17B,$0.00B,0.59%,$0.17B,$0.00B,0.59%,$0.17B,$0.04B,21.30%,$0.17B,$-0.03B,-16.57%,$0.17B,$0.10B,61.54%,$0.10B,$0.25B,48.94%,$0.10B,$0.25B,48.94%,$0.10B,$1.75B,5.91%,$0.00B,$1.55B,0.06%,$45,$28,$17,$0,$4,$43,$3,$-16,$-13,$1,$-14,$-14,$-13,$11,$3,$10,10,$-1.25,$-1.25,$1,$0,$0,$66,$1528,$0,$0,$155,$1683,$1750,$91,$1299,$35,$1406,$1497,$0,$146,$3,$253,$1750,$47,$18,$-112,$-93,$-6,$0,$-2,$25,$17,$-30,$17,$0,$-9,$12,$0,$12,$7,$27,$-1,$0,$-1,$-0,$-0,$0,$-8,$-9,$-12,$0,$0
42,2008-03-31,11.01,$24.31,0.45,$15.46,0.71,$-62.89,0.0,$7.59,1.45,$0.09B,$0.10B,0.87,$1.29B,$0.25B,5.17,$0.17B,$0.06B,34.73%,$0.17B,$0.00B,0.60%,$0.17B,$0.00B,0.60%,$0.17B,$0.04B,22.16%,$0.17B,$-0.03B,-18.56%,$0.17B,$0.09B,56.29%,$0.09B,$0.25B,50.95%,$0.09B,$0.25B,50.95%,$0.09B,$1.75B,5.39%,$0.00B,$1.54B,0.07%,$44,$30,$14,$0,$4,$46,$-2,$-24,$-25,$-34,$9,$9,$60,$8,$-2,$10,13,$5.72,$4.60,$10,$0,$0,$86,$1466,$0,$0,$195,$1661,$1747,$99,$1286,$32,$1394,$1493,$0,$159,$3,$254,$1747,$60,$10,$-106,$-96,$-8,$0,$-1,$-11,$-20,$-56,$109,$0,$10,$0,$0,$0,$4,$123,$-68,$0,$-68,$-0,$-0,$0,$-3,$-71,$-4,$0,$0
43,2007-12-31,9.8,$18.39,0.53,$16.19,0.61,$-79.44,0.0,$0.98,10.0,$0.10B,$0.11B,0.93,$1.42B,$0.19B,7.57,$0.17B,$0.06B,36.36%,$0.17B,$0.01B,3.64%,$0.17B,$0.01B,3.64%,$0.17B,$0.04B,24.24%,$0.17B,$-0.02B,-9.70%,$0.17B,$0.03B,15.15%,$0.03B,$0.19B,15.75%,$0.03B,$0.19B,15.75%,$0.03B,$1.78B,1.46%,$0.01B,$1.61B,0.40%,$38,$25,$12,$0,$6,$40,$-2,$23,$21,$-15,$36,$36,$60,$7,$-2,$10,10,$5.85,$5.85,$14,$0,$0,$98,$1486,$0,$0,$194,$1680,$1778,$105,$1418,$0,$1481,$1585,$0,$99,$0,$192,$1778,$24,$36,$-75,$-39,$-10,$0,$-6,$-3,$-19,$-34,$-242,$0,$0,$0,$1,$1,$19,$-222,$284,$0,$284,$0,$0,$0,$-23,$261,$5,$0,$0
44,2007-09-30,7.36,$14.44,0.51,$13.31,0.55,$-60.64,0.0,$-1.09,0.0,$0.10B,$0.13B,0.81,$1.35B,$0.15B,9.25,$0.14B,$0.05B,36.96%,$0.14B,$0.00B,1.45%,$0.14B,$0.00B,1.45%,$0.14B,$0.04B,27.54%,$0.14B,$-0.03B,-18.12%,$0.14B,$-0.01B,-7.25%,$-0.01B,$0.15B,-6.63%,$-0.01B,$0.15B,-6.63%,$-0.01B,$1.76B,-0.61%,$0.00B,$1.50B,0.14%,$42,$26,$15,$0,$3,$40,$2,$-13,$-11,$-3,$-8,$-8,$-3,$10,$2,$10,10,$-0.33,$-0.33,$13,$0,$0,$101,$1463,$0,$0,$194,$1657,$1758,$125,$1352,$68,$1482,$1607,$0,$40,$5,$151,$1758,$-36,$27,$-22,$5,$-4,$0,$-7,$-28,$-40,$-70,$-165,$0,$-7,$-1,$0,$-1,$-35,$-209,$298,$0,$298,$4,$4,$0,$-20,$281,$2,$0,$0
45,2007-06-30,8.19,$13.93,0.59,$13.56,0.6,$-45.01,0.0,$-1.29,0.0,$0.09B,$0.12B,0.77,$1.32B,$0.14B,9.68,$0.14B,$0.05B,37.14%,$0.14B,$0.01B,3.57%,$0.14B,$0.01B,3.57%,$0.14B,$0.04B,30.00%,$0.14B,$-0.02B,-15.00%,$0.14B,$-0.01B,-8.57%,$-0.01B,$0.14B,-8.16%,$-0.01B,$0.14B,-8.35%,$-0.01B,$1.70B,-0.77%,$0.01B,$1.46B,0.38%,$43,$27,$17,$0,$4,$41,$3,$-19,$-16,$2,$-18,$-18,$-23,$12,$3,$10,10,$-2.28,$-2.28,$10,$0,$0,$90,$1426,$0,$0,$182,$1608,$1698,$118,$1320,$58,$1439,$1557,$0,$43,$2,$141,$1698,$-32,$18,$-7,$11,$-1,$0,$-0,$-47,$-49,$-70,$-100,$0,$-6,$-1,$0,$-1,$12,$-95,$163,$0,$163,$-0,$-0,$0,$1,$163,$-2,$0,$0
46,2007-03-31,8.08,$14.88,0.54,$13.53,0.6,$-33.53,0.0,$1.00,8.08,$0.07B,$0.11B,0.64,$1.25B,$0.15B,8.59,$0.14B,$0.05B,34.29%,$0.14B,$0.00B,2.86%,$0.14B,$0.00B,2.86%,$0.14B,$0.04B,27.86%,$0.14B,$-0.01B,-6.43%,$0.14B,$0.01B,7.86%,$0.01B,$0.15B,7.48%,$0.01B,$0.15B,7.84%,$0.01B,$1.63B,0.75%,$0.00B,$1.41B,0.33%,$42,$26,$16,$0,$4,$39,$3,$-13,$-10,$-0,$-9,$-9,$-9,$11,$3,$10,10,$-0.89,$-0.89,$10,$0,$0,$68,$1394,$0,$0,$169,$1562,$1630,$106,$1254,$43,$1373,$1479,$0,$66,$1,$151,$1630,$-9,$8,$-5,$3,$-1,$0,$3,$-7,$-5,$-11,$-116,$0,$-10,$0,$0,$0,$-4,$-129,$155,$0,$155,$-0,$-0,$0,$-18,$138,$-2,$0,$0
47,2006-12-31,7.87,$15.81,0.5,$12.79,0.62,$-25.07,0.0,$1.03,7.64,$0.07B,$0.11B,0.61,$1.10B,$0.16B,7.1,$0.14B,$0.05B,33.80%,$0.14B,$0.01B,3.52%,$0.14B,$0.01B,3.52%,$0.14B,$0.04B,27.46%,$0.14B,$-0.01B,-4.93%,$0.14B,$0.01B,7.75%,$0.01B,$0.16B,7.63%,$0.01B,$0.16B,8.19%,$0.01B,$1.49B,0.78%,$0.01B,$1.26B,0.44%,$11,$8,$3,$0,$2,$17,$-6,$19,$12,$-5,$17,$17,$25,$5,$-6,$10,13,$2.46,$2.23,$13,$0,$0,$66,$1272,$0,$0,$156,$1428,$1494,$108,$1104,$44,$1225,$1333,$0,$75,$2,$160,$1494,$11,$36,$-46,$-11,$1,$0,$2,$-39,$-35,$-36,$-72,$0,$0,$0,$-44,$-44,$9,$-107,$143,$0,$143,$-0,$-0,$0,$-6,$136,$-7,$0,$0
