,Date,Stock Price,Book Value per Share,Price to Book Ratio,TTM Sales per Share,Price to Sales Ratio,TTM FCF per Share,Price to FCF Ratio,TTM Net EPS,PE Ratio,Current Assets,Current Liabilities,Current Ratio,Long Term Debt,Shareholder's Equity_x,Debt to Equity Ratio,TTM Revenue_x,TTM Gross Profit,Gross Margin,TTM Revenue_y,TTM Operating Income,Operating Margin,TTM Revenue_x,TTM EBIT,EBIT Margin,TTM Revenue_y,TTM EBITDA,EBITDA Margin,TTM Revenue_x,TTM Pre-Tax Income,Pre-Tax Margin,TTM Revenue_y,TTM Net Income_x,Net Margin,TTM Net Income_y,Shareholder's Equity_y,Return on Equity,TTM Net Income_x,Tangible Equity,Return on Tangible Equity,TTM Net Income_y,Total Assets,Return on Assets,TTM Net Income,LT Investments & Debt,Return on Investment,revenue,cost-goods-sold,gross-profit,research-development-expenses,selling-general-administrative-expenses,operating-expenses,operating-income,total-non-operating-income-expense,pre-tax-income,total-provision-income-taxes,income-after-taxes,income-from-continuous-operations,net-income,ebitda,ebit,basic-shares-outstanding,shares-outstanding,eps-basic-net-earnings-per-share,eps-earnings-per-share-diluted,cash-on-hand,inventory,other-current-assets,total-current-assets,net-property-plant-equipment,long-term-investments,goodwill-intangible-assets-total,other-long-term-assets,total-long-term-assets,total-assets,total-current-liabilities,long-term-debt,other-non-current-liabilities,total-long-term-liabilities,total-liabilities,common-stock-net,retained-earnings-accumulated-deficit,comprehensive-income,total-share-holder-equity,total-liabilities-share-holders-equity,net-income-loss,total-depreciation-amortization-cash-flow,other-non-cash-items,total-non-cash-items,change-in-accounts-receivable,change-in-inventories,change-in-accounts-payable,change-in-assets-liabilities,total-change-in-assets-liabilities,cash-flow-from-operating-activities,net-change-in-property-plant-equipment,net-change-in-intangible-assets,net-acquisitions-divestitures,net-change-in-short-term-investments,net-change-in-long-term-investments,net-change-in-investments-total,investing-activities-other,cash-flow-from-investing-activities,net-long-term-debt,net-current-debt,debt-issuance-retirement-net-total,net-common-equity-issued-repurchased,net-total-equity-issued-repurchased,total-common-preferred-stock-dividends-paid,financial-activities-other,cash-flow-from-financial-activities,net-cash-flow,stock-based-compensation,common-stock-dividends-paid
0,2018-09-30,46.02,$10.75,4.28,$0.66,69.41,$-6.14,0.0,$-1.80,0.0,$0.57B,$0.02B,26.08,$0.06B,$0.53B,0.1,$0.03B,$0.03B,100.00%,$0.03B,$-0.11B,-456.00%,$0.03B,$-0.11B,-456.00%,$0.03B,$-0.11B,-440.00%,$0.03B,$-0.11B,-444.00%,$0.03B,$-0.11B,-448.00%,$-0.11B,$0.53B,-23.82%,$-0.11B,$0.53B,-23.82%,$-0.11B,$0.61B,-19.72%,$-0.11B,$0.59B,-21.63%,$4,$0,$4,$29,$11,$40,$-36,$2,$-34,$0,$-34,$-34,$-34,$-35,$-36,$49,49,$-0.70,$-0.70,$562,$0,$0,$572,$28,$0,$0,$10,$38,$610,$22,$55,$1,$57,$79,$0,$-1569,$-0,$531,$610,$-98,$3,$10,$13,$1,$0,$0,$-5,$-14,$-99,$-1,$0,$0,$0,$59,$59,$3,$62,$-3,$0,$-3,$388,$388,$0,$0,$385,$350,$14,$0
1,2018-06-30,43.6,$11.32,3.85,$0.65,66.6,$-5.71,0.0,$-2.66,0.0,$0.60B,$0.02B,28.75,$0.06B,$0.56B,0.1,$0.02B,$0.02B,100.00%,$0.02B,$-0.11B,-486.96%,$0.02B,$-0.11B,-486.96%,$0.02B,$-0.11B,-469.57%,$0.02B,$-0.11B,-486.96%,$0.02B,$-0.11B,-478.26%,$-0.11B,$0.56B,-28.06%,$-0.11B,$0.56B,-28.08%,$-0.11B,$0.64B,-21.89%,$-0.11B,$0.62B,-24.92%,$4,$0,$4,$27,$10,$37,$-33,$1,$-32,$0,$-32,$-32,$-32,$-32,$-33,$49,49,$-0.65,$-0.65,$592,$0,$0,$601,$29,$0,$0,$8,$36,$638,$21,$56,$1,$58,$79,$0,$-1535,$-0,$559,$638,$-64,$2,$8,$10,$0,$0,$0,$-2,$-13,$-68,$-1,$0,$0,$0,$21,$21,$3,$24,$-2,$0,$-2,$387,$387,$0,$0,$385,$342,$9,$0
2,2018-03-31,39.5,$11.86,3.33,$0.64,62.09,$-5.73,0.0,$-2.78,0.0,$0.65B,$0.04B,15.28,$0.06B,$0.58B,0.1,$0.02B,$0.02B,100.00%,$0.02B,$-0.10B,-485.71%,$0.02B,$-0.10B,-485.71%,$0.02B,$-0.10B,-466.67%,$0.02B,$-0.10B,-495.24%,$0.02B,$-0.10B,-480.95%,$-0.10B,$0.58B,-37.00%,$-0.10B,$0.58B,-37.10%,$-0.10B,$0.69B,-25.88%,$-0.10B,$0.64B,-30.79%,$2,$0,$2,$22,$11,$33,$-31,$-0,$-31,$0,$-31,$-31,$-32,$-30,$-31,$40,40,$-0.80,$-0.80,$629,$0,$0,$650,$30,$0,$0,$6,$36,$685,$43,$57,$1,$59,$101,$0,$-1503,$-0,$584,$685,$-32,$1,$4,$5,$1,$0,$0,$-0,$-3,$-30,$-0,$0,$0,$0,$-0,$-0,$3,$2,$-1,$0,$-1,$385,$385,$0,$0,$384,$357,$4,$0
3,2017-12-31,33.97,$5.27,6.44,$0.66,51.46,$-5.64,0.0,$-2.88,0.0,$0.28B,$0.07B,3.89,$0.06B,$0.21B,0.28,$0.02B,$0.02B,100.00%,$0.02B,$-0.09B,-438.10%,$0.02B,$-0.09B,-438.10%,$0.02B,$-0.09B,-419.05%,$0.02B,$-0.10B,-457.14%,$0.02B,$-0.09B,-433.33%,$-0.09B,$0.21B,-68.04%,$-0.09B,$0.21B,-68.68%,$-0.09B,$0.34B,-35.83%,$-0.09B,$0.27B,-47.73%,$15,$0,$15,$21,$8,$29,$-14,$-1,$-14,$0,$-14,$-14,$-14,$-13,$-14,$33,33,$-0.24,$-0.24,$247,$0,$17,$281,$30,$24,$0,$4,$58,$339,$72,$58,$1,$60,$132,$0,$-1490,$-1,$207,$339,$-93,$4,$13,$18,$11,$0,$0,$-4,$8,$-67,$1,$0,$0,$0,$-113,$-113,$-0,$-112,$-4,$0,$-4,$249,$249,$0,$0,$245,$68,$8,$0
4,2017-09-30,25.5,$5.56,4.59,$2.40,10.64,$-6.19,0.0,$-0.93,0.0,$0.30B,$0.07B,4.42,$0.06B,$0.22B,0.27,$0.06B,$0.06B,100.00%,$0.06B,$-0.03B,-46.67%,$0.06B,$-0.03B,-46.67%,$0.06B,$-0.03B,-45.00%,$0.06B,$-0.03B,-55.00%,$0.06B,$-0.04B,-63.33%,$-0.04B,$0.22B,-41.30%,$-0.04B,$0.22B,-41.87%,$-0.04B,$0.35B,-17.97%,$-0.03B,$0.28B,-18.42%,$2,$0,$2,$17,$7,$37,$-34,$-1,$-35,$0,$-35,$-35,$-32,$-33,$-34,$38,38,$-0.86,$-0.86,$279,$7,$0,$304,$39,$0,$2,$3,$44,$348,$69,$59,$1,$61,$130,$0,$-1477,$-1,$218,$348,$-79,$3,$11,$14,$12,$0,$0,$-5,$4,$-60,$1,$0,$0,$0,$0,$0,$0,$1,$-3,$0,$-3,$248,$248,$0,$0,$246,$188,$6,$0
5,2017-06-30,16.87,$2.10,8.02,$3.12,5.4,$-6.80,0.0,$-0.57,0.0,$0.14B,$0.05B,3.21,$0.06B,$0.08B,0.72,$0.08B,$0.07B,96.10%,$0.08B,$-0.00B,-5.19%,$0.08B,$-0.00B,-5.19%,$0.08B,$-0.00B,-2.60%,$0.08B,$-0.01B,-12.99%,$0.08B,$-0.02B,-23.38%,$-0.02B,$0.08B,-46.75%,$-0.02B,$0.08B,-50.35%,$-0.02B,$0.19B,-10.17%,$-0.00B,$0.14B,-4.02%,$2,$0,$2,$18,$7,$25,$-23,$-1,$-24,$0,$-24,$-24,$-23,$-22,$-23,$30,30,$-0.77,$-0.77,$131,$7,$0,$144,$41,$0,$2,$3,$46,$189,$45,$60,$1,$62,$107,$0,$-1444,$-0,$83,$189,$-46,$2,$-2,$1,$12,$0,$0,$-3,$3,$-42,$-0,$0,$0,$0,$0,$0,$0,$0,$-2,$0,$-2,$81,$81,$0,$0,$80,$40,$4,$0
6,2017-03-31,14.6,$0.84,17.39,$3.45,4.23,$-6.80,0.0,$-0.90,0.0,$0.09B,$0.05B,1.85,$0.06B,$0.03B,2.28,$0.09B,$0.08B,92.94%,$0.09B,$-0.01B,-8.24%,$0.09B,$-0.01B,-8.24%,$0.09B,$-0.00B,-4.71%,$0.09B,$-0.01B,-15.29%,$0.09B,$-0.02B,-25.88%,$-0.02B,$0.03B,-103.53%,$-0.02B,$0.03B,-129.41%,$-0.02B,$0.14B,-11.94%,$-0.01B,$0.09B,-8.41%,$2,$0,$2,$15,$8,$23,$-21,$-1,$-23,$0,$-23,$-23,$-22,$-20,$-21,$24,24,$-0.90,$-0.90,$80,$7,$0,$92,$43,$0,$2,$3,$47,$140,$50,$61,$1,$63,$113,$0,$-1421,$-2,$27,$140,$-22,$1,$-2,$-1,$12,$0,$0,$-2,$7,$-16,$-0,$0,$0,$0,$0,$0,$0,$0,$-1,$0,$-1,$5,$5,$0,$0,$4,$-11,$2,$0
7,2016-12-31,14.2,$1.66,8.56,$3.79,3.75,$-6.87,0.0,$-0.90,0.0,$0.12B,$0.06B,1.88,$0.06B,$0.04B,1.53,$0.09B,$0.08B,89.25%,$0.09B,$-0.00B,-5.38%,$0.09B,$-0.00B,-5.38%,$0.09B,$-0.00B,-1.08%,$0.09B,$-0.01B,-12.90%,$0.09B,$-0.02B,-23.66%,$-0.02B,$0.04B,-91.67%,$-0.02B,$0.04B,-120.55%,$-0.02B,$0.17B,-10.50%,$-0.00B,$0.10B,-5.75%,$54,$0,$54,$9,$4,$4,$50,$-1,$49,$0,$49,$49,$39,$48,$50,$24,24,$1.60,$1.60,$91,$0,$26,$120,$35,$0,$0,$14,$49,$169,$64,$62,$1,$65,$129,$0,$-1399,$-3,$40,$169,$-23,$5,$33,$38,$-12,$0,$0,$-67,$-77,$-62,$0,$0,$0,$0,$0,$0,$-1,$-1,$-3,$0,$-3,$0,$0,$0,$0,$-2,$-65,$11,$0
8,2016-09-30,17.5,$0.17,104.42,$0.87,20.02,$-8.35,0.0,$-3.80,0.0,$0.14B,$0.06B,2.23,$0.06B,$0.00B,15.37,$0.02B,$0.01B,54.55%,$0.02B,$-0.09B,-386.36%,$0.02B,$-0.09B,-386.36%,$0.02B,$-0.08B,-368.18%,$0.02B,$-0.09B,-427.27%,$0.02B,$-0.09B,-413.64%,$-0.09B,$0.00B,-330.91%,$-0.09B,$-0.00B,-460.76%,$-0.09B,$0.21B,-39.31%,$-0.09B,$0.07B,-93.15%,$19,$3,$16,$17,$9,$29,$-10,$-3,$-12,$0,$-12,$-12,$-12,$-8,$-10,$24,24,$-0.51,$-0.51,$102,$10,$0,$135,$65,$0,$8,$3,$75,$210,$61,$63,$1,$146,$206,$0,$-1437,$1,$4,$210,$-61,$7,$10,$17,$-13,$0,$0,$-5,$-10,$-53,$0,$0,$0,$0,$0,$0,$-1,$-1,$-2,$0,$-2,$0,$0,$0,$0,$-2,$-55,$9,$0
9,2016-06-30,17.1,$0.56,30.68,$0.46,37.16,$-9.53,0.0,$-4.40,0.0,$0.14B,$0.06B,2.56,$0.06B,$0.01B,4.69,$0.01B,$0.00B,16.67%,$0.01B,$-0.10B,-833.33%,$0.01B,$-0.10B,-833.33%,$0.01B,$-0.10B,-800.00%,$0.01B,$-0.11B,-900.00%,$0.01B,$-0.11B,-875.00%,$-0.11B,$0.01B,-223.40%,$-0.11B,$0.01B,-269.23%,$-0.11B,$0.22B,-41.92%,$-0.10B,$0.08B,-89.69%,$10,$3,$7,$19,$8,$36,$-26,$-1,$-27,$0,$-27,$-27,$-27,$-24,$-26,$24,24,$-1.12,$-1.12,$122,$9,$0,$140,$68,$0,$8,$2,$78,$218,$55,$64,$1,$150,$204,$0,$-1425,$0,$14,$218,$-49,$5,$7,$12,$2,$1,$0,$-5,$3,$-34,$-0,$0,$0,$0,$0,$0,$0,$-0,$-1,$0,$-1,$0,$0,$0,$0,$-1,$-34,$7,$0
10,2016-03-31,19.7,$1.55,12.75,$0.45,43.95,$-10.15,0.0,$-4.40,0.0,$0.16B,$0.05B,3.17,$0.06B,$0.04B,1.72,$0.01B,$0.00B,9.09%,$0.01B,$-0.10B,-918.18%,$0.01B,$-0.10B,-918.18%,$0.01B,$-0.10B,-872.73%,$0.01B,$-0.11B,-981.82%,$0.01B,$-0.11B,-954.55%,$-0.11B,$0.04B,-149.47%,$-0.11B,$0.03B,-168.67%,$-0.11B,$0.24B,-37.74%,$-0.10B,$0.10B,-74.40%,$10,$4,$6,$19,$7,$29,$-19,$-2,$-22,$0,$-22,$-22,$-22,$-17,$-19,$24,24,$-0.90,$-0.90,$140,$9,$0,$160,$71,$0,$8,$2,$81,$241,$50,$64,$0,$153,$204,$0,$-1398,$1,$38,$241,$-22,$2,$3,$5,$-1,$1,$0,$-0,$-1,$-18,$-0,$0,$0,$0,$0,$0,$0,$-0,$-1,$0,$-1,$0,$0,$0,$0,$-1,$-17,$3,$0
11,2015-12-31,19.0,$2.20,8.62,$0.56,33.76,$-10.44,0.0,$-4.50,0.0,$0.18B,$0.05B,3.5,$0.07B,$0.05B,1.22,$0.01B,$0.00B,30.77%,$0.01B,$-0.10B,-800.00%,$0.01B,$-0.10B,-800.00%,$0.01B,$-0.10B,-753.85%,$0.01B,$-0.11B,-846.15%,$0.01B,$-0.11B,-823.08%,$-0.11B,$0.05B,-115.05%,$-0.11B,$0.05B,-126.25%,$-0.11B,$0.26B,-34.68%,$-0.10B,$0.12B,-65.31%,$-17,$0,$-17,$15,$4,$12,$-30,$-4,$-33,$0,$-33,$-33,$-30,$-32,$-30,$24,24,$-1.29,$-1.29,$156,$10,$0,$175,$72,$0,$8,$2,$82,$257,$50,$65,$0,$153,$203,$0,$-1376,$-1,$54,$257,$-108,$6,$11,$16,$1,$0,$0,$-5,$-6,$-98,$1,$0,$0,$0,$0,$0,$-9,$-8,$-2,$0,$-2,$104,$104,$0,$0,$101,$-7,$14,$0
12,2015-09-30,19.1,$3.39,5.64,$1.69,11.27,$-11.43,0.0,$-4.70,0.0,$0.20B,$0.05B,4.21,$0.07B,$0.08B,0.8,$0.04B,$0.03B,71.79%,$0.04B,$-0.10B,-266.67%,$0.04B,$-0.10B,-266.67%,$0.04B,$-0.09B,-241.03%,$0.04B,$-0.11B,-279.49%,$0.04B,$-0.11B,-279.49%,$-0.11B,$0.08B,-119.45%,$-0.11B,$0.07B,-131.33%,$-0.11B,$0.29B,-34.80%,$-0.10B,$0.15B,-65.62%,$9,$3,$6,$22,$9,$34,$-25,$-1,$-26,$0,$-26,$-26,$-26,$-23,$-25,$24,24,$-1.10,$-1.10,$181,$10,$0,$200,$75,$0,$8,$3,$86,$286,$48,$66,$0,$156,$204,$0,$-1346,$0,$82,$286,$-78,$8,$12,$20,$0,$1,$0,$4,$-16,$-73,$-9,$0,$0,$0,$0,$0,$-0,$-9,$-2,$0,$-2,$103,$103,$0,$0,$101,$18,$12,$0
13,2015-06-30,46.4,$4.43,10.47,$1.69,27.47,$-11.94,0.0,$-4.10,0.0,$0.24B,$0.06B,3.81,$0.07B,$0.11B,0.62,$0.04B,$0.03B,73.68%,$0.04B,$-0.11B,-276.32%,$0.04B,$-0.11B,-276.32%,$0.04B,$-0.10B,-250.00%,$0.04B,$-0.09B,-247.37%,$0.04B,$-0.09B,-247.37%,$-0.09B,$0.11B,-104.74%,$-0.09B,$0.10B,-115.69%,$-0.09B,$0.33B,-29.75%,$-0.11B,$0.17B,-66.56%,$9,$3,$6,$24,$9,$36,$-27,$0,$-27,$0,$-27,$-27,$-27,$-24,$-27,$24,24,$-1.10,$-1.10,$217,$11,$0,$236,$81,$0,$9,$3,$93,$329,$62,$67,$0,$160,$222,$0,$-1319,$3,$107,$329,$-51,$5,$8,$13,$-0,$1,$0,$11,$-9,$-47,$-2,$0,$0,$0,$0,$0,$-0,$-2,$-1,$0,$-1,$103,$103,$0,$0,$101,$53,$8,$0
14,2015-03-31,43.7,$5.33,8.2,$1.88,23.27,$-12.47,0.0,$-2.70,0.0,$0.27B,$0.07B,3.61,$0.07B,$0.13B,0.52,$0.04B,$0.03B,78.57%,$0.04B,$-0.10B,-245.24%,$0.04B,$-0.10B,-245.24%,$0.04B,$-0.09B,-223.81%,$0.04B,$-0.06B,-142.86%,$0.04B,$-0.06B,-142.86%,$-0.06B,$0.13B,-67.61%,$-0.06B,$0.12B,-75.24%,$-0.06B,$0.36B,-18.90%,$-0.10B,$0.20B,-65.50%,$12,$4,$9,$22,$8,$34,$-22,$-3,$-24,$0,$-24,$-24,$-24,$-19,$-22,$24,24,$-1.00,$-1.00,$241,$11,$0,$269,$82,$0,$9,$3,$94,$362,$74,$68,$0,$159,$233,$0,$-1293,$3,$129,$362,$-24,$2,$5,$8,$-9,$-0,$0,$9,$-7,$-23,$-1,$0,$0,$0,$0,$0,$0,$-1,$-1,$0,$-1,$102,$102,$0,$0,$101,$78,$4,$0
15,2014-12-31,34.7,$2.15,16.15,$1.67,20.8,$-12.43,0.0,$-2.90,0.0,$0.18B,$0.07B,2.7,$0.07B,$0.05B,1.44,$0.04B,$0.03B,78.38%,$0.04B,$-0.11B,-283.78%,$0.04B,$-0.11B,-283.78%,$0.04B,$-0.10B,-259.46%,$0.04B,$-0.06B,-164.86%,$0.04B,$-0.06B,-164.86%,$-0.06B,$0.05B,-69.32%,$-0.06B,$0.04B,-77.46%,$-0.06B,$0.28B,-19.12%,$-0.11B,$0.12B,-66.77%,$9,$3,$7,$28,$9,$39,$-30,$-2,$-32,$0,$-32,$-32,$-32,$-28,$-30,$22,22,$-1.40,$-1.40,$163,$11,$0,$182,$83,$0,$8,$3,$94,$276,$67,$68,$0,$162,$229,$0,$-1268,$3,$47,$276,$-61,$9,$-40,$-31,$6,$1,$0,$-30,$-10,$-101,$-9,$0,$0,$0,$50,$50,$0,$41,$-2,$0,$-2,$5,$5,$0,$0,$3,$-59,$14,$0
16,2014-09-30,41.9,$3.47,12.09,$1.55,27.05,$-4.49,0.0,$-2.50,0.0,$0.21B,$0.06B,3.73,$0.07B,$0.08B,0.9,$0.04B,$0.03B,77.14%,$0.04B,$-0.10B,-277.14%,$0.04B,$-0.10B,-277.14%,$0.04B,$-0.09B,-251.43%,$0.04B,$-0.05B,-148.57%,$0.04B,$-0.05B,-148.57%,$-0.05B,$0.08B,-52.39%,$-0.05B,$0.07B,-58.10%,$-0.05B,$0.30B,-15.52%,$-0.10B,$0.15B,-57.40%,$8,$2,$6,$25,$8,$34,$-26,$16,$-11,$0,$-11,$-11,$-11,$-24,$-26,$22,22,$-0.50,$-0.50,$188,$12,$0,$209,$75,$0,$9,$3,$88,$297,$56,$69,$0,$164,$220,$0,$-1236,$4,$76,$297,$-28,$7,$-43,$-36,$7,$0,$0,$-25,$-15,$-79,$-6,$0,$0,$0,$50,$50,$0,$43,$-2,$0,$-2,$5,$5,$0,$0,$3,$-34,$10,$0
17,2014-06-30,58.6,$4.68,12.53,$1.34,43.68,$0.43,135.71,$-2.80,0.0,$0.24B,$0.06B,3.98,$0.07B,$0.10B,0.68,$0.03B,$0.02B,74.19%,$0.03B,$-0.09B,-293.55%,$0.03B,$-0.09B,-293.55%,$0.03B,$-0.08B,-264.52%,$0.03B,$-0.06B,-187.10%,$0.03B,$-0.06B,-187.10%,$-0.06B,$0.10B,-53.58%,$-0.06B,$0.09B,-59.03%,$-0.06B,$0.34B,-17.34%,$-0.09B,$0.17B,-50.98%,$13,$2,$11,$27,$9,$38,$-25,$33,$7,$0,$7,$7,$7,$-23,$-25,$22,23,$0.30,$0.30,$219,$13,$0,$244,$78,$0,$10,$3,$91,$335,$61,$70,$4,$171,$232,$0,$-1226,$24,$103,$335,$-18,$5,$-28,$-23,$3,$0,$0,$-11,$-12,$-53,$-4,$0,$0,$0,$33,$33,$0,$29,$-1,$0,$-1,$4,$4,$0,$0,$3,$-21,$7,$0
18,2014-03-31,63.0,$5.74,10.98,$3.84,16.39,$3.98,15.85,$-1.30,0.0,$0.28B,$0.07B,4.13,$0.07B,$0.13B,0.56,$0.09B,$0.08B,90.80%,$0.09B,$-0.03B,-29.89%,$0.09B,$-0.03B,-29.89%,$0.09B,$-0.02B,-19.54%,$0.09B,$-0.03B,-28.74%,$0.09B,$-0.03B,-28.74%,$-0.03B,$0.13B,-21.98%,$-0.03B,$0.12B,-24.10%,$-0.03B,$0.37B,-7.81%,$-0.03B,$0.20B,-14.07%,$7,$1,$5,$21,$8,$30,$-24,$-2,$-25,$0,$-25,$-25,$-25,$-21,$-24,$22,22,$-1.20,$-1.20,$257,$12,$0,$276,$78,$0,$10,$3,$91,$368,$67,$70,$5,$175,$242,$0,$-1233,$59,$126,$368,$-25,$2,$3,$5,$9,$1,$0,$-8,$1,$-19,$-2,$0,$0,$0,$0,$0,$0,$-2,$-0,$0,$-0,$3,$3,$0,$0,$2,$-19,$3,$0
19,2013-12-31,58.5,$4.20,13.94,$3.64,16.06,$4.06,14.4,$-1.00,0.0,$0.25B,$0.07B,3.52,$0.07B,$0.09B,0.77,$0.08B,$0.07B,90.24%,$0.08B,$-0.02B,-28.05%,$0.08B,$-0.02B,-28.05%,$0.08B,$-0.02B,-18.29%,$0.08B,$-0.02B,-23.17%,$0.08B,$-0.02B,-23.17%,$-0.02B,$0.09B,-18.58%,$-0.02B,$0.08B,-20.60%,$-0.02B,$0.34B,-6.61%,$-0.02B,$0.16B,-13.22%,$7,$1,$5,$19,$8,$28,$-22,$-1,$-23,$0,$-23,$-23,$-23,$-20,$-22,$22,22,$-1.00,$-1.00,$222,$13,$0,$249,$77,$0,$10,$3,$91,$340,$71,$71,$5,$177,$248,$0,$-1208,$6,$92,$340,$-19,$8,$-1,$7,$-4,$-6,$0,$76,$85,$73,$-9,$0,$0,$0,$0,$0,$0,$-9,$-2,$0,$-2,$3,$3,$0,$0,$2,$66,$9,$0
20,2013-09-30,52.7,$5.13,10.28,$3.44,15.31,$-1.19,0.0,$-0.90,0.0,$0.21B,$0.06B,3.45,$0.07B,$0.11B,0.64,$0.08B,$0.07B,90.91%,$0.08B,$-0.02B,-27.27%,$0.08B,$-0.02B,-27.27%,$0.08B,$-0.01B,-16.88%,$0.08B,$-0.02B,-22.08%,$0.08B,$-0.02B,-22.08%,$-0.02B,$0.11B,-16.35%,$-0.02B,$0.10B,-18.13%,$-0.02B,$0.30B,-6.35%,$-0.02B,$0.18B,-11.93%,$4,$1,$2,$15,$8,$23,$-20,$3,$-17,$0,$-17,$-17,$-17,$-18,$-20,$22,22,$-0.80,$-0.80,$181,$10,$0,$207,$74,$0,$10,$3,$88,$295,$60,$71,$5,$123,$183,$0,$-1184,$6,$112,$295,$4,$6,$-4,$3,$-6,$-4,$0,$13,$21,$27,$-5,$0,$0,$0,$0,$0,$0,$-4,$-1,$0,$-1,$3,$3,$0,$0,$1,$25,$7,$0
21,2013-06-30,77.0,$5.72,13.45,$3.35,23.01,$-3.92,0.0,$-0.80,0.0,$0.19B,$0.03B,7.16,$0.07B,$0.13B,0.58,$0.07B,$0.07B,91.89%,$0.07B,$-0.02B,-27.03%,$0.07B,$-0.02B,-27.03%,$0.07B,$-0.01B,-16.22%,$0.07B,$-0.02B,-21.62%,$0.07B,$-0.02B,-21.62%,$-0.02B,$0.13B,-15.20%,$-0.02B,$0.12B,-16.84%,$-0.02B,$0.28B,-6.15%,$-0.02B,$0.20B,-11.24%,$69,$2,$67,$19,$9,$29,$40,$0,$40,$0,$40,$40,$40,$42,$40,$22,22,$1.80,$1.80,$179,$7,$0,$190,$74,$0,$10,$4,$88,$278,$27,$72,$9,$126,$153,$0,$-1167,$4,$125,$278,$21,$4,$-2,$2,$4,$-1,$0,$-3,$2,$25,$-3,$0,$0,$0,$0,$0,$0,$-3,$-1,$0,$-1,$2,$2,$0,$0,$1,$23,$4,$0
22,2013-03-31,82.1,$3.69,22.23,$1.43,57.33,$-6.76,0.0,$-3.80,0.0,$0.15B,$0.03B,5.46,$0.07B,$0.08B,0.9,$0.03B,$0.02B,81.48%,$0.03B,$-0.06B,-214.81%,$0.03B,$-0.06B,-214.81%,$0.03B,$-0.05B,-185.19%,$0.03B,$-0.08B,-288.89%,$0.03B,$-0.08B,-288.89%,$-0.08B,$0.08B,-77.23%,$-0.08B,$0.07B,-86.19%,$-0.08B,$0.24B,-30.56%,$-0.06B,$0.15B,-33.33%,$2,$2,$0,$14,$7,$23,$-21,$2,$-19,$0,$-19,$-19,$-19,$-19,$-21,$22,22,$-0.90,$-0.90,$136,$7,$0,$149,$74,$0,$10,$4,$88,$237,$27,$72,$10,$129,$156,$0,$-1207,$4,$80,$237,$-19,$2,$-2,$0,$4,$-1,$0,$-1,$1,$-18,$-1,$0,$0,$0,$0,$0,$-0,$-1,$-0,$0,$-0,$0,$0,$0,$0,$0,$-20,$2,$0
23,2012-12-31,90.2,$4.54,19.89,$1.46,61.94,$-7.23,0.0,$-4.70,0.0,$0.17B,$0.03B,5.72,$0.07B,$0.10B,0.74,$0.03B,$0.02B,85.19%,$0.03B,$-0.06B,-211.11%,$0.03B,$-0.06B,-211.11%,$0.03B,$-0.05B,-177.78%,$0.03B,$-0.09B,-318.52%,$0.03B,$-0.09B,-325.93%,$-0.09B,$0.10B,-95.39%,$-0.09B,$0.09B,-107.98%,$-0.09B,$0.26B,-36.21%,$-0.06B,$0.17B,-33.83%,$2,$1,$1,$14,$7,$22,$-20,$-1,$-21,$0,$-21,$-21,$-21,$-18,$-20,$20,20,$-0.80,$-0.80,$156,$6,$0,$171,$75,$0,$11,$4,$90,$261,$30,$73,$12,$133,$163,$0,$-1188,$5,$99,$261,$-85,$10,$26,$36,$-5,$-6,$0,$16,$5,$-44,$-2,$0,$0,$0,$0,$0,$-0,$-2,$-1,$-22,$-24,$151,$168,$0,$0,$144,$98,$5,$0
24,2012-09-30,83.2,$5.40,15.42,$1.51,55.21,$-10.57,0.0,$-5.30,0.0,$0.17B,$0.02B,9.34,$0.07B,$0.12B,0.63,$0.03B,$0.02B,81.48%,$0.03B,$-0.06B,-203.70%,$0.03B,$-0.06B,-203.70%,$0.03B,$-0.05B,-170.37%,$0.03B,$-0.09B,-329.63%,$0.03B,$-0.09B,-337.04%,$-0.09B,$0.12B,-129.54%,$-0.09B,$0.11B,-152.94%,$-0.09B,$0.26B,-41.94%,$-0.06B,$0.19B,-36.48%,$1,$1,$0,$12,$7,$21,$-19,$4,$-16,$0,$-16,$-16,$-16,$-17,$-19,$21,21,$-0.70,$-0.70,$166,$3,$0,$174,$76,$0,$11,$4,$90,$264,$19,$73,$11,$128,$147,$0,$-1167,$5,$117,$264,$-64,$8,$25,$33,$-0,$-3,$0,$-0,$-4,$-35,$-1,$0,$0,$0,$0,$0,$-0,$-1,$-1,$-22,$-23,$151,$167,$0,$0,$144,$108,$4,$0
25,2012-06-30,99.75,$4.97,20.07,$1.67,59.57,$-13.19,0.0,$-6.20,0.0,$0.17B,$0.02B,8.92,$0.07B,$0.11B,0.68,$0.03B,$0.02B,82.76%,$0.03B,$-0.06B,-189.66%,$0.03B,$-0.06B,-189.66%,$0.03B,$-0.05B,-155.17%,$0.03B,$-0.10B,-331.03%,$0.03B,$-0.10B,-337.93%,$-0.10B,$0.11B,-196.98%,$-0.10B,$0.10B,-254.55%,$-0.10B,$0.26B,-49.68%,$-0.06B,$0.18B,-41.04%,$22,$1,$21,$14,$5,$20,$2,$-24,$-22,$0,$-22,$-22,$-22,$4,$2,$19,19,$-1.20,$-1.20,$144,$0,$0,$167,$78,$0,$11,$4,$92,$259,$19,$74,$15,$132,$151,$0,$-1151,$4,$108,$259,$-49,$5,$29,$34,$-20,$0,$0,$2,$-20,$-34,$-1,$0,$0,$0,$0,$0,$0,$-1,$-1,$-22,$-23,$128,$144,$0,$0,$121,$86,$2,$0
26,2012-03-31,30.75,$2.46,12.52,$0.75,41.12,$-14.44,0.0,$-6.60,0.0,$0.09B,$0.01B,7.55,$0.09B,$0.05B,1.93,$0.01B,$0.00B,40.00%,$0.01B,$-0.08B,-770.00%,$0.01B,$-0.08B,-770.00%,$0.01B,$-0.07B,-660.00%,$0.01B,$-0.10B,-970.00%,$0.01B,$-0.10B,-990.00%,$-0.10B,$0.05B,-262.25%,$-0.10B,$0.03B,-380.77%,$-0.10B,$0.19B,-53.51%,$-0.08B,$0.13B,-61.23%,$2,$1,$1,$14,$6,$22,$-20,$-7,$-27,$0,$-27,$-27,$-29,$-17,$-20,$16,16,$-1.80,$-1.80,$88,$0,$0,$92,$81,$0,$11,$4,$96,$188,$12,$86,$4,$131,$143,$0,$-1106,$6,$45,$188,$-27,$3,$6,$9,$-0,$0,$0,$-2,$-5,$-22,$-0,$0,$0,$0,$0,$0,$0,$-0,$-0,$-5,$-5,$41,$58,$0,$0,$52,$31,$1,$0
27,2011-12-31,18.7,$0.74,25.34,$0.94,19.95,$-15.09,0.0,$-8.30,0.0,$0.06B,$0.01B,4.2,$0.09B,$0.01B,8.44,$0.01B,$0.01B,41.67%,$0.01B,$-0.08B,-683.33%,$0.01B,$-0.08B,-683.33%,$0.01B,$-0.07B,-591.67%,$0.01B,$-0.11B,-916.67%,$0.01B,$-0.11B,-933.33%,$-0.11B,$0.01B,-243.48%,$-0.11B,$0.00B,-329.41%,$-0.11B,$0.16B,-57.07%,$-0.08B,$0.10B,-61.08%,$2,$2,$0,$13,$5,$20,$-18,$-5,$-24,$0,$-24,$-24,$-24,$-16,$-18,$14,14,$-1.30,$-1.30,$58,$0,$0,$60,$82,$0,$11,$4,$97,$157,$14,$89,$2,$132,$147,$0,$-1080,$5,$11,$157,$-109,$12,$21,$32,$3,$0,$0,$-3,$-1,$-78,$-1,$0,$0,$0,$0,$0,$-0,$-1,$-1,$-49,$-50,$18,$36,$0,$0,$-14,$-93,$4,$0
28,2011-09-30,14.4,$2.41,5.98,$1.15,12.48,$-14.58,0.0,$-9.00,0.0,$0.08B,$0.02B,4.48,$0.09B,$0.04B,2.52,$0.01B,$0.01B,50.00%,$0.01B,$-0.09B,-614.29%,$0.01B,$-0.09B,-614.29%,$0.01B,$-0.07B,-528.57%,$0.01B,$-0.11B,-814.29%,$0.01B,$-0.12B,-828.57%,$-0.12B,$0.04B,-183.40%,$-0.12B,$0.02B,-227.45%,$-0.12B,$0.19B,-51.90%,$-0.09B,$0.12B,-55.48%,$3,$2,$2,$15,$6,$23,$-19,$-3,$-23,$0,$-23,$-23,$-23,$-16,$-19,$15,15,$-1.60,$-1.60,$78,$0,$0,$82,$85,$0,$12,$6,$103,$185,$18,$89,$1,$131,$150,$0,$-1056,$7,$35,$185,$-86,$9,$17,$26,$2,$0,$0,$-3,$-3,$-63,$-0,$0,$0,$0,$0,$0,$0,$-0,$-1,$-45,$-46,$18,$36,$0,$0,$-10,$-73,$3,$0
29,2011-06-30,13.6,$4.12,3.3,$1.57,8.68,$-12.87,0.0,$-10.50,0.0,$0.10B,$0.02B,5.57,$0.09B,$0.06B,1.46,$0.02B,$0.01B,57.89%,$0.02B,$-0.09B,-468.42%,$0.02B,$-0.09B,-468.42%,$0.02B,$-0.08B,-400.00%,$0.02B,$-0.13B,-668.42%,$0.02B,$-0.13B,-678.95%,$-0.13B,$0.06B,-159.26%,$-0.13B,$0.05B,-187.64%,$-0.13B,$0.21B,-51.50%,$-0.09B,$0.15B,-50.57%,$3,$2,$1,$15,$6,$23,$-20,$-3,$-23,$0,$-23,$-23,$-23,$-17,$-20,$14,14,$-1.60,$-1.60,$98,$0,$0,$102,$90,$0,$13,$6,$108,$210,$18,$88,$1,$132,$150,$0,$-1033,$10,$60,$210,$-63,$6,$15,$21,$2,$0,$0,$-2,$-2,$-44,$-0,$0,$0,$0,$0,$0,$0,$-0,$-0,$-45,$-46,$18,$35,$0,$0,$-10,$-53,$2,$0
30,2011-03-31,13.9,$5.34,2.6,$1.57,8.83,$-15.30,0.0,$-11.70,0.0,$0.13B,$0.02B,5.63,$0.09B,$0.08B,1.13,$0.02B,$0.01B,61.11%,$0.02B,$-0.10B,-533.33%,$0.02B,$-0.10B,-533.33%,$0.02B,$-0.08B,-461.11%,$0.02B,$-0.13B,-738.89%,$0.02B,$-0.14B,-750.00%,$-0.14B,$0.08B,-157.89%,$-0.14B,$0.07B,-183.67%,$-0.14B,$0.23B,-52.58%,$-0.10B,$0.17B,-50.13%,$4,$2,$2,$16,$7,$29,$-25,$-15,$-40,$0,$-40,$-40,$-42,$-22,$-25,$12,12,$-3.50,$-3.50,$120,$0,$0,$125,$90,$0,$12,$6,$107,$233,$22,$88,$1,$133,$155,$0,$-1010,$5,$78,$233,$-40,$3,$13,$16,$1,$0,$0,$-1,$-1,$-24,$-0,$0,$0,$0,$0,$0,$0,$-0,$-0,$-41,$-41,$18,$35,$0,$0,$-6,$-31,$1,$0
31,2010-12-31,17.2,$6.75,2.55,$1.52,11.34,$-16.64,0.0,$-11.50,0.0,$0.16B,$0.04B,4.25,$0.10B,$0.08B,1.29,$0.02B,$0.01B,58.82%,$0.02B,$-0.10B,-564.71%,$0.02B,$-0.10B,-564.71%,$0.02B,$-0.08B,-488.24%,$0.02B,$-0.12B,-729.41%,$0.02B,$-0.12B,-729.41%,$-0.12B,$0.08B,-148.95%,$-0.12B,$0.07B,-174.65%,$-0.12B,$0.27B,-48.58%,$-0.10B,$0.18B,-47.76%,$4,$2,$2,$16,$7,$26,$-22,$-6,$-28,$0,$-28,$-28,$-28,$-19,$-22,$11,11,$-2.20,$-2.20,$151,$0,$0,$157,$92,$0,$12,$6,$110,$266,$37,$103,$2,$149,$186,$0,$-971,$5,$80,$266,$-125,$13,$21,$34,$-2,$0,$0,$45,$38,$-52,$-4,$0,$0,$20,$0,$20,$0,$16,$-1,$-30,$-31,$120,$120,$0,$0,$90,$56,$5,$0
32,2010-09-30,15.7,$8.71,1.8,$1.47,10.69,$-30.58,0.0,$-12.40,0.0,$0.18B,$0.04B,4.76,$0.10B,$0.11B,0.97,$0.02B,$0.01B,56.25%,$0.02B,$-0.10B,-643.75%,$0.02B,$-0.10B,-643.75%,$0.02B,$-0.09B,-550.00%,$0.02B,$-0.13B,-787.50%,$0.02B,$-0.13B,-787.50%,$-0.13B,$0.11B,-153.66%,$-0.13B,$0.09B,-181.95%,$-0.13B,$0.29B,-50.86%,$-0.10B,$0.21B,-49.70%,$8,$2,$6,$20,$7,$29,$-22,$-15,$-36,$0,$-36,$-36,$-36,$-18,$-22,$12,12,$-3.10,$-3.10,$177,$0,$0,$182,$93,$0,$12,$6,$111,$293,$38,$102,$2,$149,$187,$0,$-961,$4,$106,$293,$-96,$10,$17,$27,$-0,$0,$0,$46,$42,$-27,$-4,$0,$0,$10,$0,$10,$0,$6,$-1,$-30,$-31,$120,$120,$0,$0,$90,$71,$4,$0
33,2010-06-30,30.7,$6.91,4.44,$1.11,27.74,$-42.60,0.0,$-13.10,0.0,$0.13B,$0.02B,5.78,$0.13B,$0.08B,1.71,$0.01B,$0.00B,36.36%,$0.01B,$-0.11B,-981.82%,$0.01B,$-0.11B,-981.82%,$0.01B,$-0.09B,-854.55%,$0.01B,$-0.13B,-1136.36%,$0.01B,$-0.13B,-1136.36%,$-0.13B,$0.08B,-153.85%,$-0.13B,$0.07B,-184.50%,$-0.13B,$0.24B,-51.81%,$-0.11B,$0.21B,-50.59%,$2,$2,$1,$21,$7,$29,$-27,$-2,$-29,$0,$-29,$-29,$-29,$-24,$-27,$10,10,$-2.80,$-2.80,$118,$0,$0,$125,$92,$0,$12,$7,$110,$235,$22,$133,$3,$136,$157,$0,$-925,$1,$78,$235,$-60,$7,$4,$11,$-1,$0,$0,$0,$-5,$-55,$-3,$0,$0,$-0,$0,$-0,$-0,$-3,$-0,$0,$-0,$60,$60,$0,$0,$60,$2,$3,$0
34,2010-03-31,31.2,$6.79,4.59,$1.18,26.51,$-49.62,0.0,$-15.10,0.0,$0.11B,$0.02B,6.14,$0.13B,$0.07B,1.95,$0.01B,$0.00B,36.36%,$0.01B,$-0.11B,-1036.36%,$0.01B,$-0.11B,-1036.36%,$0.01B,$-0.10B,-909.09%,$0.01B,$-0.13B,-1218.18%,$0.01B,$-0.13B,-1218.18%,$-0.13B,$0.07B,-183.56%,$-0.13B,$0.06B,-228.09%,$-0.13B,$0.23B,-59.96%,$-0.11B,$0.20B,-58.84%,$3,$2,$1,$18,$7,$28,$-25,$-6,$-31,$0,$-31,$-31,$-31,$-22,$-25,$9,9,$-3.30,$-3.30,$108,$0,$0,$114,$94,$0,$12,$6,$113,$227,$19,$134,$5,$140,$159,$0,$-896,$0,$69,$227,$-31,$3,$4,$8,$-1,$0,$0,$-0,$-6,$-30,$-2,$0,$0,$-0,$0,$-0,$-0,$-2,$-0,$0,$-0,$24,$24,$0,$0,$24,$-8,$2,$0
35,2009-12-31,35.5,$8.30,4.28,$1.27,27.94,$-53.54,0.0,$-18.60,0.0,$0.12B,$0.02B,5.86,$0.13B,$0.08B,1.8,$0.01B,$0.00B,36.36%,$0.01B,$-0.14B,-1263.64%,$0.01B,$-0.14B,-1263.64%,$0.01B,$-0.12B,-1127.27%,$0.01B,$-0.15B,-1400.00%,$0.01B,$-0.15B,-1400.00%,$-0.15B,$0.08B,-213.89%,$-0.15B,$0.06B,-269.00%,$-0.15B,$0.24B,-71.38%,$-0.14B,$0.21B,-77.01%,$3,$2,$1,$21,$7,$31,$-29,$-1,$-30,$0,$-30,$-30,$-30,$-24,$-29,$8,8,$-2.80,$-2.80,$115,$0,$0,$121,$95,$0,$13,$6,$115,$236,$21,$134,$7,$141,$162,$0,$-865,$1,$75,$236,$-153,$15,$12,$27,$0,$0,$0,$-1,$-29,$-156,$-5,$0,$0,$16,$0,$16,$0,$11,$111,$-10,$101,$65,$65,$0,$0,$167,$21,$7,$0
36,2009-09-30,44.7,$11.06,4.04,$1.32,33.92,$-66.16,0.0,$-23.80,0.0,$0.15B,$0.02B,6.91,$0.13B,$0.10B,1.27,$0.01B,$0.00B,36.36%,$0.01B,$-0.17B,-1563.64%,$0.01B,$-0.17B,-1563.64%,$0.01B,$-0.16B,-1436.36%,$0.01B,$-0.19B,-1690.91%,$0.01B,$-0.19B,-1690.91%,$-0.19B,$0.10B,-224.77%,$-0.19B,$0.09B,-276.58%,$-0.19B,$0.27B,-85.71%,$-0.17B,$0.23B,-97.87%,$3,$2,$1,$22,$5,$30,$-27,$-8,$-35,$0,$-35,$-35,$-35,$-24,$-27,$9,9,$-3.80,$-3.80,$143,$0,$0,$149,$97,$0,$15,$7,$118,$267,$22,$130,$12,$143,$165,$0,$-835,$1,$103,$267,$-123,$10,$12,$22,$0,$0,$0,$-1,$-28,$-130,$-3,$0,$0,$16,$0,$16,$0,$12,$15,$87,$101,$65,$65,$0,$0,$167,$49,$5,$0
37,2009-06-30,49.9,$4.85,10.29,$1.28,38.94,$-76.90,0.0,$-27.60,0.0,$0.05B,$0.03B,1.68,$0.09B,$0.05B,1.91,$0.01B,$0.00B,30.00%,$0.01B,$-0.20B,-1990.00%,$0.01B,$-0.20B,-1990.00%,$0.01B,$-0.18B,-1840.00%,$0.01B,$-0.21B,-2070.00%,$0.01B,$-0.21B,-2070.00%,$-0.21B,$0.05B,-180.00%,$-0.21B,$0.03B,-208.56%,$-0.21B,$0.16B,-87.99%,$-0.20B,$0.13B,-102.98%,$2,$2,$1,$24,$6,$35,$-33,$-5,$-38,$0,$-38,$-38,$-38,$-30,$-33,$8,8,$-4.80,$-4.80,$40,$0,$0,$46,$97,$0,$15,$6,$118,$164,$27,$86,$0,$91,$119,$0,$-800,$-1,$45,$164,$-89,$7,$6,$13,$0,$0,$0,$-0,$-22,$-97,$-2,$0,$0,$33,$0,$33,$0,$30,$15,$0,$15,$15,$15,$0,$0,$30,$-38,$4,$0
38,2009-03-31,30.1,$8.12,3.71,$1.33,22.58,$-81.59,0.0,$-31.70,0.0,$0.08B,$0.04B,1.91,$0.09B,$0.07B,1.31,$0.01B,$0.00B,18.18%,$0.01B,$-0.23B,-2090.91%,$0.01B,$-0.23B,-2090.91%,$0.01B,$-0.21B,-1945.45%,$0.01B,$-0.23B,-2127.27%,$0.01B,$-0.24B,-2136.36%,$-0.24B,$0.07B,-134.09%,$-0.24B,$0.05B,-148.03%,$-0.24B,$0.20B,-79.39%,$-0.23B,$0.15B,-92.00%,$3,$1,$1,$43,$8,$52,$-50,$-1,$-51,$0,$-51,$-51,$-51,$-46,$-50,$7,7,$-6.80,$-6.80,$70,$0,$0,$76,$99,$0,$15,$6,$120,$196,$40,$85,$0,$91,$131,$0,$-762,$-2,$65,$196,$-51,$3,$2,$5,$-0,$0,$0,$1,$-6,$-52,$-2,$0,$0,$29,$0,$29,$0,$27,$15,$0,$15,$0,$0,$0,$0,$15,$-11,$2,$0
39,2008-12-31,41.7,$16.54,2.52,$1.33,31.37,$-83.10,0.0,$-32.40,0.0,$0.12B,$0.05B,2.48,$0.07B,$0.12B,0.61,$0.01B,$0.00B,9.09%,$0.01B,$-0.24B,-2154.55%,$0.01B,$-0.24B,-2154.55%,$0.01B,$-0.22B,-2009.09%,$0.01B,$-0.24B,-2154.55%,$0.01B,$-0.24B,-2172.73%,$-0.24B,$0.12B,-96.96%,$-0.24B,$0.10B,-104.37%,$-0.24B,$0.24B,-65.79%,$-0.24B,$0.19B,-74.59%,$3,$2,$1,$53,$9,$65,$-62,$-0,$-62,$0,$-62,$-62,$-62,$-58,$-62,$7,7,$-8.40,$-8.40,$110,$0,$0,$117,$103,$0,$16,$5,$124,$241,$47,$71,$0,$77,$124,$0,$-719,$0,$118,$241,$-238,$15,$13,$28,$0,$0,$0,$4,$19,$-191,$-43,$0,$0,$-26,$0,$-26,$0,$-68,$1,$0,$1,$2,$-54,$0,$0,$-53,$-314,$8,$0
40,2008-09-30,50.0,$31.35,1.59,$1.69,29.56,$-74.57,0.0,$-30.00,0.0,$0.22B,$0.03B,6.79,$0.07B,$0.18B,0.4,$0.01B,$0.01B,38.46%,$0.01B,$-0.22B,-1676.92%,$0.01B,$-0.22B,-1676.92%,$0.01B,$-0.20B,-1569.23%,$0.01B,$-0.22B,-1653.85%,$0.01B,$-0.22B,-1676.92%,$-0.22B,$0.23B,-69.32%,$-0.22B,$0.22B,-72.67%,$-0.22B,$0.34B,-51.29%,$-0.22B,$0.30B,-56.84%,$2,$2,$0,$47,$6,$56,$-54,$-2,$-56,$0,$-56,$-56,$-56,$-50,$-54,$7,7,$-7.60,$-7.60,$212,$0,$0,$219,$99,$0,$16,$6,$121,$340,$32,$71,$0,$76,$108,$0,$-656,$-1,$232,$340,$-175,$11,$10,$21,$0,$0,$0,$4,$6,$-149,$-39,$0,$0,$-34,$0,$-34,$-0,$-73,$1,$0,$1,$1,$1,$0,$0,$2,$-220,$6,$0
41,2008-06-30,51.9,$38.70,1.34,$2.27,22.9,$-65.51,0.0,$-27.80,0.0,$0.28B,$0.05B,6.36,$0.07B,$0.23B,0.31,$0.02B,$0.01B,62.50%,$0.02B,$-0.20B,-1243.75%,$0.02B,$-0.20B,-1243.75%,$0.02B,$-0.19B,-1168.75%,$0.02B,$-0.19B,-1193.75%,$0.02B,$-0.20B,-1218.75%,$-0.20B,$0.29B,-57.74%,$-0.20B,$0.27B,-59.82%,$-0.20B,$0.41B,-43.70%,$-0.20B,$0.36B,-49.20%,$3,$2,$0,$56,$7,$66,$-64,$-2,$-65,$0,$-65,$-65,$-66,$-60,$-64,$7,7,$-8.90,$-8.90,$272,$0,$0,$283,$98,$0,$18,$8,$124,$407,$45,$72,$0,$77,$121,$0,$-600,$2,$286,$407,$-120,$7,$6,$14,$-1,$0,$0,$1,$12,$-94,$-33,$0,$0,$-32,$0,$-32,$-0,$-65,$1,$0,$1,$1,$1,$0,$0,$2,$-158,$4,$0
42,2008-03-31,68.4,$47.41,1.44,$2.70,25.35,$-59.36,0.0,$-25.30,0.0,$0.35B,$0.04B,8.94,$0.07B,$0.30B,0.24,$0.02B,$0.02B,83.33%,$0.02B,$-0.18B,-988.89%,$0.02B,$-0.18B,-988.89%,$0.02B,$-0.17B,-933.33%,$0.02B,$-0.17B,-916.67%,$0.02B,$-0.17B,-933.33%,$-0.17B,$0.35B,-47.36%,$-0.17B,$0.33B,-48.55%,$-0.17B,$0.47B,-36.72%,$-0.18B,$0.42B,-42.48%,$3,$2,$0,$47,$9,$59,$-57,$2,$-54,$0,$-54,$-54,$-55,$-53,$-57,$7,7,$-7.50,$-7.50,$334,$0,$0,$345,$93,$0,$19,$8,$120,$465,$39,$71,$0,$76,$114,$0,$-534,$3,$350,$465,$-54,$4,$2,$6,$-0,$0,$0,$0,$8,$-41,$-24,$0,$0,$-21,$0,$-21,$-0,$-46,$-0,$0,$-0,$1,$1,$0,$0,$0,$-86,$2,$0
43,2007-12-31,78.3,$56.35,1.39,$3.15,24.84,$-56.11,0.0,$-23.10,0.0,$0.41B,$0.03B,13.51,$0.06B,$0.34B,0.19,$0.02B,$0.02B,100.00%,$0.02B,$-0.16B,-785.00%,$0.02B,$-0.16B,-785.00%,$0.02B,$-0.15B,-745.00%,$0.02B,$-0.14B,-715.00%,$0.02B,$-0.15B,-725.00%,$-0.15B,$0.39B,-39.78%,$-0.15B,$0.39B,-40.39%,$-0.15B,$0.49B,-32.19%,$-0.16B,$0.45B,-37.88%,$5,$0,$5,$41,$7,$48,$-43,$3,$-40,$0,$-40,$-40,$-41,$-41,$-43,$6,6,$-6.00,$-6.00,$398,$0,$0,$409,$66,$0,$5,$7,$78,$488,$30,$62,$0,$67,$97,$0,$-479,$-0,$390,$488,$-143,$9,$8,$17,$-2,$0,$0,$-8,$-2,$-128,$-17,$0,$0,$5,$0,$5,$-0,$-13,$48,$0,$48,$107,$107,$0,$0,$155,$14,$9,$0
44,2007-09-30,109.5,$45.03,2.43,$3.43,31.93,$-51.16,0.0,$-24.70,0.0,$0.35B,$0.04B,9.43,$0.06B,$0.27B,0.23,$0.02B,$0.02B,100.00%,$0.02B,$-0.15B,-765.00%,$0.02B,$-0.15B,-765.00%,$0.02B,$-0.15B,-725.00%,$0.02B,$-0.14B,-695.00%,$0.02B,$-0.14B,-700.00%,$-0.14B,$0.33B,-37.69%,$-0.14B,$0.32B,-38.28%,$-0.14B,$0.43B,-31.43%,$-0.15B,$0.39B,-37.36%,$5,$0,$5,$32,$8,$40,$-35,$3,$-32,$0,$-32,$-32,$-33,$-33,$-35,$6,6,$-5.40,$-5.40,$339,$0,$0,$353,$59,$0,$5,$9,$73,$425,$37,$62,$0,$63,$100,$0,$-439,$0,$325,$425,$-103,$7,$6,$13,$-0,$0,$0,$-9,$-2,$-91,$-8,$0,$0,$-19,$0,$-19,$-2,$-29,$48,$0,$48,$3,$3,$0,$0,$51,$-69,$7,$0
45,2007-06-30,109.9,$57.91,1.9,$3.54,31.06,$-46.77,0.0,$-23.60,0.0,$0.38B,$0.04B,10.75,$0.06B,$0.30B,0.21,$0.02B,$0.02B,100.00%,$0.02B,$-0.14B,-742.11%,$0.02B,$-0.14B,-742.11%,$0.02B,$-0.13B,-694.74%,$0.02B,$-0.13B,-668.42%,$0.02B,$-0.13B,-668.42%,$-0.13B,$0.35B,-35.08%,$-0.13B,$0.35B,-35.70%,$-0.13B,$0.45B,-30.09%,$-0.14B,$0.42B,-36.36%,$5,$0,$5,$41,$7,$48,$-43,$5,$-39,$0,$-39,$-39,$-39,$-41,$-43,$6,6,$-6.40,$-6.40,$371,$0,$0,$382,$57,$0,$6,$8,$70,$452,$36,$62,$0,$63,$98,$0,$-406,$0,$354,$452,$-71,$4,$4,$8,$-1,$0,$0,$-3,$-1,$-63,$-4,$0,$0,$-26,$0,$-26,$-0,$-31,$48,$0,$48,$2,$2,$0,$0,$50,$-44,$4,$0
46,2007-03-31,108.6,$63.85,1.7,$4.73,22.97,$-43.59,0.0,$-21.20,0.0,$0.37B,$0.03B,11.16,$0.01B,$0.34B,0.04,$0.02B,$0.02B,100.00%,$0.02B,$-0.12B,-500.00%,$0.02B,$-0.12B,-500.00%,$0.02B,$-0.11B,-460.87%,$0.02B,$-0.11B,-465.22%,$0.02B,$-0.11B,-465.22%,$-0.11B,$0.39B,-30.62%,$-0.11B,$0.38B,-31.20%,$-0.11B,$0.44B,-27.04%,$-0.12B,$0.40B,-31.66%,$5,$0,$5,$36,$5,$41,$-36,$4,$-32,$0,$-32,$-32,$-32,$-34,$-36,$6,6,$-5.30,$-5.30,$356,$0,$0,$368,$57,$0,$6,$6,$69,$437,$33,$14,$0,$15,$48,$0,$-367,$-0,$389,$437,$-32,$2,$2,$4,$-0,$0,$0,$-2,$-4,$-31,$-2,$0,$0,$-15,$0,$-15,$-0,$-17,$0,$0,$0,$1,$1,$0,$0,$1,$-48,$2,$0
47,2006-12-31,129.1,$72.34,1.78,$6.78,19.04,$-41.34,0.0,$-18.90,0.0,$0.40B,$0.04B,11.1,$0.01B,$0.37B,0.04,$0.03B,$0.03B,100.00%,$0.03B,$-0.09B,-310.00%,$0.03B,$-0.09B,-310.00%,$0.03B,$-0.08B,-280.00%,$0.03B,$-0.09B,-290.00%,$0.03B,$-0.09B,-293.33%,$-0.09B,$0.42B,-26.57%,$-0.09B,$0.41B,-27.12%,$-0.09B,$0.47B,-23.30%,$-0.09B,$0.43B,-26.96%,$5,$0,$5,$38,$5,$44,$-39,$3,$-36,$0,$-36,$-36,$-36,$-37,$-39,$5,5,$-7.60,$-7.60,$389,$0,$0,$400,$57,$0,$6,$6,$69,$468,$36,$14,$0,$15,$51,$0,$-334,$-0,$418,$468,$-86,$8,$10,$18,$1,$0,$0,$-16,$-3,$-71,$-14,$0,$0,$39,$0,$39,$0,$25,$0,$0,$0,$345,$345,$0,$0,$345,$299,$5,$0
