,Date,Stock Price,Book Value per Share,Price to Book Ratio,TTM Sales per Share,Price to Sales Ratio,TTM FCF per Share,Price to FCF Ratio,TTM Net EPS,PE Ratio,Current Assets,Current Liabilities,Current Ratio,Long Term Debt,Shareholder's Equity_x,Debt to Equity Ratio,TTM Revenue_x,TTM Gross Profit,Gross Margin,TTM Revenue_y,TTM Operating Income,Operating Margin,TTM Revenue_x,TTM EBIT,EBIT Margin,TTM Revenue_y,TTM EBITDA,EBITDA Margin,TTM Revenue_x,TTM Pre-Tax Income,Pre-Tax Margin,TTM Revenue_y,TTM Net Income_x,Net Margin,TTM Net Income_y,Shareholder's Equity_y,Return on Equity,TTM Net Income_x,Tangible Equity,Return on Tangible Equity,TTM Net Income_y,Total Assets,Return on Assets,TTM Net Income,LT Investments & Debt,Return on Investment,revenue,cost-goods-sold,gross-profit,research-development-expenses,selling-general-administrative-expenses,operating-expenses,operating-income,total-non-operating-income-expense,pre-tax-income,total-provision-income-taxes,income-after-taxes,income-from-continuous-operations,net-income,ebitda,ebit,basic-shares-outstanding,shares-outstanding,eps-basic-net-earnings-per-share,eps-earnings-per-share-diluted,cash-on-hand,inventory,other-current-assets,total-current-assets,net-property-plant-equipment,long-term-investments,goodwill-intangible-assets-total,other-long-term-assets,total-long-term-assets,total-assets,total-current-liabilities,long-term-debt,other-non-current-liabilities,total-long-term-liabilities,total-liabilities,common-stock-net,retained-earnings-accumulated-deficit,comprehensive-income,total-share-holder-equity,total-liabilities-share-holders-equity,net-income-loss,total-depreciation-amortization-cash-flow,other-non-cash-items,total-non-cash-items,change-in-accounts-receivable,change-in-inventories,change-in-accounts-payable,change-in-assets-liabilities,total-change-in-assets-liabilities,cash-flow-from-operating-activities,net-change-in-property-plant-equipment,net-change-in-intangible-assets,net-acquisitions-divestitures,net-change-in-short-term-investments,net-change-in-long-term-investments,net-change-in-investments-total,investing-activities-other,cash-flow-from-investing-activities,net-long-term-debt,net-current-debt,debt-issuance-retirement-net-total,net-common-equity-issued-repurchased,net-total-equity-issued-repurchased,total-common-preferred-stock-dividends-paid,financial-activities-other,cash-flow-from-financial-activities,net-cash-flow,stock-based-compensation,common-stock-dividends-paid
0,2018-09-30,12.2,$6.40,1.91,$9.88,1.23,$0.06,195.51,$0.71,17.18,$0.23B,$0.16B,1.46,$1.52B,$0.83B,1.83,$0.88B,$0.43B,48.41%,$0.88B,$0.11B,12.61%,$0.88B,$0.11B,12.61%,$0.88B,$0.31B,34.89%,$0.88B,$0.01B,1.36%,$0.88B,$0.06B,6.36%,$0.06B,$0.83B,7.15%,$0.06B,$0.77B,7.77%,$0.06B,$2.53B,2.27%,$0.11B,$2.34B,4.96%,$232,$119,$113,$0,$26,$196,$36,$-23,$13,$3,$10,$10,$10,$86,$36,$128,128,$0.08,$0.08,$3,$77,$10,$233,$2166,$0,$56,$70,$2299,$2531,$159,$1516,$20,$1545,$1704,$1,$-2259,$10,$828,$2531,$16,$148,$10,$158,$-22,$4,$16,$-2,$-4,$171,$-217,$0,$0,$0,$0,$0,$0,$-217,$96,$0,$96,$-1,$-1,$-41,$-15,$39,$-7,$6,$-41
1,2018-06-30,11.88,$6.42,1.85,$10.91,1.09,$0.73,16.19,$0.48,24.75,$0.23B,$0.17B,1.35,$1.46B,$0.83B,1.76,$0.85B,$0.40B,47.28%,$0.85B,$0.08B,9.22%,$0.85B,$0.08B,9.22%,$0.85B,$0.27B,32.27%,$0.85B,$-0.02B,-2.13%,$0.85B,$0.04B,4.26%,$0.04B,$0.83B,4.79%,$0.04B,$0.77B,5.26%,$0.04B,$2.48B,1.48%,$0.08B,$2.29B,3.59%,$227,$119,$108,$0,$27,$194,$32,$-30,$3,$-2,$4,$4,$2,$81,$32,$111,111,$0.02,$0.02,$4,$82,$10,$227,$2125,$0,$60,$65,$2258,$2484,$168,$1459,$18,$1485,$1654,$1,$-2252,$9,$831,$2484,$6,$98,$17,$115,$-10,$-0,$10,$-15,$-16,$105,$-113,$0,$0,$0,$0,$0,$0,$-113,$40,$0,$40,$-0,$-0,$-24,$-15,$1,$-7,$4,$-24
2,2018-03-31,8.57,$10.29,0.83,$11.72,0.73,$0.96,8.94,$0.36,23.8,$0.21B,$0.14B,1.48,$1.43B,$0.74B,1.93,$0.82B,$0.39B,47.49%,$0.82B,$0.06B,7.59%,$0.82B,$0.06B,7.59%,$0.82B,$0.26B,31.46%,$0.82B,$-0.03B,-3.30%,$0.82B,$0.03B,3.30%,$0.03B,$0.74B,3.78%,$0.03B,$0.67B,4.20%,$0.03B,$2.44B,1.12%,$0.06B,$2.17B,2.91%,$212,$107,$105,$0,$28,$184,$28,$-26,$2,$0,$2,$2,$-4,$77,$28,$70,70,$-0.06,$-0.06,$4,$84,$7,$211,$2089,$0,$65,$60,$2226,$2437,$143,$1427,$20,$1557,$1699,$1,$-2239,$3,$738,$2437,$2,$49,$7,$56,$5,$-1,$8,$-7,$4,$62,$-55,$0,$0,$0,$0,$0,$0,$-55,$9,$0,$9,$-1,$-1,$-9,$-14,$-14,$-7,$2,$-9
3,2017-12-31,10.15,$10.37,0.98,$11.42,0.89,$1.28,7.93,$0.25,40.61,$0.22B,$0.13B,1.69,$1.42B,$0.74B,1.93,$0.80B,$0.38B,47.17%,$0.80B,$0.04B,5.16%,$0.80B,$0.04B,5.16%,$0.80B,$0.24B,29.94%,$0.80B,$-0.04B,-5.41%,$0.80B,$0.02B,2.39%,$0.02B,$0.74B,2.72%,$0.02B,$0.67B,3.05%,$0.02B,$2.41B,0.79%,$0.04B,$2.15B,1.93%,$209,$109,$100,$0,$30,$194,$15,$-21,$-6,$-55,$49,$49,$48,$63,$15,$70,70,$0.68,$0.68,$11,$91,$6,$221,$2077,$0,$69,$28,$2187,$2408,$131,$1417,$20,$1542,$1672,$1,$-2241,$1,$736,$2408,$18,$197,$-17,$181,$-7,$-0,$10,$0,$3,$202,$-175,$0,$0,$0,$0,$0,$0,$-175,$32,$0,$32,$-1,$-1,$-34,$-16,$-20,$7,$8,$-34
4,2017-09-30,12.0,$9.88,1.21,$11.23,1.07,$3.77,3.18,$-0.98,0.0,$0.22B,$0.14B,1.63,$1.39B,$0.70B,1.99,$0.78B,$0.37B,47.82%,$0.78B,$-0.01B,-1.79%,$0.78B,$-0.01B,-1.79%,$0.78B,$0.19B,24.10%,$0.78B,$-0.10B,-12.18%,$0.78B,$-0.07B,-8.72%,$-0.07B,$0.70B,-9.92%,$-0.07B,$0.63B,-11.24%,$-0.07B,$2.41B,-2.81%,$-0.01B,$2.09B,-0.66%,$198,$110,$87,$0,$29,$195,$3,$-20,$-17,$-5,$-13,$-13,$-10,$52,$3,$70,70,$-0.15,$-0.15,$3,$94,$5,$222,$2074,$0,$73,$26,$2192,$2414,$136,$1393,$20,$1576,$1712,$1,$-2280,$0,$701,$2414,$-31,$149,$25,$174,$-10,$-3,$20,$0,$7,$151,$-130,$0,$0,$0,$0,$0,$0,$-130,$-52,$0,$-52,$59,$59,$-26,$-4,$-22,$-0,$6,$-26
5,2017-06-30,10.77,$9.59,1.12,$11.23,0.96,$5.63,1.91,$-0.83,0.0,$0.21B,$0.12B,1.79,$1.44B,$0.68B,2.12,$0.78B,$0.39B,50.00%,$0.78B,$-0.01B,-1.67%,$0.78B,$-0.01B,-1.67%,$0.78B,$0.19B,24.94%,$0.78B,$-0.09B,-11.95%,$0.78B,$-0.07B,-8.74%,$-0.07B,$0.68B,-9.74%,$-0.07B,$0.60B,-11.14%,$-0.07B,$2.42B,-2.78%,$-0.01B,$2.12B,-0.61%,$198,$102,$96,$0,$25,$182,$16,$-22,$-6,$-2,$-4,$-4,$-7,$65,$16,$70,70,$-0.10,$-0.10,$3,$94,$6,$212,$2083,$0,$78,$26,$2206,$2419,$119,$1443,$20,$1620,$1739,$1,$-2261,$-1,$680,$2419,$-18,$100,$19,$119,$1,$-2,$2,$-1,$1,$101,$-91,$0,$0,$0,$0,$0,$0,$-91,$-1,$0,$-1,$-1,$-1,$-17,$8,$-11,$-1,$4,$-17
6,2017-03-31,11.59,$9.51,1.22,$11.34,1.02,$6.66,1.74,$-0.73,0.0,$0.21B,$0.13B,1.69,$1.44B,$0.68B,2.13,$0.78B,$0.40B,51.53%,$0.78B,$-0.02B,-1.91%,$0.78B,$-0.02B,-1.91%,$0.78B,$0.20B,25.13%,$0.78B,$-0.09B,-11.99%,$0.78B,$-0.07B,-8.29%,$-0.07B,$0.68B,-9.06%,$-0.07B,$0.59B,-10.47%,$-0.07B,$2.42B,-2.61%,$-0.02B,$2.11B,-0.68%,$190,$98,$92,$0,$28,$183,$7,$-21,$-14,$0,$-14,$-14,$-12,$58,$7,$69,69,$-0.17,$-0.17,$11,$95,$5,$212,$2076,$0,$82,$26,$2205,$2417,$125,$1436,$18,$1616,$1741,$1,$-2246,$-1,$675,$2417,$-14,$50,$12,$62,$10,$-2,$-2,$-0,$7,$55,$-25,$0,$0,$0,$0,$0,$0,$-25,$-7,$0,$-7,$-1,$-1,$-8,$-6,$-22,$8,$2,$-8
7,2016-12-31,12.24,$9.71,1.26,$11.70,1.05,$6.60,1.86,$-0.56,0.0,$0.22B,$0.11B,2.03,$1.44B,$0.69B,2.11,$0.81B,$0.43B,52.91%,$0.81B,$-0.01B,-1.73%,$0.81B,$-0.01B,-1.73%,$0.81B,$0.20B,25.15%,$0.81B,$-0.09B,-11.15%,$0.81B,$-0.06B,-6.82%,$-0.06B,$0.69B,-7.47%,$-0.06B,$0.60B,-8.72%,$-0.06B,$2.42B,-2.15%,$-0.01B,$2.13B,-0.62%,$194,$96,$98,$0,$27,$234,$-40,$-17,$-58,$-12,$-46,$-46,$-39,$13,$-40,$69,69,$-0.56,$-0.56,$3,$94,$6,$216,$2079,$0,$87,$13,$2199,$2415,$107,$1442,$8,$1623,$1730,$1,$-2227,$-2,$685,$2415,$-65,$217,$77,$294,$32,$29,$-22,$6,$46,$274,$-76,$0,$-14,$0,$0,$0,$0,$-89,$-139,$0,$-139,$-2,$-2,$-35,$-8,$-183,$2,$9,$-35
8,2016-09-30,12.0,$10.68,1.12,$12.42,0.97,$6.52,1.84,$-1.91,0.0,$0.24B,$0.11B,2.1,$1.47B,$0.75B,1.95,$0.85B,$0.45B,52.58%,$0.85B,$0.14B,15.81%,$0.85B,$0.14B,15.81%,$0.85B,$0.36B,42.27%,$0.85B,$-0.13B,-15.34%,$0.85B,$-0.15B,-17.10%,$-0.15B,$0.75B,-19.16%,$-0.15B,$0.65B,-22.55%,$-0.15B,$2.53B,-5.56%,$0.14B,$2.23B,5.83%,$196,$93,$103,$0,$25,$192,$4,$-19,$-15,$-5,$-10,$-10,$-10,$58,$4,$69,69,$-0.14,$-0.14,$5,$116,$5,$238,$2162,$0,$105,$0,$2288,$2525,$113,$1471,$12,$1658,$1772,$1,$-2180,$-3,$754,$2525,$-19,$164,$40,$203,$34,$10,$-14,$6,$36,$220,$-70,$0,$-14,$0,$0,$0,$0,$-84,$-108,$0,$-108,$-1,$-1,$-26,$3,$-133,$4,$7,$-26
