,Date,Stock Price,Book Value per Share,Price to Book Ratio,TTM Sales per Share,Price to Sales Ratio,TTM FCF per Share,Price to FCF Ratio,TTM Net EPS,PE Ratio,Current Assets,Current Liabilities,Current Ratio,Long Term Debt,Shareholder's Equity_x,Debt to Equity Ratio,TTM Revenue_x,TTM Gross Profit,Gross Margin,TTM Revenue_y,TTM Operating Income,Operating Margin,TTM Revenue_x,TTM EBIT,EBIT Margin,TTM Revenue_y,TTM EBITDA,EBITDA Margin,TTM Revenue_x,TTM Pre-Tax Income,Pre-Tax Margin,TTM Revenue_y,TTM Net Income_x,Net Margin,TTM Net Income_y,Shareholder's Equity_y,Return on Equity,TTM Net Income_x,Tangible Equity,Return on Tangible Equity,TTM Net Income_y,Total Assets,Return on Assets,TTM Net Income,LT Investments & Debt,Return on Investment,revenue,cost-goods-sold,gross-profit,research-development-expenses,selling-general-administrative-expenses,operating-expenses,operating-income,total-non-operating-income-expense,pre-tax-income,total-provision-income-taxes,income-after-taxes,income-from-continuous-operations,net-income,ebitda,ebit,basic-shares-outstanding,shares-outstanding,eps-basic-net-earnings-per-share,eps-earnings-per-share-diluted,cash-on-hand,inventory,other-current-assets,total-current-assets,net-property-plant-equipment,long-term-investments,goodwill-intangible-assets-total,other-long-term-assets,total-long-term-assets,total-assets,total-current-liabilities,long-term-debt,other-non-current-liabilities,total-long-term-liabilities,total-liabilities,common-stock-net,retained-earnings-accumulated-deficit,comprehensive-income,total-share-holder-equity,total-liabilities-share-holders-equity,net-income-loss,total-depreciation-amortization-cash-flow,other-non-cash-items,total-non-cash-items,change-in-accounts-receivable,change-in-inventories,change-in-accounts-payable,change-in-assets-liabilities,total-change-in-assets-liabilities,cash-flow-from-operating-activities,net-change-in-property-plant-equipment,net-change-in-intangible-assets,net-acquisitions-divestitures,net-change-in-short-term-investments,net-change-in-long-term-investments,net-change-in-investments-total,investing-activities-other,cash-flow-from-investing-activities,net-long-term-debt,net-current-debt,debt-issuance-retirement-net-total,net-common-equity-issued-repurchased,net-total-equity-issued-repurchased,total-common-preferred-stock-dividends-paid,financial-activities-other,cash-flow-from-financial-activities,net-cash-flow,stock-based-compensation,common-stock-dividends-paid
0,2018-09-30,22.45,$28.54,0.79,$6.62,3.39,$4.29,5.24,$3.78,5.94,$0.41B,$7.24B,0.06,$0.00B,$1.21B,0.0,$0.28B,$0.28B,100.00%,$0.28B,$0.24B,86.59%,$0.28B,$0.24B,86.59%,$0.28B,$0.28B,102.17%,$0.28B,$0.18B,64.49%,$0.28B,$0.16B,57.61%,$0.16B,$1.21B,12.76%,$0.16B,$1.21B,12.76%,$0.16B,$8.68B,1.86%,$0.24B,$1.21B,19.17%,$73,$0,$73,$0,$9,$9,$63,$-16,$48,$0,$48,$48,$43,$72,$63,$42,42,$1.03,$1.02,$282,$0,$0,$409,$0,$0,$0,$8272,$8272,$8681,$7235,$0,$238,$238,$7473,$0,$-1342,$-172,$1208,$8681,$106,$29,$111,$141,$-0,$0,$0,$-206,$-199,$47,$0,$0,$0,$662,$-502,$160,$205,$365,$0,$-337,$-337,$9,$12,$-85,$0,$-411,$1,$2,$-72
1,2018-06-30,22.44,$28.78,0.78,$6.52,3.44,$5.51,4.07,$3.34,6.72,$0.47B,$6.27B,0.08,$0.00B,$1.21B,0.0,$0.27B,$0.27B,100.00%,$0.27B,$0.23B,86.67%,$0.27B,$0.23B,86.67%,$0.27B,$0.28B,103.70%,$0.27B,$0.16B,58.52%,$0.27B,$0.14B,51.85%,$0.14B,$1.21B,11.00%,$0.14B,$1.21B,11.00%,$0.14B,$8.10B,1.64%,$0.23B,$1.21B,18.39%,$66,$0,$66,$0,$9,$9,$56,$-43,$14,$0,$14,$14,$9,$66,$56,$42,42,$0.22,$0.22,$345,$0,$0,$470,$0,$0,$0,$7627,$7627,$8097,$6266,$0,$624,$624,$6890,$0,$-1362,$-145,$1207,$8097,$58,$21,$78,$99,$3,$0,$0,$-146,$-140,$17,$0,$0,$0,$662,$607,$1269,$140,$1409,$0,$-1302,$-1302,$0,$3,$-57,$0,$-1356,$70,$1,$-48
2,2018-03-31,22.34,$29.71,0.75,$6.60,3.39,$6.72,3.32,$3.82,5.85,$0.36B,$6.86B,0.05,$0.00B,$1.25B,0.0,$0.26B,$0.26B,100.00%,$0.26B,$0.23B,86.74%,$0.26B,$0.23B,86.74%,$0.26B,$0.28B,104.92%,$0.26B,$0.17B,65.91%,$0.26B,$0.16B,59.47%,$0.16B,$1.25B,12.15%,$0.16B,$1.25B,12.15%,$0.16B,$8.47B,1.82%,$0.23B,$1.25B,17.72%,$68,$0,$68,$0,$9,$9,$59,$-14,$45,$0,$45,$45,$40,$70,$59,$42,42,$0.97,$0.96,$230,$0,$0,$355,$0,$0,$0,$8116,$8116,$8471,$6864,$0,$362,$362,$7226,$0,$-1347,$-121,$1245,$8471,$45,$11,$40,$51,$2,$0,$0,$-100,$-96,$-1,$0,$0,$0,$0,$578,$578,$102,$680,$0,$-702,$-702,$0,$3,$-28,$0,$-728,$-49,$1,$-24
3,2017-12-31,24.1,$31.67,0.76,$6.58,3.66,$6.60,3.65,$4.19,5.75,$0.41B,$7.57B,0.05,$0.00B,$1.33B,0.0,$0.26B,$0.26B,100.00%,$0.26B,$0.22B,86.27%,$0.26B,$0.22B,86.27%,$0.26B,$0.27B,106.27%,$0.26B,$0.18B,71.37%,$0.26B,$0.17B,65.10%,$0.17B,$1.33B,13.12%,$0.17B,$1.33B,13.12%,$0.17B,$8.93B,1.95%,$0.22B,$1.33B,17.39%,$69,$0,$69,$0,$9,$8,$61,$10,$71,$0,$71,$71,$67,$74,$61,$39,40,$1.61,$1.56,$282,$0,$0,$410,$0,$0,$0,$8519,$8519,$8929,$7565,$0,$38,$38,$7603,$0,$-1363,$-20,$1326,$8929,$181,$50,$-43,$6,$-4,$0,$0,$-69,$-77,$110,$0,$0,$0,$0,$-880,$-880,$-17,$-897,$0,$737,$737,$133,$148,$-105,$0,$780,$-7,$1,$-89
4,2017-09-30,24.65,$31.58,0.78,$6.51,3.79,$-1.72,0.0,$5.06,4.87,$0.48B,$7.24B,0.07,$0.00B,$1.31B,0.0,$0.25B,$0.25B,100.00%,$0.25B,$0.22B,87.04%,$0.25B,$0.22B,87.04%,$0.25B,$0.27B,110.93%,$0.25B,$0.21B,83.00%,$0.25B,$0.19B,76.52%,$0.19B,$1.31B,15.66%,$0.19B,$1.31B,15.66%,$0.19B,$8.58B,2.28%,$0.22B,$1.31B,17.82%,$67,$0,$67,$0,$8,$8,$58,$-31,$28,$0,$28,$28,$24,$70,$58,$41,41,$0.58,$0.58,$355,$0,$0,$481,$0,$0,$0,$8098,$8098,$8578,$7237,$0,$28,$28,$7266,$0,$-1406,$25,$1313,$8578,$110,$37,$-26,$12,$-2,$0,$0,$-20,$-25,$97,$0,$0,$0,$0,$-447,$-447,$-84,$-531,$0,$407,$407,$125,$132,$-77,$0,$462,$28,$1,$-65
5,2017-06-30,22.42,$31.16,0.72,$6.48,3.46,$-8.74,0.0,$7.60,2.95,$0.51B,$6.31B,0.08,$0.00B,$1.29B,0.0,$0.24B,$0.24B,100.00%,$0.24B,$0.21B,86.55%,$0.24B,$0.21B,86.55%,$0.24B,$0.27B,115.13%,$0.24B,$0.30B,124.37%,$0.24B,$0.28B,117.65%,$0.28B,$1.29B,23.66%,$0.28B,$1.29B,23.66%,$0.28B,$8.45B,3.35%,$0.21B,$1.29B,17.41%,$60,$0,$60,$0,$9,$9,$51,$-21,$30,$0,$30,$30,$26,$63,$51,$37,37,$0.70,$0.70,$470,$0,$0,$513,$0,$0,$0,$7940,$7940,$8454,$6306,$0,$863,$863,$7169,$0,$-1406,$14,$1285,$8454,$82,$26,$-32,$-6,$1,$0,$0,$-14,$-17,$60,$0,$0,$0,$0,$541,$541,$-5,$536,$0,$-523,$-523,$117,$117,$-50,$0,$-456,$140,$0,$-42
6,2017-03-31,19.9,$30.96,0.64,$6.63,3.0,$-17.03,0.0,$7.37,2.7,$0.24B,$6.53B,0.04,$0.00B,$1.14B,0.0,$0.24B,$0.24B,100.00%,$0.24B,$0.21B,86.83%,$0.24B,$0.21B,86.83%,$0.24B,$0.29B,118.52%,$0.24B,$0.29B,118.11%,$0.24B,$0.27B,111.52%,$0.27B,$1.14B,23.62%,$0.27B,$1.14B,23.62%,$0.27B,$8.14B,3.14%,$0.21B,$1.14B,18.39%,$59,$0,$59,$0,$8,$9,$50,$3,$53,$0,$53,$53,$49,$64,$50,$37,37,$1.33,$1.33,$219,$0,$0,$238,$0,$0,$0,$7904,$7904,$8142,$6525,$0,$481,$481,$7005,$0,$-1411,$-12,$1137,$8142,$53,$14,$-10,$4,$-0,$0,$0,$-58,$-62,$-5,$0,$0,$0,$0,$195,$195,$62,$257,$0,$-304,$-304,$0,$0,$-25,$0,$-329,$-77,$0,$-21
7,2016-12-31,18.52,$29.74,0.62,$7.19,2.58,$-22.58,0.0,$-1.69,0.0,$0.37B,$6.83B,0.05,$0.00B,$1.09B,0.0,$0.26B,$0.26B,100.00%,$0.26B,$0.23B,87.45%,$0.26B,$0.23B,87.45%,$0.26B,$0.31B,119.39%,$0.26B,$-0.05B,-17.11%,$0.26B,$-0.06B,-23.19%,$-0.06B,$1.09B,-5.36%,$-0.06B,$1.09B,-5.36%,$-0.06B,$7.98B,-0.65%,$0.23B,$1.09B,20.23%,$61,$0,$61,$0,$8,$6,$56,$39,$94,$0,$94,$94,$90,$77,$56,$37,37,$2.46,$2.47,$351,$0,$0,$370,$0,$0,$0,$7608,$7608,$7978,$6833,$0,$53,$53,$6886,$0,$-1439,$-29,$1092,$7978,$-46,$86,$-49,$37,$17,$0,$0,$-206,$-195,$-203,$0,$0,$-73,$0,$5529,$5529,$213,$5668,$0,$-5342,$-5342,$-15,$-15,$-127,$0,$-5483,$-18,$1,$-111
8,2016-09-30,18.68,$33.24,0.56,$7.59,2.46,$-11.47,0.0,$-1.55,0.0,$0.70B,$7.38B,0.1,$0.00B,$1.22B,0.0,$0.29B,$0.29B,100.00%,$0.29B,$0.26B,88.62%,$0.29B,$0.26B,88.62%,$0.29B,$0.34B,118.62%,$0.29B,$-0.02B,-7.24%,$0.29B,$-0.04B,-12.76%,$-0.04B,$1.22B,-3.16%,$-0.04B,$1.22B,-3.16%,$-0.04B,$8.86B,-0.35%,$0.26B,$1.22B,21.96%,$58,$0,$58,$0,$8,$9,$49,$69,$119,$0,$119,$119,$115,$70,$49,$37,37,$3.13,$3.12,$683,$0,$0,$702,$0,$0,$0,$8153,$8153,$8855,$7376,$0,$259,$259,$7635,$0,$-1505,$165,$1220,$8855,$-140,$64,$-78,$-14,$17,$0,$0,$-15,$-18,$-172,$0,$0,$-73,$0,$5232,$5232,$22,$5181,$0,$-4799,$-4799,$0,$0,$-98,$0,$-4898,$112,$1,$-87
9,2016-06-30,16.08,$31.05,0.52,$7.97,2.02,$-2.65,0.0,$-9.85,0.0,$0.73B,$7.99B,0.09,$0.00B,$1.14B,0.0,$0.32B,$0.32B,100.00%,$0.32B,$0.28B,89.31%,$0.32B,$0.28B,89.31%,$0.32B,$0.38B,119.18%,$0.32B,$-0.36B,-113.84%,$0.32B,$-0.38B,-118.55%,$-0.38B,$1.14B,-30.90%,$-0.38B,$1.14B,-30.90%,$-0.38B,$9.54B,-3.12%,$0.28B,$1.14B,23.28%,$65,$0,$65,$0,$9,$10,$56,$-35,$21,$0,$21,$21,$17,$77,$56,$37,37,$0.47,$0.47,$707,$0,$0,$728,$0,$0,$0,$8810,$8810,$9538,$7985,$0,$413,$413,$8399,$0,$-1596,$175,$1140,$9538,$-258,$43,$-36,$7,$15,$0,$0,$13,$6,$-245,$0,$0,$-73,$0,$4682,$4682,$-5,$4603,$0,$-4188,$-4188,$0,$0,$-70,$0,$-4259,$99,$0,$-62
10,2016-03-31,16.72,$29.86,0.56,$8.27,2.02,$6.54,2.56,$-9.77,0.0,$0.58B,$9.94B,0.06,$0.00B,$1.10B,0.0,$0.35B,$0.35B,100.00%,$0.35B,$0.31B,89.86%,$0.35B,$0.31B,89.86%,$0.35B,$0.41B,120.00%,$0.35B,$-0.19B,-53.62%,$0.35B,$-0.20B,-57.97%,$-0.20B,$1.10B,-15.02%,$-0.20B,$1.10B,-15.02%,$-0.20B,$11.34B,-1.48%,$0.31B,$1.10B,23.28%,$79,$0,$79,$0,$9,$10,$69,$-348,$-279,$0,$-279,$-279,$-283,$90,$69,$37,37,$-7.73,$-7.73,$549,$0,$0,$578,$0,$0,$0,$10766,$10766,$11344,$9935,$0,$314,$314,$10248,$0,$-1587,$123,$1096,$11344,$-279,$21,$-6,$16,$6,$0,$0,$65,$55,$-209,$0,$0,$0,$0,$1891,$1891,$-42,$1849,$0,$-1647,$-1647,$0,$0,$-40,$0,$-1687,$-47,$0,$-36
11,2015-12-31,16.07,$33.40,0.48,$8.37,1.92,$13.89,1.16,$-5.00,0.0,$0.59B,$11.60B,0.05,$0.00B,$1.23B,0.0,$0.37B,$0.37B,100.00%,$0.37B,$0.33B,90.44%,$0.37B,$0.33B,90.44%,$0.37B,$0.44B,120.49%,$0.37B,$-0.03B,-8.47%,$0.37B,$-0.05B,-12.57%,$-0.05B,$1.23B,-3.12%,$-0.05B,$1.23B,-3.12%,$-0.05B,$13.06B,-0.31%,$0.33B,$1.23B,22.48%,$88,$0,$88,$0,$8,$6,$83,$35,$118,$0,$118,$118,$114,$107,$83,$43,43,$2.65,$2.65,$554,$0,$0,$588,$0,$0,$0,$12467,$12467,$13055,$11597,$0,$233,$233,$11830,$0,$-1267,$-67,$1225,$13055,$-31,$110,$12,$122,$7,$0,$0,$153,$147,$238,$0,$0,$0,$0,$2379,$2379,$-183,$2196,$0,$-2311,$-2311,$-145,$-145,$-183,$0,$-2639,$-205,$1,$-167
12,2015-09-30,14.11,$33.77,0.42,$8.69,1.62,$15.38,0.92,$-10.87,0.0,$0.74B,$12.61B,0.06,$0.00B,$1.42B,0.0,$0.38B,$0.38B,100.00%,$0.38B,$0.35B,89.84%,$0.38B,$0.35B,89.84%,$0.38B,$0.46B,119.01%,$0.38B,$-0.29B,-76.04%,$0.38B,$-0.31B,-79.95%,$-0.31B,$1.42B,-19.15%,$-0.31B,$1.42B,-19.15%,$-0.31B,$14.40B,-1.99%,$0.35B,$1.42B,21.52%,$86,$0,$86,$0,$8,$9,$76,$-298,$-222,$0,$-222,$-222,$-225,$105,$76,$44,44,$-5.18,$-5.18,$699,$0,$0,$736,$0,$0,$0,$13660,$13660,$14396,$12612,$0,$365,$365,$12977,$0,$-1341,$88,$1419,$14396,$-149,$85,$-1,$84,$4,$0,$0,$257,$245,$180,$0,$0,$0,$0,$1397,$1397,$-333,$1063,$0,$-1286,$-1286,$-36,$-36,$-139,$0,$-1462,$-218,$1,$-128
13,2015-06-30,15.13,$36.24,0.42,$9.12,1.66,$15.81,0.96,$-4.57,0.0,$0.54B,$13.43B,0.04,$0.00B,$1.59B,0.0,$0.41B,$0.41B,100.00%,$0.41B,$0.37B,90.86%,$0.41B,$0.37B,90.86%,$0.41B,$0.48B,117.78%,$0.41B,$-0.02B,-3.95%,$0.41B,$-0.03B,-7.90%,$-0.03B,$1.59B,-1.87%,$-0.03B,$1.59B,-1.87%,$-0.03B,$15.12B,-0.20%,$0.37B,$1.59B,21.55%,$92,$0,$92,$0,$8,$9,$82,$116,$198,$0,$198,$198,$194,$112,$82,$44,44,$4.40,$4.40,$501,$0,$0,$541,$0,$0,$0,$14582,$14582,$15124,$13429,$0,$108,$108,$13537,$0,$-1073,$-49,$1587,$15124,$73,$57,$-1,$56,$1,$0,$0,$-1,$-17,$111,$0,$0,$0,$0,$376,$376,$-57,$319,$0,$-459,$-459,$-9,$-17,$-85,$0,$-561,$-131,$0,$-85
14,2015-03-31,16.4,$37.64,0.44,$9.59,1.71,$17.01,0.96,$-6.80,0.0,$0.83B,$13.91B,0.06,$0.00B,$1.66B,0.0,$0.43B,$0.43B,100.00%,$0.43B,$0.39B,91.57%,$0.43B,$0.39B,91.57%,$0.43B,$0.49B,114.75%,$0.43B,$-0.28B,-66.51%,$0.43B,$-0.30B,-70.26%,$-0.30B,$1.66B,-16.68%,$-0.30B,$1.66B,-16.68%,$-0.30B,$15.88B,-1.78%,$0.39B,$1.66B,21.74%,$100,$0,$100,$0,$8,$9,$90,$-216,$-125,$0,$-125,$-125,$-129,$117,$90,$44,44,$-2.96,$-2.96,$786,$0,$0,$827,$0,$0,$0,$15052,$15052,$15880,$13911,$0,$311,$311,$14222,$0,$-1225,$168,$1658,$15880,$-125,$27,$-6,$21,$0,$0,$0,$195,$178,$73,$0,$0,$0,$0,$126,$126,$-193,$-68,$0,$23,$23,$-3,$-3,$-46,$0,$-26,$-21,$0,$-42
15,2014-12-31,18.36,$39.63,0.46,$10.09,1.82,$17.07,1.08,$-4.40,0.0,$0.67B,$13.91B,0.05,$0.00B,$1.75B,0.0,$0.45B,$0.45B,100.00%,$0.45B,$0.41B,92.00%,$0.45B,$0.41B,92.00%,$0.45B,$0.50B,110.44%,$0.45B,$-0.18B,-39.78%,$0.45B,$-0.20B,-43.33%,$-0.20B,$1.75B,-10.53%,$-0.20B,$1.75B,-10.53%,$-0.20B,$16.29B,-1.13%,$0.41B,$1.75B,22.37%,$106,$0,$106,$0,$9,$10,$97,$-240,$-143,$0,$-143,$-143,$-147,$123,$97,$45,45,$-3.20,$-3.20,$624,$0,$0,$666,$0,$0,$0,$15620,$15620,$16286,$13906,$0,$631,$631,$14537,$0,$-1053,$84,$1749,$16286,$-179,$83,$-53,$30,$1,$0,$0,$482,$464,$315,$0,$0,$0,$0,$-364,$-364,$-433,$-796,$0,$730,$730,$-20,$-20,$-231,$0,$479,$-2,$1,$-215
16,2014-09-30,18.48,$41.11,0.45,$10.38,1.78,$18.15,1.02,$-12.88,0.0,$0.62B,$15.47B,0.04,$0.00B,$1.84B,0.0,$0.47B,$0.47B,100.00%,$0.47B,$0.43B,92.26%,$0.47B,$0.43B,92.26%,$0.47B,$0.50B,108.17%,$0.47B,$-0.58B,-124.09%,$0.47B,$-0.59B,-127.53%,$-0.59B,$1.84B,-31.39%,$-0.59B,$1.84B,-31.39%,$-0.59B,$17.52B,-3.46%,$0.43B,$1.84B,22.71%,$107,$0,$107,$0,$8,$9,$99,$-44,$54,$0,$54,$54,$50,$125,$99,$45,45,$1.12,$1.12,$576,$0,$0,$621,$0,$0,$0,$16897,$16897,$17518,$15468,$0,$214,$214,$15682,$0,$-852,$-45,$1836,$17518,$-36,$57,$-55,$2,$-2,$0,$0,$259,$239,$205,$0,$0,$0,$0,$-2027,$-2027,$-248,$-2274,$0,$2304,$2304,$-15,$-15,$-173,$0,$2115,$46,$1,$-161
17,2014-06-30,20.06,$43.69,0.46,$10.39,1.93,$20.02,1.0,$-19.04,0.0,$0.49B,$15.44B,0.03,$0.00B,$1.95B,0.0,$0.47B,$0.47B,100.00%,$0.47B,$0.43B,92.13%,$0.47B,$0.43B,92.13%,$0.47B,$0.51B,109.15%,$0.47B,$-0.86B,-183.19%,$0.47B,$-0.88B,-186.60%,$-0.88B,$1.95B,-44.56%,$-0.88B,$1.95B,-44.56%,$-0.88B,$17.63B,-5.10%,$0.43B,$1.95B,22.00%,$114,$0,$114,$0,$9,$9,$105,$-175,$-70,$0,$-70,$-70,$-74,$125,$105,$45,45,$-1.68,$-1.68,$447,$0,$0,$492,$0,$0,$0,$17132,$17132,$17625,$15436,$0,$237,$237,$15674,$0,$-849,$66,$1951,$17625,$-90,$31,$-65,$-34,$-3,$0,$0,$307,$290,$166,$0,$0,$0,$0,$-3156,$-3156,$-238,$-3394,$0,$2271,$2271,$1009,$1009,$-115,$0,$3165,$-63,$1,$-108
18,2014-03-31,18.43,$41.84,0.44,$10.86,1.7,$20.88,0.88,$-7.12,0.0,$0.66B,$15.17B,0.04,$0.00B,$1.87B,0.0,$0.50B,$0.50B,100.00%,$0.50B,$0.46B,92.56%,$0.50B,$0.46B,92.56%,$0.50B,$0.57B,114.08%,$0.50B,$-0.31B,-62.37%,$0.50B,$-0.33B,-65.59%,$-0.33B,$1.87B,-16.02%,$-0.33B,$1.87B,-16.02%,$-0.33B,$17.75B,-1.73%,$0.46B,$1.87B,22.61%,$123,$0,$123,$0,$9,$10,$113,$-133,$-20,$0,$-20,$-20,$-24,$124,$113,$45,45,$-0.56,$-0.56,$613,$0,$0,$658,$0,$0,$0,$17087,$17087,$17746,$15173,$0,$705,$705,$15878,$0,$-721,$-144,$1868,$17746,$-20,$11,$-70,$-59,$-3,$0,$0,$179,$155,$77,$0,$0,$0,$0,$-1799,$-1799,$-137,$-1936,$0,$2012,$2012,$-3,$-6,$-54,$0,$1952,$92,$0,$-54
19,2013-12-31,17.31,$42.53,0.41,$11.18,1.55,$21.40,0.81,$-4.24,0.0,$0.57B,$13.18B,0.04,$0.00B,$1.90B,0.0,$0.51B,$0.51B,100.00%,$0.51B,$0.47B,92.87%,$0.51B,$0.47B,92.87%,$0.51B,$0.63B,123.96%,$0.51B,$-0.19B,-37.23%,$0.51B,$-0.20B,-40.00%,$-0.20B,$1.90B,-9.00%,$-0.20B,$1.90B,-9.00%,$-0.20B,$15.73B,-0.95%,$0.47B,$1.90B,20.89%,$121,$0,$121,$0,$9,$10,$112,$-652,$-541,$0,$-541,$-541,$-545,$129,$112,$45,45,$-12.00,$-11.92,$532,$0,$0,$574,$0,$0,$0,$15158,$15158,$15733,$13181,$0,$650,$650,$13831,$0,$-643,$-190,$1901,$15733,$-187,$158,$981,$1139,$13,$0,$0,$-592,$-583,$369,$0,$0,$0,$0,$3718,$3718,$617,$4335,$0,$-5215,$-5215,$401,$542,$-307,$0,$-4979,$-275,$2,$-293
20,2013-09-30,17.47,$46.45,0.38,$12.91,1.35,$25.52,0.68,$10.48,1.67,$0.57B,$14.93B,0.04,$0.00B,$2.15B,0.0,$0.51B,$0.51B,100.00%,$0.51B,$0.47B,93.29%,$0.51B,$0.47B,93.29%,$0.51B,$0.67B,131.16%,$0.51B,$0.47B,92.50%,$0.51B,$0.46B,90.34%,$0.46B,$2.15B,19.52%,$0.46B,$2.15B,19.52%,$0.46B,$17.63B,2.03%,$0.47B,$2.15B,20.16%,$112,$0,$112,$0,$9,$10,$103,$-333,$-230,$-0,$-230,$-230,$-234,$135,$103,$46,47,$-5.04,$-5.04,$527,$0,$0,$574,$0,$0,$0,$17057,$17057,$17630,$14929,$0,$548,$548,$15477,$0,$-43,$-591,$2153,$17630,$354,$140,$249,$389,$9,$0,$0,$-449,$-442,$300,$0,$0,$0,$0,$2019,$2019,$529,$2547,$0,$-3449,$-3449,$432,$573,$-247,$0,$-3122,$-275,$1,$-237
21,2013-06-30,18.66,$47.81,0.39,$13.95,1.34,$24.81,0.75,$17.12,1.09,$1.16B,$21.65B,0.05,$0.00B,$2.22B,0.0,$0.51B,$0.51B,100.00%,$0.51B,$0.48B,93.75%,$0.51B,$0.48B,93.75%,$0.51B,$0.68B,132.23%,$0.51B,$0.75B,147.27%,$0.51B,$0.75B,145.70%,$0.75B,$2.22B,30.84%,$0.75B,$2.22B,30.84%,$0.75B,$24.17B,3.10%,$0.48B,$2.22B,19.84%,$141,$0,$141,$0,$9,$9,$132,$350,$481,$0,$481,$481,$477,$179,$132,$47,47,$10.24,$10.24,$1083,$0,$0,$1156,$0,$0,$0,$23017,$23017,$24173,$21653,$0,$304,$304,$21957,$0,$269,$-840,$2216,$24173,$584,$108,$-39,$68,$-8,$0,$0,$-429,$-438,$214,$0,$0,$0,$0,$-5918,$-5918,$189,$-5729,$0,$3276,$3276,$2295,$2436,$-165,$0,$5547,$32,$1,$-159
22,2013-03-31,24.92,$57.93,0.43,$14.75,1.69,$24.13,1.03,$6.24,3.99,$1.15B,$24.84B,0.05,$0.00B,$2.71B,0.0,$0.46B,$0.46B,100.00%,$0.46B,$0.43B,93.87%,$0.46B,$0.43B,93.87%,$0.46B,$0.60B,130.85%,$0.46B,$0.26B,56.67%,$0.46B,$0.26B,55.80%,$0.26B,$2.71B,11.57%,$0.26B,$2.71B,11.57%,$0.26B,$27.75B,1.19%,$0.43B,$2.71B,19.46%,$131,$0,$131,$0,$8,$9,$122,$-20,$102,$0,$102,$102,$100,$183,$122,$42,42,$2.40,$2.32,$1067,$0,$0,$1148,$0,$0,$0,$26605,$26605,$27753,$24842,$0,$202,$202,$25044,$0,$-129,$32,$2709,$27753,$102,$61,$-18,$42,$-16,$0,$0,$-33,$-50,$95,$0,$0,$0,$0,$-7035,$-7035,$45,$-6989,$0,$6463,$6463,$438,$579,$-82,$0,$6960,$65,$0,$-80
23,2012-12-31,23.85,$59.75,0.4,$15.39,1.55,$24.00,0.99,$7.76,3.07,$1.11B,$18.38B,0.06,$0.00B,$2.31B,0.0,$0.39B,$0.39B,100.00%,$0.39B,$0.37B,93.83%,$0.39B,$0.37B,93.83%,$0.39B,$0.49B,125.19%,$0.39B,$0.22B,57.07%,$0.39B,$0.22B,56.56%,$0.22B,$2.31B,12.03%,$0.22B,$2.31B,12.03%,$0.22B,$20.88B,1.24%,$0.37B,$2.31B,19.96%,$123,$0,$123,$0,$7,$8,$116,$0,$116,$0,$116,$116,$115,$168,$116,$28,28,$3.12,$3.04,$1037,$0,$0,$1108,$0,$0,$0,$19771,$19771,$20879,$18381,$0,$191,$191,$18571,$0,$-149,$231,$2308,$20879,$222,$124,$-40,$84,$-37,$0,$0,$63,$37,$344,$0,$0,$0,$0,$-14011,$-14011,$-118,$-14129,$0,$13029,$13029,$1498,$1547,$-271,$0,$14305,$519,$1,$-270
24,2012-09-30,27.16,$63.25,0.43,$15.60,1.74,$27.12,1.0,$6.96,3.9,$1.04B,$19.84B,0.05,$0.00B,$2.44B,0.0,$0.30B,$0.30B,100.00%,$0.30B,$0.28B,93.36%,$0.30B,$0.28B,93.36%,$0.30B,$0.37B,122.26%,$0.30B,$0.13B,43.19%,$0.30B,$0.13B,42.86%,$0.13B,$2.44B,9.16%,$0.13B,$2.44B,9.16%,$0.13B,$23.52B,0.91%,$0.28B,$2.44B,19.95%,$117,$0,$117,$0,$7,$7,$110,$-55,$55,$0,$55,$55,$54,$147,$110,$34,34,$1.60,$1.60,$965,$0,$0,$1036,$0,$0,$0,$22481,$22481,$23517,$19840,$0,$1235,$1235,$21074,$0,$-180,$403,$2443,$23517,$107,$71,$-20,$52,$-42,$0,$0,$68,$36,$194,$0,$0,$0,$0,$-15473,$-15473,$-91,$-15563,$0,$14490,$14490,$1498,$1541,$-187,$0,$15844,$475,$1,$-186
25,2012-06-30,24.21,$57.73,0.42,$16.19,1.5,$28.85,0.84,$1.84,13.16,$0.57B,$12.12B,0.05,$0.00B,$1.36B,0.0,$0.22B,$0.22B,100.00%,$0.22B,$0.21B,92.86%,$0.22B,$0.21B,92.86%,$0.22B,$0.27B,119.20%,$0.22B,$0.04B,18.30%,$0.22B,$0.04B,18.30%,$0.04B,$1.36B,4.35%,$0.04B,$1.36B,4.35%,$0.04B,$13.91B,0.42%,$0.21B,$1.36B,22.09%,$86,$0,$86,$0,$5,$6,$81,$-94,$-14,$0,$-14,$-14,$-14,$100,$81,$23,23,$-0.64,$-0.64,$520,$0,$0,$568,$0,$0,$0,$13339,$13339,$13906,$12119,$0,$429,$429,$12548,$0,$-150,$168,$1358,$13906,$52,$34,$-5,$29,$-20,$0,$0,$25,$7,$88,$0,$0,$0,$0,$-7303,$-7303,$-46,$-7349,$0,$6776,$6776,$628,$662,$-101,$0,$7336,$74,$0,$-101
26,2012-03-31,22.01,$54.35,0.4,$16.75,1.31,$29.87,0.74,$1.36,16.18,$0.45B,$11.10B,0.04,$0.00B,$1.21B,0.0,$0.17B,$0.17B,100.00%,$0.17B,$0.15B,92.22%,$0.17B,$0.15B,92.22%,$0.17B,$0.20B,119.16%,$0.17B,$0.05B,28.74%,$0.17B,$0.05B,28.74%,$0.05B,$1.21B,6.52%,$0.05B,$1.21B,6.52%,$0.05B,$12.81B,0.62%,$0.15B,$1.21B,20.93%,$63,$0,$63,$0,$5,$5,$58,$7,$65,$-0,$65,$65,$65,$72,$58,$17,17,$3.84,$3.84,$403,$0,$0,$446,$0,$0,$0,$12366,$12366,$12813,$11104,$0,$502,$502,$11606,$0,$-82,$54,$1207,$12813,$65,$14,$-6,$8,$-17,$0,$0,$-21,$-37,$36,$0,$0,$0,$0,$-6303,$-6303,$9,$-6294,$0,$5762,$5762,$556,$556,$-47,$0,$6271,$12,$0,$-47
27,2011-12-31,21.93,$52.53,0.42,$17.12,1.28,$31.17,0.7,$0.16,137.08,$0.43B,$5.34B,0.08,$0.00B,$0.63B,0.0,$0.12B,$0.12B,100.00%,$0.12B,$0.11B,91.53%,$0.12B,$0.11B,91.53%,$0.12B,$0.14B,120.34%,$0.12B,$-0.01B,-6.78%,$0.12B,$-0.01B,-6.78%,$-0.01B,$0.63B,-1.64%,$-0.01B,$0.63B,-1.64%,$-0.01B,$6.21B,-0.16%,$0.11B,$0.63B,22.07%,$35,$0,$35,$0,$3,$3,$32,$-8,$24,$0,$24,$24,$24,$49,$32,$8,8,$0.80,$0.80,$400,$0,$0,$431,$0,$0,$0,$5777,$5777,$6208,$5342,$0,$240,$240,$5581,$0,$-101,$49,$627,$6208,$-9,$35,$-16,$18,$-15,$0,$0,$120,$109,$118,$0,$0,$0,$0,$-4597,$-4597,$-143,$-4740,$0,$4364,$4364,$562,$562,$-87,$0,$4839,$217,$0,$-87
28,2011-09-30,20.18,$54.24,0.37,$20.37,0.99,$28.31,0.71,$3.68,5.48,$0.41B,$5.24B,0.08,$0.00B,$0.58B,0.0,$0.09B,$0.09B,100.00%,$0.09B,$0.08B,91.01%,$0.09B,$0.08B,91.01%,$0.09B,$0.10B,111.24%,$0.09B,$-0.03B,-28.09%,$0.09B,$-0.03B,-28.09%,$-0.03B,$0.58B,-6.95%,$-0.03B,$0.58B,-6.95%,$-0.03B,$6.38B,-0.65%,$0.08B,$0.58B,22.52%,$40,$0,$40,$0,$3,$3,$37,$-71,$-34,$0,$-34,$-34,$-34,$46,$37,$10,10,$-3.52,$-3.52,$380,$0,$0,$408,$0,$0,$0,$5976,$5976,$6384,$5240,$0,$570,$570,$5809,$0,$-95,$63,$575,$6384,$-33,$18,$-6,$11,$-15,$0,$0,$92,$95,$73,$0,$0,$0,$0,$-4414,$-4414,$-125,$-4539,$0,$4250,$4250,$489,$489,$-58,$0,$4681,$215,$0,$-58
29,2011-06-30,20.79,$57.13,0.36,$20.52,1.01,$26.53,0.78,$6.72,3.09,$0.26B,$4.66B,0.06,$0.00B,$0.53B,0.0,$0.05B,$0.05B,100.00%,$0.05B,$0.05B,90.57%,$0.05B,$0.05B,90.57%,$0.05B,$0.06B,109.43%,$0.05B,$0.01B,16.98%,$0.05B,$0.01B,16.98%,$0.01B,$0.53B,3.92%,$0.01B,$0.53B,3.92%,$0.01B,$5.53B,0.37%,$0.05B,$0.53B,20.92%,$29,$0,$29,$0,$2,$2,$27,$-34,$-7,$0,$-7,$-7,$-7,$32,$27,$7,7,$-1.12,$-1.12,$244,$0,$0,$263,$0,$0,$0,$5267,$5267,$5530,$4657,$0,$339,$339,$4996,$0,$-32,$32,$534,$5530,$1,$8,$0,$8,$-12,$0,$0,$34,$23,$33,$0,$0,$0,$0,$-3892,$-3892,$-51,$-3942,$0,$3684,$3684,$409,$409,$-30,$0,$4062,$153,$0,$-30
30,2011-03-31,20.41,$54.72,0.37,$19.75,1.03,$26.45,0.77,$7.84,2.6,$0.07B,$2.10B,0.03,$0.00B,$0.22B,0.0,$0.03B,$0.03B,100.00%,$0.03B,$0.02B,88.00%,$0.03B,$0.02B,88.00%,$0.03B,$0.03B,112.00%,$0.03B,$0.02B,60.00%,$0.03B,$0.02B,60.00%,$0.02B,$0.22B,13.70%,$0.02B,$0.22B,13.70%,$0.02B,$2.35B,1.30%,$0.02B,$0.22B,20.09%,$14,$0,$14,$0,$1,$1,$12,$-4,$9,$0,$9,$9,$9,$15,$12,$3,3,$2.64,$2.64,$61,$0,$0,$71,$0,$0,$0,$2274,$2274,$2346,$2100,$0,$25,$25,$2125,$0,$-5,$-4,$221,$2346,$9,$3,$0,$3,$-4,$0,$0,$3,$-1,$11,$0,$0,$0,$0,$-1221,$-1221,$-9,$-1230,$0,$1128,$1128,$113,$113,$-10,$0,$1231,$12,$0,$-10
31,2010-12-31,20.09,$52.89,0.38,$19.50,1.03,$25.74,0.78,$5.20,3.86,$0.05B,$0.97B,0.05,$0.00B,$0.11B,0.0,$0.01B,$0.01B,100.00%,$0.01B,$0.01B,91.67%,$0.01B,$0.01B,91.67%,$0.01B,$0.01B,116.67%,$0.01B,$0.01B,50.00%,$0.01B,$0.01B,50.00%,$0.01B,$0.11B,10.08%,$0.01B,$0.11B,10.08%,$0.01B,$1.21B,0.97%,$0.01B,$0.11B,18.49%,$6,$0,$6,$0,$0,$1,$5,$2,$7,$-0,$7,$7,$7,$6,$5,$1,1,$10.16,$10.16,$40,$0,$0,$47,$0,$0,$0,$1162,$1163,$1209,$973,$0,$128,$128,$1101,$0,$-4,$-4,$109,$1209,$7,$4,$-0,$3,$-3,$0,$0,$2,$-1,$9,$0,$0,$0,$0,$-987,$-987,$-4,$-991,$0,$925,$925,$94,$94,$-9,$0,$1010,$29,$0,$-9
32,2010-09-30,17.25,$58.31,0.3,$11.71,1.47,$12.20,1.41,$-0.48,0.0,$0.02B,$0.49B,0.05,$0.00B,$0.05B,0.0,$0.01B,$0.01B,100.00%,$0.01B,$0.01B,100.00%,$0.01B,$0.01B,100.00%,$0.01B,$0.01B,133.33%,$0.01B,$-0.00B,-16.67%,$0.01B,$-0.00B,-16.67%,$-0.00B,$0.05B,-2.67%,$-0.00B,$0.05B,-2.67%,$-0.00B,$0.56B,-0.29%,$0.01B,$0.05B,16.00%,$4,$0,$4,$0,$0,$0,$4,$-4,$-0,$0,$-0,$-0,$-0,$5,$4,$1,1,$-0.48,$-0.48,$19,$0,$0,$24,$0,$0,$0,$540,$541,$564,$494,$0,$17,$17,$510,$0,$-7,$6,$54,$564,$-1,$2,$-0,$2,$-2,$0,$0,$5,$4,$5,$0,$0,$0,$0,$-421,$-421,$-47,$-468,$0,$444,$444,$32,$32,$-2,$-7,$468,$5,$0,$-2
33,2010-06-30,14.89,$58.61,0.25,$7.53,1.98,$6.33,2.35,0,0.0,$0.03B,$0.34B,0.09,$0.00B,$0.05B,0.0,$0.00B,$0.00B,100.00%,$0.00B,$0.00B,50.00%,$0.00B,$0.00B,50.00%,$0.00B,$0.00B,100.00%,$0.00B,$-0.00B,-100.00%,$0.00B,$-0.00B,-100.00%,$-0.00B,$0.05B,-3.05%,$-0.00B,$0.05B,-3.05%,$-0.00B,$0.51B,-0.74%,$0.00B,$0.05B,1.53%,$1,$0,$1,$0,$0,$0,$1,$-2,$-1,$0,$-1,$-1,$-1,$2,$1,$0,0,$-1.76,$-1.76,$26,$0,$0,$29,$0,$0,$0,$478,$478,$507,$336,$0,$117,$117,$453,$0,$-3,$3,$54,$507,$-0,$1,$-0,$1,$-1,$0,$0,$2,$1,$2,$0,$0,$0,$0,$-360,$-360,$57,$-303,$0,$288,$288,$32,$32,$-1,$-4,$316,$15,$0,$-1
34,2010-03-31,18.18,$74.37,0.24,$3.96,4.59,$1.42,12.84,0,0.0,$0.01B,$0.17B,0.06,$0.00B,$0.02B,0.0,$0.00B,$0.00B,100.00%,$0.00B,$-0.00B,-100.00%,$0.00B,$-0.00B,-100.00%,$0.00B,$-0.00B,-100.00%,$0.00B,$-0.00B,-200.00%,$0.00B,$-0.00B,-200.00%,$-0.00B,$0.02B,-2.14%,$-0.00B,$0.02B,-2.14%,$-0.00B,$0.19B,-0.98%,$-0.00B,$0.02B,-1.07%,$1,$0,$1,$0,$0,$0,$1,$-1,$0,$0,$0,$0,$0,$1,$1,$0,0,$1.04,$1.04,$3,$0,$0,$11,$0,$0,$0,$181,$181,$192,$170,$0,$1,$1,$170,$0,$-2,$1,$21,$192,$0,$1,$-0,$0,$-1,$0,$0,$1,$0,$1,$0,$0,$0,$-16,$-110,$-126,$0,$-126,$0,$122,$122,$0,$0,$-0,$-1,$121,$-4,$0,$-0
35,2009-12-31,17.47,$74.62,0.23,$0.16,106.55,$-1.27,0.0,0,0.0,$0.01B,$0.05B,0.16,$0.00B,$0.02B,0.0,$0.00B,0,nan%,$0.00B,$-0.00B,inf%,$0.00B,$-0.00B,inf%,$0.00B,$-0.00B,inf%,$0.00B,$-0.00B,inf%,$0.00B,$-0.00B,inf%,$-0.00B,$0.02B,-1.54%,$-0.00B,$0.02B,-1.54%,$-0.00B,$0.13B,-0.91%,$-0.00B,$0.02B,-1.54%,$0,$0,$0,$0,$-0,$-0,$0,$-0,$0,$-0,$0,$0,$0,$0,$0,$3,3,$-0.40,$-0.40,$7,$0,$0,$7,$0,$0,$0,$119,$119,$127,$47,$0,$59,$59,$105,$0,$-1,$0,$21,$127,$-1,$0,$0,$0,$-0,$0,$0,$-1,$-1,$-3,$0,$0,$0,$0,$-60,$-60,$0,$-60,$250,$46,$250,$-226,$-226,$-0,$-0,$69,$7,$0,$-0
36,2009-09-30,21.03,$0.00,0.0,$1.93,10.91,$0.10,211.15,0,0.0,$0.00B,$0.00B,0.07,$0.00B,$0.17B,0.0,$0.01B,$0.01B,100.00%,$0.01B,$0.00B,20.00%,$0.01B,$0.00B,20.00%,$0.01B,$-0.00B,-20.00%,$0.01B,$-0.00B,-60.00%,$0.01B,$-0.00B,-80.00%,$-0.00B,$0.17B,-2.41%,$-0.00B,$0.17B,-2.41%,$-0.00B,$0.25B,-1.60%,$0.00B,$0.17B,0.60%,$0,$0,$0,$0,$0,$1,$-1,$0,$-1,$-0,$-1,$-1,$-1,$-1,$-1,$3,3,$-0.32,$-0.32,$0,$0,$0,$0,$0,$0,$0,$250,$250,$250,$2,$0,$82,$82,$84,$0,$-0,$0,$166,$250,$-1,$0,$0,$0,$0,$0,$0,$1,$1,$-1,$0,$0,$0,$0,$0,$0,$1,$1,$0,$0,$0,$0,$0,$0,$0,$0,$0,$0,$0
37,2009-06-30,20.67,$0.00,0.0,$1.91,10.84,$0.51,40.44,$0.08,258.38,$0.00B,$0.00B,0.38,$0.00B,$0.17B,0.0,$0.01B,$0.01B,100.00%,$0.01B,$0.00B,40.00%,$0.01B,$0.00B,40.00%,$0.01B,$0.00B,40.00%,$0.01B,$-0.00B,-20.00%,$0.01B,$-0.00B,-60.00%,$-0.00B,$0.17B,-1.80%,$-0.00B,$0.17B,-1.80%,$-0.00B,$0.25B,-1.20%,$0.00B,$0.17B,1.20%,$0,$0,$0,$0,$0,$1,$-1,$0,$-1,$-0,$-0,$-0,$-1,$-1,$-1,$3,3,$-0.16,$-0.16,$0,$0,$0,$0,$0,$0,$0,$250,$250,$250,$1,$0,$83,$83,$84,$0,$1,$0,$166,$250,$-0,$0,$0,$0,$0,$0,$0,$-0,$0,$-0,$0,$0,$0,$0,$0,$0,$0,$0,$0,$0,$0,$0,$0,$0,$0,$0,$0,$0,$0
38,2009-03-31,20.25,$0.00,0.0,$1.87,10.8,$0.81,24.87,$0.24,84.36,$0.00B,$0.00B,1.01,$0.00B,$0.17B,0.0,$0.01B,$0.01B,100.00%,$0.01B,$0.00B,60.00%,$0.01B,$0.00B,60.00%,$0.01B,$0.00B,60.00%,$0.01B,$0.00B,20.00%,$0.01B,$-0.00B,-20.00%,$-0.00B,$0.17B,-0.60%,$-0.00B,$0.17B,-0.60%,$-0.00B,$0.25B,-0.40%,$0.00B,$0.17B,1.80%,$0,$0,$0,$0,$0,$0,$-0,$0,$-0,$-0,$0,$0,$-0,$-0,$-0,$3,3,$-0.00,$-0.00,$1,$0,$0,$1,$0,$0,$0,$250,$250,$250,$1,$0,$83,$83,$84,$0,$1,$0,$166,$250,$0,$0,$0,$0,$0,$0,$0,$-0,$0,$0,$0,$0,$0,$0,$0,$0,$0,$0,$0,$0,$0,$0,$0,$0,$0,$0,$0,$0,$0
39,2008-12-31,19.42,$42.59,0.46,$1.83,10.64,$1.08,18.05,$0.48,40.46,$0.25B,$0.00B,423.93,$0.00B,$0.17B,0.0,$0.01B,$0.01B,100.00%,$0.01B,$0.00B,60.00%,$0.01B,$0.00B,60.00%,$0.01B,$0.00B,60.00%,$0.01B,$0.00B,60.00%,$0.01B,0,0.00%,$0.00B,$0.17B,0.00%,$0.00B,$0.17B,0.00%,$0.00B,$0.25B,0.00%,$0.00B,$0.17B,1.79%,$5,$0,$5,$0,$2,$2,$3,$-5,$-1,$0,$-2,$-2,$-2,$1,$3,$3,3,$-0.48,$-0.32,$250,$0,$0,$250,$0,$0,$0,$250,$250,$250,$1,$0,$83,$83,$84,$0,$1,$0,$166,$250,$1,$0,$0,$0,$0,$0,$0,$0,$-0,$1,$0,$0,$0,$0,$0,$-1,$0,$-1,$0,$0,$0,$0,$0,$0,$0,$0,$-0,$0,$0
40,2008-09-30,19.44,$0.00,0.0,0,0.0,$0.72,27.06,$0.48,40.5,$0.00B,$0.00B,0.04,$0.00B,$0.17B,0.0,$0.00B,0,nan%,$0.00B,0,nan%,$0.00B,0,nan%,$0.00B,$0.00B,inf%,$0.00B,$0.00B,inf%,$0.00B,$0.00B,inf%,$0.00B,$0.17B,1.20%,$0.00B,$0.17B,1.20%,$0.00B,$0.25B,0.80%,$0.00B,$0.17B,0.00%,$0,$0,$0,$0,$0,$0,$-0,$1,$1,$0,$1,$0,$0,$2,$-0,$3,4,$0.16,$0.08,$0,$0,$0,$0,$0,$0,$0,$252,$252,$252,$1,$0,$83,$83,$84,$0,$3,$0,$168,$252,$0,$3,$0,$3,$0,$0,$0,$0,$-2,$1,$0,$0,$0,$0,$0,$-1,$0,$-1,$0,$0,$0,$0,$0,$0,$-0,$-0,$-0,$0,$0
