,Date,Stock Price,Book Value per Share,Price to Book Ratio,TTM Sales per Share,Price to Sales Ratio,TTM FCF per Share,Price to FCF Ratio,TTM Net EPS,PE Ratio,Current Assets,Current Liabilities,Current Ratio,Long Term Debt,Shareholder's Equity_x,Debt to Equity Ratio,TTM Revenue_x,TTM Gross Profit,Gross Margin,TTM Revenue_y,TTM Operating Income,Operating Margin,TTM Revenue_x,TTM EBIT,EBIT Margin,TTM Revenue_y,TTM EBITDA,EBITDA Margin,TTM Revenue_x,TTM Pre-Tax Income,Pre-Tax Margin,TTM Revenue_y,TTM Net Income_x,Net Margin,TTM Net Income_y,Shareholder's Equity_y,Return on Equity,TTM Net Income_x,Tangible Equity,Return on Tangible Equity,TTM Net Income_y,Total Assets,Return on Assets,TTM Net Income,LT Investments & Debt,Return on Investment,revenue,cost-goods-sold,gross-profit,research-development-expenses,selling-general-administrative-expenses,operating-expenses,operating-income,total-non-operating-income-expense,pre-tax-income,total-provision-income-taxes,income-after-taxes,income-from-continuous-operations,net-income,ebitda,ebit,basic-shares-outstanding,shares-outstanding,eps-basic-net-earnings-per-share,eps-earnings-per-share-diluted,cash-on-hand,inventory,other-current-assets,total-current-assets,net-property-plant-equipment,long-term-investments,goodwill-intangible-assets-total,other-long-term-assets,total-long-term-assets,total-assets,total-current-liabilities,long-term-debt,other-non-current-liabilities,total-long-term-liabilities,total-liabilities,common-stock-net,retained-earnings-accumulated-deficit,comprehensive-income,total-share-holder-equity,total-liabilities-share-holders-equity,net-income-loss,total-depreciation-amortization-cash-flow,other-non-cash-items,total-non-cash-items,change-in-accounts-receivable,change-in-inventories,change-in-accounts-payable,change-in-assets-liabilities,total-change-in-assets-liabilities,cash-flow-from-operating-activities,net-change-in-property-plant-equipment,net-change-in-intangible-assets,net-acquisitions-divestitures,net-change-in-short-term-investments,net-change-in-long-term-investments,net-change-in-investments-total,investing-activities-other,cash-flow-from-investing-activities,net-long-term-debt,net-current-debt,debt-issuance-retirement-net-total,net-common-equity-issued-repurchased,net-total-equity-issued-repurchased,total-common-preferred-stock-dividends-paid,financial-activities-other,cash-flow-from-financial-activities,net-cash-flow,stock-based-compensation,common-stock-dividends-paid
0,2018-09-30,25.99,$16.98,1.53,$36.21,0.72,$6.34,4.1,$0.45,57.76,$2.84B,$1.85B,1.54,$2.05B,$2.95B,0.7,$6.70B,$1.93B,28.89%,$6.70B,$0.10B,1.46%,$6.70B,$0.10B,1.46%,$6.70B,$0.65B,9.75%,$6.70B,$0.00B,0.01%,$6.70B,$0.08B,1.21%,$0.08B,$2.95B,2.61%,$0.08B,$-0.80B,-10.27%,$0.08B,$7.19B,1.10%,$0.10B,$5.01B,1.89%,$1651,$1186,$465,$156,$163,$1598,$53,$-23,$30,$-16,$46,$46,$47,$166,$53,$178,179,$0.26,$0.26,$520,$717,$201,$2843,$290,$72,$3750,$77,$4343,$7187,$1849,$2053,$180,$2385,$4233,$3,$-495,$-9,$2954,$7187,$64,$372,$5,$377,$86,$105,$0,$-60,$-20,$420,$4,$-0,$0,$46,$-64,$-19,$0,$-15,$-66,$0,$-66,$-342,$-342,$0,$2,$-406,$-5,$63,$0
1,2018-06-30,24.45,$17.10,1.43,$36.15,0.68,$6.88,3.55,$0.66,37.04,$2.97B,$1.88B,1.59,$2.07B,$3.11B,0.67,$6.77B,$1.90B,28.05%,$6.77B,$0.13B,1.90%,$6.77B,$0.13B,1.90%,$6.77B,$0.69B,10.14%,$6.77B,$0.04B,0.65%,$6.77B,$0.12B,1.80%,$0.12B,$3.11B,3.85%,$0.12B,$-0.73B,-19.10%,$0.12B,$7.40B,1.62%,$0.13B,$5.18B,2.45%,$1727,$1228,$499,$167,$173,$1682,$45,$-20,$25,$-10,$35,$35,$36,$160,$45,$184,186,$0.19,$0.19,$548,$803,$196,$2973,$300,$70,$3840,$72,$4428,$7402,$1875,$2074,$189,$2417,$4292,$3,$-330,$-5,$3109,$7402,$18,$259,$-4,$255,$21,$19,$0,$-10,$-74,$199,$1,$-0,$0,$12,$-37,$-26,$0,$-25,$-44,$0,$-44,$-116,$-116,$0,$2,$-158,$14,$43,$0
2,2018-03-31,26.57,$17.02,1.56,$35.66,0.75,$8.20,3.24,$0.63,42.17,$2.83B,$1.72B,1.65,$2.10B,$3.16B,0.66,$6.71B,$1.80B,26.89%,$6.71B,$0.14B,2.09%,$6.71B,$0.14B,2.09%,$6.71B,$0.70B,10.42%,$6.71B,$0.04B,0.58%,$6.71B,$0.12B,1.73%,$0.12B,$3.16B,3.65%,$0.12B,$-0.76B,-21.20%,$0.12B,$7.37B,1.54%,$0.14B,$5.25B,2.65%,$1578,$1102,$476,$170,$161,$1565,$13,$-26,$-14,$3,$-17,$-17,$-14,$157,$13,$185,185,$-0.07,$-0.07,$543,$849,$173,$2832,$309,$70,$3920,$104,$4534,$7366,$1715,$2095,$231,$2494,$4209,$3,$-266,$13,$3157,$7366,$-17,$144,$10,$154,$209,$-24,$0,$2,$-41,$96,$-5,$0,$0,$11,$-27,$-16,$0,$-21,$-22,$0,$-22,$-39,$-39,$0,$1,$-60,$19,$19,$0
3,2017-12-31,25.69,$17.19,1.49,$34.94,0.74,$8.91,2.88,$0.49,52.43,$2.91B,$1.93B,1.51,$2.12B,$3.18B,0.67,$6.62B,$1.67B,25.17%,$6.62B,$0.12B,1.86%,$6.62B,$0.12B,1.86%,$6.62B,$0.66B,9.92%,$6.62B,$0.02B,0.33%,$6.62B,$0.09B,1.38%,$0.09B,$3.18B,2.87%,$0.09B,$-0.87B,-19.15%,$0.09B,$7.62B,1.21%,$0.12B,$5.30B,2.32%,$1739,$1244,$494,$141,$142,$1751,$-13,$-28,$-40,$-32,$-8,$-8,$12,$170,$-13,$187,190,$0.07,$0.07,$511,$825,$146,$2914,$372,$71,$4050,$102,$4711,$7624,$1933,$2116,$225,$2507,$4440,$3,$-226,$5,$3184,$7624,$66,$534,$34,$568,$176,$-225,$0,$-101,$-100,$534,$-78,$-6,$-761,$165,$-68,$97,$1,$-748,$-68,$0,$-68,$-206,$-206,$0,$-3,$-277,$-493,$82,$0
4,2017-09-30,28.49,$17.26,1.65,$34.92,0.82,$8.05,3.54,$0.87,32.75,$3.57B,$1.95B,1.83,$2.11B,$3.23B,0.66,$6.64B,$1.61B,24.22%,$6.64B,$0.21B,3.15%,$6.64B,$0.21B,3.15%,$6.64B,$0.69B,10.35%,$6.64B,$0.14B,2.06%,$6.64B,$0.17B,2.52%,$0.17B,$3.23B,5.25%,$0.17B,$-0.20B,-44.47%,$0.17B,$7.66B,2.21%,$0.21B,$5.34B,3.92%,$1729,$1297,$431,$132,$114,$1644,$84,$-12,$73,$-14,$87,$87,$88,$200,$84,$187,189,$0.47,$0.47,$1413,$775,$110,$3569,$348,$73,$3423,$57,$4095,$7664,$1953,$2112,$234,$2484,$4437,$3,$-188,$9,$3227,$7664,$74,$351,$59,$410,$305,$-223,$0,$-87,$128,$612,$-62,$-6,$0,$155,$-68,$87,$1,$19,$-69,$0,$-69,$-165,$-165,$0,$1,$-232,$400,$63,$0
5,2017-06-30,28.02,$16.83,1.66,$34.78,0.81,$6.63,4.22,$0.65,43.11,$3.34B,$1.86B,1.79,$2.14B,$3.14B,0.68,$6.63B,$1.62B,24.42%,$6.63B,$0.22B,3.26%,$6.63B,$0.22B,3.26%,$6.63B,$0.69B,10.47%,$6.63B,$0.12B,1.79%,$6.63B,$0.13B,1.92%,$0.13B,$3.14B,4.05%,$0.13B,$-0.36B,-24.18%,$0.13B,$7.51B,1.68%,$0.22B,$5.28B,4.07%,$1664,$1261,$403,$133,$114,$1609,$56,$-35,$20,$-8,$28,$28,$30,$172,$56,$187,189,$0.16,$0.16,$1385,$658,$119,$3335,$355,$61,$3506,$55,$4176,$7511,$1860,$2135,$235,$2508,$4368,$3,$-257,$2,$3142,$7511,$-13,$235,$26,$261,$368,$-107,$0,$-50,$248,$496,$-43,$-0,$0,$150,$-62,$88,$1,$46,$-45,$0,$-45,$-132,$-132,$0,$2,$-176,$366,$42,$0
6,2017-03-31,26.45,$16.41,1.61,$35.02,0.76,$4.31,6.13,$0.93,28.44,$3.08B,$1.69B,1.83,$2.16B,$3.13B,0.69,$6.70B,$1.66B,24.80%,$6.70B,$0.19B,2.88%,$6.70B,$0.19B,2.88%,$6.70B,$0.69B,10.32%,$6.70B,$0.11B,1.69%,$6.70B,$0.18B,2.70%,$0.18B,$3.13B,5.83%,$0.18B,$-0.48B,-26.56%,$0.18B,$7.36B,2.39%,$0.19B,$5.29B,3.64%,$1483,$1146,$337,$133,$105,$1487,$-4,$-27,$-31,$10,$-41,$-41,$-39,$114,$-4,$190,190,$-0.21,$-0.21,$1217,$556,$132,$3082,$354,$65,$3604,$59,$4272,$7355,$1689,$2159,$233,$2537,$4226,$3,$-243,$11,$3129,$7355,$-41,$119,$9,$127,$292,$-3,$0,$19,$164,$250,$-22,$0,$0,$92,$-56,$36,$1,$15,$-22,$0,$-22,$-97,$-97,$0,$-0,$-119,$146,$19,$0
7,2016-12-31,30.13,$16.97,1.78,$35.63,0.85,$1.90,15.84,$0.08,376.63,$3.28B,$1.83B,1.79,$2.18B,$3.23B,0.68,$6.83B,$1.71B,25.01%,$6.83B,$0.11B,1.63%,$6.83B,$0.11B,1.63%,$6.83B,$0.62B,9.02%,$6.83B,$0.03B,0.37%,$6.83B,$0.02B,0.25%,$0.02B,$3.23B,0.56%,$0.02B,$-0.47B,-1.97%,$0.02B,$7.76B,0.22%,$0.11B,$5.41B,2.11%,$1759,$1323,$436,$132,$116,$1687,$73,$3,$75,$-11,$86,$86,$88,$201,$73,$191,192,$0.46,$0.46,$1096,$552,$128,$3280,$353,$73,$3693,$60,$4478,$7758,$1834,$2180,$241,$2697,$4532,$3,$-132,$3,$3227,$7758,$9,$505,$-63,$442,$-259,$283,$0,$66,$-88,$362,$-67,$-6,$-340,$26,$-142,$-116,$4,$-525,$480,$0,$480,$-183,$-183,$0,$-7,$291,$117,$60,$0
8,2016-09-30,28.33,$20.75,1.37,$33.85,0.84,$2.33,12.15,$-0.17,0.0,$3.05B,$1.75B,1.74,$2.20B,$3.06B,0.72,$6.17B,$1.63B,26.43%,$6.17B,$0.09B,1.47%,$6.17B,$0.09B,1.47%,$6.17B,$0.55B,8.83%,$6.17B,$-0.03B,-0.49%,$6.17B,$-0.04B,-0.66%,$-0.04B,$3.06B,-1.52%,$-0.04B,$-0.80B,5.53%,$-0.04B,$7.65B,-0.61%,$0.09B,$5.26B,1.92%,$1725,$1282,$443,$139,$113,$1634,$91,$-37,$55,$9,$46,$46,$48,$207,$91,$191,192,$0.25,$0.25,$1100,$598,$141,$3050,$352,$81,$3856,$44,$4602,$7652,$1753,$2201,$248,$2838,$4591,$3,$-220,$-21,$3060,$7652,$-77,$376,$-19,$358,$-2,$231,$0,$65,$47,$327,$-41,$-3,$-340,$3,$-70,$-67,$4,$-447,$503,$0,$503,$-191,$-191,$0,$-23,$288,$168,$44,$0
9,2016-06-30,20.96,$15.78,1.33,$33.02,0.63,$2.03,10.31,$-0.24,0.0,$2.86B,$1.69B,1.69,$2.22B,$3.00B,0.74,$5.67B,$1.55B,27.29%,$5.67B,$0.06B,1.08%,$5.67B,$0.06B,1.08%,$5.67B,$0.48B,8.40%,$5.67B,$-0.05B,-0.88%,$5.67B,$-0.06B,-1.11%,$-0.06B,$3.00B,-2.64%,$-0.06B,$-0.99B,11.13%,$-0.06B,$7.54B,-1.05%,$0.06B,$5.23B,1.43%,$1730,$1285,$445,$153,$106,$1697,$33,$-20,$14,$-69,$82,$82,$84,$169,$33,$190,191,$0.44,$0.44,$893,$647,$136,$2855,$368,$78,$3993,$22,$4685,$7540,$1688,$2221,$223,$2848,$4536,$3,$-240,$-29,$3004,$7540,$-123,$261,$-36,$226,$49,$182,$0,$32,$-65,$38,$-24,$-3,$-340,$2,$-22,$-20,$4,$-383,$525,$0,$525,$-160,$-160,$0,$-12,$353,$7,$26,$0
10,2016-03-31,22.92,$15.33,1.49,$32.42,0.71,$1.85,12.38,$-0.57,0.0,$2.53B,$1.53B,1.65,$2.24B,$2.91B,0.77,$5.20B,$1.47B,28.20%,$5.20B,$0.08B,1.54%,$5.20B,$0.08B,1.54%,$5.20B,$0.44B,8.43%,$5.20B,$-0.04B,-0.69%,$5.20B,$-0.13B,-2.50%,$-0.13B,$2.91B,-6.25%,$-0.13B,$-1.20B,36.19%,$-0.13B,$7.31B,-2.49%,$0.08B,$5.15B,2.12%,$1615,$1231,$384,$161,$120,$1701,$-86,$-33,$-119,$86,$-205,$-205,$-203,$39,$-86,$192,192,$-1.06,$-1.06,$676,$662,$124,$2526,$369,$72,$4105,$19,$4787,$7313,$1528,$2242,$195,$2878,$4406,$3,$-325,$-20,$2907,$7313,$-205,$126,$-22,$103,$130,$166,$0,$118,$-121,$-223,$-9,$-1,$-340,$2,$-5,$-3,$3,$-350,$547,$0,$547,$-167,$-167,$0,$-12,$368,$-204,$14,$0
11,2015-12-31,30.57,$12.48,2.45,$32.15,0.95,$2.56,11.93,$0.62,49.31,$2.11B,$1.01B,2.08,$1.50B,$1.84B,0.81,$4.80B,$1.42B,29.57%,$4.80B,$0.21B,4.42%,$4.80B,$0.21B,4.42%,$4.80B,$0.53B,10.94%,$4.80B,$0.11B,2.23%,$4.80B,$0.09B,1.92%,$0.09B,$1.84B,5.18%,$0.09B,$0.02B,-89.98%,$0.09B,$4.52B,2.04%,$0.21B,$3.34B,6.44%,$1102,$743,$359,$133,$108,$1049,$53,$-33,$20,$-7,$27,$27,$30,$130,$53,$146,149,$0.21,$0.20,$879,$402,$120,$2110,$312,$70,$1824,$22,$2413,$4524,$1013,$1496,$109,$1670,$2683,$2,$359,$-13,$1841,$4524,$84,$313,$83,$396,$-55,$-7,$0,$-89,$-136,$344,$-50,$-39,$-98,$162,$-49,$113,$28,$-46,$-54,$0,$-54,$-55,$-55,$0,$109,$-0,$298,$64,$0
12,2015-09-30,25.97,$12.22,2.13,$33.30,0.78,$3.31,7.85,$1.71,15.19,$2.12B,$1.02B,2.08,$1.53B,$1.79B,0.85,$4.96B,$1.44B,29.06%,$4.96B,$0.25B,5.02%,$4.96B,$0.25B,5.02%,$4.96B,$0.56B,11.33%,$4.96B,$0.14B,2.88%,$4.96B,$0.26B,5.14%,$0.26B,$1.79B,14.68%,$0.26B,$-0.09B,-165.85%,$0.26B,$4.51B,5.70%,$0.25B,$3.32B,7.68%,$1221,$862,$359,$132,$102,$1161,$61,$-26,$35,$12,$23,$23,$26,$138,$61,$147,149,$0.18,$0.18,$781,$368,$154,$2118,$319,$75,$1885,$45,$2395,$4513,$1019,$1525,$110,$1703,$2722,$2,$329,$-20,$1791,$4513,$58,$236,$76,$312,$-50,$27,$0,$-137,$-153,$216,$-38,$-37,$-98,$0,$22,$22,$28,$-123,$-41,$0,$-41,$-49,$-49,$0,$105,$14,$108,$47,$0
13,2015-06-30,30.6,$12.17,2.52,$34.57,0.89,$4.05,7.56,$1.90,16.11,$2.08B,$1.04B,2.01,$1.54B,$1.78B,0.86,$5.14B,$1.52B,29.52%,$5.14B,$0.31B,6.03%,$5.14B,$0.31B,6.03%,$5.14B,$0.63B,12.17%,$5.14B,$0.21B,4.02%,$5.14B,$0.28B,5.52%,$0.28B,$1.78B,17.09%,$0.28B,$-0.16B,-117.11%,$0.28B,$4.56B,6.43%,$0.31B,$3.32B,9.82%,$1260,$896,$364,$136,$107,$1209,$52,$-24,$28,$13,$15,$15,$17,$131,$52,$146,149,$0.11,$0.11,$620,$390,$108,$2083,$324,$75,$1941,$47,$2476,$4559,$1037,$1538,$136,$1743,$2780,$2,$303,$-13,$1779,$4559,$34,$159,$22,$181,$-188,$12,$0,$-58,$-207,$9,$-24,$-34,$-98,$0,$-1,$-1,$28,$-130,$-29,$0,$-29,$-42,$-42,$0,$117,$47,$-75,$30,$0
14,2015-03-31,28.9,$11.65,2.48,$35.78,0.81,$5.64,5.12,$2.05,14.1,$2.08B,$1.08B,1.93,$1.51B,$1.69B,0.89,$5.31B,$1.57B,29.61%,$5.31B,$0.35B,6.59%,$5.31B,$0.35B,6.59%,$5.31B,$0.67B,12.61%,$5.31B,$0.24B,4.59%,$5.31B,$0.31B,5.76%,$0.31B,$1.69B,19.46%,$0.31B,$-0.17B,-87.99%,$0.31B,$4.47B,7.01%,$0.35B,$3.19B,11.44%,$1215,$879,$337,$132,$100,$1169,$46,$-21,$24,$5,$19,$19,$19,$126,$46,$145,149,$0.13,$0.13,$629,$372,$81,$2078,$326,$76,$1859,$46,$2395,$4473,$1078,$1505,$133,$1706,$2784,$2,$286,$-13,$1689,$4473,$19,$80,$-13,$67,$-222,$29,$0,$-13,$-150,$-63,$-11,$-34,$0,$0,$-1,$-1,$28,$-18,$-14,$0,$-14,$-46,$-46,$0,$75,$15,$-66,$14,$0
15,2014-12-31,30.19,$11.65,2.59,$35.95,0.84,$6.24,4.84,$2.20,13.72,$1.91B,$1.00B,1.9,$1.45B,$1.69B,0.86,$5.32B,$1.58B,29.74%,$5.32B,$0.34B,6.43%,$5.32B,$0.34B,6.43%,$5.32B,$0.67B,12.55%,$5.32B,$0.24B,4.49%,$5.32B,$0.33B,6.16%,$0.33B,$1.69B,22.01%,$0.33B,$-0.19B,-68.51%,$0.33B,$4.34B,7.57%,$0.34B,$3.14B,11.32%,$1263,$883,$381,$135,$96,$1174,$90,$-33,$56,$-137,$193,$193,$193,$167,$90,$144,148,$1.33,$1.30,$693,$401,$55,$1910,$366,$78,$1879,$36,$2431,$4341,$1004,$1449,$132,$1647,$2650,$2,$267,$-11,$1691,$4341,$327,$327,$-98,$229,$17,$-71,$0,$74,$-97,$459,$-57,$0,$0,$60,$-128,$-68,$0,$-125,$-210,$0,$-210,$-11,$-11,$0,$9,$-211,$123,$54,$0
16,2014-09-30,28.36,$10.29,2.76,$36.51,0.78,$7.24,3.91,$0.89,31.86,$1.85B,$1.12B,1.65,$1.49B,$1.49B,1.0,$5.26B,$1.57B,29.82%,$5.26B,$0.30B,5.72%,$5.26B,$0.30B,5.72%,$5.26B,$0.64B,12.15%,$5.26B,$0.21B,3.97%,$5.26B,$0.13B,2.51%,$0.13B,$1.49B,9.45%,$0.13B,$-0.45B,-20.92%,$0.13B,$4.31B,3.05%,$0.30B,$2.98B,10.07%,$1405,$970,$436,$143,$103,$1283,$122,$-23,$99,$45,$55,$55,$55,$202,$122,$145,149,$0.38,$0.37,$595,$369,$59,$1848,$371,$75,$1939,$59,$2457,$4305,$1122,$1488,$103,$1693,$2815,$2,$74,$-5,$1490,$4305,$134,$249,$25,$275,$-69,$-38,$0,$25,$-80,$329,$-42,$0,$0,$29,$-33,$-4,$0,$-45,$-196,$0,$-196,$-18,$-18,$0,$15,$-199,$85,$40,$0
17,2014-06-30,32.53,$9.83,3.31,$34.66,0.94,$7.64,4.26,$0.65,50.05,$1.81B,$1.18B,1.53,$1.51B,$1.42B,1.06,$4.92B,$1.45B,29.45%,$4.92B,$0.19B,3.86%,$4.92B,$0.19B,3.86%,$4.92B,$0.54B,10.89%,$4.92B,$0.10B,2.01%,$4.92B,$0.09B,1.91%,$0.09B,$1.42B,6.97%,$0.09B,$-0.58B,-12.77%,$0.09B,$4.33B,2.14%,$0.19B,$2.93B,6.28%,$1429,$1010,$419,$144,$112,$1337,$92,$-27,$65,$26,$39,$39,$39,$175,$92,$144,148,$0.27,$0.26,$553,$298,$58,$1807,$377,$69,$2002,$57,$2524,$4331,$1179,$1508,$143,$1733,$2912,$2,$19,$-7,$1419,$4331,$80,$170,$10,$180,$-104,$32,$0,$-3,$-12,$247,$-26,$0,$0,$25,$-23,$2,$0,$-25,$-182,$0,$-182,$-11,$-11,$0,$11,$-182,$41,$26,$0
18,2014-03-31,28.18,$9.50,2.97,$32.44,0.87,$8.54,3.3,$0.02,1409.0,$1.75B,$1.08B,1.62,$1.68B,$1.36B,1.23,$4.49B,$1.26B,28.07%,$4.49B,$0.01B,0.22%,$4.49B,$0.01B,0.22%,$4.49B,$0.35B,7.72%,$4.49B,$-0.06B,-1.42%,$4.49B,$0.01B,0.16%,$0.01B,$1.36B,0.53%,$0.01B,$-0.69B,-0.86%,$0.01B,$4.35B,0.15%,$0.01B,$3.04B,0.33%,$1225,$878,$347,$134,$99,$1187,$38,$-19,$19,$-22,$41,$41,$41,$124,$38,$143,147,$0.29,$0.28,$523,$286,$59,$1752,$389,$72,$2054,$56,$2593,$4345,$1080,$1678,$85,$1905,$2985,$2,$-20,$-5,$1360,$4345,$41,$86,$-6,$81,$-95,$44,$0,$-3,$-94,$27,$-13,$0,$0,$11,$-21,$-10,$0,$-23,$-14,$0,$-14,$-2,$-2,$0,$10,$-6,$-2,$11,$0
19,2013-12-31,24.34,$9.28,2.62,$27.18,0.9,$8.82,2.76,$-0.39,0.0,$1.68B,$1.10B,1.53,$1.69B,$1.32B,1.28,$3.62B,$1.02B,28.25%,$3.62B,$-0.02B,-0.50%,$3.62B,$-0.02B,-0.50%,$3.62B,$0.25B,6.82%,$3.62B,$-0.10B,-2.68%,$3.62B,$-0.05B,-1.35%,$-0.05B,$1.32B,-4.05%,$-0.05B,$-0.80B,10.27%,$-0.05B,$4.32B,-1.28%,$-0.02B,$3.01B,-0.71%,$1199,$833,$366,$129,$111,$1150,$49,$-23,$26,$29,$-3,$-3,$-3,$138,$49,$132,132,$0.00,$0.00,$511,$330,$57,$1678,$396,$71,$2117,$52,$2644,$4322,$1095,$1691,$84,$1908,$3003,$2,$-61,$-5,$1319,$4322,$-49,$265,$20,$285,$9,$74,$0,$-4,$327,$563,$-71,$0,$-2208,$375,$15,$390,$0,$-1890,$1521,$0,$1521,$162,$162,$0,$-45,$1638,$311,$36,$0
20,2013-09-30,17.05,$9.37,1.82,$21.05,0.81,$5.64,3.02,$-0.24,0.0,$1.87B,$1.25B,1.5,$1.82B,$1.30B,1.41,$2.77B,$0.78B,28.20%,$2.77B,$-0.04B,-1.48%,$2.77B,$-0.04B,-1.48%,$2.77B,$0.15B,5.39%,$2.77B,$-0.10B,-3.65%,$2.77B,$-0.03B,-1.12%,$-0.03B,$1.30B,-2.77%,$-0.03B,$-0.87B,28.31%,$-0.03B,$4.59B,-1.00%,$-0.04B,$3.12B,-2.02%,$1068,$751,$317,$129,$100,$1057,$11,$-22,$-11,$-28,$17,$17,$17,$99,$11,$138,141,$0.12,$0.12,$668,$351,$60,$1865,$410,$80,$2166,$52,$2721,$4586,$1247,$1823,$82,$2043,$3290,$2,$-56,$-13,$1296,$4586,$-46,$176,$6,$182,$18,$60,$0,$11,$244,$380,$-53,$0,$-2208,$393,$-105,$289,$0,$-1973,$1893,$-0,$1893,$154,$154,$0,$-46,$2002,$409,$25,$0
21,2013-06-30,14.35,$9.18,1.56,$16.53,0.87,$3.82,3.76,$-0.22,0.0,$2.21B,$1.49B,1.48,$1.84B,$1.27B,1.45,$2.06B,$0.58B,27.98%,$2.06B,$-0.03B,-1.41%,$2.06B,$-0.03B,-1.41%,$2.06B,$0.09B,4.28%,$2.06B,$-0.07B,-3.36%,$2.06B,$-0.03B,-1.46%,$-0.03B,$1.27B,-2.92%,$-0.03B,$-0.91B,-11.28%,$-0.03B,$4.94B,-1.31%,$-0.03B,$3.11B,-1.88%,$1000,$769,$231,$124,$88,$1088,$-88,$-10,$-98,$-49,$-48,$-48,$-48,$-14,$-88,$135,135,$-0.36,$-0.36,$745,$321,$283,$2205,$404,$79,$2179,$55,$2730,$4935,$1492,$1838,$87,$2176,$3667,$2,$-77,$-8,$1268,$4935,$-63,$88,$-1,$87,$-17,$93,$0,$-7,$320,$344,$-21,$0,$-2160,$0,$300,$300,$0,$-1881,$1909,$0,$1909,$153,$153,$0,$-46,$2016,$479,$14,$0
22,2013-03-31,17.17,$8.26,2.08,$12.13,1.42,$1.91,8.98,$0.28,61.32,$1.01B,$0.43B,2.34,$0.00B,$0.95B,0.0,$1.40B,$0.46B,32.98%,$1.40B,$0.09B,6.13%,$1.40B,$0.09B,6.13%,$1.40B,$0.14B,10.26%,$1.40B,$0.05B,3.70%,$1.40B,$0.03B,2.35%,$0.03B,$0.95B,3.52%,$0.03B,$0.67B,5.11%,$0.03B,$1.47B,2.35%,$0.09B,$0.95B,8.21%,$354,$245,$109,$44,$40,$344,$10,$-23,$-14,$1,$-15,$-15,$-15,$24,$10,$115,115,$-0.13,$-0.13,$613,$127,$24,$1013,$54,$56,$281,$11,$454,$1468,$434,$0,$53,$81,$514,$2,$-26,$-8,$953,$1468,$-15,$14,$31,$46,$-18,$7,$0,$1,$19,$50,$-6,$0,$0,$0,$245,$245,$0,$238,$0,$0,$0,$-1,$-1,$0,$5,$3,$292,$7,$0
23,2012-12-31,14.94,$8.42,1.77,$11.64,1.28,$1.80,8.3,$0.46,32.48,$0.92B,$0.37B,2.48,$0.00B,$0.96B,0.0,$1.35B,$0.46B,34.22%,$1.35B,$0.09B,6.50%,$1.35B,$0.09B,6.50%,$1.35B,$0.15B,10.79%,$1.35B,$0.08B,5.54%,$1.35B,$0.05B,3.99%,$0.05B,$0.96B,5.84%,$0.05B,$0.67B,8.65%,$0.05B,$1.41B,3.91%,$0.09B,$0.96B,8.10%,$344,$221,$123,$41,$44,$318,$26,$-3,$22,$7,$15,$15,$15,$40,$26,$114,117,$0.13,$0.13,$535,$134,$16,$920,$54,$86,$289,$9,$486,$1406,$371,$0,$48,$75,$446,$1,$-12,$-9,$960,$1406,$53,$59,$22,$81,$-37,$-21,$0,$14,$-50,$84,$-22,$0,$0,$286,$-419,$-133,$3,$-151,$0,$0,$0,$-41,$-41,$0,$4,$-38,$-104,$28,$0
24,2012-09-30,12.79,$8.20,1.56,$11.02,1.16,$2.01,6.37,$-0.14,0.0,$0.91B,$0.16B,5.72,$0.22B,$0.93B,0.24,$1.29B,$0.45B,34.65%,$1.29B,$-0.01B,-0.93%,$1.29B,$-0.01B,-0.93%,$1.29B,$0.14B,10.47%,$1.29B,$-0.03B,-1.94%,$1.29B,$-0.02B,-1.63%,$-0.02B,$0.93B,-2.30%,$-0.02B,$0.63B,-3.47%,$-0.02B,$1.38B,-1.53%,$-0.01B,$1.15B,-1.06%,$357,$245,$112,$43,$38,$334,$23,$-2,$21,$3,$18,$18,$18,$38,$23,$114,116,$0.16,$0.15,$553,$137,$19,$914,$55,$57,$297,$10,$468,$1383,$160,$219,$49,$294,$454,$1,$-27,$-10,$929,$1383,$39,$44,$16,$60,$-20,$-25,$0,$14,$-26,$73,$-15,$3,$0,$-63,$0,$-63,$0,$-75,$0,$0,$0,$-48,$-48,$0,$3,$-45,$-47,$21,$0
25,2012-06-30,13.91,$8.02,1.73,$10.21,1.36,$1.78,7.8,$-0.18,0.0,$0.88B,$0.16B,5.39,$0.22B,$0.91B,0.24,$1.21B,$0.44B,36.04%,$1.21B,$-0.02B,-1.41%,$1.21B,$-0.02B,-1.41%,$1.21B,$0.13B,10.77%,$1.21B,$-0.03B,-2.49%,$1.21B,$-0.03B,-2.07%,$-0.03B,$0.91B,-2.68%,$-0.03B,$0.61B,-4.13%,$-0.03B,$1.37B,-1.81%,$-0.02B,$1.13B,-1.49%,$349,$231,$119,$43,$40,$322,$27,$-4,$23,$8,$15,$15,$15,$42,$27,$114,115,$0.13,$0.13,$544,$102,$17,$878,$56,$71,$305,$11,$490,$1367,$163,$216,$51,$293,$456,$1,$-44,$-10,$911,$1367,$21,$29,$8,$38,$-28,$10,$0,$12,$8,$66,$-9,$3,$0,$-57,$0,$-57,$0,$-63,$0,$0,$0,$-42,$-42,$0,$2,$-39,$-36,$15,$0
26,2012-03-31,11.3,$7.90,1.43,$9.33,1.21,$1.42,7.98,$-0.17,0.0,$0.86B,$0.18B,4.8,$0.21B,$0.90B,0.24,$1.12B,$0.42B,37.63%,$1.12B,$-0.02B,-1.69%,$1.12B,$-0.02B,-1.69%,$1.12B,$0.13B,11.39%,$1.12B,$-0.03B,-2.67%,$1.12B,$-0.02B,-2.05%,$-0.02B,$0.90B,-2.40%,$-0.02B,$0.59B,-3.78%,$-0.02B,$1.37B,-1.65%,$-0.02B,$1.11B,-1.63%,$303,$194,$109,$44,$40,$291,$12,$-3,$9,$3,$6,$6,$6,$26,$12,$115,118,$0.05,$0.05,$518,$105,$17,$863,$58,$83,$313,$12,$507,$1370,$180,$213,$53,$292,$472,$1,$-59,$-10,$899,$1370,$6,$15,$3,$18,$-32,$7,$0,$8,$12,$35,$-4,$3,$0,$52,$-78,$-26,$0,$-26,$0,$0,$0,$-31,$-31,$0,$2,$-29,$-20,$7,$0
27,2011-12-31,10.82,$7.98,1.36,$8.88,1.22,$1.07,10.11,$-0.13,0.0,$0.86B,$0.16B,5.45,$0.21B,$0.92B,0.23,$1.09B,$0.41B,37.78%,$1.09B,$-0.02B,-1.47%,$1.09B,$-0.02B,-1.47%,$1.09B,$0.13B,12.13%,$1.09B,$-0.03B,-2.57%,$1.09B,$-0.02B,-1.56%,$-0.02B,$0.92B,-1.72%,$-0.02B,$0.60B,-2.73%,$-0.02B,$1.36B,-1.21%,$-0.02B,$1.13B,-1.34%,$281,$175,$107,$38,$40,$355,$-74,$-5,$-78,$-19,$-60,$-60,$-60,$29,$-74,$120,120,$-0.49,$-0.48,$523,$116,$27,$860,$61,$71,$319,$11,$501,$1361,$158,$210,$51,$287,$445,$1,$-65,$-11,$916,$1361,$-18,$147,$-6,$141,$-22,$-7,$0,$19,$-10,$113,$-23,$0,$-130,$297,$-278,$19,$0,$-135,$0,$-5,$-5,$-94,$-94,$0,$4,$-96,$-117,$22,$0
28,2011-09-30,10.3,$8.55,1.21,$8.61,1.2,$1.07,9.62,$0.43,23.95,$0.92B,$0.13B,7.33,$0.21B,$1.01B,0.21,$1.07B,$0.40B,37.28%,$1.07B,$0.08B,7.08%,$1.07B,$0.08B,7.08%,$1.07B,$0.14B,12.67%,$1.07B,$0.06B,5.96%,$1.07B,$0.05B,5.03%,$0.05B,$1.01B,5.33%,$0.05B,$0.63B,8.65%,$0.05B,$1.42B,3.79%,$0.08B,$1.21B,6.23%,$274,$174,$100,$36,$36,$256,$18,$-3,$16,$2,$14,$14,$14,$33,$18,$119,121,$0.11,$0.11,$579,$117,$22,$923,$58,$47,$375,$5,$495,$1418,$126,$207,$39,$285,$411,$1,$-6,$-6,$1008,$1418,$42,$45,$7,$51,$-40,$-15,$0,$2,$-41,$52,$-19,$0,$0,$32,$0,$32,$0,$13,$0,$-5,$-5,$-62,$-62,$0,$3,$-64,$2,$17,$0
29,2011-06-30,11.61,$8.42,1.38,$8.50,1.37,$1.41,8.21,$0.43,27.0,$0.92B,$0.12B,7.86,$0.21B,$1.00B,0.21,$1.07B,$0.40B,37.47%,$1.07B,$0.08B,7.64%,$1.07B,$0.08B,7.64%,$1.07B,$0.14B,13.23%,$1.07B,$0.07B,6.34%,$1.07B,$0.05B,5.03%,$0.05B,$1.00B,5.31%,$0.05B,$0.62B,8.73%,$0.05B,$1.41B,3.77%,$0.08B,$1.21B,6.71%,$266,$159,$107,$37,$36,$240,$25,$-3,$23,$6,$17,$17,$17,$40,$25,$122,124,$0.14,$0.13,$595,$113,$25,$919,$57,$34,$384,$6,$491,$1410,$117,$208,$39,$290,$407,$1,$-19,$-4,$1003,$1410,$28,$30,$2,$31,$-27,$-11,$0,$9,$-32,$28,$-13,$0,$0,$179,$-143,$37,$0,$24,$0,$0,$0,$-48,$-48,$0,$3,$-45,$7,$11,$0
30,2011-03-31,12.74,$8.37,1.52,$8.51,1.5,$1.86,6.86,$0.44,28.95,$0.95B,$0.13B,7.57,$0.21B,$1.04B,0.2,$1.09B,$0.41B,37.53%,$1.09B,$0.09B,8.37%,$1.09B,$0.09B,8.37%,$1.09B,$0.15B,13.89%,$1.09B,$0.08B,6.90%,$1.09B,$0.06B,5.24%,$0.06B,$1.04B,5.59%,$0.06B,$0.64B,9.31%,$0.06B,$1.45B,3.93%,$0.09B,$1.24B,7.42%,$267,$170,$97,$36,$37,$252,$15,$-4,$11,$-0,$12,$12,$12,$30,$15,$122,126,$0.09,$0.09,$624,$106,$34,$951,$57,$33,$393,$6,$499,$1449,$126,$205,$40,$289,$414,$1,$-36,$-5,$1035,$1449,$12,$15,$-4,$11,$-24,$-4,$0,$7,$-26,$-4,$-6,$0,$0,$106,$-99,$7,$0,$0,$0,$0,$0,$5,$5,$0,$4,$9,$6,$5,$0
31,2010-12-31,11.22,$8.35,1.34,$8.44,1.33,$2.27,4.94,$0.50,22.44,$0.92B,$0.13B,6.93,$0.20B,$1.01B,0.2,$1.09B,$0.42B,39.01%,$1.09B,$0.11B,10.12%,$1.09B,$0.11B,10.12%,$1.09B,$0.17B,15.64%,$1.09B,$0.09B,8.65%,$1.09B,$0.06B,5.89%,$0.06B,$1.01B,6.31%,$0.06B,$0.61B,10.72%,$0.06B,$1.42B,4.40%,$0.11B,$1.21B,8.99%,$266,$170,$96,$35,$34,$248,$18,$-3,$14,$3,$11,$11,$11,$33,$18,$125,128,$0.09,$0.09,$625,$102,$33,$921,$56,$31,$404,$6,$503,$1424,$133,$203,$33,$282,$415,$1,$-48,$-6,$1009,$1424,$64,$60,$38,$98,$18,$-6,$0,$-7,$-43,$119,$-22,$0,$-4,$364,$-514,$-150,$0,$-177,$-0,$-23,$-23,$-69,$-69,$0,$3,$-89,$-147,$22,$0
32,2010-09-30,9.77,$8.26,1.18,$8.70,1.12,$3.26,3.0,$0.67,14.58,$0.94B,$0.14B,6.53,$0.20B,$1.02B,0.2,$1.12B,$0.46B,41.30%,$1.12B,$0.14B,12.58%,$1.12B,$0.14B,12.58%,$1.12B,$0.20B,18.02%,$1.12B,$0.13B,11.15%,$1.12B,$0.09B,7.67%,$0.09B,$1.02B,8.51%,$0.09B,$0.61B,14.74%,$0.09B,$1.45B,5.85%,$0.14B,$1.22B,11.55%,$274,$172,$102,$35,$34,$250,$24,$-4,$20,$6,$14,$14,$14,$39,$24,$125,128,$0.11,$0.11,$645,$89,$11,$936,$57,$30,$413,$6,$512,$1448,$143,$204,$31,$285,$428,$1,$-59,$-7,$1020,$1448,$53,$44,$24,$69,$10,$7,$0,$15,$-25,$96,$-17,$0,$0,$-172,$0,$-172,$0,$-189,$-0,$-18,$-18,$-40,$-40,$0,$3,$-56,$-149,$16,$0
33,2010-06-30,10.19,$8.13,1.25,$8.68,1.17,$3.85,2.65,$0.73,13.96,$0.96B,$0.17B,5.74,$0.21B,$1.02B,0.21,$1.12B,$0.48B,42.39%,$1.12B,$0.16B,13.89%,$1.12B,$0.16B,13.89%,$1.12B,$0.22B,19.32%,$1.12B,$0.14B,12.38%,$1.12B,$0.09B,8.37%,$0.09B,$1.02B,9.47%,$0.09B,$0.60B,16.78%,$0.09B,$1.48B,6.47%,$0.16B,$1.23B,12.95%,$280,$167,$113,$36,$34,$246,$34,$-4,$30,$10,$20,$20,$20,$49,$34,$127,130,$0.16,$0.15,$668,$79,$21,$955,$56,$29,$422,$7,$520,$1475,$166,$213,$32,$291,$457,$1,$-73,$-6,$1018,$1475,$39,$29,$11,$41,$4,$17,$0,$6,$4,$83,$-10,$0,$0,$-176,$0,$-176,$0,$-186,$-0,$-5,$-5,$-25,$-25,$0,$3,$-27,$-130,$10,$0
34,2010-03-31,12.01,$7.98,1.5,$8.70,1.38,$4.05,2.97,$0.76,15.8,$0.95B,$0.17B,5.66,$0.21B,$1.01B,0.21,$1.12B,$0.48B,42.78%,$1.12B,$0.16B,14.26%,$1.12B,$0.16B,14.26%,$1.12B,$0.22B,19.70%,$1.12B,$0.14B,12.75%,$1.12B,$0.10B,8.65%,$0.10B,$1.01B,10.02%,$0.10B,$0.58B,18.27%,$0.10B,$1.48B,6.81%,$0.16B,$1.23B,13.59%,$267,$154,$113,$34,$35,$233,$34,$-4,$30,$11,$19,$19,$19,$49,$34,$126,130,$0.15,$0.15,$666,$80,$14,$950,$56,$25,$431,$8,$527,$1477,$168,$214,$33,$298,$465,$1,$-93,$-6,$1011,$1477,$19,$15,$1,$15,$4,$16,$0,$10,$14,$48,$-4,$0,$0,$2,$-42,$-40,$0,$-45,$-0,$0,$-0,$-6,$-6,$0,$2,$-4,$-1,$5,$0
35,2009-12-31,11.43,$7.89,1.45,$8.67,1.32,$3.78,3.03,$0.71,16.1,$0.94B,$0.19B,5.0,$0.21B,$0.99B,0.21,$1.11B,$0.46B,41.75%,$1.11B,$0.15B,13.35%,$1.11B,$0.15B,13.35%,$1.11B,$0.21B,18.85%,$1.11B,$0.13B,12.08%,$1.11B,$0.09B,8.21%,$0.09B,$0.99B,9.71%,$0.09B,$0.55B,18.38%,$0.09B,$1.48B,6.57%,$0.15B,$1.20B,12.94%,$300,$165,$135,$35,$38,$251,$49,$-4,$45,$12,$33,$33,$33,$65,$49,$125,128,$0.28,$0.26,$630,$96,$19,$942,$57,$21,$440,$9,$533,$1476,$189,$211,$31,$296,$484,$1,$-112,$-6,$991,$1476,$91,$59,$31,$90,$22,$39,$0,$-5,$60,$241,$-18,$0,$-23,$104,$-217,$-112,$0,$-153,$-0,$-11,$-11,$11,$11,$0,$3,$3,$91,$16,$0
36,2009-09-30,13.01,$7.58,1.72,$8.67,1.5,$3.39,3.84,$-0.64,0.0,$0.85B,$0.15B,5.82,$0.21B,$0.95B,0.22,$1.10B,$0.44B,39.69%,$1.10B,$-0.08B,-6.99%,$1.10B,$-0.08B,-6.99%,$1.10B,$0.19B,17.44%,$1.10B,$-0.09B,-8.17%,$1.10B,$-0.11B,-9.63%,$-0.11B,$0.95B,-11.68%,$-0.11B,$0.51B,-23.01%,$-0.11B,$1.38B,-7.83%,$-0.08B,$1.16B,-6.91%,$276,$160,$115,$31,$36,$237,$39,$-5,$34,$13,$22,$22,$22,$54,$39,$125,130,$0.17,$0.17,$566,$100,$17,$848,$58,$31,$436,$8,$536,$1384,$146,$208,$26,$288,$434,$1,$-145,$-8,$950,$1384,$57,$44,$27,$71,$41,$30,$0,$7,$43,$171,$-14,$0,$-8,$0,$-97,$-97,$0,$-120,$-11,$0,$-11,$9,$9,$0,$2,$0,$52,$12,$0
37,2009-06-30,12.17,$7.37,1.65,$8.92,1.36,$2.74,4.45,$-0.62,0.0,$0.84B,$0.16B,5.43,$0.21B,$0.92B,0.22,$1.12B,$0.43B,38.11%,$1.12B,$-0.08B,-7.12%,$1.12B,$-0.08B,-7.12%,$1.12B,$0.19B,16.83%,$1.12B,$-0.09B,-8.10%,$1.12B,$-0.11B,-9.44%,$-0.11B,$0.92B,-11.53%,$-0.11B,$0.48B,-25.84%,$-0.11B,$1.36B,-7.68%,$-0.08B,$1.13B,-7.00%,$279,$161,$117,$30,$39,$240,$38,$-4,$34,$11,$23,$23,$23,$53,$38,$124,128,$0.18,$0.18,$529,$116,$12,$840,$60,$10,$441,$6,$521,$1361,$155,$206,$27,$287,$442,$1,$-167,$-8,$920,$1361,$36,$29,$12,$41,$31,$14,$0,$7,$31,$108,$-11,$0,$-0,$0,$-25,$-25,$0,$-36,$-11,$0,$-11,$5,$5,$0,$1,$-5,$67,$7,$0
38,2009-03-31,7.37,$7.19,1.03,$9.00,0.82,$2.21,3.33,$-0.72,0.0,$0.79B,$0.14B,5.55,$0.20B,$0.89B,0.23,$1.13B,$0.40B,35.91%,$1.13B,$-0.10B,-9.07%,$1.13B,$-0.10B,-9.07%,$1.13B,$0.17B,15.02%,$1.13B,$-0.11B,-10.04%,$1.13B,$-0.12B,-10.76%,$-0.12B,$0.89B,-12.99%,$-0.12B,$0.44B,-33.73%,$-0.12B,$1.32B,-8.59%,$-0.10B,$1.09B,-8.69%,$254,$158,$96,$28,$35,$231,$22,$-1,$21,$8,$13,$13,$13,$37,$22,$123,125,$0.10,$0.10,$429,$121,$18,$787,$59,$15,$450,$5,$533,$1320,$142,$203,$27,$292,$433,$1,$-190,$-9,$886,$1320,$13,$14,$7,$21,$4,$9,$0,$4,$-20,$14,$-5,$0,$-0,$0,$-8,$-8,$0,$-13,$-11,$0,$-11,$-1,$-1,$0,$0,$-11,$-11,$3,$0
39,2008-12-31,7.95,$7.10,1.12,$9.04,0.88,$2.33,3.42,$-0.78,0.0,$0.80B,$0.18B,4.45,$0.21B,$0.87B,0.24,$1.15B,$0.39B,34.32%,$1.15B,$-0.12B,-10.31%,$1.15B,$-0.12B,-10.31%,$1.15B,$0.16B,13.71%,$1.15B,$-0.13B,-11.18%,$1.15B,$-0.13B,-11.35%,$-0.13B,$0.87B,-13.69%,$-0.13B,$0.41B,-41.70%,$-0.13B,$1.35B,-9.02%,$-0.12B,$1.09B,-9.75%,$292,$184,$109,$29,$37,$469,$-176,$-2,$-179,$-15,$-164,$-164,$-164,$48,$-176,$125,125,$-1.31,$-1.31,$433,$130,$20,$799,$59,$15,$459,$7,$552,$1350,$180,$212,$25,$297,$477,$1,$-203,$-9,$873,$1350,$-130,$275,$7,$282,$9,$4,$0,$-15,$37,$189,$-21,$0,$-11,$155,$-114,$41,$0,$10,$-36,$0,$-36,$-77,$-77,$0,$0,$-113,$86,$11,$0
40,2008-09-30,7.73,$8.13,0.95,$8.91,0.87,$1.41,5.49,$0.39,19.82,$0.71B,$0.13B,5.31,$0.28B,$1.00B,0.28,$1.10B,$0.35B,31.55%,$1.10B,$0.07B,6.44%,$1.10B,$0.07B,6.44%,$1.10B,$0.13B,11.51%,$1.10B,$0.06B,5.26%,$1.10B,$0.04B,3.45%,$0.04B,$1.00B,3.85%,$0.04B,$0.31B,13.40%,$0.04B,$1.49B,2.54%,$0.07B,$1.27B,5.61%,$298,$191,$106,$27,$33,$261,$36,$-3,$33,$11,$22,$22,$22,$51,$36,$123,125,$0.18,$0.18,$335,$142,$20,$714,$60,$15,$686,$9,$774,$1487,$134,$276,$26,$355,$490,$1,$-26,$-4,$998,$1487,$34,$51,$20,$71,$-12,$-6,$0,$-9,$-18,$87,$-16,$0,$-10,$0,$35,$35,$0,$9,$-36,$0,$-36,$-78,$-78,$0,$0,$-114,$-18,$8,$0
41,2008-06-30,8.45,$7.91,1.07,$8.81,0.96,$0.84,10.03,$0.45,18.78,$0.70B,$0.15B,4.77,$0.28B,$0.97B,0.29,$1.06B,$0.31B,29.34%,$1.06B,$0.06B,5.85%,$1.06B,$0.06B,5.85%,$1.06B,$0.11B,10.00%,$1.06B,$0.06B,5.66%,$1.06B,$0.04B,4.15%,$0.04B,$0.97B,4.80%,$0.04B,$0.27B,12.74%,$0.04B,$1.48B,3.15%,$0.06B,$1.25B,5.20%,$281,$188,$93,$28,$37,$266,$16,$-3,$12,$5,$8,$8,$8,$33,$16,$123,125,$0.06,$0.06,$305,$148,$16,$695,$61,$10,$697,$11,$783,$1478,$146,$277,$25,$362,$507,$1,$-50,$-3,$970,$1478,$12,$36,$10,$46,$-10,$-11,$0,$-10,$-17,$41,$-12,$0,$-4,$0,$56,$56,$0,$40,$-35,$0,$-35,$-79,$-79,$0,$0,$-114,$-34,$5,$0
42,2008-03-31,5.82,$7.83,0.74,$8.81,0.66,$0.76,7.68,$0.58,10.03,$0.65B,$0.14B,4.78,$0.28B,$0.96B,0.29,$1.03B,$0.29B,28.10%,$1.03B,$0.07B,7.17%,$1.03B,$0.07B,7.17%,$1.03B,$0.10B,10.08%,$1.03B,$0.08B,7.95%,$1.03B,$0.06B,5.72%,$0.06B,$0.96B,7.00%,$0.06B,$0.25B,14.43%,$0.06B,$1.45B,4.55%,$0.07B,$1.24B,6.61%,$274,$188,$85,$28,$37,$267,$6,$-0,$6,$2,$4,$4,$4,$25,$6,$131,132,$0.03,$0.03,$300,$125,$8,$652,$61,$10,$710,$13,$798,$1450,$136,$277,$21,$355,$492,$1,$-60,$-3,$958,$1450,$4,$18,$-1,$17,$-5,$10,$0,$-3,$9,$31,$-6,$0,$-4,$0,$14,$14,$0,$3,$-35,$0,$-35,$-79,$-79,$0,$0,$-114,$-80,$3,$0
43,2007-12-31,9.98,$7.75,1.29,$8.86,1.13,$0.52,19.33,$0.88,11.34,$0.76B,$0.18B,4.23,$0.28B,$1.03B,0.27,$0.99B,$0.27B,27.59%,$0.99B,$0.09B,9.47%,$0.99B,$0.09B,9.47%,$0.99B,$0.11B,10.88%,$0.99B,$0.13B,12.99%,$0.99B,$0.09B,9.37%,$0.09B,$1.03B,12.16%,$0.09B,$0.30B,19.77%,$0.09B,$1.56B,7.80%,$0.09B,$1.30B,9.03%,$250,$186,$64,$18,$25,$237,$13,$-6,$7,$3,$4,$4,$4,$18,$13,$111,113,$0.02,$0.02,$399,$132,$5,$757,$59,$9,$725,$8,$804,$1562,$179,$277,$24,$357,$536,$1,$-65,$-4,$1026,$1562,$92,$14,$-9,$5,$-17,$-10,$0,$3,$-34,$63,$-15,$0,$-262,$56,$0,$56,$0,$-222,$-0,$0,$-0,$11,$11,$0,$9,$20,$-138,$11,$0
44,2007-09-30,12.35,$6.46,1.91,$8.80,1.4,$1.29,9.56,$1.44,8.58,$0.88B,$0.09B,9.93,$0.28B,$0.71B,0.39,$0.98B,$0.28B,28.53%,$0.98B,$0.11B,11.15%,$0.98B,$0.11B,11.15%,$0.98B,$0.12B,12.37%,$0.98B,$0.16B,15.85%,$0.98B,$0.16B,16.26%,$0.16B,$0.71B,24.19%,$0.16B,$0.56B,31.39%,$0.16B,$1.10B,15.07%,$0.11B,$0.99B,11.68%,$255,$186,$69,$18,$24,$227,$27,$8,$35,$8,$28,$28,$28,$30,$27,$110,112,$0.25,$0.25,$592,$118,$14,$882,$31,$9,$151,$9,$216,$1098,$89,$276,$10,$298,$387,$1,$-74,$-5,$711,$1098,$89,$9,$-13,$-4,$-15,$-24,$0,$-3,$-74,$11,$-11,$0,$23,$0,$-133,$-133,$0,$-121,$0,$0,$0,$11,$11,$0,$8,$20,$-91,$9,$0
45,2007-06-30,17.59,$6.18,2.85,$8.62,2.04,$1.96,8.98,$1.43,12.3,$0.86B,$0.10B,8.94,$0.28B,$0.68B,0.41,$0.95B,$0.27B,28.68%,$0.95B,$0.11B,11.24%,$0.95B,$0.11B,11.24%,$0.95B,$0.12B,12.50%,$0.95B,$0.15B,15.55%,$0.95B,$0.16B,16.60%,$0.16B,$0.68B,26.02%,$0.16B,$0.53B,34.59%,$0.16B,$1.07B,16.84%,$0.11B,$0.95B,13.14%,$253,$180,$72,$18,$26,$225,$28,$6,$34,$11,$23,$23,$23,$31,$28,$109,112,$0.21,$0.21,$607,$91,$11,$863,$30,$3,$151,$8,$209,$1072,$96,$276,$10,$298,$395,$1,$-102,$-5,$677,$1072,$61,$6,$-15,$-9,$-6,$4,$0,$-2,$-28,$24,$-7,$0,$23,$0,$-73,$-73,$0,$-57,$0,$0,$0,$9,$9,$0,$7,$15,$-18,$6,$0
46,2007-03-31,14.08,$5.95,2.37,$8.36,1.68,$2.36,5.98,$1.45,9.71,$0.83B,$0.09B,9.02,$0.28B,$0.65B,0.43,$0.92B,$0.27B,28.84%,$0.92B,$0.10B,10.99%,$0.92B,$0.10B,10.99%,$0.92B,$0.11B,12.30%,$0.92B,$0.14B,15.13%,$0.92B,$0.16B,17.41%,$0.16B,$0.65B,28.66%,$0.16B,$0.50B,39.24%,$0.16B,$1.04B,19.57%,$0.10B,$0.92B,14.51%,$235,$167,$69,$18,$24,$209,$26,$27,$53,$16,$38,$38,$38,$29,$26,$108,111,$0.35,$0.34,$579,$78,$4,$827,$28,$4,$151,$8,$209,$1036,$92,$276,$10,$298,$390,$1,$-126,$-3,$646,$1036,$38,$3,$-15,$-13,$-11,$16,$0,$-11,$-29,$-4,$-2,$0,$23,$0,$-47,$-47,$0,$-26,$0,$0,$0,$5,$5,$0,$5,$10,$-20,$3,$0
47,2006-12-31,12.51,$5.52,2.27,$8.15,1.54,$2.69,4.66,$1.30,9.62,$0.80B,$0.12B,6.6,$0.28B,$0.60B,0.46,$0.89B,$0.25B,28.36%,$0.89B,$0.10B,10.65%,$0.89B,$0.10B,10.65%,$0.89B,$0.11B,11.88%,$0.89B,$0.11B,12.00%,$0.89B,$0.14B,16.03%,$0.14B,$0.60B,28.03%,$0.14B,$0.45B,39.75%,$0.14B,$1.01B,20.52%,$0.10B,$0.87B,16.40%,$235,$166,$69,$16,$23,$206,$28,$4,$33,$-37,$70,$70,$70,$31,$28,$107,109,$0.65,$0.64,$552,$94,$4,$801,$28,$4,$151,$9,$213,$1014,$121,$276,$9,$297,$418,$1,$-163,$-4,$595,$1014,$142,$11,$-41,$-30,$-32,$20,$0,$-6,$32,$144,$-13,$0,$0,$-33,$0,$-33,$0,$-46,$276,$0,$276,$10,$10,$0,$2,$288,$386,$9,$0
