,Date,Stock Price,Book Value per Share,Price to Book Ratio,TTM Sales per Share,Price to Sales Ratio,TTM FCF per Share,Price to FCF Ratio,TTM Net EPS,PE Ratio,Current Assets,Current Liabilities,Current Ratio,Long Term Debt,Shareholder's Equity_x,Debt to Equity Ratio,TTM Revenue_x,TTM Gross Profit,Gross Margin,TTM Revenue_y,TTM Operating Income,Operating Margin,TTM Revenue_x,TTM EBIT,EBIT Margin,TTM Revenue_y,TTM EBITDA,EBITDA Margin,TTM Revenue_x,TTM Pre-Tax Income,Pre-Tax Margin,TTM Revenue_y,TTM Net Income_x,Net Margin,TTM Net Income_y,Shareholder's Equity_y,Return on Equity,TTM Net Income_x,Tangible Equity,Return on Tangible Equity,TTM Net Income_y,Total Assets,Return on Assets,TTM Net Income,LT Investments & Debt,Return on Investment,revenue,cost-goods-sold,gross-profit,research-development-expenses,selling-general-administrative-expenses,operating-expenses,operating-income,total-non-operating-income-expense,pre-tax-income,total-provision-income-taxes,income-after-taxes,income-from-continuous-operations,net-income,ebitda,ebit,basic-shares-outstanding,shares-outstanding,eps-basic-net-earnings-per-share,eps-earnings-per-share-diluted,cash-on-hand,inventory,other-current-assets,total-current-assets,net-property-plant-equipment,long-term-investments,goodwill-intangible-assets-total,other-long-term-assets,total-long-term-assets,total-assets,total-current-liabilities,long-term-debt,other-non-current-liabilities,total-long-term-liabilities,total-liabilities,common-stock-net,retained-earnings-accumulated-deficit,comprehensive-income,total-share-holder-equity,total-liabilities-share-holders-equity,net-income-loss,total-depreciation-amortization-cash-flow,other-non-cash-items,total-non-cash-items,change-in-accounts-receivable,change-in-inventories,change-in-accounts-payable,change-in-assets-liabilities,total-change-in-assets-liabilities,cash-flow-from-operating-activities,net-change-in-property-plant-equipment,net-change-in-intangible-assets,net-acquisitions-divestitures,net-change-in-short-term-investments,net-change-in-long-term-investments,net-change-in-investments-total,investing-activities-other,cash-flow-from-investing-activities,net-long-term-debt,net-current-debt,debt-issuance-retirement-net-total,net-common-equity-issued-repurchased,net-total-equity-issued-repurchased,total-common-preferred-stock-dividends-paid,financial-activities-other,cash-flow-from-financial-activities,net-cash-flow,stock-based-compensation,common-stock-dividends-paid
0,2018-09-30,36.78,$16.23,2.27,$8.76,4.2,$-3.59,0.0,$1.61,22.84,$0.02B,$0.04B,0.49,$0.11B,$0.15B,0.75,$0.08B,$0.08B,100.00%,$0.08B,$0.02B,23.46%,$0.08B,$0.02B,23.46%,$0.08B,$0.03B,38.27%,$0.08B,$0.02B,18.52%,$0.08B,$0.02B,18.52%,$0.02B,$0.15B,10.12%,$0.02B,$0.15B,10.12%,$0.02B,$0.52B,2.97%,$0.02B,$0.26B,7.44%,$22,$0,$22,$0,$12,$17,$5,$-1,$4,$0,$4,$4,$4,$8,$5,$9,9,$0.42,$0.42,$0,$1,$0,$18,$491,$0,$0,$0,$502,$521,$37,$112,$166,$333,$371,$9,$40,$0,$150,$521,$11,$8,$1,$9,$0,$0,$-4,$4,$1,$21,$-35,$0,$0,$0,$0,$0,$0,$-35,$6,$6,$12,$1,$1,$-7,$7,$13,$-1,$0,$-7
1,2018-06-30,38.52,$16.03,2.4,$8.81,4.37,$-2.39,0.0,$1.61,23.92,$0.02B,$0.04B,0.41,$0.11B,$0.15B,0.71,$0.08B,$0.08B,100.00%,$0.08B,$0.02B,23.46%,$0.08B,$0.02B,23.46%,$0.08B,$0.03B,38.27%,$0.08B,$0.02B,18.52%,$0.08B,$0.02B,18.52%,$0.02B,$0.15B,10.20%,$0.02B,$0.15B,10.20%,$0.02B,$0.51B,3.03%,$0.02B,$0.25B,7.53%,$20,$0,$20,$0,$11,$15,$5,$-1,$4,$0,$4,$4,$4,$8,$5,$9,9,$0.43,$0.42,$0,$1,$0,$16,$482,$0,$0,$0,$493,$509,$39,$105,$162,$321,$361,$9,$39,$0,$148,$509,$7,$5,$-1,$5,$-1,$0,$-4,$1,$1,$13,$-23,$0,$0,$0,$0,$0,$0,$-23,$-1,$10,$9,$1,$1,$-4,$4,$10,$-1,$0,$-4
2,2018-03-31,36.02,$16.08,2.24,$8.85,4.07,$-1.42,0.0,$1.54,23.39,$0.01B,$0.03B,0.47,$0.11B,$0.15B,0.71,$0.08B,$0.08B,100.00%,$0.08B,$0.02B,23.17%,$0.08B,$0.02B,23.17%,$0.08B,$0.03B,36.59%,$0.08B,$0.01B,17.07%,$0.08B,$0.01B,17.07%,$0.01B,$0.15B,9.61%,$0.01B,$0.15B,9.61%,$0.01B,$0.50B,2.89%,$0.02B,$0.25B,7.76%,$19,$0,$19,$0,$11,$15,$4,$-0,$3,$0,$3,$3,$3,$7,$4,$9,9,$0.38,$0.37,$0,$1,$0,$14,$471,$0,$0,$0,$483,$497,$30,$105,$159,$318,$349,$9,$39,$0,$148,$497,$3,$3,$-1,$2,$1,$0,$-4,$1,$0,$6,$-10,$0,$0,$0,$0,$0,$0,$-10,$-0,$5,$5,$0,$0,$-2,$0,$3,$-1,$0,$-2
3,2017-12-31,37.81,$15.91,2.38,$8.90,4.25,$-0.72,0.0,$1.51,25.04,$0.02B,$0.03B,0.67,$0.11B,$0.15B,0.72,$0.08B,$0.08B,100.00%,$0.08B,$0.02B,23.17%,$0.08B,$0.02B,23.17%,$0.08B,$0.03B,35.37%,$0.08B,$0.01B,17.07%,$0.08B,$0.01B,17.07%,$0.01B,$0.15B,9.74%,$0.01B,$0.15B,9.74%,$0.01B,$0.50B,2.95%,$0.02B,$0.25B,8.02%,$20,$0,$20,$0,$10,$15,$5,$-1,$4,$0,$4,$4,$4,$8,$5,$9,9,$0.40,$0.40,$1,$2,$0,$19,$464,$0,$0,$0,$476,$495,$28,$106,$159,$320,$348,$9,$38,$0,$147,$495,$14,$10,$8,$18,$-0,$0,$3,$1,$4,$36,$-41,$0,$0,$0,$0,$0,$0,$-41,$-1,$3,$1,$2,$2,$-8,$11,$6,$1,$0,$-8
4,2017-09-30,36.84,$15.73,2.34,$8.83,4.17,$0.02,1666.97,$1.41,26.13,$0.02B,$0.02B,0.71,$0.11B,$0.15B,0.73,$0.08B,$0.08B,100.00%,$0.08B,$0.02B,22.22%,$0.08B,$0.02B,22.22%,$0.08B,$0.03B,34.57%,$0.08B,$0.01B,16.05%,$0.08B,$0.01B,16.05%,$0.01B,$0.15B,9.17%,$0.01B,$0.15B,9.17%,$0.01B,$0.48B,2.80%,$0.02B,$0.25B,7.68%,$22,$0,$22,$0,$12,$17,$5,$-2,$4,$0,$4,$4,$4,$8,$5,$9,9,$0.43,$0.42,$0,$1,$0,$16,$452,$0,$0,$0,$463,$479,$23,$106,$130,$312,$335,$9,$36,$0,$145,$479,$10,$7,$6,$13,$1,$0,$0,$1,$2,$26,$-28,$0,$0,$0,$0,$0,$0,$-28,$-1,$0,$-1,$1,$1,$-6,$8,$3,$0,$0,$-6
5,2017-06-30,36.46,$15.52,2.35,$8.80,4.14,$0.52,70.06,$1.47,24.8,$0.01B,$0.04B,0.29,$0.08B,$0.14B,0.57,$0.08B,$0.08B,100.00%,$0.08B,$0.02B,23.46%,$0.08B,$0.02B,23.46%,$0.08B,$0.03B,34.57%,$0.08B,$0.01B,16.05%,$0.08B,$0.01B,16.05%,$0.01B,$0.14B,9.32%,$0.01B,$0.14B,9.32%,$0.01B,$0.47B,2.85%,$0.02B,$0.22B,8.22%,$21,$0,$21,$0,$11,$16,$5,$-2,$3,$0,$3,$3,$3,$7,$5,$9,9,$0.35,$0.35,$0,$2,$0,$13,$442,$0,$0,$0,$454,$467,$44,$81,$127,$280,$324,$9,$35,$0,$143,$467,$6,$5,$2,$7,$1,$-0,$-2,$0,$2,$16,$-17,$0,$0,$0,$0,$0,$0,$-17,$-1,$-1,$-1,$1,$1,$-4,$6,$1,$0,$0,$-4
6,2017-03-31,31.34,$15.36,2.04,$8.70,3.6,$0.79,39.83,$1.45,21.61,$0.01B,$0.04B,0.28,$0.08B,$0.14B,0.58,$0.08B,$0.08B,100.00%,$0.08B,$0.02B,24.05%,$0.08B,$0.02B,24.05%,$0.08B,$0.03B,35.44%,$0.08B,$0.01B,16.46%,$0.08B,$0.01B,16.46%,$0.01B,$0.14B,9.45%,$0.01B,$0.14B,9.45%,$0.01B,$0.46B,2.90%,$0.02B,$0.22B,8.09%,$19,$0,$19,$0,$11,$15,$4,$-1,$3,$0,$3,$3,$3,$6,$4,$9,9,$0.34,$0.34,$0,$2,$0,$12,$435,$0,$0,$0,$446,$458,$43,$82,$123,$275,$318,$9,$33,$0,$140,$458,$3,$2,$1,$4,$2,$-0,$-1,$1,$3,$10,$-8,$0,$0,$0,$0,$0,$0,$-8,$-0,$-2,$-3,$0,$0,$-2,$2,$-2,$-0,$0,$-2
7,2016-12-31,30.51,$15.23,2.0,$8.64,3.53,$0.81,37.48,$1.42,21.49,$0.02B,$0.02B,0.76,$0.10B,$0.14B,0.74,$0.08B,$0.08B,100.00%,$0.08B,$0.02B,24.36%,$0.08B,$0.02B,24.36%,$0.08B,$0.03B,35.90%,$0.08B,$0.01B,16.67%,$0.08B,$0.01B,16.67%,$0.01B,$0.14B,9.56%,$0.01B,$0.14B,9.56%,$0.01B,$0.45B,2.94%,$0.02B,$0.24B,7.97%,$19,$0,$19,$0,$10,$15,$4,$-2,$3,$0,$3,$3,$3,$7,$4,$9,9,$0.30,$0.29,$0,$2,$0,$15,$429,$0,$0,$0,$436,$451,$19,$102,$121,$293,$312,$9,$32,$0,$139,$451,$13,$9,$5,$15,$-0,$0,$1,$0,$2,$30,$-28,$0,$0,$0,$0,$0,$0,$-28,$-1,$-4,$-5,$2,$2,$-8,$10,$-2,$0,$0,$-8
8,2016-09-30,27.04,$14.91,1.81,$8.60,3.14,$1.50,18.05,$1.33,20.33,$0.02B,$0.02B,0.76,$0.10B,$0.14B,0.76,$0.08B,$0.08B,100.00%,$0.08B,$0.02B,24.36%,$0.08B,$0.02B,24.36%,$0.08B,$0.03B,34.62%,$0.08B,$0.01B,15.38%,$0.08B,$0.01B,15.38%,$0.01B,$0.14B,8.94%,$0.01B,$0.14B,8.94%,$0.01B,$0.45B,2.74%,$0.02B,$0.24B,8.01%,$22,$0,$22,$0,$11,$16,$6,$-2,$4,$0,$4,$4,$4,$8,$6,$9,9,$0.48,$0.48,$0,$2,$0,$16,$424,$0,$0,$0,$431,$447,$21,$103,$120,$290,$311,$9,$30,$0,$136,$447,$10,$7,$3,$10,$-1,$-0,$-1,$2,$1,$22,$-20,$0,$0,$0,$0,$0,$0,$-20,$-1,$-6,$-7,$1,$1,$-6,$10,$-2,$0,$0,$-6
9,2016-06-30,31.92,$14.87,2.15,$8.53,3.74,$1.98,16.12,$1.26,25.33,$0.01B,$0.02B,0.8,$0.10B,$0.14B,0.76,$0.08B,$0.08B,100.00%,$0.08B,$0.02B,23.38%,$0.08B,$0.02B,23.38%,$0.08B,$0.03B,35.06%,$0.08B,$0.01B,15.58%,$0.08B,$0.01B,15.58%,$0.01B,$0.14B,9.06%,$0.01B,$0.14B,9.06%,$0.01B,$0.44B,2.77%,$0.02B,$0.24B,7.63%,$19,$0,$19,$0,$10,$15,$5,$-2,$3,$0,$3,$3,$3,$7,$5,$9,9,$0.33,$0.33,$0,$2,$0,$14,$418,$0,$0,$0,$425,$439,$17,$103,$118,$286,$304,$9,$29,$0,$135,$439,$6,$5,$2,$6,$-2,$-0,$-1,$0,$1,$13,$-12,$0,$0,$0,$0,$0,$0,$-12,$-1,$-5,$-6,$1,$1,$-4,$8,$-1,$0,$0,$-4
10,2016-03-31,26.1,$14.72,1.77,$8.59,3.04,$2.46,10.6,$1.29,20.23,$0.01B,$0.02B,0.69,$0.10B,$0.13B,0.77,$0.08B,$0.08B,100.00%,$0.08B,$0.02B,23.08%,$0.08B,$0.02B,23.08%,$0.08B,$0.03B,34.62%,$0.08B,$0.01B,15.38%,$0.08B,$0.01B,15.38%,$0.01B,$0.13B,9.18%,$0.01B,$0.13B,9.18%,$0.01B,$0.43B,2.79%,$0.02B,$0.24B,7.68%,$18,$0,$18,$0,$10,$15,$4,$-1,$3,$0,$3,$3,$3,$6,$4,$9,9,$0.31,$0.31,$1,$2,$0,$12,$411,$0,$0,$0,$419,$431,$17,$103,$112,$280,$297,$9,$28,$0,$134,$431,$3,$2,$1,$3,$1,$-0,$-2,$0,$1,$7,$-4,$0,$0,$0,$0,$0,$0,$-4,$-0,$-4,$-4,$0,$0,$-2,$3,$-2,$0,$0,$-2
11,2015-12-31,25.66,$14.61,1.76,$8.58,2.99,$2.66,9.65,$1.26,20.36,$0.01B,$0.02B,0.65,$0.10B,$0.13B,0.78,$0.08B,$0.08B,100.00%,$0.08B,$0.02B,23.08%,$0.08B,$0.02B,23.08%,$0.08B,$0.03B,34.62%,$0.08B,$0.01B,15.38%,$0.08B,$0.01B,15.38%,$0.01B,$0.13B,9.36%,$0.01B,$0.13B,9.36%,$0.01B,$0.43B,2.81%,$0.02B,$0.24B,7.74%,$19,$0,$19,$0,$11,$15,$4,$-2,$2,$0,$2,$2,$2,$6,$4,$9,9,$0.21,$0.21,$0,$2,$0,$14,$410,$0,$0,$0,$417,$432,$22,$104,$109,$277,$299,$9,$28,$0,$132,$432,$11,$9,$5,$14,$-1,$0,$1,$2,$3,$28,$-21,$0,$0,$0,$0,$0,$0,$-21,$-1,$-8,$-9,$3,$3,$-8,$6,$-8,$-0,$0,$-8
12,2015-09-30,22.16,$14.35,1.54,$8.52,2.6,$1.21,18.31,$1.29,17.18,$0.02B,$0.03B,0.55,$0.10B,$0.13B,0.8,$0.08B,$0.08B,100.00%,$0.08B,$0.02B,23.38%,$0.08B,$0.02B,23.38%,$0.08B,$0.03B,35.06%,$0.08B,$0.01B,15.58%,$0.08B,$0.01B,15.58%,$0.01B,$0.13B,9.47%,$0.01B,$0.13B,9.47%,$0.01B,$0.43B,2.83%,$0.02B,$0.23B,7.78%,$21,$0,$21,$0,$11,$15,$5,$-2,$4,$0,$4,$4,$4,$8,$5,$9,9,$0.41,$0.41,$1,$2,$0,$15,$407,$0,$0,$0,$415,$430,$27,$104,$108,$273,$301,$9,$26,$0,$129,$430,$9,$7,$4,$11,$-2,$0,$-1,$2,$2,$22,$-16,$0,$0,$0,$0,$0,$0,$-16,$-1,$-6,$-7,$2,$2,$-6,$4,$-6,$0,$0,$-6
13,2015-06-30,19.17,$14.32,1.34,$8.41,2.28,$0.26,73.84,$1.25,15.34,$0.01B,$0.03B,0.54,$0.10B,$0.13B,0.82,$0.08B,$0.08B,100.00%,$0.08B,$0.02B,23.68%,$0.08B,$0.02B,23.68%,$0.08B,$0.03B,35.53%,$0.08B,$0.01B,14.47%,$0.08B,$0.01B,14.47%,$0.01B,$0.13B,8.78%,$0.01B,$0.13B,8.78%,$0.01B,$0.43B,2.61%,$0.02B,$0.23B,7.83%,$20,$0,$20,$0,$10,$15,$5,$-2,$3,$0,$3,$3,$3,$7,$5,$9,9,$0.36,$0.36,$0,$2,$0,$14,$403,$0,$0,$0,$411,$425,$26,$104,$106,$271,$297,$9,$26,$0,$128,$425,$6,$4,$2,$6,$-1,$0,$-1,$2,$3,$15,$-10,$0,$0,$0,$0,$0,$0,$-10,$-1,$-4,$-5,$0,$0,$-4,$3,$-5,$0,$0,$-4
14,2015-03-31,19.24,$13.96,1.38,$8.23,2.34,$-0.31,0.0,$1.11,17.34,$0.02B,$0.03B,0.51,$0.11B,$0.12B,0.84,$0.07B,$0.07B,100.00%,$0.07B,$0.02B,22.97%,$0.07B,$0.02B,22.97%,$0.07B,$0.03B,35.14%,$0.07B,$0.01B,13.51%,$0.07B,$0.01B,13.51%,$0.01B,$0.12B,8.06%,$0.01B,$0.12B,8.06%,$0.01B,$0.42B,2.40%,$0.02B,$0.23B,7.42%,$18,$0,$18,$0,$10,$14,$4,$-1,$3,$0,$3,$3,$3,$6,$4,$9,9,$0.28,$0.28,$0,$2,$0,$15,$399,$0,$0,$0,$407,$422,$28,$105,$105,$269,$297,$9,$23,$0,$124,$422,$3,$2,$1,$3,$-1,$0,$-0,$2,$2,$8,$-4,$0,$0,$0,$0,$0,$0,$-4,$-0,$-4,$-4,$0,$0,$-2,$2,$-4,$0,$0,$-2
15,2014-12-31,20.12,$14.09,1.43,$8.12,2.48,$-0.54,0.0,$1.06,18.98,$0.02B,$0.03B,0.55,$0.11B,$0.13B,0.84,$0.07B,$0.07B,100.00%,$0.07B,$0.02B,21.92%,$0.07B,$0.02B,21.92%,$0.07B,$0.03B,34.25%,$0.07B,$0.01B,12.33%,$0.07B,$0.01B,12.33%,$0.01B,$0.13B,7.27%,$0.01B,$0.13B,7.27%,$0.01B,$0.42B,2.18%,$0.02B,$0.23B,6.99%,$18,$0,$18,$0,$10,$14,$4,$-2,$2,$0,$2,$2,$2,$6,$4,$9,9,$0.24,$0.25,$0,$2,$0,$17,$398,$0,$0,$0,$406,$422,$30,$105,$104,$266,$297,$9,$24,$0,$126,$422,$10,$9,$7,$16,$0,$-0,$-0,$-2,$-7,$18,$-24,$0,$0,$0,$0,$0,$0,$-24,$-0,$8,$7,$2,$2,$-8,$4,$5,$-0,$0,$-8
16,2014-09-30,17.76,$13.84,1.28,$8.01,2.22,$0.03,567.56,$0.99,17.94,$0.01B,$0.03B,0.42,$0.11B,$0.12B,0.85,$0.07B,$0.07B,100.00%,$0.07B,$0.02B,20.83%,$0.07B,$0.02B,20.83%,$0.07B,$0.02B,33.33%,$0.07B,$0.01B,12.50%,$0.07B,$0.01B,12.50%,$0.01B,$0.12B,7.33%,$0.01B,$0.12B,7.33%,$0.01B,$0.42B,2.21%,$0.02B,$0.23B,6.58%,$20,$0,$20,$0,$10,$14,$5,$-2,$3,$0,$3,$3,$3,$8,$5,$9,9,$0.37,$0.37,$0,$2,$0,$14,$395,$0,$0,$0,$403,$417,$34,$105,$102,$260,$294,$9,$22,$0,$123,$417,$7,$7,$2,$9,$0,$-0,$-0,$-0,$1,$17,$-19,$0,$0,$0,$0,$0,$0,$-19,$-0,$4,$4,$1,$1,$-6,$2,$2,$-0,$0,$-6
17,2014-06-30,19.63,$13.88,1.41,$7.86,2.5,$0.41,47.52,$0.91,21.58,$0.01B,$0.03B,0.48,$0.11B,$0.12B,0.86,$0.07B,$0.07B,100.00%,$0.07B,$0.01B,20.00%,$0.07B,$0.01B,20.00%,$0.07B,$0.02B,31.43%,$0.07B,$0.01B,12.86%,$0.07B,$0.01B,12.86%,$0.01B,$0.12B,7.39%,$0.01B,$0.12B,7.39%,$0.01B,$0.41B,2.23%,$0.01B,$0.23B,6.16%,$18,$0,$18,$0,$11,$14,$4,$-2,$2,$0,$2,$2,$2,$6,$4,$9,9,$0.22,$0.22,$0,$2,$0,$12,$388,$0,$0,$0,$396,$408,$26,$105,$101,$259,$284,$9,$22,$0,$123,$408,$4,$4,$1,$5,$-0,$-0,$-1,$-1,$1,$10,$-10,$0,$0,$0,$0,$0,$0,$-10,$-0,$0,$0,$1,$1,$-4,$2,$-0,$-0,$0,$-4
18,2014-03-31,19.43,$13.85,1.4,$7.87,2.47,$0.47,41.52,$0.97,20.03,$0.01B,$0.02B,0.53,$0.11B,$0.12B,0.86,$0.07B,$0.07B,100.00%,$0.07B,$0.01B,20.00%,$0.07B,$0.01B,20.00%,$0.07B,$0.02B,31.43%,$0.07B,$0.01B,14.29%,$0.07B,$0.01B,14.29%,$0.01B,$0.12B,8.26%,$0.01B,$0.12B,8.26%,$0.01B,$0.40B,2.50%,$0.01B,$0.23B,6.18%,$17,$0,$17,$0,$10,$14,$3,$-1,$2,$0,$2,$2,$2,$5,$3,$9,9,$0.24,$0.23,$0,$2,$0,$12,$383,$0,$0,$0,$391,$403,$23,$105,$101,$258,$280,$9,$22,$0,$123,$403,$2,$2,$0,$2,$0,$-0,$-1,$0,$1,$5,$-3,$0,$0,$0,$0,$0,$0,$-3,$-0,$-2,$-2,$1,$1,$-2,$1,$-2,$0,$0,$-2
19,2013-12-31,19.66,$13.75,1.43,$7.82,2.51,$0.28,69.74,$0.93,21.14,$0.01B,$0.03B,0.52,$0.11B,$0.12B,0.87,$0.07B,$0.07B,100.00%,$0.07B,$0.01B,20.29%,$0.07B,$0.01B,20.29%,$0.07B,$0.02B,31.88%,$0.07B,$0.01B,14.49%,$0.07B,$0.01B,14.49%,$0.01B,$0.12B,8.33%,$0.01B,$0.12B,8.33%,$0.01B,$0.40B,2.51%,$0.01B,$0.23B,6.20%,$17,$0,$17,$0,$10,$14,$3,$-2,$2,$0,$2,$2,$2,$5,$3,$9,9,$0.17,$0.18,$0,$1,$0,$13,$383,$0,$0,$0,$391,$404,$26,$106,$100,$256,$282,$9,$22,$0,$122,$404,$8,$8,$4,$12,$0,$-0,$1,$-0,$1,$21,$-21,$0,$0,$0,$0,$0,$0,$-21,$-1,$-0,$-1,$2,$2,$-7,$6,$-0,$-0,$0,$-7
20,2013-09-30,18.89,$13.58,1.39,$7.86,2.4,$0.62,30.24,$0.96,19.67,$0.02B,$0.03B,0.56,$0.11B,$0.12B,0.89,$0.07B,$0.07B,100.00%,$0.07B,$0.01B,20.29%,$0.07B,$0.01B,20.29%,$0.07B,$0.02B,33.33%,$0.07B,$0.01B,14.49%,$0.07B,$0.01B,14.49%,$0.01B,$0.12B,8.40%,$0.01B,$0.12B,8.40%,$0.01B,$0.40B,2.53%,$0.01B,$0.23B,6.22%,$18,$0,$18,$0,$10,$14,$4,$-2,$3,$0,$3,$3,$3,$6,$4,$9,9,$0.30,$0.29,$1,$2,$0,$15,$378,$0,$0,$0,$386,$400,$26,$106,$100,$254,$281,$9,$21,$0,$119,$400,$7,$6,$2,$8,$-0,$-0,$0,$-0,$-0,$15,$-14,$0,$0,$0,$0,$0,$0,$-14,$-1,$-2,$-2,$2,$2,$-5,$5,$-1,$-0,$0,$-5
21,2013-06-30,18.74,$13.69,1.37,$7.99,2.35,$0.90,20.88,$1.00,18.74,$0.01B,$0.02B,0.56,$0.11B,$0.12B,0.88,$0.07B,$0.07B,100.00%,$0.07B,$0.01B,20.00%,$0.07B,$0.01B,20.00%,$0.07B,$0.02B,32.86%,$0.07B,$0.01B,14.29%,$0.07B,$0.01B,14.29%,$0.01B,$0.12B,8.46%,$0.01B,$0.12B,8.46%,$0.01B,$0.40B,2.55%,$0.01B,$0.23B,6.24%,$18,$0,$18,$0,$10,$14,$4,$-2,$3,$0,$3,$3,$3,$6,$4,$9,9,$0.29,$0.28,$1,$1,$0,$12,$375,$0,$0,$0,$382,$395,$22,$106,$98,$253,$274,$9,$22,$0,$120,$395,$4,$4,$1,$5,$0,$-0,$-2,$-0,$0,$9,$-9,$0,$0,$0,$0,$0,$0,$-9,$-0,$-2,$-2,$1,$1,$-4,$3,$-1,$-0,$0,$-4
22,2013-03-31,18.73,$13.57,1.38,$8.03,2.33,$1.25,14.92,$1.04,18.01,$0.01B,$0.02B,0.53,$0.11B,$0.12B,0.89,$0.07B,$0.07B,100.00%,$0.07B,$0.01B,20.00%,$0.07B,$0.01B,20.00%,$0.07B,$0.02B,32.86%,$0.07B,$0.01B,14.29%,$0.07B,$0.01B,14.29%,$0.01B,$0.12B,8.53%,$0.01B,$0.12B,8.53%,$0.01B,$0.39B,2.57%,$0.01B,$0.23B,6.27%,$16,$0,$16,$0,$10,$14,$3,$-1,$2,$0,$2,$2,$2,$5,$3,$9,9,$0.19,$0.19,$0,$2,$0,$13,$372,$0,$0,$0,$380,$393,$24,$106,$97,$250,$274,$9,$21,$0,$119,$393,$2,$2,$0,$2,$-0,$-0,$1,$-1,$1,$5,$-4,$0,$0,$0,$0,$0,$0,$-4,$-0,$-1,$-1,$1,$1,$-2,$1,$-1,$-0,$0,$-2
23,2012-12-31,18.52,$13.52,1.37,$8.11,2.29,$1.64,11.3,$1.14,16.25,$0.01B,$0.03B,0.54,$0.11B,$0.12B,0.9,$0.07B,$0.07B,100.00%,$0.07B,$0.02B,21.13%,$0.07B,$0.02B,21.13%,$0.07B,$0.02B,33.80%,$0.07B,$0.01B,15.49%,$0.07B,$0.01B,15.49%,$0.01B,$0.12B,9.48%,$0.01B,$0.12B,9.48%,$0.01B,$0.39B,2.86%,$0.02B,$0.22B,6.75%,$17,$0,$17,$0,$9,$13,$3,$-2,$2,$0,$2,$2,$2,$6,$3,$9,9,$0.20,$0.19,$1,$1,$0,$13,$371,$0,$0,$0,$378,$392,$25,$106,$95,$249,$274,$9,$21,$0,$118,$392,$10,$8,$4,$12,$-1,$0,$1,$0,$2,$23,$-21,$0,$0,$0,$0,$0,$0,$-21,$-1,$-1,$-2,$2,$2,$-7,$4,$-3,$0,$0,$-7
24,2012-09-30,19.02,$13.32,1.43,$8.13,2.34,$1.74,10.93,$1.14,16.68,$0.01B,$0.03B,0.51,$0.11B,$0.12B,0.91,$0.07B,$0.07B,100.00%,$0.07B,$0.02B,22.86%,$0.07B,$0.02B,22.86%,$0.07B,$0.02B,32.86%,$0.07B,$0.01B,15.71%,$0.07B,$0.01B,15.71%,$0.01B,$0.12B,9.59%,$0.01B,$0.12B,9.59%,$0.01B,$0.39B,2.88%,$0.02B,$0.22B,7.23%,$19,$0,$19,$0,$11,$15,$4,$-2,$3,$0,$3,$3,$3,$6,$4,$9,9,$0.33,$0.33,$1,$1,$0,$14,$367,$0,$0,$0,$375,$388,$27,$106,$94,$245,$273,$9,$19,$0,$116,$388,$8,$6,$3,$9,$-1,$0,$1,$1,$1,$18,$-15,$0,$0,$0,$0,$0,$0,$-15,$-1,$-1,$-2,$1,$1,$-5,$2,$-3,$0,$0,$-5
25,2012-06-30,17.48,$13.37,1.31,$8.03,2.18,$1.71,10.2,$1.07,16.33,$0.01B,$0.02B,0.48,$0.11B,$0.12B,0.92,$0.07B,$0.07B,100.00%,$0.07B,$0.02B,23.19%,$0.07B,$0.02B,23.19%,$0.07B,$0.02B,33.33%,$0.07B,$0.01B,14.49%,$0.07B,$0.01B,14.49%,$0.01B,$0.12B,8.81%,$0.01B,$0.12B,8.81%,$0.01B,$0.38B,2.64%,$0.02B,$0.22B,7.27%,$18,$0,$18,$0,$10,$14,$4,$-2,$3,$0,$3,$3,$3,$6,$4,$9,9,$0.32,$0.32,$0,$1,$0,$11,$363,$0,$0,$0,$371,$382,$23,$106,$92,$243,$266,$9,$20,$0,$116,$382,$5,$4,$2,$6,$0,$0,$0,$1,$3,$14,$-10,$0,$0,$0,$0,$0,$0,$-10,$-0,$-2,$-3,$1,$1,$-3,$1,$-4,$0,$0,$-3
26,2012-03-31,15.08,$13.24,1.14,$8.10,1.86,$1.77,8.54,$0.98,15.39,$0.01B,$0.02B,0.5,$0.11B,$0.11B,0.93,$0.07B,$0.07B,100.00%,$0.07B,$0.02B,23.53%,$0.07B,$0.02B,23.53%,$0.07B,$0.02B,32.35%,$0.07B,$0.01B,13.24%,$0.07B,$0.01B,13.24%,$0.01B,$0.11B,8.29%,$0.01B,$0.11B,8.29%,$0.01B,$0.38B,2.39%,$0.02B,$0.22B,7.44%,$17,$0,$17,$0,$9,$13,$4,$-1,$3,$0,$3,$3,$3,$6,$4,$9,9,$0.29,$0.29,$0,$1,$0,$11,$359,$0,$0,$0,$367,$378,$22,$106,$91,$241,$263,$9,$19,$0,$114,$378,$3,$2,$1,$3,$2,$0,$-0,$-0,$2,$8,$-4,$0,$0,$0,$0,$0,$0,$-4,$-0,$-3,$-3,$1,$1,$-2,$0,$-4,$0,$0,$-2
27,2011-12-31,14.97,$13.12,1.14,$8.09,1.85,$1.70,8.82,$0.82,18.25,$0.01B,$0.03B,0.54,$0.11B,$0.11B,0.94,$0.07B,$0.07B,100.00%,$0.07B,$0.01B,21.21%,$0.07B,$0.01B,21.21%,$0.07B,$0.02B,30.30%,$0.07B,$0.01B,10.61%,$0.07B,$0.01B,10.61%,$0.01B,$0.11B,6.75%,$0.01B,$0.11B,6.75%,$0.01B,$0.38B,1.87%,$0.01B,$0.22B,6.66%,$16,$0,$16,$0,$8,$13,$4,$-2,$2,$0,$2,$2,$2,$5,$4,$8,8,$0.21,$0.21,$0,$1,$0,$13,$358,$0,$0,$0,$365,$379,$25,$107,$92,$241,$266,$9,$18,$0,$113,$379,$7,$7,$4,$12,$0,$-0,$-1,$1,$1,$19,$-16,$0,$0,$0,$0,$0,$0,$-16,$2,$-18,$-16,$17,$17,$-6,$2,$-3,$0,$0,$-6
28,2011-09-30,13.77,$12.90,1.07,$8.22,1.68,$1.08,12.79,$0.79,17.43,$0.01B,$0.03B,0.51,$0.11B,$0.11B,0.96,$0.07B,$0.07B,100.00%,$0.07B,$0.01B,19.70%,$0.07B,$0.01B,19.70%,$0.07B,$0.02B,30.30%,$0.07B,$0.01B,9.09%,$0.07B,$0.01B,9.09%,$0.01B,$0.11B,6.05%,$0.01B,$0.11B,6.05%,$0.01B,$0.38B,1.61%,$0.01B,$0.22B,6.33%,$18,$0,$18,$0,$10,$13,$4,$-2,$2,$0,$2,$2,$2,$6,$4,$9,9,$0.26,$0.26,$0,$1,$0,$14,$355,$0,$0,$0,$362,$376,$27,$106,$91,$238,$265,$9,$16,$0,$111,$376,$5,$6,$3,$9,$0,$-0,$-1,$1,$-0,$14,$-11,$0,$0,$0,$0,$0,$0,$-11,$1,$-17,$-16,$17,$17,$-5,$1,$-3,$0,$0,$-5
29,2011-06-30,14.02,$12.47,1.12,$8.51,1.65,$0.92,15.25,$0.91,15.41,$0.01B,$0.04B,0.3,$0.11B,$0.10B,1.12,$0.07B,$0.07B,100.00%,$0.07B,$0.01B,21.21%,$0.07B,$0.01B,21.21%,$0.07B,$0.02B,30.30%,$0.07B,$0.01B,10.61%,$0.07B,$0.01B,10.61%,$0.01B,$0.10B,7.37%,$0.01B,$0.10B,7.37%,$0.01B,$0.37B,1.89%,$0.01B,$0.20B,6.97%,$17,$0,$17,$0,$10,$13,$4,$-2,$2,$0,$2,$2,$2,$5,$4,$8,8,$0.23,$0.23,$0,$1,$0,$11,$353,$0,$0,$0,$360,$372,$38,$107,$91,$238,$276,$8,$17,$0,$96,$372,$3,$4,$1,$5,$1,$-0,$-1,$1,$3,$10,$-7,$0,$0,$0,$0,$0,$0,$-7,$2,$-4,$-2,$1,$1,$-3,$0,$-4,$0,$0,$-3
30,2011-03-31,15.02,$12.42,1.21,$8.47,1.77,$0.91,16.45,$0.92,16.32,$0.01B,$0.04B,0.31,$0.11B,$0.10B,1.12,$0.07B,$0.07B,100.00%,$0.07B,$0.01B,21.54%,$0.07B,$0.01B,21.54%,$0.07B,$0.02B,30.77%,$0.07B,$0.01B,10.77%,$0.07B,$0.01B,10.77%,$0.01B,$0.10B,7.43%,$0.01B,$0.10B,7.43%,$0.01B,$0.37B,1.91%,$0.01B,$0.20B,7.01%,$15,$0,$15,$0,$10,$13,$2,$-1,$1,$0,$1,$1,$1,$4,$2,$8,8,$0.13,$0.13,$0,$1,$0,$12,$351,$0,$0,$0,$359,$370,$38,$107,$91,$237,$275,$8,$17,$0,$95,$370,$1,$2,$0,$2,$-0,$-0,$0,$2,$2,$6,$-3,$0,$0,$0,$0,$0,$0,$-3,$2,$-4,$-2,$0,$0,$-1,$0,$-3,$0,$0,$-1
31,2010-12-31,14.46,$12.46,1.16,$8.53,1.7,$0.92,15.73,$1.01,14.32,$0.01B,$0.04B,0.34,$0.11B,$0.10B,1.1,$0.07B,$0.07B,100.00%,$0.07B,$0.02B,23.08%,$0.07B,$0.02B,23.08%,$0.07B,$0.02B,32.31%,$0.07B,$0.01B,12.31%,$0.07B,$0.01B,12.31%,$0.01B,$0.10B,8.56%,$0.01B,$0.10B,8.56%,$0.01B,$0.37B,2.20%,$0.02B,$0.20B,7.56%,$16,$0,$16,$0,$9,$13,$3,$-2,$1,$0,$1,$1,$1,$5,$3,$8,8,$0.17,$0.16,$0,$1,$0,$14,$350,$0,$0,$0,$357,$372,$42,$105,$91,$234,$276,$8,$18,$0,$95,$372,$8,$7,$3,$11,$0,$-0,$-0,$-1,$0,$18,$-20,$0,$0,$0,$0,$0,$0,$-20,$-1,$4,$3,$2,$2,$-6,$2,$1,$-0,$0,$-6
32,2010-09-30,14.41,$12.46,1.16,$8.50,1.7,$0.58,24.73,$1.04,13.86,$0.01B,$0.04B,0.37,$0.11B,$0.09B,1.11,$0.07B,$0.07B,100.00%,$0.07B,$0.02B,23.08%,$0.07B,$0.02B,23.08%,$0.07B,$0.02B,32.31%,$0.07B,$0.01B,13.85%,$0.07B,$0.01B,13.85%,$0.01B,$0.09B,9.73%,$0.01B,$0.09B,9.73%,$0.01B,$0.37B,2.49%,$0.02B,$0.20B,7.59%,$18,$0,$18,$0,$10,$13,$5,$-2,$3,$0,$3,$3,$3,$6,$5,$8,8,$0.38,$0.38,$0,$1,$0,$14,$344,$0,$0,$0,$352,$366,$39,$105,$91,$233,$271,$8,$18,$0,$94,$366,$6,$5,$2,$8,$1,$-0,$-1,$-1,$-1,$13,$-12,$0,$0,$0,$0,$0,$0,$-12,$-1,$1,$-0,$1,$1,$-4,$2,$-2,$-0,$0,$-4
33,2010-06-30,13.81,$12.25,1.13,$8.29,1.67,$-0.26,0.0,$0.94,14.69,$0.01B,$0.03B,0.33,$0.11B,$0.09B,1.14,$0.06B,$0.06B,100.00%,$0.06B,$0.01B,22.22%,$0.06B,$0.01B,22.22%,$0.06B,$0.02B,33.33%,$0.06B,$0.01B,12.70%,$0.06B,$0.01B,12.70%,$0.01B,$0.09B,8.72%,$0.01B,$0.09B,8.72%,$0.01B,$0.36B,2.23%,$0.01B,$0.20B,7.10%,$16,$0,$16,$0,$9,$12,$4,$-2,$2,$0,$2,$2,$2,$5,$4,$8,8,$0.24,$0.24,$1,$1,$0,$11,$341,$0,$0,$0,$348,$360,$34,$106,$90,$233,$267,$8,$16,$0,$93,$360,$3,$3,$1,$4,$1,$-0,$-1,$1,$2,$10,$-6,$0,$0,$0,$0,$0,$0,$-6,$-0,$-2,$-3,$1,$1,$-3,$1,$-4,$0,$0,$-3
34,2010-03-31,13.07,$12.18,1.07,$8.24,1.59,$-1.10,0.0,$0.97,13.48,$0.01B,$0.03B,0.34,$0.11B,$0.09B,1.15,$0.06B,$0.06B,100.00%,$0.06B,$0.01B,22.58%,$0.06B,$0.01B,22.58%,$0.06B,$0.02B,33.87%,$0.06B,$0.01B,12.90%,$0.06B,$0.01B,12.90%,$0.01B,$0.09B,8.82%,$0.01B,$0.09B,8.82%,$0.01B,$0.36B,2.24%,$0.01B,$0.20B,7.12%,$15,$0,$15,$0,$9,$12,$3,$-1,$2,$0,$2,$2,$2,$5,$3,$8,8,$0.22,$0.22,$1,$1,$0,$12,$339,$0,$0,$0,$347,$358,$34,$106,$90,$232,$267,$8,$16,$0,$92,$358,$2,$2,$1,$2,$0,$-0,$-0,$1,$2,$6,$-3,$0,$0,$0,$0,$0,$0,$-3,$-0,$-2,$-2,$0,$0,$-1,$1,$-3,$0,$0,$-1
35,2009-12-31,13.41,$12.15,1.1,$8.12,1.65,$-1.53,0.0,$0.97,13.82,$0.01B,$0.04B,0.36,$0.11B,$0.09B,1.16,$0.06B,$0.06B,100.00%,$0.06B,$0.01B,22.95%,$0.06B,$0.01B,22.95%,$0.06B,$0.02B,32.79%,$0.06B,$0.01B,13.11%,$0.06B,$0.01B,13.11%,$0.01B,$0.09B,8.91%,$0.01B,$0.09B,8.91%,$0.01B,$0.36B,2.26%,$0.01B,$0.20B,7.12%,$16,$0,$16,$0,$9,$12,$3,$-2,$2,$0,$2,$2,$2,$5,$3,$7,8,$0.20,$0.20,$0,$1,$0,$13,$338,$0,$0,$0,$346,$359,$37,$106,$90,$231,$268,$8,$16,$0,$91,$359,$7,$7,$4,$11,$-1,$-0,$-1,$-1,$-5,$14,$-18,$0,$0,$0,$0,$0,$0,$-18,$-2,$5,$4,$1,$1,$-5,$2,$2,$-2,$0,$-5
36,2009-09-30,12.18,$12.12,1.01,$7.99,1.52,$-4.62,0.0,$0.94,12.96,$0.01B,$0.04B,0.37,$0.11B,$0.08B,1.28,$0.06B,$0.06B,100.00%,$0.06B,$0.01B,23.73%,$0.06B,$0.01B,23.73%,$0.06B,$0.02B,33.90%,$0.06B,$0.01B,11.86%,$0.06B,$0.01B,11.86%,$0.01B,$0.09B,7.87%,$0.01B,$0.09B,7.87%,$0.01B,$0.36B,1.99%,$0.01B,$0.20B,7.14%,$16,$0,$16,$0,$9,$12,$4,$-2,$2,$0,$2,$2,$2,$6,$4,$7,8,$0.28,$0.28,$1,$1,$0,$14,$335,$0,$0,$0,$343,$357,$38,$106,$88,$228,$266,$0,$15,$0,$91,$357,$6,$5,$3,$8,$-1,$-0,$-1,$-0,$-5,$8,$-13,$0,$0,$0,$0,$0,$0,$-13,$-1,$6,$5,$1,$1,$-4,$1,$3,$-2,$0,$-4
37,2009-06-30,11.41,$12.00,0.95,$7.95,1.44,$-7.59,0.0,$1.01,11.3,$0.01B,$0.03B,0.34,$0.11B,$0.09B,1.2,$0.06B,$0.06B,100.00%,$0.06B,$0.01B,23.73%,$0.06B,$0.01B,23.73%,$0.06B,$0.02B,32.20%,$0.06B,$0.01B,13.56%,$0.06B,$0.01B,13.56%,$0.01B,$0.09B,9.07%,$0.01B,$0.09B,9.07%,$0.01B,$0.35B,2.30%,$0.01B,$0.20B,7.29%,$15,$0,$15,$0,$9,$12,$4,$-2,$2,$0,$2,$2,$2,$5,$4,$7,7,$0.27,$0.27,$1,$1,$0,$11,$333,$0,$0,$0,$341,$352,$34,$107,$88,$229,$263,$7,$15,$0,$89,$352,$4,$3,$2,$6,$-0,$-0,$-1,$-1,$-3,$6,$-9,$0,$0,$0,$0,$0,$0,$-9,$-0,$2,$2,$1,$1,$-3,$1,$0,$-2,$0,$-3
38,2009-03-31,9.92,$11.91,0.83,$7.76,1.28,$-8.73,0.0,$0.95,10.44,$0.01B,$0.03B,0.34,$0.11B,$0.09B,1.21,$0.06B,$0.06B,100.00%,$0.06B,$0.01B,22.41%,$0.06B,$0.01B,22.41%,$0.06B,$0.02B,31.03%,$0.06B,$0.01B,13.79%,$0.06B,$0.01B,13.79%,$0.01B,$0.09B,9.20%,$0.01B,$0.09B,9.20%,$0.01B,$0.35B,2.36%,$0.01B,$0.20B,6.95%,$14,$0,$14,$0,$8,$11,$3,$-1,$2,$0,$2,$2,$2,$4,$3,$7,7,$0.22,$0.22,$1,$1,$0,$11,$329,$0,$0,$0,$337,$348,$32,$107,$88,$227,$260,$7,$14,$0,$88,$348,$2,$2,$1,$3,$-0,$-0,$0,$1,$-1,$3,$-3,$0,$0,$0,$0,$0,$0,$-3,$-0,$-1,$-1,$0,$0,$-1,$0,$-2,$-2,$0,$-1
39,2008-12-31,11.11,$11.86,0.94,$7.55,1.47,$-8.90,0.0,$0.86,12.92,$0.01B,$0.03B,0.39,$0.11B,$0.09B,1.23,$0.06B,$0.06B,100.00%,$0.06B,$0.01B,21.43%,$0.06B,$0.01B,21.43%,$0.06B,$0.02B,30.36%,$0.06B,$0.01B,12.50%,$0.06B,$0.01B,12.50%,$0.01B,$0.09B,8.12%,$0.01B,$0.09B,8.12%,$0.01B,$0.35B,2.13%,$0.01B,$0.20B,6.58%,$14,$0,$14,$0,$8,$11,$3,$-2,$1,$0,$1,$1,$1,$5,$3,$7,7,$0.17,$0.17,$3,$1,$0,$13,$328,$0,$0,$0,$335,$349,$34,$108,$88,$227,$261,$7,$14,$0,$88,$349,$6,$6,$4,$10,$1,$0,$1,$-2,$2,$18,$-45,$0,$-5,$0,$0,$0,$0,$-50,$16,$19,$34,$0,$0,$-5,$3,$32,$0,$0,$-5
40,2008-09-30,11.59,$11.86,0.98,$7.49,1.55,$-7.46,0.0,$0.83,13.96,$0.02B,$0.05B,0.33,$0.09B,$0.09B,1.06,$0.06B,$0.06B,100.00%,$0.06B,$0.01B,20.00%,$0.06B,$0.01B,20.00%,$0.06B,$0.02B,29.09%,$0.06B,$0.01B,12.73%,$0.06B,$0.01B,12.73%,$0.01B,$0.09B,8.19%,$0.01B,$0.09B,8.19%,$0.01B,$0.34B,2.23%,$0.01B,$0.18B,6.19%,$16,$0,$16,$0,$8,$12,$4,$-1,$3,$0,$3,$3,$3,$5,$4,$7,7,$0.35,$0.35,$3,$1,$0,$15,$320,$0,$0,$0,$328,$343,$45,$93,$87,$210,$255,$7,$14,$0,$88,$343,$5,$4,$3,$7,$1,$-0,$2,$-1,$3,$15,$-42,$0,$0,$0,$0,$0,$0,$-42,$-0,$28,$28,$1,$1,$-4,$2,$27,$0,$0,$-4
41,2008-06-30,12.58,$11.49,1.1,$7.41,1.7,$-5.25,0.0,$0.85,14.8,$0.01B,$0.02B,0.49,$0.09B,$0.08B,1.09,$0.05B,$0.05B,100.00%,$0.05B,$0.01B,20.37%,$0.05B,$0.01B,20.37%,$0.05B,$0.02B,29.63%,$0.05B,$0.01B,12.96%,$0.05B,$0.01B,12.96%,$0.01B,$0.08B,8.26%,$0.01B,$0.08B,8.26%,$0.01B,$0.32B,2.31%,$0.01B,$0.18B,6.22%,$14,$0,$14,$0,$9,$11,$3,$-1,$2,$0,$2,$2,$2,$4,$3,$7,7,$0.21,$0.21,$2,$1,$0,$12,$297,$0,$0,$0,$303,$315,$24,$92,$86,$206,$231,$7,$11,$0,$84,$315,$3,$3,$1,$4,$1,$0,$0,$-2,$2,$8,$-19,$0,$0,$0,$0,$0,$0,$-19,$-0,$11,$11,$1,$1,$-3,$1,$10,$-1,$0,$-3
42,2008-03-31,12.54,$11.64,1.08,$7.50,1.67,$-4.82,0.0,$0.83,15.11,$0.01B,$0.02B,0.84,$0.09B,$0.09B,1.08,$0.05B,$0.05B,100.00%,$0.05B,$0.01B,20.75%,$0.05B,$0.01B,20.75%,$0.05B,$0.02B,30.19%,$0.05B,$0.01B,11.32%,$0.05B,$0.01B,11.32%,$0.01B,$0.09B,7.14%,$0.01B,$0.09B,7.14%,$0.01B,$0.31B,2.03%,$0.01B,$0.18B,6.25%,$12,$0,$12,$0,$8,$10,$2,$-1,$1,$0,$1,$1,$1,$3,$2,$7,7,$0.14,$0.13,$3,$1,$0,$13,$286,$0,$0,$0,$292,$305,$16,$92,$85,$204,$220,$7,$12,$0,$85,$305,$1,$1,$1,$2,$1,$0,$1,$1,$3,$6,$-8,$0,$0,$0,$0,$0,$0,$-8,$-0,$2,$2,$0,$0,$-1,$1,$2,$1,$0,$-1
43,2007-12-31,12.69,$11.62,1.09,$7.69,1.65,$-4.97,0.0,$0.88,14.42,$0.01B,$0.01B,1.21,$0.09B,$0.09B,1.08,$0.05B,$0.05B,100.00%,$0.05B,$0.01B,20.75%,$0.05B,$0.01B,20.75%,$0.05B,$0.02B,30.19%,$0.05B,$0.01B,11.32%,$0.05B,$0.01B,11.32%,$0.01B,$0.09B,7.67%,$0.01B,$0.09B,7.67%,$0.01B,$0.30B,2.09%,$0.01B,$0.18B,6.46%,$13,$0,$13,$0,$8,$11,$2,$-1,$1,$0,$1,$1,$1,$4,$2,$7,7,$0.15,$0.16,$3,$1,$0,$14,$274,$0,$0,$0,$280,$295,$12,$92,$79,$198,$209,$7,$12,$0,$85,$295,$6,$5,$4,$9,$-2,$-0,$0,$-1,$-3,$12,$-27,$0,$0,$0,$0,$0,$0,$-27,$-0,$-7,$-8,$21,$21,$-4,$7,$16,$1,$0,$-4
44,2007-09-30,12.64,$11.68,1.08,$7.73,1.63,$-5.49,0.0,$0.91,13.89,$0.02B,$0.01B,1.62,$0.09B,$0.09B,1.08,$0.05B,$0.05B,100.00%,$0.05B,$0.01B,23.08%,$0.05B,$0.01B,23.08%,$0.05B,$0.02B,30.77%,$0.05B,$0.01B,11.54%,$0.05B,$0.01B,11.54%,$0.01B,$0.09B,8.28%,$0.01B,$0.09B,8.28%,$0.01B,$0.30B,2.14%,$0.01B,$0.18B,7.29%,$15,$0,$15,$0,$8,$11,$4,$-1,$3,$0,$3,$3,$3,$5,$4,$7,7,$0.38,$0.37,$9,$1,$0,$22,$268,$0,$0,$0,$274,$295,$14,$92,$79,$197,$210,$7,$13,$0,$85,$295,$5,$4,$3,$7,$-2,$-0,$-0,$-1,$-4,$8,$-19,$0,$0,$0,$0,$0,$0,$-19,$-0,$-6,$-6,$21,$21,$-3,$6,$18,$7,$0,$-3
45,2007-06-30,12.61,$11.13,1.13,$7.98,1.58,$-6.31,0.0,$0.96,13.14,$0.02B,$0.01B,1.65,$0.09B,$0.08B,1.14,$0.05B,$0.05B,100.00%,$0.05B,$0.01B,23.53%,$0.05B,$0.01B,23.53%,$0.05B,$0.02B,31.37%,$0.05B,$0.01B,11.76%,$0.05B,$0.01B,11.76%,$0.01B,$0.08B,9.02%,$0.01B,$0.08B,9.02%,$0.01B,$0.29B,2.19%,$0.01B,$0.17B,7.57%,$13,$0,$13,$0,$8,$10,$3,$-2,$1,$0,$1,$1,$1,$4,$3,$6,7,$0.20,$0.19,$7,$1,$0,$17,$262,$0,$0,$0,$268,$286,$11,$92,$77,$194,$205,$7,$11,$0,$81,$286,$2,$3,$2,$4,$-1,$-0,$-0,$-2,$-2,$5,$-12,$0,$0,$0,$0,$0,$0,$-12,$-0,$-8,$-8,$19,$19,$-2,$4,$13,$6,$0,$-2
46,2007-03-31,13.48,$10.17,1.33,$7.95,1.69,$-7.01,0.0,$0.99,13.61,$0.01B,$0.02B,0.52,$0.09B,$0.06B,1.48,$0.05B,$0.05B,100.00%,$0.05B,$0.01B,24.00%,$0.05B,$0.01B,24.00%,$0.05B,$0.02B,32.00%,$0.05B,$0.01B,12.00%,$0.05B,$0.01B,12.00%,$0.01B,$0.06B,9.84%,$0.01B,$0.06B,9.84%,$0.01B,$0.27B,2.24%,$0.01B,$0.15B,7.84%,$12,$0,$12,$0,$7,$9,$2,$-1,$1,$0,$1,$1,$1,$3,$2,$6,6,$0.19,$0.18,$3,$1,$0,$11,$257,$0,$0,$0,$263,$274,$21,$92,$74,$190,$212,$6,$11,$0,$62,$274,$1,$1,$1,$2,$-0,$0,$-1,$1,$-0,$3,$-5,$0,$0,$0,$0,$0,$0,$-5,$-0,$3,$3,$0,$0,$-1,$1,$3,$1,$0,$-1
47,2006-12-31,12.76,$10.11,1.26,$7.79,1.64,$-7.07,0.0,$0.97,13.15,$0.01B,$0.02B,0.53,$0.09B,$0.06B,1.49,$0.05B,$0.05B,100.00%,$0.05B,$0.01B,25.00%,$0.05B,$0.01B,25.00%,$0.05B,$0.02B,33.33%,$0.05B,$0.01B,12.50%,$0.05B,$0.01B,12.50%,$0.01B,$0.06B,10.00%,$0.01B,$0.06B,10.00%,$0.01B,$0.27B,2.30%,$0.01B,$0.15B,7.89%,$12,$0,$12,$0,$7,$9,$3,$-2,$1,$0,$1,$1,$1,$4,$3,$6,6,$0.18,$0.17,$1,$1,$0,$10,$253,$0,$0,$0,$259,$269,$19,$92,$73,$188,$208,$6,$11,$0,$62,$269,$6,$5,$2,$7,$1,$-0,$0,$-2,$-0,$13,$-30,$0,$0,$0,$0,$0,$0,$-29,$-0,$7,$6,$2,$2,$-4,$12,$17,$0,$0,$-4
