,Date,Stock Price,Book Value per Share,Price to Book Ratio,TTM Sales per Share,Price to Sales Ratio,TTM FCF per Share,Price to FCF Ratio,TTM Net EPS,PE Ratio,Current Assets,Current Liabilities,Current Ratio,Long Term Debt,Shareholder's Equity_x,Debt to Equity Ratio,TTM Revenue_x,TTM Gross Profit,Gross Margin,TTM Revenue_y,TTM Operating Income,Operating Margin,TTM Revenue_x,TTM EBIT,EBIT Margin,TTM Revenue_y,TTM EBITDA,EBITDA Margin,TTM Revenue_x,TTM Pre-Tax Income,Pre-Tax Margin,TTM Revenue_y,TTM Net Income_x,Net Margin,TTM Net Income_y,Shareholder's Equity_y,Return on Equity,TTM Net Income_x,Tangible Equity,Return on Tangible Equity,TTM Net Income_y,Total Assets,Return on Assets,TTM Net Income,LT Investments & Debt,Return on Investment,revenue,cost-goods-sold,gross-profit,research-development-expenses,selling-general-administrative-expenses,operating-expenses,operating-income,total-non-operating-income-expense,pre-tax-income,total-provision-income-taxes,income-after-taxes,income-from-continuous-operations,net-income,ebitda,ebit,basic-shares-outstanding,shares-outstanding,eps-basic-net-earnings-per-share,eps-earnings-per-share-diluted,cash-on-hand,inventory,other-current-assets,total-current-assets,net-property-plant-equipment,long-term-investments,goodwill-intangible-assets-total,other-long-term-assets,total-long-term-assets,total-assets,total-current-liabilities,long-term-debt,other-non-current-liabilities,total-long-term-liabilities,total-liabilities,common-stock-net,retained-earnings-accumulated-deficit,comprehensive-income,total-share-holder-equity,total-liabilities-share-holders-equity,net-income-loss,total-depreciation-amortization-cash-flow,other-non-cash-items,total-non-cash-items,change-in-accounts-receivable,change-in-inventories,change-in-accounts-payable,change-in-assets-liabilities,total-change-in-assets-liabilities,cash-flow-from-operating-activities,net-change-in-property-plant-equipment,net-change-in-intangible-assets,net-acquisitions-divestitures,net-change-in-short-term-investments,net-change-in-long-term-investments,net-change-in-investments-total,investing-activities-other,cash-flow-from-investing-activities,net-long-term-debt,net-current-debt,debt-issuance-retirement-net-total,net-common-equity-issued-repurchased,net-total-equity-issued-repurchased,total-common-preferred-stock-dividends-paid,financial-activities-other,cash-flow-from-financial-activities,net-cash-flow,stock-based-compensation,common-stock-dividends-paid
0,2018-06-30,13.6,$1.16,11.74,$0.18,75.2,$-1.51,0.0,$-0.68,0.0,$0.06B,$0.01B,8.68,$0.00B,$0.10B,0.02,$0.02B,$0.02B,100.00%,$0.02B,$-0.06B,-366.67%,$0.02B,$-0.06B,-366.67%,$0.02B,$-0.05B,-340.00%,$0.02B,$-0.06B,-366.67%,$0.02B,$-0.06B,-366.67%,$-0.06B,$0.10B,-59.95%,$-0.06B,$0.08B,-76.66%,$-0.06B,$0.11B,-50.93%,$-0.06B,$0.10B,-58.67%,$1,$0,$1,$12,$5,$17,$-16,$0,$-16,$0,$-16,$-16,$-16,$-15,$-16,$88,88,$-0.18,$-0.18,$60,$0,$0,$62,$14,$18,$19,$0,$51,$113,$7,$2,$0,$4,$11,$0,$-477,$-0,$102,$113,$-44,$4,$5,$9,$0,$0,$-2,$-4,$-10,$-45,$-1,$0,$0,$-10,$0,$-10,$0,$-11,$-0,$0,$-0,$59,$59,$0,$-0,$58,$3,$6,$0
1,2018-03-31,7.21,$1.30,5.55,$0.30,24.24,$-1.30,0.0,$-0.57,0.0,$0.09B,$0.01B,10.16,$0.00B,$0.11B,0.02,$0.02B,$0.02B,100.00%,$0.02B,$-0.05B,-195.65%,$0.02B,$-0.05B,-195.65%,$0.02B,$-0.04B,-178.26%,$0.02B,$-0.05B,-195.65%,$0.02B,$-0.05B,-195.65%,$-0.05B,$0.11B,-50.70%,$-0.05B,$0.09B,-65.93%,$-0.05B,$0.13B,-41.47%,$-0.05B,$0.12B,-49.59%,$1,$0,$1,$12,$4,$16,$-15,$0,$-15,$0,$-15,$-15,$-15,$-14,$-15,$84,84,$-0.18,$-0.18,$92,$0,$0,$93,$15,$0,$20,$0,$34,$127,$9,$2,$0,$4,$13,$0,$-461,$0,$114,$127,$-28,$3,$3,$6,$0,$0,$-2,$-3,$-8,$-30,$-1,$0,$0,$19,$0,$19,$0,$18,$-0,$0,$-0,$57,$57,$0,$-0,$57,$45,$4,$0
2,2017-12-31,3.68,$0.94,3.93,$0.41,8.97,$-1.08,0.0,$-0.47,0.0,$0.05B,$0.01B,3.87,$0.00B,$0.07B,0.03,$0.03B,$0.03B,100.00%,$0.03B,$-0.04B,-116.13%,$0.03B,$-0.04B,-116.13%,$0.03B,$-0.03B,-103.23%,$0.03B,$-0.04B,-116.13%,$0.03B,$-0.04B,-116.13%,$-0.04B,$0.07B,-43.11%,$-0.04B,$0.05B,-57.37%,$-0.04B,$0.09B,-33.18%,$-0.04B,$0.07B,-41.98%,$4,$0,$4,$8,$8,$17,$-14,$1,$-13,$0,$-13,$-13,$-13,$-13,$-14,$75,75,$-0.18,$-0.18,$51,$0,$2,$53,$15,$0,$20,$0,$35,$88,$14,$2,$0,$4,$18,$0,$-446,$0,$70,$88,$-13,$1,$2,$3,$-0,$0,$2,$-3,$-4,$-15,$-0,$0,$0,$1,$0,$1,$0,$1,$-0,$0,$-0,$0,$0,$0,$0,$0,$-13,$2,$0
3,2017-09-30,4.33,$1.08,4.0,$0.42,10.2,$-0.81,0.0,$-0.46,0.0,$0.07B,$0.02B,3.63,$0.00B,$0.08B,0.03,$0.03B,$0.03B,100.00%,$0.03B,$-0.04B,-119.35%,$0.03B,$-0.04B,-119.35%,$0.03B,$-0.03B,-106.45%,$0.03B,$-0.04B,-112.90%,$0.03B,$-0.04B,-112.90%,$-0.04B,$0.08B,-38.78%,$-0.04B,$0.06B,-50.72%,$-0.04B,$0.10B,-28.57%,$-0.04B,$0.08B,-39.89%,$9,$0,$9,$-0,$16,$19,$-10,$-0,$-11,$0,$-11,$-11,$-11,$-9,$-10,$74,74,$-0.15,$-0.15,$66,$0,$1,$68,$16,$0,$20,$0,$36,$104,$19,$2,$0,$4,$23,$0,$-433,$0,$81,$104,$-34,$5,$7,$12,$0,$0,$-4,$3,$-1,$-24,$-8,$0,$0,$-41,$0,$-41,$0,$-49,$0,$-0,$-0,$13,$13,$0,$-0,$12,$-61,$8,$0
4,2017-06-30,1.62,$1.20,1.35,$0.31,5.28,$-1.50,0.0,$-0.66,0.0,$0.08B,$0.02B,3.83,$0.00B,$0.09B,0.03,$0.02B,$0.02B,100.00%,$0.02B,$-0.05B,-222.73%,$0.02B,$-0.05B,-222.73%,$0.02B,$-0.05B,-204.55%,$0.02B,$-0.05B,-209.09%,$0.02B,$-0.05B,-209.09%,$-0.05B,$0.09B,-49.07%,$-0.05B,$0.07B,-63.67%,$-0.05B,$0.12B,-35.80%,$-0.05B,$0.09B,-50.78%,$9,$0,$9,$11,$4,$15,$-6,$0,$-6,$0,$-6,$-6,$-6,$-5,$-6,$75,75,$-0.07,$-0.07,$75,$0,$1,$78,$16,$0,$21,$0,$37,$115,$20,$2,$0,$5,$26,$0,$-422,$-0,$90,$115,$-24,$3,$4,$8,$-1,$0,$-4,$12,$1,$-15,$-8,$0,$0,$-37,$0,$-37,$0,$-44,$-0,$0,$-0,$13,$13,$0,$-0,$12,$-47,$6,$0
5,2017-03-31,1.85,$1.25,1.48,$0.18,10.13,$-2.12,0.0,$-0.91,0.0,$0.09B,$0.03B,3.26,$0.00B,$0.09B,0.03,$0.01B,$0.01B,100.00%,$0.01B,$-0.06B,-476.92%,$0.01B,$-0.06B,-476.92%,$0.01B,$-0.06B,-453.85%,$0.01B,$-0.06B,-453.85%,$0.01B,$-0.06B,-453.85%,$-0.06B,$0.09B,-68.60%,$-0.06B,$0.07B,-92.19%,$-0.06B,$0.13B,-48.66%,$-0.06B,$0.10B,-69.66%,$9,$0,$9,$11,$4,$15,$-6,$0,$-6,$0,$-6,$-6,$-6,$-5,$-6,$75,75,$-0.08,$-0.08,$87,$0,$2,$90,$16,$0,$21,$0,$37,$127,$28,$2,$0,$6,$34,$0,$-417,$-0,$93,$127,$-18,$2,$3,$5,$-1,$0,$-5,$20,$9,$-4,$-7,$0,$0,$-25,$0,$-25,$0,$-31,$-0,$0,$-0,$13,$13,$0,$-0,$12,$-24,$4,$0
6,2016-12-31,1.55,$1.31,1.19,$0.06,24.6,$-2.59,0.0,$-1.18,0.0,$0.11B,$0.04B,2.87,$0.00B,$0.10B,0.03,$0.00B,$0.00B,100.00%,$0.00B,$-0.08B,-1925.00%,$0.00B,$-0.08B,-1925.00%,$0.00B,$-0.07B,-1850.00%,$0.00B,$-0.07B,-1850.00%,$0.00B,$-0.07B,-1850.00%,$-0.07B,$0.10B,-91.08%,$-0.07B,$0.08B,-126.50%,$-0.07B,$0.14B,-65.34%,$-0.08B,$0.10B,-92.22%,$4,$0,$4,$10,$9,$19,$-15,$3,$-12,$0,$-12,$-12,$-12,$-14,$-15,$71,71,$-0.17,$-0.17,$102,$0,$3,$106,$16,$0,$22,$0,$38,$144,$37,$2,$0,$10,$47,$0,$-411,$-0,$97,$144,$-12,$1,$1,$2,$0,$0,$-5,$26,$20,$10,$-5,$0,$0,$0,$0,$0,$0,$-5,$-0,$0,$-0,$13,$13,$0,$-0,$12,$17,$2,$0
7,2016-09-30,7.35,$1.36,5.39,$0.00,0.0,$-3.01,0.0,$-1.33,0.0,$0.09B,$0.03B,3.53,$0.00B,$0.10B,0.03,$0.00B,0,nan%,$0.00B,$-0.08B,inf%,$0.00B,$-0.08B,inf%,$0.00B,$-0.08B,inf%,$0.00B,$-0.08B,inf%,$0.00B,$-0.08B,inf%,$-0.08B,$0.10B,-101.25%,$-0.08B,$0.07B,-142.73%,$-0.08B,$0.13B,-77.14%,$-0.08B,$0.10B,-99.08%,$0,$0,$0,$12,$13,$22,$-22,$-0,$-22,$0,$-22,$-22,$-22,$-21,$-22,$61,61,$-0.35,$-0.35,$85,$0,$4,$91,$15,$0,$22,$0,$38,$128,$26,$3,$0,$8,$33,$0,$-398,$0,$95,$128,$-82,$3,$8,$12,$-0,$0,$3,$4,$6,$-64,$-4,$0,$0,$17,$0,$17,$0,$13,$0,$-0,$-0,$56,$56,$0,$-1,$55,$4,$12,$0
8,2016-06-30,5.32,$0.98,5.41,$0.00,0.0,$-3.07,0.0,$-1.41,0.0,$0.05B,$0.02B,3.34,$0.00B,$0.06B,0.05,$0.00B,0,nan%,$0.00B,$-0.08B,inf%,$0.00B,$-0.08B,inf%,$0.00B,$-0.08B,inf%,$0.00B,$-0.08B,inf%,$0.00B,$-0.08B,inf%,$-0.08B,$0.06B,-100.30%,$-0.08B,$0.04B,-140.59%,$-0.08B,$0.09B,-79.25%,$-0.08B,$0.06B,-99.12%,$0,$0,$0,$9,$9,$19,$-19,$-0,$-19,$0,$-19,$-19,$-19,$-19,$-19,$60,60,$-0.32,$-0.32,$45,$0,$2,$50,$12,$0,$24,$0,$36,$86,$15,$3,$6,$11,$26,$0,$-376,$-0,$59,$86,$-60,$3,$7,$10,$0,$0,$1,$-1,$-5,$-54,$-1,$0,$0,$16,$0,$16,$0,$15,$-0,$0,$-0,$2,$2,$0,$-1,$1,$-38,$8,$0
9,2016-03-31,4.82,$1.23,3.91,$0.00,0.0,$-3.07,0.0,$-1.36,0.0,$0.07B,$0.01B,4.71,$0.00B,$0.07B,0.01,$0.00B,0,nan%,$0.00B,$-0.08B,inf%,$0.00B,$-0.08B,inf%,$0.00B,$-0.08B,inf%,$0.00B,$-0.08B,inf%,$0.00B,$-0.08B,inf%,$-0.08B,$0.07B,-79.61%,$-0.08B,$0.05B,-105.19%,$-0.08B,$0.10B,-67.08%,$-0.08B,$0.07B,-79.41%,$0,$0,$0,$10,$10,$21,$-21,$0,$-21,$0,$-21,$-21,$-21,$-20,$-21,$60,60,$-0.35,$-0.35,$61,$0,$1,$66,$4,$0,$24,$0,$28,$95,$14,$0,$6,$7,$21,$0,$-357,$0,$74,$95,$-40,$2,$4,$6,$-0,$0,$3,$-0,$-2,$-36,$-1,$0,$0,$6,$0,$6,$0,$6,$-0,$0,$-0,$0,$0,$0,$-1,$-1,$-31,$5,$0
10,2015-12-31,6.15,$1.55,3.97,$0.00,0.0,$-3.21,0.0,$-1.52,0.0,$0.08B,$0.01B,6.68,$0.00B,$0.09B,0.01,$0.00B,0,nan%,$0.00B,$-0.09B,inf%,$0.00B,$-0.09B,inf%,$0.00B,$-0.09B,inf%,$0.00B,$-0.09B,inf%,$0.00B,$-0.09B,inf%,$-0.09B,$0.09B,-74.63%,$-0.09B,$0.07B,-94.68%,$-0.09B,$0.11B,-64.73%,$-0.09B,$0.09B,-75.16%,$0,$0,$0,$10,$8,$19,$-19,$0,$-19,$0,$-19,$-19,$-19,$-18,$-19,$60,60,$-0.32,$-0.32,$77,$0,$2,$82,$5,$0,$24,$0,$29,$111,$12,$0,$6,$7,$19,$0,$-336,$-0,$92,$111,$-19,$1,$2,$3,$-1,$0,$0,$-0,$-5,$-21,$-0,$0,$0,$3,$0,$3,$0,$3,$-0,$0,$-0,$0,$0,$0,$-0,$-0,$-19,$2,$0
11,2015-09-30,5.74,$1.84,3.12,$0.01,0.0,$-3.30,0.0,$-1.61,0.0,$0.10B,$0.02B,6.47,$0.00B,$0.11B,0.01,$0.00B,0,nan%,$0.00B,$-0.10B,inf%,$0.00B,$-0.10B,inf%,$0.00B,$-0.09B,inf%,$0.00B,$-0.09B,inf%,$0.00B,$-0.09B,inf%,$-0.09B,$0.11B,-70.06%,$-0.09B,$0.09B,-82.12%,$-0.09B,$0.13B,-61.90%,$-0.10B,$0.11B,-72.18%,$0,$0,$0,$10,$12,$25,$-25,$0,$-25,$0,$-25,$-25,$-25,$-24,$-25,$57,57,$-0.41,$-0.41,$99,$0,$1,$103,$5,$0,$25,$0,$29,$132,$16,$1,$6,$7,$23,$0,$-317,$-0,$110,$132,$-92,$3,$19,$23,$0,$0,$2,$-4,$3,$-66,$-2,$0,$-10,$26,$0,$26,$0,$14,$0,$-0,$-0,$1,$1,$0,$0,$0,$-51,$10,$0
12,2015-06-30,7.15,$2.20,3.25,$0.01,0.0,$-2.91,0.0,$-1.61,0.0,$0.12B,$0.01B,12.03,$0.00B,$0.13B,0.01,$0.00B,0,nan%,$0.00B,$-0.09B,inf%,$0.00B,$-0.09B,inf%,$0.00B,$-0.09B,inf%,$0.00B,$-0.09B,inf%,$0.00B,$-0.09B,inf%,$-0.09B,$0.13B,-61.33%,$-0.09B,$0.11B,-67.54%,$-0.09B,$0.15B,-55.21%,$-0.09B,$0.13B,-63.16%,$0,$0,$0,$7,$8,$16,$-16,$0,$-16,$0,$-16,$-16,$-16,$-15,$-16,$59,59,$-0.27,$-0.27,$111,$0,$1,$115,$4,$1,$25,$0,$31,$145,$10,$1,$4,$5,$14,$0,$-292,$-0,$131,$145,$-67,$2,$14,$17,$0,$0,$2,$-3,$-3,$-54,$-1,$0,$-10,$19,$0,$19,$0,$8,$-0,$0,$-0,$0,$0,$0,$0,$0,$-45,$7,$0
13,2015-03-31,6.77,$2.43,2.79,$0.01,0.0,$-2.48,0.0,$-1.56,0.0,$0.12B,$0.01B,9.1,$0.00B,$0.14B,0.01,$0.00B,0,nan%,$0.00B,$-0.09B,inf%,$0.00B,$-0.09B,inf%,$0.00B,$-0.09B,inf%,$0.00B,$-0.09B,inf%,$0.00B,$-0.09B,inf%,$-0.09B,$0.14B,-53.58%,$-0.09B,$0.12B,-56.30%,$-0.09B,$0.16B,-48.86%,$-0.09B,$0.15B,-55.81%,$0,$0,$0,$12,$7,$30,$-30,$1,$-29,$0,$-29,$-29,$-29,$-29,$-30,$56,56,$-0.51,$-0.51,$116,$0,$0,$120,$4,$12,$26,$0,$42,$162,$13,$1,$4,$5,$18,$0,$-276,$-0,$144,$162,$-51,$1,$12,$13,$0,$0,$2,$-3,$-3,$-41,$-1,$0,$-7,$12,$0,$12,$0,$4,$-0,$0,$-0,$0,$0,$0,$0,$0,$-36,$4,$0
14,2014-12-31,7.38,$2.66,2.77,$0.01,0.0,$-2.09,0.0,$-1.36,0.0,$0.13B,$0.01B,11.5,$0.00B,$0.15B,0.01,$0.00B,0,nan%,$0.00B,$-0.07B,inf%,$0.00B,$-0.07B,inf%,$0.00B,$-0.07B,inf%,$0.00B,$-0.07B,inf%,$0.00B,$-0.07B,inf%,$-0.07B,$0.15B,-41.28%,$-0.07B,$0.15B,-41.83%,$-0.07B,$0.16B,-38.12%,$-0.07B,$0.15B,-41.16%,$0,$0,$0,$18,$7,$25,$-25,$3,$-23,$0,$-23,$-23,$-23,$-24,$-25,$55,55,$-0.41,$-0.41,$128,$0,$0,$132,$4,$18,$1,$7,$30,$162,$11,$1,$4,$5,$16,$0,$-247,$0,$146,$162,$-23,$1,$-0,$0,$-0,$0,$3,$-4,$-2,$-24,$-1,$0,$-7,$3,$0,$3,$0,$-5,$-0,$0,$-0,$0,$0,$0,$0,$0,$-29,$2,$0
15,2014-09-30,14.77,$3.04,4.86,$0.00,0.0,$-1.82,0.0,$-1.23,0.0,$0.16B,$0.01B,13.07,$0.00B,$0.17B,0.01,$0.00B,0,nan%,$0.00B,$-0.05B,inf%,$0.00B,$-0.05B,inf%,$0.00B,$-0.05B,inf%,$0.00B,$-0.06B,inf%,$0.00B,$-0.06B,inf%,$-0.06B,$0.17B,-37.88%,$-0.06B,$0.17B,-38.56%,$-0.06B,$0.18B,-34.91%,$-0.05B,$0.17B,-33.87%,$0,$0,$0,$8,$9,$22,$-22,$-0,$-22,$0,$-22,$-22,$-22,$-22,$-22,$47,47,$-0.44,$-0.44,$154,$0,$0,$155,$4,$23,$1,$0,$28,$183,$12,$1,$4,$5,$17,$0,$-225,$0,$166,$183,$-59,$2,$16,$18,$0,$0,$1,$0,$5,$-35,$-2,$0,$0,$-35,$0,$-35,$0,$-36,$-0,$0,$-0,$186,$186,$0,$0,$185,$113,$6,$0
16,2014-06-30,14.31,$3.51,4.07,$0.00,0.0,$-1.83,0.0,$-0.81,0.0,$0.16B,$0.01B,19.81,$0.00B,$0.19B,0.0,$0.00B,0,nan%,$0.00B,$-0.04B,inf%,$0.00B,$-0.04B,inf%,$0.00B,$-0.04B,inf%,$0.00B,$-0.05B,inf%,$0.00B,$-0.05B,inf%,$-0.05B,$0.19B,-42.24%,$-0.05B,$0.18B,-43.50%,$-0.05B,$0.20B,-38.49%,$-0.04B,$0.19B,-32.10%,$0,$0,$0,$6,$6,$13,$-13,$1,$-12,$0,$-12,$-12,$-12,$-12,$-13,$52,52,$-0.22,$-0.22,$162,$0,$1,$163,$4,$26,$3,$0,$33,$197,$8,$1,$2,$3,$11,$0,$-202,$0,$186,$197,$-36,$1,$9,$11,$-0,$0,$1,$-0,$1,$-24,$-1,$0,$0,$-40,$0,$-40,$0,$-41,$-0,$0,$-0,$185,$185,$0,$0,$185,$119,$4,$0
17,2014-03-31,16.42,$3.65,4.49,$0.01,0.0,$-1.86,0.0,$-0.82,0.0,$0.16B,$0.01B,15.45,$0.00B,$0.19B,0.01,$0.00B,0,nan%,$0.00B,$-0.03B,inf%,$0.00B,$-0.03B,inf%,$0.00B,$-0.03B,inf%,$0.00B,$-0.05B,inf%,$0.00B,$-0.05B,inf%,$-0.05B,$0.19B,-54.55%,$-0.05B,$0.19B,-56.96%,$-0.05B,$0.20B,-48.13%,$-0.03B,$0.19B,-38.44%,$0,$0,$0,$5,$6,$11,$-11,$-3,$-14,$0,$-14,$-14,$-14,$-11,$-11,$44,44,$-0.31,$-0.31,$161,$0,$1,$162,$3,$34,$3,$0,$41,$203,$10,$1,$2,$3,$13,$0,$-191,$0,$190,$203,$-25,$1,$8,$9,$-1,$0,$1,$-0,$1,$-15,$-1,$0,$0,$-41,$0,$-41,$0,$-42,$-0,$0,$-0,$181,$181,$0,$0,$180,$124,$2,$0
18,2013-12-31,10.85,$2.07,5.23,$0.01,0.0,$-2.02,0.0,$-0.92,0.0,$0.08B,$0.01B,8.47,$0.00B,$0.08B,0.01,$0.00B,0,nan%,$0.00B,$-0.03B,inf%,$0.00B,$-0.03B,inf%,$0.00B,$-0.03B,inf%,$0.00B,$-0.04B,inf%,$0.00B,$-0.04B,inf%,$-0.04B,$0.08B,-105.56%,$-0.04B,$0.08B,-117.83%,$-0.04B,$0.09B,-83.06%,$-0.03B,$0.08B,-70.27%,$0,$0,$0,$3,$4,$7,$-7,$-4,$-11,$0,$-11,$-11,$-11,$-7,$-7,$38,38,$-0.28,$-0.28,$76,$0,$0,$76,$3,$0,$3,$10,$16,$93,$9,$1,$2,$3,$12,$0,$-177,$0,$81,$93,$-11,$0,$4,$4,$-0,$0,$-1,$-0,$-1,$-7,$-0,$0,$0,$-15,$0,$-15,$0,$-15,$-0,$0,$-0,$63,$63,$0,$0,$63,$41,$1,$0
19,2013-09-30,5.69,$0.79,7.18,$0.02,326.51,$-2.09,0.0,$-0.97,0.0,$0.03B,$0.01B,3.31,$0.00B,$0.03B,0.04,$0.00B,0,nan%,$0.00B,$-0.02B,inf%,$0.00B,$-0.02B,inf%,$0.00B,$-0.02B,inf%,$0.00B,$-0.03B,inf%,$0.00B,$-0.03B,inf%,$-0.03B,$0.03B,-180.28%,$-0.03B,$0.02B,-237.04%,$-0.03B,$0.04B,-121.90%,$-0.02B,$0.03B,-128.00%,$0,$0,$0,$3,$3,$8,$-8,$-6,$-14,$0,$-14,$-14,$-14,$-8,$-8,$24,24,$-0.33,$-0.33,$28,$0,$0,$29,$4,$2,$3,$0,$8,$37,$9,$1,$2,$3,$12,$0,$-166,$0,$26,$37,$-31,$2,$10,$12,$-0,$0,$0,$-0,$0,$-19,$-0,$0,$0,$-9,$0,$-9,$0,$-10,$-0,$0,$-0,$45,$45,$0,$0,$44,$16,$2,$0
20,2013-06-30,2.0,$1.06,1.88,$0.02,102.37,$-2.68,0.0,$-1.40,0.0,$0.03B,$0.01B,5.15,$0.00B,$0.03B,0.04,$0.00B,0,nan%,$0.00B,$-0.02B,inf%,$0.00B,$-0.02B,inf%,$0.00B,$-0.02B,inf%,$0.00B,$-0.02B,inf%,$0.00B,$-0.02B,inf%,$-0.02B,$0.03B,-170.37%,$-0.02B,$0.03B,-255.56%,$-0.02B,$0.04B,-108.24%,$-0.02B,$0.03B,-142.37%,$0,$0,$0,$2,$3,$6,$-6,$0,$-6,$0,$-6,$-6,$-6,$-6,$-6,$26,26,$-0.23,$-0.23,$33,$0,$0,$34,$4,$0,$3,$0,$7,$41,$7,$1,$0,$2,$8,$0,$-152,$0,$33,$41,$-17,$1,$3,$4,$0,$0,$0,$-1,$-0,$-14,$-0,$0,$0,$-3,$0,$-3,$0,$-3,$-0,$0,$-0,$42,$42,$0,$0,$42,$26,$1,$0
21,2013-03-31,2.18,$0.22,9.88,$0.02,98.54,$-3.15,0.0,$-1.88,0.0,$0.00B,$0.01B,0.52,$0.00B,$0.00B,0.33,$0.00B,0,nan%,$0.00B,$-0.02B,inf%,$0.00B,$-0.02B,inf%,$0.00B,$-0.02B,inf%,$0.00B,$-0.03B,inf%,$0.00B,$-0.03B,inf%,$-0.03B,$0.00B,-344.83%,$-0.03B,$-0.00B,-1000.00%,$-0.03B,$0.01B,-166.67%,$-0.02B,$0.01B,-244.44%,$0,$0,$0,$2,$3,$5,$-5,$-2,$-7,$0,$-7,$-7,$-7,$-5,$-5,$16,16,$-0.41,$-0.41,$3,$0,$0,$4,$4,$0,$5,$0,$9,$12,$7,$1,$0,$1,$9,$0,$-146,$0,$4,$12,$-11,$1,$2,$3,$0,$0,$-0,$0,$0,$-8,$0,$0,$0,$0,$1,$1,$0,$1,$-0,$0,$-0,$7,$7,$0,$0,$7,$-0,$1,$0
22,2012-12-31,2.14,$0.49,4.4,$0.02,95.54,$-3.32,0.0,$-1.97,0.0,$0.01B,$0.01B,1.0,$0.00B,$0.01B,0.17,$0.00B,0,nan%,$0.00B,$-0.02B,inf%,$0.00B,$-0.02B,inf%,$0.00B,$-0.02B,inf%,$0.00B,$-0.03B,inf%,$0.00B,$-0.02B,inf%,$-0.02B,$0.01B,-248.65%,$-0.02B,$0.00B,-460.00%,$-0.02B,$0.02B,-135.29%,$-0.02B,$0.01B,-195.56%,$0,$0,$0,$2,$3,$5,$-5,$0,$-5,$0,$-5,$-5,$-5,$-4,$-5,$14,14,$-0.33,$-0.33,$3,$0,$0,$6,$4,$0,$5,$0,$9,$15,$6,$1,$0,$2,$8,$0,$-140,$0,$8,$15,$-5,$0,$0,$1,$-0,$0,$-0,$0,$0,$-4,$0,$0,$0,$0,$0,$0,$0,$0,$-0,$0,$-0,$3,$3,$0,$0,$3,$-0,$0,$0
23,2012-09-30,2.62,$0.65,4.04,$0.01,194.02,$-3.33,0.0,$-1.89,0.0,$0.01B,$0.01B,1.23,$0.00B,$0.01B,0.24,$0.00B,0,nan%,$0.00B,$-0.02B,inf%,$0.00B,$-0.02B,inf%,$0.00B,$-0.02B,inf%,$0.00B,$-0.02B,inf%,$0.00B,$-0.02B,inf%,$-0.02B,$0.01B,-177.78%,$-0.02B,$0.00B,-266.67%,$-0.02B,$0.02B,-105.26%,$-0.02B,$0.01B,-155.56%,$0,$0,$0,$2,$3,$5,$-5,$-0,$-6,$0,$-6,$-6,$-5,$-5,$-5,$11,11,$-0.44,$-0.44,$3,$0,$0,$7,$5,$0,$5,$0,$10,$17,$5,$2,$0,$2,$8,$0,$-135,$0,$9,$17,$-21,$2,$4,$6,$-1,$0,$0,$1,$0,$-15,$-0,$0,$0,$1,$0,$1,$0,$0,$-0,$0,$-0,$11,$11,$0,$0,$11,$-4,$1,$0
24,2012-06-30,3.84,$0.75,5.14,$0.01,0.0,$-3.00,0.0,$-1.85,0.0,$0.01B,$0.01B,1.02,$0.00B,$0.01B,0.25,$0.00B,0,nan%,$0.00B,$-0.02B,inf%,$0.00B,$-0.02B,inf%,$0.00B,$-0.02B,inf%,$0.00B,$-0.02B,inf%,$0.00B,$-0.02B,inf%,$-0.02B,$0.01B,-146.94%,$-0.02B,$0.00B,-194.59%,$-0.02B,$0.02B,-96.00%,$-0.02B,$0.01B,-135.71%,$0,$0,$0,$1,$5,$7,$-7,$-1,$-8,$0,$-8,$-8,$-8,$-6,$-7,$11,11,$-0.71,$-0.71,$2,$0,$0,$6,$5,$0,$5,$0,$11,$16,$6,$2,$0,$2,$8,$0,$-130,$0,$8,$16,$-16,$1,$1,$2,$1,$0,$0,$1,$3,$-11,$-0,$0,$0,$0,$1,$1,$0,$0,$-0,$0,$-0,$5,$5,$0,$0,$5,$-5,$1,$0
25,2012-03-31,6.38,$1.07,5.96,$0.01,0.0,$-2.85,0.0,$-1.44,0.0,$0.01B,$0.01B,1.38,$0.00B,$0.01B,0.19,$0.00B,0,nan%,$0.00B,$-0.01B,inf%,$0.00B,$-0.01B,inf%,$0.00B,$-0.01B,inf%,$0.00B,$-0.01B,inf%,$0.00B,$-0.01B,inf%,$-0.01B,$0.01B,-92.31%,$-0.01B,$0.01B,-114.29%,$-0.01B,$0.02B,-66.67%,$-0.01B,$0.01B,-100.00%,$0,$0,$0,$1,$3,$5,$-5,$-1,$-6,$0,$-6,$-6,$-5,$-4,$-5,$11,11,$-0.50,$-0.50,$4,$0,$0,$9,$7,$2,$3,$0,$11,$20,$6,$2,$0,$2,$9,$0,$-122,$0,$12,$20,$-8,$1,$-1,$0,$-1,$0,$0,$1,$1,$-7,$-0,$0,$0,$0,$1,$1,$0,$0,$-0,$0,$-0,$3,$3,$0,$0,$3,$-4,$0,$0
26,2011-12-31,4.19,$1.50,2.8,$0.00,0.0,$-2.82,0.0,$-0.54,0.0,$0.01B,$0.01B,1.81,$0.00B,$0.02B,0.14,$0.00B,0,nan%,$0.00B,$-0.01B,inf%,$0.00B,$-0.01B,inf%,$0.00B,$-0.01B,inf%,$0.00B,$-0.01B,inf%,$0.00B,$-0.00B,inf%,$-0.00B,$0.02B,-30.77%,$-0.00B,$0.01B,-37.21%,$-0.00B,$0.02B,-23.88%,$-0.01B,$0.02B,-80.00%,$0,$0,$0,$1,$3,$4,$-4,$1,$-3,$0,$-3,$-3,$-2,$-4,$-4,$10,10,$-0.25,$-0.25,$7,$0,$0,$9,$7,$2,$3,$0,$14,$23,$5,$2,$0,$2,$7,$0,$-116,$0,$16,$23,$-2,$0,$-1,$-1,$-0,$0,$0,$0,$1,$-3,$-0,$0,$0,$0,$1,$1,$0,$1,$-0,$0,$-0,$1,$1,$0,$0,$1,$-1,$0,$0
27,2011-09-30,3.9,$1.45,2.68,$0.04,94.42,$-2.66,0.0,$-0.49,0.0,$0.01B,$0.00B,3.82,$0.00B,$0.01B,0.05,$0.00B,0,nan%,$0.00B,$-0.01B,inf%,$0.00B,$-0.01B,inf%,$0.00B,$-0.01B,inf%,$0.00B,$-0.01B,inf%,$0.00B,$-0.00B,inf%,$-0.00B,$0.01B,-27.91%,$-0.00B,$0.01B,-34.29%,$-0.00B,$0.02B,-20.34%,$-0.01B,$0.01B,-90.91%,$0,$0,$0,$1,$2,$3,$-3,$-0,$-3,$0,$-3,$-3,$-3,$-3,$-3,$7,7,$-0.39,$-0.36,$8,$0,$0,$10,$0,$2,$2,$0,$6,$16,$3,$1,$0,$1,$3,$0,$-114,$0,$13,$16,$-3,$0,$-5,$-5,$-1,$0,$0,$0,$0,$-8,$-0,$0,$0,$0,$2,$2,$-2,$-0,$0,$0,$0,$6,$6,$0,$0,$6,$1,$2,$0
28,2011-06-30,5.1,$1.47,3.46,$0.04,123.54,$-2.38,0.0,$-0.40,0.0,$0.01B,$0.00B,3.26,$0.00B,$0.01B,0.05,$0.00B,0,nan%,$0.00B,$-0.01B,inf%,$0.00B,$-0.01B,inf%,$0.00B,$-0.01B,inf%,$0.00B,$-0.01B,inf%,$0.00B,$-0.00B,inf%,$-0.00B,$0.01B,-21.05%,$-0.00B,$0.01B,-26.67%,$-0.00B,$0.01B,-14.55%,$-0.01B,$0.01B,-82.05%,$0,$0,$0,$0,$1,$2,$-2,$-0,$-2,$0,$-2,$-2,$-2,$-2,$-2,$7,7,$-0.25,$-0.25,$5,$0,$0,$7,$0,$2,$2,$0,$6,$13,$2,$1,$0,$1,$3,$0,$-111,$0,$11,$13,$-0,$0,$-5,$-5,$-0,$0,$0,$0,$-0,$-6,$-0,$0,$0,$0,$1,$1,$-2,$-1,$2,$0,$2,$0,$0,$0,$0,$2,$-3,$1,$0
29,2011-03-31,7.5,$1.70,4.41,$0.04,181.81,$-2.04,0.0,$-0.20,0.0,$0.01B,$0.00B,3.44,$0.00B,$0.01B,0.04,$0.00B,0,nan%,$0.00B,$-0.01B,inf%,$0.00B,$-0.01B,inf%,$0.00B,$-0.01B,inf%,$0.00B,$-0.01B,inf%,$0.00B,0,nan%,$0.00B,$0.01B,0.00%,$0.00B,$0.01B,0.00%,$0.00B,$0.02B,0.00%,$-0.01B,$0.01B,-75.68%,$0,$0,$0,$0,$2,$2,$-2,$1,$-1,$0,$-1,$-1,$3,$-2,$-2,$7,8,$0.40,$0.37,$7,$0,$0,$9,$0,$2,$2,$1,$7,$15,$2,$1,$0,$1,$3,$0,$-109,$0,$12,$15,$1,$0,$-6,$-6,$-0,$0,$-0,$-0,$-1,$-5,$-0,$0,$0,$0,$1,$1,$-2,$-1,$0,$0,$0,$2,$2,$0,$0,$2,$-2,$1,$0
30,2010-12-31,8.95,$1.01,8.82,$0.04,216.96,$-1.78,0.0,$-0.90,0.0,$0.01B,$0.01B,1.4,$0.00B,$0.01B,0.0,$0.00B,0,nan%,$0.00B,$-0.01B,inf%,$0.00B,$-0.01B,inf%,$0.00B,$-0.01B,inf%,$0.00B,$-0.01B,inf%,$0.00B,$-0.01B,inf%,$-0.01B,$0.01B,-68.97%,$-0.01B,$0.01B,-95.24%,$-0.01B,$0.02B,-40.00%,$-0.01B,$0.01B,-82.76%,$0,$0,$0,$2,$1,$4,$-3,$1,$-3,$0,$-3,$-3,$-1,$-3,$-3,$7,7,$-0.20,$-0.20,$5,$0,$0,$11,$0,$2,$2,$0,$4,$15,$8,$0,$0,$0,$8,$0,$-112,$0,$7,$15,$-1,$0,$-2,$-1,$0,$0,$2,$0,$2,$-1,$0,$0,$0,$0,$0,$0,$0,$0,$0,$0,$0,$0,$0,$0,$0,$0,$-1,$0,$0
31,2010-09-30,10.5,$1.13,9.32,$0.03,415.81,$-1.93,0.0,$-1.00,0.0,$0.01B,$0.00B,1.9,$0.00B,$0.01B,0.0,$0.00B,0,nan%,$0.00B,$-0.01B,inf%,$0.00B,$-0.01B,inf%,$0.00B,$-0.01B,inf%,$0.00B,$-0.00B,inf%,$0.00B,$-0.01B,inf%,$-0.01B,$0.01B,-82.76%,$-0.01B,$0.01B,-120.00%,$-0.01B,$0.01B,-54.55%,$-0.01B,$0.01B,-68.97%,$0,$0,$0,$-0,$1,$1,$-1,$0,$-1,$0,$-1,$-1,$-2,$-1,$-1,$6,6,$-0.20,$-0.20,$7,$0,$0,$8,$0,$2,$2,$0,$4,$12,$4,$0,$0,$0,$4,$0,$-111,$0,$8,$12,$-6,$0,$1,$2,$-1,$0,$-0,$0,$-1,$-5,$0,$0,$0,$0,$0,$0,$0,$0,$0,$0,$0,$12,$12,$0,$0,$12,$5,$1,$0
32,2010-06-30,11.0,$1.33,8.25,$0.07,164.71,$-4.48,0.0,$-1.30,0.0,$0.01B,$0.01B,1.97,$0.00B,$0.01B,0.0,$0.00B,0,nan%,$0.00B,$-0.01B,inf%,$0.00B,$-0.01B,inf%,$0.00B,$-0.01B,inf%,$0.00B,$-0.01B,inf%,$0.00B,$-0.01B,inf%,$-0.01B,$0.01B,-107.69%,$-0.01B,$0.01B,-175.00%,$-0.01B,$0.02B,-70.00%,$-0.01B,$0.01B,-107.69%,$0,$0,$0,$0,$1,$1,$-1,$1,$0,$0,$0,$0,$-0,$-1,$-1,$6,6,$-0.10,$-0.10,$9,$0,$0,$10,$0,$2,$2,$0,$4,$15,$5,$0,$0,$0,$5,$0,$-109,$0,$9,$15,$-4,$0,$1,$1,$-1,$0,$0,$0,$-0,$-3,$0,$0,$0,$0,$0,$0,$0,$0,$0,$0,$0,$12,$12,$0,$0,$12,$7,$1,$0
33,2010-03-31,11.4,$0.86,13.3,$0.67,16.91,$-6.91,0.0,$-1.80,0.0,$0.00B,$0.00B,1.31,$0.00B,$0.01B,0.0,$0.00B,$0.00B,100.00%,$0.00B,$-0.01B,-266.67%,$0.00B,$-0.01B,-266.67%,$0.00B,$-0.01B,-266.67%,$0.00B,$-0.01B,-300.00%,$0.00B,$-0.01B,-333.33%,$-0.01B,$0.01B,-190.48%,$-0.01B,$0.00B,-363.64%,$-0.01B,$0.01B,-121.21%,$-0.01B,$0.01B,-145.45%,$0,$0,$0,$0,$1,$1,$-1,$-0,$-1,$0,$-1,$-1,$-2,$-1,$-1,$6,6,$-0.30,$-0.30,$3,$0,$0,$3,$0,$2,$2,$0,$5,$8,$2,$0,$0,$0,$2,$0,$-108,$0,$5,$8,$-3,$0,$1,$1,$-0,$0,$0,$0,$-0,$-2,$0,$0,$0,$0,$0,$0,$0,$0,$0,$0,$0,$4,$4,$0,$0,$4,$1,$1,$0
34,2009-12-31,5.3,$1.04,5.08,$0.73,7.27,$-9.15,0.0,$-2.70,0.0,$0.00B,$0.00B,1.61,$0.00B,$0.01B,0.0,$0.00B,$0.00B,100.00%,$0.00B,$-0.01B,-400.00%,$0.00B,$-0.01B,-400.00%,$0.00B,$-0.01B,-400.00%,$0.00B,$-0.01B,-433.33%,$0.00B,$-0.01B,-433.33%,$-0.01B,$0.01B,-288.89%,$-0.01B,$0.00B,-650.00%,$-0.01B,$0.01B,-148.57%,$-0.01B,$0.01B,-218.18%,$0,$0,$0,$0,$2,$2,$-2,$-0,$-2,$0,$-2,$-2,$-2,$-2,$-2,$6,6,$-0.30,$-0.30,$4,$0,$0,$4,$0,$2,$2,$0,$5,$9,$3,$0,$0,$0,$3,$0,$-107,$0,$7,$9,$-2,$0,$-0,$0,$0,$0,$-0,$0,$0,$-2,$0,$0,$0,$0,$0,$0,$0,$0,$-0,$0,$-0,$3,$3,$0,$0,$3,$2,$0,$0
35,2009-09-30,6.65,$0.86,7.72,$0.87,7.67,$-10.44,0.0,$-4.30,0.0,$0.00B,$0.00B,1.06,$0.00B,$0.01B,0.1,$0.00B,$0.00B,100.00%,$0.00B,$-0.02B,-475.00%,$0.00B,$-0.02B,-475.00%,$0.00B,$-0.02B,-450.00%,$0.00B,$-0.02B,-475.00%,$0.00B,$-0.02B,-475.00%,$-0.02B,$0.01B,-422.22%,$-0.02B,$0.00B,-950.00%,$-0.02B,$0.01B,-185.37%,$-0.02B,$0.01B,-304.00%,$0,$0,$0,$1,$3,$4,$-3,$0,$-3,$0,$-3,$-3,$-3,$-3,$-3,$5,5,$-0.60,$-0.60,$2,$0,$0,$2,$1,$2,$2,$0,$5,$8,$2,$1,$0,$1,$3,$0,$-105,$0,$5,$8,$-19,$1,$4,$5,$-0,$0,$-0,$0,$-1,$-15,$0,$0,$0,$0,$1,$1,$0,$1,$4,$0,$4,$3,$3,$0,$0,$6,$-8,$3,$0
36,2009-06-30,4.4,$0.91,4.82,$0.81,5.43,$-14.32,0.0,$-5.80,0.0,$0.00B,$0.00B,0.81,$0.00B,$0.00B,0.16,$0.00B,$0.00B,100.00%,$0.00B,$-0.03B,-700.00%,$0.00B,$-0.03B,-700.00%,$0.00B,$-0.03B,-650.00%,$0.00B,$-0.03B,-700.00%,$0.00B,$-0.03B,-625.00%,$-0.03B,$0.00B,-400.00%,$-0.03B,$0.00B,-625.00%,$-0.03B,$0.01B,-200.00%,$-0.03B,$0.01B,-339.39%,$3,$0,$3,$3,$2,$5,$-2,$-0,$-3,$0,$-3,$-3,$-3,$-2,$-2,$4,4,$-0.60,$-0.60,$2,$0,$0,$3,$1,$2,$3,$0,$5,$8,$3,$1,$0,$1,$4,$0,$-101,$0,$4,$8,$-16,$1,$3,$4,$-0,$0,$0,$-1,$-1,$-13,$0,$0,$0,$0,$1,$1,$0,$1,$2,$0,$2,$2,$2,$0,$0,$4,$-8,$4,$0
37,2009-03-31,5.6,$0.56,9.99,$0.26,21.24,$-16.47,0.0,$-7.10,0.0,$0.00B,$0.00B,0.94,$0.00B,$0.00B,6.93,$0.00B,$0.00B,100.00%,$0.00B,$-0.04B,-3600.00%,$0.00B,$-0.04B,-3600.00%,$0.00B,$-0.03B,-3400.00%,$0.00B,$-0.04B,-3500.00%,$0.00B,$-0.03B,-3000.00%,$-0.03B,$0.00B,-352.94%,$-0.03B,$0.00B,-500.00%,$-0.03B,$0.01B,-196.72%,$-0.04B,$0.01B,-351.22%,$0,$0,$0,$2,$3,$5,$-5,$-0,$-5,$0,$-5,$-5,$-5,$-5,$-5,$4,4,$-1.20,$-1.20,$4,$0,$0,$4,$1,$2,$3,$0,$6,$10,$4,$3,$1,$3,$8,$0,$-99,$0,$2,$10,$-13,$1,$1,$1,$-0,$0,$1,$-0,$1,$-11,$0,$0,$0,$0,$1,$1,$0,$1,$2,$0,$2,$2,$2,$0,$0,$4,$-7,$1,$0
38,2008-12-31,9.2,$1.63,5.64,$0.40,23.25,$-16.92,0.0,$-7.40,0.0,$0.01B,$0.01B,1.86,$0.00B,$0.01B,0.61,$0.00B,$0.00B,100.00%,$0.00B,$-0.04B,-1900.00%,$0.00B,$-0.04B,-1900.00%,$0.00B,$-0.04B,-1800.00%,$0.00B,$-0.04B,-1850.00%,$0.00B,$-0.03B,-1550.00%,$-0.03B,$0.01B,-243.14%,$-0.03B,$0.00B,-310.00%,$-0.03B,$0.02B,-163.16%,$-0.04B,$0.01B,-276.36%,$1,$0,$1,$4,$5,$9,$-9,$1,$-8,$0,$-8,$-8,$-8,$-8,$-9,$4,4,$-1.90,$-1.90,$8,$0,$0,$9,$1,$2,$3,$0,$6,$15,$5,$3,$1,$4,$8,$0,$-94,$0,$7,$15,$-8,$0,$0,$0,$-0,$0,$1,$0,$1,$-7,$-0,$0,$0,$0,$1,$1,$0,$1,$2,$0,$2,$1,$1,$0,$0,$4,$-2,$1,$0
39,2008-09-30,10.4,$2.87,3.63,$0.34,30.9,$-16.91,0.0,$-6.90,0.0,$0.01B,$0.00B,2.83,$0.00B,$0.01B,0.06,$0.00B,$0.00B,100.00%,$0.00B,$-0.04B,-3600.00%,$0.00B,$-0.04B,-3600.00%,$0.00B,$-0.03B,-3400.00%,$0.00B,$-0.04B,-3500.00%,$0.00B,$-0.03B,-2800.00%,$-0.03B,$0.01B,-164.71%,$-0.03B,$0.01B,-196.49%,$-0.03B,$0.02B,-121.74%,$-0.04B,$0.01B,-208.70%,$-0,$0,$-0,$5,$5,$11,$-12,$-0,$-12,$0,$-12,$-9,$-9,$-11,$-12,$4,4,$-2.10,$-2.10,$10,$0,$0,$11,$1,$2,$3,$0,$7,$17,$4,$1,$1,$1,$5,$0,$-85,$0,$12,$17,$-27,$1,$-1,$-0,$0,$0,$-0,$0,$-0,$-28,$-1,$0,$0,$0,$-2,$-2,$0,$-3,$9,$0,$9,$7,$7,$0,$0,$16,$-14,$3,$0
40,2008-06-30,24.9,$3.36,7.4,$0.51,48.54,$-16.56,0.0,$-6.80,0.0,$0.02B,$0.00B,5.69,$0.00B,$0.01B,0.0,$0.00B,$0.00B,100.00%,$0.00B,$-0.03B,-1600.00%,$0.00B,$-0.03B,-1600.00%,$0.00B,$-0.03B,-1500.00%,$0.00B,$-0.03B,-1500.00%,$0.00B,$-0.03B,-1350.00%,$-0.03B,$0.01B,-131.71%,$-0.03B,$0.01B,-154.29%,$-0.03B,$0.02B,-102.86%,$-0.03B,$0.01B,-156.10%,$0,$0,$0,$4,$6,$10,$-10,$0,$-10,$0,$-10,$-8,$-8,$-10,$-10,$4,4,$-1.90,$-1.90,$14,$0,$0,$15,$1,$0,$3,$0,$5,$19,$3,$0,$1,$3,$6,$0,$-77,$0,$13,$19,$-18,$1,$-2,$-1,$0,$0,$-0,$0,$0,$-19,$-1,$0,$0,$0,$0,$0,$0,$-0,$0,$0,$0,$9,$9,$0,$0,$9,$-10,$3,$0
41,2008-03-31,28.3,$4.92,5.75,$0.62,45.39,$-16.41,0.0,$-8.30,0.0,$0.02B,$0.00B,8.96,$0.00B,$0.02B,0.0,$0.00B,$0.00B,66.67%,$0.00B,$-0.04B,-1300.00%,$0.00B,$-0.04B,-1300.00%,$0.00B,$-0.04B,-1233.33%,$0.00B,$-0.04B,-1233.33%,$0.00B,$-0.03B,-1033.33%,$-0.03B,$0.02B,-121.57%,$-0.03B,$0.02B,-137.78%,$-0.03B,$0.03B,-100.81%,$-0.04B,$0.02B,-152.94%,$1,$0,$1,$2,$5,$8,$-7,$0,$-7,$0,$-7,$-5,$-6,$-7,$-7,$4,4,$-1.50,$-1.50,$20,$0,$0,$21,$1,$0,$3,$0,$4,$25,$2,$0,$1,$3,$6,$0,$-69,$0,$19,$25,$-11,$1,$-1,$-0,$-0,$0,$-0,$0,$-0,$-12,$-0,$0,$7,$0,$0,$0,$0,$7,$0,$0,$0,$0,$0,$0,$0,$0,$-5,$2,$0
42,2007-12-31,37.8,$6.14,6.16,$0.44,86.83,$-16.81,0.0,$-8.60,0.0,$0.03B,$0.00B,11.48,$0.00B,$0.02B,0.0,$0.00B,$0.00B,50.00%,$0.00B,$-0.04B,-1950.00%,$0.00B,$-0.04B,-1950.00%,$0.00B,$-0.04B,-1850.00%,$0.00B,$-0.04B,-1850.00%,$0.00B,$-0.03B,-1550.00%,$-0.03B,$0.02B,-115.89%,$-0.03B,$0.02B,-130.53%,$-0.03B,$0.03B,-99.20%,$-0.04B,$0.02B,-145.79%,$0,$0,$0,$2,$5,$7,$-7,$0,$-6,$0,$-6,$-5,$-5,$-6,$-7,$4,4,$-1.40,$-1.40,$25,$0,$0,$26,$1,$0,$3,$0,$4,$31,$2,$0,$1,$5,$7,$0,$-64,$0,$24,$31,$-5,$0,$-1,$-0,$-0,$0,$-0,$1,$-0,$-6,$-0,$0,$7,$0,$0,$0,$0,$7,$0,$0,$0,$0,$0,$0,$0,$0,$1,$1,$0
43,2007-09-30,50.5,$6.81,7.41,$0.33,151.08,$-16.78,0.0,$-8.30,0.0,$0.03B,$0.00B,8.74,$0.00B,$0.03B,0.0,$0.00B,$0.00B,50.00%,$0.00B,$-0.04B,-1800.00%,$0.00B,$-0.04B,-1800.00%,$0.00B,$-0.04B,-1750.00%,$0.00B,$-0.04B,-1750.00%,$0.00B,$-0.03B,-1500.00%,$-0.03B,$0.03B,-106.19%,$-0.03B,$0.02B,-120.00%,$-0.03B,$0.03B,-93.75%,$-0.04B,$0.03B,-127.43%,$1,$0,$1,$3,$5,$8,$-8,$0,$-7,$0,$-7,$-7,$-8,$-7,$-8,$4,4,$-1.90,$-1.90,$24,$0,$0,$25,$1,$0,$3,$0,$5,$30,$3,$0,$1,$1,$4,$0,$-58,$0,$26,$30,$-30,$1,$5,$6,$-0,$0,$1,$-0,$0,$-24,$-1,$0,$0,$0,$0,$0,$0,$-1,$5,$0,$5,$16,$16,$0,$0,$21,$-4,$12,$0
44,2007-06-30,50.3,$8.60,5.85,$0.14,350.75,$-14.78,0.0,$-8.20,0.0,$0.03B,$0.00B,10.92,$0.00B,$0.03B,0.0,$0.00B,0,0.00%,$0.00B,$-0.03B,-3200.00%,$0.00B,$-0.03B,-3200.00%,$0.00B,$-0.03B,-3100.00%,$0.00B,$-0.03B,-3100.00%,$0.00B,$-0.03B,-2900.00%,$-0.03B,$0.03B,-98.31%,$-0.03B,$0.03B,-112.62%,$-0.03B,$0.04B,-87.22%,$-0.03B,$0.03B,-108.47%,$1,$0,$0,$13,$4,$18,$-17,$0,$-17,$0,$-17,$-12,$-12,$-17,$-17,$4,4,$-3.50,$-3.50,$31,$0,$0,$32,$1,$0,$3,$0,$5,$37,$3,$0,$0,$1,$4,$0,$-51,$0,$33,$37,$-22,$1,$5,$6,$-0,$0,$1,$-1,$-1,$-17,$-1,$0,$5,$0,$0,$0,$0,$5,$0,$0,$0,$16,$16,$0,$0,$16,$3,$11,$0
45,2007-03-31,44.71,$7.15,6.25,$0.05,987.31,$-13.27,0.0,$-6.00,0.0,$0.02B,$0.00B,19.63,$0.00B,$0.02B,0.0,$0.00B,0,nan%,$0.00B,$-0.02B,inf%,$0.00B,$-0.02B,inf%,$0.00B,$-0.02B,inf%,$0.00B,$-0.02B,inf%,$0.00B,$-0.02B,inf%,$-0.02B,$0.02B,-68.29%,$-0.02B,$0.02B,-82.35%,$-0.02B,$0.03B,-61.31%,$-0.02B,$0.02B,-65.04%,$-0,$0,$-0,$4,$3,$7,$-7,$0,$-7,$0,$-7,$-6,$-6,$-7,$-7,$3,3,$-1.80,$-1.80,$22,$0,$0,$22,$1,$0,$3,$0,$4,$27,$1,$0,$0,$1,$2,$0,$-38,$0,$24,$27,$-10,$0,$-0,$0,$0,$0,$-0,$-1,$-2,$-12,$-0,$0,$5,$0,$0,$0,$0,$5,$0,$0,$0,$0,$0,$0,$0,$0,$-6,$1,$0
46,2006-12-31,43.8,$8.81,4.97,$0.06,681.72,$-11.92,0.0,$-4.20,0.0,$0.03B,$0.00B,28.38,$0.00B,$0.03B,0.0,$0.00B,0,nan%,$0.00B,$-0.02B,inf%,$0.00B,$-0.02B,inf%,$0.00B,$-0.02B,inf%,$0.00B,$-0.02B,inf%,$0.00B,$-0.02B,inf%,$-0.02B,$0.03B,-57.14%,$-0.02B,$0.03B,-70.18%,$-0.02B,$0.03B,-51.61%,$-0.02B,$0.03B,-54.29%,$0,$0,$0,$1,$3,$4,$-4,$0,$-4,$0,$-4,$-4,$-4,$-4,$-4,$3,3,$-1.10,$-1.10,$28,$0,$0,$29,$1,$0,$4,$0,$6,$34,$1,$0,$0,$3,$4,$0,$-32,$0,$30,$34,$-4,$0,$0,$0,$0,$0,$-0,$-1,$-2,$-5,$-0,$0,$5,$0,$0,$0,$0,$5,$0,$0,$0,$0,$0,$0,$0,$0,$0,$0,$0
