,Date,Stock Price,Book Value per Share,Price to Book Ratio,TTM Sales per Share,Price to Sales Ratio,TTM FCF per Share,Price to FCF Ratio,TTM Net EPS,PE Ratio,Current Assets,Current Liabilities,Current Ratio,Long Term Debt,Shareholder's Equity_x,Debt to Equity Ratio,TTM Revenue_x,TTM Gross Profit,Gross Margin,TTM Revenue_y,TTM Operating Income,Operating Margin,TTM Revenue_x,TTM EBIT,EBIT Margin,TTM Revenue_y,TTM EBITDA,EBITDA Margin,TTM Revenue_x,TTM Pre-Tax Income,Pre-Tax Margin,TTM Revenue_y,TTM Net Income_x,Net Margin,TTM Net Income_y,Shareholder's Equity_y,Return on Equity,TTM Net Income_x,Tangible Equity,Return on Tangible Equity,TTM Net Income_y,Total Assets,Return on Assets,TTM Net Income,LT Investments & Debt,Return on Investment,revenue,cost-goods-sold,gross-profit,research-development-expenses,selling-general-administrative-expenses,operating-expenses,operating-income,total-non-operating-income-expense,pre-tax-income,total-provision-income-taxes,income-after-taxes,income-from-continuous-operations,net-income,ebitda,ebit,basic-shares-outstanding,shares-outstanding,eps-basic-net-earnings-per-share,eps-earnings-per-share-diluted,cash-on-hand,inventory,other-current-assets,total-current-assets,net-property-plant-equipment,long-term-investments,goodwill-intangible-assets-total,other-long-term-assets,total-long-term-assets,total-assets,total-current-liabilities,long-term-debt,other-non-current-liabilities,total-long-term-liabilities,total-liabilities,common-stock-net,retained-earnings-accumulated-deficit,comprehensive-income,total-share-holder-equity,total-liabilities-share-holders-equity,net-income-loss,total-depreciation-amortization-cash-flow,other-non-cash-items,total-non-cash-items,change-in-accounts-receivable,change-in-inventories,change-in-accounts-payable,change-in-assets-liabilities,total-change-in-assets-liabilities,cash-flow-from-operating-activities,net-change-in-property-plant-equipment,net-change-in-intangible-assets,net-acquisitions-divestitures,net-change-in-short-term-investments,net-change-in-long-term-investments,net-change-in-investments-total,investing-activities-other,cash-flow-from-investing-activities,net-long-term-debt,net-current-debt,debt-issuance-retirement-net-total,net-common-equity-issued-repurchased,net-total-equity-issued-repurchased,total-common-preferred-stock-dividends-paid,financial-activities-other,cash-flow-from-financial-activities,net-cash-flow,stock-based-compensation,common-stock-dividends-paid
0,2018-09-30,26.0,$22.43,1.16,$8.60,3.02,$4.91,5.29,$1.69,15.38,$23.48B,$25.56B,0.92,$4.13B,$3.54B,1.17,$1.44B,$1.20B,83.55%,$1.44B,$0.42B,29.27%,$1.44B,0,0.00%,$1.44B,0,0.00%,$1.44B,$0.39B,27.11%,$1.44B,$0.28B,19.79%,$0.28B,$3.80B,7.83%,$0.28B,$2.48B,11.91%,$0.28B,$33.49B,0.87%,$0.42B,$7.93B,5.44%,$384,$76,$308,$0,$195,$273,$111,$-2,$108,$22,$86,$86,$84,$0,$0,$171,173,$0.49,$0.48,$687,$0,$0,$23482,$359,$6937,$1315,$1396,$10007,$33489,$25564,$4128,$0,$4128,$29692,$2,$1978,$-136,$3797,$33489,$245,$74,$-58,$16,$-35,$0,$5,$73,$42,$303,$-43,$0,$59,$0,$-69,$-69,$-331,$-384,$242,$-407,$-166,$-140,$-43,$-85,$205,$-89,$-170,$0,$-77
1,2018-06-30,27.3,$21.73,1.26,$8.46,3.23,$5.26,5.19,$1.62,16.85,$23.47B,$24.59B,0.96,$5.30B,$3.61B,1.47,$1.37B,$1.17B,85.24%,$1.37B,$0.40B,29.44%,$1.37B,0,0.00%,$1.37B,0,0.00%,$1.37B,$0.38B,27.39%,$1.37B,$0.26B,19.21%,$0.26B,$3.77B,7.56%,$0.26B,$2.46B,11.42%,$0.26B,$33.65B,0.82%,$0.40B,$9.07B,5.51%,$384,$65,$319,$0,$206,$273,$111,$-7,$104,$15,$89,$89,$86,$0,$0,$171,173,$0.51,$0.50,$604,$0,$0,$23472,$361,$7113,$1314,$1393,$10181,$33653,$24587,$5295,$0,$5295,$29882,$2,$1921,$-120,$3770,$33653,$159,$43,$-28,$15,$-49,$0,$4,$-12,$-57,$117,$-24,$0,$59,$0,$-204,$-204,$-348,$-517,$1528,$-482,$1046,$-23,$-23,$-56,$-811,$156,$-245,$0,$-52
2,2018-03-31,24.72,$21.56,1.15,$8.19,3.02,$6.67,3.7,$1.48,16.7,$23.20B,$26.42B,0.88,$3.23B,$3.55B,0.91,$1.29B,$1.11B,86.69%,$1.29B,$0.37B,28.79%,$1.29B,0,0.00%,$1.29B,0,0.00%,$1.29B,$0.35B,27.16%,$1.29B,$0.23B,18.05%,$0.23B,$3.71B,6.95%,$0.23B,$2.41B,10.42%,$0.23B,$33.37B,0.75%,$0.37B,$6.95B,5.55%,$352,$52,$300,$0,$191,$244,$108,$-21,$87,$18,$69,$69,$67,$0,$0,$164,166,$0.41,$0.40,$536,$0,$0,$23200,$381,$7162,$1299,$1324,$10167,$33367,$26420,$3233,$0,$3233,$29654,$2,$1859,$-108,$3713,$33367,$69,$23,$0,$23,$-23,$0,$1,$-28,$-50,$43,$-10,$0,$60,$0,$-233,$-233,$-167,$-350,$-250,$1125,$875,$-21,$-21,$-28,$-801,$24,$-283,$0,$-26
3,2017-12-31,25.11,$21.18,1.19,$7.93,3.16,$7.44,3.38,$1.43,17.56,$21.39B,$23.57B,0.91,$3.68B,$3.08B,1.2,$1.22B,$1.07B,88.03%,$1.22B,$0.34B,27.79%,$1.22B,0,0.00%,$1.22B,0,0.00%,$1.22B,$0.34B,27.79%,$1.22B,$0.22B,17.95%,$0.22B,$3.24B,6.86%,$0.22B,$2.19B,10.20%,$0.22B,$30.48B,0.73%,$0.34B,$6.92B,5.29%,$315,$43,$272,$0,$181,$225,$90,$0,$90,$40,$50,$50,$47,$0,$0,$151,154,$0.32,$0.30,$786,$0,$0,$21390,$331,$6492,$1050,$1220,$9093,$30484,$23565,$3681,$0,$3681,$27246,$2,$1819,$-63,$3237,$30484,$229,$116,$39,$155,$95,$0,$7,$-27,$74,$458,$-47,$0,$0,$0,$-454,$-454,$-896,$-1397,$635,$-416,$219,$-19,$-19,$-86,$898,$1012,$74,$0,$-76
4,2017-09-30,23.84,$21.03,1.13,$7.84,3.04,$8.34,2.86,$1.46,16.33,$21.32B,$23.71B,0.9,$3.15B,$3.04B,1.03,$1.20B,$1.07B,89.57%,$1.20B,$0.33B,27.27%,$1.20B,0,0.00%,$1.20B,0,0.00%,$1.20B,$0.33B,27.27%,$1.20B,$0.22B,18.60%,$0.22B,$3.20B,7.06%,$0.22B,$2.16B,10.56%,$0.22B,$30.07B,0.76%,$0.33B,$6.35B,5.32%,$318,$42,$276,$0,$182,$224,$94,$0,$94,$29,$65,$65,$63,$0,$0,$151,153,$0.41,$0.41,$540,$0,$0,$21318,$330,$6208,$1044,$1165,$8747,$30065,$23714,$3147,$0,$3147,$26861,$2,$1792,$-54,$3204,$30065,$179,$86,$17,$103,$76,$0,$3,$-45,$34,$316,$-33,$0,$-0,$0,$-136,$-136,$-1016,$-1184,$385,$-27,$358,$-23,$-23,$-62,$445,$717,$-151,$0,$-55
5,2017-06-30,24.64,$20.74,1.19,$7.73,3.19,$8.66,2.84,$1.39,17.73,$21.16B,$23.32B,0.91,$3.26B,$3.03B,1.08,$1.18B,$1.07B,91.16%,$1.18B,$0.31B,26.36%,$1.18B,0,0.00%,$1.18B,0,0.00%,$1.18B,$0.31B,26.36%,$1.18B,$0.21B,17.94%,$0.21B,$3.19B,6.74%,$0.21B,$2.15B,10.12%,$0.21B,$29.77B,0.72%,$0.31B,$6.45B,5.15%,$300,$34,$266,$0,$188,$222,$78,$0,$78,$20,$58,$58,$55,$0,$0,$152,154,$0.36,$0.36,$614,$0,$0,$21163,$328,$6124,$1046,$1108,$8606,$29769,$23315,$3262,$0,$3262,$26578,$2,$1748,$-53,$3192,$29769,$114,$52,$26,$78,$143,$0,$3,$-19,$127,$319,$-19,$0,$-0,$0,$-43,$-43,$-844,$-907,$715,$95,$810,$13,$13,$-41,$-270,$511,$-76,$0,$-37
6,2017-03-31,23.74,$20.46,1.16,$7.65,3.1,$6.88,3.45,$1.34,17.72,$20.64B,$23.20B,0.89,$2.76B,$2.99B,0.93,$1.16B,$1.07B,92.21%,$1.16B,$0.30B,26.23%,$1.16B,0,0.00%,$1.16B,0,0.00%,$1.16B,$0.30B,26.23%,$1.16B,$0.20B,17.58%,$0.20B,$3.15B,6.57%,$0.20B,$2.10B,9.93%,$0.20B,$29.11B,0.70%,$0.30B,$5.91B,5.02%,$287,$27,$260,$0,$182,$209,$77,$0,$77,$21,$56,$56,$54,$0,$0,$151,154,$0.36,$0.35,$739,$0,$0,$20641,$333,$5995,$1048,$1094,$8469,$29110,$23203,$2762,$0,$2762,$25965,$2,$1710,$-56,$3145,$29110,$56,$24,$15,$39,$95,$0,$-0,$-28,$66,$162,$-14,$0,$-0,$0,$89,$89,$-107,$-32,$-0,$-11,$-11,$10,$10,$-21,$-60,$-82,$47,$0,$-18
7,2016-12-31,23.92,$20.32,1.18,$7.64,3.13,$5.59,4.28,$1.26,18.99,$20.59B,$23.29B,0.88,$2.76B,$2.93B,0.94,$1.15B,$1.06B,92.58%,$1.15B,$0.29B,25.07%,$1.15B,0,0.00%,$1.15B,0,0.00%,$1.15B,$0.29B,25.07%,$1.15B,$0.19B,16.51%,$0.19B,$3.09B,6.20%,$0.19B,$2.04B,9.44%,$0.19B,$29.14B,0.65%,$0.29B,$5.85B,4.76%,$294,$21,$272,$0,$193,$215,$78,$0,$78,$24,$55,$55,$51,$0,$0,$149,150,$0.35,$0.34,$695,$0,$0,$20592,$330,$6094,$1049,$1075,$8548,$29139,$23286,$2762,$0,$2762,$26048,$2,$1696,$-55,$3091,$29139,$200,$112,$44,$156,$264,$0,$-5,$26,$285,$641,$-104,$0,$-1,$0,$130,$130,$-1678,$-1653,$85,$258,$343,$-3,$34,$-77,$881,$1180,$169,$0,$-68
8,2016-09-30,18.87,$20.48,0.92,$7.51,2.51,$3.64,5.18,$1.19,15.86,$20.48B,$23.29B,0.88,$2.76B,$2.94B,0.94,$1.13B,$1.04B,92.62%,$1.13B,$0.27B,23.73%,$1.13B,0,0.00%,$1.13B,0,0.00%,$1.13B,$0.27B,23.73%,$1.13B,$0.18B,15.73%,$0.18B,$3.10B,5.88%,$0.18B,$2.05B,9.01%,$0.18B,$29.15B,0.62%,$0.27B,$5.86B,4.48%,$295,$21,$274,$0,$196,$217,$77,$0,$77,$24,$54,$54,$51,$0,$0,$149,150,$0.34,$0.34,$671,$0,$0,$20476,$330,$6240,$1046,$1061,$8676,$29153,$23294,$2762,$0,$2762,$26056,$2,$1663,$-1,$3097,$29153,$145,$83,$30,$114,$158,$0,$-6,$5,$157,$416,$-91,$0,$-1,$0,$73,$73,$-1456,$-1474,$85,$406,$491,$-17,$20,$-56,$740,$1195,$137,$0,$-50
9,2016-06-30,16.43,$20.06,0.82,$7.34,2.24,$2.72,6.03,$1.16,14.16,$20.39B,$22.50B,0.91,$3.51B,$2.91B,1.21,$1.10B,$1.02B,92.64%,$1.10B,$0.26B,23.73%,$1.10B,0,0.00%,$1.10B,0,0.00%,$1.10B,$0.26B,23.73%,$1.10B,$0.17B,15.73%,$0.17B,$3.03B,5.81%,$0.17B,$1.98B,8.97%,$0.17B,$29.04B,0.62%,$0.26B,$6.54B,4.42%,$279,$20,$259,$0,$188,$208,$71,$0,$71,$21,$49,$49,$47,$0,$0,$149,150,$0.31,$0.31,$555,$0,$0,$20387,$331,$6232,$1046,$1042,$8652,$29039,$22497,$3511,$0,$3511,$26009,$2,$1630,$13,$3030,$29039,$92,$52,$23,$75,$-31,$0,$-5,$-26,$-61,$105,$-81,$0,$-1,$0,$113,$113,$-1271,$-1240,$835,$1077,$1912,$-20,$-21,$-37,$-715,$1139,$4,$0,$-33
10,2016-03-31,17.09,$19.75,0.87,$7.28,2.35,$3.05,5.61,$1.16,14.73,$19.51B,$22.34B,0.87,$2.86B,$2.86B,1.0,$1.09B,$1.01B,92.68%,$1.09B,$0.26B,23.88%,$1.09B,0,0.00%,$1.09B,0,0.00%,$1.09B,$0.26B,23.88%,$1.09B,$0.17B,15.92%,$0.17B,$2.98B,5.91%,$0.17B,$1.93B,9.17%,$0.17B,$28.18B,0.63%,$0.26B,$5.84B,4.51%,$277,$22,$255,$0,$193,$216,$61,$0,$61,$19,$43,$43,$40,$0,$0,$149,149,$0.27,$0.27,$428,$0,$0,$19507,$332,$6265,$1048,$1028,$8672,$28179,$22335,$2861,$0,$2861,$25196,$2,$1600,$2,$2982,$28179,$43,$25,$14,$39,$-7,$0,$-6,$-46,$-60,$22,$-71,$0,$-1,$0,$69,$69,$-524,$-526,$185,$583,$768,$-21,$-22,$-19,$-322,$405,$-98,$0,$-16
11,2015-12-31,17.75,$19.42,0.91,$7.19,2.47,$3.35,5.29,$1.19,14.91,$19.07B,$22.10B,0.86,$2.68B,$2.82B,0.95,$1.08B,$1.01B,92.98%,$1.08B,$0.27B,24.86%,$1.08B,0,0.00%,$1.08B,0,0.00%,$1.08B,$0.27B,24.86%,$1.08B,$0.18B,16.54%,$0.18B,$2.94B,6.13%,$0.18B,$1.89B,9.56%,$0.18B,$27.71B,0.65%,$0.27B,$5.61B,4.55%,$274,$20,$254,$0,$195,$216,$58,$0,$58,$16,$43,$43,$39,$0,$0,$149,151,$0.27,$0.27,$506,$0,$0,$19071,$268,$6283,$1047,$1044,$8641,$27712,$22098,$2676,$0,$2676,$24775,$2,$1593,$-33,$2937,$27712,$188,$105,$3,$107,$13,$0,$4,$-12,$6,$301,$-55,$0,$1,$0,$-350,$-350,$-1130,$-1534,$-1250,$-234,$-1484,$-78,$-16,$-70,$2244,$674,$-558,$0,$-62
12,2015-09-30,16.92,$19.57,0.86,$7.02,2.41,$2.66,6.37,$1.23,13.75,$18.82B,$21.83B,0.86,$2.68B,$2.83B,0.95,$1.07B,$1.00B,93.26%,$1.07B,$0.28B,26.01%,$1.07B,0,0.00%,$1.07B,0,0.00%,$1.07B,$0.28B,26.01%,$1.07B,$0.19B,17.59%,$0.19B,$2.95B,6.52%,$0.19B,$1.91B,10.16%,$0.19B,$27.47B,0.69%,$0.28B,$5.63B,4.49%,$270,$19,$251,$0,$179,$199,$71,$0,$71,$22,$49,$49,$47,$0,$0,$149,150,$0.31,$0.31,$454,$0,$0,$18821,$271,$6169,$1047,$1158,$8646,$27467,$21834,$2680,$0,$2680,$24513,$2,$1570,$15,$2954,$27467,$146,$76,$-3,$73,$27,$0,$-3,$-19,$5,$224,$-37,$0,$1,$0,$-310,$-310,$-927,$-1273,$-1250,$-46,$-1296,$-83,$-21,$-51,$1795,$427,$-622,$0,$-46
13,2015-06-30,18.98,$19.25,0.99,$6.88,2.76,$2.01,9.43,$1.23,15.43,$18.75B,$21.10B,0.89,$3.18B,$2.78B,1.14,$1.06B,$0.99B,93.77%,$1.06B,$0.28B,26.60%,$1.06B,0,0.00%,$1.06B,0,0.00%,$1.06B,$0.28B,26.60%,$1.06B,$0.19B,17.92%,$0.19B,$2.90B,6.63%,$0.19B,$1.86B,10.32%,$0.19B,$27.19B,0.71%,$0.28B,$6.08B,4.53%,$272,$19,$253,$0,$181,$201,$71,$0,$71,$22,$49,$49,$48,$0,$0,$150,151,$0.32,$0.31,$552,$0,$0,$18745,$274,$6101,$1048,$1017,$8440,$27185,$21101,$3180,$0,$3180,$24281,$2,$1539,$3,$2904,$27185,$96,$52,$-1,$50,$-19,$0,$6,$-34,$-47,$99,$-26,$0,$1,$0,$-116,$-116,$-701,$-843,$-750,$527,$-223,$-84,$-22,$-33,$506,$228,$-515,$0,$-31
14,2015-03-31,17.32,$18.77,0.92,$6.65,2.6,$2.14,8.11,$1.20,14.44,$18.76B,$20.76B,0.9,$3.43B,$2.82B,1.22,$1.04B,$0.98B,94.24%,$1.04B,$0.28B,26.78%,$1.04B,0,0.00%,$1.04B,0,0.00%,$1.04B,$0.28B,26.78%,$1.04B,$0.19B,17.95%,$0.19B,$2.88B,6.51%,$0.19B,$1.84B,10.05%,$0.19B,$27.07B,0.71%,$0.28B,$6.31B,4.52%,$266,$19,$248,$0,$178,$197,$69,$0,$69,$22,$47,$47,$45,$0,$0,$150,151,$0.30,$0.30,$890,$0,$0,$18763,$275,$5986,$1047,$998,$8305,$27069,$20757,$3430,$0,$3430,$24187,$2,$1510,$25,$2882,$27069,$47,$26,$1,$28,$-32,$0,$-1,$-30,$-63,$11,$-14,$0,$1,$0,$49,$49,$-370,$-334,$-500,$-406,$-906,$-28,$-28,$-17,$1088,$138,$-185,$0,$-15
15,2014-12-31,17.26,$18.48,0.93,$6.44,2.68,$2.54,6.8,$1.17,14.75,$18.55B,$20.09B,0.92,$3.93B,$2.74B,1.43,$1.03B,$0.97B,94.55%,$1.03B,$0.28B,26.85%,$1.03B,0,0.00%,$1.03B,0,0.00%,$1.03B,$0.28B,26.85%,$1.03B,$0.19B,18.09%,$0.19B,$2.80B,6.47%,$0.19B,$1.80B,9.91%,$0.19B,$26.82B,0.72%,$0.28B,$6.73B,4.56%,$261,$16,$245,$0,$177,$194,$67,$0,$67,$19,$49,$49,$48,$0,$0,$157,158,$0.31,$0.30,$1067,$0,$0,$18550,$275,$5990,$997,$1010,$8272,$26822,$20091,$3930,$0,$3930,$24022,$2,$1498,$-5,$2800,$26822,$191,$93,$-21,$72,$-61,$0,$2,$-4,$-63,$200,$-50,$0,$0,$0,$-364,$-364,$-1705,$-2119,$841,$327,$1168,$-263,$-252,$-64,$1496,$2349,$430,$0,$-59
16,2014-09-30,16.05,$18.31,0.88,$6.34,2.53,$4.07,3.94,$1.14,14.08,$17.54B,$19.85B,0.88,$2.93B,$2.81B,1.04,$1.02B,$0.97B,94.73%,$1.02B,$0.27B,26.46%,$1.02B,0,0.00%,$1.02B,0,0.00%,$1.02B,$0.27B,26.46%,$1.02B,$0.18B,17.97%,$0.18B,$2.87B,6.35%,$0.18B,$1.87B,9.70%,$0.18B,$25.65B,0.73%,$0.27B,$5.80B,4.62%,$261,$13,$248,$0,$172,$186,$75,$0,$75,$24,$50,$50,$49,$0,$0,$156,157,$0.31,$0.31,$509,$0,$0,$17543,$272,$5836,$998,$1004,$8111,$25654,$19853,$2932,$0,$2932,$22784,$2,$1467,$-2,$2870,$25654,$142,$71,$-28,$43,$-45,$0,$-6,$-3,$-54,$131,$-36,$0,$0,$0,$-214,$-214,$-1266,$-1516,$-155,$689,$534,$-163,$-164,$-47,$934,$1258,$-128,$0,$-43
17,2014-06-30,16.58,$18.14,0.91,$6.17,2.69,$5.41,3.06,$1.10,15.07,$17.54B,$19.87B,0.88,$2.93B,$2.87B,1.02,$1.01B,$0.95B,94.36%,$1.01B,$0.26B,26.04%,$1.01B,0,0.00%,$1.01B,0,0.00%,$1.01B,$0.26B,26.04%,$1.01B,$0.18B,17.72%,$0.18B,$2.93B,6.18%,$0.18B,$1.93B,9.44%,$0.18B,$25.73B,0.73%,$0.26B,$5.86B,4.97%,$254,$13,$241,$0,$172,$186,$68,$0,$68,$22,$46,$46,$45,$0,$0,$160,161,$0.28,$0.28,$687,$0,$0,$17539,$265,$5939,$1000,$986,$8189,$25728,$19866,$2932,$0,$2932,$22798,$2,$1433,$10,$2930,$25728,$92,$47,$1,$48,$-2,$0,$-1,$-20,$-23,$117,$-19,$0,$0,$0,$-289,$-289,$-1149,$-1458,$-155,$1596,$1441,$-73,$-74,$-32,$49,$1385,$44,$0,$-29
18,2014-03-31,16.48,$17.78,0.93,$6.16,2.68,$5.78,2.85,$1.10,14.98,$16.88B,$18.97B,0.89,$2.93B,$2.84B,1.03,$1.02B,$0.96B,94.00%,$1.02B,$0.27B,26.06%,$1.02B,0,0.00%,$1.02B,0,0.00%,$1.02B,$0.27B,26.06%,$1.02B,$0.18B,17.80%,$0.18B,$2.90B,6.27%,$0.18B,$1.90B,9.62%,$0.18B,$24.81B,0.75%,$0.27B,$5.83B,5.64%,$252,$13,$238,$0,$172,$186,$66,$0,$66,$21,$45,$45,$44,$0,$0,$161,162,$0.27,$0.27,$664,$0,$0,$16884,$269,$5653,$1002,$998,$7922,$24806,$18973,$2932,$0,$2932,$21905,$2,$1403,$-12,$2901,$24806,$45,$23,$0,$24,$18,$0,$-6,$-6,$5,$74,$-11,$0,$0,$0,$-32,$-32,$-546,$-588,$-155,$507,$352,$-42,$-43,$-16,$243,$536,$21,$0,$-15
19,2013-12-31,15.79,$17.61,0.9,$6.13,2.57,$6.09,2.59,$1.10,14.35,$16.34B,$18.25B,0.9,$3.09B,$2.83B,1.09,$1.02B,$0.96B,93.74%,$1.02B,$0.27B,26.22%,$1.02B,0,0.00%,$1.02B,0,0.00%,$1.02B,$0.27B,26.22%,$1.02B,$0.18B,17.91%,$0.18B,$2.89B,6.32%,$0.18B,$1.89B,9.67%,$0.18B,$24.23B,0.77%,$0.27B,$5.98B,6.38%,$257,$14,$243,$0,$180,$196,$62,$0,$62,$14,$48,$48,$46,$0,$0,$166,166,$0.28,$0.28,$646,$0,$0,$16339,$271,$5607,$1004,$1007,$7888,$24227,$18248,$3087,$0,$3087,$21336,$2,$1393,$-24,$2891,$24227,$189,$114,$-47,$67,$215,$0,$-2,$0,$213,$478,$-68,$0,$0,$0,$-670,$-670,$-515,$-1253,$2073,$-1586,$487,$-123,$-116,$-60,$329,$640,$-136,$0,$-55
20,2013-09-30,13.98,$17.32,0.81,$6.08,2.3,$5.16,2.71,$1.08,12.95,$16.30B,$20.20B,0.81,$0.62B,$2.81B,0.22,$1.02B,$0.95B,93.26%,$1.02B,$0.28B,26.98%,$1.02B,0,0.00%,$1.02B,0,0.00%,$1.02B,$0.27B,26.00%,$1.02B,$0.18B,17.79%,$0.18B,$2.87B,6.26%,$0.18B,$1.87B,9.55%,$0.18B,$23.69B,0.77%,$0.28B,$3.49B,7.47%,$247,$15,$231,$0,$163,$180,$67,$0,$67,$21,$46,$46,$44,$0,$0,$165,165,$0.27,$0.27,$879,$0,$0,$16295,$266,$5146,$1005,$977,$7394,$23689,$20202,$615,$0,$615,$20816,$2,$1361,$-37,$2872,$23689,$141,$89,$-69,$21,$176,$0,$-8,$43,$210,$372,$-49,$0,$0,$0,$-187,$-187,$-204,$-440,$-400,$-700,$-1100,$-93,$-94,$-44,$1398,$160,$91,$0,$-40
21,2013-06-30,13.97,$17.19,0.81,$6.10,2.29,$4.72,2.96,$1.07,13.05,$16.28B,$20.13B,0.81,$0.62B,$2.81B,0.22,$1.04B,$0.96B,92.66%,$1.04B,$0.28B,26.64%,$1.04B,0,0.00%,$1.04B,0,0.00%,$1.04B,$0.27B,25.68%,$1.04B,$0.18B,17.66%,$0.18B,$2.88B,6.26%,$0.18B,$1.87B,9.48%,$0.18B,$23.62B,0.79%,$0.28B,$3.49B,7.10%,$261,$16,$244,$0,$173,$190,$70,$0,$70,$23,$48,$48,$47,$0,$0,$167,167,$0.28,$0.28,$605,$0,$0,$16278,$259,$5111,$1004,$965,$7339,$23617,$20125,$615,$0,$615,$20740,$2,$1331,$-25,$2877,$23617,$95,$62,$-30,$31,$59,$0,$-1,$9,$67,$193,$-32,$0,$0,$0,$-122,$-122,$-360,$-513,$-400,$438,$37,$-63,$-63,$-30,$193,$137,$-183,$0,$-27
22,2013-03-31,13.57,$17.35,0.78,$6.01,2.26,$4.92,2.76,$1.03,13.18,$15.93B,$19.43B,0.82,$0.92B,$2.87B,0.32,$1.03B,$0.95B,91.84%,$1.03B,$0.27B,26.21%,$1.03B,0,0.00%,$1.03B,0,0.00%,$1.03B,$0.26B,25.24%,$1.03B,$0.18B,17.28%,$0.18B,$2.94B,6.07%,$0.18B,$1.94B,9.17%,$0.18B,$23.28B,0.78%,$0.27B,$3.85B,6.70%,$257,$18,$240,$0,$170,$189,$69,$0,$69,$21,$47,$47,$46,$0,$0,$168,168,$0.27,$0.27,$492,$0,$0,$15930,$255,$5157,$995,$940,$7347,$23278,$19426,$915,$0,$915,$20342,$2,$1298,$43,$2936,$23278,$47,$32,$-18,$14,$94,$0,$-7,$-15,$72,$133,$-16,$0,$0,$0,$-45,$-45,$-159,$-220,$-100,$-557,$-657,$-33,$-33,$-15,$481,$-224,$-310,$0,$-13
23,2012-12-31,11.66,$17.25,0.68,$5.97,1.95,$4.80,2.43,$1.00,11.66,$16.18B,$19.54B,0.83,$1.02B,$2.87B,0.35,$1.03B,$0.94B,90.99%,$1.03B,$0.26B,25.58%,$1.03B,0,0.00%,$1.03B,0,0.00%,$1.03B,$0.25B,24.61%,$1.03B,$0.17B,16.76%,$0.17B,$2.94B,5.92%,$0.17B,$1.95B,8.96%,$0.17B,$23.49B,0.77%,$0.26B,$3.95B,6.46%,$258,$19,$239,$0,$168,$188,$70,$0,$60,$13,$47,$47,$45,$0,$0,$172,172,$0.26,$0.26,$809,$0,$0,$16184,$254,$5133,$990,$926,$7304,$23488,$19536,$1015,$0,$1015,$20551,$2,$1282,$49,$2936,$23488,$179,$126,$-26,$100,$25,$0,$-6,$52,$72,$350,$-84,$0,$0,$0,$-108,$-108,$-1442,$-1634,$-157,$-188,$-344,$-62,$-62,$-45,$1855,$1405,$121,$0,$-40
24,2012-09-30,11.62,$17.09,0.68,$5.93,1.96,$4.60,2.53,$0.97,11.98,$15.84B,$18.48B,0.86,$1.31B,$2.89B,0.45,$1.03B,$0.92B,89.86%,$1.03B,$0.24B,23.78%,$1.03B,0,0.00%,$1.03B,0,0.00%,$1.03B,$0.24B,23.78%,$1.03B,$0.17B,16.37%,$0.17B,$2.95B,5.78%,$0.17B,$1.96B,8.79%,$0.17B,$22.74B,0.76%,$0.24B,$4.26B,5.94%,$260,$23,$237,$0,$169,$193,$67,$0,$67,$20,$46,$46,$45,$0,$0,$172,172,$0.26,$0.26,$1029,$0,$0,$15838,$239,$4684,$990,$987,$6901,$22738,$18482,$1305,$0,$1305,$19788,$2,$1250,$67,$2950,$22738,$132,$98,$-66,$31,$123,$0,$-11,$42,$154,$318,$-59,$0,$0,$0,$407,$407,$-1002,$-654,$129,$-761,$-632,$-32,$-32,$-30,$1366,$672,$337,$0,$-26
25,2012-06-30,11.6,$16.85,0.69,$5.88,1.97,$4.21,2.76,$0.91,12.75,$15.20B,$18.02B,0.84,$1.15B,$2.85B,0.4,$1.02B,$0.91B,88.92%,$1.02B,$0.24B,23.14%,$1.02B,0,0.00%,$1.02B,0,0.00%,$1.02B,$0.24B,23.14%,$1.02B,$0.16B,15.39%,$0.16B,$2.91B,5.45%,$0.16B,$1.92B,8.33%,$0.16B,$22.08B,0.72%,$0.24B,$4.06B,5.72%,$255,$24,$230,$0,$165,$190,$64,$0,$64,$21,$43,$43,$42,$0,$0,$173,173,$0.24,$0.24,$672,$0,$0,$15196,$225,$4697,$994,$969,$6885,$22081,$18021,$1151,$0,$1151,$19171,$2,$1214,$67,$2910,$22081,$86,$65,$-19,$45,$113,$0,$-5,$-4,$105,$236,$-33,$0,$0,$0,$419,$419,$-724,$-338,$-26,$139,$113,$-31,$-31,$-20,$22,$84,$-18,$0,$-17
26,2012-03-31,12.23,$16.68,0.73,$5.85,2.09,$4.47,2.73,$0.82,14.92,$14.81B,$17.84B,0.83,$1.18B,$2.84B,0.42,$1.02B,$0.89B,87.98%,$1.02B,$0.22B,21.28%,$1.02B,0,0.00%,$1.02B,0,0.00%,$1.02B,$0.22B,21.28%,$1.02B,$0.14B,13.89%,$0.14B,$2.90B,4.85%,$0.14B,$1.90B,7.40%,$0.14B,$21.91B,0.64%,$0.22B,$4.08B,5.10%,$259,$26,$233,$0,$169,$196,$63,$0,$63,$21,$43,$43,$41,$0,$0,$174,174,$0.24,$0.24,$712,$0,$0,$14806,$225,$4847,$998,$1038,$7108,$21914,$17836,$1177,$0,$1177,$19013,$2,$1181,$65,$2901,$21914,$43,$34,$1,$35,$49,$0,$-10,$-6,$34,$112,$-12,$0,$0,$0,$265,$265,$-243,$10,$-0,$-578,$-578,$-1,$-1,$-10,$563,$-27,$95,$0,$-9
27,2011-12-31,9.75,$16.41,0.59,$5.85,1.67,$5.00,1.95,$0.67,14.55,$14.59B,$17.88B,0.82,$1.18B,$2.80B,0.42,$1.02B,$0.89B,87.29%,$1.02B,$0.18B,18.13%,$1.02B,0,0.00%,$1.02B,0,0.00%,$1.02B,$0.18B,18.13%,$1.02B,$0.12B,11.33%,$0.12B,$2.87B,3.86%,$0.12B,$1.87B,5.82%,$0.12B,$21.92B,0.53%,$0.18B,$4.04B,4.20%,$252,$29,$222,$0,$171,$202,$50,$0,$50,$9,$41,$41,$40,$0,$0,$173,173,$0.22,$0.22,$690,$0,$0,$14592,$224,$5129,$997,$983,$7332,$21924,$17881,$1177,$0,$1177,$19058,$2,$1149,$66,$2866,$21924,$140,$130,$79,$209,$-117,$0,$-1,$79,$-39,$310,$-77,$0,$0,$0,$1175,$1175,$-1571,$-473,$-238,$767,$530,$-1,$-462,$-21,$-135,$-89,$-252,$0,$-7
28,2011-09-30,8.11,$16.33,0.5,$5.94,1.36,$6.43,1.26,$0.48,16.9,$13.97B,$17.58B,0.8,$1.48B,$2.79B,0.53,$1.03B,$0.89B,86.56%,$1.03B,$0.14B,13.63%,$1.03B,0,0.00%,$1.03B,0,0.00%,$1.03B,$0.14B,13.63%,$1.03B,$0.08B,7.98%,$0.08B,$2.85B,2.69%,$0.08B,$1.85B,4.01%,$0.08B,$21.90B,0.38%,$0.14B,$4.33B,3.10%,$254,$32,$222,$0,$162,$195,$59,$0,$59,$17,$41,$41,$34,$0,$0,$173,173,$0.20,$0.20,$665,$0,$0,$13970,$208,$5645,$997,$1082,$7932,$21903,$17575,$1477,$0,$1477,$19052,$2,$1111,$89,$2851,$21903,$99,$91,$71,$163,$-63,$0,$-7,$52,$-18,$243,$-49,$0,$0,$0,$700,$700,$-1020,$-369,$62,$784,$847,$-1,$-462,$-18,$-443,$-77,$-203,$0,$-5
29,2011-06-30,12.11,$17.19,0.7,$6.09,1.99,$7.27,1.67,$0.32,37.86,$13.84B,$17.57B,0.79,$1.48B,$2.74B,0.54,$1.05B,$0.90B,85.92%,$1.05B,$0.10B,9.13%,$1.05B,0,0.00%,$1.05B,0,0.00%,$1.05B,$0.10B,9.13%,$1.05B,$0.06B,5.23%,$0.06B,$3.00B,1.75%,$0.06B,$2.00B,2.59%,$0.06B,$22.05B,0.25%,$0.10B,$4.48B,2.06%,$250,$35,$216,$0,$171,$206,$44,$0,$44,$10,$34,$34,$26,$0,$0,$173,173,$0.15,$0.15,$1095,$0,$0,$13843,$193,$5933,$1004,$1076,$8206,$22048,$17565,$1484,$0,$1484,$19049,$2,$1079,$79,$2999,$22048,$57,$60,$59,$120,$58,$0,$2,$37,$96,$273,$-23,$0,$0,$0,$413,$413,$-578,$-188,$69,$1508,$1577,$-1,$-263,$-14,$-1159,$141,$227,$0,$-3
30,2011-03-31,12.93,$18.32,0.71,$6.29,2.05,$7.22,1.79,$0.11,117.57,$13.09B,$16.80B,0.78,$1.48B,$2.68B,0.55,$1.09B,$0.93B,85.37%,$1.09B,$0.04B,3.68%,$1.09B,0,0.00%,$1.09B,0,0.00%,$1.09B,$0.04B,3.68%,$1.09B,$0.02B,1.75%,$0.02B,$3.20B,0.60%,$0.02B,$2.18B,0.88%,$0.02B,$21.47B,0.09%,$0.04B,$4.68B,0.83%,$259,$33,$226,$0,$194,$228,$31,$0,$31,$8,$23,$23,$15,$0,$0,$173,173,$0.09,$0.09,$799,$0,$0,$13086,$186,$6075,$1014,$1113,$8388,$21474,$16795,$1484,$0,$1484,$18279,$2,$1055,$46,$3195,$21474,$23,$31,$33,$65,$106,$0,$-5,$10,$111,$198,$-7,$0,$0,$0,$231,$231,$-150,$74,$69,$800,$870,$-1,$-1,$-8,$-1202,$-341,$-69,$0,$-2
31,2010-12-31,13.19,$18.17,0.73,$6.69,1.97,$6.82,1.93,$-0.18,0.0,$13.15B,$17.21B,0.76,$1.41B,$2.64B,0.54,$1.14B,$0.97B,84.85%,$1.14B,$-0.04B,-3.59%,$1.14B,0,0.00%,$1.14B,0,0.00%,$1.14B,$-0.04B,-3.59%,$1.14B,$-0.03B,-2.63%,$-0.03B,$3.16B,-0.94%,$-0.03B,$2.14B,-1.39%,$-0.03B,$21.79B,-0.13%,$-0.04B,$4.57B,-0.85%,$264,$38,$225,$0,$219,$258,$6,$0,$6,$-8,$14,$14,$7,$0,$0,$171,171,$0.04,$0.04,$868,$0,$0,$13153,$191,$6292,$1017,$1133,$8633,$21786,$17213,$1414,$0,$1414,$18627,$2,$1042,$28,$3159,$21786,$-1,$121,$431,$552,$-76,$0,$-4,$39,$-41,$509,$-35,$0,$0,$0,$-370,$-370,$1021,$617,$-540,$521,$-20,$478,$478,$-33,$-1503,$-1079,$47,$0,$-7
32,2010-09-30,11.47,$18.42,0.62,$7.62,1.51,$4.82,2.38,$-1.63,0.0,$14.66B,$17.61B,0.83,$1.71B,$2.69B,0.64,$1.19B,$1.01B,84.41%,$1.19B,$-0.34B,-28.33%,$1.19B,0,0.00%,$1.19B,0,0.00%,$1.19B,$-0.34B,-28.33%,$1.19B,$-0.22B,-18.27%,$-0.22B,$3.20B,-7.09%,$-0.22B,$2.19B,-10.60%,$-0.22B,$22.53B,-0.96%,$-0.34B,$4.92B,-6.95%,$278,$42,$236,$0,$219,$263,$15,$0,$15,$1,$14,$14,$7,$0,$0,$173,173,$0.04,$0.04,$2539,$0,$0,$14664,$181,$5482,$1014,$1184,$7862,$22525,$17611,$1714,$0,$1714,$19324,$2,$1037,$79,$3201,$22525,$-15,$88,$309,$397,$-59,$0,$-6,$37,$-29,$353,$-16,$0,$0,$0,$545,$545,$1235,$1764,$-240,$-688,$-928,$478,$478,$-25,$76,$-399,$1718,$0,$-5
33,2010-06-30,10.65,$18.34,0.58,$8.46,1.26,$3.60,2.96,$-1.60,0.0,$14.90B,$17.73B,0.84,$1.84B,$2.67B,0.69,$1.23B,$1.03B,83.48%,$1.23B,$-0.34B,-27.26%,$1.23B,0,0.00%,$1.23B,0,0.00%,$1.23B,$-0.34B,-27.26%,$1.23B,$-0.22B,-17.58%,$-0.22B,$3.19B,-7.18%,$-0.22B,$2.17B,-10.87%,$-0.22B,$22.76B,-0.94%,$-0.34B,$5.03B,-6.97%,$286,$45,$241,$0,$251,$298,$-12,$0,$-12,$-9,$-3,$-3,$-10,$0,$0,$173,173,$-0.06,$-0.06,$2549,$0,$0,$14904,$181,$5513,$1021,$1140,$7856,$22760,$17730,$1844,$0,$1844,$19574,$2,$1032,$73,$3186,$22760,$-29,$58,$237,$295,$-68,$0,$-1,$52,$-17,$249,$-8,$0,$0,$0,$520,$520,$1090,$1601,$-110,$-713,$-824,$478,$478,$-17,$242,$-121,$1729,$0,$-3
34,2010-03-31,11.95,$18.32,0.65,$9.56,1.25,$-0.77,0.0,$-1.73,0.0,$15.30B,$18.28B,0.84,$1.64B,$2.67B,0.62,$1.30B,$1.07B,82.32%,$1.30B,$-0.37B,-28.34%,$1.30B,0,0.00%,$1.30B,0,0.00%,$1.30B,$-0.37B,-28.34%,$1.30B,$-0.23B,-17.84%,$-0.23B,$3.18B,-7.88%,$-0.23B,$2.16B,-12.11%,$-0.23B,$23.11B,-0.99%,$-0.37B,$4.82B,-7.79%,$314,$47,$267,$0,$316,$364,$-50,$0,$-50,$-24,$-26,$-26,$-34,$0,$0,$166,166,$-0.20,$-0.20,$2303,$0,$0,$15300,$183,$5452,$1021,$1151,$7807,$23108,$18283,$1644,$0,$1644,$19927,$2,$1045,$60,$3181,$23108,$-26,$30,$143,$173,$-38,$0,$-5,$16,$-26,$120,$-3,$0,$0,$0,$581,$581,$507,$1085,$-310,$-651,$-961,$478,$478,$-8,$768,$277,$1482,$0,$-2
35,2009-12-31,9.55,$21.33,0.45,$10.42,0.92,$-0.16,0.0,$-1.25,0.0,$14.46B,$18.18B,0.8,$1.95B,$2.23B,0.88,$1.33B,$1.08B,80.86%,$1.33B,$-0.29B,-21.40%,$1.33B,0,0.00%,$1.33B,0,0.00%,$1.33B,$-0.29B,-21.40%,$1.33B,$-0.16B,-12.16%,$-0.16B,$2.74B,-5.67%,$-0.16B,$1.72B,-8.79%,$-0.16B,$22.87B,-0.69%,$-0.29B,$4.69B,-6.04%,$315,$52,$263,$0,$552,$606,$-291,$0,$-291,$-117,$-173,$-173,$-181,$0,$0,$128,128,$-1.42,$-1.42,$821,$0,$0,$14457,$187,$6017,$1022,$1192,$8417,$22874,$18182,$1954,$0,$1954,$20136,$1,$1081,$63,$2739,$22874,$-132,$113,$618,$730,$-28,$0,$-11,$-438,$-477,$122,$-23,$0,$0,$0,$-613,$-613,$1662,$1026,$92,$-2477,$-2385,$-1,$-1,$-87,$1574,$-898,$250,$0,$-60
36,2009-09-30,9.87,$22.78,0.43,$10.46,0.94,$2.25,4.39,$0.27,36.55,$14.89B,$18.20B,0.82,$1.76B,$2.41B,0.73,$1.34B,$1.05B,78.31%,$1.34B,$0.03B,1.87%,$1.34B,0,0.00%,$1.34B,0,0.00%,$1.34B,$0.03B,1.87%,$1.34B,$0.03B,2.47%,$0.03B,$2.93B,1.14%,$0.03B,$1.90B,1.76%,$0.03B,$22.88B,0.14%,$0.03B,$4.69B,0.53%,$314,$59,$255,$0,$235,$296,$18,$0,$18,$2,$16,$16,$9,$0,$0,$128,128,$0.07,$0.07,$461,$0,$0,$14892,$186,$5832,$1021,$951,$7989,$22882,$18195,$1762,$0,$1762,$19957,$1,$1269,$65,$2925,$22882,$41,$82,$320,$402,$18,$0,$-12,$-341,$-336,$107,$-14,$0,$0,$0,$-408,$-408,$1273,$852,$-100,$-2186,$-2286,$-1,$-1,$-74,$1291,$-1069,$-110,$0,$-54
37,2009-06-30,10.76,$22.39,0.48,$10.72,1.0,$4.30,2.5,$0.50,21.51,$15.84B,$19.38B,0.82,$1.76B,$2.36B,0.75,$1.37B,$1.03B,75.47%,$1.37B,$0.06B,4.16%,$1.37B,0,0.00%,$1.37B,0,0.00%,$1.37B,$0.06B,4.16%,$1.37B,$0.06B,4.53%,$0.06B,$2.87B,2.25%,$0.06B,$1.85B,3.56%,$0.06B,$24.01B,0.26%,$0.06B,$4.64B,1.26%,$352,$71,$281,$0,$324,$396,$-44,$0,$-44,$-27,$-17,$-17,$-25,$0,$0,$128,128,$-0.19,$-0.19,$511,$0,$0,$15839,$186,$6000,$1021,$968,$8175,$24014,$19378,$1762,$0,$1762,$21140,$1,$1266,$19,$2874,$24014,$25,$52,$224,$276,$-328,$0,$-6,$-341,$-674,$-373,$-8,$0,$0,$0,$-525,$-525,$833,$300,$-100,$-991,$-1091,$-1,$-1,$-61,$1166,$13,$-60,$0,$-48
38,2009-03-31,13.25,$22.66,0.58,$10.83,1.22,$9.20,1.44,$1.06,12.5,$16.40B,$19.49B,0.84,$1.96B,$2.39B,0.82,$1.38B,$1.01B,73.12%,$1.38B,$0.17B,11.99%,$1.38B,0,0.00%,$1.38B,0,0.00%,$1.38B,$0.17B,11.99%,$1.38B,$0.13B,9.68%,$0.13B,$2.90B,5.11%,$0.13B,$1.90B,8.32%,$0.13B,$24.35B,0.57%,$0.17B,$4.86B,3.84%,$351,$73,$278,$0,$245,$320,$32,$0,$32,$-11,$43,$43,$35,$0,$0,$128,128,$0.28,$0.28,$440,$0,$0,$16400,$188,$5496,$1002,$1265,$7950,$24350,$19491,$1962,$0,$1962,$21453,$1,$1288,$24,$2897,$24350,$43,$23,$93,$116,$-269,$0,$-6,$288,$12,$172,$-3,$0,$0,$0,$-436,$-436,$-294,$-734,$100,$-339,$-239,$-1,$-1,$-48,$718,$431,$-131,$0,$-41
39,2008-12-31,17.58,$22.45,0.78,$11.05,1.59,$8.52,2.06,$1.30,13.52,$16.68B,$19.45B,0.86,$1.86B,$2.37B,0.79,$1.41B,$0.98B,69.55%,$1.41B,$0.22B,15.72%,$1.41B,0,0.00%,$1.41B,0,0.00%,$1.41B,$0.22B,15.72%,$1.41B,$0.17B,11.69%,$0.17B,$2.88B,6.62%,$0.17B,$1.87B,11.17%,$0.17B,$24.19B,0.73%,$0.22B,$4.74B,5.42%,$320,$87,$233,$0,$212,$301,$19,$0,$19,$2,$17,$17,$14,$0,$0,$128,128,$0.10,$0.10,$571,$0,$0,$16676,$191,$5349,$1009,$966,$7516,$24192,$19454,$1862,$0,$1862,$21316,$1,$1294,$0,$2877,$24192,$168,$56,$223,$279,$-4,$0,$-7,$2,$-10,$438,$-31,$0,$0,$0,$-1508,$-1508,$-943,$-2483,$-3,$477,$475,$9,$534,$-162,$1182,$2028,$-16,$0,$-162
40,2008-09-30,16.5,$18.47,0.89,$11.70,1.41,$7.33,2.25,$1.70,9.71,$16.76B,$18.56B,0.9,$1.56B,$2.36B,0.66,$1.50B,$1.00B,66.73%,$1.50B,$0.31B,20.37%,$1.50B,0,0.00%,$1.50B,0,0.00%,$1.50B,$0.30B,19.84%,$1.50B,$0.22B,14.43%,$0.22B,$2.36B,9.16%,$0.22B,$1.35B,16.16%,$0.22B,$22.49B,0.98%,$0.31B,$3.93B,7.71%,$347,$105,$242,$0,$190,$296,$50,$0,$50,$12,$38,$38,$38,$0,$0,$128,128,$0.30,$0.30,$696,$0,$0,$16763,$189,$3617,$1019,$899,$5724,$22487,$18561,$1562,$0,$1562,$20123,$1,$1321,$-10,$2364,$22487,$152,$42,$143,$186,$61,$0,$-12,$-8,$41,$378,$-23,$0,$0,$0,$-103,$-103,$-878,$-1004,$-303,$879,$577,$7,$7,$-121,$273,$735,$109,$0,$-121
41,2008-06-30,15.68,$18.41,0.85,$12.19,1.29,$6.22,2.52,$1.96,8.0,$16.63B,$18.51B,0.9,$1.44B,$2.35B,0.61,$1.56B,$1.01B,64.42%,$1.56B,$0.36B,23.08%,$1.56B,0,0.00%,$1.56B,0,0.00%,$1.56B,$0.35B,22.56%,$1.56B,$0.25B,16.03%,$0.25B,$2.35B,10.69%,$0.25B,$1.33B,18.98%,$0.25B,$22.30B,1.15%,$0.36B,$3.79B,8.93%,$366,$107,$259,$0,$193,$302,$65,$0,$65,$17,$47,$47,$47,$0,$0,$127,128,$0.37,$0.37,$661,$0,$0,$16633,$192,$3574,$1022,$882,$5670,$22303,$18512,$1436,$0,$1436,$19949,$1,$1324,$-20,$2354,$22303,$114,$27,$78,$105,$52,$0,$-8,$2,$45,$264,$-18,$0,$0,$0,$-57,$-57,$-714,$-789,$-428,$1697,$1268,$6,$6,$-80,$-595,$599,$74,$0,$-80
42,2008-03-31,21.4,$18.65,1.15,$12.50,1.71,$5.35,4.0,$2.18,9.82,$16.23B,$17.99B,0.9,$1.54B,$2.38B,0.65,$1.60B,$1.00B,62.07%,$1.60B,$0.41B,25.33%,$1.60B,0,0.00%,$1.60B,0,0.00%,$1.60B,$0.40B,24.83%,$1.60B,$0.28B,17.40%,$0.28B,$2.38B,12.09%,$0.28B,$1.36B,21.73%,$0.28B,$21.90B,1.31%,$0.41B,$3.92B,9.84%,$379,$132,$248,$0,$158,$291,$88,$0,$88,$22,$66,$66,$66,$0,$0,$127,128,$0.52,$0.52,$523,$0,$0,$16225,$194,$3616,$1020,$849,$5679,$21904,$17985,$1536,$0,$1536,$19521,$1,$1319,$20,$2382,$21904,$66,$13,$22,$35,$-27,$0,$-9,$22,$-14,$87,$-7,$0,$0,$0,$-24,$-24,$-290,$-320,$-328,$626,$297,$3,$3,$-40,$-92,$169,$-64,$0,$-40
43,2007-12-31,21.52,$18.30,1.18,$12.60,1.71,$5.32,4.04,$2.23,9.65,$16.00B,$17.40B,0.92,$1.87B,$2.33B,0.8,$1.62B,$0.99B,61.01%,$1.62B,$0.43B,26.34%,$1.62B,0,0.00%,$1.62B,0,0.00%,$1.62B,$0.42B,25.85%,$1.62B,$0.29B,17.64%,$0.29B,$2.33B,12.59%,$0.29B,$1.31B,22.66%,$0.29B,$21.59B,1.36%,$0.43B,$4.19B,10.31%,$405,$155,$250,$0,$146,$303,$102,$0,$94,$29,$65,$65,$65,$0,$0,$127,128,$0.51,$0.50,$587,$0,$0,$15997,$197,$3543,$1021,$833,$5595,$21592,$17398,$1865,$0,$1865,$19262,$1,$1305,$-2,$2330,$21592,$286,$55,$19,$73,$-40,$0,$-8,$-20,$-68,$291,$-35,$0,$-34,$0,$-47,$-47,$-130,$-246,$-213,$1172,$959,$-112,$-112,$-156,$-632,$59,$105,$0,$-156
44,2007-09-30,23.27,$18.01,1.29,$12.44,1.87,$5.66,4.11,$2.29,10.16,$15.42B,$16.72B,0.92,$1.93B,$2.29B,0.84,$1.61B,$0.98B,60.72%,$1.61B,$0.44B,27.14%,$1.61B,0,0.00%,$1.61B,0,0.00%,$1.61B,$0.43B,26.89%,$1.61B,$0.30B,18.34%,$0.30B,$2.29B,13.15%,$0.30B,$1.27B,23.66%,$0.30B,$20.94B,1.42%,$0.44B,$4.23B,10.50%,$410,$162,$248,$0,$141,$304,$105,$0,$105,$34,$72,$72,$72,$0,$0,$127,128,$0.57,$0.56,$381,$0,$0,$15418,$197,$3521,$1026,$778,$5522,$20940,$16715,$1934,$0,$1934,$18649,$1,$1281,$-12,$2291,$20940,$221,$41,$-14,$28,$3,$0,$-6,$-8,$-11,$237,$-25,$0,$-34,$0,$-29,$-29,$286,$198,$-143,$295,$152,$-115,$-115,$-117,$-457,$-537,$-101,$0,$-117
45,2007-06-30,25.39,$17.54,1.45,$12.23,2.08,$5.61,4.53,$2.31,10.99,$15.49B,$16.69B,0.93,$1.93B,$2.23B,0.87,$1.60B,$0.97B,60.74%,$1.60B,$0.45B,27.90%,$1.60B,0,0.00%,$1.60B,0,0.00%,$1.60B,$0.44B,27.65%,$1.60B,$0.30B,18.79%,$0.30B,$2.23B,13.41%,$0.30B,$1.20B,23.96%,$0.30B,$20.85B,1.45%,$0.45B,$4.16B,10.52%,$409,$160,$249,$0,$136,$298,$111,$0,$111,$35,$76,$76,$76,$0,$0,$128,129,$0.59,$0.59,$462,$0,$0,$15485,$198,$3374,$1030,$762,$5364,$20849,$16688,$1932,$0,$1932,$18620,$1,$1251,$-39,$2229,$20849,$149,$28,$-16,$12,$-2,$0,$-3,$-7,$-12,$149,$-13,$0,$-34,$0,$71,$71,$322,$346,$-143,$362,$219,$-117,$-117,$-77,$-539,$-515,$-20,$0,$-77
46,2007-03-31,25.85,$17.51,1.48,$12.04,2.15,$5.87,4.41,$2.35,11.0,$15.10B,$16.53B,0.91,$1.74B,$2.24B,0.78,$1.59B,$0.97B,60.93%,$1.59B,$0.45B,28.45%,$1.59B,0,0.00%,$1.59B,0,0.00%,$1.59B,$0.45B,28.20%,$1.59B,$0.31B,19.41%,$0.31B,$2.24B,13.69%,$0.31B,$1.28B,24.19%,$0.31B,$20.51B,1.48%,$0.45B,$3.98B,10.30%,$397,$155,$242,$0,$132,$289,$109,$0,$109,$35,$73,$73,$73,$0,$0,$128,129,$0.57,$0.57,$353,$0,$0,$15098,$190,$3468,$961,$791,$5409,$20507,$16528,$1743,$0,$1743,$18271,$1,$1216,$-12,$2236,$20507,$73,$14,$-6,$8,$-17,$0,$-6,$21,$-2,$80,$-3,$0,$0,$0,$-23,$-23,$279,$253,$-328,$290,$-38,$-53,$-53,$-37,$-333,$-462,$-129,$0,$-37
47,2006-12-31,26.61,$17.42,1.53,$11.77,2.26,$6.03,4.41,$2.38,11.18,$15.53B,$16.55B,0.94,$2.07B,$2.25B,0.92,$1.58B,$0.97B,61.29%,$1.58B,$0.45B,28.81%,$1.58B,0,0.00%,$1.58B,0,0.00%,$1.58B,$0.45B,28.55%,$1.58B,$0.32B,20.18%,$0.32B,$2.25B,14.08%,$0.32B,$1.27B,25.01%,$0.32B,$20.86B,1.51%,$0.45B,$4.32B,9.68%,$398,$157,$241,$0,$126,$285,$113,$0,$109,$35,$75,$75,$75,$0,$0,$132,133,$0.59,$0.57,$482,$0,$0,$15531,$196,$3437,$981,$717,$5331,$20861,$16545,$2071,$0,$2071,$18616,$1,$1190,$-16,$2245,$20861,$317,$65,$32,$98,$-35,$0,$-3,$-46,$-84,$330,$-18,$0,$0,$0,$1271,$1271,$-53,$1200,$-1275,$-624,$-1899,$-236,$-236,$-151,$746,$-1540,$-10,$0,$-151
