,Date,Stock Price,Book Value per Share,Price to Book Ratio,TTM Sales per Share,Price to Sales Ratio,TTM FCF per Share,Price to FCF Ratio,TTM Net EPS,PE Ratio,Current Assets,Current Liabilities,Current Ratio,Long Term Debt,Shareholder's Equity_x,Debt to Equity Ratio,TTM Revenue_x,TTM Gross Profit,Gross Margin,TTM Revenue_y,TTM Operating Income,Operating Margin,TTM Revenue_x,TTM EBIT,EBIT Margin,TTM Revenue_y,TTM EBITDA,EBITDA Margin,TTM Revenue_x,TTM Pre-Tax Income,Pre-Tax Margin,TTM Revenue_y,TTM Net Income_x,Net Margin,TTM Net Income_y,Shareholder's Equity_y,Return on Equity,TTM Net Income_x,Tangible Equity,Return on Tangible Equity,TTM Net Income_y,Total Assets,Return on Assets,TTM Net Income,LT Investments & Debt,Return on Investment,revenue,cost-goods-sold,gross-profit,research-development-expenses,selling-general-administrative-expenses,operating-expenses,operating-income,total-non-operating-income-expense,pre-tax-income,total-provision-income-taxes,income-after-taxes,income-from-continuous-operations,net-income,ebitda,ebit,basic-shares-outstanding,shares-outstanding,eps-basic-net-earnings-per-share,eps-earnings-per-share-diluted,cash-on-hand,inventory,other-current-assets,total-current-assets,net-property-plant-equipment,long-term-investments,goodwill-intangible-assets-total,other-long-term-assets,total-long-term-assets,total-assets,total-current-liabilities,long-term-debt,other-non-current-liabilities,total-long-term-liabilities,total-liabilities,common-stock-net,retained-earnings-accumulated-deficit,comprehensive-income,total-share-holder-equity,total-liabilities-share-holders-equity,net-income-loss,total-depreciation-amortization-cash-flow,other-non-cash-items,total-non-cash-items,change-in-accounts-receivable,change-in-inventories,change-in-accounts-payable,change-in-assets-liabilities,total-change-in-assets-liabilities,cash-flow-from-operating-activities,net-change-in-property-plant-equipment,net-change-in-intangible-assets,net-acquisitions-divestitures,net-change-in-short-term-investments,net-change-in-long-term-investments,net-change-in-investments-total,investing-activities-other,cash-flow-from-investing-activities,net-long-term-debt,net-current-debt,debt-issuance-retirement-net-total,net-common-equity-issued-repurchased,net-total-equity-issued-repurchased,total-common-preferred-stock-dividends-paid,financial-activities-other,cash-flow-from-financial-activities,net-cash-flow,stock-based-compensation,common-stock-dividends-paid
0,2018-09-30,1.77,$-14.04,-0.13,$43.87,0.04,$25.45,0.07,$-22.33,0.0,$0.18B,$0.10B,1.79,$1.87B,$-0.18B,-10.71,$0.54B,$0.41B,75.74%,$0.54B,$-0.18B,-32.59%,$0.54B,$-0.18B,-32.59%,$0.54B,$0.28B,52.04%,$0.54B,$-0.34B,-62.22%,$0.54B,$-0.33B,-61.30%,$-0.33B,$-0.18B,1918.84%,$-0.33B,$-0.52B,69.83%,$-0.33B,$1.82B,-17.23%,$-0.18B,$1.70B,-9.84%,$137,$35,$102,$0,$38,$129,$8,$-47,$-39,$1,$-40,$-40,$-40,$67,$8,$12,12,$-3.24,$-3.24,$138,$0,$0,$177,$37,$0,$349,$1253,$1638,$1815,$99,$1870,$6,$1891,$1990,$0,$-1616,$16,$-175,$1815,$-315,$393,$19,$412,$-9,$0,$0,$-18,$-27,$70,$-12,$0,$0,$0,$104,$104,$-112,$-19,$82,$0,$82,$0,$0,$0,$-6,$76,$127,$2,$0
1,2018-06-30,2.81,$-11.15,-0.25,$44.10,0.06,$31.94,0.09,$-24.72,0.0,$0.15B,$0.11B,1.34,$1.79B,$-0.14B,-12.96,$0.54B,$0.42B,76.71%,$0.54B,$-0.17B,-31.98%,$0.54B,$-0.17B,-31.98%,$0.54B,$0.29B,53.42%,$0.54B,$-0.32B,-59.89%,$0.54B,$-0.32B,-59.15%,$-0.32B,$-0.14B,-500.00%,$-0.32B,$-0.49B,71.67%,$-0.32B,$1.79B,-16.05%,$-0.17B,$1.66B,-9.35%,$135,$33,$102,$0,$34,$339,$-204,$-39,$-243,$1,$-244,$-244,$-244,$71,$-204,$12,12,$-19.82,$-19.82,$110,$0,$0,$145,$37,$0,$349,$1255,$1641,$1787,$109,$1793,$8,$1816,$1925,$0,$-1576,$12,$-138,$1787,$-275,$334,$7,$341,$-5,$0,$0,$3,$-2,$64,$-9,$0,$0,$0,$-1,$-1,$-70,$-80,$10,$0,$10,$0,$0,$0,$-0,$10,$-6,$1,$0
2,2018-03-31,3.68,$8.12,0.45,$44.69,0.08,$35.41,0.1,$-8.48,0.0,$0.17B,$0.12B,1.47,$1.78B,$0.10B,17.72,$0.55B,$0.42B,77.66%,$0.55B,$0.03B,5.49%,$0.55B,$0.03B,5.49%,$0.55B,$0.28B,51.47%,$0.55B,$-0.12B,-21.98%,$0.55B,$-0.12B,-21.98%,$-0.12B,$0.10B,-84.21%,$-0.12B,$-0.46B,28.49%,$-0.12B,$2.03B,-5.79%,$0.03B,$1.88B,1.56%,$134,$33,$101,$0,$37,$127,$7,$-36,$-29,$1,$-31,$-31,$-31,$67,$7,$12,12,$-2.51,$-2.51,$138,$0,$0,$173,$34,$0,$564,$1257,$1854,$2028,$118,$1783,$12,$1809,$1927,$0,$-1331,$8,$101,$2028,$-31,$60,$4,$64,$-3,$0,$0,$18,$15,$48,$-3,$0,$0,$0,$-3,$-3,$-25,$-30,$2,$0,$2,$0,$0,$0,$-0,$2,$20,$0,$0
3,2017-12-31,11.49,$11.52,1.0,$45.45,0.25,$36.43,0.32,$-7.52,0.0,$0.14B,$0.10B,1.38,$1.78B,$0.14B,12.46,$0.55B,$0.43B,78.48%,$0.55B,$0.04B,7.78%,$0.55B,$0.04B,7.78%,$0.55B,$0.30B,53.89%,$0.55B,$-0.11B,-19.53%,$0.55B,$-0.11B,-19.53%,$-0.11B,$0.14B,-62.43%,$-0.11B,$-0.42B,27.64%,$-0.11B,$2.06B,-5.14%,$0.04B,$1.92B,2.20%,$134,$29,$104,$0,$31,$121,$13,$-37,$-25,$-9,$-16,$-16,$-16,$76,$13,$12,12,$-1.30,$-1.30,$116,$0,$0,$140,$33,$0,$564,$1318,$1915,$2055,$102,$1778,$19,$1811,$1912,$0,$-1277,$-4,$143,$2055,$-108,$257,$8,$265,$-10,$0,$0,$-11,$-21,$136,$18,$0,$0,$0,$-26,$-26,$-143,$-150,$13,$0,$13,$0,$0,$0,$-1,$12,$-2,$7,$0
4,2017-09-30,13.04,$12.14,1.07,$45.98,0.28,$38.41,0.34,$-9.03,0.0,$0.16B,$0.12B,1.34,$1.79B,$0.15B,11.96,$0.56B,$0.44B,78.93%,$0.56B,$0.05B,8.75%,$0.56B,$0.05B,8.75%,$0.56B,$0.31B,54.82%,$0.56B,$-0.10B,-17.86%,$0.56B,$-0.11B,-19.82%,$-0.11B,$0.15B,-56.35%,$-0.11B,$-0.41B,30.27%,$-0.11B,$2.11B,-5.23%,$0.05B,$1.94B,2.49%,$138,$30,$108,$0,$36,$128,$11,$-38,$-27,$2,$-29,$-29,$-29,$75,$11,$12,12,$-2.39,$-2.39,$135,$0,$0,$160,$31,$0,$564,$1350,$1944,$2105,$120,$1790,$25,$1836,$1955,$0,$-1261,$-12,$150,$2105,$-92,$194,$20,$214,$-7,$0,$0,$-1,$-8,$114,$23,$0,$0,$0,$-22,$-22,$-119,$-118,$27,$0,$27,$0,$0,$0,$-1,$27,$23,$6,$0
5,2017-06-30,15.36,$14.27,1.08,$46.46,0.33,$39.91,0.38,$-8.87,0.0,$0.14B,$0.11B,1.2,$1.77B,$0.18B,10.06,$0.57B,$0.45B,79.29%,$0.57B,$0.05B,9.38%,$0.57B,$0.05B,9.38%,$0.57B,$0.31B,55.58%,$0.57B,$-0.10B,-17.35%,$0.57B,$-0.11B,-19.29%,$-0.11B,$0.18B,-50.00%,$-0.11B,$-0.39B,31.53%,$-0.11B,$2.11B,-5.10%,$0.05B,$1.95B,2.67%,$140,$30,$111,$0,$65,$142,$-1,$-37,$-39,$5,$-44,$-44,$-44,$63,$-1,$12,12,$-3.58,$-3.58,$112,$0,$0,$136,$29,$0,$564,$1379,$1971,$2107,$113,$1773,$25,$1818,$1931,$0,$-1232,$-12,$176,$2107,$-62,$129,$17,$147,$-4,$0,$0,$-11,$-15,$69,$27,$0,$0,$0,$-2,$-2,$-88,$-63,$13,$0,$13,$0,$0,$0,$-0,$13,$19,$4,$0
6,2017-03-31,14.13,$18.03,0.78,$46.53,0.3,$39.13,0.36,$-7.09,0.0,$0.15B,$0.10B,1.46,$1.78B,$0.22B,7.99,$0.57B,$0.45B,79.61%,$0.57B,$0.07B,11.60%,$0.57B,$0.07B,11.60%,$0.57B,$0.33B,58.00%,$0.57B,$-0.08B,-13.88%,$0.57B,$-0.09B,-15.29%,$-0.09B,$0.22B,-36.36%,$-0.09B,$-0.34B,26.81%,$-0.09B,$2.14B,-4.05%,$0.07B,$2.00B,3.31%,$141,$30,$111,$0,$36,$121,$20,$-37,$-17,$2,$-19,$-19,$-19,$84,$20,$12,12,$-1.55,$-1.55,$122,$0,$5,$149,$27,$0,$564,$1404,$1995,$2144,$102,$1779,$21,$1819,$1921,$0,$-1188,$-8,$223,$2144,$-19,$64,$-3,$61,$-2,$0,$0,$5,$4,$46,$10,$0,$0,$0,$-2,$-2,$-47,$-38,$22,$0,$22,$0,$0,$0,$-0,$22,$30,$2,$0
7,2016-12-31,16.26,$19.32,0.84,$46.40,0.35,$38.80,0.42,$-7.43,0.0,$0.13B,$0.10B,1.32,$1.75B,$0.24B,7.35,$0.57B,$0.46B,79.86%,$0.57B,$0.06B,9.63%,$0.57B,$0.06B,9.63%,$0.57B,$0.32B,56.22%,$0.57B,$-0.08B,-14.54%,$0.57B,$-0.09B,-15.94%,$-0.09B,$0.24B,-35.51%,$-0.09B,$-0.33B,29.62%,$-0.09B,$2.13B,-4.22%,$0.06B,$1.99B,2.75%,$141,$29,$112,$0,$29,$122,$19,$-36,$-17,$2,$-19,$-19,$-19,$85,$19,$12,12,$-1.55,$-1.55,$90,$0,$11,$125,$28,$0,$564,$1416,$2007,$2132,$95,$1754,$27,$1799,$1894,$0,$-1170,$-9,$239,$2132,$-91,$266,$28,$294,$-11,$0,$0,$-3,$-14,$189,$-9,$0,$0,$0,$10,$10,$-201,$-200,$43,$0,$43,$-7,$-7,$0,$-17,$18,$7,$7,$0
8,2016-09-30,23.17,$18.95,1.22,$45.86,0.51,$40.86,0.57,$-5.92,0.0,$0.15B,$0.11B,1.36,$1.76B,$0.23B,7.53,$0.57B,$0.46B,79.72%,$0.57B,$0.04B,6.64%,$0.57B,$0.04B,6.64%,$0.57B,$0.31B,53.85%,$0.57B,$-0.10B,-16.78%,$0.57B,$-0.10B,-18.01%,$-0.10B,$0.23B,-37.08%,$-0.10B,$-0.33B,36.05%,$-0.10B,$2.16B,-4.75%,$0.04B,$1.99B,1.89%,$143,$29,$114,$0,$33,$128,$15,$-40,$-25,$2,$-27,$-27,$-27,$82,$15,$12,12,$-2.23,$-2.23,$112,$0,$11,$147,$26,$0,$564,$1428,$2018,$2164,$108,$1758,$48,$1823,$1931,$0,$-1151,$-32,$234,$2164,$-72,$200,$30,$230,$-8,$0,$0,$9,$1,$159,$-5,$0,$0,$0,$8,$8,$-160,$-157,$49,$0,$49,$-7,$-7,$0,$-17,$25,$26,$5,$0
9,2016-06-30,15.39,$21.20,0.73,$44.97,0.34,$42.34,0.36,$-5.56,0.0,$0.12B,$0.09B,1.35,$1.74B,$0.26B,6.65,$0.57B,$0.46B,79.86%,$0.57B,$0.03B,5.60%,$0.57B,$0.03B,5.60%,$0.57B,$0.31B,53.77%,$0.57B,$-0.10B,-16.81%,$0.57B,$-0.10B,-17.51%,$-0.10B,$0.26B,-32.57%,$-0.10B,$-0.30B,38.99%,$-0.10B,$2.15B,-4.57%,$0.03B,$2.00B,1.57%,$144,$28,$116,$0,$32,$131,$12,$-33,$-20,$2,$-22,$-22,$-22,$79,$12,$12,12,$-1.80,$-1.80,$86,$0,$6,$115,$32,$0,$564,$1436,$2031,$2146,$85,$1738,$46,$1800,$1885,$0,$-1124,$-29,$261,$2146,$-45,$133,$14,$147,$-5,$0,$0,$-5,$-10,$91,$-3,$0,$0,$0,$7,$7,$-107,$-103,$19,$0,$19,$-7,$-7,$0,$-0,$11,$-0,$3,$0
10,2016-03-31,14.81,$22.87,0.65,$44.15,0.34,$44.53,0.33,$-5.16,0.0,$0.15B,$0.10B,1.51,$1.74B,$0.29B,5.97,$0.57B,$0.45B,79.79%,$0.57B,$0.04B,6.68%,$0.57B,$0.04B,6.68%,$0.57B,$0.32B,55.36%,$0.57B,$-0.09B,-16.17%,$0.57B,$-0.10B,-16.87%,$-0.10B,$0.29B,-28.09%,$-0.10B,$-0.27B,43.24%,$-0.10B,$2.19B,-4.35%,$0.04B,$2.03B,1.84%,$143,$29,$114,$0,$32,$134,$9,$-31,$-21,$2,$-23,$-23,$-23,$75,$9,$12,12,$-1.86,$-1.86,$120,$0,$6,$152,$32,$0,$564,$1437,$2033,$2185,$101,$1737,$42,$1793,$1894,$0,$-1102,$-27,$291,$2185,$-23,$66,$6,$72,$-2,$0,$0,$9,$7,$56,$-2,$0,$0,$0,$-1,$-1,$-47,$-50,$21,$0,$21,$0,$0,$0,$-0,$20,$27,$2,$0
11,2015-12-31,16.72,$25.61,0.65,$43.08,0.39,$46.35,0.36,$-4.01,0.0,$0.12B,$0.09B,1.43,$1.71B,$0.33B,5.28,$0.56B,$0.45B,80.32%,$0.56B,$0.05B,8.87%,$0.56B,$0.05B,8.87%,$0.56B,$0.33B,58.33%,$0.56B,$-0.08B,-14.01%,$0.56B,$-0.08B,-14.72%,$-0.08B,$0.33B,-22.25%,$-0.08B,$-0.24B,43.51%,$-0.08B,$2.17B,-3.74%,$0.05B,$2.04B,2.41%,$142,$29,$112,$0,$33,$140,$2,$-32,$-30,$1,$-31,$-31,$-31,$72,$2,$13,13,$-2.43,$-2.43,$93,$0,$6,$123,$32,$0,$564,$1454,$2050,$2173,$86,$1714,$35,$1762,$1849,$0,$-1078,$-15,$325,$2173,$-83,$279,$32,$311,$-9,$0,$0,$-10,$-19,$209,$8,$0,$-57,$0,$30,$30,$-267,$-285,$107,$0,$107,$-30,$-30,$0,$-7,$70,$-7,$7,$0
12,2015-09-30,27.38,$27.53,0.99,$42.13,0.65,$46.32,0.59,$-4.01,0.0,$0.17B,$0.10B,1.67,$1.74B,$0.35B,4.95,$0.56B,$0.45B,81.18%,$0.56B,$0.07B,12.19%,$0.56B,$0.07B,12.19%,$0.56B,$0.35B,62.54%,$0.56B,$-0.06B,-10.22%,$0.56B,$-0.06B,-10.57%,$-0.06B,$0.35B,-14.69%,$-0.06B,$-0.21B,38.56%,$-0.06B,$2.24B,-2.66%,$0.07B,$2.09B,3.27%,$142,$28,$114,$0,$31,$133,$9,$-34,$-25,$2,$-27,$-27,$-24,$81,$9,$13,13,$-1.87,$-1.87,$128,$0,$6,$166,$33,$0,$564,$1479,$2076,$2242,$100,$1735,$38,$1791,$1891,$0,$-1048,$-20,$351,$2242,$-53,$209,$22,$231,$-7,$0,$0,$2,$-5,$174,$10,$0,$-57,$0,$24,$24,$-205,$-228,$109,$0,$109,$-28,$-28,$0,$-6,$75,$21,$5,$0
13,2015-06-30,42.74,$30.03,1.42,$41.25,1.04,$45.69,0.94,$-2.96,0.0,$0.15B,$0.09B,1.73,$1.69B,$0.40B,4.24,$0.55B,$0.45B,81.70%,$0.55B,$0.08B,14.31%,$0.55B,$0.08B,14.31%,$0.55B,$0.36B,64.49%,$0.55B,$-0.04B,-7.43%,$0.55B,$-0.05B,-8.33%,$-0.05B,$0.40B,-10.70%,$-0.05B,$-0.16B,39.74%,$-0.05B,$2.23B,-2.07%,$0.08B,$2.09B,3.80%,$142,$28,$114,$0,$30,$124,$18,$-34,$-16,$2,$-18,$-18,$-18,$87,$18,$13,13,$-1.40,$-1.40,$122,$0,$0,$152,$40,$0,$563,$1473,$2076,$2227,$88,$1692,$30,$1740,$1828,$0,$-1023,$-12,$400,$2227,$-28,$137,$15,$152,$-4,$0,$0,$-9,$-13,$110,$12,$0,$-56,$0,$7,$7,$-130,$-167,$68,$0,$68,$-9,$-9,$0,$-6,$52,$-5,$3,$0
14,2015-03-31,39.81,$31.27,1.27,$40.34,0.99,$44.58,0.89,$-2.31,0.0,$0.18B,$0.10B,1.73,$1.68B,$0.42B,4.03,$0.55B,$0.45B,82.39%,$0.55B,$0.08B,14.68%,$0.55B,$0.08B,14.68%,$0.55B,$0.36B,65.14%,$0.55B,$-0.03B,-6.24%,$0.55B,$-0.04B,-6.97%,$-0.04B,$0.42B,-8.49%,$-0.04B,$-0.15B,42.70%,$-0.04B,$2.24B,-1.72%,$0.08B,$2.09B,3.87%,$138,$25,$113,$0,$28,$118,$21,$-28,$-8,$2,$-10,$-10,$-10,$89,$21,$13,13,$-0.74,$-0.74,$146,$0,$1,$177,$36,$0,$563,$1466,$2066,$2243,$103,$1677,$30,$1724,$1827,$0,$-1005,$-13,$416,$2243,$-10,$68,$4,$72,$-2,$0,$0,$6,$3,$65,$16,$0,$-56,$0,$27,$27,$-61,$-74,$58,$0,$58,$-9,$-9,$0,$-1,$47,$38,$2,$0
15,2014-12-31,52.93,$32.46,1.63,$39.53,1.34,$43.30,1.22,$-2.27,0.0,$0.18B,$0.09B,1.94,$1.60B,$0.44B,3.63,$0.54B,$0.45B,82.78%,$0.54B,$0.08B,14.44%,$0.54B,$0.08B,14.44%,$0.54B,$0.35B,65.00%,$0.54B,$-0.03B,-6.30%,$0.54B,$-0.04B,-7.04%,$-0.04B,$0.44B,-8.15%,$-0.04B,$-0.09B,62.04%,$-0.04B,$2.16B,-1.72%,$0.08B,$2.04B,3.77%,$136,$24,$112,$0,$25,$116,$20,$-29,$-8,$-2,$-7,$-7,$-7,$92,$20,$14,14,$-0.50,$-0.50,$135,$0,$19,$177,$36,$0,$528,$1423,$1987,$2163,$91,$1596,$27,$1633,$1724,$0,$-995,$-7,$440,$2163,$-38,$273,$15,$287,$-9,$0,$0,$-6,$-15,$235,$-8,$0,$0,$0,$3,$3,$-269,$-273,$42,$0,$42,$-35,$-35,$0,$-1,$6,$-32,$7,$0
16,2014-09-30,60.2,$33.61,1.79,$39.08,1.54,$42.07,1.43,$-3.19,0.0,$0.23B,$0.10B,2.21,$1.63B,$0.46B,3.51,$0.54B,$0.45B,82.87%,$0.54B,$0.08B,13.97%,$0.54B,$0.08B,13.97%,$0.54B,$0.35B,64.43%,$0.54B,$-0.04B,-6.89%,$0.54B,$-0.05B,-8.94%,$-0.05B,$0.46B,-9.90%,$-0.05B,$-0.06B,112.94%,$-0.05B,$2.24B,-2.16%,$0.08B,$2.09B,3.61%,$136,$24,$112,$0,$24,$116,$20,$-29,$-9,$2,$-11,$-11,$-11,$88,$20,$14,14,$-0.82,$-0.82,$182,$0,$19,$229,$36,$0,$528,$1445,$2008,$2237,$104,$1626,$25,$1670,$1774,$0,$-988,$-2,$463,$2237,$-31,$200,$16,$216,$-7,$0,$0,$10,$3,$188,$-5,$0,$0,$0,$-4,$-4,$-203,$-211,$51,$0,$51,$-22,$-22,$0,$0,$29,$6,$5,$0
17,2014-06-30,66.01,$34.13,1.93,$37.29,1.77,$41.09,1.61,$-3.27,0.0,$0.18B,$0.09B,2.06,$1.59B,$0.47B,3.38,$0.52B,$0.43B,82.98%,$0.52B,$0.07B,13.15%,$0.52B,$0.07B,13.15%,$0.52B,$0.33B,63.83%,$0.52B,$-0.04B,-7.54%,$0.52B,$-0.05B,-8.70%,$-0.05B,$0.47B,-8.88%,$-0.05B,$-0.06B,236.84%,$-0.05B,$2.20B,-2.01%,$0.07B,$2.06B,3.26%,$135,$23,$112,$0,$27,$116,$19,$-28,$-9,$2,$-11,$-11,$-10,$86,$19,$14,14,$-0.75,$-0.75,$155,$0,$1,$184,$54,$0,$528,$1434,$2016,$2200,$89,$1592,$30,$1640,$1729,$0,$-977,$-4,$471,$2200,$-20,$133,$10,$142,$-4,$0,$0,$-3,$-7,$115,$-3,$0,$0,$0,$-1,$-1,$-127,$-131,$17,$0,$17,$-21,$-21,$0,$0,$-4,$-20,$3,$0
18,2014-03-31,75.55,$35.30,2.14,$34.38,2.2,$39.99,1.89,$-2.52,0.0,$0.22B,$0.11B,2.06,$1.59B,$0.49B,3.24,$0.48B,$0.40B,83.47%,$0.48B,$0.07B,14.05%,$0.48B,$0.07B,14.05%,$0.48B,$0.31B,64.26%,$0.48B,$-0.03B,-5.99%,$0.48B,$-0.04B,-7.23%,$-0.04B,$0.49B,-6.72%,$-0.04B,$-0.04B,-88.61%,$-0.04B,$2.23B,-1.65%,$0.07B,$2.08B,3.43%,$133,$22,$111,$0,$27,$114,$19,$-27,$-8,$2,$-9,$-9,$-10,$85,$19,$14,14,$-0.70,$-0.70,$190,$0,$1,$221,$56,$0,$527,$1427,$2010,$2230,$107,$1589,$26,$1633,$1740,$0,$-968,$0,$490,$2230,$-10,$66,$6,$71,$-3,$0,$0,$10,$8,$69,$-2,$0,$0,$0,$0,$0,$-54,$-56,$16,$0,$16,$-14,$-14,$0,$0,$2,$15,$2,$0
19,2013-12-31,85.56,$36.62,2.34,$31.61,2.71,$39.49,2.17,$-1.63,0.0,$0.20B,$0.10B,2.14,$1.57B,$0.52B,3.05,$0.45B,$0.38B,83.81%,$0.45B,$0.07B,15.74%,$0.45B,$0.07B,15.74%,$0.45B,$0.30B,65.41%,$0.45B,$-0.02B,-3.99%,$0.45B,$-0.02B,-4.88%,$-0.02B,$0.52B,-4.18%,$-0.02B,$-0.01B,-24.51%,$-0.02B,$2.23B,-1.10%,$0.07B,$2.09B,3.80%,$133,$23,$110,$0,$27,$116,$17,$-28,$-11,$5,$-16,$-16,$-17,$87,$17,$14,14,$-1.20,$-1.18,$174,$0,$1,$204,$57,$0,$528,$1438,$2022,$2226,$96,$1572,$27,$1615,$1711,$0,$-957,$2,$515,$2226,$-21,$224,$10,$234,$-8,$0,$0,$8,$-0,$212,$3,$0,$-479,$0,$12,$12,$-232,$-697,$501,$0,$501,$-33,$-33,$0,$-17,$451,$-34,$8,$0
20,2013-09-30,80.62,$38.39,2.1,$28.86,2.79,$35.31,2.28,$-0.71,0.0,$0.26B,$0.11B,2.3,$1.57B,$0.55B,2.85,$0.41B,$0.35B,84.26%,$0.41B,$0.07B,17.68%,$0.41B,$0.07B,17.68%,$0.41B,$0.28B,66.59%,$0.41B,$-0.01B,-1.69%,$0.41B,$-0.01B,-1.45%,$-0.01B,$0.55B,-1.14%,$-0.01B,$0.03B,-4.53%,$-0.01B,$2.28B,-0.32%,$0.07B,$2.13B,4.17%,$116,$20,$96,$0,$24,$102,$13,$-25,$-11,$-4,$-8,$-8,$-8,$72,$13,$14,14,$-0.55,$-0.55,$230,$0,$0,$263,$55,$0,$522,$1440,$2018,$2281,$114,$1574,$31,$1614,$1728,$0,$-944,$-5,$552,$2281,$-5,$154,$3,$157,$-6,$0,$0,$24,$18,$170,$7,$0,$-480,$0,$-6,$-6,$-175,$-654,$504,$0,$504,$0,$0,$0,$-17,$487,$3,$6,$0
21,2013-06-30,78.07,$37.21,2.1,$26.62,2.93,$31.95,2.44,$-0.92,0.0,$0.26B,$0.08B,3.45,$1.12B,$0.53B,2.13,$0.38B,$0.32B,84.82%,$0.38B,$0.06B,16.75%,$0.38B,$0.06B,16.75%,$0.38B,$0.25B,65.45%,$0.38B,$-0.01B,-2.36%,$0.38B,$-0.01B,-3.66%,$-0.01B,$0.53B,-2.71%,$-0.01B,$0.18B,-8.40%,$-0.01B,$1.74B,-0.82%,$0.06B,$1.65B,4.02%,$102,$16,$87,$0,$22,$83,$19,$-18,$1,$1,$0,$0,$0,$67,$19,$14,15,$0.01,$0.00,$228,$0,$0,$263,$55,$0,$349,$1071,$1475,$1738,$76,$1119,$8,$1136,$1212,$0,$-931,$-0,$526,$1738,$3,$95,$3,$97,$-4,$0,$0,$4,$0,$101,$4,$0,$0,$0,$-1,$-1,$-113,$-110,$17,$0,$17,$0,$0,$0,$-2,$16,$6,$4,$0
22,2013-03-31,74.44,$36.35,2.05,$25.57,2.91,$30.73,2.42,$-1.43,0.0,$0.28B,$0.08B,3.49,$1.11B,$0.51B,2.16,$0.36B,$0.31B,85.12%,$0.36B,$0.06B,15.70%,$0.36B,$0.06B,15.70%,$0.36B,$0.24B,65.56%,$0.36B,$-0.02B,-4.13%,$0.36B,$-0.02B,-5.79%,$-0.02B,$0.51B,-4.06%,$-0.02B,$0.17B,-12.52%,$-0.02B,$1.73B,-1.27%,$0.06B,$1.62B,3.68%,$100,$15,$85,$0,$20,$78,$22,$-19,$3,$1,$2,$2,$3,$69,$22,$14,15,$0.20,$0.19,$246,$0,$0,$282,$54,$0,$349,$1043,$1447,$1729,$81,$1109,$17,$1134,$1215,$0,$-931,$-10,$514,$1729,$3,$46,$0,$47,$-2,$0,$0,$13,$11,$61,$3,$0,$0,$0,$-1,$-1,$-46,$-44,$7,$0,$7,$0,$0,$0,$-2,$5,$22,$2,$0
23,2012-12-31,61.94,$36.00,1.72,$24.54,2.52,$29.42,2.11,$-1.99,0.0,$0.26B,$0.07B,3.63,$1.10B,$0.51B,2.17,$0.35B,$0.30B,85.51%,$0.35B,$0.05B,14.20%,$0.35B,$0.05B,14.20%,$0.35B,$0.23B,65.80%,$0.35B,$-0.02B,-6.38%,$0.35B,$-0.03B,-8.41%,$-0.03B,$0.51B,-5.50%,$-0.03B,$0.16B,-16.27%,$-0.03B,$1.71B,-1.79%,$0.05B,$1.61B,3.22%,$95,$15,$80,$0,$20,$76,$19,$-19,$-0,$1,$-1,$-1,$-1,$67,$19,$14,14,$-0.10,$-0.10,$224,$0,$7,$262,$56,$0,$350,$1040,$1447,$1709,$72,$1101,$19,$1128,$1200,$0,$-936,$-10,$509,$1709,$-29,$176,$5,$182,$-6,$0,$0,$0,$-5,$147,$11,$0,$0,$0,$-100,$-100,$-249,$-337,$145,$0,$145,$-13,$-13,$0,$-47,$85,$-105,$5,$0
24,2012-09-30,54.01,$36.50,1.48,$23.47,2.3,$27.10,1.99,$-2.44,0.0,$0.30B,$0.09B,3.34,$0.98B,$0.52B,1.89,$0.33B,$0.29B,86.10%,$0.33B,$0.04B,10.57%,$0.33B,$0.04B,10.57%,$0.33B,$0.21B,64.35%,$0.33B,$-0.03B,-8.46%,$0.33B,$-0.04B,-10.57%,$-0.04B,$0.52B,-6.50%,$-0.04B,$0.17B,-18.49%,$-0.04B,$1.61B,-2.19%,$0.04B,$1.49B,2.36%,$85,$13,$72,$0,$18,$81,$4,$-17,$-13,$1,$-14,$-14,$-16,$47,$4,$14,14,$-1.11,$-1.11,$256,$0,$0,$298,$56,$0,$349,$909,$1314,$1612,$89,$977,$20,$1007,$1096,$0,$-934,$-11,$516,$1612,$-28,$129,$18,$147,$-4,$0,$0,$12,$8,$126,$3,$0,$0,$0,$-100,$-100,$-77,$-174,$18,$0,$18,$-4,$-4,$0,$-44,$-30,$-77,$4,$0
25,2012-06-30,51.75,$37.28,1.39,$23.03,2.25,$23.69,2.18,$-2.02,0.0,$0.26B,$0.07B,3.55,$0.95B,$0.53B,1.79,$0.33B,$0.28B,86.50%,$0.33B,$0.04B,11.96%,$0.33B,$0.04B,11.96%,$0.33B,$0.22B,67.79%,$0.33B,$-0.02B,-6.13%,$0.33B,$-0.03B,-8.90%,$-0.03B,$0.53B,-5.27%,$-0.03B,$0.18B,-14.41%,$-0.03B,$1.58B,-1.80%,$0.04B,$1.48B,2.65%,$83,$11,$72,$0,$18,$71,$12,$-17,$-5,$1,$-6,$-6,$-7,$55,$12,$14,14,$-0.51,$-0.51,$233,$0,$0,$262,$69,$0,$349,$901,$1318,$1581,$74,$948,$19,$977,$1051,$0,$-918,$-15,$530,$1581,$-12,$86,$6,$92,$-2,$0,$0,$2,$-0,$79,$4,$0,$0,$0,$-100,$-100,$-27,$-123,$-10,$0,$-10,$-1,$-1,$0,$-44,$-55,$-99,$3,$0
26,2012-03-31,47.29,$39.13,1.21,$22.55,2.1,$21.86,2.16,$-2.79,0.0,$0.27B,$0.06B,4.61,$0.95B,$0.56B,1.71,$0.32B,$0.28B,86.60%,$0.32B,$0.04B,10.90%,$0.32B,$0.04B,10.90%,$0.32B,$0.22B,68.22%,$0.32B,$-0.02B,-6.85%,$0.32B,$-0.04B,-12.46%,$-0.04B,$0.56B,-7.09%,$-0.04B,$0.21B,-18.60%,$-0.04B,$1.59B,-2.46%,$0.04B,$1.51B,2.39%,$82,$11,$71,$0,$18,$68,$14,$-18,$-4,$1,$-5,$-5,$-5,$58,$14,$14,14,$-0.37,$-0.37,$239,$0,$0,$269,$72,$0,$349,$898,$1319,$1588,$58,$949,$15,$974,$1032,$0,$-902,$-5,$556,$1588,$-5,$44,$2,$46,$-0,$0,$0,$-1,$-1,$39,$4,$0,$0,$0,$-98,$-98,$14,$-80,$-9,$0,$-9,$0,$0,$0,$-43,$-52,$-93,$1,$0
27,2011-12-31,50.72,$38.80,1.31,$21.92,2.31,$20.45,2.48,$1.46,34.74,$0.29B,$0.12B,2.35,$0.89B,$0.55B,1.62,$0.31B,$0.27B,86.90%,$0.31B,$0.02B,7.03%,$0.31B,$0.02B,7.03%,$0.31B,$0.21B,65.81%,$0.31B,$-0.03B,-8.63%,$0.31B,$0.02B,6.39%,$0.02B,$0.55B,3.49%,$0.02B,$0.20B,8.96%,$0.02B,$1.63B,1.22%,$0.02B,$1.44B,1.51%,$81,$11,$70,$0,$21,$76,$5,$-11,$-6,$6,$-12,$-12,$-7,$53,$5,$14,14,$-0.51,$-0.51,$255,$0,$0,$290,$75,$0,$349,$912,$1336,$1626,$123,$893,$49,$951,$1075,$0,$-906,$-5,$551,$1626,$20,$184,$-63,$120,$-5,$0,$0,$-4,$-9,$131,$-4,$0,$99,$0,$-40,$-40,$-161,$-106,$19,$0,$19,$-10,$-10,$0,$-0,$9,$34,$5,$0
28,2011-09-30,39.32,$39.71,0.99,$16.45,2.39,$15.47,2.54,$0.63,62.41,$0.28B,$0.11B,2.53,$0.89B,$0.57B,1.58,$0.24B,$0.21B,88.51%,$0.24B,$0.01B,3.40%,$0.24B,$0.01B,3.40%,$0.24B,$0.15B,64.26%,$0.24B,$-0.03B,-14.04%,$0.24B,$-0.00B,-1.70%,$-0.00B,$0.57B,-0.70%,$-0.00B,$0.22B,-1.80%,$-0.00B,$1.64B,-0.24%,$0.01B,$1.45B,0.55%,$80,$11,$69,$0,$18,$72,$8,$-13,$-5,$-0,$-5,$-5,$-10,$55,$8,$14,14,$-0.69,$-0.69,$241,$0,$0,$284,$75,$0,$349,$929,$1353,$1638,$112,$889,$58,$961,$1073,$0,$-890,$-6,$565,$1638,$27,$136,$-56,$81,$-4,$0,$0,$-19,$-23,$85,$-3,$0,$99,$0,$-28,$-28,$-125,$-57,$20,$0,$20,$-10,$-10,$0,$-0,$10,$38,$3,$0
29,2011-06-30,52.97,$40.55,1.31,$10.86,4.88,$11.02,4.8,$0.63,84.08,$0.30B,$0.11B,2.72,$0.87B,$0.59B,1.48,$0.16B,$0.14B,89.68%,$0.16B,$-0.01B,-5.16%,$0.16B,$-0.01B,-5.16%,$0.16B,$0.09B,57.42%,$0.16B,$-0.03B,-21.94%,$0.16B,$-0.00B,-2.58%,$-0.00B,$0.59B,-0.70%,$-0.00B,$0.24B,-1.29%,$-0.00B,$1.64B,-0.29%,$-0.01B,$1.45B,-0.65%,$78,$10,$68,$0,$18,$69,$8,$-15,$-7,$-2,$-5,$-5,$-18,$53,$8,$14,14,$-1.28,$-1.28,$258,$0,$0,$304,$76,$0,$349,$915,$1340,$1644,$112,$865,$69,$948,$1059,$0,$-880,$-5,$585,$1644,$37,$89,$-60,$28,$-2,$0,$0,$-3,$-5,$60,$-2,$0,$99,$0,$0,$0,$-76,$21,$0,$0,$0,$1,$1,$0,$-0,$1,$82,$2,$0
30,2011-03-31,48.85,$41.00,1.19,$5.43,9.0,$7.97,6.13,$0.77,63.44,$0.31B,$0.09B,3.31,$0.88B,$0.59B,1.5,$0.08B,$0.07B,92.21%,$0.08B,$-0.03B,-32.47%,$0.08B,$-0.03B,-32.47%,$0.08B,$0.03B,36.36%,$0.08B,$-0.04B,-46.75%,$0.08B,$-0.00B,-2.60%,$-0.00B,$0.59B,-0.35%,$-0.00B,$0.24B,-0.51%,$-0.00B,$1.65B,-0.17%,$-0.03B,$1.47B,-2.46%,$74,$9,$65,$0,$20,$73,$1,$-10,$-9,$-2,$-7,$-7,$55,$45,$1,$14,14,$3.88,$3.88,$262,$0,$0,$309,$77,$0,$350,$915,$1343,$1651,$93,$881,$73,$969,$1062,$0,$-862,$-17,$589,$1651,$55,$43,$-74,$-31,$-1,$0,$0,$0,$-1,$24,$-1,$0,$99,$0,$0,$0,$-41,$58,$0,$0,$0,$0,$0,$0,$-0,$0,$82,$1,$0
31,2010-12-31,38.76,$38.34,1.01,$0.64,60.24,$6.68,5.8,$-2.41,0.0,$0.24B,$0.09B,2.56,$0.90B,$0.55B,1.64,$0.01B,$0.01B,77.78%,$0.01B,$-0.03B,-377.78%,$0.01B,$-0.03B,-377.78%,$0.01B,$-0.02B,-266.67%,$0.01B,$-0.03B,-377.78%,$0.01B,$-0.05B,-522.22%,$-0.05B,$0.55B,-8.24%,$-0.05B,$0.20B,-9.73%,$-0.05B,$1.65B,-5.11%,$-0.03B,$1.44B,-4.28%,$3,$-3,$6,$0,$8,$13,$-9,$-2,$-12,$3,$-14,$-14,$-31,$-2,$-9,$14,14,$-2.21,$-2.21,$179,$0,$0,$241,$78,$0,$349,$914,$1404,$1645,$94,$897,$83,$1003,$1097,$0,$-917,$-3,$548,$1645,$-47,$10,$69,$79,$2,$0,$0,$17,$19,$50,$6,$0,$-296,$0,$55,$55,$-55,$-290,$101,$0,$101,$0,$0,$0,$-4,$97,$-143,$3,$0
32,2010-09-30,26.71,$39.76,0.67,$8.72,3.06,$5.17,5.17,$-3.46,0.0,$0.39B,$0.07B,5.26,$0.00B,$0.57B,0.0,$0.12B,$0.03B,27.64%,$0.12B,$-0.03B,-26.02%,$0.12B,$-0.03B,-26.02%,$0.12B,$-0.07B,-54.47%,$0.12B,$-0.03B,-23.58%,$0.12B,$-0.05B,-39.84%,$-0.05B,$0.57B,-8.46%,$-0.05B,$0.57B,-8.46%,$-0.05B,$0.67B,-7.21%,$-0.03B,$0.57B,-5.52%,$0,$0,$0,$0,$7,$8,$-8,$1,$-6,$-1,$-6,$-6,$-10,$-7,$-8,$14,14,$-0.69,$-0.69,$279,$0,$2,$389,$173,$97,$0,$11,$281,$670,$74,$0,$27,$28,$102,$0,$-895,$-4,$568,$670,$-16,$2,$30,$33,$0,$0,$0,$3,$3,$19,$-0,$0,$35,$0,$-42,$-42,$-26,$-33,$1,$0,$1,$0,$0,$0,$-1,$-0,$-14,$2,$0
33,2010-06-30,25.26,$40.18,0.63,$16.21,1.56,$3.78,6.69,$-3.23,0.0,$0.40B,$0.07B,5.39,$0.00B,$0.57B,0.0,$0.23B,$0.06B,27.39%,$0.23B,$-0.04B,-15.22%,$0.23B,$-0.04B,-15.22%,$0.23B,$-0.06B,-24.78%,$0.23B,$-0.03B,-14.78%,$0.23B,$-0.05B,-19.57%,$-0.05B,$0.57B,-7.61%,$-0.05B,$0.57B,-7.61%,$-0.05B,$0.68B,-6.50%,$-0.04B,$0.57B,-5.92%,$0,$0,$0,$0,$8,$9,$-9,$0,$-9,$-1,$-7,$-7,$-16,$-8,$-9,$14,14,$-1.14,$-1.14,$285,$0,$2,$395,$174,$96,$0,$11,$280,$676,$73,$0,$27,$28,$101,$0,$-885,$-7,$574,$676,$-6,$1,$16,$17,$0,$0,$0,$4,$4,$14,$-0,$0,$35,$0,$-42,$-42,$-15,$-22,$0,$0,$0,$0,$0,$0,$-1,$-1,$-8,$2,$0
34,2010-03-31,27.25,$41.68,0.65,$24.21,1.13,$2.92,9.34,$-2.60,0.0,$0.43B,$0.07B,6.33,$0.00B,$0.59B,0.0,$0.34B,$0.09B,27.33%,$0.34B,$-0.04B,-11.34%,$0.34B,$-0.04B,-11.34%,$0.34B,$-0.05B,-13.95%,$0.34B,$-0.04B,-10.76%,$0.34B,$-0.04B,-10.47%,$-0.04B,$0.59B,-5.98%,$-0.04B,$0.59B,-5.98%,$-0.04B,$0.69B,-5.09%,$-0.04B,$0.59B,-6.48%,$6,$5,$1,$0,$8,$14,$-8,$1,$-7,$-0,$-7,$-7,$10,$-7,$-8,$14,14,$0.70,$0.70,$317,$0,$2,$430,$180,$67,$0,$12,$258,$688,$68,$0,$27,$29,$96,$0,$-869,$-5,$592,$688,$10,$1,$-11,$-11,$2,$0,$0,$4,$6,$5,$-0,$0,$35,$0,$-10,$-10,$-6,$19,$0,$0,$0,$0,$0,$0,$-0,$-0,$24,$1,$0
35,2009-12-31,25.53,$40.78,0.63,$31.88,0.8,$2.34,10.93,$-3.76,0.0,$0.42B,$0.07B,5.88,$0.00B,$0.58B,0.0,$0.45B,$0.13B,27.81%,$0.45B,$-0.04B,-9.27%,$0.45B,$-0.04B,-9.27%,$0.45B,$-0.04B,-8.61%,$0.45B,$-0.04B,-9.05%,$0.45B,$-0.05B,-11.48%,$-0.05B,$0.58B,-8.54%,$-0.05B,$0.58B,-8.54%,$-0.05B,$0.68B,-7.25%,$-0.04B,$0.58B,-6.90%,$117,$84,$33,$0,$21,$124,$-7,$0,$-7,$28,$-35,$-35,$-33,$-45,$-7,$14,14,$-2.33,$-2.33,$293,$0,$0,$417,$123,$56,$0,$2,$266,$683,$71,$0,$17,$30,$100,$0,$-879,$-4,$583,$683,$-53,$4,$95,$99,$0,$0,$0,$-10,$-10,$36,$-1,$0,$0,$0,$-52,$-52,$-32,$-85,$0,$0,$0,$2,$2,$0,$-2,$0,$-49,$2,$0
36,2009-09-30,25.6,$43.66,0.59,$32.38,0.79,$1.75,14.59,$-8.39,0.0,$0.44B,$0.08B,5.68,$0.00B,$0.62B,0.0,$0.46B,$0.13B,27.83%,$0.46B,$-0.14B,-30.65%,$0.46B,$-0.14B,-30.65%,$0.46B,$-0.12B,-25.65%,$0.46B,$-0.14B,-30.00%,$0.46B,$-0.12B,-25.43%,$-0.12B,$0.62B,-18.89%,$-0.12B,$0.62B,-18.89%,$-0.12B,$0.72B,-15.96%,$-0.14B,$0.62B,-22.77%,$107,$78,$29,$0,$25,$118,$-11,$1,$-11,$-3,$-8,$-8,$-6,$3,$-11,$14,14,$-0.46,$-0.46,$296,$0,$2,$442,$207,$41,$0,$13,$282,$724,$78,$0,$31,$31,$109,$0,$-846,$-1,$615,$724,$-20,$42,$6,$48,$14,$0,$0,$-23,$-9,$19,$-20,$0,$-3,$0,$-39,$-39,$-2,$-63,$-1,$0,$-1,$0,$0,$0,$0,$-1,$-46,$2,$0
37,2009-06-30,26.58,$43.98,0.6,$35.29,0.75,$2.56,10.37,$-7.93,0.0,$0.46B,$0.09B,5.32,$0.00B,$0.62B,0.0,$0.50B,$0.14B,27.45%,$0.50B,$-0.13B,-26.85%,$0.50B,$-0.13B,-26.85%,$0.50B,$-0.11B,-22.04%,$0.50B,$-0.13B,-25.65%,$0.50B,$-0.07B,-14.43%,$-0.07B,$0.62B,-11.08%,$-0.07B,$0.62B,-11.50%,$-0.07B,$0.74B,-9.31%,$-0.13B,$0.62B,-20.62%,$114,$84,$31,$0,$28,$127,$-13,$0,$-12,$-4,$-8,$-8,$-7,$1,$-13,$14,14,$-0.51,$-0.51,$309,$0,$2,$455,$216,$32,$0,$13,$281,$736,$85,$0,$31,$31,$117,$0,$-840,$-1,$619,$736,$-14,$28,$7,$34,$11,$0,$0,$-14,$-3,$18,$-16,$0,$-3,$0,$-31,$-31,$-0,$-49,$-1,$0,$-1,$0,$0,$0,$0,$-1,$-33,$1,$0
