,Date,Stock Price,Book Value per Share,Price to Book Ratio,TTM Sales per Share,Price to Sales Ratio,TTM FCF per Share,Price to FCF Ratio,TTM Net EPS,PE Ratio,Current Assets,Current Liabilities,Current Ratio,Long Term Debt,Shareholder's Equity_x,Debt to Equity Ratio,TTM Revenue_x,TTM Gross Profit,Gross Margin,TTM Revenue_y,TTM Operating Income,Operating Margin,TTM Revenue_x,TTM EBIT,EBIT Margin,TTM Revenue_y,TTM EBITDA,EBITDA Margin,TTM Revenue_x,TTM Pre-Tax Income,Pre-Tax Margin,TTM Revenue_y,TTM Net Income_x,Net Margin,TTM Net Income_y,Shareholder's Equity_y,Return on Equity,TTM Net Income_x,Tangible Equity,Return on Tangible Equity,TTM Net Income_y,Total Assets,Return on Assets,TTM Net Income,LT Investments & Debt,Return on Investment,revenue,cost-goods-sold,gross-profit,research-development-expenses,selling-general-administrative-expenses,operating-expenses,operating-income,total-non-operating-income-expense,pre-tax-income,total-provision-income-taxes,income-after-taxes,income-from-continuous-operations,net-income,ebitda,ebit,basic-shares-outstanding,shares-outstanding,eps-basic-net-earnings-per-share,eps-earnings-per-share-diluted,cash-on-hand,inventory,other-current-assets,total-current-assets,net-property-plant-equipment,long-term-investments,goodwill-intangible-assets-total,other-long-term-assets,total-long-term-assets,total-assets,total-current-liabilities,long-term-debt,other-non-current-liabilities,total-long-term-liabilities,total-liabilities,common-stock-net,retained-earnings-accumulated-deficit,comprehensive-income,total-share-holder-equity,total-liabilities-share-holders-equity,net-income-loss,total-depreciation-amortization-cash-flow,other-non-cash-items,total-non-cash-items,change-in-accounts-receivable,change-in-inventories,change-in-accounts-payable,change-in-assets-liabilities,total-change-in-assets-liabilities,cash-flow-from-operating-activities,net-change-in-property-plant-equipment,net-change-in-intangible-assets,net-acquisitions-divestitures,net-change-in-short-term-investments,net-change-in-long-term-investments,net-change-in-investments-total,investing-activities-other,cash-flow-from-investing-activities,net-long-term-debt,net-current-debt,debt-issuance-retirement-net-total,net-common-equity-issued-repurchased,net-total-equity-issued-repurchased,total-common-preferred-stock-dividends-paid,financial-activities-other,cash-flow-from-financial-activities,net-cash-flow,stock-based-compensation,common-stock-dividends-paid
0,2018-06-30,3.4,$12.01,0.28,$3.33,1.02,$-0.80,0.0,0,0.0,$0.06B,$0.00B,0.0,$0.00B,$0.08B,0.0,$0.02B,$0.02B,100.00%,$0.02B,$0.01B,21.74%,$0.02B,$0.01B,21.74%,$0.02B,$0.01B,26.09%,$0.02B,$0.01B,26.09%,$0.02B,$-0.00B,-17.39%,$-0.00B,$0.08B,-4.16%,$-0.00B,$0.08B,-4.21%,$-0.00B,$0.08B,-3.33%,$0.01B,$0.08B,5.19%,$7,$0,$7,$0,$4,$4,$3,$-0,$3,$1,$2,$2,$2,$3,$3,$7,7,$0.29,$0.29,$39,$0,$0,$56,$0,$14,$1,$1,$26,$82,$0,$0,$2,$2,$2,$0,$79,$0,$80,$82,$0,$0,$4,$4,$0,$0,$0,$-4,$-1,$3,$-0,$0,$4,$-1,$53,$52,$-13,$43,$0,$0,$0,$0,$0,$-35,$1,$-34,$13,$0,$-35
1,2018-03-31,3.75,$11.71,0.32,$3.03,1.24,$-2.71,0.0,$0.27,13.89,$0.05B,$0.00B,0.0,$0.00B,$0.08B,0.0,$0.02B,$0.02B,100.00%,$0.02B,$0.00B,4.76%,$0.02B,$0.00B,4.76%,$0.02B,$0.00B,9.52%,$0.02B,$0.01B,23.81%,$0.02B,$-0.00B,-19.05%,$-0.00B,$0.08B,-3.77%,$-0.00B,$0.08B,-3.82%,$-0.00B,$0.08B,-2.62%,$0.00B,$0.08B,0.92%,$6,$0,$6,$0,$3,$3,$2,$-1,$2,$1,$1,$1,$1,$3,$2,$7,7,$0.15,$0.15,$32,$0,$0,$52,$0,$16,$1,$2,$28,$80,$0,$0,$2,$2,$2,$0,$77,$-0,$78,$80,$-2,$0,$4,$4,$0,$0,$0,$-4,$-3,$-0,$0,$0,$4,$1,$53,$54,$-16,$43,$0,$0,$0,$0,$0,$-35,$1,$-34,$9,$0,$-35
2,2017-12-31,3.58,$16.94,0.21,$2.73,1.31,$-3.41,0.0,$-0.30,0.0,$0.05B,$0.00B,0.0,$0.00B,$0.11B,0.0,$0.02B,$0.02B,100.00%,$0.02B,$-0.01B,-40.00%,$0.02B,$-0.01B,-40.00%,$0.02B,$-0.01B,-40.00%,$0.02B,$-0.01B,-25.00%,$0.02B,$-0.01B,-65.00%,$-0.01B,$0.11B,-11.26%,$-0.01B,$0.11B,-11.38%,$-0.01B,$0.12B,-7.04%,$-0.01B,$0.11B,-6.64%,$5,$0,$5,$0,$4,$4,$1,$0,$1,$4,$-3,$-3,$-3,$1,$1,$7,7,$-0.40,$-0.40,$29,$0,$0,$50,$0,$55,$1,$1,$66,$116,$0,$0,$3,$3,$3,$0,$111,$0,$112,$116,$-3,$0,$4,$4,$0,$0,$0,$-1,$-1,$1,$0,$0,$4,$1,$-1,$0,$-1,$4,$0,$0,$0,$0,$0,$0,$1,$1,$6,$0,$0
3,2017-09-30,3.61,$17.33,0.21,$2.40,1.51,$-3.99,0.0,$-0.36,0.0,$0.04B,$0.00B,0.0,$0.00B,$0.12B,0.0,$0.02B,$0.02B,100.00%,$0.02B,$-0.01B,-50.00%,$0.02B,$-0.01B,-50.00%,$0.02B,$-0.01B,-50.00%,$0.02B,$-0.01B,-35.00%,$0.02B,$-0.01B,-65.00%,$-0.01B,$0.12B,-9.85%,$-0.01B,$0.11B,-9.96%,$-0.01B,$0.20B,-5.91%,$-0.01B,$0.12B,-6.45%,$5,$0,$5,$0,$6,$6,$-1,$1,$-0,$1,$-1,$-1,$-4,$-1,$-1,$9,9,$-0.75,$-0.74,$23,$0,$0,$40,$0,$54,$1,$1,$162,$202,$0,$0,$5,$87,$87,$0,$114,$0,$115,$202,$-8,$0,$-5,$-5,$0,$0,$0,$10,$2,$-12,$-0,$0,$0,$55,$3,$58,$-2,$56,$0,$0,$0,$-54,$-54,$0,$12,$-43,$1,$0,$0
4,2017-06-30,3.87,$17.99,0.22,$1.77,2.19,$-3.38,0.0,$0.02,193.52,$0.05B,$0.00B,0.0,$0.01B,$0.12B,0.08,$0.02B,$0.02B,100.00%,$0.02B,$-0.01B,-86.67%,$0.02B,$-0.01B,-86.67%,$0.02B,$-0.01B,-86.67%,$0.02B,$-0.01B,-40.00%,$0.02B,$-0.01B,-33.33%,$-0.01B,$0.12B,-3.36%,$-0.01B,$0.12B,-3.40%,$-0.01B,$0.21B,-2.14%,$-0.01B,$0.13B,-7.57%,$5,$0,$5,$0,$6,$6,$-1,$2,$2,$0,$2,$2,$2,$-1,$-1,$7,7,$0.32,$0.31,$31,$0,$0,$48,$0,$52,$1,$3,$165,$213,$0,$10,$5,$93,$93,$0,$118,$0,$119,$213,$-7,$0,$-1,$-1,$0,$0,$0,$4,$-2,$-10,$-0,$0,$0,$53,$3,$56,$-2,$54,$10,$0,$10,$-54,$-54,$0,$9,$-36,$9,$0,$0
5,2017-03-31,3.89,$17.68,0.22,$1.45,2.69,$-2.36,0.0,$0.01,389.43,$0.04B,$0.00B,0.0,$0.01B,$0.12B,0.08,$0.02B,$0.02B,100.00%,$0.02B,$-0.01B,-81.25%,$0.02B,$-0.01B,-81.25%,$0.02B,$-0.01B,-81.25%,$0.02B,$-0.00B,-18.75%,$0.02B,$-0.00B,-18.75%,$-0.00B,$0.12B,-1.84%,$-0.00B,$0.12B,-1.86%,$-0.00B,$0.21B,-1.24%,$-0.01B,$0.13B,-6.52%,$5,$0,$5,$0,$12,$13,$-7,$-0,$-8,$-1,$-7,$-7,$-8,$-7,$-7,$10,10,$-0.82,$-0.82,$24,$0,$0,$44,$0,$49,$1,$5,$165,$208,$0,$10,$6,$92,$92,$0,$116,$0,$116,$208,$-9,$0,$4,$4,$0,$0,$0,$4,$-3,$-7,$-0,$0,$0,$51,$3,$54,$-7,$47,$10,$0,$10,$-54,$-54,$0,$7,$-38,$2,$0,$0
6,2016-12-31,4.68,$15.01,0.31,$1.36,3.43,$-1.86,0.0,$0.43,10.89,$0.09B,$0.00B,0.0,$0.07B,$0.18B,0.4,$0.02B,$0.02B,100.00%,$0.02B,$-0.01B,-58.82%,$0.02B,$-0.01B,-58.82%,$0.02B,$-0.01B,-58.82%,$0.02B,$0.00B,5.88%,$0.02B,$0.00B,17.65%,$0.00B,$0.18B,1.69%,$0.00B,$0.18B,1.71%,$0.00B,$0.26B,1.20%,$-0.01B,$0.25B,-4.42%,$5,$0,$5,$0,$7,$7,$-1,$0,$-1,$1,$-2,$-2,$-3,$-1,$-1,$12,12,$-0.25,$-0.25,$70,$0,$0,$89,$0,$51,$3,$97,$168,$257,$0,$72,$8,$79,$79,$0,$126,$-2,$178,$257,$-2,$0,$-1,$-1,$0,$0,$0,$1,$-3,$-5,$-0,$0,$0,$-1,$-0,$-1,$-3,$-3,$0,$0,$0,$0,$0,$0,$4,$4,$-4,$-0,$0
7,2016-09-30,5.02,$15.31,0.33,$1.86,2.7,$-1.42,0.0,$0.64,7.84,$0.09B,$0.00B,0.0,$0.00B,$0.18B,0.0,$0.02B,$0.02B,100.00%,$0.02B,$-0.01B,-20.83%,$0.02B,$-0.01B,-20.83%,$0.02B,$-0.01B,-20.83%,$0.02B,$0.01B,20.83%,$0.02B,$0.01B,33.33%,$0.01B,$0.18B,4.53%,$0.01B,$0.18B,4.58%,$0.01B,$0.26B,3.28%,$-0.01B,$0.18B,-2.26%,$-0,$0,$-0,$0,$4,$3,$-4,$5,$1,$-0,$1,$1,$4,$-4,$-4,$12,13,$0.31,$0.30,$73,$0,$0,$88,$0,$52,$1,$7,$167,$255,$0,$0,$4,$73,$73,$0,$127,$1,$182,$255,$5,$0,$-22,$-22,$0,$0,$0,$1,$8,$-9,$-0,$0,$0,$6,$3,$8,$-9,$-1,$0,$0,$0,$-10,$-10,$0,$16,$6,$-4,$1,$0
8,2016-06-30,5.05,$14.91,0.34,$1.22,4.14,$-2.31,0.0,$0.34,14.86,$0.09B,$0.00B,0.0,$0.06B,$0.18B,0.36,$0.02B,$0.02B,100.00%,$0.02B,$-0.01B,-33.33%,$0.02B,$-0.01B,-33.33%,$0.02B,$-0.01B,-40.00%,$0.02B,$0.00B,6.67%,$0.02B,$0.00B,26.67%,$0.00B,$0.18B,2.26%,$0.00B,$0.17B,2.29%,$0.00B,$0.25B,1.66%,$-0.01B,$0.24B,-2.25%,$6,$0,$6,$0,$7,$7,$-1,$6,$5,$2,$3,$3,$4,$-1,$-1,$12,12,$0.32,$0.31,$74,$0,$0,$94,$0,$47,$3,$89,$152,$246,$0,$63,$7,$69,$69,$0,$124,$-0,$176,$246,$2,$0,$-10,$-10,$0,$0,$0,$-0,$2,$-5,$-0,$0,$0,$5,$2,$7,$-8,$-1,$0,$0,$0,$-10,$-10,$0,$11,$1,$-5,$1,$0
9,2016-03-31,4.26,$14.44,0.29,$1.51,2.81,$-2.27,0.0,$0.09,47.31,$0.10B,$0.00B,0.0,$0.06B,$0.17B,0.34,$0.02B,$0.02B,100.00%,$0.02B,$-0.00B,-15.79%,$0.02B,$-0.00B,-15.79%,$0.02B,$-0.00B,-21.05%,$0.02B,$-0.00B,-21.05%,$0.02B,0,0.00%,$0.00B,$0.17B,0.00%,$0.00B,$0.17B,0.00%,$0.00B,$0.24B,0.00%,$-0.00B,$0.23B,-1.37%,$6,$0,$6,$0,$10,$10,$-4,$0,$-4,$-1,$-2,$-2,$-2,$-4,$-4,$12,12,$-0.15,$-0.15,$75,$0,$0,$100,$0,$39,$3,$84,$139,$239,$0,$59,$6,$65,$65,$0,$121,$-1,$173,$239,$-1,$0,$-2,$-1,$0,$0,$0,$-0,$-0,$-3,$-0,$0,$0,$3,$3,$7,$-6,$1,$0,$0,$0,$-8,$-8,$0,$8,$-1,$-2,$0,$0
10,2015-12-31,3.8,$14.49,0.26,$1.82,2.09,$-2.37,0.0,$0.31,12.25,$0.10B,$0.00B,0.0,$0.06B,$0.18B,0.32,$0.02B,$0.02B,100.00%,$0.02B,$0.00B,13.04%,$0.02B,$0.00B,13.04%,$0.02B,$0.00B,8.70%,$0.02B,$0.00B,4.35%,$0.02B,$0.00B,8.70%,$0.00B,$0.18B,1.10%,$0.00B,$0.17B,1.12%,$0.00B,$0.24B,0.85%,$0.00B,$0.23B,1.38%,$12,$0,$12,$0,$8,$8,$4,$-1,$3,$1,$2,$2,$2,$4,$4,$12,12,$0.15,$0.15,$78,$0,$0,$102,$0,$39,$3,$79,$134,$236,$0,$56,$4,$60,$60,$0,$122,$-1,$176,$236,$2,$0,$-3,$-3,$0,$0,$0,$-0,$1,$-0,$-0,$0,$0,$3,$0,$3,$-1,$2,$4,$0,$4,$-7,$-7,$0,$-0,$-3,$-2,$0,$0
11,2015-09-30,4.08,$14.26,0.29,$1.65,2.47,$-2.55,0.0,$0.19,21.45,$0.10B,$0.00B,0.0,$0.00B,$0.18B,0.0,$0.02B,$0.02B,100.00%,$0.02B,0,0.00%,$0.02B,0,0.00%,$0.02B,$-0.00B,-4.76%,$0.02B,$-0.00B,-9.52%,$0.02B,0,0.00%,$0.00B,$0.18B,0.00%,$0.00B,$0.18B,0.00%,$0.00B,$0.24B,0.00%,$0.00B,$0.18B,0.00%,$-9,$0,$-9,$0,$-3,$-4,$-4,$2,$-3,$-1,$-2,$-2,$0,$-5,$-4,$13,13,$0.00,$0.00,$80,$0,$0,$104,$0,$45,$1,$7,$137,$240,$0,$0,$2,$57,$57,$0,$119,$0,$183,$240,$-1,$0,$-13,$-12,$0,$0,$0,$-2,$-9,$-22,$-0,$0,$0,$20,$-11,$8,$-11,$-3,$0,$0,$0,$-1,$-1,$0,$19,$18,$-6,$1,$0
12,2015-06-30,4.0,$13.98,0.29,$2.05,1.96,$-1.47,0.0,$0.12,33.37,$0.12B,$0.00B,224.1,$0.05B,$0.18B,0.26,$0.03B,$0.03B,100.00%,$0.03B,$0.00B,3.85%,$0.03B,$0.00B,3.85%,$0.03B,$0.00B,3.85%,$0.03B,0,0.00%,$0.03B,0,0.00%,$0.00B,$0.18B,0.00%,$0.00B,$0.18B,0.00%,$0.00B,$0.23B,0.00%,$0.00B,$0.23B,0.45%,$10,$0,$10,$0,$9,$9,$1,$-1,$0,$0,$0,$0,$0,$1,$1,$13,13,$0.01,$0.01,$97,$0,$0,$117,$0,$42,$3,$64,$117,$234,$1,$47,$4,$51,$51,$0,$119,$-0,$183,$234,$1,$0,$-6,$-5,$0,$0,$0,$-1,$-0,$-5,$-0,$0,$0,$7,$-5,$2,$-12,$-10,$14,$0,$14,$0,$0,$0,$-1,$14,$-1,$1,$0
13,2015-03-31,3.99,$14.04,0.28,$1.93,2.07,$-0.97,0.0,$0.52,7.66,$0.12B,$0.00B,316.55,$0.04B,$0.18B,0.23,$0.02B,$0.02B,100.00%,$0.02B,$0.03B,112.50%,$0.02B,$0.03B,112.50%,$0.02B,$0.03B,116.67%,$0.02B,$0.01B,33.33%,$0.02B,$0.01B,20.83%,$0.01B,$0.18B,2.75%,$0.01B,$0.18B,2.79%,$0.01B,$0.23B,2.27%,$0.03B,$0.23B,12.46%,$10,$0,$10,$0,$9,$9,$2,$-1,$1,$1,$0,$0,$0,$2,$2,$13,13,$0.03,$0.03,$96,$0,$0,$120,$0,$39,$3,$60,$110,$229,$0,$42,$4,$46,$46,$0,$120,$-0,$183,$229,$1,$0,$-4,$-4,$0,$0,$0,$-2,$-1,$-5,$-0,$0,$0,$4,$-5,$-1,$-6,$-8,$10,$0,$10,$0,$0,$0,$-0,$10,$-3,$1,$0
14,2014-12-31,4.18,$13.93,0.3,$1.74,2.41,$-0.58,0.0,$0.56,7.47,$0.12B,$0.00B,0.0,$0.04B,$0.18B,0.21,$0.02B,$0.02B,100.00%,$0.02B,$0.03B,118.18%,$0.02B,$0.03B,118.18%,$0.02B,$0.03B,122.73%,$0.02B,$0.01B,31.82%,$0.02B,$0.01B,22.73%,$0.01B,$0.18B,2.78%,$0.01B,$0.18B,2.82%,$0.01B,$0.22B,2.25%,$0.03B,$0.22B,11.90%,$10,$0,$10,$0,$10,$10,$1,$-0,$0,$0,$0,$0,$0,$1,$1,$13,13,$0.03,$0.03,$95,$0,$0,$122,$1,$38,$3,$53,$101,$223,$0,$38,$3,$41,$41,$0,$119,$-0,$182,$223,$0,$0,$-2,$-2,$0,$0,$0,$-1,$-1,$-2,$0,$0,$0,$3,$-5,$-2,$-3,$-5,$6,$0,$6,$0,$0,$0,$-0,$6,$-1,$0,$0
15,2014-09-30,3.92,$13.96,0.28,$1.51,2.59,$-0.22,0.0,$0.71,5.53,$0.13B,$0.00B,0.0,$0.03B,$0.18B,0.18,$0.02B,$0.02B,100.00%,$0.02B,$0.03B,142.11%,$0.02B,$0.03B,142.11%,$0.02B,$0.03B,147.37%,$0.02B,$0.01B,47.37%,$0.02B,$0.01B,31.58%,$0.01B,$0.18B,3.37%,$0.01B,$0.18B,3.42%,$0.01B,$0.22B,2.67%,$0.03B,$0.21B,12.20%,$-4,$0,$-4,$0,$0,$-0,$-3,$3,$-1,$0,$-1,$-1,$-0,$-3,$-3,$13,13,$-0.02,$-0.01,$96,$0,$0,$126,$1,$32,$3,$48,$91,$217,$0,$32,$4,$36,$36,$0,$119,$0,$181,$217,$5,$0,$-14,$-13,$0,$0,$0,$-0,$1,$-8,$0,$0,$0,$9,$5,$13,$-12,$1,$-10,$0,$-10,$0,$0,$0,$7,$-2,$-8,$2,$0
16,2014-06-30,3.94,$13.91,0.28,$2.32,1.7,$1.54,2.56,$0.85,4.64,$0.13B,$0.00B,42.08,$0.03B,$0.18B,0.15,$0.03B,$0.03B,100.00%,$0.03B,$0.03B,106.67%,$0.03B,$0.03B,106.67%,$0.03B,$0.03B,110.00%,$0.03B,$0.01B,40.00%,$0.03B,$0.01B,23.33%,$0.01B,$0.18B,3.98%,$0.01B,$0.18B,4.03%,$0.01B,$0.21B,3.13%,$0.03B,$0.21B,14.55%,$8,$0,$8,$0,$7,$-19,$27,$-20,$8,$3,$5,$5,$5,$28,$27,$13,13,$0.36,$0.35,$96,$0,$0,$130,$1,$32,$3,$41,$84,$214,$3,$27,$3,$30,$33,$0,$118,$0,$181,$214,$6,$0,$-9,$-8,$0,$0,$0,$-1,$4,$2,$0,$0,$-6,$1,$0,$1,$1,$-3,$-8,$0,$-8,$0,$0,$0,$0,$-8,$-9,$1,$0
17,2014-03-31,3.95,$13.50,0.29,$2.55,1.55,$2.21,1.79,$0.23,17.18,$0.15B,$0.00B,768.2,$0.06B,$0.18B,0.33,$0.03B,$0.03B,100.00%,$0.03B,$0.01B,30.30%,$0.03B,$0.01B,30.30%,$0.03B,$0.01B,30.30%,$0.03B,$-0.00B,-6.06%,$0.03B,$-0.00B,-3.03%,$-0.00B,$0.18B,-0.58%,$-0.00B,$0.17B,-0.58%,$-0.00B,$0.24B,-0.44%,$0.01B,$0.23B,4.47%,$8,$0,$8,$0,$8,$7,$1,$-0,$0,$0,$0,$0,$0,$1,$1,$13,13,$0.01,$0.01,$99,$0,$0,$154,$1,$30,$3,$38,$81,$235,$0,$57,$2,$59,$60,$0,$114,$-0,$175,$235,$1,$0,$-2,$-1,$0,$0,$0,$-1,$0,$1,$0,$0,$-6,$-1,$0,$-1,$4,$-2,$-5,$0,$-5,$0,$0,$0,$-1,$-5,$-7,$1,$0
18,2013-12-31,4.02,$13.47,0.3,$2.68,1.5,$2.72,1.48,$0.19,21.18,$0.16B,$0.00B,0.0,$0.06B,$0.18B,0.32,$0.03B,$0.03B,100.00%,$0.03B,$0.01B,38.24%,$0.03B,$0.01B,38.24%,$0.03B,$0.01B,38.24%,$0.03B,$0.00B,2.94%,$0.03B,$0.00B,2.94%,$0.00B,$0.18B,0.58%,$0.00B,$0.17B,0.59%,$0.00B,$0.23B,0.45%,$0.01B,$0.23B,5.85%,$7,$0,$7,$0,$6,$5,$2,$-0,$2,$1,$1,$1,$1,$2,$2,$13,13,$0.07,$0.07,$96,$0,$0,$156,$1,$30,$3,$35,$78,$233,$0,$56,$2,$59,$59,$0,$114,$-1,$175,$233,$1,$0,$-0,$0,$0,$0,$0,$-1,$1,$2,$0,$0,$-6,$4,$0,$4,$5,$4,$-5,$0,$-5,$0,$0,$0,$-0,$-5,$1,$0,$0
19,2013-09-30,4.25,$13.36,0.32,$2.91,1.46,$2.87,1.48,$0.21,20.23,$0.16B,$0.00B,0.0,$0.04B,$0.17B,0.21,$0.04B,$0.04B,100.00%,$0.04B,$0.02B,43.24%,$0.04B,$0.02B,43.24%,$0.04B,$0.02B,43.24%,$0.04B,$0.00B,8.11%,$0.04B,$0.00B,5.41%,$0.00B,$0.17B,1.18%,$0.00B,$0.17B,1.18%,$0.00B,$0.21B,0.89%,$0.02B,$0.21B,7.22%,$7,$0,$7,$0,$6,$5,$2,$0,$2,$0,$2,$2,$1,$2,$2,$13,13,$0.11,$0.10,$94,$0,$0,$161,$1,$36,$1,$4,$50,$212,$0,$36,$2,$38,$38,$0,$113,$-1,$173,$212,$2,$0,$13,$14,$0,$0,$0,$-0,$0,$16,$-1,$0,$0,$61,$0,$61,$-17,$43,$-26,$0,$-26,$-1,$-1,$-1,$-1,$-29,$30,$2,$-1
20,2013-06-30,4.13,$12.92,0.32,$3.01,1.38,$2.86,1.45,$0.18,22.96,$0.20B,$0.00B,0.0,$0.05B,$0.17B,0.32,$0.04B,$0.04B,100.00%,$0.04B,$0.02B,46.15%,$0.04B,$0.02B,46.15%,$0.04B,$0.02B,46.15%,$0.04B,$0.00B,7.69%,$0.04B,$0.00B,5.13%,$0.00B,$0.17B,1.19%,$0.00B,$0.17B,1.19%,$0.00B,$0.22B,0.87%,$0.02B,$0.22B,7.94%,$11,$0,$11,$0,$7,$6,$5,$-11,$-6,$-2,$-3,$-3,$-3,$5,$5,$13,13,$-0.26,$-0.26,$139,$0,$0,$204,$1,$0,$0,$7,$19,$224,$0,$54,$2,$56,$56,$0,$107,$-1,$167,$224,$1,$0,$12,$12,$0,$0,$0,$-3,$-2,$11,$-1,$0,$0,$47,$0,$47,$-14,$32,$-7,$0,$-7,$-1,$-1,$-1,$0,$-10,$33,$1,$-1
21,2013-03-31,4.59,$13.15,0.35,$2.94,1.56,$3.14,1.46,$0.60,7.65,$0.18B,$0.00B,0.0,$0.06B,$0.17B,0.33,$0.04B,$0.04B,100.00%,$0.04B,$0.02B,47.50%,$0.04B,$0.02B,47.50%,$0.04B,$0.02B,47.50%,$0.04B,$0.01B,35.00%,$0.04B,$0.01B,20.00%,$0.01B,$0.17B,4.73%,$0.01B,$0.17B,4.73%,$0.01B,$0.23B,3.44%,$0.02B,$0.23B,8.28%,$9,$0,$9,$0,$6,$6,$4,$-1,$3,$1,$2,$2,$2,$4,$4,$13,13,$0.12,$0.12,$108,$0,$0,$184,$1,$28,$0,$5,$45,$229,$0,$57,$2,$59,$59,$0,$110,$-0,$170,$229,$4,$0,$2,$2,$0,$0,$0,$-0,$2,$8,$-1,$0,$0,$33,$0,$33,$-10,$22,$-5,$0,$-5,$-2,$-2,$-1,$0,$-7,$23,$1,$-1
22,2012-12-31,4.54,$13.03,0.35,$2.99,1.52,$3.25,1.4,$0.70,6.49,$0.19B,$0.00B,0.0,$0.06B,$0.17B,0.35,$0.04B,$0.04B,100.00%,$0.04B,$0.02B,47.62%,$0.04B,$0.02B,47.62%,$0.04B,$0.02B,50.00%,$0.04B,$0.02B,35.71%,$0.04B,$0.01B,19.05%,$0.01B,$0.17B,4.67%,$0.01B,$0.17B,4.67%,$0.01B,$0.23B,3.37%,$0.02B,$0.23B,8.55%,$10,$0,$10,$0,$6,$6,$5,$-1,$4,$2,$3,$3,$2,$5,$5,$13,13,$0.19,$0.19,$107,$0,$0,$190,$1,$23,$0,$5,$40,$230,$0,$59,$2,$61,$61,$0,$109,$-0,$169,$230,$3,$0,$1,$1,$0,$0,$0,$0,$1,$5,$-1,$0,$0,$19,$0,$19,$-4,$14,$-3,$0,$-3,$-1,$-1,$-1,$0,$-5,$13,$0,$-1
23,2012-09-30,4.45,$12.96,0.34,$2.90,1.53,$3.29,1.35,$0.70,6.36,$0.20B,$0.00B,763.16,$0.06B,$0.17B,0.37,$0.04B,$0.04B,100.00%,$0.04B,$0.02B,50.00%,$0.04B,$0.02B,50.00%,$0.04B,$0.02B,52.38%,$0.04B,$0.02B,38.10%,$0.04B,$0.01B,21.43%,$0.01B,$0.17B,5.20%,$0.01B,$0.17B,5.20%,$0.01B,$0.23B,3.72%,$0.02B,$0.23B,8.81%,$9,$0,$9,$0,$7,$5,$4,$-2,$2,$1,$1,$1,$1,$4,$4,$14,14,$0.12,$0.11,$107,$0,$0,$198,$1,$19,$0,$5,$35,$233,$0,$61,$3,$64,$65,$0,$107,$0,$169,$233,$10,$0,$6,$7,$0,$0,$0,$-0,$1,$18,$-1,$0,$0,$-17,$0,$-17,$-52,$-70,$-10,$0,$-10,$-16,$-16,$-1,$-0,$-27,$-79,$2,$-1
24,2012-06-30,4.43,$11.54,0.38,$2.94,1.51,$3.20,1.38,$0.69,6.42,$0.21B,$0.00B,156.53,$0.06B,$0.17B,0.38,$0.04B,$0.04B,100.00%,$0.04B,$0.02B,48.84%,$0.04B,$0.02B,48.84%,$0.04B,$0.02B,51.16%,$0.04B,$0.02B,39.53%,$0.04B,$0.01B,23.26%,$0.01B,$0.17B,5.75%,$0.01B,$0.17B,5.75%,$0.01B,$0.24B,4.07%,$0.02B,$0.23B,8.68%,$12,$0,$12,$0,$6,$6,$6,$-1,$5,$2,$3,$3,$3,$6,$6,$14,14,$0.22,$0.21,$111,$0,$0,$207,$0,$13,$0,$5,$31,$238,$1,$64,$3,$67,$68,$0,$106,$0,$169,$238,$9,$0,$3,$3,$0,$0,$0,$-5,$4,$16,$-0,$0,$0,$-16,$0,$-16,$-38,$-55,$-7,$0,$-7,$-13,$-13,$-1,$-0,$-21,$-60,$1,$-1
25,2012-03-31,3.85,$12.16,0.32,$2.89,1.33,$3.20,1.2,$0.71,5.43,$0.23B,$0.00B,783.41,$0.07B,$0.18B,0.38,$0.04B,$0.04B,100.00%,$0.04B,$0.02B,50.00%,$0.04B,$0.02B,50.00%,$0.04B,$0.02B,52.38%,$0.04B,$0.02B,42.86%,$0.04B,$0.01B,23.81%,$0.01B,$0.18B,5.72%,$0.01B,$0.18B,5.72%,$0.01B,$0.25B,4.02%,$0.02B,$0.25B,8.56%,$11,$0,$11,$0,$6,$6,$5,$-1,$4,$2,$3,$3,$2,$6,$5,$15,15,$0.17,$0.17,$125,$0,$0,$230,$0,$0,$0,$4,$18,$248,$0,$67,$2,$69,$70,$0,$103,$0,$178,$248,$5,$0,$2,$2,$0,$0,$0,$-1,$2,$10,$-0,$0,$0,$7,$0,$7,$-8,$-1,$-5,$0,$-5,$-1,$-1,$-1,$-0,$-6,$3,$1,$-1
26,2011-12-31,3.76,$12.03,0.31,$2.88,1.31,$3.21,1.17,$0.73,5.14,$0.23B,$0.00B,695.39,$0.07B,$0.18B,0.39,$0.04B,$0.04B,100.00%,$0.04B,$0.02B,52.38%,$0.04B,$0.02B,52.38%,$0.04B,$0.02B,52.38%,$0.04B,$0.02B,45.24%,$0.04B,$0.01B,26.19%,$0.01B,$0.18B,6.39%,$0.01B,$0.18B,6.39%,$0.01B,$0.25B,4.41%,$0.02B,$0.25B,8.97%,$10,$0,$10,$0,$5,$5,$6,$-1,$5,$2,$3,$3,$3,$6,$6,$15,15,$0.20,$0.20,$112,$0,$0,$225,$0,$4,$0,$4,$23,$248,$0,$69,$3,$72,$72,$0,$101,$-0,$176,$248,$3,$0,$1,$1,$0,$0,$0,$-0,$1,$5,$-0,$0,$0,$1,$0,$1,$-4,$-3,$-2,$0,$-2,$0,$0,$-0,$0,$-3,$-1,$0,$-0
27,2011-09-30,3.81,$11.82,0.32,$2.91,1.31,$3.22,1.18,$0.71,5.36,$0.23B,$0.00B,705.56,$0.07B,$0.17B,0.41,$0.04B,$0.04B,100.00%,$0.04B,$0.02B,48.84%,$0.04B,$0.02B,48.84%,$0.04B,$0.02B,48.84%,$0.04B,$0.02B,41.86%,$0.04B,$0.01B,25.58%,$0.01B,$0.17B,6.49%,$0.01B,$0.17B,6.49%,$0.01B,$0.25B,4.41%,$0.02B,$0.25B,8.56%,$10,$0,$10,$0,$6,$6,$4,$-1,$3,$1,$2,$2,$2,$4,$4,$15,15,$0.11,$0.11,$108,$0,$0,$229,$1,$0,$0,$5,$19,$248,$0,$72,$3,$75,$75,$0,$98,$-0,$173,$248,$11,$0,$7,$8,$0,$0,$0,$2,$-1,$17,$-0,$0,$0,$21,$0,$21,$-4,$17,$-19,$0,$-19,$-0,$-0,$-1,$-4,$-24,$9,$2,$-1
28,2011-06-30,3.93,$11.73,0.33,$3.04,1.29,$6.84,0.57,$0.23,17.08,$0.23B,$0.01B,49.02,$0.07B,$0.17B,0.43,$0.04B,$0.04B,100.00%,$0.04B,$0.02B,50.00%,$0.04B,$0.02B,50.00%,$0.04B,$0.02B,52.27%,$0.04B,$0.01B,13.64%,$0.04B,$0.00B,9.09%,$0.00B,$0.17B,2.40%,$0.00B,$0.17B,2.40%,$0.00B,$0.25B,1.59%,$0.02B,$0.25B,8.86%,$11,$0,$11,$0,$5,$5,$6,$-1,$6,$2,$3,$3,$3,$6,$6,$15,15,$0.23,$0.23,$105,$0,$0,$230,$0,$0,$0,$4,$22,$252,$5,$74,$1,$76,$80,$0,$97,$0,$172,$252,$9,$0,$3,$3,$0,$0,$0,$-1,$4,$16,$-0,$0,$0,$25,$0,$25,$-0,$25,$-21,$0,$-21,$0,$0,$-1,$0,$-21,$20,$2,$-1
29,2011-03-31,4.0,$11.50,0.35,$3.09,1.29,$10.13,0.39,$0.21,19.04,$0.23B,$0.00B,76.72,$0.08B,$0.17B,0.46,$0.05B,$0.05B,100.00%,$0.05B,$0.02B,48.89%,$0.05B,$0.02B,48.89%,$0.05B,$0.02B,53.33%,$0.05B,$0.01B,11.11%,$0.05B,$0.00B,8.89%,$0.00B,$0.17B,2.42%,$0.00B,$0.17B,2.42%,$0.00B,$0.25B,1.56%,$0.02B,$0.25B,8.70%,$11,$0,$11,$0,$6,$6,$6,$-1,$5,$2,$3,$3,$3,$6,$6,$15,15,$0.20,$0.19,$93,$0,$0,$227,$0,$0,$0,$5,$23,$250,$3,$77,$1,$78,$81,$0,$94,$0,$168,$250,$6,$0,$2,$2,$0,$0,$0,$-0,$2,$10,$-0,$0,$0,$16,$0,$16,$-0,$16,$-18,$0,$-18,$0,$0,$-1,$-0,$-19,$8,$1,$-1
30,2010-12-31,3.77,$11.30,0.33,$3.11,1.21,$10.09,0.37,$0.22,17.16,$0.22B,$0.00B,149.91,$0.08B,$0.17B,0.48,$0.05B,$0.05B,100.00%,$0.05B,$0.02B,48.89%,$0.05B,$0.02B,48.89%,$0.05B,$0.02B,53.33%,$0.05B,$0.01B,11.11%,$0.05B,$0.00B,8.89%,$0.00B,$0.17B,2.43%,$0.00B,$0.17B,2.43%,$0.00B,$0.25B,1.53%,$0.02B,$0.25B,8.53%,$11,$0,$11,$0,$5,$5,$5,$-1,$4,$2,$3,$3,$3,$5,$5,$15,15,$0.18,$0.18,$82,$0,$0,$224,$0,$0,$0,$4,$23,$247,$1,$79,$1,$81,$82,$0,$91,$0,$165,$247,$3,$0,$1,$2,$0,$0,$0,$-0,$1,$5,$-0,$0,$0,$7,$0,$7,$-0,$7,$-16,$0,$-16,$0,$0,$-0,$0,$-16,$-3,$1,$-0
31,2010-09-30,3.55,$11.09,0.32,$3.14,1.13,$10.08,0.35,$0.21,16.89,$0.24B,$0.00B,809.23,$0.10B,$0.16B,0.59,$0.05B,$0.05B,100.00%,$0.05B,$0.02B,48.89%,$0.05B,$0.02B,48.89%,$0.05B,$0.03B,55.56%,$0.05B,$0.01B,11.11%,$0.05B,$0.00B,6.67%,$0.00B,$0.16B,1.84%,$0.00B,$0.16B,1.84%,$0.00B,$0.26B,1.12%,$0.02B,$0.26B,8.33%,$11,$0,$11,$0,$6,$6,$5,$-14,$-9,$-4,$-5,$-5,$-5,$6,$5,$14,15,$-0.36,$-0.36,$86,$0,$0,$236,$0,$0,$0,$4,$23,$259,$0,$95,$2,$97,$97,$0,$89,$0,$162,$259,$3,$1,$20,$21,$0,$0,$0,$-3,$45,$69,$-0,$0,$0,$48,$0,$48,$-9,$39,$-32,$0,$-32,$1,$1,$-1,$-3,$-35,$73,$1,$-1
32,2010-06-30,4.58,$11.43,0.4,$3.50,1.31,$7.66,0.6,$-4.97,0.0,$0.25B,$0.00B,77.72,$0.10B,$0.17B,0.59,$0.05B,$0.05B,100.00%,$0.05B,$0.03B,54.90%,$0.05B,$0.03B,54.90%,$0.05B,$0.03B,58.82%,$0.05B,$-0.11B,-223.53%,$0.05B,$-0.07B,-139.22%,$-0.07B,$0.17B,-43.83%,$-0.07B,$0.17B,-43.83%,$-0.07B,$0.27B,-25.72%,$0.03B,$0.27B,10.29%,$12,$0,$12,$0,$6,$6,$6,$-1,$5,$2,$3,$3,$3,$7,$6,$15,15,$0.21,$0.21,$80,$0,$0,$248,$0,$0,$0,$3,$22,$269,$3,$98,$1,$99,$103,$0,$95,$-0,$167,$269,$8,$1,$7,$8,$0,$0,$0,$-2,$48,$65,$-0,$0,$0,$43,$0,$43,$-0,$43,$-33,$0,$-33,$1,$1,$-1,$1,$-32,$76,$1,$-1
33,2010-03-31,3.26,$11.22,0.29,$3.88,0.84,$4.78,0.68,$-5.08,0.0,$0.25B,$0.00B,66.04,$0.10B,$0.16B,0.62,$0.06B,$0.06B,100.00%,$0.06B,$0.03B,58.93%,$0.06B,$0.03B,58.93%,$0.06B,$0.03B,60.71%,$0.06B,$-0.12B,-208.93%,$0.06B,$-0.07B,-130.36%,$-0.07B,$0.16B,-40.73%,$-0.07B,$0.16B,-40.73%,$-0.07B,$0.27B,-23.80%,$0.03B,$0.27B,10.88%,$11,$0,$11,$0,$5,$5,$6,$-1,$5,$2,$3,$3,$3,$6,$6,$14,15,$0.20,$0.20,$14,$0,$0,$248,$0,$0,$0,$3,$22,$270,$4,$101,$2,$102,$106,$0,$92,$-0,$164,$270,$5,$1,$7,$7,$0,$0,$0,$-1,$-3,$9,$-0,$0,$0,$30,$0,$30,$-0,$30,$-30,$0,$-30,$1,$1,$-1,$1,$-29,$10,$1,$-1
34,2009-12-31,3.27,$11.22,0.29,$4.38,0.75,$4.94,0.66,$-5.64,0.0,$0.25B,$0.00B,114.82,$0.11B,$0.16B,0.68,$0.06B,$0.06B,100.00%,$0.06B,$0.04B,61.90%,$0.06B,$0.04B,61.90%,$0.06B,$0.04B,63.49%,$0.06B,$-0.13B,-207.94%,$0.06B,$-0.08B,-128.57%,$-0.08B,$0.16B,-41.17%,$-0.08B,$0.16B,-41.17%,$-0.08B,$0.27B,-23.77%,$0.04B,$0.27B,11.55%,$11,$0,$11,$0,$6,$6,$5,$-1,$4,$2,$2,$2,$2,$6,$5,$14,15,$0.17,$0.17,$4,$0,$0,$246,$0,$0,$0,$3,$28,$274,$2,$109,$2,$111,$113,$0,$89,$0,$160,$274,$2,$0,$0,$1,$0,$0,$0,$0,$2,$5,$-0,$0,$0,$16,$0,$16,$-0,$16,$-21,$0,$-21,$0,$0,$-0,$0,$-21,$-0,$1,$-0
35,2009-09-30,3.48,$11.03,0.32,$4.92,0.71,$4.84,0.72,$-6.36,0.0,$0.26B,$0.00B,919.85,$0.13B,$0.16B,0.83,$0.07B,$0.07B,100.00%,$0.07B,$0.05B,64.29%,$0.07B,$0.05B,64.29%,$0.07B,$0.05B,65.71%,$0.07B,$-0.15B,-211.43%,$0.07B,$-0.09B,-130.00%,$-0.09B,$0.16B,-42.03%,$-0.09B,$0.16B,-42.03%,$-0.09B,$0.29B,-23.84%,$0.05B,$0.29B,11.90%,$17,$0,$17,$0,$6,$6,$11,$-139,$-128,$-49,$-79,$-79,$-79,$11,$11,$14,14,$-5.55,$-5.55,$5,$0,$0,$263,$1,$0,$0,$3,$28,$291,$0,$131,$2,$133,$133,$0,$87,$0,$157,$291,$-91,$2,$176,$178,$0,$0,$0,$0,$-54,$33,$-0,$0,$0,$58,$0,$58,$-0,$57,$-91,$0,$-91,$0,$0,$-1,$1,$-91,$-1,$1,$-1
36,2009-06-30,2.47,$16.56,0.15,$5.39,0.46,$6.45,0.38,$-0.76,0.0,$0.37B,$0.00B,570.2,$0.15B,$0.24B,0.65,$0.08B,$0.08B,100.00%,$0.08B,$0.05B,63.64%,$0.08B,$0.05B,63.64%,$0.08B,$0.05B,64.94%,$0.08B,$-0.02B,-24.68%,$0.08B,$-0.01B,-14.29%,$-0.01B,$0.24B,-4.60%,$-0.01B,$0.24B,-4.60%,$-0.01B,$0.39B,-2.56%,$0.05B,$0.39B,11.57%,$17,$0,$17,$0,$7,$7,$11,$-8,$2,$1,$1,$1,$1,$11,$11,$14,14,$0.10,$0.10,$5,$0,$0,$366,$1,$0,$0,$3,$26,$392,$1,$153,$2,$155,$156,$0,$167,$-0,$236,$392,$-12,$1,$40,$41,$0,$0,$0,$-1,$-8,$22,$-0,$0,$0,$46,$0,$46,$1,$47,$-69,$0,$-69,$0,$0,$-1,$1,$-69,$-0,$1,$-1
37,2009-03-31,1.12,$16.42,0.07,$5.82,0.19,$8.01,0.14,$-0.69,0.0,$0.38B,$0.00B,557.92,$0.17B,$0.23B,0.72,$0.08B,$0.08B,100.00%,$0.08B,$0.05B,64.29%,$0.08B,$0.05B,64.29%,$0.08B,$0.06B,65.48%,$0.08B,$-0.02B,-20.24%,$0.08B,$-0.01B,-11.90%,$-0.01B,$0.23B,-4.13%,$-0.01B,$0.23B,-4.13%,$-0.01B,$0.41B,-2.17%,$0.05B,$0.40B,11.92%,$18,$0,$18,$0,$6,$6,$12,$-20,$-9,$-4,$-5,$-5,$-5,$12,$12,$14,14,$-0.36,$-0.36,$5,$0,$0,$378,$1,$0,$0,$3,$28,$406,$1,$168,$3,$171,$172,$0,$165,$-1,$234,$406,$-13,$1,$32,$33,$0,$0,$0,$-1,$-8,$12,$-0,$0,$0,$40,$0,$40,$2,$41,$-53,$0,$-53,$0,$0,$-1,$0,$-54,$-1,$1,$-1
38,2008-12-31,1.23,$16.77,0.07,$6.94,0.18,$9.31,0.13,$-0.87,0.0,$0.41B,$0.00B,178.98,$0.19B,$0.24B,0.8,$0.10B,$0.10B,100.00%,$0.10B,$0.07B,69.00%,$0.10B,$0.07B,69.00%,$0.10B,$0.07B,70.00%,$0.10B,$-0.02B,-21.00%,$0.10B,$-0.01B,-13.00%,$-0.01B,$0.24B,-5.31%,$-0.01B,$0.24B,-5.31%,$-0.01B,$0.44B,-2.61%,$0.07B,$0.43B,14.17%,$18,$0,$18,$0,$7,$7,$11,$-25,$-13,$-5,$-8,$-8,$-8,$12,$11,$14,14,$-0.55,$-0.55,$4,$0,$0,$411,$1,$0,$0,$3,$26,$438,$2,$192,$4,$196,$198,$0,$171,$-1,$239,$438,$-8,$0,$15,$16,$0,$0,$0,$0,$-4,$3,$-0,$0,$0,$23,$0,$23,$1,$24,$-30,$0,$-30,$0,$0,$-1,$1,$-29,$-2,$0,$-1
39,2008-09-30,3.15,$17.36,0.18,$7.96,0.4,$10.02,0.31,$0.58,5.43,$0.46B,$0.01B,66.91,$0.22B,$0.25B,0.89,$0.12B,$0.12B,100.00%,$0.12B,$0.09B,74.14%,$0.12B,$0.09B,74.14%,$0.12B,$0.09B,75.00%,$0.12B,$0.02B,12.93%,$0.12B,$0.01B,6.90%,$0.01B,$0.25B,3.23%,$0.01B,$0.25B,3.23%,$0.01B,$0.48B,1.49%,$0.09B,$0.47B,16.44%,$24,$0,$24,$0,$9,$9,$15,$-14,$1,$1,$1,$1,$1,$15,$15,$14,15,$0.03,$0.08,$7,$0,$0,$461,$1,$1,$0,$4,$20,$481,$7,$222,$5,$226,$233,$0,$179,$-0,$248,$481,$9,$1,$52,$53,$0,$0,$0,$-3,$-4,$57,$-0,$0,$0,$43,$0,$43,$1,$43,$-105,$0,$-105,$0,$0,$-2,$5,$-101,$-1,$1,$-2
40,2008-06-30,4.05,$17.38,0.23,$9.28,0.44,$9.88,0.41,$1.41,2.87,$0.50B,$0.00B,132.04,$0.26B,$0.25B,1.05,$0.14B,$0.14B,100.00%,$0.14B,$0.11B,78.52%,$0.14B,$0.11B,78.52%,$0.14B,$0.11B,80.00%,$0.14B,$0.04B,27.41%,$0.14B,$0.02B,14.81%,$0.02B,$0.25B,8.15%,$0.02B,$0.25B,8.15%,$0.02B,$0.52B,3.57%,$0.11B,$0.51B,19.39%,$24,$0,$24,$0,$8,$8,$16,$-12,$4,$2,$2,$2,$2,$16,$16,$14,15,$0.17,$0.17,$7,$0,$0,$499,$1,$1,$0,$4,$18,$517,$4,$260,$4,$265,$268,$0,$179,$1,$248,$517,$8,$1,$44,$45,$0,$0,$0,$-3,$-8,$45,$-0,$0,$0,$16,$0,$16,$1,$17,$-74,$0,$-74,$0,$0,$-2,$13,$-63,$-2,$1,$-2
41,2008-03-31,6.2,$17.19,0.36,$10.28,0.6,$9.19,0.68,$2.27,2.73,$0.53B,$0.01B,43.96,$0.29B,$0.25B,1.2,$0.15B,$0.15B,100.00%,$0.15B,$0.12B,81.33%,$0.15B,$0.12B,81.33%,$0.15B,$0.13B,83.33%,$0.15B,$0.06B,39.33%,$0.15B,$0.03B,22.00%,$0.03B,$0.25B,13.78%,$0.03B,$0.25B,13.78%,$0.03B,$0.56B,5.71%,$0.12B,$0.54B,21.71%,$34,$0,$34,$0,$7,$7,$27,$-40,$-13,$-5,$-8,$-8,$-8,$27,$27,$14,14,$-0.54,$-0.54,$9,$0,$0,$526,$1,$1,$0,$4,$29,$555,$12,$294,$4,$297,$309,$0,$177,$0,$245,$555,$6,$1,$25,$26,$0,$0,$0,$-5,$-1,$30,$-0,$0,$0,$-2,$0,$-2,$1,$-1,$0,$0,$0,$0,$0,$-1,$-29,$-30,$-1,$0,$-1
42,2007-12-31,11.72,$18.00,0.65,$10.10,1.16,$8.38,1.4,$3.66,3.2,$0.57B,$0.01B,95.62,$0.33B,$0.25B,1.3,$0.15B,$0.15B,100.00%,$0.15B,$0.12B,81.88%,$0.15B,$0.12B,81.88%,$0.15B,$0.13B,83.89%,$0.15B,$0.09B,62.42%,$0.15B,$0.05B,36.24%,$0.05B,$0.25B,23.40%,$0.05B,$0.25B,23.40%,$0.05B,$0.59B,9.16%,$0.12B,$0.58B,21.25%,$34,$0,$34,$0,$6,$6,$28,$-6,$23,$9,$13,$13,$13,$29,$28,$14,15,$0.96,$0.90,$10,$0,$0,$574,$1,$1,$0,$5,$16,$590,$6,$325,$8,$333,$339,$0,$185,$0,$250,$590,$13,$0,$4,$4,$0,$0,$0,$-0,$-3,$14,$-0,$0,$0,$-14,$0,$-14,$1,$-13,$0,$0,$0,$0,$0,$-1,$1,$-0,$1,$0,$-1
43,2007-09-30,16.99,$17.07,1.0,$9.54,1.78,$8.04,2.11,$3.53,4.81,$0.56B,$0.01B,64.32,$0.33B,$0.24B,1.37,$0.14B,$0.14B,100.00%,$0.14B,$0.12B,81.56%,$0.14B,$0.12B,81.56%,$0.14B,$0.12B,82.98%,$0.14B,$0.09B,63.12%,$0.14B,$0.05B,36.88%,$0.05B,$0.24B,23.96%,$0.05B,$0.24B,23.96%,$0.05B,$0.58B,9.95%,$0.12B,$0.56B,22.72%,$43,$0,$43,$0,$8,$8,$35,$-13,$23,$9,$14,$13,$13,$36,$35,$14,15,$0.96,$0.91,$10,$0,$0,$561,$1,$2,$0,$4,$20,$580,$9,$326,$8,$334,$343,$0,$172,$0,$238,$580,$52,$1,$5,$6,$0,$0,$0,$-1,$-3,$56,$-0,$0,$0,$-297,$2,$-295,$4,$-291,$244,$0,$244,$1,$1,$-8,$-5,$232,$-3,$1,$-8
44,2007-06-30,17.02,$16.15,1.05,$8.63,1.97,$7.58,2.24,$3.58,4.75,$0.57B,$0.01B,42.5,$0.35B,$0.23B,1.53,$0.13B,$0.13B,100.00%,$0.13B,$0.11B,82.03%,$0.13B,$0.11B,82.03%,$0.13B,$0.11B,82.81%,$0.13B,$0.09B,69.53%,$0.13B,$0.05B,41.41%,$0.05B,$0.23B,26.04%,$0.05B,$0.23B,26.04%,$0.05B,$0.59B,11.79%,$0.11B,$0.57B,24.31%,$39,$0,$39,$0,$7,$7,$32,$-7,$26,$10,$15,$15,$15,$33,$32,$14,15,$1.10,$1.03,$21,$0,$0,$565,$1,$4,$0,$5,$22,$587,$13,$345,$5,$349,$363,$0,$160,$0,$225,$587,$39,$0,$-2,$-1,$0,$0,$0,$-5,$-3,$35,$-0,$0,$0,$-285,$4,$-281,$2,$-279,$262,$0,$262,$1,$1,$-7,$1,$257,$13,$1,$-7
45,2007-03-31,19.1,$15.08,1.27,$7.81,2.44,$7.34,2.6,$3.35,5.7,$0.57B,$0.01B,52.67,$0.38B,$0.21B,1.8,$0.12B,$0.12B,100.00%,$0.12B,$0.10B,82.61%,$0.12B,$0.10B,82.61%,$0.12B,$0.10B,82.61%,$0.12B,$0.08B,72.17%,$0.12B,$0.05B,43.48%,$0.05B,$0.21B,26.14%,$0.05B,$0.21B,26.14%,$0.05B,$0.60B,13.73%,$0.10B,$0.59B,27.12%,$33,$0,$33,$0,$6,$6,$27,$-6,$21,$9,$12,$13,$13,$27,$27,$14,15,$0.91,$0.85,$7,$0,$0,$574,$1,$4,$0,$10,$28,$602,$11,$377,$4,$381,$392,$0,$145,$0,$210,$602,$24,$0,$-2,$-2,$0,$0,$0,$-3,$-3,$19,$-0,$0,$0,$-309,$-4,$-313,$3,$-310,$294,$0,$294,$1,$1,$-7,$1,$290,$-1,$1,$-7
46,2006-12-31,13.45,$14.12,0.95,$7.30,1.84,$7.67,1.75,$3.26,4.13,$0.30B,$0.01B,23.83,$0.11B,$0.20B,0.56,$0.11B,$0.11B,100.00%,$0.11B,$0.09B,82.24%,$0.11B,$0.09B,82.24%,$0.11B,$0.09B,82.24%,$0.11B,$0.08B,75.70%,$0.11B,$0.05B,44.86%,$0.05B,$0.20B,26.67%,$0.05B,$0.20B,26.67%,$0.05B,$0.32B,17.42%,$0.09B,$0.31B,33.49%,$26,$0,$26,$0,$5,$5,$21,$-2,$19,$8,$11,$11,$11,$21,$21,$14,15,$0.82,$0.77,$7,$0,$0,$297,$1,$4,$0,$8,$24,$321,$12,$109,$4,$113,$126,$0,$133,$0,$195,$321,$11,$0,$-2,$-2,$0,$0,$0,$-1,$-0,$9,$-0,$0,$0,$-28,$-4,$-32,$2,$-30,$27,$0,$27,$0,$0,$-6,$0,$21,$-0,$0,$-6
