,Date,Stock Price,Book Value per Share,Price to Book Ratio,TTM Sales per Share,Price to Sales Ratio,TTM FCF per Share,Price to FCF Ratio,TTM Net EPS,PE Ratio,Current Assets,Current Liabilities,Current Ratio,Long Term Debt,Shareholder's Equity_x,Debt to Equity Ratio,TTM Revenue_x,TTM Gross Profit,Gross Margin,TTM Revenue_y,TTM Operating Income,Operating Margin,TTM Revenue_x,TTM EBIT,EBIT Margin,TTM Revenue_y,TTM EBITDA,EBITDA Margin,TTM Revenue_x,TTM Pre-Tax Income,Pre-Tax Margin,TTM Revenue_y,TTM Net Income_x,Net Margin,TTM Net Income_y,Shareholder's Equity_y,Return on Equity,TTM Net Income_x,Tangible Equity,Return on Tangible Equity,TTM Net Income_y,Total Assets,Return on Assets,TTM Net Income,LT Investments & Debt,Return on Investment,revenue,cost-goods-sold,gross-profit,research-development-expenses,selling-general-administrative-expenses,operating-expenses,operating-income,total-non-operating-income-expense,pre-tax-income,total-provision-income-taxes,income-after-taxes,income-from-continuous-operations,net-income,ebitda,ebit,basic-shares-outstanding,shares-outstanding,eps-basic-net-earnings-per-share,eps-earnings-per-share-diluted,cash-on-hand,inventory,other-current-assets,total-current-assets,net-property-plant-equipment,long-term-investments,goodwill-intangible-assets-total,other-long-term-assets,total-long-term-assets,total-assets,total-current-liabilities,long-term-debt,other-non-current-liabilities,total-long-term-liabilities,total-liabilities,common-stock-net,retained-earnings-accumulated-deficit,comprehensive-income,total-share-holder-equity,total-liabilities-share-holders-equity,net-income-loss,total-depreciation-amortization-cash-flow,other-non-cash-items,total-non-cash-items,change-in-accounts-receivable,change-in-inventories,change-in-accounts-payable,change-in-assets-liabilities,total-change-in-assets-liabilities,cash-flow-from-operating-activities,net-change-in-property-plant-equipment,net-change-in-intangible-assets,net-acquisitions-divestitures,net-change-in-short-term-investments,net-change-in-long-term-investments,net-change-in-investments-total,investing-activities-other,cash-flow-from-investing-activities,net-long-term-debt,net-current-debt,debt-issuance-retirement-net-total,net-common-equity-issued-repurchased,net-total-equity-issued-repurchased,total-common-preferred-stock-dividends-paid,financial-activities-other,cash-flow-from-financial-activities,net-cash-flow,stock-based-compensation,common-stock-dividends-paid
0,2018-09-30,78.93,$21.54,3.66,$59.40,1.33,$10.16,7.77,$3.39,23.28,$0.65B,$0.29B,2.22,$1.15B,$1.13B,1.02,$3.15B,$0.97B,30.90%,$3.15B,$0.25B,7.84%,$3.15B,$0.25B,7.84%,$3.15B,$0.33B,10.57%,$3.15B,$0.20B,6.32%,$3.15B,$0.18B,5.68%,$0.18B,$1.13B,16.97%,$0.18B,$-0.79B,-33.62%,$0.18B,$2.67B,7.95%,$0.25B,$2.28B,12.74%,$906,$636,$270,$0,$177,$832,$74,$-15,$60,$10,$49,$49,$49,$103,$74,$52,53,$0.94,$0.93,$41,$0,$19,$647,$82,$0,$1923,$13,$2018,$2665,$291,$1154,$17,$1243,$1535,$1,$540,$-5,$1130,$2665,$112,$71,$40,$111,$-48,$0,$10,$7,$0,$224,$-22,$0,$-760,$0,$0,$0,$-0,$-783,$591,$0,$591,$9,$9,$0,$-36,$564,$4,$22,$0
1,2018-06-30,78.19,$20.43,3.83,$54.85,1.43,$8.62,9.07,$3.12,25.06,$0.64B,$0.28B,2.28,$1.24B,$1.07B,1.16,$2.91B,$0.92B,31.65%,$2.91B,$0.23B,8.04%,$2.91B,$0.23B,8.04%,$2.91B,$0.31B,10.52%,$2.91B,$0.19B,6.63%,$2.91B,$0.17B,5.67%,$0.17B,$1.07B,16.44%,$0.17B,$-0.87B,-39.59%,$0.17B,$2.68B,8.10%,$0.23B,$2.31B,13.36%,$879,$615,$264,$0,$180,$813,$66,$-21,$45,$12,$34,$34,$34,$94,$66,$52,53,$0.64,$0.63,$45,$0,$19,$637,$84,$0,$1941,$13,$2038,$2675,$279,$1241,$18,$1327,$1606,$1,$491,$-5,$1069,$2675,$63,$43,$25,$68,$-32,$0,$-3,$11,$1,$131,$-15,$0,$-761,$0,$0,$0,$-0,$-775,$679,$0,$679,$4,$4,$0,$-31,$652,$8,$14,$0
2,2018-03-31,81.88,$19.71,4.16,$50.49,1.62,$7.73,10.59,$3.11,26.33,$0.55B,$0.18B,3.02,$0.57B,$1.03B,0.55,$2.68B,$0.87B,32.41%,$2.68B,$0.23B,8.46%,$2.68B,$0.23B,8.46%,$2.68B,$0.29B,10.66%,$2.68B,$0.20B,7.49%,$2.68B,$0.16B,6.11%,$0.16B,$1.03B,16.94%,$0.16B,$-0.21B,-59.37%,$0.16B,$1.86B,9.06%,$0.23B,$1.60B,14.63%,$685,$467,$218,$0,$164,$639,$46,$-7,$39,$10,$29,$29,$29,$60,$46,$52,53,$0.56,$0.55,$78,$0,$20,$552,$57,$0,$1240,$9,$1306,$1858,$183,$566,$10,$645,$828,$1,$458,$-2,$1030,$1858,$29,$14,$7,$22,$-14,$0,$6,$6,$4,$55,$-6,$0,$0,$0,$0,$0,$-0,$-6,$-10,$0,$-10,$4,$4,$0,$-2,$-8,$41,$5,$0
3,2017-12-31,64.27,$19.01,3.38,$49.29,1.3,$7.51,8.56,$2.98,21.57,$0.50B,$0.17B,3.0,$0.58B,$0.99B,0.58,$2.63B,$0.85B,32.37%,$2.63B,$0.23B,8.57%,$2.63B,$0.23B,8.57%,$2.63B,$0.28B,10.81%,$2.63B,$0.20B,7.50%,$2.63B,$0.16B,5.98%,$0.16B,$0.99B,16.84%,$0.16B,$-0.26B,-50.16%,$0.16B,$1.81B,8.80%,$0.23B,$1.57B,14.73%,$679,$458,$221,$0,$151,$618,$61,$-6,$55,$-13,$67,$67,$67,$76,$61,$53,53,$1.29,$1.27,$37,$0,$16,$500,$58,$0,$1247,$6,$1311,$1810,$167,$575,$7,$652,$819,$1,$428,$-4,$991,$1810,$158,$59,$40,$99,$-50,$0,$0,$-9,$-60,$196,$-24,$0,$-26,$0,$0,$0,$0,$-50,$-68,$0,$-68,$-52,$-52,$0,$-18,$-138,$10,$24,$0
4,2017-09-30,53.68,$17.79,3.02,$48.08,1.12,$7.47,7.18,$2.15,24.97,$0.49B,$0.19B,2.57,$0.61B,$0.93B,0.66,$2.57B,$0.83B,32.20%,$2.57B,$0.21B,8.18%,$2.57B,$0.21B,8.18%,$2.57B,$0.27B,10.51%,$2.57B,$0.18B,7.05%,$2.57B,$0.11B,4.44%,$0.11B,$0.93B,12.64%,$0.11B,$-0.33B,-33.07%,$0.11B,$1.81B,6.44%,$0.21B,$1.54B,13.88%,$667,$449,$218,$0,$149,$606,$61,$-7,$54,$19,$35,$35,$35,$76,$61,$53,53,$0.66,$0.66,$28,$0,$17,$486,$58,$0,$1255,$6,$1319,$1805,$189,$610,$6,$691,$880,$1,$361,$-4,$925,$1805,$90,$43,$36,$79,$-52,$0,$-0,$-5,$-31,$138,$-18,$0,$-26,$0,$0,$0,$0,$-44,$-33,$0,$-33,$-51,$-51,$0,$-11,$-95,$1,$18,$0
5,2017-06-30,54.15,$17.55,3.09,$47.24,1.15,$7.49,7.23,$2.04,26.54,$0.46B,$0.18B,2.59,$0.58B,$0.93B,0.63,$2.53B,$0.82B,32.25%,$2.53B,$0.20B,8.06%,$2.53B,$0.20B,8.06%,$2.53B,$0.27B,10.47%,$2.53B,$0.17B,6.88%,$2.53B,$0.11B,4.31%,$0.11B,$0.93B,12.31%,$0.11B,$-0.31B,-30.05%,$0.11B,$1.77B,6.20%,$0.20B,$1.51B,13.51%,$653,$440,$213,$0,$145,$594,$59,$-6,$53,$20,$33,$33,$33,$74,$59,$53,53,$0.63,$0.62,$19,$0,$18,$463,$60,$0,$1237,$7,$1304,$1767,$178,$580,$7,$661,$839,$1,$363,$-6,$927,$1767,$55,$29,$23,$52,$-35,$0,$0,$-5,$-24,$84,$-13,$0,$0,$0,$0,$0,$-0,$-13,$-62,$0,$-62,$-8,$-8,$0,$-9,$-79,$-8,$12,$0
6,2017-03-31,48.53,$16.79,2.89,$46.30,1.05,$7.77,6.24,$1.90,25.54,$0.44B,$0.17B,2.64,$0.62B,$0.89B,0.7,$2.49B,$0.81B,32.39%,$2.49B,$0.20B,7.89%,$2.49B,$0.20B,7.89%,$2.49B,$0.26B,10.34%,$2.49B,$0.16B,6.60%,$2.49B,$0.10B,4.10%,$0.10B,$0.89B,11.80%,$0.10B,$-0.36B,-25.94%,$0.10B,$1.75B,5.79%,$0.20B,$1.50B,12.93%,$627,$428,$198,$0,$146,$583,$44,$-9,$35,$13,$22,$22,$22,$58,$44,$53,53,$0.43,$0.42,$24,$0,$17,$442,$60,$0,$1243,$7,$1310,$1752,$168,$617,$7,$698,$866,$1,$330,$-9,$886,$1752,$22,$14,$12,$26,$-10,$0,$1,$-7,$-5,$44,$-7,$0,$0,$0,$0,$0,$0,$-7,$-24,$0,$-24,$-8,$-8,$0,$-8,$-40,$-3,$6,$0
7,2016-12-31,44.16,$16.48,2.68,$45.39,0.97,$7.79,5.67,$1.80,24.53,$0.44B,$0.16B,2.69,$0.64B,$0.87B,0.74,$2.44B,$0.80B,32.58%,$2.44B,$0.19B,7.79%,$2.44B,$0.19B,7.79%,$2.44B,$0.25B,10.33%,$2.44B,$0.16B,6.48%,$2.44B,$0.10B,3.98%,$0.10B,$0.87B,11.47%,$0.10B,$-0.38B,-22.99%,$0.10B,$1.75B,5.49%,$0.19B,$1.51B,12.47%,$621,$423,$198,$0,$143,$575,$46,$-7,$39,$15,$24,$24,$24,$62,$46,$53,54,$0.45,$0.46,$27,$0,$17,$438,$57,$0,$1251,$7,$1315,$1753,$162,$640,$7,$721,$884,$1,$316,$-10,$869,$1753,$97,$62,$54,$116,$-43,$0,$-2,$7,$-14,$199,$-27,$0,$0,$0,$0,$0,$5,$-22,$-118,$0,$-118,$-31,$-31,$0,$-25,$-174,$3,$27,$0
8,2016-09-30,36.29,$16.20,2.24,$44.73,0.81,$6.46,5.62,$1.71,21.22,$0.43B,$0.17B,2.5,$0.66B,$0.86B,0.77,$2.40B,$0.79B,32.96%,$2.40B,$0.19B,7.80%,$2.40B,$0.19B,7.80%,$2.40B,$0.25B,10.39%,$2.40B,$0.15B,6.38%,$2.40B,$0.09B,3.84%,$0.09B,$0.86B,11.16%,$0.09B,$-0.40B,-20.29%,$0.09B,$1.76B,5.19%,$0.19B,$1.52B,12.21%,$629,$422,$207,$0,$142,$574,$55,$-8,$47,$17,$30,$30,$30,$71,$55,$53,54,$0.56,$0.55,$17,$0,$18,$434,$58,$0,$1263,$7,$1328,$1762,$174,$659,$6,$727,$901,$1,$307,$-7,$861,$1762,$73,$46,$30,$76,$-47,$0,$-4,$6,$-7,$143,$-21,$0,$0,$0,$0,$0,$5,$-15,$-99,$0,$-99,$-12,$-12,$0,$-24,$-135,$-7,$20,$0
9,2016-06-30,36.95,$15.72,2.35,$43.76,0.84,$5.48,6.74,$1.63,22.67,$0.44B,$0.18B,2.49,$0.69B,$0.84B,0.82,$2.34B,$0.77B,33.08%,$2.34B,$0.18B,7.82%,$2.34B,$0.18B,7.82%,$2.34B,$0.25B,10.47%,$2.34B,$0.15B,6.32%,$2.34B,$0.09B,3.72%,$0.09B,$0.84B,10.89%,$0.09B,$-0.43B,-17.76%,$0.09B,$1.78B,4.89%,$0.18B,$1.53B,11.90%,$608,$406,$202,$0,$141,$557,$51,$-8,$43,$17,$26,$26,$26,$66,$51,$53,54,$0.49,$0.48,$35,$0,$16,$442,$56,$0,$1273,$7,$1335,$1778,$178,$692,$6,$759,$937,$1,$290,$-8,$841,$1778,$43,$31,$21,$52,$-35,$0,$-3,$3,$5,$100,$-14,$0,$0,$0,$0,$0,$6,$-8,$-65,$0,$-65,$3,$3,$0,$-19,$-81,$11,$13,$0
10,2016-03-31,36.92,$15.21,2.43,$41.70,0.89,$4.63,7.98,$1.42,26.0,$0.43B,$0.18B,2.46,$0.72B,$0.81B,0.89,$2.22B,$0.73B,32.97%,$2.22B,$0.17B,7.44%,$2.22B,$0.17B,7.44%,$2.22B,$0.22B,10.06%,$2.22B,$0.13B,5.82%,$2.22B,$0.08B,3.38%,$0.08B,$0.81B,9.74%,$0.08B,$-0.47B,-14.14%,$0.08B,$1.78B,4.20%,$0.17B,$1.54B,10.69%,$582,$394,$188,$0,$140,$544,$38,$-9,$29,$11,$17,$17,$17,$53,$38,$53,54,$0.33,$0.32,$28,$0,$17,$432,$54,$0,$1284,$7,$1345,$1777,$176,$723,$5,$790,$966,$1,$267,$-7,$811,$1777,$17,$15,$12,$27,$-25,$0,$-2,$-4,$-6,$38,$0,$0,$-7,$0,$0,$0,$6,$-1,$-33,$0,$-33,$4,$4,$0,$-4,$-33,$5,$7,$0
11,2015-12-31,44.95,$14.80,3.04,$39.09,1.15,$4.14,10.85,$1.85,24.3,$0.41B,$0.16B,2.58,$0.76B,$0.79B,0.96,$2.07B,$0.68B,32.88%,$2.07B,$0.15B,7.36%,$2.07B,$0.15B,7.36%,$2.07B,$0.20B,9.88%,$2.07B,$0.12B,5.91%,$2.07B,$0.10B,4.70%,$0.10B,$0.79B,13.18%,$0.10B,$-0.51B,-22.41%,$0.10B,$1.77B,5.90%,$0.15B,$1.54B,10.80%,$578,$385,$193,$0,$139,$535,$43,$-9,$34,$15,$19,$19,$19,$59,$43,$52,53,$0.37,$0.35,$24,$0,$23,$414,$53,$0,$1293,$7,$1353,$1767,$160,$756,$5,$822,$983,$1,$250,$-8,$785,$1767,$98,$52,$31,$83,$-54,$0,$2,$4,$-57,$124,$-25,$0,$-553,$0,$0,$0,$116,$-462,$359,$0,$359,$5,$5,$0,$-33,$331,$-8,$22,$0
12,2015-09-30,36.9,$14.37,2.57,$36.31,1.02,$3.67,10.05,$1.88,19.63,$0.43B,$0.18B,2.37,$0.79B,$0.76B,1.04,$1.93B,$0.63B,32.62%,$1.93B,$0.15B,7.52%,$1.93B,$0.15B,7.52%,$1.93B,$0.19B,9.91%,$1.93B,$0.12B,6.28%,$1.93B,$0.10B,5.08%,$0.10B,$0.76B,14.04%,$0.10B,$-0.55B,-29.02%,$0.10B,$1.80B,6.46%,$0.15B,$1.54B,11.33%,$572,$381,$191,$0,$129,$521,$51,$-10,$42,$17,$25,$25,$25,$67,$51,$53,53,$0.47,$0.47,$29,$0,$23,$432,$52,$0,$1305,$8,$1365,$1797,$182,$785,$5,$856,$1038,$1,$232,$-7,$759,$1797,$78,$35,$3,$39,$-55,$0,$-1,$5,$-30,$87,$-18,$0,$-553,$0,$0,$0,$115,$-456,$389,$0,$389,$5,$5,$0,$-27,$366,$-3,$15,$0
13,2015-06-30,39.28,$13.78,2.85,$33.75,1.16,$3.37,11.66,$1.82,21.58,$0.42B,$0.17B,2.44,$0.83B,$0.73B,1.15,$1.80B,$0.58B,32.42%,$1.80B,$0.13B,7.40%,$1.80B,$0.13B,7.40%,$1.80B,$0.17B,9.57%,$1.80B,$0.12B,6.40%,$1.80B,$0.10B,5.28%,$0.10B,$0.73B,14.19%,$0.10B,$-0.60B,-37.81%,$0.10B,$1.80B,6.87%,$0.13B,$1.56B,11.56%,$485,$327,$159,$0,$119,$453,$33,$-8,$24,$10,$14,$14,$14,$44,$33,$52,53,$0.27,$0.27,$42,$0,$22,$418,$52,$0,$1320,$8,$1379,$1797,$171,$830,$5,$901,$1072,$1,$207,$-7,$725,$1797,$53,$20,$-8,$12,$-24,$0,$-0,$10,$-13,$52,$-13,$0,$-553,$0,$0,$0,$115,$-451,$435,$0,$435,$2,$2,$0,$-27,$410,$10,$9,$0
14,2015-03-31,38.37,$13.05,2.94,$32.41,1.18,$2.90,13.21,$1.93,19.88,$0.41B,$0.16B,2.65,$0.32B,$0.68B,0.47,$1.75B,$0.57B,32.40%,$1.75B,$0.14B,7.84%,$1.75B,$0.14B,7.84%,$1.75B,$0.17B,9.96%,$1.75B,$0.13B,7.16%,$1.75B,$0.10B,5.84%,$0.10B,$0.68B,15.47%,$0.10B,$-0.08B,-70.83%,$0.10B,$1.22B,8.14%,$0.14B,$0.99B,13.39%,$430,$294,$136,$0,$106,$405,$25,$-3,$22,$9,$13,$13,$39,$34,$25,$52,52,$0.76,$0.75,$76,$0,$25,$410,$45,$0,$756,$7,$808,$1218,$155,$316,$8,$388,$543,$1,$192,$-8,$675,$1218,$39,$9,$-21,$-12,$-15,$0,$0,$5,$-7,$20,$-8,$0,$0,$0,$0,$0,$115,$107,$-81,$0,$-81,$2,$2,$0,$-3,$-81,$45,$4,$0
15,2014-12-31,33.19,$12.35,2.69,$31.57,1.05,$2.52,13.15,$1.43,23.21,$0.37B,$0.17B,2.22,$0.39B,$0.63B,0.62,$1.72B,$0.56B,32.37%,$1.72B,$0.14B,8.06%,$1.72B,$0.14B,8.06%,$1.72B,$0.18B,10.15%,$1.72B,$0.13B,7.31%,$1.72B,$0.08B,4.47%,$0.08B,$0.63B,11.74%,$0.08B,$-0.13B,-44.51%,$0.08B,$1.25B,6.10%,$0.14B,$1.03B,13.44%,$441,$298,$143,$0,$101,$405,$36,$-3,$33,$13,$20,$20,$20,$46,$36,$53,54,$0.39,$0.38,$29,$0,$16,$366,$44,$0,$763,$5,$886,$1252,$165,$394,$8,$453,$617,$1,$155,$-5,$634,$1252,$77,$38,$39,$77,$-45,$0,$-2,$-12,$-58,$96,$-20,$0,$0,$0,$0,$0,$0,$-20,$15,$0,$15,$-94,$-94,$0,$-3,$-81,$-6,$16,$0
16,2014-09-30,26.85,$12.29,2.19,$29.22,0.92,$2.84,9.45,$1.63,16.47,$0.37B,$0.17B,2.16,$0.39B,$0.64B,0.6,$1.60B,$0.51B,31.98%,$1.60B,$0.13B,8.07%,$1.60B,$0.13B,8.07%,$1.60B,$0.16B,10.20%,$1.60B,$0.12B,7.38%,$1.60B,$0.09B,5.57%,$0.09B,$0.64B,13.54%,$0.09B,$-0.20B,-45.35%,$0.09B,$1.27B,7.04%,$0.13B,$1.03B,12.47%,$442,$298,$145,$0,$101,$404,$39,$-3,$36,$15,$21,$21,$22,$48,$39,$53,54,$0.41,$0.41,$30,$0,$22,$372,$43,$0,$844,$8,$895,$1267,$172,$385,$12,$452,$624,$1,$156,$-3,$643,$1267,$57,$28,$17,$45,$-40,$0,$-2,$-3,$-34,$68,$-14,$0,$0,$0,$0,$0,$0,$-14,$4,$0,$4,$-62,$-62,$0,$-3,$-61,$-7,$12,$0
17,2014-06-30,35.57,$12.59,2.83,$28.76,1.24,$2.98,11.94,$1.59,22.37,$0.37B,$0.17B,2.19,$0.36B,$0.69B,0.52,$1.58B,$0.49B,31.26%,$1.58B,$0.13B,7.99%,$1.58B,$0.13B,7.99%,$1.58B,$0.16B,10.02%,$1.58B,$0.11B,7.23%,$1.58B,$0.09B,5.52%,$0.09B,$0.69B,13.44%,$0.09B,$-0.17B,-47.93%,$0.09B,$1.28B,7.09%,$0.13B,$1.04B,12.41%,$434,$293,$142,$0,$100,$398,$37,$-3,$34,$14,$20,$20,$21,$46,$37,$54,55,$0.38,$0.38,$31,$0,$24,$374,$42,$0,$851,$9,$902,$1276,$171,$359,$12,$420,$590,$1,$181,$-0,$685,$1276,$35,$18,$8,$26,$-37,$0,$-3,$-3,$-36,$25,$-10,$0,$0,$0,$0,$0,$0,$-9,$-23,$0,$-23,$3,$3,$0,$-2,$-22,$-7,$7,$0
18,2014-03-31,38.59,$12.16,3.17,$28.39,1.36,$3.12,12.36,$1.35,28.59,$0.35B,$0.16B,2.21,$0.38B,$0.66B,0.57,$1.55B,$0.47B,30.43%,$1.55B,$0.12B,7.80%,$1.55B,$0.12B,7.80%,$1.55B,$0.15B,9.74%,$1.55B,$0.09B,6.00%,$1.55B,$0.07B,4.71%,$0.07B,$0.66B,11.78%,$0.07B,$-0.20B,-39.73%,$0.07B,$1.25B,6.19%,$0.12B,$1.04B,12.25%,$407,$279,$128,$0,$96,$380,$27,$-3,$23,$10,$14,$14,$14,$35,$27,$54,55,$0.26,$0.25,$23,$0,$23,$348,$40,$0,$858,$9,$907,$1254,$157,$376,$12,$437,$594,$1,$160,$0,$661,$1254,$14,$9,$5,$14,$-16,$0,$-3,$0,$-32,$-4,$-4,$0,$0,$0,$0,$0,$0,$-4,$-6,$0,$-6,$3,$3,$0,$-2,$-5,$-14,$3,$0
19,2013-12-31,34.92,$11.87,2.94,$28.01,1.25,$3.29,10.62,$1.56,22.38,$0.35B,$0.17B,2.08,$0.39B,$0.64B,0.61,$1.52B,$0.45B,29.81%,$1.52B,$0.12B,7.68%,$1.52B,$0.12B,7.68%,$1.52B,$0.15B,9.59%,$1.52B,$0.09B,5.78%,$1.52B,$0.08B,5.52%,$0.08B,$0.64B,14.12%,$0.08B,$-0.22B,-45.90%,$0.08B,$1.26B,7.37%,$0.12B,$1.03B,12.16%,$315,$218,$96,$0,$65,$288,$26,$-1,$25,$11,$14,$14,$32,$34,$26,$53,55,$0.60,$0.58,$37,$0,$25,$350,$38,$0,$861,$9,$908,$1259,$168,$390,$10,$450,$619,$1,$146,$0,$640,$1259,$85,$30,$3,$33,$-20,$0,$-2,$5,$-7,$111,$-17,$0,$-111,$0,$0,$0,$59,$-68,$-27,$0,$-27,$7,$7,$0,$-13,$-32,$10,$14,$0
20,2013-09-30,33.0,$11.20,2.95,$29.29,1.13,$2.12,15.59,$1.18,27.97,$0.33B,$0.14B,2.39,$0.35B,$0.60B,0.58,$1.55B,$0.46B,29.64%,$1.55B,$0.12B,7.57%,$1.55B,$0.12B,7.57%,$1.55B,$0.15B,9.51%,$1.55B,$0.08B,5.44%,$1.55B,$0.07B,4.27%,$0.07B,$0.60B,11.62%,$0.07B,$-0.14B,-35.77%,$0.07B,$1.12B,5.98%,$0.12B,$0.95B,12.42%,$421,$294,$127,$0,$86,$386,$36,$-3,$32,$13,$19,$19,$20,$43,$36,$54,55,$0.38,$0.37,$45,$0,$2,$332,$33,$0,$745,$8,$786,$1118,$139,$348,$6,$376,$515,$1,$114,$-0,$603,$1118,$52,$22,$13,$35,$-34,$0,$-0,$0,$-13,$74,$-12,$0,$0,$0,$0,$0,$30,$18,$-69,$0,$-69,$7,$7,$0,$-12,$-75,$18,$10,$0
21,2013-06-30,26.72,$10.72,2.49,$28.62,0.93,$1.06,25.22,$1.14,23.44,$0.30B,$0.13B,2.38,$0.36B,$0.57B,0.63,$1.50B,$0.45B,29.82%,$1.50B,$0.11B,7.54%,$1.50B,$0.11B,7.54%,$1.50B,$0.14B,9.61%,$1.50B,$0.08B,5.20%,$1.50B,$0.06B,4.14%,$0.06B,$0.57B,11.35%,$0.06B,$-0.18B,-29.11%,$0.06B,$1.09B,5.64%,$0.11B,$0.93B,12.01%,$408,$287,$121,$0,$84,$376,$32,$-19,$13,$5,$7,$7,$7,$39,$32,$53,54,$0.14,$0.14,$14,$0,$4,$302,$31,$0,$749,$8,$787,$1089,$127,$359,$6,$388,$515,$1,$94,$-2,$574,$1089,$32,$14,$8,$23,$-33,$0,$-1,$-1,$-24,$30,$-7,$0,$0,$0,$0,$0,$30,$23,$-57,$0,$-57,$4,$4,$0,$-13,$-66,$-13,$6,$0
22,2013-03-31,25.31,$10.56,2.4,$26.91,0.94,$0.29,88.5,$1.19,21.27,$0.30B,$0.13B,2.29,$0.37B,$0.56B,0.67,$1.36B,$0.41B,30.29%,$1.36B,$0.10B,7.07%,$1.36B,$0.10B,7.07%,$1.36B,$0.13B,9.29%,$1.36B,$0.08B,5.60%,$1.36B,$0.06B,4.64%,$0.06B,$0.56B,11.99%,$0.06B,$-0.19B,-26.20%,$0.06B,$1.09B,5.73%,$0.10B,$0.94B,10.17%,$379,$269,$110,$0,$82,$356,$23,$-5,$18,$8,$10,$10,$25,$30,$23,$53,54,$0.46,$0.46,$12,$0,$10,$295,$28,$0,$756,$14,$798,$1093,$129,$374,$6,$403,$532,$1,$86,$-2,$562,$1093,$25,$7,$-11,$-3,$-26,$0,$-1,$-0,$-18,$4,$-3,$0,$0,$0,$0,$0,$27,$24,$-43,$0,$-43,$2,$2,$0,$-3,$-43,$-16,$3,$0
23,2012-12-31,20.28,$10.06,2.02,$24.00,0.84,$0.40,50.88,$0.87,23.31,$0.31B,$0.14B,2.31,$0.42B,$0.53B,0.78,$1.14B,$0.35B,31.19%,$1.14B,$0.08B,7.22%,$1.14B,$0.08B,7.22%,$1.14B,$0.11B,9.43%,$1.14B,$0.07B,5.90%,$1.14B,$0.04B,3.79%,$0.04B,$0.53B,9.58%,$0.04B,$-0.23B,-22.25%,$0.04B,$1.11B,4.61%,$0.08B,$0.95B,10.34%,$337,$238,$100,$0,$67,$312,$26,$-5,$21,$9,$11,$11,$14,$35,$26,$47,48,$0.30,$0.30,$27,$0,$21,$312,$27,$0,$760,$15,$802,$1114,$135,$417,$7,$447,$582,$1,$62,$-1,$533,$1114,$43,$25,$15,$40,$-19,$0,$2,$5,$-42,$41,$-14,$0,$-348,$0,$0,$0,$-1,$-363,$340,$0,$340,$8,$8,$0,$-16,$332,$10,$10,$0
24,2012-09-30,19.92,$9.84,2.02,$19.07,1.04,$0.25,81.21,$0.86,23.16,$0.29B,$0.13B,2.2,$0.43B,$0.52B,0.83,$0.88B,$0.29B,32.46%,$0.88B,$0.06B,7.29%,$0.88B,$0.06B,7.29%,$0.88B,$0.08B,9.34%,$0.88B,$0.05B,6.04%,$0.88B,$0.04B,4.21%,$0.04B,$0.52B,9.80%,$0.04B,$-0.26B,-26.48%,$0.04B,$1.10B,4.89%,$0.06B,$0.95B,10.04%,$375,$259,$116,$0,$77,$343,$32,$-6,$26,$11,$15,$15,$16,$40,$32,$52,53,$0.30,$0.29,$14,$0,$5,$285,$25,$0,$773,$16,$814,$1099,$129,$429,$8,$453,$582,$1,$50,$-2,$516,$1099,$28,$16,$7,$23,$-24,$0,$1,$7,$-37,$15,$-11,$0,$-348,$0,$0,$0,$-2,$-361,$352,$0,$352,$6,$6,$0,$-17,$342,$-4,$7,$0
25,2012-06-30,15.96,$9.44,1.69,$16.32,0.98,$0.41,38.63,$0.74,21.57,$0.28B,$0.13B,2.22,$0.45B,$0.49B,0.92,$0.67B,$0.22B,33.68%,$0.67B,$0.05B,6.92%,$0.67B,$0.05B,6.92%,$0.67B,$0.06B,8.72%,$0.67B,$0.04B,6.02%,$0.67B,$0.03B,4.36%,$0.03B,$0.49B,9.41%,$0.03B,$-0.29B,-35.69%,$0.03B,$1.10B,4.97%,$0.05B,$0.94B,9.55%,$266,$181,$85,$0,$65,$250,$15,$-5,$11,$5,$6,$6,$8,$21,$15,$45,46,$0.17,$0.16,$18,$0,$6,$279,$24,$0,$776,$16,$816,$1095,$126,$453,$10,$478,$604,$1,$33,$-3,$491,$1095,$13,$8,$5,$12,$-15,$0,$1,$6,$-34,$-9,$-7,$0,$-347,$0,$0,$0,$-1,$-355,$380,$0,$380,$3,$3,$0,$-18,$365,$1,$3,$0
26,2012-03-31,17.47,$6.81,2.56,$14.34,1.22,$0.98,17.78,$0.71,24.61,$0.14B,$0.06B,2.21,$0.08B,$0.26B,0.3,$0.54B,$0.19B,34.62%,$0.54B,$0.04B,7.73%,$0.54B,$0.04B,7.73%,$0.54B,$0.05B,9.21%,$0.54B,$0.04B,7.18%,$0.54B,$0.03B,4.97%,$0.03B,$0.26B,11.08%,$0.03B,$-0.01B,-200.00%,$0.03B,$0.42B,6.66%,$0.04B,$0.33B,13.05%,$157,$104,$53,$0,$43,$147,$9,$-1,$9,$4,$5,$5,$5,$11,$9,$37,38,$0.14,$0.14,$18,$0,$3,$138,$19,$0,$261,$2,$282,$420,$63,$76,$10,$101,$164,$0,$24,$-1,$256,$420,$5,$2,$1,$3,$-8,$0,$1,$3,$-2,$7,$-2,$0,$0,$0,$0,$0,$0,$-2,$-6,$0,$-6,$2,$2,$0,$-1,$-5,$-0,$1,$0
27,2011-12-31,11.18,$6.67,1.68,$13.69,0.82,$0.94,11.91,$0.65,17.2,$0.13B,$0.06B,2.32,$0.08B,$0.25B,0.33,$0.52B,$0.18B,34.56%,$0.52B,$0.04B,7.57%,$0.52B,$0.04B,7.57%,$0.52B,$0.05B,9.13%,$0.52B,$0.04B,6.99%,$0.52B,$0.03B,4.85%,$0.03B,$0.25B,10.59%,$0.03B,$-0.01B,-140.85%,$0.03B,$0.41B,6.34%,$0.04B,$0.33B,12.45%,$80,$49,$31,$0,$21,$72,$8,$-1,$7,$3,$4,$4,$8,$10,$8,$37,38,$0.20,$0.19,$18,$0,$4,$131,$18,$0,$259,$2,$280,$411,$56,$82,$11,$108,$164,$0,$19,$-2,$247,$411,$24,$9,$13,$21,$-25,$0,$-2,$-2,$-22,$23,$-8,$0,$-33,$0,$0,$0,$0,$-41,$20,$0,$20,$0,$0,$0,$-3,$18,$-1,$7,$0
28,2011-09-30,7.07,$6.47,1.09,$14.89,0.47,$1.11,6.39,$0.07,101.0,$0.12B,$0.07B,1.91,$0.08B,$0.24B,0.35,$0.56B,$0.19B,33.99%,$0.56B,$0.02B,3.96%,$0.56B,$0.02B,3.96%,$0.56B,$0.05B,8.27%,$0.56B,$0.02B,3.06%,$0.56B,$0.00B,0.54%,$0.00B,$0.24B,1.31%,$0.00B,$-0.02B,-19.05%,$0.00B,$0.41B,0.80%,$0.02B,$0.32B,7.30%,$162,$108,$55,$0,$41,$149,$14,$-1,$13,$5,$8,$8,$8,$16,$14,$37,38,$0.21,$0.21,$13,$0,$2,$124,$17,$0,$261,$4,$283,$407,$65,$83,$10,$103,$168,$0,$12,$-1,$239,$407,$17,$7,$7,$13,$-27,$0,$3,$3,$-15,$15,$-6,$0,$-33,$0,$0,$0,$0,$-38,$21,$0,$21,$0,$0,$0,$-3,$18,$-5,$5,$0
29,2011-06-30,9.83,$6.29,1.56,$13.73,0.72,$1.31,7.53,$-0.05,0.0,$0.12B,$0.06B,1.9,$0.07B,$0.23B,0.31,$0.51B,$0.18B,34.31%,$0.51B,$0.02B,2.94%,$0.51B,$0.02B,2.94%,$0.51B,$0.04B,7.84%,$0.51B,$0.01B,1.96%,$0.51B,$-0.00B,-0.39%,$-0.00B,$0.23B,-0.88%,$-0.00B,$-0.01B,16.67%,$-0.00B,$0.38B,-0.55%,$0.02B,$0.31B,5.02%,$144,$95,$49,$0,$38,$133,$11,$-1,$10,$4,$6,$6,$6,$13,$11,$37,38,$0.16,$0.16,$19,$0,$2,$115,$18,$0,$247,$5,$269,$384,$60,$72,$8,$90,$151,$0,$4,$1,$233,$384,$9,$4,$3,$8,$-14,$0,$2,$2,$-4,$13,$-5,$0,$-17,$0,$0,$0,$0,$-22,$11,$0,$11,$1,$1,$0,$-3,$9,$1,$3,$0
30,2011-03-31,9.46,$6.09,1.55,$12.74,0.74,$1.40,6.76,$-0.18,0.0,$0.11B,$0.06B,1.94,$0.07B,$0.23B,0.33,$0.47B,$0.16B,34.26%,$0.47B,$0.01B,1.49%,$0.47B,$0.01B,1.49%,$0.47B,$0.03B,7.02%,$0.47B,$0.00B,0.43%,$0.47B,$-0.01B,-1.49%,$-0.01B,$0.23B,-3.09%,$-0.01B,$-0.02B,68.29%,$-0.01B,$0.38B,-1.96%,$0.01B,$0.30B,2.34%,$129,$86,$43,$0,$37,$123,$6,$-1,$6,$3,$3,$3,$3,$8,$6,$37,37,$0.09,$0.08,$16,$0,$2,$107,$18,$0,$247,$5,$270,$376,$55,$74,$13,$97,$152,$0,$-2,$0,$225,$376,$3,$2,$2,$4,$-8,$0,$1,$2,$-1,$6,$-3,$0,$-17,$0,$0,$0,$1,$-19,$12,$0,$12,$1,$1,$0,$-1,$12,$-3,$2,$0
31,2010-12-31,8.15,$6.03,1.35,$11.93,0.68,$1.46,5.6,$-0.27,0.0,$0.10B,$0.05B,2.12,$0.06B,$0.22B,0.28,$0.44B,$0.15B,34.10%,$0.44B,$0.00B,0.46%,$0.44B,$0.00B,0.46%,$0.44B,$0.03B,6.41%,$0.44B,$-0.01B,-1.14%,$0.44B,$-0.01B,-2.29%,$-0.01B,$0.22B,-4.41%,$-0.01B,$-0.01B,200.00%,$-0.01B,$0.34B,-2.85%,$0.00B,$0.28B,0.67%,$121,$79,$42,$0,$33,$130,$-9,$-3,$-12,$2,$-14,$-14,$-14,$9,$-9,$36,36,$-0.38,$-0.38,$18,$0,$2,$96,$16,$0,$225,$5,$245,$341,$45,$62,$5,$77,$122,$0,$-5,$0,$219,$341,$-10,$24,$17,$41,$-11,$0,$1,$1,$-4,$27,$-6,$0,$-10,$0,$0,$0,$0,$-17,$-11,$0,$-11,$-2,$-2,$0,$-4,$-17,$-8,$8,$0
32,2010-09-30,5.25,$6.39,0.82,$11.35,0.46,$1.92,2.74,$0.14,37.5,$0.10B,$0.04B,2.51,$0.08B,$0.23B,0.33,$0.42B,$0.14B,33.65%,$0.42B,$0.02B,3.61%,$0.42B,$0.02B,3.61%,$0.42B,$0.03B,6.25%,$0.42B,$0.01B,2.16%,$0.42B,$0.01B,1.20%,$0.01B,$0.23B,2.19%,$0.01B,$-0.01B,-117.65%,$0.01B,$0.36B,1.42%,$0.02B,$0.31B,4.89%,$116,$75,$41,$0,$34,$109,$7,$-2,$6,$3,$3,$3,$3,$10,$7,$37,37,$0.09,$0.09,$30,$0,$2,$102,$16,$0,$240,$5,$260,$363,$41,$78,$4,$88,$129,$0,$9,$0,$234,$363,$4,$7,$9,$16,$-8,$0,$1,$2,$0,$20,$-4,$0,$-10,$0,$0,$0,$0,$-14,$0,$0,$0,$0,$0,$0,$-1,$-1,$4,$5,$0
33,2010-06-30,5.03,$6.25,0.8,$10.89,0.46,$2.49,2.02,$0.09,55.89,$0.10B,$0.04B,2.7,$0.08B,$0.23B,0.34,$0.40B,$0.13B,33.17%,$0.40B,$0.01B,3.02%,$0.40B,$0.01B,3.02%,$0.40B,$0.02B,5.78%,$0.40B,$0.01B,1.51%,$0.40B,$0.00B,0.75%,$0.00B,$0.23B,1.32%,$0.00B,$-0.01B,-85.71%,$0.00B,$0.35B,0.86%,$0.01B,$0.31B,3.92%,$104,$69,$35,$0,$32,$101,$3,$-2,$2,$1,$1,$1,$1,$6,$3,$36,37,$0.03,$0.03,$30,$0,$2,$97,$15,$0,$234,$5,$254,$351,$36,$78,$4,$87,$123,$0,$6,$-1,$228,$351,$1,$4,$5,$10,$-1,$0,$1,$0,$4,$14,$-3,$0,$-5,$0,$0,$0,$0,$-8,$0,$0,$0,$0,$0,$0,$-1,$-1,$5,$3,$0
34,2010-03-31,7.13,$6.22,1.15,$10.88,0.66,$2.97,2.4,$0.08,89.13,$0.10B,$0.04B,2.78,$0.08B,$0.23B,0.34,$0.40B,$0.13B,32.83%,$0.40B,$0.01B,3.03%,$0.40B,$0.01B,3.03%,$0.40B,$0.02B,6.06%,$0.40B,$0.01B,1.26%,$0.40B,$0.00B,0.76%,$0.00B,$0.23B,1.33%,$0.00B,$-0.00B,-75.00%,$0.00B,$0.35B,0.85%,$0.01B,$0.30B,3.87%,$96,$65,$31,$0,$30,$95,$1,$-2,$-1,$-0,$-0,$-0,$-0,$3,$1,$36,36,$-0.01,$-0.01,$30,$0,$2,$98,$15,$0,$228,$5,$248,$347,$35,$78,$1,$85,$120,$0,$5,$0,$226,$347,$-0,$2,$2,$5,$-0,$0,$0,$1,$2,$6,$-1,$0,$-0,$0,$0,$0,$0,$-1,$0,$0,$0,$0,$0,$0,$-0,$-0,$4,$1,$0
35,2009-12-31,7.15,$6.25,1.14,$11.48,0.62,$3.29,2.18,$0.14,51.07,$0.09B,$0.03B,2.95,$0.08B,$0.23B,0.34,$0.42B,$0.14B,32.61%,$0.42B,$0.02B,3.60%,$0.42B,$0.02B,3.60%,$0.42B,$0.03B,6.71%,$0.42B,$0.01B,2.16%,$0.42B,$0.01B,1.20%,$0.01B,$0.23B,2.23%,$0.01B,$-0.00B,-74.07%,$0.01B,$0.34B,1.39%,$0.02B,$0.31B,4.73%,$100,$67,$33,$0,$30,$96,$4,$-2,$2,$1,$1,$1,$1,$7,$4,$36,36,$0.02,$0.02,$26,$0,$2,$94,$16,$0,$228,$5,$249,$343,$32,$78,$1,$85,$117,$0,$5,$1,$227,$343,$5,$13,$12,$24,$28,$0,$-1,$-1,$13,$42,$-5,$0,$-10,$0,$0,$0,$1,$-14,$-48,$0,$-48,$1,$1,$0,$-2,$-49,$-20,$5,$0
36,2009-09-30,5.85,$6.25,0.94,$12.84,0.46,$3.02,1.94,$0.21,27.86,$0.10B,$0.04B,2.54,$0.08B,$0.23B,0.37,$0.47B,$0.15B,32.69%,$0.47B,$0.02B,4.52%,$0.47B,$0.02B,4.52%,$0.47B,$0.04B,7.53%,$0.47B,$0.01B,3.01%,$0.47B,$0.01B,1.72%,$0.01B,$0.23B,3.60%,$0.01B,$-0.00B,-78.05%,$0.01B,$0.35B,2.13%,$0.02B,$0.31B,6.43%,$98,$65,$33,$0,$28,$94,$4,$-2,$3,$1,$1,$1,$1,$7,$4,$36,37,$0.04,$0.04,$35,$0,$3,$99,$16,$0,$230,$6,$252,$350,$39,$83,$1,$86,$125,$0,$20,$1,$226,$350,$4,$10,$7,$16,$29,$0,$-0,$-1,$21,$41,$-4,$0,$-5,$0,$0,$0,$1,$-8,$-43,$0,$-43,$0,$0,$0,$-1,$-44,$-11,$4,$0
37,2009-06-30,3.91,$6.14,0.64,$14.65,0.27,$2.55,1.54,$0.36,10.86,$0.11B,$0.04B,2.88,$0.10B,$0.22B,0.45,$0.53B,$0.17B,32.51%,$0.53B,$0.03B,5.86%,$0.53B,$0.03B,5.86%,$0.53B,$0.05B,8.51%,$0.53B,$0.02B,4.35%,$0.53B,$0.01B,2.65%,$0.01B,$0.22B,6.39%,$0.01B,$-0.01B,-109.80%,$0.01B,$0.37B,3.61%,$0.03B,$0.32B,9.20%,$102,$68,$33,$0,$30,$98,$3,$-2,$1,$1,$1,$1,$1,$7,$3,$36,36,$0.02,$0.02,$45,$0,$3,$112,$16,$0,$231,$6,$253,$365,$39,$101,$1,$104,$143,$0,$18,$1,$222,$365,$2,$6,$5,$11,$27,$0,$-0,$-2,$18,$31,$-3,$0,$-5,$0,$0,$0,$0,$-8,$-25,$0,$-25,$0,$0,$0,$-1,$-26,$-2,$2,$0
38,2009-03-31,2.71,$6.14,0.44,$16.21,0.17,$2.05,1.32,$0.51,5.31,$0.13B,$0.05B,2.69,$0.11B,$0.22B,0.5,$0.58B,$0.19B,32.59%,$0.58B,$0.04B,6.86%,$0.58B,$0.04B,6.86%,$0.58B,$0.05B,9.26%,$0.58B,$0.03B,5.66%,$0.58B,$0.02B,3.26%,$0.02B,$0.22B,8.84%,$0.02B,$-0.01B,-115.15%,$0.02B,$0.38B,4.82%,$0.04B,$0.33B,11.71%,$117,$80,$37,$0,$33,$113,$4,$-1,$3,$1,$2,$2,$2,$7,$4,$36,36,$0.05,$0.05,$46,$0,$3,$128,$17,$0,$233,$6,$256,$383,$48,$111,$2,$115,$162,$0,$18,$0,$221,$383,$2,$3,$3,$6,$16,$0,$1,$-2,$10,$18,$-2,$0,$0,$0,$0,$0,$-0,$-2,$-15,$0,$-15,$0,$0,$0,$-1,$-16,$0,$1,$0
39,2008-12-31,5.67,$6.12,0.93,$17.27,0.33,$1.71,3.32,$0.53,10.7,$0.15B,$0.05B,2.7,$0.13B,$0.22B,0.58,$0.62B,$0.20B,32.36%,$0.62B,$0.04B,7.12%,$0.62B,$0.04B,7.12%,$0.62B,$0.06B,9.55%,$0.62B,$0.03B,5.50%,$0.62B,$0.02B,3.07%,$0.02B,$0.22B,9.08%,$0.02B,$-0.02B,-86.36%,$0.02B,$0.40B,4.77%,$0.04B,$0.34B,12.87%,$148,$99,$49,$0,$38,$137,$10,$-3,$7,$4,$4,$4,$4,$14,$10,$35,36,$0.09,$0.10,$46,$0,$2,$145,$17,$0,$234,$5,$257,$402,$54,$126,$2,$130,$183,$0,$16,$1,$219,$402,$19,$15,$13,$28,$-1,$0,$-1,$-1,$-12,$35,$-8,$0,$-9,$0,$0,$0,$-0,$-18,$-10,$0,$-10,$2,$2,$0,$-0,$-8,$9,$6,$0
40,2008-09-30,7.88,$5.99,1.32,$17.40,0.45,$1.73,4.56,$0.49,16.08,$0.15B,$0.05B,3.12,$0.14B,$0.21B,0.63,$0.62B,$0.20B,31.99%,$0.62B,$0.04B,6.75%,$0.62B,$0.04B,6.75%,$0.62B,$0.06B,9.32%,$0.62B,$0.03B,5.14%,$0.62B,$0.02B,2.73%,$0.02B,$0.21B,8.38%,$0.02B,$-0.01B,-60.18%,$0.02B,$0.40B,4.32%,$0.04B,$0.35B,12.42%,$162,$109,$53,$0,$39,$148,$14,$-2,$12,$5,$7,$7,$7,$17,$14,$36,36,$0.20,$0.19,$49,$0,$1,$150,$16,$0,$228,$8,$252,$402,$48,$135,$2,$141,$189,$0,$13,$1,$214,$402,$15,$11,$10,$21,$-10,$0,$0,$-1,$-11,$26,$-6,$0,$-9,$0,$0,$0,$-0,$-16,$0,$0,$0,$2,$2,$0,$-0,$1,$11,$5,$0
41,2008-06-30,8.02,$5.80,1.38,$17.06,0.47,$1.69,4.74,$0.39,20.56,$0.14B,$0.05B,2.99,$0.14B,$0.21B,0.66,$0.61B,$0.19B,31.86%,$0.61B,$0.04B,6.08%,$0.61B,$0.04B,6.08%,$0.61B,$0.06B,9.20%,$0.61B,$0.03B,4.27%,$0.61B,$0.01B,2.13%,$0.01B,$0.21B,6.60%,$0.01B,$-0.02B,-37.41%,$0.01B,$0.39B,3.34%,$0.04B,$0.34B,11.06%,$156,$105,$51,$0,$39,$144,$12,$-1,$11,$5,$6,$6,$6,$16,$12,$35,36,$0.17,$0.17,$40,$0,$1,$138,$16,$0,$230,$6,$253,$391,$46,$135,$2,$139,$185,$0,$6,$3,$206,$391,$8,$8,$6,$14,$-6,$0,$1,$-1,$-7,$15,$-5,$0,$-9,$0,$0,$0,$-0,$-14,$0,$0,$0,$1,$1,$0,$-0,$1,$2,$3,$0
42,2008-03-31,6.35,$5.60,1.13,$16.72,0.38,$1.71,3.71,$0.30,21.17,$0.14B,$0.06B,2.5,$0.14B,$0.20B,0.68,$0.60B,$0.19B,31.66%,$0.60B,$0.03B,5.36%,$0.60B,$0.03B,5.36%,$0.60B,$0.05B,8.88%,$0.60B,$0.02B,3.35%,$0.60B,$0.01B,1.68%,$0.01B,$0.20B,5.21%,$0.01B,$-0.03B,-24.24%,$0.01B,$0.40B,2.60%,$0.03B,$0.33B,9.66%,$152,$105,$47,$0,$40,$145,$8,$-4,$4,$2,$2,$2,$2,$12,$8,$35,35,$0.07,$0.07,$43,$0,$1,$143,$15,$0,$233,$6,$254,$397,$57,$136,$4,$141,$198,$0,$-0,$3,$198,$397,$2,$4,$4,$7,$-8,$0,$1,$0,$-3,$7,$-3,$0,$0,$0,$0,$0,$-0,$-3,$0,$0,$0,$1,$1,$0,$-0,$1,$5,$2,$0
43,2007-12-31,7.01,$5.49,1.28,$15.85,0.44,$1.68,4.18,$0.26,26.96,$0.13B,$0.05B,2.55,$0.14B,$0.19B,0.7,$0.57B,$0.18B,31.51%,$0.57B,$0.03B,4.75%,$0.57B,$0.03B,4.75%,$0.57B,$0.05B,8.80%,$0.57B,$0.02B,2.99%,$0.57B,$0.01B,1.58%,$0.01B,$0.19B,4.80%,$0.01B,$-0.04B,-18.85%,$0.01B,$0.39B,2.38%,$0.03B,$0.33B,8.22%,$152,$104,$48,$0,$40,$144,$8,$-3,$5,$3,$2,$2,$2,$13,$8,$35,36,$0.07,$0.06,$38,$0,$1,$130,$14,$0,$235,$6,$255,$385,$51,$136,$3,$141,$192,$0,$-3,$2,$193,$385,$9,$22,$7,$30,$-7,$0,$1,$3,$-5,$34,$-6,$0,$-232,$0,$0,$0,$4,$-234,$135,$0,$135,$1,$1,$0,$-4,$132,$-68,$6,$0
44,2007-09-30,9.34,$5.40,1.73,$14.33,0.65,$1.26,7.39,$0.40,23.35,$0.13B,$0.04B,2.99,$0.14B,$0.19B,0.74,$0.49B,$0.15B,30.83%,$0.49B,$0.02B,4.67%,$0.49B,$0.02B,4.67%,$0.49B,$0.04B,8.52%,$0.49B,$0.02B,3.25%,$0.49B,$0.01B,2.64%,$0.01B,$0.19B,7.19%,$0.01B,$-0.04B,-2600.00%,$0.01B,$0.38B,3.95%,$0.02B,$0.33B,7.99%,$149,$101,$48,$0,$38,$139,$9,$-4,$6,$2,$3,$3,$3,$15,$9,$35,36,$0.09,$0.09,$37,$0,$1,$130,$15,$0,$232,$6,$253,$383,$43,$142,$2,$148,$192,$0,$-5,$2,$191,$383,$7,$17,$4,$21,$-10,$0,$0,$2,$-6,$22,$-4,$0,$-233,$0,$0,$0,$4,$-233,$143,$0,$143,$3,$3,$0,$-4,$142,$-68,$5,$0
45,2007-06-30,10.72,$5.27,2.04,$13.00,0.82,$1.09,9.83,$0.41,26.15,$0.12B,$0.04B,2.87,$0.14B,$0.19B,0.77,$0.42B,$0.13B,29.76%,$0.42B,$0.02B,4.29%,$0.42B,$0.02B,4.29%,$0.42B,$0.03B,7.62%,$0.42B,$0.01B,3.33%,$0.42B,$0.01B,3.10%,$0.01B,$0.19B,8.41%,$0.01B,$-0.05B,49.06%,$0.01B,$0.38B,4.99%,$0.02B,$0.33B,7.97%,$144,$98,$46,$0,$39,$137,$7,$-2,$5,$2,$3,$3,$3,$13,$7,$35,36,$0.08,$0.08,$29,$0,$1,$118,$14,$0,$236,$6,$257,$375,$41,$143,$2,$148,$189,$0,$-8,$2,$186,$375,$4,$11,$3,$14,$-6,$0,$1,$1,$-4,$14,$-3,$0,$-233,$0,$0,$0,$4,$-231,$143,$0,$143,$2,$2,$0,$-4,$141,$-76,$3,$0
46,2007-03-31,12.41,$5.11,2.43,$11.53,1.08,$1.04,11.89,$0.40,31.03,$0.11B,$0.04B,2.55,$0.14B,$0.18B,0.8,$0.35B,$0.10B,28.41%,$0.35B,$0.01B,4.06%,$0.35B,$0.01B,4.06%,$0.35B,$0.02B,6.67%,$0.35B,$0.01B,3.48%,$0.35B,$0.01B,3.48%,$0.01B,$0.18B,9.34%,$0.01B,$-0.06B,21.82%,$0.01B,$0.37B,6.25%,$0.01B,$0.32B,8.52%,$123,$85,$37,$0,$34,$119,$3,$-2,$1,$1,$1,$1,$1,$9,$3,$35,36,$0.03,$0.03,$23,$0,$2,$111,$15,$0,$240,$6,$261,$372,$43,$144,$1,$149,$192,$0,$-11,$2,$180,$372,$1,$6,$1,$6,$-5,$0,$0,$0,$-3,$5,$-1,$0,$-232,$0,$0,$0,$4,$-229,$144,$0,$144,$1,$1,$0,$-4,$141,$-83,$1,$0
47,2006-12-31,11.75,$4.87,2.41,$10.58,1.11,$0.99,11.9,$0.38,30.92,$0.16B,$0.02B,7.63,$0.00B,$0.17B,0.0,$0.29B,$0.08B,26.99%,$0.29B,$0.01B,3.81%,$0.29B,$0.01B,3.81%,$0.29B,$0.02B,5.54%,$0.29B,$0.01B,3.81%,$0.29B,$0.01B,3.81%,$0.01B,$0.17B,10.65%,$0.01B,$0.15B,12.90%,$0.01B,$0.19B,8.92%,$0.01B,$0.17B,10.65%,$77,$56,$21,$0,$17,$73,$4,$1,$4,$-2,$6,$6,$6,$5,$4,$27,28,$0.22,$0.21,$110,$0,$0,$156,$9,$0,$18,$3,$31,$187,$20,$0,$1,$1,$21,$0,$-12,$2,$166,$187,$11,$6,$0,$6,$-4,$0,$-0,$1,$-3,$14,$-4,$0,$-0,$0,$0,$0,$-0,$-5,$0,$0,$0,$74,$74,$0,$1,$75,$85,$3,$0
