,Date,Stock Price,Book Value per Share,Price to Book Ratio,TTM Sales per Share,Price to Sales Ratio,TTM FCF per Share,Price to FCF Ratio,TTM Net EPS,PE Ratio,Current Assets,Current Liabilities,Current Ratio,Long Term Debt,Shareholder's Equity_x,Debt to Equity Ratio,TTM Revenue_x,TTM Gross Profit,Gross Margin,TTM Revenue_y,TTM Operating Income,Operating Margin,TTM Revenue_x,TTM EBIT,EBIT Margin,TTM Revenue_y,TTM EBITDA,EBITDA Margin,TTM Revenue_x,TTM Pre-Tax Income,Pre-Tax Margin,TTM Revenue_y,TTM Net Income_x,Net Margin,TTM Net Income_y,Shareholder's Equity_y,Return on Equity,TTM Net Income_x,Tangible Equity,Return on Tangible Equity,TTM Net Income_y,Total Assets,Return on Assets,TTM Net Income,LT Investments & Debt,Return on Investment,revenue,cost-goods-sold,gross-profit,research-development-expenses,selling-general-administrative-expenses,operating-expenses,operating-income,total-non-operating-income-expense,pre-tax-income,total-provision-income-taxes,income-after-taxes,income-from-continuous-operations,net-income,ebitda,ebit,basic-shares-outstanding,shares-outstanding,eps-basic-net-earnings-per-share,eps-earnings-per-share-diluted,cash-on-hand,inventory,other-current-assets,total-current-assets,net-property-plant-equipment,long-term-investments,goodwill-intangible-assets-total,other-long-term-assets,total-long-term-assets,total-assets,total-current-liabilities,long-term-debt,other-non-current-liabilities,total-long-term-liabilities,total-liabilities,common-stock-net,retained-earnings-accumulated-deficit,comprehensive-income,total-share-holder-equity,total-liabilities-share-holders-equity,net-income-loss,total-depreciation-amortization-cash-flow,other-non-cash-items,total-non-cash-items,change-in-accounts-receivable,change-in-inventories,change-in-accounts-payable,change-in-assets-liabilities,total-change-in-assets-liabilities,cash-flow-from-operating-activities,net-change-in-property-plant-equipment,net-change-in-intangible-assets,net-acquisitions-divestitures,net-change-in-short-term-investments,net-change-in-long-term-investments,net-change-in-investments-total,investing-activities-other,cash-flow-from-investing-activities,net-long-term-debt,net-current-debt,debt-issuance-retirement-net-total,net-common-equity-issued-repurchased,net-total-equity-issued-repurchased,total-common-preferred-stock-dividends-paid,financial-activities-other,cash-flow-from-financial-activities,net-cash-flow,stock-based-compensation,common-stock-dividends-paid
0,2018-09-30,205.13,$0.00,0.0,$26.87,7.63,$19.63,10.45,$8.27,24.8,$0.31B,$0.11B,2.88,$0.81B,$1.83B,0.44,$0.81B,$0.20B,24.47%,$0.81B,$0.12B,14.22%,$0.81B,$0.12B,14.22%,$0.81B,$0.23B,27.81%,$0.81B,$0.45B,55.25%,$0.81B,$0.31B,37.82%,$0.31B,$1.83B,16.87%,$0.31B,$-0.74B,-37.88%,$0.31B,$2.91B,10.33%,$0.12B,$2.64B,4.30%,$194,$59,$136,$0,$3,$107,$87,$-15,$73,$20,$53,$53,$52,$151,$87,$30,30,$1.76,$1.76,$253,$0,$0,$306,$28,$0,$2575,$0,$2602,$2909,$107,$807,$1,$970,$1077,$410,$967,$0,$1832,$2909,$263,$80,$37,$117,$22,$0,$-10,$-1,$11,$304,$-72,$0,$0,$0,$-21,$-21,$16,$-78,$0,$0,$0,$10,$10,$-107,$-135,$-232,$-6,$0,$-107
1,2018-06-30,159.16,$0.00,0.0,$20.72,7.68,$12.22,13.03,$10.29,15.47,$0.26B,$0.12B,2.11,$0.83B,$1.78B,0.47,$0.80B,$0.18B,22.84%,$0.80B,$0.12B,15.18%,$0.80B,$0.12B,15.18%,$0.80B,$0.18B,23.09%,$0.80B,$0.46B,57.84%,$0.80B,$0.32B,39.65%,$0.32B,$1.78B,18.35%,$0.32B,$-0.84B,-43.47%,$0.32B,$2.90B,11.10%,$0.12B,$2.61B,4.78%,$201,$61,$140,$0,$3,$108,$93,$-10,$83,$26,$57,$57,$56,$85,$93,$31,31,$1.84,$1.84,$201,$0,$0,$260,$25,$0,$2615,$0,$2640,$2900,$123,$828,$1,$997,$1120,$402,$896,$0,$1780,$2900,$174,$16,$-24,$-8,$7,$0,$5,$-52,$-40,$73,$-20,$0,$30,$0,$-38,$-38,$20,$-8,$0,$0,$0,$0,$0,$-96,$-4,$-100,$-35,$0,$-96
2,2018-03-31,166.83,$0.00,0.0,$19.56,8.53,$14.60,11.43,$10.48,15.92,$0.39B,$0.13B,2.88,$0.89B,$1.86B,0.48,$0.75B,$0.15B,20.03%,$0.75B,$0.12B,15.25%,$0.75B,$0.12B,15.25%,$0.75B,$0.19B,25.60%,$0.75B,$0.47B,61.80%,$0.75B,$0.32B,42.57%,$0.32B,$1.86B,19.91%,$0.32B,$-0.77B,-50.73%,$0.32B,$3.04B,12.15%,$0.12B,$2.74B,4.87%,$209,$47,$162,$0,$3,$92,$117,$-10,$107,$29,$78,$78,$78,$141,$117,$30,30,$2.59,$2.59,$320,$0,$0,$387,$24,$0,$2627,$0,$2652,$3039,$134,$885,$1,$1047,$1182,$415,$987,$0,$1857,$3039,$107,$24,$7,$31,$-8,$0,$12,$-7,$-3,$106,$-32,$0,$0,$0,$0,$0,$4,$-28,$0,$-17,$-17,$0,$0,$0,$-5,$-21,$56,$0,$0
3,2017-12-31,178.51,$59.52,3.0,$15.41,11.58,$13.33,13.39,$10.09,17.69,$0.31B,$0.13B,2.4,$0.93B,$1.79B,0.52,$0.67B,$0.09B,13.34%,$0.67B,$0.08B,11.84%,$0.67B,$0.08B,11.84%,$0.67B,$0.14B,20.84%,$0.67B,$0.44B,66.57%,$0.67B,$0.31B,46.33%,$0.31B,$1.79B,21.42%,$0.31B,$-0.88B,-78.18%,$0.31B,$3.00B,13.72%,$0.08B,$2.71B,3.91%,$205,$445,$-240,$0,$2,$388,$-182,$366,$184,$19,$165,$165,$120,$-152,$-182,$30,30,$6.57,$6.57,$254,$3,$10,$307,$25,$0,$2669,$0,$2694,$3001,$128,$926,$1,$1087,$1215,$412,$527,$10,$1785,$3001,$444,$62,$-97,$-35,$-3,$0,$8,$3,$8,$320,$-88,$0,$-209,$0,$0,$0,$28,$-263,$0,$141,$141,$0,$0,$-103,$-33,$4,$63,$0,$-103
4,2017-09-30,186.64,$0.00,0.0,$13.83,13.49,$10.42,17.91,$7.73,24.14,$0.54B,$0.29B,1.83,$0.60B,$1.47B,0.41,$0.62B,$0.34B,55.48%,$0.62B,$0.32B,51.77%,$0.62B,$0.32B,51.77%,$0.62B,$0.36B,58.23%,$0.62B,$0.32B,51.61%,$0.62B,$0.24B,37.90%,$0.24B,$1.47B,18.06%,$0.24B,$-0.42B,-166.08%,$0.24B,$2.45B,12.42%,$0.32B,$2.06B,18.82%,$182,$62,$120,$0,$3,$88,$93,$-6,$87,$23,$64,$64,$62,$110,$93,$543,543,$0.11,$0.11,$432,$0,$0,$536,$25,$0,$1885,$0,$1910,$2446,$293,$599,$1,$688,$981,$437,$832,$0,$1465,$2446,$276,$31,$-17,$15,$17,$0,$8,$-60,$-35,$169,$-7,$0,$0,$0,$0,$0,$-16,$-23,$0,$0,$0,$0,$0,$-104,$192,$88,$235,$0,$-104
5,2017-06-30,205.79,$0.00,0.0,$17.69,11.63,$13.78,14.93,$7.29,28.23,$0.26B,$0.07B,3.86,$0.58B,$1.34B,0.44,$0.56B,$0.31B,54.61%,$0.56B,$0.29B,52.13%,$0.56B,$0.29B,52.13%,$0.56B,$0.32B,56.91%,$0.56B,$0.30B,53.19%,$0.56B,$0.22B,39.36%,$0.22B,$1.34B,18.13%,$0.22B,$-0.46B,-3700.00%,$0.22B,$2.08B,13.42%,$0.29B,$1.93B,19.16%,$158,$49,$109,$0,$3,$71,$87,$1,$88,$26,$62,$62,$61,$94,$87,$29,29,$2.09,$2.09,$153,$0,$0,$255,$24,$0,$1800,$0,$1824,$2079,$66,$584,$1,$671,$737,$419,$736,$0,$1342,$2079,$139,$14,$-3,$11,$8,$0,$9,$19,$36,$142,$-21,$0,$0,$0,$0,$0,$2,$-19,$0,$0,$0,$0,$0,$-91,$0,$-91,$32,$0,$-91
6,2017-03-31,163.91,$0.00,0.0,$16.42,9.98,$13.79,11.89,$6.86,23.89,$0.27B,$0.03B,8.11,$0.20B,$1.18B,0.17,$0.53B,$0.28B,53.58%,$0.53B,$0.27B,51.70%,$0.53B,$0.27B,51.70%,$0.53B,$0.30B,56.79%,$0.53B,$0.28B,53.02%,$0.53B,$0.21B,39.43%,$0.21B,$1.18B,17.79%,$0.21B,$0.18B,162.02%,$0.21B,$1.48B,13.88%,$0.27B,$1.38B,19.67%,$122,$22,$100,$0,$3,$42,$81,$4,$85,$19,$66,$66,$66,$87,$81,$43,43,$1.53,$1.53,$222,$0,$0,$265,$16,$115,$998,$0,$1215,$1480,$33,$198,$1,$268,$301,$384,$718,$0,$1179,$1480,$85,$7,$-15,$-8,$-13,$0,$7,$9,$2,$56,$-4,$0,$0,$0,$0,$0,$2,$-2,$0,$0,$0,$0,$0,$0,$-4,$-4,$49,$0,$0
7,2016-12-31,136.14,$40.65,3.35,$17.44,7.81,$14.16,9.62,$6.37,21.37,$0.23B,$0.03B,7.14,$0.24B,$1.22B,0.19,$0.52B,$0.27B,52.39%,$0.52B,$0.26B,50.48%,$0.52B,$0.26B,50.48%,$0.52B,$0.29B,56.02%,$0.52B,$0.27B,51.43%,$0.52B,$0.20B,37.28%,$0.20B,$1.22B,16.58%,$0.20B,$0.13B,167.74%,$0.20B,$1.57B,12.89%,$0.26B,$1.46B,18.91%,$158,$142,$15,$0,$3,$97,$60,$0,$60,$14,$46,$46,$46,$70,$60,$30,30,$1.54,$1.54,$187,$1,$7,$227,$17,$133,$1087,$0,$1339,$1566,$32,$236,$1,$315,$346,$416,$437,$48,$1220,$1566,$270,$28,$7,$35,$-2,$0,$5,$18,$21,$242,$-97,$0,$0,$0,$0,$0,$24,$-73,$0,$0,$0,$0,$0,$-90,$-6,$-96,$76,$0,$-90
8,2016-09-30,138.53,$0.00,0.0,$17.97,7.71,$10.91,12.69,$6.34,21.85,$0.21B,$0.03B,6.44,$0.22B,$1.16B,0.19,$0.54B,$0.27B,50.19%,$0.54B,$0.26B,48.33%,$0.54B,$0.26B,48.33%,$0.54B,$0.29B,53.35%,$0.54B,$0.27B,49.81%,$0.54B,$0.19B,35.87%,$0.19B,$1.16B,16.17%,$0.19B,$0.12B,183.37%,$0.19B,$1.49B,12.58%,$0.26B,$1.38B,18.41%,$126,$41,$84,$0,$3,$60,$66,$1,$67,$18,$49,$49,$49,$70,$66,$30,30,$1.63,$1.63,$188,$0,$0,$206,$17,$125,$1036,$0,$1287,$1493,$32,$221,$0,$303,$335,$415,$656,$0,$1158,$1493,$161,$19,$4,$22,$20,$0,$5,$24,$49,$174,$-64,$0,$0,$0,$0,$0,$6,$-58,$0,$0,$0,$0,$0,$-82,$0,$-82,$34,$0,$-82
9,2016-06-30,150.96,$0.00,0.0,$18.19,8.3,$11.44,13.2,$6.15,24.55,$0.18B,$0.04B,4.66,$0.22B,$1.14B,0.19,$0.55B,$0.27B,48.99%,$0.55B,$0.26B,47.16%,$0.55B,$0.26B,47.16%,$0.55B,$0.29B,52.48%,$0.55B,$0.26B,47.71%,$0.55B,$0.19B,34.31%,$0.19B,$1.14B,15.53%,$0.19B,$0.08B,170.78%,$0.19B,$1.49B,12.08%,$0.26B,$1.36B,18.07%,$124,$39,$85,$0,$3,$57,$67,$3,$69,$21,$48,$48,$48,$74,$67,$30,30,$1.60,$1.60,$148,$0,$0,$180,$18,$121,$1061,$0,$1306,$1486,$39,$218,$0,$305,$344,$430,$629,$0,$1142,$1486,$142,$14,$-3,$11,$8,$0,$10,$19,$37,$145,$-22,$0,$0,$0,$0,$0,$2,$-19,$0,$0,$0,$0,$0,$-93,$0,$-93,$33,$0,$-93
10,2016-03-31,139.41,$0.00,0.0,$18.66,7.47,$11.18,12.47,$6.15,22.67,$0.22B,$0.03B,6.59,$0.20B,$1.18B,0.17,$0.56B,$0.27B,47.76%,$0.56B,$0.26B,45.80%,$0.56B,$0.26B,45.80%,$0.56B,$0.29B,51.16%,$0.56B,$0.26B,45.97%,$0.56B,$0.19B,33.45%,$0.19B,$1.18B,15.26%,$0.19B,$0.13B,154.23%,$0.19B,$1.51B,11.88%,$0.26B,$1.39B,17.75%,$115,$25,$90,$0,$3,$44,$71,$2,$73,$22,$52,$52,$52,$79,$71,$30,30,$1.72,$1.72,$163,$0,$0,$219,$18,$111,$1055,$0,$1287,$1506,$33,$204,$0,$289,$322,$431,$684,$0,$1184,$1506,$73,$7,$-5,$2,$-9,$0,$7,$5,$3,$55,$-9,$0,$0,$0,$0,$0,$1,$-8,$0,$0,$0,$0,$0,$0,$0,$0,$48,$0,$0
11,2015-12-31,130.59,$0.00,0.0,$18.74,6.97,$11.45,11.41,$6.07,21.51,$0.19B,$0.03B,5.89,$0.23B,$1.29B,0.18,$0.56B,$0.26B,46.79%,$0.56B,$0.25B,44.64%,$0.56B,$0.25B,44.64%,$0.56B,$0.28B,50.00%,$0.56B,$0.25B,45.36%,$0.56B,$0.18B,32.68%,$0.18B,$1.29B,14.57%,$0.18B,$0.09B,131.42%,$0.18B,$1.65B,11.33%,$0.25B,$1.52B,16.92%,$173,$162,$11,$0,$-23,$117,$56,$-1,$59,$15,$43,$44,$44,$64,$56,$30,30,$1.45,$1.45,$132,$1,$14,$189,$23,$123,$1202,$117,$1465,$1651,$32,$232,$1,$329,$361,$491,$488,$0,$1290,$1651,$254,$30,$0,$30,$0,$0,$0,$0,$23,$231,$-184,$0,$0,$0,$0,$0,$6,$-178,$0,$0,$0,$0,$0,$-97,$-6,$-103,$-49,$0,$0
12,2015-09-30,141.36,$0.00,0.0,$16.77,8.43,$13.69,10.32,$5.78,24.46,$0.24B,$0.03B,7.6,$0.22B,$1.20B,0.18,$0.50B,$0.40B,79.96%,$0.50B,$0.32B,64.73%,$0.50B,$0.32B,64.73%,$0.50B,$0.35B,70.74%,$0.50B,$0.24B,48.70%,$0.50B,$0.17B,34.67%,$0.17B,$1.20B,13.44%,$0.17B,$0.14B,108.46%,$0.17B,$1.55B,10.47%,$0.32B,$1.42B,21.40%,$133,$52,$81,$0,$11,$70,$63,$-4,$59,$16,$43,$43,$43,$69,$63,$30,30,$1.39,$1.39,$213,$0,$0,$237,$0,$118,$1059,$112,$1290,$1547,$31,$220,$1,$317,$348,$474,$210,$0,$1199,$1547,$184,$21,$0,$21,$0,$0,$0,$0,$-11,$199,$-73,$0,$0,$0,$0,$0,$7,$-67,$0,$0,$0,$0,$0,$-93,$0,$-93,$39,$0,$0
13,2015-06-30,131.7,$0.00,0.0,$15.04,8.75,$12.87,10.23,$5.46,24.12,$0.25B,$0.05B,5.4,$0.21B,$1.23B,0.17,$0.48B,$0.39B,82.74%,$0.48B,$0.32B,66.32%,$0.48B,$0.32B,66.32%,$0.48B,$0.35B,73.05%,$0.48B,$0.24B,50.95%,$0.48B,$0.17B,36.42%,$0.17B,$1.23B,12.99%,$0.17B,$0.13B,102.37%,$0.17B,$1.59B,10.14%,$0.32B,$1.44B,20.26%,$138,$53,$85,$0,$12,$72,$66,$0,$66,$19,$48,$48,$48,$74,$66,$30,30,$1.60,$1.60,$207,$0,$17,$246,$0,$116,$1099,$111,$1326,$1593,$46,$214,$1,$319,$365,$507,$225,$0,$1228,$1593,$134,$15,$0,$15,$0,$0,$0,$0,$15,$151,$-35,$0,$0,$0,$0,$0,$5,$-31,$0,$0,$0,$0,$0,$-100,$0,$-100,$21,$0,$0
14,2015-03-31,122.05,$0.00,0.0,$13.87,8.8,$11.72,10.41,$5.29,23.07,$0.32B,$0.04B,8.65,$0.22B,$1.31B,0.17,$0.44B,$0.39B,87.95%,$0.44B,$0.31B,70.00%,$0.44B,$0.31B,70.00%,$0.44B,$0.34B,77.50%,$0.44B,$0.24B,53.86%,$0.44B,$0.17B,38.18%,$0.17B,$1.31B,12.34%,$0.17B,$0.20B,97.82%,$0.17B,$1.67B,9.66%,$0.31B,$1.53B,19.45%,$116,$31,$85,$0,$12,$51,$65,$1,$70,$20,$50,$48,$48,$73,$65,$30,30,$1.63,$1.63,$248,$0,$33,$317,$0,$224,$1107,$0,$1331,$1670,$37,$219,$1,$325,$362,$520,$341,$0,$1308,$1670,$70,$8,$0,$8,$0,$0,$0,$0,$-12,$65,$-10,$0,$0,$0,$0,$0,$2,$-8,$0,$0,$0,$0,$0,$0,$0,$0,$57,$0,$0
15,2014-12-31,119.71,$0.00,0.0,$13.48,8.88,$10.71,11.18,$5.28,22.67,$0.29B,$0.03B,9.72,$0.24B,$1.41B,0.17,$0.43B,$0.39B,90.00%,$0.43B,$0.31B,71.63%,$0.43B,$0.31B,71.63%,$0.43B,$0.34B,79.30%,$0.43B,$0.23B,53.72%,$0.43B,$0.17B,39.30%,$0.17B,$1.41B,12.48%,$0.17B,$0.17B,116.96%,$0.17B,$1.80B,9.75%,$0.31B,$1.65B,19.56%,$112,$-36,$148,$0,$11,$-16,$129,$-91,$48,$11,$37,$34,$34,$137,$129,$29,29,$1.16,$1.16,$215,$0,$45,$294,$0,$240,$1243,$0,$1483,$1802,$30,$238,$1,$359,$390,$585,$212,$0,$1412,$1802,$232,$34,$0,$34,$0,$0,$0,$0,$0,$199,$-87,$0,$0,$0,$0,$0,$9,$-78,$0,$-1,$0,$0,$0,$0,$0,$-1,$120,$0,$0
16,2014-09-30,116.67,$0.00,0.0,$13.44,8.68,$11.31,10.32,$5.76,20.25,$0.31B,$0.03B,9.35,$0.22B,$1.38B,0.16,$0.43B,$0.31B,71.23%,$0.43B,$0.23B,52.90%,$0.43B,$0.23B,52.90%,$0.43B,$0.26B,60.79%,$0.43B,$0.23B,53.83%,$0.43B,$0.18B,42.69%,$0.18B,$1.38B,13.93%,$0.18B,$0.18B,164.29%,$0.18B,$1.76B,10.80%,$0.23B,$1.60B,14.84%,$109,$34,$75,$0,$11,$54,$55,$-0,$58,$14,$44,$43,$43,$63,$55,$40,40,$1.07,$1.07,$236,$0,$55,$308,$0,$222,$1204,$0,$1426,$1758,$33,$219,$1,$345,$378,$593,$215,$0,$1381,$1758,$184,$26,$0,$26,$0,$0,$0,$0,$-40,$160,$-24,$0,$0,$0,$0,$0,$6,$-18,$0,$-1,$0,$0,$0,$0,$0,$-1,$140,$0,$0
17,2014-06-30,115.33,$0.00,0.0,$13.31,8.67,$10.78,10.7,$5.69,20.27,$0.28B,$0.04B,7.25,$0.21B,$1.34B,0.16,$0.42B,$0.31B,72.10%,$0.42B,$0.23B,53.66%,$0.42B,$0.23B,53.66%,$0.42B,$0.26B,61.70%,$0.42B,$0.23B,54.14%,$0.42B,$0.18B,42.79%,$0.18B,$1.34B,13.88%,$0.18B,$0.14B,192.04%,$0.18B,$1.73B,10.63%,$0.23B,$1.56B,14.92%,$103,$24,$79,$0,$12,$45,$59,$3,$61,$18,$43,$43,$43,$68,$59,$30,30,$1.43,$1.43,$181,$0,$75,$282,$0,$214,$1204,$0,$1418,$1725,$39,$214,$1,$342,$381,$598,$217,$0,$1344,$1725,$127,$17,$0,$17,$0,$0,$0,$0,$-50,$88,$-7,$0,$0,$0,$0,$0,$4,$-3,$0,$-1,$0,$0,$0,$0,$0,$-1,$84,$0,$0
18,2014-03-31,111.36,$0.00,0.0,$13.15,8.47,$10.62,10.49,$5.93,18.78,$0.23B,$0.04B,6.5,$0.21B,$1.28B,0.17,$0.42B,$0.30B,71.12%,$0.42B,$0.22B,52.51%,$0.42B,$0.22B,52.51%,$0.42B,$0.25B,60.38%,$0.42B,$0.22B,52.74%,$0.42B,$0.19B,44.87%,$0.19B,$1.28B,14.48%,$0.19B,$0.09B,245.75%,$0.19B,$1.65B,10.98%,$0.22B,$1.49B,14.49%,$106,$21,$85,$0,$11,$41,$65,$1,$64,$16,$48,$49,$49,$73,$65,$30,30,$1.62,$1.62,$121,$0,$67,$229,$0,$209,$1187,$0,$1396,$1650,$35,$211,$1,$335,$371,$587,$221,$0,$1279,$1650,$64,$9,$0,$9,$0,$0,$0,$0,$-43,$27,$-3,$0,$0,$0,$0,$0,$2,$-1,$0,$-0,$0,$0,$0,$0,$0,$-0,$26,$0,$0
19,2013-12-31,113.16,$0.00,0.0,$13.29,8.51,$11.21,10.09,$5.62,20.14,$0.20B,$0.05B,3.89,$0.22B,$1.28B,0.17,$0.42B,$0.30B,70.75%,$0.42B,$0.22B,52.36%,$0.42B,$0.22B,52.36%,$0.42B,$0.26B,60.14%,$0.42B,$0.22B,50.71%,$0.42B,$0.18B,41.98%,$0.18B,$1.28B,13.55%,$0.18B,$0.04B,223.90%,$0.18B,$1.68B,10.22%,$0.22B,$1.50B,14.48%,$113,$45,$68,$0,$11,$64,$49,$-1,$49,$-0,$50,$49,$49,$58,$49,$30,30,$1.64,$1.64,$99,$0,$65,$200,$0,$216,$1240,$0,$1455,$1681,$52,$221,$1,$351,$403,$610,$49,$0,$1278,$1681,$216,$33,$0,$33,$0,$0,$0,$0,$-68,$181,$-48,$0,$0,$0,$0,$-211,$0,$-260,$0,$198,$0,$0,$0,$-198,$0,$-0,$-79,$0,$0
20,2013-09-30,96.24,$0.00,0.0,$12.96,7.43,$12.02,8.01,$5.69,16.91,$0.30B,$0.08B,3.93,$0.22B,$1.32B,0.17,$0.42B,$0.30B,71.15%,$0.42B,$0.22B,52.64%,$0.42B,$0.22B,52.64%,$0.42B,$0.24B,58.41%,$0.42B,$0.21B,51.20%,$0.42B,$0.18B,43.51%,$0.18B,$1.32B,13.85%,$0.18B,$0.11B,47.26%,$0.18B,$1.75B,10.74%,$0.22B,$1.54B,14.87%,$101,$28,$73,$0,$11,$47,$54,$0,$55,$15,$40,$40,$40,$62,$54,$40,40,$1.00,$1.00,$186,$0,$87,$300,$0,$217,$1211,$0,$1428,$1753,$76,$220,$0,$360,$436,$603,$151,$0,$1317,$1753,$163,$24,$0,$24,$0,$0,$0,$0,$-50,$137,$-25,$0,$-213,$0,$0,$0,$7,$-231,$0,$197,$0,$0,$0,$-93,$0,$104,$10,$0,$0
21,2013-06-30,98.35,$0.00,0.0,$13.56,7.25,$13.61,7.23,$5.75,17.1,$0.27B,$0.07B,3.67,$0.23B,$1.32B,0.17,$0.41B,$0.29B,70.10%,$0.41B,$0.21B,51.47%,$0.41B,$0.21B,51.47%,$0.41B,$0.23B,57.35%,$0.41B,$0.20B,49.51%,$0.41B,$0.17B,42.16%,$0.17B,$1.32B,13.46%,$0.17B,$0.07B,26.19%,$0.17B,$1.76B,10.73%,$0.21B,$1.55B,15.12%,$99,$27,$72,$0,$12,$47,$52,$-3,$53,$1,$53,$50,$50,$60,$52,$30,30,$1.67,$1.67,$156,$0,$78,$266,$0,$221,$1252,$0,$1473,$1764,$72,$227,$1,$371,$444,$624,$156,$0,$1320,$1764,$113,$17,$0,$17,$0,$0,$0,$0,$-40,$92,$-16,$0,$-220,$0,$0,$0,$5,$-231,$0,$209,$0,$0,$0,$-96,$0,$113,$-26,$0,$0
22,2013-03-31,117.51,$0.00,0.0,$13.45,8.74,$14.16,8.3,$5.23,22.47,$0.31B,$0.07B,4.4,$0.21B,$1.34B,0.16,$0.41B,$0.28B,69.14%,$0.41B,$0.21B,51.11%,$0.41B,$0.21B,51.11%,$0.41B,$0.23B,56.79%,$0.41B,$0.20B,49.14%,$0.41B,$0.16B,38.77%,$0.16B,$1.34B,12.73%,$0.16B,$0.10B,16.98%,$0.16B,$1.77B,10.41%,$0.21B,$1.55B,16.05%,$111,$24,$87,$0,$12,$44,$67,$-6,$58,$20,$39,$39,$39,$75,$67,$30,30,$1.31,$1.31,$210,$0,$55,$306,$0,$204,$1234,$0,$1438,$1769,$69,$212,$0,$362,$431,$614,$257,$0,$1338,$1769,$58,$8,$0,$8,$0,$0,$0,$0,$-25,$50,$-7,$0,$0,$0,$0,$-217,$2,$-222,$0,$203,$0,$0,$0,$0,$0,$203,$31,$0,$0
23,2012-12-31,98.02,$0.00,0.0,$13.12,7.47,$14.37,6.82,$5.32,18.43,$0.24B,$0.05B,4.59,$0.00B,$1.25B,0.0,$0.39B,$0.27B,67.86%,$0.39B,$0.20B,49.74%,$0.39B,$0.20B,49.74%,$0.39B,$0.22B,55.36%,$0.39B,$0.20B,50.00%,$0.39B,$0.16B,40.56%,$0.16B,$1.25B,13.17%,$0.16B,$1.25B,13.17%,$0.16B,$1.45B,11.07%,$0.20B,$1.26B,16.06%,$105,$41,$64,$0,$10,$59,$46,$3,$47,$13,$34,$52,$52,$46,$46,$31,31,$1.71,$1.71,$172,$0,$37,$243,$0,$0,$0,$0,$1188,$1454,$53,$3,$0,$148,$201,$591,$247,$0,$1253,$1454,$197,$0,$0,$0,$0,$0,$0,$0,$1,$208,$-48,$0,$0,$0,$0,$0,$7,$-41,$0,$-29,$-29,$0,$0,$-82,$0,$-111,$56,$0,$0
24,2012-09-30,76.18,$0.00,0.0,$12.95,5.88,$12.64,6.03,$4.62,16.49,$0.23B,$0.06B,3.91,$0.00B,$1.20B,0.0,$0.39B,$0.26B,65.48%,$0.39B,$0.19B,47.97%,$0.39B,$0.19B,47.97%,$0.39B,$0.22B,55.58%,$0.39B,$0.19B,47.46%,$0.39B,$0.14B,35.53%,$0.14B,$1.20B,11.59%,$0.14B,$1.20B,11.59%,$0.14B,$1.42B,9.63%,$0.19B,$1.20B,15.49%,$93,$30,$63,$0,$10,$48,$45,$-1,$44,$13,$31,$31,$31,$53,$45,$29,29,$1.06,$1.06,$148,$0,$59,$228,$0,$0,$0,$0,$1172,$1424,$58,$3,$1,$165,$223,$590,$89,$0,$1201,$1424,$150,$23,$0,$23,$0,$0,$0,$0,$31,$160,$-31,$0,$0,$0,$0,$5,$0,$-26,$0,$-21,$0,$0,$0,$-82,$0,$-103,$31,$0,$0
25,2012-06-30,67.13,$0.00,0.0,$12.32,5.45,$12.29,5.46,$4.44,15.12,$0.22B,$0.08B,2.74,$0.01B,$1.14B,0.01,$0.38B,$0.25B,64.64%,$0.38B,$0.18B,46.70%,$0.38B,$0.18B,46.70%,$0.38B,$0.21B,54.35%,$0.38B,$0.19B,48.81%,$0.38B,$0.14B,35.88%,$0.14B,$1.14B,11.19%,$0.14B,$1.14B,11.19%,$0.14B,$1.39B,9.17%,$0.18B,$1.15B,14.33%,$96,$30,$66,$0,$10,$47,$49,$2,$50,$16,$34,$35,$35,$56,$49,$30,30,$1.15,$1.15,$116,$0,$81,$224,$0,$0,$0,$0,$1141,$1388,$82,$8,$0,$165,$247,$576,$161,$0,$1141,$1388,$103,$15,$0,$15,$0,$0,$0,$0,$0,$115,$-21,$0,$0,$0,$0,$0,$3,$-18,$0,$-14,$0,$0,$0,$-80,$0,$-94,$3,$0,$0
26,2012-03-31,56.84,$0.00,0.0,$12.26,4.64,$12.41,4.58,$4.39,12.95,$0.27B,$0.08B,3.48,$0.01B,$1.24B,0.01,$0.38B,$0.24B,64.46%,$0.38B,$0.17B,46.15%,$0.38B,$0.17B,46.15%,$0.38B,$0.20B,52.52%,$0.38B,$0.18B,48.01%,$0.38B,$0.13B,35.54%,$0.13B,$1.24B,10.77%,$0.13B,$1.24B,10.77%,$0.13B,$1.48B,8.77%,$0.17B,$1.25B,13.68%,$98,$24,$73,$0,$11,$43,$55,$-1,$55,$14,$41,$41,$41,$62,$55,$29,29,$1.40,$1.40,$160,$0,$76,$271,$0,$0,$0,$0,$1185,$1481,$78,$13,$0,$168,$246,$599,$180,$0,$1235,$1481,$55,$8,$0,$8,$0,$0,$0,$0,$-2,$59,$-12,$0,$0,$0,$0,$0,$1,$-11,$0,$-7,$0,$0,$0,$0,$0,$-7,$42,$0,$0
27,2011-12-31,46.4,$0.00,0.0,$11.96,3.88,$12.81,3.62,$4.20,11.05,$0.23B,$0.06B,3.85,$0.03B,$1.25B,0.02,$0.37B,$0.24B,64.69%,$0.37B,$0.17B,46.09%,$0.37B,$0.17B,46.09%,$0.37B,$0.20B,54.45%,$0.37B,$0.17B,46.90%,$0.37B,$0.13B,34.77%,$0.13B,$1.25B,10.32%,$0.13B,$1.25B,10.32%,$0.13B,$1.52B,8.35%,$0.17B,$1.28B,13.27%,$107,$51,$56,$0,$9,$67,$40,$2,$38,$6,$31,$33,$33,$48,$40,$33,33,$1.01,$1.01,$124,$0,$69,$230,$0,$0,$0,$0,$1266,$1521,$60,$26,$1,$208,$268,$1035,$189,$0,$1253,$1521,$174,$31,$0,$31,$0,$0,$0,$0,$-23,$176,$-61,$0,$0,$0,$0,$0,$5,$-56,$0,$-16,$0,$0,$0,$-73,$-24,$-113,$7,$0,$0
28,2011-09-30,41.24,$0.00,0.0,$11.91,3.46,$13.23,3.12,$3.94,10.47,$0.27B,$0.09B,3.03,$0.03B,$1.23B,0.03,$0.36B,$0.28B,78.45%,$0.36B,$0.24B,67.13%,$0.36B,$0.24B,67.13%,$0.36B,$0.27B,75.41%,$0.36B,$0.17B,47.51%,$0.36B,$0.12B,32.87%,$0.12B,$1.23B,9.67%,$0.12B,$1.23B,9.67%,$0.12B,$1.54B,7.80%,$0.24B,$1.27B,19.07%,$78,$28,$50,$0,$10,$46,$33,$2,$42,$12,$30,$27,$27,$40,$33,$31,31,$0.88,$0.88,$142,$0,$101,$272,$0,$0,$0,$0,$1243,$1540,$90,$34,$1,$218,$308,$1047,$61,$0,$1232,$1540,$133,$23,$0,$23,$0,$0,$0,$0,$-1,$151,$-25,$0,$0,$0,$0,$0,$5,$-20,$0,$-8,$0,$0,$0,$-74,$-25,$-106,$24,$0,$0
29,2011-06-30,48.89,$0.00,0.0,$11.91,4.11,$12.63,3.87,$3.65,13.39,$0.25B,$0.08B,3.13,$0.04B,$1.26B,0.03,$0.36B,$0.28B,76.45%,$0.36B,$0.24B,65.10%,$0.36B,$0.24B,65.10%,$0.36B,$0.26B,70.91%,$0.36B,$0.15B,42.66%,$0.36B,$0.11B,30.47%,$0.11B,$1.26B,9.12%,$0.11B,$1.26B,9.12%,$0.11B,$1.57B,7.34%,$0.24B,$1.30B,18.71%,$94,$30,$64,$0,$10,$49,$46,$1,$46,$13,$33,$33,$33,$48,$46,$30,30,$1.10,$1.10,$117,$0,$97,$245,$0,$0,$0,$0,$1295,$1567,$78,$39,$1,$233,$311,$1093,$133,$0,$1256,$1567,$95,$16,$0,$16,$0,$0,$0,$0,$6,$111,$-14,$0,$0,$0,$0,$0,$3,$-10,$0,$-5,$0,$0,$0,$-77,$-26,$-107,$-7,$0,$0
30,2011-03-31,46.75,$0.00,0.0,$11.45,4.08,$12.18,3.84,$3.44,13.59,$0.27B,$0.05B,5.05,$0.05B,$1.26B,0.04,$0.35B,$0.26B,76.08%,$0.35B,$0.23B,64.84%,$0.35B,$0.23B,64.84%,$0.35B,$0.26B,73.78%,$0.35B,$0.15B,42.36%,$0.35B,$0.10B,29.97%,$0.10B,$1.26B,8.84%,$0.10B,$1.26B,8.84%,$0.10B,$1.55B,7.17%,$0.23B,$1.31B,18.48%,$92,$22,$70,$0,$10,$40,$52,$0,$48,$13,$35,$36,$36,$66,$52,$30,30,$1.21,$1.21,$153,$0,$84,$274,$0,$0,$0,$0,$1255,$1554,$54,$51,$1,$238,$293,$1061,$177,$0,$1261,$1554,$89,$14,$0,$14,$0,$0,$0,$0,$-34,$71,$-10,$0,$0,$0,$0,$0,$5,$-5,$0,$-4,$0,$0,$0,$0,$0,$-4,$62,$0,$0
31,2010-12-31,44.91,$0.00,0.0,$11.02,4.07,$11.16,4.03,$3.24,13.86,$0.22B,$0.04B,5.47,$0.05B,$1.17B,0.04,$0.33B,$0.26B,77.25%,$0.33B,$0.22B,64.37%,$0.33B,$0.22B,64.37%,$0.33B,$0.25B,73.35%,$0.33B,$0.14B,41.32%,$0.33B,$0.10B,29.34%,$0.10B,$1.17B,8.59%,$0.10B,$1.17B,8.59%,$0.10B,$1.44B,7.01%,$0.22B,$1.22B,18.33%,$98,$-2,$100,$0,$-13,$-13,$112,$-80,$36,$9,$27,$23,$23,$119,$112,$31,31,$0.75,$0.75,$114,$0,$70,$215,$0,$0,$0,$0,$1203,$1443,$39,$51,$1,$231,$271,$1014,$34,$0,$1172,$1443,$139,$30,$0,$30,$0,$0,$0,$0,$-18,$146,$-27,$0,$0,$0,$0,$-35,$9,$-53,$0,$27,$0,$0,$0,$-59,$-23,$-55,$38,$0,$0
32,2010-09-30,37.77,$0.00,0.0,$9.73,3.88,$9.27,4.07,$2.90,13.02,$0.24B,$0.06B,4.14,$0.06B,$1.14B,0.05,$0.29B,$0.20B,68.03%,$0.29B,$0.13B,42.52%,$0.29B,$0.13B,42.52%,$0.29B,$0.16B,54.08%,$0.29B,$0.13B,42.52%,$0.29B,$0.09B,29.59%,$0.09B,$1.14B,7.88%,$0.09B,$1.14B,8.16%,$0.09B,$1.43B,6.46%,$0.13B,$1.19B,11.05%,$77,$35,$42,$0,$8,$51,$25,$1,$24,$7,$17,$18,$18,$23,$25,$30,30,$0.59,$0.59,$120,$0,$98,$241,$0,$0,$0,$0,$1164,$1429,$58,$58,$1,$235,$294,$1001,$34,$0,$1135,$1429,$107,$22,$0,$22,$0,$0,$0,$0,$-5,$121,$-16,$0,$0,$0,$0,$-10,$3,$-24,$0,$29,$0,$0,$0,$-59,$-23,$-52,$45,$0,$0
33,2010-06-30,36.23,$0.00,0.0,$8.96,4.04,$8.75,4.14,$2.73,13.27,$0.16B,$0.05B,3.56,$0.00B,$1.14B,0.0,$0.27B,$0.20B,72.59%,$0.27B,$0.12B,44.44%,$0.27B,$0.12B,44.44%,$0.27B,$0.17B,62.22%,$0.27B,$0.12B,45.19%,$0.27B,$0.08B,30.37%,$0.08B,$1.14B,7.59%,$0.08B,$1.14B,7.87%,$0.08B,$1.38B,6.30%,$0.12B,$1.14B,10.91%,$80,$27,$52,$0,$9,$44,$36,$1,$39,$12,$27,$27,$27,$48,$36,$30,30,$0.89,$0.89,$47,$0,$84,$161,$0,$0,$0,$0,$1190,$1376,$45,$0,$1,$190,$235,$1020,$36,$0,$1140,$1376,$74,$25,$0,$25,$0,$0,$0,$0,$4,$106,$-23,$0,$0,$0,$0,$6,$0,$-17,$0,$0,$-29,$0,$0,$-60,$-24,$-112,$-23,$0,$0
34,2010-03-31,39.69,$0.00,0.0,$8.03,4.94,$7.94,5.0,$2.16,18.37,$0.21B,$0.04B,5.53,$0.02B,$1.11B,0.02,$0.24B,$0.18B,74.79%,$0.24B,$0.10B,42.56%,$0.24B,$0.10B,42.56%,$0.24B,$0.15B,62.81%,$0.24B,$0.10B,41.32%,$0.24B,$0.07B,26.86%,$0.07B,$1.11B,6.20%,$0.07B,$1.11B,6.43%,$0.07B,$1.34B,5.15%,$0.10B,$1.14B,9.56%,$79,$14,$64,$0,$9,$36,$42,$-0,$39,$10,$29,$30,$30,$55,$42,$30,30,$1.01,$1.01,$104,$0,$63,$207,$0,$0,$0,$0,$610,$1343,$37,$21,$3,$191,$228,$1002,$64,$0,$1114,$1343,$39,$13,$0,$13,$0,$0,$0,$0,$-14,$40,$-10,$0,$0,$0,$0,$0,$3,$-7,$0,$0,$-4,$0,$0,$0,$0,$-4,$29,$0,$0
35,2009-12-31,39.65,$0.00,0.0,$7.72,5.14,$7.50,5.29,$1.96,20.23,$0.16B,$0.03B,5.22,$0.03B,$1.03B,0.02,$0.23B,$0.17B,74.25%,$0.23B,$0.10B,42.49%,$0.23B,$0.10B,42.49%,$0.23B,$0.15B,62.66%,$0.23B,$0.10B,42.92%,$0.23B,$0.06B,25.32%,$0.06B,$1.03B,5.69%,$0.06B,$0.88B,5.90%,$0.06B,$1.24B,4.78%,$0.10B,$1.05B,9.34%,$58,$16,$42,$0,$8,$36,$22,$-0,$23,$16,$7,$12,$12,$33,$22,$30,30,$0.41,$0.41,$71,$0,$55,$155,$0,$0,$153,$7,$741,$1240,$30,$25,$1,$181,$211,$951,$60,$0,$1030,$1240,$100,$47,$0,$47,$0,$0,$0,$0,$-40,$102,$-41,$0,$0,$0,$0,$0,$-5,$-45,$0,$0,$0,$0,$0,$-140,$26,$-114,$-57,$0,$0
36,2009-09-30,32.65,$0.00,0.0,$7.62,4.28,$7.34,4.45,$2.05,15.93,$0.17B,$0.03B,6.71,$0.03B,$1.04B,0.03,$0.23B,$0.17B,72.61%,$0.23B,$0.09B,40.87%,$0.23B,$0.09B,40.87%,$0.23B,$0.14B,61.30%,$0.23B,$0.10B,44.78%,$0.23B,$0.06B,26.96%,$0.06B,$1.04B,5.54%,$0.06B,$1.04B,5.79%,$0.06B,$1.25B,4.71%,$0.09B,$1.07B,8.28%,$53,$14,$38,$0,$7,$33,$20,$0,$21,$8,$13,$13,$13,$32,$20,$30,30,$0.42,$0.42,$94,$0,$58,$165,$0,$0,$0,$0,$599,$1247,$25,$33,$3,$187,$212,$966,$50,$0,$1035,$1247,$80,$36,$0,$36,$0,$0,$0,$0,$-22,$89,$-1,$0,$0,$0,$0,$-19,$5,$-15,$0,$0,$0,$0,$0,$-142,$31,$-111,$-37,$0,$0
37,2009-06-30,29.85,$0.00,0.0,$8.37,3.57,$8.22,3.63,$2.43,12.28,$0.14B,$0.03B,5.82,$0.03B,$1.02B,0.03,$0.25B,$0.18B,72.58%,$0.25B,$0.10B,41.13%,$0.25B,$0.10B,41.13%,$0.25B,$0.15B,61.29%,$0.25B,$0.12B,46.37%,$0.25B,$0.07B,29.03%,$0.07B,$1.02B,5.91%,$0.07B,$1.02B,6.15%,$0.07B,$1.22B,5.07%,$0.10B,$1.05B,8.32%,$52,$15,$37,$0,$6,$33,$19,$-1,$17,$7,$10,$10,$10,$32,$19,$30,30,$0.32,$0.32,$73,$0,$59,$144,$0,$0,$0,$0,$600,$1223,$25,$33,$2,$181,$206,$961,$37,$0,$1017,$1223,$59,$24,$0,$24,$0,$0,$0,$0,$30,$61,$-2,$0,$0,$0,$0,$2,$-7,$-7,$0,$0,$0,$0,$0,$-141,$31,$-111,$-57,$0,$0
38,2009-03-31,19.16,$0.00,0.0,$9.19,2.09,$8.38,2.29,$2.91,6.58,$0.22B,$0.02B,10.69,$0.00B,$1.07B,0.0,$0.27B,$0.20B,74.45%,$0.27B,$0.12B,44.16%,$0.27B,$0.12B,44.16%,$0.27B,$0.17B,62.77%,$0.27B,$0.14B,49.64%,$0.27B,$0.09B,31.75%,$0.09B,$1.07B,6.63%,$0.09B,$1.07B,6.88%,$0.09B,$1.22B,5.74%,$0.12B,$1.07B,9.22%,$70,$13,$56,$0,$8,$32,$38,$2,$39,$9,$29,$24,$24,$49,$38,$30,30,$0.81,$0.81,$136,$0,$48,$216,$0,$0,$0,$0,$561,$1224,$20,$0,$2,$136,$156,$893,$161,$0,$1068,$1224,$39,$11,$0,$11,$0,$0,$0,$0,$7,$18,$-0,$0,$0,$0,$0,$-5,$2,$-3,$0,$0,$0,$0,$0,$0,$0,$0,$15,$0,$0
39,2008-12-31,24.89,$0.00,0.0,$9.59,2.59,$9.07,2.75,$3.20,7.78,$0.25B,$0.06B,4.5,$0.00B,$1.36B,0.0,$0.29B,$0.21B,74.39%,$0.29B,$0.12B,43.51%,$0.29B,$0.12B,43.51%,$0.29B,$0.18B,62.46%,$0.29B,$0.14B,49.47%,$0.29B,$0.10B,33.68%,$0.10B,$1.36B,6.91%,$0.10B,$1.16B,7.16%,$0.10B,$1.58B,5.98%,$0.12B,$1.36B,8.93%,$55,$18,$36,$0,$7,$37,$17,$5,$26,$11,$15,$15,$15,$28,$17,$30,30,$0.50,$0.50,$157,$0,$63,$253,$0,$0,$194,$10,$932,$1576,$56,$0,$1,$163,$219,$1161,$178,$0,$1356,$1576,$140,$55,$0,$55,$0,$0,$0,$0,$0,$141,$-85,$0,$0,$0,$0,$0,$13,$-72,$0,$0,$0,$0,$0,$-54,$-32,$-86,$-17,$0,$0
40,2008-09-30,33.06,$0.00,0.0,$9.79,3.38,$10.09,3.28,$2.12,15.6,$0.27B,$0.04B,7.11,$0.00B,$1.43B,0.0,$0.29B,$0.22B,74.57%,$0.29B,$0.13B,43.30%,$0.29B,$0.13B,43.30%,$0.29B,$0.18B,62.89%,$0.29B,$0.14B,47.42%,$0.29B,$0.06B,21.65%,$0.06B,$1.43B,4.56%,$0.06B,$1.43B,4.73%,$0.06B,$1.66B,3.95%,$0.13B,$1.43B,9.11%,$71,$21,$51,$0,$8,$43,$28,$5,$33,$10,$23,$23,$23,$43,$28,$28,28,$0.80,$0.80,$173,$0,$62,$268,$0,$0,$0,$0,$795,$1658,$38,$0,$3,$188,$226,$1243,$170,$0,$1432,$1658,$117,$44,$0,$44,$0,$0,$0,$0,$-10,$120,$-12,$0,$0,$0,$0,$-41,$10,$-42,$0,$0,$0,$0,$0,$-58,$-34,$-92,$-14,$0,$0
41,2008-06-30,34.29,$0.00,0.0,$9.38,3.66,$8.47,4.05,$2.05,16.73,$0.25B,$0.02B,11.8,$0.00B,$1.39B,0.0,$0.28B,$0.21B,75.27%,$0.28B,$0.12B,43.82%,$0.28B,$0.12B,43.82%,$0.28B,$0.18B,63.25%,$0.28B,$0.13B,45.94%,$0.28B,$0.06B,21.91%,$0.06B,$1.39B,4.58%,$0.06B,$1.39B,4.75%,$0.06B,$1.61B,4.02%,$0.12B,$1.39B,9.15%,$78,$17,$61,$0,$9,$41,$38,$1,$38,$14,$24,$25,$25,$52,$38,$31,31,$0.80,$0.80,$157,$0,$57,$248,$0,$0,$0,$0,$792,$1606,$21,$0,$3,$192,$213,$1229,$146,$0,$1393,$1606,$83,$29,$0,$29,$0,$0,$0,$0,$-7,$77,$-11,$0,$0,$0,$0,$-2,$-0,$-13,$0,$0,$0,$0,$0,$-58,$-34,$-91,$-28,$0,$0
42,2008-03-31,36.55,$0.00,0.0,$9.00,4.06,$7.43,4.92,$1.97,18.56,$0.27B,$0.03B,10.57,$0.00B,$1.38B,0.0,$0.27B,$0.20B,74.07%,$0.27B,$0.12B,42.59%,$0.27B,$0.12B,42.59%,$0.27B,$0.17B,61.85%,$0.27B,$0.12B,45.56%,$0.27B,$0.06B,21.85%,$0.06B,$1.38B,4.44%,$0.06B,$1.38B,4.62%,$0.06B,$1.58B,3.96%,$0.12B,$1.38B,8.65%,$81,$17,$64,$0,$9,$40,$41,$3,$44,$11,$33,$33,$33,$55,$41,$30,30,$1.10,$1.10,$214,$0,$22,$270,$0,$0,$0,$0,$767,$1582,$26,$0,$2,$181,$207,$1185,$175,$0,$1376,$1582,$44,$14,$0,$14,$0,$0,$0,$0,$-5,$41,$-4,$0,$0,$0,$0,$-2,$0,$-5,$0,$0,$0,$0,$0,$0,$0,$0,$36,$0,$0
43,2007-12-31,39.27,$0.00,0.0,$8.35,4.71,$6.83,5.75,$1.55,25.34,$0.23B,$0.03B,7.99,$0.00B,$1.33B,0.0,$0.25B,$0.18B,72.91%,$0.25B,$0.10B,40.64%,$0.25B,$0.10B,40.64%,$0.25B,$0.15B,60.56%,$0.25B,$0.11B,43.03%,$0.25B,$0.05B,18.33%,$0.05B,$1.33B,3.52%,$0.05B,$1.13B,3.66%,$0.05B,$1.53B,3.18%,$0.10B,$1.33B,7.81%,$61,$20,$41,$0,$8,$42,$19,$-1,$23,$48,$-25,$-18,$-18,$33,$19,$30,30,$-0.58,$-0.58,$176,$0,$30,$232,$0,$0,$203,$0,$959,$1528,$29,$0,$1,$170,$199,$1172,$141,$0,$1329,$1528,$48,$50,$0,$50,$0,$0,$0,$0,$-1,$149,$-61,$0,$0,$0,$0,$0,$0,$-61,$0,$0,$0,$0,$0,$-21,$-8,$-29,$58,$0,$0
44,2007-09-30,31.83,$0.00,0.0,$8.06,3.95,$3.75,8.49,$2.53,12.58,$0.19B,$0.02B,9.42,$0.00B,$1.32B,0.0,$0.24B,$0.18B,74.38%,$0.24B,$0.10B,41.32%,$0.24B,$0.10B,41.32%,$0.24B,$0.15B,61.16%,$0.24B,$0.11B,43.80%,$0.24B,$0.08B,31.40%,$0.08B,$1.32B,5.89%,$0.08B,$1.32B,6.13%,$0.08B,$1.45B,5.40%,$0.10B,$1.32B,7.75%,$63,$16,$47,$0,$8,$37,$26,$-1,$25,$3,$22,$22,$22,$39,$26,$30,30,$0.73,$0.73,$161,$0,$9,$191,$0,$0,$0,$0,$738,$1446,$20,$0,$3,$104,$124,$1151,$65,$0,$1322,$1446,$64,$36,$0,$36,$0,$0,$0,$0,$7,$107,$-41,$0,$0,$0,$0,$0,$0,$-41,$0,$0,$0,$0,$0,$0,$-21,$-21,$45,$0,$0
45,2007-06-30,33.8,$0.00,0.0,$7.66,4.41,$1.33,25.44,$2.33,14.51,$0.16B,$0.02B,7.63,$0.00B,$1.29B,0.0,$0.23B,$0.17B,73.04%,$0.23B,$0.09B,39.57%,$0.23B,$0.09B,39.57%,$0.23B,$0.14B,60.00%,$0.23B,$0.10B,41.30%,$0.23B,$0.07B,30.43%,$0.07B,$1.29B,5.52%,$0.07B,$1.29B,5.75%,$0.07B,$1.41B,5.08%,$0.09B,$1.29B,7.18%,$65,$17,$48,$0,$8,$36,$29,$3,$31,$0,$31,$22,$22,$40,$29,$30,30,$0.72,$0.72,$128,$0,$7,$160,$0,$0,$0,$0,$737,$1411,$21,$0,$3,$100,$122,$1141,$1,$0,$1289,$1411,$42,$23,$0,$23,$0,$0,$0,$0,$3,$68,$-36,$0,$0,$0,$0,$2,$0,$-34,$0,$0,$0,$0,$0,$0,$-21,$-21,$13,$0,$0
46,2007-03-31,29.88,$0.00,0.0,$7.18,4.16,$-0.36,0.0,$2.12,14.1,$0.16B,$0.02B,6.92,$0.00B,$1.29B,0.0,$0.22B,$0.16B,72.81%,$0.22B,$0.08B,38.25%,$0.22B,$0.08B,38.25%,$0.22B,$0.13B,59.45%,$0.22B,$0.09B,40.55%,$0.22B,$0.06B,29.49%,$0.06B,$1.29B,5.16%,$0.06B,$1.29B,5.38%,$0.06B,$1.40B,4.77%,$0.08B,$1.29B,6.70%,$62,$14,$47,$0,$8,$33,$28,$0,$29,$9,$20,$20,$20,$40,$28,$30,30,$0.68,$0.68,$132,$0,$8,$164,$0,$0,$0,$0,$733,$1401,$24,$0,$2,$92,$116,$1131,$69,$0,$1285,$1401,$20,$11,$0,$11,$0,$0,$0,$0,$8,$40,$-20,$0,$0,$0,$0,$-2,$0,$-22,$0,$0,$0,$0,$0,$0,$0,$0,$18,$0,$0
47,2006-12-31,26.88,$0.00,0.0,$6.66,4.03,$-1.48,0.0,$1.84,14.61,$0.15B,$0.02B,6.69,$0.00B,$1.27B,0.0,$0.20B,$0.14B,71.64%,$0.20B,$0.07B,35.32%,$0.20B,$0.07B,35.32%,$0.20B,$0.12B,57.71%,$0.20B,$0.08B,38.31%,$0.20B,$0.06B,27.86%,$0.06B,$1.27B,4.55%,$0.06B,$1.06B,4.74%,$0.06B,$1.37B,4.22%,$0.07B,$1.27B,5.77%,$52,$14,$38,$0,$9,$35,$17,$0,$21,$6,$15,$12,$12,$29,$17,$30,30,$0.40,$0.40,$114,$0,$15,$151,$339,$0,$203,$0,$1272,$1373,$23,$0,$1,$84,$106,$1134,$49,$0,$1267,$1373,$50,$45,$0,$45,$0,$0,$0,$0,$-24,$95,$-100,$0,$0,$0,$0,$0,$0,$-100,$0,$0,$0,$0,$0,$-27,$0,$-27,$-33,$0,$0
