,Date,Stock Price,Book Value per Share,Price to Book Ratio,TTM Sales per Share,Price to Sales Ratio,TTM FCF per Share,Price to FCF Ratio,TTM Net EPS,PE Ratio,Current Assets,Current Liabilities,Current Ratio,Long Term Debt,Shareholder's Equity_x,Debt to Equity Ratio,TTM Revenue_x,TTM Gross Profit,Gross Margin,TTM Revenue_y,TTM Operating Income,Operating Margin,TTM Revenue_x,TTM EBIT,EBIT Margin,TTM Revenue_y,TTM EBITDA,EBITDA Margin,TTM Revenue_x,TTM Pre-Tax Income,Pre-Tax Margin,TTM Revenue_y,TTM Net Income_x,Net Margin,TTM Net Income_y,Shareholder's Equity_y,Return on Equity,TTM Net Income_x,Tangible Equity,Return on Tangible Equity,TTM Net Income_y,Total Assets,Return on Assets,TTM Net Income,LT Investments & Debt,Return on Investment,revenue,cost-goods-sold,gross-profit,research-development-expenses,selling-general-administrative-expenses,operating-expenses,operating-income,total-non-operating-income-expense,pre-tax-income,total-provision-income-taxes,income-after-taxes,income-from-continuous-operations,net-income,ebitda,ebit,basic-shares-outstanding,shares-outstanding,eps-basic-net-earnings-per-share,eps-earnings-per-share-diluted,cash-on-hand,inventory,other-current-assets,total-current-assets,net-property-plant-equipment,long-term-investments,goodwill-intangible-assets-total,other-long-term-assets,total-long-term-assets,total-assets,total-current-liabilities,long-term-debt,other-non-current-liabilities,total-long-term-liabilities,total-liabilities,common-stock-net,retained-earnings-accumulated-deficit,comprehensive-income,total-share-holder-equity,total-liabilities-share-holders-equity,net-income-loss,total-depreciation-amortization-cash-flow,other-non-cash-items,total-non-cash-items,change-in-accounts-receivable,change-in-inventories,change-in-accounts-payable,change-in-assets-liabilities,total-change-in-assets-liabilities,cash-flow-from-operating-activities,net-change-in-property-plant-equipment,net-change-in-intangible-assets,net-acquisitions-divestitures,net-change-in-short-term-investments,net-change-in-long-term-investments,net-change-in-investments-total,investing-activities-other,cash-flow-from-investing-activities,net-long-term-debt,net-current-debt,debt-issuance-retirement-net-total,net-common-equity-issued-repurchased,net-total-equity-issued-repurchased,total-common-preferred-stock-dividends-paid,financial-activities-other,cash-flow-from-financial-activities,net-cash-flow,stock-based-compensation,common-stock-dividends-paid
0,2018-09-30,5.88,$3.79,1.55,$5.00,1.18,$1.07,5.49,$0.28,21.0,$0.23B,$0.26B,0.87,$0.46B,$0.24B,1.9,$0.36B,$0.33B,90.88%,$0.36B,$0.02B,6.63%,$0.36B,$0.02B,6.63%,$0.36B,$0.15B,42.27%,$0.36B,$0.03B,9.12%,$0.36B,$0.03B,7.73%,$0.03B,$0.24B,13.84%,$0.03B,$-0.48B,-5.06%,$0.03B,$0.98B,2.84%,$0.02B,$0.70B,3.41%,$77,$3,$75,$2,$33,$68,$10,$45,$55,$7,$48,$48,$48,$42,$10,$64,83,$0.76,$0.65,$122,$4,$0,$227,$12,$0,$718,$27,$756,$984,$261,$461,$19,$480,$741,$0,$-158,$-0,$242,$984,$61,$97,$11,$108,$29,$9,$0,$-66,$-112,$57,$-4,$0,$0,$0,$-2,$-2,$0,$-6,$-58,$0,$-58,$2,$2,$0,$-1,$-56,$-5,$10,$0
1,2018-06-30,6.67,$2.99,2.23,$5.58,1.2,$0.98,6.81,$-0.62,0.0,$0.13B,$0.23B,0.55,$0.48B,$0.19B,2.48,$0.38B,$0.33B,87.37%,$0.38B,$0.02B,3.95%,$0.38B,$0.02B,3.95%,$0.38B,$0.14B,37.63%,$0.38B,$-0.04B,-10.26%,$0.38B,$-0.04B,-9.47%,$-0.04B,$0.19B,-18.80%,$-0.04B,$-0.55B,6.09%,$-0.04B,$0.91B,-3.59%,$0.02B,$0.67B,2.08%,$63,$3,$61,$2,$31,$67,$-4,$-17,$-21,$-0,$-21,$-21,$-21,$28,$-4,$64,64,$-0.33,$-0.33,$57,$5,$0,$127,$11,$0,$743,$31,$785,$912,$232,$475,$14,$489,$721,$323,$-207,$-0,$191,$912,$13,$65,$7,$72,$30,$8,$0,$-37,$-99,$-14,$-1,$0,$0,$0,$1,$1,$0,$1,$-58,$0,$-58,$2,$2,$0,$-0,$-56,$-70,$8,$0
2,2018-03-31,6.59,$3.24,2.03,$6.19,1.06,$1.81,3.63,$-0.72,0.0,$0.19B,$0.26B,0.75,$0.53B,$0.21B,2.55,$0.42B,$0.35B,84.41%,$0.42B,$0.02B,3.60%,$0.42B,$0.02B,3.60%,$0.42B,$0.14B,34.05%,$0.42B,$-0.05B,-10.79%,$0.42B,$-0.04B,-10.07%,$-0.04B,$0.21B,-21.37%,$-0.04B,$-0.56B,6.85%,$-0.04B,$1.00B,-4.01%,$0.02B,$0.73B,2.00%,$128,$12,$116,$2,$29,$77,$51,$-18,$33,$-0,$34,$34,$34,$84,$51,$64,82,$0.53,$0.48,$102,$5,$0,$193,$12,$0,$768,$29,$809,$1002,$257,$525,$14,$539,$796,$317,$-186,$-0,$206,$1002,$34,$32,$2,$34,$10,$7,$0,$-37,$-95,$-27,$0,$0,$0,$0,$1,$1,$0,$1,$0,$0,$0,$1,$1,$0,$-0,$0,$-25,$2,$0
3,2017-12-31,8.05,$2.67,3.01,$6.08,1.32,$2.39,3.37,$-1.63,0.0,$0.23B,$0.31B,0.74,$0.54B,$0.17B,3.21,$0.38B,$0.31B,81.53%,$0.38B,$-0.04B,-11.35%,$0.38B,$-0.04B,-11.35%,$0.38B,$0.08B,21.64%,$0.38B,$-0.11B,-27.70%,$0.38B,$-0.10B,-27.18%,$-0.10B,$0.17B,-50.86%,$-0.10B,$-0.62B,16.25%,$-0.10B,$1.04B,-9.44%,$-0.04B,$0.71B,-5.50%,$94,$18,$77,$1,$48,$127,$-33,$-1,$-34,$-1,$-33,$-33,$-33,$-1,$-33,$63,63,$-0.52,$-0.52,$128,$13,$0,$231,$13,$0,$794,$1,$808,$1039,$311,$544,$14,$559,$869,$0,$-220,$-0,$170,$1039,$-102,$125,$21,$146,$30,$-2,$0,$-8,$18,$62,$-0,$0,$0,$0,$58,$58,$0,$58,$-110,$0,$-110,$9,$9,$0,$-10,$-111,$9,$13,$0
4,2017-09-30,5.79,$3.15,1.84,$6.60,0.88,$2.52,2.3,$-1.83,0.0,$0.22B,$0.26B,0.83,$0.58B,$0.20B,2.9,$0.41B,$0.33B,81.42%,$0.41B,$0.01B,1.96%,$0.41B,$0.01B,1.96%,$0.41B,$0.13B,32.27%,$0.41B,$-0.07B,-17.85%,$0.41B,$-0.11B,-27.87%,$-0.11B,$0.20B,-51.18%,$-0.11B,$-0.63B,17.80%,$-0.11B,$1.06B,-10.02%,$0.01B,$0.78B,0.95%,$95,$17,$78,$2,$49,$94,$1,$-18,$-17,$-1,$-16,$-16,$-16,$32,$1,$63,63,$-0.25,$-0.25,$113,$10,$0,$219,$14,$0,$825,$1,$840,$1060,$263,$577,$21,$598,$861,$309,$-186,$-0,$199,$1060,$-69,$93,$10,$103,$25,$0,$0,$-9,$1,$35,$-0,$0,$0,$0,$54,$54,$0,$53,$-100,$0,$-100,$8,$8,$0,$-6,$-98,$-10,$10,$0
5,2017-06-30,10.74,$3.36,3.2,$6.88,1.56,$2.42,4.44,$-1.79,0.0,$0.22B,$0.28B,0.79,$0.57B,$0.21B,2.71,$0.43B,$0.35B,81.18%,$0.43B,$0.01B,1.88%,$0.43B,$0.01B,1.88%,$0.43B,$0.13B,31.29%,$0.43B,$-0.08B,-17.65%,$0.43B,$-0.11B,-26.12%,$-0.11B,$0.21B,-45.17%,$-0.11B,$-0.64B,17.26%,$-0.11B,$1.09B,-9.37%,$0.01B,$0.78B,0.89%,$100,$20,$81,$6,$50,$105,$-4,$-23,$-27,$-0,$-27,$-27,$-27,$27,$-4,$63,63,$-0.43,$-0.43,$117,$10,$0,$219,$15,$0,$851,$1,$867,$1086,$279,$572,$23,$595,$874,$306,$-170,$-0,$211,$1086,$-53,$62,$8,$70,$24,$0,$0,$-3,$21,$38,$-0,$0,$0,$0,$56,$56,$0,$56,$-100,$0,$-100,$7,$7,$0,$-6,$-98,$-4,$7,$0
6,2017-03-31,12.55,$3.69,3.4,$7.18,1.75,$1.98,6.33,$-1.53,0.0,$0.29B,$0.30B,0.95,$0.62B,$0.23B,2.71,$0.44B,$0.36B,81.45%,$0.44B,$0.02B,4.98%,$0.44B,$0.02B,4.98%,$0.44B,$0.15B,33.48%,$0.44B,$-0.06B,-14.48%,$0.44B,$-0.10B,-21.49%,$-0.10B,$0.23B,-35.55%,$-0.10B,$-0.65B,14.66%,$-0.10B,$1.18B,-7.75%,$0.02B,$0.85B,2.29%,$90,$18,$73,$5,$49,$97,$-7,$-20,$-27,$0,$-27,$-27,$-27,$24,$-7,$62,62,$-0.43,$-0.43,$195,$12,$0,$287,$15,$0,$876,$1,$893,$1180,$302,$623,$25,$648,$950,$298,$-144,$-0,$230,$1180,$-27,$31,$-2,$29,$35,$1,$0,$-2,$13,$16,$-0,$0,$0,$0,$53,$53,$0,$52,$0,$0,$0,$3,$3,$0,$-1,$2,$70,$4,$0
7,2016-12-31,18.02,$4.05,4.45,$7.45,2.42,$1.47,12.27,$-1.44,0.0,$0.31B,$0.23B,1.35,$0.72B,$0.25B,2.87,$0.46B,$0.37B,80.53%,$0.46B,$0.03B,5.47%,$0.46B,$0.03B,5.47%,$0.46B,$0.15B,33.26%,$0.46B,$-0.06B,-14.00%,$0.46B,$-0.09B,-19.47%,$-0.09B,$0.25B,-31.26%,$-0.09B,$-0.65B,13.55%,$-0.09B,$1.23B,-7.04%,$0.03B,$0.97B,2.51%,$124,$23,$101,$9,$48,$106,$18,$-20,$-2,$42,$-44,$-44,$-44,$49,$18,$61,61,$-0.73,$-0.73,$177,$13,$0,$306,$16,$0,$902,$1,$919,$1225,$227,$719,$29,$747,$975,$292,$-117,$-0,$251,$1225,$-89,$127,$49,$176,$-31,$-4,$0,$-5,$-17,$71,$-3,$0,$0,$0,$48,$48,$0,$46,$-100,$0,$-100,$10,$10,$0,$-10,$-100,$17,$17,$0
8,2016-09-30,24.97,$4.72,5.29,$7.28,3.43,$2.86,8.74,$-1.23,0.0,$0.26B,$0.22B,1.21,$0.71B,$0.29B,2.46,$0.44B,$0.36B,80.41%,$0.44B,$-0.02B,-4.50%,$0.44B,$-0.02B,-4.50%,$0.44B,$0.11B,24.32%,$0.44B,$-0.11B,-25.00%,$0.44B,$-0.08B,-17.12%,$-0.08B,$0.29B,-25.27%,$-0.08B,$-0.64B,11.38%,$-0.08B,$1.25B,-5.86%,$-0.02B,$1.01B,-1.94%,$111,$20,$90,$10,$52,$109,$1,$-20,$-19,$-6,$-13,$-13,$-13,$33,$1,$61,61,$-0.21,$-0.21,$136,$11,$0,$261,$16,$1,$928,$1,$989,$1250,$216,$714,$29,$743,$959,$284,$-72,$-0,$291,$1250,$-44,$96,$2,$98,$-16,$-2,$0,$-14,$-24,$30,$-3,$0,$0,$0,$61,$61,$0,$59,$-100,$0,$-100,$7,$7,$0,$-6,$-100,$-11,$13,$0
9,2016-06-30,19.62,$4.84,4.05,$7.22,2.72,$3.82,5.14,$-1.22,0.0,$0.23B,$0.22B,1.06,$0.71B,$0.30B,2.39,$0.44B,$0.35B,80.14%,$0.44B,$-0.02B,-4.11%,$0.44B,$-0.02B,-4.11%,$0.44B,$0.11B,25.11%,$0.44B,$-0.11B,-25.34%,$0.44B,$-0.08B,-17.12%,$-0.08B,$0.30B,-23.92%,$-0.08B,$-0.66B,11.00%,$-0.08B,$1.25B,-5.66%,$-0.02B,$1.01B,-1.69%,$117,$21,$96,$7,$52,$107,$10,$-26,$-16,$-6,$-11,$-11,$-11,$42,$10,$61,61,$-0.17,$-0.17,$118,$10,$0,$230,$16,$1,$955,$1,$1016,$1246,$218,$710,$21,$731,$949,$278,$-59,$-0,$297,$1246,$-31,$64,$3,$67,$-8,$-0,$0,$-8,$-23,$13,$-3,$0,$0,$0,$77,$77,$0,$75,$-100,$0,$-100,$5,$5,$0,$-6,$-101,$-13,$8,$0
10,2016-03-31,13.93,$4.91,2.84,$6.88,2.02,$4.24,3.28,$-1.41,0.0,$0.29B,$0.31B,0.95,$0.71B,$0.30B,2.35,$0.42B,$0.33B,78.61%,$0.42B,$-0.05B,-10.82%,$0.42B,$-0.05B,-10.82%,$0.42B,$0.08B,19.71%,$0.42B,$-0.13B,-32.21%,$0.42B,$-0.09B,-20.67%,$-0.09B,$0.30B,-26.40%,$-0.09B,$-0.68B,12.35%,$-0.09B,$1.34B,-6.40%,$-0.05B,$1.00B,-4.08%,$105,$24,$81,$6,$53,$109,$-4,$-23,$-27,$-6,$-21,$-21,$-21,$28,$-4,$61,61,$-0.34,$-0.34,$192,$11,$0,$293,$15,$2,$982,$1,$1043,$1336,$309,$705,$22,$727,$1036,$270,$-49,$-0,$300,$1336,$-21,$32,$-2,$30,$1,$-1,$0,$-4,$-26,$-16,$-0,$0,$0,$0,$96,$96,$0,$96,$0,$0,$0,$1,$1,$0,$-0,$1,$81,$4,$0
11,2015-12-31,18.13,$5.18,3.5,$5.70,3.18,$4.46,4.06,$-1.27,0.0,$0.31B,$0.22B,1.41,$0.80B,$0.32B,2.54,$0.34B,$0.28B,80.17%,$0.34B,$-0.05B,-14.87%,$0.34B,$-0.05B,-14.87%,$0.34B,$0.05B,14.87%,$0.34B,$-0.12B,-35.86%,$0.34B,$-0.08B,-22.45%,$-0.08B,$0.32B,-22.60%,$-0.08B,$-0.69B,16.98%,$-0.08B,$1.36B,-6.49%,$-0.05B,$1.12B,-5.10%,$111,$21,$90,$6,$58,$138,$-27,$-22,$-49,$-18,$-31,$-31,$-31,$5,$-27,$60,60,$-0.50,$-0.50,$210,$10,$0,$309,$15,$0,$1009,$1,$1048,$1357,$220,$800,$22,$823,$1042,$265,$-28,$-0,$315,$1357,$-76,$101,$-3,$98,$-44,$9,$0,$22,$130,$152,$-2,$0,$-1050,$0,$-31,$-31,$-25,$-1108,$562,$0,$562,$10,$10,$0,$-4,$568,$-388,$14,$0
12,2015-09-30,18.85,$5.65,3.34,$6.79,2.78,$1.10,17.09,$0.47,40.11,$0.30B,$0.18B,1.68,$0.80B,$0.34B,2.35,$0.43B,$0.38B,88.06%,$0.43B,$0.13B,31.38%,$0.43B,$0.13B,31.38%,$0.43B,$0.21B,49.18%,$0.43B,$0.08B,18.27%,$0.43B,$0.05B,11.48%,$0.05B,$0.34B,13.88%,$0.05B,$-0.69B,-23.67%,$0.05B,$1.36B,4.78%,$0.13B,$1.14B,15.42%,$105,$21,$84,$5,$49,$102,$3,$-23,$-19,$-8,$-12,$-12,$-12,$35,$3,$60,60,$-0.20,$-0.20,$172,$11,$0,$303,$15,$2,$1036,$7,$1060,$1363,$180,$803,$23,$841,$1021,$258,$3,$-0,$342,$1363,$-45,$69,$-9,$60,$-41,$8,$0,$12,$70,$86,$-1,$0,$-1050,$0,$10,$10,$0,$-1041,$562,$0,$562,$8,$8,$0,$4,$574,$-381,$10,$0
13,2015-06-30,21.46,$5.74,3.74,$5.90,3.64,$-1.29,0.0,$0.78,27.51,$0.23B,$0.14B,1.71,$0.80B,$0.35B,2.31,$0.37B,$0.34B,91.15%,$0.37B,$0.15B,39.68%,$0.37B,$0.15B,39.68%,$0.37B,$0.20B,52.55%,$0.37B,$0.11B,28.69%,$0.37B,$0.07B,17.96%,$0.07B,$0.35B,20.11%,$0.07B,$-0.72B,487.27%,$0.07B,$1.32B,7.70%,$0.15B,$1.15B,20.98%,$95,$23,$72,$5,$57,$112,$-17,$-22,$-39,$-18,$-22,$-22,$-22,$14,$-17,$60,60,$-0.36,$-0.36,$118,$10,$0,$232,$16,$5,$1063,$7,$1091,$1323,$136,$799,$23,$841,$977,$253,$14,$-0,$346,$1323,$-33,$38,$-9,$28,$-32,$9,$0,$16,$42,$37,$-1,$0,$-1050,$0,$49,$49,$0,$-1002,$562,$0,$562,$7,$7,$0,$2,$570,$-395,$6,$0
14,2015-03-31,22.41,$6.00,3.73,$5.44,4.12,$-2.86,0.0,$1.35,16.6,$0.61B,$0.06B,9.94,$0.23B,$0.36B,0.65,$0.35B,$0.33B,95.66%,$0.35B,$0.19B,55.49%,$0.35B,$0.19B,55.49%,$0.35B,$0.21B,61.27%,$0.35B,$0.17B,48.27%,$0.35B,$0.10B,29.48%,$0.10B,$0.36B,34.99%,$0.10B,$0.29B,46.74%,$0.10B,$0.70B,15.60%,$0.19B,$0.59B,41.38%,$32,$3,$29,$2,$35,$42,$-10,$-6,$-16,$-4,$-12,$-12,$-12,$-3,$-10,$60,60,$-0.20,$-0.20,$561,$6,$0,$613,$7,$7,$70,$7,$91,$704,$62,$233,$24,$283,$344,$246,$36,$-0,$360,$704,$-12,$6,$-5,$2,$4,$2,$0,$-2,$7,$-2,$-0,$0,$-500,$0,$63,$63,$0,$-438,$0,$0,$0,$3,$3,$0,$1,$4,$-436,$3,$0
15,2014-12-31,16.11,$6.15,2.62,$6.18,2.61,$-3.92,0.0,$1.85,8.71,$0.62B,$0.06B,10.74,$0.23B,$0.36B,0.63,$0.39B,$0.38B,95.91%,$0.39B,$0.24B,60.87%,$0.39B,$0.24B,60.87%,$0.39B,$0.25B,64.96%,$0.39B,$0.21B,54.48%,$0.39B,$0.13B,33.76%,$0.13B,$0.36B,54.66%,$0.13B,$0.29B,79.64%,$0.13B,$0.71B,22.18%,$0.24B,$0.59B,66.90%,$195,$3,$191,$2,$29,$37,$158,$-6,$152,$57,$95,$95,$95,$164,$158,$58,66,$1.62,$1.43,$559,$8,$0,$618,$7,$7,$72,$7,$93,$711,$57,$230,$27,$289,$347,$240,$48,$-0,$364,$711,$132,$16,$-132,$-116,$-5,$2,$0,$-15,$-72,$-56,$-1,$0,$0,$0,$-47,$-47,$0,$-47,$345,$0,$345,$10,$10,$0,$-8,$347,$244,$9,$0
16,2014-09-30,15.19,$4.49,3.39,$3.95,3.85,$-2.93,0.0,$1.34,11.34,$0.63B,$0.12B,5.45,$0.23B,$0.26B,0.86,$0.24B,$0.22B,93.67%,$0.24B,$0.09B,36.71%,$0.24B,$0.09B,36.71%,$0.24B,$0.10B,42.62%,$0.24B,$0.06B,27.00%,$0.24B,$0.08B,33.33%,$0.08B,$0.26B,42.76%,$0.08B,$0.19B,74.18%,$0.08B,$0.74B,14.51%,$0.09B,$0.49B,36.02%,$51,$4,$48,$2,$27,$35,$17,$-6,$10,$4,$6,$6,$6,$21,$17,$59,61,$0.11,$0.11,$553,$7,$0,$632,$7,$6,$75,$7,$110,$742,$116,$227,$126,$363,$479,$235,$-47,$-0,$263,$742,$37,$10,$-44,$-34,$-1,$3,$0,$-3,$-62,$-59,$-1,$0,$0,$0,$18,$18,$0,$17,$345,$0,$345,$7,$7,$0,$-8,$344,$302,$6,$0
17,2014-06-30,13.9,$3.07,4.53,$3.75,3.7,$-1.79,0.0,$1.34,10.37,$0.31B,$0.12B,2.7,$0.00B,$0.18B,0.0,$0.22B,$0.21B,94.17%,$0.22B,$0.08B,34.53%,$0.22B,$0.08B,34.53%,$0.22B,$0.09B,39.46%,$0.22B,$0.06B,27.35%,$0.22B,$0.08B,35.87%,$0.08B,$0.18B,56.34%,$0.08B,$0.10B,107.74%,$0.08B,$0.46B,20.09%,$0.08B,$0.18B,54.23%,$68,$5,$63,$1,$33,$41,$27,$-5,$21,$8,$13,$13,$13,$30,$27,$58,60,$0.22,$0.21,$218,$8,$0,$310,$8,$6,$77,$0,$149,$458,$115,$0,$154,$165,$279,$231,$-53,$-0,$179,$458,$31,$6,$-38,$-32,$3,$2,$0,$-3,$-57,$-58,$-1,$0,$0,$0,$19,$19,$0,$18,$0,$0,$0,$6,$6,$0,$2,$7,$-34,$4,$0
18,2014-03-31,14.5,$2.77,5.23,$3.16,4.59,$-0.89,0.0,$1.14,12.72,$0.31B,$0.12B,2.64,$0.00B,$0.16B,0.0,$0.19B,$0.18B,94.59%,$0.19B,$0.05B,27.57%,$0.19B,$0.05B,27.57%,$0.19B,$0.06B,32.43%,$0.19B,$0.04B,22.16%,$0.19B,$0.07B,36.22%,$0.07B,$0.16B,56.78%,$0.07B,$0.08B,105.10%,$0.07B,$0.47B,21.12%,$0.05B,$0.16B,43.22%,$77,$4,$73,$2,$33,$41,$36,$-6,$30,$12,$18,$18,$18,$39,$36,$58,60,$0.31,$0.30,$208,$8,$0,$313,$8,$5,$80,$0,$155,$469,$119,$0,$178,$189,$308,$225,$-66,$-0,$160,$469,$18,$3,$-22,$-19,$-3,$2,$0,$-2,$-65,$-65,$-1,$0,$0,$0,$13,$13,$0,$13,$0,$0,$0,$2,$2,$0,$1,$3,$-49,$2,$0
19,2013-12-31,10.58,$2.40,4.42,$2.34,4.52,$0.12,91.44,$0.74,14.3,$0.34B,$0.16B,2.15,$0.00B,$0.14B,0.0,$0.13B,$0.13B,94.78%,$0.13B,$0.01B,6.72%,$0.13B,$0.01B,6.72%,$0.13B,$0.02B,12.69%,$0.13B,$0.01B,3.73%,$0.13B,$0.04B,32.84%,$0.04B,$0.14B,44.90%,$0.04B,$0.06B,76.19%,$0.04B,$0.51B,18.82%,$0.01B,$0.14B,9.18%,$41,$2,$38,$2,$27,$33,$7,$-4,$3,$-39,$42,$42,$42,$11,$7,$57,58,$0.74,$0.73,$272,$10,$0,$337,$8,$4,$83,$0,$172,$509,$157,$0,$202,$214,$371,$221,$-84,$-0,$137,$509,$43,$7,$-110,$-103,$-9,$4,$0,$-2,$69,$10,$-2,$-0,$-53,$0,$17,$17,$0,$-38,$0,$0,$0,$4,$4,$0,$240,$244,$216,$6,$0
20,2013-09-30,7.47,$1.62,4.61,$2.11,3.53,$-0.70,0.0,$-0.05,0.0,$0.11B,$0.03B,3.24,$0.00B,$0.09B,0.0,$0.12B,$0.11B,94.17%,$0.12B,$-0.00B,-1.67%,$0.12B,$-0.00B,-1.67%,$0.12B,$0.00B,2.50%,$0.12B,$-0.00B,-1.67%,$0.12B,$-0.00B,-1.67%,$-0.00B,$0.09B,-2.36%,$-0.00B,$0.06B,-3.40%,$-0.00B,$0.16B,-1.41%,$-0.00B,$0.09B,-2.36%,$37,$2,$36,$1,$26,$31,$7,$-0,$7,$0,$7,$7,$7,$8,$7,$57,58,$0.11,$0.11,$81,$8,$0,$111,$8,$5,$33,$0,$46,$157,$34,$0,$17,$30,$65,$218,$-126,$-0,$92,$157,$2,$4,$5,$9,$-2,$3,$0,$-2,$-0,$10,$-1,$-0,$-4,$0,$28,$28,$0,$23,$0,$0,$0,$2,$2,$0,$0,$2,$35,$5,$0
21,2013-06-30,5.62,$1.46,3.84,$2.06,2.73,$-1.35,0.0,$-0.19,0.0,$0.10B,$0.03B,3.48,$0.00B,$0.08B,0.0,$0.12B,$0.11B,93.97%,$0.12B,$-0.01B,-9.48%,$0.12B,$-0.01B,-9.48%,$0.12B,$-0.01B,-5.17%,$0.12B,$-0.01B,-8.62%,$0.12B,$-0.01B,-8.62%,$-0.01B,$0.08B,-12.01%,$-0.01B,$0.06B,-17.02%,$-0.01B,$0.13B,-7.19%,$-0.01B,$0.08B,-13.21%,$30,$2,$28,$1,$25,$29,$1,$0,$1,$0,$0,$0,$0,$2,$1,$57,57,$0.01,$0.01,$70,$7,$0,$98,$8,$5,$23,$0,$36,$134,$28,$0,$9,$23,$51,$215,$-132,$-0,$83,$134,$-5,$2,$3,$5,$-1,$2,$0,$-1,$-4,$-4,$-1,$-0,$0,$0,$20,$20,$0,$18,$0,$0,$0,$1,$1,$0,$0,$1,$16,$3,$0
22,2013-03-31,5.87,$1.42,4.13,$1.79,3.29,$-1.72,0.0,$-0.48,0.0,$0.10B,$0.03B,2.99,$0.00B,$0.08B,0.0,$0.10B,$0.09B,94.00%,$0.10B,$-0.03B,-28.00%,$0.10B,$-0.03B,-28.00%,$0.10B,$-0.02B,-23.00%,$0.10B,$-0.03B,-27.00%,$0.10B,$-0.03B,-26.00%,$-0.03B,$0.08B,-31.04%,$-0.03B,$0.06B,-44.64%,$-0.03B,$0.14B,-18.41%,$-0.03B,$0.08B,-33.43%,$26,$1,$25,$3,$26,$32,$-6,$-0,$-6,$-0,$-5,$-5,$-5,$-4,$-6,$56,56,$-0.10,$-0.10,$66,$9,$0,$96,$8,$7,$24,$0,$39,$135,$32,$0,$8,$23,$55,$213,$-133,$0,$80,$135,$-5,$1,$1,$3,$-2,$1,$0,$0,$-2,$-5,$-0,$-0,$0,$0,$-2,$-2,$0,$-3,$0,$0,$0,$0,$0,$0,$0,$0,$-7,$1,$0
23,2012-12-31,6.19,$1.49,4.16,$1.63,3.81,$-1.83,0.0,$-0.54,0.0,$0.10B,$0.04B,2.6,$0.00B,$0.08B,0.0,$0.09B,$0.09B,93.41%,$0.09B,$-0.03B,-34.07%,$0.09B,$-0.03B,-34.07%,$0.09B,$-0.03B,-30.77%,$0.09B,$-0.03B,-32.97%,$0.09B,$-0.03B,-32.97%,$-0.03B,$0.08B,-33.90%,$-0.03B,$0.06B,-43.48%,$-0.03B,$0.14B,-20.62%,$-0.03B,$0.08B,-35.03%,$27,$2,$24,$3,$24,$30,$-4,$0,$-4,$-0,$-4,$-4,$-4,$-3,$-4,$56,56,$-0.06,$-0.06,$67,$10,$0,$95,$8,$11,$25,$2,$46,$142,$37,$0,$6,$21,$58,$211,$-127,$0,$84,$142,$-30,$3,$6,$8,$-1,$-2,$0,$-14,$-10,$-31,$-7,$0,$-26,$0,$67,$67,$0,$33,$0,$0,$0,$3,$3,$0,$0,$3,$5,$5,$0
24,2012-09-30,5.91,$1.53,3.87,$1.37,4.33,$-0.14,0.0,$-0.72,0.0,$0.11B,$0.04B,2.46,$0.00B,$0.09B,0.0,$0.08B,$0.07B,96.05%,$0.08B,$-0.04B,-52.63%,$0.08B,$-0.04B,-52.63%,$0.08B,$-0.04B,-50.00%,$0.08B,$-0.04B,-51.32%,$0.08B,$-0.04B,-52.63%,$-0.04B,$0.09B,-42.55%,$-0.04B,$0.06B,-49.54%,$-0.04B,$0.15B,-26.49%,$-0.04B,$0.09B,-42.55%,$33,$2,$32,$5,$27,$35,$-2,$0,$-1,$0,$-1,$-1,$-1,$-1,$-2,$56,56,$-0.03,$-0.03,$80,$8,$0,$105,$5,$8,$26,$1,$40,$145,$43,$0,$3,$16,$59,$209,$-124,$0,$86,$145,$-26,$2,$4,$6,$-2,$-1,$0,$-4,$-5,$-25,$-2,$0,$-26,$0,$55,$55,$0,$27,$0,$0,$0,$2,$2,$0,$0,$2,$3,$4,$0
25,2012-06-30,5.69,$1.53,3.73,$1.07,5.31,$1.65,3.46,$-0.84,0.0,$0.10B,$0.04B,2.42,$0.00B,$0.09B,0.0,$0.06B,$0.06B,93.33%,$0.06B,$-0.05B,-78.33%,$0.06B,$-0.05B,-78.33%,$0.06B,$-0.05B,-76.67%,$0.06B,$-0.05B,-78.33%,$0.06B,$-0.05B,-80.00%,$-0.05B,$0.09B,-47.06%,$-0.05B,$0.06B,-50.39%,$-0.05B,$0.14B,-30.43%,$-0.05B,$0.09B,-46.08%,$14,$1,$13,$4,$25,$30,$-16,$0,$-16,$0,$-16,$-16,$-16,$-15,$-16,$56,56,$-0.28,$-0.28,$72,$8,$0,$97,$1,$17,$27,$0,$46,$143,$40,$0,$2,$17,$58,$207,$-122,$0,$85,$143,$-25,$1,$3,$4,$2,$-1,$0,$-7,$-4,$-25,$-1,$0,$-26,$0,$40,$40,$0,$13,$0,$0,$0,$1,$1,$0,$0,$1,$-11,$3,$0
26,2012-03-31,6.26,$1.78,3.52,$1.21,5.17,$3.61,1.73,$-0.67,0.0,$0.12B,$0.04B,3.23,$0.00B,$0.10B,0.0,$0.07B,$0.06B,92.54%,$0.07B,$-0.04B,-55.22%,$0.07B,$-0.04B,-55.22%,$0.07B,$-0.04B,-55.22%,$0.07B,$-0.04B,-55.22%,$0.07B,$-0.04B,-56.72%,$-0.04B,$0.10B,-33.85%,$-0.04B,$0.10B,-33.85%,$-0.04B,$0.15B,-22.72%,$-0.04B,$0.10B,-32.96%,$17,$1,$16,$3,$22,$26,$-9,$0,$-9,$0,$-9,$-9,$-9,$-9,$-9,$56,56,$-0.16,$-0.16,$93,$7,$0,$115,$1,$36,$0,$0,$37,$152,$36,$0,$1,$17,$53,$205,$-106,$0,$99,$152,$-9,$0,$1,$2,$2,$-1,$0,$-3,$-4,$-12,$-0,$0,$0,$0,$27,$27,$0,$27,$0,$0,$0,$0,$0,$0,$0,$0,$16,$1,$0
27,2011-12-31,5.18,$1.91,2.71,$2.40,2.16,$5.25,0.99,$1.26,4.11,$0.11B,$0.04B,2.75,$0.00B,$0.11B,0.0,$0.13B,$0.13B,95.49%,$0.13B,$0.07B,53.38%,$0.13B,$0.07B,53.38%,$0.13B,$0.07B,53.38%,$0.13B,$0.07B,53.38%,$0.13B,$0.07B,52.63%,$0.07B,$0.11B,58.95%,$0.07B,$0.11B,58.95%,$0.07B,$0.16B,40.11%,$0.07B,$0.11B,59.79%,$12,$1,$12,$3,$22,$25,$-13,$-0,$-13,$1,$-14,$-14,$-14,$-13,$-13,$55,56,$-0.29,$-0.25,$86,$5,$0,$109,$1,$54,$0,$0,$55,$164,$40,$0,$1,$19,$58,$204,$-98,$-0,$106,$164,$71,$0,$3,$3,$-6,$-3,$0,$-16,$-17,$58,$-1,$0,$0,$0,$-61,$-61,$0,$-62,$-2,$0,$-2,$8,$8,$0,$0,$6,$2,$4,$0
28,2011-09-30,5.4,$2.13,2.53,$2.57,2.1,$4.19,1.29,$1.54,3.51,$0.13B,$0.03B,3.66,$0.00B,$0.12B,0.0,$0.14B,$0.14B,95.07%,$0.14B,$0.09B,59.86%,$0.14B,$0.09B,59.86%,$0.14B,$0.09B,59.86%,$0.14B,$0.09B,60.56%,$0.14B,$0.09B,60.56%,$0.09B,$0.12B,87.76%,$0.09B,$0.12B,87.76%,$0.09B,$0.17B,55.39%,$0.09B,$0.12B,86.73%,$17,$1,$15,$3,$21,$26,$-9,$0,$-9,$-0,$-9,$-9,$-9,$-9,$-9,$55,55,$-0.15,$-0.15,$109,$3,$0,$125,$1,$45,$0,$0,$47,$172,$34,$0,$0,$19,$54,$202,$-84,$-0,$118,$172,$85,$0,$3,$3,$-1,$-2,$0,$-19,$-15,$72,$-1,$0,$0,$0,$-80,$-80,$0,$-81,$-2,$0,$-2,$8,$8,$0,$0,$6,$-3,$3,$0
29,2011-06-30,8.18,$2.27,3.6,$2.65,3.09,$2.82,2.9,$1.73,4.73,$0.13B,$0.03B,4.04,$0.00B,$0.13B,0.0,$0.15B,$0.14B,95.17%,$0.15B,$0.10B,66.21%,$0.15B,$0.10B,66.21%,$0.15B,$0.10B,66.21%,$0.15B,$0.10B,66.90%,$0.15B,$0.10B,66.90%,$0.10B,$0.13B,131.97%,$0.10B,$0.13B,131.97%,$0.10B,$0.18B,72.12%,$0.10B,$0.13B,130.61%,$21,$2,$19,$4,$21,$27,$-6,$0,$-6,$0,$-6,$-6,$-6,$-6,$-6,$54,54,$-0.11,$-0.11,$114,$5,$0,$130,$1,$50,$0,$0,$52,$181,$32,$0,$0,$23,$55,$201,$-75,$0,$126,$181,$93,$0,$2,$2,$-2,$-3,$0,$-13,$-13,$82,$-0,$0,$0,$0,$-73,$-73,$0,$-74,$-2,$0,$-2,$8,$8,$0,$0,$6,$14,$2,$0
30,2011-03-31,10.04,$2.33,4.31,$2.72,3.69,$1.24,8.07,$1.92,5.23,$0.16B,$0.03B,4.88,$0.00B,$0.13B,0.0,$0.15B,$0.14B,94.59%,$0.15B,$0.11B,71.62%,$0.15B,$0.11B,71.62%,$0.15B,$0.11B,71.62%,$0.15B,$0.11B,72.30%,$0.15B,$0.11B,72.30%,$0.11B,$0.13B,230.11%,$0.11B,$0.13B,230.11%,$0.11B,$0.18B,96.83%,$0.11B,$0.13B,227.96%,$83,$2,$81,$5,$18,$-16,$99,$0,$99,$0,$99,$99,$99,$99,$99,$53,56,$1.85,$1.77,$136,$3,$0,$158,$1,$22,$0,$0,$23,$181,$32,$0,$0,$24,$56,$194,$-69,$0,$125,$181,$99,$0,$1,$1,$-10,$-2,$0,$-8,$-20,$80,$-0,$0,$0,$0,$-20,$-20,$0,$-20,$-1,$0,$-1,$2,$2,$0,$0,$1,$61,$1,$0
31,2010-12-31,6.36,$0.44,14.58,$1.52,4.18,$-0.37,0.0,$0.08,79.5,$0.08B,$0.03B,2.41,$0.00B,$0.02B,0.0,$0.08B,$0.07B,91.25%,$0.08B,$0.00B,3.75%,$0.08B,$0.00B,3.75%,$0.08B,$0.00B,3.75%,$0.08B,$0.00B,5.00%,$0.08B,$0.00B,5.00%,$0.00B,$0.02B,21.62%,$0.00B,$0.02B,21.62%,$0.00B,$0.09B,4.64%,$0.00B,$0.02B,16.00%,$21,$1,$20,$6,$13,$20,$1,$0,$2,$-0,$2,$2,$2,$1,$1,$53,53,$0.02,$0.02,$70,$2,$0,$80,$1,$7,$0,$0,$7,$87,$33,$0,$0,$31,$64,$191,$-168,$0,$23,$87,$4,$0,$2,$3,$-1,$1,$0,$-12,$-9,$-2,$-0,$0,$0,$0,$1,$1,$0,$1,$-4,$0,$-4,$1,$1,$0,$0,$-2,$-4,$2,$0
32,2010-09-30,4.48,$0.39,11.56,$1.39,3.23,$-0.30,0.0,$-0.02,0.0,$0.08B,$0.04B,2.22,$0.00B,$0.02B,0.0,$0.07B,$0.07B,90.28%,$0.07B,$-0.00B,-2.78%,$0.07B,$-0.00B,-2.78%,$0.07B,$-0.00B,-2.78%,$0.07B,$-0.00B,-2.78%,$0.07B,$-0.00B,-2.78%,$-0.00B,$0.02B,-11.94%,$-0.00B,$0.02B,-11.94%,$-0.00B,$0.09B,-2.29%,$-0.00B,$0.02B,-11.43%,$20,$2,$18,$5,$11,$18,$2,$-0,$2,$0,$2,$2,$2,$2,$2,$53,53,$0.04,$0.04,$67,$1,$0,$79,$1,$10,$0,$0,$10,$89,$36,$0,$0,$33,$69,$190,$-170,$0,$20,$89,$2,$0,$2,$2,$-4,$2,$0,$-6,$-8,$-3,$-0,$0,$0,$0,$-1,$-1,$0,$-1,$-3,$0,$-3,$1,$1,$0,$0,$-2,$-7,$2,$0
33,2010-06-30,2.8,$0.34,8.3,$1.45,1.93,$-0.08,0.0,$-0.03,0.0,$0.08B,$0.03B,2.39,$0.00B,$0.02B,0.01,$0.08B,$0.07B,92.00%,$0.08B,$-0.00B,-4.00%,$0.08B,$-0.00B,-4.00%,$0.08B,$-0.00B,-2.67%,$0.08B,$-0.00B,-4.00%,$0.08B,$-0.00B,-4.00%,$-0.00B,$0.02B,-18.46%,$-0.00B,$0.02B,-18.46%,$-0.00B,$0.09B,-3.34%,$-0.00B,$0.02B,-16.90%,$24,$3,$21,$5,$13,$20,$4,$-0,$4,$-0,$4,$4,$4,$4,$4,$52,53,$0.08,$0.08,$67,$1,$0,$75,$1,$10,$0,$0,$10,$85,$31,$0,$0,$36,$68,$190,$-172,$0,$18,$85,$0,$0,$1,$1,$0,$1,$0,$-6,$-5,$-4,$-0,$0,$0,$0,$0,$0,$0,$0,$-2,$0,$-2,$1,$1,$0,$0,$-1,$-5,$1,$0
34,2010-03-31,3.55,$0.24,14.57,$1.22,2.92,$0.06,62.83,$-0.30,0.0,$0.07B,$0.03B,2.24,$0.00B,$0.01B,0.09,$0.06B,$0.06B,92.06%,$0.06B,$-0.02B,-26.98%,$0.06B,$-0.02B,-26.98%,$0.06B,$-0.02B,-23.81%,$0.06B,$-0.02B,-26.98%,$0.06B,$-0.02B,-26.98%,$-0.02B,$0.01B,-109.68%,$-0.02B,$0.01B,-109.68%,$-0.02B,$0.08B,-18.48%,$-0.02B,$0.01B,-94.44%,$15,$1,$14,$5,$12,$19,$-4,$-0,$-4,$0,$-4,$-4,$-4,$-4,$-4,$52,52,$-0.07,$-0.07,$59,$3,$0,$71,$1,$13,$0,$0,$14,$84,$31,$1,$0,$40,$71,$189,$-176,$0,$13,$84,$-4,$0,$1,$1,$-1,$-0,$0,$-4,$-6,$-10,$-0,$0,$0,$0,$-9,$-9,$0,$-9,$-1,$0,$-1,$0,$0,$0,$0,$-1,$-19,$1,$0
35,2009-12-31,3.35,$0.30,11.12,$1.11,3.01,$0.49,6.81,$-0.43,0.0,$0.08B,$0.03B,2.44,$0.00B,$0.02B,0.14,$0.06B,$0.05B,91.38%,$0.06B,$-0.02B,-39.66%,$0.06B,$-0.02B,-39.66%,$0.06B,$-0.02B,-36.21%,$0.06B,$-0.02B,-39.66%,$0.06B,$-0.02B,-39.66%,$-0.02B,$0.02B,-126.03%,$-0.02B,$0.02B,-126.03%,$-0.02B,$0.09B,-23.65%,$-0.02B,$0.02B,-105.75%,$13,$2,$12,$5,$10,$17,$-4,$0,$-4,$0,$-4,$-4,$-4,$-4,$-4,$52,52,$-0.07,$-0.07,$70,$3,$0,$78,$1,$12,$0,$0,$13,$92,$32,$2,$0,$44,$76,$188,$-172,$0,$16,$92,$-22,$1,$3,$3,$-1,$0,$0,$19,$20,$2,$-1,$0,$0,$0,$5,$5,$0,$4,$-3,$0,$-3,$2,$2,$0,$0,$-1,$5,$3,$0
36,2009-09-30,4.37,$0.35,12.49,$1.04,4.22,$0.53,8.22,$-0.58,0.0,$0.08B,$0.03B,2.43,$0.00B,$0.02B,0.17,$0.05B,$0.05B,90.74%,$0.05B,$-0.03B,-55.56%,$0.05B,$-0.03B,-55.56%,$0.05B,$-0.03B,-51.85%,$0.05B,$-0.03B,-55.56%,$0.05B,$-0.03B,-55.56%,$-0.03B,$0.02B,-133.33%,$-0.03B,$0.02B,-133.33%,$-0.03B,$0.10B,-30.61%,$-0.03B,$0.02B,-111.11%,$23,$1,$22,$9,$11,$22,$1,$-0,$1,$-0,$1,$1,$1,$2,$1,$52,52,$0.03,$0.03,$71,$2,$0,$80,$1,$18,$0,$0,$19,$98,$33,$3,$1,$48,$80,$187,$-169,$0,$18,$98,$-18,$1,$2,$3,$-2,$1,$0,$21,$24,$9,$-1,$0,$0,$0,$-11,$-11,$0,$-12,$-2,$0,$-2,$1,$1,$0,$0,$-1,$-4,$2,$0
37,2009-06-30,3.25,$0.29,11.2,$0.89,3.65,$0.52,6.2,$-0.62,0.0,$0.08B,$0.03B,2.77,$0.00B,$0.02B,0.28,$0.05B,$0.04B,86.67%,$0.05B,$-0.03B,-71.11%,$0.05B,$-0.03B,-71.11%,$0.05B,$-0.03B,-66.67%,$0.05B,$-0.03B,-68.89%,$0.05B,$-0.03B,-68.89%,$-0.03B,$0.02B,-107.83%,$-0.03B,$0.02B,-107.83%,$-0.03B,$0.09B,-31.71%,$-0.03B,$0.02B,-93.43%,$12,$1,$10,$10,$10,$21,$-10,$-0,$-10,$-0,$-10,$-10,$-10,$-9,$-10,$51,51,$-0.19,$-0.19,$68,$2,$0,$77,$1,$16,$0,$0,$17,$94,$28,$4,$1,$51,$79,$185,$-170,$0,$15,$94,$-20,$1,$1,$2,$-1,$0,$0,$23,$21,$4,$-0,$0,$0,$0,$-16,$-16,$0,$-16,$-2,$0,$-2,$0,$0,$0,$0,$-1,$-14,$1,$0
38,2009-03-31,2.36,$0.46,5.11,$0.80,2.97,$0.42,5.62,$-0.36,0.0,$0.09B,$0.03B,3.25,$0.01B,$0.02B,0.21,$0.04B,$0.03B,87.18%,$0.04B,$-0.02B,-48.72%,$0.04B,$-0.02B,-48.72%,$0.04B,$-0.02B,-46.15%,$0.04B,$-0.02B,-46.15%,$0.04B,$-0.02B,-46.15%,$-0.02B,$0.02B,-50.35%,$-0.02B,$0.02B,-50.35%,$-0.02B,$0.11B,-18.90%,$-0.02B,$0.03B,-46.34%,$10,$1,$9,$10,$9,$20,$-10,$0,$-10,$0,$-10,$-10,$-10,$-10,$-10,$51,51,$-0.20,$-0.20,$77,$3,$0,$88,$1,$17,$0,$0,$18,$105,$27,$5,$1,$55,$82,$184,$-160,$0,$24,$105,$-10,$0,$1,$1,$-0,$0,$0,$24,$22,$13,$-0,$0,$0,$0,$-25,$-25,$0,$-25,$-1,$0,$-1,$0,$0,$0,$0,$-1,$-13,$1,$0
39,2008-12-31,1.65,$0.65,2.55,$0.72,2.29,$0.05,36.03,$-0.32,0.0,$0.09B,$0.02B,4.2,$0.01B,$0.03B,0.17,$0.04B,$0.03B,82.86%,$0.04B,$-0.02B,-48.57%,$0.04B,$-0.02B,-48.57%,$0.04B,$-0.02B,-45.71%,$0.04B,$-0.02B,-42.86%,$0.04B,$-0.02B,-42.86%,$-0.02B,$0.03B,-37.97%,$-0.02B,$0.03B,-37.97%,$-0.02B,$0.10B,-17.14%,$-0.02B,$0.04B,-39.08%,$9,$1,$8,$10,$9,$20,$-11,$0,$-11,$-0,$-11,$-11,$-11,$-11,$-11,$49,49,$-0.22,$-0.22,$82,$3,$0,$94,$1,$0,$0,$0,$1,$95,$22,$6,$1,$40,$62,$183,$-150,$0,$33,$95,$-15,$1,$2,$4,$-0,$0,$0,$8,$15,$3,$-0,$0,$0,$0,$-5,$-5,$0,$-5,$9,$0,$9,$0,$0,$0,$-0,$10,$8,$2,$0
40,2008-09-30,3.65,$0.90,4.05,$0.66,5.56,$0.30,12.36,$0.41,8.9,$0.10B,$0.02B,5.93,$0.01B,$0.03B,0.21,$0.03B,$0.03B,80.65%,$0.03B,$0.02B,58.06%,$0.03B,$0.02B,58.06%,$0.03B,$0.02B,61.29%,$0.03B,$0.02B,67.74%,$0.03B,$0.02B,67.74%,$0.02B,$0.04B,49.12%,$0.02B,$0.04B,49.12%,$0.02B,$0.10B,25.00%,$0.02B,$0.05B,39.78%,$14,$2,$12,$7,$5,$15,$-1,$0,$-0,$0,$-0,$-0,$-0,$-0,$-1,$48,48,$-0.01,$-0.01,$85,$3,$0,$96,$1,$0,$0,$0,$1,$97,$16,$6,$1,$37,$54,$171,$-139,$-0,$43,$97,$-4,$1,$2,$3,$-1,$0,$0,$5,$8,$7,$-0,$0,$0,$0,$-17,$-17,$0,$-17,$9,$0,$9,$0,$0,$0,$-0,$9,$-0,$2,$0
41,2008-06-30,3.21,$0.90,3.58,$1.47,2.18,$-0.03,0.0,$1.34,2.4,$0.08B,$0.02B,4.77,$0.00B,$0.03B,0.09,$0.07B,$0.07B,92.86%,$0.07B,$0.06B,90.00%,$0.07B,$0.06B,90.00%,$0.07B,$0.06B,90.00%,$0.07B,$0.07B,94.29%,$0.07B,$0.07B,92.86%,$0.07B,$0.04B,175.68%,$0.07B,$0.04B,175.68%,$0.07B,$0.08B,88.14%,$0.06B,$0.05B,166.89%,$6,$1,$5,$5,$5,$3,$3,$1,$3,$0,$3,$3,$3,$3,$3,$48,48,$0.07,$0.07,$71,$4,$0,$82,$1,$0,$0,$0,$1,$84,$17,$3,$0,$23,$40,$170,$-139,$0,$43,$84,$-4,$1,$1,$2,$-0,$-0,$0,$1,$0,$-2,$-0,$0,$0,$0,$33,$33,$0,$33,$4,$0,$4,$0,$0,$0,$-0,$4,$35,$1,$0
42,2008-03-31,3.4,$0.81,4.18,$1.42,2.4,$-0.41,0.0,$1.07,3.18,$0.07B,$0.02B,4.41,$0.00B,$0.03B,0.0,$0.07B,$0.06B,92.65%,$0.07B,$0.05B,75.00%,$0.07B,$0.05B,75.00%,$0.07B,$0.05B,75.00%,$0.07B,$0.05B,79.41%,$0.07B,$0.05B,77.94%,$0.05B,$0.04B,265.00%,$0.05B,$0.04B,265.00%,$0.05B,$0.07B,82.49%,$0.05B,$0.04B,255.00%,$6,$1,$4,$6,$7,$14,$-8,$1,$-7,$0,$-7,$-7,$-7,$-8,$-8,$48,48,$-0.16,$-0.16,$56,$2,$0,$65,$1,$8,$0,$0,$9,$74,$15,$0,$0,$20,$35,$169,$-142,$0,$39,$74,$-7,$0,$1,$1,$1,$1,$0,$-1,$1,$-6,$-0,$0,$0,$0,$3,$3,$0,$3,$0,$0,$0,$0,$0,$0,$0,$0,$-3,$1,$0
43,2007-12-31,3.26,$0.95,3.43,$1.39,2.35,$-0.48,0.0,$0.97,3.36,$0.06B,$0.01B,4.38,$0.00B,$0.03B,0.0,$0.07B,$0.06B,95.45%,$0.07B,$0.05B,72.73%,$0.07B,$0.05B,72.73%,$0.07B,$0.05B,72.73%,$0.07B,$0.05B,75.76%,$0.07B,$0.05B,74.24%,$0.05B,$0.05B,4900.00%,$0.05B,$0.05B,4900.00%,$0.05B,$0.08B,89.09%,$0.05B,$0.05B,4800.00%,$5,$1,$4,$4,$6,$-19,$24,$1,$25,$0,$25,$25,$25,$24,$24,$46,46,$0.59,$0.59,$53,$3,$0,$63,$2,$16,$0,$0,$18,$81,$14,$0,$0,$21,$35,$168,$-135,$0,$46,$81,$49,$1,$2,$3,$5,$1,$0,$-38,$-38,$15,$-0,$0,$0,$0,$-36,$-36,$0,$-36,$0,$0,$0,$21,$21,$0,$0,$21,$-0,$2,$0
44,2007-09-30,2.05,$0.41,4.97,$1.40,1.47,$-1.48,0.0,$0.23,8.91,$0.04B,$0.02B,2.46,$0.00B,$0.01B,0.0,$0.07B,$0.06B,96.97%,$0.07B,$0.01B,21.21%,$0.07B,$0.01B,21.21%,$0.07B,$0.02B,22.73%,$0.07B,$0.02B,24.24%,$0.07B,$0.01B,21.21%,$0.01B,$0.02B,-81.16%,$0.01B,$0.02B,-81.16%,$0.01B,$0.06B,29.17%,$0.01B,$0.02B,-81.16%,$53,$1,$52,$5,$8,$9,$44,$1,$45,$0,$44,$44,$44,$44,$44,$48,48,$0.93,$0.92,$30,$4,$0,$38,$2,$16,$0,$0,$18,$56,$15,$0,$0,$21,$37,$167,$-160,$0,$20,$56,$24,$1,$1,$2,$6,$1,$0,$-38,$-35,$-9,$-0,$0,$0,$0,$-17,$-17,$0,$-17,$0,$0,$0,$21,$21,$0,$0,$21,$-5,$1,$0
45,2007-06-30,4.77,$-0.53,-9.03,$0.31,15.22,$-1.91,0.0,$-1.00,0.0,$0.04B,$0.02B,2.36,$0.00B,$-0.04B,0.0,$0.01B,$0.01B,92.86%,$0.01B,$-0.04B,-307.14%,$0.01B,$-0.04B,-307.14%,$0.01B,$-0.04B,-300.00%,$0.01B,$-0.04B,-300.00%,$0.01B,$-0.04B,-307.14%,$-0.04B,$-0.03B,159.26%,$-0.04B,$-0.03B,159.26%,$-0.04B,$0.05B,-92.47%,$-0.04B,$-0.03B,159.26%,$4,$1,$3,$6,$6,$13,$-9,$0,$-9,$0,$-9,$-9,$-9,$-9,$-9,$46,46,$-0.20,$-0.20,$30,$4,$0,$38,$2,$5,$0,$0,$7,$46,$16,$0,$0,$55,$71,$167,$-204,$-0,$-25,$46,$-20,$0,$1,$2,$7,$0,$0,$-4,$-1,$-19,$-0,$0,$0,$0,$-7,$-7,$0,$-7,$0,$0,$0,$21,$21,$0,$0,$21,$-5,$1,$0
46,2007-03-31,3.57,$-0.89,-4.01,$0.29,12.37,$-1.88,0.0,$-1.04,0.0,$0.04B,$0.02B,1.84,$0.00B,$-0.05B,0.0,$0.01B,$0.01B,91.67%,$0.01B,$-0.05B,-375.00%,$0.01B,$-0.05B,-375.00%,$0.01B,$-0.04B,-358.33%,$0.01B,$-0.04B,-358.33%,$0.01B,$-0.04B,-366.67%,$-0.04B,$-0.04B,195.56%,$-0.04B,$-0.04B,195.56%,$-0.04B,$0.04B,-91.19%,$-0.05B,$-0.04B,200.00%,$4,$0,$4,$9,$6,$15,$-11,$0,$-11,$0,$-11,$-11,$-11,$-11,$-11,$42,42,$-0.26,$-0.26,$26,$4,$0,$35,$2,$0,$0,$0,$2,$37,$19,$0,$0,$56,$74,$145,$-195,$-0,$-37,$37,$-11,$0,$0,$1,$8,$0,$0,$-3,$2,$-8,$-0,$0,$0,$0,$-2,$-2,$0,$-2,$0,$0,$0,$0,$0,$0,$0,$0,$-9,$0,$0
47,2006-12-31,3.45,$-0.65,-5.31,$0.23,14.97,$-1.84,0.0,$-0.97,0.0,$0.05B,$0.02B,2.14,$0.00B,$-0.04B,0.0,$0.01B,$0.01B,88.89%,$0.01B,$-0.04B,-466.67%,$0.01B,$-0.04B,-466.67%,$0.01B,$-0.04B,-444.44%,$0.01B,$-0.04B,-444.44%,$0.01B,$-0.04B,-455.56%,$-0.04B,$-0.03B,315.38%,$-0.04B,$-0.03B,315.38%,$-0.04B,$0.05B,-75.23%,$-0.04B,$-0.03B,323.08%,$5,$0,$5,$8,$7,$15,$-10,$0,$-9,$0,$-9,$-9,$-10,$-9,$-10,$42,42,$-0.23,$-0.23,$32,$4,$0,$48,$3,$2,$0,$0,$5,$53,$22,$0,$0,$58,$80,$145,$-184,$-0,$-27,$53,$-40,$1,$3,$4,$-7,$-4,$0,$10,$8,$-28,$-1,$0,$0,$0,$33,$33,$0,$32,$0,$0,$0,$3,$3,$0,$0,$3,$7,$3,$0
