,Date,Stock Price,Book Value per Share,Price to Book Ratio,TTM Sales per Share,Price to Sales Ratio,TTM FCF per Share,Price to FCF Ratio,TTM Net EPS,PE Ratio,Current Assets,Current Liabilities,Current Ratio,Long Term Debt,Shareholder's Equity_x,Debt to Equity Ratio,TTM Revenue_x,TTM Gross Profit,Gross Margin,TTM Revenue_y,TTM Operating Income,Operating Margin,TTM Revenue_x,TTM EBIT,EBIT Margin,TTM Revenue_y,TTM EBITDA,EBITDA Margin,TTM Revenue_x,TTM Pre-Tax Income,Pre-Tax Margin,TTM Revenue_y,TTM Net Income_x,Net Margin,TTM Net Income_y,Shareholder's Equity_y,Return on Equity,TTM Net Income_x,Tangible Equity,Return on Tangible Equity,TTM Net Income_y,Total Assets,Return on Assets,TTM Net Income,LT Investments & Debt,Return on Investment,revenue,cost-goods-sold,gross-profit,research-development-expenses,selling-general-administrative-expenses,operating-expenses,operating-income,total-non-operating-income-expense,pre-tax-income,total-provision-income-taxes,income-after-taxes,income-from-continuous-operations,net-income,ebitda,ebit,basic-shares-outstanding,shares-outstanding,eps-basic-net-earnings-per-share,eps-earnings-per-share-diluted,cash-on-hand,inventory,other-current-assets,total-current-assets,net-property-plant-equipment,long-term-investments,goodwill-intangible-assets-total,other-long-term-assets,total-long-term-assets,total-assets,total-current-liabilities,long-term-debt,other-non-current-liabilities,total-long-term-liabilities,total-liabilities,common-stock-net,retained-earnings-accumulated-deficit,comprehensive-income,total-share-holder-equity,total-liabilities-share-holders-equity,net-income-loss,total-depreciation-amortization-cash-flow,other-non-cash-items,total-non-cash-items,change-in-accounts-receivable,change-in-inventories,change-in-accounts-payable,change-in-assets-liabilities,total-change-in-assets-liabilities,cash-flow-from-operating-activities,net-change-in-property-plant-equipment,net-change-in-intangible-assets,net-acquisitions-divestitures,net-change-in-short-term-investments,net-change-in-long-term-investments,net-change-in-investments-total,investing-activities-other,cash-flow-from-investing-activities,net-long-term-debt,net-current-debt,debt-issuance-retirement-net-total,net-common-equity-issued-repurchased,net-total-equity-issued-repurchased,total-common-preferred-stock-dividends-paid,financial-activities-other,cash-flow-from-financial-activities,net-cash-flow,stock-based-compensation,common-stock-dividends-paid
0,2018-09-30,2.77,$0.45,6.21,$0.03,94.6,$-6.79,0.0,$-2.52,0.0,$0.00B,$0.00B,2.33,$0.00B,$0.00B,0.0,$0.00B,0,nan%,$0.00B,$-0.01B,inf%,$0.00B,$-0.01B,inf%,$0.00B,$-0.01B,inf%,$0.00B,$-0.01B,inf%,$0.00B,$-0.01B,inf%,$-0.01B,$0.00B,-192.00%,$-0.01B,$0.00B,-192.00%,$-0.01B,$0.00B,-165.52%,$-0.01B,$0.00B,-192.00%,$0,$0,$0,$1,$1,$2,$-2,$-0,$-2,$0,$-2,$-2,$-2,$-2,$-2,$4,4,$-0.55,$-0.55,$2,$0,$0,$2,$1,$0,$0,$0,$1,$3,$1,$0,$0,$0,$1,$191,$-186,$0,$2,$3,$-2,$0,$0,$0,$-0,$0,$-0,$-0,$-0,$-2,$0,$0,$0,$0,$4,$4,$0,$4,$0,$0,$0,$0,$0,$0,$0,$0,$1,$0,$0
1,2018-06-30,3.1,$0.97,3.18,$0.02,146.37,$-7.09,0.0,$-2.67,0.0,$0.00B,$0.00B,4.45,$0.00B,$0.00B,0.0,$0.00B,0,nan%,$0.00B,$-0.01B,inf%,$0.00B,$-0.01B,inf%,$0.00B,$-0.01B,inf%,$0.00B,$-0.01B,inf%,$0.00B,$-0.01B,inf%,$-0.01B,$0.00B,-140.54%,$-0.01B,$0.00B,-140.54%,$-0.01B,$0.01B,-126.83%,$-0.01B,$0.00B,-140.54%,$0,$0,$0,$1,$1,$4,$-4,$-0,$-4,$0,$-4,$-4,$-4,$-4,$-4,$4,4,$-1.05,$-1.05,$4,$0,$0,$4,$1,$0,$0,$0,$1,$5,$1,$0,$0,$0,$1,$191,$-184,$-0,$4,$5,$-13,$1,$2,$3,$0,$0,$-0,$-1,$-1,$-11,$-0,$0,$0,$0,$9,$9,$0,$9,$0,$0,$0,$-0,$-0,$0,$0,$-0,$-2,$0,$0
2,2018-03-31,2.65,$1.99,1.33,$0.11,25.04,$-6.71,0.0,$-2.32,0.0,$0.01B,$0.00B,7.06,$0.00B,$0.01B,0.0,$0.00B,0,nan%,$0.00B,$-0.01B,inf%,$0.00B,$-0.01B,inf%,$0.00B,$-0.01B,inf%,$0.00B,$-0.01B,inf%,$0.00B,$-0.01B,inf%,$-0.01B,$0.01B,-96.00%,$-0.01B,$0.01B,-96.00%,$-0.01B,$0.01B,-87.27%,$-0.01B,$0.01B,-96.00%,$0,$0,$0,$1,$1,$3,$-3,$0,$-3,$0,$-3,$-3,$-3,$-3,$-3,$4,4,$-0.70,$-0.70,$6,$0,$0,$7,$3,$0,$0,$0,$3,$9,$1,$0,$0,$0,$1,$191,$-180,$-0,$8,$9,$-9,$1,$0,$1,$0,$0,$-0,$-1,$-1,$-9,$-0,$0,$0,$0,$7,$7,$0,$7,$0,$0,$0,$-0,$-0,$0,$0,$-0,$-2,$0,$0
3,2017-12-31,3.35,$2.64,1.27,$0.21,16.13,$-6.30,0.0,$-2.32,0.0,$0.01B,$0.00B,6.54,$0.00B,$0.01B,0.0,$0.00B,0,nan%,$0.00B,$-0.01B,inf%,$0.00B,$-0.01B,inf%,$0.00B,$-0.01B,inf%,$0.00B,$-0.01B,inf%,$0.00B,$-0.01B,inf%,$-0.01B,$0.01B,-78.69%,$-0.01B,$0.01B,-78.69%,$-0.01B,$0.01B,-70.59%,$-0.01B,$0.01B,-78.69%,$0,$0,$0,$2,$2,$3,$-3,$0,$-3,$0,$-3,$-3,$-3,$-3,$-3,$4,4,$-0.77,$-0.77,$8,$0,$0,$8,$3,$1,$0,$0,$4,$12,$1,$0,$0,$0,$1,$190,$-177,$-0,$11,$12,$-6,$0,$0,$1,$0,$0,$0,$-1,$-0,$-6,$-0,$0,$0,$0,$4,$4,$0,$4,$0,$0,$0,$-0,$-0,$0,$0,$-0,$-2,$0,$0
4,2017-09-30,4.94,$3.38,1.46,$0.32,15.27,$-6.08,0.0,$-2.20,0.0,$0.01B,$0.00B,10.64,$0.00B,$0.01B,0.0,$0.00B,0,0.00%,$0.00B,$-0.01B,-1200.00%,$0.00B,$-0.01B,-1200.00%,$0.00B,$-0.01B,-1200.00%,$0.00B,$-0.01B,-1200.00%,$0.00B,$-0.01B,-1200.00%,$-0.01B,$0.01B,-66.67%,$-0.01B,$0.01B,-66.67%,$-0.01B,$0.02B,-60.00%,$-0.01B,$0.01B,-66.67%,$0,$0,$0,$2,$1,$3,$-3,$0,$-3,$0,$-3,$-3,$-3,$-3,$-3,$4,4,$-0.74,$-0.74,$10,$0,$0,$11,$3,$1,$0,$0,$5,$15,$1,$0,$0,$0,$1,$190,$-174,$-0,$14,$15,$-3,$0,$0,$0,$0,$0,$-0,$-1,$-1,$-3,$-0,$0,$0,$0,$1,$1,$0,$1,$0,$0,$0,$-0,$-0,$0,$0,$-0,$-2,$0,$0
5,2017-06-30,4.55,$4.08,1.12,$0.57,8.02,$-5.98,0.0,$-2.90,0.0,$0.01B,$0.00B,7.55,$0.00B,$0.02B,0.0,$0.00B,0,0.00%,$0.00B,$-0.01B,-650.00%,$0.00B,$-0.01B,-650.00%,$0.00B,$-0.01B,-600.00%,$0.00B,$-0.01B,-600.00%,$0.00B,$-0.01B,-600.00%,$-0.01B,$0.02B,-57.14%,$-0.01B,$0.02B,-57.14%,$-0.01B,$0.02B,-51.61%,$-0.01B,$0.02B,-61.90%,$0,$0,$0,$1,$2,$3,$-3,$0,$-3,$0,$-3,$-3,$-3,$-3,$-3,$4,4,$-0.69,$-0.69,$13,$0,$0,$14,$3,$2,$0,$0,$5,$19,$2,$0,$0,$0,$2,$190,$-171,$-0,$17,$19,$-12,$1,$1,$2,$0,$0,$0,$1,$1,$-9,$-0,$0,$0,$0,$8,$8,$0,$8,$0,$0,$0,$-1,$-1,$0,$0,$-1,$-2,$1,$0
6,2017-03-31,6.55,$4.73,1.39,$0.85,7.69,$-7.17,0.0,$-3.05,0.0,$0.02B,$0.00B,8.4,$0.00B,$0.02B,0.0,$0.00B,0,0.00%,$0.00B,$-0.01B,-350.00%,$0.00B,$-0.01B,-350.00%,$0.00B,$-0.01B,-300.00%,$0.00B,$-0.01B,-325.00%,$0.00B,$-0.01B,-300.00%,$-0.01B,$0.02B,-50.00%,$-0.01B,$0.02B,-50.00%,$-0.01B,$0.02B,-45.71%,$-0.01B,$0.02B,-58.33%,$0,$0,$0,$2,$2,$3,$-3,$0,$-3,$-0,$-3,$-3,$-3,$-3,$-3,$4,4,$-0.69,$-0.69,$15,$0,$0,$16,$3,$2,$0,$0,$6,$22,$2,$0,$0,$0,$2,$190,$-168,$-0,$19,$22,$-9,$1,$1,$2,$-0,$0,$0,$1,$1,$-6,$-0,$0,$0,$0,$8,$8,$0,$8,$0,$0,$0,$-1,$-1,$0,$0,$-1,$0,$1,$0
7,2016-12-31,7.5,$5.39,1.39,$0.80,9.41,$-8.29,0.0,$-3.25,0.0,$0.02B,$0.00B,9.16,$0.00B,$0.02B,0.0,$0.00B,0,0.00%,$0.00B,$-0.02B,-375.00%,$0.00B,$-0.02B,-375.00%,$0.00B,$-0.01B,-325.00%,$0.00B,$-0.01B,-350.00%,$0.00B,$-0.01B,-325.00%,$-0.01B,$0.02B,-47.71%,$-0.01B,$0.02B,-47.71%,$-0.01B,$0.02B,-44.44%,$-0.02B,$0.02B,-55.05%,$1,$0,$0,$1,$2,$3,$-3,$0,$-3,$0,$-3,$-3,$-3,$-3,$-3,$4,4,$-0.63,$-0.63,$16,$0,$0,$18,$3,$3,$0,$0,$7,$24,$2,$0,$0,$0,$2,$190,$-165,$-0,$22,$24,$-6,$0,$1,$1,$-1,$0,$-0,$1,$-0,$-5,$-0,$0,$0,$0,$7,$7,$0,$7,$0,$0,$0,$-1,$-1,$0,$0,$-1,$1,$1,$0
8,2016-09-30,8.25,$6.08,1.36,$0.89,9.22,$-8.90,0.0,$-3.20,0.0,$0.02B,$0.00B,12.42,$0.00B,$0.03B,0.0,$0.00B,0,0.00%,$0.00B,$-0.02B,-375.00%,$0.00B,$-0.02B,-375.00%,$0.00B,$-0.01B,-325.00%,$0.00B,$-0.01B,-350.00%,$0.00B,$-0.01B,-325.00%,$-0.01B,$0.03B,-42.28%,$-0.01B,$0.03B,-42.28%,$-0.01B,$0.03B,-39.69%,$-0.02B,$0.03B,-48.78%,$1,$1,$0,$1,$3,$5,$-4,$0,$-3,$0,$-3,$-3,$-3,$-3,$-4,$4,4,$-0.83,$-0.83,$19,$0,$0,$21,$3,$4,$0,$0,$7,$28,$2,$0,$0,$0,$2,$190,$-163,$-0,$26,$28,$-3,$0,$1,$1,$-1,$0,$0,$0,$-1,$-3,$-0,$0,$0,$0,$3,$3,$0,$3,$0,$0,$0,$-0,$-0,$0,$0,$-0,$-1,$1,$0
9,2016-06-30,8.45,$6.94,1.22,$0.65,12.98,$-9.34,0.0,$-3.15,0.0,$0.02B,$0.00B,12.74,$0.00B,$0.03B,0.0,$0.00B,0,0.00%,$0.00B,$-0.02B,-500.00%,$0.00B,$-0.02B,-500.00%,$0.00B,$-0.01B,-433.33%,$0.00B,$-0.01B,-466.67%,$0.00B,$-0.01B,-433.33%,$-0.01B,$0.03B,-38.52%,$-0.01B,$0.03B,-38.52%,$-0.01B,$0.03B,-36.36%,$-0.02B,$0.03B,-44.44%,$2,$1,$0,$2,$2,$5,$-4,$0,$-4,$-0,$-4,$-4,$-3,$-3,$-4,$4,4,$-0.90,$-0.90,$22,$0,$0,$23,$3,$4,$0,$0,$8,$31,$2,$0,$0,$0,$2,$189,$-159,$-0,$29,$31,$-13,$1,$1,$1,$0,$0,$-0,$-1,$-1,$-13,$-1,$0,$0,$0,$10,$10,$6,$16,$0,$0,$0,$-0,$-0,$0,$0,$-0,$2,$1,$0
10,2016-03-31,10.45,$7.76,1.35,$0.32,33.06,$-9.19,0.0,$-2.30,0.0,$0.03B,$0.00B,14.37,$0.00B,$0.03B,0.0,$0.00B,0,0.00%,$0.00B,$-0.02B,-1900.00%,$0.00B,$-0.02B,-1900.00%,$0.00B,$-0.02B,-1800.00%,$0.00B,$-0.02B,-1800.00%,$0.00B,$-0.02B,-1800.00%,$-0.02B,$0.03B,-48.65%,$-0.02B,$0.03B,-48.65%,$-0.02B,$0.03B,-46.15%,$-0.02B,$0.03B,-51.35%,$0,$0,$-0,$2,$2,$4,$-4,$0,$-4,$-0,$-4,$-4,$-4,$-4,$-4,$4,4,$-0.90,$-0.90,$24,$2,$0,$26,$4,$4,$0,$0,$8,$34,$2,$0,$0,$0,$2,$189,$-156,$-0,$32,$34,$-10,$0,$0,$1,$-0,$0,$-0,$-1,$-2,$-11,$-1,$0,$0,$0,$9,$9,$6,$15,$0,$0,$0,$-0,$-0,$0,$0,$-0,$4,$0,$0
11,2015-12-31,7.65,$8.60,0.89,$0.27,28.16,$-8.63,0.0,$-1.95,0.0,$0.03B,$0.00B,14.95,$0.00B,$0.04B,0.0,$0.00B,0,0.00%,$0.00B,$-0.02B,-1700.00%,$0.00B,$-0.02B,-1700.00%,$0.00B,$-0.02B,-1600.00%,$0.00B,$-0.02B,-1600.00%,$0.00B,$-0.02B,-1600.00%,$-0.02B,$0.04B,-39.26%,$-0.02B,$0.04B,-39.26%,$-0.02B,$0.04B,-37.43%,$-0.02B,$0.04B,-41.72%,$1,$1,$0,$1,$2,$4,$-3,$0,$-3,$0,$-3,$-3,$-3,$-3,$-3,$4,4,$-0.60,$-0.60,$20,$1,$0,$28,$4,$6,$0,$0,$9,$38,$2,$0,$0,$0,$2,$189,$-152,$-0,$36,$38,$-6,$0,$0,$1,$0,$0,$0,$-1,$-1,$-7,$-1,$0,$0,$0,$8,$8,$0,$7,$0,$0,$0,$-0,$-0,$0,$0,$-0,$-0,$0,$0
12,2015-09-30,10.35,$9.23,1.12,$0.05,212.23,$-8.28,0.0,$-1.95,0.0,$0.03B,$0.00B,17.16,$0.00B,$0.04B,0.0,$0.00B,0,nan%,$0.00B,$-0.02B,inf%,$0.00B,$-0.02B,inf%,$0.00B,$-0.02B,inf%,$0.00B,$-0.02B,inf%,$0.00B,$-0.02B,inf%,$-0.02B,$0.04B,-34.09%,$-0.02B,$0.04B,-34.09%,$-0.02B,$0.04B,-32.61%,$-0.02B,$0.04B,-38.64%,$0,$0,$0,$1,$2,$4,$-4,$0,$-3,$0,$-3,$-3,$-3,$-3,$-4,$4,4,$-0.80,$-0.80,$23,$1,$0,$30,$4,$6,$0,$0,$10,$40,$2,$0,$0,$0,$2,$189,$-149,$-0,$38,$40,$-3,$0,$0,$0,$-0,$0,$-0,$-1,$-1,$-4,$-1,$0,$0,$0,$4,$4,$0,$3,$0,$0,$0,$-0,$-0,$0,$0,$-0,$-1,$0,$0
13,2015-06-30,13.55,$10.06,1.35,$0.13,103.74,$-7.89,0.0,$4.65,2.91,$0.03B,$0.00B,13.64,$0.00B,$0.04B,0.0,$0.00B,0,nan%,$0.00B,$-0.02B,inf%,$0.00B,$-0.02B,inf%,$0.00B,$-0.02B,inf%,$0.00B,$-0.02B,inf%,$0.00B,$0.01B,inf%,$0.01B,$0.04B,23.28%,$0.01B,$0.04B,23.28%,$0.01B,$0.04B,22.22%,$-0.02B,$0.04B,-33.86%,$0,$0,$0,$1,$7,$8,$-8,$0,$-8,$-3,$-5,$-5,$-8,$-8,$-8,$4,4,$-2.05,$-2.05,$25,$1,$0,$33,$3,$9,$0,$0,$12,$44,$2,$0,$0,$0,$2,$189,$-146,$-0,$42,$44,$11,$0,$-21,$-21,$-0,$0,$-1,$-0,$-1,$-11,$-2,$0,$0,$0,$-32,$-32,$53,$19,$0,$0,$0,$-2,$-2,$0,$-8,$-10,$-2,$5,$0
14,2015-03-31,15.33,$11.94,1.28,$0.09,178.31,$-4.76,0.0,$4.45,3.44,$0.04B,$0.00B,13.2,$0.00B,$0.05B,0.0,$0.00B,0,nan%,$0.00B,$-0.01B,inf%,$0.00B,$-0.01B,inf%,$0.00B,$-0.01B,inf%,$0.00B,$-0.01B,inf%,$0.00B,$0.02B,inf%,$0.02B,$0.05B,40.68%,$0.02B,$0.05B,40.68%,$0.02B,$0.05B,36.92%,$-0.01B,$0.05B,-27.12%,$0,$0,$0,$1,$2,$2,$-2,$0,$-2,$-1,$-1,$-1,$-2,$-2,$-2,$4,4,$-0.55,$-0.55,$31,$0,$0,$38,$3,$9,$0,$0,$12,$49,$3,$0,$0,$0,$3,$184,$-138,$0,$47,$49,$19,$0,$-26,$-26,$-0,$0,$-1,$0,$-0,$-7,$-2,$0,$0,$-33,$0,$-33,$53,$18,$0,$0,$0,$0,$0,$0,$-8,$-8,$3,$0,$0
15,2014-12-31,12.15,$12.43,0.98,$0.10,127.65,$-2.88,0.0,$4.25,2.86,$0.04B,$0.00B,22.28,$0.00B,$0.05B,0.0,$0.00B,0,nan%,$0.00B,$-0.01B,inf%,$0.00B,$-0.01B,inf%,$0.00B,$-0.01B,inf%,$0.00B,$-0.01B,inf%,$0.00B,$0.02B,inf%,$0.02B,$0.05B,42.24%,$0.02B,$0.05B,42.24%,$0.02B,$0.05B,35.98%,$-0.01B,$0.05B,-29.81%,$0,$0,$0,$1,$2,$3,$-3,$0,$-3,$-1,$-2,$-2,$-2,$-3,$-3,$4,4,$-0.60,$-0.60,$42,$0,$0,$43,$1,$0,$0,$0,$7,$51,$2,$0,$0,$0,$2,$184,$-136,$0,$49,$51,$21,$0,$-26,$-26,$0,$0,$-1,$-0,$-1,$-6,$-0,$0,$0,$-36,$0,$-36,$53,$17,$0,$0,$0,$0,$0,$0,$-8,$-8,$3,$0,$0
16,2014-09-30,14.1,$13.11,1.08,$0.12,122.38,$-1.17,0.0,$4.20,3.36,$0.05B,$0.00B,18.0,$0.00B,$0.05B,0.0,$0.00B,0,nan%,$0.00B,$-0.01B,inf%,$0.00B,$-0.01B,inf%,$0.00B,$-0.01B,inf%,$0.00B,$-0.01B,inf%,$0.00B,$0.02B,inf%,$0.02B,$0.05B,43.84%,$0.02B,$0.05B,43.84%,$0.02B,$0.05B,35.16%,$-0.01B,$0.05B,-28.95%,$0,$0,$0,$1,$2,$3,$-3,$0,$-3,$-1,$-1,$-1,$23,$-3,$-3,$4,4,$5.80,$5.80,$45,$0,$0,$47,$1,$0,$0,$0,$7,$54,$3,$0,$0,$0,$3,$184,$-134,$0,$51,$54,$23,$0,$-26,$-26,$-0,$0,$-1,$0,$-1,$-3,$-0,$0,$0,$0,$0,$0,$53,$53,$0,$0,$0,$0,$0,$0,$-8,$-8,$41,$0,$0
17,2014-06-30,15.9,$7.75,2.05,$0.03,476.55,$-0.64,0.0,$-1.30,0.0,$0.01B,$0.01B,0.56,$0.00B,$0.03B,0.0,$0.00B,0,nan%,$0.00B,$-0.01B,inf%,$0.00B,$-0.01B,inf%,$0.00B,$-0.01B,inf%,$0.00B,$-0.01B,inf%,$0.00B,$-0.01B,inf%,$-0.01B,$0.03B,-18.18%,$-0.01B,$0.03B,-18.18%,$-0.01B,$0.04B,-13.64%,$-0.01B,$0.03B,-27.97%,$0,$0,$0,$1,$3,$4,$-4,$0,$-4,$-3,$-1,$-1,$-1,$-4,$-4,$4,4,$-0.25,$-0.25,$4,$0,$0,$6,$1,$0,$0,$0,$35,$41,$10,$0,$0,$0,$10,$184,$-157,$0,$30,$41,$-6,$0,$4,$4,$0,$0,$1,$0,$1,$-1,$-0,$0,$0,$0,$0,$0,$-0,$-0,$0,$0,$0,$0,$0,$0,$-0,$-0,$-1,$1,$0
18,2014-03-31,11.75,$8.02,1.46,$2.41,4.88,$-1.69,0.0,$-0.55,0.0,$0.01B,$0.01B,0.65,$0.00B,$0.03B,0.0,$0.01B,$0.00B,44.44%,$0.01B,$-0.00B,-44.44%,$0.01B,$-0.00B,-44.44%,$0.01B,$-0.00B,-33.33%,$0.01B,$-0.00B,-44.44%,$0.01B,$-0.00B,-33.33%,$-0.00B,$0.03B,-8.76%,$-0.00B,$0.03B,-8.76%,$-0.00B,$0.04B,-6.56%,$-0.00B,$0.03B,-10.39%,$0,$0,$0,$1,$1,$2,$-2,$0,$-2,$0,$-2,$-2,$-3,$-2,$-2,$4,4,$-0.70,$-0.70,$5,$0,$0,$7,$36,$0,$0,$0,$36,$43,$11,$0,$0,$0,$12,$184,$-156,$0,$31,$43,$-4,$0,$3,$3,$0,$0,$-0,$-0,$-0,$-1,$-0,$0,$0,$0,$0,$0,$1,$1,$0,$0,$0,$0,$0,$0,$-0,$-0,$-1,$1,$0
19,2013-12-31,14.15,$8.81,1.61,$3.57,3.97,$-1.77,0.0,$0.15,94.33,$0.01B,$0.00B,1.98,$0.01B,$0.03B,0.16,$0.01B,$0.01B,42.86%,$0.01B,$-0.00B,-14.29%,$0.01B,$-0.00B,-14.29%,$0.01B,$-0.00B,-7.14%,$0.01B,$-0.00B,-14.29%,$0.01B,0,0.00%,$0.00B,$0.03B,0.00%,$0.00B,$0.03B,0.00%,$0.00B,$0.04B,0.00%,$-0.00B,$0.04B,-4.94%,$0,$0,$0,$0,$2,$2,$-2,$-0,$-2,$-1,$-2,$-2,$-3,$-2,$-2,$4,4,$-0.65,$-0.65,$7,$0,$0,$8,$36,$0,$0,$0,$36,$44,$4,$5,$0,$6,$10,$184,$-153,$0,$34,$44,$-2,$0,$3,$3,$0,$0,$-0,$-0,$-0,$1,$-0,$0,$0,$0,$0,$0,$1,$1,$0,$0,$0,$0,$0,$0,$-0,$-0,$2,$1,$0
20,2013-09-30,3.83,$9.37,0.41,$4.61,0.83,$-3.31,0.0,$0.60,6.38,$0.01B,$0.01B,2.34,$0.01B,$0.04B,0.15,$0.02B,$0.01B,38.89%,$0.02B,$-0.00B,-5.56%,$0.02B,$-0.00B,-5.56%,$0.02B,$0.00B,5.56%,$0.02B,$-0.00B,-5.56%,$0.02B,$0.00B,11.11%,$0.00B,$0.04B,5.76%,$0.00B,$0.04B,5.76%,$0.00B,$0.05B,4.26%,$-0.00B,$0.04B,-2.47%,$0,$0,$0,$1,$2,$2,$-2,$0,$-2,$-1,$-1,$-1,$1,$-2,$-2,$4,4,$0.30,$0.30,$4,$0,$0,$11,$36,$0,$0,$0,$37,$48,$5,$6,$0,$7,$11,$184,$-151,$0,$37,$48,$1,$0,$-2,$-2,$-0,$0,$-0,$0,$-0,$-1,$-0,$0,$0,$0,$0,$0,$0,$0,$0,$0,$0,$0,$0,$0,$-0,$-0,$-1,$0,$0
21,2013-06-30,3.5,$9.11,0.38,$6.23,0.56,$-4.36,0.0,$-0.05,0.0,$0.01B,$0.01B,1.65,$0.01B,$0.04B,0.16,$0.02B,$0.01B,33.33%,$0.02B,$-0.00B,-4.17%,$0.02B,$-0.00B,-4.17%,$0.02B,$0.00B,8.33%,$0.02B,$-0.00B,-4.17%,$0.02B,0,0.00%,$0.00B,$0.04B,0.00%,$0.00B,$0.04B,0.00%,$0.00B,$0.05B,0.00%,$-0.00B,$0.04B,-2.48%,$9,$5,$4,$1,$1,$7,$2,$-0,$2,$0,$2,$2,$2,$3,$2,$4,4,$0.55,$0.55,$5,$0,$0,$11,$37,$0,$0,$0,$37,$48,$7,$6,$0,$6,$13,$184,$-152,$0,$35,$48,$-1,$2,$0,$2,$-3,$0,$-1,$-0,$-4,$-3,$-2,$0,$0,$0,$0,$0,$0,$-2,$-0,$0,$-0,$0,$0,$0,$0,$-0,$-5,$0,$0
22,2013-03-31,4.19,$8.59,0.49,$5.90,0.71,$-4.58,0.0,$-0.95,0.0,$0.01B,$0.01B,1.41,$0.01B,$0.03B,0.17,$0.02B,$0.01B,26.09%,$0.02B,$-0.00B,-17.39%,$0.02B,$-0.00B,-17.39%,$0.02B,$-0.00B,-4.35%,$0.02B,$-0.00B,-17.39%,$0.02B,$-0.00B,-13.04%,$-0.00B,$0.03B,-8.70%,$-0.00B,$0.03B,-8.70%,$-0.00B,$0.05B,-6.32%,$-0.00B,$0.04B,-9.88%,$5,$3,$2,$0,$2,$5,$-0,$-0,$-0,$0,$-0,$-0,$-0,$0,$-0,$4,4,$-0.05,$-0.05,$8,$0,$0,$10,$37,$0,$0,$0,$37,$46,$7,$6,$0,$6,$13,$184,$-154,$0,$33,$46,$-3,$2,$0,$2,$1,$0,$-3,$2,$0,$-1,$-1,$0,$0,$0,$0,$0,$0,$-1,$-0,$0,$-0,$0,$0,$0,$0,$-0,$-2,$0,$0
23,2012-12-31,4.5,$8.66,0.52,$7.34,0.61,$-4.03,0.0,$-0.65,0.0,$0.01B,$0.01B,1.38,$0.01B,$0.03B,0.17,$0.03B,$0.01B,25.00%,$0.03B,$-0.00B,-10.71%,$0.03B,$-0.00B,-10.71%,$0.03B,$0.00B,3.57%,$0.03B,$-0.00B,-10.71%,$0.03B,$-0.00B,-7.14%,$-0.00B,$0.03B,-5.63%,$-0.00B,$0.03B,-5.63%,$-0.00B,$0.05B,-4.00%,$-0.00B,$0.04B,-7.23%,$4,$3,$1,$0,$1,$5,$-1,$-0,$-1,$0,$-1,$-1,$-1,$-0,$-1,$4,4,$-0.20,$-0.20,$5,$0,$0,$9,$37,$0,$0,$0,$37,$46,$7,$6,$0,$6,$13,$184,$-154,$0,$34,$46,$-2,$1,$0,$1,$-2,$0,$-2,$1,$-3,$-5,$-1,$0,$0,$0,$0,$0,$0,$-1,$-0,$0,$-0,$0,$0,$0,$0,$-0,$-5,$0,$0
24,2012-09-30,4.89,$9.04,0.54,$7.28,0.67,$-3.06,0.0,$-0.95,0.0,$0.01B,$0.01B,1.51,$0.01B,$0.04B,0.17,$0.03B,$0.01B,25.00%,$0.03B,$-0.00B,-14.29%,$0.03B,$-0.00B,-14.29%,$0.03B,0,0.00%,$0.03B,$-0.00B,-14.29%,$0.03B,$-0.00B,-10.71%,$-0.00B,$0.04B,-8.33%,$-0.00B,$0.04B,-8.33%,$-0.00B,$0.05B,-5.66%,$-0.00B,$0.04B,-9.52%,$6,$5,$1,$1,$2,$8,$-2,$-0,$-2,$0,$-2,$-2,$-1,$-1,$-2,$4,4,$-0.35,$-0.35,$5,$0,$0,$11,$37,$0,$0,$0,$37,$48,$7,$6,$0,$6,$13,$184,$-153,$0,$35,$48,$-2,$1,$-0,$0,$-3,$0,$-2,$1,$-4,$-5,$-0,$0,$0,$0,$0,$0,$0,$-0,$-0,$0,$-0,$0,$0,$0,$0,$-0,$-5,$-0,$0
25,2012-06-30,5.4,$9.60,0.56,$7.00,0.77,$-1.57,0.0,$-0.80,0.0,$0.01B,$0.01B,1.61,$0.01B,$0.04B,0.17,$0.03B,$0.01B,29.63%,$0.03B,$-0.00B,-11.11%,$0.03B,$-0.00B,-11.11%,$0.03B,$0.00B,3.70%,$0.03B,$-0.00B,-11.11%,$0.03B,$-0.00B,-11.11%,$-0.00B,$0.04B,-8.16%,$-0.00B,$0.04B,-8.16%,$-0.00B,$0.05B,-5.41%,$-0.00B,$0.04B,-7.02%,$8,$6,$2,$1,$2,$8,$-1,$-1,$-1,$0,$-1,$-1,$-1,$-0,$-1,$4,4,$-0.30,$-0.30,$10,$0,$0,$13,$37,$0,$0,$0,$37,$50,$8,$6,$0,$6,$14,$184,$-152,$0,$36,$50,$-3,$2,$2,$4,$1,$0,$2,$-8,$-5,$-4,$-1,$0,$0,$0,$0,$0,$0,$-1,$-0,$0,$-0,$0,$0,$0,$1,$1,$-5,$1,$0
26,2012-03-31,4.25,$9.92,0.43,$6.20,0.69,$2.25,1.89,$-0.95,0.0,$0.02B,$0.01B,1.62,$0.01B,$0.04B,0.16,$0.02B,$0.01B,30.43%,$0.02B,$-0.00B,-17.39%,$0.02B,$-0.00B,-17.39%,$0.02B,0,0.00%,$0.02B,$-0.00B,-17.39%,$0.02B,$-0.00B,-17.39%,$-0.00B,$0.04B,-10.74%,$-0.00B,$0.04B,-10.74%,$-0.00B,$0.06B,-6.96%,$-0.00B,$0.04B,-9.25%,$10,$7,$3,$0,$2,$9,$1,$-0,$1,$0,$1,$1,$1,$2,$1,$4,4,$0.25,$0.25,$16,$0,$0,$19,$37,$0,$0,$0,$37,$56,$12,$6,$0,$7,$19,$184,$-150,$0,$37,$56,$-2,$2,$1,$3,$1,$0,$-4,$3,$-0,$1,$-0,$0,$0,$0,$0,$0,$0,$-0,$-0,$0,$-0,$0,$0,$0,$1,$1,$1,$1,$0
27,2011-12-31,2.81,$9.69,0.29,$5.18,0.54,$2.43,1.15,$-1.30,0.0,$0.02B,$0.01B,1.41,$0.01B,$0.04B,0.17,$0.02B,$0.01B,36.84%,$0.02B,$-0.01B,-31.58%,$0.02B,$-0.01B,-31.58%,$0.02B,$-0.00B,-10.53%,$0.02B,$-0.01B,-31.58%,$0.02B,$-0.01B,-26.32%,$-0.01B,$0.04B,-13.25%,$-0.01B,$0.04B,-13.25%,$-0.01B,$0.06B,-8.89%,$-0.01B,$0.04B,-13.64%,$4,$3,$1,$1,$2,$6,$-2,$-0,$-2,$0,$-2,$-2,$-2,$-1,$-2,$4,4,$-0.50,$-0.50,$14,$0,$0,$20,$37,$0,$0,$0,$37,$58,$14,$6,$0,$7,$21,$184,$-151,$0,$36,$58,$-3,$1,$1,$2,$-2,$0,$-0,$2,$-0,$-1,$-0,$0,$0,$0,$0,$0,$0,$-0,$-0,$0,$-0,$0,$0,$0,$1,$1,$-1,$1,$0
28,2011-09-30,3.05,$10.38,0.29,$5.49,0.56,$2.92,1.05,$-1.25,0.0,$0.02B,$0.01B,1.44,$0.01B,$0.04B,0.17,$0.02B,$0.01B,35.00%,$0.02B,$-0.01B,-30.00%,$0.02B,$-0.01B,-30.00%,$0.02B,$-0.00B,-10.00%,$0.02B,$-0.01B,-30.00%,$0.02B,$-0.01B,-25.00%,$-0.01B,$0.04B,-12.90%,$-0.01B,$0.04B,-12.90%,$-0.01B,$0.06B,-9.17%,$-0.01B,$0.04B,-13.33%,$5,$3,$2,$1,$2,$6,$-1,$-0,$-1,$0,$-1,$-1,$-1,$-0,$-1,$4,4,$-0.20,$-0.20,$16,$0,$0,$19,$38,$0,$0,$0,$39,$58,$13,$6,$0,$7,$20,$184,$-150,$0,$38,$58,$-1,$1,$0,$1,$1,$0,$-0,$0,$1,$1,$-0,$0,$0,$0,$0,$0,$0,$-0,$-0,$0,$-0,$0,$0,$0,$1,$1,$1,$0,$0
29,2011-06-30,5.16,$10.42,0.49,$5.68,0.91,$3.19,1.61,$-1.40,0.0,$0.02B,$0.01B,1.38,$0.01B,$0.04B,0.17,$0.02B,$0.01B,35.00%,$0.02B,$-0.01B,-30.00%,$0.02B,$-0.01B,-30.00%,$0.02B,$-0.00B,-15.00%,$0.02B,$-0.01B,-30.00%,$0.02B,$-0.01B,-25.00%,$-0.01B,$0.04B,-12.66%,$-0.01B,$0.04B,-12.66%,$-0.01B,$0.06B,-9.30%,$-0.01B,$0.04B,-13.56%,$4,$4,$1,$1,$2,$7,$-2,$-0,$-2,$-0,$-2,$-2,$-2,$-1,$-2,$4,4,$-0.50,$-0.50,$15,$0,$0,$18,$38,$0,$0,$0,$39,$58,$13,$6,$0,$7,$20,$184,$-149,$0,$38,$58,$-6,$2,$1,$4,$3,$0,$-0,$9,$12,$9,$-1,$0,$0,$0,$0,$0,$0,$-1,$-2,$0,$-2,$0,$0,$0,$0,$-2,$7,$1,$0
30,2011-03-31,5.35,$10.91,0.49,$5.92,0.9,$1.53,3.49,$-1.40,0.0,$0.01B,$0.01B,2.32,$0.01B,$0.04B,0.17,$0.02B,$0.01B,38.10%,$0.02B,$-0.01B,-28.57%,$0.02B,$-0.01B,-28.57%,$0.02B,$-0.00B,-14.29%,$0.02B,$-0.01B,-28.57%,$0.02B,$-0.01B,-23.81%,$-0.01B,$0.04B,-12.35%,$-0.01B,$0.04B,-12.35%,$-0.01B,$0.05B,-9.43%,$-0.01B,$0.05B,-13.71%,$6,$3,$3,$1,$2,$6,$-1,$-0,$-1,$0,$-1,$-1,$-0,$-0,$-1,$4,4,$-0.10,$-0.10,$7,$0,$0,$12,$39,$0,$0,$0,$40,$51,$5,$7,$0,$7,$12,$184,$-147,$0,$39,$51,$-4,$2,$1,$3,$3,$0,$-0,$0,$3,$1,$-1,$0,$0,$0,$0,$0,$0,$-1,$-2,$0,$-2,$0,$0,$0,$0,$-1,$-1,$1,$0
31,2010-12-31,5.65,$11.11,0.51,$6.33,0.89,$1.79,3.16,$-1.50,0.0,$0.01B,$0.00B,2.89,$0.01B,$0.04B,0.17,$0.02B,$0.01B,36.36%,$0.02B,$-0.01B,-27.27%,$0.02B,$-0.01B,-27.27%,$0.02B,$-0.00B,-13.64%,$0.02B,$-0.01B,-27.27%,$0.02B,$-0.01B,-27.27%,$-0.01B,$0.04B,-14.46%,$-0.01B,$0.04B,-14.46%,$-0.01B,$0.05B,-11.06%,$-0.01B,$0.05B,-13.95%,$5,$3,$1,$1,$2,$6,$-2,$-0,$-2,$0,$-2,$-2,$-2,$-1,$-2,$4,4,$-0.45,$-0.45,$7,$0,$0,$10,$39,$0,$0,$0,$40,$51,$4,$7,$0,$7,$11,$184,$-147,$0,$40,$51,$-3,$1,$1,$2,$3,$0,$-0,$-1,$2,$1,$-0,$0,$0,$0,$0,$0,$0,$-0,$-2,$0,$-2,$0,$0,$0,$0,$-1,$-1,$1,$0
32,2010-09-30,6.05,$11.72,0.52,$7.20,0.84,$2.29,2.64,$-0.60,0.0,$0.02B,$0.01B,1.22,$0.00B,$0.04B,0.0,$0.03B,$0.01B,48.00%,$0.03B,$-0.00B,-8.00%,$0.03B,$-0.00B,-8.00%,$0.03B,0,0.00%,$0.03B,$-0.00B,-8.00%,$0.03B,$-0.00B,-8.00%,$-0.00B,$0.04B,-4.73%,$-0.00B,$0.04B,-4.73%,$-0.00B,$0.06B,-3.57%,$-0.00B,$0.04B,-4.62%,$5,$3,$2,$1,$2,$7,$-1,$-0,$-1,$0,$-1,$-1,$-1,$-1,$-1,$3,3,$-0.35,$-0.35,$10,$0,$0,$16,$39,$0,$0,$0,$39,$55,$13,$0,$0,$1,$14,$184,$-145,$0,$41,$55,$-1,$1,$0,$1,$1,$0,$-0,$1,$2,$2,$-0,$0,$0,$0,$0,$0,$0,$-0,$-0,$0,$-0,$0,$0,$0,$0,$0,$2,$0,$0
33,2010-06-30,6.2,$12.60,0.49,$7.81,0.79,$1.03,6.02,$-0.05,0.0,$0.02B,$0.01B,1.21,$0.00B,$0.04B,0.0,$0.03B,$0.02B,53.57%,$0.03B,0,0.00%,$0.03B,0,0.00%,$0.03B,$0.00B,10.71%,$0.03B,0,0.00%,$0.03B,0,0.00%,$0.00B,$0.04B,0.00%,$0.00B,$0.04B,0.00%,$0.00B,$0.06B,0.00%,$0.00B,$0.04B,0.00%,$5,$4,$2,$1,$3,$7,$-2,$-0,$-2,$0,$-2,$-2,$-2,$-1,$-2,$3,4,$-0.45,$-0.40,$8,$0,$0,$15,$40,$0,$0,$0,$40,$55,$12,$0,$0,$0,$13,$184,$-144,$0,$42,$55,$-0,$2,$1,$3,$7,$0,$-2,$-3,$2,$4,$-2,$0,$0,$0,$0,$0,$0,$-2,$-0,$0,$-0,$0,$0,$0,$1,$1,$3,$1,$0
34,2010-03-31,16.05,$12.65,1.27,$9.38,1.71,$1.36,11.76,$1.20,13.38,$0.02B,$0.01B,1.27,$0.00B,$0.04B,0.0,$0.03B,$0.02B,57.58%,$0.03B,$0.00B,12.12%,$0.03B,$0.00B,12.12%,$0.03B,$0.01B,21.21%,$0.03B,$0.00B,12.12%,$0.03B,$0.01B,15.15%,$0.01B,$0.04B,11.83%,$0.01B,$0.04B,11.83%,$0.01B,$0.06B,8.58%,$0.00B,$0.04B,8.47%,$7,$3,$3,$1,$3,$8,$-1,$-0,$-1,$-0,$-1,$-1,$-1,$-0,$-1,$3,3,$-0.20,$-0.20,$6,$0,$0,$16,$40,$0,$0,$0,$40,$56,$13,$0,$0,$1,$13,$183,$-142,$0,$43,$56,$2,$2,$1,$2,$4,$0,$-2,$-3,$-1,$3,$-1,$0,$0,$0,$0,$0,$0,$-1,$-0,$0,$-0,$0,$0,$0,$0,$-0,$2,$1,$0
35,2009-12-31,9.6,$12.85,0.75,$10.80,0.89,$0.71,13.45,$2.45,3.92,$0.02B,$0.01B,1.63,$0.00B,$0.04B,0.07,$0.04B,$0.02B,60.53%,$0.04B,$0.01B,23.68%,$0.04B,$0.01B,23.68%,$0.04B,$0.01B,28.95%,$0.04B,$0.01B,23.68%,$0.04B,$0.01B,26.32%,$0.01B,$0.04B,24.39%,$0.01B,$0.04B,24.39%,$0.01B,$0.06B,17.17%,$0.01B,$0.05B,18.75%,$8,$3,$5,$0,$3,$6,$2,$-0,$2,$0,$2,$2,$2,$2,$2,$3,4,$0.50,$0.45,$7,$0,$0,$18,$40,$0,$0,$0,$40,$58,$11,$3,$0,$4,$15,$183,$-142,$0,$43,$58,$2,$1,$0,$1,$3,$0,$-2,$-1,$-0,$4,$-1,$0,$0,$0,$0,$0,$0,$-1,$-0,$0,$-0,$0,$0,$0,$0,$-0,$2,$0,$0
36,2009-09-30,14.1,$12.34,1.14,$9.78,1.44,$-0.30,0.0,$1.55,9.1,$0.02B,$0.01B,1.98,$0.01B,$0.04B,0.2,$0.03B,$0.02B,55.88%,$0.03B,$0.01B,14.71%,$0.03B,$0.01B,14.71%,$0.03B,$0.01B,20.59%,$0.03B,$0.01B,14.71%,$0.03B,$0.01B,17.65%,$0.01B,$0.04B,15.48%,$0.01B,$0.04B,15.48%,$0.01B,$0.06B,10.43%,$0.01B,$0.05B,10.64%,$8,$3,$5,$1,$3,$7,$1,$-0,$1,$0,$1,$1,$1,$2,$1,$3,4,$0.25,$0.20,$3,$0,$0,$19,$40,$0,$0,$0,$41,$60,$10,$8,$0,$9,$19,$183,$-143,$0,$42,$60,$1,$1,$0,$1,$-3,$0,$-2,$2,$-4,$-2,$-1,$0,$0,$0,$0,$0,$0,$-1,$-0,$1,$1,$0,$0,$0,$0,$1,$-2,$0,$0
37,2009-06-30,5.75,$12.33,0.47,$9.45,0.61,$0.21,27.43,$1.35,4.26,$0.02B,$0.01B,1.92,$0.01B,$0.04B,0.21,$0.03B,$0.02B,50.00%,$0.03B,$0.00B,12.50%,$0.03B,$0.00B,12.50%,$0.03B,$0.01B,18.75%,$0.03B,$0.00B,12.50%,$0.03B,$0.01B,15.63%,$0.01B,$0.04B,13.42%,$0.01B,$0.04B,13.42%,$0.01B,$0.06B,8.62%,$0.00B,$0.05B,8.70%,$10,$4,$6,$1,$3,$8,$2,$-0,$2,$-1,$3,$3,$3,$3,$2,$3,3,$0.80,$0.80,$5,$0,$0,$18,$40,$0,$0,$0,$41,$59,$9,$8,$0,$9,$18,$183,$-144,$0,$41,$59,$5,$2,$-0,$2,$-8,$0,$0,$6,$-2,$5,$-1,$0,$0,$0,$0,$0,$0,$-1,$-1,$0,$-1,$-0,$-0,$0,$0,$-1,$2,$0,$0
38,2009-03-31,2.15,$11.58,0.19,$9.65,0.22,$-5.57,0.0,$0.05,43.0,$0.01B,$0.01B,1.42,$0.01B,$0.04B,0.23,$0.03B,$0.01B,42.86%,$0.03B,$0.00B,3.57%,$0.03B,$0.00B,3.57%,$0.03B,$0.00B,7.14%,$0.03B,$0.00B,3.57%,$0.03B,$0.00B,3.57%,$0.00B,$0.04B,2.80%,$0.00B,$0.04B,2.80%,$0.00B,$0.06B,1.73%,$0.00B,$0.05B,2.22%,$12,$5,$7,$1,$3,$8,$4,$-0,$4,$0,$4,$4,$4,$4,$4,$3,3,$1.10,$1.05,$1,$0,$0,$11,$40,$0,$0,$4,$45,$56,$8,$8,$0,$10,$18,$183,$-147,$0,$38,$56,$2,$2,$-0,$1,$-6,$0,$-1,$3,$-3,$0,$-1,$0,$0,$0,$0,$0,$0,$-1,$-1,$0,$-1,$-0,$-0,$0,$0,$-1,$-1,$0,$0
39,2008-12-31,1.3,$10.45,0.12,$8.64,0.15,$-8.64,0.0,$-1.30,0.0,$0.01B,$0.01B,0.95,$0.01B,$0.03B,0.25,$0.02B,$0.01B,30.43%,$0.02B,$-0.00B,-13.04%,$0.02B,$-0.00B,-13.04%,$0.02B,$-0.00B,-8.70%,$0.02B,$-0.00B,-13.04%,$0.02B,$-0.00B,-17.39%,$-0.00B,$0.03B,-11.35%,$-0.00B,$0.03B,-11.35%,$-0.00B,$0.06B,-6.69%,$-0.00B,$0.04B,-6.67%,$4,$3,$1,$1,$2,$6,$-2,$1,$-2,$0,$-2,$-2,$-2,$-2,$-2,$3,3,$-0.45,$-0.45,$0,$0,$0,$6,$40,$0,$0,$7,$48,$55,$6,$9,$4,$14,$20,$183,$-150,$0,$34,$55,$-1,$1,$-0,$1,$-1,$0,$-0,$1,$-0,$-1,$-0,$0,$0,$0,$0,$0,$0,$-0,$-1,$0,$-1,$0,$0,$0,$0,$-1,$-2,$0,$0
40,2008-09-30,1.8,$10.87,0.17,$10.08,0.18,$-12.20,0.0,$-22.65,0.0,$0.01B,$0.01B,1.27,$0.01B,$0.04B,0.29,$0.02B,$0.01B,26.09%,$0.02B,$-0.00B,-17.39%,$0.02B,$-0.00B,-17.39%,$0.02B,$-0.00B,-8.70%,$0.02B,$-0.03B,-147.83%,$0.02B,$-0.04B,-165.22%,$-0.04B,$0.04B,-106.29%,$-0.04B,$0.04B,-106.29%,$-0.04B,$0.06B,-62.30%,$-0.00B,$0.05B,-8.89%,$6,$4,$2,$1,$2,$6,$0,$-0,$0,$0,$0,$0,$0,$1,$0,$3,3,$0.00,$0.00,$2,$0,$0,$10,$41,$0,$0,$11,$52,$62,$8,$10,$7,$19,$27,$183,$-149,$0,$36,$62,$0,$1,$0,$1,$-3,$0,$-1,$2,$-2,$-1,$-0,$0,$0,$0,$0,$0,$0,$-0,$-0,$1,$1,$0,$0,$0,$0,$1,$-0,$0,$0
41,2008-06-30,2.85,$11.92,0.24,$41.28,0.07,$-39.38,0.0,$-26.15,0.0,$0.01B,$0.01B,1.08,$0.01B,$0.04B,0.3,$0.03B,$0.01B,23.08%,$0.03B,$-0.00B,-15.38%,$0.03B,$-0.00B,-15.38%,$0.03B,$-0.00B,-7.69%,$0.03B,$-0.04B,-134.62%,$0.03B,$-0.04B,-150.00%,$-0.04B,$0.04B,-167.74%,$-0.04B,$0.04B,-167.74%,$-0.04B,$0.06B,-61.42%,$-0.00B,$0.05B,-9.25%,$6,$4,$2,$0,$3,$8,$-1,$0,$-1,$0,$-1,$-1,$-1,$-1,$-1,$2,2,$4.10,$4.10,$3,$0,$0,$7,$41,$0,$0,$9,$51,$58,$7,$10,$5,$17,$23,$183,$-149,$0,$35,$58,$-36,$3,$30,$33,$4,$0,$-2,$-8,$-5,$-9,$-0,$0,$0,$0,$0,$0,$0,$-0,$1,$0,$1,$1,$1,$0,$0,$2,$-7,$1,$0
42,2008-03-31,2.85,$12.83,0.22,$87.66,0.03,$-13.55,0.0,$-76.60,0.0,$0.01B,$0.01B,2.58,$0.01B,$0.04B,0.3,$0.03B,$-0.00B,-6.06%,$0.03B,$-0.02B,-45.45%,$0.03B,$-0.02B,-45.45%,$0.03B,$-0.01B,-36.36%,$0.03B,$-0.05B,-142.42%,$0.03B,$-0.05B,-154.55%,$-0.05B,$0.04B,-453.33%,$-0.05B,$0.04B,-453.33%,$-0.05B,$0.06B,-76.12%,$-0.02B,$0.05B,-35.71%,$7,$4,$2,$1,$2,$7,$-0,$-0,$-0,$0,$-1,$-1,$-1,$-0,$-0,$3,3,$-0.30,$-0.30,$2,$1,$0,$14,$42,$0,$0,$7,$50,$64,$5,$11,$12,$23,$29,$183,$-147,$0,$36,$64,$-35,$2,$30,$33,$-3,$0,$-2,$-2,$-7,$-9,$-0,$0,$0,$0,$0,$0,$0,$-0,$1,$0,$1,$0,$0,$0,$0,$1,$-8,$0,$0
43,2007-12-31,7.8,$13.35,0.58,$132.21,0.06,$18.87,0.41,$-80.80,0.0,$0.01B,$0.01B,0.71,$0.01B,$0.04B,0.19,$0.04B,$-0.00B,-5.26%,$0.04B,$-0.02B,-39.47%,$0.04B,$-0.02B,-39.47%,$0.04B,$-0.01B,-28.95%,$0.04B,$-0.05B,-126.32%,$0.04B,$-0.05B,-134.21%,$-0.05B,$0.04B,-2266.67%,$-0.05B,$0.04B,-2266.67%,$-0.05B,$0.06B,-68.23%,$-0.02B,$0.04B,-34.29%,$4,$4,$-0,$0,$2,$7,$-3,$-30,$-33,$0,$-33,$-33,$-36,$-2,$-3,$2,2,$-21.80,$-21.80,$0,$1,$0,$6,$43,$0,$0,$11,$54,$60,$9,$7,$7,$15,$24,$182,$-147,$0,$36,$60,$-34,$2,$30,$32,$3,$0,$2,$-10,$-5,$-6,$-0,$0,$0,$0,$0,$0,$0,$-0,$-3,$0,$-3,$0,$0,$0,$0,$-3,$-9,$0,$0
44,2007-09-30,20.0,$-53.42,-0.37,$179.35,0.11,$25.66,0.78,$-66.00,0.0,$0.03B,$0.03B,0.82,$0.05B,$-0.03B,-2.04,$0.05B,0,0.00%,$0.05B,$-0.01B,-27.66%,$0.05B,$-0.01B,-27.66%,$0.05B,$-0.01B,-17.02%,$0.05B,$-0.02B,-36.17%,$0.05B,$-0.02B,-36.17%,$-0.02B,$-0.01B,261.54%,$-0.02B,$-0.01B,261.54%,$-0.02B,$0.07B,-20.61%,$-0.01B,$0.04B,-27.96%,$9,$6,$2,$0,$2,$9,$0,$-1,$-1,$0,$-1,$-1,$-1,$1,$0,$0,0,$-3.30,$-3.30,$17,$1,$0,$26,$43,$0,$0,$1,$46,$72,$32,$53,$0,$54,$86,$84,$-110,$0,$-14,$72,$-1,$1,$-0,$1,$2,$0,$-2,$-7,$-7,$-7,$-0,$0,$0,$0,$0,$0,$0,$-0,$0,$0,$0,$0,$0,$0,$0,$0,$-7,$-0,$0
45,2007-06-30,32.5,$-50.39,-0.64,$204.27,0.16,$68.60,0.47,$-62.50,0.0,$0.02B,$0.03B,0.76,$0.05B,$-0.03B,-2.12,$0.05B,$0.00B,3.77%,$0.05B,$-0.01B,-22.64%,$0.05B,$-0.01B,-22.64%,$0.05B,$-0.01B,-13.21%,$0.05B,$-0.02B,-30.19%,$0.05B,$-0.02B,-30.19%,$-0.02B,$-0.01B,711.11%,$-0.02B,$-0.01B,711.11%,$-0.02B,$0.07B,-18.44%,$-0.01B,$0.04B,-22.54%,$13,$19,$-6,$0,$2,$25,$-12,$-1,$-13,$0,$-13,$-13,$-13,$-11,$-12,$0,0,$-51.35,$-51.35,$10,$1,$0,$20,$44,$0,$0,$6,$53,$72,$26,$53,$6,$60,$86,$84,$-110,$0,$-13,$72,$-16,$6,$14,$21,$3,$0,$-0,$-1,$2,$6,$-1,$0,$0,$0,$0,$0,$-1,$-1,$-2,$0,$-2,$0,$0,$0,$0,$-2,$3,$0,$0
46,2007-03-31,29.5,$0.13,219.01,$211.77,0.14,$54.85,0.54,$-11.50,0.0,$0.03B,$0.04B,0.84,$0.05B,$-0.01B,-4.47,$0.06B,$0.01B,21.82%,$0.06B,$0.00B,1.82%,$0.06B,$0.00B,1.82%,$0.06B,$0.01B,12.73%,$0.06B,$-0.00B,-5.45%,$0.06B,$-0.00B,-5.45%,$-0.00B,$0.00B,-171.43%,$-0.00B,$0.00B,-171.43%,$-0.00B,$0.10B,-3.33%,$0.00B,$0.05B,1.67%,$12,$10,$2,$0,$3,$13,$-0,$-1,$-1,$0,$-1,$-1,$-1,$1,$-0,$0,0,$-4.60,$-4.60,$20,$2,$0,$34,$58,$0,$0,$1,$61,$95,$41,$53,$0,$54,$95,$84,$-96,$0,$0,$95,$-3,$5,$0,$5,$-0,$0,$1,$6,$6,$8,$-0,$0,$0,$0,$0,$0,$0,$-0,$-2,$0,$-2,$0,$0,$0,$0,$-2,$6,$0,$0
47,2006-12-31,32.5,$4.40,7.39,$213.38,0.15,$29.57,1.1,$-13.50,0.0,$0.03B,$0.04B,0.82,$0.05B,$-0.01B,-4.93,$0.06B,$0.01B,21.82%,$0.06B,0,0.00%,$0.06B,0,0.00%,$0.06B,$0.01B,12.73%,$0.06B,$-0.00B,-7.27%,$0.06B,$-0.00B,-7.27%,$-0.00B,$0.00B,-228.57%,$-0.00B,$0.00B,-228.57%,$-0.00B,$0.09B,-6.04%,$0.00B,$0.05B,0.00%,$13,$11,$2,$0,$3,$14,$-1,$-1,$-2,$-0,$-2,$-2,$-2,$1,$-1,$0,0,$-7.10,$-7.10,$11,$2,$0,$29,$59,$0,$0,$1,$62,$91,$35,$53,$0,$54,$90,$84,$0,$-95,$1,$91,$-2,$3,$0,$3,$-3,$0,$-2,$5,$-0,$1,$-0,$0,$0,$0,$0,$0,$0,$-0,$-2,$0,$-2,$0,$0,$0,$0,$-2,$-1,$0,$0
