,Date,Stock Price,Book Value per Share,Price to Book Ratio,TTM Sales per Share,Price to Sales Ratio,TTM FCF per Share,Price to FCF Ratio,TTM Net EPS,PE Ratio,Current Assets,Current Liabilities,Current Ratio,Long Term Debt,Shareholder's Equity_x,Debt to Equity Ratio,TTM Revenue_x,TTM Gross Profit,Gross Margin,TTM Revenue_y,TTM Operating Income,Operating Margin,TTM Revenue_x,TTM EBIT,EBIT Margin,TTM Revenue_y,TTM EBITDA,EBITDA Margin,TTM Revenue_x,TTM Pre-Tax Income,Pre-Tax Margin,TTM Revenue_y,TTM Net Income_x,Net Margin,TTM Net Income_y,Shareholder's Equity_y,Return on Equity,TTM Net Income_x,Tangible Equity,Return on Tangible Equity,TTM Net Income_y,Total Assets,Return on Assets,TTM Net Income,LT Investments & Debt,Return on Investment,revenue,cost-goods-sold,gross-profit,research-development-expenses,selling-general-administrative-expenses,operating-expenses,operating-income,total-non-operating-income-expense,pre-tax-income,total-provision-income-taxes,income-after-taxes,income-from-continuous-operations,net-income,ebitda,ebit,basic-shares-outstanding,shares-outstanding,eps-basic-net-earnings-per-share,eps-earnings-per-share-diluted,cash-on-hand,inventory,other-current-assets,total-current-assets,net-property-plant-equipment,long-term-investments,goodwill-intangible-assets-total,other-long-term-assets,total-long-term-assets,total-assets,total-current-liabilities,long-term-debt,other-non-current-liabilities,total-long-term-liabilities,total-liabilities,common-stock-net,retained-earnings-accumulated-deficit,comprehensive-income,total-share-holder-equity,total-liabilities-share-holders-equity,net-income-loss,total-depreciation-amortization-cash-flow,other-non-cash-items,total-non-cash-items,change-in-accounts-receivable,change-in-inventories,change-in-accounts-payable,change-in-assets-liabilities,total-change-in-assets-liabilities,cash-flow-from-operating-activities,net-change-in-property-plant-equipment,net-change-in-intangible-assets,net-acquisitions-divestitures,net-change-in-short-term-investments,net-change-in-long-term-investments,net-change-in-investments-total,investing-activities-other,cash-flow-from-investing-activities,net-long-term-debt,net-current-debt,debt-issuance-retirement-net-total,net-common-equity-issued-repurchased,net-total-equity-issued-repurchased,total-common-preferred-stock-dividends-paid,financial-activities-other,cash-flow-from-financial-activities,net-cash-flow,stock-based-compensation,common-stock-dividends-paid
0,2018-09-30,50.41,$28.35,1.78,$50.41,1.0,$-0.98,0.0,$-0.12,0.0,$0.62B,$0.21B,3.02,$0.03B,$0.65B,0.04,$1.17B,$0.20B,17.14%,$1.17B,$0.00B,0.09%,$1.17B,$0.00B,0.09%,$1.17B,$0.03B,2.49%,$1.17B,$0.00B,0.17%,$1.17B,$-0.00B,-0.26%,$-0.00B,$0.65B,-0.44%,$-0.00B,$0.60B,-0.48%,$-0.00B,$0.90B,-0.33%,$0.00B,$0.67B,0.15%,$257,$198,$58,$0,$51,$249,$7,$-0,$7,$0,$7,$7,$7,$14,$7,$23,23,$0.31,$0.30,$28,$429,$0,$624,$188,$15,$45,$31,$279,$903,$207,$27,$22,$50,$257,$5,$545,$-32,$646,$903,$-14,$21,$12,$33,$-8,$-38,$14,$0,$-40,$-21,$-17,$0,$0,$0,$0,$0,$0,$-17,$24,$0,$24,$-14,$-14,$-7,$-0,$3,$-37,$2,$-7
1,2018-06-30,59.66,$28.45,2.1,$50.24,1.19,$0.53,113.16,$-0.54,0.0,$0.64B,$0.24B,2.65,$0.00B,$0.66B,0.0,$1.16B,$0.18B,15.58%,$1.16B,$-0.01B,-1.03%,$1.16B,$-0.01B,-1.03%,$1.16B,$0.02B,1.29%,$1.16B,$-0.01B,-0.86%,$1.16B,$-0.01B,-1.12%,$-0.01B,$0.66B,-1.91%,$-0.01B,$0.61B,-2.04%,$-0.01B,$0.92B,-1.44%,$-0.01B,$0.66B,-1.76%,$273,$271,$1,$0,$51,$323,$-50,$1,$-49,$-9,$-41,$-41,$-41,$-43,$-50,$23,23,$-1.76,$-1.76,$67,$395,$0,$642,$185,$15,$45,$36,$282,$924,$243,$1,$22,$24,$267,$5,$540,$-30,$657,$924,$-21,$14,$8,$22,$-24,$-3,$4,$-7,$17,$18,$-8,$0,$0,$0,$0,$0,$0,$-8,$-1,$0,$-1,$0,$0,$-5,$-0,$-6,$3,$1,$-5
2,2018-03-31,54.95,$30.67,1.79,$51.45,1.07,$-0.75,0.0,$1.84,29.87,$0.63B,$0.19B,3.39,$0.00B,$0.71B,0.0,$1.19B,$0.25B,20.65%,$1.19B,$0.06B,4.95%,$1.19B,$0.06B,4.95%,$1.19B,$0.09B,7.22%,$1.19B,$0.06B,5.04%,$1.19B,$0.04B,3.53%,$0.04B,$0.71B,6.11%,$0.04B,$0.66B,6.53%,$0.04B,$0.92B,4.71%,$0.06B,$0.71B,8.57%,$325,$247,$78,$0,$52,$300,$26,$0,$26,$6,$20,$20,$20,$33,$26,$23,23,$0.88,$0.87,$44,$411,$0,$632,$189,$15,$46,$36,$286,$918,$186,$1,$21,$24,$210,$5,$583,$-22,$708,$918,$20,$7,$4,$11,$-34,$-20,$9,$1,$-43,$-12,$-5,$0,$0,$0,$0,$0,$-0,$-5,$-1,$0,$-1,$0,$0,$-2,$-0,$-3,$-20,$1,$-2
3,2017-12-31,58.16,$29.77,1.95,$51.18,1.14,$-0.87,0.0,$1.62,35.9,$0.60B,$0.18B,3.37,$0.00B,$0.69B,0.0,$1.18B,$0.24B,20.61%,$1.18B,$0.06B,4.73%,$1.18B,$0.06B,4.73%,$1.18B,$0.08B,6.93%,$1.18B,$0.06B,4.81%,$1.18B,$0.04B,3.13%,$0.04B,$0.69B,5.47%,$0.04B,$0.64B,5.84%,$0.04B,$0.89B,4.20%,$0.06B,$0.69B,8.25%,$312,$250,$63,$0,$18,$294,$18,$0,$18,$8,$11,$11,$11,$25,$18,$23,23,$0.47,$0.48,$64,$391,$0,$603,$190,$15,$46,$36,$287,$890,$179,$2,$21,$24,$203,$5,$565,$-24,$687,$890,$38,$26,$19,$45,$-8,$-20,$1,$2,$-41,$42,$-20,$0,$-26,$-1,$0,$-1,$0,$-47,$-7,$0,$-7,$0,$0,$-9,$-1,$-17,$-20,$3,$-9
4,2017-09-30,55.58,$29.27,1.9,$51.82,1.07,$2.83,19.61,$1.68,33.08,$0.61B,$0.18B,3.44,$0.00B,$0.68B,0.0,$1.20B,$0.25B,20.43%,$1.20B,$0.06B,4.75%,$1.20B,$0.06B,4.75%,$1.20B,$0.08B,6.92%,$1.20B,$0.06B,4.84%,$1.20B,$0.04B,3.17%,$0.04B,$0.68B,5.70%,$0.04B,$0.63B,6.14%,$0.04B,$0.88B,4.38%,$0.06B,$0.68B,8.51%,$252,$213,$39,$0,$45,$258,$-6,$1,$-5,$-3,$-3,$-3,$-3,$0,$-6,$23,23,$-0.12,$-0.12,$68,$399,$0,$610,$181,$14,$42,$30,$267,$877,$177,$2,$21,$25,$202,$5,$557,$-27,$675,$877,$27,$19,$13,$33,$1,$-39,$3,$14,$-49,$11,$-14,$0,$0,$0,$0,$0,$-1,$-14,$-7,$0,$-7,$0,$0,$-7,$-1,$-14,$-16,$3,$-7
5,2017-06-30,54.97,$29.40,1.87,$51.58,1.07,$6.41,8.58,$2.10,26.17,$0.61B,$0.18B,3.48,$0.00B,$0.68B,0.0,$1.20B,$0.26B,21.84%,$1.20B,$0.07B,6.19%,$1.20B,$0.07B,6.19%,$1.20B,$0.10B,8.45%,$1.20B,$0.08B,6.28%,$1.20B,$0.05B,4.02%,$0.05B,$0.68B,7.28%,$0.05B,$0.64B,7.86%,$0.05B,$0.88B,5.55%,$0.07B,$0.68B,11.16%,$302,$236,$66,$0,$44,$281,$21,$0,$21,$7,$14,$14,$14,$28,$21,$23,23,$0.63,$0.62,$54,$381,$0,$611,$182,$14,$42,$30,$268,$879,$176,$3,$20,$25,$201,$5,$562,$-28,$678,$879,$29,$13,$9,$22,$-39,$-21,$8,$7,$-60,$-9,$-11,$0,$0,$0,$0,$0,$-1,$-11,$-6,$0,$-6,$0,$0,$-5,$-1,$-11,$-30,$2,$-5
6,2017-03-31,60.79,$28.81,2.11,$51.28,1.19,$9.46,6.43,$2.27,26.78,$0.61B,$0.19B,3.28,$0.00B,$0.66B,0.01,$1.19B,$0.27B,22.58%,$1.19B,$0.08B,6.82%,$1.19B,$0.08B,6.82%,$1.19B,$0.11B,9.01%,$1.19B,$0.08B,6.91%,$1.19B,$0.05B,4.38%,$0.05B,$0.66B,8.01%,$0.05B,$0.62B,8.61%,$0.05B,$0.87B,6.07%,$0.08B,$0.67B,12.39%,$318,$243,$76,$0,$53,$296,$23,$0,$23,$8,$15,$15,$15,$29,$23,$23,23,$0.66,$0.65,$57,$373,$0,$606,$182,$14,$41,$31,$268,$874,$185,$4,$20,$26,$210,$5,$550,$-30,$664,$874,$15,$6,$5,$11,$-46,$-12,$16,$4,$-41,$-15,$-5,$0,$0,$0,$0,$0,$-0,$-6,$-5,$0,$-5,$0,$0,$-2,$-1,$-7,$-27,$1,$-2
7,2016-12-31,66.58,$28.15,2.36,$49.59,1.34,$12.06,5.52,$2.39,27.86,$0.58B,$0.17B,3.42,$0.00B,$0.65B,0.01,$1.15B,$0.26B,23.00%,$1.15B,$0.09B,7.49%,$1.15B,$0.09B,7.49%,$1.15B,$0.11B,9.76%,$1.15B,$0.09B,7.58%,$1.15B,$0.06B,4.79%,$0.06B,$0.65B,8.59%,$0.06B,$0.58B,9.21%,$0.06B,$0.84B,6.49%,$0.09B,$0.65B,13.33%,$327,$262,$64,$0,$20,$307,$19,$-0,$19,$6,$12,$12,$12,$26,$19,$23,23,$0.54,$0.52,$83,$360,$0,$577,$181,$14,$67,$2,$267,$844,$169,$4,$20,$26,$195,$5,$537,$-32,$649,$844,$55,$25,$18,$43,$-5,$31,$9,$6,$37,$135,$-27,$0,$-40,$0,$0,$0,$0,$-66,$0,$0,$0,$-1,$-1,$-9,$-1,$-11,$57,$3,$-9
8,2016-09-30,58.98,$27.99,2.11,$44.78,1.32,$8.24,7.16,$2.02,29.2,$0.59B,$0.19B,3.11,$0.01B,$0.65B,0.01,$1.04B,$0.25B,23.65%,$1.04B,$0.07B,6.95%,$1.04B,$0.07B,6.95%,$1.04B,$0.10B,9.36%,$1.04B,$0.07B,7.05%,$1.04B,$0.05B,4.54%,$0.05B,$0.65B,7.46%,$0.05B,$0.60B,7.92%,$0.05B,$0.86B,5.66%,$0.07B,$0.65B,11.33%,$248,$192,$55,$0,$44,$236,$11,$0,$12,$5,$7,$7,$7,$18,$11,$23,23,$0.30,$0.30,$53,$400,$0,$591,$178,$14,$42,$37,$271,$862,$190,$5,$20,$27,$217,$5,$527,$-25,$645,$862,$43,$18,$12,$30,$-5,$-8,$3,$39,$24,$97,$-17,$0,$-40,$0,$0,$0,$-0,$-57,$-4,$0,$-4,$-0,$-0,$-7,$-2,$-13,$27,$2,$-7
9,2016-06-30,55.23,$27.76,1.99,$43.21,1.28,$5.09,10.84,$1.82,30.34,$0.61B,$0.18B,3.39,$0.01B,$0.64B,0.01,$1.00B,$0.24B,23.52%,$1.00B,$0.07B,6.51%,$1.00B,$0.07B,6.51%,$1.00B,$0.09B,8.91%,$1.00B,$0.07B,6.51%,$1.00B,$0.04B,4.20%,$0.04B,$0.64B,6.75%,$0.04B,$0.61B,7.14%,$0.04B,$0.85B,5.17%,$0.07B,$0.65B,10.36%,$294,$221,$73,$0,$45,$266,$28,$-0,$28,$10,$18,$18,$18,$34,$28,$23,23,$0.79,$0.79,$70,$379,$0,$607,$173,$13,$29,$25,$240,$847,$179,$6,$20,$28,$207,$5,$522,$-25,$640,$847,$36,$12,$6,$18,$-26,$5,$6,$25,$10,$64,$-13,$0,$0,$0,$0,$0,$-0,$-13,$-1,$0,$-1,$-0,$-0,$-5,$-2,$-7,$43,$1,$-5
10,2016-03-31,45.8,$27.18,1.69,$42.08,1.09,$3.06,14.95,$1.54,29.74,$0.60B,$0.18B,3.29,$0.01B,$0.63B,0.01,$0.97B,$0.22B,23.02%,$0.97B,$0.06B,5.76%,$0.97B,$0.06B,5.76%,$0.97B,$0.08B,8.22%,$0.97B,$0.06B,5.76%,$0.97B,$0.04B,3.70%,$0.04B,$0.63B,5.84%,$0.04B,$0.60B,6.18%,$0.04B,$0.84B,4.49%,$0.06B,$0.63B,9.00%,$279,$207,$72,$0,$44,$251,$28,$0,$28,$11,$18,$18,$18,$34,$28,$23,23,$0.77,$0.77,$64,$390,$0,$600,$171,$12,$30,$22,$236,$836,$183,$6,$18,$27,$210,$5,$506,$-22,$626,$836,$18,$6,$4,$10,$-18,$-5,$8,$25,$18,$45,$-5,$0,$0,$0,$0,$0,$-0,$-5,$0,$0,$0,$-0,$-0,$-2,$-1,$-3,$37,$1,$-2
11,2015-12-31,39.85,$26.53,1.5,$42.53,0.94,$1.32,30.19,$1.42,28.07,$0.54B,$0.14B,3.82,$0.01B,$0.61B,0.01,$0.98B,$0.22B,22.18%,$0.98B,$0.05B,5.09%,$0.98B,$0.05B,5.09%,$0.98B,$0.07B,7.53%,$0.98B,$0.05B,5.29%,$0.98B,$0.03B,3.36%,$0.03B,$0.61B,5.39%,$0.03B,$0.57B,5.71%,$0.03B,$0.78B,4.15%,$0.05B,$0.62B,8.10%,$215,$170,$45,$0,$17,$210,$5,$1,$5,$2,$3,$3,$4,$11,$5,$23,23,$0.16,$0.16,$27,$385,$2,$542,$170,$12,$44,$3,$236,$777,$142,$5,$18,$25,$167,$5,$491,$-24,$610,$777,$32,$24,$8,$33,$3,$-6,$-11,$-4,$-34,$31,$-11,$0,$0,$0,$0,$0,$0,$-11,$1,$0,$1,$2,$2,$-9,$0,$-6,$12,$1,$-9
12,2015-09-30,32.73,$26.64,1.23,$43.59,0.75,$0.24,136.15,$1.63,20.08,$0.56B,$0.14B,4.03,$0.00B,$0.61B,0.01,$1.01B,$0.23B,22.42%,$1.01B,$0.06B,5.65%,$1.01B,$0.06B,5.65%,$1.01B,$0.08B,8.04%,$1.01B,$0.06B,5.85%,$1.01B,$0.04B,3.77%,$0.04B,$0.61B,6.24%,$0.04B,$0.58B,6.63%,$0.04B,$0.79B,4.74%,$0.06B,$0.62B,9.28%,$211,$166,$45,$0,$41,$207,$4,$0,$4,$2,$2,$2,$2,$10,$4,$23,23,$0.10,$0.10,$16,$385,$0,$556,$171,$12,$31,$18,$231,$787,$138,$4,$19,$37,$175,$5,$493,$-23,$612,$787,$29,$18,$4,$22,$3,$4,$-15,$-7,$-29,$22,$-15,$0,$0,$0,$0,$0,$1,$-14,$0,$0,$0,$2,$2,$-7,$-1,$-6,$1,$1,$-7
13,2015-06-30,40.74,$26.94,1.51,$43.98,0.93,$-0.28,0.0,$1.61,25.3,$0.57B,$0.15B,3.91,$0.01B,$0.62B,0.01,$1.02B,$0.22B,22.03%,$1.02B,$0.06B,5.60%,$1.02B,$0.06B,5.60%,$1.02B,$0.08B,8.06%,$1.02B,$0.06B,5.90%,$1.02B,$0.04B,3.74%,$0.04B,$0.62B,6.28%,$0.04B,$0.59B,6.68%,$0.04B,$0.80B,4.74%,$0.06B,$0.63B,9.35%,$268,$206,$62,$0,$43,$249,$19,$-0,$19,$7,$12,$12,$12,$25,$19,$23,23,$0.51,$0.51,$19,$383,$0,$567,$175,$11,$32,$19,$237,$804,$145,$6,$20,$40,$185,$5,$493,$-17,$619,$804,$27,$12,$2,$14,$-10,$5,$-9,$-8,$-26,$14,$-10,$0,$0,$0,$0,$0,$1,$-10,$2,$0,$2,$2,$2,$-5,$-1,$-1,$3,$1,$-5
14,2015-03-31,41.67,$26.44,1.58,$44.39,0.94,$-0.47,0.0,$1.73,24.09,$0.57B,$0.17B,3.43,$0.01B,$0.61B,0.01,$1.03B,$0.22B,21.83%,$1.03B,$0.06B,5.85%,$1.03B,$0.06B,5.85%,$1.03B,$0.09B,8.28%,$1.03B,$0.06B,6.24%,$1.03B,$0.04B,3.90%,$0.04B,$0.61B,6.65%,$0.04B,$0.58B,7.08%,$0.04B,$0.81B,4.99%,$0.06B,$0.61B,9.93%,$289,$223,$66,$0,$44,$267,$22,$1,$24,$9,$15,$15,$15,$28,$22,$23,23,$0.66,$0.65,$15,$389,$0,$568,$185,$11,$31,$19,$246,$814,$166,$5,$20,$40,$206,$5,$483,$-19,$608,$814,$15,$6,$3,$9,$-22,$-0,$5,$-7,$-17,$7,$-7,$0,$0,$0,$0,$0,$0,$-7,$1,$0,$1,$2,$2,$-2,$-0,$1,$-1,$0,$-2
15,2014-12-31,38.11,$26.00,1.47,$42.23,0.9,$-0.77,0.0,$1.49,25.58,$0.55B,$0.16B,3.41,$0.01B,$0.60B,0.01,$0.98B,$0.22B,22.03%,$0.98B,$0.05B,5.23%,$0.98B,$0.05B,5.23%,$0.98B,$0.08B,7.79%,$0.98B,$0.05B,5.53%,$0.98B,$0.04B,3.59%,$0.04B,$0.60B,5.87%,$0.04B,$0.55B,6.20%,$0.04B,$0.80B,4.42%,$0.05B,$0.60B,8.52%,$240,$186,$53,$0,$19,$227,$12,$0,$12,$4,$8,$8,$9,$18,$12,$23,23,$0.37,$0.37,$15,$388,$7,$550,$188,$11,$49,$3,$252,$802,$161,$7,$21,$45,$206,$5,$467,$-13,$596,$802,$34,$24,$12,$36,$-7,$-42,$11,$-0,$-51,$19,$-24,$0,$-35,$16,$0,$16,$0,$-43,$10,$0,$10,$2,$2,$-9,$-0,$2,$-23,$1,$-9
16,2014-09-30,35.26,$26.10,1.35,$41.56,0.85,$-1.47,0.0,$1.48,23.83,$0.53B,$0.15B,3.54,$0.00B,$0.60B,0.0,$0.96B,$0.21B,21.77%,$0.96B,$0.05B,5.21%,$0.96B,$0.05B,5.21%,$0.96B,$0.07B,7.71%,$0.96B,$0.05B,5.63%,$0.96B,$0.03B,3.54%,$0.03B,$0.60B,5.73%,$0.03B,$0.57B,5.99%,$0.03B,$0.79B,4.36%,$0.05B,$0.60B,8.43%,$220,$177,$43,$0,$39,$216,$4,$1,$5,$3,$2,$2,$2,$11,$4,$23,23,$0.08,$0.08,$16,$370,$0,$532,$190,$12,$33,$22,$257,$789,$150,$0,$24,$40,$190,$5,$464,$-8,$598,$789,$26,$18,$8,$26,$-8,$-19,$2,$-2,$-39,$13,$-18,$0,$-35,$16,$0,$16,$0,$-37,$8,$0,$8,$0,$0,$-7,$1,$2,$-22,$1,$-7
17,2014-06-30,42.33,$26.35,1.61,$41.27,1.03,$-1.91,0.0,$1.68,25.19,$0.54B,$0.16B,3.35,$0.00B,$0.60B,0.0,$0.95B,$0.21B,22.25%,$0.95B,$0.06B,5.77%,$0.95B,$0.06B,5.77%,$0.95B,$0.08B,8.18%,$0.95B,$0.06B,6.19%,$0.95B,$0.04B,4.09%,$0.04B,$0.60B,6.64%,$0.04B,$0.57B,6.90%,$0.04B,$0.80B,5.07%,$0.06B,$0.60B,9.37%,$277,$215,$62,$0,$40,$255,$22,$1,$23,$8,$14,$14,$14,$28,$22,$23,23,$0.64,$0.63,$20,$364,$0,$536,$194,$12,$33,$28,$267,$803,$160,$0,$22,$39,$199,$5,$465,$-3,$604,$803,$24,$12,$7,$19,$-23,$-13,$6,$7,$-30,$13,$-13,$0,$-35,$16,$0,$16,$0,$-32,$5,$0,$5,$0,$0,$-5,$1,$2,$-17,$1,$-5
18,2014-03-31,42.25,$25.73,1.64,$40.02,1.06,$-2.84,0.0,$1.53,27.61,$0.55B,$0.15B,3.57,$0.00B,$0.59B,0.0,$0.92B,$0.21B,22.19%,$0.92B,$0.05B,5.52%,$0.92B,$0.05B,5.52%,$0.92B,$0.07B,7.90%,$0.92B,$0.05B,5.84%,$0.92B,$0.04B,3.90%,$0.04B,$0.59B,6.23%,$0.04B,$0.57B,6.42%,$0.04B,$0.78B,4.78%,$0.05B,$0.59B,8.83%,$239,$182,$57,$0,$43,$225,$13,$1,$14,$5,$10,$10,$10,$19,$13,$23,23,$0.42,$0.41,$46,$361,$0,$545,$188,$12,$15,$14,$229,$775,$153,$0,$18,$32,$185,$5,$453,$-5,$589,$775,$10,$6,$2,$8,$-14,$-19,$14,$1,$-16,$1,$-8,$0,$0,$16,$0,$16,$0,$8,$2,$0,$2,$0,$0,$-2,$1,$1,$9,$0,$-2
19,2013-12-31,37.08,$25.40,1.46,$40.43,0.92,$-2.90,0.0,$1.69,21.94,$0.52B,$0.13B,3.91,$0.00B,$0.58B,0.0,$0.93B,$0.21B,22.19%,$0.93B,$0.06B,6.00%,$0.93B,$0.06B,6.00%,$0.93B,$0.08B,8.36%,$0.93B,$0.06B,6.32%,$0.93B,$0.04B,4.18%,$0.04B,$0.58B,6.84%,$0.04B,$0.56B,7.04%,$0.04B,$0.75B,5.22%,$0.06B,$0.58B,9.82%,$224,$177,$47,$0,$19,$213,$11,$1,$12,$3,$8,$8,$8,$16,$11,$23,23,$0.36,$0.36,$53,$342,$4,$522,$185,$12,$22,$2,$227,$749,$134,$1,$17,$35,$169,$5,$445,$-5,$581,$749,$39,$22,$11,$33,$-9,$-37,$1,$-12,$-67,$6,$-27,$0,$0,$-15,$0,$-15,$0,$-42,$0,$0,$0,$1,$1,$-7,$-1,$-7,$-45,$1,$-7
20,2013-09-30,34.41,$25.10,1.37,$40.60,0.85,$-1.84,0.0,$1.80,19.12,$0.52B,$0.14B,3.63,$0.00B,$0.57B,0.0,$0.94B,$0.21B,22.31%,$0.94B,$0.05B,5.76%,$0.94B,$0.05B,5.76%,$0.94B,$0.08B,8.22%,$0.94B,$0.06B,6.08%,$0.94B,$0.04B,4.48%,$0.04B,$0.57B,7.46%,$0.04B,$0.56B,7.66%,$0.04B,$0.75B,5.65%,$0.05B,$0.57B,9.59%,$213,$167,$46,$0,$37,$204,$9,$1,$10,$3,$7,$7,$7,$15,$9,$23,23,$0.29,$0.28,$63,$340,$0,$522,$187,$12,$15,$15,$229,$750,$144,$0,$19,$33,$176,$5,$439,$-5,$574,$750,$31,$17,$8,$25,$-9,$-27,$2,$-5,$-49,$7,$-22,$0,$0,$-15,$0,$-15,$0,$-37,$0,$0,$0,$0,$0,$-5,$1,$-3,$-35,$1,$-5
21,2013-06-30,32.72,$24.77,1.32,$40.84,0.8,$-2.18,0.0,$1.82,17.98,$0.51B,$0.14B,3.66,$0.00B,$0.57B,0.0,$0.94B,$0.21B,22.29%,$0.94B,$0.05B,5.73%,$0.94B,$0.05B,5.73%,$0.94B,$0.08B,8.17%,$0.94B,$0.06B,6.05%,$0.94B,$0.04B,4.46%,$0.04B,$0.57B,7.50%,$0.04B,$0.55B,7.71%,$0.04B,$0.74B,5.66%,$0.05B,$0.57B,9.65%,$248,$193,$55,$0,$38,$230,$18,$-0,$18,$6,$11,$11,$11,$23,$18,$23,23,$0.49,$0.48,$58,$319,$0,$511,$185,$11,$15,$16,$227,$738,$140,$0,$18,$33,$172,$5,$432,$-5,$566,$738,$24,$11,$4,$15,$-14,$-10,$-0,$-14,$-46,$-7,$-15,$0,$0,$-15,$0,$-15,$0,$-30,$0,$0,$0,$-0,$-0,$-2,$1,$-1,$-40,$1,$-2
22,2013-03-31,33.23,$24.54,1.35,$40.43,0.82,$-2.21,0.0,$1.79,18.57,$0.53B,$0.16B,3.27,$0.00B,$0.56B,0.0,$0.93B,$0.21B,22.32%,$0.93B,$0.05B,5.47%,$0.93B,$0.05B,5.47%,$0.93B,$0.07B,7.94%,$0.93B,$0.05B,5.79%,$0.93B,$0.04B,4.40%,$0.04B,$0.56B,7.37%,$0.04B,$0.55B,7.57%,$0.04B,$0.75B,5.52%,$0.05B,$0.56B,9.16%,$248,$189,$59,$0,$40,$230,$18,$1,$19,$6,$13,$13,$13,$24,$18,$23,23,$0.58,$0.57,$73,$322,$0,$527,$186,$10,$15,$16,$227,$754,$161,$0,$18,$32,$193,$5,$424,$-1,$561,$754,$13,$5,$4,$9,$-16,$-13,$5,$-0,$-22,$1,$-9,$0,$0,$0,$0,$0,$0,$-9,$0,$0,$0,$0,$0,$0,$1,$1,$-8,$0,$0
23,2012-12-31,31.74,$24.16,1.31,$40.62,0.78,$-2.56,0.0,$1.75,18.14,$0.50B,$0.15B,3.46,$0.00B,$0.55B,0.0,$0.94B,$0.21B,22.22%,$0.94B,$0.05B,5.45%,$0.94B,$0.05B,5.45%,$0.94B,$0.07B,7.91%,$0.94B,$0.05B,5.77%,$0.94B,$0.04B,4.27%,$0.04B,$0.55B,7.25%,$0.04B,$0.54B,7.45%,$0.04B,$0.73B,5.44%,$0.05B,$0.55B,9.24%,$228,$179,$49,$0,$19,$218,$9,$1,$10,$4,$6,$6,$11,$15,$9,$23,23,$0.50,$0.49,$82,$313,$1,$504,$183,$10,$15,$10,$225,$729,$146,$0,$17,$33,$178,$5,$413,$1,$551,$729,$41,$23,$14,$37,$8,$-41,$-6,$2,$-49,$29,$-26,$0,$43,$0,$0,$0,$0,$17,$0,$0,$0,$0,$0,$-23,$0,$-22,$23,$1,$-23
24,2012-09-30,28.98,$24.60,1.18,$40.15,0.72,$-2.84,0.0,$1.63,17.78,$0.51B,$0.15B,3.34,$0.00B,$0.56B,0.0,$0.92B,$0.21B,22.40%,$0.92B,$0.06B,5.95%,$0.92B,$0.06B,5.95%,$0.92B,$0.08B,8.33%,$0.92B,$0.06B,6.28%,$0.92B,$0.04B,4.11%,$0.04B,$0.56B,6.95%,$0.04B,$0.55B,7.15%,$0.04B,$0.75B,5.19%,$0.06B,$0.56B,10.06%,$218,$171,$47,$0,$38,$210,$9,$1,$10,$3,$7,$7,$7,$15,$9,$23,23,$0.30,$0.30,$36,$341,$0,$512,$193,$10,$15,$17,$235,$747,$153,$0,$17,$33,$187,$5,$422,$1,$561,$747,$30,$18,$13,$30,$-7,$-47,$-6,$3,$-66,$-6,$-17,$0,$0,$0,$0,$0,$0,$-17,$0,$0,$0,$0,$0,$0,$0,$1,$-22,$1,$0
25,2012-06-30,28.12,$24.26,1.16,$40.00,0.7,$-3.32,0.0,$1.67,16.84,$0.51B,$0.16B,3.28,$0.00B,$0.55B,0.0,$0.92B,$0.21B,22.37%,$0.92B,$0.06B,5.97%,$0.92B,$0.06B,5.97%,$0.92B,$0.08B,8.25%,$0.92B,$0.06B,6.19%,$0.92B,$0.04B,4.23%,$0.04B,$0.55B,7.27%,$0.04B,$0.54B,7.47%,$0.04B,$0.74B,5.43%,$0.06B,$0.55B,10.25%,$238,$185,$53,$0,$38,$224,$15,$1,$15,$6,$10,$10,$10,$20,$15,$23,23,$0.46,$0.45,$36,$322,$0,$506,$191,$10,$15,$18,$234,$741,$155,$0,$17,$33,$188,$5,$416,$0,$553,$741,$23,$12,$9,$21,$-18,$-27,$-3,$4,$-55,$-12,$-11,$0,$0,$0,$0,$0,$0,$-11,$0,$0,$0,$0,$0,$0,$0,$1,$-22,$0,$0
26,2012-03-31,33.44,$23.84,1.4,$40.43,0.83,$-3.28,0.0,$1.83,18.27,$0.49B,$0.15B,3.3,$0.00B,$0.54B,0.0,$0.93B,$0.22B,23.09%,$0.93B,$0.06B,6.55%,$0.93B,$0.06B,6.55%,$0.93B,$0.08B,8.81%,$0.93B,$0.06B,6.77%,$0.93B,$0.04B,4.62%,$0.04B,$0.54B,8.14%,$0.04B,$0.53B,8.37%,$0.04B,$0.73B,6.09%,$0.06B,$0.54B,11.55%,$252,$193,$59,$0,$40,$234,$18,$1,$19,$7,$12,$12,$12,$24,$18,$23,23,$0.54,$0.53,$42,$313,$0,$491,$191,$10,$15,$19,$235,$726,$149,$0,$18,$34,$183,$5,$405,$2,$543,$726,$12,$6,$6,$12,$-11,$-18,$1,$-6,$-36,$-12,$-5,$0,$0,$0,$0,$0,$0,$-5,$0,$0,$0,$0,$0,$0,$-1,$-0,$-16,$0,$0
27,2011-12-31,29.53,$23.30,1.27,$39.55,0.75,$-3.19,0.0,$1.74,16.97,$0.49B,$0.15B,3.15,$0.00B,$0.53B,0.0,$0.91B,$0.21B,23.21%,$0.91B,$0.06B,6.38%,$0.91B,$0.06B,6.38%,$0.91B,$0.08B,8.58%,$0.91B,$0.06B,6.60%,$0.91B,$0.04B,4.51%,$0.04B,$0.53B,7.92%,$0.04B,$0.51B,8.14%,$0.04B,$0.72B,5.91%,$0.06B,$0.53B,11.20%,$216,$168,$48,$0,$17,$203,$13,$1,$14,$6,$8,$8,$9,$18,$13,$23,23,$0.39,$0.37,$58,$299,$3,$486,$188,$10,$15,$19,$231,$717,$154,$0,$18,$34,$188,$5,$393,$1,$529,$717,$41,$19,$19,$39,$-25,$-33,$9,$6,$-47,$32,$-36,$1,$-33,$0,$0,$0,$0,$-69,$0,$0,$0,$1,$1,$0,$0,$1,$-37,$3,$0
28,2011-09-30,26.84,$22.99,1.17,$37.00,0.73,$-0.80,0.0,$1.65,16.27,$0.47B,$0.14B,3.43,$0.00B,$0.52B,0.0,$0.85B,$0.20B,23.88%,$0.85B,$0.06B,6.47%,$0.85B,$0.06B,6.47%,$0.85B,$0.07B,8.71%,$0.85B,$0.06B,6.59%,$0.85B,$0.04B,4.47%,$0.04B,$0.52B,7.47%,$0.04B,$0.51B,7.68%,$0.04B,$0.69B,5.62%,$0.06B,$0.52B,10.81%,$215,$168,$46,$0,$37,$206,$9,$0,$9,$1,$8,$8,$8,$14,$9,$23,23,$0.34,$0.34,$52,$290,$0,$472,$178,$9,$14,$16,$217,$689,$138,$0,$13,$30,$167,$5,$385,$2,$522,$689,$32,$14,$15,$29,$-22,$-37,$1,$3,$-66,$-5,$-29,$0,$-3,$0,$0,$0,$-5,$-37,$0,$0,$0,$0,$0,$0,$0,$1,$-43,$2,$0
29,2011-06-30,33.9,$22.86,1.48,$35.46,0.96,$2.35,14.41,$1.63,20.8,$0.48B,$0.14B,3.41,$0.00B,$0.52B,0.0,$0.81B,$0.20B,24.48%,$0.81B,$0.06B,6.89%,$0.81B,$0.06B,6.89%,$0.81B,$0.08B,9.23%,$0.81B,$0.06B,7.13%,$0.81B,$0.04B,4.55%,$0.04B,$0.52B,7.41%,$0.04B,$0.51B,7.62%,$0.04B,$0.69B,5.59%,$0.06B,$0.52B,11.22%,$248,$186,$62,$0,$39,$227,$21,$0,$21,$7,$14,$14,$14,$26,$21,$23,23,$0.62,$0.61,$73,$281,$0,$483,$175,$11,$14,$9,$208,$691,$142,$0,$15,$31,$173,$5,$377,$7,$518,$691,$24,$9,$10,$20,$-24,$-28,$5,$3,$-47,$-3,$-19,$0,$0,$0,$0,$0,$0,$-19,$0,$0,$0,$0,$0,$0,$0,$1,$-21,$2,$0
30,2011-03-31,34.18,$22.16,1.54,$33.85,1.01,$5.11,6.69,$1.47,23.25,$0.47B,$0.15B,3.28,$0.00B,$0.50B,0.0,$0.77B,$0.18B,23.77%,$0.77B,$0.05B,6.59%,$0.77B,$0.05B,6.59%,$0.77B,$0.07B,9.04%,$0.77B,$0.05B,6.85%,$0.77B,$0.03B,4.26%,$0.03B,$0.50B,6.77%,$0.03B,$0.49B,6.97%,$0.03B,$0.68B,5.14%,$0.05B,$0.50B,10.46%,$230,$175,$55,$0,$39,$215,$15,$0,$16,$5,$10,$10,$10,$20,$15,$23,23,$0.45,$0.44,$80,$273,$0,$474,$168,$13,$14,$9,$203,$677,$145,$0,$13,$30,$175,$5,$363,$6,$502,$677,$10,$5,$3,$8,$-20,$-20,$8,$2,$-28,$-10,$-4,$0,$0,$0,$0,$0,$0,$-4,$0,$0,$0,$-0,$-0,$0,$0,$-0,$-14,$1,$0
31,2010-12-31,29.71,$21.76,1.37,$32.30,0.92,$6.08,4.89,$1.42,20.92,$0.45B,$0.13B,3.43,$0.00B,$0.49B,0.0,$0.74B,$0.18B,23.74%,$0.74B,$0.05B,6.65%,$0.74B,$0.05B,6.65%,$0.74B,$0.07B,9.23%,$0.74B,$0.05B,6.92%,$0.74B,$0.03B,4.34%,$0.03B,$0.49B,6.70%,$0.03B,$0.48B,6.90%,$0.03B,$0.65B,5.13%,$0.05B,$0.49B,10.26%,$157,$117,$40,$0,$14,$147,$10,$0,$10,$3,$7,$7,$6,$14,$10,$23,23,$0.26,$0.26,$95,$253,$2,$448,$168,$12,$14,$8,$202,$650,$130,$0,$14,$26,$157,$5,$353,$8,$493,$650,$33,$19,$16,$35,$-12,$-2,$7,$13,$-5,$62,$-11,$0,$0,$0,$0,$0,$0,$-11,$0,$0,$0,$1,$1,$0,$1,$2,$54,$2,$0
32,2010-09-30,26.15,$21.36,1.22,$33.28,0.79,$5.26,4.98,$0.47,55.64,$0.43B,$0.12B,3.6,$0.00B,$0.48B,0.0,$0.76B,$0.17B,21.90%,$0.76B,$0.02B,2.77%,$0.76B,$0.02B,2.77%,$0.76B,$0.04B,5.41%,$0.76B,$0.02B,3.17%,$0.76B,$0.01B,1.45%,$0.01B,$0.48B,2.35%,$0.01B,$0.47B,2.43%,$0.01B,$0.63B,1.81%,$0.02B,$0.48B,4.49%,$178,$136,$42,$0,$32,$168,$10,$0,$11,$3,$7,$7,$7,$15,$10,$23,23,$0.33,$0.32,$81,$242,$0,$428,$168,$11,$14,$9,$202,$630,$119,$0,$15,$28,$147,$5,$347,$6,$483,$630,$27,$14,$15,$29,$-20,$0,$3,$5,$-10,$46,$-7,$0,$0,$0,$0,$0,$0,$-7,$0,$0,$0,$1,$1,$0,$0,$1,$41,$1,$0
33,2010-06-30,25.42,$20.89,1.22,$32.80,0.78,$4.73,5.37,$0.30,84.73,$0.41B,$0.11B,3.7,$0.00B,$0.47B,0.0,$0.75B,$0.16B,21.31%,$0.75B,$0.02B,2.01%,$0.75B,$0.02B,2.01%,$0.75B,$0.04B,4.69%,$0.75B,$0.02B,2.41%,$0.75B,$0.01B,0.94%,$0.01B,$0.47B,1.51%,$0.01B,$0.46B,1.57%,$0.01B,$0.61B,1.16%,$0.02B,$0.47B,3.24%,$209,$163,$47,$0,$31,$193,$16,$-0,$16,$6,$10,$10,$10,$21,$16,$23,23,$0.46,$0.45,$82,$224,$0,$409,$168,$12,$14,$8,$202,$611,$110,$0,$15,$29,$139,$5,$340,$3,$472,$611,$19,$10,$9,$19,$-17,$20,$1,$10,$7,$45,$-4,$0,$0,$0,$0,$0,$0,$-4,$0,$0,$0,$1,$1,$0,$0,$1,$42,$1,$0
34,2010-03-31,26.55,$20.50,1.29,$31.94,0.83,$2.45,10.82,$0.19,139.72,$0.40B,$0.11B,3.66,$0.00B,$0.46B,0.0,$0.73B,$0.16B,21.35%,$0.73B,$0.01B,1.38%,$0.73B,$0.01B,1.38%,$0.73B,$0.03B,4.13%,$0.73B,$0.01B,1.93%,$0.73B,$0.01B,0.69%,$0.01B,$0.46B,1.09%,$0.01B,$0.45B,1.14%,$0.01B,$0.60B,0.83%,$0.01B,$0.46B,2.17%,$193,$147,$46,$0,$33,$180,$13,$0,$14,$5,$9,$9,$9,$18,$13,$22,23,$0.39,$0.39,$49,$246,$0,$399,$169,$12,$14,$8,$204,$603,$109,$0,$18,$31,$141,$5,$329,$5,$463,$603,$9,$5,$4,$8,$-15,$1,$6,$3,$-8,$10,$-2,$0,$0,$0,$0,$0,$0,$-2,$0,$0,$0,$0,$0,$0,$0,$0,$9,$1,$0
35,2009-12-31,24.7,$20.06,1.23,$32.50,0.76,$1.50,16.42,$0.13,189.96,$0.38B,$0.11B,3.62,$0.00B,$0.45B,0.0,$0.74B,$0.15B,20.73%,$0.74B,$0.01B,1.22%,$0.74B,$0.01B,1.22%,$0.74B,$0.03B,3.93%,$0.74B,$0.01B,1.63%,$0.74B,$0.00B,0.41%,$0.00B,$0.45B,0.66%,$0.00B,$0.44B,0.70%,$0.00B,$0.59B,0.50%,$0.01B,$0.45B,1.97%,$178,$147,$31,$0,$14,$196,$-18,$0,$-17,$-2,$-15,$-15,$-15,$-13,$-18,$22,23,$-0.69,$-0.68,$40,$249,$2,$384,$172,$12,$14,$9,$207,$591,$106,$0,$17,$32,$139,$5,$321,$5,$452,$591,$3,$19,$28,$47,$8,$41,$-16,$-18,$-0,$49,$-17,$0,$-0,$0,$0,$0,$0,$-18,$0,$-3,$-3,$1,$1,$0,$-1,$-3,$31,$1,$0
36,2009-09-30,23.35,$20.66,1.13,$33.33,0.7,$-1.22,0.0,$1.20,19.46,$0.39B,$0.11B,3.45,$0.00B,$0.47B,0.0,$0.76B,$0.16B,21.72%,$0.76B,$0.03B,4.50%,$0.76B,$0.03B,4.50%,$0.76B,$0.05B,7.15%,$0.76B,$0.04B,5.56%,$0.76B,$0.03B,3.58%,$0.03B,$0.47B,5.96%,$0.03B,$0.44B,6.38%,$0.03B,$0.61B,4.45%,$0.03B,$0.47B,7.50%,$166,$131,$35,$0,$30,$162,$4,$0,$5,$1,$3,$3,$3,$9,$4,$22,23,$0.15,$0.15,$36,$264,$0,$387,$170,$11,$31,$8,$219,$606,$112,$0,$14,$28,$141,$5,$336,$3,$466,$606,$19,$14,$11,$25,$9,$19,$-15,$-7,$-5,$39,$-12,$0,$-0,$0,$0,$0,$0,$-12,$0,$-3,$-3,$1,$1,$0,$-1,$-3,$26,$1,$0
37,2009-06-30,27.22,$20.43,1.33,$36.53,0.75,$-2.27,0.0,$1.76,15.46,$0.39B,$0.12B,3.34,$0.00B,$0.46B,0.0,$0.83B,$0.19B,22.76%,$0.83B,$0.06B,6.66%,$0.83B,$0.06B,6.66%,$0.83B,$0.07B,8.96%,$0.83B,$0.06B,7.51%,$0.83B,$0.04B,4.84%,$0.04B,$0.46B,8.97%,$0.04B,$0.43B,9.60%,$0.04B,$0.61B,6.59%,$0.06B,$0.46B,12.34%,$189,$146,$43,$0,$32,$178,$11,$1,$12,$4,$8,$8,$8,$16,$11,$22,23,$0.35,$0.34,$10,$267,$0,$387,$170,$10,$30,$8,$218,$605,$116,$0,$15,$29,$145,$5,$333,$1,$460,$605,$15,$10,$8,$18,$-12,$17,$-14,$-15,$-35,$-2,$-9,$0,$-0,$0,$0,$0,$0,$-9,$0,$8,$8,$0,$0,$0,$0,$9,$0,$1,$0
38,2009-03-31,24.04,$19.85,1.21,$40.49,0.59,$-1.60,0.0,$2.35,10.23,$0.39B,$0.13B,2.97,$0.00B,$0.45B,0.0,$0.92B,$0.21B,23.06%,$0.92B,$0.08B,8.42%,$0.92B,$0.08B,8.42%,$0.92B,$0.10B,10.38%,$0.92B,$0.08B,9.07%,$0.92B,$0.05B,5.79%,$0.05B,$0.45B,12.19%,$0.05B,$0.42B,13.03%,$0.05B,$0.61B,8.76%,$0.08B,$0.45B,17.71%,$205,$162,$44,$0,$31,$193,$12,$-0,$12,$5,$7,$7,$7,$17,$12,$22,23,$0.33,$0.33,$11,$278,$0,$389,$168,$9,$29,$10,$216,$605,$131,$0,$14,$28,$159,$5,$325,$-4,$447,$605,$7,$5,$4,$9,$-5,$7,$-9,$-12,$-26,$-10,$-4,$0,$0,$0,$0,$0,$0,$-4,$0,$15,$15,$0,$0,$0,$0,$15,$1,$0,$0
39,2008-12-31,28.72,$19.55,1.47,$43.10,0.67,$-1.24,0.0,$2.80,10.26,$0.40B,$0.14B,2.75,$0.00B,$0.44B,0.0,$0.97B,$0.23B,23.95%,$0.97B,$0.09B,9.46%,$0.97B,$0.09B,9.46%,$0.97B,$0.11B,11.31%,$0.97B,$0.10B,10.17%,$0.97B,$0.06B,6.58%,$0.06B,$0.44B,15.18%,$0.06B,$0.41B,16.22%,$0.06B,$0.61B,10.71%,$0.09B,$0.44B,21.83%,$195,$153,$42,$0,$16,$188,$7,$6,$13,$4,$9,$9,$9,$12,$7,$22,23,$0.37,$0.38,$10,$286,$2,$395,$169,$10,$30,$9,$218,$613,$144,$0,$16,$29,$173,$5,$318,$-3,$440,$613,$63,$17,$19,$36,$11,$-71,$-4,$-2,$-89,$10,$-40,$0,$-18,$0,$17,$17,$0,$-41,$-1,$3,$3,$4,$4,$0,$1,$8,$-25,$2,$0
40,2008-09-30,28.26,$19.49,1.45,$44.28,0.64,$0.40,70.02,$2.92,9.68,$0.39B,$0.14B,2.72,$0.00B,$0.44B,0.0,$1.00B,$0.24B,23.82%,$1.00B,$0.10B,10.21%,$1.00B,$0.10B,10.21%,$1.00B,$0.12B,11.91%,$1.00B,$0.10B,10.41%,$1.00B,$0.07B,6.61%,$0.07B,$0.44B,16.27%,$0.07B,$0.41B,17.39%,$0.07B,$0.61B,11.37%,$0.10B,$0.44B,25.14%,$237,$179,$59,$0,$34,$213,$25,$-0,$25,$9,$16,$16,$16,$29,$25,$22,23,$0.72,$0.71,$29,$249,$0,$389,$148,$27,$26,$16,$216,$605,$143,$0,$13,$26,$169,$4,$309,$7,$436,$605,$55,$13,$16,$29,$-7,$-41,$0,$-5,$-61,$22,$-19,$0,$-8,$0,$0,$0,$0,$-27,$0,$0,$0,$1,$1,$0,$0,$1,$-6,$2,$0
41,2008-06-30,29.46,$18.60,1.58,$42.91,0.69,$1.02,28.8,$2.72,10.83,$0.40B,$0.16B,2.52,$0.00B,$0.42B,0.0,$0.97B,$0.23B,23.55%,$0.97B,$0.09B,9.71%,$0.97B,$0.09B,9.71%,$0.97B,$0.11B,11.47%,$0.97B,$0.10B,9.92%,$0.97B,$0.06B,6.40%,$0.06B,$0.42B,15.98%,$0.06B,$0.39B,17.14%,$0.06B,$0.60B,11.06%,$0.09B,$0.42B,24.23%,$278,$211,$66,$0,$34,$245,$33,$0,$33,$12,$21,$21,$21,$37,$33,$22,23,$0.95,$0.93,$39,$234,$0,$398,$147,$19,$26,$7,$199,$597,$158,$0,$13,$23,$181,$4,$293,$3,$416,$597,$39,$8,$9,$18,$-20,$-25,$9,$4,$-38,$19,$-14,$0,$0,$0,$0,$0,$0,$-14,$0,$0,$0,$1,$1,$0,$0,$2,$5,$1,$0
42,2008-03-31,35.53,$17.62,2.02,$40.74,0.87,$1.71,20.73,$2.62,13.56,$0.38B,$0.16B,2.39,$0.00B,$0.39B,0.0,$0.92B,$0.22B,24.13%,$0.92B,$0.09B,9.83%,$0.92B,$0.09B,9.83%,$0.92B,$0.11B,11.57%,$0.92B,$0.09B,10.04%,$0.92B,$0.06B,6.55%,$0.06B,$0.39B,16.19%,$0.06B,$0.37B,17.35%,$0.06B,$0.58B,11.25%,$0.09B,$0.39B,24.29%,$263,$197,$66,$0,$39,$236,$27,$0,$28,$10,$18,$18,$18,$32,$27,$22,23,$0.79,$0.78,$29,$219,$0,$380,$143,$19,$26,$8,$196,$576,$159,$0,$13,$23,$182,$4,$272,$3,$394,$576,$18,$4,$4,$8,$-28,$-9,$8,$1,$-25,$1,$-6,$0,$0,$0,$0,$0,$0,$-6,$0,$0,$0,$1,$1,$0,$0,$1,$-5,$1,$0
43,2007-12-31,34.09,$16.89,2.02,$38.79,0.88,$2.29,14.89,$2.53,13.47,$0.35B,$0.14B,2.42,$0.00B,$0.38B,0.0,$0.87B,$0.21B,24.05%,$0.87B,$0.09B,10.01%,$0.87B,$0.09B,10.01%,$0.87B,$0.10B,11.62%,$0.87B,$0.09B,10.13%,$0.87B,$0.06B,6.56%,$0.06B,$0.38B,16.23%,$0.06B,$0.35B,17.38%,$0.06B,$0.54B,11.27%,$0.09B,$0.38B,24.77%,$221,$174,$47,$0,$15,$204,$17,$1,$18,$7,$11,$11,$11,$21,$17,$22,22,$0.51,$0.50,$35,$211,$1,$349,$142,$19,$26,$7,$194,$543,$144,$0,$13,$22,$166,$4,$254,$5,$377,$543,$57,$15,$6,$21,$-11,$-43,$7,$15,$-33,$46,$-38,$0,$-20,$0,$-10,$-10,$0,$-68,$-8,$0,$-8,$15,$15,$0,$4,$12,$-10,$2,$0
44,2007-09-30,52.66,$16.38,3.21,$36.35,1.45,$2.38,22.09,$2.32,22.7,$0.35B,$0.14B,2.5,$0.00B,$0.37B,0.0,$0.81B,$0.20B,24.32%,$0.81B,$0.08B,9.51%,$0.81B,$0.08B,9.51%,$0.81B,$0.09B,11.11%,$0.81B,$0.08B,9.51%,$0.81B,$0.05B,6.42%,$0.05B,$0.37B,15.71%,$0.05B,$0.34B,16.79%,$0.05B,$0.53B,10.94%,$0.08B,$0.37B,23.26%,$206,$158,$49,$0,$32,$190,$17,$0,$17,$5,$12,$12,$12,$21,$17,$22,23,$0.52,$0.51,$48,$202,$0,$347,$137,$0,$26,$17,$180,$527,$139,$0,$14,$23,$162,$4,$243,$5,$365,$527,$45,$11,$9,$20,$-7,$-34,$8,$13,$-18,$47,$-30,$0,$-20,$0,$-7,$-7,$0,$-57,$-8,$0,$-8,$15,$15,$0,$4,$12,$3,$1,$0
45,2007-06-30,38.7,$15.63,2.48,$35.04,1.1,$1.67,23.11,$2.27,17.05,$0.34B,$0.12B,2.77,$0.00B,$0.35B,0.0,$0.78B,$0.19B,24.39%,$0.78B,$0.08B,9.81%,$0.78B,$0.08B,9.81%,$0.78B,$0.09B,11.35%,$0.78B,$0.08B,9.81%,$0.78B,$0.05B,6.45%,$0.05B,$0.35B,16.05%,$0.05B,$0.33B,17.12%,$0.05B,$0.49B,11.26%,$0.08B,$0.35B,24.40%,$226,$167,$59,$0,$30,$198,$29,$1,$29,$11,$19,$19,$19,$32,$29,$22,22,$0.85,$0.83,$72,$167,$0,$335,$121,$0,$20,$12,$153,$488,$121,$0,$13,$21,$142,$4,$231,$4,$346,$488,$34,$7,$4,$12,$-16,$-10,$5,$6,$-11,$34,$-14,$0,$0,$0,$-6,$-6,$0,$-21,$0,$0,$0,$10,$10,$0,$3,$13,$27,$1,$0
46,2007-03-31,36.9,$14.49,2.55,$33.61,1.1,$0.25,145.95,$2.00,18.45,$0.32B,$0.13B,2.53,$0.00B,$0.32B,0.0,$0.74B,$0.18B,23.92%,$0.74B,$0.07B,9.05%,$0.74B,$0.07B,9.05%,$0.74B,$0.08B,10.68%,$0.74B,$0.07B,9.05%,$0.74B,$0.04B,5.81%,$0.04B,$0.32B,14.60%,$0.04B,$0.30B,15.64%,$0.04B,$0.47B,10.23%,$0.07B,$0.32B,22.75%,$216,$161,$54,$0,$31,$192,$24,$0,$24,$9,$15,$15,$15,$27,$24,$22,22,$0.71,$0.69,$57,$165,$0,$322,$118,$0,$19,$6,$143,$465,$128,$0,$12,$21,$148,$4,$213,$2,$317,$465,$15,$4,$2,$6,$-20,$-8,$10,$9,$-6,$15,$-7,$0,$0,$0,$0,$0,$0,$-7,$0,$0,$0,$4,$4,$0,$1,$5,$12,$1,$0
47,2006-12-31,32.18,$13.65,2.36,$32.38,0.99,$-0.43,0.0,$1.81,17.78,$0.28B,$0.11B,2.7,$0.00B,$0.30B,0.0,$0.71B,$0.17B,23.66%,$0.71B,$0.06B,8.45%,$0.71B,$0.06B,8.45%,$0.71B,$0.07B,10.14%,$0.71B,$0.06B,8.45%,$0.71B,$0.04B,5.49%,$0.04B,$0.30B,13.92%,$0.04B,$0.28B,14.94%,$0.04B,$0.42B,9.74%,$0.06B,$0.30B,21.41%,$162,$127,$35,$0,$14,$155,$7,$0,$7,$1,$6,$6,$6,$10,$7,$21,22,$0.29,$0.29,$45,$158,$0,$283,$114,$2,$19,$4,$139,$422,$105,$0,$14,$21,$126,$4,$198,$2,$296,$422,$40,$12,$15,$27,$-14,$-27,$3,$8,$-27,$39,$-30,$0,$0,$0,$0,$0,$0,$-30,$0,$0,$0,$10,$10,$0,$3,$13,$22,$1,$0
