,Date,Stock Price,Book Value per Share,Price to Book Ratio,TTM Sales per Share,Price to Sales Ratio,TTM FCF per Share,Price to FCF Ratio,TTM Net EPS,PE Ratio,Current Assets,Current Liabilities,Current Ratio,Long Term Debt,Shareholder's Equity_x,Debt to Equity Ratio,TTM Revenue_x,TTM Gross Profit,Gross Margin,TTM Revenue_y,TTM Operating Income,Operating Margin,TTM Revenue_x,TTM EBIT,EBIT Margin,TTM Revenue_y,TTM EBITDA,EBITDA Margin,TTM Revenue_x,TTM Pre-Tax Income,Pre-Tax Margin,TTM Revenue_y,TTM Net Income_x,Net Margin,TTM Net Income_y,Shareholder's Equity_y,Return on Equity,TTM Net Income_x,Tangible Equity,Return on Tangible Equity,TTM Net Income_y,Total Assets,Return on Assets,TTM Net Income,LT Investments & Debt,Return on Investment,revenue,cost-goods-sold,gross-profit,research-development-expenses,selling-general-administrative-expenses,operating-expenses,operating-income,total-non-operating-income-expense,pre-tax-income,total-provision-income-taxes,income-after-taxes,income-from-continuous-operations,net-income,ebitda,ebit,basic-shares-outstanding,shares-outstanding,eps-basic-net-earnings-per-share,eps-earnings-per-share-diluted,cash-on-hand,inventory,other-current-assets,total-current-assets,net-property-plant-equipment,long-term-investments,goodwill-intangible-assets-total,other-long-term-assets,total-long-term-assets,total-assets,total-current-liabilities,long-term-debt,other-non-current-liabilities,total-long-term-liabilities,total-liabilities,common-stock-net,retained-earnings-accumulated-deficit,comprehensive-income,total-share-holder-equity,total-liabilities-share-holders-equity,net-income-loss,total-depreciation-amortization-cash-flow,other-non-cash-items,total-non-cash-items,change-in-accounts-receivable,change-in-inventories,change-in-accounts-payable,change-in-assets-liabilities,total-change-in-assets-liabilities,cash-flow-from-operating-activities,net-change-in-property-plant-equipment,net-change-in-intangible-assets,net-acquisitions-divestitures,net-change-in-short-term-investments,net-change-in-long-term-investments,net-change-in-investments-total,investing-activities-other,cash-flow-from-investing-activities,net-long-term-debt,net-current-debt,debt-issuance-retirement-net-total,net-common-equity-issued-repurchased,net-total-equity-issued-repurchased,total-common-preferred-stock-dividends-paid,financial-activities-other,cash-flow-from-financial-activities,net-cash-flow,stock-based-compensation,common-stock-dividends-paid
0,2018-06-30,6.05,$7.10,0.85,$13.76,0.44,$0.41,14.86,$1.45,4.17,$0.13B,$0.05B,2.93,$0.01B,$0.11B,0.08,$0.20B,$0.07B,33.00%,$0.20B,$0.02B,9.36%,$0.20B,$0.02B,9.36%,$0.20B,$0.02B,10.84%,$0.20B,$0.02B,10.84%,$0.20B,$0.02B,10.34%,$0.02B,$0.11B,21.11%,$0.02B,$0.09B,24.71%,$0.02B,$0.16B,12.03%,$0.02B,$0.11B,17.63%,$41,$27,$15,$2,$10,$38,$3,$3,$6,$1,$5,$5,$5,$4,$3,$15,15,$0.33,$0.33,$56,$23,$4,$131,$16,$0,$14,$1,$32,$162,$45,$8,$3,$11,$56,$0,$-12,$-9,$106,$162,$14,$2,$-2,$-0,$-6,$7,$-9,$28,$-17,$-3,$-1,$0,$0,$0,$0,$0,$-0,$-1,$-0,$0,$-0,$2,$2,$0,$0,$2,$-2,$1,$0
1,2018-03-31,7.32,$6.91,1.06,$14.59,0.5,$1.43,5.13,$1.37,5.34,$0.14B,$0.06B,2.42,$0.01B,$0.10B,0.08,$0.21B,$0.07B,32.38%,$0.21B,$0.02B,9.52%,$0.21B,$0.02B,9.52%,$0.21B,$0.02B,10.95%,$0.21B,$0.02B,9.52%,$0.21B,$0.02B,9.05%,$0.02B,$0.10B,21.11%,$0.02B,$0.09B,25.25%,$0.02B,$0.17B,11.11%,$0.02B,$0.11B,20.25%,$33,$21,$12,$2,$9,$33,$0,$-0,$0,$-3,$3,$3,$3,$1,$0,$15,15,$0.19,$0.19,$60,$29,$6,$136,$16,$3,$15,$1,$35,$171,$56,$8,$3,$12,$68,$0,$-17,$-7,$103,$171,$9,$1,$1,$2,$-4,$2,$-3,$26,$-13,$-2,$-1,$0,$0,$0,$0,$0,$0,$-1,$-0,$0,$-0,$1,$1,$0,$0,$1,$-1,$0,$0
2,2017-12-31,10.07,$6.65,1.51,$14.92,0.67,$2.45,4.11,$1.07,9.41,$0.14B,$0.06B,2.35,$0.01B,$0.10B,0.08,$0.21B,$0.06B,30.48%,$0.21B,$0.02B,9.05%,$0.21B,$0.02B,9.05%,$0.21B,$0.02B,10.00%,$0.21B,$0.02B,8.57%,$0.21B,$0.02B,7.14%,$0.02B,$0.10B,18.75%,$0.02B,$0.08B,22.90%,$0.02B,$0.17B,9.26%,$0.02B,$0.11B,21.29%,$74,$53,$20,$2,$11,$66,$8,$-0,$8,$1,$6,$6,$6,$8,$8,$15,15,$0.44,$0.42,$63,$23,$7,$139,$16,$3,$15,$1,$34,$173,$59,$8,$7,$15,$74,$0,$-20,$-8,$99,$173,$6,$0,$1,$1,$-9,$8,$-1,$23,$-7,$0,$-0,$0,$0,$0,$0,$0,$0,$-0,$-0,$0,$-0,$1,$1,$0,$0,$1,$2,$0,$0
3,2017-09-30,11.98,$6.15,1.95,$12.32,0.97,$2.17,5.53,$0.65,18.43,$0.16B,$0.09B,1.83,$0.01B,$0.09B,0.09,$0.17B,$0.05B,31.52%,$0.17B,$0.01B,6.67%,$0.17B,$0.01B,6.67%,$0.17B,$0.01B,7.88%,$0.17B,$0.01B,6.06%,$0.17B,$0.01B,5.45%,$0.01B,$0.09B,12.63%,$0.01B,$0.08B,15.79%,$0.01B,$0.19B,6.09%,$0.01B,$0.10B,13.62%,$55,$35,$20,$2,$10,$47,$8,$-0,$8,$0,$7,$7,$7,$9,$8,$13,14,$0.54,$0.54,$76,$30,$14,$157,$16,$3,$15,$1,$35,$192,$86,$8,$7,$15,$101,$0,$-27,$-9,$90,$192,$8,$2,$2,$4,$-9,$-7,$5,$-32,$-1,$12,$-1,$0,$0,$0,$0,$0,$0,$-1,$0,$0,$0,$13,$13,$0,$0,$13,$23,$1,$0
4,2017-06-30,8.44,$5.11,1.65,$11.49,0.73,$0.96,8.76,$0.12,70.33,$0.11B,$0.06B,1.79,$0.01B,$0.07B,0.14,$0.15B,$0.04B,28.95%,$0.15B,$0.00B,1.97%,$0.15B,$0.00B,1.97%,$0.15B,$0.01B,3.29%,$0.15B,$0.00B,1.32%,$0.15B,$0.00B,1.32%,$0.00B,$0.07B,3.08%,$0.00B,$0.05B,3.96%,$0.00B,$0.15B,1.55%,$0.00B,$0.08B,4.03%,$48,$32,$16,$1,$10,$44,$4,$-0,$4,$1,$3,$3,$3,$5,$4,$13,13,$0.25,$0.25,$44,$23,$11,$114,$15,$3,$15,$1,$34,$148,$64,$10,$7,$16,$80,$0,$-34,$-9,$68,$148,$1,$2,$1,$3,$-9,$-0,$7,$-8,$7,$11,$-0,$0,$0,$0,$0,$0,$0,$-0,$-0,$0,$-0,$1,$1,$0,$0,$1,$12,$1,$0
5,2017-03-31,5.5,$4.80,1.15,$10.46,0.53,$-0.22,0.0,$-0.22,0.0,$0.10B,$0.06B,1.79,$0.01B,$0.06B,0.15,$0.14B,$0.04B,27.74%,$0.14B,$-0.00B,-1.46%,$0.14B,$-0.00B,-1.46%,$0.14B,0,0.00%,$0.14B,$-0.00B,-2.19%,$0.14B,$-0.00B,-1.46%,$-0.00B,$0.06B,-3.10%,$-0.00B,$0.05B,-4.02%,$-0.00B,$0.14B,-1.62%,$-0.00B,$0.07B,-2.71%,$33,$25,$8,$2,$8,$34,$-1,$-0,$-2,$0,$-2,$-2,$-1,$-1,$-1,$13,13,$-0.11,$-0.11,$41,$21,$10,$101,$15,$3,$15,$1,$34,$135,$57,$9,$6,$15,$72,$0,$-37,$-9,$63,$135,$-2,$1,$-0,$1,$-2,$2,$2,$-7,$13,$12,$-0,$0,$0,$0,$0,$0,$0,$-0,$-0,$0,$-0,$0,$0,$0,$0,$-0,$11,$1,$0
6,2016-12-31,4.25,$4.89,0.87,$9.67,0.44,$-1.22,0.0,$-0.22,0.0,$0.08B,$0.04B,2.25,$0.01B,$0.06B,0.14,$0.13B,$0.04B,28.57%,$0.13B,$-0.01B,-3.97%,$0.13B,$-0.01B,-3.97%,$0.13B,$-0.00B,-1.59%,$0.13B,$-0.00B,-0.79%,$0.13B,$-0.00B,-1.59%,$-0.00B,$0.06B,-3.05%,$-0.00B,$0.05B,-3.98%,$-0.00B,$0.12B,-1.66%,$-0.01B,$0.07B,-6.71%,$29,$21,$8,$2,$7,$29,$-0,$-0,$-0,$0,$-0,$-0,$-0,$0,$-0,$13,13,$0.00,$0.00,$27,$21,$4,$82,$15,$3,$15,$1,$34,$116,$36,$9,$6,$15,$52,$0,$-36,$-10,$64,$116,$-0,$1,$-0,$0,$-4,$2,$0,$-2,$-3,$-4,$-0,$0,$0,$0,$0,$0,$0,$-0,$-0,$0,$-0,$0,$0,$0,$0,$-0,$-4,$0,$0
7,2016-09-30,4.96,$4.96,1.0,$9.14,0.54,$-1.77,0.0,$-0.53,0.0,$0.08B,$0.04B,2.18,$0.01B,$0.07B,0.14,$0.12B,$0.03B,28.57%,$0.12B,$-0.01B,-7.56%,$0.12B,$-0.01B,-7.56%,$0.12B,$-0.01B,-4.20%,$0.12B,$-0.01B,-4.20%,$0.12B,$-0.01B,-5.04%,$-0.01B,$0.07B,-9.02%,$-0.01B,$0.05B,-11.82%,$-0.01B,$0.12B,-5.00%,$-0.01B,$0.07B,-11.92%,$42,$30,$12,$2,$10,$42,$0,$0,$0,$1,$-1,$-1,$-0,$1,$0,$13,13,$-0.02,$-0.02,$29,$23,$5,$83,$16,$3,$15,$1,$36,$118,$38,$9,$6,$15,$53,$0,$-36,$-9,$65,$118,$-9,$3,$3,$6,$-5,$0,$-0,$-1,$-7,$-10,$4,$0,$7,$0,$0,$0,$0,$11,$0,$0,$0,$0,$0,$0,$0,$0,$2,$1,$0
8,2016-06-30,5.97,$4.99,1.2,$8.26,0.72,$-2.24,0.0,$-0.41,0.0,$0.09B,$0.05B,2.01,$0.01B,$0.07B,0.15,$0.11B,$0.03B,27.62%,$0.11B,$-0.02B,-14.29%,$0.11B,$-0.02B,-14.29%,$0.11B,$-0.01B,-10.48%,$0.11B,$-0.00B,-1.90%,$0.11B,$-0.01B,-4.76%,$-0.01B,$0.07B,-7.30%,$-0.01B,$0.05B,-9.52%,$-0.01B,$0.13B,-4.11%,$-0.02B,$0.08B,-19.42%,$33,$24,$10,$2,$9,$34,$-1,$-1,$-1,$0,$-1,$-1,$-1,$0,$-1,$13,13,$-0.09,$-0.09,$29,$28,$4,$90,$16,$3,$15,$1,$36,$126,$45,$10,$6,$16,$60,$0,$-36,$-9,$66,$126,$-8,$3,$-2,$1,$-4,$-5,$3,$-1,$-3,$-10,$4,$0,$7,$0,$0,$0,$0,$11,$1,$0,$1,$0,$0,$0,$0,$1,$2,$1,$0
9,2016-03-31,6.49,$5.09,1.28,$8.79,0.74,$-2.83,0.0,$-0.44,0.0,$0.09B,$0.04B,2.11,$0.01B,$0.07B,0.14,$0.11B,$0.03B,25.89%,$0.11B,$-0.02B,-13.39%,$0.11B,$-0.02B,-13.39%,$0.11B,$-0.01B,-9.82%,$0.11B,$-0.00B,-1.79%,$0.11B,$-0.01B,-5.36%,$-0.01B,$0.07B,-8.57%,$-0.01B,$0.05B,-11.37%,$-0.01B,$0.12B,-4.85%,$-0.02B,$0.08B,-19.11%,$22,$16,$6,$2,$7,$26,$-4,$3,$-0,$2,$-2,$-2,$-1,$-3,$-4,$13,13,$-0.11,$-0.11,$32,$24,$4,$85,$17,$3,$16,$1,$38,$123,$40,$9,$6,$15,$56,$0,$-34,$-9,$67,$123,$-6,$2,$-3,$-1,$0,$-1,$-1,$-1,$1,$-6,$5,$0,$7,$0,$0,$0,$0,$12,$1,$0,$1,$0,$0,$0,$0,$1,$6,$1,$0
10,2015-12-31,6.26,$5.17,1.21,$9.10,0.69,$-2.96,0.0,$-0.52,0.0,$0.08B,$0.03B,2.51,$0.01B,$0.07B,0.14,$0.11B,$0.03B,26.32%,$0.11B,$-0.01B,-11.40%,$0.11B,$-0.01B,-11.40%,$0.11B,$-0.01B,-7.89%,$0.11B,$-0.00B,-3.51%,$0.11B,$-0.01B,-6.14%,$-0.01B,$0.07B,-9.82%,$-0.01B,$0.05B,-13.21%,$-0.01B,$0.11B,-5.41%,$-0.01B,$0.08B,-16.30%,$22,$16,$6,$2,$8,$26,$-4,$-0,$-4,$0,$-4,$-4,$-4,$-3,$-4,$13,13,$-0.31,$-0.31,$23,$22,$6,$76,$17,$3,$16,$1,$37,$113,$30,$9,$6,$15,$45,$0,$-33,$-9,$68,$113,$-4,$1,$0,$1,$-0,$1,$-5,$-0,$-7,$-11,$-0,$0,$7,$0,$0,$0,$0,$7,$1,$0,$1,$0,$0,$0,$0,$1,$-3,$0,$0
11,2015-09-30,4.3,$5.52,0.78,$8.68,0.5,$-1.95,0.0,$-0.74,0.0,$0.09B,$0.04B,2.18,$0.01B,$0.07B,0.12,$0.10B,$0.03B,25.96%,$0.10B,$-0.01B,-13.46%,$0.10B,$-0.01B,-13.46%,$0.10B,$-0.01B,-9.62%,$0.10B,$-0.01B,-4.81%,$0.10B,$-0.01B,-7.69%,$-0.01B,$0.07B,-11.99%,$-0.01B,$0.06B,-16.49%,$-0.01B,$0.13B,-6.36%,$-0.01B,$0.08B,-19.11%,$28,$22,$7,$3,$9,$34,$-6,$9,$3,$1,$2,$2,$1,$-5,$-6,$12,12,$0.19,$0.19,$26,$23,$4,$86,$18,$3,$15,$3,$40,$125,$39,$8,$5,$13,$53,$0,$-29,$-9,$73,$125,$-7,$3,$-7,$-4,$2,$-1,$1,$-1,$1,$-10,$-1,$0,$9,$0,$0,$0,$0,$8,$0,$0,$0,$1,$1,$0,$0,$1,$-2,$1,$0
12,2015-06-30,10.39,$5.44,1.91,$8.37,1.24,$-2.25,0.0,$-1.17,0.0,$0.09B,$0.05B,1.86,$0.01B,$0.07B,0.12,$0.10B,$0.02B,23.96%,$0.10B,$-0.01B,-12.50%,$0.10B,$-0.01B,-12.50%,$0.10B,$-0.01B,-9.38%,$0.10B,$-0.01B,-12.50%,$0.10B,$-0.01B,-12.50%,$-0.01B,$0.07B,-19.35%,$-0.01B,$0.05B,-26.67%,$-0.01B,$0.13B,-10.26%,$-0.01B,$0.08B,-18.05%,$40,$30,$10,$1,$10,$41,$-1,$-0,$-1,$0,$-2,$-2,$-2,$-0,$-1,$13,13,$-0.12,$-0.12,$25,$29,$4,$90,$20,$0,$20,$3,$44,$134,$49,$9,$5,$14,$62,$0,$-30,$-9,$72,$134,$-9,$2,$2,$4,$-4,$-3,$5,$0,$-8,$-12,$-1,$0,$9,$0,$0,$0,$0,$8,$0,$0,$0,$1,$1,$0,$0,$1,$-4,$1,$0
13,2015-03-31,11.18,$5.52,2.03,$6.25,1.79,$-1.98,0.0,$-1.58,0.0,$0.10B,$0.06B,1.71,$0.01B,$0.07B,0.12,$0.07B,$0.02B,23.08%,$0.07B,$-0.02B,-23.08%,$0.07B,$-0.02B,-23.08%,$0.07B,$-0.01B,-18.46%,$0.07B,$-0.02B,-23.08%,$0.07B,$-0.02B,-23.08%,$-0.02B,$0.07B,-25.64%,$-0.02B,$0.05B,-34.09%,$-0.02B,$0.15B,-13.92%,$-0.02B,$0.08B,-24.59%,$24,$17,$7,$1,$8,$26,$-2,$-0,$-2,$0,$-2,$-2,$-2,$-1,$-2,$12,12,$-0.19,$-0.19,$34,$33,$7,$102,$20,$0,$20,$3,$43,$146,$60,$9,$5,$14,$74,$0,$-29,$-9,$72,$146,$-7,$2,$1,$3,$-1,$-7,$8,$-2,$1,$-3,$-0,$0,$9,$0,$0,$0,$0,$8,$0,$0,$0,$0,$0,$0,$0,$0,$5,$1,$0
14,2014-12-31,10.2,$5.04,2.02,$5.54,1.84,$-1.93,0.0,$-1.78,0.0,$0.07B,$0.04B,1.58,$0.00B,$0.05B,0.03,$0.05B,$0.01B,20.37%,$0.05B,$-0.02B,-33.33%,$0.05B,$-0.02B,-33.33%,$0.05B,$-0.02B,-27.78%,$0.05B,$-0.02B,-33.33%,$0.05B,$-0.02B,-31.48%,$-0.02B,$0.05B,-30.09%,$-0.02B,$0.03B,-38.64%,$-0.02B,$0.10B,-17.57%,$-0.02B,$0.05B,-31.72%,$12,$9,$3,$2,$6,$17,$-5,$0,$-5,$0,$-5,$-5,$-5,$-4,$-5,$10,10,$-0.53,$-0.53,$31,$19,$3,$68,$10,$0,$16,$3,$30,$98,$43,$2,$3,$5,$48,$0,$-26,$-7,$50,$98,$-5,$1,$0,$1,$2,$-1,$-0,$-2,$6,$2,$-0,$0,$-0,$0,$0,$0,$0,$-0,$0,$0,$0,$0,$0,$0,$0,$0,$1,$0,$0
15,2014-09-30,10.7,$5.44,1.97,$5.83,1.84,$-2.85,0.0,$-1.33,0.0,$0.07B,$0.03B,1.97,$0.00B,$0.05B,0.0,$0.06B,$0.01B,22.81%,$0.06B,$-0.01B,-22.81%,$0.06B,$-0.01B,-22.81%,$0.06B,$-0.01B,-19.30%,$0.06B,$-0.01B,-22.81%,$0.06B,$-0.01B,-22.81%,$-0.01B,$0.05B,-21.40%,$-0.01B,$0.04B,-26.40%,$-0.01B,$0.09B,-13.16%,$-0.01B,$0.05B,-21.40%,$20,$17,$3,$2,$5,$24,$-4,$-0,$-4,$-1,$-4,$-4,$-3,$-4,$-4,$10,10,$-0.34,$-0.34,$30,$17,$2,$65,$10,$0,$11,$2,$24,$90,$33,$0,$3,$3,$36,$0,$-21,$-6,$54,$90,$-14,$2,$3,$5,$-12,$4,$1,$10,$-2,$-11,$-0,$0,$0,$0,$0,$0,$0,$-0,$0,$0,$0,$1,$1,$0,$0,$1,$-10,$1,$0
16,2014-06-30,12.23,$5.93,2.06,$4.52,2.71,$-2.73,0.0,$-1.18,0.0,$0.07B,$0.04B,2.02,$0.00B,$0.06B,0.0,$0.04B,$0.01B,29.55%,$0.04B,$-0.01B,-25.00%,$0.04B,$-0.01B,-25.00%,$0.04B,$-0.01B,-18.18%,$0.04B,$-0.01B,-25.00%,$0.04B,$-0.01B,-27.27%,$-0.01B,$0.06B,-18.75%,$-0.01B,$0.05B,-22.97%,$-0.01B,$0.10B,-11.54%,$-0.01B,$0.06B,-17.19%,$9,$8,$2,$1,$4,$13,$-4,$0,$-4,$1,$-5,$-5,$-5,$-3,$-4,$10,10,$-0.53,$-0.53,$35,$18,$2,$71,$10,$0,$11,$2,$25,$97,$35,$0,$3,$3,$38,$0,$-18,$-4,$58,$97,$-11,$2,$3,$5,$-11,$4,$2,$9,$-1,$-7,$-0,$0,$0,$0,$0,$0,$0,$-0,$0,$0,$0,$1,$1,$0,$0,$1,$-6,$1,$0
17,2014-03-31,12.17,$6.47,1.88,$4.68,2.6,$-2.88,0.0,$-1.92,0.0,$0.08B,$0.04B,2.15,$0.00B,$0.06B,0.0,$0.05B,$0.01B,17.78%,$0.05B,$-0.02B,-37.78%,$0.05B,$-0.02B,-37.78%,$0.05B,$-0.02B,-33.33%,$0.05B,$-0.02B,-37.78%,$0.05B,$-0.02B,-42.22%,$-0.02B,$0.06B,-28.68%,$-0.02B,$0.05B,-35.02%,$-0.02B,$0.10B,-18.01%,$-0.02B,$0.06B,-25.66%,$13,$10,$3,$2,$5,$17,$-5,$-0,$-5,$0,$-5,$-5,$-4,$-4,$-5,$10,10,$-0.39,$-0.39,$39,$17,$2,$76,$11,$0,$12,$3,$26,$102,$35,$0,$3,$3,$38,$0,$-13,$-4,$64,$102,$-5,$1,$2,$3,$-10,$5,$0,$8,$1,$-2,$-0,$0,$0,$0,$0,$0,$0,$-0,$0,$0,$0,$1,$1,$0,$0,$1,$-1,$0,$0
18,2013-12-31,6.96,$6.97,1.0,$4.21,1.65,$-3.49,0.0,$-1.75,0.0,$0.08B,$0.04B,2.18,$0.00B,$0.07B,0.0,$0.04B,$0.01B,17.50%,$0.04B,$-0.02B,-37.50%,$0.04B,$-0.02B,-37.50%,$0.04B,$-0.01B,-35.00%,$0.04B,$-0.02B,-37.50%,$0.04B,$-0.02B,-42.50%,$-0.02B,$0.07B,-24.37%,$-0.02B,$0.06B,-29.44%,$-0.02B,$0.11B,-15.63%,$-0.02B,$0.07B,-21.51%,$15,$10,$5,$1,$4,$15,$-0,$0,$-0,$1,$-1,$-1,$-1,$0,$-0,$10,10,$-0.08,$-0.08,$35,$17,$2,$79,$11,$0,$12,$3,$27,$106,$36,$0,$3,$3,$39,$0,$-9,$-4,$67,$106,$-1,$1,$0,$1,$-10,$5,$-0,$6,$-7,$-7,$-0,$0,$0,$0,$0,$0,$0,$-0,$0,$0,$0,$0,$0,$0,$0,$0,$-7,$0,$0
19,2013-09-30,7.3,$6.99,1.04,$3.65,2.0,$-3.24,0.0,$-2.11,0.0,$0.08B,$0.04B,2.04,$0.00B,$0.07B,0.0,$0.03B,$0.00B,8.82%,$0.03B,$-0.02B,-58.82%,$0.03B,$-0.02B,-58.82%,$0.03B,$-0.02B,-52.94%,$0.03B,$-0.02B,-58.82%,$0.03B,$-0.02B,-58.82%,$-0.02B,$0.07B,-27.21%,$-0.02B,$0.06B,-32.65%,$-0.02B,$0.11B,-17.62%,$-0.02B,$0.07B,-27.21%,$7,$4,$3,$2,$3,$8,$-2,$-0,$-2,$1,$-2,$-2,$-2,$-1,$-2,$10,10,$-0.18,$-0.18,$42,$22,$3,$84,$11,$0,$12,$2,$27,$111,$41,$0,$3,$3,$44,$0,$-8,$-5,$67,$111,$-22,$3,$8,$10,$11,$-0,$-0,$-8,$1,$-10,$-0,$0,$0,$0,$0,$0,$0,$-0,$0,$0,$0,$0,$0,$0,$-0,$-0,$-10,$2,$0
20,2013-06-30,6.36,$7.07,0.9,$4.08,1.56,$-3.63,0.0,$-3.42,0.0,$0.08B,$0.03B,2.32,$0.00B,$0.07B,0.0,$0.04B,$-0.01B,-18.42%,$0.04B,$-0.04B,-100.00%,$0.04B,$-0.04B,-100.00%,$0.04B,$-0.04B,-94.74%,$0.04B,$-0.04B,-100.00%,$0.04B,$-0.03B,-84.21%,$-0.03B,$0.07B,-41.16%,$-0.03B,$0.06B,-48.85%,$-0.03B,$0.10B,-27.12%,$-0.04B,$0.07B,-48.87%,$10,$13,$-3,$2,$5,$21,$-10,$0,$-10,$3,$-13,$-13,$-12,$-10,$-10,$10,10,$-1.27,$-1.27,$44,$18,$2,$78,$11,$0,$12,$1,$25,$103,$34,$0,$2,$2,$36,$0,$-6,$-6,$67,$103,$-20,$2,$8,$10,$6,$4,$-3,$-6,$2,$-8,$-0,$0,$0,$0,$0,$0,$0,$-0,$0,$0,$0,$0,$0,$0,$0,$0,$-8,$2,$0
21,2013-03-31,3.64,$8.16,0.45,$5.56,0.66,$-4.75,0.0,$-2.46,0.0,$0.09B,$0.04B,2.59,$0.00B,$0.08B,0.0,$0.05B,$0.00B,1.92%,$0.05B,$-0.03B,-63.46%,$0.05B,$-0.03B,-63.46%,$0.05B,$-0.03B,-59.62%,$0.05B,$-0.03B,-63.46%,$0.05B,$-0.02B,-44.23%,$-0.02B,$0.08B,-26.21%,$-0.02B,$0.07B,-30.98%,$-0.02B,$0.12B,-17.69%,$-0.03B,$0.08B,-37.61%,$8,$6,$2,$2,$4,$12,$-3,$0,$-3,$-1,$-3,$-3,$-2,$-3,$-3,$10,10,$-0.22,$-0.22,$46,$25,$2,$90,$12,$0,$12,$1,$25,$115,$35,$0,$2,$2,$37,$0,$6,$-7,$78,$115,$-7,$1,$1,$3,$6,$0,$-3,$-5,$-3,$-8,$-0,$0,$0,$0,$0,$0,$0,$-0,$0,$0,$0,$0,$0,$0,$0,$0,$-8,$1,$0
22,2012-12-31,3.22,$8.56,0.38,$6.98,0.46,$-5.37,0.0,$-2.78,0.0,$0.10B,$0.04B,2.41,$0.00B,$0.08B,0.0,$0.07B,$0.00B,4.55%,$0.07B,$-0.04B,-54.55%,$0.07B,$-0.04B,-54.55%,$0.07B,$-0.03B,-50.00%,$0.07B,$-0.04B,-54.55%,$0.07B,$-0.03B,-39.39%,$-0.03B,$0.08B,-26.80%,$-0.03B,$0.07B,-31.71%,$-0.03B,$0.13B,-18.09%,$-0.04B,$0.08B,-37.11%,$9,$8,$1,$1,$4,$14,$-5,$0,$-5,$-0,$-4,$-4,$-4,$-4,$-5,$9,9,$-0.44,$-0.44,$52,$25,$2,$99,$12,$0,$12,$1,$26,$125,$41,$0,$2,$2,$43,$0,$8,$-5,$82,$125,$-4,$1,$1,$1,$4,$1,$-3,$-3,$-2,$-5,$-0,$0,$0,$0,$0,$0,$0,$-0,$0,$0,$0,$0,$0,$0,$0,$0,$-4,$0,$0
23,2012-09-30,3.31,$8.86,0.37,$8.61,0.38,$-5.57,0.0,$-2.43,0.0,$0.10B,$0.04B,2.38,$0.00B,$0.08B,0.0,$0.08B,$0.01B,10.98%,$0.08B,$-0.03B,-40.24%,$0.08B,$-0.03B,-40.24%,$0.08B,$-0.03B,-36.59%,$0.08B,$-0.03B,-40.24%,$0.08B,$-0.02B,-28.05%,$-0.02B,$0.08B,-21.70%,$-0.02B,$0.07B,-25.63%,$-0.02B,$0.13B,-14.58%,$-0.03B,$0.08B,-31.13%,$11,$18,$-7,$4,$4,$31,$-20,$-0,$-20,$-4,$-16,$-16,$-14,$-19,$-20,$9,9,$-1.49,$-1.49,$51,$26,$3,$101,$12,$0,$12,$2,$28,$129,$43,$0,$2,$2,$45,$0,$12,$-7,$84,$129,$-28,$3,$24,$27,$24,$-2,$-3,$-10,$-12,$-12,$-1,$0,$0,$0,$0,$0,$-0,$-2,$-0,$0,$-0,$-4,$-4,$0,$0,$-4,$-21,$2,$0
24,2012-06-30,3.76,$11.29,0.33,$13.59,0.28,$-3.07,0.0,$-0.63,0.0,$0.12B,$0.04B,2.92,$0.00B,$0.11B,0.0,$0.13B,$0.04B,27.48%,$0.13B,$-0.01B,-6.11%,$0.13B,$-0.01B,-6.11%,$0.13B,$-0.01B,-3.82%,$0.13B,$-0.01B,-6.11%,$0.13B,$-0.01B,-4.58%,$-0.01B,$0.11B,-5.19%,$-0.01B,$0.09B,-6.14%,$-0.01B,$0.15B,-3.39%,$-0.01B,$0.11B,-6.93%,$24,$19,$5,$4,$6,$30,$-5,$0,$-5,$-1,$-4,$-4,$-3,$-5,$-5,$9,9,$-0.31,$-0.31,$46,$33,$3,$122,$12,$0,$17,$0,$29,$151,$42,$0,$2,$2,$44,$0,$26,$-7,$107,$151,$-11,$2,$6,$8,$13,$-3,$-3,$-10,$-14,$-18,$-1,$0,$0,$0,$0,$0,$-0,$-1,$-0,$0,$-0,$-4,$-4,$0,$0,$-4,$-25,$1,$0
25,2012-03-31,8.33,$12.08,0.69,$18.32,0.45,$-1.01,0.0,$0.42,19.83,$0.14B,$0.05B,2.65,$0.00B,$0.12B,0.0,$0.18B,$0.06B,31.84%,$0.18B,$0.01B,5.03%,$0.18B,$0.01B,5.03%,$0.18B,$0.01B,7.26%,$0.18B,$0.01B,5.03%,$0.18B,$0.00B,2.23%,$0.00B,$0.12B,3.35%,$0.00B,$0.10B,3.96%,$0.00B,$0.17B,2.06%,$0.01B,$0.12B,7.55%,$22,$18,$4,$3,$6,$28,$-6,$0,$-6,$-0,$-6,$-6,$-5,$-5,$-6,$9,9,$-0.54,$-0.54,$52,$37,$4,$139,$13,$0,$18,$0,$31,$170,$53,$0,$2,$2,$55,$0,$29,$-4,$115,$170,$-7,$2,$3,$5,$12,$-2,$-2,$-5,$-10,$-13,$-1,$0,$0,$0,$0,$0,$0,$-1,$-0,$0,$-0,$-4,$-4,$0,$-0,$-4,$-19,$1,$0
26,2011-12-31,8.51,$12.41,0.69,$22.31,0.38,$1.29,6.59,$1.73,4.92,$0.15B,$0.06B,2.47,$0.00B,$0.12B,0.0,$0.22B,$0.08B,35.78%,$0.22B,$0.03B,12.84%,$0.22B,$0.03B,12.84%,$0.22B,$0.03B,14.22%,$0.22B,$0.03B,12.84%,$0.22B,$0.02B,7.80%,$0.02B,$0.12B,14.32%,$0.02B,$0.10B,16.96%,$0.02B,$0.18B,8.40%,$0.03B,$0.12B,23.58%,$25,$18,$7,$3,$6,$27,$-2,$0,$-2,$-0,$-1,$-1,$-1,$-1,$-2,$9,9,$-0.09,$-0.09,$62,$37,$5,$151,$12,$0,$18,$0,$30,$181,$61,$0,$2,$2,$64,$0,$34,$-6,$118,$181,$-1,$1,$1,$1,$10,$-2,$-2,$-6,$-6,$-6,$-0,$0,$0,$0,$0,$0,$0,$-0,$-0,$0,$-0,$-4,$-4,$0,$0,$-4,$-12,$0,$0
27,2011-09-30,8.0,$12.97,0.62,$25.28,0.32,$1.48,5.42,$2.34,3.42,$0.18B,$0.08B,2.16,$0.00B,$0.12B,0.0,$0.25B,$0.09B,36.84%,$0.25B,$0.04B,15.38%,$0.25B,$0.04B,15.38%,$0.25B,$0.04B,16.60%,$0.25B,$0.04B,15.38%,$0.25B,$0.02B,9.31%,$0.02B,$0.12B,20.58%,$0.02B,$0.10B,23.96%,$0.02B,$0.21B,11.70%,$0.04B,$0.12B,34.00%,$60,$40,$20,$2,$10,$55,$5,$-0,$5,$3,$3,$3,$3,$6,$5,$9,10,$0.32,$0.31,$74,$37,$5,$175,$13,$0,$18,$0,$31,$206,$81,$0,$3,$3,$84,$0,$35,$-2,$122,$206,$22,$3,$2,$5,$-21,$-14,$-4,$15,$-12,$15,$-5,$0,$-1,$0,$0,$0,$0,$-6,$-0,$0,$-0,$1,$1,$0,$1,$2,$11,$1,$0
28,2011-06-30,20.64,$12.68,1.63,$24.06,0.86,$1.82,11.34,$2.61,7.91,$0.19B,$0.10B,1.91,$0.00B,$0.12B,0.0,$0.23B,$0.09B,38.36%,$0.23B,$0.04B,18.10%,$0.23B,$0.04B,18.10%,$0.23B,$0.04B,18.97%,$0.23B,$0.04B,18.10%,$0.23B,$0.03B,10.78%,$0.03B,$0.12B,24.45%,$0.03B,$0.10B,28.01%,$0.03B,$0.22B,13.97%,$0.04B,$0.12B,41.08%,$72,$46,$26,$2,$12,$60,$12,$0,$12,$5,$7,$7,$7,$13,$12,$10,10,$0.76,$0.74,$73,$46,$5,$185,$13,$0,$19,$0,$35,$220,$97,$0,$2,$2,$99,$0,$32,$3,$122,$220,$20,$2,$-2,$-0,$-28,$-21,$6,$5,$-14,$5,$-5,$0,$-1,$0,$0,$0,$0,$-6,$-0,$0,$-0,$1,$1,$0,$1,$2,$3,$1,$0
29,2011-03-31,25.24,$11.76,2.15,$21.43,1.18,$2.04,12.38,$2.29,11.02,$0.17B,$0.09B,1.91,$0.00B,$0.11B,0.0,$0.20B,$0.08B,38.92%,$0.20B,$0.04B,17.73%,$0.20B,$0.04B,17.73%,$0.20B,$0.04B,18.72%,$0.20B,$0.04B,17.73%,$0.20B,$0.02B,10.84%,$0.02B,$0.11B,24.51%,$0.02B,$0.09B,27.50%,$0.02B,$0.20B,14.38%,$0.04B,$0.11B,40.00%,$61,$37,$25,$1,$11,$49,$13,$0,$13,$5,$7,$7,$8,$13,$13,$9,10,$0.79,$0.77,$79,$35,$5,$169,$12,$0,$19,$0,$34,$203,$89,$0,$2,$2,$90,$0,$25,$1,$113,$203,$12,$1,$-1,$1,$-20,$-10,$6,$2,$-2,$11,$-3,$0,$-1,$0,$0,$0,$0,$-4,$-0,$0,$-0,$1,$1,$0,$1,$2,$11,$1,$0
30,2010-12-31,25.15,$9.58,2.63,$16.91,1.49,$1.45,17.31,$1.54,16.33,$0.14B,$0.07B,2.08,$0.00B,$0.09B,0.0,$0.16B,$0.06B,37.34%,$0.16B,$0.02B,14.56%,$0.16B,$0.02B,14.56%,$0.16B,$0.03B,16.46%,$0.16B,$0.02B,14.56%,$0.16B,$0.01B,8.86%,$0.01B,$0.09B,17.61%,$0.01B,$0.08B,19.31%,$0.01B,$0.16B,10.83%,$0.02B,$0.09B,28.84%,$54,$34,$20,$1,$10,$45,$8,$-0,$8,$3,$5,$5,$5,$9,$8,$9,10,$0.54,$0.52,$56,$27,$4,$137,$10,$0,$7,$0,$20,$157,$66,$0,$1,$1,$67,$0,$17,$-2,$90,$157,$5,$1,$-1,$-1,$-24,$-3,$4,$7,$-9,$-4,$-1,$0,$0,$0,$0,$0,$0,$-1,$-0,$0,$-0,$1,$1,$0,$1,$2,$-4,$0,$0
31,2010-09-30,17.96,$9.15,1.96,$13.03,1.38,$2.00,8.98,$1.03,17.44,$0.12B,$0.05B,2.29,$0.00B,$0.08B,0.0,$0.12B,$0.04B,36.97%,$0.12B,$0.02B,12.61%,$0.12B,$0.02B,12.61%,$0.12B,$0.02B,15.13%,$0.12B,$0.02B,12.61%,$0.12B,$0.01B,7.56%,$0.01B,$0.08B,11.92%,$0.01B,$0.08B,13.24%,$0.01B,$0.14B,7.96%,$0.02B,$0.08B,19.80%,$45,$28,$18,$1,$8,$36,$9,$0,$9,$4,$5,$5,$5,$9,$9,$9,9,$0.60,$0.59,$63,$24,$3,$116,$10,$0,$7,$0,$20,$136,$51,$0,$1,$1,$52,$0,$12,$-1,$84,$136,$10,$2,$1,$2,$-12,$-12,$8,$0,$4,$16,$-3,$0,$0,$0,$0,$0,$0,$-3,$-0,$0,$-0,$1,$1,$0,$0,$1,$14,$1,$0
32,2010-06-30,8.35,$8.03,1.04,$9.41,0.89,$1.32,6.33,$0.43,19.42,$0.10B,$0.04B,2.3,$0.00B,$0.07B,0.0,$0.09B,$0.03B,33.72%,$0.09B,$0.01B,6.98%,$0.09B,$0.01B,6.98%,$0.09B,$0.01B,10.47%,$0.09B,$0.01B,5.81%,$0.09B,$0.00B,4.65%,$0.00B,$0.07B,5.48%,$0.00B,$0.07B,6.15%,$0.00B,$0.12B,3.91%,$0.01B,$0.07B,8.19%,$43,$27,$16,$1,$8,$37,$6,$-0,$6,$2,$4,$4,$4,$7,$6,$9,9,$0.43,$0.42,$48,$21,$0,$98,$9,$0,$7,$0,$18,$116,$43,$0,$1,$1,$44,$0,$7,$-6,$72,$116,$4,$1,$1,$2,$-14,$-10,$8,$-2,$-1,$6,$-3,$0,$0,$0,$0,$0,$-1,$-4,$-0,$0,$-0,$0,$0,$0,$0,$0,$0,$1,$0
33,2010-03-31,10.09,$7.98,1.26,$6.14,1.64,$1.43,7.04,$-0.02,0.0,$0.09B,$0.04B,2.52,$0.00B,$0.07B,0.0,$0.06B,$0.02B,30.36%,$0.06B,0,0.00%,$0.06B,0,0.00%,$0.06B,$0.00B,3.57%,$0.06B,$-0.00B,-1.79%,$0.06B,0,0.00%,$0.00B,$0.07B,0.00%,$0.00B,$0.06B,0.00%,$0.00B,$0.11B,0.00%,$0.00B,$0.07B,0.00%,$16,$11,$5,$0,$4,$16,$0,$-0,$0,$0,$0,$0,$0,$1,$0,$9,9,$0.02,$0.02,$48,$21,$0,$90,$9,$0,$8,$0,$18,$108,$36,$0,$0,$1,$36,$0,$3,$-2,$72,$108,$0,$1,$1,$2,$-2,$-9,$8,$-6,$3,$5,$-2,$0,$0,$0,$0,$0,$-1,$-3,$-0,$0,$-0,$0,$0,$0,$0,$0,$1,$1,$0
34,2009-12-31,11.07,$8.18,1.35,$5.60,1.98,$1.24,8.93,$-0.26,0.0,$0.07B,$0.02B,4.21,$0.00B,$0.07B,0.0,$0.05B,$0.01B,27.45%,$0.05B,$-0.00B,-5.88%,$0.05B,$-0.00B,-5.88%,$0.05B,$-0.00B,-1.96%,$0.05B,$-0.00B,-7.84%,$0.05B,$-0.00B,-3.92%,$-0.00B,$0.07B,-2.75%,$-0.00B,$0.07B,-3.11%,$-0.00B,$0.09B,-2.19%,$-0.00B,$0.07B,-4.11%,$15,$11,$5,$0,$4,$15,$0,$0,$0,$0,$0,$0,$0,$1,$0,$9,9,$0.01,$0.01,$45,$12,$2,$73,$8,$0,$9,$0,$18,$92,$17,$0,$0,$1,$18,$0,$3,$0,$74,$92,$0,$0,$0,$1,$1,$1,$0,$-2,$-0,$1,$-0,$0,$0,$0,$0,$0,$0,$-0,$-0,$0,$-0,$0,$0,$0,$0,$0,$0,$0,$0
35,2009-09-30,5.3,$8.24,0.64,$5.86,0.9,$1.30,4.06,$-0.18,0.0,$0.07B,$0.02B,4.09,$0.00B,$0.07B,0.0,$0.05B,$0.02B,27.78%,$0.05B,$-0.00B,-3.70%,$0.05B,$-0.00B,-3.70%,$0.05B,0,0.00%,$0.05B,$-0.00B,-5.56%,$0.05B,$-0.00B,-1.85%,$-0.00B,$0.07B,-1.37%,$-0.00B,$0.07B,-1.55%,$-0.00B,$0.09B,-1.07%,$-0.00B,$0.07B,-2.73%,$12,$9,$3,$-0,$3,$12,$-0,$-0,$-1,$-0,$-0,$-0,$-0,$-0,$-0,$9,9,$-0.02,$-0.02,$44,$13,$1,$74,$8,$0,$9,$0,$19,$93,$18,$0,$0,$1,$19,$0,$3,$1,$74,$93,$-2,$2,$2,$4,$9,$2,$-2,$1,$6,$8,$-1,$-1,$-1,$0,$0,$0,$1,$-2,$-0,$0,$-0,$-0,$-0,$0,$0,$-1,$5,$1,$0
36,2009-06-30,4.85,$8.09,0.6,$7.60,0.64,$-0.06,0.0,0,0.0,$0.07B,$0.02B,4.48,$0.00B,$0.07B,0.0,$0.07B,$0.02B,28.99%,$0.07B,0,0.00%,$0.07B,0,0.00%,$0.07B,$0.00B,2.90%,$0.07B,0,0.00%,$0.07B,0,0.00%,$0.00B,$0.07B,0.00%,$0.00B,$0.06B,0.00%,$0.00B,$0.09B,0.00%,$0.00B,$0.07B,0.00%,$13,$9,$4,$0,$4,$13,$-0,$-0,$-0,$-0,$-0,$-0,$-0,$0,$-0,$9,9,$-0.03,$-0.03,$40,$12,$2,$73,$8,$0,$8,$0,$17,$90,$16,$0,$1,$1,$17,$0,$3,$-1,$72,$90,$-1,$1,$3,$5,$7,$3,$-4,$1,$2,$5,$-1,$-1,$0,$0,$-0,$-0,$0,$-2,$-0,$0,$-0,$-0,$-0,$0,$0,$-1,$2,$0,$0
37,2009-03-31,3.22,$7.87,0.41,$8.82,0.36,$-1.15,0.0,$0.16,20.13,$0.07B,$0.02B,4.0,$0.00B,$0.07B,0.0,$0.08B,$0.02B,28.75%,$0.08B,$0.00B,2.50%,$0.08B,$0.00B,2.50%,$0.08B,$0.00B,5.00%,$0.08B,$0.00B,2.50%,$0.08B,$0.00B,1.25%,$0.00B,$0.07B,1.35%,$0.00B,$0.06B,1.52%,$0.00B,$0.09B,1.01%,$0.00B,$0.07B,2.69%,$11,$9,$2,$0,$3,$13,$-3,$-0,$-3,$-1,$-2,$-2,$-2,$-2,$-3,$9,9,$-0.22,$-0.22,$37,$15,$2,$74,$8,$0,$8,$0,$17,$90,$18,$0,$0,$1,$20,$0,$3,$-3,$71,$90,$-1,$1,$1,$2,$6,$-0,$-3,$2,$1,$2,$-1,$-1,$0,$0,$-0,$-0,$0,$-1,$-0,$0,$-0,$-0,$-0,$0,$0,$-1,$-0,$0,$0
38,2008-12-31,3.69,$8.25,0.45,$9.53,0.39,$-1.83,0.0,$0.40,9.23,$0.08B,$0.03B,3.28,$0.00B,$0.08B,0.0,$0.09B,$0.03B,28.74%,$0.09B,$0.01B,5.75%,$0.09B,$0.01B,5.75%,$0.09B,$0.01B,6.90%,$0.09B,$0.01B,5.75%,$0.09B,$0.00B,3.45%,$0.00B,$0.08B,4.01%,$0.00B,$0.07B,4.51%,$0.00B,$0.10B,2.98%,$0.01B,$0.08B,6.67%,$18,$12,$6,$0,$4,$16,$1,$0,$1,$1,$1,$1,$1,$2,$1,$9,9,$0.09,$0.09,$39,$16,$2,$84,$8,$0,$10,$1,$19,$102,$25,$0,$0,$2,$27,$0,$5,$-0,$75,$102,$1,$0,$-0,$0,$1,$-1,$-0,$2,$-0,$1,$-0,$-0,$0,$0,$0,$0,$0,$-1,$-0,$0,$-0,$0,$0,$0,$0,$-0,$1,$0,$0
39,2008-09-30,9.31,$8.19,1.14,$9.07,1.03,$-2.30,0.0,$0.32,29.09,$0.08B,$0.03B,3.23,$0.00B,$0.08B,0.0,$0.08B,$0.02B,28.40%,$0.08B,$0.00B,4.94%,$0.08B,$0.00B,4.94%,$0.08B,$0.00B,4.94%,$0.08B,$0.00B,4.94%,$0.08B,$0.00B,2.47%,$0.00B,$0.08B,2.70%,$0.00B,$0.07B,3.01%,$0.00B,$0.10B,2.07%,$0.00B,$0.08B,5.37%,$27,$19,$8,$0,$6,$25,$2,$-0,$2,$1,$1,$1,$1,$2,$2,$9,9,$0.17,$0.16,$40,$16,$2,$84,$8,$0,$9,$1,$18,$102,$26,$0,$0,$2,$28,$0,$4,$0,$75,$102,$3,$1,$-1,$0,$-8,$-7,$1,$3,$-6,$-3,$-3,$-0,$-7,$0,$0,$0,$-1,$-12,$-1,$0,$-1,$34,$34,$0,$0,$33,$19,$0,$0
40,2008-06-30,10.74,$8.28,1.3,$8.43,1.27,$-2.90,0.0,$0.33,32.55,$0.09B,$0.03B,3.17,$0.00B,$0.08B,0.0,$0.07B,$0.02B,28.36%,$0.07B,$0.00B,4.48%,$0.07B,$0.00B,4.48%,$0.07B,$0.00B,4.48%,$0.07B,$0.00B,4.48%,$0.07B,$0.00B,2.99%,$0.00B,$0.08B,3.09%,$0.00B,$0.07B,3.39%,$0.00B,$0.10B,2.38%,$0.00B,$0.08B,4.58%,$24,$17,$7,$0,$5,$22,$2,$0,$2,$1,$1,$1,$1,$2,$2,$9,9,$0.13,$0.13,$37,$21,$2,$86,$9,$0,$8,$1,$18,$104,$27,$0,$0,$1,$28,$0,$3,$2,$75,$104,$1,$1,$-1,$-0,$-5,$-11,$4,$1,$-5,$-4,$-2,$-0,$0,$0,$-7,$-7,$-1,$-11,$-1,$0,$-1,$34,$34,$0,$0,$33,$18,$0,$0
41,2008-03-31,12.04,$8.14,1.48,$7.76,1.55,$-3.37,0.0,$0.35,34.4,$0.08B,$0.02B,4.01,$0.00B,$0.07B,0.01,$0.06B,$0.02B,26.79%,$0.06B,$0.00B,3.57%,$0.06B,$0.00B,3.57%,$0.06B,$0.00B,3.57%,$0.06B,$0.00B,3.57%,$0.06B,$0.00B,3.57%,$0.00B,$0.07B,3.62%,$0.00B,$0.07B,3.96%,$0.00B,$0.10B,2.87%,$0.00B,$0.07B,3.59%,$18,$13,$4,$0,$4,$18,$-0,$0,$0,$0,$0,$0,$0,$0,$-0,$9,9,$0.02,$0.02,$38,$17,$3,$77,$9,$0,$7,$2,$18,$95,$19,$0,$0,$2,$21,$0,$2,$2,$74,$95,$0,$1,$-0,$0,$-1,$-7,$3,$-0,$-4,$-4,$-2,$0,$0,$0,$-8,$-8,$0,$-10,$-1,$0,$-1,$34,$34,$0,$0,$33,$19,$0,$0
42,2007-12-31,12.99,$7.95,1.63,$7.85,1.65,$-3.65,0.0,$0.38,34.18,$0.07B,$0.01B,5.67,$0.00B,$0.07B,0.01,$0.05B,$0.01B,28.57%,$0.05B,$0.00B,4.08%,$0.05B,$0.00B,4.08%,$0.05B,$0.00B,4.08%,$0.05B,$0.00B,4.08%,$0.05B,$0.00B,4.08%,$0.00B,$0.07B,4.40%,$0.00B,$0.07B,4.71%,$0.00B,$0.09B,3.48%,$0.00B,$0.07B,4.32%,$12,$8,$4,$0,$3,$12,$0,$0,$0,$0,$0,$0,$0,$0,$0,$8,8,$0.01,$0.01,$42,$12,$2,$70,$8,$0,$6,$2,$16,$86,$12,$1,$0,$1,$14,$0,$1,$1,$72,$86,$0,$0,$-0,$0,$3,$-3,$-1,$-2,$-2,$-2,$-1,$0,$0,$0,$-6,$-6,$-2,$-10,$-0,$0,$-0,$34,$34,$0,$0,$34,$22,$0,$0
43,2007-09-30,12.82,$5.86,2.19,$9.04,1.42,$-3.68,0.0,$0.37,34.65,$0.04B,$0.01B,3.6,$0.00B,$0.04B,0.02,$0.05B,$0.01B,26.09%,$0.05B,$0.00B,4.35%,$0.05B,$0.00B,4.35%,$0.05B,$0.00B,4.35%,$0.05B,$0.00B,4.35%,$0.05B,$0.00B,4.35%,$0.00B,$0.04B,6.35%,$0.00B,$0.04B,6.78%,$0.00B,$0.05B,4.73%,$0.00B,$0.04B,6.20%,$13,$9,$4,$0,$3,$12,$1,$0,$1,$-0,$1,$1,$1,$1,$1,$5,5,$0.24,$0.24,$19,$7,$1,$42,$6,$0,$2,$0,$8,$51,$12,$1,$0,$1,$12,$0,$2,$1,$38,$51,$2,$1,$-1,$-1,$-5,$-2,$0,$-0,$-5,$-3,$-4,$-0,$0,$0,$0,$0,$0,$-4,$0,$-0,$0,$20,$20,$0,$0,$20,$12,$0,$0
44,2007-06-30,8.75,$5.64,1.55,$9.90,0.88,$-1.75,0.0,$0.34,25.74,$0.04B,$0.01B,4.12,$0.00B,$0.04B,0.02,$0.04B,$0.01B,25.00%,$0.04B,$0.00B,4.55%,$0.04B,$0.00B,4.55%,$0.04B,$0.00B,4.55%,$0.04B,$0.00B,2.27%,$0.04B,$0.00B,2.27%,$0.00B,$0.04B,3.85%,$0.00B,$0.03B,4.17%,$0.00B,$0.05B,2.82%,$0.00B,$0.04B,7.55%,$13,$9,$3,$0,$3,$12,$1,$0,$1,$-0,$1,$1,$1,$1,$1,$6,7,$0.16,$0.15,$18,$7,$1,$39,$6,$0,$2,$0,$8,$47,$10,$1,$0,$1,$10,$0,$1,$1,$37,$47,$1,$1,$-1,$-0,$-5,$-2,$-0,$0,$-5,$-4,$-4,$-0,$0,$0,$0,$0,$0,$-4,$0,$-0,$0,$19,$19,$0,$0,$20,$11,$0,$0
45,2007-03-31,7.3,$5.46,1.34,$10.88,0.67,$-0.65,0.0,$0.24,30.42,$0.04B,$0.01B,3.9,$0.00B,$0.04B,0.02,$0.04B,$0.01B,26.83%,$0.04B,$0.00B,2.44%,$0.04B,$0.00B,2.44%,$0.04B,$0.00B,2.44%,$0.04B,0,0.00%,$0.04B,0,0.00%,$0.00B,$0.04B,0.00%,$0.00B,$0.03B,0.00%,$0.00B,$0.05B,0.00%,$0.00B,$0.04B,4.71%,$11,$8,$3,$0,$2,$10,$0,$0,$0,$0,$0,$0,$0,$0,$0,$5,5,$0.05,$0.05,$21,$8,$1,$39,$5,$0,$2,$0,$7,$46,$10,$1,$0,$1,$11,$0,$-0,$1,$35,$46,$0,$0,$-0,$-0,$-1,$-3,$0,$-0,$-2,$-1,$-3,$0,$0,$0,$0,$0,$0,$-3,$0,$-0,$0,$19,$19,$0,$0,$20,$15,$0,$0
46,2006-12-31,7.65,$4.52,1.69,$12.00,0.64,$-0.42,0.0,$0.24,31.88,$0.02B,$0.01B,2.43,$0.00B,$0.02B,0.06,$0.04B,$0.01B,26.83%,$0.04B,$0.00B,2.44%,$0.04B,$0.00B,2.44%,$0.04B,$0.00B,4.88%,$0.04B,0,0.00%,$0.04B,0,0.00%,$0.00B,$0.02B,0.00%,$0.00B,$0.01B,0.00%,$0.00B,$0.03B,0.00%,$0.00B,$0.02B,6.25%,$9,$7,$2,$0,$2,$9,$0,$0,$0,$0,$0,$0,$0,$0,$0,$3,4,$0.00,$0.00,$5,$6,$1,$21,$2,$0,$2,$0,$4,$25,$9,$1,$0,$1,$9,$0,$-1,$1,$16,$25,$0,$0,$-0,$-0,$-1,$-1,$-1,$-0,$-1,$-1,$-0,$0,$0,$0,$0,$0,$0,$-0,$0,$0,$0,$0,$0,$0,$0,$0,$-1,$0,$0
