,Date,Stock Price,Book Value per Share,Price to Book Ratio,TTM Sales per Share,Price to Sales Ratio,TTM FCF per Share,Price to FCF Ratio,TTM Net EPS,PE Ratio,Current Assets,Current Liabilities,Current Ratio,Long Term Debt,Shareholder's Equity_x,Debt to Equity Ratio,TTM Revenue_x,TTM Gross Profit,Gross Margin,TTM Revenue_y,TTM Operating Income,Operating Margin,TTM Revenue_x,TTM EBIT,EBIT Margin,TTM Revenue_y,TTM EBITDA,EBITDA Margin,TTM Revenue_x,TTM Pre-Tax Income,Pre-Tax Margin,TTM Revenue_y,TTM Net Income_x,Net Margin,TTM Net Income_y,Shareholder's Equity_y,Return on Equity,TTM Net Income_x,Tangible Equity,Return on Tangible Equity,TTM Net Income_y,Total Assets,Return on Assets,TTM Net Income,LT Investments & Debt,Return on Investment,revenue,cost-goods-sold,gross-profit,research-development-expenses,selling-general-administrative-expenses,operating-expenses,operating-income,total-non-operating-income-expense,pre-tax-income,total-provision-income-taxes,income-after-taxes,income-from-continuous-operations,net-income,ebitda,ebit,basic-shares-outstanding,shares-outstanding,eps-basic-net-earnings-per-share,eps-earnings-per-share-diluted,cash-on-hand,inventory,other-current-assets,total-current-assets,net-property-plant-equipment,long-term-investments,goodwill-intangible-assets-total,other-long-term-assets,total-long-term-assets,total-assets,total-current-liabilities,long-term-debt,other-non-current-liabilities,total-long-term-liabilities,total-liabilities,common-stock-net,retained-earnings-accumulated-deficit,comprehensive-income,total-share-holder-equity,total-liabilities-share-holders-equity,net-income-loss,total-depreciation-amortization-cash-flow,other-non-cash-items,total-non-cash-items,change-in-accounts-receivable,change-in-inventories,change-in-accounts-payable,change-in-assets-liabilities,total-change-in-assets-liabilities,cash-flow-from-operating-activities,net-change-in-property-plant-equipment,net-change-in-intangible-assets,net-acquisitions-divestitures,net-change-in-short-term-investments,net-change-in-long-term-investments,net-change-in-investments-total,investing-activities-other,cash-flow-from-investing-activities,net-long-term-debt,net-current-debt,debt-issuance-retirement-net-total,net-common-equity-issued-repurchased,net-total-equity-issued-repurchased,total-common-preferred-stock-dividends-paid,financial-activities-other,cash-flow-from-financial-activities,net-cash-flow,stock-based-compensation,common-stock-dividends-paid
0,2018-09-30,2.2,$1.61,1.36,$2.63,0.84,$3.34,0.66,$-0.28,0.0,$0.12B,$0.11B,1.09,$0.66B,$-0.02B,-30.56,$0.31B,$0.23B,74.28%,$0.31B,$-0.04B,-13.18%,$0.31B,$-0.04B,-13.18%,$0.31B,$0.06B,18.97%,$0.31B,$-0.04B,-13.18%,$0.31B,$-0.03B,-9.32%,$-0.03B,$0.18B,-15.30%,$-0.03B,$-0.02B,263.64%,$-0.03B,$1.06B,-2.64%,$-0.04B,$0.84B,-4.68%,$65,$17,$49,$0,$24,$67,$-1,$0,$-1,$4,$-5,$-5,$-3,$22,$-1,$111,111,$-0.03,$-0.03,$58,$17,$10,$124,$568,$156,$201,$11,$935,$1059,$114,$657,$92,$767,$881,$1265,$-1147,$-140,$178,$1059,$11,$73,$-8,$65,$20,$1,$-1,$3,$22,$98,$-2,$0,$-15,$0,$0,$0,$0,$-17,$-75,$0,$-75,$-12,$-20,$-6,$-6,$-108,$-27,$2,$0
1,2018-06-30,2.2,$1.68,1.31,$2.98,0.74,$3.63,0.61,$-0.54,0.0,$0.14B,$0.10B,1.32,$0.67B,$-0.02B,-36.5,$0.36B,$0.26B,74.37%,$0.36B,$-0.09B,-25.35%,$0.36B,$-0.09B,-25.35%,$0.36B,$0.02B,5.92%,$0.36B,$-0.09B,-25.35%,$0.36B,$-0.06B,-16.62%,$-0.06B,$0.19B,-28.78%,$-0.06B,$0.00B,1242.11%,$-0.06B,$1.07B,-5.07%,$-0.09B,$0.86B,-9.85%,$66,$15,$51,$0,$33,$64,$2,$0,$2,$1,$1,$1,$-1,$25,$2,$112,112,$-0.01,$-0.01,$83,$14,$10,$136,$573,$161,$188,$10,$932,$1068,$103,$672,$91,$777,$880,$1267,$-1143,$-142,$188,$1068,$15,$50,$-12,$38,$27,$4,$-2,$4,$26,$78,$-1,$0,$0,$0,$-1,$-1,$0,$-2,$-55,$0,$-55,$-9,$-14,$-4,$-6,$-78,$-2,$1,$0
2,2018-03-31,2.1,$1.72,1.22,$3.47,0.61,$3.65,0.58,$-0.72,0.0,$0.15B,$0.12B,1.26,$0.70B,$-0.01B,-54.8,$0.41B,$0.31B,75.79%,$0.41B,$-0.13B,-32.45%,$0.41B,$-0.13B,-32.45%,$0.41B,$-0.01B,-3.39%,$0.41B,$-0.13B,-32.45%,$0.41B,$-0.08B,-19.37%,$-0.08B,$0.20B,-35.52%,$-0.08B,$-0.01B,2461.54%,$-0.08B,$1.11B,-6.45%,$-0.13B,$0.89B,-13.84%,$80,$22,$58,$0,$27,$63,$17,$0,$17,$3,$14,$14,$16,$45,$17,$115,138,$0.14,$0.12,$88,$16,$9,$147,$586,$169,$200,$11,$966,$1113,$116,$696,$92,$802,$919,$1269,$-1143,$-139,$195,$1113,$14,$27,$-17,$10,$26,$2,$3,$1,$26,$50,$-1,$0,$0,$0,$0,$0,$0,$-1,$-28,$0,$-28,$-6,$-10,$-2,$-5,$-46,$4,$1,$0
3,2017-12-31,2.35,$1.71,1.38,$3.74,0.63,$3.57,0.66,$-0.86,0.0,$0.17B,$0.13B,1.27,$0.72B,$-0.02B,-39.22,$0.43B,$0.33B,75.41%,$0.43B,$-0.15B,-35.27%,$0.43B,$-0.15B,-35.27%,$0.43B,$-0.03B,-6.50%,$0.43B,$-0.15B,-35.27%,$0.43B,$-0.10B,-22.97%,$-0.10B,$0.20B,-39.92%,$-0.10B,$-0.02B,-7920.00%,$-0.10B,$1.16B,-7.49%,$-0.15B,$0.92B,-14.84%,$100,$27,$73,$0,$30,$159,$-59,$0,$-59,$-20,$-39,$-39,$-41,$-33,$-59,$115,115,$-0.36,$-0.36,$85,$18,$6,$169,$602,$164,$213,$11,$990,$1159,$133,$722,$96,$829,$962,$1275,$-1158,$-135,$197,$1159,$-93,$124,$156,$280,$-15,$-2,$-1,$0,$-18,$169,$-4,$0,$0,$0,$0,$0,$7,$3,$-166,$0,$-166,$-0,$-3,$-9,$-1,$-179,$-7,$2,$0
4,2017-09-30,2.45,$2.08,1.18,$3.66,0.67,$3.02,0.81,$-0.56,0.0,$0.22B,$0.20B,1.07,$0.74B,$0.03B,30.07,$0.42B,$0.31B,72.41%,$0.42B,$-0.10B,-23.11%,$0.42B,$-0.10B,-23.11%,$0.42B,$0.04B,9.67%,$0.42B,$-0.10B,-23.11%,$0.42B,$-0.07B,-15.33%,$-0.07B,$0.24B,-24.05%,$-0.07B,$0.00B,-1040.00%,$-0.07B,$1.31B,-4.65%,$-0.10B,$0.98B,-9.09%,$109,$26,$82,$0,$25,$158,$-50,$0,$-50,$-16,$-34,$-34,$-33,$-16,$-50,$115,115,$-0.29,$-0.29,$135,$20,$6,$218,$653,$200,$238,$6,$1096,$1314,$203,$743,$101,$871,$1074,$1274,$-1117,$-132,$240,$1314,$-54,$98,$107,$205,$-12,$-4,$0,$1,$-12,$139,$-6,$0,$0,$0,$0,$0,$0,$-6,$-86,$0,$-86,$-0,$-3,$-7,$-1,$-97,$36,$2,$0
5,2017-06-30,2.4,$2.34,1.03,$3.56,0.67,$2.58,0.93,$-0.96,0.0,$0.19B,$0.15B,1.33,$0.81B,$0.05B,16.88,$0.42B,$0.29B,69.47%,$0.42B,$-0.13B,-30.29%,$0.42B,$-0.13B,-30.29%,$0.42B,$0.01B,2.16%,$0.42B,$-0.13B,-30.29%,$0.42B,$-0.11B,-27.40%,$-0.11B,$0.27B,-39.83%,$-0.11B,$0.01B,-2850.00%,$-0.11B,$1.37B,-7.87%,$-0.13B,$1.08B,-11.16%,$124,$24,$100,$0,$29,$166,$-42,$0,$-42,$-22,$-20,$-20,$-22,$-10,$-42,$115,115,$-0.19,$-0.19,$119,$20,$6,$194,$706,$204,$263,$7,$1180,$1374,$145,$810,$105,$959,$1105,$1274,$-1084,$-142,$269,$1374,$-20,$64,$51,$115,$-5,$-3,$-1,$-0,$-9,$86,$-4,$0,$0,$0,$0,$0,$0,$-4,$-57,$0,$-57,$0,$0,$-4,$-1,$-62,$20,$1,$0
6,2017-03-31,2.65,$2.48,1.07,$3.29,0.8,$2.30,1.15,$-0.92,0.0,$0.17B,$0.16B,1.11,$0.83B,$0.07B,12.86,$0.39B,$0.25B,64.62%,$0.39B,$-0.12B,-30.51%,$0.39B,$-0.12B,-30.51%,$0.39B,$0.05B,12.05%,$0.39B,$-0.12B,-30.51%,$0.39B,$-0.11B,-28.46%,$-0.11B,$0.29B,-34.34%,$-0.11B,$0.01B,-8880.00%,$-0.11B,$1.44B,-7.23%,$-0.12B,$1.12B,-9.87%,$98,$29,$70,$0,$27,$99,$-1,$0,$-1,$-0,$-1,$-1,$-3,$31,$-1,$115,115,$-0.02,$-0.02,$102,$16,$6,$171,$717,$272,$273,$9,$1271,$1442,$155,$829,$104,$1001,$1156,$1273,$-1063,$-146,$286,$1442,$-1,$32,$-2,$30,$0,$-0,$-0,$-3,$5,$34,$-2,$0,$0,$0,$0,$0,$0,$-2,$-27,$0,$-27,$0,$0,$-2,$0,$-30,$3,$0,$0
7,2016-12-31,2.5,$2.49,1.0,$3.31,0.76,$2.26,1.11,$-1.02,0.0,$0.17B,$0.15B,1.09,$0.85B,$0.07B,13.15,$0.40B,$0.25B,62.81%,$0.40B,$-0.13B,-32.41%,$0.40B,$-0.13B,-32.41%,$0.40B,$0.03B,7.54%,$0.40B,$-0.13B,-32.41%,$0.40B,$-0.12B,-30.90%,$-0.12B,$0.29B,-34.05%,$-0.12B,$0.00B,12300.00%,$-0.12B,$1.46B,-7.74%,$-0.13B,$1.14B,-10.15%,$93,$39,$55,$0,$31,$98,$-5,$0,$-5,$-0,$-4,$-4,$-7,$36,$-5,$120,120,$-0.06,$-0.06,$99,$16,$7,$165,$733,$267,$282,$10,$1292,$1457,$151,$850,$102,$1020,$1171,$1273,$-1060,$-149,$286,$1457,$-114,$158,$62,$220,$2,$1,$-0,$5,$6,$112,$-7,$0,$0,$0,$0,$0,$7,$-1,$-54,$0,$-54,$-20,$-20,$-9,$-17,$-99,$13,$2,$0
8,2016-09-30,2.47,$2.60,0.95,$3.34,0.74,$4.68,0.53,$-1.57,0.0,$0.18B,$0.16B,1.1,$0.88B,$0.08B,10.67,$0.40B,$0.25B,63.03%,$0.40B,$-0.24B,-59.31%,$0.40B,$-0.24B,-59.31%,$0.40B,$-0.08B,-18.61%,$0.40B,$-0.24B,-59.31%,$0.40B,$-0.21B,-50.87%,$-0.21B,$0.30B,-51.44%,$-0.21B,$-0.01B,5125.00%,$-0.21B,$1.52B,-12.47%,$-0.24B,$1.18B,-17.89%,$101,$37,$64,$0,$34,$179,$-78,$0,$-78,$3,$-80,$-80,$-82,$-48,$-78,$119,119,$-0.69,$-0.69,$106,$16,$4,$176,$750,$278,$311,$7,$1346,$1522,$160,$880,$108,$1059,$1218,$1278,$-1054,$-142,$304,$1522,$-110,$117,$73,$190,$0,$1,$0,$0,$12,$92,$-7,$0,$0,$0,$0,$0,$7,$1,$-35,$0,$-35,$-14,$-14,$-6,$-16,$-71,$21,$1,$0
9,2016-06-30,2.48,$3.45,0.72,$3.37,0.74,$7.12,0.35,$-0.93,0.0,$0.24B,$0.15B,1.57,$0.97B,$0.20B,4.97,$0.41B,$0.26B,62.44%,$0.41B,$-0.16B,-39.76%,$0.41B,$-0.16B,-39.76%,$0.41B,$-0.00B,-0.24%,$0.41B,$-0.16B,-39.76%,$0.41B,$-0.13B,-31.46%,$-0.13B,$0.42B,-28.14%,$-0.13B,$-0.01B,-3685.71%,$-0.13B,$1.72B,-7.41%,$-0.16B,$1.39B,-11.37%,$98,$35,$63,$0,$36,$133,$-35,$0,$-35,$-18,$-16,$-16,$-19,$28,$-35,$122,122,$-0.15,$-0.15,$169,$17,$4,$241,$768,$281,$422,$7,$1480,$1721,$154,$971,$110,$1150,$1304,$1287,$-971,$-120,$417,$1721,$-29,$88,$-3,$84,$-3,$-0,$4,$2,$-1,$54,$-2,$0,$0,$0,$0,$0,$6,$4,$49,$0,$49,$-5,$-5,$-4,$-16,$25,$82,$1,$0
10,2016-03-31,2.46,$3.59,0.69,$3.40,0.72,$7.09,0.35,$-0.66,0.0,$0.14B,$0.09B,1.61,$0.94B,$0.22B,4.33,$0.42B,$0.26B,62.17%,$0.42B,$-0.15B,-34.94%,$0.42B,$-0.15B,-34.94%,$0.42B,$-0.02B,-4.34%,$0.42B,$-0.15B,-34.94%,$0.42B,$-0.10B,-22.89%,$-0.10B,$0.44B,-19.09%,$-0.10B,$0.00B,-716.98%,$-0.10B,$1.66B,-5.04%,$-0.15B,$1.38B,-9.68%,$106,$39,$68,$0,$27,$118,$-11,$0,$-11,$2,$-13,$-13,$-15,$14,$-11,$122,122,$-0.12,$-0.12,$74,$14,$3,$143,$778,$293,$434,$12,$1517,$1660,$89,$938,$109,$1133,$1222,$1290,$-952,$-121,$438,$1660,$-13,$25,$13,$38,$-1,$3,$1,$-10,$4,$29,$-1,$0,$0,$0,$0,$0,$10,$9,$-44,$0,$-44,$-1,$-1,$-2,$0,$-47,$-8,$1,$0
11,2015-12-31,1.97,$3.56,0.55,$3.44,0.57,$7.13,0.28,$-0.40,0.0,$0.16B,$0.09B,1.77,$0.96B,$0.21B,4.49,$0.42B,$0.26B,60.71%,$0.42B,$-0.11B,-27.14%,$0.42B,$-0.11B,-27.14%,$0.42B,$0.03B,6.19%,$0.42B,$-0.11B,-27.14%,$0.42B,$-0.06B,-14.76%,$-0.06B,$0.44B,-10.60%,$-0.06B,$-0.01B,-87.94%,$-0.06B,$1.67B,-2.85%,$-0.11B,$1.40B,-6.69%,$98,$40,$59,$0,$28,$214,$-115,$0,$-115,$-30,$-85,$-85,$-89,$-69,$-115,$122,122,$-0.72,$-0.72,$88,$17,$5,$157,$778,$286,$443,$7,$1514,$1671,$89,$960,$101,$1147,$1236,$1291,$-937,$-139,$435,$1671,$-65,$141,$22,$163,$6,$2,$-9,$0,$-10,$88,$315,$0,$0,$0,$0,$0,$6,$321,$-422,$0,$-422,$0,$0,$-24,$-1,$-447,$-34,$2,$-15
12,2015-09-30,1.84,$4.46,0.41,$3.63,0.51,$4.33,0.43,$0.12,15.33,$0.16B,$0.11B,1.52,$1.03B,$0.32B,3.19,$0.44B,$0.27B,59.95%,$0.44B,$-0.02B,-3.39%,$0.44B,$-0.02B,-3.39%,$0.44B,$0.12B,26.92%,$0.44B,$-0.02B,-3.39%,$0.44B,$0.02B,3.85%,$0.02B,$0.54B,2.50%,$0.02B,$0.02B,12.78%,$0.02B,$1.91B,0.68%,$-0.02B,$1.58B,-0.78%,$108,$41,$66,$0,$32,$110,$-2,$0,$-2,$1,$-3,$-3,$-6,$26,$-2,$122,122,$-0.05,$-0.05,$91,$18,$0,$163,$876,$297,$522,$9,$1747,$1910,$107,$1030,$116,$1259,$1366,$1290,$-846,$-121,$544,$1910,$22,$94,$-73,$22,$4,$2,$-6,$20,$24,$68,$317,$0,$0,$0,$0,$0,$7,$324,$-406,$0,$-406,$0,$0,$-19,$0,$-425,$-30,$2,$-12
13,2015-06-30,3.02,$4.71,0.64,$3.75,0.8,$1.47,2.05,$-0.57,0.0,$0.49B,$0.42B,1.15,$1.07B,$0.35B,3.02,$0.46B,$0.27B,59.43%,$0.46B,$-0.10B,-20.83%,$0.46B,$-0.10B,-20.83%,$0.46B,$0.05B,11.40%,$0.46B,$-0.10B,-20.83%,$0.46B,$-0.07B,-14.47%,$-0.07B,$0.57B,-8.70%,$-0.07B,$0.03B,-34.33%,$-0.07B,$2.30B,-2.38%,$-0.10B,$1.64B,-4.34%,$103,$38,$65,$0,$42,$120,$-17,$0,$-17,$3,$-20,$-20,$15,$11,$-17,$122,122,$0.12,$0.12,$411,$17,$0,$485,$909,$301,$540,$9,$1815,$2300,$422,$1067,$125,$1304,$1726,$1290,$-838,$-99,$574,$2300,$26,$66,$-56,$11,$1,$3,$-3,$9,$17,$53,$-5,$0,$0,$0,$326,$326,$4,$325,$-80,$0,$-80,$0,$0,$-14,$0,$-94,$288,$1,$-10
14,2015-03-31,2.73,$6.46,0.42,$3.93,0.69,$1.10,2.49,$-1.18,0.0,$0.96B,$0.39B,2.46,$1.41B,$0.57B,2.51,$0.48B,$0.28B,58.61%,$0.48B,$-0.13B,-27.94%,$0.48B,$-0.13B,-27.94%,$0.48B,$0.03B,5.67%,$0.48B,$-0.13B,-27.94%,$0.48B,$-0.14B,-29.41%,$-0.14B,$0.79B,-16.26%,$-0.14B,$0.23B,-55.61%,$-0.14B,$2.81B,-4.67%,$-0.13B,$2.20B,-5.37%,$111,$46,$65,$1,$31,$91,$20,$0,$20,$-5,$25,$25,$18,$58,$20,$122,122,$0.14,$0.14,$114,$16,$781,$964,$915,$310,$553,$11,$1848,$2812,$392,$1414,$134,$1634,$2026,$1289,$-849,$-104,$786,$2812,$12,$38,$-31,$7,$6,$4,$-6,$4,$16,$35,$-1,$0,$0,$0,$0,$0,$9,$8,$-39,$0,$-39,$0,$0,$-8,$0,$-46,$-6,$0,$-6
15,2014-12-31,2.61,$6.73,0.39,$4.06,0.64,$0.57,4.61,$-1.48,0.0,$1.00B,$0.38B,2.63,$1.49B,$0.60B,2.5,$0.49B,$0.28B,57.14%,$0.49B,$-0.18B,-37.55%,$0.49B,$-0.18B,-37.55%,$0.49B,$-0.02B,-4.49%,$0.49B,$-0.18B,-37.55%,$0.49B,$-0.18B,-36.12%,$-0.18B,$0.82B,-19.15%,$-0.18B,$0.24B,-65.19%,$-0.18B,$2.92B,-5.67%,$-0.18B,$2.30B,-6.96%,$120,$51,$69,$1,$35,$136,$-16,$0,$-16,$-11,$-5,$-5,$-10,$24,$-16,$121,121,$-0.08,$-0.08,$129,$19,$794,$999,$963,$307,$574,$11,$1918,$2916,$380,$1487,$141,$1719,$2100,$1288,$-864,$-68,$817,$2916,$-182,$163,$103,$266,$7,$-3,$-4,$21,$-19,$65,$-4,$0,$0,$0,$0,$0,$73,$69,$-83,$0,$-83,$0,$0,$-61,$-39,$-182,$-53,$4,$-46
16,2014-09-30,2.27,$7.09,0.32,$3.57,0.63,$0.96,2.37,$-1.35,0.0,$0.29B,$0.19B,1.54,$1.77B,$0.64B,2.78,$0.43B,$0.22B,51.40%,$0.43B,$-0.20B,-45.58%,$0.43B,$-0.20B,-45.58%,$0.43B,$-0.03B,-7.44%,$0.43B,$-0.20B,-45.58%,$0.43B,$-0.16B,-37.67%,$-0.16B,$0.86B,-16.30%,$-0.16B,$0.26B,-54.36%,$-0.16B,$3.06B,-5.00%,$-0.20B,$2.62B,-7.14%,$122,$49,$72,$1,$38,$204,$-82,$0,$-82,$1,$-83,$-83,$-89,$-41,$-82,$121,121,$-0.74,$-0.74,$186,$20,$0,$288,$1710,$360,$597,$33,$2768,$3057,$187,$1765,$149,$2012,$2200,$1287,$-850,$-47,$857,$3057,$-170,$122,$87,$210,$-0,$-4,$-5,$18,$6,$46,$-10,$0,$0,$0,$0,$0,$87,$76,$-22,$0,$-22,$0,$0,$-52,$-39,$-113,$9,$2,$-52
17,2014-06-30,3.84,$8.15,0.47,$3.73,1.03,$3.05,1.26,$-0.95,0.0,$0.28B,$0.17B,1.58,$1.80B,$0.76B,2.36,$0.45B,$0.24B,54.02%,$0.45B,$-0.16B,-34.60%,$0.45B,$-0.16B,-34.60%,$0.45B,$0.01B,2.46%,$0.45B,$-0.16B,-34.60%,$0.45B,$-0.11B,-25.45%,$-0.11B,$0.98B,-10.75%,$-0.11B,$0.27B,-35.46%,$-0.11B,$3.21B,-3.40%,$-0.16B,$2.78B,-5.55%,$123,$50,$73,$1,$39,$178,$-55,$0,$-55,$-5,$-51,$-51,$-59,$-14,$-55,$121,121,$-0.49,$-0.49,$175,$19,$2,$275,$1751,$369,$712,$105,$2936,$3211,$174,$1798,$158,$2052,$2227,$1287,$-754,$-24,$984,$3211,$-79,$82,$11,$92,$3,$-3,$-5,$15,$-8,$6,$-3,$0,$0,$0,$0,$0,$78,$75,$-8,$0,$-8,$0,$0,$-35,$-39,$-82,$-1,$1,$-35
18,2014-03-31,2.65,$8.62,0.31,$3.84,0.69,$4.82,0.55,$-0.49,0.0,$0.32B,$0.17B,1.82,$1.83B,$0.82B,2.24,$0.46B,$0.26B,55.31%,$0.46B,$-0.09B,-20.17%,$0.46B,$-0.09B,-20.17%,$0.46B,$0.08B,16.49%,$0.46B,$-0.09B,-20.17%,$0.46B,$-0.06B,-12.58%,$-0.06B,$1.04B,-5.25%,$-0.06B,$0.31B,-17.00%,$-0.06B,$3.30B,-1.69%,$-0.09B,$2.87B,-3.26%,$125,$60,$66,$1,$35,$156,$-31,$0,$-31,$-17,$-14,$-14,$-19,$9,$-31,$120,120,$-0.16,$-0.16,$221,$16,$1,$315,$1772,$391,$728,$91,$2982,$3297,$174,$1828,$159,$2084,$2257,$1286,$-685,$-41,$1039,$3297,$-23,$41,$-44,$-3,$7,$-0,$-3,$7,$-3,$-29,$-2,$0,$0,$0,$0,$0,$74,$72,$35,$0,$35,$0,$0,$-18,$-38,$-22,$12,$0,$-18
19,2013-12-31,3.08,$9.12,0.34,$3.95,0.78,$5.59,0.55,$-0.28,0.0,$0.36B,$0.39B,0.91,$1.62B,$0.88B,1.85,$0.47B,$0.28B,58.99%,$0.47B,$-0.06B,-12.05%,$0.47B,$-0.06B,-12.05%,$0.47B,$0.12B,25.58%,$0.47B,$-0.06B,-12.05%,$0.47B,$-0.03B,-6.77%,$-0.03B,$1.10B,-2.82%,$-0.03B,$0.35B,-9.36%,$-0.03B,$3.40B,-0.89%,$-0.06B,$2.71B,-1.96%,$60,$50,$10,$2,$25,$88,$-28,$0,$-28,$-31,$3,$3,$5,$14,$-28,$120,120,$0.04,$0.04,$255,$16,$0,$355,$1813,$394,$748,$42,$3040,$3395,$389,$1618,$180,$1910,$2299,$1286,$-655,$-22,$1096,$3395,$-24,$176,$-47,$129,$3,$1,$-8,$52,$47,$152,$-45,$0,$0,$0,$183,$183,$9,$147,$-166,$0,$-166,$0,$0,$-83,$42,$-208,$98,$2,$-74
20,2013-09-30,3.69,$9.34,0.39,$4.34,0.85,$2.43,1.52,$-0.82,0.0,$0.39B,$0.34B,1.14,$1.69B,$0.90B,1.88,$0.52B,$0.33B,64.15%,$0.52B,$-0.06B,-11.24%,$0.52B,$-0.06B,-11.24%,$0.52B,$0.12B,22.67%,$0.52B,$-0.06B,-11.24%,$0.52B,$-0.10B,-18.41%,$-0.10B,$1.12B,-8.21%,$-0.10B,$0.35B,-28.21%,$-0.10B,$3.50B,-2.53%,$-0.06B,$2.81B,-1.94%,$140,$47,$93,$1,$46,$181,$-41,$0,$-41,$0,$-41,$-41,$-41,$2,$-41,$120,120,$-0.34,$-0.34,$291,$18,$1,$388,$1874,$405,$767,$63,$3109,$3497,$340,$1688,$197,$2036,$2376,$1286,$-650,$-9,$1121,$3497,$-32,$135,$-11,$124,$5,$-2,$-12,$54,$51,$143,$144,$0,$0,$0,$0,$0,$4,$148,$-162,$0,$-162,$0,$0,$-68,$43,$-187,$111,$0,$-68
21,2013-06-30,3.29,$9.73,0.34,$4.06,0.81,$-1.76,0.0,$-0.54,0.0,$0.35B,$0.18B,1.9,$1.87B,$0.95B,1.98,$0.48B,$0.30B,63.07%,$0.48B,$-0.04B,-7.68%,$0.48B,$-0.04B,-7.68%,$0.48B,$0.14B,28.01%,$0.48B,$-0.04B,-7.68%,$0.48B,$-0.06B,-12.86%,$-0.06B,$1.17B,-5.44%,$-0.06B,$0.35B,-21.49%,$-0.06B,$3.57B,-1.64%,$-0.04B,$3.04B,-1.26%,$136,$50,$86,$2,$58,$129,$7,$0,$7,$1,$7,$7,$-3,$51,$7,$120,120,$-0.03,$-0.03,$236,$18,$2,$346,$1932,$410,$815,$64,$3222,$3567,$182,$1870,$193,$2219,$2401,$1285,$-597,$-20,$1166,$3567,$9,$93,$-26,$67,$-4,$-1,$-9,$46,$21,$97,$117,$0,$0,$0,$0,$0,$34,$151,$-110,$0,$-110,$0,$0,$-53,$44,$-119,$135,$0,$-53
22,2013-03-31,4.03,$9.64,0.42,$3.82,1.06,$-4.79,0.0,$-0.55,0.0,$0.61B,$0.51B,1.19,$1.89B,$0.93B,2.03,$0.45B,$0.28B,63.09%,$0.45B,$-0.07B,-15.88%,$0.45B,$-0.07B,-15.88%,$0.45B,$0.10B,21.92%,$0.45B,$-0.07B,-15.88%,$0.45B,$-0.06B,-14.32%,$-0.06B,$1.16B,-5.82%,$-0.06B,$0.32B,-35.65%,$-0.06B,$3.94B,-1.70%,$-0.07B,$3.05B,-2.52%,$137,$48,$90,$2,$36,$133,$5,$0,$5,$-3,$7,$7,$7,$54,$5,$120,120,$0.05,$0.05,$129,$20,$357,$605,$2020,$411,$840,$63,$3335,$3939,$510,$1892,$223,$2274,$2784,$1285,$-584,$-2,$1155,$3939,$8,$49,$-1,$48,$-5,$1,$-8,$40,$34,$90,$-27,$0,$0,$0,$0,$0,$-19,$-46,$15,$0,$15,$0,$0,$-36,$1,$-20,$26,$0,$-36
23,2012-12-31,9.14,$9.93,0.92,$3.72,2.46,$-6.17,0.0,$-0.97,0.0,$0.56B,$0.54B,1.05,$1.88B,$0.97B,1.95,$0.43B,$0.27B,61.77%,$0.43B,$-0.14B,-33.57%,$0.43B,$-0.14B,-33.57%,$0.43B,$0.01B,3.03%,$0.43B,$-0.14B,-33.57%,$0.43B,$-0.11B,-26.34%,$-0.11B,$1.19B,-10.50%,$-0.11B,$0.33B,-132.16%,$-0.11B,$4.00B,-3.11%,$-0.14B,$3.07B,-5.31%,$103,$41,$62,$0,$37,$133,$-29,$0,$-29,$-9,$-20,$-20,$-58,$10,$-29,$116,116,$-0.50,$-0.50,$89,$17,$380,$562,$2056,$429,$860,$97,$3441,$4003,$536,$1883,$234,$2281,$2816,$1286,$-565,$9,$1186,$4003,$-100,$157,$108,$265,$2,$-6,$21,$-13,$3,$167,$-431,$0,$-81,$0,$0,$0,$-12,$-524,$313,$0,$313,$0,$0,$-144,$194,$363,$-1,$0,$-144
24,2012-09-30,11.69,$8.83,1.32,$4.05,2.88,$-4.56,0.0,$-0.73,0.0,$0.50B,$0.67B,0.75,$1.55B,$0.83B,1.87,$0.42B,$0.26B,61.67%,$0.42B,$-0.20B,-47.14%,$0.42B,$-0.20B,-47.14%,$0.42B,$-0.05B,-11.67%,$0.42B,$-0.20B,-47.14%,$0.42B,$-0.09B,-22.14%,$-0.09B,$1.05B,-8.78%,$-0.09B,$0.16B,-1617.39%,$-0.09B,$3.64B,-2.70%,$-0.20B,$2.61B,-7.55%,$106,$40,$66,$0,$33,$127,$-20,$0,$-20,$3,$-24,$-24,$-8,$20,$-20,$119,119,$-0.06,$-0.06,$156,$20,$214,$501,$1731,$433,$892,$88,$3143,$3644,$666,$1552,$213,$1926,$2591,$1286,$-474,$17,$1053,$3644,$-46,$118,$56,$173,$-3,$-6,$15,$-13,$-3,$124,$-337,$0,$0,$0,$28,$28,$-106,$-416,$409,$0,$409,$0,$0,$-108,$-25,$275,$-18,$0,$-108
25,2012-06-30,9.81,$8.86,1.11,$3.81,2.58,$-2.95,0.0,$-1.07,0.0,$0.19B,$0.49B,0.39,$1.55B,$0.79B,1.97,$0.36B,$0.22B,62.12%,$0.36B,$-0.21B,-59.33%,$0.36B,$-0.21B,-59.33%,$0.36B,$-0.09B,-25.91%,$0.36B,$-0.21B,-59.33%,$0.36B,$-0.11B,-31.48%,$-0.11B,$1.01B,-12.66%,$-0.11B,$-0.09B,2825.00%,$-0.11B,$3.43B,-4.04%,$-0.21B,$2.56B,-9.73%,$101,$37,$64,$0,$46,$128,$-27,$0,$-27,$-5,$-21,$-21,$-5,$14,$-27,$114,114,$-0.04,$-0.04,$82,$19,$7,$193,$1610,$450,$1093,$83,$3235,$3429,$494,$1551,$219,$1927,$2421,$1218,$-433,$-2,$1007,$3429,$-41,$77,$46,$123,$20,$-4,$-0,$-10,$8,$89,$-231,$0,$0,$0,$24,$24,$2,$-205,$208,$0,$208,$0,$0,$-71,$-19,$118,$2,$0,$-71
26,2012-03-31,10.37,$9.31,1.11,$3.69,2.81,$-1.68,0.0,$-0.85,0.0,$0.25B,$0.48B,0.52,$1.56B,$0.84B,1.86,$0.31B,$0.20B,63.67%,$0.31B,$-0.18B,-58.20%,$0.31B,$-0.18B,-58.20%,$0.31B,$-0.09B,-29.26%,$0.31B,$-0.18B,-58.20%,$0.31B,$-0.10B,-30.55%,$-0.10B,$1.06B,-12.69%,$-0.10B,$-0.06B,-168.14%,$-0.10B,$3.48B,-4.34%,$-0.18B,$2.62B,-10.19%,$119,$46,$73,$0,$32,$186,$-68,$0,$-68,$-17,$-51,$-51,$-42,$-31,$-68,$114,114,$-0.37,$-0.37,$134,$18,$11,$249,$1550,$477,$1120,$81,$3227,$3476,$477,$1558,$217,$1940,$2417,$1218,$-396,$12,$1059,$3476,$-39,$37,$52,$88,$20,$1,$0,$-9,$18,$67,$-164,$0,$0,$0,$0,$0,$-7,$-171,$196,$0,$196,$0,$0,$-36,$-10,$150,$46,$0,$-36
27,2011-12-31,10.51,$9.83,1.07,$3.43,3.06,$-0.75,0.0,$-0.39,0.0,$0.20B,$0.19B,1.04,$1.59B,$0.89B,1.78,$0.25B,$0.16B,65.85%,$0.25B,$-0.11B,-42.68%,$0.25B,$-0.11B,-42.68%,$0.25B,$-0.04B,-17.07%,$0.25B,$-0.11B,-42.68%,$0.25B,$-0.05B,-19.11%,$-0.05B,$1.12B,-7.92%,$-0.05B,$0.01B,-42.53%,$-0.05B,$3.25B,-2.99%,$-0.11B,$2.71B,-7.82%,$94,$37,$56,$0,$60,$177,$-83,$0,$-83,$-11,$-72,$-72,$-38,$-52,$-83,$77,77,$-0.50,$-0.50,$82,$19,$10,$201,$1388,$474,$1108,$77,$3048,$3248,$192,$1594,$163,$1940,$2133,$1217,$-321,$-5,$1116,$3248,$-36,$64,$40,$104,$-16,$-0,$5,$2,$-12,$56,$-107,$0,$-592,$0,$0,$0,$16,$-682,$753,$0,$753,$0,$0,$-85,$-26,$641,$15,$0,$-85
28,2011-09-30,10.22,$5.64,1.81,$5.33,1.92,$0.56,18.31,$-0.11,0.0,$0.11B,$0.11B,0.98,$0.48B,$0.39B,1.24,$0.35B,$0.24B,68.01%,$0.35B,$-0.01B,-2.02%,$0.35B,$-0.01B,-2.02%,$0.35B,$0.04B,10.09%,$0.35B,$-0.01B,-2.02%,$0.35B,$-0.01B,-3.75%,$-0.01B,$0.39B,-3.08%,$-0.01B,$0.12B,-9.00%,$-0.01B,$1.03B,-1.28%,$-0.01B,$0.87B,-0.79%,$45,$15,$30,$0,$20,$79,$-35,$0,$-35,$-5,$-29,$-29,$-28,$-24,$-35,$69,69,$-0.40,$-0.40,$66,$0,$1,$106,$361,$275,$267,$20,$923,$1029,$108,$484,$30,$532,$640,$649,$-262,$-1,$389,$1029,$-9,$33,$43,$75,$0,$0,$0,$-2,$0,$66,$-79,$0,$0,$0,$9,$9,$2,$-68,$52,$0,$52,$0,$0,$-58,$0,$-5,$-7,$0,$-58
29,2011-06-30,10.76,$6.29,1.71,$5.58,1.93,$1.76,6.11,$0.28,38.43,$0.11B,$0.05B,2.11,$0.47B,$0.43B,1.1,$0.36B,$0.24B,67.42%,$0.36B,$0.03B,8.71%,$0.36B,$0.03B,8.71%,$0.36B,$0.07B,20.22%,$0.36B,$0.03B,8.71%,$0.36B,$0.02B,4.21%,$0.02B,$0.43B,3.59%,$0.02B,$0.16B,10.68%,$0.02B,$1.01B,1.54%,$0.03B,$0.90B,3.63%,$53,$14,$39,$0,$12,$48,$5,$0,$5,$-8,$13,$13,$13,$16,$5,$69,69,$0.19,$0.18,$68,$0,$9,$114,$308,$277,$274,$36,$895,$1009,$54,$473,$27,$523,$578,$644,$-216,$0,$431,$1009,$19,$22,$10,$32,$-1,$0,$0,$-0,$-6,$45,$-43,$0,$0,$0,$9,$9,$10,$-25,$20,$0,$20,$0,$0,$-38,$0,$-19,$1,$0,$-38
30,2011-03-31,10.5,$6.35,1.65,$5.59,1.88,$2.30,4.57,$0.14,75.01,$0.11B,$0.07B,1.64,$0.45B,$0.44B,1.03,$0.35B,$0.23B,66.38%,$0.35B,$0.03B,8.83%,$0.35B,$0.03B,8.83%,$0.35B,$0.07B,20.23%,$0.35B,$0.03B,8.83%,$0.35B,$0.00B,0.85%,$0.00B,$0.44B,0.74%,$0.00B,$0.16B,2.31%,$0.00B,$1.01B,0.32%,$0.03B,$0.89B,3.82%,$54,$17,$37,$0,$15,$46,$8,$0,$8,$2,$6,$6,$6,$18,$8,$68,68,$0.09,$0.09,$52,$0,$9,$109,$284,$294,$282,$39,$899,$1008,$67,$451,$22,$504,$571,$642,$-210,$1,$437,$1008,$6,$11,$1,$12,$-0,$0,$0,$1,$2,$20,$-15,$0,$0,$0,$0,$0,$-3,$-18,$-1,$0,$-1,$0,$0,$-19,$0,$-19,$-17,$0,$-19
31,2010-12-31,10.06,$6.46,1.56,$5.46,1.84,$2.51,4.01,$-0.05,0.0,$0.12B,$0.06B,1.99,$0.47B,$0.43B,1.07,$0.34B,$0.23B,65.70%,$0.34B,$0.02B,6.40%,$0.34B,$0.02B,6.40%,$0.34B,$0.06B,18.02%,$0.34B,$0.02B,6.40%,$0.34B,$-0.01B,-2.62%,$-0.01B,$0.43B,-2.28%,$-0.01B,$0.14B,-7.42%,$-0.01B,$1.01B,-1.00%,$0.02B,$0.90B,2.82%,$195,$66,$130,$0,$47,$180,$15,$0,$15,$19,$-4,$-4,$-4,$25,$15,$63,63,$-0.06,$-0.06,$61,$5,$9,$122,$272,$295,$289,$35,$891,$1013,$61,$465,$24,$518,$580,$626,$-196,$0,$433,$1013,$-4,$40,$43,$84,$2,$0,$0,$12,$7,$87,$-47,$0,$-78,$0,$2,$2,$-24,$-147,$128,$0,$128,$0,$0,$-65,$-8,$56,$-4,$0,$-65
32,2010-09-30,9.26,$0.00,0.0,$3.05,3.04,$2.66,3.49,$-0.33,0.0,$0.10B,$0.08B,1.24,$0.35B,$0.37B,0.96,$0.19B,$0.11B,59.07%,$0.19B,$-0.02B,-8.29%,$0.19B,$-0.02B,-8.29%,$0.19B,$0.02B,12.44%,$0.19B,$-0.02B,-8.29%,$0.19B,$-0.02B,-10.88%,$-0.02B,$0.37B,-5.37%,$-0.02B,$0.11B,-17.57%,$-0.02B,$0.86B,-2.42%,$-0.02B,$0.72B,-2.14%,$54,$20,$34,$0,$11,$51,$3,$0,$3,$4,$-1,$-1,$-0,$13,$3,$61,61,$-0.01,$-0.01,$31,$0,$6,$95,$188,$301,$263,$17,$769,$864,$77,$354,$31,$418,$495,$545,$-180,$0,$369,$864,$-5,$30,$36,$67,$-3,$0,$0,$2,$2,$64,$-2,$0,$-41,$0,$0,$0,$-22,$-65,$8,$0,$8,$0,$0,$-48,$0,$-39,$-41,$0,$-48
