,Date,Stock Price,Book Value per Share,Price to Book Ratio,TTM Sales per Share,Price to Sales Ratio,TTM FCF per Share,Price to FCF Ratio,TTM Net EPS,PE Ratio,Current Assets,Current Liabilities,Current Ratio,Long Term Debt,Shareholder's Equity_x,Debt to Equity Ratio,TTM Revenue_x,TTM Gross Profit,Gross Margin,TTM Revenue_y,TTM Operating Income,Operating Margin,TTM Revenue_x,TTM EBIT,EBIT Margin,TTM Revenue_y,TTM EBITDA,EBITDA Margin,TTM Revenue_x,TTM Pre-Tax Income,Pre-Tax Margin,TTM Revenue_y,TTM Net Income_x,Net Margin,TTM Net Income_y,Shareholder's Equity_y,Return on Equity,TTM Net Income_x,Tangible Equity,Return on Tangible Equity,TTM Net Income_y,Total Assets,Return on Assets,TTM Net Income,LT Investments & Debt,Return on Investment,revenue,cost-goods-sold,gross-profit,research-development-expenses,selling-general-administrative-expenses,operating-expenses,operating-income,total-non-operating-income-expense,pre-tax-income,total-provision-income-taxes,income-after-taxes,income-from-continuous-operations,net-income,ebitda,ebit,basic-shares-outstanding,shares-outstanding,eps-basic-net-earnings-per-share,eps-earnings-per-share-diluted,cash-on-hand,inventory,other-current-assets,total-current-assets,net-property-plant-equipment,long-term-investments,goodwill-intangible-assets-total,other-long-term-assets,total-long-term-assets,total-assets,total-current-liabilities,long-term-debt,other-non-current-liabilities,total-long-term-liabilities,total-liabilities,common-stock-net,retained-earnings-accumulated-deficit,comprehensive-income,total-share-holder-equity,total-liabilities-share-holders-equity,net-income-loss,total-depreciation-amortization-cash-flow,other-non-cash-items,total-non-cash-items,change-in-accounts-receivable,change-in-inventories,change-in-accounts-payable,change-in-assets-liabilities,total-change-in-assets-liabilities,cash-flow-from-operating-activities,net-change-in-property-plant-equipment,net-change-in-intangible-assets,net-acquisitions-divestitures,net-change-in-short-term-investments,net-change-in-long-term-investments,net-change-in-investments-total,investing-activities-other,cash-flow-from-investing-activities,net-long-term-debt,net-current-debt,debt-issuance-retirement-net-total,net-common-equity-issued-repurchased,net-total-equity-issued-repurchased,total-common-preferred-stock-dividends-paid,financial-activities-other,cash-flow-from-financial-activities,net-cash-flow,stock-based-compensation,common-stock-dividends-paid
0,2018-09-30,5.7,$4.77,1.2,$1.34,4.27,$0.65,8.75,$0.36,15.83,$0.06B,$0.01B,7.33,$0.60B,$0.29B,2.08,$0.08B,$0.07B,91.25%,$0.08B,$0.05B,66.25%,$0.08B,$0.05B,66.25%,$0.08B,$0.06B,72.50%,$0.08B,$0.05B,57.50%,$0.08B,$0.04B,50.00%,$0.04B,$0.29B,13.59%,$0.04B,$0.29B,13.59%,$0.04B,$1.00B,3.88%,$0.05B,$0.89B,5.75%,$26,$2,$24,$0,$4,$7,$19,$-2,$17,$-1,$18,$18,$17,$20,$19,$60,60,$0.25,$0.25,$26,$0,$0,$57,$65,$0,$0,$878,$944,$1001,$8,$601,$10,$705,$713,$288,$0,$0,$288,$1001,$27,$4,$-10,$-6,$-1,$0,$0,$-1,$-3,$18,$-3,$0,$0,$0,$-8,$-8,$19,$7,$-22,$-22,$-44,$-1,$-1,$-26,$-1,$-71,$-46,$0,$-26
1,2018-06-30,6.35,$4.74,1.34,$1.17,5.41,$0.67,9.5,$0.41,15.49,$0.06B,$0.01B,8.22,$0.63B,$0.29B,2.19,$0.07B,$0.06B,90.00%,$0.07B,$0.04B,61.43%,$0.07B,$0.04B,61.43%,$0.07B,$0.05B,70.00%,$0.07B,$0.03B,45.71%,$0.07B,$0.03B,37.14%,$0.03B,$0.29B,8.73%,$0.03B,$0.29B,8.73%,$0.03B,$1.02B,2.49%,$0.04B,$0.91B,4.58%,$16,$1,$14,$0,$3,$7,$9,$-6,$3,$0,$3,$3,$3,$11,$9,$60,60,$0.04,$0.04,$28,$0,$0,$64,$75,$0,$0,$884,$959,$1024,$8,$627,$8,$729,$737,$287,$0,$0,$287,$1024,$9,$3,$-2,$1,$-1,$0,$0,$-1,$-3,$8,$-3,$0,$0,$0,$-12,$-12,$1,$-15,$-17,$-0,$-18,$-1,$-1,$-17,$0,$-37,$-44,$0,$-17
2,2018-03-31,6.06,$4.76,1.27,$1.18,5.13,$0.77,7.86,$0.43,14.08,$0.09B,$0.01B,11.96,$0.64B,$0.29B,2.21,$0.07B,$0.06B,91.43%,$0.07B,$0.04B,62.86%,$0.07B,$0.04B,62.86%,$0.07B,$0.05B,71.43%,$0.07B,$0.03B,47.14%,$0.07B,$0.03B,38.57%,$0.03B,$0.29B,8.94%,$0.03B,$0.29B,8.94%,$0.03B,$1.03B,2.58%,$0.04B,$0.92B,4.64%,$16,$1,$15,$0,$3,$6,$11,$-5,$6,$-0,$6,$6,$5,$12,$11,$60,60,$0.09,$0.09,$55,$0,$0,$93,$76,$0,$0,$865,$941,$1034,$8,$636,$8,$738,$746,$288,$0,$0,$288,$1034,$6,$1,$-2,$-0,$-2,$0,$0,$-0,$-3,$3,$-3,$0,$0,$0,$2,$2,$0,$-1,$-8,$0,$-8,$-1,$-1,$-9,$-0,$-19,$-17,$0,$-9
3,2017-12-31,5.82,$5.20,1.12,$1.17,4.95,$0.85,6.87,$0.44,13.22,$0.11B,$0.01B,12.67,$0.64B,$0.31B,2.05,$0.07B,$0.06B,90.00%,$0.07B,$0.04B,58.57%,$0.07B,$0.04B,58.57%,$0.07B,$0.05B,68.57%,$0.07B,$0.04B,52.86%,$0.07B,$0.03B,41.43%,$0.03B,$0.31B,9.53%,$0.03B,$0.31B,9.53%,$0.03B,$1.07B,2.78%,$0.04B,$0.96B,4.30%,$22,$2,$20,$0,$4,$8,$14,$5,$20,$4,$16,$16,$15,$15,$14,$60,60,$0.23,$0.23,$72,$0,$0,$108,$77,$0,$0,$885,$962,$1070,$8,$644,$9,$747,$756,$314,$0,$0,$314,$1070,$31,$7,$-22,$-14,$0,$0,$0,$0,$1,$17,$2,$0,$0,$0,$-72,$-72,$49,$-22,$46,$-10,$36,$-0,$53,$-34,$-3,$53,$49,$0,$-34
4,2017-09-30,5.7,$5.00,1.14,$1.07,5.31,$0.60,9.48,$0.30,19.0,$0.08B,$0.01B,9.22,$0.66B,$0.30B,2.18,$0.06B,$0.06B,89.06%,$0.06B,$0.04B,54.69%,$0.06B,$0.04B,54.69%,$0.06B,$0.04B,68.75%,$0.06B,$0.02B,35.94%,$0.06B,$0.02B,29.69%,$0.02B,$0.30B,6.42%,$0.02B,$0.30B,6.42%,$0.02B,$1.05B,1.88%,$0.04B,$0.96B,3.74%,$16,$2,$14,$0,$3,$7,$9,$-6,$3,$-0,$4,$4,$3,$11,$9,$60,60,$0.05,$0.05,$38,$0,$0,$77,$98,$0,$0,$878,$977,$1053,$8,$658,$9,$743,$752,$302,$0,$0,$302,$1053,$15,$6,$-8,$-2,$-0,$0,$0,$-0,$0,$13,$3,$0,$0,$0,$-75,$-75,$12,$-60,$98,$-48,$51,$-1,$35,$-25,$-2,$58,$10,$0,$-25
5,2017-06-30,5.5,$5.04,1.09,$1.02,5.37,$0.33,16.76,$0.32,17.17,$0.06B,$0.01B,8.34,$0.65B,$0.30B,2.14,$0.06B,$0.05B,88.52%,$0.06B,$0.03B,54.10%,$0.06B,$0.03B,54.10%,$0.06B,$0.04B,68.85%,$0.06B,$0.03B,40.98%,$0.06B,$0.02B,32.79%,$0.02B,$0.30B,6.30%,$0.02B,$0.30B,6.30%,$0.02B,$1.03B,2.05%,$0.03B,$0.95B,3.59%,$16,$2,$15,$0,$3,$6,$10,$-6,$4,$-0,$4,$4,$4,$12,$10,$60,60,$0.06,$0.06,$22,$0,$0,$60,$100,$0,$0,$865,$965,$1025,$7,$648,$9,$714,$721,$304,$0,$0,$304,$1025,$11,$4,$-8,$-4,$1,$0,$0,$-0,$1,$8,$3,$0,$0,$0,$-65,$-65,$12,$-50,$102,$-60,$42,$-1,$15,$-17,$-2,$37,$-5,$0,$-17
6,2017-03-31,5.07,$4.93,1.03,$1.00,5.07,$0.33,15.53,$0.41,12.35,$0.07B,$0.01B,8.5,$0.65B,$0.30B,2.19,$0.06B,$0.05B,86.67%,$0.06B,$0.03B,51.67%,$0.06B,$0.03B,51.67%,$0.06B,$0.04B,66.67%,$0.06B,$0.04B,61.67%,$0.06B,$0.03B,45.00%,$0.03B,$0.30B,7.81%,$0.03B,$0.30B,7.81%,$0.03B,$1.02B,2.82%,$0.03B,$0.95B,3.42%,$16,$2,$14,$0,$3,$8,$8,$2,$10,$2,$7,$7,$7,$10,$8,$60,60,$0.10,$0.10,$29,$0,$0,$67,$104,$0,$0,$853,$957,$1024,$8,$649,$13,$719,$727,$297,$0,$0,$297,$1024,$7,$2,$-5,$-3,$-0,$0,$0,$-0,$0,$5,$-0,$0,$0,$0,$-67,$-67,$14,$-52,$103,$-60,$43,$-1,$15,$-8,$-1,$49,$1,$0,$-8
7,2016-12-31,4.78,$4.65,1.03,$0.98,4.88,$0.32,14.71,$0.35,13.66,$0.06B,$0.01B,8.86,$0.61B,$0.28B,2.17,$0.06B,$0.05B,84.75%,$0.06B,$0.03B,50.85%,$0.06B,$0.03B,50.85%,$0.06B,$0.04B,67.80%,$0.06B,$0.03B,50.85%,$0.06B,$0.02B,38.98%,$0.02B,$0.28B,6.49%,$0.02B,$0.28B,6.49%,$0.02B,$0.94B,2.50%,$0.03B,$0.89B,3.41%,$16,$2,$14,$0,$3,$7,$8,$-3,$6,$-0,$6,$6,$5,$11,$8,$60,60,$0.08,$0.08,$28,$0,$0,$64,$114,$0,$0,$766,$880,$944,$7,$607,$9,$657,$664,$280,$0,$0,$280,$944,$24,$9,$-15,$-6,$-2,$0,$0,$-0,$-2,$15,$-11,$0,$0,$0,$-112,$-112,$40,$-83,$26,$43,$68,$-2,$39,$-34,$-2,$72,$4,$0,$-34
8,2016-09-30,5.1,$6.43,0.79,$1.06,4.81,$0.47,10.92,$0.40,12.76,$0.08B,$0.01B,12.5,$0.51B,$0.35B,1.44,$0.06B,$0.05B,84.38%,$0.06B,$0.04B,54.69%,$0.06B,$0.04B,54.69%,$0.06B,$0.05B,70.31%,$0.06B,$0.03B,53.13%,$0.06B,$0.03B,48.44%,$0.03B,$0.39B,8.55%,$0.03B,$0.39B,8.55%,$0.03B,$0.91B,3.44%,$0.04B,$0.90B,4.03%,$13,$2,$11,$0,$2,$6,$7,$-2,$5,$0,$5,$5,$4,$9,$7,$60,60,$0.07,$0.07,$38,$0,$0,$77,$115,$0,$0,$721,$837,$913,$6,$509,$10,$519,$526,$354,$0,$0,$388,$913,$18,$7,$-13,$-6,$-2,$0,$0,$0,$-2,$10,$-10,$0,$0,$0,$0,$0,$39,$28,$-11,$-17,$-29,$-1,$32,$-26,$-2,$-24,$14,$0,$-26
9,2016-06-30,4.64,$6.91,0.67,$1.06,4.4,$0.66,7.04,$0.37,12.55,$0.09B,$0.03B,2.85,$0.48B,$0.39B,1.23,$0.06B,$0.05B,82.81%,$0.06B,$0.03B,53.13%,$0.06B,$0.03B,53.13%,$0.06B,$0.04B,68.75%,$0.06B,$0.03B,48.44%,$0.06B,$0.03B,46.88%,$0.03B,$0.42B,8.82%,$0.03B,$0.42B,8.82%,$0.03B,$0.95B,3.40%,$0.03B,$0.90B,4.00%,$15,$2,$13,$0,$3,$7,$8,$8,$16,$5,$11,$11,$11,$10,$8,$60,60,$0.15,$0.15,$53,$0,$0,$87,$107,$0,$0,$752,$859,$946,$31,$482,$16,$499,$529,$393,$0,$0,$417,$946,$14,$5,$-6,$-1,$-1,$0,$0,$0,$-1,$11,$-0,$0,$0,$0,$17,$17,$24,$40,$-17,$7,$-11,$0,$24,$-16,$-22,$-25,$26,$0,$-16
10,2016-03-31,4.35,$5.51,0.79,$1.04,4.2,$0.64,6.77,$0.34,12.79,$0.03B,$0.03B,0.97,$0.50B,$0.32B,1.55,$0.06B,$0.05B,80.95%,$0.06B,$0.03B,53.97%,$0.06B,$0.03B,53.97%,$0.06B,$0.04B,68.25%,$0.06B,$0.02B,36.51%,$0.06B,$0.03B,42.86%,$0.03B,$0.33B,8.82%,$0.03B,$0.33B,8.82%,$0.03B,$0.87B,3.22%,$0.03B,$0.83B,4.23%,$15,$3,$12,$0,$2,$8,$7,$-5,$3,$0,$3,$3,$3,$10,$7,$60,60,$0.04,$0.04,$27,$0,$0,$33,$140,$0,$0,$702,$842,$874,$34,$499,$10,$509,$543,$322,$0,$0,$332,$874,$3,$3,$1,$4,$-1,$0,$0,$-0,$-1,$5,$-0,$0,$0,$0,$12,$12,$-6,$6,$-22,$10,$-11,$0,$10,$-9,$-0,$-10,$1,$0,$-9
11,2015-12-31,4.1,$5.20,0.79,$1.00,4.12,$0.63,6.48,$0.34,12.05,$0.05B,$0.01B,9.52,$0.54B,$0.31B,1.72,$0.06B,$0.05B,80.33%,$0.06B,$0.03B,54.10%,$0.06B,$0.03B,54.10%,$0.06B,$0.04B,67.21%,$0.06B,$0.02B,36.07%,$0.06B,$0.03B,44.26%,$0.03B,$0.31B,9.03%,$0.03B,$0.31B,9.03%,$0.03B,$0.87B,3.31%,$0.03B,$0.85B,4.20%,$21,$2,$18,$0,$2,$8,$13,$-3,$10,$0,$10,$10,$13,$16,$13,$60,60,$0.14,$0.14,$26,$0,$0,$54,$141,$0,$0,$672,$813,$867,$6,$538,$10,$548,$554,$313,$0,$0,$313,$867,$27,$8,$-12,$-4,$-2,$0,$0,$-0,$-3,$19,$-6,$0,$0,$0,$-163,$-163,$31,$-139,$103,$19,$122,$0,$0,$-32,$-3,$87,$-32,$0,$-32
12,2015-09-30,4.11,$4.97,0.83,$0.77,5.33,$0.31,13.42,$0.24,17.12,$0.05B,$0.01B,3.76,$0.52B,$0.30B,1.72,$0.05B,$0.04B,76.60%,$0.05B,$0.02B,46.81%,$0.05B,$0.02B,46.81%,$0.05B,$0.03B,61.70%,$0.05B,$0.01B,29.79%,$0.05B,$0.02B,34.04%,$0.02B,$0.30B,5.36%,$0.02B,$0.30B,5.36%,$0.02B,$0.84B,2.04%,$0.02B,$0.82B,2.91%,$13,$3,$10,$0,$2,$7,$6,$-4,$2,$0,$2,$2,$3,$8,$6,$60,60,$0.04,$0.04,$43,$0,$0,$48,$140,$0,$0,$650,$790,$838,$13,$516,$10,$526,$539,$321,$-21,$0,$299,$838,$13,$6,$-3,$3,$-3,$0,$0,$-1,$-2,$14,$-3,$0,$0,$0,$-116,$-116,$15,$-105,$94,$6,$100,$0,$0,$-24,$-3,$74,$-16,$0,$-24
13,2015-06-30,4.28,$4.67,0.92,$0.74,5.79,$0.02,236.62,$0.26,16.47,$0.01B,$0.05B,0.24,$0.44B,$0.28B,1.55,$0.05B,$0.04B,77.78%,$0.05B,$0.02B,48.89%,$0.05B,$0.02B,48.89%,$0.05B,$0.03B,64.44%,$0.05B,$0.02B,33.33%,$0.05B,$0.02B,35.56%,$0.02B,$0.28B,5.36%,$0.02B,$0.28B,5.36%,$0.02B,$0.78B,2.11%,$0.02B,$0.72B,3.01%,$14,$2,$11,$0,$2,$6,$8,$0,$8,$0,$8,$8,$8,$9,$8,$60,60,$0.12,$0.12,$8,$0,$0,$13,$102,$0,$0,$665,$767,$780,$54,$435,$10,$444,$498,$303,$-21,$0,$281,$780,$11,$4,$-3,$1,$-1,$0,$0,$0,$-1,$11,$-1,$0,$0,$0,$-116,$-116,$13,$-104,$40,$49,$89,$0,$0,$-15,$-28,$46,$-47,$0,$-15
14,2015-03-31,4.2,$5.03,0.84,$0.69,6.13,$-0.26,0.0,$0.19,22.13,$0.04B,$0.01B,7.58,$0.46B,$0.30B,1.5,$0.04B,$0.03B,80.49%,$0.04B,$0.02B,48.78%,$0.04B,$0.02B,48.78%,$0.04B,$0.03B,65.85%,$0.04B,$0.01B,26.83%,$0.04B,$0.01B,29.27%,$0.01B,$0.30B,4.00%,$0.01B,$0.30B,4.00%,$0.01B,$0.77B,1.65%,$0.02B,$0.76B,2.85%,$13,$2,$10,$0,$2,$6,$6,$-4,$2,$0,$2,$2,$3,$8,$6,$60,60,$0.04,$0.04,$32,$0,$0,$38,$121,$0,$0,$614,$735,$773,$5,$456,$9,$465,$470,$324,$-21,$0,$303,$773,$3,$2,$1,$3,$-2,$0,$0,$0,$-1,$4,$-0,$0,$0,$0,$-59,$-59,$4,$-55,$24,$10,$34,$0,$0,$-8,$-0,$26,$-25,$0,$-8
15,2014-12-31,3.88,$5.14,0.76,$0.71,5.47,$-0.40,0.0,$0.25,15.53,$0.06B,$0.00B,15.62,$0.42B,$0.31B,1.36,$0.04B,$0.03B,82.93%,$0.04B,$0.02B,53.66%,$0.04B,$0.02B,53.66%,$0.04B,$0.03B,70.73%,$0.04B,$0.02B,36.59%,$0.04B,$0.02B,36.59%,$0.02B,$0.31B,5.14%,$0.02B,$0.31B,5.14%,$0.02B,$0.74B,2.19%,$0.02B,$0.73B,3.33%,$7,$2,$5,$0,$1,$5,$2,$-0,$2,$0,$2,$2,$2,$4,$2,$59,59,$0.04,$0.04,$60,$0,$0,$64,$110,$0,$0,$569,$680,$744,$4,$422,$8,$430,$434,$331,$-21,$0,$310,$744,$15,$7,$-2,$4,$-1,$0,$0,$-0,$-2,$17,$-24,$0,$0,$0,$-75,$-75,$-7,$-106,$108,$0,$108,$55,$55,$-30,$-6,$126,$38,$0,$-30
16,2014-09-30,4.31,$5.00,0.86,$0.74,5.85,$-0.27,0.0,$0.25,17.25,$0.08B,$0.01B,10.92,$0.42B,$0.30B,1.39,$0.04B,$0.04B,87.50%,$0.04B,$0.02B,60.00%,$0.04B,$0.02B,60.00%,$0.04B,$0.03B,75.00%,$0.04B,$0.02B,37.50%,$0.04B,$0.02B,37.50%,$0.02B,$0.30B,5.66%,$0.02B,$0.30B,5.66%,$0.02B,$0.74B,2.37%,$0.02B,$0.72B,3.95%,$11,$2,$9,$0,$1,$5,$6,$-3,$3,$0,$3,$3,$3,$8,$6,$60,60,$0.06,$0.06,$76,$0,$0,$81,$119,$0,$0,$536,$655,$736,$7,$420,$8,$427,$435,$322,$-21,$0,$301,$736,$13,$5,$-3,$2,$-2,$0,$0,$-1,$-4,$11,$-17,$0,$0,$0,$-66,$-66,$-6,$-89,$105,$0,$105,$55,$55,$-23,$-6,$131,$53,$0,$-23
17,2014-06-30,4.25,$4.73,0.9,$0.78,5.44,$-0.06,0.0,$0.27,15.75,$0.05B,$0.01B,4.45,$0.31B,$0.29B,1.1,$0.04B,$0.03B,84.62%,$0.04B,$0.02B,56.41%,$0.04B,$0.02B,56.41%,$0.04B,$0.03B,71.79%,$0.04B,$0.01B,35.90%,$0.04B,$0.02B,38.46%,$0.02B,$0.29B,6.55%,$0.02B,$0.29B,6.55%,$0.02B,$0.65B,2.67%,$0.02B,$0.60B,4.10%,$10,$2,$9,$0,$1,$4,$6,$-2,$4,$0,$4,$4,$4,$7,$6,$60,60,$0.05,$0.05,$48,$0,$0,$52,$117,$0,$0,$484,$601,$653,$12,$314,$43,$357,$369,$306,$-21,$0,$285,$653,$10,$3,$-3,$-0,$-0,$0,$0,$-0,$-3,$6,$-13,$0,$0,$0,$1,$1,$2,$-10,$-0,$0,$-0,$55,$55,$-15,$-4,$36,$32,$0,$-15
18,2014-03-31,4.18,$4.51,0.93,$0.96,4.34,$0.08,55.36,$0.31,13.48,$0.06B,$0.01B,9.26,$0.32B,$0.27B,1.19,$0.04B,$0.04B,84.09%,$0.04B,$0.02B,47.73%,$0.04B,$0.02B,47.73%,$0.04B,$0.03B,63.64%,$0.04B,$0.01B,31.82%,$0.04B,$0.02B,34.09%,$0.02B,$0.27B,7.36%,$0.02B,$0.27B,7.36%,$0.02B,$0.61B,2.91%,$0.02B,$0.59B,4.20%,$13,$2,$11,$0,$1,$5,$8,$-2,$6,$0,$6,$6,$6,$10,$8,$57,57,$0.10,$0.10,$51,$0,$0,$62,$112,$0,$0,$437,$549,$611,$7,$322,$10,$332,$339,$293,$-21,$0,$272,$611,$6,$2,$-3,$-1,$-2,$0,$0,$1,$-3,$2,$-6,$0,$0,$0,$-14,$-14,$2,$-19,$8,$0,$8,$55,$55,$-6,$-4,$53,$35,$0,$-6
19,2013-12-31,4.26,$3.98,1.07,$1.03,4.13,$0.19,22.9,$0.40,10.66,$0.02B,$0.01B,3.95,$0.31B,$0.20B,1.55,$0.04B,$0.04B,84.09%,$0.04B,$0.02B,47.73%,$0.04B,$0.02B,47.73%,$0.04B,$0.03B,63.64%,$0.04B,$0.02B,34.09%,$0.04B,$0.02B,38.64%,$0.02B,$0.20B,9.28%,$0.02B,$0.20B,9.28%,$0.02B,$0.53B,3.59%,$0.02B,$0.52B,4.57%,$6,$1,$6,$0,$1,$3,$4,$-2,$2,$0,$2,$2,$2,$5,$4,$43,43,$0.04,$0.04,$18,$0,$0,$22,$103,$0,$0,$410,$513,$534,$5,$314,$11,$326,$331,$224,$-20,$0,$203,$534,$18,$6,$-4,$2,$-2,$0,$0,$-2,$-6,$14,$-13,$0,$0,$0,$-167,$-167,$22,$-158,$100,$0,$100,$52,$52,$-22,$-4,$125,$-19,$0,$-22
20,2013-09-30,4.54,$3.65,1.24,$1.09,4.17,$0.14,31.65,$0.40,11.35,$0.03B,$0.01B,5.35,$0.28B,$0.16B,1.78,$0.05B,$0.04B,78.26%,$0.05B,$0.02B,41.30%,$0.05B,$0.02B,41.30%,$0.05B,$0.03B,58.70%,$0.05B,$0.01B,30.43%,$0.05B,$0.02B,34.78%,$0.02B,$0.16B,8.96%,$0.02B,$0.16B,8.96%,$0.02B,$0.45B,3.61%,$0.02B,$0.44B,4.41%,$10,$3,$7,$0,$1,$5,$4,$-2,$2,$0,$2,$2,$3,$6,$4,$43,43,$0.08,$0.08,$20,$0,$0,$28,$105,$0,$0,$317,$422,$450,$5,$278,$10,$289,$294,$182,$-26,$0,$156,$450,$16,$5,$-4,$0,$-5,$0,$0,$1,$-5,$11,$-7,$0,$0,$0,$-92,$-92,$23,$-76,$56,$7,$64,$0,$0,$-17,$-0,$46,$-18,$0,$-17
21,2013-06-30,4.41,$4.29,1.03,$1.01,4.38,$0.01,317.51,$0.38,11.61,$0.04B,$0.01B,8.52,$0.27B,$0.18B,1.48,$0.04B,$0.03B,78.57%,$0.04B,$0.02B,40.48%,$0.04B,$0.02B,40.48%,$0.04B,$0.03B,59.52%,$0.04B,$0.01B,30.95%,$0.04B,$0.02B,35.71%,$0.02B,$0.18B,8.03%,$0.02B,$0.18B,8.03%,$0.02B,$0.47B,3.49%,$0.02B,$0.46B,4.07%,$15,$2,$13,$0,$1,$10,$5,$-1,$4,$0,$4,$4,$4,$7,$5,$43,43,$0.09,$0.09,$32,$0,$0,$39,$103,$0,$0,$315,$427,$466,$5,$272,$6,$278,$282,$208,$-26,$0,$184,$466,$13,$3,$-4,$-1,$-1,$0,$0,$-3,$-6,$6,$-5,$0,$0,$0,$-71,$-71,$21,$-56,$51,$6,$57,$0,$0,$-11,$-0,$43,$-6,$0,$-11
22,2013-03-31,4.56,$4.45,1.03,$0.83,5.52,$-0.01,0.0,$0.30,15.21,$0.03B,$0.01B,5.29,$0.24B,$0.19B,1.27,$0.03B,$0.02B,72.73%,$0.03B,$0.01B,42.42%,$0.03B,$0.01B,42.42%,$0.03B,$0.02B,63.64%,$0.03B,$0.01B,27.27%,$0.03B,$0.01B,33.33%,$0.01B,$0.19B,5.84%,$0.01B,$0.19B,5.84%,$0.01B,$0.44B,2.74%,$0.01B,$0.43B,3.61%,$13,$2,$11,$0,$1,$5,$8,$-2,$7,$0,$7,$7,$8,$10,$8,$43,43,$0.19,$0.19,$18,$0,$0,$29,$87,$0,$0,$317,$413,$442,$5,$241,$5,$246,$252,$214,$-25,$0,$190,$442,$8,$2,$-1,$0,$-3,$0,$0,$-1,$-6,$3,$-2,$0,$0,$0,$-59,$-59,$23,$-38,$24,$0,$24,$0,$0,$-6,$-0,$18,$-17,$0,$-6
23,2012-12-31,4.2,$4.30,0.98,$0.70,5.98,$-0.08,0.0,$0.14,30.01,$0.04B,$0.01B,8.8,$0.22B,$0.18B,1.18,$0.03B,$0.02B,68.00%,$0.03B,$0.01B,32.00%,$0.03B,$0.01B,32.00%,$0.03B,$0.01B,56.00%,$0.03B,$0.00B,12.00%,$0.03B,$0.00B,16.00%,$0.00B,$0.18B,2.31%,$0.00B,$0.18B,2.31%,$0.00B,$0.41B,1.10%,$0.01B,$0.40B,2.28%,$8,$2,$5,$0,$1,$5,$2,$-1,$1,$0,$1,$1,$1,$4,$2,$37,37,$0.04,$0.04,$36,$0,$0,$44,$85,$0,$0,$251,$369,$413,$5,$217,$6,$224,$229,$207,$-25,$0,$184,$413,$5,$6,$-1,$5,$-1,$0,$0,$-2,$-3,$7,$-8,$0,$-6,$0,$-99,$-99,$16,$-97,$58,$0,$58,$64,$64,$-19,$-3,$100,$10,$0,$-19
24,2012-09-30,3.71,$4.42,0.84,$0.59,6.31,$-0.19,0.0,$-0.00,0.0,$0.07B,$0.00B,19.29,$0.19B,$0.19B,1.02,$0.02B,$0.01B,70.00%,$0.02B,$0.00B,15.00%,$0.02B,$0.00B,15.00%,$0.02B,$0.01B,40.00%,$0.02B,$-0.00B,-10.00%,$0.02B,0,0.00%,$0.00B,$0.19B,0.00%,$0.00B,$0.19B,0.00%,$0.00B,$0.40B,0.00%,$0.00B,$0.38B,0.93%,$6,$2,$4,$0,$1,$4,$2,$-2,$1,$0,$1,$1,$2,$4,$2,$43,43,$0.06,$0.06,$61,$0,$0,$71,$104,$0,$0,$213,$325,$396,$4,$192,$6,$203,$207,$213,$-25,$0,$189,$396,$4,$4,$-1,$4,$-3,$0,$0,$-1,$-4,$3,$-5,$0,$-6,$0,$-59,$-59,$16,$-53,$38,$0,$38,$60,$60,$-13,$-0,$84,$35,$0,$-13
25,2012-06-30,3.2,$4.45,0.72,$0.65,4.89,$-0.16,0.0,$-0.05,0.0,$0.10B,$0.00B,26.49,$0.15B,$0.19B,0.78,$0.02B,$0.01B,70.00%,$0.02B,$0.00B,15.00%,$0.02B,$0.00B,15.00%,$0.02B,$0.01B,40.00%,$0.02B,$-0.00B,-15.00%,$0.02B,$-0.00B,-10.00%,$-0.00B,$0.19B,-1.36%,$-0.00B,$0.19B,-1.36%,$-0.00B,$0.35B,-0.64%,$0.00B,$0.34B,1.01%,$6,$2,$4,$0,$1,$4,$2,$-1,$0,$0,$0,$0,$0,$3,$2,$34,34,$0.01,$0.01,$88,$0,$0,$95,$106,$0,$0,$145,$258,$353,$4,$148,$6,$159,$163,$213,$-24,$0,$190,$353,$1,$3,$1,$3,$-1,$0,$0,$0,$-1,$4,$-4,$0,$0,$0,$7,$7,$7,$11,$-5,$0,$-5,$60,$60,$-8,$-0,$47,$62,$0,$-8
26,2012-03-31,3.22,$4.36,0.74,$0.70,4.61,$-0.15,0.0,$-0.06,0.0,$0.04B,$0.00B,12.57,$0.15B,$0.13B,1.17,$0.02B,$0.01B,66.67%,$0.02B,$0.00B,14.29%,$0.02B,$0.00B,14.29%,$0.02B,$0.01B,38.10%,$0.02B,$-0.00B,-14.29%,$0.02B,$-0.00B,-9.52%,$-0.00B,$0.13B,-1.48%,$-0.00B,$0.13B,-1.48%,$-0.00B,$0.30B,-0.67%,$0.00B,$0.29B,1.05%,$5,$2,$4,$0,$1,$4,$2,$-1,$1,$0,$1,$1,$1,$3,$2,$30,30,$0.03,$0.03,$30,$0,$0,$38,$105,$0,$0,$148,$260,$299,$3,$154,$4,$164,$167,$154,$-24,$0,$131,$299,$1,$1,$1,$2,$-2,$0,$0,$0,$-2,$1,$-2,$0,$0,$0,$0,$0,$1,$-1,$1,$0,$1,$0,$0,$-4,$-0,$-3,$-3,$0,$-4
27,2011-12-31,2.86,$4.37,0.65,$0.72,3.96,$-0.16,0.0,$-0.04,0.0,$0.04B,$0.00B,16.21,$0.15B,$0.13B,1.13,$0.02B,$0.01B,63.64%,$0.02B,$0.00B,13.64%,$0.02B,$0.00B,13.64%,$0.02B,$0.01B,36.36%,$0.02B,$-0.00B,-13.64%,$0.02B,$-0.00B,-9.09%,$-0.00B,$0.13B,-1.49%,$-0.00B,$0.13B,-1.49%,$-0.00B,$0.30B,-0.69%,$0.00B,$0.28B,1.07%,$3,$0,$2,$0,$1,$6,$-3,$-1,$-4,$0,$-4,$-4,$-3,$-2,$-3,$30,30,$-0.09,$-0.09,$33,$0,$0,$40,$75,$0,$0,$145,$258,$298,$2,$148,$4,$164,$166,$155,$-24,$0,$132,$298,$-2,$5,$6,$12,$-1,$0,$0,$1,$0,$10,$-14,$0,$-25,$0,$-9,$-9,$16,$-32,$44,$0,$44,$0,$0,$-15,$0,$29,$7,$0,$-15
28,2011-09-30,2.92,$4.56,0.64,$0.85,3.45,$-0.01,0.0,$0.09,32.4,$0.04B,$0.00B,10.19,$0.15B,$0.14B,1.11,$0.03B,$0.02B,80.00%,$0.03B,$0.01B,48.00%,$0.03B,$0.01B,48.00%,$0.03B,$0.02B,72.00%,$0.03B,$0.00B,12.00%,$0.03B,$0.00B,8.00%,$0.00B,$0.14B,1.50%,$0.00B,$0.14B,1.50%,$0.00B,$0.30B,0.73%,$0.01B,$0.29B,4.47%,$6,$2,$4,$0,$1,$4,$2,$-2,$0,$0,$0,$0,$0,$4,$2,$30,30,$0.01,$0.01,$27,$0,$0,$36,$108,$0,$0,$153,$262,$297,$4,$153,$4,$157,$160,$160,$-23,$0,$137,$297,$2,$4,$3,$6,$-3,$0,$0,$1,$-1,$7,$-7,$0,$-25,$0,$-14,$-14,$10,$-36,$38,$0,$38,$0,$0,$-11,$-0,$26,$-3,$0,$-11
29,2011-06-30,3.04,$4.61,0.66,$0.83,3.68,$-0.05,0.0,$0.04,75.91,$0.03B,$0.00B,9.82,$0.15B,$0.14B,1.06,$0.03B,$0.02B,80.00%,$0.03B,$0.01B,44.00%,$0.03B,$0.01B,44.00%,$0.03B,$0.02B,68.00%,$0.03B,$0.00B,4.00%,$0.03B,0,0.00%,$0.00B,$0.14B,0.00%,$0.00B,$0.14B,0.00%,$0.00B,$0.29B,0.00%,$0.01B,$0.29B,4.33%,$7,$2,$4,$0,$1,$5,$2,$-2,$-0,$0,$-0,$-0,$-0,$3,$2,$30,30,$-0.01,$-0.01,$23,$0,$0,$30,$106,$0,$0,$157,$264,$294,$3,$148,$4,$152,$155,$162,$-23,$0,$139,$294,$1,$2,$1,$4,$-1,$0,$0,$-1,$-2,$3,$-3,$0,$-25,$0,$-15,$-15,$3,$-39,$32,$1,$33,$0,$0,$-8,$-0,$25,$-11,$0,$-8
30,2011-03-31,3.05,$4.26,0.72,$0.82,3.73,$-0.08,0.0,$0.09,33.89,$0.04B,$0.00B,14.78,$0.13B,$0.13B,1.04,$0.02B,$0.02B,79.17%,$0.02B,$0.01B,41.67%,$0.02B,$0.01B,41.67%,$0.02B,$0.02B,66.67%,$0.02B,$0.00B,4.17%,$0.02B,$0.00B,4.17%,$0.00B,$0.13B,0.75%,$0.00B,$0.13B,0.75%,$0.00B,$0.27B,0.41%,$0.01B,$0.26B,4.33%,$6,$2,$4,$0,$1,$4,$2,$-1,$1,$0,$1,$1,$1,$3,$2,$30,30,$0.05,$0.05,$36,$0,$0,$42,$102,$0,$0,$125,$227,$269,$3,$134,$4,$137,$140,$162,$-33,$0,$128,$269,$1,$1,$0,$1,$-1,$0,$0,$-1,$-3,$-0,$-1,$0,$-21,$0,$-4,$-4,$3,$-23,$27,$0,$27,$0,$0,$-4,$0,$24,$0,$0,$-4
31,2010-12-31,2.76,$4.25,0.65,$0.85,3.25,$-0.09,0.0,$0.09,30.7,$0.04B,$0.00B,12.24,$0.11B,$0.13B,0.83,$0.02B,$0.02B,78.26%,$0.02B,$0.01B,39.13%,$0.02B,$0.01B,39.13%,$0.02B,$0.02B,69.57%,$0.02B,0,0.00%,$0.02B,0,0.00%,$0.00B,$0.13B,0.00%,$0.00B,$0.13B,0.00%,$0.00B,$0.24B,0.00%,$0.01B,$0.23B,4.40%,$6,$-3,$8,$0,$1,$-0,$6,$1,$2,$0,$2,$1,$1,$8,$6,$27,27,$0.03,$0.03,$39,$0,$0,$43,$81,$0,$0,$117,$198,$242,$4,$106,$4,$110,$114,$161,$-33,$0,$128,$242,$-1,$5,$2,$5,$-3,$0,$0,$-1,$-4,$2,$-2,$0,$0,$0,$-28,$-29,$-18,$-49,$21,$-0,$21,$42,$42,$-14,$-7,$42,$-4,$0,$-14
32,2010-09-30,2.79,$0.00,0.0,$0.96,2.91,$-0.25,0.0,$0.06,46.54,$0.06B,$0.00B,17.17,$0.10B,$0.14B,0.7,$0.02B,$0.01B,59.09%,$0.02B,$0.00B,9.09%,$0.02B,$0.00B,9.09%,$0.02B,$0.01B,40.91%,$0.02B,$-0.00B,-18.18%,$0.02B,$-0.00B,-13.64%,$-0.00B,$0.14B,-2.51%,$-0.00B,$0.14B,-2.51%,$-0.00B,$0.25B,-1.40%,$0.00B,$0.23B,1.08%,$6,$2,$4,$0,$1,$4,$1,$-4,$-2,$0,$-2,$-2,$-2,$3,$1,$30,30,$-0.04,$-0.04,$55,$0,$0,$59,$81,$0,$0,$110,$191,$250,$3,$96,$4,$100,$114,$0,$-33,$0,$136,$250,$-2,$4,$3,$6,$-3,$0,$0,$-2,$-5,$-0,$-1,$0,$0,$0,$-16,$-16,$-21,$-37,$21,$0,$21,$42,$42,$-10,$-5,$48,$10,$0,$-10
33,2010-06-30,2.73,$0.00,0.0,$1.11,2.47,$0.03,85.18,$0.17,16.08,$0.03B,$0.00B,9.87,$0.06B,$0.14B,0.39,$0.02B,$0.01B,54.55%,$0.02B,$0.00B,9.09%,$0.02B,$0.00B,9.09%,$0.02B,$0.01B,40.91%,$0.02B,$-0.00B,-9.09%,$0.02B,0,0.00%,$0.00B,$0.14B,0.00%,$0.00B,$0.14B,0.00%,$0.00B,$0.22B,0.00%,$0.00B,$0.20B,1.25%,$6,$3,$3,$0,$1,$5,$1,$-1,$0,$0,$0,$0,$1,$2,$1,$28,28,$0.05,$0.05,$31,$0,$0,$34,$85,$0,$0,$101,$186,$220,$3,$55,$4,$59,$80,$0,$-32,$0,$140,$220,$0,$2,$-0,$2,$-1,$0,$0,$-1,$-3,$-0,$-0,$0,$0,$0,$-16,$-16,$-8,$-24,$-13,$0,$-13,$42,$42,$-6,$2,$25,$1,$0,$-6
34,2010-03-31,2.87,$0.00,0.0,$1.23,2.33,$0.02,143.0,$0.14,20.53,$0.02B,$0.00B,7.87,$0.06B,$0.10B,0.54,$0.02B,$0.01B,52.38%,$0.02B,$0.00B,4.76%,$0.02B,$0.00B,4.76%,$0.02B,$0.01B,42.86%,$0.02B,$-0.00B,-14.29%,$0.02B,$-0.00B,-4.76%,$-0.00B,$0.10B,-1.10%,$-0.00B,$0.10B,-1.10%,$-0.00B,$0.19B,-0.54%,$0.00B,$0.16B,0.70%,$5,$2,$3,$0,$1,$4,$1,$-1,$0,$0,$0,$0,$0,$3,$1,$22,22,$0.05,$0.05,$21,$0,$0,$24,$85,$0,$0,$85,$170,$194,$3,$55,$3,$58,$91,$0,$-31,$0,$103,$194,$0,$1,$0,$1,$-1,$0,$0,$-1,$-2,$-1,$-0,$0,$0,$0,$0,$0,$-6,$-7,$-0,$0,$-0,$0,$0,$-3,$2,$-1,$-9,$0,$-3
35,2009-12-31,2.88,$0.00,0.0,$1.35,2.13,$-0.01,0.0,$0.21,13.73,$0.02B,$0.00B,5.99,$0.06B,$0.10B,0.56,$0.02B,$0.01B,47.62%,$0.02B,0,0.00%,$0.02B,0,0.00%,$0.02B,$0.01B,38.10%,$0.02B,$-0.00B,-19.05%,$0.02B,$0.00B,4.76%,$0.00B,$0.10B,1.22%,$0.00B,$0.10B,1.22%,$0.00B,$0.19B,0.55%,$0.00B,$0.15B,0.00%,$5,$3,$3,$0,$2,$6,$-1,$-1,$-2,$0,$-2,$-2,$-2,$1,$-1,$17,17,$-0.06,$-0.06,$23,$0,$0,$24,$92,$0,$0,$75,$167,$191,$4,$55,$3,$58,$92,$0,$-32,$0,$99,$191,$24,$6,$-25,$-20,$-0,$0,$0,$-4,$-5,$-0,$-2,$0,$24,$0,$-19,$-19,$9,$12,$-28,$0,$-28,$39,$39,$-11,$-1,$-2,$10,$0,$-11
36,2009-09-30,2.81,$0.00,0.0,$1.03,2.74,$0.12,22.66,$0.21,13.38,$0.01B,$0.01B,1.5,$0.05B,$0.08B,0.62,$0.02B,$0.01B,41.18%,$0.02B,0,0.00%,$0.02B,0,0.00%,$0.02B,$0.01B,41.18%,$0.02B,$-0.00B,-23.53%,$0.02B,$0.00B,11.76%,$0.00B,$0.08B,2.95%,$0.00B,$0.08B,2.95%,$0.00B,$0.17B,1.15%,$0.00B,$0.13B,0.00%,$6,$3,$3,$0,$1,$4,$1,$-1,$0,$0,$0,$1,$1,$3,$1,$17,17,$0.07,$0.07,$13,$0,$0,$14,$113,$0,$0,$67,$180,$174,$9,$50,$3,$53,$92,$0,$-31,$0,$81,$174,$25,$5,$-27,$-22,$0,$0,$0,$0,$2,$5,$-1,$0,$24,$0,$0,$-12,$8,$19,$0,$-34,$0,$0,$0,$-8,$16,$-25,$-1,$0,$0
37,2009-06-30,2.46,$0.00,0.0,$1.11,2.21,$0.10,25.18,$0.15,16.38,$0.03B,$0.00B,7.92,$0.05B,$0.08B,0.62,$0.02B,$0.01B,41.18%,$0.02B,0,0.00%,$0.02B,0,0.00%,$0.02B,$0.01B,35.29%,$0.02B,$-0.00B,-23.53%,$0.02B,$0.00B,5.88%,$0.00B,$0.08B,1.65%,$0.00B,$0.08B,1.65%,$0.00B,$0.18B,0.58%,$0.00B,$0.13B,0.00%,$5,$3,$2,$0,$0,$5,$0,$-1,$-1,$0,$-1,$0,$0,$2,$0,$15,15,$0.02,$0.02,$26,$0,$0,$27,$112,$0,$0,$55,$167,$175,$3,$50,$3,$53,$94,$0,$-30,$0,$81,$175,$25,$3,$-27,$-23,$0,$0,$0,$0,$-2,$-0,$-0,$0,$24,$0,$0,$0,$4,$28,$0,$-27,$0,$0,$0,$-5,$16,$-15,$13,$0,$0
38,2009-03-31,2.7,$0.00,0.0,$1.19,2.26,$0.22,12.07,$0.21,12.84,$0.05B,$0.00B,14.41,$0.08B,$0.07B,1.13,$0.02B,$0.01B,44.44%,$0.02B,$0.00B,5.56%,$0.02B,$0.00B,5.56%,$0.02B,$0.01B,33.33%,$0.02B,$-0.00B,-16.67%,$0.02B,$0.00B,11.11%,$0.00B,$0.07B,3.65%,$0.00B,$0.07B,3.65%,$0.00B,$0.19B,1.21%,$0.00B,$0.15B,0.81%,$5,$2,$2,$0,$1,$5,$0,$-1,$-1,$0,$-1,$-25,$2,$2,$0,$14,14,$0.12,$0.12,$48,$0,$0,$49,$105,$0,$0,$52,$157,$188,$3,$77,$2,$79,$120,$0,$-29,$0,$68,$188,$26,$2,$-27,$-25,$0,$0,$0,$0,$-2,$-1,$-0,$0,$31,$0,$0,$0,$-24,$7,$0,$0,$-0,$0,$0,$-2,$0,$-2,$4,$0,$0
39,2008-12-31,2.17,$0.00,0.0,$1.28,1.69,$0.33,6.59,$0.14,15.47,$0.02B,$0.00B,6.15,$0.06B,$0.04B,1.4,$0.02B,$0.01B,47.37%,$0.02B,$0.00B,15.79%,$0.02B,$0.00B,15.79%,$0.02B,$0.01B,36.84%,$0.02B,$-0.00B,-10.53%,$0.02B,0,0.00%,$0.00B,$0.04B,0.00%,$0.00B,$0.04B,0.00%,$0.00B,$0.16B,0.00%,$0.00B,$0.10B,2.50%,$1,$1,$0,$0,$1,$2,$-1,$-1,$-2,$0,$-2,$-2,$-1,$0,$-1,$0,0,$0.00,$0.00,$20,$0,$0,$21,$98,$0,$0,$57,$155,$158,$3,$57,$26,$83,$117,$0,$-53,$0,$41,$158,$-1,$6,$0,$6,$0,$0,$0,$0,$-1,$4,$-1,$0,$-13,$0,$0,$7,$-10,$-17,$0,$0,$16,$0,$0,$-9,$-2,$5,$-7,$0,$0
40,2008-09-30,2.55,$0.00,0.0,$1.28,2.0,$0.33,7.77,$0.14,18.24,$0.02B,$0.01B,2.7,$0.08B,$0.05B,1.45,$0.02B,$0.01B,50.00%,$0.02B,$0.00B,16.67%,$0.02B,$0.00B,16.67%,$0.02B,$0.01B,37.50%,$0.02B,$-0.00B,-4.17%,$0.02B,0,0.00%,$0.00B,$0.05B,0.00%,$0.00B,$0.05B,0.00%,$0.00B,$0.17B,0.00%,$0.00B,$0.13B,3.09%,$6,$3,$3,$0,$0,$5,$1,$-1,$0,$0,$0,$0,$0,$2,$1,$14,14,$0.01,$0.01,$20,$0,$0,$21,$117,$0,$0,$63,$180,$166,$8,$77,$2,$79,$113,$0,$-51,$0,$53,$166,$0,$4,$0,$4,$0,$0,$0,$0,$-1,$3,$0,$0,$0,$0,$0,$2,$-14,$-12,$0,$0,$12,$0,$0,$-7,$-1,$5,$-5,$0,$0
41,2008-06-30,2.69,$0.00,0.0,$1.28,2.11,$0.28,9.71,$0.20,13.47,$0.01B,$0.01B,1.84,$0.07B,$0.06B,1.13,$0.02B,$0.01B,50.00%,$0.02B,$0.00B,16.67%,$0.02B,$0.00B,16.67%,$0.02B,$0.01B,41.67%,$0.02B,$-0.00B,-4.17%,$0.02B,$0.00B,4.17%,$0.00B,$0.06B,1.61%,$0.00B,$0.06B,1.61%,$0.00B,$0.15B,0.63%,$0.00B,$0.12B,3.09%,$6,$3,$3,$0,$0,$4,$1,$-1,$0,$0,$0,$1,$1,$2,$1,$14,14,$0.08,$0.08,$11,$0,$0,$12,$110,$0,$0,$63,$173,$151,$6,$65,$2,$68,$94,$0,$-50,$0,$57,$151,$0,$3,$0,$3,$0,$0,$0,$0,$-1,$1,$0,$0,$0,$0,$0,$2,$-1,$2,$0,$0,$-6,$0,$0,$-4,$1,$-10,$-7,$0,$0
42,2008-03-31,2.43,$0.00,0.0,$0.86,2.84,$0.18,13.3,$0.12,20.27,$0.01B,$0.01B,1.13,$0.07B,$0.06B,1.25,$0.02B,$0.01B,50.00%,$0.02B,$0.00B,18.18%,$0.02B,$0.00B,18.18%,$0.02B,$0.01B,45.45%,$0.02B,0,0.00%,$0.02B,$0.00B,4.55%,$0.00B,$0.06B,1.52%,$0.00B,$0.06B,1.52%,$0.00B,$0.16B,0.62%,$0.00B,$0.13B,3.04%,$6,$3,$3,$0,$0,$4,$2,$-2,$0,$0,$0,$0,$0,$3,$2,$14,14,$0.05,$0.05,$7,$0,$0,$8,$110,$0,$0,$72,$182,$158,$7,$71,$2,$73,$101,$0,$-50,$0,$57,$158,$0,$1,$0,$1,$0,$0,$0,$0,$-1,$0,$0,$0,$0,$0,$0,$-9,$-1,$-10,$0,$0,$0,$0,$0,$-2,$1,$-2,$-11,$0,$0
43,2007-12-31,2.57,$0.00,0.0,$0.85,3.02,$0.23,11.39,$0.20,12.86,$0.02B,$0.01B,2.68,$0.07B,$0.06B,1.11,$0.02B,$0.01B,50.00%,$0.02B,$0.00B,15.00%,$0.02B,$0.00B,15.00%,$0.02B,$0.01B,45.00%,$0.02B,$0.00B,5.00%,$0.02B,$0.00B,10.00%,$0.00B,$0.06B,3.16%,$0.00B,$0.06B,3.16%,$0.00B,$0.17B,1.37%,$0.00B,$0.14B,2.45%,$6,$3,$3,$0,$1,$5,$0,$-1,$-1,$0,$-1,$-1,$-1,$2,$0,$0,0,$0.00,$0.00,$18,$0,$0,$18,$110,$0,$0,$69,$178,$165,$7,$71,$2,$74,$101,$0,$-49,$0,$64,$165,$1,$4,$0,$4,$0,$0,$0,$0,$-1,$4,$-1,$0,$-9,$0,$0,$-37,$-1,$-48,$0,$0,$30,$0,$0,$-7,$27,$50,$6,$0,$0
44,2007-09-30,3.08,$0.00,0.0,$0.85,3.63,$0.23,13.67,$0.20,15.42,$0.02B,$0.01B,2.56,$0.06B,$0.07B,0.84,$0.02B,$0.01B,50.00%,$0.02B,$0.00B,22.22%,$0.02B,$0.00B,22.22%,$0.02B,$0.01B,50.00%,$0.02B,$0.00B,11.11%,$0.02B,$0.00B,16.67%,$0.00B,$0.07B,5.08%,$0.00B,$0.07B,5.08%,$0.00B,$0.16B,2.31%,$0.00B,$0.13B,3.59%,$6,$3,$3,$0,$0,$4,$1,$-1,$0,$0,$0,$1,$1,$3,$1,$14,14,$0.07,$0.07,$19,$0,$0,$20,$109,$0,$0,$60,$170,$159,$8,$59,$2,$61,$89,$0,$-48,$0,$70,$159,$2,$2,$0,$2,$0,$0,$0,$0,$-2,$3,$-0,$0,$0,$0,$0,$-26,$-11,$-38,$0,$0,$18,$0,$0,$-5,$28,$41,$6,$0,$0
45,2007-06-30,3.09,$0.00,0.0,$0.82,3.77,$0.46,6.7,$0.64,4.82,$0.01B,$0.01B,2.0,$0.06B,$0.07B,0.81,$0.02B,$0.01B,50.00%,$0.02B,$0.00B,25.00%,$0.02B,$0.00B,25.00%,$0.02B,$0.01B,43.75%,$0.02B,$0.00B,12.50%,$0.02B,$0.01B,43.75%,$0.01B,$0.07B,13.08%,$0.01B,$0.07B,13.08%,$0.01B,$0.16B,6.03%,$0.00B,$0.13B,3.89%,$4,$2,$2,$0,$0,$3,$1,$-1,$1,$0,$1,$1,$1,$2,$1,$0,0,$0.00,$0.00,$14,$0,$0,$14,$109,$0,$0,$67,$176,$161,$7,$59,$2,$61,$88,$0,$-47,$0,$73,$161,$2,$1,$0,$1,$0,$0,$0,$0,$-1,$2,$-0,$0,$0,$0,$0,$-31,$-10,$-42,$0,$-15,$33,$0,$0,$-3,$27,$42,$2,$0,$0
46,2007-03-31,3.06,$0.00,0.0,$0.82,3.74,$0.46,6.64,$0.64,4.78,$0.01B,$0.01B,1.63,$0.05B,$0.05B,0.99,$0.02B,$0.01B,50.00%,$0.02B,$0.00B,25.00%,$0.02B,$0.00B,25.00%,$0.02B,$0.01B,37.50%,$0.02B,$0.00B,6.25%,$0.02B,$0.01B,43.75%,$0.01B,$0.05B,15.64%,$0.01B,$0.05B,15.64%,$0.01B,$0.10B,6.76%,$0.00B,$0.09B,4.41%,$4,$2,$2,$0,$0,$3,$1,$-1,$1,$0,$1,$1,$1,$2,$1,$10,10,$0.13,$0.13,$11,$0,$0,$11,$85,$0,$0,$33,$118,$100,$7,$46,$1,$47,$54,$0,$-46,$0,$46,$100,$1,$0,$0,$0,$0,$0,$0,$0,$-1,$1,$0,$0,$0,$0,$0,$-0,$-1,$-1,$0,$0,$0,$0,$0,$-2,$1,$-0,$-1,$0,$0
47,2006-12-31,2.92,$0.00,0.0,$0.78,3.77,$0.59,4.92,$0.62,4.72,$0.01B,$0.01B,1.78,$0.05B,$0.05B,0.98,$0.02B,$0.01B,50.00%,$0.02B,$0.00B,25.00%,$0.02B,$0.00B,25.00%,$0.02B,$0.01B,31.25%,$0.02B,0,0.00%,$0.02B,$0.01B,43.75%,$0.01B,$0.05B,16.28%,$0.01B,$0.05B,16.28%,$0.01B,$0.10B,6.57%,$0.00B,$0.09B,4.49%,$4,$2,$2,$0,$0,$3,$1,$-1,$0,$0,$-0,$-0,$-0,$2,$1,$0,0,$0.00,$0.00,$11,$0,$0,$11,$85,$0,$0,$33,$118,$100,$6,$46,$2,$47,$53,$0,$-46,$0,$47,$100,$13,$3,$-12,$-9,$0,$0,$0,$0,$2,$6,$0,$0,$0,$0,$0,$5,$1,$6,$0,$0,$-0,$0,$0,$-5,$-1,$-7,$5,$0,$0
