,Date,Stock Price,Book Value per Share,Price to Book Ratio,TTM Sales per Share,Price to Sales Ratio,TTM FCF per Share,Price to FCF Ratio,TTM Net EPS,PE Ratio,Current Assets,Current Liabilities,Current Ratio,Long Term Debt,Shareholder's Equity_x,Debt to Equity Ratio,TTM Revenue_x,TTM Gross Profit,Gross Margin,TTM Revenue_y,TTM Operating Income,Operating Margin,TTM Revenue_x,TTM EBIT,EBIT Margin,TTM Revenue_y,TTM EBITDA,EBITDA Margin,TTM Revenue_x,TTM Pre-Tax Income,Pre-Tax Margin,TTM Revenue_y,TTM Net Income_x,Net Margin,TTM Net Income_y,Shareholder's Equity_y,Return on Equity,TTM Net Income_x,Tangible Equity,Return on Tangible Equity,TTM Net Income_y,Total Assets,Return on Assets,TTM Net Income,LT Investments & Debt,Return on Investment,revenue,cost-goods-sold,gross-profit,research-development-expenses,selling-general-administrative-expenses,operating-expenses,operating-income,total-non-operating-income-expense,pre-tax-income,total-provision-income-taxes,income-after-taxes,income-from-continuous-operations,net-income,ebitda,ebit,basic-shares-outstanding,shares-outstanding,eps-basic-net-earnings-per-share,eps-earnings-per-share-diluted,cash-on-hand,inventory,other-current-assets,total-current-assets,net-property-plant-equipment,long-term-investments,goodwill-intangible-assets-total,other-long-term-assets,total-long-term-assets,total-assets,total-current-liabilities,long-term-debt,other-non-current-liabilities,total-long-term-liabilities,total-liabilities,common-stock-net,retained-earnings-accumulated-deficit,comprehensive-income,total-share-holder-equity,total-liabilities-share-holders-equity,net-income-loss,total-depreciation-amortization-cash-flow,other-non-cash-items,total-non-cash-items,change-in-accounts-receivable,change-in-inventories,change-in-accounts-payable,change-in-assets-liabilities,total-change-in-assets-liabilities,cash-flow-from-operating-activities,net-change-in-property-plant-equipment,net-change-in-intangible-assets,net-acquisitions-divestitures,net-change-in-short-term-investments,net-change-in-long-term-investments,net-change-in-investments-total,investing-activities-other,cash-flow-from-investing-activities,net-long-term-debt,net-current-debt,debt-issuance-retirement-net-total,net-common-equity-issued-repurchased,net-total-equity-issued-repurchased,total-common-preferred-stock-dividends-paid,financial-activities-other,cash-flow-from-financial-activities,net-cash-flow,stock-based-compensation,common-stock-dividends-paid
0,2018-09-30,48.2,$24.36,1.98,$19.76,2.44,$6.18,7.8,$0.16,301.25,$0.74B,$0.46B,1.61,$0.29B,$1.44B,0.2,$1.22B,$0.60B,49.18%,$1.22B,$0.17B,14.24%,$1.22B,$0.17B,14.24%,$1.22B,$0.23B,18.82%,$1.22B,$0.16B,13.18%,$1.22B,$0.01B,0.90%,$0.01B,$1.44B,0.73%,$0.01B,$0.28B,3.64%,$0.01B,$2.35B,0.48%,$0.17B,$1.73B,10.08%,$284,$149,$136,$0,$98,$287,$-3,$-4,$-7,$-2,$-5,$-5,$-10,$10,$-3,$60,61,$-0.16,$-0.16,$418,$0,$85,$739,$351,$0,$1161,$67,$1610,$2350,$459,$290,$0,$451,$910,$1,$1908,$-163,$1440,$2350,$-10,$13,$63,$76,$-26,$0,$1,$52,$12,$78,$-15,$0,$0,$-4,$0,$-4,$-1,$-20,$-0,$-1,$-1,$-49,$-49,$0,$-5,$-55,$1,$4,$0
1,2018-06-30,48.1,$25.37,1.9,$19.73,2.44,$6.39,7.52,$0.52,92.5,$0.69B,$0.37B,1.88,$0.29B,$1.52B,0.19,$1.23B,$0.59B,47.52%,$1.23B,$0.21B,16.82%,$1.23B,$0.21B,16.82%,$1.23B,$0.26B,21.45%,$1.23B,$0.20B,16.08%,$1.23B,$0.03B,2.76%,$0.03B,$1.52B,2.17%,$0.03B,$0.34B,10.06%,$0.03B,$2.35B,1.47%,$0.21B,$1.81B,11.89%,$259,$114,$145,$0,$76,$190,$68,$-6,$62,$-38,$100,$100,$63,$78,$68,$61,62,$1.04,$1.04,$435,$0,$47,$688,$389,$0,$1177,$53,$1657,$2345,$366,$290,$0,$460,$826,$1,$1917,$-142,$1519,$2345,$34,$55,$167,$223,$-43,$0,$10,$20,$-18,$239,$-67,$0,$-4,$-0,$-5,$-5,$4,$-71,$567,$-413,$154,$-112,$-112,$0,$-4,$37,$193,$14,$0
2,2018-03-31,47.55,$25.81,1.84,$17.01,2.8,$6.56,7.24,$0.17,279.71,$0.54B,$0.38B,1.42,$0.12B,$1.56B,0.08,$1.06B,$0.51B,47.51%,$1.06B,$0.20B,18.72%,$1.06B,$0.20B,18.72%,$1.06B,$0.26B,23.99%,$1.06B,$0.19B,18.25%,$1.06B,$0.01B,1.32%,$0.01B,$1.56B,0.87%,$0.01B,$0.31B,3.84%,$0.01B,$2.29B,0.61%,$0.20B,$1.68B,11.45%,$342,$180,$162,$0,$108,$288,$54,$-2,$52,$8,$45,$45,$39,$70,$54,$61,62,$0.64,$0.63,$271,$0,$28,$539,$418,$0,$1251,$49,$1748,$2287,$379,$120,$89,$350,$729,$1,$1852,$-59,$1558,$2287,$-29,$46,$153,$200,$-39,$0,$-2,$84,$12,$183,$-53,$0,$-4,$-0,$0,$-0,$7,$-49,$-16,$0,$-16,$-88,$-88,$0,$-4,$-108,$25,$12,$0
3,2017-12-31,42.05,$25.21,1.67,$16.66,2.52,$6.64,6.33,$0.16,262.81,$0.47B,$0.30B,1.58,$0.17B,$1.52B,0.11,$1.05B,$0.49B,46.77%,$1.05B,$0.19B,17.93%,$1.05B,$0.19B,17.93%,$1.05B,$0.25B,23.34%,$1.05B,$0.19B,17.65%,$1.05B,$0.02B,1.42%,$0.02B,$1.52B,0.92%,$0.02B,$0.28B,3.88%,$0.02B,$2.21B,0.65%,$0.19B,$1.69B,10.73%,$337,$179,$158,$0,$100,$282,$55,$-1,$54,$110,$-55,$-55,$-81,$72,$55,$61,62,$-1.33,$-1.33,$217,$0,$28,$470,$418,$0,$1240,$52,$1741,$2211,$297,$165,$89,$394,$691,$1,$1813,$-61,$1520,$2211,$-68,$30,$102,$132,$-7,$0,$-3,$-65,$-15,$50,$-33,$0,$-1,$-0,$0,$-0,$9,$-25,$32,$0,$32,$-83,$-83,$0,$-4,$-55,$-32,$9,$0
4,2017-09-30,35.85,$27.09,1.32,$16.44,2.18,$6.72,5.34,$1.72,20.84,$0.54B,$0.45B,1.2,$0.14B,$1.66B,0.08,$1.05B,$0.49B,46.62%,$1.05B,$0.13B,12.65%,$1.05B,$0.13B,12.65%,$1.05B,$0.18B,17.51%,$1.05B,$0.13B,12.27%,$1.05B,$0.11B,10.47%,$0.11B,$1.66B,6.68%,$0.11B,$0.42B,27.21%,$0.11B,$2.39B,4.72%,$0.13B,$1.79B,7.40%,$293,$173,$120,$0,$89,$263,$30,$0,$30,$4,$26,$26,$13,$44,$30,$63,63,$0.20,$0.20,$279,$0,$54,$542,$476,$0,$1235,$100,$1843,$2385,$451,$135,$1,$276,$726,$1,$1894,$-36,$1658,$2385,$13,$14,$43,$57,$-4,$0,$4,$51,$20,$90,$-12,$0,$0,$-0,$0,$-0,$-2,$-14,$-6,$10,$4,$-48,$-48,$0,$-3,$-48,$30,$5,$0
5,2017-06-30,37.95,$26.76,1.42,$18.86,2.01,$6.85,5.54,$1.91,19.87,$0.47B,$0.38B,1.25,$0.13B,$1.67B,0.08,$1.21B,$0.57B,47.10%,$1.21B,$0.14B,11.26%,$1.21B,$0.14B,11.26%,$1.21B,$0.19B,16.06%,$1.21B,$0.13B,10.84%,$1.21B,$0.12B,10.10%,$0.12B,$1.67B,7.47%,$0.12B,$0.45B,32.21%,$0.12B,$2.32B,5.27%,$0.14B,$1.79B,7.63%,$91,$26,$65,$0,$3,$31,$60,$-2,$58,$5,$53,$52,$43,$69,$60,$63,64,$0.67,$0.67,$246,$0,$40,$471,$489,$62,$1221,$37,$1844,$2315,$377,$125,$1,$269,$646,$1,$1881,$-59,$1669,$2315,$123,$58,$92,$150,$-57,$0,$4,$2,$-42,$231,$-43,$0,$-331,$-0,$0,$-0,$-6,$-380,$522,$-402,$120,$-20,$-20,$-11,$-3,$86,$-64,$17,$-11
6,2017-03-31,35.45,$26.42,1.34,$12.90,2.75,$6.70,5.29,$1.08,32.82,$0.43B,$0.40B,1.07,$0.12B,$1.65B,0.07,$0.83B,$0.38B,46.30%,$0.83B,$0.22B,26.55%,$0.83B,$0.22B,26.55%,$0.83B,$0.15B,18.67%,$0.83B,$0.22B,26.18%,$0.83B,$0.07B,8.36%,$0.07B,$1.65B,4.28%,$0.07B,$0.39B,16.07%,$0.07B,$2.32B,3.05%,$0.22B,$1.77B,12.66%,$333,$182,$150,$0,$104,$289,$44,$-0,$44,$7,$36,$36,$40,$61,$44,$64,64,$0.63,$0.62,$214,$0,$43,$429,$498,$0,$1260,$95,$1889,$2318,$402,$120,$0,$261,$663,$1,$1838,$-37,$1654,$2318,$80,$49,$71,$120,$-25,$0,$-11,$11,$-30,$170,$-30,$0,$-331,$-0,$0,$-0,$-3,$-363,$116,$0,$116,$-10,$-10,$-11,$-3,$92,$-101,$13,$-11
7,2016-12-31,31.2,$25.57,1.22,$15.09,2.07,$7.14,4.37,$1.27,24.57,$0.43B,$0.33B,1.31,$0.23B,$1.61B,0.14,$0.97B,$0.45B,46.89%,$0.97B,$0.24B,24.43%,$0.97B,$0.24B,24.43%,$0.97B,$0.18B,18.12%,$0.97B,$0.23B,23.91%,$0.97B,$0.08B,8.39%,$0.08B,$1.61B,5.11%,$0.08B,$0.35B,16.67%,$0.08B,$2.30B,3.67%,$0.24B,$1.83B,14.09%,$334,$179,$155,$0,$101,$335,$-1,$-1,$-3,$-10,$7,$7,$14,$10,$-1,$64,64,$0.23,$0.23,$207,$0,$37,$427,$501,$0,$1253,$94,$1874,$2301,$326,$225,$0,$371,$697,$1,$1798,$-51,$1605,$2301,$40,$32,$42,$74,$-9,$0,$-8,$-54,$-72,$41,$-19,$0,$-331,$-0,$0,$-0,$-2,$-351,$221,$0,$221,$-2,$-2,$-11,$-3,$205,$-104,$9,$-11
8,2016-09-30,22.92,$25.53,0.9,$16.93,1.35,$7.34,3.12,$0.25,91.69,$0.42B,$0.45B,0.95,$0.13B,$1.60B,0.08,$1.09B,$0.51B,47.15%,$1.09B,$0.18B,16.64%,$1.09B,$0.18B,16.64%,$1.09B,$0.23B,21.05%,$1.09B,$0.18B,16.18%,$1.09B,$0.02B,1.47%,$0.02B,$1.60B,1.03%,$0.02B,$0.32B,2.97%,$0.02B,$2.32B,0.76%,$0.18B,$1.73B,11.42%,$450,$251,$199,$0,$161,$417,$33,$-1,$32,$7,$25,$25,$25,$54,$33,$63,64,$0.40,$0.39,$199,$0,$0,$424,$514,$13,$1280,$60,$1901,$2324,$445,$130,$0,$278,$723,$1,$1796,$-49,$1602,$2324,$25,$21,$32,$53,$-45,$0,$-4,$103,$21,$99,$-11,$0,$-331,$-0,$0,$-0,$0,$-342,$236,$-110,$126,$-2,$-2,$0,$-2,$122,$-121,$6,$0
9,2016-06-30,17.73,$25.29,0.7,$16.71,1.06,$7.42,2.39,$-0.06,0.0,$0.52B,$0.36B,1.43,$0.00B,$1.58B,0.0,$1.08B,$0.51B,47.27%,$1.08B,$0.16B,14.46%,$1.08B,$0.16B,14.46%,$1.08B,$0.20B,18.91%,$1.08B,$0.15B,13.90%,$1.08B,$-0.00B,-0.37%,$-0.00B,$1.58B,-0.26%,$-0.00B,$0.65B,-0.63%,$-0.00B,$2.10B,-0.20%,$0.16B,$1.58B,10.15%,$-292,$-170,$-122,$0,$-132,$-435,$143,$-0,$143,$25,$119,$119,$-10,$29,$143,$64,64,$-0.15,$-0.15,$319,$0,$0,$518,$522,$13,$931,$60,$1579,$2097,$362,$0,$0,$153,$515,$1,$1771,$-42,$1582,$2097,$-3,$49,$236,$285,$-57,$0,$-1,$2,$-51,$231,$-51,$0,$-174,$-0,$0,$-0,$10,$-215,$-12,$0,$-12,$-31,$-31,$-23,$-3,$-69,$-48,$22,$-23
10,2016-03-31,17.0,$24.73,0.69,$28.49,0.6,$6.41,2.65,$0.56,30.35,$0.55B,$0.40B,1.37,$0.00B,$1.56B,0.0,$1.84B,$0.86B,46.37%,$1.84B,$0.05B,2.55%,$1.84B,$0.05B,2.55%,$1.84B,$0.24B,12.74%,$1.84B,$0.04B,2.11%,$1.84B,$0.04B,1.95%,$0.04B,$1.56B,2.34%,$0.04B,$0.62B,5.54%,$0.04B,$2.10B,1.77%,$0.05B,$1.56B,3.06%,$474,$253,$221,$0,$161,$413,$61,$-1,$59,$8,$52,$52,$52,$82,$61,$64,64,$0.81,$0.81,$345,$0,$0,$552,$512,$13,$936,$59,$1546,$2097,$402,$0,$0,$140,$541,$1,$1794,$-91,$1556,$2097,$7,$163,$71,$234,$-84,$0,$-12,$77,$-21,$220,$-51,$0,$-171,$-0,$0,$-0,$22,$-200,$-6,$0,$-6,$-23,$-23,$-12,$0,$-41,$-23,$14,$-12
11,2015-12-31,24.91,$23.18,1.07,$28.63,0.87,$6.01,4.15,$0.47,53.0,$0.36B,$0.29B,1.23,$0.00B,$1.47B,0.0,$1.86B,$0.87B,46.83%,$1.86B,$0.04B,1.88%,$1.86B,$0.04B,1.88%,$1.86B,$0.23B,12.15%,$1.86B,$0.03B,1.51%,$1.86B,$0.03B,1.67%,$0.03B,$1.47B,2.01%,$0.03B,$0.57B,4.66%,$0.03B,$1.89B,1.51%,$0.04B,$1.47B,2.27%,$456,$241,$215,$0,$159,$513,$-56,$-2,$-58,$-8,$-50,$-50,$-51,$64,$-56,$64,65,$-0.79,$-0.79,$196,$0,$0,$359,$536,$13,$901,$59,$1534,$1893,$292,$0,$0,$134,$426,$1,$1743,$-133,$1467,$1893,$-45,$142,$49,$191,$-18,$0,$-9,$-22,$-69,$77,$-41,$0,$-171,$-0,$0,$-0,$-3,$-215,$-3,$0,$-3,$-16,$-16,$-12,$0,$-31,$-175,$10,$-12
12,2015-09-30,26.58,$24.28,1.09,$28.98,0.92,$6.21,4.28,$1.91,13.92,$0.68B,$0.44B,1.55,$0.00B,$1.54B,0.0,$1.89B,$0.89B,47.11%,$1.89B,$0.14B,7.41%,$1.89B,$0.14B,7.41%,$1.89B,$0.23B,12.28%,$1.89B,$0.14B,7.15%,$1.89B,$0.12B,6.56%,$0.12B,$1.54B,7.94%,$0.12B,$0.71B,17.46%,$0.12B,$2.11B,6.00%,$0.14B,$1.54B,8.96%,$441,$245,$196,$0,$164,$433,$8,$-2,$6,$1,$5,$5,$5,$29,$8,$64,65,$0.08,$0.08,$448,$0,$0,$682,$530,$13,$837,$38,$1425,$2107,$439,$0,$0,$124,$563,$1,$1804,$-122,$1543,$2107,$5,$21,$35,$56,$-76,$0,$-3,$146,$55,$117,$-23,$0,$0,$-0,$0,$-0,$-3,$-26,$-3,$0,$-3,$-8,$-8,$0,$0,$-11,$83,$6,$0
13,2015-06-30,29.28,$24.91,1.18,$29.22,1.0,$6.60,4.44,$2.14,13.68,$0.56B,$0.32B,1.74,$0.00B,$1.59B,0.0,$1.91B,$0.91B,47.64%,$1.91B,$0.16B,8.22%,$1.91B,$0.16B,8.22%,$1.91B,$0.25B,13.04%,$1.91B,$0.15B,8.06%,$1.91B,$0.14B,7.28%,$0.14B,$1.59B,8.90%,$0.14B,$0.71B,19.36%,$0.14B,$2.04B,6.71%,$0.16B,$1.59B,10.05%,$473,$250,$223,$0,$175,$439,$34,$-2,$32,$2,$30,$30,$30,$60,$34,$65,65,$0.46,$0.46,$367,$0,$0,$560,$546,$13,$876,$38,$1480,$2040,$322,$0,$0,$133,$455,$1,$1796,$-77,$1585,$2040,$141,$92,$112,$204,$-97,$0,$11,$-29,$-139,$206,$-89,$0,$-73,$-0,$0,$-0,$6,$-156,$-6,$-4,$-9,$-16,$-16,$-23,$0,$-49,$-3,$17,$-23
14,2015-03-31,32.41,$24.57,1.32,$29.45,1.1,$7.68,4.22,$2.26,14.34,$0.67B,$0.40B,1.67,$0.00B,$1.57B,0.0,$1.92B,$0.92B,47.66%,$1.92B,$0.17B,8.64%,$1.92B,$0.17B,8.64%,$1.92B,$0.26B,13.27%,$1.92B,$0.17B,8.58%,$1.92B,$0.15B,7.60%,$0.15B,$1.57B,9.43%,$0.15B,$0.68B,20.26%,$0.15B,$2.15B,7.08%,$0.17B,$1.57B,10.72%,$490,$253,$237,$0,$180,$440,$49,$-1,$48,$6,$42,$42,$47,$73,$49,$65,65,$0.73,$0.72,$415,$0,$0,$668,$545,$13,$886,$36,$1481,$2149,$400,$0,$0,$184,$584,$1,$1778,$-79,$1565,$2149,$110,$66,$86,$152,$-86,$0,$6,$55,$-53,$209,$-64,$0,$-73,$-0,$0,$-0,$6,$-131,$-6,$-3,$-9,$-12,$-12,$-12,$0,$-33,$44,$13,$-12
15,2014-12-31,46.11,$24.37,1.89,$29.60,1.56,$8.78,5.25,$2.40,19.21,$0.57B,$0.27B,2.16,$0.00B,$1.56B,0.0,$1.93B,$0.93B,48.34%,$1.93B,$0.19B,9.70%,$1.93B,$0.19B,9.70%,$1.93B,$0.27B,14.21%,$1.93B,$0.19B,9.65%,$1.93B,$0.16B,8.04%,$0.16B,$1.56B,10.13%,$0.16B,$0.75B,21.49%,$0.16B,$1.97B,7.61%,$0.19B,$1.56B,12.22%,$485,$251,$234,$0,$175,$436,$49,$-0,$49,$6,$43,$43,$42,$70,$49,$65,65,$0.66,$0.65,$394,$0,$0,$573,$543,$13,$809,$30,$1395,$1968,$265,$0,$0,$147,$412,$1,$1732,$-44,$1556,$1968,$63,$43,$55,$97,$-6,$0,$3,$-35,$-68,$92,$-43,$0,$-10,$-0,$0,$-0,$6,$-47,$-4,$0,$-4,$-5,$-5,$-12,$0,$-21,$22,$10,$-12
16,2014-09-30,41.43,$24.11,1.72,$29.78,1.39,$9.26,4.47,$2.49,16.64,$0.74B,$0.45B,1.63,$0.00B,$1.54B,0.0,$1.93B,$0.95B,48.91%,$1.93B,$0.20B,10.19%,$1.93B,$0.20B,10.19%,$1.93B,$0.29B,14.74%,$1.93B,$0.20B,10.08%,$1.93B,$0.16B,8.32%,$0.16B,$1.54B,10.75%,$0.16B,$0.74B,23.38%,$0.16B,$2.14B,7.98%,$0.20B,$1.54B,13.15%,$462,$246,$216,$0,$178,$437,$25,$0,$25,$4,$20,$20,$20,$46,$25,$65,65,$0.32,$0.31,$489,$0,$0,$736,$552,$13,$803,$30,$1399,$2135,$451,$0,$0,$143,$594,$1,$1702,$-32,$1540,$2135,$20,$21,$24,$45,$-61,$0,$10,$142,$76,$141,$-21,$0,$0,$-0,$0,$-0,$0,$-21,$-4,$0,$-4,$1,$1,$0,$0,$-3,$115,$6,$0
17,2014-06-30,40.98,$24.10,1.7,$29.71,1.38,$9.27,4.42,$2.07,19.8,$0.58B,$0.32B,1.82,$0.00B,$1.53B,0.0,$1.92B,$0.94B,48.83%,$1.92B,$0.18B,9.46%,$1.92B,$0.18B,9.46%,$1.92B,$0.27B,14.09%,$1.92B,$0.18B,9.36%,$1.92B,$0.13B,6.97%,$0.13B,$1.53B,9.18%,$0.13B,$0.72B,20.69%,$0.13B,$2.00B,6.73%,$0.18B,$1.53B,12.47%,$485,$256,$229,$0,$170,$442,$43,$-0,$43,$5,$38,$38,$37,$66,$43,$64,65,$0.59,$0.58,$370,$0,$0,$577,$556,$13,$815,$36,$1421,$1998,$317,$0,$0,$147,$464,$1,$1682,$-15,$1533,$1998,$135,$90,$112,$202,$-82,$0,$-3,$17,$-71,$266,$-79,$0,$-14,$-0,$0,$-0,$9,$-84,$-9,$0,$-9,$12,$12,$-22,$0,$-19,$161,$18,$-22
18,2014-03-31,40.86,$23.53,1.74,$29.66,1.38,$8.72,4.69,$0.98,41.7,$0.64B,$0.41B,1.57,$0.00B,$1.49B,0.0,$1.92B,$0.94B,49.22%,$1.92B,$0.11B,5.94%,$1.92B,$0.11B,5.94%,$1.92B,$0.26B,13.61%,$1.92B,$0.11B,5.79%,$1.92B,$0.07B,3.39%,$0.07B,$1.49B,4.56%,$0.07B,$0.68B,10.49%,$0.07B,$2.05B,3.32%,$0.11B,$1.49B,7.99%,$496,$243,$253,$0,$184,$427,$70,$-0,$69,$13,$56,$56,$56,$92,$70,$64,65,$0.86,$0.86,$408,$0,$0,$638,$552,$13,$812,$34,$1410,$2049,$406,$0,$0,$150,$556,$1,$1655,$-20,$1493,$2049,$97,$67,$89,$156,$-82,$0,$-1,$105,$11,$263,$-48,$0,$-12,$-0,$0,$-0,$9,$-51,$-6,$0,$-6,$7,$7,$-11,$0,$-10,$200,$14,$-11
19,2013-12-31,34.22,$22.50,1.52,$29.85,1.15,$8.57,3.99,$1.00,34.22,$0.48B,$0.31B,1.55,$0.00B,$1.43B,0.0,$1.93B,$0.96B,49.74%,$1.93B,$0.12B,6.23%,$1.93B,$0.12B,6.23%,$1.93B,$0.27B,13.91%,$1.93B,$0.12B,6.07%,$1.93B,$0.07B,3.43%,$0.07B,$1.43B,4.66%,$0.07B,$0.62B,11.06%,$0.07B,$1.89B,3.39%,$0.12B,$1.43B,8.48%,$491,$243,$248,$0,$185,$433,$59,$-1,$58,$8,$49,$49,$48,$81,$59,$64,65,$0.75,$0.74,$277,$0,$0,$476,$558,$13,$808,$33,$1413,$1889,$307,$0,$0,$157,$464,$1,$1600,$-26,$1425,$1889,$41,$44,$65,$109,$-17,$0,$8,$-4,$-37,$113,$-33,$0,$-12,$-0,$0,$-0,$9,$-37,$-2,$0,$-2,$4,$4,$-11,$0,$-9,$65,$10,$-11
20,2013-09-30,29.18,$21.98,1.33,$30.01,0.97,$9.40,3.1,$1.04,28.06,$0.59B,$0.48B,1.24,$0.00B,$1.39B,0.0,$1.94B,$0.97B,50.10%,$1.94B,$0.13B,6.61%,$1.94B,$0.13B,6.61%,$1.94B,$0.28B,14.36%,$1.94B,$0.13B,6.51%,$1.94B,$0.07B,3.51%,$0.07B,$1.39B,4.83%,$0.07B,$0.57B,11.80%,$0.07B,$2.03B,3.48%,$0.13B,$1.39B,9.09%,$451,$242,$209,$0,$189,$441,$10,$-0,$10,$2,$8,$8,$-7,$32,$10,$64,65,$-0.11,$-0.11,$319,$0,$5,$592,$570,$13,$816,$34,$1434,$2027,$480,$0,$0,$158,$638,$1,$1563,$-18,$1389,$2027,$-7,$22,$35,$57,$-61,$0,$3,$141,$92,$141,$-22,$0,$-12,$-0,$0,$-0,$7,$-28,$-2,$0,$-2,$2,$2,$-0,$0,$-1,$111,$6,$-0
21,2013-06-30,29.62,$22.20,1.33,$30.40,0.97,$9.69,3.06,$1.64,18.06,$0.44B,$0.32B,1.4,$0.00B,$1.40B,0.0,$1.97B,$1.00B,50.94%,$1.97B,$0.17B,8.50%,$1.97B,$0.17B,8.50%,$1.97B,$0.32B,16.18%,$1.97B,$0.17B,8.40%,$1.97B,$0.11B,5.45%,$0.11B,$1.40B,7.63%,$0.11B,$0.61B,19.12%,$0.11B,$1.86B,5.48%,$0.17B,$1.40B,11.91%,$480,$246,$234,$0,$192,$505,$-25,$-0,$-26,$-7,$-19,$-19,$-32,$56,$-25,$64,65,$-0.50,$-0.50,$207,$0,$16,$442,$572,$13,$791,$39,$1415,$1857,$316,$0,$0,$144,$460,$1,$1575,$-17,$1397,$1857,$109,$150,$110,$260,$-124,$0,$-7,$2,$-108,$262,$-112,$0,$-31,$-0,$0,$-0,$-9,$-153,$-4,$0,$-4,$-47,$-47,$-32,$0,$-83,$23,$15,$-32
22,2013-03-31,29.97,$23.01,1.3,$30.17,0.99,$9.62,3.12,$2.27,13.2,$0.55B,$0.41B,1.34,$0.00B,$1.45B,0.0,$1.97B,$1.02B,51.60%,$1.97B,$0.24B,12.27%,$1.97B,$0.24B,12.27%,$1.97B,$0.33B,16.78%,$1.97B,$0.24B,12.16%,$1.97B,$0.15B,7.45%,$0.15B,$1.45B,10.54%,$0.15B,$0.59B,27.20%,$0.15B,$2.02B,7.54%,$0.24B,$1.45B,17.35%,$504,$237,$267,$0,$189,$428,$76,$-0,$75,$17,$59,$59,$57,$99,$76,$64,64,$0.89,$0.88,$288,$0,$31,$548,$570,$13,$859,$29,$1471,$2019,$409,$0,$0,$160,$570,$1,$1617,$-6,$1449,$2019,$140,$69,$76,$145,$-136,$0,$-8,$130,$-3,$282,$-78,$0,$-31,$-0,$0,$-0,$-1,$-111,$0,$0,$0,$-45,$-45,$-21,$-0,$-66,$104,$12,$-21
23,2012-12-31,22.4,$22.06,1.02,$30.38,0.74,$10.41,2.15,$2.39,9.37,$0.45B,$0.34B,1.34,$0.00B,$1.40B,0.0,$2.01B,$1.05B,52.14%,$2.01B,$0.26B,12.99%,$2.01B,$0.26B,12.99%,$2.01B,$0.35B,17.41%,$2.01B,$0.26B,12.94%,$2.01B,$0.16B,7.81%,$0.16B,$1.40B,11.37%,$0.16B,$0.54B,29.82%,$0.16B,$1.92B,7.96%,$0.26B,$1.40B,18.90%,$501,$240,$260,$0,$184,$433,$67,$-1,$67,$15,$52,$52,$50,$91,$67,$64,65,$0.78,$0.78,$223,$0,$29,$451,$559,$13,$860,$31,$1464,$1915,$338,$0,$0,$181,$518,$1,$1560,$-7,$1396,$1915,$83,$46,$57,$103,$-63,$0,$-1,$70,$-6,$180,$-47,$0,$-31,$-0,$0,$-0,$-1,$-80,$0,$0,$0,$-37,$-37,$-21,$0,$-57,$42,$8,$-21
24,2012-09-30,21.21,$21.44,0.99,$30.32,0.7,$10.65,1.99,$1.74,12.19,$0.55B,$0.47B,1.15,$0.00B,$1.37B,0.0,$2.03B,$1.07B,52.68%,$2.03B,$0.21B,10.23%,$2.03B,$0.21B,10.23%,$2.03B,$0.37B,18.20%,$2.03B,$0.21B,10.33%,$2.03B,$0.12B,5.71%,$0.12B,$1.37B,8.47%,$0.12B,$0.51B,22.16%,$0.12B,$2.02B,5.87%,$0.21B,$1.37B,15.18%,$480,$239,$240,$0,$191,$430,$49,$-1,$49,$15,$34,$34,$32,$72,$49,$65,65,$0.49,$0.49,$255,$0,$28,$546,$568,$13,$862,$31,$1474,$2020,$474,$0,$0,$178,$653,$1,$1520,$-5,$1368,$2020,$32,$22,$32,$55,$-91,$0,$-0,$162,$78,$164,$-26,$0,$-30,$-0,$0,$-0,$-1,$-56,$0,$0,$0,$-24,$-24,$-10,$0,$-34,$73,$6,$-10
25,2012-06-30,28.86,$21.08,1.37,$30.42,0.95,$10.72,2.69,$2.08,13.87,$0.40B,$0.32B,1.28,$0.00B,$1.37B,0.0,$2.07B,$1.11B,53.67%,$2.07B,$0.24B,11.53%,$2.07B,$0.24B,11.53%,$2.07B,$0.40B,19.21%,$2.07B,$0.24B,11.63%,$2.07B,$0.14B,6.81%,$0.14B,$1.37B,10.23%,$0.14B,$0.53B,27.17%,$0.14B,$1.84B,7.15%,$0.24B,$1.37B,17.34%,$488,$237,$251,$0,$194,$438,$50,$-1,$49,$13,$36,$36,$8,$69,$50,$67,68,$0.13,$0.13,$179,$0,$25,$404,$559,$13,$835,$31,$1438,$1843,$315,$0,$0,$163,$478,$1,$1489,$-6,$1365,$1843,$142,$160,$120,$280,$-90,$0,$-3,$-42,$-145,$277,$-125,$0,$-255,$-0,$0,$-0,$1,$-380,$0,$-0,$-0,$-150,$-150,$-18,$1,$-168,$-273,$19,$-18
26,2012-03-31,31.21,$21.18,1.47,$30.64,1.02,$12.37,2.52,$3.04,10.27,$0.67B,$0.55B,1.2,$0.00B,$1.39B,0.0,$2.11B,$1.16B,55.10%,$2.11B,$0.31B,14.51%,$2.11B,$0.31B,14.51%,$2.11B,$0.46B,21.76%,$2.11B,$0.31B,14.65%,$2.11B,$0.21B,9.86%,$0.21B,$1.39B,15.01%,$0.21B,$0.54B,37.41%,$0.21B,$2.11B,10.53%,$0.31B,$1.39B,22.08%,$541,$244,$297,$0,$201,$445,$95,$-1,$95,$28,$67,$67,$67,$118,$95,$67,67,$1.01,$1.00,$345,$0,$0,$665,$547,$13,$859,$27,$1447,$2112,$554,$0,$0,$163,$718,$1,$1490,$3,$1394,$2112,$134,$140,$78,$218,$-213,$0,$-11,$256,$3,$355,$-88,$0,$-250,$-0,$0,$-0,$0,$-338,$0,$-0,$-0,$-117,$-117,$-18,$1,$-135,$-118,$13,$-18
27,2011-12-31,35.44,$20.34,1.74,$30.61,1.16,$14.00,2.53,$3.36,10.55,$0.53B,$0.43B,1.24,$0.00B,$1.35B,0.0,$2.13B,$1.20B,56.08%,$2.13B,$0.35B,16.33%,$2.13B,$0.35B,16.33%,$2.13B,$0.50B,23.23%,$2.13B,$0.35B,16.47%,$2.13B,$0.23B,10.98%,$0.23B,$1.35B,17.06%,$0.23B,$0.52B,40.38%,$0.23B,$1.92B,11.91%,$0.35B,$1.35B,25.36%,$524,$241,$283,$0,$194,$510,$14,$3,$17,$8,$9,$9,$9,$111,$14,$68,68,$0.13,$0.13,$319,$0,$0,$529,$525,$13,$830,$27,$1396,$1924,$427,$0,$0,$143,$570,$1,$1424,$4,$1354,$1924,$67,$117,$52,$170,$-80,$0,$-13,$143,$-17,$219,$-63,$0,$-226,$-0,$0,$-0,$4,$-285,$0,$-0,$-0,$-88,$-88,$-8,$0,$-96,$-161,$9,$-8
28,2011-09-30,33.77,$20.64,1.64,$30.69,1.1,$14.81,2.28,$4.48,7.54,$0.55B,$0.46B,1.18,$0.00B,$1.40B,0.0,$2.16B,$1.23B,57.18%,$2.16B,$0.47B,21.78%,$2.16B,$0.47B,21.78%,$2.16B,$0.54B,24.84%,$2.16B,$0.47B,21.78%,$2.16B,$0.31B,14.55%,$0.31B,$1.40B,23.24%,$0.31B,$0.49B,53.36%,$0.31B,$2.01B,16.17%,$0.47B,$1.40B,34.79%,$519,$238,$281,$0,$201,$439,$80,$-0,$80,$22,$57,$57,$57,$100,$80,$69,69,$0.84,$0.83,$331,$0,$0,$545,$516,$13,$911,$26,$1467,$2012,$463,$0,$0,$151,$613,$1,$1425,$5,$1399,$2012,$57,$20,$35,$55,$-59,$0,$1,$157,$74,$187,$-34,$0,$-228,$-0,$0,$-0,$0,$-262,$0,$0,$0,$-41,$-41,$-8,$0,$-49,$-124,$5,$-8
29,2011-06-30,54.03,$20.34,2.66,$30.50,1.77,$15.03,3.6,$4.68,11.54,$0.63B,$0.32B,1.97,$0.00B,$1.40B,0.0,$2.16B,$1.25B,57.69%,$2.16B,$0.50B,23.24%,$2.16B,$0.50B,23.24%,$2.16B,$0.56B,26.06%,$2.16B,$0.50B,23.24%,$2.16B,$0.33B,15.32%,$0.33B,$1.40B,25.32%,$0.33B,$0.68B,55.63%,$0.33B,$1.85B,17.47%,$0.50B,$1.40B,38.40%,$525,$223,$301,$0,$184,$408,$117,$-0,$117,$37,$80,$80,$75,$130,$117,$70,71,$1.09,$1.08,$452,$0,$0,$625,$468,$13,$719,$25,$1226,$1851,$316,$0,$0,$138,$454,$1,$1368,$16,$1396,$1851,$331,$61,$126,$187,$-78,$0,$-27,$-10,$-110,$408,$-133,$0,$-3,$13,$0,$13,$-4,$-126,$0,$-3,$-3,$-122,$-122,$-16,$1,$-140,$139,$14,$-16
30,2011-03-31,50.11,$19.41,2.58,$30.08,1.67,$14.73,3.4,$4.59,10.92,$0.89B,$0.60B,1.48,$0.00B,$1.34B,0.0,$2.14B,$1.24B,57.70%,$2.14B,$0.49B,22.69%,$2.14B,$0.49B,22.69%,$2.14B,$0.55B,25.58%,$2.14B,$0.49B,22.69%,$2.14B,$0.33B,15.31%,$0.33B,$1.34B,26.18%,$0.33B,$0.63B,60.38%,$0.33B,$2.07B,17.84%,$0.49B,$1.34B,38.79%,$563,$233,$330,$0,$193,$426,$137,$0,$137,$44,$93,$93,$93,$154,$137,$70,70,$1.34,$1.32,$606,$0,$0,$888,$438,$13,$710,$22,$1183,$2070,$599,$0,$0,$132,$732,$1,$1301,$14,$1339,$2070,$255,$48,$101,$149,$-178,$0,$-27,$302,$81,$485,$-91,$0,$0,$13,$0,$13,$-1,$-79,$0,$0,$0,$-101,$-101,$-16,$1,$-116,$289,$11,$-16
31,2010-12-31,43.66,$18.28,2.39,$29.04,1.5,$14.37,3.04,$4.39,9.94,$0.68B,$0.46B,1.48,$0.00B,$1.27B,0.0,$2.08B,$1.20B,57.42%,$2.08B,$0.47B,22.61%,$2.08B,$0.47B,22.61%,$2.08B,$0.53B,25.49%,$2.08B,$0.47B,22.61%,$2.08B,$0.32B,15.17%,$0.32B,$1.27B,26.33%,$0.32B,$0.56B,64.46%,$0.32B,$1.84B,17.64%,$0.47B,$1.27B,39.24%,$551,$230,$322,$0,$186,$416,$136,$0,$136,$47,$89,$89,$89,$152,$136,$70,71,$1.26,$1.25,$471,$0,$0,$676,$415,$13,$710,$21,$1159,$1835,$457,$0,$0,$108,$565,$1,$1208,$14,$1270,$1835,$162,$31,$57,$88,$-84,$0,$-28,$170,$23,$274,$-54,$0,$0,$13,$0,$13,$0,$-40,$0,$0,$0,$-74,$-74,$-7,$0,$-81,$152,$8,$-7
32,2010-09-30,44.53,$17.42,2.56,$27.80,1.6,$14.11,3.16,$4.14,10.76,$0.68B,$0.49B,1.38,$0.00B,$1.22B,0.0,$2.01B,$1.15B,57.21%,$2.01B,$0.44B,22.14%,$2.01B,$0.44B,22.14%,$2.01B,$0.51B,25.19%,$2.01B,$0.44B,22.14%,$2.01B,$0.30B,14.91%,$0.30B,$1.22B,26.14%,$0.30B,$0.51B,69.01%,$0.30B,$1.82B,17.09%,$0.44B,$1.22B,38.81%,$521,$228,$293,$0,$182,$410,$112,$0,$112,$39,$73,$73,$74,$127,$112,$71,72,$1.04,$1.03,$464,$0,$0,$681,$399,$13,$710,$20,$1142,$1823,$492,$0,$0,$107,$599,$1,$1128,$13,$1224,$1823,$73,$15,$31,$47,$-68,$0,$-16,$147,$76,$196,$-23,$0,$0,$13,$0,$13,$0,$-10,$0,$0,$0,$-36,$-36,$-7,$0,$-43,$143,$5,$-7
33,2010-06-30,47.5,$16.60,2.86,$26.50,1.79,$13.79,3.45,$3.87,12.27,$0.50B,$0.34B,1.45,$0.00B,$1.18B,0.0,$1.92B,$1.09B,56.87%,$1.92B,$0.41B,21.46%,$1.92B,$0.41B,21.46%,$1.92B,$0.47B,24.70%,$1.92B,$0.41B,21.51%,$1.92B,$0.28B,14.62%,$0.28B,$1.18B,25.84%,$0.28B,$0.47B,75.42%,$0.28B,$1.63B,16.47%,$0.41B,$1.18B,37.93%,$507,$215,$291,$0,$191,$406,$101,$0,$101,$29,$72,$72,$72,$115,$101,$71,72,$0.99,$0.99,$325,$0,$0,$500,$388,$13,$709,$18,$1128,$1628,$344,$0,$0,$105,$448,$1,$1056,$10,$1179,$1628,$280,$62,$86,$149,$-103,$0,$19,$16,$-37,$392,$-131,$0,$0,$46,$0,$46,$-1,$-86,$0,$-125,$-125,$-28,$-28,$-13,$3,$-162,$143,$10,$-13
34,2010-03-31,58.8,$15.83,3.71,$24.96,2.36,$12.60,4.67,$3.39,17.34,$0.77B,$0.65B,1.19,$0.00B,$1.13B,0.0,$1.80B,$1.01B,55.93%,$1.80B,$0.36B,20.18%,$1.80B,$0.36B,20.18%,$1.80B,$0.43B,23.61%,$1.80B,$0.37B,20.23%,$1.80B,$0.25B,13.58%,$0.25B,$1.13B,24.01%,$0.25B,$0.42B,79.93%,$0.25B,$1.88B,14.83%,$0.36B,$1.13B,35.49%,$504,$214,$290,$0,$168,$382,$122,$0,$122,$41,$81,$81,$81,$137,$122,$71,72,$1.14,$1.12,$558,$0,$0,$769,$372,$13,$711,$15,$1112,$1880,$649,$0,$0,$104,$753,$1,$991,$10,$1128,$1880,$208,$48,$73,$121,$-122,$0,$18,$240,$152,$481,$-102,$0,$0,$-0,$0,$-0,$-1,$-102,$0,$-80,$-80,$-12,$-12,$-13,$3,$-102,$275,$8,$-13
35,2009-12-31,51.16,$14.70,3.48,$23.38,2.19,$10.62,4.82,$2.97,17.23,$0.58B,$0.53B,1.1,$0.00B,$1.05B,0.0,$1.69B,$0.93B,55.14%,$1.69B,$0.31B,18.56%,$1.69B,$0.31B,18.56%,$1.69B,$0.37B,22.10%,$1.69B,$0.32B,18.68%,$1.69B,$0.22B,12.71%,$0.22B,$1.05B,22.33%,$0.22B,$0.33B,83.82%,$0.22B,$1.67B,13.61%,$0.31B,$1.05B,32.28%,$473,$200,$273,$0,$164,$364,$109,$0,$109,$37,$73,$73,$72,$126,$109,$71,72,$1.02,$1.00,$389,$0,$0,$579,$346,$13,$713,$15,$1087,$1666,$526,$0,$0,$95,$621,$1,$911,$12,$1045,$1666,$127,$33,$50,$83,$-76,$0,$-0,$133,$57,$267,$-62,$0,$0,$-0,$0,$-0,$-0,$-62,$0,$-80,$-80,$-12,$-12,$-6,$1,$-97,$107,$6,$-6
36,2009-09-30,49.71,$13.82,3.6,$21.92,2.27,$9.34,5.32,$2.56,19.42,$0.56B,$0.56B,1.01,$0.00B,$0.98B,0.0,$1.59B,$0.86B,54.31%,$1.59B,$0.27B,16.87%,$1.59B,$0.27B,16.87%,$1.59B,$0.32B,20.39%,$1.59B,$0.27B,16.87%,$1.59B,$0.19B,11.71%,$0.19B,$0.98B,20.34%,$0.19B,$0.27B,86.21%,$0.19B,$1.63B,12.18%,$0.27B,$0.98B,28.84%,$431,$196,$235,$0,$155,$352,$79,$1,$80,$26,$55,$55,$55,$95,$79,$71,72,$0.77,$0.76,$351,$0,$0,$561,$323,$13,$716,$15,$1067,$1628,$556,$0,$0,$90,$646,$1,$846,$11,$982,$1628,$55,$16,$27,$43,$-76,$0,$15,$128,$79,$177,$-26,$0,$0,$-0,$0,$-0,$-0,$-27,$0,$-20,$-20,$-10,$-10,$-6,$0,$-36,$114,$4,$-6
37,2009-06-30,44.97,$13.01,3.46,$20.13,2.23,$8.44,5.33,$2.28,19.72,$0.39B,$0.39B,0.98,$0.02B,$0.93B,0.02,$1.46B,$0.79B,54.17%,$1.46B,$0.24B,16.14%,$1.46B,$0.24B,16.14%,$1.46B,$0.29B,19.56%,$1.46B,$0.24B,16.21%,$1.46B,$0.17B,11.35%,$0.17B,$0.93B,19.06%,$0.17B,$0.21B,89.61%,$0.17B,$1.43B,11.29%,$0.24B,$0.95B,26.49%,$396,$185,$211,$0,$153,$343,$54,$1,$54,$17,$37,$37,$37,$68,$54,$72,73,$0.52,$0.51,$231,$0,$0,$385,$308,$13,$716,$12,$1049,$1434,$392,$20,$0,$115,$507,$1,$792,$7,$927,$1434,$166,$50,$84,$134,$-89,$0,$-3,$22,$-50,$250,$-74,$0,$-315,$-0,$0,$-0,$0,$-389,$-13,$125,$112,$-19,$-19,$-10,$4,$86,$-52,$8,$-10
38,2009-03-31,43.15,$12.53,3.44,$18.49,2.33,$8.62,5.01,$2.11,20.45,$0.55B,$0.59B,0.94,$0.02B,$0.90B,0.02,$1.34B,$0.73B,54.36%,$1.34B,$0.21B,15.86%,$1.34B,$0.21B,15.86%,$1.34B,$0.26B,19.29%,$1.34B,$0.22B,16.08%,$1.34B,$0.15B,11.47%,$0.15B,$0.90B,18.54%,$0.15B,$0.22B,66.52%,$0.15B,$1.59B,11.28%,$0.21B,$0.92B,25.19%,$392,$178,$214,$0,$138,$320,$72,$1,$73,$22,$51,$51,$51,$85,$72,$72,73,$0.71,$0.70,$319,$0,$0,$550,$278,$71,$679,$13,$1041,$1591,$586,$20,$0,$108,$694,$1,$760,$1,$897,$1591,$129,$36,$64,$100,$-149,$0,$-6,$195,$59,$288,$-51,$0,$-287,$-0,$0,$-0,$0,$-338,$0,$135,$135,$-3,$-3,$-10,$3,$126,$78,$7,$-10
39,2008-12-31,51.42,$11.87,4.33,$17.11,3.01,$8.39,6.13,$1.94,26.5,$0.43B,$0.50B,0.85,$0.02B,$0.85B,0.02,$1.24B,$0.68B,54.43%,$1.24B,$0.19B,15.46%,$1.24B,$0.19B,15.46%,$1.24B,$0.24B,18.92%,$1.24B,$0.20B,15.78%,$1.24B,$0.14B,11.35%,$0.14B,$0.85B,17.84%,$0.14B,$0.17B,52.56%,$0.14B,$1.46B,11.31%,$0.19B,$0.87B,23.99%,$370,$167,$203,$0,$140,$307,$63,$-1,$61,$18,$43,$43,$43,$76,$63,$72,73,$0.60,$0.59,$237,$0,$0,$425,$265,$71,$682,$12,$1030,$1455,$498,$20,$0,$107,$604,$1,$709,$0,$851,$1455,$78,$23,$40,$63,$-88,$0,$-31,$111,$-2,$139,$-25,$0,$-287,$-0,$0,$-0,$0,$-312,$0,$155,$155,$4,$4,$-4,$2,$157,$-14,$5,$-4
40,2008-09-30,44.24,$11.31,3.91,$15.80,2.8,$8.80,5.03,$1.84,24.04,$0.39B,$0.51B,0.77,$0.02B,$0.81B,0.03,$1.15B,$0.62B,54.36%,$1.15B,$0.18B,15.36%,$1.15B,$0.18B,15.36%,$1.15B,$0.22B,18.85%,$1.15B,$0.19B,16.14%,$1.15B,$0.13B,11.69%,$0.13B,$0.81B,17.79%,$0.13B,$0.14B,43.47%,$0.13B,$1.40B,11.83%,$0.18B,$0.83B,23.21%,$304,$140,$164,$0,$117,$257,$47,$2,$49,$14,$35,$35,$35,$57,$47,$71,73,$0.49,$0.48,$194,$0,$0,$392,$261,$71,$664,$11,$1006,$1399,$508,$20,$0,$83,$591,$1,$672,$-3,$808,$1399,$35,$10,$18,$28,$-86,$0,$9,$109,$34,$97,$-11,$0,$-286,$-0,$0,$-0,$0,$-297,$0,$166,$166,$3,$3,$-4,$0,$165,$-34,$3,$-4
41,2008-06-30,47.88,$10.74,4.46,$15.09,3.17,$9.01,5.32,$1.73,27.68,$0.33B,$0.21B,1.55,$0.00B,$0.77B,0.0,$1.09B,$0.59B,53.85%,$1.09B,$0.16B,14.93%,$1.09B,$0.16B,14.93%,$1.09B,$0.20B,18.50%,$1.09B,$0.17B,15.75%,$1.09B,$0.13B,11.54%,$0.13B,$0.77B,17.55%,$0.13B,$0.40B,35.80%,$0.13B,$1.02B,12.34%,$0.16B,$0.77B,22.71%,$277,$127,$149,$0,$118,$246,$31,$2,$33,$9,$25,$25,$25,$41,$31,$71,72,$0.34,$0.34,$224,$0,$0,$326,$239,$71,$371,$12,$693,$1018,$211,$0,$0,$41,$252,$1,$638,$-3,$766,$1018,$126,$40,$65,$104,$-60,$0,$36,$-8,$-31,$199,$-10,$0,$-28,$-62,$0,$-62,$0,$-100,$0,$-2,$-2,$-6,$-6,$-8,$4,$-11,$88,$6,$-8
42,2008-03-31,37.29,$10.32,3.61,$14.53,2.57,$8.13,4.59,$1.61,23.16,$0.44B,$0.33B,1.3,$0.00B,$0.74B,0.0,$1.05B,$0.55B,52.67%,$1.05B,$0.15B,14.31%,$1.05B,$0.15B,14.31%,$1.05B,$0.19B,18.13%,$1.05B,$0.16B,15.17%,$1.05B,$0.12B,11.16%,$0.12B,$0.74B,17.04%,$0.12B,$0.36B,35.83%,$0.12B,$1.12B,11.97%,$0.15B,$0.74B,21.84%,$291,$131,$160,$0,$110,$240,$51,$3,$53,$15,$38,$38,$38,$61,$51,$71,73,$0.54,$0.53,$275,$0,$0,$435,$223,$71,$373,$15,$681,$1116,$333,$0,$0,$46,$379,$1,$607,$-3,$736,$1116,$101,$30,$43,$73,$-117,$0,$3,$143,$31,$205,$15,$0,$-28,$-61,$0,$-61,$0,$-74,$0,$-2,$-2,$-4,$-4,$-8,$3,$-11,$120,$4,$-8
43,2007-12-31,46.3,$9.85,4.7,$13.95,3.32,$6.95,6.66,$1.40,33.07,$0.37B,$0.25B,1.49,$0.00B,$0.70B,0.0,$1.00B,$0.51B,51.05%,$1.00B,$0.13B,12.86%,$1.00B,$0.13B,12.86%,$1.00B,$0.17B,16.95%,$1.00B,$0.14B,13.66%,$1.00B,$0.10B,10.17%,$0.10B,$0.70B,15.47%,$0.10B,$0.33B,33.47%,$0.10B,$1.00B,10.91%,$0.13B,$0.70B,19.57%,$274,$124,$150,$0,$103,$227,$47,$3,$50,$14,$36,$36,$36,$57,$47,$71,73,$0.50,$0.49,$251,$0,$0,$368,$234,$13,$374,$7,$628,$996,$247,$0,$0,$46,$293,$1,$568,$-2,$703,$996,$63,$20,$31,$51,$-58,$0,$3,$81,$19,$132,$11,$0,$-27,$-142,$0,$-142,$0,$-159,$0,$-2,$-2,$2,$2,$-4,$1,$-3,$-30,$3,$-4
44,2007-09-30,32.91,$9.37,3.51,$13.48,2.44,$6.57,5.01,$1.14,28.87,$0.35B,$0.25B,1.43,$0.00B,$0.67B,0.0,$0.97B,$0.48B,49.43%,$0.97B,$0.10B,10.78%,$0.97B,$0.10B,10.78%,$0.97B,$0.15B,15.13%,$0.97B,$0.11B,11.30%,$0.97B,$0.08B,8.50%,$0.08B,$0.67B,12.92%,$0.08B,$0.32B,28.70%,$0.08B,$0.95B,8.95%,$0.10B,$0.67B,16.39%,$250,$121,$129,$0,$92,$216,$34,$2,$36,$9,$27,$27,$27,$43,$34,$71,72,$0.38,$0.37,$244,$0,$0,$354,$233,$13,$347,$6,$599,$953,$247,$0,$0,$40,$287,$1,$537,$-2,$666,$953,$27,$9,$13,$23,$-47,$0,$-2,$79,$30,$80,$20,$0,$0,$-73,$0,$-73,$0,$-52,$0,$0,$0,$-3,$-3,$-4,$0,$-6,$21,$2,$-4
45,2007-06-30,30.25,$9.03,3.35,$13.09,2.31,$6.26,4.83,$1.06,28.54,$0.22B,$0.17B,1.32,$0.00B,$0.64B,0.0,$0.93B,$0.45B,47.86%,$0.93B,$0.10B,11.03%,$0.93B,$0.10B,11.03%,$0.93B,$0.15B,15.74%,$0.93B,$0.11B,11.24%,$0.93B,$0.08B,8.14%,$0.08B,$0.64B,12.36%,$0.08B,$0.29B,28.73%,$0.08B,$0.84B,8.33%,$0.10B,$0.64B,16.69%,$233,$120,$113,$0,$90,$215,$18,$2,$20,$4,$16,$16,$16,$29,$18,$71,71,$0.22,$0.23,$144,$0,$0,$219,$259,$13,$348,$4,$625,$844,$166,$0,$0,$36,$202,$1,$511,$-1,$642,$844,$76,$44,$41,$85,$-48,$0,$-5,$4,$-36,$125,$-2,$0,$0,$0,$0,$0,$0,$-2,$-115,$-10,$-125,$3,$3,$-4,$1,$-124,$-1,$5,$-4
46,2007-03-31,26.03,$8.83,2.95,$12.83,2.03,$5.48,4.75,$1.01,25.77,$0.32B,$0.29B,1.11,$0.00B,$0.63B,0.0,$0.91B,$0.43B,47.26%,$0.91B,$0.10B,10.83%,$0.91B,$0.10B,10.83%,$0.91B,$0.14B,15.75%,$0.91B,$0.10B,10.94%,$0.91B,$0.07B,7.88%,$0.07B,$0.63B,12.09%,$0.07B,$0.28B,29.57%,$0.07B,$0.95B,7.83%,$0.10B,$0.63B,16.12%,$246,$126,$120,$0,$90,$216,$30,$1,$31,$8,$23,$23,$23,$41,$30,$71,72,$0.32,$0.32,$194,$0,$0,$320,$258,$13,$349,$7,$627,$947,$289,$0,$0,$32,$321,$1,$499,$-0,$626,$947,$60,$33,$20,$54,$-88,$0,$-5,$91,$10,$124,$9,$0,$0,$0,$0,$0,$0,$9,$-115,$-10,$-125,$0,$0,$-4,$0,$-128,$5,$4,$-4
47,2006-12-31,24.83,$8.52,2.91,$12.50,1.99,$4.76,5.22,$0.91,27.29,$0.29B,$0.28B,1.03,$0.00B,$0.60B,0.0,$0.89B,$0.42B,46.96%,$0.89B,$0.09B,10.47%,$0.89B,$0.09B,10.47%,$0.89B,$0.14B,15.65%,$0.89B,$0.09B,10.14%,$0.89B,$0.07B,7.32%,$0.07B,$0.60B,11.27%,$0.07B,$0.25B,29.21%,$0.07B,$0.92B,6.99%,$0.09B,$0.60B,15.02%,$236,$121,$115,$0,$93,$214,$22,$0,$22,$6,$16,$16,$16,$33,$22,$71,71,$0.23,$0.23,$195,$0,$0,$293,$257,$13,$351,$6,$627,$920,$283,$0,$0,$32,$315,$1,$476,$-0,$604,$920,$37,$22,$8,$30,$-40,$0,$-7,$68,$27,$94,$19,$0,$0,$0,$0,$0,$0,$19,$-115,$40,$-75,$2,$2,$0,$0,$-72,$41,$3,$0
