,Date,Stock Price,Book Value per Share,Price to Book Ratio,TTM Sales per Share,Price to Sales Ratio,TTM FCF per Share,Price to FCF Ratio,TTM Net EPS,PE Ratio,Current Assets,Current Liabilities,Current Ratio,Long Term Debt,Shareholder's Equity_x,Debt to Equity Ratio,TTM Revenue_x,TTM Gross Profit,Gross Margin,TTM Revenue_y,TTM Operating Income,Operating Margin,TTM Revenue_x,TTM EBIT,EBIT Margin,TTM Revenue_y,TTM EBITDA,EBITDA Margin,TTM Revenue_x,TTM Pre-Tax Income,Pre-Tax Margin,TTM Revenue_y,TTM Net Income_x,Net Margin,TTM Net Income_y,Shareholder's Equity_y,Return on Equity,TTM Net Income_x,Tangible Equity,Return on Tangible Equity,TTM Net Income_y,Total Assets,Return on Assets,TTM Net Income,LT Investments & Debt,Return on Investment,revenue,cost-goods-sold,gross-profit,research-development-expenses,selling-general-administrative-expenses,operating-expenses,operating-income,total-non-operating-income-expense,pre-tax-income,total-provision-income-taxes,income-after-taxes,income-from-continuous-operations,net-income,ebitda,ebit,basic-shares-outstanding,shares-outstanding,eps-basic-net-earnings-per-share,eps-earnings-per-share-diluted,cash-on-hand,inventory,other-current-assets,total-current-assets,net-property-plant-equipment,long-term-investments,goodwill-intangible-assets-total,other-long-term-assets,total-long-term-assets,total-assets,total-current-liabilities,long-term-debt,other-non-current-liabilities,total-long-term-liabilities,total-liabilities,common-stock-net,retained-earnings-accumulated-deficit,comprehensive-income,total-share-holder-equity,total-liabilities-share-holders-equity,net-income-loss,total-depreciation-amortization-cash-flow,other-non-cash-items,total-non-cash-items,change-in-accounts-receivable,change-in-inventories,change-in-accounts-payable,change-in-assets-liabilities,total-change-in-assets-liabilities,cash-flow-from-operating-activities,net-change-in-property-plant-equipment,net-change-in-intangible-assets,net-acquisitions-divestitures,net-change-in-short-term-investments,net-change-in-long-term-investments,net-change-in-investments-total,investing-activities-other,cash-flow-from-investing-activities,net-long-term-debt,net-current-debt,debt-issuance-retirement-net-total,net-common-equity-issued-repurchased,net-total-equity-issued-repurchased,total-common-preferred-stock-dividends-paid,financial-activities-other,cash-flow-from-financial-activities,net-cash-flow,stock-based-compensation,common-stock-dividends-paid
0,2018-09-30,133.6,$26.30,5.08,$31.99,4.18,$12.79,10.44,$3.07,43.52,$0.61B,$0.22B,2.74,$0.23B,$1.07B,0.22,$1.31B,$0.70B,53.70%,$1.31B,$0.16B,12.36%,$1.31B,$0.16B,12.36%,$1.31B,$0.32B,24.33%,$1.31B,$0.15B,11.67%,$1.31B,$0.13B,9.53%,$0.13B,$1.07B,12.96%,$0.13B,$0.69B,21.40%,$0.13B,$1.59B,8.48%,$0.16B,$1.30B,13.42%,$330,$154,$175,$51,$86,$291,$38,$-2,$36,$10,$26,$26,$26,$79,$38,$41,41,$0.65,$0.64,$303,$0,$80,$614,$337,$0,$378,$104,$975,$1589,$224,$232,$6,$297,$521,$0,$382,$-2,$1068,$1589,$94,$118,$65,$183,$3,$0,$-7,$-36,$-19,$258,$-32,$-65,$-10,$0,$0,$0,$4,$-103,$-15,$0,$-15,$16,$16,$0,$-16,$-15,$138,$39,$0
1,2018-06-30,159.14,$25.28,6.29,$31.47,5.06,$9.61,16.56,$2.75,57.87,$0.55B,$0.21B,2.62,$0.24B,$1.02B,0.23,$1.29B,$0.69B,53.65%,$1.29B,$0.14B,11.12%,$1.29B,$0.14B,11.12%,$1.29B,$0.30B,22.94%,$1.29B,$0.13B,10.42%,$1.29B,$0.11B,8.71%,$0.11B,$1.02B,12.68%,$0.11B,$0.64B,22.37%,$0.11B,$1.53B,8.02%,$0.14B,$1.26B,12.62%,$323,$152,$171,$48,$80,$280,$43,$-2,$41,$4,$36,$36,$36,$81,$43,$41,41,$0.90,$0.89,$222,$0,$80,$548,$347,$0,$383,$97,$978,$1526,$209,$240,$4,$294,$503,$0,$356,$-1,$1024,$1526,$68,$77,$40,$117,$-14,$0,$4,$-22,$-37,$148,$-25,$-46,$-10,$0,$0,$0,$4,$-77,$-9,$0,$-9,$11,$11,$0,$-14,$-13,$57,$24,$0
2,2018-03-31,143.03,$24.09,5.94,$31.04,4.61,$7.17,19.94,$2.10,68.11,$0.48B,$0.18B,2.71,$0.25B,$0.97B,0.25,$1.26B,$0.68B,53.48%,$1.26B,$0.11B,8.86%,$1.26B,$0.11B,8.86%,$1.26B,$0.26B,20.73%,$1.26B,$0.10B,8.23%,$1.26B,$0.09B,6.80%,$0.09B,$0.97B,10.66%,$0.09B,$0.60B,20.40%,$0.09B,$1.45B,6.48%,$0.11B,$1.22B,10.54%,$329,$154,$175,$48,$85,$287,$42,$-3,$40,$8,$31,$31,$31,$82,$42,$40,41,$0.77,$0.76,$142,$0,$86,$478,$350,$0,$378,$97,$970,$1447,$176,$247,$4,$298,$474,$0,$319,$-1,$973,$1447,$31,$40,$27,$67,$-24,$0,$-1,$-19,$-67,$30,$-16,$-26,$0,$0,$0,$0,$0,$-42,$-4,$0,$-4,$6,$6,$0,$-14,$-11,$-23,$14,$0
3,2017-12-31,133.04,$19.74,6.74,$30.21,4.4,$6.62,20.1,$1.31,101.56,$0.38B,$0.21B,1.84,$0.25B,$0.79B,0.32,$1.22B,$0.64B,52.62%,$1.22B,$0.07B,5.82%,$1.22B,$0.07B,5.82%,$1.22B,$0.22B,17.95%,$1.22B,$0.06B,5.25%,$1.22B,$0.05B,4.43%,$0.05B,$0.79B,7.34%,$0.05B,$0.41B,15.12%,$0.05B,$1.33B,4.26%,$0.07B,$1.04B,7.13%,$329,$146,$183,$44,$101,$291,$39,$-2,$36,$5,$32,$32,$32,$77,$39,$40,41,$0.78,$0.78,$165,$0,$0,$381,$355,$0,$383,$31,$951,$1332,$208,$253,$5,$333,$541,$0,$145,$-0,$792,$1332,$53,$147,$66,$214,$-8,$0,$5,$-23,$-26,$241,$-80,$-83,$-41,$0,$0,$0,$0,$-204,$-19,$0,$-19,$17,$17,$0,$-18,$-20,$18,$54,$0
4,2017-09-30,124.36,$18.63,6.68,$29.31,4.24,$5.50,22.63,$0.77,161.51,$0.33B,$0.20B,1.67,$0.26B,$0.75B,0.35,$1.18B,$0.61B,52.08%,$1.18B,$0.04B,3.73%,$1.18B,$0.04B,3.73%,$1.18B,$0.19B,16.37%,$1.18B,$0.04B,3.39%,$1.18B,$0.03B,2.71%,$0.03B,$0.75B,4.60%,$0.03B,$0.36B,9.85%,$0.03B,$1.28B,2.60%,$0.04B,$1.00B,4.57%,$305,$144,$161,$45,$97,$286,$19,$-1,$17,$4,$13,$13,$13,$55,$19,$40,41,$0.33,$0.32,$123,$0,$0,$329,$362,$24,$388,$0,$955,$1284,$198,$258,$5,$342,$539,$0,$113,$-1,$745,$1284,$22,$109,$47,$156,$-2,$0,$1,$-13,$-17,$161,$-67,$-59,$-41,$0,$0,$0,$0,$-167,$-15,$0,$-15,$13,$13,$0,$-17,$-19,$-25,$43,$0
5,2017-06-30,140.55,$17.97,7.82,$28.75,4.89,$5.26,26.7,$0.80,175.69,$0.29B,$0.18B,1.63,$0.26B,$0.72B,0.37,$1.15B,$0.60B,51.69%,$1.15B,$0.04B,3.48%,$1.15B,$0.04B,3.48%,$1.15B,$0.19B,16.59%,$1.15B,$0.04B,3.21%,$1.15B,$0.03B,2.87%,$0.03B,$0.72B,5.01%,$0.03B,$0.32B,11.14%,$0.03B,$1.24B,2.75%,$0.04B,$0.98B,4.30%,$301,$144,$157,$42,$103,$289,$12,$-2,$11,$1,$10,$10,$10,$48,$12,$40,41,$0.25,$0.24,$71,$0,$0,$288,$363,$26,$393,$0,$956,$1244,$177,$264,$7,$350,$527,$0,$100,$-1,$717,$1244,$9,$73,$31,$104,$-9,$0,$-1,$-15,$-39,$74,$-51,$-42,$-41,$0,$0,$0,$0,$-133,$-11,$0,$-11,$9,$9,$0,$-15,$-17,$-76,$30,$0
6,2017-03-31,112.69,$17.27,6.52,$27.98,4.03,$5.92,19.03,$0.51,220.96,$0.30B,$0.17B,1.84,$0.27B,$0.69B,0.39,$1.11B,$0.57B,50.99%,$1.11B,$0.03B,2.43%,$1.11B,$0.03B,2.43%,$1.11B,$0.18B,15.74%,$1.11B,$0.02B,2.07%,$1.11B,$0.02B,1.89%,$0.02B,$0.69B,3.38%,$0.02B,$0.34B,7.77%,$0.02B,$1.21B,1.80%,$0.03B,$0.96B,3.01%,$285,$144,$141,$43,$97,$284,$1,$-1,$-0,$1,$-1,$-1,$-1,$39,$1,$40,40,$-0.03,$-0.03,$98,$0,$0,$304,$361,$17,$348,$0,$902,$1206,$165,$269,$6,$354,$519,$0,$90,$-1,$687,$1206,$-1,$38,$15,$53,$-3,$0,$-1,$-3,$-35,$17,$-25,$-25,$0,$0,$0,$0,$0,$-50,$-8,$0,$-8,$6,$6,$0,$-15,$-17,$-49,$14,$0
7,2016-12-31,105.17,$16.03,6.56,$27.34,3.85,$5.87,17.93,$0.52,202.25,$0.34B,$0.20B,1.73,$0.27B,$0.63B,0.43,$1.08B,$0.55B,50.78%,$1.08B,$0.03B,2.40%,$1.08B,$0.03B,2.40%,$1.08B,$0.17B,15.60%,$1.08B,$0.02B,1.94%,$1.08B,$0.02B,1.94%,$0.02B,$0.63B,3.58%,$0.02B,$0.28B,8.95%,$0.02B,$1.19B,1.85%,$0.03B,$0.91B,3.01%,$288,$134,$155,$44,$98,$276,$12,$-1,$12,$0,$10,$10,$10,$51,$12,$39,40,$0.25,$0.24,$147,$0,$0,$343,$348,$18,$353,$0,$846,$1189,$198,$273,$6,$358,$556,$0,$44,$-1,$633,$1189,$21,$143,$47,$190,$-14,$0,$-5,$-10,$-28,$183,$-69,$-90,$-17,$0,$0,$0,$1,$-175,$-8,$0,$-8,$16,$16,$0,$-11,$-2,$6,$67,$0
8,2016-09-30,126.12,$15.22,8.29,$26.65,4.73,$4.97,25.39,$0.47,268.34,$0.32B,$0.19B,1.71,$0.28B,$0.60B,0.46,$1.05B,$0.46B,43.68%,$1.05B,$0.02B,1.99%,$1.05B,$0.02B,1.99%,$1.05B,$0.16B,14.91%,$1.05B,$0.01B,1.33%,$1.05B,$0.02B,1.80%,$0.02B,$0.60B,3.37%,$0.02B,$0.24B,8.97%,$0.02B,$1.16B,1.70%,$0.02B,$0.88B,2.48%,$277,$135,$142,$31,$96,$262,$15,$-1,$14,$-0,$14,$14,$14,$53,$15,$39,40,$0.35,$0.35,$130,$0,$0,$321,$333,$16,$358,$0,$834,$1155,$188,$276,$5,$367,$555,$0,$34,$-1,$600,$1155,$11,$104,$46,$150,$-3,$0,$2,$-18,$-25,$136,$-53,$-68,$-17,$0,$0,$0,$1,$-137,$-8,$0,$-8,$14,$14,$0,$-17,$-11,$-12,$51,$0
9,2016-06-30,138.01,$14.39,9.59,$25.70,5.37,$3.85,35.89,$0.27,511.15,$0.31B,$0.18B,1.68,$0.28B,$0.57B,0.5,$1.01B,$0.46B,45.36%,$1.01B,$0.01B,0.89%,$1.01B,$0.01B,0.89%,$1.01B,$0.14B,13.64%,$1.01B,$0.01B,0.89%,$1.01B,$0.01B,1.09%,$0.01B,$0.57B,2.03%,$0.01B,$0.22B,5.82%,$0.01B,$1.12B,1.00%,$0.01B,$0.85B,1.09%,$262,$133,$129,$29,$102,$263,$-1,$-2,$-3,$-1,$-2,$-2,$-2,$32,$-1,$39,39,$-0.05,$-0.05,$134,$0,$0,$307,$328,$15,$346,$0,$813,$1120,$183,$280,$5,$371,$554,$0,$20,$-1,$566,$1120,$-3,$67,$32,$98,$8,$0,$-6,$-8,$-13,$82,$-34,$-43,$-2,$0,$0,$0,$0,$-78,$-4,$0,$-4,$9,$9,$0,$-17,$-11,$-8,$34,$0
10,2016-03-31,138.78,$13.91,9.98,$24.75,5.61,$3.45,40.19,$0.56,247.82,$0.28B,$0.16B,1.76,$0.28B,$0.55B,0.52,$0.98B,$0.47B,47.69%,$0.98B,$0.01B,0.82%,$0.98B,$0.01B,0.82%,$0.98B,$0.13B,13.54%,$0.98B,$0.03B,2.97%,$0.98B,$0.02B,2.26%,$0.02B,$0.55B,4.23%,$0.02B,$0.20B,13.56%,$0.02B,$1.09B,2.02%,$0.01B,$0.83B,0.99%,$256,$132,$124,$30,$93,$256,$0,$-2,$-2,$-1,$-1,$-1,$-1,$33,$0,$39,39,$-0.02,$-0.02,$101,$0,$0,$283,$323,$14,$349,$0,$802,$1085,$161,$284,$5,$378,$540,$0,$22,$-1,$546,$1085,$-1,$33,$14,$47,$1,$0,$-4,$-5,$-38,$8,$-19,$-21,$0,$0,$0,$0,$0,$-40,$0,$0,$0,$6,$6,$0,$-16,$-10,$-41,$15,$0
11,2015-12-31,160.97,$13.97,11.53,$23.58,6.83,$3.46,46.51,$0.35,459.91,$0.32B,$0.19B,1.65,$0.29B,$0.54B,0.53,$0.93B,$0.46B,50.05%,$0.93B,$-0.00B,-0.43%,$0.93B,$-0.00B,-0.43%,$0.93B,$0.11B,12.32%,$0.93B,$0.02B,1.95%,$0.93B,$0.01B,1.51%,$0.01B,$0.54B,2.80%,$0.01B,$0.19B,10.35%,$0.01B,$1.12B,1.32%,$-0.00B,$0.83B,-0.51%,$258,$193,$65,$40,$85,$251,$7,$-2,$5,$-3,$8,$8,$8,$39,$7,$39,40,$0.20,$0.19,$142,$0,$0,$320,$322,$14,$355,$0,$798,$1119,$194,$287,$6,$382,$575,$0,$23,$-1,$543,$1119,$14,$118,$14,$132,$-25,$0,$3,$15,$18,$164,$-87,$-98,$-40,$0,$30,$30,$-4,$-199,$126,$-35,$91,$22,$22,$0,$-10,$104,$68,$64,$0
12,2015-09-30,133.35,$13.20,10.11,$22.70,5.87,$3.45,38.62,$0.38,350.92,$0.31B,$0.18B,1.72,$0.29B,$0.51B,0.57,$0.88B,$0.47B,53.30%,$0.88B,$0.00B,0.45%,$0.88B,$0.00B,0.45%,$0.88B,$0.11B,12.95%,$0.88B,$0.03B,3.07%,$0.88B,$0.02B,1.70%,$0.02B,$0.51B,3.11%,$0.02B,$0.15B,12.22%,$0.02B,$1.09B,1.48%,$0.00B,$0.81B,0.54%,$236,$95,$141,$23,$91,$233,$3,$6,$9,$3,$6,$6,$6,$34,$3,$39,40,$0.15,$0.15,$117,$0,$0,$307,$309,$12,$361,$0,$785,$1091,$179,$293,$8,$400,$579,$0,$15,$-1,$512,$1091,$6,$86,$9,$95,$-22,$0,$6,$9,$1,$103,$-65,$-78,$-40,$30,$0,$30,$-3,$-156,$126,$-35,$91,$18,$18,$0,$-13,$96,$43,$48,$0
13,2015-06-30,114.58,$12.44,9.21,$21.74,5.27,$3.89,29.45,$0.19,603.05,$0.28B,$0.17B,1.67,$0.30B,$0.48B,0.62,$0.83B,$0.44B,52.64%,$0.83B,$-0.00B,0.00%,$0.83B,$-0.00B,0.00%,$0.83B,$0.10B,12.35%,$0.83B,$0.02B,1.92%,$0.83B,$0.01B,0.84%,$0.01B,$0.48B,1.51%,$0.01B,$0.11B,6.42%,$0.01B,$1.05B,0.73%,$-0.00B,$0.78B,0.00%,$225,$90,$135,$24,$91,$227,$-2,$20,$17,$8,$9,$9,$9,$26,$-2,$39,39,$0.24,$0.24,$114,$0,$0,$280,$298,$11,$367,$0,$772,$1052,$168,$296,$8,$404,$572,$0,$9,$4,$480,$1052,$1,$55,$14,$69,$-4,$0,$3,$5,$5,$75,$-42,$-59,$-40,$19,$0,$19,$-3,$-125,$126,$-35,$91,$9,$9,$0,$-19,$81,$31,$33,$0
14,2015-03-31,119.39,$12.05,9.91,$20.94,5.7,$3.98,29.99,$-0.11,0.0,$0.22B,$0.13B,1.7,$0.27B,$0.46B,0.57,$0.80B,$0.42B,52.20%,$0.80B,0,0.00%,$0.80B,0,0.00%,$0.80B,$0.10B,12.45%,$0.80B,$-0.00B,-0.50%,$0.80B,$-0.00B,-0.50%,$-0.00B,$0.46B,-0.89%,$-0.00B,$0.09B,-3.98%,$-0.00B,$0.97B,-0.44%,$0.00B,$0.73B,0.00%,$206,$85,$122,$24,$90,$218,$-12,$-1,$-13,$-4,$-9,$-9,$-9,$15,$-12,$38,38,$-0.23,$-0.23,$60,$0,$0,$219,$283,$7,$374,$0,$750,$969,$129,$265,$9,$376,$505,$0,$-0,$15,$464,$969,$-9,$27,$12,$38,$4,$0,$1,$1,$-17,$13,$-23,$-38,$-40,$0,$0,$0,$0,$-101,$-4,$60,$56,$6,$6,$0,$-15,$47,$-41,$16,$0
15,2014-12-31,145.7,$12.46,11.69,$19.90,7.32,$4.47,32.58,$-0.09,0.0,$0.26B,$0.21B,1.26,$0.16B,$0.48B,0.33,$0.75B,$0.38B,51.06%,$0.75B,$0.00B,0.13%,$0.75B,$0.00B,0.13%,$0.75B,$0.09B,12.50%,$0.75B,$-0.00B,-0.53%,$0.75B,$-0.00B,-0.40%,$-0.00B,$0.48B,-0.68%,$-0.00B,$0.14B,-3.13%,$-0.00B,$0.93B,-0.34%,$0.00B,$0.63B,0.16%,$213,$142,$71,$33,$69,$198,$15,$-1,$14,$5,$9,$9,$9,$39,$15,$38,38,$0.23,$0.23,$115,$0,$0,$259,$272,$6,$337,$0,$672,$931,$205,$158,$8,$250,$455,$0,$8,$24,$475,$931,$-3,$94,$34,$128,$-34,$0,$3,$20,$25,$149,$-76,$-54,$0,$0,$0,$0,$2,$-127,$-15,$0,$-15,$21,$21,$0,$-19,$-13,$9,$56,$0
16,2014-09-30,131.69,$11.54,11.41,$18.76,7.02,$3.99,33.04,$0.03,4389.67,$0.23B,$0.20B,1.17,$0.16B,$0.44B,0.37,$0.71B,$0.42B,59.35%,$0.71B,$0.01B,0.70%,$0.71B,$0.01B,0.70%,$0.71B,$0.09B,12.94%,$0.71B,$-0.00B,0.00%,$0.71B,$0.00B,0.14%,$0.00B,$0.44B,0.24%,$0.00B,$0.10B,1.48%,$0.00B,$0.89B,0.12%,$0.01B,$0.60B,0.85%,$190,$79,$111,$18,$77,$192,$-1,$-1,$-2,$-1,$-2,$-2,$-2,$23,$-1,$38,38,$-0.04,$-0.04,$105,$0,$0,$230,$260,$8,$344,$0,$662,$892,$197,$163,$6,$255,$452,$0,$-0,$27,$439,$892,$-12,$69,$33,$102,$-14,$0,$5,$4,$14,$104,$-51,$-41,$0,$0,$0,$0,$3,$-90,$-11,$0,$-11,$20,$20,$0,$-28,$-20,$-5,$39,$0
17,2014-06-30,125.13,$11.32,11.05,$17.70,7.07,$3.50,35.77,$0.10,1251.3,$0.23B,$0.18B,1.26,$0.17B,$0.43B,0.39,$0.67B,$0.40B,59.29%,$0.67B,$0.01B,1.34%,$0.67B,$0.01B,1.34%,$0.67B,$0.09B,13.22%,$0.67B,$0.00B,0.45%,$0.67B,$0.00B,0.59%,$0.00B,$0.43B,1.00%,$0.00B,$0.08B,9.88%,$0.00B,$0.87B,0.49%,$0.01B,$0.60B,1.57%,$186,$75,$111,$16,$81,$188,$-2,$-1,$-3,$-1,$-2,$-2,$-2,$22,$-2,$38,38,$-0.06,$-0.06,$109,$0,$0,$227,$235,$8,$351,$0,$639,$866,$181,$166,$7,$255,$436,$0,$1,$32,$429,$866,$-10,$45,$21,$67,$-10,$0,$5,$-0,$7,$64,$-29,$-26,$0,$0,$0,$0,$3,$-53,$-8,$0,$-8,$14,$14,$0,$-27,$-20,$-9,$27,$0
18,2014-03-31,160.24,$11.39,14.07,$16.77,9.56,$2.67,60.12,$-0.18,0.0,$0.23B,$0.16B,1.43,$0.17B,$0.43B,0.4,$0.63B,$0.38B,59.24%,$0.63B,$0.01B,1.11%,$0.63B,$0.01B,1.11%,$0.63B,$0.08B,12.48%,$0.63B,$0.00B,0.16%,$0.63B,$-0.01B,-0.95%,$-0.01B,$0.43B,-1.59%,$-0.01B,$0.07B,-58.54%,$-0.01B,$0.85B,-0.75%,$0.01B,$0.60B,1.26%,$163,$72,$91,$15,$73,$174,$-11,$-1,$-13,$-4,$-8,$-8,$-8,$10,$-11,$37,37,$-0.21,$-0.21,$126,$0,$0,$231,$212,$8,$359,$0,$615,$847,$162,$170,$7,$256,$417,$0,$4,$45,$429,$847,$-8,$21,$8,$29,$0,$0,$4,$-1,$-7,$14,$-5,$-11,$0,$0,$0,$0,$3,$-14,$-4,$0,$-4,$9,$9,$0,$-19,$-14,$-14,$12,$0
19,2013-12-31,134.5,$10.48,12.83,$15.74,8.54,$1.99,67.46,$0.05,2690.0,$0.18B,$0.15B,1.19,$0.17B,$0.39B,0.44,$0.60B,$0.36B,59.73%,$0.60B,$0.01B,1.01%,$0.60B,$0.01B,1.01%,$0.60B,$0.07B,11.24%,$0.60B,$0.00B,0.34%,$0.60B,$0.00B,0.50%,$0.00B,$0.39B,0.85%,$0.00B,$0.03B,-24.49%,$0.00B,$0.80B,0.41%,$0.01B,$0.57B,1.23%,$172,$63,$109,$16,$60,$152,$19,$-1,$18,$5,$13,$13,$13,$37,$19,$37,38,$0.36,$0.36,$68,$0,$0,$179,$213,$8,$366,$0,$618,$796,$150,$174,$6,$255,$405,$0,$12,$-0,$391,$796,$3,$62,$29,$91,$-3,$0,$-0,$-2,$0,$93,$-38,$-29,$-410,$0,$56,$56,$-4,$-425,$189,$35,$224,$31,$31,$0,$-13,$242,$-90,$43,$0
20,2013-09-30,108.58,$9.65,11.25,$14.39,7.54,$1.80,60.25,$-0.13,0.0,$0.18B,$0.18B,1.03,$0.18B,$0.36B,0.5,$0.54B,$0.32B,58.89%,$0.54B,$-0.00B,-0.19%,$0.54B,$-0.00B,-0.19%,$0.54B,$0.05B,9.07%,$0.54B,$-0.00B,-0.74%,$0.54B,$-0.00B,-0.74%,$-0.00B,$0.36B,-1.19%,$-0.00B,$-0.01B,-9.52%,$-0.00B,$0.79B,-0.62%,$-0.00B,$0.54B,-0.24%,$152,$63,$88,$15,$59,$149,$3,$-1,$1,$0,$1,$1,$1,$20,$3,$37,38,$0.03,$0.03,$62,$0,$0,$181,$204,$7,$370,$0,$608,$788,$176,$178,$5,$254,$430,$0,$-2,$-0,$358,$788,$-11,$44,$29,$72,$-12,$0,$7,$-4,$-6,$56,$-21,$-21,$-410,$0,$54,$54,$1,$-397,$193,$50,$243,$25,$25,$0,$-19,$249,$-93,$34,$0
21,2013-06-30,84.73,$9.09,9.32,$13.29,6.38,$1.62,52.25,$0.01,8472.8,$0.15B,$0.17B,0.9,$0.18B,$0.34B,0.54,$0.49B,$0.29B,59.51%,$0.49B,$0.01B,1.42%,$0.49B,$0.01B,1.42%,$0.49B,$0.05B,9.72%,$0.49B,$0.01B,1.21%,$0.49B,$0.00B,0.20%,$0.00B,$0.34B,0.31%,$0.00B,$-0.04B,1.01%,$0.00B,$0.76B,0.18%,$0.01B,$0.52B,1.92%,$146,$59,$87,$14,$66,$150,$-4,$-1,$-5,$7,$-12,$-12,$-12,$12,$-4,$37,37,$-0.34,$-0.34,$34,$0,$0,$151,$205,$4,$377,$0,$608,$759,$167,$181,$5,$257,$425,$0,$-3,$-0,$335,$759,$-12,$26,$19,$45,$-8,$0,$3,$-6,$-13,$20,$-17,$-13,$-410,$0,$56,$56,$1,$-382,$196,$50,$246,$12,$12,$0,$-17,$241,$-121,$24,$0
22,2013-03-31,97.04,$9.16,10.59,$12.11,8.01,$1.86,52.19,$0.46,210.96,$0.17B,$0.20B,0.83,$0.00B,$0.34B,0.0,$0.45B,$0.27B,59.73%,$0.45B,$0.02B,3.98%,$0.45B,$0.02B,3.98%,$0.45B,$0.05B,11.06%,$0.45B,$0.02B,3.98%,$0.45B,$0.02B,3.76%,$0.02B,$0.34B,5.61%,$0.02B,$-0.02B,10.73%,$0.02B,$0.61B,3.75%,$0.02B,$0.34B,5.94%,$126,$53,$72,$12,$64,$137,$-12,$-0,$-12,$-13,$1,$1,$1,$-2,$-12,$36,38,$0.02,$0.02,$49,$0,$0,$166,$62,$3,$356,$0,$440,$606,$200,$0,$3,$70,$270,$0,$10,$-0,$336,$606,$1,$10,$1,$11,$-8,$0,$2,$-0,$-17,$-6,$-11,$-5,$-243,$0,$56,$56,$0,$-202,$0,$105,$105,$9,$9,$0,$-13,$101,$-107,$14,$0
23,2012-12-31,73.29,$8.59,8.54,$11.39,6.43,$2.01,36.52,$0.51,143.71,$0.27B,$0.07B,4.1,$0.00B,$0.31B,0.0,$0.42B,$0.26B,60.52%,$0.42B,$0.04B,8.27%,$0.42B,$0.04B,8.27%,$0.42B,$0.06B,15.13%,$0.42B,$0.04B,8.27%,$0.42B,$0.02B,4.26%,$0.02B,$0.31B,6.37%,$0.02B,$0.24B,8.64%,$0.02B,$0.43B,4.62%,$0.04B,$0.31B,12.39%,$116,$45,$71,$9,$43,$105,$12,$0,$12,$6,$6,$6,$6,$19,$12,$36,37,$0.16,$0.15,$194,$0,$0,$274,$54,$3,$70,$0,$154,$428,$67,$0,$2,$50,$117,$0,$9,$-0,$312,$428,$19,$29,$8,$37,$-13,$0,$0,$15,$14,$70,$-24,$-16,$-6,$0,$41,$41,$4,$-0,$0,$0,$0,$19,$19,$0,$8,$27,$97,$27,$0
24,2012-09-30,91.77,$8.13,11.29,$10.83,8.48,$1.98,46.3,$0.50,183.54,$0.26B,$0.06B,4.24,$0.00B,$0.30B,0.0,$0.40B,$0.24B,60.75%,$0.40B,$0.03B,8.00%,$0.40B,$0.03B,8.00%,$0.40B,$0.06B,15.00%,$0.40B,$0.03B,8.00%,$0.40B,$0.02B,4.25%,$0.02B,$0.30B,6.45%,$0.02B,$0.22B,8.95%,$0.02B,$0.41B,4.59%,$0.03B,$0.30B,12.14%,$106,$42,$64,$9,$38,$95,$11,$0,$11,$5,$6,$6,$6,$19,$11,$36,37,$0.17,$0.17,$180,$0,$0,$255,$54,$5,$77,$1,$150,$405,$60,$0,$1,$50,$110,$0,$3,$0,$295,$405,$13,$21,$3,$25,$-4,$0,$2,$7,$9,$46,$-19,$-11,$0,$0,$10,$10,$4,$-16,$0,$0,$0,$18,$18,$0,$6,$24,$55,$21,$0
25,2012-06-30,79.17,$7.48,10.59,$10.29,7.69,$2.08,38.11,$0.48,164.94,$0.23B,$0.06B,4.19,$0.00B,$0.27B,0.0,$0.38B,$0.23B,61.11%,$0.38B,$0.03B,7.94%,$0.38B,$0.03B,7.94%,$0.38B,$0.06B,14.55%,$0.38B,$0.03B,7.94%,$0.38B,$0.02B,4.23%,$0.02B,$0.27B,6.54%,$0.02B,$0.19B,9.30%,$0.02B,$0.38B,4.60%,$0.03B,$0.27B,12.26%,$104,$41,$63,$9,$41,$97,$7,$0,$7,$3,$4,$4,$4,$14,$7,$36,37,$0.12,$0.11,$159,$0,$0,$230,$53,$4,$75,$1,$145,$375,$55,$0,$3,$51,$106,$0,$-3,$-0,$269,$375,$7,$14,$6,$19,$-2,$0,$1,$1,$2,$28,$-16,$-6,$0,$0,$15,$15,$1,$-5,$0,$0,$0,$11,$11,$0,$1,$12,$35,$13,$0
26,2012-03-31,74.12,$7.09,10.45,$9.66,7.67,$2.13,34.86,$0.51,145.33,$0.19B,$0.05B,4.12,$0.00B,$0.25B,0.0,$0.35B,$0.22B,61.65%,$0.35B,$0.03B,9.09%,$0.35B,$0.03B,9.09%,$0.35B,$0.06B,15.63%,$0.35B,$0.03B,9.09%,$0.35B,$0.02B,4.83%,$0.02B,$0.25B,7.49%,$0.02B,$0.18B,10.41%,$0.02B,$0.35B,5.24%,$0.03B,$0.25B,14.10%,$97,$39,$58,$7,$40,$91,$5,$0,$5,$3,$2,$2,$2,$12,$5,$36,37,$0.07,$0.07,$120,$0,$0,$191,$51,$20,$75,$1,$160,$351,$46,$0,$3,$51,$97,$0,$-7,$-0,$254,$351,$2,$7,$3,$10,$-4,$0,$3,$-0,$-13,$-0,$-10,$-3,$0,$-26,$25,$-1,$0,$-14,$0,$0,$0,$8,$8,$0,$1,$9,$-5,$6,$0
27,2011-12-31,49.12,$6.68,7.35,$9.01,5.45,$2.47,19.88,$0.53,92.68,$0.18B,$0.06B,3.07,$0.00B,$0.24B,0.0,$0.33B,$0.20B,62.15%,$0.33B,$0.03B,10.15%,$0.33B,$0.03B,10.15%,$0.33B,$0.05B,16.31%,$0.33B,$0.03B,10.15%,$0.33B,$0.02B,5.54%,$0.02B,$0.24B,8.61%,$0.02B,$0.17B,11.67%,$0.02B,$0.35B,5.93%,$0.03B,$0.24B,15.68%,$93,$35,$58,$7,$37,$83,$9,$0,$9,$4,$5,$5,$5,$15,$9,$35,36,$0.15,$0.15,$120,$0,$0,$183,$52,$22,$67,$5,$166,$349,$60,$0,$6,$53,$112,$0,$-10,$-0,$236,$349,$19,$21,$3,$24,$-12,$0,$1,$19,$18,$61,$-17,$-8,$-35,$0,$2,$2,$4,$-53,$-9,$0,$-9,$14,$14,$0,$10,$14,$22,$19,$0
28,2011-09-30,59.55,$6.23,9.56,$8.42,7.07,$2.08,28.67,$0.59,100.93,$0.18B,$0.05B,3.89,$0.00B,$0.22B,0.0,$0.30B,$0.19B,62.79%,$0.30B,$0.04B,12.29%,$0.30B,$0.04B,12.29%,$0.30B,$0.05B,17.94%,$0.30B,$0.04B,12.29%,$0.30B,$0.02B,6.64%,$0.02B,$0.22B,10.38%,$0.02B,$0.15B,13.79%,$0.02B,$0.32B,7.10%,$0.04B,$0.22B,18.90%,$84,$32,$52,$6,$33,$75,$9,$0,$9,$3,$5,$5,$5,$14,$9,$35,36,$0.15,$0.15,$118,$0,$0,$178,$40,$6,$74,$5,$138,$317,$46,$0,$6,$51,$97,$0,$-15,$-0,$220,$317,$14,$15,$2,$17,$-10,$0,$2,$13,$9,$39,$-9,$-5,$-35,$0,$28,$28,$2,$-19,$-9,$0,$-9,$13,$13,$0,$7,$10,$30,$13,$0
29,2011-06-30,41.1,$5.66,7.26,$7.90,5.2,$1.58,25.96,$0.55,74.73,$0.16B,$0.04B,4.3,$0.00B,$0.20B,0.0,$0.28B,$0.18B,62.86%,$0.28B,$0.04B,12.50%,$0.28B,$0.04B,12.50%,$0.28B,$0.05B,18.21%,$0.28B,$0.04B,12.50%,$0.28B,$0.02B,6.79%,$0.02B,$0.20B,10.78%,$0.02B,$0.16B,13.84%,$0.02B,$0.28B,7.22%,$0.04B,$0.20B,19.36%,$78,$29,$49,$5,$31,$68,$9,$-0,$9,$4,$5,$5,$5,$14,$9,$35,36,$0.15,$0.14,$104,$0,$0,$160,$41,$23,$39,$6,$120,$280,$37,$0,$1,$45,$82,$0,$-20,$0,$198,$280,$8,$9,$2,$10,$-8,$0,$1,$8,$1,$20,$-7,$-3,$-7,$0,$7,$7,$3,$-7,$-9,$0,$-9,$5,$5,$0,$3,$-1,$11,$8,$0
30,2011-03-31,45.13,$5.23,8.62,$7.39,6.11,$1.37,32.86,$0.45,100.29,$0.16B,$0.04B,4.44,$0.01B,$0.18B,0.03,$0.26B,$0.16B,61.69%,$0.26B,$0.03B,11.11%,$0.26B,$0.03B,11.11%,$0.26B,$0.04B,16.48%,$0.26B,$0.03B,11.11%,$0.26B,$0.02B,5.75%,$0.02B,$0.18B,9.27%,$0.02B,$0.14B,12.20%,$0.02B,$0.27B,6.01%,$0.03B,$0.19B,17.24%,$70,$27,$43,$5,$29,$64,$6,$0,$6,$2,$3,$3,$3,$10,$6,$35,36,$0.09,$0.09,$103,$0,$0,$158,$31,$25,$39,$6,$111,$269,$36,$6,$2,$51,$87,$0,$-26,$0,$182,$269,$3,$4,$2,$7,$-6,$0,$2,$3,$-6,$4,$-2,$-1,$0,$-49,$54,$5,$3,$5,$-1,$0,$-1,$2,$2,$0,$-0,$1,$10,$4,$0
31,2010-12-31,40.98,$4.95,8.29,$6.98,5.87,$1.17,35.09,$0.37,110.76,$0.16B,$0.04B,4.03,$0.01B,$0.17B,0.04,$0.25B,$0.15B,60.82%,$0.25B,$0.02B,9.80%,$0.25B,$0.02B,9.80%,$0.25B,$0.04B,15.10%,$0.25B,$0.02B,9.80%,$0.25B,$0.01B,4.90%,$0.01B,$0.17B,8.01%,$0.01B,$0.13B,10.81%,$0.01B,$0.26B,5.08%,$0.02B,$0.18B,15.31%,$69,$24,$45,$5,$24,$57,$13,$0,$13,$5,$7,$7,$7,$16,$13,$34,35,$0.21,$0.20,$116,$0,$0,$164,$32,$7,$39,$9,$98,$261,$41,$6,$2,$50,$90,$0,$-29,$0,$171,$261,$13,$14,$8,$22,$-5,$0,$-1,$12,$10,$45,$-16,$-4,$0,$0,$-35,$-35,$1,$-54,$-4,$0,$-4,$9,$9,$0,$9,$14,$5,$14,$0
32,2010-09-30,33.02,$4.48,7.36,$6.57,5.03,$1.10,29.99,$0.28,117.93,$0.14B,$0.04B,3.68,$0.01B,$0.15B,0.05,$0.23B,$0.14B,59.57%,$0.23B,$0.02B,8.26%,$0.23B,$0.02B,8.26%,$0.23B,$0.03B,13.91%,$0.23B,$0.02B,8.26%,$0.23B,$0.01B,3.91%,$0.01B,$0.15B,6.49%,$0.01B,$0.12B,9.00%,$0.01B,$0.24B,4.02%,$0.02B,$0.16B,12.97%,$63,$25,$39,$5,$24,$56,$7,$-0,$7,$4,$4,$4,$4,$11,$7,$34,35,$0.11,$0.11,$98,$0,$0,$144,$32,$0,$38,$12,$97,$242,$39,$7,$2,$49,$88,$0,$-36,$-0,$154,$242,$5,$10,$3,$14,$-3,$0,$-0,$9,$6,$25,$-14,$-2,$0,$-102,$79,$-24,$0,$-40,$-3,$0,$-3,$4,$4,$0,$6,$8,$-6,$10,$0
33,2010-06-30,26.13,$4.11,6.36,$6.13,4.26,$1.33,19.58,$0.23,113.61,$0.14B,$0.04B,3.47,$0.01B,$0.14B,0.06,$0.21B,$0.13B,58.41%,$0.21B,$0.02B,7.01%,$0.21B,$0.02B,7.01%,$0.21B,$0.03B,12.15%,$0.21B,$0.02B,7.01%,$0.21B,$0.01B,2.80%,$0.01B,$0.14B,4.50%,$0.01B,$0.10B,5.88%,$0.01B,$0.23B,2.87%,$0.02B,$0.15B,10.58%,$59,$24,$34,$5,$24,$56,$3,$-0,$3,$1,$1,$1,$1,$6,$3,$34,35,$0.04,$0.04,$89,$0,$0,$135,$31,$0,$38,$10,$92,$227,$39,$8,$1,$48,$87,$0,$-40,$-0,$140,$227,$2,$7,$6,$13,$-2,$0,$0,$4,$1,$15,$-10,$-2,$0,$-60,$50,$-10,$0,$-21,$-2,$0,$-2,$3,$3,$0,$1,$3,$-3,$7,$0
34,2010-03-31,36.56,$3.92,9.32,$5.78,6.33,$1.47,24.92,$0.28,130.57,$0.13B,$0.03B,3.64,$0.01B,$0.13B,0.06,$0.20B,$0.12B,58.21%,$0.20B,$0.02B,7.96%,$0.20B,$0.02B,7.96%,$0.20B,$0.03B,12.44%,$0.20B,$0.02B,7.96%,$0.20B,$0.01B,3.48%,$0.01B,$0.13B,5.38%,$0.01B,$0.10B,6.60%,$0.01B,$0.22B,3.58%,$0.02B,$0.14B,11.53%,$54,$24,$31,$4,$24,$54,$1,$-0,$1,$0,$0,$0,$0,$4,$1,$34,35,$0.01,$0.01,$79,$0,$0,$125,$30,$0,$39,$10,$89,$215,$34,$8,$1,$47,$81,$0,$-41,$-0,$134,$215,$0,$3,$4,$7,$-1,$0,$-0,$-0,$-6,$1,$-6,$-1,$0,$-28,$21,$-7,$0,$-14,$-1,$0,$-1,$3,$3,$0,$0,$2,$-10,$3,$0
35,2009-12-31,45.24,$3.76,12.04,$5.41,8.37,$1.74,26.02,$0.34,133.06,$0.13B,$0.04B,3.37,$0.01B,$0.13B,0.07,$0.19B,$0.11B,57.45%,$0.19B,$0.02B,9.04%,$0.19B,$0.02B,9.04%,$0.19B,$0.03B,13.30%,$0.19B,$0.02B,9.57%,$0.19B,$0.01B,4.79%,$0.01B,$0.13B,7.10%,$0.01B,$0.09B,8.16%,$0.01B,$0.21B,4.92%,$0.02B,$0.14B,12.55%,$54,$21,$33,$4,$19,$46,$8,$0,$8,$4,$4,$4,$4,$11,$8,$34,35,$0.13,$0.14,$83,$0,$0,$126,$25,$1,$39,$9,$85,$211,$37,$9,$1,$46,$84,$0,$-41,$-0,$127,$211,$9,$8,$12,$21,$-10,$0,$1,$5,$2,$32,$-6,$-3,$-22,$0,$5,$5,$-7,$-33,$-3,$0,$-3,$3,$3,$0,$3,$3,$2,$8,$0
36,2009-09-30,38.37,$3.79,10.12,$4.94,7.76,$1.31,29.19,$0.82,46.79,$0.14B,$0.04B,4.06,$0.01B,$0.13B,0.07,$0.17B,$0.10B,55.23%,$0.17B,$0.01B,5.23%,$0.17B,$0.01B,5.23%,$0.17B,$0.02B,8.72%,$0.17B,$0.01B,5.81%,$0.17B,$0.03B,16.28%,$0.03B,$0.13B,23.09%,$0.03B,$0.12B,24.94%,$0.03B,$0.18B,16.23%,$0.01B,$0.14B,6.94%,$47,$20,$27,$4,$19,$44,$3,$-0,$3,$2,$1,$1,$1,$5,$3,$34,35,$0.03,$0.03,$105,$0,$0,$140,$23,$0,$9,$3,$43,$184,$35,$9,$0,$17,$51,$0,$-32,$-0,$132,$184,$5,$5,$9,$14,$-4,$0,$0,$3,$2,$22,$-2,$-2,$-0,$-77,$57,$-20,$0,$-23,$-3,$0,$-3,$2,$2,$0,$2,$0,$-1,$6,$0
37,2009-06-30,37.01,$3.79,9.77,$4.60,8.04,$0.84,43.88,$0.87,42.54,$0.13B,$0.03B,4.68,$0.01B,$0.13B,0.07,$0.16B,$0.09B,55.00%,$0.16B,$0.01B,5.63%,$0.16B,$0.01B,5.63%,$0.16B,$0.02B,9.38%,$0.16B,$0.01B,6.88%,$0.16B,$0.03B,19.38%,$0.03B,$0.13B,27.93%,$0.03B,$0.12B,30.32%,$0.03B,$0.17B,19.44%,$0.01B,$0.14B,7.55%,$46,$19,$26,$3,$17,$42,$4,$0,$4,$2,$2,$2,$2,$5,$4,$34,35,$0.07,$0.06,$96,$0,$0,$130,$22,$0,$9,$2,$41,$172,$28,$9,$0,$17,$45,$0,$-34,$0,$127,$172,$4,$3,$5,$8,$-1,$0,$1,$1,$-0,$12,$-2,$-1,$0,$-52,$37,$-15,$0,$-17,$-2,$0,$-2,$1,$1,$0,$1,$-0,$-6,$4,$0
38,2009-03-31,24.11,$3.60,6.69,$4.24,5.68,$0.58,41.63,$0.86,28.03,$0.12B,$0.03B,4.7,$0.01B,$0.12B,0.07,$0.15B,$0.08B,55.10%,$0.15B,$0.01B,5.44%,$0.15B,$0.01B,5.44%,$0.15B,$0.01B,9.52%,$0.15B,$0.01B,6.80%,$0.15B,$0.03B,21.77%,$0.03B,$0.12B,32.00%,$0.03B,$0.11B,34.32%,$0.03B,$0.16B,21.99%,$0.01B,$0.13B,7.51%,$41,$19,$22,$3,$15,$39,$2,$0,$3,$1,$2,$2,$2,$4,$2,$33,35,$0.05,$0.04,$90,$0,$0,$123,$21,$0,$9,$2,$40,$164,$26,$8,$0,$17,$43,$0,$-37,$0,$121,$164,$2,$1,$3,$5,$0,$0,$1,$1,$-2,$5,$-0,$-0,$0,$-26,$15,$-11,$0,$-12,$-2,$0,$-2,$1,$1,$0,$0,$-1,$-8,$2,$0
39,2008-12-31,37.62,$3.15,11.95,$3.92,9.6,$0.30,125.36,$0.84,44.79,$0.12B,$0.03B,4.89,$0.01B,$0.11B,0.08,$0.14B,$0.08B,55.88%,$0.14B,$0.01B,5.15%,$0.14B,$0.01B,5.15%,$0.14B,$0.01B,9.56%,$0.14B,$0.01B,6.62%,$0.14B,$0.03B,23.53%,$0.03B,$0.11B,35.75%,$0.03B,$0.10B,37.87%,$0.03B,$0.17B,24.43%,$0.01B,$0.11B,7.43%,$38,$18,$20,$3,$15,$38,$0,$-1,$-0,$-24,$23,$23,$23,$1,$0,$33,35,$0.71,$0.67,$87,$0,$0,$124,$21,$0,$9,$3,$46,$170,$25,$8,$0,$39,$65,$0,$-51,$0,$105,$170,$32,$5,$-18,$-12,$-9,$0,$-1,$5,$2,$21,$-9,$-1,$-7,$0,$-57,$-57,$-0,$-75,$5,$0,$5,$5,$5,$0,$0,$11,$-43,$6,$0
40,2008-09-30,33.27,$2.76,12.06,$4.81,6.91,$0.41,81.62,$0.30,110.9,$0.10B,$0.03B,4.11,$0.01B,$0.09B,0.08,$0.12B,$0.07B,55.28%,$0.12B,$0.01B,4.07%,$0.12B,$0.01B,4.07%,$0.12B,$0.01B,9.76%,$0.12B,$0.01B,5.69%,$0.12B,$0.01B,5.69%,$0.01B,$0.09B,8.51%,$0.01B,$0.08B,8.86%,$0.01B,$0.13B,6.11%,$0.01B,$0.10B,5.88%,$35,$15,$20,$2,$13,$32,$3,$0,$4,$0,$4,$4,$4,$5,$3,$33,35,$0.11,$0.11,$79,$0,$0,$102,$20,$0,$8,$2,$30,$132,$25,$7,$0,$16,$41,$0,$-60,$0,$91,$132,$8,$4,$4,$8,$-7,$0,$0,$1,$-2,$15,$-11,$-1,$-7,$-58,$18,$-39,$-0,$-59,$7,$0,$7,$4,$4,$0,$-0,$11,$-33,$4,$0
41,2008-06-30,30.76,$2.55,12.08,$6.20,4.96,$0.41,74.7,$0.24,128.17,$0.09B,$0.02B,4.25,$0.00B,$0.08B,0.02,$0.11B,$0.06B,54.39%,$0.11B,$0.01B,4.39%,$0.11B,$0.01B,4.39%,$0.11B,$0.01B,9.65%,$0.11B,$0.00B,3.51%,$0.11B,$0.00B,3.51%,$0.00B,$0.08B,5.14%,$0.00B,$0.08B,5.26%,$0.00B,$0.12B,3.57%,$0.01B,$0.09B,6.08%,$33,$14,$19,$3,$12,$30,$3,$0,$3,$0,$3,$3,$3,$4,$3,$32,35,$0.09,$0.08,$74,$0,$0,$94,$19,$0,$2,$2,$22,$116,$22,$1,$0,$11,$33,$0,$-64,$0,$83,$116,$5,$3,$3,$5,$-3,$0,$0,$0,$1,$11,$-10,$-1,$0,$-49,$-0,$-49,$0,$-60,$1,$0,$1,$1,$1,$0,$0,$2,$-47,$2,$0
