,Date,Stock Price,Book Value per Share,Price to Book Ratio,TTM Sales per Share,Price to Sales Ratio,TTM FCF per Share,Price to FCF Ratio,TTM Net EPS,PE Ratio,Current Assets,Current Liabilities,Current Ratio,Long Term Debt,Shareholder's Equity_x,Debt to Equity Ratio,TTM Revenue_x,TTM Gross Profit,Gross Margin,TTM Revenue_y,TTM Operating Income,Operating Margin,TTM Revenue_x,TTM EBIT,EBIT Margin,TTM Revenue_y,TTM EBITDA,EBITDA Margin,TTM Revenue_x,TTM Pre-Tax Income,Pre-Tax Margin,TTM Revenue_y,TTM Net Income_x,Net Margin,TTM Net Income_y,Shareholder's Equity_y,Return on Equity,TTM Net Income_x,Tangible Equity,Return on Tangible Equity,TTM Net Income_y,Total Assets,Return on Assets,TTM Net Income,LT Investments & Debt,Return on Investment,revenue,cost-goods-sold,gross-profit,research-development-expenses,selling-general-administrative-expenses,operating-expenses,operating-income,total-non-operating-income-expense,pre-tax-income,total-provision-income-taxes,income-after-taxes,income-from-continuous-operations,net-income,ebitda,ebit,basic-shares-outstanding,shares-outstanding,eps-basic-net-earnings-per-share,eps-earnings-per-share-diluted,cash-on-hand,inventory,other-current-assets,total-current-assets,net-property-plant-equipment,long-term-investments,goodwill-intangible-assets-total,other-long-term-assets,total-long-term-assets,total-assets,total-current-liabilities,long-term-debt,other-non-current-liabilities,total-long-term-liabilities,total-liabilities,common-stock-net,retained-earnings-accumulated-deficit,comprehensive-income,total-share-holder-equity,total-liabilities-share-holders-equity,net-income-loss,total-depreciation-amortization-cash-flow,other-non-cash-items,total-non-cash-items,change-in-accounts-receivable,change-in-inventories,change-in-accounts-payable,change-in-assets-liabilities,total-change-in-assets-liabilities,cash-flow-from-operating-activities,net-change-in-property-plant-equipment,net-change-in-intangible-assets,net-acquisitions-divestitures,net-change-in-short-term-investments,net-change-in-long-term-investments,net-change-in-investments-total,investing-activities-other,cash-flow-from-investing-activities,net-long-term-debt,net-current-debt,debt-issuance-retirement-net-total,net-common-equity-issued-repurchased,net-total-equity-issued-repurchased,total-common-preferred-stock-dividends-paid,financial-activities-other,cash-flow-from-financial-activities,net-cash-flow,stock-based-compensation,common-stock-dividends-paid
0,2018-09-30,2.1,$0.36,5.85,$0.17,12.02,$-0.35,0.0,$-0.14,0.0,$0.06B,$0.01B,4.56,$0.00B,$0.05B,0.0,$0.02B,$0.02B,100.00%,$0.02B,$-0.03B,-113.04%,$0.02B,$-0.03B,-113.04%,$0.02B,$-0.03B,-113.04%,$0.02B,$-0.03B,-113.04%,$0.02B,$-0.03B,-113.04%,$-0.03B,$0.05B,-58.76%,$-0.03B,$0.05B,-58.76%,$-0.03B,$0.07B,-44.26%,$-0.03B,$0.05B,-58.76%,$2,$0,$2,$10,$3,$12,$-10,$0,$-10,$0,$-10,$-10,$-10,$-10,$-10,$139,139,$-0.07,$-0.07,$48,$0,$5,$63,$3,$0,$0,$1,$4,$67,$14,$0,$2,$2,$16,$0,$-362,$0,$50,$67,$-13,$1,$4,$4,$-7,$0,$0,$1,$-0,$-9,$-1,$0,$0,$0,$0,$0,$0,$-1,$0,$0,$0,$29,$29,$0,$-0,$29,$19,$3,$0
1,2018-06-30,1.97,$0.41,4.85,$0.16,12.2,$-0.44,0.0,$-0.20,0.0,$0.07B,$0.02B,4.73,$0.00B,$0.06B,0.0,$0.02B,$0.02B,100.00%,$0.02B,$-0.02B,-109.52%,$0.02B,$-0.02B,-109.52%,$0.02B,$-0.02B,-109.52%,$0.02B,$-0.02B,-109.52%,$0.02B,$-0.02B,-109.52%,$-0.02B,$0.06B,-60.13%,$-0.02B,$0.06B,-60.13%,$-0.02B,$0.07B,-46.00%,$-0.02B,$0.06B,-60.13%,$19,$0,$19,$10,$2,$13,$7,$0,$7,$0,$7,$7,$7,$7,$7,$138,139,$0.05,$0.05,$53,$0,$4,$69,$3,$0,$0,$1,$3,$73,$15,$0,$2,$2,$17,$0,$-352,$0,$56,$73,$-3,$0,$3,$3,$-9,$0,$0,$1,$-1,$-1,$-1,$0,$0,$0,$0,$0,$0,$-1,$0,$0,$0,$26,$26,$0,$-0,$26,$24,$2,$0
2,2018-03-31,1.83,$0.34,5.31,$0.03,64.64,$-0.52,0.0,$-0.31,0.0,$0.06B,$0.01B,5.05,$0.00B,$0.05B,0.0,$0.00B,$0.00B,100.00%,$0.00B,$-0.04B,-1200.00%,$0.00B,$-0.04B,-1200.00%,$0.00B,$-0.04B,-1200.00%,$0.00B,$-0.04B,-1200.00%,$0.00B,$-0.04B,-1200.00%,$-0.04B,$0.05B,-117.07%,$-0.04B,$0.05B,-117.07%,$-0.04B,$0.06B,-90.00%,$-0.04B,$0.05B,-117.07%,$1,$0,$1,$9,$3,$11,$-10,$0,$-10,$0,$-10,$-10,$-10,$-10,$-10,$127,127,$-0.08,$-0.08,$50,$0,$7,$58,$2,$0,$0,$0,$3,$61,$12,$0,$2,$2,$13,$0,$-359,$0,$48,$61,$-10,$0,$1,$1,$-0,$0,$0,$2,$3,$-6,$-0,$0,$0,$0,$0,$0,$0,$-0,$0,$0,$0,$26,$26,$0,$-0,$26,$20,$1,$0
3,2017-12-31,1.81,$0.19,9.45,$0.03,52.75,$-0.53,0.0,$-0.29,0.0,$0.03B,$0.01B,3.09,$0.00B,$0.02B,0.0,$0.00B,$0.00B,100.00%,$0.00B,$-0.03B,-1066.67%,$0.00B,$-0.03B,-1066.67%,$0.00B,$-0.03B,-1066.67%,$0.00B,$-0.03B,-1066.67%,$0.00B,$-0.03B,-1066.67%,$-0.03B,$0.02B,-123.08%,$-0.03B,$0.02B,-123.08%,$-0.03B,$0.03B,-93.43%,$-0.03B,$0.02B,-123.08%,$1,$0,$1,$12,$2,$14,$-13,$0,$-13,$0,$-13,$-13,$-13,$-13,$-13,$112,112,$-0.11,$-0.11,$29,$0,$0,$31,$2,$0,$0,$0,$2,$34,$10,$0,$0,$0,$10,$0,$-351,$0,$23,$34,$-32,$1,$5,$6,$-0,$0,$0,$1,$2,$-24,$-0,$0,$0,$0,$0,$0,$0,$-0,$0,$0,$0,$39,$39,$0,$-0,$39,$15,$6,$0
4,2017-09-30,2.06,$0.22,9.23,$0.04,58.07,$-0.46,0.0,$-0.28,0.0,$0.03B,$0.01B,4.71,$0.00B,$0.03B,0.0,$0.00B,$0.00B,100.00%,$0.00B,$-0.03B,-900.00%,$0.00B,$-0.03B,-900.00%,$0.00B,$-0.03B,-900.00%,$0.00B,$-0.03B,-866.67%,$0.00B,$-0.03B,-866.67%,$-0.03B,$0.03B,-113.04%,$-0.03B,$0.03B,-113.04%,$-0.03B,$0.03B,-85.25%,$-0.03B,$0.03B,-117.39%,$0,$0,$0,$5,$2,$8,$-7,$0,$-7,$0,$-7,$-7,$-7,$-7,$-7,$115,115,$-0.06,$-0.06,$28,$0,$0,$30,$2,$0,$0,$0,$2,$32,$6,$0,$0,$0,$6,$0,$-338,$0,$26,$32,$-19,$1,$2,$2,$-0,$0,$0,$0,$-1,$-18,$-0,$0,$0,$0,$0,$0,$0,$-0,$0,$0,$0,$32,$32,$0,$-0,$32,$13,$2,$0
5,2017-06-30,1.51,$0.23,6.56,$0.04,42.4,$-0.38,0.0,$-0.29,0.0,$0.03B,$0.01B,4.49,$0.00B,$0.03B,0.0,$0.00B,$0.00B,100.00%,$0.00B,$-0.03B,-866.67%,$0.00B,$-0.03B,-866.67%,$0.00B,$-0.03B,-866.67%,$0.00B,$-0.03B,-833.33%,$0.00B,$-0.03B,-833.33%,$-0.03B,$0.03B,-121.95%,$-0.03B,$0.03B,-121.95%,$-0.03B,$0.03B,-88.50%,$-0.03B,$0.03B,-126.83%,$1,$0,$1,$5,$2,$7,$-6,$0,$-6,$0,$-6,$-6,$-6,$-6,$-6,$112,112,$-0.06,$-0.06,$29,$0,$0,$30,$2,$0,$0,$0,$3,$33,$7,$0,$0,$0,$7,$0,$-330,$0,$26,$33,$-12,$0,$1,$1,$-0,$0,$0,$0,$-0,$-11,$-0,$0,$0,$0,$0,$0,$0,$-0,$0,$0,$0,$25,$25,$0,$-0,$25,$14,$1,$0
6,2017-03-31,1.71,$0.26,6.51,$0.04,46.73,$-0.27,0.0,$-0.31,0.0,$0.04B,$0.01B,4.15,$0.00B,$0.03B,0.0,$0.00B,$0.00B,100.00%,$0.00B,$-0.03B,-900.00%,$0.00B,$-0.03B,-900.00%,$0.00B,$-0.03B,-900.00%,$0.00B,$-0.03B,-866.67%,$0.00B,$-0.03B,-866.67%,$-0.03B,$0.03B,-136.84%,$-0.03B,$0.03B,-136.84%,$-0.03B,$0.04B,-96.30%,$-0.03B,$0.03B,-142.11%,$1,$0,$1,$6,$2,$8,$-6,$1,$-6,$0,$-6,$-6,$-6,$-6,$-6,$102,102,$-0.06,$-0.06,$32,$0,$0,$35,$3,$0,$0,$0,$3,$38,$8,$0,$0,$0,$8,$0,$-324,$0,$29,$38,$-6,$0,$-0,$0,$-1,$0,$0,$0,$0,$-5,$-0,$0,$0,$0,$0,$0,$0,$-0,$0,$0,$0,$23,$23,$0,$-0,$23,$17,$1,$0
7,2016-12-31,1.53,$0.13,11.85,$0.21,7.41,$-0.13,0.0,$-0.19,0.0,$0.02B,$0.01B,2.37,$0.00B,$0.01B,0.0,$0.02B,$0.02B,100.00%,$0.02B,$-0.01B,-82.35%,$0.02B,$-0.01B,-82.35%,$0.02B,$-0.01B,-82.35%,$0.02B,$-0.02B,-88.24%,$0.02B,$-0.02B,-88.24%,$-0.02B,$0.01B,-83.33%,$-0.02B,$0.01B,-83.33%,$-0.02B,$0.02B,-58.25%,$-0.01B,$0.01B,-77.78%,$1,$0,$1,$7,$2,$9,$-8,$1,$-7,$-0,$-7,$-7,$-7,$-8,$-8,$85,85,$-0.09,$-0.09,$15,$0,$0,$16,$3,$0,$0,$0,$3,$19,$7,$0,$1,$1,$8,$0,$-318,$0,$11,$19,$-15,$0,$3,$3,$-0,$0,$0,$-1,$1,$-11,$-2,$0,$0,$0,$1,$1,$0,$-1,$0,$0,$0,$4,$4,$0,$-0,$4,$-8,$3,$0
8,2016-09-30,2.13,$0.19,11.37,$0.32,6.6,$-0.15,0.0,$-0.05,0.0,$0.02B,$0.01B,3.98,$0.00B,$0.02B,0.0,$0.03B,$0.03B,100.00%,$0.03B,$-0.00B,-11.11%,$0.03B,$-0.00B,-11.11%,$0.03B,$-0.00B,-7.41%,$0.03B,$-0.00B,-14.81%,$0.03B,$-0.00B,-14.81%,$-0.00B,$0.02B,-19.75%,$-0.00B,$0.02B,-19.75%,$-0.00B,$0.02B,-14.68%,$-0.00B,$0.02B,-14.81%,$0,$0,$0,$5,$2,$7,$-6,$0,$-6,$-0,$-6,$-6,$-6,$-6,$-6,$85,86,$-0.07,$-0.07,$19,$0,$0,$21,$3,$0,$0,$0,$3,$23,$5,$0,$2,$2,$7,$0,$-311,$0,$16,$23,$-8,$0,$3,$3,$0,$0,$0,$-1,$0,$-5,$-2,$0,$0,$0,$-11,$-11,$0,$-12,$0,$0,$0,$3,$3,$0,$-0,$2,$-15,$2,$0
9,2016-06-30,2.17,$0.23,9.29,$0.32,6.7,$-0.18,0.0,$-0.06,0.0,$0.03B,$0.01B,4.47,$0.00B,$0.02B,0.0,$0.03B,$0.03B,100.00%,$0.03B,$-0.00B,-14.81%,$0.03B,$-0.00B,-14.81%,$0.03B,$-0.00B,-11.11%,$0.03B,$-0.01B,-18.52%,$0.03B,$-0.00B,-14.81%,$-0.00B,$0.02B,-19.75%,$-0.00B,$0.02B,-19.75%,$-0.00B,$0.03B,-13.68%,$-0.00B,$0.02B,-19.75%,$1,$0,$1,$6,$2,$8,$-7,$0,$-7,$-0,$-7,$-7,$-7,$-7,$-7,$84,85,$-0.08,$-0.08,$24,$0,$0,$26,$2,$0,$0,$0,$2,$28,$6,$0,$2,$2,$8,$0,$-305,$0,$20,$28,$-2,$0,$3,$3,$-0,$0,$0,$-1,$-0,$1,$-1,$0,$0,$0,$-10,$-10,$0,$-11,$0,$0,$0,$1,$1,$0,$-0,$1,$-9,$1,$0
10,2016-03-31,2.25,$0.30,7.44,$0.32,7.04,$-0.24,0.0,$-0.03,0.0,$0.03B,$0.01B,6.68,$0.00B,$0.03B,0.0,$0.03B,$0.03B,100.00%,$0.03B,$-0.00B,-15.38%,$0.03B,$-0.00B,-15.38%,$0.03B,$-0.00B,-11.54%,$0.03B,$0.00B,3.85%,$0.03B,$0.00B,7.69%,$0.00B,$0.03B,9.76%,$0.00B,$0.03B,9.76%,$0.00B,$0.03B,6.40%,$-0.00B,$0.03B,-19.51%,$15,$0,$15,$7,$2,$9,$7,$-2,$5,$-0,$5,$5,$5,$7,$7,$84,84,$0.06,$0.06,$30,$0,$0,$32,$1,$0,$0,$0,$1,$33,$5,$0,$3,$3,$8,$0,$-298,$0,$25,$33,$5,$0,$3,$3,$-0,$0,$0,$-0,$-0,$7,$-0,$0,$0,$0,$0,$0,$0,$-0,$0,$0,$0,$0,$0,$0,$-0,$0,$7,$1,$0
11,2015-12-31,1.03,$0.24,4.37,$0.14,7.12,$-0.31,0.0,$-0.25,0.0,$0.02B,$0.01B,5.01,$0.00B,$0.02B,0.0,$0.01B,$0.01B,100.00%,$0.01B,$-0.02B,-150.00%,$0.01B,$-0.02B,-150.00%,$0.01B,$-0.02B,-141.67%,$0.01B,$-0.02B,-133.33%,$0.01B,$-0.02B,-125.00%,$-0.02B,$0.02B,-78.95%,$-0.02B,$0.02B,-78.95%,$-0.02B,$0.03B,-45.45%,$-0.02B,$0.02B,-94.74%,$11,$0,$11,$5,$2,$7,$3,$0,$4,$0,$4,$4,$4,$4,$3,$82,83,$0.05,$0.09,$23,$0,$0,$24,$1,$0,$0,$0,$1,$25,$5,$0,$1,$1,$5,$0,$-303,$0,$20,$25,$-16,$0,$2,$2,$0,$0,$0,$0,$0,$-14,$-0,$0,$0,$0,$0,$0,$0,$-0,$0,$0,$0,$11,$11,$0,$-0,$11,$-3,$3,$0
12,2015-09-30,1.1,$0.19,5.91,$0.02,56.25,$-0.48,0.0,$-0.37,0.0,$0.03B,$0.01B,2.05,$0.00B,$0.02B,0.0,$0.00B,$0.00B,100.00%,$0.00B,$-0.03B,-2800.00%,$0.00B,$-0.03B,-2800.00%,$0.00B,$-0.03B,-2800.00%,$0.00B,$-0.03B,-2700.00%,$0.00B,$-0.03B,-2600.00%,$-0.03B,$0.02B,-135.06%,$-0.03B,$0.02B,-135.06%,$-0.03B,$0.03B,-76.47%,$-0.03B,$0.02B,-145.45%,$0,$0,$0,$5,$2,$7,$-7,$0,$-7,$-0,$-6,$-6,$-6,$-7,$-7,$83,83,$-0.08,$-0.08,$29,$0,$0,$29,$1,$0,$0,$0,$1,$31,$14,$0,$1,$1,$15,$0,$-307,$0,$16,$31,$-20,$0,$2,$2,$0,$0,$0,$10,$10,$-8,$-0,$0,$0,$0,$0,$0,$0,$-0,$0,$0,$0,$11,$11,$0,$0,$11,$2,$2,$0
13,2015-06-30,1.21,$0.26,4.7,$0.02,65.23,$-0.63,0.0,$-0.37,0.0,$0.04B,$0.01B,2.5,$0.00B,$0.02B,0.0,$0.00B,$0.00B,100.00%,$0.00B,$-0.03B,-2800.00%,$0.00B,$-0.03B,-2800.00%,$0.00B,$-0.03B,-2800.00%,$0.00B,$-0.03B,-2500.00%,$0.00B,$-0.03B,-2500.00%,$-0.03B,$0.02B,-113.64%,$-0.03B,$0.02B,-113.64%,$-0.03B,$0.04B,-71.43%,$-0.03B,$0.02B,-127.27%,$0,$0,$0,$5,$2,$7,$-7,$6,$-1,$-0,$-1,$-1,$-1,$-7,$-7,$83,84,$-0.01,$-0.05,$32,$0,$0,$35,$1,$0,$0,$0,$1,$36,$14,$0,$1,$1,$15,$0,$-300,$0,$21,$36,$-14,$0,$1,$1,$-2,$0,$0,$10,$8,$-5,$-0,$0,$0,$0,$0,$0,$0,$-0,$0,$0,$0,$11,$11,$0,$0,$11,$6,$1,$0
14,2015-03-31,2.88,$0.23,12.4,$0.02,137.87,$-0.75,0.0,$-0.36,0.0,$0.04B,$0.01B,2.74,$0.00B,$0.02B,0.0,$0.00B,$0.00B,100.00%,$0.00B,$-0.03B,-2800.00%,$0.00B,$-0.03B,-2800.00%,$0.00B,$-0.03B,-2800.00%,$0.00B,$-0.02B,-2300.00%,$0.00B,$-0.02B,-2300.00%,$-0.02B,$0.02B,-93.88%,$-0.02B,$0.02B,-93.88%,$-0.02B,$0.04B,-63.45%,$-0.03B,$0.02B,-114.29%,$1,$0,$1,$6,$2,$8,$-7,$-6,$-12,$0,$-12,$-12,$-12,$-7,$-7,$79,79,$-0.16,$-0.16,$36,$0,$0,$39,$1,$0,$0,$0,$1,$40,$14,$0,$7,$7,$21,$0,$-299,$0,$19,$40,$-12,$0,$6,$6,$-2,$0,$0,$10,$7,$1,$-0,$0,$0,$0,$0,$0,$0,$-0,$0,$0,$0,$8,$8,$0,$0,$8,$9,$1,$0
15,2014-12-31,1.58,$0.27,5.88,$0.02,75.32,$-0.86,0.0,$-0.35,0.0,$0.03B,$0.01B,5.81,$0.00B,$0.02B,0.01,$0.00B,$0.00B,100.00%,$0.00B,$-0.03B,-2800.00%,$0.00B,$-0.03B,-2800.00%,$0.00B,$-0.03B,-2800.00%,$0.00B,$-0.02B,-2200.00%,$0.00B,$-0.02B,-2200.00%,$-0.02B,$0.02B,-80.73%,$-0.02B,$0.02B,-80.73%,$-0.02B,$0.03B,-57.52%,$-0.03B,$0.02B,-102.75%,$0,$0,$0,$6,$2,$7,$-7,$0,$-7,$-0,$-7,$-7,$-7,$-7,$-7,$77,79,$-0.09,$-0.04,$26,$0,$0,$27,$1,$0,$0,$0,$1,$29,$5,$0,$3,$3,$8,$0,$-287,$0,$21,$29,$-22,$0,$-4,$-4,$-0,$0,$0,$-0,$0,$-26,$-0,$0,$0,$0,$0,$0,$0,$-0,$0,$0,$0,$20,$20,$0,$0,$20,$-6,$3,$0
16,2014-09-30,1.39,$0.35,4.02,$0.03,40.96,$-0.93,0.0,$-0.42,0.0,$0.03B,$0.01B,7.03,$0.00B,$0.03B,0.0,$0.00B,$0.00B,100.00%,$0.00B,$-0.03B,-1350.00%,$0.00B,$-0.03B,-1350.00%,$0.00B,$-0.03B,-1350.00%,$0.00B,$-0.03B,-1250.00%,$0.00B,$-0.03B,-1250.00%,$-0.03B,$0.03B,-92.59%,$-0.03B,$0.03B,-92.59%,$-0.03B,$0.04B,-63.29%,$-0.03B,$0.03B,-100.00%,$0,$0,$0,$6,$2,$8,$-7,$3,$-5,$-0,$-5,$-5,$-5,$-7,$-7,$77,78,$-0.06,$-0.08,$32,$0,$0,$33,$1,$0,$0,$0,$1,$35,$5,$0,$3,$3,$8,$0,$-280,$0,$27,$35,$-16,$0,$-4,$-4,$-0,$0,$0,$-0,$0,$-20,$-0,$0,$0,$0,$0,$0,$0,$-0,$0,$0,$0,$20,$20,$0,$0,$20,$0,$2,$0
17,2014-06-30,1.79,$0.40,4.48,$0.04,44.0,$-0.99,0.0,$-0.44,0.0,$0.04B,$0.00B,8.85,$0.00B,$0.03B,0.0,$0.00B,$0.00B,100.00%,$0.00B,$-0.03B,-866.67%,$0.00B,$-0.03B,-866.67%,$0.00B,$-0.03B,-866.67%,$0.00B,$-0.03B,-866.67%,$0.00B,$-0.03B,-866.67%,$-0.03B,$0.03B,-113.04%,$-0.03B,$0.03B,-113.04%,$-0.03B,$0.04B,-72.73%,$-0.03B,$0.03B,-111.83%,$0,$0,$0,$6,$2,$8,$-7,$8,$1,$0,$1,$1,$1,$-7,$-7,$77,79,$0.01,$-0.04,$39,$0,$0,$40,$1,$0,$0,$0,$1,$41,$4,$0,$6,$6,$10,$0,$-275,$0,$31,$41,$-11,$0,$-3,$-2,$-0,$0,$0,$0,$-0,$-13,$-0,$0,$0,$0,$0,$0,$0,$-0,$0,$0,$0,$20,$20,$0,$0,$20,$7,$1,$0
18,2014-03-31,3.24,$0.39,8.42,$0.05,71.01,$-1.04,0.0,$-0.51,0.0,$0.05B,$0.00B,10.83,$0.00B,$0.03B,0.0,$0.00B,$0.00B,100.00%,$0.00B,$-0.03B,-625.00%,$0.00B,$-0.03B,-625.00%,$0.00B,$-0.03B,-625.00%,$0.00B,$-0.03B,-825.00%,$0.00B,$-0.03B,-825.00%,$-0.03B,$0.03B,-180.82%,$-0.03B,$0.03B,-180.82%,$-0.03B,$0.05B,-107.32%,$-0.03B,$0.03B,-135.14%,$1,$0,$1,$6,$2,$8,$-7,$-4,$-11,$0,$-11,$-11,$-11,$-7,$-7,$76,76,$-0.15,$-0.15,$45,$0,$0,$46,$1,$0,$0,$0,$1,$48,$4,$0,$14,$14,$18,$0,$-276,$0,$30,$48,$-11,$0,$5,$5,$-0,$0,$0,$0,$-1,$-7,$-0,$0,$0,$0,$0,$0,$0,$-0,$0,$0,$0,$20,$20,$0,$0,$20,$13,$1,$0
19,2013-12-31,2.5,$0.28,8.92,$0.04,58.96,$-1.05,0.0,$-0.54,0.0,$0.03B,$0.00B,7.52,$0.00B,$0.02B,0.01,$0.00B,$0.00B,100.00%,$0.00B,$-0.03B,-833.33%,$0.00B,$-0.03B,-833.33%,$0.00B,$-0.03B,-833.33%,$0.00B,$-0.03B,-1033.33%,$0.00B,$-0.03B,-1033.33%,$-0.03B,$0.02B,-221.43%,$-0.03B,$0.02B,-221.43%,$-0.03B,$0.03B,-126.53%,$-0.03B,$0.02B,-175.44%,$1,$0,$1,$5,$2,$7,$-6,$-4,$-10,$0,$-10,$-10,$-10,$-6,$-6,$58,58,$-0.14,$-0.14,$32,$0,$0,$33,$1,$0,$0,$0,$1,$34,$4,$0,$10,$10,$14,$0,$-264,$0,$20,$34,$-31,$0,$8,$8,$-0,$0,$0,$-0,$-0,$-23,$-0,$0,$0,$0,$0,$0,$0,$-0,$0,$0,$0,$30,$30,$0,$0,$30,$6,$2,$0
20,2013-09-30,1.64,$0.19,8.55,$0.10,16.95,$-1.21,0.0,$-0.46,0.0,$0.02B,$0.00B,5.18,$0.00B,$0.01B,0.02,$0.00B,$0.00B,100.00%,$0.00B,$-0.02B,-575.00%,$0.00B,$-0.02B,-575.00%,$0.00B,$-0.02B,-575.00%,$0.00B,$-0.02B,-600.00%,$0.00B,$-0.02B,-600.00%,$-0.02B,$0.01B,-171.43%,$-0.02B,$0.01B,-171.43%,$-0.02B,$0.02B,-104.35%,$-0.02B,$0.01B,-161.40%,$1,$0,$1,$5,$1,$6,$-6,$-0,$-6,$0,$-6,$-6,$-6,$-6,$-6,$58,59,$-0.10,$-0.10,$18,$0,$0,$19,$1,$0,$0,$0,$1,$20,$4,$0,$5,$5,$8,$0,$-255,$0,$11,$20,$-21,$0,$3,$4,$0,$0,$0,$0,$-1,$-18,$-0,$0,$0,$0,$0,$0,$0,$-0,$0,$0,$0,$11,$11,$0,$0,$11,$-8,$1,$0
21,2013-06-30,1.66,$0.21,8.02,$0.12,13.79,$-1.37,0.0,$-0.48,0.0,$0.02B,$0.01B,4.35,$0.00B,$0.01B,0.02,$0.00B,$0.00B,100.00%,$0.00B,$-0.02B,-525.00%,$0.00B,$-0.02B,-525.00%,$0.00B,$-0.02B,-525.00%,$0.00B,$-0.02B,-525.00%,$0.00B,$-0.02B,-525.00%,$-0.02B,$0.01B,-178.72%,$-0.02B,$0.01B,-178.72%,$-0.02B,$0.02B,-102.44%,$-0.02B,$0.01B,-178.72%,$1,$0,$1,$5,$2,$7,$-6,$0,$-6,$0,$-6,$-6,$-6,$-6,$-6,$56,58,$-0.11,$-0.11,$19,$0,$0,$20,$1,$0,$0,$0,$1,$21,$5,$0,$5,$5,$9,$0,$-249,$0,$12,$21,$-15,$0,$3,$3,$-0,$0,$0,$0,$-0,$-13,$-0,$0,$0,$0,$0,$0,$0,$-0,$0,$0,$0,$6,$6,$0,$0,$6,$-7,$0,$0
22,2013-03-31,1.68,$0.24,7.03,$0.20,8.37,$-1.51,0.0,$-0.50,0.0,$0.02B,$0.01B,4.44,$0.00B,$0.01B,0.01,$0.01B,$0.01B,100.00%,$0.01B,$-0.02B,-316.67%,$0.01B,$-0.02B,-316.67%,$0.01B,$-0.02B,-316.67%,$0.01B,$-0.02B,-316.67%,$0.01B,$-0.02B,-316.67%,$-0.02B,$0.01B,-190.00%,$-0.02B,$0.01B,-190.00%,$-0.02B,$0.02B,-102.70%,$-0.02B,$0.01B,-190.00%,$0,$0,$0,$6,$2,$7,$-7,$-3,$-9,$0,$-9,$-9,$-9,$-7,$-7,$53,53,$-0.18,$-0.18,$21,$0,$0,$22,$1,$0,$0,$0,$1,$23,$5,$0,$5,$5,$10,$0,$-243,$0,$13,$23,$-9,$0,$3,$3,$0,$0,$0,$-0,$1,$-6,$-0,$0,$0,$0,$0,$0,$0,$-0,$0,$0,$0,$2,$2,$0,$0,$2,$-4,$0,$0
23,2012-12-31,1.06,$0.38,2.78,$0.30,3.51,$-1.62,0.0,$-0.49,0.0,$0.03B,$0.00B,5.88,$0.00B,$0.02B,0.01,$0.01B,$0.01B,100.00%,$0.01B,$-0.02B,-177.78%,$0.01B,$-0.02B,-177.78%,$0.01B,$-0.02B,-177.78%,$0.01B,$-0.01B,-155.56%,$0.01B,$-0.01B,-155.56%,$-0.01B,$0.02B,-160.00%,$-0.01B,$0.02B,-160.00%,$-0.01B,$0.03B,-81.16%,$-0.02B,$0.02B,-182.86%,$2,$0,$2,$5,$1,$6,$-4,$1,$-3,$0,$-3,$-3,$-3,$-4,$-4,$33,33,$-0.03,$-0.03,$26,$0,$0,$26,$1,$0,$0,$0,$1,$28,$4,$0,$3,$3,$7,$0,$-234,$0,$20,$28,$-15,$0,$-1,$-1,$0,$0,$0,$-3,$-2,$-18,$-0,$0,$0,$0,$4,$4,$0,$4,$0,$0,$0,$30,$30,$0,$0,$31,$17,$0,$0
24,2012-09-30,1.39,$0.06,21.42,$0.34,4.06,$-1.71,0.0,$-0.60,0.0,$0.01B,$0.00B,2.02,$0.00B,$0.00B,0.03,$0.01B,$0.01B,100.00%,$0.01B,$-0.02B,-160.00%,$0.01B,$-0.02B,-160.00%,$0.01B,$-0.02B,-160.00%,$0.01B,$-0.02B,-150.00%,$0.01B,$-0.02B,-150.00%,$-0.02B,$0.00B,-272.73%,$-0.02B,$0.00B,-272.73%,$-0.02B,$0.01B,-105.26%,$-0.02B,$0.00B,-290.91%,$1,$0,$1,$4,$1,$5,$-4,$1,$-3,$0,$-3,$-3,$-3,$-4,$-4,$30,30,$-0.12,$-0.12,$8,$0,$0,$9,$1,$0,$0,$0,$1,$10,$4,$0,$4,$4,$8,$0,$-230,$0,$2,$10,$-11,$0,$-0,$-0,$0,$0,$0,$-2,$-2,$-14,$-0,$0,$0,$0,$4,$4,$0,$4,$0,$0,$0,$9,$9,$0,$0,$9,$-1,$0,$0
25,2012-06-30,1.61,$0.15,10.55,$0.41,3.94,$-1.68,0.0,$-0.58,0.0,$0.01B,$0.00B,2.88,$0.00B,$0.01B,0.01,$0.01B,$0.01B,100.00%,$0.01B,$-0.02B,-136.36%,$0.01B,$-0.02B,-136.36%,$0.01B,$-0.02B,-136.36%,$0.01B,$-0.01B,-127.27%,$0.01B,$-0.01B,-127.27%,$-0.01B,$0.01B,-180.65%,$-0.01B,$0.01B,-180.65%,$-0.01B,$0.01B,-84.85%,$-0.02B,$0.01B,-193.55%,$3,$0,$3,$5,$1,$6,$-4,$-0,$-4,$0,$-4,$-4,$-4,$-4,$-4,$29,29,$-0.13,$-0.13,$11,$0,$0,$12,$1,$0,$0,$0,$1,$13,$4,$0,$5,$5,$9,$0,$-227,$0,$5,$13,$-8,$0,$0,$0,$-0,$0,$0,$-3,$-3,$-10,$-0,$0,$0,$0,$4,$4,$0,$4,$0,$0,$0,$8,$8,$0,$0,$8,$2,$0,$0
26,2012-03-31,1.55,$0.27,5.68,$0.42,3.68,$-1.58,0.0,$-0.59,0.0,$0.02B,$0.01B,2.91,$0.00B,$0.01B,0.0,$0.01B,$0.01B,100.00%,$0.01B,$-0.01B,-140.00%,$0.01B,$-0.01B,-140.00%,$0.01B,$-0.01B,-140.00%,$0.01B,$-0.01B,-130.00%,$0.01B,$-0.01B,-130.00%,$-0.01B,$0.01B,-133.33%,$-0.01B,$0.01B,-133.33%,$-0.01B,$0.02B,-68.42%,$-0.01B,$0.01B,-143.59%,$3,$0,$3,$6,$1,$7,$-4,$-0,$-4,$0,$-4,$-4,$-4,$-4,$-4,$26,26,$-0.17,$-0.17,$16,$0,$0,$17,$1,$0,$0,$0,$1,$18,$6,$0,$5,$5,$10,$0,$-223,$0,$8,$18,$-4,$0,$0,$0,$0,$0,$0,$-1,$-1,$-5,$-0,$0,$0,$0,$3,$3,$0,$3,$0,$0,$0,$8,$8,$0,$0,$8,$6,$0,$0
27,2011-12-31,1.73,$0.30,5.81,$0.45,3.84,$-1.45,0.0,$-0.60,0.0,$0.01B,$0.01B,1.95,$0.00B,$0.01B,0.0,$0.01B,$0.01B,100.00%,$0.01B,$-0.01B,-130.00%,$0.01B,$-0.01B,-130.00%,$0.01B,$-0.01B,-130.00%,$0.01B,$-0.01B,-130.00%,$0.01B,$-0.01B,-130.00%,$-0.01B,$0.01B,-110.64%,$-0.01B,$0.01B,-110.64%,$-0.01B,$0.02B,-61.18%,$-0.01B,$0.01B,-110.64%,$3,$0,$3,$6,$1,$7,$-4,$0,$-4,$0,$-4,$-4,$-4,$-4,$-4,$23,23,$-0.17,$-0.17,$13,$0,$0,$14,$1,$0,$0,$0,$1,$16,$7,$0,$1,$1,$8,$0,$-219,$0,$7,$16,$-14,$0,$0,$1,$2,$0,$0,$-4,$-1,$-14,$-1,$0,$0,$0,$9,$9,$0,$9,$0,$0,$0,$13,$13,$0,$0,$13,$7,$1,$0
28,2011-09-30,1.76,$0.45,3.91,$0.52,3.41,$-1.38,0.0,$-0.53,0.0,$0.02B,$0.01B,2.44,$0.00B,$0.01B,0.0,$0.01B,$0.01B,100.00%,$0.01B,$-0.01B,-110.00%,$0.01B,$-0.01B,-110.00%,$0.01B,$-0.01B,-110.00%,$0.01B,$-0.01B,-110.00%,$0.01B,$-0.01B,-110.00%,$-0.01B,$0.01B,-89.80%,$-0.01B,$0.01B,-89.80%,$-0.01B,$0.02B,-50.00%,$-0.01B,$0.01B,-89.80%,$2,$0,$2,$4,$1,$6,$-3,$1,$-2,$0,$-2,$-2,$-2,$-3,$-3,$24,24,$-0.10,$-0.10,$17,$0,$0,$18,$1,$0,$0,$0,$1,$19,$7,$0,$1,$1,$8,$0,$-215,$0,$11,$19,$-9,$0,$0,$1,$2,$0,$0,$-4,$-1,$-10,$-1,$0,$0,$0,$5,$5,$0,$5,$0,$0,$0,$12,$12,$0,$0,$12,$6,$0,$0
29,2011-06-30,2.71,$0.55,4.96,$0.52,5.19,$-1.37,0.0,$-0.62,0.0,$0.02B,$0.01B,2.61,$0.00B,$0.01B,0.0,$0.01B,$0.01B,100.00%,$0.01B,$-0.01B,-120.00%,$0.01B,$-0.01B,-120.00%,$0.01B,$-0.01B,-120.00%,$0.01B,$-0.01B,-130.00%,$0.01B,$-0.01B,-130.00%,$-0.01B,$0.01B,-106.12%,$-0.01B,$0.01B,-106.12%,$-0.01B,$0.02B,-57.14%,$-0.01B,$0.01B,-97.96%,$2,$0,$2,$4,$1,$6,$-3,$0,$-3,$0,$-3,$-3,$-3,$-3,$-3,$24,24,$-0.14,$-0.14,$21,$0,$0,$22,$1,$0,$0,$0,$1,$23,$8,$0,$2,$2,$10,$0,$-212,$0,$13,$23,$-7,$0,$1,$1,$2,$0,$0,$-3,$0,$-6,$-0,$0,$0,$0,$-3,$-3,$0,$-3,$0,$0,$0,$12,$12,$0,$0,$12,$3,$0,$0
30,2011-03-31,2.84,$0.68,4.19,$0.52,5.49,$-1.43,0.0,$-0.64,0.0,$0.03B,$0.01B,3.05,$0.00B,$0.02B,0.0,$0.01B,$0.01B,100.00%,$0.01B,$-0.01B,-120.00%,$0.01B,$-0.01B,-120.00%,$0.01B,$-0.01B,-120.00%,$0.01B,$-0.01B,-130.00%,$0.01B,$-0.01B,-130.00%,$-0.01B,$0.02B,-104.00%,$-0.01B,$0.02B,-104.00%,$-0.01B,$0.03B,-57.78%,$-0.01B,$0.02B,-96.00%,$3,$0,$3,$5,$1,$6,$-3,$-1,$-4,$0,$-4,$-4,$-4,$-3,$-3,$22,22,$-0.18,$-0.18,$25,$0,$0,$26,$1,$0,$0,$0,$1,$27,$9,$0,$2,$3,$11,$0,$-209,$0,$16,$27,$-4,$0,$1,$1,$2,$0,$0,$-1,$1,$-2,$-0,$0,$0,$0,$-5,$-5,$0,$-5,$0,$0,$0,$12,$12,$0,$0,$12,$6,$0,$0
31,2010-12-31,2.47,$0.48,5.19,$0.47,5.23,$-1.55,0.0,$-0.60,0.0,$0.02B,$0.01B,2.03,$0.00B,$0.01B,0.0,$0.01B,$0.01B,100.00%,$0.01B,$-0.01B,-133.33%,$0.01B,$-0.01B,-133.33%,$0.01B,$-0.01B,-122.22%,$0.01B,$-0.01B,-133.33%,$0.01B,$-0.01B,-133.33%,$-0.01B,$0.01B,-94.12%,$-0.01B,$0.01B,-94.12%,$-0.01B,$0.02B,-54.55%,$-0.01B,$0.01B,-94.12%,$3,$0,$3,$4,$1,$5,$-2,$0,$-2,$0,$-2,$-2,$-2,$-2,$-2,$19,19,$-0.11,$-0.11,$15,$0,$0,$18,$1,$0,$0,$0,$1,$19,$9,$0,$0,$1,$10,$0,$-205,$0,$9,$19,$-11,$1,$1,$2,$-2,$0,$0,$0,$-1,$-11,$-0,$0,$0,$0,$2,$2,$0,$2,$0,$0,$0,$0,$0,$0,$0,$0,$-9,$1,$0
32,2010-09-30,3.05,$0.57,5.32,$0.34,8.92,$-1.23,0.0,$-0.75,0.0,$0.02B,$0.01B,2.09,$0.00B,$0.01B,0.0,$0.01B,$0.01B,100.00%,$0.01B,$-0.02B,-214.29%,$0.01B,$-0.02B,-214.29%,$0.01B,$-0.01B,-200.00%,$0.01B,$-0.02B,-214.29%,$0.01B,$-0.02B,-214.29%,$-0.02B,$0.01B,-98.36%,$-0.02B,$0.01B,-98.36%,$-0.02B,$0.02B,-61.86%,$-0.02B,$0.01B,-98.36%,$2,$0,$2,$4,$1,$6,$-4,$0,$-4,$0,$-4,$-4,$-4,$-4,$-4,$19,19,$-0.19,$-0.19,$16,$0,$0,$19,$1,$2,$0,$0,$3,$22,$9,$0,$0,$2,$11,$0,$-203,$0,$11,$22,$-9,$0,$1,$2,$-2,$0,$0,$1,$-0,$-8,$-0,$0,$0,$0,$-1,$-1,$0,$-1,$0,$0,$0,$0,$0,$0,$0,$0,$-9,$1,$0
33,2010-06-30,2.91,$0.76,3.84,$0.26,11.1,$-1.27,0.0,$-0.74,0.0,$0.01B,$0.01B,2.36,$0.00B,$0.01B,0.0,$0.01B,$0.01B,100.00%,$0.01B,$-0.01B,-280.00%,$0.01B,$-0.01B,-280.00%,$0.01B,$-0.01B,-260.00%,$0.01B,$-0.01B,-280.00%,$0.01B,$-0.01B,-280.00%,$-0.01B,$0.01B,-76.71%,$-0.01B,$0.01B,-76.71%,$-0.01B,$0.02B,-56.57%,$-0.01B,$0.01B,-76.71%,$2,$0,$2,$3,$1,$5,$-3,$0,$-3,$0,$-3,$-3,$-3,$-3,$-3,$19,19,$-0.16,$-0.16,$12,$0,$0,$13,$1,$8,$0,$0,$9,$22,$5,$0,$0,$2,$8,$0,$-199,$0,$14,$22,$-6,$0,$1,$1,$0,$0,$0,$-1,$-2,$-6,$-0,$0,$0,$0,$-3,$-3,$0,$-3,$0,$0,$0,$0,$0,$0,$0,$0,$-9,$1,$0
34,2010-03-31,3.1,$0.89,3.49,$0.19,16.63,$-1.27,0.0,$-0.76,0.0,$0.01B,$0.01B,2.97,$0.00B,$0.02B,0.0,$0.00B,$0.00B,100.00%,$0.00B,$-0.01B,-466.67%,$0.00B,$-0.01B,-466.67%,$0.00B,$-0.01B,-433.33%,$0.00B,$-0.01B,-466.67%,$0.00B,$-0.01B,-466.67%,$-0.01B,$0.02B,-65.88%,$-0.01B,$0.02B,-65.88%,$-0.01B,$0.03B,-53.85%,$-0.01B,$0.02B,-65.88%,$2,$0,$2,$3,$1,$4,$-3,$0,$-3,$0,$-3,$-3,$-3,$-2,$-3,$19,19,$-0.14,$-0.14,$13,$0,$0,$14,$1,$9,$0,$0,$10,$25,$5,$0,$0,$3,$8,$0,$-196,$0,$17,$25,$-3,$0,$0,$1,$0,$0,$0,$-1,$-2,$-4,$-0,$0,$0,$0,$-3,$-3,$0,$-3,$0,$0,$0,$0,$0,$0,$0,$0,$-6,$0,$0
35,2009-12-31,4.13,$1.00,4.12,$0.11,36.21,$-1.24,0.0,$-0.81,0.0,$0.02B,$0.01B,3.78,$0.00B,$0.02B,0.0,$0.00B,$0.00B,100.00%,$0.00B,$-0.02B,-1500.00%,$0.00B,$-0.02B,-1500.00%,$0.00B,$-0.02B,-1500.00%,$0.00B,$-0.02B,-1500.00%,$0.00B,$-0.02B,-1500.00%,$-0.02B,$0.02B,-62.50%,$-0.02B,$0.02B,-62.50%,$-0.02B,$0.03B,-54.55%,$-0.02B,$0.02B,-62.50%,$1,$0,$1,$4,$2,$6,$-5,$-0,$-5,$0,$-5,$-5,$-5,$-5,$-5,$19,19,$-0.26,$-0.26,$21,$0,$0,$22,$1,$5,$0,$0,$6,$28,$6,$0,$0,$4,$9,$0,$-194,$0,$19,$28,$-15,$1,$3,$3,$-0,$0,$0,$7,$7,$-5,$-0,$0,$0,$0,$4,$4,$0,$3,$0,$0,$0,$0,$0,$0,$0,$0,$-1,$3,$0
36,2009-09-30,1.22,$1.20,1.02,$0.08,14.91,$-1.83,0.0,$-0.80,0.0,$0.02B,$0.00B,11.97,$0.00B,$0.02B,0.0,$0.00B,0,nan%,$0.00B,$-0.02B,inf%,$0.00B,$-0.02B,inf%,$0.00B,$-0.02B,inf%,$0.00B,$-0.02B,inf%,$0.00B,$-0.02B,inf%,$-0.02B,$0.02B,-55.05%,$-0.02B,$0.02B,-55.05%,$-0.02B,$0.02B,-51.72%,$-0.02B,$0.02B,-55.05%,$0,$0,$0,$3,$1,$4,$-3,$0,$-3,$0,$-3,$-3,$-3,$-3,$-3,$19,19,$-0.18,$-0.18,$19,$0,$0,$20,$1,$4,$0,$0,$5,$24,$2,$0,$0,$0,$2,$0,$-189,$0,$23,$24,$-10,$0,$1,$2,$0,$0,$0,$0,$-0,$-9,$-0,$0,$0,$0,$6,$6,$0,$6,$0,$0,$0,$0,$0,$0,$0,$0,$-3,$2,$0
37,2009-06-30,0.88,$1.35,0.65,$0.12,7.11,$-2.04,0.0,$-0.86,0.0,$0.02B,$0.00B,11.47,$0.00B,$0.03B,0.0,$0.00B,$0.00B,100.00%,$0.00B,$-0.02B,-1700.00%,$0.00B,$-0.02B,-1700.00%,$0.00B,$-0.02B,-1700.00%,$0.00B,$-0.02B,-1600.00%,$0.00B,$-0.02B,-1600.00%,$-0.02B,$0.03B,-52.46%,$-0.02B,$0.03B,-52.46%,$-0.02B,$0.03B,-48.85%,$-0.02B,$0.03B,-55.74%,$0,$0,$0,$3,$1,$4,$-3,$0,$-3,$0,$-3,$-3,$-3,$-3,$-3,$19,19,$-0.18,$-0.18,$20,$0,$0,$21,$1,$6,$0,$0,$7,$27,$2,$0,$0,$0,$2,$0,$-185,$0,$26,$27,$-7,$0,$1,$1,$0,$0,$0,$-0,$-0,$-6,$-0,$0,$0,$0,$3,$3,$0,$3,$0,$0,$0,$0,$0,$0,$0,$0,$-3,$1,$0
38,2009-03-31,0.9,$1.50,0.6,$0.14,6.35,$-2.14,0.0,$-0.90,0.0,$0.02B,$0.00B,10.46,$0.00B,$0.03B,0.0,$0.00B,$0.00B,100.00%,$0.00B,$-0.02B,-900.00%,$0.00B,$-0.02B,-900.00%,$0.00B,$-0.02B,-900.00%,$0.00B,$-0.02B,-850.00%,$0.00B,$-0.02B,-850.00%,$-0.02B,$0.03B,-50.00%,$-0.02B,$0.03B,-50.00%,$-0.02B,$0.03B,-46.26%,$-0.02B,$0.03B,-52.94%,$0,$0,$0,$3,$1,$4,$-4,$0,$-4,$0,$-4,$-4,$-4,$-4,$-4,$19,19,$-0.19,$-0.19,$23,$0,$0,$24,$1,$6,$0,$0,$7,$31,$2,$0,$0,$0,$2,$0,$-182,$0,$28,$31,$-4,$0,$1,$1,$0,$0,$0,$-0,$-0,$-3,$-0,$0,$0,$0,$4,$4,$0,$4,$0,$0,$0,$0,$0,$0,$0,$0,$1,$1,$0
39,2008-12-31,0.45,$1.67,0.27,$0.16,2.74,$-2.19,0.0,$-0.96,0.0,$0.03B,$0.00B,12.58,$0.00B,$0.03B,0.0,$0.00B,$0.00B,100.00%,$0.00B,$-0.02B,-633.33%,$0.00B,$-0.02B,-633.33%,$0.00B,$-0.02B,-633.33%,$0.00B,$-0.02B,-600.00%,$0.00B,$-0.02B,-600.00%,$-0.02B,$0.03B,-47.68%,$-0.02B,$0.03B,-47.68%,$-0.02B,$0.03B,-44.17%,$-0.02B,$0.03B,-50.33%,$0,$0,$0,$4,$1,$5,$-5,$0,$-5,$0,$-5,$-5,$-5,$-5,$-5,$19,19,$-0.24,$-0.24,$28,$0,$0,$29,$1,$4,$0,$0,$5,$34,$2,$0,$0,$0,$2,$0,$-178,$0,$32,$34,$-18,$0,$2,$2,$1,$0,$0,$-0,$0,$-16,$-1,$0,$0,$0,$17,$17,$0,$17,$-2,$0,$-2,$0,$0,$0,$0,$-2,$-1,$2,$0
40,2008-09-30,1.74,$1.88,0.92,$0.22,7.76,$-2.46,0.0,$-0.96,0.0,$0.04B,$0.00B,11.72,$0.00B,$0.04B,0.0,$0.00B,$0.00B,100.00%,$0.00B,$-0.02B,-475.00%,$0.00B,$-0.02B,-475.00%,$0.00B,$-0.02B,-475.00%,$0.00B,$-0.02B,-450.00%,$0.00B,$-0.02B,-450.00%,$-0.02B,$0.04B,-43.11%,$-0.02B,$0.04B,-43.11%,$-0.02B,$0.04B,-39.78%,$-0.02B,$0.04B,-45.51%,$1,$0,$1,$5,$1,$6,$-5,$0,$-4,$0,$-4,$-4,$-4,$-5,$-5,$19,19,$-0.24,$-0.24,$33,$0,$1,$35,$1,$2,$0,$0,$3,$39,$3,$0,$0,$0,$3,$0,$-174,$-0,$36,$39,$-13,$0,$1,$2,$-0,$0,$0,$-1,$-1,$-13,$-0,$0,$0,$0,$16,$16,$0,$16,$-2,$0,$-2,$0,$0,$0,$0,$-2,$2,$1,$0
41,2008-06-30,2.45,$2.10,1.17,$0.20,12.12,$-2.15,0.0,$-0.72,0.0,$0.04B,$0.00B,12.18,$0.00B,$0.04B,0.0,$0.00B,$0.00B,100.00%,$0.00B,$-0.02B,-500.00%,$0.00B,$-0.02B,-500.00%,$0.00B,$-0.02B,-475.00%,$0.00B,$-0.02B,-450.00%,$0.00B,$-0.02B,-450.00%,$-0.02B,$0.04B,-39.34%,$-0.02B,$0.04B,-39.34%,$-0.02B,$0.04B,-36.18%,$-0.02B,$0.04B,-43.72%,$1,$0,$1,$4,$1,$5,$-4,$0,$-4,$0,$-4,$-4,$-4,$-4,$-4,$19,19,$-0.22,$-0.22,$37,$0,$0,$39,$0,$3,$0,$0,$4,$43,$3,$0,$0,$0,$3,$0,$-169,$-0,$40,$43,$-9,$0,$1,$1,$0,$0,$0,$-1,$-0,$-8,$-0,$0,$0,$0,$14,$14,$0,$14,$-2,$0,$-2,$0,$0,$0,$0,$-2,$4,$1,$0
42,2008-03-31,3.75,$2.30,1.63,$0.31,12.03,$-2.61,0.0,$-0.50,0.0,$0.04B,$0.00B,10.55,$0.00B,$0.04B,0.0,$0.00B,$0.00B,100.00%,$0.00B,$-0.02B,-600.00%,$0.00B,$-0.02B,-600.00%,$0.00B,$-0.02B,-575.00%,$0.00B,$-0.02B,-525.00%,$0.00B,$-0.03B,-650.00%,$-0.03B,$0.04B,-52.26%,$-0.03B,$0.04B,-52.26%,$-0.03B,$0.05B,-47.93%,$-0.02B,$0.04B,-48.24%,$1,$0,$1,$4,$1,$6,$-5,$0,$-5,$0,$-5,$-5,$-5,$-5,$-5,$19,19,$-0.25,$-0.25,$39,$0,$0,$41,$0,$6,$0,$0,$6,$47,$4,$0,$0,$0,$4,$0,$-165,$0,$43,$47,$-5,$0,$0,$0,$0,$0,$0,$-0,$0,$-4,$-0,$0,$0,$0,$9,$9,$0,$9,$-1,$0,$-1,$0,$0,$0,$0,$-1,$4,$0,$0
