,Date,Stock Price,Book Value per Share,Price to Book Ratio,TTM Sales per Share,Price to Sales Ratio,TTM FCF per Share,Price to FCF Ratio,TTM Net EPS,PE Ratio,Current Assets,Current Liabilities,Current Ratio,Long Term Debt,Shareholder's Equity_x,Debt to Equity Ratio,TTM Revenue_x,TTM Gross Profit,Gross Margin,TTM Revenue_y,TTM Operating Income,Operating Margin,TTM Revenue_x,TTM EBIT,EBIT Margin,TTM Revenue_y,TTM EBITDA,EBITDA Margin,TTM Revenue_x,TTM Pre-Tax Income,Pre-Tax Margin,TTM Revenue_y,TTM Net Income_x,Net Margin,TTM Net Income_y,Shareholder's Equity_y,Return on Equity,TTM Net Income_x,Tangible Equity,Return on Tangible Equity,TTM Net Income_y,Total Assets,Return on Assets,TTM Net Income,LT Investments & Debt,Return on Investment,revenue,cost-goods-sold,gross-profit,research-development-expenses,selling-general-administrative-expenses,operating-expenses,operating-income,total-non-operating-income-expense,pre-tax-income,total-provision-income-taxes,income-after-taxes,income-from-continuous-operations,net-income,ebitda,ebit,basic-shares-outstanding,shares-outstanding,eps-basic-net-earnings-per-share,eps-earnings-per-share-diluted,cash-on-hand,inventory,other-current-assets,total-current-assets,net-property-plant-equipment,long-term-investments,goodwill-intangible-assets-total,other-long-term-assets,total-long-term-assets,total-assets,total-current-liabilities,long-term-debt,other-non-current-liabilities,total-long-term-liabilities,total-liabilities,common-stock-net,retained-earnings-accumulated-deficit,comprehensive-income,total-share-holder-equity,total-liabilities-share-holders-equity,net-income-loss,total-depreciation-amortization-cash-flow,other-non-cash-items,total-non-cash-items,change-in-accounts-receivable,change-in-inventories,change-in-accounts-payable,change-in-assets-liabilities,total-change-in-assets-liabilities,cash-flow-from-operating-activities,net-change-in-property-plant-equipment,net-change-in-intangible-assets,net-acquisitions-divestitures,net-change-in-short-term-investments,net-change-in-long-term-investments,net-change-in-investments-total,investing-activities-other,cash-flow-from-investing-activities,net-long-term-debt,net-current-debt,debt-issuance-retirement-net-total,net-common-equity-issued-repurchased,net-total-equity-issued-repurchased,total-common-preferred-stock-dividends-paid,financial-activities-other,cash-flow-from-financial-activities,net-cash-flow,stock-based-compensation,common-stock-dividends-paid
0,2018-09-30,2.96,$-3.11,-0.95,$11.11,0.27,$-1.97,0.0,$-1.25,0.0,$0.44B,$0.45B,0.98,$0.06B,$-0.05B,-1.3,$0.16B,$0.12B,77.42%,$0.16B,$-0.04B,-26.45%,$0.16B,0,0.00%,$0.16B,0,0.00%,$0.16B,$-0.04B,-26.45%,$0.16B,$-0.03B,-21.29%,$-0.03B,$-0.05B,83.02%,$-0.03B,$-0.05B,83.02%,$-0.03B,$0.46B,-7.42%,$-0.04B,$0.01B,-188.51%,$43,$9,$34,$0,$50,$59,$-16,$0,$-16,$0,$-16,$-16,$-16,$0,$0,$14,14,$-1.16,$-1.16,$59,$0,$0,$439,$3,$3,$0,$17,$22,$461,$447,$62,$0,$62,$509,$0,$-262,$2,$-48,$461,$-15,$-54,$60,$6,$2,$0,$0,$20,$7,$-2,$-0,$0,$0,$0,$-75,$-75,$0,$-75,$66,$0,$66,$-1,$-1,$0,$0,$65,$-11,$0,$0
1,2018-06-30,2.07,$-2.11,-0.98,$10.20,0.2,$-2.71,0.0,$-2.29,0.0,$0.44B,$0.43B,1.03,$0.06B,$-0.03B,-1.91,$0.14B,$0.11B,76.92%,$0.14B,$-0.04B,-27.27%,$0.14B,0,0.00%,$0.14B,0,0.00%,$0.14B,$-0.04B,-27.27%,$0.14B,$-0.03B,-21.68%,$-0.03B,$-0.03B,96.88%,$-0.03B,$-0.03B,96.88%,$-0.03B,$0.46B,-7.10%,$-0.04B,$0.03B,-133.33%,$40,$9,$31,$0,$30,$39,$1,$0,$1,$-5,$6,$6,$6,$0,$0,$14,14,$0.41,$0.41,$78,$0,$0,$436,$3,$3,$0,$16,$22,$459,$425,$62,$4,$66,$491,$0,$-246,$0,$-32,$459,$1,$-36,$32,$-3,$-2,$0,$0,$24,$13,$11,$-0,$0,$0,$0,$-44,$-44,$0,$-45,$41,$0,$41,$-0,$-0,$0,$0,$41,$8,$0,$0
2,2018-03-31,2.04,$-2.80,-0.73,$9.35,0.22,$-2.73,0.0,$-3.33,0.0,$0.38B,$0.41B,0.95,$0.06B,$-0.04B,-1.44,$0.13B,$0.10B,77.10%,$0.13B,$-0.05B,-40.46%,$0.13B,0,0.00%,$0.13B,0,0.00%,$0.13B,$-0.05B,-40.46%,$0.13B,$-0.05B,-35.11%,$-0.05B,$-0.04B,189.69%,$-0.05B,$-0.04B,189.69%,$-0.05B,$0.43B,-10.90%,$-0.05B,$0.02B,-143.24%,$37,$8,$29,$0,$33,$41,$-5,$0,$-5,$0,$-5,$-5,$-5,$0,$0,$14,14,$-0.34,$-0.34,$67,$0,$0,$382,$3,$4,$0,$44,$51,$433,$405,$62,$9,$71,$476,$0,$-251,$-5,$-43,$433,$-5,$-17,$15,$-3,$2,$0,$0,$-1,$-3,$-10,$-0,$0,$0,$0,$-9,$-9,$0,$-9,$16,$0,$16,$-0,$-0,$0,$0,$16,$-4,$0,$0
3,2017-12-31,2.4,$-2.36,-1.02,$8.67,0.28,$-1.82,0.0,$-2.94,0.0,$0.38B,$0.39B,0.96,$0.06B,$-0.04B,-1.7,$0.12B,$0.09B,77.69%,$0.12B,$-0.05B,-38.84%,$0.12B,0,0.00%,$0.12B,0,0.00%,$0.12B,$-0.05B,-38.84%,$0.12B,$-0.04B,-33.06%,$-0.04B,$-0.04B,340.43%,$-0.04B,$-0.04B,340.43%,$-0.04B,$0.43B,-9.84%,$-0.05B,$0.03B,-95.43%,$35,$8,$26,$0,$47,$56,$-21,$0,$-21,$-3,$-18,$-18,$-18,$0,$0,$14,14,$-1.31,$-1.31,$71,$0,$0,$376,$3,$4,$0,$42,$50,$426,$391,$61,$9,$71,$462,$0,$-247,$-2,$-36,$426,$-41,$-58,$77,$19,$-2,$0,$0,$-18,$-3,$-25,$-0,$0,$0,$0,$-80,$-80,$-13,$-93,$85,$0,$85,$-0,$-0,$0,$0,$85,$-34,$0,$0
4,2017-09-30,2.35,$-1.10,-2.14,$8.04,0.29,$2.81,0.84,$-1.77,0.0,$0.38B,$0.37B,1.02,$0.06B,$-0.02B,-3.63,$0.11B,$0.09B,78.57%,$0.11B,$-0.03B,-26.79%,$0.11B,0,0.00%,$0.11B,0,0.00%,$0.11B,$-0.03B,-26.79%,$0.11B,$-0.02B,-21.43%,$-0.02B,$-0.02B,1920.00%,$-0.02B,$-0.02B,1920.00%,$-0.02B,$0.43B,-6.14%,$-0.03B,$0.04B,-50.21%,$31,$7,$24,$0,$38,$45,$-14,$0,$-14,$-0,$-14,$-14,$-14,$0,$0,$14,14,$-1.04,$-1.04,$97,$0,$0,$381,$3,$5,$0,$40,$48,$429,$374,$61,$11,$72,$446,$0,$-228,$-1,$-17,$429,$-23,$-41,$46,$5,$-11,$0,$0,$-2,$5,$-12,$-0,$0,$0,$0,$-51,$-51,$0,$-51,$68,$0,$68,$-0,$-0,$0,$0,$67,$5,$0,$0
5,2017-06-30,2.66,$-0.09,-30.57,$7.68,0.35,$5.44,0.49,$-1.38,0.0,$0.37B,$0.33B,1.12,$0.06B,$-0.00B,-45.45,$0.11B,$0.08B,78.50%,$0.11B,$-0.03B,-28.04%,$0.11B,0,0.00%,$0.11B,0,0.00%,$0.11B,$-0.03B,-28.04%,$0.11B,$-0.02B,-17.76%,$-0.02B,$-0.00B,-400.00%,$-0.02B,$-0.00B,-400.00%,$-0.02B,$0.40B,-5.17%,$-0.03B,$0.06B,-45.45%,$28,$6,$22,$0,$35,$41,$-13,$0,$-13,$-4,$-9,$-9,$-9,$0,$0,$14,14,$-0.63,$-0.63,$103,$0,$0,$367,$3,$5,$0,$23,$32,$400,$328,$61,$12,$73,$401,$0,$-214,$0,$-1,$400,$-8,$-25,$26,$1,$-1,$0,$0,$0,$17,$10,$-0,$0,$0,$0,$-24,$-24,$0,$-24,$24,$0,$24,$-0,$-0,$0,$0,$24,$11,$0,$0
6,2017-03-31,2.65,$0.46,5.82,$7.40,0.36,$5.60,0.47,$-0.73,0.0,$0.34B,$0.29B,1.19,$0.06B,$0.01B,8.69,$0.10B,$0.08B,78.64%,$0.10B,$-0.02B,-15.53%,$0.10B,0,0.00%,$0.10B,0,0.00%,$0.10B,$-0.02B,-15.53%,$0.10B,$-0.01B,-9.71%,$-0.01B,$0.01B,-111.11%,$-0.01B,$0.01B,-111.11%,$-0.01B,$0.37B,-2.92%,$-0.02B,$0.07B,-22.70%,$27,$6,$22,$0,$20,$26,$1,$0,$1,$1,$1,$1,$1,$0,$0,$14,14,$0.05,$0.05,$95,$0,$0,$341,$4,$6,$0,$20,$30,$371,$287,$61,$16,$77,$364,$0,$-205,$0,$7,$371,$1,$-12,$9,$-3,$1,$0,$0,$-1,$4,$2,$-0,$0,$0,$0,$-4,$-4,$0,$-4,$4,$0,$4,$-0,$-0,$0,$0,$3,$2,$0,$0
7,2016-12-31,2.84,$0.38,7.54,$6.92,0.41,$6.06,0.47,$-0.45,0.0,$0.33B,$0.28B,1.19,$0.06B,$0.01B,10.52,$0.10B,$0.08B,77.32%,$0.10B,$-0.01B,-12.37%,$0.10B,0,0.00%,$0.10B,0,0.00%,$0.10B,$-0.01B,-12.37%,$0.10B,$-0.01B,-6.19%,$-0.01B,$0.01B,-53.33%,$-0.01B,$0.01B,-53.33%,$-0.01B,$0.36B,-1.88%,$-0.01B,$0.07B,-16.27%,$26,$6,$20,$0,$24,$30,$-4,$0,$-4,$-2,$-2,$-2,$-2,$0,$0,$14,14,$-0.16,$-0.16,$93,$0,$0,$332,$4,$7,$0,$20,$30,$363,$280,$61,$16,$77,$357,$0,$-206,$0,$6,$363,$-6,$-34,$51,$16,$1,$0,$0,$-7,$29,$39,$-0,$0,$0,$0,$-79,$-79,$4,$-76,$64,$0,$64,$-1,$-1,$0,$0,$63,$25,$0,$0
8,2016-09-30,3.01,$0.48,6.25,$6.51,0.46,$3.28,0.92,$-0.45,0.0,$0.30B,$0.25B,1.22,$0.06B,$0.01B,8.39,$0.09B,$0.07B,78.02%,$0.09B,$-0.01B,-8.79%,$0.09B,0,0.00%,$0.09B,0,0.00%,$0.09B,$-0.01B,-8.79%,$0.09B,$-0.01B,-6.59%,$-0.01B,$0.01B,-48.00%,$-0.01B,$0.01B,-48.00%,$-0.01B,$0.34B,-2.01%,$-0.01B,$0.07B,-10.53%,$26,$5,$20,$0,$33,$39,$-14,$0,$-14,$-5,$-9,$-9,$-9,$0,$0,$14,14,$-0.65,$-0.65,$76,$0,$0,$303,$4,$8,$0,$21,$33,$336,$249,$62,$18,$80,$328,$0,$-204,$0,$7,$336,$-4,$-24,$30,$7,$2,$0,$0,$-4,$22,$25,$-0,$0,$0,$0,$-60,$-60,$3,$-57,$42,$0,$42,$-1,$-1,$0,$0,$41,$8,$0,$0
9,2016-06-30,2.91,$1.06,2.74,$5.98,0.49,$0.96,3.04,$0.23,12.65,$0.27B,$0.20B,1.33,$0.06B,$0.02B,3.84,$0.08B,$0.07B,77.38%,$0.08B,$0.01B,7.14%,$0.08B,0,0.00%,$0.08B,0,0.00%,$0.08B,$0.01B,7.14%,$0.08B,$0.00B,3.57%,$0.00B,$0.02B,21.43%,$0.00B,$0.02B,21.43%,$0.00B,$0.30B,1.06%,$0.01B,$0.08B,7.69%,$24,$5,$19,$0,$16,$23,$1,$0,$1,$1,$0,$0,$0,$0,$0,$14,14,$0.02,$0.02,$47,$0,$0,$266,$4,$8,$0,$22,$34,$300,$200,$62,$22,$84,$284,$0,$-195,$0,$16,$300,$5,$-14,$9,$-5,$3,$0,$0,$-3,$13,$13,$-0,$0,$0,$0,$-43,$-43,$4,$-40,$8,$0,$8,$-1,$-1,$0,$0,$8,$-21,$0,$0
10,2016-03-31,3.0,$1.02,2.95,$5.63,0.53,$-0.72,0.0,$0.31,9.68,$0.24B,$0.18B,1.37,$0.07B,$0.02B,4.16,$0.08B,$0.06B,77.22%,$0.08B,$0.01B,10.13%,$0.08B,0,0.00%,$0.08B,0,0.00%,$0.08B,$0.01B,10.13%,$0.08B,$0.00B,5.06%,$0.00B,$0.02B,30.77%,$0.00B,$0.02B,30.77%,$0.00B,$0.28B,1.45%,$0.01B,$0.08B,10.29%,$21,$5,$16,$0,$7,$16,$5,$0,$5,$0,$5,$5,$5,$0,$0,$14,14,$0.33,$0.33,$67,$0,$0,$242,$5,$10,$0,$22,$37,$279,$177,$65,$22,$87,$264,$0,$-195,$-0,$16,$279,$5,$-5,$1,$-5,$2,$0,$0,$1,$9,$9,$-0,$0,$0,$0,$-2,$-2,$2,$1,$-11,$0,$-11,$-0,$-0,$0,$0,$-11,$-2,$0,$0
11,2015-12-31,3.2,$0.71,4.48,$5.61,0.57,$-2.03,0.0,$0.12,26.67,$0.24B,$0.18B,1.32,$0.07B,$0.01B,5.92,$0.08B,$0.06B,78.21%,$0.08B,$0.00B,5.13%,$0.08B,0,0.00%,$0.08B,0,0.00%,$0.08B,$0.00B,5.13%,$0.08B,$0.00B,1.28%,$0.00B,$0.01B,8.70%,$0.00B,$0.01B,8.70%,$0.00B,$0.28B,0.37%,$0.00B,$0.08B,5.25%,$20,$5,$16,$0,$8,$20,$-0,$0,$-0,$2,$-2,$-2,$-2,$0,$0,$14,14,$-0.15,$-0.15,$72,$0,$0,$240,$6,$10,$0,$25,$40,$281,$183,$65,$22,$87,$270,$0,$-200,$-1,$11,$281,$2,$-0,$24,$24,$-0,$0,$0,$-38,$-25,$1,$-1,$0,$0,$0,$13,$13,$2,$15,$-3,$0,$-3,$-0,$-0,$0,$-0,$-4,$11,$0,$0
12,2015-09-30,3.72,$0.82,4.52,$6.50,0.57,$-3.81,0.0,$2.79,1.33,$0.22B,$0.17B,1.29,$0.07B,$0.01B,5.12,$0.09B,$0.07B,79.12%,$0.09B,$0.00B,1.10%,$0.09B,0,0.00%,$0.09B,0,0.00%,$0.09B,$0.00B,1.10%,$0.09B,$0.04B,41.76%,$0.04B,$0.01B,361.90%,$0.04B,$0.01B,361.90%,$0.04B,$0.27B,14.33%,$0.00B,$0.08B,1.33%,$19,$5,$14,$0,$4,$19,$-0,$0,$-0,$-1,$0,$0,$0,$0,$0,$14,14,$0.03,$0.03,$60,$0,$0,$224,$6,$11,$0,$30,$47,$271,$173,$65,$21,$85,$258,$0,$-197,$-1,$13,$271,$4,$3,$16,$19,$0,$0,$0,$-35,$-30,$-7,$-1,$0,$0,$0,$12,$12,$1,$12,$-6,$0,$-6,$-0,$-0,$0,$-0,$-6,$-2,$0,$0
13,2015-06-30,3.53,$0.79,4.45,$6.77,0.52,$-4.83,0.0,$2.34,1.51,$0.22B,$0.17B,1.28,$0.07B,$0.01B,5.29,$0.09B,$0.07B,78.72%,$0.09B,$-0.00B,-4.26%,$0.09B,0,0.00%,$0.09B,0,0.00%,$0.09B,$-0.00B,-4.26%,$0.09B,$0.03B,34.04%,$0.03B,$0.01B,4266.67%,$0.03B,$0.01B,4266.67%,$0.03B,$0.27B,11.72%,$-0.00B,$0.08B,-5.44%,$19,$5,$15,$0,$2,$16,$3,$0,$3,$1,$1,$1,$1,$0,$0,$14,14,$0.10,$0.10,$63,$0,$0,$222,$6,$13,$0,$30,$50,$272,$174,$65,$22,$86,$260,$0,$-198,$-1,$12,$272,$3,$4,$5,$9,$3,$0,$0,$-26,$-22,$-10,$-1,$0,$0,$0,$15,$15,$6,$20,$-3,$0,$-3,$-0,$-0,$0,$-0,$-3,$6,$0,$0
14,2015-03-31,2.17,$0.67,3.24,$6.81,0.32,$-5.32,0.0,$1.44,1.5,$0.20B,$0.15B,1.31,$0.07B,$0.01B,6.31,$0.10B,$0.07B,76.84%,$0.10B,$-0.02B,-18.95%,$0.10B,0,0.00%,$0.10B,0,0.00%,$0.10B,$-0.02B,-18.95%,$0.10B,$0.02B,21.05%,$0.02B,$0.01B,-275.86%,$0.02B,$0.01B,-275.86%,$0.02B,$0.25B,7.15%,$-0.02B,$0.08B,-24.57%,$20,$5,$16,$0,$2,$19,$1,$0,$1,$-1,$2,$2,$2,$0,$0,$14,14,$0.14,$0.14,$49,$0,$0,$201,$7,$14,$0,$28,$49,$250,$154,$65,$21,$86,$239,$0,$-199,$-1,$10,$250,$2,$3,$2,$6,$1,$0,$0,$-14,$-17,$-9,$-0,$0,$0,$0,$15,$15,$5,$19,$-18,$0,$-18,$-0,$-0,$0,$-0,$-18,$-9,$0,$0
15,2014-12-31,2.36,$0.49,4.84,$7.12,0.33,$-5.73,0.0,$0.51,4.62,$0.22B,$0.18B,1.27,$0.07B,$0.01B,8.7,$0.10B,$0.08B,76.00%,$0.10B,$-0.03B,-28.00%,$0.10B,0,0.00%,$0.10B,0,0.00%,$0.10B,$-0.03B,-28.00%,$0.10B,$0.01B,7.00%,$0.01B,$0.01B,-57.14%,$0.01B,$0.01B,-57.14%,$0.01B,$0.27B,2.32%,$-0.03B,$0.07B,-36.72%,$33,$6,$27,$0,$15,$36,$-3,$0,$-3,$-38,$35,$35,$35,$0,$0,$14,14,$2.52,$2.52,$63,$0,$0,$222,$7,$16,$0,$24,$47,$268,$175,$65,$21,$86,$261,$0,$-201,$-2,$7,$268,$7,$35,$5,$40,$14,$0,$0,$-42,$-68,$-21,$-4,$0,$0,$0,$37,$37,$-4,$29,$-18,$0,$-18,$-0,$-0,$0,$-0,$-18,$-11,$0,$0
16,2014-09-30,1.8,$-1.71,-1.05,$6.01,0.3,$-6.16,0.0,$-1.72,0.0,$0.24B,$0.17B,1.36,$0.10B,$-0.03B,-3.66,$0.08B,$0.06B,71.43%,$0.08B,$-0.03B,-33.33%,$0.08B,0,0.00%,$0.08B,0,0.00%,$0.08B,$-0.03B,-33.33%,$0.08B,$-0.02B,-28.57%,$-0.02B,$-0.03B,174.55%,$-0.02B,$-0.03B,174.55%,$-0.02B,$0.30B,-7.44%,$-0.03B,$0.07B,-33.94%,$22,$6,$16,$0,$10,$27,$-5,$0,$-5,$1,$-6,$-6,$-6,$0,$0,$14,14,$-0.42,$-0.42,$61,$0,$0,$237,$10,$31,$0,$24,$66,$302,$174,$96,$59,$155,$329,$0,$-237,$-1,$-26,$302,$-28,$28,$18,$46,$5,$0,$0,$-33,$-36,$-19,$-4,$0,$0,$0,$33,$33,$-4,$26,$-19,$0,$-19,$-0,$-0,$0,$-0,$-19,$-13,$0,$0
17,2014-06-30,2.8,$-1.30,-2.16,$6.09,0.46,$-6.19,0.0,$-1.95,0.0,$0.23B,$0.17B,1.38,$0.10B,$-0.02B,-4.81,$0.09B,$0.06B,71.76%,$0.09B,$-0.03B,-35.29%,$0.09B,0,0.00%,$0.09B,0,0.00%,$0.09B,$-0.03B,-35.29%,$0.09B,$-0.03B,-31.76%,$-0.03B,$-0.02B,337.50%,$-0.03B,$-0.02B,337.50%,$-0.03B,$0.30B,-8.02%,$-0.03B,$0.08B,-34.09%,$20,$6,$14,$0,$8,$30,$-11,$0,$-11,$1,$-11,$-11,$-11,$0,$0,$14,14,$-0.80,$-0.80,$52,$0,$0,$229,$11,$32,$0,$28,$71,$299,$165,$96,$58,$154,$319,$0,$-231,$-0,$-20,$299,$-22,$41,$-9,$32,$9,$0,$0,$-24,$-25,$-15,$-3,$0,$0,$0,$28,$28,$-0,$25,$-28,$0,$-28,$-0,$-0,$0,$-0,$-28,$-18,$0,$0
18,2014-03-31,2.45,$-0.62,-3.97,$6.17,0.4,$-6.05,0.0,$-1.86,0.0,$0.25B,$0.19B,1.31,$0.10B,$-0.01B,-10.02,$0.09B,$0.06B,72.09%,$0.09B,$-0.03B,-32.56%,$0.09B,0,0.00%,$0.09B,0,0.00%,$0.09B,$-0.03B,-32.56%,$0.09B,$-0.03B,-30.23%,$-0.03B,$-0.01B,1300.00%,$-0.03B,$-0.01B,1300.00%,$-0.03B,$0.34B,-7.44%,$-0.03B,$0.09B,-29.79%,$25,$6,$19,$0,$2,$34,$-9,$0,$-9,$2,$-11,$-11,$-11,$0,$0,$14,14,$-0.79,$-0.79,$71,$0,$0,$254,$10,$35,$0,$39,$84,$338,$194,$96,$57,$153,$348,$0,$-220,$-1,$-10,$338,$-11,$25,$-3,$22,$1,$0,$0,$-22,$-25,$-13,$-2,$0,$0,$0,$18,$18,$-5,$11,$-1,$0,$-1,$-0,$-0,$0,$-0,$-1,$-4,$0,$0
19,2013-12-31,3.55,$0.07,47.78,$6.50,0.55,$-5.45,0.0,$-1.29,0.0,$0.27B,$0.20B,1.34,$0.10B,$0.00B,82.85,$0.09B,$0.07B,73.33%,$0.09B,$-0.02B,-24.44%,$0.09B,0,0.00%,$0.09B,0,0.00%,$0.09B,$-0.02B,-24.44%,$0.09B,$-0.02B,-20.00%,$-0.02B,$0.00B,-423.53%,$-0.02B,$0.00B,-423.53%,$-0.02B,$0.35B,-5.04%,$-0.02B,$0.10B,-22.06%,$17,$6,$11,$0,$2,$21,$-3,$0,$-3,$-7,$4,$4,$4,$0,$0,$14,14,$0.29,$0.29,$70,$0,$0,$267,$9,$35,$0,$41,$85,$352,$200,$96,$55,$151,$351,$0,$-208,$-1,$1,$352,$-18,$18,$-34,$-16,$28,$0,$0,$-25,$7,$-27,$-3,$0,$0,$0,$59,$59,$-6,$50,$-39,$0,$-39,$-1,$-1,$0,$0,$-41,$-17,$0,$0
20,2013-09-30,3.69,$-0.22,-16.82,$6.86,0.54,$-3.21,0.0,$-1.58,0.0,$0.28B,$0.20B,1.36,$0.10B,$-0.00B,-28.4,$0.10B,$0.08B,76.92%,$0.10B,$-0.03B,-25.00%,$0.10B,0,0.00%,$0.10B,0,0.00%,$0.10B,$-0.03B,-25.00%,$0.10B,$-0.02B,-20.19%,$-0.02B,$-0.00B,-240.00%,$-0.02B,$-0.00B,-240.00%,$-0.02B,$0.36B,-5.77%,$-0.03B,$0.09B,-24.94%,$23,$6,$17,$0,$19,$30,$-7,$0,$-7,$1,$-9,$-9,$-9,$0,$0,$14,14,$-0.65,$-0.65,$79,$0,$0,$275,$8,$36,$0,$38,$82,$357,$202,$96,$63,$158,$360,$0,$-212,$-1,$-3,$357,$-22,$6,$-23,$-18,$22,$0,$0,$-10,$19,$-20,$-2,$0,$0,$0,$51,$51,$-6,$42,$-30,$0,$-30,$-1,$-1,$0,$0,$-31,$-8,$0,$0
21,2013-06-30,3.58,$0.29,12.54,$6.34,0.56,$-1.52,0.0,$0.79,4.53,$0.28B,$0.19B,1.45,$0.10B,$0.00B,21.68,$0.10B,$0.08B,75.73%,$0.10B,$-0.04B,-33.98%,$0.10B,0,0.00%,$0.10B,0,0.00%,$0.10B,$-0.04B,-33.98%,$0.10B,$0.02B,20.39%,$0.02B,$0.00B,152.73%,$0.02B,$0.00B,152.73%,$0.02B,$0.35B,5.57%,$-0.04B,$0.10B,-31.96%,$21,$6,$15,$0,$24,$30,$-9,$0,$-9,$0,$-10,$-10,$-10,$0,$0,$14,14,$-0.71,$-0.71,$76,$0,$0,$275,$8,$39,$0,$30,$76,$351,$190,$96,$61,$157,$347,$0,$-204,$-3,$4,$351,$-13,$1,$-19,$-18,$16,$0,$0,$3,$16,$-14,$-1,$0,$0,$0,$38,$38,$-2,$35,$-26,$0,$-26,$-1,$-1,$0,$0,$-27,$-7,$0,$0
22,2013-03-31,3.68,$0.94,3.91,$6.13,0.6,$0.19,18.9,$1.24,2.97,$0.30B,$0.20B,1.5,$0.10B,$0.02B,6.55,$0.11B,$0.08B,76.36%,$0.11B,$-0.04B,-33.64%,$0.11B,0,0.00%,$0.11B,0,0.00%,$0.11B,$-0.04B,-33.64%,$0.11B,$0.03B,22.73%,$0.03B,$0.02B,85.47%,$0.03B,$0.02B,85.47%,$0.03B,$0.37B,6.06%,$-0.04B,$0.11B,-29.66%,$29,$6,$23,$0,$25,$32,$-3,$0,$-3,$0,$-3,$-3,$-3,$0,$0,$14,14,$-0.22,$-0.22,$85,$0,$0,$297,$7,$37,$0,$29,$73,$369,$198,$95,$61,$156,$355,$0,$-194,$-2,$15,$369,$-3,$0,$-8,$-7,$6,$0,$0,$4,$4,$-7,$-0,$0,$0,$0,$25,$25,$-1,$24,$-13,$0,$-13,$-0,$-0,$0,$0,$-13,$3,$0,$0
23,2012-12-31,3.35,$1.24,2.71,$5.55,0.6,$1.15,2.91,$1.26,2.66,$0.30B,$0.21B,1.48,$0.10B,$0.02B,4.97,$0.11B,$0.08B,73.68%,$0.11B,$-0.04B,-38.60%,$0.11B,0,0.00%,$0.11B,0,0.00%,$0.11B,$-0.04B,-38.60%,$0.11B,$0.02B,21.05%,$0.02B,$0.02B,54.86%,$0.02B,$0.02B,54.86%,$0.02B,$0.38B,5.11%,$-0.04B,$0.12B,-27.54%,$31,$6,$25,$0,$32,$38,$-7,$0,$-7,$-5,$-2,$-2,$1,$0,$0,$19,19,$0.01,$0.00,$81,$0,$0,$304,$7,$38,$0,$31,$76,$380,$205,$95,$60,$156,$361,$0,$-191,$-1,$19,$380,$24,$-25,$-105,$-130,$90,$0,$0,$21,$109,$3,$-2,$0,$0,$0,$222,$222,$10,$229,$-227,$0,$-227,$-83,$-83,$0,$0,$-309,$-77,$0,$0
24,2012-09-30,3.72,$1.13,3.28,$5.20,0.72,$4.29,0.87,$1.26,2.95,$0.32B,$0.23B,1.37,$0.10B,$0.02B,5.44,$0.12B,$0.08B,70.43%,$0.12B,$-0.06B,-48.70%,$0.12B,0,0.00%,$0.12B,0,0.00%,$0.12B,$-0.06B,-48.70%,$0.12B,$0.03B,22.61%,$0.03B,$0.02B,44.83%,$0.03B,$0.02B,44.83%,$0.03B,$0.41B,4.85%,$-0.06B,$0.11B,-28.83%,$22,$7,$15,$0,$29,$38,$-16,$0,$-16,$-7,$-8,$-8,$33,$0,$0,$19,19,$1.72,$1.72,$61,$0,$0,$318,$7,$48,$0,$33,$89,$407,$232,$95,$62,$157,$389,$0,$-192,$-1,$17,$407,$22,$2,$-122,$-120,$82,$0,$0,$21,$100,$3,$-2,$0,$0,$0,$178,$178,$10,$186,$-203,$0,$-203,$-83,$-83,$0,$0,$-286,$-97,$0,$0
25,2012-06-30,3.62,$2.80,1.29,$5.99,0.6,$8.30,0.44,$-0.38,0.0,$0.36B,$0.27B,1.33,$0.10B,$0.07B,1.44,$0.14B,$0.10B,72.99%,$0.14B,$-0.04B,-32.12%,$0.14B,0,0.00%,$0.14B,0,0.00%,$0.14B,$-0.04B,-32.12%,$0.14B,$-0.01B,-3.65%,$-0.01B,$0.07B,-6.78%,$-0.01B,$0.07B,-6.80%,$-0.01B,$0.50B,-0.82%,$-0.04B,$0.16B,-18.70%,$28,$7,$21,$0,$31,$39,$-11,$0,$-11,$-1,$-9,$-9,$-6,$0,$0,$22,22,$-0.26,$-0.26,$69,$0,$0,$363,$8,$111,$0,$13,$132,$495,$274,$95,$60,$155,$429,$0,$-225,$-2,$66,$495,$-10,$3,$-73,$-71,$73,$0,$0,$22,$95,$14,$-1,$0,$0,$0,$57,$57,$6,$62,$-169,$0,$-169,$-0,$-0,$0,$0,$-169,$-94,$0,$0
26,2012-03-31,5.81,$3.07,1.89,$6.77,0.86,$10.22,0.57,$4.31,1.35,$0.48B,$0.29B,1.69,$0.18B,$0.07B,2.45,$0.16B,$0.11B,73.08%,$0.16B,$-0.04B,-23.08%,$0.16B,0,0.00%,$0.16B,0,0.00%,$0.16B,$-0.04B,-23.08%,$0.16B,$0.10B,65.38%,$0.10B,$0.07B,132.47%,$0.10B,$0.07B,132.90%,$0.10B,$0.60B,15.06%,$-0.04B,$0.25B,-13.58%,$33,$11,$23,$0,$32,$43,$-10,$0,$-10,$-2,$-8,$-8,$-4,$0,$0,$22,22,$-0.20,$-0.20,$167,$0,$0,$483,$8,$90,$0,$14,$112,$595,$285,$178,$60,$237,$523,$0,$-220,$-1,$73,$595,$-5,$2,$-58,$-57,$56,$0,$0,$18,$72,$11,$-1,$0,$0,$0,$47,$47,$2,$48,$-58,$0,$-58,$-0,$-0,$0,$0,$-58,$0,$0,$0
27,2011-12-31,3.7,$3.24,1.14,$7.07,0.52,$10.54,0.35,$5.30,0.7,$0.53B,$0.34B,1.59,$0.18B,$0.08B,2.31,$0.19B,$0.15B,76.72%,$0.19B,$-0.00B,-1.59%,$0.19B,0,0.00%,$0.19B,0,0.00%,$0.19B,$-0.00B,-1.59%,$0.19B,$0.13B,70.90%,$0.13B,$0.08B,164.42%,$0.13B,$0.08B,165.94%,$0.13B,$0.65B,17.74%,$-0.00B,$0.25B,-1.07%,$32,$10,$22,$0,$40,$51,$-19,$0,$-19,$-3,$-16,$-16,$3,$0,$0,$26,26,$-0.12,$-0.11,$169,$0,$0,$532,$8,$87,$0,$21,$116,$648,$336,$176,$59,$236,$572,$0,$-28,$-2,$76,$648,$135,$13,$-207,$-195,$152,$0,$0,$-0,$143,$84,$-2,$0,$1,$0,$420,$420,$14,$434,$-347,$0,$-347,$-108,$-108,$0,$-3,$-459,$60,$2,$0
28,2011-09-30,2.79,$3.30,0.84,$7.19,0.39,$15.64,0.18,$5.30,0.53,$0.54B,$0.37B,1.48,$0.20B,$0.08B,2.48,$0.21B,$0.16B,77.36%,$0.21B,$-0.00B,-0.94%,$0.21B,0,0.00%,$0.21B,0,0.00%,$0.21B,$-0.00B,-0.94%,$0.21B,$0.10B,48.58%,$0.10B,$0.08B,132.05%,$0.10B,$0.08B,134.64%,$0.10B,$0.71B,12.66%,$-0.00B,$0.28B,-0.69%,$44,$10,$34,$0,$37,$48,$-4,$0,$-4,$1,$-5,$-5,$2,$0,$0,$22,23,$0.08,$0.08,$131,$0,$0,$543,$8,$99,$0,$61,$168,$711,$367,$197,$67,$264,$631,$0,$-31,$-1,$80,$711,$132,$11,$-189,$-179,$128,$0,$0,$-2,$140,$93,$-1,$0,$1,$0,$332,$332,$12,$344,$-296,$0,$-296,$-107,$-107,$0,$-3,$-407,$32,$2,$0
29,2011-06-30,2.32,$3.24,0.72,$7.18,0.32,$19.73,0.12,$5.27,0.44,$0.60B,$0.41B,1.46,$0.20B,$0.08B,2.56,$0.24B,$0.19B,78.99%,$0.24B,$-0.01B,-2.94%,$0.24B,0,0.00%,$0.24B,0,0.00%,$0.24B,$-0.01B,-2.94%,$0.24B,$0.10B,43.28%,$0.10B,$0.08B,129.15%,$0.10B,$0.08B,153.73%,$0.10B,$0.76B,11.59%,$-0.01B,$0.28B,-2.33%,$47,$11,$35,$0,$36,$49,$-3,$0,$-3,$1,$-4,$-4,$101,$0,$0,$23,23,$4.45,$4.43,$156,$0,$0,$596,$8,$95,$0,$57,$160,$756,$409,$202,$67,$268,$677,$0,$-32,$-1,$79,$756,$131,$8,$-176,$-168,$97,$0,$0,$3,$95,$58,$-1,$0,$1,$0,$294,$294,$8,$302,$-203,$0,$-203,$-106,$-106,$0,$-3,$-312,$49,$2,$0
30,2011-03-31,6.53,$2.39,2.74,$6.97,0.94,$23.01,0.28,$0.11,59.36,$0.71B,$0.53B,1.35,$0.22B,$0.09B,2.41,$0.26B,$0.21B,79.55%,$0.26B,$-0.04B,-14.77%,$0.26B,0,0.00%,$0.26B,0,0.00%,$0.26B,$-0.04B,-14.77%,$0.26B,$-0.03B,-10.23%,$-0.03B,$0.09B,-33.64%,$-0.03B,$0.09B,-48.00%,$-0.03B,$0.91B,-2.76%,$-0.04B,$0.31B,-12.43%,$66,$12,$54,$0,$28,$42,$23,$0,$23,$0,$23,$23,$28,$0,$0,$36,36,$0.80,$0.79,$147,$0,$0,$713,$10,$89,$2,$93,$195,$907,$527,$219,$71,$290,$816,$0,$-135,$-4,$91,$907,$30,$5,$-55,$-51,$57,$0,$0,$-5,$49,$28,$-1,$0,$3,$0,$104,$104,$-3,$103,$-100,$0,$-100,$-1,$-1,$0,$-3,$-104,$29,$2,$0
31,2010-12-31,6.98,$1.63,4.29,$7.29,0.96,$25.85,0.27,$-1.57,0.0,$0.66B,$0.52B,1.27,$0.23B,$0.06B,3.72,$0.30B,$0.24B,80.07%,$0.30B,$-0.11B,-35.55%,$0.30B,0,0.00%,$0.30B,0,0.00%,$0.30B,$-0.11B,-35.55%,$0.30B,$-0.10B,-32.56%,$-0.10B,$0.06B,-92.24%,$-0.10B,$0.06B,-137.06%,$-0.10B,$0.88B,-8.87%,$-0.11B,$0.29B,-30.18%,$55,$13,$41,$0,$58,$73,$-18,$0,$-18,$1,$-19,$-19,$-28,$0,$0,$40,40,$-0.88,$-0.88,$105,$0,$0,$660,$16,$102,$2,$100,$221,$881,$518,$230,$71,$301,$819,$0,$-152,$-6,$62,$881,$-95,$42,$-203,$-161,$502,$0,$0,$4,$592,$336,$-4,$0,$0,$0,$194,$194,$-16,$173,$-513,$0,$-513,$-86,$-86,$0,$-9,$-608,$-100,$9,$0
32,2010-09-30,4.82,$2.28,2.11,$5.37,0.9,$23.52,0.2,$-2.71,0.0,$0.82B,$0.63B,1.3,$0.23B,$0.09B,2.68,$0.22B,$0.16B,73.18%,$0.22B,$-0.22B,-97.73%,$0.22B,0,0.00%,$0.22B,0,0.00%,$0.22B,$-0.22B,-97.73%,$0.22B,$-0.13B,-56.82%,$-0.13B,$0.09B,-87.57%,$-0.13B,$0.04B,-128.87%,$-0.13B,$1.01B,-11.67%,$-0.22B,$0.32B,-52.41%,$70,$12,$58,$0,$64,$78,$-9,$0,$-9,$-2,$-7,$-7,$2,$0,$0,$36,36,$0.05,$0.05,$128,$0,$0,$816,$23,$97,$46,$29,$196,$1012,$627,$233,$65,$298,$925,$0,$-124,$-4,$87,$1012,$-69,$17,$-175,$-157,$423,$0,$0,$10,$521,$294,$-2,$0,$0,$0,$145,$145,$-20,$124,$-420,$0,$-420,$-86,$-86,$0,$-8,$-514,$-97,$7,$0
33,2010-06-30,3.96,$2.13,1.86,$-0.21,0.0,$22.88,0.17,$-7.78,0.0,$0.90B,$0.72B,1.25,$0.25B,$0.08B,3.12,$-0.02B,$-0.08B,337.50%,$-0.02B,$-0.45B,1862.50%,$-0.02B,0,0.00%,$-0.02B,0,0.00%,$-0.02B,$-0.45B,1862.50%,$-0.02B,$-0.37B,1525.00%,$-0.37B,$0.08B,-198.37%,$-0.37B,$0.04B,-263.78%,$-0.37B,$1.12B,-36.57%,$-0.45B,$0.33B,-94.95%,$73,$16,$57,$0,$90,$109,$-35,$0,$-35,$-1,$-34,$-34,$-29,$0,$0,$40,40,$-0.73,$-0.73,$110,$0,$0,$895,$26,$123,$45,$29,$222,$1117,$718,$253,$65,$318,$1036,$0,$-125,$-7,$81,$1117,$-71,$13,$-148,$-135,$327,$0,$0,$17,$438,$232,$-1,$0,$0,$0,$58,$58,$-22,$36,$-289,$0,$-289,$-86,$-86,$0,$-8,$-383,$-117,$5,$0
34,2010-03-31,5.16,$3.89,1.33,$-3.13,0.0,$20.76,0.25,$-9.86,0.0,$1.18B,$0.87B,1.36,$0.28B,$0.20B,1.42,$-0.15B,$-0.20B,134.23%,$-0.15B,$-0.61B,412.08%,$-0.15B,0,0.00%,$-0.15B,0,0.00%,$-0.15B,$-0.61B,412.08%,$-0.15B,$-0.47B,316.11%,$-0.47B,$0.20B,-163.83%,$-0.47B,$0.15B,-195.44%,$-0.47B,$1.41B,-47.19%,$-0.61B,$0.47B,-104.64%,$103,$18,$85,$0,$127,$148,$-45,$0,$-45,$-0,$-45,$-45,$-43,$0,$0,$48,48,$-0.89,$-0.89,$249,$0,$0,$1181,$28,$125,$45,$28,$227,$1408,$866,$278,$69,$347,$1213,$0,$-96,$-6,$195,$1408,$-41,$6,$-62,$-56,$161,$0,$0,$10,$271,$173,$0,$0,$0,$0,$18,$18,$-37,$-18,$-138,$0,$-138,$-0,$-0,$0,$-8,$-146,$8,$3,$0
35,2009-12-31,3.33,$4.16,0.8,$-7.14,0.0,$18.17,0.18,$-11.37,0.0,$0.52B,$0.23B,2.24,$0.31B,$0.21B,1.48,$-0.34B,$-0.38B,112.61%,$-0.34B,$-0.75B,218.48%,$-0.34B,0,0.00%,$-0.34B,0,0.00%,$-0.34B,$-0.75B,218.48%,$-0.34B,$-0.54B,158.65%,$-0.54B,$0.21B,-136.19%,$-0.54B,$0.16B,-156.81%,$-0.54B,$0.75B,-55.64%,$-0.75B,$0.52B,-106.05%,$-26,$12,$-39,$0,$84,$99,$-126,$0,$-126,$-61,$-65,$-65,$-55,$0,$0,$48,48,$-1.14,$-1.14,$191,$0,$0,$518,$32,$46,$46,$106,$231,$749,$232,$308,$2,$309,$541,$0,$-88,$-3,$208,$749,$-551,$34,$951,$985,$-2,$0,$0,$21,$-145,$288,$-4,$0,$-1,$0,$-125,$-125,$14,$-115,$-38,$0,$-38,$-0,$-0,$-24,$-4,$-66,$111,$9,$-24
36,2009-09-30,4.05,$5.08,0.8,$-8.95,0.0,$23.94,0.17,$-10.80,0.0,$0.43B,$0.14B,2.95,$0.31B,$0.25B,1.21,$-0.43B,$-0.47B,110.30%,$-0.43B,$-0.70B,163.47%,$-0.43B,0,0.00%,$-0.43B,0,0.00%,$-0.43B,$-0.70B,163.47%,$-0.43B,$-0.54B,125.76%,$-0.54B,$0.25B,-102.14%,$-0.54B,$0.21B,-114.44%,$-0.54B,$0.73B,-46.05%,$-0.70B,$0.56B,-84.17%,$-174,$9,$-184,$0,$53,$67,$-241,$0,$-241,$-3,$-239,$-239,$-239,$0,$0,$48,48,$-5.02,$-5.02,$120,$0,$0,$427,$35,$52,$46,$169,$303,$729,$144,$307,$2,$331,$475,$0,$-33,$-33,$254,$729,$-500,$27,$995,$1022,$-18,$0,$0,$18,$-160,$362,$-2,$0,$-1,$0,$-189,$-189,$16,$-176,$-143,$0,$-143,$-0,$-0,$0,$-2,$-145,$41,$7,$0
37,2009-06-30,1.98,$9.59,0.21,$-2.54,0.0,$26.08,0.08,$-6.47,0.0,$0.41B,$0.26B,1.59,$0.31B,$0.49B,0.62,$-0.12B,$-0.17B,138.84%,$-0.12B,$-0.51B,421.49%,$-0.12B,0,0.00%,$-0.12B,0,0.00%,$-0.12B,$-0.51B,421.49%,$-0.12B,$-0.33B,274.38%,$-0.33B,$0.49B,-51.85%,$-0.33B,$0.45B,-57.49%,$-0.33B,$1.11B,-23.55%,$-0.51B,$0.80B,-51.41%,$-52,$10,$-62,$0,$115,$150,$-202,$0,$-202,$-60,$-142,$-142,$-134,$0,$0,$48,48,$-2.81,$-2.81,$103,$0,$0,$412,$39,$85,$48,$521,$694,$1106,$259,$305,$23,$355,$613,$0,$206,$-30,$493,$1106,$-261,$41,$541,$583,$-16,$0,$0,$17,$-144,$178,$-2,$0,$-1,$0,$-124,$-124,$2,$-125,$-42,$0,$-42,$-0,$-0,$0,$-2,$-44,$10,$4,$0
38,2009-03-31,2.1,$12.24,0.17,$0.57,3.66,$29.43,0.07,$-4.62,0.0,$0.42B,$0.27B,1.54,$0.30B,$0.63B,0.48,$0.03B,$-0.02B,-78.57%,$0.03B,$-0.39B,-1385.71%,$0.03B,0,0.00%,$0.03B,0,0.00%,$0.03B,$-0.39B,-1385.71%,$0.03B,$-0.25B,-907.14%,$-0.25B,$0.63B,-36.02%,$-0.25B,$0.57B,-40.40%,$-0.25B,$1.31B,-16.02%,$-0.39B,$0.94B,-35.09%,$-89,$10,$-99,$0,$71,$87,$-176,$0,$-176,$-61,$-115,$-115,$-113,$0,$0,$48,48,$-2.37,$-2.37,$96,$0,$0,$416,$43,$104,$68,$673,$889,$1305,$271,$302,$23,$400,$671,$0,$341,$-33,$634,$1305,$-115,$9,$235,$245,$0,$0,$0,$13,$-80,$50,$-1,$0,$-1,$0,$-26,$-26,$2,$-26,$-18,$0,$-18,$-0,$-0,$0,$-2,$-20,$4,$2,$0
39,2008-12-31,4.75,$14.10,0.34,$6.55,0.73,$32.40,0.15,$-2.17,0.0,$0.44B,$0.32B,1.36,$0.30B,$0.72B,0.42,$0.31B,$0.26B,82.75%,$0.31B,$-0.20B,-64.22%,$0.31B,0,0.00%,$0.31B,0,0.00%,$0.31B,$-0.20B,-64.22%,$0.31B,$-0.14B,-44.73%,$-0.14B,$0.72B,-18.77%,$-0.14B,$0.66B,-21.20%,$-0.14B,$1.53B,-8.03%,$-0.20B,$1.02B,-16.64%,$-112,$13,$-126,$0,$-56,$-34,$-79,$0,$-79,$-24,$-55,$-55,$-51,$0,$0,$48,48,$-1.06,$-1.06,$94,$0,$0,$435,$48,$105,$64,$873,$1090,$1525,$320,$300,$23,$483,$803,$0,$453,$-31,$722,$1525,$-142,$67,$569,$635,$0,$0,$0,$25,$75,$569,$-10,$0,$0,$0,$-515,$-515,$0,$-525,$-78,$0,$-78,$-0,$-0,$0,$-6,$-84,$-43,$10,$0
40,2008-09-30,3.37,$13.78,0.24,$5.62,0.6,$35.06,0.1,$-1.27,0.0,$0.48B,$0.32B,1.5,$0.50B,$0.71B,0.7,$0.27B,$0.20B,74.72%,$0.27B,$-0.08B,-28.30%,$0.27B,0,0.00%,$0.27B,0,0.00%,$0.27B,$-0.08B,-28.30%,$0.27B,$-0.07B,-27.55%,$-0.07B,$0.71B,-9.56%,$-0.07B,$0.64B,-10.94%,$-0.07B,$1.70B,-3.99%,$-0.08B,$1.21B,-5.82%,$132,$13,$119,$0,$135,$185,$-53,$0,$-53,$-21,$-33,$-33,$-34,$0,$0,$48,48,$-0.71,$-0.71,$119,$0,$0,$480,$53,$93,$71,$1005,$1222,$1702,$321,$500,$24,$669,$990,$0,$533,$-10,$712,$1702,$-87,$46,$508,$555,$0,$0,$0,$-3,$-1,$467,$-7,$0,$0,$0,$-430,$-430,$0,$-437,$-41,$0,$-41,$-0,$-0,$0,$-5,$-46,$-18,$7,$0
41,2008-06-30,5.15,$14.58,0.35,$11.56,0.45,$35.33,0.15,$-1.68,0.0,$0.54B,$0.36B,1.49,$0.50B,$0.75B,0.66,$0.56B,$0.48B,86.15%,$0.56B,$-0.10B,-17.27%,$0.56B,0,0.00%,$0.56B,0,0.00%,$0.56B,$-0.10B,-17.27%,$0.56B,$-0.09B,-16.55%,$-0.09B,$0.75B,-11.72%,$-0.09B,$0.65B,-13.81%,$-0.09B,$1.81B,-4.54%,$-0.10B,$1.25B,-7.26%,$97,$13,$84,$0,$157,$177,$-80,$0,$-80,$-26,$-54,$-54,$-56,$0,$0,$48,48,$-1.17,$-1.17,$153,$0,$0,$536,$63,$91,$103,$1016,$1273,$1809,$360,$500,$24,$695,$1056,$0,$565,$1,$753,$1809,$-53,$8,$336,$344,$0,$0,$0,$12,$53,$343,$-9,$0,$0,$0,$-295,$-295,$0,$-304,$-20,$0,$-20,$-0,$-0,$0,$-3,$-24,$15,$5,$0
42,2008-03-31,7.62,$15.42,0.49,$17.60,0.43,$38.74,0.2,$-0.95,0.0,$0.58B,$0.37B,1.55,$0.55B,$0.80B,0.69,$0.85B,$0.77B,90.47%,$0.85B,$-0.03B,-3.06%,$0.85B,0,0.00%,$0.85B,0,0.00%,$0.85B,$-0.03B,-3.06%,$0.85B,$-0.05B,-5.53%,$-0.05B,$0.80B,-5.81%,$-0.05B,$0.69B,-6.97%,$-0.05B,$1.94B,-2.22%,$-0.03B,$1.35B,-1.91%,$196,$14,$182,$0,$162,$186,$11,$0,$11,$5,$6,$6,$1,$0,$0,$48,48,$0.01,$0.01,$212,$0,$0,$576,$80,$102,$104,$1079,$1365,$1941,$372,$550,$29,$774,$1145,$0,$610,$1,$796,$1941,$3,$5,$132,$137,$0,$0,$0,$1,$59,$198,$-8,$0,$0,$0,$-127,$-127,$0,$-135,$14,$0,$14,$-0,$-0,$0,$-2,$11,$74,$2,$0
43,2007-12-31,8.57,$14.94,0.57,$19.66,0.44,$36.17,0.24,$-1.05,0.0,$0.50B,$0.40B,1.25,$0.55B,$0.79B,0.69,$0.96B,$0.88B,91.39%,$0.96B,$-0.03B,-3.42%,$0.96B,0,0.00%,$0.96B,0,0.00%,$0.96B,$-0.03B,-3.42%,$0.96B,$-0.05B,-5.29%,$-0.05B,$0.79B,-6.21%,$-0.05B,$0.69B,-7.52%,$-0.05B,$1.87B,-2.33%,$-0.03B,$1.34B,-2.41%,$-160,$26,$-187,$0,$-296,$-208,$47,$0,$47,$21,$26,$28,$16,$0,$0,$49,49,$0.34,$0.34,$138,$0,$0,$495,$84,$105,$105,$1084,$1380,$1874,$395,$550,$34,$687,$1082,$0,$606,$2,$793,$1874,$-51,$78,$704,$783,$0,$0,$0,$70,$35,$767,$-66,$0,$-192,$0,$-784,$-784,$0,$-1042,$364,$0,$364,$-55,$-55,$0,$-11,$299,$27,$11,$0
44,2007-09-30,18.65,$14.55,1.28,$18.41,1.01,$27.75,0.67,$-1.18,0.0,$1.42B,$1.00B,1.42,$0.55B,$0.80B,0.69,$0.90B,$0.82B,92.07%,$0.90B,$-0.02B,-2.68%,$0.90B,0,0.00%,$0.90B,0,0.00%,$0.90B,$-0.02B,-2.68%,$0.90B,$-0.06B,-6.37%,$-0.06B,$0.80B,-6.75%,$-0.06B,$0.64B,-8.22%,$-0.06B,$2.48B,-2.53%,$-0.02B,$1.35B,-1.72%,$423,$22,$400,$0,$465,$497,$-74,$0,$-74,$-27,$-47,$-48,$-53,$0,$0,$49,49,$-1.10,$-1.10,$362,$0,$0,$1416,$93,$114,$164,$691,$1062,$2479,$1000,$550,$42,$680,$1680,$0,$591,$5,$799,$2479,$-67,$13,$867,$879,$0,$0,$0,$-291,$-275,$538,$-57,$0,$-192,$0,$-501,$-501,$2,$-748,$501,$0,$501,$-33,$-33,$0,$-8,$459,$252,$8,$0
45,2007-06-30,30.09,$15.42,1.95,$16.82,1.79,$20.29,1.48,$0.70,42.98,$1.06B,$0.62B,1.72,$0.55B,$0.85B,0.65,$0.83B,$0.77B,92.75%,$0.83B,$0.12B,14.13%,$0.83B,0,0.00%,$0.83B,0,0.00%,$0.83B,$0.12B,14.13%,$0.83B,$0.04B,4.23%,$0.04B,$0.85B,4.06%,$0.04B,$0.68B,4.86%,$0.04B,$2.18B,1.62%,$0.12B,$1.40B,8.28%,$391,$17,$374,$0,$373,$401,$-10,$0,$-10,$-4,$-6,$-7,$-11,$0,$0,$48,48,$-0.23,$-0.23,$133,$0,$0,$1056,$81,$199,$164,$675,$1119,$2175,$615,$550,$46,$714,$1329,$0,$644,$2,$846,$2175,$-14,$9,$527,$535,$0,$0,$0,$1,$20,$542,$-36,$0,$-192,$0,$-359,$-359,$-6,$-593,$112,$0,$112,$-33,$-33,$0,$-6,$73,$23,$5,$0
46,2007-03-31,26.82,$15.50,1.73,$15.12,1.77,$13.00,2.06,$1.49,18.0,$1.01B,$0.66B,1.54,$0.55B,$0.85B,0.65,$0.76B,$0.70B,92.60%,$0.76B,$0.17B,22.85%,$0.76B,0,0.00%,$0.76B,0,0.00%,$0.76B,$0.17B,22.85%,$0.76B,$0.07B,9.78%,$0.07B,$0.85B,8.62%,$0.07B,$0.71B,10.22%,$0.07B,$2.23B,3.54%,$0.17B,$1.40B,12.28%,$310,$16,$294,$0,$281,$306,$4,$0,$4,$1,$3,$2,$-3,$0,$0,$50,50,$-0.05,$-0.05,$191,$0,$0,$1010,$68,$254,$142,$761,$1224,$2234,$656,$550,$50,$729,$1385,$0,$656,$0,$849,$2234,$-3,$4,$202,$206,$0,$0,$0,$-93,$-119,$85,$-13,$0,$-191,$0,$37,$37,$-2,$-170,$150,$0,$150,$-33,$-33,$0,$-2,$115,$30,$3,$0
47,2006-12-31,34.2,$16.04,2.13,$14.70,2.33,$12.39,2.76,$2.15,15.91,$0.82B,$0.47B,1.73,$0.55B,$0.88B,0.62,$0.74B,$0.69B,93.07%,$0.74B,$0.22B,29.89%,$0.74B,0,0.00%,$0.74B,0,0.00%,$0.74B,$0.22B,29.89%,$0.74B,$0.11B,14.67%,$0.11B,$0.88B,12.77%,$0.11B,$0.75B,15.14%,$0.11B,$2.11B,5.45%,$0.22B,$1.43B,15.76%,$-229,$16,$-244,$0,$-303,$-284,$56,$0,$56,$19,$36,$35,$10,$0,$0,$49,50,$0.20,$0.19,$161,$0,$0,$815,$64,$238,$132,$865,$1299,$2114,$471,$550,$55,$759,$1230,$0,$661,$0,$884,$2114,$107,$23,$661,$684,$0,$0,$0,$-434,$-462,$329,$-28,$0,$-3,$0,$-576,$-576,$0,$-607,$165,$0,$165,$1,$1,$0,$-18,$148,$-130,$8,$0
