,Date,Stock Price,Book Value per Share,Price to Book Ratio,TTM Sales per Share,Price to Sales Ratio,TTM FCF per Share,Price to FCF Ratio,TTM Net EPS,PE Ratio,Current Assets,Current Liabilities,Current Ratio,Long Term Debt,Shareholder's Equity_x,Debt to Equity Ratio,TTM Revenue_x,TTM Gross Profit,Gross Margin,TTM Revenue_y,TTM Operating Income,Operating Margin,TTM Revenue_x,TTM EBIT,EBIT Margin,TTM Revenue_y,TTM EBITDA,EBITDA Margin,TTM Revenue_x,TTM Pre-Tax Income,Pre-Tax Margin,TTM Revenue_y,TTM Net Income_x,Net Margin,TTM Net Income_y,Shareholder's Equity_y,Return on Equity,TTM Net Income_x,Tangible Equity,Return on Tangible Equity,TTM Net Income_y,Total Assets,Return on Assets,TTM Net Income,LT Investments & Debt,Return on Investment,revenue,cost-goods-sold,gross-profit,research-development-expenses,selling-general-administrative-expenses,operating-expenses,operating-income,total-non-operating-income-expense,pre-tax-income,total-provision-income-taxes,income-after-taxes,income-from-continuous-operations,net-income,ebitda,ebit,basic-shares-outstanding,shares-outstanding,eps-basic-net-earnings-per-share,eps-earnings-per-share-diluted,cash-on-hand,inventory,other-current-assets,total-current-assets,net-property-plant-equipment,long-term-investments,goodwill-intangible-assets-total,other-long-term-assets,total-long-term-assets,total-assets,total-current-liabilities,long-term-debt,other-non-current-liabilities,total-long-term-liabilities,total-liabilities,common-stock-net,retained-earnings-accumulated-deficit,comprehensive-income,total-share-holder-equity,total-liabilities-share-holders-equity,net-income-loss,total-depreciation-amortization-cash-flow,other-non-cash-items,total-non-cash-items,change-in-accounts-receivable,change-in-inventories,change-in-accounts-payable,change-in-assets-liabilities,total-change-in-assets-liabilities,cash-flow-from-operating-activities,net-change-in-property-plant-equipment,net-change-in-intangible-assets,net-acquisitions-divestitures,net-change-in-short-term-investments,net-change-in-long-term-investments,net-change-in-investments-total,investing-activities-other,cash-flow-from-investing-activities,net-long-term-debt,net-current-debt,debt-issuance-retirement-net-total,net-common-equity-issued-repurchased,net-total-equity-issued-repurchased,total-common-preferred-stock-dividends-paid,financial-activities-other,cash-flow-from-financial-activities,net-cash-flow,stock-based-compensation,common-stock-dividends-paid
0,2018-09-30,27.25,$18.11,1.5,$6.00,4.54,$5.21,5.23,$1.18,23.09,$0.94B,$1.27B,0.74,$0.01B,$0.17B,0.05,$0.06B,$0.05B,85.96%,$0.06B,$0.02B,38.60%,$0.06B,0,0.00%,$0.06B,0,0.00%,$0.06B,$0.02B,38.60%,$0.06B,$0.02B,26.32%,$0.02B,$0.17B,8.89%,$0.02B,$0.16B,9.40%,$0.02B,$1.45B,1.08%,$0.02B,$0.18B,12.61%,$15,$2,$13,$0,$7,$9,$6,$0,$6,$1,$4,$4,$4,$0,$0,$9,9,$0.48,$0.48,$66,$0,$0,$936,$16,$474,$12,$5,$512,$1448,$1269,$8,$0,$8,$1280,$19,$136,$-7,$169,$1448,$13,$3,$-0,$3,$-0,$0,$0,$0,$0,$15,$-0,$0,$-13,$6,$28,$35,$-11,$10,$0,$-16,$-16,$0,$0,$-9,$-2,$-26,$-1,$0,$-9
1,2018-06-30,30.63,$18.04,1.7,$5.87,5.21,$5.03,6.09,$1.60,19.14,$0.85B,$1.19B,0.72,$0.00B,$0.17B,0.0,$0.06B,$0.05B,87.27%,$0.06B,$0.02B,40.00%,$0.06B,0,0.00%,$0.06B,0,0.00%,$0.06B,$0.02B,40.00%,$0.06B,$0.02B,27.27%,$0.02B,$0.17B,8.84%,$0.02B,$0.16B,9.27%,$0.02B,$1.36B,1.09%,$0.02B,$0.17B,12.68%,$14,$2,$12,$0,$7,$9,$5,$0,$5,$1,$4,$4,$4,$0,$0,$9,9,$0.46,$0.46,$65,$0,$0,$854,$15,$479,$8,$2,$508,$1362,$1192,$0,$0,$0,$1194,$19,$134,$-5,$168,$1362,$8,$2,$0,$2,$-1,$0,$0,$-0,$-1,$9,$-0,$0,$0,$1,$10,$11,$-9,$2,$0,$-28,$-28,$0,$0,$-7,$17,$-17,$-6,$0,$-7
2,2018-03-31,26.83,$17.89,1.5,$5.82,4.61,$5.07,5.29,$1.51,17.77,$0.87B,$1.22B,0.72,$0.00B,$0.17B,0.01,$0.05B,$0.05B,88.89%,$0.05B,$0.02B,40.74%,$0.05B,0,0.00%,$0.05B,0,0.00%,$0.05B,$0.02B,40.74%,$0.05B,$0.01B,25.93%,$0.01B,$0.17B,8.20%,$0.01B,$0.16B,8.60%,$0.01B,$1.39B,1.02%,$0.02B,$0.17B,12.38%,$14,$2,$12,$0,$7,$9,$5,$0,$5,$1,$4,$4,$4,$0,$0,$9,9,$0.43,$0.43,$94,$0,$0,$874,$15,$489,$8,$1,$518,$1392,$1219,$2,$0,$2,$1225,$19,$131,$-4,$167,$1392,$4,$1,$-0,$1,$-0,$0,$0,$0,$1,$6,$-0,$0,$0,$-26,$1,$-25,$-1,$-26,$-18,$-1,$-18,$0,$0,$-2,$36,$16,$-4,$0,$-2
3,2017-12-31,26.97,$18.34,1.47,$5.78,4.67,$5.07,5.32,$1.47,18.34,$0.85B,$1.19B,0.72,$0.01B,$0.17B,0.08,$0.05B,$0.05B,90.57%,$0.05B,$0.02B,41.51%,$0.05B,0,0.00%,$0.05B,0,0.00%,$0.05B,$0.02B,41.51%,$0.05B,$0.01B,26.42%,$0.01B,$0.17B,8.19%,$0.01B,$0.16B,8.59%,$0.01B,$1.38B,1.02%,$0.02B,$0.18B,12.39%,$14,$2,$12,$0,$6,$8,$6,$0,$6,$3,$3,$3,$3,$0,$0,$9,9,$0.29,$0.29,$72,$0,$0,$852,$15,$495,$8,$2,$523,$1375,$1189,$14,$0,$14,$1204,$19,$132,$-0,$171,$1375,$14,$4,$2,$6,$0,$0,$0,$-0,$-1,$19,$-0,$-0,$0,$-11,$16,$4,$-21,$-17,$-1,$-21,$-22,$0,$0,$-8,$25,$-5,$-3,$0,$-8
4,2017-09-30,28.69,$18.62,1.54,$5.72,5.01,$5.46,5.26,$1.61,17.82,$0.83B,$1.19B,0.7,$0.00B,$0.17B,0.0,$0.05B,$0.05B,92.31%,$0.05B,$0.02B,42.31%,$0.05B,0,0.00%,$0.05B,0,0.00%,$0.05B,$0.02B,42.31%,$0.05B,$0.02B,28.85%,$0.02B,$0.17B,8.85%,$0.02B,$0.17B,9.29%,$0.02B,$1.37B,1.09%,$0.02B,$0.17B,12.74%,$13,$1,$12,$0,$6,$8,$6,$0,$6,$2,$4,$4,$4,$0,$0,$9,9,$0.42,$0.42,$59,$0,$0,$832,$16,$507,$8,$2,$533,$1365,$1190,$0,$0,$0,$1192,$19,$131,$3,$173,$1365,$11,$3,$0,$4,$-0,$0,$0,$-0,$-1,$14,$-0,$0,$0,$-4,$13,$9,$-13,$-4,$0,$-15,$-15,$0,$0,$-6,$5,$-16,$-6,$0,$-6
5,2017-06-30,29.2,$18.43,1.58,$5.68,5.14,$5.65,5.16,$1.60,18.25,$0.82B,$1.18B,0.7,$0.01B,$0.17B,0.08,$0.05B,$0.05B,92.31%,$0.05B,$0.02B,42.31%,$0.05B,0,0.00%,$0.05B,0,0.00%,$0.05B,$0.02B,42.31%,$0.05B,$0.02B,28.85%,$0.02B,$0.17B,8.88%,$0.02B,$0.16B,9.32%,$0.02B,$1.37B,1.10%,$0.02B,$0.19B,12.77%,$13,$1,$12,$0,$7,$9,$5,$0,$5,$1,$3,$3,$3,$0,$0,$9,9,$0.37,$0.37,$48,$0,$0,$824,$16,$519,$8,$1,$546,$1370,$1182,$14,$0,$14,$1198,$19,$129,$3,$172,$1370,$7,$2,$0,$3,$-0,$0,$0,$-0,$-0,$9,$-0,$0,$0,$4,$2,$5,$-17,$-12,$0,$-21,$-21,$0,$0,$-4,$17,$-7,$-10,$0,$-4
6,2017-03-31,28.99,$18.06,1.61,$5.62,5.16,$5.73,5.06,$1.67,17.36,$0.84B,$1.23B,0.69,$0.00B,$0.17B,0.0,$0.05B,$0.05B,92.31%,$0.05B,$0.02B,44.23%,$0.05B,0,0.00%,$0.05B,0,0.00%,$0.05B,$0.02B,44.23%,$0.05B,$0.02B,30.77%,$0.02B,$0.17B,9.50%,$0.02B,$0.16B,9.97%,$0.02B,$1.40B,1.18%,$0.02B,$0.17B,13.07%,$13,$1,$12,$0,$7,$8,$5,$0,$5,$1,$4,$4,$4,$0,$0,$9,9,$0.39,$0.39,$74,$0,$0,$841,$16,$516,$8,$11,$554,$1395,$1225,$0,$0,$0,$1227,$19,$128,$1,$168,$1395,$4,$1,$-0,$1,$0,$0,$0,$-0,$2,$6,$-0,$0,$0,$-18,$-8,$-25,$-8,$-33,$0,$-8,$-8,$0,$0,$-2,$32,$22,$-5,$0,$-2
7,2016-12-31,31.06,$17.73,1.75,$5.60,5.55,$5.77,5.39,$1.69,18.38,$0.82B,$1.20B,0.69,$0.00B,$0.17B,0.0,$0.05B,$0.05B,92.31%,$0.05B,$0.02B,44.23%,$0.05B,0,0.00%,$0.05B,0,0.00%,$0.05B,$0.02B,44.23%,$0.05B,$0.02B,30.77%,$0.02B,$0.17B,9.54%,$0.02B,$0.16B,10.00%,$0.02B,$1.37B,1.19%,$0.02B,$0.17B,13.12%,$13,$1,$12,$0,$6,$7,$6,$0,$6,$2,$4,$4,$4,$0,$0,$9,9,$0.43,$0.43,$61,$0,$0,$821,$16,$516,$8,$1,$545,$1366,$1199,$0,$0,$0,$1201,$19,$126,$-1,$165,$1366,$16,$5,$0,$5,$0,$0,$0,$0,$1,$21,$1,$-0,$0,$-5,$12,$8,$-51,$-43,$-4,$4,$0,$0,$0,$-8,$35,$28,$5,$0,$-8
8,2016-09-30,25.84,$18.34,1.41,$5.59,4.63,$6.10,4.24,$1.68,15.38,$0.80B,$1.17B,0.68,$0.00B,$0.17B,0.0,$0.05B,$0.05B,92.31%,$0.05B,$0.02B,42.31%,$0.05B,0,0.00%,$0.05B,0,0.00%,$0.05B,$0.02B,42.31%,$0.05B,$0.02B,30.77%,$0.02B,$0.17B,9.60%,$0.02B,$0.16B,10.06%,$0.02B,$1.34B,1.20%,$0.02B,$0.17B,12.63%,$13,$1,$12,$0,$6,$7,$6,$0,$6,$2,$4,$4,$4,$0,$0,$9,9,$0.41,$0.41,$47,$0,$0,$797,$16,$518,$8,$1,$543,$1340,$1167,$0,$0,$1,$1170,$19,$124,$7,$171,$1340,$12,$3,$0,$4,$-1,$0,$0,$0,$-1,$15,$1,$0,$0,$1,$24,$25,$-39,$-14,$0,$15,$15,$0,$0,$-6,$-12,$-3,$-3,$0,$-6
9,2016-06-30,24.86,$18.27,1.36,$5.55,4.48,$6.50,3.83,$1.71,14.54,$0.77B,$1.13B,0.69,$0.03B,$0.17B,0.18,$0.05B,$0.05B,92.31%,$0.05B,$0.02B,42.31%,$0.05B,0,0.00%,$0.05B,0,0.00%,$0.05B,$0.02B,42.31%,$0.05B,$0.02B,30.77%,$0.02B,$0.17B,9.76%,$0.02B,$0.16B,10.24%,$0.02B,$1.33B,1.20%,$0.02B,$0.20B,12.83%,$13,$1,$12,$0,$6,$7,$6,$0,$6,$2,$4,$4,$4,$0,$0,$9,9,$0.44,$0.44,$52,$0,$0,$774,$17,$529,$8,$2,$555,$1329,$1126,$30,$0,$31,$1159,$19,$122,$8,$170,$1329,$8,$2,$-0,$2,$-1,$0,$0,$0,$-0,$10,$0,$0,$0,$-4,$15,$11,$-12,$-1,$0,$-0,$-0,$0,$0,$-4,$-9,$-13,$-4,$0,$-4
10,2016-03-31,22.77,$17.77,1.28,$5.59,4.07,$6.84,3.33,$1.63,13.97,$0.79B,$1.17B,0.67,$0.00B,$0.17B,0.0,$0.05B,$0.05B,92.31%,$0.05B,$0.02B,40.38%,$0.05B,0,0.00%,$0.05B,0,0.00%,$0.05B,$0.02B,40.38%,$0.05B,$0.02B,28.85%,$0.02B,$0.17B,9.33%,$0.02B,$0.16B,9.82%,$0.02B,$1.34B,1.13%,$0.02B,$0.17B,13.06%,$13,$1,$12,$0,$7,$8,$5,$0,$5,$2,$4,$4,$4,$0,$0,$9,9,$0.41,$0.41,$81,$0,$0,$785,$17,$523,$8,$2,$550,$1335,$1167,$0,$0,$0,$1169,$19,$120,$6,$165,$1335,$4,$1,$0,$1,$0,$0,$0,$0,$1,$6,$0,$0,$0,$-33,$18,$-15,$6,$-10,$-3,$-4,$-7,$0,$0,$-2,$10,$1,$-2,$0,$-2
11,2015-12-31,22.15,$17.32,1.28,$5.52,4.01,$6.95,3.19,$1.61,13.76,$0.76B,$1.16B,0.65,$0.00B,$0.16B,0.0,$0.05B,$0.05B,92.16%,$0.05B,$0.02B,41.18%,$0.05B,0,0.00%,$0.05B,0,0.00%,$0.05B,$0.02B,41.18%,$0.05B,$0.02B,29.41%,$0.02B,$0.16B,9.42%,$0.02B,$0.15B,9.95%,$0.02B,$1.33B,1.12%,$0.02B,$0.16B,13.19%,$13,$1,$12,$0,$6,$8,$5,$0,$5,$2,$4,$4,$4,$0,$0,$9,9,$0.42,$0.42,$51,$0,$0,$760,$17,$538,$8,$2,$566,$1327,$1164,$0,$0,$0,$1165,$19,$118,$3,$161,$1327,$15,$5,$3,$8,$0,$0,$0,$0,$-0,$23,$3,$0,$0,$4,$0,$5,$-42,$-34,$-6,$3,$-3,$0,$0,$-7,$22,$12,$0,$0,$-7
12,2015-09-30,20.75,$17.23,1.2,$5.57,3.72,$6.37,3.26,$1.53,13.56,$0.77B,$1.18B,0.65,$0.00B,$0.16B,0.0,$0.05B,$0.05B,90.38%,$0.05B,$0.02B,38.46%,$0.05B,0,0.00%,$0.05B,0,0.00%,$0.05B,$0.02B,38.46%,$0.05B,$0.01B,26.92%,$0.01B,$0.16B,8.87%,$0.01B,$0.15B,9.40%,$0.01B,$1.34B,1.05%,$0.02B,$0.16B,12.40%,$13,$1,$12,$0,$6,$7,$6,$0,$6,$2,$4,$4,$4,$0,$0,$9,9,$0.44,$0.44,$66,$0,$0,$766,$17,$546,$8,$4,$577,$1343,$1181,$0,$0,$0,$1183,$19,$116,$5,$160,$1343,$11,$4,$1,$5,$-0,$0,$0,$0,$-0,$16,$3,$0,$0,$-9,$-6,$-14,$-33,$-44,$0,$27,$27,$0,$0,$-5,$9,$31,$2,$0,$-5
13,2015-06-30,22.52,$16.82,1.34,$5.48,4.11,$5.90,3.82,$1.49,15.12,$0.74B,$1.16B,0.64,$0.00B,$0.16B,0.0,$0.05B,$0.05B,90.20%,$0.05B,$0.02B,37.25%,$0.05B,0,0.00%,$0.05B,0,0.00%,$0.05B,$0.02B,37.25%,$0.05B,$0.01B,27.45%,$0.01B,$0.16B,8.96%,$0.01B,$0.15B,9.51%,$0.01B,$1.32B,1.06%,$0.02B,$0.16B,11.66%,$13,$1,$12,$0,$8,$9,$5,$0,$5,$1,$3,$3,$3,$0,$0,$9,9,$0.36,$0.36,$56,$0,$0,$741,$16,$547,$8,$6,$581,$1322,$1164,$0,$0,$0,$1166,$19,$114,$3,$157,$1322,$7,$2,$1,$4,$0,$0,$0,$-0,$-0,$11,$2,$0,$0,$2,$-8,$-6,$-20,$-24,$0,$-8,$-8,$0,$0,$-4,$27,$16,$3,$0,$-4
14,2015-03-31,22.13,$17.04,1.3,$5.33,4.15,$5.75,3.85,$1.54,14.37,$0.76B,$1.18B,0.64,$0.00B,$0.16B,0.0,$0.05B,$0.05B,90.00%,$0.05B,$0.02B,38.00%,$0.05B,0,0.00%,$0.05B,0,0.00%,$0.05B,$0.02B,38.00%,$0.05B,$0.02B,30.00%,$0.02B,$0.16B,9.68%,$0.02B,$0.15B,10.22%,$0.02B,$1.35B,1.16%,$0.02B,$0.16B,11.39%,$12,$1,$11,$0,$6,$7,$5,$0,$5,$1,$4,$4,$4,$0,$0,$9,9,$0.39,$0.39,$87,$0,$0,$756,$16,$555,$8,$9,$589,$1345,$1184,$0,$0,$0,$1186,$19,$112,$7,$159,$1345,$4,$1,$0,$1,$0,$0,$0,$-0,$2,$7,$1,$0,$0,$-31,$-10,$-40,$-2,$-42,$-0,$8,$7,$0,$0,$-2,$31,$36,$1,$0,$-2
15,2014-12-31,22.92,$16.61,1.38,$5.39,4.25,$5.83,3.93,$1.64,13.98,$0.72B,$1.13B,0.64,$0.01B,$0.16B,0.09,$0.05B,$0.05B,90.20%,$0.05B,$0.02B,39.22%,$0.05B,0,0.00%,$0.05B,0,0.00%,$0.05B,$0.02B,39.22%,$0.05B,$0.02B,31.37%,$0.02B,$0.16B,10.53%,$0.02B,$0.15B,11.07%,$0.02B,$1.30B,1.26%,$0.02B,$0.17B,11.85%,$14,$1,$12,$0,$8,$9,$4,$0,$4,$1,$3,$3,$3,$0,$0,$9,9,$0.34,$0.34,$55,$0,$0,$722,$16,$543,$8,$10,$579,$1301,$1130,$14,$0,$14,$1146,$19,$111,$4,$155,$1301,$15,$5,$-0,$5,$-0,$0,$0,$0,$-1,$20,$0,$0,$16,$-2,$51,$49,$-50,$16,$3,$9,$12,$0,$0,$-7,$-41,$-36,$-1,$0,$-7
16,2014-09-30,19.61,$16.54,1.19,$5.22,3.76,$6.24,3.14,$1.66,11.81,$0.69B,$1.13B,0.61,$0.01B,$0.15B,0.08,$0.05B,$0.05B,91.84%,$0.05B,$0.02B,42.86%,$0.05B,0,0.00%,$0.05B,0,0.00%,$0.05B,$0.02B,42.86%,$0.05B,$0.02B,32.65%,$0.02B,$0.15B,10.76%,$0.02B,$0.15B,11.29%,$0.02B,$1.30B,1.27%,$0.02B,$0.17B,12.96%,$12,$1,$11,$0,$6,$7,$5,$0,$5,$1,$4,$4,$4,$0,$0,$9,9,$0.40,$0.40,$67,$0,$0,$692,$16,$568,$9,$12,$606,$1298,$1130,$13,$0,$13,$1144,$19,$109,$5,$154,$1298,$12,$4,$-1,$3,$-0,$0,$0,$-0,$-1,$14,$0,$0,$16,$-12,$27,$15,$-7,$25,$0,$21,$21,$0,$0,$-5,$-54,$-38,$1,$0,$-5
17,2014-06-30,20.14,$16.36,1.23,$5.18,3.89,$6.63,3.04,$1.66,12.13,$0.61B,$1.06B,0.57,$0.02B,$0.15B,0.13,$0.05B,$0.04B,89.80%,$0.05B,$0.02B,42.86%,$0.05B,0,0.00%,$0.05B,0,0.00%,$0.05B,$0.02B,42.86%,$0.05B,$0.02B,32.65%,$0.02B,$0.15B,11.00%,$0.02B,$0.15B,11.49%,$0.02B,$1.24B,1.30%,$0.02B,$0.17B,13.08%,$12,$1,$11,$0,$5,$7,$5,$0,$5,$1,$4,$4,$4,$0,$0,$9,9,$0.41,$0.41,$50,$0,$0,$608,$11,$599,$7,$10,$628,$1236,$1062,$20,$0,$20,$1083,$19,$107,$6,$152,$1236,$8,$3,$-1,$2,$-0,$0,$0,$-0,$-0,$10,$2,$0,$0,$-3,$-13,$-16,$14,$0,$0,$21,$21,$0,$0,$-3,$-29,$-11,$-1,$0,$-3
18,2014-03-31,19.02,$15.81,1.2,$5.13,3.71,$6.72,2.83,$1.60,11.89,$0.63B,$1.09B,0.58,$0.02B,$0.15B,0.14,$0.05B,$0.04B,89.58%,$0.05B,$0.02B,41.67%,$0.05B,0,0.00%,$0.05B,0,0.00%,$0.05B,$0.02B,41.67%,$0.05B,$0.02B,31.25%,$0.02B,$0.15B,10.60%,$0.02B,$0.14B,11.09%,$0.02B,$1.26B,1.22%,$0.02B,$0.17B,13.20%,$13,$1,$12,$0,$5,$7,$6,$0,$6,$2,$5,$5,$5,$0,$0,$9,9,$0.49,$0.49,$71,$0,$0,$627,$11,$601,$7,$10,$631,$1258,$1089,$20,$0,$20,$1111,$19,$105,$3,$147,$1258,$5,$1,$-1,$1,$0,$0,$0,$-0,$1,$7,$2,$0,$0,$-17,$-18,$-35,$16,$-17,$-0,$2,$2,$0,$0,$-1,$16,$17,$6,$0,$-1
19,2013-12-31,19.19,$15.26,1.26,$4.96,3.87,$6.53,2.94,$1.50,12.79,$0.62B,$1.09B,0.57,$0.00B,$0.14B,0.0,$0.05B,$0.04B,89.13%,$0.05B,$0.02B,41.30%,$0.05B,0,0.00%,$0.05B,0,0.00%,$0.05B,$0.02B,41.30%,$0.05B,$0.01B,30.43%,$0.01B,$0.14B,9.91%,$0.01B,$0.14B,10.39%,$0.01B,$1.23B,1.14%,$0.02B,$0.14B,12.99%,$12,$1,$11,$0,$6,$7,$5,$0,$5,$1,$3,$3,$3,$0,$0,$9,9,$0.36,$0.36,$48,$0,$0,$620,$12,$580,$7,$9,$613,$1233,$1089,$0,$0,$0,$1091,$19,$102,$0,$142,$1233,$14,$7,$0,$7,$1,$0,$0,$2,$2,$24,$0,$0,$0,$21,$-14,$7,$-55,$-48,$-0,$13,$12,$0,$0,$-6,$7,$14,$-11,$0,$-6
20,2013-09-30,19.07,$15.18,1.26,$4.89,3.9,$6.39,2.98,$1.51,12.63,$0.60B,$1.05B,0.57,$0.02B,$0.14B,0.14,$0.05B,$0.04B,88.89%,$0.05B,$0.02B,42.22%,$0.05B,0,0.00%,$0.05B,0,0.00%,$0.05B,$0.02B,42.22%,$0.05B,$0.01B,31.11%,$0.01B,$0.14B,9.86%,$0.01B,$0.14B,10.33%,$0.01B,$1.21B,1.14%,$0.02B,$0.16B,12.22%,$12,$1,$10,$0,$5,$7,$5,$0,$5,$1,$4,$4,$4,$0,$0,$9,9,$0.40,$0.40,$60,$0,$0,$597,$12,$583,$7,$10,$616,$1213,$1050,$20,$0,$20,$1072,$19,$100,$2,$141,$1213,$11,$6,$0,$6,$0,$0,$0,$2,$2,$18,$0,$0,$0,$10,$-15,$-4,$-19,$-23,$2,$26,$28,$0,$0,$-4,$-28,$-4,$-9,$0,$-4
21,2013-06-30,19.23,$14.65,1.31,$4.91,3.92,$5.60,3.43,$1.52,12.65,$0.57B,$1.07B,0.53,$0.00B,$0.14B,0.0,$0.05B,$0.04B,88.89%,$0.05B,$0.02B,42.22%,$0.05B,0,0.00%,$0.05B,0,0.00%,$0.05B,$0.02B,42.22%,$0.05B,$0.01B,31.11%,$0.01B,$0.14B,9.81%,$0.01B,$0.13B,10.29%,$0.01B,$1.21B,1.16%,$0.02B,$0.14B,12.26%,$11,$1,$10,$0,$6,$7,$4,$0,$4,$1,$3,$3,$3,$0,$0,$9,9,$0.35,$0.35,$56,$0,$0,$570,$12,$602,$7,$10,$637,$1207,$1069,$0,$0,$0,$1071,$19,$98,$-1,$136,$1207,$7,$1,$3,$4,$-0,$0,$0,$2,$2,$12,$0,$0,$0,$8,$-37,$-28,$4,$-24,$2,$2,$4,$0,$0,$-3,$-4,$-4,$-15,$0,$-3
22,2013-03-31,17.49,$15.66,1.12,$4.90,3.57,$5.38,3.25,$1.53,11.43,$0.62B,$1.11B,0.56,$0.00B,$0.15B,0.0,$0.05B,$0.04B,88.89%,$0.05B,$0.02B,42.22%,$0.05B,0,0.00%,$0.05B,0,0.00%,$0.05B,$0.02B,42.22%,$0.05B,$0.01B,31.11%,$0.01B,$0.15B,9.74%,$0.01B,$0.14B,10.24%,$0.01B,$1.26B,1.17%,$0.02B,$0.15B,12.18%,$11,$1,$10,$0,$5,$6,$5,$0,$5,$1,$4,$4,$4,$0,$0,$9,9,$0.39,$0.39,$99,$0,$0,$615,$12,$608,$7,$12,$639,$1255,$1106,$0,$0,$1,$1109,$19,$96,$10,$146,$1255,$4,$2,$-0,$2,$-0,$0,$0,$-0,$1,$6,$0,$0,$0,$-31,$-23,$-55,$2,$-52,$-2,$8,$6,$0,$0,$-1,$30,$34,$-12,$0,$-1
23,2012-12-31,18.23,$15.54,1.17,$4.89,3.73,$5.35,3.41,$1.52,11.99,$0.60B,$1.04B,0.58,$0.04B,$0.15B,0.24,$0.05B,$0.04B,88.89%,$0.05B,$0.02B,42.22%,$0.05B,0,0.00%,$0.05B,0,0.00%,$0.05B,$0.02B,42.22%,$0.05B,$0.01B,31.11%,$0.01B,$0.15B,9.89%,$0.01B,$0.14B,10.28%,$0.01B,$1.22B,1.21%,$0.02B,$0.18B,11.69%,$11,$1,$10,$0,$5,$7,$5,$0,$5,$1,$3,$3,$3,$0,$0,$9,9,$0.37,$0.37,$79,$0,$0,$598,$12,$588,$7,$12,$620,$1218,$1035,$35,$0,$36,$1073,$19,$94,$11,$145,$1218,$14,$7,$-0,$7,$0,$0,$0,$1,$1,$22,$0,$0,$44,$-11,$-84,$-95,$-27,$-77,$-1,$-15,$-15,$0,$0,$-5,$87,$67,$12,$0,$-5
24,2012-09-30,17.22,$15.47,1.11,$4.85,3.55,$5.28,3.26,$1.54,11.18,$0.56B,$1.01B,0.55,$0.02B,$0.14B,0.1,$0.05B,$0.04B,86.67%,$0.05B,$0.02B,42.22%,$0.05B,0,0.00%,$0.05B,0,0.00%,$0.05B,$0.02B,42.22%,$0.05B,$0.02B,33.33%,$0.02B,$0.14B,10.79%,$0.02B,$0.14B,11.07%,$0.02B,$1.17B,1.35%,$0.02B,$0.16B,12.14%,$12,$1,$10,$0,$5,$6,$5,$0,$5,$1,$4,$4,$4,$0,$0,$9,9,$0.41,$0.41,$59,$0,$0,$557,$12,$574,$7,$18,$611,$1168,$1005,$15,$0,$17,$1024,$19,$92,$12,$144,$1168,$11,$5,$-0,$5,$-0,$0,$0,$-5,$-6,$10,$0,$0,$44,$-2,$-65,$-67,$-5,$-27,$0,$-3,$-3,$0,$0,$-4,$25,$18,$1,$0,$-4
25,2012-06-30,18.87,$15.04,1.25,$4.80,3.93,$5.70,3.31,$1.51,12.49,$0.57B,$1.02B,0.56,$0.00B,$0.14B,0.0,$0.04B,$0.04B,88.64%,$0.04B,$0.02B,43.18%,$0.04B,0,0.00%,$0.04B,0,0.00%,$0.04B,$0.02B,43.18%,$0.04B,$0.02B,34.09%,$0.02B,$0.14B,10.99%,$0.02B,$0.13B,11.13%,$0.02B,$1.16B,1.39%,$0.02B,$0.14B,11.88%,$11,$1,$10,$0,$6,$7,$4,$0,$4,$1,$3,$3,$3,$0,$0,$9,9,$0.36,$0.36,$70,$0,$0,$566,$12,$561,$7,$12,$592,$1158,$1015,$0,$0,$2,$1018,$19,$90,$11,$140,$1158,$7,$3,$-0,$3,$-1,$0,$0,$0,$-0,$10,$1,$0,$44,$-13,$-53,$-66,$-3,$-24,$0,$-11,$-11,$0,$0,$-3,$28,$14,$-0,$0,$-3
26,2012-03-31,19.4,$14.73,1.32,$4.77,4.07,$5.67,3.42,$1.49,13.02,$0.55B,$0.92B,0.59,$0.04B,$0.14B,0.25,$0.04B,$0.04B,86.36%,$0.04B,$0.02B,43.18%,$0.04B,0,0.00%,$0.04B,0,0.00%,$0.04B,$0.02B,43.18%,$0.04B,$0.02B,34.09%,$0.02B,$0.14B,11.19%,$0.02B,$0.14B,11.19%,$0.02B,$1.10B,1.45%,$0.02B,$0.17B,11.41%,$11,$1,$10,$0,$5,$6,$5,$0,$5,$1,$4,$4,$4,$0,$0,$9,9,$0.38,$0.38,$93,$0,$0,$545,$11,$526,$0,$13,$550,$1095,$921,$35,$0,$36,$958,$19,$88,$10,$137,$1095,$4,$2,$-0,$1,$-0,$0,$0,$0,$1,$6,$-0,$0,$0,$-38,$-18,$-56,$-6,$-61,$-6,$0,$-6,$0,$0,$-1,$61,$54,$-2,$0,$-1
27,2011-12-31,15.8,$14.45,1.09,$4.74,3.34,$5.58,2.83,$1.48,10.67,$0.50B,$0.88B,0.57,$0.02B,$0.14B,0.15,$0.04B,$0.04B,84.09%,$0.04B,$0.02B,43.18%,$0.04B,0,0.00%,$0.04B,0,0.00%,$0.04B,$0.02B,43.18%,$0.04B,$0.01B,31.82%,$0.01B,$0.14B,10.69%,$0.01B,$0.14B,10.69%,$0.01B,$1.04B,1.38%,$0.02B,$0.16B,11.60%,$11,$2,$9,$0,$5,$6,$5,$0,$5,$1,$4,$4,$4,$0,$0,$9,9,$0.39,$0.39,$57,$0,$0,$503,$11,$509,$0,$13,$533,$1036,$879,$20,$0,$21,$901,$19,$86,$9,$135,$1036,$14,$6,$0,$6,$1,$0,$0,$1,$1,$21,$1,$0,$0,$-12,$-33,$-44,$-21,$-65,$-2,$-15,$-17,$-2,$-2,$-5,$75,$51,$7,$0,$-5
28,2011-09-30,12.58,$14.25,0.88,$4.68,2.69,$5.11,2.46,$1.41,8.92,$0.50B,$0.85B,0.59,$0.04B,$0.13B,0.29,$0.04B,$0.04B,84.09%,$0.04B,$0.02B,40.91%,$0.04B,0,0.00%,$0.04B,0,0.00%,$0.04B,$0.02B,40.91%,$0.04B,$0.01B,29.55%,$0.01B,$0.13B,10.20%,$0.01B,$0.13B,10.20%,$0.01B,$1.02B,1.30%,$0.02B,$0.17B,10.94%,$11,$2,$10,$0,$5,$7,$5,$0,$5,$1,$4,$4,$4,$0,$0,$9,9,$0.38,$0.38,$58,$0,$0,$495,$11,$500,$0,$14,$526,$1020,$845,$39,$0,$40,$887,$19,$83,$10,$134,$1020,$10,$4,$0,$5,$1,$0,$0,$-0,$-0,$15,$0,$0,$0,$-12,$-22,$-35,$-11,$-45,$2,$-16,$-13,$-1,$-1,$-3,$56,$38,$8,$0,$-3
29,2011-06-30,14.51,$13.84,1.05,$4.66,3.11,$4.79,3.03,$1.41,10.29,$0.48B,$0.83B,0.57,$0.04B,$0.13B,0.28,$0.04B,$0.04B,81.82%,$0.04B,$0.02B,40.91%,$0.04B,0,0.00%,$0.04B,0,0.00%,$0.04B,$0.02B,40.91%,$0.04B,$0.01B,29.55%,$0.01B,$0.13B,10.42%,$0.01B,$0.13B,10.42%,$0.01B,$1.00B,1.34%,$0.02B,$0.17B,11.16%,$11,$2,$9,$0,$5,$7,$4,$0,$4,$1,$3,$3,$3,$0,$0,$9,9,$0.34,$0.34,$46,$0,$0,$478,$11,$496,$0,$14,$522,$1001,$833,$36,$0,$36,$870,$19,$81,$8,$130,$1001,$7,$3,$-0,$3,$0,$0,$0,$0,$1,$10,$0,$0,$0,$-6,$-20,$-27,$-8,$-34,$-1,$-9,$-10,$-0,$-0,$-2,$38,$26,$2,$0,$-2
30,2011-03-31,15.15,$13.22,1.15,$4.63,3.27,$4.50,3.36,$1.40,10.82,$0.48B,$0.84B,0.57,$0.04B,$0.13B,0.29,$0.04B,$0.04B,81.82%,$0.04B,$0.02B,40.91%,$0.04B,0,0.00%,$0.04B,0,0.00%,$0.04B,$0.02B,40.91%,$0.04B,$0.01B,29.55%,$0.01B,$0.13B,10.66%,$0.01B,$0.13B,10.66%,$0.01B,$1.00B,1.36%,$0.02B,$0.16B,11.32%,$11,$2,$9,$0,$5,$6,$5,$0,$5,$1,$3,$3,$3,$0,$0,$9,9,$0.37,$0.37,$56,$0,$0,$480,$11,$494,$0,$15,$523,$1004,$842,$36,$0,$36,$879,$19,$79,$4,$125,$1004,$3,$1,$-0,$1,$1,$0,$0,$-1,$1,$5,$0,$0,$0,$-15,$-23,$-38,$1,$-37,$-1,$1,$0,$0,$0,$-1,$36,$35,$3,$0,$-1
31,2010-12-31,17.08,$12.87,1.33,$4.68,3.65,$4.28,3.99,$1.38,12.38,$0.46B,$0.80B,0.58,$0.04B,$0.12B,0.3,$0.04B,$0.04B,81.82%,$0.04B,$0.02B,38.64%,$0.04B,0,0.00%,$0.04B,0,0.00%,$0.04B,$0.02B,38.64%,$0.04B,$0.01B,29.55%,$0.01B,$0.12B,10.88%,$0.01B,$0.12B,10.88%,$0.01B,$0.96B,1.39%,$0.02B,$0.16B,10.81%,$11,$2,$9,$0,$5,$6,$4,$0,$4,$1,$3,$3,$3,$0,$0,$9,9,$0.31,$0.31,$38,$0,$0,$464,$12,$470,$0,$14,$499,$963,$804,$37,$0,$37,$842,$19,$77,$3,$121,$963,$13,$4,$0,$4,$-1,$0,$0,$1,$-0,$17,$1,$0,$0,$3,$-53,$-51,$-4,$-54,$0,$16,$17,$0,$0,$-4,$22,$34,$-3,$0,$-4
32,2010-09-30,15.63,$13.06,1.2,$4.74,3.3,$3.75,4.17,$1.23,12.71,$0.45B,$0.76B,0.6,$0.04B,$0.12B,0.3,$0.04B,$0.04B,81.82%,$0.04B,$0.02B,34.09%,$0.04B,0,0.00%,$0.04B,0,0.00%,$0.04B,$0.02B,34.09%,$0.04B,$0.01B,27.27%,$0.01B,$0.12B,10.23%,$0.01B,$0.12B,10.23%,$0.01B,$0.92B,1.30%,$0.02B,$0.16B,9.68%,$11,$2,$9,$0,$5,$6,$5,$0,$5,$1,$4,$4,$4,$0,$0,$9,9,$0.38,$0.38,$43,$0,$0,$452,$12,$437,$0,$15,$465,$917,$756,$37,$0,$37,$794,$19,$75,$7,$123,$917,$10,$3,$0,$3,$-1,$0,$0,$1,$-2,$11,$1,$0,$0,$-3,$-13,$-17,$14,$-2,$0,$7,$7,$0,$0,$-3,$-17,$-13,$-4,$0,$-3
33,2010-06-30,15.23,$12.58,1.21,$4.81,3.17,$3.14,4.86,$1.12,13.6,$0.46B,$0.77B,0.6,$0.04B,$0.12B,0.32,$0.05B,$0.04B,80.00%,$0.05B,$0.01B,28.89%,$0.05B,0,0.00%,$0.05B,0,0.00%,$0.05B,$0.01B,28.89%,$0.05B,$0.01B,24.44%,$0.01B,$0.12B,9.59%,$0.01B,$0.12B,9.59%,$0.01B,$0.93B,1.21%,$0.01B,$0.16B,8.50%,$11,$2,$9,$0,$5,$7,$4,$0,$4,$1,$3,$3,$3,$0,$0,$9,9,$0.33,$0.33,$42,$0,$0,$461,$12,$437,$0,$15,$466,$927,$769,$39,$0,$39,$808,$19,$72,$5,$119,$927,$6,$2,$-0,$2,$-1,$0,$0,$1,$-1,$7,$0,$0,$0,$-1,$-16,$-16,$4,$-12,$2,$10,$12,$0,$0,$-2,$-7,$3,$-2,$0,$-2
34,2010-03-31,15.54,$12.23,1.27,$4.87,3.19,$3.34,4.66,$1.05,14.8,$0.48B,$0.77B,0.62,$0.04B,$0.12B,0.33,$0.05B,$0.04B,78.26%,$0.05B,$0.01B,26.09%,$0.05B,0,0.00%,$0.05B,0,0.00%,$0.05B,$0.01B,26.09%,$0.05B,$0.01B,21.74%,$0.01B,$0.12B,8.95%,$0.01B,$0.12B,8.95%,$0.01B,$0.93B,1.11%,$0.01B,$0.15B,7.96%,$11,$2,$9,$0,$5,$7,$4,$0,$4,$1,$3,$3,$3,$0,$0,$9,9,$0.35,$0.35,$60,$0,$0,$477,$12,$419,$0,$16,$450,$926,$771,$39,$0,$39,$811,$19,$70,$4,$115,$926,$3,$1,$-0,$1,$-1,$0,$0,$0,$-1,$3,$0,$0,$0,$-9,$1,$-9,$6,$-3,$6,$-0,$6,$0,$0,$-1,$1,$6,$7,$0,$-1
35,2009-12-31,16.27,$11.91,1.37,$4.84,3.36,$3.66,4.45,$0.96,16.95,$0.47B,$0.77B,0.61,$0.04B,$0.11B,0.33,$0.05B,$0.04B,76.09%,$0.05B,$0.01B,23.91%,$0.05B,0,0.00%,$0.05B,0,0.00%,$0.05B,$0.01B,23.91%,$0.05B,$0.01B,19.57%,$0.01B,$0.11B,8.26%,$0.01B,$0.11B,8.26%,$0.01B,$0.92B,1.01%,$0.01B,$0.15B,7.41%,$11,$2,$9,$0,$7,$9,$2,$0,$2,$0,$2,$2,$2,$0,$0,$9,9,$0.16,$0.16,$44,$0,$0,$466,$12,$419,$0,$15,$450,$916,$766,$37,$0,$37,$803,$19,$68,$3,$112,$916,$9,$2,$4,$6,$0,$0,$0,$-4,$-4,$11,$1,$0,$0,$2,$-100,$-98,$34,$-63,$-7,$1,$-6,$0,$0,$-5,$57,$46,$-6,$0,$-5
36,2009-09-30,18.5,$11.97,1.55,$4.78,3.87,$3.73,4.96,$0.96,19.27,$0.47B,$0.73B,0.65,$0.04B,$0.11B,0.35,$0.05B,$0.03B,71.74%,$0.05B,$0.01B,23.91%,$0.05B,0,0.00%,$0.05B,0,0.00%,$0.05B,$0.01B,23.91%,$0.05B,$0.01B,19.57%,$0.01B,$0.11B,8.41%,$0.01B,$0.11B,8.41%,$0.01B,$0.88B,1.03%,$0.01B,$0.15B,7.43%,$12,$2,$9,$0,$6,$9,$3,$0,$3,$1,$3,$3,$3,$0,$0,$9,9,$0.27,$0.27,$49,$0,$0,$474,$12,$373,$0,$20,$407,$881,$728,$40,$0,$40,$768,$19,$67,$4,$113,$881,$7,$1,$3,$4,$-0,$0,$0,$-6,$-6,$5,$1,$0,$0,$-5,$-52,$-58,$33,$-24,$-4,$6,$2,$0,$0,$-5,$14,$11,$-7,$0,$-5
37,2009-06-30,18.66,$11.38,1.64,$4.27,4.37,$4.13,4.52,$0.69,27.04,$0.48B,$0.74B,0.66,$0.04B,$0.11B,0.38,$0.04B,$0.03B,65.85%,$0.04B,$0.01B,17.07%,$0.04B,0,0.00%,$0.04B,0,0.00%,$0.04B,$0.01B,17.07%,$0.04B,$0.01B,14.63%,$0.01B,$0.11B,5.73%,$0.01B,$0.11B,5.73%,$0.01B,$0.88B,0.69%,$0.01B,$0.15B,4.80%,$12,$3,$9,$0,$6,$9,$3,$0,$3,$1,$2,$2,$2,$0,$0,$9,9,$0.26,$0.26,$53,$0,$0,$484,$12,$370,$0,$14,$400,$884,$735,$41,$0,$41,$777,$19,$65,$0,$107,$884,$5,$1,$3,$4,$-2,$0,$0,$0,$1,$9,$1,$0,$0,$-10,$-56,$-67,$29,$-37,$-3,$7,$4,$0,$0,$-4,$19,$20,$-9,$0,$-4
38,2009-03-31,13.0,$11.02,1.18,$4.26,3.05,$3.85,3.38,$0.63,20.64,$0.52B,$0.73B,0.72,$0.04B,$0.10B,0.4,$0.04B,$0.03B,60.98%,$0.04B,$0.01B,14.63%,$0.04B,0,0.00%,$0.04B,0,0.00%,$0.04B,$0.01B,14.63%,$0.04B,$0.01B,14.63%,$0.01B,$0.10B,5.73%,$0.01B,$0.10B,5.73%,$0.01B,$0.87B,0.70%,$0.01B,$0.15B,4.13%,$11,$3,$8,$0,$5,$8,$3,$0,$3,$1,$2,$2,$2,$0,$0,$9,9,$0.26,$0.26,$79,$0,$0,$523,$12,$318,$0,$14,$350,$874,$727,$42,$0,$42,$770,$19,$64,$-2,$104,$874,$2,$0,$2,$2,$0,$0,$0,$1,$2,$6,$0,$0,$0,$-34,$-8,$-42,$15,$-28,$-2,$-1,$-3,$0,$0,$-3,$20,$14,$-7,$0,$-3
39,2008-12-31,19.96,$11.01,1.81,$4.51,4.43,$3.63,5.49,$0.68,29.35,$0.51B,$0.71B,0.72,$0.04B,$0.10B,0.42,$0.04B,$0.03B,58.14%,$0.04B,$0.01B,16.28%,$0.04B,0,0.00%,$0.04B,0,0.00%,$0.04B,$0.01B,16.28%,$0.04B,$0.01B,16.28%,$0.01B,$0.10B,6.54%,$0.01B,$0.10B,6.54%,$0.01B,$0.86B,0.81%,$0.01B,$0.15B,4.76%,$11,$3,$7,$0,$5,$8,$2,$0,$2,$1,$2,$2,$2,$0,$0,$9,9,$0.16,$0.19,$52,$0,$0,$512,$13,$313,$0,$14,$346,$858,$708,$44,$0,$44,$754,$19,$62,$-0,$104,$858,$6,$1,$6,$7,$-1,$0,$0,$-1,$-1,$13,$0,$0,$0,$-21,$15,$-5,$-2,$-7,$20,$9,$28,$0,$0,$-10,$-25,$-7,$-1,$0,$-10
40,2008-09-30,19.28,$11.00,1.75,$4.83,3.99,$3.17,6.08,$0.80,24.1,$0.49B,$0.70B,0.7,$0.04B,$0.10B,0.38,$0.05B,$0.03B,56.52%,$0.05B,$0.01B,19.57%,$0.05B,0,0.00%,$0.05B,0,0.00%,$0.05B,$0.01B,19.57%,$0.05B,$0.01B,17.39%,$0.01B,$0.10B,7.37%,$0.01B,$0.10B,7.37%,$0.01B,$0.85B,0.92%,$0.01B,$0.14B,6.26%,$7,$4,$3,$0,$4,$8,$-1,$0,$-1,$-1,$0,$0,$0,$0,$0,$9,9,$0.00,$0.00,$35,$0,$0,$490,$13,$323,$0,$13,$357,$846,$701,$40,$0,$40,$743,$19,$64,$-1,$104,$846,$5,$1,$3,$4,$-1,$0,$0,$-0,$0,$9,$1,$0,$0,$-1,$5,$3,$6,$10,$16,$18,$33,$0,$0,$-8,$-43,$-18,$1,$0,$-8
41,2008-06-30,12.28,$11.33,1.08,$5.57,2.21,$2.70,4.54,$1.11,11.06,$0.51B,$0.72B,0.71,$0.04B,$0.11B,0.37,$0.05B,$0.03B,58.49%,$0.05B,$0.01B,26.42%,$0.05B,0,0.00%,$0.05B,0,0.00%,$0.05B,$0.01B,26.42%,$0.05B,$0.01B,20.75%,$0.01B,$0.11B,9.95%,$0.01B,$0.11B,9.95%,$0.01B,$0.87B,1.26%,$0.01B,$0.15B,9.88%,$12,$4,$7,$0,$5,$9,$2,$0,$2,$0,$2,$2,$2,$0,$0,$9,9,$0.20,$0.20,$44,$0,$0,$511,$13,$343,$0,$2,$362,$872,$723,$40,$0,$40,$765,$19,$66,$-1,$107,$872,$5,$0,$2,$2,$-2,$0,$0,$0,$-0,$7,$0,$0,$0,$-15,$-8,$-24,$5,$-18,$16,$9,$25,$0,$0,$-5,$-11,$9,$-3,$0,$-5
42,2008-03-31,14.3,$11.93,1.2,$5.83,2.45,$2.20,6.51,$1.21,11.82,$0.53B,$0.75B,0.71,$0.04B,$0.11B,0.35,$0.06B,$0.03B,58.18%,$0.06B,$0.02B,29.09%,$0.06B,0,0.00%,$0.06B,0,0.00%,$0.06B,$0.02B,29.09%,$0.06B,$0.01B,21.82%,$0.01B,$0.11B,10.79%,$0.01B,$0.11B,10.79%,$0.01B,$0.90B,1.39%,$0.02B,$0.15B,12.01%,$13,$5,$8,$0,$4,$9,$4,$0,$4,$1,$3,$3,$3,$0,$0,$9,9,$0.31,$0.28,$61,$0,$0,$529,$13,$356,$0,$3,$372,$901,$746,$40,$0,$40,$789,$19,$67,$4,$113,$901,$3,$0,$0,$0,$-0,$0,$0,$0,$1,$4,$-0,$0,$0,$-28,$-13,$-40,$4,$-37,$16,$1,$16,$0,$0,$-3,$20,$33,$1,$0,$-3
43,2007-12-31,13.92,$11.67,1.19,$5.81,2.4,$1.95,7.15,$1.17,11.89,$0.50B,$0.73B,0.7,$0.02B,$0.11B,0.22,$0.06B,$0.03B,56.36%,$0.06B,$0.02B,27.27%,$0.06B,0,0.00%,$0.06B,0,0.00%,$0.06B,$0.02B,27.27%,$0.06B,$0.01B,21.82%,$0.01B,$0.11B,10.79%,$0.01B,$0.11B,10.79%,$0.01B,$0.86B,1.41%,$0.02B,$0.13B,12.10%,$14,$6,$8,$0,$4,$10,$4,$0,$4,$1,$3,$3,$3,$0,$0,$9,9,$0.29,$0.29,$32,$0,$0,$504,$13,$340,$0,$3,$357,$862,$725,$24,$0,$24,$752,$19,$67,$2,$110,$862,$11,$1,$-1,$-0,$0,$0,$0,$-0,$0,$11,$-2,$0,$0,$9,$10,$19,$-34,$-18,$20,$-3,$17,$0,$0,$-10,$10,$16,$10,$0,$-10
44,2007-09-30,14.34,$11.84,1.21,$5.75,2.49,$1.91,7.51,$1.17,12.26,$0.49B,$0.71B,0.69,$0.02B,$0.11B,0.21,$0.05B,$0.03B,55.56%,$0.05B,$0.01B,25.93%,$0.05B,0,0.00%,$0.05B,0,0.00%,$0.05B,$0.01B,25.93%,$0.05B,$0.01B,22.22%,$0.01B,$0.11B,10.71%,$0.01B,$0.11B,10.71%,$0.01B,$0.85B,1.42%,$0.01B,$0.14B,11.74%,$14,$6,$8,$0,$4,$10,$4,$0,$4,$1,$3,$3,$3,$0,$0,$9,9,$0.31,$0.31,$26,$0,$0,$493,$14,$341,$0,$3,$358,$851,$714,$23,$0,$23,$740,$19,$67,$4,$112,$851,$8,$1,$-1,$-1,$-0,$0,$0,$-0,$-0,$7,$-2,$0,$0,$14,$12,$26,$-29,$-5,$23,$21,$43,$0,$0,$-8,$-29,$7,$9,$0,$-8
45,2007-06-30,14.94,$11.67,1.28,$5.63,2.65,$2.03,7.34,$1.13,13.22,$0.47B,$0.73B,0.65,$0.00B,$0.11B,0.02,$0.05B,$0.03B,54.72%,$0.05B,$0.01B,24.53%,$0.05B,0,0.00%,$0.05B,0,0.00%,$0.05B,$0.01B,24.53%,$0.05B,$0.01B,22.64%,$0.01B,$0.11B,10.71%,$0.01B,$0.11B,10.71%,$0.01B,$0.84B,1.43%,$0.01B,$0.11B,11.40%,$14,$6,$8,$0,$4,$10,$4,$0,$4,$1,$3,$3,$3,$0,$0,$9,9,$0.30,$0.30,$20,$0,$0,$471,$14,$351,$0,$3,$369,$840,$725,$2,$0,$2,$730,$19,$66,$3,$110,$840,$5,$0,$-1,$-0,$-2,$0,$0,$-0,$-1,$4,$-2,$0,$0,$14,$-1,$13,$-12,$-1,$-0,$15,$15,$0,$0,$-5,$-10,$-0,$3,$0,$-5
46,2007-03-31,14.57,$11.94,1.22,$5.48,2.66,$2.38,6.12,$1.12,13.01,$0.49B,$0.74B,0.66,$0.00B,$0.11B,0.02,$0.05B,$0.03B,53.85%,$0.05B,$0.01B,25.00%,$0.05B,0,0.00%,$0.05B,0,0.00%,$0.05B,$0.01B,25.00%,$0.05B,$0.01B,23.08%,$0.01B,$0.11B,10.79%,$0.01B,$0.11B,10.79%,$0.01B,$0.86B,1.44%,$0.01B,$0.12B,11.53%,$13,$6,$7,$0,$4,$10,$3,$0,$3,$1,$3,$3,$3,$0,$0,$9,9,$0.27,$0.27,$34,$0,$0,$486,$14,$355,$0,$3,$371,$857,$739,$2,$0,$3,$745,$19,$66,$5,$113,$857,$3,$0,$-0,$-0,$0,$0,$0,$-0,$1,$3,$-1,$0,$0,$-0,$-0,$-0,$-15,$-17,$-1,$9,$9,$0,$0,$-2,$9,$16,$2,$0,$-2
47,2006-12-31,14.24,$11.98,1.19,$5.41,2.63,$2.72,5.23,$1.16,12.27,$0.47B,$0.72B,0.65,$0.00B,$0.11B,0.02,$0.05B,$0.03B,55.77%,$0.05B,$0.01B,26.92%,$0.05B,0,0.00%,$0.05B,0,0.00%,$0.05B,$0.01B,26.92%,$0.05B,$0.01B,23.08%,$0.01B,$0.11B,10.88%,$0.01B,$0.11B,10.88%,$0.01B,$0.84B,1.45%,$0.01B,$0.12B,12.58%,$13,$6,$7,$0,$4,$10,$3,$0,$3,$1,$3,$3,$3,$0,$0,$9,9,$0.29,$0.29,$31,$0,$0,$469,$13,$355,$0,$3,$370,$839,$720,$2,$0,$3,$726,$19,$66,$6,$113,$839,$11,$1,$-1,$-0,$0,$0,$0,$-1,$0,$11,$-3,$0,$0,$-8,$-16,$-25,$11,$-16,$0,$1,$1,$0,$0,$-10,$12,$3,$-2,$0,$-10
