,Date,Stock Price,Book Value per Share,Price to Book Ratio,TTM Sales per Share,Price to Sales Ratio,TTM FCF per Share,Price to FCF Ratio,TTM Net EPS,PE Ratio,Current Assets,Current Liabilities,Current Ratio,Long Term Debt,Shareholder's Equity_x,Debt to Equity Ratio,TTM Revenue_x,TTM Gross Profit,Gross Margin,TTM Revenue_y,TTM Operating Income,Operating Margin,TTM Revenue_x,TTM EBIT,EBIT Margin,TTM Revenue_y,TTM EBITDA,EBITDA Margin,TTM Revenue_x,TTM Pre-Tax Income,Pre-Tax Margin,TTM Revenue_y,TTM Net Income_x,Net Margin,TTM Net Income_y,Shareholder's Equity_y,Return on Equity,TTM Net Income_x,Tangible Equity,Return on Tangible Equity,TTM Net Income_y,Total Assets,Return on Assets,TTM Net Income,LT Investments & Debt,Return on Investment,revenue,cost-goods-sold,gross-profit,research-development-expenses,selling-general-administrative-expenses,operating-expenses,operating-income,total-non-operating-income-expense,pre-tax-income,total-provision-income-taxes,income-after-taxes,income-from-continuous-operations,net-income,ebitda,ebit,basic-shares-outstanding,shares-outstanding,eps-basic-net-earnings-per-share,eps-earnings-per-share-diluted,cash-on-hand,inventory,other-current-assets,total-current-assets,net-property-plant-equipment,long-term-investments,goodwill-intangible-assets-total,other-long-term-assets,total-long-term-assets,total-assets,total-current-liabilities,long-term-debt,other-non-current-liabilities,total-long-term-liabilities,total-liabilities,common-stock-net,retained-earnings-accumulated-deficit,comprehensive-income,total-share-holder-equity,total-liabilities-share-holders-equity,net-income-loss,total-depreciation-amortization-cash-flow,other-non-cash-items,total-non-cash-items,change-in-accounts-receivable,change-in-inventories,change-in-accounts-payable,change-in-assets-liabilities,total-change-in-assets-liabilities,cash-flow-from-operating-activities,net-change-in-property-plant-equipment,net-change-in-intangible-assets,net-acquisitions-divestitures,net-change-in-short-term-investments,net-change-in-long-term-investments,net-change-in-investments-total,investing-activities-other,cash-flow-from-investing-activities,net-long-term-debt,net-current-debt,debt-issuance-retirement-net-total,net-common-equity-issued-repurchased,net-total-equity-issued-repurchased,total-common-preferred-stock-dividends-paid,financial-activities-other,cash-flow-from-financial-activities,net-cash-flow,stock-based-compensation,common-stock-dividends-paid
0,2018-09-30,73.88,$51.95,1.42,$28.08,2.63,$-8.44,0.0,$3.87,19.09,$0.35B,$0.22B,1.62,$0.09B,$0.83B,0.11,$0.45B,$0.27B,59.65%,$0.45B,$0.09B,20.40%,$0.45B,$0.09B,20.40%,$0.45B,$0.18B,39.69%,$0.45B,$0.08B,18.63%,$0.45B,$0.06B,13.75%,$0.06B,$0.83B,7.53%,$0.06B,$0.66B,9.50%,$0.06B,$1.18B,5.19%,$0.09B,$0.92B,9.67%,$121,$48,$73,$0,$34,$90,$31,$-3,$28,$7,$21,$21,$17,$52,$31,$16,16,$1.07,$1.06,$162,$8,$97,$349,$614,$0,$170,$51,$835,$1184,$215,$87,$45,$140,$355,$0,$565,$-2,$829,$1184,$29,$65,$-7,$58,$-7,$-1,$0,$1,$11,$98,$-150,$0,$1,$0,$4,$4,$40,$-106,$-6,$0,$-6,$-9,$-9,$-23,$0,$-38,$-46,$5,$-23
1,2018-06-30,52.77,$51.35,1.03,$28.07,1.88,$-4.34,0.0,$1.28,41.23,$0.26B,$0.16B,1.68,$0.14B,$0.82B,0.17,$0.45B,$0.27B,59.51%,$0.45B,$0.04B,9.07%,$0.45B,$0.04B,9.07%,$0.45B,$0.13B,28.54%,$0.45B,$0.03B,7.52%,$0.45B,$0.02B,4.42%,$0.02B,$0.82B,2.46%,$0.02B,$0.65B,3.12%,$0.02B,$1.19B,1.68%,$0.04B,$0.96B,4.29%,$118,$47,$71,$0,$35,$102,$16,$-3,$13,$2,$11,$11,$7,$38,$16,$16,16,$0.45,$0.45,$170,$8,$0,$264,$703,$0,$170,$51,$925,$1189,$157,$140,$42,$212,$369,$0,$551,$0,$820,$1189,$8,$44,$4,$47,$-11,$1,$0,$0,$-10,$46,$-103,$0,$1,$0,$3,$3,$40,$-59,$-5,$0,$-5,$-4,$-4,$-5,$-13,$-27,$-40,$4,$-5
2,2018-03-31,59.43,$50.93,1.17,$28.29,2.1,$-1.58,0.0,$1.19,49.94,$0.30B,$0.17B,1.8,$0.14B,$0.81B,0.17,$0.46B,$0.27B,59.30%,$0.46B,$0.04B,8.97%,$0.46B,$0.04B,8.97%,$0.46B,$0.13B,28.23%,$0.46B,$0.04B,7.66%,$0.46B,$0.02B,4.16%,$0.02B,$0.81B,2.34%,$0.02B,$0.64B,2.96%,$0.02B,$1.20B,1.59%,$0.04B,$0.96B,4.28%,$104,$44,$60,$0,$34,$100,$4,$-3,$2,$4,$-2,$-2,$-6,$26,$4,$16,16,$-0.35,$-0.35,$207,$15,$0,$303,$673,$0,$171,$49,$893,$1197,$169,$141,$42,$214,$383,$0,$546,$3,$814,$1197,$-2,$22,$2,$24,$-5,$4,$0,$1,$1,$23,$-52,$0,$0,$5,$0,$5,$40,$-7,$-1,$0,$-1,$-2,$-2,$-15,$-0,$-18,$-3,$2,$-15
3,2017-12-31,54.92,$51.80,1.06,$29.65,1.85,$-0.59,0.0,$1.96,28.02,$0.34B,$0.16B,2.12,$0.15B,$0.83B,0.17,$0.48B,$0.29B,59.46%,$0.48B,$0.06B,11.43%,$0.48B,$0.06B,11.43%,$0.48B,$0.14B,29.73%,$0.48B,$0.05B,9.98%,$0.48B,$0.03B,6.65%,$0.03B,$0.83B,3.94%,$0.03B,$0.66B,4.90%,$0.03B,$1.21B,2.68%,$0.06B,$0.98B,5.74%,$108,$43,$65,$0,$34,$66,$41,$-0,$41,$-6,$47,$47,$44,$63,$41,$16,16,$2.70,$2.69,$216,$15,$0,$343,$643,$0,$172,$48,$863,$1206,$162,$145,$37,$214,$375,$0,$553,$4,$830,$1206,$49,$88,$-1,$87,$-4,$1,$0,$9,$10,$146,$-142,$-37,$20,$0,$-14,$-14,$7,$-167,$-1,$0,$-1,$-14,$-14,$-19,$-7,$-41,$-62,$7,$-19
4,2017-09-30,52.22,$49.12,1.06,$30.93,1.69,$-1.57,0.0,$-0.61,0.0,$0.34B,$0.17B,1.93,$0.15B,$0.79B,0.19,$0.50B,$0.29B,58.17%,$0.50B,$0.02B,4.78%,$0.50B,$0.02B,4.78%,$0.50B,$0.11B,22.51%,$0.50B,$0.02B,2.99%,$0.50B,$-0.01B,-1.99%,$-0.01B,$0.79B,-1.24%,$-0.01B,$0.62B,-1.52%,$-0.01B,$1.18B,-0.84%,$0.02B,$0.93B,2.52%,$122,$49,$73,$0,$35,$142,$-20,$-2,$-22,$-1,$-21,$-21,$-25,$2,$-20,$16,16,$-1.53,$-1.53,$233,$15,$0,$335,$625,$0,$172,$52,$849,$1184,$174,$146,$32,$224,$397,$0,$512,$2,$787,$1184,$2,$66,$48,$114,$-8,$-2,$0,$11,$6,$122,$-108,$-37,$21,$0,$-15,$-15,$0,$-139,$3,$0,$3,$-11,$-11,$-20,$-1,$-30,$-47,$5,$-20
5,2017-06-30,67.6,$50.63,1.34,$31.93,2.12,$-1.49,0.0,$1.36,49.71,$0.34B,$0.15B,2.27,$0.15B,$0.82B,0.18,$0.52B,$0.30B,58.00%,$0.52B,$0.07B,12.72%,$0.52B,$0.07B,12.72%,$0.52B,$0.16B,29.87%,$0.52B,$0.06B,11.18%,$0.52B,$0.02B,4.24%,$0.02B,$0.82B,2.71%,$0.02B,$0.65B,3.26%,$0.02B,$1.20B,1.85%,$0.07B,$0.97B,6.96%,$123,$50,$73,$0,$35,$107,$16,$-2,$14,$3,$11,$11,$6,$38,$16,$16,16,$0.36,$0.36,$240,$15,$0,$344,$650,$0,$172,$35,$857,$1201,$152,$150,$31,$229,$381,$0,$540,$3,$820,$1201,$22,$45,$11,$56,$-6,$-7,$0,$10,$-13,$65,$-79,$-37,$23,$0,$3,$3,$0,$-90,$3,$0,$3,$-3,$-3,$-11,$-4,$-15,$-40,$4,$-11
6,2017-03-31,69.21,$50.27,1.38,$30.55,2.27,$-0.19,0.0,$0.81,85.44,$0.38B,$0.16B,2.33,$0.14B,$0.81B,0.17,$0.50B,$0.29B,58.27%,$0.50B,$0.05B,10.48%,$0.50B,$0.05B,10.48%,$0.50B,$0.14B,27.42%,$0.50B,$0.05B,9.07%,$0.50B,$0.01B,2.62%,$0.01B,$0.81B,1.61%,$0.01B,$0.69B,1.88%,$0.01B,$1.19B,1.13%,$0.05B,$0.95B,5.65%,$128,$53,$75,$0,$33,$110,$18,$-3,$15,$3,$12,$12,$7,$40,$18,$16,16,$0.42,$0.42,$275,$15,$0,$377,$639,$0,$125,$52,$817,$1193,$162,$140,$32,$218,$379,$0,$539,$4,$814,$1193,$12,$23,$5,$27,$-6,$-2,$0,$10,$-7,$32,$-46,$0,$23,$0,$0,$0,$0,$-23,$-4,$0,$-4,$-2,$-2,$-8,$-1,$-16,$-6,$2,$-8
7,2016-12-31,78.38,$50.14,1.56,$28.20,2.78,$1.38,56.85,$0.77,101.79,$0.37B,$0.15B,2.45,$0.14B,$0.81B,0.18,$0.46B,$0.27B,58.95%,$0.46B,$0.05B,10.92%,$0.46B,$0.05B,10.92%,$0.46B,$0.13B,27.73%,$0.46B,$0.05B,9.83%,$0.46B,$0.01B,2.62%,$0.01B,$0.81B,1.51%,$0.01B,$0.68B,1.75%,$0.01B,$1.20B,1.10%,$0.05B,$0.95B,5.69%,$129,$58,$71,$0,$38,$119,$10,$-2,$8,$4,$4,$4,$2,$33,$10,$16,16,$0.12,$0.12,$279,$14,$0,$367,$648,$0,$126,$57,$831,$1198,$150,$144,$48,$239,$389,$0,$538,$2,$809,$1198,$24,$76,$-15,$62,$3,$-8,$0,$3,$26,$112,$-124,$-11,$-153,$-7,$-2,$-9,$-11,$-309,$92,$0,$92,$-7,$-7,$-21,$11,$75,$-122,$6,$-21
8,2016-09-30,63.35,$50.06,1.27,$25.41,2.49,$6.77,9.36,$0.89,71.18,$0.39B,$0.14B,2.78,$0.11B,$0.81B,0.13,$0.41B,$0.25B,59.95%,$0.41B,$0.05B,11.65%,$0.41B,$0.05B,11.65%,$0.41B,$0.12B,27.91%,$0.41B,$0.05B,10.92%,$0.41B,$0.01B,3.40%,$0.01B,$0.81B,1.78%,$0.01B,$0.68B,2.05%,$0.01B,$1.17B,1.36%,$0.05B,$0.92B,5.73%,$139,$57,$82,$0,$35,$117,$22,$-1,$21,$10,$12,$12,$7,$44,$22,$16,16,$0.44,$0.44,$289,$15,$0,$385,$619,$0,$130,$32,$781,$1166,$138,$107,$70,$220,$358,$0,$542,$-4,$808,$1166,$21,$53,$1,$55,$-2,$-9,$0,$9,$17,$92,$-77,$-11,$-152,$-7,$-2,$-9,$-28,$-278,$52,$0,$52,$-4,$-4,$-23,$22,$47,$-140,$5,$-23
9,2016-06-30,75.41,$49.87,1.51,$22.85,3.3,$10.36,7.28,$0.86,87.68,$0.44B,$0.11B,4.03,$0.05B,$0.81B,0.06,$0.37B,$0.23B,61.35%,$0.37B,$0.05B,13.24%,$0.37B,$0.05B,13.24%,$0.37B,$0.11B,29.19%,$0.37B,$0.05B,12.43%,$0.37B,$0.01B,3.78%,$0.01B,$0.81B,1.81%,$0.01B,$0.71B,2.05%,$0.01B,$1.05B,1.44%,$0.05B,$0.86B,6.08%,$100,$39,$61,$0,$27,$98,$2,$-1,$1,$3,$-2,$-2,$-3,$19,$2,$16,16,$-0.19,$-0.19,$354,$8,$0,$435,$487,$0,$95,$29,$610,$1045,$108,$51,$44,$132,$240,$0,$540,$-4,$805,$1045,$9,$31,$-1,$30,$-3,$-5,$0,$9,$12,$51,$-43,$-11,$-37,$0,$-2,$-2,$1,$-91,$-5,$0,$-5,$-2,$-2,$-15,$22,$1,$-40,$4,$-15
10,2016-03-31,73.18,$47.34,1.55,$22.25,3.29,$13.15,5.57,$1.64,44.62,$0.48B,$0.09B,5.47,$0.03B,$0.76B,0.03,$0.36B,$0.23B,62.78%,$0.36B,$0.08B,21.11%,$0.36B,$0.08B,21.11%,$0.36B,$0.13B,36.67%,$0.36B,$0.07B,20.28%,$0.36B,$0.03B,7.22%,$0.03B,$0.76B,3.41%,$0.03B,$0.67B,3.87%,$0.03B,$0.96B,2.75%,$0.08B,$0.79B,9.63%,$90,$33,$56,$0,$22,$74,$16,$-0,$15,$5,$11,$11,$6,$31,$16,$16,16,$0.38,$0.38,$392,$9,$0,$479,$375,$0,$90,$14,$479,$958,$87,$25,$36,$106,$194,$0,$548,$-4,$764,$958,$11,$15,$2,$16,$-10,$-1,$0,$6,$1,$28,$-16,$0,$0,$0,$-2,$-2,$1,$-18,$-2,$0,$-2,$-2,$-2,$-5,$-3,$-11,$-1,$2,$-5
11,2015-12-31,75.18,$47.41,1.59,$22.07,3.41,$13.77,5.46,$1.05,71.6,$0.47B,$0.08B,5.55,$0.03B,$0.76B,0.04,$0.36B,$0.22B,63.10%,$0.36B,$0.08B,22.25%,$0.36B,$0.08B,22.25%,$0.36B,$0.14B,38.03%,$0.36B,$0.06B,16.06%,$0.36B,$0.02B,4.79%,$0.02B,$0.76B,2.24%,$0.02B,$0.67B,2.55%,$0.02B,$0.95B,1.81%,$0.08B,$0.79B,10.04%,$83,$35,$48,$0,$23,$75,$8,$-0,$8,$1,$6,$6,$4,$21,$8,$16,16,$0.27,$0.27,$393,$8,$0,$468,$374,$0,$90,$13,$477,$945,$84,$27,$27,$99,$183,$0,$547,$-4,$762,$945,$33,$57,$40,$98,$12,$-1,$0,$-9,$9,$139,$-65,$0,$-12,$0,$0,$0,$45,$-32,$-6,$0,$-6,$0,$0,$-19,$-16,$-41,$66,$5,$-19
12,2015-09-30,70.76,$47.55,1.49,$22.46,3.15,$10.47,6.76,$1.58,44.79,$0.48B,$0.09B,5.4,$0.03B,$0.76B,0.04,$0.36B,$0.23B,63.71%,$0.36B,$0.09B,25.21%,$0.36B,$0.09B,25.21%,$0.36B,$0.15B,40.72%,$0.36B,$0.07B,19.11%,$0.36B,$0.03B,7.20%,$0.03B,$0.76B,3.46%,$0.03B,$0.67B,3.93%,$0.03B,$0.95B,2.79%,$0.09B,$0.79B,11.63%,$97,$35,$62,$0,$22,$74,$23,$-1,$22,$10,$12,$12,$7,$37,$23,$16,16,$0.41,$0.41,$399,$9,$0,$479,$366,$0,$90,$12,$468,$946,$89,$28,$29,$95,$183,$0,$548,$-3,$763,$946,$26,$44,$22,$66,$4,$-6,$0,$-5,$21,$113,$-40,$0,$-12,$0,$0,$0,$39,$-13,$-4,$0,$-4,$0,$0,$-14,$-10,$-29,$72,$4,$-14
13,2015-06-30,65.83,$46.20,1.43,$22.05,2.99,$6.54,10.06,$2.18,30.2,$0.47B,$0.09B,5.17,$0.03B,$0.76B,0.04,$0.35B,$0.23B,64.59%,$0.35B,$0.10B,27.20%,$0.35B,$0.10B,27.20%,$0.35B,$0.15B,42.78%,$0.35B,$0.08B,21.25%,$0.35B,$0.04B,9.92%,$0.04B,$0.76B,4.71%,$0.04B,$0.67B,5.37%,$0.04B,$0.94B,3.86%,$0.10B,$0.79B,12.53%,$90,$31,$60,$0,$19,$62,$29,$-1,$28,$13,$15,$15,$9,$43,$29,$16,16,$0.59,$0.59,$393,$10,$0,$472,$362,$0,$91,$12,$465,$937,$91,$30,$27,$88,$179,$0,$547,$-3,$758,$937,$15,$30,$20,$50,$4,$-4,$0,$-6,$17,$81,$-28,$0,$-12,$0,$0,$0,$45,$5,$-3,$0,$-3,$0,$0,$-9,$-8,$-20,$66,$3,$-9
14,2015-03-31,65.69,$46.87,1.4,$21.66,3.03,$2.44,26.91,$2.31,28.44,$0.46B,$0.09B,5.39,$0.03B,$0.75B,0.04,$0.35B,$0.22B,63.87%,$0.35B,$0.09B,25.72%,$0.35B,$0.09B,25.72%,$0.35B,$0.14B,41.33%,$0.35B,$0.07B,19.94%,$0.35B,$0.04B,10.98%,$0.04B,$0.75B,5.20%,$0.04B,$0.66B,5.93%,$0.04B,$0.93B,4.31%,$0.09B,$0.78B,11.91%,$85,$32,$54,$0,$20,$66,$19,$-21,$-1,$-0,$-1,$-1,$-3,$34,$19,$16,16,$-0.21,$-0.21,$381,$9,$0,$459,$363,$0,$91,$12,$466,$925,$85,$31,$28,$90,$175,$0,$542,$-3,$750,$925,$-0,$15,$22,$37,$5,$-1,$0,$-5,$-1,$35,$-14,$0,$-3,$0,$0,$0,$46,$29,$-1,$0,$-1,$-1,$-1,$-8,$-0,$-10,$54,$1,$-8
15,2014-12-31,63.87,$46.35,1.38,$21.01,3.04,$-0.03,0.0,$3.01,21.22,$0.45B,$0.10B,4.34,$0.03B,$0.74B,0.04,$0.34B,$0.21B,63.69%,$0.34B,$0.09B,25.60%,$0.34B,$0.09B,25.60%,$0.34B,$0.14B,40.77%,$0.34B,$0.09B,25.60%,$0.34B,$0.05B,14.58%,$0.05B,$0.74B,6.81%,$0.05B,$0.65B,7.77%,$0.05B,$0.93B,5.72%,$0.09B,$0.77B,11.81%,$89,$34,$54,$0,$19,$69,$20,$1,$20,$6,$14,$14,$13,$33,$20,$16,16,$0.79,$0.79,$366,$11,$0,$451,$370,$0,$91,$13,$474,$925,$104,$33,$20,$83,$187,$0,$550,$-3,$738,$925,$59,$51,$0,$51,$-15,$-5,$0,$-2,$-33,$78,$-57,$0,$-50,$0,$0,$0,$33,$-74,$0,$0,$0,$-1,$-1,$-34,$0,$-34,$-30,$4,$-34
16,2014-09-30,50.73,$45.55,1.11,$20.36,2.49,$-12.81,0.0,$3.35,15.14,$0.49B,$0.07B,6.84,$0.00B,$0.73B,0.0,$0.32B,$0.20B,62.65%,$0.32B,$0.08B,25.31%,$0.32B,$0.08B,25.31%,$0.32B,$0.13B,40.74%,$0.32B,$0.08B,25.31%,$0.32B,$0.05B,16.67%,$0.05B,$0.73B,7.60%,$0.05B,$0.63B,8.68%,$0.05B,$0.84B,6.43%,$0.08B,$0.73B,11.54%,$89,$30,$60,$0,$19,$61,$28,$0,$28,$10,$19,$19,$16,$41,$28,$16,16,$1.02,$1.01,$424,$9,$0,$492,$254,$0,$91,$6,$351,$843,$72,$0,$19,$46,$119,$0,$542,$-2,$725,$843,$44,$38,$0,$38,$-8,$-2,$0,$-4,$-30,$51,$-42,$0,$0,$0,$0,$0,$40,$-2,$0,$0,$0,$-1,$-1,$-13,$-8,$-22,$28,$3,$-13
17,2014-06-30,54.3,$44.68,1.22,$19.79,2.74,$-11.45,0.0,$19.77,2.75,$0.48B,$0.08B,6.28,$0.00B,$0.71B,0.0,$0.31B,$0.20B,62.42%,$0.31B,$0.07B,23.57%,$0.31B,$0.07B,23.57%,$0.31B,$0.13B,41.08%,$0.31B,$0.06B,19.43%,$0.31B,$0.31B,100.00%,$0.31B,$0.71B,44.54%,$0.31B,$0.62B,50.83%,$0.31B,$0.83B,34.82%,$0.07B,$0.71B,10.50%,$83,$30,$53,$0,$18,$62,$22,$0,$22,$7,$14,$14,$12,$35,$22,$16,16,$0.72,$0.72,$408,$9,$0,$484,$253,$0,$87,$6,$347,$831,$77,$0,$17,$42,$119,$0,$530,$-2,$712,$831,$25,$25,$-1,$24,$-7,$-3,$0,$-2,$-37,$12,$-25,$0,$0,$0,$0,$0,$21,$-5,$0,$0,$0,$-1,$-1,$-9,$-6,$-15,$-8,$2,$-9
18,2014-03-31,61.41,$44.30,1.39,$19.12,3.21,$-10.81,0.0,$19.61,3.13,$0.48B,$0.08B,5.95,$0.00B,$0.71B,0.0,$0.30B,$0.19B,62.38%,$0.30B,$0.07B,22.44%,$0.30B,$0.07B,22.44%,$0.30B,$0.12B,40.26%,$0.30B,$0.05B,17.16%,$0.30B,$0.31B,102.64%,$0.31B,$0.71B,49.40%,$0.31B,$0.62B,59.78%,$0.31B,$0.83B,33.91%,$0.07B,$0.71B,9.85%,$75,$28,$47,$0,$19,$59,$16,$-0,$16,$6,$10,$10,$8,$28,$16,$16,16,$0.50,$0.49,$412,$8,$0,$481,$252,$0,$87,$6,$345,$827,$81,$0,$15,$41,$122,$0,$523,$-2,$705,$827,$10,$12,$-0,$12,$-1,$-2,$0,$-2,$-31,$-9,$-9,$0,$0,$0,$0,$0,$21,$12,$0,$0,$0,$-1,$-1,$-6,$0,$-7,$-4,$1,$-6
19,2013-12-31,52.49,$44.25,1.19,$18.54,2.83,$-9.08,0.0,$19.68,2.67,$0.47B,$0.12B,3.9,$0.00B,$0.70B,0.0,$0.29B,$0.18B,61.77%,$0.29B,$0.06B,21.84%,$0.29B,$0.06B,21.84%,$0.29B,$0.12B,40.27%,$0.29B,$0.05B,15.70%,$0.29B,$0.31B,106.48%,$0.31B,$0.70B,56.39%,$0.31B,$0.61B,74.11%,$0.31B,$0.86B,33.28%,$0.06B,$0.70B,9.47%,$77,$34,$43,$0,$15,$61,$16,$0,$16,$-2,$18,$18,$18,$28,$16,$16,16,$1.17,$1.16,$396,$7,$0,$472,$255,$0,$87,$46,$388,$860,$121,$0,$13,$39,$160,$0,$520,$-2,$700,$860,$349,$55,$-288,$-232,$2,$-17,$0,$4,$-229,$-112,$-69,$0,$0,$0,$0,$0,$712,$643,$-272,$0,$-272,$1,$1,$-38,$-1,$-310,$220,$4,$-38
20,2013-09-30,48.14,$44.61,1.08,$18.13,2.66,$11.66,4.13,$19.39,2.48,$0.70B,$0.35B,2.03,$0.00B,$0.70B,0.0,$0.29B,$0.18B,62.59%,$0.29B,$0.07B,24.13%,$0.29B,$0.07B,24.13%,$0.29B,$0.12B,43.36%,$0.29B,$0.05B,17.48%,$0.29B,$0.31B,107.34%,$0.31B,$0.70B,64.39%,$0.31B,$0.62B,89.11%,$0.31B,$1.09B,32.31%,$0.07B,$0.70B,10.42%,$79,$26,$53,$0,$18,$59,$20,$-13,$7,$2,$5,$5,$276,$38,$20,$16,16,$17.55,$17.43,$633,$9,$0,$703,$253,$0,$87,$46,$386,$1089,$346,$0,$7,$40,$386,$0,$506,$-1,$703,$1089,$329,$43,$-276,$-233,$-4,$-3,$0,$8,$-12,$85,$-54,$0,$0,$0,$0,$0,$712,$658,$-272,$0,$-272,$0,$0,$-11,$-2,$-285,$458,$3,$-11
21,2013-06-30,45.62,$26.10,1.75,$17.81,2.56,$16.67,2.74,$2.98,15.31,$0.24B,$0.14B,1.78,$0.24B,$0.41B,0.59,$0.28B,$0.17B,61.43%,$0.28B,$0.07B,23.21%,$0.28B,$0.07B,23.21%,$0.28B,$0.09B,31.07%,$0.28B,$0.06B,20.00%,$0.28B,$0.05B,16.79%,$0.05B,$0.41B,11.85%,$0.05B,$0.23B,19.52%,$0.05B,$0.89B,5.20%,$0.07B,$0.65B,10.07%,$72,$26,$46,$0,$18,$56,$16,$-3,$13,$5,$8,$8,$9,$28,$16,$16,16,$0.57,$0.56,$111,$29,$0,$242,$451,$0,$177,$23,$651,$893,$136,$244,$16,$346,$482,$0,$234,$-5,$410,$893,$21,$25,$17,$42,$-6,$-7,$0,$-1,$-28,$35,$-38,$0,$0,$0,$0,$0,$-12,$-51,$-4,$0,$-4,$0,$0,$-6,$-1,$-10,$-25,$2,$-6
22,2013-03-31,44.11,$25.48,1.73,$25.16,1.75,$19.88,2.22,$3.09,14.28,$0.26B,$0.16B,1.68,$0.25B,$0.40B,0.62,$0.39B,$0.23B,58.02%,$0.39B,$0.07B,18.32%,$0.39B,$0.07B,18.32%,$0.39B,$0.11B,27.99%,$0.39B,$0.06B,16.03%,$0.39B,$0.05B,12.47%,$0.05B,$0.40B,12.69%,$0.05B,$0.22B,21.40%,$0.05B,$0.91B,5.44%,$0.07B,$0.65B,11.27%,$65,$25,$39,$0,$16,$53,$12,$-2,$10,$4,$6,$6,$9,$24,$12,$16,16,$0.56,$0.56,$141,$30,$0,$263,$443,$0,$179,$24,$646,$908,$156,$247,$21,$352,$508,$0,$229,$-8,$400,$908,$10,$12,$12,$24,$-0,$-2,$0,$-1,$-9,$25,$-15,$0,$0,$0,$0,$0,$-4,$-19,$-0,$0,$-0,$-1,$-1,$-1,$-0,$-1,$4,$1,$-1
23,2012-12-31,33.38,$25.31,1.32,$32.80,1.02,$19.40,1.72,$3.13,10.66,$0.58B,$0.17B,3.4,$0.25B,$0.39B,0.64,$0.51B,$0.29B,56.56%,$0.51B,$0.08B,15.26%,$0.51B,$0.08B,15.26%,$0.51B,$0.13B,25.83%,$0.51B,$0.07B,13.50%,$0.51B,$0.05B,9.59%,$0.05B,$0.39B,13.03%,$0.05B,$0.31B,22.53%,$0.05B,$0.91B,5.50%,$0.08B,$0.65B,12.32%,$70,$29,$41,$0,$16,$49,$21,$-1,$20,$12,$9,$9,$13,$34,$21,$16,16,$0.84,$0.84,$137,$8,$0,$578,$238,$0,$88,$7,$333,$911,$170,$251,$11,$346,$517,$0,$224,$-8,$394,$911,$53,$53,$42,$95,$-2,$-1,$0,$8,$39,$187,$-42,$0,$0,$0,$0,$0,$-20,$-62,$-14,$0,$-14,$1,$1,$-18,$-6,$-37,$88,$3,$-18
24,2012-09-30,38.81,$24.56,1.58,$40.12,0.97,$16.07,2.42,$2.56,15.16,$0.25B,$0.15B,1.64,$0.26B,$0.38B,0.67,$0.62B,$0.34B,54.49%,$0.62B,$0.07B,10.90%,$0.62B,$0.07B,10.90%,$0.62B,$0.08B,13.46%,$0.62B,$0.06B,9.13%,$0.62B,$0.04B,6.41%,$0.04B,$0.38B,10.94%,$0.04B,$0.20B,21.95%,$0.04B,$0.91B,4.54%,$0.07B,$0.64B,10.89%,$73,$27,$46,$0,$17,$57,$16,$-3,$13,$4,$9,$9,$16,$1,$16,$16,16,$1.03,$1.02,$111,$23,$0,$250,$447,$0,$181,$28,$657,$906,$152,$255,$26,$372,$524,$0,$215,$-10,$382,$906,$39,$40,$35,$76,$-6,$-2,$0,$3,$23,$137,$-29,$0,$0,$0,$0,$0,$-22,$-51,$-10,$0,$-10,$1,$1,$-11,$-5,$-24,$63,$3,$-11
25,2012-06-30,30.28,$23.71,1.28,$47.98,0.63,$10.41,2.91,$2.27,13.34,$0.21B,$0.13B,1.57,$0.26B,$0.37B,0.7,$0.75B,$0.41B,54.36%,$0.75B,$0.08B,10.74%,$0.75B,$0.08B,10.74%,$0.75B,$0.14B,18.52%,$0.75B,$0.07B,9.13%,$0.75B,$0.04B,4.70%,$0.04B,$0.37B,9.76%,$0.04B,$0.19B,20.29%,$0.04B,$0.88B,4.01%,$0.08B,$0.63B,12.86%,$185,$84,$102,$0,$52,$162,$23,$-3,$20,$8,$12,$12,$11,$51,$23,$16,16,$0.68,$0.67,$80,$20,$0,$211,$456,$0,$182,$28,$666,$877,$134,$258,$26,$374,$508,$0,$203,$-10,$369,$877,$21,$55,$6,$61,$-10,$-3,$0,$-4,$-2,$80,$-32,$0,$0,$0,$0,$0,$0,$-32,$-10,$0,$-10,$1,$1,$-8,$1,$-16,$31,$2,$-8
26,2012-03-31,32.42,$23.15,1.4,$48.60,0.67,$7.22,4.49,$1.72,18.85,$0.19B,$0.13B,1.47,$0.26B,$0.36B,0.74,$0.75B,$0.40B,53.32%,$0.75B,$0.06B,8.36%,$0.75B,$0.06B,8.36%,$0.75B,$0.12B,15.78%,$0.75B,$0.05B,6.63%,$0.75B,$0.03B,3.45%,$0.03B,$0.36B,7.37%,$0.03B,$0.18B,15.88%,$0.03B,$0.87B,2.99%,$0.06B,$0.62B,10.09%,$183,$83,$100,$0,$55,$165,$18,$-2,$16,$7,$9,$9,$9,$46,$18,$15,16,$0.60,$0.60,$54,$21,$0,$193,$470,$0,$184,$23,$678,$871,$131,$264,$27,$380,$512,$0,$196,$-10,$359,$871,$9,$28,$3,$30,$-2,$-5,$0,$-4,$-18,$21,$-19,$0,$0,$0,$0,$0,$0,$-19,$7,$0,$7,$-0,$-0,$-4,$0,$3,$5,$1,$-4
27,2011-12-31,34.61,$22.82,1.52,$48.98,0.71,$7.40,4.68,$1.41,24.55,$0.18B,$0.15B,1.26,$0.26B,$0.35B,0.73,$0.76B,$0.40B,52.04%,$0.76B,$0.06B,7.25%,$0.76B,$0.06B,7.25%,$0.76B,$0.11B,14.36%,$0.76B,$0.04B,5.53%,$0.76B,$0.02B,2.77%,$0.02B,$0.35B,6.06%,$0.02B,$0.17B,13.42%,$0.02B,$0.87B,2.46%,$0.06B,$0.61B,8.86%,$183,$90,$92,$0,$52,$172,$11,$-3,$8,$4,$3,$3,$4,$-14,$11,$15,16,$0.27,$0.27,$49,$21,$0,$184,$483,$0,$187,$20,$690,$874,$146,$257,$29,$375,$521,$0,$190,$-10,$353,$874,$22,$53,$73,$126,$-10,$3,$0,$2,$-16,$133,$-40,$0,$4,$0,$0,$0,$-60,$-96,$-10,$0,$-10,$1,$1,$-16,$-0,$-26,$11,$3,$-16
28,2011-09-30,28.77,$23.02,1.25,$49.77,0.58,$-0.68,0.0,$1.35,21.31,$0.19B,$0.15B,1.25,$0.27B,$0.35B,0.77,$0.77B,$0.39B,50.84%,$0.77B,$0.05B,6.87%,$0.77B,$0.05B,6.87%,$0.77B,$0.16B,20.36%,$0.77B,$0.04B,5.32%,$0.77B,$0.02B,2.59%,$0.02B,$0.35B,5.88%,$0.02B,$0.16B,13.31%,$0.02B,$0.87B,2.38%,$0.05B,$0.63B,8.57%,$194,$83,$111,$0,$59,$167,$28,$-3,$24,$11,$13,$13,$11,$55,$28,$15,15,$0.74,$0.73,$52,$16,$0,$185,$471,$0,$192,$18,$681,$866,$148,$274,$31,$364,$512,$0,$190,$-9,$354,$866,$19,$78,$4,$82,$-22,$14,$0,$-2,$-16,$85,$-65,$0,$4,$0,$0,$0,$0,$-60,$4,$0,$4,$-0,$-0,$-13,$-0,$-10,$15,$3,$-13
29,2011-06-30,33.56,$22.48,1.49,$50.45,0.67,$-1.41,0.0,$1.03,32.59,$0.17B,$0.14B,1.21,$0.29B,$0.35B,0.84,$0.78B,$0.38B,48.98%,$0.78B,$0.04B,4.99%,$0.78B,$0.04B,4.99%,$0.78B,$0.14B,17.90%,$0.78B,$0.03B,3.58%,$0.78B,$0.02B,1.92%,$0.02B,$0.35B,4.49%,$0.02B,$0.15B,10.38%,$0.02B,$0.86B,1.81%,$0.04B,$0.64B,6.43%,$194,$95,$99,$0,$67,$187,$6,$-4,$2,$1,$1,$1,$2,$32,$6,$15,15,$0.12,$0.12,$47,$22,$0,$171,$475,$0,$194,$18,$693,$864,$141,$290,$29,$377,$518,$0,$182,$-8,$346,$864,$5,$51,$5,$56,$-11,$4,$0,$-2,$-18,$43,$-45,$0,$4,$0,$0,$0,$0,$-41,$17,$0,$17,$-0,$-0,$-7,$-2,$7,$9,$2,$-7
30,2011-03-31,32.35,$21.54,1.5,$48.59,0.67,$-0.69,0.0,$2.51,12.89,$0.15B,$0.12B,1.24,$0.28B,$0.33B,0.84,$0.75B,$0.37B,49.00%,$0.75B,$0.04B,5.44%,$0.75B,$0.04B,5.44%,$0.75B,$0.14B,17.93%,$0.75B,$0.06B,7.84%,$0.75B,$0.04B,5.05%,$0.04B,$0.33B,11.61%,$0.04B,$0.15B,27.24%,$0.04B,$0.81B,4.70%,$0.04B,$0.61B,6.96%,$188,$95,$93,$0,$57,$178,$10,$-3,$8,$4,$4,$4,$4,$36,$10,$15,15,$0.29,$0.29,$47,$22,$0,$148,$458,$0,$185,$18,$666,$814,$119,$277,$28,$364,$482,$0,$183,$-6,$332,$814,$4,$25,$4,$29,$4,$8,$0,$-2,$-12,$21,$-16,$0,$0,$0,$0,$0,$0,$-16,$8,$0,$8,$-0,$-0,$-3,$0,$5,$10,$1,$-3
31,2010-12-31,33.18,$21.39,1.55,$39.98,0.83,$-1.44,0.0,$2.48,13.38,$0.15B,$0.14B,1.12,$0.27B,$0.33B,0.83,$0.62B,$0.31B,50.32%,$0.62B,$0.04B,6.13%,$0.62B,$0.04B,6.13%,$0.62B,$0.12B,18.87%,$0.62B,$0.06B,9.19%,$0.62B,$0.04B,6.13%,$0.04B,$0.33B,12.03%,$0.04B,$0.14B,24.48%,$0.04B,$0.82B,5.31%,$0.04B,$0.60B,7.23%,$195,$105,$89,$0,$58,$185,$9,$-2,$7,$4,$3,$3,$3,$34,$9,$15,15,$0.22,$0.21,$38,$27,$0,$154,$464,$0,$188,$17,$669,$823,$138,$272,$30,$356,$494,$0,$182,$-7,$329,$823,$38,$78,$-9,$69,$-16,$-26,$0,$-11,$-4,$103,$-136,$0,$-226,$0,$0,$0,$5,$-356,$214,$0,$214,$2,$2,$-13,$-3,$201,$-53,$2,$-13
32,2010-09-30,42.14,$21.33,1.98,$31.30,1.35,$2.83,14.91,$2.61,16.15,$0.16B,$0.15B,1.06,$0.25B,$0.33B,0.77,$0.49B,$0.26B,54.02%,$0.49B,$0.04B,8.45%,$0.49B,$0.04B,8.45%,$0.49B,$0.11B,21.65%,$0.49B,$0.06B,12.78%,$0.49B,$0.04B,8.25%,$0.04B,$0.33B,13.16%,$0.04B,$0.14B,23.36%,$0.04B,$0.81B,6.44%,$0.04B,$0.58B,8.86%,$205,$103,$102,$0,$64,$191,$14,$-3,$11,$5,$6,$6,$6,$38,$14,$15,16,$0.41,$0.41,$62,$19,$0,$160,$441,$0,$189,$17,$653,$813,$151,$251,$34,$334,$485,$0,$182,$-8,$328,$813,$35,$54,$-10,$44,$-12,$-18,$0,$-8,$21,$100,$-92,$0,$-225,$0,$0,$0,$5,$-312,$193,$0,$193,$2,$2,$-9,$-2,$184,$-28,$2,$-9
33,2010-06-30,35.35,$20.89,1.69,$22.37,1.58,$4.25,8.32,$2.98,11.86,$0.15B,$0.13B,1.11,$0.25B,$0.32B,0.77,$0.35B,$0.21B,59.83%,$0.35B,$0.05B,14.45%,$0.35B,$0.05B,14.45%,$0.35B,$0.10B,28.90%,$0.35B,$0.07B,21.10%,$0.35B,$0.05B,13.29%,$0.05B,$0.32B,15.73%,$0.05B,$0.13B,24.50%,$0.05B,$0.78B,8.71%,$0.05B,$0.57B,12.29%,$165,$80,$85,$0,$47,$157,$8,$25,$33,$8,$25,$25,$25,$27,$8,$15,15,$1.62,$1.60,$60,$10,$0,$148,$420,$0,$188,$23,$636,$783,$133,$246,$34,$330,$463,$0,$180,$-7,$320,$783,$29,$29,$-17,$12,$-5,$-9,$0,$-14,$20,$61,$-52,$0,$-221,$0,$0,$0,$3,$-270,$186,$0,$186,$1,$1,$-6,$-4,$177,$-33,$1,$-6
34,2010-03-31,38.11,$18.73,2.03,$15.68,2.43,$4.88,7.81,$2.01,18.96,$0.12B,$0.05B,2.45,$0.07B,$0.29B,0.24,$0.24B,$0.16B,67.63%,$0.24B,$0.06B,24.90%,$0.24B,$0.06B,24.90%,$0.24B,$0.10B,41.91%,$0.24B,$0.06B,23.65%,$0.24B,$0.03B,12.86%,$0.03B,$0.29B,11.04%,$0.03B,$0.21B,15.21%,$0.03B,$0.44B,7.07%,$0.06B,$0.36B,17.05%,$55,$18,$36,$0,$14,$47,$7,$-1,$6,$2,$4,$4,$4,$18,$7,$15,15,$0.26,$0.26,$81,$6,$0,$122,$224,$0,$77,$10,$321,$443,$50,$69,$6,$107,$157,$0,$161,$-6,$286,$443,$4,$10,$-0,$10,$-1,$1,$0,$0,$-4,$10,$-17,$0,$-0,$0,$0,$0,$3,$-14,$-1,$0,$-1,$0,$0,$-3,$-3,$-7,$-11,$0,$-3
35,2009-12-31,46.62,$18.54,2.51,$15.80,2.95,$5.77,8.08,$2.33,20.01,$0.14B,$0.06B,2.4,$0.07B,$0.28B,0.25,$0.24B,$0.17B,68.18%,$0.24B,$0.07B,28.93%,$0.24B,$0.07B,28.93%,$0.24B,$0.11B,45.04%,$0.24B,$0.07B,27.69%,$0.24B,$0.04B,14.88%,$0.04B,$0.28B,13.04%,$0.04B,$0.21B,18.09%,$0.04B,$0.45B,8.31%,$0.07B,$0.35B,20.10%,$60,$21,$39,$0,$12,$48,$12,$1,$12,$7,$5,$5,$5,$22,$12,$15,15,$0.34,$0.33,$95,$6,$0,$137,$217,$0,$77,$7,$310,$447,$57,$70,$6,$107,$164,$0,$157,$-5,$282,$447,$37,$39,$4,$44,$-1,$-1,$0,$-2,$12,$93,$-60,$0,$-0,$3,$0,$3,$-5,$-62,$-1,$0,$-1,$-0,$-0,$-11,$-8,$-20,$11,$1,$-11
36,2009-09-30,44.98,$18.50,2.43,$15.56,2.89,$5.00,9.0,$2.42,18.58,$0.14B,$0.05B,2.85,$0.07B,$0.28B,0.26,$0.24B,$0.16B,68.91%,$0.24B,$0.07B,30.67%,$0.24B,$0.07B,30.67%,$0.24B,$0.11B,46.64%,$0.24B,$0.07B,29.83%,$0.24B,$0.04B,15.97%,$0.04B,$0.28B,14.02%,$0.04B,$0.21B,19.59%,$0.04B,$0.44B,8.91%,$0.07B,$0.36B,21.22%,$66,$19,$47,$0,$12,$43,$23,$-1,$22,$10,$12,$12,$12,$33,$23,$15,15,$0.78,$0.78,$99,$5,$0,$141,$208,$0,$77,$6,$298,$439,$49,$73,$6,$108,$157,$0,$155,$-6,$282,$439,$31,$29,$3,$32,$-6,$2,$0,$-1,$8,$71,$-40,$0,$-0,$3,$0,$3,$-4,$-41,$-1,$0,$-1,$0,$0,$-8,$-5,$-14,$16,$1,$-8
37,2009-06-30,33.08,$17.91,1.85,$14.93,2.21,$3.34,9.9,$2.30,14.38,$0.13B,$0.05B,2.89,$0.07B,$0.27B,0.27,$0.23B,$0.16B,68.42%,$0.23B,$0.07B,30.70%,$0.23B,$0.07B,30.70%,$0.23B,$0.11B,46.93%,$0.23B,$0.07B,30.26%,$0.23B,$0.04B,15.79%,$0.04B,$0.27B,13.97%,$0.04B,$0.20B,19.86%,$0.04B,$0.43B,8.71%,$0.07B,$0.35B,21.15%,$60,$19,$41,$0,$13,$42,$18,$-1,$17,$7,$10,$10,$10,$28,$18,$15,15,$0.63,$0.63,$90,$6,$0,$131,$205,$0,$77,$5,$294,$425,$45,$73,$5,$107,$152,$0,$146,$-5,$273,$425,$19,$19,$2,$21,$-4,$1,$0,$0,$6,$46,$-28,$0,$-0,$3,$0,$3,$0,$-25,$-0,$0,$-0,$0,$0,$-5,$-5,$-11,$11,$1,$-5
38,2009-03-31,16.08,$17.53,0.92,$14.28,1.13,$2.04,7.88,$2.34,6.87,$0.13B,$0.04B,2.99,$0.07B,$0.27B,0.27,$0.22B,$0.15B,68.81%,$0.22B,$0.07B,32.11%,$0.22B,$0.07B,32.11%,$0.22B,$0.11B,48.17%,$0.22B,$0.07B,32.11%,$0.22B,$0.04B,16.51%,$0.04B,$0.27B,14.69%,$0.04B,$0.19B,21.05%,$0.04B,$0.42B,9.13%,$0.07B,$0.34B,22.40%,$56,$18,$38,$0,$12,$39,$17,$-1,$16,$7,$9,$9,$9,$26,$17,$15,15,$0.58,$0.58,$85,$6,$0,$133,$198,$0,$77,$5,$288,$421,$44,$73,$8,$109,$154,$0,$139,$-6,$267,$421,$9,$9,$1,$10,$-3,$3,$0,$-0,$-3,$17,$-10,$0,$-0,$0,$0,$0,$0,$-10,$-0,$0,$-0,$-0,$-0,$-3,$-2,$-5,$2,$0,$-3
39,2008-12-31,22.05,$17.18,1.28,$13.60,1.62,$2.09,10.56,$2.27,9.71,$0.13B,$0.05B,2.74,$0.07B,$0.26B,0.28,$0.21B,$0.14B,68.75%,$0.21B,$0.07B,33.17%,$0.21B,$0.07B,33.17%,$0.21B,$0.10B,49.04%,$0.21B,$0.07B,33.65%,$0.21B,$0.04B,16.83%,$0.04B,$0.26B,15.09%,$0.04B,$0.19B,21.44%,$0.04B,$0.42B,9.27%,$0.07B,$0.34B,23.49%,$56,$17,$38,$0,$13,$40,$15,$0,$16,$7,$9,$8,$7,$24,$15,$15,15,$0.43,$0.44,$83,$6,$0,$131,$198,$0,$76,$5,$289,$420,$48,$73,$8,$110,$158,$0,$133,$-7,$262,$420,$40,$32,$12,$44,$1,$3,$0,$-2,$-15,$68,$-47,$0,$-30,$2,$0,$2,$5,$-70,$24,$0,$24,$-1,$-1,$-10,$-3,$10,$8,$1,$-10
40,2008-09-30,23.08,$15.06,1.53,$13.19,1.75,$3.24,7.11,$2.55,9.05,$0.12B,$0.04B,3.04,$0.07B,$0.23B,0.32,$0.20B,$0.14B,69.31%,$0.20B,$0.07B,36.63%,$0.20B,$0.07B,36.63%,$0.20B,$0.11B,51.98%,$0.20B,$0.07B,36.63%,$0.20B,$0.04B,20.30%,$0.04B,$0.23B,18.74%,$0.04B,$0.15B,26.41%,$0.04B,$0.39B,11.37%,$0.07B,$0.30B,26.93%,$56,$17,$39,$0,$10,$36,$20,$-0,$20,$9,$11,$11,$10,$29,$20,$15,15,$0.67,$0.66,$78,$7,$0,$117,$187,$0,$75,$8,$270,$387,$38,$74,$1,$120,$158,$0,$129,$-3,$229,$387,$32,$23,$3,$26,$1,$1,$0,$-7,$-18,$40,$-35,$0,$-23,$-0,$0,$-0,$5,$-53,$25,$0,$25,$-1,$-1,$-7,$-2,$15,$1,$1,$-7
41,2008-06-30,22.53,$14.60,1.54,$12.66,1.78,$3.95,5.71,$2.50,9.01,$0.10B,$0.03B,3.02,$0.05B,$0.22B,0.23,$0.19B,$0.14B,69.59%,$0.19B,$0.07B,36.60%,$0.19B,$0.07B,36.60%,$0.19B,$0.10B,51.55%,$0.19B,$0.07B,37.11%,$0.19B,$0.04B,20.62%,$0.04B,$0.22B,18.93%,$0.04B,$0.16B,26.23%,$0.04B,$0.35B,11.59%,$0.07B,$0.27B,27.18%,$50,$15,$35,$0,$10,$32,$18,$-0,$18,$7,$11,$12,$10,$26,$18,$15,15,$0.67,$0.67,$60,$7,$0,$103,$174,$0,$67,$6,$247,$350,$34,$50,$0,$94,$128,$0,$122,$-2,$222,$350,$20,$15,$2,$17,$-2,$-0,$0,$-5,$-18,$19,$-21,$0,$-12,$-0,$0,$-0,$5,$-28,$0,$0,$0,$-1,$-1,$-5,$-2,$-7,$-16,$1,$-5
42,2008-03-31,27.55,$14.10,1.95,$12.31,2.24,$4.81,5.72,$2.42,11.39,$0.12B,$0.05B,2.62,$0.05B,$0.22B,0.23,$0.19B,$0.13B,69.31%,$0.19B,$0.07B,36.51%,$0.19B,$0.07B,36.51%,$0.19B,$0.10B,51.32%,$0.19B,$0.07B,37.57%,$0.19B,$0.04B,20.63%,$0.04B,$0.22B,19.14%,$0.04B,$0.16B,26.76%,$0.04B,$0.35B,11.59%,$0.07B,$0.27B,27.19%,$46,$14,$31,$0,$9,$30,$16,$0,$16,$7,$8,$9,$8,$23,$16,$15,15,$0.52,$0.51,$83,$7,$0,$122,$159,$12,$56,$5,$231,$353,$46,$50,$0,$92,$138,$0,$114,$-2,$215,$353,$9,$7,$1,$8,$0,$-2,$0,$0,$2,$19,$-12,$0,$-3,$-0,$0,$-0,$2,$-13,$0,$0,$0,$0,$0,$-2,$-0,$-3,$3,$0,$-2
43,2007-12-31,27.25,$13.73,1.98,$12.20,2.23,$4.62,5.9,$2.36,11.55,$0.12B,$0.05B,2.68,$0.05B,$0.21B,0.24,$0.19B,$0.13B,70.05%,$0.19B,$0.07B,35.29%,$0.19B,$0.07B,35.29%,$0.19B,$0.09B,50.27%,$0.19B,$0.07B,36.90%,$0.19B,$0.04B,20.32%,$0.04B,$0.21B,19.36%,$0.04B,$0.15B,27.94%,$0.04B,$0.35B,11.68%,$0.07B,$0.26B,26.80%,$50,$14,$35,$0,$9,$29,$20,$0,$20,$7,$13,$18,$13,$27,$20,$15,15,$0.81,$0.83,$81,$5,$0,$120,$156,$12,$56,$2,$232,$352,$45,$50,$0,$98,$143,$0,$108,$-2,$209,$352,$43,$27,$1,$28,$-8,$1,$0,$-1,$-1,$69,$-30,$0,$-7,$-5,$0,$-5,$-5,$-47,$0,$0,$0,$0,$0,$-9,$-2,$-11,$11,$1,$-9
44,2007-09-30,29.32,$13.10,2.24,$12.08,2.43,$3.40,8.64,$2.08,14.1,$0.11B,$0.04B,2.94,$0.05B,$0.20B,0.25,$0.18B,$0.13B,70.00%,$0.18B,$0.06B,33.89%,$0.18B,$0.06B,33.89%,$0.18B,$0.09B,48.89%,$0.18B,$0.06B,35.00%,$0.18B,$0.03B,17.78%,$0.03B,$0.20B,16.95%,$0.03B,$0.14B,25.10%,$0.03B,$0.33B,10.22%,$0.06B,$0.25B,25.55%,$48,$14,$34,$0,$9,$31,$17,$0,$18,$8,$10,$9,$9,$24,$17,$15,15,$0.62,$0.61,$61,$6,$13,$109,$146,$12,$57,$3,$217,$325,$37,$50,$0,$89,$126,$0,$98,$-1,$199,$325,$25,$20,$3,$23,$-5,$1,$0,$-1,$-4,$45,$-29,$0,$-7,$0,$0,$0,$0,$-36,$0,$0,$0,$0,$0,$-6,$-2,$-9,$0,$1,$-6
45,2007-06-30,23.01,$12.62,1.82,$11.82,1.95,$3.47,6.62,$2.00,11.5,$0.09B,$0.04B,2.69,$0.05B,$0.19B,0.26,$0.17B,$0.12B,69.94%,$0.17B,$0.06B,34.10%,$0.17B,$0.06B,34.10%,$0.17B,$0.09B,49.13%,$0.17B,$0.06B,34.10%,$0.17B,$0.03B,17.92%,$0.03B,$0.19B,16.99%,$0.03B,$0.13B,25.78%,$0.03B,$0.32B,10.12%,$0.06B,$0.24B,25.35%,$45,$14,$31,$0,$9,$29,$16,$1,$17,$7,$10,$9,$9,$23,$16,$15,15,$0.60,$0.59,$61,$7,$0,$93,$146,$12,$64,$2,$223,$316,$35,$50,$0,$90,$124,$0,$91,$-2,$192,$316,$16,$13,$2,$15,$-3,$2,$0,$-1,$-3,$29,$-17,$0,$-7,$0,$0,$0,$0,$-23,$0,$0,$0,$0,$0,$-4,$-1,$-5,$0,$0,$-4
46,2007-03-31,20.89,$12.15,1.72,$11.85,1.76,$3.45,6.05,$1.80,11.61,$0.09B,$0.03B,2.52,$0.05B,$0.19B,0.27,$0.17B,$0.12B,70.30%,$0.17B,$0.06B,33.33%,$0.17B,$0.06B,33.33%,$0.17B,$0.08B,48.48%,$0.17B,$0.05B,32.73%,$0.17B,$0.03B,16.36%,$0.03B,$0.19B,16.36%,$0.03B,$0.12B,26.02%,$0.03B,$0.31B,9.26%,$0.06B,$0.24B,25.06%,$44,$13,$31,$0,$11,$30,$13,$1,$14,$7,$7,$7,$7,$20,$13,$15,15,$0.46,$0.45,$57,$6,$0,$87,$143,$12,$64,$2,$221,$308,$34,$50,$0,$89,$123,$0,$84,$-2,$185,$308,$7,$7,$1,$8,$-2,$2,$0,$-1,$-1,$13,$-9,$0,$-7,$-5,$0,$-5,$0,$-20,$0,$0,$0,$0,$0,$-2,$-0,$-2,$-9,$0,$-2
47,2006-12-31,23.3,$11.78,1.98,$11.74,1.99,$3.78,6.17,$1.68,13.87,$0.09B,$0.04B,2.6,$0.05B,$0.18B,0.28,$0.16B,$0.11B,69.87%,$0.16B,$0.05B,34.62%,$0.16B,$0.05B,34.62%,$0.16B,$0.08B,49.36%,$0.16B,$0.05B,32.69%,$0.16B,$0.02B,15.38%,$0.02B,$0.18B,16.19%,$0.02B,$0.12B,27.27%,$0.02B,$0.30B,8.63%,$0.05B,$0.23B,26.02%,$43,$13,$30,$0,$9,$28,$15,$-0,$14,$7,$8,$7,$7,$21,$15,$14,14,$0.47,$0.47,$61,$8,$0,$91,$139,$12,$60,$1,$211,$303,$35,$50,$0,$89,$124,$0,$80,$-2,$179,$303,$24,$25,$9,$34,$-4,$-4,$0,$-0,$-6,$51,$-33,$0,$-19,$0,$2,$2,$0,$-50,$-6,$0,$-6,$47,$47,$-7,$-2,$33,$34,$1,$-7
