,Date,Stock Price,Book Value per Share,Price to Book Ratio,TTM Sales per Share,Price to Sales Ratio,TTM FCF per Share,Price to FCF Ratio,TTM Net EPS,PE Ratio,Current Assets,Current Liabilities,Current Ratio,Long Term Debt,Shareholder's Equity_x,Debt to Equity Ratio,TTM Revenue_x,TTM Gross Profit,Gross Margin,TTM Revenue_y,TTM Operating Income,Operating Margin,TTM Revenue_x,TTM EBIT,EBIT Margin,TTM Revenue_y,TTM EBITDA,EBITDA Margin,TTM Revenue_x,TTM Pre-Tax Income,Pre-Tax Margin,TTM Revenue_y,TTM Net Income_x,Net Margin,TTM Net Income_y,Shareholder's Equity_y,Return on Equity,TTM Net Income_x,Tangible Equity,Return on Tangible Equity,TTM Net Income_y,Total Assets,Return on Assets,TTM Net Income,LT Investments & Debt,Return on Investment,revenue,cost-goods-sold,gross-profit,research-development-expenses,selling-general-administrative-expenses,operating-expenses,operating-income,total-non-operating-income-expense,pre-tax-income,total-provision-income-taxes,income-after-taxes,income-from-continuous-operations,net-income,ebitda,ebit,basic-shares-outstanding,shares-outstanding,eps-basic-net-earnings-per-share,eps-earnings-per-share-diluted,cash-on-hand,inventory,other-current-assets,total-current-assets,net-property-plant-equipment,long-term-investments,goodwill-intangible-assets-total,other-long-term-assets,total-long-term-assets,total-assets,total-current-liabilities,long-term-debt,other-non-current-liabilities,total-long-term-liabilities,total-liabilities,common-stock-net,retained-earnings-accumulated-deficit,comprehensive-income,total-share-holder-equity,total-liabilities-share-holders-equity,net-income-loss,total-depreciation-amortization-cash-flow,other-non-cash-items,total-non-cash-items,change-in-accounts-receivable,change-in-inventories,change-in-accounts-payable,change-in-assets-liabilities,total-change-in-assets-liabilities,cash-flow-from-operating-activities,net-change-in-property-plant-equipment,net-change-in-intangible-assets,net-acquisitions-divestitures,net-change-in-short-term-investments,net-change-in-long-term-investments,net-change-in-investments-total,investing-activities-other,cash-flow-from-investing-activities,net-long-term-debt,net-current-debt,debt-issuance-retirement-net-total,net-common-equity-issued-repurchased,net-total-equity-issued-repurchased,total-common-preferred-stock-dividends-paid,financial-activities-other,cash-flow-from-financial-activities,net-cash-flow,stock-based-compensation,common-stock-dividends-paid
0,2018-06-30,90.14,$42.80,2.11,$28.51,3.16,$-4.44,0.0,$5.47,16.48,$0.45B,$1.47B,0.31,$2.62B,$4.76B,0.55,$3.14B,$1.94B,61.79%,$3.14B,$0.73B,23.16%,$3.14B,$0.73B,23.16%,$3.14B,$1.08B,34.42%,$3.14B,$0.60B,19.20%,$3.14B,$0.60B,19.14%,$0.60B,$4.76B,13.37%,$0.60B,$4.03B,15.98%,$0.60B,$11.51B,5.35%,$0.73B,$7.38B,9.91%,$445,$43,$402,$0,$219,$355,$90,$-26,$64,$25,$39,$39,$39,$214,$90,$112,112,$0.35,$0.35,$21,$126,$52,$453,$10072,$0,$730,$0,$11055,$11508,$1466,$2618,$482,$5282,$6748,$1,$1871,$-76,$4760,$11508,$564,$268,$-8,$261,$0,$0,$0,$210,$210,$1035,$-1088,$0,$3,$0,$-8,$-8,$6,$-1087,$0,$-203,$-203,$411,$411,$-160,$-2,$46,$-5,$0,$-160
1,2018-03-31,83.76,$42.51,1.97,$28.44,2.95,$-4.59,0.0,$5.50,15.23,$0.62B,$1.35B,0.46,$2.62B,$4.72B,0.55,$3.10B,$1.92B,61.87%,$3.10B,$0.74B,24.00%,$3.10B,$0.74B,24.00%,$3.10B,$1.09B,35.03%,$3.10B,$0.62B,19.87%,$3.10B,$0.60B,19.35%,$0.60B,$4.72B,14.05%,$0.60B,$3.99B,16.94%,$0.60B,$11.36B,5.47%,$0.74B,$7.34B,10.30%,$562,$131,$431,$0,$218,$439,$123,$-25,$98,$26,$71,$71,$71,$358,$123,$112,112,$0.64,$0.64,$71,$89,$55,$623,$9761,$0,$730,$0,$10734,$11356,$1349,$2618,$485,$5286,$6635,$1,$1854,$-85,$4721,$11356,$493,$178,$-50,$128,$0,$0,$0,$118,$118,$751,$-694,$0,$3,$0,$-1,$-1,$4,$-688,$0,$-318,$-318,$407,$407,$-106,$-2,$-19,$45,$0,$-106
2,2017-12-31,84.9,$41.13,2.06,$26.85,3.16,$-5.17,0.0,$5.45,15.58,$0.78B,$0.96B,0.81,$3.07B,$4.56B,0.67,$2.87B,$1.89B,65.77%,$2.87B,$0.76B,26.49%,$2.87B,$0.76B,26.49%,$2.87B,$1.09B,38.03%,$2.87B,$0.63B,22.10%,$2.87B,$0.59B,20.43%,$0.59B,$4.56B,14.47%,$0.59B,$3.83B,17.65%,$0.59B,$11.27B,5.47%,$0.76B,$7.63B,10.97%,$1219,$627,$592,$0,$234,$950,$269,$-28,$241,$62,$179,$179,$179,$330,$269,$112,112,$1.60,$1.60,$55,$164,$71,$779,$9519,$0,$730,$0,$10486,$11265,$959,$3067,$480,$5742,$6701,$1,$1729,$-106,$4564,$11265,$314,$88,$-109,$-20,$0,$0,$0,$-127,$-127,$173,$-383,$0,$0,$0,$-0,$-0,$2,$-381,$0,$-111,$-111,$401,$401,$-52,$-2,$236,$28,$0,$-52
3,2017-09-30,82.43,$36.74,2.24,$26.07,3.16,$-4.96,0.0,$3.75,21.98,$0.54B,$1.01B,0.53,$3.07B,$3.90B,0.79,$2.76B,$1.83B,66.45%,$2.76B,$0.73B,26.38%,$2.76B,$0.73B,26.38%,$2.76B,$1.05B,37.97%,$2.76B,$0.60B,21.88%,$2.76B,$0.40B,14.38%,$0.40B,$3.90B,10.36%,$0.40B,$3.17B,12.79%,$0.40B,$10.75B,3.76%,$0.73B,$6.97B,11.16%,$889,$367,$522,$0,$192,$648,$242,$-34,$208,$-106,$314,$314,$314,$177,$242,$109,109,$2.89,$2.89,$26,$185,$106,$540,$9259,$0,$730,$0,$10210,$10750,$1013,$3067,$485,$5837,$6851,$1,$1467,$-105,$3899,$10750,$396,$320,$224,$544,$-59,$-35,$53,$-32,$-73,$867,$-1137,$0,$54,$0,$-12,$-12,$39,$-1056,$635,$-382,$253,$125,$125,$-192,$-18,$168,$-21,$14,$-192
4,2017-06-30,81.13,$36.79,2.21,$25.88,3.14,$-5.24,0.0,$3.74,21.69,$0.53B,$0.75B,0.72,$3.07B,$3.90B,0.79,$2.73B,$1.81B,66.40%,$2.73B,$0.72B,26.38%,$2.73B,$0.72B,26.38%,$2.73B,$1.03B,37.82%,$2.73B,$0.60B,22.10%,$2.73B,$0.40B,14.47%,$0.40B,$3.90B,10.60%,$0.40B,$3.17B,13.19%,$0.40B,$10.50B,3.81%,$0.72B,$6.97B,11.62%,$465,$73,$392,$0,$216,$373,$92,$-37,$55,$19,$36,$36,$36,$221,$92,$106,106,$0.32,$0.32,$70,$152,$63,$534,$8924,$0,$730,$0,$9964,$10499,$746,$3067,$457,$5851,$6597,$1,$1480,$-105,$3902,$10499,$361,$235,$180,$414,$0,$0,$0,$-29,$-29,$746,$-812,$0,$54,$0,$-14,$-14,$25,$-747,$635,$-571,$64,$121,$121,$-143,$-18,$24,$22,$0,$-143
5,2017-03-31,76.83,$36.43,2.11,$25.32,3.03,$-6.15,0.0,$3.76,20.43,$0.56B,$1.50B,0.38,$2.32B,$3.84B,0.6,$2.66B,$1.79B,67.42%,$2.66B,$0.71B,26.60%,$2.66B,$0.71B,26.60%,$2.66B,$1.01B,38.11%,$2.66B,$0.59B,22.31%,$2.66B,$0.40B,14.86%,$0.40B,$3.84B,10.92%,$0.40B,$3.11B,13.70%,$0.40B,$10.36B,3.88%,$0.71B,$6.15B,12.04%,$527,$114,$412,$0,$192,$386,$141,$-29,$112,$41,$71,$71,$71,$363,$141,$106,106,$0.67,$0.67,$45,$120,$61,$563,$8738,$0,$730,$0,$9798,$10361,$1496,$2315,$445,$5031,$6527,$1,$1457,$-87,$3835,$10361,$290,$155,$125,$280,$0,$0,$0,$-28,$-28,$552,$-559,$0,$48,$0,$-9,$-9,$4,$-517,$125,$-159,$-34,$66,$66,$-95,$26,$-37,$-2,$0,$-95
6,2016-12-31,71.71,$35.19,2.04,$24.64,2.91,$-6.89,0.0,$3.59,19.97,$0.98B,$1.95B,0.5,$2.31B,$3.70B,0.63,$2.56B,$1.74B,68.13%,$2.56B,$0.67B,26.33%,$2.56B,$0.67B,26.33%,$2.56B,$0.97B,38.05%,$2.56B,$0.56B,21.80%,$2.56B,$0.37B,14.53%,$0.37B,$3.70B,10.65%,$0.37B,$2.97B,13.49%,$0.37B,$10.58B,3.73%,$0.67B,$6.01B,11.65%,$988,$427,$561,$0,$198,$703,$285,$-26,$259,$97,$162,$162,$165,$287,$285,$106,106,$1.55,$1.55,$45,$164,$312,$979,$8553,$0,$730,$0,$9600,$10579,$1950,$2314,$430,$4930,$6880,$1,$1340,$-93,$3699,$10579,$125,$77,$57,$134,$0,$0,$0,$-147,$-147,$117,$-298,$0,$-86,$0,$-10,$-10,$2,$-392,$125,$111,$236,$58,$58,$-48,$26,$272,$-3,$0,$-48
7,2016-09-30,71.57,$33.32,2.15,$23.80,3.01,$-7.31,0.0,$3.40,21.05,$0.68B,$1.79B,0.38,$2.19B,$3.46B,0.63,$2.46B,$1.71B,69.61%,$2.46B,$0.66B,26.76%,$2.46B,$0.66B,26.76%,$2.46B,$0.95B,38.74%,$2.46B,$0.54B,22.08%,$2.46B,$0.35B,14.26%,$0.35B,$3.46B,10.33%,$0.35B,$2.74B,13.22%,$0.35B,$10.01B,3.60%,$0.66B,$5.65B,11.50%,$780,$311,$469,$0,$182,$570,$210,$-32,$178,$64,$114,$114,$125,$161,$210,$105,105,$1.19,$1.19,$48,$179,$239,$682,$8269,$0,$727,$29,$9329,$10011,$1788,$2189,$425,$4760,$6548,$1,$1263,$-188,$3463,$10011,$350,$293,$214,$507,$-5,$21,$-5,$-74,$-63,$795,$-1087,$0,$0,$0,$1,$1,$6,$-1080,$0,$372,$372,$133,$133,$-175,$-26,$304,$19,$15,$-175
8,2016-06-30,77.72,$33.39,2.33,$26.04,2.98,$-5.97,0.0,$3.30,23.55,$0.65B,$1.53B,0.42,$2.21B,$3.47B,0.64,$2.68B,$2.86B,106.80%,$2.68B,$1.85B,68.89%,$2.68B,$1.23B,45.93%,$2.68B,$2.13B,79.65%,$2.68B,$1.15B,42.76%,$2.68B,$0.34B,12.70%,$0.34B,$3.47B,10.24%,$0.34B,$2.72B,13.19%,$0.34B,$9.73B,3.59%,$1.85B,$5.67B,32.32%,$434,$64,$370,$0,$209,$349,$84,$-30,$54,$19,$35,$35,$34,$202,$84,$104,104,$0.31,$0.31,$66,$245,$61,$649,$8054,$0,$743,$0,$9078,$9727,$1530,$2206,$427,$4731,$6261,$1,$1273,$-178,$3467,$9727,$316,$217,$171,$388,$0,$0,$0,$-88,$-88,$630,$-790,$0,$0,$0,$1,$1,$6,$-783,$0,$213,$213,$125,$125,$-130,$-16,$191,$38,$0,$-130
9,2016-03-31,70.56,$32.72,2.16,$28.37,2.49,$-3.94,0.0,$3.16,22.33,$0.65B,$1.23B,0.53,$2.46B,$3.35B,0.73,$2.91B,$2.85B,98.01%,$2.91B,$1.84B,63.10%,$2.91B,$1.22B,41.95%,$2.91B,$2.12B,72.80%,$2.91B,$1.13B,38.96%,$2.91B,$0.33B,11.18%,$0.33B,$3.35B,9.96%,$0.33B,$2.60B,12.90%,$0.33B,$9.54B,3.51%,$1.84B,$5.80B,32.12%,$456,$65,$392,$0,$190,$328,$128,$-27,$102,$36,$66,$66,$71,$324,$128,$104,104,$0.69,$0.69,$48,$191,$52,$653,$7839,$0,$743,$0,$8891,$9544,$1227,$2456,$427,$4972,$6199,$1,$1245,$-157,$3345,$9544,$245,$143,$132,$276,$0,$0,$0,$-76,$-76,$453,$-536,$0,$0,$0,$-2,$-2,$5,$-534,$0,$169,$169,$18,$18,$-87,$0,$100,$19,$0,$-87
10,2015-12-31,59.55,$32.05,1.86,$34.86,1.71,$-2.16,0.0,$3.13,19.02,$0.86B,$1.52B,0.57,$2.46B,$3.27B,0.75,$3.56B,$2.86B,80.33%,$3.56B,$1.83B,51.52%,$3.56B,$1.22B,34.23%,$3.56B,$2.11B,59.33%,$3.56B,$1.13B,31.76%,$3.56B,$0.32B,9.02%,$0.32B,$3.27B,10.00%,$0.32B,$2.53B,13.00%,$0.32B,$9.56B,3.52%,$1.83B,$5.73B,32.37%,$890,$377,$513,$0,$190,$638,$252,$-28,$224,$81,$143,$143,$142,$264,$252,$103,103,$1.38,$1.38,$79,$236,$91,$863,$7653,$0,$743,$0,$8691,$9555,$1515,$2455,$426,$4767,$6283,$1,$1132,$-103,$3272,$9555,$103,$71,$59,$131,$0,$0,$0,$-167,$-167,$70,$-290,$0,$0,$0,$-2,$-2,$2,$-290,$0,$305,$305,$9,$9,$-44,$0,$270,$50,$0,$-44
11,2015-09-30,54.59,$31.48,1.73,$40.68,1.34,$-2.32,0.0,$3.09,17.67,$0.63B,$1.16B,0.54,$2.44B,$3.20B,0.76,$4.14B,$2.85B,68.73%,$4.14B,$1.83B,44.13%,$4.14B,$1.21B,29.29%,$4.14B,$2.10B,50.75%,$4.14B,$1.12B,27.14%,$4.14B,$0.32B,7.63%,$0.32B,$3.20B,10.00%,$0.32B,$2.45B,13.07%,$0.32B,$9.08B,3.51%,$1.83B,$5.63B,32.58%,$675,$240,$434,$0,$171,$482,$193,$-30,$162,$61,$102,$102,$103,$1343,$193,$103,103,$1.00,$1.00,$29,$237,$66,$626,$7431,$0,$743,$0,$8449,$9075,$1155,$2438,$428,$4725,$5880,$1,$1073,$-109,$3195,$9075,$315,$275,$215,$490,$48,$33,$-59,$-15,$7,$812,$-964,$0,$0,$0,$2,$2,$5,$-957,$-1,$261,$260,$23,$23,$-160,$8,$131,$-14,$16,$-160
12,2015-06-30,47.78,$31.96,1.5,$42.34,1.13,$-1.78,0.0,$3.09,15.46,$0.62B,$0.92B,0.67,$2.46B,$3.24B,0.76,$4.27B,$1.66B,38.93%,$4.27B,$0.64B,14.97%,$4.27B,$0.64B,14.97%,$4.27B,$0.91B,21.31%,$4.27B,$0.52B,12.07%,$4.27B,$0.32B,7.39%,$0.32B,$3.24B,10.09%,$0.32B,$2.50B,13.22%,$0.32B,$8.88B,3.56%,$0.64B,$5.69B,11.45%,$657,$-864,$1521,$0,$181,$-615,$1272,$-29,$657,$13,$657,$657,$24,$186,$657,$102,102,$0.23,$0.23,$43,$213,$59,$617,$7212,$0,$742,$0,$8268,$8884,$917,$2455,$432,$4730,$5646,$1,$1093,$-62,$3238,$8884,$292,$204,$165,$370,$0,$0,$0,$38,$38,$718,$-667,$0,$0,$0,$0,$0,$-1,$-669,$-6,$49,$42,$13,$13,$-117,$13,$-48,$1,$0,$-117
13,2015-03-31,51.16,$31.09,1.65,$44.94,1.14,$-1.50,0.0,$2.99,17.11,$0.82B,$1.02B,0.8,$2.46B,$3.14B,0.78,$4.53B,$1.64B,36.24%,$4.53B,$0.63B,13.88%,$4.53B,$0.63B,13.88%,$4.53B,$0.90B,19.77%,$4.53B,$0.50B,11.04%,$4.53B,$0.31B,6.75%,$0.31B,$3.14B,9.87%,$0.31B,$2.40B,12.97%,$0.31B,$8.93B,3.50%,$0.63B,$5.60B,11.58%,$686,$305,$382,$0,$196,$569,$118,$-27,$90,$34,$56,$56,$56,$318,$118,$102,102,$0.55,$0.55,$96,$143,$67,$818,$7026,$0,$742,$0,$8109,$8927,$1019,$2455,$442,$4768,$5787,$1,$1075,$-128,$3140,$8927,$235,$136,$132,$267,$0,$0,$0,$28,$28,$541,$-442,$0,$0,$0,$0,$0,$-1,$-443,$-6,$22,$15,$5,$5,$-78,$13,$-45,$53,$0,$-78
14,2014-12-31,51.19,$30.38,1.68,$50.23,1.02,$-1.10,0.0,$3.02,16.95,$1.12B,$1.42B,0.79,$2.46B,$3.06B,0.8,$4.96B,$1.62B,32.63%,$4.96B,$0.63B,12.69%,$4.96B,$0.63B,12.69%,$4.96B,$0.89B,17.94%,$4.96B,$0.50B,10.01%,$4.96B,$0.30B,6.07%,$0.30B,$3.06B,9.72%,$0.30B,$2.32B,12.78%,$0.30B,$9.12B,3.48%,$0.63B,$5.52B,11.86%,$1540,$1019,$521,$0,$203,$1290,$250,$-29,$221,$84,$138,$138,$138,$255,$250,$102,102,$1.35,$1.35,$124,$278,$110,$1119,$6913,$0,$742,$0,$7996,$9115,$1421,$2455,$444,$4631,$6051,$1,$976,$-94,$3064,$9115,$98,$68,$56,$123,$0,$0,$0,$-198,$-198,$27,$-261,$0,$0,$0,$0,$0,$-1,$-262,$-6,$351,$344,$-2,$-2,$-40,$13,$316,$82,$0,$-40
15,2014-09-30,43.48,$30.74,1.41,$51.38,0.85,$-0.39,0.0,$3.01,14.45,$0.78B,$0.91B,0.85,$2.46B,$3.09B,0.8,$4.94B,$1.58B,32.04%,$4.94B,$0.61B,12.39%,$4.94B,$0.61B,12.39%,$4.94B,$0.87B,17.51%,$4.94B,$0.48B,9.63%,$4.94B,$0.29B,5.87%,$0.29B,$3.09B,9.68%,$0.29B,$2.34B,12.86%,$0.29B,$8.60B,3.41%,$0.61B,$5.54B,12.05%,$1259,$835,$423,$0,$168,$1071,$188,$-31,$156,$59,$98,$98,$98,$152,$188,$102,102,$0.96,$0.96,$42,$279,$111,$776,$6726,$0,$742,$0,$7819,$8595,$911,$2456,$445,$4598,$5508,$1,$918,$-12,$3086,$8595,$290,$254,$214,$468,$-41,$-32,$60,$-13,$-26,$733,$-824,$0,$0,$0,$-3,$-3,$2,$-825,$0,$-171,$-171,$386,$386,$-146,$0,$68,$-24,$15,$-146
16,2014-06-30,48.32,$31.06,1.56,$50.65,0.95,$-0.31,0.0,$2.86,16.9,$0.78B,$1.16B,0.67,$1.96B,$3.12B,0.63,$4.83B,$1.55B,32.01%,$4.83B,$0.58B,11.98%,$4.83B,$0.58B,11.98%,$4.83B,$0.82B,17.07%,$4.83B,$0.44B,9.18%,$4.83B,$0.27B,5.68%,$0.27B,$3.12B,9.54%,$0.27B,$2.38B,12.87%,$0.27B,$8.36B,3.28%,$0.58B,$5.07B,11.67%,$789,$451,$338,$0,$185,$705,$84,$-35,$49,$25,$24,$24,$24,$171,$84,$98,98,$0.18,$0.18,$51,$207,$127,$775,$6461,$0,$741,$0,$7583,$8357,$1156,$1956,$392,$4085,$5241,$1,$933,$11,$3117,$8357,$266,$186,$151,$337,$0,$0,$0,$6,$6,$630,$-553,$0,$0,$0,$0,$0,$-1,$-553,$0,$-367,$-367,$384,$384,$-109,$0,$-92,$-15,$0,$-109
17,2014-03-31,42.34,$31.19,1.36,$50.70,0.84,$-1.88,0.0,$2.83,14.96,$1.06B,$1.36B,0.78,$1.96B,$3.13B,0.63,$4.74B,$1.50B,31.66%,$4.74B,$0.56B,11.75%,$4.74B,$0.56B,11.75%,$4.74B,$0.80B,16.83%,$4.74B,$0.42B,8.90%,$4.74B,$0.27B,5.63%,$0.27B,$3.13B,9.76%,$0.27B,$2.38B,13.38%,$0.27B,$8.49B,3.25%,$0.56B,$5.08B,11.27%,$943,$584,$360,$0,$189,$837,$107,$-32,$74,$29,$46,$46,$46,$311,$107,$101,101,$0.45,$0.45,$137,$125,$126,$1059,$6270,$0,$741,$0,$7428,$8488,$1363,$1956,$358,$3999,$5363,$1,$924,$37,$3125,$8488,$220,$122,$120,$242,$0,$0,$0,$18,$18,$491,$-359,$0,$0,$0,$0,$0,$-5,$-364,$0,$-369,$-369,$384,$384,$-71,$0,$-57,$71,$0,$-71
18,2013-12-31,40.47,$29.26,1.38,$44.57,0.91,$-3.39,0.0,$2.72,14.88,$1.30B,$2.01B,0.65,$1.96B,$2.66B,0.74,$4.09B,$1.44B,35.20%,$4.09B,$0.52B,12.66%,$4.09B,$0.52B,12.66%,$4.09B,$0.76B,18.48%,$4.09B,$0.38B,9.40%,$4.09B,$0.25B,6.12%,$0.25B,$2.66B,9.65%,$0.25B,$1.92B,13.51%,$0.25B,$8.62B,3.10%,$0.52B,$4.62B,10.50%,$1965,$1469,$496,$0,$185,$1715,$250,$-33,$217,$84,$133,$133,$133,$231,$250,$96,96,$1.38,$1.38,$195,$287,$157,$1300,$6153,$0,$741,$0,$7317,$8616,$2014,$1956,$357,$3941,$5955,$0,$828,$63,$2661,$8616,$87,$60,$47,$108,$0,$0,$0,$-166,$-166,$34,$-181,$0,$0,$0,$0,$0,$-6,$-186,$0,$321,$321,$-6,$-6,$-34,$0,$280,$128,$0,$-34
19,2013-09-30,37.34,$28.47,1.31,$42.36,0.88,$-3.55,0.0,$2.65,14.09,$0.68B,$0.98B,0.69,$2.46B,$2.58B,0.95,$3.88B,$1.41B,36.41%,$3.88B,$0.50B,12.93%,$3.88B,$0.50B,12.93%,$3.88B,$0.74B,19.07%,$3.88B,$0.37B,9.63%,$3.88B,$0.24B,6.27%,$0.24B,$2.58B,9.60%,$0.24B,$1.84B,13.56%,$0.24B,$7.93B,3.07%,$0.50B,$5.04B,10.30%,$1244,$855,$389,$0,$158,$1073,$171,$-34,$136,$49,$87,$87,$87,$111,$171,$92,92,$0.95,$0.95,$66,$245,$64,$677,$6031,$0,$741,$0,$7257,$7934,$978,$2456,$359,$4375,$5354,$0,$775,$39,$2580,$7934,$243,$237,$160,$397,$-74,$32,$32,$-14,$-24,$613,$-692,$0,$0,$0,$0,$0,$-5,$-697,$494,$-208,$286,$-5,$-5,$-128,$-67,$86,$2,$18,$-128
20,2013-06-30,35.39,$28.48,1.24,$41.04,0.86,$-4.29,0.0,$2.66,13.31,$0.68B,$0.72B,0.95,$2.46B,$2.58B,0.95,$3.75B,$1.36B,36.26%,$3.75B,$0.47B,12.64%,$3.75B,$0.47B,12.64%,$3.75B,$0.71B,19.01%,$3.75B,$0.34B,8.93%,$3.75B,$0.24B,6.48%,$0.24B,$2.58B,9.81%,$0.24B,$1.84B,14.00%,$0.24B,$7.80B,3.11%,$0.47B,$5.04B,10.12%,$674,$374,$300,$0,$190,$624,$50,$-34,$16,$9,$8,$8,$8,$145,$50,$91,92,$0.08,$0.07,$32,$209,$91,$682,$5841,$0,$741,$0,$7121,$7803,$721,$2456,$361,$4501,$5221,$0,$801,$23,$2581,$7803,$236,$177,$123,$299,$0,$0,$0,$-40,$-40,$510,$-582,$0,$153,$0,$0,$0,$-3,$-433,$494,$-435,$59,$-5,$-5,$-96,$-67,$-109,$-32,$0,$-96
21,2013-03-31,36.22,$28.09,1.29,$38.00,0.95,$-3.26,0.0,$2.58,14.04,$1.00B,$0.93B,1.08,$2.46B,$2.54B,0.97,$3.47B,$1.34B,38.54%,$3.47B,$0.47B,13.55%,$3.47B,$0.47B,13.55%,$3.47B,$0.71B,20.50%,$3.47B,$0.33B,9.43%,$3.47B,$0.24B,6.77%,$0.24B,$2.54B,9.71%,$0.24B,$1.80B,13.99%,$0.24B,$7.95B,3.06%,$0.47B,$5.00B,10.44%,$858,$541,$316,$0,$172,$772,$86,$-33,$53,$20,$33,$33,$39,$268,$86,$91,92,$0.43,$0.42,$66,$197,$254,$1002,$5710,$0,$741,$0,$6951,$7954,$927,$2456,$367,$4483,$5410,$0,$794,$-4,$2543,$7954,$197,$119,$107,$226,$0,$0,$0,$-52,$-52,$376,$-389,$0,$0,$0,$0,$0,$-4,$-393,$494,$-342,$152,$-3,$-3,$-64,$-67,$18,$1,$0,$-64
22,2012-12-31,29.26,$26.78,1.09,$37.26,0.79,$-2.57,0.0,$2.51,11.66,$1.17B,$1.65B,0.71,$1.96B,$2.42B,0.81,$3.39B,$1.33B,39.28%,$3.39B,$0.46B,13.64%,$3.39B,$0.46B,13.64%,$3.39B,$0.71B,20.88%,$3.39B,$0.31B,9.27%,$3.39B,$0.23B,6.73%,$0.23B,$2.42B,9.60%,$0.23B,$1.68B,13.95%,$0.23B,$7.96B,3.02%,$0.46B,$4.38B,10.67%,$1309,$876,$433,$0,$165,$1099,$210,$-32,$179,$66,$112,$112,$116,$215,$210,$91,91,$1.28,$1.27,$125,$274,$265,$1165,$5595,$0,$741,$0,$6800,$7964,$1645,$1956,$372,$3895,$5540,$0,$709,$-36,$2424,$7964,$80,$61,$46,$107,$0,$0,$0,$-160,$-160,$30,$-190,$0,$0,$0,$0,$0,$-1,$-191,$0,$257,$257,$-3,$-3,$-32,$-0,$222,$60,$0,$-32
23,2012-09-30,29.22,$26.14,1.12,$37.91,0.77,$-2.69,0.0,$2.38,12.28,$0.83B,$1.28B,0.65,$1.96B,$2.36B,0.83,$3.44B,$1.32B,38.50%,$3.44B,$0.45B,12.98%,$3.44B,$0.45B,12.98%,$3.44B,$0.69B,20.14%,$3.44B,$0.29B,8.47%,$3.44B,$0.22B,6.32%,$0.22B,$2.36B,9.29%,$0.22B,$1.62B,13.60%,$0.22B,$7.50B,2.91%,$0.45B,$4.32B,10.24%,$1034,$672,$362,$0,$148,$879,$155,$-30,$125,$48,$77,$77,$80,$85,$155,$90,91,$0.89,$0.88,$64,$256,$273,$828,$5476,$0,$741,$0,$6668,$7496,$1276,$1956,$381,$3860,$5136,$0,$661,$-48,$2359,$7496,$217,$246,$128,$374,$33,$28,$-64,$0,$-3,$587,$-733,$0,$128,$0,$0,$0,$-5,$-609,$-257,$354,$97,$-16,$-16,$-126,$0,$-45,$-67,$19,$-126
24,2012-06-30,28.08,$26.12,1.08,$39.91,0.7,$-1.53,0.0,$2.31,12.16,$0.78B,$1.11B,0.7,$1.96B,$2.36B,0.83,$3.61B,$1.29B,35.69%,$3.61B,$0.45B,12.40%,$3.61B,$0.45B,12.40%,$3.61B,$0.69B,19.20%,$3.61B,$0.30B,8.22%,$3.61B,$0.21B,5.84%,$0.21B,$2.36B,9.14%,$0.21B,$1.62B,13.44%,$0.21B,$7.35B,2.85%,$0.45B,$4.31B,10.20%,$550,$301,$249,$0,$161,$527,$23,$-45,$-22,$-22,$-0,$-0,$8,$143,$23,$90,91,$0.10,$0.08,$28,$239,$292,$776,$5442,$0,$740,$0,$6574,$7350,$1110,$1956,$382,$3885,$4995,$0,$685,$-67,$2355,$7350,$209,$184,$121,$305,$0,$0,$0,$-17,$-17,$519,$-497,$0,$0,$0,$0,$0,$-4,$-502,$-2,$-7,$-9,$-18,$-18,$-94,$0,$-121,$-104,$0,$-94
25,2012-03-31,24.66,$26.22,0.94,$42.93,0.57,$-0.33,0.0,$1.96,12.58,$0.89B,$1.11B,0.81,$1.96B,$2.36B,0.83,$3.88B,$1.26B,32.56%,$3.88B,$0.40B,10.30%,$3.88B,$0.40B,10.30%,$3.88B,$0.64B,16.59%,$3.88B,$0.25B,6.41%,$3.88B,$0.18B,4.61%,$0.18B,$2.36B,7.77%,$0.18B,$1.62B,11.44%,$0.18B,$7.37B,2.45%,$0.40B,$4.32B,8.99%,$576,$283,$293,$0,$153,$495,$82,$-37,$45,$17,$28,$28,$31,$264,$82,$90,91,$0.34,$0.34,$47,$221,$275,$894,$5334,$0,$740,$0,$6475,$7369,$1108,$1956,$414,$3900,$5008,$0,$685,$-53,$2361,$7369,$178,$123,$102,$225,$0,$0,$0,$-52,$-52,$361,$-311,$0,$0,$0,$0,$0,$-4,$-315,$-2,$-49,$-51,$-16,$-16,$-63,$0,$-130,$-84,$0,$-63
26,2011-12-31,25.59,$25.20,1.02,$46.83,0.55,$1.24,20.69,$2.21,11.58,$1.26B,$1.18B,1.07,$2.21B,$2.27B,0.97,$4.24B,$1.29B,30.49%,$4.24B,$0.41B,9.65%,$4.24B,$0.41B,9.65%,$4.24B,$0.65B,15.29%,$4.24B,$0.28B,6.68%,$4.24B,$0.20B,4.77%,$0.20B,$2.27B,8.75%,$0.20B,$1.53B,12.88%,$0.20B,$7.64B,2.80%,$0.41B,$4.47B,9.26%,$1226,$800,$426,$0,$164,$1023,$202,$-36,$166,$64,$102,$102,$109,$200,$202,$90,90,$1.20,$1.20,$85,$326,$361,$1261,$5246,$0,$740,$0,$6374,$7636,$1180,$2206,$438,$4188,$5368,$0,$607,$-65,$2268,$7636,$69,$61,$40,$101,$0,$0,$0,$-189,$-189,$-15,$-154,$0,$0,$0,$0,$0,$-1,$-155,$-2,$174,$172,$-16,$-16,$-32,$0,$125,$-46,$0,$-32
27,2011-09-30,24.39,$24.98,0.98,$47.40,0.51,$2.26,10.81,$2.27,10.74,$1.01B,$0.87B,1.17,$2.21B,$2.26B,0.98,$4.29B,$1.30B,30.38%,$4.29B,$0.43B,9.92%,$4.29B,$0.43B,9.92%,$4.29B,$0.66B,15.38%,$4.29B,$0.30B,6.93%,$4.29B,$0.21B,4.83%,$0.21B,$2.26B,8.96%,$0.21B,$1.52B,13.18%,$0.21B,$7.28B,2.91%,$0.43B,$4.46B,9.85%,$1084,$729,$355,$0,$158,$945,$139,$-38,$102,$39,$62,$62,$69,$87,$139,$90,91,$0.75,$0.75,$131,$290,$316,$1011,$5148,$0,$740,$0,$6272,$7283,$868,$2206,$429,$4160,$5027,$0,$570,$-48,$2255,$7283,$208,$233,$169,$402,$-0,$28,$24,$-77,$-26,$583,$-623,$0,$0,$0,$0,$0,$-4,$-627,$34,$83,$118,$2,$2,$-124,$48,$44,$-1,$12,$-124
28,2011-06-30,24.47,$25.87,0.95,$46.58,0.53,$4.69,5.22,$2.27,10.78,$0.99B,$0.65B,1.53,$2.21B,$2.34B,0.94,$4.23B,$1.29B,30.46%,$4.23B,$0.42B,9.85%,$4.23B,$0.42B,9.85%,$4.23B,$0.65B,15.27%,$4.23B,$0.29B,6.89%,$4.23B,$0.21B,4.90%,$0.21B,$2.34B,9.04%,$0.21B,$1.60B,13.35%,$0.21B,$6.99B,2.96%,$0.42B,$4.54B,9.91%,$728,$512,$216,$0,$134,$703,$25,$-41,$-16,$-7,$-8,$-8,$2,$93,$25,$90,91,$0.03,$0.02,$117,$257,$273,$990,$4916,$0,$740,$0,$6004,$6993,$648,$2206,$396,$4009,$4658,$0,$600,$6,$2336,$6993,$206,$172,$146,$318,$0,$0,$0,$-20,$-20,$520,$-390,$0,$0,$0,$0,$0,$-3,$-394,$35,$-132,$-98,$2,$2,$-93,$48,$-140,$-15,$0,$-93
29,2011-03-31,24.59,$26.28,0.94,$45.43,0.54,$5.76,4.27,$2.25,10.93,$0.98B,$1.08B,0.91,$1.81B,$2.37B,0.76,$4.14B,$1.27B,30.61%,$4.14B,$0.41B,10.00%,$4.14B,$0.41B,10.00%,$4.14B,$0.64B,15.40%,$4.14B,$0.29B,6.95%,$4.14B,$0.21B,4.95%,$0.21B,$2.37B,8.97%,$0.21B,$1.63B,13.27%,$0.21B,$7.00B,2.97%,$0.41B,$4.18B,10.11%,$844,$577,$267,$0,$165,$810,$34,$-37,$-3,$-2,$-1,$-1,$-1,$268,$34,$90,90,$-0.01,$-0.01,$153,$228,$144,$984,$4915,$0,$740,$0,$6012,$6996,$1078,$1807,$365,$3544,$4622,$0,$631,$14,$2374,$6996,$206,$113,$135,$248,$0,$0,$0,$-26,$-26,$438,$-247,$0,$0,$0,$0,$0,$-2,$-248,$-10,$-129,$-139,$4,$4,$-62,$28,$-169,$21,$0,$-62
30,2010-12-31,22.05,$25.10,0.88,$48.86,0.45,$6.34,3.48,$2.03,10.86,$1.26B,$1.46B,0.87,$1.81B,$2.28B,0.79,$4.50B,$1.27B,28.17%,$4.50B,$0.43B,9.51%,$4.50B,$0.43B,9.51%,$4.50B,$0.65B,14.40%,$4.50B,$0.27B,6.07%,$4.50B,$0.19B,4.15%,$0.19B,$2.28B,8.21%,$0.19B,$1.54B,12.17%,$0.19B,$7.22B,2.74%,$0.43B,$4.08B,10.26%,$1581,$1128,$454,$0,$168,$1370,$211,$-12,$200,$71,$128,$128,$132,$211,$211,$90,91,$1.45,$1.45,$130,$339,$229,$1263,$4859,$0,$740,$0,$5958,$7222,$1460,$1807,$355,$3486,$4947,$0,$530,$20,$2275,$7222,$74,$56,$43,$100,$0,$0,$0,$-133,$-133,$46,$-123,$0,$0,$0,$0,$0,$-0,$-124,$-10,$113,$103,$4,$4,$-31,$0,$76,$-2,$0,$-31
31,2010-09-30,20.21,$24.16,0.84,$50.30,0.4,$6.98,2.9,$2.22,9.1,$0.88B,$1.17B,0.75,$1.81B,$2.18B,0.83,$4.66B,$1.31B,28.19%,$4.66B,$0.46B,9.95%,$4.66B,$0.46B,9.95%,$4.66B,$0.68B,14.61%,$4.66B,$0.31B,6.63%,$4.66B,$0.21B,4.42%,$0.21B,$2.18B,9.07%,$0.21B,$1.44B,13.44%,$0.21B,$6.76B,3.05%,$0.46B,$3.99B,10.90%,$1133,$769,$365,$0,$155,$978,$155,$-40,$116,$45,$71,$71,$74,$73,$155,$90,90,$0.81,$0.81,$132,$319,$151,$875,$4793,$0,$740,$0,$5889,$6764,$1166,$1810,$351,$3419,$4585,$0,$487,$-23,$2178,$6764,$206,$217,$221,$438,$-40,$54,$58,$12,$83,$726,$-543,$0,$0,$0,$0,$0,$-0,$-543,$-0,$54,$54,$-93,$-93,$-124,$0,$-163,$21,$13,$-124
32,2010-06-30,18.25,$24.85,0.73,$49.10,0.37,$9.46,1.93,$2.03,8.99,$0.87B,$1.01B,0.87,$1.81B,$2.31B,0.78,$4.55B,$1.32B,29.00%,$4.55B,$0.45B,9.92%,$4.55B,$0.45B,9.92%,$4.55B,$0.67B,14.68%,$4.55B,$0.30B,6.49%,$4.55B,$0.19B,4.14%,$0.19B,$2.31B,8.27%,$0.19B,$1.57B,12.27%,$0.19B,$6.59B,2.83%,$0.45B,$4.12B,10.38%,$667,$465,$201,$0,$135,$650,$16,$-38,$-22,$-8,$-13,$-13,$2,$86,$16,$92,92,$0.03,$0.01,$180,$264,$130,$874,$4669,$0,$740,$0,$5712,$6586,$1008,$1810,$315,$3264,$4272,$0,$516,$-15,$2314,$6586,$204,$160,$186,$347,$0,$0,$0,$25,$25,$595,$-362,$0,$0,$0,$0,$0,$-0,$-363,$-0,$-76,$-76,$7,$7,$-94,$0,$-163,$69,$0,$-94
33,2010-03-31,18.81,$25.11,0.75,$49.40,0.38,$12.22,1.54,$2.08,9.04,$1.11B,$0.97B,1.15,$2.16B,$2.34B,0.92,$4.57B,$1.33B,29.13%,$4.57B,$0.46B,10.14%,$4.57B,$0.46B,10.14%,$4.57B,$0.68B,14.87%,$4.57B,$0.30B,6.66%,$4.57B,$0.19B,4.23%,$0.19B,$2.34B,8.61%,$0.19B,$1.60B,12.85%,$0.19B,$6.75B,2.96%,$0.46B,$4.50B,10.51%,$761,$514,$248,$0,$163,$729,$32,$-38,$-6,$-2,$-4,$-4,$-3,$278,$32,$93,93,$-0.03,$-0.03,$231,$209,$121,$1107,$4590,$0,$740,$0,$5646,$6753,$965,$2159,$317,$3450,$4414,$0,$550,$-21,$2339,$6753,$207,$107,$44,$151,$0,$0,$0,$113,$113,$483,$-233,$0,$0,$0,$0,$0,$-1,$-234,$-0,$-76,$-76,$9,$9,$-63,$0,$-130,$120,$0,$-63
34,2009-12-31,18.89,$24.29,0.78,$48.48,0.39,$13.83,1.37,$2.26,8.36,$1.29B,$1.18B,1.09,$2.16B,$2.26B,0.96,$4.45B,$1.34B,30.05%,$4.45B,$0.47B,10.46%,$4.45B,$0.47B,10.46%,$4.45B,$0.68B,15.32%,$4.45B,$0.31B,6.93%,$4.45B,$0.21B,4.68%,$0.21B,$2.26B,9.45%,$0.21B,$1.52B,14.23%,$0.21B,$6.88B,3.20%,$0.47B,$4.42B,10.64%,$1940,$1486,$454,$0,$177,$1716,$225,$-40,$185,$71,$114,$114,$114,$244,$225,$93,93,$1.22,$1.22,$175,$400,$115,$1287,$4523,$0,$740,$0,$5589,$6875,$1182,$2159,$314,$3435,$4617,$0,$467,$-12,$2258,$6875,$93,$54,$13,$67,$0,$0,$0,$-69,$-69,$95,$-115,$0,$0,$0,$0,$0,$-2,$-117,$0,$111,$111,$6,$6,$-31,$0,$86,$64,$0,$-31
35,2009-09-30,17.68,$23.52,0.75,$53.41,0.33,$14.52,1.22,$2.09,8.46,$0.83B,$0.74B,1.12,$2.17B,$2.18B,1.0,$4.87B,$1.32B,27.11%,$4.87B,$0.44B,8.98%,$4.87B,$0.44B,8.98%,$4.87B,$0.65B,13.41%,$4.87B,$0.28B,5.75%,$4.87B,$0.19B,3.92%,$0.19B,$2.18B,8.86%,$0.19B,$1.44B,13.48%,$0.19B,$6.37B,2.94%,$0.44B,$4.35B,10.37%,$1293,$882,$411,$0,$166,$1102,$191,$-39,$152,$58,$93,$93,$93,$59,$191,$92,93,$1.00,$1.00,$111,$353,$132,$829,$4439,$0,$740,$0,$5538,$6367,$737,$2169,$344,$3453,$4190,$0,$405,$-20,$2177,$6367,$191,$217,$160,$377,$245,$194,$-182,$95,$352,$919,$-509,$0,$0,$0,$0,$0,$-8,$-517,$38,$-284,$-246,$28,$28,$-121,$2,$-338,$64,$14,$-121
36,2009-06-30,15.35,$23.76,0.65,$63.42,0.24,$8.93,1.72,$2.28,6.73,$0.80B,$0.64B,1.24,$2.17B,$2.19B,0.99,$5.76B,$1.39B,24.07%,$5.76B,$0.47B,8.20%,$5.76B,$0.47B,8.20%,$5.76B,$0.68B,11.88%,$5.76B,$0.32B,5.54%,$5.76B,$0.21B,3.63%,$0.21B,$2.19B,9.84%,$0.21B,$1.45B,15.08%,$0.21B,$6.10B,3.22%,$0.47B,$4.36B,11.32%,$551,$346,$205,$0,$151,$548,$3,$-39,$-36,$-12,$-24,$-24,$-16,$98,$3,$91,92,$-0.18,$-0.18,$126,$317,$111,$796,$4339,$0,$739,$0,$5300,$6096,$644,$2169,$323,$3260,$3905,$0,$452,$-40,$2192,$6096,$207,$161,$63,$223,$0,$0,$0,$371,$371,$825,$-342,$0,$0,$0,$0,$0,$-6,$-348,$38,$-366,$-328,$20,$20,$-91,$2,$-397,$79,$0,$-91
37,2009-03-31,13.79,$23.69,0.58,$73.18,0.19,$4.83,2.86,$2.19,6.3,$1.48B,$1.29B,1.15,$2.17B,$2.18B,1.0,$6.62B,$1.37B,20.73%,$6.62B,$0.45B,6.79%,$6.62B,$0.45B,6.79%,$6.62B,$0.66B,9.93%,$6.62B,$0.31B,4.61%,$6.62B,$0.20B,3.02%,$0.20B,$2.18B,9.51%,$0.20B,$1.44B,14.65%,$0.20B,$6.69B,3.04%,$0.45B,$4.35B,10.86%,$781,$521,$260,$0,$158,$737,$44,$-40,$3,$1,$2,$2,$2,$280,$44,$91,92,$0.02,$0.02,$482,$327,$137,$1479,$4263,$0,$739,$0,$5207,$6686,$1286,$2169,$313,$3221,$4507,$0,$480,$-71,$2178,$6686,$205,$107,$98,$204,$0,$0,$0,$192,$192,$615,$-221,$0,$0,$0,$0,$0,$-4,$-225,$446,$-353,$92,$12,$12,$-60,$2,$46,$435,$0,$-60
38,2008-12-31,13.74,$22.69,0.61,$80.81,0.17,$3.63,3.78,$2.02,6.8,$1.68B,$2.02B,0.83,$1.72B,$2.08B,0.83,$7.28B,$1.35B,18.49%,$7.28B,$0.43B,5.95%,$7.28B,$0.43B,5.95%,$7.28B,$0.64B,8.75%,$7.28B,$0.30B,4.05%,$7.28B,$0.18B,2.51%,$0.18B,$2.08B,8.75%,$0.18B,$1.34B,13.53%,$0.18B,$6.82B,2.81%,$0.43B,$3.80B,10.53%,$1821,$1361,$460,$0,$180,$1595,$227,$-37,$189,$60,$129,$129,$129,$216,$227,$91,91,$1.41,$1.40,$70,$583,$197,$1683,$4195,$0,$739,$0,$5136,$6819,$2018,$1720,$306,$2723,$4741,$0,$382,$-62,$2078,$6819,$76,$53,$27,$80,$0,$0,$0,$-13,$-13,$151,$-107,$0,$0,$0,$0,$0,$-1,$-109,$-0,$5,$5,$6,$6,$-30,$0,$-19,$23,$0,$-30
39,2008-09-30,15.02,$22.60,0.66,$80.40,0.19,$2.79,5.38,$2.01,7.47,$1.29B,$1.21B,1.07,$2.12B,$2.05B,1.03,$7.22B,$1.32B,18.29%,$7.22B,$0.43B,5.94%,$7.22B,$0.43B,5.94%,$7.22B,$0.63B,8.70%,$7.22B,$0.29B,4.06%,$7.22B,$0.18B,2.51%,$0.18B,$2.05B,8.71%,$0.18B,$1.31B,13.49%,$0.18B,$6.39B,2.83%,$0.43B,$4.17B,10.21%,$1716,$1321,$395,$0,$177,$1553,$163,$-39,$124,$48,$76,$76,$76,$90,$163,$90,91,$0.83,$0.83,$47,$577,$185,$1285,$4137,$0,$739,$0,$5102,$6387,$1207,$2120,$299,$3127,$4334,$0,$344,$-36,$2052,$6387,$180,$200,$123,$323,$-97,$-55,$40,$-15,$-127,$371,$-472,$0,$0,$0,$0,$0,$-11,$-483,$-10,$200,$190,$25,$25,$-117,$0,$98,$-14,$14,$-117
40,2008-06-30,15.19,$23.25,0.65,$75.80,0.2,$5.68,2.67,$1.92,7.91,$1.40B,$1.17B,1.2,$2.12B,$2.11B,1.01,$6.78B,$1.27B,18.69%,$6.78B,$0.40B,5.93%,$6.78B,$0.40B,5.93%,$6.78B,$0.60B,8.83%,$6.78B,$0.27B,3.92%,$6.78B,$0.17B,2.55%,$0.17B,$2.11B,8.41%,$0.17B,$1.37B,13.11%,$0.17B,$6.39B,2.76%,$0.40B,$4.23B,9.62%,$1441,$1170,$271,$0,$181,$1403,$38,$-34,$3,$2,$2,$2,$2,$71,$38,$89,90,$-0.01,$0.00,$109,$572,$116,$1397,$4013,$0,$737,$0,$4988,$6385,$1169,$2120,$280,$3111,$4279,$0,$371,$1,$2105,$6385,$179,$148,$78,$226,$0,$0,$0,$0,$0,$417,$-313,$0,$0,$0,$0,$0,$-4,$-317,$-10,$-36,$-46,$19,$19,$-88,$0,$-114,$-14,$0,$-88
41,2008-03-31,13.72,$23.58,0.58,$71.31,0.19,$7.79,1.76,$1.84,7.46,$1.49B,$1.23B,1.22,$2.12B,$2.13B,1.0,$6.36B,$1.25B,19.65%,$6.36B,$0.39B,6.11%,$6.36B,$0.39B,6.11%,$6.36B,$0.59B,9.20%,$6.36B,$0.26B,4.01%,$6.36B,$0.17B,2.62%,$0.17B,$2.13B,8.23%,$0.17B,$1.39B,12.94%,$0.17B,$6.42B,2.70%,$0.39B,$4.25B,9.37%,$1639,$1393,$246,$0,$175,$1618,$21,$-32,$-11,$-5,$-7,$-7,$-7,$260,$21,$90,90,$-0.07,$-0.07,$169,$422,$96,$1493,$3949,$0,$737,$0,$4928,$6421,$1226,$2120,$278,$3069,$4295,$0,$407,$-4,$2126,$6421,$185,$97,$72,$170,$0,$0,$0,$117,$117,$479,$-199,$0,$0,$0,$0,$0,$-3,$-202,$-2,$-151,$-153,$13,$13,$-58,$0,$-198,$79,$0,$-58
42,2007-12-31,14.73,$22.61,0.65,$67.09,0.22,$8.50,1.73,$1.80,8.18,$1.52B,$1.34B,1.14,$2.13B,$2.03B,1.05,$5.95B,$1.25B,20.91%,$5.95B,$0.39B,6.50%,$5.95B,$0.39B,6.50%,$5.95B,$0.59B,9.83%,$5.95B,$0.25B,4.23%,$5.95B,$0.16B,2.72%,$0.16B,$2.03B,8.09%,$0.16B,$1.30B,12.81%,$0.16B,$6.40B,2.65%,$0.39B,$4.16B,9.52%,$2484,$2050,$434,$0,$174,$2273,$211,$-32,$179,$68,$112,$112,$112,$207,$211,$89,90,$1.25,$1.24,$52,$564,$127,$1520,$3888,$0,$738,$0,$4880,$6400,$1336,$2125,$280,$3032,$4367,$0,$325,$-6,$2032,$6400,$74,$49,$12,$61,$0,$0,$0,$-77,$-77,$61,$-94,$0,$0,$0,$0,$0,$-2,$-96,$-2,$51,$49,$6,$6,$-29,$0,$26,$-9,$0,$-29
43,2007-09-30,14.52,$22.01,0.66,$67.82,0.21,$9.80,1.48,$1.95,7.44,$1.07B,$0.92B,1.16,$2.13B,$1.97B,1.08,$5.90B,$1.25B,21.21%,$5.90B,$0.40B,6.76%,$5.90B,$0.40B,6.76%,$5.90B,$0.60B,10.14%,$5.90B,$0.26B,4.46%,$5.90B,$0.17B,2.86%,$0.17B,$1.97B,8.56%,$0.17B,$1.23B,13.67%,$0.17B,$5.90B,2.78%,$0.40B,$4.09B,10.03%,$1658,$1288,$370,$0,$163,$1499,$159,$-37,$122,$48,$74,$74,$74,$61,$159,$89,90,$0.83,$0.82,$61,$515,$111,$1067,$3837,$0,$738,$0,$4828,$5895,$918,$2126,$271,$3011,$3929,$0,$281,$-16,$1966,$5895,$168,$199,$91,$290,$-6,$-12,$-8,$117,$90,$547,$-392,$0,$0,$0,$0,$0,$-10,$-403,$-56,$-213,$-269,$217,$217,$-112,$5,$-159,$-15,$12,$-112
44,2007-06-30,15.06,$22.31,0.67,$68.34,0.22,$6.64,2.27,$2.09,7.2,$1.33B,$1.09B,1.22,$2.13B,$1.99B,1.07,$5.87B,$1.29B,22.03%,$5.87B,$0.44B,7.41%,$5.87B,$0.44B,7.41%,$5.87B,$0.63B,10.79%,$5.87B,$0.30B,5.06%,$5.87B,$0.18B,3.08%,$0.18B,$1.99B,9.55%,$0.18B,$1.25B,15.65%,$0.18B,$6.06B,3.00%,$0.44B,$4.12B,11.12%,$1002,$784,$218,$0,$154,$991,$11,$-34,$-24,$-18,$-6,$-6,$-6,$57,$11,$87,88,$-0.10,$-0.10,$364,$464,$78,$1334,$3757,$0,$738,$0,$4721,$6056,$1094,$2127,$261,$2974,$4068,$0,$316,$-16,$1988,$6056,$174,$149,$37,$186,$0,$0,$0,$174,$174,$553,$-263,$0,$0,$0,$0,$0,$-10,$-273,$245,$-382,$-138,$211,$211,$-83,$5,$-5,$275,$0,$-83
45,2007-03-31,15.37,$23.04,0.67,$65.23,0.24,$2.13,7.21,$2.02,7.61,$1.43B,$1.39B,1.03,$1.88B,$2.02B,0.93,$5.51B,$1.27B,23.02%,$5.51B,$0.43B,7.84%,$5.51B,$0.43B,7.84%,$5.51B,$0.63B,11.39%,$5.51B,$0.29B,5.24%,$5.51B,$0.18B,3.19%,$0.18B,$2.02B,9.70%,$0.18B,$1.28B,16.36%,$0.18B,$6.11B,2.98%,$0.43B,$3.90B,11.24%,$1218,$990,$228,$0,$168,$1210,$8,$-30,$-22,$-9,$-13,$-13,$-13,$260,$8,$88,88,$-0.15,$-0.15,$217,$364,$127,$1429,$3712,$0,$738,$0,$4680,$6109,$1390,$1878,$262,$2697,$4087,$0,$357,$-15,$2022,$6109,$188,$100,$73,$173,$0,$0,$0,$142,$142,$512,$-173,$0,$0,$0,$0,$0,$-4,$-177,$-2,$-382,$-385,$204,$204,$-55,$0,$-235,$100,$0,$-55
46,2006-12-31,15.37,$21.70,0.71,$66.94,0.23,$-2.49,0.0,$1.92,8.01,$1.58B,$1.63B,0.97,$1.88B,$1.92B,0.98,$5.47B,$1.25B,22.76%,$5.47B,$0.40B,7.38%,$5.47B,$0.40B,7.38%,$5.47B,$0.60B,10.89%,$5.47B,$0.26B,4.68%,$5.47B,$0.16B,2.89%,$0.16B,$1.92B,9.11%,$0.16B,$1.18B,15.85%,$0.16B,$6.22B,2.68%,$0.40B,$3.80B,10.52%,$2076,$1647,$429,$0,$169,$1867,$209,$-33,$176,$69,$107,$107,$107,$220,$209,$88,89,$1.21,$1.20,$94,$520,$195,$1576,$3668,$0,$738,$0,$4641,$6216,$1628,$1879,$255,$2668,$4296,$0,$279,$-30,$1920,$6216,$81,$49,$14,$63,$0,$0,$0,$16,$16,$165,$-87,$0,$0,$0,$0,$0,$-1,$-88,$-2,$-228,$-230,$198,$198,$-26,$0,$-58,$19,$0,$-26
