,Date,Stock Price,Book Value per Share,Price to Book Ratio,TTM Sales per Share,Price to Sales Ratio,TTM FCF per Share,Price to FCF Ratio,TTM Net EPS,PE Ratio,Current Assets,Current Liabilities,Current Ratio,Long Term Debt,Shareholder's Equity_x,Debt to Equity Ratio,TTM Revenue_x,TTM Gross Profit,Gross Margin,TTM Revenue_y,TTM Operating Income,Operating Margin,TTM Revenue_x,TTM EBIT,EBIT Margin,TTM Revenue_y,TTM EBITDA,EBITDA Margin,TTM Revenue_x,TTM Pre-Tax Income,Pre-Tax Margin,TTM Revenue_y,TTM Net Income_x,Net Margin,TTM Net Income_y,Shareholder's Equity_y,Return on Equity,TTM Net Income_x,Tangible Equity,Return on Tangible Equity,TTM Net Income_y,Total Assets,Return on Assets,TTM Net Income,LT Investments & Debt,Return on Investment,revenue,cost-goods-sold,gross-profit,research-development-expenses,selling-general-administrative-expenses,operating-expenses,operating-income,total-non-operating-income-expense,pre-tax-income,total-provision-income-taxes,income-after-taxes,income-from-continuous-operations,net-income,ebitda,ebit,basic-shares-outstanding,shares-outstanding,eps-basic-net-earnings-per-share,eps-earnings-per-share-diluted,cash-on-hand,inventory,other-current-assets,total-current-assets,net-property-plant-equipment,long-term-investments,goodwill-intangible-assets-total,other-long-term-assets,total-long-term-assets,total-assets,total-current-liabilities,long-term-debt,other-non-current-liabilities,total-long-term-liabilities,total-liabilities,common-stock-net,retained-earnings-accumulated-deficit,comprehensive-income,total-share-holder-equity,total-liabilities-share-holders-equity,net-income-loss,total-depreciation-amortization-cash-flow,other-non-cash-items,total-non-cash-items,change-in-accounts-receivable,change-in-inventories,change-in-accounts-payable,change-in-assets-liabilities,total-change-in-assets-liabilities,cash-flow-from-operating-activities,net-change-in-property-plant-equipment,net-change-in-intangible-assets,net-acquisitions-divestitures,net-change-in-short-term-investments,net-change-in-long-term-investments,net-change-in-investments-total,investing-activities-other,cash-flow-from-investing-activities,net-long-term-debt,net-current-debt,debt-issuance-retirement-net-total,net-common-equity-issued-repurchased,net-total-equity-issued-repurchased,total-common-preferred-stock-dividends-paid,financial-activities-other,cash-flow-from-financial-activities,net-cash-flow,stock-based-compensation,common-stock-dividends-paid
0,2018-09-30,35.03,$4.59,7.63,$5.89,5.94,$-1.55,0.0,$-0.62,0.0,$0.09B,$0.03B,2.62,$0.05B,$0.16B,0.31,$0.20B,$0.14B,72.82%,$0.20B,$-0.02B,-8.21%,$0.20B,$-0.02B,-8.21%,$0.20B,$-0.01B,-4.10%,$0.20B,$-0.02B,-10.26%,$0.20B,$-0.02B,-10.26%,$-0.02B,$0.16B,-12.54%,$-0.02B,$0.01B,-533.33%,$-0.02B,$0.27B,-7.40%,$-0.02B,$0.22B,-7.71%,$50,$14,$36,$9,$33,$56,$-6,$-1,$-7,$0,$-7,$-7,$-7,$-4,$-6,$34,34,$-0.22,$-0.22,$40,$22,$3,$88,$28,$0,$155,$1,$184,$272,$34,$51,$24,$74,$108,$0,$-244,$-0,$164,$272,$-18,$7,$5,$12,$-1,$0,$-1,$-0,$0,$-5,$-5,$0,$0,$0,$-9,$-9,$0,$-15,$16,$0,$16,$3,$3,$0,$-2,$16,$-4,$12,$0
1,2018-06-30,27.05,$4.52,5.98,$5.70,4.74,$-1.72,0.0,$-0.62,0.0,$0.09B,$0.03B,3.16,$0.05B,$0.16B,0.33,$0.19B,$0.14B,73.26%,$0.19B,$-0.02B,-9.09%,$0.19B,$-0.02B,-9.09%,$0.19B,$-0.01B,-4.81%,$0.19B,$-0.02B,-10.70%,$0.19B,$-0.02B,-10.70%,$-0.02B,$0.16B,-12.64%,$-0.02B,$0.00B,-888.89%,$-0.02B,$0.27B,-7.43%,$-0.02B,$0.21B,-8.44%,$52,$14,$38,$9,$28,$51,$1,$-1,$-0,$0,$-0,$-0,$-0,$3,$1,$33,33,$-0.01,$-0.01,$37,$22,$3,$87,$28,$0,$155,$1,$184,$271,$27,$52,$32,$84,$111,$0,$-236,$-0,$160,$271,$-10,$5,$2,$6,$-2,$1,$-2,$-1,$-6,$-10,$-3,$0,$0,$0,$-11,$-11,$0,$-14,$16,$0,$16,$2,$2,$0,$-1,$16,$-8,$7,$0
2,2018-03-31,20.52,$4.37,4.7,$5.54,3.7,$-1.74,0.0,$-0.82,0.0,$0.09B,$0.03B,3.16,$0.05B,$0.15B,0.34,$0.18B,$0.13B,73.33%,$0.18B,$-0.02B,-13.33%,$0.18B,$-0.02B,-13.33%,$0.18B,$-0.02B,-8.89%,$0.18B,$-0.03B,-15.00%,$0.18B,$-0.03B,-15.00%,$-0.03B,$0.15B,-17.01%,$-0.03B,$-0.00B,-1080.00%,$-0.03B,$0.27B,-10.05%,$-0.02B,$0.21B,-12.17%,$47,$12,$35,$9,$35,$56,$-9,$-1,$-10,$0,$-10,$-10,$-10,$-7,$-9,$33,33,$-0.31,$-0.31,$36,$23,$4,$85,$29,$0,$156,$1,$185,$270,$27,$52,$38,$90,$117,$0,$-236,$0,$153,$270,$-10,$2,$4,$6,$1,$-0,$-0,$-2,$-5,$-9,$-2,$0,$0,$0,$-2,$-2,$0,$-4,$16,$0,$16,$-2,$-2,$0,$-1,$13,$-1,$4,$0
3,2017-12-31,18.24,$4.66,3.91,$5.41,3.37,$-1.74,0.0,$-0.83,0.0,$0.08B,$0.03B,2.58,$0.04B,$0.16B,0.23,$0.17B,$0.13B,72.99%,$0.17B,$-0.03B,-14.37%,$0.17B,$-0.03B,-14.37%,$0.17B,$-0.02B,-9.20%,$0.17B,$-0.03B,-15.52%,$0.17B,$-0.03B,-15.52%,$-0.03B,$0.16B,-16.80%,$-0.03B,$0.01B,-635.29%,$-0.03B,$0.27B,-10.08%,$-0.03B,$0.20B,-12.82%,$46,$13,$33,$8,$27,$48,$-2,$-0,$-3,$-0,$-3,$-3,$-3,$0,$-2,$32,32,$-0.08,$-0.08,$34,$22,$2,$82,$29,$0,$156,$1,$185,$268,$32,$37,$38,$75,$107,$0,$-226,$0,$161,$268,$-27,$9,$11,$20,$-1,$-4,$1,$0,$-2,$-9,$-6,$0,$0,$0,$10,$10,$0,$4,$-2,$0,$-2,$4,$4,$0,$0,$3,$-2,$15,$0
4,2017-09-30,22.37,$4.61,4.85,$5.29,4.23,$-1.99,0.0,$-1.02,0.0,$0.08B,$0.04B,2.28,$0.03B,$0.16B,0.2,$0.17B,$0.12B,72.78%,$0.17B,$-0.03B,-18.34%,$0.17B,$-0.03B,-18.34%,$0.17B,$-0.02B,-12.43%,$0.17B,$-0.03B,-19.53%,$0.17B,$-0.03B,-19.53%,$-0.03B,$0.16B,-20.31%,$-0.03B,$0.00B,-573.91%,$-0.03B,$0.27B,-12.23%,$-0.03B,$0.19B,-15.74%,$42,$11,$31,$8,$30,$49,$-7,$-0,$-7,$0,$-7,$-7,$-7,$-5,$-7,$33,33,$-0.22,$-0.22,$34,$23,$3,$82,$29,$0,$156,$1,$186,$268,$36,$32,$42,$73,$110,$0,$-223,$-0,$159,$268,$-24,$7,$11,$18,$-1,$-5,$0,$0,$-4,$-10,$-5,$0,$0,$0,$8,$8,$0,$3,$-0,$0,$-0,$3,$3,$0,$-0,$3,$-5,$11,$0
5,2017-06-30,24.25,$4.70,5.15,$5.20,4.66,$-2.20,0.0,$-1.01,0.0,$0.08B,$0.03B,2.56,$0.03B,$0.16B,0.21,$0.17B,$0.12B,72.12%,$0.17B,$-0.03B,-18.18%,$0.17B,$-0.03B,-18.18%,$0.17B,$-0.02B,-12.12%,$0.17B,$-0.03B,-20.00%,$0.17B,$-0.03B,-20.00%,$-0.03B,$0.16B,-19.88%,$-0.03B,$0.01B,-366.67%,$-0.03B,$0.27B,-12.11%,$-0.03B,$0.20B,-14.83%,$45,$13,$33,$9,$30,$52,$-6,$-1,$-7,$0,$-7,$-7,$-7,$-4,$-6,$32,32,$-0.21,$-0.21,$35,$20,$3,$81,$30,$0,$157,$1,$187,$269,$32,$33,$42,$75,$107,$0,$-216,$-0,$162,$269,$-17,$5,$7,$12,$-2,$-2,$1,$-0,$-6,$-11,$-3,$0,$0,$0,$9,$9,$0,$5,$-0,$0,$-0,$2,$2,$0,$-0,$2,$-3,$7,$0
6,2017-03-31,19.15,$4.74,4.04,$5.06,3.79,$-2.44,0.0,$-1.06,0.0,$0.08B,$0.03B,2.79,$0.04B,$0.16B,0.22,$0.16B,$0.12B,71.88%,$0.16B,$-0.03B,-20.00%,$0.16B,$-0.03B,-20.00%,$0.16B,$-0.02B,-13.13%,$0.16B,$-0.03B,-21.25%,$0.16B,$-0.03B,-21.25%,$-0.03B,$0.16B,-20.03%,$-0.03B,$0.00B,-272.00%,$-0.03B,$0.27B,-12.33%,$-0.03B,$0.20B,-15.44%,$41,$11,$30,$10,$30,$51,$-10,$-1,$-10,$0,$-10,$-10,$-10,$-7,$-10,$32,32,$-0.32,$-0.32,$34,$19,$4,$79,$30,$0,$157,$0,$187,$266,$28,$35,$42,$77,$106,$0,$-209,$-0,$161,$266,$-10,$2,$4,$6,$-0,$-1,$0,$-1,$-5,$-10,$-2,$0,$0,$0,$7,$7,$0,$6,$-0,$0,$-0,$-1,$-1,$0,$0,$-1,$-5,$4,$0
7,2016-12-31,19.57,$5.05,3.87,$4.91,3.98,$-2.53,0.0,$-1.05,0.0,$0.09B,$0.03B,2.97,$0.04B,$0.17B,0.22,$0.16B,$0.11B,71.61%,$0.16B,$-0.03B,-20.00%,$0.16B,$-0.03B,-20.00%,$0.16B,$-0.02B,-13.55%,$0.16B,$-0.03B,-21.94%,$0.16B,$-0.03B,-21.94%,$-0.03B,$0.17B,-19.46%,$-0.03B,$0.01B,-200.00%,$-0.03B,$0.28B,-12.37%,$-0.03B,$0.21B,-14.98%,$41,$12,$29,$10,$27,$49,$-8,$-1,$-9,$0,$-9,$-9,$-9,$-5,$-8,$32,32,$-0.27,$-0.27,$44,$18,$3,$86,$30,$3,$157,$0,$191,$276,$29,$37,$42,$79,$108,$0,$-199,$-0,$168,$276,$-33,$10,$14,$23,$-2,$-0,$-1,$-0,$-5,$-15,$-8,$0,$0,$0,$-4,$-4,$0,$-12,$24,$0,$24,$3,$3,$0,$0,$28,$0,$12,$0
8,2016-09-30,15.82,$5.22,3.03,$4.89,3.24,$-2.94,0.0,$-1.14,0.0,$0.08B,$0.03B,3.19,$0.04B,$0.17B,0.22,$0.15B,$0.11B,72.00%,$0.15B,$-0.03B,-22.67%,$0.15B,$-0.03B,-22.67%,$0.15B,$-0.02B,-16.00%,$0.15B,$-0.04B,-24.00%,$0.15B,$-0.04B,-24.00%,$-0.04B,$0.17B,-20.06%,$-0.04B,$0.02B,-169.41%,$-0.04B,$0.28B,-13.14%,$-0.03B,$0.21B,-16.55%,$38,$11,$27,$8,$25,$45,$-6,$-0,$-7,$0,$-7,$-7,$-7,$-4,$-6,$32,32,$-0.21,$-0.21,$41,$19,$3,$84,$31,$6,$158,$0,$195,$279,$26,$38,$41,$79,$106,$0,$-190,$-0,$173,$279,$-25,$7,$9,$16,$-2,$-1,$-1,$-0,$-7,$-16,$-6,$0,$0,$0,$-13,$-13,$0,$-19,$25,$0,$25,$3,$3,$0,$-0,$27,$-8,$9,$0
9,2016-06-30,14.13,$5.33,2.65,$4.82,2.93,$-3.02,0.0,$-1.15,0.0,$0.09B,$0.03B,3.43,$0.04B,$0.18B,0.22,$0.14B,$0.10B,72.03%,$0.14B,$-0.03B,-23.78%,$0.14B,$-0.03B,-23.78%,$0.14B,$-0.02B,-16.78%,$0.14B,$-0.04B,-24.48%,$0.14B,$-0.04B,-24.48%,$-0.04B,$0.18B,-20.90%,$-0.04B,$0.02B,-92.72%,$-0.04B,$0.28B,-14.24%,$-0.03B,$0.22B,-18.48%,$40,$11,$29,$9,$27,$47,$-8,$-0,$-8,$0,$-8,$-8,$-8,$-5,$-8,$32,32,$-0.26,$-0.26,$42,$19,$3,$86,$31,$6,$158,$0,$195,$282,$25,$38,$41,$79,$105,$0,$-184,$-0,$177,$282,$-18,$5,$6,$11,$-2,$-2,$0,$-1,$-10,$-17,$-4,$0,$0,$0,$-10,$-10,$0,$-14,$25,$0,$25,$2,$2,$0,$-0,$27,$-4,$6,$0
10,2016-03-31,16.83,$5.47,3.08,$4.76,3.53,$-2.90,0.0,$-1.07,0.0,$0.07B,$0.03B,2.5,$0.01B,$0.18B,0.08,$0.14B,$0.10B,71.32%,$0.14B,$-0.03B,-22.79%,$0.14B,$-0.03B,-22.79%,$0.14B,$-0.02B,-16.18%,$0.14B,$-0.03B,-23.53%,$0.14B,$-0.03B,-23.53%,$-0.03B,$0.18B,-20.58%,$-0.03B,$0.02B,-58.99%,$-0.03B,$0.26B,-14.88%,$-0.03B,$0.20B,-19.08%,$36,$10,$26,$9,$27,$45,$-9,$-0,$-10,$0,$-10,$-10,$-10,$-7,$-9,$31,31,$-0.31,$-0.31,$23,$19,$4,$65,$31,$6,$159,$0,$196,$262,$26,$14,$41,$54,$81,$0,$-175,$-0,$181,$262,$-10,$2,$3,$5,$0,$-1,$1,$-1,$-6,$-11,$-3,$0,$0,$0,$10,$10,$0,$7,$-0,$0,$-0,$1,$1,$0,$0,$1,$-3,$3,$0
11,2015-12-31,22.44,$5.78,3.88,$4.72,4.75,$-2.92,0.0,$-0.95,0.0,$0.08B,$0.03B,2.37,$0.01B,$0.19B,0.07,$0.13B,$0.09B,71.54%,$0.13B,$-0.03B,-20.77%,$0.13B,$-0.03B,-20.77%,$0.13B,$-0.02B,-14.62%,$0.13B,$-0.03B,-20.77%,$0.13B,$-0.03B,-20.77%,$-0.03B,$0.19B,-18.95%,$-0.03B,$0.03B,-38.57%,$-0.03B,$0.27B,-14.38%,$-0.03B,$0.20B,-18.49%,$36,$10,$26,$8,$28,$46,$-11,$-0,$-11,$0,$-11,$-11,$-11,$-8,$-11,$28,28,$-0.38,$-0.38,$35,$18,$3,$75,$31,$8,$159,$0,$198,$273,$32,$14,$41,$55,$86,$0,$-166,$-1,$187,$273,$-27,$7,$10,$17,$-1,$-3,$4,$-1,$3,$-8,$-24,$0,$0,$0,$21,$21,$-8,$-11,$11,$0,$11,$3,$3,$0,$-0,$14,$-5,$9,$0
12,2015-09-30,21.91,$4.41,4.97,$4.56,4.81,$-2.95,0.0,$-0.79,0.0,$0.08B,$0.04B,2.15,$0.00B,$0.13B,0.0,$0.12B,$0.09B,70.73%,$0.12B,$-0.02B,-17.07%,$0.12B,$-0.02B,-17.07%,$0.12B,$-0.01B,-11.38%,$0.12B,$-0.02B,-17.07%,$0.12B,$-0.02B,-17.07%,$-0.02B,$0.13B,-16.28%,$-0.02B,$0.08B,-24.71%,$-0.02B,$0.17B,-13.21%,$-0.02B,$0.13B,-16.25%,$31,$9,$22,$7,$22,$38,$-6,$-0,$-6,$0,$-6,$-6,$-6,$-4,$-6,$27,27,$-0.22,$-0.22,$48,$17,$2,$84,$27,$10,$43,$0,$82,$166,$39,$0,$1,$1,$40,$0,$-155,$-0,$125,$166,$-16,$5,$7,$12,$1,$-2,$2,$-0,$1,$-4,$-17,$0,$0,$0,$10,$10,$0,$-8,$9,$0,$9,$3,$3,$0,$0,$12,$0,$7,$0
13,2015-06-30,24.64,$4.51,5.46,$4.40,5.6,$-3.07,0.0,$-0.59,0.0,$0.09B,$0.03B,3.01,$0.00B,$0.13B,0.0,$0.12B,$0.08B,70.59%,$0.12B,$-0.02B,-13.45%,$0.12B,$-0.02B,-13.45%,$0.12B,$-0.01B,-7.56%,$0.12B,$-0.02B,-12.61%,$0.12B,$-0.02B,-12.61%,$-0.02B,$0.13B,-11.41%,$-0.02B,$0.09B,-17.24%,$-0.02B,$0.16B,-9.57%,$-0.02B,$0.13B,-12.17%,$33,$9,$23,$6,$22,$37,$-5,$-0,$-5,$0,$-5,$-5,$-5,$-3,$-5,$27,27,$-0.18,$-0.18,$54,$16,$3,$91,$19,$5,$44,$0,$69,$159,$30,$0,$0,$0,$31,$0,$-149,$-1,$129,$159,$-10,$3,$5,$8,$-0,$-2,$1,$-0,$-4,$-6,$-9,$0,$0,$0,$10,$10,$0,$1,$-0,$0,$-0,$2,$2,$0,$5,$7,$2,$4,$0
14,2015-03-31,20.49,$4.53,4.52,$4.20,4.88,$-3.28,0.0,$-0.51,0.0,$0.09B,$0.03B,3.79,$0.00B,$0.13B,0.0,$0.11B,$0.08B,70.80%,$0.11B,$-0.01B,-12.39%,$0.11B,$-0.01B,-12.39%,$0.11B,$-0.01B,-7.08%,$0.11B,$-0.01B,-11.50%,$0.11B,$-0.01B,-11.50%,$-0.01B,$0.13B,-9.79%,$-0.01B,$0.09B,-14.77%,$-0.01B,$0.15B,-8.33%,$-0.01B,$0.13B,-10.55%,$30,$8,$22,$6,$21,$35,$-5,$-0,$-5,$0,$-5,$-5,$-5,$-4,$-5,$27,27,$-0.19,$-0.19,$56,$15,$3,$93,$14,$2,$44,$0,$60,$153,$25,$0,$0,$0,$25,$0,$-144,$-1,$129,$153,$-5,$2,$2,$4,$-3,$-1,$2,$-1,$-7,$-9,$-3,$0,$0,$0,$6,$6,$0,$3,$2,$0,$2,$0,$0,$0,$0,$2,$-5,$2,$0
15,2014-12-31,19.96,$4.81,4.15,$4.10,4.87,$-3.46,0.0,$-0.63,0.0,$0.09B,$0.03B,3.65,$0.00B,$0.13B,0.0,$0.11B,$0.08B,70.37%,$0.11B,$-0.02B,-15.74%,$0.11B,$-0.02B,-15.74%,$0.11B,$-0.01B,-10.19%,$0.11B,$-0.02B,-14.81%,$0.11B,$-0.02B,-14.81%,$-0.02B,$0.13B,-11.94%,$-0.02B,$0.09B,-17.98%,$-0.02B,$0.16B,-10.16%,$-0.02B,$0.13B,-12.69%,$29,$9,$20,$5,$20,$34,$-5,$-1,$-5,$-0,$-5,$-5,$-5,$-3,$-5,$26,26,$-0.18,$-0.18,$60,$14,$2,$94,$12,$9,$44,$0,$65,$158,$26,$0,$0,$0,$26,$0,$-138,$-0,$133,$158,$-16,$5,$0,$6,$-4,$-4,$-1,$0,$-11,$-22,$-9,$0,$0,$0,$-21,$-21,$0,$-31,$-3,$0,$-3,$69,$69,$0,$0,$66,$13,$8,$0
16,2014-09-30,14.72,$4.92,2.99,$4.05,3.63,$-2.68,0.0,$-0.67,0.0,$0.09B,$0.02B,4.14,$0.00B,$0.14B,0.0,$0.10B,$0.07B,71.29%,$0.10B,$-0.02B,-16.83%,$0.10B,$-0.02B,-16.83%,$0.10B,$-0.01B,-11.88%,$0.10B,$-0.02B,-15.84%,$0.10B,$-0.02B,-15.84%,$-0.02B,$0.14B,-13.45%,$-0.02B,$0.09B,-21.69%,$-0.02B,$0.16B,-10.96%,$-0.02B,$0.14B,-14.17%,$27,$8,$19,$5,$15,$27,$-1,$0,$-0,$0,$-0,$-0,$-0,$1,$-1,$27,27,$-0.02,$-0.02,$59,$15,$2,$91,$10,$12,$45,$0,$66,$157,$22,$0,$0,$0,$22,$0,$-133,$-1,$135,$157,$-11,$4,$-2,$2,$-2,$-5,$-1,$0,$-10,$-20,$-4,$0,$0,$0,$-17,$-17,$0,$-21,$-6,$0,$-6,$68,$68,$0,$-0,$61,$21,$6,$0
17,2014-06-30,18.38,$4.89,3.76,$4.03,4.56,$-1.99,0.0,$-0.78,0.0,$0.09B,$0.02B,5.5,$0.00B,$0.13B,0.0,$0.09B,$0.07B,72.34%,$0.09B,$-0.02B,-20.21%,$0.09B,$-0.02B,-20.21%,$0.09B,$-0.02B,-15.96%,$0.09B,$-0.02B,-20.21%,$0.09B,$-0.02B,-20.21%,$-0.02B,$0.13B,-20.16%,$-0.02B,$0.09B,-31.54%,$-0.02B,$0.16B,-15.67%,$-0.02B,$0.13B,-19.69%,$27,$8,$19,$5,$17,$29,$-3,$0,$-3,$0,$-3,$-3,$-3,$-2,$-3,$27,27,$-0.10,$-0.10,$63,$13,$2,$93,$6,$11,$45,$0,$63,$156,$17,$0,$5,$5,$22,$0,$-133,$-0,$134,$156,$-10,$2,$1,$4,$-1,$-2,$-1,$-0,$-12,$-18,$-2,$0,$0,$0,$-14,$-14,$0,$-16,$-7,$0,$-7,$68,$68,$0,$0,$62,$27,$4,$0
18,2014-03-31,18.81,$4.90,3.84,$4.04,4.66,$-1.41,0.0,$-0.77,0.0,$0.11B,$0.02B,6.7,$0.00B,$0.13B,0.0,$0.09B,$0.06B,73.56%,$0.09B,$-0.02B,-20.69%,$0.09B,$-0.02B,-20.69%,$0.09B,$-0.01B,-16.09%,$0.09B,$-0.02B,-20.69%,$0.09B,$-0.02B,-20.69%,$-0.02B,$0.13B,-25.62%,$-0.02B,$0.09B,-37.89%,$-0.02B,$0.16B,-18.65%,$-0.02B,$0.13B,-24.32%,$25,$7,$18,$4,$22,$33,$-8,$0,$-8,$0,$-8,$-8,$-8,$-7,$-8,$25,25,$-0.31,$-0.31,$79,$11,$2,$107,$6,$0,$45,$0,$51,$159,$16,$0,$8,$8,$24,$0,$-130,$-0,$134,$159,$-8,$1,$2,$3,$-1,$-1,$-1,$0,$-10,$-14,$-1,$0,$0,$0,$8,$8,$0,$7,$-6,$0,$-6,$67,$67,$0,$0,$61,$54,$2,$0
19,2013-12-31,18.68,$3.12,5.98,$4.03,4.64,$-0.94,0.0,$-0.56,0.0,$0.05B,$0.03B,1.97,$0.00B,$0.07B,0.06,$0.08B,$0.06B,74.07%,$0.08B,$-0.01B,-14.81%,$0.08B,$-0.01B,-14.81%,$0.08B,$-0.01B,-9.88%,$0.08B,$-0.01B,-14.81%,$0.08B,$-0.01B,-14.81%,$-0.01B,$0.07B,-25.81%,$-0.01B,$0.03B,-34.29%,$-0.01B,$0.11B,-16.84%,$-0.01B,$0.08B,-23.30%,$22,$6,$16,$4,$17,$27,$-5,$-0,$-5,$0,$-5,$-5,$-5,$-4,$-5,$20,20,$-0.24,$-0.24,$26,$10,$2,$52,$6,$8,$46,$0,$59,$112,$27,$4,$8,$13,$39,$0,$-122,$-0,$73,$112,$-11,$2,$3,$5,$-1,$-2,$1,$-1,$1,$-5,$-3,$0,$0,$0,$-15,$-15,$4,$-14,$-2,$0,$-2,$29,$29,$0,$0,$27,$7,$3,$0
20,2013-09-30,10.98,$1.72,6.37,$4.09,2.68,$-0.85,0.0,$-0.44,0.0,$0.05B,$0.02B,2.98,$0.01B,$0.04B,0.14,$0.08B,$0.06B,74.03%,$0.08B,$-0.01B,-11.69%,$0.08B,$-0.01B,-11.69%,$0.08B,$-0.01B,-6.49%,$0.08B,$-0.01B,-11.69%,$0.08B,$-0.01B,-11.69%,$-0.01B,$0.04B,-28.57%,$-0.01B,$0.04B,-28.80%,$-0.01B,$0.06B,-17.56%,$-0.01B,$0.04B,-24.32%,$20,$5,$15,$3,$14,$23,$-3,$-0,$-3,$0,$-3,$-3,$-3,$-2,$-3,$21,21,$-0.13,$-0.13,$30,$7,$1,$49,$4,$5,$0,$0,$9,$58,$16,$5,$0,$5,$21,$0,$-117,$0,$36,$58,$-6,$2,$2,$4,$-1,$-1,$0,$0,$1,$-2,$-2,$0,$0,$0,$-4,$-4,$0,$-6,$-2,$0,$-2,$28,$28,$0,$0,$27,$18,$2,$0
21,2013-06-30,9.5,$1.82,5.23,$4.11,2.31,$-0.91,0.0,$-0.47,0.0,$0.05B,$0.01B,3.99,$0.01B,$0.04B,0.14,$0.07B,$0.05B,73.97%,$0.07B,$-0.01B,-12.33%,$0.07B,$-0.01B,-12.33%,$0.07B,$-0.01B,-6.85%,$0.07B,$-0.01B,-12.33%,$0.07B,$-0.01B,-12.33%,$-0.01B,$0.04B,-34.62%,$-0.01B,$0.04B,-34.95%,$-0.01B,$0.06B,-19.89%,$-0.01B,$0.04B,-28.35%,$20,$5,$15,$3,$14,$22,$-2,$-0,$-2,$0,$-2,$-2,$-2,$-1,$-2,$21,21,$-0.09,$-0.09,$35,$6,$1,$53,$4,$0,$0,$0,$4,$57,$13,$5,$1,$6,$19,$0,$-114,$-0,$38,$57,$-4,$1,$1,$2,$-1,$-0,$0,$-0,$-1,$-3,$-1,$0,$0,$0,$0,$0,$0,$-1,$-1,$0,$-1,$28,$28,$0,$0,$27,$23,$1,$0
22,2013-03-31,7.92,$1.85,4.29,$4.25,1.86,$-0.88,0.0,$-0.46,0.0,$0.05B,$0.01B,4.28,$0.01B,$0.04B,0.15,$0.07B,$0.05B,73.24%,$0.07B,$-0.01B,-11.27%,$0.07B,$-0.01B,-11.27%,$0.07B,$-0.01B,-7.04%,$0.07B,$-0.01B,-11.27%,$0.07B,$-0.01B,-11.27%,$-0.01B,$0.04B,-39.51%,$-0.01B,$0.04B,-40.00%,$-0.01B,$0.06B,-20.00%,$-0.01B,$0.04B,-30.48%,$19,$5,$14,$4,$12,$21,$-2,$-0,$-2,$0,$-2,$-2,$-2,$-1,$-2,$20,20,$-0.10,$-0.10,$36,$6,$2,$54,$3,$0,$0,$0,$4,$58,$13,$6,$1,$7,$20,$0,$-113,$-0,$39,$58,$-2,$0,$1,$1,$-1,$-0,$0,$-1,$-2,$-3,$-0,$0,$0,$0,$-1,$-1,$0,$-1,$-1,$0,$-1,$28,$28,$0,$0,$27,$23,$1,$0
23,2012-12-31,6.9,$0.74,9.33,$4.35,1.59,$-0.83,0.0,$-0.46,0.0,$0.03B,$0.01B,2.34,$0.01B,$0.01B,0.51,$0.07B,$0.05B,73.91%,$0.07B,$-0.01B,-10.14%,$0.07B,$-0.01B,-10.14%,$0.07B,$-0.01B,-7.25%,$0.07B,$-0.01B,-11.59%,$0.07B,$-0.01B,-11.59%,$-0.01B,$0.01B,-56.14%,$-0.01B,$0.01B,-57.14%,$-0.01B,$0.03B,-23.02%,$-0.01B,$0.02B,-33.33%,$18,$5,$13,$3,$12,$20,$-2,$-0,$-2,$0,$-2,$-2,$-2,$-1,$-2,$16,16,$-0.13,$-0.13,$12,$6,$1,$29,$3,$0,$0,$0,$4,$32,$12,$6,$1,$8,$20,$0,$-111,$0,$13,$32,$-8,$2,$4,$6,$-0,$1,$-0,$-0,$0,$-2,$-3,$0,$0,$0,$0,$0,$0,$-3,$2,$0,$2,$1,$1,$0,$0,$3,$-2,$3,$0
24,2012-09-30,7.44,$0.81,9.15,$4.28,1.74,$-0.75,0.0,$-0.47,0.0,$0.03B,$0.01B,2.6,$0.01B,$0.01B,0.51,$0.07B,$0.05B,73.53%,$0.07B,$-0.01B,-10.29%,$0.07B,$-0.01B,-10.29%,$0.07B,$-0.01B,-7.35%,$0.07B,$-0.01B,-11.76%,$0.07B,$-0.01B,-11.76%,$-0.01B,$0.01B,-53.33%,$-0.01B,$0.01B,-53.33%,$-0.01B,$0.03B,-22.70%,$-0.01B,$0.02B,-32.56%,$16,$5,$12,$3,$11,$19,$-3,$-0,$-3,$0,$-3,$-3,$-3,$-2,$-3,$16,16,$-0.16,$-0.16,$13,$7,$1,$30,$3,$0,$0,$0,$4,$34,$12,$7,$2,$9,$20,$0,$-109,$0,$14,$34,$-6,$2,$3,$5,$0,$-0,$-0,$-0,$-1,$-2,$-2,$0,$0,$0,$-0,$-0,$0,$-3,$2,$0,$2,$1,$1,$0,$-0,$3,$-2,$3,$0
25,2012-06-30,9.61,$0.90,10.71,$4.26,2.26,$-0.60,0.0,$-0.38,0.0,$0.03B,$0.01B,2.68,$0.01B,$0.02B,0.49,$0.07B,$0.05B,73.13%,$0.07B,$-0.01B,-7.46%,$0.07B,$-0.01B,-7.46%,$0.07B,$-0.00B,-5.97%,$0.07B,$-0.01B,-8.96%,$0.07B,$-0.01B,-8.96%,$-0.01B,$0.02B,-38.71%,$-0.01B,$0.02B,-38.71%,$-0.01B,$0.04B,-17.02%,$-0.01B,$0.02B,-22.99%,$18,$6,$13,$3,$11,$20,$-1,$0,$-1,$0,$-1,$-1,$-1,$-1,$-1,$16,16,$-0.08,$-0.08,$13,$6,$1,$31,$3,$1,$0,$0,$5,$36,$12,$7,$2,$9,$21,$0,$-106,$-0,$15,$36,$-3,$1,$2,$3,$-1,$0,$-0,$-0,$-1,$-1,$-1,$0,$0,$0,$-2,$-2,$0,$-3,$3,$0,$3,$1,$1,$0,$-0,$3,$-1,$2,$0
26,2012-03-31,9.95,$0.89,11.19,$4.20,2.37,$-0.51,0.0,$-0.36,0.0,$0.03B,$0.01B,2.8,$0.01B,$0.02B,0.54,$0.07B,$0.05B,72.73%,$0.07B,$-0.01B,-7.58%,$0.07B,$-0.01B,-7.58%,$0.07B,$-0.00B,-4.55%,$0.07B,$-0.01B,-9.09%,$0.07B,$-0.01B,-9.09%,$-0.01B,$0.02B,-37.50%,$-0.01B,$0.02B,-37.50%,$-0.01B,$0.04B,-17.02%,$-0.01B,$0.02B,-22.73%,$17,$5,$13,$3,$11,$19,$-1,$-0,$-2,$0,$-2,$-2,$-2,$-1,$-1,$16,16,$-0.10,$-0.10,$15,$7,$1,$33,$3,$1,$0,$0,$3,$37,$12,$8,$2,$10,$22,$0,$-105,$0,$15,$37,$-2,$1,$1,$1,$-0,$-0,$-0,$-0,$-1,$-1,$-1,$0,$0,$0,$-0,$-0,$0,$-1,$3,$0,$3,$0,$0,$0,$-0,$3,$2,$1,$0
27,2011-12-31,11.1,$0.95,11.64,$4.12,2.69,$-0.48,0.0,$-0.34,0.0,$0.03B,$0.01B,2.89,$0.01B,$0.02B,0.32,$0.07B,$0.05B,72.31%,$0.07B,$-0.01B,-7.69%,$0.07B,$-0.01B,-7.69%,$0.07B,$-0.00B,-3.08%,$0.07B,$-0.01B,-7.69%,$0.07B,$-0.01B,-7.69%,$-0.01B,$0.02B,-30.77%,$-0.01B,$0.02B,-30.77%,$-0.01B,$0.03B,-14.18%,$-0.01B,$0.02B,-22.99%,$17,$5,$12,$3,$10,$18,$-2,$-0,$-2,$0,$-2,$-2,$-2,$-1,$-2,$16,16,$-0.14,$-0.14,$14,$7,$1,$31,$2,$0,$0,$0,$3,$34,$11,$5,$3,$7,$18,$0,$-103,$-0,$16,$34,$-5,$2,$3,$5,$-0,$-1,$1,$-0,$-2,$-2,$-1,$0,$0,$0,$4,$4,$0,$3,$3,$0,$3,$1,$1,$0,$0,$5,$6,$3,$0
28,2011-09-30,9.74,$0.99,9.85,$4.14,2.35,$-0.39,0.0,$-0.21,0.0,$0.03B,$0.01B,3.18,$0.01B,$0.02B,0.33,$0.06B,$0.05B,73.44%,$0.06B,$-0.00B,-4.69%,$0.06B,$-0.00B,-4.69%,$0.06B,$-0.00B,-1.56%,$0.06B,$-0.00B,-4.69%,$0.06B,$-0.00B,-4.69%,$-0.00B,$0.02B,-18.18%,$-0.00B,$0.02B,-18.18%,$-0.00B,$0.03B,-8.51%,$-0.00B,$0.02B,-14.46%,$15,$4,$11,$3,$9,$16,$-1,$0,$-1,$0,$-1,$-1,$-1,$-1,$-1,$16,16,$-0.07,$-0.07,$15,$7,$1,$32,$2,$0,$0,$0,$2,$34,$10,$5,$3,$8,$18,$0,$-101,$-0,$16,$34,$-3,$2,$2,$4,$1,$-1,$0,$-0,$-2,$-1,$-1,$0,$0,$0,$-3,$-3,$0,$-4,$4,$0,$4,$1,$1,$0,$0,$4,$-1,$2,$0
29,2011-06-30,12.9,$1.04,12.41,$4.13,3.12,$-0.48,0.0,$-0.21,0.0,$0.03B,$0.01B,3.12,$0.01B,$0.02B,0.34,$0.06B,$0.05B,74.60%,$0.06B,$-0.00B,-4.76%,$0.06B,$-0.00B,-4.76%,$0.06B,0,0.00%,$0.06B,$-0.00B,-4.76%,$0.06B,$-0.00B,-4.76%,$-0.00B,$0.02B,-18.18%,$-0.00B,$0.02B,-18.18%,$-0.00B,$0.04B,-8.39%,$-0.00B,$0.02B,-15.19%,$17,$5,$12,$3,$10,$18,$-1,$-0,$-1,$0,$-1,$-1,$-1,$-0,$-1,$16,16,$-0.06,$-0.06,$16,$6,$1,$33,$2,$1,$0,$0,$3,$36,$11,$6,$3,$9,$19,$0,$-100,$0,$17,$36,$-2,$1,$2,$3,$-0,$-0,$1,$-0,$-1,$-1,$-1,$0,$0,$0,$-4,$-4,$0,$-5,$4,$0,$4,$1,$1,$0,$-0,$5,$-0,$2,$0
30,2011-03-31,11.38,$1.00,11.4,$4.00,2.84,$-0.60,0.0,$-0.20,0.0,$0.03B,$0.01B,2.95,$0.01B,$0.02B,0.38,$0.06B,$0.05B,76.67%,$0.06B,$-0.00B,-3.33%,$0.06B,$-0.00B,-3.33%,$0.06B,0,0.00%,$0.06B,$-0.00B,-5.00%,$0.06B,$-0.00B,-5.00%,$-0.00B,$0.02B,-18.46%,$-0.00B,$0.02B,-18.46%,$-0.00B,$0.04B,-8.45%,$-0.00B,$0.02B,-10.96%,$16,$4,$12,$3,$10,$17,$-1,$-0,$-1,$0,$-1,$-1,$-1,$-0,$-1,$15,15,$-0.08,$-0.08,$16,$6,$3,$34,$3,$0,$0,$0,$3,$37,$12,$6,$3,$9,$21,$0,$-99,$0,$16,$37,$-1,$1,$1,$2,$0,$-0,$-0,$-0,$-1,$-1,$-0,$0,$0,$0,$0,$0,$0,$0,$5,$0,$5,$-0,$-0,$0,$-0,$4,$3,$1,$0
31,2010-12-31,10.27,$1.07,9.61,$3.92,2.62,$-0.75,0.0,$-0.25,0.0,$0.03B,$0.01B,2.35,$0.00B,$0.02B,0.04,$0.06B,$0.05B,77.59%,$0.06B,$-0.00B,-5.17%,$0.06B,$-0.00B,-5.17%,$0.06B,$-0.00B,-1.72%,$0.06B,$-0.00B,-6.90%,$0.06B,$-0.00B,-6.90%,$-0.00B,$0.02B,-24.62%,$-0.00B,$0.02B,-24.62%,$-0.00B,$0.03B,-11.59%,$-0.00B,$0.02B,-17.39%,$16,$4,$12,$4,$9,$17,$-0,$0,$0,$0,$0,$0,$0,$0,$-0,$15,15,$0.00,$0.00,$13,$6,$3,$31,$3,$0,$0,$0,$3,$34,$13,$1,$3,$4,$17,$0,$-98,$0,$17,$34,$-4,$3,$3,$5,$-2,$-1,$1,$1,$-2,$-0,$-2,$0,$0,$0,$-2,$-2,$0,$-3,$-2,$0,$-2,$1,$1,$0,$0,$-1,$-5,$3,$0
32,2010-09-30,7.87,$1.01,7.81,$3.78,2.08,$-0.69,0.0,$-0.41,0.0,$0.03B,$0.02B,2.06,$0.00B,$0.02B,0.08,$0.06B,$0.04B,76.79%,$0.06B,$-0.01B,-8.93%,$0.06B,$-0.01B,-8.93%,$0.06B,$-0.00B,-3.57%,$0.06B,$-0.01B,-10.71%,$0.06B,$-0.01B,-10.71%,$-0.01B,$0.02B,-36.92%,$-0.01B,$0.02B,-36.92%,$-0.01B,$0.04B,-17.27%,$-0.01B,$0.02B,-27.78%,$14,$3,$11,$3,$9,$15,$-1,$-0,$-1,$0,$-1,$-1,$-1,$-0,$-1,$15,15,$-0.07,$-0.07,$11,$7,$1,$32,$3,$0,$0,$0,$3,$36,$16,$1,$3,$4,$20,$0,$-98,$0,$16,$36,$-4,$2,$2,$4,$-2,$-2,$1,$1,$-2,$-2,$-2,$0,$0,$0,$-1,$-1,$0,$-3,$-2,$0,$-2,$0,$0,$0,$-0,$-1,$-5,$2,$0
33,2010-06-30,6.65,$1.01,6.57,$3.73,1.78,$-0.53,0.0,$-0.66,0.0,$0.03B,$0.01B,2.22,$0.00B,$0.02B,0.11,$0.06B,$0.04B,76.36%,$0.06B,$-0.01B,-14.55%,$0.06B,$-0.01B,-14.55%,$0.06B,$-0.01B,-10.91%,$0.06B,$-0.01B,-18.18%,$0.06B,$-0.01B,-18.18%,$-0.01B,$0.02B,-59.70%,$-0.01B,$0.02B,-59.70%,$-0.01B,$0.04B,-28.78%,$-0.01B,$0.02B,-42.11%,$14,$3,$11,$2,$9,$15,$-0,$-0,$-1,$0,$-1,$-1,$-1,$0,$-0,$15,15,$-0.05,$-0.05,$12,$6,$1,$31,$3,$0,$0,$0,$3,$35,$14,$2,$3,$5,$19,$0,$-97,$-0,$16,$35,$-3,$1,$1,$3,$-1,$-1,$0,$0,$-2,$-2,$-1,$0,$0,$0,$2,$2,$0,$1,$-1,$0,$-1,$0,$0,$0,$-0,$-1,$-2,$1,$0
34,2010-03-31,5.89,$1.02,5.75,$3.74,1.57,$-0.47,0.0,$-0.71,0.0,$0.03B,$0.01B,2.53,$0.00B,$0.02B,0.14,$0.06B,$0.04B,76.36%,$0.06B,$-0.01B,-16.36%,$0.06B,$-0.01B,-16.36%,$0.06B,$-0.01B,-10.91%,$0.06B,$-0.01B,-18.18%,$0.06B,$-0.01B,-18.18%,$-0.01B,$0.02B,-54.79%,$-0.01B,$0.02B,-54.79%,$-0.01B,$0.03B,-28.78%,$-0.01B,$0.02B,-42.35%,$14,$3,$11,$3,$10,$16,$-2,$-0,$-2,$0,$-2,$-2,$-2,$-1,$-2,$15,15,$-0.13,$-0.13,$12,$5,$4,$30,$3,$0,$0,$0,$3,$33,$12,$2,$3,$5,$17,$0,$-96,$0,$16,$33,$-2,$1,$1,$2,$-1,$-1,$1,$-0,$-2,$-3,$-0,$0,$0,$0,$-1,$-1,$0,$-2,$-1,$0,$-1,$0,$0,$0,$-0,$-1,$-5,$1,$0
35,2009-12-31,6.04,$1.11,5.43,$3.77,1.6,$-0.44,0.0,$-1.14,0.0,$0.03B,$0.01B,2.66,$0.00B,$0.02B,0.16,$0.06B,$0.04B,76.36%,$0.06B,$-0.02B,-27.27%,$0.06B,$-0.02B,-27.27%,$0.06B,$-0.01B,-10.91%,$0.06B,$-0.02B,-29.09%,$0.06B,$-0.02B,-29.09%,$-0.02B,$0.02B,-81.01%,$-0.02B,$0.02B,-81.01%,$-0.02B,$0.04B,-47.76%,$-0.02B,$0.02B,-67.42%,$14,$3,$10,$3,$10,$16,$-2,$-0,$-2,$-0,$-2,$-2,$-2,$-1,$-2,$15,15,$-0.15,$-0.15,$16,$5,$4,$31,$3,$0,$0,$0,$4,$35,$12,$3,$3,$6,$18,$0,$-94,$0,$17,$35,$-16,$9,$8,$17,$-1,$2,$-2,$0,$-1,$0,$-1,$0,$0,$0,$-7,$-7,$6,$-2,$-1,$0,$-1,$0,$0,$0,$0,$-1,$-3,$4,$0
36,2009-09-30,4.72,$1.22,3.87,$3.67,1.29,$-0.90,0.0,$-1.21,0.0,$0.03B,$0.01B,2.74,$0.00B,$0.02B,0.17,$0.05B,$0.04B,77.36%,$0.05B,$-0.02B,-30.19%,$0.05B,$-0.02B,-30.19%,$0.05B,$-0.01B,-15.09%,$0.05B,$-0.02B,-32.08%,$0.05B,$-0.02B,-32.08%,$-0.02B,$0.02B,-74.73%,$-0.02B,$0.02B,-80.95%,$-0.02B,$0.04B,-47.89%,$-0.02B,$0.02B,-61.54%,$13,$3,$10,$3,$8,$18,$-4,$-0,$-5,$-0,$-5,$-5,$-5,$-4,$-4,$15,15,$-0.32,$-0.32,$15,$5,$4,$31,$3,$1,$0,$0,$5,$36,$11,$3,$3,$6,$18,$0,$-92,$0,$18,$36,$-14,$9,$7,$15,$0,$1,$-1,$-0,$-1,$0,$-1,$0,$0,$0,$-6,$-6,$6,$-1,$-0,$0,$-0,$0,$0,$0,$-0,$-1,$-1,$3,$0
37,2009-06-30,3.5,$1.50,2.33,$3.80,0.92,$-1.31,0.0,$-1.01,0.0,$0.03B,$0.01B,3.39,$0.00B,$0.02B,0.16,$0.06B,$0.04B,76.36%,$0.06B,$-0.01B,-25.45%,$0.06B,$-0.01B,-25.45%,$0.06B,$-0.01B,-9.09%,$0.06B,$-0.01B,-25.45%,$0.06B,$-0.01B,-25.45%,$-0.01B,$0.02B,-53.85%,$-0.01B,$0.02B,-62.22%,$-0.01B,$0.04B,-36.84%,$-0.01B,$0.03B,-46.67%,$14,$3,$11,$3,$9,$15,$-1,$-0,$-1,$-0,$-1,$-1,$-1,$-0,$-1,$14,14,$-0.10,$-0.10,$16,$6,$2,$31,$3,$0,$0,$0,$4,$35,$9,$4,$0,$4,$13,$0,$-87,$0,$22,$35,$-9,$8,$2,$10,$-1,$0,$-1,$-0,$-2,$-1,$-1,$0,$0,$0,$-2,$-2,$6,$3,$0,$0,$0,$0,$0,$0,$-0,$0,$2,$2,$0
38,2009-03-31,1.28,$1.50,0.85,$3.90,0.33,$-1.71,0.0,$-1.02,0.0,$0.02B,$0.01B,4.15,$0.00B,$0.02B,0.0,$0.06B,$0.04B,75.00%,$0.06B,$-0.02B,-26.79%,$0.06B,$-0.02B,-26.79%,$0.06B,$-0.01B,-10.71%,$0.06B,$-0.02B,-26.79%,$0.06B,$-0.02B,-26.79%,$-0.02B,$0.02B,-52.63%,$-0.02B,$0.02B,-64.52%,$-0.02B,$0.03B,-37.97%,$-0.02B,$0.02B,-47.24%,$14,$3,$11,$3,$9,$22,$-8,$-0,$-8,$-0,$-8,$-8,$-8,$-1,$-8,$14,14,$-0.56,$-0.56,$9,$6,$2,$24,$4,$0,$0,$0,$4,$28,$6,$0,$0,$0,$6,$0,$-85,$-0,$22,$28,$-8,$7,$1,$9,$-1,$1,$-2,$-0,$-3,$-2,$-0,$0,$0,$0,$0,$0,$6,$6,$-6,$0,$-6,$0,$0,$0,$-0,$-6,$-3,$1,$0
39,2008-12-31,2.22,$2.04,1.09,$3.90,0.57,$-1.85,0.0,$-0.71,0.0,$0.03B,$0.01B,3.22,$0.01B,$0.03B,0.21,$0.06B,$0.04B,73.21%,$0.06B,$-0.01B,-19.64%,$0.06B,$-0.01B,-19.64%,$0.06B,$-0.01B,-14.29%,$0.06B,$-0.01B,-19.64%,$0.06B,$-0.01B,-19.64%,$-0.01B,$0.03B,-35.20%,$-0.01B,$0.02B,-45.36%,$-0.01B,$0.04B,-25.29%,$-0.01B,$0.04B,-31.65%,$12,$3,$9,$3,$10,$16,$-3,$0,$-3,$0,$-3,$-3,$-3,$-3,$-3,$14,14,$-0.24,$-0.24,$11,$6,$2,$26,$4,$0,$7,$6,$17,$43,$8,$6,$0,$6,$14,$0,$-77,$-0,$29,$43,$-10,$3,$3,$6,$1,$-1,$1,$-0,$-1,$-6,$-2,$0,$-0,$0,$7,$7,$-6,$-1,$5,$0,$5,$0,$0,$0,$0,$5,$-2,$3,$0
40,2008-09-30,9.91,$2.19,4.52,$4.03,2.46,$-2.15,0.0,$-0.59,0.0,$0.03B,$0.01B,3.35,$0.01B,$0.03B,0.19,$0.06B,$0.04B,75.44%,$0.06B,$-0.01B,-17.54%,$0.06B,$-0.01B,-17.54%,$0.06B,$-0.01B,-10.53%,$0.06B,$-0.01B,-17.54%,$0.06B,$-0.01B,-17.54%,$-0.01B,$0.03B,-30.30%,$-0.01B,$0.02B,-38.46%,$-0.01B,$0.05B,-22.60%,$-0.01B,$0.04B,-28.37%,$15,$3,$11,$3,$10,$17,$-2,$0,$-2,$0,$-2,$-2,$-2,$-1,$-2,$14,14,$-0.12,$-0.12,$12,$5,$1,$28,$4,$0,$7,$6,$18,$46,$8,$6,$0,$6,$14,$0,$-74,$-0,$31,$46,$-7,$2,$2,$4,$-2,$-0,$-0,$-0,$-2,$-5,$-2,$0,$-0,$0,$7,$7,$-6,$-1,$5,$0,$5,$0,$0,$0,$-0,$5,$-1,$2,$0
41,2008-06-30,10.8,$2.29,4.72,$3.84,2.81,$-2.41,0.0,$-0.65,0.0,$0.03B,$0.01B,3.91,$0.00B,$0.03B,0.02,$0.05B,$0.04B,75.93%,$0.05B,$-0.01B,-20.37%,$0.05B,$-0.01B,-20.37%,$0.05B,$-0.01B,-12.96%,$0.05B,$-0.01B,-20.37%,$0.05B,$-0.01B,-20.37%,$-0.01B,$0.03B,-31.65%,$-0.01B,$0.03B,-40.00%,$-0.01B,$0.04B,-24.86%,$-0.01B,$0.03B,-30.99%,$15,$3,$11,$3,$11,$17,$-2,$0,$-2,$0,$-2,$-2,$-2,$-1,$-2,$14,14,$-0.11,$-0.11,$12,$6,$1,$28,$4,$0,$7,$0,$12,$41,$7,$1,$0,$1,$8,$0,$-73,$0,$32,$41,$-5,$1,$1,$3,$-2,$-1,$-1,$0,$-4,$-7,$-1,$0,$-0,$0,$5,$5,$0,$4,$-0,$0,$-0,$0,$0,$0,$0,$-0,$-3,$1,$0
42,2008-03-31,12.74,$2.36,5.41,$3.75,3.4,$-2.42,0.0,$-0.76,0.0,$0.03B,$0.01B,3.23,$0.00B,$0.03B,0.01,$0.05B,$0.04B,78.43%,$0.05B,$-0.01B,-23.53%,$0.05B,$-0.01B,-23.53%,$0.05B,$-0.01B,-17.65%,$0.05B,$-0.01B,-23.53%,$0.05B,$-0.01B,-23.53%,$-0.01B,$0.03B,-32.65%,$-0.01B,$0.03B,-40.00%,$-0.01B,$0.04B,-25.81%,$-0.01B,$0.03B,-32.21%,$14,$3,$10,$2,$12,$17,$-4,$0,$-4,$0,$-4,$-4,$-4,$-3,$-4,$14,14,$-0.25,$-0.25,$15,$6,$1,$31,$5,$0,$8,$0,$12,$44,$10,$0,$0,$1,$10,$0,$-71,$0,$33,$44,$-4,$1,$1,$1,$-1,$-1,$1,$0,$-2,$-4,$-1,$0,$0,$0,$5,$5,$0,$4,$-1,$0,$-1,$0,$0,$0,$0,$-0,$0,$1,$0
43,2007-12-31,13.11,$2.56,5.11,$3.66,3.58,$-2.38,0.0,$-0.86,0.0,$0.03B,$0.01B,3.67,$0.00B,$0.04B,0.01,$0.05B,$0.04B,81.25%,$0.05B,$-0.01B,-27.08%,$0.05B,$-0.01B,-27.08%,$0.05B,$-0.01B,-20.83%,$0.05B,$-0.01B,-25.00%,$0.05B,$-0.01B,-25.00%,$-0.01B,$0.04B,-34.04%,$-0.01B,$0.03B,-41.03%,$-0.01B,$0.05B,-26.97%,$-0.01B,$0.04B,-36.36%,$13,$3,$11,$3,$10,$15,$-2,$0,$-2,$0,$-2,$-2,$-2,$-1,$-2,$13,13,$-0.09,$-0.09,$20,$5,$1,$34,$4,$0,$8,$0,$12,$46,$9,$0,$0,$1,$10,$0,$-67,$0,$36,$46,$-11,$2,$2,$4,$-1,$-1,$1,$0,$-1,$-8,$-3,$0,$-3,$0,$-2,$-2,$0,$-9,$-0,$0,$-0,$15,$15,$0,$0,$15,$-2,$2,$0
44,2007-09-30,10.64,$2.67,3.99,$3.56,2.99,$-2.71,0.0,$-1.10,0.0,$0.03B,$0.01B,4.55,$0.00B,$0.04B,0.01,$0.05B,$0.04B,78.26%,$0.05B,$-0.02B,-32.61%,$0.05B,$-0.02B,-32.61%,$0.05B,$-0.01B,-28.26%,$0.05B,$-0.01B,-30.43%,$0.05B,$-0.01B,-30.43%,$-0.01B,$0.04B,-41.18%,$-0.01B,$0.03B,-49.12%,$-0.01B,$0.05B,-32.75%,$-0.02B,$0.04B,-43.80%,$12,$3,$9,$2,$10,$15,$-3,$0,$-3,$0,$-3,$-3,$-3,$-2,$-3,$14,14,$-0.18,$-0.18,$21,$4,$1,$34,$4,$0,$7,$0,$12,$46,$8,$0,$0,$1,$8,$0,$-66,$0,$38,$46,$-10,$2,$1,$3,$-1,$-0,$0,$0,$-1,$-8,$-2,$0,$-3,$0,$1,$1,$0,$-5,$-0,$0,$-0,$15,$15,$0,$0,$15,$2,$1,$0
45,2007-06-30,8.54,$2.81,3.03,$3.47,2.46,$-2.93,0.0,$-1.18,0.0,$0.04B,$0.01B,4.44,$0.00B,$0.04B,0.01,$0.04B,$0.03B,79.07%,$0.04B,$-0.02B,-34.88%,$0.04B,$-0.02B,-34.88%,$0.04B,$-0.01B,-32.56%,$0.04B,$-0.01B,-32.56%,$0.04B,$-0.01B,-32.56%,$-0.01B,$0.04B,-42.42%,$-0.01B,$0.04B,-49.12%,$-0.01B,$0.05B,-33.53%,$-0.02B,$0.04B,-44.78%,$12,$3,$10,$3,$10,$16,$-3,$0,$-3,$0,$-3,$-3,$-3,$-3,$-3,$13,13,$-0.22,$-0.22,$29,$4,$1,$41,$4,$0,$5,$0,$9,$50,$9,$0,$0,$1,$10,$0,$-63,$-0,$40,$50,$-7,$1,$1,$2,$-1,$-1,$1,$1,$-0,$-6,$-1,$0,$0,$0,$4,$4,$0,$2,$-0,$0,$-0,$17,$17,$0,$0,$16,$13,$1,$0
46,2007-03-31,10.21,$2.20,4.63,$3.31,3.08,$-2.95,0.0,$-1.22,0.0,$0.03B,$0.01B,3.38,$0.00B,$0.03B,0.02,$0.04B,$0.03B,78.05%,$0.04B,$-0.02B,-39.02%,$0.04B,$-0.02B,-39.02%,$0.04B,$-0.01B,-34.15%,$0.04B,$-0.01B,-34.15%,$0.04B,$-0.01B,-34.15%,$-0.01B,$0.03B,-43.41%,$-0.01B,$0.02B,-50.00%,$-0.01B,$0.04B,-34.78%,$-0.02B,$0.03B,-48.48%,$11,$2,$9,$3,$10,$16,$-5,$1,$-4,$0,$-4,$-4,$-4,$-4,$-5,$12,12,$-0.35,$-0.35,$16,$4,$1,$28,$4,$0,$5,$0,$8,$36,$8,$1,$0,$1,$9,$0,$-60,$0,$27,$36,$-4,$1,$1,$1,$0,$-1,$2,$0,$0,$-3,$-1,$0,$0,$0,$2,$2,$0,$1,$-0,$0,$-0,$0,$0,$0,$0,$0,$-2,$1,$0
47,2006-12-31,8.94,$2.52,3.55,$3.15,2.83,$-2.99,0.0,$-1.13,0.0,$0.03B,$0.01B,4.01,$0.00B,$0.03B,0.02,$0.04B,$0.03B,76.92%,$0.04B,$-0.01B,-35.90%,$0.04B,$-0.01B,-35.90%,$0.04B,$-0.01B,-33.33%,$0.04B,$-0.01B,-33.33%,$0.04B,$-0.01B,-33.33%,$-0.01B,$0.03B,-36.62%,$-0.01B,$0.03B,-41.94%,$-0.01B,$0.04B,-30.23%,$-0.01B,$0.03B,-38.62%,$11,$2,$8,$3,$9,$15,$-4,$0,$-4,$0,$-4,$-4,$-4,$-4,$-4,$12,12,$-0.35,$-0.35,$19,$3,$1,$31,$4,$0,$5,$0,$8,$39,$8,$1,$0,$1,$8,$0,$-56,$0,$31,$39,$-14,$2,$1,$3,$-2,$-1,$2,$-0,$-2,$-12,$-2,$0,$0,$0,$2,$2,$0,$0,$-0,$0,$-0,$0,$0,$0,$0,$-0,$-13,$1,$0
