,Date,Stock Price,Book Value per Share,Price to Book Ratio,TTM Sales per Share,Price to Sales Ratio,TTM FCF per Share,Price to FCF Ratio,TTM Net EPS,PE Ratio,Current Assets,Current Liabilities,Current Ratio,Long Term Debt,Shareholder's Equity_x,Debt to Equity Ratio,TTM Revenue_x,TTM Gross Profit,Gross Margin,TTM Revenue_y,TTM Operating Income,Operating Margin,TTM Revenue_x,TTM EBIT,EBIT Margin,TTM Revenue_y,TTM EBITDA,EBITDA Margin,TTM Revenue_x,TTM Pre-Tax Income,Pre-Tax Margin,TTM Revenue_y,TTM Net Income_x,Net Margin,TTM Net Income_y,Shareholder's Equity_y,Return on Equity,TTM Net Income_x,Tangible Equity,Return on Tangible Equity,TTM Net Income_y,Total Assets,Return on Assets,TTM Net Income,LT Investments & Debt,Return on Investment,revenue,cost-goods-sold,gross-profit,research-development-expenses,selling-general-administrative-expenses,operating-expenses,operating-income,total-non-operating-income-expense,pre-tax-income,total-provision-income-taxes,income-after-taxes,income-from-continuous-operations,net-income,ebitda,ebit,basic-shares-outstanding,shares-outstanding,eps-basic-net-earnings-per-share,eps-earnings-per-share-diluted,cash-on-hand,inventory,other-current-assets,total-current-assets,net-property-plant-equipment,long-term-investments,goodwill-intangible-assets-total,other-long-term-assets,total-long-term-assets,total-assets,total-current-liabilities,long-term-debt,other-non-current-liabilities,total-long-term-liabilities,total-liabilities,common-stock-net,retained-earnings-accumulated-deficit,comprehensive-income,total-share-holder-equity,total-liabilities-share-holders-equity,net-income-loss,total-depreciation-amortization-cash-flow,other-non-cash-items,total-non-cash-items,change-in-accounts-receivable,change-in-inventories,change-in-accounts-payable,change-in-assets-liabilities,total-change-in-assets-liabilities,cash-flow-from-operating-activities,net-change-in-property-plant-equipment,net-change-in-intangible-assets,net-acquisitions-divestitures,net-change-in-short-term-investments,net-change-in-long-term-investments,net-change-in-investments-total,investing-activities-other,cash-flow-from-investing-activities,net-long-term-debt,net-current-debt,debt-issuance-retirement-net-total,net-common-equity-issued-repurchased,net-total-equity-issued-repurchased,total-common-preferred-stock-dividends-paid,financial-activities-other,cash-flow-from-financial-activities,net-cash-flow,stock-based-compensation,common-stock-dividends-paid
0,2018-09-30,694.8,$110.72,6.28,$81.61,8.51,$41.89,16.59,$18.93,36.7,$0.12B,$0.01B,10.1,$0.00B,$0.21B,0.0,$0.15B,$0.07B,47.68%,$0.15B,$0.04B,27.15%,$0.15B,$0.04B,27.15%,$0.15B,$0.05B,34.44%,$0.15B,$0.04B,27.81%,$0.15B,$0.04B,23.18%,$0.04B,$0.21B,17.99%,$0.04B,$0.19B,19.10%,$0.04B,$0.23B,16.22%,$0.04B,$0.21B,21.08%,$39,$21,$18,$1,$6,$29,$11,$0,$11,$2,$9,$9,$9,$13,$11,$2,2,$4.98,$4.96,$65,$32,$0,$121,$72,$21,$11,$2,$107,$228,$12,$0,$11,$11,$23,$0,$287,$0,$205,$228,$27,$7,$2,$9,$-4,$-3,$0,$1,$-3,$33,$-13,$0,$0,$0,$7,$7,$0,$-6,$0,$0,$0,$0,$0,$-7,$-0,$-7,$20,$1,$-7
1,2018-06-30,599.4,$106.88,5.61,$80.88,7.41,$47.01,12.75,$18.26,32.83,$0.11B,$0.01B,11.03,$0.00B,$0.20B,0.0,$0.15B,$0.07B,48.00%,$0.15B,$0.04B,27.33%,$0.15B,$0.04B,27.33%,$0.15B,$0.05B,35.33%,$0.15B,$0.04B,28.67%,$0.15B,$0.03B,22.67%,$0.03B,$0.20B,18.11%,$0.03B,$0.19B,19.26%,$0.03B,$0.22B,16.25%,$0.04B,$0.20B,21.84%,$39,$20,$19,$2,$6,$28,$11,$0,$11,$2,$9,$9,$9,$14,$11,$2,2,$4.75,$4.74,$60,$33,$0,$114,$70,$22,$11,$2,$105,$219,$10,$0,$10,$10,$21,$0,$280,$0,$198,$219,$17,$4,$2,$6,$-1,$-3,$0,$1,$-3,$21,$-8,$0,$0,$0,$-3,$-3,$0,$-10,$0,$0,$0,$0,$0,$-4,$-0,$-5,$6,$1,$-4
2,2018-03-31,630.01,$104.01,6.06,$79.43,7.93,$47.76,13.19,$18.92,33.3,$0.11B,$0.01B,9.62,$0.00B,$0.19B,0.0,$0.15B,$0.07B,48.30%,$0.15B,$0.04B,27.21%,$0.15B,$0.04B,27.21%,$0.15B,$0.05B,34.69%,$0.15B,$0.04B,29.25%,$0.15B,$0.04B,23.81%,$0.04B,$0.19B,19.31%,$0.04B,$0.18B,20.59%,$0.04B,$0.21B,17.26%,$0.04B,$0.19B,22.07%,$39,$20,$19,$1,$6,$28,$11,$-0,$11,$2,$8,$8,$8,$14,$11,$2,2,$4.58,$4.57,$55,$30,$0,$108,$67,$24,$11,$2,$105,$212,$11,$0,$10,$10,$21,$0,$273,$0,$191,$212,$8,$2,$1,$3,$-4,$-1,$0,$1,$-1,$10,$-3,$0,$0,$0,$-15,$-15,$0,$-18,$0,$0,$0,$0,$0,$-2,$0,$-2,$-10,$0,$-2
3,2017-12-31,628.06,$99.56,6.31,$78.95,7.95,$48.04,13.07,$19.71,31.87,$0.12B,$0.01B,11.98,$0.00B,$0.18B,0.0,$0.15B,$0.07B,48.30%,$0.15B,$0.04B,27.21%,$0.15B,$0.04B,27.21%,$0.15B,$0.05B,34.01%,$0.15B,$0.04B,29.25%,$0.15B,$0.04B,25.17%,$0.04B,$0.18B,21.08%,$0.04B,$0.17B,22.53%,$0.04B,$0.20B,18.81%,$0.04B,$0.18B,22.79%,$34,$18,$16,$2,$6,$26,$8,$0,$9,$-0,$9,$9,$9,$11,$8,$2,2,$4.66,$4.66,$66,$29,$0,$115,$66,$9,$12,$2,$89,$204,$10,$0,$10,$10,$19,$0,$268,$-1,$184,$204,$37,$9,$0,$9,$0,$-0,$0,$1,$2,$47,$-10,$0,$0,$0,$-11,$-11,$0,$-21,$0,$0,$0,$0,$0,$-8,$-8,$-16,$10,$2,$-8
4,2017-09-30,668.1,$97.20,6.87,$78.56,8.5,$42.34,15.78,$18.05,37.01,$0.11B,$0.01B,8.86,$0.00B,$0.18B,0.0,$0.15B,$0.07B,47.95%,$0.15B,$0.04B,27.40%,$0.15B,$0.04B,27.40%,$0.15B,$0.05B,33.56%,$0.15B,$0.04B,28.77%,$0.15B,$0.03B,23.29%,$0.03B,$0.18B,19.97%,$0.03B,$0.17B,21.42%,$0.03B,$0.20B,17.78%,$0.04B,$0.18B,23.49%,$38,$19,$18,$1,$6,$26,$11,$0,$12,$4,$8,$8,$8,$14,$11,$2,2,$4.30,$4.29,$60,$30,$0,$112,$67,$10,$12,$1,$90,$202,$13,$0,$11,$11,$24,$0,$262,$-0,$178,$202,$28,$6,$2,$9,$-2,$-1,$0,$0,$1,$37,$-8,$0,$0,$0,$-15,$-15,$0,$-22,$0,$0,$0,$0,$0,$-6,$-8,$-14,$1,$1,$-6
5,2017-06-30,638.41,$93.86,6.8,$78.51,8.13,$36.98,17.26,$17.86,35.75,$0.10B,$0.01B,10.97,$0.00B,$0.17B,0.0,$0.15B,$0.07B,47.95%,$0.15B,$0.04B,27.40%,$0.15B,$0.04B,27.40%,$0.15B,$0.05B,32.88%,$0.15B,$0.04B,28.08%,$0.15B,$0.03B,23.29%,$0.03B,$0.17B,20.54%,$0.03B,$0.16B,22.11%,$0.03B,$0.19B,18.28%,$0.04B,$0.17B,24.17%,$36,$18,$18,$1,$6,$26,$10,$0,$11,$1,$10,$10,$10,$12,$10,$2,2,$5.44,$5.40,$47,$30,$0,$103,$67,$10,$12,$2,$90,$193,$9,$0,$11,$11,$20,$0,$256,$-0,$172,$193,$20,$4,$2,$6,$-3,$-1,$0,$-3,$-6,$20,$-5,$0,$0,$0,$-3,$-3,$0,$-8,$0,$0,$0,$0,$0,$-4,$-8,$-12,$0,$1,$-4
6,2017-03-31,463.8,$91.29,5.08,$78.55,5.9,$34.31,13.52,$16.48,28.14,$0.10B,$0.01B,9.84,$0.00B,$0.17B,0.0,$0.15B,$0.07B,47.26%,$0.15B,$0.04B,27.40%,$0.15B,$0.04B,27.40%,$0.15B,$0.05B,32.88%,$0.15B,$0.04B,27.40%,$0.15B,$0.03B,21.23%,$0.03B,$0.17B,19.25%,$0.03B,$0.16B,20.81%,$0.03B,$0.19B,17.13%,$0.04B,$0.17B,24.84%,$39,$20,$19,$2,$6,$27,$11,$0,$11,$2,$10,$10,$10,$13,$11,$2,2,$5.42,$5.36,$47,$30,$0,$100,$66,$9,$12,$2,$88,$188,$10,$0,$10,$10,$20,$0,$248,$-1,$168,$188,$10,$2,$0,$3,$-4,$-1,$0,$1,$-3,$10,$-2,$0,$0,$0,$-5,$-5,$0,$-7,$0,$0,$0,$0,$0,$-2,$-3,$-5,$-2,$0,$-2
7,2016-12-31,501.3,$89.36,5.61,$77.30,6.49,$32.45,15.45,$14.88,33.69,$0.09B,$0.01B,10.3,$0.00B,$0.16B,0.0,$0.14B,$0.07B,47.55%,$0.14B,$0.04B,27.27%,$0.14B,$0.04B,27.27%,$0.14B,$0.05B,33.57%,$0.14B,$0.04B,27.27%,$0.14B,$0.03B,19.58%,$0.03B,$0.16B,17.92%,$0.03B,$0.15B,19.41%,$0.03B,$0.18B,15.86%,$0.04B,$0.16B,24.96%,$33,$18,$15,$2,$6,$26,$8,$0,$8,$2,$6,$6,$6,$10,$8,$2,2,$3.05,$2.99,$44,$29,$0,$93,$65,$10,$12,$2,$88,$182,$9,$0,$1,$10,$19,$0,$240,$-0,$163,$182,$28,$9,$2,$11,$-1,$1,$0,$-1,$-1,$37,$-11,$0,$0,$0,$-26,$-26,$0,$-36,$0,$0,$0,$-1,$-1,$-7,$-1,$-9,$-8,$2,$-7
8,2016-09-30,420.74,$87.18,4.83,$76.68,5.49,$34.67,12.13,$15.15,27.77,$0.09B,$0.01B,8.35,$0.00B,$0.16B,0.0,$0.14B,$0.07B,47.89%,$0.14B,$0.04B,27.46%,$0.14B,$0.04B,27.46%,$0.14B,$0.05B,33.80%,$0.14B,$0.04B,26.06%,$0.14B,$0.03B,19.72%,$0.03B,$0.16B,18.48%,$0.03B,$0.15B,20.07%,$0.03B,$0.18B,16.28%,$0.04B,$0.16B,25.74%,$38,$20,$18,$2,$5,$27,$11,$0,$11,$3,$8,$8,$8,$13,$11,$2,2,$4.17,$4.10,$39,$30,$0,$92,$66,$10,$12,$2,$89,$181,$11,$0,$11,$11,$22,$0,$236,$-1,$159,$181,$22,$7,$2,$8,$-4,$-0,$0,$0,$-2,$28,$-9,$0,$0,$0,$-17,$-17,$0,$-25,$0,$0,$0,$-1,$-1,$-5,$-1,$-8,$-5,$1,$-5
9,2016-06-30,420.95,$84.20,5.0,$76.42,5.51,$37.24,11.3,$15.24,27.62,$0.09B,$0.01B,10.35,$0.00B,$0.15B,0.0,$0.14B,$0.07B,48.23%,$0.14B,$0.04B,28.37%,$0.14B,$0.04B,28.37%,$0.14B,$0.05B,34.75%,$0.14B,$0.04B,26.95%,$0.14B,$0.03B,19.86%,$0.03B,$0.15B,19.11%,$0.03B,$0.14B,20.82%,$0.03B,$0.17B,16.72%,$0.04B,$0.15B,27.30%,$36,$19,$17,$2,$6,$26,$10,$0,$10,$3,$7,$7,$7,$12,$10,$2,2,$4.09,$4.02,$31,$31,$0,$85,$64,$11,$12,$1,$88,$173,$8,$0,$11,$11,$19,$0,$231,$-0,$154,$173,$14,$4,$2,$6,$-2,$-1,$0,$-1,$-6,$15,$-5,$0,$0,$0,$-2,$-2,$0,$-7,$0,$0,$0,$-1,$-1,$-3,$-1,$-6,$2,$1,$-3
10,2016-03-31,388.15,$81.62,4.76,$77.03,5.04,$39.07,9.93,$15.21,25.52,$0.08B,$0.01B,7.44,$0.00B,$0.15B,0.0,$0.14B,$0.07B,48.95%,$0.14B,$0.04B,28.67%,$0.14B,$0.04B,28.67%,$0.14B,$0.05B,34.97%,$0.14B,$0.04B,27.27%,$0.14B,$0.03B,19.58%,$0.03B,$0.15B,19.65%,$0.03B,$0.14B,21.46%,$0.03B,$0.17B,17.05%,$0.04B,$0.15B,28.77%,$36,$19,$18,$1,$6,$26,$10,$-0,$10,$3,$7,$7,$7,$13,$10,$2,2,$3.81,$3.74,$28,$30,$0,$82,$64,$11,$12,$1,$88,$170,$11,$0,$11,$11,$22,$0,$225,$0,$149,$170,$7,$2,$1,$3,$-5,$-1,$0,$1,$-3,$7,$-3,$0,$0,$0,$-2,$-2,$0,$-5,$0,$0,$0,$-1,$-1,$-2,$0,$-3,$-0,$0,$-2
11,2015-12-31,373.37,$79.00,4.73,$77.75,4.8,$39.50,9.45,$15.46,24.15,$0.08B,$0.01B,8.4,$0.00B,$0.14B,0.0,$0.15B,$0.07B,48.97%,$0.15B,$0.04B,28.97%,$0.15B,$0.04B,28.97%,$0.15B,$0.05B,35.17%,$0.15B,$0.04B,28.28%,$0.15B,$0.03B,20.00%,$0.03B,$0.14B,20.71%,$0.03B,$0.13B,22.66%,$0.03B,$0.16B,17.96%,$0.04B,$0.14B,30.00%,$32,$17,$15,$2,$5,$24,$8,$-2,$6,$0,$6,$6,$6,$10,$8,$2,2,$3.33,$3.28,$28,$30,$0,$78,$63,$10,$12,$1,$86,$164,$9,$0,$1,$11,$20,$0,$220,$0,$144,$164,$29,$9,$3,$12,$0,$-2,$0,$2,$-0,$40,$-9,$0,$0,$0,$13,$13,$0,$4,$0,$0,$0,$-31,$-31,$-6,$0,$-37,$8,$2,$-6
12,2015-09-30,366.44,$76.28,4.8,$76.99,4.76,$32.26,11.36,$15.27,24.0,$0.08B,$0.01B,7.1,$0.00B,$0.14B,0.0,$0.15B,$0.07B,49.32%,$0.15B,$0.04B,29.45%,$0.15B,$0.04B,29.45%,$0.15B,$0.05B,35.62%,$0.15B,$0.04B,30.14%,$0.15B,$0.03B,19.86%,$0.03B,$0.14B,20.49%,$0.03B,$0.13B,22.44%,$0.03B,$0.16B,17.74%,$0.04B,$0.14B,30.39%,$37,$19,$18,$2,$5,$26,$12,$0,$12,$4,$8,$8,$8,$14,$12,$2,2,$4.25,$4.19,$24,$29,$0,$76,$62,$12,$12,$1,$87,$163,$11,$0,$13,$13,$24,$0,$215,$0,$139,$163,$23,$7,$2,$8,$-3,$-1,$0,$2,$-1,$30,$-6,$0,$0,$0,$13,$13,$0,$7,$0,$0,$0,$-31,$-31,$-4,$-0,$-35,$3,$1,$-4
13,2015-06-30,382.51,$75.18,5.09,$75.52,5.06,$26.60,14.38,$14.99,25.52,$0.07B,$0.01B,8.23,$0.00B,$0.14B,0.0,$0.15B,$0.07B,49.32%,$0.15B,$0.04B,28.77%,$0.15B,$0.04B,28.77%,$0.15B,$0.05B,34.93%,$0.15B,$0.04B,29.45%,$0.15B,$0.03B,19.86%,$0.03B,$0.14B,19.90%,$0.03B,$0.13B,21.72%,$0.03B,$0.16B,17.31%,$0.04B,$0.14B,28.82%,$38,$19,$19,$2,$6,$27,$11,$0,$11,$4,$7,$7,$7,$13,$11,$2,2,$4.04,$3.99,$20,$27,$0,$72,$63,$12,$12,$1,$88,$160,$9,$0,$13,$13,$22,$0,$209,$0,$138,$160,$15,$5,$2,$6,$-4,$1,$0,$2,$-3,$18,$-5,$0,$0,$0,$13,$13,$0,$9,$0,$0,$0,$-25,$-25,$-3,$-0,$-28,$-1,$1,$-3
14,2015-03-31,336.22,$74.77,4.5,$73.12,4.6,$24.21,13.89,$14.48,23.22,$0.07B,$0.01B,9.73,$0.00B,$0.14B,0.0,$0.14B,$0.07B,48.95%,$0.14B,$0.04B,28.67%,$0.14B,$0.04B,28.67%,$0.14B,$0.05B,34.97%,$0.14B,$0.04B,30.07%,$0.14B,$0.03B,20.28%,$0.03B,$0.14B,19.50%,$0.03B,$0.13B,21.28%,$0.03B,$0.16B,17.01%,$0.04B,$0.14B,27.56%,$38,$20,$19,$2,$5,$27,$11,$0,$12,$4,$8,$8,$8,$14,$11,$2,2,$4.05,$4.01,$19,$27,$0,$69,$63,$14,$12,$1,$90,$159,$7,$0,$13,$13,$20,$0,$203,$-0,$139,$159,$8,$2,$1,$3,$-4,$1,$0,$3,$-3,$8,$-3,$0,$0,$0,$8,$8,$0,$6,$0,$0,$0,$-17,$-17,$-1,$0,$-18,$-5,$0,$-1
15,2014-12-31,330.12,$78.19,4.22,$71.14,4.64,$23.51,14.04,$14.08,23.45,$0.07B,$0.01B,7.46,$0.00B,$0.15B,0.0,$0.14B,$0.07B,48.23%,$0.14B,$0.04B,29.08%,$0.14B,$0.04B,29.08%,$0.14B,$0.05B,34.75%,$0.14B,$0.04B,29.79%,$0.14B,$0.03B,19.86%,$0.03B,$0.15B,18.45%,$0.03B,$0.14B,20.14%,$0.03B,$0.17B,16.05%,$0.04B,$0.15B,27.02%,$33,$17,$16,$2,$5,$24,$9,$0,$9,$3,$6,$6,$6,$11,$9,$2,2,$3.12,$3.08,$24,$28,$0,$74,$63,$22,$12,$1,$97,$172,$10,$0,$1,$12,$22,$0,$197,$-0,$150,$172,$28,$9,$3,$11,$-3,$-2,$0,$-4,$-8,$31,$-13,$0,$0,$0,$3,$3,$0,$-10,$0,$0,$0,$-24,$-24,$-5,$-0,$-29,$-8,$2,$-5
16,2014-09-30,295.46,$80.30,3.68,$70.37,4.2,$28.53,10.36,$13.87,21.3,$0.10B,$0.01B,8.84,$0.00B,$0.16B,0.0,$0.14B,$0.07B,47.86%,$0.14B,$0.04B,28.57%,$0.14B,$0.04B,28.57%,$0.14B,$0.05B,35.00%,$0.14B,$0.04B,30.00%,$0.14B,$0.03B,20.00%,$0.03B,$0.16B,18.48%,$0.03B,$0.14B,20.18%,$0.03B,$0.18B,16.05%,$0.04B,$0.16B,26.40%,$37,$19,$18,$1,$6,$25,$11,$0,$11,$4,$8,$8,$8,$13,$11,$2,2,$3.94,$3.91,$45,$28,$0,$95,$60,$10,$12,$1,$84,$179,$11,$0,$12,$12,$23,$0,$192,$0,$156,$179,$22,$7,$1,$7,$-4,$-2,$0,$-1,$-6,$23,$-9,$0,$0,$0,$0,$0,$0,$-9,$0,$0,$0,$-12,$-12,$-4,$-0,$-16,$-2,$2,$-4
17,2014-06-30,315.03,$76.90,4.1,$68.63,4.59,$32.36,9.74,$13.77,22.88,$0.09B,$0.01B,8.92,$0.00B,$0.15B,0.0,$0.14B,$0.07B,48.18%,$0.14B,$0.04B,29.20%,$0.14B,$0.04B,29.20%,$0.14B,$0.05B,35.77%,$0.14B,$0.04B,30.66%,$0.14B,$0.03B,20.44%,$0.03B,$0.15B,18.70%,$0.03B,$0.14B,20.36%,$0.03B,$0.17B,16.18%,$0.04B,$0.15B,26.71%,$35,$18,$17,$1,$6,$25,$10,$0,$11,$4,$7,$7,$7,$12,$10,$2,2,$3.51,$3.48,$42,$27,$0,$89,$60,$10,$12,$1,$83,$172,$10,$0,$12,$12,$22,$0,$186,$0,$150,$172,$14,$4,$0,$5,$-2,$-1,$0,$-1,$-4,$15,$-6,$0,$0,$0,$0,$0,$0,$-6,$0,$0,$0,$-12,$-12,$-3,$-0,$-14,$-5,$1,$-3
18,2014-03-31,295.23,$76.46,3.86,$67.06,4.4,$34.48,8.56,$13.51,21.85,$0.09B,$0.01B,7.73,$0.00B,$0.15B,0.0,$0.14B,$0.07B,48.15%,$0.14B,$0.04B,28.89%,$0.14B,$0.04B,28.89%,$0.14B,$0.05B,36.30%,$0.14B,$0.04B,30.37%,$0.14B,$0.03B,20.74%,$0.03B,$0.15B,18.89%,$0.03B,$0.14B,20.51%,$0.03B,$0.18B,16.30%,$0.04B,$0.15B,26.31%,$36,$19,$17,$1,$6,$26,$11,$0,$11,$4,$7,$7,$7,$13,$11,$2,2,$3.63,$3.61,$43,$26,$0,$90,$60,$12,$12,$1,$85,$175,$12,$0,$13,$13,$25,$0,$180,$0,$151,$175,$7,$2,$-0,$2,$-4,$-0,$0,$0,$-2,$7,$-3,$0,$0,$0,$-9,$-9,$0,$-13,$0,$0,$0,$-5,$-5,$-1,$0,$-6,$-11,$0,$-1
19,2013-12-31,285.1,$75.06,3.8,$65.38,4.36,$35.73,7.98,$13.18,21.63,$0.09B,$0.01B,9.65,$0.00B,$0.15B,0.0,$0.13B,$0.06B,48.48%,$0.13B,$0.04B,28.03%,$0.13B,$0.04B,28.03%,$0.13B,$0.05B,36.36%,$0.13B,$0.04B,30.30%,$0.13B,$0.03B,21.21%,$0.03B,$0.15B,19.24%,$0.03B,$0.14B,20.86%,$0.03B,$0.17B,16.62%,$0.04B,$0.15B,25.43%,$32,$17,$15,$1,$5,$24,$8,$0,$9,$3,$6,$6,$6,$11,$8,$2,2,$2.89,$2.87,$47,$26,$0,$90,$58,$10,$13,$1,$82,$172,$9,$0,$2,$14,$23,$0,$174,$0,$149,$172,$27,$9,$1,$10,$-1,$-2,$0,$2,$0,$37,$-8,$-2,$0,$0,$8,$8,$0,$-2,$0,$0,$0,$-9,$-9,$-5,$0,$-14,$21,$2,$-5
20,2013-09-30,248.47,$74.51,3.33,$63.64,3.9,$30.70,8.09,$12.73,19.52,$0.08B,$0.01B,7.71,$0.00B,$0.15B,0.0,$0.13B,$0.06B,48.44%,$0.13B,$0.04B,28.13%,$0.13B,$0.04B,28.13%,$0.13B,$0.05B,35.94%,$0.13B,$0.04B,29.69%,$0.13B,$0.03B,21.09%,$0.03B,$0.15B,19.01%,$0.03B,$0.14B,20.57%,$0.03B,$0.17B,16.41%,$0.04B,$0.15B,25.35%,$34,$17,$17,$1,$5,$23,$11,$0,$11,$3,$8,$8,$8,$13,$11,$2,2,$3.82,$3.81,$39,$26,$0,$84,$58,$20,$10,$1,$89,$173,$11,$0,$13,$13,$24,$0,$170,$0,$149,$173,$21,$6,$1,$7,$-3,$-3,$0,$1,$-1,$27,$-5,$0,$0,$0,$8,$8,$0,$3,$0,$0,$0,$-4,$-4,$-4,$0,$-8,$23,$1,$-4
21,2013-06-30,209.45,$71.54,2.93,$61.91,3.38,$27.04,7.74,$12.51,16.74,$0.08B,$0.01B,7.54,$0.00B,$0.14B,0.0,$0.13B,$0.06B,48.00%,$0.13B,$0.04B,28.00%,$0.13B,$0.04B,28.00%,$0.13B,$0.05B,36.00%,$0.13B,$0.04B,29.60%,$0.13B,$0.03B,20.80%,$0.03B,$0.14B,18.25%,$0.03B,$0.13B,19.77%,$0.03B,$0.17B,15.78%,$0.04B,$0.14B,24.56%,$33,$17,$16,$1,$5,$23,$9,$0,$10,$3,$7,$7,$7,$12,$9,$2,2,$3.23,$3.22,$33,$25,$0,$78,$58,$20,$10,$1,$89,$167,$10,$0,$13,$13,$24,$0,$164,$0,$144,$167,$13,$4,$1,$5,$-4,$-1,$0,$1,$-2,$17,$-3,$0,$0,$0,$4,$4,$0,$1,$0,$0,$0,$-3,$-3,$-2,$0,$-5,$12,$1,$-2
22,2013-03-31,183.38,$69.29,2.65,$60.96,3.01,$22.85,8.03,$12.31,14.9,$0.06B,$0.01B,7.23,$0.00B,$0.14B,0.0,$0.12B,$0.06B,47.97%,$0.12B,$0.04B,28.46%,$0.12B,$0.04B,28.46%,$0.12B,$0.04B,35.77%,$0.12B,$0.04B,29.27%,$0.12B,$0.03B,20.33%,$0.03B,$0.14B,17.54%,$0.03B,$0.13B,19.01%,$0.03B,$0.16B,15.20%,$0.04B,$0.14B,24.56%,$33,$18,$16,$1,$5,$24,$9,$0,$10,$3,$7,$7,$7,$12,$9,$2,2,$3.28,$3.28,$20,$24,$0,$63,$59,$28,$11,$1,$99,$162,$9,$0,$13,$13,$22,$0,$158,$0,$140,$162,$7,$2,$0,$2,$-4,$-0,$0,$2,$-1,$8,$-2,$0,$0,$0,$4,$4,$0,$2,$0,$0,$0,$-1,$-1,$-1,$0,$-2,$8,$0,$-1
23,2012-12-31,186.69,$66.71,2.8,$58.84,3.17,$20.78,8.98,$11.68,15.98,$0.06B,$0.01B,7.87,$0.00B,$0.14B,0.0,$0.12B,$0.06B,47.90%,$0.12B,$0.03B,28.57%,$0.12B,$0.03B,28.57%,$0.12B,$0.04B,35.29%,$0.12B,$0.03B,28.57%,$0.12B,$0.02B,19.33%,$0.02B,$0.14B,16.11%,$0.02B,$0.12B,17.42%,$0.02B,$0.16B,13.96%,$0.03B,$0.14B,23.82%,$28,$16,$13,$1,$5,$21,$7,$0,$7,$3,$5,$5,$5,$9,$7,$2,2,$2.42,$2.40,$16,$24,$0,$57,$59,$28,$11,$1,$99,$156,$7,$0,$2,$14,$21,$0,$153,$0,$135,$156,$24,$8,$4,$11,$-2,$1,$0,$-2,$-6,$29,$-10,$0,$0,$0,$-7,$-7,$0,$-17,$0,$0,$0,$-5,$-5,$-24,$0,$-29,$-17,$1,$-24
24,2012-09-30,200.33,$74.73,2.68,$57.35,3.49,$21.02,9.53,$11.91,16.82,$0.08B,$0.01B,8.31,$0.00B,$0.15B,0.0,$0.12B,$0.06B,48.72%,$0.12B,$0.04B,29.91%,$0.12B,$0.04B,29.91%,$0.12B,$0.04B,35.90%,$0.12B,$0.04B,29.91%,$0.12B,$0.02B,19.66%,$0.02B,$0.15B,16.00%,$0.02B,$0.14B,17.29%,$0.02B,$0.17B,13.83%,$0.04B,$0.15B,24.35%,$31,$16,$15,$1,$4,$21,$10,$0,$10,$3,$7,$7,$7,$12,$10,$2,2,$3.60,$3.59,$39,$25,$0,$80,$59,$24,$11,$1,$94,$174,$10,$0,$14,$14,$23,$0,$169,$0,$151,$174,$19,$6,$3,$8,$-3,$0,$0,$0,$-4,$23,$-8,$0,$0,$0,$-10,$-10,$0,$-18,$0,$0,$0,$-5,$-5,$-3,$-0,$-8,$-2,$1,$-3
25,2012-06-30,184.91,$71.50,2.59,$57.18,3.23,$21.10,8.76,$11.65,15.87,$0.07B,$0.01B,8.09,$0.00B,$0.14B,0.0,$0.12B,$0.06B,49.14%,$0.12B,$0.04B,30.17%,$0.12B,$0.04B,30.17%,$0.12B,$0.04B,36.21%,$0.12B,$0.04B,30.17%,$0.12B,$0.02B,19.83%,$0.02B,$0.14B,16.49%,$0.02B,$0.13B,17.86%,$0.02B,$0.17B,14.18%,$0.04B,$0.14B,25.09%,$31,$16,$15,$1,$5,$22,$9,$0,$9,$3,$6,$6,$6,$11,$9,$2,2,$3.03,$3.02,$26,$25,$0,$69,$58,$28,$11,$1,$98,$166,$8,$0,$14,$14,$22,$0,$163,$0,$144,$166,$11,$4,$1,$5,$-4,$-0,$0,$0,$-6,$11,$-6,$0,$0,$0,$-15,$-15,$0,$-20,$0,$0,$0,$-5,$-5,$-2,$-0,$-7,$-16,$1,$-2
26,2012-03-31,189.16,$70.25,2.69,$57.32,3.3,$22.45,8.43,$12.09,15.65,$0.08B,$0.01B,9.23,$0.00B,$0.14B,0.0,$0.12B,$0.06B,50.00%,$0.12B,$0.04B,31.03%,$0.12B,$0.04B,31.03%,$0.12B,$0.04B,37.07%,$0.12B,$0.04B,31.90%,$0.12B,$0.02B,20.69%,$0.02B,$0.14B,17.68%,$0.02B,$0.13B,19.20%,$0.02B,$0.16B,15.12%,$0.04B,$0.14B,26.52%,$29,$15,$14,$1,$5,$21,$8,$0,$8,$3,$5,$5,$5,$10,$8,$2,2,$2.67,$2.65,$39,$26,$0,$79,$57,$15,$11,$1,$84,$163,$9,$0,$13,$13,$22,$0,$158,$0,$141,$163,$5,$2,$0,$2,$-1,$-1,$0,$1,$-2,$5,$-3,$0,$0,$0,$-5,$-5,$0,$-8,$0,$0,$0,$-2,$-2,$-1,$0,$-3,$-6,$0,$-1
27,2011-12-31,215.67,$68.71,3.14,$57.95,3.72,$23.99,8.99,$12.82,16.82,$0.08B,$0.01B,8.34,$0.00B,$0.14B,0.0,$0.12B,$0.06B,50.85%,$0.12B,$0.04B,32.20%,$0.12B,$0.04B,32.20%,$0.12B,$0.05B,38.14%,$0.12B,$0.04B,33.05%,$0.12B,$0.03B,22.03%,$0.03B,$0.14B,19.81%,$0.03B,$0.13B,21.62%,$0.03B,$0.16B,16.88%,$0.04B,$0.14B,28.95%,$26,$13,$13,$1,$4,$18,$8,$0,$8,$3,$5,$5,$5,$9,$8,$2,2,$2.67,$2.65,$45,$25,$0,$84,$56,$10,$11,$1,$78,$162,$10,$0,$2,$13,$23,$0,$154,$0,$139,$162,$26,$7,$4,$11,$0,$-7,$0,$-1,$-5,$32,$-12,$0,$0,$0,$-0,$-0,$0,$-12,$0,$0,$0,$-2,$-2,$-4,$0,$-5,$14,$1,$-4
28,2011-09-30,185.79,$66.38,2.8,$58.51,3.18,$27.55,6.74,$12.84,14.47,$0.08B,$0.01B,6.61,$0.00B,$0.13B,0.0,$0.12B,$0.06B,50.42%,$0.12B,$0.04B,31.93%,$0.12B,$0.04B,31.93%,$0.12B,$0.05B,37.82%,$0.12B,$0.04B,32.77%,$0.12B,$0.03B,21.85%,$0.03B,$0.13B,20.68%,$0.03B,$0.12B,22.66%,$0.03B,$0.16B,17.66%,$0.04B,$0.13B,30.22%,$30,$15,$15,$1,$5,$20,$10,$0,$10,$4,$7,$7,$7,$12,$10,$2,2,$3.35,$3.33,$39,$23,$0,$78,$54,$14,$11,$1,$79,$158,$12,$0,$12,$12,$24,$0,$149,$0,$134,$158,$21,$5,$3,$8,$-2,$-6,$0,$-0,$-5,$24,$-8,$0,$0,$0,$-3,$-3,$0,$-12,$0,$0,$0,$-2,$-2,$-3,$0,$-4,$8,$1,$-3
29,2011-06-30,176.77,$63.87,2.77,$56.91,3.11,$29.45,6.0,$12.17,14.53,$0.07B,$0.01B,6.35,$0.00B,$0.13B,0.0,$0.12B,$0.06B,50.00%,$0.12B,$0.04B,31.03%,$0.12B,$0.04B,31.03%,$0.12B,$0.04B,37.07%,$0.12B,$0.04B,31.90%,$0.12B,$0.02B,20.69%,$0.02B,$0.13B,19.71%,$0.02B,$0.12B,21.67%,$0.02B,$0.15B,16.93%,$0.04B,$0.13B,29.57%,$31,$15,$16,$1,$5,$21,$10,$0,$11,$4,$7,$7,$7,$12,$10,$2,2,$3.48,$3.46,$29,$21,$0,$68,$53,$19,$11,$1,$84,$152,$11,$0,$12,$12,$22,$0,$143,$0,$129,$152,$14,$3,$2,$5,$-3,$-4,$0,$-2,$-6,$14,$-6,$0,$0,$0,$-7,$-7,$0,$-13,$0,$0,$0,$0,$0,$-2,$0,$-2,$-1,$0,$-2
30,2011-03-31,155.55,$60.90,2.55,$55.28,2.81,$32.00,4.86,$11.38,13.67,$0.06B,$0.01B,5.51,$0.00B,$0.12B,0.0,$0.11B,$0.06B,48.67%,$0.11B,$0.03B,30.09%,$0.11B,$0.03B,30.09%,$0.11B,$0.04B,36.28%,$0.11B,$0.03B,30.09%,$0.11B,$0.02B,19.47%,$0.02B,$0.12B,18.60%,$0.02B,$0.11B,20.56%,$0.02B,$0.14B,16.09%,$0.03B,$0.12B,28.75%,$31,$15,$16,$1,$5,$20,$10,$0,$10,$4,$7,$7,$7,$12,$10,$2,2,$3.40,$3.38,$25,$19,$0,$60,$51,$22,$11,$1,$84,$144,$11,$0,$11,$11,$21,$0,$137,$0,$123,$144,$7,$2,$0,$2,$-3,$-1,$0,$0,$-1,$7,$-2,$0,$0,$0,$-7,$-7,$0,$-9,$0,$0,$0,$0,$0,$-1,$0,$-1,$-3,$0,$-1
31,2010-12-31,159.6,$57.85,2.76,$53.47,2.98,$31.73,5.03,$10.31,15.48,$0.05B,$0.01B,6.71,$0.00B,$0.12B,0.0,$0.11B,$0.05B,46.79%,$0.11B,$0.03B,28.44%,$0.11B,$0.03B,28.44%,$0.11B,$0.04B,34.86%,$0.11B,$0.03B,28.44%,$0.11B,$0.02B,18.35%,$0.02B,$0.12B,17.39%,$0.02B,$0.11B,19.32%,$0.02B,$0.14B,15.12%,$0.03B,$0.12B,26.96%,$27,$14,$13,$1,$5,$19,$8,$0,$8,$3,$5,$5,$5,$9,$8,$2,2,$2.68,$2.68,$21,$17,$0,$52,$51,$20,$11,$1,$83,$135,$8,$0,$2,$10,$18,$0,$131,$0,$117,$135,$21,$7,$1,$8,$-0,$1,$0,$0,$2,$31,$-4,$0,$0,$0,$-15,$-15,$0,$-19,$0,$0,$0,$-1,$-1,$-21,$1,$-22,$-10,$1,$-21
32,2010-09-30,137.31,$58.56,2.34,$52.46,2.62,$29.37,4.68,$9.42,14.58,$0.05B,$0.01B,5.34,$0.00B,$0.12B,0.0,$0.11B,$0.05B,46.23%,$0.11B,$0.03B,26.42%,$0.11B,$0.03B,26.42%,$0.11B,$0.04B,33.96%,$0.11B,$0.03B,26.42%,$0.11B,$0.02B,17.92%,$0.02B,$0.12B,16.52%,$0.02B,$0.11B,18.40%,$0.02B,$0.14B,14.42%,$0.03B,$0.12B,24.35%,$27,$14,$13,$1,$4,$19,$8,$0,$8,$3,$5,$5,$5,$10,$8,$2,2,$2.68,$2.66,$17,$18,$0,$50,$50,$24,$11,$1,$87,$136,$9,$0,$9,$9,$19,$0,$133,$0,$118,$136,$16,$5,$1,$6,$-2,$0,$0,$-0,$0,$22,$-2,$0,$0,$0,$-15,$-15,$-0,$-18,$0,$0,$0,$-1,$-1,$-14,$1,$-15,$-11,$0,$-14
33,2010-06-30,117.39,$56.63,2.07,$51.50,2.28,$27.38,4.29,$8.96,13.1,$0.04B,$0.01B,4.79,$0.00B,$0.12B,0.0,$0.10B,$0.05B,45.19%,$0.10B,$0.03B,25.96%,$0.10B,$0.03B,25.96%,$0.10B,$0.03B,32.69%,$0.10B,$0.03B,25.96%,$0.10B,$0.02B,17.31%,$0.02B,$0.12B,15.82%,$0.02B,$0.10B,17.65%,$0.02B,$0.13B,13.85%,$0.03B,$0.12B,23.74%,$28,$15,$13,$1,$4,$20,$8,$0,$8,$3,$5,$5,$5,$10,$8,$2,2,$2.69,$2.67,$9,$18,$0,$41,$51,$28,$11,$1,$92,$132,$8,$0,$9,$9,$18,$0,$128,$0,$115,$132,$10,$4,$0,$4,$-1,$1,$0,$-1,$1,$15,$-2,$0,$0,$0,$-16,$-16,$-0,$-18,$0,$0,$0,$0,$0,$-14,$1,$-13,$-16,$0,$-14
34,2010-03-31,124.0,$54.25,2.29,$50.65,2.45,$25.87,4.79,$8.59,14.44,$0.05B,$0.01B,7.43,$0.00B,$0.11B,0.0,$0.10B,$0.05B,45.10%,$0.10B,$0.03B,25.49%,$0.10B,$0.03B,25.49%,$0.10B,$0.03B,32.35%,$0.10B,$0.03B,25.49%,$0.10B,$0.02B,17.65%,$0.02B,$0.11B,16.04%,$0.02B,$0.10B,17.87%,$0.02B,$0.13B,14.04%,$0.03B,$0.11B,23.16%,$27,$15,$12,$1,$4,$20,$7,$0,$7,$3,$5,$5,$5,$9,$7,$2,2,$2.33,$2.31,$18,$18,$0,$50,$52,$11,$11,$1,$75,$126,$7,$0,$9,$9,$16,$0,$124,$0,$110,$126,$5,$2,$0,$2,$-2,$1,$0,$0,$-1,$6,$-1,$0,$0,$0,$3,$3,$0,$2,$0,$0,$0,$0,$0,$-13,$1,$-12,$-4,$0,$-13
35,2009-12-31,129.78,$58.96,2.2,$49.90,2.6,$25.83,5.02,$8.34,15.56,$0.06B,$0.01B,8.41,$0.00B,$0.12B,0.0,$0.10B,$0.05B,45.00%,$0.10B,$0.03B,25.00%,$0.10B,$0.03B,25.00%,$0.10B,$0.03B,32.00%,$0.10B,$0.03B,25.00%,$0.10B,$0.02B,17.00%,$0.02B,$0.12B,15.32%,$0.02B,$0.11B,17.09%,$0.02B,$0.13B,13.39%,$0.03B,$0.12B,22.52%,$24,$13,$11,$1,$5,$19,$5,$0,$5,$2,$4,$4,$4,$7,$5,$2,2,$1.82,$1.80,$25,$19,$0,$56,$53,$11,$11,$1,$77,$133,$7,$0,$1,$9,$16,$0,$132,$0,$117,$133,$17,$7,$2,$9,$-0,$1,$0,$0,$2,$28,$-7,$0,$0,$0,$-11,$-11,$-0,$-18,$0,$0,$0,$0,$0,$-3,$-0,$-2,$9,$1,$-3
36,2009-09-30,120.03,$57.14,2.1,$49.56,2.42,$22.03,5.45,$8.50,14.12,$0.05B,$0.01B,7.22,$0.00B,$0.11B,0.0,$0.10B,$0.05B,45.00%,$0.10B,$0.03B,26.00%,$0.10B,$0.03B,26.00%,$0.10B,$0.03B,32.00%,$0.10B,$0.03B,26.00%,$0.10B,$0.02B,17.00%,$0.02B,$0.11B,15.89%,$0.02B,$0.10B,17.80%,$0.02B,$0.13B,13.88%,$0.03B,$0.11B,24.30%,$25,$14,$11,$1,$4,$19,$7,$0,$7,$2,$4,$4,$4,$8,$7,$2,2,$2.25,$2.20,$19,$19,$0,$51,$54,$12,$11,$1,$78,$129,$7,$0,$9,$9,$16,$0,$129,$-1,$113,$129,$13,$5,$1,$6,$-1,$1,$0,$-0,$1,$21,$-5,$0,$0,$0,$-12,$-12,$-0,$-17,$0,$0,$0,$0,$0,$-2,$-0,$-1,$2,$1,$-2
37,2009-06-30,111.17,$55.19,2.01,$48.84,2.28,$18.53,6.0,$8.29,13.41,$0.05B,$0.01B,7.94,$0.00B,$0.11B,0.0,$0.10B,$0.04B,44.90%,$0.10B,$0.03B,25.51%,$0.10B,$0.03B,25.51%,$0.10B,$0.03B,31.63%,$0.10B,$0.03B,25.51%,$0.10B,$0.02B,17.35%,$0.02B,$0.11B,16.50%,$0.02B,$0.10B,18.58%,$0.02B,$0.13B,14.26%,$0.03B,$0.11B,24.10%,$26,$14,$12,$1,$4,$19,$7,$0,$7,$3,$5,$5,$5,$9,$7,$2,2,$2.35,$2.30,$22,$19,$0,$54,$54,$4,$11,$1,$71,$125,$7,$0,$9,$9,$16,$0,$125,$-1,$109,$125,$9,$3,$1,$4,$-1,$1,$0,$-1,$1,$13,$-3,$0,$0,$0,$-7,$-7,$-0,$-11,$0,$0,$0,$0,$0,$-1,$0,$-1,$2,$0,$-1
38,2009-03-31,72.98,$53.06,1.38,$48.07,1.52,$15.55,4.69,$8.05,9.07,$0.06B,$0.01B,7.21,$0.00B,$0.11B,0.0,$0.10B,$0.04B,44.79%,$0.10B,$0.02B,25.00%,$0.10B,$0.02B,25.00%,$0.10B,$0.03B,31.25%,$0.10B,$0.02B,25.00%,$0.10B,$0.02B,16.67%,$0.02B,$0.11B,16.12%,$0.02B,$0.09B,18.29%,$0.02B,$0.12B,13.88%,$0.02B,$0.11B,24.00%,$25,$14,$11,$1,$4,$19,$6,$0,$6,$2,$4,$4,$4,$8,$6,$2,2,$2.09,$2.06,$21,$19,$0,$55,$53,$0,$12,$1,$66,$121,$8,$0,$8,$8,$16,$0,$121,$-1,$105,$121,$4,$2,$0,$2,$-2,$1,$0,$0,$-0,$6,$-1,$0,$0,$0,$0,$0,$0,$-1,$0,$0,$0,$0,$0,$-1,$0,$-0,$5,$0,$-1
39,2008-12-31,80.0,$51.24,1.56,$47.85,1.67,$13.75,5.82,$7.82,10.23,$0.05B,$0.01B,7.9,$0.00B,$0.10B,0.0,$0.10B,$0.04B,44.79%,$0.10B,$0.02B,23.96%,$0.10B,$0.02B,23.96%,$0.10B,$0.03B,30.21%,$0.10B,$0.02B,23.96%,$0.10B,$0.02B,16.67%,$0.02B,$0.10B,16.75%,$0.02B,$0.09B,19.10%,$0.02B,$0.12B,14.41%,$0.02B,$0.10B,23.90%,$24,$13,$11,$1,$4,$18,$6,$0,$6,$2,$4,$4,$4,$7,$6,$2,2,$1.98,$1.94,$17,$20,$0,$49,$53,$0,$12,$1,$66,$115,$6,$0,$1,$8,$15,$0,$118,$-1,$101,$115,$16,$6,$2,$8,$-1,$-3,$0,$0,$-4,$19,$-5,$0,$0,$0,$-5,$-5,$-0,$-10,$0,$0,$0,$1,$1,$-2,$1,$-1,$9,$1,$-2
40,2008-09-30,84.62,$49.53,1.71,$46.65,1.81,$14.19,5.96,$7.45,11.36,$0.05B,$0.01B,6.16,$0.00B,$0.10B,0.03,$0.09B,$0.04B,44.09%,$0.09B,$0.02B,22.58%,$0.09B,$0.02B,22.58%,$0.09B,$0.03B,30.11%,$0.09B,$0.02B,22.58%,$0.09B,$0.02B,16.13%,$0.02B,$0.10B,16.39%,$0.02B,$0.09B,18.75%,$0.02B,$0.12B,14.02%,$0.02B,$0.10B,22.76%,$23,$13,$10,$1,$4,$18,$6,$0,$6,$2,$4,$4,$4,$7,$6,$2,2,$2.03,$1.99,$14,$21,$1,$49,$54,$0,$12,$2,$67,$116,$8,$3,$8,$11,$18,$0,$114,$-0,$97,$116,$12,$5,$1,$6,$-2,$-4,$0,$0,$-5,$13,$-5,$0,$0,$0,$-1,$-1,$0,$-5,$3,$0,$3,$1,$1,$-2,$1,$3,$10,$0,$-2
41,2008-06-30,78.5,$47.66,1.65,$45.67,1.72,$16.27,4.83,$7.53,10.42,$0.04B,$0.01B,5.03,$0.00B,$0.09B,0.0,$0.09B,$0.04B,43.96%,$0.09B,$0.02B,23.08%,$0.09B,$0.02B,23.08%,$0.09B,$0.03B,30.77%,$0.09B,$0.02B,23.08%,$0.09B,$0.02B,16.48%,$0.02B,$0.09B,17.09%,$0.02B,$0.08B,19.74%,$0.02B,$0.11B,14.67%,$0.02B,$0.09B,23.93%,$24,$13,$11,$1,$4,$18,$6,$0,$6,$2,$4,$4,$4,$8,$6,$2,2,$2.10,$2.06,$8,$20,$1,$42,$55,$0,$12,$1,$67,$109,$8,$0,$7,$7,$15,$0,$111,$-0,$94,$109,$8,$3,$1,$4,$-3,$-3,$0,$0,$-4,$8,$-4,$0,$0,$0,$0,$0,$0,$-4,$0,$0,$0,$1,$1,$-1,$1,$0,$4,$0,$-1
42,2008-03-31,81.73,$45.81,1.78,$45.31,1.8,$17.52,4.67,$7.30,11.2,$0.04B,$0.01B,4.85,$0.00B,$0.09B,0.0,$0.09B,$0.04B,43.33%,$0.09B,$0.02B,22.22%,$0.09B,$0.02B,22.22%,$0.09B,$0.03B,30.00%,$0.09B,$0.02B,22.22%,$0.09B,$0.02B,16.67%,$0.02B,$0.09B,17.91%,$0.02B,$0.08B,20.83%,$0.02B,$0.10B,15.11%,$0.02B,$0.09B,23.53%,$25,$14,$11,$1,$4,$19,$5,$0,$5,$2,$4,$4,$4,$7,$5,$2,2,$1.88,$1.83,$5,$18,$1,$37,$55,$0,$12,$1,$68,$104,$8,$0,$7,$7,$15,$0,$107,$-0,$90,$104,$4,$1,$0,$2,$-3,$-1,$0,$1,$-2,$4,$-2,$0,$0,$0,$0,$0,$0,$-2,$0,$0,$0,$0,$0,$-0,$1,$1,$2,$0,$-0
43,2007-12-31,101.93,$44.71,2.28,$44.69,2.28,$19.39,5.26,$7.06,14.44,$0.03B,$0.01B,4.75,$0.00B,$0.09B,0.0,$0.09B,$0.04B,43.18%,$0.09B,$0.02B,22.73%,$0.09B,$0.02B,22.73%,$0.09B,$0.03B,29.55%,$0.09B,$0.02B,22.73%,$0.09B,$0.01B,15.91%,$0.01B,$0.09B,17.55%,$0.01B,$0.07B,20.59%,$0.01B,$0.10B,14.40%,$0.02B,$0.09B,24.17%,$21,$12,$9,$1,$4,$17,$4,$0,$4,$1,$3,$3,$3,$6,$4,$2,2,$1.62,$1.57,$4,$17,$0,$33,$54,$0,$12,$1,$67,$99,$7,$0,$1,$7,$14,$0,$104,$-0,$85,$99,$14,$6,$2,$7,$1,$-0,$0,$-0,$1,$23,$-8,$0,$0,$0,$0,$0,$0,$-8,$-11,$0,$-11,$1,$1,$-2,$1,$-12,$3,$0,$-2
44,2007-09-30,101.72,$43.15,2.36,$45.06,2.26,$7.80,13.04,$7.01,14.51,$0.03B,$0.01B,3.66,$0.00B,$0.08B,0.0,$0.09B,$0.04B,43.18%,$0.09B,$0.02B,22.73%,$0.09B,$0.02B,22.73%,$0.09B,$0.03B,28.41%,$0.09B,$0.02B,22.73%,$0.09B,$0.01B,15.91%,$0.01B,$0.08B,18.36%,$0.01B,$0.07B,21.79%,$0.01B,$0.10B,14.51%,$0.02B,$0.08B,24.39%,$21,$12,$9,$1,$4,$16,$6,$-0,$6,$2,$4,$4,$4,$7,$6,$2,2,$2.17,$2.07,$1,$18,$1,$31,$54,$0,$12,$1,$66,$97,$8,$0,$6,$6,$15,$0,$101,$-1,$82,$97,$11,$4,$1,$6,$0,$-1,$0,$-0,$2,$18,$-6,$0,$0,$0,$0,$0,$0,$-6,$-11,$0,$-11,$1,$1,$-1,$0,$-12,$1,$0,$-1
45,2007-06-30,80.23,$41.01,1.96,$44.18,1.82,$-2.72,0.0,$6.32,12.69,$0.03B,$0.01B,4.56,$0.01B,$0.08B,0.06,$0.09B,$0.04B,41.86%,$0.09B,$0.02B,19.77%,$0.09B,$0.02B,19.77%,$0.09B,$0.02B,25.58%,$0.09B,$0.02B,19.77%,$0.09B,$0.01B,15.12%,$0.01B,$0.08B,17.81%,$0.01B,$0.07B,21.31%,$0.01B,$0.10B,13.54%,$0.02B,$0.08B,20.86%,$23,$13,$10,$1,$4,$18,$5,$-0,$5,$2,$4,$4,$4,$7,$5,$2,2,$1.92,$1.83,$0,$17,$1,$31,$53,$0,$12,$2,$66,$97,$7,$5,$8,$13,$20,$0,$98,$-1,$78,$97,$7,$3,$0,$3,$-1,$0,$0,$0,$0,$10,$-4,$0,$0,$0,$0,$0,$0,$-4,$-7,$0,$-7,$0,$0,$-1,$0,$-7,$-0,$0,$-1
46,2007-03-31,74.41,$39.33,1.89,$43.15,1.72,$-10.20,0.0,$6.02,12.36,$0.03B,$0.01B,4.04,$0.01B,$0.07B,0.09,$0.08B,$0.04B,41.67%,$0.08B,$0.02B,19.05%,$0.08B,$0.02B,19.05%,$0.08B,$0.02B,23.81%,$0.08B,$0.02B,19.05%,$0.08B,$0.01B,14.29%,$0.01B,$0.07B,17.14%,$0.01B,$0.06B,20.69%,$0.01B,$0.10B,12.66%,$0.02B,$0.08B,20.00%,$23,$13,$10,$1,$4,$18,$5,$-0,$5,$1,$3,$3,$3,$6,$5,$2,2,$1.68,$1.59,$0,$17,$1,$30,$52,$0,$12,$2,$65,$96,$7,$7,$8,$14,$22,$0,$94,$-1,$74,$96,$3,$1,$0,$1,$-1,$-0,$0,$1,$2,$6,$-1,$0,$0,$0,$0,$0,$0,$-1,$-5,$0,$-5,$0,$0,$-0,$0,$-5,$-0,$0,$-0
47,2006-12-31,62.86,$37.83,1.66,$41.51,1.51,$-14.57,0.0,$5.51,11.41,$0.03B,$0.01B,4.43,$0.01B,$0.07B,0.16,$0.08B,$0.03B,39.51%,$0.08B,$0.01B,17.28%,$0.08B,$0.01B,17.28%,$0.08B,$0.02B,22.22%,$0.08B,$0.01B,17.28%,$0.08B,$0.01B,13.58%,$0.01B,$0.07B,16.36%,$0.01B,$0.06B,19.91%,$0.01B,$0.10B,11.96%,$0.01B,$0.08B,18.12%,$21,$13,$9,$1,$4,$17,$4,$-0,$4,$1,$3,$3,$3,$5,$4,$2,2,$1.60,$1.52,$0,$17,$0,$31,$51,$0,$12,$2,$65,$96,$7,$11,$1,$18,$25,$0,$92,$-1,$71,$96,$11,$5,$1,$6,$-2,$1,$0,$-1,$-4,$13,$-21,$0,$0,$0,$0,$0,$0,$-21,$9,$0,$9,$-0,$-0,$-1,$1,$8,$-0,$0,$-1
