,Date,Stock Price,Book Value per Share,Price to Book Ratio,TTM Sales per Share,Price to Sales Ratio,TTM FCF per Share,Price to FCF Ratio,TTM Net EPS,PE Ratio,Current Assets,Current Liabilities,Current Ratio,Long Term Debt,Shareholder's Equity_x,Debt to Equity Ratio,TTM Revenue_x,TTM Gross Profit,Gross Margin,TTM Revenue_y,TTM Operating Income,Operating Margin,TTM Revenue_x,TTM EBIT,EBIT Margin,TTM Revenue_y,TTM EBITDA,EBITDA Margin,TTM Revenue_x,TTM Pre-Tax Income,Pre-Tax Margin,TTM Revenue_y,TTM Net Income_x,Net Margin,TTM Net Income_y,Shareholder's Equity_y,Return on Equity,TTM Net Income_x,Tangible Equity,Return on Tangible Equity,TTM Net Income_y,Total Assets,Return on Assets,TTM Net Income,LT Investments & Debt,Return on Investment,revenue,cost-goods-sold,gross-profit,research-development-expenses,selling-general-administrative-expenses,operating-expenses,operating-income,total-non-operating-income-expense,pre-tax-income,total-provision-income-taxes,income-after-taxes,income-from-continuous-operations,net-income,ebitda,ebit,basic-shares-outstanding,shares-outstanding,eps-basic-net-earnings-per-share,eps-earnings-per-share-diluted,cash-on-hand,inventory,other-current-assets,total-current-assets,net-property-plant-equipment,long-term-investments,goodwill-intangible-assets-total,other-long-term-assets,total-long-term-assets,total-assets,total-current-liabilities,long-term-debt,other-non-current-liabilities,total-long-term-liabilities,total-liabilities,common-stock-net,retained-earnings-accumulated-deficit,comprehensive-income,total-share-holder-equity,total-liabilities-share-holders-equity,net-income-loss,total-depreciation-amortization-cash-flow,other-non-cash-items,total-non-cash-items,change-in-accounts-receivable,change-in-inventories,change-in-accounts-payable,change-in-assets-liabilities,total-change-in-assets-liabilities,cash-flow-from-operating-activities,net-change-in-property-plant-equipment,net-change-in-intangible-assets,net-acquisitions-divestitures,net-change-in-short-term-investments,net-change-in-long-term-investments,net-change-in-investments-total,investing-activities-other,cash-flow-from-investing-activities,net-long-term-debt,net-current-debt,debt-issuance-retirement-net-total,net-common-equity-issued-repurchased,net-total-equity-issued-repurchased,total-common-preferred-stock-dividends-paid,financial-activities-other,cash-flow-from-financial-activities,net-cash-flow,stock-based-compensation,common-stock-dividends-paid
0,2018-09-30,43.5,$11.43,3.8,$25.77,1.69,$0.72,60.69,$0.40,108.75,$0.37B,$0.12B,3.11,$0.26B,$0.37B,0.7,$0.77B,$0.17B,21.37%,$0.77B,$0.04B,4.66%,$0.77B,$0.04B,4.66%,$0.77B,$0.07B,9.20%,$0.77B,$0.03B,3.50%,$0.77B,$0.03B,3.63%,$0.03B,$0.37B,8.07%,$0.03B,$0.11B,36.60%,$0.03B,$0.78B,3.68%,$0.04B,$0.63B,5.87%,$213,$166,$46,$0,$28,$194,$18,$-3,$16,$-1,$17,$17,$17,$27,$18,$32,33,$0.53,$0.52,$5,$155,$0,$366,$125,$0,$263,$22,$410,$776,$118,$258,$31,$289,$407,$0,$0,$-15,$369,$776,$34,$27,$3,$29,$-53,$-16,$1,$19,$-48,$15,$-12,$0,$0,$0,$0,$0,$-3,$-16,$-12,$0,$-12,$0,$0,$0,$-1,$-12,$-13,$2,$0
1,2018-06-30,35.97,$12.50,2.88,$23.81,1.51,$1.01,35.78,$0.61,58.97,$0.35B,$0.12B,3.05,$0.26B,$0.35B,0.75,$0.71B,$0.15B,21.30%,$0.71B,$0.03B,3.95%,$0.71B,$0.03B,3.95%,$0.71B,$0.06B,8.60%,$0.71B,$0.02B,2.82%,$0.71B,$0.02B,2.40%,$0.02B,$0.35B,5.01%,$0.02B,$0.08B,21.05%,$0.02B,$0.76B,2.34%,$0.03B,$0.61B,4.79%,$209,$159,$50,$0,$29,$188,$20,$-3,$17,$3,$14,$14,$14,$29,$20,$28,29,$0.50,$0.49,$11,$159,$0,$353,$125,$0,$268,$18,$411,$764,$116,$263,$34,$297,$413,$0,$0,$-16,$351,$764,$17,$19,$3,$21,$-33,$-20,$8,$15,$-30,$8,$-8,$0,$0,$0,$0,$0,$0,$-8,$-6,$0,$-6,$0,$0,$0,$-1,$-7,$-7,$2,$0
2,2018-03-31,37.3,$12.03,3.1,$21.59,1.73,$0.98,38.14,$0.38,98.16,$0.35B,$0.12B,2.86,$0.27B,$0.34B,0.81,$0.65B,$0.14B,20.74%,$0.65B,$0.02B,3.07%,$0.65B,$0.02B,3.07%,$0.65B,$0.05B,7.68%,$0.65B,$0.01B,2.15%,$0.65B,$0.01B,1.69%,$0.01B,$0.34B,3.25%,$0.01B,$0.07B,11.73%,$0.01B,$0.77B,1.59%,$0.02B,$0.61B,3.59%,$179,$142,$37,$0,$31,$172,$7,$-3,$4,$1,$3,$3,$3,$16,$7,$28,29,$0.12,$0.11,$16,$160,$0,$350,$125,$0,$273,$20,$418,$768,$123,$274,$33,$307,$430,$0,$0,$-14,$338,$768,$3,$10,$-0,$10,$-21,$-18,$19,$7,$-14,$-1,$-4,$0,$0,$0,$0,$0,$0,$-4,$4,$0,$4,$0,$0,$0,$-1,$4,$-2,$1,$0
3,2017-12-31,41.47,$11.77,3.52,$20.40,2.03,$1.29,32.26,$0.65,63.8,$0.32B,$0.10B,3.07,$0.27B,$0.33B,0.82,$0.62B,$0.14B,21.79%,$0.62B,$0.03B,4.81%,$0.62B,$0.03B,4.81%,$0.62B,$0.06B,9.13%,$0.62B,$0.03B,4.01%,$0.62B,$0.02B,3.21%,$0.02B,$0.33B,5.88%,$0.02B,$0.05B,17.98%,$0.02B,$0.74B,3.07%,$0.03B,$0.60B,5.70%,$171,$139,$32,$0,$25,$180,$-9,$-1,$-10,$-4,$-6,$-6,$-6,$-1,$-9,$29,29,$-0.17,$-0.15,$18,$150,$0,$315,$126,$0,$279,$16,$421,$736,$103,$269,$34,$303,$406,$0,$0,$-13,$330,$736,$20,$27,$15,$42,$-10,$-18,$10,$-6,$-24,$38,$-13,$0,$-114,$0,$0,$0,$-2,$-130,$123,$0,$123,$-32,$-32,$0,$0,$91,$0,$3,$0
4,2017-09-30,29.75,$12.05,2.47,$19.69,1.51,$1.65,18.04,$1.18,25.21,$0.29B,$0.09B,3.07,$0.18B,$0.34B,0.52,$0.61B,$0.14B,23.06%,$0.61B,$0.05B,8.90%,$0.61B,$0.05B,8.90%,$0.61B,$0.08B,13.18%,$0.61B,$0.05B,8.07%,$0.61B,$0.04B,5.93%,$0.04B,$0.34B,10.53%,$0.04B,$0.12B,27.80%,$0.04B,$0.64B,5.82%,$0.05B,$0.51B,10.87%,$150,$117,$32,$0,$22,$139,$10,$-2,$9,$3,$6,$6,$6,$17,$10,$33,33,$0.19,$0.18,$15,$139,$0,$286,$124,$0,$214,$17,$355,$641,$93,$175,$36,$210,$303,$0,$0,$-11,$337,$641,$25,$19,$2,$21,$-2,$-18,$8,$-6,$-24,$22,$-10,$0,$-10,$0,$0,$0,$-2,$-22,$29,$0,$29,$-32,$-32,$0,$0,$-3,$-3,$2,$0
5,2017-06-30,30.47,$12.12,2.51,$20.40,1.49,$1.78,17.08,$1.38,22.08,$0.28B,$0.08B,3.3,$0.16B,$0.35B,0.46,$0.61B,$0.15B,24.02%,$0.61B,$0.06B,10.13%,$0.61B,$0.06B,10.13%,$0.61B,$0.09B,14.22%,$0.61B,$0.06B,9.15%,$0.61B,$0.04B,6.86%,$0.04B,$0.35B,12.35%,$0.04B,$0.14B,33.07%,$0.04B,$0.63B,6.85%,$0.06B,$0.51B,12.61%,$151,$117,$34,$0,$22,$139,$12,$-1,$11,$3,$8,$8,$8,$18,$12,$29,30,$0.27,$0.26,$8,$134,$0,$278,$123,$0,$212,$16,$350,$628,$84,$160,$36,$196,$280,$0,$0,$-13,$348,$628,$19,$13,$1,$14,$-7,$-10,$3,$-6,$-28,$5,$-6,$0,$-10,$0,$0,$0,$0,$-16,$15,$0,$15,$-13,$-13,$0,$0,$1,$-10,$1,$0
6,2017-03-31,31.73,$11.94,2.66,$20.82,1.52,$2.39,13.27,$1.69,18.78,$0.26B,$0.08B,3.09,$0.14B,$0.35B,0.4,$0.63B,$0.16B,25.28%,$0.63B,$0.07B,11.68%,$0.63B,$0.07B,11.68%,$0.63B,$0.10B,15.68%,$0.63B,$0.07B,10.72%,$0.63B,$0.05B,7.84%,$0.05B,$0.35B,14.74%,$0.05B,$0.14B,41.61%,$0.05B,$0.60B,8.04%,$0.07B,$0.49B,15.04%,$152,$114,$38,$0,$21,$135,$17,$-1,$15,$4,$12,$12,$12,$23,$17,$29,30,$0.40,$0.38,$11,$122,$0,$256,$122,$0,$211,$14,$347,$603,$83,$139,$35,$174,$257,$0,$0,$-15,$346,$603,$12,$6,$0,$7,$-3,$-6,$4,$-3,$-12,$6,$-3,$0,$0,$0,$0,$0,$0,$-3,$-7,$0,$-7,$-4,$-4,$0,$0,$-11,$-7,$1,$0
7,2016-12-31,33.84,$11.60,2.92,$21.03,1.61,$2.21,15.31,$1.75,19.34,$0.26B,$0.09B,2.95,$0.15B,$0.34B,0.43,$0.63B,$0.16B,25.12%,$0.63B,$0.07B,11.69%,$0.63B,$0.07B,11.69%,$0.63B,$0.10B,15.64%,$0.63B,$0.07B,10.90%,$0.63B,$0.05B,7.58%,$0.05B,$0.34B,14.83%,$0.05B,$0.12B,45.07%,$0.05B,$0.60B,7.84%,$0.07B,$0.48B,15.28%,$154,$118,$36,$0,$21,$139,$15,$-1,$14,$4,$10,$10,$10,$22,$15,$29,30,$0.34,$0.32,$18,$117,$0,$255,$123,$0,$213,$13,$349,$604,$87,$145,$1,$180,$267,$0,$306,$-15,$337,$604,$48,$26,$0,$26,$-15,$-3,$-2,$-14,$-25,$49,$-13,$0,$0,$0,$0,$0,$-2,$-15,$-22,$0,$-22,$-14,$-14,$0,$1,$-35,$-1,$2,$0
8,2016-09-30,45.05,$11.34,3.97,$21.11,2.13,$3.00,15.01,$1.95,23.1,$0.27B,$0.09B,2.85,$0.16B,$0.33B,0.49,$0.64B,$0.16B,25.47%,$0.64B,$0.08B,11.79%,$0.64B,$0.08B,11.79%,$0.64B,$0.10B,15.57%,$0.64B,$0.07B,11.01%,$0.64B,$0.05B,8.18%,$0.05B,$0.33B,16.53%,$0.05B,$0.11B,54.88%,$0.05B,$0.62B,8.48%,$0.08B,$0.49B,15.62%,$155,$116,$39,$0,$21,$138,$18,$-1,$16,$4,$12,$12,$12,$24,$18,$29,30,$0.42,$0.41,$13,$121,$0,$266,$124,$0,$217,$13,$353,$619,$93,$161,$36,$197,$290,$0,$0,$-13,$329,$619,$39,$19,$0,$20,$-24,$-5,$0,$-11,$-33,$25,$-10,$0,$0,$0,$0,$0,$-2,$-11,$-6,$0,$-6,$-14,$-14,$0,$0,$-19,$-5,$2,$0
9,2016-06-30,33.26,$12.59,2.64,$22.55,1.48,$3.39,9.8,$2.48,13.41,$0.26B,$0.09B,2.79,$0.16B,$0.32B,0.52,$0.68B,$0.18B,26.73%,$0.68B,$0.09B,13.80%,$0.68B,$0.09B,13.80%,$0.68B,$0.12B,17.33%,$0.68B,$0.09B,13.22%,$0.68B,$0.07B,9.54%,$0.07B,$0.32B,21.43%,$0.07B,$0.10B,80.50%,$0.07B,$0.61B,10.47%,$0.09B,$0.48B,19.58%,$164,$120,$45,$0,$22,$142,$23,$-1,$22,$7,$15,$15,$15,$29,$23,$29,30,$0.51,$0.50,$20,$119,$0,$257,$124,$0,$219,$12,$355,$612,$92,$164,$38,$202,$294,$0,$0,$-13,$318,$612,$26,$13,$2,$15,$-11,$-4,$-0,$-9,$-18,$23,$-6,$0,$0,$0,$0,$0,$-1,$-7,$-3,$0,$-3,$-12,$-12,$0,$0,$-15,$2,$1,$0
10,2016-03-31,38.15,$12.19,3.13,$23.70,1.61,$3.15,12.1,$2.68,14.24,$0.26B,$0.10B,2.7,$0.17B,$0.31B,0.55,$0.69B,$0.19B,26.96%,$0.69B,$0.10B,14.35%,$0.69B,$0.10B,14.35%,$0.69B,$0.12B,17.97%,$0.69B,$0.10B,13.77%,$0.69B,$0.07B,9.86%,$0.07B,$0.31B,23.63%,$0.07B,$0.09B,108.37%,$0.07B,$0.61B,10.84%,$0.10B,$0.48B,20.59%,$160,$120,$39,$0,$22,$142,$18,$-1,$17,$5,$11,$11,$11,$24,$18,$29,30,$0.39,$0.38,$16,$119,$0,$257,$124,$0,$221,$11,$357,$614,$95,$170,$38,$208,$303,$0,$0,$-13,$311,$614,$11,$7,$1,$7,$-10,$-3,$3,$-3,$-18,$1,$-2,$0,$0,$0,$0,$0,$0,$-2,$2,$0,$2,$-4,$-4,$0,$0,$-1,$-3,$1,$0
11,2015-12-31,40.71,$10.21,3.99,$24.61,1.65,$3.97,10.26,$2.71,15.02,$0.25B,$0.10B,2.4,$0.17B,$0.30B,0.56,$0.69B,$0.19B,27.02%,$0.69B,$0.10B,14.31%,$0.69B,$0.10B,14.31%,$0.69B,$0.12B,17.92%,$0.69B,$0.09B,13.58%,$0.69B,$0.07B,9.83%,$0.07B,$0.30B,25.26%,$0.07B,$0.08B,163.86%,$0.07B,$0.61B,10.90%,$0.10B,$0.47B,20.92%,$157,$118,$39,$0,$23,$141,$16,$-1,$15,$1,$14,$14,$14,$22,$16,$29,30,$0.33,$0.32,$19,$115,$0,$250,$125,$0,$224,$11,$359,$609,$104,$167,$2,$205,$309,$0,$257,$-15,$300,$609,$67,$25,$3,$28,$-1,$-3,$-2,$-6,$-17,$79,$-19,$0,$-52,$0,$0,$0,$-3,$-74,$-13,$0,$-13,$3,$3,$0,$3,$-7,$-3,$2,$0
12,2015-09-30,40.43,$11.12,3.63,$24.94,1.62,$3.95,10.23,$2.99,13.52,$0.29B,$0.11B,2.53,$0.21B,$0.28B,0.73,$0.70B,$0.19B,27.25%,$0.70B,$0.11B,15.41%,$0.70B,$0.11B,15.41%,$0.70B,$0.13B,19.12%,$0.70B,$0.10B,14.69%,$0.70B,$0.07B,10.27%,$0.07B,$0.28B,28.66%,$0.07B,$0.06B,236.07%,$0.07B,$0.65B,11.76%,$0.11B,$0.49B,23.56%,$200,$141,$59,$0,$22,$163,$37,$-1,$36,$11,$25,$25,$25,$43,$37,$29,30,$0.84,$0.82,$22,$120,$0,$286,$126,$0,$227,$9,$362,$648,$113,$206,$45,$251,$364,$0,$0,$-15,$284,$648,$53,$19,$1,$20,$-30,$-5,$-2,$-5,$-30,$43,$-16,$0,$-53,$0,$0,$0,$-3,$-71,$26,$0,$26,$3,$3,$0,$1,$30,$1,$2,$0
13,2015-06-30,70.89,$11.58,6.12,$25.18,2.82,$4.53,15.66,$2.80,25.32,$0.27B,$0.11B,2.49,$0.23B,$0.26B,0.89,$0.68B,$0.18B,26.91%,$0.68B,$0.10B,14.26%,$0.68B,$0.10B,14.26%,$0.68B,$0.13B,18.82%,$0.68B,$0.09B,13.24%,$0.68B,$0.06B,9.41%,$0.06B,$0.26B,27.47%,$0.06B,$0.03B,320.00%,$0.06B,$0.64B,10.70%,$0.10B,$0.49B,22.07%,$173,$124,$49,$0,$21,$145,$28,$-1,$27,$9,$18,$18,$18,$35,$28,$25,26,$0.70,$0.67,$24,$133,$0,$274,$126,$0,$229,$9,$364,$638,$110,$228,$44,$272,$382,$0,$0,$-15,$256,$638,$28,$13,$0,$13,$-4,$-17,$9,$-13,$-20,$21,$-12,$0,$-53,$0,$0,$0,$-3,$-68,$49,$0,$49,$1,$1,$0,$1,$50,$3,$1,$0
14,2015-03-31,73.7,$10.73,6.87,$26.30,2.8,$4.21,17.52,$2.73,27.0,$0.24B,$0.11B,2.25,$0.21B,$0.24B,0.9,$0.68B,$0.18B,25.95%,$0.68B,$0.09B,13.34%,$0.68B,$0.09B,13.34%,$0.68B,$0.12B,17.74%,$0.68B,$0.08B,12.17%,$0.68B,$0.06B,8.65%,$0.06B,$0.24B,27.10%,$0.06B,$0.01B,491.67%,$0.06B,$0.60B,10.10%,$0.09B,$0.45B,21.41%,$162,$121,$40,$0,$23,$144,$18,$-1,$16,$6,$11,$11,$11,$24,$18,$25,26,$0.42,$0.41,$23,$121,$0,$237,$125,$0,$232,$6,$363,$600,$106,$214,$44,$258,$363,$0,$0,$-15,$237,$600,$11,$6,$1,$7,$19,$-3,$6,$-9,$9,$27,$-7,$0,$-53,$0,$0,$0,$-0,$-60,$34,$0,$34,$0,$0,$0,$1,$35,$1,$1,$0
15,2014-12-31,55.31,$9.05,6.11,$26.36,2.1,$2.82,19.61,$2.66,20.79,$0.25B,$0.11B,2.25,$0.18B,$0.23B,0.79,$0.66B,$0.17B,25.26%,$0.66B,$0.09B,13.16%,$0.66B,$0.09B,13.16%,$0.66B,$0.12B,17.40%,$0.66B,$0.08B,11.80%,$0.66B,$0.06B,8.47%,$0.06B,$0.23B,27.48%,$0.06B,$0.03B,1178.95%,$0.06B,$0.56B,9.57%,$0.09B,$0.41B,20.65%,$166,$124,$43,$0,$17,$141,$25,$-1,$24,$6,$18,$18,$18,$32,$25,$29,30,$0.32,$0.31,$21,$115,$0,$246,$116,$0,$195,$6,$317,$563,$109,$180,$3,$226,$335,$0,$190,$-12,$228,$563,$56,$27,$-6,$22,$-19,$26,$-8,$21,$22,$100,$-41,$0,$-68,$0,$0,$0,$-0,$-109,$-30,$0,$-30,$2,$2,$0,$5,$-23,$-33,$2,$0
16,2014-09-30,47.68,$9.70,4.92,$24.98,1.91,$2.54,18.79,$2.19,21.77,$0.28B,$0.14B,2.05,$0.20B,$0.21B,0.96,$0.60B,$0.15B,24.83%,$0.60B,$0.07B,12.17%,$0.60B,$0.07B,12.17%,$0.60B,$0.10B,16.33%,$0.60B,$0.06B,10.50%,$0.60B,$0.04B,7.33%,$0.04B,$0.21B,23.19%,$0.04B,$0.02B,-382.61%,$0.04B,$0.59B,7.76%,$0.07B,$0.41B,17.84%,$179,$128,$51,$0,$26,$154,$26,$-2,$23,$6,$17,$17,$17,$37,$26,$25,26,$0.68,$0.65,$25,$127,$0,$278,$111,$0,$196,$6,$313,$591,$136,$202,$42,$244,$380,$0,$0,$-6,$211,$591,$38,$21,$-4,$18,$-42,$16,$8,$21,$13,$69,$-30,$0,$-70,$0,$0,$0,$0,$-100,$-0,$0,$-0,$1,$1,$0,$1,$2,$-30,$1,$0
17,2014-06-30,56.45,$10.76,5.25,$22.16,2.55,$2.39,23.65,$1.83,30.85,$0.27B,$0.11B,2.37,$0.23B,$0.20B,1.19,$0.51B,$0.12B,23.87%,$0.51B,$0.06B,11.55%,$0.51B,$0.06B,11.55%,$0.51B,$0.08B,14.87%,$0.51B,$0.05B,9.98%,$0.51B,$0.03B,6.65%,$0.03B,$0.20B,19.54%,$0.03B,$-0.01B,-154.55%,$0.03B,$0.58B,6.45%,$0.06B,$0.43B,15.14%,$175,$131,$43,$0,$21,$152,$22,$-3,$20,$7,$13,$13,$13,$28,$22,$22,23,$0.61,$0.58,$21,$127,$0,$267,$110,$0,$200,$6,$316,$583,$113,$232,$43,$275,$388,$0,$0,$-4,$195,$583,$21,$10,$-2,$8,$-34,$18,$4,$3,$-6,$23,$-23,$0,$-68,$0,$0,$0,$0,$-91,$32,$0,$32,$1,$1,$0,$1,$34,$-34,$1,$0
18,2014-03-31,63.41,$10.04,6.32,$18.34,3.46,$3.13,20.26,$1.47,43.14,$0.29B,$0.12B,2.36,$0.26B,$0.18B,1.41,$0.41B,$0.10B,24.08%,$0.41B,$0.05B,11.06%,$0.41B,$0.05B,11.06%,$0.41B,$0.06B,14.25%,$0.41B,$0.04B,9.58%,$0.41B,$0.03B,6.39%,$0.03B,$0.18B,16.22%,$0.03B,$-0.02B,547.37%,$0.03B,$0.60B,5.95%,$0.05B,$0.44B,13.99%,$141,$111,$30,$0,$16,$127,$14,$-2,$11,$4,$8,$8,$8,$18,$14,$22,23,$0.35,$0.33,$29,$141,$6,$291,$101,$0,$205,$6,$312,$603,$123,$255,$43,$298,$422,$0,$0,$-4,$181,$603,$8,$5,$-1,$4,$-38,$9,$10,$9,$-9,$3,$-17,$0,$-70,$0,$0,$0,$0,$-87,$58,$0,$58,$1,$1,$0,$1,$59,$-26,$0,$0
19,2013-12-31,51.0,$8.00,6.37,$16.18,3.15,$4.45,11.46,$1.63,31.29,$0.21B,$0.09B,2.48,$0.19B,$0.17B,1.1,$0.34B,$0.09B,25.88%,$0.34B,$0.04B,12.35%,$0.34B,$0.04B,12.35%,$0.34B,$0.05B,15.59%,$0.34B,$0.04B,11.47%,$0.34B,$0.03B,7.94%,$0.03B,$0.17B,18.18%,$0.03B,$-0.03B,77.70%,$0.03B,$0.49B,7.92%,$0.04B,$0.36B,16.78%,$105,$80,$25,$0,$14,$95,$11,$-2,$9,$3,$6,$6,$6,$15,$11,$24,25,$0.00,$0.01,$55,$85,$0,$211,$71,$0,$204,$5,$280,$491,$85,$188,$8,$235,$320,$0,$134,$-4,$172,$491,$27,$11,$0,$11,$3,$-5,$6,$1,$11,$50,$-7,$0,$-160,$0,$0,$0,$-0,$-167,$171,$-7,$164,$2,$2,$0,$-1,$164,$47,$1,$0
20,2013-09-30,41.39,$8.48,4.88,$15.11,2.74,$3.11,13.32,$1.66,24.94,$0.19B,$0.06B,3.4,$0.19B,$0.15B,1.27,$0.30B,$0.08B,26.82%,$0.30B,$0.04B,12.91%,$0.30B,$0.04B,12.91%,$0.30B,$0.05B,15.89%,$0.30B,$0.04B,12.58%,$0.30B,$0.03B,8.94%,$0.03B,$0.15B,19.74%,$0.03B,$-0.03B,41.86%,$0.03B,$0.43B,9.96%,$0.04B,$0.34B,19.82%,$90,$66,$24,$0,$11,$77,$12,$-2,$11,$4,$7,$7,$7,$15,$12,$21,22,$0.34,$0.32,$68,$67,$8,$192,$60,$0,$176,$6,$241,$433,$56,$188,$18,$228,$285,$0,$0,$-5,$148,$433,$21,$7,$2,$8,$5,$-4,$4,$-1,$5,$34,$-5,$0,$-136,$0,$0,$0,$0,$-141,$169,$0,$169,$0,$0,$0,$-2,$167,$61,$1,$0
21,2013-06-30,34.03,$9.62,3.54,$14.85,2.29,$2.14,15.9,$1.60,21.27,$0.12B,$0.05B,2.39,$0.02B,$0.14B,0.11,$0.28B,$0.07B,26.33%,$0.28B,$0.04B,12.46%,$0.28B,$0.04B,12.46%,$0.28B,$0.04B,15.30%,$0.28B,$0.03B,12.10%,$0.28B,$0.03B,8.90%,$0.03B,$0.14B,19.34%,$0.03B,$0.10B,27.47%,$0.03B,$0.22B,11.66%,$0.04B,$0.16B,23.57%,$71,$52,$19,$0,$11,$63,$8,$-0,$8,$3,$5,$5,$5,$10,$8,$17,18,$0.30,$0.28,$17,$53,$6,$119,$55,$0,$37,$3,$104,$222,$50,$15,$18,$33,$83,$0,$0,$-5,$140,$222,$14,$3,$2,$5,$3,$-5,$4,$-5,$-2,$17,$-4,$0,$0,$0,$0,$0,$0,$-4,$-4,$0,$-4,$0,$0,$0,$-0,$-4,$9,$1,$0
22,2013-03-31,24.83,$9.25,2.69,$15.26,1.63,$1.69,14.72,$1.65,15.05,$0.11B,$0.05B,2.29,$0.02B,$0.13B,0.12,$0.28B,$0.07B,26.18%,$0.28B,$0.04B,12.73%,$0.28B,$0.04B,12.73%,$0.28B,$0.04B,15.27%,$0.28B,$0.03B,12.36%,$0.28B,$0.03B,9.09%,$0.03B,$0.13B,20.45%,$0.03B,$0.10B,29.15%,$0.03B,$0.22B,12.14%,$0.04B,$0.15B,24.52%,$74,$54,$20,$0,$9,$63,$11,$-0,$11,$2,$9,$9,$9,$13,$11,$17,18,$0.49,$0.47,$18,$50,$6,$112,$54,$0,$38,$3,$104,$217,$49,$16,$18,$34,$83,$0,$0,$-5,$134,$217,$9,$2,$1,$3,$6,$-1,$2,$-5,$3,$14,$-2,$0,$0,$0,$0,$0,$0,$-2,$-2,$0,$-2,$0,$0,$0,$-0,$-2,$10,$0,$0
23,2012-12-31,19.05,$7.21,2.64,$15.52,1.23,$1.21,15.78,$1.55,12.29,$0.11B,$0.05B,2.25,$0.02B,$0.13B,0.17,$0.27B,$0.07B,26.32%,$0.27B,$0.03B,12.41%,$0.27B,$0.03B,12.41%,$0.27B,$0.04B,15.04%,$0.27B,$0.03B,12.03%,$0.27B,$0.02B,8.27%,$0.02B,$0.13B,19.09%,$0.02B,$0.09B,27.33%,$0.02B,$0.21B,11.18%,$0.03B,$0.15B,24.04%,$67,$50,$18,$0,$10,$59,$8,$-0,$8,$2,$6,$6,$6,$10,$8,$21,22,$-0.02,$-0.01,$7,$49,$0,$108,$54,$0,$38,$3,$104,$212,$48,$21,$3,$39,$87,$0,$107,$-5,$125,$212,$22,$7,$2,$9,$-8,$-9,$-1,$8,$-6,$24,$-17,$0,$-11,$0,$0,$0,$0,$-27,$-10,$7,$-3,$2,$2,$0,$1,$-0,$-4,$1,$0
24,2012-09-30,22.3,$8.23,2.71,$15.86,1.41,$1.63,13.68,$1.58,14.12,$0.11B,$0.05B,2.26,$0.03B,$0.12B,0.21,$0.26B,$0.07B,26.54%,$0.26B,$0.03B,12.69%,$0.26B,$0.03B,12.69%,$0.26B,$0.04B,15.00%,$0.26B,$0.03B,11.92%,$0.26B,$0.02B,8.08%,$0.02B,$0.12B,19.13%,$0.02B,$0.08B,27.36%,$0.02B,$0.21B,11.20%,$0.03B,$0.14B,24.72%,$69,$52,$17,$0,$9,$61,$8,$-0,$7,$2,$5,$5,$5,$10,$8,$17,18,$0.29,$0.27,$8,$47,$6,$108,$49,$0,$39,$3,$100,$207,$48,$25,$17,$42,$90,$0,$103,$-4,$118,$207,$16,$5,$1,$6,$-10,$-7,$3,$7,$-5,$17,$-11,$0,$-11,$0,$0,$0,$0,$-21,$-9,$9,$0,$0,$0,$0,$0,$1,$-3,$1,$0
25,2012-06-30,20.45,$9.01,2.27,$15.85,1.29,$1.27,16.1,$1.77,11.55,$0.10B,$0.04B,2.61,$0.02B,$0.11B,0.18,$0.25B,$0.07B,26.72%,$0.25B,$0.03B,13.36%,$0.25B,$0.03B,13.36%,$0.25B,$0.04B,15.38%,$0.25B,$0.03B,12.96%,$0.25B,$0.02B,9.31%,$0.02B,$0.11B,22.06%,$0.02B,$0.08B,29.49%,$0.02B,$0.19B,12.98%,$0.03B,$0.13B,25.53%,$65,$48,$17,$0,$9,$57,$8,$-0,$8,$2,$5,$5,$5,$9,$8,$14,15,$0.36,$0.34,$8,$45,$6,$102,$44,$0,$31,$3,$86,$188,$39,$20,$16,$37,$76,$0,$98,$-4,$112,$188,$11,$3,$1,$4,$-8,$-5,$1,$5,$-6,$9,$-4,$0,$0,$0,$0,$0,$0,$-4,$-8,$0,$-8,$0,$0,$0,$0,$-7,$-3,$1,$0
26,2012-03-31,25.31,$8.56,2.96,$15.86,1.6,$0.68,37.34,$1.77,14.3,$0.10B,$0.04B,2.67,$0.02B,$0.11B,0.21,$0.24B,$0.06B,26.58%,$0.24B,$0.03B,13.50%,$0.24B,$0.03B,13.50%,$0.24B,$0.04B,15.61%,$0.24B,$0.03B,13.08%,$0.24B,$0.02B,9.70%,$0.02B,$0.11B,23.41%,$0.02B,$0.08B,29.97%,$0.02B,$0.18B,13.57%,$0.03B,$0.13B,25.45%,$65,$47,$18,$0,$9,$56,$9,$-0,$9,$3,$6,$6,$6,$11,$9,$14,15,$0.43,$0.40,$8,$42,$5,$96,$42,$0,$31,$3,$84,$180,$36,$22,$16,$38,$74,$0,$93,$-4,$106,$180,$6,$1,$1,$2,$-4,$-3,$2,$-1,$-4,$5,$-2,$0,$0,$0,$0,$0,$0,$-2,$-6,$0,$-6,$0,$0,$0,$0,$-6,$-3,$0,$0
27,2011-12-31,25.93,$7.23,3.59,$15.85,1.64,$0.14,182.86,$1.76,14.73,$0.09B,$0.03B,2.76,$0.03B,$0.10B,0.27,$0.23B,$0.06B,26.43%,$0.23B,$0.03B,13.66%,$0.23B,$0.03B,13.66%,$0.23B,$0.04B,15.42%,$0.23B,$0.03B,13.22%,$0.23B,$0.02B,9.69%,$0.02B,$0.10B,23.78%,$0.02B,$0.07B,29.04%,$0.02B,$0.18B,13.52%,$0.03B,$0.13B,25.31%,$61,$44,$17,$0,$7,$54,$8,$-0,$7,$2,$5,$5,$5,$9,$8,$17,18,$0.01,$0.00,$11,$40,$0,$92,$41,$0,$31,$3,$83,$175,$33,$28,$3,$39,$72,$0,$87,$-1,$103,$175,$22,$5,$5,$10,$-3,$-1,$-0,$1,$-3,$28,$-14,$0,$-24,$0,$0,$0,$0,$-38,$-5,$0,$-5,$2,$2,$0,$1,$-2,$-12,$1,$0
28,2011-09-30,20.46,$7.88,2.6,$16.04,1.27,$0.28,72.23,$1.75,11.69,$0.10B,$0.03B,3.23,$0.03B,$0.10B,0.31,$0.22B,$0.06B,25.23%,$0.22B,$0.03B,13.30%,$0.22B,$0.03B,13.30%,$0.22B,$0.03B,15.60%,$0.22B,$0.03B,13.30%,$0.22B,$0.02B,9.63%,$0.02B,$0.10B,24.42%,$0.02B,$0.08B,28.38%,$0.02B,$0.17B,13.40%,$0.03B,$0.13B,24.73%,$56,$42,$14,$0,$6,$49,$8,$-0,$8,$1,$7,$7,$7,$9,$8,$14,15,$0.48,$0.45,$21,$40,$7,$104,$41,$0,$12,$3,$62,$166,$32,$29,$8,$38,$70,$0,$81,$-0,$96,$166,$16,$4,$2,$5,$-6,$-3,$-1,$2,$-9,$13,$-13,$0,$0,$0,$0,$0,$0,$-13,$-4,$0,$-4,$2,$2,$0,$0,$-2,$-2,$1,$0
29,2011-06-30,20.27,$8.03,2.52,$16.25,1.25,$1.24,16.29,$1.64,12.36,$0.10B,$0.03B,3.31,$0.03B,$0.09B,0.34,$0.21B,$0.05B,25.47%,$0.21B,$0.03B,13.21%,$0.21B,$0.03B,13.21%,$0.21B,$0.03B,15.57%,$0.21B,$0.03B,13.21%,$0.21B,$0.02B,8.96%,$0.02B,$0.09B,23.75%,$0.02B,$0.08B,27.94%,$0.02B,$0.16B,12.52%,$0.03B,$0.12B,24.94%,$55,$41,$14,$0,$7,$48,$7,$-1,$7,$2,$5,$5,$5,$8,$7,$12,13,$0.37,$0.35,$16,$41,$6,$99,$36,$0,$13,$3,$58,$157,$30,$30,$9,$39,$69,$0,$75,$0,$88,$157,$10,$2,$1,$4,$-5,$-4,$-1,$-1,$-10,$3,$-7,$0,$0,$0,$0,$0,$0,$-7,$-3,$0,$-3,$0,$0,$0,$0,$-3,$-7,$1,$0
30,2011-03-31,16.57,$7.59,2.18,$16.11,1.03,$2.07,8.0,$1.47,11.27,$0.10B,$0.03B,3.39,$0.03B,$0.08B,0.38,$0.20B,$0.05B,25.00%,$0.20B,$0.03B,12.75%,$0.20B,$0.03B,12.75%,$0.20B,$0.03B,15.20%,$0.20B,$0.03B,12.25%,$0.20B,$0.02B,7.84%,$0.02B,$0.08B,21.48%,$0.02B,$0.07B,25.60%,$0.02B,$0.15B,10.88%,$0.03B,$0.12B,24.07%,$55,$41,$15,$0,$6,$47,$8,$-1,$8,$2,$5,$5,$5,$9,$8,$12,13,$0.43,$0.41,$17,$40,$6,$100,$31,$0,$13,$3,$53,$153,$30,$31,$9,$40,$70,$0,$70,$0,$83,$153,$5,$1,$1,$2,$-6,$-2,$-2,$-2,$-11,$-3,$-1,$0,$0,$0,$0,$0,$0,$-1,$-2,$0,$-2,$0,$0,$0,$0,$-2,$-6,$0,$0
31,2010-12-31,13.82,$6.41,2.16,$16.08,0.86,$2.46,5.62,$1.33,10.39,$0.10B,$0.03B,3.11,$0.03B,$0.08B,0.43,$0.20B,$0.05B,24.49%,$0.20B,$0.02B,12.24%,$0.20B,$0.02B,12.24%,$0.20B,$0.03B,14.80%,$0.20B,$0.02B,11.73%,$0.20B,$0.01B,7.14%,$0.01B,$0.08B,20.07%,$0.01B,$0.07B,24.35%,$0.01B,$0.15B,9.81%,$0.02B,$0.11B,22.97%,$52,$39,$12,$0,$6,$45,$6,$-1,$6,$1,$4,$4,$4,$8,$6,$14,14,$0.17,$0.15,$23,$38,$0,$97,$31,$0,$13,$3,$54,$151,$31,$33,$3,$42,$74,$0,$65,$-0,$77,$151,$15,$5,$3,$8,$-0,$-7,$3,$-3,$-7,$17,$-4,$0,$0,$0,$0,$0,$-0,$-4,$-6,$0,$-6,$1,$1,$0,$0,$-5,$8,$1,$0
32,2010-09-30,11.49,$6.62,1.74,$16.31,0.7,$4.01,2.86,$0.04,287.17,$0.09B,$0.03B,2.97,$0.03B,$0.07B,0.47,$0.19B,$0.05B,24.21%,$0.19B,$0.00B,1.58%,$0.19B,$0.00B,1.58%,$0.19B,$0.01B,4.21%,$0.19B,$0.00B,0.53%,$0.19B,0,0.00%,$0.00B,$0.07B,0.00%,$0.00B,$0.06B,0.00%,$0.00B,$0.15B,0.00%,$0.00B,$0.11B,2.95%,$50,$37,$13,$0,$6,$43,$7,$-1,$7,$2,$5,$5,$5,$8,$7,$12,12,$0.39,$0.37,$22,$35,$6,$92,$31,$0,$13,$4,$55,$146,$31,$34,$9,$43,$74,$0,$61,$-0,$72,$146,$10,$4,$3,$7,$2,$-4,$3,$-4,$-2,$15,$-3,$0,$0,$0,$0,$0,$-0,$-3,$-6,$0,$-6,$1,$1,$0,$0,$-5,$7,$1,$0
33,2010-06-30,10.77,$6.14,1.75,$16.72,0.64,$5.14,2.09,$-0.14,0.0,$0.08B,$0.03B,3.03,$0.04B,$0.07B,0.53,$0.19B,$0.04B,22.75%,$0.19B,$0.00B,0.00%,$0.19B,$0.00B,0.00%,$0.19B,$0.01B,3.17%,$0.19B,$-0.00B,-1.06%,$0.19B,$-0.00B,-1.59%,$-0.00B,$0.07B,-4.63%,$-0.00B,$0.05B,-6.38%,$-0.00B,$0.14B,-2.10%,$0.00B,$0.10B,0.00%,$47,$36,$11,$0,$6,$42,$5,$-1,$4,$1,$2,$2,$2,$6,$5,$11,11,$0.22,$0.22,$16,$33,$7,$84,$31,$0,$13,$4,$55,$138,$28,$35,$9,$44,$72,$0,$56,$-0,$66,$138,$6,$2,$2,$5,$2,$-1,$1,$-5,$-3,$7,$-1,$0,$0,$0,$0,$0,$-0,$-2,$-5,$0,$-5,$0,$0,$0,$0,$-4,$1,$0,$0
34,2010-03-31,6.46,$5.93,1.09,$16.81,0.38,$5.33,1.21,$-0.18,0.0,$0.08B,$0.03B,3.06,$0.04B,$0.06B,0.57,$0.19B,$0.04B,21.69%,$0.19B,$-0.00B,-1.59%,$0.19B,$-0.00B,-1.59%,$0.19B,$0.00B,2.12%,$0.19B,$-0.00B,-1.59%,$0.19B,$-0.00B,-1.59%,$-0.00B,$0.06B,-4.63%,$-0.00B,$0.05B,-7.19%,$-0.00B,$0.14B,-2.04%,$-0.00B,$0.10B,-2.82%,$47,$35,$12,$0,$5,$41,$6,$-1,$6,$2,$3,$3,$3,$7,$6,$11,11,$0.31,$0.31,$13,$32,$5,$80,$31,$0,$13,$4,$56,$136,$26,$37,$9,$46,$72,$0,$53,$0,$64,$136,$3,$1,$1,$3,$-0,$-0,$-0,$-4,$-5,$2,$-1,$0,$0,$0,$0,$0,$0,$-1,$-3,$0,$-3,$0,$0,$0,$0,$-3,$-2,$0,$0
35,2009-12-31,5.63,$5.34,1.05,$17.17,0.33,$5.45,1.03,$-0.36,0.0,$0.08B,$0.03B,2.78,$0.04B,$0.06B,0.64,$0.19B,$0.04B,19.79%,$0.19B,$-0.01B,-3.65%,$0.19B,$-0.01B,-3.65%,$0.19B,$0.00B,0.52%,$0.19B,$-0.01B,-3.65%,$0.19B,$-0.01B,-2.60%,$-0.01B,$0.06B,-7.75%,$-0.01B,$0.05B,-13.79%,$-0.01B,$0.14B,-3.27%,$-0.01B,$0.10B,-6.41%,$46,$36,$10,$0,$5,$60,$-15,$-1,$-16,$-6,$-10,$-10,$-10,$-13,$-15,$12,12,$-0.86,$-0.86,$15,$32,$0,$82,$31,$0,$13,$4,$56,$139,$30,$39,$4,$49,$79,$0,$50,$-0,$60,$139,$-4,$7,$12,$19,$12,$6,$-6,$1,$15,$31,$-2,$0,$-41,$0,$0,$0,$-0,$-43,$25,$0,$25,$0,$0,$0,$-2,$24,$12,$1,$0
36,2009-09-30,6.19,$6.38,0.97,$17.48,0.35,$3.67,1.69,$0.52,11.9,$0.09B,$0.03B,2.57,$0.04B,$0.07B,0.64,$0.19B,$0.03B,15.79%,$0.19B,$0.01B,2.63%,$0.19B,$0.01B,2.63%,$0.19B,$0.01B,6.32%,$0.19B,$0.01B,3.16%,$0.19B,$0.00B,1.58%,$0.00B,$0.07B,4.69%,$0.00B,$0.04B,7.89%,$0.00B,$0.16B,2.08%,$0.01B,$0.11B,4.88%,$49,$38,$10,$0,$6,$45,$4,$-0,$4,$1,$2,$2,$2,$6,$4,$11,11,$0.23,$0.23,$18,$31,$0,$88,$32,$0,$33,$4,$70,$158,$34,$44,$4,$55,$89,$0,$60,$-1,$69,$158,$6,$6,$-0,$6,$9,$7,$-6,$2,$14,$25,$-2,$0,$-41,$0,$0,$0,$-0,$-43,$33,$0,$33,$0,$0,$0,$-1,$32,$15,$1,$0
37,2009-06-30,6.84,$6.12,1.12,$16.85,0.41,$1.62,4.23,$0.51,13.41,$0.08B,$0.03B,2.65,$0.05B,$0.07B,0.7,$0.18B,$0.03B,15.47%,$0.18B,$0.01B,2.76%,$0.18B,$0.01B,2.76%,$0.18B,$0.01B,6.08%,$0.18B,$0.01B,3.31%,$0.18B,$0.00B,1.66%,$0.00B,$0.07B,4.84%,$0.00B,$0.03B,6.98%,$0.00B,$0.15B,2.25%,$0.01B,$0.11B,5.38%,$47,$38,$9,$0,$6,$45,$2,$0,$3,$1,$2,$2,$2,$4,$2,$11,11,$0.18,$0.18,$4,$33,$0,$82,$33,$0,$33,$4,$71,$154,$31,$46,$3,$57,$88,$0,$57,$-1,$66,$154,$3,$4,$-0,$4,$3,$6,$-6,$-1,$2,$9,$-2,$0,$-41,$0,$0,$0,$-0,$-42,$35,$0,$35,$0,$0,$0,$-1,$34,$1,$0,$0
38,2009-03-31,7.24,$5.88,1.23,$17.10,0.42,$1.21,5.99,$0.93,7.79,$0.09B,$0.04B,2.38,$0.05B,$0.06B,0.78,$0.18B,$0.03B,17.03%,$0.18B,$0.01B,6.04%,$0.18B,$0.01B,6.04%,$0.18B,$0.02B,8.79%,$0.18B,$0.01B,6.04%,$0.18B,$0.01B,3.30%,$0.01B,$0.06B,10.00%,$0.01B,$0.03B,12.50%,$0.01B,$0.16B,4.89%,$0.01B,$0.11B,13.25%,$50,$41,$9,$0,$6,$48,$2,$-0,$2,$1,$1,$1,$1,$4,$2,$11,11,$0.13,$0.13,$1,$36,$0,$88,$33,$0,$34,$4,$73,$160,$37,$50,$3,$60,$97,$0,$55,$-1,$63,$160,$1,$2,$0,$2,$-3,$3,$-0,$-1,$-0,$3,$-1,$0,$-41,$0,$0,$0,$0,$-42,$38,$0,$38,$0,$0,$0,$-1,$37,$-2,$0,$0
39,2008-12-31,5.86,$5.67,1.03,$16.28,0.36,$0.90,6.48,$1.11,5.28,$0.07B,$0.02B,2.85,$0.01B,$0.06B,0.23,$0.17B,$0.03B,17.34%,$0.17B,$0.01B,7.51%,$0.17B,$0.01B,7.51%,$0.17B,$0.02B,9.83%,$0.17B,$0.01B,7.51%,$0.17B,$0.01B,4.62%,$0.01B,$0.06B,13.97%,$0.01B,$0.05B,15.24%,$0.01B,$0.11B,7.34%,$0.01B,$0.07B,18.18%,$44,$42,$2,$0,$5,$47,$-3,$-0,$-3,$-1,$-2,$-2,$-2,$-2,$-3,$10,11,$-0.17,$-0.16,$3,$36,$0,$67,$29,$0,$4,$3,$38,$105,$23,$14,$2,$23,$46,$0,$54,$-1,$58,$105,$8,$4,$8,$12,$-3,$-7,$2,$-2,$-9,$12,$-4,$0,$0,$0,$0,$0,$-0,$-5,$-1,$-7,$-8,$0,$0,$0,$1,$-7,$0,$1,$0
40,2008-09-30,13.55,$5.91,2.29,$15.50,0.87,$0.14,98.67,$1.37,9.89,$0.07B,$0.03B,2.4,$0.01B,$0.06B,0.23,$0.17B,$0.04B,21.82%,$0.17B,$0.02B,12.12%,$0.17B,$0.02B,12.12%,$0.17B,$0.02B,14.55%,$0.17B,$0.02B,11.52%,$0.17B,$0.01B,7.27%,$0.01B,$0.06B,21.82%,$0.01B,$0.06B,24.00%,$0.01B,$0.11B,11.03%,$0.02B,$0.08B,28.78%,$40,$32,$8,$0,$4,$36,$4,$-0,$4,$1,$2,$2,$2,$5,$4,$10,11,$0.23,$0.22,$1,$43,$0,$74,$31,$0,$5,$3,$40,$114,$31,$14,$1,$22,$53,$0,$56,$-1,$61,$114,$10,$3,$1,$4,$-7,$-7,$3,$-1,$-11,$4,$-3,$0,$0,$0,$0,$0,$-0,$-3,$-1,$-3,$-4,$0,$0,$0,$1,$-3,$-2,$1,$0
41,2008-06-30,8.25,$7.07,1.17,$15.26,0.54,$-0.49,0.0,$1.63,5.06,$0.07B,$0.03B,2.28,$0.01B,$0.06B,0.25,$0.16B,$0.04B,23.31%,$0.16B,$0.02B,13.50%,$0.16B,$0.02B,13.50%,$0.16B,$0.03B,15.95%,$0.16B,$0.02B,12.88%,$0.16B,$0.01B,8.59%,$0.01B,$0.06B,27.32%,$0.01B,$0.05B,30.27%,$0.01B,$0.11B,13.18%,$0.02B,$0.07B,33.33%,$48,$36,$12,$0,$4,$40,$8,$-0,$8,$3,$5,$5,$5,$9,$8,$10,11,$0.50,$0.48,$2,$38,$0,$72,$30,$0,$5,$3,$40,$112,$32,$14,$1,$22,$54,$0,$53,$-1,$58,$112,$8,$2,$1,$3,$-9,$-1,$4,$-1,$-5,$5,$-2,$0,$0,$0,$0,$0,$-0,$-2,$-0,$-4,$-5,$0,$0,$0,$1,$-4,$-1,$0,$0
42,2008-03-31,11.46,$6.40,1.79,$15.59,0.73,$-2.04,0.0,$1.56,7.35,$0.07B,$0.03B,2.19,$0.02B,$0.05B,0.28,$0.16B,$0.04B,23.72%,$0.16B,$0.02B,13.46%,$0.16B,$0.02B,13.46%,$0.16B,$0.03B,16.03%,$0.16B,$0.02B,12.82%,$0.16B,$0.01B,8.97%,$0.01B,$0.05B,29.63%,$0.01B,$0.05B,33.14%,$0.01B,$0.11B,13.33%,$0.02B,$0.07B,33.73%,$41,$33,$8,$0,$4,$37,$4,$-0,$4,$1,$3,$3,$3,$5,$4,$10,11,$0.26,$0.25,$1,$36,$0,$66,$30,$0,$5,$4,$40,$105,$30,$15,$2,$23,$53,$0,$48,$-1,$52,$105,$3,$1,$0,$1,$-5,$1,$1,$-0,$-4,$-0,$-1,$0,$0,$0,$0,$0,$-0,$-1,$-0,$-1,$-1,$0,$0,$0,$1,$-0,$-2,$0,$0
43,2007-12-31,25.21,$4.83,5.22,$16.84,1.5,$-2.70,0.0,$1.81,13.93,$0.06B,$0.03B,2.01,$0.02B,$0.05B,0.3,$0.16B,$0.04B,25.95%,$0.16B,$0.02B,15.19%,$0.16B,$0.02B,15.19%,$0.16B,$0.03B,17.72%,$0.16B,$0.02B,14.56%,$0.16B,$0.02B,10.13%,$0.02B,$0.05B,36.78%,$0.02B,$0.04B,41.56%,$0.02B,$0.10B,15.65%,$0.02B,$0.06B,42.11%,$36,$29,$8,$0,$4,$32,$4,$-0,$3,$1,$2,$2,$2,$5,$4,$10,11,$-0.03,$-0.03,$3,$37,$0,$64,$30,$0,$5,$4,$40,$104,$32,$15,$1,$23,$55,$0,$46,$-1,$49,$104,$15,$3,$1,$5,$-3,$-6,$-5,$1,$-11,$9,$-10,$0,$0,$0,$0,$0,$-1,$-10,$5,$-1,$4,$1,$1,$0,$-1,$4,$3,$1,$0
44,2007-09-30,25.84,$5.73,4.51,$16.25,1.59,$-3.13,0.0,$1.67,15.48,$0.07B,$0.04B,1.88,$0.02B,$0.05B,0.33,$0.15B,$0.04B,25.17%,$0.15B,$0.02B,13.91%,$0.15B,$0.02B,13.91%,$0.15B,$0.03B,16.56%,$0.15B,$0.02B,13.91%,$0.15B,$0.02B,9.93%,$0.02B,$0.05B,38.46%,$0.02B,$0.04B,44.12%,$0.02B,$0.10B,15.46%,$0.02B,$0.06B,40.98%,$38,$28,$10,$0,$4,$31,$6,$-0,$6,$2,$4,$4,$4,$7,$6,$10,11,$0.41,$0.38,$1,$38,$0,$65,$29,$0,$5,$4,$38,$104,$35,$15,$1,$23,$58,$0,$44,$-0,$46,$104,$13,$2,$-0,$2,$-7,$-6,$-4,$-1,$-14,$1,$-8,$0,$0,$0,$0,$0,$-0,$-8,$4,$2,$6,$0,$0,$0,$0,$7,$1,$1,$0
45,2007-06-30,18.82,$5.16,3.64,$16.07,1.17,$-3.15,0.0,$1.42,13.25,$0.07B,$0.04B,1.62,$0.02B,$0.04B,0.36,$0.14B,$0.03B,24.11%,$0.14B,$0.02B,12.77%,$0.14B,$0.02B,12.77%,$0.14B,$0.02B,14.89%,$0.14B,$0.02B,12.06%,$0.14B,$0.01B,9.22%,$0.01B,$0.04B,36.62%,$0.01B,$0.04B,42.62%,$0.01B,$0.11B,14.44%,$0.02B,$0.06B,38.71%,$41,$30,$11,$0,$4,$34,$7,$-0,$7,$2,$5,$5,$5,$8,$7,$8,9,$0.56,$0.53,$1,$38,$0,$70,$28,$0,$5,$4,$38,$107,$43,$15,$1,$23,$66,$0,$39,$-0,$42,$107,$9,$2,$-0,$1,$-11,$-6,$1,$-2,$-15,$-5,$-6,$0,$0,$0,$0,$0,$-0,$-6,$4,$7,$11,$0,$0,$0,$0,$12,$1,$0,$0
46,2007-03-31,10.44,$4.54,2.3,$14.73,0.71,$-2.25,0.0,$1.14,9.16,$0.06B,$0.04B,1.5,$0.01B,$0.04B,0.26,$0.13B,$0.03B,23.26%,$0.13B,$0.01B,10.85%,$0.13B,$0.01B,10.85%,$0.13B,$0.02B,13.18%,$0.13B,$0.01B,10.08%,$0.13B,$0.01B,7.75%,$0.01B,$0.04B,30.77%,$0.01B,$0.03B,36.70%,$0.01B,$0.09B,12.31%,$0.01B,$0.05B,33.14%,$43,$31,$12,$0,$4,$36,$7,$-0,$7,$2,$5,$5,$5,$8,$7,$8,8,$0.58,$0.56,$0,$33,$0,$61,$26,$0,$5,$2,$33,$94,$40,$9,$1,$17,$57,$0,$35,$-1,$37,$94,$5,$1,$0,$1,$-8,$-1,$1,$-3,$-9,$-4,$-3,$0,$0,$0,$0,$0,$-0,$-3,$-0,$6,$6,$0,$0,$0,$0,$7,$0,$0,$0
47,2006-12-31,10.16,$3.91,2.6,$12.76,0.8,$-1.90,0.0,$0.73,13.92,$0.05B,$0.03B,1.51,$0.01B,$0.03B,0.3,$0.11B,$0.02B,20.72%,$0.11B,$0.01B,8.11%,$0.11B,$0.01B,8.11%,$0.11B,$0.01B,10.81%,$0.11B,$0.01B,7.21%,$0.11B,$0.01B,5.41%,$0.01B,$0.03B,20.00%,$0.01B,$0.03B,24.49%,$0.01B,$0.08B,8.05%,$0.01B,$0.04B,22.50%,$29,$24,$5,$0,$4,$28,$1,$-0,$1,$0,$1,$1,$1,$2,$1,$10,10,$-0.05,$-0.05,$0,$32,$0,$52,$23,$0,$5,$2,$31,$83,$34,$9,$1,$17,$51,$0,$30,$-1,$31,$83,$6,$3,$0,$3,$-5,$-12,$7,$0,$-9,$-0,$-5,$0,$0,$0,$0,$0,$-0,$-5,$-1,$1,$0,$1,$1,$0,$0,$1,$-4,$1,$0
