,Date,Stock Price,Book Value per Share,Price to Book Ratio,TTM Sales per Share,Price to Sales Ratio,TTM FCF per Share,Price to FCF Ratio,TTM Net EPS,PE Ratio,Current Assets,Current Liabilities,Current Ratio,Long Term Debt,Shareholder's Equity_x,Debt to Equity Ratio,TTM Revenue_x,TTM Gross Profit,Gross Margin,TTM Revenue_y,TTM Operating Income,Operating Margin,TTM Revenue_x,TTM EBIT,EBIT Margin,TTM Revenue_y,TTM EBITDA,EBITDA Margin,TTM Revenue_x,TTM Pre-Tax Income,Pre-Tax Margin,TTM Revenue_y,TTM Net Income_x,Net Margin,TTM Net Income_y,Shareholder's Equity_y,Return on Equity,TTM Net Income_x,Tangible Equity,Return on Tangible Equity,TTM Net Income_y,Total Assets,Return on Assets,TTM Net Income,LT Investments & Debt,Return on Investment,revenue,cost-goods-sold,gross-profit,research-development-expenses,selling-general-administrative-expenses,operating-expenses,operating-income,total-non-operating-income-expense,pre-tax-income,total-provision-income-taxes,income-after-taxes,income-from-continuous-operations,net-income,ebitda,ebit,basic-shares-outstanding,shares-outstanding,eps-basic-net-earnings-per-share,eps-earnings-per-share-diluted,cash-on-hand,inventory,other-current-assets,total-current-assets,net-property-plant-equipment,long-term-investments,goodwill-intangible-assets-total,other-long-term-assets,total-long-term-assets,total-assets,total-current-liabilities,long-term-debt,other-non-current-liabilities,total-long-term-liabilities,total-liabilities,common-stock-net,retained-earnings-accumulated-deficit,comprehensive-income,total-share-holder-equity,total-liabilities-share-holders-equity,net-income-loss,total-depreciation-amortization-cash-flow,other-non-cash-items,total-non-cash-items,change-in-accounts-receivable,change-in-inventories,change-in-accounts-payable,change-in-assets-liabilities,total-change-in-assets-liabilities,cash-flow-from-operating-activities,net-change-in-property-plant-equipment,net-change-in-intangible-assets,net-acquisitions-divestitures,net-change-in-short-term-investments,net-change-in-long-term-investments,net-change-in-investments-total,investing-activities-other,cash-flow-from-investing-activities,net-long-term-debt,net-current-debt,debt-issuance-retirement-net-total,net-common-equity-issued-repurchased,net-total-equity-issued-repurchased,total-common-preferred-stock-dividends-paid,financial-activities-other,cash-flow-from-financial-activities,net-cash-flow,stock-based-compensation,common-stock-dividends-paid
0,2018-09-30,18.89,$3.15,5.99,$3.84,4.92,$0.33,57.98,$0.07,269.86,$0.06B,$0.02B,2.58,$0.00B,$0.07B,0.0,$0.08B,$0.07B,88.46%,$0.08B,$0.01B,7.69%,$0.08B,$0.01B,7.69%,$0.08B,$0.01B,8.97%,$0.08B,$0.01B,7.69%,$0.08B,$0.00B,1.28%,$0.00B,$0.07B,1.68%,$0.00B,$0.04B,3.60%,$0.00B,$0.10B,1.11%,$0.01B,$0.07B,10.08%,$22,$3,$20,$4,$12,$19,$4,$0,$4,$1,$3,$3,$3,$4,$4,$21,22,$0.15,$0.14,$38,$0,$1,$56,$1,$0,$32,$5,$43,$99,$22,$0,$7,$10,$32,$2,$-114,$-1,$67,$99,$4,$1,$3,$4,$-2,$0,$0,$1,$-1,$6,$-1,$0,$0,$-24,$0,$-24,$0,$-24,$0,$0,$0,$3,$3,$0,$0,$3,$-15,$3,$0
1,2018-06-30,11.61,$2.87,4.04,$3.82,3.04,$-0.06,0.0,$-0.10,0.0,$0.05B,$0.02B,2.23,$0.00B,$0.06B,0.0,$0.07B,$0.06B,87.50%,$0.07B,$0.00B,2.78%,$0.07B,$0.00B,2.78%,$0.07B,$0.00B,5.56%,$0.07B,$0.00B,2.78%,$0.07B,$-0.00B,-2.78%,$-0.00B,$0.06B,-3.96%,$-0.00B,$0.03B,-10.96%,$-0.00B,$0.09B,-2.52%,$0.00B,$0.06B,3.96%,$20,$3,$17,$4,$12,$19,$1,$0,$1,$1,$0,$0,$0,$1,$1,$21,21,$0.01,$0.01,$33,$0,$1,$49,$1,$0,$32,$5,$43,$92,$22,$0,$6,$9,$31,$2,$-118,$-1,$61,$92,$0,$1,$2,$3,$-1,$0,$0,$3,$0,$4,$-0,$0,$0,$-18,$0,$-18,$0,$-18,$0,$0,$0,$0,$0,$0,$0,$0,$-14,$2,$0
2,2018-03-31,7.5,$2.86,2.62,$3.68,2.04,$-0.17,0.0,$-0.30,0.0,$0.05B,$0.02B,2.24,$0.00B,$0.06B,0.0,$0.07B,$0.06B,86.36%,$0.07B,$-0.00B,-3.03%,$0.07B,$-0.00B,-3.03%,$0.07B,$0.00B,1.52%,$0.07B,$-0.00B,-1.52%,$0.07B,$-0.01B,-7.58%,$-0.01B,$0.06B,-11.70%,$-0.01B,$0.03B,-48.78%,$-0.01B,$0.09B,-7.04%,$-0.00B,$0.06B,-4.68%,$18,$3,$16,$4,$11,$17,$1,$0,$1,$1,$0,$0,$0,$1,$1,$21,21,$0.01,$0.01,$29,$0,$1,$45,$1,$0,$32,$5,$43,$88,$20,$0,$7,$9,$29,$2,$-117,$-1,$59,$88,$0,$0,$1,$2,$-1,$0,$0,$1,$-2,$-0,$-0,$0,$0,$-12,$0,$-12,$0,$-12,$0,$0,$0,$0,$0,$0,$0,$0,$-12,$1,$0
3,2017-12-31,6.98,$2.47,2.82,$3.64,1.92,$0.01,484.72,$-0.40,0.0,$0.04B,$0.02B,1.99,$0.00B,$0.05B,0.0,$0.06B,$0.05B,85.48%,$0.06B,$-0.00B,-6.45%,$0.06B,$-0.00B,-6.45%,$0.06B,0,0.00%,$0.06B,$-0.00B,-4.84%,$0.06B,$-0.01B,-9.68%,$-0.01B,$0.05B,-16.67%,$-0.01B,$0.02B,-184.62%,$-0.01B,$0.08B,-9.41%,$-0.00B,$0.05B,-11.11%,$18,$3,$16,$4,$12,$18,$0,$-0,$0,$2,$-2,$-2,$-2,$1,$0,$17,17,$-0.08,$-0.08,$29,$0,$0,$41,$1,$0,$32,$6,$39,$80,$21,$0,$6,$8,$29,$2,$-125,$-1,$51,$80,$-7,$2,$5,$7,$-4,$0,$0,$0,$-1,$-1,$-1,$0,$0,$0,$0,$0,$0,$-1,$0,$0,$0,$22,$22,$0,$-1,$21,$20,$4,$0
4,2017-09-30,6.71,$1.78,3.77,$3.51,1.91,$0.02,294.3,$-0.32,0.0,$0.02B,$0.02B,0.9,$0.00B,$0.03B,0.0,$0.06B,$0.05B,83.33%,$0.06B,$-0.00B,-6.67%,$0.06B,$-0.00B,-6.67%,$0.06B,0,0.00%,$0.06B,$-0.00B,-5.00%,$0.06B,$-0.00B,-6.67%,$-0.00B,$0.03B,-12.70%,$-0.00B,$-0.00B,228.57%,$-0.00B,$0.06B,-6.87%,$-0.00B,$0.03B,-12.70%,$16,$3,$14,$4,$10,$16,$0,$0,$0,$1,$-0,$-0,$-0,$1,$0,$17,17,$-0.03,$-0.03,$7,$0,$0,$17,$1,$0,$33,$4,$40,$58,$19,$0,$6,$8,$27,$2,$-123,$-1,$31,$58,$-5,$1,$3,$4,$-1,$0,$1,$0,$-1,$-2,$-0,$0,$0,$0,$0,$0,$0,$-0,$0,$0,$0,$0,$0,$0,$-0,$0,$-2,$3,$0
5,2017-06-30,7.19,$1.75,4.11,$3.31,2.17,$0.05,131.2,$-0.53,0.0,$0.02B,$0.02B,0.86,$0.00B,$0.03B,0.0,$0.06B,$0.05B,82.46%,$0.06B,$-0.01B,-14.04%,$0.06B,$-0.01B,-14.04%,$0.06B,$-0.00B,-7.02%,$0.06B,$-0.01B,-12.28%,$0.06B,$-0.01B,-14.04%,$-0.01B,$0.03B,-25.20%,$-0.01B,$-0.00B,457.14%,$-0.01B,$0.06B,-13.79%,$-0.01B,$0.03B,-25.20%,$14,$2,$11,$4,$10,$16,$-3,$0,$-2,$1,$-3,$-3,$-3,$-2,$-3,$17,17,$-0.19,$-0.19,$10,$0,$0,$17,$1,$0,$33,$4,$41,$58,$20,$0,$6,$8,$28,$2,$-123,$-1,$30,$58,$-5,$1,$2,$3,$1,$0,$0,$2,$3,$1,$-0,$0,$0,$0,$0,$0,$0,$-0,$0,$0,$0,$0,$0,$0,$-0,$-0,$1,$2,$0
6,2017-03-31,7.92,$1.91,4.15,$3.37,2.35,$-0.14,0.0,$-0.51,0.0,$0.02B,$0.02B,0.94,$0.00B,$0.03B,0.0,$0.06B,$0.05B,84.21%,$0.06B,$-0.01B,-15.79%,$0.06B,$-0.01B,-15.79%,$0.06B,$-0.01B,-10.53%,$0.06B,$-0.01B,-15.79%,$0.06B,$-0.01B,-14.04%,$-0.01B,$0.03B,-24.24%,$-0.01B,$-0.00B,533.33%,$-0.01B,$0.06B,-13.68%,$-0.01B,$0.03B,-27.27%,$14,$2,$12,$3,$9,$14,$-1,$-0,$-1,$1,$-1,$-1,$-1,$-0,$-1,$17,17,$-0.09,$-0.09,$12,$0,$0,$18,$1,$0,$33,$4,$41,$59,$19,$0,$6,$7,$27,$2,$-119,$-1,$32,$59,$-1,$0,$1,$1,$2,$0,$-0,$2,$3,$3,$-0,$0,$0,$0,$0,$0,$0,$-0,$0,$0,$0,$0,$0,$0,$-0,$-0,$3,$1,$0
7,2016-12-31,6.0,$1.94,3.09,$3.26,1.84,$-0.46,0.0,$-0.64,0.0,$0.02B,$0.02B,0.93,$0.00B,$0.03B,0.0,$0.06B,$0.05B,83.64%,$0.06B,$-0.01B,-20.00%,$0.06B,$-0.01B,-20.00%,$0.06B,$-0.01B,-14.55%,$0.06B,$-0.01B,-20.00%,$0.06B,$-0.01B,-20.00%,$-0.01B,$0.03B,-32.35%,$-0.01B,$-0.00B,550.00%,$-0.01B,$0.06B,-18.57%,$-0.01B,$0.03B,-32.35%,$16,$2,$13,$3,$10,$15,$0,$-0,$0,$0,$-0,$-0,$-0,$1,$0,$17,17,$-0.01,$-0.01,$9,$0,$0,$17,$1,$0,$34,$4,$41,$58,$18,$0,$6,$7,$25,$2,$-118,$-1,$33,$58,$-11,$3,$7,$9,$-3,$0,$-0,$1,$0,$-1,$-0,$0,$0,$0,$0,$0,$0,$-0,$0,$0,$0,$0,$0,$0,$-2,$-2,$-3,$4,$0
8,2016-09-30,6.64,$1.89,3.5,$3.12,2.13,$-0.12,0.0,$-0.70,0.0,$0.02B,$0.02B,0.87,$0.00B,$0.03B,0.0,$0.05B,$0.04B,84.62%,$0.05B,$-0.01B,-21.15%,$0.05B,$-0.01B,-21.15%,$0.05B,$-0.01B,-15.38%,$0.05B,$-0.01B,-21.15%,$0.05B,$-0.01B,-21.15%,$-0.01B,$0.03B,-31.21%,$-0.01B,$-0.00B,488.89%,$-0.01B,$0.06B,-18.18%,$-0.01B,$0.03B,-31.21%,$13,$2,$11,$3,$9,$17,$-4,$-0,$-4,$-0,$-4,$-4,$-4,$-3,$-4,$17,17,$-0.24,$-0.24,$9,$0,$0,$16,$1,$0,$34,$6,$41,$57,$18,$0,$6,$7,$25,$2,$-118,$-1,$32,$57,$-10,$2,$5,$8,$-0,$0,$-1,$1,$2,$-1,$-0,$0,$0,$0,$0,$0,$0,$-0,$0,$0,$0,$0,$0,$0,$-2,$-2,$-4,$3,$0
9,2016-06-30,9.31,$2.08,4.48,$3.13,2.98,$0.20,46.74,$-0.58,0.0,$0.02B,$0.02B,0.9,$0.00B,$0.04B,0.0,$0.05B,$0.04B,84.62%,$0.05B,$-0.01B,-15.38%,$0.05B,$-0.01B,-15.38%,$0.05B,$-0.01B,-9.62%,$0.05B,$-0.01B,-17.31%,$0.05B,$-0.01B,-17.31%,$-0.01B,$0.04B,-24.83%,$-0.01B,$-0.00B,300.00%,$-0.01B,$0.06B,-14.46%,$-0.01B,$0.04B,-22.07%,$14,$2,$12,$3,$11,$19,$-4,$0,$-4,$-1,$-3,$-3,$-3,$-4,$-4,$17,17,$-0.17,$-0.17,$9,$0,$0,$17,$1,$0,$37,$5,$43,$60,$19,$0,$6,$7,$26,$2,$-114,$-1,$35,$60,$-6,$2,$3,$4,$-3,$0,$0,$1,$-0,$-2,$-0,$0,$0,$0,$0,$0,$0,$-0,$0,$0,$0,$0,$0,$0,$-1,$-1,$-4,$2,$0
10,2016-03-31,7.16,$2.21,3.24,$3.03,2.37,$0.56,12.7,$-0.46,0.0,$0.02B,$0.02B,0.92,$0.00B,$0.04B,0.0,$0.05B,$0.04B,84.00%,$0.05B,$-0.01B,-10.00%,$0.05B,$-0.01B,-10.00%,$0.05B,$-0.00B,-2.00%,$0.05B,$-0.01B,-12.00%,$0.05B,$-0.01B,-14.00%,$-0.01B,$0.04B,-19.05%,$-0.01B,$-0.00B,200.00%,$-0.01B,$0.06B,-11.11%,$-0.01B,$0.04B,-13.61%,$12,$2,$10,$3,$10,$15,$-3,$-0,$-3,$0,$-4,$-4,$-4,$-2,$-3,$17,17,$-0.22,$-0.22,$10,$0,$0,$17,$1,$0,$40,$4,$45,$62,$19,$0,$6,$7,$26,$2,$-111,$-1,$36,$62,$-4,$1,$1,$2,$-1,$0,$0,$1,$-1,$-2,$-0,$0,$0,$0,$0,$0,$0,$-0,$0,$0,$0,$0,$0,$0,$0,$0,$-3,$1,$0
11,2015-12-31,11.05,$2.33,4.73,$2.99,3.7,$0.86,12.82,$-0.33,0.0,$0.02B,$0.02B,1.01,$0.00B,$0.04B,0.0,$0.05B,$0.04B,85.42%,$0.05B,$-0.00B,-6.25%,$0.05B,$-0.00B,-6.25%,$0.05B,$0.00B,2.08%,$0.05B,$-0.00B,-8.33%,$0.05B,$-0.00B,-8.33%,$-0.00B,$0.04B,-10.81%,$-0.00B,$-0.00B,94.12%,$-0.00B,$0.06B,-6.27%,$-0.00B,$0.04B,-8.11%,$13,$2,$11,$3,$7,$13,$0,$0,$0,$-0,$0,$0,$0,$1,$0,$16,16,$0.04,$0.04,$13,$0,$0,$18,$1,$0,$40,$4,$45,$63,$17,$0,$6,$7,$25,$2,$-107,$-1,$38,$63,$-4,$4,$1,$4,$2,$0,$0,$2,$4,$5,$-1,$0,$-10,$0,$0,$0,$0,$-11,$0,$0,$0,$1,$1,$0,$-2,$-1,$-6,$3,$0
12,2015-09-30,13.67,$2.21,6.2,$2.92,4.68,$0.77,17.7,$-0.25,0.0,$0.02B,$0.02B,0.99,$0.00B,$0.04B,0.0,$0.05B,$0.04B,86.96%,$0.05B,$-0.00B,-4.35%,$0.05B,$-0.00B,-4.35%,$0.05B,$0.00B,4.35%,$0.05B,$-0.00B,-6.52%,$0.05B,$-0.00B,-8.70%,$-0.00B,$0.04B,-11.35%,$-0.00B,$-0.01B,228.57%,$-0.00B,$0.06B,-6.50%,$-0.00B,$0.04B,-5.67%,$13,$2,$11,$3,$9,$14,$-1,$-1,$-2,$0,$-2,$-2,$-2,$-0,$-1,$16,16,$-0.12,$-0.12,$12,$0,$0,$18,$1,$0,$41,$4,$46,$64,$18,$0,$8,$9,$27,$2,$-108,$-1,$36,$64,$-4,$3,$1,$4,$1,$0,$0,$2,$4,$4,$-0,$0,$-10,$0,$0,$0,$0,$-10,$0,$0,$0,$1,$1,$0,$-2,$-1,$-7,$2,$0
13,2015-06-30,13.07,$2.29,5.7,$2.76,4.73,$0.67,19.4,$-0.11,0.0,$0.02B,$0.02B,0.98,$0.00B,$0.04B,0.0,$0.04B,$0.04B,90.48%,$0.04B,$-0.00B,-2.38%,$0.04B,$-0.00B,-2.38%,$0.04B,$0.00B,7.14%,$0.04B,$-0.00B,-2.38%,$0.04B,$-0.00B,-4.76%,$-0.00B,$0.04B,-5.93%,$-0.00B,$-0.00B,-133.33%,$-0.00B,$0.06B,-3.43%,$-0.00B,$0.04B,-2.96%,$12,$2,$10,$3,$8,$13,$-1,$0,$-1,$0,$-1,$-1,$-1,$0,$-1,$16,16,$-0.05,$-0.05,$11,$0,$0,$17,$1,$0,$42,$4,$46,$63,$17,$0,$8,$9,$26,$2,$-106,$-1,$37,$63,$-2,$2,$1,$3,$1,$0,$0,$1,$3,$4,$-0,$0,$-10,$0,$0,$0,$0,$-11,$0,$0,$0,$1,$1,$0,$-2,$-1,$-8,$1,$0
14,2015-03-31,10.05,$2.32,4.33,$2.57,3.92,$0.52,19.4,$-0.14,0.0,$0.02B,$0.02B,1.03,$0.00B,$0.04B,0.0,$0.04B,$0.04B,94.74%,$0.04B,$-0.00B,-2.63%,$0.04B,$-0.00B,-2.63%,$0.04B,$0.00B,7.89%,$0.04B,$-0.00B,-2.63%,$0.04B,$-0.00B,-5.26%,$-0.00B,$0.04B,-6.25%,$-0.00B,$-0.01B,-47.06%,$-0.00B,$0.07B,-3.62%,$-0.00B,$0.04B,-3.13%,$10,$1,$9,$2,$8,$11,$-1,$-0,$-1,$0,$-1,$-1,$-1,$-0,$-1,$16,16,$-0.09,$-0.09,$11,$0,$0,$17,$1,$0,$43,$4,$48,$65,$17,$0,$11,$12,$28,$2,$-105,$-1,$37,$65,$-1,$1,$1,$1,$1,$0,$1,$1,$2,$2,$-0,$0,$-10,$0,$0,$0,$0,$-11,$0,$0,$0,$0,$0,$0,$0,$0,$-8,$0,$0
15,2014-12-31,10.75,$2.03,5.31,$2.38,4.52,$0.46,23.21,$-0.10,0.0,$0.03B,$0.01B,1.8,$0.00B,$0.03B,0.0,$0.04B,$0.03B,94.29%,$0.04B,$-0.00B,-2.86%,$0.04B,$-0.00B,-2.86%,$0.04B,$0.00B,8.57%,$0.04B,$-0.00B,-2.86%,$0.04B,$-0.00B,-5.71%,$-0.00B,$0.03B,-6.61%,$-0.00B,$0.01B,-26.67%,$-0.00B,$0.05B,-3.88%,$-0.00B,$0.03B,-3.31%,$11,$1,$10,$2,$6,$10,$1,$-1,$1,$1,$-0,$-0,$-0,$2,$1,$15,15,$0.00,$0.00,$19,$0,$0,$26,$1,$0,$23,$4,$28,$54,$14,$0,$8,$8,$22,$2,$-104,$-1,$31,$54,$-2,$2,$1,$4,$-1,$0,$-0,$2,$1,$3,$-0,$0,$-1,$0,$0,$0,$-0,$-2,$0,$0,$0,$1,$1,$0,$0,$1,$2,$1,$0
16,2014-09-30,7.47,$1.98,3.77,$2.35,3.18,$0.25,29.63,$-0.11,0.0,$0.02B,$0.01B,1.87,$0.00B,$0.03B,0.0,$0.03B,$0.03B,93.75%,$0.03B,$-0.00B,-6.25%,$0.03B,$-0.00B,-6.25%,$0.03B,$0.00B,6.25%,$0.03B,$-0.00B,-6.25%,$0.03B,$-0.00B,-6.25%,$-0.00B,$0.03B,-6.67%,$-0.00B,$0.01B,-27.59%,$-0.00B,$0.05B,-3.96%,$-0.00B,$0.03B,-6.67%,$9,$1,$9,$2,$6,$9,$0,$-0,$0,$-0,$0,$0,$0,$1,$0,$15,15,$0.02,$0.02,$19,$0,$0,$24,$1,$0,$22,$4,$27,$51,$13,$0,$7,$8,$21,$2,$-104,$-1,$30,$51,$-2,$2,$1,$3,$1,$0,$0,$1,$2,$2,$-0,$0,$0,$0,$0,$0,$-1,$-1,$0,$0,$0,$1,$1,$0,$0,$1,$2,$1,$0
17,2014-06-30,7.77,$1.95,3.99,$2.25,3.45,$0.11,67.74,$-0.07,0.0,$0.02B,$0.01B,1.73,$0.00B,$0.03B,0.0,$0.03B,$0.03B,90.00%,$0.03B,$-0.00B,-3.33%,$0.03B,$-0.00B,-3.33%,$0.03B,$0.00B,6.67%,$0.03B,$-0.00B,-3.33%,$0.03B,$-0.00B,-3.33%,$-0.00B,$0.03B,-4.00%,$-0.00B,$0.01B,-23.53%,$-0.00B,$0.05B,-2.29%,$-0.00B,$0.03B,-4.00%,$8,$1,$8,$3,$6,$9,$-1,$-0,$-1,$0,$-1,$-1,$-1,$-0,$-1,$15,15,$-0.08,$-0.08,$18,$0,$0,$24,$1,$0,$22,$4,$27,$51,$14,$0,$7,$8,$22,$2,$-104,$-1,$30,$51,$-2,$1,$1,$2,$0,$0,$-0,$1,$2,$1,$-0,$0,$0,$0,$0,$0,$0,$-0,$0,$0,$0,$1,$1,$0,$0,$1,$2,$1,$0
18,2014-03-31,9.33,$2.02,4.62,$2.19,4.26,$0.02,374.7,$0.02,466.5,$0.02B,$0.01B,2.12,$0.00B,$0.03B,0.0,$0.03B,$0.03B,89.29%,$0.03B,0,0.00%,$0.03B,0,0.00%,$0.03B,$0.00B,7.14%,$0.03B,0,0.00%,$0.03B,0,0.00%,$0.00B,$0.03B,0.00%,$0.00B,$0.01B,0.00%,$0.00B,$0.05B,0.00%,$0.00B,$0.03B,0.00%,$7,$1,$6,$2,$5,$8,$-1,$-0,$-1,$-0,$-1,$-1,$-1,$-0,$-1,$15,15,$-0.05,$-0.05,$18,$0,$0,$23,$1,$0,$23,$4,$27,$50,$11,$0,$9,$9,$20,$2,$-103,$-1,$30,$50,$-1,$1,$0,$1,$1,$0,$-0,$1,$2,$2,$-0,$0,$0,$0,$0,$0,$0,$-0,$0,$0,$0,$0,$0,$0,$0,$0,$2,$0,$0
19,2013-12-31,10.36,$2.07,5.0,$2.13,4.87,$-0.07,0.0,$-0.05,0.0,$0.02B,$0.01B,2.22,$0.00B,$0.03B,0.0,$0.03B,$0.02B,88.46%,$0.03B,0,0.00%,$0.03B,0,0.00%,$0.03B,$0.00B,3.85%,$0.03B,0,0.00%,$0.03B,0,0.00%,$0.00B,$0.03B,0.00%,$0.00B,$0.01B,0.00%,$0.00B,$0.05B,0.00%,$0.00B,$0.03B,0.00%,$8,$1,$7,$2,$5,$8,$0,$-0,$-0,$0,$-0,$-0,$-0,$1,$0,$11,11,$-0.01,$0.00,$16,$0,$0,$22,$1,$0,$23,$4,$28,$50,$10,$0,$9,$10,$20,$2,$-102,$-1,$30,$50,$-1,$1,$0,$2,$-1,$0,$0,$0,$-1,$0,$-1,$0,$-4,$0,$0,$0,$0,$-5,$0,$0,$0,$19,$19,$0,$-2,$17,$13,$1,$0
20,2013-09-30,8.87,$0.89,9.99,$2.01,4.42,$0.09,94.66,$0.04,221.75,$0.01B,$0.01B,0.68,$0.00B,$0.01B,0.0,$0.03B,$0.02B,88.00%,$0.03B,$0.00B,4.00%,$0.03B,$0.00B,4.00%,$0.03B,$0.00B,4.00%,$0.03B,$0.00B,4.00%,$0.03B,$0.00B,4.00%,$0.00B,$0.01B,10.81%,$0.00B,$-0.00B,-19.05%,$0.00B,$0.02B,4.04%,$0.00B,$0.01B,10.81%,$7,$1,$6,$2,$3,$6,$1,$-0,$1,$-0,$1,$1,$1,$1,$1,$11,13,$0.06,$0.06,$2,$0,$0,$6,$1,$0,$14,$3,$19,$24,$8,$0,$5,$6,$14,$1,$-102,$-1,$10,$24,$-0,$1,$0,$1,$1,$0,$0,$0,$-0,$1,$-1,$0,$0,$0,$0,$0,$0,$-1,$0,$0,$0,$0,$0,$0,$-2,$-2,$-2,$1,$0
21,2013-06-30,5.84,$0.81,7.17,$1.96,2.97,$0.07,82.84,$-0.02,0.0,$0.01B,$0.01B,0.58,$0.00B,$0.01B,0.0,$0.02B,$0.02B,87.50%,$0.02B,$0.00B,4.17%,$0.02B,$0.00B,4.17%,$0.02B,$0.00B,4.17%,$0.02B,0,0.00%,$0.02B,0,0.00%,$0.00B,$0.01B,0.00%,$0.00B,$-0.01B,0.00%,$0.00B,$0.02B,0.00%,$0.00B,$0.01B,11.43%,$6,$1,$6,$2,$4,$6,$0,$0,$0,$-0,$0,$0,$0,$0,$0,$11,12,$0.02,$0.01,$2,$0,$0,$6,$1,$0,$15,$3,$19,$24,$9,$0,$5,$6,$15,$1,$-103,$-1,$9,$24,$-1,$1,$0,$1,$0,$0,$0,$1,$1,$0,$-0,$0,$0,$0,$0,$0,$0,$-0,$0,$0,$0,$0,$0,$0,$-2,$-2,$-2,$0,$0
22,2013-03-31,6.78,$0.76,8.9,$2.02,3.36,$0.13,52.48,$0.01,678.0,$0.01B,$0.01B,0.61,$0.00B,$0.01B,0.0,$0.02B,$0.02B,87.50%,$0.02B,$0.00B,8.33%,$0.02B,$0.00B,8.33%,$0.02B,$0.00B,8.33%,$0.02B,0,0.00%,$0.02B,$0.00B,4.17%,$0.00B,$0.01B,12.12%,$0.00B,$-0.01B,-14.81%,$0.00B,$0.03B,4.12%,$0.00B,$0.01B,24.24%,$5,$1,$4,$2,$3,$6,$-1,$-0,$-1,$-0,$-1,$-1,$-1,$-1,$-1,$11,11,$-0.12,$-0.12,$4,$0,$0,$7,$1,$0,$15,$3,$19,$25,$11,$0,$5,$6,$17,$1,$-103,$-1,$8,$25,$-1,$0,$0,$0,$2,$0,$0,$1,$1,$0,$-0,$0,$0,$0,$0,$0,$0,$-0,$0,$0,$0,$0,$0,$0,$0,$0,$-0,$0,$0
23,2012-12-31,7.01,$0.88,8.01,$2.19,3.2,$0.25,28.59,$0.13,53.92,$0.01B,$0.01B,0.72,$0.00B,$0.01B,0.0,$0.03B,$0.02B,88.00%,$0.03B,$0.00B,12.00%,$0.03B,$0.00B,12.00%,$0.03B,$0.00B,16.00%,$0.03B,$0.00B,4.00%,$0.03B,$0.00B,8.00%,$0.00B,$0.01B,25.81%,$0.00B,$-0.01B,-25.81%,$0.00B,$0.03B,8.33%,$0.00B,$0.01B,38.71%,$7,$1,$6,$2,$4,$6,$1,$-0,$1,$-0,$1,$1,$1,$1,$1,$11,12,$0.10,$0.09,$4,$0,$0,$8,$0,$0,$15,$3,$18,$26,$11,$0,$5,$6,$17,$1,$-101,$-1,$10,$26,$1,$2,$1,$2,$-2,$0,$-0,$0,$-2,$2,$-0,$0,$0,$0,$0,$0,$0,$0,$-0,$0,$-0,$1,$1,$0,$0,$0,$2,$1,$0
24,2012-09-30,7.93,$0.74,10.64,$2.27,3.49,$0.58,13.56,0,0.0,$0.01B,$0.01B,0.5,$0.00B,$0.01B,0.0,$0.02B,$0.02B,87.50%,$0.02B,$0.00B,8.33%,$0.02B,$0.00B,8.33%,$0.02B,$0.00B,16.67%,$0.02B,$-0.00B,-4.17%,$0.02B,$0.00B,4.17%,$0.00B,$0.01B,15.38%,$0.00B,$-0.01B,-10.81%,$0.00B,$0.02B,4.30%,$0.00B,$0.01B,30.77%,$6,$1,$5,$2,$3,$5,$1,$-0,$0,$0,$0,$0,$0,$1,$1,$11,12,$0.00,$0.00,$2,$0,$0,$5,$0,$0,$15,$3,$18,$23,$10,$0,$5,$5,$15,$1,$-102,$-1,$8,$23,$0,$1,$1,$2,$-1,$0,$-0,$-0,$-2,$-0,$-0,$0,$0,$0,$0,$0,$0,$0,$-0,$0,$-0,$0,$0,$0,$0,$0,$0,$0,$0
25,2012-06-30,5.2,$0.64,8.14,$2.20,2.37,$1.17,4.45,$-0.08,0.0,$0.01B,$0.01B,0.42,$0.00B,$0.01B,0.0,$0.02B,$0.02B,90.48%,$0.02B,$0.00B,4.76%,$0.02B,$0.00B,4.76%,$0.02B,$0.00B,14.29%,$0.02B,$-0.00B,-9.52%,$0.02B,0,0.00%,$0.00B,$0.01B,0.00%,$0.00B,$-0.01B,0.00%,$0.00B,$0.02B,0.00%,$0.00B,$0.01B,22.22%,$6,$1,$6,$2,$3,$6,$1,$-0,$0,$-0,$1,$1,$1,$1,$1,$10,12,$0.05,$0.04,$2,$0,$0,$5,$0,$0,$15,$3,$19,$23,$12,$0,$5,$5,$17,$1,$-102,$-1,$7,$23,$0,$1,$0,$1,$-0,$0,$-0,$0,$-1,$1,$-0,$0,$0,$0,$0,$0,$0,$-0,$-0,$0,$-0,$0,$0,$0,$0,$-0,$0,$0,$0
26,2012-03-31,3.32,$0.59,5.63,$1.97,1.69,$1.28,2.6,$-0.08,0.0,$0.01B,$0.01B,0.46,$0.00B,$0.01B,0.0,$0.02B,$0.02B,88.89%,$0.02B,0,0.00%,$0.02B,0,0.00%,$0.02B,$0.00B,11.11%,$0.02B,$-0.00B,-11.11%,$0.02B,$-0.00B,-5.56%,$-0.00B,$0.01B,-36.36%,$-0.00B,$-0.01B,19.05%,$-0.00B,$0.02B,-8.51%,$0.00B,$0.01B,0.00%,$6,$1,$5,$2,$3,$6,$0,$-0,$-0,$0,$-0,$-0,$-0,$1,$0,$10,10,$-0.01,$-0.01,$3,$0,$0,$5,$0,$0,$16,$3,$19,$24,$11,$0,$6,$7,$18,$1,$-103,$-1,$6,$24,$-0,$0,$0,$1,$0,$0,$0,$1,$1,$1,$-0,$0,$0,$0,$0,$0,$0,$-0,$-0,$0,$-0,$0,$0,$0,$0,$-0,$1,$0,$0
27,2011-12-31,2.84,$0.52,5.47,$1.67,1.7,$1.34,2.12,$-0.08,0.0,$0.00B,$0.01B,0.37,$0.00B,$0.01B,0.0,$0.02B,$0.01B,93.33%,$0.02B,0,0.00%,$0.02B,0,0.00%,$0.02B,$0.00B,6.67%,$0.02B,$-0.00B,-13.33%,$0.02B,$-0.00B,-6.67%,$-0.00B,$0.01B,-80.00%,$-0.00B,$-0.01B,36.36%,$-0.00B,$0.02B,-17.39%,$0.00B,$0.01B,0.00%,$6,$0,$5,$2,$3,$6,$0,$-1,$-1,$-1,$-0,$-0,$-0,$1,$0,$9,9,$-0.06,$-0.01,$2,$0,$0,$4,$0,$0,$16,$3,$19,$23,$11,$0,$6,$7,$18,$1,$-103,$-1,$5,$23,$-1,$1,$-0,$1,$-0,$0,$-0,$3,$4,$4,$-0,$0,$-2,$0,$0,$0,$-0,$-3,$-1,$0,$-1,$0,$0,$0,$0,$-1,$1,$0,$0
28,2011-09-30,2.6,$0.00,0.0,$1.01,2.57,$0.87,3.0,$-0.04,0.0,$0.00B,$0.00B,0.0,$0.00B,$0.00B,0.0,$0.01B,$0.01B,100.00%,$0.01B,0,0.00%,$0.01B,0,0.00%,$0.01B,0,0.00%,$0.01B,$-0.00B,-11.11%,$0.01B,$-0.00B,-11.11%,$-0.00B,$0.00B,inf%,$-0.00B,$0.00B,inf%,$-0.00B,$0.00B,inf%,$0.00B,$0.00B,nan%,$3,$0,$3,$1,$2,$4,$-0,$-0,$-1,$0,$-1,$-1,$-1,$-0,$-0,$9,9,$-0.09,$-0.10,$0,$0,$0,$0,$0,$0,$0,$0,$0,$0,$0,$0,$0,$0,$0,$0,$0,$0,$0,$0,$-0,$0,$0,$1,$0,$0,$0,$3,$5,$5,$-0,$0,$1,$0,$0,$0,$-0,$1,$-1,$0,$-1,$0,$0,$0,$0,$-1,$5,$0,$0
29,2011-06-30,2.2,$0.00,0.0,$0.92,2.39,$0.28,7.88,0,0.0,$0.00B,$0.00B,0.0,$0.00B,$0.00B,0.0,$0.01B,$0.01B,87.50%,$0.01B,0,0.00%,$0.01B,0,0.00%,$0.01B,0,0.00%,$0.01B,0,0.00%,$0.01B,0,0.00%,$0.00B,$0.00B,0.00%,$0.00B,$0.00B,0.00%,$0.00B,$0.00B,0.00%,$0.00B,$0.00B,0.00%,$3,$0,$3,$1,$2,$3,$0,$0,$0,$0,$0,$0,$0,$0,$0,$8,10,$0.02,$0.02,$0,$0,$0,$0,$0,$0,$0,$0,$0,$0,$0,$0,$0,$0,$0,$0,$0,$0,$0,$0,$0,$0,$0,$0,$0,$0,$-0,$0,$1,$1,$-0,$0,$0,$0,$0,$0,$0,$-0,$-1,$0,$-1,$0,$0,$0,$0,$-0,$1,$0,$0
30,2011-03-31,2.8,$0.00,0.0,$0.99,2.83,$0.16,17.04,$-0.16,0.0,$0.00B,$0.00B,0.0,$0.00B,$0.00B,0.0,$0.01B,$0.01B,71.43%,$0.01B,0,0.00%,$0.01B,0,0.00%,$0.01B,0,0.00%,$0.01B,$-0.00B,-14.29%,$0.01B,$-0.00B,-14.29%,$-0.00B,$0.00B,-80.00%,$-0.00B,$0.00B,50.00%,$-0.00B,$0.00B,-15.38%,$0.00B,$0.00B,0.00%,$3,$0,$3,$1,$2,$3,$0,$-0,$0,$0,$0,$0,$0,$0,$0,$8,10,$0.04,$0.00,$0,$0,$0,$0,$0,$0,$0,$0,$0,$0,$0,$0,$0,$0,$0,$0,$0,$0,$0,$0,$0,$0,$0,$0,$1,$0,$0,$1,$1,$2,$-0,$0,$0,$0,$0,$0,$0,$-0,$-0,$0,$-0,$0,$0,$0,$0,$-0,$2,$0,$0
31,2009-12-31,1.0,$0.00,0.0,$0.69,1.44,$-0.00,0.0,$-0.16,0.0,$0.00B,$0.00B,0.0,$0.00B,$0.00B,0.0,$0.00B,$0.00B,50.00%,$0.00B,0,0.00%,$0.00B,0,0.00%,$0.00B,0,0.00%,$0.00B,$-0.00B,-25.00%,$0.00B,$-0.00B,-25.00%,$-0.00B,$0.00B,-50.00%,$-0.00B,$0.00B,36.36%,$-0.00B,$0.00B,-10.26%,$0.00B,$0.00B,0.00%,$0,$0,$0,$0,$0,$0,$0,$0,$0,$0,$0,$0,$0,$0,$0,$0,0,$0.00,$0.00,$0,$0,$0,$0,$0,$0,$0,$0,$0,$0,$0,$0,$0,$0,$0,$0,$0,$0,$0,$0,$0,$0,$0,$0,$0,$0,$0,$0,$0,$0,$0,$0,$0,$0,$0,$0,$0,$0,$0,$0,$0,$0,$0,$0,$0,$0,$0,$0,$0
32,2009-06-30,0.4,$0.33,1.19,$1.14,0.35,$-0.13,0.0,$-0.32,0.0,$0.00B,$0.01B,0.45,$0.00B,$0.00B,1.36,$0.01B,$0.00B,57.14%,$0.01B,$-0.00B,-14.29%,$0.01B,$-0.00B,-14.29%,$0.01B,$-0.00B,-28.57%,$0.01B,$-0.00B,-28.57%,$0.01B,$-0.00B,-28.57%,$-0.00B,$0.00B,-66.67%,$-0.00B,$-0.00B,61.54%,$-0.00B,$0.01B,-14.81%,$-0.00B,$0.01B,-20.00%,$2,$1,$1,$0,$1,$2,$-0,$-0,$-0,$0,$-0,$-0,$-0,$0,$-0,$7,7,$-0.04,$-0.04,$1,$0,$0,$2,$0,$0,$6,$1,$10,$13,$5,$4,$1,$5,$10,$1,$-100,$-0,$3,$13,$-1,$1,$0,$1,$-0,$0,$-0,$0,$-1,$0,$-0,$0,$0,$0,$0,$0,$0,$-0,$-0,$1,$1,$0,$0,$0,$0,$1,$0,$0,$0
33,2009-03-31,0.56,$0.34,1.67,$1.42,0.4,$-0.30,0.0,$-0.44,0.0,$0.00B,$0.01B,0.25,$0.00B,$0.00B,0.96,$0.01B,$0.01B,75.00%,$0.01B,$-0.00B,-12.50%,$0.01B,$-0.00B,-12.50%,$0.01B,$-0.00B,-25.00%,$0.01B,$-0.00B,-37.50%,$0.01B,$-0.00B,-37.50%,$-0.00B,$0.00B,-80.00%,$-0.00B,$-0.00B,120.00%,$-0.00B,$0.01B,-21.05%,$-0.00B,$0.00B,-19.05%,$2,$1,$1,$1,$1,$3,$-0,$-0,$-1,$0,$-1,$-1,$-1,$0,$-0,$6,6,$-0.12,$-0.12,$1,$0,$0,$2,$0,$0,$6,$1,$11,$13,$7,$2,$1,$3,$11,$1,$-103,$-0,$2,$13,$-1,$1,$0,$1,$-0,$0,$-0,$0,$0,$0,$-0,$0,$0,$0,$0,$0,$0,$-0,$-0,$0,$0,$0,$0,$0,$0,$0,$0,$0,$0
34,2008-12-31,0.32,$0.00,0.0,$1.60,0.2,$-0.52,0.0,$-0.40,0.0,$0.00B,$0.01B,0.21,$0.00B,$0.00B,0.73,$0.01B,$0.01B,88.89%,$0.01B,$-0.00B,-11.11%,$0.01B,$-0.00B,-11.11%,$0.01B,$0.00B,11.11%,$0.01B,$-0.00B,-33.33%,$0.01B,$-0.00B,-33.33%,$-0.00B,$0.00B,-63.16%,$-0.00B,$-0.00B,200.00%,$-0.00B,$0.01B,-20.00%,$-0.00B,$0.01B,-15.38%,$0,$0,$0,$0,$0,$0,$0,$0,$0,$0,$0,$0,$0,$0,$0,$0,0,$0.00,$0.00,$1,$0,$0,$1,$0,$0,$6,$1,$12,$13,$7,$2,$2,$4,$10,$1,$-102,$-0,$3,$13,$0,$0,$0,$0,$0,$0,$0,$0,$0,$0,$0,$0,$0,$0,$0,$0,$0,$0,$0,$0,$0,$0,$0,$0,$0,$0,$0,$0,$0
35,2008-09-30,0.88,$0.77,1.15,$2.09,0.42,$-1.17,0.0,$-0.68,0.0,$0.00B,$0.01B,0.29,$0.00B,$0.00B,0.11,$0.01B,$0.01B,91.67%,$0.01B,$-0.00B,-16.67%,$0.01B,$-0.00B,-16.67%,$0.01B,0,0.00%,$0.01B,$-0.01B,-41.67%,$0.01B,$-0.01B,-41.67%,$-0.01B,$0.00B,-90.91%,$-0.01B,$-0.00B,666.67%,$-0.01B,$0.02B,-31.75%,$-0.00B,$0.01B,-26.67%,$3,$1,$2,$1,$2,$3,$-1,$-0,$-1,$0,$-1,$-1,$-1,$-2,$-1,$6,6,$-0.16,$-0.16,$1,$0,$0,$2,$0,$0,$6,$1,$12,$15,$8,$1,$2,$2,$10,$1,$-100,$-0,$4,$15,$-2,$2,$0,$2,$-0,$0,$-0,$0,$-0,$0,$-1,$0,$0,$0,$0,$0,$-0,$-1,$0,$0,$0,$0,$0,$0,$0,$0,$-1,$0,$0
36,2008-06-30,1.52,$0.96,1.59,$2.09,0.73,$-1.49,0.0,$-0.84,0.0,$0.00B,$0.01B,0.42,$0.00B,$0.01B,0.18,$0.01B,$0.01B,91.67%,$0.01B,$-0.00B,-16.67%,$0.01B,$-0.00B,-16.67%,$0.01B,$0.00B,8.33%,$0.01B,$-0.01B,-50.00%,$0.01B,$-0.01B,-50.00%,$-0.01B,$0.01B,-92.31%,$-0.01B,$-0.00B,-2400.00%,$-0.01B,$0.02B,-36.36%,$-0.00B,$0.01B,-22.22%,$3,$1,$3,$1,$2,$4,$-0,$-0,$-1,$0,$-1,$-1,$-1,$-0,$-0,$6,6,$-0.08,$-0.08,$2,$0,$0,$3,$0,$0,$7,$1,$13,$16,$8,$1,$2,$3,$10,$1,$-99,$-0,$6,$16,$-4,$3,$0,$3,$0,$0,$-0,$0,$0,$-0,$-1,$0,$0,$0,$0,$0,$-0,$-1,$-0,$0,$0,$0,$0,$0,$0,$0,$-1,$0,$0
37,2008-03-31,1.0,$1.09,0.91,$2.09,0.48,$-1.37,0.0,$-0.92,0.0,$0.00B,$0.01B,0.61,$0.00B,$0.01B,0.44,$0.01B,$0.01B,91.67%,$0.01B,$-0.00B,-25.00%,$0.01B,$-0.00B,-25.00%,$0.01B,0,0.00%,$0.01B,$-0.01B,-50.00%,$0.01B,$-0.01B,-50.00%,$-0.01B,$0.01B,-80.00%,$-0.01B,$0.00B,-480.00%,$-0.01B,$0.02B,-34.29%,$-0.00B,$0.01B,-29.27%,$3,$1,$3,$1,$2,$3,$-0,$-0,$-1,$0,$-1,$-1,$-1,$3,$-0,$6,6,$-0.08,$-0.08,$3,$0,$0,$4,$1,$0,$7,$1,$13,$16,$6,$3,$1,$4,$10,$1,$-98,$-0,$6,$16,$-4,$3,$0,$3,$0,$0,$-0,$0,$0,$-0,$-1,$0,$0,$0,$0,$0,$-0,$-1,$-0,$0,$0,$0,$0,$0,$0,$0,$-1,$0,$0
38,2007-12-31,1.96,$1.09,1.8,$2.10,0.94,$-1.18,0.0,$-1.24,0.0,$0.00B,$0.01B,0.58,$0.00B,$0.01B,0.49,$0.01B,$0.01B,91.67%,$0.01B,$-0.01B,-41.67%,$0.01B,$-0.01B,-41.67%,$0.01B,$-0.01B,-41.67%,$0.01B,$-0.01B,-58.33%,$0.01B,$-0.01B,-58.33%,$-0.01B,$0.01B,-80.00%,$-0.01B,$0.00B,-280.00%,$-0.01B,$0.02B,-37.33%,$-0.01B,$0.01B,-44.44%,$3,$0,$3,$1,$2,$4,$-1,$-0,$-2,$0,$-2,$-2,$-2,$-1,$-1,$6,6,$-0.24,$-0.24,$1,$0,$0,$3,$1,$0,$6,$1,$13,$16,$5,$3,$1,$4,$9,$1,$-98,$-0,$6,$16,$-7,$3,$1,$3,$2,$0,$-0,$0,$1,$-2,$-1,$0,$0,$0,$0,$0,$-0,$-1,$2,$-2,$-0,$0,$0,$0,$0,$-0,$-4,$1,$0
39,2007-09-30,2.36,$0.00,0.0,$2.27,1.04,$-1.78,0.0,$-1.28,0.0,$0.00B,$0.01B,0.87,$0.00B,$0.01B,0.36,$0.01B,$0.01B,91.67%,$0.01B,$-0.01B,-50.00%,$0.01B,$-0.01B,-50.00%,$0.01B,$-0.01B,-50.00%,$0.01B,$-0.01B,-58.33%,$0.01B,$-0.01B,-58.33%,$-0.01B,$0.01B,-68.29%,$-0.01B,$0.00B,-175.00%,$-0.01B,$0.02B,-35.00%,$-0.01B,$0.01B,-48.98%,$3,$1,$2,$1,$3,$4,$-1,$-0,$-2,$0,$-2,$-2,$-2,$-1,$-1,$6,6,$-0.32,$-0.32,$3,$0,$0,$4,$1,$0,$6,$1,$13,$18,$5,$3,$1,$4,$9,$1,$-96,$-1,$8,$18,$-5,$2,$1,$2,$2,$0,$-0,$0,$1,$-2,$-1,$0,$0,$0,$0,$0,$-0,$-1,$2,$-2,$-0,$0,$0,$0,$0,$-0,$-3,$1,$0
40,2007-06-30,4.0,$1.65,2.42,$2.48,1.61,$-1.34,0.0,$-1.36,0.0,$0.01B,$0.01B,1.12,$0.00B,$0.01B,0.29,$0.01B,$0.01B,91.67%,$0.01B,$-0.01B,-58.33%,$0.01B,$-0.01B,-58.33%,$0.01B,$-0.01B,-58.33%,$0.01B,$-0.01B,-58.33%,$0.01B,$-0.01B,-58.33%,$-0.01B,$0.01B,-59.57%,$-0.01B,$0.00B,-127.27%,$-0.01B,$0.02B,-32.94%,$-0.01B,$0.01B,-53.85%,$3,$1,$3,$1,$3,$4,$-1,$-0,$-1,$0,$-1,$-1,$-1,$-1,$-1,$6,6,$-0.24,$-0.24,$5,$0,$0,$7,$1,$0,$6,$1,$13,$20,$6,$3,$1,$4,$10,$1,$-94,$-1,$10,$20,$-4,$1,$0,$2,$1,$0,$-0,$1,$2,$0,$-1,$0,$0,$0,$0,$0,$0,$-1,$2,$-2,$-0,$0,$0,$0,$0,$-0,$-0,$0,$0
41,2007-03-31,4.68,$0.00,0.0,$2.57,1.82,$-1.61,0.0,$-1.52,0.0,$0.01B,$0.01B,1.24,$0.00B,$0.01B,0.24,$0.01B,$0.01B,83.33%,$0.01B,$-0.01B,-66.67%,$0.01B,$-0.01B,-66.67%,$0.01B,$-0.01B,-66.67%,$0.01B,$-0.01B,-66.67%,$0.01B,$-0.01B,-66.67%,$-0.01B,$0.01B,-69.57%,$-0.01B,$0.01B,-145.45%,$-0.01B,$0.02B,-37.65%,$-0.01B,$0.01B,-64.00%,$3,$1,$3,$1,$3,$5,$-2,$-0,$-2,$0,$-2,$-2,$-2,$-2,$-2,$6,6,$-0.40,$-0.40,$5,$0,$0,$8,$1,$0,$6,$1,$13,$21,$6,$3,$1,$4,$10,$1,$-93,$-1,$11,$21,$0,$0,$0,$0,$0,$0,$0,$0,$0,$0,$0,$0,$0,$0,$0,$0,$0,$0,$0,$0,$0,$0,$0,$0,$0,$0,$0,$0,$0
42,2006-12-31,4.96,$2.13,2.33,$2.92,1.7,$-1.61,0.0,$-1.36,0.0,$0.01B,$0.01B,1.19,$0.00B,$0.01B,0.04,$0.01B,$0.01B,76.92%,$0.01B,$-0.01B,-53.85%,$0.01B,$-0.01B,-53.85%,$0.01B,$-0.01B,-53.85%,$0.01B,$-0.01B,-53.85%,$0.01B,$-0.01B,-53.85%,$-0.01B,$0.01B,-63.64%,$-0.01B,$0.01B,-107.69%,$-0.01B,$0.02B,-33.73%,$-0.01B,$0.01B,-59.57%,$3,$1,$3,$1,$3,$5,$-2,$-0,$-2,$0,$-2,$-2,$-2,$-2,$-2,$5,5,$-0.36,$-0.36,$5,$0,$0,$9,$1,$0,$6,$1,$13,$21,$7,$0,$1,$2,$9,$1,$-91,$-1,$12,$21,$-6,$2,$1,$3,$-0,$0,$-0,$1,$-1,$-4,$-2,$0,$0,$0,$0,$0,$-0,$-2,$0,$2,$2,$8,$8,$0,$0,$10,$3,$1,$0
