,Date,Stock Price,Book Value per Share,Price to Book Ratio,TTM Sales per Share,Price to Sales Ratio,TTM FCF per Share,Price to FCF Ratio,TTM Net EPS,PE Ratio,Current Assets,Current Liabilities,Current Ratio,Long Term Debt,Shareholder's Equity_x,Debt to Equity Ratio,TTM Revenue_x,TTM Gross Profit,Gross Margin,TTM Revenue_y,TTM Operating Income,Operating Margin,TTM Revenue_x,TTM EBIT,EBIT Margin,TTM Revenue_y,TTM EBITDA,EBITDA Margin,TTM Revenue_x,TTM Pre-Tax Income,Pre-Tax Margin,TTM Revenue_y,TTM Net Income_x,Net Margin,TTM Net Income_y,Shareholder's Equity_y,Return on Equity,TTM Net Income_x,Tangible Equity,Return on Tangible Equity,TTM Net Income_y,Total Assets,Return on Assets,TTM Net Income,LT Investments & Debt,Return on Investment,revenue,cost-goods-sold,gross-profit,research-development-expenses,selling-general-administrative-expenses,operating-expenses,operating-income,total-non-operating-income-expense,pre-tax-income,total-provision-income-taxes,income-after-taxes,income-from-continuous-operations,net-income,ebitda,ebit,basic-shares-outstanding,shares-outstanding,eps-basic-net-earnings-per-share,eps-earnings-per-share-diluted,cash-on-hand,inventory,other-current-assets,total-current-assets,net-property-plant-equipment,long-term-investments,goodwill-intangible-assets-total,other-long-term-assets,total-long-term-assets,total-assets,total-current-liabilities,long-term-debt,other-non-current-liabilities,total-long-term-liabilities,total-liabilities,common-stock-net,retained-earnings-accumulated-deficit,comprehensive-income,total-share-holder-equity,total-liabilities-share-holders-equity,net-income-loss,total-depreciation-amortization-cash-flow,other-non-cash-items,total-non-cash-items,change-in-accounts-receivable,change-in-inventories,change-in-accounts-payable,change-in-assets-liabilities,total-change-in-assets-liabilities,cash-flow-from-operating-activities,net-change-in-property-plant-equipment,net-change-in-intangible-assets,net-acquisitions-divestitures,net-change-in-short-term-investments,net-change-in-long-term-investments,net-change-in-investments-total,investing-activities-other,cash-flow-from-investing-activities,net-long-term-debt,net-current-debt,debt-issuance-retirement-net-total,net-common-equity-issued-repurchased,net-total-equity-issued-repurchased,total-common-preferred-stock-dividends-paid,financial-activities-other,cash-flow-from-financial-activities,net-cash-flow,stock-based-compensation,common-stock-dividends-paid
0,2018-06-30,14.25,$0.00,0.0,0,0.0,0,0.0,$-1.28,0.0,$0.03B,$0.01B,2.43,$0.00B,$0.07B,0.0,$0.02B,$0.01B,64.71%,$0.02B,$-0.00B,-17.65%,$0.02B,$-0.00B,-17.65%,$0.02B,$-0.00B,-17.65%,$0.02B,$0.03B,152.94%,$0.02B,$0.02B,135.29%,$0.02B,$0.07B,27.38%,$0.02B,$0.07B,27.46%,$0.02B,$0.09B,22.12%,$-0.00B,$0.07B,-3.57%,$6,$2,$4,$0,$5,$7,$-0,$28,$27,$2,$25,$25,$24,$-0,$-0,$0,0,$0.00,$0.00,$20,$1,$0,$29,$4,$44,$0,$0,$57,$85,$12,$0,$0,$2,$14,$1,$-95,$62,$72,$85,$0,$0,$0,$0,$0,$0,$0,$0,$0,$0,$0,$0,$0,$0,$0,$0,$0,$0,$0,$0,$0,$0,$0,$0,$0,$0,$0,$0,$0
1,2017-12-31,10.2,$0.00,0.0,0,0.0,0,0.0,$-1.28,0.0,$0.03B,$0.01B,2.73,$0.00B,$0.09B,0.0,$0.01B,$0.01B,100.00%,$0.01B,$-0.00B,-44.44%,$0.01B,$-0.00B,-44.44%,$0.01B,$-0.00B,-44.44%,$0.01B,$-0.00B,-22.22%,$0.01B,$-0.01B,-100.00%,$-0.01B,$0.09B,-9.89%,$-0.01B,$0.09B,-9.92%,$-0.01B,$0.10B,-7.76%,$-0.00B,$0.09B,-4.40%,$0,$0,$0,$0,$0,$0,$0,$0,$0,$0,$0,$0,$0,$0,$0,$0,0,$0.00,$0.00,$21,$2,$0,$32,$4,$62,$0,$0,$69,$101,$12,$0,$0,$2,$14,$1,$-119,$61,$87,$101,$0,$0,$0,$0,$0,$0,$0,$0,$0,$0,$0,$0,$0,$0,$0,$0,$0,$0,$0,$0,$0,$0,$0,$0,$0,$0,$0,$0,$0
2,2017-09-30,8.49,$0.00,0.0,0,0.0,0,0.0,$-1.28,0.0,$0.03B,$0.01B,2.72,$0.00B,$0.09B,0.0,$0.02B,$0.01B,76.47%,$0.02B,$-0.01B,-29.41%,$0.02B,$-0.01B,-29.41%,$0.02B,$-0.01B,-29.41%,$0.02B,$-0.00B,-17.65%,$0.02B,$-0.01B,-64.71%,$-0.01B,$0.09B,-11.37%,$-0.01B,$0.09B,-11.40%,$-0.01B,$0.11B,-8.71%,$-0.01B,$0.09B,-5.17%,$6,$2,$4,$0,$5,$7,$-1,$3,$2,$-0,$2,$2,$2,$-1,$-1,$0,0,$0.00,$0.00,$25,$2,$0,$32,$14,$57,$0,$7,$81,$114,$12,$0,$0,$14,$26,$1,$-118,$69,$88,$114,$0,$0,$0,$0,$0,$0,$0,$0,$0,$0,$0,$0,$0,$0,$0,$0,$0,$0,$0,$0,$0,$0,$0,$0,$0,$0,$0,$0,$0
3,2017-06-30,6.1,$0.00,0.0,0,0.0,0,0.0,$-1.28,0.0,$0.04B,$0.01B,2.61,$0.00B,$0.09B,0.0,$0.02B,$0.01B,73.33%,$0.02B,$-0.01B,-53.33%,$0.02B,$-0.01B,-53.33%,$0.02B,$-0.01B,-53.33%,$0.02B,$0.00B,26.67%,$0.02B,$-0.01B,-46.67%,$-0.01B,$0.09B,-6.80%,$-0.01B,$0.09B,-6.83%,$-0.01B,$0.12B,-5.22%,$-0.01B,$0.09B,-7.77%,$5,$1,$3,$0,$6,$7,$-2,$-0,$-3,$-0,$-2,$-2,$-3,$-2,$-2,$0,0,$0.00,$0.00,$28,$2,$0,$35,$14,$56,$0,$7,$80,$116,$14,$0,$0,$13,$27,$1,$-120,$68,$89,$116,$0,$0,$0,$0,$0,$0,$0,$0,$0,$0,$0,$0,$0,$0,$0,$0,$0,$0,$0,$0,$0,$0,$0,$0,$0,$0,$0,$0,$0
4,2016-12-31,4.63,$26.40,0.18,0,0.0,0,0.0,0,0.0,$0.03B,$0.02B,2.11,$0.00B,$0.10B,0.0,$0.02B,$0.01B,64.71%,$0.02B,$-0.00B,-17.65%,$0.02B,$-0.00B,-17.65%,$0.02B,$-0.00B,-17.65%,$0.02B,$0.02B,94.12%,$0.02B,$0.00B,17.65%,$0.00B,$0.10B,3.72%,$0.00B,$0.10B,3.73%,$0.00B,$0.13B,2.86%,$-0.00B,$0.10B,-3.72%,$-2,$-4,$2,$0,$9,$-1,$-1,$-0,$-1,$-0,$-1,$-1,$-8,$-1,$-1,$0,0,$0.00,$0.00,$26,$4,$0,$33,$14,$75,$0,$7,$99,$133,$16,$0,$0,$17,$33,$1,$-123,$81,$100,$133,$10,$2,$-21,$-19,$1,$-0,$-0,$-1,$1,$-8,$11,$0,$0,$-0,$18,$18,$-0,$29,$0,$0,$0,$-2,$-2,$0,$0,$-2,$13,$1,$0
5,2016-09-30,5.98,$0.00,0.0,0,0.0,0,0.0,0,0.0,$0.04B,$0.01B,2.91,$0.00B,$0.11B,0.0,$0.02B,$0.01B,47.37%,$0.02B,$-0.00B,-10.53%,$0.02B,$-0.00B,-10.53%,$0.02B,$-0.00B,-10.53%,$0.02B,$0.02B,89.47%,$0.02B,$0.01B,57.89%,$0.01B,$0.11B,19.73%,$0.01B,$0.11B,19.82%,$0.01B,$0.14B,15.33%,$-0.00B,$0.11B,-3.59%,$8,$3,$4,$0,$6,$9,$-1,$0,$-1,$0,$-1,$-2,$-2,$-1,$-1,$0,0,$0.00,$0.00,$28,$4,$0,$40,$15,$76,$1,$7,$103,$142,$14,$0,$0,$18,$32,$1,$-115,$83,$110,$142,$0,$0,$0,$0,$0,$0,$0,$0,$0,$0,$0,$0,$0,$0,$0,$0,$0,$0,$0,$0,$0,$0,$0,$0,$0,$0,$0,$0,$0
6,2016-06-30,3.07,$0.00,0.0,0,0.0,0,0.0,0,0.0,$0.04B,$0.01B,2.98,$0.00B,$0.11B,0.0,$0.03B,$0.01B,20.00%,$0.03B,$-0.01B,-44.00%,$0.03B,$-0.01B,-44.00%,$0.03B,$-0.01B,-44.00%,$0.03B,$0.01B,32.00%,$0.03B,$0.00B,12.00%,$0.00B,$0.11B,10.62%,$0.00B,$0.11B,10.71%,$0.00B,$0.15B,8.28%,$-0.01B,$0.11B,-38.94%,$4,$2,$2,$0,$6,$8,$-4,$12,$9,$3,$6,$6,$6,$-4,$-4,$0,0,$0.00,$0.00,$30,$4,$0,$42,$16,$76,$1,$7,$103,$145,$14,$0,$0,$18,$32,$1,$-113,$83,$113,$145,$0,$0,$0,$0,$0,$0,$0,$0,$0,$0,$0,$0,$0,$0,$0,$0,$0,$0,$0,$0,$0,$0,$0,$0,$0,$0,$0,$0,$0
7,2016-03-31,2.46,$0.00,0.0,0,0.0,0,0.0,0,0.0,$0.00B,$0.00B,0.0,$0.00B,$0.00B,0.0,$0.03B,$0.01B,17.24%,$0.03B,$-0.02B,-72.41%,$0.03B,$-0.02B,-72.41%,$0.03B,$-0.02B,-72.41%,$0.03B,$-0.01B,-48.28%,$0.03B,$-0.02B,-55.17%,$-0.02B,$0.00B,inf%,$-0.02B,$0.00B,inf%,$-0.02B,$0.00B,inf%,$-0.02B,$0.00B,inf%,$7,$4,$3,$0,$-0,$4,$3,$6,$9,$2,$7,$7,$7,$3,$3,$0,0,$0.00,$0.00,$0,$0,$0,$0,$0,$0,$0,$0,$0,$0,$0,$0,$0,$0,$0,$0,$0,$0,$0,$0,$0,$0,$0,$0,$0,$0,$0,$0,$0,$0,$0,$0,$0,$0,$0,$0,$0,$0,$0,$0,$0,$0,$0,$0,$0,$0,$0,$0,$0
8,2015-12-31,3.15,$0.00,0.0,$0.76,4.13,$-1.69,0.0,$-0.51,0.0,$0.00B,$0.00B,0.0,$0.00B,$0.00B,0.0,$0.04B,$0.01B,20.93%,$0.04B,$-0.04B,-83.72%,$0.04B,$-0.04B,-83.72%,$0.04B,$-0.04B,-83.72%,$0.04B,$-0.04B,-83.72%,$0.04B,$-0.04B,-86.05%,$-0.04B,$0.00B,-160.87%,$-0.04B,$0.00B,-178.31%,$-0.04B,$0.00B,-117.46%,$-0.04B,$0.00B,-156.52%,$0,$0,$0,$0,$0,$0,$0,$0,$0,$0,$0,$0,$0,$0,$0,$0,0,$0.00,$0.00,$0,$0,$0,$0,$0,$0,$0,$0,$0,$0,$0,$0,$0,$0,$0,$0,$0,$0,$0,$0,$-40,$4,$0,$4,$0,$0,$0,$0,$7,$-22,$3,$0,$0,$0,$0,$0,$7,$9,$0,$0,$-9,$0,$-0,$0,$0,$-9,$-23,$0,$0
9,2015-09-30,2.7,$0.00,0.0,$1.89,1.43,$-1.69,0.0,$-0.84,0.0,$0.00B,$0.00B,0.0,$0.00B,$0.00B,0.0,$0.07B,$0.02B,28.38%,$0.07B,$-0.05B,-60.81%,$0.07B,$-0.05B,-60.81%,$0.07B,$-0.05B,-60.81%,$0.07B,$-0.05B,-60.81%,$0.07B,$-0.05B,-62.16%,$-0.05B,$0.00B,-93.40%,$-0.05B,$0.00B,-102.79%,$-0.05B,$0.00B,-70.23%,$-0.05B,$0.00B,-91.37%,$14,$14,$0,$0,$10,$24,$-10,$0,$-10,$0,$-10,$-10,$-10,$-10,$-10,$0,0,$0.00,$0.00,$0,$0,$0,$0,$0,$0,$0,$0,$0,$0,$0,$0,$0,$0,$0,$0,$0,$0,$0,$0,$0,$0,$0,$0,$0,$0,$0,$0,$0,$0,$0,$0,$0,$0,$0,$0,$0,$0,$0,$0,$0,$0,$0,$0,$0,$0,$0,$0,$0
10,2015-06-30,6.33,$0.00,0.0,$2.42,2.61,$-1.69,0.0,$-1.32,0.0,$0.00B,$0.00B,0.0,$0.00B,$0.00B,0.0,$0.08B,$0.03B,36.00%,$0.08B,$-0.05B,-65.33%,$0.08B,$-0.05B,-65.33%,$0.08B,$-0.05B,-65.33%,$0.08B,$-0.05B,-64.00%,$0.08B,$-0.05B,-65.33%,$-0.05B,$0.00B,-63.23%,$-0.05B,$0.00B,-67.35%,$-0.05B,$0.00B,-47.92%,$-0.05B,$0.00B,-63.23%,$8,$6,$2,$0,$15,$22,$-14,$0,$-13,$-0,$-13,$-13,$-13,$-14,$-14,$0,0,$0.00,$0.00,$0,$0,$0,$0,$0,$0,$0,$0,$0,$0,$0,$0,$0,$0,$0,$0,$0,$0,$0,$0,$0,$0,$0,$0,$0,$0,$0,$0,$0,$0,$0,$0,$0,$0,$0,$0,$0,$0,$0,$0,$0,$0,$0,$0,$0,$0,$0,$0,$0
11,2014-12-31,6.48,$22.15,0.29,$3.45,1.88,$-1.69,0.0,$-1.62,0.0,$0.08B,$0.03B,2.44,$0.00B,$0.09B,0.0,$0.10B,$0.04B,38.95%,$0.10B,$-0.04B,-46.32%,$0.10B,$-0.04B,-46.32%,$0.10B,$-0.04B,-46.32%,$0.10B,$-0.04B,-45.26%,$0.10B,$-0.04B,-46.32%,$-0.04B,$0.09B,-40.27%,$-0.04B,$0.08B,-42.31%,$-0.04B,$0.13B,-31.04%,$-0.04B,$0.09B,-40.27%,$21,$13,$7,$0,$19,$33,$-12,$-0,$-13,$1,$-14,$-14,$-14,$-12,$-12,$27,27,$-0.51,$-0.51,$44,$13,$16,$81,$44,$8,$9,$1,$62,$126,$33,$0,$0,$1,$34,$1,$-86,$35,$92,$126,$-44,$0,$2,$6,$-1,$3,$-3,$-7,$0,$-46,$0,$0,$0,$0,$0,$0,$-2,$-2,$0,$0,$0,$0,$0,$0,$0,$0,$-48,$0,$0
12,2014-09-30,8.33,$0.00,0.0,$3.99,2.09,$-0.03,0.0,$-1.62,0.0,$0.09B,$0.03B,2.94,$0.00B,$0.11B,0.0,$0.11B,$0.05B,43.64%,$0.11B,$-0.05B,-40.91%,$0.11B,$-0.05B,-40.91%,$0.11B,$-0.05B,-40.91%,$0.11B,$-0.04B,-39.09%,$0.11B,$-0.04B,-40.00%,$-0.04B,$0.11B,-36.59%,$-0.04B,$0.10B,-37.61%,$-0.04B,$0.14B,-28.57%,$-0.05B,$0.11B,-36.73%,$31,$19,$12,$0,$22,$40,$-9,$1,$-9,$-0,$-9,$-9,$-9,$-9,$-9,$28,28,$-0.33,$-0.33,$52,$15,$14,$90,$0,$8,$9,$1,$18,$136,$31,$0,$0,$1,$32,$1,$-72,$0,$105,$136,$0,$0,$0,$0,$0,$0,$0,$0,$0,$0,$0,$0,$0,$0,$0,$0,$0,$0,$0,$0,$0,$0,$0,$0,$0,$0,$0,$0,$0
13,2014-06-30,6.9,$0.00,0.0,$4.91,1.4,$-0.03,0.0,$-1.68,0.0,$0.10B,$0.03B,3.08,$0.00B,$0.11B,0.0,$0.14B,$0.06B,46.67%,$0.14B,$-0.05B,-34.81%,$0.14B,$-0.05B,-34.81%,$0.14B,$-0.05B,-34.81%,$0.14B,$-0.04B,-32.59%,$0.14B,$-0.05B,-34.07%,$-0.05B,$0.11B,-35.05%,$-0.05B,$0.11B,-35.45%,$-0.05B,$0.15B,-27.59%,$-0.05B,$0.11B,-34.69%,$15,$9,$6,$0,$21,$29,$-14,$1,$-13,$0,$-13,$-13,$-13,$-14,$-14,$28,28,$-0.48,$-0.48,$61,$16,$17,$100,$0,$8,$1,$9,$18,$147,$32,$0,$0,$1,$33,$1,$-64,$0,$113,$147,$0,$0,$0,$0,$0,$0,$0,$0,$0,$0,$0,$0,$0,$0,$0,$0,$0,$0,$0,$0,$0,$0,$0,$0,$0,$0,$0,$0,$0
14,2014-03-31,6.21,$0.00,0.0,$5.87,1.06,$-0.03,0.0,$-1.52,0.0,$0.11B,$0.03B,3.64,$0.00B,$0.13B,0.0,$0.16B,$0.08B,49.07%,$0.16B,$-0.04B,-26.71%,$0.16B,$-0.04B,-26.71%,$0.16B,$-0.04B,-26.71%,$0.16B,$-0.04B,-24.84%,$0.16B,$-0.04B,-26.09%,$-0.04B,$0.13B,-29.47%,$-0.04B,$0.13B,-29.79%,$-0.04B,$0.16B,-23.53%,$-0.04B,$0.13B,-28.86%,$28,$16,$12,$0,$21,$37,$-9,$1,$-8,$0,$-8,$-8,$-8,$-9,$-9,$28,28,$-0.30,$-0.30,$77,$14,$11,$110,$0,$8,$1,$9,$19,$158,$30,$0,$0,$1,$31,$1,$-50,$0,$127,$158,$0,$0,$0,$0,$0,$0,$0,$0,$0,$0,$0,$0,$0,$0,$0,$0,$0,$0,$0,$0,$0,$0,$0,$0,$0,$0,$0,$0,$0
15,2013-12-31,5.98,$0.00,0.0,$6.58,0.91,$-0.03,0.0,$-1.45,0.0,$0.12B,$0.03B,3.92,$0.01B,$0.14B,0.06,$0.19B,$0.09B,49.73%,$0.19B,$-0.04B,-23.24%,$0.19B,$-0.04B,-23.24%,$0.19B,$-0.04B,-23.24%,$0.19B,$-0.04B,-21.08%,$0.19B,$-0.04B,-22.16%,$-0.04B,$0.14B,-26.97%,$-0.04B,$0.14B,-27.24%,$-0.04B,$0.18B,-21.66%,$-0.04B,$0.15B,-26.79%,$36,$18,$18,$0,$31,$49,$-13,$-0,$-13,$1,$-14,$-14,$-14,$-13,$-13,$27,27,$-0.51,$-0.51,$83,$17,$11,$117,$0,$8,$1,$19,$29,$175,$30,$9,$0,$9,$39,$1,$-42,$0,$136,$175,$-40,$5,$14,$5,$9,$2,$2,$10,$35,$2,$-3,$0,$0,$0,$0,$0,$-10,$-14,$8,$0,$8,$-9,$-9,$0,$0,$-0,$-8,$0,$0
16,2013-09-30,8.21,$0.00,0.0,$7.25,1.13,$-0.67,0.0,$-1.24,0.0,$0.13B,$0.03B,4.49,$0.01B,$0.15B,0.06,$0.21B,$0.10B,48.08%,$0.21B,$-0.04B,-18.27%,$0.21B,$-0.04B,-18.27%,$0.21B,$-0.04B,-18.27%,$0.21B,$-0.03B,-15.87%,$0.21B,$-0.04B,-17.31%,$-0.04B,$0.15B,-22.09%,$-0.04B,$0.15B,-22.61%,$-0.04B,$0.19B,-18.25%,$-0.04B,$0.16B,-22.45%,$56,$29,$27,$0,$39,$67,$-11,$1,$-10,$0,$-10,$-11,$-11,$-11,$-11,$27,27,$-0.39,$-0.39,$86,$18,$12,$128,$0,$8,$2,$19,$29,$187,$29,$8,$0,$9,$38,$1,$-28,$0,$149,$187,$0,$0,$0,$0,$0,$0,$0,$0,$0,$0,$0,$0,$0,$0,$0,$0,$0,$0,$0,$0,$0,$0,$0,$0,$0,$0,$0,$0,$0
17,2013-06-30,9.03,$0.00,0.0,$7.51,1.2,$-0.67,0.0,$-0.89,0.0,$0.14B,$0.03B,5.26,$0.01B,$0.16B,0.05,$0.22B,$0.10B,47.06%,$0.22B,$-0.03B,-13.12%,$0.22B,$-0.03B,-13.12%,$0.22B,$-0.03B,-13.12%,$0.22B,$-0.02B,-10.86%,$0.22B,$-0.03B,-11.76%,$-0.03B,$0.16B,-15.07%,$-0.03B,$0.16B,-15.57%,$-0.03B,$0.19B,-12.65%,$-0.03B,$0.17B,-16.41%,$41,$19,$22,$0,$32,$50,$-10,$1,$-9,$0,$-9,$-9,$-9,$-10,$-10,$27,27,$-0.32,$-0.32,$86,$23,$16,$135,$0,$8,$2,$19,$29,$194,$26,$9,$0,$9,$35,$1,$-18,$0,$158,$194,$0,$0,$0,$0,$0,$0,$0,$0,$0,$0,$0,$0,$0,$0,$0,$0,$0,$0,$0,$0,$0,$0,$0,$0,$0,$0,$0,$0,$0
18,2013-03-31,10.14,$0.00,0.0,$7.56,1.34,$-0.67,0.0,$-0.74,0.0,$0.14B,$0.03B,5.43,$0.01B,$0.17B,0.05,$0.23B,$0.11B,46.46%,$0.23B,$-0.03B,-11.50%,$0.23B,$-0.03B,-11.50%,$0.23B,$-0.03B,-11.50%,$0.23B,$-0.02B,-8.41%,$0.23B,$-0.02B,-9.73%,$-0.02B,$0.17B,-12.21%,$-0.02B,$0.16B,-12.75%,$-0.02B,$0.20B,-10.45%,$-0.03B,$0.17B,-14.27%,$52,$27,$25,$0,$33,$60,$-9,$2,$-7,$-0,$-7,$-7,$-7,$-9,$-9,$30,30,$-0.23,$-0.23,$87,$25,$18,$144,$0,$8,$2,$19,$28,$201,$26,$8,$0,$9,$36,$1,$-9,$0,$165,$201,$0,$0,$0,$0,$0,$0,$0,$0,$0,$0,$0,$0,$0,$0,$0,$0,$0,$0,$0,$0,$0,$0,$0,$0,$0,$0,$0,$0,$0
19,2012-12-31,9.76,$0.00,0.0,$8.10,1.2,$-0.67,0.0,$-0.59,0.0,$0.16B,$0.03B,5.96,$0.00B,$0.18B,0.0,$0.24B,$0.11B,45.87%,$0.24B,$-0.02B,-8.68%,$0.24B,$-0.02B,-8.68%,$0.24B,$-0.02B,-8.68%,$0.24B,$-0.02B,-6.20%,$0.24B,$-0.02B,-7.02%,$-0.02B,$0.18B,-9.05%,$-0.02B,$0.17B,-9.55%,$-0.02B,$0.21B,-7.80%,$-0.02B,$0.18B,-11.19%,$59,$33,$26,$0,$34,$67,$-8,$1,$-7,$2,$-9,$-9,$-9,$-8,$-8,$30,30,$-0.30,$-0.30,$101,$23,$21,$160,$0,$8,$10,$1,$19,$207,$27,$0,$0,$1,$28,$1,$-2,$0,$180,$207,$-18,$5,$0,$5,$0,$0,$0,$0,$-7,$-18,$-3,$0,$0,$0,$0,$0,$-0,$-3,$0,$0,$0,$0,$0,$0,$0,$0,$-20,$0,$0
20,2012-09-30,10.22,$0.00,0.0,$8.74,1.17,$-0.04,0.0,$-0.32,0.0,$0.17B,$0.03B,5.44,$0.00B,$0.19B,0.0,$0.27B,$0.12B,45.76%,$0.27B,$-0.02B,-5.54%,$0.27B,$-0.02B,-5.54%,$0.27B,$-0.02B,-5.54%,$0.27B,$-0.01B,-3.32%,$0.27B,$-0.01B,-3.32%,$-0.01B,$0.19B,-4.69%,$-0.01B,$0.18B,-4.94%,$-0.01B,$0.22B,-3.95%,$-0.02B,$0.19B,-7.81%,$69,$38,$31,$0,$33,$71,$-2,$1,$-1,$-0,$-1,$-1,$-1,$-2,$-2,$30,30,$-0.04,$-0.04,$117,$22,$16,$173,$0,$7,$10,$2,$19,$220,$32,$0,$0,$1,$33,$1,$7,$0,$187,$220,$0,$0,$0,$0,$0,$0,$0,$0,$0,$0,$0,$0,$0,$0,$0,$0,$0,$0,$0,$0,$0,$0,$0,$0,$0,$0,$0,$0,$0
21,2012-06-30,11.38,$0.00,0.0,$10.03,1.13,$-0.04,0.0,$-0.23,0.0,$0.17B,$0.03B,6.86,$0.00B,$0.19B,0.0,$0.31B,$0.14B,44.52%,$0.31B,$-0.01B,-3.87%,$0.31B,$-0.01B,-3.87%,$0.31B,$-0.01B,-3.87%,$0.31B,$-0.01B,-1.94%,$0.31B,$-0.01B,-2.26%,$-0.01B,$0.19B,-3.60%,$-0.01B,$0.18B,-3.79%,$-0.01B,$0.21B,-3.02%,$-0.01B,$0.19B,-6.17%,$46,$23,$23,$0,$31,$53,$-7,$3,$-4,$1,$-5,$-5,$-5,$-7,$-7,$30,30,$-0.17,$-0.17,$110,$26,$18,$168,$0,$7,$10,$1,$18,$214,$25,$0,$0,$1,$25,$1,$1,$0,$189,$214,$0,$0,$0,$0,$0,$0,$0,$0,$0,$0,$0,$0,$0,$0,$0,$0,$0,$0,$0,$0,$0,$0,$0,$0,$0,$0,$0,$0,$0
22,2012-03-31,16.5,$0.00,0.0,$11.26,1.47,$-0.04,0.0,$0.07,235.78,$0.18B,$0.04B,5.15,$0.00B,$0.20B,0.0,$0.35B,$0.15B,43.23%,$0.35B,$-0.01B,-1.44%,$0.35B,$-0.01B,-1.44%,$0.35B,$-0.01B,-1.44%,$0.35B,$0.00B,0.86%,$0.35B,$0.00B,0.58%,$0.00B,$0.20B,1.02%,$0.00B,$0.19B,1.08%,$0.00B,$0.23B,0.85%,$-0.01B,$0.20B,-2.56%,$68,$37,$31,$0,$35,$72,$-4,$1,$-3,$-1,$-2,$-2,$-2,$-4,$-4,$30,30,$-0.08,$-0.08,$123,$24,$21,$184,$0,$7,$10,$1,$18,$231,$36,$0,$0,$1,$37,$1,$8,$0,$195,$231,$0,$0,$0,$0,$0,$0,$0,$0,$0,$0,$0,$0,$0,$0,$0,$0,$0,$0,$0,$0,$0,$0,$0,$0,$0,$0,$0,$0,$0
23,2011-12-31,15.74,$0.00,0.0,$11.84,1.33,$-0.04,0.0,$0.18,87.43,$0.20B,$0.05B,4.12,$0.00B,$0.20B,0.0,$0.36B,$0.16B,42.98%,$0.36B,$0.00B,0.28%,$0.36B,$0.00B,0.28%,$0.36B,$0.00B,0.28%,$0.36B,$0.01B,2.20%,$0.36B,$0.01B,1.38%,$0.01B,$0.20B,2.59%,$0.01B,$0.19B,2.73%,$0.01B,$0.25B,2.15%,$0.00B,$0.20B,0.52%,$88,$49,$39,$0,$41,$89,$-2,$1,$-1,$0,$-1,$-1,$-1,$-2,$-2,$34,34,$-0.03,$-0.03,$123,$33,$25,$197,$0,$7,$10,$1,$19,$246,$48,$0,$0,$1,$49,$1,$16,$0,$197,$246,$5,$5,$0,$5,$0,$0,$0,$0,$1,$11,$-12,$0,$-1,$0,$0,$15,$0,$2,$0,$0,$0,$0,$1,$-0,$0,$1,$20,$0,$0
24,2011-09-30,19.47,$0.00,0.0,$11.61,1.68,$-0.14,0.0,$-0.08,0.0,$0.19B,$0.04B,4.99,$0.00B,$0.20B,0.0,$0.35B,$0.14B,39.88%,$0.35B,$-0.01B,-3.47%,$0.35B,$-0.01B,-3.47%,$0.35B,$-0.01B,-3.47%,$0.35B,$-0.00B,-0.58%,$0.35B,$-0.00B,-0.87%,$-0.00B,$0.20B,-1.58%,$-0.00B,$0.19B,-1.67%,$-0.00B,$0.24B,-1.33%,$-0.01B,$0.20B,-6.33%,$108,$63,$45,$0,$44,$106,$1,$1,$2,$1,$1,$1,$1,$1,$1,$30,30,$0.05,$0.05,$100,$37,$26,$186,$0,$8,$10,$2,$20,$235,$37,$0,$0,$1,$38,$1,$17,$0,$197,$235,$0,$0,$0,$0,$0,$0,$0,$0,$0,$0,$0,$0,$0,$0,$0,$0,$0,$0,$0,$0,$0,$0,$0,$0,$0,$0,$0,$0,$0
25,2011-06-30,21.98,$0.00,0.0,$11.09,1.98,$-0.14,0.0,$-0.02,0.0,$0.18B,$0.04B,5.04,$0.00B,$0.19B,0.0,$0.33B,$0.13B,38.60%,$0.33B,$-0.01B,-3.34%,$0.33B,$-0.01B,-3.34%,$0.33B,$-0.01B,-3.34%,$0.33B,$-0.00B,-0.30%,$0.33B,$-0.00B,-0.30%,$-0.00B,$0.19B,-0.52%,$-0.00B,$0.18B,-0.55%,$-0.00B,$0.23B,-0.44%,$-0.01B,$0.19B,-5.71%,$83,$48,$35,$0,$35,$83,$-0,$5,$5,$1,$4,$4,$4,$-0,$-0,$30,30,$0.13,$0.13,$84,$37,$36,$178,$0,$15,$10,$2,$26,$228,$35,$0,$0,$1,$36,$1,$16,$0,$192,$228,$0,$0,$0,$0,$0,$0,$0,$0,$0,$0,$0,$0,$0,$0,$0,$0,$0,$0,$0,$0,$0,$0,$0,$0,$0,$0,$0,$0,$0
26,2011-03-31,19.01,$0.00,0.0,$10.34,1.84,$-0.14,0.0,$-0.21,0.0,$0.17B,$0.03B,4.93,$0.00B,$0.19B,0.0,$0.31B,$0.12B,38.44%,$0.31B,$-0.01B,-4.56%,$0.31B,$-0.01B,-4.56%,$0.31B,$-0.01B,-4.56%,$0.31B,$-0.01B,-2.61%,$0.31B,$-0.01B,-2.28%,$-0.01B,$0.19B,-3.57%,$-0.01B,$0.18B,-3.76%,$-0.01B,$0.22B,-3.03%,$-0.01B,$0.19B,-7.14%,$84,$47,$37,$0,$35,$82,$2,$0,$2,$1,$1,$1,$1,$2,$2,$29,29,$0.03,$0.03,$92,$30,$24,$170,$0,$16,$10,$2,$28,$221,$34,$0,$0,$1,$35,$1,$12,$0,$185,$221,$0,$0,$0,$0,$0,$0,$0,$0,$0,$0,$0,$0,$0,$0,$0,$0,$0,$0,$0,$0,$0,$0,$0,$0,$0,$0,$0,$0,$0
27,2010-12-31,16.27,$0.00,0.0,$9.91,1.64,$-0.14,0.0,$-0.21,0.0,$0.17B,$0.03B,5.53,$0.00B,$0.18B,0.0,$0.29B,$0.11B,38.23%,$0.29B,$-0.02B,-5.80%,$0.29B,$-0.02B,-5.80%,$0.29B,$-0.02B,-5.80%,$0.29B,$-0.01B,-3.07%,$0.29B,$-0.01B,-2.39%,$-0.01B,$0.18B,-3.48%,$-0.01B,$0.17B,-3.67%,$-0.01B,$0.22B,-2.97%,$-0.02B,$0.18B,-8.45%,$71,$50,$21,$0,$36,$86,$-15,$4,$-11,$-2,$-9,$-10,$-9,$-15,$-15,$30,30,$-0.29,$-0.29,$104,$23,$22,$166,$0,$17,$10,$3,$29,$215,$30,$0,$0,$1,$31,$1,$12,$0,$184,$215,$-6,$4,$0,$4,$0,$0,$0,$0,$10,$2,$-6,$0,$-1,$0,$0,$2,$-2,$-7,$0,$0,$0,$0,$1,$-50,$0,$-49,$-51,$0,$0
28,2010-09-30,14.0,$0.00,0.0,$9.54,1.47,$0.84,16.76,$-0.26,0.0,$0.20B,$0.04B,5.21,$0.00B,$0.21B,0.0,$0.28B,$0.12B,42.55%,$0.28B,$0.00B,1.42%,$0.28B,$0.00B,1.42%,$0.28B,$0.00B,1.42%,$0.28B,$-0.01B,-4.61%,$0.28B,$-0.01B,-2.84%,$-0.01B,$0.21B,-3.87%,$-0.01B,$0.20B,-4.08%,$-0.01B,$0.25B,-3.20%,$0.00B,$0.21B,1.94%,$91,$58,$34,$0,$31,$89,$2,$1,$3,$-0,$3,$3,$3,$2,$2,$30,30,$0.11,$0.11,$125,$34,$21,$202,$0,$17,$10,$3,$30,$251,$39,$0,$1,$2,$41,$1,$21,$0,$210,$251,$0,$0,$0,$0,$0,$0,$0,$0,$0,$0,$0,$0,$0,$0,$0,$0,$0,$0,$0,$0,$0,$0,$0,$0,$0,$0,$0,$0,$0
29,2010-06-30,12.2,$0.00,0.0,$9.56,1.28,$0.84,14.6,$-0.28,0.0,$0.19B,$0.03B,6.4,$0.00B,$0.21B,0.0,$0.28B,$0.13B,44.52%,$0.28B,$0.01B,2.12%,$0.28B,$0.01B,2.12%,$0.28B,$0.01B,2.12%,$0.28B,$-0.01B,-4.24%,$0.28B,$-0.01B,-2.83%,$-0.01B,$0.21B,-3.73%,$-0.01B,$0.19B,-4.00%,$-0.01B,$0.24B,-3.04%,$0.01B,$0.21B,2.79%,$61,$35,$26,$0,$29,$64,$-3,$1,$-2,$0,$-2,$-2,$-2,$-3,$-3,$30,30,$-0.06,$-0.06,$115,$33,$21,$189,$0,$17,$10,$3,$30,$236,$30,$0,$1,$2,$32,$1,$18,$0,$205,$236,$0,$0,$0,$0,$0,$0,$0,$0,$0,$0,$0,$0,$0,$0,$0,$0,$0,$0,$0,$0,$0,$0,$0,$0,$0,$0,$0,$0,$0
30,2010-03-31,16.96,$0.00,0.0,$9.21,1.84,$0.84,20.3,$0.17,99.77,$0.19B,$0.03B,5.98,$0.00B,$0.21B,0.0,$0.27B,$0.13B,46.49%,$0.27B,$0.00B,1.48%,$0.27B,$0.00B,1.48%,$0.27B,$0.00B,1.48%,$0.27B,$-0.01B,-5.17%,$0.27B,$0.00B,1.85%,$0.00B,$0.21B,2.24%,$0.00B,$0.20B,2.44%,$0.00B,$0.24B,1.82%,$0.00B,$0.21B,1.79%,$70,$39,$31,$0,$31,$71,$-1,$2,$1,$0,$1,$1,$1,$-1,$-1,$29,29,$0.03,$0.03,$120,$28,$23,$194,$0,$18,$10,$2,$30,$240,$32,$0,$1,$2,$34,$1,$19,$0,$206,$240,$0,$0,$0,$0,$0,$0,$0,$0,$0,$0,$0,$0,$0,$0,$0,$0,$0,$0,$0,$0,$0,$0,$0,$0,$0,$0,$0,$0,$0
31,2009-12-31,16.08,$0.00,0.0,$9.90,1.62,$0.84,19.24,$0.42,38.28,$0.23B,$0.07B,3.43,$0.00B,$0.21B,0.0,$0.29B,$0.14B,48.29%,$0.29B,$0.01B,4.11%,$0.29B,$0.01B,4.11%,$0.29B,$0.01B,4.11%,$0.29B,$-0.01B,-1.71%,$0.29B,$0.01B,4.11%,$0.01B,$0.21B,5.27%,$0.01B,$0.20B,5.86%,$0.01B,$0.27B,4.11%,$0.01B,$0.21B,5.27%,$60,$31,$29,$0,$23,$54,$6,$-17,$-15,$-4,$-11,$-10,$-10,$6,$6,$30,30,$-0.34,$-0.34,$164,$26,$21,$230,$0,$17,$11,$2,$29,$274,$67,$0,$1,$2,$69,$1,$19,$0,$205,$274,$12,$6,$0,$6,$0,$0,$0,$0,$16,$28,$-3,$0,$-24,$0,$0,$5,$-2,$-24,$0,$0,$0,$0,$-2,$0,$-6,$-8,$-5,$0,$0
32,2009-09-30,11.48,$0.00,0.0,$10.05,1.14,$0.63,18.17,$0.43,26.7,$0.25B,$0.05B,4.55,$0.00B,$0.24B,0.0,$0.29B,$0.14B,47.28%,$0.29B,$-0.01B,-2.38%,$0.29B,$-0.01B,-2.38%,$0.29B,$-0.01B,-2.38%,$0.29B,0,0.00%,$0.29B,$0.01B,4.42%,$0.01B,$0.24B,5.64%,$0.01B,$0.22B,6.36%,$0.01B,$0.30B,4.34%,$-0.01B,$0.24B,-3.04%,$92,$52,$40,$0,$36,$88,$4,$-0,$4,$1,$3,$3,$3,$4,$4,$30,30,$0.09,$0.09,$173,$27,$22,$246,$0,$15,$27,$1,$43,$302,$54,$0,$1,$5,$59,$1,$33,$0,$243,$302,$0,$0,$0,$0,$0,$0,$0,$0,$0,$0,$0,$0,$0,$0,$0,$0,$0,$0,$0,$0,$0,$0,$0,$0,$0,$0,$0,$0,$0
33,2009-06-30,11.57,$0.00,0.0,$9.61,1.2,$0.63,18.31,$-0.04,0.0,$0.23B,$0.04B,6.02,$0.00B,$0.24B,0.0,$0.28B,$0.14B,49.64%,$0.28B,$-0.01B,-3.60%,$0.28B,$-0.01B,-3.60%,$0.28B,$-0.01B,-3.60%,$0.28B,$-0.01B,-4.68%,$0.28B,$-0.00B,-0.36%,$-0.00B,$0.24B,-0.44%,$-0.00B,$0.21B,-0.49%,$-0.00B,$0.28B,-0.34%,$-0.01B,$0.24B,-4.43%,$49,$23,$26,$0,$30,$54,$-5,$0,$-4,$-1,$-3,$-3,$11,$-5,$-5,$29,29,$0.39,$0.39,$145,$25,$41,$229,$0,$12,$27,$1,$40,$283,$38,$0,$1,$6,$44,$1,$30,$0,$239,$283,$0,$0,$0,$0,$0,$0,$0,$0,$0,$0,$0,$0,$0,$0,$0,$0,$0,$0,$0,$0,$0,$0,$0,$0,$0,$0,$0,$0,$0
34,2009-03-31,10.13,$0.00,0.0,$9.58,1.06,$0.63,16.03,$-0.70,0.0,$0.26B,$0.07B,3.95,$0.00B,$0.22B,0.0,$0.28B,$0.14B,49.64%,$0.28B,$-0.01B,-5.07%,$0.28B,$-0.01B,-5.07%,$0.28B,$-0.01B,-5.07%,$0.28B,$-0.02B,-5.43%,$0.28B,$-0.02B,-7.25%,$-0.02B,$0.22B,-8.94%,$-0.02B,$0.20B,-9.65%,$-0.02B,$0.31B,-6.85%,$-0.01B,$0.22B,-6.26%,$91,$45,$46,$0,$39,$84,$7,$4,$10,$1,$9,$8,$8,$7,$7,$29,29,$0.29,$0.28,$180,$20,$24,$257,$0,$7,$28,$1,$35,$308,$65,$0,$1,$19,$84,$1,$18,$0,$224,$308,$0,$0,$0,$0,$0,$0,$0,$0,$0,$0,$0,$0,$0,$0,$0,$0,$0,$0,$0,$0,$0,$0,$0,$0,$0,$0,$0,$0,$0
35,2008-12-31,11.0,$0.00,0.0,$8.66,1.27,$0.63,17.42,$-0.90,0.0,$0.26B,$0.06B,4.32,$0.00B,$0.22B,0.0,$0.25B,$0.13B,51.39%,$0.25B,$-0.02B,-7.57%,$0.25B,$-0.02B,-7.57%,$0.25B,$-0.02B,-7.57%,$0.25B,$-0.02B,-7.97%,$0.25B,$-0.03B,-10.36%,$-0.03B,$0.22B,-11.44%,$-0.03B,$0.19B,-12.12%,$-0.03B,$0.30B,-9.05%,$-0.02B,$0.22B,-8.36%,$62,$35,$27,$0,$40,$75,$-13,$3,$-10,$-1,$-9,$-9,$-9,$-13,$-13,$29,29,$-0.33,$-0.33,$169,$30,$33,$260,$0,$6,$21,$1,$29,$304,$60,$0,$11,$28,$88,$1,$10,$0,$216,$304,$-26,$2,$0,$2,$0,$0,$0,$0,$23,$21,$-3,$0,$-7,$0,$0,$-1,$-2,$-13,$0,$0,$0,$0,$-16,$0,$0,$-16,$-1,$0,$0
36,2008-09-30,15.46,$0.00,0.0,$8.04,1.92,$0.31,50.47,$-0.55,0.0,$0.24B,$0.04B,5.69,$0.00B,$0.22B,0.0,$0.25B,$0.13B,53.85%,$0.25B,$-0.01B,-4.45%,$0.25B,$-0.01B,-4.45%,$0.25B,$-0.01B,-4.45%,$0.25B,$-0.01B,-3.24%,$0.25B,$-0.02B,-6.48%,$-0.02B,$0.22B,-6.84%,$-0.02B,$0.22B,-7.15%,$-0.02B,$0.28B,-5.65%,$-0.01B,$0.22B,-4.70%,$76,$37,$39,$0,$38,$75,$1,$-10,$-9,$1,$-10,$-11,$-11,$1,$1,$28,28,$-0.38,$-0.38,$169,$21,$29,$244,$0,$17,$4,$1,$22,$280,$43,$0,$0,$13,$56,$1,$24,$0,$224,$280,$0,$0,$0,$0,$0,$0,$0,$0,$0,$0,$0,$0,$0,$0,$0,$0,$0,$0,$0,$0,$0,$0,$0,$0,$0,$0,$0,$0,$0
37,2008-06-30,19.66,$0.00,0.0,$7.50,2.62,$0.31,64.19,$-0.04,0.0,$0.25B,$0.03B,7.61,$0.00B,$0.23B,0.0,$0.24B,$0.13B,53.69%,$0.24B,$-0.01B,-4.92%,$0.24B,$-0.01B,-4.92%,$0.24B,$-0.01B,-4.92%,$0.24B,$0.01B,2.87%,$0.24B,$-0.00B,-0.41%,$-0.00B,$0.23B,-0.42%,$-0.00B,$0.22B,-0.44%,$-0.00B,$0.28B,-0.35%,$-0.01B,$0.23B,-5.01%,$47,$22,$25,$0,$34,$56,$-9,$2,$-6,$-0,$-6,$-8,$-8,$-9,$-9,$29,29,$-0.27,$-0.27,$176,$18,$34,$248,$0,$0,$12,$1,$13,$276,$33,$0,$0,$12,$45,$1,$34,$0,$231,$276,$0,$0,$0,$0,$0,$0,$0,$0,$0,$0,$0,$0,$0,$0,$0,$0,$0,$0,$0,$0,$0,$0,$0,$0,$0,$0,$0,$0,$0
38,2008-03-31,21.38,$0.00,0.0,$7.94,2.69,$0.31,69.81,$0.43,49.73,$0.26B,$0.04B,6.43,$0.00B,$0.24B,0.0,$0.26B,$0.14B,53.46%,$0.26B,$-0.00B,-0.38%,$0.26B,$-0.00B,-0.38%,$0.26B,$-0.00B,-0.38%,$0.26B,$0.02B,7.69%,$0.26B,$0.01B,5.00%,$0.01B,$0.24B,5.38%,$0.01B,$0.23B,5.68%,$0.01B,$0.29B,4.59%,$-0.00B,$0.24B,-0.41%,$66,$28,$38,$0,$36,$64,$2,$2,$5,$1,$3,$2,$2,$2,$2,$30,30,$0.08,$0.08,$177,$17,$33,$262,$0,$0,$12,$1,$13,$289,$41,$0,$0,$11,$51,$1,$42,$0,$238,$289,$0,$0,$0,$0,$0,$0,$0,$0,$0,$0,$0,$0,$0,$0,$0,$0,$0,$0,$0,$0,$0,$0,$0,$0,$0,$0,$0,$0,$0
