,Date,Stock Price,Book Value per Share,Price to Book Ratio,TTM Sales per Share,Price to Sales Ratio,TTM FCF per Share,Price to FCF Ratio,TTM Net EPS,PE Ratio,Current Assets,Current Liabilities,Current Ratio,Long Term Debt,Shareholder's Equity_x,Debt to Equity Ratio,TTM Revenue_x,TTM Gross Profit,Gross Margin,TTM Revenue_y,TTM Operating Income,Operating Margin,TTM Revenue_x,TTM EBIT,EBIT Margin,TTM Revenue_y,TTM EBITDA,EBITDA Margin,TTM Revenue_x,TTM Pre-Tax Income,Pre-Tax Margin,TTM Revenue_y,TTM Net Income_x,Net Margin,TTM Net Income_y,Shareholder's Equity_y,Return on Equity,TTM Net Income_x,Tangible Equity,Return on Tangible Equity,TTM Net Income_y,Total Assets,Return on Assets,TTM Net Income,LT Investments & Debt,Return on Investment,revenue,cost-goods-sold,gross-profit,research-development-expenses,selling-general-administrative-expenses,operating-expenses,operating-income,total-non-operating-income-expense,pre-tax-income,total-provision-income-taxes,income-after-taxes,income-from-continuous-operations,net-income,ebitda,ebit,basic-shares-outstanding,shares-outstanding,eps-basic-net-earnings-per-share,eps-earnings-per-share-diluted,cash-on-hand,inventory,other-current-assets,total-current-assets,net-property-plant-equipment,long-term-investments,goodwill-intangible-assets-total,other-long-term-assets,total-long-term-assets,total-assets,total-current-liabilities,long-term-debt,other-non-current-liabilities,total-long-term-liabilities,total-liabilities,common-stock-net,retained-earnings-accumulated-deficit,comprehensive-income,total-share-holder-equity,total-liabilities-share-holders-equity,net-income-loss,total-depreciation-amortization-cash-flow,other-non-cash-items,total-non-cash-items,change-in-accounts-receivable,change-in-inventories,change-in-accounts-payable,change-in-assets-liabilities,total-change-in-assets-liabilities,cash-flow-from-operating-activities,net-change-in-property-plant-equipment,net-change-in-intangible-assets,net-acquisitions-divestitures,net-change-in-short-term-investments,net-change-in-long-term-investments,net-change-in-investments-total,investing-activities-other,cash-flow-from-investing-activities,net-long-term-debt,net-current-debt,debt-issuance-retirement-net-total,net-common-equity-issued-repurchased,net-total-equity-issued-repurchased,total-common-preferred-stock-dividends-paid,financial-activities-other,cash-flow-from-financial-activities,net-cash-flow,stock-based-compensation,common-stock-dividends-paid
0,2018-09-30,83.19,$13.97,5.95,$9.31,8.94,$4.85,17.14,$0.74,112.42,$4.97B,$2.38B,2.09,$2.67B,$10.66B,0.25,$7.16B,$4.67B,65.25%,$7.16B,$1.51B,21.15%,$7.16B,$1.51B,21.15%,$7.16B,$2.48B,34.68%,$7.16B,$1.37B,19.16%,$7.16B,$0.58B,8.07%,$0.58B,$10.66B,5.74%,$0.58B,$0.07B,-89.06%,$0.58B,$16.71B,3.22%,$1.51B,$13.33B,10.79%,$1512,$513,$999,$263,$471,$1247,$265,$-53,$212,$-48,$260,$260,$260,$416,$265,$763,771,$0.34,$0.34,$3308,$174,$501,$4972,$281,$0,$10589,$454,$11741,$16713,$2382,$2670,$991,$3672,$6054,$0,$5907,$-613,$10659,$16713,$1162,$628,$394,$1022,$290,$-127,$-14,$-1030,$-1393,$791,$-97,$0,$0,$0,$-59,$-59,$-4,$-160,$-1740,$0,$-1740,$91,$91,$-259,$-112,$-2020,$-1404,$164,$-259
1,2018-06-30,76.32,$13.57,5.62,$9.46,8.07,$5.22,14.63,$0.65,117.42,$6.13B,$2.06B,2.98,$4.39B,$10.35B,0.43,$7.27B,$4.74B,65.22%,$7.27B,$1.51B,20.73%,$7.27B,$1.51B,20.73%,$7.27B,$2.57B,35.34%,$7.27B,$1.38B,18.99%,$7.27B,$0.51B,6.96%,$0.51B,$10.35B,5.11%,$0.51B,$-0.33B,-53.90%,$0.51B,$17.96B,2.78%,$1.51B,$14.74B,10.54%,$1641,$510,$1131,$255,$442,$1207,$434,$-26,$408,$6,$402,$402,$402,$606,$434,$761,770,$0.53,$0.52,$4857,$36,$503,$6134,$281,$0,$10673,$415,$11824,$17958,$2060,$4394,$1145,$5552,$7612,$0,$5647,$-605,$10346,$17958,$902,$477,$210,$687,$511,$8,$-157,$-1061,$-1051,$538,$-61,$0,$0,$0,$-59,$-59,$-4,$-124,$0,$0,$0,$77,$77,$-259,$-68,$-250,$145,$110,$-259
2,2018-03-31,67.46,$12.91,5.23,$9.46,7.13,$5.42,12.46,$0.45,149.91,$6.41B,$2.93B,2.19,$4.39B,$9.82B,0.45,$7.26B,$4.68B,64.47%,$7.26B,$1.41B,19.45%,$7.26B,$1.41B,19.45%,$7.26B,$2.63B,36.19%,$7.26B,$1.27B,17.43%,$7.26B,$0.35B,4.78%,$0.35B,$9.82B,3.56%,$0.35B,$-0.93B,-28.01%,$0.35B,$18.40B,1.94%,$1.41B,$14.21B,9.99%,$1965,$662,$1303,$259,$449,$1370,$595,$-28,$567,$67,$500,$500,$500,$900,$595,$759,770,$0.66,$0.65,$5217,$42,$422,$6410,$286,$0,$10751,$458,$11987,$18397,$2927,$4392,$1243,$5651,$8578,$0,$5245,$-649,$9819,$18397,$500,$305,$93,$398,$503,$4,$-160,$-629,$-369,$529,$-31,$0,$0,$0,$-20,$-20,$0,$-51,$0,$0,$0,$47,$47,$0,$-39,$8,$504,$54,$0
3,2017-12-31,63.0,$12.49,5.04,$9.18,6.86,$5.28,11.93,$0.36,174.99,$6.52B,$3.66B,1.78,$4.39B,$9.46B,0.46,$7.02B,$4.52B,64.36%,$7.02B,$1.31B,18.65%,$7.02B,$1.31B,18.65%,$7.02B,$2.53B,36.08%,$7.02B,$1.15B,16.40%,$7.02B,$0.27B,3.89%,$0.27B,$9.46B,2.83%,$0.27B,$-1.41B,-18.13%,$0.27B,$18.67B,1.56%,$1.31B,$13.85B,9.33%,$2042,$803,$1239,$319,$700,$1822,$220,$-35,$185,$769,$-584,$-584,$-584,$561,$220,$754,766,$-0.78,$-0.77,$4713,$46,$476,$6520,$294,$0,$10869,$440,$12148,$18668,$3663,$4390,$1132,$5543,$9206,$0,$4916,$-638,$9462,$18668,$273,$1223,$56,$1279,$-165,$-26,$85,$-178,$661,$2213,$-155,$0,$0,$0,$-55,$-55,$13,$-197,$-510,$0,$-510,$178,$178,$-226,$-66,$-624,$1468,$176,$-226
4,2017-09-30,64.18,$13.18,4.87,$9.19,6.99,$5.27,12.17,$1.46,43.96,$5.39B,$2.39B,2.25,$4.39B,$9.97B,0.44,$6.99B,$4.52B,64.61%,$6.99B,$1.51B,21.66%,$6.99B,$1.51B,21.66%,$6.99B,$2.74B,39.17%,$6.99B,$1.27B,18.10%,$6.99B,$1.11B,15.82%,$1.11B,$9.97B,11.57%,$1.11B,$-1.09B,-62.11%,$1.11B,$17.72B,6.42%,$1.51B,$14.36B,10.76%,$1618,$552,$1066,$273,$536,$1361,$257,$-37,$220,$32,$188,$188,$188,$501,$257,$755,766,$0.25,$0.25,$3576,$94,$451,$5386,$254,$0,$11056,$469,$12332,$17718,$2389,$4388,$934,$5362,$7751,$0,$5501,$-642,$9967,$17718,$858,$882,$16,$898,$-140,$-50,$78,$-617,$-701,$1055,$-86,$0,$0,$0,$-80,$-80,$3,$-163,$-510,$0,$-510,$150,$150,$-226,$-54,$-640,$324,$118,$-226
5,2017-06-30,57.27,$12.87,4.45,$9.15,6.26,$5.59,10.25,$1.47,38.96,$4.35B,$1.77B,2.47,$4.39B,$9.72B,0.45,$6.94B,$4.49B,64.68%,$6.94B,$1.55B,22.35%,$6.94B,$1.55B,22.35%,$6.94B,$2.84B,40.86%,$6.94B,$1.28B,18.39%,$6.94B,$1.12B,16.10%,$1.12B,$9.72B,12.05%,$1.12B,$-1.53B,-49.25%,$1.12B,$16.81B,6.42%,$1.55B,$14.10B,11.15%,$1631,$561,$1070,$252,$479,$1292,$339,$-46,$293,$50,$243,$243,$243,$664,$339,$754,764,$0.32,$0.32,$3278,$51,$314,$4352,$246,$0,$11242,$466,$12456,$16808,$1765,$4387,$903,$5328,$7093,$0,$5312,$-640,$9715,$16808,$669,$638,$-9,$629,$385,$-6,$-68,$-906,$-622,$676,$-52,$0,$0,$0,$0,$0,$4,$-48,$-510,$0,$-510,$130,$130,$-226,$-46,$-652,$26,$71,$-226
6,2017-03-31,49.6,$12.52,3.96,$9.10,5.45,$5.79,8.56,$1.32,37.58,$4.36B,$2.24B,1.95,$4.39B,$9.44B,0.47,$6.88B,$4.39B,63.83%,$6.88B,$1.44B,20.99%,$6.88B,$1.44B,20.99%,$6.88B,$2.72B,39.57%,$6.88B,$1.15B,16.72%,$6.88B,$1.03B,14.90%,$1.03B,$9.44B,11.41%,$1.03B,$-2.00B,-37.12%,$1.03B,$16.92B,5.91%,$1.44B,$13.83B,10.49%,$1726,$585,$1141,$225,$423,$1233,$493,$-40,$453,$27,$426,$426,$426,$806,$493,$749,761,$0.57,$0.56,$3248,$48,$346,$4356,$245,$0,$11436,$439,$12565,$16921,$2239,$4393,$812,$5246,$7485,$0,$5069,$-625,$9436,$16921,$426,$313,$-25,$288,$396,$2,$-76,$-564,$-303,$411,$-21,$0,$0,$0,$0,$0,$-6,$-27,$-500,$0,$-500,$109,$109,$0,$-13,$-404,$-1,$33,$0
7,2016-12-31,35.71,$12.23,2.92,$8.77,4.07,$5.70,6.27,$1.21,29.51,$4.83B,$2.66B,1.82,$4.89B,$9.12B,0.54,$6.61B,$4.21B,63.77%,$6.61B,$1.41B,21.37%,$6.61B,$1.41B,21.37%,$6.61B,$2.61B,39.53%,$6.61B,$1.11B,16.74%,$6.61B,$0.96B,14.56%,$0.96B,$9.12B,11.05%,$0.96B,$-2.51B,-29.71%,$0.96B,$17.45B,5.52%,$1.41B,$14.01B,10.20%,$2015,$776,$1239,$285,$529,$1590,$425,$-126,$299,$46,$253,$253,$249,$767,$425,$740,754,$0.34,$0.34,$3245,$49,$392,$4830,$258,$0,$11626,$401,$12622,$17452,$2656,$4887,$746,$5677,$8333,$0,$4869,$-629,$9119,$17452,$966,$1200,$247,$1447,$84,$32,$-50,$-407,$-258,$2155,$-136,$0,$-4588,$0,$0,$0,$3547,$-1177,$774,$0,$774,$106,$106,$-195,$-185,$500,$1422,$147,$-195
8,2016-09-30,43.81,$11.87,3.69,$7.93,5.52,$4.57,9.58,$1.09,40.19,$5.33B,$3.70B,1.44,$4.88B,$8.82B,0.55,$5.95B,$3.79B,63.73%,$5.95B,$1.24B,20.79%,$5.95B,$1.24B,20.79%,$5.95B,$2.22B,37.38%,$5.95B,$1.01B,16.97%,$5.95B,$0.86B,14.52%,$0.86B,$8.82B,10.22%,$0.86B,$-3.04B,-34.68%,$0.86B,$18.38B,5.11%,$1.24B,$13.70B,9.24%,$1568,$529,$1039,$249,$496,$1274,$294,$-63,$231,$32,$199,$199,$199,$599,$294,$742,756,$0.27,$0.26,$4029,$131,$314,$5334,$258,$0,$11857,$382,$13046,$18380,$3701,$4881,$937,$5861,$9562,$0,$4616,$-653,$8818,$18380,$713,$858,$-64,$794,$395,$-32,$-76,$-606,$-211,$1296,$-99,$0,$-4588,$0,$0,$0,$3537,$-1150,$2274,$0,$2274,$86,$86,$-195,$-82,$2083,$2206,$107,$-195
9,2016-06-30,39.19,$11.54,3.4,$7.20,5.45,$3.13,12.54,$1.00,39.19,$3.42B,$2.19B,1.56,$4.98B,$8.55B,0.58,$5.37B,$3.40B,63.41%,$5.37B,$1.14B,21.20%,$5.37B,$1.14B,21.20%,$5.37B,$1.92B,35.83%,$5.37B,$0.92B,17.20%,$5.37B,$0.79B,14.70%,$0.79B,$8.55B,9.58%,$0.79B,$-3.50B,-48.81%,$0.79B,$16.61B,4.97%,$1.14B,$13.53B,8.78%,$1570,$598,$972,$249,$491,$1338,$232,$-65,$167,$16,$151,$151,$151,$550,$232,$739,753,$0.20,$0.20,$2271,$94,$306,$3420,$260,$0,$12052,$320,$13187,$16607,$2191,$4977,$835,$5862,$8053,$0,$4366,$-649,$8554,$16607,$514,$553,$-21,$532,$377,$13,$-112,$-546,$-206,$840,$-71,$0,$-4588,$0,$0,$0,$3546,$-1113,$954,$0,$954,$60,$60,$-195,$-73,$746,$448,$75,$-195
10,2016-03-31,33.46,$11.31,2.96,$6.53,5.12,$2.51,13.36,$1.12,29.88,$4.01B,$2.32B,1.73,$5.78B,$8.35B,0.69,$4.84B,$3.18B,65.65%,$4.84B,$1.24B,25.57%,$4.84B,$1.24B,25.57%,$4.84B,$1.81B,37.39%,$4.84B,$1.04B,21.44%,$4.84B,$0.85B,17.56%,$0.85B,$8.35B,10.56%,$0.85B,$-3.91B,-125.46%,$0.85B,$17.30B,5.59%,$1.24B,$14.13B,9.86%,$1455,$491,$964,$175,$328,$994,$461,$-52,$409,$46,$363,$363,$363,$696,$461,$735,749,$0.49,$0.48,$2872,$103,$354,$4008,$246,$0,$12256,$316,$13294,$17302,$2322,$5777,$798,$6632,$8954,$0,$4239,$-643,$8348,$17302,$363,$235,$-18,$217,$459,$14,$-184,$-529,$-243,$337,$-27,$0,$-4588,$0,$0,$0,$3547,$-1068,$1770,$0,$1770,$24,$24,$0,$-15,$1779,$1049,$34,$0
11,2015-12-31,37.97,$10.98,3.46,$6.34,5.99,$2.35,16.17,$1.20,31.64,$3.39B,$2.61B,1.3,$4.07B,$8.07B,0.51,$4.66B,$3.08B,66.02%,$4.66B,$1.32B,28.28%,$4.66B,$1.32B,28.28%,$4.66B,$1.82B,39.02%,$4.66B,$1.12B,24.04%,$4.66B,$0.88B,18.89%,$0.88B,$8.07B,11.33%,$0.88B,$0.49B,403.67%,$0.88B,$15.25B,6.15%,$1.32B,$12.14B,11.13%,$1352,$538,$814,$193,$372,$1103,$249,$-47,$202,$43,$159,$159,$150,$377,$249,$728,739,$0.21,$0.20,$1823,$128,$421,$3387,$189,$0,$7577,$3738,$11859,$15246,$2611,$4074,$483,$4567,$7178,$0,$4096,$-633,$8068,$15246,$892,$501,$108,$609,$-40,$-54,$-25,$-356,$-242,$1259,$-111,$0,$-46,$0,$0,$0,$-3559,$-3716,$-250,$0,$-250,$106,$106,$-170,$112,$-202,$-3025,$92,$-170
12,2015-09-30,30.3,$10.93,2.77,$6.68,4.54,$2.48,12.21,$1.48,20.47,$6.31B,$1.61B,3.92,$4.08B,$7.99B,0.51,$4.89B,$3.21B,65.68%,$4.89B,$1.51B,30.86%,$4.89B,$1.51B,30.86%,$4.89B,$2.04B,41.69%,$4.89B,$1.31B,26.75%,$4.89B,$1.08B,22.06%,$1.08B,$7.99B,14.25%,$1.08B,$0.45B,8800.00%,$1.08B,$14.30B,7.60%,$1.51B,$12.07B,12.88%,$990,$337,$653,$159,$298,$794,$196,$-51,$145,$18,$127,$127,$125,$300,$196,$730,739,$0.17,$0.17,$4519,$238,$334,$6309,$200,$9,$7540,$171,$7993,$14302,$1610,$4078,$515,$4703,$6313,$0,$3937,$-544,$7989,$14302,$733,$373,$65,$438,$142,$-135,$-7,$-924,$-975,$196,$-95,$0,$0,$0,$-129,$-129,$-15,$-239,$-250,$0,$-250,$82,$82,$-170,$166,$-172,$-483,$71,$-170
13,2015-06-30,23.75,$10.70,2.22,$6.39,3.72,$2.35,10.09,$1.28,18.55,$6.05B,$1.55B,3.92,$4.08B,$7.80B,0.52,$4.65B,$3.06B,65.73%,$4.65B,$1.32B,28.39%,$4.65B,$1.32B,28.39%,$4.65B,$1.80B,38.80%,$4.65B,$1.12B,24.07%,$4.65B,$0.93B,20.00%,$0.93B,$7.80B,12.71%,$0.93B,$0.26B,-384.69%,$0.93B,$14.02B,6.61%,$1.32B,$11.88B,11.46%,$1044,$297,$747,$149,$266,$712,$332,$-50,$282,$70,$212,$212,$212,$437,$332,$727,735,$0.29,$0.29,$4521,$117,$528,$6051,$179,$9,$7543,$153,$7964,$14015,$1545,$4077,$466,$4669,$6214,$0,$3810,$-545,$7801,$14015,$606,$269,$52,$321,$445,$-9,$-122,$-908,$-583,$344,$-49,$0,$0,$0,$-100,$-100,$5,$-144,$-250,$0,$-250,$61,$61,$-170,$-1,$-360,$-432,$43,$-170
14,2015-03-31,22.29,$9.97,2.24,$6.30,3.54,$2.20,10.13,$1.27,17.55,$5.86B,$1.90B,3.09,$4.08B,$7.24B,0.56,$4.58B,$2.98B,65.11%,$4.58B,$1.30B,28.37%,$4.58B,$1.30B,28.37%,$4.58B,$1.74B,38.10%,$4.58B,$1.10B,23.98%,$4.58B,$0.92B,20.07%,$0.92B,$7.24B,12.82%,$0.92B,$-0.33B,-227.37%,$0.92B,$13.78B,6.60%,$1.30B,$11.31B,11.37%,$1278,$413,$865,$145,$178,$736,$542,$-50,$492,$98,$394,$394,$394,$706,$542,$723,731,$0.54,$0.53,$4470,$102,$360,$5863,$158,$9,$7563,$138,$7914,$13777,$1899,$4075,$441,$4640,$6539,$0,$3598,$-619,$7238,$13777,$394,$164,$12,$176,$438,$10,$-208,$-536,$-361,$209,$-21,$0,$0,$0,$0,$0,$5,$-16,$-250,$0,$-250,$27,$27,$0,$11,$-212,$-383,$23,$0
15,2014-12-31,19.57,$10.02,1.95,$6.10,3.21,$2.08,9.4,$1.14,17.16,$6.54B,$2.71B,2.41,$4.32B,$7.23B,0.6,$4.41B,$2.88B,65.40%,$4.41B,$1.18B,26.84%,$4.41B,$1.18B,26.84%,$4.41B,$1.54B,34.85%,$4.41B,$0.98B,22.25%,$4.41B,$0.82B,18.53%,$0.82B,$7.23B,11.54%,$0.82B,$-0.33B,-169.41%,$0.82B,$14.64B,5.90%,$1.18B,$11.56B,10.38%,$1574,$630,$944,$185,$321,$1136,$438,$-50,$388,$27,$361,$361,$347,$594,$438,$716,726,$0.49,$0.48,$4858,$123,$449,$6541,$157,$9,$7566,$85,$8101,$14642,$2714,$4324,$361,$4695,$7409,$0,$3374,$-303,$7233,$14642,$835,$353,$100,$453,$-177,$-2,$-12,$144,$43,$1331,$-107,$0,$0,$0,$21,$21,$2,$-84,$-375,$0,$-375,$175,$175,$-147,$-66,$-413,$438,$104,$-147
16,2014-09-30,20.19,$9.73,2.08,$5.40,3.74,$1.55,13.06,$0.87,23.2,$5.96B,$2.11B,2.82,$4.32B,$6.99B,0.62,$4.35B,$2.80B,64.38%,$4.35B,$1.03B,23.67%,$4.35B,$1.03B,23.67%,$4.35B,$1.26B,28.93%,$4.35B,$0.83B,19.00%,$4.35B,$0.63B,14.41%,$0.63B,$6.99B,9.05%,$0.63B,$-0.57B,-98.66%,$0.63B,$13.86B,4.58%,$1.03B,$11.31B,9.09%,$753,$253,$500,$131,$361,$745,$8,$-51,$-43,$-20,$-23,$-23,$-23,$67,$8,$718,718,$-0.03,$-0.03,$3828,$222,$379,$5957,$162,$9,$7559,$90,$7898,$13855,$2112,$4322,$347,$4751,$6863,$0,$3013,$-157,$6992,$13855,$474,$197,$21,$218,$-193,$-90,$-83,$-248,$-595,$97,$-90,$0,$0,$0,$21,$21,$-11,$-80,$-375,$0,$-375,$160,$160,$-147,$-12,$-374,$-605,$45,$-147
17,2014-06-30,21.65,$10.01,2.16,$4.96,4.37,$1.82,11.88,$0.95,22.79,$5.47B,$1.44B,3.79,$4.32B,$7.17B,0.6,$4.29B,$2.82B,65.69%,$4.29B,$1.09B,25.45%,$4.29B,$1.09B,25.45%,$4.29B,$1.37B,32.00%,$4.29B,$0.94B,21.82%,$4.29B,$0.71B,16.46%,$0.71B,$7.17B,8.60%,$0.71B,$-0.39B,109.67%,$0.71B,$13.36B,4.96%,$1.09B,$11.49B,9.03%,$970,$300,$670,$112,$248,$660,$310,$-50,$260,$56,$204,$204,$200,$376,$310,$716,725,$0.28,$0.28,$4204,$151,$262,$5474,$162,$9,$7561,$86,$7886,$13360,$1443,$4321,$343,$4746,$6189,$0,$3036,$44,$7171,$13360,$497,$138,$28,$166,$402,$1,$-190,$-601,$-421,$242,$-62,$0,$0,$0,$21,$21,$7,$-34,$-375,$0,$-375,$137,$137,$-147,$-11,$-396,$-211,$52,$-147
18,2014-03-31,19.85,$9.69,2.05,$4.55,4.36,$1.93,10.29,$0.95,20.89,$5.69B,$1.89B,3.01,$4.32B,$6.92B,0.62,$4.37B,$2.91B,66.66%,$4.37B,$1.21B,27.73%,$4.37B,$1.21B,27.73%,$4.37B,$1.49B,34.16%,$4.37B,$1.11B,25.31%,$4.37B,$0.82B,18.86%,$0.82B,$6.92B,8.76%,$0.82B,$-0.64B,45.13%,$0.82B,$13.53B,5.78%,$1.21B,$11.24B,9.93%,$1111,$342,$769,$143,$199,$684,$427,$-51,$376,$83,$293,$293,$293,$499,$427,$709,720,$0.40,$0.40,$4287,$158,$333,$5694,$152,$9,$7563,$66,$7834,$13528,$1893,$4320,$305,$4711,$6604,$0,$2832,$63,$6924,$13528,$293,$72,$27,$99,$290,$5,$-189,$-258,$-256,$136,$-37,$0,$0,$21,$0,$21,$4,$-12,$-375,$0,$-375,$119,$119,$0,$4,$-252,$-131,$29,$0
19,2013-12-31,17.15,$9.41,1.82,$4.19,4.09,$2.07,8.3,$0.95,18.05,$6.24B,$2.41B,2.6,$4.67B,$6.62B,0.71,$4.58B,$3.05B,66.59%,$4.58B,$1.37B,29.94%,$4.58B,$1.37B,29.94%,$4.58B,$1.69B,36.83%,$4.58B,$1.32B,28.78%,$4.58B,$0.99B,21.54%,$0.99B,$6.62B,9.35%,$0.99B,$-0.95B,33.27%,$0.99B,$14.01B,6.90%,$1.37B,$11.29B,11.17%,$1518,$655,$863,$196,$382,$1233,$285,$-51,$234,$60,$174,$174,$157,$317,$285,$1024,1035,$0.23,$0.22,$4443,$171,$429,$6241,$138,$9,$7568,$35,$7771,$14012,$2405,$4668,$251,$4985,$7390,$0,$2686,$68,$6622,$14012,$1010,$316,$273,$589,$198,$6,$7,$-610,$-335,$1264,$-74,$0,$0,$0,$376,$376,$6,$308,$4744,$0,$4744,$-5672,$-5672,$-216,$-79,$-1223,$451,$108,$-216
20,2013-09-30,16.05,$17.48,0.92,$4.30,3.73,$2.05,7.81,$1.04,15.43,$8.25B,$1.43B,5.76,$2.21B,$12.14B,0.18,$4.83B,$3.27B,67.72%,$4.83B,$1.57B,32.51%,$4.83B,$1.57B,32.51%,$4.83B,$1.99B,41.20%,$4.83B,$1.57B,32.53%,$4.83B,$1.18B,24.33%,$1.18B,$12.14B,10.02%,$1.18B,$4.55B,28.52%,$1.18B,$16.06B,8.20%,$1.57B,$14.35B,12.79%,$691,$175,$516,$140,$306,$621,$70,$-4,$66,$10,$56,$56,$56,$181,$70,$1122,1134,$0.05,$0.05,$6821,$313,$224,$8251,$139,$9,$7589,$18,$7809,$16060,$1433,$2211,$206,$2488,$3921,$0,$2513,$18,$12139,$16060,$837,$284,$202,$486,$498,$-116,$-56,$-1121,$-939,$384,$-58,$0,$0,$-26,$355,$329,$-80,$191,$0,$0,$0,$92,$92,$-216,$-5,$-129,$485,$0,$-216
21,2013-06-30,13.72,$10.67,1.29,$4.45,3.08,$2.06,6.67,$1.19,11.53,$5.63B,$1.19B,4.72,$0.00B,$11.94B,0.0,$4.98B,$3.36B,67.45%,$4.98B,$1.73B,34.68%,$4.98B,$1.73B,34.68%,$4.98B,$2.08B,41.78%,$4.98B,$1.73B,34.80%,$4.98B,$1.34B,26.91%,$1.34B,$11.94B,11.75%,$1.34B,$4.34B,35.28%,$1.34B,$13.41B,9.93%,$1.73B,$11.94B,15.13%,$1050,$285,$765,$123,$212,$620,$430,$0,$430,$106,$324,$324,$318,$496,$430,$1118,1127,$0.28,$0.28,$4546,$131,$196,$5629,$132,$9,$7596,$10,$7782,$13411,$1193,$0,$206,$283,$1476,$0,$2456,$-62,$11935,$13411,$780,$173,$266,$439,$583,$64,$-197,$-982,$-785,$434,$-36,$0,$0,$0,$203,$203,$9,$176,$0,$0,$0,$51,$51,$-216,$-11,$-176,$382,$50,$-216
22,2013-03-31,14.02,$10.33,1.36,$4.48,3.13,$1.90,7.38,$1.07,13.1,$5.80B,$1.90B,3.06,$0.00B,$11.54B,0.0,$5.01B,$3.29B,65.77%,$5.01B,$1.53B,30.45%,$5.01B,$1.53B,30.45%,$5.01B,$1.91B,38.08%,$5.01B,$1.53B,30.61%,$5.01B,$1.20B,24.04%,$1.20B,$11.54B,10.87%,$1.20B,$3.93B,34.92%,$1.20B,$13.73B,9.11%,$1.53B,$11.54B,13.77%,$1324,$416,$908,$125,$196,$737,$587,$2,$589,$133,$456,$456,$456,$694,$587,$1113,1120,$0.40,$0.40,$4618,$159,$237,$5803,$133,$9,$7610,$10,$7922,$13725,$1899,$0,$208,$291,$2190,$0,$2132,$-95,$11535,$13725,$456,$107,$171,$278,$463,$39,$-149,$-491,$-409,$325,$-17,$0,$0,$0,$87,$87,$10,$80,$0,$0,$0,$33,$33,$0,$-10,$23,$340,$27,$0
23,2012-12-31,10.08,$10.18,0.99,$4.34,2.32,$1.75,5.76,$1.00,10.08,$6.27B,$2.65B,2.37,$0.00B,$11.32B,0.0,$4.86B,$3.19B,65.77%,$4.86B,$1.45B,29.88%,$4.86B,$1.45B,29.88%,$4.86B,$1.78B,36.64%,$4.86B,$1.46B,30.02%,$4.86B,$1.13B,23.17%,$1.13B,$11.32B,10.40%,$1.13B,$3.68B,35.39%,$1.13B,$14.20B,8.72%,$1.45B,$11.32B,13.42%,$1768,$684,$1084,$220,$380,$1284,$484,$3,$487,$133,$354,$354,$346,$620,$484,$1112,1118,$0.31,$0.32,$4375,$209,$332,$6274,$141,$8,$7637,$11,$7926,$14200,$2652,$0,$206,$231,$2883,$0,$1893,$-26,$11317,$14200,$1149,$328,$125,$453,$-46,$-75,$-54,$-60,$-257,$1345,$-73,$0,$0,$0,$-49,$-49,$-2,$-124,$0,$0,$0,$-282,$-282,$-204,$-11,$-497,$794,$126,$-204
24,2012-09-30,10.7,$9.79,1.09,$3.98,2.69,$1.38,7.78,$0.77,13.9,$4.70B,$1.56B,3.02,$0.00B,$10.88B,0.0,$4.49B,$2.78B,61.77%,$4.49B,$0.99B,22.07%,$4.49B,$0.99B,22.07%,$4.49B,$1.39B,30.95%,$4.49B,$0.99B,22.07%,$4.49B,$0.88B,19.49%,$0.88B,$10.88B,8.26%,$0.88B,$3.26B,29.49%,$0.88B,$12.66B,6.91%,$0.99B,$10.88B,9.35%,$841,$237,$604,$125,$252,$614,$227,$1,$228,$2,$226,$226,$221,$272,$227,$1109,1114,$0.20,$0.20,$3364,$291,$186,$4702,$148,$19,$7624,$12,$7959,$12661,$1555,$0,$163,$223,$1778,$0,$1539,$-74,$10883,$12661,$795,$192,$99,$291,$450,$-145,$-141,$-629,$-717,$369,$-46,$0,$0,$-382,$305,$-77,$-22,$-145,$0,$0,$0,$-285,$-285,$-204,$-1,$-490,$-256,$83,$-204
25,2012-06-30,11.38,$9.51,1.2,$3.88,2.94,$1.13,10.04,$0.70,16.26,$4.33B,$1.48B,2.92,$0.00B,$10.56B,0.0,$4.41B,$2.69B,61.02%,$4.41B,$0.93B,21.03%,$4.41B,$0.93B,21.03%,$4.41B,$1.33B,30.25%,$4.41B,$0.93B,21.08%,$4.41B,$0.80B,18.18%,$0.80B,$10.56B,7.61%,$0.80B,$2.93B,27.90%,$0.80B,$12.27B,6.39%,$0.93B,$10.56B,8.80%,$1075,$377,$698,$145,$326,$848,$227,$2,$229,$44,$185,$185,$181,$321,$227,$1109,1115,$0.16,$0.16,$3192,$128,$160,$4332,$149,$17,$7636,$12,$7937,$12269,$1484,$0,$160,$221,$1705,$0,$1313,$-124,$10564,$12269,$569,$147,$75,$222,$421,$15,$-228,$-464,$-546,$245,$-26,$0,$0,$-302,$253,$-49,$1,$-74,$0,$0,$0,$-292,$-292,$-204,$0,$-496,$-379,$49,$-204
26,2012-03-31,12.17,$9.41,1.29,$3.91,3.11,$0.97,12.55,$0.83,14.66,$4.57B,$1.77B,2.57,$0.00B,$10.49B,0.0,$4.48B,$2.79B,62.39%,$4.48B,$1.17B,26.06%,$4.48B,$1.17B,26.06%,$4.48B,$1.56B,34.84%,$4.48B,$1.17B,26.11%,$4.48B,$0.95B,21.21%,$0.95B,$10.49B,9.04%,$0.95B,$2.85B,33.63%,$0.95B,$12.48B,7.62%,$1.17B,$10.49B,11.11%,$1172,$364,$808,$114,$181,$659,$513,$1,$514,$130,$384,$384,$377,$566,$513,$1120,1127,$0.34,$0.33,$3476,$146,$248,$4566,$154,$17,$7639,$15,$7916,$12482,$1774,$0,$165,$222,$1996,$0,$1128,$-33,$10486,$12482,$384,$53,$84,$137,$553,$0,$-215,$-469,$-368,$153,$-9,$0,$0,$-187,$115,$-72,$4,$-77,$0,$0,$0,$-246,$-246,$0,$0,$-246,$-116,$21,$0
27,2011-12-31,11.53,$9.26,1.25,$4.10,2.82,$0.95,12.11,$0.92,12.53,$5.38B,$2.56B,2.11,$0.00B,$10.49B,0.0,$4.76B,$2.98B,62.73%,$4.76B,$1.33B,27.93%,$4.76B,$1.33B,27.93%,$4.76B,$1.76B,37.08%,$4.76B,$1.33B,27.99%,$4.76B,$1.07B,22.48%,$1.07B,$10.49B,10.24%,$1.07B,$2.85B,39.09%,$1.07B,$13.28B,8.60%,$1.33B,$10.49B,12.72%,$1406,$740,$666,$238,$403,$1381,$25,$-4,$21,$-78,$99,$99,$97,$232,$25,$1148,1156,$0.09,$0.08,$3525,$144,$418,$5380,$163,$16,$7644,$12,$7897,$13277,$2556,$0,$174,$229,$2785,$0,$948,$-72,$10492,$13277,$1085,$435,$178,$613,$13,$-42,$31,$-569,$-746,$952,$-72,$0,$0,$323,$10,$333,$5,$266,$0,$0,$0,$-623,$-623,$-194,$9,$-808,$353,$103,$-194
28,2011-09-30,11.14,$9.25,1.2,$4.03,2.76,$1.23,9.09,$0.64,17.4,$4.08B,$1.28B,3.19,$0.00B,$10.57B,0.0,$4.78B,$2.86B,59.86%,$4.78B,$0.91B,18.97%,$4.78B,$0.91B,18.97%,$4.78B,$1.37B,28.73%,$4.78B,$0.92B,19.28%,$4.78B,$0.74B,15.39%,$0.74B,$10.57B,7.09%,$0.74B,$2.86B,27.89%,$0.74B,$12.11B,5.89%,$0.91B,$10.57B,8.74%,$754,$237,$517,$133,$219,$592,$162,$3,$165,$17,$148,$148,$146,$214,$162,$1140,1148,$0.13,$0.13,$2901,$207,$178,$4082,$167,$25,$7710,$15,$8031,$12113,$1279,$0,$168,$263,$1542,$0,$849,$-29,$10571,$12113,$986,$228,$165,$393,$516,$-96,$-117,$-1279,$-1277,$102,$-47,$0,$0,$-325,$603,$278,$-21,$210,$0,$0,$0,$-485,$-485,$-194,$21,$-658,$-343,$61,$-194
29,2011-06-30,10.93,$9.16,1.19,$3.98,2.74,$1.43,7.66,$0.55,19.88,$3.95B,$1.25B,3.17,$0.00B,$10.47B,0.0,$4.77B,$2.74B,57.44%,$4.77B,$0.80B,16.76%,$4.77B,$0.80B,16.76%,$4.77B,$1.29B,27.08%,$4.77B,$0.83B,17.31%,$4.77B,$0.64B,13.43%,$0.64B,$10.47B,6.15%,$0.64B,$2.74B,24.98%,$0.64B,$11.97B,5.08%,$0.80B,$10.47B,7.67%,$1146,$343,$803,$116,$217,$679,$467,$2,$469,$134,$335,$335,$330,$548,$467,$1141,1150,$0.29,$0.29,$2944,$93,$140,$3954,$163,$25,$7723,$17,$8018,$11972,$1246,$0,$164,$261,$1507,$0,$701,$29,$10465,$11972,$838,$176,$158,$334,$518,$21,$-216,$-1071,$-1116,$56,$-18,$0,$0,$-300,$374,$74,$7,$63,$0,$0,$0,$-475,$-475,$-192,$4,$-663,$-478,$43,$-192
30,2011-03-31,10.27,$8.88,1.16,$3.76,2.73,$1.52,6.73,$0.43,23.88,$4.35B,$1.89B,2.3,$0.00B,$10.24B,0.0,$4.59B,$2.53B,55.23%,$4.59B,$0.63B,13.78%,$4.59B,$0.63B,13.78%,$4.59B,$1.12B,24.48%,$4.59B,$0.66B,14.32%,$4.59B,$0.53B,11.53%,$0.53B,$10.24B,5.03%,$0.53B,$2.49B,20.82%,$0.53B,$12.38B,4.17%,$0.63B,$10.24B,6.01%,$1449,$452,$997,$142,$162,$775,$674,$2,$676,$173,$503,$503,$496,$769,$674,$1173,1182,$0.42,$0.42,$3359,$103,$199,$4349,$165,$25,$7748,$25,$8028,$12377,$1891,$0,$166,$249,$2140,$0,$366,$26,$10237,$12377,$503,$95,$172,$267,$554,$11,$-199,$-632,$-636,$134,$-4,$0,$0,$-161,$154,$-7,$-3,$-14,$0,$0,$0,$-338,$-338,$0,$1,$-337,$-154,$23,$0
31,2010-12-31,11.47,$8.62,1.33,$3.57,3.21,$1.58,7.24,$0.31,37.0,$5.43B,$2.96B,1.84,$0.00B,$10.20B,0.0,$4.45B,$2.31B,51.99%,$4.45B,$0.47B,10.55%,$4.45B,$0.47B,10.55%,$4.45B,$0.99B,22.17%,$4.45B,$0.49B,11.06%,$4.45B,$0.41B,9.31%,$0.41B,$10.20B,3.88%,$0.41B,$2.45B,16.03%,$0.41B,$13.45B,3.23%,$0.47B,$10.20B,4.40%,$1427,$885,$542,$265,$348,$1824,$-397,$8,$-389,$-156,$-233,$-233,$-237,$-159,$-397,$1222,1236,$-0.18,$-0.18,$3508,$112,$344,$5432,$169,$23,$7753,$15,$8015,$13447,$2960,$0,$164,$284,$3244,$0,$57,$-13,$10203,$13447,$418,$517,$158,$675,$43,$124,$70,$-3,$283,$1376,$-97,$0,$0,$-800,$580,$-220,$5,$-312,$0,$0,$0,$-878,$-878,$-189,$14,$-1053,$44,$131,$-189
32,2010-09-30,9.98,$8.91,1.12,$3.60,2.77,$1.40,7.13,$0.28,35.63,$4.15B,$1.39B,2.98,$0.00B,$10.75B,0.0,$4.58B,$2.32B,50.58%,$4.58B,$0.43B,9.48%,$4.58B,$0.43B,9.48%,$4.58B,$0.96B,21.02%,$4.58B,$0.45B,9.74%,$4.58B,$0.36B,7.95%,$0.36B,$10.75B,3.37%,$0.36B,$2.57B,13.99%,$0.36B,$12.57B,2.82%,$0.43B,$10.75B,4.02%,$745,$349,$396,$118,$223,$690,$55,$14,$69,$18,$51,$51,$51,$133,$55,$1212,1227,$0.04,$0.04,$2849,$258,$128,$4148,$169,$23,$8179,$14,$8422,$12570,$1393,$0,$200,$431,$1824,$0,$290,$-9,$10746,$12570,$651,$279,$134,$413,$471,$-19,$-60,$-830,$-681,$383,$-76,$0,$0,$-681,$473,$-208,$-39,$-323,$0,$0,$0,$-559,$-559,$-187,$11,$-735,$-645,$94,$-187
33,2010-06-30,9.67,$8.87,1.09,$3.54,2.73,$1.40,6.89,$0.25,38.69,$3.97B,$1.09B,3.64,$0.00B,$10.86B,0.0,$4.54B,$2.28B,50.34%,$4.54B,$0.39B,8.56%,$4.54B,$0.39B,8.56%,$4.54B,$0.93B,20.60%,$4.54B,$0.40B,8.75%,$4.54B,$0.33B,7.23%,$0.33B,$10.86B,3.00%,$0.33B,$2.66B,12.65%,$0.33B,$12.39B,2.50%,$0.39B,$10.86B,3.55%,$967,$368,$599,$100,$199,$667,$300,$1,$301,$82,$219,$219,$219,$380,$300,$1232,1248,$0.18,$0.17,$2846,$157,$155,$3968,$160,$23,$8199,$13,$8425,$12393,$1090,$0,$196,$445,$1535,$0,$239,$-57,$10858,$12393,$600,$201,$136,$337,$525,$78,$-144,$-870,$-736,$201,$-39,$0,$0,$-388,$188,$-200,$12,$-227,$0,$0,$0,$-319,$-319,$-187,$6,$-500,$-554,$61,$-187
34,2010-03-31,11.11,$8.74,1.27,$3.54,3.14,$1.41,7.87,$0.23,48.3,$4.49B,$1.54B,2.91,$0.00B,$10.87B,0.0,$4.61B,$2.25B,48.85%,$4.61B,$0.31B,6.64%,$4.61B,$0.31B,6.64%,$4.61B,$0.92B,19.93%,$4.61B,$0.31B,6.82%,$4.61B,$0.30B,6.60%,$0.30B,$10.87B,2.74%,$0.30B,$2.66B,11.67%,$0.30B,$12.87B,2.27%,$0.31B,$10.87B,2.75%,$1308,$533,$775,$143,$121,$797,$511,$0,$511,$130,$381,$381,$381,$632,$511,$1248,1264,$0.30,$0.30,$3342,$194,$204,$4486,$131,$23,$8211,$11,$8380,$12866,$1542,$0,$202,$456,$1998,$0,$20,$-44,$10868,$12866,$381,$121,$130,$251,$593,$40,$-146,$-555,$-405,$227,$-12,$0,$0,$-187,$17,$-170,$-2,$-184,$0,$0,$0,$-91,$-91,$0,$4,$-87,$-73,$44,$0
35,2009-12-31,10.1,$8.60,1.17,$3.23,3.13,$1.48,6.85,$0.07,144.34,$5.33B,$2.51B,2.13,$0.00B,$10.76B,0.0,$4.28B,$1.97B,46.09%,$4.28B,$-0.03B,-0.61%,$4.28B,$-0.03B,-0.61%,$4.28B,$0.60B,14.07%,$4.28B,$-0.01B,-0.19%,$4.28B,$0.11B,2.62%,$0.11B,$10.76B,0.99%,$0.11B,$2.52B,4.34%,$0.11B,$13.74B,0.82%,$-0.03B,$10.76B,-0.23%,$1557,$1012,$545,$265,$309,$1989,$-432,$-3,$-435,$-149,$-286,$-286,$-287,$-183,$-432,$1283,1311,$-0.21,$-0.21,$3245,$241,$382,$5329,$138,$23,$8233,$9,$8413,$13742,$2507,$0,$209,$479,$2986,$0,$-361,$-24,$10756,$13742,$113,$628,$232,$860,$235,$21,$-18,$85,$210,$1183,$-69,$0,$0,$-425,$46,$-379,$5,$-443,$0,$0,$0,$-1028,$-1028,$0,$79,$-949,$-190,$156,$0
36,2009-09-30,11.27,$8.91,1.26,$3.77,2.99,$0.98,11.52,$0.25,45.07,$4.51B,$1.29B,3.51,$0.00B,$11.29B,0.0,$4.36B,$1.85B,42.36%,$4.36B,$0.26B,5.92%,$4.36B,$0.26B,5.92%,$4.36B,$0.93B,21.42%,$4.36B,$0.30B,6.81%,$4.36B,$0.33B,7.55%,$0.33B,$11.29B,2.87%,$0.33B,$2.53B,12.69%,$0.33B,$13.45B,2.39%,$0.26B,$11.29B,2.25%,$703,$339,$364,$122,$234,$694,$9,$11,$20,$5,$15,$15,$15,$105,$9,$1271,1297,$0.01,$0.01,$2721,$351,$228,$4508,$133,$22,$8762,$12,$8944,$13452,$1285,$0,$190,$875,$2160,$0,$-75,$-5,$11292,$13452,$399,$379,$-30,$349,$748,$-89,$-39,$-628,$-378,$370,$-41,$0,$0,$-228,$11,$-217,$-40,$-298,$0,$0,$0,$-771,$-771,$0,$68,$-703,$-598,$109,$0
37,2009-06-30,11.49,$8.99,1.28,$3.79,3.03,$0.80,14.29,$0.16,71.79,$4.51B,$1.09B,4.13,$0.00B,$11.53B,0.0,$4.37B,$1.79B,40.89%,$4.37B,$0.06B,1.26%,$4.37B,$0.06B,1.26%,$4.37B,$0.82B,18.84%,$4.37B,$0.11B,2.45%,$4.37B,$0.21B,4.72%,$0.21B,$11.53B,1.78%,$0.21B,$2.71B,7.88%,$0.21B,$13.52B,1.49%,$0.06B,$11.53B,0.48%,$1038,$472,$566,$123,$210,$820,$218,$0,$218,$23,$195,$195,$195,$364,$218,$1289,1332,$0.15,$0.15,$2830,$198,$177,$4510,$134,$23,$8820,$16,$9009,$13519,$1091,$0,$198,$897,$1988,$0,$-90,$-14,$11531,$13519,$384,$283,$-102,$181,$706,$64,$-199,$-576,$-356,$209,$-24,$0,$0,$0,$5,$5,$-5,$-24,$0,$0,$0,$-497,$-497,$0,$56,$-441,$-230,$73,$0
38,2009-03-31,9.51,$8.90,1.07,$3.61,2.64,$0.96,9.92,$0.10,95.13,$4.51B,$1.31B,3.43,$0.00B,$11.45B,0.0,$3.68B,$1.47B,39.82%,$3.68B,$-0.12B,-3.18%,$3.68B,$-0.12B,-3.18%,$3.68B,$0.54B,14.75%,$3.68B,$-0.06B,-1.71%,$3.68B,$0.04B,1.06%,$0.04B,$11.45B,0.42%,$0.04B,$2.55B,1.65%,$0.04B,$13.65B,0.35%,$-0.12B,$11.45B,-1.27%,$981,$484,$497,$117,$186,$802,$179,$10,$189,$0,$189,$189,$189,$316,$179,$1308,1359,$0.14,$0.14,$3030,$230,$249,$4510,$138,$79,$8895,$23,$9141,$13651,$1314,$0,$181,$889,$2203,$0,$-285,$-46,$11448,$13651,$189,$137,$69,$206,$794,$32,$-160,$-356,$-68,$327,$-10,$0,$0,$0,$3,$3,$0,$-7,$0,$0,$0,$-306,$-306,$0,$17,$-289,$30,$30,$0
39,2008-12-31,7.86,$8.78,0.89,$3.44,2.29,$0.88,8.95,$0.03,261.91,$5.26B,$2.08B,2.52,$0.00B,$11.53B,0.0,$3.03B,$1.19B,39.23%,$3.03B,$-0.23B,-7.70%,$3.03B,$-0.23B,-7.70%,$3.03B,$0.33B,10.84%,$3.03B,$-0.19B,-6.18%,$3.03B,$-0.11B,-3.54%,$-0.11B,$11.53B,-1.56%,$-0.11B,$2.58B,-5.03%,$-0.11B,$14.47B,-1.28%,$-0.23B,$11.53B,-3.41%,$1638,$1218,$420,$189,$347,$1786,$-148,$18,$-130,$-60,$-70,$-70,$-70,$149,$-148,$946,946,$-0.15,$-0.15,$3002,$262,$250,$5259,$149,$78,$8948,$30,$9206,$14465,$2084,$0,$239,$854,$2938,$0,$-474,$-43,$11527,$14465,$-107,$561,$-326,$235,$-428,$-20,$86,$380,$251,$379,$-46,$0,$1120,$0,$0,$0,$27,$1101,$0,$0,$0,$1625,$1625,$0,$-137,$1488,$2896,$89,$0
40,2008-09-30,14.03,$8.90,1.58,$4.05,3.47,$0.86,16.37,$0.51,27.51,$4.20B,$1.10B,3.82,$0.00B,$11.78B,0.0,$2.87B,$1.49B,51.81%,$2.87B,$0.32B,11.15%,$2.87B,$0.32B,11.15%,$2.87B,$0.73B,25.51%,$2.87B,$0.36B,12.54%,$2.87B,$0.24B,8.19%,$0.24B,$11.78B,5.85%,$0.24B,$2.61B,15.93%,$0.24B,$13.74B,4.72%,$0.32B,$11.78B,7.97%,$711,$408,$303,$200,$236,$905,$-194,$24,$-170,$-62,$-108,$-108,$-108,$-6,$-194,$1271,1271,$-0.08,$-0.08,$2936,$377,$118,$4201,$168,$86,$9165,$21,$9540,$13741,$1101,$0,$169,$865,$1966,$0,$-403,$13,$11775,$13741,$-36,$264,$-53,$211,$306,$-135,$26,$-120,$-50,$125,$-24,$0,$1137,$0,$0,$0,$-35,$1078,$0,$0,$0,$1748,$1748,$0,$-141,$1607,$2780,$47,$0
41,2008-06-30,15.49,$3.53,4.39,$4.04,3.84,$1.22,12.69,$0.59,26.26,$2.14B,$0.62B,3.45,$0.00B,$2.10B,0.0,$2.49B,$1.43B,57.67%,$2.49B,$0.57B,22.98%,$2.49B,$0.57B,22.98%,$2.49B,$0.77B,30.95%,$2.49B,$0.59B,23.54%,$2.49B,$0.39B,15.73%,$0.39B,$2.10B,26.87%,$0.39B,$1.72B,34.99%,$0.39B,$2.75B,19.26%,$0.57B,$2.10B,39.24%,$352,$106,$246,$99,$101,$306,$46,$2,$48,$20,$28,$28,$28,$84,$46,$591,591,$0.05,$0.05,$1253,$229,$57,$2143,$62,$88,$384,$23,$606,$2749,$622,$0,$24,$24,$646,$0,$832,$25,$2103,$2749,$71,$76,$54,$130,$47,$-2,$8,$-50,$-11,$190,$-16,$0,$-5,$0,$0,$0,$2,$-19,$0,$0,$0,$0,$0,$0,$-172,$-172,$-3,$20,$0
42,2008-03-31,12.42,$3.31,3.76,$4.24,2.93,$0.93,13.42,$0.55,22.58,$1.98B,$0.56B,3.56,$0.00B,$1.95B,0.0,$2.63B,$1.35B,51.52%,$2.63B,$0.56B,21.12%,$2.63B,$0.56B,21.12%,$2.63B,$0.72B,27.21%,$2.63B,$0.58B,22.03%,$2.63B,$0.39B,14.88%,$0.39B,$1.95B,30.20%,$0.39B,$1.60B,39.87%,$0.39B,$2.53B,21.69%,$0.56B,$1.95B,42.87%,$325,$107,$218,$104,$51,$262,$63,$2,$65,$22,$43,$43,$43,$101,$63,$591,591,$0.07,$0.07,$1449,$147,$42,$1979,$55,$91,$344,$15,$551,$2531,$556,$0,$27,$27,$583,$0,$773,$26,$1948,$2531,$43,$38,$29,$67,$72,$2,$-18,$-20,$-14,$96,$-6,$0,$-4,$0,$0,$0,$2,$-8,$0,$0,$0,$0,$0,$0,$-107,$-107,$-15,$8,$0
43,2007-12-31,13.51,$0.41,33.23,$3.69,3.66,$0.77,17.47,$0.45,30.01,$0.40B,$0.53B,0.75,$0.00B,$0.24B,0.0,$2.30B,$1.14B,49.33%,$2.30B,$0.67B,28.88%,$2.30B,$0.49B,21.36%,$2.30B,$0.61B,26.66%,$2.30B,$0.51B,22.32%,$2.30B,$0.35B,15.11%,$0.35B,$0.24B,29.98%,$0.35B,$-0.03B,40.20%,$0.35B,$0.88B,21.50%,$0.67B,$0.24B,57.29%,$1482,$762,$720,$125,$191,$1078,$405,$12,$417,$144,$272,$272,$272,$553,$405,$582,633,$0.47,$0.43,$65,$21,$32,$398,$129,$0,$271,$6,$481,$879,$528,$0,$111,$111,$639,$0,$-367,$40,$240,$879,$301,$208,$114,$322,$-553,$-62,$107,$-134,$-390,$232,$-22,$0,$-69,$36,$0,$36,$-4,$-60,$0,$0,$0,$39,$39,$0,$51,$90,$264,$36,$0
44,2007-09-30,9.82,$2.65,3.71,$2.69,3.65,$0.22,45.35,$0.23,42.68,$1.47B,$0.41B,3.55,$0.00B,$1.53B,0.0,$1.65B,$0.76B,46.02%,$1.65B,$1.08B,65.90%,$1.65B,$0.09B,5.29%,$1.65B,$0.94B,57.20%,$1.65B,$0.28B,17.02%,$1.65B,$0.22B,13.31%,$0.22B,$1.53B,15.07%,$0.22B,$1.18B,18.84%,$0.22B,$1.96B,11.70%,$1.08B,$1.53B,74.60%,$326,$77,$249,$117,$75,$269,$57,$-2,$55,$7,$48,$48,$48,$31,$57,$591,591,$0.08,$0.08,$962,$189,$42,$1467,$54,$0,$351,$11,$494,$1961,$413,$0,$18,$18,$432,$0,$456,$27,$1530,$1961,$141,$60,$54,$114,$125,$-3,$-10,$14,$53,$308,$-46,$0,$0,$0,$0,$0,$1,$-45,$0,$0,$0,$0,$0,$0,$-294,$-294,$-28,$77,$0
45,2007-06-30,8.49,$2.57,3.31,$2.47,3.44,$-0.54,0.0,$0.16,53.06,$1.44B,$0.36B,4.01,$0.00B,$1.46B,0.0,$1.51B,$0.56B,36.83%,$1.51B,$0.99B,65.69%,$1.51B,$-0.01B,-0.46%,$1.51B,$0.88B,58.53%,$1.51B,$0.20B,13.01%,$1.51B,$0.15B,9.75%,$0.15B,$1.46B,10.65%,$0.15B,$1.17B,13.21%,$0.15B,$1.84B,8.33%,$0.99B,$1.46B,71.73%,$495,$328,$167,$33,$105,$465,$30,$12,$42,$14,$28,$28,$28,$30,$30,$567,624,$0.05,$0.05,$964,$93,$34,$1443,$49,$0,$290,$6,$396,$1839,$360,$0,$18,$18,$378,$0,$456,$23,$1461,$1839,$28,$86,$15,$102,$-49,$-1,$-27,$-45,$-123,$7,$-7,$0,$-4,$-187,$146,$-42,$-8,$-61,$0,$0,$0,$11,$11,$0,$0,$12,$-40,$8,$0
46,2007-03-31,8.61,$2.49,3.46,$2.01,4.27,$-0.73,0.0,$0.08,107.65,$1.40B,$0.34B,4.11,$0.00B,$1.41B,0.0,$1.20B,$0.44B,36.50%,$1.20B,$0.93B,77.25%,$1.20B,$-0.07B,-5.83%,$1.20B,$0.82B,68.25%,$1.20B,$0.13B,10.75%,$1.20B,$0.10B,8.42%,$0.10B,$1.41B,7.63%,$0.10B,$1.14B,9.48%,$0.10B,$1.79B,6.07%,$0.93B,$1.41B,70.03%,$0,$0,$0,$0,$0,$0,$173,$0,$0,$0,$0,$0,$0,$0,$0,$0,0,$0.00,$0.00,$955,$91,$47,$1401,$47,$0,$268,$6,$393,$1794,$341,$0,$41,$41,$382,$0,$428,$20,$1412,$1794,$0,$0,$0,$0,$0,$0,$0,$0,$0,$0,$0,$0,$0,$0,$0,$0,$0,$0,$0,$0,$0,$0,$0,$0,$0,$0,$0,$0,$0
47,2006-12-31,7.84,$2.49,3.15,$2.01,3.89,$-0.73,0.0,$0.11,71.27,$1.48B,$0.44B,3.36,$0.00B,$1.41B,0.0,$1.20B,$0.44B,36.50%,$1.20B,$0.75B,62.83%,$1.20B,$-0.07B,-5.83%,$1.20B,$0.82B,68.25%,$1.20B,$0.13B,10.75%,$1.20B,$0.10B,8.42%,$0.10B,$1.41B,7.91%,$0.10B,$1.16B,9.72%,$0.10B,$1.89B,6.43%,$0.75B,$1.41B,59.07%,$824,$483,$341,$37,$0,$0,$824,$0,$183,$40,$0,$0,$143,$880,$0,$565,614,$0.26,$0.23,$805,$86,$47,$1484,$47,$0,$253,$6,$407,$1891,$441,$0,$41,$41,$483,$0,$442,$19,$1409,$1891,$100,$91,$-14,$76,$-417,$-21,$98,$-97,$-302,$-125,$-13,$0,$-31,$146,$0,$146,$0,$102,$0,$0,$0,$19,$19,$0,$9,$28,$14,$18,$0
