,Date,Stock Price,Book Value per Share,Price to Book Ratio,TTM Sales per Share,Price to Sales Ratio,TTM FCF per Share,Price to FCF Ratio,TTM Net EPS,PE Ratio,Current Assets,Current Liabilities,Current Ratio,Long Term Debt,Shareholder's Equity_x,Debt to Equity Ratio,TTM Revenue_x,TTM Gross Profit,Gross Margin,TTM Revenue_y,TTM Operating Income,Operating Margin,TTM Revenue_x,TTM EBIT,EBIT Margin,TTM Revenue_y,TTM EBITDA,EBITDA Margin,TTM Revenue_x,TTM Pre-Tax Income,Pre-Tax Margin,TTM Revenue_y,TTM Net Income_x,Net Margin,TTM Net Income_y,Shareholder's Equity_y,Return on Equity,TTM Net Income_x,Tangible Equity,Return on Tangible Equity,TTM Net Income_y,Total Assets,Return on Assets,TTM Net Income,LT Investments & Debt,Return on Investment,revenue,cost-goods-sold,gross-profit,research-development-expenses,selling-general-administrative-expenses,operating-expenses,operating-income,total-non-operating-income-expense,pre-tax-income,total-provision-income-taxes,income-after-taxes,income-from-continuous-operations,net-income,ebitda,ebit,basic-shares-outstanding,shares-outstanding,eps-basic-net-earnings-per-share,eps-earnings-per-share-diluted,cash-on-hand,inventory,other-current-assets,total-current-assets,net-property-plant-equipment,long-term-investments,goodwill-intangible-assets-total,other-long-term-assets,total-long-term-assets,total-assets,total-current-liabilities,long-term-debt,other-non-current-liabilities,total-long-term-liabilities,total-liabilities,common-stock-net,retained-earnings-accumulated-deficit,comprehensive-income,total-share-holder-equity,total-liabilities-share-holders-equity,net-income-loss,total-depreciation-amortization-cash-flow,other-non-cash-items,total-non-cash-items,change-in-accounts-receivable,change-in-inventories,change-in-accounts-payable,change-in-assets-liabilities,total-change-in-assets-liabilities,cash-flow-from-operating-activities,net-change-in-property-plant-equipment,net-change-in-intangible-assets,net-acquisitions-divestitures,net-change-in-short-term-investments,net-change-in-long-term-investments,net-change-in-investments-total,investing-activities-other,cash-flow-from-investing-activities,net-long-term-debt,net-current-debt,debt-issuance-retirement-net-total,net-common-equity-issued-repurchased,net-total-equity-issued-repurchased,total-common-preferred-stock-dividends-paid,financial-activities-other,cash-flow-from-financial-activities,net-cash-flow,stock-based-compensation,common-stock-dividends-paid
0,2015-12-31,7.0,$6.09,1.15,$9.84,0.71,$-1.30,0.0,$-0.37,0.0,$1.35B,$0.71B,1.91,$2.64B,$2.47B,1.07,$4.02B,$0.71B,17.78%,$4.02B,$0.34B,8.39%,$4.02B,$0.34B,8.39%,$4.02B,$1.11B,27.75%,$4.02B,$0.26B,6.40%,$4.02B,$0.03B,0.77%,$0.03B,$2.47B,1.20%,$0.03B,$2.31B,1.29%,$0.03B,$7.28B,0.38%,$0.34B,$5.10B,5.92%,$888,$767,$121,$39,$-28,$781,$107,$-18,$170,$42,$128,$138,$244,$321,$107,$410,410,$0.00,$0.00,$508,$646,$0,$1350,$4058,$1556,$161,$55,$5934,$7284,$707,$2637,$959,$4110,$4817,$7066,$-4636,$0,$2467,$7284,$257,$777,$16,$793,$108,$99,$0,$0,$89,$1139,$-658,$-3,$819,$0,$-16,$-16,$-62,$80,$-867,$0,$-867,$0,$0,$-5,$-314,$-1186,$16,$0,$-5
1,2015-09-30,8.07,$5.95,1.36,$10.92,0.74,$-1.96,0.0,$-0.67,0.0,$1.26B,$0.72B,1.76,$2.69B,$2.41B,1.12,$4.45B,$1.11B,24.87%,$4.45B,$0.41B,9.21%,$4.45B,$0.41B,9.21%,$4.45B,$1.76B,39.45%,$4.45B,$0.04B,0.79%,$4.45B,$-0.27B,-6.09%,$-0.27B,$2.41B,-10.09%,$-0.27B,$2.25B,-10.88%,$-0.27B,$7.43B,-3.17%,$0.41B,$5.10B,6.82%,$946,$831,$115,$33,$13,$1041,$-95,$75,$-20,$54,$-74,$-74,$-70,$118,$-95,$408,408,$-0.18,$-0.18,$412,$642,$0,$1257,$3836,$1562,$165,$498,$6169,$7426,$715,$2691,$1073,$4301,$5016,$7063,$-3312,$0,$2410,$7426,$81,$563,$87,$650,$70,$65,$0,$0,$25,$756,$-475,$-2,$0,$0,$796,$796,$-58,$261,$-800,$0,$-800,$0,$0,$-3,$-275,$-1078,$-76,$0,$-3
2,2015-06-30,8.82,$0.00,0.0,$11.88,0.74,$-1.82,0.0,$-0.39,0.0,$1.41B,$0.67B,2.1,$3.65B,$2.66B,1.37,$4.84B,$1.28B,26.37%,$4.84B,$0.72B,14.87%,$4.84B,$0.72B,14.87%,$4.84B,$1.85B,38.27%,$4.84B,$0.18B,3.80%,$4.84B,$-0.16B,-3.30%,$-0.16B,$2.66B,-5.64%,$-0.16B,$2.47B,-6.11%,$-0.16B,$8.82B,-1.77%,$0.72B,$6.31B,11.30%,$1059,$826,$233,$31,$47,$904,$155,$-67,$43,$56,$-13,$-17,$-142,$505,$155,$407,407,$-0.35,$-0.35,$483,$721,$0,$1411,$0,$1584,$188,$1176,$2953,$8817,$673,$3651,$1276,$5483,$6156,$7058,$-3248,$0,$2661,$8817,$102,$350,$0,$350,$0,$0,$0,$0,$28,$513,$-313,$0,$0,$0,$0,$-16,$-43,$-372,$0,$-212,$-119,$0,$0,$0,$185,$-146,$-9,$0,$0
3,2015-03-31,9.2,$0.00,0.0,$12.64,0.73,$-1.79,0.0,$-0.24,0.0,$1.92B,$0.79B,2.44,$3.47B,$2.80B,1.24,$5.14B,$1.33B,25.93%,$5.14B,$0.79B,15.44%,$5.14B,$0.79B,15.44%,$5.14B,$1.58B,30.67%,$5.14B,$0.13B,2.47%,$5.14B,$-0.10B,-1.91%,$-0.10B,$2.80B,-3.33%,$-0.10B,$2.60B,-3.62%,$-0.10B,$8.85B,-1.06%,$0.79B,$6.27B,12.27%,$1122,$877,$245,$29,$46,$952,$170,$-70,$64,$59,$5,$-1,$-1,$170,$170,$407,407,$0.00,$0.00,$381,$795,$481,$1920,$0,$1450,$200,$210,$1976,$8853,$787,$3471,$1233,$5269,$6056,$7052,$-3106,$0,$2797,$8853,$1091,$0,$0,$0,$0,$0,$0,$0,$0,$190,$-1678,$0,$0,$0,$0,$0,$1499,$-179,$0,$-90,$0,$0,$0,$0,$-22,$-112,$-106,$0,$0
4,2014-12-31,8.57,$7.11,1.21,$13.22,0.65,$2.18,3.94,$-0.14,0.0,$1.65B,$0.98B,1.68,$3.50B,$1.78B,1.96,$5.38B,$1.42B,26.39%,$5.38B,$0.90B,16.64%,$5.38B,$0.90B,16.64%,$5.38B,$1.68B,31.20%,$5.38B,$0.17B,3.16%,$5.38B,$-0.06B,-1.08%,$-0.06B,$2.87B,-1.91%,$-0.06B,$2.65B,-2.08%,$-0.06B,$9.13B,-0.62%,$0.90B,$6.37B,13.58%,$1324,$810,$514,$44,$290,$1144,$180,$108,$-52,$18,$-70,$-58,$-58,$963,$180,$407,407,$-0.14,$-0.14,$483,$888,$0,$1649,$4863,$1553,$225,$717,$2622,$9134,$984,$3498,$1214,$5279,$6263,$7041,$-4196,$0,$2871,$9134,$1373,$0,$231,$1044,$52,$117,$0,$0,$0,$1220,$-1013,$-5,$0,$0,$-71,$0,$70,$-943,$-144,$0,$-761,$0,$0,$-17,$357,$-421,$-160,$0,$-17
5,2014-09-30,11.82,$0.00,0.0,$13.61,0.87,$1.06,11.11,$-0.75,0.0,$1.84B,$1.01B,1.83,$3.52B,$3.01B,1.17,$5.53B,$1.63B,29.50%,$5.53B,$-1.59B,-28.76%,$5.53B,$-1.59B,-28.76%,$5.53B,$-1.39B,-25.09%,$5.53B,$0.73B,13.26%,$5.53B,$-0.31B,-5.52%,$-0.31B,$3.01B,-9.84%,$-0.31B,$2.76B,-10.76%,$-0.31B,$9.31B,-3.19%,$-1.59B,$6.53B,-23.79%,$1337,$1052,$285,$37,$33,$1122,$215,$-74,$129,$85,$44,$41,$41,$215,$215,$406,408,$0.10,$0.10,$572,$959,$0,$1843,$0,$1500,$247,$721,$2628,$9310,$1005,$3521,$1177,$5295,$6300,$7036,$-3056,$0,$3010,$9310,$0,$0,$0,$0,$0,$0,$0,$0,$0,$1007,$-668,$0,$107,$0,$0,$-71,$38,$-594,$0,$-260,$0,$0,$0,$-9,$-216,$-485,$-84,$0,$0
6,2014-06-30,16.95,$0.00,0.0,$13.83,1.23,$-0.54,0.0,$-0.85,0.0,$1.98B,$1.05B,1.89,$3.62B,$3.10B,1.17,$5.61B,$1.70B,30.27%,$5.61B,$-1.56B,-27.79%,$5.61B,$-1.56B,-27.79%,$5.61B,$-0.78B,-13.97%,$5.61B,$0.64B,11.34%,$5.61B,$-0.35B,-6.15%,$-0.35B,$3.10B,-10.79%,$-0.35B,$2.83B,-11.79%,$-0.35B,$9.60B,-3.53%,$-1.56B,$6.72B,-22.91%,$1358,$1069,$289,$33,$27,$1129,$229,$-206,$-14,$60,$-74,$-80,$-80,$229,$229,$404,404,$-0.20,$-0.20,$622,$1002,$0,$1980,$0,$1492,$270,$717,$2666,$9601,$1050,$3619,$1224,$5450,$6500,$7032,$-3969,$0,$3101,$9601,$2674,$0,$0,$0,$0,$0,$0,$0,$0,$687,$-477,$0,$0,$0,$0,$0,$103,$-374,$0,$-212,$0,$0,$0,$0,$-127,$-339,$-28,$0,$0
7,2014-03-31,16.83,$0.00,0.0,$13.67,1.23,$-1.80,0.0,$-5.99,0.0,$1.94B,$1.12B,1.73,$3.57B,$3.18B,1.12,$5.55B,$1.70B,30.58%,$5.55B,$-1.64B,-29.63%,$5.55B,$-1.64B,-29.63%,$5.55B,$-1.08B,-19.54%,$5.55B,$-2.43B,-43.81%,$5.55B,$-2.43B,-43.79%,$-2.43B,$3.18B,-75.44%,$-2.43B,$2.91B,-82.51%,$-2.43B,$9.68B,-24.93%,$-1.64B,$6.74B,-25.41%,$1359,$1028,$331,$30,$30,$1088,$271,$-129,$107,$62,$45,$39,$39,$271,$271,$406,407,$0.10,$0.10,$540,$1016,$0,$1936,$0,$1532,$269,$887,$2857,$9678,$1117,$3569,$1238,$5386,$6503,$7024,$-3884,$0,$3175,$9678,$0,$0,$0,$0,$0,$0,$0,$0,$0,$350,$-220,$0,$-44,$0,$0,$-2,$29,$-237,$0,$-156,$0,$0,$0,$0,$-81,$-237,$-125,$0,$0
8,2013-12-31,11.55,$7.98,1.45,$14.07,0.82,$-2.08,0.0,$-5.82,0.0,$2.12B,$1.18B,1.8,$3.63B,$2.24B,1.62,$5.71B,$1.86B,32.50%,$5.71B,$-1.57B,-27.52%,$5.71B,$-1.57B,-27.52%,$5.71B,$-0.80B,-13.95%,$5.71B,$-2.19B,-38.40%,$5.71B,$-2.23B,-39.07%,$-2.23B,$3.11B,-58.38%,$-2.23B,$2.84B,-63.16%,$-2.23B,$9.67B,-21.29%,$-1.57B,$6.74B,-22.81%,$1474,$748,$726,$42,$2989,$3779,$-2305,$3258,$511,$522,$-11,$-305,$-305,$-2102,$-2305,$405,405,$-0.75,$-0.75,$695,$1053,$0,$2117,$4815,$1458,$267,$840,$2742,$9674,$1179,$3633,$1176,$5388,$6567,$7006,$-3927,$0,$3107,$9674,$-2533,$775,$2799,$775,$69,$-105,$0,$0,$-250,$1246,$-1491,$-68,$-505,$0,$-482,$81,$-125,$-2040,$864,$0,$858,$0,$0,$-62,$-236,$560,$-264,$0,$-62
9,2013-09-30,13.08,$0.00,0.0,$14.29,0.92,$-1.36,0.0,$-5.56,0.0,$2.31B,$1.24B,1.86,$3.58B,$3.41B,1.05,$5.72B,$1.55B,27.13%,$5.72B,$0.95B,16.56%,$5.72B,$0.95B,16.56%,$5.72B,$2.31B,40.41%,$5.72B,$-2.94B,-51.31%,$5.72B,$-2.11B,-36.91%,$-2.11B,$3.41B,-47.91%,$-2.11B,$3.12B,-51.42%,$-2.11B,$10.13B,-18.82%,$0.95B,$6.99B,13.07%,$1415,$1064,$351,$55,$49,$1168,$247,$-140,$32,$38,$-6,$1,$1,$819,$247,$390,406,$0.00,$0.00,$822,$1064,$0,$2311,$0,$1367,$288,$818,$3014,$10125,$1240,$3583,$1298,$5474,$6714,$6988,$-2763,$0,$3411,$10125,$-2704,$572,$0,$572,$0,$0,$0,$0,$-210,$815,$-1129,$0,$22,$0,$0,$-8,$-444,$-1559,$0,$880,$0,$0,$0,$-50,$-192,$638,$-131,$0,$0
10,2013-06-30,14.09,$0.00,0.0,$15.09,0.93,$-0.03,0.0,$-5.13,0.0,$1.97B,$2.31B,0.85,$2.21B,$3.19B,0.69,$5.97B,$1.81B,30.30%,$5.97B,$1.10B,18.45%,$5.97B,$1.10B,18.45%,$5.97B,$1.90B,31.73%,$5.97B,$-2.72B,-45.61%,$5.97B,$-1.95B,-32.58%,$-1.95B,$3.19B,-38.97%,$-1.95B,$2.91B,-41.48%,$-1.95B,$9.51B,-16.34%,$1.10B,$5.40B,14.47%,$1301,$1012,$289,$79,$67,$1158,$143,$-3265,$-3081,$-895,$-2186,$-2165,$-2165,$-72,$143,$387,405,$-5.59,$-5.34,$449,$1068,$0,$1967,$0,$1257,$281,$797,$2881,$9507,$2311,$2212,$1209,$4004,$6315,$6758,$-2762,$0,$3192,$9507,$0,$0,$0,$0,$0,$0,$0,$0,$0,$496,$-795,$0,$-288,$0,$0,$42,$-79,$-1120,$0,$0,$298,$0,$0,$-53,$-105,$140,$-509,$0,$0
11,2013-03-31,23.13,$0.00,0.0,$15.87,1.46,$1.56,14.82,$0.82,28.2,$2.38B,$1.73B,1.38,$2.84B,$5.57B,0.51,$6.36B,$2.22B,34.91%,$6.36B,$1.48B,23.29%,$6.36B,$1.48B,23.29%,$6.36B,$2.49B,39.14%,$6.36B,$0.83B,13.03%,$6.36B,$0.51B,7.96%,$0.51B,$5.57B,9.03%,$0.51B,$5.25B,9.53%,$0.51B,$12.58B,4.10%,$1.48B,$8.41B,17.84%,$1518,$1029,$489,$79,$66,$1174,$344,$57,$346,$98,$248,$239,$239,$559,$344,$387,406,$0.62,$0.27,$714,$1196,$0,$2376,$0,$1319,$321,$731,$2464,$12583,$1725,$2844,$1382,$5289,$7014,$6752,$-583,$0,$5569,$12583,$346,$215,$0,$215,$0,$0,$0,$0,$-98,$398,$-384,$0,$-144,$0,$0,$-5,$-8,$-541,$0,$0,$51,$0,$10,$-26,$-42,$-7,$-212,$0,$0
12,2012-12-31,30.73,$0.00,0.0,$16.39,1.87,$2.17,14.18,$1.65,18.63,$2.68B,$1.96B,1.37,$2.72B,$6.72B,0.41,$6.63B,$2.54B,38.22%,$6.63B,$1.81B,27.26%,$6.63B,$1.81B,27.26%,$6.63B,$2.60B,39.22%,$6.63B,$1.17B,17.66%,$6.63B,$0.83B,12.52%,$0.83B,$5.47B,14.69%,$0.83B,$5.15B,15.43%,$0.83B,$12.70B,6.90%,$1.81B,$8.19B,21.98%,$1490,$1066,$424,$126,$84,$1276,$214,$-264,$-234,$-51,$-183,$-188,$-188,$1007,$214,$386,386,$-0.49,$-0.49,$927,$1287,$0,$2684,$0,$1227,$315,$725,$2363,$12695,$1955,$2724,$1479,$5271,$7226,$6742,$-823,$0,$5469,$12695,$1171,$793,$0,$793,$0,$0,$0,$0,$-218,$1802,$-1758,$0,$-20,$0,$0,$-263,$-567,$-2608,$0,$0,$1215,$0,$2,$-236,$-390,$591,$-220,$0,$0
13,2012-09-30,34.28,$0.00,0.0,$17.12,2.0,$5.21,6.58,$3.09,11.09,$2.96B,$1.70B,1.75,$2.71B,$5.74B,0.47,$7.00B,$2.94B,42.01%,$7.00B,$2.27B,32.38%,$7.00B,$2.27B,32.38%,$7.00B,$2.27B,32.38%,$7.00B,$2.05B,29.34%,$7.00B,$1.40B,20.04%,$1.40B,$5.74B,25.18%,$1.40B,$5.45B,26.32%,$1.40B,$12.85B,12.13%,$2.27B,$8.45B,28.05%,$1664,$1056,$608,$107,$100,$1263,$401,$-149,$245,$76,$169,$168,$168,$401,$401,$383,388,$0.44,$0.43,$1184,$1220,$0,$2961,$0,$1103,$289,$716,$2268,$12849,$1696,$2708,$1488,$5411,$7107,$6721,$-1040,$0,$5742,$12849,$0,$0,$0,$0,$0,$0,$0,$0,$0,$1348,$-1131,$0,$-330,$0,$0,$-274,$-57,$-1792,$0,$1000,$0,$0,$2,$-214,$-333,$455,$11,$0,$0
14,2012-06-30,33.45,$0.00,0.0,$17.28,1.94,$7.22,4.63,$3.78,8.85,$2.62B,$0.96B,2.72,$2.49B,$5.64B,0.44,$7.21B,$3.23B,44.77%,$7.21B,$2.61B,36.16%,$7.21B,$2.61B,36.16%,$7.21B,$2.23B,30.97%,$7.21B,$2.48B,34.37%,$7.21B,$1.69B,23.45%,$1.69B,$5.64B,31.72%,$1.69B,$5.39B,33.07%,$1.69B,$11.29B,15.55%,$2.61B,$8.13B,33.53%,$1684,$986,$698,$87,$90,$1163,$521,$-50,$471,$186,$285,$287,$287,$521,$521,$387,422,$0.74,$0.61,$1019,$1138,$0,$2617,$0,$1013,$243,$570,$1887,$11293,$963,$2492,$1052,$4693,$5656,$6711,$-1135,$0,$5637,$11293,$0,$0,$0,$0,$0,$0,$0,$0,$0,$1044,$-684,$0,$0,$0,$0,$-111,$-60,$-855,$0,$142,$0,$0,$1,$-163,$-300,$-320,$-125,$0,$0
15,2012-03-31,35.84,$0.00,0.0,$17.69,2.03,$7.92,4.52,$4.39,8.16,$2.76B,$0.98B,2.82,$2.38B,$5.75B,0.42,$7.23B,$3.29B,45.44%,$7.23B,$2.70B,37.40%,$7.23B,$2.70B,37.40%,$7.23B,$2.70B,37.40%,$7.23B,$2.64B,36.50%,$7.23B,$1.87B,25.92%,$1.87B,$5.75B,36.61%,$1.87B,$5.52B,38.16%,$1.87B,$11.31B,17.73%,$2.70B,$8.13B,35.81%,$1794,$989,$805,$75,$58,$1122,$672,$105,$689,$111,$578,$563,$563,$672,$672,$387,421,$1.46,$1.10,$1270,$1083,$2,$2764,$0,$961,$228,$535,$1779,$11306,$980,$2382,$1066,$4580,$5560,$6695,$-1103,$0,$5746,$11306,$0,$0,$0,$0,$0,$0,$0,$0,$0,$581,$-311,$0,$0,$0,$0,$-43,$-17,$-371,$0,$0,$-4,$0,$0,$-101,$-23,$-128,$104,$0,$0
16,2011-12-31,40.95,$0.00,0.0,$17.29,2.37,$8.00,5.12,$3.91,10.47,$2.58B,$0.94B,2.75,$2.46B,$5.17B,0.48,$6.93B,$2.98B,43.00%,$6.93B,$2.39B,34.57%,$6.93B,$2.39B,34.57%,$6.93B,$2.39B,34.57%,$6.93B,$2.32B,33.52%,$6.93B,$1.55B,22.41%,$1.55B,$5.17B,32.65%,$1.55B,$4.96B,34.08%,$1.55B,$10.80B,15.30%,$2.39B,$7.62B,33.17%,$1859,$1029,$830,$83,$74,$1186,$673,$123,$649,$247,$402,$385,$385,$673,$673,$386,406,$1.00,$0.95,$1147,$1064,$21,$2582,$0,$888,$210,$518,$1695,$10802,$938,$2456,$1084,$4698,$5636,$6689,$-1660,$0,$5166,$10802,$0,$0,$0,$0,$0,$0,$0,$0,$0,$2655,$-1374,$0,$-2,$0,$0,$-171,$-17,$-1564,$0,$0,$-159,$0,$10,$-169,$-145,$-463,$526,$0,$0
17,2011-09-30,39.81,$0.00,0.0,$16.74,2.38,$0.23,171.5,$3.10,12.84,$2.35B,$0.97B,2.42,$2.44B,$4.78B,0.51,$6.68B,$2.68B,40.05%,$6.68B,$2.03B,30.36%,$6.68B,$2.03B,30.36%,$6.68B,$2.03B,30.36%,$6.68B,$1.87B,28.01%,$6.68B,$1.22B,18.31%,$1.22B,$4.78B,27.24%,$1.22B,$4.59B,28.48%,$1.22B,$10.09B,12.44%,$2.03B,$7.22B,29.05%,$1873,$978,$895,$76,$78,$1132,$741,$8,$669,$204,$465,$456,$456,$367,$741,$386,421,$1.18,$1.12,$1113,$959,$2,$2353,$0,$885,$191,$554,$1699,$10094,$971,$2439,$855,$4345,$5316,$6660,$-2015,$0,$4778,$10094,$0,$0,$0,$0,$0,$0,$0,$0,$0,$2011,$-927,$0,$2,$0,$0,$-136,$-13,$-1074,$0,$0,$-153,$0,$3,$-103,$-89,$-342,$489,$0,$0
18,2011-06-30,40.39,$0.00,0.0,$16.30,2.48,$-5.59,0.0,$2.12,19.05,$2.09B,$0.87B,2.42,$2.45B,$4.79B,0.51,$6.27B,$2.18B,34.75%,$6.27B,$1.57B,24.99%,$6.27B,$1.57B,24.99%,$6.27B,$1.62B,25.77%,$6.27B,$1.31B,20.87%,$6.27B,$0.82B,13.05%,$0.82B,$4.79B,19.12%,$0.82B,$4.58B,20.03%,$0.82B,$10.09B,8.34%,$1.57B,$7.24B,23.08%,$1704,$949,$755,$63,$74,$1086,$618,$142,$632,$149,$483,$470,$470,$992,$618,$386,387,$1.22,$1.22,$870,$934,$3,$2093,$0,$887,$201,$613,$1722,$10086,$866,$2451,$934,$4435,$5301,$6648,$-2000,$0,$4785,$10086,$1004,$374,$0,$374,$0,$0,$0,$0,$-139,$1148,$-548,$0,$-51,$0,$0,$-21,$5,$-615,$0,$-149,$0,$0,$1,$-54,$-75,$-277,$253,$0,$0
19,2011-03-31,46.01,$0.00,0.0,$15.57,2.96,$-6.60,0.0,$0.39,117.99,$1.82B,$0.90B,2.02,$2.51B,$4.28B,0.59,$5.84B,$1.40B,24.02%,$5.84B,$0.81B,13.87%,$5.84B,$0.81B,13.87%,$5.84B,$0.81B,13.87%,$5.84B,$0.53B,9.11%,$5.84B,$0.17B,2.93%,$0.17B,$4.28B,4.47%,$0.17B,$4.09B,4.70%,$0.17B,$9.61B,1.78%,$0.81B,$6.79B,13.22%,$1489,$991,$498,$57,$79,$1127,$362,$9,$371,$123,$248,$241,$241,$362,$362,$386,386,$0.63,$0.62,$619,$899,$25,$1820,$0,$889,$196,$556,$1654,$9606,$902,$2511,$960,$4421,$5323,$6637,$-2483,$0,$4283,$9606,$0,$0,$0,$0,$0,$0,$0,$0,$0,$513,$-234,$0,$-24,$0,$0,$15,$-18,$-261,$0,$0,$-152,$0,$1,$-43,$-18,$-212,$33,$0,$0
20,2010-12-31,47.13,$0.00,0.0,$14.52,3.25,$-7.29,0.0,$0.20,235.67,$1.74B,$0.98B,1.78,$2.57B,$4.11B,0.63,$5.44B,$1.19B,21.90%,$5.44B,$0.63B,11.54%,$5.44B,$0.63B,11.54%,$5.44B,$0.63B,11.54%,$5.44B,$0.41B,7.44%,$5.44B,$0.10B,1.80%,$0.10B,$4.11B,2.76%,$0.10B,$3.92B,2.91%,$0.10B,$9.53B,1.02%,$0.63B,$6.68B,11.64%,$1613,$1086,$527,$54,$166,$1306,$307,$-26,$199,$126,$73,$56,$56,$307,$307,$373,400,$0.15,$0.14,$585,$890,$17,$1739,$0,$859,$194,$540,$1613,$9532,$977,$2569,$973,$4442,$5419,$6627,$-2638,$0,$4113,$9532,$0,$0,$0,$0,$0,$0,$0,$0,$0,$-942,$-904,$0,$-43,$0,$0,$142,$-66,$-871,$0,$0,$674,$0,$798,$-117,$-161,$1194,$-514,$0,$0
21,2010-09-30,44.27,$0.00,0.0,$13.97,3.17,$-0.97,0.0,$1.21,36.59,$2.49B,$1.98B,1.26,$2.50B,$3.93B,0.64,$5.10B,$0.99B,19.47%,$5.10B,$0.59B,11.48%,$5.10B,$0.59B,11.48%,$5.10B,$0.59B,11.48%,$5.10B,$0.86B,16.77%,$5.10B,$0.47B,9.13%,$0.47B,$3.93B,14.20%,$0.47B,$3.74B,15.02%,$0.47B,$10.03B,4.84%,$0.59B,$6.43B,12.62%,$1461,$1063,$398,$64,$55,$1182,$279,$-132,$106,$41,$65,$51,$51,$-46,$279,$364,364,$0.14,$0.14,$1350,$842,$65,$2485,$0,$856,$186,$531,$1586,$10032,$1975,$2495,$802,$4127,$6102,$6615,$-2817,$0,$3930,$10032,$0,$0,$0,$0,$0,$0,$0,$0,$0,$-560,$-623,$0,$-29,$0,$0,$-32,$109,$-575,$0,$722,$0,$0,$777,$-96,$-79,$1324,$238,$0,$0
22,2010-06-30,41.25,$0.00,0.0,$13.06,3.16,$2.85,14.5,$-1.82,0.0,$2.03B,$3.28B,0.62,$1.65B,$2.96B,0.56,$4.74B,$-0.52B,-10.96%,$4.74B,$-0.92B,-19.44%,$4.74B,$-0.92B,-19.44%,$4.74B,$-0.60B,-12.58%,$4.74B,$-0.49B,-10.24%,$4.74B,$-0.61B,-12.90%,$-0.61B,$2.96B,-21.09%,$-0.61B,$2.79B,-22.44%,$-0.61B,$9.32B,-6.56%,$-0.92B,$4.61B,-22.72%,$1275,$1296,$-21,$54,$63,$1413,$-138,$-6,$-144,$33,$-177,$-177,$-177,$187,$-138,$347,347,$-0.51,$-0.51,$880,$794,$150,$2033,$0,$796,$167,$597,$1564,$9315,$3280,$1646,$749,$3076,$6356,$5834,$-2998,$0,$2959,$9315,$100,$325,$0,$325,$0,$0,$0,$0,$-184,$566,$-378,$0,$1,$0,$0,$-40,$19,$-398,$0,$-286,$0,$0,$4,$-59,$-50,$-391,$-234,$0,$0
23,2010-03-31,36.26,$0.00,0.0,$11.53,3.14,$4.79,7.57,$-0.48,0.0,$1.97B,$3.97B,0.5,$0.66B,$3.20B,0.21,$4.24B,$-0.34B,-8.09%,$4.24B,$-0.70B,-16.55%,$4.24B,$-0.70B,-16.55%,$4.24B,$-0.85B,-19.92%,$4.24B,$0.08B,1.77%,$4.24B,$-0.14B,-3.21%,$-0.14B,$3.20B,-4.59%,$-0.14B,$3.02B,-4.92%,$-0.14B,$9.39B,-1.44%,$-0.70B,$3.86B,-17.01%,$1095,$807,$288,$40,$68,$915,$180,$51,$244,$76,$168,$168,$168,$180,$180,$391,391,$0.43,$0.43,$749,$715,$299,$1971,$0,$837,$180,$526,$1591,$9385,$3971,$659,$775,$2210,$6181,$5811,$-2738,$0,$3204,$9385,$0,$0,$0,$0,$0,$0,$0,$0,$0,$179,$-167,$0,$-9,$0,$0,$-9,$1,$-184,$0,$0,$-317,$0,$0,$-35,$-10,$-362,$-367,$0,$0
24,2009-12-31,38.29,$0.00,0.0,$10.57,3.62,$4.77,8.03,$-0.91,0.0,$2.46B,$4.55B,0.54,$0.65B,$3.03B,0.22,$3.81B,$-0.54B,-14.22%,$3.81B,$-0.86B,-22.68%,$3.81B,$-0.86B,-22.68%,$3.81B,$-0.86B,-22.68%,$3.81B,$-0.12B,-3.18%,$3.81B,$-0.30B,-7.75%,$-0.30B,$3.03B,-10.53%,$-0.30B,$2.85B,-11.30%,$-0.30B,$9.79B,-3.22%,$-0.86B,$3.68B,-21.38%,$1273,$944,$329,$-84,$148,$1008,$265,$674,$650,$204,$446,$424,$424,$265,$265,$366,366,$1.16,$1.15,$1165,$686,$417,$2459,$0,$815,$177,$456,$1509,$9787,$4550,$654,$800,$2207,$6757,$5805,$-2905,$0,$3030,$9787,$0,$0,$0,$0,$0,$0,$0,$0,$0,$502,$123,$0,$-354,$0,$0,$80,$-44,$-195,$0,$0,$43,$0,$306,$-111,$-67,$171,$525,$0,$0
25,2009-09-30,38.85,$0.00,0.0,$9.50,4.09,$-1.69,0.0,$0.79,49.17,$2.79B,$3.25B,0.86,$1.67B,$2.42B,0.69,$3.39B,$-0.22B,-6.55%,$3.39B,$-0.56B,-16.40%,$3.39B,$-0.56B,-16.40%,$3.39B,$-0.56B,-16.40%,$3.39B,$-2.12B,-62.65%,$3.39B,$0.29B,8.61%,$0.29B,$2.42B,10.93%,$0.29B,$2.24B,11.74%,$0.29B,$8.83B,3.35%,$-0.56B,$4.08B,-14.04%,$1101,$2217,$-1116,$43,$70,$2330,$-1229,$-7,$-1236,$-209,$-1027,$-1027,$-1027,$-1229,$-1229,$355,355,$-2.89,$-2.89,$1175,$665,$471,$2788,$0,$380,$175,$445,$1065,$8833,$3250,$1665,$820,$3167,$6417,$5794,$-3378,$0,$2416,$8833,$0,$0,$0,$0,$0,$0,$0,$0,$0,$37,$163,$0,$-1,$0,$0,$-4,$26,$184,$0,$0,$37,$0,$301,$-50,$-94,$194,$533,$0,$0
26,2009-06-30,34.84,$0.00,0.0,$8.69,4.01,$-6.41,0.0,$3.83,9.1,$4.05B,$3.38B,1.2,$1.67B,$3.11B,0.54,$3.17B,$0.99B,31.16%,$3.17B,$0.70B,21.96%,$3.17B,$0.70B,21.96%,$3.17B,$0.70B,21.96%,$3.17B,$-0.76B,-23.94%,$3.17B,$1.38B,43.38%,$1.38B,$3.21B,46.01%,$1.38B,$2.95B,50.01%,$1.38B,$9.83B,15.34%,$0.70B,$4.88B,17.11%,$773,$617,$156,$29,$45,$691,$82,$104,$417,$113,$304,$299,$299,$-61,$82,$359,360,$0.83,$0.83,$2368,$676,$548,$4050,$0,$340,$164,$411,$966,$9830,$3376,$1668,$791,$3344,$6720,$5508,$-2398,$0,$3212,$9830,$504,$0,$0,$0,$0,$0,$0,$0,$0,$498,$396,$0,$-1,$0,$0,$4,$11,$411,$0,$0,$826,$0,$14,$-18,$-73,$749,$1730,$0,$0
27,2009-03-31,34.96,$0.00,0.0,$10.30,3.39,$-9.87,0.0,$2.41,14.51,$1.96B,$3.40B,0.58,$0.95B,$2.55B,0.38,$3.37B,$0.84B,24.93%,$3.37B,$0.55B,16.21%,$3.37B,$0.55B,16.21%,$3.37B,$0.54B,16.09%,$3.37B,$-1.20B,-35.56%,$3.37B,$0.93B,27.49%,$0.93B,$2.55B,34.32%,$0.93B,$2.40B,38.45%,$0.93B,$8.18B,10.20%,$0.55B,$3.50B,15.18%,$658,$568,$90,$22,$49,$639,$19,$8,$48,$39,$9,$9,$9,$162,$19,$358,358,$0.00,$0.00,$613,$613,$541,$1957,$0,$1325,$147,$379,$1901,$8178,$3402,$954,$633,$2229,$5631,$3914,$-1460,$0,$2547,$8178,$-5,$143,$0,$143,$0,$0,$0,$0,$-105,$243,$-239,$0,$0,$0,$0,$17,$-17,$-239,$0,$-1024,$1105,$0,$12,$-18,$-42,$33,$38,$0,$0
28,2008-12-31,26.31,$0.00,0.0,$12.12,2.17,$-10.01,0.0,$1.91,13.77,$2.01B,$3.43B,0.59,$0.87B,$2.51B,0.35,$3.67B,$0.64B,17.55%,$3.67B,$0.37B,10.03%,$3.67B,$0.37B,10.03%,$3.67B,$0.37B,10.03%,$3.67B,$-1.38B,-37.53%,$3.67B,$0.79B,21.42%,$0.79B,$2.51B,30.30%,$0.79B,$2.36B,35.28%,$0.79B,$8.06B,8.30%,$0.37B,$3.38B,10.72%,$858,$210,$648,$20,$56,$286,$572,$-1726,$-1353,$-422,$-931,$1011,$1011,$572,$572,$355,355,$2.85,$2.85,$1189,$599,$0,$2008,$0,$364,$148,$1145,$1707,$8060,$3433,$870,$629,$2116,$5549,$3949,$-1521,$0,$2511,$8060,$0,$0,$0,$0,$0,$0,$0,$0,$0,$-529,$-1155,$0,$48,$0,$0,$-5,$71,$-1041,$0,$0,$239,$0,$1668,$-58,$-93,$1756,$98,$0,$0
29,2008-09-30,21.93,$0.00,0.0,$13.08,1.68,$-5.77,0.0,$-2.65,0.0,$1.98B,$3.66B,0.54,$0.83B,$3.70B,0.22,$3.76B,$-0.23B,-6.09%,$3.76B,$-0.50B,-13.26%,$3.76B,$-0.50B,-13.26%,$3.76B,$-0.93B,-24.64%,$3.76B,$-0.50B,-13.16%,$3.76B,$-0.71B,-18.79%,$-0.71B,$3.70B,-27.61%,$-0.71B,$3.30B,-33.32%,$-0.71B,$9.84B,-7.14%,$-0.50B,$4.53B,-14.00%,$885,$790,$95,$29,$42,$861,$24,$12,$128,$69,$59,$57,$58,$24,$24,$387,387,$0.15,$0.15,$615,$646,$467,$1979,$0,$424,$398,$364,$1199,$9841,$3662,$830,$659,$2477,$6139,$4418,$-796,$0,$3701,$9840,$2781,$0,$-1,$-1,$0,$0,$0,$0,$0,$-784,$-826,$0,$10,$0,$0,$11,$38,$-767,$0,$107,$0,$0,$1702,$0,$-126,$1683,$78,$0,$0
30,2008-06-30,32.14,$0.00,0.0,$14.07,2.28,$-1.46,0.0,$-3.93,0.0,$2.17B,$5.39B,0.4,$0.94B,$2.03B,0.46,$3.80B,$-0.45B,-11.86%,$3.80B,$-0.73B,-19.20%,$3.80B,$-0.73B,-19.20%,$3.80B,$-1.01B,-26.43%,$3.80B,$-0.91B,-23.91%,$3.80B,$-1.08B,-28.49%,$-1.08B,$2.03B,-46.21%,$-1.08B,$1.57B,-57.18%,$-1.08B,$10.24B,-10.99%,$-0.73B,$2.98B,-21.41%,$968,$961,$7,$37,$39,$1037,$-69,$20,$-21,$157,$-178,$-176,$-152,$-216,$-69,$258,258,$-0.59,$-0.59,$570,$738,$615,$2166,$0,$132,$466,$533,$1215,$10243,$5388,$943,$730,$2822,$8210,$2872,$-839,$0,$2033,$10243,$0,$0,$0,$0,$0,$0,$0,$0,$0,$280,$-529,$0,$39,$0,$0,$0,$-93,$-583,$0,$380,$0,$0,$11,$-25,$-37,$329,$4,$0,$0
31,2008-03-31,32.15,$0.00,0.0,$12.70,2.53,$-0.20,0.0,$-2.95,0.0,$1.98B,$5.20B,0.38,$0.71B,$2.13B,0.33,$3.57B,$-0.30B,-8.51%,$3.57B,$-0.58B,-16.15%,$3.57B,$-0.58B,-16.15%,$3.57B,$-0.56B,-15.70%,$3.57B,$-0.71B,-19.98%,$3.57B,$-0.81B,-22.67%,$-0.81B,$2.13B,-30.84%,$-0.81B,$1.68B,-37.08%,$-0.81B,$9.73B,-8.45%,$-0.58B,$2.84B,-15.23%,$958,$1064,$-106,$40,$13,$1117,$-159,$-1,$-131,$-1,$-130,$-131,$-131,$-12,$-159,$262,262,$-0.50,$-0.50,$555,$697,$491,$1984,$0,$133,$452,$489,$1152,$9731,$5202,$708,$777,$2399,$7601,$2773,$-715,$0,$2130,$9731,$-192,$147,$0,$147,$0,$0,$0,$0,$-63,$189,$-225,$0,$0,$0,$0,$-3,$2,$-226,$0,$-20,$160,$0,$9,$-19,$-33,$97,$19,$0,$0
32,2007-12-31,40.46,$0.00,0.0,$10.86,3.72,$0.06,734.22,$-2.38,0.0,$1.96B,$3.95B,0.5,$1.53B,$2.38B,0.64,$3.37B,$-0.05B,-1.40%,$3.37B,$-0.33B,-9.77%,$3.37B,$-0.33B,-9.77%,$3.37B,$-0.33B,-9.77%,$3.37B,$-0.49B,-14.60%,$3.37B,$-0.65B,-19.29%,$-0.65B,$2.38B,-23.04%,$-0.65B,$1.94B,-27.22%,$-0.65B,$9.82B,-6.93%,$-0.33B,$3.91B,-8.00%,$951,$1176,$-225,$41,$29,$1246,$-295,$-42,$-471,$10,$-481,$-488,$-482,$-723,$-295,$282,282,$-1.71,$-1.71,$535,$676,$516,$1960,$0,$138,$440,$480,$1138,$9820,$3948,$1533,$846,$3493,$7441,$3285,$-906,$0,$2379,$9820,$0,$0,$0,$0,$0,$0,$0,$0,$0,$882,$-1024,$0,$1,$0,$0,$-2,$3,$-1022,$0,$310,$0,$0,$34,$-144,$-73,$127,$1,$0,$0
33,2007-09-30,44.31,$0.00,0.0,$10.57,4.19,$2.07,21.44,$-0.93,0.0,$1.97B,$3.75B,0.52,$1.08B,$2.83B,0.38,$3.19B,$0.45B,14.15%,$3.19B,$0.20B,6.21%,$3.19B,$0.20B,6.21%,$3.19B,$0.79B,24.87%,$3.19B,$-0.00B,-0.06%,$3.19B,$-0.23B,-7.31%,$-0.23B,$2.83B,-7.84%,$-0.23B,$2.39B,-9.15%,$-0.23B,$9.62B,-2.54%,$0.20B,$3.91B,4.67%,$925,$1052,$-127,$35,$45,$1132,$-207,$-47,$-286,$21,$-307,$-315,$-318,$-54,$-207,$281,281,$-1.13,$-1.13,$544,$605,$595,$1965,$0,$143,$442,$473,$1131,$9622,$3752,$1079,$811,$3036,$6788,$3241,$-408,$0,$2833,$9621,$-25,$428,$0,$428,$0,$0,$0,$0,$-105,$709,$-668,$0,$0,$0,$0,$3,$-40,$-705,$0,$176,$0,$0,$21,$-141,$-68,$-12,$7,$0,$0
34,2007-06-30,35.62,$0.00,0.0,$10.09,3.53,$3.04,11.74,$1.17,30.44,$1.71B,$2.71B,0.63,$1.33B,$3.16B,0.42,$3.06B,$0.82B,26.76%,$3.06B,$0.60B,19.70%,$3.06B,$0.60B,19.70%,$3.06B,$1.19B,38.88%,$3.06B,$0.63B,20.52%,$3.06B,$0.36B,11.79%,$0.36B,$3.16B,12.12%,$0.36B,$2.73B,14.09%,$0.36B,$9.16B,4.07%,$0.60B,$4.49B,13.98%,$739,$585,$154,$33,$37,$655,$84,$13,$174,$52,$122,$122,$121,$228,$84,$310,310,$0.39,$0.39,$422,$586,$483,$1710,$0,$171,$433,$438,$1101,$9161,$2714,$1325,$776,$3284,$5998,$3169,$-5,$0,$3164,$9162,$261,$275,$0,$275,$0,$0,$0,$0,$-106,$524,$-431,$0,$1,$0,$0,$-2,$-37,$-469,$0,$0,$84,$0,$18,$-103,$-34,$-35,$-97,$0,$0
35,2007-03-31,42.0,$0.00,0.0,$11.11,3.78,$3.67,11.43,$0.58,72.41,$1.77B,$2.81B,0.63,$1.24B,$2.91B,0.43,$3.09B,$0.72B,23.15%,$3.09B,$0.52B,16.77%,$3.09B,$0.52B,16.77%,$3.09B,$1.11B,35.88%,$3.09B,$0.43B,13.92%,$3.09B,$0.20B,6.31%,$0.20B,$2.91B,6.83%,$0.20B,$2.49B,7.98%,$0.20B,$8.93B,2.24%,$0.52B,$4.14B,12.38%,$754,$603,$151,$27,$35,$665,$89,$2,$91,$62,$29,$30,$29,$220,$89,$414,414,$0.07,$0.07,$436,$484,$639,$1771,$0,$178,$421,$428,$1088,$8928,$2808,$1235,$834,$3209,$6017,$3042,$-133,$0,$2909,$8926,$91,$131,$-1,$130,$0,$0,$0,$0,$-31,$241,$-194,$0,$0,$0,$0,$-15,$-18,$-227,$0,$6,$0,$0,$14,$-94,$-29,$-103,$-96,$0,$0
36,2006-12-31,44.0,$0.00,0.0,$11.88,3.7,$3.86,11.39,$-0.18,0.0,$1.83B,$2.50B,0.73,$1.42B,$2.99B,0.48,$3.02B,$0.50B,16.63%,$3.02B,$0.32B,10.71%,$3.02B,$0.32B,10.71%,$3.02B,$0.92B,30.52%,$3.02B,$0.17B,5.56%,$3.02B,$-0.01B,-0.36%,$-0.01B,$2.99B,-0.41%,$-0.01B,$2.57B,-0.48%,$-0.01B,$8.94B,-0.13%,$0.32B,$4.41B,7.77%,$770,$497,$273,$19,$22,$538,$232,$-71,$19,$81,$-62,$-65,$-65,$399,$232,$250,250,$-0.26,$-0.26,$506,$489,$650,$1830,$0,$169,$415,$413,$1059,$8943,$2499,$1423,$871,$3459,$5958,$3154,$-169,$0,$2985,$8943,$168,$599,$-1,$598,$0,$0,$0,$0,$-140,$1137,$-760,$0,$9,$0,$0,$-9,$22,$-738,$0,$-397,$0,$0,$512,$-132,$-93,$-110,$286,$0,$0
