,Date,Stock Price,Book Value per Share,Price to Book Ratio,TTM Sales per Share,Price to Sales Ratio,TTM FCF per Share,Price to FCF Ratio,TTM Net EPS,PE Ratio,Current Assets,Current Liabilities,Current Ratio,Long Term Debt,Shareholder's Equity_x,Debt to Equity Ratio,TTM Revenue_x,TTM Gross Profit,Gross Margin,TTM Revenue_y,TTM Operating Income,Operating Margin,TTM Revenue_x,TTM EBIT,EBIT Margin,TTM Revenue_y,TTM EBITDA,EBITDA Margin,TTM Revenue_x,TTM Pre-Tax Income,Pre-Tax Margin,TTM Revenue_y,TTM Net Income_x,Net Margin,TTM Net Income_y,Shareholder's Equity_y,Return on Equity,TTM Net Income_x,Tangible Equity,Return on Tangible Equity,TTM Net Income_y,Total Assets,Return on Assets,TTM Net Income,LT Investments & Debt,Return on Investment,revenue,cost-goods-sold,gross-profit,research-development-expenses,selling-general-administrative-expenses,operating-expenses,operating-income,total-non-operating-income-expense,pre-tax-income,total-provision-income-taxes,income-after-taxes,income-from-continuous-operations,net-income,ebitda,ebit,basic-shares-outstanding,shares-outstanding,eps-basic-net-earnings-per-share,eps-earnings-per-share-diluted,cash-on-hand,inventory,other-current-assets,total-current-assets,net-property-plant-equipment,long-term-investments,goodwill-intangible-assets-total,other-long-term-assets,total-long-term-assets,total-assets,total-current-liabilities,long-term-debt,other-non-current-liabilities,total-long-term-liabilities,total-liabilities,common-stock-net,retained-earnings-accumulated-deficit,comprehensive-income,total-share-holder-equity,total-liabilities-share-holders-equity,net-income-loss,total-depreciation-amortization-cash-flow,other-non-cash-items,total-non-cash-items,change-in-accounts-receivable,change-in-inventories,change-in-accounts-payable,change-in-assets-liabilities,total-change-in-assets-liabilities,cash-flow-from-operating-activities,net-change-in-property-plant-equipment,net-change-in-intangible-assets,net-acquisitions-divestitures,net-change-in-short-term-investments,net-change-in-long-term-investments,net-change-in-investments-total,investing-activities-other,cash-flow-from-investing-activities,net-long-term-debt,net-current-debt,debt-issuance-retirement-net-total,net-common-equity-issued-repurchased,net-total-equity-issued-repurchased,total-common-preferred-stock-dividends-paid,financial-activities-other,cash-flow-from-financial-activities,net-cash-flow,stock-based-compensation,common-stock-dividends-paid
0,2018-09-30,10.06,$0.00,0.0,$5.62,1.79,$1.53,6.58,$0.32,31.44,$0.11B,$0.06B,1.97,$0.00B,$0.00B,0.0,$0.17B,$0.11B,62.79%,$0.17B,$0.01B,8.14%,$0.17B,$0.01B,8.14%,$0.17B,$0.02B,10.47%,$0.17B,$0.01B,8.14%,$0.17B,$0.01B,5.23%,$0.01B,$0.09B,9.92%,$0.01B,$0.05B,16.98%,$0.01B,$0.18B,5.16%,$0.01B,$0.10B,14.51%,$45,$17,$28,$8,$14,$40,$5,$-0,$5,$1,$4,$4,$4,$6,$5,$29,30,$0.14,$0.14,$53,$22,$0,$110,$4,$3,$38,$19,$69,$178,$56,$4,$20,$31,$87,$0,$0,$0,$91,$178,$9,$2,$2,$4,$-8,$-6,$1,$10,$1,$14,$-1,$0,$0,$-4,$2,$-1,$0,$-2,$-2,$0,$-2,$-7,$-7,$-6,$-0,$-15,$-3,$2,$-6
1,2018-06-30,7.63,$0.00,0.0,$5.38,1.42,$1.36,5.6,$0.21,36.31,$0.10B,$0.05B,1.99,$0.01B,$0.00B,0.0,$0.17B,$0.11B,63.25%,$0.17B,$0.01B,7.23%,$0.17B,$0.01B,7.23%,$0.17B,$0.02B,9.04%,$0.17B,$0.01B,7.23%,$0.17B,$0.01B,3.61%,$0.01B,$0.09B,6.47%,$0.01B,$0.05B,10.96%,$0.01B,$0.17B,3.45%,$0.01B,$0.10B,12.12%,$44,$16,$27,$9,$15,$40,$3,$-0,$3,$1,$2,$2,$2,$4,$3,$29,30,$0.08,$0.08,$54,$19,$0,$104,$4,$4,$38,$19,$70,$174,$52,$5,$20,$32,$84,$0,$0,$0,$90,$174,$5,$1,$1,$3,$-4,$-2,$0,$8,$3,$10,$-1,$0,$0,$2,$-0,$1,$0,$1,$-1,$0,$-1,$-9,$-9,$0,$-0,$-10,$1,$1,$0
2,2018-03-31,7.01,$0.00,0.0,$5.10,1.37,$1.11,6.33,$0.16,43.8,$0.09B,$0.05B,1.79,$0.01B,$0.00B,0.0,$0.16B,$0.10B,63.35%,$0.16B,$0.01B,6.83%,$0.16B,$0.01B,6.83%,$0.16B,$0.01B,8.70%,$0.16B,$0.01B,6.83%,$0.16B,$0.01B,3.11%,$0.01B,$0.09B,5.19%,$0.01B,$0.05B,8.62%,$0.01B,$0.17B,2.83%,$0.01B,$0.10B,10.68%,$42,$15,$27,$9,$16,$39,$3,$0,$3,$1,$2,$2,$2,$4,$3,$29,30,$0.08,$0.08,$44,$18,$0,$90,$4,$16,$38,$20,$84,$174,$50,$6,$21,$33,$84,$0,$0,$0,$90,$174,$2,$1,$1,$1,$-1,$-1,$0,$8,$5,$8,$-0,$0,$0,$0,$1,$1,$0,$0,$-1,$0,$-1,$-6,$-6,$0,$-0,$-7,$2,$1,$0
3,2017-12-31,7.21,$0.00,0.0,$4.83,1.49,$0.86,8.43,$0.12,60.12,$0.08B,$0.05B,1.71,$0.01B,$0.00B,0.0,$0.16B,$0.10B,62.82%,$0.16B,$0.01B,6.41%,$0.16B,$0.01B,6.41%,$0.16B,$0.01B,8.33%,$0.16B,$0.01B,6.41%,$0.16B,$0.00B,2.56%,$0.00B,$0.09B,4.00%,$0.00B,$0.05B,6.50%,$0.00B,$0.17B,2.23%,$0.01B,$0.10B,9.32%,$41,$15,$26,$8,$15,$38,$3,$-0,$3,$3,$1,$1,$1,$4,$3,$31,32,$0.03,$0.03,$34,$17,$0,$77,$4,$25,$38,$20,$94,$171,$45,$6,$21,$33,$79,$0,$0,$0,$92,$171,$4,$3,$2,$5,$2,$-0,$-2,$7,$8,$18,$-2,$0,$0,$1,$9,$10,$0,$8,$-4,$0,$-4,$-23,$-23,$0,$0,$-26,$-0,$2,$0
4,2017-09-30,7.0,$0.00,0.0,$4.60,1.52,$0.82,8.49,$0.54,12.96,$0.07B,$0.04B,1.69,$0.01B,$0.00B,0.0,$0.15B,$0.10B,62.09%,$0.15B,$0.01B,7.19%,$0.15B,$0.01B,7.19%,$0.15B,$0.01B,9.15%,$0.15B,$0.01B,6.54%,$0.15B,$0.02B,11.76%,$0.02B,$0.10B,17.27%,$0.02B,$0.06B,27.48%,$0.02B,$0.18B,9.84%,$0.01B,$0.11B,9.84%,$39,$15,$25,$8,$14,$37,$3,$0,$3,$2,$1,$1,$1,$3,$3,$31,32,$0.03,$0.03,$28,$16,$0,$74,$4,$32,$38,$20,$103,$177,$44,$7,$21,$34,$78,$0,$0,$0,$99,$177,$3,$2,$2,$4,$-1,$-0,$-2,$4,$2,$9,$-1,$0,$0,$0,$6,$7,$0,$6,$-3,$0,$-3,$-15,$-15,$0,$0,$-17,$-2,$2,$0
5,2017-06-30,5.87,$0.00,0.0,$4.45,1.32,$0.86,6.79,$0.54,10.87,$0.08B,$0.05B,1.72,$0.01B,$0.00B,0.0,$0.15B,$0.09B,61.59%,$0.15B,$0.01B,6.62%,$0.15B,$0.01B,6.62%,$0.15B,$0.01B,9.27%,$0.15B,$0.01B,5.96%,$0.15B,$0.02B,11.92%,$0.02B,$0.10B,17.22%,$0.02B,$0.07B,27.48%,$0.02B,$0.18B,9.90%,$0.01B,$0.11B,8.99%,$39,$15,$24,$7,$15,$37,$2,$-0,$2,$1,$1,$1,$1,$3,$2,$32,33,$0.03,$0.03,$29,$16,$0,$78,$4,$32,$39,$20,$105,$184,$45,$7,$21,$34,$80,$0,$0,$0,$104,$184,$2,$2,$1,$3,$-4,$0,$-3,$3,$-2,$3,$-1,$0,$0,$1,$0,$1,$0,$0,$-2,$0,$-2,$-9,$-9,$0,$0,$-11,$-7,$1,$0
6,2017-03-31,6.87,$0.00,0.0,$4.23,1.62,$0.99,6.97,$0.53,12.96,$0.08B,$0.05B,1.71,$0.01B,$0.00B,0.0,$0.15B,$0.09B,61.49%,$0.15B,$0.01B,6.08%,$0.15B,$0.01B,6.08%,$0.15B,$0.01B,8.78%,$0.15B,$0.01B,5.41%,$0.15B,$0.02B,12.16%,$0.02B,$0.11B,16.86%,$0.02B,$0.07B,26.57%,$0.02B,$0.18B,9.93%,$0.01B,$0.11B,7.96%,$37,$14,$23,$7,$14,$35,$2,$-0,$2,$1,$1,$1,$1,$3,$2,$32,33,$0.04,$0.04,$28,$16,$0,$77,$4,$35,$39,$19,$108,$184,$45,$8,$21,$34,$79,$0,$0,$0,$105,$184,$1,$1,$1,$1,$-2,$-0,$-3,$3,$-2,$1,$-0,$0,$0,$0,$0,$0,$0,$-0,$-1,$0,$-1,$-6,$-6,$0,$0,$-7,$-7,$1,$0
7,2016-12-31,6.22,$3.35,1.86,$4.03,1.54,$1.03,6.02,$0.48,12.97,$0.08B,$0.05B,1.78,$0.01B,$0.11B,0.08,$0.15B,$0.09B,60.96%,$0.15B,$0.01B,5.48%,$0.15B,$0.01B,5.48%,$0.15B,$0.01B,8.22%,$0.15B,$0.01B,4.79%,$0.15B,$0.02B,11.64%,$0.02B,$0.11B,15.60%,$0.02B,$0.07B,24.37%,$0.02B,$0.19B,9.37%,$0.01B,$0.12B,6.99%,$38,$15,$23,$8,$12,$34,$4,$-0,$3,$-11,$15,$15,$15,$5,$4,$35,36,$0.42,$0.41,$35,$16,$0,$80,$4,$35,$39,$18,$107,$187,$45,$8,$19,$34,$78,$0,$-44,$-0,$109,$187,$16,$4,$2,$6,$1,$0,$0,$-5,$-4,$18,$-1,$0,$0,$15,$1,$16,$0,$14,$-5,$6,$1,$-27,$-27,$0,$-0,$-27,$5,$2,$0
8,2016-09-30,5.23,$0.00,0.0,$3.90,1.34,$0.97,5.42,$0.11,47.58,$0.08B,$0.04B,1.77,$0.00B,$0.00B,0.0,$0.14B,$0.09B,60.42%,$0.14B,$0.01B,4.17%,$0.14B,$0.01B,4.17%,$0.14B,$0.01B,6.94%,$0.14B,$0.01B,4.17%,$0.14B,$0.01B,3.47%,$0.01B,$0.10B,4.50%,$0.01B,$0.06B,6.99%,$0.01B,$0.17B,2.74%,$0.01B,$0.10B,5.17%,$37,$15,$23,$7,$13,$35,$2,$-0,$2,$1,$1,$1,$1,$3,$2,$34,35,$0.03,$0.03,$30,$16,$0,$77,$4,$35,$39,$18,$96,$172,$43,$4,$19,$29,$72,$0,$0,$0,$100,$172,$1,$3,$2,$5,$-1,$1,$0,$3,$5,$12,$-1,$0,$0,$2,$14,$16,$0,$14,$-4,$0,$-4,$-21,$-21,$0,$-0,$-26,$0,$2,$0
9,2016-06-30,4.11,$0.00,0.0,$3.69,1.11,$0.87,4.72,$0.08,51.34,$0.08B,$0.04B,2.01,$0.01B,$0.00B,0.0,$0.14B,$0.08B,59.57%,$0.14B,$0.01B,3.55%,$0.14B,$0.01B,3.55%,$0.14B,$0.01B,6.38%,$0.14B,$0.01B,3.55%,$0.14B,$0.00B,2.84%,$0.00B,$0.11B,3.46%,$0.00B,$0.07B,5.19%,$0.00B,$0.18B,2.17%,$0.01B,$0.12B,4.16%,$36,$14,$22,$7,$13,$35,$1,$0,$1,$1,$1,$1,$1,$2,$1,$36,37,$0.02,$0.02,$37,$15,$0,$79,$4,$41,$40,$17,$103,$182,$39,$5,$18,$29,$68,$0,$0,$0,$113,$182,$0,$2,$1,$3,$3,$2,$-2,$1,$4,$8,$-1,$0,$0,$1,$1,$2,$0,$1,$-3,$0,$-3,$-7,$-7,$0,$-0,$-10,$-0,$1,$0
10,2016-03-31,4.56,$0.00,0.0,$3.51,1.3,$0.83,5.46,$0.06,75.97,$0.07B,$0.04B,1.65,$0.01B,$0.00B,0.0,$0.14B,$0.08B,59.12%,$0.14B,$0.00B,1.46%,$0.14B,$0.00B,1.46%,$0.14B,$0.01B,4.38%,$0.14B,$0.00B,2.19%,$0.14B,$0.00B,0.73%,$0.00B,$0.11B,0.84%,$0.00B,$0.07B,1.24%,$0.00B,$0.19B,0.54%,$0.00B,$0.12B,1.63%,$35,$14,$21,$7,$13,$34,$1,$-0,$1,$1,$-0,$-0,$-0,$2,$1,$37,37,$-0.01,$-0.01,$24,$17,$0,$71,$4,$53,$40,$15,$114,$185,$43,$5,$16,$28,$71,$0,$0,$0,$114,$185,$-0,$1,$1,$2,$0,$-0,$1,$1,$1,$3,$-0,$0,$0,$0,$1,$2,$0,$1,$-1,$0,$-1,$-5,$-5,$0,$0,$-6,$-2,$1,$0
11,2015-12-31,3.82,$3.10,1.23,$3.47,1.1,$0.87,4.41,$0.06,63.71,$0.07B,$0.04B,1.7,$0.01B,$0.12B,0.05,$0.14B,$0.08B,58.99%,$0.14B,$0.00B,1.44%,$0.14B,$0.00B,1.44%,$0.14B,$0.01B,4.32%,$0.14B,$0.00B,2.16%,$0.14B,$0.00B,0.72%,$0.00B,$0.12B,0.82%,$0.00B,$0.08B,1.17%,$0.00B,$0.19B,0.53%,$0.00B,$0.12B,1.59%,$36,$14,$21,$7,$12,$33,$2,$-0,$2,$-0,$3,$3,$3,$3,$2,$38,39,$0.07,$0.07,$27,$17,$0,$74,$4,$53,$40,$16,$116,$190,$43,$6,$16,$29,$72,$0,$-61,$-0,$117,$190,$0,$4,$2,$4,$7,$-2,$-3,$6,$11,$18,$-2,$0,$-2,$5,$4,$8,$0,$4,$-5,$6,$-5,$-19,$-19,$0,$-0,$-18,$4,$2,$0
12,2015-09-30,3.19,$0.00,0.0,$3.46,0.92,$0.54,5.86,$0.01,318.56,$0.07B,$0.04B,1.81,$0.00B,$0.00B,0.0,$0.14B,$0.08B,59.15%,$0.14B,$0.00B,1.41%,$0.14B,$0.00B,1.41%,$0.14B,$0.01B,4.93%,$0.14B,$0.00B,2.11%,$0.14B,$-0.00B,-0.70%,$-0.00B,$0.12B,-0.79%,$-0.00B,$0.08B,-1.11%,$-0.00B,$0.18B,-0.52%,$0.00B,$0.12B,1.54%,$34,$14,$20,$7,$13,$33,$1,$-0,$1,$1,$-0,$-0,$-0,$2,$1,$39,39,$0.00,$0.00,$22,$16,$0,$72,$0,$52,$36,$17,$105,$181,$40,$2,$17,$22,$62,$0,$0,$0,$119,$181,$-2,$3,$2,$5,$7,$-2,$-3,$4,$7,$10,$-2,$0,$0,$6,$5,$10,$0,$9,$-3,$0,$-3,$-15,$-15,$0,$-0,$-18,$0,$2,$0
13,2015-06-30,3.17,$0.00,0.0,$3.49,0.91,$0.39,8.2,$-0.01,0.0,$0.08B,$0.04B,1.9,$0.00B,$-0.00B,-1.11,$0.15B,$0.09B,58.50%,$0.15B,$0.00B,1.36%,$0.15B,$0.00B,1.36%,$0.15B,$0.01B,4.76%,$0.15B,$0.00B,2.04%,$0.15B,$-0.00B,-1.36%,$-0.00B,$0.12B,-1.53%,$-0.00B,$0.09B,-2.13%,$-0.00B,$0.19B,-1.01%,$0.00B,$0.13B,1.48%,$32,$13,$19,$7,$14,$34,$-2,$1,$-1,$1,$-2,$-2,$-2,$-1,$-2,$41,41,$-0.05,$-0.05,$24,$15,$2,$75,$0,$52,$36,$21,$109,$189,$40,$3,$19,$25,$65,$0,$-63,$0,$124,$189,$-2,$2,$1,$3,$6,$-0,$-4,$4,$7,$8,$-1,$0,$0,$3,$4,$7,$0,$6,$-2,$0,$-2,$-11,$-11,$0,$-0,$-14,$1,$1,$0
14,2015-03-31,4.51,$0.00,0.0,$3.57,1.26,$0.24,18.74,$-0.01,0.0,$0.08B,$0.04B,1.85,$0.00B,$0.00B,0.0,$0.15B,$0.09B,58.17%,$0.15B,$0.00B,2.61%,$0.15B,$0.00B,2.61%,$0.15B,$0.01B,5.88%,$0.15B,$0.00B,2.61%,$0.15B,0,0.00%,$0.00B,$0.13B,0.00%,$0.00B,$0.09B,0.00%,$0.00B,$0.20B,0.00%,$0.00B,$0.13B,2.87%,$37,$15,$22,$8,$13,$36,$1,$0,$1,$1,$-0,$-0,$-0,$2,$1,$42,42,$-0.01,$-0.01,$22,$15,$9,$77,$0,$58,$36,$21,$116,$197,$42,$4,$18,$26,$68,$0,$0,$0,$129,$197,$-0,$1,$1,$2,$0,$0,$-3,$5,$3,$5,$-1,$0,$0,$3,$1,$4,$0,$3,$-1,$0,$-1,$-5,$-5,$0,$0,$-6,$2,$1,$0
15,2014-12-31,4.45,$3.16,1.41,$3.58,1.24,$0.19,23.84,$-0.01,0.0,$0.08B,$0.04B,1.84,$0.01B,$0.13B,0.04,$0.15B,$0.09B,57.89%,$0.15B,$0.00B,1.97%,$0.15B,$0.00B,1.97%,$0.15B,$0.01B,5.26%,$0.15B,$0.00B,1.97%,$0.15B,0,0.00%,$0.00B,$0.13B,0.00%,$0.00B,$0.10B,0.00%,$0.00B,$0.20B,0.00%,$0.00B,$0.14B,2.11%,$39,$16,$23,$8,$13,$37,$2,$-0,$2,$1,$1,$1,$1,$4,$2,$43,43,$0.02,$0.02,$23,$15,$3,$75,$40,$63,$37,$18,$159,$200,$41,$5,$18,$26,$67,$0,$-61,$-0,$134,$200,$-0,$4,$3,$4,$-7,$-1,$3,$6,$-1,$6,$-3,$-0,$0,$1,$-42,$-41,$-0,$-43,$-5,$0,$-5,$27,$27,$0,$-0,$21,$-16,$3,$0
16,2014-09-30,4.71,$0.00,0.0,$3.58,1.31,$0.42,11.17,$0.04,117.63,$0.08B,$0.04B,1.84,$0.01B,$0.00B,0.0,$0.15B,$0.09B,57.72%,$0.15B,$0.00B,1.34%,$0.15B,$0.00B,1.34%,$0.15B,$0.01B,4.03%,$0.15B,$0.00B,1.34%,$0.15B,$0.00B,1.34%,$0.00B,$0.14B,1.55%,$0.00B,$0.10B,2.20%,$0.00B,$0.21B,1.01%,$0.00B,$0.14B,1.47%,$39,$16,$22,$8,$13,$38,$1,$-0,$1,$1,$-1,$-1,$-1,$2,$1,$43,43,$-0.02,$-0.02,$25,$15,$9,$80,$0,$59,$37,$23,$123,$206,$43,$6,$19,$28,$71,$0,$0,$0,$135,$206,$-1,$2,$0,$2,$0,$0,$0,$0,$-8,$4,$-1,$0,$0,$0,$0,$-60,$18,$-44,$0,$0,$-0,$0,$-3,$0,$28,$25,$-15,$0,$0
17,2014-06-30,6.91,$0.00,0.0,$3.57,1.94,$0.56,12.4,$0.08,86.38,$0.08B,$0.04B,1.94,$0.01B,$0.14B,0.05,$0.15B,$0.08B,57.93%,$0.15B,$0.00B,1.38%,$0.15B,$0.00B,1.38%,$0.15B,$0.01B,4.14%,$0.15B,$0.00B,1.38%,$0.15B,$0.00B,2.76%,$0.00B,$0.14B,3.32%,$0.00B,$0.10B,4.85%,$0.00B,$0.21B,2.10%,$0.00B,$0.15B,1.54%,$38,$15,$22,$8,$13,$37,$0,$0,$0,$0,$-0,$-0,$-0,$1,$0,$43,43,$0.00,$0.00,$27,$14,$9,$80,$0,$60,$37,$25,$126,$209,$41,$7,$20,$30,$71,$0,$0,$0,$138,$209,$-0,$2,$0,$2,$0,$0,$0,$0,$-2,$2,$-1,$0,$0,$0,$0,$-46,$4,$-43,$0,$0,$-2,$0,$32,$0,$-1,$29,$-13,$0,$0
18,2014-03-31,7.11,$0.00,0.0,$3.57,1.99,$0.69,10.23,$0.09,78.96,$0.14B,$0.04B,3.47,$0.01B,$0.00B,0.0,$0.14B,$0.08B,57.45%,$0.14B,$0.00B,1.42%,$0.14B,$0.00B,1.42%,$0.14B,$0.01B,4.26%,$0.14B,$0.00B,2.13%,$0.14B,$0.00B,2.84%,$0.00B,$0.14B,3.60%,$0.00B,$0.10B,5.50%,$0.00B,$0.21B,2.22%,$0.00B,$0.15B,1.65%,$36,$15,$21,$8,$13,$36,$0,$0,$0,$1,$-0,$-0,$-0,$1,$0,$40,40,$-0.01,$-0.01,$88,$14,$8,$137,$0,$0,$38,$25,$67,$207,$39,$9,$19,$31,$70,$0,$0,$0,$137,$207,$-0,$1,$0,$1,$0,$0,$0,$0,$1,$2,$-0,$0,$0,$0,$0,$11,$2,$13,$0,$0,$-1,$0,$32,$0,$0,$30,$45,$0,$0
19,2013-12-31,6.99,$2.71,2.58,$3.51,1.99,$0.72,9.72,$0.10,69.89,$0.10B,$0.04B,2.75,$0.01B,$0.11B,0.09,$0.14B,$0.08B,57.66%,$0.14B,$0.00B,1.46%,$0.14B,$0.00B,1.46%,$0.14B,$0.01B,4.38%,$0.14B,$0.00B,2.19%,$0.14B,$0.00B,2.92%,$0.00B,$0.11B,3.94%,$0.00B,$0.07B,6.23%,$0.00B,$0.17B,2.35%,$0.00B,$0.12B,1.76%,$36,$15,$21,$7,$12,$35,$1,$-0,$1,$-2,$3,$3,$3,$2,$1,$39,40,$0.07,$0.07,$56,$14,$2,$102,$38,$0,$38,$26,$107,$174,$37,$10,$20,$32,$69,$0,$-61,$0,$105,$174,$4,$3,$2,$3,$-2,$3,$0,$1,$5,$14,$-2,$0,$-1,$1,$9,$8,$4,$9,$-8,$0,$-8,$2,$2,$0,$-1,$-7,$16,$2,$0
20,2013-09-30,6.86,$0.00,0.0,$3.46,1.98,$0.43,15.92,$0.04,171.54,$0.10B,$0.04B,2.72,$0.01B,$0.00B,0.0,$0.13B,$0.08B,57.46%,$0.13B,$0.00B,1.49%,$0.13B,$0.00B,1.49%,$0.13B,$0.01B,4.48%,$0.13B,$0.00B,2.24%,$0.13B,$0.00B,1.49%,$0.00B,$0.10B,2.01%,$0.00B,$0.06B,3.16%,$0.00B,$0.17B,1.19%,$0.00B,$0.11B,1.77%,$35,$15,$20,$7,$12,$34,$1,$0,$1,$0,$1,$1,$1,$2,$1,$38,39,$0.02,$0.02,$51,$13,$9,$101,$0,$7,$38,$18,$67,$172,$37,$12,$19,$33,$70,$0,$0,$0,$102,$172,$1,$3,$0,$3,$0,$0,$0,$0,$3,$8,$-1,$0,$-1,$0,$0,$4,$3,$4,$0,$0,$-7,$0,$1,$0,$-1,$-6,$6,$0,$0
21,2013-06-30,4.34,$0.00,0.0,$3.38,1.29,$0.06,69.37,$-0.01,0.0,$0.10B,$0.04B,2.8,$0.01B,$0.00B,0.0,$0.13B,$0.08B,57.69%,$0.13B,0,0.00%,$0.13B,0,0.00%,$0.13B,$0.00B,3.08%,$0.13B,$0.00B,0.77%,$0.13B,0,0.00%,$0.00B,$0.10B,0.00%,$0.00B,$0.06B,0.00%,$0.00B,$0.17B,0.00%,$0.00B,$0.11B,0.00%,$34,$14,$19,$7,$12,$33,$0,$0,$1,$0,$0,$0,$0,$1,$0,$38,39,$0.01,$0.01,$50,$13,$8,$97,$0,$8,$39,$17,$67,$168,$35,$13,$18,$33,$68,$0,$0,$0,$100,$168,$1,$2,$0,$2,$0,$0,$0,$0,$4,$7,$-1,$0,$0,$0,$0,$4,$0,$3,$0,$0,$-5,$0,$0,$0,$-1,$-6,$4,$0,$0
22,2013-03-31,3.72,$0.00,0.0,$3.29,1.13,$-0.22,0.0,$-0.07,0.0,$0.09B,$0.03B,2.75,$0.01B,$0.00B,0.0,$0.13B,$0.07B,58.27%,$0.13B,$-0.00B,-1.57%,$0.13B,$-0.00B,-1.57%,$0.13B,$0.00B,1.57%,$0.13B,$-0.00B,-1.57%,$0.13B,$-0.00B,-1.57%,$-0.00B,$0.10B,-2.04%,$-0.00B,$0.07B,-3.17%,$-0.00B,$0.17B,-1.19%,$-0.00B,$0.11B,-1.76%,$32,$13,$19,$7,$11,$32,$0,$-0,$0,$0,$0,$0,$0,$1,$0,$38,39,$0.00,$0.00,$45,$16,$8,$93,$0,$22,$35,$9,$69,$166,$34,$14,$17,$33,$67,$0,$0,$0,$99,$166,$0,$1,$0,$1,$0,$0,$0,$0,$1,$3,$-0,$0,$0,$0,$0,$0,$0,$-0,$0,$0,$-2,$0,$0,$0,$-0,$-3,$-0,$0,$0
23,2012-12-31,3.16,$0.00,0.0,$3.26,0.97,$-0.29,0.0,$-0.11,0.0,$0.08B,$0.04B,2.32,$0.02B,$0.10B,0.15,$0.13B,$0.07B,58.27%,$0.13B,$-0.00B,-3.15%,$0.13B,$-0.00B,-3.15%,$0.13B,0,0.00%,$0.13B,$-0.00B,-2.36%,$0.13B,$-0.00B,-3.15%,$-0.00B,$0.10B,-4.04%,$-0.00B,$0.06B,-6.30%,$-0.00B,$0.17B,-2.31%,$-0.00B,$0.11B,-3.43%,$33,$14,$19,$6,$11,$32,$1,$0,$1,$0,$1,$1,$1,$2,$1,$38,38,$0.01,$0.01,$34,$17,$7,$82,$0,$17,$35,$25,$80,$166,$35,$15,$16,$32,$68,$0,$-65,$0,$98,$166,$-4,$3,$2,$3,$7,$4,$-6,$0,$2,$3,$-2,$0,$0,$4,$-0,$4,$-0,$1,$-10,$0,$-10,$-7,$-7,$0,$-0,$-17,$-13,$2,$0
24,2012-09-30,2.46,$0.00,0.0,$3.29,0.75,$-0.38,0.0,$-0.10,0.0,$0.08B,$0.04B,2.11,$0.02B,$0.00B,0.0,$0.13B,$0.08B,58.78%,$0.13B,$-0.00B,-3.05%,$0.13B,$-0.00B,-3.05%,$0.13B,0,0.00%,$0.13B,$-0.00B,-2.29%,$0.13B,$-0.00B,-3.05%,$-0.00B,$0.10B,-3.96%,$-0.00B,$0.06B,-6.13%,$-0.00B,$0.17B,-2.22%,$-0.00B,$0.11B,-3.32%,$31,$14,$18,$7,$12,$33,$-1,$0,$-1,$0,$-1,$-1,$-1,$-0,$-1,$39,39,$-0.03,$-0.03,$27,$19,$3,$82,$0,$28,$35,$15,$81,$167,$39,$16,$15,$33,$71,$0,$0,$0,$96,$167,$-5,$2,$0,$2,$0,$0,$0,$0,$-3,$-5,$-2,$0,$0,$0,$0,$2,$0,$0,$0,$-7,$0,$0,$-6,$0,$-0,$-14,$-19,$0,$0
25,2012-06-30,1.73,$0.00,0.0,$3.35,0.52,$-0.36,0.0,$-0.08,0.0,$0.09B,$0.04B,2.15,$0.02B,$0.00B,0.0,$0.14B,$0.08B,58.82%,$0.14B,$-0.00B,-2.21%,$0.14B,$-0.00B,-2.21%,$0.14B,0,0.00%,$0.14B,$-0.00B,-1.47%,$0.14B,$-0.00B,-2.94%,$-0.00B,$0.10B,-3.84%,$-0.00B,$0.06B,-5.86%,$-0.00B,$0.18B,-2.15%,$-0.00B,$0.12B,-2.40%,$31,$13,$18,$7,$13,$33,$-2,$-0,$-2,$0,$-2,$-2,$-2,$-1,$-2,$40,40,$-0.05,$-0.05,$33,$20,$9,$88,$0,$21,$36,$24,$83,$175,$41,$18,$16,$35,$76,$0,$0,$0,$99,$175,$-4,$2,$0,$2,$0,$0,$0,$0,$-2,$-4,$-1,$0,$0,$0,$0,$3,$0,$1,$0,$-5,$0,$0,$-4,$0,$-0,$-9,$-12,$0,$0
26,2012-03-31,2.67,$0.00,0.0,$3.55,0.75,$-0.36,0.0,$0.06,44.44,$0.09B,$0.04B,2.16,$0.02B,$0.00B,0.0,$0.15B,$0.09B,59.18%,$0.15B,$0.00B,2.04%,$0.15B,$0.00B,2.04%,$0.15B,$0.01B,4.08%,$0.15B,$0.00B,2.72%,$0.15B,$0.00B,1.36%,$0.00B,$0.10B,1.87%,$0.00B,$0.07B,2.83%,$0.00B,$0.19B,1.07%,$0.00B,$0.12B,2.40%,$32,$13,$19,$8,$12,$34,$-2,$0,$-1,$0,$-2,$-2,$-2,$-1,$-2,$40,40,$-0.04,$-0.04,$38,$20,$9,$93,$0,$25,$36,$25,$88,$185,$43,$21,$17,$39,$82,$0,$0,$0,$103,$185,$-2,$1,$0,$1,$0,$0,$0,$0,$1,$1,$-1,$0,$0,$0,$0,$2,$0,$2,$0,$-2,$0,$0,$-2,$0,$-0,$-5,$-3,$0,$0
27,2011-12-31,3.82,$0.00,0.0,$3.71,1.03,$-0.38,0.0,$0.17,22.49,$0.10B,$0.05B,2.2,$0.02B,$0.11B,0.22,$0.16B,$0.09B,58.97%,$0.16B,$0.01B,5.13%,$0.16B,$0.01B,5.13%,$0.16B,$0.01B,7.05%,$0.16B,$0.01B,5.13%,$0.16B,$0.01B,4.49%,$0.01B,$0.11B,6.53%,$0.01B,$0.07B,9.89%,$0.01B,$0.19B,3.80%,$0.01B,$0.13B,6.54%,$37,$15,$22,$8,$13,$36,$1,$-0,$1,$0,$1,$1,$1,$2,$1,$41,41,$0.02,$0.02,$42,$20,$7,$101,$0,$25,$36,$25,$88,$193,$46,$23,$16,$41,$87,$0,$-61,$0,$106,$193,$7,$4,$0,$4,$0,$0,$0,$0,$-15,$-1,$-2,$0,$0,$0,$0,$-34,$0,$-35,$0,$0,$17,$0,$-2,$0,$-0,$15,$-22,$0,$0
28,2011-09-30,3.06,$0.00,0.0,$3.79,0.81,$0.04,69.19,$0.28,10.92,$0.11B,$0.04B,2.57,$0.02B,$0.00B,0.0,$0.16B,$0.09B,58.49%,$0.16B,$0.01B,6.29%,$0.16B,$0.01B,6.29%,$0.16B,$0.01B,8.18%,$0.16B,$0.01B,6.29%,$0.16B,$0.01B,6.92%,$0.01B,$0.11B,10.43%,$0.01B,$0.07B,16.00%,$0.01B,$0.19B,6.14%,$0.01B,$0.13B,8.53%,$36,$15,$21,$8,$14,$36,$-0,$-0,$-0,$0,$-1,$-1,$-1,$0,$-0,$42,42,$-0.01,$-0.01,$49,$18,$8,$107,$0,$25,$36,$16,$79,$190,$42,$22,$16,$39,$81,$0,$0,$0,$109,$190,$6,$3,$0,$3,$0,$0,$0,$0,$-17,$-5,$-1,$0,$0,$0,$0,$-24,$-17,$-42,$0,$0,$14,$0,$1,$0,$-0,$15,$-32,$0,$0
29,2011-06-30,5.38,$0.00,0.0,$3.86,1.39,$0.43,12.44,$0.36,14.95,$0.09B,$0.04B,2.23,$0.01B,$0.00B,0.0,$0.16B,$0.09B,57.76%,$0.16B,$0.01B,8.07%,$0.16B,$0.01B,8.07%,$0.16B,$0.02B,10.56%,$0.16B,$0.01B,8.07%,$0.16B,$0.02B,9.32%,$0.02B,$0.11B,14.81%,$0.02B,$0.07B,23.44%,$0.02B,$0.18B,8.68%,$0.01B,$0.12B,11.79%,$42,$17,$25,$7,$13,$38,$4,$0,$4,$0,$4,$4,$4,$5,$4,$42,42,$0.10,$0.09,$32,$19,$9,$93,$0,$25,$37,$17,$81,$177,$42,$7,$17,$25,$67,$0,$0,$0,$110,$177,$7,$2,$0,$2,$0,$0,$0,$0,$-16,$-5,$-1,$0,$0,$0,$0,$-24,$1,$-24,$0,$0,$-3,$0,$1,$0,$-0,$-2,$-31,$0,$0
30,2011-03-31,5.83,$0.00,0.0,$3.78,1.54,$0.67,8.69,$0.32,18.23,$0.09B,$0.05B,2.0,$0.01B,$0.00B,0.0,$0.16B,$0.09B,56.77%,$0.16B,$0.01B,7.10%,$0.16B,$0.01B,7.10%,$0.16B,$0.02B,9.68%,$0.16B,$0.01B,7.10%,$0.16B,$0.01B,8.39%,$0.01B,$0.10B,13.61%,$0.01B,$0.07B,22.41%,$0.01B,$0.18B,7.74%,$0.01B,$0.11B,10.38%,$41,$17,$24,$9,$12,$38,$3,$0,$3,$0,$3,$3,$3,$4,$3,$41,42,$0.07,$0.07,$38,$18,$9,$92,$0,$25,$37,$16,$80,$176,$46,$9,$17,$26,$72,$0,$0,$0,$104,$176,$3,$1,$0,$1,$0,$0,$0,$0,$-5,$-0,$-1,$0,$0,$0,$0,$-24,$1,$-24,$0,$0,$-2,$0,$0,$0,$-0,$-1,$-26,$0,$0
31,2010-12-31,5.77,$0.00,0.0,$3.66,1.58,$0.76,7.56,$0.29,19.91,$0.11B,$0.05B,2.4,$0.01B,$0.00B,0.0,$0.15B,$0.08B,55.70%,$0.15B,$0.01B,6.71%,$0.15B,$0.01B,6.71%,$0.15B,$0.01B,9.40%,$0.15B,$0.01B,6.71%,$0.15B,$0.01B,8.05%,$0.01B,$0.10B,13.19%,$0.01B,$0.06B,22.54%,$0.01B,$0.17B,7.38%,$0.01B,$0.11B,9.69%,$40,$17,$23,$8,$12,$37,$3,$0,$3,$-2,$6,$5,$5,$4,$3,$41,42,$0.13,$0.13,$64,$18,$6,$114,$0,$1,$37,$15,$56,$174,$47,$10,$17,$27,$75,$0,$0,$0,$99,$174,$12,$4,$0,$4,$0,$0,$0,$0,$-1,$16,$-2,$0,$0,$0,$0,$58,$-58,$-1,$0,$0,$-6,$0,$3,$0,$-0,$-4,$11,$0,$0
32,2010-09-30,3.82,$0.00,0.0,$3.53,1.08,$0.89,4.27,$0.19,20.12,$0.11B,$0.05B,2.35,$0.01B,$0.00B,0.0,$0.14B,$0.08B,55.24%,$0.14B,$0.01B,6.29%,$0.14B,$0.01B,6.29%,$0.14B,$0.01B,9.09%,$0.14B,$0.01B,5.59%,$0.14B,$0.01B,5.59%,$0.01B,$0.09B,9.17%,$0.01B,$0.05B,16.33%,$0.01B,$0.16B,5.13%,$0.01B,$0.10B,8.91%,$38,$17,$21,$7,$11,$35,$3,$-0,$3,$0,$3,$3,$3,$4,$3,$41,41,$0.07,$0.07,$59,$16,$6,$105,$0,$2,$38,$14,$55,$164,$45,$12,$16,$28,$73,$0,$0,$0,$92,$164,$7,$3,$0,$3,$0,$0,$0,$0,$-0,$11,$-1,$0,$0,$0,$0,$0,$-0,$-2,$0,$0,$-5,$0,$1,$0,$-0,$-4,$5,$0,$0
33,2010-06-30,2.42,$0.00,0.0,$3.39,0.71,$0.87,2.79,$0.13,18.62,$0.10B,$0.04B,2.33,$0.01B,$0.00B,0.0,$0.14B,$0.08B,55.47%,$0.14B,$0.01B,5.11%,$0.14B,$0.01B,5.11%,$0.14B,$0.01B,8.76%,$0.14B,$0.01B,3.65%,$0.14B,$0.01B,3.65%,$0.01B,$0.09B,5.90%,$0.01B,$0.05B,10.81%,$0.01B,$0.16B,2.93%,$0.01B,$0.10B,6.98%,$36,$16,$20,$8,$10,$34,$2,$-0,$2,$0,$2,$2,$2,$3,$2,$40,41,$0.05,$0.05,$55,$15,$5,$100,$0,$2,$38,$13,$54,$158,$43,$13,$15,$28,$71,$0,$0,$0,$87,$158,$4,$2,$0,$2,$0,$0,$0,$0,$-1,$5,$-1,$0,$0,$0,$0,$0,$0,$-0,$0,$0,$-3,$0,$1,$0,$-0,$-3,$2,$0,$0
34,2010-03-31,3.96,$0.00,0.0,$3.25,1.22,$0.83,4.76,$0.06,66.0,$0.10B,$0.04B,2.44,$0.02B,$0.00B,0.0,$0.13B,$0.07B,55.73%,$0.13B,$0.01B,3.82%,$0.13B,$0.01B,3.82%,$0.13B,$0.01B,8.40%,$0.13B,$0.00B,1.53%,$0.13B,$0.00B,1.53%,$0.00B,$0.09B,2.40%,$0.00B,$0.05B,4.49%,$0.00B,$0.15B,1.07%,$0.01B,$0.10B,4.98%,$35,$16,$19,$7,$10,$33,$2,$-0,$2,$0,$2,$2,$2,$3,$2,$40,41,$0.04,$0.04,$55,$14,$1,$96,$0,$2,$39,$13,$54,$154,$39,$15,$14,$29,$68,$0,$0,$0,$86,$154,$2,$1,$0,$1,$0,$0,$0,$0,$-0,$3,$-0,$0,$0,$0,$0,$-16,$14,$-3,$0,$0,$-2,$0,$0,$0,$0,$-1,$-1,$0,$0
35,2009-12-31,2.48,$0.00,0.0,$3.13,0.79,$0.75,3.3,$-0.05,0.0,$0.09B,$0.03B,2.59,$0.02B,$0.00B,0.0,$0.13B,$0.07B,56.00%,$0.13B,$0.00B,0.80%,$0.13B,$0.00B,0.80%,$0.13B,$0.01B,6.40%,$0.13B,$-0.00B,-2.40%,$0.13B,$-0.00B,-2.40%,$-0.00B,$0.08B,-3.65%,$-0.00B,$0.05B,-7.06%,$-0.00B,$0.15B,-1.48%,$0.00B,$0.10B,1.00%,$34,$15,$19,$7,$10,$33,$2,$-0,$1,$-0,$1,$1,$1,$3,$2,$40,40,$0.03,$0.03,$53,$14,$1,$89,$0,$2,$39,$12,$54,$148,$34,$16,$13,$29,$64,$0,$0,$0,$84,$148,$-3,$8,$0,$8,$0,$0,$0,$0,$13,$21,$-1,$0,$0,$0,$0,$62,$0,$60,$0,$-6,$-73,$0,$0,$0,$0,$-79,$2,$0,$0
36,2009-09-30,2.02,$0.00,0.0,$3.24,0.62,$0.59,3.4,$-2.24,0.0,$0.16B,$0.11B,1.49,$0.02B,$0.00B,0.0,$0.13B,$0.07B,55.38%,$0.13B,$-0.00B,-0.77%,$0.13B,$-0.00B,-0.77%,$0.13B,$0.01B,5.38%,$0.13B,$-0.09B,-70.00%,$0.13B,$-0.09B,-70.00%,$-0.09B,$0.08B,-110.98%,$-0.09B,$0.04B,-217.96%,$-0.09B,$0.22B,-40.67%,$-0.00B,$0.10B,-0.98%,$32,$14,$18,$7,$10,$31,$1,$-1,$0,$-0,$0,$0,$0,$3,$1,$40,40,$0.01,$0.01,$116,$16,$7,$163,$0,$2,$40,$12,$54,$222,$109,$17,$13,$30,$140,$0,$0,$0,$82,$222,$-4,$6,$0,$6,$0,$0,$0,$0,$6,$9,$-1,$0,$0,$0,$0,$30,$0,$29,$0,$-5,$0,$0,$0,$0,$0,$-4,$34,$0,$0
37,2009-06-30,1.52,$0.00,0.0,$3.60,0.42,$0.52,2.95,$-2.17,0.0,$0.16B,$0.11B,1.5,$0.02B,$0.00B,0.0,$0.15B,$0.08B,55.17%,$0.15B,$0.00B,1.38%,$0.15B,$0.00B,1.38%,$0.15B,$0.01B,6.21%,$0.15B,$-0.09B,-60.00%,$0.15B,$-0.09B,-60.69%,$-0.09B,$0.08B,-84.41%,$-0.09B,$0.04B,-210.78%,$-0.09B,$0.22B,-33.65%,$0.00B,$0.10B,1.40%,$30,$14,$17,$7,$10,$30,$-0,$-1,$-1,$-0,$-1,$-1,$-1,$2,$-0,$40,40,$-0.02,$-0.02,$115,$19,$6,$161,$0,$1,$40,$11,$54,$221,$108,$19,$12,$31,$139,$0,$0,$0,$82,$221,$-4,$4,$0,$4,$0,$0,$0,$0,$2,$3,$-1,$0,$0,$0,$0,$-12,$0,$-12,$0,$-3,$0,$0,$0,$0,$0,$-3,$-12,$0,$0
38,2009-03-31,1.15,$0.00,0.0,$3.93,0.29,$0.58,1.97,$-2.11,0.0,$0.16B,$0.11B,1.49,$0.02B,$0.00B,0.0,$0.16B,$0.09B,55.28%,$0.16B,$0.00B,2.48%,$0.16B,$0.00B,2.48%,$0.16B,$0.01B,6.83%,$0.16B,$-0.08B,-52.17%,$0.16B,$-0.09B,-52.80%,$-0.09B,$0.08B,-67.59%,$-0.09B,$0.04B,-206.06%,$-0.09B,$0.22B,-28.84%,$0.00B,$0.10B,2.07%,$29,$13,$16,$8,$11,$32,$-2,$-1,$-3,$-0,$-3,$-3,$-3,$-0,$-2,$40,40,$-0.07,$-0.07,$113,$22,$6,$163,$0,$1,$40,$10,$53,$222,$110,$20,$11,$32,$141,$0,$0,$0,$81,$222,$-3,$2,$0,$2,$0,$0,$0,$0,$1,$0,$-0,$0,$0,$0,$0,$-4,$0,$-5,$0,$-2,$0,$0,$0,$0,$0,$-2,$-6,$0,$0
39,2008-12-31,1.71,$0.00,0.0,$4.21,0.41,$0.66,2.59,$-2.03,0.0,$0.17B,$0.11B,1.5,$0.02B,$0.08B,0.26,$0.18B,$0.10B,55.68%,$0.18B,$0.01B,3.41%,$0.18B,$0.01B,3.41%,$0.18B,$0.01B,7.39%,$0.18B,$-0.08B,-45.45%,$0.18B,$-0.08B,-46.59%,$-0.08B,$0.08B,-55.03%,$-0.08B,$0.04B,-192.94%,$-0.08B,$0.23B,-25.27%,$0.01B,$0.11B,2.48%,$39,$18,$21,$9,$12,$39,$-0,$-87,$-87,$0,$-87,$-87,$-87,$2,$-0,$40,40,$-2.16,$-2.16,$115,$21,$1,$170,$0,$1,$41,$10,$54,$230,$113,$22,$12,$34,$147,$0,$-59,$0,$83,$230,$-81,$8,$0,$8,$0,$0,$0,$0,$-2,$16,$-3,$0,$-5,$0,$0,$-1,$-11,$-20,$0,$22,$-44,$0,$-12,$0,$0,$-35,$-38,$0,$0
40,2008-09-30,2.47,$0.00,0.0,$4.22,0.59,$0.55,4.49,$0.16,15.44,$0.21B,$0.09B,2.31,$0.10B,$0.00B,0.0,$0.18B,$0.10B,56.11%,$0.18B,$0.01B,3.89%,$0.18B,$0.01B,3.89%,$0.18B,$0.01B,7.78%,$0.18B,$0.01B,5.00%,$0.18B,$0.01B,3.33%,$0.01B,$0.17B,3.49%,$0.01B,$0.04B,13.95%,$0.01B,$0.37B,1.70%,$0.01B,$0.27B,2.42%,$47,$21,$26,$9,$13,$43,$4,$0,$4,$0,$4,$3,$3,$5,$4,$40,41,$0.08,$0.08,$152,$20,$0,$214,$0,$10,$127,$12,$151,$373,$93,$96,$13,$109,$202,$0,$0,$0,$171,$373,$5,$6,$0,$6,$0,$0,$0,$0,$-8,$8,$-3,$0,$-5,$0,$0,$-60,$0,$-68,$0,$23,$6,$0,$-12,$0,$0,$17,$-43,$0,$0
41,2008-06-30,3.6,$0.00,0.0,$4.00,0.9,$0.46,7.9,$0.09,39.97,$0.18B,$0.04B,4.45,$0.13B,$0.00B,0.0,$0.17B,$0.10B,56.65%,$0.17B,$0.00B,1.73%,$0.17B,$0.00B,1.73%,$0.17B,$0.01B,6.36%,$0.17B,$0.01B,2.89%,$0.17B,$0.00B,1.73%,$0.00B,$0.17B,1.74%,$0.00B,$0.04B,7.41%,$0.00B,$0.35B,0.86%,$0.00B,$0.30B,1.01%,$46,$20,$26,$10,$14,$44,$2,$0,$2,$0,$2,$2,$2,$4,$2,$41,42,$0.04,$0.04,$120,$20,$0,$176,$0,$2,$128,$39,$171,$354,$40,$133,$13,$146,$186,$0,$0,$0,$168,$354,$2,$4,$0,$4,$0,$0,$0,$0,$-2,$8,$-2,$0,$-5,$0,$0,$-59,$18,$-48,$0,$0,$15,$0,$-10,$0,$0,$5,$-35,$0,$0
42,2008-03-31,3.93,$0.00,0.0,$3.81,1.03,$0.30,12.9,$0.03,131.02,$0.16B,$0.03B,4.69,$0.12B,$0.00B,0.0,$0.17B,$0.09B,56.97%,$0.17B,$-0.00B,-0.61%,$0.17B,$-0.00B,-0.61%,$0.17B,$0.01B,4.24%,$0.17B,$0.00B,1.21%,$0.17B,0,0.00%,$0.00B,$0.17B,0.00%,$0.00B,$0.05B,0.00%,$0.00B,$0.34B,0.00%,$-0.00B,$0.30B,-0.34%,$44,$19,$25,$10,$14,$43,$0,$0,$1,$0,$0,$0,$0,$2,$0,$43,44,$0.01,$0.01,$105,$21,$0,$157,$0,$2,$129,$44,$177,$341,$33,$121,$12,$133,$167,$0,$0,$0,$174,$341,$0,$2,$0,$2,$0,$0,$0,$0,$-1,$4,$-1,$0,$-5,$0,$0,$10,$8,$13,$0,$0,$0,$0,$-3,$0,$0,$-3,$13,$0,$0
43,2007-12-31,4.96,$0.00,0.0,$3.67,1.35,$0.17,29.4,$-0.04,0.0,$0.16B,$0.04B,4.31,$0.12B,$0.17B,0.7,$0.16B,$0.09B,56.96%,$0.16B,$-0.00B,-2.53%,$0.16B,$-0.00B,-2.53%,$0.16B,$0.00B,2.53%,$0.16B,$-0.00B,-1.27%,$0.16B,$-0.00B,-1.27%,$-0.00B,$0.17B,-1.17%,$-0.00B,$0.04B,-5.63%,$-0.00B,$0.34B,-0.58%,$-0.00B,$0.30B,-1.37%,$43,$19,$24,$10,$13,$42,$1,$2,$2,$2,$0,$1,$1,$3,$1,$43,44,$0.03,$0.03,$110,$19,$1,$162,$0,$1,$130,$42,$175,$344,$38,$121,$11,$132,$170,$0,$23,$0,$174,$344,$-4,$8,$0,$8,$0,$0,$0,$0,$-1,$12,$-3,$0,$-5,$0,$0,$31,$10,$33,$0,$0,$0,$0,$5,$0,$0,$5,$50,$0,$0
44,2007-09-30,5.36,$0.00,0.0,$3.69,1.45,$0.03,179.32,$-0.05,0.0,$0.14B,$0.04B,3.76,$0.12B,$0.00B,0.0,$0.16B,$0.09B,56.96%,$0.16B,$-0.01B,-3.16%,$0.16B,$-0.01B,-3.16%,$0.16B,$0.00B,1.90%,$0.16B,$-0.00B,-1.90%,$0.16B,$-0.00B,-1.27%,$-0.00B,$0.17B,-1.19%,$-0.00B,$0.03B,-6.06%,$-0.00B,$0.35B,-0.59%,$-0.01B,$0.29B,-1.73%,$40,$18,$23,$10,$13,$41,$-0,$0,$0,$-0,$0,$0,$0,$2,$-0,$43,44,$0.01,$0.01,$91,$18,$0,$143,$0,$4,$140,$51,$199,$349,$38,$121,$10,$138,$176,$0,$0,$0,$173,$349,$-3,$6,$0,$6,$0,$0,$0,$0,$-6,$3,$-2,$0,$-5,$0,$0,$11,$29,$32,$0,$0,$0,$0,$5,$0,$0,$5,$40,$0,$0
45,2007-06-30,5.51,$0.00,0.0,$3.68,1.5,$0.10,54.92,$-0.04,0.0,$0.13B,$0.04B,3.52,$0.12B,$0.00B,0.0,$0.16B,$0.09B,56.96%,$0.16B,$-0.01B,-3.16%,$0.16B,$-0.01B,-3.16%,$0.16B,$0.00B,1.90%,$0.16B,$-0.00B,-1.27%,$0.16B,$-0.00B,-0.63%,$-0.00B,$0.17B,-0.60%,$-0.00B,$0.03B,-3.03%,$-0.00B,$0.34B,-0.30%,$-0.01B,$0.29B,-1.75%,$38,$17,$22,$10,$13,$40,$-2,$1,$-1,$-0,$-1,$-1,$-1,$0,$-2,$43,43,$-0.02,$-0.02,$82,$20,$0,$131,$0,$9,$141,$50,$205,$343,$37,$121,$10,$138,$175,$0,$0,$0,$168,$343,$-3,$4,$0,$4,$0,$0,$0,$0,$-5,$1,$-1,$0,$-5,$0,$0,$30,$0,$24,$0,$0,$0,$0,$3,$0,$0,$3,$27,$0,$0
46,2007-03-31,6.63,$0.00,0.0,$3.53,1.88,$0.28,23.5,$0.05,132.52,$0.14B,$0.03B,4.47,$0.12B,$0.00B,0.0,$0.15B,$0.09B,57.52%,$0.15B,$-0.00B,-0.65%,$0.15B,$-0.00B,-0.65%,$0.15B,$0.01B,3.92%,$0.15B,$0.00B,1.96%,$0.15B,$0.00B,1.96%,$0.00B,$0.17B,1.84%,$0.00B,$0.04B,4.96%,$0.00B,$0.34B,0.91%,$-0.00B,$0.29B,-0.35%,$37,$16,$21,$10,$13,$39,$-3,$0,$-3,$-0,$-2,$-2,$-2,$-1,$-3,$42,42,$-0.06,$-0.06,$90,$18,$0,$140,$0,$16,$130,$38,$188,$335,$31,$121,$8,$137,$168,$0,$0,$0,$167,$335,$-2,$2,$0,$2,$0,$0,$0,$0,$-4,$-2,$-1,$0,$0,$0,$0,$26,$7,$32,$0,$0,$0,$0,$2,$0,$0,$2,$33,$0,$0
47,2006-12-31,9.18,$0.00,0.0,$3.38,2.72,$0.40,23.05,$0.16,57.4,$0.13B,$0.04B,3.64,$0.12B,$0.17B,0.74,$0.15B,$0.09B,58.50%,$0.15B,$0.00B,2.04%,$0.15B,$0.00B,2.04%,$0.15B,$0.01B,6.12%,$0.15B,$0.01B,5.44%,$0.15B,$0.01B,4.76%,$0.01B,$0.17B,4.42%,$0.01B,$0.03B,8.43%,$0.01B,$0.34B,2.18%,$0.00B,$0.29B,1.07%,$43,$18,$24,$11,$14,$43,$0,$1,$1,$-0,$1,$1,$1,$2,$0,$42,43,$0.02,$0.02,$83,$16,$1,$134,$0,$24,$131,$38,$195,$337,$37,$121,$8,$135,$172,$0,$27,$0,$165,$337,$7,$6,$0,$6,$0,$0,$0,$0,$-16,$7,$-3,$0,$-96,$0,$0,$7,$31,$-62,$0,$0,$0,$0,$9,$0,$0,$9,$-46,$0,$0
