,Date,Stock Price,Book Value per Share,Price to Book Ratio,TTM Sales per Share,Price to Sales Ratio,TTM FCF per Share,Price to FCF Ratio,TTM Net EPS,PE Ratio,Current Assets,Current Liabilities,Current Ratio,Long Term Debt,Shareholder's Equity_x,Debt to Equity Ratio,TTM Revenue_x,TTM Gross Profit,Gross Margin,TTM Revenue_y,TTM Operating Income,Operating Margin,TTM Revenue_x,TTM EBIT,EBIT Margin,TTM Revenue_y,TTM EBITDA,EBITDA Margin,TTM Revenue_x,TTM Pre-Tax Income,Pre-Tax Margin,TTM Revenue_y,TTM Net Income_x,Net Margin,TTM Net Income_y,Shareholder's Equity_y,Return on Equity,TTM Net Income_x,Tangible Equity,Return on Tangible Equity,TTM Net Income_y,Total Assets,Return on Assets,TTM Net Income,LT Investments & Debt,Return on Investment,revenue,cost-goods-sold,gross-profit,research-development-expenses,selling-general-administrative-expenses,operating-expenses,operating-income,total-non-operating-income-expense,pre-tax-income,total-provision-income-taxes,income-after-taxes,income-from-continuous-operations,net-income,ebitda,ebit,basic-shares-outstanding,shares-outstanding,eps-basic-net-earnings-per-share,eps-earnings-per-share-diluted,cash-on-hand,inventory,other-current-assets,total-current-assets,net-property-plant-equipment,long-term-investments,goodwill-intangible-assets-total,other-long-term-assets,total-long-term-assets,total-assets,total-current-liabilities,long-term-debt,other-non-current-liabilities,total-long-term-liabilities,total-liabilities,common-stock-net,retained-earnings-accumulated-deficit,comprehensive-income,total-share-holder-equity,total-liabilities-share-holders-equity,net-income-loss,total-depreciation-amortization-cash-flow,other-non-cash-items,total-non-cash-items,change-in-accounts-receivable,change-in-inventories,change-in-accounts-payable,change-in-assets-liabilities,total-change-in-assets-liabilities,cash-flow-from-operating-activities,net-change-in-property-plant-equipment,net-change-in-intangible-assets,net-acquisitions-divestitures,net-change-in-short-term-investments,net-change-in-long-term-investments,net-change-in-investments-total,investing-activities-other,cash-flow-from-investing-activities,net-long-term-debt,net-current-debt,debt-issuance-retirement-net-total,net-common-equity-issued-repurchased,net-total-equity-issued-repurchased,total-common-preferred-stock-dividends-paid,financial-activities-other,cash-flow-from-financial-activities,net-cash-flow,stock-based-compensation,common-stock-dividends-paid
0,2018-09-30,4.21,$0.00,0.0,$10.98,0.38,$1.44,2.92,$0.64,6.58,$4.85B,$4.10B,1.18,$2.06B,$7.13B,0.29,$10.57B,$1.31B,12.37%,$10.57B,$0.59B,5.60%,$10.57B,$0.59B,5.60%,$10.57B,$1.42B,13.45%,$10.57B,$0.73B,6.93%,$10.57B,$0.62B,5.90%,$0.62B,$7.13B,8.48%,$0.62B,$7.13B,8.48%,$0.62B,$13.52B,4.34%,$0.59B,$9.20B,5.90%,$2661,$2377,$284,$0,$183,$2560,$101,$69,$170,$28,$142,$142,$142,$387,$101,$962,962,$0.15,$0.15,$2070,$894,$253,$4848,$7363,$436,$0,$875,$8674,$13523,$4101,$2064,$225,$2289,$6390,$3160,$1530,$0,$7133,$13523,$380,$829,$-8,$821,$0,$0,$0,$-299,$-299,$902,$-761,$0,$0,$0,$-185,$-185,$-23,$-969,$-764,$-59,$-823,$0,$0,$-474,$-4,$-1302,$-1378,$0,$-474
1,2018-06-30,3.77,$0.00,0.0,$11.24,0.34,$1.56,2.42,$0.81,4.65,$5.29B,$4.60B,1.15,$2.15B,$7.08B,0.3,$10.82B,$1.60B,14.76%,$10.82B,$0.89B,8.20%,$10.82B,$0.89B,8.20%,$10.82B,$1.76B,16.27%,$10.82B,$0.96B,8.83%,$10.82B,$0.79B,7.33%,$0.79B,$7.08B,10.93%,$0.79B,$7.08B,10.93%,$0.79B,$14.06B,5.48%,$0.89B,$9.23B,8.62%,$2466,$2227,$239,$0,$170,$2397,$69,$5,$74,$72,$2,$2,$41,$321,$69,$962,962,$0.04,$0.04,$2705,$860,$265,$5289,$7399,$453,$0,$917,$8769,$14058,$4595,$2146,$237,$2383,$6978,$3163,$1390,$0,$7080,$14058,$210,$543,$-4,$539,$0,$0,$0,$-157,$-157,$592,$-512,$0,$-144,$0,$-19,$-19,$-25,$-700,$-625,$-38,$-663,$0,$0,$0,$0,$-663,$-746,$0,$0
2,2018-03-31,4.07,$0.00,0.0,$11.54,0.35,$1.19,3.41,$1.06,3.84,$5.88B,$3.60B,1.63,$3.21B,$7.91B,0.41,$11.11B,$1.88B,16.92%,$11.11B,$1.21B,10.93%,$11.11B,$1.21B,10.93%,$11.11B,$2.12B,19.12%,$11.11B,$1.23B,11.04%,$11.11B,$1.09B,9.83%,$1.09B,$7.91B,15.93%,$1.09B,$7.91B,15.97%,$1.09B,$14.97B,7.75%,$1.21B,$11.12B,11.92%,$2558,$2278,$280,$0,$178,$2456,$102,$41,$142,$4,$138,$138,$148,$393,$102,$962,962,$0.15,$0.15,$3338,$852,$313,$5883,$7768,$348,$0,$967,$9083,$14966,$3601,$3205,$247,$3452,$7053,$3307,$1909,$0,$7913,$14966,$142,$291,$-1,$290,$0,$0,$0,$-142,$-142,$291,$-327,$0,$-19,$0,$0,$0,$-8,$-355,$-199,$-7,$-206,$0,$0,$0,$0,$-205,$-271,$0,$0
3,2017-09-30,3.6,$0.00,0.0,$11.74,0.31,$0.62,5.78,$1.07,3.36,$6.23B,$3.98B,1.57,$3.36B,$7.26B,0.46,$11.30B,$1.96B,17.35%,$11.30B,$1.30B,11.48%,$11.30B,$1.30B,11.48%,$11.30B,$2.24B,19.85%,$11.30B,$1.26B,11.12%,$11.30B,$1.10B,9.74%,$1.10B,$7.26B,17.16%,$1.10B,$7.26B,17.21%,$1.10B,$14.81B,8.03%,$1.30B,$10.63B,13.30%,$2881,$2377,$504,$0,$184,$2561,$320,$25,$346,$75,$271,$271,$292,$320,$320,$962,962,$0.30,$0.30,$3549,$825,$261,$6229,$7159,$314,$0,$1110,$8583,$14812,$3978,$3363,$207,$3570,$7548,$3173,$1550,$0,$7264,$14812,$1124,$914,$-6,$908,$0,$0,$0,$1,$1,$2033,$-832,$-6,$0,$0,$-1,$-1,$-13,$-853,$-109,$80,$-29,$0,$0,$-178,$-4,$-212,$906,$0,$-178
4,2017-03-31,3.27,$0.00,0.0,$11.33,0.29,$-0.99,0.0,$0.75,4.36,$5.46B,$3.59B,1.52,$3.44B,$6.77B,0.51,$10.91B,$1.63B,14.95%,$10.91B,$0.98B,9.00%,$10.91B,$0.98B,9.00%,$10.91B,$2.23B,20.47%,$10.91B,$0.90B,8.29%,$10.91B,$0.79B,7.25%,$0.79B,$6.77B,13.00%,$0.79B,$6.77B,13.04%,$0.79B,$14.00B,5.97%,$0.98B,$10.21B,10.54%,$2915,$2341,$574,$0,$178,$2519,$396,$-2,$393,$83,$310,$310,$312,$726,$396,$962,962,$0.32,$0.32,$2814,$844,$240,$5457,$7115,$285,$0,$1143,$8543,$14000,$3594,$3441,$195,$3636,$7230,$3168,$1110,$0,$6769,$14000,$393,$330,$-1,$329,$0,$0,$0,$-153,$-153,$569,$-314,$-1,$0,$0,$0,$0,$2,$-314,$-39,$37,$-2,$0,$0,$0,$-1,$-2,$174,$0,$0
5,2016-12-31,3.03,$5.70,0.53,$10.90,0.28,$-1.37,0.0,$0.25,12.11,$5.06B,$3.66B,1.38,$3.29B,$5.48B,0.6,$10.20B,$1.07B,10.48%,$10.20B,$0.43B,4.20%,$10.20B,$0.43B,4.20%,$10.20B,$1.66B,16.25%,$10.20B,$0.35B,3.40%,$10.20B,$0.31B,3.03%,$0.31B,$5.48B,5.21%,$0.31B,$5.41B,5.23%,$0.31B,$12.58B,2.39%,$0.43B,$8.77B,4.84%,$2754,$2233,$521,$0,$-111,$2358,$396,$-53,$345,$23,$321,$321,$340,$685,$396,$962,962,$0.36,$0.36,$2488,$858,$221,$5064,$6905,$269,$72,$218,$7518,$12582,$3659,$3292,$92,$3441,$7100,$2984,$45,$0,$5482,$12582,$347,$1230,$158,$1388,$-1,$3,$-16,$-432,$-446,$1138,$-1408,$-6,$115,$0,$-9,$-9,$-2,$-1310,$501,$-33,$468,$0,$0,$-104,$-31,$332,$41,$0,$-104
6,2016-09-30,3.12,$0.00,0.0,$10.69,0.29,$-0.10,0.0,$-0.30,0.0,$4.86B,$3.80B,1.28,$3.24B,$6.15B,0.53,$9.99B,$0.62B,6.23%,$9.99B,$-0.32B,-3.16%,$9.99B,$-0.32B,-3.16%,$9.99B,$1.00B,10.02%,$9.99B,$-0.26B,-2.56%,$9.99B,$-0.28B,-2.81%,$-0.28B,$6.15B,-4.70%,$-0.28B,$6.15B,-4.72%,$-0.28B,$13.42B,-2.18%,$-0.32B,$9.39B,-3.67%,$2751,$2389,$362,$0,$177,$2566,$185,$-11,$173,$26,$147,$147,$157,$512,$185,$962,962,$0.16,$0.16,$2368,$864,$241,$4859,$6818,$253,$0,$1491,$8562,$13420,$3798,$3237,$235,$3472,$7270,$3078,$494,$0,$6150,$13420,$-3,$941,$-7,$934,$0,$0,$0,$-329,$-329,$601,$-1187,$-6,$114,$0,$-10,$-10,$-2,$-1090,$588,$-6,$582,$0,$0,$-108,$-87,$387,$-154,$0,$-108
7,2016-06-30,2.89,$0.00,0.0,$10.67,0.27,$1.08,2.67,$-0.35,0.0,$4.51B,$3.80B,1.19,$2.94B,$5.94B,0.5,$9.95B,$0.54B,5.42%,$9.95B,$-0.40B,-3.99%,$9.95B,$-0.40B,-3.99%,$9.95B,$0.89B,8.92%,$9.95B,$-0.31B,-3.12%,$9.95B,$-0.33B,-3.35%,$-0.33B,$5.94B,-5.49%,$-0.33B,$5.94B,-5.52%,$-0.33B,$12.95B,-2.57%,$-0.40B,$8.88B,-4.73%,$2486,$2313,$173,$0,$169,$2482,$4,$-11,$-7,$17,$-24,$-24,$-18,$310,$4,$962,962,$-0.02,$-0.02,$2264,$861,$226,$4513,$6644,$451,$0,$1346,$8441,$12954,$3799,$2938,$279,$3217,$7017,$2987,$341,$0,$5938,$12954,$-171,$614,$-5,$609,$0,$0,$0,$22,$22,$460,$-812,$-6,$0,$0,$-2,$-2,$-1,$-821,$251,$-1,$250,$0,$0,$0,$-51,$200,$-184,$0,$0
8,2016-03-31,2.45,$0.00,0.0,$11.19,0.22,$2.07,1.18,$-0.18,0.0,$4.45B,$4.05B,1.1,$2.19B,$6.13B,0.36,$10.45B,$0.75B,7.17%,$10.45B,$-0.20B,-1.87%,$10.45B,$-0.20B,-1.87%,$10.45B,$1.19B,11.37%,$10.45B,$-0.11B,-1.05%,$10.45B,$-0.17B,-1.62%,$-0.17B,$6.13B,-2.72%,$-0.17B,$6.13B,-2.73%,$-0.17B,$12.66B,-1.26%,$-0.20B,$8.32B,-2.31%,$2211,$2198,$13,$0,$170,$2368,$-157,$-6,$-164,$9,$-173,$-173,$-170,$151,$-157,$850,850,$-0.18,$-0.18,$2289,$969,$223,$4453,$6469,$450,$0,$1291,$8210,$12663,$4046,$2188,$295,$2483,$6530,$2991,$464,$0,$6133,$12663,$-164,$308,$-4,$304,$0,$0,$0,$84,$84,$225,$-323,$-6,$0,$0,$-2,$-2,$0,$-331,$-29,$5,$-24,$0,$0,$0,$-19,$-43,$-162,$0,$0
9,2015-12-31,2.41,$0.00,0.0,$11.76,0.21,$2.43,0.99,$0.17,14.19,$5.10B,$4.47B,1.14,$2.16B,$5.69B,0.38,$11.29B,$1.20B,10.60%,$11.29B,$0.25B,2.20%,$11.29B,$0.25B,2.20%,$11.29B,$1.75B,15.52%,$11.29B,$0.24B,2.12%,$11.29B,$0.17B,1.47%,$0.17B,$5.69B,2.62%,$0.17B,$5.59B,2.63%,$0.17B,$12.58B,1.20%,$0.25B,$7.85B,2.89%,$2545,$2470,$75,$280,$143,$2893,$-348,$31,$-258,$-69,$-189,$-250,$-250,$28,$-348,$962,962,$-0.26,$-0.26,$2491,$1002,$511,$5103,$30458,$473,$104,$257,$31355,$12576,$4469,$2159,$186,$2416,$6885,$3032,$-142,$0,$5691,$12576,$239,$1504,$0,$1504,$0,$0,$0,$0,$-168,$1953,$-998,$0,$0,$0,$0,$0,$-2,$-1000,$0,$38,$-1121,$0,$0,$-152,$154,$-1080,$-97,$0,$0
10,2015-09-30,2.45,$0.00,0.0,$12.63,0.19,$2.98,0.82,$0.63,3.89,$5.48B,$4.73B,1.16,$2.06B,$6.49B,0.32,$12.09B,$2.00B,16.53%,$12.09B,$1.29B,10.64%,$12.09B,$1.29B,10.64%,$12.09B,$2.79B,23.09%,$12.09B,$0.73B,6.04%,$12.09B,$0.61B,5.01%,$0.61B,$6.49B,9.34%,$0.61B,$6.49B,9.34%,$0.61B,$13.65B,4.19%,$1.29B,$8.55B,14.42%,$2708,$2430,$278,$0,$174,$2604,$104,$16,$119,$16,$103,$105,$105,$399,$104,$955,955,$0.11,$0.11,$2332,$1155,$666,$5483,$0,$429,$0,$1167,$1596,$13650,$4730,$2062,$365,$2427,$7158,$2918,$874,$0,$6492,$13650,$474,$1128,$0,$1128,$0,$0,$0,$0,$-501,$1112,$-565,$0,$0,$0,$0,$7,$-9,$-567,$0,$44,$-793,$0,$0,$-146,$162,$-733,$-153,$0,$0
11,2015-06-30,3.56,$0.00,0.0,$13.44,0.27,$3.49,1.02,$0.77,4.63,$6.18B,$5.37B,1.15,$2.43B,$6.58B,0.37,$12.89B,$2.23B,17.26%,$12.89B,$1.47B,11.41%,$12.89B,$1.47B,11.41%,$12.89B,$3.12B,24.18%,$12.89B,$0.86B,6.67%,$12.89B,$0.74B,5.75%,$0.74B,$6.58B,11.54%,$0.74B,$6.58B,11.54%,$0.74B,$14.75B,5.00%,$1.47B,$9.00B,15.98%,$2989,$2605,$384,$0,$178,$2783,$206,$-13,$193,$49,$144,$146,$146,$610,$206,$962,962,$0.15,$0.15,$2907,$1213,$457,$6179,$0,$453,$0,$1182,$1635,$14752,$5369,$2425,$382,$2807,$8176,$3117,$821,$0,$6576,$14752,$380,$833,$0,$833,$0,$0,$0,$0,$-242,$928,$-330,$0,$0,$0,$0,$0,$36,$-294,$0,$-12,$-369,$0,$0,$0,$-2,$-383,$253,$0,$0
12,2015-03-31,4.0,$0.00,0.0,$13.88,0.29,$3.40,1.18,$0.76,5.27,$5.77B,$5.16B,1.12,$2.51B,$6.56B,0.38,$13.32B,$2.20B,16.49%,$13.32B,$1.39B,10.47%,$13.32B,$1.39B,10.47%,$13.32B,$3.13B,23.50%,$13.32B,$0.81B,6.06%,$13.32B,$0.73B,5.48%,$0.73B,$6.56B,11.61%,$0.73B,$6.56B,11.61%,$0.73B,$14.56B,4.85%,$1.39B,$9.06B,14.74%,$3051,$2591,$460,$0,$173,$2764,$287,$-101,$185,$16,$169,$165,$165,$716,$287,$962,962,$0.17,$0.17,$2507,$1217,$279,$5771,$0,$481,$0,$1180,$1661,$14557,$5157,$2507,$335,$2842,$8000,$3081,$822,$0,$6557,$14557,$185,$429,$0,$429,$0,$0,$0,$0,$0,$399,$-167,$0,$0,$0,$0,$0,$5,$-162,$0,$-12,$-340,$0,$0,$0,$-3,$-355,$-117,$0,$0
13,2014-12-31,4.07,$0.00,0.0,$13.91,0.29,$3.35,1.21,$0.60,6.78,$5.87B,$5.46B,1.08,$2.71B,$6.34B,0.43,$13.35B,$1.96B,14.71%,$13.35B,$1.13B,8.46%,$13.35B,$1.13B,8.46%,$13.35B,$2.93B,21.96%,$13.35B,$0.63B,4.74%,$13.35B,$0.57B,4.30%,$0.57B,$6.34B,9.39%,$0.57B,$6.34B,9.39%,$0.57B,$14.87B,3.75%,$1.13B,$9.05B,11.64%,$3337,$2461,$876,$0,$187,$2648,$689,$-27,$233,$43,$190,$190,$190,$1065,$689,$950,950,$0.20,$0.20,$2594,$1153,$240,$5874,$0,$471,$0,$1189,$1660,$14869,$5457,$2712,$359,$3071,$8528,$3046,$650,$0,$6341,$14869,$632,$1801,$0,$1801,$0,$0,$0,$0,$-410,$2006,$-537,$0,$0,$0,$0,$122,$0,$-415,$0,$0,$-97,$0,$0,$-46,$-1282,$-1425,$179,$0,$0
14,2014-09-30,3.32,$0.00,0.0,$13.63,0.24,$2.58,1.29,$0.43,7.73,$5.66B,$5.13B,1.1,$3.48B,$6.20B,0.56,$13.45B,$1.36B,10.11%,$13.45B,$0.49B,3.67%,$13.45B,$0.49B,3.67%,$13.45B,$2.42B,17.97%,$13.45B,$0.45B,3.36%,$13.45B,$0.42B,3.09%,$0.42B,$6.20B,6.90%,$0.42B,$6.20B,6.90%,$0.42B,$15.13B,2.65%,$0.49B,$9.68B,4.98%,$3511,$3006,$505,$0,$217,$3223,$288,$-40,$249,$9,$240,$240,$240,$725,$288,$962,962,$0.25,$0.25,$2477,$1159,$356,$5661,$0,$456,$0,$1199,$1655,$15125,$5130,$3480,$312,$3792,$8923,$3162,$511,$0,$6201,$15125,$396,$1425,$0,$1425,$0,$0,$0,$0,$-302,$1495,$-457,$0,$0,$0,$0,$38,$39,$-380,$0,$0,$-1012,$0,$0,$0,$-138,$-1150,$-30,$0,$0
15,2014-06-30,3.35,$0.00,0.0,$13.86,0.24,$1.89,1.77,$0.27,12.39,$5.63B,$5.21B,1.08,$4.00B,$6.04B,0.66,$13.56B,$1.20B,8.86%,$13.56B,$0.32B,2.36%,$13.56B,$0.32B,2.36%,$13.56B,$2.35B,17.29%,$13.56B,$0.30B,2.18%,$13.56B,$0.26B,1.92%,$0.26B,$6.04B,4.36%,$0.26B,$6.04B,4.36%,$0.26B,$15.70B,1.60%,$0.32B,$10.04B,3.15%,$3416,$3061,$355,$0,$225,$3286,$130,$10,$140,$5,$135,$135,$135,$623,$130,$962,962,$0.14,$0.14,$2634,$1182,$175,$5628,$0,$474,$0,$1275,$1749,$15698,$5207,$3996,$454,$4450,$9657,$3222,$275,$0,$6041,$15698,$150,$988,$0,$988,$0,$0,$0,$0,$-250,$866,$-353,$0,$0,$0,$0,$-10,$68,$-295,$0,$-71,$-482,$0,$0,$0,$-2,$-555,$7,$0,$0
16,2014-03-31,2.78,$0.00,0.0,$14.32,0.19,$1.52,1.83,$0.27,10.29,$5.32B,$5.09B,1.05,$4.14B,$5.88B,0.71,$13.90B,$1.23B,8.86%,$13.90B,$0.36B,2.61%,$13.90B,$0.36B,2.61%,$13.90B,$2.43B,17.49%,$13.90B,$0.29B,2.12%,$13.90B,$0.26B,1.84%,$0.26B,$5.88B,4.33%,$0.26B,$5.88B,4.33%,$0.26B,$15.58B,1.54%,$0.36B,$10.02B,3.50%,$3081,$2854,$227,$0,$205,$3059,$22,$-12,$10,$4,$6,$9,$9,$517,$22,$962,962,$0.01,$0.01,$2400,$1229,$226,$5324,$0,$479,$0,$1259,$1738,$15584,$5093,$4143,$468,$4611,$9704,$3161,$141,$0,$5879,$15584,$10,$495,$0,$495,$0,$0,$0,$0,$-193,$343,$-157,$0,$0,$0,$0,$3,$-10,$-164,$0,$-73,$-209,$0,$9,$0,$-4,$-275,$-106,$0,$0
17,2013-12-31,2.49,$0.00,0.0,$14.53,0.17,$1.12,2.22,$0.14,17.8,$5.69B,$6.07B,0.94,$3.97B,$5.98B,0.66,$13.98B,$1.16B,8.27%,$13.98B,$0.30B,2.11%,$13.98B,$0.30B,2.11%,$13.98B,$2.43B,17.37%,$13.98B,$0.18B,1.26%,$13.98B,$0.14B,0.97%,$0.14B,$5.98B,2.35%,$0.14B,$5.98B,2.35%,$0.14B,$16.50B,0.79%,$0.30B,$9.95B,2.84%,$3443,$3170,$273,$0,$219,$3389,$54,$16,$53,$16,$37,$32,$32,$552,$54,$1067,1067,$0.03,$0.03,$2558,$1260,$402,$5686,$0,$471,$0,$1284,$1755,$16502,$6066,$3972,$485,$4457,$10523,$3226,$135,$0,$5979,$16502,$176,$2133,$0,$2133,$0,$0,$0,$0,$-621,$1664,$-833,$0,$21,$0,$0,$87,$-52,$-779,$0,$-173,$-1069,$0,$345,$0,$0,$-898,$-12,$0,$0
18,2013-09-30,2.91,$0.00,0.0,$15.21,0.19,$0.06,51.05,$-0.38,0.0,$5.75B,$5.95B,0.97,$4.64B,$5.97B,0.78,$13.95B,$0.82B,5.88%,$13.95B,$-0.10B,-0.68%,$13.95B,$-0.10B,-0.68%,$13.95B,$2.15B,15.44%,$13.95B,$-0.35B,-2.51%,$13.95B,$-0.33B,-2.33%,$-0.33B,$5.97B,-5.71%,$-0.33B,$5.97B,-5.84%,$-0.33B,$17.06B,-1.84%,$-0.10B,$10.61B,-0.88%,$3622,$3275,$347,$0,$233,$3508,$114,$-21,$93,$8,$85,$84,$84,$653,$114,$933,933,$0.09,$0.09,$2367,$1404,$398,$5753,$0,$511,$0,$1285,$1796,$17063,$5950,$4641,$502,$5143,$11092,$3256,$105,$0,$5970,$17063,$125,$1635,$0,$1635,$0,$0,$0,$0,$-728,$1024,$-661,$0,$0,$0,$0,$53,$-33,$-641,$0,$-261,$-688,$0,$348,$0,$-5,$-606,$-226,$0,$0
19,2013-06-30,2.76,$0.00,0.0,$14.96,0.18,$-1.19,0.0,$-1.07,0.0,$5.86B,$5.84B,1.0,$5.12B,$5.83B,0.88,$13.70B,$0.26B,1.92%,$13.70B,$-0.67B,-4.88%,$13.70B,$-0.67B,-4.88%,$13.70B,$1.71B,12.45%,$13.70B,$-1.00B,-7.30%,$13.70B,$-0.97B,-7.05%,$-0.97B,$5.83B,-16.91%,$-0.97B,$5.83B,-17.30%,$-0.97B,$17.42B,-5.28%,$-0.67B,$10.94B,-5.97%,$3749,$3365,$384,$0,$211,$3576,$173,$-35,$138,$5,$133,$131,$131,$708,$173,$936,936,$0.14,$0.14,$2592,$1396,$361,$5858,$0,$506,$0,$1256,$1762,$17419,$5842,$5116,$635,$5751,$11592,$3212,$21,$0,$5827,$17419,$31,$1096,$0,$1096,$0,$0,$0,$0,$-558,$584,$-437,$0,$0,$0,$0,$52,$-10,$-395,$0,$-202,$-294,$0,$343,$0,$1,$-152,$33,$0,$0
20,2013-03-31,3.43,$0.00,0.0,$14.60,0.24,$-2.47,0.0,$-1.68,0.0,$5.57B,$6.15B,0.91,$4.68B,$5.37B,0.87,$13.14B,$-0.23B,-1.74%,$13.14B,$-1.19B,-9.07%,$13.14B,$-1.19B,-9.07%,$13.14B,$1.29B,9.82%,$13.14B,$-1.54B,-11.68%,$13.14B,$-1.51B,-11.48%,$-1.51B,$5.37B,-25.58%,$-1.51B,$5.37B,-26.15%,$-1.51B,$17.59B,-7.97%,$-1.19B,$10.05B,-10.14%,$3161,$3009,$152,$0,$198,$3207,$-46,$-62,$-108,$4,$-112,$-111,$-111,$515,$-46,$925,925,$-0.12,$-0.12,$2180,$1580,$500,$5566,$0,$539,$0,$1258,$1797,$17585,$6148,$4679,$1390,$6069,$12218,$2961,$-1941,$0,$5367,$17585,$-108,$561,$0,$561,$0,$0,$0,$0,$-396,$62,$-248,$0,$0,$0,$0,$0,$5,$-243,$0,$-95,$-135,$0,$0,$0,$8,$-222,$-391,$0,$0
21,2012-12-31,3.59,$0.00,0.0,$14.24,0.25,$-3.26,0.0,$-2.08,0.0,$6.05B,$6.60B,0.92,$5.82B,$5.62B,1.04,$12.73B,$-0.60B,-4.71%,$12.73B,$-1.60B,-12.60%,$12.73B,$-1.60B,-12.60%,$12.73B,$1.00B,7.84%,$12.73B,$-1.90B,-14.95%,$12.73B,$-1.87B,-14.65%,$-1.87B,$5.62B,-29.57%,$-1.87B,$5.11B,-30.19%,$-1.87B,$18.58B,-9.49%,$-1.60B,$11.44B,-12.66%,$3422,$3485,$-63,$350,$-77,$3758,$-336,$-291,$-473,$3,$-476,$-429,$-429,$278,$-336,$876,876,$-0.49,$-0.49,$2665,$1466,$667,$6049,$0,$530,$514,$153,$1724,$18582,$6595,$5818,$549,$6367,$12963,$3039,$-1880,$0,$5619,$18582,$-1925,$2602,$0,$2602,$0,$0,$0,$0,$448,$1229,$-1481,$0,$0,$0,$0,$22,$-29,$-1488,$0,$-20,$-151,$0,$0,$0,$-34,$-205,$-462,$0,$0
22,2012-09-30,2.78,$0.00,0.0,$13.66,0.2,$-4.55,0.0,$-2.36,0.0,$6.52B,$6.62B,0.99,$6.31B,$6.02B,1.05,$12.26B,$-0.63B,-5.13%,$12.26B,$-1.58B,-12.89%,$12.26B,$-1.58B,-12.89%,$12.26B,$1.13B,9.25%,$12.26B,$-2.13B,-17.36%,$12.26B,$-2.12B,-17.28%,$-2.12B,$6.02B,-31.49%,$-2.12B,$6.02B,-31.49%,$-2.12B,$19.51B,-10.56%,$-1.58B,$12.33B,-12.07%,$3363,$3573,$-210,$0,$249,$3822,$-459,$-244,$-557,$6,$-563,$-556,$-556,$204,$-459,$927,927,$-0.60,$-0.60,$2649,$1615,$468,$6515,$0,$571,$0,$1174,$1745,$19513,$6617,$6311,$570,$6881,$13498,$3014,$-1439,$0,$6015,$19513,$-1459,$1988,$0,$1988,$0,$0,$0,$0,$-106,$420,$-1216,$0,$0,$0,$0,$5,$-25,$-1236,$0,$-23,$317,$0,$0,$0,$70,$364,$-452,$0,$0
23,2012-06-30,3.21,$0.00,0.0,$13.73,0.23,$-5.07,0.0,$-2.35,0.0,$6.86B,$6.46B,1.06,$6.64B,$6.58B,1.01,$12.15B,$-0.72B,-5.92%,$12.15B,$-1.67B,-13.78%,$12.15B,$-1.67B,-13.78%,$12.15B,$1.03B,8.45%,$12.15B,$-2.15B,-17.71%,$12.15B,$-2.08B,-17.14%,$-2.08B,$6.58B,-28.95%,$-2.08B,$6.58B,-28.95%,$-2.08B,$20.02B,-10.26%,$-1.67B,$13.23B,-12.48%,$3194,$3301,$-107,$0,$244,$3545,$-351,$-46,$-397,$21,$-418,$-412,$-412,$293,$-351,$877,877,$-0.47,$-0.47,$2868,$1706,$514,$6855,$0,$562,$0,$1154,$1716,$20019,$6460,$6644,$334,$6978,$13438,$2962,$-868,$0,$6581,$20019,$-881,$1325,$0,$1325,$0,$0,$0,$0,$-567,$-121,$-861,$0,$0,$0,$0,$3,$-23,$-881,$0,$-82,$826,$0,$0,$-2,$73,$815,$-180,$0,$0
24,2012-03-31,3.64,$0.00,0.0,$13.90,0.26,$-3.86,0.0,$-2.30,0.0,$6.94B,$6.50B,1.07,$6.67B,$7.01B,0.95,$12.36B,$-0.70B,-5.65%,$12.36B,$-1.64B,-13.27%,$12.36B,$-1.64B,-13.27%,$12.36B,$1.21B,9.80%,$12.36B,$-2.15B,-17.39%,$12.36B,$-2.05B,-16.54%,$-2.05B,$7.01B,-26.39%,$-2.05B,$7.01B,-26.39%,$-2.05B,$20.50B,-9.89%,$-1.64B,$13.68B,-11.94%,$2749,$2968,$-219,$0,$239,$3207,$-458,$-18,$-476,$-8,$-468,$-468,$-468,$223,$-458,$900,900,$-0.52,$-0.52,$2934,$1837,$459,$6942,$0,$587,$0,$1156,$1743,$20495,$6500,$6666,$318,$6984,$13484,$2992,$-545,$0,$7011,$20495,$-468,$681,$0,$681,$0,$0,$0,$0,$-617,$-405,$-486,$0,$0,$0,$0,$3,$-22,$-506,$0,$-33,$767,$0,$0,$0,$18,$753,$-145,$0,$0
25,2011-12-31,3.45,$0.00,0.0,$14.45,0.24,$-3.84,0.0,$-2.32,0.0,$6.70B,$6.75B,0.99,$5.85B,$7.31B,0.8,$12.78B,$-0.69B,-5.41%,$12.78B,$-1.67B,-13.03%,$12.78B,$-1.67B,-13.03%,$12.78B,$1.27B,9.90%,$12.78B,$-2.17B,-16.97%,$12.78B,$-2.05B,-16.05%,$-2.05B,$7.31B,-24.79%,$-2.05B,$7.31B,-24.79%,$-2.05B,$20.24B,-9.89%,$-1.67B,$13.16B,-12.02%,$2957,$3050,$-93,$0,$220,$3270,$-313,$-147,$-699,$-33,$-666,$-683,$-683,$414,$-313,$887,887,$-0.77,$-0.77,$3001,$1582,$404,$6696,$0,$589,$0,$1116,$1705,$20244,$6745,$5852,$337,$6189,$12934,$2916,$-82,$0,$7310,$20244,$-2030,$2932,$0,$2932,$0,$0,$0,$0,$-394,$480,$-1878,$0,$0,$0,$0,$52,$-87,$-1913,$0,$103,$1387,$0,$0,$-117,$141,$1514,$44,$0,$0
26,2011-09-30,3.16,$0.00,0.0,$15.14,0.21,$-2.02,0.0,$-2.00,0.0,$7.05B,$6.40B,1.1,$5.73B,$7.87B,0.73,$13.35B,$-1.66B,-12.40%,$13.35B,$-2.69B,-20.13%,$13.35B,$-2.69B,-20.13%,$13.35B,$0.43B,3.18%,$13.35B,$-1.80B,-13.46%,$13.35B,$-1.76B,-13.20%,$-1.76B,$7.87B,-20.14%,$-1.76B,$7.87B,-20.14%,$-1.76B,$20.43B,-8.35%,$-2.69B,$13.60B,-19.04%,$3249,$3549,$-300,$0,$252,$3801,$-552,$-28,$-580,$-62,$-518,$-519,$-519,$97,$-552,$880,880,$-0.59,$-0.59,$2740,$1692,$502,$7050,$0,$618,$0,$957,$1575,$20434,$6399,$5731,$436,$6167,$12566,$2899,$598,$0,$7868,$20434,$-1329,$2205,$0,$2205,$0,$0,$0,$0,$-573,$232,$-1445,$0,$0,$0,$0,$44,$-96,$-1497,$0,$53,$1100,$0,$0,$-129,$58,$1082,$-199,$0,$0
27,2011-06-30,5.31,$0.00,0.0,$16.77,0.32,$0.19,28.58,$-1.41,0.0,$7.40B,$6.56B,1.13,$5.71B,$8.81B,0.65,$14.09B,$-1.15B,-8.19%,$14.09B,$-2.13B,-15.10%,$14.09B,$-2.13B,-15.10%,$14.09B,$1.10B,7.79%,$14.09B,$-1.22B,-8.65%,$14.09B,$-1.24B,-8.80%,$-1.24B,$8.81B,-13.73%,$-1.24B,$8.81B,-13.73%,$-1.24B,$21.52B,-5.87%,$-2.13B,$14.52B,-15.29%,$3406,$3492,$-86,$0,$231,$3723,$-317,$-77,$-394,$-20,$-374,$-375,$-375,$477,$-317,$893,893,$-0.42,$-0.42,$3037,$1827,$501,$7403,$31070,$634,$0,$905,$32609,$21516,$6559,$5707,$439,$6146,$12705,$3066,$1181,$0,$8813,$21518,$-857,$1556,$0,$1556,$0,$0,$0,$0,$-610,$79,$-1,$0,$0,$0,$0,$-923,$-32,$-956,$0,$-1,$763,$0,$0,$0,$53,$815,$-72,$0,$0
28,2011-03-31,6.77,$0.00,0.0,$17.41,0.39,$0.31,21.8,$-0.61,0.0,$6.73B,$6.24B,1.08,$5.05B,$9.12B,0.55,$14.67B,$-0.44B,-2.99%,$14.67B,$-1.40B,-9.55%,$14.67B,$-1.40B,-9.55%,$14.67B,$1.70B,11.62%,$14.67B,$-0.44B,-3.02%,$14.67B,$-0.53B,-3.58%,$-0.53B,$9.12B,-5.77%,$-0.53B,$9.12B,-5.77%,$-0.53B,$20.83B,-2.53%,$-1.40B,$14.16B,-10.33%,$3171,$3384,$-213,$0,$271,$3655,$-484,$-12,$-496,$-24,$-472,$-475,$-475,$278,$-484,$880,880,$-0.54,$-0.54,$2366,$1689,$519,$6730,$30137,$644,$0,$807,$31588,$20829,$6240,$5046,$428,$5474,$11714,$3002,$1644,$0,$9115,$20829,$-473,$762,$0,$762,$0,$0,$0,$0,$-665,$-383,$-471,$0,$0,$0,$0,$-25,$-27,$-523,$0,$-10,$235,$0,$0,$0,$13,$238,$-678,$0,$0
29,2010-12-31,8.04,$0.00,0.0,$17.64,0.46,$0.94,8.57,$0.18,44.66,$7.04B,$5.50B,1.28,$4.96B,$9.20B,0.54,$15.01B,$0.23B,1.50%,$15.01B,$-0.66B,-4.40%,$15.01B,$-0.66B,-4.40%,$15.01B,$2.40B,15.97%,$15.01B,$0.30B,1.97%,$15.01B,$0.18B,1.19%,$0.18B,$9.20B,2.00%,$0.18B,$9.20B,2.00%,$0.18B,$21.60B,0.87%,$-0.66B,$14.17B,-4.99%,$3521,$4577,$-1056,$-128,$406,$4855,$-1334,$-15,$-327,$3,$-330,$-393,$-393,$-427,$-1334,$873,873,$-0.45,$-0.45,$3071,$1529,$376,$7035,$0,$611,$0,$777,$1388,$21596,$5499,$4963,$446,$5895,$12394,$3029,$2139,$0,$9202,$21596,$254,$3059,$0,$3059,$0,$0,$0,$0,$-80,$3114,$-2901,$0,$0,$0,$0,$6,$-33,$-2928,$0,$-169,$69,$0,$0,$0,$131,$31,$139,$0,$0
30,2010-09-30,8.07,$0.00,0.0,$17.27,0.47,$0.57,14.06,$0.88,9.17,$7.10B,$6.94B,1.02,$3.81B,$9.00B,0.42,$15.09B,$1.37B,9.09%,$15.09B,$0.50B,3.32%,$15.09B,$0.50B,3.32%,$15.09B,$3.39B,22.47%,$15.09B,$0.30B,1.97%,$15.09B,$0.82B,5.42%,$0.82B,$9.00B,9.42%,$0.82B,$9.00B,9.54%,$0.82B,$20.55B,4.08%,$0.50B,$12.81B,3.92%,$3989,$3788,$201,$0,$193,$3981,$8,$-8,$-1,$-8,$7,$3,$3,$770,$8,$750,750,$0.00,$0.00,$2731,$1600,$354,$7095,$0,$530,$0,$738,$1268,$20552,$6937,$3811,$380,$4617,$11554,$2830,$2366,$0,$8998,$20552,$601,$2152,$0,$2152,$0,$0,$0,$0,$-284,$2446,$-1827,$0,$0,$0,$0,$-26,$-33,$-1884,$0,$-133,$-447,$0,$0,$0,$110,$-469,$-9,$0,$0
31,2010-06-30,6.85,$0.00,0.0,$15.87,0.43,$-1.08,0.0,$1.14,6.01,$7.20B,$6.54B,1.1,$4.04B,$9.08B,0.45,$14.60B,$1.60B,10.99%,$14.60B,$0.76B,5.17%,$14.60B,$0.76B,5.17%,$14.60B,$3.64B,24.96%,$14.60B,$0.53B,3.60%,$14.60B,$1.05B,7.17%,$1.05B,$9.08B,12.25%,$1.05B,$9.08B,12.40%,$1.05B,$20.01B,5.32%,$0.76B,$13.12B,5.96%,$3985,$3355,$630,$61,$160,$3576,$409,$-28,$381,$33,$348,$340,$340,$1083,$409,$895,895,$0.38,$0.38,$2797,$1670,$348,$7201,$25188,$460,$0,$694,$26342,$20005,$6540,$4040,$345,$4385,$10925,$2735,$2284,$0,$9079,$20005,$574,$1390,$0,$1390,$0,$0,$0,$0,$-562,$1388,$-1198,$0,$0,$0,$0,$-1,$-21,$-1220,$0,$14,$-94,$0,$0,$0,$73,$-7,$149,$0,$0
32,2010-03-31,8.74,$0.00,0.0,$14.32,0.61,$-2.41,0.0,$0.53,16.59,$6.79B,$6.43B,1.06,$4.42B,$8.44B,0.52,$13.12B,$0.99B,7.56%,$13.12B,$0.19B,1.47%,$13.12B,$0.19B,1.47%,$13.12B,$3.11B,23.69%,$13.12B,$0.01B,0.07%,$13.12B,$0.51B,3.86%,$0.51B,$8.44B,6.11%,$0.51B,$8.44B,6.18%,$0.51B,$20.12B,2.66%,$0.19B,$12.87B,1.55%,$3516,$3066,$450,$67,$127,$3260,$256,$-14,$242,$13,$229,$229,$229,$972,$256,$916,916,$0.25,$0.25,$2781,$2188,$305,$6789,$0,$371,$0,$723,$1094,$20119,$6425,$4424,$359,$5251,$11676,$2782,$1977,$0,$8443,$20119,$229,$716,$0,$716,$0,$0,$0,$0,$-511,$403,$-718,$0,$0,$0,$0,$-3,$-7,$-728,$0,$1,$382,$0,$0,$0,$23,$406,$88,$0,$0
33,2009-12-31,9.25,$0.00,0.0,$12.21,0.76,$-3.30,0.0,$-0.41,0.0,$6.15B,$6.35B,0.97,$4.17B,$8.20B,0.51,$11.10B,$0.07B,0.67%,$11.10B,$-0.66B,-5.93%,$11.10B,$-0.66B,-5.93%,$11.10B,$2.16B,19.49%,$11.10B,$-0.85B,-7.68%,$11.10B,$-0.32B,-2.88%,$-0.32B,$8.20B,-3.91%,$-0.32B,$7.79B,-3.97%,$-0.32B,$19.49B,-1.77%,$-0.66B,$12.37B,-5.40%,$3600,$3510,$90,$57,$171,$3772,$-172,$-311,$-324,$-38,$-287,$246,$246,$565,$-172,$984,984,$0.25,$0.25,$2696,$1228,$440,$6149,$24606,$304,$415,$207,$25714,$19487,$6345,$4165,$372,$4939,$11284,$2763,$1279,$0,$8203,$19487,$-853,$2821,$0,$2821,$0,$0,$0,$0,$-182,$1785,$-1903,$0,$0,$0,$0,$-188,$6,$-2085,$0,$-153,$549,$0,$77,$-80,$-19,$373,$63,$0,$0
34,2009-09-30,7.47,$0.00,0.0,$10.60,0.7,$-1.96,0.0,$-1.58,0.0,$5.51B,$5.86B,0.94,$3.87B,$8.45B,0.46,$9.30B,$-0.17B,-1.81%,$9.30B,$-0.79B,-8.52%,$9.30B,$-0.79B,-8.52%,$9.30B,$1.91B,20.52%,$9.30B,$-1.50B,-16.13%,$9.30B,$-1.38B,-14.82%,$-1.38B,$8.45B,-16.53%,$-1.38B,$8.45B,-16.77%,$-1.38B,$19.13B,-7.85%,$-0.79B,$12.33B,-6.51%,$3500,$3066,$434,$53,$119,$3238,$262,$-9,$226,$-5,$231,$232,$232,$1024,$262,$892,892,$0.26,$0.26,$1837,$1330,$265,$5506,$0,$352,$0,$753,$1105,$19133,$5864,$3874,$443,$4815,$10679,$2756,$2031,$0,$8454,$19133,$-606,$2084,$0,$2084,$0,$0,$0,$0,$-805,$673,$-1413,$0,$0,$0,$0,$-150,$-40,$-1603,$0,$-85,$262,$0,$0,$-80,$47,$145,$-775,$0,$0
35,2009-06-30,6.8,$0.00,0.0,$10.16,0.67,$0.57,11.94,$-1.82,0.0,$4.66B,$4.94B,0.94,$4.08B,$8.04B,0.51,$9.03B,$-0.34B,-3.80%,$9.03B,$-0.97B,-10.75%,$9.03B,$-0.97B,-10.75%,$9.03B,$1.52B,16.83%,$9.03B,$-1.68B,-18.62%,$9.03B,$-1.58B,-17.53%,$-1.58B,$8.04B,-18.22%,$-1.58B,$8.04B,-18.48%,$-1.58B,$17.43B,-9.07%,$-0.97B,$12.12B,-7.86%,$2500,$2482,$18,$47,$124,$2653,$-153,$1,$-135,$66,$-201,$-201,$-201,$546,$-153,$863,863,$-0.23,$-0.23,$2040,$993,$166,$4660,$0,$365,$0,$755,$1120,$17430,$4939,$4079,$22,$4451,$9390,$2596,$1762,$0,$8041,$17430,$-818,$1322,$0,$1322,$0,$0,$0,$0,$-525,$-39,$-927,$0,$0,$0,$0,$-90,$-22,$-1039,$0,$94,$404,$0,$0,$0,$152,$556,$-523,$0,$0
36,2009-03-31,5.89,$0.00,0.0,$12.00,0.49,$3.33,1.77,$-0.81,0.0,$3.86B,$4.16B,0.93,$3.89B,$8.00B,0.49,$10.63B,$0.69B,6.46%,$10.63B,$0.01B,0.08%,$10.63B,$0.01B,0.08%,$10.63B,$2.46B,23.13%,$10.63B,$-0.77B,-7.23%,$10.63B,$-0.71B,-6.68%,$-0.71B,$8.00B,-7.65%,$-0.71B,$8.00B,-7.74%,$-0.71B,$16.36B,-3.90%,$0.01B,$11.89B,0.06%,$1500,$1968,$-468,$37,$90,$2095,$-595,$-23,$-620,$-24,$-596,$-597,$-597,$28,$-595,$866,866,$-0.69,$-0.69,$1903,$703,$304,$3858,$20985,$267,$0,$757,$22009,$16363,$4161,$3887,$24,$4204,$8365,$2511,$2057,$0,$7999,$16363,$-597,$623,$0,$623,$0,$0,$0,$0,$-581,$-547,$-515,$0,$0,$0,$0,$-31,$-2,$-548,$0,$-60,$557,$0,$0,$0,$17,$514,$-579,$0,$0
37,2008-12-31,5.39,$0.00,0.0,$15.51,0.35,$5.46,0.99,$0.92,5.87,$4.47B,$4.66B,0.96,$3.49B,$8.85B,0.39,$13.63B,$2.38B,17.44%,$13.63B,$1.60B,11.75%,$13.63B,$1.60B,11.75%,$13.63B,$4.08B,29.94%,$13.63B,$0.80B,5.88%,$13.63B,$0.78B,5.69%,$0.78B,$8.85B,7.83%,$0.78B,$8.38B,7.93%,$0.78B,$17.31B,4.01%,$1.60B,$12.34B,11.85%,$1800,$1952,$-152,$54,$80,$2106,$-306,$-11,$-971,$-45,$-926,$-812,$-812,$310,$-306,$880,880,$-0.92,$-0.92,$2547,$721,$520,$4466,$21098,$239,$474,$94,$22054,$17306,$4655,$3490,$26,$3797,$8452,$2596,$2348,$0,$8854,$17306,$661,$2478,$0,$2478,$0,$0,$0,$0,$640,$4031,$-2961,$0,$0,$0,$0,$-80,$-50,$-3091,$0,$144,$-632,$0,$2,$-600,$-57,$-1143,$-197,$0,$0
38,2008-09-30,7.98,$0.00,0.0,$19.12,0.42,$7.58,1.05,$3.04,2.62,$6.12B,$5.32B,1.15,$3.22B,$9.85B,0.33,$16.63B,$3.73B,22.40%,$16.63B,$2.88B,17.30%,$16.63B,$2.88B,17.30%,$16.63B,$5.39B,32.40%,$16.63B,$2.81B,16.90%,$16.63B,$2.61B,15.68%,$2.61B,$9.85B,26.24%,$2.61B,$9.85B,26.63%,$2.61B,$18.69B,13.17%,$2.88B,$13.07B,20.88%,$3229,$2970,$259,$0,$176,$3146,$83,$-38,$45,$18,$27,$27,$27,$636,$83,$927,927,$0.03,$0.03,$2757,$1238,$490,$6115,$20377,$274,$0,$726,$21377,$18690,$5321,$3219,$6,$3516,$8837,$2639,$3616,$0,$9850,$18690,$1497,$1863,$0,$1863,$0,$0,$0,$0,$238,$3666,$-2090,$0,$0,$0,$0,$-69,$-33,$-2192,$0,$42,$-885,$0,$1,$-610,$-57,$-1509,$-32,$0,$0
39,2008-06-30,9.78,$0.00,0.0,$20.58,0.48,$6.83,1.43,$3.83,2.56,$7.10B,$6.57B,1.08,$3.19B,$10.44B,0.31,$17.60B,$4.42B,25.09%,$17.60B,$3.56B,20.23%,$17.60B,$3.56B,20.23%,$17.60B,$6.17B,35.07%,$17.60B,$3.50B,19.91%,$17.60B,$3.27B,18.59%,$3.27B,$10.44B,34.71%,$3.27B,$10.44B,35.26%,$3.27B,$20.52B,16.66%,$3.56B,$13.63B,26.11%,$4100,$3052,$1048,$53,$169,$3274,$826,$-15,$778,$106,$672,$672,$672,$1484,$826,$865,865,$0.78,$0.78,$3033,$1441,$545,$7097,$21040,$314,$0,$792,$22146,$20515,$6570,$3194,$1,$3504,$10074,$2592,$3813,$0,$10440,$20514,$1561,$1310,$0,$1310,$0,$0,$0,$0,$-38,$2846,$-1428,$0,$0,$0,$0,$-58,$-29,$-1515,$0,$13,$-1263,$0,$1,$0,$0,$-1249,$72,$0,$0
40,2008-03-31,10.62,$0.00,0.0,$19.03,0.56,$5.02,2.11,$3.23,3.28,$7.82B,$5.63B,1.39,$4.57B,$10.48B,0.44,$16.70B,$3.71B,22.20%,$16.70B,$2.92B,17.47%,$16.70B,$2.92B,17.47%,$16.70B,$5.51B,32.98%,$16.70B,$2.91B,17.43%,$16.70B,$2.78B,16.66%,$2.78B,$10.48B,32.43%,$2.78B,$10.47B,32.99%,$2.78B,$20.98B,14.83%,$2.92B,$15.05B,21.99%,$4500,$3278,$1222,$56,$167,$3501,$999,$-48,$950,$62,$888,$889,$889,$1651,$999,$858,858,$1.04,$1.04,$3745,$1226,$609,$7817,$20165,$257,$0,$854,$21276,$20981,$5633,$4570,$3,$4874,$10507,$2591,$4063,$0,$10475,$20981,$889,$652,$0,$652,$0,$0,$0,$0,$-31,$1508,$-733,$0,$0,$0,$0,$5,$-19,$-747,$0,$9,$31,$0,$0,$0,$-1,$39,$785,$0,$0
41,2007-12-31,11.86,$0.00,0.0,$16.60,0.71,$3.70,3.2,$2.38,4.99,$6.72B,$5.38B,1.25,$4.38B,$9.00B,0.49,$14.60B,$2.45B,16.79%,$14.60B,$1.74B,11.95%,$14.60B,$1.74B,11.95%,$14.60B,$4.26B,29.21%,$14.60B,$1.81B,12.37%,$14.60B,$2.05B,14.03%,$2.05B,$9.00B,26.70%,$2.05B,$8.41B,27.22%,$2.05B,$19.04B,11.61%,$1.74B,$13.38B,13.89%,$4800,$3604,$1196,$68,$158,$3831,$969,$-42,$1037,$10,$1026,$1020,$1020,$1617,$969,$849,849,$1.20,$1.20,$2772,$1093,$663,$6718,$18279,$257,$586,$136,$19381,$19040,$5381,$4379,$3,$4661,$10043,$2411,$2747,$0,$8997,$19040,$1741,$2519,$0,$2519,$0,$0,$0,$0,$549,$4839,$-2004,$0,$0,$0,$0,$-29,$-6,$-2039,$0,$-111,$-1233,$0,$4,$-47,$5,$-1382,$1417,$0,$0
42,2007-09-30,10.45,$0.00,0.0,$14.03,0.74,$-0.24,0.0,$1.23,8.49,$5.41B,$5.24B,1.03,$4.72B,$7.79B,0.61,$12.70B,$1.48B,11.63%,$12.70B,$0.85B,6.69%,$12.70B,$0.85B,6.69%,$12.70B,$3.32B,26.14%,$12.70B,$0.83B,6.50%,$12.70B,$1.08B,8.50%,$1.08B,$7.79B,15.00%,$1.08B,$7.79B,15.33%,$1.08B,$18.03B,6.23%,$0.85B,$12.51B,6.87%,$4200,$3250,$950,$38,$145,$3433,$767,$-51,$739,$48,$691,$691,$691,$1420,$767,$849,849,$0.81,$0.81,$1225,$1308,$427,$5405,$17907,$185,$0,$960,$19052,$18026,$5242,$4715,$4,$4992,$10234,$2389,$1942,$0,$7793,$18027,$716,$1872,$0,$1872,$0,$0,$0,$0,$-57,$2486,$-1681,$0,$0,$0,$0,$-33,$-60,$-1774,$0,$-102,$-723,$0,$2,$-46,$5,$-864,$-120,$0,$0
43,2007-06-30,9.98,$0.00,0.0,$12.17,0.82,$-2.28,0.0,$0.44,22.46,$4.08B,$4.58B,0.89,$5.07B,$7.05B,0.72,$10.65B,$0.70B,6.59%,$10.65B,$0.14B,1.31%,$10.65B,$0.14B,1.31%,$10.65B,$2.30B,21.59%,$10.65B,$0.11B,1.01%,$10.65B,$0.41B,3.82%,$0.41B,$7.05B,6.30%,$0.41B,$7.05B,6.45%,$0.41B,$16.98B,2.60%,$0.14B,$12.13B,1.24%,$3200,$2860,$340,$38,$120,$3018,$182,$-26,$185,$5,$180,$182,$182,$820,$182,$1004,1004,$0.18,$0.18,$610,$1361,$253,$4084,$17541,$182,$0,$972,$18695,$16980,$4579,$5073,$4,$5348,$9927,$2404,$1249,$0,$7054,$16980,$25,$1219,$0,$1219,$0,$0,$0,$0,$-60,$1152,$-1323,$0,$49,$0,$0,$-22,$-38,$-1334,$0,$-91,$-459,$0,$1,$0,$12,$-537,$-728,$0,$0
44,2007-03-31,8.29,$0.00,0.0,$11.92,0.7,$-2.79,0.0,$0.27,30.52,$3.70B,$4.31B,0.86,$5.36B,$6.84B,0.78,$9.33B,$0.52B,5.56%,$9.33B,$-0.00B,-0.03%,$9.33B,$-0.00B,-0.03%,$9.33B,$1.87B,20.06%,$9.33B,$-0.07B,-0.71%,$9.33B,$0.23B,2.48%,$0.23B,$6.84B,3.89%,$0.23B,$6.84B,3.99%,$0.23B,$16.52B,1.64%,$-0.00B,$12.20B,-0.03%,$2400,$2435,$-35,$37,$102,$2574,$-174,$-26,$-155,$1,$-156,$155,$155,$407,$-174,$855,855,$0.18,$0.18,$712,$1356,$225,$3695,$16309,$394,$0,$967,$17670,$16524,$4307,$5355,$9,$5375,$9682,$2294,$1176,$0,$6840,$16524,$-155,$581,$0,$581,$0,$0,$0,$0,$-35,$437,$-791,$0,$0,$0,$0,$-21,$-28,$-840,$0,$-71,$-185,$0,$0,$0,$0,$-256,$-671,$0,$0
45,2006-12-31,8.01,$0.00,0.0,$12.16,0.66,$-2.63,0.0,$0.40,20.1,$4.69B,$5.13B,0.91,$5.50B,$7.08B,0.78,$8.99B,$0.91B,10.09%,$8.99B,$0.43B,4.75%,$8.99B,$0.43B,4.75%,$8.99B,$2.05B,22.77%,$8.99B,$0.31B,3.48%,$8.99B,$0.28B,3.16%,$0.28B,$7.08B,5.18%,$0.28B,$6.46B,5.33%,$0.28B,$17.74B,2.27%,$0.43B,$12.58B,4.70%,$2900,$2678,$222,$35,$113,$2826,$74,$-29,$57,$9,$48,$51,$51,$673,$74,$938,938,$0.05,$0.05,$1348,$1298,$589,$4687,$16056,$380,$618,$160,$17401,$17739,$5134,$5504,$11,$5525,$10659,$2324,$1150,$0,$7080,$17739,$279,$1619,$0,$1619,$0,$0,$0,$0,$49,$2103,$-2669,$0,$444,$0,$0,$-255,$-76,$-2556,$0,$-50,$1106,$0,$0,$-54,$-4,$999,$542,$0,$0
