,Date,Stock Price,Book Value per Share,Price to Book Ratio,TTM Sales per Share,Price to Sales Ratio,TTM FCF per Share,Price to FCF Ratio,TTM Net EPS,PE Ratio,Current Assets,Current Liabilities,Current Ratio,Long Term Debt,Shareholder's Equity_x,Debt to Equity Ratio,TTM Revenue_x,TTM Gross Profit,Gross Margin,TTM Revenue_y,TTM Operating Income,Operating Margin,TTM Revenue_x,TTM EBIT,EBIT Margin,TTM Revenue_y,TTM EBITDA,EBITDA Margin,TTM Revenue_x,TTM Pre-Tax Income,Pre-Tax Margin,TTM Revenue_y,TTM Net Income_x,Net Margin,TTM Net Income_y,Shareholder's Equity_y,Return on Equity,TTM Net Income_x,Tangible Equity,Return on Tangible Equity,TTM Net Income_y,Total Assets,Return on Assets,TTM Net Income,LT Investments & Debt,Return on Investment,revenue,cost-goods-sold,gross-profit,research-development-expenses,selling-general-administrative-expenses,operating-expenses,operating-income,total-non-operating-income-expense,pre-tax-income,total-provision-income-taxes,income-after-taxes,income-from-continuous-operations,net-income,ebitda,ebit,basic-shares-outstanding,shares-outstanding,eps-basic-net-earnings-per-share,eps-earnings-per-share-diluted,cash-on-hand,inventory,other-current-assets,total-current-assets,net-property-plant-equipment,long-term-investments,goodwill-intangible-assets-total,other-long-term-assets,total-long-term-assets,total-assets,total-current-liabilities,long-term-debt,other-non-current-liabilities,total-long-term-liabilities,total-liabilities,common-stock-net,retained-earnings-accumulated-deficit,comprehensive-income,total-share-holder-equity,total-liabilities-share-holders-equity,net-income-loss,total-depreciation-amortization-cash-flow,other-non-cash-items,total-non-cash-items,change-in-accounts-receivable,change-in-inventories,change-in-accounts-payable,change-in-assets-liabilities,total-change-in-assets-liabilities,cash-flow-from-operating-activities,net-change-in-property-plant-equipment,net-change-in-intangible-assets,net-acquisitions-divestitures,net-change-in-short-term-investments,net-change-in-long-term-investments,net-change-in-investments-total,investing-activities-other,cash-flow-from-investing-activities,net-long-term-debt,net-current-debt,debt-issuance-retirement-net-total,net-common-equity-issued-repurchased,net-total-equity-issued-repurchased,total-common-preferred-stock-dividends-paid,financial-activities-other,cash-flow-from-financial-activities,net-cash-flow,stock-based-compensation,common-stock-dividends-paid
0,2018-09-30,2.96,$2.96,1.0,$10.16,0.29,$0.61,4.83,$-7.85,0.0,$0.04B,$0.02B,1.91,$0.00B,$0.04B,0.0,$0.13B,$0.02B,14.29%,$0.13B,$-0.07B,-57.94%,$0.13B,$-0.07B,-57.94%,$0.13B,$-0.03B,-21.43%,$0.13B,$-0.07B,-58.73%,$0.13B,$-0.10B,-78.57%,$-0.10B,$0.04B,-180.82%,$-0.10B,$0.03B,-335.59%,$-0.10B,$0.06B,-130.26%,$-0.07B,$0.04B,-128.07%,$32,$35,$-4,$4,$7,$50,$-18,$-0,$-18,$0,$-18,$-18,$-18,$-16,$-18,$13,13,$-1.41,$-1.41,$16,$0,$0,$43,$4,$0,$13,$1,$18,$61,$22,$0,$0,$0,$22,$0,$-322,$0,$38,$61,$-34,$7,$22,$28,$0,$0,$3,$-0,$5,$-1,$-1,$0,$0,$0,$0,$0,$0,$-1,$0,$-8,$-8,$0,$0,$0,$0,$-8,$-9,$4,$0
1,2018-06-30,4.52,$4.21,1.07,$10.47,0.43,$1.56,2.9,$-6.43,0.0,$0.04B,$0.02B,2.17,$0.00B,$0.06B,0.0,$0.13B,$0.03B,25.19%,$0.13B,$-0.06B,-41.98%,$0.13B,$-0.06B,-41.98%,$0.13B,$-0.01B,-6.87%,$0.13B,$-0.06B,-42.75%,$0.13B,$-0.08B,-61.83%,$-0.08B,$0.06B,-104.18%,$-0.08B,$0.03B,-202.50%,$-0.08B,$0.08B,-78.64%,$-0.06B,$0.06B,-66.87%,$29,$24,$6,$3,$7,$35,$-5,$0,$-5,$0,$-5,$-5,$-5,$-8,$-5,$13,13,$-0.41,$-0.41,$19,$0,$0,$44,$4,$0,$26,$1,$31,$75,$20,$0,$0,$0,$20,$0,$-304,$0,$55,$75,$-15,$4,$9,$13,$2,$0,$2,$-0,$4,$1,$-0,$0,$0,$0,$0,$0,$0,$-0,$-8,$0,$-8,$0,$0,$0,$0,$-8,$-7,$3,$0
2,2018-03-31,2.98,$4.54,0.66,$10.76,0.28,$2.16,1.38,$-6.00,0.0,$0.04B,$0.02B,2.57,$0.00B,$0.06B,0.0,$0.14B,$0.04B,27.74%,$0.14B,$-0.05B,-36.50%,$0.14B,$-0.05B,-36.50%,$0.14B,$0.00B,0.73%,$0.14B,$-0.05B,-37.23%,$0.14B,$-0.08B,-55.47%,$-0.08B,$0.06B,-78.76%,$-0.08B,$0.03B,-154.31%,$-0.08B,$0.08B,-60.32%,$-0.05B,$0.06B,-47.73%,$32,$25,$8,$3,$8,$43,$-10,$0,$-10,$0,$-10,$-10,$-10,$-3,$-10,$13,13,$-0.81,$-0.81,$15,$0,$0,$42,$4,$0,$27,$1,$33,$75,$16,$0,$0,$0,$16,$0,$-299,$0,$59,$75,$-10,$7,$2,$10,$1,$0,$-1,$-1,$-1,$-2,$-0,$0,$0,$0,$0,$0,$0,$-0,$-8,$0,$-8,$0,$0,$0,$0,$-8,$-10,$2,$0
3,2017-12-31,9.01,$5.14,1.75,$11.00,0.82,$2.56,3.52,$-5.15,0.0,$0.05B,$0.02B,3.16,$0.01B,$0.07B,0.13,$0.14B,$0.04B,30.28%,$0.14B,$-0.04B,-27.46%,$0.14B,$-0.04B,-27.46%,$0.14B,$0.01B,4.93%,$0.14B,$-0.04B,-28.17%,$0.14B,$-0.07B,-46.48%,$-0.07B,$0.07B,-58.02%,$-0.07B,$0.03B,-115.28%,$-0.07B,$0.09B,-44.37%,$-0.04B,$0.08B,-31.39%,$33,$25,$8,$3,$7,$74,$-40,$-1,$-41,$25,$-66,$-66,$-66,$-0,$-40,$12,12,$-5.56,$-5.55,$25,$0,$0,$53,$4,$0,$34,$1,$40,$93,$17,$9,$0,$9,$26,$0,$-289,$0,$67,$93,$-65,$45,$31,$76,$7,$0,$-3,$-1,$1,$11,$-2,$-9,$0,$-0,$0,$-0,$0,$-10,$-14,$0,$-14,$-1,$-1,$0,$0,$-15,$-14,$4,$0
4,2017-09-30,6.89,$9.92,0.69,$11.23,0.61,$2.95,2.33,$0.17,40.53,$0.07B,$0.03B,2.99,$0.01B,$0.13B,0.07,$0.15B,$0.05B,33.56%,$0.15B,$0.00B,2.01%,$0.15B,$0.00B,2.01%,$0.15B,$0.01B,7.38%,$0.15B,$0.00B,2.68%,$0.15B,$0.00B,0.67%,$0.00B,$0.13B,0.79%,$0.00B,$0.07B,1.61%,$0.00B,$0.17B,0.60%,$0.00B,$0.14B,2.15%,$37,$26,$11,$3,$7,$37,$0,$-0,$0,$0,$0,$0,$0,$2,$0,$13,13,$0.01,$0.01,$45,$0,$0,$74,$5,$1,$63,$1,$95,$169,$25,$9,$5,$14,$39,$0,$-223,$0,$130,$169,$1,$5,$3,$9,$6,$0,$0,$-0,$3,$12,$-2,$-1,$0,$0,$0,$0,$0,$-2,$-4,$0,$-4,$-0,$-0,$0,$0,$-4,$6,$3,$0
5,2017-06-30,12.61,$10.09,1.25,$11.73,1.08,$2.90,4.35,$0.37,34.08,$0.07B,$0.02B,3.22,$0.02B,$0.13B,0.12,$0.16B,$0.06B,35.26%,$0.16B,$0.01B,4.49%,$0.16B,$0.01B,4.49%,$0.16B,$0.02B,9.62%,$0.16B,$0.01B,5.13%,$0.16B,$0.00B,2.56%,$0.00B,$0.13B,3.23%,$0.00B,$0.07B,6.93%,$0.00B,$0.17B,2.42%,$0.01B,$0.15B,5.15%,$35,$24,$11,$3,$6,$34,$0,$-0,$0,$-0,$0,$0,$0,$2,$0,$11,13,$0.03,$0.02,$45,$0,$0,$71,$5,$1,$64,$1,$96,$167,$22,$15,$0,$15,$37,$0,$-223,$0,$130,$167,$1,$4,$2,$6,$8,$0,$-1,$-0,$3,$10,$-1,$0,$0,$0,$0,$0,$0,$-1,$-4,$0,$-4,$1,$1,$0,$0,$-3,$6,$2,$0
6,2017-03-31,12.53,$11.57,1.08,$11.85,1.06,$2.58,4.86,$0.38,32.97,$0.07B,$0.02B,3.16,$0.01B,$0.13B,0.07,$0.16B,$0.06B,36.94%,$0.16B,$0.01B,5.10%,$0.16B,$0.01B,5.10%,$0.16B,$0.02B,10.19%,$0.16B,$0.01B,5.73%,$0.16B,$0.00B,2.55%,$0.00B,$0.13B,3.35%,$0.00B,$0.06B,7.73%,$0.00B,$0.17B,2.47%,$0.01B,$0.14B,6.04%,$37,$24,$13,$3,$7,$36,$1,$-0,$1,$1,$0,$0,$0,$3,$1,$11,13,$0.04,$0.04,$40,$0,$0,$69,$4,$1,$65,$1,$96,$166,$22,$9,$7,$16,$38,$0,$-223,$0,$128,$166,$0,$2,$1,$3,$5,$0,$-3,$0,$-0,$3,$-0,$0,$0,$0,$0,$0,$0,$-0,$-3,$0,$-3,$0,$0,$0,$0,$-2,$1,$1,$0
7,2016-12-31,13.45,$10.86,1.24,$12.50,1.08,$2.39,5.62,$0.28,48.04,$0.08B,$0.03B,2.67,$0.02B,$0.12B,0.14,$0.16B,$0.06B,37.82%,$0.16B,$0.01B,3.85%,$0.16B,$0.01B,3.85%,$0.16B,$0.01B,8.97%,$0.16B,$0.01B,4.49%,$0.16B,$0.00B,1.92%,$0.00B,$0.12B,2.61%,$0.00B,$0.05B,6.56%,$0.00B,$0.17B,1.89%,$0.01B,$0.14B,4.69%,$40,$26,$15,$3,$8,$39,$2,$1,$3,$2,$1,$1,$1,$4,$2,$11,13,$0.12,$0.11,$39,$0,$0,$78,$4,$1,$67,$1,$87,$165,$29,$17,$0,$17,$46,$0,$-230,$0,$120,$165,$4,$7,$6,$13,$-3,$0,$2,$1,$1,$18,$-2,$0,$0,$-0,$-0,$-1,$0,$-3,$-4,$0,$-4,$3,$3,$0,$-0,$-1,$15,$4,$0
8,2016-09-30,17.8,$10.68,1.67,$12.34,1.44,$1.93,9.22,$0.28,63.57,$0.07B,$0.03B,2.5,$0.01B,$0.12B,0.08,$0.15B,$0.06B,38.16%,$0.15B,$0.01B,3.95%,$0.15B,$0.01B,3.95%,$0.15B,$0.01B,8.55%,$0.15B,$0.01B,3.95%,$0.15B,$0.00B,1.97%,$0.00B,$0.12B,2.68%,$0.00B,$0.05B,7.23%,$0.00B,$0.16B,1.92%,$0.01B,$0.13B,4.74%,$44,$28,$16,$3,$7,$40,$4,$-0,$4,$1,$3,$3,$3,$6,$4,$11,13,$0.26,$0.21,$33,$0,$0,$69,$5,$1,$68,$2,$93,$162,$28,$9,$9,$18,$45,$0,$-232,$0,$117,$162,$2,$5,$4,$10,$-5,$0,$4,$0,$-0,$12,$-2,$0,$0,$0,$-0,$-0,$0,$-2,$-4,$0,$-4,$3,$3,$0,$-0,$-1,$9,$3,$0
9,2016-06-30,13.87,$10.35,1.34,$12.53,1.11,$1.67,8.31,$0.21,66.05,$0.06B,$0.03B,2.46,$0.02B,$0.11B,0.17,$0.15B,$0.06B,38.51%,$0.15B,$0.01B,3.38%,$0.15B,$0.01B,3.38%,$0.15B,$0.01B,7.43%,$0.15B,$0.01B,3.38%,$0.15B,$0.00B,1.35%,$0.00B,$0.11B,1.95%,$0.00B,$0.04B,5.23%,$0.00B,$0.16B,1.35%,$0.01B,$0.13B,4.26%,$36,$22,$14,$4,$8,$35,$1,$-0,$1,$0,$0,$0,$0,$3,$1,$11,13,$0.04,$0.03,$27,$0,$0,$61,$5,$1,$70,$2,$95,$156,$25,$19,$0,$19,$44,$0,$-235,$0,$112,$156,$-0,$4,$2,$6,$-1,$0,$2,$0,$1,$6,$-1,$0,$0,$0,$-0,$-0,$0,$-2,$-3,$0,$-3,$1,$1,$0,$-0,$-1,$3,$2,$0
10,2016-03-31,17.36,$10.26,1.69,$12.56,1.38,$1.46,11.86,$0.26,66.77,$0.06B,$0.02B,2.55,$0.01B,$0.11B,0.08,$0.14B,$0.06B,38.73%,$0.14B,$0.01B,4.23%,$0.14B,$0.01B,4.23%,$0.14B,$0.01B,7.04%,$0.14B,$0.01B,4.23%,$0.14B,$0.00B,2.11%,$0.00B,$0.11B,3.17%,$0.00B,$0.04B,8.33%,$0.00B,$0.15B,2.13%,$0.01B,$0.12B,5.36%,$36,$23,$14,$4,$9,$37,$-1,$-0,$-1,$-0,$-1,$-1,$-1,$1,$-1,$11,11,$-0.06,$-0.06,$24,$0,$0,$57,$5,$1,$71,$1,$95,$152,$22,$9,$11,$20,$43,$0,$-235,$0,$110,$152,$-1,$2,$1,$3,$0,$0,$2,$1,$-1,$2,$-1,$0,$0,$0,$0,$0,$0,$-1,$-1,$0,$-1,$1,$1,$0,$-0,$-1,$0,$1,$0
11,2015-12-31,22.56,$10.18,2.22,$11.47,1.97,$1.32,17.05,$0.39,57.85,$0.06B,$0.02B,2.41,$0.02B,$0.11B,0.2,$0.13B,$0.05B,38.64%,$0.13B,$0.01B,6.06%,$0.13B,$0.01B,6.06%,$0.13B,$0.01B,8.33%,$0.13B,$0.01B,6.06%,$0.13B,$0.01B,3.79%,$0.01B,$0.11B,5.90%,$0.01B,$0.04B,13.25%,$0.01B,$0.15B,3.89%,$0.01B,$0.13B,7.77%,$36,$22,$14,$4,$8,$35,$2,$1,$2,$1,$1,$1,$1,$3,$2,$10,13,$0.13,$0.08,$24,$0,$0,$57,$4,$1,$72,$1,$97,$154,$24,$22,$0,$22,$45,$0,$-234,$0,$108,$154,$5,$4,$6,$10,$-0,$0,$-1,$-0,$-3,$12,$-3,$0,$-25,$0,$-0,$-0,$0,$-28,$14,$0,$14,$3,$5,$0,$-0,$19,$3,$3,$0
12,2015-09-30,16.77,$7.75,2.16,$10.92,1.54,$1.18,14.24,$0.40,41.93,$0.05B,$0.03B,2.12,$0.01B,$0.08B,0.11,$0.12B,$0.05B,38.52%,$0.12B,$0.01B,6.56%,$0.12B,$0.01B,6.56%,$0.12B,$0.01B,9.02%,$0.12B,$0.01B,6.56%,$0.12B,$0.01B,4.10%,$0.01B,$0.08B,6.67%,$0.01B,$0.04B,12.58%,$0.01B,$0.13B,4.30%,$0.01B,$0.09B,8.94%,$40,$25,$15,$4,$8,$37,$3,$-0,$3,$1,$2,$2,$2,$4,$3,$10,12,$0.16,$0.14,$19,$0,$0,$52,$3,$4,$45,$1,$77,$129,$25,$9,$14,$23,$48,$0,$-236,$0,$81,$129,$3,$2,$9,$11,$-1,$0,$2,$-5,$-7,$8,$-2,$0,$-25,$0,$0,$0,$0,$-27,$15,$0,$15,$2,$2,$0,$-0,$17,$-2,$2,$0
13,2015-06-30,15.99,$7.53,2.12,$9.90,1.61,$1.10,14.6,$0.37,43.22,$0.05B,$0.02B,2.67,$0.03B,$0.08B,0.38,$0.11B,$0.04B,39.45%,$0.11B,$0.01B,6.42%,$0.11B,$0.01B,6.42%,$0.11B,$0.01B,9.17%,$0.11B,$0.01B,6.42%,$0.11B,$0.00B,3.67%,$0.00B,$0.08B,5.56%,$0.00B,$0.03B,9.58%,$0.00B,$0.13B,3.64%,$0.01B,$0.11B,7.98%,$30,$19,$12,$3,$7,$29,$2,$-0,$2,$1,$1,$1,$1,$2,$2,$10,11,$0.09,$0.08,$16,$0,$0,$51,$2,$4,$46,$1,$77,$128,$19,$30,$0,$30,$49,$0,$-237,$0,$79,$128,$2,$1,$6,$7,$-0,$0,$3,$-6,$-7,$2,$-1,$0,$-25,$0,$0,$0,$0,$-26,$17,$0,$17,$2,$2,$0,$-0,$19,$-5,$1,$0
14,2015-03-31,14.77,$7.96,1.86,$9.45,1.56,$1.15,12.89,$0.37,39.92,$0.04B,$0.02B,2.25,$0.01B,$0.07B,0.18,$0.11B,$0.04B,39.05%,$0.11B,$0.01B,5.71%,$0.11B,$0.01B,5.71%,$0.11B,$0.01B,9.52%,$0.11B,$0.01B,5.71%,$0.11B,$0.00B,3.81%,$0.00B,$0.07B,5.78%,$0.00B,$0.05B,9.09%,$0.00B,$0.10B,3.86%,$0.01B,$0.08B,7.29%,$26,$16,$10,$2,$7,$25,$1,$-0,$1,$0,$1,$1,$1,$2,$1,$9,11,$0.09,$0.07,$19,$0,$0,$44,$2,$4,$25,$1,$59,$103,$20,$12,$0,$13,$32,$0,$-238,$0,$71,$103,$1,$1,$1,$2,$-1,$0,$0,$0,$-3,$-1,$-0,$0,$0,$0,$0,$0,$0,$-0,$-1,$0,$-1,$0,$0,$0,$0,$-1,$-1,$1,$0
15,2014-12-31,10.9,$7.80,1.4,$9.71,1.12,$1.28,8.49,$0.34,32.06,$0.05B,$0.02B,1.86,$0.01B,$0.07B,0.09,$0.11B,$0.04B,38.68%,$0.11B,$0.01B,5.66%,$0.11B,$0.01B,5.66%,$0.11B,$0.01B,8.49%,$0.11B,$0.01B,5.66%,$0.11B,$0.00B,2.83%,$0.00B,$0.07B,4.40%,$0.00B,$0.04B,7.06%,$0.00B,$0.11B,2.90%,$0.01B,$0.08B,7.23%,$26,$16,$10,$2,$6,$24,$2,$-0,$2,$1,$1,$1,$1,$3,$2,$9,11,$0.13,$0.09,$21,$0,$0,$45,$2,$4,$25,$1,$59,$105,$24,$6,$5,$11,$35,$0,$-239,$0,$69,$105,$3,$2,$5,$7,$-3,$0,$0,$-2,$-2,$8,$-1,$0,$-10,$0,$-1,$-1,$0,$-13,$8,$0,$8,$-1,$-1,$0,$-0,$6,$2,$1,$0
16,2014-09-30,8.59,$7.69,1.12,$9.34,0.92,$1.03,8.37,$3.49,2.46,$0.04B,$0.02B,2.03,$0.01B,$0.07B,0.2,$0.10B,$0.04B,38.61%,$0.10B,$0.01B,4.95%,$0.10B,$0.01B,4.95%,$0.10B,$0.01B,6.93%,$0.10B,$0.01B,4.95%,$0.10B,$0.04B,37.62%,$0.04B,$0.07B,56.51%,$0.04B,$0.04B,86.86%,$0.04B,$0.10B,38.29%,$0.01B,$0.08B,6.06%,$27,$16,$11,$2,$6,$25,$2,$-0,$2,$1,$1,$1,$1,$3,$2,$9,11,$0.12,$0.11,$22,$0,$0,$42,$2,$3,$26,$1,$62,$104,$21,$14,$1,$14,$35,$0,$-240,$0,$69,$104,$2,$2,$3,$5,$-1,$0,$0,$-1,$-2,$6,$-1,$0,$-10,$0,$0,$0,$0,$-11,$8,$0,$8,$1,$1,$0,$-0,$9,$3,$1,$0
17,2014-06-30,13.11,$7.53,1.74,$8.91,1.47,$0.80,16.37,$3.51,3.74,$0.04B,$0.02B,2.71,$0.02B,$0.07B,0.28,$0.10B,$0.04B,38.54%,$0.10B,$0.00B,4.17%,$0.10B,$0.00B,4.17%,$0.10B,$0.01B,6.25%,$0.10B,$0.00B,4.17%,$0.10B,$0.04B,39.58%,$0.04B,$0.07B,66.38%,$0.04B,$0.04B,103.40%,$0.04B,$0.10B,44.19%,$0.00B,$0.09B,5.61%,$26,$16,$10,$2,$6,$24,$1,$-0,$1,$0,$1,$1,$1,$2,$1,$9,11,$0.09,$0.08,$20,$0,$0,$41,$2,$3,$26,$1,$62,$103,$15,$19,$1,$20,$35,$0,$-241,$0,$68,$103,$1,$1,$2,$3,$-0,$0,$1,$-1,$-1,$3,$-1,$0,$-10,$0,$0,$0,$0,$-11,$9,$0,$9,$1,$1,$0,$-0,$9,$2,$1,$0
18,2014-03-31,12.43,$7.42,1.68,$8.56,1.45,$0.66,18.92,$3.47,3.58,$0.04B,$0.01B,2.76,$0.02B,$0.07B,0.3,$0.09B,$0.03B,38.64%,$0.09B,$0.00B,4.55%,$0.09B,$0.00B,4.55%,$0.09B,$0.01B,5.68%,$0.09B,$0.00B,3.41%,$0.09B,$0.04B,42.05%,$0.04B,$0.07B,78.72%,$0.04B,$0.04B,124.37%,$0.04B,$0.10B,52.30%,$0.00B,$0.09B,6.96%,$27,$17,$10,$2,$7,$26,$1,$-0,$1,$0,$0,$0,$0,$1,$1,$9,10,$0.04,$0.04,$19,$0,$0,$39,$2,$3,$26,$1,$62,$102,$14,$20,$1,$21,$35,$0,$-242,$0,$67,$102,$0,$1,$1,$1,$1,$0,$0,$-1,$-1,$1,$-0,$0,$-10,$0,$0,$0,$0,$-10,$9,$0,$9,$0,$0,$0,$0,$10,$0,$0,$0
19,2013-12-31,15.13,$7.28,2.08,$7.95,1.9,$0.53,28.33,$3.47,4.36,$0.04B,$0.01B,2.88,$0.01B,$0.07B,0.14,$0.08B,$0.03B,39.24%,$0.08B,$0.00B,3.80%,$0.08B,$0.00B,3.80%,$0.08B,$0.01B,6.33%,$0.08B,$0.00B,2.53%,$0.08B,$0.04B,46.84%,$0.04B,$0.07B,100.68%,$0.04B,$0.05B,160.87%,$0.04B,$0.09B,66.37%,$0.00B,$0.07B,6.86%,$21,$13,$8,$2,$5,$20,$1,$-0,$1,$-35,$36,$36,$36,$1,$1,$9,11,$4.07,$3.40,$19,$0,$0,$37,$2,$3,$15,$0,$51,$88,$13,$9,$1,$10,$23,$0,$-242,$0,$65,$88,$38,$2,$-34,$-32,$-5,$0,$1,$0,$-1,$4,$-1,$-0,$-2,$0,$-3,$-3,$0,$-5,$4,$0,$4,$0,$0,$0,$-0,$4,$4,$1,$0
20,2013-09-30,7.17,$3.20,2.24,$7.84,0.91,$0.74,9.74,$0.25,28.68,$0.03B,$0.01B,2.65,$0.01B,$0.03B,0.32,$0.08B,$0.03B,38.67%,$0.08B,$0.00B,2.67%,$0.08B,$0.00B,2.67%,$0.08B,$0.01B,6.67%,$0.08B,$0.00B,1.33%,$0.08B,$0.00B,1.33%,$0.00B,$0.03B,3.70%,$0.00B,$0.02B,7.14%,$0.00B,$0.05B,2.27%,$0.00B,$0.04B,6.06%,$22,$13,$9,$2,$5,$20,$1,$0,$1,$0,$1,$1,$1,$2,$1,$9,11,$0.14,$0.13,$17,$0,$0,$32,$2,$3,$12,$2,$19,$51,$12,$9,$1,$10,$22,$0,$-279,$0,$29,$51,$2,$2,$1,$2,$-5,$0,$2,$0,$-2,$3,$-1,$0,$0,$0,$-3,$-3,$-2,$-5,$4,$0,$4,$0,$0,$0,$-0,$4,$2,$1,$0
21,2013-06-30,4.77,$3.03,1.57,$7.52,0.63,$0.91,5.23,$0.17,28.06,$0.03B,$0.01B,2.87,$0.01B,$0.03B,0.19,$0.07B,$0.03B,38.57%,$0.07B,$0.00B,2.86%,$0.07B,$0.00B,2.86%,$0.07B,$0.00B,5.71%,$0.07B,$0.00B,1.43%,$0.07B,$0.00B,1.43%,$0.00B,$0.03B,3.85%,$0.00B,$0.01B,7.69%,$0.00B,$0.04B,2.41%,$0.00B,$0.03B,6.45%,$18,$11,$7,$2,$4,$17,$1,$-0,$0,$0,$0,$0,$0,$1,$1,$9,9,$0.04,$0.04,$16,$0,$0,$28,$2,$0,$13,$0,$14,$42,$10,$5,$1,$6,$16,$0,$-280,$0,$27,$42,$1,$1,$1,$2,$-2,$0,$3,$-0,$-2,$1,$-0,$0,$0,$0,$0,$0,$0,$-0,$0,$0,$0,$0,$0,$0,$-0,$0,$1,$0,$0
22,2013-03-31,4.34,$2.97,1.46,$7.27,0.6,$1.12,3.88,$0.16,27.13,$0.03B,$0.01B,2.81,$0.01B,$0.03B,0.19,$0.07B,$0.03B,38.24%,$0.07B,$0.00B,1.47%,$0.07B,$0.00B,1.47%,$0.07B,$0.00B,5.88%,$0.07B,$0.00B,1.47%,$0.07B,$0.00B,1.47%,$0.00B,$0.03B,3.96%,$0.00B,$0.01B,8.16%,$0.00B,$0.04B,2.45%,$0.00B,$0.03B,3.31%,$18,$12,$7,$2,$5,$18,$0,$0,$0,$0,$0,$0,$0,$1,$0,$9,9,$0.04,$0.04,$15,$0,$0,$27,$2,$0,$13,$0,$15,$42,$10,$5,$1,$6,$15,$0,$-280,$0,$26,$42,$0,$1,$0,$1,$-2,$0,$1,$-0,$-2,$-0,$-0,$0,$0,$0,$0,$0,$0,$-0,$0,$0,$0,$0,$0,$0,$-0,$-0,$-1,$0,$0
23,2012-12-31,3.98,$2.91,1.37,$7.02,0.57,$1.27,3.13,$0.17,23.41,$0.03B,$0.01B,2.76,$0.01B,$0.03B,0.19,$0.07B,$0.03B,38.81%,$0.07B,$0.00B,1.49%,$0.07B,$0.00B,1.49%,$0.07B,$0.00B,5.97%,$0.07B,$0.00B,1.49%,$0.07B,$0.00B,1.49%,$0.00B,$0.03B,4.00%,$0.00B,$0.01B,8.51%,$0.00B,$0.04B,2.50%,$0.00B,$0.03B,3.33%,$17,$11,$6,$2,$4,$17,$0,$0,$0,$0,$0,$0,$0,$1,$0,$9,9,$0.03,$0.04,$15,$0,$0,$26,$2,$0,$13,$0,$15,$41,$9,$5,$1,$6,$15,$0,$-280,$0,$26,$41,$1,$2,$1,$3,$-0,$0,$1,$0,$1,$6,$-1,$0,$0,$0,$0,$1,$0,$-0,$0,$0,$0,$-1,$-1,$0,$-0,$-2,$4,$1,$0
24,2012-09-30,3.78,$2.85,1.33,$6.88,0.55,$0.89,4.25,$0.18,21.0,$0.03B,$0.01B,2.52,$0.01B,$0.03B,0.2,$0.07B,$0.03B,40.91%,$0.07B,$0.00B,1.52%,$0.07B,$0.00B,1.52%,$0.07B,$0.00B,6.06%,$0.07B,$0.00B,1.52%,$0.07B,$0.00B,1.52%,$0.00B,$0.03B,4.04%,$0.00B,$0.01B,9.09%,$0.00B,$0.04B,2.53%,$0.00B,$0.03B,3.36%,$17,$11,$7,$2,$4,$17,$1,$0,$1,$0,$1,$1,$1,$1,$1,$9,10,$0.06,$0.06,$14,$0,$0,$25,$2,$0,$14,$0,$15,$41,$10,$5,$1,$6,$16,$0,$-281,$0,$25,$41,$1,$2,$1,$3,$-1,$0,$2,$-0,$1,$4,$-1,$0,$0,$0,$0,$0,$0,$-0,$0,$0,$0,$-1,$-1,$0,$-0,$-2,$2,$1,$0
25,2012-06-30,3.77,$2.76,1.36,$6.88,0.55,$0.47,8.05,$0.18,20.92,$0.02B,$0.01B,2.62,$0.01B,$0.02B,0.21,$0.07B,$0.03B,41.54%,$0.07B,0,0.00%,$0.07B,0,0.00%,$0.07B,$0.00B,6.15%,$0.07B,0,0.00%,$0.07B,0,0.00%,$0.00B,$0.02B,0.00%,$0.00B,$0.01B,0.00%,$0.00B,$0.04B,0.00%,$0.00B,$0.03B,0.00%,$16,$9,$6,$2,$4,$15,$0,$-0,$0,$0,$0,$0,$0,$1,$0,$9,9,$0.03,$0.02,$12,$0,$0,$23,$2,$0,$14,$0,$16,$39,$9,$5,$1,$6,$14,$0,$-281,$0,$24,$39,$0,$1,$1,$2,$0,$0,$2,$0,$1,$3,$-0,$0,$0,$0,$0,$0,$0,$-0,$0,$0,$0,$-1,$-1,$0,$-0,$-2,$1,$0,$0
26,2012-03-31,4.85,$2.75,1.77,$6.75,0.72,$0.16,29.79,$0.15,32.33,$0.02B,$0.01B,2.78,$0.01B,$0.03B,0.2,$0.06B,$0.03B,42.19%,$0.06B,0,0.00%,$0.06B,0,0.00%,$0.06B,$0.00B,6.25%,$0.06B,0,0.00%,$0.06B,0,0.00%,$0.00B,$0.03B,0.00%,$0.00B,$0.01B,0.00%,$0.00B,$0.04B,0.00%,$0.00B,$0.03B,0.00%,$17,$10,$7,$2,$4,$16,$0,$-0,$0,$0,$0,$0,$0,$1,$0,$9,9,$0.03,$0.03,$12,$0,$0,$23,$2,$0,$14,$0,$16,$39,$8,$5,$1,$6,$14,$0,$-282,$0,$25,$39,$0,$1,$0,$1,$-1,$0,$1,$0,$-0,$1,$-0,$0,$0,$0,$0,$0,$0,$0,$0,$0,$0,$-0,$-0,$0,$-0,$-0,$1,$0,$0
27,2011-12-31,3.5,$2.70,1.3,$6.74,0.52,$-0.09,0.0,$0.05,70.0,$0.02B,$0.01B,2.69,$0.01B,$0.03B,0.2,$0.06B,$0.03B,41.27%,$0.06B,0,0.00%,$0.06B,0,0.00%,$0.06B,$0.00B,4.76%,$0.06B,0,0.00%,$0.06B,$-0.00B,-1.59%,$-0.00B,$0.03B,-4.17%,$-0.00B,$0.01B,-11.76%,$-0.00B,$0.04B,-2.63%,$0.00B,$0.03B,0.00%,$16,$9,$7,$2,$4,$16,$0,$0,$0,$0,$0,$0,$0,$1,$0,$9,10,$0.03,$0.02,$12,$0,$0,$22,$2,$0,$15,$0,$16,$39,$8,$5,$1,$6,$14,$0,$-282,$0,$25,$39,$0,$2,$2,$4,$-2,$0,$-1,$0,$-2,$2,$-1,$0,$0,$0,$1,$1,$0,$0,$0,$0,$0,$0,$0,$0,$-0,$0,$2,$1,$0
28,2011-09-30,4.24,$2.63,1.61,$6.67,0.64,$-0.94,0.0,$-0.35,0.0,$0.02B,$0.01B,2.64,$0.01B,$0.02B,0.21,$0.06B,$0.03B,40.32%,$0.06B,$-0.01B,-9.68%,$0.06B,$-0.01B,-9.68%,$0.06B,$-0.00B,-6.45%,$0.06B,$-0.00B,-4.84%,$0.06B,$-0.00B,-6.45%,$-0.00B,$0.02B,-17.02%,$-0.00B,$0.01B,-51.61%,$-0.00B,$0.04B,-10.60%,$-0.01B,$0.03B,-21.05%,$16,$10,$7,$2,$4,$16,$0,$0,$0,$-0,$0,$0,$0,$1,$0,$9,9,$0.05,$0.05,$10,$0,$0,$21,$2,$0,$15,$0,$17,$38,$8,$5,$1,$6,$13,$0,$-282,$0,$24,$38,$0,$2,$1,$3,$-2,$0,$-0,$0,$-3,$0,$-1,$0,$0,$0,$1,$1,$0,$0,$0,$0,$0,$0,$0,$0,$-0,$0,$0,$1,$0
29,2011-06-30,5.65,$2.56,2.21,$6.38,0.89,$-1.42,0.0,$-0.75,0.0,$0.02B,$0.01B,2.23,$0.01B,$0.02B,0.21,$0.06B,$0.02B,38.98%,$0.06B,$-0.01B,-15.25%,$0.06B,$-0.01B,-15.25%,$0.06B,$-0.01B,-13.56%,$0.06B,$-0.01B,-10.17%,$0.06B,$-0.01B,-11.86%,$-0.01B,$0.02B,-29.17%,$-0.01B,$0.01B,-87.50%,$-0.01B,$0.04B,-18.42%,$-0.01B,$0.03B,-31.03%,$15,$9,$6,$2,$4,$15,$0,$0,$0,$0,$0,$0,$0,$1,$0,$9,10,$0.02,$0.02,$9,$0,$0,$20,$2,$1,$15,$0,$18,$38,$9,$5,$1,$6,$14,$0,$-283,$0,$24,$38,$-0,$1,$1,$2,$-1,$0,$1,$0,$-1,$0,$-1,$0,$0,$0,$-0,$-0,$0,$-1,$0,$0,$0,$0,$0,$0,$-0,$0,$-0,$1,$0
30,2011-03-31,7.05,$2.50,2.82,$6.16,1.14,$-1.53,0.0,$-1.10,0.0,$0.02B,$0.01B,2.21,$0.01B,$0.02B,0.22,$0.06B,$0.02B,37.50%,$0.06B,$-0.01B,-21.43%,$0.06B,$-0.01B,-21.43%,$0.06B,$-0.01B,-21.43%,$0.06B,$-0.01B,-16.07%,$0.06B,$-0.01B,-17.86%,$-0.01B,$0.02B,-40.40%,$-0.01B,$0.01B,-78.43%,$-0.01B,$0.04B,-27.21%,$-0.01B,$0.03B,-42.11%,$16,$10,$6,$2,$5,$16,$-0,$0,$-0,$0,$-1,$-1,$-1,$0,$-0,$9,9,$-0.05,$-0.05,$8,$0,$0,$18,$2,$1,$16,$0,$18,$37,$8,$5,$1,$6,$14,$0,$-283,$0,$23,$37,$-1,$1,$0,$1,$-1,$0,$0,$0,$-2,$-1,$-0,$0,$0,$0,$0,$0,$0,$-0,$0,$0,$0,$0,$0,$0,$-0,$0,$-1,$0,$0
31,2010-12-31,4.3,$2.53,1.7,$5.69,0.76,$-1.26,0.0,$-0.95,0.0,$0.02B,$0.01B,2.06,$0.01B,$0.02B,0.22,$0.05B,$0.02B,38.46%,$0.05B,$-0.01B,-21.15%,$0.05B,$-0.01B,-21.15%,$0.05B,$-0.01B,-21.15%,$0.05B,$-0.01B,-15.38%,$0.05B,$-0.01B,-15.38%,$-0.01B,$0.02B,-30.48%,$-0.01B,$0.01B,-43.84%,$-0.01B,$0.04B,-22.07%,$-0.01B,$0.03B,-38.26%,$15,$9,$6,$2,$6,$21,$-6,$3,$-3,$0,$-3,$-3,$-3,$-6,$-6,$9,9,$-0.35,$-0.35,$9,$0,$0,$19,$2,$1,$16,$0,$19,$38,$9,$5,$0,$5,$15,$0,$-282,$0,$23,$38,$-9,$1,$2,$3,$-0,$0,$1,$-0,$1,$-4,$-2,$0,$-9,$-0,$-1,$-1,$0,$-12,$0,$0,$0,$0,$0,$0,$0,$0,$-16,$1,$0
32,2010-09-30,4.35,$2.86,1.52,$5.44,0.8,$-1.11,0.0,$-0.70,0.0,$0.02B,$0.01B,2.59,$0.01B,$0.03B,0.19,$0.05B,$0.02B,38.78%,$0.05B,$-0.01B,-18.37%,$0.05B,$-0.01B,-18.37%,$0.05B,$-0.01B,-18.37%,$0.05B,$-0.01B,-12.24%,$0.05B,$-0.01B,-12.24%,$-0.01B,$0.03B,-21.82%,$-0.01B,$0.01B,-25.53%,$-0.01B,$0.04B,-16.90%,$-0.01B,$0.03B,-31.30%,$13,$8,$5,$2,$6,$16,$-3,$0,$-3,$0,$-3,$-3,$-3,$-3,$-3,$9,9,$-0.35,$-0.35,$10,$0,$0,$21,$1,$1,$16,$0,$19,$39,$8,$5,$0,$5,$13,$0,$-279,$0,$26,$39,$-5,$1,$1,$2,$0,$0,$0,$-1,$-1,$-4,$-1,$0,$-9,$0,$-1,$-1,$0,$-11,$0,$0,$0,$0,$0,$0,$0,$0,$-15,$1,$0
33,2010-06-30,5.7,$2.93,1.94,$5.51,1.03,$-1.07,0.0,$-0.45,0.0,$0.03B,$0.01B,4.85,$0.00B,$0.03B,0.0,$0.05B,$0.02B,38.78%,$0.05B,$-0.01B,-14.29%,$0.05B,$-0.01B,-14.29%,$0.05B,$-0.01B,-14.29%,$0.05B,$-0.00B,-8.16%,$0.05B,$-0.00B,-8.16%,$-0.00B,$0.03B,-14.16%,$-0.00B,$0.03B,-14.16%,$-0.00B,$0.03B,-11.51%,$-0.01B,$0.03B,-24.78%,$12,$8,$4,$1,$6,$15,$-3,$0,$-3,$0,$-3,$-3,$-3,$-3,$-3,$9,9,$-0.35,$-0.35,$24,$0,$0,$32,$1,$0,$0,$0,$1,$33,$7,$0,$0,$0,$7,$0,$-276,$0,$27,$33,$-2,$1,$1,$2,$1,$0,$0,$-1,$-0,$-1,$-0,$0,$0,$0,$0,$0,$0,$-0,$0,$0,$0,$0,$0,$0,$0,$0,$-1,$1,$0
34,2010-03-31,5.25,$3.23,1.63,$5.67,0.93,$-1.20,0.0,$-0.15,0.0,$0.03B,$0.01B,5.54,$0.00B,$0.03B,0.0,$0.05B,$0.02B,38.00%,$0.05B,$-0.01B,-12.00%,$0.05B,$-0.01B,-12.00%,$0.05B,$-0.01B,-12.00%,$0.05B,$-0.00B,-6.00%,$0.05B,$-0.00B,-2.00%,$-0.00B,$0.03B,-3.48%,$-0.00B,$0.03B,-3.48%,$-0.00B,$0.04B,-2.80%,$-0.01B,$0.03B,-20.87%,$12,$7,$5,$1,$5,$11,$1,$0,$1,$0,$1,$1,$1,$1,$1,$9,9,$0.10,$0.10,$26,$0,$0,$34,$1,$0,$0,$0,$1,$35,$6,$0,$0,$0,$6,$0,$-273,$0,$29,$35,$1,$0,$0,$1,$1,$0,$0,$-0,$-0,$1,$-0,$0,$0,$0,$0,$0,$0,$-0,$0,$0,$0,$0,$0,$0,$0,$0,$1,$0,$0
35,2009-12-31,5.0,$3.12,1.61,$5.94,0.84,$-1.49,0.0,$-0.30,0.0,$0.03B,$0.01B,4.78,$0.00B,$0.03B,0.0,$0.05B,$0.02B,36.54%,$0.05B,$-0.01B,-15.38%,$0.05B,$-0.01B,-15.38%,$0.05B,$-0.01B,-13.46%,$0.05B,$-0.00B,-7.69%,$0.05B,$-0.00B,-3.85%,$-0.00B,$0.03B,-6.90%,$-0.00B,$0.03B,-6.90%,$-0.00B,$0.04B,-5.48%,$-0.01B,$0.03B,-27.59%,$12,$7,$5,$0,$4,$16,$-4,$3,$-1,$0,$-1,$-1,$-1,$-4,$-4,$9,9,$-0.05,$-0.05,$25,$0,$0,$34,$1,$0,$0,$0,$1,$35,$7,$0,$0,$0,$7,$0,$-274,$0,$28,$35,$-2,$2,$1,$3,$-1,$0,$-1,$-1,$-5,$-5,$-0,$0,$2,$0,$1,$1,$0,$2,$0,$0,$0,$0,$0,$0,$0,$0,$-2,$1,$0
36,2009-09-30,3.5,$3.19,1.1,$6.18,0.57,$-3.49,0.0,$-1.90,0.0,$0.04B,$0.01B,4.72,$0.00B,$0.03B,0.0,$0.05B,$0.01B,25.93%,$0.05B,$-0.02B,-35.19%,$0.05B,$-0.02B,-35.19%,$0.05B,$0.04B,64.81%,$0.05B,$-0.02B,-33.33%,$0.05B,$-0.02B,-29.63%,$-0.02B,$0.03B,-54.24%,$-0.02B,$0.03B,-54.24%,$-0.02B,$0.04B,-41.83%,$-0.02B,$0.03B,-64.41%,$13,$9,$5,$1,$5,$15,$-1,$0,$-1,$-0,$-1,$-1,$-1,$-1,$-1,$9,9,$-0.10,$-0.10,$25,$0,$0,$35,$1,$0,$0,$0,$1,$36,$7,$0,$0,$0,$7,$0,$-273,$0,$29,$36,$-1,$1,$1,$2,$-0,$0,$-1,$-1,$-5,$-4,$-0,$0,$2,$0,$1,$1,$0,$2,$0,$0,$0,$0,$0,$0,$0,$0,$-2,$1,$0
37,2009-06-30,2.15,$3.24,0.66,$6.63,0.32,$-4.96,0.0,$-2.45,0.0,$0.04B,$0.01B,4.45,$0.00B,$0.03B,0.0,$0.06B,$0.02B,25.86%,$0.06B,$-0.02B,-41.38%,$0.06B,$-0.02B,-41.38%,$0.06B,$0.03B,53.45%,$0.06B,$-0.02B,-39.66%,$0.06B,$-0.02B,-36.21%,$-0.02B,$0.03B,-63.16%,$-0.02B,$0.03B,-63.16%,$-0.02B,$0.04B,-48.28%,$-0.02B,$0.03B,-72.18%,$13,$9,$4,$1,$6,$16,$-2,$1,$-2,$-0,$-1,$-1,$-0,$-2,$-2,$9,9,$-0.05,$-0.05,$27,$0,$0,$36,$2,$0,$0,$0,$2,$37,$8,$0,$0,$0,$8,$0,$-272,$0,$29,$37,$-1,$1,$0,$1,$1,$0,$0,$-1,$-3,$-2,$-0,$0,$1,$0,$1,$1,$0,$2,$0,$0,$0,$0,$0,$0,$0,$0,$-1,$1,$0
38,2009-03-31,1.35,$3.31,0.41,$7.28,0.19,$-6.26,0.0,$-8.90,0.0,$0.04B,$0.01B,4.31,$0.00B,$0.03B,0.0,$0.06B,$0.02B,28.13%,$0.06B,$-0.08B,-125.00%,$0.06B,$-0.08B,-125.00%,$0.06B,$-0.02B,-35.94%,$0.06B,$-0.08B,-121.88%,$0.06B,$-0.08B,-121.88%,$-0.08B,$0.03B,-203.92%,$-0.08B,$0.03B,-203.92%,$-0.08B,$0.04B,-156.00%,$-0.08B,$0.03B,-209.15%,$14,$9,$5,$1,$7,$14,$-1,$0,$-0,$0,$-0,$-0,$-0,$-0,$-1,$9,9,$-0.05,$-0.05,$26,$0,$0,$36,$2,$1,$0,$0,$3,$38,$8,$0,$0,$0,$8,$0,$-272,$0,$30,$38,$-0,$0,$1,$1,$1,$0,$0,$-0,$-3,$-2,$-0,$0,$0,$0,$0,$0,$0,$-0,$0,$0,$0,$0,$0,$0,$0,$0,$-2,$0,$0
39,2008-12-31,2.25,$3.31,0.68,$8.08,0.28,$-6.77,0.0,$-9.10,0.0,$0.04B,$0.01B,3.28,$0.00B,$0.03B,0.0,$0.07B,$0.02B,28.17%,$0.07B,$-0.09B,-123.94%,$0.07B,$-0.09B,-123.94%,$0.07B,$-0.03B,-43.66%,$0.07B,$-0.08B,-118.31%,$0.07B,$-0.08B,-112.68%,$-0.08B,$0.03B,-140.35%,$-0.08B,$0.03B,-181.82%,$-0.08B,$0.04B,-113.07%,$-0.09B,$0.03B,-154.39%,$14,$14,$-0,$3,$12,$29,$-15,$0,$-15,$0,$-15,$-15,$-15,$38,$-15,$9,9,$-1.65,$-1.65,$27,$0,$0,$39,$2,$0,$0,$1,$3,$42,$12,$0,$0,$0,$12,$0,$-271,$1,$30,$42,$-80,$57,$7,$64,$-1,$0,$-2,$0,$-4,$-20,$-2,$0,$21,$0,$0,$0,$0,$19,$0,$0,$0,$1,$1,$0,$0,$1,$-0,$3,$0
40,2008-09-30,5.35,$4.88,1.1,$8.64,0.62,$-5.93,0.0,$-7.90,0.0,$0.05B,$0.01B,3.77,$0.00B,$0.04B,0.0,$0.08B,$0.03B,34.21%,$0.08B,$-0.08B,-110.53%,$0.08B,$-0.08B,-110.53%,$0.08B,$-0.08B,-102.63%,$0.08B,$-0.08B,-98.68%,$0.08B,$-0.07B,-90.79%,$-0.07B,$0.04B,-90.79%,$-0.07B,$0.04B,-138.00%,$-0.07B,$0.06B,-76.03%,$-0.08B,$0.04B,-110.53%,$17,$11,$6,$4,$9,$23,$-6,$0,$-6,$0,$-6,$-6,$-6,$-5,$-6,$9,9,$-0.65,$-0.65,$32,$0,$0,$47,$9,$1,$0,$0,$10,$57,$12,$0,$0,$0,$13,$0,$0,$-256,$44,$57,$-65,$4,$51,$55,$-2,$0,$-2,$0,$-5,$-15,$-2,$0,$21,$0,$0,$0,$0,$19,$0,$0,$0,$1,$1,$0,$0,$1,$5,$2,$0
41,2008-06-30,7.1,$5.57,1.28,$9.20,0.77,$-5.04,0.0,$-7.95,0.0,$0.05B,$0.01B,3.9,$0.00B,$0.05B,0.0,$0.08B,$0.03B,33.33%,$0.08B,$-0.09B,-107.41%,$0.08B,$-0.09B,-107.41%,$0.08B,$-0.08B,-98.77%,$0.08B,$-0.08B,-95.06%,$0.08B,$-0.07B,-86.42%,$-0.07B,$0.05B,-76.29%,$-0.07B,$0.05B,-143.59%,$-0.07B,$0.06B,-63.78%,$-0.09B,$0.05B,-94.82%,$19,$12,$7,$4,$9,$77,$-58,$0,$-57,$0,$-57,$-57,$-57,$-56,$-58,$9,9,$-6.50,$-6.50,$36,$0,$0,$53,$10,$0,$0,$0,$10,$63,$14,$0,$0,$0,$14,$0,$-251,$0,$49,$63,$-59,$2,$50,$53,$-3,$0,$-0,$0,$-6,$-12,$-2,$0,$21,$0,$0,$0,$0,$20,$0,$0,$0,$1,$1,$0,$0,$1,$8,$2,$0
42,2008-03-31,10.8,$12.02,0.9,$9.54,1.13,$-4.49,0.0,$-1.65,0.0,$0.06B,$0.02B,3.93,$0.00B,$0.11B,0.0,$0.08B,$0.03B,34.52%,$0.08B,$-0.04B,-42.86%,$0.08B,$-0.04B,-42.86%,$0.08B,$-0.03B,-36.90%,$0.08B,$-0.03B,-32.14%,$0.08B,$-0.02B,-17.86%,$-0.02B,$0.11B,-13.95%,$-0.02B,$0.05B,-31.58%,$-0.02B,$0.12B,-11.70%,$-0.04B,$0.11B,-33.49%,$21,$14,$7,$5,$12,$30,$-9,$3,$-6,$0,$-6,$-6,$-2,$-8,$-9,$9,9,$-0.25,$-0.25,$44,$0,$0,$58,$10,$0,$52,$0,$62,$121,$15,$0,$0,$0,$15,$0,$-193,$0,$105,$121,$-2,$1,$-3,$-2,$-2,$0,$1,$0,$-2,$-6,$-1,$0,$21,$-14,$0,$-14,$0,$7,$0,$0,$0,$0,$0,$0,$0,$0,$1,$1,$0
43,2007-12-31,13.75,$12.13,1.13,$9.69,1.42,$-3.85,0.0,$-0.75,0.0,$0.06B,$0.02B,3.76,$0.00B,$0.11B,0.0,$0.09B,$0.03B,37.65%,$0.09B,$-0.04B,-42.35%,$0.09B,$-0.04B,-42.35%,$0.09B,$-0.03B,-36.47%,$0.09B,$-0.02B,-20.00%,$0.09B,$-0.01B,-5.88%,$-0.01B,$0.11B,-4.58%,$-0.01B,$0.05B,-11.30%,$-0.01B,$0.12B,-3.78%,$-0.04B,$0.11B,-32.95%,$19,$13,$6,$5,$12,$30,$-11,$4,$-6,$0,$-6,$-6,$-4,$-9,$-11,$9,9,$-0.50,$-0.45,$28,$0,$17,$58,$11,$0,$52,$1,$64,$122,$15,$0,$0,$0,$16,$0,$-191,$1,$106,$122,$-5,$4,$-4,$0,$1,$0,$-3,$-0,$-2,$-7,$-8,$0,$14,$3,$0,$3,$0,$10,$0,$0,$0,$2,$2,$0,$-0,$2,$5,$5,$0
44,2007-09-30,16.3,$12.28,1.33,$8.46,1.93,$-5.02,0.0,$-1.10,0.0,$0.05B,$0.02B,2.86,$0.00B,$0.11B,0.0,$0.07B,$0.03B,33.78%,$0.07B,$-0.04B,-54.05%,$0.07B,$-0.04B,-54.05%,$0.07B,$-0.04B,-48.65%,$0.07B,$-0.03B,-33.78%,$0.07B,$-0.01B,-10.81%,$-0.01B,$0.11B,-7.36%,$-0.01B,$0.04B,-20.65%,$-0.01B,$0.13B,-6.02%,$-0.04B,$0.11B,-36.78%,$22,$15,$7,$5,$11,$30,$-9,$0,$-8,$0,$-8,$-8,$-7,$-7,$-9,$9,9,$-0.75,$-0.75,$28,$0,$0,$48,$12,$0,$68,$5,$85,$133,$17,$0,$8,$8,$25,$0,$-189,$0,$107,$133,$-1,$3,$-1,$2,$-0,$0,$-1,$-1,$-3,$-2,$-7,$0,$10,$3,$0,$3,$0,$6,$0,$0,$0,$2,$2,$0,$-0,$2,$6,$4,$0
45,2007-06-30,21.25,$12.84,1.65,$8.74,2.43,$-5.90,0.0,$-1.35,0.0,$0.05B,$0.02B,3.03,$0.00B,$0.11B,0.0,$0.08B,$0.03B,39.47%,$0.08B,$-0.04B,-51.32%,$0.08B,$-0.04B,-51.32%,$0.08B,$-0.04B,-47.37%,$0.08B,$-0.03B,-32.89%,$0.08B,$-0.01B,-11.84%,$-0.01B,$0.11B,-8.24%,$-0.01B,$0.04B,-23.53%,$-0.01B,$0.14B,-6.82%,$-0.04B,$0.11B,-35.70%,$22,$13,$9,$5,$12,$29,$-7,$0,$-7,$0,$-7,$-7,$-2,$-7,$-7,$9,9,$-0.25,$-0.25,$28,$0,$0,$51,$13,$0,$68,$5,$86,$137,$17,$0,$8,$9,$26,$0,$-182,$0,$112,$137,$6,$2,$-2,$-1,$-3,$0,$-2,$-1,$-7,$-2,$-7,$0,$10,$3,$0,$3,$0,$6,$0,$0,$0,$2,$2,$0,$-0,$1,$6,$3,$0
46,2007-03-31,17.7,$12.95,1.37,$9.21,1.92,$-6.16,0.0,$-2.10,0.0,$0.05B,$0.02B,2.97,$0.00B,$0.11B,0.0,$0.08B,$0.03B,43.04%,$0.08B,$-0.04B,-50.63%,$0.08B,$-0.04B,-50.63%,$0.08B,$-0.04B,-45.57%,$0.08B,$-0.03B,-31.65%,$0.08B,$-0.02B,-18.99%,$-0.02B,$0.11B,-13.64%,$-0.02B,$0.04B,-39.47%,$-0.02B,$0.14B,-11.39%,$-0.04B,$0.11B,-36.36%,$22,$12,$10,$4,$14,$30,$-9,$12,$4,$0,$4,$4,$8,$-8,$-9,$9,9,$0.90,$0.85,$28,$0,$0,$49,$12,$0,$71,$5,$88,$137,$17,$0,$0,$9,$25,$0,$-181,$0,$112,$137,$8,$1,$-0,$1,$-0,$0,$-2,$-1,$-4,$5,$-5,$0,$2,$3,$0,$3,$0,$0,$0,$0,$0,$1,$1,$0,$-0,$0,$5,$1,$0
47,2006-12-31,17.5,$12.17,1.44,$10.05,1.74,$-6.71,0.0,$-3.75,0.0,$0.05B,$0.02B,2.2,$0.00B,$0.10B,0.0,$0.09B,$0.04B,44.71%,$0.09B,$-0.04B,-47.06%,$0.09B,$-0.04B,-47.06%,$0.09B,$-0.04B,-42.35%,$0.09B,$-0.04B,-44.71%,$0.09B,$-0.03B,-36.47%,$-0.03B,$0.10B,-27.56%,$-0.03B,$0.03B,-77.02%,$-0.03B,$0.13B,-23.31%,$-0.04B,$0.10B,-35.56%,$8,$9,$-1,$3,$12,$23,$-15,$1,$-14,$-0,$-13,$-13,$-7,$-14,$-15,$8,8,$-0.80,$-0.80,$26,$0,$0,$45,$8,$0,$71,$0,$80,$125,$20,$0,$0,$0,$21,$0,$-186,$0,$104,$125,$-31,$4,$8,$11,$-0,$0,$3,$-1,$1,$-19,$-5,$0,$0,$12,$0,$12,$-0,$7,$0,$0,$0,$2,$2,$0,$0,$2,$-11,$5,$0
