,Date,Stock Price,Book Value per Share,Price to Book Ratio,TTM Sales per Share,Price to Sales Ratio,TTM FCF per Share,Price to FCF Ratio,TTM Net EPS,PE Ratio,Current Assets,Current Liabilities,Current Ratio,Long Term Debt,Shareholder's Equity_x,Debt to Equity Ratio,TTM Revenue_x,TTM Gross Profit,Gross Margin,TTM Revenue_y,TTM Operating Income,Operating Margin,TTM Revenue_x,TTM EBIT,EBIT Margin,TTM Revenue_y,TTM EBITDA,EBITDA Margin,TTM Revenue_x,TTM Pre-Tax Income,Pre-Tax Margin,TTM Revenue_y,TTM Net Income_x,Net Margin,TTM Net Income_y,Shareholder's Equity_y,Return on Equity,TTM Net Income_x,Tangible Equity,Return on Tangible Equity,TTM Net Income_y,Total Assets,Return on Assets,TTM Net Income,LT Investments & Debt,Return on Investment,revenue,cost-goods-sold,gross-profit,research-development-expenses,selling-general-administrative-expenses,operating-expenses,operating-income,total-non-operating-income-expense,pre-tax-income,total-provision-income-taxes,income-after-taxes,income-from-continuous-operations,net-income,ebitda,ebit,basic-shares-outstanding,shares-outstanding,eps-basic-net-earnings-per-share,eps-earnings-per-share-diluted,cash-on-hand,inventory,other-current-assets,total-current-assets,net-property-plant-equipment,long-term-investments,goodwill-intangible-assets-total,other-long-term-assets,total-long-term-assets,total-assets,total-current-liabilities,long-term-debt,other-non-current-liabilities,total-long-term-liabilities,total-liabilities,common-stock-net,retained-earnings-accumulated-deficit,comprehensive-income,total-share-holder-equity,total-liabilities-share-holders-equity,net-income-loss,total-depreciation-amortization-cash-flow,other-non-cash-items,total-non-cash-items,change-in-accounts-receivable,change-in-inventories,change-in-accounts-payable,change-in-assets-liabilities,total-change-in-assets-liabilities,cash-flow-from-operating-activities,net-change-in-property-plant-equipment,net-change-in-intangible-assets,net-acquisitions-divestitures,net-change-in-short-term-investments,net-change-in-long-term-investments,net-change-in-investments-total,investing-activities-other,cash-flow-from-investing-activities,net-long-term-debt,net-current-debt,debt-issuance-retirement-net-total,net-common-equity-issued-repurchased,net-total-equity-issued-repurchased,total-common-preferred-stock-dividends-paid,financial-activities-other,cash-flow-from-financial-activities,net-cash-flow,stock-based-compensation,common-stock-dividends-paid
0,2018-09-30,50.56,$26.65,1.9,$21.67,2.33,$3.98,12.7,$1.79,28.25,$0.25B,$0.35B,0.71,$1.91B,$1.75B,1.09,$1.42B,$1.42B,100.00%,$1.42B,$0.26B,18.21%,$1.42B,$0.26B,18.21%,$1.42B,$0.45B,31.65%,$1.42B,$0.17B,11.81%,$1.42B,$0.12B,8.37%,$0.12B,$1.75B,6.80%,$0.12B,$1.69B,7.03%,$0.12B,$5.56B,2.16%,$0.26B,$3.66B,7.45%,$296,$0,$296,$0,$127,$260,$36,$-25,$12,$2,$10,$10,$10,$85,$36,$66,66,$0.15,$0.15,$21,$63,$57,$246,$4555,$577,$58,$122,$5312,$5557,$347,$1912,$868,$3460,$3807,$1136,$623,$-9,$1750,$5557,$91,$144,$19,$163,$76,$-5,$-16,$59,$108,$366,$-296,$0,$0,$0,$0,$0,$-11,$-308,$98,$-70,$27,$1,$1,$-74,$-8,$-53,$5,$5,$-74
1,2018-06-30,52.66,$26.84,1.96,$21.77,2.42,$3.23,16.29,$1.71,30.8,$0.26B,$0.29B,0.9,$1.91B,$1.76B,1.09,$1.42B,$1.42B,100.00%,$1.42B,$0.26B,17.99%,$1.42B,$0.26B,17.99%,$1.42B,$0.44B,31.13%,$1.42B,$0.17B,11.67%,$1.42B,$0.11B,7.94%,$0.11B,$1.76B,6.53%,$0.11B,$1.71B,6.75%,$0.11B,$5.50B,2.06%,$0.26B,$3.68B,7.60%,$319,$0,$319,$0,$132,$266,$53,$-22,$31,$5,$26,$26,$26,$101,$53,$66,66,$0.39,$0.39,$35,$57,$50,$260,$4486,$581,$58,$117,$5242,$5502,$289,$1913,$869,$3450,$3739,$1134,$638,$-9,$1763,$5502,$81,$95,$6,$101,$66,$1,$-22,$46,$92,$275,$-183,$0,$0,$0,$0,$0,$-10,$-193,$98,$-105,$-7,$1,$1,$-49,$-9,$-63,$19,$4,$-49
2,2018-03-31,50.89,$26.78,1.9,$21.80,2.33,$2.62,19.42,$1.66,30.66,$0.31B,$0.67B,0.46,$1.54B,$1.76B,0.88,$1.42B,$1.42B,100.00%,$1.42B,$0.26B,18.39%,$1.42B,$0.26B,18.39%,$1.42B,$0.45B,31.36%,$1.42B,$0.17B,11.98%,$1.42B,$0.11B,7.68%,$0.11B,$1.76B,6.37%,$0.11B,$1.70B,6.59%,$0.11B,$5.49B,2.00%,$0.26B,$3.30B,8.07%,$409,$0,$409,$0,$185,$315,$94,$-29,$66,$11,$55,$55,$55,$141,$94,$66,66,$0.84,$0.83,$26,$49,$66,$310,$4418,$12,$58,$92,$5175,$5485,$670,$1543,$436,$3057,$3727,$1132,$636,$-10,$1759,$5485,$55,$47,$4,$52,$16,$9,$-22,$75,$78,$185,$-82,$0,$0,$0,$0,$0,$-6,$-87,$-3,$-55,$-58,$0,$0,$-25,$-4,$-87,$10,$2,$-25
3,2017-12-31,50.74,$26.42,1.92,$22.36,2.27,$2.04,24.93,$1.79,28.35,$0.34B,$0.70B,0.48,$1.54B,$1.73B,0.89,$1.45B,$1.45B,100.00%,$1.45B,$0.28B,19.64%,$1.45B,$0.28B,19.64%,$1.45B,$0.47B,32.23%,$1.45B,$0.20B,13.76%,$1.45B,$0.12B,8.02%,$0.12B,$1.73B,6.85%,$0.12B,$1.67B,7.09%,$0.12B,$5.52B,2.14%,$0.28B,$3.27B,8.71%,$398,$0,$398,$0,$175,$322,$76,$-17,$59,$31,$28,$28,$28,$123,$76,$64,65,$0.42,$0.42,$16,$58,$78,$338,$4399,$619,$58,$101,$5177,$5515,$698,$1543,$873,$3087,$3784,$1133,$604,$-8,$1730,$5515,$116,$181,$103,$285,$-9,$-5,$-8,$-23,$8,$410,$-412,$0,$0,$0,$0,$0,$-22,$-434,$87,$-15,$72,$56,$56,$-92,$-4,$31,$8,$7,$-92
4,2017-09-30,50.67,$25.94,1.95,$22.51,2.25,$1.31,38.68,$1.99,25.46,$0.32B,$0.67B,0.47,$1.54B,$1.67B,0.92,$1.45B,$1.45B,100.00%,$1.45B,$0.29B,20.07%,$1.45B,$0.29B,20.07%,$1.45B,$0.47B,32.62%,$1.45B,$0.20B,14.07%,$1.45B,$0.13B,8.83%,$0.13B,$1.67B,7.65%,$0.13B,$1.61B,7.92%,$0.13B,$5.45B,2.38%,$0.29B,$3.21B,8.85%,$297,$0,$297,$0,$132,$264,$33,$-23,$10,$5,$4,$4,$4,$78,$33,$64,65,$0.07,$0.07,$15,$66,$68,$317,$4303,$12,$58,$96,$5136,$5452,$673,$1543,$444,$3108,$3781,$1077,$600,$-7,$1671,$5452,$88,$135,$72,$207,$53,$-13,$-30,$7,$12,$308,$-288,$0,$0,$0,$0,$0,$-14,$-302,$-2,$75,$73,$1,$1,$-69,$-4,$1,$6,$6,$-69
5,2017-06-30,41.27,$26.19,1.58,$22.65,1.82,$0.48,86.18,$2.11,19.56,$0.32B,$0.68B,0.47,$1.46B,$1.69B,0.86,$1.46B,$1.46B,100.00%,$1.46B,$0.30B,20.47%,$1.46B,$0.30B,20.47%,$1.46B,$0.48B,33.04%,$1.46B,$0.21B,14.70%,$1.46B,$0.14B,9.34%,$0.14B,$1.69B,8.18%,$0.14B,$1.63B,8.47%,$0.14B,$5.37B,2.56%,$0.30B,$3.14B,8.97%,$315,$0,$315,$0,$127,$257,$58,$-23,$35,$13,$22,$22,$22,$103,$58,$64,65,$0.34,$0.34,$13,$61,$76,$321,$4227,$12,$58,$79,$5052,$5373,$682,$1455,$443,$3004,$3686,$1076,$619,$-7,$1687,$5373,$84,$90,$47,$137,$45,$-8,$-29,$-13,$7,$229,$-178,$0,$0,$0,$0,$0,$-12,$-190,$-2,$16,$14,$1,$1,$-46,$-3,$-34,$5,$3,$-46
6,2017-03-31,37.64,$26.18,1.44,$22.78,1.65,$-0.73,0.0,$2.20,17.11,$0.36B,$0.37B,0.97,$1.73B,$1.69B,1.03,$1.46B,$1.46B,100.00%,$1.46B,$0.30B,20.68%,$1.46B,$0.30B,20.68%,$1.46B,$0.49B,33.22%,$1.46B,$0.22B,15.27%,$1.46B,$0.14B,9.66%,$0.14B,$1.69B,8.57%,$0.14B,$1.63B,8.88%,$0.14B,$5.34B,2.69%,$0.30B,$3.42B,9.08%,$436,$0,$436,$0,$198,$319,$117,$-22,$95,$33,$62,$62,$62,$162,$117,$64,64,$0.97,$0.96,$26,$47,$70,$357,$4169,$12,$58,$77,$4983,$5340,$367,$1730,$468,$3288,$3655,$1073,$620,$-7,$1685,$5340,$62,$45,$30,$74,$-1,$6,$-20,$14,$13,$150,$-87,$0,$0,$0,$0,$0,$-3,$-90,$-1,$-15,$-16,$0,$0,$-23,$-3,$-42,$18,$1,$-23
7,2016-12-31,38.19,$25.68,1.49,$22.65,1.69,$-1.42,0.0,$2.13,17.93,$0.35B,$0.41B,0.86,$1.73B,$1.65B,1.05,$1.44B,$1.44B,100.00%,$1.44B,$0.29B,20.18%,$1.44B,$0.29B,20.18%,$1.44B,$0.47B,32.87%,$1.44B,$0.22B,14.98%,$1.44B,$0.14B,9.50%,$0.14B,$1.65B,8.45%,$0.14B,$1.59B,8.76%,$0.14B,$5.31B,2.67%,$0.29B,$3.38B,8.95%,$402,$0,$402,$0,$185,$320,$83,$-19,$64,$23,$40,$40,$40,$130,$83,$64,64,$0.62,$0.61,$9,$53,$61,$351,$4148,$12,$58,$72,$4958,$5310,$408,$1730,$456,$3254,$3661,$1075,$581,$-8,$1648,$5310,$137,$186,$58,$243,$-17,$1,$5,$17,$-28,$358,$-407,$0,$0,$5,$0,$5,$-31,$-432,$82,$15,$97,$67,$67,$-87,$-4,$72,$-2,$8,$-87
8,2016-09-30,39.57,$25.37,1.56,$22.54,1.76,$-0.94,0.0,$2.12,18.67,$0.28B,$0.34B,0.83,$1.73B,$1.63B,1.06,$1.43B,$1.43B,100.00%,$1.43B,$0.28B,19.48%,$1.43B,$0.28B,19.48%,$1.43B,$0.46B,32.10%,$1.43B,$0.21B,14.44%,$1.43B,$0.14B,9.53%,$0.14B,$1.63B,8.55%,$0.14B,$1.57B,8.87%,$0.14B,$5.22B,2.70%,$0.28B,$3.36B,8.76%,$303,$0,$303,$0,$141,$264,$40,$-20,$20,$8,$12,$12,$12,$86,$40,$64,64,$0.19,$0.19,$7,$58,$54,$284,$4056,$19,$58,$60,$4931,$5215,$342,$1730,$496,$3245,$3587,$1073,$563,$-8,$1629,$5215,$97,$138,$17,$155,$54,$-4,$-17,$-10,$-3,$254,$-288,$0,$0,$0,$0,$0,$-27,$-315,$-22,$82,$60,$67,$67,$-65,$-4,$57,$-3,$6,$-65
9,2016-06-30,42.07,$25.38,1.66,$22.83,1.84,$0.18,229.24,$2.14,19.66,$0.27B,$0.50B,0.54,$1.53B,$1.62B,0.95,$1.44B,$1.44B,100.00%,$1.44B,$0.27B,19.05%,$1.44B,$0.27B,19.05%,$1.44B,$0.45B,31.29%,$1.44B,$0.21B,14.26%,$1.44B,$0.14B,9.53%,$0.14B,$1.62B,8.78%,$0.14B,$1.56B,9.11%,$0.14B,$5.07B,2.79%,$0.27B,$3.15B,8.93%,$319,$0,$319,$0,$132,$257,$62,$-18,$44,$17,$27,$27,$27,$107,$62,$63,64,$0.43,$0.43,$14,$52,$57,$269,$3991,$19,$58,$72,$4800,$5069,$502,$1531,$433,$2951,$3452,$1052,$573,$-8,$1617,$5069,$85,$91,$40,$131,$50,$3,$-31,$-85,$-65,$156,$-183,$0,$0,$-10,$0,$-10,$-14,$-207,$-2,$55,$53,$47,$47,$-43,$-4,$54,$3,$4,$-43
10,2016-03-31,37.97,$25.14,1.51,$23.22,1.64,$1.47,25.92,$2.11,17.99,$0.28B,$0.43B,0.65,$1.53B,$1.59B,0.96,$1.46B,$1.46B,100.00%,$1.46B,$0.27B,18.48%,$1.46B,$0.27B,18.48%,$1.46B,$0.44B,30.36%,$1.46B,$0.20B,13.80%,$1.46B,$0.14B,9.27%,$0.14B,$1.59B,8.80%,$0.14B,$1.53B,9.14%,$0.14B,$4.96B,2.80%,$0.27B,$3.12B,8.83%,$418,$0,$418,$0,$191,$312,$106,$-18,$88,$30,$58,$58,$58,$151,$106,$63,63,$0.92,$0.92,$13,$44,$60,$279,$3928,$20,$58,$65,$4677,$4956,$432,$1531,$439,$2935,$3367,$1032,$565,$-8,$1589,$4956,$58,$45,$26,$72,$18,$10,$-31,$-31,$-22,$107,$-89,$0,$0,$0,$0,$0,$-3,$-92,$-1,$-15,$-16,$27,$27,$-22,$-3,$-13,$2,$2,$-22
11,2015-12-31,32.63,$24.53,1.33,$23.67,1.38,$2.21,14.79,$1.96,16.65,$0.31B,$0.48B,0.65,$1.53B,$1.53B,1.0,$1.48B,$1.48B,100.00%,$1.48B,$0.25B,17.05%,$1.48B,$0.25B,17.05%,$1.48B,$0.42B,28.37%,$1.48B,$0.19B,12.53%,$1.48B,$0.12B,8.29%,$0.12B,$1.53B,8.12%,$0.12B,$1.47B,8.44%,$0.12B,$4.91B,2.59%,$0.25B,$3.06B,8.35%,$387,$0,$387,$0,$190,$317,$70,$-16,$54,$20,$34,$34,$39,$114,$70,$62,63,$0.61,$0.62,$10,$54,$48,$306,$3899,$12,$58,$74,$4601,$4907,$475,$1532,$423,$2904,$3378,$1004,$531,$-7,$1528,$4907,$123,$167,$90,$257,$-11,$12,$-8,$-17,$-4,$376,$-393,$0,$14,$0,$0,$0,$-8,$-388,$96,$0,$96,$-1,$-1,$-82,$-11,$1,$-12,$7,$-82
12,2015-09-30,30.38,$24.21,1.25,$24.15,1.26,$1.44,21.02,$1.86,16.33,$0.26B,$0.45B,0.58,$1.44B,$1.51B,0.96,$1.51B,$1.51B,100.00%,$1.51B,$0.25B,16.57%,$1.51B,$0.25B,16.57%,$1.51B,$0.41B,27.44%,$1.51B,$0.18B,12.19%,$1.51B,$0.12B,7.69%,$0.12B,$1.51B,7.72%,$0.12B,$1.45B,8.03%,$0.12B,$4.74B,2.47%,$0.25B,$2.95B,8.28%,$314,$0,$314,$0,$160,$278,$36,$-17,$19,$6,$13,$13,$13,$78,$36,$62,63,$0.21,$0.21,$9,$60,$57,$258,$3784,$21,$58,$62,$4481,$4739,$448,$1443,$427,$2783,$3231,$1003,$513,$-7,$1508,$4739,$85,$124,$32,$156,$50,$7,$-32,$-1,$66,$311,$-274,$0,$-0,$0,$0,$0,$3,$-271,$-4,$25,$21,$-2,$-2,$-62,$-11,$-53,$-13,$5,$-62
13,2015-06-30,27.7,$24.30,1.14,$23.84,1.16,$1.31,21.2,$1.81,15.3,$0.29B,$0.31B,0.94,$1.55B,$1.51B,1.02,$1.50B,$1.50B,100.00%,$1.50B,$0.25B,16.50%,$1.50B,$0.25B,16.50%,$1.50B,$0.41B,27.25%,$1.50B,$0.18B,12.22%,$1.50B,$0.11B,7.55%,$0.11B,$1.51B,7.54%,$0.11B,$1.46B,7.84%,$0.11B,$4.68B,2.46%,$0.25B,$3.06B,8.18%,$337,$0,$337,$0,$164,$280,$57,$-17,$40,$15,$25,$25,$25,$99,$57,$62,63,$0.41,$0.40,$16,$51,$65,$289,$3727,$22,$58,$64,$4391,$4680,$307,$1546,$405,$2859,$3166,$1001,$521,$-7,$1514,$4680,$72,$82,$21,$103,$25,$15,$-26,$0,$58,$232,$-178,$0,$1,$0,$0,$0,$2,$-176,$-3,$-15,$-18,$-2,$-2,$-41,$-1,$-62,$-6,$3,$-41
14,2015-03-31,30.58,$24.20,1.26,$23.62,1.29,$1.79,17.07,$3.08,9.93,$0.31B,$0.33B,0.95,$1.55B,$1.51B,1.03,$1.47B,$1.47B,100.00%,$1.47B,$0.25B,17.18%,$1.47B,$0.25B,17.18%,$1.47B,$0.41B,27.83%,$1.47B,$0.19B,12.97%,$1.47B,$0.19B,12.83%,$0.19B,$1.51B,12.83%,$0.19B,$1.45B,13.23%,$0.19B,$4.69B,4.22%,$0.25B,$3.05B,8.61%,$446,$0,$446,$0,$239,$357,$90,$-17,$73,$26,$46,$46,$46,$130,$90,$62,63,$0.75,$0.74,$22,$44,$61,$310,$3651,$22,$58,$66,$4379,$4689,$326,$1547,$406,$2857,$3182,$999,$516,$-8,$1507,$4689,$46,$40,$13,$53,$3,$23,$-31,$12,$50,$147,$-82,$0,$0,$0,$0,$0,$2,$-80,$-2,$-40,$-42,$-3,$-3,$-21,$-1,$-67,$-0,$2,$-21
15,2014-12-31,31.32,$23.83,1.31,$23.94,1.31,$2.31,13.55,$3.15,9.94,$0.40B,$0.39B,1.03,$1.53B,$1.48B,1.03,$1.47B,$1.47B,100.00%,$1.47B,$0.25B,17.16%,$1.47B,$0.25B,17.16%,$1.47B,$0.41B,27.75%,$1.47B,$0.19B,13.09%,$1.47B,$0.19B,12.96%,$0.19B,$1.48B,13.32%,$0.19B,$1.43B,13.89%,$0.19B,$4.70B,4.35%,$0.25B,$3.02B,8.86%,$412,$0,$412,$0,$221,$345,$67,$-15,$52,$21,$31,$31,$32,$107,$67,$62,62,$0.47,$0.46,$22,$66,$76,$395,$3620,$23,$58,$70,$4306,$4701,$385,$1532,$400,$2832,$3218,$1000,$492,$-8,$1483,$4701,$192,$157,$-33,$124,$16,$-19,$-13,$2,$-50,$267,$-332,$0,$245,$-19,$2,$-17,$-0,$-104,$94,$-96,$-2,$-76,$-76,$-78,$-68,$-224,$-60,$8,$-78
16,2014-09-30,26.8,$23.74,1.13,$23.32,1.15,$2.35,11.42,$3.17,8.45,$0.27B,$0.27B,0.98,$1.46B,$1.49B,0.98,$1.42B,$1.42B,100.00%,$1.42B,$0.25B,17.35%,$1.42B,$0.25B,17.35%,$1.42B,$0.40B,28.23%,$1.42B,$0.19B,12.99%,$1.42B,$0.19B,13.41%,$0.19B,$1.49B,13.71%,$0.19B,$1.44B,14.48%,$0.19B,$4.34B,4.44%,$0.25B,$2.96B,8.91%,$302,$0,$302,$0,$153,$269,$33,$-15,$18,$7,$11,$11,$10,$72,$33,$64,64,$0.16,$0.16,$10,$70,$44,$265,$3538,$25,$56,$73,$4071,$4336,$271,$1464,$375,$2574,$2845,$1008,$488,$-4,$1492,$4336,$160,$117,$-83,$34,$65,$-23,$-22,$38,$57,$266,$-236,$0,$245,$-19,$2,$-17,$1,$-7,$23,$-166,$-142,$-58,$-58,$-59,$-73,$-331,$-72,$6,$-59
17,2014-06-30,29.14,$23.41,1.24,$23.45,1.24,$1.55,18.77,$3.20,9.11,$0.44B,$0.46B,0.95,$1.32B,$1.41B,0.94,$1.41B,$1.41B,100.00%,$1.41B,$0.24B,17.29%,$1.41B,$0.24B,17.29%,$1.41B,$0.40B,28.21%,$1.41B,$0.18B,12.69%,$1.41B,$0.19B,13.61%,$0.19B,$1.41B,14.25%,$0.19B,$1.40B,15.25%,$0.19B,$4.20B,4.44%,$0.24B,$2.73B,9.01%,$313,$0,$313,$0,$150,$250,$63,$-15,$48,$17,$31,$31,$101,$101,$63,$60,60,$1.68,$1.67,$208,$49,$49,$442,$3282,$24,$5,$71,$3760,$4202,$464,$1320,$363,$2328,$2793,$886,$528,$-4,$1410,$4202,$150,$78,$-156,$-79,$59,$-4,$-34,$116,$144,$224,$-143,$0,$225,$-19,$2,$-17,$1,$67,$-8,$-49,$-57,$2,$2,$-38,$-72,$-166,$125,$5,$-38
18,2014-03-31,26.38,$22.46,1.17,$23.40,1.13,$0.36,73.55,$1.96,13.46,$0.50B,$0.57B,0.89,$1.37B,$1.35B,1.01,$1.41B,$1.41B,100.00%,$1.41B,$0.24B,16.80%,$1.41B,$0.24B,16.80%,$1.41B,$0.39B,27.76%,$1.41B,$0.17B,12.10%,$1.41B,$0.12B,8.33%,$0.12B,$1.35B,8.84%,$0.12B,$1.24B,9.70%,$0.12B,$4.32B,2.69%,$0.24B,$2.72B,8.82%,$447,$0,$447,$0,$249,$356,$90,$-16,$75,$27,$47,$47,$48,$129,$90,$60,60,$0.81,$0.81,$186,$33,$58,$504,$3228,$25,$115,$89,$3812,$4316,$570,$1366,$365,$2395,$2965,$899,$436,$-5,$1351,$4316,$49,$39,$-11,$28,$17,$12,$-11,$49,$75,$157,$-64,$0,$0,$-9,$11,$2,$1,$-61,$-4,$-66,$-70,$1,$1,$-19,$0,$-89,$8,$2,$-19
19,2013-12-31,24.0,$21.94,1.09,$24.04,1.0,$-0.62,0.0,$1.86,12.9,$0.55B,$0.63B,0.88,$1.37B,$1.32B,1.04,$1.44B,$1.44B,100.00%,$1.44B,$0.23B,16.03%,$1.44B,$0.23B,16.03%,$1.44B,$0.38B,26.51%,$1.44B,$0.16B,11.31%,$1.44B,$0.11B,7.70%,$0.11B,$1.32B,8.46%,$0.11B,$1.20B,9.30%,$0.11B,$4.36B,2.55%,$0.23B,$2.69B,8.72%,$362,$0,$362,$0,$225,$301,$61,$-18,$44,$15,$29,$29,$32,$100,$61,$60,60,$0.52,$0.52,$179,$45,$72,$550,$3202,$26,$116,$99,$3812,$4362,$625,$1371,$373,$2418,$3044,$897,$407,$-6,$1318,$4362,$112,$151,$15,$165,$-33,$3,$-8,$-5,$-48,$243,$-303,$0,$0,$2,$-13,$-11,$2,$-312,$25,$122,$147,$5,$5,$-73,$-1,$77,$7,$6,$-73
20,2013-09-30,22.23,$21.83,1.02,$22.32,1.0,$1.07,20.78,$1.59,13.98,$0.49B,$0.55B,0.88,$1.38B,$1.31B,1.05,$1.33B,$1.33B,100.00%,$1.33B,$0.21B,15.59%,$1.33B,$0.21B,15.59%,$1.33B,$0.36B,26.91%,$1.33B,$0.14B,10.49%,$1.33B,$0.10B,7.12%,$0.10B,$1.31B,7.30%,$0.10B,$1.19B,8.04%,$0.10B,$4.40B,2.18%,$0.21B,$2.69B,7.94%,$289,$0,$289,$0,$150,$260,$30,$-18,$12,$3,$8,$8,$11,$68,$30,$60,60,$0.19,$0.19,$185,$57,$64,$486,$3157,$26,$118,$110,$3916,$4402,$550,$1379,$372,$2541,$3092,$898,$399,$-8,$1310,$4402,$81,$112,$-3,$109,$51,$-9,$-24,$-12,$6,$202,$-222,$0,$0,$12,$-19,$-7,$-4,$-234,$78,$17,$96,$4,$4,$-55,$2,$48,$17,$5,$-55
21,2013-06-30,22.5,$21.91,1.03,$23.26,0.97,$2.67,8.42,$1.50,15.0,$0.47B,$0.58B,0.81,$1.30B,$1.31B,0.99,$1.39B,$1.39B,100.00%,$1.39B,$0.21B,14.79%,$1.39B,$0.21B,14.79%,$1.39B,$0.35B,25.40%,$1.39B,$0.14B,9.81%,$1.39B,$0.09B,6.49%,$0.09B,$1.31B,6.96%,$0.09B,$1.20B,7.60%,$0.09B,$4.35B,2.10%,$0.21B,$2.61B,7.92%,$307,$0,$307,$0,$148,$253,$55,$-16,$39,$14,$24,$24,$26,$93,$55,$60,60,$0.43,$0.43,$178,$45,$65,$469,$3104,$27,$119,$110,$3879,$4348,$582,$1295,$367,$2451,$3033,$895,$406,$-8,$1314,$4348,$69,$74,$-7,$67,$43,$2,$-27,$-2,$16,$156,$-147,$0,$0,$11,$-17,$-6,$-2,$-155,$-8,$48,$40,$3,$3,$-37,$3,$9,$10,$3,$-37
22,2013-03-31,22.57,$21.78,1.04,$23.96,0.94,$3.83,5.9,$1.38,16.36,$0.51B,$0.58B,0.87,$1.30B,$1.31B,1.0,$1.42B,$1.42B,100.00%,$1.42B,$0.20B,13.77%,$1.42B,$0.20B,13.77%,$1.42B,$0.34B,23.96%,$1.42B,$0.13B,8.85%,$1.42B,$0.08B,5.76%,$0.08B,$1.31B,6.46%,$0.08B,$1.18B,7.00%,$0.08B,$4.33B,1.92%,$0.20B,$2.60B,7.66%,$483,$0,$483,$0,$255,$398,$85,$-17,$68,$25,$43,$43,$42,$121,$85,$60,60,$0.71,$0.71,$193,$30,$58,$507,$3053,$28,$121,$101,$3825,$4332,$580,$1298,$344,$2448,$3027,$892,$399,$-7,$1305,$4332,$43,$36,$0,$36,$2,$17,$-21,$28,$26,$105,$-71,$0,$0,$3,$-18,$-15,$-0,$-87,$-4,$16,$12,$1,$1,$-18,$0,$-5,$14,$1,$-18
23,2012-12-31,19.63,$21.35,0.92,$23.57,0.83,$4.32,4.54,$1.32,14.87,$0.51B,$0.58B,0.88,$1.30B,$1.28B,1.02,$1.39B,$1.39B,100.00%,$1.39B,$0.19B,13.43%,$1.39B,$0.19B,13.43%,$1.39B,$0.33B,23.71%,$1.39B,$0.12B,8.41%,$1.39B,$0.08B,5.60%,$0.08B,$1.28B,6.27%,$0.08B,$1.16B,6.73%,$0.08B,$4.31B,1.84%,$0.19B,$2.58B,7.37%,$255,$0,$255,$0,$212,$217,$38,$-17,$21,$7,$14,$14,$16,$77,$38,$59,59,$0.25,$0.26,$164,$47,$64,$506,$3024,$28,$122,$100,$3807,$4313,$576,$1302,$344,$2460,$3036,$889,$377,$-7,$1277,$4313,$79,$143,$26,$169,$8,$5,$30,$8,$64,$317,$-276,$0,$-50,$-7,$38,$31,$1,$-295,$55,$-21,$34,$29,$29,$-69,$-15,$-21,$1,$6,$-69
24,2012-09-30,20.7,$21.37,0.97,$26.82,0.77,$4.08,5.07,$1.48,13.99,$0.52B,$0.55B,0.94,$1.28B,$1.28B,1.0,$1.58B,$1.58B,100.00%,$1.58B,$0.20B,12.82%,$1.58B,$0.20B,12.82%,$1.58B,$0.35B,21.95%,$1.58B,$0.14B,8.76%,$1.58B,$0.09B,5.52%,$0.09B,$1.28B,7.12%,$0.09B,$1.20B,7.58%,$0.09B,$4.19B,2.06%,$0.20B,$2.56B,8.08%,$341,$0,$341,$0,$172,$314,$27,$-19,$8,$2,$6,$6,$6,$61,$27,$59,59,$0.10,$0.10,$197,$51,$75,$516,$2941,$30,$74,$148,$3674,$4190,$548,$1279,$337,$2365,$2913,$888,$377,$-5,$1277,$4190,$63,$104,$18,$122,$61,$1,$-11,$12,$64,$257,$-182,$0,$-50,$-10,$15,$5,$-2,$-229,$-22,$39,$17,$29,$29,$-51,$-15,$-20,$8,$5,$-51
25,2012-06-30,21.23,$20.70,1.03,$26.96,0.79,$3.98,5.33,$1.56,13.61,$0.56B,$0.59B,0.95,$1.29B,$1.22B,1.06,$1.58B,$1.58B,100.00%,$1.58B,$0.21B,13.30%,$1.58B,$0.21B,13.30%,$1.58B,$0.35B,22.10%,$1.58B,$0.15B,9.18%,$1.58B,$0.09B,5.83%,$0.09B,$1.22B,7.70%,$0.09B,$1.14B,8.12%,$0.09B,$4.22B,2.21%,$0.21B,$2.50B,8.58%,$344,$0,$344,$0,$156,$298,$46,$-17,$29,$10,$19,$19,$18,$82,$46,$59,59,$0.31,$0.31,$222,$51,$91,$555,$2910,$30,$74,$150,$3661,$4216,$585,$1285,$334,$2415,$3000,$861,$361,$-5,$1216,$4216,$57,$70,$7,$77,$56,$1,$-3,$9,$62,$200,$-123,$0,$-50,$-16,$7,$-10,$0,$-183,$-18,$65,$47,$4,$4,$-34,$-15,$2,$19,$3,$-34
26,2012-03-31,20.11,$20.58,0.98,$27.33,0.74,$3.76,5.35,$1.64,12.26,$0.61B,$0.61B,1.0,$1.30B,$1.21B,1.08,$1.60B,$1.60B,100.00%,$1.60B,$0.22B,13.78%,$1.60B,$0.22B,13.78%,$1.60B,$0.35B,22.06%,$1.60B,$0.15B,9.59%,$1.60B,$0.10B,6.08%,$0.10B,$1.21B,8.20%,$0.10B,$1.13B,8.56%,$0.10B,$4.25B,2.38%,$0.22B,$2.51B,9.12%,$452,$0,$452,$0,$236,$376,$76,$-17,$59,$21,$38,$38,$38,$110,$76,$59,59,$0.66,$0.65,$237,$36,$108,$607,$2873,$32,$74,$160,$3647,$4254,$605,$1301,$338,$2441,$3046,$858,$356,$-5,$1208,$4254,$38,$34,$0,$34,$16,$16,$-16,$33,$49,$121,$-59,$0,$0,$-36,$-9,$-45,$-50,$-154,$-3,$46,$43,$1,$1,$-17,$4,$31,$-2,$2,$-17
27,2011-12-31,20.01,$20.30,0.99,$27.96,0.72,$3.63,5.52,$1.72,11.64,$0.62B,$0.63B,0.98,$1.25B,$1.19B,1.06,$1.62B,$1.62B,100.00%,$1.62B,$0.23B,14.13%,$1.62B,$0.23B,14.13%,$1.62B,$0.36B,21.96%,$1.62B,$0.16B,9.87%,$1.62B,$0.10B,6.23%,$0.10B,$1.19B,8.63%,$0.10B,$1.11B,8.92%,$0.10B,$4.22B,2.55%,$0.23B,$2.44B,9.65%,$439,$0,$439,$0,$237,$386,$53,$-11,$42,$16,$26,$26,$25,$93,$53,$58,58,$0.42,$0.42,$193,$52,$120,$615,$2861,$30,$74,$108,$3600,$4215,$627,$1254,$343,$2401,$3029,$855,$336,$-6,$1186,$4215,$104,$128,$58,$186,$31,$-3,$-18,$-24,$-15,$269,$-243,$0,$0,$79,$-97,$-18,$-21,$-282,$72,$4,$76,$26,$26,$-64,$-21,$18,$5,$6,$-64
28,2011-09-30,18.33,$20.11,0.91,$27.11,0.68,$3.60,5.09,$1.75,10.47,$0.55B,$0.58B,0.95,$1.17B,$1.17B,1.0,$1.56B,$1.56B,100.00%,$1.56B,$0.23B,14.65%,$1.56B,$0.23B,14.65%,$1.56B,$0.35B,22.75%,$1.56B,$0.16B,10.09%,$1.56B,$0.10B,6.56%,$0.10B,$1.17B,8.83%,$0.10B,$1.14B,9.03%,$0.10B,$3.97B,2.62%,$0.23B,$2.34B,9.72%,$344,$0,$344,$0,$188,$309,$35,$-20,$15,$4,$12,$12,$11,$64,$35,$58,58,$0.18,$0.18,$78,$65,$192,$548,$2802,$31,$26,$146,$3420,$3969,$577,$1173,$318,$2222,$2798,$849,$327,$-4,$1170,$3969,$78,$87,$13,$100,$76,$-16,$-12,$-18,$30,$240,$-172,$0,$0,$43,$-47,$-4,$9,$-168,$-9,$-10,$-19,$21,$21,$-48,$-19,$-64,$9,$0,$-48
29,2011-06-30,19.52,$20.14,0.97,$27.79,0.7,$3.55,5.5,$1.79,10.9,$0.46B,$0.46B,1.0,$1.19B,$1.17B,1.02,$1.58B,$1.58B,100.00%,$1.58B,$0.23B,14.63%,$1.58B,$0.23B,14.63%,$1.58B,$0.36B,22.48%,$1.58B,$0.16B,10.13%,$1.58B,$0.10B,6.52%,$0.10B,$1.17B,9.04%,$0.10B,$1.14B,9.25%,$0.10B,$3.84B,2.68%,$0.23B,$2.35B,9.96%,$361,$0,$361,$0,$175,$305,$56,$-18,$37,$14,$24,$24,$23,$85,$56,$58,58,$0.40,$0.39,$70,$48,$135,$455,$2764,$32,$26,$146,$3388,$3843,$455,$1186,$319,$2220,$2675,$842,$331,$-4,$1168,$3843,$66,$58,$-9,$49,$66,$1,$-39,$21,$49,$163,$-100,$0,$0,$33,$0,$33,$3,$-64,$-6,$-68,$-75,$16,$16,$-32,$-8,$-99,$1,$0,$-32
30,2011-03-31,17.38,$20.13,0.86,$28.12,0.62,$3.08,5.65,$1.86,9.34,$0.47B,$0.45B,1.02,$1.20B,$1.16B,1.03,$1.58B,$1.58B,100.00%,$1.58B,$0.24B,15.01%,$1.58B,$0.24B,15.01%,$1.58B,$0.36B,22.74%,$1.58B,$0.17B,10.45%,$1.58B,$0.11B,6.71%,$0.11B,$1.16B,9.47%,$0.11B,$1.13B,9.69%,$0.11B,$3.82B,2.79%,$0.24B,$2.36B,10.35%,$477,$0,$477,$0,$273,$392,$85,$-19,$66,$24,$42,$42,$42,$114,$85,$57,57,$0.73,$0.73,$62,$38,$120,$465,$2731,$32,$26,$148,$3359,$3824,$454,$1197,$321,$2210,$2664,$834,$331,$-5,$1160,$3824,$42,$29,$-4,$25,$13,$10,$-17,$30,$36,$103,$-50,$0,$0,$48,$0,$48,$3,$0,$-3,$-93,$-96,$8,$8,$-16,$-8,$-111,$-8,$0,$-16
31,2010-12-31,16.72,$19.70,0.85,$28.10,0.6,$2.84,5.89,$1.65,10.13,$0.58B,$0.58B,1.0,$1.20B,$1.13B,1.07,$1.56B,$1.56B,100.00%,$1.56B,$0.22B,14.12%,$1.56B,$0.22B,14.12%,$1.56B,$0.34B,21.82%,$1.56B,$0.15B,9.37%,$1.56B,$0.09B,5.97%,$0.09B,$1.13B,8.50%,$0.09B,$1.10B,8.70%,$0.09B,$3.94B,2.48%,$0.22B,$2.33B,9.77%,$374,$0,$374,$0,$185,$322,$52,$-14,$39,$12,$26,$26,$26,$91,$52,$56,56,$0.45,$0.45,$69,$49,$184,$580,$2714,$48,$26,$153,$3361,$3940,$579,$1200,$333,$2236,$2815,$828,$303,$-4,$1125,$3940,$95,$121,$36,$157,$-19,$-11,$14,$-4,$-21,$228,$-205,$0,$0,$-49,$0,$-49,$0,$-253,$4,$66,$70,$46,$46,$-56,$-4,$57,$32,$5,$-56
32,2010-09-30,15.32,$19.55,0.78,$28.73,0.53,$3.33,4.6,$1.60,9.58,$0.46B,$0.53B,0.86,$1.14B,$1.11B,1.03,$1.59B,$1.59B,100.00%,$1.59B,$0.22B,13.93%,$1.59B,$0.22B,13.93%,$1.59B,$0.33B,20.73%,$1.59B,$0.14B,9.01%,$1.59B,$0.09B,5.61%,$0.09B,$1.11B,8.27%,$0.09B,$1.08B,8.47%,$0.09B,$3.75B,2.42%,$0.22B,$2.25B,10.02%,$367,$0,$367,$0,$217,$329,$38,$-19,$18,$5,$13,$13,$12,$65,$38,$56,56,$0.22,$0.22,$57,$56,$154,$459,$2675,$33,$25,$144,$3294,$3753,$532,$1140,$347,$2115,$2647,$815,$294,$-2,$1106,$3753,$69,$82,$-29,$54,$51,$-19,$-10,$58,$79,$202,$-139,$0,$0,$-16,$0,$-16,$3,$-152,$-19,$-1,$-20,$35,$35,$-41,$-3,$-30,$20,$0,$-41
33,2010-06-30,14.16,$19.60,0.72,$27.86,0.51,$3.85,3.68,$1.53,9.26,$0.41B,$0.48B,0.85,$1.14B,$1.09B,1.05,$1.54B,$1.54B,100.00%,$1.54B,$0.21B,13.49%,$1.54B,$0.21B,13.49%,$1.54B,$0.31B,20.46%,$1.54B,$0.13B,8.73%,$1.54B,$0.09B,5.54%,$0.09B,$1.09B,8.01%,$0.09B,$1.06B,8.20%,$0.09B,$3.66B,2.35%,$0.21B,$2.23B,9.48%,$361,$0,$361,$0,$186,$299,$62,$-20,$42,$16,$26,$26,$26,$89,$62,$55,55,$0.46,$0.46,$39,$53,$122,$407,$2643,$34,$25,$170,$3254,$3661,$477,$1143,$312,$2099,$2576,$789,$299,$-2,$1085,$3661,$55,$55,$-22,$32,$45,$-16,$-32,$30,$27,$115,$-81,$0,$0,$-3,$0,$-3,$-1,$-85,$-6,$-2,$-7,$10,$10,$-28,$-3,$-28,$1,$0,$-28
34,2010-03-31,14.82,$19.36,0.77,$26.93,0.55,$4.83,3.07,$1.54,9.62,$0.43B,$0.51B,0.84,$1.15B,$1.06B,1.08,$1.48B,$1.48B,100.00%,$1.48B,$0.20B,13.71%,$1.48B,$0.20B,13.71%,$1.48B,$0.31B,20.86%,$1.48B,$0.13B,9.05%,$1.48B,$0.09B,5.74%,$0.09B,$1.06B,8.09%,$0.09B,$1.04B,8.28%,$0.09B,$3.67B,2.37%,$0.20B,$2.21B,9.65%,$456,$0,$456,$0,$281,$389,$68,$-21,$47,$18,$29,$29,$29,$95,$68,$55,55,$0.53,$0.52,$40,$32,$123,$427,$2628,$35,$25,$171,$3244,$3670,$506,$1146,$305,$2102,$2607,$780,$286,$-2,$1063,$3670,$29,$27,$-10,$18,$10,$6,$-9,$15,$22,$81,$-43,$0,$0,$-3,$0,$-3,$-2,$-47,$-3,$-15,$-18,$0,$0,$-14,$-0,$-31,$3,$0,$-14
35,2009-12-31,15.27,$19.16,0.8,$27.56,0.55,$5.03,3.03,$1.59,9.6,$0.42B,$0.50B,0.83,$1.09B,$1.05B,1.04,$1.51B,$1.51B,100.00%,$1.51B,$0.20B,13.29%,$1.51B,$0.20B,13.29%,$1.51B,$0.31B,20.24%,$1.51B,$0.14B,8.99%,$1.51B,$0.09B,5.75%,$0.09B,$1.05B,8.34%,$0.09B,$1.03B,8.53%,$0.09B,$3.61B,2.45%,$0.20B,$2.14B,9.86%,$403,$0,$403,$0,$215,$350,$53,$-17,$36,$13,$22,$22,$22,$80,$53,$55,55,$0.40,$0.39,$37,$37,$83,$419,$2607,$35,$25,$78,$3188,$3607,$503,$1088,$312,$2053,$2556,$779,$275,$-2,$1051,$3607,$89,$105,$7,$113,$15,$16,$-18,$19,$31,$259,$-209,$0,$0,$9,$0,$9,$-10,$-210,$170,$-168,$2,$3,$3,$-44,$4,$-36,$13,$3,$-44
36,2009-09-30,14.16,$19.13,0.74,$28.50,0.5,$2.28,6.21,$1.51,9.37,$0.36B,$0.45B,0.8,$1.11B,$1.05B,1.06,$1.56B,$1.56B,100.00%,$1.56B,$0.19B,12.34%,$1.56B,$0.19B,12.34%,$1.56B,$0.30B,18.96%,$1.56B,$0.13B,8.23%,$1.56B,$0.08B,5.27%,$0.08B,$1.05B,7.97%,$0.08B,$1.02B,8.14%,$0.08B,$3.56B,2.30%,$0.19B,$2.16B,9.68%,$315,$0,$315,$0,$190,$291,$24,$-15,$9,$-0,$9,$9,$8,$50,$24,$55,55,$0.15,$0.15,$47,$42,$102,$358,$2563,$36,$25,$158,$3200,$3558,$447,$1112,$363,$2063,$2511,$777,$265,$-6,$1047,$3558,$66,$78,$-33,$46,$77,$12,$-40,$73,$122,$234,$-144,$0,$-9,$8,$0,$8,$-12,$-157,$187,$-227,$-40,$2,$2,$-33,$4,$-67,$11,$0,$-33
37,2009-06-30,12.34,$19.07,0.65,$29.85,0.41,$0.26,47.4,$1.49,8.28,$0.36B,$0.62B,0.57,$0.86B,$1.04B,0.83,$1.62B,$1.62B,100.00%,$1.62B,$0.19B,11.88%,$1.62B,$0.19B,11.88%,$1.62B,$0.30B,18.17%,$1.62B,$0.13B,8.25%,$1.62B,$0.08B,4.99%,$0.08B,$1.04B,8.00%,$0.08B,$1.02B,8.13%,$0.08B,$3.50B,2.30%,$0.19B,$1.90B,10.09%,$307,$0,$307,$0,$148,$249,$58,$-16,$42,$16,$26,$26,$26,$84,$58,$55,55,$0.47,$0.47,$34,$43,$134,$357,$2531,$36,$21,$127,$3141,$3498,$622,$862,$351,$1833,$2455,$775,$264,$-6,$1043,$3498,$58,$52,$-2,$49,$94,$11,$-66,$31,$69,$176,$-90,$0,$0,$6,$-5,$1,$0,$-89,$-62,$5,$-57,$0,$0,$-21,$-0,$-78,$10,$0,$-21
38,2009-03-31,9.42,$18.86,0.5,$30.77,0.31,$-0.97,0.0,$1.46,6.45,$0.43B,$0.62B,0.69,$0.92B,$1.03B,0.9,$1.67B,$1.67B,100.00%,$1.67B,$0.19B,11.46%,$1.67B,$0.19B,11.46%,$1.67B,$0.29B,17.52%,$1.67B,$0.13B,7.74%,$1.67B,$0.08B,4.74%,$0.08B,$1.03B,7.96%,$0.08B,$1.01B,8.04%,$0.08B,$3.54B,2.26%,$0.19B,$1.95B,10.05%,$487,$0,$487,$0,$322,$422,$66,$-17,$49,$17,$31,$31,$31,$92,$66,$55,55,$0.57,$0.57,$36,$25,$133,$430,$2504,$39,$21,$111,$3114,$3544,$624,$923,$325,$1890,$2513,$776,$249,$-6,$1030,$3544,$31,$26,$-1,$25,$5,$29,$-31,$26,$29,$92,$-42,$0,$0,$-2,$0,$-2,$-1,$-46,$-0,$-24,$-24,$0,$0,$-10,$-0,$-34,$11,$0,$-10
39,2008-12-31,13.09,$18.30,0.72,$31.16,0.42,$-1.94,0.0,$1.36,9.62,$0.48B,$0.69B,0.7,$0.92B,$1.00B,0.93,$1.68B,$1.68B,100.00%,$1.68B,$0.18B,10.98%,$1.68B,$0.18B,10.98%,$1.68B,$0.28B,16.89%,$1.68B,$0.12B,7.16%,$1.68B,$0.07B,4.36%,$0.07B,$1.00B,7.52%,$0.07B,$0.98B,7.56%,$0.07B,$3.63B,2.13%,$0.18B,$1.92B,9.87%,$447,$0,$447,$0,$308,$403,$44,$-16,$28,$10,$18,$18,$17,$69,$44,$54,54,$0.31,$0.32,$24,$54,$144,$482,$2492,$40,$21,$128,$3149,$3631,$685,$923,$313,$1949,$2634,$775,$228,$-6,$997,$3631,$75,$97,$37,$134,$-117,$-19,$48,$-26,$-114,$115,$-215,$0,$-1,$31,$0,$31,$7,$-179,$-108,$221,$114,$29,$29,$-37,$-29,$76,$12,$3,$-37
40,2008-09-30,14.51,$17.98,0.81,$30.14,0.48,$0.70,20.66,$1.30,11.16,$0.39B,$0.60B,0.66,$0.89B,$0.98B,0.91,$1.62B,$1.62B,100.00%,$1.62B,$0.19B,11.57%,$1.62B,$0.19B,11.57%,$1.62B,$0.29B,17.70%,$1.62B,$0.12B,7.24%,$1.62B,$0.07B,4.33%,$0.07B,$0.98B,7.37%,$0.07B,$0.98B,7.37%,$0.07B,$3.39B,2.11%,$0.19B,$1.87B,10.56%,$383,$0,$383,$0,$267,$357,$25,$-10,$15,$7,$8,$8,$7,$50,$25,$54,54,$0.14,$0.13,$15,$71,$166,$392,$2439,$40,$0,$207,$2993,$3385,$595,$892,$387,$1811,$2406,$773,$218,$-12,$979,$3385,$57,$72,$6,$79,$9,$-36,$-9,$15,$-20,$132,$-153,$0,$-1,$0,$-9,$-8,$9,$-153,$-46,$89,$43,$27,$27,$-27,$-19,$25,$3,$0,$-27
41,2008-06-30,14.23,$18.05,0.79,$28.15,0.51,$1.32,10.75,$1.10,12.93,$0.45B,$0.62B,0.73,$0.89B,$0.97B,0.92,$1.50B,$1.50B,100.00%,$1.50B,$0.17B,11.59%,$1.50B,$0.17B,11.59%,$1.50B,$0.27B,18.12%,$1.50B,$0.10B,6.40%,$1.50B,$0.06B,3.93%,$0.06B,$0.97B,6.32%,$0.06B,$0.97B,6.32%,$0.06B,$3.40B,1.81%,$0.17B,$1.86B,10.10%,$350,$0,$350,$0,$204,$294,$56,$-20,$37,$13,$24,$24,$24,$81,$56,$53,54,$0.44,$0.44,$5,$46,$205,$447,$2399,$41,$0,$197,$2953,$3400,$616,$892,$402,$1818,$2434,$734,$244,$-12,$966,$3400,$49,$48,$10,$58,$-44,$-11,$-23,$83,$5,$112,$-93,$0,$0,$2,$-7,$-4,$3,$-95,$-44,$49,$5,$7,$7,$-18,$-19,$-24,$-6,$0,$-18
42,2008-03-31,12.87,$17.70,0.73,$27.33,0.47,$2.15,5.97,$0.92,13.99,$0.44B,$0.64B,0.69,$0.87B,$0.94B,0.92,$1.46B,$1.46B,100.00%,$1.46B,$0.16B,10.86%,$1.46B,$0.16B,10.86%,$1.46B,$0.26B,17.53%,$1.46B,$0.08B,5.64%,$1.46B,$0.05B,3.37%,$0.05B,$0.94B,5.31%,$0.05B,$0.94B,5.31%,$0.05B,$3.32B,1.51%,$0.16B,$1.81B,9.39%,$496,$0,$496,$0,$349,$437,$59,$-19,$40,$15,$25,$25,$25,$83,$59,$53,53,$0.48,$0.47,$13,$21,$147,$439,$2371,$115,$0,$76,$2884,$3323,$640,$866,$353,$1743,$2384,$728,$224,$-12,$939,$3323,$25,$24,$23,$46,$-119,$14,$28,$52,$-25,$45,$-49,$0,$0,$-0,$0,$-0,$2,$-47,$-0,$29,$29,$0,$0,$-9,$-16,$4,$1,$0,$-9
43,2007-12-31,14.05,$17.27,0.81,$26.64,0.53,$3.14,4.47,$0.71,19.79,$0.33B,$0.76B,0.44,$0.64B,$0.91B,0.7,$1.42B,$1.42B,100.00%,$1.42B,$0.14B,9.73%,$1.42B,$0.14B,9.73%,$1.42B,$0.24B,16.57%,$1.42B,$0.06B,4.51%,$1.42B,$0.04B,2.68%,$0.04B,$0.91B,4.13%,$0.04B,$0.91B,4.13%,$0.04B,$3.19B,1.12%,$0.14B,$1.55B,7.98%,$387,$0,$387,$0,$206,$340,$47,$-23,$25,$10,$14,$14,$14,$72,$47,$53,53,$0.26,$0.27,$16,$35,$126,$332,$2351,$42,$0,$129,$2858,$3190,$764,$635,$346,$1512,$2276,$727,$207,$-20,$914,$3190,$39,$97,$25,$122,$180,$5,$-170,$66,$81,$252,$-209,$0,$0,$0,$0,$0,$22,$-186,$-27,$-4,$-31,$5,$-21,$-31,$2,$-82,$-16,$0,$-31
44,2007-09-30,13.18,$17.27,0.76,$27.93,0.47,$3.69,3.57,$0.81,16.27,$0.36B,$0.63B,0.57,$0.77B,$0.91B,0.84,$1.46B,$1.46B,100.00%,$1.46B,$0.14B,9.81%,$1.46B,$0.14B,9.81%,$1.46B,$0.24B,16.39%,$1.46B,$0.07B,4.73%,$1.46B,$0.04B,2.88%,$0.04B,$0.91B,4.56%,$0.04B,$0.91B,4.56%,$0.04B,$3.16B,1.16%,$0.14B,$1.68B,7.79%,$268,$0,$268,$0,$215,$256,$12,$-18,$-6,$-2,$-4,$-4,$-4,$36,$12,$53,53,$-0.07,$-0.07,$7,$38,$185,$362,$2306,$100,$0,$60,$2798,$3160,$631,$769,$314,$1616,$2247,$723,$208,$-19,$913,$3160,$24,$72,$36,$108,$174,$2,$-206,$62,$31,$164,$-151,$0,$0,$-3,$0,$-3,$29,$-126,$-13,$-4,$-16,$4,$-22,$-24,$1,$-61,$-23,$0,$-24
45,2007-06-30,13.85,$17.54,0.79,$28.74,0.48,$4.76,2.91,$1.08,12.83,$0.56B,$0.78B,0.72,$0.77B,$0.93B,0.83,$1.48B,$1.48B,100.00%,$1.48B,$0.17B,11.13%,$1.48B,$0.17B,11.13%,$1.48B,$0.26B,17.60%,$1.48B,$0.09B,5.93%,$1.48B,$0.06B,3.78%,$0.06B,$0.93B,6.24%,$0.06B,$0.93B,6.24%,$0.06B,$3.31B,1.47%,$0.17B,$1.70B,8.90%,$304,$0,$304,$0,$169,$264,$40,$-17,$23,$9,$14,$14,$14,$64,$40,$53,53,$0.27,$0.26,$107,$29,$217,$561,$2268,$101,$0,$50,$2744,$3305,$784,$769,$301,$1594,$2379,$720,$222,$-16,$927,$3305,$28,$48,$29,$77,$98,$-8,$-102,$64,$53,$158,$-95,$0,$0,$-2,$0,$-2,$26,$-71,$-12,$12,$-1,$3,$3,$-16,$1,$-12,$75,$0,$-16
46,2007-03-31,15.48,$17.58,0.88,$28.82,0.54,$5.59,2.77,$1.09,14.2,$1.20B,$1.11B,1.09,$1.06B,$0.93B,1.15,$1.47B,$1.47B,100.00%,$1.47B,$0.17B,11.46%,$1.47B,$0.17B,11.46%,$1.47B,$0.26B,17.94%,$1.47B,$0.09B,5.87%,$1.47B,$0.06B,3.75%,$0.06B,$0.93B,6.32%,$0.06B,$0.93B,6.32%,$0.06B,$3.91B,1.38%,$0.17B,$1.99B,8.99%,$459,$0,$459,$0,$332,$420,$39,$-17,$22,$7,$14,$14,$14,$63,$39,$53,53,$0.27,$0.26,$83,$19,$827,$1203,$2233,$104,$0,$33,$2702,$3905,$1108,$1063,$277,$1869,$2977,$718,$226,$-16,$927,$3905,$14,$24,$23,$48,$27,$15,$-37,$24,$29,$90,$-42,$0,$0,$-1,$0,$-1,$4,$-39,$-12,$-4,$-16,$2,$2,$-8,$-0,$-22,$29,$0,$-8
47,2006-12-31,16.07,$17.41,0.92,$30.33,0.53,$6.49,2.48,$1.47,10.93,$1.03B,$0.95B,1.09,$1.06B,$0.92B,1.16,$1.51B,$1.51B,100.00%,$1.51B,$0.20B,13.28%,$1.51B,$0.20B,13.28%,$1.51B,$0.30B,19.59%,$1.51B,$0.11B,7.57%,$1.51B,$0.07B,4.85%,$0.07B,$0.92B,8.69%,$0.07B,$0.92B,8.69%,$0.07B,$4.06B,1.78%,$0.20B,$1.98B,11.07%,$427,$0,$427,$0,$289,$375,$52,$-22,$30,$12,$18,$18,$18,$76,$52,$49,50,$0.35,$0.35,$58,$42,$606,$1032,$2215,$358,$0,$101,$3024,$4057,$945,$1063,$570,$2197,$3142,$716,$0,$-18,$915,$4057,$73,$95,$33,$128,$219,$12,$-225,$11,$17,$201,$-134,$0,$0,$-52,$0,$-52,$-6,$-192,$-50,$-8,$-57,$89,$87,$-28,$-9,$-8,$2,$0,$-28
