,Date,Stock Price,Book Value per Share,Price to Book Ratio,TTM Sales per Share,Price to Sales Ratio,TTM FCF per Share,Price to FCF Ratio,TTM Net EPS,PE Ratio,Current Assets,Current Liabilities,Current Ratio,Long Term Debt,Shareholder's Equity_x,Debt to Equity Ratio,TTM Revenue_x,TTM Gross Profit,Gross Margin,TTM Revenue_y,TTM Operating Income,Operating Margin,TTM Revenue_x,TTM EBIT,EBIT Margin,TTM Revenue_y,TTM EBITDA,EBITDA Margin,TTM Revenue_x,TTM Pre-Tax Income,Pre-Tax Margin,TTM Revenue_y,TTM Net Income_x,Net Margin,TTM Net Income_y,Shareholder's Equity_y,Return on Equity,TTM Net Income_x,Tangible Equity,Return on Tangible Equity,TTM Net Income_y,Total Assets,Return on Assets,TTM Net Income,LT Investments & Debt,Return on Investment,revenue,cost-goods-sold,gross-profit,research-development-expenses,selling-general-administrative-expenses,operating-expenses,operating-income,total-non-operating-income-expense,pre-tax-income,total-provision-income-taxes,income-after-taxes,income-from-continuous-operations,net-income,ebitda,ebit,basic-shares-outstanding,shares-outstanding,eps-basic-net-earnings-per-share,eps-earnings-per-share-diluted,cash-on-hand,inventory,other-current-assets,total-current-assets,net-property-plant-equipment,long-term-investments,goodwill-intangible-assets-total,other-long-term-assets,total-long-term-assets,total-assets,total-current-liabilities,long-term-debt,other-non-current-liabilities,total-long-term-liabilities,total-liabilities,common-stock-net,retained-earnings-accumulated-deficit,comprehensive-income,total-share-holder-equity,total-liabilities-share-holders-equity,net-income-loss,total-depreciation-amortization-cash-flow,other-non-cash-items,total-non-cash-items,change-in-accounts-receivable,change-in-inventories,change-in-accounts-payable,change-in-assets-liabilities,total-change-in-assets-liabilities,cash-flow-from-operating-activities,net-change-in-property-plant-equipment,net-change-in-intangible-assets,net-acquisitions-divestitures,net-change-in-short-term-investments,net-change-in-long-term-investments,net-change-in-investments-total,investing-activities-other,cash-flow-from-investing-activities,net-long-term-debt,net-current-debt,debt-issuance-retirement-net-total,net-common-equity-issued-repurchased,net-total-equity-issued-repurchased,total-common-preferred-stock-dividends-paid,financial-activities-other,cash-flow-from-financial-activities,net-cash-flow,stock-based-compensation,common-stock-dividends-paid
0,2018-07-31,73.61,$18.27,4.03,$13.22,5.57,$4.30,17.11,$2.16,34.08,$0.41B,$0.04B,10.07,$0.00B,$0.44B,0.0,$0.32B,$0.13B,42.54%,$0.32B,$0.05B,17.14%,$0.32B,$0.05B,17.14%,$0.32B,$0.06B,19.37%,$0.32B,$0.07B,20.63%,$0.32B,$0.05B,16.83%,$0.05B,$0.44B,13.05%,$0.05B,$0.44B,13.05%,$0.05B,$0.48B,11.68%,$0.05B,$0.44B,13.29%,$78,$45,$33,$6,$12,$64,$14,$9,$23,$3,$21,$20,$27,$16,$14,$24,24,$1.16,$1.14,$289,$42,$0,$410,$19,$37,$0,$2,$70,$480,$41,$0,$1,$3,$43,$0,$266,$0,$437,$480,$27,$2,$-6,$-4,$0,$-5,$-10,$-4,$-18,$5,$-1,$0,$32,$0,$-0,$-0,$0,$30,$-0,$0,$-0,$0,$0,$0,$-1,$-1,$27,$1,$0
1,2018-04-30,54.5,$17.11,3.19,$11.44,4.76,$5.12,10.64,$0.83,65.66,$0.40B,$0.06B,6.43,$0.00B,$0.41B,0.0,$0.27B,$0.11B,40.59%,$0.27B,$0.03B,11.81%,$0.27B,$0.03B,11.81%,$0.27B,$0.04B,14.02%,$0.27B,$0.03B,12.55%,$0.27B,$0.02B,7.38%,$0.02B,$0.41B,5.10%,$0.02B,$0.41B,5.10%,$0.02B,$0.47B,4.56%,$0.03B,$0.41B,8.16%,$99,$50,$49,$6,$12,$68,$31,$1,$32,$10,$22,$21,$20,$31,$31,$23,24,$0.85,$0.84,$257,$37,$0,$399,$19,$41,$0,$3,$74,$473,$62,$0,$1,$2,$64,$0,$239,$-0,$409,$473,$22,$6,$14,$20,$12,$2,$6,$8,$28,$70,$-10,$0,$0,$0,$3,$3,$0,$-6,$-0,$0,$-0,$3,$3,$0,$-0,$2,$64,$5,$0
2,2018-01-31,51.36,$16.33,3.15,$11.13,4.62,$1.83,28.0,$1.36,37.76,$0.36B,$0.04B,8.76,$0.00B,$0.39B,0.0,$0.26B,$0.11B,43.30%,$0.26B,$0.04B,16.09%,$0.26B,$0.04B,16.09%,$0.26B,$0.05B,18.01%,$0.26B,$0.04B,16.86%,$0.26B,$0.03B,11.49%,$0.03B,$0.39B,7.78%,$0.03B,$0.39B,7.78%,$0.03B,$0.43B,6.99%,$0.04B,$0.39B,10.89%,$64,$43,$21,$7,$14,$64,$-0,$0,$0,$1,$-0,$-1,$-1,$1,$-0,$24,24,$-0.04,$-0.04,$222,$77,$0,$355,$22,$39,$0,$2,$78,$433,$41,$0,$0,$2,$42,$0,$222,$-0,$390,$433,$2,$6,$8,$14,$37,$-17,$-7,$0,$13,$28,$-8,$0,$0,$0,$11,$11,$0,$2,$-0,$0,$-0,$3,$3,$0,$-0,$2,$32,$4,$0
3,2017-10-31,51.16,$16.32,3.14,$10.71,4.78,$0.04,1141.96,$1.31,39.05,$0.36B,$0.04B,9.45,$0.00B,$0.39B,0.0,$0.25B,$0.11B,44.40%,$0.25B,$0.04B,16.40%,$0.25B,$0.04B,16.40%,$0.25B,$0.05B,18.40%,$0.25B,$0.04B,17.20%,$0.25B,$0.03B,11.60%,$0.03B,$0.39B,7.74%,$0.03B,$0.39B,7.74%,$0.03B,$0.43B,6.95%,$0.04B,$0.39B,10.94%,$74,$43,$31,$7,$14,$65,$9,$0,$10,$3,$7,$7,$7,$13,$9,$23,24,$0.30,$0.29,$228,$76,$0,$358,$22,$33,$0,$1,$72,$429,$38,$0,$0,$2,$40,$0,$223,$-0,$389,$429,$2,$5,$4,$8,$39,$-16,$-5,$-5,$14,$24,$-6,$0,$0,$0,$17,$17,$0,$11,$-0,$0,$-0,$2,$2,$0,$-0,$2,$37,$3,$0
4,2017-07-31,37.79,$15.98,2.36,$9.79,3.86,$-1.18,0.0,$0.84,44.99,$0.35B,$0.04B,9.21,$0.00B,$0.38B,0.0,$0.23B,$0.10B,42.92%,$0.23B,$0.03B,12.39%,$0.23B,$0.03B,12.39%,$0.23B,$0.03B,13.27%,$0.23B,$0.03B,12.83%,$0.23B,$0.02B,7.96%,$0.02B,$0.38B,4.94%,$0.02B,$0.38B,4.94%,$0.02B,$0.42B,4.41%,$0.03B,$0.38B,7.68%,$34,$26,$9,$6,$11,$42,$-8,$1,$-8,$-3,$-4,$-4,$-6,$-7,$-8,$23,23,$-0.25,$-0.25,$225,$72,$0,$347,$20,$36,$0,$2,$74,$421,$38,$0,$0,$2,$40,$0,$215,$-0,$381,$421,$-6,$1,$3,$4,$50,$-10,$-6,$-4,$27,$25,$-3,$0,$0,$0,$18,$18,$0,$15,$-0,$0,$-0,$2,$2,$0,$-0,$1,$38,$1,$0
5,2017-04-30,28.57,$16.17,1.77,$9.89,2.89,$-2.32,0.0,$0.52,54.94,$0.35B,$0.05B,7.37,$0.00B,$0.38B,0.0,$0.23B,$0.10B,41.67%,$0.23B,$0.02B,8.77%,$0.23B,$0.02B,8.77%,$0.23B,$0.02B,10.09%,$0.23B,$0.02B,9.21%,$0.23B,$0.01B,5.26%,$0.01B,$0.38B,3.36%,$0.01B,$0.38B,3.36%,$0.01B,$0.43B,3.00%,$0.02B,$0.38B,5.60%,$89,$38,$52,$3,$8,$49,$41,$1,$42,$7,$35,$35,$30,$40,$41,$23,23,$1.32,$1.32,$200,$41,$0,$354,$16,$42,$0,$2,$78,$433,$48,$0,$0,$2,$50,$0,$220,$-0,$382,$433,$17,$5,$6,$11,$-15,$-19,$1,$-2,$-35,$-8,$-9,$0,$-0,$0,$-27,$-27,$0,$-37,$-0,$0,$-0,$4,$4,$0,$-0,$3,$-44,$3,$0
6,2017-01-31,26.19,$14.80,1.77,$8.40,3.12,$-1.59,0.0,$-0.55,0.0,$0.31B,$0.04B,8.14,$0.00B,$0.35B,0.0,$0.19B,$0.07B,38.34%,$0.19B,$-0.00B,-2.07%,$0.19B,$-0.00B,-2.07%,$0.19B,$-0.00B,-0.52%,$0.19B,$-0.00B,-1.55%,$0.19B,$-0.01B,-6.74%,$-0.01B,$0.35B,-3.69%,$-0.01B,$0.35B,-3.69%,$-0.01B,$0.39B,-3.30%,$-0.00B,$0.35B,-1.14%,$53,$34,$19,$8,$13,$55,$-1,$0,$-1,$1,$-2,$-2,$-2,$0,$-1,$23,23,$-0.09,$-0.09,$194,$69,$0,$309,$18,$44,$0,$1,$79,$387,$38,$0,$0,$2,$40,$0,$189,$-0,$347,$387,$-18,$5,$4,$10,$37,$-31,$-3,$-6,$-6,$-14,$-8,$0,$0,$0,$-29,$-29,$0,$-37,$-0,$0,$-0,$1,$1,$0,$0,$0,$-51,$3,$0
7,2016-10-31,23.99,$14.90,1.61,$9.03,2.66,$-1.07,0.0,$-0.19,0.0,$0.31B,$0.04B,7.97,$0.00B,$0.35B,0.0,$0.21B,$0.08B,39.42%,$0.21B,$0.00B,0.96%,$0.21B,$0.00B,0.96%,$0.21B,$0.01B,2.88%,$0.21B,$0.00B,1.44%,$0.21B,$-0.01B,-2.40%,$-0.01B,$0.35B,-1.41%,$-0.01B,$0.35B,-1.41%,$-0.01B,$0.39B,-1.27%,$0.00B,$0.35B,0.56%,$50,$33,$17,$9,$13,$55,$-4,$0,$-4,$-0,$-4,$-4,$-4,$-3,$-4,$23,23,$-0.18,$-0.18,$207,$55,$0,$314,$17,$43,$0,$1,$76,$390,$39,$0,$0,$2,$42,$0,$192,$-0,$348,$390,$-16,$3,$3,$7,$32,$-18,$1,$-8,$3,$-6,$-5,$0,$0,$0,$-25,$-25,$0,$-29,$-0,$0,$-0,$0,$0,$0,$0,$0,$-35,$2,$0
8,2016-07-31,28.35,$15.02,1.89,$9.65,2.94,$-1.71,0.0,$0.18,157.5,$0.32B,$0.04B,9.1,$0.00B,$0.35B,0.0,$0.22B,$0.10B,43.50%,$0.22B,$0.01B,5.83%,$0.22B,$0.01B,5.83%,$0.22B,$0.02B,7.62%,$0.22B,$0.01B,6.28%,$0.22B,$0.00B,1.35%,$0.00B,$0.35B,0.85%,$0.00B,$0.35B,0.85%,$0.00B,$0.39B,0.76%,$0.01B,$0.35B,3.67%,$36,$30,$7,$9,$14,$52,$-16,$0,$-16,$-4,$-12,$-12,$-12,$-14,$-16,$23,23,$-0.51,$-0.51,$224,$44,$0,$324,$17,$33,$0,$1,$66,$390,$36,$0,$0,$2,$38,$0,$196,$-0,$351,$390,$-12,$2,$2,$4,$27,$-7,$-6,$-4,$7,$-1,$-3,$0,$0,$0,$2,$2,$0,$-1,$-0,$0,$-0,$0,$0,$0,$0,$0,$-2,$1,$0
9,2016-04-30,28.88,$15.48,1.87,$10.12,2.85,$-2.08,0.0,$0.39,74.05,$0.34B,$0.05B,7.43,$0.00B,$0.36B,0.0,$0.23B,$0.11B,45.30%,$0.23B,$0.02B,8.55%,$0.23B,$0.02B,8.55%,$0.23B,$0.02B,9.83%,$0.23B,$0.02B,8.12%,$0.23B,$0.01B,3.42%,$0.01B,$0.36B,2.27%,$0.01B,$0.36B,2.27%,$0.01B,$0.41B,2.05%,$0.02B,$0.36B,5.68%,$54,$23,$31,$7,$7,$37,$17,$1,$18,$6,$12,$12,$5,$16,$17,$23,23,$0.23,$0.23,$228,$37,$0,$344,$17,$34,$0,$1,$66,$411,$46,$0,$1,$3,$49,$0,$207,$-0,$362,$411,$15,$4,$8,$12,$-22,$0,$-3,$4,$-21,$6,$-6,$0,$0,$0,$-10,$-10,$0,$-16,$-0,$0,$-0,$-3,$-3,$0,$0,$-3,$-19,$4,$0
10,2016-01-31,25.51,$15.18,1.68,$11.51,2.22,$-0.60,0.0,$0.47,54.28,$0.33B,$0.03B,10.03,$0.00B,$0.36B,0.0,$0.27B,$0.12B,45.11%,$0.27B,$0.01B,3.76%,$0.27B,$0.01B,3.76%,$0.27B,$0.02B,6.02%,$0.27B,$0.01B,3.01%,$0.27B,$0.01B,3.76%,$0.01B,$0.36B,2.87%,$0.01B,$0.36B,2.87%,$0.01B,$0.39B,2.58%,$0.01B,$0.36B,2.87%,$68,$41,$27,$8,$13,$62,$5,$-0,$5,$-1,$6,$6,$6,$7,$5,$23,23,$0.27,$0.27,$220,$46,$0,$330,$14,$38,$0,$1,$60,$389,$33,$0,$0,$2,$35,$0,$202,$-0,$355,$389,$4,$5,$9,$14,$2,$-7,$-9,$-4,$-23,$-6,$-4,$0,$0,$0,$-8,$-8,$0,$-12,$-0,$0,$-0,$-3,$-3,$0,$-0,$-3,$-21,$3,$0
11,2015-10-31,23.07,$14.87,1.55,$11.54,2.0,$0.48,48.46,$0.30,76.9,$0.32B,$0.03B,10.17,$0.00B,$0.35B,0.0,$0.27B,$0.12B,45.11%,$0.27B,$0.01B,3.76%,$0.27B,$0.01B,3.76%,$0.27B,$0.02B,6.02%,$0.27B,$0.01B,3.01%,$0.27B,$0.01B,2.26%,$0.01B,$0.35B,1.74%,$0.01B,$0.35B,1.74%,$0.01B,$0.38B,1.55%,$0.01B,$0.35B,2.89%,$65,$33,$32,$10,$15,$58,$7,$0,$7,$3,$4,$4,$4,$8,$7,$23,23,$0.19,$0.19,$206,$48,$0,$321,$14,$38,$0,$1,$59,$380,$32,$0,$0,$2,$33,$0,$196,$-0,$347,$380,$-3,$3,$7,$10,$-3,$-9,$-8,$-7,$-30,$-23,$-3,$0,$0,$0,$14,$14,$0,$11,$0,$0,$0,$-3,$-3,$0,$-0,$-3,$-15,$2,$0
12,2015-07-31,26.06,$14.67,1.78,$11.05,2.36,$2.08,12.53,$-0.02,0.0,$0.32B,$0.04B,8.74,$0.00B,$0.35B,0.0,$0.25B,$0.11B,41.73%,$0.25B,$-0.00B,-0.39%,$0.25B,$-0.00B,-0.39%,$0.25B,$0.01B,2.36%,$0.25B,$-0.00B,-1.57%,$0.25B,$-0.00B,-0.39%,$-0.00B,$0.35B,-0.29%,$-0.00B,$0.35B,-0.29%,$-0.00B,$0.38B,-0.26%,$-0.00B,$0.35B,-0.29%,$47,$31,$16,$10,$15,$56,$-9,$-2,$-11,$-4,$-7,$-7,$-7,$-8,$-9,$23,23,$-0.30,$-0.30,$217,$44,$0,$318,$13,$45,$0,$1,$65,$383,$36,$0,$0,$2,$38,$0,$195,$-0,$345,$383,$-7,$1,$5,$6,$9,$-5,$-6,$-3,$-11,$-11,$-1,$0,$0,$0,$15,$15,$0,$14,$0,$0,$0,$1,$1,$0,$0,$1,$3,$1,$0
13,2015-04-30,25.6,$14.97,1.71,$11.27,2.27,$3.30,7.76,$0.12,213.33,$0.33B,$0.05B,7.04,$0.00B,$0.35B,0.0,$0.26B,$0.10B,40.15%,$0.26B,$0.00B,0.77%,$0.26B,$0.00B,0.77%,$0.26B,$0.01B,3.86%,$0.26B,$0.00B,0.39%,$0.26B,$0.00B,0.77%,$0.00B,$0.35B,0.58%,$0.00B,$0.35B,0.58%,$0.00B,$0.40B,0.52%,$0.00B,$0.35B,0.58%,$86,$41,$45,$22,$16,$79,$7,$-0,$7,$-0,$7,$7,$7,$9,$7,$23,23,$0.32,$0.32,$229,$39,$0,$329,$13,$47,$0,$1,$68,$397,$47,$0,$0,$2,$49,$0,$202,$-1,$349,$397,$3,$8,$10,$18,$-8,$11,$5,$3,$18,$39,$-5,$-0,$0,$0,$-18,$-18,$0,$-24,$0,$0,$0,$1,$1,$0,$0,$1,$16,$4,$0
14,2015-01-31,25.59,$14.61,1.75,$10.77,2.38,$3.01,8.51,$0.16,159.94,$0.31B,$0.04B,7.1,$0.00B,$0.34B,0.0,$0.25B,$0.09B,36.18%,$0.25B,$0.00B,0.81%,$0.25B,$0.00B,0.81%,$0.25B,$0.01B,4.07%,$0.25B,$0.00B,1.63%,$0.25B,$0.00B,1.22%,$0.00B,$0.34B,0.88%,$0.00B,$0.34B,0.88%,$0.00B,$0.39B,0.78%,$0.00B,$0.34B,0.59%,$68,$41,$27,$9,$13,$63,$5,$-0,$5,$3,$2,$2,$2,$7,$5,$23,23,$0.10,$0.10,$204,$49,$0,$310,$16,$55,$0,$1,$77,$386,$44,$0,$1,$2,$46,$0,$195,$-1,$341,$386,$-4,$6,$6,$12,$-3,$2,$2,$4,$9,$17,$-2,$-0,$0,$0,$-17,$-17,$0,$-19,$0,$0,$0,$1,$1,$0,$0,$1,$-1,$3,$0
15,2014-10-31,30.65,$14.50,2.11,$10.84,2.83,$2.22,13.8,$0.55,55.73,$0.31B,$0.04B,7.21,$0.00B,$0.34B,0.0,$0.25B,$0.09B,36.03%,$0.25B,$0.01B,2.43%,$0.25B,$0.01B,2.43%,$0.25B,$0.01B,5.67%,$0.25B,$0.01B,5.26%,$0.25B,$0.01B,4.86%,$0.01B,$0.34B,3.57%,$0.01B,$0.34B,3.57%,$0.01B,$0.39B,3.16%,$0.01B,$0.34B,1.78%,$53,$35,$18,$9,$13,$57,$-4,$-0,$-5,$-2,$-3,$-3,$-3,$-2,$-4,$23,23,$-0.13,$-0.13,$207,$52,$0,$312,$17,$50,$0,$1,$75,$386,$43,$0,$4,$5,$48,$0,$193,$-1,$338,$386,$-7,$4,$4,$8,$5,$-1,$5,$1,$11,$12,$-1,$0,$0,$0,$-13,$-13,$0,$-14,$0,$0,$0,$1,$1,$0,$0,$1,$-1,$2,$0
16,2014-07-31,31.49,$14.59,2.16,$11.39,2.76,$1.04,30.43,$0.75,41.99,$0.31B,$0.03B,9.49,$0.00B,$0.34B,0.0,$0.26B,$0.10B,36.68%,$0.26B,$0.01B,5.41%,$0.26B,$0.01B,5.41%,$0.26B,$0.02B,8.49%,$0.26B,$0.02B,7.72%,$0.26B,$0.02B,6.56%,$0.02B,$0.34B,5.15%,$0.02B,$0.34B,5.15%,$0.02B,$0.38B,4.59%,$0.01B,$0.34B,4.24%,$52,$38,$14,$7,$13,$58,$-6,$1,$-6,$-2,$-4,$-4,$-4,$-4,$-6,$23,23,$-0.16,$-0.16,$225,$46,$0,$314,$18,$39,$0,$1,$65,$379,$33,$0,$4,$5,$38,$0,$195,$-0,$341,$379,$-4,$2,$1,$3,$12,$4,$-1,$-3,$16,$16,$-0,$0,$0,$0,$4,$4,$0,$4,$0,$0,$0,$1,$1,$0,$0,$1,$21,$1,$0
17,2014-04-30,33.77,$14.78,2.29,$11.10,3.04,$-0.45,0.0,$0.59,57.24,$0.31B,$0.04B,8.13,$0.00B,$0.34B,0.0,$0.25B,$0.09B,37.45%,$0.25B,$0.01B,5.18%,$0.25B,$0.01B,5.18%,$0.25B,$0.02B,8.37%,$0.25B,$0.02B,6.37%,$0.25B,$0.01B,5.58%,$0.01B,$0.34B,4.35%,$0.01B,$0.34B,4.35%,$0.01B,$0.39B,3.85%,$0.01B,$0.34B,4.04%,$73,$43,$30,$6,$17,$67,$7,$3,$10,$2,$8,$8,$8,$9,$7,$22,23,$0.36,$0.36,$198,$51,$0,$307,$20,$51,$0,$1,$78,$385,$38,$0,$4,$5,$42,$0,$199,$-0,$342,$385,$14,$9,$9,$18,$-12,$12,$-2,$-1,$2,$34,$-7,$-1,$0,$0,$18,$18,$0,$10,$0,$0,$0,$7,$7,$0,$0,$7,$52,$4,$0
18,2014-01-31,29.82,$14.26,2.09,$10.28,2.9,$-0.85,0.0,$0.20,149.1,$0.29B,$0.04B,8.04,$0.00B,$0.33B,0.0,$0.23B,$0.08B,35.34%,$0.23B,$-0.00B,0.00%,$0.23B,$-0.00B,0.00%,$0.23B,$0.01B,3.88%,$0.23B,$0.01B,2.59%,$0.23B,$0.01B,2.16%,$0.01B,$0.33B,1.59%,$0.01B,$0.33B,1.59%,$0.01B,$0.37B,1.40%,$-0.00B,$0.33B,0.00%,$69,$42,$27,$5,$13,$61,$9,$5,$14,$2,$11,$11,$11,$11,$9,$22,23,$0.50,$0.49,$168,$55,$0,$289,$24,$46,$0,$2,$78,$367,$36,$0,$5,$6,$42,$0,$191,$-1,$325,$367,$6,$7,$4,$11,$-20,$7,$-1,$-5,$-13,$3,$-7,$-1,$0,$0,$21,$21,$0,$13,$0,$0,$0,$1,$1,$0,$0,$1,$17,$3,$0
19,2013-10-31,27.11,$13.73,1.97,$9.36,2.9,$-0.77,0.0,$-0.12,0.0,$0.27B,$0.03B,7.98,$0.00B,$0.31B,0.0,$0.21B,$0.08B,35.71%,$0.21B,$-0.01B,-4.76%,$0.21B,$-0.01B,-4.76%,$0.21B,$-0.00B,-0.48%,$0.21B,$-0.01B,-4.29%,$0.21B,$-0.00B,-0.95%,$-0.00B,$0.31B,-0.64%,$-0.00B,$0.31B,-0.64%,$-0.00B,$0.35B,-0.56%,$-0.01B,$0.31B,-3.20%,$65,$41,$24,$7,$13,$61,$4,$-2,$2,$0,$2,$2,$2,$6,$4,$22,23,$0.07,$0.07,$144,$61,$0,$266,$26,$52,$0,$2,$85,$351,$33,$0,$5,$6,$39,$0,$180,$-1,$312,$351,$-6,$5,$8,$12,$-13,$2,$-4,$-5,$-16,$-10,$-6,$0,$-1,$0,$7,$7,$0,$0,$0,$0,$0,$0,$0,$0,$0,$0,$-9,$2,$0
20,2013-07-31,22.61,$13.62,1.66,$10.09,2.24,$-0.07,0.0,$0.20,113.05,$0.25B,$0.04B,6.8,$0.00B,$0.31B,0.0,$0.23B,$0.09B,38.67%,$0.23B,$-0.00B,-0.44%,$0.23B,$-0.00B,-0.44%,$0.23B,$0.01B,4.00%,$0.23B,$0.00B,0.89%,$0.23B,$0.01B,2.22%,$0.01B,$0.31B,1.60%,$0.01B,$0.31B,1.60%,$0.01B,$0.35B,1.40%,$-0.00B,$0.31B,-0.32%,$44,$32,$13,$7,$12,$51,$-7,$-3,$-10,$-3,$-7,$-7,$-7,$-5,$-7,$22,22,$-0.32,$-0.32,$129,$69,$0,$251,$27,$68,$0,$1,$101,$352,$37,$0,$5,$6,$43,$0,$178,$-1,$309,$352,$-7,$2,$4,$7,$2,$-6,$-3,$-2,$-13,$-13,$-4,$0,$0,$0,$7,$7,$0,$2,$0,$0,$0,$0,$0,$0,$0,$0,$-11,$1,$0
21,2013-04-30,19.36,$13.94,1.39,$10.78,1.8,$-0.20,0.0,$0.46,42.09,$0.26B,$0.04B,6.25,$0.00B,$0.32B,0.0,$0.24B,$0.09B,39.17%,$0.24B,$0.00B,1.67%,$0.24B,$0.00B,1.67%,$0.24B,$0.02B,6.25%,$0.24B,$0.01B,4.17%,$0.24B,$0.01B,4.58%,$0.01B,$0.32B,3.55%,$0.01B,$0.32B,3.55%,$0.01B,$0.36B,3.11%,$0.00B,$0.32B,1.29%,$54,$36,$18,$9,$14,$60,$-6,$6,$0,$1,$-1,$-1,$-1,$-3,$-6,$22,22,$-0.04,$-0.03,$149,$63,$0,$263,$24,$69,$0,$1,$98,$362,$42,$0,$3,$4,$46,$0,$185,$-1,$315,$362,$10,$11,$8,$19,$52,$-19,$-4,$-18,$-1,$29,$-12,$-1,$0,$0,$-6,$-6,$0,$-18,$0,$0,$0,$0,$0,$0,$-0,$0,$11,$3,$0
22,2013-01-31,21.65,$14.06,1.54,$13.32,1.62,$-0.81,0.0,$1.30,16.65,$0.27B,$0.04B,6.87,$0.00B,$0.32B,0.0,$0.30B,$0.13B,42.42%,$0.30B,$0.04B,12.12%,$0.30B,$0.04B,12.12%,$0.30B,$0.05B,15.49%,$0.30B,$0.04B,12.12%,$0.30B,$0.03B,10.10%,$0.03B,$0.32B,9.81%,$0.03B,$0.32B,9.81%,$0.03B,$0.36B,8.43%,$0.04B,$0.32B,11.77%,$47,$27,$20,$10,$10,$48,$-1,$0,$-1,$-5,$4,$4,$4,$1,$-1,$22,22,$0.17,$0.17,$134,$64,$0,$267,$22,$61,$0,$4,$92,$359,$39,$0,$4,$5,$44,$0,$186,$-1,$315,$359,$11,$8,$4,$12,$36,$-20,$-4,$-22,$-19,$5,$-7,$0,$-1,$0,$2,$2,$0,$-5,$0,$0,$0,$0,$0,$0,$0,$0,$-0,$3,$0
23,2012-10-31,21.99,$13.84,1.59,$14.45,1.52,$-0.97,0.0,$1.39,15.82,$0.26B,$0.04B,6.42,$0.00B,$0.31B,0.0,$0.32B,$0.13B,41.30%,$0.32B,$0.04B,13.66%,$0.32B,$0.04B,13.66%,$0.32B,$0.06B,17.08%,$0.32B,$0.04B,13.66%,$0.32B,$0.03B,9.94%,$0.03B,$0.31B,10.77%,$0.03B,$0.31B,10.77%,$0.03B,$0.36B,9.21%,$0.04B,$0.31B,14.81%,$80,$45,$36,$9,$13,$67,$13,$0,$13,$4,$9,$9,$9,$16,$13,$22,22,$0.40,$0.39,$135,$45,$0,$264,$22,$65,$0,$0,$92,$356,$41,$0,$4,$5,$46,$0,$182,$-1,$310,$356,$7,$6,$4,$10,$13,$-1,$-5,$-20,$-12,$5,$-5,$0,$0,$0,$6,$6,$0,$2,$0,$0,$0,$0,$0,$0,$0,$0,$7,$2,$0
24,2012-07-31,23.36,$13.44,1.74,$14.47,1.61,$-0.79,0.0,$1.30,17.97,$0.26B,$0.04B,7.03,$0.00B,$0.30B,0.0,$0.32B,$0.13B,39.75%,$0.32B,$0.04B,12.73%,$0.32B,$0.04B,12.73%,$0.32B,$0.05B,15.84%,$0.32B,$0.04B,12.73%,$0.32B,$0.03B,9.32%,$0.03B,$0.30B,10.43%,$0.03B,$0.30B,10.43%,$0.03B,$0.34B,8.84%,$0.04B,$0.30B,14.25%,$59,$39,$20,$8,$14,$61,$-2,$0,$-2,$-1,$-1,$-1,$-1,$1,$-2,$22,22,$-0.06,$-0.06,$123,$45,$0,$255,$23,$57,$0,$0,$86,$340,$36,$0,$4,$5,$41,$0,$174,$-1,$299,$340,$-1,$3,$1,$4,$10,$-1,$-7,$-21,$-21,$-18,$-3,$0,$0,$0,$9,$9,$0,$7,$0,$0,$0,$0,$0,$0,$0,$0,$-11,$1,$0
25,2012-04-30,24.32,$13.45,1.81,$14.58,1.67,$0.09,281.16,$1.37,17.75,$0.28B,$0.06B,4.44,$0.00B,$0.30B,0.0,$0.33B,$0.13B,40.00%,$0.33B,$0.04B,13.23%,$0.33B,$0.04B,13.23%,$0.33B,$0.05B,16.00%,$0.33B,$0.04B,13.54%,$0.33B,$0.03B,9.54%,$0.03B,$0.30B,11.10%,$0.03B,$0.30B,11.10%,$0.03B,$0.37B,9.41%,$0.04B,$0.30B,15.40%,$111,$61,$50,$7,$16,$85,$26,$0,$26,$8,$18,$18,$18,$28,$26,$22,22,$0.82,$0.79,$141,$44,$0,$280,$24,$58,$0,$0,$89,$369,$63,$0,$6,$7,$70,$0,$175,$-1,$299,$369,$30,$9,$2,$11,$-17,$-5,$-11,$11,$-23,$19,$-15,$0,$0,$0,$-2,$-2,$0,$-17,$0,$0,$0,$1,$1,$0,$0,$1,$2,$3,$0
26,2012-01-31,27.87,$12.63,2.21,$14.43,1.93,$0.98,28.5,$1.36,20.49,$0.26B,$0.04B,6.62,$0.00B,$0.28B,0.0,$0.32B,$0.13B,40.31%,$0.32B,$0.04B,13.13%,$0.32B,$0.04B,13.13%,$0.32B,$0.05B,16.25%,$0.32B,$0.04B,13.44%,$0.32B,$0.03B,9.69%,$0.03B,$0.28B,11.47%,$0.03B,$0.28B,11.47%,$0.03B,$0.33B,9.68%,$0.04B,$0.28B,15.54%,$72,$45,$27,$7,$13,$65,$7,$0,$7,$2,$6,$6,$6,$10,$7,$22,22,$0.26,$0.26,$154,$48,$0,$257,$21,$36,$0,$0,$67,$325,$39,$0,$5,$6,$45,$0,$157,$-1,$280,$325,$13,$6,$3,$9,$17,$-10,$-18,$-6,$-17,$5,$-10,$0,$0,$0,$8,$8,$0,$-2,$0,$0,$0,$1,$1,$0,$0,$1,$4,$2,$0
27,2011-10-31,33.03,$12.34,2.68,$15.02,2.2,$1.06,31.09,$1.62,20.39,$0.27B,$0.04B,6.19,$0.00B,$0.27B,0.0,$0.33B,$0.14B,40.96%,$0.33B,$0.05B,15.36%,$0.33B,$0.05B,15.36%,$0.33B,$0.06B,18.07%,$0.33B,$0.05B,15.66%,$0.33B,$0.04B,10.84%,$0.04B,$0.27B,13.78%,$0.04B,$0.27B,13.78%,$0.04B,$0.32B,11.53%,$0.05B,$0.27B,19.52%,$80,$50,$31,$9,$12,$71,$10,$0,$10,$3,$7,$7,$7,$12,$10,$22,22,$0.30,$0.30,$177,$41,$0,$272,$19,$23,$0,$0,$51,$323,$44,$0,$5,$6,$50,$0,$151,$-1,$273,$323,$7,$4,$2,$6,$19,$-3,$-12,$-7,$-3,$10,$-5,$0,$0,$0,$32,$32,$0,$26,$0,$0,$0,$0,$0,$0,$0,$0,$37,$2,$0
28,2011-07-31,28.83,$12.00,2.4,$14.31,2.01,$0.53,54.36,$1.33,21.68,$0.27B,$0.03B,8.96,$0.00B,$0.27B,0.0,$0.32B,$0.13B,40.19%,$0.32B,$0.04B,12.97%,$0.32B,$0.04B,12.97%,$0.32B,$0.05B,16.14%,$0.32B,$0.04B,13.29%,$0.32B,$0.03B,9.18%,$0.03B,$0.27B,11.55%,$0.03B,$0.27B,11.55%,$0.03B,$0.30B,9.65%,$0.04B,$0.27B,16.33%,$62,$40,$22,$8,$14,$62,$0,$0,$1,$0,$0,$0,$0,$2,$0,$22,22,$0.02,$0.01,$188,$38,$0,$267,$18,$6,$0,$0,$34,$301,$30,$0,$5,$6,$36,$0,$145,$-1,$265,$301,$0,$2,$1,$3,$31,$-0,$-19,$-13,$-2,$1,$-3,$0,$0,$0,$20,$20,$0,$17,$0,$0,$0,$0,$0,$0,$0,$0,$19,$1,$0
29,2011-04-30,28.65,$12.00,2.39,$13.29,2.16,$0.25,112.44,$1.16,24.7,$0.30B,$0.06B,4.87,$0.00B,$0.26B,0.0,$0.29B,$0.12B,40.07%,$0.29B,$0.03B,11.64%,$0.29B,$0.03B,11.64%,$0.29B,$0.04B,15.07%,$0.29B,$0.03B,11.64%,$0.29B,$0.03B,8.90%,$0.03B,$0.26B,10.72%,$0.03B,$0.26B,10.72%,$0.03B,$0.33B,8.96%,$0.03B,$0.26B,14.02%,$106,$57,$49,$11,$13,$81,$25,$0,$25,$8,$18,$18,$18,$28,$25,$22,22,$0.82,$0.80,$189,$38,$0,$303,$17,$6,$0,$0,$29,$332,$62,$0,$5,$6,$68,$0,$144,$-1,$263,$332,$26,$11,$4,$14,$-9,$-17,$11,$8,$-7,$33,$-10,$0,$0,$0,$9,$9,$0,$-1,$0,$0,$0,$1,$1,$0,$0,$1,$33,$2,$0
30,2011-01-31,28.2,$11.15,2.53,$13.01,2.17,$0.34,82.84,$1.08,26.11,$0.26B,$0.04B,5.85,$0.00B,$0.24B,0.0,$0.29B,$0.11B,38.95%,$0.29B,$0.03B,11.23%,$0.29B,$0.03B,11.23%,$0.29B,$0.04B,14.74%,$0.29B,$0.03B,11.58%,$0.29B,$0.02B,8.42%,$0.02B,$0.24B,10.21%,$0.02B,$0.24B,10.21%,$0.02B,$0.29B,8.64%,$0.03B,$0.24B,13.62%,$84,$50,$34,$8,$11,$69,$16,$0,$16,$4,$11,$11,$11,$18,$16,$22,22,$0.53,$0.52,$162,$29,$0,$259,$18,$6,$0,$0,$34,$293,$44,$0,$3,$4,$49,$0,$127,$-1,$244,$293,$8,$8,$2,$10,$-7,$-8,$3,$-4,$-16,$3,$-6,$0,$0,$0,$13,$13,$0,$7,$0,$0,$0,$0,$0,$0,$0,$0,$10,$2,$0
31,2010-10-31,23.46,$10.61,2.21,$11.96,1.96,$-0.39,0.0,$0.86,27.28,$0.24B,$0.04B,6.01,$0.00B,$0.23B,0.0,$0.26B,$0.10B,38.17%,$0.26B,$0.02B,9.16%,$0.26B,$0.02B,9.16%,$0.26B,$0.04B,13.36%,$0.26B,$0.03B,9.92%,$0.26B,$0.02B,7.63%,$0.02B,$0.23B,8.77%,$0.02B,$0.23B,8.77%,$0.02B,$0.28B,7.47%,$0.02B,$0.23B,10.53%,$64,$42,$22,$9,$13,$63,$0,$0,$0,$0,$0,$0,$0,$3,$0,$22,22,$0.01,$0.01,$157,$29,$0,$242,$18,$6,$0,$0,$34,$276,$40,$0,$3,$4,$45,$0,$115,$-1,$232,$276,$-3,$5,$1,$7,$7,$-8,$2,$-6,$-7,$-4,$-3,$0,$0,$0,$55,$55,$0,$52,$0,$0,$0,$0,$0,$0,$0,$0,$48,$1,$0
32,2010-07-31,23.91,$10.59,2.26,$11.40,2.1,$-0.69,0.0,$0.95,25.17,$0.23B,$0.03B,9.02,$0.00B,$0.23B,0.0,$0.25B,$0.10B,39.36%,$0.25B,$0.03B,10.84%,$0.25B,$0.03B,10.84%,$0.25B,$0.04B,15.26%,$0.25B,$0.03B,11.65%,$0.25B,$0.02B,8.84%,$0.02B,$0.23B,9.91%,$0.02B,$0.23B,9.91%,$0.02B,$0.26B,8.45%,$0.03B,$0.23B,12.16%,$38,$26,$12,$8,$11,$46,$-7,$0,$-7,$-4,$-3,$-3,$-3,$-5,$-7,$22,22,$-0.16,$-0.16,$158,$28,$0,$225,$19,$6,$0,$0,$35,$260,$25,$0,$3,$4,$29,$0,$115,$-1,$231,$260,$-3,$3,$1,$3,$24,$-7,$-8,$-11,$-5,$-5,$-2,$0,$0,$0,$24,$24,$0,$22,$0,$0,$0,$0,$0,$0,$0,$0,$17,$1,$0
33,2010-04-30,26.18,$10.74,2.44,$11.41,2.29,$-0.26,0.0,$0.94,27.85,$0.25B,$0.04B,5.57,$0.00B,$0.23B,0.0,$0.25B,$0.10B,38.96%,$0.25B,$0.03B,11.65%,$0.25B,$0.03B,11.65%,$0.25B,$0.04B,15.66%,$0.25B,$0.03B,12.45%,$0.25B,$0.02B,8.43%,$0.02B,$0.23B,9.74%,$0.02B,$0.23B,9.74%,$0.02B,$0.28B,8.26%,$0.03B,$0.23B,13.46%,$99,$56,$43,$8,$12,$76,$23,$0,$24,$8,$16,$16,$16,$26,$23,$21,22,$0.74,$0.71,$164,$21,$0,$246,$20,$7,$0,$0,$36,$282,$44,$0,$3,$4,$49,$0,$119,$-1,$233,$282,$21,$9,$5,$14,$5,$-9,$-4,$7,$2,$36,$-11,$0,$0,$0,$-114,$-114,$0,$-125,$0,$0,$0,$1,$1,$0,$0,$1,$-88,$2,$0
34,2010-01-31,34.07,$9.99,3.41,$10.38,3.28,$-0.19,0.0,$0.50,68.14,$0.22B,$0.03B,6.81,$0.00B,$0.22B,0.0,$0.23B,$0.08B,35.40%,$0.23B,$0.02B,6.64%,$0.23B,$0.02B,6.64%,$0.23B,$0.02B,10.62%,$0.23B,$0.02B,7.08%,$0.23B,$0.01B,4.87%,$0.01B,$0.22B,5.26%,$0.01B,$0.22B,5.26%,$0.01B,$0.25B,4.45%,$0.02B,$0.22B,7.18%,$61,$37,$23,$5,$10,$52,$8,$0,$9,$2,$7,$7,$7,$11,$8,$21,22,$0.30,$0.30,$120,$30,$0,$221,$19,$7,$0,$0,$32,$253,$32,$0,$3,$5,$37,$0,$103,$-1,$216,$253,$5,$6,$3,$9,$2,$-18,$-7,$-3,$-26,$-12,$-8,$0,$0,$0,$-45,$-45,$0,$-53,$0,$0,$0,$1,$1,$0,$0,$1,$-64,$1,$0
35,2009-10-31,26.66,$9.65,2.76,$9.98,2.67,$1.22,21.81,$0.41,65.02,$0.21B,$0.03B,6.9,$0.00B,$0.21B,0.0,$0.22B,$0.07B,34.10%,$0.22B,$0.01B,5.07%,$0.22B,$0.01B,5.07%,$0.22B,$0.02B,8.76%,$0.22B,$0.01B,5.07%,$0.22B,$0.01B,4.15%,$0.01B,$0.21B,4.38%,$0.01B,$0.21B,4.38%,$0.01B,$0.25B,3.73%,$0.01B,$0.21B,5.36%,$51,$32,$20,$6,$11,$48,$3,$0,$3,$1,$2,$2,$2,$6,$3,$21,22,$0.10,$0.10,$125,$25,$0,$213,$20,$7,$0,$0,$33,$246,$31,$0,$6,$7,$38,$0,$96,$-1,$208,$246,$-1,$4,$1,$5,$10,$-14,$-8,$0,$-12,$-8,$-6,$0,$0,$0,$-5,$-5,$0,$-10,$0,$0,$0,$0,$0,$0,$0,$1,$-18,$1,$0
36,2009-07-31,28.44,$9.52,2.99,$10.65,2.67,$2.12,13.4,$0.72,39.5,$0.20B,$0.02B,8.64,$0.00B,$0.21B,0.0,$0.23B,$0.08B,34.05%,$0.23B,$0.02B,8.62%,$0.23B,$0.02B,8.62%,$0.23B,$0.03B,11.21%,$0.23B,$0.02B,9.05%,$0.23B,$0.02B,6.90%,$0.02B,$0.21B,7.94%,$0.02B,$0.21B,7.94%,$0.02B,$0.24B,6.81%,$0.02B,$0.21B,9.93%,$38,$27,$11,$6,$10,$43,$-5,$0,$-5,$-2,$-4,$-4,$-4,$-4,$-5,$21,21,$-0.17,$-0.17,$141,$19,$0,$204,$19,$7,$0,$0,$32,$236,$24,$0,$6,$7,$31,$0,$94,$-1,$205,$236,$-4,$2,$1,$2,$31,$-8,$-12,$-3,$6,$4,$-2,$0,$0,$0,$-6,$-6,$0,$-8,$0,$0,$0,$0,$0,$0,$0,$0,$-3,$0,$0
37,2009-04-30,23.66,$9.66,2.45,$11.35,2.09,$1.77,13.36,$1.11,21.32,$0.22B,$0.04B,5.73,$0.00B,$0.21B,0.0,$0.25B,$0.09B,35.89%,$0.25B,$0.03B,12.90%,$0.25B,$0.03B,12.90%,$0.25B,$0.04B,15.32%,$0.25B,$0.03B,13.71%,$0.25B,$0.03B,10.08%,$0.03B,$0.21B,12.77%,$0.03B,$0.21B,12.77%,$0.03B,$0.25B,11.01%,$0.03B,$0.21B,16.35%,$76,$50,$26,$7,$10,$67,$9,$0,$9,$3,$6,$6,$6,$11,$9,$21,22,$0.28,$0.27,$138,$12,$0,$221,$18,$7,$0,$0,$32,$253,$39,$0,$6,$7,$46,$0,$98,$-1,$207,$253,$24,$5,$8,$14,$-12,$4,$10,$1,$2,$40,$-13,$0,$0,$0,$-16,$-16,$0,$-29,$0,$0,$0,$1,$1,$0,$0,$1,$11,$1,$0
38,2009-01-31,37.06,$9.42,3.94,$10.86,3.41,$0.91,40.8,$1.14,32.51,$0.20B,$0.03B,7.25,$0.00B,$0.20B,0.0,$0.24B,$0.09B,36.44%,$0.24B,$0.03B,13.56%,$0.24B,$0.03B,13.56%,$0.24B,$0.04B,15.68%,$0.24B,$0.04B,14.83%,$0.24B,$0.03B,10.59%,$0.03B,$0.20B,13.40%,$0.03B,$0.20B,13.40%,$0.03B,$0.23B,11.63%,$0.03B,$0.20B,17.16%,$52,$36,$17,$5,$8,$48,$4,$0,$4,$-0,$5,$5,$5,$6,$4,$21,22,$0.21,$0.21,$123,$20,$0,$204,$16,$7,$0,$0,$26,$230,$28,$0,$0,$1,$30,$0,$92,$-1,$201,$230,$18,$4,$12,$15,$-3,$-4,$2,$-1,$-13,$21,$-9,$0,$0,$0,$-16,$-16,$0,$-25,$0,$0,$0,$1,$1,$0,$0,$1,$-3,$1,$0
39,2008-10-31,35.92,$9.16,3.92,$10.75,3.34,$0.37,96.3,$1.21,29.69,$0.20B,$0.03B,7.43,$0.00B,$0.19B,0.0,$0.23B,$0.09B,38.20%,$0.23B,$0.04B,15.45%,$0.23B,$0.04B,15.45%,$0.23B,$0.04B,17.17%,$0.23B,$0.04B,17.17%,$0.23B,$0.03B,11.16%,$0.03B,$0.19B,14.69%,$0.03B,$0.19B,14.69%,$0.03B,$0.22B,12.70%,$0.04B,$0.19B,20.34%,$66,$41,$25,$5,$8,$54,$12,$0,$13,$4,$9,$9,$9,$13,$12,$21,22,$0.43,$0.41,$117,$19,$0,$196,$14,$8,$0,$0,$25,$221,$26,$0,$0,$1,$28,$0,$87,$0,$193,$221,$14,$2,$9,$11,$-6,$-3,$-0,$-1,$-14,$11,$-6,$0,$0,$0,$5,$5,$0,$-0,$0,$0,$0,$1,$1,$0,$0,$1,$12,$0,$0
40,2008-07-31,32.63,$8.68,3.76,$10.26,3.18,$-0.04,0.0,$1.04,31.38,$0.19B,$0.02B,8.69,$0.00B,$0.18B,0.0,$0.22B,$0.08B,37.56%,$0.22B,$0.03B,14.03%,$0.22B,$0.03B,14.03%,$0.22B,$0.03B,15.38%,$0.22B,$0.04B,15.84%,$0.22B,$0.02B,9.95%,$0.02B,$0.18B,13.11%,$0.02B,$0.18B,13.11%,$0.02B,$0.20B,11.34%,$0.03B,$0.18B,18.48%,$54,$33,$21,$5,$8,$46,$7,$1,$8,$3,$5,$5,$5,$8,$7,$21,22,$0.23,$0.22,$113,$21,$0,$190,$12,$0,$0,$0,$14,$204,$22,$0,$0,$1,$23,$0,$78,$0,$182,$204,$5,$1,$7,$8,$-0,$-5,$-2,$-4,$-16,$-3,$-2,$0,$0,$0,$5,$5,$0,$3,$0,$0,$0,$0,$0,$0,$0,$0,$-0,$0,$0
41,2008-04-30,23.91,$8.23,2.9,$10.11,2.36,$-0.20,0.0,$1.00,23.91,$0.19B,$0.03B,6.4,$0.00B,$0.17B,0.0,$0.22B,$0.08B,36.57%,$0.22B,$0.03B,13.43%,$0.22B,$0.03B,13.43%,$0.22B,$0.03B,14.81%,$0.22B,$0.03B,15.28%,$0.22B,$0.02B,9.72%,$0.02B,$0.17B,13.29%,$0.02B,$0.17B,13.29%,$0.02B,$0.21B,11.35%,$0.03B,$0.17B,18.35%,$64,$41,$23,$5,$9,$55,$9,$1,$10,$3,$6,$6,$6,$10,$9,$20,21,$0.32,$0.30,$118,$16,$0,$192,$10,$0,$0,$0,$13,$205,$30,$0,$5,$5,$35,$0,$74,$0,$170,$205,$21,$4,$8,$12,$-16,$-2,$-2,$5,$-18,$16,$-8,$0,$0,$0,$75,$75,$0,$67,$0,$0,$0,$1,$1,$0,$0,$2,$84,$0,$0
42,2008-01-31,23.01,$8.08,2.85,$10.09,2.28,$0.16,147.69,$0.97,23.72,$0.18B,$0.03B,7.12,$0.00B,$0.16B,0.0,$0.20B,$0.08B,36.95%,$0.20B,$0.03B,13.30%,$0.20B,$0.03B,13.30%,$0.20B,$0.03B,14.78%,$0.20B,$0.03B,15.76%,$0.20B,$0.02B,10.34%,$0.02B,$0.16B,14.05%,$0.02B,$0.16B,14.05%,$0.02B,$0.19B,11.95%,$0.03B,$0.16B,18.06%,$49,$29,$20,$4,$8,$41,$8,$1,$9,$3,$6,$6,$6,$9,$8,$20,22,$0.30,$0.28,$111,$17,$0,$178,$10,$0,$0,$0,$11,$189,$25,$0,$0,$1,$26,$0,$67,$0,$163,$189,$15,$3,$11,$14,$-10,$-3,$-3,$-3,$-22,$7,$-7,$0,$0,$0,$58,$58,$0,$51,$0,$0,$0,$1,$1,$0,$-0,$1,$59,$0,$0
43,2007-10-31,25.73,$7.76,3.32,$10.78,2.39,$0.84,30.49,$1.26,20.42,$0.17B,$0.02B,8.06,$0.00B,$0.16B,0.0,$0.20B,$0.08B,37.50%,$0.20B,$0.03B,16.00%,$0.20B,$0.03B,16.00%,$0.20B,$0.04B,17.50%,$0.20B,$0.04B,18.00%,$0.20B,$0.02B,12.00%,$0.02B,$0.16B,16.99%,$0.02B,$0.16B,16.99%,$0.02B,$0.18B,14.31%,$0.03B,$0.16B,22.65%,$54,$35,$19,$4,$9,$47,$7,$1,$8,$3,$5,$5,$5,$7,$7,$20,21,$0.26,$0.24,$107,$13,$0,$167,$10,$0,$0,$0,$11,$178,$21,$0,$0,$1,$22,$0,$61,$0,$156,$178,$9,$2,$10,$12,$-5,$1,$-5,$-6,$-19,$2,$-5,$0,$0,$0,$-4,$-4,$0,$-9,$0,$0,$0,$1,$1,$0,$-0,$1,$-7,$0,$0
