,Date,Stock Price,Book Value per Share,Price to Book Ratio,TTM Sales per Share,Price to Sales Ratio,TTM FCF per Share,Price to FCF Ratio,TTM Net EPS,PE Ratio,Current Assets,Current Liabilities,Current Ratio,Long Term Debt,Shareholder's Equity_x,Debt to Equity Ratio,TTM Revenue_x,TTM Gross Profit,Gross Margin,TTM Revenue_y,TTM Operating Income,Operating Margin,TTM Revenue_x,TTM EBIT,EBIT Margin,TTM Revenue_y,TTM EBITDA,EBITDA Margin,TTM Revenue_x,TTM Pre-Tax Income,Pre-Tax Margin,TTM Revenue_y,TTM Net Income_x,Net Margin,TTM Net Income_y,Shareholder's Equity_y,Return on Equity,TTM Net Income_x,Tangible Equity,Return on Tangible Equity,TTM Net Income_y,Total Assets,Return on Assets,TTM Net Income,LT Investments & Debt,Return on Investment,revenue,cost-goods-sold,gross-profit,research-development-expenses,selling-general-administrative-expenses,operating-expenses,operating-income,total-non-operating-income-expense,pre-tax-income,total-provision-income-taxes,income-after-taxes,income-from-continuous-operations,net-income,ebitda,ebit,basic-shares-outstanding,shares-outstanding,eps-basic-net-earnings-per-share,eps-earnings-per-share-diluted,cash-on-hand,inventory,other-current-assets,total-current-assets,net-property-plant-equipment,long-term-investments,goodwill-intangible-assets-total,other-long-term-assets,total-long-term-assets,total-assets,total-current-liabilities,long-term-debt,other-non-current-liabilities,total-long-term-liabilities,total-liabilities,common-stock-net,retained-earnings-accumulated-deficit,comprehensive-income,total-share-holder-equity,total-liabilities-share-holders-equity,net-income-loss,total-depreciation-amortization-cash-flow,other-non-cash-items,total-non-cash-items,change-in-accounts-receivable,change-in-inventories,change-in-accounts-payable,change-in-assets-liabilities,total-change-in-assets-liabilities,cash-flow-from-operating-activities,net-change-in-property-plant-equipment,net-change-in-intangible-assets,net-acquisitions-divestitures,net-change-in-short-term-investments,net-change-in-long-term-investments,net-change-in-investments-total,investing-activities-other,cash-flow-from-investing-activities,net-long-term-debt,net-current-debt,debt-issuance-retirement-net-total,net-common-equity-issued-repurchased,net-total-equity-issued-repurchased,total-common-preferred-stock-dividends-paid,financial-activities-other,cash-flow-from-financial-activities,net-cash-flow,stock-based-compensation,common-stock-dividends-paid
0,2018-09-30,18.0,$10.84,1.66,$14.64,1.23,$0.75,24.06,$0.63,28.57,$0.32B,$0.14B,2.33,$0.10B,$0.33B,0.3,$0.44B,$0.17B,39.64%,$0.44B,$0.04B,8.43%,$0.44B,$0.04B,8.43%,$0.44B,$0.06B,13.67%,$0.44B,$0.03B,7.74%,$0.44B,$0.03B,5.92%,$0.03B,$0.33B,8.20%,$0.03B,$0.13B,22.22%,$0.03B,$0.59B,4.61%,$0.04B,$0.43B,9.21%,$112,$66,$45,$0,$0,$100,$12,$-1,$11,$4,$7,$6,$7,$18,$12,$29,30,$0.22,$0.22,$9,$163,$0,$321,$48,$0,$197,$24,$269,$590,$138,$97,$9,$123,$261,$3,$256,$-4,$329,$590,$17,$18,$5,$23,$-24,$-39,$6,$-15,$-55,$-15,$-5,$-2,$0,$0,$0,$0,$0,$-7,$20,$0,$20,$2,$2,$-2,$0,$20,$-2,$4,$-2
1,2018-06-30,22.95,$10.57,2.17,$13.96,1.64,$1.85,12.39,$0.77,29.81,$0.29B,$0.14B,2.05,$0.07B,$0.32B,0.23,$0.42B,$0.17B,40.05%,$0.42B,$0.03B,7.43%,$0.42B,$0.03B,7.43%,$0.42B,$0.05B,12.95%,$0.42B,$0.03B,6.95%,$0.42B,$0.02B,5.52%,$0.02B,$0.32B,7.44%,$0.02B,$0.12B,18.70%,$0.02B,$0.56B,4.31%,$0.03B,$0.39B,8.08%,$107,$64,$43,$0,$0,$98,$9,$-1,$8,$2,$6,$6,$6,$14,$9,$29,30,$0.19,$0.19,$7,$163,$0,$289,$48,$0,$199,$26,$274,$562,$141,$74,$10,$101,$242,$3,$250,$-5,$320,$562,$10,$12,$3,$15,$5,$-40,$11,$-8,$-22,$4,$-3,$-2,$0,$0,$0,$0,$0,$-5,$-3,$0,$-3,$1,$1,$-1,$0,$-3,$-4,$3,$-1
2,2018-03-31,20.18,$10.40,1.94,$13.05,1.55,$2.85,7.09,$0.73,27.65,$0.29B,$0.14B,2.15,$0.09B,$0.31B,0.29,$0.39B,$0.16B,40.72%,$0.39B,$0.03B,7.47%,$0.39B,$0.03B,7.47%,$0.39B,$0.05B,13.40%,$0.39B,$0.03B,6.96%,$0.39B,$0.02B,5.41%,$0.02B,$0.31B,6.95%,$0.02B,$0.11B,15.79%,$0.02B,$0.57B,4.20%,$0.03B,$0.40B,7.95%,$104,$63,$41,$0,$0,$97,$7,$-1,$7,$2,$5,$5,$5,$14,$7,$29,30,$0.16,$0.16,$13,$143,$0,$290,$49,$0,$201,$27,$277,$567,$135,$90,$10,$118,$253,$3,$245,$-4,$314,$567,$5,$6,$2,$8,$-9,$-20,$10,$-3,$-22,$-9,$-2,$-1,$0,$0,$0,$0,$0,$-2,$13,$0,$13,$1,$1,$-0,$0,$13,$2,$1,$-0
3,2017-12-31,19.61,$10.25,1.91,$11.96,1.64,$3.68,5.33,$0.69,28.42,$0.26B,$0.13B,2.02,$0.08B,$0.31B,0.25,$0.36B,$0.15B,41.41%,$0.36B,$0.03B,7.61%,$0.36B,$0.03B,7.61%,$0.36B,$0.05B,13.80%,$0.36B,$0.03B,7.04%,$0.36B,$0.02B,5.35%,$0.02B,$0.31B,6.44%,$0.02B,$0.10B,12.95%,$0.02B,$0.54B,4.10%,$0.03B,$0.38B,7.87%,$116,$72,$45,$0,$0,$108,$9,$-1,$8,$-1,$8,$8,$8,$14,$9,$29,30,$0.29,$0.27,$11,$123,$0,$255,$49,$0,$203,$28,$281,$536,$126,$77,$10,$104,$230,$3,$239,$-5,$305,$536,$20,$22,$5,$27,$1,$16,$3,$11,$11,$59,$-7,$-82,$0,$0,$-1,$-1,$0,$-90,$37,$0,$37,$-1,$-1,$-2,$-1,$34,$3,$5,$-2
4,2017-09-30,22.82,$9.96,2.29,$11.01,2.07,$3.14,7.27,$0.54,42.27,$0.25B,$0.11B,2.37,$0.06B,$0.30B,0.19,$0.33B,$0.14B,42.33%,$0.33B,$0.02B,7.36%,$0.33B,$0.02B,7.36%,$0.33B,$0.05B,14.11%,$0.33B,$0.02B,7.06%,$0.33B,$0.02B,4.60%,$0.02B,$0.30B,5.18%,$0.02B,$0.16B,9.29%,$0.02B,$0.47B,3.43%,$0.02B,$0.35B,7.32%,$90,$52,$38,$0,$0,$84,$6,$-0,$6,$2,$4,$4,$4,$12,$6,$29,30,$0.14,$0.14,$9,$123,$0,$250,$49,$0,$141,$29,$220,$469,$105,$57,$3,$67,$172,$3,$231,$-4,$297,$469,$12,$16,$4,$20,$-16,$-2,$5,$-8,$-14,$18,$-5,$-26,$0,$0,$-1,$-1,$0,$-32,$17,$0,$17,$-1,$-1,$-1,$0,$15,$1,$4,$-1
5,2017-06-30,17.19,$9.80,1.75,$10.79,1.59,$3.72,4.62,$0.50,34.39,$0.21B,$0.10B,2.18,$0.03B,$0.29B,0.09,$0.32B,$0.13B,41.82%,$0.32B,$0.02B,7.23%,$0.32B,$0.02B,7.23%,$0.32B,$0.04B,13.84%,$0.32B,$0.02B,6.60%,$0.32B,$0.01B,4.40%,$0.01B,$0.29B,4.92%,$0.01B,$0.16B,8.68%,$0.01B,$0.43B,3.21%,$0.02B,$0.32B,7.18%,$78,$44,$34,$0,$0,$71,$7,$-0,$6,$2,$5,$5,$4,$12,$7,$29,30,$0.15,$0.15,$8,$127,$0,$214,$50,$0,$131,$30,$211,$426,$98,$26,$3,$36,$134,$3,$227,$-4,$292,$426,$8,$11,$2,$13,$21,$-6,$1,$-5,$13,$34,$-4,$-13,$0,$0,$-1,$-1,$0,$-19,$-14,$0,$-14,$-1,$-1,$-1,$0,$-16,$-0,$2,$-1
6,2017-03-31,16.53,$9.66,1.71,$10.63,1.56,$3.52,4.7,$0.46,35.94,$0.22B,$0.10B,2.32,$0.03B,$0.29B,0.1,$0.31B,$0.13B,41.53%,$0.31B,$0.02B,6.71%,$0.31B,$0.02B,6.71%,$0.31B,$0.04B,13.42%,$0.31B,$0.02B,6.39%,$0.31B,$0.01B,4.15%,$0.01B,$0.29B,4.63%,$0.01B,$0.17B,8.21%,$0.01B,$0.42B,2.93%,$0.02B,$0.32B,6.53%,$71,$41,$30,$0,$0,$66,$5,$-0,$5,$1,$3,$3,$3,$11,$5,$29,30,$0.12,$0.12,$11,$122,$0,$222,$51,$0,$120,$30,$201,$423,$96,$30,$3,$40,$135,$3,$223,$-4,$287,$423,$3,$5,$1,$6,$11,$-1,$-3,$-2,$7,$17,$-3,$-0,$0,$0,$0,$0,$0,$-3,$-11,$0,$-11,$0,$0,$-0,$0,$-11,$3,$1,$-0
7,2016-12-31,19.05,$9.61,1.98,$10.62,1.79,$3.35,5.69,$0.44,43.3,$0.23B,$0.10B,2.34,$0.04B,$0.28B,0.15,$0.31B,$0.13B,41.16%,$0.31B,$0.02B,6.75%,$0.31B,$0.02B,6.75%,$0.31B,$0.04B,13.18%,$0.31B,$0.02B,6.11%,$0.31B,$0.01B,4.18%,$0.01B,$0.28B,4.70%,$0.01B,$0.16B,8.54%,$0.01B,$0.43B,2.86%,$0.02B,$0.32B,6.43%,$87,$51,$36,$0,$0,$81,$6,$-0,$6,$2,$4,$4,$4,$11,$6,$29,29,$0.13,$0.13,$8,$121,$0,$227,$50,$0,$121,$31,$203,$430,$97,$41,$3,$51,$148,$3,$220,$-5,$282,$430,$13,$22,$3,$25,$-12,$16,$9,$-9,$9,$46,$-11,$-0,$0,$0,$-3,$-3,$0,$-14,$-28,$0,$-28,$0,$0,$-1,$0,$-29,$2,$3,$-1
8,2016-09-30,15.96,$9.48,1.68,$10.51,1.52,$4.58,3.48,$0.41,38.93,$0.26B,$0.11B,2.4,$0.04B,$0.28B,0.16,$0.31B,$0.12B,39.94%,$0.31B,$0.02B,6.49%,$0.31B,$0.02B,6.49%,$0.31B,$0.04B,12.99%,$0.31B,$0.02B,5.52%,$0.31B,$0.01B,3.90%,$0.01B,$0.28B,4.39%,$0.01B,$0.16B,8.18%,$0.01B,$0.46B,2.63%,$0.02B,$0.32B,6.06%,$82,$49,$33,$0,$0,$78,$5,$-0,$4,$1,$3,$3,$3,$10,$5,$29,29,$0.10,$0.10,$7,$142,$0,$263,$48,$0,$123,$29,$200,$463,$110,$44,$3,$75,$185,$3,$217,$-4,$278,$463,$9,$16,$2,$18,$-19,$-5,$38,$-10,$9,$36,$-6,$-0,$0,$0,$-3,$-3,$0,$-10,$-25,$0,$-25,$0,$0,$-0,$0,$-25,$1,$2,$-0
9,2016-06-30,15.02,$9.37,1.6,$10.19,1.47,$5.15,2.91,$0.40,37.54,$0.26B,$0.11B,2.47,$0.05B,$0.28B,0.18,$0.30B,$0.12B,40.60%,$0.30B,$0.02B,6.71%,$0.30B,$0.02B,6.71%,$0.30B,$0.04B,13.76%,$0.30B,$0.02B,6.04%,$0.30B,$0.01B,4.03%,$0.01B,$0.28B,4.44%,$0.01B,$0.15B,8.48%,$0.01B,$0.46B,2.59%,$0.02B,$0.32B,5.94%,$73,$41,$31,$0,$0,$68,$5,$-0,$5,$1,$3,$3,$3,$10,$5,$29,29,$0.11,$0.11,$6,$151,$0,$259,$45,$0,$125,$30,$201,$460,$105,$50,$3,$80,$185,$3,$214,$-4,$275,$460,$6,$11,$1,$12,$-4,$-15,$28,$-5,$7,$25,$-2,$-0,$0,$0,$-3,$-3,$0,$-5,$-19,$0,$-19,$-0,$-0,$0,$0,$-19,$0,$1,$0
10,2016-03-31,15.67,$9.32,1.68,$9.99,1.57,$5.73,2.74,$0.32,48.97,$0.26B,$0.10B,2.7,$0.07B,$0.27B,0.24,$0.29B,$0.12B,39.38%,$0.29B,$0.02B,5.48%,$0.29B,$0.02B,5.48%,$0.29B,$0.04B,13.01%,$0.29B,$0.01B,4.79%,$0.29B,$0.01B,3.42%,$0.01B,$0.27B,3.75%,$0.01B,$0.14B,7.31%,$0.01B,$0.46B,2.12%,$0.02B,$0.34B,4.66%,$69,$42,$28,$0,$0,$65,$5,$-1,$4,$1,$3,$3,$3,$10,$5,$29,29,$0.10,$0.10,$8,$144,$0,$258,$46,$0,$127,$32,$205,$464,$96,$66,$3,$96,$192,$3,$211,$-3,$272,$464,$3,$5,$1,$6,$-10,$-8,$13,$-3,$1,$10,$-1,$0,$0,$0,$-3,$-3,$0,$-4,$-3,$0,$-3,$-0,$-0,$0,$0,$-3,$2,$0,$0
11,2015-12-31,13.91,$9.19,1.51,$9.93,1.4,$6.06,2.3,$0.22,63.24,$0.23B,$0.09B,2.58,$0.07B,$0.27B,0.26,$0.29B,$0.11B,38.62%,$0.29B,$0.01B,3.79%,$0.29B,$0.01B,3.79%,$0.29B,$0.03B,11.72%,$0.29B,$0.01B,3.45%,$0.29B,$0.01B,2.41%,$0.01B,$0.27B,2.65%,$0.01B,$0.14B,4.96%,$0.01B,$0.44B,1.48%,$0.01B,$0.34B,3.19%,$84,$53,$31,$0,$0,$79,$5,$-1,$4,$1,$3,$3,$3,$10,$5,$29,29,$0.10,$0.11,$6,$136,$0,$229,$48,$0,$129,$30,$207,$435,$89,$68,$3,$78,$167,$3,$209,$-4,$268,$435,$6,$22,$5,$26,$13,$29,$-5,$10,$46,$79,$-7,$-37,$0,$0,$-0,$-0,$0,$-44,$-32,$0,$-32,$0,$0,$-1,$0,$-33,$1,$4,$-1
12,2015-09-30,11.48,$9.10,1.26,$9.74,1.18,$2.18,5.26,$0.18,63.78,$0.28B,$0.12B,2.47,$0.08B,$0.27B,0.31,$0.28B,$0.11B,39.44%,$0.28B,$0.01B,2.46%,$0.28B,$0.01B,2.46%,$0.28B,$0.03B,10.92%,$0.28B,$0.01B,2.46%,$0.28B,$0.01B,2.11%,$0.01B,$0.27B,2.29%,$0.01B,$0.13B,4.09%,$0.01B,$0.49B,1.24%,$0.01B,$0.35B,1.99%,$72,$41,$31,$0,$0,$67,$5,$-1,$5,$2,$3,$3,$3,$11,$5,$29,29,$0.10,$0.09,$5,$161,$0,$284,$48,$0,$131,$31,$210,$494,$115,$83,$3,$114,$228,$3,$206,$-3,$265,$494,$3,$16,$4,$20,$-6,$4,$24,$0,$29,$52,$-5,$-36,$0,$0,$-0,$-0,$0,$-42,$-7,$0,$-7,$0,$0,$-1,$0,$-8,$1,$3,$-1
13,2015-06-30,13.7,$9.01,1.52,$9.76,1.4,$-0.79,0.0,$0.12,114.2,$0.28B,$0.11B,2.5,$0.09B,$0.26B,0.33,$0.28B,$0.11B,38.38%,$0.28B,$0.00B,1.06%,$0.28B,$0.00B,1.06%,$0.28B,$0.03B,9.15%,$0.28B,$0.00B,0.70%,$0.28B,$0.00B,1.41%,$0.00B,$0.26B,1.53%,$0.00B,$0.13B,2.62%,$0.00B,$0.49B,0.83%,$0.00B,$0.35B,0.85%,$67,$41,$25,$0,$0,$65,$1,$-1,$1,$-0,$1,$1,$1,$7,$1,$29,29,$0.03,$0.03,$5,$165,$0,$278,$49,$0,$133,$32,$215,$493,$111,$88,$3,$119,$230,$3,$203,$-3,$263,$493,$1,$11,$3,$13,$9,$0,$17,$4,$30,$44,$-3,$-36,$0,$0,$-0,$-0,$0,$-40,$-2,$0,$-2,$-0,$-0,$-1,$0,$-3,$0,$2,$-1
14,2015-03-31,10.55,$8.95,1.18,$9.85,1.07,$-3.32,0.0,$0.10,105.46,$0.29B,$0.09B,3.07,$0.09B,$0.26B,0.33,$0.29B,$0.11B,38.60%,$0.29B,$0.00B,1.05%,$0.29B,$0.00B,1.05%,$0.29B,$0.03B,9.12%,$0.29B,$0.00B,0.35%,$0.29B,$0.00B,1.05%,$0.00B,$0.26B,1.15%,$0.00B,$0.16B,1.89%,$0.00B,$0.47B,0.63%,$0.00B,$0.35B,0.85%,$67,$42,$25,$0,$0,$66,$0,$-1,$-0,$-0,$-0,$-0,$0,$6,$0,$29,29,$0.00,$0.00,$7,$167,$0,$288,$49,$0,$99,$35,$182,$471,$94,$85,$3,$116,$210,$3,$202,$-2,$261,$471,$-0,$5,$1,$7,$4,$-1,$4,$2,$13,$20,$-2,$0,$0,$0,$0,$0,$0,$-2,$-15,$0,$-15,$-1,$-1,$-1,$0,$-16,$2,$1,$-1
15,2014-12-31,11.52,$8.97,1.28,$10.35,1.11,$-5.47,0.0,$0.17,67.75,$0.29B,$0.08B,3.53,$0.10B,$0.26B,0.38,$0.30B,$0.11B,38.13%,$0.30B,$0.01B,2.34%,$0.30B,$0.01B,2.34%,$0.30B,$0.03B,9.70%,$0.30B,$0.00B,1.34%,$0.30B,$0.01B,1.67%,$0.01B,$0.26B,1.92%,$0.01B,$0.16B,3.18%,$0.01B,$0.47B,1.04%,$0.01B,$0.36B,1.97%,$78,$46,$31,$0,$0,$76,$1,$-1,$1,$-1,$2,$1,$2,$7,$1,$28,29,$0.05,$0.06,$5,$166,$0,$287,$50,$0,$100,$35,$185,$472,$81,$99,$3,$130,$211,$3,$202,$-2,$261,$472,$4,$22,$7,$29,$-13,$-26,$-20,$-8,$-67,$-34,$-7,$0,$0,$0,$-1,$-1,$0,$-8,$46,$0,$46,$0,$0,$-6,$1,$41,$-2,$4,$-6
16,2014-09-30,11.03,$8.93,1.24,$10.28,1.07,$-4.78,0.0,$0.12,91.91,$0.29B,$0.10B,2.9,$0.10B,$0.26B,0.37,$0.30B,$0.12B,38.72%,$0.30B,$0.01B,2.69%,$0.30B,$0.01B,2.69%,$0.30B,$0.03B,9.76%,$0.30B,$0.00B,1.35%,$0.30B,$0.00B,1.01%,$0.00B,$0.26B,1.16%,$0.00B,$0.16B,1.94%,$0.00B,$0.48B,0.63%,$0.01B,$0.36B,2.34%,$72,$43,$28,$0,$0,$71,$1,$-1,$0,$0,$0,$1,$1,$6,$1,$28,29,$0.03,$0.03,$5,$172,$0,$292,$51,$0,$102,$37,$190,$482,$101,$95,$3,$121,$222,$3,$201,$-1,$260,$482,$3,$17,$2,$19,$-17,$-32,$-22,$-8,$-55,$-34,$-6,$0,$0,$0,$0,$0,$0,$-6,$42,$0,$42,$0,$0,$-4,$1,$38,$-2,$3,$-4
17,2014-06-30,12.97,$8.91,1.46,$11.16,1.16,$-3.58,0.0,$0.40,32.43,$0.29B,$0.11B,2.67,$0.09B,$0.26B,0.33,$0.32B,$0.13B,40.37%,$0.32B,$0.02B,6.83%,$0.32B,$0.02B,6.83%,$0.32B,$0.04B,13.35%,$0.32B,$0.02B,5.90%,$0.32B,$0.01B,3.42%,$0.01B,$0.26B,4.25%,$0.01B,$0.16B,7.21%,$0.01B,$0.48B,2.33%,$0.02B,$0.35B,6.72%,$68,$42,$26,$0,$0,$68,$1,$-1,$-0,$-0,$0,$-0,$0,$7,$1,$28,29,$0.01,$0.01,$4,$175,$0,$286,$52,$0,$104,$38,$193,$479,$107,$86,$4,$113,$220,$3,$202,$-1,$259,$479,$2,$11,$2,$13,$-1,$-35,$-17,$-7,$-44,$-29,$-4,$0,$0,$0,$0,$0,$0,$-4,$33,$0,$33,$-0,$-0,$-3,$0,$30,$-2,$2,$-3
18,2014-03-31,21.19,$9.01,2.35,$11.79,1.8,$-2.03,0.0,$0.68,31.16,$0.30B,$0.11B,2.69,$0.10B,$0.26B,0.38,$0.34B,$0.15B,42.82%,$0.34B,$0.03B,9.97%,$0.34B,$0.03B,9.97%,$0.34B,$0.05B,15.84%,$0.34B,$0.03B,9.09%,$0.34B,$0.02B,5.57%,$0.02B,$0.26B,7.41%,$0.02B,$0.15B,12.79%,$0.02B,$0.50B,4.12%,$0.03B,$0.36B,10.83%,$81,$52,$29,$0,$0,$77,$4,$-1,$3,$1,$2,$2,$2,$9,$4,$28,29,$0.08,$0.07,$8,$158,$0,$301,$52,$0,$105,$39,$197,$498,$112,$99,$4,$127,$239,$3,$203,$-1,$259,$498,$2,$5,$1,$6,$-31,$-19,$-0,$-6,$-50,$-42,$-2,$0,$0,$0,$0,$0,$0,$-2,$47,$0,$47,$-1,$-1,$-1,$0,$45,$2,$1,$-1
19,2013-12-31,23.78,$8.98,2.65,$13.19,1.8,$-1.30,0.0,$1.20,19.81,$0.25B,$0.11B,2.26,$0.05B,$0.26B,0.2,$0.38B,$0.17B,44.76%,$0.38B,$0.06B,14.66%,$0.38B,$0.06B,14.66%,$0.38B,$0.08B,19.90%,$0.38B,$0.05B,14.14%,$0.38B,$0.03B,8.90%,$0.03B,$0.26B,13.48%,$0.03B,$0.15B,23.86%,$0.03B,$0.45B,7.47%,$0.06B,$0.31B,18.98%,$76,$43,$32,$0,$0,$74,$2,$-0,$1,$0,$1,$0,$0,$7,$2,$28,29,$0.02,$0.00,$7,$140,$0,$250,$52,$0,$107,$38,$198,$447,$110,$52,$4,$79,$190,$3,$202,$-1,$258,$447,$34,$20,$7,$27,$2,$-52,$8,$-36,$-67,$-6,$-15,$0,$0,$0,$-4,$-4,$0,$-19,$-2,$0,$-2,$-0,$-0,$-5,$0,$-7,$-32,$4,$-5
20,2013-09-30,26.14,$9.02,2.9,$14.20,1.84,$0.24,108.57,$1.58,16.55,$0.27B,$0.14B,1.88,$0.04B,$0.26B,0.15,$0.41B,$0.19B,45.12%,$0.41B,$0.07B,17.56%,$0.41B,$0.07B,17.56%,$0.41B,$0.09B,22.20%,$0.41B,$0.07B,17.07%,$0.41B,$0.05B,10.98%,$0.05B,$0.26B,18.44%,$0.05B,$0.15B,33.90%,$0.05B,$0.46B,10.15%,$0.07B,$0.30B,25.42%,$97,$54,$43,$0,$0,$82,$15,$-0,$15,$6,$9,$9,$9,$20,$15,$28,29,$0.31,$0.31,$12,$127,$0,$269,$52,$0,$109,$35,$195,$463,$143,$39,$4,$62,$205,$3,$204,$-1,$259,$463,$34,$14,$3,$18,$-34,$-39,$0,$-35,$-44,$7,$-12,$0,$0,$0,$-4,$-4,$0,$-16,$-15,$0,$-15,$1,$1,$-3,$0,$-17,$-26,$3,$-3
21,2013-06-30,22.66,$8.71,2.6,$13.95,1.62,$0.35,63.93,$1.55,14.62,$0.25B,$0.12B,2.0,$0.04B,$0.25B,0.16,$0.40B,$0.18B,45.16%,$0.40B,$0.07B,17.37%,$0.40B,$0.07B,17.37%,$0.40B,$0.09B,21.84%,$0.40B,$0.07B,16.87%,$0.40B,$0.04B,10.92%,$0.04B,$0.25B,18.88%,$0.04B,$0.14B,36.29%,$0.04B,$0.44B,10.30%,$0.07B,$0.29B,25.71%,$87,$45,$42,$0,$0,$74,$13,$-1,$12,$4,$8,$8,$8,$18,$13,$28,29,$0.29,$0.29,$32,$127,$0,$247,$50,$0,$110,$30,$190,$437,$123,$41,$4,$64,$187,$3,$196,$-1,$250,$437,$25,$9,$2,$11,$9,$-39,$-9,$-30,$-16,$20,$-8,$0,$0,$0,$-4,$-4,$0,$-12,$-13,$0,$-13,$1,$1,$-2,$0,$-14,$-6,$2,$-2
22,2013-03-31,29.39,$8.46,3.47,$13.90,2.11,$0.77,38.09,$1.56,18.84,$0.29B,$0.17B,1.7,$0.04B,$0.24B,0.17,$0.40B,$0.18B,44.39%,$0.40B,$0.07B,17.71%,$0.40B,$0.07B,17.71%,$0.40B,$0.09B,22.19%,$0.40B,$0.07B,17.46%,$0.40B,$0.05B,11.22%,$0.05B,$0.24B,20.27%,$0.05B,$0.13B,41.00%,$0.05B,$0.47B,10.95%,$0.07B,$0.28B,27.18%,$122,$68,$54,$0,$0,$95,$26,$-0,$26,$9,$17,$17,$17,$31,$26,$28,29,$0.60,$0.59,$10,$109,$0,$286,$48,$0,$112,$28,$188,$474,$169,$40,$5,$64,$232,$3,$189,$-1,$242,$474,$17,$5,$1,$5,$-71,$-22,$31,$-25,$-40,$-18,$-4,$0,$0,$0,$-4,$-4,$0,$-8,$-3,$0,$-3,$0,$0,$0,$0,$-3,$-28,$1,$0
23,2012-12-31,29.9,$7.92,3.77,$12.77,2.34,$1.08,27.65,$1.28,23.36,$0.22B,$0.11B,1.96,$0.04B,$0.23B,0.16,$0.37B,$0.16B,43.99%,$0.37B,$0.06B,16.12%,$0.37B,$0.06B,16.12%,$0.37B,$0.08B,21.04%,$0.37B,$0.06B,15.85%,$0.37B,$0.04B,10.11%,$0.04B,$0.23B,17.58%,$0.04B,$0.11B,37.95%,$0.04B,$0.40B,9.70%,$0.06B,$0.26B,23.55%,$104,$58,$46,$0,$0,$87,$18,$-1,$17,$6,$11,$11,$11,$22,$18,$28,29,$0.40,$0.39,$38,$88,$0,$222,$46,$0,$114,$18,$178,$400,$114,$36,$5,$61,$174,$3,$174,$-2,$225,$400,$37,$17,$1,$19,$-8,$-17,$10,$-11,$-15,$40,$-18,$-3,$0,$0,$0,$0,$0,$-21,$-15,$0,$-15,$3,$3,$-6,$1,$-16,$3,$3,$-6
24,2012-09-30,33.28,$7.68,4.33,$12.06,2.76,$1.47,22.6,$1.12,29.71,$0.23B,$0.12B,1.87,$0.04B,$0.22B,0.18,$0.34B,$0.15B,43.44%,$0.34B,$0.05B,15.16%,$0.34B,$0.05B,15.16%,$0.34B,$0.07B,20.41%,$0.34B,$0.05B,14.87%,$0.34B,$0.03B,9.33%,$0.03B,$0.22B,15.92%,$0.03B,$0.10B,36.68%,$0.03B,$0.40B,8.71%,$0.05B,$0.25B,21.25%,$90,$50,$40,$0,$0,$77,$13,$-1,$13,$5,$8,$8,$8,$17,$13,$28,29,$0.29,$0.28,$24,$93,$0,$231,$45,$0,$112,$10,$167,$398,$123,$39,$5,$59,$182,$3,$166,$-2,$215,$398,$26,$13,$1,$14,$-37,$-22,$9,$22,$-26,$13,$-15,$0,$0,$0,$0,$0,$0,$-15,$-12,$0,$-12,$3,$3,$-1,$0,$-10,$-11,$2,$-1
25,2012-06-30,25.32,$7.38,3.43,$11.58,2.19,$1.45,17.45,$1.00,25.32,$0.21B,$0.10B,1.98,$0.04B,$0.21B,0.2,$0.33B,$0.14B,42.81%,$0.33B,$0.05B,14.37%,$0.33B,$0.05B,14.37%,$0.33B,$0.07B,19.88%,$0.33B,$0.05B,13.76%,$0.33B,$0.03B,8.87%,$0.03B,$0.21B,15.08%,$0.03B,$0.09B,37.79%,$0.03B,$0.37B,8.19%,$0.05B,$0.25B,19.60%,$85,$46,$38,$0,$0,$71,$14,$-1,$14,$5,$9,$9,$9,$19,$14,$28,29,$0.31,$0.30,$48,$80,$0,$206,$48,$0,$113,$4,$166,$372,$104,$41,$6,$62,$166,$3,$160,$-2,$206,$372,$17,$9,$1,$10,$-4,$-9,$1,$-10,$9,$37,$-13,$0,$0,$0,$0,$0,$0,$-13,$-11,$0,$-11,$1,$1,$-1,$0,$-11,$13,$1,$-1
26,2012-03-31,20.65,$7.04,2.93,$11.51,1.79,$0.63,32.87,$0.92,22.45,$0.19B,$0.10B,2.02,$0.04B,$0.20B,0.22,$0.32B,$0.13B,41.61%,$0.32B,$0.04B,13.66%,$0.32B,$0.04B,13.66%,$0.32B,$0.06B,18.94%,$0.32B,$0.04B,12.73%,$0.32B,$0.03B,8.07%,$0.03B,$0.20B,14.04%,$0.03B,$0.08B,38.10%,$0.03B,$0.36B,7.55%,$0.04B,$0.24B,18.60%,$87,$50,$37,$0,$0,$73,$14,$-1,$14,$5,$9,$9,$9,$19,$14,$28,28,$0.32,$0.31,$15,$75,$0,$193,$43,$0,$115,$5,$163,$356,$95,$44,$6,$64,$160,$3,$151,$-2,$196,$356,$9,$4,$0,$5,$-30,$-4,$1,$-9,$-21,$-8,$-6,$0,$0,$0,$0,$0,$0,$-6,$-8,$0,$-8,$0,$0,$0,$0,$-8,$-20,$0,$0
27,2011-12-31,12.64,$6.78,1.86,$10.80,1.17,$0.69,18.35,$0.79,16.0,$0.18B,$0.08B,2.33,$0.05B,$0.19B,0.28,$0.30B,$0.12B,41.20%,$0.30B,$0.04B,12.96%,$0.30B,$0.04B,12.96%,$0.30B,$0.06B,18.60%,$0.30B,$0.04B,11.63%,$0.30B,$0.02B,7.31%,$0.02B,$0.19B,12.27%,$0.02B,$0.07B,36.21%,$0.02B,$0.34B,6.60%,$0.04B,$0.24B,16.65%,$81,$47,$34,$0,$0,$70,$11,$-1,$10,$4,$6,$6,$6,$15,$11,$28,28,$0.23,$0.23,$35,$71,$0,$184,$36,$0,$116,$7,$159,$343,$79,$52,$6,$76,$155,$3,$144,$-2,$187,$343,$22,$17,$7,$24,$-35,$3,$8,$0,$-6,$39,$-6,$-0,$0,$0,$0,$0,$0,$-7,$4,$0,$4,$1,$1,$-2,$0,$2,$34,$2,$-2
28,2011-09-30,10.58,$6.52,1.62,$10.04,1.05,$0.42,25.44,$0.70,15.11,$0.18B,$0.09B,1.96,$0.05B,$0.18B,0.3,$0.28B,$0.11B,40.36%,$0.28B,$0.03B,11.79%,$0.28B,$0.03B,11.79%,$0.28B,$0.05B,17.86%,$0.28B,$0.03B,10.71%,$0.28B,$0.02B,7.14%,$0.02B,$0.18B,11.49%,$0.02B,$0.06B,35.87%,$0.02B,$0.35B,6.30%,$0.03B,$0.23B,14.38%,$74,$43,$31,$0,$0,$66,$8,$-1,$7,$3,$5,$5,$5,$12,$8,$28,28,$0.17,$0.16,$4,$81,$0,$184,$39,$0,$117,$5,$161,$346,$94,$54,$8,$72,$166,$3,$137,$-3,$180,$346,$16,$13,$1,$15,$-63,$-7,$8,$25,$-28,$2,$-4,$0,$0,$0,$0,$0,$0,$-4,$6,$0,$6,$1,$1,$-1,$0,$6,$3,$1,$-1
29,2011-06-30,12.19,$6.45,1.89,$9.87,1.23,$0.60,20.46,$0.67,18.19,$0.17B,$0.08B,2.09,$0.06B,$0.18B,0.32,$0.27B,$0.11B,39.05%,$0.27B,$0.03B,11.68%,$0.27B,$0.03B,11.68%,$0.27B,$0.05B,17.52%,$0.27B,$0.03B,10.58%,$0.27B,$0.02B,6.93%,$0.02B,$0.18B,11.23%,$0.02B,$0.06B,32.20%,$0.02B,$0.33B,6.30%,$0.03B,$0.23B,14.35%,$80,$48,$32,$0,$0,$69,$11,$-1,$10,$4,$6,$6,$6,$15,$11,$28,28,$0.22,$0.22,$10,$81,$0,$169,$39,$0,$119,$5,$163,$332,$81,$56,$7,$73,$154,$3,$134,$-1,$178,$332,$11,$10,$1,$11,$-41,$-7,$9,$11,$-19,$2,$-2,$0,$0,$0,$0,$0,$0,$-2,$9,$0,$9,$1,$1,$-1,$0,$8,$9,$1,$-1
30,2011-03-31,8.16,$6.23,1.31,$8.88,0.92,$0.73,11.1,$0.51,15.99,$0.15B,$0.07B,2.23,$0.06B,$0.17B,0.34,$0.25B,$0.09B,38.21%,$0.25B,$0.03B,10.16%,$0.25B,$0.03B,10.16%,$0.25B,$0.04B,16.26%,$0.25B,$0.02B,8.94%,$0.25B,$0.02B,6.10%,$0.02B,$0.17B,9.13%,$0.02B,$0.05B,24.00%,$0.02B,$0.31B,5.30%,$0.03B,$0.23B,11.67%,$66,$39,$27,$0,$0,$57,$9,$-1,$8,$3,$5,$5,$5,$14,$9,$28,28,$0.18,$0.18,$1,$77,$0,$146,$40,$0,$121,$6,$166,$312,$65,$58,$6,$75,$140,$3,$128,$-0,$172,$312,$5,$5,$9,$14,$-30,$-3,$8,$-4,$-29,$-11,$-1,$0,$0,$0,$0,$0,$0,$-1,$11,$0,$11,$1,$1,$0,$0,$11,$0,$1,$0
31,2010-12-31,7.97,$6.06,1.32,$8.21,0.97,$0.55,14.37,$0.40,19.92,$0.12B,$0.05B,2.39,$0.05B,$0.17B,0.32,$0.23B,$0.09B,37.89%,$0.23B,$0.02B,8.81%,$0.23B,$0.02B,8.81%,$0.23B,$0.03B,14.54%,$0.23B,$0.02B,7.49%,$0.23B,$0.01B,5.29%,$0.01B,$0.17B,7.49%,$0.01B,$0.05B,17.84%,$0.01B,$0.28B,4.40%,$0.02B,$0.22B,9.47%,$60,$37,$23,$0,$0,$54,$5,$-1,$5,$1,$4,$4,$4,$9,$5,$27,28,$0.14,$0.14,$1,$74,$0,$119,$41,$0,$115,$6,$162,$280,$50,$54,$0,$64,$114,$3,$124,$-0,$166,$280,$11,$14,$6,$21,$7,$-2,$3,$3,$1,$33,$-8,$-33,$0,$0,$0,$0,$0,$-41,$8,$0,$8,$1,$1,$-1,$0,$8,$1,$1,$-1
32,2010-09-30,5.77,$5.89,0.98,$7.79,0.74,$0.66,8.7,$-0.06,0.0,$0.15B,$0.07B,2.13,$0.05B,$0.16B,0.29,$0.21B,$0.06B,29.91%,$0.21B,$0.00B,0.93%,$0.21B,$0.00B,0.93%,$0.21B,$0.01B,6.54%,$0.21B,$-0.00B,-0.93%,$0.21B,$-0.00B,-0.47%,$-0.00B,$0.16B,-0.64%,$-0.00B,$0.08B,-1.41%,$-0.00B,$0.28B,-0.38%,$0.00B,$0.21B,0.97%,$68,$43,$25,$0,$0,$62,$7,$-1,$6,$2,$4,$4,$4,$10,$7,$27,28,$0.13,$0.13,$1,$79,$0,$148,$41,$0,$87,$7,$135,$282,$69,$46,$0,$51,$121,$3,$120,$-1,$161,$282,$7,$11,$1,$11,$-23,$-6,$15,$5,$-10,$9,$-6,$-3,$0,$0,$0,$0,$0,$-9,$1,$0,$1,$0,$0,$-0,$0,$1,$1,$1,$-0
33,2010-06-30,7.36,$5.76,1.28,$7.73,0.95,$0.59,12.5,$-0.11,0.0,$0.12B,$0.05B,2.32,$0.04B,$0.16B,0.26,$0.21B,$0.06B,28.30%,$0.21B,$-0.00B,-0.47%,$0.21B,$-0.00B,-0.47%,$0.21B,$0.01B,5.19%,$0.21B,$-0.01B,-2.36%,$0.21B,$-0.00B,-1.42%,$-0.00B,$0.16B,-1.91%,$-0.00B,$0.07B,-4.27%,$-0.00B,$0.26B,-1.11%,$-0.00B,$0.20B,-0.47%,$52,$33,$19,$0,$0,$49,$4,$-1,$3,$1,$2,$2,$2,$7,$4,$27,28,$0.06,$0.06,$1,$75,$0,$124,$41,$0,$85,$9,$134,$258,$54,$42,$0,$47,$101,$3,$117,$-1,$158,$258,$3,$7,$1,$8,$-3,$-2,$5,$-3,$-3,$8,$-5,$0,$0,$0,$0,$0,$0,$-5,$-3,$0,$-3,$0,$0,$-0,$0,$-3,$1,$1,$-0
34,2010-03-31,7.56,$5.69,1.33,$7.59,1.0,$-0.08,0.0,$-0.17,0.0,$0.14B,$0.05B,2.89,$0.06B,$0.16B,0.4,$0.21B,$0.06B,27.54%,$0.21B,$-0.00B,-1.93%,$0.21B,$-0.00B,-1.93%,$0.21B,$0.01B,3.86%,$0.21B,$-0.01B,-3.86%,$0.21B,$-0.01B,-2.42%,$-0.01B,$0.16B,-3.19%,$-0.01B,$0.07B,-7.25%,$-0.01B,$0.27B,-1.79%,$-0.00B,$0.22B,-1.79%,$47,$28,$19,$0,$0,$43,$4,$-1,$3,$1,$2,$2,$2,$7,$4,$27,28,$0.07,$0.07,$2,$74,$0,$135,$39,$0,$86,$9,$135,$270,$47,$62,$0,$68,$114,$3,$115,$-1,$156,$270,$2,$4,$0,$4,$-12,$-2,$7,$-12,$-20,$-14,$-2,$0,$0,$0,$0,$0,$0,$-2,$17,$0,$17,$0,$0,$0,$0,$17,$1,$0,$0
35,2009-12-31,7.68,$5.60,1.37,$7.52,1.02,$-0.70,0.0,$-0.21,0.0,$0.12B,$0.05B,2.34,$0.05B,$0.15B,0.3,$0.21B,$0.06B,27.80%,$0.21B,$-0.01B,-2.93%,$0.21B,$-0.01B,-2.93%,$0.21B,$0.01B,2.93%,$0.21B,$-0.01B,-4.88%,$0.21B,$-0.01B,-2.93%,$-0.01B,$0.15B,-3.82%,$-0.01B,$0.07B,-8.79%,$-0.01B,$0.26B,-2.05%,$-0.01B,$0.20B,-2.55%,$47,$47,$1,$0,$0,$60,$-13,$-1,$-14,$-5,$-9,$-9,$-9,$-10,$-13,$27,27,$-0.32,$-0.32,$0,$73,$0,$120,$39,$0,$87,$9,$135,$255,$51,$45,$0,$51,$102,$3,$113,$-2,$153,$255,$-6,$13,$0,$14,$11,$18,$-3,$-3,$24,$32,$-4,$0,$0,$0,$0,$0,$0,$-4,$-28,$0,$-28,$1,$1,$-2,$0,$-29,$-1,$1,$-2
36,2009-09-30,7.69,$5.89,1.31,$8.36,0.92,$-2.21,0.0,$0.40,19.23,$0.16B,$0.06B,2.73,$0.07B,$0.16B,0.45,$0.23B,$0.09B,37.99%,$0.23B,$0.02B,9.17%,$0.23B,$0.02B,9.17%,$0.23B,$0.03B,13.97%,$0.23B,$0.02B,7.42%,$0.23B,$0.01B,4.80%,$0.01B,$0.16B,6.97%,$0.01B,$0.07B,16.18%,$0.01B,$0.30B,3.67%,$0.02B,$0.23B,8.62%,$66,$45,$21,$0,$0,$62,$4,$-1,$3,$1,$2,$2,$2,$7,$4,$27,28,$0.08,$0.08,$1,$99,$0,$159,$40,$0,$88,$9,$138,$296,$58,$72,$0,$78,$136,$3,$122,$-2,$160,$296,$3,$10,$1,$11,$-5,$-9,$2,$2,$-9,$4,$-4,$0,$0,$0,$0,$0,$0,$-4,$-0,$0,$-0,$0,$0,$-1,$0,$-1,$-0,$1,$-1
37,2009-06-30,10.44,$5.81,1.8,$8.41,1.24,$-2.61,0.0,$0.54,19.32,$0.16B,$0.04B,3.57,$0.09B,$0.16B,0.56,$0.23B,$0.10B,41.13%,$0.23B,$0.03B,12.12%,$0.23B,$0.03B,12.12%,$0.23B,$0.04B,16.88%,$0.23B,$0.02B,10.39%,$0.23B,$0.02B,6.49%,$0.02B,$0.16B,9.68%,$0.02B,$0.07B,23.35%,$0.02B,$0.30B,5.00%,$0.03B,$0.25B,11.56%,$47,$31,$16,$0,$0,$47,$1,$-1,$-0,$-0,$-0,$-0,$-0,$4,$1,$27,27,$0.00,$0.00,$1,$112,$0,$157,$40,$0,$89,$10,$139,$296,$44,$89,$0,$95,$139,$3,$120,$-2,$158,$296,$1,$7,$1,$7,$10,$-22,$-3,$-6,$-20,$-12,$-2,$0,$0,$0,$0,$0,$0,$-2,$15,$0,$15,$0,$0,$-1,$0,$14,$0,$1,$-1
38,2009-03-31,11.91,$5.78,2.06,$8.76,1.36,$-2.62,0.0,$0.70,17.02,$0.18B,$0.05B,3.61,$0.11B,$0.16B,0.69,$0.24B,$0.10B,42.56%,$0.24B,$0.04B,14.46%,$0.24B,$0.04B,14.46%,$0.24B,$0.05B,19.01%,$0.24B,$0.03B,12.81%,$0.24B,$0.02B,7.85%,$0.02B,$0.16B,12.50%,$0.02B,$0.07B,31.54%,$0.02B,$0.32B,6.37%,$0.04B,$0.27B,14.71%,$45,$26,$19,$0,$0,$43,$2,$-1,$1,$0,$1,$1,$1,$5,$2,$27,28,$0.03,$0.03,$1,$113,$0,$180,$41,$0,$90,$10,$141,$321,$50,$108,$0,$114,$164,$3,$120,$-3,$157,$321,$1,$3,$0,$4,$-12,$-22,$6,$-8,$-37,$-32,$-1,$0,$0,$0,$0,$0,$0,$-1,$33,$0,$33,$0,$0,$0,$0,$34,$0,$0,$0
39,2008-12-31,10.72,$5.34,2.01,$8.64,1.24,$-2.64,0.0,$0.73,14.69,$0.15B,$0.05B,2.96,$0.08B,$0.16B,0.49,$0.24B,$0.10B,42.86%,$0.24B,$0.04B,15.55%,$0.24B,$0.04B,15.55%,$0.24B,$0.05B,20.17%,$0.24B,$0.03B,13.87%,$0.24B,$0.02B,8.40%,$0.02B,$0.16B,13.51%,$0.02B,$0.07B,36.04%,$0.02B,$0.29B,6.87%,$0.04B,$0.23B,16.00%,$71,$40,$31,$0,$0,$58,$14,$-1,$13,$5,$8,$8,$8,$16,$14,$27,27,$0.29,$0.29,$1,$91,$0,$146,$41,$0,$91,$9,$141,$287,$49,$76,$0,$82,$131,$3,$121,$-4,$156,$287,$20,$12,$5,$16,$5,$-27,$-2,$-5,$-35,$1,$-14,$-10,$0,$0,$0,$0,$0,$-25,$24,$0,$24,$1,$1,$-2,$0,$23,$-2,$1,$-2
40,2008-09-30,13.82,$5.54,2.49,$8.57,1.61,$-0.34,0.0,$0.72,19.19,$0.16B,$0.07B,2.41,$0.08B,$0.15B,0.52,$0.24B,$0.10B,43.22%,$0.24B,$0.04B,15.25%,$0.24B,$0.04B,15.25%,$0.24B,$0.05B,20.34%,$0.24B,$0.03B,13.56%,$0.24B,$0.02B,8.47%,$0.02B,$0.15B,13.89%,$0.02B,$0.06B,37.91%,$0.02B,$0.30B,7.10%,$0.04B,$0.23B,16.20%,$68,$39,$29,$0,$0,$57,$11,$-1,$10,$4,$6,$6,$6,$14,$11,$27,28,$0.23,$0.22,$3,$89,$0,$161,$42,$0,$93,$1,$135,$297,$67,$77,$0,$80,$147,$3,$113,$-2,$149,$297,$12,$9,$1,$10,$-10,$-26,$4,$8,$-24,$-2,$-8,$-9,$0,$0,$0,$0,$0,$-17,$20,$0,$20,$1,$1,$-1,$0,$20,$-0,$1,$-1
41,2008-06-30,11.23,$5.50,2.04,$8.18,1.37,$1.63,6.89,$0.70,16.04,$0.15B,$0.06B,2.71,$0.08B,$0.15B,0.57,$0.23B,$0.10B,43.11%,$0.23B,$0.04B,15.56%,$0.23B,$0.04B,15.56%,$0.23B,$0.05B,20.89%,$0.23B,$0.03B,13.78%,$0.23B,$0.02B,8.44%,$0.02B,$0.15B,13.60%,$0.02B,$0.05B,36.71%,$0.02B,$0.29B,7.04%,$0.04B,$0.23B,16.47%,$58,$34,$24,$0,$0,$50,$8,$-1,$7,$3,$4,$4,$4,$11,$8,$27,27,$0.16,$0.16,$5,$91,$0,$153,$40,$0,$94,$2,$135,$288,$56,$83,$0,$86,$142,$3,$108,$0,$146,$288,$6,$6,$0,$6,$4,$-27,$2,$-1,$-22,$-10,$-5,$-9,$0,$0,$0,$0,$0,$-14,$26,$0,$26,$1,$1,$-1,$0,$26,$2,$0,$-1
42,2008-03-31,15.19,$5.32,2.85,$7.90,1.92,$3.51,4.32,$0.67,22.67,$0.16B,$0.05B,3.01,$0.10B,$0.14B,0.69,$0.22B,$0.10B,43.78%,$0.22B,$0.04B,16.13%,$0.22B,$0.04B,16.13%,$0.22B,$0.05B,21.20%,$0.22B,$0.03B,13.82%,$0.22B,$0.02B,8.76%,$0.02B,$0.14B,14.07%,$0.02B,$0.05B,37.44%,$0.02B,$0.29B,7.39%,$0.04B,$0.24B,17.31%,$41,$23,$18,$0,$0,$37,$4,$-1,$3,$1,$2,$2,$2,$7,$4,$26,27,$0.07,$0.06,$2,$90,$0,$161,$38,$0,$92,$1,$132,$293,$54,$97,$0,$99,$153,$3,$103,$0,$141,$293,$2,$3,$0,$3,$-8,$-27,$7,$-8,$-36,$-31,$-2,$-8,$0,$0,$0,$0,$0,$-11,$40,$0,$40,$1,$1,$0,$0,$41,$-1,$0,$0
43,2007-12-31,15.74,$5.29,2.98,$7.91,1.99,$4.51,3.49,$0.69,22.81,$0.13B,$0.05B,2.49,$0.06B,$0.14B,0.4,$0.22B,$0.10B,43.78%,$0.22B,$0.04B,16.59%,$0.22B,$0.04B,16.59%,$0.22B,$0.05B,21.66%,$0.22B,$0.03B,14.29%,$0.22B,$0.02B,8.76%,$0.02B,$0.14B,14.56%,$0.02B,$0.05B,38.38%,$0.02B,$0.25B,7.56%,$0.04B,$0.20B,18.09%,$69,$38,$31,$0,$0,$56,$13,$-1,$12,$4,$8,$8,$8,$16,$13,$26,27,$0.28,$0.27,$3,$63,$0,$125,$32,$0,$85,$6,$123,$249,$50,$56,$0,$59,$109,$3,$103,$0,$140,$249,$19,$10,$2,$12,$19,$3,$-2,$-4,$23,$53,$-4,$-8,$0,$0,$0,$0,$0,$-12,$-40,$0,$-40,$1,$1,$-2,$0,$-40,$1,$1,$-2
44,2007-09-30,17.71,$5.01,3.54,$7.42,2.39,$1.33,13.3,$0.61,29.03,$0.13B,$0.06B,2.22,$0.06B,$0.13B,0.42,$0.20B,$0.09B,43.35%,$0.20B,$0.03B,16.75%,$0.20B,$0.03B,16.75%,$0.20B,$0.04B,21.67%,$0.20B,$0.03B,14.29%,$0.20B,$0.02B,7.88%,$0.02B,$0.13B,12.72%,$0.02B,$0.05B,34.41%,$0.02B,$0.25B,6.29%,$0.03B,$0.19B,16.69%,$57,$32,$24,$0,$0,$47,$10,$-1,$9,$4,$5,$5,$5,$13,$10,$26,27,$0.21,$0.20,$5,$66,$0,$134,$34,$0,$80,$1,$115,$249,$61,$55,$0,$57,$117,$3,$95,$0,$132,$249,$11,$7,$1,$8,$14,$0,$0,$12,$26,$46,$-2,$-3,$0,$0,$0,$0,$0,$-5,$-39,$0,$-39,$2,$2,$-1,$0,$-38,$3,$1,$-1
45,2007-06-30,12.95,$4.81,2.69,$7.23,1.79,$-0.83,0.0,$0.57,22.72,$0.12B,$0.05B,2.5,$0.06B,$0.13B,0.48,$0.20B,$0.09B,43.65%,$0.20B,$0.03B,16.24%,$0.20B,$0.03B,16.24%,$0.20B,$0.04B,20.30%,$0.20B,$0.03B,13.71%,$0.20B,$0.02B,7.61%,$0.02B,$0.13B,12.35%,$0.02B,$0.05B,28.85%,$0.02B,$0.24B,6.17%,$0.03B,$0.19B,16.54%,$50,$28,$22,$0,$0,$42,$8,$-2,$6,$2,$4,$4,$4,$10,$8,$26,27,$0.14,$0.13,$4,$69,$0,$123,$35,$0,$79,$1,$116,$238,$49,$61,$0,$63,$112,$3,$91,$-0,$127,$238,$6,$5,$0,$5,$28,$-2,$-4,$5,$27,$38,$-1,$-2,$0,$0,$0,$0,$0,$-3,$-33,$0,$-33,$1,$1,$-1,$0,$-32,$3,$0,$-1
46,2007-03-31,15.46,$4.68,3.3,$6.96,2.22,$-3.21,0.0,$0.56,27.6,$0.15B,$0.04B,3.54,$0.10B,$0.12B,0.83,$0.19B,$0.08B,43.16%,$0.19B,$0.03B,15.79%,$0.19B,$0.03B,15.79%,$0.19B,$0.04B,19.47%,$0.19B,$0.03B,14.21%,$0.19B,$0.01B,7.37%,$0.01B,$0.12B,11.91%,$0.01B,$0.04B,24.35%,$0.01B,$0.27B,5.98%,$0.03B,$0.23B,16.19%,$41,$22,$18,$0,$0,$35,$5,$-2,$4,$1,$2,$2,$2,$8,$5,$26,27,$0.08,$0.08,$3,$70,$0,$152,$36,$0,$80,$1,$117,$269,$43,$102,$0,$104,$147,$3,$87,$-0,$123,$269,$2,$2,$0,$2,$-3,$-3,$-4,$-0,$-10,$-6,$-1,$-2,$0,$0,$0,$0,$0,$-2,$8,$0,$8,$0,$0,$0,$0,$9,$1,$0,$0
47,2006-12-31,14.31,$4.63,3.09,$7.12,2.01,$-4.20,0.0,$0.57,25.1,$0.15B,$0.05B,3.14,$0.09B,$0.12B,0.78,$0.19B,$0.08B,42.27%,$0.19B,$0.03B,15.46%,$0.19B,$0.03B,15.46%,$0.19B,$0.04B,18.56%,$0.19B,$0.03B,13.92%,$0.19B,$0.01B,7.22%,$0.01B,$0.12B,12.33%,$0.01B,$0.04B,22.05%,$0.01B,$0.26B,6.35%,$0.03B,$0.22B,17.86%,$55,$31,$24,$0,$0,$44,$11,$-1,$10,$4,$5,$5,$5,$13,$11,$26,27,$0.21,$0.20,$2,$67,$0,$146,$37,$0,$79,$1,$117,$262,$46,$94,$0,$95,$141,$3,$86,$-0,$121,$262,$15,$7,$1,$8,$-15,$-22,$-13,$-2,$-55,$-32,$-5,$-40,$0,$0,$0,$0,$0,$-45,$55,$0,$55,$24,$24,$-2,$0,$77,$1,$1,$-2
