,Date,Stock Price,Book Value per Share,Price to Book Ratio,TTM Sales per Share,Price to Sales Ratio,TTM FCF per Share,Price to FCF Ratio,TTM Net EPS,PE Ratio,Current Assets,Current Liabilities,Current Ratio,Long Term Debt,Shareholder's Equity_x,Debt to Equity Ratio,TTM Revenue_x,TTM Gross Profit,Gross Margin,TTM Revenue_y,TTM Operating Income,Operating Margin,TTM Revenue_x,TTM EBIT,EBIT Margin,TTM Revenue_y,TTM EBITDA,EBITDA Margin,TTM Revenue_x,TTM Pre-Tax Income,Pre-Tax Margin,TTM Revenue_y,TTM Net Income_x,Net Margin,TTM Net Income_y,Shareholder's Equity_y,Return on Equity,TTM Net Income_x,Tangible Equity,Return on Tangible Equity,TTM Net Income_y,Total Assets,Return on Assets,TTM Net Income,LT Investments & Debt,Return on Investment,revenue,cost-goods-sold,gross-profit,research-development-expenses,selling-general-administrative-expenses,operating-expenses,operating-income,total-non-operating-income-expense,pre-tax-income,total-provision-income-taxes,income-after-taxes,income-from-continuous-operations,net-income,ebitda,ebit,basic-shares-outstanding,shares-outstanding,eps-basic-net-earnings-per-share,eps-earnings-per-share-diluted,cash-on-hand,inventory,other-current-assets,total-current-assets,net-property-plant-equipment,long-term-investments,goodwill-intangible-assets-total,other-long-term-assets,total-long-term-assets,total-assets,total-current-liabilities,long-term-debt,other-non-current-liabilities,total-long-term-liabilities,total-liabilities,common-stock-net,retained-earnings-accumulated-deficit,comprehensive-income,total-share-holder-equity,total-liabilities-share-holders-equity,net-income-loss,total-depreciation-amortization-cash-flow,other-non-cash-items,total-non-cash-items,change-in-accounts-receivable,change-in-inventories,change-in-accounts-payable,change-in-assets-liabilities,total-change-in-assets-liabilities,cash-flow-from-operating-activities,net-change-in-property-plant-equipment,net-change-in-intangible-assets,net-acquisitions-divestitures,net-change-in-short-term-investments,net-change-in-long-term-investments,net-change-in-investments-total,investing-activities-other,cash-flow-from-investing-activities,net-long-term-debt,net-current-debt,debt-issuance-retirement-net-total,net-common-equity-issued-repurchased,net-total-equity-issued-repurchased,total-common-preferred-stock-dividends-paid,financial-activities-other,cash-flow-from-financial-activities,net-cash-flow,stock-based-compensation,common-stock-dividends-paid
0,2018-09-30,4.39,$1.78,2.47,$3.03,1.45,$-2.70,0.0,$-0.65,0.0,$0.15B,$0.05B,3.15,$0.11B,$0.07B,1.74,$0.12B,$0.10B,86.32%,$0.12B,$-0.03B,-29.06%,$0.12B,$-0.03B,-29.06%,$0.12B,$-0.03B,-22.22%,$0.12B,$-0.04B,-35.04%,$0.12B,$-0.04B,-33.33%,$-0.04B,$0.07B,-49.06%,$-0.04B,$-0.02B,251.61%,$-0.04B,$0.27B,-13.34%,$-0.03B,$0.18B,-20.70%,$20,$3,$17,$11,$25,$34,$-14,$-2,$-16,$-1,$-16,$-16,$-16,$-12,$-14,$37,37,$-0.43,$-0.43,$125,$6,$0,$148,$2,$0,$88,$31,$121,$269,$47,$114,$42,$156,$203,$0,$-294,$-24,$66,$269,$-31,$6,$-10,$-4,$5,$-1,$4,$-20,$-23,$-58,$-0,$-20,$0,$-33,$0,$-33,$0,$-53,$144,$0,$144,$-24,$-24,$0,$-7,$113,$1,$7,$0
1,2018-06-30,6.13,$2.14,2.87,$3.45,1.78,$-0.39,0.0,$-0.13,0.0,$0.18B,$0.05B,3.39,$0.11B,$0.08B,1.44,$0.14B,$0.12B,87.59%,$0.14B,$0.01B,4.38%,$0.14B,$0.01B,4.38%,$0.14B,$0.01B,9.49%,$0.14B,$0.00B,2.19%,$0.14B,$-0.00B,-0.73%,$-0.00B,$0.08B,-1.15%,$-0.00B,$-0.01B,7.14%,$-0.00B,$0.30B,-0.34%,$0.01B,$0.19B,4.18%,$29,$4,$26,$12,$28,$32,$-3,$-1,$-4,$-0,$-3,$-3,$-3,$-1,$-3,$37,37,$-0.09,$-0.09,$147,$6,$0,$175,$2,$0,$89,$28,$120,$295,$52,$113,$52,$165,$217,$0,$-278,$-24,$79,$295,$-16,$4,$-6,$-2,$-0,$-0,$5,$-15,$-20,$-38,$-0,$-20,$0,$-59,$0,$-59,$0,$-79,$144,$0,$144,$-24,$-24,$0,$-6,$113,$-4,$4,$0
2,2018-03-31,7.29,$2.31,3.15,$3.75,1.95,$1.42,5.12,$0.64,11.39,$0.23B,$0.09B,2.66,$0.11B,$0.09B,1.28,$0.15B,$0.14B,88.31%,$0.15B,$0.04B,27.92%,$0.15B,$0.04B,27.92%,$0.15B,$0.05B,31.82%,$0.15B,$0.04B,27.92%,$0.15B,$0.03B,20.13%,$0.03B,$0.09B,35.84%,$0.03B,$-0.00B,-1550.00%,$0.03B,$0.35B,10.87%,$0.04B,$0.20B,37.47%,$33,$7,$27,$10,$24,$46,$-13,$-2,$-15,$-2,$-12,$-12,$-12,$-11,$-13,$39,39,$-0.32,$-0.32,$198,$6,$0,$232,$3,$0,$91,$26,$120,$352,$87,$112,$66,$178,$265,$0,$-275,$-23,$87,$352,$-12,$2,$4,$6,$-2,$-0,$6,$-10,$-12,$-18,$-0,$0,$0,$-81,$0,$-81,$0,$-81,$144,$0,$144,$-15,$-15,$0,$-6,$123,$24,$2,$0
3,2017-12-31,8.2,$2.18,3.77,$4.11,2.0,$2.47,3.31,$1.55,5.29,$0.12B,$0.09B,1.43,$0.00B,$0.09B,0.0,$0.17B,$0.16B,90.80%,$0.17B,$0.09B,51.15%,$0.17B,$0.09B,51.15%,$0.17B,$0.09B,54.02%,$0.17B,$0.09B,52.87%,$0.17B,$0.07B,39.66%,$0.07B,$0.09B,86.79%,$0.07B,$-0.03B,1971.43%,$0.07B,$0.25B,26.34%,$0.09B,$0.09B,111.25%,$35,$4,$31,$11,$23,$39,$-4,$-2,$-6,$3,$-8,$-8,$-8,$-2,$-4,$40,42,$-0.18,$-0.18,$94,$6,$0,$124,$3,$0,$111,$16,$129,$253,$87,$0,$81,$81,$168,$0,$-263,$-23,$86,$253,$68,$5,$-22,$-17,$3,$-3,$1,$-48,$-35,$17,$-1,$-53,$0,$38,$0,$38,$0,$-16,$-0,$0,$-0,$-22,$-22,$0,$-1,$-23,$-23,$8,$0
4,2017-09-30,10.5,$2.33,4.51,$4.32,2.43,$2.52,4.17,$1.90,5.53,$0.15B,$0.10B,1.53,$0.00B,$0.10B,0.01,$0.18B,$0.17B,91.76%,$0.18B,$0.11B,60.44%,$0.18B,$0.11B,60.44%,$0.18B,$0.12B,63.74%,$0.18B,$0.12B,63.74%,$0.18B,$0.08B,45.05%,$0.08B,$0.10B,119.71%,$0.08B,$-0.02B,820.00%,$0.08B,$0.28B,31.54%,$0.11B,$0.10B,158.84%,$40,$4,$36,$8,$12,$14,$26,$1,$28,$6,$22,$22,$22,$27,$26,$40,41,$0.54,$0.52,$116,$6,$0,$149,$3,$0,$113,$13,$128,$277,$97,$1,$83,$84,$181,$0,$-254,$-23,$96,$277,$77,$3,$-27,$-25,$-6,$-3,$1,$-29,$-22,$30,$-1,$-52,$0,$38,$0,$38,$0,$-15,$0,$0,$0,$-16,$-16,$0,$-1,$-17,$-2,$6,$0
5,2017-06-30,11.03,$1.85,5.96,$4.14,2.66,$2.04,5.41,$0.84,13.13,$0.20B,$0.09B,2.3,$0.00B,$0.08B,0.01,$0.17B,$0.16B,91.95%,$0.17B,$0.07B,39.08%,$0.17B,$0.07B,39.08%,$0.17B,$0.08B,44.25%,$0.17B,$0.07B,40.80%,$0.17B,$0.04B,22.99%,$0.04B,$0.08B,74.42%,$0.04B,$0.04B,333.33%,$0.04B,$0.26B,15.83%,$0.07B,$0.08B,124.77%,$46,$5,$42,$7,$12,$12,$34,$2,$36,$7,$29,$29,$29,$35,$34,$41,42,$0.70,$0.68,$174,$6,$0,$204,$3,$0,$40,$11,$55,$259,$89,$1,$93,$94,$182,$0,$-276,$-23,$77,$259,$55,$2,$-17,$-15,$-1,$-2,$5,$-20,$-6,$34,$-0,$0,$0,$-16,$0,$-16,$0,$-16,$0,$0,$0,$-13,$-13,$0,$-1,$-13,$4,$4,$0
6,2017-03-31,9.68,$1.43,6.78,$3.99,2.43,$1.63,5.95,$-0.32,0.0,$0.21B,$0.08B,2.43,$0.00B,$0.06B,0.01,$0.17B,$0.15B,91.62%,$0.17B,$0.02B,13.17%,$0.17B,$0.02B,13.17%,$0.17B,$0.03B,20.36%,$0.17B,$0.02B,13.17%,$0.17B,$-0.01B,-5.39%,$-0.01B,$0.06B,-18.95%,$-0.01B,$0.02B,-240.00%,$-0.01B,$0.26B,-3.59%,$0.02B,$0.06B,45.36%,$53,$4,$49,$7,$12,$19,$33,$1,$34,$9,$26,$26,$26,$34,$33,$41,43,$0.63,$0.61,$179,$5,$0,$205,$3,$0,$41,$10,$54,$259,$84,$1,$115,$116,$200,$0,$-305,$-23,$59,$259,$26,$1,$-6,$-5,$4,$-2,$1,$-11,$4,$25,$-0,$0,$0,$-32,$0,$-32,$0,$-32,$0,$0,$0,$0,$0,$0,$-0,$-0,$-7,$2,$0
7,2016-12-31,10.39,$1.02,10.22,$3.64,2.85,$1.53,6.81,$-1.06,0.0,$0.18B,$0.06B,2.9,$0.00B,$0.04B,0.01,$0.15B,$0.14B,90.67%,$0.15B,$-0.00B,-3.33%,$0.15B,$-0.00B,-3.33%,$0.15B,$0.01B,6.00%,$0.15B,$-0.01B,-7.33%,$0.15B,$-0.04B,-27.33%,$-0.04B,$0.04B,-81.59%,$-0.04B,$0.00B,-1640.00%,$-0.04B,$0.25B,-16.43%,$-0.00B,$0.04B,-9.80%,$43,$3,$40,$13,$11,$26,$17,$1,$18,$13,$5,$5,$5,$20,$17,$41,41,$0.11,$0.11,$154,$3,$0,$181,$3,$0,$41,$9,$64,$245,$62,$1,$140,$141,$203,$0,$-320,$-24,$42,$245,$-41,$14,$67,$82,$-10,$2,$-0,$-21,$-21,$19,$-1,$0,$1,$-36,$0,$-36,$0,$-37,$-2,$0,$-2,$0,$0,$0,$-7,$-8,$-26,$15,$0
8,2016-09-30,12.4,$0.89,13.88,$3.60,3.45,$3.00,4.13,$0.58,21.38,$0.18B,$0.06B,3.01,$0.00B,$0.04B,0.02,$0.15B,$0.14B,90.67%,$0.15B,$0.05B,36.00%,$0.15B,$0.05B,36.00%,$0.15B,$0.07B,46.00%,$0.15B,$0.06B,37.33%,$0.15B,$0.03B,20.00%,$0.03B,$0.04B,52.63%,$0.03B,$-0.01B,272.73%,$0.03B,$0.25B,12.40%,$0.05B,$0.04B,93.51%,$32,$3,$29,$8,$13,$48,$-16,$-0,$-17,$3,$-20,$-20,$-20,$-12,$-16,$41,41,$-0.48,$-0.48,$150,$4,$0,$178,$3,$0,$45,$11,$70,$248,$59,$1,$151,$152,$211,$6,$-325,$-20,$37,$248,$-46,$12,$65,$76,$-8,$2,$1,$-18,$-19,$11,$-1,$0,$1,$-50,$0,$-50,$0,$-50,$-1,$0,$-1,$0,$0,$0,$-7,$-8,$-46,$11,$0
9,2016-06-30,10.74,$1.26,8.54,$3.98,2.7,$4.15,2.59,$0.39,27.54,$0.18B,$0.06B,3.05,$0.00B,$0.05B,0.02,$0.17B,$0.15B,92.12%,$0.17B,$0.06B,33.94%,$0.17B,$0.06B,33.94%,$0.17B,$0.07B,42.42%,$0.17B,$0.05B,31.52%,$0.17B,$0.02B,13.33%,$0.02B,$0.05B,46.07%,$0.02B,$0.00B,169.23%,$0.02B,$0.25B,12.22%,$0.06B,$0.05B,116.06%,$39,$4,$35,$8,$11,$50,$-12,$-1,$-13,$7,$-20,$-20,$-20,$-8,$-12,$41,41,$-0.48,$-0.48,$155,$4,$0,$178,$3,$0,$48,$10,$72,$250,$58,$1,$139,$140,$198,$6,$-305,$-19,$52,$250,$-26,$8,$38,$46,$-2,$2,$-0,$-11,$-4,$16,$-1,$0,$0,$-50,$0,$-50,$0,$-50,$-1,$0,$-1,$0,$0,$0,$-7,$-7,$-41,$5,$0
10,2016-03-31,11.04,$1.31,8.42,$4.25,2.6,$4.74,2.33,$0.44,25.09,$0.18B,$0.06B,2.96,$0.00B,$0.07B,0.01,$0.18B,$0.16B,93.14%,$0.18B,$0.07B,37.71%,$0.18B,$0.07B,37.71%,$0.18B,$0.08B,45.14%,$0.18B,$0.06B,32.57%,$0.18B,$0.03B,14.29%,$0.03B,$0.07B,65.36%,$0.03B,$0.01B,476.19%,$0.03B,$0.26B,15.22%,$0.07B,$0.07B,99.25%,$36,$4,$32,$5,$9,$31,$6,$-4,$1,$7,$-6,$-6,$-6,$9,$6,$41,41,$-0.15,$-0.15,$160,$5,$0,$180,$3,$0,$57,$3,$75,$255,$61,$1,$120,$124,$185,$6,$-286,$-17,$70,$255,$-6,$4,$14,$18,$2,$1,$6,$-3,$9,$20,$-0,$0,$0,$-41,$0,$-41,$0,$-41,$-1,$0,$-1,$0,$0,$0,$-6,$-7,$-27,$2,$0
11,2015-12-31,12.21,$1.68,7.28,$4.13,2.96,$4.84,2.52,$0.86,14.2,$0.17B,$0.05B,3.68,$0.00B,$0.07B,0.01,$0.17B,$0.16B,93.02%,$0.17B,$0.07B,40.70%,$0.17B,$0.07B,40.70%,$0.17B,$0.08B,48.26%,$0.17B,$0.08B,45.35%,$0.17B,$0.04B,25.00%,$0.04B,$0.07B,163.81%,$0.04B,$0.04B,-1323.08%,$0.04B,$0.22B,29.25%,$0.07B,$0.07B,94.28%,$43,$3,$40,$5,$-44,$-33,$76,$7,$85,$10,$75,$76,$76,$80,$76,$41,43,$1.85,$1.75,$145,$4,$2,$166,$3,$0,$34,$0,$49,$215,$45,$1,$100,$101,$146,$6,$-279,$-23,$69,$215,$41,$13,$34,$13,$-8,$3,$-9,$6,$-5,$84,$-2,$0,$0,$-30,$0,$-30,$0,$-32,$-9,$0,$-9,$7,$7,$0,$-22,$-24,$25,$8,$0
12,2015-09-30,16.31,$0.00,0.0,$3.21,5.08,$2.63,6.21,$-1.58,0.0,$0.00B,$0.00B,0.0,$0.00B,$0.00B,0.0,$0.13B,$0.13B,94.70%,$0.13B,$-0.07B,-55.30%,$0.13B,$-0.07B,-55.30%,$0.13B,$-0.06B,-46.21%,$0.13B,$-0.04B,-28.03%,$0.13B,$-0.06B,-45.45%,$-0.06B,$0.00B,-393.44%,$-0.06B,$0.00B,342.86%,$-0.06B,$0.00B,-43.88%,$-0.07B,$0.00B,-115.42%,$47,$2,$45,$7,$5,$62,$-14,$-6,$-21,$7,$-28,$-28,$-28,$-11,$-14,$41,41,$-0.69,$-0.69,$0,$0,$0,$0,$0,$0,$0,$0,$0,$0,$0,$0,$0,$0,$0,$0,$0,$0,$0,$0,$-32,$10,$88,$98,$-1,$2,$2,$-3,$-9,$58,$-1,$0,$0,$-22,$0,$-22,$0,$-23,$-8,$0,$-8,$7,$7,$0,$-15,$-16,$16,$6,$0
13,2015-06-30,21.19,$0.00,0.0,$2.22,9.53,$-0.36,0.0,$-1.11,0.0,$0.13B,$0.05B,2.51,$0.11B,$0.01B,8.21,$0.09B,$0.09B,92.39%,$0.09B,$-0.07B,-70.65%,$0.09B,$-0.07B,-70.65%,$0.09B,$-0.05B,-57.61%,$0.09B,$-0.03B,-28.26%,$0.09B,$-0.04B,-45.65%,$-0.04B,$0.01B,-166.34%,$-0.04B,$-0.03B,210.00%,$-0.04B,$0.19B,-23.63%,$-0.07B,$0.13B,-72.02%,$49,$3,$46,$7,$6,$51,$-2,$-6,$-8,$9,$-17,$-17,$-17,$1,$-2,$40,40,$-0.42,$-0.42,$116,$6,$7,$132,$0,$0,$41,$0,$52,$187,$53,$112,$2,$120,$173,$6,$-326,$0,$14,$187,$-4,$7,$40,$46,$0,$1,$2,$1,$-3,$39,$-1,$0,$0,$-10,$0,$-10,$0,$-11,$-6,$0,$-6,$2,$2,$0,$-6,$-11,$15,$4,$0
14,2015-03-31,17.98,$0.00,0.0,$1.23,14.61,$-1.53,0.0,$-1.23,0.0,$0.13B,$0.08B,1.67,$0.08B,$0.02B,3.53,$0.05B,$0.05B,88.24%,$0.05B,$-0.07B,-133.33%,$0.05B,$-0.07B,-133.33%,$0.05B,$-0.06B,-107.84%,$0.05B,$-0.04B,-76.47%,$0.05B,$-0.05B,-90.20%,$-0.05B,$0.02B,-126.90%,$-0.05B,$-0.02B,383.33%,$-0.05B,$0.19B,-26.32%,$-0.07B,$0.10B,-75.14%,$33,$4,$29,$6,$4,$23,$10,$12,$22,$10,$12,$12,$12,$13,$10,$40,43,$0.29,$0.27,$113,$5,$11,$129,$0,$0,$44,$0,$55,$186,$78,$79,$2,$87,$164,$6,$-309,$0,$22,$186,$12,$3,$1,$4,$1,$1,$2,$2,$9,$25,$-0,$0,$0,$-23,$0,$-23,$0,$-23,$0,$0,$0,$0,$0,$0,$-0,$-0,$-1,$2,$0
15,2014-12-31,17.13,$0.62,27.66,$0.79,21.61,$-2.22,0.0,$-2.44,0.0,$0.11B,$0.07B,1.59,$0.00B,$0.03B,0.05,$0.03B,$0.02B,85.19%,$0.03B,$-0.08B,-300.00%,$0.03B,$-0.08B,-300.00%,$0.03B,$-0.07B,-251.85%,$0.03B,$-0.09B,-333.33%,$0.03B,$-0.09B,-314.81%,$-0.09B,$0.03B,-169.15%,$-0.09B,$-0.02B,6800.00%,$-0.09B,$0.17B,-48.92%,$-0.08B,$0.03B,-81.82%,$3,$-2,$5,$-4,$64,$70,$-67,$50,$-30,$2,$-32,$-32,$-27,$-64,$-67,$39,39,$-0.69,$-0.69,$93,$7,$11,$112,$18,$0,$47,$13,$78,$174,$71,$1,$2,$4,$149,$6,$-320,$-7,$25,$174,$-85,$14,$53,$14,$3,$-3,$7,$0,$0,$-11,$-2,$0,$0,$-55,$0,$-68,$27,$-43,$-35,$0,$-34,$132,$132,$0,$-2,$96,$33,$3,$0
16,2014-09-30,14.31,$0.00,0.0,$0.96,14.97,$-2.70,0.0,$-1.55,0.0,$0.10B,$0.05B,2.08,$0.07B,$0.04B,1.7,$0.03B,$0.03B,93.33%,$0.03B,$-0.04B,-130.00%,$0.03B,$-0.04B,-130.00%,$0.03B,$-0.03B,-93.33%,$0.03B,$-0.06B,-210.00%,$0.03B,$-0.05B,-176.67%,$-0.05B,$0.04B,-127.71%,$-0.05B,$-0.01B,415.69%,$-0.05B,$0.16B,-33.28%,$-0.04B,$0.11B,-36.53%,$7,$2,$5,$7,$4,$13,$-6,$-4,$-10,$-0,$-10,$-10,$-10,$-3,$-6,$39,39,$-0.26,$-0.26,$76,$6,$13,$99,$0,$0,$50,$0,$50,$164,$48,$68,$9,$77,$124,$6,$-293,$0,$40,$164,$-58,$11,$0,$11,$0,$0,$0,$0,$9,$-4,$-57,$0,$0,$0,$0,$0,$0,$-57,$0,$-34,$0,$0,$119,$0,$-1,$83,$17,$0,$0
17,2014-06-30,15.0,$0.00,0.0,$0.99,15.09,$-1.69,0.0,$-1.54,0.0,$0.11B,$0.04B,2.78,$0.07B,$0.06B,1.2,$0.03B,$0.03B,93.10%,$0.03B,$-0.04B,-134.48%,$0.03B,$-0.04B,-134.48%,$0.03B,$-0.03B,-103.45%,$0.03B,$-0.06B,-210.34%,$0.03B,$-0.05B,-168.97%,$-0.05B,$0.06B,-176.58%,$-0.05B,$0.01B,168.97%,$-0.05B,$0.18B,-33.22%,$-0.04B,$0.13B,-42.28%,$8,$2,$6,$7,$4,$13,$-5,$-16,$-21,$0,$-21,$-21,$-21,$-1,$-5,$38,38,$-0.55,$-0.55,$78,$6,$18,$105,$0,$0,$53,$0,$53,$175,$38,$69,$10,$79,$117,$6,$-283,$0,$58,$175,$-48,$7,$0,$7,$0,$0,$0,$0,$-2,$-8,$-1,$0,$0,$0,$0,$-28,$4,$-24,$0,$0,$0,$0,$0,$0,$81,$81,$47,$0,$0
18,2014-03-31,13.4,$0.00,0.0,$1.00,13.38,$-2.01,0.0,$-2.28,0.0,$0.11B,$0.04B,2.92,$0.06B,$0.08B,0.73,$0.03B,$0.03B,92.59%,$0.03B,$-0.04B,-148.15%,$0.03B,$-0.04B,-148.15%,$0.03B,$-0.03B,-125.93%,$0.03B,$-0.08B,-285.19%,$0.03B,$-0.06B,-225.93%,$-0.06B,$0.08B,-567.44%,$-0.06B,$0.02B,127.75%,$-0.06B,$0.18B,-45.78%,$-0.04B,$0.14B,-51.61%,$9,$2,$7,$7,$4,$13,$-3,$-26,$-29,$-3,$-27,$-27,$-27,$0,$-3,$28,28,$-0.94,$-0.94,$84,$5,$16,$109,$0,$0,$56,$0,$56,$182,$37,$57,$10,$66,$104,$6,$-262,$0,$78,$182,$-27,$4,$0,$4,$0,$0,$0,$0,$0,$-2,$-0,$0,$0,$0,$0,$0,$-27,$-28,$0,$0,$0,$0,$114,$0,$-34,$80,$49,$0,$0
19,2013-12-31,8.05,$0.00,0.0,$0.88,9.16,$-2.23,0.0,$-1.69,0.0,$0.03B,$0.04B,0.83,$0.07B,$-0.01B,-6.98,$0.02B,$0.02B,95.65%,$0.02B,$-0.05B,-204.35%,$0.02B,$-0.05B,-204.35%,$0.02B,$-0.04B,-186.96%,$0.02B,$-0.06B,-252.17%,$0.02B,$-0.04B,-186.96%,$-0.04B,$-0.01B,1323.08%,$-0.04B,$-0.07B,68.53%,$-0.04B,$0.12B,-36.29%,$-0.05B,$0.06B,-75.81%,$6,$-3,$10,$4,$30,$31,$-25,$29,$-3,$-5,$2,$5,$5,$-24,$-25,$25,26,$0.20,$0.20,$7,$4,$17,$34,$0,$0,$59,$7,$65,$116,$41,$66,$16,$85,$126,$4,$-236,$0,$-10,$116,$-43,$3,$21,$3,$-1,$-2,$1,$-1,$-2,$-21,$-0,$0,$0,$6,$0,$6,$0,$6,$19,$-0,$19,$0,$0,$0,$-1,$18,$4,$2,$0
20,2013-09-30,6.56,$0.00,0.0,$0.93,7.07,$-2.38,0.0,$-1.53,0.0,$0.03B,$0.03B,0.98,$0.07B,$-0.02B,-4.25,$0.02B,$0.02B,75.00%,$0.02B,$-0.03B,-104.17%,$0.02B,$-0.03B,-104.17%,$0.02B,$-0.02B,-91.67%,$0.02B,$-0.05B,-212.50%,$0.02B,$-0.04B,-162.50%,$-0.04B,$-0.02B,-557.14%,$-0.04B,$-0.08B,73.24%,$-0.04B,$0.12B,-32.84%,$-0.03B,$0.05B,-39.22%,$6,$2,$4,$7,$3,$11,$-6,$-2,$-8,$-1,$-6,$-6,$-6,$-5,$-6,$25,25,$-0.25,$-0.25,$9,$3,$14,$33,$0,$0,$60,$7,$66,$117,$34,$66,$25,$98,$132,$4,$-241,$0,$-15,$117,$-48,$2,$0,$2,$0,$0,$0,$0,$4,$-14,$-1,$0,$0,$0,$0,$5,$0,$4,$0,$-0,$14,$0,$0,$0,$0,$14,$5,$0,$0
21,2013-06-30,6.14,$0.00,0.0,$0.92,6.65,$-1.82,0.0,$-1.54,0.0,$0.04B,$0.02B,2.04,$0.08B,$-0.01B,-7.76,$0.02B,$0.02B,78.26%,$0.02B,$-0.02B,-104.35%,$0.02B,$-0.02B,-104.35%,$0.02B,$-0.02B,-95.65%,$0.02B,$-0.05B,-213.04%,$0.02B,$-0.04B,-169.57%,$-0.04B,$-0.01B,-362.79%,$-0.04B,$-0.07B,113.04%,$-0.04B,$0.12B,-43.58%,$-0.02B,$0.07B,-46.83%,$6,$1,$4,$7,$3,$11,$-6,$-31,$-37,$-4,$-33,$-33,$-33,$-5,$-6,$25,25,$-1.29,$-1.29,$10,$2,$18,$35,$0,$0,$60,$6,$66,$118,$17,$78,$24,$111,$128,$4,$-234,$0,$-10,$118,$-42,$2,$0,$2,$0,$0,$0,$0,$-3,$-13,$-1,$0,$0,$0,$0,$5,$0,$5,$0,$0,$14,$0,$0,$0,$-0,$15,$6,$0,$0
22,2013-03-31,4.3,$0.00,0.0,$0.95,4.54,$-1.80,0.0,$-0.30,0.0,$0.04B,$0.01B,2.91,$0.05B,$0.02B,2.35,$0.02B,$0.02B,82.61%,$0.02B,$-0.02B,-104.35%,$0.02B,$-0.02B,-104.35%,$0.02B,$-0.02B,-95.65%,$0.02B,$-0.02B,-78.26%,$0.02B,$-0.01B,-30.43%,$-0.01B,$0.02B,-35.90%,$-0.01B,$-0.04B,25.00%,$-0.01B,$0.12B,-7.49%,$-0.02B,$0.07B,-45.71%,$5,$1,$4,$9,$5,$15,$-10,$-0,$-10,$-1,$-9,$-9,$-9,$-9,$-10,$25,25,$-0.35,$-0.35,$15,$2,$17,$39,$0,$0,$60,$6,$66,$123,$14,$51,$24,$88,$101,$4,$-201,$0,$22,$123,$-9,$1,$0,$1,$0,$0,$0,$0,$-1,$-8,$-0,$0,$0,$0,$0,$5,$0,$5,$0,$0,$-0,$0,$0,$0,$14,$14,$11,$0,$0
23,2012-12-31,3.03,$0.00,0.0,$1.04,2.92,$-1.68,0.0,$-0.14,0.0,$0.03B,$0.01B,1.75,$0.03B,$0.03B,1.1,$0.03B,$0.02B,84.00%,$0.03B,$-0.02B,-76.00%,$0.03B,$-0.02B,-76.00%,$0.03B,$-0.02B,-68.00%,$0.03B,$-0.01B,-32.00%,$0.03B,$-0.00B,-12.00%,$-0.00B,$0.03B,-13.64%,$-0.00B,$-0.03B,10.71%,$-0.00B,$0.12B,-3.09%,$-0.02B,$0.06B,-35.02%,$7,$2,$6,$6,$3,$11,$-3,$8,$4,$-5,$9,$9,$9,$-3,$-3,$25,25,$0.36,$0.36,$9,$2,$9,$25,$0,$0,$60,$14,$74,$117,$14,$33,$25,$72,$87,$4,$-193,$0,$31,$117,$-3,$3,$0,$3,$0,$0,$0,$0,$-9,$-23,$-1,$0,$0,$0,$0,$15,$2,$15,$0,$0,$6,$0,$1,$0,$-0,$7,$-1,$0,$0
24,2012-09-30,4.09,$0.00,0.0,$1.10,3.72,$-1.21,0.0,$-0.58,0.0,$0.00B,$0.00B,0.0,$0.00B,$0.00B,0.0,$0.03B,$0.02B,81.48%,$0.03B,$-0.02B,-66.67%,$0.03B,$-0.02B,-66.67%,$0.03B,$-0.02B,-59.26%,$0.03B,$-0.01B,-51.85%,$0.03B,$-0.01B,-51.85%,$-0.01B,$0.00B,-64.37%,$-0.01B,$0.00B,107.69%,$-0.01B,$0.00B,-16.47%,$-0.02B,$0.00B,-38.92%,$5,$2,$4,$6,$3,$11,$-5,$-1,$-6,$-0,$-6,$-6,$-6,$-5,$-5,$25,25,$-0.26,$-0.26,$0,$0,$0,$0,$0,$0,$0,$0,$0,$0,$0,$0,$0,$0,$0,$0,$0,$0,$0,$0,$0,$0,$0,$0,$0,$0,$0,$0,$0,$0,$0,$0,$0,$0,$0,$0,$0,$0,$0,$0,$0,$0,$0,$0,$0,$0,$0,$0,$0
25,2012-06-30,4.4,$0.00,0.0,$1.30,3.38,$-1.53,0.0,$-0.25,0.0,$0.03B,$0.02B,1.87,$0.05B,$0.03B,1.89,$0.03B,$0.03B,84.38%,$0.03B,$-0.01B,-37.50%,$0.03B,$-0.01B,-37.50%,$0.03B,$-0.01B,-28.13%,$0.03B,$-0.01B,-18.75%,$0.03B,$-0.01B,-18.75%,$-0.01B,$0.03B,-20.17%,$-0.01B,$-0.04B,120.00%,$-0.01B,$0.13B,-5.81%,$-0.01B,$0.07B,-21.92%,$6,$2,$5,$8,$3,$12,$-6,$0,$-6,$0,$-6,$-1,$-1,$-5,$-6,$25,25,$-0.05,$-0.05,$20,$2,$3,$30,$0,$0,$70,$16,$85,$134,$16,$48,$22,$92,$108,$4,$-195,$0,$25,$134,$-6,$2,$0,$2,$0,$0,$0,$0,$-3,$-13,$-0,$0,$2,$0,$0,$5,$0,$6,$0,$0,$6,$0,$1,$0,$2,$8,$1,$0,$0
26,2012-03-31,5.13,$0.00,0.0,$1.33,3.84,$-1.24,0.0,$-0.34,0.0,$0.03B,$0.02B,1.9,$0.05B,$0.03B,1.5,$0.03B,$0.03B,81.82%,$0.03B,$-0.01B,-30.30%,$0.03B,$-0.01B,-30.30%,$0.03B,$-0.01B,-21.21%,$0.03B,$-0.00B,-9.09%,$0.03B,$-0.01B,-24.24%,$-0.01B,$0.03B,-25.40%,$-0.01B,$-0.04B,-57.14%,$-0.01B,$0.14B,-9.01%,$-0.01B,$0.08B,-22.22%,$7,$1,$6,$6,$5,$12,$-5,$5,$0,$0,$0,$-5,$-5,$-4,$-5,$25,25,$-0.19,$-0.19,$23,$2,$2,$33,$0,$0,$70,$15,$85,$137,$17,$48,$18,$88,$105,$4,$-189,$0,$32,$137,$0,$1,$0,$1,$0,$0,$0,$0,$-0,$-5,$-0,$0,$0,$0,$0,$5,$0,$5,$0,$0,$0,$0,$1,$0,$-0,$1,$1,$0,$0
27,2011-12-31,5.21,$0.00,0.0,$1.32,3.96,$-1.26,0.0,$-0.35,0.0,$0.04B,$0.02B,2.0,$0.00B,$0.03B,0.07,$0.03B,$0.03B,78.79%,$0.03B,$-0.01B,-30.30%,$0.03B,$-0.01B,-30.30%,$0.03B,$-0.01B,-21.21%,$0.03B,$-0.01B,-24.24%,$0.03B,$-0.01B,-24.24%,$-0.01B,$0.03B,-25.00%,$-0.01B,$0.03B,-25.00%,$-0.01B,$0.07B,-11.11%,$-0.01B,$0.03B,-29.41%,$9,$2,$7,$6,$3,$11,$-2,$0,$-2,$0,$-2,$-2,$-2,$-2,$-2,$25,25,$-0.08,$-0.08,$24,$2,$3,$37,$0,$0,$0,$13,$13,$69,$18,$2,$18,$21,$40,$4,$-189,$0,$30,$69,$-9,$3,$0,$3,$0,$0,$0,$0,$-4,$-10,$-2,$0,$0,$0,$0,$1,$0,$-0,$0,$0,$6,$0,$0,$0,$-0,$6,$-5,$0,$0
28,2011-09-30,4.17,$0.00,0.0,$1.51,2.77,$-1.13,0.0,$-0.16,0.0,$0.04B,$0.02B,2.27,$0.00B,$0.03B,0.06,$0.04B,$0.03B,83.78%,$0.04B,$-0.01B,-16.22%,$0.04B,$-0.01B,-16.22%,$0.04B,$-0.00B,-5.41%,$0.04B,$-0.00B,-8.11%,$0.04B,$-0.00B,-8.11%,$-0.00B,$0.03B,-8.96%,$-0.00B,$0.03B,-8.96%,$-0.00B,$0.07B,-4.08%,$-0.01B,$0.03B,-16.90%,$10,$1,$9,$5,$3,$9,$1,$1,$2,$0,$2,$2,$2,$2,$1,$25,25,$0.07,$0.07,$29,$2,$3,$40,$0,$0,$0,$12,$12,$73,$18,$2,$19,$23,$40,$4,$-187,$0,$32,$73,$-7,$3,$0,$3,$0,$0,$0,$0,$-2,$-7,$-1,$0,$0,$0,$0,$1,$0,$-1,$0,$0,$6,$0,$0,$0,$-0,$6,$-1,$0,$0
29,2011-06-30,5.35,$0.00,0.0,$1.42,3.78,$-1.17,0.0,$-0.37,0.0,$0.04B,$0.02B,2.22,$0.00B,$0.03B,0.06,$0.04B,$0.03B,82.86%,$0.04B,$-0.01B,-28.57%,$0.04B,$-0.01B,-28.57%,$0.04B,$-0.01B,-17.14%,$0.04B,$-0.01B,-22.86%,$0.04B,$-0.01B,-22.86%,$-0.01B,$0.03B,-23.70%,$-0.01B,$0.03B,-23.70%,$-0.01B,$0.08B,-10.74%,$-0.01B,$0.03B,-27.97%,$7,$2,$5,$6,$3,$10,$-4,$0,$-3,$0,$-3,$-3,$-3,$-3,$-4,$25,25,$-0.14,$-0.14,$33,$1,$2,$42,$0,$0,$0,$12,$12,$76,$19,$2,$20,$25,$44,$4,$-189,$0,$32,$76,$-8,$2,$0,$2,$0,$0,$0,$0,$2,$-5,$-1,$0,$0,$0,$0,$3,$0,$2,$0,$6,$0,$0,$0,$0,$-0,$5,$3,$0,$0
30,2011-03-31,6.01,$0.00,0.0,$1.45,4.14,$-1.06,0.0,$-0.41,0.0,$0.04B,$0.02B,2.0,$0.00B,$0.03B,0.06,$0.04B,$0.03B,83.33%,$0.04B,$-0.01B,-30.56%,$0.04B,$-0.01B,-30.56%,$0.04B,$-0.01B,-19.44%,$0.04B,$-0.01B,-25.00%,$0.04B,$-0.01B,-25.00%,$-0.01B,$0.03B,-26.67%,$-0.01B,$0.03B,-26.67%,$-0.01B,$0.07B,-12.33%,$-0.01B,$0.04B,-30.56%,$7,$1,$5,$8,$3,$12,$-5,$-0,$-5,$0,$-5,$-5,$-5,$-4,$-5,$25,25,$-0.20,$-0.20,$26,$1,$3,$37,$0,$0,$0,$10,$10,$70,$18,$2,$13,$17,$36,$4,$-186,$0,$34,$70,$-5,$1,$0,$1,$0,$0,$0,$0,$-1,$-4,$-1,$0,$0,$0,$0,$4,$0,$3,$0,$0,$0,$0,$0,$0,$-2,$-2,$-2,$0,$0
31,2010-12-31,6.84,$0.00,0.0,$1.51,4.53,$-1.02,0.0,$-0.38,0.0,$0.05B,$0.02B,2.34,$0.00B,$0.04B,0.05,$0.04B,$0.03B,83.78%,$0.04B,$-0.01B,-27.03%,$0.04B,$-0.01B,-27.03%,$0.04B,$-0.01B,-16.22%,$0.04B,$-0.01B,-21.62%,$0.04B,$-0.01B,-21.62%,$-0.01B,$0.04B,-22.86%,$-0.01B,$0.04B,-22.86%,$-0.01B,$0.08B,-10.56%,$-0.01B,$0.04B,-26.67%,$13,$2,$12,$7,$3,$11,$2,$1,$3,$0,$3,$3,$3,$3,$2,$24,25,$0.11,$0.11,$31,$1,$6,$45,$0,$0,$0,$8,$8,$75,$19,$2,$14,$19,$38,$4,$-181,$0,$36,$75,$-9,$5,$0,$5,$0,$0,$0,$0,$-3,$-5,$-3,$0,$0,$0,$0,$0,$9,$6,$0,$0,$0,$0,$1,$0,$-1,$-1,$-1,$0,$0
32,2010-09-30,7.24,$0.00,0.0,$1.41,5.15,$-0.40,0.0,$-0.72,0.0,$0.05B,$0.02B,2.06,$0.00B,$0.03B,0.05,$0.04B,$0.03B,74.29%,$0.04B,$-0.01B,-37.14%,$0.04B,$-0.01B,-37.14%,$0.04B,$-0.01B,-22.86%,$0.04B,$-0.01B,-34.29%,$0.04B,$-0.02B,-48.57%,$-0.02B,$0.03B,-45.64%,$-0.02B,$0.03B,-45.64%,$-0.02B,$0.08B,-21.12%,$-0.01B,$0.04B,-32.50%,$8,$2,$7,$7,$3,$11,$-3,$-0,$-3,$0,$-3,$-3,$-3,$-2,$-3,$24,24,$-0.14,$-0.14,$32,$1,$7,$50,$0,$0,$0,$4,$4,$77,$24,$2,$14,$20,$44,$4,$-183,$0,$33,$77,$-12,$4,$0,$4,$0,$0,$0,$0,$1,$-5,$-3,$0,$0,$0,$0,$5,$0,$2,$0,$-2,$0,$0,$1,$0,$-0,$-1,$-5,$0,$0
33,2010-06-30,6.96,$0.00,0.0,$1.49,4.69,$0.46,15.05,$-0.72,0.0,$0.05B,$0.02B,2.56,$0.00B,$0.03B,0.09,$0.04B,$0.03B,70.27%,$0.04B,$-0.02B,-40.54%,$0.04B,$-0.02B,-40.54%,$0.04B,$-0.01B,-27.03%,$0.04B,$-0.01B,-37.84%,$0.04B,$-0.02B,-45.95%,$-0.02B,$0.03B,-40.96%,$-0.02B,$0.03B,-40.96%,$-0.02B,$0.07B,-19.83%,$-0.02B,$0.04B,-33.71%,$8,$2,$6,$8,$3,$12,$-5,$0,$-4,$-0,$-4,$-4,$-4,$-4,$-5,$24,24,$-0.18,$-0.18,$34,$1,$6,$47,$0,$0,$0,$3,$3,$70,$18,$3,$13,$20,$38,$4,$-180,$0,$32,$70,$-8,$2,$0,$2,$0,$0,$0,$0,$4,$-1,$-2,$0,$0,$0,$0,$-0,$0,$-2,$0,$0,$-2,$0,$0,$0,$-0,$-1,$-5,$0,$0
34,2010-03-31,8.57,$0.00,0.0,$1.58,5.44,$1.05,8.15,$-0.69,0.0,$0.06B,$0.02B,2.77,$0.00B,$0.04B,0.07,$0.04B,$0.03B,71.79%,$0.04B,$-0.02B,-38.46%,$0.04B,$-0.02B,-38.46%,$0.04B,$-0.01B,-25.64%,$0.04B,$-0.02B,-38.46%,$0.04B,$-0.02B,-43.59%,$-0.02B,$0.04B,-36.96%,$-0.02B,$0.04B,-36.96%,$-0.02B,$0.08B,-18.58%,$-0.02B,$0.04B,-30.77%,$8,$2,$6,$7,$3,$12,$-4,$0,$-4,$0,$-4,$-4,$-4,$-3,$-4,$24,24,$-0.17,$-0.17,$35,$1,$13,$57,$0,$0,$0,$2,$2,$81,$20,$3,$14,$22,$42,$4,$-176,$0,$39,$81,$-4,$1,$0,$1,$0,$0,$0,$0,$-1,$-3,$-1,$0,$0,$0,$0,$-1,$0,$-2,$0,$0,$-2,$0,$0,$0,$-0,$-2,$-8,$0,$0
35,2009-12-31,7.4,$0.00,0.0,$1.74,4.26,$1.53,4.84,$-0.47,0.0,$0.07B,$0.02B,2.92,$0.00B,$0.05B,0.07,$0.04B,$0.03B,74.42%,$0.04B,$-0.01B,-25.58%,$0.04B,$-0.01B,-25.58%,$0.04B,$-0.01B,-13.95%,$0.04B,$-0.01B,-25.58%,$0.04B,$-0.01B,-27.91%,$-0.01B,$0.05B,-24.74%,$-0.01B,$0.05B,-24.74%,$-0.01B,$0.09B,-12.77%,$-0.01B,$0.05B,-21.57%,$11,$4,$7,$4,$4,$12,$-1,$0,$-1,$5,$-6,$-6,$-6,$1,$-1,$24,24,$-0.23,$-0.23,$44,$1,$13,$67,$0,$0,$0,$3,$3,$94,$23,$3,$17,$27,$49,$4,$-172,$0,$45,$94,$-11,$6,$0,$6,$0,$0,$0,$0,$11,$8,$-2,$0,$0,$0,$0,$-22,$0,$-24,$0,$0,$0,$0,$0,$0,$-2,$-2,$-18,$0,$0
36,2009-09-30,8.76,$0.00,0.0,$1.69,5.17,$0.81,10.83,$-0.35,0.0,$0.07B,$0.02B,3.22,$0.00B,$0.05B,0.05,$0.04B,$0.03B,78.05%,$0.04B,$-0.02B,-36.59%,$0.04B,$-0.02B,-36.59%,$0.04B,$-0.01B,-24.39%,$0.04B,$-0.02B,-36.59%,$0.04B,$-0.01B,-21.95%,$-0.01B,$0.05B,-18.18%,$-0.01B,$0.05B,-18.18%,$-0.01B,$0.10B,-9.63%,$-0.02B,$0.05B,-28.99%,$10,$3,$7,$9,$3,$15,$-5,$-0,$-5,$-2,$-3,$-3,$-3,$-4,$-5,$24,24,$-0.14,$-0.14,$49,$2,$11,$69,$0,$0,$0,$3,$3,$98,$21,$2,$19,$26,$48,$4,$-166,$0,$50,$98,$-6,$4,$0,$4,$0,$0,$0,$0,$12,$14,$-2,$0,$0,$0,$0,$-31,$0,$-32,$0,$-4,$0,$0,$0,$0,$1,$-3,$-22,$0,$0
37,2009-06-30,7.0,$0.00,0.0,$1.66,4.21,$-0.04,0.0,$-0.31,0.0,$0.06B,$0.02B,3.64,$0.00B,$0.05B,0.05,$0.04B,$0.03B,80.00%,$0.04B,$-0.02B,-37.50%,$0.04B,$-0.02B,-37.50%,$0.04B,$-0.01B,-22.50%,$0.04B,$-0.01B,-35.00%,$0.04B,$-0.01B,-20.00%,$-0.01B,$0.05B,-16.08%,$-0.01B,$0.05B,-16.08%,$-0.01B,$0.09B,-8.77%,$-0.02B,$0.05B,-28.99%,$10,$2,$8,$10,$3,$15,$-5,$0,$-5,$-2,$-4,$-4,$-4,$-4,$-5,$24,24,$-0.15,$-0.15,$45,$3,$3,$59,$0,$0,$0,$9,$9,$93,$16,$2,$19,$27,$43,$4,$-163,$0,$50,$93,$-2,$3,$0,$3,$0,$0,$0,$0,$9,$12,$-1,$0,$0,$0,$0,$-26,$0,$-27,$0,$-0,$0,$0,$0,$0,$-4,$-4,$-20,$0,$0
38,2009-03-31,6.0,$0.00,0.0,$1.65,3.64,$-0.89,0.0,$-0.30,0.0,$0.06B,$0.02B,3.06,$0.00B,$0.05B,0.05,$0.04B,$0.03B,79.49%,$0.04B,$-0.02B,-41.03%,$0.04B,$-0.02B,-41.03%,$0.04B,$-0.01B,-23.08%,$0.04B,$-0.01B,-35.90%,$0.04B,$-0.01B,-17.95%,$-0.01B,$0.05B,-13.59%,$-0.01B,$0.05B,-13.59%,$-0.01B,$0.09B,-7.51%,$-0.02B,$0.05B,-29.77%,$12,$2,$10,$7,$3,$12,$-0,$0,$-0,$-1,$1,$1,$1,$1,$-0,$24,24,$0.05,$0.05,$39,$2,$8,$59,$0,$0,$0,$7,$7,$91,$19,$2,$20,$23,$42,$4,$-159,$0,$49,$91,$1,$1,$0,$1,$0,$0,$0,$0,$5,$8,$-0,$0,$0,$0,$0,$-11,$0,$-12,$0,$-0,$-4,$0,$0,$0,$0,$-4,$-9,$0,$0
39,2008-12-31,3.92,$0.00,0.0,$1.60,2.44,$-1.39,0.0,$-0.50,0.0,$0.06B,$0.02B,2.92,$0.00B,$0.05B,0.05,$0.04B,$0.03B,76.32%,$0.04B,$-0.02B,-55.26%,$0.04B,$-0.02B,-55.26%,$0.04B,$-0.01B,-34.21%,$0.04B,$-0.02B,-50.00%,$0.04B,$-0.01B,-31.58%,$-0.01B,$0.05B,-22.43%,$-0.01B,$0.05B,-22.43%,$-0.01B,$0.09B,-12.40%,$-0.02B,$0.05B,-37.50%,$9,$2,$7,$10,$2,$14,$-5,$0,$-5,$-2,$-3,$-3,$-3,$-3,$-5,$24,24,$-0.11,$-0.11,$37,$2,$13,$59,$0,$0,$0,$5,$5,$92,$20,$2,$20,$23,$43,$4,$-160,$0,$49,$92,$-12,$7,$0,$7,$0,$0,$0,$0,$-9,$-8,$-4,$0,$0,$0,$0,$4,$0,$1,$0,$8,$0,$0,$1,$0,$0,$9,$1,$0,$0
40,2008-09-30,7.32,$0.00,0.0,$1.65,4.43,$-2.20,0.0,$-0.62,0.0,$0.05B,$0.02B,2.68,$0.00B,$0.05B,0.05,$0.04B,$0.03B,70.00%,$0.04B,$-0.02B,-60.00%,$0.04B,$-0.02B,-60.00%,$0.04B,$-0.02B,-40.00%,$0.04B,$-0.02B,-55.00%,$0.04B,$-0.01B,-35.00%,$-0.01B,$0.05B,-25.45%,$-0.01B,$0.05B,-25.45%,$-0.01B,$0.09B,-14.14%,$-0.02B,$0.05B,-41.74%,$9,$3,$7,$8,$3,$14,$-5,$1,$-4,$-2,$-2,$-2,$-2,$-3,$-5,$24,24,$-0.10,$-0.10,$33,$2,$8,$50,$0,$0,$0,$9,$9,$89,$19,$2,$17,$20,$38,$4,$-157,$0,$51,$89,$-9,$6,$0,$6,$0,$0,$0,$0,$-6,$-5,$-3,$0,$0,$0,$0,$11,$0,$7,$0,$-0,$0,$0,$1,$0,$0,$0,$2,$0,$0
41,2008-06-30,10.01,$0.00,0.0,$1.65,6.08,$-3.05,0.0,$-0.90,0.0,$0.05B,$0.02B,2.34,$0.00B,$0.06B,0.05,$0.04B,$0.03B,65.00%,$0.04B,$-0.03B,-70.00%,$0.04B,$-0.03B,-70.00%,$0.04B,$-0.02B,-52.50%,$0.04B,$-0.03B,-67.50%,$0.04B,$-0.02B,-52.50%,$-0.02B,$0.06B,-37.50%,$-0.02B,$0.06B,-37.50%,$-0.02B,$0.10B,-20.44%,$-0.03B,$0.06B,-47.46%,$9,$2,$7,$9,$4,$15,$-6,$0,$-5,$-2,$-3,$-3,$-3,$-4,$-6,$24,24,$-0.14,$-0.14,$34,$2,$9,$52,$0,$0,$0,$14,$14,$101,$22,$3,$19,$22,$44,$3,$-155,$0,$57,$101,$-7,$4,$0,$4,$0,$0,$0,$0,$-8,$-8,$-2,$0,$0,$0,$0,$4,$0,$2,$0,$-0,$0,$0,$0,$0,$0,$0,$-4,$0,$0
42,2008-03-31,9.32,$0.00,0.0,$1.58,5.91,$-3.51,0.0,$-1.33,0.0,$0.06B,$0.03B,2.23,$0.00B,$0.06B,0.05,$0.04B,$0.02B,60.53%,$0.04B,$-0.04B,-94.74%,$0.04B,$-0.04B,-94.74%,$0.04B,$-0.03B,-76.32%,$0.04B,$-0.04B,-94.74%,$0.04B,$-0.03B,-84.21%,$-0.03B,$0.06B,-56.64%,$-0.03B,$0.06B,-56.64%,$-0.03B,$0.11B,-30.77%,$-0.04B,$0.06B,-60.50%,$11,$2,$8,$9,$4,$16,$-5,$0,$-5,$-1,$-4,$-4,$-4,$-3,$-5,$24,24,$-0.15,$-0.15,$39,$2,$9,$57,$0,$0,$0,$12,$12,$105,$26,$3,$19,$22,$48,$3,$-152,$0,$57,$105,$-4,$2,$0,$2,$0,$0,$0,$0,$-4,$-3,$-1,$0,$0,$0,$0,$8,$0,$7,$0,$-0,$0,$0,$0,$0,$0,$-0,$5,$0,$0
43,2007-12-31,9.98,$0.00,0.0,$1.53,6.54,$-3.76,0.0,$-1.56,0.0,$0.06B,$0.03B,2.25,$0.00B,$0.06B,0.05,$0.04B,$0.02B,54.05%,$0.04B,$-0.04B,-110.81%,$0.04B,$-0.04B,-110.81%,$0.04B,$-0.03B,-91.89%,$0.04B,$-0.04B,-108.11%,$0.04B,$-0.04B,-100.00%,$-0.04B,$0.06B,-62.45%,$-0.04B,$0.06B,-62.45%,$-0.04B,$0.10B,-35.32%,$-0.04B,$0.06B,-65.86%,$11,$5,$6,$10,$4,$19,$-8,$0,$-8,$-2,$-6,$-5,$-5,$-6,$-8,$24,24,$-0.23,$-0.23,$41,$2,$8,$56,$0,$0,$0,$10,$10,$101,$25,$2,$19,$22,$47,$3,$-148,$0,$55,$101,$-38,$6,$0,$6,$0,$0,$0,$0,$2,$-19,$-11,$0,$0,$0,$0,$-2,$0,$-13,$0,$0,$0,$0,$1,$0,$2,$3,$-26,$0,$0
44,2007-09-30,8.99,$0.00,0.0,$1.41,6.36,$-4.01,0.0,$-1.58,0.0,$0.06B,$0.03B,2.28,$0.00B,$0.06B,0.06,$0.03B,$0.02B,61.76%,$0.03B,$-0.04B,-120.59%,$0.03B,$-0.04B,-120.59%,$0.03B,$-0.04B,-102.94%,$0.03B,$-0.04B,-117.65%,$0.03B,$-0.04B,-111.76%,$-0.04B,$0.06B,-59.61%,$-0.04B,$0.06B,-59.61%,$-0.04B,$0.10B,-35.10%,$-0.04B,$0.06B,-61.19%,$9,$4,$5,$10,$4,$18,$-9,$0,$-9,$0,$-9,$-9,$-9,$-8,$-9,$24,24,$-0.38,$-0.38,$41,$3,$10,$62,$0,$0,$0,$8,$8,$104,$27,$3,$18,$21,$48,$3,$-142,$0,$55,$104,$-32,$5,$0,$5,$0,$0,$0,$0,$1,$-18,$-11,$0,$0,$0,$0,$1,$0,$-10,$0,$0,$-0,$0,$1,$0,$3,$3,$-22,$0,$0
45,2007-06-30,20.97,$0.00,0.0,$1.27,16.57,$-4.08,0.0,$-1.63,0.0,$0.06B,$0.03B,2.5,$0.00B,$0.06B,0.05,$0.03B,$0.02B,66.67%,$0.03B,$-0.04B,-143.33%,$0.03B,$-0.04B,-143.33%,$0.03B,$-0.04B,-120.00%,$0.03B,$-0.04B,-136.67%,$0.03B,$-0.04B,-130.00%,$-0.04B,$0.06B,-57.35%,$-0.04B,$0.06B,-57.35%,$-0.04B,$0.11B,-35.45%,$-0.04B,$0.06B,-60.56%,$7,$4,$4,$13,$5,$21,$-14,$0,$-14,$0,$-14,$-14,$-14,$-12,$-14,$24,24,$-0.57,$-0.57,$47,$3,$6,$63,$0,$0,$0,$13,$13,$106,$25,$3,$19,$22,$47,$3,$-133,$0,$59,$106,$-23,$3,$0,$3,$0,$0,$0,$0,$-1,$-14,$-6,$0,$0,$0,$0,$1,$0,$-5,$0,$0,$-0,$0,$1,$0,$3,$3,$-15,$0,$0
46,2007-03-31,25.6,$0.00,0.0,$1.15,22.17,$-4.16,0.0,$-1.46,0.0,$0.07B,$0.02B,3.45,$0.00B,$0.07B,0.05,$0.03B,$0.02B,71.43%,$0.03B,$-0.04B,-139.29%,$0.03B,$-0.04B,-139.29%,$0.03B,$-0.03B,-114.29%,$0.03B,$-0.04B,-128.57%,$0.03B,$-0.03B,-121.43%,$-0.03B,$0.07B,-46.58%,$-0.03B,$0.07B,-46.58%,$-0.03B,$0.11B,-30.36%,$-0.04B,$0.07B,-51.32%,$10,$4,$5,$11,$4,$19,$-10,$0,$-9,$-0,$-9,$-9,$-9,$-8,$-10,$24,24,$-0.38,$-0.38,$53,$3,$6,$68,$0,$0,$0,$13,$13,$108,$20,$3,$18,$21,$40,$3,$-119,$0,$68,$108,$-9,$1,$0,$1,$0,$0,$0,$0,$-3,$-7,$-3,$0,$0,$0,$0,$3,$0,$-0,$0,$0,$-0,$0,$0,$0,$0,$0,$-7,$0,$0
47,2006-12-31,29.95,$0.00,0.0,$0.97,30.93,$-4.18,0.0,$-1.49,0.0,$0.08B,$0.02B,3.6,$0.00B,$0.07B,0.04,$0.02B,$0.02B,78.26%,$0.02B,$-0.04B,-169.57%,$0.02B,$-0.04B,-169.57%,$0.02B,$-0.03B,-143.48%,$0.02B,$-0.04B,-160.87%,$0.02B,$-0.04B,-152.17%,$-0.04B,$0.07B,-45.75%,$-0.04B,$0.07B,-45.75%,$-0.04B,$0.12B,-30.70%,$-0.04B,$0.08B,-49.06%,$8,$1,$7,$10,$5,$16,$-8,$0,$-8,$-2,$-6,$-6,$-6,$-7,$-8,$24,24,$-0.25,$-0.25,$63,$3,$5,$77,$0,$0,$0,$12,$12,$115,$21,$3,$17,$21,$42,$3,$-110,$0,$73,$115,$-35,$6,$0,$6,$0,$0,$0,$0,$-9,$-30,$-6,$0,$0,$0,$0,$79,$0,$73,$0,$0,$-0,$0,$3,$0,$3,$5,$51,$0,$0
