,Date,Stock Price,Book Value per Share,Price to Book Ratio,TTM Sales per Share,Price to Sales Ratio,TTM FCF per Share,Price to FCF Ratio,TTM Net EPS,PE Ratio,Current Assets,Current Liabilities,Current Ratio,Long Term Debt,Shareholder's Equity_x,Debt to Equity Ratio,TTM Revenue_x,TTM Gross Profit,Gross Margin,TTM Revenue_y,TTM Operating Income,Operating Margin,TTM Revenue_x,TTM EBIT,EBIT Margin,TTM Revenue_y,TTM EBITDA,EBITDA Margin,TTM Revenue_x,TTM Pre-Tax Income,Pre-Tax Margin,TTM Revenue_y,TTM Net Income_x,Net Margin,TTM Net Income_y,Shareholder's Equity_y,Return on Equity,TTM Net Income_x,Tangible Equity,Return on Tangible Equity,TTM Net Income_y,Total Assets,Return on Assets,TTM Net Income,LT Investments & Debt,Return on Investment,revenue,cost-goods-sold,gross-profit,research-development-expenses,selling-general-administrative-expenses,operating-expenses,operating-income,total-non-operating-income-expense,pre-tax-income,total-provision-income-taxes,income-after-taxes,income-from-continuous-operations,net-income,ebitda,ebit,basic-shares-outstanding,shares-outstanding,eps-basic-net-earnings-per-share,eps-earnings-per-share-diluted,cash-on-hand,inventory,other-current-assets,total-current-assets,net-property-plant-equipment,long-term-investments,goodwill-intangible-assets-total,other-long-term-assets,total-long-term-assets,total-assets,total-current-liabilities,long-term-debt,other-non-current-liabilities,total-long-term-liabilities,total-liabilities,common-stock-net,retained-earnings-accumulated-deficit,comprehensive-income,total-share-holder-equity,total-liabilities-share-holders-equity,net-income-loss,total-depreciation-amortization-cash-flow,other-non-cash-items,total-non-cash-items,change-in-accounts-receivable,change-in-inventories,change-in-accounts-payable,change-in-assets-liabilities,total-change-in-assets-liabilities,cash-flow-from-operating-activities,net-change-in-property-plant-equipment,net-change-in-intangible-assets,net-acquisitions-divestitures,net-change-in-short-term-investments,net-change-in-long-term-investments,net-change-in-investments-total,investing-activities-other,cash-flow-from-investing-activities,net-long-term-debt,net-current-debt,debt-issuance-retirement-net-total,net-common-equity-issued-repurchased,net-total-equity-issued-repurchased,total-common-preferred-stock-dividends-paid,financial-activities-other,cash-flow-from-financial-activities,net-cash-flow,stock-based-compensation,common-stock-dividends-paid
0,2018-07-31,221.77,$66.47,3.34,$46.68,4.75,$40.11,5.53,$27.16,8.17,$8.70B,$2.19B,3.98,$17.49B,$27.45B,0.64,$20.25B,$10.18B,50.28%,$20.25B,$4.24B,20.93%,$20.25B,$4.24B,20.93%,$20.25B,$8.59B,42.44%,$20.25B,$3.77B,18.61%,$20.25B,$11.68B,57.66%,$11.68B,$27.45B,41.78%,$11.68B,$-11.07B,-112.29%,$11.68B,$50.37B,21.80%,$4.24B,$44.94B,9.33%,$5063,$2444,$2619,$959,$234,$3724,$1339,$-110,$1229,$32,$1197,$1197,$1196,$2310,$1339,$430,441,$2.78,$2.71,$4136,$1216,$333,$8695,$2695,$0,$38518,$464,$41677,$50372,$2187,$17487,$3246,$20733,$22920,$23291,$4267,$-106,$27452,$50372,$11495,$3131,$-7567,$-4436,$-340,$325,$-353,$-359,$-814,$6245,$-291,$0,$-4011,$0,$-195,$-195,$-59,$-4556,$-877,$0,$-877,$-5607,$-5607,$-2275,$2,$-8757,$-7068,$910,$-2275
1,2018-04-30,227.89,$73.55,3.1,$45.23,5.04,$35.05,6.5,$25.59,8.91,$12.47B,$2.12B,5.87,$17.48B,$32.07B,0.55,$19.65B,$9.71B,49.42%,$19.65B,$3.55B,18.05%,$19.65B,$3.55B,18.05%,$19.65B,$8.15B,41.46%,$19.65B,$3.09B,15.71%,$19.65B,$10.96B,55.79%,$10.96B,$32.07B,40.96%,$10.96B,$-7.19B,-98.62%,$10.96B,$54.94B,20.50%,$3.55B,$49.55B,8.20%,$5014,$2463,$2551,$936,$294,$3813,$1201,$-102,$1099,$-2637,$3736,$3736,$3718,$2171,$1201,$421,448,$8.83,$8.33,$8187,$1235,$303,$12474,$2720,$0,$39254,$488,$42462,$54936,$2124,$17481,$3264,$20745,$22869,$24305,$7868,$-106,$32067,$54936,$10299,$2160,$-7912,$-5752,$-78,$306,$-312,$-173,$-549,$3998,$-171,$0,$-4004,$0,$-195,$-195,$-12,$-4382,$-877,$0,$-877,$-235,$-235,$-1521,$0,$-2633,$-3017,$595,$-1521
2,2018-01-31,244.64,$70.93,3.45,$43.52,5.62,$31.84,7.68,$18.31,13.36,$11.22B,$1.97B,5.7,$17.48B,$29.08B,0.6,$18.82B,$9.14B,48.53%,$18.82B,$2.82B,14.98%,$18.82B,$2.82B,14.98%,$18.82B,$7.65B,40.63%,$18.82B,$2.35B,12.50%,$18.82B,$7.68B,40.81%,$7.68B,$29.08B,31.58%,$7.68B,$-10.99B,-58.37%,$7.68B,$54.54B,14.72%,$2.82B,$46.56B,7.08%,$5327,$2699,$2628,$925,$291,$4384,$943,$-148,$795,$-5786,$6581,$6581,$6230,$2133,$943,$410,426,$15.20,$14.62,$7076,$1291,$394,$11220,$2747,$0,$40070,$507,$43324,$54544,$1970,$17475,$6018,$23493,$25463,$20851,$5132,$-82,$29081,$54544,$6566,$1190,$-5525,$-4335,$199,$250,$-403,$-216,$-546,$1685,$17,$0,$-4004,$0,$-244,$-244,$4,$-4227,$-862,$0,$-862,$34,$34,$-755,$-3,$-1586,$-4128,$299,$-755
3,2017-10-31,258.59,$56.69,4.56,$40.44,6.39,$30.18,8.57,$4.26,60.7,$15.82B,$2.53B,6.26,$17.43B,$23.19B,0.75,$17.64B,$8.51B,48.25%,$17.64B,$2.38B,13.51%,$17.64B,$2.38B,13.51%,$17.64B,$7.14B,40.51%,$17.64B,$1.83B,10.35%,$17.64B,$1.69B,9.59%,$1.69B,$23.19B,7.50%,$1.69B,$-12.35B,-11.59%,$1.69B,$54.42B,3.32%,$2.38B,$40.62B,6.42%,$4844,$2461,$2383,$828,$182,$4089,$755,$-110,$645,$89,$556,$556,$532,$1979,$755,$405,421,$1.31,$1.26,$11204,$1447,$724,$15823,$2599,$0,$35538,$458,$38595,$54418,$2529,$17431,$11272,$28703,$31232,$20505,$-129,$-91,$23186,$54418,$1784,$4761,$992,$5753,$-267,$-39,$-97,$-692,$-986,$6551,$-628,$0,$-30,$0,$-7,$-7,$-9,$-674,$3742,$0,$3742,$257,$257,$-1745,$-24,$2230,$8107,$921,$-1745
4,2017-07-31,240.7,$55.71,4.32,$39.74,6.06,$23.14,10.4,$1.17,205.73,$9.94B,$2.22B,4.48,$13.57B,$22.70B,0.6,$16.93B,$8.30B,49.01%,$16.93B,$2.01B,11.87%,$16.93B,$2.01B,11.87%,$16.93B,$6.26B,36.95%,$16.93B,$1.42B,8.36%,$16.93B,$0.53B,3.12%,$0.53B,$22.70B,2.37%,$0.53B,$-13.93B,-3.30%,$0.53B,$49.94B,1.06%,$2.01B,$36.28B,5.63%,$4463,$2314,$2149,$827,$200,$3815,$648,$-100,$548,$39,$509,$509,$481,$1864,$648,$407,445,$1.18,$1.14,$5449,$1431,$646,$9943,$2909,$0,$36633,$457,$39999,$49942,$2218,$13572,$10945,$25020,$27238,$20180,$-245,$-133,$22704,$49942,$1223,$3537,$781,$4318,$-236,$-23,$-34,$-685,$-949,$4592,$-835,$0,$-30,$0,$-200,$-200,$-5,$-1070,$-232,$0,$-232,$191,$191,$-1306,$-23,$-1370,$2152,$669,$-1306
5,2017-04-30,214.56,$55.03,3.9,$38.76,5.54,$18.36,11.68,$-0.72,0.0,$8.47B,$2.05B,4.13,$13.57B,$22.34B,0.61,$16.26B,$7.93B,48.78%,$16.26B,$1.10B,6.75%,$16.26B,$1.10B,6.75%,$16.26B,$5.20B,31.96%,$16.26B,$0.45B,2.75%,$16.26B,$-0.25B,-1.54%,$-0.25B,$22.34B,-1.13%,$-0.25B,$-15.38B,1.47%,$-0.25B,$49.85B,-0.50%,$1.10B,$35.91B,3.08%,$4190,$2214,$1976,$829,$204,$3716,$474,$-109,$365,$-103,$468,$468,$440,$1673,$474,$403,442,$1.09,$1.05,$4454,$1311,$630,$8468,$2762,$0,$37722,$897,$41381,$49849,$2052,$13567,$11379,$25454,$27506,$19869,$-311,$-133,$22343,$49849,$716,$2321,$491,$2812,$108,$96,$-251,$-492,$-592,$2936,$-581,$0,$-27,$0,$-200,$-200,$-4,$-812,$-226,$0,$-226,$150,$150,$-868,$-23,$-967,$1157,$418,$-868
6,2017-01-31,192.97,$54.98,3.51,$37.81,5.1,$14.96,12.9,$-4.79,0.0,$7.35B,$2.12B,3.46,$13.56B,$22.01B,0.62,$15.61B,$7.00B,44.85%,$15.61B,$-0.38B,-2.42%,$15.61B,$-0.38B,-2.42%,$15.61B,$3.57B,22.90%,$15.61B,$-1.23B,-7.91%,$15.61B,$-1.88B,-12.03%,$-1.88B,$22.01B,-8.42%,$-1.88B,$-16.76B,10.47%,$-1.88B,$49.62B,-3.74%,$-0.38B,$35.57B,-1.05%,$4139,$2138,$2001,$808,$201,$3633,$506,$-239,$267,$10,$257,$257,$239,$1628,$506,$399,439,$0.60,$0.57,$3536,$1336,$531,$7350,$2646,$0,$38767,$854,$42267,$49617,$2122,$13562,$11405,$25485,$27607,$19504,$-337,$-134,$22010,$49617,$252,$1122,$335,$1457,$234,$65,$-137,$-337,$-356,$1353,$-325,$0,$10,$0,$0,$0,$-4,$-319,$-222,$0,$-222,$61,$61,$-431,$-3,$-595,$439,$202,$-431
7,2016-10-31,163.76,$54.93,2.98,$34.51,4.75,$13.77,11.89,$-4.06,0.0,$7.13B,$3.08B,2.32,$13.19B,$21.88B,0.6,$13.24B,$5.94B,44.86%,$13.24B,$-0.41B,-3.09%,$13.24B,$-0.41B,-3.09%,$13.24B,$2.67B,20.16%,$13.24B,$-1.11B,-8.36%,$13.24B,$-1.74B,-13.13%,$-1.74B,$21.88B,-9.63%,$-1.74B,$-17.92B,12.73%,$-1.74B,$49.97B,-4.30%,$-0.41B,$35.06B,-1.39%,$4136,$1965,$2171,$806,$224,$3755,$381,$-146,$235,$841,$-606,$-606,$-632,$1090,$381,$366,383,$-2.34,$-2.39,$3097,$1400,$447,$7125,$2509,$0,$39800,$532,$42841,$49966,$3078,$13188,$11293,$25012,$28090,$19241,$-215,$-134,$21876,$49966,$-1861,$3078,$1711,$4789,$-491,$996,$33,$-218,$483,$3411,$-718,$0,$-9157,$0,$46,$46,$-11,$-9840,$8193,$0,$8193,$295,$295,$-750,$-34,$7704,$1275,$679,$-750
8,2016-07-31,155.32,$56.77,2.74,$30.26,5.13,$13.27,11.7,$-0.98,0.0,$6.05B,$2.73B,2.22,$13.38B,$22.50B,0.6,$10.94B,$4.77B,43.55%,$10.94B,$-0.28B,-2.52%,$10.94B,$-0.28B,-2.52%,$10.94B,$2.35B,21.45%,$10.94B,$-0.86B,-7.83%,$10.94B,$-0.68B,-6.20%,$-0.68B,$22.50B,-4.92%,$-0.68B,$-18.10B,7.34%,$-0.68B,$49.75B,-2.21%,$-0.28B,$35.89B,-1.22%,$3792,$2010,$1782,$814,$230,$4056,$-264,$-156,$-420,$-117,$-303,$-303,$-298,$804,$-264,$396,419,$-0.75,$-0.75,$1961,$1306,$600,$6048,$2573,$0,$40603,$528,$43704,$49752,$2728,$13381,$10671,$24520,$27248,$18926,$619,$-72,$22504,$49752,$-1193,$2369,$362,$2731,$-491,$1088,$-61,$-85,$521,$2059,$-525,$0,$-9357,$0,$31,$31,$-15,$-9866,$8306,$0,$8306,$217,$217,$-537,$-40,$7946,$139,$474,$-537
9,2016-04-30,139.32,$57.65,2.42,$27.25,5.11,$14.18,9.82,$0.61,228.39,$6.69B,$2.65B,2.52,$14.66B,$22.76B,0.64,$8.89B,$3.87B,43.52%,$8.89B,$0.29B,3.23%,$8.89B,$0.29B,3.23%,$8.89B,$2.10B,23.65%,$8.89B,$-0.17B,-1.91%,$8.89B,$-0.14B,-1.58%,$-0.14B,$22.76B,-1.52%,$-0.14B,$-18.96B,2.83%,$-0.14B,$51.41B,-0.68%,$0.29B,$37.43B,1.82%,$3541,$2495,$1046,$787,$238,$4542,$-1001,$-315,$-1316,$-99,$-1217,$-1217,$-1186,$52,$-1001,$392,415,$-3.02,$-3.02,$2041,$1467,$1322,$6687,$2486,$0,$41720,$514,$44720,$51407,$2651,$14664,$10855,$25994,$28645,$18659,$1116,$-73,$22762,$51407,$-878,$1301,$125,$1426,$-169,$920,$-217,$65,$548,$1096,$-298,$0,$-9967,$0,$-27,$-27,$0,$-10292,$9612,$0,$9612,$179,$179,$-326,$-50,$9415,$219,$255,$-326
10,2016-01-31,127.39,$18.41,6.92,$24.40,5.22,$15.31,8.32,$4.84,26.32,$3.97B,$0.86B,4.61,$3.89B,$5.12B,0.76,$6.96B,$3.67B,52.70%,$6.96B,$1.71B,24.51%,$6.96B,$1.71B,24.51%,$6.96B,$2.71B,38.86%,$6.96B,$1.51B,21.70%,$6.96B,$1.39B,19.97%,$1.39B,$5.12B,30.59%,$1.39B,$0.35B,-342.79%,$1.39B,$10.78B,13.30%,$1.71B,$9.01B,19.69%,$1771,$830,$941,$267,$114,$1296,$475,$-81,$394,$17,$377,$377,$377,$723,$475,$277,289,$1.36,$1.30,$2169,$490,$252,$3971,$1505,$0,$4774,$527,$6806,$10777,$862,$3892,$433,$4794,$5656,$2699,$2495,$-73,$5121,$10777,$377,$248,$52,$300,$-41,$34,$-68,$21,$-203,$474,$-140,$0,$68,$0,$0,$0,$-13,$-85,$-11,$0,$-11,$72,$72,$-122,$19,$-42,$347,$57,$-122
11,2015-10-31,116.95,$17.06,6.85,$24.16,4.84,$15.40,7.59,$4.80,24.37,$3.76B,$1.12B,3.36,$3.83B,$4.71B,0.81,$6.82B,$3.55B,52.07%,$6.82B,$1.63B,23.92%,$6.82B,$1.63B,23.92%,$6.82B,$2.62B,38.34%,$6.82B,$1.47B,21.50%,$6.82B,$1.36B,19.99%,$1.36B,$4.71B,32.70%,$1.36B,$-0.24B,-161.32%,$1.36B,$10.52B,13.07%,$1.63B,$8.54B,18.80%,$1840,$843,$997,$287,$118,$1326,$514,$-29,$485,$15,$470,$470,$429,$768,$514,$264,281,$1.55,$1.54,$1822,$524,$394,$3759,$1460,$0,$4951,$345,$6756,$10515,$1119,$3826,$381,$4682,$5801,$2547,$2240,$-73,$4714,$10515,$1364,$984,$6,$990,$-187,$62,$29,$52,$-36,$2318,$-483,$0,$256,$0,$-14,$-14,$0,$-241,$-1817,$0,$-1817,$241,$241,$-408,$125,$-1859,$218,$232,$-408
12,2015-07-31,118.48,$15.57,7.61,$23.56,5.03,$11.74,10.09,$3.81,31.1,$3.17B,$0.95B,3.33,$3.92B,$4.28B,0.92,$6.57B,$3.34B,50.87%,$6.57B,$1.42B,21.59%,$6.57B,$1.42B,21.59%,$6.57B,$2.41B,36.60%,$6.57B,$1.25B,18.94%,$6.57B,$1.07B,16.28%,$1.07B,$4.28B,28.13%,$1.07B,$-0.92B,-83.68%,$1.07B,$9.99B,10.26%,$1.42B,$8.20B,16.27%,$1735,$851,$884,$276,$143,$1436,$299,$-32,$267,$23,$244,$244,$240,$559,$299,$265,287,$0.91,$0.84,$1354,$507,$499,$3169,$1392,$0,$5198,$229,$6819,$9988,$952,$3915,$373,$4755,$5707,$2403,$1927,$-49,$4281,$9988,$935,$730,$113,$843,$22,$63,$-52,$-63,$-42,$1736,$-424,$0,$256,$0,$-9,$-9,$0,$-177,$-1805,$0,$-1805,$186,$186,$-292,$102,$-1809,$-250,$169,$-292
13,2015-04-30,110.35,$15.65,7.05,$22.56,4.89,$9.44,11.68,$2.32,47.56,$4.08B,$0.91B,4.5,$4.85B,$4.06B,1.2,$6.11B,$2.85B,46.71%,$6.11B,$0.96B,15.68%,$6.11B,$0.96B,15.68%,$6.11B,$1.95B,31.91%,$6.11B,$0.76B,12.43%,$6.11B,$0.67B,10.90%,$0.67B,$4.06B,18.99%,$0.67B,$-0.82B,-43.12%,$0.67B,$10.53B,6.35%,$0.96B,$8.91B,10.86%,$1614,$768,$846,$251,$108,$1196,$418,$-54,$364,$25,$339,$339,$344,$655,$418,$258,284,$1.33,$1.21,$2508,$490,$320,$4076,$1344,$0,$4876,$236,$6456,$10532,$906,$4852,$232,$5565,$6471,$2319,$1791,$-49,$4061,$10532,$695,$470,$44,$514,$24,$43,$-23,$-68,$-65,$1144,$-276,$0,$650,$0,$-9,$-9,$0,$365,$-617,$0,$-617,$130,$130,$-188,$70,$-605,$904,$106,$-188
14,2015-01-31,96.85,$14.16,6.84,$19.59,4.94,$7.76,12.47,$1.72,56.31,$4.10B,$0.85B,4.85,$5.45B,$3.63B,1.5,$5.20B,$2.36B,45.51%,$5.20B,$0.70B,13.47%,$5.20B,$0.70B,13.47%,$5.20B,$1.52B,29.16%,$5.20B,$0.55B,10.66%,$5.20B,$0.48B,9.24%,$0.48B,$3.63B,14.63%,$0.48B,$-1.41B,-63.12%,$0.48B,$10.70B,5.47%,$0.70B,$9.08B,9.49%,$1635,$809,$826,$235,$117,$1234,$401,$-50,$351,$13,$338,$338,$351,$634,$401,$255,278,$1.38,$1.26,$2569,$500,$311,$4098,$1269,$0,$5041,$289,$6599,$10697,$845,$5454,$274,$6224,$7069,$2131,$1546,$-49,$3628,$10697,$351,$233,$20,$253,$64,$33,$-78,$-52,$-123,$481,$-136,$0,$650,$0,$0,$0,$0,$514,$-12,$0,$-12,$51,$51,$-89,$20,$-30,$965,$49,$-89
15,2014-10-31,80.91,$12.75,6.35,$16.49,4.91,$7.22,11.21,$0.99,81.73,$3.84B,$1.02B,3.78,$5.46B,$3.24B,1.69,$4.27B,$1.88B,43.97%,$4.27B,$0.44B,10.26%,$4.27B,$0.44B,10.26%,$4.27B,$1.08B,25.23%,$4.27B,$0.34B,8.01%,$4.27B,$0.26B,6.16%,$0.26B,$3.24B,8.42%,$0.26B,$-1.97B,208.73%,$0.26B,$10.49B,3.77%,$0.44B,$8.71B,7.48%,$1590,$802,$788,$234,$129,$1289,$301,$-38,$263,$126,$137,$137,$135,$558,$301,$251,267,$0.53,$0.50,$1604,$519,$930,$3835,$1158,$0,$5213,$285,$6656,$10491,$1016,$5463,$263,$6232,$7248,$2009,$1284,$-50,$3243,$10491,$263,$639,$22,$661,$-70,$193,$13,$95,$251,$1175,$-409,$0,$-5511,$0,$35,$35,$0,$-5885,$5588,$0,$5588,$112,$112,$-284,$-87,$5329,$619,$163,$-284
16,2014-07-31,64.85,$12.26,5.29,$13.46,4.82,$6.28,10.33,$1.17,55.42,$3.84B,$0.94B,4.09,$5.47B,$3.10B,1.77,$3.42B,$1.44B,42.00%,$3.42B,$0.31B,8.98%,$3.42B,$0.31B,8.98%,$3.42B,$0.75B,21.89%,$3.42B,$0.26B,7.58%,$3.42B,$0.30B,8.78%,$0.30B,$3.10B,9.89%,$0.30B,$-1.98B,26.80%,$0.30B,$10.26B,5.76%,$0.31B,$8.57B,6.98%,$1269,$876,$393,$240,$137,$1431,$-162,$-57,$-219,$-99,$-120,$-120,$-164,$102,$-162,$252,252,$-0.65,$-0.65,$1277,$482,$1491,$3840,$1016,$0,$5078,$328,$6422,$10262,$940,$5472,$271,$6224,$7164,$1875,$1230,$-7,$3098,$10262,$128,$382,$96,$478,$110,$199,$-39,$-100,$188,$794,$-220,$0,$-5644,$0,$14,$14,$0,$-5850,$5599,$0,$5599,$74,$74,$-203,$-122,$5348,$292,$109,$-203
17,2014-04-30,59.11,$12.55,4.71,$10.98,5.38,$5.31,11.13,$2.38,24.84,$2.03B,$0.42B,4.89,$0.00B,$3.15B,0.0,$2.79B,$1.35B,48.21%,$2.79B,$0.61B,21.81%,$2.79B,$0.61B,21.81%,$2.79B,$0.83B,29.80%,$2.79B,$0.62B,22.28%,$2.79B,$0.61B,21.70%,$0.61B,$3.15B,20.62%,$0.61B,$2.32B,29.29%,$0.61B,$3.67B,17.61%,$0.61B,$3.15B,20.71%,$701,$344,$357,$114,$67,$541,$160,$-1,$159,$1,$158,$158,$158,$221,$160,$251,258,$0.63,$0.61,$1278,$301,$136,$2034,$731,$0,$833,$73,$1637,$3671,$416,$0,$101,$101,$517,$1694,$1467,$-7,$3154,$3671,$292,$118,$50,$168,$99,$-16,$-16,$-35,$20,$480,$-125,$0,$0,$0,$14,$14,$0,$-111,$0,$0,$0,$41,$41,$-130,$13,$-76,$293,$54,$-130
18,2014-01-31,50.65,$11.98,4.23,$10.50,4.82,$4.97,10.19,$2.22,22.81,$1.86B,$0.36B,5.11,$0.00B,$2.99B,0.0,$2.65B,$1.26B,47.53%,$2.65B,$0.57B,21.37%,$2.65B,$0.57B,21.37%,$2.65B,$0.77B,29.06%,$2.65B,$0.58B,21.90%,$2.65B,$0.56B,21.15%,$0.56B,$2.99B,20.01%,$0.56B,$2.13B,28.15%,$0.56B,$3.47B,17.09%,$0.57B,$2.99B,20.22%,$709,$370,$339,$107,$74,$570,$139,$0,$139,$5,$134,$134,$134,$196,$139,$249,255,$0.54,$0.53,$1112,$286,$138,$1859,$684,$0,$859,$70,$1613,$3472,$364,$1,$115,$116,$480,$1622,$1377,$-7,$2992,$3472,$134,$57,$22,$79,$95,$-1,$-24,$-15,$16,$229,$-52,$0,$0,$0,$0,$0,$0,$-52,$0,$0,$0,$7,$7,$-62,$5,$-50,$127,$24,$-62
19,2013-10-31,41.91,$11.59,3.62,$10.02,4.18,$4.74,8.84,$2.19,19.14,$1.82B,$0.41B,4.39,$0.00B,$2.89B,0.0,$2.52B,$1.20B,47.54%,$2.52B,$0.55B,21.90%,$2.52B,$0.55B,21.90%,$2.52B,$0.74B,29.37%,$2.52B,$0.57B,22.54%,$2.52B,$0.55B,21.90%,$0.55B,$2.89B,20.56%,$0.55B,$2.00B,28.40%,$0.55B,$3.42B,17.59%,$0.55B,$2.89B,20.55%,$738,$392,$346,$109,$60,$568,$170,$10,$180,$8,$172,$172,$172,$229,$170,$247,252,$0.69,$0.68,$985,$285,$130,$1818,$661,$0,$883,$53,$1597,$3415,$414,$0,$53,$115,$529,$1587,$1305,$-6,$2886,$3415,$552,$188,$51,$239,$-26,$-55,$22,$-42,$-69,$722,$-236,$0,$-414,$0,$-2,$-2,$0,$-652,$0,$0,$0,$6,$6,$-198,$23,$-169,$-99,$77,$-198
20,2013-07-31,33.65,$11.01,3.06,$9.56,3.52,$4.62,7.28,$2.15,15.65,$1.64B,$0.38B,4.32,$0.00B,$2.73B,0.0,$2.40B,$1.15B,47.96%,$2.40B,$0.55B,22.75%,$2.40B,$0.55B,22.75%,$2.40B,$0.72B,29.79%,$2.40B,$0.55B,23.04%,$2.40B,$0.54B,22.46%,$0.54B,$2.73B,20.99%,$0.54B,$1.82B,28.41%,$0.54B,$3.20B,17.97%,$0.55B,$2.73B,21.24%,$644,$340,$304,$101,$57,$504,$140,$4,$144,$2,$142,$142,$142,$186,$140,$248,252,$0.57,$0.56,$863,$284,$129,$1641,$620,$0,$907,$36,$1563,$3204,$380,$1,$97,$98,$478,$1538,$1190,$-2,$2726,$3204,$380,$129,$57,$186,$27,$-54,$13,$-56,$-56,$510,$-179,$0,$-409,$0,$-10,$-10,$0,$-598,$-1,$0,$-1,$-2,$-2,$-141,$11,$-133,$-221,$55,$-141
21,2013-04-30,29.15,$10.58,2.76,$9.43,3.09,$4.55,6.41,$2.17,13.43,$1.82B,$0.33B,5.51,$0.00B,$2.61B,0.0,$2.36B,$1.14B,48.35%,$2.36B,$0.56B,23.50%,$2.36B,$0.56B,23.50%,$2.36B,$0.72B,30.40%,$2.36B,$0.56B,23.67%,$2.36B,$0.54B,22.95%,$0.54B,$2.61B,22.04%,$0.54B,$2.02B,29.15%,$0.54B,$3.04B,18.84%,$0.56B,$2.61B,22.55%,$562,$290,$272,$95,$52,$444,$118,$0,$118,$5,$113,$113,$113,$160,$118,$246,251,$0.46,$0.45,$1219,$229,$99,$1818,$561,$0,$594,$66,$1221,$3039,$330,$2,$96,$98,$428,$1518,$1100,$-7,$2611,$3039,$238,$83,$35,$118,$70,$-34,$2,$-19,$17,$373,$-114,$0,$-37,$0,$-9,$-9,$0,$-160,$-1,$0,$-1,$4,$4,$-89,$8,$-78,$135,$35,$-89
22,2013-01-31,32.46,$10.23,3.17,$9.50,3.42,$4.51,7.2,$2.26,14.36,$1.71B,$0.28B,6.18,$0.00B,$2.52B,0.0,$2.38B,$1.15B,48.30%,$2.38B,$0.57B,24.15%,$2.38B,$0.57B,24.15%,$2.38B,$0.73B,30.84%,$2.38B,$0.58B,24.44%,$2.38B,$0.56B,23.69%,$0.56B,$2.52B,23.98%,$0.56B,$1.94B,32.41%,$0.56B,$2.89B,20.32%,$0.57B,$2.52B,24.42%,$576,$300,$276,$93,$53,$452,$124,$2,$126,$1,$125,$125,$125,$165,$124,$246,251,$0.51,$0.50,$1151,$208,$88,$1713,$529,$0,$583,$67,$1179,$2892,$277,$2,$95,$97,$374,$1493,$1034,$-9,$2518,$2892,$125,$41,$16,$57,$75,$-14,$-34,$-11,$3,$185,$-67,$0,$-9,$0,$0,$0,$0,$-76,$0,$0,$0,$-3,$-3,$-42,$3,$-42,$67,$17,$-42
23,2012-10-31,29.82,$9.85,3.03,$9.46,3.15,$4.40,6.77,$2.26,13.19,$1.69B,$0.35B,4.89,$0.00B,$2.42B,0.0,$2.36B,$1.14B,48.31%,$2.36B,$0.58B,24.62%,$2.36B,$0.58B,24.62%,$2.36B,$0.74B,31.18%,$2.36B,$0.59B,24.75%,$2.36B,$0.56B,23.82%,$0.56B,$2.42B,25.26%,$0.56B,$1.82B,35.20%,$0.56B,$2.86B,21.18%,$0.58B,$2.42B,26.08%,$618,$319,$299,$80,$49,$454,$164,$1,$165,$6,$159,$159,$159,$204,$164,$245,250,$0.65,$0.63,$1084,$194,$72,$1691,$503,$0,$602,$66,$1171,$2862,$346,$2,$95,$97,$443,$1479,$951,$-11,$2419,$2862,$563,$155,$63,$218,$-13,$0,$-2,$-45,$-88,$693,$-241,$0,$-4,$0,$0,$0,$1,$-244,$-2,$0,$-2,$-66,$-66,$-137,$11,$-194,$255,$53,$-137
24,2012-07-31,33.16,$9.35,3.55,$9.46,3.51,$5.03,6.59,$2.23,14.87,$1.58B,$0.34B,4.62,$0.00B,$2.29B,0.0,$2.37B,$1.15B,48.42%,$2.37B,$0.58B,24.36%,$2.37B,$0.58B,24.36%,$2.37B,$0.73B,30.86%,$2.37B,$0.58B,24.44%,$2.37B,$0.56B,23.55%,$0.56B,$2.29B,26.25%,$0.56B,$1.67B,37.77%,$0.56B,$2.72B,21.85%,$0.58B,$2.29B,27.11%,$606,$311,$295,$89,$49,$457,$149,$1,$150,$5,$145,$145,$145,$189,$149,$245,250,$0.59,$0.58,$973,$216,$62,$1581,$453,$0,$621,$60,$1134,$2715,$342,$2,$82,$84,$426,$1456,$831,$2,$2289,$2715,$404,$115,$48,$163,$-2,$-22,$-14,$-31,$-89,$478,$-168,$0,$-2,$0,$0,$0,$0,$-170,$-2,$0,$-2,$-72,$-72,$-98,$8,$-164,$144,$39,$-98
25,2012-04-30,30.85,$8.85,3.48,$9.42,3.28,$5.59,5.51,$2.22,13.9,$1.51B,$0.36B,4.24,$0.00B,$2.17B,0.0,$2.37B,$1.15B,48.56%,$2.37B,$0.57B,24.22%,$2.37B,$0.57B,24.22%,$2.37B,$0.73B,30.73%,$2.37B,$0.57B,24.26%,$2.37B,$0.56B,23.54%,$0.56B,$2.17B,27.56%,$0.56B,$1.53B,41.14%,$0.56B,$2.61B,22.80%,$0.57B,$2.17B,28.31%,$577,$299,$278,$84,$51,$440,$137,$3,$140,$6,$134,$134,$134,$175,$137,$244,250,$0.55,$0.54,$954,$218,$62,$1508,$402,$0,$638,$63,$1103,$2611,$356,$3,$85,$88,$444,$1442,$723,$2,$2167,$2611,$259,$75,$28,$103,$54,$-24,$13,$-23,$-12,$350,$-103,$0,$0,$0,$0,$0,$0,$-103,$-1,$0,$-1,$-63,$-63,$-61,$3,$-122,$125,$24,$-61
26,2012-01-31,30.26,$8.37,3.62,$9.33,3.24,$5.67,5.33,$2.22,13.63,$1.37B,$0.31B,4.37,$0.00B,$2.04B,0.0,$2.35B,$1.15B,48.79%,$2.35B,$0.57B,24.44%,$2.35B,$0.57B,24.44%,$2.35B,$0.73B,30.99%,$2.35B,$0.57B,24.31%,$2.35B,$0.56B,23.75%,$0.56B,$2.04B,28.96%,$0.56B,$1.38B,44.97%,$0.56B,$2.44B,23.90%,$0.57B,$2.04B,29.73%,$563,$293,$270,$82,$50,$431,$132,$-2,$130,$5,$125,$125,$125,$169,$132,$245,250,$0.51,$0.50,$819,$193,$52,$1372,$354,$0,$657,$61,$1072,$2444,$314,$3,$87,$90,$404,$1416,$621,$3,$2040,$2444,$125,$37,$13,$50,$20,$1,$-8,$-11,$-36,$139,$-47,$0,$0,$0,$0,$0,$0,$-47,$0,$0,$0,$-74,$-74,$-29,$1,$-102,$-10,$11,$-29
27,2011-10-31,29.98,$8.16,3.68,$9.28,3.23,$5.45,5.51,$2.20,13.63,$1.39B,$0.35B,3.98,$0.00B,$2.01B,0.0,$2.34B,$1.15B,49.10%,$2.34B,$0.58B,25.00%,$2.34B,$0.58B,25.00%,$2.34B,$0.74B,31.76%,$2.34B,$0.56B,24.02%,$2.34B,$0.55B,23.63%,$0.55B,$2.01B,30.20%,$0.55B,$1.33B,49.15%,$0.55B,$2.45B,24.90%,$0.58B,$2.01B,31.88%,$623,$319,$304,$83,$55,$464,$159,$0,$159,$5,$154,$154,$154,$198,$159,$245,252,$0.62,$0.60,$829,$194,$42,$1393,$316,$0,$676,$61,$1053,$2446,$350,$4,$86,$90,$440,$1479,$525,$2,$2006,$2446,$552,$158,$51,$209,$-42,$-5,$25,$-20,$-35,$726,$-112,$-1,$-8,$0,$0,$0,$-1,$-122,$-233,$0,$-233,$-23,$-23,$-86,$6,$-336,$268,$38,$-86
28,2011-07-31,29.77,$7.62,3.91,$9.13,3.26,$4.77,6.24,$2.25,13.23,$1.23B,$0.31B,3.95,$0.00B,$1.87B,0.0,$2.29B,$1.12B,48.97%,$2.29B,$0.57B,24.95%,$2.29B,$0.57B,24.95%,$2.29B,$0.73B,31.95%,$2.29B,$0.54B,23.63%,$2.29B,$0.56B,24.60%,$0.56B,$1.87B,33.01%,$0.56B,$1.17B,57.32%,$0.56B,$2.27B,26.21%,$0.57B,$1.87B,33.40%,$603,$306,$297,$85,$60,$458,$145,$0,$145,$1,$144,$144,$144,$185,$145,$246,253,$0.59,$0.57,$704,$200,$40,$1229,$296,$0,$696,$52,$1044,$2273,$311,$4,$88,$92,$403,$1472,$398,$0,$1870,$2273,$398,$119,$40,$159,$1,$-11,$2,$-24,$-26,$531,$-75,$0,$-9,$0,$0,$0,$0,$-84,$-232,$0,$-232,$-13,$-13,$-59,$0,$-304,$143,$27,$-59
29,2011-04-30,29.54,$7.28,4.06,$8.97,3.29,$3.96,7.45,$2.18,13.55,$1.13B,$0.30B,3.81,$0.00B,$1.79B,0.0,$2.23B,$1.09B,48.61%,$2.23B,$0.56B,25.09%,$2.23B,$0.56B,25.09%,$2.23B,$0.72B,32.26%,$2.23B,$0.52B,23.39%,$2.23B,$0.54B,24.24%,$0.54B,$1.79B,34.50%,$0.54B,$1.08B,65.26%,$0.54B,$2.18B,26.31%,$0.56B,$1.80B,34.36%,$560,$285,$275,$76,$55,$422,$138,$-1,$137,$2,$135,$135,$135,$176,$138,$245,252,$0.55,$0.54,$596,$194,$49,$1128,$285,$0,$715,$49,$1049,$2177,$296,$4,$86,$90,$386,$1518,$276,$-3,$1791,$2177,$254,$79,$29,$108,$-3,$-5,$15,$-29,$-42,$320,$-51,$0,$-9,$0,$0,$0,$0,$-60,$-232,$0,$-232,$44,$44,$-37,$0,$-225,$35,$16,$-37
30,2011-01-31,25.28,$6.75,3.74,$8.85,2.86,$3.42,7.38,$2.01,12.58,$0.91B,$0.24B,3.84,$0.01B,$1.64B,0.0,$2.19B,$1.04B,47.69%,$2.19B,$0.53B,24.23%,$2.19B,$0.53B,24.23%,$2.19B,$0.69B,31.64%,$2.19B,$0.48B,22.13%,$2.19B,$0.50B,22.68%,$0.50B,$1.64B,34.92%,$0.50B,$0.91B,74.53%,$0.50B,$1.97B,25.34%,$0.53B,$1.65B,34.42%,$550,$279,$271,$73,$50,$408,$142,$-22,$120,$1,$119,$119,$119,$183,$142,$242,250,$0.49,$0.48,$363,$203,$53,$910,$281,$0,$732,$48,$1061,$1971,$237,$5,$85,$90,$327,$1487,$161,$-4,$1644,$1971,$119,$41,$18,$59,$-5,$-14,$-30,$-31,$-111,$67,$-32,$0,$-9,$0,$0,$0,$0,$-41,$-231,$0,$-231,$22,$22,$-17,$2,$-224,$-198,$7,$-17
31,2010-10-31,21.67,$6.27,3.45,$8.51,2.55,$3.42,6.35,$1.69,12.82,$1.09B,$0.57B,1.92,$0.00B,$1.51B,0.0,$2.09B,$0.97B,46.15%,$2.09B,$0.47B,22.26%,$2.09B,$0.47B,22.26%,$2.09B,$0.63B,29.96%,$2.09B,$0.41B,19.40%,$2.09B,$0.42B,19.83%,$0.42B,$1.51B,32.39%,$0.42B,$0.76B,81.41%,$0.42B,$2.16B,22.16%,$0.47B,$1.51B,31.98%,$572,$296,$276,$75,$51,$427,$145,$-7,$138,$-26,$164,$164,$164,$186,$145,$238,246,$0.69,$0.66,$561,$189,$52,$1087,$281,$0,$745,$44,$1070,$2157,$565,$4,$83,$87,$652,$1450,$59,$-4,$1505,$2157,$415,$161,$33,$194,$-96,$-26,$23,$-27,$-99,$510,$-77,$0,$-9,$0,$0,$0,$0,$-86,$-366,$0,$-366,$28,$28,$0,$3,$-335,$89,$25,$0
32,2010-07-31,19.11,$5.58,3.43,$8.14,2.35,$2.03,9.41,$0.94,20.33,$0.87B,$0.29B,3.06,$0.23B,$1.33B,0.18,$1.95B,$0.87B,44.54%,$1.95B,$0.33B,16.73%,$1.95B,$0.33B,16.73%,$1.95B,$0.49B,24.99%,$1.95B,$0.25B,12.62%,$1.95B,$0.23B,11.80%,$0.23B,$1.33B,19.74%,$0.23B,$0.57B,61.29%,$0.23B,$1.92B,12.60%,$0.33B,$1.57B,23.31%,$550,$287,$263,$71,$51,$415,$135,$-8,$127,$4,$123,$123,$123,$175,$135,$239,247,$0.51,$0.50,$367,$185,$42,$873,$266,$0,$765,$16,$1047,$1920,$285,$234,$68,$302,$587,$1435,$-105,$3,$1333,$1920,$251,$120,$26,$146,$-90,$-22,$4,$-10,$-104,$293,$-47,$0,$-9,$0,$0,$0,$0,$-56,$-365,$0,$-365,$22,$22,$0,$1,$-342,$-105,$18,$0
