,Date,Stock Price,Book Value per Share,Price to Book Ratio,TTM Sales per Share,Price to Sales Ratio,TTM FCF per Share,Price to FCF Ratio,TTM Net EPS,PE Ratio,Current Assets,Current Liabilities,Current Ratio,Long Term Debt,Shareholder's Equity_x,Debt to Equity Ratio,TTM Revenue_x,TTM Gross Profit,Gross Margin,TTM Revenue_y,TTM Operating Income,Operating Margin,TTM Revenue_x,TTM EBIT,EBIT Margin,TTM Revenue_y,TTM EBITDA,EBITDA Margin,TTM Revenue_x,TTM Pre-Tax Income,Pre-Tax Margin,TTM Revenue_y,TTM Net Income_x,Net Margin,TTM Net Income_y,Shareholder's Equity_y,Return on Equity,TTM Net Income_x,Tangible Equity,Return on Tangible Equity,TTM Net Income_y,Total Assets,Return on Assets,TTM Net Income,LT Investments & Debt,Return on Investment,revenue,cost-goods-sold,gross-profit,research-development-expenses,selling-general-administrative-expenses,operating-expenses,operating-income,total-non-operating-income-expense,pre-tax-income,total-provision-income-taxes,income-after-taxes,income-from-continuous-operations,net-income,ebitda,ebit,basic-shares-outstanding,shares-outstanding,eps-basic-net-earnings-per-share,eps-earnings-per-share-diluted,cash-on-hand,inventory,other-current-assets,total-current-assets,net-property-plant-equipment,long-term-investments,goodwill-intangible-assets-total,other-long-term-assets,total-long-term-assets,total-assets,total-current-liabilities,long-term-debt,other-non-current-liabilities,total-long-term-liabilities,total-liabilities,common-stock-net,retained-earnings-accumulated-deficit,comprehensive-income,total-share-holder-equity,total-liabilities-share-holders-equity,net-income-loss,total-depreciation-amortization-cash-flow,other-non-cash-items,total-non-cash-items,change-in-accounts-receivable,change-in-inventories,change-in-accounts-payable,change-in-assets-liabilities,total-change-in-assets-liabilities,cash-flow-from-operating-activities,net-change-in-property-plant-equipment,net-change-in-intangible-assets,net-acquisitions-divestitures,net-change-in-short-term-investments,net-change-in-long-term-investments,net-change-in-investments-total,investing-activities-other,cash-flow-from-investing-activities,net-long-term-debt,net-current-debt,debt-issuance-retirement-net-total,net-common-equity-issued-repurchased,net-total-equity-issued-repurchased,total-common-preferred-stock-dividends-paid,financial-activities-other,cash-flow-from-financial-activities,net-cash-flow,stock-based-compensation,common-stock-dividends-paid
0,2018-09-30,2.2,$-0.72,-3.07,$13.01,0.17,$-0.55,0.0,$0.23,9.57,$1.77B,$1.42B,1.25,$1.63B,$-0.80B,-2.03,$5.74B,$3.47B,60.46%,$5.74B,$0.41B,7.13%,$5.74B,$0.41B,7.13%,$5.74B,$0.52B,9.04%,$5.74B,$0.28B,4.95%,$5.74B,$0.11B,1.92%,$0.11B,$-0.32B,-34.70%,$0.11B,$-0.41B,-26.62%,$0.11B,$3.08B,3.26%,$0.41B,$1.31B,29.77%,$1424,$538,$886,$0,$699,$1237,$187,$-5,$182,$68,$114,$114,$94,$213,$187,$442,442,$0.21,$0.21,$453,$682,$0,$1773,$624,$0,$93,$585,$1301,$3075,$1418,$1631,$210,$1973,$3392,$190,$2318,$-1016,$-317,$3075,$56,$81,$-60,$21,$-93,$-132,$0,$23,$-159,$-68,$-71,$0,$0,$0,$0,$0,$-1,$-72,$-239,$-7,$-246,$-3,$-3,$0,$-6,$-255,$-429,$10,$0
1,2018-06-30,1.62,$-0.97,-1.66,$13.01,0.12,$-0.31,0.0,$0.03,54.0,$1.78B,$1.38B,1.29,$1.63B,$-0.91B,-1.79,$5.73B,$3.45B,60.21%,$5.73B,$0.31B,5.39%,$5.73B,$0.31B,5.39%,$5.73B,$0.42B,7.36%,$5.73B,$0.15B,2.62%,$5.73B,$0.02B,0.40%,$0.02B,$-0.43B,-7.08%,$0.02B,$-0.53B,-5.45%,$0.02B,$3.09B,0.66%,$0.31B,$1.20B,21.65%,$1352,$540,$812,$0,$759,$1299,$53,$-53,$-0,$37,$-37,$-37,$-42,$81,$53,$442,442,$-0.09,$-0.09,$444,$662,$0,$1783,$634,$0,$95,$574,$1303,$3086,$1384,$1630,$369,$2134,$3517,$190,$2210,$-1014,$-431,$3086,$-58,$55,$120,$176,$-50,$-100,$0,$-1,$-228,$-107,$-48,$0,$0,$0,$0,$0,$-2,$-50,$-239,$-10,$-249,$-3,$-3,$0,$-0,$-252,$-438,$8,$0
2,2018-03-31,2.84,$-0.62,-4.6,$13.12,0.22,$-0.03,0.0,$0.00,0.0,$2.15B,$1.75B,1.23,$1.63B,$-0.75B,-2.18,$5.78B,$3.51B,60.78%,$5.78B,$0.29B,5.00%,$5.78B,$0.29B,5.00%,$5.78B,$0.40B,6.98%,$5.78B,$0.14B,2.39%,$5.78B,$0.01B,0.24%,$0.01B,$-0.27B,-4.47%,$0.01B,$-0.37B,-3.41%,$0.01B,$3.64B,0.39%,$0.29B,$1.36B,19.28%,$1394,$580,$814,$0,$769,$1349,$45,$-35,$10,$32,$-21,$-21,$-26,$73,$45,$441,441,$-0.06,$-0.06,$773,$697,$0,$2150,$703,$0,$101,$687,$1491,$3640,$1751,$1630,$381,$2162,$3913,$190,$2253,$-891,$-273,$3640,$-21,$28,$63,$91,$-4,$-58,$0,$1,$-169,$-96,$-28,$0,$0,$0,$0,$0,$1,$-27,$-1,$4,$3,$-3,$-3,$0,$0,$0,$-109,$4,$0
3,2017-12-31,2.15,$-0.56,-3.83,$13.00,0.17,$0.01,154.68,$-0.04,0.0,$2.23B,$1.56B,1.43,$1.87B,$-0.72B,-2.62,$5.72B,$3.51B,61.46%,$5.72B,$0.27B,4.79%,$5.72B,$0.27B,4.79%,$5.72B,$0.39B,6.77%,$5.72B,$0.12B,2.12%,$5.72B,$-0.00B,-0.03%,$-0.00B,$-0.25B,0.60%,$-0.00B,$-0.34B,0.46%,$-0.00B,$3.70B,-0.06%,$0.27B,$1.63B,17.80%,$1569,$611,$958,$0,$834,$1445,$124,$-32,$92,$1,$90,$90,$84,$152,$124,$440,440,$0.21,$0.21,$882,$598,$0,$2233,$703,$0,$96,$666,$1465,$3698,$1560,$1872,$362,$2385,$3945,$190,$2320,$-926,$-247,$3698,$20,$114,$271,$385,$-215,$-19,$0,$44,$-173,$271,$-97,$0,$0,$0,$0,$0,$28,$-70,$-3,$10,$7,$-7,$-7,$0,$-0,$0,$227,$24,$0
4,2017-09-30,2.33,$-0.79,-2.95,$13.02,0.18,$-0.30,0.0,$-0.25,0.0,$2.09B,$1.47B,1.42,$1.87B,$-0.81B,-2.31,$5.72B,$3.50B,61.26%,$5.72B,$0.26B,4.50%,$5.72B,$0.26B,4.50%,$5.72B,$0.37B,6.49%,$5.72B,$0.07B,1.26%,$5.72B,$-0.11B,-1.99%,$-0.11B,$-0.35B,30.75%,$-0.11B,$-0.44B,24.46%,$-0.11B,$3.52B,-3.30%,$0.26B,$1.53B,17.09%,$1418,$550,$868,$0,$781,$1331,$87,$-39,$48,$36,$12,$12,$7,$116,$87,$440,440,$0.01,$0.01,$664,$663,$0,$2093,$707,$0,$97,$621,$1424,$3517,$1472,$1873,$359,$2393,$3864,$190,$2235,$-935,$-348,$3517,$-70,$86,$246,$331,$-170,$-72,$0,$45,$-263,$35,$-67,$0,$0,$0,$0,$0,$25,$-42,$-2,$-1,$-3,$-7,$-7,$0,$-0,$-10,$9,$22,$0
5,2017-06-30,3.8,$-0.88,-4.34,$13.02,0.29,$-0.62,0.0,$-0.19,0.0,$2.02B,$1.49B,1.36,$1.87B,$-0.84B,-2.23,$5.71B,$3.49B,61.18%,$5.71B,$0.28B,4.94%,$5.71B,$0.28B,4.94%,$5.71B,$0.40B,6.94%,$5.71B,$0.10B,1.74%,$5.71B,$-0.09B,-1.49%,$-0.09B,$-0.39B,23.11%,$-0.09B,$-0.48B,18.34%,$-0.09B,$3.47B,-2.39%,$0.28B,$1.49B,17.68%,$1396,$525,$871,$0,$838,$1363,$33,$-45,$-12,$34,$-46,$-46,$-51,$62,$33,$440,440,$-0.12,$-0.12,$634,$637,$0,$2015,$722,$0,$95,$636,$1452,$3468,$1488,$1874,$319,$2365,$3853,$190,$2229,$-955,$-385,$3468,$-82,$57,$166,$223,$-92,$-36,$0,$41,$-146,$11,$-43,$0,$0,$0,$0,$0,$3,$-40,$-2,$-4,$-6,$-6,$-6,$0,$-0,$-13,$-21,$16,$0
6,2017-03-31,4.4,$-0.81,-5.4,$13.13,0.34,$-0.95,0.0,$-0.01,0.0,$1.95B,$1.45B,1.34,$1.88B,$-0.81B,-2.32,$5.74B,$3.49B,60.74%,$5.74B,$0.34B,5.99%,$5.74B,$0.34B,5.99%,$5.74B,$0.46B,7.97%,$5.74B,$0.18B,3.19%,$5.74B,$-0.00B,-0.02%,$-0.00B,$-0.36B,0.27%,$-0.00B,$-0.46B,0.21%,$-0.00B,$3.43B,-0.03%,$0.34B,$1.52B,20.74%,$1333,$517,$816,$0,$786,$1303,$30,$-37,$-7,$30,$-37,$-37,$-42,$57,$30,$439,439,$-0.10,$-0.10,$560,$630,$0,$1949,$733,$0,$97,$647,$1477,$3426,$1451,$1875,$291,$2334,$3784,$190,$2280,$-967,$-358,$3426,$-37,$28,$92,$120,$-42,$-24,$0,$2,$-169,$-80,$-24,$0,$0,$0,$0,$0,$2,$-22,$-1,$2,$1,$-6,$-6,$0,$0,$-5,$-94,$10,$0
7,2016-12-31,5.04,$-0.89,-5.63,$13.09,0.39,$-1.20,0.0,$-0.29,0.0,$1.99B,$1.49B,1.34,$1.88B,$-0.84B,-2.24,$5.72B,$3.46B,60.53%,$5.72B,$0.32B,5.63%,$5.72B,$0.32B,5.63%,$5.72B,$0.44B,7.63%,$5.72B,$0.03B,0.56%,$5.72B,$-0.13B,-2.19%,$-0.13B,$-0.39B,32.03%,$-0.13B,$-0.49B,25.73%,$-0.13B,$3.42B,-3.43%,$0.32B,$1.48B,18.87%,$1568,$622,$946,$0,$839,$1461,$107,$-64,$43,$53,$-10,$-10,$-28,$136,$107,$437,437,$-0.04,$-0.04,$654,$586,$0,$1992,$711,$0,$94,$622,$1427,$3419,$1486,$1876,$284,$2325,$3810,$189,$2322,$-1033,$-392,$3419,$-107,$114,$383,$497,$-217,$-29,$0,$9,$-258,$128,$-93,$0,$0,$0,$0,$0,$10,$-83,$-224,$-36,$-261,$-6,$421,$0,$-23,$137,$-30,$24,$0
8,2016-09-30,5.66,$-0.77,-7.36,$13.19,0.43,$-1.29,0.0,$-1.02,0.0,$2.44B,$1.59B,1.54,$2.23B,$-0.78B,-2.87,$5.76B,$3.46B,60.08%,$5.76B,$0.28B,4.83%,$5.76B,$0.28B,4.83%,$5.76B,$0.40B,6.93%,$5.76B,$-0.00B,-0.07%,$5.76B,$-0.43B,-7.40%,$-0.43B,$-0.34B,76.58%,$-0.43B,$-0.43B,65.36%,$-0.43B,$3.91B,-11.33%,$0.28B,$1.89B,17.28%,$1409,$551,$858,$0,$746,$1297,$112,$-37,$75,$38,$36,$36,$36,$141,$112,$437,437,$0.07,$0.07,$902,$706,$0,$2442,$747,$0,$98,$619,$1464,$3906,$1588,$2227,$264,$2654,$4242,$189,$2339,$-989,$-336,$3906,$-97,$85,$281,$366,$-167,$-110,$0,$-43,$-377,$-104,$-68,$0,$0,$0,$0,$0,$0,$-68,$197,$-31,$165,$-5,$421,$0,$-17,$569,$217,$23,$0
9,2016-06-30,3.78,$-0.91,-4.16,$13.27,0.28,$-1.23,0.0,$-2.67,0.0,$2.19B,$1.49B,1.47,$2.14B,$-0.83B,-2.58,$5.78B,$3.48B,60.13%,$5.78B,$0.21B,3.65%,$5.78B,$0.21B,3.65%,$5.78B,$0.33B,5.76%,$5.78B,$-0.05B,-0.83%,$5.78B,$-1.15B,-19.85%,$-1.15B,$-0.40B,172.83%,$-1.15B,$-0.49B,151.00%,$-1.15B,$3.64B,-30.79%,$0.21B,$1.74B,14.13%,$1434,$565,$869,$0,$774,$1339,$95,$-23,$72,$36,$36,$36,$33,$124,$95,$437,437,$0.06,$0.06,$742,$666,$0,$2194,$743,$0,$96,$605,$1444,$3638,$1492,$2140,$239,$2543,$4035,$189,$2308,$-1010,$-397,$3638,$-132,$56,$226,$282,$-90,$-70,$0,$-32,$-282,$-130,$-43,$0,$0,$0,$0,$0,$-1,$-44,$3,$-12,$-9,$-4,$423,$0,$-1,$413,$57,$16,$0
10,2016-03-31,4.81,$-1.00,-4.82,$13.58,0.35,$-1.17,0.0,$-2.66,0.0,$2.21B,$1.61B,1.38,$2.15B,$-0.86B,-2.48,$5.92B,$3.56B,60.24%,$5.92B,$0.21B,3.48%,$5.92B,$0.21B,3.48%,$5.92B,$0.33B,5.58%,$5.92B,$-0.06B,-1.00%,$5.92B,$-1.15B,-19.48%,$-1.15B,$-0.44B,209.65%,$-1.15B,$-0.53B,177.16%,$-1.15B,$3.63B,-28.33%,$0.21B,$1.71B,12.68%,$1307,$519,$788,$0,$780,$1299,$8,$-166,$-158,$-2,$-156,$-156,$-166,$35,$8,$436,436,$-0.38,$-0.38,$754,$684,$0,$2210,$749,$0,$95,$576,$1419,$3629,$1605,$2145,$146,$2460,$4065,$188,$2281,$-1007,$-436,$3629,$-165,$28,$174,$202,$-21,$-81,$0,$-74,$-230,$-191,$-24,$0,$0,$0,$0,$0,$-2,$-25,$8,$4,$11,$-4,$425,$0,$0,$436,$69,$6,$0
11,2015-12-31,4.05,$-2.43,-1.67,$14.16,0.29,$-1.14,0.0,$-2.61,0.0,$2.34B,$2.20B,1.07,$2.15B,$-1.06B,-2.04,$6.16B,$3.72B,60.31%,$6.16B,$0.17B,2.68%,$6.16B,$0.17B,2.68%,$6.16B,$0.30B,4.84%,$6.16B,$0.02B,0.36%,$6.16B,$-1.13B,-18.39%,$-1.13B,$-1.06B,259.12%,$-1.13B,$-1.15B,197.65%,$-1.13B,$3.87B,-25.89%,$0.17B,$1.09B,9.42%,$1607,$664,$944,$0,$874,$1544,$63,$-56,$7,$22,$-15,$-15,$-329,$99,$63,$435,435,$-0.76,$-0.76,$687,$624,$0,$2341,$767,$0,$92,$490,$1529,$3870,$2195,$2151,$144,$2732,$4927,$188,$2448,$-1366,$-1056,$3870,$-1146,$133,$1331,$1464,$-185,$-107,$0,$-79,$-239,$91,$-92,$0,$208,$0,$18,$18,$8,$143,$-254,$-59,$-313,$-3,$-3,$-109,$-6,$-431,$-276,$51,$-109
12,2015-09-30,3.18,$-1.76,-1.8,$13.08,0.24,$-0.76,0.0,$-2.59,0.0,$2.39B,$1.73B,1.38,$2.20B,$-0.77B,-2.86,$5.69B,$3.48B,61.18%,$5.69B,$0.31B,5.38%,$5.69B,$0.31B,5.38%,$5.69B,$0.43B,7.52%,$5.69B,$0.15B,2.58%,$5.69B,$-1.13B,-19.84%,$-1.13B,$-0.77B,1163.92%,$-1.13B,$-0.87B,415.07%,$-1.13B,$3.78B,-23.48%,$0.31B,$1.43B,14.15%,$1436,$559,$877,$0,$832,$1391,$45,$-14,$31,$699,$-668,$-668,$-686,$75,$45,$435,435,$-1.58,$-1.58,$587,$847,$0,$2386,$948,$0,$100,$341,$1389,$3775,$1726,$2196,$148,$2818,$4543,$188,$2809,$-1417,$-768,$3775,$-814,$97,$949,$1046,$-117,$-154,$0,$-46,$-333,$-90,$-58,$0,$208,$0,$-16,$-16,$6,$140,$-251,$-5,$-256,$-3,$-3,$-81,$-6,$-345,$-373,$29,$-81
13,2015-06-30,6.06,$0.14,42.42,$14.70,0.41,$-0.33,0.0,$-0.80,0.0,$2.86B,$2.09B,1.37,$2.20B,$0.06B,35.43,$6.39B,$3.93B,61.46%,$6.39B,$0.45B,7.02%,$6.39B,$0.45B,7.02%,$6.39B,$0.59B,9.20%,$6.39B,$0.26B,4.07%,$6.39B,$-0.35B,-5.51%,$-0.35B,$0.06B,-107.89%,$-0.35B,$-0.05B,-325.93%,$-0.35B,$4.99B,-6.53%,$0.45B,$2.27B,16.91%,$1565,$611,$954,$0,$864,$1475,$90,$-29,$61,$32,$29,$29,$29,$121,$90,$435,435,$0.07,$0.07,$697,$819,$191,$2863,$1036,$0,$116,$974,$2126,$4989,$2088,$2204,$159,$2839,$4926,$188,$3532,$-1298,$62,$4989,$-117,$67,$239,$306,$-80,$-71,$0,$-81,$-300,$-107,$-40,$0,$0,$0,$-11,$-11,$4,$-47,$3,$-0,$3,$-3,$-3,$-54,$-6,$-59,$-258,$12,$-54
14,2015-03-31,7.67,$0.03,262.66,$16.14,0.48,$-0.15,0.0,$-0.83,0.0,$2.59B,$2.01B,1.29,$2.21B,$0.01B,173.87,$7.02B,$4.35B,62.04%,$7.02B,$0.45B,6.44%,$7.02B,$0.45B,6.44%,$7.02B,$0.61B,8.71%,$7.02B,$0.27B,3.78%,$7.02B,$-0.36B,-5.16%,$-0.36B,$0.01B,-65.73%,$-0.36B,$-0.22B,-125.26%,$-0.36B,$4.87B,-6.39%,$0.45B,$2.22B,15.33%,$1552,$612,$940,$0,$973,$1585,$-33,$-44,$-77,$66,$-143,$-143,$-147,$3,$-33,$435,435,$-0.33,$-0.33,$669,$825,$0,$2593,$1058,$0,$236,$986,$2280,$4872,$2007,$2208,$166,$2853,$4860,$188,$3529,$-1334,$13,$4872,$-146,$36,$184,$219,$-28,$-63,$0,$-25,$-251,$-178,$-21,$0,$0,$0,$-4,$-4,$2,$-23,$-1,$-7,$-8,$-2,$-2,$-26,$0,$-36,$-292,$-0,$-26
15,2014-12-31,8.95,$0.70,12.75,$17.60,0.51,$-0.02,0.0,$-0.88,0.0,$3.07B,$2.15B,1.43,$2.43B,$0.31B,7.96,$7.65B,$4.64B,60.67%,$7.65B,$0.43B,5.67%,$7.65B,$0.43B,5.67%,$7.65B,$0.60B,7.90%,$7.65B,$0.20B,2.63%,$7.65B,$-0.38B,-5.01%,$-0.38B,$0.31B,-49.07%,$-0.38B,$0.06B,-76.72%,$-0.38B,$5.60B,-6.41%,$0.43B,$2.73B,13.32%,$1138,$427,$711,$0,$507,$934,$204,$-72,$132,$421,$-289,$-289,$-325,$229,$204,$435,435,$-0.75,$-0.75,$936,$708,$0,$3065,$1037,$0,$249,$1034,$2532,$5597,$2147,$2429,$169,$3144,$5292,$188,$3703,$-1218,$305,$5597,$-385,$169,$776,$945,$-179,$-171,$0,$-133,$-282,$289,$-126,$0,$0,$0,$10,$10,$16,$-101,$-67,$-22,$-89,$-10,$-10,$-110,$0,$-209,$-147,$39,$-110
16,2014-09-30,11.94,$2.13,5.61,$17.77,0.67,$0.25,46.95,$-0.29,0.0,$3.09B,$2.15B,1.44,$2.47B,$0.93B,2.67,$7.72B,$4.70B,60.87%,$7.72B,$0.33B,4.21%,$7.72B,$0.33B,4.21%,$7.72B,$0.48B,6.26%,$7.72B,$0.14B,1.83%,$7.72B,$-0.13B,-1.65%,$-0.13B,$0.93B,-12.88%,$-0.13B,$0.65B,-18.23%,$-0.13B,$6.09B,-2.05%,$0.33B,$3.40B,9.32%,$2138,$814,$1324,$0,$1136,$1950,$188,$-44,$144,$52,$92,$92,$91,$235,$188,$435,435,$0.21,$0.21,$826,$994,$0,$3089,$1300,$0,$273,$1428,$3001,$6090,$2153,$2473,$176,$3012,$5165,$188,$4061,$-948,$925,$6090,$-55,$145,$346,$490,$-120,$-230,$0,$-139,$-365,$126,$-88,$0,$0,$0,$-5,$-5,$7,$-86,$-70,$-6,$-76,$-9,$-9,$-82,$0,$-168,$-282,$28,$-82
17,2014-06-30,13.79,$2.21,6.24,$18.21,0.76,$0.12,117.46,$-0.51,0.0,$3.04B,$2.11B,1.44,$2.48B,$0.96B,2.58,$7.91B,$4.83B,61.05%,$7.91B,$0.21B,2.59%,$7.91B,$0.21B,2.59%,$7.91B,$0.41B,5.22%,$7.91B,$0.03B,0.37%,$7.91B,$-0.22B,-2.83%,$-0.22B,$0.96B,-21.60%,$-0.22B,$0.67B,-30.38%,$-0.22B,$6.12B,-3.55%,$0.21B,$3.44B,5.76%,$2189,$811,$1378,$0,$1285,$2095,$93,$-28,$66,$46,$20,$20,$19,$144,$93,$435,435,$0.04,$0.04,$778,$966,$0,$3041,$1365,$0,$289,$1421,$3075,$6115,$2108,$2480,$177,$3048,$5155,$188,$3995,$-846,$960,$6115,$-147,$98,$304,$402,$-91,$-126,$0,$-79,$-306,$-7,$-59,$0,$0,$0,$-3,$-3,$5,$-56,$-67,$-13,$-79,$-8,$-8,$-55,$0,$-142,$-330,$25,$-55
18,2014-03-31,13.76,$2.14,6.42,$18.95,0.73,$0.25,54.03,$-0.48,0.0,$3.06B,$2.10B,1.46,$2.53B,$0.93B,2.71,$8.23B,$5.02B,61.06%,$8.23B,$0.31B,3.82%,$8.23B,$0.31B,3.82%,$8.23B,$0.54B,6.50%,$8.23B,$0.11B,1.31%,$8.23B,$-0.21B,-2.57%,$-0.21B,$0.93B,-19.53%,$-0.21B,$0.62B,-27.55%,$-0.21B,$6.09B,-3.27%,$0.31B,$3.46B,8.63%,$2184,$955,$1228,$0,$1279,$2235,$-51,$-90,$-141,$26,$-167,$-167,$-168,$-4,$-51,$434,434,$-0.38,$-0.38,$795,$945,$0,$3061,$1369,$0,$314,$1341,$3024,$6085,$2096,$2526,$160,$3058,$5153,$188,$4002,$-871,$932,$6085,$-167,$47,$256,$303,$-42,$-98,$0,$-66,$-256,$-113,$-30,$0,$0,$0,$0,$0,$3,$-27,$-11,$2,$-9,$-6,$-6,$-29,$0,$-44,$-313,$12,$-29
19,2013-12-31,16.12,$2.60,6.2,$19.59,0.82,$0.21,76.42,$-0.13,0.0,$3.44B,$2.24B,1.54,$2.53B,$1.13B,2.25,$8.50B,$5.33B,62.67%,$8.50B,$0.54B,6.34%,$8.50B,$0.54B,6.34%,$8.50B,$0.77B,9.05%,$8.50B,$0.28B,3.27%,$8.50B,$-0.06B,-0.67%,$-0.06B,$1.13B,-4.97%,$-0.06B,$0.85B,-7.21%,$-0.06B,$6.49B,-0.84%,$0.54B,$3.66B,14.39%,$1209,$440,$769,$0,$673,$1114,$95,$-24,$72,$71,$1,$1,$-69,$108,$95,$433,434,$-0.16,$-0.16,$1108,$968,$0,$3441,$1393,$0,$283,$1375,$3051,$6492,$2241,$2533,$194,$3124,$5365,$189,$4197,$-870,$1128,$6492,$-52,$230,$427,$657,$-224,$-88,$0,$-3,$-132,$471,$-190,$0,$0,$0,$-14,$-14,$13,$-191,$-447,$-10,$-457,$7,$7,$-107,$88,$-469,$-102,$43,$-107
20,2013-09-30,19.22,$2.60,7.39,$23.55,0.82,$0.29,65.42,$-0.34,0.0,$3.43B,$2.16B,1.59,$2.54B,$1.13B,2.25,$10.21B,$6.30B,61.74%,$10.21B,$0.66B,6.45%,$10.21B,$0.66B,6.45%,$10.21B,$0.93B,9.10%,$10.21B,$0.42B,4.11%,$10.21B,$-0.15B,-1.45%,$-0.15B,$1.13B,-12.63%,$-0.15B,$0.82B,-18.62%,$-0.15B,$6.53B,-2.10%,$0.66B,$3.67B,17.34%,$2323,$872,$1451,$0,$1341,$2255,$68,$-37,$32,$38,$-6,$-6,$-6,$165,$68,$434,434,$-0.01,$-0.01,$808,$1200,$0,$3432,$1389,$0,$313,$1394,$3096,$6528,$2155,$2541,$163,$3246,$5401,$189,$4292,$-959,$1128,$6528,$16,$217,$332,$549,$-165,$-234,$0,$-15,$-512,$96,$-118,$0,$0,$0,$-17,$-17,$16,$-120,$-447,$49,$-398,$9,$9,$-80,$88,$-380,$-401,$36,$-80
21,2013-06-30,19.56,$2.61,7.49,$24.00,0.82,$0.51,38.12,$-0.26,0.0,$3.46B,$2.18B,1.59,$2.64B,$1.13B,2.33,$10.39B,$6.39B,61.47%,$10.39B,$0.70B,6.74%,$10.39B,$0.70B,6.74%,$10.39B,$0.97B,9.31%,$10.39B,$0.47B,4.51%,$10.39B,$-0.11B,-1.07%,$-0.11B,$1.13B,-8.83%,$-0.11B,$0.79B,-14.21%,$-0.11B,$6.69B,-1.52%,$0.70B,$3.77B,17.97%,$2509,$935,$1574,$0,$1371,$2307,$202,$-57,$145,$61,$85,$85,$32,$266,$202,$434,435,$0.07,$0.07,$873,$1154,$0,$3463,$1394,$0,$348,$1413,$3222,$6685,$2180,$2635,$169,$3372,$5552,$189,$4324,$-977,$1133,$6685,$22,$120,$252,$371,$-103,$-160,$0,$4,$-353,$70,$-76,$0,$0,$0,$-14,$-14,$13,$-77,$-317,$32,$-286,$9,$9,$-54,$88,$-242,$-331,$26,$-54
22,2013-03-31,19.23,$2.76,6.97,$24.14,0.8,$0.41,46.93,$-0.19,0.0,$4.23B,$2.91B,1.46,$2.69B,$1.20B,2.25,$10.44B,$6.42B,61.52%,$10.44B,$0.63B,6.01%,$10.44B,$0.63B,6.01%,$10.44B,$0.88B,8.42%,$10.44B,$0.42B,3.99%,$10.44B,$-0.08B,-0.79%,$-0.08B,$1.20B,-6.15%,$-0.08B,$0.72B,-10.83%,$-0.08B,$7.57B,-1.08%,$0.63B,$3.88B,15.85%,$2456,$925,$1531,$0,$1357,$2282,$174,$-145,$29,$41,$-12,$-12,$-14,$230,$174,$433,433,$-0.03,$-0.03,$1488,$1214,$0,$4233,$1501,$0,$477,$1363,$3341,$7574,$2907,$2686,$170,$3471,$6379,$189,$4318,$-889,$1195,$7574,$-13,$56,$123,$179,$-63,$-118,$0,$-19,$-305,$-117,$-44,$0,$0,$0,$-2,$-2,$9,$-36,$312,$119,$431,$3,$3,$-26,$88,$495,$279,$12,$-26
23,2012-12-31,13.28,$2.85,4.66,$24.42,0.54,$0.60,22.18,$-0.10,0.0,$3.93B,$2.71B,1.45,$2.62B,$1.23B,2.13,$10.56B,$6.46B,61.16%,$10.56B,$0.53B,4.98%,$10.56B,$0.53B,4.98%,$10.56B,$0.78B,7.40%,$10.56B,$0.43B,4.06%,$10.56B,$-0.04B,-0.39%,$-0.04B,$1.23B,-2.83%,$-0.04B,$0.86B,-5.13%,$-0.04B,$7.38B,-0.54%,$0.53B,$3.86B,13.30%,$2917,$1172,$1745,$0,$1531,$2703,$214,$-1,$213,$248,$-36,$-36,$-160,$268,$214,$432,433,$-0.37,$-0.37,$1207,$1101,$0,$3929,$1526,$0,$371,$1408,$3454,$7383,$2705,$2624,$183,$3445,$6149,$188,$4358,$-877,$1233,$7383,$-38,$257,$548,$804,$-241,$-82,$0,$-16,$-280,$544,$-229,$0,$0,$0,$-0,$-0,$15,$-213,$598,$-711,$-113,$-3,$-3,$-329,$44,$-401,$-36,$41,$-329
24,2012-09-30,14.69,$3.39,4.33,$24.28,0.61,$0.68,21.5,$0.27,54.41,$4.02B,$2.78B,1.45,$2.63B,$1.47B,1.79,$10.50B,$6.47B,61.61%,$10.50B,$0.56B,5.35%,$10.50B,$0.56B,5.35%,$10.50B,$0.81B,7.73%,$10.50B,$0.44B,4.15%,$10.50B,$0.12B,1.16%,$0.12B,$1.47B,7.94%,$0.12B,$0.76B,15.40%,$0.12B,$7.65B,1.58%,$0.56B,$4.10B,14.04%,$2511,$971,$1539,$0,$1385,$2400,$111,$-28,$82,$46,$36,$36,$31,$204,$111,$432,433,$0.07,$0.07,$1098,$1303,$0,$4016,$1504,$0,$707,$1425,$3636,$7652,$2778,$2628,$187,$3407,$6185,$188,$4544,$-821,$1467,$7652,$123,$202,$214,$417,$-186,$-228,$0,$4,$-376,$208,$-135,$0,$0,$0,$0,$0,$13,$-121,$624,$-625,$-1,$-1,$-1,$-301,$40,$-262,$-148,$35,$-301
25,2012-06-30,14.72,$3.33,4.42,$24.86,0.59,$0.63,23.38,$0.58,25.38,$4.15B,$2.87B,1.45,$2.58B,$1.44B,1.79,$10.75B,$6.69B,62.27%,$10.75B,$0.73B,6.79%,$10.75B,$0.73B,6.79%,$10.75B,$0.94B,8.78%,$10.75B,$0.60B,5.54%,$10.75B,$0.26B,2.37%,$0.26B,$1.44B,15.64%,$0.26B,$0.69B,31.61%,$0.26B,$7.70B,3.28%,$0.73B,$4.02B,18.00%,$2558,$950,$1609,$0,$1480,$2429,$129,$-36,$93,$28,$65,$65,$61,$178,$129,$432,433,$0.14,$0.14,$1276,$1245,$0,$4153,$1490,$0,$751,$1308,$3550,$7703,$2871,$2581,$187,$3393,$6264,$188,$4613,$-908,$1439,$7703,$90,$109,$148,$258,$-94,$-170,$0,$3,$-332,$37,$-88,$0,$0,$0,$-1,$-1,$10,$-79,$567,$-343,$224,$-1,$-1,$-199,$41,$65,$31,$23,$-199
26,2012-03-31,17.36,$3.82,4.54,$25.55,0.68,$0.65,26.84,$0.91,19.08,$4.14B,$3.15B,1.31,$2.20B,$1.65B,1.33,$11.05B,$6.92B,62.66%,$11.05B,$0.92B,8.31%,$11.05B,$0.92B,8.31%,$11.05B,$1.14B,10.36%,$11.05B,$0.80B,7.21%,$11.05B,$0.40B,3.61%,$0.40B,$1.65B,22.42%,$0.40B,$0.89B,45.19%,$0.40B,$7.78B,5.06%,$0.92B,$3.85B,22.04%,$2575,$1010,$1566,$0,$1494,$2504,$72,$-31,$41,$13,$28,$28,$27,$132,$72,$431,432,$0.06,$0.06,$1215,$1251,$0,$4144,$1589,$0,$762,$1288,$3639,$7783,$3154,$2202,$186,$2978,$6132,$188,$4652,$-720,$1652,$7783,$28,$61,$87,$147,$-44,$-80,$0,$10,$-221,$-33,$-46,$0,$0,$0,$-0,$-0,$5,$-41,$25,$50,$76,$-3,$-3,$-100,$41,$14,$-30,$11,$-100
27,2011-12-31,15.48,$3.68,4.21,$25.68,0.6,$0.63,24.66,$1.18,13.12,$4.10B,$2.89B,1.42,$2.46B,$1.59B,1.55,$11.10B,$7.03B,63.38%,$11.10B,$1.09B,9.85%,$11.10B,$1.09B,9.85%,$11.10B,$1.31B,11.84%,$11.10B,$0.98B,8.83%,$11.10B,$0.51B,4.63%,$0.51B,$1.59B,28.14%,$0.51B,$0.83B,59.78%,$0.51B,$7.74B,6.50%,$1.09B,$4.04B,25.66%,$2852,$1099,$1753,$0,$1502,$2601,$250,$-30,$220,$71,$150,$150,$3,$298,$250,$431,432,$-0.01,$0.00,$1245,$1161,$0,$4099,$1572,$0,$753,$1312,$3636,$7735,$2891,$2459,$197,$3259,$6150,$187,$4726,$-854,$1585,$7735,$518,$221,$478,$699,$-241,$-204,$0,$-83,$-640,$628,$-276,$0,$-13,$0,$5,$5,$17,$-267,$-526,$636,$110,$9,$9,$-403,$-0,$-285,$65,$37,$-403
28,2011-09-30,17.15,$4.28,4.01,$26.44,0.65,$0.64,26.66,$1.71,10.03,$4.14B,$2.87B,1.44,$2.47B,$1.84B,1.34,$11.42B,$7.25B,63.42%,$11.42B,$1.20B,10.50%,$11.42B,$1.20B,10.50%,$11.42B,$1.43B,12.52%,$11.42B,$1.09B,9.58%,$11.42B,$0.74B,6.44%,$0.74B,$1.84B,39.81%,$0.74B,$0.82B,90.98%,$0.74B,$7.88B,9.27%,$1.20B,$4.31B,28.08%,$2762,$998,$1764,$0,$1486,$2484,$279,$-37,$241,$76,$165,$165,$164,$337,$279,$431,432,$0.38,$0.38,$988,$1361,$0,$4141,$1567,$0,$1025,$1146,$3738,$7879,$2872,$2465,$223,$3164,$6036,$187,$4826,$-694,$1844,$7879,$518,$174,$214,$388,$-179,$-338,$0,$-93,$-695,$247,$-197,$0,$-13,$0,$5,$5,$12,$-194,$-518,$566,$48,$9,$9,$-302,$2,$-243,$-192,$34,$-302
29,2011-06-30,24.24,$4.73,5.12,$26.09,0.93,$0.75,32.43,$1.71,14.18,$4.29B,$2.92B,1.47,$2.42B,$2.04B,1.19,$11.27B,$7.16B,63.51%,$11.27B,$1.18B,10.46%,$11.27B,$1.18B,10.46%,$11.27B,$1.40B,12.42%,$11.27B,$1.09B,9.66%,$11.27B,$0.74B,6.56%,$0.74B,$2.04B,41.62%,$0.74B,$0.99B,74.46%,$0.74B,$8.12B,9.33%,$1.18B,$4.46B,29.01%,$2856,$1018,$1838,$0,$1522,$2540,$317,$-23,$294,$85,$209,$209,$205,$377,$317,$431,433,$0.48,$0.47,$1011,$1341,$0,$4285,$1692,$0,$1046,$1094,$3832,$8117,$2919,$2417,$249,$3159,$6079,$187,$4761,$-423,$2038,$8117,$352,$116,$161,$277,$-103,$-205,$0,$-95,$-569,$101,$-145,$0,$-13,$0,$-21,$-21,$7,$-171,$-523,$593,$70,$8,$8,$-203,$2,$-123,$-169,$24,$-203
30,2011-03-31,23.23,$4.28,5.43,$25.57,0.91,$1.06,21.87,$1.63,14.25,$4.17B,$2.91B,1.43,$2.39B,$1.84B,1.3,$11.05B,$6.99B,63.26%,$11.05B,$1.13B,10.21%,$11.05B,$1.13B,10.21%,$11.05B,$1.34B,12.09%,$11.05B,$1.04B,9.45%,$11.05B,$0.70B,6.36%,$0.70B,$1.84B,44.04%,$0.70B,$0.80B,65.49%,$0.70B,$7.89B,9.27%,$1.13B,$4.23B,30.08%,$2629,$950,$1679,$0,$1433,$2383,$247,$-22,$225,$73,$152,$152,$142,$302,$247,$430,432,$0.33,$0.33,$1015,$1294,$0,$4165,$1647,$0,$1044,$1031,$3722,$7887,$2909,$2391,$255,$3139,$6048,$187,$4655,$-497,$1840,$7887,$144,$55,$87,$142,$-23,$-142,$0,$-88,$-328,$-32,$-55,$0,$0,$0,$3,$3,$3,$-49,$-527,$520,$-7,$2,$2,$-99,$1,$-103,$-165,$12,$-99
31,2010-12-31,24.77,$3.89,6.36,$25.16,0.98,$1.15,21.45,$1.40,17.69,$4.18B,$2.96B,1.42,$2.41B,$1.67B,1.44,$10.86B,$6.82B,62.79%,$10.86B,$1.07B,9.88%,$10.86B,$1.07B,9.88%,$10.86B,$1.27B,11.67%,$10.86B,$0.95B,8.70%,$10.86B,$0.60B,5.54%,$0.60B,$1.67B,41.37%,$0.60B,$0.63B,50.41%,$0.60B,$7.87B,8.24%,$1.07B,$4.08B,30.91%,$3176,$1212,$1964,$0,$1608,$2820,$356,$-22,$334,$114,$220,$220,$225,$414,$356,$429,431,$0.52,$0.52,$1180,$1153,$0,$4184,$1627,$0,$1043,$1019,$3689,$7874,$2956,$2409,$275,$3245,$6201,$187,$4611,$-606,$1673,$7874,$609,$195,$324,$519,$-280,$-190,$0,$-9,$-466,$689,$-331,$0,$-786,$0,$9,$9,$12,$-1096,$608,$-4,$605,$10,$10,$-384,$4,$235,$-132,$58,$-384
32,2010-09-30,27.16,$3.62,7.51,$24.76,1.1,$1.39,19.47,$1.50,18.11,$3.99B,$3.43B,1.16,$1.94B,$1.55B,1.25,$10.67B,$6.71B,62.93%,$10.67B,$1.11B,10.43%,$10.67B,$1.11B,10.43%,$10.67B,$1.29B,12.13%,$10.67B,$0.99B,9.24%,$10.67B,$0.64B,6.04%,$0.64B,$1.55B,47.17%,$0.64B,$1.55B,49.24%,$0.64B,$7.81B,9.14%,$1.11B,$3.49B,33.17%,$2612,$933,$1679,$0,$1420,$2353,$259,$-23,$236,$69,$167,$167,$167,$307,$259,$429,432,$0.39,$0.38,$842,$1357,$0,$3993,$1635,$0,$0,$2179,$3814,$7807,$3430,$1935,$322,$2825,$6255,$187,$4477,$-603,$1552,$7807,$380,$137,$270,$406,$-183,$-319,$0,$-55,$-507,$312,$-217,$0,$-795,$0,$8,$8,$12,$-992,$-13,$529,$516,$7,$7,$-288,$3,$239,$-470,$46,$-288
33,2010-06-30,22.25,$3.06,7.28,$24.67,0.9,$1.35,16.47,$1.48,15.03,$3.73B,$2.65B,1.41,$1.89B,$1.31B,1.44,$10.62B,$6.64B,62.53%,$10.62B,$1.11B,10.49%,$10.62B,$1.11B,10.49%,$10.62B,$1.30B,12.20%,$10.62B,$0.98B,9.25%,$10.62B,$0.63B,5.95%,$0.63B,$1.31B,50.52%,$0.63B,$1.31B,52.95%,$0.63B,$6.73B,9.33%,$1.11B,$3.20B,33.33%,$2629,$962,$1666,$0,$1400,$2362,$266,$-17,$249,$84,$165,$165,$168,$312,$266,$429,432,$0.39,$0.39,$984,$1096,$0,$3726,$1535,$0,$0,$1465,$3000,$6725,$2652,$1891,$307,$2762,$5414,$186,$4405,$-757,$1311,$6725,$213,$89,$207,$296,$-110,$-109,$0,$-35,$-299,$232,$-139,$0,$-144,$0,$9,$9,$11,$-264,$-1,$-36,$-37,$5,$5,$-190,$3,$-220,$-328,$32,$-190
34,2010-03-31,28.21,$3.00,9.4,$24.38,1.16,$1.06,26.62,$1.28,22.04,$3.87B,$2.81B,1.38,$1.83B,$1.29B,1.42,$10.46B,$6.52B,62.27%,$10.46B,$1.03B,9.84%,$10.46B,$1.03B,9.84%,$10.46B,$1.21B,11.52%,$10.46B,$0.89B,8.53%,$10.46B,$0.55B,5.22%,$0.55B,$1.29B,47.94%,$0.55B,$1.29B,50.49%,$0.55B,$6.82B,8.18%,$1.03B,$3.11B,31.06%,$2446,$935,$1512,$0,$1320,$2255,$192,$-65,$126,$84,$43,$43,$42,$235,$192,$428,431,$0.10,$0.10,$1123,$1105,$0,$3867,$1536,$0,$0,$1415,$2952,$6819,$2805,$1828,$123,$2728,$5533,$186,$4332,$-683,$1285,$6819,$43,$43,$157,$200,$-54,$-61,$0,$-20,$-253,$10,$-57,$0,$-146,$0,$7,$7,$4,$-192,$-4,$133,$129,$-3,$-3,$-95,$1,$32,$-189,$20,$-95
35,2009-12-31,26.05,$3.07,8.48,$23.83,1.09,$0.91,28.74,$1.45,17.97,$4.21B,$2.29B,1.84,$2.31B,$1.31B,1.76,$10.21B,$6.38B,62.52%,$10.21B,$1.01B,9.86%,$10.21B,$1.01B,9.86%,$10.21B,$1.18B,11.57%,$10.21B,$0.91B,8.96%,$10.21B,$0.62B,6.08%,$0.62B,$1.31B,63.31%,$0.62B,$1.08B,67.26%,$0.62B,$6.82B,9.41%,$1.01B,$3.62B,30.74%,$2981,$1125,$1856,$0,$1460,$2585,$396,$-20,$375,$116,$260,$260,$267,$440,$396,$427,429,$0.63,$0.63,$1298,$1050,$0,$4206,$1469,$0,$229,$846,$2617,$6823,$2292,$2307,$322,$3219,$5511,$186,$4384,$-693,$1313,$6823,$628,$175,$219,$395,$-260,$-128,$0,$-100,$-326,$755,$-296,$0,$6,$0,$61,$61,$11,$-218,$507,$-508,$-0,$5,$5,$-365,$-1,$-361,$207,$55,$-365
36,2009-09-30,27.92,$2.56,10.89,$23.00,1.21,$0.67,41.72,$1.36,20.53,$4.20B,$2.38B,1.76,$2.33B,$1.10B,2.13,$9.85B,$6.16B,62.51%,$9.85B,$0.97B,9.82%,$9.85B,$0.97B,9.82%,$9.85B,$1.14B,11.54%,$9.85B,$0.86B,8.73%,$9.85B,$0.58B,5.92%,$0.58B,$1.10B,70.33%,$0.58B,$1.10B,70.33%,$0.58B,$6.74B,9.10%,$0.97B,$3.42B,33.24%,$2559,$955,$1604,$0,$1346,$2301,$259,$-27,$232,$74,$158,$158,$155,$308,$259,$427,430,$0.36,$0.36,$1293,$1193,$0,$4197,$1451,$0,$0,$1088,$2539,$6736,$2384,$2328,$329,$3257,$5640,$186,$4205,$-711,$1095,$6736,$360,$131,$239,$370,$-157,$-208,$0,$-110,$-527,$247,$-172,$0,$0,$0,$61,$61,$16,$-95,$794,$-499,$295,$-4,$-4,$-273,$-2,$16,$189,$43,$-273
37,2009-06-30,21.06,$2.02,10.42,$23.22,0.91,$0.64,32.68,$1.52,13.85,$3.84B,$2.24B,1.72,$2.24B,$0.86B,2.6,$9.94B,$6.22B,62.64%,$9.94B,$1.01B,10.12%,$9.94B,$1.01B,10.12%,$9.94B,$1.18B,11.84%,$9.94B,$0.91B,9.13%,$9.94B,$0.65B,6.53%,$0.65B,$0.86B,79.15%,$0.65B,$0.86B,79.15%,$0.65B,$6.32B,10.38%,$1.01B,$3.11B,36.71%,$2478,$934,$1544,$0,$1361,$2295,$183,$-23,$160,$75,$85,$85,$82,$222,$183,$427,428,$0.19,$0.19,$1221,$1083,$0,$3844,$1398,$0,$0,$1076,$2474,$6317,$2236,$2244,$316,$3219,$5455,$186,$4139,$-860,$863,$6317,$202,$82,$169,$251,$-65,$-102,$0,$-83,$-406,$75,$-108,$0,$6,$0,$61,$61,$6,$-36,$753,$-502,$252,$-6,$-6,$-184,$-2,$61,$116,$32,$-184
38,2009-03-31,15.57,$1.51,10.29,$23.81,0.65,$0.81,19.33,$1.88,8.28,$4.05B,$2.58B,1.57,$2.29B,$0.65B,3.55,$10.19B,$6.42B,63.00%,$10.19B,$1.20B,11.73%,$10.19B,$1.20B,11.73%,$10.19B,$1.38B,13.51%,$10.19B,$1.09B,10.70%,$10.19B,$0.80B,7.86%,$0.80B,$0.65B,92.39%,$0.80B,$0.65B,92.39%,$0.80B,$6.49B,12.94%,$1.20B,$2.94B,45.26%,$2187,$811,$1376,$0,$1207,$2019,$168,$-22,$147,$29,$118,$118,$116,$211,$168,$426,426,$0.27,$0.27,$1602,$1048,$0,$4050,$1307,$0,$0,$1130,$2437,$6486,$2578,$2294,$311,$3262,$5840,$186,$4146,$-1068,$646,$6486,$118,$43,$91,$134,$-32,$-107,$0,$-30,$-331,$-61,$-51,$0,$0,$0,$46,$46,$2,$-4,$749,$-69,$679,$-1,$-1,$-90,$-0,$588,$498,$17,$-90
39,2008-12-31,19.27,$1.67,11.53,$24.51,0.79,$0.83,23.22,$2.04,9.45,$3.56B,$2.91B,1.22,$1.46B,$0.71B,2.04,$10.51B,$6.62B,63.04%,$10.51B,$1.32B,12.60%,$10.51B,$1.32B,12.60%,$10.51B,$1.51B,14.33%,$10.51B,$1.22B,11.64%,$10.51B,$0.87B,8.27%,$0.87B,$0.71B,94.12%,$0.87B,$0.71B,94.12%,$0.87B,$6.07B,14.40%,$1.32B,$2.17B,52.02%,$2625,$992,$1633,$0,$1276,$2268,$357,$-37,$321,$86,$235,$235,$230,$396,$357,$426,428,$0.54,$0.53,$1105,$1008,$0,$3557,$1344,$0,$0,$1173,$2517,$6074,$2912,$1456,$328,$2450,$5362,$186,$4119,$-966,$712,$6074,$876,$182,$269,$451,$-182,$-172,$0,$-200,$-645,$734,$-377,$0,$-78,$0,$41,$41,$13,$-400,$498,$-217,$282,$-91,$-91,$-347,$15,$-141,$141,$55,$-347
40,2008-09-30,33.03,$2.48,13.29,$25.44,1.3,$0.71,46.42,$1.80,18.35,$3.81B,$2.65B,1.44,$1.68B,$1.06B,1.58,$10.96B,$6.77B,61.76%,$10.96B,$1.19B,10.87%,$10.96B,$1.19B,10.88%,$10.96B,$1.38B,12.59%,$10.96B,$1.10B,10.04%,$10.96B,$0.77B,6.98%,$0.77B,$1.06B,82.86%,$0.77B,$1.06B,82.86%,$0.77B,$6.13B,12.86%,$1.19B,$2.74B,48.16%,$2645,$975,$1670,$0,$1373,$2348,$297,$-18,$279,$55,$225,$225,$221,$347,$297,$426,428,$0.52,$0.52,$967,$1237,$0,$3806,$1372,$0,$0,$950,$2322,$6129,$2648,$1678,$355,$2422,$5069,$186,$3972,$-423,$1059,$6129,$648,$143,$259,$402,$-64,$-263,$0,$-220,$-775,$303,$-238,$0,$0,$0,$-34,$-34,$9,$-264,$485,$-190,$295,$-91,$-91,$-262,$12,$-46,$4,$47,$-262
41,2008-06-30,28.48,$2.47,11.54,$24.68,1.15,$0.38,74.33,$1.60,17.8,$3.74B,$2.57B,1.46,$1.67B,$1.05B,1.59,$10.66B,$6.56B,61.50%,$10.66B,$1.12B,10.48%,$10.66B,$1.12B,10.49%,$10.66B,$1.30B,12.15%,$10.66B,$1.03B,9.65%,$10.66B,$0.68B,6.41%,$0.68B,$1.05B,84.04%,$0.68B,$1.05B,84.04%,$0.68B,$6.08B,11.81%,$1.12B,$2.72B,50.00%,$2736,$993,$1743,$0,$1369,$2362,$374,$-30,$344,$107,$237,$237,$234,$423,$374,$427,429,$0.55,$0.55,$960,$1203,$0,$3740,$1377,$0,$0,$958,$2336,$6075,$2569,$1672,$401,$2455,$5024,$185,$3836,$-266,$1051,$6075,$423,$93,$159,$252,$8,$-145,$0,$-142,$-520,$172,$-136,$0,$0,$0,$-0,$-0,$5,$-131,$437,$-281,$156,$-92,$-92,$-177,$5,$-109,$-3,$31,$-177
42,2008-03-31,31.11,$2.04,15.24,$23.62,1.32,$0.11,295.41,$1.31,23.75,$3.58B,$2.53B,1.41,$1.68B,$0.87B,1.93,$10.26B,$6.22B,60.68%,$10.26B,$0.93B,9.08%,$10.26B,$0.93B,9.09%,$10.26B,$1.11B,10.77%,$10.26B,$0.85B,8.32%,$10.26B,$0.56B,5.48%,$0.56B,$0.87B,79.58%,$0.56B,$0.87B,79.58%,$0.56B,$5.87B,10.12%,$0.93B,$2.55B,46.52%,$2502,$924,$1578,$0,$1282,$2206,$296,$-18,$279,$92,$186,$186,$184,$340,$296,$427,429,$0.43,$0.43,$893,$1172,$0,$3577,$1333,$0,$0,$956,$2289,$5866,$2533,$1680,$390,$2462,$4995,$185,$3686,$-330,$871,$5866,$185,$44,$90,$134,$29,$-119,$0,$-58,$-373,$-41,$-61,$0,$0,$0,$-0,$-0,$3,$-59,$454,$-338,$117,$-48,$-48,$-92,$3,$-20,$-71,$18,$-92
43,2007-12-31,30.94,$1.66,18.6,$22.71,1.36,$-0.09,0.0,$1.22,25.36,$3.52B,$3.05B,1.15,$1.17B,$0.71B,1.64,$9.94B,$6.00B,60.35%,$9.94B,$0.87B,8.78%,$9.94B,$0.87B,8.79%,$9.94B,$1.05B,10.52%,$9.94B,$0.80B,8.02%,$9.94B,$0.53B,5.31%,$0.53B,$0.71B,77.48%,$0.53B,$0.71B,77.48%,$0.53B,$5.72B,9.77%,$0.87B,$1.88B,47.20%,$3076,$1299,$1777,$0,$1552,$2851,$225,$-27,$198,$68,$130,$132,$126,$270,$225,$433,436,$0.30,$0.29,$963,$1042,$0,$3515,$1278,$0,$0,$923,$2201,$5716,$3053,$1168,$395,$1951,$5005,$185,$3587,$-417,$712,$5716,$533,$172,$391,$564,$-237,$-341,$0,$-200,$-547,$590,$-279,$0,$-19,$0,$-1,$-1,$11,$-287,$41,$250,$290,$-581,$-581,$-326,$20,$-597,$-236,$62,$-326
44,2007-09-30,29.24,$1.44,20.34,$21.50,1.36,$0.58,50.81,$1.33,21.98,$3.46B,$2.89B,1.2,$1.17B,$0.62B,1.9,$9.49B,$5.80B,61.12%,$9.49B,$0.93B,9.81%,$9.49B,$0.93B,9.81%,$9.49B,$1.10B,11.57%,$9.49B,$0.87B,9.12%,$9.49B,$0.59B,6.18%,$0.59B,$0.62B,83.59%,$0.59B,$0.62B,83.59%,$0.59B,$5.48B,11.09%,$0.93B,$1.79B,49.79%,$2349,$889,$1460,$0,$1237,$2126,$224,$-16,$208,$69,$139,$139,$139,$263,$224,$430,433,$0.32,$0.32,$841,$1229,$0,$3462,$1166,$0,$0,$852,$2018,$5481,$2894,$1173,$376,$1969,$4864,$184,$3538,$-519,$617,$5481,$402,$127,$307,$433,$-123,$-426,$0,$-203,$-800,$63,$-140,$0,$0,$0,$-2,$-2,$-8,$-150,$2,$421,$423,$-502,$-502,$-244,$11,$-313,$-358,$48,$-244
45,2007-06-30,28.48,$1.44,19.73,$20.67,1.38,$1.51,18.81,$1.20,23.73,$3.18B,$2.56B,1.24,$1.16B,$0.63B,1.86,$9.20B,$5.58B,60.70%,$9.20B,$0.88B,9.52%,$9.20B,$0.88B,9.52%,$9.20B,$1.04B,11.34%,$9.20B,$0.81B,8.76%,$9.20B,$0.53B,5.80%,$0.53B,$0.63B,67.26%,$0.53B,$0.63B,67.26%,$0.53B,$5.15B,10.16%,$0.88B,$1.79B,44.14%,$2329,$921,$1408,$0,$1221,$2142,$187,$-19,$168,$54,$114,$113,$113,$232,$187,$435,438,$0.26,$0.26,$903,$1031,$0,$3176,$1121,$0,$0,$850,$1971,$5148,$2564,$1160,$375,$1959,$4523,$184,$3478,$-578,$625,$5148,$263,$88,$245,$333,$-29,$-227,$0,$-155,$-612,$-1,$-84,$0,$-17,$0,$-2,$-2,$7,$-95,$-5,$298,$293,$-363,$-363,$-165,$11,$-225,$-296,$34,$-165
46,2007-03-31,28.73,$1.76,16.33,$19.96,1.44,$2.21,13.02,$1.27,22.62,$3.33B,$2.56B,1.3,$1.17B,$0.77B,1.52,$8.95B,$5.48B,61.22%,$8.95B,$0.91B,10.20%,$8.95B,$0.91B,10.20%,$8.95B,$1.08B,12.03%,$8.95B,$0.86B,9.56%,$8.95B,$0.57B,6.38%,$0.57B,$0.77B,64.34%,$0.57B,$0.77B,64.34%,$0.57B,$5.27B,10.89%,$0.91B,$1.94B,43.51%,$2185,$833,$1353,$0,$1115,$1948,$238,$-15,$223,$72,$151,$150,$150,$281,$238,$441,444,$0.34,$0.34,$1122,$984,$0,$3334,$1095,$0,$0,$836,$1931,$5265,$2558,$1170,$352,$1935,$4493,$184,$3447,$-637,$772,$5265,$150,$43,$98,$140,$0,$-112,$0,$-157,$-454,$-160,$-34,$0,$-16,$0,$1,$1,$8,$-41,$1,$305,$306,$-109,$-109,$-82,$5,$120,$-77,$16,$-82
47,2006-12-31,25.36,$1.79,14.16,$19.46,1.3,$2.81,9.02,$1.05,24.15,$3.33B,$2.53B,1.32,$1.17B,$0.79B,1.48,$8.77B,$5.35B,61.02%,$8.77B,$0.76B,8.68%,$8.77B,$0.76B,8.68%,$8.77B,$0.92B,10.51%,$8.77B,$0.70B,8.02%,$8.77B,$0.48B,5.44%,$0.48B,$0.79B,54.13%,$0.48B,$0.79B,54.13%,$0.48B,$5.24B,9.25%,$0.76B,$1.96B,36.02%,$2623,$1046,$1577,$0,$1295,$2340,$282,$-17,$266,$81,$185,$184,$184,$322,$282,$447,449,$0.42,$0.42,$1199,$900,$0,$3334,$1100,$0,$0,$804,$1904,$5238,$2525,$1171,$247,$1923,$4448,$184,$3397,$-656,$790,$5238,$478,$160,$289,$448,$-180,$-240,$0,$-77,$-134,$796,$-175,$0,$-39,$0,$-10,$-10,$16,$-208,$511,$-369,$142,$-323,$-323,$-318,$8,$-490,$140,$63,$-318
