,Date,Stock Price,Book Value per Share,Price to Book Ratio,TTM Sales per Share,Price to Sales Ratio,TTM FCF per Share,Price to FCF Ratio,TTM Net EPS,PE Ratio,Current Assets,Current Liabilities,Current Ratio,Long Term Debt,Shareholder's Equity_x,Debt to Equity Ratio,TTM Revenue_x,TTM Gross Profit,Gross Margin,TTM Revenue_y,TTM Operating Income,Operating Margin,TTM Revenue_x,TTM EBIT,EBIT Margin,TTM Revenue_y,TTM EBITDA,EBITDA Margin,TTM Revenue_x,TTM Pre-Tax Income,Pre-Tax Margin,TTM Revenue_y,TTM Net Income_x,Net Margin,TTM Net Income_y,Shareholder's Equity_y,Return on Equity,TTM Net Income_x,Tangible Equity,Return on Tangible Equity,TTM Net Income_y,Total Assets,Return on Assets,TTM Net Income,LT Investments & Debt,Return on Investment,revenue,cost-goods-sold,gross-profit,research-development-expenses,selling-general-administrative-expenses,operating-expenses,operating-income,total-non-operating-income-expense,pre-tax-income,total-provision-income-taxes,income-after-taxes,income-from-continuous-operations,net-income,ebitda,ebit,basic-shares-outstanding,shares-outstanding,eps-basic-net-earnings-per-share,eps-earnings-per-share-diluted,cash-on-hand,inventory,other-current-assets,total-current-assets,net-property-plant-equipment,long-term-investments,goodwill-intangible-assets-total,other-long-term-assets,total-long-term-assets,total-assets,total-current-liabilities,long-term-debt,other-non-current-liabilities,total-long-term-liabilities,total-liabilities,common-stock-net,retained-earnings-accumulated-deficit,comprehensive-income,total-share-holder-equity,total-liabilities-share-holders-equity,net-income-loss,total-depreciation-amortization-cash-flow,other-non-cash-items,total-non-cash-items,change-in-accounts-receivable,change-in-inventories,change-in-accounts-payable,change-in-assets-liabilities,total-change-in-assets-liabilities,cash-flow-from-operating-activities,net-change-in-property-plant-equipment,net-change-in-intangible-assets,net-acquisitions-divestitures,net-change-in-short-term-investments,net-change-in-long-term-investments,net-change-in-investments-total,investing-activities-other,cash-flow-from-investing-activities,net-long-term-debt,net-current-debt,debt-issuance-retirement-net-total,net-common-equity-issued-repurchased,net-total-equity-issued-repurchased,total-common-preferred-stock-dividends-paid,financial-activities-other,cash-flow-from-financial-activities,net-cash-flow,stock-based-compensation,common-stock-dividends-paid
0,2018-09-30,44.77,$40.88,1.1,$163.12,0.27,$-2.10,0.0,$-1.07,0.0,$7.56B,$2.87B,2.64,$1.56B,$4.62B,0.34,$19.47B,$2.55B,13.11%,$19.47B,$0.31B,1.61%,$19.47B,$0.31B,1.61%,$19.47B,$0.71B,3.65%,$19.47B,$0.20B,1.02%,$19.47B,$-0.13B,-0.67%,$-0.13B,$4.62B,-2.67%,$-0.13B,$3.44B,-3.61%,$-0.13B,$9.45B,-1.35%,$0.31B,$6.18B,4.90%,$5090,$4453,$637,$0,$475,$4943,$147,$-32,$115,$31,$84,$84,$84,$193,$147,$115,116,$0.73,$0.72,$366,$3395,$0,$7558,$526,$0,$1182,$188,$1896,$9454,$2865,$1555,$413,$1968,$4833,$113,$3139,$-186,$4621,$9454,$84,$46,$61,$107,$-19,$-270,$95,$0,$-276,$-85,$-41,$0,$0,$0,$0,$0,$120,$79,$-92,$0,$-92,$-149,$-149,$-23,$17,$-246,$-255,$9,$-23
1,2018-06-30,42.89,$40.45,1.06,$157.02,0.27,$-2.26,0.0,$-1.32,0.0,$7.61B,$2.97B,2.56,$1.49B,$4.69B,0.32,$19.04B,$2.53B,13.28%,$19.04B,$0.23B,1.21%,$19.04B,$0.23B,1.21%,$19.04B,$0.65B,3.39%,$19.04B,$0.15B,0.76%,$19.04B,$-0.16B,-0.82%,$-0.16B,$4.69B,-3.10%,$-0.16B,$3.48B,-4.24%,$-0.16B,$9.60B,-1.60%,$0.23B,$6.17B,3.54%,$5059,$4401,$659,$0,$488,$4926,$133,$-40,$94,$36,$58,$58,$59,$184,$133,$120,120,$0.51,$0.52,$621,$3142,$0,$7611,$523,$0,$1201,$263,$1986,$9597,$2969,$1489,$453,$1942,$4912,$116,$3236,$-195,$4685,$9597,$-156,$416,$-0,$416,$-296,$-309,$410,$0,$-6,$253,$-156,$0,$-15,$0,$0,$0,$243,$72,$-126,$0,$-126,$-324,$-324,$-88,$-4,$-542,$-215,$24,$-88
2,2018-03-31,41.56,$41.77,1.0,$150.63,0.28,$-6.88,0.0,$-1.17,0.0,$7.63B,$2.77B,2.75,$1.49B,$4.96B,0.3,$18.58B,$2.50B,13.45%,$18.58B,$0.19B,1.03%,$18.58B,$0.19B,1.03%,$18.58B,$0.61B,3.30%,$18.58B,$0.11B,0.57%,$18.58B,$-0.13B,-0.72%,$-0.13B,$4.96B,-2.60%,$-0.13B,$3.67B,-3.57%,$-0.13B,$9.71B,-1.37%,$0.19B,$6.44B,2.85%,$4795,$4142,$654,$0,$501,$4849,$-54,$-18,$-72,$244,$-316,$-316,$-320,$186,$-54,$120,120,$-2.68,$-2.68,$505,$3262,$0,$7625,$521,$0,$1285,$282,$2087,$9712,$2769,$1489,$499,$1988,$4757,$119,$3314,$2,$4955,$9712,$-215,$365,$-11,$354,$-98,$-338,$181,$0,$-122,$18,$-112,$0,$-19,$0,$0,$0,$161,$30,$-191,$0,$-191,$-209,$-209,$-66,$-3,$-470,$-406,$18,$-66
3,2017-12-31,39.26,$43.88,0.89,$144.86,0.27,$-8.35,0.0,$3.61,10.88,$7.58B,$2.76B,2.75,$1.49B,$5.25B,0.28,$18.23B,$2.48B,13.58%,$18.23B,$0.36B,1.97%,$18.23B,$0.36B,1.97%,$18.23B,$0.58B,3.19%,$18.23B,$0.28B,1.56%,$18.23B,$0.46B,2.51%,$0.46B,$5.25B,8.82%,$0.46B,$3.80B,12.21%,$0.46B,$9.80B,4.68%,$0.36B,$6.74B,5.28%,$4522,$3919,$602,$0,$479,$4435,$87,$-25,$62,$5,$57,$57,$47,$148,$87,$120,122,$0.39,$0.39,$726,$3286,$0,$7576,$508,$0,$1451,$266,$2224,$9801,$2756,$1488,$308,$1796,$4552,$120,$3725,$-117,$5249,$9801,$105,$125,$-6,$118,$108,$-410,$75,$0,$-283,$-59,$-67,$0,$-15,$0,$0,$0,$115,$33,$-49,$0,$-49,$-135,$-135,$-44,$-1,$-230,$-247,$17,$-44
4,2017-09-30,38.77,$43.26,0.9,$140.50,0.28,$-6.01,0.0,$4.01,9.67,$7.55B,$2.71B,2.78,$1.50B,$5.24B,0.29,$17.98B,$2.46B,13.68%,$17.98B,$0.40B,2.20%,$17.98B,$0.40B,2.20%,$17.98B,$0.59B,3.30%,$17.98B,$0.28B,1.57%,$17.98B,$0.51B,2.86%,$0.51B,$5.24B,10.16%,$0.51B,$3.78B,14.16%,$0.51B,$9.77B,4.83%,$0.40B,$6.74B,5.54%,$4661,$4048,$613,$0,$502,$4596,$65,$-3,$61,$3,$58,$58,$58,$128,$65,$123,124,$0.48,$0.47,$738,$3129,$0,$7546,$510,$0,$1469,$248,$2227,$9773,$2712,$1495,$322,$1817,$4529,$121,$3765,$-154,$5244,$9773,$58,$64,$-10,$54,$-32,$-267,$37,$0,$-240,$-128,$-27,$0,$-15,$0,$0,$0,$47,$5,$-89,$0,$-89,$-68,$-68,$-22,$-1,$-180,$-297,$9,$-22
5,2017-06-30,38.18,$42.10,0.91,$134.65,0.28,$-5.03,0.0,$4.07,9.38,$7.53B,$2.45B,3.07,$1.73B,$5.18B,0.33,$17.44B,$2.37B,13.59%,$17.44B,$0.46B,2.64%,$17.44B,$0.46B,2.64%,$17.44B,$0.62B,3.54%,$17.44B,$0.31B,1.78%,$17.44B,$0.53B,3.01%,$0.53B,$5.18B,10.62%,$0.53B,$3.76B,14.10%,$0.53B,$9.70B,4.79%,$0.46B,$6.91B,6.31%,$4606,$3976,$631,$0,$495,$4513,$93,$-39,$55,$-19,$73,$73,$81,$151,$93,$127,129,$0.67,$0.66,$1118,$2825,$0,$7534,$520,$0,$1426,$221,$2166,$9700,$2454,$1729,$335,$2064,$4518,$123,$3799,$-244,$5182,$9700,$525,$155,$-793,$-637,$-372,$84,$164,$0,$-257,$-369,$-120,$0,$-803,$0,$0,$0,$2262,$1338,$-591,$-234,$-825,$-276,$-276,$-89,$2,$-1188,$-195,$48,$-89
6,2017-03-31,44.71,$40.40,1.11,$146.81,0.3,$-0.56,0.0,$4.17,10.72,$7.67B,$2.65B,2.9,$1.72B,$5.10B,0.34,$19.06B,$2.47B,12.96%,$19.06B,$0.54B,2.84%,$19.06B,$0.54B,2.84%,$19.06B,$0.66B,3.47%,$19.06B,$0.39B,2.05%,$19.06B,$0.54B,2.84%,$0.54B,$5.10B,11.22%,$0.54B,$3.67B,14.25%,$0.54B,$9.85B,4.77%,$0.54B,$6.82B,7.63%,$4442,$3812,$630,$0,$480,$4328,$114,$-8,$106,$16,$90,$90,$272,$155,$114,$128,129,$2.12,$2.10,$1391,$2771,$0,$7673,$526,$0,$1426,$220,$2173,$9846,$2645,$1724,$377,$2102,$4746,$126,$3872,$-392,$5100,$9846,$444,$98,$-542,$-444,$-336,$86,$86,$0,$-184,$-185,$-108,$0,$-801,$0,$0,$0,$2254,$1345,$-641,$-234,$-875,$-125,$-125,$-66,$19,$-1047,$98,$42,$-66
7,2016-12-31,46.34,$36.82,1.26,$143.50,0.32,$3.15,14.72,$3.01,15.39,$11.08B,$4.81B,2.3,$3.38B,$4.71B,0.72,$18.70B,$2.36B,12.62%,$18.70B,$0.58B,3.09%,$18.70B,$0.58B,3.09%,$18.70B,$0.68B,3.61%,$18.70B,$0.42B,2.22%,$18.70B,$0.39B,2.10%,$0.39B,$4.71B,8.27%,$0.39B,$3.32B,10.53%,$0.39B,$13.26B,3.36%,$0.58B,$8.09B,8.27%,$4274,$3687,$586,$0,$432,$4149,$124,$-63,$61,$29,$32,$32,$103,$160,$124,$128,130,$0.80,$0.79,$1270,$2698,$4053,$11077,$565,$0,$1395,$219,$2179,$13256,$4810,$3382,$352,$3734,$8544,$128,$3761,$-668,$4712,$13256,$172,$57,$-80,$-23,$-127,$140,$134,$0,$91,$240,$-70,$0,$-798,$0,$0,$0,$5,$-864,$1018,$-82,$936,$0,$0,$-43,$-3,$890,$239,$33,$-43
8,2016-09-30,39.81,$37.55,1.06,$141.56,0.28,$1.92,20.74,$3.38,11.78,$9.70B,$3.43B,2.83,$2.61B,$4.79B,0.55,$18.59B,$2.28B,12.27%,$18.59B,$0.59B,3.17%,$18.59B,$0.59B,3.17%,$18.59B,$0.67B,3.61%,$18.59B,$0.47B,2.51%,$18.59B,$0.45B,2.39%,$0.45B,$4.79B,9.41%,$0.45B,$4.15B,11.97%,$0.45B,$11.05B,3.98%,$0.59B,$7.40B,9.22%,$4118,$3595,$523,$0,$364,$3989,$130,$-41,$89,$21,$68,$68,$69,$151,$130,$128,130,$0.54,$0.53,$1197,$2419,$3132,$9700,$471,$0,$642,$233,$1346,$11046,$3434,$2610,$214,$2823,$6257,$128,$3679,$-488,$4789,$11046,$69,$22,$-77,$-55,$-65,$182,$-165,$0,$-14,$-0,$-35,$0,$0,$0,$0,$0,$0,$-34,$220,$0,$220,$0,$0,$-22,$-4,$194,$165,$18,$-22
9,2016-06-30,39.12,$36.83,1.06,$143.57,0.27,$1.71,22.85,$3.81,10.27,$9.00B,$4.94B,1.82,$1.34B,$4.69B,0.29,$19.07B,$2.32B,12.17%,$19.07B,$0.63B,3.30%,$19.07B,$0.63B,3.30%,$19.07B,$0.71B,3.72%,$19.07B,$0.53B,2.76%,$19.07B,$0.51B,2.65%,$0.51B,$4.69B,10.79%,$0.51B,$4.05B,14.46%,$0.51B,$11.24B,4.55%,$0.63B,$6.03B,10.55%,$6227,$5496,$731,$0,$542,$6054,$173,$-38,$135,$38,$97,$97,$97,$196,$173,$128,130,$0.76,$0.75,$1031,$2560,$0,$9004,$453,$0,$644,$1138,$2236,$11240,$4942,$1339,$267,$1606,$6549,$127,$3632,$-521,$4691,$11240,$507,$80,$351,$431,$191,$-417,$-326,$0,$-713,$224,$-137,$0,$0,$0,$0,$0,$-15,$-153,$200,$292,$491,$-381,$-381,$-89,$12,$33,$99,$57,$-89
10,2016-03-31,42.6,$37.04,1.15,$144.98,0.29,$4.32,9.87,$4.21,10.12,$8.94B,$4.56B,1.96,$1.61B,$4.76B,0.34,$19.64B,$2.38B,12.09%,$19.64B,$0.64B,3.24%,$19.64B,$0.64B,3.24%,$19.64B,$0.67B,3.42%,$19.64B,$0.55B,2.78%,$19.64B,$0.57B,2.89%,$0.57B,$4.76B,12.12%,$0.57B,$3.38B,17.14%,$0.57B,$11.13B,5.15%,$0.64B,$6.37B,10.53%,$4082,$3561,$521,$0,$362,$3932,$150,$-20,$130,$22,$108,$108,$123,$169,$150,$130,132,$0.95,$0.94,$1036,$2827,$0,$8938,$611,$0,$1382,$194,$2187,$11125,$4564,$1611,$190,$1801,$6365,$129,$3603,$-414,$4760,$11125,$410,$57,$105,$161,$254,$-352,$-103,$0,$-274,$297,$-107,$0,$0,$0,$0,$0,$-16,$-122,$12,$292,$304,$-334,$-334,$-67,$24,$-73,$104,$48,$-67
11,2015-12-31,41.03,$35.60,1.15,$162.89,0.25,$3.97,10.34,$4.15,9.89,$9.14B,$5.36B,1.71,$1.07B,$4.67B,0.23,$22.30B,$2.63B,11.79%,$22.30B,$0.69B,3.09%,$22.30B,$0.69B,3.09%,$22.30B,$0.74B,3.32%,$22.30B,$0.59B,2.63%,$22.30B,$0.57B,2.54%,$0.57B,$4.67B,12.26%,$0.57B,$3.30B,17.47%,$0.57B,$11.30B,5.20%,$0.69B,$5.75B,11.49%,$4161,$3656,$505,$0,$355,$4025,$136,$-23,$113,$11,$102,$102,$156,$155,$136,$132,135,$1.18,$1.16,$916,$2650,$0,$9142,$587,$0,$1375,$198,$2160,$11302,$5363,$1072,$193,$1265,$6628,$131,$3643,$-546,$4674,$11302,$286,$38,$-6,$32,$262,$-190,$-240,$0,$-234,$84,$-74,$0,$0,$0,$0,$0,$-12,$-86,$458,$-250,$208,$-185,$-185,$-45,$25,$4,$-16,$38,$-45
12,2015-09-30,40.73,$35.05,1.16,$186.39,0.22,$4.91,8.3,$4.17,9.77,$8.72B,$4.96B,1.76,$1.08B,$4.63B,0.23,$25.69B,$2.96B,11.53%,$25.69B,$0.80B,3.13%,$25.69B,$0.80B,3.13%,$25.69B,$0.87B,3.39%,$25.69B,$0.69B,2.70%,$25.69B,$0.58B,2.24%,$0.58B,$4.63B,12.42%,$0.58B,$3.27B,17.78%,$0.58B,$10.86B,5.25%,$0.80B,$5.71B,13.04%,$4601,$4038,$563,$0,$381,$4431,$170,$-21,$149,$38,$111,$111,$130,$189,$170,$134,136,$0.97,$0.96,$825,$2805,$0,$8715,$579,$0,$1357,$213,$2150,$10864,$4960,$1076,$197,$1273,$6233,$132,$3549,$-479,$4631,$10864,$130,$19,$12,$31,$124,$-283,$-2,$0,$-195,$-34,$-31,$0,$0,$0,$0,$0,$-1,$-32,$136,$0,$136,$-144,$-144,$-23,$-3,$-33,$-108,$24,$-23
13,2015-06-30,39.07,$34.58,1.13,$201.20,0.19,$4.84,8.08,$4.12,9.48,$8.59B,$4.27B,2.01,$1.65B,$4.69B,0.35,$27.93B,$3.19B,11.43%,$27.93B,$0.83B,2.96%,$27.93B,$0.83B,2.96%,$27.93B,$0.91B,3.26%,$27.93B,$0.71B,2.55%,$27.93B,$0.57B,2.05%,$0.57B,$4.69B,12.27%,$0.57B,$3.31B,17.67%,$0.57B,$10.80B,5.22%,$0.83B,$6.33B,13.04%,$6796,$6011,$786,$0,$562,$6616,$180,$-27,$154,$-5,$159,$159,$159,$159,$180,$136,138,$1.16,$1.15,$933,$2482,$0,$8585,$569,$0,$1378,$268,$2215,$10800,$4272,$1647,$196,$1843,$6115,$135,$3583,$-441,$4685,$10800,$572,$82,$306,$388,$-248,$-78,$118,$0,$-376,$584,$-133,$0,$0,$0,$0,$0,$-53,$-186,$-36,$0,$-36,$-160,$-160,$-87,$-58,$-341,$4,$62,$-87
14,2015-03-31,42.14,$33.15,1.27,$202.12,0.21,$2.38,17.73,$4.30,9.8,$8.48B,$4.24B,2.0,$1.73B,$4.50B,0.38,$28.18B,$3.24B,11.51%,$28.18B,$0.85B,3.02%,$28.18B,$0.85B,3.02%,$28.18B,$0.99B,3.52%,$28.18B,$0.74B,2.61%,$28.18B,$0.60B,2.13%,$0.60B,$4.50B,12.70%,$0.60B,$3.10B,18.43%,$0.60B,$10.62B,5.41%,$0.85B,$6.23B,13.55%,$6737,$5963,$774,$0,$555,$6533,$204,$-33,$171,$49,$122,$122,$122,$238,$204,$136,138,$0.89,$0.88,$803,$2474,$0,$8484,$548,$0,$1397,$185,$2131,$10615,$4241,$1725,$147,$1872,$6113,$136,$3461,$-490,$4502,$10615,$413,$104,$136,$240,$-186,$-90,$118,$0,$-368,$285,$-133,$0,$0,$0,$0,$0,$-9,$-142,$14,$0,$14,$-148,$-148,$-66,$-14,$-214,$-126,$49,$-66
15,2014-12-31,40.59,$34.63,1.17,$200.88,0.2,$2.15,18.84,$4.23,9.6,$9.29B,$4.93B,1.88,$1.69B,$4.71B,0.36,$28.13B,$3.28B,11.64%,$28.13B,$0.83B,2.96%,$28.13B,$0.83B,2.96%,$28.13B,$0.97B,3.46%,$28.13B,$0.73B,2.59%,$28.13B,$0.59B,2.10%,$0.59B,$4.71B,12.38%,$0.59B,$3.25B,18.06%,$0.59B,$11.49B,5.31%,$0.83B,$6.40B,13.40%,$7552,$6714,$838,$0,$574,$7302,$250,$-30,$220,$56,$164,$164,$164,$285,$250,$137,139,$1.20,$1.18,$903,$2494,$0,$9290,$542,$0,$1451,$208,$2201,$11491,$4932,$1692,$162,$1854,$6786,$136,$3399,$-221,$4705,$11491,$292,$69,$86,$155,$-711,$-6,$583,$0,$-222,$224,$-84,$0,$0,$0,$0,$0,$-9,$-92,$77,$-37,$40,$-109,$-109,$-44,$-5,$-119,$-26,$36,$-44
16,2014-09-30,39.02,$34.72,1.12,$199.50,0.2,$-0.29,0.0,$3.94,9.9,$8.76B,$4.40B,1.99,$1.63B,$4.79B,0.34,$28.00B,$3.29B,11.74%,$28.00B,$0.81B,2.88%,$28.00B,$0.81B,2.88%,$28.00B,$0.95B,3.38%,$28.00B,$0.70B,2.49%,$28.00B,$0.55B,1.98%,$0.55B,$4.79B,11.61%,$0.55B,$3.31B,17.12%,$0.55B,$10.99B,4.96%,$0.81B,$6.42B,13.23%,$6840,$6044,$795,$0,$584,$6646,$193,$-25,$168,$40,$128,$128,$128,$228,$193,$138,141,$0.93,$0.91,$814,$2705,$0,$8762,$529,$0,$1488,$208,$2225,$10987,$4403,$1626,$164,$1790,$6193,$138,$3346,$-64,$4794,$10987,$128,$35,$50,$84,$42,$-166,$-29,$0,$-253,$-41,$-37,$0,$0,$0,$0,$0,$2,$-34,$60,$-42,$18,$-12,$-12,$-22,$-2,$-18,$-115,$22,$-22
17,2014-06-30,41.51,$35.37,1.17,$196.36,0.21,$-0.84,0.0,$3.89,10.67,$8.95B,$4.98B,1.8,$1.21B,$4.89B,0.25,$27.50B,$3.23B,11.73%,$27.50B,$0.79B,2.88%,$27.50B,$0.79B,2.88%,$27.50B,$0.93B,3.37%,$27.50B,$0.70B,2.55%,$27.50B,$0.55B,1.99%,$0.55B,$4.89B,11.65%,$0.55B,$3.36B,17.04%,$0.55B,$11.25B,4.94%,$0.79B,$6.10B,13.40%,$7049,$6212,$837,$0,$604,$6844,$205,$-29,$176,$-11,$186,$186,$186,$241,$205,$138,140,$1.34,$1.33,$929,$2613,$0,$8954,$535,$0,$1533,$229,$2296,$11251,$4979,$1209,$173,$1382,$6360,$138,$3257,$140,$4890,$11251,$546,$137,$119,$256,$-307,$-226,$49,$0,$-564,$237,$-123,$0,$-117,$0,$0,$0,$3,$-237,$-45,$39,$-6,$-9,$-9,$-83,$9,$-88,$-80,$46,$-83
18,2014-03-31,43.44,$34.23,1.27,$193.13,0.22,$2.62,16.6,$3.47,12.52,$8.65B,$4.77B,1.82,$1.22B,$4.74B,0.26,$27.04B,$3.16B,11.69%,$27.04B,$0.75B,2.77%,$27.04B,$0.75B,2.77%,$27.04B,$0.88B,3.25%,$27.04B,$0.65B,2.41%,$27.04B,$0.49B,1.80%,$0.49B,$4.74B,10.71%,$0.49B,$3.19B,15.78%,$0.49B,$10.90B,4.48%,$0.75B,$5.96B,13.02%,$6684,$5879,$805,$0,$594,$6499,$185,$-20,$165,$51,$114,$114,$114,$220,$185,$138,140,$0.82,$0.81,$960,$2510,$0,$8653,$522,$0,$1542,$183,$2247,$10901,$4765,$1222,$178,$1400,$6165,$138,$3099,$156,$4736,$10901,$359,$100,$110,$210,$-56,$-114,$-149,$0,$-365,$204,$-81,$0,$-117,$0,$0,$0,$4,$-194,$-13,$0,$-13,$-1,$-1,$-62,$10,$-66,$-49,$34,$-62
19,2013-12-31,41.04,$33.63,1.22,$190.76,0.22,$4.29,9.57,$3.28,12.51,$9.24B,$5.45B,1.69,$1.23B,$4.63B,0.27,$26.66B,$3.11B,11.67%,$26.66B,$0.73B,2.75%,$26.66B,$0.73B,2.75%,$26.66B,$0.86B,3.22%,$26.66B,$0.63B,2.37%,$26.66B,$0.46B,1.72%,$0.46B,$4.63B,10.47%,$0.46B,$3.06B,15.33%,$0.46B,$11.49B,4.29%,$0.73B,$5.86B,12.94%,$7422,$6573,$849,$0,$599,$7200,$222,$-33,$189,$64,$125,$125,$125,$258,$222,$138,140,$0.91,$0.89,$779,$2549,$0,$9236,$512,$0,$1568,$170,$2250,$11485,$5450,$1228,$179,$1406,$6857,$138,$3007,$140,$4628,$11485,$245,$66,$92,$158,$-772,$-158,$349,$0,$-558,$-154,$-47,$0,$-117,$0,$0,$0,$2,$-162,$60,$55,$115,$0,$0,$-41,$4,$78,$-230,$29,$-41
20,2013-09-30,38.66,$32.68,1.18,$186.14,0.21,$8.27,4.68,$3.38,11.44,$8.42B,$4.72B,1.78,$1.20B,$4.50B,0.27,$25.93B,$3.03B,11.68%,$25.93B,$0.71B,2.72%,$25.93B,$0.71B,2.72%,$25.93B,$0.83B,3.19%,$25.93B,$0.61B,2.36%,$25.93B,$0.47B,1.81%,$0.47B,$4.50B,11.08%,$0.47B,$3.21B,16.00%,$0.47B,$10.56B,4.50%,$0.71B,$5.70B,12.61%,$6345,$5610,$735,$0,$544,$6166,$179,$-7,$172,$51,$121,$121,$121,$208,$179,$137,140,$0.88,$0.86,$866,$2511,$0,$8419,$505,$0,$1290,$344,$2139,$10558,$4720,$1202,$141,$1343,$6063,$138,$2903,$121,$4495,$10558,$121,$29,$52,$81,$90,$-220,$-128,$0,$-328,$-126,$-27,$0,$-21,$0,$0,$0,$2,$-47,$-32,$68,$36,$0,$0,$-21,$4,$19,$-144,$19,$-21
21,2013-06-30,31.02,$31.29,0.99,$181.68,0.17,$9.76,3.18,$3.22,9.63,$8.36B,$4.82B,1.73,$1.21B,$4.29B,0.28,$25.46B,$2.98B,11.70%,$25.46B,$0.63B,2.46%,$25.46B,$0.63B,2.46%,$25.46B,$0.75B,2.93%,$25.46B,$0.55B,2.16%,$25.46B,$0.45B,1.76%,$0.45B,$4.29B,10.91%,$0.45B,$2.86B,15.80%,$0.45B,$10.48B,4.34%,$0.63B,$5.50B,11.36%,$6591,$5820,$771,$0,$548,$6428,$163,$-36,$127,$1,$126,$126,$126,$194,$163,$138,140,$0.91,$0.90,$1009,$2264,$0,$8357,$493,$0,$1434,$192,$2118,$10475,$4821,$1207,$157,$1364,$6186,$137,$2803,$29,$4289,$10475,$450,$121,$78,$199,$-94,$226,$-79,$0,$47,$696,$-97,$0,$-262,$0,$0,$0,$7,$-353,$-310,$168,$-142,$-207,$-207,$0,$5,$-344,$2,$44,$0
22,2013-03-31,33.43,$29.80,1.12,$176.78,0.19,$8.16,4.1,$3.22,10.38,$8.10B,$4.44B,1.83,$1.50B,$4.08B,0.37,$25.18B,$2.97B,11.79%,$25.18B,$0.68B,2.69%,$25.18B,$0.68B,2.69%,$25.18B,$0.80B,3.16%,$25.18B,$0.61B,2.42%,$25.18B,$0.46B,1.81%,$0.46B,$4.08B,11.35%,$0.46B,$2.83B,16.12%,$0.46B,$10.21B,4.45%,$0.68B,$5.59B,12.45%,$6299,$5543,$756,$0,$561,$6131,$168,$-23,$144,$58,$86,$86,$86,$199,$168,$137,139,$0.63,$0.62,$821,$2285,$0,$8104,$486,$0,$1254,$367,$2107,$10212,$4441,$1501,$186,$1687,$6128,$137,$2677,$-19,$4084,$10212,$324,$89,$71,$161,$-3,$192,$-176,$0,$-55,$429,$-75,$0,$-240,$0,$0,$0,$0,$-316,$-259,$157,$-102,$-207,$-207,$0,$4,$-304,$-186,$36,$0
23,2012-12-31,28.26,$30.11,0.94,$174.12,0.16,$6.80,4.16,$3.60,7.85,$8.45B,$4.77B,1.77,$1.51B,$4.11B,0.37,$25.16B,$2.97B,11.79%,$25.16B,$0.73B,2.89%,$25.16B,$0.73B,2.89%,$25.16B,$0.84B,3.34%,$25.16B,$0.67B,2.64%,$25.16B,$0.52B,2.06%,$0.52B,$4.11B,12.91%,$0.52B,$2.86B,18.09%,$0.52B,$10.55B,5.06%,$0.73B,$5.61B,13.57%,$6699,$5931,$768,$0,$548,$6504,$196,$-27,$169,$31,$137,$137,$137,$225,$196,$137,139,$1.01,$0.99,$815,$2224,$0,$8450,$492,$0,$1249,$359,$2100,$10550,$4770,$1508,$165,$1674,$6444,$136,$2591,$92,$4106,$10550,$238,$58,$28,$86,$-400,$246,$251,$0,$84,$407,$-55,$0,$-167,$0,$0,$0,$0,$-223,$-366,$177,$-189,$-207,$-207,$0,$3,$-392,$-192,$28,$0
24,2012-09-30,26.86,$28.70,0.94,$170.50,0.16,$5.43,4.95,$3.59,7.48,$8.12B,$4.55B,1.79,$1.40B,$3.98B,0.35,$25.15B,$2.98B,11.85%,$25.15B,$0.76B,3.03%,$25.15B,$0.76B,3.03%,$25.15B,$0.87B,3.45%,$25.15B,$0.70B,2.80%,$25.15B,$0.53B,2.10%,$0.53B,$3.98B,13.37%,$0.53B,$2.83B,18.35%,$0.53B,$10.10B,5.20%,$0.76B,$5.38B,14.61%,$5870,$5186,$684,$0,$547,$5770,$100,$9,$109,$9,$100,$100,$100,$128,$100,$141,143,$0.71,$0.70,$1043,$2361,$0,$8119,$481,$0,$1155,$348,$1984,$10103,$4545,$1400,$178,$1578,$6123,$139,$2520,$42,$3980,$10103,$100,$28,$-0,$28,$278,$103,$-383,$0,$-47,$81,$-24,$0,$-83,$0,$0,$0,$0,$-107,$41,$131,$172,$-129,$-129,$0,$1,$45,$36,$19,$0
25,2012-06-30,28.49,$27.40,1.04,$171.14,0.17,$3.46,8.25,$3.79,7.52,$8.25B,$4.80B,1.72,$1.27B,$3.91B,0.33,$25.71B,$3.05B,11.87%,$25.71B,$0.88B,3.44%,$25.71B,$0.88B,3.44%,$25.71B,$0.99B,3.83%,$25.71B,$0.79B,3.08%,$25.71B,$0.57B,2.21%,$0.57B,$3.91B,14.41%,$0.57B,$2.81B,19.42%,$0.57B,$10.17B,5.63%,$0.88B,$5.18B,17.22%,$6307,$5548,$759,$0,$525,$6094,$213,$-27,$186,$53,$133,$133,$133,$244,$213,$147,150,$0.92,$0.91,$1007,$2389,$0,$8254,$461,$0,$1101,$352,$1913,$10168,$4799,$1272,$191,$1463,$6262,$143,$2546,$-46,$3906,$10168,$567,$101,$111,$212,$72,$133,$-319,$0,$-251,$529,$-129,$0,$-313,$0,$0,$0,$1,$-441,$510,$86,$596,$-318,$-318,$0,$6,$283,$332,$36,$0
26,2012-03-31,33.6,$27.93,1.2,$173.75,0.19,$1.69,19.91,$4.42,7.6,$8.31B,$4.83B,1.72,$1.18B,$4.05B,0.29,$26.31B,$3.12B,11.85%,$26.31B,$0.94B,3.56%,$26.31B,$0.94B,3.56%,$26.31B,$1.03B,3.91%,$26.31B,$0.86B,3.25%,$26.31B,$0.67B,2.56%,$0.67B,$4.05B,16.94%,$0.67B,$2.97B,22.35%,$0.67B,$10.16B,6.73%,$0.94B,$5.24B,18.14%,$6281,$5527,$754,$0,$518,$6064,$217,$-16,$201,$53,$148,$148,$148,$243,$217,$145,147,$1.02,$1.00,$940,$2490,$0,$8305,$458,$0,$1082,$313,$1852,$10158,$4826,$1184,$96,$1280,$6106,$145,$2487,$164,$4052,$10158,$434,$71,$102,$172,$76,$76,$-352,$0,$-337,$269,$-95,$0,$-230,$0,$0,$0,$0,$-324,$590,$-12,$578,$-249,$-249,$0,$6,$335,$265,$29,$0
27,2011-12-31,28.71,$26.60,1.08,$174.26,0.16,$-0.19,0.0,$4.40,6.52,$8.46B,$5.02B,1.68,$1.19B,$3.86B,0.31,$26.70B,$3.15B,11.80%,$26.70B,$0.96B,3.60%,$26.70B,$0.96B,3.60%,$26.70B,$1.05B,3.92%,$26.70B,$0.87B,3.25%,$26.70B,$0.68B,2.53%,$0.68B,$3.86B,17.36%,$0.68B,$2.91B,22.72%,$0.68B,$10.17B,6.81%,$0.96B,$5.04B,18.83%,$6694,$5909,$784,$0,$519,$6463,$231,$-23,$208,$61,$147,$147,$147,$253,$231,$147,150,$1.00,$0.98,$969,$2514,$0,$8455,$440,$0,$945,$332,$1718,$10173,$5023,$1185,$110,$1295,$6318,$145,$2362,$95,$3855,$10173,$286,$45,$67,$112,$-99,$3,$47,$0,$-152,$246,$-71,$0,$-108,$0,$0,$0,$0,$-178,$450,$18,$468,$-221,$-221,$0,$1,$247,$293,$22,$0
28,2011-09-30,24.08,$26.29,0.92,$173.40,0.14,$-3.04,0.0,$4.33,5.56,$8.07B,$4.59B,1.76,$1.15B,$3.93B,0.29,$26.78B,$3.14B,11.72%,$26.78B,$0.96B,3.58%,$26.78B,$0.96B,3.58%,$26.78B,$1.04B,3.88%,$26.78B,$0.86B,3.22%,$26.78B,$0.67B,2.50%,$0.67B,$3.93B,17.67%,$0.67B,$2.99B,23.14%,$0.67B,$9.78B,6.80%,$0.96B,$5.08B,19.10%,$6426,$5672,$754,$0,$531,$6203,$223,$-27,$196,$57,$139,$139,$139,$245,$223,$152,155,$0.91,$0.90,$622,$2644,$0,$8067,$433,$0,$939,$344,$1716,$9783,$4593,$1151,$108,$1259,$5852,$150,$2345,$191,$3931,$9783,$139,$22,$42,$65,$125,$-89,$-374,$0,$-408,$-204,$-39,$0,$-103,$0,$0,$0,$0,$-142,$325,$64,$389,$-82,$-82,$0,$1,$308,$-53,$14,$0
29,2011-06-30,29.44,$26.55,1.11,$172.05,0.17,$-2.40,0.0,$4.33,6.8,$8.23B,$4.48B,1.84,$1.27B,$4.06B,0.31,$26.53B,$3.11B,11.71%,$26.53B,$0.93B,3.51%,$26.53B,$0.93B,3.51%,$26.53B,$1.01B,3.81%,$26.53B,$0.87B,3.28%,$26.53B,$0.67B,2.52%,$0.67B,$4.06B,18.38%,$0.67B,$3.17B,24.01%,$0.67B,$9.91B,6.87%,$0.93B,$5.33B,18.98%,$6912,$6087,$825,$0,$554,$6645,$267,$-17,$250,$11,$239,$239,$239,$289,$267,$152,154,$1.56,$1.55,$675,$2596,$0,$8227,$419,$0,$885,$374,$1678,$9906,$4478,$1274,$98,$1372,$5849,$153,$2294,$377,$4056,$9906,$669,$81,$79,$160,$-421,$-322,$165,$0,$-551,$278,$-138,$0,$-672,$0,$0,$0,$0,$-810,$0,$-101,$-101,$0,$0,$0,$164,$63,$-417,$29,$0
30,2011-03-31,31.48,$24.45,1.29,$161.32,0.2,$-3.87,0.0,$3.71,8.48,$8.22B,$4.73B,1.74,$1.25B,$3.73B,0.34,$24.84B,$2.93B,11.79%,$24.84B,$0.88B,3.54%,$24.84B,$0.88B,3.54%,$24.84B,$0.95B,3.84%,$24.84B,$0.82B,3.31%,$24.84B,$0.57B,2.30%,$0.57B,$3.73B,16.90%,$0.57B,$2.83B,21.92%,$0.57B,$9.84B,6.20%,$0.88B,$4.99B,19.01%,$6672,$5886,$787,$0,$530,$6432,$241,$-28,$213,$62,$151,$151,$151,$260,$241,$153,155,$0.99,$0.98,$782,$2514,$0,$8216,$396,$0,$908,$320,$1624,$9840,$4725,$1251,$130,$1380,$6106,$153,$2055,$299,$3734,$9840,$430,$59,$35,$94,$-392,$-263,$45,$0,$-528,$-3,$-103,$0,$-681,$0,$0,$0,$0,$-783,$485,$-54,$431,$0,$0,$0,$3,$434,$-310,$25,$0
31,2010-12-31,30.5,$22.64,1.35,$149.21,0.2,$-4.43,0.0,$3.48,8.76,$8.37B,$5.09B,1.64,$1.25B,$3.44B,0.36,$22.92B,$2.73B,11.89%,$22.92B,$0.81B,3.52%,$22.92B,$0.81B,3.52%,$22.92B,$0.88B,3.82%,$22.92B,$0.77B,3.34%,$22.92B,$0.54B,2.33%,$0.54B,$3.44B,16.72%,$0.54B,$2.59B,21.30%,$0.54B,$9.90B,6.27%,$0.81B,$4.69B,18.43%,$6767,$5994,$773,$0,$516,$6540,$228,$-25,$203,$62,$141,$141,$141,$246,$228,$152,154,$0.93,$0.91,$757,$2550,$0,$8368,$367,$0,$848,$320,$1536,$9904,$5094,$1248,$119,$1367,$6461,$152,$1904,$161,$3442,$9904,$279,$39,$1,$41,$-545,$-341,$295,$0,$-511,$-191,$-68,$0,$-627,$0,$0,$0,$0,$-695,$450,$71,$521,$0,$0,$0,$1,$522,$-335,$21,$0
32,2010-09-30,24.94,$21.92,1.14,$136.95,0.18,$-3.46,0.0,$3.25,7.67,$7.84B,$4.60B,1.7,$1.26B,$3.33B,0.38,$20.99B,$2.50B,11.93%,$20.99B,$0.74B,3.53%,$20.99B,$0.74B,3.53%,$20.99B,$0.81B,3.85%,$20.99B,$0.71B,3.40%,$20.99B,$0.50B,2.37%,$0.50B,$3.33B,16.14%,$0.50B,$2.56B,20.20%,$0.50B,$9.30B,6.31%,$0.74B,$4.59B,17.70%,$6182,$5459,$723,$0,$501,$5988,$194,$10,$205,$67,$138,$138,$138,$215,$194,$152,154,$0.91,$0.90,$662,$2495,$0,$7841,$346,$0,$774,$342,$1462,$9303,$4601,$1260,$112,$1372,$5973,$152,$1763,$203,$3330,$9303,$138,$21,$-12,$9,$-111,$-270,$131,$0,$-259,$-112,$-32,$0,$-575,$0,$0,$0,$0,$-606,$190,$71,$261,$0,$0,$0,$0,$262,$-430,$9,$0
33,2010-06-30,22.26,$19.82,1.12,$125.24,0.18,$-2.55,0.0,$2.68,8.31,$6.63B,$3.44B,1.93,$1.24B,$3.01B,0.41,$19.16B,$2.28B,11.90%,$19.16B,$0.64B,3.31%,$19.16B,$0.64B,3.31%,$19.16B,$0.70B,3.64%,$19.16B,$0.59B,3.06%,$19.16B,$0.41B,2.14%,$0.41B,$3.01B,13.82%,$0.41B,$2.44B,17.05%,$0.41B,$7.78B,5.68%,$0.64B,$4.25B,15.90%,$5214,$4568,$646,$0,$429,$4997,$217,$-17,$200,$59,$141,$141,$141,$232,$217,$152,153,$0.93,$0.92,$1092,$1813,$0,$6630,$303,$0,$566,$283,$1152,$7782,$3440,$1244,$90,$1334,$4773,$152,$1624,$27,$3009,$7782,$410,$61,$81,$142,$-1070,$-460,$963,$0,$-583,$-30,$-55,$0,$-58,$0,$0,$0,$0,$-112,$0,$292,$292,$0,$0,$0,$5,$297,$148,$28,$0
34,2010-03-31,27.7,$19.90,1.39,$116.14,0.24,$4.78,5.8,$1.56,17.76,$6.00B,$3.11B,1.93,$0.94B,$3.02B,0.31,$17.71B,$2.08B,11.73%,$17.71B,$0.40B,2.24%,$17.71B,$0.40B,2.24%,$17.71B,$0.46B,2.60%,$17.71B,$0.36B,2.04%,$17.71B,$0.24B,1.35%,$0.24B,$3.02B,8.20%,$0.24B,$2.46B,10.16%,$0.24B,$7.16B,3.48%,$0.40B,$3.96B,10.29%,$4757,$4174,$583,$0,$408,$4590,$167,$-11,$157,$42,$115,$115,$115,$182,$167,$152,153,$0.75,$0.75,$755,$1748,$0,$5995,$303,$0,$566,$294,$1163,$7158,$3110,$938,$89,$1026,$4137,$152,$1483,$185,$3021,$7158,$269,$46,$62,$108,$-732,$-356,$584,$0,$-532,$-155,$-37,$0,$-25,$0,$0,$0,$0,$-61,$0,$13,$13,$0,$0,$0,$4,$17,$-189,$24,$0
35,2009-12-31,27.85,$19.70,1.41,$109.58,0.25,$10.71,2.6,$0.93,29.94,$6.17B,$3.32B,1.86,$0.94B,$2.98B,0.32,$16.66B,$1.96B,11.75%,$16.66B,$0.29B,1.72%,$16.66B,$0.29B,1.72%,$16.66B,$0.35B,2.10%,$16.66B,$0.23B,1.39%,$16.66B,$0.14B,0.84%,$0.14B,$2.98B,4.92%,$0.14B,$2.41B,6.13%,$0.14B,$7.32B,2.11%,$0.29B,$3.92B,7.55%,$4835,$4283,$552,$0,$390,$4672,$162,$-11,$152,$48,$104,$104,$104,$178,$162,$151,153,$0.69,$0.68,$895,$1698,$0,$6168,$302,$0,$573,$272,$1147,$7315,$3319,$939,$77,$1016,$4335,$151,$1369,$261,$2981,$7315,$155,$31,$39,$70,$-793,$-273,$753,$0,$-316,$-91,$-19,$0,$3,$0,$0,$0,$0,$-16,$0,$40,$40,$0,$0,$0,$3,$42,$-49,$20,$0
36,2009-09-30,23.98,$19.10,1.26,$106.30,0.23,$13.20,1.82,$1.00,23.98,$5.58B,$2.79B,2.0,$0.96B,$2.89B,0.33,$16.09B,$1.94B,12.05%,$16.09B,$-1.09B,-6.74%,$16.09B,$-1.09B,-6.74%,$16.09B,$-1.02B,-6.35%,$16.09B,$-1.15B,-7.15%,$16.09B,$-1.17B,-7.27%,$-1.17B,$2.89B,-41.78%,$-1.17B,$2.34B,-51.73%,$-1.17B,$6.71B,-18.01%,$-1.09B,$3.85B,-28.51%,$4355,$3855,$500,$0,$393,$4266,$89,$-12,$77,$26,$51,$51,$51,$105,$89,$151,153,$0.34,$0.33,$987,$1568,$0,$5581,$306,$0,$550,$270,$1126,$6708,$2790,$957,$72,$1029,$3819,$151,$1265,$278,$2889,$6708,$51,$16,$31,$47,$-219,$-136,$313,$0,$-92,$6,$-9,$0,$-0,$0,$0,$0,$0,$-10,$0,$30,$30,$0,$0,$0,$2,$31,$43,$15,$0
37,2009-06-30,19.42,$18.28,1.06,$107.35,0.18,$13.01,1.49,$1.28,15.17,$5.14B,$2.46B,2.1,$0.95B,$2.76B,0.34,$16.23B,$2.02B,12.47%,$16.23B,$-1.02B,-6.28%,$16.23B,$-1.02B,-6.28%,$16.23B,$-0.95B,-5.87%,$16.23B,$-1.10B,-6.75%,$16.23B,$-1.13B,-6.96%,$-1.13B,$2.76B,-36.48%,$-1.13B,$2.21B,-50.49%,$-1.13B,$6.27B,-16.55%,$-1.02B,$3.71B,-24.49%,$3765,$3323,$443,$0,$358,$3786,$-21,$-4,$-24,$7,$-31,$-31,$-31,$-5,$-21,$151,151,$-0.20,$-0.19,$944,$1412,$0,$5144,$306,$0,$550,$273,$1129,$6274,$2456,$947,$110,$1057,$3513,$151,$1214,$218,$2761,$6274,$-1130,$66,$1361,$1426,$710,$483,$-376,$0,$821,$1118,$-97,$0,$-301,$0,$0,$0,$0,$-398,$-300,$-107,$-407,$0,$0,$0,$2,$-405,$303,$18,$0
38,2009-03-31,16.17,$18.19,0.89,$113.09,0.14,$8.71,1.86,$2.43,6.65,$5.08B,$2.42B,2.1,$0.94B,$2.75B,0.34,$17.14B,$2.19B,12.79%,$17.14B,$-0.83B,-4.82%,$17.14B,$-0.83B,-4.82%,$17.14B,$-0.76B,-4.44%,$17.14B,$-0.89B,-5.20%,$17.14B,$-0.96B,-5.62%,$-0.96B,$2.75B,-28.02%,$-0.96B,$2.18B,-42.15%,$-0.96B,$6.25B,-13.19%,$-0.83B,$3.69B,-18.13%,$3701,$3238,$462,$0,$374,$3645,$56,$-30,$26,$10,$16,$16,$16,$71,$56,$151,151,$0.10,$0.10,$686,$1614,$0,$5083,$295,$0,$569,$299,$1163,$6246,$2421,$943,$135,$1077,$3499,$151,$1288,$178,$2747,$6246,$-1099,$51,$1302,$1352,$622,$248,$-483,$0,$535,$788,$-79,$0,$-310,$0,$0,$0,$0,$-389,$0,$-329,$-329,$0,$0,$0,$1,$-328,$45,$14,$0
39,2008-12-31,16.81,$18.56,0.91,$117.75,0.14,$5.00,3.36,$3.02,5.57,$5.71B,$2.65B,2.16,$1.18B,$2.80B,0.42,$17.86B,$2.31B,12.93%,$17.86B,$-0.72B,-4.01%,$17.86B,$-0.72B,-4.01%,$17.86B,$-0.65B,-3.64%,$17.86B,$-0.76B,-4.28%,$17.86B,$-0.87B,-4.89%,$-0.87B,$2.80B,-23.28%,$-0.87B,$2.31B,-37.76%,$-0.87B,$6.74B,-11.30%,$-0.72B,$3.98B,-14.52%,$4269,$3736,$534,$0,$380,$5478,$-1209,$-21,$-1230,$-25,$-1205,$-1205,$-1205,$-1193,$-1209,$151,151,$-7.99,$-7.99,$671,$1753,$0,$5705,$251,$0,$485,$296,$1032,$6737,$2647,$1183,$110,$1293,$3941,$151,$1270,$242,$2796,$6737,$-1115,$35,$1358,$1393,$39,$50,$-109,$0,$36,$314,$-48,$0,$-213,$0,$0,$0,$0,$-261,$0,$-9,$-9,$0,$0,$0,$1,$-8,$30,$13,$0
40,2008-09-30,22.74,$27.12,0.84,$120.50,0.19,$3.36,6.76,$3.20,7.11,$5.66B,$2.69B,2.1,$1.18B,$4.09B,0.29,$18.35B,$2.37B,12.93%,$18.35B,$0.70B,3.82%,$18.35B,$0.70B,3.82%,$18.35B,$0.77B,4.17%,$18.35B,$0.67B,3.66%,$18.35B,$0.47B,2.58%,$0.47B,$4.09B,11.87%,$0.47B,$2.25B,20.85%,$0.47B,$8.06B,5.89%,$0.70B,$5.27B,13.55%,$4494,$3910,$584,$0,$420,$4340,$155,$-22,$133,$43,$90,$90,$90,$174,$155,$151,152,$0.60,$0.59,$387,$1909,$0,$5656,$247,$0,$1833,$325,$2405,$8062,$2693,$1180,$103,$1284,$3977,$151,$2473,$331,$4085,$8062,$90,$19,$13,$32,$79,$-57,$-140,$0,$-127,$-5,$-27,$0,$-207,$0,$0,$0,$0,$-234,$0,$-5,$-5,$0,$0,$0,$1,$-4,$-254,$12,$0
41,2008-06-30,25.19,$27.49,0.92,$117.62,0.21,$3.20,7.87,$3.28,7.68,$5.97B,$2.78B,2.15,$1.18B,$4.14B,0.29,$17.95B,$2.32B,12.89%,$17.95B,$0.71B,3.96%,$17.95B,$0.71B,3.96%,$17.95B,$0.77B,4.29%,$17.95B,$0.69B,3.86%,$17.95B,$0.49B,2.73%,$0.49B,$4.14B,12.68%,$0.49B,$2.41B,21.76%,$0.49B,$8.20B,6.22%,$0.71B,$5.32B,14.11%,$4679,$4067,$612,$0,$402,$4508,$171,$8,$179,$45,$135,$135,$135,$186,$171,$150,152,$0.90,$0.88,$640,$1894,$0,$5971,$227,$0,$1729,$273,$2229,$8200,$2780,$1181,$104,$1286,$4065,$150,$2380,$482,$4135,$8200,$490,$59,$101,$160,$46,$36,$-123,$0,$-196,$454,$-78,$0,$-301,$0,$0,$0,$0,$-378,$-20,$-22,$-42,$0,$0,$0,$9,$-33,$83,$25,$0
42,2008-03-31,30.22,$26.48,1.14,$115.25,0.26,$5.20,5.81,$3.14,9.62,$5.71B,$2.60B,2.2,$1.18B,$3.98B,0.3,$17.51B,$2.26B,12.88%,$17.51B,$0.74B,4.21%,$17.51B,$0.74B,4.21%,$17.51B,$0.80B,4.55%,$17.51B,$0.70B,3.97%,$17.51B,$0.48B,2.74%,$0.48B,$3.98B,13.04%,$0.48B,$2.28B,22.33%,$0.48B,$7.90B,6.26%,$0.74B,$5.16B,15.20%,$4422,$3843,$579,$0,$412,$4255,$167,$-12,$154,$47,$107,$107,$107,$183,$167,$150,152,$0.71,$0.71,$381,$1973,$0,$5710,$211,$0,$1705,$278,$2194,$7904,$2595,$1180,$148,$1327,$3922,$150,$2236,$481,$3982,$7904,$355,$44,$81,$124,$116,$-45,$-238,$0,$-283,$196,$-48,$0,$-350,$0,$0,$0,$0,$-397,$0,$-21,$-21,$0,$0,$0,$7,$-15,$-176,$20,$0
43,2007-12-31,32.29,$25.11,1.29,$112.13,0.29,$6.80,4.75,$3.13,10.32,$5.94B,$2.96B,2.01,$1.18B,$3.77B,0.31,$16.99B,$2.21B,13.01%,$16.99B,$0.74B,4.37%,$16.99B,$0.74B,4.37%,$16.99B,$0.80B,4.70%,$16.99B,$0.70B,4.11%,$16.99B,$0.48B,2.81%,$0.48B,$3.77B,13.68%,$0.48B,$2.16B,23.53%,$0.48B,$8.03B,6.43%,$0.74B,$4.95B,15.95%,$4753,$4156,$597,$0,$389,$4545,$208,$-2,$206,$64,$142,$142,$142,$222,$208,$150,153,$0.95,$0.93,$417,$1833,$0,$5943,$192,$0,$1611,$282,$2085,$8028,$2955,$1177,$128,$1306,$4260,$150,$2128,$375,$3768,$8028,$248,$28,$63,$90,$-363,$3,$80,$0,$-298,$40,$-21,$0,$-253,$0,$0,$0,$0,$-273,$0,$60,$60,$0,$0,$0,$6,$66,$-140,$16,$0
44,2007-09-30,36.8,$23.83,1.54,$107.33,0.34,$7.92,4.65,$2.87,12.82,$5.48B,$2.53B,2.17,$1.16B,$3.58B,0.32,$16.13B,$2.11B,13.07%,$16.13B,$0.70B,4.33%,$16.13B,$0.70B,4.33%,$16.13B,$0.75B,4.67%,$16.13B,$0.64B,3.98%,$16.13B,$0.44B,2.70%,$0.44B,$3.58B,13.12%,$0.44B,$2.17B,22.52%,$0.44B,$7.37B,6.16%,$0.70B,$4.73B,15.88%,$4099,$3572,$527,$0,$361,$3934,$165,$-11,$154,$49,$106,$106,$106,$179,$165,$150,153,$0.70,$0.69,$521,$1824,$0,$5483,$184,$0,$1409,$291,$1885,$7368,$2529,$1156,$108,$1264,$3793,$150,$1986,$330,$3575,$7368,$106,$14,$47,$60,$102,$-49,$-229,$0,$-209,$-44,$-13,$0,$-12,$0,$0,$0,$0,$-26,$0,$10,$10,$0,$0,$0,$5,$14,$-36,$11,$0
45,2007-06-30,36.6,$22.70,1.61,$105.40,0.35,$8.02,4.56,$2.62,13.97,$5.49B,$2.78B,1.98,$1.16B,$3.40B,0.34,$15.68B,$2.05B,13.07%,$15.68B,$0.68B,4.33%,$15.68B,$0.68B,4.33%,$15.68B,$0.73B,4.67%,$15.68B,$0.59B,3.74%,$15.68B,$0.39B,2.51%,$0.39B,$3.40B,12.48%,$0.39B,$2.00B,21.91%,$0.39B,$7.36B,5.73%,$0.68B,$4.56B,16.32%,$4237,$3686,$552,$0,$356,$4040,$197,$-16,$181,$56,$125,$125,$125,$212,$197,$148,150,$0.83,$0.82,$557,$1736,$0,$5489,$180,$0,$1402,$284,$1866,$7355,$2777,$1156,$21,$1177,$3954,$150,$1881,$277,$3401,$7355,$393,$54,$152,$205,$-129,$54,$262,$0,$126,$725,$-56,$0,$-430,$0,$0,$0,$0,$-486,$-1,$-35,$-36,$0,$0,$0,$70,$34,$281,$24,$0
46,2007-03-31,33.37,$21.63,1.54,$101.63,0.33,$3.10,10.76,$2.21,15.1,$5.08B,$2.51B,2.03,$1.18B,$3.23B,0.36,$15.06B,$1.98B,13.15%,$15.06B,$0.63B,4.16%,$15.06B,$0.63B,4.16%,$15.06B,$0.68B,4.52%,$15.06B,$0.50B,3.33%,$15.06B,$0.33B,2.17%,$0.33B,$3.23B,10.87%,$0.33B,$1.81B,19.49%,$0.33B,$6.98B,4.98%,$0.63B,$4.41B,15.84%,$3904,$3369,$535,$0,$354,$3732,$173,$-14,$158,$53,$105,$105,$105,$185,$173,$149,150,$0.71,$0.70,$337,$1713,$0,$5076,$172,$0,$1424,$311,$1908,$6984,$2505,$1176,$73,$1249,$3754,$149,$1756,$248,$3230,$6984,$268,$39,$93,$132,$110,$66,$-140,$0,$24,$424,$-37,$0,$-409,$0,$0,$0,$0,$-446,$0,$20,$20,$0,$0,$0,$56,$76,$60,$19,$0
47,2006-12-31,23.57,$20.80,1.13,$100.12,0.24,$-0.80,0.0,$1.99,11.85,$4.84B,$2.62B,1.85,$0.86B,$3.06B,0.28,$14.77B,$1.92B,12.98%,$14.77B,$0.58B,3.90%,$14.77B,$0.58B,3.90%,$14.77B,$0.64B,4.30%,$14.77B,$0.45B,3.05%,$14.77B,$0.29B,1.98%,$0.29B,$3.06B,10.19%,$0.29B,$1.76B,18.57%,$0.29B,$6.56B,4.62%,$0.58B,$3.92B,15.20%,$3891,$3397,$494,$0,$330,$3727,$164,$-15,$149,$50,$99,$99,$99,$177,$164,$147,148,$0.67,$0.67,$390,$1624,$0,$4844,$166,$0,$1301,$248,$1715,$6559,$2616,$857,$26,$883,$3500,$147,$1651,$230,$3059,$6559,$163,$26,$71,$97,$-202,$18,$125,$0,$-49,$211,$-27,$0,$-4,$0,$0,$0,$0,$-31,$0,$-80,$-80,$0,$0,$0,$10,$-71,$113,$12,$0
