,Date,Stock Price,Book Value per Share,Price to Book Ratio,TTM Sales per Share,Price to Sales Ratio,TTM FCF per Share,Price to FCF Ratio,TTM Net EPS,PE Ratio,Current Assets,Current Liabilities,Current Ratio,Long Term Debt,Shareholder's Equity_x,Debt to Equity Ratio,TTM Revenue_x,TTM Gross Profit,Gross Margin,TTM Revenue_y,TTM Operating Income,Operating Margin,TTM Revenue_x,TTM EBIT,EBIT Margin,TTM Revenue_y,TTM EBITDA,EBITDA Margin,TTM Revenue_x,TTM Pre-Tax Income,Pre-Tax Margin,TTM Revenue_y,TTM Net Income_x,Net Margin,TTM Net Income_y,Shareholder's Equity_y,Return on Equity,TTM Net Income_x,Tangible Equity,Return on Tangible Equity,TTM Net Income_y,Total Assets,Return on Assets,TTM Net Income,LT Investments & Debt,Return on Investment,revenue,cost-goods-sold,gross-profit,research-development-expenses,selling-general-administrative-expenses,operating-expenses,operating-income,total-non-operating-income-expense,pre-tax-income,total-provision-income-taxes,income-after-taxes,income-from-continuous-operations,net-income,ebitda,ebit,basic-shares-outstanding,shares-outstanding,eps-basic-net-earnings-per-share,eps-earnings-per-share-diluted,cash-on-hand,inventory,other-current-assets,total-current-assets,net-property-plant-equipment,long-term-investments,goodwill-intangible-assets-total,other-long-term-assets,total-long-term-assets,total-assets,total-current-liabilities,long-term-debt,other-non-current-liabilities,total-long-term-liabilities,total-liabilities,common-stock-net,retained-earnings-accumulated-deficit,comprehensive-income,total-share-holder-equity,total-liabilities-share-holders-equity,net-income-loss,total-depreciation-amortization-cash-flow,other-non-cash-items,total-non-cash-items,change-in-accounts-receivable,change-in-inventories,change-in-accounts-payable,change-in-assets-liabilities,total-change-in-assets-liabilities,cash-flow-from-operating-activities,net-change-in-property-plant-equipment,net-change-in-intangible-assets,net-acquisitions-divestitures,net-change-in-short-term-investments,net-change-in-long-term-investments,net-change-in-investments-total,investing-activities-other,cash-flow-from-investing-activities,net-long-term-debt,net-current-debt,debt-issuance-retirement-net-total,net-common-equity-issued-repurchased,net-total-equity-issued-repurchased,total-common-preferred-stock-dividends-paid,financial-activities-other,cash-flow-from-financial-activities,net-cash-flow,stock-based-compensation,common-stock-dividends-paid
0,2018-09-30,18.05,$13.62,1.32,$10.59,1.7,$1.92,9.41,$-0.03,0.0,$1.74B,$0.32B,5.5,$0.00B,$2.30B,0.0,$1.79B,$0.40B,22.47%,$1.79B,$0.25B,13.75%,$1.79B,$0.25B,13.75%,$1.79B,$0.33B,18.22%,$1.79B,$0.26B,14.48%,$1.79B,$0.07B,3.75%,$0.07B,$2.30B,2.99%,$0.07B,$1.85B,3.66%,$0.07B,$2.74B,2.51%,$0.25B,$2.30B,10.98%,$456,$330,$126,$0,$41,$371,$86,$3,$89,$17,$72,$72,$72,$107,$86,$169,169,$0.43,$0.43,$845,$556,$0,$1744,$438,$0,$454,$37,$996,$2741,$317,$0,$103,$123,$441,$2,$2052,$-16,$2300,$2741,$128,$42,$1,$43,$17,$-43,$0,$-8,$-32,$138,$-65,$0,$-12,$0,$-78,$-78,$-1,$-157,$-2,$0,$-2,$3,$3,$-39,$-1,$-39,$-60,$2,$-39
1,2018-06-30,15.58,$13.30,1.17,$9.98,1.56,$2.01,7.74,$0.18,86.58,$1.71B,$0.31B,5.44,$0.00B,$2.24B,0.0,$1.69B,$0.35B,20.94%,$1.69B,$0.21B,12.16%,$1.69B,$0.21B,12.16%,$1.69B,$0.28B,16.31%,$1.69B,$0.22B,12.99%,$1.69B,$0.03B,1.78%,$0.03B,$2.24B,1.34%,$0.03B,$1.79B,1.60%,$0.03B,$2.69B,1.14%,$0.21B,$2.24B,9.16%,$454,$346,$108,$0,$40,$386,$68,$3,$71,$15,$56,$56,$56,$88,$68,$168,169,$0.33,$0.33,$846,$514,$0,$1708,$425,$0,$452,$34,$982,$2690,$314,$0,$111,$136,$450,$2,$1999,$-18,$2241,$2690,$56,$20,$-0,$20,$23,$-1,$0,$-5,$22,$98,$-38,$0,$-13,$0,$-110,$-110,$-1,$-162,$-2,$0,$-2,$-1,$-1,$-19,$-1,$-23,$-89,$1,$-19
2,2018-03-31,16.34,$13.32,1.23,$9.26,1.76,$1.91,8.56,$0.04,408.45,$1.70B,$0.30B,5.78,$0.00B,$2.24B,0.0,$1.56B,$0.32B,20.41%,$1.56B,$0.18B,11.45%,$1.56B,$0.18B,11.45%,$1.56B,$0.24B,15.36%,$1.56B,$0.19B,12.28%,$1.56B,$0.01B,0.32%,$0.01B,$2.24B,0.22%,$0.01B,$1.80B,0.26%,$0.01B,$2.67B,0.19%,$0.18B,$2.24B,7.99%,$447,$361,$86,$0,$40,$399,$47,$4,$51,$20,$32,$32,$32,$69,$47,$168,169,$0.18,$0.18,$827,$517,$0,$1702,$418,$0,$445,$32,$971,$2673,$295,$0,$111,$135,$429,$2,$1962,$21,$2243,$2673,$5,$60,$48,$107,$-26,$21,$0,$49,$83,$195,$-101,$0,$-290,$0,$253,$253,$-1,$-139,$-21,$0,$-21,$6,$6,$-76,$-1,$-91,$-31,$3,$-76
3,2017-12-31,16.97,$12.95,1.31,$8.58,1.98,$2.18,7.78,$0.05,339.33,$1.81B,$0.27B,6.64,$0.00B,$2.18B,0.0,$1.45B,$0.31B,21.23%,$1.45B,$0.18B,12.24%,$1.45B,$0.18B,12.24%,$1.45B,$0.23B,15.77%,$1.45B,$0.19B,13.00%,$1.45B,$0.01B,0.48%,$0.01B,$2.18B,0.31%,$0.01B,$1.88B,0.36%,$0.01B,$2.59B,0.28%,$0.18B,$2.18B,7.92%,$432,$350,$82,$0,$37,$386,$45,$2,$48,$141,$-93,$-93,$-93,$62,$45,$168,168,$-0.55,$-0.55,$1005,$497,$0,$1808,$375,$0,$298,$15,$777,$2585,$273,$0,$108,$132,$405,$2,$1950,$-27,$2180,$2585,$-27,$38,$43,$82,$-3,$28,$0,$56,$106,$161,$-65,$0,$-150,$0,$-10,$-10,$-1,$-226,$0,$0,$0,$4,$4,$-56,$-0,$-52,$-114,$3,$-56
4,2017-09-30,17.77,$13.58,1.31,$8.05,2.21,$2.36,7.52,$0.81,21.94,$1.88B,$0.22B,8.54,$0.00B,$2.29B,0.0,$1.36B,$0.30B,22.44%,$1.36B,$0.18B,13.51%,$1.36B,$0.18B,13.51%,$1.36B,$0.23B,16.83%,$1.36B,$0.19B,14.17%,$1.36B,$0.14B,10.04%,$0.14B,$2.29B,6.08%,$0.14B,$2.02B,6.91%,$0.14B,$2.55B,5.45%,$0.18B,$2.29B,8.18%,$353,$275,$77,$0,$32,$308,$45,$4,$49,$14,$35,$35,$35,$56,$45,$168,169,$0.21,$0.21,$1165,$465,$0,$1876,$268,$0,$265,$13,$674,$2550,$220,$0,$32,$46,$265,$2,$2063,$-34,$2285,$2550,$66,$21,$2,$24,$-9,$16,$0,$37,$38,$128,$-39,$0,$0,$0,$-16,$-16,$-1,$-56,$0,$0,$0,$4,$4,$-37,$-0,$-33,$40,$2,$-37
5,2017-06-30,15.83,$13.40,1.18,$7.91,2.0,$2.34,6.75,$0.75,21.1,$1.86B,$0.22B,8.51,$0.00B,$2.25B,0.0,$1.33B,$0.29B,21.75%,$1.33B,$0.17B,12.87%,$1.33B,$0.17B,12.87%,$1.33B,$0.22B,16.18%,$1.33B,$0.18B,13.39%,$1.33B,$0.13B,9.63%,$0.13B,$2.25B,5.78%,$0.13B,$1.99B,6.58%,$0.13B,$2.52B,5.18%,$0.17B,$2.25B,7.72%,$331,$258,$74,$0,$31,$289,$42,$2,$44,$13,$31,$31,$31,$53,$42,$168,169,$0.19,$0.19,$1133,$473,$0,$1855,$255,$0,$266,$12,$661,$2516,$218,$0,$32,$45,$263,$2,$2046,$-47,$2253,$2516,$31,$10,$2,$12,$-3,$5,$0,$19,$20,$64,$-22,$0,$0,$0,$30,$30,$-1,$7,$0,$0,$0,$2,$2,$-18,$-0,$-17,$55,$1,$-18
6,2017-03-31,15.76,$13.20,1.19,$7.83,2.01,$2.41,6.54,$0.74,21.29,$1.84B,$0.22B,8.5,$0.00B,$2.22B,0.0,$1.31B,$0.29B,21.71%,$1.31B,$0.16B,12.49%,$1.31B,$0.16B,12.49%,$1.31B,$0.21B,15.69%,$1.31B,$0.17B,13.25%,$1.31B,$0.13B,9.67%,$0.13B,$2.22B,5.78%,$0.13B,$1.95B,6.58%,$0.13B,$2.48B,5.19%,$0.16B,$2.22B,7.46%,$330,$256,$74,$0,$29,$285,$45,$2,$47,$13,$34,$34,$34,$57,$45,$168,168,$0.20,$0.20,$1107,$474,$0,$1836,$240,$0,$267,$10,$641,$2477,$216,$0,$31,$45,$261,$2,$2033,$-67,$2216,$2477,$126,$43,$-2,$41,$-18,$7,$0,$45,$28,$195,$-55,$0,$0,$0,$51,$51,$0,$-4,$0,$0,$0,$5,$5,$-72,$1,$-66,$124,$2,$-72
7,2016-12-31,14.93,$13.06,1.14,$7.67,1.95,$2.29,6.53,$0.73,20.46,$1.81B,$0.21B,8.49,$0.00B,$2.19B,0.0,$1.29B,$0.29B,22.14%,$1.29B,$0.16B,12.35%,$1.29B,$0.16B,12.35%,$1.29B,$0.20B,15.54%,$1.29B,$0.17B,13.21%,$1.29B,$0.13B,9.79%,$0.13B,$2.19B,5.76%,$0.13B,$1.92B,6.57%,$0.13B,$2.45B,5.19%,$0.16B,$2.19B,7.27%,$341,$261,$79,$0,$28,$290,$51,$1,$52,$17,$36,$36,$36,$62,$51,$167,168,$0.21,$0.21,$1106,$463,$0,$1813,$224,$0,$268,$17,$634,$2447,$214,$0,$31,$44,$258,$2,$2018,$-73,$2190,$2447,$92,$31,$-4,$26,$-15,$15,$0,$32,$42,$160,$-34,$0,$0,$0,$-45,$-45,$0,$-79,$0,$0,$0,$1,$1,$-54,$0,$-52,$27,$2,$-54
8,2016-09-30,13.07,$13.14,0.99,$7.35,1.78,$1.95,6.7,$0.68,19.22,$1.80B,$0.19B,9.37,$0.00B,$2.20B,0.0,$1.23B,$0.27B,22.06%,$1.23B,$0.11B,8.52%,$1.23B,$0.11B,8.52%,$1.23B,$0.15B,11.76%,$1.23B,$0.12B,9.49%,$1.23B,$0.10B,7.70%,$0.10B,$2.20B,4.37%,$0.10B,$1.93B,4.98%,$0.10B,$2.44B,3.95%,$0.11B,$2.20B,4.83%,$327,$266,$62,$0,$29,$295,$33,$3,$35,$9,$27,$27,$27,$43,$33,$167,168,$0.16,$0.16,$1082,$472,$0,$1802,$226,$0,$269,$16,$634,$2436,$192,$0,$32,$46,$238,$2,$2001,$-43,$2198,$2436,$56,$20,$1,$20,$-5,$13,$0,$23,$27,$104,$-19,$0,$0,$0,$10,$10,$0,$-9,$0,$0,$0,$-4,$-4,$-35,$0,$-39,$57,$1,$-35
9,2016-06-30,12.77,$13.05,0.98,$7.21,1.77,$1.62,7.87,$0.70,18.25,$1.78B,$0.19B,9.57,$0.00B,$2.19B,0.0,$1.21B,$0.28B,23.31%,$1.21B,$0.11B,9.09%,$1.21B,$0.11B,9.09%,$1.21B,$0.15B,12.31%,$1.21B,$0.12B,10.00%,$1.21B,$0.10B,7.93%,$0.10B,$2.19B,4.43%,$0.10B,$1.92B,5.06%,$0.10B,$2.42B,4.02%,$0.11B,$2.19B,5.07%,$315,$245,$70,$0,$31,$280,$35,$5,$40,$10,$30,$30,$30,$44,$35,$167,168,$0.18,$0.18,$1058,$484,$0,$1777,$225,$10,$269,$15,$645,$2422,$186,$0,$31,$50,$236,$2,$1992,$-48,$2186,$2422,$30,$10,$-0,$9,$-1,$-0,$0,$25,$27,$66,$-13,$0,$0,$0,$-5,$-5,$0,$-18,$0,$0,$0,$-1,$-1,$-18,$0,$-18,$29,$1,$-18
10,2016-03-31,11.73,$13.00,0.9,$7.11,1.65,$1.08,10.83,$0.73,16.07,$1.69B,$0.18B,9.36,$0.00B,$2.18B,0.0,$1.20B,$0.29B,24.16%,$1.20B,$0.12B,10.37%,$1.20B,$0.12B,10.37%,$1.20B,$0.16B,13.71%,$1.20B,$0.13B,10.95%,$1.20B,$0.10B,8.53%,$0.10B,$2.18B,4.72%,$0.10B,$1.91B,5.40%,$0.10B,$2.41B,4.31%,$0.12B,$2.18B,5.74%,$304,$230,$74,$0,$32,$263,$40,$3,$43,$11,$33,$33,$33,$51,$40,$168,168,$0.20,$0.19,$949,$484,$0,$1687,$218,$86,$271,$18,$723,$2410,$180,$0,$25,$52,$233,$2,$1980,$-44,$2177,$2410,$102,$39,$28,$67,$21,$55,$0,$-0,$-2,$166,$-47,$0,$0,$0,$32,$32,$0,$-15,$0,$0,$0,$-9,$-9,$-70,$0,$-80,$73,$1,$-70
11,2015-12-31,11.23,$12.79,0.88,$7.18,1.56,$1.39,8.09,$1.14,9.85,$1.66B,$0.16B,10.35,$0.00B,$2.14B,0.0,$1.21B,$0.29B,24.17%,$1.21B,$0.13B,10.84%,$1.21B,$0.13B,10.84%,$1.21B,$0.17B,14.16%,$1.21B,$0.14B,11.34%,$1.21B,$0.17B,14.16%,$0.17B,$2.14B,7.96%,$0.17B,$1.87B,9.12%,$0.17B,$2.35B,7.18%,$0.13B,$2.14B,6.10%,$287,$221,$66,$0,$31,$290,$-3,$2,$-1,$-6,$5,$5,$5,$7,$-3,$168,168,$0.03,$0.03,$915,$490,$0,$1655,$210,$86,$272,$6,$698,$2354,$160,$0,$26,$51,$211,$2,$1964,$-64,$2143,$2354,$69,$29,$17,$46,$36,$46,$0,$4,$-12,$103,$-33,$0,$0,$0,$36,$36,$0,$3,$0,$0,$0,$-9,$-9,$-53,$0,$-61,$44,$1,$-53
12,2015-09-30,12.02,$12.90,0.93,$7.38,1.63,$1.84,6.54,$1.21,9.93,$1.68B,$0.14B,11.79,$0.00B,$2.17B,0.0,$1.24B,$0.31B,24.54%,$1.24B,$0.18B,14.80%,$1.24B,$0.18B,14.80%,$1.24B,$0.22B,18.02%,$1.24B,$0.19B,15.37%,$1.24B,$0.21B,16.49%,$0.21B,$2.17B,9.61%,$0.21B,$1.89B,11.03%,$0.21B,$2.37B,8.57%,$0.18B,$2.17B,8.62%,$304,$233,$72,$0,$28,$267,$38,$1,$39,$11,$28,$28,$28,$47,$38,$168,168,$0.17,$0.17,$869,$507,$0,$1682,$205,$116,$273,$10,$684,$2366,$143,$0,$33,$57,$200,$2,$1977,$-57,$2166,$2366,$63,$19,$21,$40,$22,$31,$0,$10,$-54,$49,$-18,$0,$0,$0,$-7,$-7,$0,$-25,$0,$0,$0,$-5,$-5,$-35,$0,$-40,$-15,$1,$-35
13,2015-06-30,12.26,$12.83,0.96,$7.74,1.58,$2.35,5.21,$1.31,9.36,$1.66B,$0.13B,12.76,$0.00B,$2.16B,0.0,$1.30B,$0.32B,24.62%,$1.30B,$0.21B,15.80%,$1.30B,$0.21B,15.80%,$1.30B,$0.25B,19.02%,$1.30B,$0.21B,16.33%,$1.30B,$0.22B,17.02%,$0.22B,$2.16B,10.52%,$0.22B,$1.88B,12.11%,$0.22B,$2.34B,9.23%,$0.21B,$2.16B,9.76%,$301,$223,$77,$0,$29,$252,$49,$2,$50,$15,$36,$36,$36,$59,$49,$168,168,$0.21,$0.21,$820,$531,$0,$1660,$201,$116,$274,$10,$683,$2343,$130,$0,$33,$58,$188,$2,$1966,$-60,$2155,$2343,$36,$10,$13,$23,$17,$7,$0,$20,$-89,$-31,$-7,$0,$0,$0,$-1,$-1,$0,$-8,$0,$0,$0,$-3,$-3,$-18,$0,$-21,$-59,$1,$-18
14,2015-03-31,12.9,$12.68,1.02,$8.04,1.61,$3.00,4.3,$1.34,9.63,$1.75B,$0.27B,6.55,$0.00B,$2.13B,0.0,$1.35B,$0.33B,24.30%,$1.35B,$0.21B,15.73%,$1.35B,$0.21B,15.73%,$1.35B,$0.26B,18.83%,$1.35B,$0.22B,16.17%,$1.35B,$0.23B,16.77%,$0.23B,$2.13B,10.87%,$0.23B,$1.86B,12.54%,$0.23B,$2.46B,9.38%,$0.21B,$2.13B,10.20%,$316,$239,$77,$0,$30,$269,$47,$2,$49,$-53,$102,$102,$102,$58,$47,$168,168,$0.60,$0.60,$844,$536,$0,$1745,$200,$150,$276,$10,$714,$2459,$266,$0,$32,$61,$327,$2,$1948,$-67,$2132,$2459,$226,$42,$-57,$-15,$19,$-3,$0,$-148,$-14,$198,$-27,$0,$0,$0,$-178,$-178,$0,$-204,$0,$0,$0,$-1,$-1,$-67,$0,$-68,$-79,$1,$-67
15,2014-12-31,12.56,$12.37,1.02,$8.25,1.52,$1.41,8.91,$0.97,12.95,$1.74B,$0.27B,6.4,$0.00B,$2.08B,0.0,$1.39B,$0.32B,23.25%,$1.39B,$0.21B,15.05%,$1.39B,$0.21B,15.05%,$1.39B,$0.25B,18.21%,$1.39B,$0.21B,15.41%,$1.39B,$0.16B,11.81%,$0.16B,$2.08B,7.93%,$0.16B,$1.81B,9.17%,$0.16B,$2.40B,6.83%,$0.21B,$2.08B,10.11%,$322,$243,$79,$0,$28,$271,$50,$2,$53,$14,$39,$39,$39,$60,$50,$168,168,$0.23,$0.23,$841,$536,$0,$1742,$208,$150,$277,$10,$660,$2402,$272,$0,$30,$47,$319,$2,$1865,$-34,$2083,$2402,$124,$31,$7,$38,$25,$2,$0,$-141,$2,$164,$-19,$0,$0,$0,$-224,$-224,$0,$-243,$0,$0,$0,$1,$1,$-50,$0,$-49,$-130,$1,$-50
16,2014-09-30,11.83,$12.32,0.96,$8.39,1.41,$0.38,31.25,$0.93,12.72,$1.74B,$0.30B,5.9,$0.00B,$2.07B,0.0,$1.41B,$0.31B,22.08%,$1.41B,$0.20B,13.80%,$1.41B,$0.20B,13.80%,$1.41B,$0.24B,16.99%,$1.41B,$0.20B,14.01%,$1.41B,$0.16B,11.04%,$0.16B,$2.07B,7.61%,$0.16B,$1.79B,8.81%,$0.16B,$2.41B,6.43%,$0.20B,$2.07B,9.51%,$365,$278,$88,$0,$28,$305,$60,$1,$61,$16,$45,$45,$45,$71,$60,$168,168,$0.27,$0.27,$825,$523,$0,$1738,$216,$154,$278,$10,$674,$2412,$295,$0,$30,$48,$343,$2,$1843,$-21,$2069,$2412,$85,$21,$5,$26,$6,$20,$0,$-124,$18,$130,$-12,$0,$0,$0,$-229,$-229,$0,$-241,$0,$0,$0,$-4,$-4,$-32,$0,$-36,$-148,$1,$-32
17,2014-06-30,11.75,$12.30,0.95,$8.44,1.39,$0.05,230.32,$0.83,14.15,$1.70B,$0.17B,10.04,$0.00B,$2.07B,0.0,$1.42B,$0.30B,20.79%,$1.42B,$0.18B,12.36%,$1.42B,$0.18B,12.36%,$1.42B,$0.22B,15.66%,$1.42B,$0.18B,12.57%,$1.42B,$0.14B,9.83%,$0.14B,$2.07B,6.87%,$0.14B,$1.79B,7.96%,$0.14B,$2.41B,5.64%,$0.18B,$2.07B,8.64%,$351,$265,$85,$0,$30,$295,$56,$1,$56,$16,$41,$41,$41,$66,$56,$168,168,$0.24,$0.24,$820,$543,$0,$1698,$231,$132,$279,$10,$713,$2411,$169,$0,$152,$173,$343,$2,$1815,$5,$2068,$2411,$41,$10,$4,$15,$3,$7,$0,$8,$22,$78,$-7,$0,$0,$0,$-180,$-180,$0,$-187,$0,$0,$0,$-2,$-2,$-16,$0,$-18,$-127,$1,$-16
18,2014-03-31,11.57,$12.17,0.95,$8.55,1.35,$-0.18,0.0,$0.75,15.43,$1.77B,$0.16B,10.92,$0.00B,$2.05B,0.0,$1.44B,$0.28B,19.35%,$1.44B,$0.16B,11.03%,$1.44B,$0.16B,11.03%,$1.44B,$0.21B,14.49%,$1.44B,$0.16B,11.30%,$1.44B,$0.13B,8.81%,$0.13B,$2.05B,6.30%,$0.13B,$1.77B,7.30%,$0.13B,$2.39B,5.03%,$0.16B,$2.05B,7.88%,$351,$280,$71,$0,$28,$308,$43,$1,$44,$5,$39,$39,$39,$56,$43,$168,169,$0.23,$0.23,$874,$551,$0,$1769,$236,$25,$281,$9,$616,$2385,$162,$0,$152,$175,$337,$2,$1790,$8,$2048,$2385,$127,$50,$72,$122,$-8,$10,$0,$-154,$-320,$-71,$-26,$0,$-2,$0,$138,$138,$0,$110,$0,$0,$0,$-6,$-6,$-60,$0,$-66,$-26,$1,$-60
19,2013-12-31,12.14,$11.99,1.01,$8.60,1.41,$1.30,9.37,$0.67,18.12,$1.83B,$0.30B,6.18,$0.00B,$2.02B,0.0,$1.45B,$0.27B,18.66%,$1.45B,$0.15B,10.40%,$1.45B,$0.15B,10.40%,$1.45B,$0.20B,13.84%,$1.45B,$0.16B,10.67%,$1.45B,$0.11B,7.78%,$0.11B,$2.02B,5.66%,$0.11B,$1.74B,6.56%,$0.11B,$2.49B,4.38%,$0.15B,$2.02B,7.56%,$346,$278,$68,$0,$32,$311,$36,$2,$37,$6,$31,$31,$31,$47,$36,$168,169,$0.19,$0.19,$915,$575,$0,$1832,$241,$70,$282,$9,$657,$2490,$297,$0,$143,$175,$471,$2,$1767,$1,$2019,$2490,$88,$37,$43,$80,$13,$-15,$0,$-148,$-179,$-11,$-17,$0,$-2,$0,$55,$55,$0,$36,$0,$0,$0,$-5,$-5,$-44,$0,$-49,$-23,$1,$-44
20,2013-09-30,11.37,$11.93,0.95,$8.56,1.33,$2.14,5.31,$0.60,18.95,$1.95B,$0.44B,4.41,$0.00B,$2.01B,0.0,$1.45B,$0.27B,18.33%,$1.45B,$0.15B,10.24%,$1.45B,$0.15B,10.24%,$1.45B,$0.20B,13.83%,$1.45B,$0.15B,10.58%,$1.45B,$0.10B,7.05%,$0.10B,$2.01B,5.13%,$0.10B,$1.74B,5.91%,$0.10B,$2.64B,3.92%,$0.15B,$2.01B,7.44%,$376,$304,$72,$0,$30,$334,$41,$0,$42,$13,$29,$29,$29,$54,$41,$169,169,$0.17,$0.17,$1004,$566,$0,$1950,$251,$90,$272,$9,$686,$2637,$442,$0,$148,$183,$625,$2,$1750,$8,$2012,$2637,$56,$25,$46,$71,$-12,$-4,$0,$-150,$-53,$75,$-12,$0,$-2,$0,$-44,$-44,$0,$-57,$0,$0,$0,$-1,$-1,$-30,$0,$-31,$-13,$1,$-30
21,2013-06-30,10.11,$11.79,0.86,$8.46,1.19,$2.19,4.62,$0.60,16.85,$1.92B,$0.31B,6.25,$0.00B,$1.99B,0.0,$1.43B,$0.26B,18.31%,$1.43B,$0.15B,10.20%,$1.43B,$0.15B,10.20%,$1.43B,$0.20B,13.70%,$1.43B,$0.15B,10.62%,$1.43B,$0.10B,7.06%,$0.10B,$1.99B,5.10%,$0.10B,$1.71B,5.86%,$0.10B,$2.59B,3.90%,$0.15B,$1.99B,7.37%,$369,$301,$68,$0,$29,$330,$39,$1,$40,$12,$28,$28,$28,$52,$39,$169,169,$0.16,$0.16,$1042,$542,$0,$1918,$253,$36,$273,$9,$673,$2591,$307,$0,$259,$297,$604,$2,$1736,$-3,$1988,$2591,$28,$13,$47,$59,$-0,$18,$0,$-40,$-50,$38,$-6,$0,$-2,$0,$-20,$-20,$0,$-27,$0,$0,$0,$-0,$-0,$-15,$0,$-15,$-4,$1,$-15
22,2013-03-31,10.16,$11.70,0.87,$8.36,1.22,$2.33,4.37,$-0.37,0.0,$1.95B,$0.33B,5.88,$0.00B,$1.97B,0.0,$1.42B,$0.26B,18.59%,$1.42B,$-0.12B,-8.48%,$1.42B,$-0.12B,-8.48%,$1.42B,$-0.07B,-5.09%,$1.42B,$-0.11B,-7.99%,$1.42B,$-0.06B,-4.52%,$-0.06B,$1.97B,-3.25%,$-0.06B,$1.70B,-3.71%,$-0.06B,$2.60B,-2.48%,$-0.12B,$1.97B,-6.09%,$361,$297,$63,$0,$29,$326,$35,$2,$36,$12,$25,$25,$25,$48,$35,$169,169,$0.14,$0.14,$1047,$559,$0,$1946,$258,$16,$273,$9,$656,$2602,$331,$0,$259,$298,$629,$2,$1723,$-4,$1973,$2602,$-64,$47,$-75,$-28,$15,$18,$0,$222,$287,$195,$-42,$0,$-80,$0,$80,$80,$-0,$-41,$0,$0,$0,$-10,$-10,$-51,$0,$-61,$91,$1,$-51
23,2012-12-31,9.15,$11.76,0.78,$8.36,1.09,$2.01,4.56,$-0.23,0.0,$1.91B,$0.32B,6.04,$0.00B,$1.99B,0.0,$1.42B,$0.28B,19.62%,$1.42B,$-0.21B,-14.47%,$1.42B,$-0.21B,-14.47%,$1.42B,$-0.16B,-11.15%,$1.42B,$-0.20B,-13.90%,$1.42B,$-0.10B,-7.27%,$-0.10B,$1.99B,-5.13%,$-0.10B,$1.75B,-5.82%,$-0.10B,$2.58B,-4.05%,$-0.21B,$1.99B,-10.20%,$340,$277,$62,$0,$29,$307,$33,$1,$35,$15,$20,$20,$20,$46,$33,$169,169,$0.12,$0.12,$1033,$557,$0,$1907,$238,$88,$238,$8,$673,$2580,$316,$0,$259,$277,$593,$2,$1711,$18,$1987,$2580,$-89,$34,$-38,$-4,$28,$8,$0,$189,$242,$149,$-34,$0,$0,$0,$113,$113,$0,$79,$0,$0,$0,$-7,$-7,$-38,$0,$-45,$182,$1,$-38
24,2012-09-30,8.08,$11.69,0.69,$8.36,0.97,$1.82,4.45,$-0.13,0.0,$1.79B,$0.32B,5.63,$0.00B,$1.98B,0.0,$1.42B,$0.29B,20.73%,$1.42B,$-0.19B,-13.26%,$1.42B,$-0.19B,-13.26%,$1.42B,$-0.14B,-10.01%,$1.42B,$-0.18B,-12.76%,$1.42B,$-0.09B,-6.06%,$-0.09B,$1.98B,-4.20%,$-0.09B,$1.74B,-4.76%,$-0.09B,$2.58B,-3.44%,$-0.19B,$1.98B,-9.18%,$361,$292,$69,$0,$30,$322,$39,$2,$41,$13,$28,$28,$28,$50,$39,$169,169,$0.17,$0.17,$887,$544,$0,$1786,$238,$204,$239,$11,$789,$2575,$317,$0,$261,$282,$599,$2,$1704,$13,$1976,$2575,$-109,$21,$-35,$-14,$2,$19,$0,$178,$217,$95,$-24,$0,$0,$0,$47,$47,$0,$23,$0,$0,$0,$-6,$-6,$-25,$0,$-31,$86,$1,$-25
25,2012-06-30,8.93,$11.52,0.78,$8.60,1.04,$1.63,5.47,$0.06,148.91,$1.72B,$0.31B,5.51,$0.00B,$1.95B,0.0,$1.46B,$0.34B,22.98%,$1.46B,$-0.15B,-9.92%,$1.46B,$-0.15B,-9.92%,$1.46B,$-0.10B,-6.70%,$1.46B,$-0.14B,-9.64%,$1.46B,$-0.05B,-3.56%,$-0.05B,$1.95B,-2.49%,$-0.05B,$1.71B,-2.81%,$-0.05B,$2.56B,-2.12%,$-0.15B,$1.95B,-6.94%,$353,$284,$69,$0,$30,$580,$-227,$2,$-225,$-88,$-137,$-137,$-137,$-216,$-227,$170,170,$-0.81,$-0.81,$837,$541,$0,$1719,$230,$254,$240,$11,$839,$2558,$312,$0,$272,$294,$606,$2,$1689,$1,$1952,$2558,$-137,$11,$-88,$-77,$5,$18,$0,$240,$281,$67,$-11,$0,$0,$0,$-14,$-14,$0,$-24,$0,$0,$0,$-2,$-2,$-13,$0,$-15,$27,$1,$-13
26,2012-03-31,11.01,$12.50,0.88,$9.08,1.21,$1.42,7.74,$1.27,8.67,$1.73B,$0.30B,5.81,$0.00B,$2.12B,0.0,$1.55B,$0.39B,25.37%,$1.55B,$0.18B,11.39%,$1.55B,$0.18B,11.39%,$1.55B,$0.22B,14.43%,$1.55B,$0.18B,11.59%,$1.55B,$0.15B,9.90%,$0.15B,$2.12B,7.19%,$0.15B,$1.88B,8.12%,$0.15B,$2.47B,6.35%,$0.18B,$2.12B,8.27%,$363,$285,$78,$0,$28,$413,$-50,$2,$-48,$-34,$-14,$-14,$-14,$-38,$-50,$170,170,$-0.08,$-0.08,$813,$566,$0,$1727,$236,$238,$241,$11,$741,$2468,$297,$0,$26,$50,$347,$2,$1838,$19,$2121,$2468,$153,$47,$-53,$-7,$26,$-74,$0,$-8,$2,$148,$-49,$0,$0,$6,$-37,$-31,$-0,$-80,$0,$0,$0,$-7,$-7,$-44,$0,$-51,$16,$2,$-44
27,2011-12-31,10.53,$12.63,0.83,$9.41,1.12,$1.57,6.71,$1.35,7.8,$1.71B,$0.20B,8.61,$0.00B,$2.14B,0.0,$1.60B,$0.43B,26.97%,$1.60B,$0.30B,18.91%,$1.60B,$0.30B,18.91%,$1.60B,$0.35B,21.91%,$1.60B,$0.31B,19.16%,$1.60B,$0.23B,14.36%,$0.23B,$2.14B,10.92%,$0.23B,$1.90B,12.35%,$0.23B,$2.39B,9.70%,$0.30B,$2.14B,14.38%,$341,$263,$78,$0,$28,$291,$50,$1,$51,$14,$37,$37,$37,$62,$50,$170,170,$0.22,$0.22,$862,$579,$0,$1709,$230,$187,$242,$10,$681,$2390,$199,$0,$25,$47,$246,$2,$1864,$15,$2144,$2390,$166,$35,$3,$38,$43,$-91,$0,$-1,$-84,$121,$-39,$0,$0,$6,$8,$14,$0,$-25,$0,$0,$0,$-6,$-6,$-31,$0,$-37,$58,$1,$-31
28,2011-09-30,9.74,$12.57,0.78,$9.79,1.0,$1.71,5.7,$1.49,6.54,$1.61B,$0.20B,7.91,$0.00B,$2.14B,0.0,$1.67B,$0.47B,28.13%,$1.67B,$0.34B,20.16%,$1.67B,$0.34B,20.16%,$1.67B,$0.38B,23.04%,$1.67B,$0.34B,20.46%,$1.67B,$0.25B,15.24%,$0.25B,$2.14B,12.33%,$0.25B,$1.90B,13.99%,$0.25B,$2.38B,10.90%,$0.34B,$2.14B,16.31%,$405,$294,$111,$0,$29,$323,$82,$-0,$81,$20,$62,$62,$62,$94,$82,$170,170,$0.36,$0.36,$741,$561,$0,$1609,$238,$282,$243,$9,$773,$2382,$203,$0,$26,$41,$244,$2,$1840,$32,$2138,$2382,$130,$24,$2,$26,$11,$-68,$0,$0,$-87,$68,$-28,$0,$0,$1,$-119,$-119,$0,$-147,$0,$0,$0,$-4,$-4,$-19,$0,$-22,$-101,$1,$-19
29,2011-06-30,12.46,$12.37,1.01,$9.94,1.25,$1.83,6.82,$1.53,8.14,$1.67B,$0.25B,6.74,$0.00B,$2.11B,0.0,$1.69B,$0.48B,28.35%,$1.69B,$0.35B,20.50%,$1.69B,$0.35B,20.50%,$1.69B,$0.40B,23.33%,$1.69B,$0.36B,20.97%,$1.69B,$0.26B,15.36%,$0.26B,$2.11B,12.97%,$0.26B,$1.86B,14.79%,$0.26B,$2.40B,11.40%,$0.35B,$2.11B,17.32%,$436,$312,$125,$0,$31,$343,$94,$2,$95,$28,$68,$68,$68,$105,$94,$170,171,$0.40,$0.40,$790,$542,$0,$1670,$243,$227,$244,$10,$725,$2396,$248,$0,$26,$43,$291,$2,$1788,$49,$2105,$2396,$68,$12,$1,$12,$-20,$-44,$0,$6,$-45,$35,$-15,$0,$0,$0,$-61,$-61,$0,$-76,$0,$0,$0,$-1,$-1,$-9,$0,$-10,$-50,$0,$-9
30,2011-03-31,12.14,$11.99,1.01,$9.70,1.25,$1.91,6.37,$1.44,8.43,$1.60B,$0.24B,6.8,$0.00B,$2.04B,0.0,$1.65B,$0.46B,27.69%,$1.65B,$0.33B,19.65%,$1.65B,$0.33B,19.65%,$1.65B,$0.37B,22.61%,$1.65B,$0.34B,20.25%,$1.65B,$0.24B,14.75%,$0.24B,$2.04B,12.62%,$0.24B,$1.79B,14.46%,$0.24B,$2.32B,11.07%,$0.33B,$2.04B,16.81%,$420,$302,$118,$0,$32,$343,$77,$2,$80,$16,$63,$63,$63,$90,$77,$170,170,$0.37,$0.36,$781,$496,$0,$1602,$236,$225,$245,$10,$717,$2319,$236,$0,$26,$44,$280,$2,$1730,$41,$2039,$2319,$244,$48,$12,$59,$-38,$-135,$0,$-23,$-151,$152,$-27,$0,$0,$8,$-138,$-130,$-0,$-157,$0,$0,$0,$-0,$-0,$-32,$1,$-32,$-37,$2,$-32
31,2010-12-31,12.52,$11.52,1.09,$9.40,1.33,$2.22,5.65,$1.34,9.35,$1.47B,$0.21B,6.95,$0.00B,$1.96B,0.0,$1.60B,$0.42B,26.42%,$1.60B,$0.31B,19.05%,$1.60B,$0.31B,19.05%,$1.60B,$0.36B,22.24%,$1.60B,$0.31B,19.49%,$1.60B,$0.23B,14.24%,$0.23B,$1.96B,12.16%,$0.23B,$1.71B,14.02%,$0.23B,$2.22B,10.67%,$0.31B,$1.96B,16.27%,$406,$291,$115,$0,$32,$323,$83,$3,$85,$25,$61,$61,$61,$95,$83,$170,170,$0.36,$0.36,$728,$442,$0,$1466,$232,$269,$246,$9,$756,$2222,$211,$0,$26,$53,$264,$2,$1676,$16,$1958,$2222,$181,$36,$6,$41,$-20,$-86,$0,$-5,$-96,$126,$-19,$0,$0,$8,$-174,$-166,$0,$-185,$0,$0,$0,$-2,$-2,$-23,$0,$-24,$-84,$1,$-23
32,2010-09-30,11.18,$11.27,0.99,$8.98,1.25,$2.59,4.32,$1.22,9.17,$1.52B,$0.22B,6.88,$0.00B,$1.91B,0.0,$1.53B,$0.38B,25.10%,$1.53B,$0.27B,17.78%,$1.53B,$0.27B,17.78%,$1.53B,$0.33B,21.24%,$1.53B,$0.28B,18.17%,$1.53B,$0.21B,13.53%,$0.21B,$1.91B,11.32%,$0.21B,$1.67B,13.10%,$0.21B,$2.19B,9.92%,$0.27B,$1.91B,14.87%,$431,$308,$122,$0,$30,$338,$93,$2,$95,$27,$68,$68,$68,$105,$93,$170,170,$0.40,$0.40,$782,$408,$0,$1518,$241,$175,$247,$8,$671,$2188,$221,$0,$25,$53,$274,$2,$1623,$27,$1914,$2188,$120,$24,$5,$29,$-46,$-50,$0,$-13,$-77,$72,$-12,$0,$0,$7,$-93,$-86,$0,$-98,$0,$0,$0,$-3,$-3,$-15,$0,$-18,$-44,$1,$-15
33,2010-06-30,10.34,$10.72,0.96,$8.27,1.25,$2.91,3.55,$1.01,10.24,$1.40B,$0.21B,6.69,$0.00B,$1.82B,0.0,$1.41B,$0.33B,23.19%,$1.41B,$0.22B,15.32%,$1.41B,$0.22B,15.32%,$1.41B,$0.27B,19.29%,$1.41B,$0.22B,15.82%,$1.41B,$0.17B,12.13%,$0.17B,$1.82B,9.55%,$0.17B,$1.58B,11.10%,$0.17B,$2.09B,8.41%,$0.22B,$1.82B,12.07%,$397,$294,$103,$0,$31,$324,$72,$3,$75,$22,$52,$52,$52,$84,$72,$170,170,$0.31,$0.31,$742,$370,$0,$1402,$234,$196,$248,$8,$686,$2088,$209,$0,$25,$55,$264,$2,$1562,$-5,$1824,$2088,$52,$12,$4,$16,$-20,$-18,$0,$-15,$-29,$39,$-5,$0,$0,$5,$-33,$-28,$0,$-33,$0,$0,$0,$-0,$-0,$-8,$0,$-8,$-3,$0,$-8
34,2010-03-31,11.42,$10.59,1.08,$7.66,1.49,$3.04,3.75,$0.84,13.59,$1.32B,$0.19B,6.81,$0.00B,$1.80B,0.0,$1.31B,$0.28B,21.30%,$1.31B,$0.17B,13.10%,$1.31B,$0.17B,13.10%,$1.31B,$0.23B,17.55%,$1.31B,$0.18B,13.56%,$1.31B,$0.14B,10.96%,$0.14B,$1.80B,8.11%,$0.14B,$1.55B,9.46%,$0.14B,$2.05B,7.19%,$0.17B,$1.80B,9.70%,$367,$284,$83,$0,$26,$311,$57,$1,$57,$11,$47,$47,$47,$72,$57,$170,170,$0.27,$0.27,$688,$357,$0,$1316,$247,$225,$249,$8,$735,$2051,$193,$0,$25,$57,$250,$2,$1518,$17,$1801,$2051,$143,$58,$-9,$50,$-47,$15,$0,$-2,$8,$200,$-23,$0,$-0,$29,$-284,$-255,$-1,$-278,$0,$0,$0,$-4,$-4,$-27,$2,$-29,$-107,$2,$-27
35,2009-12-31,10.15,$10.44,0.97,$7.10,1.43,$2.16,4.71,$0.56,18.13,$1.32B,$0.20B,6.68,$0.00B,$1.78B,0.0,$1.21B,$0.23B,19.26%,$1.21B,$0.11B,8.76%,$1.21B,$0.11B,8.76%,$1.21B,$0.17B,13.64%,$1.21B,$0.11B,9.42%,$1.21B,$0.09B,7.77%,$0.09B,$1.78B,5.43%,$0.09B,$1.53B,6.36%,$0.09B,$2.02B,4.83%,$0.11B,$1.78B,6.13%,$335,$259,$76,$0,$28,$285,$50,$1,$51,$10,$40,$40,$40,$64,$50,$170,170,$0.24,$0.24,$741,$342,$0,$1318,$259,$174,$250,$19,$703,$2021,$197,$0,$46,$46,$243,$2,$1478,$32,$1778,$2021,$96,$43,$8,$51,$-18,$33,$0,$2,$40,$188,$-18,$0,$-0,$25,$-11,$14,$-1,$-4,$0,$0,$0,$-1,$-1,$-20,$2,$-20,$164,$2,$-20
36,2009-09-30,9.53,$10.32,0.92,$7.01,1.36,$1.28,7.44,$0.46,20.71,$1.28B,$0.16B,7.82,$0.00B,$1.76B,0.0,$1.20B,$0.21B,17.56%,$1.20B,$0.08B,6.61%,$1.20B,$0.08B,6.61%,$1.20B,$0.14B,11.79%,$1.20B,$0.09B,7.53%,$1.20B,$0.08B,6.52%,$0.08B,$1.76B,4.55%,$0.08B,$1.51B,5.34%,$0.08B,$1.97B,4.05%,$0.08B,$1.76B,4.61%,$311,$246,$65,$0,$27,$273,$37,$2,$40,$8,$32,$32,$32,$52,$37,$170,170,$0.19,$0.19,$689,$340,$0,$1277,$260,$175,$252,$10,$696,$1973,$163,$0,$53,$53,$216,$2,$1444,$46,$1757,$1973,$56,$29,$6,$35,$-20,$33,$0,$9,$34,$125,$-11,$0,$-0,$23,$-21,$2,$-1,$-10,$0,$0,$0,$-1,$-1,$-14,$0,$-15,$101,$1,$-14
37,2009-06-30,7.9,$10.07,0.78,$7.53,1.05,$0.77,10.26,$0.43,18.38,$1.20B,$0.15B,7.97,$0.00B,$1.72B,0.0,$1.29B,$0.21B,16.19%,$1.29B,$0.07B,5.60%,$1.29B,$0.07B,5.60%,$1.29B,$0.14B,10.58%,$1.29B,$0.09B,6.69%,$1.29B,$0.07B,5.76%,$0.07B,$1.72B,4.29%,$0.07B,$1.46B,5.02%,$0.07B,$1.92B,3.80%,$0.07B,$1.72B,4.17%,$292,$238,$54,$0,$27,$266,$27,$2,$29,$4,$24,$24,$24,$41,$27,$170,170,$0.14,$0.14,$626,$349,$0,$1204,$264,$187,$252,$9,$712,$1916,$151,$0,$50,$50,$201,$2,$1420,$29,$1716,$1916,$24,$14,$2,$16,$-3,$21,$0,$-9,$21,$62,$-6,$0,$-0,$15,$-21,$-6,$0,$-11,$0,$0,$0,$-1,$-1,$-7,$0,$-7,$43,$1,$-7
38,2009-03-31,7.2,$9.80,0.73,$8.13,0.88,$0.49,14.77,$0.47,15.31,$1.13B,$0.15B,7.58,$0.00B,$1.67B,0.0,$1.39B,$0.22B,15.54%,$1.39B,$0.08B,5.54%,$1.39B,$0.08B,5.54%,$1.39B,$0.14B,10.29%,$1.39B,$0.10B,6.98%,$1.39B,$0.08B,5.83%,$0.08B,$1.67B,4.60%,$0.08B,$1.42B,5.38%,$0.08B,$1.87B,4.05%,$0.08B,$1.67B,4.37%,$272,$234,$38,$0,$26,$280,$-8,$3,$-6,$-4,$-2,$-2,$-2,$8,$-8,$171,171,$-0.01,$-0.01,$547,$365,$0,$1133,$263,$216,$253,$8,$740,$1873,$149,$0,$23,$53,$203,$2,$1402,$0,$1670,$1873,$81,$66,$-6,$61,$45,$8,$0,$16,$-76,$65,$-38,$0,$-7,$42,$-40,$2,$0,$-42,$0,$0,$0,$-8,$-8,$-27,$0,$-35,$-46,$2,$-27
39,2008-12-31,6.26,$10.05,0.62,$8.90,0.7,$0.99,6.34,$0.69,9.08,$1.19B,$0.17B,7.14,$0.00B,$1.71B,0.0,$1.52B,$0.25B,16.34%,$1.52B,$0.12B,8.07%,$1.52B,$0.12B,8.07%,$1.52B,$0.19B,12.40%,$1.52B,$0.15B,9.84%,$1.52B,$0.12B,7.81%,$0.12B,$1.71B,6.61%,$0.12B,$1.46B,7.70%,$0.12B,$1.94B,5.78%,$0.12B,$1.71B,6.83%,$321,$268,$53,$0,$29,$298,$23,$4,$27,$3,$24,$24,$24,$40,$23,$170,170,$0.14,$0.14,$561,$388,$0,$1189,$282,$205,$254,$8,$750,$1938,$166,$0,$61,$61,$228,$2,$1411,$34,$1710,$1938,$83,$50,$1,$51,$33,$-12,$0,$7,$-80,$54,$-33,$0,$-6,$32,$-30,$2,$0,$-37,$0,$0,$0,$-9,$-9,$-20,$0,$-29,$-41,$2,$-20
40,2008-09-30,8.0,$10.62,0.75,$9.52,0.84,$1.42,5.61,$0.77,10.39,$1.29B,$0.19B,6.63,$0.00B,$1.81B,0.0,$1.63B,$0.27B,16.53%,$1.63B,$0.14B,8.57%,$1.63B,$0.14B,8.57%,$1.63B,$0.20B,12.49%,$1.63B,$0.17B,10.53%,$1.63B,$0.13B,8.08%,$0.13B,$1.81B,7.28%,$0.13B,$1.55B,8.47%,$0.13B,$2.06B,6.33%,$0.14B,$1.81B,7.72%,$400,$337,$63,$0,$33,$370,$30,$6,$36,$8,$28,$28,$28,$47,$30,$171,171,$0.16,$0.16,$600,$400,$0,$1285,$306,$204,$257,$9,$776,$2061,$194,$0,$56,$56,$250,$2,$1394,$150,$1811,$2061,$59,$33,$-3,$30,$-11,$7,$0,$2,$-39,$50,$-22,$0,$-6,$22,$-20,$2,$0,$-27,$0,$0,$0,$-6,$-6,$-14,$0,$-20,$-9,$1,$-14
41,2008-06-30,8.84,$10.85,0.82,$9.50,0.93,$1.60,5.52,$0.83,10.65,$1.33B,$0.21B,6.37,$0.00B,$1.85B,0.0,$1.63B,$0.28B,16.89%,$1.63B,$0.15B,9.12%,$1.63B,$0.15B,9.12%,$1.63B,$0.21B,12.73%,$1.63B,$0.19B,11.51%,$1.63B,$0.14B,8.63%,$0.14B,$1.85B,7.87%,$0.14B,$1.59B,9.16%,$0.14B,$2.12B,6.78%,$0.15B,$1.85B,8.31%,$397,$335,$62,$0,$34,$365,$32,$8,$40,$9,$31,$31,$31,$48,$32,$171,171,$0.18,$0.18,$607,$431,$0,$1331,$320,$200,$259,$10,$789,$2121,$209,$0,$58,$58,$267,$2,$1373,$210,$1853,$2121,$31,$16,$-3,$13,$-4,$-4,$0,$-6,$-27,$17,$-9,$0,$-6,$91,$-89,$2,$0,$-14,$0,$0,$0,$-3,$-3,$-7,$0,$-9,$-7,$1,$-7
42,2008-03-31,9.98,$10.69,0.93,$9.40,1.06,$1.70,5.87,$0.88,11.35,$1.38B,$0.22B,6.25,$0.00B,$1.83B,0.0,$1.62B,$0.29B,17.84%,$1.62B,$0.16B,9.94%,$1.62B,$0.16B,9.94%,$1.62B,$0.22B,13.33%,$1.62B,$0.20B,12.53%,$1.62B,$0.15B,9.20%,$0.15B,$1.83B,8.53%,$0.15B,$1.58B,9.66%,$0.15B,$2.11B,7.33%,$0.16B,$1.83B,9.21%,$406,$335,$71,$0,$33,$368,$38,$10,$47,$11,$36,$36,$36,$54,$38,$171,172,$0.20,$0.20,$664,$421,$0,$1377,$317,$152,$254,$10,$732,$2109,$221,$0,$33,$59,$280,$2,$1349,$207,$1829,$2109,$149,$56,$2,$57,$6,$-23,$0,$-10,$-25,$182,$-69,$0,$-226,$-88,$125,$37,$0,$-258,$-5,$0,$-5,$-11,$-11,$-27,$1,$-43,$-116,$3,$-27
43,2007-12-31,10.43,$10.25,1.02,$9.24,1.13,$2.16,4.82,$0.92,11.34,$1.43B,$0.23B,6.29,$0.00B,$1.76B,0.0,$1.59B,$0.29B,18.14%,$1.59B,$0.17B,10.36%,$1.59B,$0.17B,10.36%,$1.59B,$0.22B,13.68%,$1.59B,$0.21B,13.12%,$1.59B,$0.16B,9.79%,$0.16B,$1.76B,9.18%,$0.16B,$1.51B,10.13%,$0.16B,$2.05B,7.88%,$0.17B,$1.76B,9.70%,$430,$356,$74,$0,$33,$389,$40,$9,$49,$12,$37,$37,$37,$55,$40,$171,172,$0.22,$0.22,$740,$398,$0,$1433,$296,$69,$247,$10,$621,$2053,$228,$1,$68,$69,$297,$2,$1320,$161,$1756,$2053,$114,$39,$9,$48,$-19,$-18,$0,$-6,$-29,$133,$-37,$0,$-223,$-96,$145,$49,$0,$-212,$-5,$0,$-5,$-8,$-8,$-21,$1,$-33,$-110,$2,$-21
44,2007-09-30,12.48,$10.06,1.24,$8.93,1.4,$2.52,4.95,$0.91,13.71,$1.39B,$0.23B,6.06,$0.01B,$1.73B,0.0,$1.54B,$0.29B,18.69%,$1.54B,$0.17B,10.90%,$1.54B,$0.17B,10.90%,$1.54B,$0.22B,14.21%,$1.54B,$0.21B,13.82%,$1.54B,$0.16B,10.06%,$0.16B,$1.73B,9.33%,$0.16B,$1.48B,10.03%,$0.16B,$2.03B,8.02%,$0.17B,$1.73B,10.11%,$401,$332,$69,$0,$30,$362,$39,$13,$52,$15,$37,$37,$37,$51,$39,$172,172,$0.22,$0.22,$702,$383,$0,$1392,$292,$89,$248,$10,$638,$2030,$230,$5,$70,$75,$304,$2,$1290,$157,$1726,$2030,$77,$24,$8,$33,$-29,$-10,$0,$-3,$-24,$85,$-27,$0,$-223,$0,$75,$75,$0,$-175,$0,$0,$0,$-4,$-4,$-14,$0,$-17,$-103,$1,$-14
45,2007-06-30,12.94,$9.77,1.32,$8.77,1.48,$2.74,4.72,$0.91,14.22,$1.50B,$0.20B,7.56,$0.00B,$1.68B,0.0,$1.52B,$0.30B,19.60%,$1.52B,$0.18B,11.68%,$1.52B,$0.18B,11.68%,$1.52B,$0.23B,15.18%,$1.52B,$0.22B,14.39%,$1.52B,$0.16B,10.36%,$0.16B,$1.68B,9.71%,$0.16B,$1.61B,10.16%,$0.16B,$1.94B,8.38%,$0.18B,$1.68B,10.95%,$383,$308,$75,$0,$31,$339,$44,$11,$55,$16,$39,$39,$39,$56,$44,$172,173,$0.23,$0.23,$893,$336,$0,$1496,$245,$99,$73,$23,$440,$1936,$198,$0,$58,$58,$256,$2,$1260,$136,$1679,$1936,$39,$12,$3,$15,$-3,$-5,$0,$-5,$-16,$39,$-14,$0,$0,$0,$55,$55,$0,$41,$0,$0,$0,$2,$2,$-7,$0,$-4,$79,$1,$-7
46,2007-03-31,11.73,$9.53,1.23,$8.67,1.35,$2.99,3.93,$0.89,13.18,$1.42B,$0.21B,6.86,$0.00B,$1.64B,0.0,$1.50B,$0.30B,19.83%,$1.50B,$0.18B,12.02%,$1.50B,$0.18B,12.02%,$1.50B,$0.24B,15.69%,$1.50B,$0.22B,14.49%,$1.50B,$0.15B,10.28%,$0.15B,$1.64B,9.80%,$0.15B,$1.56B,10.26%,$0.15B,$1.90B,8.42%,$0.18B,$1.64B,11.45%,$379,$308,$71,$0,$29,$337,$42,$11,$53,$10,$43,$43,$43,$56,$42,$172,173,$0.24,$0.25,$829,$330,$0,$1421,$244,$139,$71,$24,$478,$1900,$207,$0,$15,$57,$264,$2,$1226,$129,$1635,$1900,$154,$54,$14,$68,$-12,$-7,$0,$-6,$24,$245,$-52,$0,$0,$0,$10,$10,$0,$-42,$0,$0,$0,$-10,$-10,$-26,$1,$-36,$179,$3,$-26
47,2006-12-31,11.38,$9.32,1.22,$8.43,1.35,$2.56,4.45,$0.80,14.23,$1.37B,$0.21B,6.66,$0.00B,$1.60B,0.0,$1.46B,$0.29B,20.04%,$1.46B,$0.17B,11.94%,$1.46B,$0.17B,11.94%,$1.46B,$0.23B,15.65%,$1.46B,$0.21B,14.21%,$1.46B,$0.14B,9.68%,$0.14B,$1.60B,9.24%,$0.14B,$1.53B,9.69%,$0.14B,$1.86B,7.95%,$0.17B,$1.60B,11.41%,$378,$305,$73,$0,$30,$335,$43,$10,$53,$17,$36,$36,$36,$56,$43,$172,173,$0.21,$0.21,$793,$327,$0,$1368,$244,$149,$71,$30,$494,$1862,$206,$0,$54,$54,$259,$2,$1190,$130,$1603,$1862,$111,$40,$12,$52,$-5,$-0,$0,$-8,$33,$196,$-37,$0,$0,$0,$30,$30,$0,$-7,$0,$0,$0,$-7,$-7,$-19,$1,$-25,$172,$2,$-19
