,Date,Stock Price,Book Value per Share,Price to Book Ratio,TTM Sales per Share,Price to Sales Ratio,TTM FCF per Share,Price to FCF Ratio,TTM Net EPS,PE Ratio,Current Assets,Current Liabilities,Current Ratio,Long Term Debt,Shareholder's Equity_x,Debt to Equity Ratio,TTM Revenue_x,TTM Gross Profit,Gross Margin,TTM Revenue_y,TTM Operating Income,Operating Margin,TTM Revenue_x,TTM EBIT,EBIT Margin,TTM Revenue_y,TTM EBITDA,EBITDA Margin,TTM Revenue_x,TTM Pre-Tax Income,Pre-Tax Margin,TTM Revenue_y,TTM Net Income_x,Net Margin,TTM Net Income_y,Shareholder's Equity_y,Return on Equity,TTM Net Income_x,Tangible Equity,Return on Tangible Equity,TTM Net Income_y,Total Assets,Return on Assets,TTM Net Income,LT Investments & Debt,Return on Investment,revenue,cost-goods-sold,gross-profit,research-development-expenses,selling-general-administrative-expenses,operating-expenses,operating-income,total-non-operating-income-expense,pre-tax-income,total-provision-income-taxes,income-after-taxes,income-from-continuous-operations,net-income,ebitda,ebit,basic-shares-outstanding,shares-outstanding,eps-basic-net-earnings-per-share,eps-earnings-per-share-diluted,cash-on-hand,inventory,other-current-assets,total-current-assets,net-property-plant-equipment,long-term-investments,goodwill-intangible-assets-total,other-long-term-assets,total-long-term-assets,total-assets,total-current-liabilities,long-term-debt,other-non-current-liabilities,total-long-term-liabilities,total-liabilities,common-stock-net,retained-earnings-accumulated-deficit,comprehensive-income,total-share-holder-equity,total-liabilities-share-holders-equity,net-income-loss,total-depreciation-amortization-cash-flow,other-non-cash-items,total-non-cash-items,change-in-accounts-receivable,change-in-inventories,change-in-accounts-payable,change-in-assets-liabilities,total-change-in-assets-liabilities,cash-flow-from-operating-activities,net-change-in-property-plant-equipment,net-change-in-intangible-assets,net-acquisitions-divestitures,net-change-in-short-term-investments,net-change-in-long-term-investments,net-change-in-investments-total,investing-activities-other,cash-flow-from-investing-activities,net-long-term-debt,net-current-debt,debt-issuance-retirement-net-total,net-common-equity-issued-repurchased,net-total-equity-issued-repurchased,total-common-preferred-stock-dividends-paid,financial-activities-other,cash-flow-from-financial-activities,net-cash-flow,stock-based-compensation,common-stock-dividends-paid
0,2018-06-30,2.62,$0.52,5.03,0.0,0.0,$-0.64,0.0,$-0.38,0.0,$0.03B,$0.00B,8.33,$0.00B,$0.02B,0.0,$0.00B,0,nan%,$0.00B,$-0.02B,inf%,$0.00B,$-0.02B,inf%,$0.00B,$-0.02B,inf%,$0.00B,$-0.02B,inf%,$0.00B,$-0.02B,inf%,$-0.02B,$0.02B,-70.83%,$-0.02B,$0.02B,-70.83%,$-0.02B,$0.03B,-62.39%,$-0.02B,$0.02B,-79.17%,$0,$0,$0,$3,$2,$5,$-5,$2,$-3,$0,$-3,$-3,$-3,$-5,$-5,$45,45,$-0.06,$-0.06,$26,$0,$0,$27,$0,$0,$0,$0,$0,$27,$3,$0,$0,$0,$3,$0,$-103,$0,$24,$27,$-12,$0,$4,$4,$0,$0,$0,$-1,$-1,$-9,$0,$0,$0,$0,$0,$0,$0,$0,$0,$0,$0,$7,$7,$0,$-0,$7,$-2,$4,$0
1,2018-03-31,2.76,$0.50,5.47,0.0,0.0,$-0.61,0.0,$-0.41,0.0,$0.03B,$0.00B,7.56,$0.00B,$0.02B,0.0,$0.00B,0,nan%,$0.00B,$-0.02B,inf%,$0.00B,$-0.02B,inf%,$0.00B,$-0.02B,inf%,$0.00B,$-0.02B,inf%,$0.00B,$-0.02B,inf%,$-0.02B,$0.02B,-75.79%,$-0.02B,$0.02B,-75.79%,$-0.02B,$0.03B,-67.29%,$-0.02B,$0.02B,-75.79%,$0,$0,$0,$3,$1,$5,$-5,$0,$-5,$0,$-5,$-5,$-5,$-5,$-5,$45,45,$-0.11,$-0.11,$26,$0,$0,$26,$0,$0,$0,$0,$0,$26,$3,$0,$0,$0,$3,$0,$-100,$0,$22,$26,$-9,$0,$2,$2,$0,$0,$0,$0,$0,$-6,$0,$0,$0,$0,$0,$0,$0,$0,$0,$0,$0,$5,$5,$0,$-0,$5,$-2,$2,$0
2,2017-12-31,3.22,$0.58,5.6,0.0,0.0,$-0.56,0.0,$-0.34,0.0,$0.03B,$0.00B,10.11,$0.00B,$0.03B,0.0,$0.00B,0,nan%,$0.00B,$-0.02B,inf%,$0.00B,$-0.02B,inf%,$0.00B,$-0.02B,inf%,$0.00B,$-0.02B,inf%,$0.00B,$-0.02B,inf%,$-0.02B,$0.03B,-63.83%,$-0.02B,$0.03B,-63.83%,$-0.02B,$0.03B,-57.14%,$-0.02B,$0.03B,-72.34%,$0,$0,$0,$3,$1,$4,$-4,$0,$-4,$0,$-4,$-4,$-4,$-4,$-4,$44,44,$-0.09,$-0.09,$28,$0,$0,$28,$0,$0,$0,$0,$0,$28,$3,$0,$0,$0,$3,$0,$-96,$0,$26,$28,$-4,$0,$1,$1,$0,$0,$0,$0,$-1,$-4,$0,$0,$0,$0,$0,$0,$0,$0,$0,$0,$0,$4,$4,$0,$0,$4,$1,$1,$0
3,2017-09-30,4.14,$0.56,7.4,0.0,0.0,$-0.56,0.0,$-0.33,0.0,$0.03B,$0.00B,7.75,$0.00B,$0.02B,0.0,$0.00B,0,nan%,$0.00B,$-0.02B,inf%,$0.00B,$-0.02B,inf%,$0.00B,$-0.02B,inf%,$0.00B,$-0.01B,inf%,$0.00B,$-0.01B,inf%,$-0.01B,$0.02B,-64.37%,$-0.01B,$0.02B,-64.37%,$-0.01B,$0.03B,-57.14%,$-0.02B,$0.02B,-73.56%,$0,$0,$0,$4,$1,$5,$-5,$0,$-5,$0,$-5,$-5,$-5,$-5,$-5,$41,41,$-0.17,$-0.17,$27,$0,$0,$28,$0,$0,$0,$0,$0,$28,$4,$0,$0,$0,$4,$0,$-91,$0,$24,$28,$-13,$0,$4,$4,$0,$0,$0,$-0,$0,$-9,$0,$0,$0,$0,$0,$0,$0,$0,$0,$0,$0,$27,$27,$0,$0,$27,$18,$4,$0
4,2017-06-30,5.32,$0.56,9.57,0.0,0.0,$-0.60,0.0,$-0.39,0.0,$0.03B,$0.00B,17.09,$0.00B,$0.02B,0.0,$0.00B,0,nan%,$0.00B,$-0.02B,inf%,$0.00B,$-0.02B,inf%,$0.00B,$-0.02B,inf%,$0.00B,$-0.02B,inf%,$0.00B,$-0.02B,inf%,$-0.02B,$0.02B,-92.75%,$-0.02B,$0.02B,-92.75%,$-0.02B,$0.03B,-81.01%,$-0.02B,$0.02B,-104.35%,$0,$0,$0,$2,$1,$4,$-4,$0,$-4,$0,$-4,$-4,$-4,$-4,$-4,$42,42,$-0.04,$-0.04,$25,$0,$0,$25,$0,$0,$0,$0,$0,$25,$1,$0,$0,$0,$1,$0,$-86,$0,$23,$25,$-8,$0,$3,$3,$0,$0,$0,$0,$-1,$-7,$0,$0,$0,$0,$0,$0,$0,$0,$0,$0,$0,$22,$22,$0,$0,$22,$16,$3,$0
5,2017-03-31,5.74,$0.52,11.05,0.0,0.0,$-0.65,0.0,$-0.36,0.0,$0.02B,$0.00B,11.11,$0.00B,$0.02B,0.0,$0.00B,0,nan%,$0.00B,$-0.02B,inf%,$0.00B,$-0.02B,inf%,$0.00B,$-0.02B,inf%,$0.00B,$-0.01B,inf%,$0.00B,$-0.01B,inf%,$-0.01B,$0.02B,-103.70%,$-0.01B,$0.02B,-103.70%,$-0.01B,$0.02B,-87.50%,$-0.02B,$0.02B,-118.52%,$0,$0,$0,$2,$1,$4,$-4,$2,$-2,$0,$-2,$-2,$-2,$-4,$-4,$41,41,$-0.04,$-0.04,$23,$0,$0,$24,$0,$0,$0,$0,$0,$24,$2,$0,$0,$0,$2,$0,$-83,$0,$21,$24,$-5,$0,$2,$2,$0,$0,$0,$0,$-1,$-4,$0,$0,$0,$0,$0,$0,$0,$0,$0,$0,$0,$18,$18,$0,$0,$18,$14,$2,$0
6,2016-12-31,3.96,$0.47,8.4,0.0,0.0,$-0.70,0.0,$-0.38,0.0,$0.02B,$0.00B,9.71,$0.00B,$0.02B,0.0,$0.00B,0,nan%,$0.00B,$-0.01B,inf%,$0.00B,$-0.01B,inf%,$0.00B,$-0.01B,inf%,$0.00B,$-0.01B,inf%,$0.00B,$-0.01B,inf%,$-0.01B,$0.02B,-130.23%,$-0.01B,$0.02B,-130.23%,$-0.01B,$0.02B,-107.69%,$-0.01B,$0.02B,-130.23%,$0,$0,$0,$2,$1,$3,$-3,$0,$-3,$0,$-3,$-3,$-3,$-3,$-3,$38,38,$-0.08,$-0.08,$21,$0,$0,$21,$0,$0,$0,$0,$0,$21,$2,$0,$0,$0,$2,$0,$-81,$0,$19,$21,$-3,$0,$1,$1,$0,$0,$0,$0,$-1,$-3,$0,$0,$0,$0,$0,$0,$0,$0,$0,$0,$0,$15,$15,$0,$0,$15,$12,$1,$0
7,2016-09-30,3.63,$0.17,20.81,0.0,0.0,$-0.71,0.0,$-0.42,0.0,$0.01B,$0.00B,2.96,$0.00B,$0.01B,0.0,$0.00B,0,nan%,$0.00B,$-0.02B,inf%,$0.00B,$-0.02B,inf%,$0.00B,$-0.02B,inf%,$0.00B,$-0.02B,inf%,$0.00B,$-0.02B,inf%,$-0.02B,$0.01B,-171.43%,$-0.02B,$0.01B,-171.43%,$-0.02B,$0.01B,-133.33%,$-0.02B,$0.01B,-182.86%,$0,$0,$0,$4,$3,$7,$-7,$0,$-7,$0,$-7,$-7,$-7,$-7,$-7,$35,35,$-0.18,$-0.18,$9,$0,$0,$9,$0,$0,$0,$0,$0,$9,$3,$0,$0,$0,$3,$0,$-78,$0,$6,$9,$-15,$0,$5,$5,$0,$0,$0,$-0,$1,$-9,$0,$0,$0,$0,$0,$0,$0,$0,$-0,$0,$-0,$3,$3,$0,$0,$3,$-6,$5,$0
