,Date,Stock Price,Book Value per Share,Price to Book Ratio,TTM Sales per Share,Price to Sales Ratio,TTM FCF per Share,Price to FCF Ratio,TTM Net EPS,PE Ratio,Current Assets,Current Liabilities,Current Ratio,Long Term Debt,Shareholder's Equity_x,Debt to Equity Ratio,TTM Revenue_x,TTM Gross Profit,Gross Margin,TTM Revenue_y,TTM Operating Income,Operating Margin,TTM Revenue_x,TTM EBIT,EBIT Margin,TTM Revenue_y,TTM EBITDA,EBITDA Margin,TTM Revenue_x,TTM Pre-Tax Income,Pre-Tax Margin,TTM Revenue_y,TTM Net Income_x,Net Margin,TTM Net Income_y,Shareholder's Equity_y,Return on Equity,TTM Net Income_x,Tangible Equity,Return on Tangible Equity,TTM Net Income_y,Total Assets,Return on Assets,TTM Net Income,LT Investments & Debt,Return on Investment,revenue,cost-goods-sold,gross-profit,research-development-expenses,selling-general-administrative-expenses,operating-expenses,operating-income,total-non-operating-income-expense,pre-tax-income,total-provision-income-taxes,income-after-taxes,income-from-continuous-operations,net-income,ebitda,ebit,basic-shares-outstanding,shares-outstanding,eps-basic-net-earnings-per-share,eps-earnings-per-share-diluted,cash-on-hand,inventory,other-current-assets,total-current-assets,net-property-plant-equipment,long-term-investments,goodwill-intangible-assets-total,other-long-term-assets,total-long-term-assets,total-assets,total-current-liabilities,long-term-debt,other-non-current-liabilities,total-long-term-liabilities,total-liabilities,common-stock-net,retained-earnings-accumulated-deficit,comprehensive-income,total-share-holder-equity,total-liabilities-share-holders-equity,net-income-loss,total-depreciation-amortization-cash-flow,other-non-cash-items,total-non-cash-items,change-in-accounts-receivable,change-in-inventories,change-in-accounts-payable,change-in-assets-liabilities,total-change-in-assets-liabilities,cash-flow-from-operating-activities,net-change-in-property-plant-equipment,net-change-in-intangible-assets,net-acquisitions-divestitures,net-change-in-short-term-investments,net-change-in-long-term-investments,net-change-in-investments-total,investing-activities-other,cash-flow-from-investing-activities,net-long-term-debt,net-current-debt,debt-issuance-retirement-net-total,net-common-equity-issued-repurchased,net-total-equity-issued-repurchased,total-common-preferred-stock-dividends-paid,financial-activities-other,cash-flow-from-financial-activities,net-cash-flow,stock-based-compensation,common-stock-dividends-paid
0,2018-09-30,69.6,$6.62,10.51,$17.95,3.88,$5.28,13.19,$3.49,19.94,$0.78B,$0.53B,1.47,$0.78B,$0.33B,2.36,$0.95B,$0.32B,33.54%,$0.95B,$0.25B,26.18%,$0.95B,$0.25B,26.18%,$0.95B,$0.34B,35.44%,$0.95B,$0.24B,25.03%,$0.95B,$0.19B,19.45%,$0.19B,$0.33B,47.50%,$0.19B,$-0.12B,-350.71%,$0.19B,$2.00B,9.83%,$0.25B,$1.11B,20.92%,$261,$163,$98,$0,$35,$179,$81,$-1,$81,$16,$64,$64,$76,$99,$81,$51,52,$1.50,$1.46,$327,$64,$9,$781,$484,$78,$446,$73,$1222,$2003,$533,$780,$72,$1139,$1672,$1,$839,$-409,$331,$2003,$151,$62,$-39,$23,$9,$-14,$0,$-10,$-15,$159,$-41,$0,$306,$0,$89,$89,$-68,$286,$-24,$0,$-24,$-238,$-238,$0,$0,$-263,$177,$9,$0
1,2018-06-30,63.2,$7.83,8.08,$17.30,3.65,$3.78,16.74,$2.95,21.42,$0.58B,$0.26B,2.24,$0.80B,$0.40B,1.97,$0.92B,$0.31B,33.77%,$0.92B,$0.24B,26.19%,$0.92B,$0.24B,26.19%,$0.92B,$0.34B,36.36%,$0.92B,$0.21B,22.73%,$0.92B,$0.16B,17.10%,$0.16B,$0.40B,39.67%,$0.16B,$-0.04B,-351.11%,$0.16B,$1.83B,8.59%,$0.24B,$1.20B,19.99%,$249,$166,$83,$0,$41,$183,$66,$-1,$65,$18,$48,$48,$47,$88,$66,$52,53,$0.90,$0.89,$129,$62,$7,$583,$485,$112,$444,$70,$1242,$1825,$260,$795,$88,$1161,$1421,$1,$763,$-404,$404,$1825,$75,$44,$-25,$20,$7,$-22,$0,$-8,$-6,$89,$-26,$0,$-12,$0,$36,$36,$0,$-1,$-16,$0,$-16,$-90,$-90,$0,$0,$-106,$-21,$5,$0
2,2018-03-31,56.3,$7.74,7.28,$16.77,3.36,$2.53,22.29,$2.83,19.89,$0.60B,$0.25B,2.44,$0.81B,$0.40B,2.01,$0.90B,$0.31B,34.85%,$0.90B,$0.25B,27.19%,$0.90B,$0.25B,27.19%,$0.90B,$0.34B,37.40%,$0.90B,$0.21B,23.75%,$0.90B,$0.15B,16.87%,$0.15B,$0.40B,40.92%,$0.15B,$-0.03B,-205.41%,$0.15B,$1.83B,8.31%,$0.25B,$1.21B,20.53%,$227,$157,$71,$0,$38,$178,$50,$-0,$49,$8,$41,$41,$28,$72,$50,$53,54,$0.53,$0.51,$117,$60,$8,$599,$490,$108,$438,$69,$1226,$1825,$245,$810,$88,$1176,$1421,$1,$716,$-389,$404,$1825,$28,$23,$-2,$21,$23,$-17,$0,$-7,$-23,$26,$-10,$0,$0,$0,$16,$16,$0,$6,$-8,$0,$-8,$-56,$-56,$0,$0,$-64,$-33,$3,$0
3,2017-12-31,60.55,$7.95,7.62,$16.58,3.65,$1.96,30.86,$2.88,21.02,$0.65B,$0.27B,2.4,$0.82B,$0.42B,1.95,$0.89B,$0.32B,35.91%,$0.89B,$0.25B,28.19%,$0.89B,$0.25B,28.19%,$0.89B,$0.34B,38.14%,$0.89B,$0.22B,24.83%,$0.89B,$0.15B,17.23%,$0.15B,$0.42B,45.53%,$0.15B,$-0.02B,-137.50%,$0.15B,$1.87B,8.50%,$0.25B,$1.24B,21.58%,$214,$148,$67,$0,$30,$163,$52,$-8,$43,$-61,$104,$104,$34,$78,$52,$53,54,$0.63,$0.63,$160,$54,$8,$649,$500,$107,$441,$64,$1225,$1874,$270,$818,$89,$1184,$1454,$1,$633,$-346,$419,$1874,$155,$89,$0,$89,$-37,$4,$0,$-1,$-74,$170,$-90,$0,$-31,$0,$69,$69,$-2,$-54,$-25,$0,$-25,$-77,$-77,$0,$-1,$-103,$18,$10,$0
4,2017-09-30,51.25,$6.94,7.39,$16.18,3.17,$-0.53,0.0,$2.74,18.7,$0.41B,$0.21B,1.98,$0.83B,$0.37B,2.25,$0.88B,$0.32B,36.76%,$0.88B,$0.24B,27.40%,$0.88B,$0.24B,27.40%,$0.88B,$0.32B,36.76%,$0.88B,$0.21B,23.97%,$0.88B,$0.15B,16.78%,$0.15B,$0.37B,49.00%,$0.15B,$-0.08B,-100.17%,$0.15B,$1.83B,8.25%,$0.24B,$1.19B,21.10%,$234,$143,$91,$0,$31,$160,$74,$-21,$53,$16,$37,$37,$49,$98,$74,$53,54,$0.93,$0.92,$117,$118,$24,$408,$699,$105,$450,$64,$1422,$1830,$206,$825,$59,$1258,$1464,$1,$600,$-366,$366,$1830,$121,$63,$11,$74,$-27,$-2,$0,$-17,$-90,$105,$-63,$0,$-31,$0,$53,$53,$1,$-41,$-17,$0,$-17,$-75,$-75,$0,$-1,$-92,$-25,$8,$0
5,2017-06-30,46.0,$5.62,8.18,$17.79,2.59,$-2.71,0.0,$3.08,14.94,$0.36B,$0.22B,1.68,$0.83B,$0.30B,2.8,$0.98B,$0.34B,34.90%,$0.98B,$0.24B,24.26%,$0.98B,$0.24B,24.26%,$0.98B,$0.32B,32.24%,$0.98B,$0.22B,22.62%,$0.98B,$0.17B,17.30%,$0.17B,$0.30B,61.85%,$0.17B,$-0.16B,-99.27%,$0.17B,$1.78B,9.61%,$0.24B,$1.13B,21.20%,$226,$140,$85,$0,$36,$156,$69,$-1,$69,$25,$44,$44,$41,$89,$69,$53,54,$0.77,$0.77,$80,$117,$18,$362,$696,$109,$454,$64,$1422,$1784,$216,$833,$90,$1271,$1487,$1,$550,$-387,$297,$1784,$72,$39,$-9,$29,$-27,$-2,$0,$-6,$-59,$42,$-45,$0,$-31,$0,$35,$35,$1,$-41,$6,$0,$6,$-70,$-70,$0,$-1,$-65,$-62,$5,$0
6,2017-03-31,46.05,$5.09,9.05,$19.20,2.4,$-4.61,0.0,$2.61,17.64,$0.35B,$0.22B,1.6,$0.84B,$0.27B,3.1,$1.07B,$0.35B,32.68%,$1.07B,$0.22B,20.66%,$1.07B,$0.22B,20.66%,$1.07B,$0.30B,28.08%,$1.07B,$0.19B,18.12%,$1.07B,$0.15B,13.62%,$0.15B,$0.27B,58.12%,$0.15B,$-0.19B,-76.02%,$0.15B,$1.76B,8.35%,$0.22B,$1.11B,19.96%,$220,$142,$78,$0,$39,$163,$57,$0,$57,$22,$36,$36,$30,$76,$57,$54,55,$0.56,$0.56,$81,$116,$19,$354,$689,$105,$457,$65,$1404,$1758,$221,$841,$84,$1266,$1487,$1,$509,$-390,$271,$1758,$30,$19,$5,$24,$-15,$-2,$0,$-2,$-44,$11,$-25,$0,$-31,$0,$19,$19,$0,$-38,$14,$0,$14,$-50,$-50,$0,$-1,$-36,$-61,$3,$0
7,2016-12-31,41.8,$4.89,8.54,$20.33,2.06,$-6.02,0.0,$1.87,22.35,$0.41B,$0.22B,1.81,$0.85B,$0.27B,3.19,$1.13B,$0.35B,31.27%,$1.13B,$0.19B,16.34%,$1.13B,$0.19B,16.34%,$1.13B,$0.28B,24.29%,$1.13B,$0.14B,12.46%,$1.13B,$0.11B,9.28%,$0.11B,$0.27B,28.06%,$0.11B,$-0.16B,-142.86%,$0.11B,$1.76B,5.37%,$0.19B,$1.12B,14.82%,$196,$128,$68,$0,$43,$156,$40,$-9,$31,$13,$18,$18,$27,$59,$40,$55,55,$0.50,$0.49,$142,$47,$11,$406,$465,$106,$428,$63,$1352,$1758,$224,$849,$123,$1268,$1492,$1,$470,$-404,$266,$1758,$105,$90,$47,$137,$-24,$-7,$0,$-30,$-192,$49,$-104,$0,$0,$0,$87,$87,$0,$-17,$-71,$0,$-71,$-43,$-43,$0,$-15,$-129,$-103,$12,$0
8,2016-09-30,41.32,$4.68,8.82,$27.07,1.53,$-4.43,0.0,$1.13,36.57,$0.43B,$0.23B,1.86,$0.86B,$0.26B,3.31,$1.51B,$0.42B,28.02%,$1.51B,$0.15B,10.18%,$1.51B,$0.15B,10.18%,$1.51B,$0.26B,16.92%,$1.51B,$0.10B,6.61%,$1.51B,$0.06B,4.23%,$0.06B,$0.26B,12.80%,$0.06B,$-0.18B,135.45%,$0.06B,$1.73B,2.93%,$0.15B,$1.12B,11.04%,$335,$225,$110,$0,$56,$264,$71,$-7,$64,$8,$56,$56,$71,$91,$71,$56,56,$1.27,$1.26,$143,$110,$17,$429,$665,$119,$437,$61,$1304,$1733,$231,$856,$91,$1243,$1474,$1,$443,$-419,$259,$1733,$78,$71,$26,$97,$-41,$-4,$0,$-20,$-178,$-3,$-76,$0,$0,$0,$69,$69,$0,$-7,$-69,$0,$-69,$-8,$-8,$0,$-11,$-88,$-102,$10,$0
9,2016-06-30,39.15,$3.65,10.73,$27.10,1.44,$-2.19,0.0,$0.44,88.98,$0.39B,$0.22B,1.75,$0.86B,$0.20B,4.27,$1.51B,$0.43B,28.07%,$1.51B,$0.14B,9.38%,$1.51B,$0.14B,9.38%,$1.51B,$0.25B,16.78%,$1.51B,$0.07B,4.82%,$1.51B,$0.03B,1.65%,$0.03B,$0.20B,3.96%,$0.03B,$-0.24B,15.22%,$0.03B,$1.70B,1.03%,$0.14B,$1.07B,9.14%,$314,$223,$92,$0,$56,$263,$52,$-10,$41,$25,$17,$17,$17,$73,$52,$56,56,$0.30,$0.30,$99,$104,$20,$390,$661,$120,$441,$63,$1307,$1697,$222,$864,$136,$1272,$1495,$1,$372,$-426,$202,$1697,$7,$51,$19,$70,$-40,$1,$0,$-22,$-132,$-55,$-53,$0,$0,$0,$49,$49,$0,$-4,$-69,$0,$-69,$0,$0,$0,$-14,$-83,$-145,$7,$0
10,2016-03-31,41.91,$13.88,3.02,$26.97,1.55,$-0.20,0.0,$0.67,62.55,$0.82B,$0.41B,2.01,$0.93B,$0.77B,1.2,$1.51B,$0.43B,28.22%,$1.51B,$0.13B,8.70%,$1.51B,$0.13B,8.70%,$1.51B,$0.25B,16.67%,$1.51B,$0.07B,4.32%,$1.51B,$0.04B,2.52%,$0.04B,$0.77B,4.95%,$0.04B,$0.28B,13.26%,$0.04B,$2.63B,1.43%,$0.13B,$1.70B,7.62%,$287,$203,$84,$0,$54,$266,$22,$-17,$5,$12,$-7,$-7,$-10,$52,$22,$56,56,$-0.18,$-0.18,$150,$346,$65,$816,$1101,$131,$487,$61,$1810,$2626,$406,$926,$135,$1450,$1856,$1,$355,$-477,$770,$2626,$-10,$30,$23,$53,$-28,$0,$0,$-20,$-109,$-65,$-29,$0,$0,$0,$18,$18,$0,$-10,$-21,$0,$-21,$0,$0,$0,$1,$-20,$-95,$3,$0
11,2015-12-31,39.62,$13.89,2.85,$31.70,1.25,$0.45,87.73,$1.68,23.58,$0.88B,$0.44B,2.02,$0.94B,$0.77B,1.22,$1.77B,$0.47B,26.61%,$1.77B,$0.15B,8.19%,$1.77B,$0.15B,8.19%,$1.77B,$0.26B,14.86%,$1.77B,$0.08B,4.75%,$1.77B,$0.10B,5.37%,$0.10B,$0.77B,12.68%,$0.10B,$0.32B,35.82%,$0.10B,$2.69B,3.58%,$0.15B,$1.71B,8.44%,$577,$440,$138,$0,$128,$569,$9,$-19,$-10,$1,$-11,$-11,$-14,$40,$9,$56,56,$0.25,$0.25,$209,$101,$34,$881,$648,$131,$447,$57,$1806,$2687,$436,$936,$290,$1482,$1918,$1,$365,$-487,$769,$2687,$94,$118,$-21,$97,$3,$-16,$0,$-23,$13,$204,$-171,$0,$0,$0,$64,$64,$5,$-102,$-40,$0,$-40,$6,$6,$-1,$2,$-32,$60,$13,$-1
12,2015-09-30,41.36,$14.15,2.92,$31.98,1.29,$-0.25,0.0,$1.87,22.12,$0.89B,$0.42B,2.11,$0.97B,$0.78B,1.23,$1.78B,$0.46B,25.79%,$1.78B,$0.17B,9.66%,$1.78B,$0.17B,9.66%,$1.78B,$0.29B,16.29%,$1.78B,$0.12B,6.63%,$1.78B,$0.11B,5.90%,$0.11B,$0.78B,14.60%,$0.11B,$0.29B,47.35%,$0.11B,$2.69B,3.99%,$0.17B,$1.75B,10.09%,$336,$225,$111,$0,$64,$277,$59,$-22,$37,$18,$20,$20,$32,$89,$59,$56,56,$0.57,$0.56,$250,$340,$69,$888,$1067,$131,$493,$68,$1807,$2694,$422,$965,$130,$1490,$1911,$1,$379,$-485,$783,$2694,$108,$87,$-29,$58,$-19,$-10,$0,$-26,$-22,$144,$-97,$0,$0,$0,$48,$48,$4,$-45,$-29,$0,$-29,$6,$6,$-1,$0,$-24,$65,$11,$-1
13,2015-06-30,46.16,$13.51,3.42,$38.20,1.21,$-1.78,0.0,$1.87,24.68,$0.86B,$0.41B,2.09,$0.98B,$0.75B,1.31,$2.12B,$0.52B,24.31%,$2.12B,$0.20B,9.37%,$2.12B,$0.20B,9.37%,$2.12B,$0.32B,15.17%,$2.12B,$0.15B,7.25%,$2.12B,$0.11B,4.95%,$0.11B,$0.75B,14.63%,$0.11B,$0.25B,48.84%,$0.11B,$2.66B,3.87%,$0.20B,$1.73B,11.61%,$306,$215,$92,$0,$62,$265,$41,$-8,$33,$18,$15,$15,$30,$70,$41,$56,56,$0.53,$0.53,$202,$349,$60,$860,$1068,$131,$497,$66,$1798,$2658,$411,$979,$116,$1500,$1911,$1,$347,$-483,$747,$2658,$76,$57,$-34,$23,$-29,$-16,$0,$-9,$-41,$59,$-56,$0,$0,$0,$28,$28,$4,$-24,$-18,$0,$-18,$4,$4,$-1,$0,$-15,$-17,$8,$-1
14,2015-03-31,49.79,$12.61,3.95,$44.63,1.12,$-3.26,0.0,$1.68,29.64,$0.79B,$0.37B,2.14,$0.99B,$0.70B,1.42,$2.48B,$0.57B,23.06%,$2.48B,$0.22B,8.97%,$2.48B,$0.22B,8.97%,$2.48B,$0.35B,14.05%,$2.48B,$0.17B,6.95%,$2.48B,$0.09B,3.80%,$0.09B,$0.70B,13.14%,$0.09B,$0.20B,45.25%,$0.09B,$2.57B,3.34%,$0.22B,$1.69B,12.88%,$551,$422,$130,$0,$103,$516,$36,$-12,$24,$20,$4,$4,$47,$64,$36,$55,56,$0.84,$0.83,$132,$351,$58,$792,$1053,$127,$500,$68,$1782,$2574,$371,$993,$105,$1506,$1877,$1,$318,$-499,$697,$2574,$47,$29,$-32,$-4,$-25,$-19,$0,$1,$-77,$-34,$-23,$0,$0,$0,$15,$15,$0,$-8,$-8,$0,$-8,$3,$3,$-1,$0,$-6,$-53,$4,$-1
15,2014-12-31,44.29,$11.77,3.76,$45.40,0.98,$-3.54,0.0,$1.15,38.51,$0.81B,$0.39B,2.09,$1.00B,$0.65B,1.55,$2.52B,$0.58B,23.18%,$2.52B,$0.24B,9.54%,$2.52B,$0.24B,9.54%,$2.52B,$0.37B,14.63%,$2.52B,$0.19B,7.36%,$2.52B,$0.06B,2.54%,$0.06B,$0.65B,8.91%,$0.06B,$0.15B,31.07%,$0.06B,$2.61B,2.20%,$0.24B,$1.65B,13.81%,$587,$461,$126,$0,$94,$551,$36,$-12,$24,$13,$11,$11,$-4,$67,$36,$55,56,$0.06,$0.06,$185,$336,$59,$812,$1062,$129,$501,$68,$1795,$2606,$388,$1003,$104,$1569,$1957,$1,$271,$-496,$649,$2606,$64,$129,$63,$192,$-6,$-27,$0,$-32,$-47,$209,$-215,$0,$-4,$0,$68,$68,$2,$-149,$-24,$0,$-24,$18,$18,$-1,$11,$3,$50,$13,$-1
16,2014-09-30,48.52,$14.15,3.43,$46.00,1.05,$-3.30,0.0,$1.41,34.41,$0.93B,$0.44B,2.12,$1.01B,$0.78B,1.31,$2.54B,$0.59B,23.20%,$2.54B,$0.25B,9.71%,$2.54B,$0.25B,9.71%,$2.54B,$0.37B,14.71%,$2.54B,$0.19B,7.55%,$2.54B,$0.08B,3.11%,$0.08B,$0.78B,10.90%,$0.08B,$0.26B,38.26%,$0.08B,$3.01B,2.64%,$0.25B,$1.79B,14.08%,$679,$511,$168,$0,$101,$593,$86,$-13,$73,$26,$47,$47,$32,$121,$86,$55,56,$0.57,$0.57,$148,$416,$59,$934,$1128,$132,$514,$74,$2072,$3006,$441,$1014,$104,$1788,$2229,$1,$275,$-362,$777,$3006,$67,$98,$25,$123,$-37,$-43,$0,$-30,$-79,$111,$-149,$0,$0,$0,$51,$51,$2,$-97,$-16,$0,$-16,$11,$11,$-1,$8,$1,$16,$10,$-1
17,2014-06-30,49.76,$13.46,3.7,$46.13,1.08,$-2.12,0.0,$1.69,29.44,$0.98B,$0.51B,1.93,$1.02B,$0.74B,1.39,$2.59B,$0.60B,23.21%,$2.59B,$0.26B,9.83%,$2.59B,$0.26B,9.83%,$2.59B,$0.37B,14.42%,$2.59B,$0.20B,7.75%,$2.59B,$0.10B,3.74%,$0.10B,$0.74B,14.37%,$0.10B,$0.22B,62.88%,$0.10B,$3.06B,3.29%,$0.26B,$1.76B,14.88%,$659,$512,$147,$0,$100,$596,$64,$-12,$51,$25,$27,$27,$19,$96,$64,$55,55,$0.34,$0.34,$153,$427,$56,$982,$1142,$133,$517,$71,$2076,$3058,$510,$1024,$106,$1810,$2320,$1,$243,$-361,$738,$3058,$36,$63,$6,$69,$-54,$-45,$0,$-22,$-82,$22,$-101,$0,$0,$0,$32,$32,$2,$-68,$49,$0,$49,$10,$10,$-1,$4,$61,$25,$8,$-1
18,2014-03-31,46.13,$12.96,3.56,$46.01,1.0,$-1.52,0.0,$1.85,24.94,$0.95B,$0.46B,2.09,$1.04B,$0.71B,1.46,$2.64B,$0.62B,23.43%,$2.64B,$0.26B,9.80%,$2.64B,$0.26B,9.80%,$2.64B,$0.37B,14.08%,$2.64B,$0.21B,7.83%,$2.64B,$0.11B,4.09%,$0.11B,$0.71B,15.75%,$0.11B,$0.19B,66.77%,$0.11B,$2.99B,3.70%,$0.26B,$1.75B,14.95%,$590,$448,$142,$0,$103,$536,$54,$-16,$37,$19,$18,$18,$17,$84,$54,$55,55,$0.31,$0.30,$131,$429,$67,$954,$1113,$129,$520,$73,$2038,$2992,$456,$1035,$104,$1825,$2281,$1,$224,$-366,$710,$2992,$17,$30,$9,$39,$-23,$-47,$0,$-18,$-89,$-33,$-40,$0,$0,$0,$18,$18,$-0,$-22,$42,$0,$42,$9,$9,$-1,$3,$52,$-7,$5,$-1
19,2013-12-31,49.91,$12.37,4.03,$45.75,1.09,$-1.31,0.0,$1.60,31.19,$0.88B,$0.41B,2.15,$1.04B,$0.67B,1.55,$2.67B,$0.62B,23.26%,$2.67B,$0.25B,9.42%,$2.67B,$0.25B,9.42%,$2.67B,$0.36B,13.46%,$2.67B,$0.19B,6.92%,$2.67B,$0.09B,3.52%,$0.09B,$0.67B,13.59%,$0.09B,$0.15B,56.88%,$0.09B,$2.92B,3.25%,$0.25B,$1.72B,14.44%,$615,$482,$133,$0,$103,$572,$43,$-12,$31,$7,$23,$23,$11,$73,$43,$54,55,$0.20,$0.20,$112,$322,$54,$884,$1015,$132,$523,$73,$2033,$2917,$411,$1043,$294,$1833,$2243,$1,$207,$-372,$673,$2917,$94,$109,$16,$125,$-9,$-12,$0,$-38,$-5,$214,$-207,$0,$0,$0,$61,$61,$-0,$-146,$-5,$0,$-5,$-253,$-253,$-1,$-5,$-264,$-224,$16,$-1
20,2013-09-30,47.62,$10.70,4.45,$41.67,1.14,$-0.80,0.0,$1.54,30.92,$0.91B,$0.43B,2.13,$1.05B,$0.58B,1.81,$2.48B,$0.59B,23.57%,$2.48B,$0.27B,10.68%,$2.48B,$0.27B,10.68%,$2.48B,$0.37B,14.91%,$2.48B,$0.20B,7.98%,$2.48B,$0.09B,3.67%,$0.09B,$0.58B,12.94%,$0.09B,$0.05B,51.85%,$0.09B,$2.82B,3.16%,$0.27B,$1.63B,15.09%,$730,$550,$180,$0,$103,$636,$94,$-12,$82,$26,$56,$56,$50,$121,$94,$58,59,$0.86,$0.85,$138,$384,$52,$906,$1058,$133,$526,$82,$1909,$2815,$425,$1050,$153,$1810,$2235,$1,$196,$-448,$580,$2815,$83,$79,$17,$97,$-47,$-16,$0,$-33,$-18,$162,$-133,$0,$0,$0,$46,$46,$-0,$-86,$-3,$0,$-3,$-257,$-257,$-1,$-7,$-269,$-199,$13,$-1
21,2013-06-30,41.4,$13.16,3.15,$41.00,1.01,$-0.79,0.0,$1.74,23.8,$1.08B,$0.40B,2.71,$1.06B,$0.78B,1.36,$2.45B,$0.59B,24.19%,$2.45B,$0.28B,11.44%,$2.45B,$0.28B,11.44%,$2.45B,$0.38B,15.65%,$2.45B,$0.21B,8.62%,$2.45B,$0.10B,4.25%,$0.10B,$0.78B,13.84%,$0.10B,$0.25B,46.79%,$0.10B,$2.96B,3.60%,$0.28B,$1.84B,15.53%,$707,$542,$164,$0,$111,$639,$68,$-11,$57,$26,$31,$31,$30,$94,$68,$59,60,$0.50,$0.50,$305,$388,$52,$1084,$1036,$133,$527,$86,$1878,$2962,$400,$1058,$143,$1783,$2183,$1,$146,$-455,$779,$2962,$33,$52,$10,$62,$-66,$-22,$0,$-22,$-52,$43,$-92,$0,$0,$0,$30,$30,$0,$-63,$-2,$0,$-2,$4,$4,$-1,$-7,$-6,$-32,$9,$-1
22,2013-03-31,48.42,$12.42,3.9,$40.57,1.19,$-0.77,0.0,$1.94,24.96,$1.03B,$0.36B,2.89,$1.07B,$0.74B,1.45,$2.42B,$0.60B,24.80%,$2.42B,$0.29B,12.01%,$2.42B,$0.29B,12.01%,$2.42B,$0.39B,16.27%,$2.42B,$0.22B,9.03%,$2.42B,$0.12B,4.80%,$0.12B,$0.74B,15.87%,$0.12B,$0.21B,58.36%,$0.12B,$2.87B,4.07%,$0.29B,$1.80B,16.28%,$622,$478,$145,$0,$113,$575,$47,$-32,$15,$12,$3,$3,$3,$72,$47,$59,60,$0.05,$0.05,$278,$395,$46,$1025,$1014,$134,$530,$81,$1845,$2870,$355,$1065,$151,$1780,$2135,$1,$116,$-464,$735,$2870,$3,$25,$11,$36,$-35,$-30,$0,$-12,$-53,$-14,$-52,$0,$0,$0,$15,$15,$0,$-37,$-1,$0,$-1,$3,$3,$-1,$-7,$-6,$-58,$5,$-1
23,2012-12-31,43.95,$12.20,3.6,$40.93,1.07,$-0.80,0.0,$2.20,19.98,$1.02B,$0.39B,2.65,$1.04B,$0.72B,1.44,$2.43B,$0.59B,24.45%,$2.43B,$0.29B,11.77%,$2.43B,$0.29B,11.77%,$2.43B,$0.40B,16.39%,$2.43B,$0.24B,9.67%,$2.43B,$0.13B,5.39%,$0.13B,$0.72B,18.42%,$0.13B,$0.19B,74.33%,$0.13B,$2.85B,4.44%,$0.29B,$1.76B,16.24%,$423,$326,$96,$0,$52,$367,$56,$-12,$44,$20,$23,$23,$8,$83,$56,$59,60,$0.13,$0.13,$336,$370,$42,$1020,$1005,$134,$528,$94,$1834,$2854,$385,$1038,$150,$1751,$2135,$1,$113,$-471,$719,$2854,$131,$113,$-5,$108,$9,$-1,$0,$-37,$-19,$220,$-182,$0,$25,$0,$64,$64,$2,$-92,$228,$0,$228,$12,$12,$-507,$-7,$-274,$-155,$16,$-507
24,2012-09-30,40.17,$13.14,3.06,$43.27,0.93,$-0.51,0.0,$2.20,18.26,$1.05B,$0.41B,2.6,$1.05B,$0.77B,1.35,$2.56B,$0.61B,23.86%,$2.56B,$0.25B,9.92%,$2.56B,$0.25B,9.92%,$2.56B,$0.36B,14.21%,$2.56B,$0.21B,8.00%,$2.56B,$0.13B,5.15%,$0.13B,$0.77B,16.22%,$0.13B,$0.24B,47.87%,$0.13B,$2.89B,4.42%,$0.25B,$1.82B,14.03%,$695,$508,$187,$0,$94,$586,$109,$-14,$95,$21,$74,$74,$63,$134,$109,$59,59,$1.06,$1.05,$299,$381,$41,$1050,$938,$137,$532,$100,$1835,$2885,$405,$1046,$157,$1708,$2113,$1,$105,$-408,$773,$2885,$123,$86,$-21,$65,$-41,$-15,$0,$-26,$-47,$141,$-111,$0,$0,$0,$48,$48,$1,$-62,$240,$0,$240,$9,$9,$-504,$-8,$-263,$-182,$12,$-504
25,2012-06-30,42.59,$11.83,3.6,$44.06,0.97,$-0.30,0.0,$2.04,20.88,$0.99B,$0.41B,2.44,$1.06B,$0.70B,1.52,$2.60B,$0.61B,23.58%,$2.60B,$0.24B,9.08%,$2.60B,$0.24B,9.08%,$2.60B,$0.35B,13.38%,$2.60B,$0.19B,7.35%,$2.60B,$0.12B,4.69%,$0.12B,$0.70B,13.21%,$0.12B,$0.16B,31.98%,$0.12B,$2.80B,4.01%,$0.24B,$1.75B,12.64%,$675,$505,$171,$0,$108,$598,$78,$-14,$64,$21,$42,$42,$42,$104,$78,$59,59,$0.71,$0.70,$217,$403,$47,$994,$918,$136,$538,$98,$1810,$2803,$407,$1055,$128,$1701,$2108,$1,$42,$-418,$696,$2803,$60,$60,$-1,$60,$-52,$-19,$0,$-19,$-90,$30,$-77,$0,$0,$0,$34,$34,$1,$-43,$253,$0,$253,$9,$9,$-503,$-8,$-249,$-263,$8,$-503
26,2012-03-31,42.25,$11.18,3.78,$45.40,0.93,$0.20,207.43,$1.98,21.34,$1.47B,$0.89B,1.65,$1.06B,$0.66B,1.62,$2.67B,$0.63B,23.45%,$2.67B,$0.23B,8.64%,$2.67B,$0.23B,8.64%,$2.67B,$0.35B,12.98%,$2.67B,$0.19B,7.03%,$2.67B,$0.12B,4.41%,$0.12B,$0.66B,11.32%,$0.12B,$0.12B,23.74%,$0.12B,$3.26B,3.79%,$0.23B,$1.72B,11.96%,$636,$496,$140,$0,$111,$593,$43,$-10,$32,$13,$19,$19,$18,$77,$43,$59,59,$0.31,$0.31,$683,$403,$49,$1468,$907,$137,$542,$98,$1794,$3262,$891,$1063,$118,$1715,$2605,$1,$0,$-410,$657,$3262,$18,$34,$-3,$31,$-35,$-12,$0,$-20,$-82,$-33,$-34,$0,$0,$0,$18,$18,$1,$-16,$249,$0,$249,$8,$8,$-0,$-8,$250,$203,$4,$-0
27,2011-12-31,32.34,$19.34,1.67,$46.29,0.7,$0.40,80.12,$1.90,17.02,$1.21B,$0.39B,3.13,$0.82B,$1.13B,0.73,$2.72B,$0.65B,23.80%,$2.72B,$0.24B,8.81%,$2.72B,$0.24B,8.81%,$2.72B,$0.35B,13.00%,$2.72B,$0.19B,7.12%,$2.72B,$0.11B,4.15%,$0.11B,$1.13B,9.75%,$0.11B,$0.59B,18.50%,$0.11B,$3.00B,3.72%,$0.24B,$1.95B,12.05%,$555,$442,$113,$0,$99,$531,$24,$-10,$14,$4,$10,$10,$9,$49,$24,$58,59,$0.15,$0.14,$481,$376,$38,$1209,$888,$141,$542,$92,$1785,$2995,$386,$823,$116,$1478,$1865,$1,$77,$-415,$1130,$2995,$112,$114,$-17,$97,$-2,$9,$0,$-27,$-10,$200,$-145,$0,$-4,$0,$102,$102,$37,$-10,$-32,$0,$-32,$8,$8,$-0,$-4,$-29,$165,$11,$-0
28,2011-09-30,25.39,$20.76,1.22,$45.51,0.56,$1.62,15.66,$1.40,18.13,$1.18B,$0.39B,3.0,$0.83B,$1.21B,0.69,$2.67B,$0.63B,23.69%,$2.67B,$0.19B,7.19%,$2.67B,$0.19B,7.19%,$2.67B,$0.32B,11.98%,$2.67B,$0.15B,5.54%,$2.67B,$0.08B,3.11%,$0.08B,$1.21B,7.22%,$0.08B,$0.66B,13.90%,$0.08B,$3.12B,2.75%,$0.19B,$2.04B,9.66%,$734,$545,$189,$0,$113,$643,$91,$-10,$81,$30,$52,$52,$53,$118,$91,$58,59,$0.89,$0.89,$377,$427,$42,$1184,$861,$195,$549,$115,$1935,$3118,$394,$831,$114,$1512,$1906,$1,$69,$-321,$1212,$3118,$104,$89,$3,$92,$-64,$-26,$0,$-14,$-66,$130,$-88,$0,$0,$0,$38,$38,$8,$-42,$-32,$0,$-32,$7,$7,$0,$-8,$-32,$61,$9,$0
29,2011-06-30,33.58,$20.08,1.67,$45.74,0.73,$2.63,12.76,$0.93,36.11,$1.15B,$0.40B,2.9,$0.84B,$1.17B,0.72,$2.68B,$0.62B,23.00%,$2.68B,$0.15B,5.45%,$2.68B,$0.15B,5.45%,$2.68B,$0.30B,11.05%,$2.68B,$0.11B,4.18%,$2.68B,$0.06B,2.05%,$0.06B,$1.17B,4.13%,$0.06B,$0.62B,7.14%,$0.06B,$3.07B,1.79%,$0.15B,$2.01B,7.08%,$749,$564,$185,$0,$122,$676,$73,$-12,$61,$23,$38,$38,$38,$103,$73,$58,59,$0.64,$0.64,$305,$438,$50,$1148,$856,$195,$552,$120,$1924,$3071,$396,$838,$110,$1503,$1899,$1,$16,$-306,$1172,$3071,$51,$62,$-4,$58,$-72,$-30,$0,$-12,$-77,$32,$-49,$0,$0,$0,$23,$23,$4,$-23,$-29,$0,$-29,$7,$7,$0,$-8,$-30,$-11,$6,$0
30,2011-03-31,34.11,$19.32,1.77,$45.50,0.75,$3.52,9.68,$0.75,45.48,$1.06B,$0.37B,2.88,$0.84B,$1.12B,0.75,$2.65B,$0.60B,22.65%,$2.65B,$0.13B,4.75%,$2.65B,$0.13B,4.75%,$2.65B,$0.27B,10.32%,$2.65B,$0.10B,3.77%,$2.65B,$0.04B,1.66%,$0.04B,$1.12B,2.92%,$0.04B,$0.57B,4.69%,$0.04B,$2.96B,1.41%,$0.13B,$1.96B,5.90%,$685,$525,$161,$0,$120,$633,$52,$-15,$38,$24,$14,$14,$13,$84,$52,$58,59,$0.23,$0.23,$244,$424,$49,$1062,$851,$194,$554,$123,$1894,$2956,$369,$840,$104,$1464,$1832,$1,$-22,$-310,$1124,$2956,$14,$32,$-1,$31,$-63,$-18,$0,$-6,$-81,$-36,$-19,$0,$0,$0,$11,$11,$0,$-8,$-27,$0,$-27,$1,$1,$0,$-8,$-33,$-71,$3,$0
31,2010-12-31,31.7,$18.78,1.69,$45.31,0.7,$3.76,8.44,$0.18,176.1,$1.02B,$0.38B,2.67,$0.84B,$1.09B,0.77,$2.63B,$0.59B,22.30%,$2.63B,$0.09B,3.31%,$2.63B,$0.09B,3.31%,$2.63B,$0.23B,8.83%,$2.63B,$0.07B,2.74%,$2.63B,$0.01B,0.46%,$0.01B,$1.09B,0.71%,$0.01B,$0.54B,1.08%,$0.01B,$2.92B,0.38%,$0.09B,$1.93B,3.92%,$504,$406,$98,$0,$99,$528,$-24,$-8,$-32,$-15,$-17,$-17,$-21,$15,$-24,$58,58,$-0.36,$-0.35,$316,$399,$35,$1021,$855,$189,$556,$126,$1902,$2922,$383,$840,$105,$1449,$1832,$1,$-35,$-326,$1091,$2922,$11,$143,$-25,$119,$-3,$41,$0,$-13,$62,$192,$-67,$0,$-1,$0,$51,$51,$-26,$-42,$402,$0,$402,$13,$13,$-799,$-26,$-409,$-254,$5,$-799
32,2010-09-30,22.9,$33.51,0.68,$48.10,0.48,$4.38,5.23,$0.47,48.72,$1.45B,$0.41B,3.51,$0.41B,$1.94B,0.21,$2.78B,$0.63B,22.54%,$2.78B,$0.11B,3.93%,$2.78B,$0.11B,3.93%,$2.78B,$0.25B,8.97%,$2.78B,$0.10B,3.56%,$2.78B,$0.03B,1.04%,$0.03B,$1.94B,1.53%,$0.03B,$1.36B,2.21%,$0.03B,$3.34B,0.88%,$0.11B,$2.35B,4.70%,$740,$568,$172,$0,$125,$695,$45,$0,$45,$21,$25,$25,$25,$94,$45,$58,58,$0.42,$0.42,$682,$418,$34,$1454,$871,$196,$583,$83,$1889,$3344,$414,$408,$65,$991,$1405,$1,$176,$-294,$1939,$3344,$32,$105,$16,$121,$-53,$25,$0,$-13,$-11,$141,$-41,$0,$0,$0,$38,$38,$0,$-4,$-27,$0,$-27,$7,$7,$0,$-8,$-28,$113,$3,$0
33,2010-06-30,16.65,$32.63,0.51,$48.60,0.34,$4.68,3.56,$1.17,14.23,$1.37B,$0.40B,3.41,$0.42B,$1.88B,0.22,$2.79B,$0.64B,23.01%,$2.79B,$0.11B,3.87%,$2.79B,$0.11B,3.87%,$2.79B,$0.24B,8.53%,$2.79B,$0.09B,3.37%,$2.79B,$0.07B,2.44%,$0.07B,$1.88B,3.61%,$0.07B,$1.30B,5.27%,$0.07B,$3.26B,2.08%,$0.11B,$2.30B,4.67%,$725,$554,$170,$0,$132,$672,$53,$-4,$49,$23,$27,$27,$27,$81,$53,$58,58,$0.47,$0.46,$600,$409,$46,$1373,$875,$196,$587,$82,$1883,$3256,$403,$416,$62,$971,$1374,$1,$152,$-323,$1882,$3256,$7,$56,$9,$65,$-63,$20,$0,$-19,$-16,$56,$-21,$0,$0,$0,$24,$24,$0,$3,$-14,$0,$-14,$4,$4,$0,$-8,$-18,$30,$2,$0
34,2010-03-31,20.03,$32.47,0.62,$48.62,0.41,$4.32,4.63,$1.21,16.55,$1.32B,$0.37B,3.6,$0.42B,$1.87B,0.23,$2.77B,$0.64B,22.95%,$2.77B,$0.10B,3.68%,$2.77B,$0.10B,3.68%,$2.77B,$0.24B,8.73%,$2.77B,$0.09B,3.18%,$2.77B,$0.07B,2.49%,$0.07B,$1.87B,3.71%,$0.07B,$1.28B,5.49%,$0.07B,$3.23B,2.09%,$0.10B,$2.29B,4.44%,$659,$513,$146,$0,$144,$646,$13,$-3,$10,$30,$-19,$-19,$-19,$42,$13,$58,58,$-0.34,$-0.34,$526,$422,$63,$1320,$895,$195,$590,$82,$1906,$3226,$367,$424,$66,$990,$1357,$1,$125,$-306,$1868,$3226,$-19,$28,$5,$33,$-53,$17,$0,$-14,$-42,$-28,$-13,$0,$0,$0,$11,$11,$0,$-2,$-6,$0,$-6,$0,$0,$0,$-8,$-13,$-44,$0,$0
35,2009-12-31,21.48,$33.22,0.65,$49.01,0.44,$3.96,5.42,$1.35,15.91,$1.33B,$0.36B,3.73,$0.43B,$1.91B,0.23,$2.78B,$0.62B,22.34%,$2.78B,$0.09B,3.24%,$2.78B,$0.09B,3.24%,$2.78B,$0.24B,8.56%,$2.78B,$0.08B,2.73%,$2.78B,$0.08B,2.77%,$0.08B,$1.91B,4.22%,$0.08B,$1.32B,6.36%,$0.08B,$3.30B,2.33%,$0.09B,$2.34B,3.97%,$653,$515,$138,$0,$131,$655,$-2,$-4,$-5,$-1,$-4,$-4,$-4,$32,$-2,$57,57,$-0.07,$-0.06,$570,$445,$55,$1332,$929,$195,$593,$82,$1971,$3303,$357,$433,$76,$1037,$1395,$1,$144,$-298,$1908,$3303,$78,$147,$97,$243,$24,$106,$0,$-7,$-61,$260,$-103,$0,$8,$0,$54,$54,$0,$-41,$-24,$0,$-24,$2,$2,$-1,$-3,$-27,$215,$38,$-1
36,2009-09-30,19.01,$32.87,0.58,$50.11,0.38,$3.32,5.73,$0.97,19.6,$1.38B,$0.39B,3.53,$0.44B,$1.89B,0.23,$2.84B,$0.62B,21.90%,$2.84B,$0.09B,3.03%,$2.84B,$0.09B,3.03%,$2.84B,$0.24B,8.32%,$2.84B,$0.07B,2.43%,$2.84B,$0.06B,1.94%,$0.06B,$1.89B,3.08%,$0.06B,$1.27B,4.73%,$0.06B,$3.30B,1.66%,$0.09B,$2.33B,3.85%,$753,$565,$188,$0,$157,$709,$44,$-4,$40,$-25,$64,$64,$64,$83,$44,$57,57,$1.13,$1.12,$522,$467,$52,$1378,$925,$196,$616,$84,$1922,$3301,$391,$441,$58,$1025,$1415,$1,$148,$-323,$1885,$3301,$82,$113,$115,$228,$-39,$84,$0,$-8,$-131,$178,$-63,$0,$8,$0,$42,$42,$1,$-12,$-15,$1,$-14,$0,$0,$-1,$0,$-16,$167,$38,$-1
37,2009-06-30,9.1,$31.07,0.29,$53.35,0.17,$2.59,3.51,$0.54,16.85,$1.30B,$0.37B,3.5,$0.45B,$1.78B,0.25,$3.01B,$0.65B,21.41%,$3.01B,$0.12B,4.12%,$3.01B,$0.12B,4.12%,$3.01B,$0.27B,9.10%,$3.01B,$0.11B,3.49%,$3.01B,$0.03B,1.00%,$0.03B,$1.78B,1.59%,$0.03B,$1.16B,2.41%,$0.03B,$3.35B,0.83%,$0.12B,$2.23B,5.31%,$706,$542,$164,$0,$127,$659,$47,$-4,$43,$15,$28,$28,$28,$85,$47,$57,57,$0.50,$0.50,$403,$487,$60,$1297,$926,$199,$619,$83,$2050,$3347,$370,$449,$224,$1193,$1563,$1,$84,$-339,$1783,$3347,$17,$74,$-24,$50,$-54,$59,$0,$-8,$-17,$50,$-37,$0,$8,$0,$26,$26,$1,$-1,$-10,$1,$-9,$0,$0,$0,$0,$-9,$48,$5,$0
38,2009-03-31,6.07,$29.93,0.2,$57.30,0.11,$2.03,3.0,$0.95,6.39,$1.21B,$0.37B,3.27,$0.45B,$1.72B,0.26,$3.23B,$0.71B,21.84%,$3.23B,$0.17B,5.38%,$3.23B,$0.17B,5.38%,$3.23B,$0.32B,10.02%,$3.23B,$0.15B,4.73%,$3.23B,$0.05B,1.67%,$0.05B,$1.72B,2.69%,$0.05B,$1.10B,3.98%,$0.05B,$3.27B,1.39%,$0.17B,$2.17B,7.05%,$668,$537,$131,$0,$137,$667,$1,$-4,$-2,$9,$-11,$-11,$-11,$38,$1,$56,56,$-0.20,$-0.20,$310,$508,$66,$1214,$927,$202,$622,$82,$2055,$3269,$372,$447,$224,$1178,$1550,$1,$56,$-372,$1719,$3269,$-11,$37,$-13,$23,$-55,$26,$0,$-8,$-53,$-41,$-20,$0,$8,$0,$14,$14,$1,$3,$-5,$3,$-2,$0,$0,$0,$0,$-2,$-45,$2,$0
39,2008-12-31,11.93,$30.70,0.39,$59.98,0.2,$1.41,8.44,$1.42,8.4,$1.26B,$0.39B,3.27,$0.46B,$1.75B,0.26,$3.39B,$0.76B,22.43%,$3.39B,$0.21B,6.25%,$3.39B,$0.21B,6.25%,$3.39B,$0.36B,10.64%,$3.39B,$0.19B,5.57%,$3.39B,$0.08B,2.36%,$0.08B,$1.75B,3.75%,$0.08B,$1.13B,5.46%,$0.08B,$3.35B,1.92%,$0.21B,$2.21B,8.15%,$708,$570,$138,$0,$127,$715,$-7,$-5,$-12,$15,$-26,$-26,$-26,$30,$-7,$56,56,$-0.45,$-0.45,$355,$544,$78,$1262,$954,$208,$626,$82,$2090,$3352,$385,$455,$227,$1215,$1601,$1,$67,$-349,$1751,$3352,$81,$150,$63,$212,$43,$-16,$0,$-27,$-79,$214,$-94,$0,$-1,$0,$20,$20,$0,$-76,$-18,$0,$-18,$0,$0,$-256,$-3,$-277,$-159,$8,$-256
40,2008-09-30,15.94,$39.89,0.4,$62.61,0.25,$7.81,2.04,$2.21,7.21,$1.36B,$0.47B,2.87,$0.46B,$2.28B,0.2,$3.54B,$0.82B,23.21%,$3.54B,$0.27B,7.61%,$3.54B,$0.27B,7.61%,$3.54B,$0.42B,11.85%,$3.54B,$0.25B,7.01%,$3.54B,$0.12B,3.51%,$0.12B,$2.28B,5.38%,$0.12B,$1.60B,7.64%,$0.12B,$4.43B,2.77%,$0.27B,$2.74B,9.68%,$930,$718,$212,$0,$146,$847,$82,$-6,$76,$37,$39,$39,$39,$121,$82,$56,57,$0.68,$0.68,$315,$555,$66,$1359,$958,$239,$675,$85,$3074,$4433,$474,$463,$229,$1683,$2157,$1,$92,$161,$2276,$4433,$107,$113,$18,$131,$-60,$-18,$0,$-15,$-109,$128,$-55,$0,$-1,$0,$0,$0,$0,$-56,$-8,$1,$-7,$0,$0,$-256,$-3,$-266,$-199,$5,$-256
41,2008-06-30,16.12,$39.95,0.4,$62.24,0.26,$10.74,1.5,$2.37,6.8,$1.33B,$0.46B,2.88,$0.48B,$2.28B,0.21,$3.52B,$0.84B,23.81%,$3.52B,$0.27B,7.76%,$3.52B,$0.27B,7.76%,$3.52B,$0.42B,11.88%,$3.52B,$0.25B,7.05%,$3.52B,$0.13B,3.78%,$0.13B,$2.28B,5.75%,$0.13B,$1.60B,8.18%,$0.13B,$4.46B,3.03%,$0.27B,$2.76B,9.76%,$927,$702,$225,$0,$147,$830,$97,$-6,$91,$39,$52,$52,$52,$135,$97,$56,56,$0.92,$0.92,$240,$581,$80,$1334,$994,$237,$680,$88,$3126,$4460,$464,$477,$228,$1715,$2179,$1,$53,$207,$2282,$4460,$68,$75,$-3,$72,$-55,$-26,$0,$-12,$-125,$14,$-32,$0,$-1,$0,$0,$0,$0,$-33,$-4,$4,$0,$0,$0,$-256,$-3,$-259,$-274,$4,$-256
42,2008-03-31,19.67,$38.79,0.51,$62.10,0.32,$13.30,1.48,$2.37,8.3,$1.24B,$0.45B,2.78,$0.48B,$2.22B,0.22,$3.51B,$0.85B,24.08%,$3.51B,$0.27B,7.68%,$3.51B,$0.27B,7.68%,$3.51B,$0.41B,11.70%,$3.51B,$0.24B,6.89%,$3.51B,$0.13B,3.78%,$0.13B,$2.22B,5.76%,$0.13B,$1.53B,8.19%,$0.13B,$4.39B,3.09%,$0.27B,$2.70B,9.57%,$828,$642,$186,$0,$160,$790,$39,$-4,$34,$19,$15,$15,$15,$75,$39,$56,57,$0.27,$0.27,$160,$591,$73,$1240,$1009,$233,$683,$87,$3148,$4387,$446,$482,$231,$1725,$2171,$1,$1,$198,$2217,$4387,$15,$37,$-9,$27,$-38,$-36,$0,$-5,$-125,$-82,$-14,$0,$-0,$0,$0,$0,$0,$-14,$-2,$0,$-2,$0,$0,$-256,$-3,$-261,$-354,$1,$-256
43,2007-12-31,19.19,$42.89,0.45,$62.90,0.31,$14.76,1.3,$2.56,7.49,$1.49B,$0.49B,3.06,$0.49B,$2.44B,0.2,$3.55B,$0.86B,24.29%,$3.55B,$0.30B,8.37%,$3.55B,$0.30B,8.37%,$3.55B,$0.44B,12.26%,$3.55B,$0.26B,7.33%,$3.55B,$0.14B,4.06%,$0.14B,$2.44B,6.25%,$0.14B,$1.75B,8.88%,$0.14B,$4.64B,3.38%,$0.30B,$2.92B,10.35%,$852,$654,$198,$0,$158,$801,$51,$-4,$47,$26,$21,$21,$18,$88,$51,$56,56,$0.31,$0.34,$514,$544,$63,$1491,$1013,$233,$687,$85,$3149,$4639,$487,$486,$227,$1715,$2202,$1,$148,$177,$2437,$4639,$145,$138,$104,$242,$29,$-13,$0,$-39,$188,$575,$-97,$0,$59,$0,$-5,$-5,$7,$-37,$-304,$0,$-304,$0,$0,$0,$-1,$-305,$251,$13,$0
44,2007-09-30,19.42,$40.86,0.48,$47.71,0.41,$6.24,3.11,$2.22,8.75,$1.30B,$0.48B,2.68,$0.49B,$2.32B,0.21,$3.51B,$0.82B,23.31%,$3.51B,$0.26B,7.46%,$3.51B,$0.26B,7.46%,$3.51B,$0.40B,11.27%,$3.51B,$0.22B,6.26%,$3.51B,$0.13B,3.64%,$0.13B,$2.32B,5.73%,$0.13B,$1.62B,8.21%,$0.13B,$4.09B,3.09%,$0.26B,$2.81B,9.09%,$913,$684,$229,$0,$156,$827,$86,$-10,$76,$28,$48,$48,$48,$120,$86,$56,57,$0.86,$0.85,$262,$530,$74,$1298,$1020,$235,$707,$86,$2788,$4086,$484,$490,$79,$1281,$1764,$1,$128,$84,$2322,$4086,$126,$101,$143,$244,$-27,$-3,$0,$-85,$-72,$298,$-58,$0,$48,$0,$0,$0,$0,$-10,$-305,$1,$-303,$0,$0,$-1,$0,$-305,$-2,$9,$-1
