,Date,Stock Price,Book Value per Share,Price to Book Ratio,TTM Sales per Share,Price to Sales Ratio,TTM FCF per Share,Price to FCF Ratio,TTM Net EPS,PE Ratio,Current Assets,Current Liabilities,Current Ratio,Long Term Debt,Shareholder's Equity_x,Debt to Equity Ratio,TTM Revenue_x,TTM Gross Profit,Gross Margin,TTM Revenue_y,TTM Operating Income,Operating Margin,TTM Revenue_x,TTM EBIT,EBIT Margin,TTM Revenue_y,TTM EBITDA,EBITDA Margin,TTM Revenue_x,TTM Pre-Tax Income,Pre-Tax Margin,TTM Revenue_y,TTM Net Income_x,Net Margin,TTM Net Income_y,Shareholder's Equity_y,Return on Equity,TTM Net Income_x,Tangible Equity,Return on Tangible Equity,TTM Net Income_y,Total Assets,Return on Assets,TTM Net Income,LT Investments & Debt,Return on Investment,revenue,cost-goods-sold,gross-profit,research-development-expenses,selling-general-administrative-expenses,operating-expenses,operating-income,total-non-operating-income-expense,pre-tax-income,total-provision-income-taxes,income-after-taxes,income-from-continuous-operations,net-income,ebitda,ebit,basic-shares-outstanding,shares-outstanding,eps-basic-net-earnings-per-share,eps-earnings-per-share-diluted,cash-on-hand,inventory,other-current-assets,total-current-assets,net-property-plant-equipment,long-term-investments,goodwill-intangible-assets-total,other-long-term-assets,total-long-term-assets,total-assets,total-current-liabilities,long-term-debt,other-non-current-liabilities,total-long-term-liabilities,total-liabilities,common-stock-net,retained-earnings-accumulated-deficit,comprehensive-income,total-share-holder-equity,total-liabilities-share-holders-equity,net-income-loss,total-depreciation-amortization-cash-flow,other-non-cash-items,total-non-cash-items,change-in-accounts-receivable,change-in-inventories,change-in-accounts-payable,change-in-assets-liabilities,total-change-in-assets-liabilities,cash-flow-from-operating-activities,net-change-in-property-plant-equipment,net-change-in-intangible-assets,net-acquisitions-divestitures,net-change-in-short-term-investments,net-change-in-long-term-investments,net-change-in-investments-total,investing-activities-other,cash-flow-from-investing-activities,net-long-term-debt,net-current-debt,debt-issuance-retirement-net-total,net-common-equity-issued-repurchased,net-total-equity-issued-repurchased,total-common-preferred-stock-dividends-paid,financial-activities-other,cash-flow-from-financial-activities,net-cash-flow,stock-based-compensation,common-stock-dividends-paid
0,2018-09-30,87.97,$32.45,2.71,$19.00,4.63,$-2.38,0.0,$2.53,34.77,$0.80B,$1.75B,0.46,$7.58B,$5.86B,1.29,$3.41B,$3.41B,100.00%,$3.41B,$1.13B,33.01%,$3.41B,$1.13B,33.01%,$3.41B,$1.64B,48.20%,$3.41B,$0.82B,23.98%,$3.41B,$0.45B,13.31%,$0.45B,$5.86B,8.10%,$0.45B,$4.20B,11.15%,$0.45B,$20.88B,2.25%,$1.13B,$13.44B,9.14%,$976,$0,$976,$0,$461,$641,$335,$-80,$255,$70,$185,$185,$187,$476,$335,$181,181,$1.04,$1.04,$115,$42,$296,$800,$17063,$0,$1662,$76,$20080,$20880,$1748,$7577,$3611,$13272,$15020,$2,$-432,$-60,$5860,$20880,$453,$404,$228,$632,$-70,$0,$0,$0,$-93,$992,$-1103,$0,$-381,$0,$0,$0,$-61,$-1545,$1015,$-341,$674,$153,$153,$-237,$-4,$586,$33,$0,$-237
1,2018-06-30,84.94,$31.78,2.67,$18.83,4.51,$-1.40,0.0,$2.62,32.42,$0.83B,$2.95B,0.28,$6.35B,$5.74B,1.11,$3.37B,$3.37B,100.00%,$3.37B,$1.22B,36.28%,$3.37B,$1.22B,36.28%,$3.37B,$1.73B,51.26%,$3.37B,$0.90B,26.79%,$3.37B,$0.47B,13.94%,$0.47B,$5.74B,8.51%,$0.47B,$4.01B,11.58%,$0.47B,$20.47B,2.38%,$1.22B,$12.09B,10.19%,$853,$0,$853,$0,$417,$551,$302,$-80,$222,$60,$162,$162,$162,$436,$302,$179,179,$0.90,$0.90,$95,$42,$372,$833,$16777,$0,$1722,$70,$19638,$20471,$2951,$6352,$3358,$11784,$14735,$2,$-537,$-69,$5736,$20471,$268,$263,$106,$369,$-41,$0,$0,$-17,$-112,$525,$-732,$0,$-377,$0,$0,$0,$-40,$-1149,$-104,$746,$642,$150,$150,$-155,$1,$638,$14,$0,$-155
2,2018-03-31,81.27,$30.62,2.65,$18.78,4.33,$-0.66,0.0,$2.44,33.31,$0.73B,$2.54B,0.29,$6.40B,$5.45B,1.18,$3.36B,$3.36B,100.00%,$3.36B,$1.23B,36.62%,$3.36B,$1.23B,36.62%,$3.36B,$1.73B,51.40%,$3.36B,$0.91B,26.98%,$3.36B,$0.44B,13.06%,$0.44B,$5.45B,8.08%,$0.44B,$4.07B,10.82%,$0.44B,$19.73B,2.26%,$1.23B,$11.85B,10.48%,$761,$0,$761,$0,$417,$544,$217,$-77,$140,$34,$106,$106,$106,$346,$217,$178,179,$0.60,$0.59,$81,$42,$333,$729,$16477,$0,$1379,$81,$18999,$19728,$2539,$6403,$3299,$11738,$14277,$2,$-617,$-75,$5451,$19728,$106,$129,$32,$161,$20,$0,$0,$5,$-48,$219,$-358,$0,$-8,$0,$0,$0,$-20,$-386,$4,$278,$282,$-41,$-41,$-74,$-1,$166,$-1,$0,$-74
3,2017-12-31,90.06,$30.18,2.98,$18.75,4.8,$0.16,575.8,$2.37,38.0,$0.72B,$2.33B,0.31,$6.50B,$5.39B,1.21,$3.36B,$3.36B,100.00%,$3.36B,$1.24B,37.06%,$3.36B,$1.24B,37.06%,$3.36B,$1.74B,51.71%,$3.36B,$0.91B,27.17%,$3.36B,$0.43B,12.69%,$0.43B,$5.39B,7.90%,$0.43B,$4.00B,10.59%,$0.43B,$19.48B,2.23%,$1.24B,$11.88B,10.78%,$821,$0,$821,$0,$442,$549,$272,$-71,$201,$202,$-1,$-1,$-1,$386,$272,$178,179,$-0.01,$0.00,$82,$41,$325,$720,$16246,$0,$1388,$67,$18762,$19482,$2325,$6498,$3277,$11772,$14097,$2,$-723,$-79,$5385,$19482,$426,$492,$478,$970,$21,$0,$0,$-6,$53,$1449,$-1419,$0,$-177,$0,$0,$0,$-76,$-1672,$465,$55,$520,$-28,$-28,$-289,$4,$207,$-16,$0,$-289
4,2017-09-30,79.27,$30.94,2.56,$18.65,4.25,$-0.08,0.0,$2.95,26.87,$0.86B,$1.75B,0.49,$6.68B,$5.52B,1.21,$3.34B,$3.34B,100.00%,$3.34B,$1.22B,36.55%,$3.34B,$1.22B,36.55%,$3.34B,$1.72B,51.47%,$3.34B,$0.88B,26.27%,$3.34B,$0.53B,15.82%,$0.53B,$5.52B,9.87%,$0.53B,$4.15B,13.22%,$0.53B,$19.36B,2.80%,$1.22B,$12.20B,10.78%,$936,$0,$936,$0,$383,$504,$432,$-92,$340,$137,$203,$203,$203,$560,$432,$178,179,$1.14,$1.13,$121,$42,$385,$860,$15681,$0,$1373,$73,$18501,$19361,$1747,$6681,$2025,$12096,$13843,$2,$-573,$-87,$5518,$19361,$427,$378,$237,$615,$-34,$0,$0,$34,$-22,$1020,$-955,$0,$-10,$0,$0,$0,$-51,$-1016,$1014,$-746,$268,$-33,$-33,$-215,$-1,$19,$23,$0,$-215
5,2017-06-30,75.99,$30.20,2.52,$18.64,4.08,$-0.32,0.0,$2.65,28.67,$0.81B,$2.66B,0.3,$5.66B,$5.38B,1.05,$3.33B,$3.33B,100.00%,$3.33B,$1.11B,33.22%,$3.33B,$1.11B,33.22%,$3.33B,$1.60B,47.90%,$3.33B,$0.78B,23.41%,$3.33B,$0.47B,14.20%,$0.47B,$5.38B,8.96%,$0.47B,$4.01B,12.01%,$0.47B,$18.97B,2.56%,$1.11B,$11.04B,10.03%,$844,$0,$844,$0,$410,$534,$310,$-84,$226,$95,$131,$131,$131,$436,$310,$178,179,$0.74,$0.73,$92,$41,$387,$808,$15391,$0,$1373,$70,$18158,$18966,$2661,$5659,$2009,$10921,$13582,$2,$-702,$-85,$5384,$18966,$224,$250,$125,$375,$-3,$0,$0,$-26,$-75,$524,$-598,$0,$-9,$0,$0,$0,$-28,$-635,$14,$268,$282,$-38,$-38,$-141,$2,$105,$-6,$0,$-141
6,2017-03-31,75.41,$29.75,2.53,$18.57,4.06,$-0.24,0.0,$2.69,28.03,$0.77B,$2.42B,0.32,$5.75B,$5.29B,1.09,$3.32B,$3.32B,100.00%,$3.32B,$1.10B,33.06%,$3.32B,$1.10B,33.06%,$3.32B,$1.57B,47.48%,$3.32B,$0.78B,23.50%,$3.32B,$0.48B,14.45%,$0.48B,$5.29B,9.17%,$0.48B,$3.94B,12.30%,$0.48B,$18.61B,2.63%,$1.10B,$11.04B,9.94%,$756,$0,$756,$0,$402,$526,$230,$-85,$145,$52,$93,$93,$93,$354,$230,$178,179,$0.52,$0.52,$101,$41,$375,$767,$15128,$0,$1345,$72,$17843,$18610,$2418,$5753,$1994,$10905,$13323,$2,$-759,$-82,$5287,$18610,$93,$124,$65,$189,$51,$0,$0,$16,$-5,$277,$-270,$0,$-2,$0,$0,$0,$-13,$-285,$-4,$131,$127,$-44,$-44,$-67,$-2,$14,$6,$0,$-67
7,2016-12-31,69.8,$29.30,2.38,$18.50,3.77,$-0.41,0.0,$2.63,26.54,$0.78B,$2.39B,0.33,$5.76B,$5.22B,1.1,$3.30B,$3.30B,100.00%,$3.30B,$1.08B,32.71%,$3.30B,$1.08B,32.71%,$3.30B,$1.55B,46.94%,$3.30B,$0.77B,23.32%,$3.30B,$0.47B,14.17%,$0.47B,$5.22B,9.05%,$0.47B,$3.87B,12.15%,$0.47B,$18.48B,2.62%,$1.08B,$10.98B,9.81%,$802,$0,$802,$0,$436,$554,$248,$-82,$166,$65,$101,$101,$101,$368,$248,$178,179,$0.57,$0.56,$95,$39,$381,$784,$14992,$0,$1345,$72,$17698,$18482,$2392,$5759,$1988,$10872,$13264,$2,$-873,$-86,$5218,$18482,$468,$470,$330,$800,$-31,$0,$0,$-8,$21,$1289,$-1302,$0,$-204,$0,$0,$0,$-84,$-1590,$409,$221,$630,$-39,$-39,$-261,$-2,$328,$27,$0,$-261
8,2016-09-30,71.81,$29.43,2.44,$18.37,3.91,$-0.11,0.0,$2.61,27.52,$0.80B,$1.93B,0.42,$5.85B,$5.24B,1.12,$3.28B,$3.28B,100.00%,$3.28B,$1.06B,32.41%,$3.28B,$1.06B,32.41%,$3.28B,$1.53B,46.51%,$3.28B,$0.76B,23.21%,$3.28B,$0.47B,14.19%,$0.47B,$5.24B,9.08%,$0.47B,$3.93B,12.20%,$0.47B,$17.97B,2.65%,$1.06B,$11.09B,9.68%,$930,$0,$930,$0,$497,$611,$319,$-76,$243,$95,$148,$148,$148,$438,$319,$178,178,$0.83,$0.83,$69,$40,$390,$801,$14559,$0,$1313,$75,$17170,$17971,$1928,$5853,$1991,$10805,$12733,$2,$-839,$-99,$5238,$17971,$367,$350,$248,$598,$-83,$0,$0,$-121,$-20,$945,$-923,$0,$-29,$0,$0,$0,$-62,$-1014,$-18,$322,$304,$-43,$-43,$-194,$3,$70,$1,$0,$-194
9,2016-06-30,80.72,$28.97,2.79,$18.12,4.45,$0.15,534.19,$2.74,29.46,$0.69B,$1.74B,0.4,$5.86B,$5.15B,1.14,$3.25B,$3.25B,100.00%,$3.25B,$1.11B,34.04%,$3.25B,$1.11B,34.04%,$3.25B,$1.56B,48.05%,$3.25B,$0.81B,24.81%,$3.25B,$0.49B,15.14%,$0.49B,$5.15B,9.62%,$0.49B,$3.84B,12.94%,$0.49B,$17.71B,2.83%,$1.11B,$11.01B,10.05%,$827,$0,$827,$0,$415,$528,$299,$-74,$225,$88,$137,$137,$137,$414,$299,$178,178,$0.77,$0.77,$75,$42,$334,$691,$14317,$0,$1313,$79,$17015,$17706,$1740,$5861,$1991,$10813,$12553,$2,$-921,$-96,$5153,$17706,$219,$231,$157,$388,$-13,$0,$0,$-80,$-71,$536,$-595,$0,$-24,$0,$0,$0,$-46,$-665,$-11,$321,$310,$-47,$-47,$-127,$0,$136,$7,$0,$-127
10,2016-03-31,65.5,$28.59,2.29,$17.82,3.68,$0.17,381.92,$2.65,24.72,$0.64B,$1.61B,0.4,$5.86B,$5.08B,1.15,$3.20B,$3.20B,100.00%,$3.20B,$1.09B,33.86%,$3.20B,$1.09B,33.86%,$3.20B,$1.53B,47.88%,$3.20B,$0.79B,24.50%,$3.20B,$0.48B,14.92%,$0.48B,$5.08B,9.40%,$0.48B,$3.77B,12.57%,$0.48B,$17.42B,2.79%,$1.09B,$10.94B,9.98%,$743,$0,$743,$0,$414,$529,$214,$-78,$136,$54,$82,$82,$82,$330,$214,$178,179,$0.46,$0.46,$88,$41,$289,$638,$14098,$0,$1313,$79,$16779,$17417,$1614,$5861,$1969,$10721,$12335,$2,$-991,$-87,$5082,$17417,$82,$116,$61,$177,$49,$0,$0,$-63,$1,$260,$-283,$0,$-22,$0,$0,$0,$-18,$-323,$-11,$211,$200,$-52,$-52,$-61,$-3,$84,$21,$0,$-61
11,2015-12-31,56.48,$28.32,1.99,$17.55,3.22,$0.15,376.51,$2.63,21.47,$0.66B,$1.53B,0.43,$5.87B,$5.05B,1.16,$3.16B,$3.16B,100.00%,$3.16B,$1.08B,34.03%,$3.16B,$1.08B,34.03%,$3.16B,$1.52B,47.96%,$3.16B,$0.78B,24.75%,$3.16B,$0.48B,15.07%,$0.48B,$5.05B,9.40%,$0.48B,$3.75B,12.50%,$0.48B,$17.24B,2.83%,$1.08B,$10.92B,10.00%,$783,$0,$783,$0,$439,$551,$232,$-74,$158,$59,$99,$99,$99,$345,$232,$179,180,$0.55,$0.56,$66,$38,$298,$657,$13933,$0,$1302,$78,$16584,$17241,$1533,$5874,$1940,$10659,$12192,$2,$-1073,$-88,$5049,$17241,$476,$440,$349,$789,$-84,$0,$0,$-66,$-70,$1195,$-1155,$0,$-197,$0,$0,$0,$-107,$-1459,$433,$180,$613,$-87,$-87,$-239,$3,$290,$26,$0,$-239
12,2015-09-30,51.76,$28.77,1.8,$17.26,3.0,$0.79,65.61,$2.60,19.91,$0.88B,$1.17B,0.75,$5.96B,$5.17B,1.15,$3.11B,$3.11B,100.00%,$3.11B,$1.07B,34.31%,$3.11B,$1.07B,34.31%,$3.11B,$1.50B,48.21%,$3.11B,$0.77B,24.88%,$3.11B,$0.47B,15.13%,$0.47B,$5.17B,9.34%,$0.47B,$3.85B,12.38%,$0.47B,$17.11B,2.84%,$1.07B,$11.12B,10.05%,$896,$0,$896,$0,$424,$535,$361,$-74,$287,$113,$174,$174,$174,$472,$361,$179,180,$0.97,$0.96,$99,$38,$321,$879,$13606,$0,$1313,$77,$16226,$17105,$1165,$5955,$1912,$10774,$11940,$2,$-1050,$-79,$5165,$17105,$377,$327,$262,$589,$-147,$0,$0,$-32,$-110,$856,$-786,$0,$-176,$0,$0,$0,$-83,$-1045,$476,$-70,$406,$-7,$-7,$-178,$20,$241,$52,$0,$-178
13,2015-06-30,45.4,$28.06,1.62,$16.99,2.67,$1.37,33.03,$2.49,18.23,$0.89B,$1.51B,0.59,$5.45B,$5.05B,1.08,$3.06B,$3.06B,100.00%,$3.06B,$1.04B,34.09%,$3.06B,$1.04B,34.09%,$3.06B,$1.47B,48.09%,$3.06B,$0.75B,24.53%,$3.06B,$0.45B,14.65%,$0.45B,$5.05B,9.01%,$0.45B,$3.84B,11.91%,$0.45B,$16.73B,2.77%,$1.04B,$10.50B,9.98%,$782,$0,$782,$0,$396,$504,$278,$-74,$204,$81,$123,$123,$123,$387,$278,$180,180,$0.69,$0.68,$166,$38,$307,$890,$13358,$0,$1210,$79,$15842,$16732,$1512,$5448,$1902,$10167,$11679,$2,$-1162,$-80,$5053,$16732,$203,$216,$153,$369,$-72,$0,$-50,$-32,$-154,$418,$-474,$0,$-41,$0,$0,$0,$-52,$-567,$2,$371,$373,$0,$0,$-117,$15,$271,$122,$0,$-117
14,2015-03-31,50.29,$27.75,1.81,$16.84,2.99,$1.96,25.64,$2.42,20.78,$0.73B,$1.23B,0.59,$5.44B,$4.99B,1.09,$3.03B,$3.03B,100.00%,$3.03B,$1.02B,33.63%,$3.03B,$1.02B,33.63%,$3.03B,$1.44B,47.66%,$3.03B,$0.73B,24.06%,$3.03B,$0.43B,14.32%,$0.43B,$4.99B,8.81%,$0.43B,$3.79B,11.68%,$0.43B,$16.26B,2.74%,$1.02B,$10.44B,9.85%,$698,$0,$698,$0,$388,$494,$204,$-71,$133,$53,$80,$80,$80,$311,$204,$179,180,$0.45,$0.44,$45,$39,$286,$729,$13099,$0,$1208,$76,$15535,$16264,$1228,$5443,$1866,$10043,$11271,$2,$-1224,$-82,$4993,$16264,$80,$107,$43,$150,$-9,$0,$0,$-25,$-32,$198,$-225,$0,$0,$0,$0,$0,$-21,$-246,$-4,$95,$91,$6,$6,$-56,$8,$49,$1,$0,$-56
15,2014-12-31,49.17,$27.43,1.79,$16.75,2.94,$2.40,20.45,$2.36,20.84,$0.58B,$1.24B,0.46,$5.44B,$4.92B,1.11,$3.01B,$3.01B,100.00%,$3.01B,$1.00B,33.28%,$3.01B,$1.00B,33.28%,$3.01B,$1.43B,47.36%,$3.01B,$0.71B,23.58%,$3.01B,$0.42B,14.02%,$0.42B,$4.92B,8.65%,$0.42B,$3.71B,11.50%,$0.42B,$16.04B,2.70%,$1.00B,$10.36B,9.78%,$731,$0,$731,$0,$403,$508,$223,$-74,$149,$55,$94,$94,$93,$328,$223,$179,180,$0.52,$0.51,$23,$37,$283,$575,$13029,$0,$1208,$73,$15463,$16038,$1241,$5442,$1872,$9882,$11123,$2,$-1296,$-82,$4915,$16038,$423,$424,$299,$723,$-62,$0,$27,$-14,$-49,$1097,$-942,$0,$-9,$0,$0,$0,$-63,$-1014,$261,$-180,$81,$21,$21,$-216,$27,$-87,$-4,$0,$-216
16,2014-09-30,44.23,$27.44,1.61,$16.58,2.67,$1.08,40.96,$2.17,20.38,$0.76B,$1.06B,0.72,$5.56B,$4.92B,1.13,$2.98B,$2.98B,100.00%,$2.98B,$1.00B,33.53%,$2.98B,$1.00B,33.53%,$2.98B,$1.42B,47.78%,$2.98B,$0.66B,22.31%,$2.98B,$0.39B,13.04%,$0.39B,$4.92B,8.03%,$0.39B,$3.71B,10.71%,$0.39B,$15.72B,2.52%,$1.00B,$10.48B,9.84%,$846,$0,$846,$0,$402,$509,$337,$-73,$264,$107,$157,$157,$152,$444,$337,$179,180,$0.85,$0.85,$94,$37,$256,$757,$12799,$0,$1208,$76,$14959,$15716,$1059,$5557,$1858,$9737,$10796,$2,$-1333,$-36,$4920,$15716,$330,$319,$258,$577,$-77,$0,$0,$-13,$-66,$840,$-665,$0,$-5,$0,$0,$0,$-51,$-721,$363,$-316,$46,$15,$15,$-161,$27,$-72,$47,$0,$-161
17,2014-06-30,45.05,$27.20,1.66,$16.46,2.74,$0.24,186.39,$2.16,20.86,$0.71B,$1.24B,0.57,$5.23B,$4.87B,1.07,$2.95B,$2.95B,100.00%,$2.95B,$0.98B,33.33%,$2.95B,$0.98B,33.33%,$2.95B,$1.40B,47.53%,$2.95B,$0.65B,21.95%,$2.95B,$0.39B,13.11%,$0.39B,$4.87B,8.13%,$0.39B,$3.67B,10.90%,$0.39B,$15.43B,2.54%,$0.98B,$10.11B,9.86%,$755,$0,$755,$0,$395,$500,$255,$-72,$183,$72,$110,$110,$109,$361,$255,$179,180,$0.61,$0.61,$54,$37,$252,$708,$12583,$0,$1208,$80,$14719,$15426,$1235,$5234,$1845,$9318,$10553,$2,$-1374,$-35,$4873,$15426,$177,$212,$159,$371,$-54,$0,$0,$3,$-98,$451,$-401,$0,$-3,$0,$0,$0,$-34,$-438,$-5,$72,$68,$12,$12,$-105,$18,$-7,$5,$0,$-105
18,2014-03-31,41.09,$26.83,1.53,$16.31,2.52,$-0.81,0.0,$2.12,19.38,$0.69B,$1.20B,0.57,$5.23B,$4.80B,1.09,$2.92B,$2.92B,100.00%,$2.92B,$0.97B,33.24%,$2.92B,$0.97B,33.24%,$2.92B,$1.39B,47.42%,$2.92B,$0.63B,21.67%,$2.92B,$0.38B,12.98%,$0.38B,$4.80B,8.09%,$0.38B,$3.59B,10.90%,$0.38B,$15.28B,2.50%,$0.97B,$10.03B,9.81%,$679,$0,$679,$0,$386,$492,$187,$-73,$114,$45,$69,$69,$68,$293,$187,$179,179,$0.38,$0.38,$59,$35,$225,$688,$12470,$0,$1208,$61,$14587,$15275,$1198,$5225,$1836,$9276,$10474,$2,$-1428,$-35,$4801,$15275,$68,$106,$68,$174,$3,$0,$-59,$-1,$3,$245,$-192,$0,$-2,$0,$0,$0,$-11,$-205,$-2,$8,$6,$8,$7,$-50,$1,$-36,$4,$3,$-50
19,2013-12-31,38.0,$26.50,1.43,$16.09,2.36,$-1.46,0.0,$2.06,18.44,$0.57B,$1.24B,0.46,$5.23B,$4.73B,1.11,$2.88B,$2.88B,100.00%,$2.88B,$0.95B,32.94%,$2.88B,$0.95B,32.94%,$2.88B,$1.36B,47.12%,$2.88B,$0.61B,21.13%,$2.88B,$0.37B,12.82%,$0.37B,$4.73B,8.00%,$0.37B,$3.52B,10.84%,$0.37B,$15.09B,2.46%,$0.95B,$9.96B,9.66%,$696,$0,$696,$0,$374,$478,$219,$-116,$103,$41,$62,$62,$59,$324,$219,$178,179,$0.34,$0.33,$55,$33,$244,$572,$12388,$0,$1208,$62,$14516,$15088,$1236,$5230,$1831,$9125,$10360,$2,$-1496,$-35,$4728,$15088,$369,$407,$355,$762,$-79,$0,$15,$-171,$-235,$896,$-979,$0,$-24,$0,$0,$0,$-50,$-1053,$-92,$360,$268,$26,$26,$-149,$15,$160,$3,$0,$-149
20,2013-09-30,36.63,$26.01,1.41,$15.91,2.3,$2.32,15.8,$2.04,17.96,$0.61B,$1.14B,0.54,$5.19B,$4.63B,1.12,$2.84B,$2.84B,100.00%,$2.84B,$0.90B,31.51%,$2.84B,$0.90B,31.51%,$2.84B,$1.30B,45.67%,$2.84B,$0.60B,21.06%,$2.84B,$0.37B,12.85%,$0.37B,$4.63B,8.04%,$0.37B,$3.43B,10.95%,$0.37B,$15.23B,2.45%,$0.90B,$9.83B,9.19%,$822,$0,$822,$0,$396,$499,$323,$-75,$248,$98,$150,$150,$151,$425,$323,$178,179,$0.85,$0.84,$58,$35,$249,$613,$12113,$0,$1208,$62,$14615,$15228,$1141,$5192,$1806,$9454,$10596,$2,$-1505,$-110,$4633,$15228,$310,$302,$260,$561,$-108,$0,$-29,$-98,$-182,$689,$-664,$0,$-17,$0,$0,$0,$-38,$-719,$-10,$119,$109,$20,$17,$-100,$12,$39,$8,$9,$-100
21,2013-06-30,36.1,$25.69,1.4,$15.99,2.26,$5.64,6.4,$2.06,17.52,$0.55B,$1.05B,0.52,$5.20B,$4.57B,1.14,$2.85B,$2.85B,100.00%,$2.85B,$0.90B,31.58%,$2.85B,$0.90B,31.58%,$2.85B,$1.30B,45.47%,$2.85B,$0.61B,21.23%,$2.85B,$0.37B,12.91%,$0.37B,$4.57B,8.19%,$0.37B,$3.37B,11.20%,$0.37B,$14.98B,2.49%,$0.90B,$9.77B,9.28%,$724,$0,$724,$0,$381,$482,$242,$-74,$168,$66,$101,$101,$101,$343,$242,$178,179,$0.57,$0.57,$40,$34,$227,$546,$11928,$0,$1207,$73,$14432,$14977,$1049,$5198,$1803,$9356,$10405,$2,$-1556,$-112,$4572,$14977,$159,$200,$129,$330,$-65,$0,$-32,$-104,$-198,$290,$-429,$0,$-5,$0,$0,$0,$-26,$-459,$-4,$196,$192,$15,$12,$-50,$11,$165,$-4,$6,$-50
22,2013-03-31,35.8,$25.38,1.41,$16.15,2.22,$8.67,4.13,$2.09,17.13,$0.49B,$0.96B,0.51,$5.20B,$4.51B,1.15,$2.87B,$2.87B,100.00%,$2.87B,$0.93B,32.35%,$2.87B,$0.93B,32.35%,$2.87B,$1.32B,45.82%,$2.87B,$0.63B,22.08%,$2.87B,$0.37B,13.02%,$0.37B,$4.51B,8.44%,$0.37B,$3.30B,11.60%,$0.37B,$14.77B,2.56%,$0.93B,$9.71B,9.64%,$636,$0,$636,$0,$372,$472,$164,$-75,$89,$31,$58,$58,$58,$264,$164,$177,178,$0.32,$0.32,$53,$31,$212,$492,$11793,$0,$1207,$69,$14277,$14769,$958,$5203,$1851,$9301,$10260,$2,$-1607,$-114,$4510,$14769,$58,$100,$23,$122,$19,$0,$-37,$-71,$-30,$150,$-213,$0,$-3,$0,$0,$0,$-12,$-228,$-1,$64,$63,$8,$7,$0,$5,$75,$-3,$2,$0
23,2012-12-31,32.08,$25.11,1.28,$16.08,2.0,$11.15,2.88,$2.01,15.96,$0.50B,$1.00B,0.5,$5.21B,$4.44B,1.17,$2.86B,$2.86B,100.00%,$2.86B,$0.93B,32.40%,$2.86B,$0.93B,32.40%,$2.86B,$1.30B,45.67%,$2.86B,$0.63B,22.07%,$2.86B,$0.36B,12.54%,$0.36B,$4.45B,8.19%,$0.36B,$3.24B,11.31%,$0.36B,$14.72B,2.48%,$0.93B,$9.65B,9.62%,$658,$0,$658,$0,$392,$492,$166,$-73,$93,$40,$54,$54,$55,$265,$166,$176,178,$0.31,$0.31,$54,$30,$211,$499,$11739,$0,$1207,$74,$14220,$14719,$995,$5209,$1781,$9279,$10274,$2,$-1665,$-116,$4445,$14719,$358,$380,$308,$688,$-35,$0,$-11,$-86,$-91,$956,$-367,$0,$-45,$0,$0,$0,$29,$-382,$-157,$-246,$-402,$28,$23,$-213,$29,$-563,$10,$11,$-213
24,2012-09-30,31.17,$25.17,1.24,$16.00,1.95,$7.23,4.31,$2.07,15.06,$0.64B,$1.01B,0.64,$5.20B,$4.45B,1.17,$2.84B,$2.84B,100.00%,$2.84B,$0.94B,32.99%,$2.84B,$0.94B,32.99%,$2.84B,$1.31B,46.00%,$2.84B,$0.64B,22.52%,$2.84B,$0.37B,12.97%,$0.37B,$4.45B,8.52%,$0.37B,$3.24B,11.81%,$0.37B,$14.60B,2.54%,$0.94B,$9.65B,9.74%,$832,$0,$832,$0,$408,$504,$328,$-73,$255,$101,$154,$154,$154,$424,$328,$177,178,$0.87,$0.86,$106,$32,$232,$643,$11534,$0,$1208,$81,$13957,$14600,$1006,$5204,$1768,$9144,$10150,$2,$-1676,$-92,$4449,$14600,$303,$281,$191,$472,$-107,$0,$-47,$34,$-39,$735,$-120,$0,$-44,$0,$0,$0,$-21,$-185,$-247,$-218,$-465,$22,$18,$-125,$26,$-545,$4,$9,$-125
25,2012-06-30,28.43,$24.54,1.16,$15.63,1.82,$3.56,7.99,$1.99,14.28,$0.61B,$1.02B,0.6,$5.22B,$4.32B,1.21,$2.77B,$2.77B,100.00%,$2.77B,$0.89B,32.14%,$2.77B,$0.89B,32.14%,$2.77B,$1.25B,45.23%,$2.77B,$0.59B,21.37%,$2.77B,$0.35B,12.69%,$0.35B,$4.33B,8.22%,$0.35B,$3.12B,11.42%,$0.35B,$14.41B,2.43%,$0.89B,$9.55B,9.26%,$746,$0,$746,$0,$383,$475,$271,$-73,$197,$81,$117,$117,$107,$363,$271,$176,177,$0.61,$0.60,$112,$32,$219,$606,$11387,$0,$1208,$72,$13806,$14413,$1018,$5222,$1758,$9069,$10087,$2,$-1785,$-94,$4326,$14413,$149,$184,$80,$265,$-73,$0,$-43,$-4,$-97,$317,$84,$0,$-44,$0,$0,$0,$-10,$30,$-143,$-154,$-297,$13,$11,$-81,$19,$-348,$-1,$5,$-81
26,2012-03-31,27.84,$24.15,1.15,$15.22,1.83,$0.61,45.98,$1.87,14.89,$0.59B,$0.74B,0.79,$5.37B,$4.25B,1.26,$2.69B,$2.69B,100.00%,$2.69B,$0.82B,30.46%,$2.69B,$0.82B,30.46%,$2.69B,$1.18B,43.77%,$2.69B,$0.52B,19.34%,$2.69B,$0.33B,12.09%,$0.33B,$4.26B,7.68%,$0.33B,$3.06B,10.71%,$0.33B,$14.09B,2.25%,$0.82B,$9.63B,8.53%,$619,$0,$619,$0,$367,$459,$160,$-75,$85,$35,$49,$49,$42,$252,$160,$176,177,$0.24,$0.24,$37,$30,$190,$589,$11140,$0,$1195,$74,$13499,$14088,$744,$5370,$1730,$9089,$9832,$2,$-1848,$-96,$4255,$14088,$42,$92,$33,$126,$13,$0,$-46,$-54,$-19,$148,$228,$0,$-0,$0,$0,$0,$2,$230,$8,$-369,$-360,$10,$9,$-40,$10,$-382,$-5,$2,$-40
27,2011-12-31,25.71,$24.14,1.07,$15.11,1.7,$-1.60,0.0,$1.90,13.53,$1.40B,$1.49B,0.94,$5.36B,$4.24B,1.27,$2.67B,$2.67B,100.00%,$2.67B,$0.80B,30.07%,$2.67B,$0.80B,30.07%,$2.67B,$1.16B,43.31%,$2.67B,$0.50B,18.90%,$2.67B,$0.31B,11.59%,$0.31B,$4.24B,7.35%,$0.31B,$3.05B,10.28%,$0.31B,$14.78B,2.14%,$0.80B,$9.60B,8.37%,$640,$0,$640,$0,$373,$463,$177,$-75,$102,$41,$61,$61,$65,$266,$177,$175,177,$0.37,$0.36,$47,$29,$203,$1398,$11021,$0,$1195,$83,$13379,$14776,$1489,$5361,$1765,$9047,$10536,$2,$-1849,$-98,$4240,$14776,$310,$352,$254,$606,$-35,$0,$38,$-112,$-107,$808,$-915,$0,$-7,$0,$0,$0,$10,$-912,$-58,$286,$229,$14,$12,$-158,$22,$105,$1,$10,$-158
28,2011-09-30,23.99,$24.29,0.99,$14.94,1.61,$-0.94,0.0,$1.76,13.63,$1.48B,$1.38B,1.07,$5.38B,$4.26B,1.26,$2.63B,$2.63B,100.00%,$2.63B,$0.78B,29.53%,$2.63B,$0.78B,29.53%,$2.63B,$1.12B,42.72%,$2.63B,$0.47B,17.98%,$2.63B,$0.28B,10.79%,$0.28B,$4.26B,6.80%,$0.28B,$3.07B,9.54%,$0.28B,$14.54B,1.99%,$0.78B,$9.65B,8.12%,$761,$0,$761,$0,$393,$479,$281,$-75,$207,$78,$128,$128,$137,$370,$281,$176,177,$0.78,$0.78,$62,$30,$213,$1479,$10788,$0,$1196,$78,$13059,$14539,$1380,$5384,$1693,$8896,$10276,$2,$-1848,$-69,$4263,$14539,$245,$263,$179,$441,$-56,$0,$-14,$-100,$-110,$576,$-615,$0,$-6,$0,$0,$0,$15,$-606,$-56,$180,$124,$10,$10,$-117,$16,$32,$3,$0,$-117
29,2011-06-30,23.02,$23.73,0.97,$14.91,1.54,$-0.35,0.0,$1.69,13.62,$1.49B,$1.33B,1.13,$5.39B,$4.16B,1.3,$2.62B,$2.62B,100.00%,$2.62B,$0.76B,29.06%,$2.62B,$0.76B,29.06%,$2.62B,$1.10B,42.12%,$2.62B,$0.46B,17.60%,$2.62B,$0.27B,10.35%,$0.27B,$4.16B,6.54%,$0.27B,$2.97B,9.24%,$0.27B,$14.35B,1.92%,$0.76B,$9.55B,7.98%,$669,$0,$669,$0,$380,$467,$201,$-75,$126,$51,$75,$75,$81,$289,$201,$175,176,$0.46,$0.46,$79,$31,$220,$1493,$10600,$0,$1196,$69,$12854,$14347,$1328,$5385,$1678,$8857,$10185,$2,$-1945,$-69,$4162,$14347,$107,$174,$97,$271,$-45,$0,$-15,$-68,$-116,$262,$-385,$0,$-5,$0,$0,$0,$14,$-375,$-52,$223,$171,$9,$9,$-77,$11,$113,$0,$0,$-77
30,2011-03-31,21.59,$23.67,0.91,$14.75,1.46,$0.17,124.89,$1.63,13.25,$1.31B,$1.14B,1.15,$5.39B,$4.15B,1.3,$2.59B,$2.59B,100.00%,$2.59B,$0.75B,28.94%,$2.59B,$0.75B,28.94%,$2.59B,$1.08B,41.86%,$2.59B,$0.45B,17.41%,$2.59B,$0.26B,10.17%,$0.26B,$4.15B,6.39%,$0.26B,$2.95B,9.10%,$0.26B,$14.13B,1.88%,$0.75B,$9.54B,7.88%,$597,$0,$597,$0,$366,$453,$143,$-75,$69,$28,$41,$41,$26,$230,$143,$175,176,$0.15,$0.15,$94,$31,$190,$1306,$10556,$0,$1204,$72,$12823,$14129,$1135,$5386,$1683,$8843,$9978,$2,$-1951,$-70,$4151,$14129,$26,$87,$49,$136,$26,$0,$-26,$-59,$-1,$162,$-176,$0,$-1,$0,$0,$0,$12,$-166,$-62,$95,$32,$7,$7,$-39,$5,$5,$0,$0,$-39
31,2010-12-31,19.16,$23.59,0.81,$14.60,1.31,$0.45,42.79,$1.54,12.44,$1.46B,$1.11B,1.32,$5.42B,$4.13B,1.31,$2.56B,$2.56B,100.00%,$2.56B,$0.73B,28.49%,$2.56B,$0.73B,28.49%,$2.56B,$1.06B,41.41%,$2.56B,$0.43B,16.79%,$2.56B,$0.27B,10.49%,$0.27B,$4.13B,6.57%,$0.27B,$2.93B,9.43%,$0.27B,$14.09B,1.94%,$0.73B,$9.54B,7.72%,$604,$0,$604,$0,$373,$453,$152,$-81,$71,$33,$38,$38,$40,$235,$152,$175,175,$0.22,$0.22,$107,$28,$179,$1458,$10382,$0,$1196,$75,$12628,$14086,$1107,$5416,$1661,$8852,$9959,$2,$-1959,$-71,$4128,$14086,$268,$330,$179,$510,$-36,$0,$6,$-31,$-2,$775,$-765,$0,$-2,$0,$0,$0,$20,$-747,$-4,$110,$106,$7,$6,$-150,$0,$-37,$-9,$10,$-150
32,2010-09-30,17.31,$23.65,0.73,$13.81,1.25,$-0.72,0.0,$1.52,11.39,$0.63B,$0.74B,0.85,$5.40B,$4.13B,1.31,$2.40B,$2.40B,100.00%,$2.40B,$0.72B,30.10%,$2.40B,$0.72B,30.10%,$2.40B,$1.03B,42.93%,$2.40B,$0.43B,17.76%,$2.40B,$0.26B,11.00%,$0.26B,$4.14B,6.52%,$0.26B,$2.89B,9.44%,$0.26B,$13.98B,1.93%,$0.72B,$9.53B,7.70%,$749,$0,$749,$0,$398,$484,$265,$-70,$195,$76,$119,$119,$124,$349,$265,$175,175,$0.71,$0.71,$24,$31,$304,$627,$11013,$0,$1251,$81,$13356,$13984,$741,$5395,$2010,$9106,$9848,$2,$-1961,$-61,$4136,$13984,$228,$247,$185,$432,$-93,$0,$-7,$-33,$-73,$587,$-522,$0,$-2,$0,$0,$0,$18,$-506,$-34,$62,$28,$4,$4,$-112,$-0,$-80,$1,$0,$-112
33,2010-06-30,15.03,$23.14,0.65,$13.43,1.12,$-1.78,0.0,$1.33,11.3,$0.59B,$0.75B,0.78,$5.33B,$4.04B,1.32,$2.33B,$2.33B,100.00%,$2.33B,$0.67B,28.71%,$2.33B,$0.67B,28.71%,$2.33B,$0.98B,41.97%,$2.33B,$0.37B,16.01%,$2.33B,$0.23B,9.96%,$0.23B,$4.04B,5.78%,$0.23B,$2.79B,8.40%,$0.23B,$13.77B,1.71%,$0.67B,$9.37B,7.20%,$635,$0,$635,$0,$365,$447,$188,$-73,$115,$47,$68,$68,$73,$268,$188,$175,175,$0.42,$0.42,$21,$30,$301,$590,$10872,$0,$1251,$57,$13183,$13774,$753,$5329,$1997,$8976,$9730,$2,$-2046,$-63,$4044,$13774,$104,$163,$84,$247,$-59,$0,$2,$-17,$-53,$298,$-327,$0,$-2,$0,$0,$0,$-2,$-331,$-41,$146,$105,$2,$2,$-73,$-1,$32,$-2,$0,$-73
34,2010-03-31,15.57,$22.92,0.68,$13.55,1.15,$-2.66,0.0,$1.23,12.66,$0.50B,$0.66B,0.75,$5.28B,$4.00B,1.32,$2.31B,$2.31B,100.00%,$2.31B,$0.64B,27.60%,$2.31B,$0.64B,27.60%,$2.31B,$0.95B,41.12%,$2.31B,$0.34B,14.90%,$2.31B,$0.21B,9.14%,$0.21B,$4.00B,5.30%,$0.21B,$2.75B,7.72%,$0.21B,$13.54B,1.58%,$0.64B,$9.28B,6.93%,$567,$0,$567,$0,$360,$443,$123,$-75,$48,$19,$30,$30,$31,$206,$123,$175,175,$0.18,$0.18,$13,$30,$229,$497,$10742,$0,$1250,$63,$13043,$13541,$661,$5281,$1987,$8876,$9537,$2,$-2082,$-63,$4003,$13541,$31,$82,$44,$126,$14,$0,$-18,$-27,$19,$176,$-143,$0,$-1,$0,$0,$0,$5,$-138,$-37,$28,$-9,$1,$1,$-37,$-3,$-48,$-10,$0,$-37
35,2009-12-31,15.73,$22.94,0.69,$13.74,1.14,$-3.19,0.0,$-1.53,0.0,$0.50B,$0.61B,0.82,$5.31B,$4.00B,1.33,$2.29B,$2.29B,100.00%,$2.29B,$0.18B,7.73%,$2.29B,$0.18B,7.73%,$2.29B,$0.49B,21.17%,$2.29B,$-0.11B,-4.67%,$2.29B,$-0.23B,-10.17%,$-0.23B,$4.01B,-5.98%,$-0.23B,$2.76B,-8.80%,$-0.23B,$13.45B,-1.76%,$0.18B,$9.32B,1.98%,$448,$0,$448,$0,$228,$301,$146,$-78,$68,$19,$49,$49,$36,$207,$146,$168,168,$0.35,$0.35,$63,$30,$183,$499,$10677,$0,$1250,$74,$12954,$13453,$607,$5312,$1976,$8840,$9447,$2,$-2076,$-65,$4005,$13453,$-233,$308,$708,$1017,$-19,$0,$0,$-144,$-188,$596,$-784,$0,$-18,$0,$0,$0,$99,$-704,$365,$-360,$5,$244,$244,$-137,$8,$120,$13,$8,$-137
36,2009-09-30,13.72,$22.86,0.6,$14.64,0.94,$-4.85,0.0,$-1.51,0.0,$0.52B,$0.60B,0.86,$5.22B,$3.99B,1.31,$2.41B,$2.41B,100.00%,$2.41B,$0.16B,6.80%,$2.41B,$0.16B,6.80%,$2.41B,$0.49B,20.36%,$2.41B,$-0.11B,-4.56%,$2.41B,$-0.23B,-9.66%,$-0.23B,$3.99B,-5.94%,$-0.23B,$2.74B,-9.10%,$-0.23B,$13.35B,-1.77%,$0.16B,$9.21B,1.86%,$680,$0,$680,$0,$391,$468,$212,$-70,$142,$50,$92,$92,$92,$297,$212,$175,175,$0.52,$0.52,$8,$31,$239,$516,$10532,$0,$1250,$91,$12829,$13346,$601,$5222,$1961,$8753,$9354,$2,$-2076,$-76,$3992,$13346,$-269,$247,$543,$790,$-53,$0,$-9,$-45,$-49,$472,$-592,$0,$-1,$0,$0,$0,$66,$-526,$161,$-258,$-97,$244,$244,$-101,$7,$53,$-2,$0,$-101
37,2009-06-30,12.86,$22.53,0.57,$14.95,0.86,$-6.09,0.0,$-1.48,0.0,$0.50B,$0.79B,0.63,$5.01B,$3.93B,1.27,$2.40B,$2.40B,100.00%,$2.40B,$0.16B,6.74%,$2.40B,$0.16B,6.74%,$2.40B,$0.48B,20.09%,$2.40B,$-0.11B,-4.41%,$2.40B,$-0.24B,-9.86%,$-0.24B,$3.93B,-5.97%,$-0.24B,$2.68B,-9.52%,$-0.24B,$13.19B,-1.82%,$0.16B,$8.94B,1.86%,$613,$0,$613,$0,$382,$457,$156,$-70,$86,$34,$52,$52,$52,$239,$156,$163,163,$0.32,$0.32,$9,$33,$243,$496,$10396,$0,$1250,$103,$12694,$13190,$793,$5006,$1930,$8464,$9257,$2,$-2131,$-78,$3933,$13190,$-361,$162,$490,$652,$-35,$0,$-6,$-35,$-62,$229,$-400,$0,$0,$0,$0,$0,$43,$-357,$158,$-210,$-53,$243,$243,$-64,$1,$128,$-1,$0,$-64
38,2009-03-31,12.66,$22.90,0.55,$14.88,0.85,$-6.82,0.0,$-1.52,0.0,$0.42B,$1.17B,0.36,$4.68B,$3.66B,1.28,$2.38B,$2.38B,100.00%,$2.38B,$0.15B,6.18%,$2.38B,$0.15B,6.18%,$2.38B,$0.46B,19.45%,$2.38B,$-0.12B,-4.87%,$2.38B,$-0.24B,-10.25%,$-0.24B,$3.67B,-6.08%,$-0.24B,$2.42B,-10.08%,$-0.24B,$12.91B,-1.90%,$0.15B,$8.35B,1.69%,$550,$0,$550,$0,$367,$887,$-337,$-66,$-403,$11,$-413,$-413,$-413,$-258,$-337,$160,160,$-2.58,$-2.58,$9,$33,$188,$421,$10237,$0,$1250,$61,$12487,$12907,$1169,$4684,$1894,$8073,$9242,$2,$-2151,$-81,$3665,$12907,$-413,$79,$480,$559,$8,$0,$-12,$-36,$-3,$142,$-196,$0,$0,$0,$0,$0,$-6,$-202,$-75,$166,$91,$1,$1,$-32,$-0,$59,$-1,$0,$-32
