,Date,Stock Price,Book Value per Share,Price to Book Ratio,TTM Sales per Share,Price to Sales Ratio,TTM FCF per Share,Price to FCF Ratio,TTM Net EPS,PE Ratio,Current Assets,Current Liabilities,Current Ratio,Long Term Debt,Shareholder's Equity_x,Debt to Equity Ratio,TTM Revenue_x,TTM Gross Profit,Gross Margin,TTM Revenue_y,TTM Operating Income,Operating Margin,TTM Revenue_x,TTM EBIT,EBIT Margin,TTM Revenue_y,TTM EBITDA,EBITDA Margin,TTM Revenue_x,TTM Pre-Tax Income,Pre-Tax Margin,TTM Revenue_y,TTM Net Income_x,Net Margin,TTM Net Income_y,Shareholder's Equity_y,Return on Equity,TTM Net Income_x,Tangible Equity,Return on Tangible Equity,TTM Net Income_y,Total Assets,Return on Assets,TTM Net Income,LT Investments & Debt,Return on Investment,revenue,cost-goods-sold,gross-profit,research-development-expenses,selling-general-administrative-expenses,operating-expenses,operating-income,total-non-operating-income-expense,pre-tax-income,total-provision-income-taxes,income-after-taxes,income-from-continuous-operations,net-income,ebitda,ebit,basic-shares-outstanding,shares-outstanding,eps-basic-net-earnings-per-share,eps-earnings-per-share-diluted,cash-on-hand,inventory,other-current-assets,total-current-assets,net-property-plant-equipment,long-term-investments,goodwill-intangible-assets-total,other-long-term-assets,total-long-term-assets,total-assets,total-current-liabilities,long-term-debt,other-non-current-liabilities,total-long-term-liabilities,total-liabilities,common-stock-net,retained-earnings-accumulated-deficit,comprehensive-income,total-share-holder-equity,total-liabilities-share-holders-equity,net-income-loss,total-depreciation-amortization-cash-flow,other-non-cash-items,total-non-cash-items,change-in-accounts-receivable,change-in-inventories,change-in-accounts-payable,change-in-assets-liabilities,total-change-in-assets-liabilities,cash-flow-from-operating-activities,net-change-in-property-plant-equipment,net-change-in-intangible-assets,net-acquisitions-divestitures,net-change-in-short-term-investments,net-change-in-long-term-investments,net-change-in-investments-total,investing-activities-other,cash-flow-from-investing-activities,net-long-term-debt,net-current-debt,debt-issuance-retirement-net-total,net-common-equity-issued-repurchased,net-total-equity-issued-repurchased,total-common-preferred-stock-dividends-paid,financial-activities-other,cash-flow-from-financial-activities,net-cash-flow,stock-based-compensation,common-stock-dividends-paid
0,2018-06-30,22.3,$1.75,12.71,$0.10,223.22,$-2.87,0.0,$-1.38,0.0,$0.21B,$0.01B,27.11,$0.12B,$0.10B,1.22,$0.01B,$0.00B,50.00%,$0.01B,$-0.07B,-1233.33%,$0.01B,$-0.07B,-1233.33%,$0.01B,$-0.07B,-1183.33%,$0.01B,$-0.08B,-1283.33%,$0.01B,$-0.08B,-1283.33%,$-0.08B,$0.10B,-68.44%,$-0.08B,$0.10B,-68.44%,$-0.08B,$0.22B,-44.44%,$-0.07B,$0.21B,-44.51%,$2,$1,$1,$6,$15,$22,$-20,$-3,$-23,$0,$-23,$-23,$-23,$-18,$-20,$54,54,$-0.43,$-0.43,$197,$11,$1,$213,$5,$0,$0,$0,$6,$218,$8,$115,$0,$116,$123,$0,$-286,$-0,$95,$218,$-44,$3,$8,$11,$0,$-4,$0,$-1,$-3,$-35,$-1,$0,$0,$0,$-50,$-50,$0,$-51,$167,$0,$167,$-42,$-42,$0,$0,$124,$38,$9,$0
1,2018-03-31,22.85,$1.97,11.58,$0.08,279.96,$-2.76,0.0,$-1.26,0.0,$0.21B,$0.01B,27.79,$0.10B,$0.11B,0.93,$0.01B,$0.00B,60.00%,$0.01B,$-0.07B,-1400.00%,$0.01B,$-0.07B,-1400.00%,$0.01B,$-0.07B,-1380.00%,$0.01B,$-0.07B,-1400.00%,$0.01B,$-0.07B,-1400.00%,$-0.07B,$0.11B,-56.34%,$-0.07B,$0.11B,-56.34%,$-0.07B,$0.21B,-44.94%,$-0.07B,$0.21B,-46.90%,$1,$0,$0,$7,$14,$22,$-21,$0,$-21,$0,$-21,$-21,$-21,$-20,$-21,$56,56,$-0.37,$-0.37,$194,$10,$1,$207,$6,$0,$0,$0,$6,$213,$7,$99,$0,$99,$107,$0,$-263,$0,$106,$213,$-21,$1,$5,$5,$1,$-2,$1,$-1,$-1,$-16,$-1,$0,$0,$0,$14,$14,$0,$12,$146,$0,$146,$-44,$-44,$0,$0,$102,$98,$6,$0
2,2017-12-31,26.2,$2.13,12.29,$0.08,338.33,$-2.75,0.0,$-1.16,0.0,$0.12B,$0.01B,17.75,$0.00B,$0.12B,0.0,$0.01B,$0.00B,80.00%,$0.01B,$-0.06B,-1260.00%,$0.01B,$-0.06B,-1260.00%,$0.01B,$-0.06B,-1260.00%,$0.01B,$-0.06B,-1260.00%,$0.01B,$-0.06B,-1260.00%,$-0.06B,$0.12B,-54.78%,$-0.06B,$0.12B,-54.78%,$-0.06B,$0.13B,-52.07%,$-0.06B,$0.12B,-54.78%,$2,$1,$1,$6,$11,$18,$-16,$0,$-16,$0,$-16,$-16,$-16,$-16,$-16,$54,54,$-0.29,$-0.29,$109,$8,$0,$120,$5,$0,$0,$0,$5,$126,$7,$0,$0,$0,$7,$0,$-242,$0,$119,$126,$-64,$3,$14,$17,$-2,$-8,$1,$-0,$-8,$-56,$-3,$0,$0,$0,$-23,$-23,$0,$-26,$0,$0,$0,$90,$90,$0,$0,$90,$9,$14,$0
3,2017-09-30,22.45,$2.35,9.57,$0.04,575.75,$-2.75,0.0,$-1.20,0.0,$0.13B,$0.01B,21.23,$0.00B,$0.13B,0.0,$0.00B,$0.00B,100.00%,$0.00B,$-0.06B,-2100.00%,$0.00B,$-0.06B,-2100.00%,$0.00B,$-0.06B,-2066.67%,$0.00B,$-0.06B,-2100.00%,$0.00B,$-0.06B,-2100.00%,$-0.06B,$0.13B,-60.14%,$-0.06B,$0.13B,-60.14%,$-0.06B,$0.14B,-57.14%,$-0.06B,$0.13B,-60.14%,$1,$0,$1,$6,$12,$18,$-17,$0,$-17,$0,$-17,$-17,$-17,$-17,$-17,$55,55,$-0.31,$-0.31,$121,$7,$0,$131,$5,$0,$0,$0,$5,$136,$6,$0,$0,$0,$6,$0,$-226,$0,$130,$136,$-48,$2,$11,$13,$-1,$-7,$0,$-1,$-8,$-42,$-2,$0,$0,$0,$-29,$-29,$0,$-31,$0,$0,$0,$88,$88,$0,$0,$88,$15,$11,$0
4,2017-06-30,27.35,$2.57,10.65,$0.02,1116.68,$-2.78,0.0,$-1.23,0.0,$0.14B,$0.01B,23.02,$0.00B,$0.14B,0.0,$0.00B,$0.00B,100.00%,$0.00B,$-0.06B,-3150.00%,$0.00B,$-0.06B,-3150.00%,$0.00B,$-0.06B,-3100.00%,$0.00B,$-0.06B,-3150.00%,$0.00B,$-0.06B,-3150.00%,$-0.06B,$0.14B,-66.32%,$-0.06B,$0.14B,-66.32%,$-0.06B,$0.15B,-62.69%,$-0.06B,$0.14B,-66.32%,$1,$0,$1,$6,$11,$17,$-16,$0,$-16,$0,$-16,$-16,$-16,$-16,$-16,$54,54,$-0.31,$-0.31,$135,$6,$0,$143,$5,$0,$0,$0,$5,$148,$6,$0,$0,$0,$6,$0,$-209,$0,$142,$148,$-31,$1,$7,$9,$-1,$-6,$1,$-1,$-6,$-28,$-2,$0,$0,$0,$-14,$-14,$0,$-16,$0,$0,$0,$87,$87,$0,$0,$87,$43,$7,$0
5,2017-03-31,24.2,$1.33,18.21,$0.01,2044.95,$-2.82,0.0,$-1.27,0.0,$0.07B,$0.01B,13.4,$0.00B,$0.07B,0.0,$0.00B,$0.00B,100.00%,$0.00B,$-0.07B,-6500.00%,$0.00B,$-0.07B,-6500.00%,$0.00B,$-0.06B,-6300.00%,$0.00B,$-0.07B,-6500.00%,$0.00B,$-0.07B,-6500.00%,$-0.07B,$0.07B,-75.80%,$-0.07B,$0.07B,-75.80%,$-0.07B,$0.07B,-71.23%,$-0.07B,$0.07B,-75.80%,$1,$0,$1,$4,$11,$15,$-14,$0,$-14,$0,$-14,$-14,$-14,$-14,$-14,$52,52,$-0.27,$-0.27,$64,$4,$0,$70,$4,$0,$0,$0,$4,$74,$5,$0,$0,$0,$5,$0,$-192,$-0,$69,$74,$-14,$1,$3,$4,$-1,$-4,$0,$-1,$-5,$-15,$-0,$0,$0,$0,$4,$4,$0,$4,$0,$0,$0,$2,$2,$0,$0,$2,$-9,$3,$0
6,2016-12-31,20.75,$1.51,13.74,$0.00,0.0,$-2.81,0.0,$-1.29,0.0,$0.08B,$0.00B,19.44,$0.00B,$0.08B,0.0,$0.00B,0,nan%,$0.00B,$-0.07B,inf%,$0.00B,$-0.07B,inf%,$0.00B,$-0.06B,inf%,$0.00B,$-0.07B,inf%,$0.00B,$-0.07B,inf%,$-0.07B,$0.08B,-67.01%,$-0.07B,$0.08B,-67.01%,$-0.07B,$0.08B,-63.31%,$-0.07B,$0.08B,-67.01%,$0,$0,$0,$6,$10,$16,$-16,$0,$-16,$0,$-16,$-16,$-16,$-15,$-16,$51,51,$-0.31,$-0.31,$78,$0,$0,$78,$4,$0,$0,$0,$4,$83,$4,$0,$0,$1,$5,$0,$-177,$-0,$78,$83,$-66,$3,$9,$11,$0,$0,$-1,$1,$2,$-53,$-2,$0,$0,$0,$-47,$-47,$0,$-50,$-0,$0,$-0,$2,$2,$0,$0,$2,$-101,$9,$0
7,2016-09-30,27.26,$1.77,15.37,$0.00,0.0,$-2.58,0.0,$-1.27,0.0,$0.09B,$0.00B,20.61,$0.00B,$0.09B,0.0,$0.00B,0,nan%,$0.00B,$-0.06B,inf%,$0.00B,$-0.06B,inf%,$0.00B,$-0.06B,inf%,$0.00B,$-0.06B,inf%,$0.00B,$-0.06B,inf%,$-0.06B,$0.09B,-56.12%,$-0.06B,$0.09B,-56.12%,$-0.06B,$0.10B,-53.28%,$-0.06B,$0.09B,-56.12%,$0,$0,$0,$8,$10,$17,$-17,$0,$-17,$0,$-17,$-17,$-17,$-17,$-17,$51,51,$-0.34,$-0.34,$90,$0,$0,$92,$5,$0,$0,$0,$5,$97,$4,$0,$0,$1,$5,$0,$-161,$-0,$91,$97,$-50,$2,$7,$9,$-0,$0,$0,$0,$1,$-41,$-2,$0,$0,$0,$-50,$-50,$0,$-52,$-0,$0,$-0,$1,$1,$0,$0,$1,$-92,$7,$0
8,2016-06-30,14.39,$2.05,7.02,$0.01,0.0,$-2.36,0.0,$-1.18,0.0,$0.11B,$0.00B,23.56,$0.00B,$0.11B,0.0,$0.00B,0,nan%,$0.00B,$-0.06B,inf%,$0.00B,$-0.06B,inf%,$0.00B,$-0.06B,inf%,$0.00B,$-0.06B,inf%,$0.00B,$-0.06B,inf%,$-0.06B,$0.11B,-57.29%,$-0.06B,$0.11B,-57.29%,$-0.06B,$0.11B,-54.16%,$-0.06B,$0.11B,-57.29%,$0,$0,$0,$8,$9,$18,$-18,$0,$-18,$0,$-18,$-18,$-18,$-17,$-18,$51,51,$-0.35,$-0.35,$102,$0,$1,$105,$5,$0,$0,$0,$5,$111,$4,$0,$0,$1,$5,$0,$-144,$0,$105,$111,$-33,$1,$4,$5,$-0,$0,$-0,$-1,$-0,$-28,$-2,$0,$0,$0,$-53,$-53,$0,$-55,$-0,$0,$-0,$0,$0,$0,$0,$0,$-83,$4,$0
9,2016-03-31,14.37,$2.34,6.15,$0.01,0.0,$-2.19,0.0,$-1.10,0.0,$0.12B,$0.01B,24.12,$0.00B,$0.12B,0.0,$0.00B,0,nan%,$0.00B,$-0.05B,inf%,$0.00B,$-0.05B,inf%,$0.00B,$-0.05B,inf%,$0.00B,$-0.05B,inf%,$0.00B,$-0.05B,inf%,$-0.05B,$0.12B,-59.65%,$-0.05B,$0.12B,-59.65%,$-0.05B,$0.13B,-56.20%,$-0.05B,$0.12B,-59.65%,$0,$0,$0,$8,$8,$15,$-15,$0,$-15,$0,$-15,$-15,$-15,$-15,$-15,$51,51,$-0.29,$-0.29,$117,$0,$1,$120,$5,$0,$0,$0,$5,$126,$5,$0,$0,$1,$6,$0,$-126,$-0,$120,$126,$-15,$1,$2,$2,$0,$0,$0,$-2,$-0,$-13,$-2,$0,$0,$0,$-33,$-33,$0,$-34,$-0,$0,$-0,$0,$0,$0,$-1,$-1,$-49,$2,$0
10,2015-12-31,21.49,$2.60,8.27,$0.00,0.0,$-2.08,0.0,$-1.01,0.0,$0.13B,$0.01B,25.28,$0.00B,$0.13B,0.0,$0.00B,0,nan%,$0.00B,$-0.05B,inf%,$0.00B,$-0.05B,inf%,$0.00B,$-0.05B,inf%,$0.00B,$-0.05B,inf%,$0.00B,$-0.05B,inf%,$-0.05B,$0.13B,-64.06%,$-0.05B,$0.13B,-64.06%,$-0.05B,$0.14B,-60.00%,$-0.05B,$0.13B,-64.06%,$0,$0,$0,$8,$7,$13,$-13,$0,$-13,$0,$-13,$-13,$-13,$-13,$-13,$45,45,$-0.29,$-0.29,$132,$0,$0,$134,$5,$0,$0,$0,$5,$139,$5,$0,$0,$1,$6,$0,$-111,$-0,$133,$139,$-45,$2,$8,$10,$0,$0,$0,$-1,$-0,$-35,$-4,$0,$0,$0,$1,$1,$0,$-3,$-0,$0,$-0,$105,$105,$0,$0,$105,$67,$8,$0
11,2015-09-30,16.18,$0.90,18.01,$0.00,0.0,$-1.69,0.0,$-0.92,0.0,$0.04B,$0.00B,11.47,$0.00B,$0.04B,0.0,$0.00B,0,nan%,$0.00B,$-0.04B,inf%,$0.00B,$-0.04B,inf%,$0.00B,$-0.04B,inf%,$0.00B,$-0.04B,inf%,$0.00B,$-0.04B,inf%,$-0.04B,$0.04B,-76.64%,$-0.04B,$0.04B,-76.64%,$-0.04B,$0.05B,-71.00%,$-0.04B,$0.04B,-74.77%,$0,$0,$0,$6,$4,$11,$-11,$0,$-11,$0,$-11,$-11,$-11,$-11,$-11,$45,45,$-0.25,$-0.25,$39,$0,$0,$41,$4,$0,$0,$0,$4,$45,$4,$0,$0,$1,$5,$0,$-98,$0,$40,$45,$-32,$1,$6,$7,$-1,$0,$-0,$-1,$-0,$-25,$-3,$0,$0,$0,$-1,$-1,$0,$-4,$-0,$0,$-0,$1,$1,$0,$0,$0,$-28,$6,$0
12,2015-06-30,25.81,$1.10,23.38,$0.00,0.0,$-1.42,0.0,$-0.87,0.0,$0.05B,$0.00B,16.49,$0.00B,$0.05B,0.0,$0.00B,0,nan%,$0.00B,$-0.04B,inf%,$0.00B,$-0.04B,inf%,$0.00B,$-0.04B,inf%,$0.00B,$-0.04B,inf%,$0.00B,$-0.04B,inf%,$-0.04B,$0.05B,-63.41%,$-0.04B,$0.05B,-63.41%,$-0.04B,$0.05B,-59.77%,$-0.04B,$0.05B,-61.79%,$0,$0,$0,$7,$5,$12,$-12,$0,$-12,$0,$-12,$-12,$-12,$-12,$-12,$45,45,$-0.27,$-0.27,$48,$0,$0,$49,$4,$0,$0,$0,$4,$53,$3,$0,$0,$1,$4,$0,$-87,$0,$49,$53,$-21,$1,$4,$5,$-0,$0,$-0,$-1,$-0,$-16,$-2,$0,$0,$0,$-0,$-0,$0,$-2,$-0,$0,$-0,$0,$0,$0,$0,$0,$-18,$4,$0
13,2015-03-31,22.5,$1.32,17.08,$0.00,0.0,$-1.20,0.0,$-0.79,0.0,$0.06B,$0.00B,17.04,$0.00B,$0.06B,0.0,$0.00B,0,nan%,$0.00B,$-0.03B,inf%,$0.00B,$-0.03B,inf%,$0.00B,$-0.03B,inf%,$0.00B,$-0.03B,inf%,$0.00B,$-0.04B,inf%,$-0.04B,$0.06B,-50.72%,$-0.04B,$0.06B,-50.72%,$-0.04B,$0.06B,-48.28%,$-0.03B,$0.06B,-49.28%,$0,$0,$0,$6,$3,$9,$-9,$0,$-9,$0,$-9,$-9,$-9,$-9,$-9,$45,45,$-0.20,$-0.20,$58,$0,$1,$60,$4,$0,$0,$0,$4,$63,$4,$0,$0,$1,$5,$0,$-74,$0,$59,$63,$-9,$0,$2,$2,$-0,$0,$0,$-1,$-0,$-7,$-1,$0,$0,$0,$2,$2,$0,$1,$-0,$0,$-0,$0,$0,$0,$0,$0,$-6,$2,$0
14,2014-12-31,19.19,$1.48,12.98,$0.00,0.0,$-1.11,0.0,$-0.71,0.0,$0.07B,$0.00B,24.11,$0.00B,$0.07B,0.0,$0.00B,0,nan%,$0.00B,$-0.03B,inf%,$0.00B,$-0.03B,inf%,$0.00B,$-0.03B,inf%,$0.00B,$-0.03B,inf%,$0.00B,$-0.03B,inf%,$-0.03B,$0.07B,-48.44%,$-0.03B,$0.07B,-48.44%,$-0.03B,$0.07B,-46.27%,$-0.03B,$0.07B,-48.44%,$0,$0,$0,$5,$3,$8,$-8,$0,$-8,$0,$-9,$-9,$-9,$-8,$-8,$44,44,$-0.20,$-0.20,$67,$0,$0,$67,$3,$0,$0,$0,$3,$70,$3,$0,$0,$1,$4,$0,$-65,$0,$66,$70,$-31,$1,$10,$11,$-0,$0,$1,$-0,$1,$-19,$-2,$0,$0,$0,$-1,$-1,$0,$-3,$-0,$0,$-0,$46,$46,$0,$0,$46,$24,$10,$0
15,2014-09-30,21.48,$1.62,13.25,$0.00,0.0,$-0.93,0.0,$-0.64,0.0,$0.07B,$0.00B,35.24,$0.00B,$0.07B,0.0,$0.00B,0,nan%,$0.00B,$-0.03B,inf%,$0.00B,$-0.03B,inf%,$0.00B,$-0.03B,inf%,$0.00B,$-0.03B,inf%,$0.00B,$-0.03B,inf%,$-0.03B,$0.07B,-46.55%,$-0.03B,$0.07B,-46.75%,$-0.03B,$0.08B,-44.81%,$-0.03B,$0.07B,-48.28%,$0,$0,$0,$6,$3,$9,$-9,$0,$-9,$0,$-9,$-9,$-9,$-8,$-9,$45,45,$-0.20,$-0.20,$72,$0,$0,$73,$2,$0,$0,$0,$2,$75,$2,$0,$0,$1,$3,$0,$-57,$0,$72,$75,$-22,$1,$7,$8,$-0,$0,$1,$-1,$0,$-14,$-1,$0,$0,$0,$-2,$-2,$0,$-4,$-0,$0,$-0,$46,$46,$0,$0,$46,$28,$7,$0
16,2014-06-30,26.0,$1.77,14.73,$0.00,0.0,$-0.79,0.0,$-0.54,0.0,$0.08B,$0.00B,35.41,$0.00B,$0.08B,0.0,$0.00B,0,nan%,$0.00B,$-0.02B,inf%,$0.00B,$-0.02B,inf%,$0.00B,$-0.02B,inf%,$0.00B,$-0.02B,inf%,$0.00B,$-0.02B,inf%,$-0.02B,$0.08B,-42.93%,$-0.02B,$0.08B,-43.14%,$-0.02B,$0.08B,-41.51%,$-0.02B,$0.08B,-44.88%,$0,$0,$0,$5,$3,$8,$-8,$0,$-8,$0,$-8,$-8,$-8,$-8,$-8,$43,43,$-0.19,$-0.19,$79,$0,$0,$80,$2,$0,$0,$0,$2,$82,$2,$0,$0,$1,$3,$0,$-48,$0,$79,$82,$-13,$0,$5,$5,$-0,$0,$0,$-1,$0,$-8,$-1,$0,$0,$0,$-2,$-2,$0,$-3,$-0,$0,$-0,$46,$46,$0,$0,$46,$35,$5,$0
17,2014-03-31,21.81,$0.93,23.55,$0.00,0.0,$-0.72,0.0,$-0.48,0.0,$0.04B,$0.00B,23.18,$0.00B,$0.04B,0.0,$0.00B,0,nan%,$0.00B,$-0.02B,inf%,$0.00B,$-0.02B,inf%,$0.00B,$-0.02B,inf%,$0.00B,$-0.02B,inf%,$0.00B,$-0.02B,inf%,$-0.02B,$0.04B,-46.75%,$-0.02B,$0.04B,-47.37%,$-0.02B,$0.04B,-45.28%,$-0.02B,$0.04B,-49.35%,$0,$0,$0,$4,$2,$6,$-6,$0,$-6,$-1,$-5,$-5,$-5,$-6,$-6,$42,42,$-0.12,$-0.12,$39,$0,$0,$40,$2,$0,$0,$0,$2,$41,$2,$0,$0,$1,$3,$0,$-40,$0,$39,$41,$-5,$0,$2,$2,$-0,$0,$0,$-1,$-0,$-4,$-0,$0,$0,$0,$-1,$-1,$0,$-1,$0,$0,$0,$1,$1,$0,$-0,$1,$-4,$2,$0
18,2013-12-31,12.2,$1.00,12.24,$0.00,0.0,$-0.72,0.0,$-0.45,0.0,$0.04B,$0.00B,37.07,$0.00B,$0.04B,0.0,$0.00B,0,nan%,$0.00B,$-0.02B,inf%,$0.00B,$-0.02B,inf%,$0.00B,$-0.02B,inf%,$0.00B,$-0.02B,inf%,$0.00B,$-0.02B,inf%,$-0.02B,$0.04B,-44.14%,$-0.02B,$0.04B,-44.76%,$-0.02B,$0.04B,-42.95%,$-0.02B,$0.04B,-44.14%,$0,$0,$0,$4,$1,$5,$-5,$0,$-5,$0,$-5,$-5,$-5,$-5,$-5,$38,38,$-0.12,$-0.12,$42,$0,$0,$42,$1,$0,$0,$0,$1,$43,$1,$0,$0,$1,$2,$0,$-34,$0,$42,$43,$-15,$0,$4,$4,$1,$0,$0,$1,$1,$-10,$-1,$0,$0,$0,$-12,$-12,$0,$-13,$0,$0,$0,$41,$41,$0,$0,$41,$18,$4,$0
19,2013-09-30,13.41,$1.09,12.36,$0.00,0.0,$-0.43,0.0,$-0.32,0.0,$0.05B,$0.00B,108.36,$0.00B,$0.05B,0.0,$0.00B,0,nan%,$0.00B,$-0.01B,inf%,$0.00B,$-0.01B,inf%,$0.00B,$-0.01B,inf%,$0.00B,$-0.01B,inf%,$0.00B,$-0.01B,inf%,$-0.01B,$0.05B,-38.26%,$-0.01B,$0.05B,-38.60%,$-0.01B,$0.05B,-36.97%,$-0.01B,$0.05B,-38.26%,$0,$0,$0,$3,$1,$4,$-4,$0,$-4,$0,$-4,$-4,$-4,$-4,$-4,$40,40,$-0.10,$-0.10,$44,$0,$0,$45,$1,$0,$0,$0,$1,$46,$0,$0,$1,$1,$1,$0,$-29,$0,$45,$46,$-10,$0,$3,$3,$1,$0,$-0,$0,$0,$-7,$-1,$0,$0,$0,$-11,$-11,$0,$-12,$0,$0,$0,$40,$40,$0,$0,$40,$21,$3,$0
20,2013-06-30,8.12,$0.71,11.46,$0.00,0.0,$-0.27,0.0,$-0.22,0.0,$0.03B,$0.00B,15.56,$0.00B,$0.03B,0.0,$0.00B,0,nan%,$0.00B,$-0.01B,inf%,$0.00B,$-0.01B,inf%,$0.00B,$-0.01B,inf%,$0.00B,$-0.01B,inf%,$0.00B,$-0.01B,inf%,$-0.01B,$0.03B,-43.37%,$-0.01B,$0.03B,-43.90%,$-0.01B,$0.03B,-40.45%,$-0.01B,$0.03B,-43.37%,$0,$0,$0,$2,$1,$4,$-4,$0,$-4,$0,$-4,$-4,$-4,$-4,$-4,$39,39,$-0.10,$-0.10,$27,$0,$0,$28,$1,$0,$0,$0,$1,$29,$2,$0,$0,$0,$2,$0,$-26,$0,$28,$29,$-6,$0,$2,$2,$-0,$0,$0,$0,$0,$-4,$-1,$0,$0,$0,$0,$0,$0,$-1,$0,$0,$0,$20,$20,$0,$0,$20,$15,$2,$0
21,2013-03-31,7.27,$0.78,9.38,$0.00,0.0,$-0.20,0.0,$-0.16,0.0,$0.03B,$0.00B,26.53,$0.00B,$0.03B,0.0,$0.00B,0,nan%,$0.00B,$-0.01B,inf%,$0.00B,$-0.01B,inf%,$0.00B,$-0.01B,inf%,$0.00B,$-0.01B,inf%,$0.00B,$-0.01B,inf%,$-0.01B,$0.03B,-65.45%,$-0.01B,$0.03B,-65.45%,$-0.01B,$0.03B,-60.00%,$-0.01B,$0.03B,-50.91%,$0,$0,$0,$2,$1,$3,$-3,$0,$-3,$0,$-3,$-3,$-3,$-2,$-3,$29,29,$-0.09,$-0.09,$29,$0,$0,$30,$1,$0,$0,$0,$1,$31,$1,$0,$0,$0,$1,$0,$-22,$0,$30,$31,$-3,$0,$0,$0,$-0,$0,$-0,$-0,$-0,$-2,$-1,$0,$0,$0,$0,$0,$0,$-1,$0,$0,$0,$20,$20,$0,$0,$20,$17,$0,$0
22,2012-12-31,4.03,$0.00,0.0,$0.00,0.0,$-0.10,0.0,$-0.07,0.0,$0.01B,$0.00B,10.3,$0.00B,$0.01B,0.0,$0.00B,0,nan%,$0.00B,$-0.00B,inf%,$0.00B,$-0.00B,inf%,$0.00B,$-0.00B,inf%,$0.00B,$-0.01B,inf%,$0.00B,$-0.01B,inf%,$-0.01B,$0.01B,-60.00%,$-0.01B,$0.01B,-61.54%,$-0.01B,$0.01B,-52.17%,$-0.00B,$0.01B,-40.00%,$0,$0,$0,$0,$0,$0,$0,$0,$0,$0,$0,$0,$0,$0,$0,$0,0,$0.00,$0.00,$12,$0,$0,$13,$0,$0,$0,$0,$0,$13,$1,$0,$0,$0,$1,$0,$-19,$0,$12,$13,$0,$0,$0,$0,$0,$0,$0,$0,$0,$0,$0,$0,$0,$0,$0,$0,$0,$0,$0,$0,$0,$0,$0,$0,$0,$0,$0,$0,$0
23,2012-10-31,3.6,$0.53,6.79,$0.00,0.0,$-0.21,0.0,$-0.40,0.0,$0.01B,$0.00B,9.71,$0.00B,$0.01B,0.0,$0.00B,0,nan%,$0.00B,$-0.01B,inf%,$0.00B,$-0.01B,inf%,$0.00B,$-0.01B,inf%,$0.00B,$-0.01B,inf%,$0.00B,$-0.01B,inf%,$-0.01B,$0.01B,-100.00%,$-0.01B,$0.01B,-103.70%,$-0.01B,$0.02B,-84.85%,$-0.01B,$0.01B,-71.43%,$0,$0,$0,$1,$1,$2,$-2,$0,$-2,$0,$-2,$-2,$-2,$-2,$-2,$25,25,$-0.07,$-0.07,$13,$0,$0,$14,$0,$1,$0,$0,$2,$16,$1,$0,$0,$1,$2,$23,$-17,$0,$13,$16,$-2,$0,$0,$0,$-0,$0,$0,$-0,$0,$-1,$0,$-0,$0,$0,$0,$0,$0,$-0,$0,$0,$0,$0,$0,$0,$0,$0,$-1,$0,$0
24,2012-09-30,3.33,$0.00,0.0,$0.00,0.0,$-0.21,0.0,$-0.40,0.0,$0.00B,$0.00B,0.0,$0.00B,$0.00B,0.0,$0.00B,0,nan%,$0.00B,$-0.00B,inf%,$0.00B,$-0.00B,inf%,$0.00B,$-0.00B,inf%,$0.00B,$-0.01B,inf%,$0.00B,$-0.01B,inf%,$-0.01B,$0.00B,-105.26%,$-0.01B,$0.00B,-133.33%,$-0.01B,$0.00B,-86.96%,$-0.00B,$0.00B,-63.16%,$0,$0,$0,$0,$2,$2,$-2,$-2,$-4,$0,$-4,$-4,$-4,$-2,$-2,$25,25,$-0.15,$-0.15,$0,$0,$0,$0,$0,$0,$0,$0,$0,$0,$0,$0,$0,$0,$0,$0,$0,$0,$0,$0,$-5,$0,$3,$3,$1,$0,$0,$-0,$1,$-1,$-0,$0,$0,$0,$0,$0,$0,$-0,$0,$0,$0,$15,$15,$0,$0,$15,$13,$1,$0
25,2012-07-31,3.27,$0.00,0.0,$0.00,0.0,$-0.18,0.0,$-0.36,0.0,$0.02B,$0.00B,10.81,$0.00B,$0.02B,0.0,$0.00B,0,nan%,$0.00B,$-0.00B,inf%,$0.00B,$-0.00B,inf%,$0.00B,$-0.00B,inf%,$0.00B,$-0.00B,inf%,$0.00B,$-0.00B,inf%,$-0.00B,$0.02B,-21.05%,$-0.00B,$0.01B,-26.67%,$-0.00B,$0.02B,-17.39%,$-0.00B,$0.02B,-21.05%,$0,$0,$0,$0,$0,$0,$0,$0,$0,$0,$0,$0,$0,$0,$0,$0,0,$0.00,$0.00,$14,$0,$0,$15,$0,$1,$1,$0,$2,$17,$1,$0,$0,$1,$2,$23,$-16,$0,$15,$17,$0,$0,$0,$0,$0,$0,$0,$0,$0,$0,$0,$0,$0,$0,$0,$0,$0,$0,$0,$0,$0,$0,$0,$0,$0,$0,$0,$0,$0
26,2012-06-30,2.69,$0.00,0.0,$0.00,0.0,$-0.19,0.0,$-0.36,0.0,$0.00B,$0.00B,0.0,$0.00B,$0.00B,0.0,$0.00B,0,nan%,$0.00B,$-0.00B,inf%,$0.00B,$-0.00B,inf%,$0.00B,$-0.00B,inf%,$0.00B,$-0.00B,inf%,$0.00B,$-0.00B,inf%,$-0.00B,$0.00B,-50.00%,$-0.00B,$0.00B,-133.33%,$-0.00B,$0.00B,-33.33%,$-0.00B,$0.00B,-50.00%,$0,$0,$0,$0,$1,$1,$-1,$0,$-1,$0,$-1,$-1,$-1,$-1,$-1,$12,12,$-0.10,$-0.10,$0,$0,$0,$0,$0,$0,$0,$0,$0,$0,$0,$0,$0,$0,$0,$0,$0,$0,$0,$0,$-1,$0,$0,$0,$-0,$0,$-0,$-0,$-0,$-1,$-0,$0,$0,$0,$0,$0,$0,$-0,$0,$0,$0,$15,$15,$0,$0,$15,$13,$0,$0
27,2012-04-30,2.73,$0.36,7.54,$0.02,130.26,$-0.09,0.0,$-0.03,0.0,$0.00B,$0.00B,4.64,$0.00B,$0.00B,0.0,$0.00B,0,nan%,$0.00B,0,nan%,$0.00B,0,nan%,$0.00B,0,nan%,$0.00B,0,nan%,$0.00B,0,nan%,$0.00B,$0.00B,0.00%,$0.00B,$0.00B,0.00%,$0.00B,$0.01B,0.00%,$0.00B,$0.00B,0.00%,$0,$0,$0,$0,$0,$0,$-0,$0,$-0,$0,$-0,$-0,$-0,$-0,$-0,$11,11,$-0.03,$-0.03,$0,$0,$0,$1,$0,$1,$3,$0,$5,$6,$0,$0,$0,$1,$2,$14,$-12,$0,$4,$6,$-1,$0,$-0,$0,$-0,$0,$0,$0,$0,$-0,$-0,$0,$0,$0,$0,$0,$-0,$-0,$0,$0,$0,$0,$0,$0,$0,$0,$-1,$0,$0
28,2012-03-31,1.05,$0.00,0.0,$0.02,53.11,$-0.04,0.0,$-0.03,0.0,$0.00B,$0.00B,0.0,$0.00B,$0.00B,0.0,$0.00B,0,nan%,$0.00B,0,nan%,$0.00B,0,nan%,$0.00B,0,nan%,$0.00B,0,nan%,$0.00B,0,nan%,$0.00B,$0.00B,0.00%,$0.00B,$0.00B,0.00%,$0.00B,$0.00B,0.00%,$0.00B,$0.00B,0.00%,$0,$0,$0,$0,$0,$0,$-0,$0,$-0,$0,$-0,$-0,$-0,$-0,$-0,$11,11,$-0.03,$-0.03,$0,$0,$0,$0,$0,$0,$0,$0,$0,$0,$0,$0,$0,$0,$0,$0,$0,$0,$0,$0,$-0,$0,$0,$0,$-0,$0,$0,$-0,$-0,$-0,$0,$-0,$0,$0,$0,$0,$0,$-0,$0,$0,$0,$0,$0,$0,$0,$0,$-0,$0,$0
29,2012-01-31,1.28,$0.40,3.17,$0.04,30.93,$-0.01,0.0,0,0.0,$0.00B,$0.00B,5.11,$0.00B,$0.00B,0.0,$0.00B,0,nan%,$0.00B,0,nan%,$0.00B,0,nan%,$0.00B,0,nan%,$0.00B,0,nan%,$0.00B,0,nan%,$0.00B,$0.00B,0.00%,$0.00B,$0.00B,0.00%,$0.00B,$0.01B,0.00%,$0.00B,$0.00B,0.00%,$0,$0,$0,$0,$0,$0,$-0,$0,$-0,$0,$-0,$-0,$-0,$-0,$-0,$11,11,$-0.03,$-0.03,$1,$0,$0,$1,$0,$1,$3,$0,$5,$6,$0,$0,$0,$1,$2,$14,$-11,$0,$4,$6,$-1,$0,$-0,$0,$0,$0,$0,$0,$0,$-0,$-0,$0,$0,$0,$0,$0,$-0,$-0,$0,$0,$0,$0,$0,$0,$0,$0,$-0,$0,$0
30,2011-10-31,2.87,$0.42,6.84,$0.07,41.12,$0.03,108.3,0,0.0,$0.00B,$0.00B,7.0,$0.00B,$0.01B,0.0,$0.00B,0,nan%,$0.00B,0,nan%,$0.00B,0,nan%,$0.00B,0,nan%,$0.00B,0,nan%,$0.00B,0,nan%,$0.00B,$0.01B,0.00%,$0.00B,$0.00B,0.00%,$0.00B,$0.01B,0.00%,$0.00B,$0.01B,0.00%,$0,$0,$0,$0,$0,$1,$-0,$0,$-0,$0,$-0,$-0,$-0,$-0,$-0,$11,11,$-0.04,$-0.04,$1,$0,$0,$1,$0,$1,$3,$0,$5,$6,$0,$0,$0,$1,$2,$14,$-11,$0,$5,$6,$-0,$0,$0,$0,$-0,$0,$0,$0,$-0,$-0,$0,$-0,$0,$0,$-0,$-0,$-0,$-0,$0,$0,$0,$0,$0,$0,$0,$0,$-0,$0,$0
31,2011-07-31,3.89,$0.00,0.0,$0.09,40.97,$0.03,123.1,0,0.0,$0.00B,$0.00B,20.53,$0.00B,$0.01B,0.0,$0.00B,0,nan%,$0.00B,0,nan%,$0.00B,0,nan%,$0.00B,0,nan%,$0.00B,0,nan%,$0.00B,0,nan%,$0.00B,$0.01B,0.00%,$0.00B,$0.00B,0.00%,$0.00B,$0.01B,0.00%,$0.00B,$0.01B,0.00%,$0,$0,$0,$0,$0,$0,$0,$0,$0,$0,$0,$0,$0,$0,$0,$0,0,$0.00,$0.00,$1,$0,$0,$1,$0,$1,$3,$0,$5,$6,$0,$0,$0,$1,$1,$14,$-10,$0,$5,$6,$0,$0,$0,$0,$0,$0,$0,$0,$0,$0,$0,$0,$0,$0,$0,$0,$0,$0,$0,$0,$0,$0,$0,$0,$0,$0,$0,$0,$0
32,2011-04-30,3.86,$0.45,8.58,$0.09,40.65,$0.03,122.15,0,0.0,$0.00B,$0.00B,6.51,$0.00B,$0.01B,0.0,$0.00B,0,nan%,$0.00B,0,nan%,$0.00B,0,nan%,$0.00B,0,nan%,$0.00B,0,nan%,$0.00B,0,nan%,$0.00B,$0.01B,0.00%,$0.00B,$0.00B,0.00%,$0.00B,$0.01B,0.00%,$0.00B,$0.01B,0.00%,$0,$0,$0,$0,$0,$0,$-0,$0,$-0,$0,$-0,$-0,$-0,$-0,$-0,$11,11,$-0.01,$-0.01,$0,$0,$0,$1,$0,$1,$3,$0,$5,$6,$0,$0,$0,$1,$2,$14,$-10,$0,$5,$6,$-0,$0,$-0,$0,$-0,$0,$0,$0,$0,$0,$-0,$0,$0,$0,$0,$0,$-0,$-0,$0,$0,$0,$0,$0,$0,$0,$0,$0,$0,$0
33,2011-01-31,1.3,$0.46,2.82,$0.07,17.47,$-0.07,0.0,0,0.0,$0.00B,$0.00B,7.67,$0.00B,$0.01B,0.0,$0.00B,0,nan%,$0.00B,0,nan%,$0.00B,0,nan%,$0.00B,0,nan%,$0.00B,0,nan%,$0.00B,0,nan%,$0.00B,$0.01B,0.00%,$0.00B,$0.00B,0.00%,$0.00B,$0.01B,0.00%,$0.00B,$0.01B,0.00%,$0,$0,$0,$0,$0,$0,$-0,$0,$-0,$0,$-0,$-0,$-0,$0,$-0,$11,11,$0.00,$0.00,$0,$0,$0,$1,$0,$1,$3,$0,$6,$6,$0,$0,$0,$1,$1,$14,$-10,$0,$5,$6,$0,$0,$-0,$0,$-0,$0,$0,$0,$0,$0,$-0,$0,$0,$0,$0,$0,$-0,$-0,$0,$0,$0,$0,$0,$0,$0,$0,$0,$0,$0
34,2010-10-31,1.1,$0.46,2.37,$0.05,21.93,$-0.16,0.0,0,0.0,$0.00B,$0.00B,8.21,$0.00B,$0.01B,0.0,$0.00B,0,nan%,$0.00B,0,nan%,$0.00B,0,nan%,$0.00B,0,nan%,$0.00B,0,nan%,$0.00B,0,nan%,$0.00B,$0.01B,0.00%,$0.00B,$0.00B,0.00%,$0.00B,$0.01B,0.00%,$0.00B,$0.01B,0.00%,$0,$0,$0,$0,$0,$0,$0,$0,$0,$0,$0,$0,$0,$0,$0,$11,11,$0.01,$0.01,$0,$0,$0,$1,$0,$1,$3,$0,$5,$6,$0,$0,$0,$1,$1,$14,$-10,$0,$5,$6,$0,$0,$-0,$0,$-0,$0,$0,$0,$-0,$-0,$0,$-0,$0,$0,$-0,$-0,$0,$-0,$0,$0,$0,$0,$0,$0,$0,$0,$-0,$0,$0
35,2010-07-31,0.87,$0.00,0.0,$0.01,0.0,$-0.18,0.0,0,0.0,$0.00B,$0.00B,9.92,$0.00B,$0.01B,0.0,$0.00B,0,nan%,$0.00B,0,nan%,$0.00B,0,nan%,$0.00B,0,nan%,$0.00B,0,nan%,$0.00B,0,nan%,$0.00B,$0.01B,0.00%,$0.00B,$0.00B,0.00%,$0.00B,$0.01B,0.00%,$0.00B,$0.01B,0.00%,$0,$0,$0,$0,$0,$0,$0,$0,$0,$0,$0,$0,$0,$0,$0,$0,0,$0.00,$0.00,$0,$0,$0,$1,$0,$1,$3,$0,$6,$6,$0,$0,$0,$1,$1,$14,$-10,$0,$5,$6,$0,$0,$0,$0,$0,$0,$0,$0,$0,$0,$0,$0,$0,$0,$0,$0,$0,$0,$0,$0,$0,$0,$0,$0,$0,$0,$0,$0,$0
36,2010-04-30,0.83,$0.29,2.87,$0.01,0.0,$-0.18,0.0,0,0.0,$0.00B,$0.00B,1.95,$0.00B,$0.00B,0.0,$0.00B,0,nan%,$0.00B,0,nan%,$0.00B,0,nan%,$0.00B,0,nan%,$0.00B,0,nan%,$0.00B,0,nan%,$0.00B,$0.00B,0.00%,$0.00B,$0.00B,0.00%,$0.00B,$0.01B,0.00%,$0.00B,$0.00B,0.00%,$0,$0,$0,$0,$0,$0,$-0,$0,$-0,$0,$-0,$-0,$-0,$-0,$-0,$10,10,$-0.03,$-0.03,$0,$0,$0,$0,$0,$1,$3,$0,$4,$5,$0,$0,$0,$1,$1,$14,$-12,$0,$3,$5,$-1,$0,$-0,$0,$-0,$0,$0,$0,$0,$-1,$0,$-0,$0,$0,$0,$0,$-0,$-0,$0,$0,$0,$0,$0,$0,$0,$0,$-1,$0,$0
37,2010-01-31,0.68,$0.31,2.23,$0.03,20.21,$-0.11,0.0,0,0.0,$0.00B,$0.00B,1.57,$0.00B,$0.00B,0.0,$0.00B,0,nan%,$0.00B,0,nan%,$0.00B,0,nan%,$0.00B,0,nan%,$0.00B,0,nan%,$0.00B,0,nan%,$0.00B,$0.00B,0.00%,$0.00B,$0.00B,0.00%,$0.00B,$0.00B,0.00%,$0.00B,$0.00B,0.00%,$0,$0,$0,$0,$0,$0,$-0,$0,$-0,$0,$-0,$-0,$-0,$-0,$-0,$10,10,$-0.04,$-0.04,$0,$0,$0,$0,$0,$1,$3,$0,$4,$4,$0,$0,$0,$1,$1,$14,$-12,$0,$3,$4,$-1,$0,$-0,$0,$-0,$0,$0,$-0,$0,$-1,$0,$-0,$0,$0,$0,$0,$-0,$-0,$0,$0,$0,$0,$0,$0,$0,$0,$-1,$0,$0
38,2009-10-31,1.28,$0.34,3.75,$0.06,19.88,$-0.06,0.0,0,0.0,$0.00B,$0.00B,3.5,$0.00B,$0.00B,0.0,$0.00B,0,nan%,$0.00B,0,nan%,$0.00B,0,nan%,$0.00B,0,nan%,$0.00B,0,nan%,$0.00B,0,nan%,$0.00B,$0.00B,0.00%,$0.00B,$0.00B,0.00%,$0.00B,$0.01B,0.00%,$0.00B,$0.00B,0.00%,$0,$0,$0,$0,$0,$0,$-0,$0,$-0,$0,$-0,$-0,$-0,$-0,$-0,$10,10,$-0.04,$-0.04,$0,$0,$0,$1,$0,$1,$3,$0,$4,$5,$0,$0,$0,$1,$1,$14,$-11,$0,$3,$5,$-0,$0,$-0,$0,$0,$0,$-0,$0,$0,$-0,$0,$-0,$0,$0,$-0,$-0,$-0,$-0,$0,$0,$0,$0,$0,$0,$0,$0,$-0,$0,$0
39,2009-07-31,2.7,$0.00,0.0,$0.09,29.26,$-0.04,0.0,0,0.0,$0.00B,$0.00B,5.97,$0.00B,$0.00B,0.0,$0.00B,0,nan%,$0.00B,0,nan%,$0.00B,0,nan%,$0.00B,0,nan%,$0.00B,0,nan%,$0.00B,0,nan%,$0.00B,$0.00B,0.00%,$0.00B,$0.00B,0.00%,$0.00B,$0.01B,0.00%,$0.00B,$0.00B,0.00%,$0,$0,$0,$0,$0,$0,$0,$0,$0,$0,$0,$0,$0,$0,$0,$0,0,$0.00,$0.00,$1,$0,$0,$1,$0,$1,$3,$0,$4,$5,$0,$0,$0,$1,$1,$14,$-11,$0,$4,$5,$0,$0,$0,$0,$0,$0,$0,$0,$0,$0,$0,$0,$0,$0,$0,$0,$0,$0,$0,$0,$0,$0,$0,$0,$0,$0,$0,$0,$0
40,2009-04-30,1.98,$0.39,5.08,$0.09,21.46,$-0.04,0.0,0,0.0,$0.00B,$0.00B,4.0,$0.00B,$0.00B,0.0,$0.00B,0,nan%,$0.00B,0,nan%,$0.00B,0,nan%,$0.00B,0,nan%,$0.00B,0,nan%,$0.00B,0,nan%,$0.00B,$0.00B,0.00%,$0.00B,$0.00B,0.00%,$0.00B,$0.01B,0.00%,$0.00B,$0.00B,0.00%,$0,$0,$0,$0,$0,$1,$-0,$0,$-0,$0,$-0,$-0,$-0,$-0,$-0,$10,10,$-0.02,$-0.02,$1,$0,$0,$1,$0,$1,$3,$0,$4,$5,$0,$0,$0,$1,$1,$14,$-11,$0,$4,$5,$-1,$0,$0,$0,$0,$0,$-0,$-0,$0,$-0,$-0,$0,$0,$0,$0,$0,$-0,$-0,$0,$0,$0,$0,$0,$0,$0,$0,$-0,$0,$0
41,2009-01-31,2.2,$0.41,5.41,$0.07,30.95,$-0.10,0.0,0,0.0,$0.00B,$0.00B,5.33,$0.00B,$0.00B,0.0,$0.00B,0,nan%,$0.00B,0,nan%,$0.00B,0,nan%,$0.00B,0,nan%,$0.00B,0,nan%,$0.00B,0,nan%,$0.00B,$0.00B,0.00%,$0.00B,$0.00B,0.00%,$0.00B,$0.01B,0.00%,$0.00B,$0.00B,0.00%,$0,$0,$0,$0,$0,$0,$-0,$-0,$-0,$0,$-0,$-0,$-0,$-0,$-0,$10,10,$-0.02,$-0.02,$1,$0,$0,$1,$0,$1,$3,$0,$4,$5,$0,$0,$0,$1,$1,$14,$-10,$0,$4,$5,$-0,$0,$0,$0,$-0,$0,$-0,$-0,$-0,$-0,$0,$-0,$0,$0,$0,$0,$-0,$-0,$0,$0,$0,$0,$0,$0,$0,$0,$-0,$0,$0
42,2008-10-31,2.74,$0.42,6.54,$0.05,56.0,$-0.12,0.0,0,0.0,$0.00B,$0.00B,5.69,$0.00B,$0.00B,0.0,$0.00B,0,nan%,$0.00B,0,nan%,$0.00B,0,nan%,$0.00B,0,nan%,$0.00B,0,nan%,$0.00B,0,nan%,$0.00B,$0.00B,0.00%,$0.00B,$0.00B,0.00%,$0.00B,$0.01B,0.00%,$0.00B,$0.00B,0.00%,$0,$0,$0,$0,$0,$0,$-0,$-0,$-0,$0,$-0,$-0,$-0,$-0,$-0,$10,10,$-0.02,$-0.02,$1,$0,$0,$1,$0,$1,$3,$0,$4,$6,$0,$0,$0,$1,$1,$14,$-10,$0,$4,$6,$-0,$0,$0,$0,$0,$0,$-0,$-0,$-0,$-0,$0,$-0,$0,$0,$-0,$-0,$-0,$-0,$0,$0,$0,$0,$0,$0,$0,$0,$-0,$0,$0
43,2008-07-31,4.42,$0.00,0.0,$0.03,170.0,$-0.14,0.0,0,0.0,$0.00B,$0.00B,5.06,$0.00B,$0.00B,0.0,$0.00B,0,nan%,$0.00B,$-0.00B,inf%,$0.00B,$-0.00B,inf%,$0.00B,0,nan%,$0.00B,0,nan%,$0.00B,0,nan%,$0.00B,$0.00B,0.00%,$0.00B,$0.00B,0.00%,$0.00B,$0.01B,0.00%,$-0.00B,$0.00B,-23.53%,$0,$0,$0,$0,$0,$0,$0,$0,$0,$0,$0,$0,$0,$0,$0,$0,0,$0.00,$0.00,$1,$0,$0,$1,$0,$1,$3,$0,$4,$6,$0,$0,$0,$1,$1,$14,$-10,$0,$4,$6,$0,$0,$0,$0,$0,$0,$0,$0,$0,$0,$0,$0,$0,$0,$0,$0,$0,$0,$0,$0,$0,$0,$0,$0,$0,$0,$0,$0,$0
44,2008-04-30,3.99,$0.45,8.92,$0.03,153.46,$-0.14,0.0,0,0.0,$0.00B,$0.00B,6.34,$0.00B,$0.01B,0.0,$0.00B,0,nan%,$0.00B,$-0.00B,inf%,$0.00B,$-0.00B,inf%,$0.00B,0,nan%,$0.00B,0,nan%,$0.00B,0,nan%,$0.00B,$0.01B,0.00%,$0.00B,$0.00B,0.00%,$0.00B,$0.01B,0.00%,$-0.00B,$0.01B,-22.22%,$0,$0,$0,$0,$0,$0,$-0,$-0,$-0,$0,$-0,$-0,$-0,$-0,$-0,$10,10,$-0.04,$-0.04,$1,$0,$0,$1,$0,$1,$3,$0,$5,$6,$0,$0,$0,$1,$1,$14,$-10,$0,$5,$6,$-1,$0,$-0,$0,$0,$0,$0,$0,$0,$-1,$0,$-0,$0,$0,$0,$0,$-0,$-0,$0,$0,$0,$1,$1,$0,$0,$1,$-0,$0,$0
45,2008-01-31,4.13,$0.41,10.07,$0.02,185.66,$-0.18,0.0,0,0.0,$0.00B,$0.00B,2.97,$0.00B,$0.00B,0.0,$0.00B,0,nan%,$0.00B,$-0.00B,inf%,$0.00B,$-0.00B,inf%,$0.00B,0,nan%,$0.00B,0,nan%,$0.00B,0,nan%,$0.00B,$0.00B,0.00%,$0.00B,$0.00B,0.00%,$0.00B,$0.01B,0.00%,$-0.00B,$0.00B,-44.44%,$0,$0,$0,$0,$0,$0,$-0,$0,$-0,$0,$-0,$-0,$-0,$-0,$-0,$10,10,$-0.03,$-0.03,$1,$0,$0,$1,$0,$1,$3,$0,$5,$6,$0,$0,$0,$1,$1,$13,$-9,$0,$4,$6,$-1,$0,$-0,$0,$-0,$0,$0,$0,$0,$-0,$0,$-0,$0,$0,$0,$0,$-0,$-0,$0,$0,$0,$0,$0,$0,$0,$0,$-1,$0,$0
46,2007-10-31,3.8,$0.44,8.59,$0.02,219.78,$-0.22,0.0,0,0.0,$0.00B,$0.00B,4.47,$0.00B,$0.00B,0.0,$0.00B,0,nan%,$0.00B,$-0.00B,inf%,$0.00B,$-0.00B,inf%,$0.00B,0,nan%,$0.00B,0,nan%,$0.00B,0,nan%,$0.00B,$0.00B,0.00%,$0.00B,$0.00B,0.00%,$0.00B,$0.01B,0.00%,$-0.00B,$0.00B,-40.00%,$0,$0,$0,$0,$0,$1,$-1,$0,$-0,$0,$-0,$-0,$-0,$-0,$-1,$10,10,$-0.05,$-0.05,$1,$0,$0,$1,$0,$1,$3,$0,$5,$6,$0,$0,$0,$1,$1,$13,$-9,$0,$4,$6,$-0,$0,$-0,$0,$0,$0,$0,$0,$0,$-0,$0,$-0,$0,$0,$0,$0,$-0,$-0,$0,$0,$0,$0,$0,$0,$0,$0,$-0,$0,$0
47,2007-07-31,2.35,$0.00,0.0,$0.02,142.88,$-0.24,0.0,0,0.0,$0.00B,$0.00B,9.86,$0.00B,$0.01B,0.0,$0.00B,0,nan%,$0.00B,$-0.00B,inf%,$0.00B,$-0.00B,inf%,$0.00B,$-0.00B,inf%,$0.00B,$-0.00B,inf%,$0.00B,$-0.00B,inf%,$-0.00B,$0.01B,-18.18%,$-0.00B,$0.00B,-50.00%,$-0.00B,$0.01B,-14.81%,$-0.00B,$0.01B,-36.36%,$0,$0,$0,$0,$0,$0,$0,$0,$0,$0,$0,$0,$0,$0,$0,$0,0,$0.00,$0.00,$1,$0,$0,$2,$0,$1,$3,$0,$5,$6,$0,$0,$0,$1,$1,$13,$-8,$0,$5,$6,$0,$0,$0,$0,$0,$0,$0,$0,$0,$0,$0,$0,$0,$0,$0,$0,$0,$0,$0,$0,$0,$0,$0,$0,$0,$0,$0,$0,$0
48,2007-04-30,1.69,$0.53,3.18,$0.02,102.75,$-0.24,0.0,0,0.0,$0.00B,$0.00B,10.0,$0.00B,$0.01B,0.0,$0.00B,0,nan%,$0.00B,$-0.00B,inf%,$0.00B,$-0.00B,inf%,$0.00B,$-0.00B,inf%,$0.00B,$-0.00B,inf%,$0.00B,$-0.00B,inf%,$-0.00B,$0.01B,-16.67%,$-0.00B,$0.00B,-40.00%,$-0.00B,$0.01B,-13.79%,$-0.00B,$0.01B,-33.33%,$0,$0,$0,$0,$0,$1,$-1,$0,$-0,$0,$-0,$-0,$-0,$-0,$-1,$10,10,$-0.05,$-0.05,$2,$0,$0,$2,$0,$1,$4,$0,$5,$7,$0,$0,$0,$1,$1,$13,$-8,$0,$5,$7,$-1,$0,$-0,$0,$-0,$-0,$-0,$0,$0,$-1,$0,$0,$0,$0,$0,$0,$-0,$-0,$0,$0,$0,$0,$0,$0,$0,$0,$-1,$0,$0
49,2007-01-31,1.89,$0.58,3.27,$0.02,116.98,$-0.35,0.0,0,0.0,$0.00B,$0.00B,10.73,$0.00B,$0.01B,0.0,$0.00B,0,nan%,$0.00B,$-0.00B,inf%,$0.00B,$-0.00B,inf%,$0.00B,$-0.00B,inf%,$0.00B,$-0.00B,inf%,$0.00B,$-0.00B,inf%,$-0.00B,$0.01B,-30.77%,$-0.00B,$0.00B,-66.67%,$-0.00B,$0.01B,-25.81%,$-0.00B,$0.01B,-30.77%,$0,$0,$0,$0,$0,$1,$-0,$0,$-0,$0,$-0,$-0,$-0,$-0,$-0,$10,10,$-0.05,$-0.05,$2,$0,$0,$2,$0,$1,$4,$0,$5,$7,$0,$0,$0,$1,$1,$13,$-7,$0,$6,$7,$-1,$0,$-0,$0,$-0,$-0,$0,$0,$0,$-1,$0,$0,$0,$0,$0,$0,$-0,$-0,$0,$0,$0,$0,$0,$0,$0,$0,$-1,$0,$0
50,2006-10-31,2.51,$0.62,4.03,$0.01,190.32,$-0.42,0.0,0,0.0,$0.00B,$0.00B,15.23,$0.00B,$0.01B,0.0,$0.00B,0,nan%,$0.00B,$-0.00B,inf%,$0.00B,$-0.00B,inf%,$0.00B,$-0.00B,inf%,$0.00B,$-0.00B,inf%,$0.00B,$-0.00B,inf%,$-0.00B,$0.01B,-42.86%,$-0.00B,$0.00B,-85.71%,$-0.00B,$0.01B,-36.36%,$-0.00B,$0.01B,-42.86%,$0,$0,$0,$0,$0,$1,$-1,$0,$-1,$0,$-1,$-1,$-1,$-1,$-1,$10,10,$-0.05,$-0.05,$3,$0,$0,$3,$0,$1,$4,$0,$5,$7,$0,$0,$0,$1,$1,$13,$-7,$0,$6,$7,$-1,$0,$-0,$0,$0,$0,$0,$0,$0,$-0,$0,$0,$0,$0,$0,$0,$-0,$-0,$0,$0,$0,$0,$0,$0,$0,$0,$-0,$0,$0
