,Date,Stock Price,Book Value per Share,Price to Book Ratio,TTM Sales per Share,Price to Sales Ratio,TTM FCF per Share,Price to FCF Ratio,TTM Net EPS,PE Ratio,Current Assets,Current Liabilities,Current Ratio,Long Term Debt,Shareholder's Equity_x,Debt to Equity Ratio,TTM Revenue_x,TTM Gross Profit,Gross Margin,TTM Revenue_y,TTM Operating Income,Operating Margin,TTM Revenue_x,TTM EBIT,EBIT Margin,TTM Revenue_y,TTM EBITDA,EBITDA Margin,TTM Revenue_x,TTM Pre-Tax Income,Pre-Tax Margin,TTM Revenue_y,TTM Net Income_x,Net Margin,TTM Net Income_y,Shareholder's Equity_y,Return on Equity,TTM Net Income_x,Tangible Equity,Return on Tangible Equity,TTM Net Income_y,Total Assets,Return on Assets,TTM Net Income,LT Investments & Debt,Return on Investment,revenue,cost-goods-sold,gross-profit,research-development-expenses,selling-general-administrative-expenses,operating-expenses,operating-income,total-non-operating-income-expense,pre-tax-income,total-provision-income-taxes,income-after-taxes,income-from-continuous-operations,net-income,ebitda,ebit,basic-shares-outstanding,shares-outstanding,eps-basic-net-earnings-per-share,eps-earnings-per-share-diluted,cash-on-hand,inventory,other-current-assets,total-current-assets,net-property-plant-equipment,long-term-investments,goodwill-intangible-assets-total,other-long-term-assets,total-long-term-assets,total-assets,total-current-liabilities,long-term-debt,other-non-current-liabilities,total-long-term-liabilities,total-liabilities,common-stock-net,retained-earnings-accumulated-deficit,comprehensive-income,total-share-holder-equity,total-liabilities-share-holders-equity,net-income-loss,total-depreciation-amortization-cash-flow,other-non-cash-items,total-non-cash-items,change-in-accounts-receivable,change-in-inventories,change-in-accounts-payable,change-in-assets-liabilities,total-change-in-assets-liabilities,cash-flow-from-operating-activities,net-change-in-property-plant-equipment,net-change-in-intangible-assets,net-acquisitions-divestitures,net-change-in-short-term-investments,net-change-in-long-term-investments,net-change-in-investments-total,investing-activities-other,cash-flow-from-investing-activities,net-long-term-debt,net-current-debt,debt-issuance-retirement-net-total,net-common-equity-issued-repurchased,net-total-equity-issued-repurchased,total-common-preferred-stock-dividends-paid,financial-activities-other,cash-flow-from-financial-activities,net-cash-flow,stock-based-compensation,common-stock-dividends-paid
0,2018-09-30,70.3,$46.20,1.52,$243.43,0.29,$5.18,13.57,$3.37,20.86,$3.12B,$1.95B,1.6,$0.91B,$1.56B,0.59,$8.30B,$1.63B,19.60%,$8.30B,$0.30B,3.66%,$8.30B,$0.30B,3.66%,$8.30B,$0.38B,4.52%,$8.30B,$0.23B,2.72%,$8.30B,$0.12B,1.39%,$0.12B,$1.56B,7.64%,$0.12B,$0.33B,37.16%,$0.12B,$4.63B,2.61%,$0.30B,$2.48B,11.63%,$2179,$1755,$424,$0,$335,$2090,$90,$-21,$69,$21,$48,$48,$48,$108,$90,$34,34,$1.41,$1.40,$70,$1364,$46,$3117,$162,$0,$1238,$109,$1509,$4626,$1952,$914,$196,$1110,$3062,$34,$1471,$-231,$1564,$4626,$115,$55,$13,$67,$0,$0,$0,$-75,$-75,$103,$-32,$0,$-150,$0,$0,$0,$9,$-173,$16,$0,$16,$2,$2,$0,$0,$18,$-46,$15,$0
1,2018-06-30,63.3,$44.57,1.42,$238.83,0.27,$5.43,11.65,$3.08,20.55,$2.98B,$1.81B,1.65,$0.99B,$1.51B,0.66,$8.13B,$1.60B,19.66%,$8.13B,$0.30B,3.63%,$8.13B,$0.30B,3.63%,$8.13B,$0.37B,4.49%,$8.13B,$0.22B,2.69%,$8.13B,$0.11B,1.29%,$0.11B,$1.51B,7.10%,$0.11B,$0.26B,35.15%,$0.11B,$4.50B,2.43%,$0.30B,$2.49B,11.02%,$2138,$1719,$419,$0,$348,$2067,$71,$-22,$49,$14,$35,$35,$35,$90,$71,$34,34,$1.03,$1.02,$110,$1269,$43,$2981,$166,$0,$1248,$107,$1521,$4502,$1811,$987,$196,$1183,$2994,$34,$1424,$-238,$1507,$4502,$67,$36,$9,$45,$0,$0,$0,$-45,$-45,$69,$-25,$0,$-150,$0,$0,$0,$4,$-170,$89,$0,$89,$1,$1,$0,$0,$90,$-6,$12,$0
2,2018-03-31,75.75,$44.14,1.72,$235.00,0.32,$7.54,10.05,$3.24,23.38,$2.87B,$1.30B,2.21,$1.29B,$1.49B,0.86,$8.00B,$1.58B,19.71%,$8.00B,$0.31B,3.84%,$8.00B,$0.31B,3.84%,$8.00B,$0.38B,4.69%,$8.00B,$0.23B,2.93%,$8.00B,$0.11B,1.38%,$0.11B,$1.49B,7.58%,$0.11B,$0.35B,37.90%,$0.11B,$4.28B,2.59%,$0.31B,$2.78B,11.23%,$1964,$1579,$385,$0,$323,$1903,$62,$-16,$46,$14,$32,$32,$32,$79,$62,$34,34,$0.95,$0.94,$79,$1271,$43,$2869,$157,$0,$1141,$110,$1409,$4277,$1299,$1286,$200,$1487,$2785,$34,$1389,$-213,$1492,$4277,$32,$18,$4,$22,$0,$0,$0,$-125,$-125,$-71,$-11,$0,$0,$0,$0,$0,$4,$-7,$38,$0,$38,$1,$1,$0,$0,$39,$-37,$5,$0
3,2017-12-31,76.0,$43.35,1.75,$233.32,0.33,$11.21,6.78,$3.21,23.68,$2.83B,$1.35B,2.1,$1.25B,$1.46B,0.86,$7.93B,$1.57B,19.82%,$7.93B,$0.31B,3.96%,$7.93B,$0.31B,3.96%,$7.93B,$0.38B,4.82%,$7.93B,$0.24B,3.00%,$7.93B,$0.11B,1.38%,$0.11B,$1.46B,7.71%,$0.11B,$0.30B,44.58%,$0.11B,$4.25B,2.60%,$0.31B,$2.71B,11.59%,$2014,$1615,$398,$0,$318,$1933,$81,$-19,$62,$61,$0,$0,$0,$98,$81,$34,34,$0.01,$0.01,$116,$1239,$45,$2834,$154,$0,$1157,$107,$1418,$4252,$1351,$1248,$195,$1442,$2793,$34,$1357,$-210,$1459,$4252,$109,$69,$56,$125,$-54,$-40,$59,$-10,$-46,$184,$-41,$0,$0,$0,$0,$0,$0,$-41,$-141,$0,$-141,$5,$5,$0,$-0,$-136,$1,$18,$0
4,2017-09-30,85.0,$43.32,1.96,$230.48,0.37,$14.35,5.92,$4.29,19.81,$2.84B,$1.37B,2.07,$1.27B,$1.46B,0.87,$7.81B,$1.56B,19.98%,$7.81B,$0.31B,4.02%,$7.81B,$0.31B,4.02%,$7.81B,$0.38B,4.89%,$7.81B,$0.24B,3.01%,$7.81B,$0.15B,1.87%,$0.15B,$1.46B,10.64%,$0.15B,$0.28B,74.11%,$0.15B,$4.25B,3.52%,$0.31B,$2.73B,11.62%,$2016,$1619,$397,$0,$316,$1936,$81,$-18,$62,$25,$38,$38,$38,$98,$81,$34,34,$1.12,$1.11,$77,$1232,$46,$2838,$151,$0,$1174,$90,$1415,$4253,$1372,$1270,$154,$1425,$2796,$34,$1357,$-207,$1456,$4253,$109,$52,$8,$60,$0,$0,$0,$-54,$-54,$110,$-31,$0,$0,$0,$0,$0,$0,$-31,$-118,$0,$-118,$4,$4,$0,$-0,$-114,$-38,$13,$0
5,2017-06-30,78.2,$41.57,1.88,$229.40,0.34,$18.38,4.25,$4.39,17.81,$2.80B,$1.32B,2.12,$1.33B,$1.40B,0.95,$7.75B,$1.56B,20.13%,$7.75B,$0.32B,4.13%,$7.75B,$0.32B,4.13%,$7.75B,$0.39B,5.02%,$7.75B,$0.24B,3.07%,$7.75B,$0.15B,1.91%,$0.15B,$1.40B,11.14%,$0.15B,$0.23B,99.83%,$0.15B,$4.20B,3.59%,$0.32B,$2.73B,11.86%,$2001,$1606,$396,$0,$313,$1919,$83,$-19,$64,$24,$40,$40,$40,$100,$83,$34,34,$1.19,$1.18,$178,$1191,$45,$2797,$148,$0,$1172,$88,$1407,$4204,$1318,$1331,$158,$1489,$2808,$34,$1319,$-226,$1396,$4204,$71,$34,$6,$41,$0,$0,$0,$27,$27,$137,$-21,$0,$0,$0,$0,$0,$0,$-21,$-53,$0,$-53,$3,$3,$0,$-0,$-50,$63,$9,$0
6,2017-03-31,79.3,$39.99,1.98,$228.91,0.35,$18.94,4.19,$3.82,20.76,$2.64B,$1.20B,2.19,$1.34B,$1.34B,1.0,$7.70B,$1.56B,20.21%,$7.70B,$0.29B,3.82%,$7.70B,$0.29B,3.82%,$7.70B,$0.36B,4.71%,$7.70B,$0.21B,2.73%,$7.70B,$0.13B,1.67%,$0.13B,$1.34B,9.98%,$0.13B,$0.17B,124.64%,$0.13B,$4.04B,3.14%,$0.29B,$2.68B,10.86%,$1896,$1516,$380,$0,$311,$1827,$69,$-19,$50,$19,$31,$31,$31,$86,$69,$34,34,$0.92,$0.91,$118,$1156,$43,$2637,$142,$0,$1175,$86,$1403,$4040,$1203,$1338,$157,$1495,$2698,$34,$1279,$-236,$1343,$4040,$31,$17,$3,$20,$0,$0,$0,$2,$2,$52,$-9,$0,$0,$0,$0,$0,$0,$-9,$-44,$0,$-44,$2,$2,$0,$-0,$-42,$3,$5,$0
7,2016-12-31,81.05,$38.64,2.1,$227.37,0.36,$19.42,4.17,$3.59,22.58,$2.69B,$1.26B,2.13,$1.38B,$1.29B,1.07,$7.62B,$1.55B,20.31%,$7.62B,$0.29B,3.74%,$7.62B,$0.29B,3.74%,$7.62B,$0.36B,4.66%,$7.62B,$0.20B,2.58%,$7.62B,$0.12B,1.59%,$0.12B,$1.29B,9.58%,$0.12B,$0.11B,186.87%,$0.12B,$4.09B,2.94%,$0.29B,$2.67B,10.43%,$1895,$1508,$387,$0,$306,$1814,$81,$-22,$59,$22,$37,$37,$37,$98,$81,$33,34,$1.10,$1.09,$115,$1178,$42,$2689,$140,$0,$1180,$85,$1405,$4094,$1264,$1379,$159,$1538,$2801,$33,$1248,$-251,$1292,$4094,$121,$70,$9,$79,$-33,$-6,$102,$22,$86,$279,$-33,$0,$-5,$0,$0,$0,$0,$-37,$-275,$0,$-275,$2,$2,$0,$-1,$-273,$-36,$17,$0
8,2016-09-30,64.5,$38.46,1.68,$225.94,0.29,$13.99,4.61,$2.64,24.43,$2.75B,$1.30B,2.12,$1.43B,$1.28B,1.11,$7.56B,$1.53B,20.25%,$7.56B,$0.27B,3.57%,$7.56B,$0.27B,3.57%,$7.56B,$0.34B,4.51%,$7.56B,$0.18B,2.31%,$7.56B,$0.09B,1.18%,$0.09B,$1.28B,7.21%,$0.09B,$0.09B,306.90%,$0.09B,$4.16B,2.16%,$0.27B,$2.71B,9.74%,$1956,$1560,$397,$0,$309,$1869,$87,$-22,$65,$25,$40,$40,$40,$105,$87,$33,34,$1.21,$1.21,$125,$1184,$49,$2752,$141,$0,$1196,$73,$1410,$4162,$1298,$1429,$151,$1580,$2878,$33,$1211,$-218,$1284,$4162,$84,$53,$17,$70,$0,$0,$0,$93,$93,$239,$-25,$0,$0,$0,$0,$0,$-5,$-30,$-228,$0,$-228,$0,$0,$0,$-1,$-228,$-26,$12,$0
9,2016-06-30,53.28,$37.44,1.42,$212.31,0.25,$9.56,5.57,$2.40,22.2,$2.72B,$1.22B,2.23,$1.51B,$1.25B,1.21,$7.10B,$1.47B,20.66%,$7.10B,$0.26B,3.68%,$7.10B,$0.26B,3.68%,$7.10B,$0.33B,4.58%,$7.10B,$0.17B,2.35%,$7.10B,$0.08B,1.16%,$0.08B,$1.25B,6.76%,$0.08B,$0.05B,50.31%,$0.08B,$4.14B,2.04%,$0.26B,$2.76B,9.62%,$1956,$1562,$393,$0,$337,$1899,$57,$-21,$36,$15,$21,$21,$21,$74,$57,$33,34,$0.61,$0.61,$133,$1187,$51,$2721,$141,$0,$1204,$73,$1418,$4139,$1219,$1514,$155,$1670,$2889,$33,$1171,$-209,$1250,$4139,$43,$35,$15,$50,$0,$0,$0,$62,$62,$150,$-16,$0,$0,$0,$0,$0,$-5,$-21,$-143,$0,$-143,$0,$0,$0,$-1,$-144,$-18,$8,$0
10,2016-03-31,52.11,$36.68,1.42,$198.25,0.26,$16.82,3.1,$3.93,13.26,$2.65B,$1.12B,2.36,$1.56B,$1.22B,1.28,$6.62B,$1.40B,21.18%,$6.62B,$0.27B,4.06%,$6.62B,$0.27B,4.06%,$6.62B,$0.33B,4.94%,$6.62B,$0.18B,2.70%,$6.62B,$0.13B,1.99%,$0.13B,$1.22B,11.01%,$0.13B,$0.01B,43.14%,$0.13B,$4.07B,3.45%,$0.27B,$2.79B,10.52%,$1816,$1445,$371,$0,$311,$1756,$60,$-23,$37,$14,$23,$23,$23,$78,$60,$33,33,$0.69,$0.68,$115,$1178,$55,$2647,$138,$0,$1211,$74,$1423,$4071,$1124,$1564,$159,$1723,$2847,$33,$1150,$-211,$1224,$4071,$23,$18,$3,$20,$0,$0,$0,$26,$26,$65,$-7,$0,$0,$0,$0,$0,$0,$-7,$-92,$0,$-92,$0,$0,$0,$0,$-92,$-36,$4,$0
11,2015-12-31,60.39,$35.44,1.7,$185.34,0.33,$15.29,3.95,$3.82,15.81,$2.73B,$1.16B,2.36,$1.64B,$1.18B,1.39,$6.19B,$1.34B,21.65%,$6.19B,$0.27B,4.33%,$6.19B,$0.27B,4.33%,$6.19B,$0.32B,5.19%,$6.19B,$0.18B,2.96%,$6.19B,$0.13B,2.07%,$0.13B,$1.18B,10.93%,$0.13B,$-0.03B,29.29%,$0.13B,$4.14B,3.47%,$0.27B,$2.82B,10.99%,$1836,$1464,$371,$0,$306,$1770,$66,$-29,$37,$31,$6,$6,$5,$84,$66,$33,33,$0.14,$0.13,$151,$1183,$68,$2728,$132,$0,$1210,$72,$1414,$4142,$1156,$1643,$164,$1806,$2963,$33,$1127,$-231,$1179,$4142,$128,$53,$-45,$8,$-6,$-54,$-15,$31,$-44,$93,$-29,$0,$-451,$0,$0,$0,$0,$-479,$457,$0,$457,$0,$0,$0,$-8,$449,$59,$15,$0
12,2015-09-30,57.78,$35.95,1.61,$173.98,0.33,$15.30,3.78,$4.91,11.77,$2.81B,$1.07B,2.62,$1.29B,$1.20B,1.08,$5.81B,$1.29B,22.22%,$5.81B,$0.28B,4.86%,$5.81B,$0.28B,4.86%,$5.81B,$0.33B,5.70%,$5.81B,$0.21B,3.60%,$5.81B,$0.16B,2.82%,$0.16B,$1.20B,14.14%,$0.16B,$0.62B,30.84%,$0.16B,$3.75B,4.63%,$0.28B,$2.48B,12.17%,$1489,$1158,$331,$0,$253,$1411,$78,$-21,$57,$22,$35,$35,$33,$89,$78,$33,33,$0.97,$0.97,$615,$882,$53,$2810,$107,$0,$572,$258,$938,$3748,$1073,$1285,$189,$1479,$2552,$33,$1123,$-206,$1196,$3748,$123,$35,$-47,$-12,$0,$0,$0,$-21,$-21,$94,$-29,$0,$381,$0,$0,$0,$2,$354,$78,$0,$78,$0,$0,$0,$-1,$77,$523,$11,$0
13,2015-06-30,65.15,$35.95,1.81,$172.44,0.38,$14.51,4.49,$5.51,11.82,$2.38B,$1.00B,2.39,$0.94B,$1.20B,0.79,$5.76B,$1.28B,22.28%,$5.76B,$0.29B,4.99%,$5.76B,$0.29B,4.99%,$5.76B,$0.33B,5.79%,$5.76B,$0.22B,3.86%,$5.76B,$0.18B,3.20%,$0.18B,$1.20B,15.95%,$0.18B,$0.62B,35.80%,$0.18B,$3.34B,5.20%,$0.29B,$2.14B,12.48%,$1480,$1152,$329,$0,$264,$1416,$65,$-16,$48,$19,$30,$30,$71,$76,$65,$33,33,$2.15,$2.14,$206,$865,$51,$2381,$112,$0,$577,$265,$955,$3335,$996,$941,$198,$1143,$2140,$33,$1090,$-172,$1196,$3335,$91,$24,$-49,$-25,$0,$0,$0,$-31,$-31,$39,$336,$0,$0,$0,$0,$0,$2,$338,$-268,$0,$-268,$0,$0,$0,$-1,$-268,$114,$7,$0
14,2015-03-31,76.13,$33.53,2.27,$168.45,0.45,$5.36,14.2,$4.98,15.29,$2.55B,$0.98B,2.6,$1.20B,$1.12B,1.08,$5.62B,$1.26B,22.36%,$5.62B,$0.30B,5.32%,$5.62B,$0.30B,5.32%,$5.62B,$0.34B,6.09%,$5.62B,$0.24B,4.27%,$5.62B,$0.17B,2.97%,$0.17B,$1.12B,14.63%,$0.17B,$0.54B,29.79%,$0.17B,$3.51B,4.82%,$0.30B,$2.32B,13.24%,$1385,$1076,$309,$0,$250,$1326,$59,$-18,$41,$15,$27,$27,$19,$72,$59,$33,33,$0.58,$0.57,$101,$839,$471,$2554,$108,$0,$577,$271,$956,$3509,$984,$1202,$209,$1411,$2395,$33,$1019,$-178,$1115,$3509,$19,$12,$1,$14,$0,$0,$0,$-16,$-16,$18,$-11,$0,$0,$0,$0,$0,$2,$-9,$-6,$0,$-6,$0,$0,$0,$-1,$-7,$9,$4,$0
15,2014-12-31,88.46,$34.19,2.59,$165.25,0.54,$5.12,17.28,$5.84,15.15,$2.59B,$1.03B,2.51,$1.20B,$1.13B,1.06,$5.51B,$1.24B,22.50%,$5.51B,$0.31B,5.63%,$5.51B,$0.31B,5.63%,$5.51B,$0.35B,6.32%,$5.51B,$0.25B,4.52%,$5.51B,$0.20B,3.54%,$0.20B,$1.13B,17.24%,$0.20B,$0.35B,32.05%,$0.20B,$3.58B,5.87%,$0.31B,$2.34B,14.32%,$1452,$1130,$322,$0,$241,$1371,$80,$-18,$63,$27,$36,$36,$41,$94,$80,$33,33,$1.24,$1.23,$92,$859,$55,$2590,$104,$0,$785,$102,$991,$3581,$1031,$1202,$215,$1417,$2448,$33,$1000,$-138,$1133,$3581,$195,$38,$22,$60,$-103,$-50,$55,$-49,$-147,$104,$-40,$0,$-418,$0,$0,$0,$0,$-459,$377,$0,$377,$7,$7,$0,$2,$386,$35,$14,$0
16,2014-09-30,84.84,$35.37,2.4,$141.62,0.6,$12.31,6.89,$6.36,13.34,$2.68B,$1.14B,2.34,$1.24B,$1.17B,1.06,$4.72B,$1.07B,22.59%,$4.72B,$0.28B,5.98%,$4.72B,$0.28B,5.98%,$4.72B,$0.31B,6.66%,$4.72B,$0.23B,4.83%,$4.72B,$0.21B,4.49%,$0.21B,$1.17B,19.19%,$0.21B,$0.55B,30.60%,$0.21B,$3.73B,6.75%,$0.28B,$2.41B,13.78%,$1438,$1115,$323,$0,$240,$1356,$83,$-12,$70,$25,$45,$45,$53,$91,$83,$33,33,$1.59,$1.57,$88,$1113,$47,$2677,$119,$0,$618,$317,$1055,$3731,$1142,$1242,$176,$1418,$2560,$33,$959,$-54,$1171,$3731,$154,$25,$-8,$17,$0,$0,$0,$-99,$-99,$69,$-31,$0,$-418,$0,$0,$0,$0,$-449,$401,$0,$401,$6,$6,$0,$2,$409,$31,$10,$0
17,2014-06-30,100.07,$34.74,2.88,$145.62,0.69,$16.41,6.1,$6.41,15.61,$2.45B,$0.98B,2.5,$0.82B,$1.15B,0.72,$4.84B,$1.10B,22.74%,$4.84B,$0.29B,6.01%,$4.84B,$0.29B,6.01%,$4.84B,$0.32B,6.68%,$4.84B,$0.24B,4.92%,$4.84B,$0.21B,4.40%,$0.21B,$1.15B,19.60%,$0.21B,$0.80B,28.65%,$0.21B,$3.05B,7.21%,$0.29B,$1.97B,15.14%,$1343,$1040,$303,$0,$226,$1266,$77,$-11,$66,$22,$45,$45,$54,$85,$77,$33,33,$1.63,$1.61,$121,$992,$43,$2452,$110,$0,$344,$144,$599,$3050,$982,$822,$98,$920,$1902,$33,$906,$-18,$1148,$3050,$101,$17,$-7,$10,$0,$0,$0,$-22,$-22,$87,$-17,$0,$0,$0,$0,$0,$0,$-17,$-13,$0,$-13,$4,$4,$0,$1,$-7,$64,$7,$0
18,2014-03-31,101.52,$32.53,3.12,$153.16,0.66,$17.22,5.9,$6.20,16.37,$2.33B,$0.88B,2.65,$0.87B,$1.07B,0.81,$5.08B,$1.15B,22.72%,$5.08B,$0.30B,5.91%,$5.08B,$0.30B,5.91%,$5.08B,$0.33B,6.54%,$5.08B,$0.24B,4.79%,$5.08B,$0.21B,4.04%,$0.21B,$1.07B,19.36%,$0.21B,$0.73B,28.63%,$0.21B,$2.92B,6.98%,$0.30B,$1.94B,15.79%,$1274,$983,$292,$0,$222,$1204,$70,$-20,$50,$13,$38,$38,$47,$78,$70,$33,33,$1.44,$1.43,$90,$952,$45,$2327,$107,$0,$343,$143,$593,$2920,$880,$870,$98,$968,$1847,$33,$852,$-33,$1073,$2920,$47,$8,$-7,$1,$0,$0,$0,$0,$-41,$8,$-9,$0,$0,$0,$0,$0,$0,$-9,$35,$0,$35,$1,$1,$0,$1,$36,$33,$3,$0
19,2013-12-31,89.84,$31.27,2.87,$159.40,0.56,$18.51,4.85,$6.04,14.87,$2.28B,$0.90B,2.52,$0.83B,$1.03B,0.81,$5.29B,$1.20B,22.66%,$5.29B,$0.31B,5.88%,$5.29B,$0.31B,5.88%,$5.29B,$0.35B,6.54%,$5.29B,$0.26B,4.88%,$5.29B,$0.20B,3.80%,$0.20B,$1.03B,19.25%,$0.20B,$0.69B,28.65%,$0.20B,$2.86B,6.83%,$0.31B,$1.86B,16.43%,$663,$516,$148,$0,$94,$611,$52,$-9,$42,$10,$33,$33,$58,$60,$52,$33,33,$1.77,$1.75,$57,$960,$43,$2276,$104,$0,$342,$134,$580,$2856,$902,$831,$95,$926,$1829,$33,$805,$-27,$1027,$2856,$201,$36,$37,$73,$37,$97,$-20,$-54,$60,$335,$-32,$0,$0,$0,$0,$0,$0,$-32,$152,$-300,$-148,$-11,$-11,$-166,$0,$-324,$-32,$14,$-166
20,2013-09-30,82.88,$33.47,2.48,$185.12,0.45,$12.62,6.57,$4.44,18.67,$2.39B,$0.94B,2.54,$0.82B,$1.10B,0.74,$6.17B,$1.39B,22.58%,$6.17B,$0.30B,4.83%,$6.17B,$0.30B,4.83%,$6.17B,$0.36B,5.83%,$6.17B,$0.24B,3.84%,$6.17B,$0.15B,2.40%,$0.15B,$1.10B,14.37%,$0.15B,$0.76B,21.54%,$0.15B,$3.00B,4.93%,$0.30B,$1.92B,15.56%,$1558,$1201,$357,$0,$265,$1465,$92,$-13,$80,$26,$54,$54,$54,$100,$92,$33,33,$1.64,$1.62,$82,$987,$29,$2386,$104,$0,$343,$167,$613,$2999,$939,$816,$146,$962,$1900,$33,$913,$-60,$1099,$2999,$142,$27,$21,$48,$0,$0,$0,$8,$8,$197,$-24,$0,$0,$0,$0,$0,$0,$-24,$-164,$0,$-164,$-12,$-12,$0,$0,$-175,$-8,$10,$0
21,2013-06-30,71.68,$31.60,2.27,$186.09,0.39,$10.34,6.93,$3.43,20.9,$2.36B,$0.94B,2.51,$0.85B,$1.04B,0.82,$6.22B,$1.40B,22.43%,$6.22B,$0.27B,4.39%,$6.22B,$0.27B,4.39%,$6.22B,$0.37B,5.91%,$6.22B,$0.21B,3.29%,$6.22B,$0.12B,1.85%,$0.12B,$1.04B,11.57%,$0.12B,$0.69B,17.76%,$0.12B,$2.97B,3.77%,$0.27B,$1.88B,14.11%,$1580,$1223,$356,$0,$270,$1494,$86,$-15,$71,$25,$46,$46,$46,$94,$86,$33,33,$1.41,$1.40,$57,$997,$31,$2356,$102,$0,$343,$168,$613,$2969,$940,$846,$146,$991,$1932,$33,$859,$-72,$1037,$2969,$89,$19,$18,$37,$0,$0,$0,$-12,$-12,$114,$-18,$0,$0,$0,$0,$0,$0,$-18,$167,$-300,$-133,$7,$7,$0,$-0,$-126,$-32,$7,$0
22,2013-03-31,66.11,$30.88,2.14,$184.20,0.36,$8.62,7.67,$3.31,19.97,$2.34B,$0.89B,2.62,$0.90B,$1.01B,0.89,$6.22B,$1.40B,22.47%,$6.22B,$0.28B,4.45%,$6.22B,$0.28B,4.45%,$6.22B,$0.38B,6.06%,$6.22B,$0.20B,3.28%,$6.22B,$0.11B,1.82%,$0.11B,$1.01B,11.58%,$0.11B,$0.67B,18.19%,$0.11B,$2.96B,3.63%,$0.28B,$1.91B,14.12%,$1491,$1153,$338,$0,$257,$1410,$81,$-16,$65,$23,$43,$43,$43,$92,$81,$33,34,$1.30,$1.27,$59,$1011,$31,$2337,$99,$0,$342,$177,$618,$2955,$894,$900,$148,$1048,$1942,$33,$813,$-60,$1013,$2955,$43,$11,$2,$13,$0,$0,$0,$-5,$-5,$51,$-9,$0,$0,$0,$0,$0,$0,$-9,$220,$-300,$-80,$6,$6,$0,$-0,$-75,$-31,$3,$0
23,2012-12-31,60.49,$29.81,2.03,$184.09,0.33,$5.19,11.66,$3.65,16.57,$2.45B,$0.97B,2.53,$0.98B,$0.97B,1.01,$6.25B,$1.41B,22.53%,$6.25B,$0.28B,4.53%,$6.25B,$0.28B,4.53%,$6.25B,$0.39B,6.16%,$6.25B,$0.21B,3.37%,$6.25B,$0.13B,2.00%,$0.13B,$0.97B,12.58%,$0.13B,$0.63B,19.63%,$0.13B,$3.09B,3.99%,$0.28B,$1.95B,14.38%,$1544,$1202,$343,$0,$283,$1506,$39,$-18,$21,$16,$5,$5,$5,$74,$39,$33,34,$0.18,$0.19,$89,$1061,$34,$2450,$96,$0,$342,$202,$640,$3090,$967,$982,$170,$1152,$2120,$33,$771,$-52,$970,$3090,$125,$102,$-14,$88,$-23,$43,$-5,$-86,$-71,$143,$-34,$0,$-55,$0,$0,$0,$0,$-90,$135,$0,$135,$-56,$-56,$-151,$4,$-69,$-17,$15,$-151
24,2012-09-30,54.33,$29.41,1.85,$181.11,0.3,$5.37,10.11,$4.94,11.0,$2.52B,$1.00B,2.53,$1.03B,$0.96B,1.08,$6.21B,$1.42B,22.79%,$6.21B,$0.34B,5.41%,$6.21B,$0.34B,5.41%,$6.21B,$0.42B,6.70%,$6.21B,$0.27B,4.30%,$6.21B,$0.17B,2.71%,$0.17B,$0.96B,16.77%,$0.17B,$0.60B,26.17%,$0.17B,$3.19B,5.39%,$0.34B,$1.99B,17.39%,$1609,$1250,$359,$0,$264,$1542,$67,$-20,$48,$28,$20,$20,$21,$108,$67,$33,34,$0.62,$0.61,$137,$1067,$35,$2516,$95,$0,$360,$216,$671,$3187,$995,$1032,$204,$1235,$2230,$33,$768,$-59,$957,$3187,$120,$67,$9,$76,$0,$0,$0,$-72,$-72,$126,$-27,$0,$-56,$0,$0,$0,$0,$-82,$195,$0,$195,$-54,$-54,$-151,$-3,$-13,$31,$12,$-151
25,2012-06-30,50.16,$28.78,1.74,$179.66,0.28,$2.75,18.27,$5.59,8.97,$2.53B,$1.02B,2.48,$1.03B,$0.96B,1.07,$6.21B,$1.42B,22.83%,$6.21B,$0.37B,5.97%,$6.21B,$0.37B,5.97%,$6.21B,$0.42B,6.81%,$6.21B,$0.30B,4.86%,$6.21B,$0.19B,3.08%,$0.19B,$0.96B,18.70%,$0.19B,$0.59B,28.78%,$0.19B,$3.22B,6.20%,$0.37B,$2.00B,19.40%,$1577,$1219,$358,$0,$268,$1487,$90,$-20,$70,$26,$44,$44,$44,$103,$90,$34,34,$1.31,$1.28,$152,$1080,$36,$2526,$96,$0,$374,$220,$690,$3216,$1020,$1031,$201,$1232,$2252,$34,$803,$-86,$963,$3216,$99,$27,$-2,$25,$0,$0,$0,$-65,$-65,$59,$-19,$0,$-56,$0,$0,$0,$0,$-75,$213,$0,$213,$2,$2,$-151,$-3,$62,$46,$8,$-151
26,2012-03-31,63.92,$32.43,1.97,$176.81,0.36,$1.52,42.18,$5.74,11.14,$2.39B,$0.91B,2.64,$0.85B,$1.09B,0.79,$6.20B,$1.42B,22.87%,$6.20B,$0.37B,6.02%,$6.20B,$0.37B,6.02%,$6.20B,$0.43B,6.87%,$6.20B,$0.31B,5.00%,$6.20B,$0.20B,3.21%,$0.20B,$1.09B,18.73%,$0.20B,$0.73B,28.25%,$0.20B,$3.04B,6.47%,$0.37B,$1.94B,19.28%,$1523,$1174,$349,$0,$263,$1436,$87,$-15,$72,$16,$56,$56,$55,$100,$87,$33,34,$1.66,$1.61,$72,$1055,$33,$2392,$94,$0,$353,$202,$648,$3040,$905,$852,$197,$1050,$1955,$34,$912,$-66,$1086,$3040,$55,$13,$-7,$6,$0,$0,$0,$-124,$-124,$-65,$-10,$0,$0,$0,$0,$0,$0,$-10,$35,$0,$35,$2,$2,$0,$4,$41,$-34,$5,$0
27,2011-12-31,52.56,$30.13,1.74,$173.15,0.3,$3.37,15.59,$5.36,9.81,$2.40B,$1.03B,2.34,$0.81B,$1.00B,0.81,$6.15B,$1.41B,22.91%,$6.15B,$0.36B,5.92%,$6.15B,$0.36B,5.92%,$6.15B,$0.42B,6.78%,$6.15B,$0.30B,4.93%,$6.15B,$0.19B,3.06%,$0.19B,$1.00B,17.77%,$0.19B,$0.65B,27.08%,$0.19B,$3.03B,6.08%,$0.36B,$1.81B,19.10%,$1499,$1150,$349,$0,$257,$1407,$92,$-14,$77,$27,$50,$50,$48,$105,$92,$34,35,$1.44,$1.44,$106,$1071,$37,$2403,$88,$0,$352,$191,$631,$3034,$1027,$807,$199,$1006,$2033,$33,$857,$-86,$1001,$3034,$188,$53,$30,$83,$-97,$-199,$75,$0,$-126,$146,$-26,$0,$145,$0,$0,$0,$0,$119,$-143,$0,$-143,$-94,$-94,$-1,$3,$-236,$28,$11,$-1
28,2011-09-30,41.81,$31.21,1.34,$166.78,0.25,$4.92,8.5,$4.81,8.69,$2.40B,$0.98B,2.45,$0.87B,$1.04B,0.84,$5.94B,$1.36B,22.82%,$5.94B,$0.34B,5.74%,$5.94B,$0.34B,5.74%,$5.94B,$0.40B,6.65%,$5.94B,$0.28B,4.73%,$5.94B,$0.17B,2.90%,$0.17B,$1.04B,16.22%,$0.17B,$0.68B,24.71%,$0.17B,$3.02B,5.61%,$0.34B,$1.91B,18.15%,$1612,$1250,$362,$0,$260,$1510,$102,$-18,$83,$22,$62,$62,$44,$115,$102,$34,35,$1.27,$1.26,$56,$1030,$32,$2399,$87,$0,$351,$187,$625,$3023,$979,$873,$137,$1009,$1988,$33,$809,$-36,$1036,$3023,$140,$40,$34,$74,$0,$0,$0,$-179,$-179,$32,$-20,$0,$138,$0,$0,$0,$2,$119,$-80,$0,$-80,$-94,$-94,$0,$1,$-173,$-22,$8,$0
29,2011-06-30,57.58,$32.32,1.78,$158.19,0.36,$8.82,6.53,$4.58,12.57,$2.56B,$0.99B,2.6,$0.96B,$1.13B,0.85,$5.67B,$1.30B,22.96%,$5.67B,$0.31B,5.47%,$5.67B,$0.31B,5.47%,$5.67B,$0.36B,6.42%,$5.67B,$0.26B,4.50%,$5.67B,$0.17B,2.91%,$0.17B,$1.13B,15.81%,$0.17B,$0.75B,24.35%,$0.17B,$3.21B,5.47%,$0.31B,$2.09B,17.16%,$1565,$1207,$358,$0,$266,$1473,$92,$-14,$78,$29,$48,$48,$52,$106,$92,$35,36,$1.50,$1.43,$99,$1144,$38,$2559,$89,$0,$376,$182,$647,$3206,$985,$957,$136,$1093,$2078,$35,$871,$-2,$1128,$3206,$96,$27,$5,$32,$0,$0,$0,$-112,$-112,$13,$-15,$0,$0,$0,$0,$0,$0,$-15,$9,$0,$9,$12,$12,$0,$1,$22,$20,$5,$0
30,2011-03-31,61.59,$30.73,2.0,$153.69,0.4,$11.72,5.25,$4.13,14.91,$2.47B,$1.14B,2.17,$0.75B,$1.07B,0.71,$5.47B,$1.26B,22.97%,$5.47B,$0.29B,5.26%,$5.47B,$0.29B,5.26%,$5.47B,$0.34B,6.25%,$5.47B,$0.24B,4.29%,$5.47B,$0.15B,2.70%,$0.15B,$1.07B,14.55%,$0.15B,$0.69B,22.55%,$0.15B,$3.11B,5.08%,$0.29B,$1.82B,16.82%,$1471,$1132,$339,$0,$261,$1393,$78,$-12,$65,$25,$41,$41,$44,$91,$78,$35,36,$1.29,$1.23,$108,$1084,$41,$2466,$86,$0,$375,$181,$643,$3108,$1138,$753,$151,$904,$2041,$35,$819,$-9,$1067,$3108,$44,$13,$3,$16,$0,$0,$0,$-64,$-64,$-6,$-6,$0,$0,$0,$0,$0,$0,$-6,$33,$0,$33,$5,$5,$0,$3,$41,$29,$2,$0
31,2010-12-31,52.64,$29.45,1.79,$148.49,0.35,$14.02,3.76,$3.06,17.2,$2.31B,$1.07B,2.15,$0.69B,$1.01B,0.68,$5.28B,$1.21B,22.90%,$5.28B,$0.27B,5.06%,$5.28B,$0.27B,5.06%,$5.28B,$0.32B,6.10%,$5.28B,$0.18B,3.41%,$5.28B,$0.11B,2.09%,$0.11B,$1.01B,10.96%,$0.11B,$0.66B,16.99%,$0.11B,$2.93B,3.92%,$0.27B,$1.70B,15.83%,$1290,$994,$296,$0,$227,$1221,$69,$-14,$55,$19,$36,$36,$32,$83,$69,$34,36,$0.92,$0.88,$78,$870,$50,$2306,$83,$0,$355,$189,$627,$2933,$1073,$689,$161,$850,$1923,$34,$774,$-28,$1011,$2933,$109,$55,$65,$120,$-136,$-64,$0,$0,$-34,$195,$-20,$0,$-36,$0,$0,$0,$0,$-56,$132,$-166,$-34,$-33,$-33,$-111,$5,$-172,$-33,$17,$-111
32,2010-09-30,44.84,$28.38,1.58,$141.07,0.32,$21.01,2.13,$2.52,17.79,$2.22B,$1.05B,2.11,$0.65B,$0.97B,0.67,$5.00B,$1.13B,22.62%,$5.00B,$0.23B,4.52%,$5.00B,$0.23B,4.52%,$5.00B,$0.28B,5.64%,$5.00B,$0.12B,2.36%,$5.00B,$0.09B,1.82%,$0.09B,$0.97B,9.03%,$0.09B,$0.61B,14.01%,$0.09B,$2.83B,3.32%,$0.23B,$1.62B,13.11%,$1345,$1036,$309,$0,$238,$1274,$71,$-14,$57,$25,$33,$33,$37,$85,$71,$34,35,$1.07,$1.03,$66,$981,$32,$2216,$85,$0,$358,$168,$612,$2827,$1053,$651,$156,$806,$1859,$34,$743,$-47,$968,$2827,$77,$42,$55,$97,$0,$0,$0,$-10,$-10,$166,$-15,$0,$0,$0,$0,$0,$0,$-15,$5,$-166,$-161,$-37,$-37,$0,$2,$-195,$-45,$13,$0
33,2010-06-30,35.38,$30.11,1.18,$138.25,0.26,$27.16,1.3,$2.10,16.85,$2.16B,$0.92B,2.36,$0.69B,$1.02B,0.67,$4.93B,$1.11B,22.52%,$4.93B,$0.21B,4.32%,$4.93B,$0.21B,4.32%,$4.93B,$0.27B,5.54%,$4.93B,$0.10B,2.09%,$4.93B,$0.08B,1.54%,$0.08B,$1.02B,7.40%,$0.08B,$0.67B,11.35%,$0.08B,$2.78B,2.79%,$0.21B,$1.71B,11.82%,$1367,$1054,$313,$0,$243,$1297,$70,$-12,$58,$23,$35,$35,$35,$84,$70,$34,35,$1.02,$0.98,$79,$958,$44,$2164,$85,$0,$356,$174,$614,$2778,$919,$687,$149,$836,$1755,$34,$820,$-66,$1023,$2778,$41,$28,$43,$71,$0,$0,$0,$6,$6,$111,$-10,$0,$0,$0,$0,$0,$0,$-10,$55,$-151,$-96,$-39,$-39,$0,$1,$-134,$-32,$8,$0
34,2010-03-31,38.91,$29.92,1.3,$134.01,0.29,$31.28,1.24,$-1.41,0.0,$2.06B,$0.81B,2.56,$0.71B,$1.01B,0.7,$4.78B,$1.07B,22.46%,$4.78B,$0.08B,1.76%,$4.78B,$0.08B,1.76%,$4.78B,$0.25B,5.14%,$4.78B,$-0.03B,-0.71%,$4.78B,$-0.05B,-1.02%,$-0.05B,$1.01B,-4.75%,$-0.05B,$0.66B,-7.30%,$-0.05B,$2.68B,-1.80%,$0.08B,$1.72B,4.52%,$1273,$983,$290,$0,$233,$1216,$57,$-47,$10,$4,$6,$6,$6,$71,$57,$34,36,$0.17,$0.16,$66,$943,$45,$2058,$85,$0,$358,$177,$621,$2678,$806,$705,$154,$859,$1664,$34,$785,$-47,$1014,$2678,$6,$14,$37,$52,$0,$0,$0,$17,$17,$75,$-4,$0,$0,$0,$0,$0,$0,$-4,$75,$-151,$-76,$-40,$-40,$0,$0,$-117,$-46,$4,$0
35,2009-12-31,39.12,$29.51,1.33,$133.97,0.29,$31.59,1.24,$-0.85,0.0,$2.05B,$0.67B,3.06,$0.82B,$1.02B,0.8,$4.78B,$1.08B,22.53%,$4.78B,$0.08B,1.76%,$4.78B,$0.08B,1.76%,$4.78B,$0.25B,5.15%,$4.78B,$-0.00B,-0.02%,$4.78B,$-0.03B,-0.61%,$-0.03B,$1.02B,-2.76%,$-0.03B,$0.67B,-4.35%,$-0.03B,$2.67B,-1.04%,$0.08B,$1.85B,4.29%,$1015,$796,$219,$0,$191,$987,$28,$-35,$-7,$-8,$1,$1,$13,$43,$28,$35,35,$0.35,$0.37,$112,$919,$32,$2051,$88,$0,$358,$176,$621,$2672,$670,$821,$156,$978,$1648,$35,$820,$-55,$1024,$2672,$-29,$161,$14,$175,$149,$265,$0,$0,$307,$441,$-22,$0,$-2,$0,$0,$0,$0,$-24,$-491,$159,$-332,$-32,$-32,$-0,$-6,$-371,$46,$15,$-0
36,2009-09-30,33.31,$30.20,1.1,$142.84,0.23,$22.05,1.51,$-0.94,0.0,$2.16B,$0.71B,3.06,$0.89B,$1.05B,0.85,$5.22B,$1.20B,22.89%,$5.22B,$0.11B,2.05%,$5.22B,$0.11B,2.05%,$5.22B,$0.27B,5.13%,$5.22B,$0.02B,0.44%,$5.22B,$-0.04B,-0.67%,$-0.04B,$1.05B,-3.29%,$-0.04B,$0.69B,-5.35%,$-0.04B,$2.78B,-1.22%,$0.11B,$1.93B,5.41%,$1273,$985,$288,$0,$230,$1215,$58,$-17,$42,$20,$22,$22,$22,$75,$58,$35,36,$0.63,$0.61,$168,$939,$24,$2157,$89,$0,$355,$182,$626,$2783,$706,$886,$147,$1033,$1739,$35,$807,$-45,$1045,$2783,$-42,$146,$6,$152,$0,$0,$0,$286,$286,$394,$-18,$0,$-0,$0,$0,$0,$0,$-18,$-233,$0,$-233,$-34,$-34,$0,$-7,$-274,$102,$11,$0
37,2009-06-30,31.22,$29.38,1.06,$148.33,0.21,$13.32,2.34,$0.03,1040.63,$2.12B,$0.65B,3.24,$0.90B,$1.04B,0.86,$5.54B,$1.28B,23.12%,$5.54B,$0.17B,3.01%,$5.54B,$0.17B,3.01%,$5.54B,$0.33B,5.87%,$5.54B,$0.08B,1.43%,$5.54B,$0.00B,0.05%,$0.00B,$1.04B,0.28%,$0.00B,$0.67B,0.46%,$0.00B,$2.74B,0.10%,$0.17B,$1.94B,8.31%,$1221,$944,$277,$0,$235,$1279,$-59,$-21,$-79,$11,$-90,$-90,$-90,$57,$-59,$36,36,$-2.53,$-2.53,$113,$985,$22,$2119,$90,$0,$370,$165,$625,$2744,$654,$897,$148,$1045,$1700,$36,$819,$-60,$1044,$2744,$-64,$130,$5,$135,$0,$0,$0,$189,$189,$260,$-12,$0,$-0,$0,$0,$0,$0,$-12,$-381,$185,$-195,$1,$1,$0,$-5,$-200,$48,$7,$0
38,2009-03-31,26.31,$30.89,0.85,$155.30,0.17,$8.43,3.12,$4.27,6.16,$2.22B,$0.68B,3.26,$1.01B,$1.10B,0.92,$5.94B,$1.39B,23.38%,$5.94B,$0.35B,5.86%,$5.94B,$0.35B,5.86%,$5.94B,$0.40B,6.79%,$5.94B,$0.26B,4.41%,$5.94B,$0.16B,2.66%,$0.16B,$1.10B,14.35%,$0.16B,$0.64B,24.03%,$0.16B,$2.93B,5.08%,$0.35B,$2.11B,17.13%,$1271,$978,$293,$0,$236,$1214,$57,$-14,$43,$17,$26,$26,$26,$71,$57,$35,36,$0.72,$0.72,$100,$1072,$24,$2216,$86,$0,$458,$170,$714,$2931,$679,$1011,$144,$1155,$1835,$36,$909,$-94,$1096,$2931,$26,$14,$2,$16,$0,$0,$0,$49,$49,$88,$-6,$0,$-0,$0,$0,$0,$0,$-7,$-227,$185,$-42,$0,$0,$0,$-5,$-47,$35,$4,$0
39,2008-12-31,25.02,$30.37,0.82,$156.77,0.16,$7.32,3.42,$5.00,5.0,$2.34B,$0.99B,2.36,$0.85B,$1.07B,0.8,$6.14B,$1.44B,23.53%,$6.14B,$0.39B,6.40%,$6.14B,$0.39B,6.40%,$6.14B,$0.45B,7.28%,$6.14B,$0.31B,4.99%,$6.14B,$0.19B,3.06%,$0.19B,$1.07B,17.15%,$0.19B,$0.61B,28.26%,$0.19B,$3.06B,5.97%,$0.39B,$1.93B,19.54%,$1459,$1121,$338,$0,$287,$1408,$51,$-33,$17,$10,$7,$7,$7,$65,$51,$35,39,$0.21,$0.28,$65,$1153,$33,$2344,$86,$0,$459,$173,$718,$3062,$994,$853,$144,$996,$1990,$35,$883,$-89,$1073,$3062,$188,$55,$0,$55,$88,$-142,$0,$0,$-123,$125,$-32,$0,$-180,$0,$0,$0,$0,$-213,$196,$0,$196,$-95,$-95,$-1,$10,$111,$23,$18,$-1
40,2008-09-30,49.42,$32.29,1.53,$154.32,0.32,$7.34,6.73,$6.43,7.69,$2.62B,$1.16B,2.25,$0.93B,$1.14B,0.81,$6.17B,$1.47B,23.84%,$6.17B,$0.46B,7.39%,$6.17B,$0.46B,7.39%,$6.17B,$0.51B,8.31%,$6.17B,$0.38B,6.14%,$6.17B,$0.24B,3.95%,$0.24B,$1.14B,22.38%,$0.24B,$0.69B,36.26%,$0.24B,$3.33B,7.78%,$0.46B,$2.07B,22.50%,$1590,$1217,$373,$0,$255,$1472,$118,$-20,$98,$38,$60,$60,$60,$132,$118,$35,39,$1.70,$1.53,$55,$1172,$23,$2615,$89,$0,$450,$172,$711,$3326,$1160,$927,$99,$1026,$2187,$35,$899,$28,$1139,$3326,$181,$40,$1,$41,$0,$0,$0,$-134,$-134,$91,$-26,$0,$-119,$0,$0,$0,$0,$-144,$152,$0,$152,$-95,$-95,$-1,$10,$66,$13,$15,$-1
41,2008-06-30,49.41,$31.33,1.58,$149.13,0.33,$6.14,8.05,$6.36,7.77,$2.48B,$1.01B,2.46,$0.93B,$1.10B,0.85,$6.10B,$1.47B,24.01%,$6.10B,$0.46B,7.47%,$6.10B,$0.46B,7.47%,$6.10B,$0.51B,8.34%,$6.10B,$0.39B,6.36%,$6.10B,$0.25B,4.08%,$0.25B,$1.10B,23.35%,$0.25B,$0.69B,37.70%,$0.25B,$3.13B,8.13%,$0.46B,$2.03B,22.74%,$1617,$1233,$384,$0,$262,$1495,$122,$-18,$104,$39,$65,$65,$65,$135,$122,$35,39,$1.84,$1.66,$49,$1102,$21,$2484,$84,$0,$408,$157,$648,$3132,$1010,$932,$93,$1025,$2035,$35,$837,$59,$1097,$3132,$121,$26,$4,$30,$0,$0,$0,$-54,$-54,$99,$-17,$0,$0,$0,$0,$0,$0,$-17,$20,$0,$20,$-100,$-100,$-1,$6,$-75,$7,$12,$-1
42,2008-03-31,53.19,$30.03,1.77,$143.60,0.37,$4.53,11.75,$6.18,8.61,$2.42B,$0.95B,2.56,$0.95B,$1.08B,0.88,$6.00B,$1.44B,24.08%,$6.00B,$0.45B,7.50%,$6.00B,$0.45B,7.50%,$6.00B,$0.50B,8.29%,$6.00B,$0.39B,6.52%,$6.00B,$0.25B,4.15%,$0.25B,$1.08B,24.16%,$0.25B,$0.67B,39.73%,$0.25B,$3.07B,8.28%,$0.45B,$2.03B,22.95%,$1472,$1123,$349,$0,$247,$1370,$102,$-15,$87,$31,$56,$56,$56,$115,$102,$36,40,$1.55,$1.40,$59,$1095,$21,$2422,$81,$0,$408,$155,$644,$3066,$948,$949,$92,$1041,$1989,$36,$832,$56,$1077,$3066,$56,$13,$-1,$12,$0,$0,$0,$-11,$-11,$55,$-9,$0,$0,$0,$0,$0,$0,$-9,$8,$0,$8,$-40,$-40,$-1,$4,$-30,$17,$4,$-1
43,2007-12-31,51.72,$28.84,1.79,$138.26,0.37,$4.74,10.92,$6.00,8.62,$2.38B,$0.94B,2.53,$0.94B,$1.05B,0.89,$5.85B,$1.41B,24.14%,$5.85B,$0.44B,7.48%,$5.85B,$0.44B,7.48%,$5.85B,$0.48B,8.27%,$5.85B,$0.38B,6.56%,$5.85B,$0.25B,4.22%,$0.25B,$1.05B,25.29%,$0.25B,$0.65B,42.68%,$0.25B,$3.02B,8.48%,$0.44B,$1.99B,23.25%,$1492,$1127,$365,$0,$250,$1377,$114,$-24,$90,$28,$63,$63,$63,$131,$114,$37,42,$1.69,$1.50,$42,$1065,$18,$2379,$78,$0,$403,$156,$637,$3016,$940,$937,$91,$1029,$1968,$36,$815,$51,$1048,$3016,$246,$45,$-5,$40,$-152,$-113,$0,$0,$-140,$138,$-36,$0,$-39,$0,$0,$0,$1,$-74,$187,$0,$187,$-178,$-178,$-1,$-81,$-73,$-9,$0,$-1
44,2007-09-30,68.48,$27.88,2.46,$133.02,0.51,$0.81,84.71,$5.51,12.43,$2.40B,$0.95B,2.53,$0.94B,$1.04B,0.9,$5.66B,$1.36B,24.06%,$5.66B,$0.41B,7.31%,$5.66B,$0.41B,7.31%,$5.66B,$0.45B,8.00%,$5.66B,$0.37B,6.55%,$5.66B,$0.24B,4.17%,$0.24B,$1.04B,24.71%,$0.24B,$0.64B,41.64%,$0.24B,$3.03B,8.42%,$0.41B,$1.98B,23.30%,$1521,$1154,$367,$0,$249,$1403,$118,$-11,$107,$42,$65,$65,$65,$128,$118,$37,43,$1.73,$1.51,$46,$1056,$20,$2397,$74,$0,$405,$158,$637,$3033,$948,$936,$105,$1041,$1989,$37,$826,$42,$1044,$3033,$183,$28,$-7,$21,$0,$0,$0,$-157,$-157,$45,$-25,$0,$-38,$0,$0,$0,$1,$-63,$198,$0,$198,$-101,$-101,$0,$-84,$13,$-5,$9,$0
45,2007-06-30,62.46,$25.64,2.44,$128.29,0.49,$-1.36,0.0,$5.76,10.84,$2.29B,$0.96B,2.39,$0.90B,$0.95B,0.94,$5.47B,$1.32B,24.06%,$5.47B,$0.39B,7.17%,$5.47B,$0.39B,7.17%,$5.47B,$0.43B,7.90%,$5.47B,$0.36B,6.54%,$5.47B,$0.25B,4.52%,$0.25B,$0.95B,26.82%,$0.25B,$0.55B,45.05%,$0.25B,$2.92B,9.26%,$0.39B,$1.85B,23.20%,$1512,$1148,$363,$0,$247,$1395,$116,$-9,$107,$43,$65,$65,$65,$123,$116,$37,42,$1.74,$1.53,$45,$1006,$22,$2285,$69,$0,$400,$162,$630,$2915,$958,$899,$106,$1004,$1962,$37,$761,$28,$954,$2915,$118,$18,$-5,$13,$0,$0,$0,$-97,$-97,$35,$-15,$0,$-38,$0,$0,$0,$0,$-54,$207,$0,$207,$-105,$-105,$0,$-89,$12,$-6,$6,$0
46,2007-03-31,54.76,$23.36,2.34,$124.26,0.44,$-3.14,0.0,$5.38,10.18,$2.09B,$0.87B,2.4,$0.86B,$0.86B,1.0,$5.20B,$1.26B,24.24%,$5.20B,$0.37B,7.06%,$5.20B,$0.37B,7.06%,$5.20B,$0.41B,7.89%,$5.20B,$0.33B,6.39%,$5.20B,$0.23B,4.44%,$0.23B,$0.86B,26.02%,$0.23B,$0.48B,43.71%,$0.23B,$2.69B,9.20%,$0.37B,$1.72B,22.83%,$1329,$1010,$318,$0,$228,$1238,$90,$-10,$80,$27,$54,$54,$54,$102,$90,$38,42,$1.42,$1.27,$46,$948,$20,$2087,$65,$0,$383,$156,$604,$2691,$870,$857,$104,$961,$1831,$37,$696,$8,$860,$2691,$54,$11,$-6,$5,$0,$0,$0,$8,$8,$66,$-8,$0,$-2,$0,$0,$0,$0,$-10,$139,$0,$139,$-108,$-108,$0,$-92,$-61,$-5,$0,$0
47,2006-12-31,45.1,$24.35,1.85,$117.88,0.38,$-4.37,0.0,$4.85,9.3,$2.02B,$0.92B,2.19,$0.60B,$0.96B,0.62,$4.94B,$1.20B,24.27%,$4.94B,$0.34B,6.82%,$4.94B,$0.34B,6.82%,$4.94B,$0.38B,7.65%,$4.94B,$0.30B,6.13%,$4.94B,$0.21B,4.21%,$0.21B,$0.96B,24.16%,$0.21B,$0.60B,40.25%,$0.21B,$2.57B,8.84%,$0.34B,$1.56B,22.17%,$1298,$983,$315,$0,$227,$1207,$90,$-13,$77,$25,$52,$52,$52,$100,$90,$39,43,$1.33,$1.21,$51,$905,$16,$2020,$62,$0,$365,$119,$546,$2566,$923,$597,$85,$682,$1604,$40,$803,$6,$962,$2566,$209,$40,$-15,$25,$-200,$-160,$0,$0,$-287,$-40,$-25,$0,$-91,$0,$0,$0,$0,$-115,$157,$0,$157,$16,$16,$-1,$12,$184,$29,$0,$-1
