,Date,Stock Price,Book Value per Share,Price to Book Ratio,TTM Sales per Share,Price to Sales Ratio,TTM FCF per Share,Price to FCF Ratio,TTM Net EPS,PE Ratio,Current Assets,Current Liabilities,Current Ratio,Long Term Debt,Shareholder's Equity_x,Debt to Equity Ratio,TTM Revenue_x,TTM Gross Profit,Gross Margin,TTM Revenue_y,TTM Operating Income,Operating Margin,TTM Revenue_x,TTM EBIT,EBIT Margin,TTM Revenue_y,TTM EBITDA,EBITDA Margin,TTM Revenue_x,TTM Pre-Tax Income,Pre-Tax Margin,TTM Revenue_y,TTM Net Income_x,Net Margin,TTM Net Income_y,Shareholder's Equity_y,Return on Equity,TTM Net Income_x,Tangible Equity,Return on Tangible Equity,TTM Net Income_y,Total Assets,Return on Assets,TTM Net Income,LT Investments & Debt,Return on Investment,revenue,cost-goods-sold,gross-profit,research-development-expenses,selling-general-administrative-expenses,operating-expenses,operating-income,total-non-operating-income-expense,pre-tax-income,total-provision-income-taxes,income-after-taxes,income-from-continuous-operations,net-income,ebitda,ebit,basic-shares-outstanding,shares-outstanding,eps-basic-net-earnings-per-share,eps-earnings-per-share-diluted,cash-on-hand,inventory,other-current-assets,total-current-assets,net-property-plant-equipment,long-term-investments,goodwill-intangible-assets-total,other-long-term-assets,total-long-term-assets,total-assets,total-current-liabilities,long-term-debt,other-non-current-liabilities,total-long-term-liabilities,total-liabilities,common-stock-net,retained-earnings-accumulated-deficit,comprehensive-income,total-share-holder-equity,total-liabilities-share-holders-equity,net-income-loss,total-depreciation-amortization-cash-flow,other-non-cash-items,total-non-cash-items,change-in-accounts-receivable,change-in-inventories,change-in-accounts-payable,change-in-assets-liabilities,total-change-in-assets-liabilities,cash-flow-from-operating-activities,net-change-in-property-plant-equipment,net-change-in-intangible-assets,net-acquisitions-divestitures,net-change-in-short-term-investments,net-change-in-long-term-investments,net-change-in-investments-total,investing-activities-other,cash-flow-from-investing-activities,net-long-term-debt,net-current-debt,debt-issuance-retirement-net-total,net-common-equity-issued-repurchased,net-total-equity-issued-repurchased,total-common-preferred-stock-dividends-paid,financial-activities-other,cash-flow-from-financial-activities,net-cash-flow,stock-based-compensation,common-stock-dividends-paid
0,2018-09-30,36.85,$3.87,9.53,$2.16,17.07,$-1.27,0.0,$-0.54,0.0,$0.15B,$0.01B,12.72,$0.00B,$0.15B,0.0,$0.08B,$0.07B,83.33%,$0.08B,$-0.02B,-21.79%,$0.08B,$-0.02B,-21.79%,$0.08B,$-0.02B,-21.79%,$0.08B,$-0.02B,-24.36%,$0.08B,$-0.02B,-24.36%,$-0.02B,$0.15B,-21.90%,$-0.02B,$0.15B,-22.22%,$-0.02B,$0.16B,-17.39%,$-0.02B,$0.15B,-17.62%,$23,$3,$19,$3,$21,$27,$-5,$1,$-4,$0,$-4,$-4,$-4,$-5,$-5,$39,39,$-0.11,$-0.11,$126,$11,$0,$153,$8,$0,$1,$0,$9,$162,$12,$0,$0,$0,$12,$0,$-145,$0,$149,$162,$-17,$1,$9,$10,$-3,$-5,$0,$-1,$-5,$-13,$-6,$-0,$0,$-100,$0,$-100,$0,$-107,$-23,$-4,$-27,$136,$136,$0,$-0,$109,$-11,$6,$0
1,2018-06-30,50.25,$3.93,12.79,$2.05,24.48,$-1.04,0.0,$-0.49,0.0,$0.16B,$0.01B,15.92,$0.00B,$0.15B,0.0,$0.07B,$0.06B,84.51%,$0.07B,$-0.01B,-18.31%,$0.07B,$-0.01B,-18.31%,$0.07B,$-0.01B,-18.31%,$0.07B,$-0.02B,-23.94%,$0.07B,$-0.02B,-23.94%,$-0.02B,$0.15B,-32.54%,$-0.02B,$0.15B,-33.33%,$-0.02B,$0.16B,-21.45%,$-0.01B,$0.15B,-19.48%,$21,$3,$17,$3,$20,$25,$-5,$-3,$-7,$0,$-7,$-7,$-7,$-5,$-5,$37,37,$-0.20,$-0.20,$134,$10,$0,$157,$2,$0,$1,$0,$4,$161,$10,$0,$0,$0,$10,$0,$-141,$0,$151,$161,$-13,$0,$7,$7,$-1,$-3,$0,$-0,$-4,$-10,$-1,$-0,$0,$0,$0,$0,$0,$-1,$-22,$-4,$-27,$135,$135,$0,$-0,$108,$97,$4,$0
2,2018-03-31,36.5,$0.63,58.33,$1.95,18.72,$-0.95,0.0,$-0.35,0.0,$0.05B,$0.02B,3.32,$0.02B,$0.02B,0.82,$0.07B,$0.06B,86.15%,$0.07B,$-0.01B,-13.85%,$0.07B,$-0.01B,-13.85%,$0.07B,$-0.01B,-13.85%,$0.07B,$-0.01B,-18.46%,$0.07B,$-0.01B,-18.46%,$-0.01B,$0.02B,-69.57%,$-0.01B,$0.02B,-73.85%,$-0.01B,$0.06B,-24.12%,$-0.01B,$0.04B,-24.32%,$17,$3,$15,$2,$17,$22,$-5,$-1,$-6,$0,$-6,$-6,$-6,$-5,$-5,$35,35,$-0.16,$-0.16,$31,$8,$0,$52,$2,$0,$1,$0,$3,$55,$16,$18,$0,$18,$33,$0,$-134,$0,$22,$55,$-6,$0,$2,$2,$-1,$-1,$0,$-1,$-2,$-6,$-0,$-0,$0,$0,$0,$0,$0,$-1,$-0,$-0,$-0,$0,$0,$0,$0,$0,$-6,$2,$0
3,2017-12-31,28.3,$0.73,38.6,$1.82,15.55,$-0.89,0.0,$-0.30,0.0,$0.06B,$0.01B,4.06,$0.02B,$0.03B,0.79,$0.06B,$0.05B,85.00%,$0.06B,$-0.01B,-11.67%,$0.06B,$-0.01B,-11.67%,$0.06B,$-0.01B,-11.67%,$0.06B,$-0.01B,-16.67%,$0.06B,$-0.01B,-16.67%,$-0.01B,$0.03B,-67.80%,$-0.01B,$0.02B,-72.73%,$-0.01B,$0.06B,-21.39%,$-0.01B,$0.05B,-20.00%,$17,$3,$14,$2,$14,$19,$-2,$-1,$-2,$0,$-2,$-2,$-2,$-2,$-2,$33,33,$-0.08,$-0.08,$37,$7,$0,$56,$2,$0,$1,$0,$3,$59,$14,$20,$0,$20,$34,$0,$-128,$0,$25,$59,$-10,$1,$4,$5,$-3,$-2,$0,$-0,$-3,$-9,$-1,$-0,$0,$0,$0,$0,$0,$-1,$-0,$-0,$-0,$17,$17,$0,$-0,$17,$6,$4,$0
4,2017-09-30,19.35,$0.32,61.23,$1.68,11.5,$-0.98,0.0,$-0.40,0.0,$0.04B,$0.01B,3.55,$0.02B,$0.01B,1.93,$0.05B,$0.05B,87.04%,$0.05B,$-0.01B,-14.81%,$0.05B,$-0.01B,-14.81%,$0.05B,$-0.01B,-14.81%,$0.05B,$-0.01B,-25.93%,$0.05B,$-0.01B,-25.93%,$-0.01B,$0.01B,-114.29%,$-0.01B,$0.01B,-124.44%,$-0.01B,$0.04B,-32.18%,$-0.01B,$0.03B,-24.62%,$16,$3,$14,$2,$13,$18,$-1,$-1,$-2,$0,$-2,$-2,$-2,$-1,$-1,$33,33,$-0.06,$-0.06,$22,$7,$0,$40,$2,$0,$1,$0,$3,$42,$11,$20,$0,$21,$32,$0,$-126,$0,$11,$42,$-8,$1,$4,$4,$-2,$-2,$0,$0,$-4,$-8,$-1,$-0,$0,$0,$0,$0,$0,$-1,$-0,$-0,$-0,$1,$1,$0,$-0,$1,$-8,$2,$0
5,2017-06-30,16.75,$0.34,49.15,$1.57,10.66,$-1.06,0.0,$-0.42,0.0,$0.04B,$0.01B,3.67,$0.02B,$0.01B,1.8,$0.05B,$0.04B,87.76%,$0.05B,$-0.01B,-16.33%,$0.05B,$-0.01B,-16.33%,$0.05B,$-0.01B,-16.33%,$0.05B,$-0.01B,-28.57%,$0.05B,$-0.01B,-28.57%,$-0.01B,$0.01B,-143.59%,$-0.01B,$0.01B,-160.00%,$-0.01B,$0.04B,-34.36%,$-0.01B,$0.03B,-25.60%,$15,$2,$13,$2,$13,$17,$-1,$-1,$-2,$0,$-2,$-2,$-2,$-1,$-1,$33,33,$-0.06,$-0.06,$24,$6,$0,$40,$2,$0,$1,$0,$3,$43,$11,$20,$0,$21,$31,$0,$-124,$0,$11,$43,$-6,$0,$2,$3,$-1,$-2,$0,$0,$-3,$-6,$-0,$-0,$0,$0,$0,$0,$0,$-1,$-0,$-0,$-0,$1,$1,$0,$-0,$0,$-6,$2,$0
6,2017-03-31,10.45,$0.37,28.5,$1.46,7.16,$-1.13,0.0,$-0.45,0.0,$0.04B,$0.01B,3.82,$0.02B,$0.01B,1.67,$0.04B,$0.04B,88.64%,$0.04B,$-0.01B,-20.45%,$0.04B,$-0.01B,-20.45%,$0.04B,$-0.01B,-18.18%,$0.04B,$-0.02B,-34.09%,$0.04B,$-0.02B,-34.09%,$-0.02B,$0.01B,-193.55%,$-0.02B,$0.01B,-222.22%,$-0.02B,$0.04B,-39.47%,$-0.01B,$0.03B,-29.75%,$12,$2,$10,$1,$12,$15,$-3,$-1,$-4,$0,$-4,$-4,$-4,$-3,$-3,$33,33,$-0.11,$-0.11,$26,$6,$0,$41,$1,$0,$1,$0,$2,$43,$11,$20,$0,$20,$31,$0,$-122,$0,$12,$43,$-4,$0,$1,$1,$-0,$-0,$0,$-0,$-1,$-4,$-0,$-0,$0,$0,$0,$0,$0,$-0,$-0,$-0,$-0,$0,$0,$0,$-0,$0,$-4,$1,$0
7,2016-12-31,9.0,$0.45,19.91,$1.36,6.62,$-1.17,0.0,$-0.46,0.0,$0.04B,$0.01B,3.97,$0.02B,$0.02B,1.36,$0.04B,$0.04B,90.00%,$0.04B,$-0.01B,-22.50%,$0.04B,$-0.01B,-22.50%,$0.04B,$-0.01B,-17.50%,$0.04B,$-0.02B,-37.50%,$0.04B,$-0.02B,-37.50%,$-0.02B,$0.02B,-250.00%,$-0.02B,$0.01B,-300.00%,$-0.02B,$0.05B,-42.25%,$-0.01B,$0.04B,-30.25%,$11,$2,$10,$1,$11,$14,$-3,$-3,$-6,$0,$-6,$-6,$-6,$-3,$-3,$31,31,$-0.18,$-0.18,$30,$5,$0,$44,$1,$0,$1,$0,$2,$46,$11,$20,$0,$20,$31,$0,$-118,$0,$15,$46,$-14,$1,$4,$5,$-3,$-2,$0,$-0,$-2,$-11,$-1,$-0,$0,$0,$0,$0,$0,$-1,$-2,$0,$-2,$20,$20,$0,$-1,$16,$4,$1,$0
8,2016-09-30,9.03,$0.04,247.4,$1.29,7.02,$-1.29,0.0,$-0.41,0.0,$0.03B,$0.01B,6.24,$0.03B,$0.00B,22.65,$0.04B,$0.03B,86.49%,$0.04B,$-0.01B,-24.32%,$0.04B,$-0.01B,-24.32%,$0.04B,$-0.01B,-18.92%,$0.04B,$-0.01B,-35.14%,$0.04B,$-0.01B,-35.14%,$-0.01B,$0.00B,-305.88%,$-0.01B,$0.00B,-371.43%,$-0.01B,$0.03B,-39.10%,$-0.01B,$0.03B,-30.77%,$11,$2,$10,$1,$10,$12,$-1,$-1,$-2,$0,$-2,$-2,$-2,$-1,$-1,$30,30,$-0.08,$-0.08,$16,$5,$0,$29,$1,$0,$1,$0,$2,$31,$5,$25,$0,$25,$30,$0,$-112,$0,$1,$31,$-9,$0,$1,$2,$-2,$-1,$0,$-0,$-3,$-10,$-1,$-0,$0,$0,$0,$0,$0,$-1,$0,$0,$0,$1,$1,$0,$0,$1,$-10,$1,$0
9,2016-06-30,6.88,$0.09,74.22,$1.22,5.64,$-1.29,0.0,$-0.44,0.0,$0.03B,$0.00B,7.58,$0.03B,$0.00B,8.93,$0.03B,$0.03B,85.29%,$0.03B,$-0.01B,-29.41%,$0.03B,$-0.01B,-29.41%,$0.03B,$-0.01B,-23.53%,$0.03B,$-0.01B,-41.18%,$0.03B,$-0.01B,-41.18%,$-0.01B,$0.00B,-207.41%,$-0.01B,$0.00B,-224.00%,$-0.01B,$0.03B,-39.16%,$-0.01B,$0.03B,-31.25%,$10,$2,$9,$1,$10,$12,$-2,$-1,$-3,$0,$-3,$-3,$-3,$-1,$-2,$30,30,$-0.09,$-0.09,$18,$5,$0,$30,$1,$0,$1,$0,$2,$32,$4,$25,$0,$25,$29,$0,$-110,$0,$3,$32,$-6,$0,$1,$1,$-1,$-1,$0,$-0,$-2,$-7,$-0,$-0,$0,$0,$0,$0,$0,$-1,$0,$0,$0,$0,$0,$0,$0,$0,$-8,$1,$0
10,2016-03-31,5.36,$0.16,33.27,$1.13,4.74,$-1.27,0.0,$-0.48,0.0,$0.03B,$0.00B,8.36,$0.03B,$0.01B,5.13,$0.03B,$0.03B,83.33%,$0.03B,$-0.01B,-33.33%,$0.03B,$-0.01B,-33.33%,$0.03B,$-0.01B,-30.00%,$0.03B,$-0.01B,-46.67%,$0.03B,$-0.01B,-46.67%,$-0.01B,$0.01B,-280.00%,$-0.01B,$0.00B,-294.74%,$-0.01B,$0.03B,-41.18%,$-0.01B,$0.03B,-32.79%,$8,$1,$7,$1,$8,$11,$-3,$-1,$-4,$0,$-4,$-4,$-4,$-2,$-3,$30,30,$-0.12,$-0.12,$21,$5,$0,$31,$1,$0,$1,$0,$2,$33,$4,$25,$0,$25,$29,$0,$-107,$0,$5,$33,$-4,$0,$0,$0,$-1,$-1,$0,$-0,$-1,$-5,$-0,$-0,$0,$0,$0,$0,$0,$-0,$0,$0,$0,$0,$0,$0,$0,$0,$-5,$0,$0
11,2015-12-31,5.0,$0.27,18.29,$1.08,4.63,$-1.22,0.0,$-0.52,0.0,$0.04B,$0.00B,9.45,$0.03B,$0.01B,3.01,$0.03B,$0.02B,81.48%,$0.03B,$-0.01B,-37.04%,$0.03B,$-0.01B,-37.04%,$0.03B,$-0.01B,-33.33%,$0.03B,$-0.01B,-51.85%,$0.03B,$-0.01B,-51.85%,$-0.01B,$0.01B,-400.00%,$-0.01B,$0.01B,-400.00%,$-0.01B,$0.04B,-42.75%,$-0.01B,$0.03B,-34.19%,$8,$1,$6,$1,$8,$10,$-3,$-1,$-4,$0,$-4,$-4,$-4,$-3,$-3,$26,26,$-0.11,$-0.11,$26,$4,$0,$35,$1,$0,$1,$0,$2,$37,$4,$25,$0,$25,$29,$0,$-103,$0,$8,$37,$-13,$0,$2,$2,$-2,$-1,$0,$-0,$-2,$-13,$-0,$-0,$0,$0,$0,$0,$0,$-1,$0,$0,$0,$31,$31,$0,$-0,$31,$18,$1,$0
12,2015-09-30,4.12,$0.37,11.0,$1.05,3.92,$-1.32,0.0,$-0.76,0.0,$0.04B,$0.00B,9.41,$0.03B,$0.01B,2.29,$0.02B,$0.02B,83.33%,$0.02B,$-0.01B,-41.67%,$0.02B,$-0.01B,-41.67%,$0.02B,$-0.01B,-37.50%,$0.02B,$-0.02B,-66.67%,$0.02B,$-0.02B,-66.67%,$-0.02B,$0.01B,1280.00%,$-0.02B,$0.01B,1066.67%,$-0.02B,$0.04B,-58.18%,$-0.01B,$0.04B,-40.82%,$8,$1,$7,$1,$8,$10,$-2,$-1,$-3,$0,$-3,$-3,$-3,$-2,$-2,$27,27,$-0.11,$-0.11,$30,$4,$0,$39,$1,$0,$1,$0,$2,$41,$4,$26,$0,$26,$30,$0,$-100,$0,$11,$41,$-10,$0,$1,$2,$-2,$-0,$0,$-0,$-1,$-9,$-0,$-0,$0,$0,$0,$0,$0,$-0,$0,$0,$0,$31,$31,$0,$-0,$31,$22,$1,$0
13,2015-06-30,3.14,$-0.14,-22.18,$1.02,3.09,$-1.46,0.0,$-0.84,0.0,$0.02B,$0.00B,6.79,$0.03B,$-0.00B,-7.2,$0.02B,$0.02B,80.95%,$0.02B,$-0.01B,-47.62%,$0.02B,$-0.01B,-47.62%,$0.02B,$-0.01B,-42.86%,$0.02B,$-0.02B,-76.19%,$0.02B,$-0.02B,-76.19%,$-0.02B,$-0.00B,246.15%,$-0.02B,$-0.00B,228.57%,$-0.02B,$0.03B,-71.91%,$-0.01B,$0.02B,-50.63%,$6,$1,$5,$1,$7,$9,$-2,$-1,$-3,$0,$-3,$-3,$-3,$-2,$-2,$25,25,$-0.13,$-0.13,$16,$4,$0,$23,$1,$0,$1,$0,$2,$25,$3,$25,$0,$26,$29,$0,$-97,$0,$-4,$25,$-7,$0,$1,$1,$-1,$-0,$0,$-0,$-0,$-6,$-0,$-0,$0,$0,$0,$0,$0,$-0,$0,$0,$0,$14,$14,$0,$-0,$14,$7,$1,$0
14,2015-03-31,3.5,$-0.03,-128.21,$1.00,3.5,$-1.55,0.0,$-0.92,0.0,$0.03B,$0.00B,7.57,$0.03B,$-0.00B,-37.13,$0.02B,$0.02B,78.95%,$0.02B,$-0.01B,-52.63%,$0.02B,$-0.01B,-52.63%,$0.02B,$-0.01B,-47.37%,$0.02B,$-0.02B,-89.47%,$0.02B,$-0.02B,-89.47%,$-0.02B,$-0.00B,234.48%,$-0.02B,$-0.00B,212.50%,$-0.02B,$0.03B,-79.07%,$-0.01B,$0.03B,-51.95%,$5,$1,$4,$1,$6,$7,$-3,$-1,$-4,$0,$-4,$-4,$-4,$-2,$-3,$23,23,$-0.16,$-0.16,$19,$3,$0,$26,$1,$0,$1,$0,$2,$28,$3,$25,$0,$25,$29,$0,$-94,$0,$-1,$28,$-4,$0,$1,$1,$-0,$-0,$0,$-0,$0,$-3,$-0,$-0,$0,$0,$0,$0,$0,$-0,$0,$0,$0,$14,$14,$0,$-0,$14,$11,$0,$0
15,2014-12-31,3.59,$-0.58,-6.22,$0.96,3.74,$-1.64,0.0,$-1.00,0.0,$0.01B,$0.00B,5.89,$0.03B,$-0.01B,-2.23,$0.02B,$0.01B,76.47%,$0.02B,$-0.01B,-58.82%,$0.02B,$-0.01B,-58.82%,$0.02B,$-0.01B,-58.82%,$0.02B,$-0.02B,-100.00%,$0.02B,$-0.02B,-100.00%,$-0.02B,$-0.01B,212.50%,$-0.02B,$-0.01B,194.29%,$-0.02B,$0.02B,-81.93%,$-0.01B,$0.01B,-53.33%,$5,$1,$4,$1,$6,$8,$-3,$-4,$-6,$0,$-6,$-6,$-6,$-3,$-3,$18,18,$-0.35,$-0.35,$8,$3,$0,$14,$1,$0,$1,$0,$2,$16,$2,$25,$0,$25,$28,$0,$-90,$0,$-11,$16,$-18,$0,$7,$7,$-1,$0,$0,$0,$-0,$-10,$-1,$-0,$0,$0,$0,$0,$0,$-1,$-2,$0,$-2,$2,$2,$0,$-1,$-1,$-12,$1,$0
16,2014-09-30,2.44,$-0.58,-4.18,$0.91,2.68,$-1.80,0.0,$-0.88,0.0,$0.02B,$0.00B,8.85,$0.03B,$-0.01B,-2.77,$0.02B,$0.01B,73.33%,$0.02B,$-0.01B,-66.67%,$0.02B,$-0.01B,-66.67%,$0.02B,$-0.01B,-66.67%,$0.02B,$-0.02B,-100.00%,$0.02B,$-0.02B,-100.00%,$-0.02B,$-0.01B,285.71%,$-0.02B,$-0.01B,260.87%,$-0.02B,$0.02B,-63.16%,$-0.01B,$0.02B,-45.98%,$5,$1,$4,$1,$5,$6,$-2,$-1,$-3,$0,$-3,$-3,$-3,$-2,$-2,$17,17,$-0.19,$-0.19,$12,$3,$0,$18,$1,$0,$1,$0,$2,$20,$2,$28,$0,$28,$30,$0,$-84,$0,$-10,$20,$-11,$0,$4,$4,$-1,$0,$0,$0,$-1,$-8,$-0,$-0,$0,$0,$0,$0,$0,$-0,$0,$0,$0,$0,$0,$0,$0,$0,$-8,$1,$0
17,2014-06-30,2.78,$-0.41,-6.77,$0.85,3.27,$-1.89,0.0,$-0.94,0.0,$0.02B,$0.00B,8.99,$0.03B,$-0.01B,-3.8,$0.01B,$0.01B,69.23%,$0.01B,$-0.01B,-76.92%,$0.01B,$-0.01B,-76.92%,$0.01B,$-0.01B,-76.92%,$0.01B,$-0.02B,-123.08%,$0.01B,$-0.02B,-123.08%,$-0.02B,$-0.01B,914.29%,$-0.02B,$-0.01B,800.00%,$-0.02B,$0.02B,-60.95%,$-0.01B,$0.02B,-41.24%,$4,$1,$3,$1,$5,$7,$-2,$-1,$-4,$0,$-4,$-4,$-4,$-2,$-2,$17,17,$-0.21,$-0.21,$14,$3,$0,$20,$1,$0,$1,$0,$2,$22,$2,$27,$0,$27,$30,$0,$-80,$0,$-7,$22,$-8,$0,$2,$3,$-1,$-0,$0,$0,$-0,$-6,$-0,$-0,$0,$0,$0,$0,$0,$-0,$0,$0,$0,$0,$0,$0,$0,$0,$-6,$1,$0
18,2014-03-31,3.05,$-0.21,-14.41,$0.87,3.53,$-2.01,0.0,$-1.04,0.0,$0.02B,$0.00B,11.67,$0.03B,$-0.00B,-7.11,$0.01B,$0.01B,66.67%,$0.01B,$-0.01B,-83.33%,$0.01B,$-0.01B,-83.33%,$0.01B,$-0.01B,-83.33%,$0.01B,$-0.02B,-125.00%,$0.01B,$-0.02B,-125.00%,$-0.02B,$-0.00B,666.67%,$-0.02B,$-0.00B,600.00%,$-0.02B,$0.03B,-60.61%,$-0.01B,$0.02B,-43.96%,$3,$1,$2,$1,$5,$6,$-3,$-1,$-4,$0,$-4,$-4,$-4,$-3,$-3,$17,17,$-0.24,$-0.24,$17,$3,$0,$22,$1,$0,$1,$0,$2,$25,$2,$26,$0,$26,$28,$0,$-77,$0,$-4,$25,$-4,$0,$1,$1,$-0,$-0,$0,$0,$-0,$-3,$-0,$-0,$0,$0,$0,$0,$0,$-0,$0,$0,$0,$0,$0,$0,$0,$0,$-3,$0,$0
19,2013-12-31,4.49,$0.01,568.35,$0.88,5.12,$-2.06,0.0,$-1.11,0.0,$0.03B,$0.00B,12.23,$0.03B,$0.00B,185.68,$0.01B,$0.01B,72.73%,$0.01B,$-0.01B,-81.82%,$0.01B,$-0.01B,-81.82%,$0.01B,$-0.01B,-81.82%,$0.01B,$-0.01B,-127.27%,$0.01B,$-0.01B,-127.27%,$-0.01B,$0.00B,509.09%,$-0.01B,$0.00B,430.77%,$-0.01B,$0.03B,-60.87%,$-0.01B,$0.03B,-42.86%,$3,$1,$2,$1,$5,$6,$-3,$-1,$-4,$0,$-4,$-4,$-4,$-3,$-3,$14,14,$-0.21,$-0.21,$20,$3,$0,$26,$0,$0,$1,$0,$2,$28,$2,$25,$0,$25,$28,$0,$-72,$0,$0,$28,$-15,$0,$5,$5,$-1,$-0,$0,$-0,$-1,$-10,$-0,$-0,$0,$0,$0,$0,$0,$-0,$0,$0,$0,$17,$17,$0,$0,$17,$6,$1,$0
20,2013-09-30,4.44,$0.24,18.71,$0.84,5.28,$-2.06,0.0,$-1.23,0.0,$0.03B,$0.00B,21.23,$0.02B,$0.00B,5.91,$0.01B,$0.01B,80.00%,$0.01B,$-0.01B,-80.00%,$0.01B,$-0.01B,-80.00%,$0.01B,$-0.01B,-80.00%,$0.01B,$-0.01B,-140.00%,$0.01B,$-0.01B,-140.00%,$-0.01B,$0.00B,400.00%,$-0.01B,$0.00B,350.00%,$-0.01B,$0.03B,-66.67%,$-0.01B,$0.03B,-41.56%,$3,$1,$2,$1,$4,$5,$-2,$-1,$-4,$0,$-4,$-4,$-4,$-2,$-2,$14,14,$-0.25,$-0.25,$23,$3,$0,$28,$0,$0,$1,$0,$2,$30,$1,$24,$0,$24,$26,$0,$-68,$0,$4,$30,$-10,$0,$3,$4,$-1,$-0,$0,$0,$-1,$-8,$-0,$-0,$0,$0,$0,$0,$0,$-0,$0,$0,$0,$17,$17,$0,$0,$17,$9,$1,$0
21,2013-06-30,4.34,$-0.83,-5.2,$0.81,5.34,$-1.97,0.0,$-1.18,0.0,$0.01B,$0.00B,8.7,$0.02B,$-0.01B,-2.52,$0.01B,$0.01B,77.78%,$0.01B,$-0.01B,-88.89%,$0.01B,$-0.01B,-88.89%,$0.01B,$-0.01B,-88.89%,$0.01B,$-0.01B,-133.33%,$0.01B,$-0.01B,-133.33%,$-0.01B,$-0.01B,282.35%,$-0.01B,$-0.01B,240.00%,$-0.01B,$0.02B,-75.00%,$-0.01B,$0.01B,-58.18%,$3,$1,$2,$0,$4,$5,$-2,$-1,$-3,$0,$-3,$-3,$-3,$-2,$-2,$11,11,$-0.31,$-0.31,$9,$4,$0,$14,$0,$0,$1,$0,$2,$16,$2,$23,$0,$23,$25,$0,$-65,$0,$-9,$16,$-7,$0,$2,$2,$-0,$-0,$0,$0,$-1,$-5,$-0,$-0,$0,$0,$0,$0,$0,$-0,$0,$0,$0,$0,$0,$0,$0,$0,$-5,$0,$0
22,2013-03-31,3.61,$-0.54,-6.69,$0.74,4.9,$-1.82,0.0,$-0.96,0.0,$0.02B,$0.00B,11.24,$0.02B,$-0.01B,-3.74,$0.01B,$0.01B,87.50%,$0.01B,$-0.01B,-100.00%,$0.01B,$-0.01B,-100.00%,$0.01B,$-0.01B,-87.50%,$0.01B,$-0.01B,-137.50%,$0.01B,$-0.01B,-125.00%,$-0.01B,$-0.01B,800.00%,$-0.01B,$-0.01B,500.00%,$-0.01B,$0.02B,-68.97%,$-0.01B,$0.02B,-66.67%,$2,$1,$2,$0,$3,$4,$-2,$-1,$-3,$0,$-3,$-3,$-3,$-2,$-2,$11,11,$-0.31,$-0.31,$11,$3,$0,$16,$0,$0,$1,$0,$2,$18,$1,$22,$0,$22,$24,$0,$-61,$0,$-6,$18,$-3,$0,$1,$1,$-0,$-0,$0,$0,$-0,$-3,$-0,$-0,$0,$0,$0,$0,$0,$-0,$0,$0,$0,$0,$0,$0,$0,$0,$-3,$0,$0
23,2012-12-31,2.7,$-0.25,-10.61,$0.69,3.89,$-1.81,0.0,$-0.84,0.0,$0.02B,$0.00B,12.36,$0.02B,$-0.00B,-7.63,$0.01B,$0.01B,75.00%,$0.01B,$-0.01B,-100.00%,$0.01B,$-0.01B,-100.00%,$0.01B,$-0.01B,-87.50%,$0.01B,$-0.01B,-125.00%,$0.01B,$-0.01B,-112.50%,$-0.01B,$-0.00B,-720.00%,$-0.01B,$-0.00B,-1800.00%,$-0.01B,$0.02B,-72.00%,$-0.01B,$0.02B,-80.00%,$2,$0,$2,$0,$3,$4,$-2,$-2,$-4,$-0,$-4,$-4,$-4,$-2,$-2,$11,11,$-0.37,$-0.37,$14,$3,$0,$18,$0,$0,$1,$0,$2,$20,$1,$22,$0,$22,$23,$0,$-58,$0,$-3,$20,$-9,$1,$2,$3,$-0,$-1,$0,$-0,$-2,$-9,$-0,$-0,$0,$0,$0,$0,$0,$-0,$16,$0,$16,$0,$0,$0,$-1,$15,$6,$1,$0
24,2012-09-30,2.7,$0.11,24.88,$0.88,3.08,$-2.94,0.0,$-0.48,0.0,$0.01B,$0.00B,2.18,$0.01B,$0.00B,3.93,$0.01B,$0.01B,71.43%,$0.01B,$-0.01B,-114.29%,$0.01B,$-0.01B,-114.29%,$0.01B,$-0.01B,-100.00%,$0.01B,$-0.01B,-114.29%,$0.01B,$-0.01B,-100.00%,$-0.01B,$0.00B,-200.00%,$-0.01B,$0.00B,-280.00%,$-0.01B,$0.01B,-66.67%,$-0.01B,$0.01B,-103.23%,$2,$1,$1,$0,$3,$4,$-2,$-0,$-2,$0,$-2,$-2,$-2,$-2,$-2,$11,11,$-0.20,$-0.20,$4,$3,$0,$8,$0,$0,$1,$0,$2,$10,$4,$5,$0,$5,$8,$0,$-54,$0,$1,$10,$-5,$0,$0,$1,$-0,$-1,$0,$-0,$-1,$-5,$-0,$-0,$0,$0,$0,$0,$0,$-0,$2,$0,$2,$0,$0,$0,$-0,$2,$-4,$0,$0
25,2012-06-30,3.0,$0.29,10.19,$1.56,1.92,$-6.16,0.0,$-2.88,0.0,$0.01B,$0.00B,2.64,$0.00B,$0.00B,1.06,$0.01B,$0.00B,66.67%,$0.01B,$-0.01B,-150.00%,$0.01B,$-0.01B,-150.00%,$0.01B,$-0.01B,-116.67%,$0.01B,$-0.01B,-150.00%,$0.01B,$-0.01B,-133.33%,$-0.01B,$0.00B,-152.38%,$-0.01B,$0.00B,-188.24%,$-0.01B,$0.01B,-69.57%,$-0.01B,$0.01B,-94.74%,$2,$1,$2,$0,$3,$4,$-2,$-0,$-2,$-1,$-1,$-1,$-1,$-1,$-2,$11,11,$-0.09,$-0.09,$5,$2,$0,$8,$0,$0,$1,$0,$2,$10,$3,$3,$0,$3,$7,$0,$-52,$0,$3,$10,$-3,$0,$0,$1,$-0,$-1,$0,$-0,$-1,$-3,$-0,$-0,$0,$0,$0,$0,$0,$-0,$0,$0,$0,$0,$0,$0,$-0,$-0,$-4,$0,$0
26,2012-03-31,2.7,$0.37,7.25,$2.39,1.13,$-7.87,0.0,$-2.73,0.0,$0.01B,$0.00B,3.63,$0.00B,$0.00B,0.95,$0.01B,$0.00B,60.00%,$0.01B,$-0.01B,-160.00%,$0.01B,$-0.01B,-160.00%,$0.01B,$-0.01B,-140.00%,$0.01B,$-0.01B,-180.00%,$0.01B,$-0.01B,-180.00%,$-0.01B,$0.00B,-120.00%,$-0.01B,$0.00B,-133.33%,$-0.01B,$0.01B,-75.00%,$-0.01B,$0.01B,-74.42%,$2,$0,$1,$0,$3,$4,$-2,$-0,$-2,$0,$-2,$-2,$-2,$-2,$-2,$11,11,$-0.19,$-0.19,$6,$2,$0,$9,$0,$0,$1,$0,$2,$10,$2,$4,$0,$4,$6,$0,$-51,$0,$4,$10,$-2,$0,$0,$0,$-0,$-0,$0,$-0,$-1,$-2,$-0,$0,$-0,$0,$0,$0,$0,$-0,$0,$0,$0,$0,$0,$0,$0,$0,$-3,$0,$0
27,2011-12-31,2.7,$0.55,4.92,$3.17,0.85,$-8.60,0.0,$-2.33,0.0,$0.01B,$0.00B,5.39,$0.00B,$0.01B,0.73,$0.00B,$0.00B,75.00%,$0.00B,$-0.01B,-175.00%,$0.00B,$-0.01B,-175.00%,$0.00B,$-0.01B,-125.00%,$0.00B,$-0.01B,-225.00%,$0.00B,$-0.01B,-250.00%,$-0.01B,$0.01B,-108.11%,$-0.01B,$0.01B,-114.29%,$-0.01B,$0.01B,-81.63%,$-0.01B,$0.01B,-60.87%,$1,$1,$1,$0,$3,$3,$-2,$-0,$-2,$0,$-2,$-2,$-2,$-2,$-2,$4,4,$3.69,$3.69,$8,$2,$0,$11,$0,$0,$1,$0,$2,$12,$2,$4,$0,$4,$6,$0,$-48,$0,$6,$12,$-9,$2,$0,$2,$-0,$0,$0,$0,$0,$-7,$-0,$-0,$7,$0,$0,$0,$0,$7,$6,$0,$6,$1,$1,$0,$-0,$6,$6,$0,$0
28,2011-09-30,2.5,$0.73,3.44,$5.41,0.46,$-11.39,0.0,$-2.42,0.0,$0.01B,$0.00B,7.89,$0.01B,$0.01B,0.61,$0.01B,$0.00B,60.00%,$0.01B,$-0.01B,-160.00%,$0.01B,$-0.01B,-160.00%,$0.01B,$-0.01B,-100.00%,$0.01B,$-0.01B,-220.00%,$0.01B,$-0.01B,-260.00%,$-0.01B,$0.01B,-273.68%,$-0.01B,$0.01B,-288.89%,$-0.01B,$0.01B,-120.93%,$-0.01B,$0.01B,-133.33%,$1,$1,$0,$0,$2,$4,$-3,$-0,$-3,$0,$-3,$-3,$-3,$-2,$-3,$1,1,$-2.60,$-2.60,$11,$2,$0,$13,$0,$0,$1,$0,$1,$14,$2,$5,$0,$5,$6,$0,$-46,$0,$8,$14,$-7,$1,$0,$2,$-0,$0,$0,$-0,$1,$-5,$-0,$-0,$7,$0,$0,$0,$0,$7,$6,$0,$6,$1,$1,$0,$-0,$6,$9,$0,$0
29,2011-06-30,3.0,$2.68,1.12,$5.22,0.58,$-10.42,0.0,$0.07,42.86,$0.01B,$0.00B,15.69,$0.00B,$0.01B,0.0,$0.01B,$0.00B,80.00%,$0.01B,$-0.01B,-120.00%,$0.01B,$-0.01B,-120.00%,$0.01B,$-0.00B,-60.00%,$0.01B,$-0.01B,-180.00%,$0.01B,$-0.01B,-220.00%,$-0.01B,$0.01B,-209.52%,$-0.01B,$0.01B,-209.52%,$-0.01B,$0.01B,-112.82%,$-0.01B,$0.01B,-114.29%,$1,$0,$1,$0,$2,$3,$-1,$-0,$-2,$0,$-2,$-2,$-2,$-1,$-1,$1,1,$-1.65,$-1.65,$10,$0,$0,$10,$0,$0,$0,$0,$3,$12,$1,$0,$0,$0,$1,$0,$-2,$0,$12,$12,$-4,$1,$-0,$1,$-0,$-0,$0,$-0,$0,$-2,$0,$-0,$0,$0,$0,$0,$0,$-0,$3,$0,$3,$0,$0,$0,$-0,$3,$0,$0,$0
30,2011-03-31,2.75,$2.59,1.06,$4.21,0.65,$-8.82,0.0,$-0.04,0.0,$0.01B,$0.00B,48.69,$0.00B,$0.01B,0.0,$0.00B,$0.00B,75.00%,$0.00B,$-0.01B,-125.00%,$0.00B,$-0.01B,-125.00%,$0.00B,$-0.00B,-50.00%,$0.00B,$-0.01B,-175.00%,$0.00B,$-0.01B,-225.00%,$-0.01B,$0.01B,-180.00%,$-0.01B,$0.01B,-180.00%,$-0.01B,$0.01B,-94.74%,$-0.01B,$0.01B,-100.00%,$1,$0,$1,$0,$2,$2,$-1,$-1,$-2,$0,$-2,$-2,$-3,$0,$-1,$1,1,$-2.21,$-2.21,$9,$0,$0,$11,$0,$0,$0,$0,$0,$11,$0,$0,$0,$0,$0,$0,$-2,$0,$11,$11,$-2,$1,$0,$1,$-0,$0,$0,$0,$-0,$-1,$0,$-0,$0,$0,$0,$0,$0,$-0,$0,$0,$0,$0,$0,$0,$-0,$-0,$-1,$0,$0
31,2010-12-31,3.49,$-9.70,-0.36,$3.28,1.06,$-8.17,0.0,$-0.31,0.0,$0.01B,$0.01B,0.56,$0.00B,$-0.03B,0.0,$0.00B,$0.00B,66.67%,$0.00B,$-0.00B,-133.33%,$0.00B,$-0.00B,-133.33%,$0.00B,$-0.00B,-66.67%,$0.00B,$-0.01B,-166.67%,$0.00B,$-0.01B,-200.00%,$-0.01B,$-0.01B,-120.00%,$-0.01B,$-0.01B,-120.00%,$-0.01B,$0.01B,-63.16%,$-0.00B,$-0.01B,-80.00%,$2,$1,$1,$0,$4,$5,$-3,$-1,$-4,$0,$-4,$-4,$-5,$-2,$-3,$1,1,$-7.19,$-7.19,$2,$2,$0,$5,$1,$0,$1,$0,$1,$6,$9,$0,$3,$9,$18,$0,$-38,$0,$-12,$6,$-5,$2,$-1,$1,$-0,$1,$0,$0,$1,$-4,$0,$-0,$0,$0,$0,$0,$0,$-0,$4,$0,$4,$0,$2,$0,$-0,$6,$2,$0,$0
32,2010-09-30,3.5,$2.38,1.47,$6.30,0.56,$0.13,27.84,$-0.22,0.0,$0.01B,$0.00B,73.38,$0.00B,$0.01B,0.0,$0.03B,$0.03B,100.00%,$0.03B,$0.02B,60.00%,$0.03B,$0.02B,60.00%,$0.03B,$0.02B,64.00%,$0.03B,$0.02B,60.00%,$0.03B,$0.01B,56.00%,$0.01B,$0.01B,130.23%,$0.01B,$0.01B,130.23%,$0.01B,$0.01B,114.29%,$0.02B,$0.01B,139.53%,$1,$0,$1,$0,$1,$2,$-1,$-0,$-1,$0,$-1,$-1,$-1,$-0,$-1,$1,1,$-1.05,$-1.05,$9,$0,$0,$10,$0,$0,$0,$0,$0,$10,$0,$0,$0,$0,$0,$0,$-1,$0,$10,$10,$-3,$0,$-1,$-0,$-0,$0,$0,$-0,$-0,$-3,$0,$-0,$0,$0,$0,$0,$0,$-0,$1,$0,$1,$0,$2,$0,$-0,$3,$-0,$0,$0
33,2010-06-30,2.99,$2.47,1.21,$5.64,0.53,$2.82,1.06,$-0.11,0.0,$0.01B,$0.00B,78.55,$0.00B,$0.01B,0.0,$0.02B,$0.02B,100.00%,$0.02B,$0.02B,66.67%,$0.02B,$0.02B,66.67%,$0.02B,$0.02B,66.67%,$0.02B,$0.02B,66.67%,$0.02B,$0.02B,62.50%,$0.02B,$0.01B,181.82%,$0.02B,$0.01B,181.82%,$0.02B,$0.01B,153.85%,$0.02B,$0.01B,193.94%,$0,$0,$0,$0,$0,$0,$-0,$0,$-0,$-0,$-0,$-0,$-0,$-0,$-0,$4,4,$-0.05,$-0.05,$10,$0,$0,$11,$0,$0,$0,$0,$0,$11,$0,$0,$0,$0,$0,$0,$-0,$0,$11,$11,$-0,$0,$-0,$-0,$0,$0,$0,$-0,$-1,$-2,$-0,$-0,$0,$0,$0,$0,$0,$-0,$0,$0,$0,$0,$0,$-4,$0,$-4,$-6,$0,$-4
34,2010-03-31,3.1,$2.52,1.23,$5.78,0.54,$3.23,0.96,$-0.06,0.0,$0.01B,$0.00B,24.13,$0.00B,$0.01B,0.0,$0.03B,$0.03B,100.00%,$0.03B,$0.02B,64.00%,$0.03B,$0.02B,64.00%,$0.03B,$0.02B,64.00%,$0.03B,$0.02B,64.00%,$0.03B,$0.02B,60.00%,$0.02B,$0.01B,272.73%,$0.02B,$0.01B,272.73%,$0.02B,$0.01B,206.90%,$0.02B,$0.01B,290.91%,$0,$0,$0,$0,$0,$0,$-0,$0,$-0,$-0,$-0,$-0,$-0,$-0,$-0,$4,4,$-0.06,$-0.06,$10,$0,$0,$11,$0,$0,$0,$0,$0,$11,$0,$0,$0,$0,$0,$0,$-2,$0,$11,$11,$-0,$0,$-0,$-0,$0,$0,$0,$-0,$-1,$-1,$-0,$-0,$0,$0,$0,$0,$0,$-0,$0,$0,$0,$0,$0,$-4,$0,$-4,$-6,$0,$-4
35,2009-12-31,3.29,$2.58,1.28,$5.78,0.57,$3.51,0.94,0,0.0,$0.02B,$0.01B,2.92,$0.00B,$0.01B,0.0,$0.03B,$0.03B,100.00%,$0.03B,$0.02B,64.00%,$0.03B,$0.02B,64.00%,$0.03B,$0.02B,64.00%,$0.03B,$0.02B,64.00%,$0.03B,$0.02B,60.00%,$0.02B,$0.01B,545.45%,$0.02B,$0.01B,545.45%,$0.02B,$0.02B,333.33%,$0.02B,$0.01B,581.82%,$24,$0,$24,$0,$0,$8,$16,$0,$16,$0,$15,$15,$15,$16,$16,$4,4,$3.54,$3.52,$16,$0,$0,$17,$0,$0,$0,$0,$0,$17,$6,$0,$0,$0,$6,$0,$-2,$0,$11,$17,$15,$0,$-0,$-0,$0,$0,$0,$-1,$0,$15,$-0,$-0,$0,$-0,$0,$-0,$0,$-0,$0,$0,$0,$0,$0,$0,$0,$0,$15,$0,$0
36,2009-09-30,3.64,$0.04,83.7,$0.16,22.09,$-0.18,0.0,$-0.02,0.0,$0.00B,$0.00B,1.55,$0.00B,$0.00B,0.0,$0.00B,$0.00B,100.00%,$0.00B,0,0.00%,$0.00B,0,0.00%,$0.00B,0,0.00%,$0.00B,0,0.00%,$0.00B,0,0.00%,$0.00B,$0.00B,nan%,$0.00B,$0.00B,nan%,$0.00B,$0.00B,0.00%,$0.00B,$0.00B,nan%,$0,$0,$0,$0,$0,$0,$-0,$0,$-0,$0,$-0,$-0,$-0,$-0,$-0,$4,4,$-0.03,$-0.03,$0,$0,$0,$0,$0,$0,$0,$0,$0,$0,$0,$0,$0,$0,$0,$0,$-13,$0,$0,$0,$-0,$0,$0,$0,$0,$0,$0,$-0,$0,$-0,$0,$-0,$0,$0,$0,$0,$0,$-0,$0,$0,$0,$0,$0,$0,$0,$0,$-0,$0,$0
37,2009-06-30,2.86,$0.07,38.65,$0.16,17.63,$-0.25,0.0,$-0.16,0.0,$0.00B,$0.00B,1.66,$0.00B,$0.00B,0.0,$0.00B,$0.00B,100.00%,$0.00B,$-0.00B,-100.00%,$0.00B,$-0.00B,-100.00%,$0.00B,$-0.00B,-100.00%,$0.00B,$-0.00B,-100.00%,$0.00B,$-0.00B,-100.00%,$-0.00B,$0.00B,inf%,$-0.00B,$0.00B,inf%,$-0.00B,$0.00B,-133.33%,$-0.00B,$0.00B,inf%,$1,$0,$1,$0,$0,$0,$0,$0,$0,$0,$0,$0,$0,$0,$0,$4,4,$0.03,$0.03,$0,$0,$0,$1,$0,$0,$0,$0,$0,$1,$0,$0,$0,$0,$0,$0,$-12,$0,$0,$1,$0,$0,$0,$0,$0,$0,$0,$-0,$-0,$-0,$0,$-0,$0,$0,$0,$0,$0,$-0,$0,$0,$0,$0,$0,$0,$0,$0,$-0,$0,$0
38,2009-03-31,3.89,$0.04,93.2,$0.02,177.52,$-0.28,0.0,$-0.20,0.0,$0.00B,$0.00B,1.49,$0.00B,$0.00B,0.0,$0.00B,0,nan%,$0.00B,$-0.00B,inf%,$0.00B,$-0.00B,inf%,$0.00B,$-0.00B,inf%,$0.00B,$-0.00B,inf%,$0.00B,$-0.00B,inf%,$-0.00B,$0.00B,-400.00%,$-0.00B,$0.00B,-400.00%,$-0.00B,$0.00B,-133.33%,$-0.00B,$0.00B,-400.00%,$0,$0,$0,$0,$0,$0,$-0,$0,$-0,$0,$-0,$-0,$-0,$-0,$-0,$4,4,$-0.03,$-0.03,$0,$0,$0,$0,$0,$0,$0,$0,$0,$0,$0,$0,$0,$0,$0,$0,$-13,$0,$0,$0,$-0,$0,$0,$0,$0,$0,$0,$-0,$0,$-0,$0,$0,$0,$0,$0,$0,$0,$0,$0,$0,$0,$0,$0,$0,$0,$0,$-0,$0,$0
39,2008-12-31,2.25,$0.07,30.82,$0.02,131.98,$-0.26,0.0,$-0.24,0.0,$0.00B,$0.00B,2.15,$0.00B,$0.00B,0.0,$0.00B,0,nan%,$0.00B,$-0.00B,inf%,$0.00B,$-0.00B,inf%,$0.00B,$-0.00B,inf%,$0.00B,$-0.00B,inf%,$0.00B,$-0.00B,inf%,$-0.00B,$0.00B,-200.00%,$-0.00B,$0.00B,-200.00%,$-0.00B,$0.00B,-100.00%,$-0.00B,$0.00B,-200.00%,$0,$0,$0,$0,$0,$0,$-0,$0,$-0,$0,$-0,$-0,$-0,$-0,$-0,$4,4,$-0.02,$-0.02,$0,$0,$0,$0,$0,$0,$0,$0,$0,$1,$0,$0,$0,$0,$0,$0,$-12,$0,$0,$1,$-1,$0,$0,$0,$0,$0,$0,$0,$0,$-0,$-0,$-0,$0,$0,$0,$0,$0,$-0,$0,$0,$0,$0,$0,$0,$0,$0,$-1,$0,$0
40,2008-09-30,3.48,$0.10,34.36,$0.01,0.0,$-0.26,0.0,$-0.22,0.0,$0.00B,$0.00B,2.67,$0.00B,$0.00B,0.0,$0.00B,0,nan%,$0.00B,$-0.00B,inf%,$0.00B,$-0.00B,inf%,$0.00B,$-0.00B,inf%,$0.00B,$-0.00B,inf%,$0.00B,$-0.00B,inf%,$-0.00B,$0.00B,-133.33%,$-0.00B,$0.00B,-133.33%,$-0.00B,$0.00B,-100.00%,$-0.00B,$0.00B,-133.33%,$0,$0,$0,$0,$0,$1,$-1,$0,$-1,$0,$-1,$-1,$-1,$-1,$-1,$4,4,$-0.14,$-0.14,$0,$0,$0,$1,$0,$0,$0,$0,$0,$1,$0,$0,$0,$0,$0,$0,$-12,$0,$0,$1,$-1,$0,$0,$0,$0,$0,$0,$0,$0,$-0,$-0,$-0,$0,$0,$0,$0,$0,$-0,$0,$0,$0,$0,$0,$0,$0,$0,$-0,$0,$0
41,2008-06-30,1.92,$0.13,14.69,$0.01,0.0,$-0.25,0.0,$-0.08,0.0,$0.00B,$0.00B,2.99,$0.00B,$0.00B,0.0,$0.00B,0,nan%,$0.00B,0,nan%,$0.00B,0,nan%,$0.00B,0,nan%,$0.00B,0,nan%,$0.00B,0,nan%,$0.00B,$0.00B,0.00%,$0.00B,$0.00B,0.00%,$0.00B,$0.00B,0.00%,$0.00B,$0.00B,0.00%,$0,$0,$0,$0,$0,$0,$-0,$0,$-0,$0,$-0,$-0,$-0,$-0,$-0,$4,4,$-0.04,$-0.04,$1,$0,$0,$1,$0,$0,$0,$0,$0,$1,$0,$0,$0,$0,$0,$0,$-12,$0,$1,$1,$-0,$0,$0,$0,$0,$0,$0,$0,$0,$-0,$0,$-0,$0,$0,$0,$0,$0,$-0,$0,$0,$0,$0,$0,$0,$0,$0,$-0,$0,$0
42,2008-03-31,1.44,$0.17,8.36,$0.00,0.0,$-0.26,0.0,$-0.04,0.0,$0.00B,$0.00B,3.6,$0.00B,$0.00B,0.0,$0.00B,0,nan%,$0.00B,0,nan%,$0.00B,0,nan%,$0.00B,0,nan%,$0.00B,0,nan%,$0.00B,0,nan%,$0.00B,$0.00B,0.00%,$0.00B,$0.00B,0.00%,$0.00B,$0.00B,0.00%,$0.00B,$0.00B,0.00%,$0,$0,$0,$0,$0,$0,$-0,$0,$-0,$0,$-0,$-0,$-0,$-0,$-0,$4,4,$-0.04,$-0.04,$1,$0,$0,$1,$0,$0,$0,$0,$0,$1,$0,$0,$0,$0,$0,$0,$-12,$0,$1,$1,$-0,$0,$0,$0,$0,$0,$0,$0,$0,$-0,$0,$-0,$0,$0,$0,$0,$0,$-0,$0,$0,$0,$0,$0,$0,$0,$0,$-0,$0,$0
43,2007-12-31,1.06,$0.22,4.94,0,0.0,$-0.27,0.0,0,0.0,$0.00B,$0.00B,4.95,$0.00B,$0.00B,0.0,$0.00B,0,nan%,$0.00B,0,nan%,$0.00B,0,nan%,$0.00B,0,nan%,$0.00B,0,nan%,$0.00B,0,nan%,$0.00B,$0.00B,0.00%,$0.00B,$0.00B,0.00%,$0.00B,$0.00B,0.00%,$0.00B,$0.00B,0.00%,$0,$0,$0,$0,$0,$0,$-0,$0,$-0,$0,$-0,$-0,$-0,$-0,$-0,$4,4,$0.00,$0.00,$1,$0,$0,$1,$0,$0,$0,$0,$0,$1,$0,$0,$0,$0,$0,$0,$-11,$0,$1,$1,$-1,$0,$0,$0,$0,$0,$0,$-0,$-0,$-0,$0,$0,$0,$0,$0,$0,$0,$0,$0,$0,$0,$0,$0,$0,$0,$0,$-0,$0,$0
44,2007-09-30,2.33,$0.22,10.6,0,0.0,$-0.16,0.0,0,0.0,$0.00B,$0.00B,4.73,$0.00B,$0.00B,0.0,$0.00B,0,nan%,$0.00B,0,nan%,$0.00B,0,nan%,$0.00B,0,nan%,$0.00B,0,nan%,$0.00B,0,nan%,$0.00B,$0.00B,0.00%,$0.00B,$0.00B,0.00%,$0.00B,$0.00B,0.00%,$0.00B,$0.00B,0.00%,$0,$0,$0,$0,$0,$0,$-0,$0,$-0,$0,$-0,$-0,$-0,$-0,$-0,$4,4,$-0.11,$-0.11,$1,$0,$0,$1,$0,$0,$0,$0,$0,$1,$0,$0,$0,$0,$0,$0,$-11,$0,$1,$1,$-1,$0,$0,$0,$0,$0,$0,$0,$0,$-0,$0,$0,$0,$0,$0,$0,$0,$0,$0,$0,$0,$0,$0,$0,$0,$0,$-0,$0,$0
45,2007-06-30,3.93,$0.25,15.82,$0.01,0.0,$-0.06,0.0,0,0.0,$0.00B,$0.00B,5.4,$0.00B,$0.00B,0.0,$0.00B,0,nan%,$0.00B,0,nan%,$0.00B,0,nan%,$0.00B,0,nan%,$0.00B,0,nan%,$0.00B,0,nan%,$0.00B,$0.00B,0.00%,$0.00B,$0.00B,0.00%,$0.00B,$0.00B,0.00%,$0.00B,$0.00B,0.00%,$0,$0,$0,$0,$0,$0,$-0,$0,$-0,$0,$-0,$-0,$-0,$-0,$-0,$4,4,$-0.04,$-0.04,$1,$0,$0,$1,$0,$0,$0,$0,$0,$1,$0,$0,$0,$0,$0,$0,$-11,$0,$1,$1,$-0,$0,$0,$0,$0,$0,$0,$0,$0,$-0,$0,$0,$0,$0,$0,$0,$0,$0,$0,$0,$0,$0,$0,$0,$0,$0,$-0,$0,$0
46,2007-03-31,0.57,$0.29,2.01,$0.01,0.0,$0.02,23.0,0,0.0,$0.00B,$0.00B,5.1,$0.00B,$0.00B,0.0,$0.00B,0,nan%,$0.00B,0,nan%,$0.00B,0,nan%,$0.00B,0,nan%,$0.00B,0,nan%,$0.00B,0,nan%,$0.00B,$0.00B,0.00%,$0.00B,$0.00B,0.00%,$0.00B,$0.00B,0.00%,$0.00B,$0.00B,0.00%,$0,$0,$0,$0,$0,$0,$-0,$0,$-0,$0,$-0,$-0,$-0,$-0,$-0,$4,4,$-0.03,$-0.03,$1,$0,$0,$1,$0,$0,$0,$0,$0,$1,$0,$0,$0,$0,$0,$0,$-11,$0,$1,$1,$-0,$0,$0,$0,$0,$0,$0,$0,$0,$-0,$0,$0,$0,$0,$0,$0,$0,$0,$0,$0,$0,$0,$0,$0,$0,$0,$-0,$0,$0
47,2006-12-31,0.53,$0.31,1.7,$0.03,17.41,$0.07,7.94,0,0.0,$0.00B,$0.00B,6.19,$0.00B,$0.00B,0.0,$0.00B,0,nan%,$0.00B,0,nan%,$0.00B,0,nan%,$0.00B,0,nan%,$0.00B,0,nan%,$0.00B,0,nan%,$0.00B,$0.00B,0.00%,$0.00B,$0.00B,0.00%,$0.00B,$0.00B,0.00%,$0.00B,$0.00B,0.00%,$0,$0,$0,$0,$0,$0,$-0,$0,$-0,$0,$-0,$-0,$-0,$-0,$-0,$4,4,$-0.04,$-0.04,$1,$0,$0,$1,$0,$0,$0,$0,$0,$2,$0,$0,$0,$0,$0,$0,$-11,$0,$1,$2,$-0,$0,$0,$0,$0,$0,$0,$0,$0,$-0,$0,$0,$0,$0,$0,$0,$0,$0,$0,$0,$0,$0,$0,$0,$0,$0,$-0,$0,$0
