,Date,Stock Price,Book Value per Share,Price to Book Ratio,TTM Sales per Share,Price to Sales Ratio,TTM FCF per Share,Price to FCF Ratio,TTM Net EPS,PE Ratio,Current Assets,Current Liabilities,Current Ratio,Long Term Debt,Shareholder's Equity_x,Debt to Equity Ratio,TTM Revenue_x,TTM Gross Profit,Gross Margin,TTM Revenue_y,TTM Operating Income,Operating Margin,TTM Revenue_x,TTM EBIT,EBIT Margin,TTM Revenue_y,TTM EBITDA,EBITDA Margin,TTM Revenue_x,TTM Pre-Tax Income,Pre-Tax Margin,TTM Revenue_y,TTM Net Income_x,Net Margin,TTM Net Income_y,Shareholder's Equity_y,Return on Equity,TTM Net Income_x,Tangible Equity,Return on Tangible Equity,TTM Net Income_y,Total Assets,Return on Assets,TTM Net Income,LT Investments & Debt,Return on Investment,revenue,cost-goods-sold,gross-profit,research-development-expenses,selling-general-administrative-expenses,operating-expenses,operating-income,total-non-operating-income-expense,pre-tax-income,total-provision-income-taxes,income-after-taxes,income-from-continuous-operations,net-income,ebitda,ebit,basic-shares-outstanding,shares-outstanding,eps-basic-net-earnings-per-share,eps-earnings-per-share-diluted,cash-on-hand,inventory,other-current-assets,total-current-assets,net-property-plant-equipment,long-term-investments,goodwill-intangible-assets-total,other-long-term-assets,total-long-term-assets,total-assets,total-current-liabilities,long-term-debt,other-non-current-liabilities,total-long-term-liabilities,total-liabilities,common-stock-net,retained-earnings-accumulated-deficit,comprehensive-income,total-share-holder-equity,total-liabilities-share-holders-equity,net-income-loss,total-depreciation-amortization-cash-flow,other-non-cash-items,total-non-cash-items,change-in-accounts-receivable,change-in-inventories,change-in-accounts-payable,change-in-assets-liabilities,total-change-in-assets-liabilities,cash-flow-from-operating-activities,net-change-in-property-plant-equipment,net-change-in-intangible-assets,net-acquisitions-divestitures,net-change-in-short-term-investments,net-change-in-long-term-investments,net-change-in-investments-total,investing-activities-other,cash-flow-from-investing-activities,net-long-term-debt,net-current-debt,debt-issuance-retirement-net-total,net-common-equity-issued-repurchased,net-total-equity-issued-repurchased,total-common-preferred-stock-dividends-paid,financial-activities-other,cash-flow-from-financial-activities,net-cash-flow,stock-based-compensation,common-stock-dividends-paid
0,2018-09-30,17.44,$16.48,1.06,$66.52,0.26,$2.22,7.85,$3.56,4.9,$2.30B,$1.41B,1.63,$3.87B,$1.84B,2.11,$7.31B,$1.21B,16.53%,$7.31B,$0.65B,8.89%,$7.31B,$0.65B,8.89%,$7.31B,$1.17B,15.95%,$7.31B,$0.43B,5.87%,$7.31B,$0.40B,5.46%,$0.40B,$1.84B,23.36%,$0.40B,$-0.93B,-35.83%,$0.40B,$8.25B,4.93%,$0.65B,$5.71B,11.54%,$1817,$1550,$267,$0,$96,$1682,$135,$-59,$76,$12,$64,$64,$62,$268,$135,$112,113,$0.55,$0.55,$439,$444,$0,$2298,$2468,$0,$2768,$434,$5948,$8246,$1414,$3874,$0,$4993,$6407,$1,$1065,$-314,$1839,$8246,$305,$391,$76,$467,$-248,$-67,$0,$-132,$-259,$513,$-389,$0,$46,$0,$0,$0,$0,$-343,$-87,$0,$-87,$-4,$-4,$0,$-9,$-100,$65,$21,$0
1,2018-06-30,15.56,$15.81,0.98,$65.84,0.24,$2.29,6.79,$3.76,4.14,$2.16B,$1.33B,1.62,$3.87B,$1.77B,2.19,$7.22B,$1.24B,17.17%,$7.22B,$0.66B,9.19%,$7.22B,$0.66B,9.19%,$7.22B,$1.17B,16.20%,$7.22B,$0.45B,6.17%,$7.22B,$0.42B,5.83%,$0.42B,$1.77B,26.19%,$0.42B,$-1.03B,-33.82%,$0.42B,$8.09B,5.23%,$0.66B,$5.64B,11.83%,$1901,$1570,$331,$0,$95,$1711,$190,$-37,$153,$2,$151,$151,$146,$321,$190,$112,112,$1.31,$1.30,$353,$426,$0,$2155,$2459,$0,$2792,$406,$5935,$8090,$1332,$3873,$0,$4993,$6324,$1,$1002,$-315,$1766,$8090,$241,$258,$54,$312,$-226,$-47,$0,$-74,$-263,$289,$-273,$0,$46,$0,$0,$0,$0,$-227,$-67,$0,$-67,$-4,$-4,$0,$-9,$-79,$-21,$14,$0
2,2018-03-31,15.22,$15.09,1.01,$64.94,0.23,$2.76,5.51,$3.05,4.99,$2.16B,$1.35B,1.6,$3.99B,$1.69B,2.36,$7.07B,$1.22B,17.30%,$7.07B,$0.61B,8.58%,$7.07B,$0.61B,8.58%,$7.07B,$1.11B,15.66%,$7.07B,$0.36B,5.10%,$7.07B,$0.34B,4.81%,$0.34B,$1.69B,22.82%,$0.34B,$-1.17B,-24.51%,$0.34B,$8.17B,4.25%,$0.61B,$5.67B,10.91%,$1858,$1542,$316,$0,$97,$1683,$176,$-68,$107,$18,$90,$90,$87,$304,$176,$111,112,$0.78,$0.78,$341,$403,$0,$2155,$2492,$0,$2858,$379,$6017,$8172,$1350,$3986,$0,$5136,$6486,$1,$850,$-238,$1686,$8172,$90,$128,$32,$160,$-191,$-9,$0,$-44,$-183,$67,$-131,$0,$-1,$0,$0,$0,$0,$-132,$35,$0,$35,$-4,$-4,$0,$-8,$23,$-36,$7,$0
3,2017-12-31,17.03,$13.84,1.23,$61.96,0.27,$3.67,4.64,$3.26,5.22,$1.95B,$1.22B,1.6,$3.97B,$1.54B,2.58,$6.27B,$1.12B,17.86%,$6.27B,$0.54B,8.67%,$6.27B,$0.54B,8.67%,$6.27B,$0.97B,15.51%,$6.27B,$0.34B,5.43%,$6.27B,$0.33B,5.27%,$0.33B,$1.54B,26.88%,$0.33B,$-1.33B,-33.21%,$0.33B,$7.88B,4.60%,$0.54B,$5.51B,10.97%,$1734,$1440,$294,$0,$101,$1585,$149,$-55,$93,$-13,$107,$107,$104,$274,$149,$102,103,$0.87,$0.88,$377,$392,$0,$1945,$2403,$0,$2867,$379,$5938,$7883,$1216,$3969,$0,$5126,$6343,$1,$761,$-293,$1540,$7883,$338,$429,$-110,$318,$-45,$3,$0,$46,$-9,$647,$-489,$0,$-890,$0,$0,$0,$0,$-1378,$708,$4,$713,$-6,$-6,$0,$-91,$616,$-104,$43,$0
4,2017-09-30,17.58,$12.91,1.36,$57.40,0.31,$4.49,3.92,$2.92,6.02,$2.21B,$1.29B,1.72,$4.17B,$1.44B,2.9,$5.48B,$1.01B,18.34%,$5.48B,$0.46B,8.47%,$5.48B,$0.46B,8.47%,$5.48B,$0.82B,14.95%,$5.48B,$0.30B,5.44%,$5.48B,$0.27B,4.95%,$0.27B,$1.44B,27.98%,$0.27B,$-1.46B,-46.60%,$0.27B,$8.06B,4.47%,$0.46B,$5.61B,11.46%,$1724,$1427,$298,$0,$102,$1576,$148,$-56,$92,$6,$86,$86,$84,$271,$148,$111,112,$0.76,$0.75,$550,$397,$0,$2213,$2303,$0,$2891,$380,$5846,$8058,$1285,$4169,$0,$5337,$6622,$1,$656,$-285,$1437,$8058,$231,$303,$-3,$301,$-131,$-3,$0,$-42,$-111,$421,$-290,$0,$-890,$0,$0,$0,$0,$-1179,$914,$0,$914,$-6,$-6,$0,$-91,$817,$68,$37,$0
5,2017-06-30,15.6,$11.65,1.34,$55.04,0.28,$5.04,3.09,$2.95,5.29,$2.14B,$1.23B,1.75,$4.17B,$1.30B,3.22,$4.76B,$0.89B,18.65%,$4.76B,$0.42B,8.76%,$4.76B,$0.42B,8.76%,$4.76B,$0.70B,14.68%,$4.76B,$0.29B,6.01%,$4.76B,$0.25B,5.23%,$0.25B,$1.30B,33.68%,$0.25B,$-1.60B,-197.23%,$0.25B,$7.89B,5.06%,$0.42B,$5.47B,13.33%,$1758,$1441,$316,$0,$106,$1624,$134,$-66,$69,$2,$66,$66,$65,$259,$134,$109,110,$0.59,$0.59,$491,$385,$0,$2144,$2209,$0,$2892,$366,$5746,$7890,$1227,$4174,$0,$5366,$6593,$1,$570,$-332,$1297,$7890,$145,$181,$10,$190,$-140,$6,$0,$-33,$-122,$213,$-146,$0,$-890,$0,$0,$0,$0,$-1035,$920,$0,$920,$-6,$-6,$0,$-91,$824,$9,$31,$0
6,2017-03-31,18.78,$8.27,2.27,$52.35,0.36,$5.45,3.45,$3.26,5.76,$2.57B,$0.77B,3.33,$2.58B,$0.64B,4.06,$4.03B,$0.76B,18.94%,$4.03B,$0.40B,9.80%,$4.03B,$0.40B,9.80%,$4.03B,$0.60B,14.94%,$4.03B,$0.31B,7.67%,$4.03B,$0.25B,6.28%,$0.25B,$0.64B,47.80%,$0.25B,$0.40B,72.65%,$0.25B,$4.86B,6.64%,$0.40B,$3.22B,17.74%,$1050,$839,$211,$0,$81,$938,$112,$-26,$86,$8,$78,$78,$77,$168,$112,$77,77,$1.00,$0.99,$1543,$222,$0,$2574,$1143,$0,$234,$315,$2289,$4862,$773,$2582,$0,$3454,$4226,$1,$528,$-363,$636,$4862,$78,$56,$-1,$55,$-138,$3,$0,$-28,$-71,$62,$-36,$0,$-138,$0,$0,$0,$0,$-175,$1199,$0,$1199,$-5,$-5,$0,$-21,$1173,$1062,$6,$0
7,2016-12-31,19.3,$6.59,2.93,$51.39,0.38,$4.80,4.02,$3.05,6.33,$1.30B,$0.65B,1.99,$1.40B,$0.50B,2.78,$3.95B,$0.73B,18.39%,$3.95B,$0.38B,9.65%,$3.95B,$0.38B,9.65%,$3.95B,$0.58B,14.74%,$3.95B,$0.30B,7.57%,$3.95B,$0.24B,5.98%,$0.24B,$0.50B,50.54%,$0.24B,$0.32B,77.19%,$0.24B,$3.42B,6.90%,$0.38B,$1.91B,20.44%,$947,$767,$180,$0,$81,$877,$70,$-18,$51,$5,$47,$47,$45,$121,$70,$76,77,$0.60,$0.60,$481,$182,$0,$1299,$1094,$0,$183,$243,$2123,$3422,$652,$1401,$0,$2267,$2918,$1,$424,$-390,$504,$3422,$241,$202,$49,$251,$-19,$12,$0,$-63,$-84,$408,$-226,$0,$-6,$0,$0,$0,$4,$-228,$23,$0,$23,$-5,$-5,$0,$0,$18,$199,$21,$0
8,2016-09-30,17.22,$6.80,2.53,$51.64,0.33,$4.85,3.55,$3.27,5.27,$1.42B,$0.77B,1.85,$1.40B,$0.52B,2.69,$3.96B,$0.71B,17.83%,$3.96B,$0.40B,10.05%,$3.96B,$0.40B,10.05%,$3.96B,$0.60B,15.08%,$3.96B,$0.31B,7.88%,$3.96B,$0.25B,6.34%,$0.25B,$0.52B,60.26%,$0.25B,$0.37B,95.80%,$0.25B,$3.52B,7.46%,$0.40B,$1.92B,22.03%,$1007,$826,$181,$0,$79,$906,$101,$-22,$80,$18,$62,$62,$62,$151,$101,$77,77,$0.79,$0.78,$434,$219,$0,$1420,$1080,$0,$154,$279,$2095,$3515,$766,$1401,$0,$2229,$2995,$1,$398,$-343,$520,$3515,$194,$150,$46,$196,$-140,$14,$0,$-71,$-99,$291,$-158,$0,$-6,$0,$0,$0,$4,$-160,$23,$0,$23,$-5,$-5,$0,$0,$18,$151,$16,$0
9,2016-06-30,14.48,$5.98,2.42,$51.28,0.28,$4.91,2.95,$3.27,4.43,$1.33B,$0.75B,1.78,$1.40B,$0.46B,3.07,$3.92B,$0.68B,17.41%,$3.92B,$0.39B,9.94%,$3.92B,$0.39B,9.94%,$3.92B,$0.59B,14.98%,$3.92B,$0.31B,7.82%,$3.92B,$0.25B,6.35%,$0.25B,$0.46B,72.54%,$0.25B,$0.30B,132.10%,$0.25B,$3.43B,7.47%,$0.39B,$1.86B,22.15%,$1025,$834,$191,$0,$79,$914,$112,$-20,$92,$21,$71,$71,$69,$162,$112,$77,77,$0.91,$0.90,$388,$227,$0,$1334,$1081,$0,$154,$273,$2098,$3433,$752,$1403,$0,$2223,$2975,$1,$336,$-338,$457,$3433,$132,$101,$29,$129,$-101,$6,$0,$-58,$-78,$184,$-105,$0,$0,$0,$0,$0,$4,$-101,$26,$0,$26,$-5,$-5,$0,$0,$21,$106,$11,$0
10,2016-03-31,15.39,$5.06,3.04,$51.11,0.3,$4.71,3.26,$3.12,4.93,$1.22B,$0.72B,1.69,$1.38B,$0.39B,3.57,$3.90B,$0.66B,16.83%,$3.90B,$0.37B,9.53%,$3.90B,$0.37B,9.53%,$3.90B,$0.57B,14.63%,$3.90B,$0.29B,7.35%,$3.90B,$0.24B,6.07%,$0.24B,$0.39B,84.57%,$0.24B,$0.23B,188.84%,$0.24B,$3.31B,7.14%,$0.37B,$1.77B,21.56%,$969,$795,$174,$0,$76,$871,$98,$-22,$76,$15,$61,$61,$60,$148,$98,$76,77,$0.78,$0.78,$262,$230,$0,$1215,$1064,$0,$155,$269,$2091,$3306,$718,$1382,$0,$2201,$2919,$1,$265,$-334,$387,$3306,$61,$50,$11,$60,$-103,$3,$0,$-43,$-95,$26,$-50,$0,$0,$0,$0,$0,$0,$-50,$5,$0,$5,$-4,$-4,$0,$0,$1,$-21,$5,$0
11,2015-12-31,18.94,$3.96,4.78,$51.17,0.37,$4.54,4.17,$3.02,6.27,$1.12B,$0.70B,1.61,$1.38B,$0.30B,4.56,$3.90B,$0.64B,16.30%,$3.90B,$0.36B,9.17%,$3.90B,$0.36B,9.17%,$3.90B,$0.56B,14.27%,$3.90B,$0.27B,6.99%,$3.90B,$0.23B,5.89%,$0.23B,$0.30B,105.02%,$0.23B,$0.15B,356.59%,$0.23B,$3.20B,6.93%,$0.36B,$1.68B,21.07%,$958,$799,$160,$0,$70,$871,$87,$-24,$64,$1,$63,$63,$60,$136,$87,$76,76,$0.81,$0.81,$283,$231,$0,$1124,$1046,$0,$154,$261,$2079,$3203,$699,$1376,$0,$2202,$2901,$1,$204,$-357,$302,$3203,$236,$198,$22,$220,$-18,$11,$0,$-69,$-78,$378,$-193,$0,$0,$0,$0,$0,$5,$-188,$-140,$0,$-140,$-2,$-2,$0,$-1,$-144,$33,$16,$0
12,2015-09-30,19.94,$2.98,6.69,$50.99,0.39,$3.72,5.37,$2.38,8.38,$1.36B,$0.76B,1.78,$1.51B,$0.23B,6.65,$3.88B,$0.59B,15.11%,$3.88B,$0.31B,7.98%,$3.88B,$0.31B,7.98%,$3.88B,$0.51B,13.21%,$3.88B,$0.23B,5.92%,$3.88B,$0.18B,4.69%,$0.18B,$0.23B,105.97%,$0.18B,$0.07B,1055.07%,$0.18B,$3.40B,5.47%,$0.31B,$1.74B,18.40%,$972,$813,$158,$0,$66,$879,$93,$-18,$75,$14,$61,$61,$60,$142,$93,$76,76,$0.78,$0.78,$366,$233,$0,$1355,$1024,$0,$155,$255,$2044,$3399,$762,$1508,$0,$2410,$3172,$1,$141,$-366,$227,$3399,$173,$150,$30,$180,$-120,$9,$0,$-43,$-85,$268,$-132,$0,$0,$0,$0,$0,$0,$-132,$-6,$0,$-6,$-2,$-2,$0,$0,$-8,$116,$12,$0
13,2015-06-30,20.91,$2.70,7.75,$50.80,0.41,$3.04,6.88,$2.23,9.38,$1.29B,$0.74B,1.75,$1.52B,$0.21B,7.39,$3.86B,$0.57B,14.76%,$3.86B,$0.29B,7.61%,$3.86B,$0.29B,7.61%,$3.86B,$0.50B,12.92%,$3.86B,$0.21B,5.36%,$3.86B,$0.17B,4.27%,$0.17B,$0.21B,104.43%,$0.17B,$0.05B,5076.92%,$0.17B,$3.36B,5.02%,$0.29B,$1.72B,17.55%,$1004,$840,$165,$0,$71,$910,$94,$-22,$72,$13,$59,$59,$57,$145,$94,$76,76,$0.75,$0.75,$301,$238,$0,$1292,$1042,$0,$155,$254,$2069,$3361,$738,$1516,$0,$2418,$3155,$1,$80,$-322,$205,$3361,$112,$101,$19,$119,$-111,$8,$0,$-34,$-77,$154,$-91,$0,$0,$0,$0,$0,$0,$-91,$-4,$0,$-4,$-2,$-2,$0,$0,$-7,$52,$8,$0
14,2015-03-31,25.83,$1.88,13.76,$50.12,0.52,$2.04,12.66,$2.15,12.01,$1.22B,$0.73B,1.67,$1.52B,$0.14B,10.69,$3.81B,$0.55B,14.56%,$3.81B,$0.29B,7.57%,$3.81B,$0.29B,7.57%,$3.81B,$0.49B,12.87%,$3.81B,$0.20B,5.23%,$3.81B,$0.16B,4.18%,$0.16B,$0.14B,111.58%,$0.16B,$-0.01B,-1247.06%,$0.16B,$3.31B,4.90%,$0.29B,$1.66B,17.28%,$969,$816,$153,$0,$69,$885,$84,$-22,$62,$9,$53,$53,$53,$134,$84,$76,76,$0.69,$0.68,$206,$239,$0,$1224,$1040,$0,$154,$263,$2084,$3308,$732,$1521,$0,$2434,$3166,$1,$22,$-325,$142,$3308,$53,$50,$7,$57,$-141,$7,$0,$-23,$-104,$6,$-44,$0,$0,$0,$0,$0,$0,$-44,$-1,$0,$-1,$0,$0,$0,$0,$-1,$-44,$4,$0
15,2014-12-31,22.59,$1.50,15.1,$48.73,0.46,$1.27,17.83,$1.91,11.83,$1.14B,$0.69B,1.66,$1.51B,$0.11B,13.27,$3.70B,$0.52B,14.15%,$3.70B,$0.27B,7.28%,$3.70B,$0.27B,7.28%,$3.70B,$0.47B,12.66%,$3.70B,$0.18B,4.82%,$3.70B,$0.14B,3.79%,$0.14B,$0.11B,109.59%,$0.14B,$-0.04B,-500.00%,$0.14B,$3.24B,4.37%,$0.27B,$1.62B,16.14%,$940,$828,$111,$0,$73,$901,$39,$-18,$21,$8,$13,$13,$12,$92,$39,$76,76,$0.17,$0.17,$249,$249,$0,$1140,$1061,$0,$155,$242,$2101,$3240,$687,$1505,$0,$2440,$3127,$1,$-31,$-297,$113,$3240,$143,$200,$30,$230,$-78,$11,$0,$-1,$-54,$318,$-197,$0,$0,$0,$0,$0,$2,$-195,$-22,$0,$-22,$1,$1,$0,$-0,$-21,$95,$10,$0
16,2014-09-30,16.77,$2.27,7.4,$47.39,0.35,$-0.27,0.0,$2.13,7.87,$1.18B,$0.74B,1.6,$1.53B,$0.17B,8.89,$3.59B,$0.54B,15.02%,$3.59B,$0.30B,8.25%,$3.59B,$0.30B,8.25%,$3.59B,$0.49B,13.66%,$3.59B,$0.17B,4.74%,$3.59B,$0.16B,4.35%,$0.16B,$0.17B,142.14%,$0.16B,$0.02B,-335.48%,$0.16B,$3.23B,4.95%,$0.30B,$1.70B,17.81%,$951,$810,$141,$0,$64,$874,$77,$-25,$52,$8,$44,$44,$43,$128,$77,$76,76,$0.57,$0.57,$219,$249,$0,$1179,$1067,$0,$156,$265,$2049,$3228,$739,$1526,$0,$2318,$3056,$1,$-45,$-223,$172,$3228,$130,$146,$11,$157,$-143,$12,$0,$7,$-55,$232,$-148,$0,$0,$0,$0,$0,$0,$-148,$-14,$-3,$-17,$1,$1,$0,$-0,$-16,$65,$7,$0
17,2014-06-30,18.89,$1.89,9.98,$45.52,0.41,$-1.98,0.0,$1.91,9.89,$1.15B,$0.72B,1.59,$1.55B,$0.14B,10.78,$3.46B,$0.52B,15.12%,$3.46B,$0.29B,8.30%,$3.46B,$0.29B,8.30%,$3.46B,$0.48B,13.74%,$3.46B,$0.16B,4.51%,$3.46B,$0.15B,4.19%,$0.15B,$0.14B,263.64%,$0.15B,$-0.01B,-143.21%,$0.15B,$3.20B,4.64%,$0.29B,$1.69B,17.72%,$947,$798,$149,$0,$62,$859,$88,$-24,$64,$11,$52,$52,$51,$136,$88,$76,76,$0.67,$0.67,$129,$256,$0,$1147,$1077,$0,$156,$254,$2055,$3201,$722,$1546,$0,$2337,$3058,$1,$-96,$-198,$143,$3201,$86,$95,$7,$102,$-187,$8,$0,$21,$-105,$82,$-95,$0,$0,$0,$0,$0,$0,$-95,$-11,$-2,$-13,$1,$1,$0,$-0,$-13,$-25,$5,$0
18,2014-03-31,18.52,$1.10,16.83,$43.44,0.43,$-2.69,0.0,$1.58,11.72,$1.11B,$0.70B,1.59,$1.58B,$0.08B,18.95,$3.31B,$0.50B,14.98%,$3.31B,$0.26B,7.88%,$3.31B,$0.26B,7.88%,$3.31B,$0.44B,13.38%,$3.31B,$0.12B,3.71%,$3.31B,$0.12B,3.62%,$0.12B,$0.08B,-1920.00%,$0.12B,$-0.07B,-73.85%,$0.12B,$3.15B,3.90%,$0.26B,$1.66B,16.75%,$859,$737,$122,$0,$57,$794,$65,$-24,$41,$7,$34,$34,$34,$112,$65,$76,76,$0.44,$0.44,$80,$258,$0,$1108,$1068,$0,$156,$243,$2042,$3150,$698,$1578,$0,$2369,$3066,$1,$-148,$-202,$83,$3150,$34,$47,$-3,$44,$-194,$5,$0,$31,$-133,$-56,$-40,$0,$0,$0,$0,$0,$0,$-40,$-8,$29,$21,$0,$0,$0,$-0,$21,$-74,$2,$0
19,2013-12-31,20.45,$0.54,38.17,$42.01,0.49,$-2.35,0.0,$1.24,16.49,$1.00B,$0.66B,1.51,$1.56B,$0.04B,38.5,$3.21B,$0.48B,14.90%,$3.21B,$0.24B,7.51%,$3.21B,$0.24B,7.51%,$3.21B,$0.42B,13.00%,$3.21B,$0.09B,2.71%,$3.21B,$0.09B,2.90%,$0.09B,$0.04B,-172.22%,$0.09B,$-0.12B,-44.23%,$0.09B,$3.03B,3.05%,$0.24B,$1.60B,15.98%,$831,$704,$127,$0,$61,$765,$66,$-54,$13,$-17,$30,$30,$28,$114,$66,$75,75,$0.38,$0.38,$154,$262,$0,$996,$1059,$0,$156,$233,$2031,$3028,$659,$1559,$0,$2328,$2987,$1,$-174,$-216,$41,$3028,$95,$177,$4,$181,$-0,$-43,$0,$-76,$-53,$223,$-219,$0,$0,$0,$0,$0,$0,$-219,$135,$-30,$105,$1,$1,$0,$-17,$89,$92,$11,$0
20,2013-09-30,19.72,$-0.62,-31.84,$40.81,0.48,$-7.23,0.0,$5.06,3.9,$1.09B,$0.70B,1.55,$1.57B,$-0.05B,-33.6,$3.11B,$0.44B,13.97%,$3.11B,$0.19B,6.23%,$3.11B,$0.19B,6.23%,$3.11B,$0.36B,11.59%,$3.11B,$0.05B,1.73%,$3.11B,$0.39B,12.36%,$0.39B,$-0.05B,-407.41%,$0.39B,$-0.20B,-153.69%,$0.39B,$3.12B,12.81%,$0.19B,$1.53B,13.46%,$821,$696,$125,$0,$58,$753,$68,$-30,$38,$6,$32,$32,$32,$113,$68,$77,77,$0.41,$0.41,$119,$252,$0,$1092,$1042,$0,$157,$217,$2027,$3119,$704,$1573,$0,$2461,$3165,$1,$-211,$-265,$-47,$3119,$65,$129,$18,$148,$-136,$-30,$0,$-55,$-110,$102,$-149,$0,$0,$0,$0,$0,$0,$-149,$124,$-8,$116,$0,$0,$0,$-13,$103,$56,$10,$0
21,2013-06-30,18.63,$-1.36,-13.75,$39.53,0.47,$-11.14,0.0,$4.54,4.1,$0.99B,$0.65B,1.53,$1.55B,$-0.10B,-15.22,$3.00B,$0.40B,13.38%,$3.00B,$0.16B,5.21%,$3.00B,$0.16B,5.21%,$3.00B,$0.32B,10.58%,$3.00B,$0.01B,0.30%,$3.00B,$0.35B,11.52%,$0.35B,$-0.10B,-166.47%,$0.35B,$-0.26B,-94.98%,$0.35B,$3.01B,11.92%,$0.16B,$1.45B,11.72%,$800,$677,$122,$0,$61,$738,$62,$-31,$31,$5,$26,$26,$26,$104,$62,$77,77,$0.34,$0.34,$79,$233,$0,$992,$1037,$0,$156,$205,$2017,$3009,$647,$1547,$0,$2463,$3110,$1,$-243,$-282,$-102,$3009,$33,$84,$7,$90,$-99,$-12,$0,$-30,$-90,$33,$-101,$0,$0,$0,$0,$0,$0,$-101,$103,$-12,$91,$1,$1,$0,$-7,$85,$17,$3,$0
22,2013-03-31,13.65,$-1.44,-9.47,$38.99,0.35,$-11.15,0.0,$4.26,3.2,$1.01B,$0.65B,1.54,$1.57B,$-0.11B,-14.55,$2.94B,$0.37B,12.43%,$2.94B,$0.12B,4.22%,$2.94B,$0.12B,4.22%,$2.94B,$0.28B,9.54%,$2.94B,$-0.02B,-0.54%,$2.94B,$0.32B,11.04%,$0.32B,$-0.11B,-115.51%,$0.32B,$-0.26B,-74.23%,$0.32B,$3.03B,11.77%,$0.12B,$1.46B,10.65%,$756,$651,$104,$0,$60,$711,$45,$-40,$5,$-2,$7,$7,$7,$86,$45,$76,76,$0.10,$0.10,$101,$241,$0,$1005,$1044,$0,$156,$205,$2025,$3030,$651,$1570,$0,$2486,$3138,$1,$-269,$-260,$-108,$3030,$7,$41,$3,$44,$-71,$-16,$0,$-21,$-78,$-27,$-44,$0,$0,$0,$0,$0,$0,$-44,$103,$11,$115,$0,$0,$0,$-6,$109,$38,$1,$0
23,2012-12-31,11.2,$-1.49,-7.5,$39.09,0.29,$-11.76,0.0,$4.84,2.31,$0.87B,$0.60B,1.45,$1.45B,$-0.12B,-12.04,$2.93B,$0.40B,13.64%,$2.93B,$0.16B,5.32%,$2.93B,$0.16B,5.32%,$2.93B,$0.31B,10.50%,$2.93B,$0.03B,1.09%,$2.93B,$0.37B,12.55%,$0.37B,$-0.12B,-105.90%,$0.37B,$-0.28B,-73.05%,$0.37B,$2.87B,14.04%,$0.16B,$1.33B,15.34%,$737,$653,$84,$0,$65,$718,$19,$-39,$-20,$-340,$320,$320,$320,$58,$19,$75,75,$4.25,$4.24,$62,$224,$0,$872,$1010,$0,$156,$202,$1994,$2866,$601,$1454,$0,$2386,$2987,$1,$-276,$-265,$-121,$2866,$367,$152,$-544,$-392,$-131,$-50,$0,$-30,$-150,$-176,$-185,$0,$0,$0,$0,$0,$0,$-185,$264,$10,$274,$-6,$-6,$0,$-15,$254,$-107,$2,$0
24,2012-09-30,11.27,$-6.65,-1.69,$37.29,0.3,$-9.91,0.0,$1.04,10.84,$1.02B,$0.65B,1.57,$1.58B,$-0.50B,-3.17,$2.80B,$0.42B,15.07%,$2.80B,$0.19B,6.64%,$2.80B,$0.19B,6.64%,$2.80B,$0.33B,11.92%,$2.80B,$0.08B,2.82%,$2.80B,$0.08B,2.82%,$0.08B,$-0.50B,-18.71%,$0.08B,$-0.65B,-13.66%,$0.08B,$2.67B,3.18%,$0.19B,$1.08B,21.29%,$703,$612,$91,$0,$61,$673,$30,$-37,$-7,$1,$-8,$-8,$-8,$69,$30,$75,75,$-0.11,$-0.11,$209,$242,$0,$1022,$1008,$0,$156,$200,$1652,$2674,$650,$1580,$0,$2522,$3172,$1,$-596,$-321,$-498,$2674,$47,$112,$-206,$-94,$-134,$-67,$0,$-47,$-150,$-197,$-142,$0,$0,$0,$0,$0,$0,$-142,$398,$-1,$397,$-6,$-6,$0,$-14,$377,$40,$1,$0
25,2012-06-30,10.49,$-5.27,-1.99,$36.49,0.29,$-7.63,0.0,$1.48,7.09,$0.86B,$0.69B,1.25,$1.17B,$-0.40B,-2.98,$2.75B,$0.44B,15.84%,$2.75B,$0.20B,7.32%,$2.75B,$0.20B,7.32%,$2.75B,$0.35B,12.56%,$2.75B,$0.11B,4.04%,$2.75B,$0.11B,4.08%,$0.11B,$-0.40B,-28.64%,$0.11B,$-0.55B,-20.47%,$0.11B,$2.44B,4.71%,$0.20B,$0.78B,26.02%,$740,$654,$86,$0,$56,$710,$30,$-24,$6,$2,$5,$5,$5,$67,$30,$75,75,$0.06,$0.06,$85,$209,$0,$862,$990,$0,$156,$180,$1580,$2441,$692,$1174,$0,$2144,$2836,$1,$-588,$-225,$-395,$2441,$55,$74,$-29,$45,$-143,$-34,$0,$-33,$-75,$25,$-92,$0,$0,$0,$0,$0,$0,$-92,$-6,$-2,$-7,$-6,$-6,$0,$-4,$-17,$-84,$1,$0
26,2012-03-31,11.71,$-5.03,-2.33,$35.74,0.33,$-6.04,0.0,$2.07,5.66,$0.91B,$0.64B,1.41,$1.25B,$-0.38B,-3.32,$2.69B,$0.48B,17.83%,$2.69B,$0.24B,9.03%,$2.69B,$0.24B,9.03%,$2.69B,$0.39B,14.30%,$2.69B,$0.15B,5.68%,$2.69B,$0.16B,5.79%,$0.16B,$-0.38B,-40.86%,$0.16B,$-0.53B,-28.98%,$0.16B,$2.50B,6.74%,$0.24B,$0.87B,33.32%,$752,$612,$139,$0,$62,$674,$77,$-25,$53,$2,$50,$50,$51,$114,$77,$75,75,$0.68,$0.68,$113,$203,$0,$907,$998,$0,$156,$183,$1596,$2502,$642,$1249,$0,$2237,$2879,$1,$-592,$-202,$-376,$2502,$50,$37,$-16,$21,$-166,$-25,$0,$-24,$-142,$-72,$-44,$0,$0,$0,$0,$0,$0,$-44,$8,$59,$67,$-6,$-6,$0,$-4,$57,$-56,$0,$0
27,2011-12-31,9.89,$-5.29,-1.87,$34.30,0.29,$-4.89,0.0,$1.89,5.23,$0.76B,$0.58B,1.33,$1.18B,$-0.42B,-2.81,$2.59B,$0.46B,17.63%,$2.59B,$0.23B,8.70%,$2.59B,$0.23B,8.70%,$2.59B,$0.36B,14.08%,$2.59B,$0.14B,5.38%,$2.59B,$0.14B,5.53%,$0.14B,$-0.42B,-36.53%,$0.14B,$-0.58B,-26.09%,$0.14B,$2.33B,6.41%,$0.23B,$0.76B,34.13%,$606,$500,$106,$0,$57,$557,$49,$-22,$27,$-3,$30,$30,$31,$84,$49,$75,75,$0.42,$0.41,$169,$177,$0,$763,$971,$0,$156,$158,$1566,$2329,$576,$1180,$0,$2172,$2748,$1,$-644,$-204,$-420,$2329,$137,$139,$-8,$131,$-190,$-50,$0,$-122,$-325,$-56,$-168,$0,$-17,$0,$0,$0,$0,$-184,$171,$3,$174,$5,$5,$0,$-11,$167,$-75,$5,$0
28,2011-09-30,7.63,$-4.96,-1.54,$34.09,0.22,$-0.19,0.0,$1.95,3.91,$0.74B,$0.61B,1.2,$1.05B,$-0.37B,-2.81,$2.56B,$0.45B,17.64%,$2.56B,$0.23B,8.86%,$2.56B,$0.23B,8.86%,$2.56B,$0.36B,14.20%,$2.56B,$0.15B,5.66%,$2.56B,$0.15B,5.74%,$0.15B,$-0.37B,-36.43%,$0.15B,$-0.53B,-26.25%,$0.15B,$2.23B,6.75%,$0.23B,$0.68B,37.55%,$648,$544,$104,$0,$59,$603,$45,$-20,$25,$2,$23,$23,$25,$80,$45,$75,75,$0.33,$0.33,$114,$158,$0,$740,$943,$0,$156,$154,$1493,$2233,$614,$1051,$0,$1992,$2606,$1,$-675,$-127,$-373,$2233,$107,$104,$18,$122,$-240,$-30,$0,$-86,$-295,$-65,$-103,$0,$0,$0,$0,$0,$0,$-103,$-29,$70,$41,$5,$5,$0,$-6,$39,$-130,$4,$0
29,2011-06-30,11.38,$-4.75,-2.4,$33.82,0.34,$3.73,3.05,$2.14,5.32,$0.68B,$0.63B,1.08,$0.97B,$-0.36B,-2.7,$2.53B,$0.46B,18.24%,$2.53B,$0.24B,9.59%,$2.53B,$0.24B,9.59%,$2.53B,$0.38B,14.92%,$2.53B,$0.16B,6.32%,$2.53B,$0.16B,6.36%,$0.16B,$-0.36B,-37.66%,$0.16B,$-0.52B,-27.66%,$0.16B,$2.20B,7.53%,$0.24B,$0.61B,42.58%,$686,$556,$131,$0,$59,$615,$72,$-24,$48,$-0,$48,$48,$49,$107,$72,$75,75,$0.65,$0.65,$250,$149,$0,$679,$960,$0,$157,$159,$1517,$2195,$629,$965,$0,$1925,$2553,$1,$-699,$-89,$-358,$2195,$85,$69,$22,$91,$-50,$-17,$0,$-59,$-59,$117,$-64,$0,$0,$0,$0,$0,$0,$-64,$-47,$0,$-47,$5,$5,$0,$-5,$-48,$6,$3,$0
30,2011-03-31,12.59,$-5.51,-2.28,$32.23,0.39,$4.67,2.7,$1.83,6.88,$0.64B,$0.58B,1.1,$1.01B,$-0.42B,-2.43,$2.41B,$0.43B,17.86%,$2.41B,$0.22B,9.18%,$2.41B,$0.22B,9.18%,$2.41B,$0.35B,14.71%,$2.41B,$0.14B,5.82%,$2.41B,$0.14B,5.69%,$0.14B,$-0.42B,-29.27%,$0.14B,$-0.57B,-22.09%,$0.14B,$2.17B,6.54%,$0.22B,$0.59B,40.77%,$646,$530,$115,$0,$57,$587,$59,$-20,$39,$2,$37,$37,$38,$93,$59,$74,75,$0.51,$0.50,$217,$134,$0,$644,$947,$0,$156,$177,$1524,$2168,$583,$1007,$0,$2000,$2583,$1,$-749,$-97,$-415,$2168,$37,$34,$6,$40,$-62,$-3,$0,$-23,$-76,$1,$-30,$0,$0,$0,$0,$0,$0,$-30,$-3,$0,$-3,$5,$5,$0,$0,$1,$-27,$2,$0
31,2010-12-31,12.86,$-6.30,-2.04,$30.66,0.42,$5.82,2.21,$1.55,8.3,$0.60B,$0.57B,1.06,$1.01B,$-0.47B,-2.16,$2.28B,$0.40B,17.61%,$2.28B,$0.20B,8.94%,$2.28B,$0.20B,8.94%,$2.28B,$0.34B,14.67%,$2.28B,$0.12B,5.21%,$2.28B,$0.12B,5.04%,$0.12B,$-0.47B,-22.98%,$0.12B,$-0.62B,-17.68%,$0.12B,$2.12B,5.62%,$0.20B,$0.54B,39.88%,$583,$482,$102,$0,$51,$532,$51,$-18,$33,$-1,$34,$34,$35,$85,$51,$72,75,$0.48,$0.47,$245,$130,$0,$602,$936,$0,$156,$138,$1513,$2115,$569,$1010,$0,$2014,$2583,$1,$-786,$-106,$-468,$2115,$115,$132,$-16,$116,$-15,$-39,$0,$-48,$10,$240,$-111,$0,$-2,$6,$0,$6,$0,$-107,$-2,$-60,$-62,$-0,$-0,$0,$-4,$-66,$67,$9,$0
32,2010-09-30,9.02,$-6.57,-1.37,$31.65,0.29,$1.80,5.01,$1.88,4.8,$0.63B,$0.57B,1.11,$1.01B,$-0.47B,-2.16,$2.16B,$0.37B,17.01%,$2.16B,$0.18B,8.41%,$2.16B,$0.18B,8.41%,$2.16B,$0.31B,14.42%,$2.16B,$0.08B,3.84%,$2.16B,$0.13B,5.96%,$0.13B,$-0.47B,-24.64%,$0.13B,$-0.62B,-19.21%,$0.13B,$2.07B,6.41%,$0.18B,$0.54B,36.11%,$618,$504,$114,$0,$53,$558,$61,$-21,$40,$1,$39,$39,$39,$94,$61,$71,74,$0.54,$0.52,$243,$125,$0,$634,$923,$0,$148,$153,$1437,$2071,$572,$1011,$0,$1968,$2541,$1,$-821,$-60,$-469,$2071,$80,$98,$5,$103,$-58,$-34,$0,$-21,$10,$194,$-68,$0,$0,$2,$0,$2,$0,$-67,$-1,$-60,$-61,$-1,$-1,$0,$-2,$-64,$62,$7,$0
33,2010-06-30,7.33,$-7.29,-1.01,$30.67,0.24,$-2.30,0.0,$1.71,4.29,$0.60B,$0.56B,1.06,$1.01B,$-0.52B,-1.95,$1.96B,$0.34B,17.54%,$1.96B,$0.17B,8.49%,$1.96B,$0.17B,8.49%,$1.96B,$0.29B,14.98%,$1.96B,$0.07B,3.48%,$1.96B,$0.11B,5.62%,$0.11B,$-0.52B,-18.60%,$0.11B,$-0.67B,-14.88%,$0.11B,$2.03B,5.54%,$0.17B,$0.49B,35.38%,$560,$461,$99,$0,$49,$509,$50,$-23,$28,$2,$25,$25,$25,$83,$50,$72,75,$0.36,$0.34,$242,$117,$0,$596,$923,$0,$148,$147,$1432,$2028,$564,$1013,$0,$1984,$2548,$1,$-860,$-70,$-520,$2028,$42,$64,$-3,$62,$-43,$-27,$0,$14,$62,$165,$-43,$0,$0,$2,$0,$2,$0,$-42,$3,$-60,$-58,$-1,$-1,$0,$-2,$-61,$61,$5,$0
34,2010-03-31,9.98,$-7.63,-1.31,$27.58,0.36,$-5.86,0.0,$-3.83,0.0,$0.52B,$0.52B,1.0,$1.02B,$-0.55B,-1.86,$1.64B,$0.03B,1.77%,$1.64B,$-0.15B,-8.83%,$1.64B,$-0.15B,-8.83%,$1.64B,$-0.01B,-0.85%,$1.64B,$-0.24B,-14.74%,$1.64B,$-0.20B,-12.42%,$-0.20B,$-0.55B,31.62%,$-0.20B,$-0.69B,25.73%,$-0.20B,$1.97B,-10.42%,$-0.15B,$0.47B,-86.57%,$522,$435,$87,$0,$45,$480,$42,$-24,$18,$2,$16,$16,$16,$74,$42,$72,75,$0.23,$0.22,$179,$100,$0,$517,$940,$0,$148,$149,$1450,$1968,$518,$1015,$0,$1996,$2513,$1,$-885,$-67,$-545,$1968,$16,$32,$-18,$14,$-37,$-10,$0,$19,$49,$79,$-22,$0,$0,$1,$0,$1,$0,$-21,$5,$-60,$-56,$-1,$-1,$0,$-2,$-59,$-2,$2,$0
35,2009-12-31,8.02,$-7.60,-1.06,$27.85,0.29,$-7.81,0.0,$-4.64,0.0,$0.52B,$0.45B,1.16,$1.07B,$-0.56B,-1.91,$1.52B,$-0.03B,-2.04%,$1.52B,$-0.20B,-13.40%,$1.52B,$-0.20B,-13.40%,$1.52B,$-0.07B,-4.53%,$1.52B,$-0.30B,-19.51%,$1.52B,$-0.25B,-16.62%,$-0.25B,$-0.56B,40.66%,$-0.25B,$-0.71B,32.87%,$-0.25B,$1.99B,-12.76%,$-0.20B,$0.51B,-96.91%,$464,$396,$68,$0,$39,$435,$29,$-32,$-3,$-52,$49,$49,$49,$61,$29,$53,53,$0.63,$0.63,$182,$91,$0,$517,$947,$0,$148,$128,$1470,$1987,$446,$1071,$0,$2101,$2547,$1,$-902,$-64,$-560,$1987,$-253,$135,$71,$206,$119,$20,$0,$-25,$63,$16,$-136,$0,$-10,$72,$0,$72,$0,$-75,$88,$-163,$-75,$140,$140,$0,$-33,$32,$-21,$14,$0
36,2009-09-30,7.08,$-13.31,-0.53,$28.78,0.25,$-11.47,0.0,$-7.61,0.0,$0.48B,$0.45B,1.07,$1.14B,$-0.74B,-1.55,$1.56B,$-0.07B,-4.55%,$1.56B,$-0.25B,-16.21%,$1.56B,$-0.25B,-16.21%,$1.56B,$-0.12B,-7.37%,$1.56B,$-0.34B,-21.59%,$1.56B,$-0.41B,-26.52%,$-0.41B,$-0.74B,70.02%,$-0.41B,$-0.89B,56.06%,$-0.41B,$1.95B,-20.21%,$-0.25B,$0.40B,-97.87%,$410,$321,$89,$0,$44,$365,$45,$-19,$25,$6,$20,$20,$20,$75,$45,$55,56,$0.35,$0.35,$182,$88,$0,$482,$950,$0,$148,$132,$1471,$1953,$449,$1143,$0,$2244,$2693,$1,$-950,$-84,$-740,$1953,$-302,$103,$96,$198,$97,$22,$0,$36,$84,$-20,$-115,$0,$0,$68,$-10,$58,$0,$-57,$-6,$39,$33,$31,$31,$0,$-18,$46,$-26,$11,$0
37,2009-06-30,3.44,$-13.29,-0.26,$31.67,0.11,$-12.89,0.0,$-16.50,0.0,$0.49B,$1.61B,0.31,$0.02B,$-0.74B,-0.03,$1.68B,$-0.54B,-32.04%,$1.68B,$-0.72B,-42.82%,$1.68B,$-0.72B,-42.82%,$1.68B,$-0.56B,-33.29%,$1.68B,$-0.81B,-48.06%,$1.68B,$-0.88B,-52.11%,$-0.88B,$-0.74B,198.64%,$-0.88B,$-0.88B,148.81%,$-0.88B,$1.92B,-40.24%,$-0.72B,$-0.72B,-160.22%,$246,$461,$-215,$0,$46,$506,$-261,$-22,$-282,$7,$-289,$-289,$-289,$-224,$-261,$56,56,$-5.20,$-5.20,$284,$103,$0,$494,$940,$0,$148,$117,$1427,$1921,$1613,$22,$0,$1044,$2657,$1,$-970,$-27,$-736,$1921,$-321,$73,$140,$212,$188,$7,$0,$9,$83,$-26,$-81,$0,$0,$66,$-10,$56,$0,$-25,$-2,$125,$124,$-0,$-0,$0,$-3,$121,$74,$8,$0
38,2009-03-31,1.32,$-8.16,-0.16,$36.30,0.04,$-13.56,0.0,$-23.79,0.0,$0.51B,$0.45B,1.14,$1.10B,$-0.45B,-2.42,$1.92B,$-0.85B,-44.23%,$1.92B,$-1.03B,-53.59%,$1.92B,$-1.03B,-53.59%,$1.92B,$-0.85B,-44.28%,$1.92B,$-1.11B,-57.69%,$1.92B,$-1.23B,-63.93%,$-1.23B,$-0.45B,691.98%,$-1.23B,$-0.60B,378.46%,$-1.23B,$2.07B,-52.89%,$-1.03B,$0.64B,-111.61%,$402,$375,$27,$0,$44,$419,$-17,$-20,$-37,$-4,$-33,$-33,$-33,$19,$-17,$55,55,$-0.59,$-0.59,$155,$117,$0,$512,$1067,$0,$148,$129,$1560,$2073,$448,$1095,$0,$2077,$2525,$1,$-681,$-28,$-453,$2073,$-33,$36,$-7,$29,$66,$-6,$0,$-17,$-18,$-21,$-44,$0,$0,$59,$-10,$49,$0,$4,$-5,$-40,$-45,$0,$0,$0,$0,$-45,$-62,$3,$0
39,2008-12-31,2.89,$-7.65,-0.38,$40.00,0.07,$-12.84,0.0,$-23.72,0.0,$0.70B,$0.52B,1.34,$1.14B,$-0.44B,-2.62,$2.11B,$-0.87B,-41.00%,$2.11B,$-1.05B,-49.81%,$2.11B,$-1.05B,-49.81%,$2.11B,$-0.85B,-40.33%,$2.11B,$-1.12B,-53.18%,$2.11B,$-1.22B,-58.01%,$-1.22B,$-0.44B,-790.95%,$-1.22B,$-0.58B,-16882.76%,$-1.22B,$2.25B,-48.67%,$-1.05B,$0.70B,-87.69%,$503,$475,$28,$0,$48,$523,$-20,$-23,$-43,$70,$-112,$-112,$-112,$15,$-20,$52,52,$-2.80,$-2.80,$276,$111,$0,$695,$1064,$0,$148,$99,$1552,$2248,$518,$1140,$0,$2166,$2683,$1,$-649,$-41,$-436,$2248,$-1225,$200,$699,$899,$72,$53,$0,$116,$163,$-163,$-144,$0,$-11,$-77,$0,$-77,$0,$-232,$-5,$290,$285,$1,$1,$-18,$-13,$255,$-145,$10,$-18
40,2008-09-30,5.31,$-2.53,-2.1,$44.28,0.12,$-3.52,0.0,$-22.05,0.0,$1.15B,$0.66B,1.74,$1.30B,$-0.14B,-9.47,$2.36B,$-0.90B,-37.89%,$2.36B,$-1.08B,-45.77%,$2.36B,$-1.08B,-45.77%,$2.36B,$-0.86B,-36.28%,$2.36B,$-1.14B,-48.26%,$2.36B,$-1.14B,-48.22%,$-1.14B,$-0.14B,-233.16%,$-1.14B,$-0.29B,-334.02%,$-1.14B,$2.46B,-41.61%,$-1.08B,$1.16B,-73.94%,$528,$907,$-378,$0,$43,$950,$-421,$-23,$-445,$-3,$-441,$-441,$-441,$-369,$-421,$52,52,$-8.54,$-8.54,$571,$184,$0,$1148,$1093,$0,$148,$52,$1308,$2456,$662,$1301,$0,$1932,$2593,$1,$-538,$146,$-137,$2456,$-1112,$165,$638,$803,$8,$18,$0,$124,$212,$-97,$-101,$0,$0,$-117,$0,$-117,$0,$-218,$-2,$444,$443,$1,$1,$-17,$0,$426,$111,$9,$-17
41,2008-06-30,7.89,$5.80,1.36,$48.66,0.16,$4.06,1.94,$-13.26,0.0,$0.95B,$0.67B,1.42,$0.87B,$0.32B,2.76,$2.61B,$-0.44B,-16.72%,$2.61B,$-0.63B,-24.19%,$2.61B,$-0.63B,-24.19%,$2.61B,$-0.40B,-15.38%,$2.61B,$-0.68B,-26.00%,$2.61B,$-0.68B,-26.23%,$-0.68B,$0.32B,-92.34%,$-0.68B,$0.17B,-115.25%,$-0.68B,$2.53B,-23.78%,$-0.63B,$1.19B,-39.43%,$491,$1018,$-528,$0,$45,$1063,$-573,$-12,$-585,$59,$-644,$-644,$-644,$-517,$-573,$54,54,$-11.89,$-11.89,$196,$239,$0,$952,$1369,$0,$148,$53,$1574,$2526,$672,$869,$0,$1539,$2211,$1,$-96,$161,$315,$2526,$-671,$113,$366,$479,$-6,$6,$0,$22,$117,$-76,$-65,$0,$0,$0,$0,$0,$0,$-65,$0,$8,$8,$1,$1,$-16,$0,$-8,$-148,$6,$-16
42,2008-03-31,20.07,$16.19,1.24,$56.97,0.35,$9.67,2.08,$-0.13,0.0,$0.84B,$0.44B,1.94,$0.86B,$0.88B,0.99,$3.03B,$0.21B,6.79%,$3.03B,$0.00B,0.07%,$3.03B,$0.00B,0.07%,$3.03B,$0.23B,7.68%,$3.03B,$-0.05B,-1.75%,$3.03B,$-0.00B,-0.16%,$-0.00B,$0.88B,-0.57%,$-0.00B,$0.73B,-0.69%,$-0.00B,$2.83B,-0.17%,$0.00B,$1.74B,0.12%,$588,$575,$13,$0,$49,$624,$-37,$-12,$-49,$-22,$-27,$-27,$-27,$20,$-37,$54,54,$-0.50,$-0.50,$316,$248,$0,$843,$1679,$0,$148,$55,$1986,$2830,$435,$864,$0,$1517,$1952,$1,$557,$74,$877,$2830,$-27,$57,$-11,$46,$78,$-5,$0,$1,$-11,$8,$-33,$0,$0,$0,$0,$0,$0,$-33,$3,$2,$5,$0,$0,$-8,$0,$-3,$-28,$4,$-8
43,2007-12-31,18.1,$15.86,1.14,$61.40,0.29,$9.51,1.9,$0.69,26.23,$0.94B,$0.51B,1.84,$0.86B,$0.90B,0.95,$3.25B,$0.28B,8.56%,$3.25B,$0.08B,2.31%,$3.25B,$0.08B,2.31%,$3.25B,$0.31B,9.42%,$3.25B,$0.02B,0.58%,$3.25B,$0.04B,1.17%,$0.04B,$0.90B,4.41%,$0.04B,$0.75B,5.32%,$0.04B,$3.14B,1.27%,$0.08B,$1.76B,4.38%,$755,$757,$-2,$0,$48,$805,$-50,$-12,$-61,$-35,$-27,$-27,$-27,$9,$-50,$53,54,$-0.56,$-0.52,$344,$243,$0,$943,$1696,$0,$148,$57,$2193,$3136,$512,$858,$0,$1725,$2237,$1,$592,$64,$899,$3136,$37,$229,$50,$279,$65,$-28,$0,$20,$52,$368,$-187,$0,$0,$0,$0,$0,$0,$-187,$303,$-131,$172,$12,$12,$-32,$-4,$148,$330,$18,$-32
44,2007-09-30,24.36,$16.30,1.49,$62.86,0.39,$3.40,7.17,$-2.54,0.0,$1.04B,$0.60B,1.72,$0.85B,$0.87B,0.97,$3.27B,$0.06B,1.80%,$3.27B,$-0.15B,-4.49%,$3.27B,$-0.15B,-4.49%,$3.27B,$0.08B,2.35%,$3.27B,$-0.20B,-6.23%,$3.27B,$-0.12B,-3.79%,$-0.12B,$0.87B,-14.75%,$-0.12B,$0.73B,-17.89%,$-0.12B,$3.01B,-4.33%,$-0.15B,$1.72B,-8.95%,$774,$693,$81,$0,$52,$745,$29,$-13,$17,$3,$14,$14,$14,$87,$29,$51,53,$0.27,$0.25,$362,$248,$0,$1038,$1715,$0,$148,$61,$1974,$3012,$604,$846,$0,$1536,$2139,$1,$617,$19,$872,$3012,$64,$171,$69,$240,$8,$-50,$0,$10,$27,$332,$-133,$0,$0,$0,$0,$0,$0,$-133,$300,$-133,$167,$11,$11,$-24,$-5,$149,$349,$17,$-24
45,2007-06-30,28.39,$16.06,1.77,$62.19,0.46,$-2.36,0.0,$-4.04,0.0,$1.07B,$0.66B,1.62,$0.85B,$0.86B,0.99,$3.20B,$-0.08B,-2.62%,$3.20B,$-0.29B,-8.93%,$3.20B,$-0.29B,-8.93%,$3.20B,$-0.07B,-2.09%,$3.20B,$-0.33B,-10.40%,$3.20B,$-0.20B,-6.28%,$-0.20B,$0.86B,-23.36%,$-0.20B,$0.71B,-28.20%,$-0.20B,$3.01B,-7.08%,$-0.29B,$1.70B,-17.79%,$917,$803,$114,$0,$54,$857,$60,$-20,$40,$5,$35,$35,$35,$117,$60,$51,53,$0.68,$0.66,$331,$222,$0,$1065,$1697,$0,$148,$49,$1940,$3006,$657,$846,$0,$1492,$2149,$1,$612,$15,$857,$3006,$50,$113,$50,$164,$-71,$-24,$0,$11,$21,$235,$-76,$0,$0,$0,$0,$0,$0,$-76,$297,$-128,$169,$9,$9,$-16,$-5,$157,$318,$12,$-16
46,2007-03-31,26.08,$15.48,1.68,$61.92,0.42,$-6.86,0.0,$-4.28,0.0,$0.89B,$0.56B,1.58,$0.84B,$0.82B,1.03,$3.16B,$-0.11B,-3.42%,$3.16B,$-0.31B,-9.69%,$3.16B,$-0.31B,-9.69%,$3.16B,$-0.09B,-2.94%,$3.16B,$-0.34B,-10.83%,$3.16B,$-0.22B,-6.84%,$-0.22B,$0.82B,-23.98%,$-0.22B,$0.67B,-28.69%,$-0.22B,$2.84B,-7.70%,$-0.31B,$1.66B,-19.32%,$802,$717,$85,$0,$49,$766,$36,$-14,$23,$7,$16,$16,$16,$93,$36,$51,52,$0.31,$0.30,$142,$216,$0,$891,$1712,$0,$148,$46,$1947,$2838,$563,$842,$0,$1455,$2018,$1,$586,$17,$820,$2838,$16,$56,$25,$81,$-94,$-18,$0,$4,$-87,$10,$-43,$0,$0,$0,$0,$0,$0,$-43,$300,$-130,$169,$4,$4,$-8,$-5,$161,$128,$5,$-8
47,2006-12-31,17.99,$14.63,1.23,$62.86,0.29,$-7.67,0.0,$-4.41,0.0,$0.64B,$0.54B,1.18,$0.67B,$0.81B,0.83,$3.19B,$-0.13B,-4.04%,$3.19B,$-0.33B,-10.24%,$3.19B,$-0.33B,-10.24%,$3.19B,$-0.12B,-3.79%,$3.19B,$-0.36B,-11.18%,$3.19B,$-0.22B,-6.99%,$-0.22B,$0.81B,-23.56%,$-0.22B,$0.67B,-27.93%,$-0.22B,$2.60B,-7.97%,$-0.33B,$1.49B,-20.92%,$781,$1002,$-221,$0,$52,$1054,$-272,$-11,$-284,$-95,$-189,$-189,$-189,$-220,$-272,$50,50,$-3.76,$-3.75,$14,$198,$0,$639,$1732,$0,$148,$43,$1958,$2598,$541,$672,$0,$1243,$1784,$1,$590,$13,$814,$2598,$-223,$206,$146,$352,$3,$2,$0,$8,$57,$186,$-324,$0,$0,$0,$0,$0,$0,$-324,$113,$67,$181,$1,$1,$-31,$-3,$147,$10,$10,$-31
