,Date,Stock Price,Book Value per Share,Price to Book Ratio,TTM Sales per Share,Price to Sales Ratio,TTM FCF per Share,Price to FCF Ratio,TTM Net EPS,PE Ratio,Current Assets,Current Liabilities,Current Ratio,Long Term Debt,Shareholder's Equity_x,Debt to Equity Ratio,TTM Revenue_x,TTM Gross Profit,Gross Margin,TTM Revenue_y,TTM Operating Income,Operating Margin,TTM Revenue_x,TTM EBIT,EBIT Margin,TTM Revenue_y,TTM EBITDA,EBITDA Margin,TTM Revenue_x,TTM Pre-Tax Income,Pre-Tax Margin,TTM Revenue_y,TTM Net Income_x,Net Margin,TTM Net Income_y,Shareholder's Equity_y,Return on Equity,TTM Net Income_x,Tangible Equity,Return on Tangible Equity,TTM Net Income_y,Total Assets,Return on Assets,TTM Net Income,LT Investments & Debt,Return on Investment,revenue,cost-goods-sold,gross-profit,research-development-expenses,selling-general-administrative-expenses,operating-expenses,operating-income,total-non-operating-income-expense,pre-tax-income,total-provision-income-taxes,income-after-taxes,income-from-continuous-operations,net-income,ebitda,ebit,basic-shares-outstanding,shares-outstanding,eps-basic-net-earnings-per-share,eps-earnings-per-share-diluted,cash-on-hand,inventory,other-current-assets,total-current-assets,net-property-plant-equipment,long-term-investments,goodwill-intangible-assets-total,other-long-term-assets,total-long-term-assets,total-assets,total-current-liabilities,long-term-debt,other-non-current-liabilities,total-long-term-liabilities,total-liabilities,common-stock-net,retained-earnings-accumulated-deficit,comprehensive-income,total-share-holder-equity,total-liabilities-share-holders-equity,net-income-loss,total-depreciation-amortization-cash-flow,other-non-cash-items,total-non-cash-items,change-in-accounts-receivable,change-in-inventories,change-in-accounts-payable,change-in-assets-liabilities,total-change-in-assets-liabilities,cash-flow-from-operating-activities,net-change-in-property-plant-equipment,net-change-in-intangible-assets,net-acquisitions-divestitures,net-change-in-short-term-investments,net-change-in-long-term-investments,net-change-in-investments-total,investing-activities-other,cash-flow-from-investing-activities,net-long-term-debt,net-current-debt,debt-issuance-retirement-net-total,net-common-equity-issued-repurchased,net-total-equity-issued-repurchased,total-common-preferred-stock-dividends-paid,financial-activities-other,cash-flow-from-financial-activities,net-cash-flow,stock-based-compensation,common-stock-dividends-paid
0,2018-09-30,106.49,$25.13,4.24,$44.90,2.37,$32.32,3.29,$4.17,25.54,$167.46B,$89.27B,1.88,$55.30B,$21.46B,2.58,$38.85B,$36.16B,93.08%,$38.85B,$8.08B,20.79%,$38.85B,0,0.00%,$38.85B,0,0.00%,$38.85B,$8.08B,20.79%,$38.85B,$3.59B,9.23%,$3.59B,$21.46B,17.87%,$3.59B,$21.46B,17.87%,$3.59B,$189.09B,1.95%,$8.08B,$76.76B,10.78%,$10921,$777,$10144,$0,$8026,$8803,$2118,$0,$2118,$464,$1654,$1654,$1621,$0,$0,$858,860,$1.89,$1.88,$30231,$0,$0,$167460,$4295,$6071,$0,$11266,$21632,$189092,$89268,$55300,$23064,$78364,$167632,$171,$11521,$-2504,$21460,$189092,$4911,$1007,$2281,$3288,$-88,$0,$2133,$-62,$1983,$10182,$-871,$0,$-512,$0,$-3327,$-3327,$-9461,$-14171,$-227,$-969,$-1196,$-849,$-849,$-970,$4876,$1861,$-2001,$230,$-970
1,2018-06-30,97.65,$24.26,4.02,$43.39,2.25,$30.31,3.22,$3.79,25.77,$164.10B,$85.39B,1.92,$55.88B,$20.89B,2.68,$37.79B,$35.31B,93.44%,$37.79B,$7.79B,20.62%,$37.79B,0,0.00%,$37.79B,0,0.00%,$37.79B,$7.79B,20.62%,$37.79B,$3.29B,8.71%,$3.29B,$20.89B,16.49%,$3.29B,$20.89B,16.49%,$3.29B,$184.86B,1.84%,$7.79B,$76.78B,10.64%,$10713,$711,$10002,$0,$7911,$8622,$2091,$0,$2091,$468,$1623,$1623,$1591,$0,$0,$860,862,$1.85,$1.84,$29743,$0,$0,$164095,$4251,$4753,$0,$11762,$20766,$184861,$85385,$55883,$22701,$78584,$163969,$173,$10896,$-2483,$20892,$184861,$3257,$685,$1569,$2254,$-164,$0,$-182,$-69,$-415,$5096,$-536,$0,$-481,$0,$-1826,$-1826,$-5538,$-8381,$319,$-1307,$-988,$-89,$-89,$-645,$2957,$1235,$-2001,$154,$-645
2,2018-03-31,92.61,$22.81,4.06,$41.82,2.21,$29.22,3.17,$3.42,27.08,$161.87B,$84.99B,1.91,$52.46B,$19.61B,2.68,$36.77B,$34.48B,93.77%,$36.77B,$7.66B,20.82%,$36.77B,0,0.00%,$36.77B,0,0.00%,$36.77B,$7.66B,20.82%,$36.77B,$3.01B,8.20%,$3.01B,$19.61B,15.04%,$3.01B,$19.61B,15.04%,$3.01B,$179.96B,1.73%,$7.66B,$72.07B,10.59%,$10339,$621,$9718,$0,$7636,$8257,$2082,$0,$2082,$448,$1634,$1634,$1600,$0,$0,$859,861,$1.86,$1.86,$31092,$0,$0,$161868,$4271,$3388,$0,$10429,$18088,$179956,$84990,$52461,$22892,$75353,$160343,$172,$9597,$-2381,$19613,$179956,$1634,$348,$605,$953,$122,$0,$-431,$-215,$-524,$2063,$-237,$0,$-475,$0,$-1215,$-1215,$1234,$-693,$-3219,$-1489,$-4708,$-123,$-123,$-324,$2206,$-2949,$-1757,$84,$-324
3,2017-12-31,98.25,$21.26,4.62,$39.94,2.46,$28.07,3.5,$2.90,33.88,$163.96B,$84.94B,1.93,$55.80B,$18.26B,3.06,$35.58B,$33.47B,94.06%,$35.58B,$7.41B,20.84%,$35.58B,0,0.00%,$35.58B,0,0.00%,$35.58B,$7.41B,20.84%,$35.58B,$2.63B,7.40%,$2.63B,$18.26B,12.93%,$2.63B,$18.26B,12.93%,$2.63B,$181.20B,1.55%,$7.41B,$74.07B,10.24%,$6880,$580,$6300,$0,$4513,$5093,$1787,$0,$1787,$3005,$-1218,$-1218,$-1227,$0,$0,$883,886,$-1.37,$-1.36,$32927,$0,$0,$163962,$4329,$3159,$0,$9746,$17234,$181196,$84942,$55804,$22189,$77993,$162935,$172,$8307,$-2428,$18261,$181196,$2736,$1321,$3824,$5145,$473,$0,$5505,$-319,$5659,$13540,$-1062,$0,$-211,$0,$-116,$-116,$-16884,$-18273,$8682,$-2300,$6382,$-4271,$-4271,$-1251,$11385,$12245,$7719,$282,$-1251
4,2017-09-30,89.15,$24.21,3.68,$41.20,2.16,$21.39,4.17,$5.19,17.18,$148.52B,$78.25B,1.9,$48.76B,$21.09B,2.31,$37.14B,$35.19B,94.76%,$37.14B,$6.79B,18.28%,$37.14B,0,0.00%,$37.14B,0,0.00%,$37.14B,$6.79B,18.28%,$37.14B,$4.66B,12.55%,$4.66B,$21.09B,22.28%,$4.66B,$21.09B,22.28%,$4.66B,$168.58B,2.84%,$6.79B,$69.85B,9.59%,$9858,$568,$9290,$0,$7459,$8027,$1831,$0,$1831,$472,$1359,$1359,$1327,$0,$0,$878,881,$1.51,$1.51,$26168,$0,$0,$148515,$4367,$3250,$0,$12445,$20062,$168577,$78248,$48762,$20482,$69244,$147492,$175,$10908,$-2316,$21085,$168577,$3954,$953,$2091,$3044,$1026,$0,$1186,$-629,$1583,$8581,$-812,$0,$-210,$0,$-140,$-140,$-7535,$-8697,$1526,$-3232,$-1706,$-3005,$-3005,$-925,$8219,$2583,$2761,$212,$-925
5,2017-06-30,82.71,$23.93,3.46,$38.90,2.13,$16.88,4.9,$4.89,16.91,$148.71B,$75.76B,1.96,$51.95B,$21.18B,2.45,$35.48B,$33.68B,94.91%,$35.48B,$6.69B,18.86%,$35.48B,0,0.00%,$35.48B,0,0.00%,$35.48B,$6.69B,18.86%,$35.48B,$4.45B,12.53%,$4.45B,$21.18B,21.27%,$4.45B,$21.18B,21.27%,$4.45B,$167.00B,2.78%,$6.69B,$73.12B,9.59%,$9693,$521,$9172,$0,$7215,$7736,$1957,$0,$1957,$613,$1344,$1344,$1314,$0,$0,$890,893,$1.48,$1.47,$30442,$0,$0,$148710,$4445,$3360,$0,$10482,$18287,$166997,$75761,$51945,$18116,$70061,$145822,$177,$10970,$-2428,$21175,$166997,$2595,$615,$1323,$1938,$818,$0,$-909,$-158,$-249,$4284,$-538,$0,$-174,$0,$-265,$-265,$-3169,$-4146,$4775,$-2124,$2651,$-1723,$-1723,$-620,$4666,$4974,$5268,$152,$-620
6,2017-03-31,77.36,$23.39,3.31,$37.26,2.08,$15.39,5.03,$5.52,14.01,$143.29B,$71.80B,2.0,$51.65B,$20.94B,2.47,$34.46B,$32.74B,95.00%,$34.46B,$7.75B,22.49%,$34.46B,0,0.00%,$34.46B,0,0.00%,$34.46B,$7.75B,22.49%,$34.46B,$5.11B,14.83%,$5.11B,$20.94B,24.58%,$5.11B,$20.94B,24.58%,$5.11B,$161.39B,3.23%,$7.75B,$72.58B,11.18%,$9152,$443,$8709,$0,$6870,$7313,$1839,$0,$1839,$588,$1251,$1251,$1220,$0,$0,$899,903,$1.36,$1.35,$29366,$0,$0,$143287,$4433,$3561,$0,$10104,$18098,$161385,$71796,$51647,$17007,$68654,$140450,$179,$10633,$-2470,$20935,$161385,$1251,$296,$680,$976,$786,$0,$-2072,$219,$-1067,$1160,$-277,$0,$-28,$0,$-1294,$-1294,$2310,$711,$4619,$-1941,$2678,$-895,$-895,$-313,$735,$2205,$4183,$89,$-313
7,2016-12-31,72.13,$22.68,3.18,$35.96,2.01,$16.73,4.31,$5.63,12.81,$140.74B,$72.63B,1.94,$46.99B,$20.50B,2.29,$33.82B,$32.12B,94.96%,$33.82B,$8.10B,23.94%,$33.82B,0,0.00%,$33.82B,0,0.00%,$33.82B,$8.10B,23.94%,$33.82B,$5.29B,15.63%,$5.29B,$20.50B,25.48%,$5.29B,$20.50B,25.48%,$5.29B,$158.89B,3.35%,$8.10B,$67.49B,11.87%,$8435,$413,$8022,$0,$6861,$7274,$1161,$0,$1161,$336,$825,$825,$800,$0,$0,$933,935,$0.90,$0.90,$25208,$0,$0,$140742,$4433,$3157,$0,$10561,$18151,$158893,$72625,$46990,$18777,$65767,$138392,$181,$10371,$-2784,$20501,$158893,$5408,$1095,$1148,$2243,$-281,$0,$1139,$-218,$640,$8291,$-1375,$0,$-487,$0,$365,$365,$3365,$1868,$-1024,$888,$-136,$-4321,$-4321,$-1207,$-1935,$-7599,$2446,$254,$-1207
8,2016-09-30,62.05,$22.92,2.71,$35.71,1.74,$18.67,3.32,$5.64,11.0,$134.51B,$70.39B,1.91,$44.89B,$21.02B,2.14,$34.18B,$32.49B,95.05%,$34.18B,$8.39B,24.54%,$34.18B,0,0.00%,$34.18B,0,0.00%,$34.18B,$8.39B,24.54%,$34.18B,$5.36B,15.68%,$5.36B,$21.02B,25.78%,$5.36B,$21.02B,25.78%,$5.36B,$153.38B,3.39%,$8.39B,$65.91B,12.24%,$8204,$430,$7774,$0,$6039,$6469,$1735,$0,$1735,$593,$1142,$1142,$1112,$0,$0,$920,923,$1.21,$1.20,$26520,$0,$0,$134512,$4301,$3728,$0,$10836,$18865,$153377,$70389,$44894,$17077,$61971,$132360,$184,$10661,$-2618,$21017,$153377,$4583,$810,$515,$1325,$485,$0,$-963,$-479,$-957,$4951,$-975,$0,$-191,$0,$-95,$-95,$11391,$10130,$-3423,$-2040,$-5463,$-3464,$-3464,$-892,$-1499,$-11318,$3758,$190,$-892
9,2016-06-30,58.87,$22.39,2.63,$35.44,1.66,$21.33,2.76,$5.68,10.36,$141.19B,$71.28B,1.98,$50.65B,$20.71B,2.45,$34.57B,$32.91B,95.20%,$34.57B,$8.59B,24.86%,$34.57B,0,0.00%,$34.57B,0,0.00%,$34.57B,$8.59B,24.86%,$34.57B,$5.48B,15.85%,$5.48B,$20.71B,26.27%,$5.48B,$20.71B,26.27%,$5.48B,$159.64B,3.46%,$8.59B,$71.36B,12.36%,$8671,$436,$8235,$0,$5219,$5655,$3016,$0,$3016,$1001,$2015,$2015,$1979,$0,$0,$938,941,$2.11,$2.10,$33767,$0,$0,$141192,$4210,$3892,$0,$10348,$18450,$159642,$71279,$50649,$17002,$67651,$138930,$185,$10280,$-2621,$20712,$159642,$3441,$536,$178,$714,$293,$0,$-697,$-551,$-955,$3200,$-649,$0,$-162,$0,$-179,$-179,$13128,$12138,$2220,$-2520,$-300,$-2839,$-2839,$-601,$-594,$-4334,$11005,$133,$-601
10,2016-03-31,58.92,$21.80,2.7,$34.81,1.69,$22.27,2.65,$5.00,11.78,$140.97B,$73.40B,1.92,$47.31B,$20.73B,2.28,$34.59B,$32.96B,95.27%,$34.59B,$7.81B,22.56%,$34.59B,0,0.00%,$34.59B,0,0.00%,$34.59B,$7.81B,22.56%,$34.59B,$4.94B,14.29%,$4.94B,$20.73B,23.37%,$4.94B,$20.73B,23.37%,$4.94B,$158.82B,3.13%,$7.81B,$68.04B,11.10%,$8513,$425,$8088,$0,$5904,$6329,$2184,$0,$2184,$758,$1426,$1426,$1394,$0,$0,$961,963,$1.45,$1.45,$25045,$0,$0,$140974,$4137,$3839,$0,$9866,$17842,$158816,$73398,$47311,$17380,$64691,$138089,$191,$9949,$-2502,$20727,$158816,$1426,$261,$722,$983,$427,$0,$-296,$-11,$120,$2529,$-302,$0,$-155,$0,$-74,$-74,$4171,$3640,$-1001,$-2217,$-3218,$-1177,$-1177,$-302,$773,$-3924,$2283,$70,$-302
11,2015-12-31,66.44,$21.33,3.11,$34.14,1.95,$21.78,3.05,$5.03,13.21,$143.25B,$74.88B,1.91,$48.06B,$20.67B,2.33,$34.44B,$32.82B,95.29%,$34.44B,$7.94B,23.05%,$34.44B,0,0.00%,$34.44B,0,0.00%,$34.44B,$7.94B,23.05%,$34.44B,$5.06B,14.70%,$5.06B,$20.67B,23.62%,$5.06B,$20.67B,23.62%,$5.06B,$161.18B,3.23%,$7.94B,$68.73B,10.95%,$8791,$400,$8391,$0,$6937,$7337,$1454,$0,$1454,$555,$899,$899,$873,$0,$0,$999,1003,$0.91,$0.91,$22762,$0,$0,$143248,$4108,$3759,$0,$10069,$17936,$161184,$74878,$48061,$17572,$65633,$140511,$194,$9665,$-2534,$20673,$161184,$5163,$1043,$2729,$3772,$-714,$0,$794,$1691,$1771,$10706,$-1341,$0,$-155,$0,$390,$390,$-7087,$-8193,$-9323,$1395,$-7928,$-4382,$-3541,$-1172,$10878,$-1763,$474,$234,$-1172
12,2015-09-30,70.55,$21.66,3.26,$34.40,2.05,$21.76,3.24,$5.53,12.76,$135.13B,$66.85B,2.02,$48.65B,$21.34B,2.28,$35.14B,$33.51B,95.37%,$35.14B,$8.71B,24.79%,$35.14B,0,0.00%,$35.14B,0,0.00%,$35.14B,$8.71B,24.79%,$35.14B,$5.61B,15.98%,$5.61B,$21.34B,26.20%,$5.61B,$21.34B,26.20%,$5.61B,$154.22B,3.59%,$8.71B,$69.99B,11.62%,$8592,$399,$8193,$0,$6255,$6654,$1938,$0,$1938,$672,$1266,$1266,$1234,$0,$0,$994,997,$1.24,$1.24,$19938,$0,$0,$135130,$4032,$3947,$0,$11107,$19086,$154216,$66845,$48653,$17383,$66036,$132881,$197,$10025,$-2374,$21335,$154216,$4264,$780,$1751,$2531,$-203,$0,$-53,$1285,$1029,$7824,$-879,$0,$-122,$0,$269,$269,$-1975,$-2707,$-8935,$-273,$-9208,$-3161,$-2320,$-868,$5171,$-7225,$-2350,$200,$-868
13,2015-06-30,73.97,$21.84,3.39,$34.12,2.17,$22.18,3.33,$5.69,13.0,$137.17B,$65.93B,2.08,$52.74B,$21.89B,2.41,$35.27B,$33.62B,95.32%,$35.27B,$9.02B,25.57%,$35.27B,0,0.00%,$35.27B,0,0.00%,$35.27B,$9.02B,25.57%,$35.27B,$5.85B,16.58%,$5.85B,$21.89B,27.64%,$5.85B,$21.89B,27.64%,$5.85B,$157.15B,3.74%,$9.02B,$74.63B,11.80%,$8698,$414,$8284,$0,$6054,$6468,$2230,$0,$2230,$757,$1473,$1473,$1442,$0,$0,$1009,1013,$1.43,$1.42,$21071,$0,$0,$137170,$4016,$4584,$0,$11382,$19982,$157152,$65933,$52740,$16594,$69334,$135267,$201,$10199,$-2154,$21885,$157152,$2998,$514,$1173,$1687,$-271,$0,$-1381,$1202,$-450,$4235,$-537,$0,$-74,$0,$-221,$-221,$-2098,$-2930,$-4953,$1033,$-3920,$-1828,$-987,$-533,$3017,$-2423,$-1217,$140,$-533
14,2015-03-31,74.07,$21.49,3.45,$34.11,2.17,$22.63,3.27,$5.70,12.99,$135.86B,$61.30B,2.22,$54.71B,$21.83B,2.51,$35.64B,$33.97B,95.29%,$35.64B,$9.10B,25.53%,$35.64B,0,0.00%,$35.64B,0,0.00%,$35.64B,$9.10B,25.53%,$35.64B,$5.92B,16.61%,$5.92B,$21.83B,28.56%,$5.92B,$21.83B,28.56%,$5.92B,$154.68B,3.82%,$9.10B,$76.54B,11.89%,$8360,$410,$7950,$0,$5634,$6044,$2316,$0,$2316,$791,$1525,$1525,$1514,$0,$0,$1019,1023,$1.49,$1.48,$23572,$0,$0,$135856,$3940,$4417,$0,$10471,$18828,$154684,$61296,$54712,$16846,$71558,$132854,$204,$10107,$-2151,$21830,$154684,$1525,$251,$710,$961,$175,$0,$-1230,$695,$-360,$2126,$-256,$0,$-59,$0,$-8,$-8,$3144,$2821,$-3100,$-1062,$-4162,$-737,$104,$-268,$784,$-3542,$1284,$71,$-268
15,2014-12-31,87.67,$20.21,4.34,$34.00,2.58,$23.67,3.7,$5.55,15.8,$139.39B,$62.62B,2.23,$57.96B,$20.67B,2.8,$35.90B,$34.19B,95.24%,$35.90B,$8.99B,25.05%,$35.90B,0,0.00%,$35.90B,0,0.00%,$35.90B,$8.99B,25.05%,$35.90B,$5.84B,16.27%,$5.84B,$20.67B,28.81%,$5.84B,$20.67B,28.81%,$5.84B,$159.10B,3.79%,$8.99B,$78.63B,11.84%,$9486,$405,$9081,$0,$6856,$7261,$2225,$0,$2225,$778,$1447,$1447,$1424,$0,$0,$1045,1051,$1.39,$1.40,$22288,$0,$0,$139392,$3938,$4431,$0,$11342,$19711,$159103,$62624,$57955,$17851,$75806,$138430,$205,$9513,$-1919,$20673,$159103,$5885,$1012,$1393,$2405,$-56,$0,$2594,$162,$2700,$10990,$-1195,$0,$-229,$0,$1462,$1462,$-8005,$-7967,$3252,$-1374,$1878,$-4027,$-3285,$-1041,$2459,$11,$2802,$290,$-1041
16,2014-09-30,82.24,$19.53,4.21,$33.16,2.48,$21.28,3.87,$5.37,15.31,$134.35B,$61.13B,2.2,$55.71B,$20.22B,2.76,$35.32B,$33.55B,95.00%,$35.32B,$8.75B,24.77%,$35.32B,0,0.00%,$35.32B,0,0.00%,$35.32B,$8.75B,24.77%,$35.32B,$5.71B,16.17%,$5.71B,$20.22B,28.60%,$5.71B,$20.22B,28.60%,$5.71B,$153.86B,3.74%,$8.75B,$75.93B,11.67%,$8723,$420,$8303,$0,$6057,$6477,$2246,$0,$2246,$769,$1477,$1477,$1466,$0,$0,$1041,1047,$1.41,$1.40,$21264,$0,$0,$134346,$3921,$4750,$0,$10845,$19516,$153862,$61134,$55712,$16800,$72512,$133646,$207,$9335,$-1542,$20216,$153862,$4438,$764,$1175,$1939,$275,$0,$1793,$141,$2209,$8586,$-854,$0,$-130,$0,$263,$263,$-2259,$-2980,$670,$-1595,$-925,$-2954,$-2954,$-770,$917,$-3732,$1778,$210,$-770
17,2014-06-30,88.88,$19.32,4.6,$32.95,2.7,$20.89,4.25,$5.22,17.03,$132.95B,$60.94B,2.18,$54.84B,$20.21B,2.71,$35.38B,$33.55B,94.83%,$35.38B,$8.50B,24.04%,$35.38B,0,0.00%,$35.38B,0,0.00%,$35.38B,$8.50B,24.04%,$35.38B,$5.60B,15.83%,$5.60B,$20.21B,28.39%,$5.60B,$20.21B,28.39%,$5.60B,$152.38B,3.69%,$8.50B,$75.05B,11.50%,$9074,$443,$8631,$0,$6319,$6762,$2312,$0,$2312,$783,$1529,$1529,$1517,$0,$0,$1052,1058,$1.44,$1.43,$18430,$0,$0,$132947,$3870,$4855,$0,$10712,$19437,$152384,$60935,$54836,$16400,$71236,$132171,$210,$9127,$-1371,$20213,$152384,$2961,$515,$741,$1256,$-701,$0,$1142,$227,$668,$4885,$-546,$0,$-109,$0,$162,$162,$-1083,$-1576,$-706,$-1654,$-2360,$-1898,$-1898,$-489,$371,$-4376,$-1056,$164,$-489
18,2014-03-31,84.13,$18.86,4.46,$32.34,2.6,$25.68,3.28,$5.06,16.63,$131.59B,$61.18B,2.15,$54.10B,$19.98B,2.71,$35.04B,$33.16B,94.64%,$35.04B,$8.19B,23.36%,$35.04B,0,0.00%,$35.04B,0,0.00%,$35.04B,$8.19B,23.36%,$35.04B,$5.48B,15.63%,$5.48B,$19.98B,28.18%,$5.48B,$19.98B,28.18%,$5.48B,$151.50B,3.61%,$8.19B,$74.07B,11.20%,$8612,$439,$8173,$0,$5965,$6404,$2208,$0,$2208,$776,$1432,$1432,$1432,$0,$0,$1060,1067,$1.34,$1.33,$20740,$0,$0,$131590,$3893,$4761,$0,$11253,$19907,$151497,$61179,$54095,$16246,$70341,$131520,$212,$8822,$-1394,$19977,$151497,$1432,$249,$617,$866,$297,$0,$607,$83,$987,$3285,$-226,$0,$-6,$0,$327,$327,$1462,$1557,$-1260,$-2245,$-3505,$-728,$-728,$-246,$918,$-3561,$1254,$88,$-246
19,2013-12-31,84.57,$18.32,4.62,$31.86,2.65,$29.46,2.87,$4.88,17.33,$133.26B,$61.64B,2.16,$55.33B,$19.50B,2.84,$34.83B,$32.87B,94.38%,$34.83B,$7.89B,22.65%,$34.83B,0,0.00%,$34.83B,0,0.00%,$34.83B,$7.89B,22.65%,$34.83B,$5.31B,15.25%,$5.31B,$19.50B,27.58%,$5.31B,$19.50B,27.58%,$5.31B,$153.38B,3.47%,$7.89B,$74.83B,10.73%,$8906,$463,$8443,$0,$6463,$6926,$1980,$0,$1980,$672,$1308,$1308,$1297,$0,$0,$1082,1089,$1.22,$1.21,$19486,$0,$0,$133256,$3875,$5016,$0,$11228,$20119,$153375,$61639,$55330,$16910,$72240,$133879,$213,$8507,$-1426,$19496,$153375,$5359,$1020,$2177,$3197,$-73,$0,$88,$-24,$-9,$8547,$-1006,$0,$-195,$0,$161,$161,$-6229,$-7269,$-2768,$1843,$-925,$-3222,$-3222,$-939,$1195,$-3891,$-2764,$350,$-939
20,2013-09-30,70.18,$17.94,3.91,$31.30,2.24,$27.82,2.52,$4.23,16.59,$131.00B,$61.18B,2.14,$52.53B,$19.22B,2.73,$34.61B,$32.57B,94.11%,$34.61B,$5.50B,15.89%,$34.61B,0,0.00%,$34.61B,0,0.00%,$34.61B,$6.84B,19.76%,$34.61B,$4.63B,13.38%,$4.63B,$19.22B,24.24%,$4.63B,$19.22B,24.24%,$4.63B,$150.10B,3.03%,$5.50B,$71.75B,7.41%,$8785,$484,$8301,$0,$6297,$6781,$2004,$0,$2004,$638,$1366,$1366,$1354,$0,$0,$1074,1081,$1.26,$1.25,$22286,$0,$0,$130998,$3746,$5137,$0,$10222,$19105,$150103,$61183,$52529,$17175,$69704,$130887,$215,$8147,$-1339,$19216,$150103,$4051,$763,$1517,$2280,$-38,$0,$981,$929,$1872,$8203,$-635,$0,$-170,$0,$158,$158,$-820,$-1467,$-5605,$51,$-5554,$-2648,$-2648,$-693,$2303,$-6592,$36,$275,$-693
21,2013-06-30,69.26,$17.56,3.94,$30.61,2.26,$29.52,2.35,$4.07,17.02,$132.31B,$61.91B,2.14,$52.68B,$19.03B,2.77,$34.24B,$32.13B,93.83%,$34.24B,$5.37B,15.67%,$34.24B,0,0.00%,$34.24B,0,0.00%,$34.24B,$6.70B,19.58%,$34.24B,$4.53B,13.22%,$4.53B,$19.03B,23.61%,$4.53B,$19.03B,23.61%,$4.53B,$151.93B,2.95%,$5.37B,$71.71B,7.13%,$8737,$492,$8245,$0,$6250,$6742,$1995,$0,$1995,$590,$1405,$1405,$1392,$0,$0,$1090,1097,$1.28,$1.27,$23129,$0,$0,$132308,$3716,$5262,$0,$10647,$19625,$151933,$61914,$52675,$18310,$70985,$132899,$217,$7883,$-1308,$19034,$151933,$2685,$497,$1086,$1583,$190,$0,$5247,$524,$5961,$10229,$-475,$0,$-191,$0,$126,$126,$-1390,$-1930,$-5318,$-219,$-5537,$-1641,$-1641,$-443,$347,$-7274,$879,$197,$-443
22,2013-03-31,62.31,$17.57,3.55,$30.04,2.07,$26.05,2.39,$3.95,15.77,$135.53B,$63.12B,2.15,$56.37B,$19.29B,2.92,$34.02B,$31.85B,93.62%,$34.02B,$5.25B,15.43%,$34.02B,0,0.00%,$34.02B,0,0.00%,$34.02B,$6.59B,19.36%,$34.02B,$4.46B,13.11%,$4.46B,$19.29B,23.19%,$4.46B,$19.29B,23.19%,$4.46B,$156.86B,2.92%,$5.25B,$75.66B,6.90%,$8400,$519,$7881,$0,$5972,$6491,$1909,$0,$1909,$629,$1280,$1280,$1269,$0,$0,$1099,1106,$1.15,$1.15,$27964,$0,$0,$135528,$3713,$5793,$0,$11821,$21327,$156855,$63122,$56366,$18077,$74443,$137565,$220,$7830,$-980,$19290,$156855,$1280,$245,$595,$840,$486,$0,$4946,$-5,$5427,$7547,$-204,$0,$-11,$0,$-205,$-205,$452,$32,$-2403,$166,$-2237,$-512,$-512,$-222,$1141,$-1830,$5714,$96,$-222
23,2012-12-31,52.91,$17.09,3.1,$29.44,1.8,$22.12,2.39,$3.87,13.67,$132.47B,$57.72B,2.3,$58.97B,$18.89B,3.12,$33.78B,$31.56B,93.41%,$33.78B,$5.11B,15.14%,$33.78B,0,0.00%,$33.78B,0,0.00%,$33.78B,$6.45B,19.10%,$33.78B,$4.43B,13.12%,$4.43B,$18.89B,22.87%,$4.43B,$18.89B,22.87%,$4.43B,$153.14B,2.93%,$5.11B,$77.86B,6.69%,$8685,$544,$8141,$0,$8549,$9093,$-408,$0,$929,$292,$637,$637,$616,$0,$0,$1135,1141,$0.58,$0.58,$22250,$0,$0,$132473,$3635,$5614,$0,$11418,$20667,$153140,$57724,$58973,$17557,$76530,$134254,$221,$7525,$-927,$18886,$153140,$4482,$991,$2505,$3496,$153,$0,$-358,$-691,$-896,$7082,$-1053,$0,$-466,$0,$1614,$1614,$-6640,$-6545,$-142,$-1015,$-1157,$-3509,$-3509,$-902,$2300,$-3268,$-2643,$297,$-902
24,2012-09-30,52.16,$17.36,3.0,$28.85,1.81,$24.08,2.17,$4.32,12.07,$131.12B,$58.77B,2.23,$56.27B,$19.48B,2.89,$33.41B,$31.16B,93.25%,$33.41B,$6.05B,18.11%,$33.41B,0,0.00%,$33.41B,0,0.00%,$33.41B,$7.27B,21.76%,$33.41B,$4.97B,14.86%,$4.97B,$19.48B,25.65%,$4.97B,$19.48B,25.65%,$4.97B,$152.87B,3.28%,$6.05B,$75.75B,7.91%,$8420,$558,$7862,$0,$5992,$6550,$1870,$0,$1870,$620,$1250,$1250,$1250,$0,$0,$1126,1132,$1.10,$1.09,$25143,$0,$0,$131116,$3553,$6060,$0,$12144,$21757,$152873,$58769,$56271,$18355,$74626,$133395,$224,$7923,$-835,$19478,$152873,$3845,$751,$1663,$2414,$323,$0,$3595,$437,$4355,$10614,$-765,$0,$-456,$0,$1201,$1201,$-2966,$-2986,$-3586,$-346,$-3932,$-2560,$-2560,$-675,$-316,$-7483,$250,$232,$-675
25,2012-06-30,53.22,$16.92,3.15,$28.31,1.88,$20.03,2.66,$4.26,12.49,$125.90B,$55.79B,2.26,$55.95B,$19.27B,2.9,$33.14B,$30.87B,93.14%,$33.14B,$5.89B,17.78%,$33.14B,0,0.00%,$33.14B,0,0.00%,$33.14B,$7.11B,21.46%,$33.14B,$4.94B,14.89%,$4.94B,$19.27B,25.96%,$4.94B,$19.27B,25.96%,$4.94B,$148.13B,3.28%,$5.89B,$75.22B,7.60%,$8515,$550,$7965,$0,$6086,$6636,$1879,$0,$1879,$540,$1339,$1339,$1325,$0,$0,$1145,1152,$1.16,$1.15,$22072,$0,$0,$125901,$3442,$6326,$0,$12459,$22227,$148128,$55789,$55953,$17119,$73072,$128861,$228,$7717,$-951,$19267,$148128,$2595,$507,$1256,$1763,$862,$0,$1228,$294,$2384,$6742,$-496,$0,$-457,$0,$882,$882,$-1700,$-1771,$-3509,$-748,$-4257,$-1580,$-1580,$-446,$-1503,$-7786,$-2821,$164,$-446
26,2012-03-31,52.72,$17.07,3.09,$27.77,1.9,$17.46,3.02,$4.21,12.52,$129.87B,$58.08B,2.24,$56.84B,$19.91B,2.86,$32.82B,$30.52B,92.99%,$32.82B,$5.78B,17.61%,$32.82B,0,0.00%,$32.82B,0,0.00%,$32.82B,$7.00B,21.32%,$32.82B,$4.94B,15.06%,$4.94B,$19.91B,26.36%,$4.94B,$19.91B,26.36%,$4.94B,$151.78B,3.29%,$5.78B,$76.75B,7.35%,$8161,$574,$7587,$0,$5814,$6388,$1773,$0,$1773,$517,$1256,$1256,$1242,$0,$0,$1160,1166,$1.07,$1.07,$27082,$0,$0,$129874,$3451,$6679,$0,$11780,$21910,$151784,$58082,$56844,$16951,$73795,$131877,$233,$8015,$-777,$19907,$151784,$1256,$254,$552,$806,$807,$0,$502,$61,$1370,$3432,$-266,$0,$-2,$0,$568,$568,$1648,$1948,$-2892,$-540,$-3432,$60,$60,$-211,$267,$-3316,$2189,$92,$-211
27,2011-12-31,42.82,$16.15,2.65,$27.13,1.58,$14.98,2.86,$4.11,10.42,$130.17B,$57.82B,2.25,$59.57B,$18.79B,3.17,$32.28B,$29.96B,92.81%,$32.28B,$5.74B,17.77%,$32.28B,0,0.00%,$32.28B,0,0.00%,$32.28B,$6.96B,21.55%,$32.28B,$4.88B,15.11%,$4.88B,$18.79B,26.88%,$4.88B,$18.79B,26.88%,$4.88B,$153.34B,3.29%,$5.74B,$78.36B,7.26%,$8317,$575,$7742,$0,$7212,$7787,$530,$0,$1748,$556,$1192,$1192,$1149,$0,$0,$1178,1184,$1.01,$1.02,$24893,$0,$0,$130168,$3367,$7147,$0,$12655,$23169,$153337,$57816,$59570,$17157,$76727,$134543,$232,$7221,$-876,$18794,$153337,$4935,$918,$2195,$3113,$663,$0,$2186,$-1129,$1720,$9768,$-1189,$0,$-610,$0,$6092,$6092,$-4784,$-491,$-7047,$705,$-6342,$-1706,$-1706,$-861,$8232,$-677,$8537,$301,$-861
28,2011-09-30,40.59,$15.48,2.62,$26.68,1.52,$14.31,2.84,$3.98,10.2,$124.26B,$52.43B,2.37,$61.77B,$18.10B,3.41,$31.81B,$29.46B,92.61%,$31.81B,$6.69B,21.01%,$31.81B,0,0.00%,$31.81B,0,0.00%,$31.81B,$6.69B,21.01%,$31.81B,$4.75B,14.94%,$4.75B,$18.10B,27.15%,$4.75B,$18.10B,27.15%,$4.75B,$148.69B,3.24%,$6.69B,$79.87B,8.35%,$8146,$575,$7571,$0,$5860,$6435,$1711,$0,$1711,$476,$1235,$1235,$1220,$0,$0,$1175,1181,$1.04,$1.03,$24945,$0,$0,$124260,$3187,$9269,$0,$11977,$24433,$148693,$52431,$61767,$16395,$78162,$130593,$233,$6520,$-803,$18100,$148693,$3743,$733,$1939,$2672,$46,$0,$732,$-819,$-41,$6374,$-885,$0,$-610,$0,$4754,$4754,$1687,$4946,$-4802,$738,$-4064,$-1443,$-1443,$-646,$3455,$-2698,$8589,$227,$-646
29,2011-06-30,46.73,$15.26,3.06,$26.10,1.79,$15.20,3.07,$3.85,12.14,$123.03B,$52.16B,2.36,$61.40B,$18.21B,3.37,$31.25B,$28.87B,92.37%,$31.25B,$6.61B,21.16%,$31.25B,0,0.00%,$31.25B,0,0.00%,$31.25B,$6.61B,21.16%,$31.25B,$4.61B,14.76%,$4.61B,$18.21B,27.19%,$4.61B,$18.21B,27.19%,$4.61B,$147.80B,3.16%,$6.61B,$79.60B,8.14%,$8195,$577,$7618,$0,$5853,$6430,$1765,$0,$1765,$470,$1295,$1295,$1331,$0,$0,$1190,1197,$1.11,$1.10,$23082,$0,$0,$123031,$3062,$9429,$0,$12274,$24765,$147796,$52157,$61395,$16039,$77434,$129591,$238,$6437,$-751,$18205,$147796,$2508,$505,$954,$1459,$-86,$0,$1113,$-1018,$9,$3976,$-558,$0,$-582,$0,$4740,$4740,$1907,$5507,$-5269,$617,$-4652,$-320,$-320,$-433,$2545,$-2860,$6726,$156,$-433
30,2011-03-31,40.56,$14.54,2.79,$25.45,1.59,$15.79,2.57,$3.59,11.3,$118.05B,$50.52B,2.34,$60.73B,$17.48B,3.47,$30.47B,$28.05B,92.06%,$30.47B,$6.44B,21.15%,$30.47B,0,0.00%,$30.47B,0,0.00%,$30.47B,$6.44B,21.15%,$30.47B,$4.30B,14.11%,$4.30B,$17.48B,26.80%,$4.30B,$17.48B,26.80%,$4.30B,$143.98B,2.96%,$6.44B,$78.21B,7.82%,$7624,$593,$7031,$0,$5299,$5892,$1732,$0,$1732,$555,$1177,$1177,$1177,$0,$0,$1192,1198,$0.98,$0.97,$22027,$0,$0,$118045,$2987,$10502,$0,$12445,$25934,$143979,$50523,$60730,$15244,$75974,$126497,$240,$5902,$-849,$17482,$143979,$1177,$227,$44,$271,$29,$0,$-371,$-569,$-911,$537,$-255,$0,$-577,$0,$3521,$3521,$5974,$8663,$-5731,$92,$-5639,$229,$229,$-217,$2011,$-3616,$5671,$76,$-217
31,2010-12-31,38.36,$13.56,2.83,$25.10,1.53,$17.33,2.21,$3.35,11.45,$114.41B,$48.45B,2.36,$66.42B,$16.23B,4.09,$30.01B,$27.58B,91.92%,$30.01B,$5.96B,19.88%,$30.01B,0,0.00%,$30.01B,0,0.00%,$30.01B,$5.96B,19.88%,$30.01B,$4.01B,13.35%,$4.01B,$16.23B,26.67%,$4.01B,$16.23B,26.67%,$4.01B,$146.69B,2.76%,$5.96B,$82.65B,7.08%,$7849,$605,$7244,$0,$5767,$6372,$1477,$0,$1477,$415,$1062,$1062,$1024,$0,$0,$1188,1195,$0.88,$0.88,$16356,$0,$0,$114406,$2905,$14010,$0,$15368,$32283,$146689,$48450,$66416,$15593,$82009,$130459,$238,$4972,$-917,$16230,$146689,$4057,$917,$3629,$4546,$-498,$0,$1531,$-907,$126,$8729,$-878,$0,$-400,$0,$6458,$6458,$-6409,$-1229,$-11752,$1262,$-10490,$73,$73,$-867,$3406,$-7878,$-243,$287,$-867
32,2010-09-30,37.39,$13.22,2.83,$24.39,1.53,$15.56,2.4,$3.07,12.18,$112.66B,$46.20B,2.44,$68.83B,$15.92B,4.32,$29.02B,$26.64B,91.80%,$29.02B,$5.45B,18.77%,$29.02B,0,0.00%,$29.02B,0,0.00%,$29.02B,$5.45B,18.77%,$29.02B,$4.01B,13.81%,$4.01B,$15.92B,27.52%,$4.01B,$15.92B,27.52%,$4.01B,$146.06B,2.87%,$5.45B,$84.75B,6.79%,$7583,$610,$6973,$0,$5333,$5943,$1640,$0,$1640,$547,$1093,$1093,$1080,$0,$0,$1193,1199,$0.91,$0.90,$21341,$0,$0,$112655,$2799,$17170,$0,$13432,$33401,$146056,$46204,$68828,$15104,$83932,$130136,$240,$4582,$-617,$15920,$146056,$2995,$689,$2888,$3577,$-232,$0,$1843,$-956,$655,$7227,$-586,$0,$-254,$0,$3703,$3703,$2435,$5298,$-9391,$-274,$-9665,$375,$375,$-650,$2055,$-7885,$4742,$185,$-650
33,2010-06-30,35.31,$12.07,2.92,$23.62,1.5,$13.80,2.56,$2.70,13.08,$110.55B,$45.88B,2.41,$69.35B,$14.51B,4.78,$28.00B,$25.68B,91.74%,$28.00B,$4.73B,16.88%,$28.00B,0,0.00%,$28.00B,0,0.00%,$28.00B,$4.73B,16.88%,$28.00B,$3.57B,12.75%,$3.57B,$14.51B,25.36%,$3.57B,$14.51B,25.36%,$3.57B,$143.76B,2.68%,$4.73B,$83.86B,6.24%,$7415,$610,$6805,$0,$5210,$5820,$1595,$0,$1595,$578,$1017,$1017,$1017,$0,$0,$1190,1197,$0.84,$0.84,$20687,$0,$0,$110548,$2714,$17328,$0,$13173,$33215,$143763,$45875,$69345,$14030,$83375,$129250,$239,$3724,$-1036,$14513,$143763,$1902,$441,$2425,$2866,$202,$0,$-81,$-439,$-318,$4450,$-322,$0,$-254,$0,$3367,$3367,$2694,$5485,$-8065,$298,$-7767,$295,$295,$-433,$2068,$-5837,$4088,$131,$-433
34,2010-03-31,36.53,$11.22,3.26,$23.12,1.58,$12.32,2.96,$1.95,18.74,$109.74B,$44.78B,2.45,$72.29B,$13.43B,5.39,$27.22B,$24.97B,91.73%,$27.22B,$3.55B,13.04%,$27.22B,0,0.00%,$27.22B,0,0.00%,$27.22B,$3.55B,13.04%,$27.22B,$2.65B,9.75%,$2.65B,$13.43B,19.23%,$2.65B,$13.43B,19.23%,$2.65B,$143.31B,2.10%,$3.55B,$85.72B,4.96%,$7158,$598,$6560,$0,$5308,$5906,$1252,$0,$1252,$367,$885,$885,$885,$0,$0,$1185,1191,$0.74,$0.73,$21098,$0,$0,$109743,$2731,$18341,$0,$12499,$33571,$143314,$44775,$72293,$12821,$85114,$129889,$238,$2925,$-1040,$13425,$143314,$885,$221,$1156,$1377,$278,$0,$202,$-480,$0,$2262,$-147,$0,$-254,$0,$2344,$2344,$5737,$7680,$-5010,$-379,$-5389,$121,$121,$-216,$1823,$-3661,$6309,$64,$-216
35,2009-12-31,35.57,$12.09,2.94,$22.72,1.57,$11.34,3.14,$1.53,23.25,$84.81B,$43.67B,1.94,$52.34B,$14.41B,3.63,$26.54B,$24.34B,91.69%,$26.54B,$2.84B,10.70%,$26.54B,0,0.00%,$26.54B,0,0.00%,$26.54B,$2.84B,10.70%,$26.54B,$2.13B,8.02%,$2.13B,$14.41B,14.80%,$2.13B,$14.41B,14.80%,$2.13B,$125.15B,1.76%,$2.84B,$66.74B,4.15%,$6864,$562,$6302,$0,$5341,$5903,$961,$0,$961,$251,$710,$710,$1027,$0,$0,$1168,1171,$0.60,$0.61,$16599,$0,$0,$84813,$2782,$24337,$0,$13213,$40332,$125145,$43671,$52338,$14730,$67068,$110739,$237,$3737,$-712,$14406,$125145,$2130,$1070,$3888,$4958,$-730,$0,$-98,$77,$-751,$6337,$-722,$0,$0,$0,$-10445,$-10445,$4415,$-6752,$-8500,$-6574,$-15074,$274,$274,$-924,$11077,$-4647,$-5055,$230,$-924
36,2009-09-30,29.76,$11.73,2.54,$23.18,1.28,$12.45,2.39,$1.08,27.56,$82.07B,$40.59B,2.02,$52.85B,$13.94B,3.79,$26.98B,$24.54B,90.95%,$26.98B,$2.15B,7.96%,$26.98B,0,0.00%,$26.98B,0,0.00%,$26.98B,$2.15B,7.96%,$26.98B,$1.34B,4.96%,$1.34B,$13.94B,9.73%,$1.34B,$13.94B,9.73%,$1.34B,$120.45B,1.10%,$2.15B,$66.79B,3.08%,$6559,$543,$6016,$0,$5098,$5641,$918,$0,$918,$276,$642,$642,$640,$0,$0,$1178,1181,$0.54,$0.53,$18648,$0,$0,$82070,$2759,$23798,$0,$11818,$38375,$120445,$40591,$52850,$13061,$65911,$106502,$237,$3247,$-556,$13943,$120445,$1414,$777,$3074,$3851,$1028,$0,$-987,$-394,$-353,$4912,$-452,$0,$0,$0,$-7105,$-7105,$7273,$-284,$-7939,$-6724,$-14663,$191,$191,$-709,$8585,$-6596,$-1964,$158,$-709
37,2009-06-30,20.29,$11.29,1.8,$24.57,0.83,$15.69,1.29,$1.25,16.24,$80.04B,$36.58B,2.19,$53.52B,$13.42B,3.99,$28.47B,$25.69B,90.23%,$28.47B,$2.31B,8.11%,$28.47B,0,0.00%,$28.47B,0,0.00%,$28.47B,$2.31B,8.11%,$28.47B,$1.51B,5.31%,$1.51B,$13.42B,11.29%,$1.51B,$13.42B,11.29%,$1.51B,$117.04B,1.23%,$2.31B,$66.94B,3.27%,$6639,$547,$6092,$0,$5674,$6221,$418,$0,$418,$76,$342,$342,$102,$0,$0,$1162,1165,$0.09,$0.09,$15615,$0,$0,$80043,$2763,$22319,$0,$11910,$36992,$117035,$36580,$53516,$13519,$67035,$103615,$239,$2931,$-905,$13420,$117035,$774,$568,$1967,$2535,$422,$0,$-1351,$221,$-708,$2601,$-298,$0,$0,$0,$-5757,$-5757,$6865,$810,$-6702,$-6719,$-13421,$-2858,$531,$-494,$4747,$-8637,$-5206,$121,$-494
38,2009-03-31,11.67,$13.51,0.86,$26.06,0.45,$20.23,0.58,$1.72,6.78,$87.46B,$34.96B,2.5,$57.62B,$12.61B,4.57,$30.19B,$27.05B,89.60%,$30.19B,$2.66B,8.82%,$30.19B,0,0.00%,$30.19B,0,0.00%,$30.19B,$2.66B,8.82%,$30.19B,$2.06B,6.82%,$2.06B,$15.78B,15.72%,$2.06B,$15.78B,15.72%,$2.06B,$121.18B,1.61%,$2.66B,$73.40B,3.74%,$6481,$555,$5926,$0,$5382,$5937,$544,$0,$544,$101,$443,$443,$361,$0,$0,$1156,1156,$0.31,$0.31,$20797,$0,$0,$87455,$2854,$18204,$0,$12670,$33728,$121183,$34955,$57620,$12809,$70448,$105403,$235,$3044,$-1253,$15780,$121183,$437,$192,$1488,$1680,$1466,$0,$-2304,$-285,$-1123,$994,$-79,$0,$0,$0,$3345,$3345,$-1468,$1798,$-2271,$-6041,$-8312,$0,$3389,$-226,$2644,$-2505,$260,$53,$-226
39,2008-12-31,15.73,$10.21,1.54,$27.51,0.57,$23.17,0.68,$2.26,6.96,$97.78B,$39.34B,2.49,$60.04B,$11.84B,5.07,$31.92B,$28.37B,88.86%,$31.92B,$3.58B,11.22%,$31.92B,0,0.00%,$31.92B,0,0.00%,$31.92B,$3.58B,11.22%,$31.92B,$2.68B,8.41%,$2.68B,$11.84B,22.30%,$2.68B,$11.84B,22.30%,$2.68B,$126.07B,2.04%,$3.58B,$71.88B,5.14%,$7303,$797,$6506,$0,$6238,$7035,$268,$0,$268,$-38,$306,$306,$234,$0,$0,$1154,1156,$0.22,$0.21,$20547,$0,$0,$97777,$2948,$12526,$0,$12823,$28297,$126074,$39340,$60041,$14592,$74893,$114233,$232,$2719,$-1606,$11841,$126074,$2699,$712,$6797,$7509,$101,$0,$490,$-3026,$-2435,$7773,$-950,$0,$-4589,$0,$-447,$-447,$13547,$7561,$5426,$-8693,$-3267,$-42,$-42,$-836,$-6295,$-10440,$4914,$256,$-836
40,2008-09-30,29.9,$10.79,2.77,$28.21,1.06,$23.25,1.29,$2.82,10.6,$100.33B,$41.91B,2.39,$57.80B,$12.52B,4.62,$32.99B,$29.04B,88.03%,$32.99B,$3.43B,10.39%,$32.99B,0,0.00%,$32.99B,0,0.00%,$32.99B,$4.48B,13.59%,$32.99B,$3.26B,9.87%,$3.26B,$12.52B,27.51%,$3.26B,$12.52B,27.51%,$3.26B,$127.22B,2.37%,$3.43B,$70.32B,5.02%,$8048,$884,$7164,$0,$6086,$6970,$1078,$0,$1078,$217,$861,$861,$815,$0,$0,$1154,1158,$0.70,$0.70,$15556,$0,$0,$100334,$2839,$13277,$0,$10768,$26884,$127218,$41908,$57797,$14374,$72791,$114699,$232,$2694,$-866,$12519,$127218,$2459,$538,$4660,$5198,$298,$0,$1653,$-865,$1086,$8743,$-618,$0,$-4617,$0,$4339,$4339,$3284,$2388,$2984,$-3574,$-590,$-39,$-39,$-627,$-9309,$-10565,$630,$177,$-627
41,2008-06-30,31.64,$10.59,2.99,$27.95,1.13,$22.38,1.41,$3.02,10.48,$110.59B,$48.99B,2.26,$57.04B,$12.27B,4.65,$32.91B,$28.83B,87.62%,$32.91B,$3.86B,11.72%,$32.91B,0,0.00%,$32.91B,0,0.00%,$32.91B,$4.91B,14.92%,$32.91B,$3.51B,10.66%,$3.51B,$12.27B,30.69%,$3.51B,$12.27B,30.69%,$3.51B,$137.33B,2.49%,$3.86B,$69.30B,5.76%,$8358,$903,$7455,$0,$6681,$7584,$774,$0,$774,$114,$660,$660,$650,$0,$0,$1154,1163,$0.56,$0.56,$20091,$0,$0,$110586,$2791,$14680,$0,$9273,$26744,$137330,$48985,$57035,$19041,$76076,$125061,$232,$2094,$-451,$12269,$137330,$1644,$359,$2773,$3132,$581,$0,$2670,$-60,$3191,$7967,$-383,$0,$-4364,$0,$-586,$-586,$4303,$-1030,$1647,$-423,$1224,$-59,$-59,$-418,$-2894,$-2147,$4823,$128,$-418
42,2008-03-31,36.58,$9.94,3.68,$27.31,1.34,$20.01,1.83,$3.34,10.95,$109.03B,$48.91B,2.23,$55.53B,$11.51B,4.82,$32.42B,$28.32B,87.33%,$32.42B,$4.49B,13.85%,$32.42B,0,0.00%,$32.42B,0,0.00%,$32.42B,$5.54B,17.10%,$32.42B,$3.91B,12.07%,$3.91B,$11.51B,35.52%,$3.91B,$11.51B,35.52%,$3.91B,$135.29B,2.79%,$4.49B,$67.05B,6.94%,$8211,$971,$7240,$0,$5779,$6750,$1461,$0,$1461,$417,$1044,$1044,$985,$0,$0,$1153,1163,$0.85,$0.85,$19489,$0,$0,$109030,$2740,$14148,$0,$9370,$26258,$135288,$48914,$55534,$19329,$74863,$123777,$232,$1654,$-661,$11511,$135288,$991,$173,$1228,$1401,$863,$0,$1521,$-241,$2143,$4535,$-191,$0,$-4342,$0,$-167,$-167,$6634,$1934,$-48,$1150,$1102,$-127,$-127,$-210,$-3094,$-2329,$4184,$66,$-210
43,2007-12-31,43.37,$9.52,4.55,$26.30,1.65,$18.05,2.4,$3.36,12.91,$104.21B,$48.10B,2.17,$55.29B,$11.03B,5.01,$31.54B,$27.56B,87.38%,$31.54B,$4.64B,14.71%,$31.54B,0,0.00%,$31.54B,0,0.00%,$31.54B,$5.69B,18.05%,$31.54B,$3.99B,12.64%,$3.99B,$11.03B,37.03%,$3.99B,$11.03B,37.03%,$3.99B,$149.74B,2.89%,$4.64B,$66.31B,7.54%,$8372,$1191,$7181,$0,$7066,$8257,$115,$0,$1169,$300,$869,$869,$805,$0,$0,$1173,1193,$0.70,$0.69,$8878,$0,$0,$104211,$2692,$13214,$0,$29626,$45532,$149743,$48095,$55285,$13807,$90619,$138714,$232,$1075,$-442,$11029,$149743,$4012,$648,$3513,$4161,$-927,$0,$1013,$-248,$-162,$8011,$-883,$0,$-124,$0,$-404,$-404,$-15210,$-16621,$11619,$2682,$14301,$-2720,$-2720,$-712,$4597,$15466,$7022,$276,$-712
44,2007-09-30,49.38,$9.32,5.3,$24.69,2.0,$18.82,2.62,$3.40,14.52,$98.55B,$41.77B,2.36,$54.06B,$10.90B,4.96,$29.86B,$26.34B,88.22%,$29.86B,$4.54B,15.21%,$29.86B,0,0.00%,$29.86B,0,0.00%,$29.86B,$5.60B,18.75%,$29.86B,$4.10B,13.74%,$4.10B,$10.90B,38.58%,$4.10B,$10.90B,38.58%,$4.10B,$140.93B,3.10%,$4.54B,$64.96B,7.80%,$7964,$1008,$6956,$0,$5451,$6459,$1505,$0,$1505,$383,$1122,$1122,$1067,$0,$0,$1170,1192,$0.91,$0.90,$8410,$0,$0,$98545,$2589,$16485,$0,$23308,$42382,$140927,$41766,$54060,$18100,$88263,$130029,$234,$1126,$-561,$10898,$140927,$3181,$482,$2276,$2758,$303,$0,$2414,$-694,$2023,$7962,$-638,$0,$-124,$0,$1347,$1347,$-11563,$-10978,$8618,$2238,$10856,$-2065,$-2065,$-536,$-1939,$6316,$3378,$214,$-536
45,2007-06-30,50.76,$9.00,5.64,$23.71,2.14,$17.82,2.85,$3.29,15.43,$102.32B,$55.21B,1.85,$49.87B,$10.64B,4.69,$28.89B,$25.65B,88.79%,$28.89B,$4.35B,15.05%,$28.89B,0,0.00%,$28.89B,0,0.00%,$28.89B,$5.41B,18.71%,$28.89B,$4.00B,13.86%,$4.00B,$10.64B,37.77%,$4.00B,$10.64B,37.77%,$4.00B,$134.37B,3.14%,$4.35B,$60.51B,7.97%,$7877,$939,$6938,$0,$5529,$6468,$1409,$0,$1409,$369,$1040,$1040,$1057,$0,$0,$1179,1203,$0.90,$0.88,$7371,$0,$0,$102319,$2575,$21417,$0,$8061,$32053,$134372,$55214,$49873,$18650,$68523,$123737,$236,$1024,$-623,$10635,$134372,$2114,$321,$1817,$2138,$194,$0,$722,$133,$1049,$5301,$-302,$0,$10,$0,$-246,$-246,$-8601,$-9139,$4713,$2806,$7519,$-1330,$-1330,$-359,$-2417,$3413,$-401,$132,$-359
46,2007-03-31,46.67,$8.83,5.28,$23.03,2.03,$17.04,2.74,$3.17,14.72,$94.72B,$53.54B,1.77,$43.73B,$10.50B,4.17,$28.30B,$25.26B,89.25%,$28.30B,$4.38B,15.48%,$28.30B,0,0.00%,$28.30B,0,0.00%,$28.30B,$5.44B,19.22%,$28.30B,$3.89B,13.75%,$3.89B,$10.50B,36.85%,$3.89B,$10.50B,36.85%,$3.89B,$126.36B,3.16%,$4.38B,$54.22B,8.58%,$7327,$843,$6484,$0,$4873,$5716,$1611,$0,$1611,$516,$1095,$1095,$1057,$0,$0,$1187,1210,$0.89,$0.87,$7979,$0,$0,$94719,$2502,$21638,$0,$7502,$31642,$126361,$53542,$43729,$18595,$62324,$115866,$238,$959,$-500,$10495,$126361,$1057,$156,$709,$865,$455,$0,$379,$-409,$425,$2347,$-204,$0,$3,$0,$-77,$-77,$640,$362,$-662,$1440,$778,$-687,$-687,$-180,$-2538,$-2627,$98,$54,$-180
47,2006-12-31,50.08,$8.77,5.71,$22.31,2.24,$16.76,2.99,$2.99,16.75,$87.09B,$43.14B,2.02,$42.75B,$10.51B,4.07,$27.69B,$24.83B,89.65%,$27.69B,$4.10B,14.79%,$27.69B,0,0.00%,$27.69B,0,0.00%,$27.69B,$5.15B,18.60%,$27.69B,$3.71B,13.39%,$3.71B,$10.51B,35.02%,$3.71B,$10.51B,35.02%,$3.71B,$128.33B,3.11%,$4.10B,$53.26B,8.55%,$6695,$729,$5966,$0,$5949,$6678,$17,$0,$1074,$231,$843,$843,$922,$0,$0,$1212,1238,$0.77,$0.75,$5306,$0,$0,$87087,$2350,$17954,$0,$20938,$41242,$128329,$43137,$42747,$17989,$74681,$117818,$240,$1153,$-520,$10511,$128329,$3707,$608,$2928,$3536,$-295,$0,$2608,$-444,$1869,$9112,$-754,$0,$779,$0,$-11459,$-11459,$-3878,$-15312,$11544,$0,$11544,$-2890,$-2890,$-661,$-1415,$6578,$642,$275,$-661
