,Date,Stock Price,Book Value per Share,Price to Book Ratio,TTM Sales per Share,Price to Sales Ratio,TTM FCF per Share,Price to FCF Ratio,TTM Net EPS,PE Ratio,Current Assets,Current Liabilities,Current Ratio,Long Term Debt,Shareholder's Equity_x,Debt to Equity Ratio,TTM Revenue_x,TTM Gross Profit,Gross Margin,TTM Revenue_y,TTM Operating Income,Operating Margin,TTM Revenue_x,TTM EBIT,EBIT Margin,TTM Revenue_y,TTM EBITDA,EBITDA Margin,TTM Revenue_x,TTM Pre-Tax Income,Pre-Tax Margin,TTM Revenue_y,TTM Net Income_x,Net Margin,TTM Net Income_y,Shareholder's Equity_y,Return on Equity,TTM Net Income_x,Tangible Equity,Return on Tangible Equity,TTM Net Income_y,Total Assets,Return on Assets,TTM Net Income,LT Investments & Debt,Return on Investment,revenue,cost-goods-sold,gross-profit,research-development-expenses,selling-general-administrative-expenses,operating-expenses,operating-income,total-non-operating-income-expense,pre-tax-income,total-provision-income-taxes,income-after-taxes,income-from-continuous-operations,net-income,ebitda,ebit,basic-shares-outstanding,shares-outstanding,eps-basic-net-earnings-per-share,eps-earnings-per-share-diluted,cash-on-hand,inventory,other-current-assets,total-current-assets,net-property-plant-equipment,long-term-investments,goodwill-intangible-assets-total,other-long-term-assets,total-long-term-assets,total-assets,total-current-liabilities,long-term-debt,other-non-current-liabilities,total-long-term-liabilities,total-liabilities,common-stock-net,retained-earnings-accumulated-deficit,comprehensive-income,total-share-holder-equity,total-liabilities-share-holders-equity,net-income-loss,total-depreciation-amortization-cash-flow,other-non-cash-items,total-non-cash-items,change-in-accounts-receivable,change-in-inventories,change-in-accounts-payable,change-in-assets-liabilities,total-change-in-assets-liabilities,cash-flow-from-operating-activities,net-change-in-property-plant-equipment,net-change-in-intangible-assets,net-acquisitions-divestitures,net-change-in-short-term-investments,net-change-in-long-term-investments,net-change-in-investments-total,investing-activities-other,cash-flow-from-investing-activities,net-long-term-debt,net-current-debt,debt-issuance-retirement-net-total,net-common-equity-issued-repurchased,net-total-equity-issued-repurchased,total-common-preferred-stock-dividends-paid,financial-activities-other,cash-flow-from-financial-activities,net-cash-flow,stock-based-compensation,common-stock-dividends-paid
0,2018-09-30,57.71,$63.10,0.91,$61.94,0.93,$2.22,25.97,$1.40,41.22,$9.85B,$17.57B,0.56,$1.60B,$4.50B,0.36,$5.20B,$1.26B,24.14%,$5.20B,$0.41B,7.84%,$5.20B,$0.41B,7.84%,$5.20B,$0.68B,13.15%,$5.20B,$0.23B,4.34%,$5.20B,$0.16B,3.09%,$0.16B,$5.27B,3.05%,$0.16B,$4.92B,3.27%,$0.16B,$24.84B,0.65%,$0.41B,$6.87B,5.98%,$1329,$1043,$286,$0,$155,$1239,$90,$-42,$49,$-4,$52,$54,$43,$145,$90,$84,84,$0.52,$0.52,$1752,$0,$0,$9845,$0,$13638,$350,$327,$14998,$24843,$17570,$1598,$403,$2001,$19571,$2,$6145,$-162,$5272,$24843,$231,$203,$231,$434,$1,$0,$321,$-857,$-534,$131,$-17,$0,$0,$-6884,$7310,$426,$0,$409,$0,$0,$0,$0,$0,$-133,$-9,$-141,$389,$26,$-101
1,2018-06-30,55.62,$62.87,0.88,$59.63,0.93,$4.30,12.93,$-4.21,0.0,$9.86B,$17.83B,0.55,$1.56B,$4.48B,0.35,$5.00B,$0.66B,13.29%,$5.00B,$-0.11B,-2.26%,$5.00B,$-0.11B,-2.26%,$5.00B,$0.13B,2.52%,$5.00B,$-0.31B,-6.10%,$5.00B,$-0.35B,-7.00%,$-0.35B,$5.25B,-6.57%,$-0.35B,$4.90B,-6.95%,$-0.35B,$25.02B,-1.45%,$-0.11B,$6.82B,-1.67%,$1254,$939,$316,$0,$165,$1161,$93,$8,$101,$1,$100,$104,$93,$163,$93,$84,84,$1.11,$1.11,$1527,$0,$0,$9863,$0,$13713,$353,$381,$15156,$25018,$17829,$1563,$373,$1936,$19765,$2,$6136,$-163,$5253,$25018,$177,$149,$156,$305,$-2,$0,$631,$-1152,$-524,$-42,$-13,$0,$0,$-5078,$5405,$327,$0,$314,$0,$0,$0,$0,$0,$-89,$-9,$-98,$163,$12,$-68
2,2018-03-31,57.17,$63.03,0.91,$57.72,0.99,$6.58,8.69,$-4.31,0.0,$9.76B,$17.95B,0.54,$1.52B,$4.49B,0.34,$4.84B,$0.64B,13.19%,$4.84B,$-0.06B,-1.30%,$4.84B,$-0.06B,-1.30%,$4.84B,$0.12B,2.50%,$4.84B,$-0.31B,-6.44%,$4.84B,$-0.36B,-7.39%,$-0.36B,$5.26B,-6.52%,$-0.36B,$4.91B,-6.80%,$-0.36B,$25.09B,-1.54%,$-0.06B,$6.79B,-0.93%,$1260,$891,$370,$0,$170,$1120,$140,$-68,$72,$-1,$73,$73,$63,$218,$140,$83,84,$0.75,$0.75,$1645,$0,$0,$9756,$0,$13796,$356,$458,$15331,$25087,$17946,$1521,$356,$1877,$19823,$2,$6076,$-85,$5264,$25087,$73,$78,$179,$257,$3,$0,$837,$-1259,$-418,$-88,$0,$0,$0,$-2449,$2868,$418,$0,$418,$0,$0,$0,$0,$0,$-46,$-7,$-53,$281,$-1,$-35
3,2017-12-31,49.57,$64.23,0.77,$54.29,0.91,$7.16,6.92,$-5.00,0.0,$8.61B,$17.54B,0.49,$1.48B,$4.57B,0.32,$4.59B,$0.48B,10.47%,$4.59B,$-0.15B,-3.31%,$4.59B,$-0.15B,-3.31%,$4.59B,$-0.03B,-0.59%,$4.59B,$-0.37B,-8.01%,$4.59B,$-0.42B,-9.06%,$-0.42B,$5.34B,-7.26%,$-0.42B,$4.98B,-7.46%,$-0.42B,$24.76B,-1.86%,$-0.15B,$6.82B,-2.20%,$1359,$1075,$284,$0,$146,$1273,$85,$-82,$4,$31,$-27,$-27,$-38,$158,$85,$84,84,$-0.40,$-0.40,$1364,$0,$0,$8606,$0,$14796,$360,$525,$16155,$24760,$17538,$1477,$404,$1881,$19419,$2,$5980,$92,$5341,$24760,$-369,$125,$934,$1059,$-4,$0,$-113,$-313,$-430,$259,$-43,$0,$-467,$-8582,$9483,$901,$-213,$178,$279,$0,$279,$-261,$-612,$-188,$-25,$-546,$-91,$13,$-135
4,2017-09-30,55.72,$65.60,0.85,$49.05,1.14,$8.73,6.38,$-3.06,0.0,$7.76B,$14.98B,0.52,$1.12B,$4.68B,0.24,$4.23B,$0.47B,11.08%,$4.23B,$-0.13B,-3.05%,$4.23B,$-0.13B,-3.05%,$4.23B,$-0.06B,-1.30%,$4.23B,$-0.23B,-5.31%,$4.23B,$-0.25B,-5.83%,$-0.25B,$5.46B,-4.14%,$-0.25B,$5.37B,-4.20%,$-0.25B,$21.82B,-1.16%,$-0.13B,$6.57B,-1.83%,$1124,$1430,$-306,$0,$125,$1555,$-431,$-51,$-482,$-26,$-456,$-457,$-468,$-413,$-431,$83,83,$-5.61,$-5.61,$1631,$0,$0,$7762,$0,$13070,$87,$336,$14056,$21818,$14979,$1116,$269,$1385,$16363,$2,$6052,$142,$5455,$21818,$-342,$52,$896,$947,$9,$0,$362,$-664,$-294,$312,$-26,$0,$-73,$-6145,$7092,$947,$0,$848,$0,$0,$0,$-266,$-617,$-145,$-24,$-787,$390,$2,$-103
5,2017-06-30,62.86,$70.82,0.89,$47.32,1.33,$8.02,7.84,$4.51,13.94,$7.06B,$14.26B,0.5,$1.09B,$5.12B,0.21,$4.17B,$1.12B,26.73%,$4.17B,$0.50B,11.96%,$4.17B,$0.50B,11.96%,$4.17B,$0.58B,13.85%,$4.17B,$0.46B,10.91%,$4.17B,$0.40B,9.54%,$0.40B,$5.89B,6.52%,$0.40B,$5.81B,6.61%,$0.40B,$21.50B,1.88%,$0.50B,$6.98B,6.94%,$1101,$810,$291,$0,$148,$958,$143,$-49,$94,$-3,$98,$96,$85,$158,$143,$84,85,$1.01,$1.01,$1015,$0,$0,$7057,$0,$13464,$86,$301,$14443,$21500,$14260,$1089,$258,$1347,$15607,$2,$6552,$84,$5893,$21500,$116,$33,$3,$37,$4,$0,$544,$-552,$-3,$149,$-12,$0,$-79,$-4649,$5098,$448,$0,$357,$0,$0,$0,$-263,$-614,$-103,$-24,$-741,$-226,$-11,$-71
6,2017-03-31,64.79,$73.15,0.89,$45.74,1.42,$6.93,9.34,$4.79,13.53,$7.13B,$13.69B,0.52,$1.08B,$5.10B,0.21,$4.13B,$1.06B,25.69%,$4.13B,$0.45B,10.82%,$4.13B,$0.45B,10.82%,$4.13B,$0.53B,12.91%,$4.13B,$0.50B,11.99%,$4.13B,$0.43B,10.46%,$0.43B,$6.23B,7.06%,$0.43B,$6.15B,7.15%,$0.43B,$21.25B,2.04%,$0.45B,$7.31B,6.19%,$1009,$797,$212,$0,$161,$958,$51,$-34,$16,$-9,$26,$20,$5,$70,$51,$86,87,$0.06,$0.06,$1452,$0,$0,$7129,$0,$13130,$85,$293,$14118,$21247,$13686,$1077,$254,$1331,$15017,$2,$6499,$1,$6230,$21247,$20,$19,$-226,$-207,$6,$0,$568,$-423,$151,$-36,$-4,$0,$0,$-2545,$2991,$446,$0,$442,$0,$0,$0,$-121,$-121,$-53,$-23,$-197,$210,$-25,$-39
7,2016-12-31,62.73,$72.56,0.86,$43.45,1.44,$6.78,9.25,$5.14,12.2,$6.52B,$13.16B,0.5,$1.06B,$5.15B,0.21,$4.01B,$1.05B,26.31%,$4.01B,$0.45B,11.26%,$4.01B,$0.45B,11.26%,$4.01B,$0.54B,13.55%,$4.01B,$0.52B,13.01%,$4.01B,$0.47B,11.61%,$0.47B,$6.27B,7.68%,$0.47B,$6.19B,7.79%,$0.47B,$20.81B,2.21%,$0.45B,$7.33B,6.29%,$1000,$728,$272,$0,$163,$891,$108,$39,$147,$-1,$149,$149,$131,$130,$108,$91,92,$1.45,$1.42,$1242,$0,$0,$6521,$0,$13474,$85,$295,$14292,$20814,$13161,$1056,$325,$1381,$14541,$2,$6528,$-122,$6272,$20814,$513,$90,$131,$221,$-1,$0,$40,$-367,$-328,$407,$-27,$0,$0,$-9434,$9332,$-102,$-15,$-144,$0,$0,$0,$-495,$-15,$-172,$-14,$-202,$51,$52,$-132
8,2016-09-30,51.91,$68.13,0.76,$42.27,1.23,$10.24,5.07,$5.05,10.28,$6.76B,$13.79B,0.49,$1.13B,$5.40B,0.21,$3.98B,$1.05B,26.38%,$3.98B,$0.47B,11.79%,$3.98B,$0.47B,11.79%,$3.98B,$0.56B,14.11%,$3.98B,$0.52B,13.10%,$3.98B,$0.47B,11.79%,$0.47B,$6.03B,7.88%,$0.47B,$5.94B,8.00%,$0.47B,$21.22B,2.25%,$0.47B,$7.16B,6.65%,$1062,$722,$340,$0,$143,$865,$197,$1,$198,$9,$189,$187,$177,$220,$197,$90,90,$1.97,$1.96,$1077,$0,$0,$6763,$0,$13545,$86,$284,$14460,$21222,$13790,$1134,$273,$1407,$15197,$2,$6431,$99,$6026,$21222,$364,$69,$265,$334,$3,$0,$498,$-935,$-433,$265,$-19,$0,$0,$-6797,$6975,$178,$-42,$117,$0,$0,$0,$-389,$-392,$-131,$0,$-523,$-140,$29,$-101
9,2016-06-30,52.21,$65.79,0.79,$42.38,1.23,$14.42,3.62,$5.59,9.34,$6.72B,$13.91B,0.48,$1.14B,$5.34B,0.21,$4.09B,$1.14B,27.91%,$4.09B,$0.56B,13.69%,$4.09B,$0.56B,13.69%,$4.09B,$0.67B,16.30%,$4.09B,$0.58B,14.20%,$4.09B,$0.54B,13.20%,$0.54B,$5.96B,9.15%,$0.54B,$5.88B,9.29%,$0.54B,$21.25B,2.61%,$0.56B,$7.10B,7.95%,$1059,$821,$237,$0,$147,$968,$91,$44,$134,$5,$129,$129,$119,$113,$91,$92,93,$1.30,$1.29,$993,$0,$0,$6720,$0,$13541,$86,$278,$14530,$21249,$13907,$1136,$242,$1378,$15285,$2,$6286,$63,$5964,$21249,$178,$46,$205,$252,$2,$0,$837,$-1206,$-367,$63,$-13,$0,$0,$-4816,$4948,$132,$-14,$105,$0,$0,$0,$-263,$-266,$-89,$0,$-355,$-195,$17,$-69
10,2016-03-31,52.3,$64.05,0.82,$41.04,1.27,$14.91,3.51,$4.93,10.61,$6.27B,$13.65B,0.46,$1.13B,$5.33B,0.21,$4.05B,$1.16B,28.71%,$4.05B,$0.58B,14.28%,$4.05B,$0.58B,14.28%,$4.05B,$0.69B,17.04%,$4.05B,$0.52B,12.88%,$4.05B,$0.48B,11.94%,$0.48B,$5.95B,8.21%,$0.48B,$5.86B,8.33%,$0.48B,$20.98B,2.35%,$0.58B,$7.08B,8.21%,$885,$680,$205,$0,$150,$829,$55,$-13,$42,$-7,$48,$48,$38,$80,$55,$94,95,$0.41,$0.41,$952,$0,$0,$6267,$0,$13634,$86,$344,$14712,$20978,$13647,$1128,$253,$1381,$15028,$2,$6199,$18,$5950,$20978,$48,$24,$142,$167,$3,$0,$783,$-1015,$-229,$-14,$-45,$0,$0,$-2568,$2587,$18,$12,$-15,$0,$0,$0,$-134,$-137,$-47,$0,$-184,$-211,$-1,$-37
11,2015-12-31,52.68,$61.07,0.86,$41.22,1.28,$15.21,3.46,$6.06,8.69,$5.71B,$12.76B,0.45,$1.00B,$5.24B,0.19,$4.13B,$1.24B,29.93%,$4.13B,$0.64B,15.45%,$4.13B,$0.64B,15.45%,$4.13B,$0.76B,18.47%,$4.13B,$0.65B,15.62%,$4.13B,$0.60B,14.58%,$0.60B,$5.87B,10.17%,$0.60B,$5.78B,10.32%,$0.60B,$19.98B,2.95%,$0.64B,$6.87B,8.99%,$971,$704,$267,$0,$140,$844,$126,$20,$147,$2,$145,$145,$135,$148,$126,$99,100,$1.39,$1.37,$1175,$0,$0,$5708,$0,$13413,$87,$302,$14274,$19982,$12764,$1001,$350,$1351,$14115,$2,$6194,$-188,$5867,$19982,$642,$124,$312,$436,$9,$0,$-17,$-278,$-286,$791,$-34,$0,$0,$-11068,$10847,$-222,$30,$-226,$0,$0,$0,$-310,$-310,$-159,$-18,$-487,$66,$43,$-119
12,2015-09-30,50.03,$60.66,0.82,$41.28,1.21,$15.56,3.21,$6.27,7.98,$5.88B,$13.11B,0.45,$1.30B,$5.20B,0.25,$4.20B,$1.29B,30.82%,$4.20B,$0.67B,16.00%,$4.20B,$0.67B,16.00%,$4.20B,$0.81B,19.33%,$4.20B,$0.69B,16.33%,$4.20B,$0.63B,15.04%,$0.63B,$5.83B,10.65%,$0.63B,$5.74B,10.82%,$0.63B,$20.56B,3.09%,$0.67B,$7.12B,9.40%,$1176,$743,$433,$0,$145,$888,$288,$-31,$258,$0,$258,$258,$248,$326,$288,$98,99,$2.52,$2.50,$1180,$0,$0,$5878,$0,$13773,$87,$275,$14679,$20557,$13113,$1295,$323,$1618,$14731,$2,$6094,$-118,$5826,$20557,$497,$102,$344,$445,$7,$0,$312,$-558,$-239,$703,$-18,$0,$0,$-8123,$7943,$-179,$28,$-170,$0,$0,$0,$-329,$-329,$-120,$0,$-449,$70,$25,$-90
13,2015-06-30,49.44,$59.32,0.83,$40.13,1.23,$15.52,3.19,$6.45,7.66,$6.10B,$13.32B,0.46,$1.20B,$5.32B,0.23,$4.14B,$1.24B,29.97%,$4.14B,$0.61B,14.74%,$4.14B,$0.61B,14.74%,$4.14B,$0.75B,18.06%,$4.14B,$0.71B,17.07%,$4.14B,$0.66B,16.00%,$0.66B,$5.95B,11.15%,$0.66B,$5.85B,11.32%,$0.66B,$20.71B,3.23%,$0.61B,$7.15B,8.41%,$1022,$763,$259,$0,$148,$912,$110,$-35,$75,$2,$73,$73,$63,$137,$110,$100,101,$0.63,$0.63,$1180,$0,$0,$6103,$0,$13630,$101,$276,$14602,$20705,$13315,$1204,$237,$1442,$14756,$2,$5875,$-78,$5949,$20705,$239,$65,$171,$235,$5,$0,$555,$-919,$-359,$116,$-12,$0,$0,$-5378,$5427,$49,$26,$62,$0,$0,$0,$-23,$-23,$-79,$0,$-102,$68,$14,$-59
14,2015-03-31,47.52,$60.33,0.79,$40.85,1.16,$18.04,2.63,$7.61,6.24,$5.87B,$13.00B,0.45,$1.19B,$5.42B,0.22,$4.27B,$1.37B,32.22%,$4.27B,$0.74B,17.37%,$4.27B,$0.74B,17.37%,$4.27B,$0.87B,20.45%,$4.27B,$0.84B,19.77%,$4.27B,$0.79B,18.52%,$0.79B,$6.05B,13.27%,$0.79B,$5.96B,13.47%,$0.79B,$20.46B,3.82%,$0.74B,$7.23B,10.02%,$961,$684,$277,$0,$163,$847,$114,$51,$165,$-1,$166,$166,$156,$152,$114,$100,101,$1.56,$1.54,$1270,$0,$0,$5870,$0,$13605,$89,$278,$14589,$20459,$13004,$1188,$221,$1409,$14413,$2,$5842,$-17,$6046,$20459,$166,$38,$-106,$-68,$3,$0,$547,$-676,$-126,$-28,$-5,$0,$0,$-3046,$3200,$154,$19,$168,$0,$0,$0,$-20,$-20,$-40,$0,$-60,$64,$5,$-30
15,2014-12-31,46.81,$59.14,0.79,$40.79,1.15,$19.56,2.39,$7.31,6.4,$5.38B,$12.58B,0.43,$1.18B,$5.25B,0.22,$4.35B,$1.42B,32.74%,$4.35B,$0.80B,18.41%,$4.35B,$0.80B,18.41%,$4.35B,$0.94B,21.63%,$4.35B,$0.83B,19.12%,$4.35B,$0.77B,17.74%,$0.77B,$5.88B,13.04%,$0.77B,$5.79B,13.24%,$0.77B,$19.96B,3.70%,$0.80B,$7.06B,10.71%,$1036,$712,$324,$0,$165,$877,$159,$28,$187,$16,$171,$171,$164,$196,$159,$104,106,$1.60,$1.58,$1210,$0,$0,$5379,$0,$13770,$89,$251,$14577,$19956,$12581,$1179,$315,$1494,$14076,$2,$5716,$-46,$5880,$19956,$805,$139,$-80,$59,$14,$0,$33,$-49,$-2,$862,$-21,$0,$0,$-12636,$12726,$90,$-223,$-154,$-6,$0,$-6,$-513,$-513,$-158,$-10,$-686,$-1,$63,$-118
16,2014-09-30,43.12,$58.32,0.74,$40.33,1.07,$20.90,2.06,$7.23,5.96,$5.91B,$13.14B,0.45,$1.68B,$5.25B,0.32,$4.39B,$1.45B,33.04%,$4.39B,$0.85B,19.33%,$4.39B,$0.85B,19.33%,$4.39B,$0.99B,22.61%,$4.39B,$0.82B,18.71%,$4.39B,$0.78B,17.75%,$0.78B,$5.88B,13.18%,$0.78B,$5.79B,13.39%,$0.78B,$20.97B,3.75%,$0.85B,$7.56B,11.42%,$1118,$738,$380,$0,$153,$891,$227,$52,$279,$-4,$283,$283,$279,$262,$227,$103,104,$2.71,$2.68,$1408,$0,$0,$5912,$0,$14142,$89,$266,$15054,$20965,$13139,$1680,$266,$1946,$15085,$2,$5582,$23,$5880,$20965,$634,$102,$63,$165,$5,$0,$436,$-504,$-63,$736,$-20,$0,$0,$-9281,$9073,$-208,$-53,$-281,$494,$0,$494,$-438,$-438,$-120,$-10,$-74,$367,$45,$-90
17,2014-06-30,40.11,$57.83,0.69,$38.83,1.03,$21.72,1.85,$5.76,6.96,$6.00B,$13.49B,0.45,$1.73B,$5.38B,0.32,$4.32B,$1.44B,33.35%,$4.32B,$0.85B,19.70%,$4.32B,$0.85B,19.70%,$4.32B,$1.00B,23.11%,$4.32B,$0.70B,16.20%,$4.32B,$0.64B,14.76%,$0.64B,$6.01B,10.82%,$0.64B,$5.92B,10.99%,$0.64B,$21.45B,3.11%,$0.85B,$7.74B,11.68%,$1150,$758,$393,$0,$151,$909,$241,$-30,$212,$10,$202,$202,$191,$262,$241,$105,106,$1.81,$1.79,$1189,$0,$0,$5996,$0,$14489,$90,$248,$15450,$21446,$13489,$1727,$221,$1949,$15438,$2,$5331,$273,$6009,$21446,$351,$67,$153,$220,$6,$0,$716,$-900,$-178,$392,$-16,$0,$0,$-6636,$6355,$-280,$-81,$-377,$494,$0,$494,$-313,$-313,$-81,$0,$100,$121,$28,$-61
18,2014-03-31,41.28,$55.07,0.75,$36.97,1.12,$22.01,1.88,$4.59,8.99,$5.89B,$13.25B,0.45,$1.65B,$5.25B,0.32,$4.21B,$1.28B,30.37%,$4.21B,$0.69B,16.46%,$4.21B,$0.69B,16.46%,$4.21B,$0.86B,20.38%,$4.21B,$0.57B,13.44%,$4.21B,$0.52B,12.30%,$0.52B,$5.88B,8.97%,$0.52B,$5.79B,9.11%,$0.52B,$21.00B,2.58%,$0.69B,$7.53B,9.84%,$1042,$716,$326,$0,$153,$869,$173,$-21,$153,$4,$148,$148,$137,$220,$173,$109,110,$1.26,$1.24,$1295,$0,$0,$5890,$0,$14109,$90,$274,$15108,$20998,$13248,$1653,$219,$1871,$15119,$2,$5171,$182,$5878,$20998,$148,$47,$67,$113,$8,$0,$717,$-835,$-111,$151,$-19,$0,$0,$-3549,$3429,$-120,$-24,$-164,$494,$0,$494,$-160,$-160,$-40,$0,$294,$282,$9,$-30
19,2013-12-31,42.58,$53.60,0.79,$36.19,1.18,$22.61,1.88,$5.90,7.22,$5.03B,$12.50B,0.4,$1.02B,$5.24B,0.19,$4.20B,$1.40B,33.29%,$4.20B,$0.82B,19.61%,$4.20B,$0.82B,19.61%,$4.20B,$0.99B,23.49%,$4.20B,$0.74B,17.51%,$4.20B,$0.68B,16.30%,$0.68B,$5.87B,11.84%,$0.68B,$5.78B,12.03%,$0.68B,$19.64B,3.46%,$0.82B,$6.89B,11.89%,$1078,$727,$351,$0,$144,$871,$207,$-30,$177,$-4,$182,$182,$172,$248,$207,$114,115,$1.57,$1.55,$988,$0,$0,$5034,$0,$13782,$90,$273,$14601,$19635,$12500,$1018,$249,$1266,$13767,$2,$5063,$118,$5868,$19635,$727,$163,$376,$539,$0,$0,$215,$-384,$-170,$1097,$-24,$0,$0,$-12367,$11876,$-491,$26,$-489,$0,$0,$0,$-402,$-283,$-158,$0,$-441,$164,$57,$-118
20,2013-09-30,38.32,$51.84,0.74,$34.73,1.1,$22.08,1.74,$4.22,9.08,$5.37B,$12.74B,0.42,$1.17B,$5.16B,0.23,$4.09B,$1.20B,29.36%,$4.09B,$0.63B,15.41%,$4.09B,$0.63B,15.41%,$4.09B,$0.79B,19.32%,$4.09B,$0.54B,13.09%,$4.09B,$0.49B,12.04%,$0.49B,$5.79B,8.57%,$0.49B,$5.70B,8.71%,$0.49B,$19.93B,2.52%,$0.63B,$6.96B,9.13%,$1045,$675,$369,$0,$141,$816,$229,$-72,$157,$6,$151,$151,$137,$267,$229,$112,113,$1.23,$1.21,$1110,$0,$0,$5369,$0,$13716,$92,$251,$14564,$19933,$12737,$1170,$239,$1409,$14145,$2,$4922,$130,$5788,$19933,$546,$122,$326,$448,$-1,$0,$475,$-579,$-105,$889,$-17,$0,$0,$-9213,$8948,$-264,$30,$-252,$0,$0,$0,$-343,$-224,$-120,$0,$-344,$290,$43,$-90
21,2013-06-30,40.05,$49.84,0.8,$33.79,1.19,$21.41,1.87,$4.83,8.29,$5.69B,$12.84B,0.44,$1.23B,$4.93B,0.25,$4.07B,$1.25B,30.71%,$4.07B,$0.68B,16.82%,$4.07B,$0.68B,16.82%,$4.07B,$0.85B,20.85%,$4.07B,$0.62B,15.27%,$4.07B,$0.58B,14.24%,$0.58B,$5.56B,10.03%,$0.58B,$5.47B,10.20%,$0.58B,$19.85B,3.00%,$0.68B,$6.79B,9.90%,$1046,$813,$233,$0,$149,$962,$84,$-5,$79,$-5,$84,$84,$72,$123,$84,$115,117,$0.63,$0.62,$1116,$0,$0,$5691,$0,$13273,$91,$247,$14155,$19846,$12844,$1230,$210,$1440,$14284,$2,$4814,$25,$5562,$19846,$395,$84,$199,$283,$2,$0,$68,$-292,$-222,$457,$-11,$0,$0,$-6018,$6137,$120,$-15,$94,$0,$0,$0,$-326,$-207,$-81,$0,$-288,$251,$31,$-62
22,2013-03-31,36.01,$50.64,0.71,$32.48,1.11,$21.18,1.7,$5.56,6.48,$5.16B,$12.44B,0.42,$1.17B,$5.39B,0.22,$3.98B,$1.35B,33.89%,$3.98B,$0.77B,19.36%,$3.98B,$0.77B,19.36%,$3.98B,$0.93B,23.41%,$3.98B,$0.73B,18.43%,$3.98B,$0.68B,16.97%,$0.68B,$5.89B,11.63%,$0.68B,$5.79B,11.83%,$0.68B,$19.71B,3.54%,$0.77B,$7.05B,11.14%,$1028,$584,$444,$0,$141,$725,$303,$19,$322,$10,$312,$312,$303,$348,$303,$117,119,$2.59,$2.55,$856,$0,$0,$5164,$0,$13675,$97,$214,$14547,$19711,$12441,$1165,$215,$1380,$13822,$2,$4770,$310,$5889,$19711,$312,$45,$-35,$10,$1,$0,$696,$-798,$-101,$221,$-8,$0,$0,$-2642,$2607,$-35,$34,$-9,$0,$0,$0,$-123,$-123,$-42,$0,$-164,$40,$14,$-33
23,2012-12-31,29.61,$49.01,0.6,$31.53,0.94,$20.73,1.43,$3.97,7.46,$4.60B,$11.78B,0.39,$1.06B,$5.28B,0.2,$3.93B,$1.20B,30.61%,$3.93B,$0.64B,16.35%,$3.93B,$0.64B,16.35%,$3.93B,$0.79B,20.14%,$3.93B,$0.55B,14.01%,$3.93B,$0.49B,12.58%,$0.49B,$5.78B,8.51%,$0.49B,$5.68B,8.65%,$0.49B,$18.85B,2.62%,$0.64B,$6.84B,9.30%,$975,$819,$156,$0,$141,$960,$15,$-37,$-22,$-12,$-10,$-10,$-19,$53,$15,$122,124,$-0.12,$-0.13,$851,$0,$0,$4602,$0,$13548,$97,$215,$14250,$18852,$11784,$1060,$229,$1288,$13073,$2,$4498,$363,$5780,$18852,$547,$149,$487,$636,$1,$0,$-77,$13,$-62,$1121,$-35,$0,$0,$-13827,$12990,$-837,$10,$-862,$0,$0,$0,$-313,$-323,$-159,$0,$-482,$-222,$68,$-120
24,2012-09-30,29.42,$49.69,0.59,$31.02,0.95,$20.91,1.41,$4.76,6.18,$4.76B,$11.76B,0.41,$1.10B,$5.35B,0.21,$3.90B,$1.25B,32.09%,$3.90B,$0.72B,18.52%,$3.90B,$0.72B,18.52%,$3.90B,$0.87B,22.22%,$3.90B,$0.67B,17.16%,$3.90B,$0.59B,15.21%,$0.59B,$5.86B,10.36%,$0.59B,$5.76B,10.54%,$0.59B,$18.90B,3.19%,$0.72B,$6.96B,10.55%,$1018,$601,$416,$0,$135,$736,$282,$-39,$242,$10,$232,$232,$223,$324,$282,$121,123,$1.84,$1.82,$869,$0,$0,$4760,$0,$13383,$98,$196,$14138,$18898,$11761,$1100,$180,$1280,$13042,$2,$4576,$373,$5856,$18898,$557,$111,$214,$325,$3,$0,$261,$-258,$6,$888,$-26,$0,$0,$-11030,$10396,$-633,$31,$-628,$0,$0,$0,$-313,$-324,$-122,$0,$-445,$-182,$56,$-92
25,2012-06-30,27.05,$46.41,0.58,$30.15,0.9,$21.50,1.26,$4.60,5.88,$4.92B,$11.77B,0.42,$1.11B,$5.20B,0.21,$3.83B,$1.13B,29.49%,$3.83B,$0.62B,16.20%,$3.83B,$0.62B,16.20%,$3.83B,$0.75B,19.64%,$3.83B,$0.65B,17.03%,$3.83B,$0.58B,15.20%,$0.58B,$5.70B,10.39%,$0.58B,$5.60B,10.58%,$0.58B,$18.72B,3.17%,$0.62B,$6.81B,9.22%,$956,$624,$332,$0,$161,$785,$170,$21,$191,$2,$189,$189,$168,$206,$170,$124,125,$1.36,$1.35,$873,$0,$0,$4922,$0,$13006,$98,$192,$13799,$18721,$11771,$1108,$145,$1253,$13024,$2,$4383,$241,$5698,$18721,$325,$69,$138,$207,$1,$0,$471,$-540,$-68,$464,$-13,$0,$0,$-7183,$6746,$-437,$-21,$-471,$0,$0,$0,$-136,$-146,$-76,$0,$-223,$-231,$45,$-63
26,2012-03-31,27.16,$47.06,0.58,$30.12,0.9,$22.42,1.21,$4.04,6.72,$5.16B,$11.75B,0.44,$1.11B,$5.15B,0.22,$3.85B,$1.06B,27.58%,$3.85B,$0.60B,15.51%,$3.85B,$0.60B,15.51%,$3.85B,$0.72B,18.60%,$3.85B,$0.57B,14.91%,$3.85B,$0.52B,13.38%,$0.52B,$5.90B,9.35%,$0.52B,$5.80B,9.52%,$0.52B,$19.03B,2.82%,$0.60B,$7.01B,8.99%,$978,$679,$298,$0,$124,$803,$175,$-36,$139,$3,$136,$136,$122,$208,$175,$126,127,$0.97,$0.96,$1174,$0,$0,$5162,$0,$13025,$99,$192,$13863,$19026,$11746,$1110,$271,$1380,$13126,$2,$4246,$278,$5899,$19026,$136,$33,$131,$164,$4,$0,$522,$-650,$-124,$176,$-5,$0,$0,$-4147,$3754,$-393,$-51,$-449,$0,$0,$0,$-46,$348,$-42,$0,$306,$40,$12,$-32
27,2011-12-31,25.8,$43.35,0.6,$30.61,0.84,$23.47,1.1,$-0.31,0.0,$4.60B,$11.09B,0.42,$1.15B,$4.94B,0.23,$3.80B,$0.54B,14.18%,$3.80B,$0.08B,2.10%,$3.80B,$0.08B,2.10%,$3.80B,$0.19B,5.00%,$3.80B,$0.06B,1.63%,$3.80B,$0.01B,0.24%,$0.01B,$5.44B,0.17%,$0.01B,$5.34B,0.17%,$0.01B,$17.81B,0.05%,$0.08B,$6.59B,1.24%,$946,$741,$205,$0,$110,$851,$95,$2,$97,$7,$89,$89,$80,$128,$95,$122,128,$0.98,$1.01,$1083,$0,$0,$4604,$0,$12470,$100,$225,$13202,$17806,$11086,$1147,$129,$1276,$12362,$2,$4155,$128,$5444,$17806,$46,$110,$1279,$1390,$-2,$0,$104,$-347,$-246,$1190,$-42,$0,$0,$-16162,$15357,$-805,$15,$-833,$0,$0,$0,$-59,$-59,$-243,$0,$-302,$52,$39,$-206
28,2011-09-30,20.63,$42.47,0.49,$30.15,0.68,$23.10,0.89,$1.05,19.65,$4.96B,$11.32B,0.44,$1.12B,$4.86B,0.23,$3.80B,$0.77B,20.27%,$3.80B,$0.28B,7.37%,$3.80B,$0.28B,7.37%,$3.80B,$0.38B,10.06%,$3.80B,$0.25B,6.58%,$3.80B,$0.19B,5.08%,$0.19B,$5.36B,3.59%,$0.19B,$5.26B,3.66%,$0.19B,$17.94B,1.10%,$0.28B,$6.48B,4.32%,$948,$654,$294,$0,$115,$768,$180,$45,$225,$4,$221,$221,$212,$210,$180,$126,128,$1.68,$1.66,$1201,$0,$0,$4961,$0,$12184,$98,$224,$12983,$17944,$11320,$1123,$145,$1267,$12587,$2,$4105,$51,$5357,$17944,$-43,$77,$1201,$1278,$1,$0,$454,$-698,$-244,$992,$-19,$0,$0,$-12609,$12006,$-603,$-150,$-772,$0,$0,$0,$-9,$-9,$-204,$0,$-213,$6,$30,$-176
29,2011-06-30,24.19,$42.39,0.57,$29.80,0.81,$21.86,1.11,$1.17,20.68,$5.17B,$11.58B,0.45,$1.15B,$4.83B,0.24,$3.80B,$0.88B,23.11%,$3.80B,$0.40B,10.50%,$3.80B,$0.40B,10.50%,$3.80B,$0.49B,12.90%,$3.80B,$0.28B,7.45%,$3.80B,$0.22B,5.79%,$0.22B,$5.33B,4.00%,$0.22B,$5.23B,4.07%,$0.22B,$18.20B,1.27%,$0.40B,$6.48B,6.04%,$978,$713,$265,$0,$118,$831,$147,$-34,$113,$2,$110,$110,$101,$170,$147,$124,128,$0.81,$0.79,$1067,$0,$0,$5172,$0,$12221,$103,$206,$13025,$18197,$11581,$1149,$134,$1283,$12864,$2,$3923,$218,$5333,$18197,$-264,$47,$1286,$1333,$-1,$0,$624,$-1100,$-477,$592,$-12,$0,$0,$-7341,$6941,$-400,$-80,$-492,$0,$0,$0,$-9,$-9,$-166,$0,$-176,$-58,$20,$-148
30,2011-03-31,26.89,$45.56,0.59,$28.39,0.95,$21.27,1.26,$1.89,14.23,$4.96B,$11.09B,0.45,$1.16B,$4.69B,0.25,$3.66B,$0.93B,25.33%,$3.66B,$0.46B,12.59%,$3.66B,$0.46B,12.59%,$3.66B,$0.55B,14.96%,$3.66B,$0.39B,10.65%,$3.66B,$0.32B,8.85%,$0.32B,$5.19B,5.85%,$0.32B,$5.09B,5.95%,$0.32B,$17.67B,1.92%,$0.46B,$6.35B,6.93%,$930,$1155,$-225,$0,$117,$1272,$-342,$-31,$-373,$2,$-375,$-375,$-384,$-318,$-342,$113,113,$-3.39,$-3.39,$1086,$0,$0,$4962,$0,$11915,$103,$195,$12712,$17674,$11094,$1159,$232,$1391,$12484,$2,$3853,$155,$5190,$17674,$-375,$24,$937,$960,$2,$0,$613,$-924,$-308,$278,$-6,$0,$0,$-3880,$3687,$-193,$-7,$-207,$0,$0,$0,$-10,$-10,$-39,$0,$-48,$34,$10,$-29
31,2010-12-31,27.25,$50.05,0.54,$25.94,1.05,$21.23,1.28,$6.07,4.49,$4.28B,$9.53B,0.45,$1.01B,$5.13B,0.2,$3.55B,$1.39B,39.03%,$3.55B,$0.94B,26.36%,$3.55B,$0.94B,26.36%,$3.55B,$1.01B,28.44%,$3.55B,$0.90B,25.20%,$3.55B,$0.82B,23.09%,$0.82B,$5.63B,14.68%,$0.82B,$5.52B,14.93%,$0.82B,$16.45B,4.96%,$0.94B,$6.64B,14.02%,$943,$507,$436,$0,$141,$648,$295,$-11,$285,$11,$274,$274,$264,$320,$295,$122,136,$2.20,$1.94,$1045,$0,$0,$4284,$0,$11524,$103,$175,$12161,$16446,$9531,$1014,$275,$1290,$10821,$2,$4268,$177,$5625,$16446,$857,$75,$246,$321,$-7,$0,$205,$-188,$10,$1188,$-18,$0,$0,$-12895,$12265,$-630,$-40,$-688,$495,$0,$495,$-701,$-701,$-145,$0,$-352,$141,$37,$-108
32,2010-09-30,24.7,$48.76,0.51,$24.78,1.0,$18.01,1.37,$5.95,4.15,$4.62B,$9.67B,0.48,$1.09B,$5.35B,0.2,$3.48B,$1.37B,39.38%,$3.48B,$0.96B,27.50%,$3.48B,$0.96B,27.50%,$3.48B,$1.02B,29.23%,$3.48B,$0.92B,26.41%,$3.48B,$0.84B,24.11%,$0.84B,$5.85B,15.09%,$0.84B,$5.76B,15.34%,$0.84B,$16.85B,5.15%,$0.96B,$6.93B,14.59%,$948,$546,$402,$0,$103,$649,$299,$-41,$258,$10,$248,$248,$239,$318,$299,$120,134,$1.99,$1.78,$1205,$0,$0,$4622,$0,$11578,$90,$154,$12225,$16847,$9672,$1085,$240,$1326,$10998,$2,$4033,$372,$5849,$16847,$583,$50,$242,$292,$-3,$0,$472,$-477,$-8,$867,$-12,$0,$0,$-9294,$8833,$-462,$-72,$-546,$495,$0,$495,$-428,$-428,$-111,$0,$-44,$269,$27,$-83
33,2010-06-30,22.01,$45.70,0.48,$21.01,1.05,$17.82,1.24,$3.47,6.34,$4.83B,$9.70B,0.5,$1.18B,$5.00B,0.24,$2.98B,$0.99B,33.36%,$2.98B,$0.59B,19.87%,$2.98B,$0.59B,19.87%,$2.98B,$0.64B,21.61%,$2.98B,$0.58B,19.46%,$2.98B,$0.50B,16.88%,$0.50B,$5.50B,9.24%,$0.50B,$5.41B,9.40%,$0.50B,$16.56B,3.14%,$0.59B,$6.68B,9.30%,$842,$528,$315,$0,$106,$634,$209,$12,$220,$6,$214,$214,$205,$228,$209,$122,136,$1.68,$1.51,$1198,$0,$0,$4832,$0,$11052,$90,$165,$11727,$16558,$9699,$1182,$182,$1364,$11063,$2,$3824,$222,$5495,$16558,$335,$30,$119,$149,$-5,$0,$602,$-543,$54,$538,$-5,$0,$0,$-5438,$5281,$-158,$-29,$-192,$495,$0,$495,$-415,$-415,$-76,$0,$4,$304,$19,$-57
34,2010-03-31,22.84,$43.30,0.53,$20.01,1.14,$16.63,1.37,$3.02,7.56,$5.04B,$9.65B,0.52,$1.09B,$4.88B,0.22,$2.92B,$0.98B,33.50%,$2.92B,$0.60B,20.42%,$2.92B,$0.60B,20.42%,$2.92B,$0.63B,21.69%,$2.92B,$0.54B,18.50%,$2.92B,$0.46B,15.66%,$0.46B,$5.38B,8.63%,$0.46B,$5.29B,8.78%,$0.46B,$16.33B,2.90%,$0.60B,$6.46B,9.73%,$818,$585,$233,$0,$100,$685,$133,$-1,$132,$11,$121,$121,$112,$144,$133,$128,142,$0.87,$0.79,$1510,$0,$0,$5040,$0,$10621,$91,$157,$11289,$16329,$9652,$1085,$216,$1301,$10953,$2,$3650,$165,$5376,$16329,$121,$11,$173,$184,$5,$0,$549,$-524,$30,$335,$-2,$0,$0,$-2911,$3084,$173,$-55,$116,$495,$0,$495,$-295,$-295,$-41,$0,$159,$591,$10,$-31
35,2009-12-31,20.48,$41.62,0.49,$19.05,1.08,$15.67,1.31,$3.01,6.81,$3.97B,$8.95B,0.44,$0.63B,$5.00B,0.13,$2.82B,$0.97B,34.45%,$2.82B,$0.60B,21.34%,$2.82B,$0.60B,21.34%,$2.82B,$0.63B,22.51%,$2.82B,$0.54B,19.14%,$2.82B,$0.46B,16.37%,$0.46B,$5.50B,9.08%,$0.46B,$5.41B,9.25%,$0.46B,$15.31B,3.00%,$0.60B,$6.13B,10.27%,$868,$448,$419,$0,$105,$553,$315,$-6,$308,$17,$291,$291,$282,$326,$315,$137,150,$2.07,$1.93,$864,$0,$0,$3973,$0,$10765,$92,$175,$11334,$15307,$8947,$632,$227,$860,$9806,$2,$3569,$86,$5500,$15307,$498,$34,$530,$564,$-10,$0,$-111,$-90,$-212,$850,$-42,$0,$0,$-11289,$9804,$-1485,$48,$-1479,$0,$0,$0,$-172,$-172,$-150,$0,$-322,$-909,$48,$-113
36,2009-09-30,21.44,$39.16,0.55,$17.01,1.26,$20.05,1.07,$2.02,10.62,$4.51B,$9.30B,0.49,$0.80B,$4.90B,0.16,$2.53B,$0.77B,30.59%,$2.53B,$0.42B,16.62%,$2.53B,$0.42B,16.62%,$2.53B,$0.46B,18.20%,$2.53B,$0.38B,15.04%,$2.53B,$0.31B,12.27%,$0.31B,$5.40B,6.44%,$0.31B,$5.31B,6.55%,$0.31B,$15.92B,2.05%,$0.42B,$6.20B,7.40%,$452,$425,$27,$0,$92,$517,$-65,$-15,$-80,$7,$-87,$-87,$-96,$-54,$-65,$138,138,$-0.70,$-0.70,$1239,$0,$0,$4511,$0,$10780,$93,$172,$11409,$15919,$9299,$797,$426,$1223,$10521,$2,$3319,$75,$5398,$15919,$207,$23,$788,$811,$-3,$0,$380,$-501,$-124,$894,$-43,$0,$0,$-8274,$6917,$-1357,$-7,$-1408,$0,$0,$0,$-3,$-3,$-113,$0,$-116,$-589,$38,$-85
37,2009-06-30,18.36,$35.65,0.52,$18.31,1.0,$22.64,0.81,$0.93,19.74,$4.92B,$9.41B,0.52,$0.81B,$4.41B,0.18,$2.71B,$0.59B,21.67%,$2.71B,$0.24B,8.85%,$2.71B,$0.24B,8.85%,$2.71B,$0.28B,10.36%,$2.71B,$0.22B,7.92%,$2.71B,$0.16B,5.79%,$0.16B,$4.91B,3.40%,$0.16B,$4.81B,3.46%,$0.16B,$15.38B,1.05%,$0.24B,$5.71B,4.28%,$781,$482,$299,$0,$87,$569,$213,$-32,$180,$12,$168,$168,$159,$217,$213,$138,150,$1.15,$1.06,$1381,$0,$0,$4917,$0,$9821,$95,$171,$10462,$15379,$9411,$805,$253,$1058,$10470,$2,$3448,$-528,$4909,$15379,$293,$12,$406,$418,$-8,$0,$491,$-743,$-260,$451,$-40,$0,$0,$-5149,$4358,$-790,$6,$-824,$0,$0,$0,$-5,$-5,$-78,$0,$-83,$-434,$26,$-60
38,2009-03-31,15.57,$32.65,0.48,$18.25,0.85,$24.54,0.63,$1.34,11.62,$4.77B,$9.19B,0.52,$0.87B,$3.99B,0.22,$2.74B,$0.63B,23.00%,$2.74B,$0.29B,10.42%,$2.74B,$0.29B,10.42%,$2.74B,$0.32B,11.81%,$2.74B,$0.28B,10.20%,$2.74B,$0.23B,8.35%,$0.23B,$4.49B,4.87%,$0.23B,$4.40B,4.94%,$0.23B,$14.78B,1.53%,$0.29B,$5.36B,4.91%,$715,$490,$225,$0,$87,$577,$138,$-8,$131,$6,$125,$125,$116,$145,$138,$137,149,$0.84,$0.78,$1412,$0,$0,$4773,$0,$9349,$95,$184,$10004,$14777,$9194,$868,$223,$1091,$10285,$2,$3282,$-767,$4493,$14777,$125,$7,$205,$212,$-2,$0,$497,$-589,$-93,$244,$-38,$0,$0,$-3519,$2962,$-557,$21,$-573,$0,$0,$0,$-6,$-6,$-36,$0,$-42,$-388,$14,$-27
39,2008-12-31,19.76,$32.75,0.6,$18.34,1.08,$25.16,0.79,$2.04,9.69,$4.74B,$8.61B,0.55,$0.98B,$3.96B,0.25,$2.81B,$0.73B,26.04%,$2.81B,$0.40B,14.05%,$2.81B,$0.40B,14.05%,$2.81B,$0.43B,15.37%,$2.81B,$0.41B,14.51%,$2.81B,$0.35B,12.49%,$0.35B,$4.46B,7.13%,$0.35B,$4.40B,7.22%,$0.35B,$14.28B,2.31%,$0.40B,$5.44B,6.36%,$579,$358,$222,$0,$87,$445,$134,$14,$149,$9,$140,$140,$131,$152,$134,$140,155,$1.01,$1.10,$1821,$0,$0,$4744,$0,$9025,$60,$181,$9539,$14283,$8609,$979,$233,$1212,$9822,$2,$3198,$-706,$4461,$14283,$387,$36,$1078,$1114,$8,$0,$-20,$36,$24,$1526,$-11,$0,$0,$-1516,$886,$-630,$8,$-633,$0,$0,$0,$-265,$-265,$-143,$0,$-408,$424,$67,$-106
40,2008-09-30,21.22,$36.65,0.58,$19.50,1.09,$24.69,0.86,$3.05,6.96,$4.65B,$9.10B,0.51,$1.29B,$4.10B,0.32,$3.04B,$0.93B,30.75%,$3.04B,$0.59B,19.49%,$3.04B,$0.59B,19.49%,$3.04B,$0.62B,20.51%,$3.04B,$0.58B,19.20%,$3.04B,$0.53B,17.32%,$0.53B,$4.60B,10.32%,$0.53B,$4.54B,10.44%,$0.53B,$15.18B,3.44%,$0.59B,$5.90B,9.13%,$638,$796,$-158,$0,$87,$883,$-245,$-0,$-245,$-5,$-240,$-240,$-249,$-233,$-245,$139,139,$-1.79,$-1.79,$1420,$0,$0,$4645,$0,$9947,$61,$190,$10531,$15175,$9097,$1294,$183,$1477,$10574,$2,$3097,$-496,$4601,$15175,$247,$19,$1037,$1056,$13,$0,$299,$-386,$-75,$1228,$-9,$0,$0,$-6987,$6214,$-773,$-39,$-820,$0,$0,$0,$-215,$-215,$-108,$0,$-323,$48,$47,$-81
41,2008-06-30,19.72,$40.81,0.48,$19.83,0.99,$23.49,0.84,$6.49,3.04,$4.52B,$8.85B,0.51,$1.35B,$4.76B,0.28,$3.20B,$1.47B,45.82%,$3.20B,$1.13B,35.39%,$3.20B,$1.13B,35.39%,$3.20B,$1.15B,35.80%,$3.20B,$1.12B,34.89%,$3.20B,$1.05B,32.62%,$1.05B,$5.26B,20.16%,$1.05B,$5.20B,20.40%,$1.05B,$15.61B,6.89%,$1.13B,$6.61B,17.19%,$812,$469,$342,$0,$83,$552,$259,$-14,$245,$4,$240,$240,$231,$260,$259,$142,158,$1.62,$1.47,$1094,$0,$0,$4523,$0,$10489,$61,$178,$11084,$15606,$8849,$1349,$145,$1494,$10343,$2,$3377,$-151,$5263,$15606,$487,$7,$435,$442,$-2,$0,$437,$-626,$-190,$739,$-6,$0,$0,$-4746,$3993,$-753,$-25,$-784,$0,$0,$0,$-159,$-159,$-73,$0,$-233,$-264,$29,$-55
42,2008-03-31,22.21,$38.64,0.57,$19.51,1.14,$22.93,0.97,$6.53,3.4,$4.93B,$8.62B,0.57,$1.52B,$4.87B,0.31,$3.20B,$1.48B,46.15%,$3.20B,$1.16B,36.17%,$3.20B,$1.16B,36.17%,$3.20B,$1.17B,36.61%,$3.20B,$1.15B,35.86%,$3.20B,$1.07B,33.35%,$1.07B,$5.37B,21.14%,$1.07B,$5.31B,21.41%,$1.07B,$15.64B,7.11%,$1.16B,$6.90B,17.79%,$782,$456,$326,$0,$79,$535,$247,$12,$259,$12,$247,$247,$238,$253,$247,$143,160,$1.66,$1.48,$1579,$0,$0,$4932,$0,$10119,$61,$158,$10708,$15640,$8615,$1524,$130,$1654,$10269,$2,$3177,$-0,$5371,$15640,$247,$6,$244,$250,$6,$0,$433,$-613,$-173,$324,$-3,$0,$0,$-296,$228,$-68,$-5,$-77,$0,$0,$0,$17,$17,$-37,$0,$-19,$241,$10,$-27
43,2007-12-31,25.19,$36.20,0.7,$19.53,1.29,$22.77,1.11,$6.42,3.92,$4.25B,$7.98B,0.53,$1.36B,$4.66B,0.29,$3.23B,$1.47B,45.58%,$3.23B,$1.17B,36.19%,$3.23B,$1.17B,36.19%,$3.23B,$1.18B,36.66%,$3.23B,$1.13B,35.14%,$3.23B,$1.06B,32.72%,$1.06B,$5.16B,21.73%,$1.06B,$5.10B,21.97%,$1.06B,$14.68B,7.17%,$1.17B,$6.52B,18.52%,$805,$381,$424,$0,$93,$474,$331,$-8,$324,$9,$315,$315,$306,$343,$331,$148,165,$2.11,$1.88,$1333,$0,$0,$4252,$0,$9929,$62,$156,$10424,$14675,$7978,$1363,$175,$1538,$9517,$2,$2969,$23,$5159,$14675,$1092,$15,$579,$594,$-10,$0,$129,$-232,$-113,$1573,$-47,$0,$0,$-2478,$1227,$-1250,$-73,$-1371,$0,$0,$0,$-299,$-299,$-148,$-400,$-847,$-610,$35,$-111
44,2007-09-30,24.92,$33.42,0.75,$19.56,1.27,$23.31,1.07,$6.22,4.01,$4.88B,$8.22B,0.59,$1.41B,$4.44B,0.32,$3.23B,$1.44B,44.43%,$3.23B,$1.14B,35.24%,$3.23B,$1.14B,35.24%,$3.23B,$1.16B,35.77%,$3.23B,$1.11B,34.34%,$3.23B,$1.03B,31.90%,$1.03B,$4.94B,22.06%,$1.03B,$4.88B,22.28%,$1.03B,$14.71B,7.12%,$1.14B,$6.35B,18.62%,$805,$428,$376,$0,$80,$508,$297,$-7,$290,$11,$279,$279,$270,$291,$297,$147,164,$1.84,$1.65,$1831,$0,$0,$4883,$0,$9289,$62,$147,$9829,$14712,$8221,$1407,$141,$1548,$9768,$2,$2691,$-28,$4944,$14712,$777,$4,$533,$537,$1,$0,$414,$-449,$-35,$1278,$-38,$0,$0,$-1268,$520,$-748,$0,$-786,$0,$0,$0,$-175,$-175,$-111,$-400,$-687,$-158,$25,$-84
45,2007-06-30,25.8,$31.73,0.81,$19.45,1.33,$23.21,1.11,$5.94,4.34,$5.12B,$8.16B,0.63,$1.53B,$4.19B,0.37,$3.22B,$1.38B,42.91%,$3.22B,$1.10B,34.03%,$3.22B,$1.10B,34.03%,$3.22B,$1.12B,34.93%,$3.22B,$1.06B,33.00%,$3.22B,$0.99B,30.67%,$0.99B,$4.69B,22.07%,$0.99B,$4.63B,22.26%,$0.99B,$14.93B,6.99%,$1.10B,$6.23B,18.39%,$804,$454,$349,$0,$69,$523,$281,$-7,$273,$13,$261,$261,$252,$283,$281,$149,166,$1.69,$1.51,$1838,$0,$0,$5121,$0,$9243,$63,$156,$9808,$14929,$8159,$1534,$542,$2076,$10235,$2,$2449,$-107,$4694,$14929,$498,$9,$341,$351,$-5,$0,$516,$-643,$-133,$715,$-34,$0,$0,$-699,$47,$-652,$-22,$-708,$0,$0,$0,$-96,$-96,$-75,$0,$-171,$-152,$16,$-56
46,2007-03-31,21.31,$30.86,0.69,$19.28,1.11,$23.15,0.92,$5.80,3.67,$5.31B,$7.94B,0.67,$1.49B,$4.14B,0.36,$3.18B,$1.32B,41.57%,$3.18B,$1.04B,32.88%,$3.18B,$1.04B,32.88%,$3.18B,$1.08B,34.05%,$3.18B,$1.03B,32.44%,$3.18B,$0.96B,30.17%,$0.96B,$4.64B,22.52%,$0.96B,$4.61B,22.69%,$0.96B,$14.61B,7.05%,$1.04B,$6.13B,18.27%,$813,$491,$322,$0,$63,$554,$259,$-13,$247,$10,$237,$237,$228,$266,$259,$150,166,$1.51,$1.37,$2091,$0,$0,$5307,$0,$8796,$29,$135,$9305,$14612,$7938,$1485,$547,$2032,$9971,$2,$2225,$-22,$4642,$14612,$237,$7,$178,$185,$9,$0,$454,$-580,$-117,$305,$0,$0,$0,$-221,$52,$-169,$0,$-169,$0,$0,$0,$-0,$-0,$-38,$0,$-38,$102,$7,$-29
47,2006-12-31,20.8,$29.42,0.71,$18.77,1.11,$23.14,0.9,$5.62,3.7,$4.79B,$7.33B,0.65,$1.35B,$3.91B,0.35,$3.08B,$1.27B,41.12%,$3.08B,$1.00B,32.41%,$3.08B,$1.00B,32.41%,$3.08B,$1.04B,33.71%,$3.08B,$1.00B,32.38%,$3.08B,$0.93B,30.04%,$0.93B,$4.41B,23.10%,$0.93B,$4.38B,23.30%,$0.93B,$13.67B,7.06%,$1.00B,$5.77B,18.11%,$810,$421,$389,$0,$87,$508,$302,$-1,$300,$10,$290,$290,$281,$316,$302,$150,164,$1.87,$1.70,$1989,$0,$0,$4793,$0,$8458,$29,$134,$8872,$13665,$7325,$1353,$575,$1928,$9253,$2,$2026,$-45,$4413,$13665,$963,$41,$291,$331,$-17,$0,$295,$41,$319,$1613,$0,$0,$0,$-465,$-702,$-1166,$-106,$-1272,$0,$0,$0,$18,$17,$-128,$400,$290,$603,$26,$-91
