,Date,Stock Price,Book Value per Share,Price to Book Ratio,TTM Sales per Share,Price to Sales Ratio,TTM FCF per Share,Price to FCF Ratio,TTM Net EPS,PE Ratio,Current Assets,Current Liabilities,Current Ratio,Long Term Debt,Shareholder's Equity_x,Debt to Equity Ratio,TTM Revenue_x,TTM Gross Profit,Gross Margin,TTM Revenue_y,TTM Operating Income,Operating Margin,TTM Revenue_x,TTM EBIT,EBIT Margin,TTM Revenue_y,TTM EBITDA,EBITDA Margin,TTM Revenue_x,TTM Pre-Tax Income,Pre-Tax Margin,TTM Revenue_y,TTM Net Income_x,Net Margin,TTM Net Income_y,Shareholder's Equity_y,Return on Equity,TTM Net Income_x,Tangible Equity,Return on Tangible Equity,TTM Net Income_y,Total Assets,Return on Assets,TTM Net Income,LT Investments & Debt,Return on Investment,revenue,cost-goods-sold,gross-profit,research-development-expenses,selling-general-administrative-expenses,operating-expenses,operating-income,total-non-operating-income-expense,pre-tax-income,total-provision-income-taxes,income-after-taxes,income-from-continuous-operations,net-income,ebitda,ebit,basic-shares-outstanding,shares-outstanding,eps-basic-net-earnings-per-share,eps-earnings-per-share-diluted,cash-on-hand,inventory,other-current-assets,total-current-assets,net-property-plant-equipment,long-term-investments,goodwill-intangible-assets-total,other-long-term-assets,total-long-term-assets,total-assets,total-current-liabilities,long-term-debt,other-non-current-liabilities,total-long-term-liabilities,total-liabilities,common-stock-net,retained-earnings-accumulated-deficit,comprehensive-income,total-share-holder-equity,total-liabilities-share-holders-equity,net-income-loss,total-depreciation-amortization-cash-flow,other-non-cash-items,total-non-cash-items,change-in-accounts-receivable,change-in-inventories,change-in-accounts-payable,change-in-assets-liabilities,total-change-in-assets-liabilities,cash-flow-from-operating-activities,net-change-in-property-plant-equipment,net-change-in-intangible-assets,net-acquisitions-divestitures,net-change-in-short-term-investments,net-change-in-long-term-investments,net-change-in-investments-total,investing-activities-other,cash-flow-from-investing-activities,net-long-term-debt,net-current-debt,debt-issuance-retirement-net-total,net-common-equity-issued-repurchased,net-total-equity-issued-repurchased,total-common-preferred-stock-dividends-paid,financial-activities-other,cash-flow-from-financial-activities,net-cash-flow,stock-based-compensation,common-stock-dividends-paid
0,2018-09-30,3.45,$0.03,122.78,0.0,0.0,$-2.75,0.0,$-1.13,0.0,$0.02B,$0.01B,1.46,$0.00B,$0.00B,5.98,$0.00B,0,nan%,$0.00B,$-0.03B,inf%,$0.00B,$-0.03B,inf%,$0.00B,$-0.03B,inf%,$0.00B,$-0.03B,inf%,$0.00B,$-0.03B,inf%,$-0.03B,$0.00B,-294.74%,$-0.03B,$0.00B,-294.74%,$-0.03B,$0.02B,-109.80%,$-0.03B,$0.01B,-196.61%,$0,$0,$0,$6,$2,$8,$-8,$-0,$-8,$0,$-8,$-8,$-8,$-8,$-8,$26,26,$-0.31,$-0.31,$15,$0,$0,$16,$0,$0,$0,$0,$0,$16,$11,$4,$0,$4,$15,$0,$-98,$0,$1,$16,$-21,$0,$-1,$-1,$0,$0,$1,$1,$2,$-20,$-0,$0,$0,$0,$0,$0,$0,$-0,$-3,$0,$-3,$4,$4,$0,$0,$1,$-19,$1,$0
1,2018-06-30,3.2,$0.27,11.99,0.0,0.0,$-2.84,0.0,$-1.09,0.0,$0.02B,$0.01B,2.26,$0.01B,$0.01B,0.74,$0.00B,0,nan%,$0.00B,$-0.03B,inf%,$0.00B,$-0.03B,inf%,$0.00B,$-0.03B,inf%,$0.00B,$-0.03B,inf%,$0.00B,$-0.03B,inf%,$-0.03B,$0.01B,-192.59%,$-0.03B,$0.01B,-192.59%,$-0.03B,$0.02B,-87.39%,$-0.03B,$0.01B,-138.46%,$0,$0,$0,$6,$2,$8,$-8,$-0,$-8,$0,$-8,$-8,$-8,$-8,$-8,$26,26,$-0.32,$-0.32,$20,$0,$0,$22,$0,$0,$0,$0,$0,$22,$10,$5,$0,$5,$15,$0,$-90,$0,$7,$22,$-13,$0,$-2,$-1,$0,$0,$-0,$0,$0,$-14,$-0,$0,$0,$0,$0,$0,$0,$-0,$-2,$0,$-2,$2,$2,$0,$0,$1,$-14,$1,$0
2,2018-03-31,2.45,$0.49,4.97,0.0,0.0,$-2.86,0.0,$-1.07,0.0,$0.03B,$0.01B,2.95,$0.01B,$0.01B,0.47,$0.00B,0,nan%,$0.00B,$-0.03B,inf%,$0.00B,$-0.03B,inf%,$0.00B,$-0.03B,inf%,$0.00B,$-0.03B,inf%,$0.00B,$-0.03B,inf%,$-0.03B,$0.01B,-142.86%,$-0.03B,$0.01B,-142.86%,$-0.03B,$0.03B,-73.53%,$-0.03B,$0.02B,-107.22%,$0,$0,$0,$5,$2,$7,$-7,$2,$-5,$0,$-5,$-5,$-5,$-7,$-7,$26,26,$-0.19,$-0.19,$27,$0,$0,$28,$0,$0,$0,$0,$0,$28,$9,$6,$0,$6,$15,$0,$-81,$0,$13,$28,$-5,$0,$-2,$-2,$0,$0,$0,$0,$0,$-7,$-0,$0,$0,$0,$0,$0,$0,$-0,$-1,$0,$-1,$0,$0,$0,$0,$-1,$-7,$1,$0
3,2017-12-31,5.6,$0.66,8.54,0.0,0.0,$-2.94,0.0,$-1.29,0.0,$0.04B,$0.01B,2.9,$0.01B,$0.02B,0.4,$0.00B,0,nan%,$0.00B,$-0.03B,inf%,$0.00B,$-0.03B,inf%,$0.00B,$-0.03B,inf%,$0.00B,$-0.03B,inf%,$0.00B,$-0.03B,inf%,$-0.03B,$0.02B,-130.23%,$-0.03B,$0.02B,-130.23%,$-0.03B,$0.04B,-72.73%,$-0.03B,$0.02B,-93.10%,$0,$0,$0,$4,$2,$6,$-6,$-1,$-7,$0,$-7,$-7,$-7,$-6,$-6,$23,23,$-0.29,$-0.29,$34,$0,$0,$35,$0,$0,$0,$0,$0,$36,$12,$7,$0,$7,$19,$0,$-77,$0,$17,$36,$-29,$1,$3,$3,$0,$0,$-1,$0,$-1,$-26,$-0,$0,$0,$0,$0,$0,$0,$-0,$-0,$0,$-0,$24,$24,$0,$0,$24,$-3,$2,$0
4,2017-09-30,5.55,$0.71,7.8,0.0,0.0,$-2.89,0.0,$-1.36,0.0,$0.03B,$0.01B,3.86,$0.01B,$0.02B,0.44,$0.00B,0,nan%,$0.00B,$-0.03B,inf%,$0.00B,$-0.03B,inf%,$0.00B,$-0.03B,inf%,$0.00B,$-0.03B,inf%,$0.00B,$-0.03B,inf%,$-0.03B,$0.02B,-123.08%,$-0.03B,$0.02B,-123.08%,$-0.03B,$0.03B,-71.79%,$-0.03B,$0.02B,-93.55%,$0,$0,$0,$4,$2,$6,$-6,$-0,$-6,$0,$-6,$-6,$-6,$-6,$-6,$24,24,$-0.27,$-0.27,$32,$0,$0,$32,$0,$0,$0,$0,$0,$33,$8,$7,$0,$7,$16,$0,$-69,$0,$17,$33,$-22,$0,$2,$2,$0,$0,$-1,$1,$-1,$-20,$-0,$0,$0,$0,$0,$0,$0,$-0,$0,$0,$0,$15,$15,$0,$0,$15,$-5,$2,$0
5,2017-06-30,5.5,$0.96,5.71,0.0,0.0,$-2.78,0.0,$-1.47,0.0,$0.04B,$0.01B,4.73,$0.01B,$0.02B,0.36,$0.00B,0,nan%,$0.00B,$-0.03B,inf%,$0.00B,$-0.03B,inf%,$0.00B,$-0.03B,inf%,$0.00B,$-0.03B,inf%,$0.00B,$-0.03B,inf%,$-0.03B,$0.02B,-113.73%,$-0.03B,$0.02B,-113.73%,$-0.03B,$0.04B,-73.42%,$-0.03B,$0.03B,-93.75%,$0,$0,$0,$5,$2,$7,$-7,$-0,$-7,$0,$-7,$-7,$-7,$-7,$-7,$24,24,$-0.30,$-0.30,$38,$0,$0,$39,$0,$0,$0,$0,$0,$39,$8,$8,$0,$8,$16,$0,$-63,$0,$23,$39,$-15,$0,$1,$1,$0,$0,$-0,$1,$-0,$-14,$-0,$0,$0,$0,$0,$0,$0,$-0,$0,$0,$0,$15,$15,$0,$0,$15,$1,$1,$0
6,2017-03-31,3.9,$1.24,3.14,0.0,0.0,$-2.68,0.0,$-1.53,0.0,$0.05B,$0.01B,5.53,$0.01B,$0.03B,0.3,$0.00B,0,nan%,$0.00B,$-0.03B,inf%,$0.00B,$-0.03B,inf%,$0.00B,$-0.03B,inf%,$0.00B,$-0.03B,inf%,$0.00B,$-0.03B,inf%,$-0.03B,$0.03B,-101.75%,$-0.03B,$0.03B,-101.75%,$-0.03B,$0.05B,-72.96%,$-0.03B,$0.04B,-90.91%,$0,$0,$0,$6,$2,$8,$-8,$-0,$-8,$0,$-8,$-8,$-8,$-8,$-8,$20,20,$-0.41,$-0.41,$45,$0,$0,$46,$0,$0,$0,$0,$0,$46,$8,$9,$0,$9,$17,$0,$-56,$0,$29,$46,$-8,$0,$1,$1,$0,$0,$1,$0,$1,$-7,$-0,$0,$0,$0,$0,$0,$0,$-0,$0,$0,$0,$15,$15,$0,$0,$15,$8,$1,$0
7,2016-12-31,6.75,$1.13,5.99,0.0,0.0,$-2.55,0.0,$-1.43,0.0,$0.04B,$0.01B,5.3,$0.01B,$0.02B,0.44,$0.00B,0,nan%,$0.00B,$-0.03B,inf%,$0.00B,$-0.03B,inf%,$0.00B,$-0.03B,inf%,$0.00B,$-0.03B,inf%,$0.00B,$-0.03B,inf%,$-0.03B,$0.02B,-85.71%,$-0.03B,$0.02B,-85.71%,$-0.03B,$0.04B,-68.35%,$-0.03B,$0.03B,-82.96%,$0,$0,$0,$6,$2,$8,$-8,$0,$-7,$0,$-7,$-7,$-7,$-8,$-8,$19,19,$-0.37,$-0.37,$37,$0,$0,$38,$0,$0,$0,$0,$0,$38,$7,$9,$0,$9,$17,$0,$-48,$0,$22,$38,$-27,$0,$2,$2,$0,$0,$2,$-0,$4,$-21,$-0,$0,$0,$0,$0,$0,$0,$-0,$10,$0,$10,$0,$0,$0,$-0,$10,$-11,$2,$0
8,2016-09-30,7.88,$1.47,5.36,0.0,0.0,$-1.95,0.0,$-1.17,0.0,$0.04B,$0.01B,5.16,$0.00B,$0.03B,0.0,$0.00B,0,nan%,$0.00B,$-0.02B,inf%,$0.00B,$-0.02B,inf%,$0.00B,$-0.02B,inf%,$0.00B,$-0.02B,inf%,$0.00B,$-0.02B,inf%,$-0.02B,$0.03B,-58.67%,$-0.02B,$0.03B,-58.67%,$-0.02B,$0.04B,-52.07%,$-0.02B,$0.03B,-61.33%,$0,$0,$0,$6,$2,$7,$-7,$0,$-7,$0,$-7,$-7,$-7,$-7,$-7,$19,19,$-0.38,$-0.38,$34,$0,$0,$35,$0,$0,$0,$0,$0,$35,$7,$0,$0,$0,$7,$0,$-40,$0,$28,$35,$-20,$0,$2,$2,$0,$0,$2,$0,$4,$-14,$-0,$0,$0,$0,$0,$0,$0,$-0,$0,$0,$0,$0,$0,$0,$0,$0,$-14,$2,$0
