,Date,Stock Price,Book Value per Share,Price to Book Ratio,TTM Sales per Share,Price to Sales Ratio,TTM FCF per Share,Price to FCF Ratio,TTM Net EPS,PE Ratio,Current Assets,Current Liabilities,Current Ratio,Long Term Debt,Shareholder's Equity_x,Debt to Equity Ratio,TTM Revenue_x,TTM Gross Profit,Gross Margin,TTM Revenue_y,TTM Operating Income,Operating Margin,TTM Revenue_x,TTM EBIT,EBIT Margin,TTM Revenue_y,TTM EBITDA,EBITDA Margin,TTM Revenue_x,TTM Pre-Tax Income,Pre-Tax Margin,TTM Revenue_y,TTM Net Income_x,Net Margin,TTM Net Income_y,Shareholder's Equity_y,Return on Equity,TTM Net Income_x,Tangible Equity,Return on Tangible Equity,TTM Net Income_y,Total Assets,Return on Assets,TTM Net Income,LT Investments & Debt,Return on Investment,revenue,cost-goods-sold,gross-profit,research-development-expenses,selling-general-administrative-expenses,operating-expenses,operating-income,total-non-operating-income-expense,pre-tax-income,total-provision-income-taxes,income-after-taxes,income-from-continuous-operations,net-income,ebitda,ebit,basic-shares-outstanding,shares-outstanding,eps-basic-net-earnings-per-share,eps-earnings-per-share-diluted,cash-on-hand,inventory,other-current-assets,total-current-assets,net-property-plant-equipment,long-term-investments,goodwill-intangible-assets-total,other-long-term-assets,total-long-term-assets,total-assets,total-current-liabilities,long-term-debt,other-non-current-liabilities,total-long-term-liabilities,total-liabilities,common-stock-net,retained-earnings-accumulated-deficit,comprehensive-income,total-share-holder-equity,total-liabilities-share-holders-equity,net-income-loss,total-depreciation-amortization-cash-flow,other-non-cash-items,total-non-cash-items,change-in-accounts-receivable,change-in-inventories,change-in-accounts-payable,change-in-assets-liabilities,total-change-in-assets-liabilities,cash-flow-from-operating-activities,net-change-in-property-plant-equipment,net-change-in-intangible-assets,net-acquisitions-divestitures,net-change-in-short-term-investments,net-change-in-long-term-investments,net-change-in-investments-total,investing-activities-other,cash-flow-from-investing-activities,net-long-term-debt,net-current-debt,debt-issuance-retirement-net-total,net-common-equity-issued-repurchased,net-total-equity-issued-repurchased,total-common-preferred-stock-dividends-paid,financial-activities-other,cash-flow-from-financial-activities,net-cash-flow,stock-based-compensation,common-stock-dividends-paid
0,2018-08-31,152.84,$42.93,3.56,$89.26,1.71,$21.05,7.26,$8.53,17.92,$1.21B,$0.68B,1.77,$0.36B,$1.72B,0.21,$3.68B,$1.49B,40.38%,$3.68B,$0.46B,12.36%,$3.68B,$0.46B,12.36%,$3.68B,$0.54B,14.54%,$3.68B,$0.43B,11.58%,$3.68B,$0.35B,9.51%,$0.35B,$1.72B,20.96%,$0.35B,$0.25B,134.74%,$0.35B,$2.99B,12.09%,$0.46B,$2.07B,22.46%,$1061,$649,$412,$0,$275,$919,$142,$-5,$137,$29,$108,$108,$108,$164,$142,$41,41,$2.68,$2.69,$129,$412,$0,$1211,$287,$0,$1469,$19,$1778,$2989,$683,$356,$76,$589,$1272,$1,$1999,$-115,$1717,$2989,$350,$80,$-11,$70,$-63,$-74,$53,$19,$-66,$353,$-44,$0,$-162,$0,$0,$0,$0,$-206,$395,$-395,$-0,$-297,$-297,$-21,$-8,$-327,$-182,$32,$-21
1,2018-05-31,118.13,$40.04,2.95,$85.49,1.38,$19.84,5.95,$7.98,14.8,$1.11B,$0.67B,1.65,$0.36B,$1.60B,0.22,$3.58B,$1.48B,41.40%,$3.58B,$0.47B,13.03%,$3.58B,$0.47B,13.03%,$3.58B,$0.54B,15.15%,$3.58B,$0.43B,12.05%,$3.58B,$0.33B,9.31%,$0.33B,$1.60B,20.10%,$0.33B,$0.13B,120.33%,$0.33B,$2.88B,11.59%,$0.47B,$1.96B,23.14%,$944,$555,$389,$0,$274,$838,$106,$-7,$99,$26,$73,$73,$73,$126,$106,$40,41,$1.81,$1.80,$94,$407,$0,$1106,$288,$0,$1475,$10,$1777,$2882,$672,$356,$79,$610,$1282,$1,$1896,$-121,$1600,$2882,$241,$59,$-8,$51,$7,$-66,$63,$5,$8,$301,$-32,$0,$-164,$0,$0,$0,$0,$-196,$-0,$1,$1,$-297,$-297,$-16,$-7,$-319,$-217,$24,$-16
2,2018-02-28,142.3,$40.14,3.55,$82.78,1.72,$16.64,8.55,$8.08,17.61,$1.09B,$0.51B,2.15,$0.36B,$1.64B,0.22,$3.53B,$1.47B,41.73%,$3.53B,$0.49B,13.96%,$3.53B,$0.49B,13.96%,$3.53B,$0.57B,16.11%,$3.53B,$0.46B,12.96%,$3.53B,$0.34B,9.70%,$0.34B,$1.64B,20.84%,$0.34B,$0.28B,115.83%,$0.34B,$2.75B,12.06%,$0.49B,$1.99B,24.63%,$832,$497,$335,$0,$246,$744,$88,$-9,$79,$-18,$97,$97,$97,$107,$88,$41,42,$2.34,$2.33,$230,$322,$0,$1093,$283,$0,$1359,$12,$1657,$2751,$510,$357,$78,$605,$1115,$1,$1829,$-115,$1636,$2751,$168,$38,$-15,$23,$73,$7,$-54,$-39,$-13,$178,$-21,$0,$-26,$0,$0,$0,$0,$-47,$-0,$0,$-0,$-193,$-193,$-11,$-7,$-211,$-81,$17,$-11
3,2017-11-30,170.94,$41.15,4.15,$81.01,2.11,$14.20,12.04,$7.28,23.48,$1.32B,$0.60B,2.23,$0.36B,$1.73B,0.21,$3.50B,$1.47B,42.08%,$3.50B,$0.51B,14.64%,$3.50B,$0.51B,14.64%,$3.50B,$0.59B,16.81%,$3.50B,$0.48B,13.64%,$3.50B,$0.31B,8.92%,$0.31B,$1.73B,18.54%,$0.31B,$0.39B,91.09%,$0.31B,$2.96B,10.77%,$0.51B,$2.08B,25.10%,$843,$493,$350,$0,$231,$724,$119,$-8,$111,$39,$72,$72,$72,$138,$119,$42,42,$1.71,$1.70,$429,$340,$0,$1324,$286,$0,$1336,$12,$1638,$2961,$595,$357,$80,$640,$1235,$1,$1726,$-109,$1726,$2961,$72,$19,$9,$28,$58,$-11,$-33,$27,$41,$140,$-10,$0,$0,$0,$0,$0,$0,$-10,$-0,$0,$-0,$1,$1,$-6,$-6,$-11,$118,$9,$-6
4,2017-08-31,176.16,$39.78,4.43,$80.34,2.19,$12.07,14.59,$7.44,23.68,$1.25B,$0.60B,2.07,$0.36B,$1.67B,0.21,$3.51B,$1.48B,42.27%,$3.51B,$0.52B,14.83%,$3.51B,$0.52B,14.83%,$3.51B,$0.59B,16.94%,$3.51B,$0.49B,14.03%,$3.51B,$0.32B,9.18%,$0.32B,$1.67B,19.12%,$0.32B,$0.32B,92.33%,$0.32B,$2.90B,11.11%,$0.52B,$2.02B,25.49%,$958,$551,$407,$0,$245,$805,$153,$-10,$142,$52,$91,$91,$91,$171,$153,$43,43,$2.14,$2.14,$311,$329,$0,$1246,$288,$0,$1350,$13,$1654,$2900,$601,$357,$72,$633,$1234,$1,$1660,$-100,$1666,$2900,$322,$75,$17,$92,$3,$-32,$-5,$-43,$-77,$337,$-62,$0,$0,$0,$13,$13,$-0,$-49,$1,$0,$1,$-355,$-355,$-23,$-15,$-392,$-102,$32,$-23
5,2017-05-31,162.23,$36.69,4.42,$79.35,2.04,$12.72,12.75,$7.18,22.59,$1.09B,$0.54B,2.01,$0.36B,$1.54B,0.23,$3.47B,$1.48B,42.53%,$3.47B,$0.50B,14.45%,$3.47B,$0.50B,14.45%,$3.47B,$0.57B,16.47%,$3.47B,$0.48B,13.73%,$3.47B,$0.31B,9.04%,$0.31B,$1.54B,18.66%,$0.31B,$0.20B,89.08%,$0.31B,$2.73B,10.79%,$0.50B,$1.89B,24.63%,$892,$513,$379,$0,$247,$760,$132,$-7,$125,$42,$82,$82,$82,$152,$132,$43,43,$1.91,$1.90,$190,$342,$0,$1094,$284,$0,$1336,$12,$1636,$2731,$544,$356,$72,$651,$1195,$1,$1575,$-140,$1535,$2731,$231,$57,$14,$71,$50,$-47,$-38,$-70,$-104,$198,$-50,$0,$0,$0,$13,$13,$-0,$-37,$1,$0,$1,$-355,$-355,$-17,$-13,$-385,$-224,$24,$-17
6,2017-02-28,210.26,$41.18,5.11,$78.20,2.69,$13.51,15.57,$6.97,30.17,$1.36B,$0.55B,2.49,$0.36B,$1.81B,0.2,$3.43B,$1.48B,42.99%,$3.43B,$0.49B,14.30%,$3.43B,$0.49B,14.30%,$3.43B,$0.56B,16.28%,$3.43B,$0.47B,13.55%,$3.43B,$0.31B,8.91%,$0.31B,$1.81B,18.05%,$0.31B,$0.47B,83.84%,$0.31B,$3.00B,10.47%,$0.49B,$2.16B,23.94%,$805,$469,$336,$0,$228,$697,$108,$-9,$99,$32,$67,$67,$67,$127,$108,$44,44,$1.54,$1.53,$463,$354,$0,$1364,$278,$0,$1340,$13,$1635,$2999,$547,$356,$73,$648,$1194,$1,$1498,$-144,$1805,$2999,$149,$37,$6,$43,$70,$-60,$-32,$-80,$-102,$90,$-30,$0,$0,$0,$13,$13,$-0,$-17,$1,$0,$1,$2,$2,$-12,$-12,$-21,$50,$16,$-12
7,2016-11-30,250.01,$39.48,6.33,$77.67,3.22,$13.93,17.95,$6.93,36.08,$1.36B,$0.61B,2.22,$0.36B,$1.73B,0.21,$3.41B,$1.48B,43.36%,$3.41B,$0.49B,14.39%,$3.41B,$0.49B,14.39%,$3.41B,$0.56B,16.29%,$3.41B,$0.47B,13.68%,$3.41B,$0.31B,8.95%,$0.31B,$1.73B,18.85%,$0.31B,$0.42B,105.90%,$0.31B,$2.96B,10.78%,$0.49B,$2.09B,24.84%,$851,$492,$360,$0,$232,$725,$127,$-0,$126,$45,$82,$82,$82,$144,$127,$44,44,$1.87,$1.86,$451,$334,$0,$1356,$274,$0,$1315,$14,$1607,$2963,$610,$356,$76,$624,$1233,$1,$1437,$-149,$1730,$2963,$82,$17,$1,$18,$48,$-40,$-7,$-44,$-44,$56,$-14,$0,$0,$0,$13,$13,$0,$-1,$1,$0,$1,$2,$2,$-6,$-11,$-15,$38,$8,$-6
8,2016-08-31,273.44,$37.95,7.21,$75.22,3.64,$13.67,20.0,$6.64,41.18,$1.32B,$0.67B,1.97,$0.36B,$1.66B,0.21,$3.29B,$1.44B,43.62%,$3.29B,$0.48B,14.43%,$3.29B,$0.48B,14.43%,$3.29B,$0.54B,16.34%,$3.29B,$0.45B,13.52%,$3.29B,$0.29B,8.84%,$0.29B,$1.66B,18.85%,$0.29B,$0.33B,102.02%,$0.29B,$2.95B,10.72%,$0.48B,$2.02B,25.03%,$925,$523,$402,$0,$262,$790,$135,$-8,$127,$44,$83,$83,$83,$149,$135,$44,44,$1.89,$1.88,$413,$295,$0,$1323,$268,$0,$1329,$23,$1625,$2948,$673,$355,$66,$616,$1288,$1,$1361,$-139,$1660,$2948,$291,$63,$24,$86,$-95,$-24,$65,$64,$11,$388,$-82,$0,$-623,$0,$0,$0,$0,$-705,$3,$0,$3,$14,$14,$-23,$-17,$-23,$-344,$28,$-23
9,2016-05-31,257.34,$36.43,7.06,$71.59,3.59,$12.06,21.33,$6.13,41.98,$1.16B,$0.59B,1.98,$0.35B,$1.59B,0.22,$3.13B,$1.36B,43.33%,$3.13B,$0.45B,14.45%,$3.13B,$0.45B,14.45%,$3.13B,$0.51B,16.37%,$3.13B,$0.41B,13.11%,$3.13B,$0.27B,8.60%,$0.27B,$1.59B,18.31%,$0.27B,$0.25B,77.86%,$0.27B,$2.78B,10.43%,$0.45B,$1.94B,24.81%,$852,$474,$378,$0,$247,$731,$121,$-8,$113,$39,$74,$74,$74,$139,$121,$44,44,$1.70,$1.69,$337,$289,$0,$1155,$263,$0,$1339,$24,$1628,$2783,$585,$354,$61,$611,$1195,$1,$1284,$-110,$1588,$2783,$208,$49,$-1,$48,$-16,$-14,$19,$-1,$-12,$244,$-60,$0,$-614,$0,$0,$0,$0,$-673,$2,$0,$2,$10,$10,$-17,$20,$14,$-420,$20,$-17
10,2016-02-29,207.95,$34.32,6.06,$67.87,3.06,$10.54,19.73,$5.92,35.13,$1.00B,$0.51B,1.94,$0.35B,$1.49B,0.24,$2.96B,$1.27B,43.02%,$2.96B,$0.43B,14.53%,$2.96B,$0.43B,14.53%,$2.96B,$0.48B,16.36%,$2.96B,$0.40B,13.45%,$2.96B,$0.26B,8.75%,$0.26B,$1.49B,18.49%,$0.26B,$0.16B,62.60%,$0.26B,$2.62B,10.51%,$0.43B,$1.85B,24.53%,$778,$441,$337,$0,$230,$671,$107,$-7,$100,$34,$66,$66,$66,$123,$107,$44,44,$1.50,$1.49,$224,$278,$0,$998,$257,$0,$1337,$26,$1622,$2620,$513,$354,$65,$613,$1126,$1,$1216,$-121,$1493,$2620,$134,$31,$-3,$28,$18,$-4,$-16,$-41,$-42,$120,$-42,$0,$-614,$0,$0,$0,$0,$-655,$1,$0,$1,$6,$6,$-11,$14,$10,$-533,$13,$-11
11,2015-11-30,229.1,$32.98,6.95,$64.31,3.56,$9.88,23.19,$5.50,41.65,$1.26B,$0.51B,2.45,$0.35B,$1.44B,0.25,$2.80B,$1.19B,42.62%,$2.80B,$0.40B,14.37%,$2.80B,$0.40B,14.37%,$2.80B,$0.45B,16.12%,$2.80B,$0.37B,13.19%,$2.80B,$0.24B,8.54%,$0.24B,$1.44B,17.83%,$0.24B,$0.40B,48.75%,$0.24B,$2.51B,10.11%,$0.40B,$1.79B,23.75%,$737,$417,$319,$0,$207,$624,$112,$-7,$105,$37,$68,$68,$68,$127,$112,$43,44,$1.58,$1.57,$560,$242,$0,$1255,$191,$0,$1031,$25,$1251,$2506,$513,$352,$67,$559,$1071,$1,$1156,$-113,$1435,$2506,$68,$14,$-9,$6,$12,$-14,$11,$-33,$-23,$51,$-21,$0,$-239,$0,$0,$0,$0,$-260,$0,$0,$0,$6,$6,$-6,$14,$14,$-197,$6,$-6
12,2015-08-31,193.24,$31.41,6.15,$62.36,3.1,$9.84,19.64,$5.10,37.89,$1.41B,$0.52B,2.71,$0.35B,$1.36B,0.26,$2.71B,$1.15B,42.33%,$2.71B,$0.38B,13.93%,$2.71B,$0.38B,13.93%,$2.71B,$0.42B,15.59%,$2.71B,$0.34B,12.71%,$2.71B,$0.22B,8.20%,$0.22B,$1.36B,17.29%,$0.22B,$0.57B,45.03%,$0.22B,$2.41B,9.70%,$0.38B,$1.71B,23.03%,$760,$438,$321,$0,$207,$648,$112,$-19,$92,$32,$60,$60,$61,$123,$112,$43,43,$1.39,$1.37,$757,$225,$0,$1413,$175,$0,$788,$27,$994,$2407,$521,$352,$58,$526,$1047,$1,$1093,$-110,$1360,$2407,$222,$46,$7,$53,$-46,$-15,$23,$52,$14,$289,$-55,$0,$-15,$0,$0,$0,$-3,$-72,$0,$0,$0,$12,$12,$-23,$7,$-4,$204,$18,$-23
13,2015-05-31,174.9,$30.41,5.75,$60.42,2.89,$9.08,19.26,$4.98,35.12,$1.34B,$0.49B,2.76,$0.35B,$1.31B,0.27,$2.62B,$1.11B,42.35%,$2.62B,$0.36B,13.61%,$2.62B,$0.36B,13.61%,$2.62B,$0.40B,15.33%,$2.62B,$0.33B,12.77%,$2.62B,$0.22B,8.22%,$0.22B,$1.31B,17.41%,$0.22B,$0.52B,48.81%,$0.22B,$2.33B,9.64%,$0.36B,$1.67B,22.42%,$684,$388,$296,$0,$196,$585,$99,$2,$101,$36,$65,$65,$64,$111,$99,$43,44,$1.49,$1.48,$652,$256,$0,$1344,$165,$0,$791,$25,$984,$2328,$486,$354,$58,$528,$1014,$1,$1039,$-89,$1314,$2328,$162,$34,$-9,$26,$-26,$-47,$17,$26,$-30,$158,$-41,$0,$-15,$0,$0,$0,$10,$-46,$0,$0,$0,$8,$8,$-17,$2,$-7,$100,$13,$-17
14,2015-02-28,156.93,$28.98,5.41,$58.71,2.67,$8.83,17.78,$4.51,34.8,$1.25B,$0.43B,2.88,$0.35B,$1.25B,0.28,$2.54B,$1.06B,41.60%,$2.54B,$0.33B,13.01%,$2.54B,$0.33B,13.01%,$2.54B,$0.37B,14.71%,$2.54B,$0.30B,11.75%,$2.54B,$0.20B,7.69%,$0.20B,$1.25B,16.41%,$0.20B,$0.46B,50.03%,$0.20B,$2.22B,9.03%,$0.33B,$1.61B,21.42%,$616,$360,$256,$0,$178,$538,$79,$-8,$71,$24,$46,$46,$46,$90,$79,$43,43,$1.07,$1.07,$601,$237,$0,$1250,$159,$0,$788,$17,$968,$2218,$434,$354,$60,$532,$967,$1,$980,$-88,$1252,$2218,$98,$23,$-4,$19,$12,$-27,$-4,$-21,$-41,$76,$-27,$0,$0,$0,$0,$0,$0,$-27,$0,$0,$0,$7,$7,$-11,$9,$5,$49,$8,$-11
15,2014-11-30,136.73,$28.09,4.87,$57.19,2.39,$8.68,15.76,$4.19,32.63,$1.23B,$0.45B,2.7,$0.35B,$1.21B,0.29,$2.47B,$1.01B,41.12%,$2.47B,$0.31B,12.53%,$2.47B,$0.31B,12.53%,$2.47B,$0.35B,14.27%,$2.47B,$0.28B,11.23%,$2.47B,$0.18B,7.38%,$0.18B,$1.21B,15.90%,$0.18B,$0.42B,53.26%,$0.18B,$2.21B,8.67%,$0.31B,$1.56B,20.63%,$647,$374,$273,$0,$176,$561,$87,$-7,$80,$29,$51,$51,$51,$98,$87,$43,43,$1.18,$1.17,$583,$214,$0,$1226,$161,$0,$796,$21,$981,$2206,$454,$354,$68,$542,$995,$1,$939,$-79,$1211,$2206,$51,$11,$-5,$7,$-1,$-3,$-9,$1,$-11,$47,$-19,$0,$0,$0,$0,$0,$0,$-19,$0,$0,$0,$5,$5,$-6,$6,$5,$31,$4,$-6
16,2014-08-31,122.43,$27.14,4.51,$55.63,2.2,$8.86,13.82,$4.05,30.23,$1.19B,$0.47B,2.52,$0.35B,$1.16B,0.3,$2.39B,$0.98B,40.85%,$2.39B,$0.30B,12.49%,$2.39B,$0.30B,12.49%,$2.39B,$0.34B,14.29%,$2.39B,$0.27B,11.11%,$2.39B,$0.18B,7.31%,$0.18B,$1.16B,15.88%,$0.18B,$0.36B,59.32%,$0.18B,$2.17B,8.58%,$0.30B,$1.52B,20.55%,$669,$385,$284,$0,$193,$578,$91,$-9,$82,$27,$55,$55,$54,$102,$91,$43,43,$1.27,$1.26,$553,$212,$0,$1186,$153,$0,$801,$24,$980,$2166,$471,$352,$57,$532,$1003,$1,$894,$-72,$1164,$2166,$176,$43,$8,$51,$-55,$-9,$38,$33,$6,$233,$-34,$0,$0,$0,$0,$0,$0,$-34,$0,$0,$0,$8,$8,$-23,$8,$-6,$193,$18,$-23
17,2014-05-31,123.9,$26.25,4.72,$53.72,2.31,$6.57,18.85,$3.82,32.44,$1.07B,$0.41B,2.62,$0.35B,$1.13B,0.31,$2.31B,$0.93B,40.43%,$2.31B,$0.29B,12.41%,$2.31B,$0.29B,12.41%,$2.31B,$0.33B,14.27%,$2.31B,$0.25B,11.02%,$2.31B,$0.17B,7.16%,$0.17B,$1.13B,15.57%,$0.17B,$0.32B,66.13%,$0.17B,$2.05B,8.36%,$0.29B,$1.48B,20.24%,$604,$361,$243,$0,$171,$531,$73,$-8,$65,$21,$44,$44,$44,$83,$73,$43,43,$1.01,$1.01,$467,$214,$0,$1070,$148,$0,$805,$25,$980,$2050,$409,$354,$58,$516,$925,$1,$844,$-58,$1125,$2050,$121,$32,$4,$36,$-34,$-10,$7,$10,$-28,$129,$-24,$0,$0,$0,$0,$0,$0,$-24,$0,$0,$0,$8,$8,$-17,$11,$2,$108,$13,$-17
18,2014-02-28,139.1,$25.20,5.52,$52.42,2.65,$5.17,26.91,$3.54,39.29,$0.99B,$0.37B,2.7,$0.35B,$1.08B,0.33,$2.24B,$0.91B,40.57%,$2.24B,$0.26B,11.73%,$2.24B,$0.26B,11.73%,$2.24B,$0.31B,13.64%,$2.24B,$0.23B,10.43%,$2.24B,$0.15B,6.78%,$0.15B,$1.08B,15.06%,$0.15B,$0.27B,77.35%,$0.15B,$1.97B,7.92%,$0.26B,$1.43B,19.31%,$546,$331,$215,$0,$157,$488,$58,$-8,$50,$18,$33,$33,$33,$69,$58,$43,43,$0.76,$0.75,$408,$229,$0,$991,$147,$0,$808,$25,$982,$1972,$367,$354,$66,$526,$893,$1,$806,$-60,$1079,$1972,$77,$21,$-0,$21,$9,$-25,$-6,$-20,$-41,$57,$-16,$0,$0,$0,$0,$0,$0,$-16,$0,$0,$0,$8,$8,$-11,$10,$7,$49,$9,$-11
19,2013-11-30,101.01,$24.36,4.15,$51.20,1.97,$3.68,27.45,$3.36,30.06,$0.98B,$0.40B,2.47,$0.35B,$1.04B,0.34,$2.18B,$0.89B,40.52%,$2.18B,$0.25B,11.45%,$2.18B,$0.25B,11.45%,$2.18B,$0.29B,13.37%,$2.18B,$0.22B,10.12%,$2.18B,$0.14B,6.55%,$0.14B,$1.04B,14.86%,$0.14B,$0.23B,91.81%,$0.14B,$1.97B,7.69%,$0.25B,$1.39B,19.01%,$575,$338,$237,$0,$160,$497,$77,$-9,$69,$24,$45,$45,$44,$88,$77,$43,43,$1.03,$1.03,$398,$208,$0,$979,$147,$0,$812,$27,$987,$1966,$396,$354,$69,$531,$927,$1,$779,$-60,$1040,$1966,$45,$11,$0,$11,$-14,$-5,$-5,$13,$-12,$43,$-8,$0,$0,$0,$0,$0,$0,$-8,$0,$0,$0,$3,$3,$-6,$5,$2,$39,$5,$-6
20,2013-08-31,84.12,$23.38,3.6,$49.18,1.71,$2.24,37.6,$2.94,28.61,$0.91B,$0.39B,2.37,$0.35B,$0.99B,0.36,$2.09B,$0.84B,40.10%,$2.09B,$0.22B,10.57%,$2.09B,$0.22B,10.57%,$2.09B,$0.26B,12.54%,$2.09B,$0.19B,9.19%,$2.09B,$0.13B,5.98%,$0.13B,$0.99B,13.61%,$0.13B,$0.18B,104.60%,$0.13B,$1.90B,6.94%,$0.22B,$1.35B,17.38%,$580,$343,$237,$0,$159,$502,$78,$-8,$70,$25,$45,$45,$44,$89,$78,$42,43,$1.04,$1.04,$359,$203,$0,$914,$148,$0,$813,$27,$990,$1904,$386,$354,$62,$524,$910,$1,$740,$-63,$994,$1904,$127,$41,$12,$53,$-55,$-7,$15,$-2,$-48,$132,$-33,$0,$-26,$0,$0,$0,$0,$-59,$0,$0,$0,$15,$15,$-22,$9,$1,$75,$17,$-22
21,2013-05-31,73.75,$21.79,3.38,$47.81,1.54,$3.26,22.6,$2.69,27.42,$0.84B,$0.36B,2.34,$0.35B,$0.92B,0.38,$2.02B,$0.81B,40.12%,$2.02B,$0.20B,10.08%,$2.02B,$0.20B,10.08%,$2.02B,$0.24B,12.06%,$2.02B,$0.17B,8.55%,$2.02B,$0.11B,5.63%,$0.11B,$0.92B,12.98%,$0.11B,$0.11B,131.79%,$0.11B,$1.83B,6.48%,$0.20B,$1.28B,16.56%,$542,$320,$221,$0,$164,$492,$50,$-5,$45,$14,$32,$32,$31,$60,$50,$42,43,$0.74,$0.73,$302,$201,$0,$837,$147,$0,$815,$26,$992,$1830,$358,$354,$69,$549,$907,$1,$701,$-84,$923,$1830,$83,$30,$6,$36,$-36,$-5,$5,$-16,$-51,$68,$-24,$0,$-26,$0,$0,$0,$0,$-50,$0,$0,$0,$10,$10,$-17,$7,$-0,$17,$13,$-17
22,2013-02-28,66.8,$21.07,3.17,$46.70,1.43,$4.24,15.77,$2.75,24.29,$0.78B,$0.31B,2.51,$0.35B,$0.89B,0.4,$1.97B,$0.79B,40.25%,$1.97B,$0.21B,10.71%,$1.97B,$0.21B,10.71%,$1.97B,$0.25B,12.79%,$1.97B,$0.18B,9.14%,$1.97B,$0.12B,5.89%,$0.12B,$0.89B,13.61%,$0.12B,$0.11B,171.22%,$0.12B,$1.74B,6.76%,$0.21B,$1.24B,17.49%,$487,$297,$190,$0,$144,$442,$45,$-8,$37,$13,$25,$25,$24,$55,$45,$42,43,$0.58,$0.57,$263,$194,$0,$784,$145,$0,$783,$27,$959,$1742,$313,$354,$62,$539,$852,$1,$675,$-85,$891,$1742,$51,$20,$5,$24,$-19,$1,$-19,$-38,$-76,$-0,$-22,$0,$-3,$0,$0,$0,$0,$-25,$0,$0,$0,$9,$9,$-11,$6,$4,$-22,$9,$-11
23,2012-11-30,64.74,$20.50,3.16,$46.18,1.4,$5.43,11.93,$2.64,24.52,$0.77B,$0.32B,2.41,$0.35B,$0.87B,0.41,$1.94B,$0.79B,40.44%,$1.94B,$0.21B,10.56%,$1.94B,$0.21B,10.56%,$1.94B,$0.25B,12.62%,$1.94B,$0.17B,8.91%,$1.94B,$0.11B,5.72%,$0.11B,$0.87B,13.40%,$0.11B,$0.08B,267.47%,$0.11B,$1.73B,6.60%,$0.21B,$1.22B,17.34%,$481,$292,$190,$0,$141,$433,$48,$-8,$40,$14,$26,$26,$26,$58,$48,$42,42,$0.61,$0.61,$268,$194,$0,$773,$144,$0,$783,$27,$958,$1732,$321,$354,$65,$544,$866,$1,$656,$-86,$866,$1732,$26,$10,$0,$10,$-7,$1,$-28,$-16,$-51,$-15,$-11,$0,$0,$0,$0,$0,$0,$-11,$0,$0,$0,$8,$8,$-6,$5,$8,$-17,$4,$-6
24,2012-08-31,62.66,$19.96,3.14,$46.18,1.36,$6.60,9.49,$2.73,22.95,$0.78B,$0.37B,2.14,$0.35B,$0.83B,0.42,$1.93B,$0.79B,40.80%,$1.93B,$0.21B,10.75%,$1.93B,$0.21B,10.75%,$1.93B,$0.25B,12.82%,$1.93B,$0.18B,9.26%,$1.93B,$0.11B,5.89%,$0.11B,$0.83B,14.19%,$0.11B,$0.05B,814.29%,$0.11B,$1.74B,6.92%,$0.21B,$1.19B,17.97%,$514,$304,$211,$0,$147,$453,$61,$-10,$51,$17,$33,$33,$33,$71,$61,$41,42,$0.78,$0.77,$285,$194,$0,$779,$139,$0,$786,$29,$958,$1737,$365,$354,$61,$538,$903,$1,$635,$-85,$834,$1737,$116,$40,$18,$58,$-2,$-29,$30,$-1,$-2,$172,$-31,$0,$-4,$0,$0,$0,$0,$-35,$0,$0,$0,$-2,$-2,$-22,$5,$-19,$114,$16,$-22
25,2012-05-31,53.11,$19.62,2.71,$45.50,1.17,$6.48,8.19,$2.74,19.38,$0.70B,$0.33B,2.13,$0.35B,$0.82B,0.43,$1.92B,$0.78B,40.61%,$1.92B,$0.20B,10.59%,$1.92B,$0.20B,10.59%,$1.92B,$0.24B,12.68%,$1.92B,$0.18B,9.29%,$1.92B,$0.11B,5.95%,$0.11B,$0.82B,14.54%,$0.11B,$0.03B,-1628.57%,$0.11B,$1.66B,7.07%,$0.20B,$1.17B,17.84%,$488,$286,$202,$0,$143,$430,$57,$-5,$52,$19,$34,$34,$33,$68,$57,$42,42,$0.80,$0.79,$228,$169,$0,$704,$132,$0,$788,$31,$952,$1657,$331,$354,$62,$506,$838,$1,$608,$-67,$819,$1657,$83,$30,$7,$37,$-10,$-4,$0,$-4,$-17,$103,$-19,$0,$-4,$0,$0,$0,$0,$-23,$0,$0,$0,$-3,$-3,$-17,$4,$-15,$58,$12,$-17
26,2012-02-29,60.46,$19.06,3.17,$44.53,1.36,$6.00,10.07,$2.57,23.52,$0.64B,$0.29B,2.2,$0.35B,$0.80B,0.44,$1.89B,$0.77B,40.62%,$1.89B,$0.20B,10.39%,$1.89B,$0.20B,10.39%,$1.89B,$0.24B,12.51%,$1.89B,$0.17B,8.91%,$1.89B,$0.11B,5.73%,$0.11B,$0.80B,13.95%,$0.11B,$0.00B,-626.09%,$0.11B,$1.60B,6.77%,$0.20B,$1.15B,17.38%,$458,$276,$182,$0,$136,$419,$39,$-9,$30,$11,$20,$20,$19,$48,$39,$41,42,$0.46,$0.46,$181,$159,$0,$643,$133,$0,$792,$28,$955,$1598,$292,$353,$62,$511,$803,$1,$580,$-59,$795,$1598,$50,$20,$5,$24,$4,$7,$-14,$-33,$-36,$38,$-9,$0,$-4,$0,$0,$0,$0,$-13,$0,$0,$0,$-3,$-3,$-11,$4,$-10,$10,$8,$-11
27,2011-11-30,48.74,$18.46,2.64,$43.28,1.13,$5.72,8.51,$2.56,19.04,$0.64B,$0.32B,2.01,$0.35B,$0.77B,0.46,$1.84B,$0.75B,40.56%,$1.84B,$0.19B,10.52%,$1.84B,$0.19B,10.52%,$1.84B,$0.24B,12.74%,$1.84B,$0.17B,9.06%,$1.84B,$0.11B,5.91%,$0.11B,$0.77B,14.30%,$0.11B,$-0.03B,-403.70%,$0.11B,$1.60B,6.90%,$0.19B,$1.12B,17.39%,$474,$281,$194,$0,$140,$424,$51,$-5,$46,$16,$30,$30,$29,$61,$51,$41,42,$0.71,$0.70,$173,$163,$0,$639,$134,$0,$793,$28,$956,$1595,$317,$353,$66,$512,$830,$1,$566,$-63,$765,$1595,$30,$10,$1,$11,$-2,$3,$-4,$-10,$-13,$28,$-4,$0,$-4,$0,$0,$0,$0,$-8,$0,$0,$0,$-8,$-8,$-6,$1,$-13,$3,$4,$-6
28,2011-08-31,44.53,$18.25,2.44,$41.84,1.06,$5.13,8.68,$2.42,18.4,$0.63B,$0.33B,1.9,$0.35B,$0.76B,0.47,$1.80B,$0.73B,40.67%,$1.80B,$0.19B,10.53%,$1.80B,$0.19B,10.53%,$1.80B,$0.23B,12.76%,$1.80B,$0.16B,8.80%,$1.80B,$0.10B,5.79%,$0.10B,$0.76B,13.83%,$0.10B,$-0.04B,-424.49%,$0.10B,$1.60B,6.66%,$0.19B,$1.11B,17.11%,$496,$296,$200,$0,$145,$441,$56,$-6,$50,$16,$34,$34,$33,$66,$56,$42,43,$0.80,$0.79,$170,$166,$0,$631,$143,$0,$793,$28,$967,$1597,$331,$353,$59,$509,$840,$1,$541,$-54,$757,$1597,$106,$40,$20,$60,$3,$-5,$6,$-8,$-5,$161,$-22,$0,$-90,$0,$0,$0,$0,$-113,$0,$0,$0,$-55,$-55,$-23,$5,$-72,$-21,$14,$-23
29,2011-05-31,58.81,$18.26,3.22,$40.50,1.45,$5.09,11.56,$2.25,26.14,$0.63B,$0.31B,2.0,$0.35B,$0.78B,0.45,$1.74B,$0.71B,40.96%,$1.74B,$0.18B,10.38%,$1.74B,$0.18B,10.38%,$1.74B,$0.22B,12.62%,$1.74B,$0.15B,8.55%,$1.74B,$0.10B,5.51%,$0.10B,$0.78B,13.04%,$0.10B,$-0.01B,-462.65%,$0.10B,$1.59B,6.24%,$0.18B,$1.13B,16.62%,$458,$269,$190,$0,$140,$408,$50,$-8,$42,$15,$27,$27,$27,$61,$50,$43,43,$0.63,$0.62,$161,$178,$0,$627,$147,$0,$788,$26,$965,$1591,$313,$353,$59,$499,$812,$1,$513,$-57,$779,$1591,$71,$30,$-1,$29,$10,$-18,$-10,$-1,$-18,$82,$-16,$0,$-90,$0,$0,$0,$0,$-107,$0,$0,$0,$3,$3,$-17,$5,$-9,$-30,$5,$-17
30,2011-02-28,54.41,$17.56,3.1,$39.23,1.39,$5.44,10.01,$2.11,25.79,$0.58B,$0.29B,2.03,$0.35B,$0.75B,0.47,$1.69B,$0.69B,40.64%,$1.69B,$0.17B,10.04%,$1.69B,$0.17B,10.04%,$1.69B,$0.21B,12.23%,$1.69B,$0.14B,8.27%,$1.69B,$0.09B,5.32%,$0.09B,$0.75B,12.49%,$0.09B,$-0.04B,-765.96%,$0.09B,$1.54B,5.97%,$0.17B,$1.10B,15.83%,$416,$252,$164,$0,$127,$379,$37,$-8,$29,$9,$20,$20,$20,$47,$37,$42,43,$0.46,$0.45,$126,$174,$0,$582,$145,$0,$784,$22,$955,$1537,$287,$353,$61,$502,$789,$1,$491,$-62,$748,$1537,$44,$19,$-2,$17,$22,$-14,$-23,$-17,$-33,$29,$-12,$0,$-81,$0,$0,$0,$0,$-92,$0,$0,$0,$2,$2,$-11,$4,$-5,$-66,$3,$-11
31,2010-11-30,51.72,$17.02,3.04,$38.41,1.35,$5.92,8.74,$1.84,28.11,$0.61B,$0.30B,2.02,$0.35B,$0.72B,0.49,$1.66B,$0.68B,40.70%,$1.66B,$0.16B,9.69%,$1.66B,$0.16B,9.69%,$1.66B,$0.20B,11.86%,$1.66B,$0.12B,7.28%,$1.66B,$0.08B,4.70%,$0.08B,$0.72B,11.01%,$0.08B,$-0.02B,-6240.00%,$0.08B,$1.52B,5.26%,$0.16B,$1.08B,15.17%,$425,$249,$176,$0,$131,$380,$46,$-9,$37,$12,$24,$24,$24,$55,$46,$42,43,$0.57,$0.56,$152,$174,$0,$613,$144,$0,$739,$22,$908,$1521,$304,$353,$63,$495,$799,$1,$478,$-67,$723,$1521,$24,$10,$-5,$5,$12,$-18,$-12,$-6,$-24,$5,$-7,$0,$-36,$0,$0,$0,$0,$-43,$0,$0,$0,$0,$0,$-6,$3,$-2,$-39,$-1,$-6
32,2010-08-31,37.11,$16.49,2.25,$37.57,0.99,$6.80,5.46,$1.81,20.5,$0.63B,$0.32B,1.95,$0.35B,$0.69B,0.51,$1.63B,$0.66B,40.60%,$1.63B,$0.16B,9.71%,$1.63B,$0.16B,9.71%,$1.63B,$0.19B,11.92%,$1.63B,$0.12B,7.37%,$1.63B,$0.08B,4.73%,$0.08B,$0.69B,10.98%,$0.08B,$-0.02B,2800.00%,$0.08B,$1.50B,5.38%,$0.16B,$1.05B,16.27%,$444,$260,$184,$0,$133,$396,$48,$-7,$41,$13,$27,$27,$25,$57,$48,$43,43,$0.63,$0.62,$191,$149,$0,$626,$138,$0,$715,$20,$877,$1504,$321,$353,$53,$488,$809,$1,$459,$-71,$694,$1504,$80,$37,$29,$66,$-29,$-9,$34,$20,$15,$161,$-22,$0,$-23,$0,$0,$0,$0,$-44,$109,$0,$109,$-30,$-30,$-23,$3,$59,$172,$9,$-23
33,2010-05-31,39.27,$16.69,2.35,$37.48,1.05,$5.32,7.38,$1.87,21.0,$0.61B,$0.28B,2.17,$0.35B,$0.72B,0.49,$1.61B,$0.64B,39.95%,$1.61B,$0.16B,9.96%,$1.61B,$0.16B,9.96%,$1.61B,$0.20B,12.26%,$1.61B,$0.12B,7.59%,$1.61B,$0.08B,5.04%,$0.08B,$0.72B,11.65%,$0.08B,$0.03B,3600.00%,$0.08B,$1.47B,5.88%,$0.16B,$1.07B,18.13%,$408,$244,$164,$0,$125,$368,$39,$-6,$33,$12,$21,$21,$21,$48,$39,$43,44,$0.49,$0.48,$195,$143,$0,$608,$141,$0,$690,$27,$860,$1469,$280,$353,$54,$472,$752,$1,$439,$-60,$717,$1469,$52,$28,$17,$44,$-10,$-3,$3,$11,$0,$97,$-16,$0,$0,$0,$0,$0,$0,$-16,$109,$0,$109,$5,$5,$-17,$2,$98,$176,$6,$-17
34,2010-02-28,37.11,$16.32,2.27,$37.62,0.99,$3.75,9.9,$1.92,19.33,$0.57B,$0.26B,2.2,$0.35B,$0.70B,0.51,$1.60B,$0.63B,39.60%,$1.60B,$0.16B,10.21%,$1.60B,$0.16B,10.21%,$1.60B,$0.20B,12.47%,$1.60B,$0.12B,7.64%,$1.60B,$0.08B,5.14%,$0.08B,$0.70B,12.04%,$0.08B,$0.01B,-585.71%,$0.08B,$1.43B,6.12%,$0.16B,$1.05B,19.50%,$384,$231,$152,$0,$119,$356,$28,$-18,$10,$3,$7,$7,$8,$37,$28,$43,43,$0.18,$0.17,$156,$148,$0,$572,$143,$0,$693,$24,$861,$1433,$261,$353,$56,$474,$734,$1,$423,$-57,$699,$1433,$31,$19,$15,$34,$2,$-7,$-5,$-8,$-18,$47,$-10,$0,$0,$0,$0,$0,$0,$-10,$109,$0,$109,$3,$3,$-11,$0,$101,$137,$3,$-11
35,2009-11-30,30.63,$16.28,1.88,$38.22,0.8,$2.49,12.29,$2.09,14.66,$0.45B,$0.48B,0.94,$0.02B,$0.69B,0.03,$1.60B,$0.62B,38.86%,$1.60B,$0.16B,10.26%,$1.60B,$0.16B,10.26%,$1.60B,$0.20B,12.45%,$1.60B,$0.13B,8.32%,$1.60B,$0.09B,5.51%,$0.09B,$0.69B,13.51%,$0.09B,$-0.00B,1852.63%,$0.09B,$1.32B,6.90%,$0.16B,$0.71B,21.33%,$392,$230,$161,$0,$119,$349,$43,$-7,$36,$12,$23,$23,$23,$52,$43,$42,43,$0.54,$0.53,$48,$145,$0,$450,$149,$0,$696,$20,$867,$1317,$481,$20,$58,$142,$623,$1,$422,$-54,$694,$1317,$23,$9,$-0,$9,$9,$-4,$1,$3,$9,$41,$-4,$0,$0,$0,$0,$0,$0,$-4,$-2,$0,$-2,$1,$1,$-6,$0,$-7,$30,$0,$-6
36,2009-08-31,30.35,$15.84,1.92,$40.27,0.75,$1.33,22.81,$2.04,14.88,$0.42B,$0.48B,0.89,$0.02B,$0.67B,0.03,$1.66B,$0.64B,38.30%,$1.66B,$0.16B,9.35%,$1.66B,$0.16B,9.35%,$1.66B,$0.19B,11.46%,$1.66B,$0.13B,7.66%,$1.66B,$0.08B,5.07%,$0.08B,$0.67B,13.54%,$0.08B,$-0.02B,275.41%,$0.08B,$1.29B,6.53%,$0.16B,$0.69B,19.78%,$423,$257,$165,$0,$115,$373,$50,$-7,$43,$14,$29,$29,$29,$60,$50,$41,42,$0.69,$0.68,$19,$141,$0,$423,$146,$0,$695,$24,$868,$1291,$476,$22,$56,$142,$618,$1,$404,$-57,$672,$1291,$85,$36,$11,$47,$43,$10,$-44,$-48,$-39,$93,$-21,$0,$-162,$0,$0,$0,$0,$-183,$-162,$0,$-162,$3,$3,$-22,$0,$-181,$-278,$10,$-22
37,2009-05-31,25.57,$15.56,1.64,$42.70,0.6,$4.30,5.95,$2.38,10.75,$0.46B,$0.33B,1.37,$0.22B,$0.66B,0.34,$1.76B,$0.68B,38.79%,$1.76B,$0.18B,10.18%,$1.76B,$0.18B,10.18%,$1.76B,$0.21B,12.12%,$1.76B,$0.15B,8.53%,$1.76B,$0.10B,5.52%,$0.10B,$0.66B,16.27%,$0.10B,$-0.04B,156.45%,$0.10B,$1.32B,7.38%,$0.18B,$0.88B,22.24%,$397,$243,$154,$0,$112,$355,$42,$-8,$33,$11,$22,$22,$22,$50,$42,$41,42,$0.52,$0.51,$28,$158,$0,$456,$145,$0,$697,$21,$865,$1321,$333,$224,$55,$329,$663,$0,$380,$-41,$659,$1321,$56,$26,$4,$30,$49,$-8,$-50,$-50,$-58,$27,$-15,$0,$-162,$0,$0,$0,$0,$-177,$-160,$61,$-99,$3,$3,$-16,$1,$-112,$-269,$0,$-16
38,2009-02-28,21.45,$14.41,1.49,$45.62,0.47,$6.17,3.48,$2.85,7.53,$0.51B,$0.28B,1.83,$0.20B,$0.58B,0.35,$1.87B,$0.74B,39.30%,$1.87B,$0.21B,11.16%,$1.87B,$0.21B,11.16%,$1.87B,$0.24B,12.97%,$1.87B,$0.18B,9.61%,$1.87B,$0.12B,6.19%,$0.12B,$0.58B,20.25%,$0.12B,$0.08B,124.06%,$0.12B,$1.17B,8.75%,$0.21B,$0.79B,26.92%,$386,$245,$141,$0,$108,$358,$29,$-7,$21,$7,$14,$14,$14,$37,$29,$40,41,$0.35,$0.34,$72,$165,$0,$509,$139,$0,$500,$19,$660,$1170,$279,$204,$57,$310,$589,$0,$390,$-54,$581,$1170,$34,$17,$-2,$15,$47,$-22,$-45,$-33,$-53,$-4,$-12,$0,$-31,$0,$0,$0,$0,$-43,$-160,$0,$-160,$3,$3,$-11,$1,$-167,$-225,$0,$-11
39,2008-11-30,25.12,$14.07,1.79,$47.79,0.53,$7.54,3.33,$3.32,7.57,$0.73B,$0.48B,1.51,$0.20B,$0.57B,0.36,$1.97B,$0.79B,39.95%,$1.97B,$0.24B,12.23%,$1.97B,$0.24B,12.23%,$1.97B,$0.28B,13.96%,$1.97B,$0.21B,10.76%,$1.97B,$0.14B,6.90%,$0.14B,$0.57B,24.32%,$0.14B,$0.10B,157.23%,$0.14B,$1.36B,9.98%,$0.24B,$0.77B,31.59%,$452,$277,$175,$0,$119,$418,$34,$-4,$30,$11,$19,$19,$19,$43,$34,$40,41,$0.48,$0.47,$265,$162,$0,$730,$143,$0,$467,$18,$630,$1360,$483,$204,$55,$309,$791,$0,$381,$-47,$569,$1360,$19,$9,$-4,$5,$18,$-19,$-23,$-8,$-33,$-8,$-4,$0,$-8,$0,$0,$0,$0,$-12,$0,$0,$0,$2,$2,$-5,$0,$-3,$-32,$0,$-5
40,2008-08-31,40.38,$14.32,2.82,$48.51,0.83,$8.32,4.85,$3.56,11.34,$0.76B,$0.52B,1.46,$0.20B,$0.58B,0.35,$2.03B,$0.82B,40.21%,$2.03B,$0.26B,12.93%,$2.03B,$0.26B,12.93%,$2.03B,$0.30B,14.55%,$2.03B,$0.23B,11.35%,$2.03B,$0.15B,7.30%,$0.15B,$0.58B,26.98%,$0.15B,$0.10B,200.00%,$0.15B,$1.41B,10.89%,$0.26B,$0.78B,33.07%,$523,$310,$212,$0,$139,$449,$74,$-8,$66,$24,$42,$42,$42,$83,$74,$41,42,$0.96,$0.96,$297,$146,$0,$756,$162,$0,$473,$16,$653,$1409,$519,$204,$59,$314,$833,$0,$367,$-23,$576,$1409,$148,$34,$4,$37,$27,$1,$-5,$13,$36,$222,$-27,$0,$-4,$0,$0,$0,$0,$-31,$0,$0,$0,$-151,$-151,$36,$5,$-110,$83,$5,$36
41,2008-05-31,49.25,$13.91,3.54,$48.22,1.02,$7.70,6.4,$3.70,13.31,$0.71B,$0.50B,1.42,$0.20B,$0.57B,0.36,$2.04B,$0.81B,39.77%,$2.04B,$0.26B,12.62%,$2.04B,$0.26B,12.62%,$2.04B,$0.29B,14.19%,$2.04B,$0.23B,11.15%,$2.04B,$0.16B,7.68%,$0.16B,$0.57B,27.42%,$0.16B,$0.09B,160.61%,$0.16B,$1.37B,11.12%,$0.26B,$0.77B,30.12%,$512,$304,$208,$0,$136,$441,$72,$-9,$63,$21,$42,$42,$41,$80,$72,$40,41,$1.03,$1.00,$216,$150,$0,$706,$164,$0,$477,$15,$660,$1366,$496,$204,$51,$305,$801,$0,$330,$-13,$565,$1366,$106,$25,$3,$27,$7,$-4,$-22,$-4,$-23,$111,$-21,$0,$-4,$0,$0,$0,$0,$-25,$-0,$0,$-0,$-132,$-132,$-17,$63,$-86,$3,$0,$-17
42,2008-02-29,40.96,$12.94,3.17,$47.19,0.87,$7.63,5.37,$3.58,11.44,$0.66B,$0.48B,1.36,$0.20B,$0.53B,0.39,$2.03B,$0.79B,39.04%,$2.03B,$0.25B,12.09%,$2.03B,$0.25B,12.09%,$2.03B,$0.28B,13.62%,$2.03B,$0.22B,10.72%,$2.03B,$0.16B,7.62%,$0.16B,$0.53B,26.22%,$0.16B,$0.05B,129.98%,$0.16B,$1.31B,10.66%,$0.25B,$0.73B,26.83%,$483,$291,$192,$0,$131,$422,$61,$-7,$53,$19,$34,$34,$34,$69,$61,$40,41,$0.84,$0.82,$185,$147,$0,$659,$163,$0,$474,$14,$655,$1314,$484,$204,$52,$303,$787,$0,$294,$-16,$527,$1314,$65,$17,$-5,$12,$25,$-0,$-31,$-15,$-21,$56,$-15,$0,$0,$0,$0,$0,$0,$-15,$-0,$0,$-0,$-128,$-128,$-12,$67,$-73,$-29,$0,$-12
43,2007-11-30,36.31,$12.71,2.86,$45.67,0.8,$7.80,4.65,$3.31,10.97,$0.69B,$0.35B,1.96,$0.36B,$0.53B,0.69,$2.00B,$0.77B,38.45%,$2.00B,$0.23B,11.28%,$2.00B,$0.23B,11.28%,$2.00B,$0.26B,12.83%,$2.00B,$0.20B,9.87%,$2.00B,$0.15B,7.27%,$0.15B,$0.53B,23.88%,$0.15B,$0.05B,105.45%,$0.15B,$1.35B,9.77%,$0.23B,$0.89B,23.08%,$509,$306,$203,$0,$134,$454,$55,$-7,$48,$17,$31,$31,$31,$63,$55,$42,43,$0.74,$0.72,$202,$147,$0,$689,$162,$0,$474,$19,$659,$1348,$352,$364,$60,$470,$822,$0,$265,$-19,$526,$1348,$31,$8,$-0,$8,$11,$-0,$-21,$-3,$-13,$26,$-6,$0,$0,$0,$0,$0,$0,$-6,$-0,$0,$-0,$-92,$-92,$-6,$63,$-35,$-12,$0,$-6
44,2007-08-31,48.16,$15.51,3.1,$44.74,1.08,$8.16,5.9,$3.36,14.33,$0.87B,$0.47B,1.84,$0.36B,$0.67B,0.54,$1.96B,$0.74B,37.88%,$1.96B,$0.22B,11.41%,$1.96B,$0.22B,11.41%,$1.96B,$0.25B,12.93%,$1.96B,$0.19B,9.88%,$1.96B,$0.15B,7.54%,$0.15B,$0.67B,24.02%,$0.15B,$0.20B,99.66%,$0.15B,$1.62B,9.85%,$0.22B,$1.04B,22.73%,$540,$330,$210,$0,$141,$471,$70,$-5,$64,$21,$43,$43,$51,$78,$70,$43,44,$1.21,$1.17,$214,$147,$0,$868,$162,$0,$474,$22,$750,$1618,$470,$364,$53,$476,$946,$0,$314,$-10,$672,$1618,$148,$31,$-24,$7,$-2,$18,$1,$37,$53,$209,$-30,$0,$-44,$0,$0,$0,$0,$-73,$0,$0,$0,$-18,$-18,$-26,$15,$-29,$133,$0,$-26
45,2007-05-31,55.51,$14.66,3.79,$35.11,1.58,$6.41,8.67,$3.13,17.74,$0.84B,$0.43B,1.97,$0.37B,$0.64B,0.58,$1.55B,$0.50B,32.15%,$1.55B,$0.18B,11.77%,$1.55B,$0.18B,11.77%,$1.55B,$0.21B,13.26%,$1.55B,$0.15B,9.64%,$1.55B,$0.14B,8.93%,$0.14B,$0.64B,23.64%,$0.14B,$0.17B,117.20%,$0.14B,$1.54B,9.46%,$0.18B,$1.01B,19.06%,$502,$314,$189,$0,$129,$443,$60,$-7,$53,$18,$34,$34,$39,$67,$60,$43,44,$0.90,$0.88,$178,$206,$0,$837,$211,$0,$465,$19,$699,$1536,$426,$371,$87,$471,$897,$0,$269,$-12,$640,$1536,$97,$23,$-17,$6,$-3,$6,$-9,$17,$12,$114,$-22,$0,$0,$0,$0,$0,$0,$-22,$0,$0,$0,$-5,$-5,$-20,$14,$-10,$93,$0,$-20
46,2007-02-28,50.51,$13.61,3.71,$36.98,1.37,$5.44,9.29,$2.88,17.54,$0.74B,$0.38B,1.98,$0.37B,$0.59B,0.63,$1.65B,$0.56B,33.82%,$1.65B,$0.17B,10.56%,$1.65B,$0.17B,10.56%,$1.65B,$0.20B,12.08%,$1.65B,$0.14B,8.50%,$1.65B,$0.13B,7.77%,$0.13B,$0.59B,23.04%,$0.13B,$0.13B,143.82%,$0.13B,$1.44B,8.96%,$0.17B,$0.96B,18.78%,$444,$279,$165,$0,$125,$405,$40,$-8,$32,$10,$22,$22,$24,$48,$40,$43,44,$0.57,$0.55,$123,$209,$0,$743,$209,$0,$465,$16,$693,$1436,$376,$371,$85,$469,$846,$0,$237,$-19,$591,$1436,$52,$16,$-6,$10,$38,$4,$-24,$-15,$4,$65,$-14,$0,$0,$0,$0,$0,$0,$-14,$0,$0,$0,$-9,$-9,$-13,$12,$-10,$40,$0,$-13
47,2006-11-30,47.92,$13.04,3.67,$38.86,1.23,$4.49,10.67,$2.65,18.08,$0.72B,$0.39B,1.88,$0.37B,$0.56B,0.66,$1.75B,$0.61B,34.63%,$1.75B,$0.16B,9.36%,$1.75B,$0.16B,9.36%,$1.75B,$0.19B,10.90%,$1.75B,$0.13B,7.42%,$1.75B,$0.12B,6.79%,$0.12B,$0.56B,21.92%,$0.12B,$0.10B,156.58%,$0.12B,$1.42B,8.40%,$0.16B,$0.93B,17.94%,$478,$297,$180,$0,$127,$424,$54,$-8,$45,$16,$30,$30,$34,$61,$54,$42,44,$0.80,$0.77,$103,$212,$0,$722,$210,$0,$466,$20,$700,$1422,$385,$371,$91,$475,$860,$0,$219,$-16,$562,$1422,$34,$8,$-9,$-1,$39,$2,$-29,$-2,$11,$43,$-7,$0,$0,$0,$0,$0,$0,$-7,$0,$0,$0,$-17,$-17,$-6,$8,$-16,$14,$0,$-6
