,Date,Stock Price,Book Value per Share,Price to Book Ratio,TTM Sales per Share,Price to Sales Ratio,TTM FCF per Share,Price to FCF Ratio,TTM Net EPS,PE Ratio,Current Assets,Current Liabilities,Current Ratio,Long Term Debt,Shareholder's Equity_x,Debt to Equity Ratio,TTM Revenue_x,TTM Gross Profit,Gross Margin,TTM Revenue_y,TTM Operating Income,Operating Margin,TTM Revenue_x,TTM EBIT,EBIT Margin,TTM Revenue_y,TTM EBITDA,EBITDA Margin,TTM Revenue_x,TTM Pre-Tax Income,Pre-Tax Margin,TTM Revenue_y,TTM Net Income_x,Net Margin,TTM Net Income_y,Shareholder's Equity_y,Return on Equity,TTM Net Income_x,Tangible Equity,Return on Tangible Equity,TTM Net Income_y,Total Assets,Return on Assets,TTM Net Income,LT Investments & Debt,Return on Investment,revenue,cost-goods-sold,gross-profit,research-development-expenses,selling-general-administrative-expenses,operating-expenses,operating-income,total-non-operating-income-expense,pre-tax-income,total-provision-income-taxes,income-after-taxes,income-from-continuous-operations,net-income,ebitda,ebit,basic-shares-outstanding,shares-outstanding,eps-basic-net-earnings-per-share,eps-earnings-per-share-diluted,cash-on-hand,inventory,other-current-assets,total-current-assets,net-property-plant-equipment,long-term-investments,goodwill-intangible-assets-total,other-long-term-assets,total-long-term-assets,total-assets,total-current-liabilities,long-term-debt,other-non-current-liabilities,total-long-term-liabilities,total-liabilities,common-stock-net,retained-earnings-accumulated-deficit,comprehensive-income,total-share-holder-equity,total-liabilities-share-holders-equity,net-income-loss,total-depreciation-amortization-cash-flow,other-non-cash-items,total-non-cash-items,change-in-accounts-receivable,change-in-inventories,change-in-accounts-payable,change-in-assets-liabilities,total-change-in-assets-liabilities,cash-flow-from-operating-activities,net-change-in-property-plant-equipment,net-change-in-intangible-assets,net-acquisitions-divestitures,net-change-in-short-term-investments,net-change-in-long-term-investments,net-change-in-investments-total,investing-activities-other,cash-flow-from-investing-activities,net-long-term-debt,net-current-debt,debt-issuance-retirement-net-total,net-common-equity-issued-repurchased,net-total-equity-issued-repurchased,total-common-preferred-stock-dividends-paid,financial-activities-other,cash-flow-from-financial-activities,net-cash-flow,stock-based-compensation,common-stock-dividends-paid
0,2018-08-31,766.88,$-59.06,-12.98,$405.80,1.89,$127.65,6.01,$48.82,15.71,$4.64B,$5.03B,0.92,$5.01B,$-1.52B,-3.29,$11.22B,$5.97B,53.24%,$11.22B,$1.81B,16.14%,$11.22B,$1.81B,16.14%,$11.22B,$2.16B,19.29%,$11.22B,$1.64B,14.59%,$11.22B,$1.34B,11.92%,$1.34B,$-1.52B,-93.27%,$1.34B,$-1.82B,-76.06%,$1.34B,$9.35B,14.29%,$1.81B,$3.49B,50.84%,$3559,$1651,$1908,$0,$1317,$2968,$591,$-54,$537,$137,$400,$400,$400,$702,$591,$27,27,$15.22,$14.97,$218,$3944,$216,$4636,$4218,$0,$303,$155,$4711,$9347,$5029,$5006,$548,$5839,$10867,$0,$-1209,$-236,$-1520,$9347,$1338,$353,$231,$585,$8,$-189,$0,$26,$158,$2080,$-522,$0,$35,$-35,$0,$-35,$0,$-522,$-299,$170,$-129,$-1502,$-1502,$0,$-1,$-1632,$-75,$44,$0
1,2018-05-31,649.32,$-51.07,-12.71,$396.89,1.64,$105.92,6.13,$49.07,13.23,$4.67B,$4.92B,0.95,$4.96B,$-1.36B,-3.64,$11.18B,$5.92B,52.98%,$11.18B,$1.93B,17.25%,$11.18B,$1.93B,17.25%,$11.18B,$2.28B,20.36%,$11.18B,$1.76B,15.71%,$11.18B,$1.37B,12.28%,$1.37B,$-1.36B,-97.20%,$1.37B,$-1.66B,-78.02%,$1.37B,$9.30B,14.69%,$1.93B,$3.59B,53.49%,$2660,$1237,$1423,$0,$877,$2114,$546,$-42,$504,$137,$367,$367,$367,$627,$546,$27,27,$13.62,$13.42,$218,$4006,$186,$4671,$4123,$0,$303,$171,$4630,$9302,$4918,$4955,$552,$5745,$10663,$0,$-1624,$-295,$-1362,$9302,$937,$243,$87,$330,$4,$-255,$0,$48,$-11,$1256,$-292,$0,$0,$-11,$0,$-11,$0,$-303,$-37,$-130,$-166,$-857,$-857,$0,$-1,$-1025,$-75,$30,$0
2,2018-02-28,664.72,$-48.83,-13.61,$389.85,1.71,$93.12,7.14,$47.09,14.12,$4.83B,$4.95B,0.98,$5.04B,$-1.33B,-3.79,$11.13B,$5.88B,52.77%,$11.13B,$1.91B,17.17%,$11.13B,$1.91B,17.17%,$11.13B,$2.26B,20.25%,$11.13B,$1.75B,15.68%,$11.13B,$1.34B,12.01%,$1.34B,$-1.33B,-89.16%,$1.34B,$-1.63B,-71.54%,$1.34B,$9.40B,14.42%,$1.91B,$3.71B,53.62%,$2413,$1136,$1277,$0,$1072,$2208,$205,$-39,$166,$-124,$290,$290,$290,$286,$205,$27,28,$10.58,$10.38,$289,$4086,$170,$4826,$4081,$0,$303,$159,$4577,$9404,$4947,$5044,$521,$5787,$10734,$0,$-1990,$-286,$-1331,$9404,$571,$161,$66,$228,$-3,$-269,$0,$22,$-46,$752,$-213,$0,$0,$-18,$0,$-18,$0,$-231,$-61,$0,$-61,$-462,$-462,$0,$-1,$-524,$-5,$24,$0
3,2017-11-30,686.76,$-55.94,-12.28,$381.33,1.8,$85.65,8.02,$44.79,15.33,$4.72B,$5.07B,0.93,$4.98B,$-1.53B,-3.27,$11.01B,$5.80B,52.72%,$11.01B,$2.09B,18.99%,$11.01B,$2.09B,18.99%,$11.01B,$2.43B,22.05%,$11.01B,$1.93B,17.53%,$11.01B,$1.28B,11.66%,$1.28B,$-1.53B,-79.09%,$1.28B,$-1.92B,-63.71%,$1.28B,$9.40B,14.04%,$2.09B,$3.46B,60.29%,$2589,$1223,$1366,$0,$897,$2120,$469,$-39,$430,$149,$281,$281,$281,$549,$469,$28,28,$10.17,$10.00,$258,$4012,$175,$4717,$4061,$0,$392,$193,$4680,$9397,$5068,$4983,$489,$5855,$10922,$0,$-1361,$-296,$-1525,$9397,$281,$80,$20,$100,$7,$-151,$0,$21,$184,$565,$-110,$0,$0,$-25,$0,$-25,$0,$-135,$-18,$-99,$-117,$-346,$-346,$0,$-1,$-464,$-36,$11,$0
4,2017-08-31,528.44,$-51.32,-10.3,$372.26,1.42,$79.86,6.62,$44.15,11.97,$4.61B,$4.77B,0.97,$5.08B,$-1.43B,-3.56,$10.89B,$5.74B,52.71%,$10.89B,$2.08B,19.11%,$10.89B,$2.08B,19.11%,$10.89B,$2.41B,22.15%,$10.89B,$1.93B,17.69%,$10.89B,$1.28B,11.76%,$1.28B,$-1.43B,-74.65%,$1.28B,$-1.82B,-60.77%,$1.28B,$9.26B,14.26%,$2.08B,$3.65B,61.58%,$3513,$1658,$1854,$0,$1146,$2805,$708,$-51,$656,$222,$434,$434,$434,$813,$708,$28,29,$15.45,$15.19,$293,$3882,$155,$4611,$4031,$0,$392,$190,$4649,$9260,$4766,$5081,$470,$5922,$10688,$0,$-1642,$-255,$-1428,$9260,$1281,$331,$95,$427,$8,$-237,$0,$13,$-137,$1571,$-551,$0,$0,$-3,$0,$-3,$0,$-554,$152,$-42,$110,$-1017,$-1017,$0,$-7,$-914,$104,$38,$0
5,2017-05-31,605.92,$-60.88,-9.95,$362.88,1.67,$82.65,7.33,$43.18,14.03,$4.51B,$4.79B,0.94,$5.15B,$-1.71B,-3.01,$10.78B,$5.68B,52.72%,$10.78B,$2.08B,19.27%,$10.78B,$2.08B,19.27%,$10.78B,$2.40B,22.26%,$10.78B,$1.93B,17.89%,$10.78B,$1.27B,11.82%,$1.27B,$-1.71B,-70.54%,$1.27B,$-2.11B,-57.97%,$1.27B,$9.03B,14.45%,$2.08B,$3.44B,63.87%,$2619,$1241,$1378,$0,$849,$2089,$530,$-36,$494,$162,$332,$332,$332,$607,$530,$28,29,$11.70,$11.44,$227,$3861,$143,$4507,$3904,$0,$392,$187,$4521,$9028,$4794,$5153,$498,$5949,$10742,$0,$-2076,$-310,$-1714,$9028,$847,$226,$37,$263,$11,$-234,$0,$14,$-101,$1009,$-357,$0,$0,$-2,$0,$-2,$0,$-359,$166,$31,$196,$-801,$-801,$0,$-7,$-612,$37,$29,$0
6,2017-02-28,736.55,$-64.18,-11.48,$357.89,2.06,$86.42,8.52,$42.51,17.33,$4.49B,$4.78B,0.94,$5.15B,$-1.83B,-2.82,$10.75B,$5.67B,52.77%,$10.75B,$2.08B,19.37%,$10.75B,$2.08B,19.37%,$10.75B,$2.40B,22.32%,$10.75B,$1.94B,18.01%,$10.75B,$1.27B,11.81%,$1.27B,$-1.83B,-68.90%,$1.27B,$-2.22B,-56.82%,$1.27B,$8.90B,14.64%,$2.08B,$3.32B,65.82%,$2289,$1084,$1206,$0,$822,$1905,$384,$-34,$350,$113,$237,$237,$237,$459,$384,$29,29,$8.29,$8.08,$211,$3902,$133,$4493,$3804,$0,$392,$178,$4410,$8903,$4784,$5152,$503,$5946,$10730,$0,$-2408,$-346,$-1827,$8903,$515,$149,$23,$172,$39,$-291,$0,$21,$-123,$564,$-215,$0,$0,$13,$0,$13,$0,$-203,$203,$0,$203,$-537,$-537,$0,$-2,$-337,$21,$21,$0
7,2016-11-30,783.18,$-66.12,-11.84,$353.20,2.22,$86.79,9.02,$41.86,18.71,$4.37B,$4.85B,0.9,$5.00B,$-1.90B,-2.64,$10.72B,$5.66B,52.79%,$10.72B,$2.08B,19.42%,$10.72B,$2.08B,19.42%,$10.72B,$2.39B,22.33%,$10.72B,$1.94B,18.06%,$10.72B,$1.26B,11.77%,$1.26B,$-1.90B,-69.27%,$1.26B,$-2.29B,-57.01%,$1.26B,$8.74B,14.77%,$2.08B,$3.10B,69.51%,$2468,$1166,$1302,$0,$843,$2009,$459,$-33,$426,$147,$278,$278,$278,$533,$459,$29,30,$9.61,$9.36,$196,$3773,$129,$4369,$3751,$0,$392,$196,$4374,$8743,$4850,$4997,$497,$5788,$10638,$0,$-1324,$-346,$-1895,$8743,$278,$74,$17,$90,$15,$-161,$0,$11,$38,$407,$-98,$0,$0,$-2,$0,$-2,$0,$-100,$-11,$72,$61,$-357,$-357,$0,$-2,$-298,$6,$10,$0
8,2016-08-31,741.8,$-61.39,-12.08,$346.75,2.14,$84.75,8.75,$40.79,18.19,$4.24B,$4.69B,0.9,$4.92B,$-1.79B,-2.76,$10.64B,$5.61B,52.74%,$10.64B,$2.06B,19.37%,$10.64B,$2.06B,19.37%,$10.64B,$2.37B,22.25%,$10.64B,$1.91B,17.99%,$10.64B,$1.24B,11.68%,$1.24B,$-1.79B,-69.29%,$1.24B,$-2.18B,-56.86%,$1.24B,$8.60B,14.76%,$2.06B,$3.14B,69.54%,$3399,$1604,$1795,$0,$1091,$2695,$703,$-46,$658,$231,$427,$427,$427,$800,$703,$30,30,$14.49,$14.21,$190,$3632,$130,$4240,$3733,$0,$392,$198,$4360,$8600,$4690,$4924,$488,$5697,$10387,$0,$-1602,$-308,$-1788,$8600,$1241,$305,$32,$338,$-41,$-228,$0,$10,$63,$1641,$-486,$-10,$0,$-10,$0,$-10,$0,$-506,$114,$150,$264,$-1372,$-1372,$0,$-8,$-1117,$14,$40,$0
9,2016-05-31,762.2,$-63.16,-12.07,$337.44,2.26,$80.85,9.43,$39.24,19.42,$4.23B,$4.65B,0.91,$4.95B,$-1.86B,-2.66,$10.53B,$5.54B,52.65%,$10.53B,$2.03B,19.25%,$10.53B,$2.03B,19.25%,$10.53B,$2.32B,22.08%,$10.53B,$1.88B,17.83%,$10.53B,$1.22B,11.55%,$1.22B,$-1.86B,-68.67%,$1.22B,$-2.26B,-56.22%,$1.22B,$8.46B,14.67%,$2.03B,$3.09B,69.65%,$2594,$1223,$1370,$0,$834,$2057,$536,$-34,$502,$175,$328,$328,$328,$607,$536,$30,30,$10.99,$10.77,$213,$3597,$120,$4225,$3619,$0,$392,$196,$4239,$8464,$4648,$4954,$481,$5680,$10327,$0,$-2029,$-270,$-1863,$8464,$814,$209,$26,$235,$-48,$-186,$0,$18,$46,$1095,$-297,$-10,$0,$-9,$0,$-9,$0,$-316,$321,$-19,$302,$-1032,$-1032,$0,$-8,$-737,$38,$28,$0
10,2016-02-29,774.57,$-57.85,-13.39,$329.31,2.35,$76.36,10.14,$38.04,20.36,$4.21B,$5.00B,0.84,$4.39B,$-1.74B,-2.52,$10.43B,$5.48B,52.51%,$10.43B,$2.00B,19.22%,$10.43B,$2.00B,19.22%,$10.43B,$2.30B,22.01%,$10.43B,$1.86B,17.81%,$10.43B,$1.20B,11.48%,$1.20B,$-1.74B,-69.77%,$1.20B,$-2.13B,-56.84%,$1.20B,$8.37B,14.63%,$2.00B,$2.65B,70.10%,$2257,$1067,$1191,$0,$808,$1875,$383,$-33,$350,$121,$229,$229,$229,$453,$383,$30,31,$7.58,$7.43,$208,$3591,$115,$4210,$3545,$0,$392,$196,$4157,$8366,$4995,$4388,$477,$5113,$10108,$0,$-2356,$-308,$-1741,$8366,$487,$138,$29,$167,$-50,$-193,$0,$15,$-91,$562,$-185,$-10,$0,$-5,$0,$-5,$0,$-201,$199,$0,$199,$-519,$-519,$0,$-0,$-320,$33,$19,$0
11,2015-11-30,783.77,$-58.74,-13.34,$321.85,2.44,$73.12,10.72,$37.12,21.11,$4.05B,$4.78B,0.85,$4.75B,$-1.78B,-2.67,$10.31B,$5.40B,52.40%,$10.31B,$1.98B,19.22%,$10.31B,$1.98B,19.22%,$10.31B,$2.27B,21.96%,$10.31B,$1.83B,17.78%,$10.31B,$1.18B,11.44%,$1.18B,$-1.78B,-71.61%,$1.18B,$-2.17B,-57.96%,$1.18B,$8.22B,14.61%,$1.98B,$2.98B,67.87%,$2386,$1133,$1253,$0,$815,$1948,$438,$-35,$403,$145,$258,$258,$258,$506,$438,$30,31,$8.46,$8.29,$165,$3516,$121,$4054,$3537,$0,$392,$193,$4164,$8218,$4775,$4754,$466,$5220,$9996,$0,$-1161,$-240,$-1778,$8218,$258,$68,$10,$78,$0,$-90,$0,$7,$11,$347,$-86,$-10,$0,$-5,$0,$-5,$0,$-101,$-310,$428,$118,$-375,$-375,$0,$0,$-257,$-10,$9,$0
12,2015-08-31,715.99,$-55.49,-12.9,$314.22,2.28,$73.38,9.76,$36.10,19.83,$3.97B,$4.71B,0.84,$4.63B,$-1.70B,-2.72,$10.19B,$5.33B,52.30%,$10.19B,$1.95B,19.17%,$10.19B,$1.95B,19.17%,$10.19B,$2.23B,21.89%,$10.19B,$1.80B,17.70%,$10.19B,$1.16B,11.39%,$1.16B,$-1.70B,-71.65%,$1.16B,$-2.09B,-57.85%,$1.16B,$8.10B,14.59%,$1.95B,$2.92B,71.64%,$3290,$1563,$1728,$0,$1058,$2621,$669,$-47,$622,$221,$401,$401,$401,$758,$669,$32,32,$12.93,$12.68,$175,$3422,$122,$3970,$3506,$0,$392,$192,$4132,$8102,$4713,$4625,$466,$5091,$9804,$0,$-1419,$-250,$-1701,$8102,$1160,$276,$77,$353,$-36,$-267,$0,$-3,$60,$1573,$-479,$-10,$-76,$-3,$0,$-3,$0,$-568,$269,$0,$269,$-1205,$-1205,$0,$-9,$-945,$51,$41,$0
13,2015-05-31,673.62,$-52.60,-12.81,$302.06,2.23,$66.18,10.18,$34.63,19.45,$3.95B,$4.69B,0.84,$4.53B,$-1.64B,-2.76,$9.95B,$5.20B,52.23%,$9.95B,$1.91B,19.24%,$9.95B,$1.91B,19.24%,$9.95B,$2.18B,21.95%,$9.95B,$1.76B,17.71%,$9.95B,$1.13B,11.39%,$1.13B,$-1.64B,-70.85%,$1.13B,$-2.03B,-57.24%,$1.13B,$8.03B,14.53%,$1.91B,$2.89B,72.90%,$2493,$1190,$1303,$0,$789,$1979,$514,$-32,$482,$173,$309,$309,$309,$578,$514,$32,32,$9.77,$9.57,$153,$3468,$110,$3950,$3426,$0,$385,$223,$4082,$8032,$4693,$4533,$449,$4983,$9676,$0,$-1820,$-197,$-1643,$8032,$759,$187,$24,$212,$5,$-294,$0,$10,$28,$999,$-296,$-10,$-76,$-3,$0,$-3,$0,$-385,$164,$0,$164,$-784,$-784,$0,$36,$-584,$29,$30,$0
14,2015-02-28,642.68,$-46.04,-13.96,$294.33,2.18,$65.50,9.81,$33.52,19.17,$3.91B,$4.62B,0.85,$4.36B,$-1.47B,-2.97,$9.80B,$5.11B,52.15%,$9.80B,$1.88B,19.18%,$9.80B,$1.88B,19.18%,$9.80B,$2.14B,21.89%,$9.80B,$1.72B,17.59%,$9.80B,$1.11B,11.32%,$1.11B,$-1.47B,-67.60%,$1.11B,$-1.85B,-55.00%,$1.11B,$7.95B,14.53%,$1.88B,$2.89B,75.41%,$2144,$1024,$1120,$0,$759,$1782,$361,$-35,$327,$115,$212,$212,$212,$423,$361,$32,33,$6.64,$6.51,$152,$3457,$102,$3914,$3376,$0,$384,$226,$4036,$7950,$4623,$4361,$434,$4795,$9419,$0,$-2129,$-186,$-1469,$7950,$450,$124,$11,$135,$21,$-278,$0,$-7,$-108,$477,$-184,$-10,$-76,$-2,$0,$-2,$0,$-271,$86,$0,$86,$-288,$-288,$0,$27,$-175,$27,$20,$0
15,2014-11-30,577.71,$-52.25,-11.06,$286.55,2.02,$66.63,8.67,$32.64,17.7,$3.71B,$5.09B,0.73,$3.86B,$-1.66B,-2.32,$9.64B,$5.03B,52.13%,$9.64B,$1.86B,19.24%,$9.64B,$1.86B,19.24%,$9.64B,$2.12B,21.97%,$9.64B,$1.69B,17.57%,$9.64B,$1.09B,11.30%,$1.09B,$-1.66B,-64.09%,$1.09B,$-2.05B,-52.59%,$1.09B,$7.72B,14.61%,$1.86B,$2.20B,77.88%,$2260,$1084,$1177,$0,$768,$1852,$409,$-37,$372,$133,$238,$238,$238,$471,$409,$32,33,$7.42,$7.27,$117,$3280,$108,$3708,$3358,$0,$384,$222,$4010,$7717,$5091,$3863,$426,$4289,$9380,$0,$-1291,$-146,$-1663,$7717,$238,$63,$8,$70,$24,$-84,$0,$-15,$67,$375,$-92,$-10,$-76,$-3,$0,$-3,$0,$-181,$-9,$78,$69,$-280,$-280,$0,$10,$-201,$-7,$9,$0
16,2014-08-31,538.84,$-50.21,-10.73,$277.93,1.94,$65.90,8.18,$31.66,17.02,$3.58B,$4.54B,0.79,$4.14B,$-1.62B,-2.55,$9.48B,$4.94B,52.08%,$9.48B,$1.83B,19.31%,$9.48B,$1.83B,19.31%,$9.48B,$2.09B,22.03%,$9.48B,$1.66B,17.55%,$9.48B,$1.07B,11.29%,$1.07B,$-1.62B,-62.38%,$1.07B,$-1.99B,-51.36%,$1.07B,$7.50B,14.68%,$1.83B,$2.52B,76.09%,$3050,$1454,$1595,$0,$965,$2419,$630,$-49,$581,$207,$374,$374,$374,$711,$630,$33,34,$11.42,$11.19,$124,$3140,$110,$3581,$3310,$0,$368,$193,$3917,$7497,$4541,$4142,$436,$4578,$9119,$0,$-1529,$-129,$-1622,$7497,$1070,$258,$8,$266,$-28,$-277,$0,$2,$6,$1341,$-434,$-11,$0,$-3,$0,$-3,$0,$-448,$124,$0,$124,$-1057,$-1057,$0,$21,$-912,$-18,$39,$0
17,2014-05-31,532.5,$-55.45,-9.6,$272.54,1.95,$66.74,7.98,$30.80,17.29,$3.59B,$4.60B,0.78,$4.16B,$-1.81B,-2.3,$9.52B,$4.94B,51.93%,$9.52B,$1.84B,19.28%,$9.52B,$1.84B,19.28%,$9.52B,$2.09B,21.92%,$9.52B,$1.66B,17.40%,$9.52B,$1.07B,11.21%,$1.07B,$-1.81B,-61.62%,$1.07B,$-2.18B,-50.82%,$1.07B,$7.37B,14.95%,$1.84B,$2.36B,77.91%,$2342,$1125,$1217,$0,$738,$1863,$479,$-36,$443,$158,$285,$285,$285,$539,$479,$33,34,$8.62,$8.46,$145,$3133,$112,$3588,$3193,$0,$368,$206,$3784,$7372,$4604,$4163,$413,$4576,$9180,$0,$-1903,$-106,$-1808,$7372,$696,$177,$8,$185,$-18,$-268,$0,$11,$90,$971,$-260,$-11,$0,$-4,$0,$-4,$0,$-275,$167,$0,$167,$-877,$-877,$0,$16,$-694,$3,$29,$0
18,2014-02-28,538.44,$-51.27,-10.5,$263.48,2.04,$63.29,8.51,$29.61,18.18,$3.54B,$4.40B,0.8,$4.16B,$-1.71B,-2.43,$9.39B,$4.87B,51.89%,$9.39B,$1.81B,19.32%,$9.39B,$1.81B,19.32%,$9.39B,$2.06B,21.94%,$9.39B,$1.63B,17.35%,$9.39B,$1.05B,11.17%,$1.05B,$-1.71B,-63.04%,$1.05B,$-2.08B,-51.50%,$1.05B,$7.26B,14.99%,$1.81B,$2.45B,76.02%,$1990,$953,$1037,$0,$700,$1653,$337,$-39,$298,$105,$193,$193,$193,$397,$337,$34,34,$5.73,$5.63,$140,$3089,$112,$3538,$3135,$0,$368,$206,$3724,$7263,$4399,$4163,$411,$4574,$8973,$0,$-2188,$-120,$-1710,$7263,$411,$117,$-0,$117,$-18,$-229,$0,$4,$-20,$508,$-161,$-11,$0,$-2,$0,$-2,$0,$-174,$118,$0,$118,$-464,$-464,$0,$9,$-337,$-2,$21,$0
19,2013-11-30,461.6,$-51.07,-9.04,$255.65,1.81,$62.43,7.39,$28.76,16.05,$3.37B,$4.33B,0.78,$4.01B,$-1.72B,-2.33,$9.25B,$4.80B,51.84%,$9.25B,$1.79B,19.39%,$9.25B,$1.79B,19.39%,$9.25B,$2.03B,21.99%,$9.25B,$1.61B,17.36%,$9.25B,$1.03B,11.15%,$1.03B,$-1.72B,-63.54%,$1.03B,$-2.09B,-51.56%,$1.03B,$7.02B,15.07%,$1.79B,$2.29B,79.29%,$2094,$1008,$1086,$0,$702,$1710,$384,$-42,$341,$123,$218,$218,$218,$441,$384,$34,35,$6.39,$6.29,$126,$2948,$122,$3370,$3109,$0,$368,$171,$3653,$7023,$4333,$4013,$399,$4412,$8745,$0,$-1161,$-112,$-1721,$7023,$218,$57,$11,$69,$-1,$-84,$0,$-14,$71,$357,$-83,$0,$0,$-0,$0,$-0,$0,$-84,$-8,$-14,$-22,$-275,$-275,$0,$6,$-291,$-16,$9,$0
20,2013-08-31,419.94,$-49.20,-8.53,$248.25,1.69,$60.87,6.9,$27.88,15.06,$3.28B,$4.17B,0.79,$4.01B,$-1.69B,-2.38,$9.15B,$4.74B,51.83%,$9.15B,$1.77B,19.38%,$9.15B,$1.77B,19.38%,$9.15B,$2.01B,21.96%,$9.15B,$1.59B,17.35%,$9.15B,$1.02B,11.11%,$1.02B,$-1.69B,-63.90%,$1.02B,$-2.06B,-52.08%,$1.02B,$6.89B,15.20%,$1.77B,$2.33B,79.07%,$3095,$1491,$1604,$0,$968,$2459,$636,$-61,$575,$204,$371,$371,$371,$710,$636,$36,37,$10.51,$10.33,$142,$2861,$101,$3278,$3071,$0,$368,$171,$3614,$6892,$4169,$4013,$397,$4410,$8579,$0,$-1379,$-121,$-1687,$6892,$1016,$235,$57,$293,$-8,$-233,$0,$-4,$106,$1415,$-405,$0,$-116,$-7,$0,$-7,$0,$-527,$272,$119,$391,$-1290,$-1290,$0,$52,$-847,$39,$37,$0
21,2013-05-31,408.83,$-43.20,-9.46,$233.37,1.75,$54.76,7.47,$25.92,15.77,$3.18B,$3.84B,0.83,$4.00B,$-1.53B,-2.61,$8.82B,$4.57B,51.83%,$8.82B,$1.70B,19.25%,$8.82B,$1.70B,19.25%,$8.82B,$1.93B,21.87%,$8.82B,$1.51B,17.17%,$8.82B,$0.97B,10.99%,$0.97B,$-1.53B,-62.31%,$0.97B,$-1.92B,-51.01%,$0.97B,$6.78B,14.85%,$1.70B,$2.47B,77.02%,$2206,$1063,$1143,$0,$687,$1750,$456,$-42,$414,$148,$266,$266,$266,$511,$456,$36,37,$7.39,$7.27,$134,$2797,$91,$3178,$3003,$0,$386,$168,$3605,$6783,$3836,$4001,$478,$4479,$8315,$0,$-1750,$-115,$-1532,$6783,$645,$162,$9,$171,$9,$-155,$0,$23,$79,$896,$-252,$0,$-116,$-7,$0,$-7,$0,$-374,$218,$-5,$213,$-745,$-745,$0,$39,$-493,$31,$26,$0
22,2013-02-28,380.15,$-42.96,-8.85,$226.33,1.68,$51.68,7.36,$24.93,15.25,$3.12B,$4.23B,0.74,$3.51B,$-1.55B,-2.27,$8.72B,$4.52B,51.78%,$8.72B,$1.67B,19.12%,$8.72B,$1.67B,19.12%,$8.72B,$1.90B,21.73%,$8.72B,$1.49B,17.06%,$8.72B,$0.95B,10.91%,$0.95B,$-1.55B,-62.36%,$0.95B,$-1.94B,-51.46%,$0.95B,$6.66B,14.95%,$1.67B,$1.96B,78.25%,$1855,$893,$962,$0,$644,$1538,$318,$-41,$276,$100,$176,$176,$176,$372,$318,$36,37,$4.86,$4.78,$116,$2759,$88,$3123,$2945,$0,$386,$168,$3539,$6662,$4232,$3513,$467,$3980,$8212,$0,$-2016,$-135,$-1550,$6662,$380,$107,$4,$111,$4,$-123,$0,$18,$20,$511,$-169,$0,$-115,$-6,$0,$-6,$0,$-290,$-15,$230,$215,$-449,$-449,$0,$25,$-209,$12,$17,$0
23,2012-11-30,383.77,$-43.63,-8.8,$220.90,1.74,$50.72,7.57,$24.30,15.79,$3.06B,$3.74B,0.82,$3.80B,$-1.59B,-2.39,$8.67B,$4.48B,51.67%,$8.67B,$1.65B,19.04%,$8.67B,$1.65B,19.04%,$8.67B,$1.87B,21.60%,$8.67B,$1.47B,17.00%,$8.67B,$0.94B,10.88%,$0.94B,$-1.59B,-64.46%,$0.94B,$-1.89B,-53.41%,$0.94B,$6.40B,15.17%,$1.65B,$2.21B,75.89%,$1991,$959,$1032,$0,$669,$1628,$363,$-41,$322,$119,$203,$203,$203,$416,$363,$37,38,$5.52,$5.41,$100,$2702,$86,$3062,$2890,$0,$303,$106,$3336,$6398,$3744,$3803,$442,$4245,$7989,$0,$-830,$-152,$-1591,$6398,$203,$53,$6,$58,$-12,$-75,$0,$8,$56,$318,$-80,$0,$0,$-6,$0,$-6,$0,$-86,$32,$-5,$27,$-278,$-278,$0,$15,$-236,$-3,$8,$0
24,2012-08-31,361.64,$-41.81,-8.65,$215.01,1.68,$51.27,7.05,$23.57,15.34,$2.98B,$3.66B,0.82,$3.72B,$-1.55B,-2.4,$8.60B,$4.43B,51.51%,$8.60B,$1.63B,18.93%,$8.60B,$1.63B,18.93%,$8.60B,$1.85B,21.48%,$8.60B,$1.45B,16.90%,$8.60B,$0.93B,10.82%,$0.93B,$-1.55B,-66.41%,$0.93B,$-1.85B,-54.62%,$0.93B,$6.27B,15.26%,$1.63B,$2.17B,76.99%,$2764,$1331,$1432,$0,$872,$2204,$560,$-58,$502,$178,$324,$324,$324,$629,$560,$39,40,$8.57,$8.37,$103,$2628,$86,$2979,$2856,$0,$303,$94,$3287,$6266,$3656,$3718,$440,$4158,$7814,$0,$-1033,$-152,$-1548,$6266,$930,$220,$59,$279,$-21,$-168,$0,$13,$15,$1224,$-371,$0,$0,$-3,$0,$-3,$0,$-375,$473,$-81,$392,$-1288,$-1288,$0,$52,$-843,$5,$33,$0
25,2012-05-31,380.26,$-37.22,-10.22,$205.86,1.85,$52.08,7.3,$22.29,17.06,$2.94B,$3.57B,0.83,$3.60B,$-1.42B,-2.54,$8.48B,$4.35B,51.32%,$8.48B,$1.59B,18.78%,$8.48B,$1.59B,18.78%,$8.48B,$1.81B,21.33%,$8.48B,$1.42B,16.76%,$8.48B,$0.91B,10.71%,$0.91B,$-1.42B,-68.35%,$0.91B,$-1.72B,-55.67%,$0.91B,$6.15B,15.13%,$1.59B,$2.18B,76.26%,$2112,$1022,$1090,$0,$663,$1685,$427,$-40,$388,$139,$249,$249,$249,$478,$427,$39,40,$6.43,$6.28,$103,$2630,$77,$2944,$2767,$0,$303,$112,$3205,$6149,$3567,$3599,$399,$3998,$7566,$0,$-1357,$-117,$-1417,$6149,$607,$151,$27,$178,$7,$-170,$0,$19,$14,$799,$-222,$0,$0,$-4,$0,$-4,$0,$-226,$264,$-25,$239,$-832,$-832,$0,$26,$-567,$5,$24,$0
26,2012-02-29,374.48,$-33.26,-11.26,$198.58,1.89,$53.79,6.96,$21.30,17.58,$2.91B,$3.52B,0.83,$3.44B,$-1.30B,-2.65,$8.35B,$4.28B,51.23%,$8.35B,$1.56B,18.68%,$8.35B,$1.56B,18.68%,$8.35B,$1.77B,21.21%,$8.35B,$1.39B,16.61%,$8.35B,$0.89B,10.61%,$0.89B,$-1.30B,-70.64%,$0.89B,$-1.60B,-56.91%,$0.89B,$6.06B,14.93%,$1.56B,$2.14B,75.81%,$1804,$878,$926,$0,$626,$1503,$301,$-39,$262,$95,$167,$167,$167,$350,$301,$39,40,$4.25,$4.15,$103,$2578,$83,$2909,$2724,$0,$303,$101,$3148,$6056,$3517,$3435,$400,$3835,$7352,$0,$-1606,$-106,$-1296,$6056,$358,$100,$21,$121,$-4,$-113,$0,$14,$-18,$461,$-127,$0,$0,$-3,$0,$-3,$0,$-129,$105,$-4,$101,$-449,$-449,$0,$22,$-326,$6,$15,$0
27,2011-11-30,328.38,$-34.26,-9.58,$191.17,1.72,$53.02,6.19,$20.49,16.03,$2.84B,$3.58B,0.79,$3.32B,$-1.35B,-2.46,$8.21B,$4.20B,51.15%,$8.21B,$1.53B,18.65%,$8.21B,$1.53B,18.65%,$8.21B,$1.74B,21.19%,$8.21B,$1.36B,16.54%,$8.21B,$0.87B,10.57%,$0.87B,$-1.35B,-72.87%,$0.87B,$-1.65B,-58.09%,$0.87B,$5.93B,14.79%,$1.53B,$1.97B,74.12%,$1924,$941,$984,$0,$643,$1583,$341,$-39,$302,$111,$191,$191,$191,$391,$341,$40,41,$4.79,$4.68,$97,$2531,$79,$2843,$2667,$0,$303,$101,$3090,$5933,$3579,$3319,$382,$3701,$7280,$0,$-453,$-131,$-1347,$5933,$191,$50,$14,$64,$5,$-75,$0,$10,$87,$342,$-61,$0,$0,$-1,$0,$-1,$0,$-62,$-6,$6,$-1,$-291,$-291,$0,$11,$-281,$-1,$8,$0
28,2011-08-31,307.0,$-31.27,-9.82,$183.34,1.67,$52.97,5.8,$19.58,15.68,$2.79B,$3.43B,0.81,$3.32B,$-1.25B,-2.65,$8.07B,$4.12B,51.05%,$8.07B,$1.50B,18.52%,$8.07B,$1.50B,18.52%,$8.07B,$1.70B,21.06%,$8.07B,$1.32B,16.40%,$8.07B,$0.85B,10.50%,$0.85B,$-1.25B,-80.21%,$0.85B,$-1.56B,-62.35%,$0.85B,$5.87B,14.65%,$1.50B,$2.06B,71.93%,$2642,$1289,$1353,$0,$829,$2118,$524,$-54,$470,$169,$301,$301,$301,$590,$524,$43,44,$7.23,$7.07,$98,$2466,$88,$2792,$2669,$0,$303,$95,$3077,$5870,$3431,$3318,$375,$3693,$7124,$0,$-644,$-120,$-1254,$5870,$849,$205,$71,$276,$-15,$-155,$0,$-6,$166,$1292,$-318,$0,$0,$-1,$0,$-1,$0,$-319,$278,$142,$419,$-1411,$-1411,$0,$18,$-974,$-1,$27,$0
29,2011-05-31,294.0,$-27.02,-10.88,$172.34,1.71,$48.75,6.03,$18.06,16.28,$2.81B,$3.46B,0.81,$3.17B,$-1.12B,-2.83,$7.88B,$4.00B,50.83%,$7.88B,$1.44B,18.33%,$7.88B,$1.44B,18.33%,$7.88B,$1.65B,20.91%,$7.88B,$1.28B,16.21%,$7.88B,$0.82B,10.36%,$0.82B,$-1.12B,-87.88%,$0.82B,$-1.42B,-66.29%,$0.82B,$5.89B,14.28%,$1.44B,$2.05B,68.80%,$1978,$965,$1014,$0,$621,$1585,$393,$-40,$353,$126,$227,$227,$227,$440,$393,$42,43,$5.42,$5.29,$100,$2492,$78,$2807,$2615,$0,$303,$98,$3078,$5885,$3462,$3171,$371,$3543,$7004,$0,$-945,$-82,$-1120,$5885,$548,$139,$9,$148,$-10,$-174,$0,$18,$201,$897,$-198,$0,$0,$-3,$0,$-3,$0,$-201,$272,$20,$292,$-991,$-991,$0,$5,$-695,$2,$18,$0
30,2011-02-28,257.95,$-24.37,-10.58,$163.31,1.58,$44.01,5.86,$16.89,15.27,$2.74B,$3.23B,0.85,$3.21B,$-1.04B,-3.09,$7.72B,$3.91B,50.67%,$7.72B,$1.41B,18.23%,$7.72B,$1.41B,18.23%,$7.72B,$1.61B,20.82%,$7.72B,$1.24B,16.10%,$7.72B,$0.79B,10.26%,$0.79B,$-1.04B,-103.66%,$0.79B,$-1.34B,-74.24%,$0.79B,$5.77B,14.12%,$1.41B,$2.17B,65.59%,$1661,$815,$846,$0,$574,$1389,$272,$-40,$232,$84,$148,$148,$148,$318,$272,$43,44,$3.41,$3.34,$108,$2419,$71,$2738,$2555,$0,$303,$110,$3027,$5766,$3225,$3208,$371,$3579,$6804,$0,$-1173,$-92,$-1038,$5766,$320,$92,$10,$102,$-14,$-105,$0,$12,$18,$441,$-106,$0,$0,$-3,$0,$-3,$0,$-109,$315,$12,$328,$-661,$-661,$0,$10,$-323,$10,$12,$0
31,2010-11-30,259.41,$-18.56,-13.98,$155.89,1.66,$41.29,6.28,$16.01,16.2,$2.66B,$3.25B,0.82,$2.85B,$-0.82B,-3.48,$7.57B,$3.82B,50.50%,$7.57B,$1.37B,18.04%,$7.57B,$1.37B,18.04%,$7.57B,$1.57B,20.69%,$7.57B,$1.21B,15.93%,$7.57B,$0.77B,10.14%,$0.77B,$-0.82B,-125.74%,$0.77B,$-1.12B,-84.05%,$0.77B,$5.64B,13.89%,$1.37B,$2.03B,62.31%,$1792,$884,$908,$0,$602,$1486,$306,$-37,$269,$97,$172,$172,$172,$352,$306,$45,46,$3.85,$3.77,$98,$2362,$84,$2661,$2532,$0,$303,$95,$2980,$5640,$3245,$2846,$367,$3213,$6458,$1,$-73,$-93,$-817,$5640,$172,$46,$11,$57,$10,$-49,$0,$10,$129,$357,$-45,$0,$0,$-3,$0,$-3,$0,$-48,$-42,$6,$-36,$-278,$-278,$0,$4,$-310,$-0,$5,$0
32,2010-08-31,209.78,$-16.38,-12.81,$147.90,1.42,$37.97,5.52,$15.06,13.93,$2.61B,$3.06B,0.85,$2.88B,$-0.74B,-3.9,$7.36B,$3.71B,50.42%,$7.36B,$1.32B,17.92%,$7.36B,$1.32B,17.92%,$7.36B,$1.52B,20.61%,$7.36B,$1.16B,15.76%,$7.36B,$0.74B,10.02%,$0.74B,$-0.74B,-140.10%,$0.74B,$-1.04B,-89.00%,$0.74B,$5.57B,13.52%,$1.32B,$2.14B,58.69%,$2445,$1210,$1235,$0,$762,$1972,$473,$-49,$423,$154,$269,$269,$269,$537,$473,$48,49,$5.69,$5.57,$98,$2305,$83,$2612,$2520,$0,$303,$91,$2960,$5572,$3064,$2882,$364,$3246,$6310,$1,$-245,$-106,$-739,$5572,$738,$199,$10,$209,$1,$-96,$0,$5,$249,$1196,$-304,$0,$0,$-4,$0,$-4,$0,$-307,$-17,$182,$165,$-1071,$-1071,$0,$22,$-883,$6,$19,$0
33,2010-05-31,190.88,$-9.70,-19.69,$138.18,1.38,$31.70,6.02,$13.83,13.8,$2.58B,$2.87B,0.9,$2.70B,$-0.46B,-5.84,$7.15B,$3.60B,50.36%,$7.15B,$1.26B,17.68%,$7.15B,$1.26B,17.68%,$7.15B,$1.46B,20.38%,$7.15B,$1.11B,15.48%,$7.15B,$0.71B,9.86%,$0.71B,$-0.46B,-156.58%,$0.71B,$-0.77B,-93.63%,$0.71B,$5.45B,13.07%,$1.26B,$2.24B,55.32%,$1822,$899,$923,$0,$567,$1466,$356,$-37,$319,$116,$203,$203,$203,$400,$356,$48,49,$4.19,$4.12,$96,$2288,$73,$2579,$2425,$0,$303,$99,$2874,$5453,$2872,$2699,$344,$3043,$5915,$0,$-514,$-84,$-462,$5453,$469,$134,$9,$143,$5,$-79,$0,$25,$129,$741,$-174,$0,$0,$-3,$0,$-3,$0,$-177,$-42,$0,$-42,$-529,$-529,$0,$10,$-562,$3,$13,$0
34,2010-02-28,165.93,$-8.65,-19.19,$131.05,1.27,$27.09,6.13,$12.84,12.92,$2.65B,$2.75B,0.96,$2.78B,$0.00B,0.0,$6.99B,$3.51B,50.25%,$6.99B,$1.21B,17.37%,$6.99B,$1.21B,17.37%,$6.99B,$1.40B,20.10%,$6.99B,$1.06B,15.20%,$6.99B,$0.68B,9.68%,$0.68B,$-0.42B,-195.38%,$0.68B,$-0.72B,-104.20%,$0.68B,$5.43B,12.62%,$1.21B,$2.35B,55.09%,$1506,$752,$754,$0,$523,$1276,$230,$-36,$194,$71,$123,$123,$123,$276,$230,$49,50,$2.49,$2.46,$105,$2262,$135,$2649,$2383,$0,$303,$40,$2776,$5425,$2749,$2775,$323,$3097,$5847,$0,$0,$0,$-422,$5425,$267,$90,$7,$97,$-21,$-53,$0,$9,$-15,$349,$-107,$0,$0,$-2,$0,$-2,$0,$-109,$39,$0,$39,$-273,$-273,$0,$7,$-227,$12,$9,$0
35,2009-11-30,147.87,$-9.78,-15.12,$126.37,1.17,$23.26,6.36,$12.41,11.92,$2.62B,$2.80B,0.93,$2.74B,$0.00B,0.0,$6.93B,$3.48B,50.17%,$6.93B,$1.20B,17.29%,$6.93B,$1.20B,17.29%,$6.93B,$1.39B,19.99%,$6.93B,$1.05B,15.17%,$6.93B,$0.67B,9.66%,$0.67B,$-0.48B,-232.90%,$0.67B,$-0.79B,-113.34%,$0.67B,$5.39B,12.60%,$1.20B,$2.26B,53.50%,$1589,$789,$800,$0,$539,$1329,$260,$-36,$224,$81,$143,$143,$143,$304,$260,$50,51,$2.86,$2.82,$80,$2263,$133,$2618,$2369,$0,$303,$41,$2768,$5386,$2804,$2740,$326,$3065,$5870,$0,$0,$0,$-484,$5386,$143,$44,$9,$53,$-16,$-54,$0,$12,$35,$231,$-52,$0,$0,$-1,$0,$-1,$0,$-53,$-4,$13,$8,$-201,$-201,$0,$1,$-192,$-13,$4,$0
36,2009-08-31,147.25,$-8.52,-17.27,$120.19,1.23,$21.34,6.9,$11.82,12.46,$2.56B,$2.71B,0.95,$2.73B,$-0.43B,-6.3,$6.82B,$3.42B,50.12%,$6.82B,$1.18B,17.27%,$6.82B,$1.18B,17.27%,$6.82B,$1.36B,19.95%,$6.82B,$1.03B,15.17%,$6.82B,$0.66B,9.64%,$0.66B,$-0.43B,-434.38%,$0.66B,$-0.74B,-144.63%,$0.66B,$5.32B,12.54%,$1.18B,$2.29B,52.14%,$2232,$1109,$1123,$0,$705,$1815,$418,$-48,$370,$134,$236,$236,$236,$477,$418,$55,56,$4.41,$4.34,$93,$2207,$135,$2562,$2354,$0,$303,$41,$2757,$5318,$2707,$2727,$318,$3045,$5751,$1,$137,$-92,$-433,$5318,$657,$184,$65,$250,$-57,$-76,$0,$-11,$17,$924,$-262,$0,$0,$-2,$0,$-2,$0,$-264,$182,$278,$460,$-1260,$-1260,$0,$-7,$-807,$-150,$19,$0
37,2009-05-31,152.15,$-0.84,-181.2,$114.93,1.32,$20.18,7.54,$11.27,13.5,$2.61B,$3.14B,0.83,$1.95B,$0.00B,0.0,$6.80B,$3.41B,50.11%,$6.80B,$1.18B,17.31%,$6.80B,$1.18B,17.31%,$6.80B,$1.35B,19.91%,$6.80B,$1.05B,15.39%,$6.80B,$0.67B,9.79%,$0.67B,$-0.05B,4586.21%,$0.67B,$-0.35B,-230.50%,$0.67B,$5.30B,12.73%,$1.18B,$1.90B,51.05%,$1658,$825,$833,$0,$528,$1353,$305,$-31,$274,$100,$174,$174,$174,$347,$305,$55,55,$3.18,$3.13,$94,$2241,$132,$2608,$2302,$0,$303,$34,$2688,$5296,$3136,$1949,$256,$2205,$5341,$0,$0,$0,$-45,$5296,$421,$125,$34,$159,$-70,$-108,$0,$2,$-45,$535,$-152,$0,$0,$-4,$0,$-4,$0,$-156,$143,$0,$143,$-676,$-676,$0,$8,$-525,$-148,$13,$0
38,2009-02-28,142.23,$-3.42,-41.53,$108.81,1.31,$18.73,7.59,$10.63,13.38,$2.58B,$2.47B,1.05,$2.69B,$0.00B,0.0,$6.65B,$3.33B,50.11%,$6.65B,$1.14B,17.19%,$6.65B,$1.14B,17.19%,$6.65B,$1.32B,19.81%,$6.65B,$1.02B,15.33%,$6.65B,$0.65B,9.77%,$0.65B,$-0.19B,465.12%,$0.65B,$-0.49B,-398.16%,$0.65B,$5.24B,12.60%,$1.14B,$2.50B,47.18%,$1448,$729,$719,$0,$505,$1233,$215,$-32,$183,$67,$116,$116,$116,$257,$215,$57,57,$2.05,$2.03,$108,$2190,$157,$2581,$2267,$0,$303,$39,$2654,$5235,$2469,$2691,$263,$2954,$5422,$0,$0,$0,$-187,$5235,$247,$83,$21,$104,$-56,$-58,$0,$-1,$-203,$148,$-91,$0,$0,$-2,$0,$-2,$0,$-94,$433,$0,$433,$-624,$-624,$0,$5,$-186,$-134,$9,$0
39,2008-11-30,109.22,$1.04,104.61,$104.49,1.05,$20.91,5.22,$10.27,10.63,$2.46B,$2.53B,0.97,$2.27B,$0.00B,0.0,$6.55B,$3.28B,50.16%,$6.55B,$1.13B,17.20%,$6.55B,$1.13B,17.20%,$6.55B,$1.30B,19.82%,$6.55B,$1.01B,15.36%,$6.55B,$0.64B,9.79%,$0.64B,$0.06B,249.42%,$0.64B,$-0.24B,-1401.09%,$0.64B,$5.11B,12.61%,$1.13B,$2.33B,47.05%,$1478,$737,$741,$0,$503,$1240,$239,$-31,$207,$76,$131,$131,$131,$279,$239,$58,59,$2.25,$2.23,$86,$2187,$122,$2462,$2267,$0,$303,$40,$2651,$5113,$2528,$2268,$257,$2525,$5053,$0,$0,$0,$60,$5113,$131,$41,$6,$47,$3,$-54,$0,$4,$-37,$141,$-47,$0,$0,$-0,$0,$-0,$0,$-47,$14,$0,$14,$-264,$-264,$0,$2,$-248,$-157,$4,$0
40,2008-08-31,137.23,$3.85,35.61,$101.65,1.35,$21.24,6.46,$10.06,13.64,$2.59B,$2.52B,1.03,$2.25B,$0.23B,9.8,$6.52B,$3.27B,50.10%,$6.52B,$1.12B,17.23%,$6.52B,$1.12B,17.23%,$6.52B,$1.30B,19.85%,$6.52B,$1.01B,15.44%,$6.52B,$0.64B,9.86%,$0.64B,$0.23B,225.81%,$0.64B,$-0.07B,-3572.22%,$0.64B,$5.26B,12.80%,$1.12B,$2.48B,46.95%,$2211,$1099,$1112,$0,$695,$1794,$417,$-35,$382,$138,$244,$244,$244,$470,$417,$63,64,$3.90,$3.86,$242,$2150,$122,$2586,$2290,$0,$303,$40,$2671,$5257,$2519,$2250,$258,$2508,$5027,$1,$206,$-4,$230,$5257,$642,$171,$86,$257,$-11,$-138,$0,$10,$22,$921,$-240,$0,$0,$-4,$0,$-4,$0,$-243,$504,$-207,$298,$-822,$-822,$0,$2,$-523,$156,$18,$0
41,2008-05-31,126.56,$7.20,17.57,$95.71,1.32,$19.51,6.49,$9.41,13.45,$2.39B,$2.38B,1.0,$1.93B,$0.00B,0.0,$6.32B,$3.16B,50.04%,$6.32B,$1.09B,17.18%,$6.32B,$1.09B,17.18%,$6.32B,$1.26B,19.87%,$6.32B,$0.97B,15.28%,$6.32B,$0.62B,9.75%,$0.62B,$0.46B,187.80%,$0.62B,$0.15B,2415.69%,$0.62B,$5.03B,12.54%,$1.09B,$2.39B,45.99%,$1517,$755,$762,$0,$489,$1244,$273,$-25,$248,$89,$159,$159,$159,$312,$273,$63,64,$2.51,$2.49,$82,$2106,$124,$2387,$2256,$0,$303,$35,$2640,$5027,$2384,$1932,$255,$2187,$4571,$0,$0,$0,$456,$5027,$398,$118,$32,$150,$-15,$-99,$0,$8,$-46,$501,$-153,$0,$0,$-9,$0,$-9,$0,$-162,$-16,$0,$-16,$-335,$-335,$0,$6,$-345,$-5,$13,$0
42,2008-02-29,115.08,$4.46,25.78,$93.01,1.24,$18.74,6.14,$9.09,12.66,$2.36B,$2.33B,1.01,$2.10B,$0.00B,0.0,$6.27B,$3.13B,49.95%,$6.27B,$1.08B,17.17%,$6.27B,$1.08B,17.17%,$6.27B,$1.25B,19.85%,$6.27B,$0.96B,15.23%,$6.27B,$0.61B,9.71%,$0.61B,$0.28B,185.25%,$0.61B,$-0.02B,2298.11%,$0.61B,$4.94B,12.60%,$1.08B,$2.38B,45.61%,$1339,$671,$668,$0,$471,$1142,$197,$-29,$168,$62,$107,$107,$107,$236,$197,$63,64,$1.69,$1.67,$93,$2068,$129,$2357,$2204,$0,$303,$29,$2582,$4938,$2325,$2095,$236,$2331,$4656,$0,$0,$0,$282,$4938,$239,$79,$14,$94,$-5,$-61,$0,$8,$-36,$297,$-95,$0,$0,$-11,$0,$-11,$0,$-106,$152,$0,$152,$-338,$-338,$0,$3,$-184,$7,$8,$0
43,2007-11-30,111.63,$2.71,41.23,$90.26,1.24,$18.07,6.18,$8.87,12.59,$2.32B,$2.32B,1.0,$2.16B,$0.00B,0.0,$6.23B,$3.10B,49.80%,$6.23B,$1.07B,17.15%,$6.23B,$1.07B,17.15%,$6.23B,$1.23B,19.80%,$6.23B,$0.95B,15.23%,$6.23B,$0.61B,9.71%,$0.61B,$0.17B,153.46%,$0.61B,$-0.13B,659.40%,$0.61B,$4.87B,12.70%,$1.07B,$2.33B,45.17%,$1456,$729,$726,$0,$489,$1218,$237,$-28,$209,$77,$133,$133,$133,$277,$237,$65,65,$2.04,$2.02,$80,$2052,$135,$2320,$2189,$0,$303,$27,$2554,$4874,$2319,$2161,$223,$2384,$4703,$0,$0,$0,$171,$4874,$133,$40,$4,$44,$6,$-44,$0,$3,$-5,$171,$-44,$0,$0,$-15,$0,$-15,$0,$-60,$222,$0,$222,$-341,$-341,$0,$1,$-118,$-7,$4,$0
44,2007-08-31,121.29,$6.11,19.84,$87.41,1.39,$16.98,7.14,$8.58,14.14,$2.27B,$2.29B,0.99,$1.94B,$0.40B,4.8,$6.17B,$3.06B,49.64%,$6.17B,$1.06B,17.10%,$6.17B,$1.06B,17.10%,$6.17B,$1.22B,19.71%,$6.17B,$0.94B,15.17%,$6.17B,$0.60B,9.66%,$0.60B,$0.40B,122.63%,$0.60B,$0.10B,324.80%,$0.60B,$4.81B,12.69%,$1.06B,$2.34B,44.27%,$2003,$998,$1004,$0,$626,$1624,$378,$-38,$340,$123,$217,$217,$217,$430,$378,$69,70,$3.23,$3.18,$87,$2007,$116,$2270,$2178,$0,$303,$32,$2534,$4805,$2286,$1936,$180,$2116,$4402,$1,$546,$-10,$403,$4805,$596,$161,$43,$204,$20,$-161,$0,$-2,$45,$845,$-221,$0,$0,$-8,$0,$-8,$0,$-229,$-17,$84,$67,$-703,$-703,$0,$14,$-621,$-5,$18,$0
45,2007-05-31,128.63,$6.83,18.84,$84.30,1.53,$15.54,8.28,$8.27,15.55,$2.23B,$2.16B,1.03,$1.94B,$0.00B,0.0,$6.11B,$3.02B,49.49%,$6.11B,$1.05B,17.20%,$6.11B,$1.05B,17.20%,$6.11B,$1.20B,19.72%,$6.11B,$0.93B,15.30%,$6.11B,$0.59B,9.70%,$0.59B,$0.46B,117.75%,$0.59B,$0.16B,296.00%,$0.59B,$4.72B,12.80%,$1.05B,$2.40B,44.12%,$1474,$738,$735,$0,$470,$1209,$265,$-27,$238,$86,$152,$152,$152,$302,$265,$69,70,$2.19,$2.17,$83,$1979,$116,$2231,$2134,$0,$303,$27,$2492,$4722,$2160,$1939,$164,$2103,$4263,$0,$0,$0,$459,$4722,$378,$110,$10,$120,$28,$-133,$0,$-12,$-15,$484,$-156,$0,$0,$-12,$0,$-12,$0,$-168,$73,$0,$73,$-413,$-413,$0,$14,$-326,$-9,$13,$0
46,2007-02-28,125.46,$7.77,16.15,$81.72,1.54,$14.19,8.84,$7.99,15.7,$2.18B,$2.08B,1.05,$1.85B,$0.00B,0.0,$6.05B,$2.99B,49.45%,$6.05B,$1.04B,17.16%,$6.05B,$1.04B,17.16%,$6.05B,$1.19B,19.64%,$6.05B,$0.92B,15.28%,$6.05B,$0.58B,9.65%,$0.58B,$0.54B,110.14%,$0.58B,$0.24B,256.99%,$0.58B,$4.65B,12.82%,$1.04B,$2.40B,43.63%,$1300,$661,$639,$0,$450,$1111,$189,$-27,$162,$59,$103,$103,$103,$225,$189,$70,71,$1.46,$1.45,$86,$1911,$124,$2180,$2111,$0,$303,$31,$2466,$4647,$2080,$1854,$168,$2023,$4103,$0,$0,$0,$544,$4647,$227,$72,$9,$81,$20,$-64,$0,$-9,$-27,$280,$-102,$0,$0,$-16,$0,$-16,$0,$-118,$-8,$0,$-8,$-172,$-172,$0,$12,$-168,$-5,$9,$0
47,2006-11-30,113.61,$7.61,14.93,$79.65,1.43,$12.77,8.89,$7.79,14.58,$2.16B,$2.05B,1.05,$1.86B,$0.00B,0.0,$6.00B,$2.97B,49.44%,$6.00B,$1.03B,17.11%,$6.00B,$1.03B,17.11%,$6.00B,$1.17B,19.54%,$6.00B,$0.92B,15.26%,$6.00B,$0.58B,9.63%,$0.58B,$0.54B,104.24%,$0.58B,$0.24B,229.59%,$0.58B,$4.61B,12.86%,$1.03B,$2.40B,43.07%,$1393,$708,$685,$0,$462,$1170,$223,$-27,$196,$72,$124,$124,$124,$259,$223,$71,72,$1.74,$1.73,$73,$1883,$127,$2157,$2096,$0,$303,$31,$2454,$4612,$2047,$1859,$168,$2027,$4074,$0,$0,$0,$538,$4612,$124,$36,$4,$39,$7,$-37,$0,$-5,$-51,$112,$-52,$0,$0,$-19,$0,$-19,$0,$-71,$0,$0,$0,$-65,$-65,$0,$5,$-59,$-18,$4,$0
