,Date,Stock Price,Book Value per Share,Price to Book Ratio,TTM Sales per Share,Price to Sales Ratio,TTM FCF per Share,Price to FCF Ratio,TTM Net EPS,PE Ratio,Current Assets,Current Liabilities,Current Ratio,Long Term Debt,Shareholder's Equity_x,Debt to Equity Ratio,TTM Revenue_x,TTM Gross Profit,Gross Margin,TTM Revenue_y,TTM Operating Income,Operating Margin,TTM Revenue_x,TTM EBIT,EBIT Margin,TTM Revenue_y,TTM EBITDA,EBITDA Margin,TTM Revenue_x,TTM Pre-Tax Income,Pre-Tax Margin,TTM Revenue_y,TTM Net Income_x,Net Margin,TTM Net Income_y,Shareholder's Equity_y,Return on Equity,TTM Net Income_x,Tangible Equity,Return on Tangible Equity,TTM Net Income_y,Total Assets,Return on Assets,TTM Net Income,LT Investments & Debt,Return on Investment,revenue,cost-goods-sold,gross-profit,research-development-expenses,selling-general-administrative-expenses,operating-expenses,operating-income,total-non-operating-income-expense,pre-tax-income,total-provision-income-taxes,income-after-taxes,income-from-continuous-operations,net-income,ebitda,ebit,basic-shares-outstanding,shares-outstanding,eps-basic-net-earnings-per-share,eps-earnings-per-share-diluted,cash-on-hand,inventory,other-current-assets,total-current-assets,net-property-plant-equipment,long-term-investments,goodwill-intangible-assets-total,other-long-term-assets,total-long-term-assets,total-assets,total-current-liabilities,long-term-debt,other-non-current-liabilities,total-long-term-liabilities,total-liabilities,common-stock-net,retained-earnings-accumulated-deficit,comprehensive-income,total-share-holder-equity,total-liabilities-share-holders-equity,net-income-loss,total-depreciation-amortization-cash-flow,other-non-cash-items,total-non-cash-items,change-in-accounts-receivable,change-in-inventories,change-in-accounts-payable,change-in-assets-liabilities,total-change-in-assets-liabilities,cash-flow-from-operating-activities,net-change-in-property-plant-equipment,net-change-in-intangible-assets,net-acquisitions-divestitures,net-change-in-short-term-investments,net-change-in-long-term-investments,net-change-in-investments-total,investing-activities-other,cash-flow-from-investing-activities,net-long-term-debt,net-current-debt,debt-issuance-retirement-net-total,net-common-equity-issued-repurchased,net-total-equity-issued-repurchased,total-common-preferred-stock-dividends-paid,financial-activities-other,cash-flow-from-financial-activities,net-cash-flow,stock-based-compensation,common-stock-dividends-paid
0,2018-08-31,53.75,$22.49,2.39,$34.34,1.57,$2.40,22.37,$1.92,27.99,$0.35B,$0.11B,3.14,$0.30B,$0.59B,0.51,$0.89B,$0.18B,19.57%,$0.89B,$0.05B,5.82%,$0.89B,$0.05B,5.82%,$0.89B,$0.10B,11.63%,$0.89B,$0.03B,3.80%,$0.89B,$0.05B,5.59%,$0.05B,$0.59B,8.81%,$0.05B,$0.11B,55.87%,$0.05B,$1.04B,4.80%,$0.05B,$0.88B,6.00%,$223,$176,$47,$0,$30,$206,$17,$-3,$14,$3,$11,$11,$11,$30,$17,$26,26,$0.43,$0.43,$9,$113,$71,$352,$209,$0,$476,$0,$686,$1038,$112,$296,$11,$340,$452,$26,$544,$-27,$586,$1038,$27,$26,$7,$33,$-13,$-2,$-10,$-23,$-42,$17,$-7,$0,$-8,$0,$0,$0,$0,$-15,$-14,$9,$-5,$0,$0,$-9,$0,$-14,$-12,$4,$-9
1,2018-05-31,43.11,$22.15,1.95,$33.34,1.29,$1.47,29.32,$1.81,23.82,$0.38B,$0.13B,2.96,$0.32B,$0.58B,0.56,$0.87B,$0.17B,19.84%,$0.87B,$0.05B,6.00%,$0.87B,$0.05B,6.00%,$0.87B,$0.10B,12.00%,$0.87B,$0.03B,3.92%,$0.87B,$0.05B,5.65%,$0.05B,$0.58B,8.77%,$0.05B,$0.10B,57.48%,$0.05B,$1.07B,4.74%,$0.05B,$0.90B,6.07%,$262,$204,$59,$0,$35,$239,$24,$-4,$20,$4,$16,$16,$16,$37,$24,$26,26,$0.60,$0.60,$14,$112,$70,$375,$214,$0,$480,$0,$695,$1070,$127,$322,$11,$367,$494,$26,$537,$-27,$576,$1070,$16,$13,$4,$17,$-30,$-1,$6,$-28,$-45,$-12,$-3,$0,$-8,$0,$0,$0,$0,$-11,$-14,$36,$21,$0,$0,$-4,$0,$17,$-7,$1,$-4
2,2018-02-28,40.57,$21.77,1.86,$31.13,1.3,$1.07,38.01,$1.72,23.59,$0.33B,$0.13B,2.5,$0.29B,$0.57B,0.51,$0.81B,$0.16B,19.75%,$0.81B,$0.05B,5.93%,$0.81B,$0.05B,5.93%,$0.81B,$0.10B,12.35%,$0.81B,$0.03B,3.83%,$0.81B,$0.05B,5.56%,$0.05B,$0.57B,8.19%,$0.05B,$0.08B,53.73%,$0.05B,$1.03B,4.42%,$0.05B,$0.85B,5.73%,$201,$163,$38,$0,$29,$191,$9,$-7,$2,$-21,$23,$23,$23,$22,$9,$26,26,$0.91,$0.90,$21,$111,$52,$329,$217,$0,$482,$0,$699,$1028,$132,$287,$12,$331,$463,$26,$526,$-25,$565,$1028,$45,$51,$0,$51,$3,$-10,$2,$-1,$-17,$79,$-29,$0,$-45,$0,$0,$0,$0,$-74,$-64,$93,$29,$-8,$-8,$-18,$0,$4,$10,$6,$-18
3,2017-11-30,47.58,$20.95,2.27,$30.49,1.56,$1.86,25.61,$1.26,37.76,$0.34B,$0.14B,2.46,$0.29B,$0.54B,0.54,$0.79B,$0.17B,21.31%,$0.79B,$0.06B,7.57%,$0.79B,$0.06B,7.57%,$0.79B,$0.11B,14.12%,$0.79B,$0.05B,5.93%,$0.79B,$0.03B,4.29%,$0.03B,$0.54B,6.28%,$0.03B,$0.07B,40.96%,$0.03B,$1.03B,3.38%,$0.06B,$0.84B,7.92%,$208,$177,$31,$0,$30,$207,$2,$-4,$-2,$-2,$-0,$-0,$-0,$15,$2,$26,26,$-0.01,$-0.01,$11,$111,$59,$335,$219,$0,$475,$0,$694,$1029,$136,$293,$1,$349,$485,$26,$507,$-26,$544,$1029,$22,$38,$19,$57,$-16,$-12,$-6,$2,$-40,$39,$-21,$0,$-33,$0,$0,$0,$0,$-54,$-64,$99,$35,$-8,$-8,$-13,$0,$14,$-1,$5,$-13
4,2017-08-31,48.2,$21.15,2.28,$31.20,1.54,$2.29,21.08,$1.97,24.47,$0.32B,$0.12B,2.73,$0.29B,$0.55B,0.52,$0.81B,$0.19B,23.25%,$0.81B,$0.08B,10.33%,$0.81B,$0.08B,10.33%,$0.81B,$0.14B,16.73%,$0.81B,$0.07B,8.86%,$0.81B,$0.05B,6.27%,$0.05B,$0.55B,9.53%,$0.05B,$0.09B,62.58%,$0.05B,$1.01B,5.09%,$0.08B,$0.84B,11.18%,$196,$153,$44,$0,$26,$179,$17,$-4,$14,$4,$10,$10,$10,$30,$17,$26,26,$0.38,$0.38,$4,$108,$66,$323,$230,$0,$456,$0,$686,$1010,$118,$288,$0,$342,$460,$26,$512,$-25,$549,$1010,$22,$25,$5,$30,$1,$-13,$-7,$-19,$-49,$3,$-16,$0,$-10,$0,$0,$0,$0,$-27,$-64,$94,$30,$-5,$-5,$-9,$0,$16,$-8,$3,$-9
5,2017-05-31,53.29,$20.72,2.57,$31.34,1.7,$3.98,13.38,$2.03,26.25,$0.33B,$0.13B,2.57,$0.29B,$0.54B,0.53,$0.82B,$0.19B,22.86%,$0.82B,$0.08B,10.02%,$0.82B,$0.08B,10.02%,$0.82B,$0.13B,16.38%,$0.82B,$0.07B,8.44%,$0.82B,$0.05B,6.23%,$0.05B,$0.54B,9.71%,$0.05B,$0.09B,71.58%,$0.05B,$1.01B,5.11%,$0.08B,$0.82B,11.08%,$205,$158,$47,$0,$27,$185,$20,$-3,$17,$5,$12,$12,$12,$33,$20,$26,26,$0.46,$0.46,$6,$101,$57,$325,$230,$0,$449,$0,$679,$1005,$127,$285,$0,$339,$466,$26,$506,$-30,$539,$1005,$12,$13,$1,$14,$-14,$-7,$-2,$-12,$-42,$-16,$-10,$0,$0,$0,$0,$0,$0,$-10,$-64,$92,$28,$-3,$-3,$-4,$0,$21,$-5,$1,$-4
6,2017-02-28,57.45,$20.53,2.8,$33.09,1.74,$4.95,11.6,$2.33,24.66,$0.30B,$0.14B,2.17,$0.00B,$0.53B,0.0,$0.86B,$0.21B,23.75%,$0.86B,$0.10B,11.36%,$0.86B,$0.10B,11.36%,$0.86B,$0.15B,17.38%,$0.86B,$0.09B,9.85%,$0.86B,$0.06B,7.07%,$0.06B,$0.53B,11.81%,$0.06B,$0.08B,104.27%,$0.06B,$0.98B,6.10%,$0.10B,$0.53B,13.34%,$184,$137,$47,$0,$26,$163,$21,$-3,$18,$6,$12,$12,$12,$34,$21,$26,26,$0.47,$0.47,$11,$94,$50,$297,$229,$0,$453,$0,$681,$978,$137,$0,$255,$308,$445,$26,$499,$-29,$533,$978,$61,$52,$14,$66,$-5,$-14,$1,$12,$-16,$111,$-41,$0,$-23,$0,$0,$0,$0,$-63,$-23,$-32,$-55,$-5,$-5,$-17,$0,$-77,$-29,$6,$-17
7,2016-11-30,63.58,$20.01,3.18,$33.89,1.88,$6.29,10.1,$2.51,25.33,$0.34B,$0.16B,2.16,$0.29B,$0.52B,0.56,$0.88B,$0.21B,23.90%,$0.88B,$0.10B,11.55%,$0.88B,$0.10B,11.55%,$0.88B,$0.15B,17.33%,$0.88B,$0.09B,9.74%,$0.88B,$0.06B,7.25%,$0.06B,$0.52B,12.69%,$0.06B,$0.06B,133.33%,$0.06B,$1.02B,6.39%,$0.10B,$0.81B,12.78%,$228,$177,$51,$0,$25,$202,$26,$-3,$23,$7,$17,$17,$17,$39,$26,$26,26,$0.64,$0.64,$13,$126,$26,$337,$224,$0,$456,$0,$680,$1018,$157,$292,$0,$342,$498,$26,$488,$-31,$519,$1018,$49,$39,$11,$49,$-34,$-7,$8,$-7,$-41,$57,$-29,$0,$-23,$0,$0,$0,$0,$-51,$-21,$6,$-15,$-5,$-5,$-12,$0,$-32,$-27,$4,$-12
8,2016-08-31,64.68,$19.64,3.29,$34.49,1.88,$8.01,8.08,$2.72,23.78,$0.31B,$0.15B,2.07,$0.28B,$0.51B,0.55,$0.90B,$0.22B,24.75%,$0.90B,$0.11B,12.49%,$0.90B,$0.11B,12.49%,$0.90B,$0.16B,18.17%,$0.90B,$0.10B,10.70%,$0.90B,$0.07B,7.92%,$0.07B,$0.51B,14.44%,$0.07B,$0.05B,186.84%,$0.07B,$0.99B,7.13%,$0.11B,$0.79B,14.22%,$201,$159,$42,$0,$27,$186,$15,$-4,$11,$1,$10,$10,$10,$28,$15,$26,26,$0.39,$0.39,$16,$121,$28,$308,$224,$0,$459,$0,$683,$992,$149,$280,$0,$332,$481,$26,$474,$-28,$511,$992,$32,$26,$12,$38,$-3,$-3,$2,$-5,$-21,$50,$-19,$0,$-23,$0,$0,$0,$0,$-42,$-19,$-6,$-25,$0,$0,$-8,$0,$-32,$-24,$3,$-8
9,2016-05-31,57.33,$19.39,2.96,$35.07,1.63,$8.14,7.04,$3.01,19.05,$0.32B,$0.16B,2.05,$0.30B,$0.50B,0.6,$0.91B,$0.23B,25.71%,$0.91B,$0.12B,13.52%,$0.91B,$0.12B,13.52%,$0.91B,$0.17B,19.12%,$0.91B,$0.11B,11.76%,$0.91B,$0.08B,8.57%,$0.08B,$0.50B,16.39%,$0.08B,$0.04B,318.37%,$0.08B,$1.01B,7.85%,$0.12B,$0.80B,15.65%,$250,$185,$65,$0,$29,$214,$36,$-4,$33,$10,$22,$22,$22,$49,$36,$26,26,$0.86,$0.85,$12,$111,$31,$317,$230,$0,$464,$0,$694,$1011,$155,$301,$0,$353,$508,$26,$468,$-28,$503,$1011,$22,$13,$4,$17,$-21,$1,$8,$-5,$-29,$10,$-10,$0,$-23,$0,$0,$0,$0,$-33,$-16,$15,$-1,$0,$0,$-4,$0,$-5,$-28,$1,$-4
10,2016-02-29,48.92,$18.72,2.61,$34.31,1.43,$8.10,6.04,$2.97,16.47,$0.32B,$0.15B,2.11,$0.30B,$0.48B,0.62,$0.89B,$0.23B,25.65%,$0.89B,$0.12B,13.50%,$0.89B,$0.12B,13.50%,$0.89B,$0.17B,19.01%,$0.89B,$0.10B,11.59%,$0.89B,$0.08B,8.55%,$0.08B,$0.48B,16.54%,$0.08B,$0.04B,515.25%,$0.08B,$0.99B,7.69%,$0.12B,$0.79B,15.37%,$204,$151,$53,$0,$28,$179,$25,$-6,$19,$4,$15,$15,$15,$37,$25,$26,26,$0.58,$0.56,$40,$77,$63,$316,$226,$0,$446,$0,$673,$988,$150,$302,$0,$354,$504,$26,$454,$-31,$484,$988,$76,$49,$5,$54,$-1,$-2,$-2,$9,$14,$144,$-39,$0,$-61,$0,$0,$0,$0,$-99,$-22,$11,$-11,$0,$0,$-15,$1,$-25,$18,$5,$-15
11,2015-11-30,57.51,$18.14,3.17,$33.64,1.71,$7.56,7.61,$2.98,19.3,$0.32B,$0.18B,1.82,$0.30B,$0.47B,0.64,$0.87B,$0.22B,25.75%,$0.87B,$0.12B,13.68%,$0.87B,$0.12B,13.68%,$0.87B,$0.17B,19.31%,$0.87B,$0.10B,11.95%,$0.87B,$0.08B,8.97%,$0.08B,$0.47B,17.59%,$0.08B,$0.02B,-31200.00%,$0.08B,$0.99B,7.99%,$0.12B,$0.77B,15.50%,$242,$180,$62,$0,$26,$206,$36,$-4,$33,$9,$24,$24,$24,$49,$36,$26,26,$0.91,$0.91,$18,$120,$45,$320,$225,$0,$445,$0,$671,$991,$176,$299,$0,$346,$522,$26,$439,$-30,$469,$991,$61,$36,$2,$39,$-3,$-8,$16,$-4,$5,$104,$-31,$0,$-50,$0,$0,$0,$0,$-81,$-20,$4,$-16,$0,$0,$-12,$0,$-27,$-5,$3,$-12
12,2015-08-31,48.74,$17.35,2.81,$33.02,1.48,$7.24,6.73,$2.84,17.16,$0.31B,$0.15B,2.03,$0.34B,$0.45B,0.75,$0.85B,$0.22B,26.14%,$0.85B,$0.12B,13.60%,$0.85B,$0.12B,13.60%,$0.85B,$0.16B,19.23%,$0.85B,$0.10B,11.72%,$0.85B,$0.07B,8.68%,$0.07B,$0.45B,17.21%,$0.07B,$-0.00B,-510.34%,$0.07B,$0.98B,7.60%,$0.12B,$0.79B,15.09%,$214,$161,$54,$0,$27,$188,$26,$-5,$22,$5,$17,$17,$17,$39,$26,$26,26,$0.67,$0.67,$20,$113,$35,$311,$224,$0,$450,$0,$673,$984,$153,$337,$0,$384,$536,$26,$419,$-28,$448,$984,$37,$24,$0,$24,$-4,$-1,$3,$-2,$-7,$55,$-21,$0,$-50,$0,$0,$0,$0,$-71,$-18,$40,$22,$0,$0,$-8,$-0,$15,$-2,$3,$-8
13,2015-05-31,46.03,$16.97,2.71,$32.26,1.43,$7.58,6.07,$2.70,17.05,$0.36B,$0.16B,2.21,$0.35B,$0.44B,0.79,$0.83B,$0.21B,25.36%,$0.83B,$0.11B,13.58%,$0.83B,$0.11B,13.58%,$0.83B,$0.16B,19.23%,$0.83B,$0.10B,11.66%,$0.83B,$0.07B,8.53%,$0.07B,$0.44B,16.96%,$0.07B,$0.00B,-255.86%,$0.07B,$0.99B,7.32%,$0.11B,$0.78B,14.75%,$229,$170,$59,$0,$26,$196,$33,$-4,$29,$9,$20,$20,$20,$44,$33,$26,26,$0.77,$0.77,$46,$114,$55,$358,$196,$0,$437,$0,$633,$991,$162,$345,$0,$392,$554,$26,$406,$-23,$437,$991,$20,$11,$-3,$9,$-4,$-6,$3,$-25,$-24,$5,$-6,$0,$0,$0,$0,$0,$0,$-6,$-16,$45,$29,$0,$0,$-4,$-0,$25,$23,$1,$-4
14,2015-02-28,43.48,$16.32,2.66,$31.81,1.37,$7.88,5.52,$2.51,17.32,$0.30B,$0.15B,2.0,$0.32B,$0.42B,0.75,$0.82B,$0.21B,25.27%,$0.82B,$0.11B,13.19%,$0.82B,$0.11B,13.19%,$0.82B,$0.16B,19.05%,$0.82B,$0.09B,11.23%,$0.82B,$0.07B,8.06%,$0.07B,$0.42B,16.20%,$0.07B,$-0.02B,-150.86%,$0.07B,$0.94B,6.82%,$0.11B,$0.74B,14.15%,$185,$137,$49,$0,$24,$161,$24,$-4,$20,$3,$17,$17,$17,$36,$24,$26,26,$0.66,$0.67,$23,$108,$34,$299,$197,$0,$442,$0,$638,$937,$149,$316,$0,$368,$517,$26,$389,$-23,$420,$937,$66,$48,$21,$68,$-9,$-3,$11,$-8,$-16,$118,$-28,$0,$-12,$0,$0,$0,$0,$-40,$-21,$-47,$-68,$0,$0,$-15,$0,$-82,$-5,$4,$-15
15,2014-11-30,42.71,$16.16,2.64,$31.67,1.35,$7.19,5.94,$2.28,18.73,$0.34B,$0.17B,2.0,$0.36B,$0.42B,0.86,$0.82B,$0.20B,25.03%,$0.82B,$0.11B,12.88%,$0.82B,$0.11B,12.88%,$0.82B,$0.15B,18.77%,$0.82B,$0.09B,10.92%,$0.82B,$0.06B,7.24%,$0.06B,$0.42B,14.88%,$0.06B,$-0.03B,-99.58%,$0.06B,$0.98B,6.07%,$0.11B,$0.77B,13.65%,$225,$164,$61,$0,$28,$192,$33,$-4,$29,$9,$20,$20,$20,$45,$33,$26,26,$0.78,$0.77,$44,$112,$35,$335,$196,$0,$450,$0,$646,$981,$168,$356,$0,$398,$566,$26,$377,$-14,$415,$981,$49,$36,$9,$45,$-15,$-5,$20,$-4,$-11,$83,$-19,$0,$-11,$0,$0,$0,$0,$-29,$-19,$-8,$-27,$0,$0,$-11,$0,$-38,$16,$3,$-11
16,2014-08-31,44.04,$15.70,2.81,$30.64,1.44,$7.05,6.25,$2.23,19.75,$0.32B,$0.16B,2.02,$0.37B,$0.40B,0.92,$0.79B,$0.20B,24.87%,$0.79B,$0.10B,12.31%,$0.79B,$0.10B,12.31%,$0.79B,$0.15B,18.40%,$0.79B,$0.09B,11.17%,$0.79B,$0.06B,7.23%,$0.06B,$0.40B,14.76%,$0.06B,$-0.06B,-77.29%,$0.06B,$0.97B,5.85%,$0.10B,$0.78B,12.52%,$193,$151,$42,$0,$19,$170,$23,$-4,$19,$5,$14,$14,$14,$35,$23,$26,26,$0.54,$0.53,$42,$115,$29,$316,$196,$0,$458,$0,$654,$970,$156,$372,$0,$411,$567,$26,$361,$-9,$403,$970,$29,$24,$4,$28,$4,$-7,$10,$-0,$-3,$54,$-11,$0,$-11,$0,$0,$0,$0,$-22,$-17,$6,$-11,$0,$0,$-7,$0,$-18,$14,$3,$-7
17,2014-05-31,42.18,$15.28,2.76,$30.53,1.38,$6.66,6.34,$2.34,18.03,$0.33B,$0.16B,2.09,$0.38B,$0.39B,0.97,$0.79B,$0.21B,26.75%,$0.79B,$0.10B,13.25%,$0.79B,$0.10B,13.25%,$0.79B,$0.15B,19.24%,$0.79B,$0.10B,12.10%,$0.79B,$0.06B,7.52%,$0.06B,$0.39B,15.73%,$0.06B,$-0.06B,-66.67%,$0.06B,$0.98B,6.04%,$0.10B,$0.77B,13.35%,$216,$161,$55,$0,$28,$188,$28,$-4,$24,$9,$15,$15,$15,$40,$28,$26,26,$0.58,$0.58,$26,$114,$32,$330,$197,$0,$456,$0,$654,$984,$158,$379,$9,$434,$592,$26,$351,$-8,$392,$984,$15,$12,$0,$12,$-15,$-7,$14,$-6,$-15,$12,$-6,$0,$0,$0,$0,$0,$0,$-6,$-15,$10,$-5,$0,$0,$-4,$0,$-8,$-2,$1,$-4
18,2014-02-28,41.92,$14.70,2.85,$29.27,1.43,$7.52,5.58,$2.33,17.99,$0.30B,$0.14B,2.06,$0.39B,$0.38B,1.02,$0.75B,$0.21B,27.39%,$0.75B,$0.10B,13.30%,$0.75B,$0.10B,13.30%,$0.75B,$0.15B,19.28%,$0.75B,$0.09B,12.50%,$0.75B,$0.06B,7.85%,$0.06B,$0.38B,16.23%,$0.06B,$-0.08B,-56.06%,$0.06B,$0.95B,6.04%,$0.10B,$0.76B,12.79%,$181,$135,$46,$0,$25,$160,$21,$-4,$17,$7,$10,$10,$10,$33,$21,$26,26,$0.41,$0.39,$28,$108,$27,$296,$198,$0,$459,$0,$657,$953,$144,$385,$9,$433,$577,$26,$339,$-11,$376,$953,$60,$45,$-4,$41,$36,$-6,$-4,$-16,$7,$107,$-35,$0,$-276,$0,$0,$0,$0,$-311,$58,$137,$195,$0,$0,$-14,$-4,$176,$-28,$4,$-14
19,2013-11-30,46.02,$14.66,3.14,$27.71,1.66,$7.83,5.88,$2.45,18.78,$0.32B,$0.15B,2.21,$0.42B,$0.37B,1.11,$0.71B,$0.20B,27.85%,$0.71B,$0.10B,14.06%,$0.71B,$0.10B,14.06%,$0.71B,$0.14B,19.83%,$0.71B,$0.10B,13.78%,$0.71B,$0.06B,8.72%,$0.06B,$0.37B,17.56%,$0.06B,$-0.09B,-88.57%,$0.06B,$0.99B,6.80%,$0.10B,$0.79B,13.81%,$198,$144,$53,$0,$28,$173,$25,$3,$28,$9,$18,$18,$18,$37,$25,$26,26,$0.72,$0.72,$51,$106,$21,$324,$198,$0,$467,$0,$665,$989,$147,$417,$9,$468,$615,$26,$333,$-6,$374,$989,$49,$33,$-2,$31,$30,$-4,$-2,$-9,$15,$95,$-34,$0,$-276,$0,$0,$0,$0,$-310,$59,$167,$226,$0,$0,$-11,$-5,$210,$-5,$3,$-11
20,2013-08-31,35.22,$14.05,2.51,$25.87,1.36,$7.65,4.61,$2.33,15.12,$0.32B,$0.14B,2.29,$0.43B,$0.36B,1.21,$0.66B,$0.19B,28.66%,$0.66B,$0.10B,15.38%,$0.66B,$0.10B,15.38%,$0.66B,$0.14B,20.97%,$0.66B,$0.09B,14.18%,$0.66B,$0.06B,8.90%,$0.06B,$0.36B,17.29%,$0.06B,$-0.11B,-180.15%,$0.06B,$0.98B,7.08%,$0.10B,$0.79B,15.52%,$190,$134,$56,$0,$26,$160,$30,$-4,$26,$9,$16,$16,$16,$41,$30,$25,26,$0.64,$0.64,$42,$102,$24,$319,$193,$0,$472,$0,$665,$984,$139,$434,$9,$486,$625,$25,$318,$-5,$358,$984,$31,$22,$5,$27,$20,$-0,$-0,$-13,$-3,$55,$-23,$0,$-276,$0,$0,$0,$0,$-299,$60,$182,$242,$0,$0,$-7,$-5,$230,$-14,$3,$-7
21,2013-05-31,38.77,$13.59,2.85,$24.49,1.58,$7.41,5.23,$2.31,16.78,$0.32B,$0.15B,2.12,$0.44B,$0.35B,1.26,$0.63B,$0.18B,28.27%,$0.63B,$0.10B,15.97%,$0.63B,$0.10B,15.97%,$0.63B,$0.13B,21.25%,$0.63B,$0.09B,14.86%,$0.63B,$0.06B,9.42%,$0.06B,$0.35B,17.84%,$0.06B,$-0.13B,453.85%,$0.06B,$0.98B,7.87%,$0.10B,$0.78B,17.04%,$183,$132,$51,$0,$27,$159,$24,$-1,$23,$9,$15,$15,$15,$34,$24,$25,26,$0.57,$0.57,$42,$106,$21,$317,$188,$0,$477,$0,$665,$982,$149,$435,$9,$486,$636,$25,$305,$-4,$346,$982,$15,$10,$4,$14,$28,$-5,$0,$-14,$11,$40,$-12,$0,$-277,$0,$0,$0,$0,$-288,$61,$182,$243,$0,$0,$-4,$-5,$234,$-14,$2,$-4
22,2013-02-28,41.6,$13.16,3.16,$22.35,1.86,$6.81,6.11,$2.37,17.55,$0.26B,$0.12B,2.21,$0.20B,$0.33B,0.59,$0.57B,$0.16B,28.77%,$0.57B,$0.10B,17.37%,$0.57B,$0.10B,17.37%,$0.57B,$0.13B,22.28%,$0.57B,$0.10B,16.67%,$0.57B,$0.06B,10.53%,$0.06B,$0.33B,18.79%,$0.06B,$0.06B,75.47%,$0.06B,$0.69B,9.15%,$0.10B,$0.53B,19.20%,$140,$102,$38,$0,$17,$120,$21,$-0,$21,$7,$13,$13,$13,$29,$21,$25,26,$0.52,$0.52,$56,$82,$13,$262,$154,$0,$277,$0,$432,$694,$119,$196,$9,$241,$360,$25,$294,$-3,$334,$694,$60,$30,$-1,$28,$-12,$-4,$1,$-0,$4,$93,$-13,$0,$-137,$0,$0,$0,$0,$-150,$-18,$0,$-18,$0,$0,$-13,$1,$-30,$-88,$3,$-13
23,2012-11-30,35.39,$12.90,2.74,$21.73,1.63,$5.45,6.49,$2.31,15.32,$0.25B,$0.11B,2.3,$0.20B,$0.33B,0.6,$0.55B,$0.16B,28.52%,$0.55B,$0.10B,17.69%,$0.55B,$0.10B,17.69%,$0.55B,$0.12B,22.20%,$0.55B,$0.09B,16.43%,$0.55B,$0.06B,10.65%,$0.06B,$0.33B,19.17%,$0.06B,$0.06B,62.11%,$0.06B,$0.67B,9.31%,$0.10B,$0.52B,19.30%,$150,$105,$45,$0,$18,$123,$27,$-3,$24,$9,$15,$15,$15,$35,$27,$25,26,$0.61,$0.60,$50,$84,$12,$252,$152,$0,$270,$0,$422,$674,$109,$196,$9,$238,$347,$25,$284,$0,$327,$674,$47,$21,$0,$21,$-8,$-7,$2,$1,$-2,$67,$-11,$0,$-123,$0,$0,$0,$0,$-134,$-18,$0,$-18,$0,$0,$-10,$1,$-27,$-94,$3,$-10
24,2012-08-31,29.37,$12.48,2.35,$20.47,1.43,$4.49,6.54,$2.11,13.95,$0.26B,$0.09B,2.78,$0.20B,$0.32B,0.62,$0.52B,$0.14B,27.69%,$0.52B,$0.09B,17.31%,$0.52B,$0.09B,17.31%,$0.52B,$0.11B,21.73%,$0.52B,$0.08B,15.96%,$0.52B,$0.05B,10.38%,$0.05B,$0.32B,18.27%,$0.05B,$0.07B,48.32%,$0.05B,$0.65B,8.80%,$0.09B,$0.51B,18.04%,$153,$110,$43,$0,$16,$126,$28,$-3,$25,$9,$16,$16,$16,$35,$28,$25,26,$0.63,$0.62,$69,$78,$9,$262,$138,$0,$247,$0,$385,$647,$94,$196,$9,$237,$331,$25,$273,$1,$316,$647,$32,$13,$-2,$12,$-11,$-2,$1,$3,$-13,$30,$-4,$0,$-77,$0,$0,$0,$0,$-81,$-18,$0,$-18,$0,$0,$-6,$1,$-24,$-75,$2,$-6
25,2012-05-31,24.7,$5.94,4.16,$18.98,1.3,$4.13,5.98,$1.87,13.25,$0.31B,$0.08B,3.94,$0.20B,$0.30B,0.65,$0.48B,$0.13B,27.18%,$0.48B,$0.08B,16.80%,$0.48B,$0.08B,16.80%,$0.48B,$0.10B,21.16%,$0.48B,$0.07B,15.35%,$0.48B,$0.05B,9.96%,$0.05B,$0.30B,16.89%,$0.05B,$0.14B,38.87%,$0.05B,$0.61B,8.03%,$0.08B,$0.50B,16.48%,$127,$89,$38,$0,$15,$105,$23,$3,$25,$9,$16,$16,$16,$28,$23,$25,25,$0.63,$0.63,$139,$63,$15,$310,$132,$0,$166,$0,$297,$607,$79,$196,$0,$228,$307,$25,$260,$-1,$300,$607,$16,$6,$-2,$3,$4,$-5,$2,$-3,$-3,$16,$-3,$0,$0,$0,$0,$0,$0,$-3,$-14,$0,$-14,$0,$0,$-3,$1,$-17,$-4,$2,$-3
26,2012-02-29,23.01,$11.43,2.01,$16.25,1.42,$3.73,6.17,$1.61,14.29,$0.30B,$0.08B,3.88,$0.21B,$0.29B,0.73,$0.47B,$0.12B,26.44%,$0.47B,$0.08B,16.20%,$0.47B,$0.08B,16.20%,$0.47B,$0.10B,20.90%,$0.47B,$0.06B,13.65%,$0.47B,$0.04B,8.74%,$0.04B,$0.29B,14.90%,$0.04B,$0.12B,35.19%,$0.04B,$0.61B,6.96%,$0.08B,$0.50B,15.65%,$124,$91,$32,$0,$13,$104,$20,$-3,$17,$5,$12,$12,$12,$25,$20,$25,25,$0.65,$0.66,$143,$60,$14,$303,$136,$0,$168,$0,$304,$607,$78,$211,$0,$241,$319,$25,$247,$1,$288,$607,$41,$23,$6,$29,$-11,$0,$2,$1,$-6,$64,$-19,$0,$-27,$0,$0,$0,$0,$-47,$0,$0,$0,$0,$0,$-13,$0,$-12,$5,$3,$-13
27,2011-11-30,19.31,$11.04,1.75,$15.37,1.26,$3.00,6.44,$1.52,12.75,$0.31B,$0.08B,4.18,$0.21B,$0.28B,0.76,$0.45B,$0.12B,26.68%,$0.45B,$0.07B,16.14%,$0.45B,$0.07B,16.14%,$0.45B,$0.10B,21.30%,$0.45B,$0.06B,13.68%,$0.45B,$0.04B,8.52%,$0.04B,$0.28B,14.22%,$0.04B,$0.12B,34.08%,$0.04B,$0.59B,6.57%,$0.07B,$0.49B,14.95%,$116,$86,$31,$0,$11,$97,$19,$-3,$16,$6,$10,$10,$10,$25,$19,$25,25,$0.40,$0.39,$160,$65,$14,$313,$127,$0,$154,$0,$281,$594,$75,$211,$0,$241,$316,$13,$239,$0,$278,$594,$29,$17,$6,$24,$-4,$-5,$3,$1,$-6,$47,$-16,$0,$0,$0,$0,$0,$0,$-16,$0,$0,$0,$0,$0,$-9,$0,$-9,$22,$3,$-9
28,2011-08-31,21.46,$10.77,1.99,$14.85,1.44,$2.37,9.05,$1.51,14.26,$0.30B,$0.07B,4.07,$0.21B,$0.27B,0.78,$0.43B,$0.12B,26.79%,$0.43B,$0.07B,16.17%,$0.43B,$0.07B,16.17%,$0.43B,$0.09B,21.48%,$0.43B,$0.06B,13.86%,$0.43B,$0.04B,8.78%,$0.04B,$0.27B,14.62%,$0.04B,$0.12B,36.63%,$0.04B,$0.58B,7.05%,$0.07B,$0.48B,15.68%,$115,$84,$30,$0,$12,$96,$19,$-3,$16,$6,$10,$10,$10,$24,$19,$25,25,$0.38,$0.38,$149,$65,$14,$302,$126,$0,$155,$0,$281,$583,$74,$211,$0,$238,$312,$13,$232,$1,$271,$583,$19,$11,$3,$15,$-3,$-5,$3,$1,$-7,$27,$-10,$0,$0,$0,$0,$0,$0,$-10,$0,$0,$0,$0,$0,$-6,$0,$-6,$11,$2,$-6
29,2011-05-31,19.91,$10.51,1.89,$14.28,1.39,$1.82,10.94,$1.51,13.18,$0.29B,$0.07B,4.2,$0.21B,$0.26B,0.8,$0.42B,$0.12B,27.51%,$0.42B,$0.07B,16.27%,$0.42B,$0.07B,16.27%,$0.42B,$0.09B,22.01%,$0.42B,$0.06B,14.11%,$0.42B,$0.04B,9.09%,$0.04B,$0.26B,15.05%,$0.04B,$0.11B,39.69%,$0.04B,$0.57B,7.58%,$0.07B,$0.47B,16.42%,$114,$83,$31,$0,$13,$96,$18,$-3,$15,$6,$9,$9,$9,$24,$18,$50,51,$0.19,$0.19,$140,$61,$17,$289,$125,$0,$156,$0,$281,$571,$69,$211,$0,$238,$307,$13,$225,$1,$264,$571,$9,$6,$2,$8,$1,$-2,$2,$-3,$-8,$10,$-5,$0,$0,$0,$0,$0,$0,$-5,$0,$0,$0,$0,$0,$-3,$0,$-3,$2,$2,$-3
30,2011-02-28,19.14,$10.24,1.87,$15.11,1.27,$1.80,10.63,$1.39,13.77,$0.28B,$0.06B,4.88,$0.23B,$0.26B,0.88,$0.38B,$0.11B,28.35%,$0.38B,$0.06B,16.01%,$0.38B,$0.06B,16.01%,$0.38B,$0.08B,22.05%,$0.38B,$0.05B,14.17%,$0.38B,$0.04B,9.19%,$0.04B,$0.26B,14.30%,$0.04B,$0.10B,33.18%,$0.04B,$0.57B,7.69%,$0.06B,$0.48B,16.09%,$101,$73,$27,$0,$11,$85,$16,$-2,$14,$5,$9,$9,$9,$22,$16,$25,25,$0.37,$0.37,$138,$60,$16,$284,$125,$0,$157,$0,$283,$567,$58,$225,$0,$252,$311,$13,$219,$1,$256,$567,$35,$22,$0,$22,$-1,$-11,$3,$-6,$-15,$42,$-16,$0,$-104,$0,$0,$0,$0,$-120,$118,$0,$118,$0,$0,$-12,$0,$106,$28,$3,$-12
31,2010-11-30,16.61,$9.96,1.67,$14.52,1.14,$3.62,4.59,$1.35,12.35,$0.15B,$0.05B,2.81,$0.10B,$0.25B,0.4,$0.37B,$0.11B,28.77%,$0.37B,$0.06B,16.16%,$0.37B,$0.06B,16.16%,$0.37B,$0.08B,21.92%,$0.37B,$0.05B,14.52%,$0.37B,$0.03B,9.32%,$0.03B,$0.25B,14.30%,$0.03B,$0.09B,29.31%,$0.03B,$0.43B,8.31%,$0.06B,$0.35B,17.31%,$103,$75,$28,$0,$11,$86,$17,$-2,$15,$5,$10,$10,$10,$23,$17,$25,25,$0.39,$0.39,$7,$56,$15,$153,$125,$0,$156,$0,$281,$434,$54,$100,$0,$131,$185,$13,$213,$0,$249,$434,$26,$16,$2,$19,$-5,$-8,$3,$-5,$-19,$26,$-11,$0,$-104,$0,$0,$0,$0,$-115,$-7,$0,$-7,$0,$0,$-9,$2,$-15,$-104,$3,$-9
32,2010-08-31,17.69,$9.64,1.83,$13.70,1.29,$5.26,3.36,$1.31,13.5,$0.15B,$0.05B,3.08,$0.11B,$0.24B,0.47,$0.34B,$0.10B,29.94%,$0.34B,$0.06B,16.57%,$0.34B,$0.06B,16.57%,$0.34B,$0.08B,22.38%,$0.34B,$0.05B,15.12%,$0.34B,$0.03B,9.59%,$0.03B,$0.24B,14.27%,$0.03B,$0.08B,26.09%,$0.03B,$0.43B,8.32%,$0.06B,$0.35B,17.05%,$100,$71,$29,$0,$12,$83,$17,$-1,$15,$6,$10,$10,$10,$23,$17,$25,25,$0.39,$0.39,$9,$53,$11,$152,$124,$0,$157,$0,$281,$433,$49,$112,$0,$143,$193,$13,$206,$-1,$241,$433,$16,$10,$1,$11,$-7,$-5,$-1,$-2,$-19,$8,$-5,$0,$-104,$0,$0,$0,$0,$-109,$-7,$12,$5,$0,$0,$-6,$1,$-0,$-102,$2,$-6
33,2010-05-31,16.24,$9.38,1.73,$13.56,1.2,$6.34,2.56,$1.37,11.86,$0.21B,$0.04B,4.93,$0.10B,$0.23B,0.43,$0.34B,$0.11B,30.97%,$0.34B,$0.06B,17.40%,$0.34B,$0.06B,17.40%,$0.34B,$0.08B,23.01%,$0.34B,$0.06B,16.22%,$0.34B,$0.03B,10.03%,$0.03B,$0.23B,15.16%,$0.03B,$0.15B,24.86%,$0.03B,$0.39B,8.89%,$0.06B,$0.33B,18.20%,$77,$54,$24,$0,$12,$66,$11,$-1,$10,$4,$6,$6,$6,$16,$11,$25,25,$0.26,$0.26,$110,$44,$11,$214,$85,$0,$87,$0,$172,$387,$43,$100,$0,$110,$154,$13,$200,$-1,$233,$387,$6,$5,$1,$5,$0,$-4,$4,$-2,$-8,$4,$-2,$0,$0,$0,$0,$0,$0,$-2,$0,$0,$0,$0,$0,$-3,$1,$-2,$-0,$2,$-3
34,2010-02-28,13.74,$9.22,1.49,$14.32,0.96,$6.66,2.06,$1.52,9.07,$0.21B,$0.04B,4.76,$0.10B,$0.23B,0.44,$0.36B,$0.11B,31.09%,$0.36B,$0.07B,18.49%,$0.36B,$0.07B,18.49%,$0.36B,$0.08B,23.53%,$0.36B,$0.06B,17.09%,$0.36B,$0.04B,10.64%,$0.04B,$0.23B,17.57%,$0.04B,$0.14B,28.46%,$0.04B,$0.38B,10.11%,$0.07B,$0.33B,20.87%,$85,$61,$24,$0,$10,$71,$14,$-1,$13,$5,$8,$8,$8,$18,$14,$25,25,$0.32,$0.32,$111,$40,$11,$207,$87,$0,$87,$0,$175,$382,$44,$100,$0,$110,$154,$13,$196,$-1,$228,$382,$38,$17,$2,$20,$27,$15,$-6,$-1,$25,$83,$-12,$0,$-7,$0,$0,$0,$0,$-19,$0,$0,$0,$0,$0,$-3,$2,$-1,$63,$2,$-3
35,2009-11-30,14.68,$9.01,1.63,$14.99,0.98,$5.59,2.63,$1.60,9.18,$0.21B,$0.05B,4.06,$0.10B,$0.22B,0.45,$0.37B,$0.12B,30.91%,$0.37B,$0.07B,18.55%,$0.37B,$0.07B,18.55%,$0.37B,$0.09B,23.39%,$0.37B,$0.06B,17.20%,$0.37B,$0.04B,10.75%,$0.04B,$0.22B,19.42%,$0.04B,$0.14B,31.13%,$0.04B,$0.38B,10.84%,$0.07B,$0.32B,22.55%,$82,$56,$26,$0,$10,$66,$15,$-2,$14,$5,$9,$9,$9,$20,$15,$25,25,$0.36,$0.35,$98,$45,$7,$207,$90,$0,$88,$0,$177,$384,$51,$100,$0,$111,$162,$13,$192,$-1,$223,$384,$30,$13,$2,$15,$17,$10,$-3,$3,$21,$65,$-10,$0,$-7,$0,$0,$0,$0,$-17,$0,$0,$0,$0,$0,$0,$2,$2,$51,$2,$0
36,2009-08-31,14.93,$8.64,1.73,$16.16,0.92,$3.74,3.99,$1.69,8.83,$0.20B,$0.05B,3.68,$0.10B,$0.21B,0.47,$0.40B,$0.12B,29.57%,$0.40B,$0.07B,18.05%,$0.40B,$0.07B,18.05%,$0.40B,$0.09B,22.31%,$0.40B,$0.07B,16.79%,$0.40B,$0.04B,10.53%,$0.04B,$0.21B,21.59%,$0.04B,$0.13B,35.59%,$0.04B,$0.38B,11.76%,$0.07B,$0.31B,24.45%,$95,$65,$31,$0,$11,$76,$19,$-1,$18,$7,$11,$11,$11,$24,$19,$25,25,$0.46,$0.45,$72,$47,$11,$198,$91,$0,$88,$0,$179,$377,$54,$100,$0,$111,$165,$13,$183,$-1,$213,$377,$21,$9,$3,$11,$4,$8,$-2,$1,$5,$37,$-7,$0,$-7,$0,$0,$0,$0,$-14,$0,$0,$0,$0,$0,$0,$2,$2,$24,$2,$0
37,2009-05-31,15.07,$8.24,1.83,$16.53,0.91,$2.79,5.41,$1.71,8.84,$0.19B,$0.05B,3.78,$0.10B,$0.20B,0.5,$0.41B,$0.12B,28.50%,$0.41B,$0.07B,17.44%,$0.41B,$0.07B,17.44%,$0.41B,$0.09B,21.38%,$0.41B,$0.07B,16.46%,$0.41B,$0.04B,10.32%,$0.04B,$0.20B,22.92%,$0.04B,$0.13B,39.16%,$0.04B,$0.36B,12.16%,$0.07B,$0.30B,25.07%,$95,$66,$30,$0,$12,$78,$18,$-2,$16,$6,$10,$10,$10,$22,$18,$24,25,$0.41,$0.40,$58,$50,$12,$186,$88,$0,$68,$18,$174,$360,$49,$100,$0,$110,$159,$13,$172,$-1,$201,$360,$10,$4,$2,$6,$6,$4,$-1,$-5,$-2,$14,$-4,$0,$0,$0,$0,$0,$0,$-4,$0,$0,$0,$0,$0,$0,$0,$0,$10,$1,$0
38,2009-02-28,8.78,$7.70,1.14,$16.75,0.52,$2.11,4.16,$1.72,5.12,$0.18B,$0.06B,3.12,$0.10B,$0.19B,0.53,$0.41B,$0.11B,27.18%,$0.41B,$0.07B,16.75%,$0.41B,$0.07B,16.75%,$0.41B,$0.08B,20.39%,$0.41B,$0.07B,16.26%,$0.41B,$0.04B,10.19%,$0.04B,$0.19B,24.38%,$0.04B,$0.12B,42.32%,$0.04B,$0.36B,12.57%,$0.07B,$0.29B,25.34%,$100,$72,$28,$0,$11,$83,$17,$-1,$16,$6,$10,$10,$10,$21,$17,$24,25,$0.42,$0.41,$48,$54,$11,$182,$88,$0,$66,$19,$173,$355,$58,$100,$0,$109,$168,$13,$162,$-3,$187,$355,$42,$15,$7,$22,$-17,$2,$1,$1,$-4,$60,$-16,$0,$-96,$0,$0,$0,$0,$-113,$100,$0,$100,$0,$0,$0,$-2,$98,$45,$2,$0
39,2008-11-30,10.44,$7.03,1.48,$15.81,0.66,$1.53,6.82,$1.61,6.48,$0.17B,$0.05B,3.14,$0.10B,$0.18B,0.56,$0.39B,$0.10B,26.74%,$0.39B,$0.06B,16.20%,$0.39B,$0.06B,16.20%,$0.39B,$0.08B,19.79%,$0.39B,$0.06B,15.94%,$0.39B,$0.04B,10.03%,$0.04B,$0.18B,24.07%,$0.04B,$0.09B,40.94%,$0.04B,$0.34B,13.29%,$0.06B,$0.28B,26.58%,$109,$79,$29,$0,$11,$91,$18,$-1,$17,$6,$11,$11,$11,$22,$18,$24,25,$0.45,$0.44,$14,$59,$16,$166,$86,$0,$84,$2,$172,$337,$53,$100,$0,$107,$160,$13,$152,$-3,$177,$337,$32,$11,$5,$15,$-23,$-3,$3,$-6,$-26,$21,$-12,$0,$-95,$0,$0,$0,$0,$-108,$98,$0,$98,$0,$0,$0,$0,$98,$12,$2,$0
40,2008-08-31,18.85,$6.93,2.72,$14.90,1.26,$1.65,11.41,$1.50,12.56,$0.16B,$0.06B,2.86,$0.10B,$0.17B,0.59,$0.37B,$0.10B,25.89%,$0.37B,$0.06B,15.80%,$0.37B,$0.06B,15.80%,$0.37B,$0.07B,19.07%,$0.37B,$0.06B,15.80%,$0.37B,$0.04B,9.81%,$0.04B,$0.17B,23.61%,$0.04B,$0.08B,37.31%,$0.04B,$0.33B,13.79%,$0.06B,$0.27B,28.05%,$103,$74,$29,$0,$11,$85,$18,$0,$18,$7,$11,$11,$11,$22,$18,$24,25,$0.47,$0.46,$13,$59,$15,$157,$84,$0,$86,$2,$172,$330,$55,$100,$0,$106,$161,$13,$141,$-1,$168,$330,$21,$7,$3,$10,$-16,$-3,$8,$-9,$-19,$13,$-7,$0,$-95,$0,$0,$0,$0,$-102,$100,$0,$100,$0,$0,$0,$0,$100,$10,$1,$0
41,2008-05-31,13.61,$6.47,2.1,$14.05,0.97,$1.79,7.59,$1.37,9.94,$0.16B,$0.05B,3.02,$0.10B,$0.16B,0.64,$0.35B,$0.09B,25.14%,$0.35B,$0.05B,15.32%,$0.35B,$0.05B,15.32%,$0.35B,$0.06B,18.21%,$0.35B,$0.05B,15.32%,$0.35B,$0.03B,9.54%,$0.03B,$0.16B,23.08%,$0.03B,$0.10B,33.59%,$0.03B,$0.31B,14.39%,$0.05B,$0.26B,29.90%,$100,$74,$26,$0,$10,$84,$16,$-1,$16,$6,$10,$10,$10,$19,$16,$24,25,$0.42,$0.41,$14,$52,$15,$155,$83,$0,$57,$19,$159,$314,$51,$100,$0,$105,$157,$13,$130,$0,$157,$314,$10,$3,$1,$5,$-20,$2,$5,$-6,$-17,$-2,$-5,$0,$-81,$0,$0,$0,$0,$-86,$100,$0,$100,$0,$0,$0,$0,$100,$12,$1,$0
42,2008-02-29,15.36,$6.03,2.55,$13.11,1.17,$2.27,6.76,$1.13,13.6,$0.10B,$0.04B,2.41,$0.00B,$0.15B,0.0,$0.32B,$0.08B,24.92%,$0.32B,$0.04B,13.71%,$0.32B,$0.04B,13.71%,$0.32B,$0.05B,16.51%,$0.32B,$0.04B,13.71%,$0.32B,$0.03B,8.41%,$0.03B,$0.15B,20.15%,$0.03B,$0.11B,29.03%,$0.03B,$0.19B,13.45%,$0.04B,$0.15B,29.33%,$77,$57,$20,$0,$8,$65,$11,$-0,$11,$4,$7,$7,$7,$14,$11,$24,24,$0.31,$0.30,$2,$43,$13,$103,$48,$0,$41,$1,$90,$193,$43,$0,$0,$4,$47,$13,$120,$0,$146,$193,$28,$8,$0,$9,$11,$2,$-9,$-2,$3,$39,$-10,$0,$0,$0,$0,$0,$0,$-10,$0,$-35,$-35,$3,$3,$0,$3,$-29,$1,$1,$0
43,2007-11-30,11.62,$5.72,2.03,$13.34,0.87,$0.95,12.22,$1.13,10.3,$0.12B,$0.05B,2.47,$0.02B,$0.14B,0.12,$0.32B,$0.08B,24.38%,$0.32B,$0.05B,13.89%,$0.32B,$0.05B,13.89%,$0.32B,$0.05B,16.36%,$0.32B,$0.04B,13.58%,$0.32B,$0.03B,8.33%,$0.03B,$0.14B,21.56%,$0.03B,$0.10B,32.05%,$0.03B,$0.21B,13.32%,$0.05B,$0.16B,30.00%,$87,$66,$20,$0,$7,$74,$13,$-0,$13,$5,$8,$8,$8,$15,$13,$24,25,$0.34,$0.33,$2,$46,$13,$116,$49,$0,$41,$1,$91,$207,$47,$17,$0,$21,$69,$13,$112,$0,$139,$207,$20,$6,$0,$7,$-0,$-0,$-6,$-1,$-7,$20,$-8,$0,$0,$0,$0,$0,$0,$-8,$-18,$0,$-18,$3,$3,$0,$3,$-12,$0,$1,$0
44,2007-08-31,12.32,$5.39,2.29,$12.56,0.98,$0.51,24.36,$1.02,12.11,$0.11B,$0.05B,2.31,$0.02B,$0.13B,0.15,$0.30B,$0.08B,25.17%,$0.30B,$0.04B,13.25%,$0.30B,$0.04B,13.25%,$0.30B,$0.05B,15.89%,$0.30B,$0.04B,12.91%,$0.30B,$0.02B,7.95%,$0.02B,$0.13B,20.60%,$0.02B,$0.09B,31.79%,$0.02B,$0.20B,12.11%,$0.04B,$0.15B,27.63%,$82,$60,$21,$0,$8,$69,$13,$-0,$13,$5,$8,$8,$8,$15,$13,$24,25,$0.34,$0.33,$2,$49,$12,$113,$49,$0,$41,$1,$91,$203,$49,$20,$0,$24,$73,$13,$104,$0,$130,$203,$12,$4,$1,$5,$7,$-4,$-3,$-1,$-2,$15,$-6,$0,$0,$0,$0,$0,$0,$-6,$-15,$0,$-15,$3,$3,$0,$3,$-9,$0,$1,$0
45,2007-05-31,14.73,$5.03,2.93,$11.91,1.24,$0.34,43.47,$0.91,16.14,$0.11B,$0.05B,2.35,$0.03B,$0.12B,0.23,$0.28B,$0.07B,25.44%,$0.28B,$0.04B,12.72%,$0.28B,$0.04B,12.72%,$0.28B,$0.04B,15.19%,$0.28B,$0.03B,12.01%,$0.28B,$0.02B,7.42%,$0.02B,$0.12B,19.35%,$0.02B,$0.08B,31.11%,$0.02B,$0.20B,11.21%,$0.04B,$0.15B,26.52%,$75,$56,$19,$0,$12,$68,$7,$-0,$7,$3,$4,$4,$4,$9,$7,$24,24,$0.18,$0.17,$4,$47,$11,$110,$47,$0,$41,$1,$90,$200,$47,$28,$0,$32,$79,$13,$96,$0,$121,$200,$4,$2,$0,$2,$8,$-1,$-6,$-2,$1,$8,$-3,$0,$0,$0,$0,$0,$0,$-3,$0,$-8,$-8,$3,$3,$0,$2,$-3,$2,$0,$0
46,2007-02-28,8.78,$4.77,1.84,$11.02,0.8,$0.24,37.17,$0.92,9.57,$0.11B,$0.05B,2.25,$0.04B,$0.11B,0.32,$0.26B,$0.07B,25.77%,$0.26B,$0.04B,13.46%,$0.26B,$0.04B,13.46%,$0.26B,$0.04B,16.15%,$0.26B,$0.03B,13.08%,$0.26B,$0.02B,8.08%,$0.02B,$0.11B,20.74%,$0.02B,$0.07B,34.85%,$0.02B,$0.20B,12.02%,$0.04B,$0.15B,27.72%,$80,$61,$19,$0,$7,$68,$12,$-0,$11,$4,$7,$7,$7,$14,$12,$23,24,$0.30,$0.29,$2,$45,$8,$112,$47,$0,$41,$1,$89,$201,$50,$35,$0,$40,$90,$13,$92,$0,$111,$201,$22,$7,$-0,$6,$-16,$-17,$9,$-7,$-21,$7,$-10,$0,$-13,$0,$0,$0,$0,$-23,$-12,$28,$15,$1,$1,$0,$0,$17,$0,$1,$0
47,2006-11-30,9.24,$4.46,2.07,$9.88,0.94,$0.66,13.9,$0.73,12.62,$0.10B,$0.05B,2.04,$0.03B,$0.10B,0.3,$0.23B,$0.06B,25.65%,$0.23B,$0.03B,11.74%,$0.23B,$0.03B,11.74%,$0.23B,$0.03B,14.78%,$0.23B,$0.03B,11.74%,$0.23B,$0.02B,7.39%,$0.02B,$0.10B,17.85%,$0.02B,$0.06B,31.34%,$0.02B,$0.19B,10.64%,$0.03B,$0.14B,23.43%,$65,$48,$17,$0,$9,$57,$8,$0,$8,$3,$5,$5,$5,$10,$8,$23,24,$0.23,$0.22,$1,$49,$8,$102,$44,$0,$41,$2,$87,$189,$50,$31,$0,$35,$85,$6,$85,$0,$104,$189,$15,$5,$-1,$4,$-5,$-21,$10,$-6,$-11,$8,$-6,$0,$-13,$0,$0,$0,$0,$-20,$-22,$33,$11,$1,$1,$0,$0,$12,$-0,$1,$0
