,Date,Stock Price,Book Value per Share,Price to Book Ratio,TTM Sales per Share,Price to Sales Ratio,TTM FCF per Share,Price to FCF Ratio,TTM Net EPS,PE Ratio,Current Assets,Current Liabilities,Current Ratio,Long Term Debt,Shareholder's Equity_x,Debt to Equity Ratio,TTM Revenue_x,TTM Gross Profit,Gross Margin,TTM Revenue_y,TTM Operating Income,Operating Margin,TTM Revenue_x,TTM EBIT,EBIT Margin,TTM Revenue_y,TTM EBITDA,EBITDA Margin,TTM Revenue_x,TTM Pre-Tax Income,Pre-Tax Margin,TTM Revenue_y,TTM Net Income_x,Net Margin,TTM Net Income_y,Shareholder's Equity_y,Return on Equity,TTM Net Income_x,Tangible Equity,Return on Tangible Equity,TTM Net Income_y,Total Assets,Return on Assets,TTM Net Income,LT Investments & Debt,Return on Investment,revenue,cost-goods-sold,gross-profit,research-development-expenses,selling-general-administrative-expenses,operating-expenses,operating-income,total-non-operating-income-expense,pre-tax-income,total-provision-income-taxes,income-after-taxes,income-from-continuous-operations,net-income,ebitda,ebit,basic-shares-outstanding,shares-outstanding,eps-basic-net-earnings-per-share,eps-earnings-per-share-diluted,cash-on-hand,inventory,other-current-assets,total-current-assets,net-property-plant-equipment,long-term-investments,goodwill-intangible-assets-total,other-long-term-assets,total-long-term-assets,total-assets,total-current-liabilities,long-term-debt,other-non-current-liabilities,total-long-term-liabilities,total-liabilities,common-stock-net,retained-earnings-accumulated-deficit,comprehensive-income,total-share-holder-equity,total-liabilities-share-holders-equity,net-income-loss,total-depreciation-amortization-cash-flow,other-non-cash-items,total-non-cash-items,change-in-accounts-receivable,change-in-inventories,change-in-accounts-payable,change-in-assets-liabilities,total-change-in-assets-liabilities,cash-flow-from-operating-activities,net-change-in-property-plant-equipment,net-change-in-intangible-assets,net-acquisitions-divestitures,net-change-in-short-term-investments,net-change-in-long-term-investments,net-change-in-investments-total,investing-activities-other,cash-flow-from-investing-activities,net-long-term-debt,net-current-debt,debt-issuance-retirement-net-total,net-common-equity-issued-repurchased,net-total-equity-issued-repurchased,total-common-preferred-stock-dividends-paid,financial-activities-other,cash-flow-from-financial-activities,net-cash-flow,stock-based-compensation,common-stock-dividends-paid
0,2018-09-30,71.03,$23.54,3.02,$27.77,2.56,$6.56,10.82,$1.30,54.64,$0.76B,$0.34B,2.27,$0.56B,$1.21B,0.47,$1.49B,$0.53B,35.82%,$1.49B,$0.23B,15.76%,$1.49B,$0.23B,15.76%,$1.49B,$0.33B,21.89%,$1.49B,$0.21B,14.07%,$1.49B,$0.07B,4.58%,$0.07B,$1.21B,5.49%,$0.07B,$0.03B,125.93%,$0.07B,$2.34B,2.87%,$0.23B,$1.77B,13.16%,$370,$237,$133,$0,$74,$311,$59,$-7,$53,$13,$39,$39,$39,$82,$59,$52,52,$0.76,$0.75,$79,$258,$0,$764,$359,$0,$1178,$32,$1581,$2344,$337,$561,$92,$801,$1138,$1,$1333,$0,$1207,$2344,$127,$70,$-5,$66,$-12,$-25,$5,$-5,$-35,$158,$-40,$0,$-31,$0,$0,$0,$-7,$-77,$28,$0,$28,$-138,$-138,$-24,$-9,$-143,$-66,$9,$-24
1,2018-06-30,58.9,$23.19,2.54,$27.22,2.16,$6.60,8.92,$1.20,49.08,$0.81B,$0.36B,2.25,$0.57B,$1.19B,0.47,$1.47B,$0.52B,35.39%,$1.47B,$0.22B,15.22%,$1.47B,$0.22B,15.22%,$1.47B,$0.32B,21.40%,$1.47B,$0.20B,13.59%,$1.47B,$0.06B,4.35%,$0.06B,$1.19B,5.04%,$0.06B,$0.04B,81.01%,$0.06B,$2.36B,2.70%,$0.22B,$1.76B,12.50%,$375,$238,$138,$0,$74,$311,$64,$-5,$59,$9,$49,$49,$49,$87,$64,$53,53,$0.94,$0.93,$120,$251,$0,$806,$353,$0,$1157,$31,$1557,$2363,$358,$565,$91,$812,$1170,$1,$1303,$0,$1193,$2363,$88,$47,$-1,$46,$-23,$-23,$5,$-10,$-46,$89,$-24,$0,$0,$0,$0,$0,$-7,$-31,$56,$0,$56,$-118,$-118,$-16,$-3,$-80,$-25,$5,$-16
2,2018-03-31,59.73,$24.51,2.44,$26.82,2.23,$6.76,8.83,$1.09,54.8,$0.80B,$0.36B,2.27,$0.50B,$1.30B,0.39,$1.46B,$0.51B,34.57%,$1.46B,$0.21B,14.44%,$1.46B,$0.21B,14.44%,$1.46B,$0.30B,20.74%,$1.46B,$0.19B,13.28%,$1.46B,$0.06B,4.11%,$0.06B,$1.30B,4.63%,$0.06B,$0.09B,62.50%,$0.06B,$2.42B,2.55%,$0.21B,$1.80B,11.71%,$367,$237,$130,$0,$73,$310,$57,$-6,$51,$12,$39,$39,$39,$80,$57,$54,54,$0.73,$0.72,$105,$250,$0,$804,$364,$0,$1207,$31,$1612,$2416,$355,$503,$100,$766,$1121,$1,$1262,$0,$1296,$2416,$39,$24,$2,$26,$-27,$-14,$4,$-9,$-34,$30,$-11,$0,$0,$0,$0,$0,$-1,$-12,$-15,$0,$-15,$-33,$-33,$-7,$-7,$-62,$-41,$3,$-7
3,2017-12-31,62.96,$23.61,2.67,$26.29,2.39,$7.13,8.83,$1.07,58.85,$0.77B,$0.32B,2.44,$0.53B,$1.26B,0.42,$1.44B,$0.50B,34.61%,$1.44B,$0.21B,14.62%,$1.44B,$0.21B,14.62%,$1.44B,$0.30B,20.96%,$1.44B,$0.20B,13.58%,$1.44B,$0.06B,4.11%,$0.06B,$1.26B,4.62%,$0.06B,$0.06B,67.05%,$0.06B,$2.37B,2.57%,$0.21B,$1.79B,11.81%,$373,$242,$131,$0,$77,$319,$54,$-8,$46,$106,$-59,$-59,$-59,$76,$54,$54,55,$-1.09,$-1.08,$145,$242,$0,$769,$359,$0,$1197,$28,$1597,$2366,$316,$526,$102,$790,$1105,$1,$1207,$0,$1260,$2366,$59,$90,$20,$110,$-50,$-0,$12,$-21,$35,$204,$-56,$0,$-9,$0,$0,$0,$-3,$-68,$31,$0,$31,$-38,$-38,$-30,$-26,$-64,$79,$12,$-30
4,2017-09-30,69.95,$24.80,2.82,$25.39,2.75,$7.55,9.26,$2.84,24.63,$0.74B,$0.34B,2.2,$0.50B,$1.33B,0.37,$1.39B,$0.48B,34.75%,$1.39B,$0.21B,14.92%,$1.39B,$0.21B,14.92%,$1.39B,$0.30B,21.49%,$1.39B,$0.20B,14.42%,$1.39B,$0.16B,11.18%,$0.16B,$1.33B,12.37%,$0.16B,$0.13B,205.30%,$0.16B,$2.35B,6.91%,$0.21B,$1.83B,11.89%,$357,$235,$122,$0,$73,$308,$49,$-5,$44,$8,$35,$35,$35,$72,$49,$54,55,$0.65,$0.65,$134,$253,$0,$744,$354,$0,$1200,$17,$1603,$2347,$338,$497,$25,$679,$1017,$1,$1273,$0,$1330,$2347,$119,$69,$-10,$59,$-27,$-11,$14,$-15,$-10,$168,$-42,$0,$-9,$0,$0,$0,$-3,$-53,$14,$0,$14,$-22,$-22,$-22,$-23,$-52,$68,$8,$-22
5,2017-06-30,57.99,$24.16,2.4,$24.56,2.36,$7.58,7.65,$2.86,20.28,$0.70B,$0.31B,2.26,$0.49B,$1.30B,0.38,$1.34B,$0.47B,35.25%,$1.34B,$0.21B,15.65%,$1.34B,$0.21B,15.65%,$1.34B,$0.30B,22.21%,$1.34B,$0.20B,15.20%,$1.34B,$0.16B,11.70%,$0.16B,$1.30B,12.85%,$0.16B,$0.10B,373.81%,$0.16B,$2.29B,7.10%,$0.21B,$1.79B,12.26%,$364,$243,$122,$0,$71,$314,$51,$2,$53,$8,$45,$45,$45,$75,$51,$54,55,$0.83,$0.82,$105,$248,$0,$695,$349,$0,$1195,$16,$1591,$2286,$308,$494,$26,$679,$987,$1,$1246,$0,$1299,$2286,$83,$45,$-9,$36,$-18,$-11,$16,$-13,$-17,$102,$-27,$0,$-9,$0,$0,$0,$-3,$-39,$4,$0,$4,$-4,$-4,$-15,$-15,$-29,$38,$5,$-15
6,2017-03-31,50.74,$22.65,2.24,$23.51,2.16,$7.57,6.7,$2.65,19.15,$0.66B,$0.29B,2.27,$0.49B,$1.22B,0.4,$1.29B,$0.46B,35.88%,$1.29B,$0.21B,16.03%,$1.29B,$0.21B,16.03%,$1.29B,$0.29B,22.57%,$1.29B,$0.20B,15.25%,$1.29B,$0.15B,11.28%,$0.15B,$1.22B,12.17%,$0.15B,$0.06B,411.35%,$0.15B,$2.20B,6.72%,$0.21B,$1.71B,12.31%,$342,$220,$122,$0,$66,$286,$56,$-4,$52,$14,$38,$38,$38,$78,$56,$54,55,$0.71,$0.70,$88,$238,$0,$656,$338,$0,$1161,$16,$1540,$2196,$289,$491,$24,$690,$979,$1,$1208,$0,$1217,$2196,$38,$21,$2,$23,$-15,$-7,$8,$-0,$-10,$52,$-12,$0,$0,$0,$0,$0,$0,$-12,$-2,$0,$-2,$-5,$-5,$-7,$-6,$-20,$22,$2,$-7
7,2016-12-31,46.74,$21.72,2.15,$22.53,2.07,$7.16,6.53,$2.48,18.85,$0.61B,$0.30B,2.02,$0.47B,$1.17B,0.4,$1.23B,$0.44B,35.82%,$1.23B,$0.19B,15.60%,$1.23B,$0.19B,15.60%,$1.23B,$0.27B,22.10%,$1.23B,$0.18B,14.78%,$1.23B,$0.14B,11.05%,$0.14B,$1.17B,11.53%,$0.14B,$0.01B,428.35%,$0.14B,$2.14B,6.39%,$0.19B,$1.64B,11.55%,$324,$208,$116,$0,$65,$273,$51,$-1,$51,$14,$37,$37,$37,$73,$51,$54,55,$0.68,$0.67,$66,$228,$0,$608,$334,$0,$1156,$13,$1529,$2138,$302,$468,$23,$667,$969,$1,$1177,$0,$1168,$2138,$136,$80,$9,$89,$-23,$2,$12,$-14,$-7,$218,$-47,$0,$-129,$0,$0,$0,$-4,$-180,$-10,$0,$-10,$-16,$-16,$-27,$-0,$-53,$-17,$11,$-27
8,2016-09-30,39.86,$22.37,1.78,$21.77,1.83,$7.18,5.55,$2.25,17.71,$0.63B,$0.31B,2.04,$0.51B,$1.20B,0.43,$1.19B,$0.42B,35.43%,$1.19B,$0.17B,14.32%,$1.19B,$0.17B,14.32%,$1.19B,$0.25B,20.77%,$1.19B,$0.16B,13.23%,$1.19B,$0.12B,10.30%,$0.12B,$1.20B,10.52%,$0.12B,$-0.01B,393.60%,$0.12B,$2.22B,5.83%,$0.17B,$1.72B,10.32%,$312,$199,$113,$0,$61,$260,$52,$-4,$48,$11,$37,$37,$37,$72,$52,$54,55,$0.68,$0.67,$72,$233,$0,$625,$342,$0,$1208,$27,$1597,$2222,$306,$512,$25,$712,$1018,$1,$1148,$0,$1204,$2222,$99,$59,$9,$68,$-18,$5,$10,$-16,$-7,$160,$-32,$0,$-121,$0,$0,$0,$-1,$-154,$16,$0,$16,$-13,$-13,$-20,$-1,$-19,$-12,$9,$-20
9,2016-06-30,32.45,$21.93,1.48,$21.30,1.52,$7.22,4.5,$2.19,14.82,$0.61B,$0.26B,2.33,$0.46B,$1.18B,0.39,$1.17B,$0.41B,34.95%,$1.17B,$0.16B,13.90%,$1.17B,$0.16B,13.90%,$1.17B,$0.24B,20.38%,$1.17B,$0.15B,12.96%,$1.17B,$0.12B,10.23%,$0.12B,$1.18B,10.36%,$0.12B,$0.08B,285.71%,$0.12B,$2.08B,5.79%,$0.16B,$1.64B,9.97%,$307,$197,$110,$0,$62,$259,$47,$-2,$45,$12,$33,$33,$33,$67,$47,$54,55,$0.61,$0.61,$101,$205,$0,$612,$313,$0,$1101,$26,$1463,$2075,$263,$457,$20,$634,$897,$1,$1118,$0,$1178,$2075,$62,$39,$5,$44,$-11,$5,$8,$-19,$-9,$97,$-23,$0,$-2,$0,$0,$0,$-1,$-25,$-31,$0,$-31,$-8,$-8,$-13,$-3,$-55,$17,$6,$-13
10,2016-03-31,34.19,$21.73,1.57,$21.34,1.6,$7.03,4.86,$2.19,15.61,$0.59B,$0.24B,2.49,$0.49B,$1.17B,0.42,$1.18B,$0.41B,34.80%,$1.18B,$0.17B,14.14%,$1.18B,$0.17B,14.14%,$1.18B,$0.24B,20.58%,$1.18B,$0.16B,13.12%,$1.18B,$0.12B,10.25%,$0.12B,$1.17B,10.49%,$0.12B,$0.04B,348.20%,$0.12B,$2.08B,5.83%,$0.17B,$1.66B,10.23%,$288,$186,$102,$0,$61,$247,$42,$-3,$38,$9,$29,$29,$29,$60,$42,$54,55,$0.53,$0.53,$77,$211,$0,$589,$315,$0,$1125,$25,$1488,$2077,$236,$493,$20,$674,$910,$1,$1092,$0,$1167,$2077,$29,$19,$3,$22,$-4,$-0,$-0,$-18,$-20,$31,$-13,$0,$-2,$0,$0,$0,$-1,$-15,$-7,$0,$-7,$-8,$-8,$-6,$-3,$-24,$-7,$3,$-6
11,2015-12-31,34.42,$20.94,1.64,$21.47,1.6,$6.96,4.95,$2.18,15.79,$0.61B,$0.25B,2.42,$0.49B,$1.13B,0.43,$1.19B,$0.41B,34.42%,$1.19B,$0.17B,14.15%,$1.19B,$0.17B,14.15%,$1.19B,$0.25B,20.60%,$1.19B,$0.16B,13.23%,$1.19B,$0.12B,10.13%,$0.12B,$1.13B,10.64%,$0.12B,$0.01B,460.95%,$0.12B,$2.06B,5.87%,$0.17B,$1.61B,10.49%,$287,$189,$98,$0,$68,$257,$30,$-3,$27,$3,$24,$24,$24,$49,$30,$55,56,$0.45,$0.45,$84,$209,$0,$612,$309,$0,$1116,$24,$1450,$2062,$253,$486,$21,$682,$934,$1,$1069,$0,$1128,$2062,$121,$78,$21,$99,$14,$-1,$-3,$1,$-3,$217,$-43,$0,$-52,$0,$0,$0,$-21,$-115,$3,$0,$3,$-41,$-41,$-26,$5,$-59,$38,$9,$-26
12,2015-09-30,34.95,$21.16,1.65,$21.86,1.6,$6.31,5.54,$2.31,15.13,$0.61B,$0.25B,2.46,$0.47B,$1.16B,0.4,$1.22B,$0.43B,35.00%,$1.22B,$0.19B,15.45%,$1.22B,$0.19B,15.45%,$1.22B,$0.26B,21.69%,$1.22B,$0.18B,14.46%,$1.22B,$0.13B,10.60%,$0.13B,$1.16B,11.38%,$0.13B,$0.04B,921.43%,$0.13B,$2.08B,6.25%,$0.19B,$1.63B,11.68%,$291,$191,$100,$0,$57,$248,$44,$-2,$42,$8,$34,$34,$34,$63,$44,$55,56,$0.61,$0.61,$66,$213,$0,$611,$310,$0,$1123,$31,$1467,$2078,$249,$468,$22,$668,$917,$1,$1051,$0,$1162,$2078,$97,$59,$10,$70,$2,$-4,$9,$-5,$-6,$161,$-28,$0,$-43,$0,$0,$0,$-19,$-91,$-27,$0,$-27,$-1,$-1,$-20,$1,$-47,$20,$7,$-20
13,2015-06-30,37.68,$21.12,1.78,$22.34,1.69,$5.35,7.04,$2.31,16.31,$0.64B,$0.25B,2.52,$0.48B,$1.16B,0.41,$1.24B,$0.44B,35.13%,$1.24B,$0.20B,15.68%,$1.24B,$0.20B,15.68%,$1.24B,$0.27B,21.86%,$1.24B,$0.18B,14.63%,$1.24B,$0.13B,10.37%,$0.13B,$1.16B,11.39%,$0.13B,$0.05B,-5160.00%,$0.13B,$2.08B,6.19%,$0.20B,$1.63B,12.04%,$315,$204,$111,$0,$60,$264,$51,$-3,$48,$14,$34,$34,$34,$71,$51,$55,56,$0.62,$0.61,$82,$210,$0,$636,$298,$0,$1107,$28,$1443,$2079,$253,$475,$20,$671,$923,$1,$1024,$0,$1155,$2079,$63,$40,$3,$43,$-9,$-3,$15,$-9,$-21,$86,$-20,$0,$0,$0,$0,$0,$-20,$-40,$-3,$0,$-3,$-2,$-2,$-13,$10,$-8,$36,$5,$-13
14,2015-03-31,39.01,$20.19,1.93,$22.45,1.74,$4.88,7.99,$2.24,17.42,$0.60B,$0.26B,2.3,$0.46B,$1.11B,0.42,$1.25B,$0.44B,34.85%,$1.25B,$0.19B,15.11%,$1.25B,$0.19B,15.11%,$1.25B,$0.27B,21.42%,$1.25B,$0.18B,14.07%,$1.25B,$0.13B,9.99%,$0.13B,$1.11B,10.99%,$0.13B,$0.01B,-427.35%,$0.13B,$2.02B,5.90%,$0.19B,$1.57B,11.59%,$301,$198,$102,$0,$58,$257,$44,$-3,$41,$12,$29,$29,$29,$63,$44,$55,56,$0.53,$0.52,$46,$212,$0,$598,$292,$0,$1098,$27,$1426,$2024,$260,$463,$20,$658,$918,$1,$997,$0,$1106,$2024,$29,$19,$4,$24,$-14,$-6,$10,$-6,$-30,$23,$-9,$0,$0,$0,$0,$0,$-0,$-9,$-21,$0,$-21,$5,$5,$-7,$11,$-11,$-0,$3,$-7
15,2014-12-31,35.55,$20.40,1.74,$22.62,1.57,$4.67,7.61,$2.13,16.69,$0.59B,$0.27B,2.22,$0.50B,$1.11B,0.45,$1.26B,$0.43B,34.23%,$1.26B,$0.18B,14.26%,$1.26B,$0.18B,14.26%,$1.26B,$0.26B,20.76%,$1.26B,$0.17B,13.23%,$1.26B,$0.12B,9.43%,$0.12B,$1.11B,10.37%,$0.12B,$-0.04B,-328.28%,$0.12B,$2.07B,5.55%,$0.18B,$1.61B,10.90%,$310,$197,$113,$0,$65,$262,$49,$-3,$45,$12,$33,$33,$32,$67,$49,$55,56,$0.57,$0.56,$46,$212,$0,$588,$299,$0,$1150,$26,$1485,$2074,$265,$496,$16,$697,$962,$1,$975,$0,$1112,$2074,$118,$82,$-1,$82,$-21,$-10,$8,$-10,$-4,$196,$-57,$0,$-1,$0,$0,$0,$-67,$-124,$-47,$0,$-47,$3,$3,$-24,$-25,$-93,$-25,$8,$-24
16,2014-09-30,29.06,$21.23,1.37,$22.35,1.3,$1.34,21.66,$2.04,14.25,$0.61B,$0.30B,2.06,$0.51B,$1.16B,0.44,$1.24B,$0.42B,33.55%,$1.24B,$0.17B,13.27%,$1.24B,$0.17B,13.27%,$1.24B,$0.25B,20.11%,$1.24B,$0.15B,12.23%,$1.24B,$0.11B,9.17%,$0.11B,$1.16B,9.87%,$0.11B,$-0.03B,-304.00%,$0.11B,$2.16B,5.28%,$0.17B,$1.67B,9.96%,$318,$206,$111,$0,$60,$267,$51,$-3,$48,$13,$34,$34,$34,$71,$51,$55,56,$0.62,$0.61,$63,$214,$0,$611,$303,$0,$1184,$58,$1545,$2156,$297,$513,$15,$703,$1000,$1,$950,$0,$1156,$2156,$87,$63,$-4,$59,$-27,$-8,$8,$-6,$-24,$122,$-43,$0,$-1,$0,$0,$0,$-37,$-81,$-15,$0,$-15,$2,$2,$-18,$-15,$-46,$-8,$5,$-18
17,2014-06-30,36.79,$21.63,1.7,$21.59,1.7,$-0.45,0.0,$1.81,20.32,$0.61B,$0.35B,1.78,$0.50B,$1.17B,0.43,$1.19B,$0.39B,32.33%,$1.19B,$0.14B,11.89%,$1.19B,$0.14B,11.89%,$1.19B,$0.22B,18.51%,$1.19B,$0.13B,10.80%,$1.19B,$0.10B,8.46%,$0.10B,$1.17B,9.02%,$0.10B,$-0.06B,538.67%,$0.10B,$2.22B,4.90%,$0.14B,$1.68B,9.07%,$322,$212,$110,$0,$65,$277,$45,$-4,$42,$12,$30,$30,$30,$67,$45,$55,56,$0.55,$0.54,$62,$217,$0,$613,$307,$0,$1232,$62,$1601,$2215,$345,$502,$15,$696,$1041,$1,$922,$0,$1174,$2215,$53,$43,$5,$48,$-39,$-6,$13,$-6,$-36,$65,$-25,$0,$-1,$0,$0,$0,$-42,$-68,$23,$0,$23,$1,$1,$-12,$-17,$-5,$-9,$4,$-12
18,2014-03-31,36.61,$21.23,1.73,$20.71,1.77,$-0.34,0.0,$5.09,7.19,$0.60B,$0.29B,2.09,$0.50B,$1.15B,0.44,$1.14B,$0.37B,32.13%,$1.14B,$0.13B,11.68%,$1.14B,$0.13B,11.68%,$1.14B,$0.21B,18.00%,$1.14B,$0.12B,10.45%,$1.14B,$0.28B,24.58%,$0.28B,$1.15B,26.16%,$0.28B,$-0.02B,374.58%,$0.28B,$2.14B,14.41%,$0.13B,$1.65B,9.27%,$312,$215,$98,$0,$62,$277,$35,$-4,$32,$9,$23,$23,$23,$57,$35,$55,56,$0.42,$0.41,$61,$210,$0,$598,$307,$0,$1169,$60,$1537,$2135,$286,$503,$15,$700,$986,$1,$898,$0,$1149,$2135,$23,$22,$5,$27,$-33,$1,$10,$-7,$-33,$17,$-15,$0,$0,$0,$0,$0,$-0,$-15,$14,$0,$14,$-1,$-1,$-6,$-18,$-11,$-9,$2,$-6
19,2013-12-31,36.35,$21.17,1.72,$19.88,1.83,$-0.24,0.0,$4.92,7.39,$0.58B,$0.30B,1.92,$0.49B,$1.14B,0.43,$1.09B,$0.35B,32.45%,$1.09B,$0.12B,11.27%,$1.09B,$0.12B,11.27%,$1.09B,$0.19B,17.42%,$1.09B,$0.11B,9.81%,$1.09B,$0.27B,24.75%,$0.27B,$1.14B,27.47%,$0.27B,$-0.04B,357.62%,$0.27B,$2.12B,14.37%,$0.12B,$1.63B,8.96%,$291,$194,$98,$0,$64,$257,$34,$-4,$30,$4,$26,$26,$27,$55,$34,$54,55,$0.48,$0.48,$71,$211,$0,$577,$303,$0,$1184,$58,$1546,$2124,$300,$490,$16,$682,$982,$1,$881,$0,$1141,$2124,$271,$67,$-295,$-228,$-24,$2,$2,$-4,$-33,$10,$-56,$0,$232,$0,$0,$0,$-19,$157,$-108,$0,$-108,$-55,$-55,$-22,$2,$-183,$-16,$18,$-22
20,2013-09-30,33.03,$19.27,1.71,$19.26,1.71,$2.39,13.83,$4.98,6.63,$0.68B,$0.28B,2.42,$0.29B,$1.02B,0.28,$1.06B,$0.34B,32.33%,$1.06B,$0.12B,11.63%,$1.06B,$0.12B,11.63%,$1.06B,$0.19B,17.67%,$1.06B,$0.11B,10.02%,$1.06B,$0.27B,25.80%,$0.27B,$1.02B,30.42%,$0.27B,$0.20B,603.31%,$0.27B,$1.78B,15.04%,$0.12B,$1.30B,9.28%,$269,$189,$80,$0,$52,$241,$28,$-3,$25,$4,$21,$21,$21,$42,$28,$53,54,$0.39,$0.38,$230,$180,$0,$683,$224,$0,$820,$22,$1096,$1779,$283,$286,$15,$480,$763,$1,$860,$0,$1017,$1779,$244,$47,$-307,$-260,$-12,$-0,$9,$4,$29,$13,$-33,$0,$539,$0,$0,$0,$-2,$504,$-300,$0,$-300,$-58,$-58,$-16,$2,$-373,$144,$16,$-16
21,2013-06-30,28.27,$18.61,1.52,$18.52,1.53,$3.76,7.52,$4.94,5.72,$0.65B,$0.39B,1.69,$0.18B,$0.98B,0.18,$1.02B,$0.32B,31.73%,$1.02B,$0.12B,11.46%,$1.02B,$0.12B,11.46%,$1.02B,$0.18B,17.83%,$1.02B,$0.10B,9.70%,$1.02B,$0.27B,26.44%,$0.27B,$0.98B,32.19%,$0.27B,$0.17B,-537.31%,$0.27B,$1.74B,14.68%,$0.12B,$1.15B,8.58%,$267,$177,$90,$0,$54,$231,$36,$-4,$32,$23,$9,$9,$209,$51,$36,$54,55,$3.90,$3.82,$197,$186,$0,$653,$215,$0,$810,$20,$1082,$1735,$387,$177,$15,$373,$760,$1,$845,$0,$975,$1735,$223,$32,$-310,$-278,$-18,$-8,$8,$6,$120,$65,$-20,$0,$541,$0,$0,$0,$-2,$519,$-403,$0,$-403,$-58,$-58,$-11,$1,$-471,$111,$14,$-11
22,2013-03-31,27.18,$14.79,1.84,$17.55,1.55,$3.27,8.32,$1.57,17.31,$0.78B,$0.25B,3.13,$0.60B,$0.80B,0.76,$0.97B,$0.30B,30.65%,$0.97B,$0.11B,11.04%,$0.97B,$0.11B,11.04%,$0.97B,$0.17B,17.54%,$0.97B,$0.09B,9.29%,$0.97B,$0.09B,8.88%,$0.09B,$0.80B,11.02%,$0.09B,$-0.02B,-136.51%,$0.09B,$1.88B,4.86%,$0.11B,$1.40B,7.88%,$264,$178,$86,$0,$61,$239,$25,$-5,$20,$4,$15,$15,$13,$42,$25,$55,56,$0.25,$0.24,$100,$179,$241,$778,$214,$0,$815,$22,$1098,$1876,$248,$604,$18,$829,$1077,$1,$641,$0,$798,$1876,$13,$17,$12,$29,$-16,$-1,$7,$2,$-25,$18,$-10,$0,$0,$0,$0,$0,$-1,$-11,$23,$0,$23,$-10,$-10,$-5,$0,$8,$14,$13,$-5
23,2012-12-31,21.02,$14.76,1.42,$16.82,1.25,$3.11,6.75,$1.73,12.15,$0.62B,$0.20B,3.09,$0.64B,$0.80B,0.8,$0.93B,$0.27B,29.42%,$0.93B,$0.11B,11.53%,$0.93B,$0.11B,11.53%,$0.93B,$0.17B,17.89%,$0.93B,$0.09B,9.81%,$0.93B,$0.10B,10.24%,$0.10B,$0.80B,12.37%,$0.10B,$-0.16B,-299.21%,$0.10B,$1.87B,5.70%,$0.11B,$1.44B,8.32%,$258,$173,$86,$0,$51,$224,$34,$-5,$29,$3,$27,$27,$30,$52,$34,$55,55,$0.53,$0.53,$86,$226,$0,$619,$233,$0,$964,$23,$1250,$1869,$200,$642,$19,$869,$1068,$1,$633,$0,$800,$1869,$95,$60,$18,$77,$-4,$5,$-5,$-22,$-36,$136,$-37,$0,$-297,$0,$0,$0,$1,$-333,$253,$0,$253,$-12,$-12,$-22,$0,$219,$24,$9,$-22
24,2012-09-30,23.3,$14.46,1.61,$17.25,1.35,$2.89,8.06,$1.19,19.58,$0.64B,$0.22B,2.96,$0.68B,$0.78B,0.87,$0.95B,$0.28B,29.59%,$0.95B,$0.10B,10.70%,$0.95B,$0.10B,10.70%,$0.95B,$0.16B,16.58%,$0.95B,$0.09B,9.23%,$0.95B,$0.07B,6.82%,$0.07B,$0.78B,8.68%,$0.07B,$-0.19B,214.88%,$0.07B,$1.88B,4.17%,$0.10B,$1.46B,8.57%,$232,$170,$62,$0,$40,$210,$22,$-4,$18,$2,$16,$16,$18,$37,$22,$55,55,$0.34,$0.34,$87,$230,$0,$635,$227,$0,$967,$18,$1244,$1879,$215,$678,$20,$882,$1097,$1,$609,$0,$782,$1879,$66,$42,$7,$49,$-12,$1,$3,$-25,$-38,$77,$-22,$0,$-297,$0,$0,$0,$2,$-318,$293,$0,$293,$-13,$-13,$-16,$0,$264,$25,$7,$-16
25,2012-06-30,22.53,$13.72,1.64,$18.33,1.23,$2.90,7.77,$1.26,17.88,$0.57B,$0.17B,3.38,$0.38B,$0.74B,0.52,$1.02B,$0.32B,31.37%,$1.02B,$0.11B,11.18%,$1.02B,$0.11B,11.18%,$1.02B,$0.17B,16.76%,$1.02B,$0.10B,10.10%,$1.02B,$0.07B,6.86%,$0.07B,$0.74B,9.35%,$0.07B,$0.11B,66.99%,$0.07B,$1.46B,4.80%,$0.11B,$1.12B,10.31%,$215,$152,$63,$0,$37,$190,$26,$-2,$23,$4,$19,$19,$25,$39,$26,$55,55,$0.46,$0.45,$91,$216,$0,$566,$207,$0,$627,$14,$891,$1457,$168,$383,$34,$549,$717,$1,$596,$0,$741,$1457,$47,$27,$5,$32,$-9,$-1,$-1,$-19,$-45,$34,$-15,$0,$-0,$0,$0,$0,$-2,$-18,$39,$0,$39,$-15,$-15,$-11,$1,$14,$28,$4,$-11
26,2012-03-31,24.3,$13.82,1.76,$19.71,1.23,$2.98,8.15,$1.21,20.08,$0.55B,$0.16B,3.46,$0.37B,$0.75B,0.49,$1.10B,$0.36B,32.64%,$1.10B,$0.12B,11.06%,$1.10B,$0.12B,11.06%,$1.10B,$0.18B,16.41%,$1.10B,$0.11B,10.06%,$1.10B,$0.07B,6.07%,$0.07B,$0.75B,8.74%,$0.07B,$0.11B,63.21%,$0.07B,$1.47B,4.57%,$0.12B,$1.12B,11.00%,$223,$160,$62,$0,$38,$198,$25,$-3,$21,$4,$18,$18,$22,$38,$25,$55,55,$0.41,$0.40,$77,$217,$0,$552,$213,$0,$642,$14,$913,$1465,$160,$370,$36,$556,$716,$1,$577,$0,$749,$1465,$22,$14,$6,$20,$-2,$1,$-1,$-5,$-35,$6,$-7,$0,$-0,$0,$0,$0,$-1,$-9,$29,$0,$29,$-8,$-8,$-5,$1,$17,$15,$2,$-5
27,2011-12-31,22.19,$13.29,1.67,$20.90,1.06,$2.69,8.25,$1.15,19.3,$0.53B,$0.20B,2.68,$0.33B,$0.72B,0.46,$1.17B,$0.40B,33.93%,$1.17B,$0.13B,10.94%,$1.17B,$0.13B,10.94%,$1.17B,$0.19B,16.07%,$1.17B,$0.12B,10.00%,$1.17B,$0.06B,5.47%,$0.06B,$0.72B,8.33%,$0.06B,$0.08B,65.98%,$0.06B,$1.44B,4.38%,$0.13B,$1.06B,11.76%,$283,$188,$95,$0,$66,$254,$29,$-3,$26,$3,$24,$24,$0,$44,$29,$55,55,$0.00,$0.00,$63,$217,$0,$530,$211,$0,$638,$14,$910,$1440,$198,$333,$14,$520,$718,$1,$560,$0,$722,$1440,$65,$61,$39,$100,$-25,$-12,$1,$-18,$-44,$121,$-33,$0,$19,$0,$0,$0,$-16,$-31,$-22,$0,$-22,$-5,$-5,$-19,$6,$-40,$49,$8,$-19
28,2011-09-30,17.64,$14.32,1.23,$18.99,0.93,$1.80,9.8,$1.36,12.97,$0.54B,$0.21B,2.51,$0.34B,$0.78B,0.43,$1.07B,$0.34B,32.18%,$1.07B,$0.12B,10.98%,$1.07B,$0.12B,10.98%,$1.07B,$0.18B,16.60%,$1.07B,$0.10B,9.76%,$1.07B,$0.08B,7.13%,$0.08B,$0.78B,9.92%,$0.08B,$0.11B,89.15%,$0.08B,$1.47B,5.24%,$0.12B,$1.12B,10.96%,$299,$199,$100,$0,$66,$264,$34,$-1,$33,$8,$25,$25,$23,$50,$34,$56,56,$0.42,$0.41,$39,$227,$0,$536,$216,$0,$671,$19,$931,$1467,$214,$339,$36,$469,$683,$1,$566,$0,$784,$1467,$65,$45,$5,$50,$-27,$-11,$5,$-17,$-37,$78,$-22,$0,$-3,$0,$0,$0,$-3,$-29,$-22,$0,$-22,$4,$4,$-13,$7,$-24,$25,$6,$-13
29,2011-06-30,22.66,$14.60,1.55,$18.89,1.2,$1.26,17.99,$1.22,18.57,$0.52B,$0.21B,2.5,$0.33B,$0.81B,0.4,$1.06B,$0.35B,32.92%,$1.06B,$0.11B,10.22%,$1.06B,$0.11B,10.22%,$1.06B,$0.17B,15.70%,$1.06B,$0.09B,8.51%,$1.06B,$0.07B,6.43%,$0.07B,$0.81B,9.05%,$0.07B,$0.12B,97.14%,$0.07B,$1.49B,4.74%,$0.11B,$1.14B,10.50%,$298,$195,$103,$0,$69,$264,$34,$-3,$31,$8,$23,$23,$22,$49,$34,$55,56,$0.40,$0.40,$17,$230,$0,$520,$227,$0,$692,$18,$966,$1486,$208,$328,$38,$466,$674,$1,$547,$0,$812,$1486,$41,$30,$4,$34,$-25,$-10,$8,$-14,$-35,$40,$-17,$0,$0,$0,$0,$0,$-4,$-21,$-37,$0,$-37,$26,$26,$-9,$3,$-16,$3,$4,$-9
30,2011-03-31,19.0,$13.87,1.37,$18.60,1.02,$1.16,16.32,$1.08,17.6,$0.49B,$0.27B,1.78,$0.28B,$0.76B,0.37,$1.04B,$0.35B,33.53%,$1.04B,$0.10B,9.41%,$1.04B,$0.10B,9.41%,$1.04B,$0.16B,14.99%,$1.04B,$0.08B,7.40%,$1.04B,$0.06B,5.86%,$0.06B,$0.76B,8.50%,$0.06B,$0.07B,132.61%,$0.06B,$1.45B,4.36%,$0.10B,$1.04B,10.11%,$290,$191,$99,$0,$68,$259,$31,$-4,$27,$6,$20,$20,$19,$45,$31,$55,56,$0.35,$0.34,$17,$217,$0,$485,$225,$0,$683,$17,$966,$1451,$272,$280,$36,$424,$696,$1,$529,$0,$755,$1451,$19,$15,$7,$21,$-26,$2,$0,$-8,$-45,$-5,$-12,$0,$0,$0,$0,$0,$-3,$-16,$19,$0,$19,$8,$8,$-4,$0,$23,$3,$2,$-4
31,2010-12-31,18.74,$13.23,1.42,$18.36,1.02,$1.51,12.45,$0.95,19.73,$0.45B,$0.28B,1.59,$0.26B,$0.71B,0.37,$1.03B,$0.35B,34.01%,$1.03B,$0.09B,8.45%,$1.03B,$0.09B,8.45%,$1.03B,$0.15B,14.09%,$1.03B,$0.06B,6.22%,$1.03B,$0.05B,5.25%,$0.05B,$0.71B,7.71%,$0.05B,$0.04B,164.89%,$0.05B,$1.40B,3.93%,$0.09B,$0.97B,9.26%,$179,$137,$41,$0,$23,$160,$18,$-5,$13,$1,$12,$12,$12,$33,$18,$55,56,$0.21,$0.21,$13,$216,$0,$450,$218,$0,$675,$17,$953,$1403,$283,$260,$36,$408,$691,$1,$514,$0,$712,$1403,$53,$58,$6,$64,$-36,$-24,$12,$-16,$-52,$66,$-27,$0,$0,$0,$0,$0,$-3,$-30,$1,$0,$1,$-22,$-22,$-17,$-0,$-39,$-4,$8,$-17
32,2010-09-30,15.88,$13.29,1.2,$17.85,0.89,$3.03,5.25,$0.85,18.68,$0.45B,$0.29B,1.54,$0.24B,$0.73B,0.33,$1.00B,$0.34B,33.73%,$1.00B,$0.08B,8.33%,$1.00B,$0.08B,8.33%,$1.00B,$0.14B,14.16%,$1.00B,$0.06B,5.92%,$1.00B,$0.05B,4.82%,$0.05B,$0.73B,6.92%,$0.05B,$0.05B,190.10%,$0.05B,$1.40B,3.52%,$0.08B,$0.97B,8.75%,$290,$185,$105,$0,$80,$265,$25,$-6,$19,$4,$15,$15,$15,$39,$25,$55,56,$0.27,$0.27,$24,$212,$0,$449,$220,$0,$676,$19,$955,$1404,$293,$242,$37,$385,$677,$1,$507,$0,$726,$1404,$42,$43,$10,$53,$-28,$-19,$11,$-18,$-48,$47,$-21,$0,$0,$0,$0,$0,$-2,$-23,$1,$0,$1,$-5,$-5,$-13,$-0,$-17,$6,$6,$-13
33,2010-06-30,14.72,$12.35,1.19,$17.43,0.84,$4.43,3.32,$0.78,18.87,$0.41B,$0.29B,1.39,$0.22B,$0.68B,0.33,$0.97B,$0.32B,33.23%,$0.97B,$0.07B,7.56%,$0.97B,$0.07B,7.56%,$0.97B,$0.13B,13.56%,$0.97B,$0.05B,5.28%,$0.97B,$0.04B,4.55%,$0.04B,$0.68B,6.47%,$0.04B,$0.02B,475.68%,$0.04B,$1.34B,3.25%,$0.07B,$0.90B,7.62%,$282,$178,$104,$0,$80,$258,$24,$-6,$18,$3,$15,$15,$15,$39,$24,$56,56,$0.27,$0.26,$14,$197,$0,$407,$213,$0,$655,$19,$933,$1340,$293,$224,$34,$369,$662,$1,$496,$0,$678,$1340,$27,$29,$2,$31,$-27,$-9,$12,$-7,$-25,$33,$-15,$0,$0,$0,$0,$0,$-2,$-17,$-9,$0,$-9,$-1,$-1,$-9,$-0,$-18,$-3,$4,$-9
34,2010-03-31,17.39,$12.47,1.4,$17.19,1.01,$4.65,3.74,$0.71,24.5,$0.40B,$0.28B,1.42,$0.23B,$0.69B,0.34,$0.94B,$0.31B,32.59%,$0.94B,$0.06B,6.71%,$0.94B,$0.06B,6.71%,$0.94B,$0.12B,12.78%,$0.94B,$0.04B,4.58%,$0.94B,$0.04B,4.15%,$0.04B,$0.69B,5.86%,$0.04B,$0.02B,-400.00%,$0.04B,$1.35B,2.84%,$0.06B,$0.92B,6.32%,$278,$178,$100,$0,$80,$258,$20,$-5,$14,$2,$12,$12,$12,$34,$20,$55,56,$0.21,$0.21,$15,$192,$0,$402,$218,$0,$667,$19,$950,$1352,$283,$232,$37,$383,$666,$1,$486,$0,$686,$1352,$12,$14,$2,$16,$-17,$-2,$8,$-9,$-20,$8,$-6,$0,$0,$0,$0,$0,$-1,$-7,$-1,$0,$-1,$2,$2,$-4,$-0,$-3,$-2,$2,$-4
35,2009-12-31,15.04,$12.50,1.2,$17.17,0.88,$4.53,3.32,$0.72,20.89,$0.40B,$0.19B,2.13,$0.32B,$0.69B,0.47,$0.92B,$0.30B,32.61%,$0.92B,$0.06B,6.83%,$0.92B,$0.06B,6.83%,$0.92B,$0.12B,13.11%,$0.92B,$0.04B,4.66%,$0.92B,$0.04B,4.12%,$0.04B,$0.69B,5.94%,$0.04B,$0.01B,-110.14%,$0.04B,$1.35B,2.74%,$0.06B,$1.01B,6.14%,$146,$118,$27,$0,$13,$131,$14,$-6,$8,$-2,$10,$10,$6,$29,$14,$54,54,$0.10,$0.11,$17,$191,$0,$403,$225,$0,$677,$16,$949,$1352,$189,$321,$38,$478,$667,$1,$479,$0,$685,$1352,$39,$57,$-7,$51,$18,$54,$4,$-11,$54,$143,$-24,$0,$0,$0,$0,$0,$-2,$-26,$-102,$0,$-102,$6,$6,$-26,$-1,$-122,$-4,$4,$-26
36,2009-09-30,15.13,$12.25,1.24,$19.24,0.79,$3.41,4.44,$0.42,36.03,$0.41B,$0.19B,2.18,$0.34B,$0.67B,0.5,$1.04B,$0.37B,35.41%,$1.04B,$0.05B,4.99%,$1.04B,$0.05B,4.99%,$1.04B,$0.11B,10.94%,$1.04B,$0.03B,2.98%,$1.04B,$0.02B,2.02%,$0.02B,$0.67B,3.39%,$0.02B,$-0.01B,-37.33%,$0.02B,$1.38B,1.49%,$0.05B,$1.01B,5.03%,$260,$170,$90,$0,$75,$246,$15,$-4,$11,$-0,$11,$11,$11,$29,$15,$54,55,$0.20,$0.20,$14,$194,$0,$412,$235,$0,$683,$14,$967,$1378,$189,$337,$42,$519,$708,$1,$477,$0,$670,$1378,$33,$43,$-3,$40,$15,$51,$5,$-14,$53,$126,$-24,$0,$0,$0,$0,$0,$-2,$-26,$-91,$0,$-91,$5,$5,$-21,$-1,$-108,$-7,$3,$-21
37,2009-06-30,10.47,$11.73,0.89,$20.39,0.51,$2.29,4.58,$0.73,14.34,$0.46B,$0.18B,2.61,$0.43B,$0.62B,0.69,$1.12B,$0.41B,36.29%,$1.12B,$0.08B,7.17%,$1.12B,$0.08B,7.17%,$1.12B,$0.14B,12.63%,$1.12B,$0.06B,5.02%,$1.12B,$0.04B,3.41%,$0.04B,$0.62B,6.01%,$0.04B,$-0.05B,-84.92%,$0.04B,$1.41B,2.62%,$0.08B,$1.06B,7.46%,$255,$166,$89,$0,$75,$241,$14,$-4,$10,$-0,$10,$10,$10,$28,$14,$53,54,$0.20,$0.19,$16,$206,$0,$457,$236,$0,$675,$14,$956,$1413,$175,$432,$41,$615,$790,$1,$470,$0,$623,$1413,$22,$29,$-1,$28,$-17,$36,$-3,$-14,$-2,$48,$-19,$0,$0,$0,$0,$0,$-1,$-21,$-16,$0,$-16,$1,$1,$-17,$-0,$-33,$-5,$2,$-17
38,2009-03-31,9.32,$11.13,0.84,$22.24,0.42,$2.01,4.64,$1.14,8.17,$0.48B,$0.18B,2.7,$0.45B,$0.58B,0.78,$1.24B,$0.46B,37.34%,$1.24B,$0.12B,9.44%,$1.24B,$0.12B,9.44%,$1.24B,$0.18B,14.27%,$1.24B,$0.09B,7.26%,$1.24B,$0.06B,5.00%,$0.06B,$0.58B,9.35%,$0.06B,$-0.08B,-248.00%,$0.06B,$1.41B,4.15%,$0.12B,$1.04B,10.63%,$262,$167,$95,$0,$75,$242,$20,$-6,$14,$3,$11,$11,$11,$35,$20,$53,53,$0.22,$0.22,$20,$223,$0,$481,$230,$0,$663,$13,$933,$1414,$178,$453,$38,$653,$831,$1,$469,$0,$583,$1414,$11,$15,$3,$18,$-26,$15,$-4,$-5,$-24,$5,$-9,$0,$0,$0,$0,$0,$-1,$-10,$12,$0,$12,$1,$1,$-8,$-0,$5,$-1,$1,$-8
39,2008-12-31,12.43,$10.84,1.15,$24.13,0.52,$1.69,7.36,$1.52,8.18,$0.48B,$0.19B,2.52,$0.44B,$0.60B,0.74,$1.36B,$0.52B,37.81%,$1.36B,$0.15B,10.94%,$1.36B,$0.15B,10.94%,$1.36B,$0.21B,15.20%,$1.36B,$0.12B,8.74%,$1.36B,$0.08B,6.09%,$0.08B,$0.60B,11.93%,$0.08B,$-0.08B,-1037.50%,$0.08B,$1.44B,5.38%,$0.15B,$1.04B,13.15%,$265,$170,$95,$0,$93,$263,$3,$-7,$-4,$1,$-6,$-6,$-11,$22,$3,$54,56,$-0.20,$-0.17,$21,$241,$0,$478,$235,$0,$679,$13,$958,$1435,$189,$442,$41,$648,$837,$1,$465,$0,$599,$1435,$83,$59,$20,$78,$26,$-3,$-44,$-12,$-49,$112,$-51,$0,$5,$0,$0,$0,$-61,$-107,$60,$0,$60,$-29,$-29,$-33,$1,$-2,$0,$6,$-33
40,2008-09-30,17.1,$13.26,1.29,$25.25,0.68,$1.85,9.26,$2.01,8.51,$0.53B,$0.22B,2.35,$0.44B,$0.72B,0.6,$1.44B,$0.54B,37.84%,$1.44B,$0.18B,12.40%,$1.44B,$0.18B,12.40%,$1.44B,$0.24B,16.45%,$1.44B,$0.14B,9.97%,$1.44B,$0.11B,7.53%,$0.11B,$0.72B,15.22%,$0.11B,$0.03B,-4800.00%,$0.11B,$1.53B,6.89%,$0.18B,$1.16B,15.71%,$334,$208,$126,$0,$83,$291,$43,$-6,$36,$7,$29,$29,$28,$56,$43,$54,56,$0.51,$0.49,$26,$243,$0,$527,$239,$0,$691,$68,$1002,$1529,$224,$436,$40,$580,$805,$1,$494,$0,$724,$1529,$94,$40,$12,$52,$-10,$-0,$-27,$-5,$-63,$83,$-41,$0,$5,$0,$0,$0,$-60,$-96,$39,$0,$39,$3,$3,$-25,$2,$19,$5,$5,$-25
41,2008-06-30,19.39,$13.69,1.42,$25.49,0.76,$2.05,9.46,$1.97,9.84,$0.56B,$0.28B,2.03,$0.42B,$0.75B,0.57,$1.46B,$0.55B,37.71%,$1.46B,$0.18B,11.98%,$1.46B,$0.18B,11.98%,$1.46B,$0.23B,15.95%,$1.46B,$0.14B,9.65%,$1.46B,$0.11B,7.39%,$0.11B,$0.75B,15.78%,$0.11B,$0.03B,-436.36%,$0.11B,$1.60B,6.93%,$0.18B,$1.17B,16.08%,$379,$232,$147,$0,$96,$328,$51,$-7,$44,$9,$35,$35,$34,$64,$51,$54,57,$0.62,$0.58,$25,$251,$0,$561,$243,$0,$718,$66,$1038,$1599,$277,$423,$46,$577,$854,$1,$474,$0,$745,$1599,$66,$26,$9,$35,$-25,$-2,$-19,$-5,$-61,$40,$-26,$0,$5,$0,$0,$0,$-37,$-57,$34,$0,$34,$2,$2,$-16,$1,$21,$5,$4,$-16
42,2008-03-31,19.18,$13.69,1.4,$25.11,0.76,$2.18,8.81,$1.86,10.31,$0.56B,$0.29B,1.97,$0.45B,$0.72B,0.63,$1.44B,$0.54B,37.73%,$1.44B,$0.16B,11.37%,$1.44B,$0.16B,11.37%,$1.44B,$0.22B,15.33%,$1.44B,$0.13B,9.08%,$1.44B,$0.10B,7.07%,$0.10B,$0.72B,15.88%,$0.10B,$-0.01B,-186.30%,$0.10B,$1.61B,6.70%,$0.16B,$1.17B,15.84%,$384,$237,$147,$0,$95,$332,$52,$-9,$43,$9,$34,$34,$32,$65,$52,$54,56,$0.60,$0.58,$22,$253,$0,$562,$240,$0,$727,$63,$1045,$1607,$285,$450,$47,$607,$892,$1,$449,$0,$715,$1607,$32,$13,$6,$19,$-28,$-3,$-9,$-8,$-62,$-10,$-12,$0,$5,$0,$0,$0,$-37,$-43,$64,$0,$64,$0,$0,$-8,$0,$57,$2,$1,$-8
43,2007-12-31,27.74,$12.09,2.29,$24.80,1.12,$2.38,11.64,$1.76,15.76,$0.52B,$0.34B,1.51,$0.38B,$0.65B,0.59,$1.42B,$0.54B,37.84%,$1.42B,$0.16B,10.92%,$1.42B,$0.16B,10.92%,$1.42B,$0.21B,14.87%,$1.42B,$0.12B,8.74%,$1.42B,$0.10B,6.91%,$0.10B,$0.65B,16.35%,$0.10B,$-0.06B,-134.25%,$0.10B,$1.54B,6.67%,$0.16B,$1.04B,15.83%,$338,$214,$123,$0,$92,$306,$32,$-11,$20,$4,$16,$16,$14,$51,$32,$53,58,$0.25,$0.24,$21,$247,$0,$521,$231,$0,$711,$62,$1018,$1539,$344,$384,$47,$541,$885,$1,$423,$0,$654,$1539,$98,$56,$11,$67,$-13,$-42,$15,$1,$-44,$120,$-49,$0,$-3,$0,$0,$0,$-76,$-128,$6,$0,$6,$15,$15,$-29,$2,$-6,$-15,$8,$-29
44,2007-09-30,26.4,$11.62,2.27,$24.76,1.07,$2.60,10.14,$1.80,14.67,$0.51B,$0.35B,1.45,$0.36B,$0.62B,0.58,$1.39B,$0.53B,37.99%,$1.39B,$0.15B,11.08%,$1.39B,$0.15B,11.08%,$1.39B,$0.20B,14.53%,$1.39B,$0.13B,9.21%,$1.39B,$0.10B,7.41%,$0.10B,$0.62B,18.20%,$0.10B,$-0.06B,-132.90%,$0.10B,$1.49B,7.26%,$0.15B,$0.98B,16.32%,$360,$226,$134,$0,$94,$320,$40,$-6,$34,$6,$28,$28,$28,$53,$40,$54,58,$0.52,$0.47,$23,$217,$0,$511,$222,$0,$681,$52,$978,$1488,$353,$359,$38,$511,$864,$1,$413,$0,$624,$1488,$84,$36,$10,$46,$-32,$-13,$9,$-6,$-43,$87,$-32,$0,$-3,$0,$0,$0,$-48,$-83,$-6,$0,$-6,$10,$10,$-22,$1,$-16,$-13,$6,$-22
45,2007-06-30,26.08,$10.78,2.42,$24.61,1.06,$2.41,10.84,$1.68,15.52,$0.49B,$0.35B,1.39,$0.38B,$0.58B,0.66,$1.35B,$0.51B,37.94%,$1.35B,$0.15B,10.72%,$1.35B,$0.15B,10.72%,$1.35B,$0.19B,14.05%,$1.35B,$0.12B,8.65%,$1.35B,$0.09B,6.95%,$0.09B,$0.58B,17.50%,$0.09B,$-0.09B,-111.90%,$0.09B,$1.45B,6.82%,$0.15B,$0.96B,15.61%,$360,$220,$140,$0,$99,$319,$40,$-6,$34,$5,$28,$28,$28,$52,$40,$53,58,$0.53,$0.49,$22,$204,$0,$488,$217,$0,$670,$51,$966,$1454,$351,$378,$35,$526,$877,$1,$393,$0,$577,$1454,$56,$24,$7,$31,$-29,$-3,$2,$-7,$-42,$45,$-22,$0,$-2,$0,$0,$0,$-37,$-62,$14,$0,$14,$9,$9,$-14,$-4,$5,$-13,$4,$-14
46,2007-03-31,18.85,$10.30,1.83,$24.22,0.78,$2.17,8.68,$1.53,12.32,$0.48B,$0.31B,1.55,$0.40B,$0.54B,0.73,$1.30B,$0.48B,37.20%,$1.30B,$0.13B,10.30%,$1.30B,$0.13B,10.30%,$1.30B,$0.18B,13.68%,$1.30B,$0.11B,8.22%,$1.30B,$0.08B,6.46%,$0.08B,$0.54B,16.29%,$0.08B,$-0.09B,-128.24%,$0.08B,$1.39B,6.32%,$0.13B,$0.94B,14.74%,$361,$221,$140,$0,$97,$317,$43,$-7,$36,$8,$28,$28,$28,$55,$43,$53,55,$0.53,$0.50,$25,$200,$0,$479,$213,$0,$629,$51,$915,$1394,$309,$397,$30,$541,$850,$1,$372,$0,$543,$1394,$28,$12,$6,$18,$-25,$-1,$-2,$-6,$-45,$1,$-11,$0,$-0,$0,$0,$0,$-12,$-23,$22,$0,$22,$1,$1,$-7,$-3,$13,$-10,$1,$-7
47,2006-12-31,17.73,$9.92,1.79,$23.59,0.75,$2.10,8.42,$1.40,12.71,$0.46B,$0.30B,1.56,$0.38B,$0.52B,0.72,$1.24B,$0.45B,36.53%,$1.24B,$0.12B,9.60%,$1.24B,$0.12B,9.60%,$1.24B,$0.16B,12.90%,$1.24B,$0.09B,7.58%,$1.24B,$0.07B,5.97%,$0.07B,$0.52B,15.28%,$0.07B,$-0.08B,-164.44%,$0.07B,$1.34B,5.93%,$0.12B,$0.90B,14.03%,$309,$194,$114,$0,$84,$278,$31,$-7,$24,$4,$20,$20,$19,$42,$31,$51,53,$0.36,$0.34,$35,$199,$0,$461,$210,$0,$595,$47,$875,$1336,$295,$376,$31,$522,$817,$1,$353,$0,$520,$1336,$74,$42,$11,$54,$-8,$-25,$14,$6,$-13,$114,$-37,$0,$-148,$0,$0,$0,$-63,$-247,$139,$0,$139,$27,$27,$-25,$-1,$141,$7,$8,$-25
