,Date,Stock Price,Book Value per Share,Price to Book Ratio,TTM Sales per Share,Price to Sales Ratio,TTM FCF per Share,Price to FCF Ratio,TTM Net EPS,PE Ratio,Current Assets,Current Liabilities,Current Ratio,Long Term Debt,Shareholder's Equity_x,Debt to Equity Ratio,TTM Revenue_x,TTM Gross Profit,Gross Margin,TTM Revenue_y,TTM Operating Income,Operating Margin,TTM Revenue_x,TTM EBIT,EBIT Margin,TTM Revenue_y,TTM EBITDA,EBITDA Margin,TTM Revenue_x,TTM Pre-Tax Income,Pre-Tax Margin,TTM Revenue_y,TTM Net Income_x,Net Margin,TTM Net Income_y,Shareholder's Equity_y,Return on Equity,TTM Net Income_x,Tangible Equity,Return on Tangible Equity,TTM Net Income_y,Total Assets,Return on Assets,TTM Net Income,LT Investments & Debt,Return on Investment,revenue,cost-goods-sold,gross-profit,research-development-expenses,selling-general-administrative-expenses,operating-expenses,operating-income,total-non-operating-income-expense,pre-tax-income,total-provision-income-taxes,income-after-taxes,income-from-continuous-operations,net-income,ebitda,ebit,basic-shares-outstanding,shares-outstanding,eps-basic-net-earnings-per-share,eps-earnings-per-share-diluted,cash-on-hand,inventory,other-current-assets,total-current-assets,net-property-plant-equipment,long-term-investments,goodwill-intangible-assets-total,other-long-term-assets,total-long-term-assets,total-assets,total-current-liabilities,long-term-debt,other-non-current-liabilities,total-long-term-liabilities,total-liabilities,common-stock-net,retained-earnings-accumulated-deficit,comprehensive-income,total-share-holder-equity,total-liabilities-share-holders-equity,net-income-loss,total-depreciation-amortization-cash-flow,other-non-cash-items,total-non-cash-items,change-in-accounts-receivable,change-in-inventories,change-in-accounts-payable,change-in-assets-liabilities,total-change-in-assets-liabilities,cash-flow-from-operating-activities,net-change-in-property-plant-equipment,net-change-in-intangible-assets,net-acquisitions-divestitures,net-change-in-short-term-investments,net-change-in-long-term-investments,net-change-in-investments-total,investing-activities-other,cash-flow-from-investing-activities,net-long-term-debt,net-current-debt,debt-issuance-retirement-net-total,net-common-equity-issued-repurchased,net-total-equity-issued-repurchased,total-common-preferred-stock-dividends-paid,financial-activities-other,cash-flow-from-financial-activities,net-cash-flow,stock-based-compensation,common-stock-dividends-paid
0,2018-09-30,371.9,$-2.12,-175.03,$163.35,2.28,$55.27,6.73,$17.13,21.71,$87.69B,$79.42B,1.1,$10.49B,$-1.21B,-8.67,$96.94B,$18.28B,18.85%,$96.94B,$10.72B,11.06%,$96.94B,$10.79B,11.13%,$96.94B,$12.92B,13.33%,$96.94B,$10.42B,10.74%,$96.94B,$10.09B,10.41%,$10.09B,$-1.21B,9428.04%,$10.09B,$-9.46B,-125.77%,$10.09B,$114.66B,8.89%,$10.72B,$9.28B,102.93%,$25146,$21022,$4124,$826,$1154,$22919,$2227,$-94,$2133,$-230,$2363,$2363,$2361,$2768,$2245,$575,581,$4.11,$4.07,$9990,$62038,$2398,$87686,$12571,$1190,$8252,$4637,$26973,$114659,$79417,$10487,$2905,$36451,$115868,$5061,$54666,$-15949,$-1209,$114659,$7036,$1531,$292,$1823,$10,$-173,$1181,$1860,$3516,$12375,$-1110,$-56,$-250,$0,$-776,$-776,$-5,$-2197,$-4029,$4696,$667,$-8345,$-8345,$-2976,$-212,$-10866,$-853,$150,$-2976
1,2018-06-30,333.85,$-2.39,-139.93,$160.01,2.09,$50.99,6.55,$16.12,20.71,$86.40B,$77.73B,1.11,$10.51B,$-1.37B,-7.65,$96.02B,$18.45B,19.21%,$96.02B,$11.13B,11.59%,$96.02B,$11.20B,11.67%,$96.02B,$13.33B,13.88%,$96.02B,$10.87B,11.32%,$96.02B,$9.54B,9.93%,$9.54B,$-1.37B,1370.96%,$9.54B,$-9.42B,-129.98%,$9.54B,$113.20B,8.87%,$11.13B,$9.13B,102.74%,$24258,$19519,$4739,$827,$1194,$21548,$2710,$-124,$2586,$390,$2196,$2196,$2196,$3234,$2727,$582,588,$3.77,$3.73,$9770,$61250,$2396,$86401,$12605,$1203,$8044,$4617,$26794,$113195,$77725,$10507,$2875,$36844,$114569,$5061,$52303,$-16139,$-1374,$113195,$4673,$1008,$245,$1253,$62,$408,$682,$1391,$1890,$7816,$-729,$-56,$0,$0,$-509,$-509,$-1,$-1295,$-2708,$3648,$940,$-5904,$-5904,$-1997,$-216,$-7177,$-766,$98,$-1997
2,2018-03-31,324.64,$2.22,146.12,$156.61,2.07,$49.07,6.62,$15.28,21.25,$86.54B,$75.53B,1.15,$10.47B,$1.30B,8.07,$94.81B,$18.07B,19.06%,$94.81B,$10.95B,11.55%,$94.81B,$11.02B,11.62%,$94.81B,$13.12B,13.84%,$94.81B,$10.74B,11.33%,$94.81B,$9.09B,9.59%,$9.09B,$1.30B,1669.05%,$9.09B,$-6.79B,-121.91%,$9.09B,$113.55B,8.93%,$10.95B,$11.77B,103.60%,$23382,$18808,$4574,$764,$997,$20507,$2875,$-36,$2839,$362,$2477,$2477,$2474,$3392,$2891,$590,597,$4.19,$4.15,$9891,$61303,$2481,$86543,$12628,$1248,$8083,$4722,$27006,$113549,$75532,$10471,$2474,$36719,$112251,$5061,$52095,$-16162,$1298,$113549,$2477,$501,$120,$621,$92,$283,$591,$61,$38,$3136,$-367,$0,$0,$0,$503,$503,$-17,$119,$-1371,$2687,$1316,$-2949,$-2949,$-1006,$-206,$-2845,$348,$45,$-1006
3,2017-12-31,290.49,$2.90,100.23,$152.81,1.9,$47.07,6.17,$13.47,21.57,$85.19B,$74.65B,1.14,$9.78B,$1.71B,5.71,$93.39B,$17.40B,18.63%,$93.39B,$10.28B,11.01%,$93.39B,$10.35B,11.08%,$93.39B,$12.42B,13.30%,$93.39B,$10.05B,10.76%,$93.39B,$8.19B,8.77%,$8.19B,$1.71B,3165.60%,$8.19B,$-6.42B,-106.67%,$8.19B,$112.36B,8.55%,$10.28B,$11.50B,100.07%,$24157,$19318,$4839,$762,$1204,$21245,$2912,$-55,$2857,$-202,$3059,$3059,$3057,$3528,$2929,$603,610,$5.09,$5.03,$9992,$61388,$2417,$85194,$12672,$1260,$8132,$4783,$27168,$112362,$74648,$9782,$2015,$36001,$110649,$5061,$49618,$-16373,$1713,$112362,$8197,$2069,$583,$2652,$-1821,$-1085,$130,$3841,$2495,$13344,$-1647,$-131,$-324,$0,$38,$38,$2,$-2062,$-953,$2077,$1124,$-8925,$-8925,$-3417,$-132,$-11350,$12,$202,$-3417
4,2017-09-30,249.06,$1.92,129.93,$149.43,1.67,$40.22,6.19,$10.88,22.89,$64.14B,$54.41B,1.18,$9.78B,$1.15B,8.54,$92.52B,$16.39B,17.72%,$92.52B,$9.55B,10.32%,$92.52B,$9.62B,10.39%,$92.52B,$11.63B,12.57%,$92.52B,$9.29B,10.04%,$92.52B,$6.77B,7.31%,$6.77B,$1.15B,13602.01%,$6.77B,$-6.72B,-86.52%,$6.77B,$91.01B,7.50%,$9.55B,$10.93B,95.41%,$24223,$19929,$4294,$768,$918,$21593,$2630,$-47,$2583,$773,$1810,$1810,$1808,$3171,$2657,$598,606,$3.03,$2.99,$10032,$43031,$0,$64142,$12712,$1270,$7867,$4718,$26865,$91007,$54409,$9780,$1449,$35453,$89862,$5061,$44052,$-13036,$1145,$91007,$5138,$1470,$426,$1896,$-558,$-800,$780,$2582,$3409,$10443,$-1274,$-131,$0,$0,$-203,$-203,$7,$-1601,$-83,$876,$793,$-7209,$-7209,$-2575,$-118,$-9109,$-300,$151,$-2575
5,2017-06-30,192.57,$-3.33,-57.75,$147.31,1.31,$34.07,5.65,$11.42,16.86,$62.83B,$52.91B,1.19,$10.06B,$-1.98B,-5.08,$92.20B,$16.11B,17.47%,$92.20B,$9.20B,9.98%,$92.20B,$9.25B,10.04%,$92.20B,$11.23B,12.18%,$92.20B,$8.91B,9.67%,$92.20B,$7.24B,7.85%,$7.24B,$-1.98B,2403.65%,$7.24B,$-9.89B,-96.38%,$7.24B,$90.04B,8.07%,$9.20B,$8.08B,89.58%,$23051,$18689,$4362,$813,$1043,$20521,$2530,$-68,$2462,$713,$1749,$1749,$1749,$3031,$2543,$602,609,$2.91,$2.87,$10326,$42453,$0,$62831,$12820,$1278,$7914,$4868,$27205,$90036,$52909,$10055,$2128,$39105,$92014,$5061,$42222,$-13234,$-1978,$90036,$3328,$956,$284,$1240,$-163,$-1036,$419,$3055,$2479,$7047,$-880,$-131,$0,$0,$-379,$-379,$7,$-1383,$-56,$874,$818,$-4760,$-4760,$-1720,$-112,$-5774,$-132,$98,$-1720
6,2017-03-31,170.91,$0.26,667.86,$148.42,1.15,$28.76,5.94,$8.16,20.94,$62.37B,$49.78B,1.25,$10.43B,$0.16B,67.3,$93.90B,$14.19B,15.11%,$93.90B,$6.25B,6.66%,$93.90B,$6.31B,6.72%,$93.90B,$8.24B,8.78%,$93.90B,$5.97B,6.36%,$93.90B,$5.25B,5.59%,$5.25B,$0.16B,548.66%,$5.25B,$-7.68B,-77.35%,$5.25B,$89.67B,5.86%,$6.25B,$10.59B,57.49%,$21961,$18060,$3901,$836,$929,$19755,$2206,$-61,$2145,$566,$1579,$1579,$1577,$2687,$2219,$614,620,$2.57,$2.54,$9205,$43247,$0,$62367,$12842,$1319,$7838,$4971,$27306,$89673,$49781,$10432,$2285,$39737,$89518,$5061,$42165,$-13415,$155,$89673,$1579,$468,$136,$604,$-264,$-1491,$616,$784,$-85,$2098,$-457,$0,$0,$0,$198,$198,$-1,$-260,$-34,$872,$838,$-2326,$-2326,$-868,$-107,$-2463,$-679,$50,$-868
7,2016-12-31,149.15,$1.42,104.96,$147.06,1.01,$26.92,5.54,$7.65,19.5,$62.49B,$50.13B,1.25,$9.57B,$0.88B,10.91,$94.57B,$13.84B,14.63%,$94.57B,$5.83B,6.17%,$94.57B,$5.89B,6.23%,$94.57B,$7.80B,8.25%,$94.57B,$5.57B,5.89%,$94.57B,$4.89B,5.17%,$4.89B,$0.88B,251.52%,$4.89B,$-6.99B,-84.72%,$4.89B,$90.00B,5.43%,$5.83B,$10.45B,51.02%,$23286,$19451,$3835,$726,$999,$21103,$2183,$-80,$2103,$472,$1631,$1631,$1633,$2742,$2196,$636,643,$2.58,$2.55,$10029,$43199,$0,$62488,$12807,$1317,$7864,$5189,$27509,$89997,$50134,$9568,$2221,$38986,$89120,$5061,$40714,$-13623,$877,$89997,$4895,$1910,$649,$2559,$112,$3755,$622,$-1360,$3045,$10499,$-2575,$0,$-297,$0,$-510,$-510,$2,$-3380,$-1359,$1325,$-34,$-6680,$-6680,$-2756,$-117,$-9587,$-2501,$190,$-2756
8,2016-09-30,125.25,$3.47,36.06,$144.75,0.87,$24.60,5.09,$6.57,19.06,$62.24B,$48.49B,1.28,$9.82B,$2.15B,4.57,$94.86B,$12.95B,13.65%,$94.86B,$4.81B,5.07%,$94.86B,$4.87B,5.14%,$94.86B,$6.72B,7.09%,$94.86B,$4.56B,4.81%,$94.86B,$4.29B,4.52%,$4.29B,$2.15B,128.90%,$4.29B,$-5.47B,-97.98%,$4.29B,$88.95B,4.70%,$4.81B,$11.97B,38.17%,$23898,$19890,$4008,$857,$923,$21616,$2282,$-79,$2203,$-76,$2279,$2279,$2276,$2770,$2296,$625,632,$3.64,$3.60,$9668,$42680,$0,$62237,$12713,$1303,$7616,$4816,$26713,$88950,$48489,$9824,$1729,$38311,$86800,$5061,$40641,$-12658,$2150,$88950,$3264,$1364,$429,$1793,$-517,$4334,$1366,$-1930,$2610,$7667,$-2000,$0,$0,$0,$28,$28,$8,$-1964,$-836,$1323,$487,$-6309,$-6309,$-2084,$-107,$-8013,$-2316,$144,$-2084
9,2016-06-30,122.46,$1.03,118.46,$144.51,0.85,$22.09,5.54,$5.44,22.51,$63.51B,$49.86B,1.27,$9.85B,$0.65B,15.22,$96.81B,$13.21B,13.64%,$96.81B,$5.11B,5.28%,$96.81B,$5.17B,5.34%,$96.81B,$6.98B,7.21%,$96.81B,$4.85B,5.01%,$96.81B,$3.71B,3.83%,$3.71B,$0.65B,82.76%,$3.71B,$-7.03B,-113.55%,$3.71B,$89.61B,3.96%,$5.11B,$10.49B,38.11%,$24755,$22309,$2446,$2127,$806,$25174,$-419,$-60,$-479,$-245,$-234,$-234,$-234,$44,$-403,$635,635,$-0.37,$-0.37,$9265,$44182,$0,$63507,$12533,$1312,$7672,$4318,$26102,$89609,$49859,$9847,$2048,$39103,$88962,$5061,$38362,$-12795,$647,$89609,$985,$890,$293,$1183,$-503,$3004,$1221,$-662,$2297,$4465,$-1406,$0,$0,$0,$48,$48,$8,$-1350,$-267,$1323,$1056,$-5354,$-5354,$-1408,$-103,$-5809,$-2697,$97,$-1408
10,2016-03-31,118.73,$6.42,18.5,$140.72,0.84,$20.34,5.84,$7.40,16.04,$65.59B,$49.52B,1.33,$8.72B,$4.11B,2.12,$96.60B,$13.97B,14.46%,$96.60B,$7.21B,7.47%,$96.60B,$7.28B,7.53%,$96.60B,$9.09B,9.41%,$96.60B,$6.95B,7.19%,$96.60B,$5.06B,5.23%,$5.06B,$4.11B,85.69%,$5.06B,$-3.62B,-265.01%,$5.06B,$91.55B,5.28%,$7.21B,$12.83B,49.44%,$22632,$19081,$3551,$917,$888,$20844,$1788,$-47,$1741,$522,$1219,$1219,$1217,$2247,$1804,$659,665,$1.85,$1.83,$8352,$47266,$0,$65587,$12269,$1297,$7726,$4401,$25960,$91547,$49517,$8721,$2096,$37924,$87441,$5061,$39975,$-12838,$4106,$91547,$1219,$443,$162,$605,$-1002,$-56,$960,$-257,$-549,$1275,$-737,$0,$0,$0,$289,$289,$10,$-438,$-128,$115,$-13,$-3459,$-3459,$-717,$-76,$-4265,$-3416,$51,$-717
11,2015-12-31,133.98,$9.60,13.96,$137.73,0.97,$18.85,7.11,$7.44,18.01,$68.23B,$50.41B,1.35,$8.73B,$6.40B,1.37,$96.11B,$14.09B,14.66%,$96.11B,$7.44B,7.74%,$96.11B,$7.51B,7.81%,$96.11B,$9.34B,9.72%,$96.11B,$7.16B,7.44%,$96.11B,$5.17B,5.38%,$5.17B,$6.40B,75.17%,$5.17B,$-1.39B,-531.28%,$5.17B,$94.41B,5.31%,$7.44B,$15.13B,47.66%,$23573,$20627,$2946,$905,$931,$22412,$1161,$-62,$1099,$73,$1026,$1026,$1027,$1660,$1176,$687,695,$1.52,$1.51,$12052,$47257,$0,$68234,$12076,$1284,$7783,$4766,$26174,$94408,$50412,$8730,$2078,$37599,$88011,$5061,$38756,$-12748,$6397,$94408,$5176,$1833,$559,$2392,$-1069,$-1110,$-238,$3733,$1795,$9363,$-2408,$0,$-31,$0,$554,$554,$39,$-1846,$-885,$1746,$861,$-6352,$-6352,$-2490,$61,$-7920,$-431,$189,$-2490
12,2015-09-30,120.6,$10.11,11.92,$137.03,0.88,$17.88,6.75,$7.95,15.17,$67.58B,$57.81B,1.17,$8.40B,$6.79B,1.24,$97.01B,$14.92B,15.38%,$97.01B,$8.31B,8.56%,$97.01B,$8.37B,8.63%,$97.01B,$10.25B,10.56%,$97.01B,$7.99B,8.23%,$97.01B,$5.61B,5.78%,$5.61B,$6.79B,75.02%,$5.61B,$-1.04B,-1315.36%,$5.61B,$99.00B,5.79%,$8.31B,$15.19B,51.70%,$25849,$21584,$4265,$857,$889,$23269,$2580,$-93,$2487,$783,$1704,$1704,$1701,$3033,$2596,$680,688,$2.50,$2.47,$9857,$48624,$0,$67576,$11614,$1277,$7828,$4557,$31422,$98998,$57808,$8402,$1461,$34404,$92212,$5061,$39069,$-13263,$6786,$98998,$4150,$1349,$353,$1702,$-1202,$-2186,$1058,$2094,$392,$6244,$-1803,$0,$-23,$0,$828,$828,$33,$-965,$-864,$761,$-103,$-5670,$-5670,$-1882,$46,$-7609,$-2350,$141,$-1882
13,2015-06-30,126.96,$9.26,13.71,$132.00,0.96,$14.59,8.7,$7.34,17.3,$66.81B,$57.14B,1.17,$8.90B,$6.31B,1.41,$94.94B,$14.38B,15.14%,$94.94B,$7.85B,8.26%,$94.94B,$7.91B,8.33%,$94.94B,$9.83B,10.35%,$94.94B,$7.53B,7.93%,$94.94B,$5.27B,5.55%,$5.27B,$6.31B,55.81%,$5.27B,$-1.58B,357.95%,$5.27B,$98.10B,5.53%,$7.85B,$15.21B,44.19%,$24543,$21333,$3210,$800,$760,$22860,$1683,$-60,$1623,$513,$1110,$1110,$1110,$2153,$1700,$690,698,$1.61,$1.59,$9625,$49028,$0,$66806,$11338,$1256,$7889,$4549,$31296,$98102,$57136,$8904,$1441,$34659,$91795,$5061,$37365,$-13420,$6307,$98102,$2446,$912,$178,$1090,$-313,$-2395,$888,$1364,$-151,$3385,$-1246,$0,$-23,$0,$835,$835,$22,$-412,$-846,$761,$-85,$-4225,$-4225,$-1264,$34,$-5540,$-2576,$94,$-1264
14,2015-03-31,136.48,$11.57,11.8,$126.67,1.08,$14.22,9.59,$7.99,17.08,$66.42B,$55.26B,1.2,$8.91B,$8.03B,1.11,$92.45B,$14.56B,15.75%,$92.45B,$7.95B,8.60%,$92.45B,$8.02B,8.67%,$92.45B,$9.93B,10.75%,$92.45B,$7.62B,8.25%,$92.45B,$5.81B,6.29%,$5.81B,$8.03B,50.93%,$5.81B,$0.12B,172.04%,$5.81B,$97.78B,6.18%,$7.95B,$16.94B,41.15%,$22149,$18480,$3669,$769,$945,$20130,$2019,$-73,$1946,$610,$1336,$1336,$1334,$2494,$2035,$705,713,$1.89,$1.87,$9631,$48502,$0,$66421,$11172,$1154,$7914,$4629,$31354,$97775,$55256,$8905,$1433,$34489,$89745,$5061,$37516,$-13815,$8030,$97775,$1336,$459,$28,$487,$-389,$-1822,$848,$85,$-1735,$88,$-574,$0,$0,$0,$352,$352,$8,$-214,$-813,$761,$-52,$-2269,$-2269,$-639,$25,$-2935,$-3078,$50,$-639
15,2014-12-31,117.48,$12.44,9.45,$122.80,0.96,$15.74,7.46,$7.40,15.88,$67.77B,$48.23B,1.41,$8.14B,$8.79B,0.93,$90.76B,$14.08B,15.51%,$90.76B,$7.47B,8.23%,$90.76B,$7.54B,8.31%,$90.76B,$9.45B,10.41%,$90.76B,$7.14B,7.86%,$90.76B,$5.44B,5.99%,$5.44B,$8.79B,41.65%,$5.44B,$0.80B,108.88%,$5.44B,$92.92B,5.88%,$7.47B,$16.93B,36.34%,$24468,$20695,$3773,$755,$1040,$22443,$2025,$-95,$1930,$464,$1466,$1466,$1465,$2569,$2041,$728,737,$2.03,$2.00,$13092,$46756,$0,$67767,$11007,$1154,$7988,$4688,$25154,$92921,$48233,$8141,$1566,$35898,$84131,$5061,$36180,$-13903,$8790,$92921,$5446,$1906,$609,$2515,$-1328,$-4330,$1339,$4979,$897,$8858,$-2202,$0,$-163,$0,$4799,$4799,$33,$2467,$-1601,$962,$-639,$-5658,$-5658,$-2115,$-181,$-8593,$2645,$195,$-2115
16,2014-09-30,114.45,$20.50,5.58,$120.58,0.95,$14.70,7.79,$6.99,16.37,$65.22B,$53.20B,1.23,$7.30B,$14.64B,0.5,$90.08B,$13.72B,15.23%,$90.08B,$6.96B,7.73%,$90.08B,$7.04B,7.81%,$90.08B,$8.94B,9.92%,$90.08B,$6.64B,7.37%,$90.08B,$5.21B,5.78%,$5.21B,$14.64B,35.63%,$5.21B,$6.55B,79.84%,$5.21B,$92.65B,5.63%,$6.96B,$21.94B,31.51%,$23784,$20057,$3727,$750,$932,$21665,$2119,$-88,$2031,$669,$1362,$1362,$1360,$2615,$2137,$722,731,$1.88,$1.86,$10077,$47058,$0,$65218,$10707,$1203,$8085,$4894,$27435,$92653,$53204,$7301,$1755,$24812,$78016,$5061,$35880,$-8653,$14637,$92653,$3980,$1378,$305,$1683,$-1385,$-4425,$1819,$2355,$-1803,$3860,$-1541,$0,$-163,$0,$2734,$2734,$4,$1034,$-910,$105,$-805,$-4707,$-4707,$-1596,$-186,$-7294,$-2433,$152,$-1596
17,2014-06-30,113.62,$19.66,5.78,$116.86,0.97,$18.54,6.13,$6.64,17.11,$65.53B,$53.34B,1.23,$7.29B,$14.18B,0.51,$88.43B,$13.47B,15.23%,$88.43B,$6.65B,7.52%,$88.43B,$6.72B,7.60%,$88.43B,$8.60B,9.72%,$88.43B,$6.34B,7.17%,$88.43B,$5.00B,5.66%,$5.00B,$14.18B,37.84%,$5.00B,$6.04B,97.18%,$5.00B,$92.74B,5.39%,$6.65B,$21.48B,31.58%,$22045,$18653,$3392,$733,$918,$20258,$1787,$-70,$1717,$64,$1653,$1653,$1652,$2256,$1804,$730,739,$2.26,$2.24,$11330,$46251,$0,$65527,$10449,$1196,$8143,$4758,$27210,$92737,$53339,$7292,$1604,$25214,$78553,$5061,$34516,$-8659,$14184,$92737,$2618,$900,$99,$999,$-1286,$-3402,$1783,$2728,$-696,$2921,$-929,$0,$-163,$0,$2373,$2373,$0,$1281,$-854,$85,$-769,$-3737,$-3737,$-1071,$-187,$-5764,$-1555,$101,$-1071
18,2014-03-31,111.44,$20.02,5.57,$115.36,0.97,$19.82,5.62,$5.81,19.18,$64.78B,$52.50B,1.23,$7.28B,$14.63B,0.5,$88.20B,$13.46B,15.26%,$88.20B,$6.58B,7.46%,$88.20B,$6.65B,7.54%,$88.20B,$8.51B,9.65%,$88.20B,$6.25B,7.09%,$88.20B,$4.44B,5.03%,$4.44B,$14.63B,38.32%,$4.44B,$6.59B,125.64%,$4.44B,$91.58B,4.79%,$6.58B,$21.91B,33.28%,$20465,$17278,$3187,$809,$877,$18923,$1542,$-83,$1459,$494,$965,$965,$963,$2008,$1560,$743,753,$1.30,$1.28,$12224,$44941,$0,$64777,$10263,$1208,$8042,$4822,$26798,$91575,$52502,$7275,$974,$24440,$76942,$5061,$33929,$-8883,$14633,$91575,$965,$448,$36,$484,$-792,$-2049,$1350,$2084,$-337,$1112,$-482,$0,$0,$0,$888,$888,$0,$406,$-757,$51,$-706,$-2391,$-2391,$-540,$-31,$-3668,$-2146,$52,$-540
19,2013-12-31,120.52,$20.07,6.01,$112.81,1.07,$19.03,6.33,$5.97,20.19,$65.07B,$51.49B,1.26,$8.07B,$15.00B,0.54,$86.62B,$13.43B,15.50%,$86.62B,$6.56B,7.58%,$86.62B,$6.64B,7.66%,$86.62B,$8.48B,9.79%,$86.62B,$6.23B,7.19%,$86.62B,$4.58B,5.28%,$4.58B,$15.00B,46.65%,$4.58B,$6.90B,262.58%,$4.58B,$92.66B,4.95%,$6.56B,$23.07B,35.98%,$23785,$20368,$3417,$848,$1100,$22270,$1515,$-81,$1434,$201,$1233,$1233,$1232,$2056,$1535,$759,768,$1.62,$1.60,$15258,$42912,$0,$65074,$10224,$1204,$8095,$5127,$27589,$92663,$51486,$8072,$1106,$26180,$77666,$5061,$32964,$-9894,$14997,$92663,$4585,$1844,$672,$2516,$-879,$-5562,$-298,$5489,$1078,$8179,$-2047,$-140,$-26,$0,$-2941,$-2941,$0,$-5154,$-1434,$571,$-863,$-1704,$-1704,$-1467,$-215,$-4249,$-1253,$206,$-1467
20,2013-09-30,103.38,$12.06,8.57,$111.11,0.93,$18.79,5.5,$5.64,18.33,$64.16B,$49.68B,1.29,$8.68B,$9.07B,0.96,$85.14B,$13.29B,15.61%,$85.14B,$6.67B,7.84%,$85.14B,$6.75B,7.93%,$85.14B,$8.57B,10.07%,$85.14B,$6.33B,7.44%,$85.14B,$4.33B,5.09%,$4.33B,$9.07B,57.31%,$4.33B,$1.06B,-822.21%,$4.33B,$94.63B,4.73%,$6.67B,$17.74B,41.16%,$22130,$18656,$3474,$755,$956,$20327,$1803,$-76,$1727,$567,$1160,$1160,$1156,$2279,$1821,$758,767,$1.53,$1.51,$15911,$41240,$0,$64162,$9987,$1168,$8009,$5350,$30471,$94633,$49680,$8677,$1235,$35886,$85566,$5061,$32647,$-16187,$9067,$94633,$3352,$1323,$129,$1452,$-1006,$-3631,$943,$4691,$1995,$6799,$-1413,$0,$-26,$0,$-2643,$-2643,$0,$-4082,$-1397,$547,$-850,$-928,$-928,$-1102,$-113,$-2993,$-300,$156,$-1102
21,2013-06-30,89.72,$10.12,8.86,$108.50,0.83,$14.61,6.14,$5.48,16.37,$61.31B,$46.95B,1.31,$8.70B,$7.63B,1.14,$83.02B,$13.06B,15.73%,$83.02B,$6.43B,7.74%,$83.02B,$6.52B,7.85%,$83.02B,$8.34B,10.05%,$83.02B,$6.07B,7.31%,$83.02B,$4.20B,5.06%,$4.20B,$7.63B,58.31%,$4.20B,$-0.42B,-498.40%,$4.20B,$92.09B,4.74%,$6.43B,$16.33B,40.31%,$21815,$18432,$3383,$763,$929,$20099,$1716,$-83,$1633,$546,$1087,$1087,$1087,$2170,$1734,$761,770,$1.43,$1.41,$14325,$40234,$0,$61310,$9814,$1166,$8054,$5440,$30781,$92091,$46949,$8695,$1314,$37510,$84459,$5061,$31490,$-16794,$7632,$92091,$2194,$865,$89,$954,$-550,$-2614,$848,$3233,$843,$3991,$-932,$0,$-26,$0,$-2413,$-2413,$0,$-3371,$-1361,$531,$-830,$-516,$-516,$-735,$-149,$-2230,$-1647,$107,$-735
22,2013-03-31,74.8,$9.97,7.5,$106.50,0.7,$11.92,6.27,$5.34,14.01,$59.49B,$45.67B,1.3,$8.25B,$7.56B,1.09,$81.21B,$12.96B,15.95%,$81.21B,$6.25B,7.70%,$81.21B,$6.35B,7.82%,$81.21B,$8.16B,10.05%,$81.21B,$5.89B,7.25%,$81.21B,$4.08B,5.03%,$4.08B,$7.56B,60.26%,$4.08B,$-0.56B,-326.97%,$4.08B,$90.45B,4.74%,$6.25B,$15.81B,40.29%,$18893,$15737,$3156,$705,$971,$17365,$1528,$-90,$1438,$332,$1106,$1106,$1103,$1976,$1547,$761,767,$1.45,$1.44,$11853,$40797,$0,$59490,$9736,$1177,$8124,$5398,$30957,$90447,$45666,$8254,$1642,$37221,$82887,$5061,$31143,$-17041,$7560,$90447,$1106,$429,$89,$518,$-437,$-3000,$654,$2602,$-1100,$524,$-488,$0,$-26,$0,$-300,$-300,$0,$-814,$-1262,$15,$-1247,$76,$76,$-367,$-167,$-1705,$-2006,$58,$-367
23,2012-12-31,65.24,$7.90,8.26,$107.45,0.61,$12.43,5.25,$5.12,12.74,$57.31B,$44.98B,1.27,$8.97B,$5.97B,1.5,$81.70B,$13.14B,16.09%,$81.70B,$6.29B,7.70%,$81.70B,$6.40B,7.83%,$81.70B,$8.21B,10.05%,$81.70B,$5.91B,7.23%,$81.70B,$3.90B,4.77%,$3.90B,$5.97B,63.26%,$3.90B,$-2.18B,-215.05%,$3.90B,$88.90B,4.67%,$6.29B,$14.94B,41.79%,$22302,$19022,$3280,$753,$943,$20678,$1624,$-89,$1535,$557,$978,$978,$985,$2146,$1648,$756,762,$1.28,$1.27,$13558,$37751,$0,$57309,$9660,$1180,$8146,$5848,$31587,$88896,$44982,$8973,$1795,$37947,$82929,$5061,$30037,$-17416,$5967,$88896,$3900,$1811,$917,$2728,$-27,$-5681,$1199,$2983,$880,$7508,$-1606,$-7,$-124,$0,$-2020,$-2020,$0,$-3757,$-2076,$60,$-2016,$120,$120,$-1322,$-259,$-3477,$292,$193,$-1322
24,2012-09-30,59.87,$10.19,5.87,$104.21,0.57,$7.88,7.6,$5.68,10.54,$53.78B,$42.85B,1.26,$9.01B,$7.68B,1.17,$78.95B,$13.19B,16.71%,$78.95B,$6.24B,7.90%,$78.95B,$6.38B,8.08%,$78.95B,$8.13B,10.30%,$78.95B,$5.82B,7.37%,$78.95B,$4.30B,5.45%,$4.30B,$7.68B,77.11%,$4.30B,$-0.21B,-181.85%,$4.30B,$83.65B,5.28%,$6.24B,$16.70B,42.39%,$20008,$16772,$3236,$853,$916,$18449,$1559,$-93,$1466,$432,$1034,$1034,$1029,$2051,$1586,$757,763,$1.36,$1.35,$11172,$36817,$0,$53778,$9496,$1195,$7891,$5774,$29876,$83654,$42852,$9014,$1066,$33120,$75972,$5061,$29775,$-15261,$7682,$83654,$2922,$1313,$727,$2040,$150,$-4588,$857,$998,$-1621,$3341,$-1179,$-6,$-18,$0,$-3390,$-3390,$0,$-4593,$-1273,$34,$-1239,$96,$96,$-990,$-101,$-2234,$-3467,$148,$-990
25,2012-06-30,63.54,$7.84,8.1,$101.50,0.63,$5.05,12.58,$5.79,10.97,$51.61B,$42.45B,1.22,$8.74B,$5.89B,1.48,$76.67B,$13.36B,17.42%,$76.67B,$6.40B,8.34%,$76.67B,$6.54B,8.53%,$76.67B,$8.25B,10.76%,$76.67B,$5.99B,7.82%,$76.67B,$4.37B,5.70%,$4.37B,$5.89B,84.48%,$4.37B,$-2.04B,-155.72%,$4.37B,$81.60B,5.53%,$6.40B,$14.63B,43.34%,$20005,$16721,$3284,$857,$903,$18463,$1542,$-96,$1446,$479,$967,$967,$966,$1989,$1567,$754,760,$1.28,$1.27,$10307,$35033,$0,$51608,$9453,$1004,$7935,$5814,$29987,$81595,$42450,$8735,$876,$33253,$75703,$5061,$28743,$-15816,$5892,$81595,$1890,$848,$469,$1317,$-310,$-2737,$742,$732,$-1462,$1745,$-764,$-6,$-18,$0,$-2800,$-2800,$0,$-3588,$-1233,$24,$-1209,$71,$71,$-658,$-101,$-1897,$-3744,$99,$-658
26,2012-03-31,63.22,$6.84,9.25,$97.14,0.65,$3.63,17.44,$5.77,10.96,$50.13B,$41.31B,1.21,$8.82B,$5.12B,1.72,$73.21B,$13.44B,18.36%,$73.21B,$6.39B,8.73%,$73.21B,$6.54B,8.93%,$73.21B,$8.25B,11.27%,$73.21B,$5.97B,8.16%,$73.21B,$4.34B,5.93%,$4.34B,$5.12B,88.57%,$4.34B,$-2.82B,-139.61%,$4.34B,$80.21B,5.67%,$6.39B,$13.94B,42.91%,$19383,$16041,$3342,$835,$955,$17818,$1565,$-102,$1463,$539,$924,$924,$920,$2024,$1598,$750,757,$1.23,$1.22,$10516,$32738,$0,$50131,$9399,$1037,$7943,$5904,$30074,$80205,$41305,$8817,$735,$33780,$75085,$5061,$28447,$-16094,$5120,$80205,$923,$426,$198,$624,$-729,$-497,$506,$709,$-710,$837,$-420,$0,$0,$0,$-2583,$-2583,$0,$-3003,$-811,$20,$-791,$28,$28,$-328,$-96,$-1187,$-3331,$50,$-328
27,2011-12-31,61.99,$4.84,12.8,$91.45,0.68,$1.26,49.01,$5.33,11.63,$49.81B,$41.27B,1.21,$10.02B,$3.61B,2.78,$68.74B,$13.00B,18.91%,$68.74B,$5.82B,8.47%,$68.74B,$5.97B,8.69%,$68.74B,$7.65B,11.13%,$68.74B,$5.39B,7.85%,$68.74B,$4.01B,5.83%,$4.01B,$3.61B,86.68%,$4.01B,$-4.38B,-118.87%,$4.01B,$79.99B,5.44%,$5.82B,$13.63B,38.60%,$19555,$16227,$3328,$913,$865,$17980,$1575,$-132,$1443,$56,$1387,$1387,$1384,$2068,$1630,$744,751,$1.86,$1.85,$11272,$32240,$0,$49810,$9313,$1043,$7989,$5939,$30176,$79986,$41274,$10018,$1029,$35104,$76378,$5061,$27524,$-16500,$3608,$79986,$4018,$1675,$465,$2140,$-292,$-10012,$1164,$5506,$-2135,$4023,$-1619,$0,$-42,$0,$3961,$3961,$69,$2369,$-930,$799,$-131,$114,$114,$-1244,$-439,$-1700,$4690,$186,$-1244
28,2011-09-30,50.82,$8.16,6.23,$87.73,0.58,$0.61,83.05,$5.05,10.06,$46.35B,$37.59B,1.23,$10.78B,$6.06B,1.78,$65.73B,$12.84B,19.54%,$65.73B,$5.35B,8.14%,$65.73B,$5.48B,8.34%,$65.73B,$7.18B,10.92%,$65.73B,$4.95B,7.54%,$65.73B,$3.78B,5.75%,$3.78B,$6.06B,85.16%,$3.78B,$-1.97B,-106.76%,$3.78B,$74.16B,5.33%,$5.35B,$16.84B,35.06%,$17727,$14325,$3402,$901,$807,$16013,$1714,$-72,$1642,$548,$1094,$1094,$1098,$2167,$1746,$748,754,$1.47,$1.46,$9233,$30493,$0,$46347,$9190,$1109,$8034,$5768,$27816,$74163,$37593,$10777,$1549,$30509,$68102,$5061,$26779,$-13146,$6061,$74163,$2625,$1237,$273,$1510,$-911,$-8245,$1447,$3801,$-3043,$1092,$-1088,$0,$-42,$0,$1917,$1917,$69,$856,$-895,$789,$-106,$106,$106,$-932,$-422,$-1354,$595,$141,$-932
29,2011-06-30,61.64,$6.51,9.46,$87.00,0.71,$2.16,28.51,$4.71,13.09,$44.35B,$37.37B,1.19,$10.32B,$4.82B,2.14,$64.97B,$12.70B,19.55%,$64.97B,$5.02B,7.73%,$64.97B,$5.16B,7.95%,$64.97B,$6.86B,10.56%,$64.97B,$4.56B,7.01%,$64.97B,$3.52B,5.42%,$3.52B,$4.82B,86.65%,$3.52B,$-3.27B,-90.60%,$3.52B,$72.12B,5.12%,$5.02B,$15.15B,33.36%,$16543,$13171,$3372,$1047,$870,$15009,$1534,$-109,$1425,$483,$942,$942,$941,$1995,$1563,$746,753,$1.27,$1.25,$8802,$29094,$0,$44353,$9044,$1117,$8090,$5813,$27766,$72119,$37370,$10324,$1410,$29925,$67295,$5061,$25681,$-13095,$4824,$72119,$1527,$816,$222,$1038,$-747,$-4889,$1134,$2163,$-1922,$643,$-743,$0,$-16,$0,$1448,$1448,$69,$758,$-851,$36,$-815,$80,$80,$-620,$-392,$-1747,$-309,$96,$-620
30,2011-03-31,61.32,$5.43,11.29,$85.98,0.71,$1.70,36.02,$4.52,13.57,$41.01B,$35.26B,1.16,$10.72B,$4.01B,2.68,$64.00B,$12.40B,19.38%,$64.00B,$4.80B,7.50%,$64.00B,$4.95B,7.73%,$64.00B,$6.67B,10.42%,$64.00B,$4.34B,6.78%,$64.00B,$3.37B,5.26%,$3.37B,$4.01B,92.23%,$3.37B,$-3.87B,-82.98%,$3.37B,$68.76B,5.05%,$4.80B,$14.73B,32.14%,$14910,$12016,$2894,$1057,$866,$13910,$1000,$-117,$883,$295,$588,$588,$586,$1417,$1033,$743,749,$0.79,$0.78,$7772,$26912,$0,$41009,$8973,$1091,$7877,$5944,$27751,$68760,$35257,$10723,$760,$29496,$64753,$5061,$25370,$-13401,$4007,$68760,$586,$384,$140,$524,$-633,$-2622,$969,$742,$-2063,$-953,$-403,$0,$-16,$0,$3057,$3057,$69,$2707,$-812,$14,$-798,$24,$24,$-309,$-385,$-1468,$311,$51,$-309
31,2010-12-31,53.81,$3.89,13.83,$86.64,0.62,$2.88,18.68,$4.44,12.12,$40.57B,$35.40B,1.15,$11.47B,$2.86B,4.01,$64.31B,$12.62B,19.63%,$64.31B,$4.97B,7.73%,$64.31B,$5.13B,7.98%,$64.31B,$6.88B,10.69%,$64.31B,$4.51B,7.01%,$64.31B,$3.30B,5.13%,$3.30B,$2.86B,96.81%,$3.30B,$-5.05B,-79.92%,$3.30B,$68.57B,5.06%,$4.97B,$14.34B,33.44%,$16550,$13377,$3173,$1134,$977,$15447,$1103,$-100,$1003,$-163,$1166,$1166,$1155,$1600,$1139,$735,741,$1.58,$1.57,$10517,$24317,$0,$40572,$8931,$1111,$7916,$6004,$27993,$68565,$35395,$11473,$1010,$30308,$65703,$5061,$24784,$-13758,$2862,$68565,$3307,$1746,$933,$2679,$8,$-7387,$313,$2542,$-3034,$2952,$-1062,$-2,$-932,$0,$-3123,$-3123,$288,$-4831,$-689,$41,$-648,$87,$87,$-1253,$-148,$-1962,$-3856,$215,$-1253
32,2010-09-30,54.54,$6.21,8.79,$89.45,0.61,$6.56,8.31,$4.63,11.78,$39.45B,$34.24B,1.15,$11.47B,$4.55B,2.52,$65.69B,$12.92B,19.67%,$65.69B,$5.56B,8.47%,$65.69B,$5.73B,8.72%,$65.69B,$7.49B,11.39%,$65.69B,$5.05B,7.69%,$65.69B,$3.41B,5.19%,$3.41B,$4.55B,105.04%,$3.41B,$-3.35B,-83.08%,$3.41B,$65.22B,5.37%,$5.56B,$16.02B,37.34%,$16967,$13704,$3263,$986,$936,$15580,$1387,$-143,$1244,$407,$837,$837,$837,$1850,$1429,$739,745,$1.13,$1.12,$9966,$21692,$0,$39454,$8671,$1035,$7898,$5908,$25768,$65222,$34238,$11466,$1382,$26432,$60670,$5061,$24244,$-11375,$4552,$65222,$2143,$1285,$403,$1688,$-701,$-4686,$235,$1627,$-1995,$1836,$-678,$-2,$-867,$0,$-5088,$-5088,$155,$-6480,$-655,$30,$-625,$71,$71,$-945,$-146,$-1645,$-6351,$172,$-945
33,2010-06-30,51.12,$4.34,11.78,$90.46,0.57,$7.07,7.23,$1.28,39.94,$38.33B,$34.09B,1.12,$11.44B,$3.17B,3.61,$65.41B,$11.91B,18.21%,$65.41B,$2.02B,3.09%,$65.41B,$2.19B,3.35%,$65.41B,$3.96B,6.06%,$65.41B,$1.56B,2.39%,$65.41B,$1.01B,1.54%,$1.01B,$3.17B,53.44%,$1.01B,$-3.95B,-19.09%,$1.01B,$63.76B,1.63%,$2.02B,$14.61B,15.34%,$15573,$12499,$3074,$1001,$778,$14266,$1307,$-97,$1210,$421,$789,$789,$787,$1802,$1348,$737,743,$1.07,$1.06,$10026,$20368,$0,$38327,$8584,$1008,$7123,$6307,$25428,$63755,$34088,$11439,$1521,$26494,$60582,$5061,$23409,$-11744,$3173,$63755,$1306,$864,$193,$1057,$-827,$-3425,$-129,$973,$-2382,$-19,$-421,$0,$-24,$0,$-3544,$-3544,$97,$-3892,$-88,$26,$-62,$61,$61,$-637,$-140,$-778,$-4747,$130,$-637
34,2010-03-31,58.81,$4.17,14.1,$93.75,0.63,$8.35,7.05,$1.63,36.08,$36.80B,$33.48B,1.1,$11.46B,$3.04B,3.77,$67.00B,$12.23B,18.25%,$67.00B,$2.25B,3.35%,$67.00B,$2.41B,3.60%,$67.00B,$4.12B,6.14%,$67.00B,$1.85B,2.76%,$67.00B,$1.22B,1.82%,$1.22B,$3.04B,103.45%,$1.22B,$-4.16B,-20.96%,$1.22B,$62.97B,2.02%,$2.25B,$14.50B,19.04%,$15216,$12103,$3113,$1000,$953,$14042,$1174,$-124,$1050,$531,$519,$519,$519,$1625,$1215,$735,740,$0.71,$0.70,$10362,$18773,$0,$36798,$8693,$1030,$7195,$6479,$26172,$62970,$33484,$11464,$1548,$26447,$59931,$5061,$23265,$-11747,$3039,$62970,$519,$410,$119,$529,$-572,$-1833,$225,$554,$-1333,$-285,$-183,$0,$-24,$0,$-3834,$-3834,$0,$-4041,$-51,$19,$-32,$23,$23,$-318,$-20,$-347,$-4698,$66,$-318
35,2009-12-31,43.54,$3.06,14.21,$96.52,0.45,$8.66,5.03,$1.79,24.32,$35.28B,$32.88B,1.07,$12.22B,$2.23B,5.49,$68.28B,$11.92B,17.45%,$68.28B,$2.10B,3.07%,$68.28B,$2.27B,3.33%,$68.28B,$3.95B,5.78%,$68.28B,$1.73B,2.54%,$68.28B,$1.31B,1.92%,$1.31B,$2.23B,447.40%,$1.31B,$-4.97B,-20.24%,$1.31B,$62.05B,2.24%,$2.10B,$14.44B,20.50%,$17937,$14465,$3472,$1002,$780,$16244,$1693,$-143,$1550,$267,$1283,$1283,$1268,$2208,$1736,$710,713,$1.80,$1.80,$11223,$16933,$0,$35275,$8784,$1030,$7196,$6690,$26778,$62053,$32883,$12217,$1364,$26945,$59828,$5061,$22746,$-11877,$2225,$62053,$1312,$1678,$703,$2381,$-391,$-1525,$1141,$751,$1910,$5603,$-1159,$0,$-639,$0,$-1588,$-1588,$-408,$-3794,$-551,$5961,$5410,$-40,$-40,$-1220,$-56,$4094,$5947,$238,$-1220
36,2009-09-30,43.18,$-1.26,-34.32,$88.74,0.49,$-0.37,0.0,$-0.04,0.0,$30.23B,$32.05B,0.94,$10.07B,$-0.88B,-11.48,$63.01B,$9.89B,15.70%,$63.01B,$0.16B,0.25%,$63.01B,$0.34B,0.54%,$63.01B,$1.97B,3.12%,$63.01B,$-0.13B,-0.20%,$63.01B,$-0.04B,-0.07%,$-0.04B,$-0.88B,7.66%,$-0.04B,$-8.09B,0.59%,$-0.04B,$58.67B,-0.07%,$0.16B,$9.19B,1.98%,$16688,$14438,$2250,$3574,$868,$18839,$-2151,$-96,$-2247,$-687,$-1560,$-1560,$-1564,$-1672,$-2109,$701,701,$-2.23,$-2.23,$6446,$15981,$0,$30227,$8912,$1120,$7213,$7340,$28440,$58667,$32049,$10065,$1533,$27495,$59544,$5061,$22104,$-12821,$-877,$58667,$44,$1206,$462,$1668,$-818,$-582,$1169,$-314,$679,$2391,$-940,$0,$-639,$0,$-122,$-122,$-448,$-2149,$-256,$3772,$3516,$-42,$-42,$-915,$-14,$2545,$2827,$180,$-915
37,2009-06-30,33.57,$0.48,70.08,$86.13,0.39,$-2.40,0.0,$3.15,10.66,$30.12B,$31.27B,0.96,$8.70B,$0.33B,26.05,$61.61B,$10.45B,16.96%,$61.61B,$3.46B,5.61%,$61.61B,$3.65B,5.93%,$61.61B,$5.20B,8.43%,$61.61B,$3.27B,5.31%,$61.61B,$2.22B,3.60%,$2.22B,$0.33B,119.89%,$2.22B,$-6.08B,-51.06%,$2.22B,$57.71B,3.97%,$3.46B,$9.03B,35.46%,$17154,$13764,$3390,$960,$925,$15625,$1529,$-33,$1496,$499,$997,$997,$998,$1955,$1572,$705,707,$1.42,$1.41,$4770,$17200,$0,$30120,$8808,$1188,$6415,$7302,$27592,$57712,$31272,$8700,$1517,$26106,$57378,$5061,$23668,$-13120,$334,$57712,$1608,$769,$269,$1038,$-1215,$-1593,$804,$-631,$-1452,$1194,$-713,$0,$-47,$0,$-86,$-86,$0,$-846,$-218,$1843,$1625,$-43,$-43,$-610,$-12,$960,$1331,$121,$-610
38,2009-03-31,27.84,$-0.73,-38.14,$85.03,0.33,$-1.86,0.0,$2.90,9.6,$27.80B,$29.97B,0.93,$8.74B,$-0.51B,-17.18,$61.42B,$10.14B,16.50%,$61.42B,$3.18B,5.17%,$61.42B,$3.38B,5.51%,$61.42B,$4.91B,7.99%,$61.42B,$3.07B,5.00%,$61.42B,$2.07B,3.37%,$2.07B,$-0.51B,52.91%,$2.07B,$-6.79B,-101.66%,$2.07B,$55.34B,3.70%,$3.18B,$8.23B,27.73%,$16502,$13698,$2804,$970,$791,$15477,$1025,$-93,$932,$317,$615,$615,$610,$1458,$1072,$705,707,$0.87,$0.86,$4450,$15649,$0,$27804,$8798,$1261,$6281,$7304,$27536,$55340,$29965,$8742,$1322,$25884,$55849,$5061,$23284,$-13511,$-509,$55340,$610,$386,$159,$545,$-869,$-82,$644,$-1020,$-962,$193,$-417,$0,$-30,$0,$-151,$-151,$0,$-598,$-71,$1827,$1756,$-50,$-50,$-305,$-10,$1391,$969,$60,$-305
39,2008-12-31,33.06,$-1.64,-20.21,$83.10,0.4,$0.50,65.5,$3.66,9.03,$25.96B,$30.77B,0.84,$6.95B,$-1.14B,-6.09,$60.91B,$10.78B,17.70%,$60.91B,$3.95B,6.49%,$60.91B,$4.17B,6.85%,$60.91B,$5.68B,9.32%,$60.91B,$4.00B,6.56%,$60.91B,$2.67B,4.39%,$2.67B,$-1.14B,42.36%,$2.67B,$-7.47B,457.53%,$2.67B,$53.78B,4.66%,$3.95B,$5.81B,29.22%,$12664,$11214,$1450,$957,$734,$12907,$-243,$-67,$-310,$-224,$-86,$-86,$-86,$227,$-193,$723,729,$-0.09,$-0.07,$3279,$15612,$0,$25964,$8762,$1328,$6332,$7263,$27815,$53779,$30773,$6952,$1491,$24148,$54921,$5061,$22675,$-13525,$-1142,$53779,$2672,$1502,$327,$1829,$564,$-6168,$318,$-914,$-4902,$-401,$-1640,$-178,$-964,$0,$4670,$4670,$0,$1888,$-738,$13,$-725,$-2893,$-2893,$-1192,$-392,$-5202,$-3774,$209,$-1192
40,2008-09-30,44.07,$12.34,3.57,$88.35,0.5,$13.55,3.25,$5.10,8.64,$24.34B,$29.36B,0.83,$7.22B,$8.71B,0.83,$65.72B,$12.56B,19.11%,$65.72B,$5.71B,8.69%,$65.72B,$5.95B,9.06%,$65.72B,$7.42B,11.29%,$65.72B,$5.89B,8.97%,$65.72B,$3.79B,5.77%,$3.79B,$8.71B,42.86%,$3.79B,$2.98B,111.17%,$3.79B,$56.52B,6.47%,$5.71B,$15.93B,35.29%,$15293,$12487,$2806,$937,$740,$14146,$1147,$6,$1153,$470,$683,$683,$695,$1555,$1201,$718,722,$0.97,$0.96,$4777,$11149,$0,$24341,$8686,$3717,$5738,$7357,$32178,$56519,$29362,$7217,$1524,$18443,$47805,$5061,$23360,$-4466,$8714,$56519,$2758,$1082,$206,$1288,$-145,$-1670,$742,$-1896,$-2806,$1240,$-1213,$-151,$-490,$0,$2027,$2027,$0,$173,$-616,$5,$-611,$-2540,$-2540,$-901,$-191,$-4243,$-2856,$159,$-901
41,2008-06-30,50.2,$12.07,4.16,$88.52,0.57,$21.82,2.3,$5.58,9.0,$25.94B,$31.45B,0.83,$7.24B,$8.59B,0.84,$66.95B,$13.13B,19.62%,$66.95B,$6.06B,9.05%,$66.95B,$6.32B,9.44%,$66.95B,$7.78B,11.62%,$66.95B,$6.33B,9.46%,$66.95B,$4.21B,6.29%,$4.21B,$8.59B,50.92%,$4.21B,$3.14B,137.76%,$4.21B,$58.51B,7.24%,$6.06B,$15.83B,38.64%,$16962,$13885,$3077,$1005,$835,$15715,$1247,$52,$1299,$448,$851,$851,$852,$1668,$1304,$726,733,$1.18,$1.16,$7371,$10145,$0,$25937,$8585,$4017,$5455,$7795,$32573,$58510,$31445,$7240,$1556,$18471,$49916,$5061,$22669,$-4299,$8594,$58510,$2063,$728,$199,$927,$-129,$-649,$1022,$-1421,$-1308,$1682,$-791,$-148,$-94,$0,$632,$632,$0,$-401,$-154,$5,$-149,$-2023,$-2023,$-606,$45,$-2733,$-1423,$98,$-606
42,2008-03-31,56.54,$12.55,4.51,$87.29,0.65,$25.13,2.25,$5.77,9.8,$28.20B,$32.69B,0.86,$7.43B,$9.07B,0.82,$67.01B,$13.55B,20.22%,$67.01B,$6.32B,9.43%,$67.01B,$6.60B,9.85%,$67.01B,$8.09B,12.07%,$67.01B,$6.62B,9.87%,$67.01B,$4.41B,6.58%,$4.41B,$9.07B,58.13%,$4.41B,$3.70B,174.64%,$4.41B,$60.36B,7.73%,$6.32B,$16.49B,41.53%,$15990,$12543,$3447,$869,$775,$14191,$1799,$54,$1853,$647,$1206,$1206,$1211,$2225,$1861,$738,747,$1.64,$1.62,$9588,$10156,$0,$28201,$8376,$3722,$5371,$8052,$32159,$60360,$32686,$7428,$1514,$18608,$51294,$5061,$22409,$-4423,$9066,$60360,$1211,$364,$44,$408,$197,$-604,$628,$-409,$314,$1933,$-400,$0,$-40,$0,$672,$672,$-95,$137,$-32,$5,$-27,$-1143,$-1143,$-306,$43,$-1433,$665,$45,$-306
43,2007-12-31,66.16,$12.22,5.41,$85.66,0.77,$23.44,2.82,$5.28,12.53,$27.28B,$31.54B,0.87,$7.46B,$9.00B,0.83,$66.39B,$13.28B,20.00%,$66.39B,$5.83B,8.78%,$66.39B,$6.13B,9.23%,$66.39B,$7.61B,11.46%,$66.39B,$6.12B,9.22%,$66.39B,$4.07B,6.14%,$4.07B,$9.00B,60.63%,$4.07B,$3.83B,226.30%,$4.07B,$58.99B,7.43%,$5.83B,$16.46B,40.12%,$17477,$14250,$3227,$993,$796,$15961,$1516,$72,$1588,$561,$1027,$1027,$1033,$1973,$1586,$760,773,$1.38,$1.36,$9308,$9563,$0,$27280,$8265,$4111,$5174,$8035,$31706,$58986,$31538,$7455,$1637,$18444,$49982,$5061,$21376,$-4596,$9004,$58986,$4074,$1485,$268,$1753,$-392,$-1577,$-198,$3508,$3757,$9584,$-1672,$-182,$-75,$0,$-1893,$-1893,$0,$-3822,$-1406,$40,$-1366,$-2566,$-2566,$-1096,$144,$-4884,$924,$287,$-1096
44,2007-09-30,79.13,$8.59,9.21,$85.31,0.93,$20.87,3.79,$5.21,15.19,$26.63B,$30.87B,0.86,$7.56B,$6.41B,1.18,$66.45B,$13.23B,19.91%,$66.45B,$5.47B,8.23%,$66.45B,$5.78B,8.69%,$66.45B,$7.30B,10.98%,$66.45B,$5.77B,8.68%,$66.45B,$4.03B,6.06%,$4.03B,$6.41B,71.29%,$4.03B,$1.56B,479.05%,$4.03B,$54.79B,7.60%,$5.47B,$13.96B,40.07%,$16517,$13134,$3383,$869,$931,$15018,$1499,$92,$1591,$482,$1109,$1109,$1114,$1911,$1572,$759,773,$1.47,$1.44,$9464,$8194,$0,$26628,$8182,$4053,$4846,$10255,$28159,$54787,$30867,$7555,$1285,$17514,$48381,$5061,$20920,$-7569,$6406,$54787,$3041,$1098,$204,$1302,$-358,$-146,$470,$2187,$3348,$7691,$-1260,$-152,$-75,$0,$-110,$-110,$0,$-1597,$-1007,$28,$-979,$-1621,$-1621,$-826,$141,$-3285,$2830,$266,$-826
45,2007-06-30,72.23,$7.77,9.3,$82.75,0.87,$17.72,4.08,$4.66,15.5,$25.52B,$30.13B,0.85,$8.09B,$5.86B,1.38,$64.67B,$12.78B,19.76%,$64.67B,$4.92B,7.60%,$64.67B,$5.24B,8.11%,$64.67B,$6.80B,10.51%,$64.67B,$5.17B,7.99%,$64.67B,$3.61B,5.58%,$3.61B,$5.86B,53.02%,$3.61B,$1.01B,177.13%,$3.61B,$53.89B,6.60%,$4.92B,$13.95B,32.69%,$17028,$13536,$3492,$989,$976,$15522,$1506,$79,$1585,$536,$1049,$1049,$1050,$1979,$1579,$764,777,$1.38,$1.35,$7631,$8480,$0,$25523,$7985,$4104,$4846,$10510,$28363,$53886,$30127,$8094,$1132,$17902,$48029,$5061,$19810,$-7800,$5857,$53886,$1927,$759,$118,$877,$-761,$-428,$842,$1084,$1558,$4362,$-848,$0,$-75,$0,$-227,$-227,$-62,$-1212,$-893,$10,$-883,$-795,$-795,$-552,$107,$-2123,$1038,$191,$-552
46,2007-03-31,66.54,$7.12,9.34,$80.52,0.83,$18.16,3.66,$3.10,21.46,$22.51B,$28.43B,0.79,$8.15B,$5.61B,1.45,$62.63B,$11.76B,18.78%,$62.63B,$3.36B,5.37%,$62.63B,$3.71B,5.92%,$62.63B,$5.25B,8.39%,$62.63B,$3.57B,5.70%,$62.63B,$2.40B,3.83%,$2.40B,$5.61B,30.24%,$2.40B,$0.80B,65.61%,$2.40B,$51.56B,4.25%,$3.36B,$13.76B,20.52%,$15365,$12187,$3178,$999,$828,$14056,$1309,$45,$1354,$481,$873,$873,$877,$1747,$1388,$765,777,$1.15,$1.13,$5277,$8400,$0,$22510,$7837,$4021,$4811,$11397,$29046,$51556,$28429,$8149,$708,$17516,$45945,$5061,$19319,$-8021,$5611,$51556,$877,$359,$-187,$172,$-231,$-321,$98,$-226,$-321,$728,$-451,$0,$-75,$0,$-99,$-99,$-56,$-681,$-817,$0,$-817,$-269,$-269,$-276,$31,$-1331,$-1282,$48,$-276
47,2006-12-31,66.23,$6.25,10.59,$78.77,0.84,$19.87,3.33,$2.85,23.24,$22.98B,$29.70B,0.77,$8.16B,$4.74B,1.72,$61.53B,$11.45B,18.60%,$61.53B,$3.01B,4.90%,$61.53B,$3.37B,5.47%,$61.53B,$4.93B,8.01%,$61.53B,$3.19B,5.19%,$61.53B,$2.22B,3.60%,$2.22B,$4.74B,23.53%,$2.22B,$-0.01B,39.24%,$2.22B,$51.79B,3.76%,$3.01B,$12.90B,16.66%,$17541,$14365,$3176,$937,$1094,$16389,$1152,$87,$1239,$259,$980,$980,$989,$1662,$1238,$771,788,$1.30,$1.29,$6386,$8105,$0,$22983,$7675,$4085,$4745,$9449,$28811,$51794,$29701,$8157,$391,$17354,$47055,$5061,$18453,$-8217,$4739,$51794,$2215,$1559,$792,$2351,$-244,$140,$-744,$2848,$2933,$7499,$-1456,$-34,$-1731,$0,$35,$35,$0,$-3186,$-1681,$1,$-1680,$-1404,$-1404,$-956,$395,$-3645,$706,$743,$-956
