,Date,Stock Price,Book Value per Share,Price to Book Ratio,TTM Sales per Share,Price to Sales Ratio,TTM FCF per Share,Price to FCF Ratio,TTM Net EPS,PE Ratio,Current Assets,Current Liabilities,Current Ratio,Long Term Debt,Shareholder's Equity_x,Debt to Equity Ratio,TTM Revenue_x,TTM Gross Profit,Gross Margin,TTM Revenue_y,TTM Operating Income,Operating Margin,TTM Revenue_x,TTM EBIT,EBIT Margin,TTM Revenue_y,TTM EBITDA,EBITDA Margin,TTM Revenue_x,TTM Pre-Tax Income,Pre-Tax Margin,TTM Revenue_y,TTM Net Income_x,Net Margin,TTM Net Income_y,Shareholder's Equity_y,Return on Equity,TTM Net Income_x,Tangible Equity,Return on Tangible Equity,TTM Net Income_y,Total Assets,Return on Assets,TTM Net Income,LT Investments & Debt,Return on Investment,revenue,cost-goods-sold,gross-profit,research-development-expenses,selling-general-administrative-expenses,operating-expenses,operating-income,total-non-operating-income-expense,pre-tax-income,total-provision-income-taxes,income-after-taxes,income-from-continuous-operations,net-income,ebitda,ebit,basic-shares-outstanding,shares-outstanding,eps-basic-net-earnings-per-share,eps-earnings-per-share-diluted,cash-on-hand,inventory,other-current-assets,total-current-assets,net-property-plant-equipment,long-term-investments,goodwill-intangible-assets-total,other-long-term-assets,total-long-term-assets,total-assets,total-current-liabilities,long-term-debt,other-non-current-liabilities,total-long-term-liabilities,total-liabilities,common-stock-net,retained-earnings-accumulated-deficit,comprehensive-income,total-share-holder-equity,total-liabilities-share-holders-equity,net-income-loss,total-depreciation-amortization-cash-flow,other-non-cash-items,total-non-cash-items,change-in-accounts-receivable,change-in-inventories,change-in-accounts-payable,change-in-assets-liabilities,total-change-in-assets-liabilities,cash-flow-from-operating-activities,net-change-in-property-plant-equipment,net-change-in-intangible-assets,net-acquisitions-divestitures,net-change-in-short-term-investments,net-change-in-long-term-investments,net-change-in-investments-total,investing-activities-other,cash-flow-from-investing-activities,net-long-term-debt,net-current-debt,debt-issuance-retirement-net-total,net-common-equity-issued-repurchased,net-total-equity-issued-repurchased,total-common-preferred-stock-dividends-paid,financial-activities-other,cash-flow-from-financial-activities,net-cash-flow,stock-based-compensation,common-stock-dividends-paid
0,2018-09-30,35.65,$12.14,2.94,$15.86,2.25,$1.26,28.4,$-0.57,0.0,$0.29B,$0.11B,2.62,$0.09B,$0.41B,0.23,$0.52B,$0.30B,57.09%,$0.52B,$-0.01B,-0.96%,$0.52B,$-0.01B,-0.96%,$0.52B,$0.03B,5.75%,$0.52B,$-0.01B,-2.30%,$0.52B,$-0.02B,-3.64%,$-0.02B,$0.41B,-4.59%,$-0.02B,$0.09B,-23.38%,$-0.02B,$0.65B,-2.80%,$-0.01B,$0.50B,-0.93%,$131,$54,$77,$15,$49,$134,$-3,$-1,$-4,$2,$-6,$-6,$-6,$6,$-3,$33,33,$-0.17,$-0.17,$54,$81,$0,$287,$22,$0,$319,$17,$367,$654,$109,$94,$21,$135,$244,$332,$114,$-36,$410,$654,$-11,$26,$22,$47,$3,$-5,$-4,$-12,$-17,$19,$-5,$-1,$0,$0,$0,$0,$0,$-6,$-40,$0,$-40,$5,$5,$0,$-5,$-40,$-35,$15,$0
1,2018-06-30,34.5,$12.13,2.84,$15.70,2.2,$1.19,28.92,$-0.66,0.0,$0.29B,$0.10B,2.99,$0.12B,$0.41B,0.29,$0.51B,$0.30B,57.39%,$0.51B,$0.01B,1.36%,$0.51B,$0.01B,1.36%,$0.51B,$0.04B,7.78%,$0.51B,$0.00B,0.19%,$0.51B,$-0.02B,-4.28%,$-0.02B,$0.41B,-5.26%,$-0.02B,$0.08B,-26.04%,$-0.02B,$0.66B,-3.19%,$0.01B,$0.53B,1.26%,$131,$56,$75,$16,$57,$134,$-4,$-2,$-6,$-4,$-3,$-3,$-3,$5,$-4,$33,33,$-0.08,$-0.08,$55,$77,$0,$287,$22,$0,$326,$19,$377,$664,$96,$119,$22,$160,$256,$321,$119,$-33,$408,$664,$-6,$17,$11,$28,$2,$-2,$-0,$-13,$-10,$11,$-3,$-0,$0,$0,$0,$0,$0,$-4,$-35,$0,$-35,$-1,$-1,$0,$-0,$-36,$-34,$6,$0
2,2018-03-31,33.65,$12.53,2.69,$15.48,2.17,$1.22,27.51,$-0.73,0.0,$0.29B,$0.10B,3.06,$0.13B,$0.42B,0.31,$0.51B,$0.29B,56.63%,$0.51B,$0.01B,0.99%,$0.51B,$0.01B,0.99%,$0.51B,$0.04B,7.13%,$0.51B,$-0.00B,0.00%,$0.51B,$-0.02B,-4.75%,$-0.02B,$0.42B,-5.68%,$-0.02B,$0.08B,-26.45%,$-0.02B,$0.68B,-3.48%,$0.01B,$0.55B,0.89%,$129,$57,$72,$15,$53,$131,$-3,$-2,$-5,$-1,$-3,$-3,$-3,$5,$-3,$33,33,$-0.10,$-0.10,$64,$75,$0,$291,$23,$0,$341,$18,$392,$683,$95,$129,$22,$171,$266,$315,$122,$-20,$417,$683,$-3,$8,$2,$10,$-2,$3,$-1,$-4,$-1,$6,$-2,$0,$0,$0,$0,$0,$0,$-2,$-25,$0,$-25,$-4,$-4,$0,$-0,$-29,$-24,$2,$0
3,2017-12-31,38.2,$12.74,3.0,$15.33,2.49,$1.12,34.26,$-0.62,0.0,$0.31B,$0.09B,3.32,$0.15B,$0.42B,0.37,$0.50B,$0.28B,56.09%,$0.50B,$0.01B,1.80%,$0.50B,$0.01B,1.80%,$0.50B,$0.04B,7.78%,$0.50B,$0.01B,1.00%,$0.50B,$-0.02B,-4.19%,$-0.02B,$0.42B,-4.96%,$-0.02B,$0.08B,-21.48%,$-0.02B,$0.71B,-3.04%,$0.01B,$0.58B,1.59%,$131,$57,$74,$14,$48,$126,$5,$-2,$3,$10,$-7,$-7,$-7,$14,$5,$33,33,$-0.22,$-0.22,$89,$72,$0,$306,$22,$0,$346,$26,$404,$710,$92,$154,$22,$196,$288,$317,$129,$-24,$422,$710,$-20,$30,$31,$61,$-30,$8,$-1,$-2,$-21,$20,$-4,$0,$-191,$34,$0,$34,$0,$-161,$15,$0,$15,$1,$1,$0,$-10,$6,$-125,$9,$0
4,2017-09-30,37.5,$12.82,2.92,$14.55,2.58,$2.74,13.7,$-0.09,0.0,$0.34B,$0.08B,4.21,$0.15B,$0.43B,0.36,$0.48B,$0.27B,56.90%,$0.48B,$0.02B,3.97%,$0.48B,$0.02B,3.97%,$0.48B,$0.04B,9.21%,$0.48B,$0.02B,3.56%,$0.48B,$-0.00B,-0.84%,$-0.00B,$0.43B,-0.95%,$-0.00B,$0.10B,-2.96%,$-0.00B,$0.70B,-0.59%,$0.02B,$0.58B,3.39%,$123,$48,$74,$12,$50,$114,$9,$0,$9,$17,$-9,$-9,$-9,$16,$9,$33,33,$-0.26,$-0.26,$132,$69,$0,$341,$21,$0,$321,$19,$363,$704,$81,$154,$9,$198,$279,$317,$136,$-28,$425,$704,$-13,$21,$21,$42,$-14,$7,$-10,$10,$-15,$14,$-3,$0,$-143,$34,$0,$34,$0,$-111,$-45,$60,$15,$-0,$-0,$0,$-7,$8,$-81,$7,$0
5,2017-06-30,37.3,$12.87,2.9,$13.54,2.75,$4.39,8.49,$0.57,65.44,$0.29B,$0.09B,3.33,$0.11B,$0.43B,0.26,$0.45B,$0.26B,57.40%,$0.45B,$0.03B,5.61%,$0.45B,$0.03B,5.61%,$0.45B,$0.05B,10.76%,$0.45B,$0.02B,4.93%,$0.45B,$0.02B,4.04%,$0.02B,$0.43B,4.31%,$0.02B,$0.11B,11.04%,$0.02B,$0.66B,2.87%,$0.03B,$0.54B,4.83%,$122,$56,$66,$14,$55,$129,$-6,$-0,$-7,$-2,$-5,$-5,$-5,$1,$-6,$33,33,$-0.15,$-0.15,$80,$69,$0,$287,$21,$0,$321,$19,$376,$663,$86,$109,$9,$150,$236,$315,$145,$-33,$426,$663,$-5,$14,$18,$32,$-9,$6,$-1,$-2,$-17,$10,$-1,$0,$-147,$34,$0,$34,$0,$-115,$-40,$10,$-30,$-0,$-0,$0,$-6,$-36,$-133,$5,$0
6,2017-03-31,39.25,$12.71,3.09,$12.70,3.09,$5.06,7.76,$1.04,37.74,$0.32B,$0.09B,3.7,$0.15B,$0.42B,0.36,$0.42B,$0.25B,58.81%,$0.42B,$0.05B,10.71%,$0.42B,$0.05B,10.71%,$0.42B,$0.07B,15.48%,$0.42B,$0.04B,10.24%,$0.42B,$0.03B,8.10%,$0.03B,$0.42B,8.28%,$0.03B,$0.10B,18.13%,$0.03B,$0.69B,5.82%,$0.05B,$0.57B,9.32%,$125,$58,$67,$13,$48,$123,$1,$-1,$0,$0,$0,$0,$0,$8,$1,$32,33,$0.01,$0.01,$113,$68,$0,$316,$21,$0,$317,$20,$372,$689,$86,$150,$8,$183,$268,$312,$150,$-41,$420,$689,$0,$7,$7,$14,$-2,$5,$-1,$-6,$-13,$1,$-1,$0,$-142,$25,$0,$25,$0,$-118,$0,$10,$10,$-1,$-1,$0,$-5,$4,$-110,$3,$0
7,2016-12-31,34.8,$12.68,2.74,$11.55,3.01,$5.58,6.24,$1.29,26.98,$0.41B,$0.08B,5.08,$0.14B,$0.42B,0.34,$0.38B,$0.23B,61.26%,$0.38B,$0.06B,14.40%,$0.38B,$0.06B,14.40%,$0.38B,$0.07B,18.85%,$0.38B,$0.06B,14.40%,$0.38B,$0.04B,11.26%,$0.04B,$0.42B,10.66%,$0.04B,$0.23B,20.43%,$0.04B,$0.65B,8.12%,$0.06B,$0.56B,12.54%,$108,$43,$65,$11,$37,$93,$15,$0,$15,$5,$10,$10,$10,$19,$15,$32,33,$0.32,$0.31,$248,$50,$0,$406,$17,$0,$190,$21,$243,$649,$80,$140,$8,$152,$232,$313,$149,$-45,$417,$649,$43,$17,$11,$27,$20,$-8,$-5,$2,$3,$73,$-3,$-0,$-16,$-34,$0,$-34,$0,$-53,$124,$16,$140,$-16,$-16,$0,$-6,$118,$131,$9,$0
8,2016-09-30,39.29,$12.45,3.16,$11.30,3.48,$4.46,8.81,$1.24,31.69,$0.27B,$0.09B,2.98,$0.00B,$0.41B,0.0,$0.37B,$0.23B,60.70%,$0.37B,$0.05B,13.37%,$0.37B,$0.05B,13.37%,$0.37B,$0.07B,18.18%,$0.37B,$0.05B,13.37%,$0.37B,$0.04B,11.23%,$0.04B,$0.41B,10.58%,$0.04B,$0.22B,20.69%,$0.04B,$0.51B,8.62%,$0.05B,$0.41B,12.59%,$91,$33,$58,$8,$33,$76,$15,$-1,$14,$1,$13,$13,$13,$20,$15,$32,33,$0.41,$0.40,$107,$52,$0,$266,$18,$0,$195,$19,$245,$511,$89,$0,$8,$12,$101,$311,$139,$-41,$409,$511,$32,$13,$11,$24,$19,$-6,$-6,$12,$12,$69,$-2,$-0,$-16,$-25,$0,$-25,$0,$-44,$-16,$16,$0,$-16,$-16,$0,$-6,$-21,$-1,$7,$0
9,2016-06-30,37.8,$12.03,3.14,$11.39,3.32,$3.41,11.09,$1.17,32.31,$0.25B,$0.08B,3.18,$0.00B,$0.40B,0.0,$0.38B,$0.23B,60.05%,$0.38B,$0.05B,13.49%,$0.38B,$0.05B,13.49%,$0.38B,$0.07B,17.99%,$0.38B,$0.05B,13.76%,$0.38B,$0.04B,10.58%,$0.04B,$0.40B,10.26%,$0.04B,$0.20B,20.46%,$0.04B,$0.49B,8.39%,$0.05B,$0.40B,13.08%,$96,$38,$57,$7,$33,$82,$14,$0,$14,$3,$11,$11,$11,$18,$14,$32,33,$0.32,$0.32,$96,$44,$0,$246,$17,$0,$192,$18,$240,$486,$77,$0,$9,$12,$90,$312,$126,$-41,$396,$486,$19,$8,$8,$16,$8,$0,$-5,$-2,$-2,$33,$-2,$-0,$-6,$0,$0,$0,$0,$-8,$-6,$16,$10,$-15,$-15,$0,$-4,$-8,$14,$5,$0
10,2016-03-31,38.43,$11.86,3.24,$11.25,3.42,$2.99,12.86,$1.15,33.42,$0.23B,$0.07B,3.37,$0.00B,$0.39B,0.0,$0.37B,$0.23B,60.70%,$0.37B,$0.05B,13.64%,$0.37B,$0.05B,13.64%,$0.37B,$0.07B,18.18%,$0.37B,$0.05B,13.90%,$0.37B,$0.04B,10.43%,$0.04B,$0.39B,10.14%,$0.04B,$0.20B,20.72%,$0.04B,$0.47B,8.32%,$0.05B,$0.39B,13.26%,$87,$33,$54,$8,$33,$76,$11,$0,$12,$3,$9,$9,$9,$15,$11,$33,33,$0.26,$0.26,$81,$46,$0,$228,$18,$0,$196,$18,$244,$473,$68,$0,$9,$13,$80,$316,$115,$-39,$392,$473,$9,$4,$4,$8,$10,$-1,$-4,$1,$2,$19,$-2,$0,$-6,$0,$0,$0,$0,$-8,$0,$0,$0,$-8,$-8,$0,$-3,$-12,$-1,$3,$0
11,2015-12-31,48.05,$11.78,4.08,$11.32,4.24,$2.84,16.93,$1.15,41.78,$0.24B,$0.08B,3.13,$0.00B,$0.39B,0.0,$0.38B,$0.23B,60.37%,$0.38B,$0.05B,14.10%,$0.38B,$0.05B,14.10%,$0.38B,$0.07B,18.35%,$0.38B,$0.05B,14.10%,$0.38B,$0.04B,10.37%,$0.04B,$0.39B,10.37%,$0.04B,$0.20B,21.76%,$0.04B,$0.48B,8.45%,$0.05B,$0.39B,14.09%,$100,$42,$58,$9,$35,$90,$10,$0,$10,$2,$9,$9,$9,$15,$10,$32,33,$0.25,$0.25,$82,$49,$0,$241,$17,$0,$194,$14,$238,$479,$77,$0,$8,$12,$89,$324,$107,$-40,$391,$479,$38,$16,$14,$30,$-15,$-12,$3,$-0,$-31,$37,$-4,$-1,$-14,$0,$0,$0,$0,$-19,$0,$0,$0,$-1,$-1,$0,$2,$1,$16,$7,$0
12,2015-09-30,39.45,$11.55,3.41,$11.20,3.52,$3.02,13.08,$1.19,33.15,$0.25B,$0.07B,3.36,$0.00B,$0.38B,0.0,$0.37B,$0.23B,61.08%,$0.37B,$0.06B,15.41%,$0.37B,$0.06B,15.41%,$0.37B,$0.07B,19.19%,$0.37B,$0.06B,15.41%,$0.37B,$0.04B,10.81%,$0.04B,$0.38B,10.91%,$0.04B,$0.19B,23.39%,$0.04B,$0.47B,8.87%,$0.06B,$0.38B,15.54%,$95,$36,$58,$8,$33,$79,$16,$0,$16,$5,$11,$11,$11,$20,$16,$32,33,$0.34,$0.33,$82,$46,$0,$248,$18,$0,$196,$9,$222,$470,$74,$0,$7,$16,$89,$318,$98,$-36,$381,$470,$29,$11,$6,$17,$-7,$-7,$3,$2,$-12,$35,$-3,$-1,$-12,$0,$0,$0,$0,$-16,$0,$0,$0,$-8,$-8,$0,$5,$-3,$16,$5,$0
13,2015-06-30,42.56,$11.30,3.77,$11.11,3.83,$2.96,14.39,$1.10,38.69,$0.23B,$0.07B,3.44,$0.00B,$0.37B,0.0,$0.37B,$0.22B,61.37%,$0.37B,$0.05B,14.79%,$0.37B,$0.05B,14.79%,$0.37B,$0.07B,18.36%,$0.37B,$0.05B,14.25%,$0.37B,$0.04B,10.14%,$0.04B,$0.37B,10.44%,$0.04B,$0.18B,23.20%,$0.04B,$0.45B,8.47%,$0.05B,$0.37B,15.23%,$92,$35,$57,$7,$34,$78,$14,$-0,$14,$4,$10,$10,$10,$18,$14,$32,33,$0.31,$0.30,$73,$45,$0,$228,$18,$0,$199,$8,$225,$454,$66,$0,$5,$14,$80,$322,$87,$-35,$374,$454,$18,$7,$8,$15,$-1,$-5,$-2,$1,$-14,$20,$-2,$-1,$-12,$0,$0,$0,$0,$-15,$0,$0,$0,$0,$0,$0,$2,$2,$7,$3,$0
14,2015-03-31,39.47,$10.90,3.62,$11.00,3.59,$2.96,13.32,$1.04,37.95,$0.22B,$0.07B,3.06,$0.00B,$0.36B,0.0,$0.36B,$0.22B,60.72%,$0.36B,$0.05B,13.93%,$0.36B,$0.05B,13.93%,$0.36B,$0.06B,16.99%,$0.36B,$0.05B,13.65%,$0.36B,$0.03B,9.47%,$0.03B,$0.36B,9.90%,$0.03B,$0.16B,22.90%,$0.03B,$0.44B,7.93%,$0.05B,$0.36B,14.49%,$89,$36,$54,$7,$32,$76,$13,$-1,$13,$4,$9,$9,$9,$16,$13,$32,33,$0.27,$0.26,$67,$41,$0,$218,$18,$0,$199,$9,$226,$444,$71,$0,$5,$14,$85,$318,$77,$-37,$359,$444,$9,$3,$4,$7,$0,$-1,$1,$1,$-1,$14,$-1,$0,$-12,$0,$0,$0,$0,$-13,$0,$0,$0,$0,$0,$0,$1,$1,$0,$2,$0
15,2014-12-31,36.04,$10.80,3.34,$10.96,3.29,$2.74,13.15,$0.97,37.15,$0.22B,$0.07B,3.15,$0.00B,$0.35B,0.0,$0.36B,$0.22B,60.39%,$0.36B,$0.05B,12.92%,$0.36B,$0.05B,12.92%,$0.36B,$0.06B,16.29%,$0.36B,$0.05B,12.92%,$0.36B,$0.03B,8.99%,$0.03B,$0.35B,9.59%,$0.03B,$0.16B,23.06%,$0.03B,$0.44B,7.53%,$0.05B,$0.35B,13.50%,$94,$37,$57,$8,$34,$80,$14,$0,$14,$4,$10,$10,$10,$17,$14,$31,33,$0.32,$0.32,$67,$40,$0,$218,$18,$0,$189,$9,$217,$435,$69,$0,$5,$13,$82,$315,$69,$-31,$353,$435,$32,$12,$5,$16,$-2,$-2,$-8,$-1,$-7,$42,$-4,$-1,$-5,$0,$0,$0,$0,$-11,$-38,$0,$-38,$12,$12,$0,$6,$-21,$10,$6,$0
16,2014-09-30,29.51,$10.30,2.86,$11.02,2.68,$2.71,10.88,$0.96,30.74,$0.19B,$0.07B,2.79,$0.00B,$0.33B,0.0,$0.35B,$0.21B,59.77%,$0.35B,$0.05B,13.31%,$0.35B,$0.05B,13.31%,$0.35B,$0.06B,16.71%,$0.35B,$0.05B,12.75%,$0.35B,$0.03B,8.78%,$0.03B,$0.33B,9.61%,$0.03B,$0.14B,24.65%,$0.03B,$0.42B,7.32%,$0.05B,$0.33B,13.97%,$90,$34,$56,$7,$33,$77,$13,$-1,$11,$4,$8,$8,$8,$16,$13,$32,33,$0.25,$0.24,$58,$37,$0,$193,$19,$0,$193,$10,$222,$415,$69,$0,$3,$14,$83,$306,$56,$-30,$332,$415,$22,$9,$5,$14,$1,$-1,$-3,$6,$-2,$33,$-4,$-1,$-5,$0,$0,$0,$0,$-10,$-30,$0,$-30,$5,$5,$0,$4,$-21,$2,$5,$0
17,2014-06-30,25.14,$10.24,2.46,$11.04,2.28,$2.46,10.21,$0.92,27.33,$0.19B,$0.07B,2.7,$0.01B,$0.33B,0.02,$0.35B,$0.21B,59.20%,$0.35B,$0.04B,12.36%,$0.35B,$0.04B,12.36%,$0.35B,$0.06B,15.80%,$0.35B,$0.04B,12.36%,$0.35B,$0.03B,8.33%,$0.03B,$0.33B,9.30%,$0.03B,$0.13B,25.61%,$0.03B,$0.42B,6.85%,$0.04B,$0.34B,12.84%,$86,$36,$51,$8,$32,$76,$10,$1,$11,$3,$7,$7,$7,$12,$10,$31,32,$0.24,$0.23,$56,$36,$0,$190,$21,$0,$199,$9,$230,$420,$70,$6,$2,$19,$89,$306,$49,$-24,$330,$420,$14,$6,$3,$9,$4,$2,$-4,$-1,$-4,$19,$-2,$-1,$-5,$0,$0,$0,$0,$-8,$-22,$0,$-22,$8,$8,$0,$3,$-11,$-0,$3,$0
18,2014-03-31,25.8,$9.96,2.59,$11.07,2.33,$2.04,12.63,$0.81,31.85,$0.20B,$0.07B,2.68,$0.02B,$0.32B,0.07,$0.34B,$0.20B,59.01%,$0.34B,$0.04B,11.34%,$0.34B,$0.04B,11.34%,$0.34B,$0.05B,15.12%,$0.34B,$0.04B,11.05%,$0.34B,$0.03B,7.56%,$0.03B,$0.32B,8.70%,$0.03B,$0.12B,25.94%,$0.03B,$0.43B,6.19%,$0.04B,$0.34B,11.78%,$86,$35,$51,$7,$32,$76,$9,$0,$10,$3,$7,$7,$7,$13,$9,$31,32,$0.22,$0.21,$60,$35,$0,$198,$22,$0,$199,$10,$231,$429,$74,$23,$3,$35,$109,$302,$41,$-23,$320,$429,$7,$3,$2,$5,$1,$1,$-3,$-3,$-6,$6,$-1,$-0,$-5,$0,$0,$0,$0,$-6,$-5,$0,$-5,$6,$6,$0,$2,$3,$3,$2,$0
19,2013-12-31,22.5,$9.82,2.29,$11.24,2.0,$1.84,12.24,$0.73,30.82,$0.20B,$0.08B,2.46,$0.03B,$0.31B,0.09,$0.34B,$0.20B,58.43%,$0.34B,$0.04B,10.17%,$0.34B,$0.04B,10.17%,$0.34B,$0.05B,13.66%,$0.34B,$0.03B,9.59%,$0.34B,$0.02B,6.40%,$0.02B,$0.31B,7.66%,$0.02B,$0.11B,25.07%,$0.02B,$0.43B,5.31%,$0.04B,$0.34B,11.06%,$91,$37,$53,$6,$22,$76,$15,$-1,$13,$4,$9,$9,$9,$18,$15,$30,31,$0.30,$0.31,$56,$41,$0,$200,$23,$0,$196,$10,$230,$429,$81,$28,$3,$40,$121,$292,$36,$-20,$308,$429,$23,$13,$7,$20,$9,$-3,$-1,$-6,$-6,$37,$-2,$-2,$-19,$0,$0,$0,$0,$-22,$-17,$22,$5,$9,$9,$0,$3,$17,$33,$6,$0
20,2013-09-30,14.18,$9.35,1.52,$11.35,1.25,$1.28,11.09,$0.60,23.63,$0.18B,$0.08B,2.42,$0.04B,$0.29B,0.13,$0.34B,$0.20B,57.85%,$0.34B,$0.03B,8.43%,$0.34B,$0.03B,8.43%,$0.34B,$0.04B,11.92%,$0.34B,$0.03B,8.14%,$0.34B,$0.02B,5.23%,$0.02B,$0.29B,6.49%,$0.02B,$0.09B,22.57%,$0.02B,$0.42B,4.44%,$0.03B,$0.33B,9.57%,$85,$34,$51,$8,$35,$76,$9,$-1,$9,$2,$6,$6,$6,$12,$9,$30,31,$0.21,$0.20,$44,$39,$0,$183,$24,$0,$200,$9,$233,$416,$75,$38,$4,$52,$127,$284,$25,$-21,$289,$416,$14,$10,$5,$15,$7,$-1,$-6,$-1,$-8,$21,$-1,$-2,$-19,$0,$0,$0,$0,$-21,$15,$0,$15,$5,$5,$0,$1,$21,$21,$5,$0
21,2013-06-30,13.65,$9.08,1.5,$11.36,1.2,$1.08,12.63,$0.33,41.36,$0.17B,$0.07B,2.36,$0.04B,$0.28B,0.15,$0.34B,$0.19B,56.76%,$0.34B,$0.02B,4.41%,$0.34B,$0.02B,4.41%,$0.34B,$0.03B,8.24%,$0.34B,$0.01B,4.12%,$0.34B,$0.01B,2.94%,$0.01B,$0.28B,3.70%,$0.01B,$0.08B,13.61%,$0.01B,$0.41B,2.51%,$0.02B,$0.32B,5.17%,$82,$34,$48,$9,$34,$76,$6,$-1,$6,$2,$4,$4,$4,$9,$6,$30,30,$0.14,$0.13,$29,$39,$0,$170,$26,$0,$201,$8,$235,$405,$72,$40,$4,$54,$125,$282,$19,$-22,$279,$405,$7,$6,$4,$10,$5,$-0,$-6,$-1,$-13,$5,$-2,$-1,$-19,$0,$0,$0,$0,$-21,$18,$0,$18,$4,$4,$0,$0,$22,$6,$3,$0
22,2013-03-31,13.44,$9.00,1.49,$10.72,1.25,$1.37,9.79,$0.21,64.0,$0.17B,$0.11B,1.51,$0.01B,$0.27B,0.04,$0.32B,$0.18B,56.11%,$0.32B,$0.01B,3.13%,$0.32B,$0.01B,3.13%,$0.32B,$0.02B,7.21%,$0.32B,$0.01B,2.82%,$0.32B,$0.01B,1.88%,$0.01B,$0.27B,2.26%,$0.01B,$0.07B,7.32%,$0.01B,$0.41B,1.56%,$0.01B,$0.28B,3.58%,$86,$37,$49,$8,$36,$81,$5,$-0,$5,$1,$3,$3,$3,$8,$5,$30,30,$0.12,$0.11,$24,$38,$0,$170,$26,$0,$202,$10,$238,$408,$113,$11,$2,$22,$135,$278,$15,$-21,$273,$408,$3,$3,$2,$5,$-1,$0,$-3,$1,$-10,$-1,$-1,$-1,$-19,$0,$0,$0,$0,$-20,$-2,$22,$20,$2,$2,$0,$0,$22,$1,$1,$0
23,2012-12-31,11.16,$8.93,1.25,$9.90,1.13,$1.59,7.01,$0.11,101.49,$0.17B,$0.10B,1.71,$0.01B,$0.27B,0.05,$0.29B,$0.16B,55.82%,$0.29B,$0.01B,1.71%,$0.29B,$0.01B,1.71%,$0.29B,$0.02B,6.16%,$0.29B,$0.01B,1.71%,$0.29B,$0.00B,1.03%,$0.00B,$0.27B,1.15%,$0.00B,$0.08B,3.27%,$0.00B,$0.39B,0.83%,$0.01B,$0.28B,1.83%,$91,$40,$51,$8,$34,$82,$9,$-1,$8,$3,$5,$5,$5,$12,$9,$29,30,$0.17,$0.17,$23,$41,$0,$169,$27,$0,$189,$8,$223,$392,$99,$13,$3,$24,$123,$275,$12,$-18,$269,$392,$4,$13,$2,$15,$-22,$5,$11,$1,$1,$19,$-2,$-5,$-55,$0,$0,$0,$0,$-62,$21,$11,$32,$2,$2,$0,$-0,$33,$-10,$6,$0
24,2012-09-30,13.07,$8.68,1.5,$9.11,1.44,$1.67,7.83,$-0.65,0.0,$0.16B,$0.09B,1.66,$0.02B,$0.26B,0.06,$0.27B,$0.15B,55.85%,$0.27B,$-0.02B,-7.92%,$0.27B,$-0.02B,-7.92%,$0.27B,$0.01B,4.53%,$0.27B,$-0.02B,-7.92%,$0.27B,$-0.02B,-7.17%,$-0.02B,$0.26B,-7.33%,$-0.02B,$0.06B,-19.24%,$-0.02B,$0.39B,-5.56%,$-0.02B,$0.28B,-7.84%,$81,$36,$45,$9,$41,$86,$-5,$-0,$-5,$-3,$-2,$-2,$-2,$-1,$-5,$29,29,$-0.06,$-0.06,$20,$41,$0,$157,$29,$0,$196,$8,$232,$389,$94,$15,$5,$35,$129,$273,$6,$-19,$260,$389,$-1,$9,$6,$15,$-13,$5,$9,$-4,$3,$17,$-4,$0,$-58,$0,$0,$0,$0,$-61,$23,$7,$30,$1,$1,$0,$0,$31,$-13,$5,$0
25,2012-06-30,11.62,$8.69,1.34,$8.07,1.44,$1.71,6.81,$-0.57,0.0,$0.17B,$0.06B,2.93,$0.02B,$0.26B,0.07,$0.24B,$0.13B,55.74%,$0.24B,$-0.02B,-7.23%,$0.24B,$-0.02B,-7.23%,$0.24B,$0.01B,5.96%,$0.24B,$-0.02B,-7.23%,$0.24B,$-0.02B,-7.23%,$-0.02B,$0.26B,-6.46%,$-0.02B,$0.11B,-15.70%,$-0.02B,$0.35B,-5.19%,$-0.02B,$0.28B,-6.34%,$61,$27,$34,$7,$27,$60,$1,$0,$1,$1,$0,$0,$0,$4,$1,$29,30,$0.01,$0.01,$17,$26,$0,$168,$27,$0,$146,$7,$180,$348,$57,$17,$5,$31,$89,$270,$8,$-19,$259,$348,$1,$6,$3,$9,$-4,$7,$-0,$0,$4,$14,$-2,$0,$-58,$0,$0,$0,$0,$-60,$25,$6,$31,$1,$1,$0,$-1,$31,$-16,$3,$0
26,2012-03-31,11.93,$8.82,1.35,$7.96,1.5,$1.49,8.01,$-0.50,0.0,$0.13B,$0.04B,3.24,$0.00B,$0.26B,0.0,$0.23B,$0.13B,56.03%,$0.23B,$-0.02B,-6.47%,$0.23B,$-0.02B,-6.47%,$0.23B,$0.02B,6.47%,$0.23B,$-0.02B,-6.47%,$0.23B,$-0.02B,-6.47%,$-0.02B,$0.26B,-5.62%,$-0.02B,$0.11B,-13.92%,$-0.02B,$0.32B,-4.63%,$-0.02B,$0.26B,-5.60%,$59,$26,$33,$7,$26,$59,$0,$0,$1,$0,$0,$0,$0,$3,$0,$29,30,$0.01,$0.01,$37,$29,$0,$134,$26,$0,$149,$7,$182,$316,$41,$1,$6,$15,$56,$269,$8,$-17,$260,$316,$0,$3,$2,$5,$-2,$4,$-0,$-0,$1,$6,$-1,$0,$0,$0,$0,$0,$0,$-1,$-0,$0,$-0,$0,$0,$0,$-0,$-0,$5,$1,$0
27,2011-12-31,9.43,$8.77,1.07,$7.96,1.19,$1.41,6.7,$-0.40,0.0,$0.13B,$0.04B,3.17,$0.00B,$0.26B,0.0,$0.23B,$0.13B,56.90%,$0.23B,$-0.01B,-4.31%,$0.23B,$-0.01B,-4.31%,$0.23B,$0.02B,8.62%,$0.23B,$-0.01B,-4.74%,$0.23B,$-0.01B,-5.17%,$-0.01B,$0.26B,-4.45%,$-0.01B,$0.11B,-11.29%,$-0.01B,$0.32B,-3.66%,$-0.01B,$0.26B,-3.70%,$64,$28,$36,$7,$26,$82,$-17,$-0,$-18,$-1,$-17,$-17,$-17,$6,$-17,$29,29,$-0.59,$-0.59,$33,$33,$0,$131,$26,$0,$151,$7,$184,$315,$41,$1,$6,$15,$57,$267,$8,$-17,$258,$315,$-11,$30,$8,$38,$4,$4,$-7,$3,$-4,$23,$-4,$-1,$-15,$1,$-0,$1,$0,$-19,$-3,$3,$-0,$2,$2,$0,$-0,$2,$4,$6,$0
28,2011-09-30,9.51,$9.36,1.02,$7.86,1.21,$1.01,9.43,$0.38,25.03,$0.13B,$0.04B,3.13,$0.00B,$0.28B,0.0,$0.23B,$0.13B,57.58%,$0.23B,$0.02B,6.49%,$0.23B,$0.02B,6.49%,$0.23B,$0.02B,10.39%,$0.23B,$0.01B,6.06%,$0.23B,$0.01B,4.33%,$0.01B,$0.28B,3.69%,$0.01B,$0.10B,9.64%,$0.01B,$0.33B,3.01%,$0.02B,$0.28B,5.52%,$51,$24,$28,$6,$22,$52,$-1,$0,$-1,$-1,$0,$0,$0,$1,$-1,$29,29,$0.01,$0.01,$31,$40,$0,$128,$25,$0,$173,$5,$203,$331,$41,$1,$7,$15,$56,$266,$24,$-15,$275,$331,$6,$7,$6,$12,$8,$-1,$-8,$1,$-1,$17,$-2,$-0,$-15,$1,$0,$1,$0,$-16,$-2,$3,$0,$2,$2,$0,$0,$3,$2,$5,$0
29,2011-06-30,15.15,$9.39,1.61,$7.93,1.91,$0.75,20.21,$0.50,30.3,$0.14B,$0.04B,3.29,$0.00B,$0.28B,0.0,$0.23B,$0.14B,58.37%,$0.23B,$0.02B,9.44%,$0.23B,$0.02B,9.44%,$0.23B,$0.03B,13.30%,$0.23B,$0.02B,9.01%,$0.23B,$0.01B,6.01%,$0.01B,$0.28B,5.26%,$0.01B,$0.11B,13.63%,$0.01B,$0.33B,4.32%,$0.02B,$0.28B,8.24%,$58,$25,$33,$6,$24,$55,$3,$-0,$3,$1,$2,$2,$2,$5,$3,$28,30,$0.08,$0.08,$38,$39,$0,$140,$25,$0,$165,$5,$194,$334,$42,$1,$8,$16,$59,$264,$24,$-12,$275,$334,$5,$4,$4,$8,$1,$-4,$-5,$0,$-7,$7,$-2,$0,$0,$1,$0,$1,$0,$-1,$-1,$2,$1,$1,$1,$0,$0,$3,$9,$3,$0
30,2011-03-31,16.8,$9.30,1.81,$7.80,2.16,$0.72,23.23,$0.53,31.7,$0.14B,$0.04B,3.09,$0.00B,$0.27B,0.0,$0.23B,$0.13B,58.77%,$0.23B,$0.02B,10.53%,$0.23B,$0.02B,10.53%,$0.23B,$0.03B,14.47%,$0.23B,$0.02B,10.09%,$0.23B,$0.02B,6.58%,$0.02B,$0.27B,5.77%,$0.02B,$0.10B,15.38%,$0.02B,$0.33B,4.78%,$0.02B,$0.27B,9.21%,$59,$24,$35,$6,$23,$54,$5,$-0,$5,$2,$3,$3,$3,$8,$5,$28,30,$0.11,$0.11,$34,$40,$0,$136,$24,$0,$166,$5,$194,$331,$44,$1,$8,$17,$61,$261,$21,$-12,$270,$331,$3,$3,$2,$4,$3,$-3,$-3,$-1,$-4,$3,$-1,$0,$0,$1,$0,$1,$0,$0,$-0,$1,$1,$0,$0,$0,$0,$2,$6,$2,$0
31,2010-12-31,14.18,$9.13,1.55,$7.56,1.87,$0.86,16.46,$0.41,34.59,$0.13B,$0.04B,2.92,$0.00B,$0.26B,0.0,$0.22B,$0.13B,59.17%,$0.22B,$0.02B,8.72%,$0.22B,$0.02B,8.72%,$0.22B,$0.03B,12.39%,$0.22B,$0.02B,8.26%,$0.22B,$0.01B,5.50%,$0.01B,$0.26B,4.74%,$0.01B,$0.10B,13.01%,$0.01B,$0.33B,3.95%,$0.02B,$0.27B,7.48%,$63,$26,$37,$6,$23,$55,$8,$-0,$7,$2,$5,$5,$5,$10,$8,$28,29,$0.20,$0.18,$29,$38,$0,$129,$23,$0,$166,$12,$202,$331,$44,$1,$8,$23,$67,$259,$19,$-14,$264,$331,$12,$9,$8,$17,$-3,$-8,$-5,$-0,$-18,$11,$-4,$-0,$-13,$0,$0,$0,$0,$-18,$-1,$0,$-1,$3,$3,$0,$1,$2,$-4,$5,$0
32,2010-09-30,14.58,$8.88,1.64,$7.22,2.02,$1.45,10.03,$0.38,38.37,$0.12B,$0.03B,4.11,$0.00B,$0.26B,0.0,$0.21B,$0.12B,58.94%,$0.21B,$0.02B,8.21%,$0.21B,$0.02B,8.21%,$0.21B,$0.03B,12.08%,$0.21B,$0.02B,8.70%,$0.21B,$0.01B,5.80%,$0.01B,$0.26B,4.84%,$0.01B,$0.10B,13.64%,$0.01B,$0.30B,4.08%,$0.02B,$0.26B,6.83%,$53,$22,$31,$5,$21,$47,$6,$-0,$6,$2,$4,$4,$4,$8,$6,$28,29,$0.12,$0.12,$44,$26,$0,$120,$16,$0,$158,$7,$180,$300,$29,$1,$8,$15,$44,$257,$12,$-13,$256,$300,$7,$6,$5,$11,$2,$-6,$-1,$-1,$-8,$10,$-3,$0,$-0,$0,$0,$0,$0,$-3,$-0,$0,$-0,$2,$2,$0,$1,$2,$10,$4,$0
33,2010-06-30,16.29,$8.63,1.89,$6.95,2.35,$1.86,8.75,$0.38,42.87,$0.11B,$0.03B,3.86,$0.00B,$0.25B,0.0,$0.20B,$0.12B,59.60%,$0.20B,$0.02B,8.08%,$0.20B,$0.02B,8.08%,$0.20B,$0.02B,12.12%,$0.20B,$0.02B,8.59%,$0.20B,$0.01B,6.06%,$0.01B,$0.25B,4.93%,$0.01B,$0.09B,14.46%,$0.01B,$0.29B,4.13%,$0.02B,$0.25B,6.55%,$53,$22,$31,$5,$21,$48,$5,$0,$5,$2,$3,$3,$3,$7,$5,$28,29,$0.12,$0.12,$40,$26,$0,$112,$15,$0,$159,$6,$180,$292,$29,$1,$8,$14,$44,$255,$9,$-15,$249,$292,$3,$4,$2,$6,$5,$-3,$-1,$0,$-3,$7,$-2,$0,$-0,$0,$0,$0,$0,$-2,$-0,$0,$-0,$2,$2,$0,$1,$3,$6,$2,$0
34,2010-03-31,15.91,$8.57,1.86,$6.44,2.47,$2.11,7.53,$0.35,45.46,$0.11B,$0.03B,3.33,$0.00B,$0.24B,0.0,$0.18B,$0.11B,60.44%,$0.18B,$0.01B,7.69%,$0.18B,$0.01B,7.69%,$0.18B,$0.02B,12.09%,$0.18B,$0.02B,8.79%,$0.18B,$0.01B,6.04%,$0.01B,$0.24B,4.59%,$0.01B,$0.08B,12.29%,$0.01B,$0.29B,3.87%,$0.01B,$0.24B,5.83%,$49,$19,$30,$5,$25,$50,$-0,$-0,$-0,$0,$-0,$-0,$-0,$2,$-0,$28,28,$-0.01,$-0.01,$39,$25,$0,$110,$16,$0,$161,$6,$182,$292,$33,$1,$8,$15,$48,$252,$5,$-14,$243,$292,$-0,$2,$2,$4,$7,$-3,$0,$-0,$4,$7,$-1,$0,$-0,$0,$0,$0,$0,$-1,$-0,$0,$-0,$0,$0,$0,$0,$0,$6,$1,$0
35,2009-12-31,14.79,$8.57,1.73,$5.86,2.53,$2.07,7.16,$0.39,37.92,$0.11B,$0.03B,3.27,$0.00B,$0.24B,0.0,$0.17B,$0.10B,60.24%,$0.17B,$0.02B,9.04%,$0.17B,$0.02B,9.04%,$0.17B,$0.02B,14.46%,$0.17B,$0.02B,10.24%,$0.17B,$0.01B,7.23%,$0.01B,$0.24B,5.09%,$0.01B,$0.08B,12.44%,$0.01B,$0.29B,4.36%,$0.02B,$0.24B,6.34%,$52,$21,$30,$5,$20,$46,$6,$1,$7,$2,$5,$5,$5,$8,$6,$28,28,$0.17,$0.16,$34,$23,$0,$108,$14,$0,$162,$7,$184,$292,$33,$1,$8,$15,$49,$250,$6,$-13,$244,$292,$11,$8,$6,$14,$1,$0,$0,$-0,$1,$27,$-3,$-1,$-47,$-1,$0,$-1,$0,$-52,$-0,$0,$-0,$1,$1,$0,$-0,$0,$-24,$4,$0
36,2009-09-30,15.43,$8.41,1.83,$5.68,2.72,$1.53,10.06,$0.46,33.54,$0.11B,$0.04B,3.07,$0.00B,$0.24B,0.0,$0.16B,$0.10B,61.78%,$0.16B,$0.02B,10.83%,$0.16B,$0.02B,10.83%,$0.16B,$0.03B,16.56%,$0.16B,$0.02B,12.10%,$0.16B,$0.01B,8.28%,$0.01B,$0.24B,5.62%,$0.01B,$0.08B,12.59%,$0.01B,$0.29B,4.87%,$0.02B,$0.24B,7.31%,$44,$17,$27,$4,$17,$39,$5,$0,$5,$2,$4,$4,$4,$7,$5,$28,29,$0.13,$0.13,$30,$30,$0,$109,$14,$0,$161,$0,$177,$287,$36,$1,$6,$13,$48,$249,$1,$-12,$238,$287,$7,$6,$5,$11,$2,$-1,$1,$1,$3,$21,$-3,$0,$-47,$-1,$0,$-1,$0,$-51,$-0,$0,$-0,$1,$1,$0,$0,$0,$-28,$3,$0
37,2009-06-30,11.54,$8.21,1.41,$5.59,2.07,$0.92,12.51,$0.50,23.08,$0.13B,$0.02B,5.75,$0.00B,$0.23B,0.0,$0.16B,$0.10B,61.94%,$0.16B,$0.02B,12.26%,$0.16B,$0.02B,12.26%,$0.16B,$0.03B,18.06%,$0.16B,$0.02B,14.19%,$0.16B,$0.01B,9.03%,$0.01B,$0.23B,6.11%,$0.01B,$0.12B,12.47%,$0.01B,$0.27B,5.36%,$0.02B,$0.23B,8.25%,$37,$14,$23,$4,$16,$34,$3,$0,$4,$1,$2,$2,$2,$5,$3,$28,28,$0.08,$0.08,$69,$24,$0,$134,$14,$0,$117,$0,$131,$265,$23,$1,$4,$9,$32,$248,$-2,$-13,$233,$265,$3,$4,$4,$8,$1,$1,$0,$1,$3,$14,$-2,$0,$-1,$-1,$0,$-1,$0,$-4,$-0,$0,$-0,$0,$0,$0,$0,$0,$11,$2,$0
38,2009-03-31,8.51,$8.16,1.04,$5.83,1.46,$0.62,13.82,$0.57,14.93,$0.13B,$0.02B,6.34,$0.00B,$0.23B,0.01,$0.16B,$0.10B,61.39%,$0.16B,$0.02B,13.92%,$0.16B,$0.02B,13.92%,$0.16B,$0.03B,18.99%,$0.16B,$0.02B,15.19%,$0.16B,$0.02B,10.13%,$0.02B,$0.23B,7.06%,$0.02B,$0.11B,14.41%,$0.02B,$0.26B,6.15%,$0.02B,$0.23B,9.65%,$33,$13,$20,$4,$15,$32,$1,$0,$1,$0,$1,$1,$1,$4,$1,$28,28,$0.03,$0.03,$62,$26,$0,$125,$14,$0,$118,$0,$132,$257,$20,$1,$5,$9,$29,$246,$-5,$-14,$228,$257,$1,$2,$2,$4,$5,$-1,$-1,$1,$2,$7,$-2,$0,$0,$-1,$0,$-1,$0,$-2,$-0,$0,$-0,$0,$0,$0,$0,$-0,$5,$1,$0
39,2008-12-31,12.95,$8.10,1.6,$6.25,2.07,$0.47,27.55,$0.65,19.92,$0.13B,$0.02B,5.39,$0.00B,$0.23B,0.01,$0.16B,$0.10B,61.73%,$0.16B,$0.03B,15.43%,$0.16B,$0.03B,15.43%,$0.16B,$0.03B,19.75%,$0.16B,$0.03B,16.67%,$0.16B,$0.02B,11.11%,$0.02B,$0.23B,9.03%,$0.02B,$0.11B,20.87%,$0.02B,$0.26B,7.40%,$0.03B,$0.23B,12.24%,$43,$16,$27,$4,$16,$35,$8,$1,$9,$3,$6,$6,$6,$10,$8,$25,27,$0.23,$0.22,$57,$25,$0,$126,$14,$0,$119,$0,$133,$259,$23,$1,$5,$9,$32,$245,$-5,$-14,$226,$259,$17,$7,$3,$10,$-8,$-2,$-3,$0,$-16,$12,$-4,$-1,$-29,$0,$0,$0,$0,$-34,$-35,$0,$-35,$102,$102,$0,$2,$69,$45,$3,$0
40,2008-09-30,22.66,$8.19,2.77,$6.12,3.7,$0.55,41.41,$0.55,41.2,$0.13B,$0.03B,5.08,$0.00B,$0.23B,0.01,$0.15B,$0.10B,62.09%,$0.15B,$0.02B,15.03%,$0.15B,$0.02B,15.03%,$0.15B,$0.03B,18.95%,$0.15B,$0.02B,15.03%,$0.15B,$0.02B,9.80%,$0.02B,$0.23B,8.73%,$0.02B,$0.11B,24.59%,$0.02B,$0.26B,6.64%,$0.02B,$0.23B,12.72%,$42,$16,$26,$4,$15,$35,$7,$1,$8,$3,$5,$5,$5,$9,$7,$27,29,$0.17,$0.17,$69,$23,$0,$133,$15,$0,$115,$0,$131,$264,$26,$1,$2,$9,$35,$244,$-12,$-3,$229,$264,$11,$5,$1,$6,$-6,$-2,$-2,$0,$-13,$4,$-3,$0,$-14,$-1,$0,$-1,$0,$-18,$-35,$0,$-35,$102,$102,$0,$2,$69,$56,$2,$0
41,2008-06-30,20.94,$8.05,2.6,$5.92,3.54,$0.69,30.17,$0.52,40.27,$0.13B,$0.03B,4.68,$0.00B,$0.22B,0.01,$0.14B,$0.09B,62.86%,$0.14B,$0.02B,14.29%,$0.14B,$0.02B,14.29%,$0.14B,$0.03B,18.57%,$0.14B,$0.02B,14.29%,$0.14B,$0.01B,9.29%,$0.01B,$0.22B,9.12%,$0.01B,$0.11B,29.21%,$0.01B,$0.26B,6.69%,$0.02B,$0.23B,13.22%,$40,$15,$24,$4,$15,$34,$6,$0,$6,$2,$4,$4,$4,$7,$6,$24,26,$0.16,$0.15,$77,$21,$0,$133,$15,$0,$113,$0,$128,$261,$28,$1,$2,$9,$38,$241,$-16,$-1,$224,$261,$6,$3,$1,$4,$-1,$-1,$-1,$0,$-6,$5,$-2,$0,$-7,$-11,$0,$-11,$0,$-20,$-33,$0,$-33,$101,$101,$0,$1,$69,$54,$1,$0
42,2008-03-31,18.15,$5.38,3.38,$5.60,3.24,$0.62,29.43,$0.47,38.62,$0.07B,$0.05B,1.49,$0.02B,$0.12B,0.14,$0.13B,$0.08B,64.06%,$0.13B,$0.02B,13.28%,$0.13B,$0.02B,13.28%,$0.13B,$0.02B,17.97%,$0.13B,$0.02B,13.28%,$0.13B,$0.01B,8.59%,$0.01B,$0.12B,9.71%,$0.01B,$0.01B,39.64%,$0.01B,$0.19B,6.81%,$0.02B,$0.13B,13.96%,$37,$14,$23,$4,$15,$33,$4,$0,$4,$2,$3,$3,$3,$6,$4,$22,23,$0.12,$0.11,$13,$21,$0,$68,$14,$0,$106,$0,$121,$189,$46,$16,$3,$25,$71,$139,$-20,$-1,$118,$189,$3,$1,$1,$2,$-1,$-1,$-1,$1,$-3,$2,$-1,$0,$-0,$0,$0,$0,$0,$-1,$-1,$0,$-1,$0,$0,$0,$0,$-1,$1,$1,$0
43,2007-12-31,19.35,$5.28,3.67,$5.18,3.73,$0.61,31.88,$0.43,45.0,$0.07B,$0.05B,1.41,$0.02B,$0.12B,0.16,$0.12B,$0.08B,64.41%,$0.12B,$0.02B,12.71%,$0.12B,$0.02B,12.71%,$0.12B,$0.02B,17.80%,$0.12B,$0.02B,13.56%,$0.12B,$0.01B,8.47%,$0.01B,$0.12B,9.13%,$0.01B,$0.01B,28.78%,$0.01B,$0.19B,6.86%,$0.02B,$0.13B,13.16%,$34,$13,$22,$4,$12,$28,$6,$-1,$5,$2,$3,$3,$3,$7,$6,$22,23,$0.12,$0.12,$12,$19,$0,$66,$15,$0,$109,$0,$124,$190,$46,$18,$3,$27,$74,$138,$-23,$1,$116,$190,$10,$5,$4,$9,$-3,$-4,$-0,$1,$-8,$11,$-2,$-1,$-50,$0,$0,$0,$0,$-53,$35,$0,$35,$2,$2,$0,$1,$38,$-3,$2,$0
44,2007-09-30,15.94,$5.16,3.09,$5.15,3.09,$0.39,40.95,$0.33,48.3,$0.07B,$0.02B,3.09,$0.00B,$0.11B,0.0,$0.11B,$0.07B,63.72%,$0.11B,$0.01B,8.85%,$0.11B,$0.01B,8.85%,$0.11B,$0.02B,14.16%,$0.11B,$0.01B,10.62%,$0.11B,$0.01B,7.08%,$0.01B,$0.11B,7.57%,$0.01B,$0.05B,18.82%,$0.01B,$0.14B,6.19%,$0.01B,$0.11B,9.46%,$29,$10,$19,$4,$10,$24,$4,$0,$5,$1,$3,$3,$3,$6,$4,$22,23,$0.15,$0.14,$22,$16,$0,$65,$8,$0,$64,$1,$72,$137,$21,$0,$1,$4,$25,$137,$-26,$0,$112,$137,$7,$3,$1,$4,$-2,$-4,$-1,$0,$-6,$6,$-2,$0,$-0,$0,$0,$0,$0,$-2,$0,$0,$0,$1,$1,$0,$1,$2,$7,$1,$0
45,2007-06-30,15.92,$4.96,3.21,$4.94,3.22,$0.35,45.41,$0.28,56.86,$0.06B,$0.02B,3.22,$0.00B,$0.11B,0.0,$0.11B,$0.07B,63.21%,$0.11B,$0.01B,8.49%,$0.11B,$0.01B,8.49%,$0.11B,$0.01B,13.21%,$0.11B,$0.01B,9.43%,$0.11B,$0.01B,6.60%,$0.01B,$0.11B,6.83%,$0.01B,$0.04B,16.57%,$0.01B,$0.13B,5.54%,$0.01B,$0.11B,8.78%,$28,$10,$18,$4,$10,$25,$3,$0,$3,$1,$2,$2,$2,$4,$3,$22,23,$0.11,$0.10,$18,$14,$0,$58,$8,$0,$63,$1,$72,$130,$18,$0,$1,$4,$22,$136,$-29,$0,$107,$130,$4,$2,$0,$2,$-2,$-2,$-1,$1,$-5,$2,$-1,$0,$-0,$-1,$0,$-1,$0,$-2,$0,$0,$0,$1,$1,$0,$1,$2,$2,$1,$0
46,2007-03-31,17.77,$4.78,3.72,$4.71,3.77,$0.28,64.15,$0.25,71.08,$0.05B,$0.02B,2.87,$0.00B,$0.10B,0.0,$0.10B,$0.06B,63.27%,$0.10B,$0.01B,9.18%,$0.10B,$0.01B,9.18%,$0.10B,$0.01B,14.29%,$0.10B,$0.01B,10.20%,$0.10B,$0.01B,6.12%,$0.01B,$0.10B,6.47%,$0.01B,$0.04B,16.90%,$0.01B,$0.13B,5.15%,$0.01B,$0.10B,9.57%,$27,$10,$17,$4,$11,$25,$2,$0,$3,$1,$2,$2,$2,$4,$2,$21,23,$0.07,$0.07,$17,$13,$0,$54,$8,$0,$63,$0,$72,$126,$19,$0,$1,$4,$23,$135,$-31,$-1,$103,$126,$2,$1,$-0,$1,$1,$-2,$-0,$1,$-1,$2,$-1,$0,$0,$0,$0,$0,$0,$-1,$0,$0,$0,$1,$1,$0,$1,$1,$1,$0,$0
47,2006-12-31,16.61,$4.72,3.52,$4.57,3.64,$0.16,103.23,$-0.07,0.0,$0.05B,$0.02B,2.48,$0.00B,$0.10B,0.0,$0.09B,$0.06B,63.33%,$0.09B,$0.00B,3.33%,$0.09B,$0.00B,3.33%,$0.09B,$0.01B,7.78%,$0.09B,$0.00B,3.33%,$0.09B,$-0.00B,-1.11%,$-0.00B,$0.10B,-1.20%,$-0.00B,$0.04B,-3.57%,$-0.00B,$0.12B,-0.92%,$0.00B,$0.10B,3.47%,$29,$11,$18,$3,$10,$28,$1,$0,$1,$0,$1,$1,$1,$2,$1,$20,20,$0.04,$0.04,$15,$12,$0,$52,$8,$0,$63,$2,$73,$124,$21,$0,$0,$2,$23,$133,$-32,$-0,$101,$124,$-1,$4,$9,$13,$-6,$-2,$-0,$-0,$-9,$3,$0,$0,$-72,$12,$0,$12,$0,$-59,$0,$0,$0,$31,$31,$0,$1,$32,$-25,$1,$0
