,Date,Stock Price,Book Value per Share,Price to Book Ratio,TTM Sales per Share,Price to Sales Ratio,TTM FCF per Share,Price to FCF Ratio,TTM Net EPS,PE Ratio,Current Assets,Current Liabilities,Current Ratio,Long Term Debt,Shareholder's Equity_x,Debt to Equity Ratio,TTM Revenue_x,TTM Gross Profit,Gross Margin,TTM Revenue_y,TTM Operating Income,Operating Margin,TTM Revenue_x,TTM EBIT,EBIT Margin,TTM Revenue_y,TTM EBITDA,EBITDA Margin,TTM Revenue_x,TTM Pre-Tax Income,Pre-Tax Margin,TTM Revenue_y,TTM Net Income_x,Net Margin,TTM Net Income_y,Shareholder's Equity_y,Return on Equity,TTM Net Income_x,Tangible Equity,Return on Tangible Equity,TTM Net Income_y,Total Assets,Return on Assets,TTM Net Income,LT Investments & Debt,Return on Investment,revenue,cost-goods-sold,gross-profit,research-development-expenses,selling-general-administrative-expenses,operating-expenses,operating-income,total-non-operating-income-expense,pre-tax-income,total-provision-income-taxes,income-after-taxes,income-from-continuous-operations,net-income,ebitda,ebit,basic-shares-outstanding,shares-outstanding,eps-basic-net-earnings-per-share,eps-earnings-per-share-diluted,cash-on-hand,inventory,other-current-assets,total-current-assets,net-property-plant-equipment,long-term-investments,goodwill-intangible-assets-total,other-long-term-assets,total-long-term-assets,total-assets,total-current-liabilities,long-term-debt,other-non-current-liabilities,total-long-term-liabilities,total-liabilities,common-stock-net,retained-earnings-accumulated-deficit,comprehensive-income,total-share-holder-equity,total-liabilities-share-holders-equity,net-income-loss,total-depreciation-amortization-cash-flow,other-non-cash-items,total-non-cash-items,change-in-accounts-receivable,change-in-inventories,change-in-accounts-payable,change-in-assets-liabilities,total-change-in-assets-liabilities,cash-flow-from-operating-activities,net-change-in-property-plant-equipment,net-change-in-intangible-assets,net-acquisitions-divestitures,net-change-in-short-term-investments,net-change-in-long-term-investments,net-change-in-investments-total,investing-activities-other,cash-flow-from-investing-activities,net-long-term-debt,net-current-debt,debt-issuance-retirement-net-total,net-common-equity-issued-repurchased,net-total-equity-issued-repurchased,total-common-preferred-stock-dividends-paid,financial-activities-other,cash-flow-from-financial-activities,net-cash-flow,stock-based-compensation,common-stock-dividends-paid
0,2018-09-30,49.63,$4.53,10.95,$43.72,1.14,$4.53,10.96,$2.41,20.59,$1.60B,$1.11B,1.45,$1.72B,$0.65B,2.67,$6.37B,$3.40B,53.37%,$6.37B,$0.57B,8.89%,$6.37B,$0.57B,8.89%,$6.37B,$0.64B,10.08%,$6.37B,$0.48B,7.51%,$6.37B,$0.36B,5.62%,$0.36B,$0.65B,60.19%,$0.36B,$-1.22B,-28.29%,$0.36B,$3.74B,9.87%,$0.57B,$2.37B,24.16%,$1614,$749,$865,$0,$227,$1470,$144,$-24,$120,$27,$93,$93,$93,$166,$144,$142,144,$0.65,$0.64,$343,$0,$0,$1602,$152,$0,$1869,$112,$2133,$3735,$1105,$1724,$261,$1984,$3089,$2,$833,$-11,$646,$3735,$197,$39,$8,$47,$-32,$0,$0,$-15,$31,$275,$-40,$0,$-0,$0,$0,$0,$0,$-40,$-39,$0,$-39,$-85,$-85,$-55,$-0,$-179,$56,$13,$-55
1,2018-06-30,43.56,$4.24,10.26,$42.85,1.02,$3.84,11.34,$2.24,19.45,$1.51B,$1.02B,1.48,$1.74B,$0.61B,2.87,$6.30B,$3.38B,53.67%,$6.30B,$0.56B,8.82%,$6.30B,$0.56B,8.82%,$6.30B,$0.63B,9.94%,$6.30B,$0.47B,7.45%,$6.30B,$0.34B,5.38%,$0.34B,$0.61B,59.76%,$0.34B,$-1.26B,-26.39%,$0.34B,$3.63B,9.48%,$0.56B,$2.35B,23.82%,$1647,$786,$861,$0,$206,$1485,$162,$-24,$137,$33,$104,$104,$104,$179,$162,$143,145,$0.72,$0.72,$150,$0,$0,$1512,$152,$0,$1867,$101,$2121,$3632,$1023,$1741,$261,$2002,$3025,$2,$767,$-13,$607,$3632,$104,$18,$2,$20,$-142,$0,$0,$3,$-151,$-27,$-20,$0,$-0,$0,$0,$0,$0,$-20,$-16,$0,$-16,$-46,$-46,$-28,$-0,$-90,$-137,$6,$-28
2,2018-03-31,38.41,$3.92,9.79,$41.63,0.92,$4.12,9.32,$2.05,18.74,$1.49B,$1.03B,1.45,$1.76B,$0.56B,3.12,$6.17B,$3.31B,53.55%,$6.17B,$0.52B,8.43%,$6.17B,$0.52B,8.43%,$6.17B,$0.59B,9.56%,$6.17B,$0.44B,7.11%,$6.17B,$0.31B,4.96%,$0.31B,$0.56B,54.14%,$0.31B,$-1.30B,-23.92%,$0.31B,$3.61B,8.59%,$0.52B,$2.32B,22.20%,$1606,$722,$884,$0,$242,$1464,$142,$-20,$123,$32,$91,$91,$91,$161,$142,$146,148,$0.63,$0.62,$287,$0,$0,$1492,$152,$0,$1860,$103,$2115,$3607,$1029,$1755,$260,$2015,$3044,$2,$691,$-15,$562,$3607,$305,$71,$22,$93,$-136,$0,$0,$32,$-29,$369,$-78,$0,$-19,$0,$0,$0,$1,$-96,$151,$0,$151,$-249,$-249,$-104,$0,$-203,$70,$23,$-104
3,2017-12-31,37.63,$3.89,9.67,$41.29,0.91,$4.34,8.68,$1.91,19.7,$1.43B,$0.96B,1.49,$1.77B,$0.56B,3.14,$6.15B,$3.28B,53.32%,$6.15B,$0.51B,8.25%,$6.15B,$0.51B,8.25%,$6.15B,$0.58B,9.37%,$6.15B,$0.42B,6.90%,$6.15B,$0.28B,4.57%,$0.28B,$0.56B,49.45%,$0.28B,$-1.28B,-22.08%,$0.28B,$3.54B,8.02%,$0.51B,$2.33B,22.30%,$1500,$712,$788,$0,$210,$1382,$118,$-20,$98,$28,$70,$70,$70,$136,$118,$145,147,$0.48,$0.47,$289,$0,$0,$1425,$166,$0,$1847,$101,$2114,$3539,$956,$1769,$250,$2019,$2975,$2,$623,$-15,$564,$3539,$220,$52,$7,$59,$-51,$0,$0,$21,$-32,$247,$-63,$0,$-19,$0,$0,$0,$1,$-81,$166,$0,$166,$-183,$-183,$-77,$0,$-93,$72,$17,$-77
4,2017-09-30,36.73,$3.68,9.97,$40.38,0.91,$4.76,7.72,$1.81,20.29,$1.45B,$0.97B,1.5,$1.78B,$0.54B,3.33,$6.05B,$3.24B,53.56%,$6.05B,$0.50B,8.21%,$6.05B,$0.50B,8.21%,$6.05B,$0.56B,9.32%,$6.05B,$0.42B,6.92%,$6.05B,$0.27B,4.41%,$0.27B,$0.54B,46.86%,$0.27B,$-1.30B,-22.19%,$0.27B,$3.53B,7.83%,$0.50B,$2.32B,22.55%,$1543,$697,$846,$0,$214,$1410,$133,$-22,$111,$37,$74,$74,$74,$150,$133,$147,149,$0.50,$0.49,$330,$0,$0,$1449,$152,$0,$1835,$94,$2080,$3530,$970,$1784,$240,$2024,$2993,$2,$578,$-17,$536,$3530,$144,$34,$3,$37,$-60,$0,$0,$2,$-3,$178,$-37,$0,$-0,$0,$0,$0,$0,$-37,$182,$0,$182,$-158,$-158,$-52,$0,$-28,$113,$12,$-52
5,2017-06-30,31.8,$4.03,7.89,$39.30,0.81,$5.16,6.17,$1.75,18.17,$1.51B,$0.95B,1.59,$1.80B,$0.60B,3.0,$5.91B,$3.13B,53.06%,$5.91B,$0.48B,8.16%,$5.91B,$0.48B,8.16%,$5.91B,$0.56B,9.43%,$5.91B,$0.41B,6.88%,$5.91B,$0.26B,4.34%,$0.26B,$0.60B,45.33%,$0.26B,$-1.24B,-22.39%,$0.26B,$3.58B,7.75%,$0.48B,$2.40B,22.65%,$1523,$736,$787,$0,$193,$1396,$127,$-20,$107,$36,$71,$71,$71,$143,$127,$148,150,$0.47,$0.47,$337,$0,$0,$1507,$139,$0,$1839,$91,$2069,$3576,$945,$1799,$233,$2031,$2976,$2,$532,$-17,$599,$3576,$71,$17,$-1,$15,$-112,$0,$0,$16,$-82,$4,$-12,$0,$-0,$0,$0,$0,$0,$-12,$198,$0,$198,$-43,$-43,$-26,$0,$128,$120,$5,$-26
6,2017-03-31,34.43,$3.85,8.94,$38.65,0.89,$5.24,6.57,$1.67,20.62,$1.29B,$1.10B,1.18,$1.47B,$0.57B,2.56,$5.81B,$3.11B,53.61%,$5.81B,$0.48B,8.34%,$5.81B,$0.48B,8.34%,$5.81B,$0.56B,9.65%,$5.81B,$0.41B,7.10%,$5.81B,$0.25B,4.36%,$0.25B,$0.57B,47.69%,$0.25B,$-1.27B,-22.74%,$0.25B,$3.37B,7.98%,$0.48B,$2.04B,23.96%,$1582,$725,$857,$0,$232,$1453,$129,$-21,$108,$42,$66,$66,$66,$147,$129,$148,150,$0.44,$0.44,$217,$0,$0,$1294,$139,$0,$1843,$86,$2079,$3373,$1101,$1470,$228,$1698,$2800,$2,$478,$-17,$574,$3373,$252,$75,$23,$98,$-87,$0,$0,$29,$31,$382,$-54,$0,$-248,$0,$0,$0,$1,$-301,$51,$0,$51,$-26,$-26,$-95,$18,$-51,$30,$21,$-95
7,2016-12-31,34.92,$3.80,9.19,$37.63,0.93,$4.28,8.16,$1.66,21.04,$1.36B,$0.92B,1.48,$1.49B,$0.57B,2.61,$5.65B,$3.00B,53.11%,$5.65B,$0.46B,8.15%,$5.65B,$0.46B,8.15%,$5.65B,$0.54B,9.47%,$5.65B,$0.40B,7.01%,$5.65B,$0.25B,4.48%,$0.25B,$0.57B,51.74%,$0.25B,$-1.00B,-23.24%,$0.25B,$3.17B,8.22%,$0.46B,$2.06B,23.21%,$1405,$652,$752,$0,$201,$1297,$108,$-16,$93,$37,$56,$56,$56,$124,$108,$149,151,$0.37,$0.37,$350,$0,$0,$1359,$134,$0,$1573,$101,$1808,$3167,$921,$1485,$191,$1676,$2597,$2,$437,$-18,$570,$3167,$186,$57,$1,$58,$-10,$0,$0,$59,$39,$283,$-31,$0,$-1,$0,$0,$0,$1,$-31,$-46,$0,$-46,$10,$10,$-69,$16,$-90,$162,$16,$-69
8,2016-09-30,30.46,$3.46,8.79,$37.03,0.82,$3.50,8.7,$2.00,15.23,$1.27B,$0.89B,1.43,$1.50B,$0.52B,2.91,$5.55B,$2.92B,52.68%,$5.55B,$0.46B,8.23%,$5.55B,$0.46B,8.23%,$5.55B,$0.53B,9.62%,$5.55B,$0.39B,7.05%,$5.55B,$0.31B,5.50%,$0.31B,$0.52B,69.04%,$0.31B,$-1.06B,-26.78%,$0.31B,$3.09B,10.07%,$0.46B,$2.02B,23.53%,$1395,$658,$737,$0,$194,$1277,$118,$-20,$98,$35,$63,$63,$63,$143,$118,$148,150,$0.42,$0.41,$307,$0,$0,$1272,$128,$0,$1576,$117,$1822,$3094,$890,$1500,$187,$1687,$2577,$2,$404,$-19,$516,$3094,$131,$41,$2,$44,$20,$0,$0,$43,$43,$217,$-15,$0,$-1,$0,$0,$0,$1,$-15,$-46,$0,$-46,$3,$3,$-47,$8,$-82,$120,$11,$-47
9,2016-06-30,28.42,$3.11,9.12,$36.60,0.78,$2.55,11.13,$1.96,14.5,$1.21B,$0.90B,1.35,$1.50B,$0.46B,3.25,$5.48B,$2.88B,52.64%,$5.48B,$0.45B,8.18%,$5.48B,$0.45B,8.18%,$5.48B,$0.52B,9.44%,$5.48B,$0.38B,7.01%,$5.48B,$0.30B,5.44%,$0.30B,$0.46B,78.42%,$0.30B,$-1.12B,-25.12%,$0.30B,$3.04B,10.02%,$0.45B,$1.96B,23.72%,$1423,$657,$766,$0,$190,$1293,$129,$-16,$113,$46,$68,$68,$68,$146,$129,$147,150,$0.46,$0.45,$180,$0,$0,$1210,$129,$0,$1579,$123,$1831,$3042,$895,$1502,$183,$1684,$2579,$2,$364,$-19,$462,$3042,$68,$17,$2,$19,$-61,$0,$0,$39,$-75,$12,$-6,$0,$-1,$0,$0,$0,$0,$-7,$9,$0,$9,$-1,$-1,$-25,$4,$-12,$-8,$6,$-25
10,2016-03-31,28.89,$2.76,10.47,$36.14,0.8,$2.56,11.3,$1.94,14.89,$1.19B,$0.94B,1.27,$1.48B,$0.41B,3.63,$5.41B,$2.83B,52.28%,$5.41B,$0.45B,8.23%,$5.41B,$0.45B,8.23%,$5.41B,$0.51B,9.51%,$5.41B,$0.38B,7.03%,$5.41B,$0.29B,5.44%,$0.29B,$0.41B,92.89%,$0.29B,$-1.17B,-23.80%,$0.29B,$3.01B,10.05%,$0.45B,$1.89B,24.20%,$1424,$681,$744,$0,$209,$1320,$105,$-12,$92,$26,$66,$66,$66,$122,$105,$146,150,$0.44,$0.43,$188,$0,$0,$1190,$130,$0,$1583,$86,$1820,$3010,$940,$1484,$177,$1662,$2602,$2,$319,$-20,$408,$3010,$294,$70,$-3,$67,$-31,$0,$0,$-13,$-112,$249,$-67,$0,$-51,$0,$0,$0,$0,$-118,$-22,$0,$-22,$-49,$-49,$-112,$32,$-151,$-20,$25,$-112
11,2015-12-31,29.26,$2.56,11.43,$35.56,0.82,$3.16,9.26,$1.80,16.26,$1.13B,$0.79B,1.43,$1.52B,$0.38B,3.98,$5.33B,$2.76B,51.83%,$5.33B,$0.43B,8.13%,$5.33B,$0.43B,8.13%,$5.33B,$0.50B,9.43%,$5.33B,$0.36B,6.82%,$5.33B,$0.27B,5.09%,$0.27B,$0.38B,103.83%,$0.27B,$-1.20B,-21.24%,$0.27B,$2.97B,9.38%,$0.43B,$1.90B,24.05%,$1308,$630,$677,$0,$201,$1203,$105,$-17,$88,$-20,$108,$108,$108,$123,$105,$147,150,$0.72,$0.71,$167,$0,$0,$1134,$126,$0,$1585,$122,$1832,$2967,$793,$1515,$278,$1792,$2586,$2,$275,$-21,$381,$2967,$229,$53,$-12,$41,$16,$0,$0,$-49,$-88,$181,$-46,$0,$-51,$0,$0,$0,$0,$-96,$-42,$0,$-42,$-24,$-24,$-89,$30,$-125,$-40,$18,$-89
12,2015-09-30,24.75,$1.81,13.66,$35.49,0.7,$3.65,6.77,$1.44,17.19,$1.15B,$0.79B,1.46,$1.54B,$0.27B,5.71,$5.32B,$2.75B,51.60%,$5.32B,$0.43B,8.14%,$5.32B,$0.43B,8.14%,$5.32B,$0.50B,9.43%,$5.32B,$0.36B,6.80%,$5.32B,$0.22B,4.06%,$0.22B,$0.27B,100.70%,$0.22B,$-1.25B,-16.53%,$0.22B,$2.88B,7.56%,$0.43B,$1.80B,24.44%,$1322,$626,$696,$0,$208,$1213,$109,$-18,$91,$35,$56,$56,$56,$126,$109,$146,149,$0.38,$0.37,$187,$0,$0,$1148,$115,$0,$1519,$92,$1727,$2875,$788,$1535,$283,$1817,$2606,$2,$187,$-21,$269,$2875,$121,$35,$-7,$28,$9,$0,$0,$-6,$-60,$89,$-30,$0,$-1,$0,$0,$0,$0,$-31,$-26,$0,$-26,$-28,$-28,$-42,$18,$-78,$-20,$12,$-42
13,2015-06-30,23.72,$1.40,16.91,$35.32,0.67,$4.53,5.23,$1.49,15.92,$1.13B,$0.82B,1.38,$1.55B,$0.21B,7.49,$5.31B,$2.71B,51.12%,$5.31B,$0.45B,8.41%,$5.31B,$0.45B,8.41%,$5.31B,$0.52B,9.73%,$5.31B,$0.38B,7.09%,$5.31B,$0.23B,4.24%,$0.23B,$0.21B,119.52%,$0.23B,$-1.31B,-16.98%,$0.23B,$2.85B,7.91%,$0.45B,$1.76B,25.32%,$1352,$643,$709,$0,$189,$1225,$126,$-18,$109,$44,$64,$64,$64,$143,$126,$145,149,$0.44,$0.43,$151,$0,$0,$1129,$112,$0,$1521,$92,$1724,$2853,$816,$1554,$275,$1829,$2646,$2,$150,$-22,$208,$2853,$64,$17,$3,$20,$-10,$0,$0,$9,$-65,$19,$-13,$0,$0,$0,$0,$0,$0,$-13,$-10,$0,$-10,$-32,$-32,$-23,$4,$-62,$-56,$6,$-23
14,2015-03-31,27.05,$1.25,21.63,$35.10,0.77,$5.09,5.32,$1.53,17.68,$1.15B,$0.85B,1.35,$1.56B,$0.19B,8.34,$5.28B,$2.68B,50.81%,$5.28B,$0.46B,8.70%,$5.28B,$0.46B,8.70%,$5.28B,$0.53B,10.12%,$5.28B,$0.39B,7.32%,$5.28B,$0.23B,4.40%,$0.23B,$0.19B,119.74%,$0.23B,$-1.34B,-17.68%,$0.23B,$2.86B,8.08%,$0.46B,$1.74B,25.76%,$1343,$665,$678,$0,$229,$1250,$93,$-17,$75,$32,$43,$43,$43,$110,$93,$145,150,$0.31,$0.28,$207,$0,$0,$1149,$111,$0,$1524,$51,$1715,$2864,$849,$1556,$273,$1828,$2677,$2,$104,$-22,$186,$2864,$233,$74,$-26,$49,$61,$0,$0,$5,$29,$310,$-36,$0,$-25,$0,$0,$0,$0,$-61,$-40,$0,$-40,$-51,$-51,$-262,$51,$-302,$-53,$26,$-262
15,2014-12-31,24.69,$1.30,18.94,$35.59,0.69,$5.36,4.6,$1.54,16.03,$1.16B,$0.81B,1.43,$1.58B,$0.20B,8.11,$5.33B,$2.73B,51.28%,$5.33B,$0.46B,8.53%,$5.33B,$0.46B,8.53%,$5.33B,$0.53B,10.00%,$5.33B,$0.38B,7.16%,$5.33B,$0.24B,4.43%,$0.24B,$0.20B,124.05%,$0.24B,$-1.33B,-18.03%,$0.24B,$2.83B,8.16%,$0.46B,$1.78B,25.48%,$1305,$642,$663,$0,$176,$1199,$105,$-19,$87,$34,$53,$53,$53,$123,$105,$147,151,$0.35,$0.35,$197,$0,$0,$1155,$106,$0,$1522,$50,$1678,$2832,$809,$1584,$244,$1828,$2637,$2,$80,$-6,$195,$2832,$189,$57,$-27,$30,$73,$0,$0,$16,$9,$228,$-17,$0,$-24,$0,$0,$0,$0,$-41,$-21,$0,$-21,$-25,$-25,$-243,$40,$-249,$-63,$20,$-243
16,2014-09-30,21.68,$1.09,19.88,$35.48,0.61,$5.85,3.71,$1.50,14.46,$1.18B,$0.83B,1.42,$1.60B,$0.16B,9.73,$5.30B,$2.68B,50.60%,$5.30B,$0.45B,8.43%,$5.30B,$0.45B,8.43%,$5.30B,$0.53B,9.94%,$5.30B,$0.37B,7.04%,$5.30B,$0.23B,4.34%,$0.23B,$0.16B,108.88%,$0.23B,$-1.33B,-17.93%,$0.23B,$2.83B,7.81%,$0.45B,$1.76B,24.67%,$1305,$642,$662,$0,$177,$1183,$122,$-17,$105,$40,$65,$65,$65,$140,$122,$146,150,$0.43,$0.42,$242,$0,$0,$1179,$110,$0,$1489,$51,$1650,$2829,$828,$1599,$238,$1837,$2665,$2,$44,$-6,$164,$2829,$136,$39,$-23,$16,$96,$0,$0,$-3,$48,$201,$-9,$0,$0,$0,$0,$0,$0,$-9,$-10,$0,$-10,$-2,$-2,$-226,$29,$-210,$-18,$13,$-226
17,2014-06-30,18.69,$1.53,12.23,$36.09,0.52,$5.47,3.42,$1.53,12.22,$1.30B,$0.86B,1.52,$1.61B,$0.23B,7.02,$5.37B,$2.71B,50.49%,$5.37B,$0.46B,8.58%,$5.37B,$0.46B,8.58%,$5.37B,$0.55B,10.16%,$5.37B,$0.38B,7.11%,$5.37B,$0.23B,4.34%,$0.23B,$0.23B,87.02%,$0.23B,$-1.26B,-18.94%,$0.23B,$2.96B,7.68%,$0.46B,$1.84B,24.59%,$1322,$645,$677,$0,$171,$1183,$139,$-20,$119,$48,$71,$71,$71,$161,$139,$144,150,$0.49,$0.47,$319,$0,$0,$1301,$118,$0,$1492,$53,$1663,$2963,$856,$1614,$264,$1878,$2734,$1,$98,$-7,$230,$2963,$71,$22,$5,$26,$19,$0,$0,$32,$-6,$92,$-3,$0,$0,$0,$0,$0,$0,$-3,$0,$0,$0,$-2,$-2,$-21,$-7,$-30,$59,$6,$-21
18,2014-03-31,19.27,$1.15,16.76,$36.94,0.52,$5.36,3.6,$1.54,12.51,$1.26B,$0.92B,1.37,$1.59B,$0.17B,9.24,$5.48B,$2.76B,50.41%,$5.48B,$0.46B,8.41%,$5.48B,$0.46B,8.41%,$5.48B,$0.54B,9.93%,$5.48B,$0.38B,6.95%,$5.48B,$0.23B,4.23%,$0.23B,$0.17B,82.20%,$0.23B,$-1.32B,-19.02%,$0.23B,$2.94B,7.52%,$0.46B,$1.76B,24.30%,$1400,$667,$732,$0,$222,$1311,$89,$-18,$71,$24,$47,$47,$47,$109,$89,$141,149,$0.31,$0.30,$260,$0,$0,$1256,$129,$0,$1495,$61,$1685,$2941,$917,$1585,$259,$1852,$2769,$1,$43,$-7,$172,$2941,$232,$84,$-43,$41,$110,$0,$0,$-15,$60,$333,$-21,$0,$4,$0,$0,$0,$4,$-14,$-62,$0,$-62,$16,$16,$-402,$38,$-410,$-90,$20,$-402
19,2013-12-31,15.82,$1.87,8.45,$38.20,0.41,$6.24,2.53,$1.61,9.82,$1.35B,$0.90B,1.5,$1.61B,$0.28B,5.76,$5.62B,$2.83B,50.25%,$5.62B,$0.49B,8.62%,$5.62B,$0.49B,8.62%,$5.62B,$0.57B,10.14%,$5.62B,$0.40B,7.17%,$5.62B,$0.24B,4.27%,$0.24B,$0.28B,81.08%,$0.24B,$-1.22B,-19.82%,$0.24B,$3.05B,7.63%,$0.49B,$1.88B,25.14%,$1273,$662,$611,$0,$176,$1176,$97,$-19,$78,$31,$47,$47,$47,$117,$97,$143,149,$0.32,$0.31,$403,$0,$0,$1348,$135,$0,$1499,$68,$1702,$3050,$900,$1605,$266,$1872,$2771,$1,$123,$-12,$279,$3050,$185,$64,$-22,$42,$141,$0,$0,$-34,$65,$292,$-12,$0,$4,$0,$0,$0,$3,$-5,$-39,$0,$-39,$14,$14,$-239,$31,$-234,$53,$14,$-239
20,2013-09-30,15.02,$2.63,5.72,$39.24,0.38,$6.97,2.16,$1.68,8.94,$1.46B,$0.88B,1.67,$1.63B,$0.39B,4.17,$5.74B,$2.92B,50.75%,$5.74B,$0.51B,8.79%,$5.74B,$0.51B,8.79%,$5.74B,$0.59B,10.27%,$5.74B,$0.42B,7.31%,$5.74B,$0.25B,4.33%,$0.25B,$0.39B,91.38%,$0.25B,$-1.12B,-20.10%,$0.25B,$3.19B,7.85%,$0.51B,$2.02B,26.25%,$1378,$685,$693,$0,$173,$1242,$136,$-22,$114,$46,$68,$68,$68,$159,$136,$141,149,$0.48,$0.45,$427,$0,$0,$1464,$144,$0,$1505,$72,$1721,$3185,$876,$1625,$293,$1918,$2794,$1,$235,$-12,$390,$3185,$138,$44,$-25,$19,$59,$0,$0,$-42,$-17,$140,$-7,$0,$0,$0,$0,$0,$4,$-3,$-23,$0,$-23,$11,$11,$-76,$29,$-60,$77,$9,$-76
21,2013-06-30,13.45,$1.97,6.83,$39.58,0.34,$8.67,1.55,$1.50,8.97,$1.43B,$0.91B,1.57,$1.64B,$0.29B,5.7,$5.75B,$2.91B,50.54%,$5.75B,$0.47B,8.19%,$5.75B,$0.47B,8.19%,$5.75B,$0.56B,9.77%,$5.75B,$0.38B,6.66%,$5.75B,$0.23B,3.95%,$0.23B,$0.29B,110.73%,$0.23B,$-1.22B,-17.71%,$0.23B,$3.17B,7.21%,$0.47B,$1.93B,25.16%,$1428,$701,$726,$0,$171,$1289,$139,$-21,$118,$48,$70,$70,$70,$159,$139,$138,147,$0.51,$0.48,$385,$0,$0,$1431,$154,$0,$1509,$73,$1737,$3168,$913,$1644,$323,$1967,$2880,$1,$181,$-13,$288,$3168,$70,$20,$5,$25,$34,$0,$0,$-12,$-22,$74,$-2,$0,$0,$0,$0,$0,$0,$-2,$-12,$0,$-12,$2,$2,$-28,$1,$-36,$35,$5,$-28
22,2013-03-31,10.34,$1.55,6.67,$39.93,0.26,$8.68,1.19,$1.45,7.13,$1.42B,$0.97B,1.48,$1.66B,$0.23B,7.32,$5.76B,$2.89B,50.14%,$5.76B,$0.45B,7.76%,$5.76B,$0.45B,7.76%,$5.76B,$0.54B,9.34%,$5.76B,$0.37B,6.39%,$5.76B,$0.22B,3.80%,$0.22B,$0.23B,56.44%,$0.22B,$-1.29B,-20.40%,$0.22B,$3.18B,6.99%,$0.45B,$1.89B,23.88%,$1545,$749,$796,$0,$246,$1432,$113,$-19,$93,$39,$55,$55,$55,$135,$113,$134,145,$0.40,$0.37,$350,$0,$0,$1424,$167,$0,$1514,$63,$1753,$3178,$965,$1660,$326,$1986,$2951,$1,$125,$-14,$227,$3178,$219,$91,$-49,$42,$125,$0,$0,$26,$204,$465,$-33,$0,$-157,$0,$0,$0,$0,$-190,$747,$0,$747,$20,$20,$-1172,$-3,$-408,$-134,$25,$-1172
23,2012-12-31,10.64,$1.27,8.4,$40.20,0.26,$7.71,1.38,$1.44,7.39,$1.40B,$0.98B,1.43,$1.68B,$0.19B,9.08,$5.75B,$2.87B,49.88%,$5.75B,$0.43B,7.49%,$5.75B,$0.43B,7.49%,$5.75B,$0.52B,9.05%,$5.75B,$0.36B,6.29%,$5.75B,$0.22B,3.74%,$0.22B,$0.19B,34.26%,$0.22B,$-1.33B,-26.58%,$0.22B,$3.15B,6.79%,$0.43B,$1.86B,22.37%,$1393,$693,$700,$0,$183,$1276,$117,$-22,$95,$39,$56,$56,$56,$137,$117,$135,145,$0.41,$0.38,$318,$0,$0,$1397,$170,$0,$1518,$66,$1754,$3151,$976,$1675,$315,$1990,$2966,$1,$82,$-8,$185,$3151,$164,$70,$-10,$59,$174,$0,$0,$52,$175,$399,$-21,$0,$-157,$0,$0,$0,$0,$-178,$758,$0,$758,$17,$17,$-1160,$-3,$-388,$-167,$20,$-1160
24,2012-09-30,10.52,$0.83,12.72,$40.77,0.26,$6.42,1.64,$1.50,7.01,$1.44B,$0.97B,1.49,$1.69B,$0.12B,14.15,$5.80B,$2.88B,49.67%,$5.80B,$0.41B,7.10%,$5.80B,$0.41B,7.10%,$5.80B,$0.50B,8.67%,$5.80B,$0.35B,6.08%,$5.80B,$0.22B,3.82%,$0.22B,$0.12B,25.61%,$0.22B,$-1.29B,-40.81%,$0.22B,$3.09B,6.98%,$0.41B,$1.81B,20.80%,$1388,$702,$686,$0,$212,$1286,$102,$-25,$77,$31,$46,$46,$46,$131,$102,$133,144,$0.29,$0.27,$489,$0,$0,$1443,$175,$0,$1405,$67,$1647,$3090,$969,$1691,$310,$2001,$2971,$1,$38,$-8,$120,$3090,$108,$49,$-1,$48,$238,$0,$0,$12,$233,$390,$-14,$0,$0,$0,$0,$0,$0,$-14,$770,$0,$770,$8,$8,$-1136,$-13,$-371,$5,$14,$-1136
25,2012-06-30,7.5,$7.11,1.06,$41.27,0.18,$4.76,1.57,$1.76,4.26,$1.47B,$0.88B,1.68,$0.91B,$1.02B,0.89,$5.85B,$2.91B,49.79%,$5.85B,$0.40B,6.91%,$5.85B,$0.40B,6.91%,$5.85B,$0.49B,8.31%,$5.85B,$0.36B,6.19%,$5.85B,$0.25B,4.29%,$0.25B,$1.02B,22.73%,$0.25B,$-0.39B,-81.76%,$0.25B,$3.11B,7.86%,$0.40B,$1.93B,19.88%,$1432,$727,$705,$0,$193,$1318,$115,$-12,$103,$41,$62,$62,$62,$135,$115,$132,143,$0.46,$0.43,$336,$0,$0,$1473,$179,$0,$1409,$48,$1636,$3109,$878,$909,$301,$1211,$2089,$1,$151,$-9,$1020,$3109,$62,$20,$7,$27,$7,$0,$0,$38,$-15,$74,$-4,$0,$0,$0,$0,$0,$0,$-4,$-11,$0,$-11,$3,$3,$-211,$0,$-218,$-148,$7,$-211
26,2012-03-31,7.58,$8.31,0.91,$41.57,0.18,$4.53,1.67,$1.70,4.46,$1.65B,$0.91B,1.81,$0.92B,$1.19B,0.78,$5.86B,$2.93B,49.91%,$5.86B,$0.39B,6.60%,$5.86B,$0.39B,6.60%,$5.86B,$0.47B,7.99%,$5.86B,$0.34B,5.87%,$5.86B,$0.24B,4.10%,$0.24B,$1.19B,21.96%,$0.24B,$-0.23B,-75.89%,$0.24B,$3.32B,7.57%,$0.39B,$2.11B,19.05%,$1541,$762,$779,$0,$247,$1443,$97,$-11,$87,$36,$51,$51,$51,$118,$97,$130,141,$0.37,$0.36,$484,$0,$13,$1654,$191,$0,$1412,$50,$1661,$3315,$914,$923,$292,$1215,$2130,$1,$299,$-9,$1185,$3315,$240,$81,$86,$167,$25,$0,$0,$7,$-47,$360,$-77,$0,$23,$0,$0,$0,$0,$-54,$-30,$0,$-30,$11,$11,$-12,$16,$-15,$292,$31,$-12
27,2011-12-31,7.64,$8.02,0.95,$42.35,0.18,$4.15,1.84,$1.47,5.2,$1.54B,$0.84B,1.84,$0.93B,$1.14B,0.82,$5.81B,$2.90B,49.83%,$5.81B,$0.37B,6.43%,$5.81B,$0.37B,6.43%,$5.81B,$0.48B,8.33%,$5.81B,$0.29B,4.97%,$5.81B,$0.21B,3.56%,$0.21B,$1.14B,20.22%,$0.21B,$-0.27B,-53.94%,$0.21B,$3.21B,6.68%,$0.37B,$2.08B,18.96%,$1443,$730,$713,$0,$224,$1345,$98,$-12,$86,$24,$63,$63,$63,$119,$98,$131,142,$0.48,$0.44,$405,$0,$0,$1538,$195,$0,$1416,$58,$1670,$3207,$837,$933,$294,$1228,$2065,$1,$261,$-5,$1142,$3207,$189,$60,$-1,$59,$38,$0,$0,$-13,$4,$252,$-66,$0,$23,$0,$0,$0,$0,$-42,$-23,$0,$-23,$9,$9,$0,$16,$3,$212,$24,$0
28,2011-09-30,6.59,$7.53,0.87,$42.76,0.15,$4.50,1.46,$1.21,5.44,$1.47B,$0.83B,1.77,$0.94B,$1.07B,0.88,$5.76B,$2.85B,49.57%,$5.76B,$0.35B,6.10%,$5.76B,$0.35B,6.10%,$5.76B,$0.48B,8.25%,$5.76B,$0.23B,3.91%,$5.76B,$0.17B,2.92%,$0.17B,$1.07B,17.51%,$0.17B,$-0.34B,-37.60%,$0.17B,$3.14B,5.43%,$0.35B,$2.01B,18.32%,$1429,$716,$713,$0,$220,$1335,$94,$-8,$86,$10,$75,$75,$75,$114,$94,$130,141,$0.58,$0.53,$356,$0,$0,$1471,$189,$0,$1409,$67,$1665,$3136,$832,$944,$290,$1234,$2065,$1,$198,$-5,$1071,$3136,$126,$39,$-7,$32,$71,$0,$0,$-29,$18,$177,$-44,$0,$23,$0,$0,$0,$0,$-20,$-15,$0,$-15,$6,$6,$0,$16,$7,$164,$18,$0
