,Date,Stock Price,Book Value per Share,Price to Book Ratio,TTM Sales per Share,Price to Sales Ratio,TTM FCF per Share,Price to FCF Ratio,TTM Net EPS,PE Ratio,Current Assets,Current Liabilities,Current Ratio,Long Term Debt,Shareholder's Equity_x,Debt to Equity Ratio,TTM Revenue_x,TTM Gross Profit,Gross Margin,TTM Revenue_y,TTM Operating Income,Operating Margin,TTM Revenue_x,TTM EBIT,EBIT Margin,TTM Revenue_y,TTM EBITDA,EBITDA Margin,TTM Revenue_x,TTM Pre-Tax Income,Pre-Tax Margin,TTM Revenue_y,TTM Net Income_x,Net Margin,TTM Net Income_y,Shareholder's Equity_y,Return on Equity,TTM Net Income_x,Tangible Equity,Return on Tangible Equity,TTM Net Income_y,Total Assets,Return on Assets,TTM Net Income,LT Investments & Debt,Return on Investment,revenue,cost-goods-sold,gross-profit,research-development-expenses,selling-general-administrative-expenses,operating-expenses,operating-income,total-non-operating-income-expense,pre-tax-income,total-provision-income-taxes,income-after-taxes,income-from-continuous-operations,net-income,ebitda,ebit,basic-shares-outstanding,shares-outstanding,eps-basic-net-earnings-per-share,eps-earnings-per-share-diluted,cash-on-hand,inventory,other-current-assets,total-current-assets,net-property-plant-equipment,long-term-investments,goodwill-intangible-assets-total,other-long-term-assets,total-long-term-assets,total-assets,total-current-liabilities,long-term-debt,other-non-current-liabilities,total-long-term-liabilities,total-liabilities,common-stock-net,retained-earnings-accumulated-deficit,comprehensive-income,total-share-holder-equity,total-liabilities-share-holders-equity,net-income-loss,total-depreciation-amortization-cash-flow,other-non-cash-items,total-non-cash-items,change-in-accounts-receivable,change-in-inventories,change-in-accounts-payable,change-in-assets-liabilities,total-change-in-assets-liabilities,cash-flow-from-operating-activities,net-change-in-property-plant-equipment,net-change-in-intangible-assets,net-acquisitions-divestitures,net-change-in-short-term-investments,net-change-in-long-term-investments,net-change-in-investments-total,investing-activities-other,cash-flow-from-investing-activities,net-long-term-debt,net-current-debt,debt-issuance-retirement-net-total,net-common-equity-issued-repurchased,net-total-equity-issued-repurchased,total-common-preferred-stock-dividends-paid,financial-activities-other,cash-flow-from-financial-activities,net-cash-flow,stock-based-compensation,common-stock-dividends-paid
0,2018-09-30,28.87,$4.09,7.07,$39.83,0.72,$8.42,3.43,$1.83,15.78,$5.58B,$6.17B,0.9,$6.73B,$1.63B,4.13,$15.85B,$3.63B,22.90%,$15.85B,$2.59B,16.32%,$15.85B,$2.59B,16.32%,$15.85B,$3.40B,21.45%,$15.85B,$1.31B,8.25%,$15.85B,$1.07B,6.76%,$1.07B,$1.63B,57.46%,$1.07B,$0.93B,99.88%,$1.07B,$15.44B,6.62%,$2.59B,$8.36B,29.40%,$4152,$3229,$923,$13,$218,$3444,$709,$-237,$472,$106,$366,$366,$341,$873,$709,$398,398,$0.86,$0.86,$1776,$2272,$0,$5575,$8318,$20,$698,$106,$9866,$15441,$6169,$6729,$840,$7643,$13812,$2043,$1375,$-1642,$1629,$15441,$910,$571,$1608,$2179,$-352,$-516,$494,$-78,$-499,$2094,$-438,$21,$0,$0,$1,$1,$-1,$-417,$-741,$-152,$-893,$0,$0,$-381,$0,$-1274,$283,$0,$-381
1,2018-06-30,26.0,$3.39,7.67,$38.70,0.67,$3.41,7.63,$3.33,7.81,$5.57B,$6.42B,0.87,$7.43B,$1.35B,5.51,$15.40B,$3.61B,23.43%,$15.40B,$2.60B,16.88%,$15.40B,$2.60B,16.88%,$15.40B,$3.47B,22.52%,$15.40B,$1.35B,8.73%,$15.40B,$1.07B,6.95%,$1.07B,$1.35B,56.20%,$1.07B,$0.59B,100.02%,$1.07B,$16.19B,6.46%,$2.60B,$8.78B,35.66%,$3837,$2923,$914,$13,$189,$3159,$678,$-596,$82,$-55,$137,$137,$152,$857,$678,$398,398,$0.38,$0.38,$2010,$2258,$2,$5565,$8801,$23,$762,$118,$10620,$16185,$6423,$7433,$847,$8413,$14835,$2238,$1130,$-1819,$1349,$16185,$479,$407,$1073,$1479,$-46,$-338,$354,$-79,$55,$1705,$-318,$0,$0,$0,$23,$23,$-1,$-296,$-427,$-103,$-530,$0,$0,$-417,$0,$-948,$383,$0,$-417
2,2018-03-31,27.74,$5.67,4.89,$39.08,0.71,$0.16,175.45,$4.40,6.3,$5.27B,$5.58B,0.94,$7.22B,$2.26B,3.19,$15.58B,$3.87B,24.83%,$15.58B,$2.85B,18.28%,$15.58B,$2.85B,18.28%,$15.58B,$3.76B,24.15%,$15.58B,$2.07B,13.26%,$15.58B,$1.49B,9.59%,$1.49B,$2.26B,77.47%,$1.49B,$1.43B,140.52%,$1.49B,$16.28B,8.96%,$2.85B,$9.48B,51.00%,$4017,$3184,$833,$12,$209,$3427,$590,$-150,$440,$85,$355,$355,$325,$818,$590,$398,398,$0.82,$0.82,$1808,$2059,$3,$5265,$9359,$35,$836,$137,$11016,$16281,$5583,$7218,$907,$8436,$14019,$2480,$1543,$-1617,$2262,$16281,$440,$228,$156,$384,$-40,$57,$109,$-162,$-73,$555,$-124,$0,$0,$0,$1,$1,$-1,$-124,$-481,$-54,$-535,$0,$0,$-0,$0,$-535,$-112,$0,$-0
3,2017-09-30,24.87,$5.56,4.48,$44.00,0.57,$1.50,16.61,$3.59,6.93,$5.66B,$6.57B,0.86,$6.37B,$2.22B,2.88,$14.95B,$3.92B,26.23%,$14.95B,$1.94B,12.98%,$14.95B,$1.94B,12.98%,$14.95B,$2.79B,18.65%,$14.95B,$0.83B,5.57%,$14.95B,$0.48B,3.22%,$0.48B,$2.22B,32.39%,$0.48B,$1.35B,76.56%,$0.48B,$16.82B,2.95%,$1.94B,$8.59B,39.28%,$3847,$2887,$960,$12,$238,$3236,$611,$-297,$314,$72,$242,$242,$253,$853,$611,$398,398,$0.64,$0.64,$2450,$1818,$0,$5658,$9427,$32,$869,$96,$11165,$16823,$6572,$6372,$1214,$8035,$14608,$2544,$1440,$-1597,$2215,$16823,$1628,$686,$13,$699,$-344,$-156,$-464,$-335,$-1283,$358,$-479,$0,$0,$0,$142,$142,$-4,$-340,$-265,$-165,$-431,$0,$0,$-0,$0,$-431,$-395,$0,$-0
4,2017-06-30,19.27,$4.50,4.29,$43.77,0.44,$3.37,5.72,$4.55,4.24,$5.76B,$7.06B,0.82,$0.52B,$1.79B,0.29,$14.85B,$3.96B,26.65%,$14.85B,$2.04B,13.73%,$14.85B,$2.04B,13.73%,$14.85B,$2.89B,19.48%,$14.85B,$0.88B,5.90%,$14.85B,$0.48B,3.23%,$0.48B,$1.79B,37.79%,$0.48B,$0.92B,116.15%,$0.48B,$17.01B,2.96%,$2.04B,$2.31B,41.91%,$3700,$2799,$901,$12,$209,$2979,$721,$-211,$509,$153,$356,$356,$340,$941,$721,$398,398,$0.85,$0.85,$2615,$1842,$103,$5760,$9491,$30,$868,$147,$11251,$17010,$7055,$523,$7269,$8165,$15221,$2507,$1168,$-1722,$1789,$17010,$1296,$444,$128,$572,$-270,$-207,$-420,$-501,$-1467,$-106,$-235,$0,$0,$0,$140,$140,$-3,$-98,$-8,$0,$-8,$0,$0,$0,$-81,$-89,$-309,$0,$0
5,2017-03-31,18.93,$3.63,5.22,$43.00,0.44,$4.02,4.71,$3.35,5.65,$5.30B,$6.83B,0.78,$0.51B,$1.44B,0.35,$14.55B,$3.99B,27.40%,$14.55B,$2.00B,13.72%,$14.55B,$2.00B,13.72%,$14.55B,$2.84B,19.51%,$14.55B,$0.51B,3.48%,$14.55B,$0.26B,1.77%,$0.26B,$1.44B,22.03%,$0.26B,$0.56B,78.54%,$0.26B,$16.57B,1.64%,$2.00B,$1.95B,31.93%,$4011,$2837,$1174,$11,$209,$3085,$925,$-123,$803,$196,$607,$607,$575,$1149,$925,$400,400,$1.44,$1.44,$2430,$1765,$5,$5302,$9424,$33,$885,$101,$11271,$16572,$6825,$508,$7454,$8303,$15129,$2560,$843,$-1767,$1443,$16572,$803,$223,$-27,$196,$-191,$-101,$-408,$55,$-655,$181,$-87,$-0,$0,$0,$0,$0,$-1,$-88,$-72,$0,$-72,$0,$0,$0,$-63,$-135,$-27,$0,$0
6,2016-12-31,19.73,$1.24,15.94,$40.83,0.48,$3.78,5.21,$2.40,8.22,$4.66B,$6.61B,0.71,$6.41B,$0.49B,12.99,$13.67B,$3.65B,26.69%,$13.67B,$1.71B,12.49%,$13.67B,$1.71B,12.49%,$13.67B,$2.48B,18.11%,$13.67B,$-0.04B,-0.30%,$13.67B,$-0.12B,-0.86%,$-0.12B,$0.49B,-11.30%,$-0.12B,$-0.31B,-48.96%,$-0.12B,$14.86B,-0.78%,$1.71B,$6.90B,22.50%,$3390,$2504,$886,$13,$211,$3707,$-317,$-477,$-794,$-53,$-741,$-741,$-687,$-155,$-317,$226,226,$-1.95,$-1.95,$2265,$1502,$4,$4661,$8411,$26,$805,$90,$10197,$14857,$6605,$6410,$1156,$7759,$14364,$2306,$239,$-1812,$493,$14857,$-28,$769,$1689,$2458,$390,$247,$-1220,$54,$-297,$1361,$-814,$-10,$0,$0,$11,$11,$-1,$-814,$-1405,$0,$-1405,$0,$0,$-573,$1188,$-791,$-76,$0,$-573
7,2016-09-30,13.6,$3.40,4.0,$34.17,0.4,$4.48,3.03,$2.55,5.34,$5.21B,$4.13B,1.26,$6.95B,$1.36B,5.13,$13.60B,$3.55B,26.13%,$13.60B,$2.44B,17.97%,$13.60B,$2.44B,17.97%,$13.60B,$3.25B,23.87%,$13.60B,$0.87B,6.39%,$13.60B,$0.63B,4.66%,$0.63B,$1.36B,61.97%,$0.63B,$0.49B,315.82%,$0.63B,$16.38B,3.94%,$2.44B,$8.31B,30.48%,$3752,$2755,$997,$11,$237,$3041,$711,$-353,$358,$106,$252,$252,$252,$959,$711,$398,398,$0.63,$0.63,$2669,$1504,$67,$5206,$9207,$30,$869,$293,$11176,$16382,$4133,$6950,$3696,$10894,$15027,$2481,$1065,$-1951,$1356,$16382,$813,$607,$636,$1243,$148,$217,$-925,$-3,$-216,$1241,$-618,$-6,$0,$0,$12,$12,$-1,$-614,$-288,$0,$-288,$0,$0,$-308,$41,$-555,$235,$0,$-308
8,2016-06-30,10.48,$3.49,3.0,$41.35,0.25,$6.52,1.61,$2.08,5.04,$4.41B,$3.57B,1.23,$6.46B,$1.39B,4.64,$13.60B,$3.47B,25.51%,$13.60B,$2.44B,17.91%,$13.60B,$2.44B,17.91%,$13.60B,$3.11B,22.86%,$13.60B,$1.16B,8.56%,$13.60B,$0.83B,6.10%,$0.83B,$1.39B,103.62%,$0.83B,$0.58B,-14434.78%,$0.83B,$15.02B,5.11%,$2.44B,$7.85B,30.49%,$3395,$2465,$929,$11,$208,$2718,$677,$-538,$139,$59,$80,$80,$118,$886,$677,$398,398,$0.30,$0.30,$2053,$1437,$3,$4411,$8674,$24,$810,$188,$10611,$15021,$3573,$6458,$3371,$10056,$13629,$2297,$1096,$-1804,$1392,$15021,$424,$359,$279,$638,$176,$146,$-672,$-127,$-338,$337,$-420,$-5,$0,$0,$11,$11,$0,$-413,$21,$0,$21,$0,$0,$-285,$-21,$-286,$-200,$0,$-285
9,2016-03-31,10.8,$2.35,4.6,$42.31,0.26,$7.48,1.44,$2.68,4.03,$4.22B,$3.72B,1.14,$6.35B,$0.94B,6.78,$13.98B,$3.44B,24.61%,$13.98B,$2.45B,17.52%,$13.98B,$2.45B,17.52%,$13.98B,$3.06B,21.89%,$13.98B,$1.52B,10.84%,$13.98B,$1.07B,7.65%,$1.07B,$0.94B,128.95%,$1.07B,$0.21B,-25152.94%,$1.07B,$14.61B,6.38%,$2.45B,$7.28B,29.95%,$3128,$2294,$835,$11,$172,$2493,$636,$-379,$256,$64,$192,$192,$199,$785,$636,$398,398,$0.50,$0.50,$1937,$1322,$3,$4220,$8439,$30,$728,$169,$10391,$14612,$3719,$6347,$3392,$9957,$13676,$2067,$942,$-1942,$936,$14612,$256,$150,$104,$254,$109,$106,$-481,$4,$-225,$194,$-193,$-1,$0,$0,$0,$0,$0,$-194,$-42,$0,$-42,$0,$0,$-0,$3,$-40,$22,$0,$-0
10,2015-12-31,11.33,$1.02,11.06,$43.45,0.26,$8.74,1.3,$2.39,4.74,$5.34B,$5.09B,1.05,$8.22B,$0.41B,20.12,$14.44B,$3.17B,21.96%,$14.44B,$2.15B,14.91%,$14.44B,$2.15B,14.91%,$14.44B,$2.80B,19.39%,$14.44B,$1.39B,9.64%,$14.44B,$0.96B,6.64%,$0.96B,$0.41B,106.15%,$0.96B,$-0.47B,76640.00%,$0.96B,$18.31B,5.36%,$2.15B,$8.62B,24.98%,$3323,$2532,$792,$15,$192,$2904,$419,$-304,$116,$68,$47,$47,$65,$616,$419,$398,398,$-0.70,$-0.70,$2288,$1684,$4,$5342,$10369,$40,$882,$152,$12964,$18306,$5093,$8215,$4319,$12805,$17898,$2456,$880,$-2774,$408,$18306,$1392,$646,$1031,$1677,$-52,$-49,$-673,$51,$-186,$2481,$-1238,$-6,$0,$0,$1,$1,$0,$-1244,$-185,$0,$-185,$-0,$-0,$-147,$303,$-30,$1052,$0,$-147
11,2015-09-30,7.05,$1.18,6.0,$68.18,0.1,$1.34,5.25,$2.17,3.25,$4.80B,$4.45B,1.08,$7.73B,$0.47B,16.49,$16.08B,$3.36B,20.90%,$16.08B,$2.43B,15.14%,$16.08B,$2.43B,15.14%,$16.08B,$3.09B,19.19%,$16.08B,$1.32B,8.20%,$16.08B,$0.88B,5.49%,$0.88B,$0.47B,61.75%,$0.88B,$-0.34B,197.87%,$0.88B,$17.04B,4.76%,$2.43B,$8.19B,26.46%,$3752,$2839,$913,$11,$176,$3049,$703,$-50,$653,$231,$422,$422,$448,$821,$703,$226,226,$1.99,$1.99,$1842,$1480,$3,$4798,$9743,$66,$808,$149,$12240,$17038,$4454,$7726,$4126,$12115,$16569,$2292,$971,$-2652,$468,$17038,$1190,$449,$968,$1417,$-193,$28,$-768,$-6,$-577,$1649,$-837,$-4,$0,$0,$-0,$-0,$0,$-840,$-128,$0,$-128,$-0,$-0,$-137,$284,$18,$671,$0,$-137
12,2015-06-30,7.25,$4.38,1.66,$67.46,0.11,$-4.54,0.0,$1.31,5.53,$4.74B,$4.60B,1.03,$7.11B,$1.50B,4.72,$17.70B,$3.38B,19.10%,$17.70B,$2.36B,13.31%,$17.70B,$2.36B,13.31%,$17.70B,$3.11B,17.60%,$17.70B,$0.81B,4.60%,$17.70B,$0.53B,2.98%,$0.53B,$1.50B,24.59%,$0.53B,$0.59B,50.33%,$0.53B,$17.11B,2.67%,$2.36B,$8.61B,21.99%,$3778,$2877,$901,$14,$183,$3087,$691,$-201,$490,$146,$344,$344,$357,$839,$691,$398,398,$0.90,$0.90,$1611,$1706,$4,$4739,$10088,$66,$916,$186,$12366,$17106,$4598,$7105,$3647,$11003,$15601,$2621,$596,$-1665,$1504,$17106,$614,$330,$532,$862,$-28,$28,$-409,$-12,$-295,$898,$-595,$-3,$0,$0,$-0,$-0,$0,$-599,$-127,$0,$-127,$-0,$-0,$-157,$287,$2,$270,$0,$-157
13,2015-03-31,5.51,$3.58,1.54,$70.24,0.08,$-7.41,0.0,$0.55,10.03,$5.39B,$5.74B,0.94,$7.82B,$1.23B,6.36,$18.67B,$2.92B,15.65%,$18.67B,$1.84B,9.83%,$18.67B,$1.84B,9.83%,$18.67B,$2.68B,14.36%,$18.67B,$0.40B,2.12%,$18.67B,$0.22B,1.20%,$0.22B,$1.23B,8.28%,$0.22B,$0.23B,14.75%,$0.22B,$19.00B,1.08%,$1.84B,$9.05B,18.15%,$3583,$3019,$564,$14,$196,$3242,$340,$-207,$133,$62,$72,$72,$88,$523,$340,$398,398,$0.22,$0.22,$1821,$1649,$89,$5390,$10953,$73,$999,$183,$13605,$18996,$5742,$7819,$3930,$12024,$17766,$2826,$350,$-1917,$1230,$18996,$133,$182,$411,$593,$-306,$203,$158,$-2,$186,$786,$-287,$-0,$0,$0,$0,$0,$0,$-287,$-173,$0,$-173,$-0,$-0,$-0,$95,$-78,$379,$0,$-0
14,2014-12-31,10.26,$0.00,0.0,$77.13,0.13,$-9.70,0.0,$0.80,12.82,$6.31B,$6.02B,1.05,$8.42B,$2.52B,3.34,$21.26B,$4.15B,19.51%,$21.26B,$3.12B,14.68%,$21.26B,$3.12B,14.68%,$21.26B,$4.00B,18.81%,$21.26B,$0.50B,2.37%,$21.26B,$0.32B,1.48%,$0.32B,$2.52B,9.58%,$0.32B,$1.31B,15.41%,$0.32B,$21.11B,1.51%,$3.12B,$10.94B,28.33%,$4962,$3981,$981,$59,$221,$4261,$700,$-284,$42,$57,$-15,$-10,$-10,$902,$700,$150,150,$-0.07,$-0.07,$1744,$2293,$85,$6306,$18439,$102,$1211,$733,$20856,$21113,$6016,$8420,$3901,$12579,$18595,$3436,$314,$0,$2518,$21113,$503,$878,$0,$878,$0,$0,$0,$0,$-74,$1620,$-2260,$0,$0,$0,$0,$147,$-13,$-2126,$0,$0,$-221,$0,$0,$-206,$809,$382,$-146,$0,$0
15,2014-09-30,10.46,$0.00,0.0,$63.03,0.17,$-11.39,0.0,$0.89,11.76,$6.66B,$5.66B,1.18,$10.92B,$3.32B,3.29,$21.04B,$3.44B,16.37%,$21.04B,$2.34B,11.12%,$21.04B,$2.34B,11.12%,$21.04B,$3.31B,15.74%,$21.04B,$0.56B,2.64%,$21.04B,$0.33B,1.57%,$0.33B,$3.32B,9.32%,$0.33B,$2.06B,14.56%,$0.33B,$21.64B,1.56%,$2.34B,$14.24B,20.90%,$5373,$4440,$934,$0,$310,$4750,$624,$-279,$149,$48,$102,$92,$92,$850,$624,$338,338,$0.27,$0.27,$1689,$2258,$1140,$6659,$0,$68,$1256,$812,$2686,$21643,$5655,$10923,$1368,$12670,$18324,$3553,$364,$0,$3319,$21643,$470,$677,$0,$677,$0,$0,$0,$0,$1198,$827,$-1600,$0,$0,$0,$0,$0,$136,$-1464,$0,$0,$595,$0,$0,$-213,$0,$382,$-271,$0,$0
16,2014-06-30,10.21,$0.00,0.0,$58.79,0.17,$-11.77,0.0,$1.05,9.72,$6.37B,$5.66B,1.13,$2.45B,$3.76B,0.65,$20.35B,$3.25B,15.95%,$20.35B,$2.20B,10.79%,$20.35B,$2.20B,10.79%,$20.35B,$3.13B,15.40%,$20.35B,$0.66B,3.23%,$20.35B,$0.41B,2.02%,$0.41B,$3.76B,11.36%,$0.41B,$2.48B,17.61%,$0.41B,$20.89B,1.98%,$2.20B,$6.20B,21.42%,$4756,$4313,$443,$0,$272,$4585,$171,$-221,$71,$15,$56,$54,$54,$407,$171,$388,388,$0.14,$0.14,$1485,$2300,$1331,$6374,$0,$66,$1281,$860,$2524,$20889,$5660,$2447,$8647,$11472,$17132,$3614,$246,$0,$3757,$20889,$326,$451,$0,$451,$0,$0,$0,$0,$-294,$372,$-1189,$0,$0,$0,$0,$0,$140,$-1050,$0,$0,$353,$0,$0,$0,$-217,$136,$-532,$0,$0
17,2014-03-31,11.96,$0.00,0.0,$56.32,0.21,$-9.80,0.0,$0.78,15.33,$6.30B,$5.49B,1.15,$9.11B,$3.55B,2.56,$19.78B,$2.87B,14.51%,$19.78B,$1.84B,9.30%,$19.78B,$1.84B,9.30%,$19.78B,$2.77B,14.01%,$19.78B,$0.52B,2.65%,$19.78B,$0.30B,1.52%,$0.30B,$3.55B,8.28%,$0.30B,$2.33B,12.99%,$0.30B,$19.75B,1.44%,$1.84B,$12.66B,15.83%,$6169,$4379,$1790,$0,$165,$4544,$1625,$-237,$241,$73,$168,$179,$179,$1840,$1625,$388,388,$0.46,$0.46,$1417,$2354,$1014,$6303,$0,$106,$1223,$821,$2492,$19753,$5493,$9110,$1237,$10706,$16199,$3411,$175,$0,$3554,$19753,$241,$215,$0,$215,$0,$0,$0,$0,$-425,$87,$-491,$0,$0,$0,$0,$3,$-4,$-491,$0,$0,$-78,$0,$0,$0,$0,$-78,$-476,$0,$0
18,2013-12-31,13.66,$0.00,0.0,$51.02,0.27,$-10.07,0.0,$0.58,23.56,$6.99B,$6.34B,1.1,$8.09B,$3.58B,2.26,$18.23B,$1.54B,8.43%,$18.23B,$0.42B,2.29%,$18.23B,$0.42B,2.29%,$18.23B,$1.38B,7.55%,$18.23B,$0.45B,2.46%,$18.23B,$0.24B,1.29%,$0.24B,$3.58B,6.09%,$0.24B,$2.22B,9.48%,$0.24B,$22.53B,1.11%,$0.42B,$11.67B,3.63%,$4746,$4469,$277,$0,$357,$4826,$-80,$-202,$94,$82,$12,$6,$6,$216,$-80,$250,250,$0.02,$0.02,$2062,$2346,$1060,$6990,$0,$67,$1358,$1038,$3699,$22534,$6337,$8089,$3413,$12617,$18954,$3749,$191,$0,$3580,$22534,$449,$958,$0,$958,$0,$0,$0,$0,$1695,$1146,$-2635,$0,$322,$0,$0,$12,$-8,$-2309,$0,$0,$1668,$0,$0,$0,$17,$1684,$488,$0,$0
19,2013-09-30,12.21,$0.00,0.0,$46.14,0.26,$-4.25,0.0,$0.91,13.42,$6.25B,$6.11B,1.02,$6.86B,$3.58B,1.92,$19.03B,$2.96B,15.57%,$19.03B,$2.11B,11.10%,$19.03B,$2.11B,11.10%,$19.03B,$3.05B,16.05%,$19.03B,$0.25B,1.34%,$19.03B,$0.37B,1.93%,$0.37B,$3.58B,9.02%,$0.37B,$2.31B,13.83%,$0.37B,$20.05B,1.76%,$2.11B,$10.45B,17.98%,$4681,$3945,$736,$0,$258,$4202,$479,$-234,$251,$78,$173,$172,$172,$671,$479,$402,402,$0.43,$0.43,$1716,$2145,$487,$6249,$0,$67,$1275,$946,$3373,$20054,$6105,$6864,$2516,$10368,$16473,$3523,$222,$0,$3581,$20054,$340,$662,$0,$662,$0,$0,$0,$0,$1384,$645,$-1717,$0,$0,$0,$0,$0,$169,$-1548,$0,$1120,$0,$0,$0,$0,$14,$1134,$248,$0,$0
20,2013-06-30,11.39,$0.00,0.0,$49.61,0.23,$-1.35,0.0,$0.31,36.74,$6.38B,$7.24B,0.88,$7.85B,$3.83B,2.05,$19.86B,$3.54B,17.84%,$19.86B,$2.67B,13.43%,$19.86B,$2.67B,13.43%,$19.86B,$3.65B,18.39%,$19.86B,$-0.09B,-0.43%,$19.86B,$0.14B,0.68%,$0.14B,$3.83B,3.18%,$0.14B,$2.41B,4.87%,$0.14B,$21.19B,0.64%,$2.67B,$11.68B,21.97%,$4181,$4114,$67,$0,$253,$4367,$-185,$-323,$-62,$0,$-62,$-56,$-56,$43,$-185,$427,427,$-0.13,$-0.13,$1670,$2124,$1466,$6380,$0,$84,$1423,$1037,$3824,$21192,$7238,$7847,$1181,$10121,$17359,$3906,$52,$0,$3832,$21192,$99,$470,$0,$470,$0,$0,$0,$0,$297,$871,$-931,$0,$0,$0,$0,$10,$-4,$-925,$0,$0,$99,$0,$0,$0,$16,$115,$54,$0,$0
21,2013-03-31,10.36,$0.00,0.0,$53.18,0.19,$-1.27,0.0,$-0.83,0.0,$6.57B,$6.74B,0.98,$7.88B,$4.45B,1.77,$21.03B,$4.59B,21.81%,$21.03B,$3.73B,17.72%,$21.03B,$3.73B,17.72%,$21.03B,$4.71B,22.38%,$21.03B,$-0.90B,-4.27%,$21.03B,$-0.32B,-1.52%,$-0.32B,$4.45B,-7.28%,$-0.32B,$2.98B,-11.03%,$-0.32B,$21.18B,-1.54%,$3.73B,$12.33B,30.32%,$4626,$4168,$458,$0,$255,$4423,$204,$-71,$166,$52,$114,$113,$113,$446,$204,$437,437,$0.26,$0.26,$1616,$2322,$1405,$6570,$0,$74,$1467,$1088,$3660,$21184,$6740,$7881,$1016,$9997,$16738,$4031,$-175,$0,$4447,$21185,$166,$242,$0,$242,$0,$0,$0,$0,$-340,$-20,$-551,$0,$0,$0,$0,$0,$89,$-463,$0,$0,$338,$0,$0,$0,$-2,$336,$-143,$0,$0
22,2012-12-31,10.22,$0.00,0.0,$53.10,0.19,$0.89,11.47,$-0.90,0.0,$6.53B,$6.52B,1.0,$8.07B,$4.46B,1.81,$20.61B,$4.03B,19.56%,$20.61B,$3.14B,15.21%,$20.61B,$3.14B,15.21%,$20.61B,$4.13B,20.02%,$20.61B,$-0.94B,-4.58%,$20.61B,$-0.36B,-1.72%,$-0.36B,$4.46B,-7.53%,$-0.36B,$2.95B,-11.23%,$-0.36B,$21.19B,-1.68%,$3.14B,$12.53B,24.98%,$5537,$3835,$1702,$0,$88,$3923,$1614,$-441,$-101,$-70,$-31,$-78,$139,$1894,$1614,$393,393,$0.35,$0.35,$1781,$2112,$1443,$6534,$0,$82,$1514,$1101,$3755,$21191,$6516,$8070,$1044,$10215,$16731,$4141,$-291,$0,$4460,$21191,$-711,$990,$0,$990,$0,$0,$0,$0,$160,$1324,$-1378,$0,$0,$0,$0,$-73,$-8,$-1459,$0,$0,$604,$0,$-19,$-248,$-10,$326,$172,$0,$0
23,2012-09-30,10.8,$0.00,0.0,$53.08,0.2,$1.85,5.84,$-1.53,0.0,$6.04B,$6.17B,0.98,$7.78B,$4.23B,1.84,$20.73B,$3.48B,16.78%,$20.73B,$2.43B,11.71%,$20.73B,$2.43B,11.71%,$20.73B,$3.38B,16.32%,$20.73B,$-1.03B,-4.99%,$20.73B,$-0.60B,-2.91%,$-0.60B,$4.23B,-11.86%,$-0.60B,$2.76B,-17.42%,$-0.60B,$20.21B,-2.82%,$2.43B,$12.00B,18.70%,$5513,$4199,$1315,$0,$281,$4480,$1033,$-281,$-89,$-28,$-61,$-61,$-61,$1268,$1033,$365,365,$-0.17,$-0.17,$1883,$1931,$746,$6038,$0,$169,$1469,$1075,$3722,$20207,$6166,$7775,$1007,$9813,$15980,$3974,$-421,$0,$4228,$20207,$-828,$710,$0,$710,$0,$0,$0,$0,$384,$998,$-912,$0,$0,$0,$0,$-3,$-4,$-919,$0,$0,$252,$0,$-18,$0,$8,$243,$305,$0,$0
24,2012-06-30,10.19,$0.00,0.0,$52.85,0.19,$3.20,3.19,$-2.86,0.0,$6.08B,$6.26B,0.97,$7.85B,$4.46B,1.76,$21.12B,$3.27B,15.50%,$21.12B,$2.20B,10.40%,$21.12B,$2.20B,10.40%,$21.12B,$3.19B,15.10%,$21.12B,$-1.96B,-9.29%,$21.12B,$-1.14B,-5.38%,$-1.14B,$4.46B,-20.33%,$-1.14B,$2.92B,-29.43%,$-1.14B,$20.73B,-5.15%,$2.20B,$12.30B,16.26%,$5354,$4242,$1112,$0,$237,$4479,$875,$-1077,$-873,$-344,$-529,$-511,$-511,$1099,$875,$400,400,$-1.27,$-1.27,$1777,$2324,$908,$6078,$0,$117,$1538,$1195,$3843,$20734,$6261,$7845,$1116,$10015,$16276,$4122,$-372,$0,$4458,$20734,$-766,$476,$0,$476,$0,$0,$0,$0,$366,$692,$-717,$0,$0,$0,$0,$-3,$-3,$-722,$0,$0,$211,$0,$0,$0,$9,$220,$177,$0,$0
25,2012-03-31,11.66,$0.00,0.0,$52.66,0.22,$3.79,3.08,$-0.93,0.0,$6.67B,$6.38B,1.05,$7.66B,$5.71B,1.34,$20.99B,$2.91B,13.87%,$20.99B,$1.76B,8.40%,$20.99B,$1.76B,8.40%,$20.99B,$2.80B,13.33%,$20.99B,$-0.68B,-3.22%,$20.99B,$-0.36B,-1.73%,$-0.36B,$5.71B,-5.86%,$-0.36B,$4.02B,-8.29%,$-0.36B,$22.44B,-1.62%,$1.76B,$13.37B,12.73%,$4207,$4306,$-98,$0,$288,$4594,$-387,$49,$120,$33,$86,$78,$78,$-135,$-387,$400,400,$0.19,$0.19,$2035,$2222,$1041,$6671,$0,$46,$1691,$1309,$3875,$22444,$6378,$7656,$1495,$10351,$16729,$4557,$91,$0,$5714,$22444,$120,$252,$0,$252,$0,$0,$0,$0,$491,$814,$-472,$0,$0,$0,$0,$0,$-1,$-473,$0,$0,$-172,$0,$0,$0,$12,$-160,$179,$0,$0
26,2011-12-31,10.32,$0.00,0.0,$53.77,0.19,$2.70,3.83,$-0.64,0.0,$6.11B,$5.44B,1.12,$8.27B,$5.98B,1.38,$21.44B,$3.83B,17.85%,$21.44B,$2.67B,12.45%,$21.44B,$2.67B,12.45%,$21.44B,$3.70B,17.27%,$21.44B,$-0.53B,-2.45%,$21.44B,$-0.25B,-1.17%,$-0.25B,$5.98B,-3.91%,$-0.25B,$4.17B,-5.51%,$-0.25B,$22.44B,-1.14%,$2.67B,$14.25B,19.40%,$5655,$4505,$1150,$-27,$271,$4749,$906,$-326,$-192,$-81,$-112,$-110,$-110,$1150,$906,$402,402,$-0.28,$-0.28,$1896,$2177,$929,$6110,$0,$46,$1812,$1336,$3937,$22439,$5444,$8273,$1580,$11017,$16461,$4831,$355,$0,$5978,$22439,$-526,$1034,$0,$1034,$0,$0,$0,$0,$313,$1668,$-1338,$0,$0,$0,$0,$-380,$-2,$-1721,$0,$0,$4279,$0,$-1,$-399,$-3581,$297,$174,$0,$0
27,2011-09-30,11.43,$0.00,0.0,$50.17,0.23,$3.31,3.46,$0.17,67.25,$6.78B,$5.92B,1.15,$7.92B,$6.22B,1.27,$20.09B,$3.34B,16.61%,$20.09B,$2.07B,10.30%,$20.09B,$2.07B,10.30%,$20.09B,$3.13B,15.60%,$20.09B,$0.30B,1.51%,$20.09B,$0.08B,0.38%,$0.08B,$6.22B,1.21%,$0.08B,$4.34B,1.69%,$0.08B,$22.78B,0.36%,$2.07B,$14.13B,15.63%,$5900,$4791,$1109,$0,$305,$5096,$803,$-1279,$-1016,$-371,$-645,$-594,$-594,$1074,$803,$396,396,$-1.50,$-1.50,$2123,$2127,$960,$6780,$0,$42,$1872,$1129,$3729,$22778,$5922,$7916,$1613,$10640,$16562,$4963,$482,$0,$6216,$22778,$-329,$790,$0,$790,$0,$0,$0,$0,$318,$1535,$-908,$0,$0,$0,$0,$0,$-7,$-916,$0,$0,$3170,$0,$-1,$-410,$-2971,$-212,$343,$0,$0
28,2011-06-30,21.28,$0.00,0.0,$48.91,0.44,$3.43,6.2,$2.48,8.58,$6.05B,$5.29B,1.14,$6.68B,$6.92B,0.97,$19.66B,$4.17B,21.23%,$19.66B,$2.93B,14.89%,$19.66B,$2.93B,14.89%,$19.66B,$3.96B,20.13%,$19.66B,$1.80B,9.13%,$19.66B,$1.00B,5.07%,$1.00B,$6.92B,16.22%,$1.00B,$5.03B,23.44%,$1.00B,$21.97B,4.91%,$2.93B,$13.60B,23.04%,$5224,$4475,$749,$15,$294,$4784,$440,$-49,$413,$150,$263,$262,$262,$708,$440,$396,396,$0.66,$0.66,$1643,$2315,$907,$6052,$0,$40,$1892,$1044,$3667,$21973,$5292,$6681,$1592,$9759,$15051,$0,$1675,$0,$6921,$21973,$698,$519,$0,$519,$0,$0,$0,$0,$-204,$726,$-515,$0,$0,$0,$0,$-7,$-2,$-524,$0,$-1482,$1495,$0,$-1,$-417,$-3,$-408,$-206,$0,$0
29,2011-03-31,18.94,$0.00,0.0,$44.42,0.43,$3.87,4.9,$1.88,10.07,$5.66B,$5.01B,1.13,$6.56B,$6.46B,1.02,$18.09B,$4.08B,22.53%,$18.09B,$2.88B,15.93%,$18.09B,$2.88B,15.93%,$18.09B,$3.91B,21.63%,$18.09B,$1.44B,7.94%,$18.09B,$0.76B,4.20%,$0.76B,$6.46B,13.52%,$0.76B,$4.63B,20.51%,$0.76B,$20.83B,3.91%,$2.88B,$13.01B,23.36%,$4658,$3841,$818,$12,$287,$4139,$519,$-31,$270,$87,$183,$192,$192,$770,$519,$401,401,$0.48,$0.48,$1724,$1967,$839,$5659,$0,$118,$1832,$953,$3577,$20831,$5011,$6555,$1445,$9363,$14374,$0,$1502,$0,$6457,$20831,$270,$252,$0,$252,$0,$0,$0,$0,$-360,$92,$-188,$0,$0,$0,$0,$-5,$-0,$-193,$0,$-452,$412,$0,$-1,$-0,$0,$-41,$-141,$0,$0
30,2010-12-31,17.65,$0.00,0.0,$42.23,0.42,$5.24,3.37,$1.14,15.48,$5.01B,$4.83B,1.04,$6.28B,$5.94B,1.06,$15.93B,$3.70B,23.24%,$15.93B,$2.64B,16.56%,$15.93B,$2.64B,16.56%,$15.93B,$3.56B,22.32%,$15.93B,$1.08B,6.77%,$15.93B,$0.50B,3.13%,$0.50B,$5.94B,10.73%,$0.50B,$4.19B,15.63%,$0.50B,$19.69B,2.87%,$2.64B,$12.23B,24.17%,$4308,$3646,$661,$45,$365,$3999,$308,$399,$636,$-169,$805,$217,$217,$582,$308,$411,411,$0.53,$0.53,$1633,$1722,$576,$5014,$0,$112,$1758,$1095,$3615,$19687,$4832,$6283,$1372,$8912,$13744,$4593,$1248,$0,$5943,$19687,$1078,$917,$0,$917,$0,$0,$0,$0,$428,$1553,$-964,$0,$0,$0,$0,$-390,$-9,$-1363,$0,$-5223,$2852,$0,$2150,$0,$-0,$-222,$-34,$0,$0
31,2010-09-30,14.44,$0.00,0.0,$41.12,0.35,$4.86,2.97,$-1.68,0.0,$5.70B,$4.77B,1.2,$6.71B,$5.27B,1.27,$14.05B,$3.36B,23.92%,$14.05B,$2.45B,17.42%,$14.05B,$2.45B,17.42%,$14.05B,$3.29B,23.38%,$14.05B,$0.17B,1.19%,$14.05B,$-0.31B,-2.23%,$-0.31B,$5.27B,-8.33%,$-0.31B,$3.17B,-12.81%,$-0.31B,$18.69B,-2.05%,$2.45B,$11.98B,25.86%,$5473,$3527,$1946,$0,$265,$3813,$1660,$112,$476,$152,$324,$326,$326,$1898,$1660,$402,402,$0.81,$0.81,$2001,$1756,$692,$5700,$0,$36,$2095,$1231,$3726,$18691,$4765,$6707,$1234,$8656,$13422,$0,$752,$0,$5268,$18691,$-44,$644,$0,$644,$0,$0,$0,$0,$256,$1242,$-556,$0,$0,$0,$0,$-777,$-23,$-1356,$0,$0,$0,$0,$0,$0,$8,$8,$-106,$0,$0
32,2010-06-30,9.95,$0.00,0.0,$37.87,0.26,$4.44,2.24,$0.03,331.66,$5.73B,$4.66B,1.23,$7.33B,$4.82B,1.52,$11.28B,$2.46B,21.84%,$11.28B,$1.65B,14.63%,$11.28B,$1.65B,14.63%,$11.28B,$2.39B,21.16%,$11.28B,$0.15B,1.32%,$11.28B,$0.02B,0.15%,$0.02B,$4.82B,0.53%,$0.02B,$2.84B,0.70%,$0.02B,$18.52B,0.13%,$1.65B,$12.16B,19.82%,$3655,$3003,$652,$0,$236,$3260,$396,$-337,$55,$36,$19,$25,$25,$664,$396,$421,421,$0.06,$0.06,$1937,$1830,$578,$5729,$0,$113,$1986,$1243,$3704,$18521,$4660,$7334,$1068,$9039,$13699,$4494,$-50,$0,$4822,$18521,$-507,$406,$0,$406,$0,$0,$0,$0,$210,$762,$-357,$0,$0,$0,$0,$-762,$-18,$-1137,$0,$0,$0,$0,$0,$-5,$234,$229,$-146,$0,$0
33,2010-03-31,10.16,$0.00,0.0,$36.44,0.28,$4.40,2.31,$2.25,4.52,$4.21B,$4.14B,1.02,$4.72B,$2.58B,1.83,$9.51B,$2.23B,23.42%,$9.51B,$1.53B,16.05%,$9.51B,$1.53B,16.05%,$9.51B,$2.11B,22.19%,$9.51B,$0.84B,8.79%,$9.51B,$0.58B,6.14%,$0.58B,$2.58B,22.41%,$0.58B,$2.58B,25.29%,$0.58B,$12.69B,5.02%,$1.53B,$7.29B,21.98%,$2492,$2050,$442,$0,$153,$2219,$273,$-363,$-89,$-21,$-69,$-69,$-69,$411,$273,$264,264,$-0.26,$-0.26,$1837,$1065,$350,$4213,$0,$30,$0,$1038,$1583,$12694,$4141,$4715,$849,$5978,$10119,$0,$-429,$0,$2575,$12694,$-90,$138,$0,$138,$0,$0,$0,$0,$194,$445,$-145,$0,$0,$0,$0,$0,$0,$-145,$0,$0,$0,$0,$0,$0,$-285,$-285,$16,$0,$0
34,2009-12-31,11.52,$0.00,0.0,$33.31,0.35,$2.92,3.95,$2.53,4.56,$3.58B,$3.71B,0.97,$4.04B,$2.41B,1.67,$8.39B,$1.95B,23.27%,$8.39B,$1.36B,16.23%,$8.39B,$1.36B,16.23%,$8.39B,$1.90B,22.66%,$8.39B,$0.94B,11.19%,$8.39B,$0.66B,7.83%,$0.66B,$2.41B,27.82%,$0.66B,$1.22B,36.39%,$0.66B,$11.24B,6.03%,$1.36B,$6.45B,20.57%,$2431,$2110,$321,$0,$178,$2312,$119,$-387,$-275,$168,$-443,$-596,$-596,$312,$119,$260,260,$-2.29,$-2.29,$1591,$975,$356,$3582,$0,$24,$1187,$853,$2548,$11236,$3706,$4036,$653,$5120,$8826,$2782,$-550,$0,$2410,$11236,$939,$539,$0,$539,$0,$0,$0,$0,$50,$694,$-420,$0,$0,$0,$0,$-3,$-5,$-428,$0,$-762,$616,$0,$0,$-0,$0,$-147,$119,$0,$0
35,2009-09-30,8.84,$0.00,0.0,$31.12,0.28,$5.65,1.56,$1.14,7.76,$3.77B,$3.23B,1.17,$4.39B,$3.02B,1.45,$7.78B,$2.04B,26.27%,$7.78B,$1.49B,19.15%,$7.78B,$1.49B,19.15%,$7.78B,$2.02B,25.90%,$7.78B,$0.07B,0.85%,$7.78B,$0.32B,4.10%,$0.32B,$3.02B,14.04%,$0.32B,$3.02B,18.98%,$0.32B,$11.86B,2.84%,$1.49B,$7.41B,21.61%,$2701,$1652,$1048,$0,$171,$1839,$862,$123,$458,$112,$346,$657,$657,$1000,$862,$260,260,$2.52,$2.52,$1685,$1076,$351,$3767,$0,$21,$0,$961,$1374,$11855,$3233,$4389,$915,$5600,$8833,$2940,$-102,$0,$3022,$11855,$1300,$346,$0,$346,$0,$0,$0,$0,$-167,$548,$-214,$0,$0,$0,$0,$-3,$-32,$-249,$0,$0,$0,$0,$0,$-5,$-158,$-163,$136,$0,$0
36,2009-06-30,5.17,$0.00,0.0,$26.56,0.19,$5.45,0.95,$-2.36,0.0,$3.45B,$3.17B,1.09,$4.22B,$2.42B,1.75,$8.12B,$1.46B,17.95%,$8.12B,$0.83B,10.16%,$8.12B,$0.83B,10.16%,$8.12B,$1.37B,16.80%,$8.12B,$-1.20B,-14.81%,$8.12B,$-0.85B,-10.49%,$-0.85B,$2.42B,-35.15%,$-0.85B,$2.42B,-46.48%,$-0.85B,$10.75B,-7.31%,$0.83B,$6.64B,11.30%,$1890,$1473,$417,$0,$130,$1616,$273,$575,$742,$183,$559,$592,$592,$388,$273,$260,260,$2.28,$2.28,$1559,$982,$313,$3453,$0,$18,$0,$866,$1240,$10747,$3167,$4222,$140,$5163,$8330,$2646,$-403,$0,$2417,$10747,$758,$207,$0,$207,$0,$0,$0,$0,$45,$344,$-103,$0,$0,$0,$0,$-3,$-24,$-131,$0,$0,$0,$0,$0,$-4,$-56,$-60,$154,$0,$0
37,2009-03-31,2.89,$0.00,0.0,$29.92,0.1,$5.92,0.49,$-3.72,0.0,$3.17B,$3.03B,1.05,$4.40B,$1.60B,2.75,$9.02B,$1.55B,17.17%,$9.02B,$0.80B,8.88%,$9.02B,$0.80B,8.88%,$9.02B,$1.42B,15.75%,$9.02B,$-1.60B,-17.71%,$9.02B,$-1.20B,-13.32%,$-1.20B,$1.60B,-42.00%,$-1.20B,$0.56B,-52.94%,$-1.20B,$9.73B,-9.83%,$0.80B,$5.99B,10.17%,$1369,$1202,$167,$0,$49,$1261,$108,$-94,$14,$10,$4,$4,$4,$201,$108,$217,217,$0.02,$0.02,$1285,$982,$303,$3166,$0,$16,$1039,$1047,$2147,$9728,$3028,$4395,$706,$5101,$8129,$2334,$-865,$0,$1599,$9728,$4,$93,$0,$93,$0,$0,$0,$0,$-81,$-23,$-51,$0,$0,$0,$0,$-2,$-6,$-59,$0,$-175,$264,$0,$0,$0,$2,$92,$9,$0,$0
38,2008-12-31,3.39,$0.00,0.0,$35.30,0.1,$5.50,0.62,$-3.52,0.0,$4.32B,$4.24B,1.02,$5.48B,$2.05B,2.67,$10.19B,$1.76B,17.23%,$10.19B,$0.83B,8.13%,$10.19B,$0.83B,8.13%,$10.19B,$1.53B,15.04%,$10.19B,$-1.51B,-14.83%,$10.19B,$-1.16B,-11.36%,$-1.16B,$2.05B,-35.06%,$-1.16B,$0.73B,-38.97%,$-1.16B,$12.65B,-9.02%,$0.83B,$7.53B,9.91%,$1821,$1409,$412,$0,$90,$1574,$247,$-1332,$-1148,$7,$-1156,$-934,$-934,$426,$247,$254,254,$-3.68,$-3.68,$1643,$1643,$479,$4319,$0,$21,$1325,$1197,$2603,$12649,$4238,$5483,$866,$6361,$10599,$2995,$-1109,$0,$2050,$12649,$-1389,$705,$0,$705,$0,$0,$0,$0,$941,$1604,$-643,$0,$-331,$0,$0,$0,$-226,$-1201,$0,$-1396,$1659,$0,$-103,$-168,$6,$-2,$402,$0,$0
39,2008-09-30,7.68,$0.00,0.0,$40.24,0.19,$4.06,1.89,$0.23,33.4,$4.46B,$3.62B,1.23,$5.40B,$3.63B,1.49,$11.09B,$1.72B,15.51%,$11.09B,$0.66B,5.92%,$11.09B,$0.66B,5.92%,$11.09B,$1.36B,12.29%,$11.09B,$-0.24B,-2.17%,$11.09B,$-0.21B,-1.88%,$-0.21B,$3.63B,-5.92%,$-0.21B,$3.63B,-5.95%,$-0.21B,$13.51B,-1.69%,$0.66B,$9.03B,8.06%,$3044,$2582,$462,$0,$182,$2848,$197,$-1007,$-811,$-301,$-510,$-514,$-514,$350,$197,$524,524,$-0.98,$-0.98,$1115,$1683,$538,$4455,$0,$24,$0,$913,$2758,$13508,$3617,$5401,$847,$6261,$9878,$0,$479,$0,$3630,$13508,$-232,$526,$0,$526,$0,$0,$0,$0,$264,$1243,$-681,$0,$0,$0,$0,$-402,$-191,$-1273,$0,$0,$0,$0,$-97,$-363,$462,$1,$-28,$0,$0
40,2008-06-30,11.15,$0.00,0.0,$44.93,0.25,$5.99,1.86,$1.51,7.38,$4.22B,$3.15B,1.34,$4.78B,$4.17B,1.15,$10.46B,$1.70B,16.23%,$10.46B,$0.68B,6.50%,$10.46B,$0.68B,6.50%,$10.46B,$1.42B,13.52%,$10.46B,$0.75B,7.13%,$10.46B,$0.37B,3.57%,$0.37B,$4.17B,10.97%,$0.37B,$4.17B,11.04%,$0.37B,$13.02B,3.24%,$0.68B,$8.94B,9.18%,$2788,$2280,$508,$0,$180,$2539,$249,$221,$347,$111,$236,$242,$242,$444,$249,$262,262,$0.92,$0.92,$1092,$1635,$429,$4216,$0,$27,$0,$875,$2634,$13022,$3145,$4776,$904,$5710,$8855,$0,$964,$0,$4168,$13022,$281,$372,$0,$372,$0,$0,$0,$0,$327,$849,$-481,$0,$0,$0,$0,$-385,$-177,$-1042,$0,$0,$0,$0,$-32,$-182,$348,$134,$-57,$0,$0
41,2008-03-31,11.91,$0.00,0.0,$34.31,0.35,$4.59,2.59,$0.59,20.19,$3.95B,$3.00B,1.31,$4.59B,$3.36B,1.37,$10.18B,$1.66B,16.31%,$10.18B,$0.66B,6.49%,$10.18B,$0.66B,6.49%,$10.18B,$1.41B,13.81%,$10.18B,$0.65B,6.36%,$10.18B,$0.27B,2.69%,$0.27B,$3.36B,8.82%,$0.27B,$3.36B,8.88%,$0.27B,$12.16B,2.54%,$0.66B,$7.96B,9.95%,$2540,$2166,$374,$0,$150,$2404,$136,$-36,$100,$27,$73,$48,$48,$313,$136,$217,217,$0.22,$0.22,$995,$1574,$593,$3946,$0,$24,$0,$922,$2716,$12158,$3002,$4594,$818,$5792,$8794,$0,$698,$0,$3363,$12158,$48,$177,$0,$177,$0,$0,$0,$0,$-270,$-28,$-139,$0,$0,$0,$0,$-358,$-166,$-663,$0,$0,$0,$0,$0,$0,$509,$509,$-182,$0,$0
42,2007-12-31,10.86,$0.00,0.0,$22.62,0.48,$5.36,2.03,$0.37,29.34,$3.40B,$3.06B,1.11,$3.72B,$2.97B,1.25,$9.01B,$1.55B,17.26%,$9.01B,$0.61B,6.80%,$9.01B,$0.61B,6.80%,$9.01B,$1.29B,14.30%,$9.01B,$0.61B,6.77%,$9.01B,$0.28B,3.08%,$0.28B,$2.97B,9.91%,$0.28B,$2.88B,9.99%,$0.28B,$10.78B,2.89%,$0.61B,$6.69B,10.76%,$2717,$2341,$376,$0,$196,$2642,$75,$-69,$123,$100,$23,$15,$15,$256,$75,$224,224,$0.07,$0.07,$1174,$1168,$289,$3404,$0,$616,$89,$745,$3040,$10780,$3056,$3716,$695,$4753,$7810,$2395,$472,$0,$2971,$10780,$283,$676,$0,$676,$0,$0,$0,$0,$486,$1235,$-709,$0,$100,$0,$0,$-694,$-542,$-1846,$0,$-799,$1641,$0,$-30,$-23,$-2,$788,$177,$0,$0
43,2007-09-30,12.65,$0.00,0.0,$10.51,1.2,$3.01,4.2,$0.30,42.17,$3.44B,$2.61B,1.32,$2.91B,$3.14B,0.93,$8.21B,$1.64B,19.91%,$8.21B,$0.79B,9.61%,$8.21B,$0.79B,9.61%,$8.21B,$1.44B,17.55%,$8.21B,$0.58B,7.08%,$8.21B,$0.31B,3.73%,$0.31B,$3.14B,12.00%,$0.31B,$3.14B,12.07%,$0.31B,$10.22B,3.49%,$0.79B,$6.05B,15.54%,$2418,$1978,$440,$0,$154,$2198,$220,$-44,$176,$49,$128,$69,$69,$402,$220,$230,230,$0.30,$0.30,$887,$1167,$429,$3444,$0,$321,$0,$813,$2377,$10219,$2605,$2914,$799,$4475,$7080,$2427,$507,$0,$3140,$10219,$283,$495,$0,$495,$0,$0,$0,$0,$0,$1158,$-465,$0,$0,$0,$0,$-410,$-8,$-882,$0,$0,$0,$0,$0,$-124,$-346,$-471,$-155,$0,$0
44,2007-06-30,12.12,$0.00,0.0,0,0.0,0,0.0,0,0.0,$3.60B,$2.68B,1.34,$2.93B,$2.95B,0.99,$7.31B,$1.44B,19.73%,$7.31B,$0.66B,9.03%,$7.31B,$0.66B,9.03%,$7.31B,$1.24B,16.98%,$7.31B,$0.36B,4.95%,$7.31B,$0.21B,2.83%,$0.21B,$2.95B,9.11%,$0.21B,$2.95B,9.17%,$0.21B,$10.07B,2.58%,$0.66B,$5.88B,14.31%,$2509,$2039,$471,$0,$168,$2280,$230,$20,$249,$35,$214,$142,$142,$435,$230,$0,0,$0.00,$0.00,$1054,$1199,$419,$3597,$0,$311,$0,$734,$2301,$10067,$2681,$2925,$823,$4433,$7114,$0,$743,$0,$2951,$10065,$206,$313,$0,$313,$0,$0,$0,$0,$374,$942,$-274,$0,$43,$0,$0,$-396,$-6,$-632,$0,$0,$0,$0,$0,$-116,$-91,$-207,$103,$0,$0
45,2007-03-31,9.87,$0.00,0.0,0,0.0,0,0.0,0,0.0,$2.37B,$2.46B,0.97,$2.01B,$2.12B,0.95,$6.10B,$1.11B,18.19%,$6.10B,$0.42B,6.92%,$6.10B,$0.42B,6.92%,$6.10B,$0.91B,14.92%,$6.10B,$0.03B,0.56%,$6.10B,$0.04B,0.66%,$0.04B,$2.12B,1.94%,$0.04B,$2.12B,1.96%,$0.04B,$7.30B,0.55%,$0.42B,$4.13B,9.95%,$1361,$1093,$267,$0,$121,$1273,$87,$-25,$62,$11,$51,$51,$51,$195,$87,$0,0,$0.00,$0.00,$758,$777,$248,$2372,$0,$402,$0,$551,$1909,$7304,$2457,$2006,$696,$2726,$5183,$1666,$250,$0,$2120,$7304,$51,$108,$0,$108,$0,$0,$0,$0,$0,$404,$-71,$0,$0,$0,$0,$0,$-1,$-72,$0,$0,$0,$0,$0,$-0,$-270,$-271,$61,$0,$0
46,2006-12-31,9.7,$0.00,0.0,0,0.0,0,0.0,0,0.0,$2.74B,$2.54B,1.08,$2.27B,$1.99B,1.14,$5.99B,$1.01B,16.93%,$5.99B,$0.37B,6.19%,$5.99B,$0.37B,6.19%,$5.99B,$0.84B,14.07%,$5.99B,$0.04B,0.70%,$5.99B,$0.05B,0.78%,$0.05B,$1.99B,2.27%,$0.05B,$1.93B,2.28%,$0.05B,$7.52B,0.65%,$0.37B,$4.26B,8.61%,$1923,$1466,$457,$0,$160,$1671,$252,$-158,$94,$50,$44,$44,$44,$409,$252,$0,0,$0.00,$0.00,$904,$815,$289,$2743,$0,$22,$60,$562,$1689,$7516,$2539,$2267,$691,$2990,$5528,$1617,$534,$0,$1988,$7516,$47,$470,$0,$470,$0,$0,$0,$0,$-229,$187,$-439,$0,$-103,$0,$0,$0,$-17,$-559,$0,$-378,$727,$0,$-86,$-158,$-3,$101,$-271,$0,$0
