,Date,Stock Price,Book Value per Share,Price to Book Ratio,TTM Sales per Share,Price to Sales Ratio,TTM FCF per Share,Price to FCF Ratio,TTM Net EPS,PE Ratio,Current Assets,Current Liabilities,Current Ratio,Long Term Debt,Shareholder's Equity_x,Debt to Equity Ratio,TTM Revenue_x,TTM Gross Profit,Gross Margin,TTM Revenue_y,TTM Operating Income,Operating Margin,TTM Revenue_x,TTM EBIT,EBIT Margin,TTM Revenue_y,TTM EBITDA,EBITDA Margin,TTM Revenue_x,TTM Pre-Tax Income,Pre-Tax Margin,TTM Revenue_y,TTM Net Income_x,Net Margin,TTM Net Income_y,Shareholder's Equity_y,Return on Equity,TTM Net Income_x,Tangible Equity,Return on Tangible Equity,TTM Net Income_y,Total Assets,Return on Assets,TTM Net Income,LT Investments & Debt,Return on Investment,revenue,cost-goods-sold,gross-profit,research-development-expenses,selling-general-administrative-expenses,operating-expenses,operating-income,total-non-operating-income-expense,pre-tax-income,total-provision-income-taxes,income-after-taxes,income-from-continuous-operations,net-income,ebitda,ebit,basic-shares-outstanding,shares-outstanding,eps-basic-net-earnings-per-share,eps-earnings-per-share-diluted,cash-on-hand,inventory,other-current-assets,total-current-assets,net-property-plant-equipment,long-term-investments,goodwill-intangible-assets-total,other-long-term-assets,total-long-term-assets,total-assets,total-current-liabilities,long-term-debt,other-non-current-liabilities,total-long-term-liabilities,total-liabilities,common-stock-net,retained-earnings-accumulated-deficit,comprehensive-income,total-share-holder-equity,total-liabilities-share-holders-equity,net-income-loss,total-depreciation-amortization-cash-flow,other-non-cash-items,total-non-cash-items,change-in-accounts-receivable,change-in-inventories,change-in-accounts-payable,change-in-assets-liabilities,total-change-in-assets-liabilities,cash-flow-from-operating-activities,net-change-in-property-plant-equipment,net-change-in-intangible-assets,net-acquisitions-divestitures,net-change-in-short-term-investments,net-change-in-long-term-investments,net-change-in-investments-total,investing-activities-other,cash-flow-from-investing-activities,net-long-term-debt,net-current-debt,debt-issuance-retirement-net-total,net-common-equity-issued-repurchased,net-total-equity-issued-repurchased,total-common-preferred-stock-dividends-paid,financial-activities-other,cash-flow-from-financial-activities,net-cash-flow,stock-based-compensation,common-stock-dividends-paid
0,2018-09-30,44.53,$92.04,0.48,$55.07,0.81,$8.00,5.56,$2.59,17.19,$37.88B,$29.99B,1.26,$100.31B,$84.07B,1.19,$53.83B,$10.36B,19.24%,$53.83B,$7.49B,13.91%,$53.83B,$7.49B,13.91%,$53.83B,$10.25B,19.05%,$53.83B,$7.29B,13.54%,$53.83B,$2.56B,4.76%,$2.56B,$88.26B,3.12%,$2.56B,$65.10B,4.16%,$2.56B,$233.96B,1.25%,$7.49B,$188.57B,4.58%,$14858,$11967,$2891,$0,$25,$12825,$2033,$-948,$1085,$144,$941,$941,$163,$2866,$2033,$958,978,$0.11,$0.11,$13412,$7312,$1727,$37875,$59688,$111211,$23158,$0,$196086,$233961,$29992,$100313,$3847,$115710,$145702,$22691,$0,$0,$88259,$233961,$4460,$2175,$-2079,$96,$0,$0,$0,$-1885,$-1885,$2671,$-679,$0,$-13481,$-792,$1917,$1125,$3109,$-9926,$3423,$199,$3622,$-202,$-18598,$28686,$-3531,$10179,$2700,$0,$28686
1,2018-06-30,40.54,$82.68,0.49,$52.39,0.77,$7.70,5.26,$2.68,15.13,$33.16B,$26.26B,1.26,$78.75B,$74.98B,1.05,$51.25B,$9.71B,18.94%,$51.25B,$7.03B,13.72%,$51.25B,$7.03B,13.72%,$51.25B,$9.61B,18.74%,$51.25B,$7.46B,14.55%,$51.25B,$2.63B,5.13%,$2.63B,$79.17B,3.31%,$2.63B,$59.47B,4.40%,$2.63B,$199.17B,1.36%,$7.03B,$157.92B,4.61%,$13276,$10781,$2495,$0,$24,$11477,$1799,$204,$2003,$339,$1664,$1664,$608,$2471,$1799,$957,975,$0.62,$0.64,$11502,$6560,$2443,$33161,$55698,$88462,$19699,$0,$166007,$199168,$26256,$78745,$3894,$93742,$119998,$4452,$12774,$0,$79170,$199168,$3519,$1342,$-1490,$-148,$0,$0,$0,$-1176,$-1176,$2195,$-193,$0,$-4943,$1066,$-1040,$26,$35,$-5075,$5585,$900,$6485,$-204,$-204,$-363,$-2092,$3826,$774,$0,$-363
2,2018-03-31,38.86,$84.97,0.46,$48.43,0.8,$6.62,5.87,$2.25,17.27,$30.51B,$25.70B,1.19,$73.84B,$77.12B,0.96,$47.42B,$9.32B,19.66%,$47.42B,$6.71B,14.15%,$47.42B,$6.71B,14.15%,$47.42B,$9.23B,19.46%,$47.42B,$6.53B,13.77%,$47.42B,$2.21B,4.66%,$2.21B,$81.32B,2.83%,$2.21B,$61.57B,3.77%,$2.21B,$195.94B,1.18%,$6.71B,$155.15B,4.52%,$12631,$10091,$2540,$0,$27,$10788,$1843,$165,$2008,$153,$1855,$1855,$819,$2513,$1843,$958,977,$0.84,$0.85,$11315,$6638,$302,$30512,$54431,$89059,$19747,$0,$165423,$195935,$25700,$73839,$3935,$88920,$114620,$4443,$12320,$0,$81315,$195935,$1855,$670,$-683,$-13,$0,$0,$0,$-570,$-570,$1272,$178,$0,$-2380,$1131,$-135,$996,$-192,$-1398,$617,$1003,$1620,$-206,$-206,$-181,$-191,$1042,$905,$0,$-181
3,2017-12-31,43.21,$83.31,0.52,$41.76,1.03,$5.32,8.12,$1.33,32.49,$29.83B,$25.05B,1.19,$72.73B,$75.68B,0.96,$40.79B,$8.40B,20.59%,$40.79B,$5.96B,14.61%,$40.79B,$5.96B,14.61%,$40.79B,$8.30B,20.36%,$40.79B,$5.16B,12.66%,$40.79B,$1.32B,3.23%,$1.32B,$79.87B,1.75%,$1.32B,$60.31B,2.26%,$1.32B,$192.72B,0.73%,$5.96B,$152.60B,4.15%,$13065,$10635,$2430,$0,$26,$11251,$1814,$379,$2193,$110,$2083,$2083,$972,$2404,$1814,$959,980,$1.06,$1.02,$9939,$6311,$1605,$29828,$53005,$88864,$19559,$0,$162892,$192720,$25048,$72730,$3661,$87800,$112848,$24052,$0,$0,$79872,$192720,$4551,$2345,$-1736,$609,$0,$0,$0,$-1155,$-1155,$4005,$-1624,$0,$-7502,$-1829,$-988,$-2817,$549,$-11394,$5000,$1387,$6387,$-109,$125,$-685,$2358,$8185,$840,$0,$-685
4,2017-09-30,40.85,$80.61,0.51,$35.53,1.15,$4.61,8.86,$0.45,90.79,$30.65B,$23.75B,1.29,$67.58B,$73.14B,0.92,$34.66B,$7.75B,22.37%,$34.66B,$5.42B,15.65%,$34.66B,$5.42B,15.65%,$34.66B,$7.66B,22.10%,$34.66B,$3.28B,9.46%,$34.66B,$0.45B,1.30%,$0.45B,$77.33B,0.62%,$0.45B,$57.39B,0.78%,$0.45B,$184.58B,0.26%,$5.42B,$144.91B,3.94%,$12276,$10034,$2242,$0,$24,$10701,$1575,$-324,$1251,$259,$992,$992,$228,$2218,$1575,$959,981,$0.20,$0.20,$10398,$6648,$2304,$30650,$47130,$85078,$19938,$0,$153927,$184577,$23754,$67582,$3677,$83492,$107246,$4424,$11229,$0,$77331,$184577,$2468,$1755,$-915,$840,$0,$0,$0,$-434,$-434,$2874,$-1171,$0,$-11703,$-1723,$1817,$94,$2170,$-10610,$5980,$399,$6379,$-52,$-13980,$17921,$-2346,$7974,$239,$0,$17921
5,2017-06-30,38.65,$77.23,0.5,$29.44,1.31,$3.63,10.63,$1.28,30.19,$28.18B,$21.54B,1.31,$67.08B,$70.10B,0.96,$28.67B,$7.21B,25.14%,$28.67B,$4.98B,17.38%,$28.67B,$4.98B,17.38%,$28.67B,$7.12B,24.83%,$28.67B,$3.06B,10.66%,$28.67B,$1.23B,4.28%,$1.23B,$74.05B,1.74%,$1.23B,$54.89B,2.11%,$1.23B,$178.18B,0.74%,$4.98B,$141.12B,3.73%,$9444,$7332,$2112,$0,$20,$7965,$1479,$-402,$1077,$119,$958,$958,$190,$2092,$1479,$959,979,$0.19,$0.20,$9427,$6290,$1284,$28184,$46034,$83120,$19151,$0,$149999,$178183,$21536,$67075,$3618,$82602,$104138,$4413,$11185,$0,$74045,$178183,$1476,$1112,$-504,$608,$0,$0,$0,$-386,$-386,$1698,$-754,$0,$-6790,$11,$-622,$-611,$-64,$-8219,$3733,$743,$4476,$-56,$-60,$-341,$2539,$6614,$130,$0,$-341
6,2017-03-31,35.81,$73.47,0.49,$24.63,1.45,$3.05,11.75,$1.25,28.64,$26.56B,$17.35B,1.53,$64.63B,$66.48B,0.97,$25.19B,$6.74B,26.74%,$25.19B,$4.61B,18.28%,$25.19B,$4.61B,18.28%,$25.19B,$6.64B,26.37%,$25.19B,$2.80B,11.11%,$25.19B,$1.22B,4.85%,$1.22B,$70.43B,1.80%,$1.22B,$60.25B,2.11%,$1.22B,$166.00B,0.76%,$4.61B,$135.05B,3.55%,$6001,$4387,$1614,$0,$25,$4911,$1090,$-447,$643,$125,$518,$518,$-73,$1589,$1090,$959,959,$-0.08,$-0.08,$11120,$5437,$948,$26560,$45653,$82028,$10177,$0,$139436,$165996,$17349,$64625,$3766,$78221,$95570,$4404,$11234,$0,$70426,$165996,$518,$499,$-156,$343,$0,$0,$0,$-322,$-322,$539,$-355,$0,$-804,$-135,$72,$-63,$-103,$-1325,$2448,$743,$3191,$-54,$-57,$-171,$-105,$2858,$2128,$0,$-171
7,2016-12-31,32.29,$72.73,0.44,$23.72,1.36,$2.78,11.63,$1.56,20.7,$23.91B,$16.54B,1.45,$60.39B,$65.73B,0.92,$24.41B,$6.69B,27.42%,$24.41B,$4.58B,18.77%,$24.41B,$4.58B,18.77%,$24.41B,$6.60B,27.04%,$24.41B,$2.99B,12.26%,$24.41B,$1.52B,6.22%,$1.52B,$69.69B,2.31%,$1.52B,$59.83B,2.71%,$1.52B,$159.83B,0.97%,$4.58B,$130.08B,3.63%,$6935,$5150,$1785,$0,$24,$5656,$1279,$-971,$308,$211,$97,$97,$106,$1761,$1279,$959,977,$0.16,$0.12,$8999,$5349,$432,$23913,$45346,$79149,$9856,$0,$135913,$159826,$16542,$60391,$3565,$73596,$90138,$4390,$11490,$0,$69688,$159826,$3338,$2020,$-1771,$249,$0,$0,$0,$-504,$-504,$3083,$-1407,$0,$-9082,$-187,$2253,$2066,$-134,$-8557,$1531,$698,$2229,$-134,$79,$-633,$5318,$6993,$1525,$0,$-633
8,2016-09-30,34.28,$69.97,0.49,$22.10,1.55,$2.91,11.79,$2.09,16.4,$27.98B,$19.14B,1.46,$60.57B,$63.39B,0.96,$23.01B,$6.35B,27.61%,$23.01B,$4.30B,18.66%,$23.01B,$4.30B,18.66%,$23.01B,$6.26B,27.21%,$23.01B,$4.09B,17.77%,$23.01B,$2.09B,9.08%,$2.09B,$67.12B,3.34%,$2.09B,$56.89B,3.91%,$2.09B,$159.84B,1.37%,$4.30B,$127.69B,3.53%,$6285,$4590,$1695,$0,$20,$5151,$1134,$-105,$1029,$-992,$2021,$2021,$1003,$1675,$1134,$959,978,$1.03,$1.05,$9468,$5869,$3760,$27979,$45203,$74827,$10226,$0,$131858,$159837,$19137,$60573,$3543,$73581,$92718,$4391,$11501,$0,$67119,$159837,$3241,$1538,$-2621,$-1083,$0,$0,$0,$-439,$-439,$1719,$-974,$0,$-5951,$-96,$1209,$1113,$-248,$-6060,$1555,$798,$2353,$-82,$-88,$-475,$4066,$5856,$1598,$0,$-475
9,2016-06-30,32.11,$67.30,0.48,$20.81,1.54,$3.66,8.78,$1.32,24.32,$27.46B,$17.14B,1.6,$61.06B,$60.81B,1.0,$21.79B,$5.98B,27.43%,$21.79B,$4.02B,18.43%,$21.79B,$4.02B,18.43%,$21.79B,$5.88B,26.99%,$21.79B,$4.05B,18.60%,$21.79B,$1.34B,6.17%,$1.34B,$64.54B,2.27%,$1.34B,$54.73B,2.63%,$1.34B,$156.54B,0.92%,$4.02B,$125.60B,3.41%,$5973,$4330,$1643,$0,$25,$4871,$1102,$-284,$818,$234,$584,$584,$185,$1618,$1102,$1156,1233,$0.16,$0.15,$11324,$5865,$1685,$27460,$44420,$73327,$9805,$0,$129083,$156543,$17136,$61061,$3360,$74868,$92004,$4384,$10617,$0,$64539,$156543,$1220,$997,$-665,$332,$0,$0,$0,$-468,$-468,$1084,$-619,$0,$-4761,$-329,$-62,$-391,$-107,$-5878,$2921,$318,$3239,$-84,$-89,$-317,$3142,$5975,$1246,$0,$-317
10,2016-03-31,33.1,$64.08,0.52,$20.99,1.58,$4.03,8.21,$1.78,18.6,$26.53B,$17.34B,1.53,$60.39B,$57.69B,1.05,$20.74B,$5.66B,27.30%,$20.74B,$3.79B,18.25%,$20.74B,$3.79B,18.25%,$20.74B,$5.56B,26.81%,$20.74B,$4.06B,19.60%,$20.74B,$1.77B,8.54%,$1.77B,$61.43B,3.12%,$1.77B,$52.51B,3.57%,$1.77B,$152.79B,1.27%,$3.79B,$121.82B,3.34%,$5218,$3648,$1570,$0,$23,$4152,$1066,$-228,$838,$202,$636,$636,$224,$1547,$1066,$959,975,$0.23,$0.23,$10777,$5642,$1905,$26532,$43561,$72292,$8922,$0,$126259,$152791,$17335,$60394,$3419,$74029,$91364,$4376,$11067,$0,$61427,$152791,$636,$481,$-490,$-9,$0,$0,$0,$-408,$-408,$219,$-296,$0,$-2604,$39,$-497,$-458,$-577,$-3935,$3320,$197,$3517,$-86,$-86,$-158,$1154,$4427,$789,$0,$-158
11,2015-12-31,29.88,$59.53,0.5,$20.23,1.48,$4.39,6.8,$2.30,13.01,$22.65B,$15.82B,1.43,$54.35B,$53.49B,1.02,$19.91B,$5.48B,27.52%,$19.91B,$3.68B,18.48%,$19.91B,$3.68B,18.48%,$19.91B,$5.37B,26.99%,$19.91B,$4.87B,24.43%,$19.91B,$2.24B,11.25%,$2.24B,$57.23B,4.11%,$2.24B,$49.51B,4.65%,$2.24B,$139.51B,1.67%,$3.68B,$111.57B,3.36%,$5538,$4092,$1446,$0,$23,$4545,$993,$412,$1405,$218,$1187,$678,$678,$1423,$993,$1027,1012,$0.66,$0.67,$8930,$5281,$1397,$22652,$37273,$70380,$7713,$0,$116862,$139514,$15824,$54347,$3331,$66463,$82287,$4378,$11045,$0,$57227,$139514,$4669,$1695,$-3590,$1695,$0,$0,$0,$14,$14,$2788,$-918,$0,$-7465,$-2294,$-2140,$-4434,$1753,$-11064,$6505,$392,$6505,$922,$1107,$-584,$802,$8222,$-386,$0,$-584
12,2015-09-30,29.69,$0.00,0.0,$19.49,1.52,$4.03,7.36,$2.69,11.05,$20.10B,$11.29B,1.78,$59.44B,$49.71B,1.2,$19.07B,$5.30B,27.77%,$19.07B,$3.55B,18.61%,$19.07B,$3.55B,18.61%,$19.07B,$5.18B,27.18%,$19.07B,$5.60B,29.39%,$19.07B,$2.61B,13.70%,$2.61B,$53.26B,4.89%,$2.61B,$47.30B,5.48%,$2.61B,$135.41B,1.99%,$3.55B,$112.70B,3.31%,$5056,$3740,$1316,$0,$25,$4201,$855,$135,$990,$145,$845,$845,$257,$1291,$855,$959,984,$0.27,$0.26,$7588,$5289,$0,$20104,$0,$69598,$5953,$881,$77834,$135414,$11293,$59441,$3661,$70865,$82158,$20306,$0,$0,$53256,$135414,$3482,$1265,$-2572,$-1307,$0,$0,$0,$-74,$-74,$2101,$-613,$0,$-6694,$-2678,$-830,$-3508,$1696,$-9119,$5717,$765,$6482,$915,$915,$-436,$209,$7170,$-103,$0,$-436
13,2015-06-30,32.86,$0.00,0.0,$18.97,1.73,$1.93,17.02,$3.17,10.35,$20.86B,$11.12B,1.88,$52.86B,$51.47B,1.03,$18.67B,$5.17B,27.70%,$18.67B,$3.51B,18.77%,$18.67B,$3.51B,18.77%,$18.67B,$5.06B,27.08%,$18.67B,$5.76B,30.85%,$18.67B,$3.09B,16.55%,$3.09B,$55.02B,5.90%,$3.09B,$49.22B,6.64%,$3.09B,$131.00B,2.43%,$3.51B,$107.88B,3.38%,$4923,$3595,$1328,$0,$29,$4052,$871,$-40,$831,$-368,$1199,$1199,$611,$1299,$871,$952,980,$0.64,$0.62,$8509,$5414,$0,$20860,$0,$66819,$5804,$1499,$75539,$130998,$11117,$52856,$4052,$64859,$75976,$21467,$0,$0,$55022,$130998,$2637,$829,$-2119,$-1290,$0,$0,$0,$-231,$-231,$1116,$-378,$0,$-1554,$-2604,$-307,$-2911,$1778,$-3065,$943,$-19,$924,$1036,$1036,$-289,$114,$1785,$-237,$0,$-289
14,2015-03-31,33.51,$0.00,0.0,$18.83,1.78,$1.27,26.4,$3.35,10.01,$20.46B,$10.56B,1.94,$53.40B,$48.80B,1.09,$18.58B,$5.45B,29.33%,$18.58B,$3.84B,20.64%,$18.58B,$3.84B,20.64%,$18.58B,$5.33B,28.69%,$18.58B,$6.83B,36.77%,$18.58B,$3.26B,17.56%,$3.26B,$52.35B,6.41%,$3.26B,$46.57B,7.28%,$3.26B,$129.29B,2.63%,$3.84B,$105.75B,3.79%,$4396,$3006,$1390,$0,$29,$3436,$960,$679,$1639,$201,$1438,$1438,$695,$1361,$960,$928,957,$0.73,$0.75,$8359,$5316,$0,$20461,$0,$64044,$5779,$3465,$74657,$129292,$10562,$53401,$4863,$66381,$76943,$19440,$0,$0,$52349,$129292,$1438,$401,$-1191,$-790,$0,$0,$0,$-199,$-199,$449,$-182,$0,$-1190,$-2688,$-298,$-2986,$1755,$-2603,$1154,$881,$2035,$-133,$-133,$-139,$6,$1769,$-517,$0,$-139
15,2014-12-31,31.24,$57.36,0.54,$18.55,1.68,$0.83,37.75,$3.15,9.93,$26.72B,$15.90B,1.68,$48.69B,$49.70B,0.98,$18.56B,$5.44B,29.32%,$18.56B,$3.85B,20.74%,$18.56B,$3.85B,20.74%,$18.56B,$5.32B,28.66%,$18.56B,$6.53B,35.19%,$18.56B,$3.11B,16.76%,$3.11B,$53.25B,6.27%,$3.11B,$47.51B,7.18%,$3.11B,$129.48B,2.58%,$3.85B,$101.94B,3.89%,$4694,$3432,$1262,$0,$30,$3832,$862,$1479,$2144,$445,$1699,$1050,$1050,$1232,$862,$960,991,$1.09,$1.06,$9445,$5620,$0,$26717,$34617,$60999,$5733,$3253,$71399,$129480,$15902,$48693,$4960,$61750,$76233,$3031,$9702,$0,$53247,$129480,$5209,$1470,$-3518,$1470,$0,$0,$0,$-587,$-587,$2574,$-1098,$0,$0,$-1174,$-31,$-1645,$-6853,$-9596,$4561,$0,$0,$45,$706,$-2887,$8814,$6633,$-503,$0,$-542
16,2014-09-30,27.92,$0.00,0.0,$19.37,1.44,$0.62,45.14,$2.81,9.95,$22.08B,$10.40B,2.12,$49.94B,$45.65B,1.09,$19.40B,$6.05B,31.16%,$19.40B,$4.46B,22.97%,$19.40B,$4.46B,22.97%,$19.40B,$5.92B,30.49%,$19.40B,$5.35B,27.58%,$19.40B,$2.78B,14.31%,$2.78B,$48.93B,5.77%,$2.78B,$42.77B,6.67%,$2.78B,$118.23B,2.39%,$4.46B,$98.88B,4.60%,$4659,$3467,$1192,$0,$27,$3847,$812,$335,$1147,$38,$1109,$734,$734,$1165,$812,$1010,1010,$0.73,$0.75,$9577,$5937,$0,$22079,$0,$55579,$6167,$427,$63641,$118232,$10400,$49943,$1969,$58899,$69299,$2975,$8885,$0,$48933,$118232,$3510,$1100,$0,$1100,$0,$0,$0,$0,$-863,$1579,$-2176,$0,$105,$0,$0,$-2311,$-336,$-4718,$0,$0,$454,$0,$31,$-1665,$4019,$2839,$-351,$0,$0
17,2014-06-30,27.25,$0.00,0.0,$19.98,1.36,$3.01,9.04,$2.88,9.46,$22.58B,$10.92B,2.07,$49.57B,$45.62B,1.09,$19.92B,$6.80B,34.13%,$19.92B,$5.20B,26.09%,$19.92B,$5.20B,26.09%,$19.92B,$6.66B,33.44%,$19.92B,$5.96B,29.94%,$19.92B,$2.86B,14.34%,$2.86B,$49.18B,6.04%,$2.86B,$42.56B,7.03%,$2.86B,$118.54B,2.51%,$5.20B,$98.74B,5.49%,$4835,$3229,$1606,$0,$33,$3633,$1202,$702,$1904,$346,$1558,$785,$785,$1573,$1202,$973,989,$0.81,$0.79,$9786,$6526,$0,$22583,$0,$55046,$6621,$455,$63577,$118538,$10922,$49566,$2003,$58440,$69362,$2938,$8288,$0,$49176,$118538,$2401,$747,$0,$747,$0,$0,$0,$0,$-380,$1260,$-1170,$0,$89,$0,$0,$-961,$190,$-1852,$0,$156,$454,$0,$436,$-1169,$911,$788,$254,$0,$0
18,2014-03-31,25.2,$0.00,0.0,$19.73,1.28,$3.12,8.08,$2.29,10.99,$22.76B,$10.82B,2.1,$48.91B,$43.68B,1.12,$20.25B,$6.75B,33.35%,$20.25B,$5.15B,25.41%,$20.25B,$5.15B,25.41%,$20.25B,$6.61B,32.65%,$20.25B,$5.23B,25.83%,$20.25B,$2.30B,11.36%,$2.30B,$46.95B,5.00%,$2.30B,$40.45B,5.85%,$2.30B,$115.28B,2.07%,$5.15B,$95.86B,5.59%,$4373,$2990,$1383,$0,$33,$3399,$974,$363,$1337,$494,$843,$541,$541,$1350,$974,$1014,1014,$0.53,$0.55,$10165,$6342,$0,$22760,$0,$53123,$6508,$452,$61480,$115282,$10820,$48908,$2030,$57508,$68328,$2922,$7569,$0,$46954,$115282,$843,$376,$0,$376,$0,$0,$0,$0,$-444,$198,$-363,$0,$55,$0,$0,$-830,$-827,$-1965,$0,$531,$1246,$0,$152,$-516,$240,$1653,$-108,$0,$0
19,2013-12-31,23.82,$0.00,0.0,$20.19,1.18,$2.94,8.1,$2.09,11.42,$21.57B,$10.32B,2.09,$46.86B,$44.43B,1.06,$20.83B,$6.90B,33.13%,$20.83B,$5.30B,25.42%,$20.83B,$5.30B,25.42%,$20.83B,$6.75B,32.41%,$20.83B,$4.69B,22.51%,$20.83B,$2.12B,10.18%,$2.12B,$47.53B,4.65%,$2.12B,$40.89B,5.52%,$2.12B,$112.75B,1.93%,$5.30B,$94.39B,5.81%,$5537,$3672,$1865,$0,$36,$4068,$1469,$-505,$964,$114,$850,$717,$717,$1829,$1469,$996,996,$0.74,$0.72,$8610,$6291,$0,$21567,$0,$51613,$6632,$502,$60159,$112745,$10316,$46862,$1877,$54903,$65219,$2899,$7159,$0,$47526,$112745,$3844,$1455,$0,$1455,$0,$0,$0,$0,$-539,$2278,$-1002,$0,$-70,$0,$0,$-4934,$1965,$-4041,$0,$-35,$1391,$0,$-112,$-1451,$2917,$2710,$813,$0,$0
20,2013-09-30,22.77,$0.00,0.0,$19.88,1.15,$-1.29,0.0,$1.85,12.33,$21.59B,$10.61B,2.03,$44.41B,$42.53B,1.04,$20.68B,$5.45B,26.37%,$20.68B,$4.10B,19.83%,$20.68B,$4.10B,19.83%,$20.68B,$5.55B,26.83%,$20.68B,$4.69B,22.69%,$20.68B,$1.90B,9.16%,$1.90B,$45.62B,4.24%,$1.90B,$38.68B,5.10%,$1.90B,$108.12B,1.74%,$4.10B,$90.03B,4.57%,$5176,$3230,$1946,$0,$36,$3623,$1553,$206,$1759,$264,$1495,$813,$813,$1910,$1553,$968,991,$0.84,$0.82,$7851,$6478,$0,$21586,$0,$46726,$6944,$502,$55597,$108120,$10611,$44410,$1295,$51885,$62496,$2853,$6581,$0,$45624,$108120,$2994,$1095,$0,$1095,$0,$0,$0,$0,$-389,$1700,$88,$0,$0,$0,$0,$-827,$-1049,$-1788,$0,$-170,$606,$0,$-143,$-1013,$1871,$1151,$949,$0,$0
21,2013-06-30,21.76,$0.00,0.0,$19.17,1.14,$-4.57,0.0,$1.35,16.08,$24.30B,$9.87B,2.46,$44.12B,$41.00B,1.08,$20.20B,$5.09B,25.18%,$20.20B,$3.67B,18.18%,$20.20B,$3.67B,18.18%,$20.20B,$5.09B,25.19%,$20.20B,$3.96B,19.59%,$20.20B,$1.42B,7.01%,$1.42B,$44.09B,3.25%,$1.42B,$37.23B,3.93%,$1.42B,$108.22B,1.32%,$3.67B,$88.22B,4.18%,$5166,$3606,$1560,$0,$36,$4015,$1151,$21,$1172,$370,$802,$230,$230,$1524,$1151,$1113,1113,$0.21,$0.21,$6778,$6348,$4400,$24300,$0,$11478,$6860,$503,$20492,$108220,$9873,$44124,$4105,$54253,$64126,$2851,$5976,$0,$44094,$108220,$1499,$738,$0,$738,$0,$0,$0,$0,$-514,$989,$-770,$0,$19,$0,$0,$-1158,$-437,$-2346,$0,$-190,$2033,$0,$-67,$-651,$757,$1882,$414,$0,$0
22,2013-03-31,21.16,$0.00,0.0,$18.05,1.17,$-5.38,0.0,$1.26,16.79,$20.04B,$10.69B,1.87,$46.89B,$42.08B,1.11,$19.33B,$5.01B,25.94%,$19.33B,$3.60B,18.63%,$19.33B,$3.60B,18.63%,$19.33B,$4.93B,25.52%,$19.33B,$3.15B,16.29%,$19.33B,$1.32B,6.85%,$1.32B,$44.98B,3.13%,$1.32B,$36.82B,3.80%,$1.32B,$110.55B,1.27%,$3.60B,$91.87B,4.20%,$4951,$3420,$1531,$0,$44,$3829,$1122,$-328,$794,$97,$697,$360,$360,$1487,$1122,$1038,1038,$0.35,$0.34,$6206,$6839,$0,$20038,$0,$11642,$8167,$3464,$24959,$110550,$10692,$46886,$1420,$54876,$65568,$2832,$5949,$0,$44982,$110550,$697,$365,$0,$365,$0,$0,$0,$0,$-536,$122,$-476,$0,$31,$0,$0,$-306,$-165,$-916,$0,$253,$984,$0,$-223,$-302,$145,$857,$76,$0,$0
23,2012-12-31,21.09,$0.00,0.0,$17.37,1.21,$-5.30,0.0,$1.32,15.98,$19.48B,$11.60B,1.68,$44.76B,$41.35B,1.08,$18.42B,$4.51B,24.50%,$18.42B,$3.09B,16.79%,$18.42B,$3.09B,16.79%,$18.42B,$4.36B,23.64%,$18.42B,$3.26B,17.71%,$18.42B,$1.38B,7.49%,$1.38B,$44.25B,3.37%,$1.38B,$36.00B,4.07%,$1.38B,$108.64B,1.38%,$3.09B,$89.01B,3.76%,$5385,$4969,$416,$0,$-210,$5111,$274,$419,$967,$191,$776,$492,$492,$626,$274,$997,1025,$0.49,$0.48,$2844,$6579,$3111,$19479,$0,$11689,$8254,$3283,$24890,$108644,$11599,$44759,$1616,$52794,$64393,$2855,$6807,$0,$44251,$108644,$2747,$1263,$0,$1263,$0,$0,$0,$0,$-15,$1497,$-4524,$0,$318,$0,$0,$-2539,$2183,$-4562,$0,$-162,$2084,$0,$685,$0,$1316,$3923,$817,$0,$0
24,2012-09-30,19.7,$0.00,0.0,$16.32,1.21,$-3.69,0.0,$1.41,13.94,$19.90B,$10.48B,1.9,$41.41B,$38.16B,1.09,$17.16B,$5.77B,33.64%,$17.16B,$4.14B,24.10%,$17.16B,$4.14B,24.10%,$17.16B,$5.28B,30.74%,$17.16B,$3.51B,20.47%,$17.16B,$1.48B,8.60%,$1.48B,$40.86B,3.76%,$1.48B,$34.11B,4.52%,$1.48B,$100.14B,1.54%,$4.14B,$82.27B,5.27%,$4701,$3121,$1580,$0,$128,$3576,$1125,$-100,$1025,$153,$872,$334,$334,$1452,$1125,$1044,1044,$0.32,$0.33,$2760,$6518,$3555,$19904,$0,$11006,$6747,$0,$19623,$100139,$10480,$41412,$1691,$48799,$59279,$17212,$0,$0,$40860,$100139,$1971,$911,$0,$911,$0,$0,$0,$0,$-105,$388,$-1921,$0,$198,$0,$0,$-377,$343,$-1757,$0,$0,$421,$0,$1208,$0,$498,$2127,$733,$0,$0
25,2012-06-30,18.74,$0.00,0.0,$16.16,1.16,$-2.93,0.0,$1.33,14.13,$15.87B,$9.84B,1.61,$41.24B,$36.58B,1.13,$17.04B,$5.18B,30.41%,$17.04B,$3.66B,21.47%,$17.04B,$3.66B,21.47%,$17.04B,$4.70B,27.55%,$17.04B,$3.29B,19.33%,$17.04B,$1.40B,8.19%,$1.40B,$39.02B,3.77%,$1.40B,$32.33B,4.56%,$1.40B,$97.19B,1.52%,$3.66B,$80.26B,4.89%,$4293,$2806,$1487,$0,$119,$3212,$1081,$-719,$362,$-17,$379,$138,$138,$1368,$1081,$1218,1218,$0.11,$0.11,$2539,$6354,$0,$15867,$0,$10514,$6696,$3468,$22424,$97194,$9837,$41235,$1619,$48336,$58173,$0,$0,$0,$39021,$97194,$1099,$584,$0,$584,$0,$0,$0,$0,$-171,$71,$-825,$0,$178,$0,$0,$-535,$44,$-1138,$0,$0,$1967,$0,$-85,$-592,$330,$1620,$512,$0,$0
26,2012-03-31,17.72,$0.00,0.0,$16.98,1.04,$-2.50,0.0,$2.05,8.63,$15.57B,$9.74B,1.6,$37.74B,$37.36B,1.01,$16.88B,$4.83B,28.60%,$16.88B,$3.36B,19.91%,$16.88B,$3.36B,19.91%,$16.88B,$4.11B,24.34%,$16.88B,$4.48B,26.56%,$16.88B,$2.10B,12.41%,$2.10B,$39.80B,5.87%,$2.10B,$33.26B,7.17%,$2.10B,$95.17B,2.35%,$3.36B,$77.54B,4.71%,$4044,$3013,$1031,$0,$121,$3431,$613,$296,$909,$189,$720,$416,$416,$910,$613,$990,990,$0.42,$0.40,$2299,$6478,$0,$15573,$0,$13942,$6538,$0,$22571,$95165,$9742,$37741,$1917,$45621,$55363,$0,$0,$0,$39802,$95165,$720,$297,$0,$297,$0,$0,$0,$0,$80,$157,$-410,$0,$74,$0,$0,$-88,$3,$-421,$0,$0,$214,$0,$-89,$0,$385,$510,$272,$0,$0
27,2011-12-31,15.29,$0.00,0.0,$16.42,0.93,$-2.24,0.0,$1.93,7.91,$14.92B,$5.50B,2.71,$36.56B,$35.27B,1.04,$16.42B,$4.60B,28.02%,$16.42B,$3.22B,19.59%,$16.42B,$3.22B,19.59%,$16.42B,$3.67B,22.34%,$16.42B,$4.18B,25.46%,$16.42B,$1.96B,11.92%,$1.96B,$37.41B,5.82%,$1.96B,$30.83B,7.19%,$1.96B,$91.03B,2.27%,$3.22B,$73.96B,4.73%,$4122,$2448,$1674,$0,$129,$2805,$1317,$402,$1217,$257,$960,$588,$588,$1545,$1317,$980,980,$0.60,$0.57,$4341,$6060,$0,$14916,$0,$9401,$6575,$3667,$21761,$91030,$5495,$36557,$5754,$48128,$53623,$2816,$5990,$0,$37407,$91030,$3674,$904,$0,$904,$0,$0,$0,$0,$-279,$676,$-2000,$0,$115,$0,$0,$-1160,$68,$-2977,$0,$0,$1674,$0,$777,$-1064,$1263,$2650,$314,$0,$0
28,2011-09-30,15.2,$0.00,0.0,$16.57,0.92,$-0.56,0.0,$2.56,5.94,$14.46B,$8.78B,1.65,$35.57B,$30.05B,1.18,$16.26B,$3.00B,18.43%,$16.26B,$1.63B,10.04%,$16.26B,$1.63B,10.04%,$16.26B,$2.07B,12.74%,$16.26B,$5.06B,31.12%,$16.26B,$2.46B,15.12%,$2.46B,$31.95B,7.78%,$2.46B,$25.87B,9.75%,$2.46B,$84.64B,2.96%,$1.63B,$67.52B,2.54%,$4582,$3591,$991,$0,$119,$3934,$648,$158,$806,$90,$716,$253,$253,$872,$648,$1054,1054,$0.24,$0.24,$1956,$6042,$0,$14460,$0,$8397,$6077,$3468,$19947,$84635,$8776,$35574,$3433,$43914,$52690,$2802,$5531,$0,$31945,$84635,$2714,$676,$0,$676,$0,$0,$0,$0,$43,$962,$-1703,$0,$9,$0,$0,$-1466,$547,$-2613,$0,$0,$1527,$0,$448,$-822,$741,$1894,$243,$0,$0
29,2011-06-30,18.15,$0.00,0.0,$15.88,1.14,$0.86,21.03,$2.43,7.48,$17.40B,$10.94B,1.59,$33.01B,$31.69B,1.04,$15.52B,$3.21B,20.71%,$15.52B,$1.91B,12.28%,$15.52B,$1.91B,12.28%,$15.52B,$2.31B,14.91%,$15.52B,$4.67B,30.09%,$15.52B,$2.32B,14.93%,$2.32B,$33.58B,7.72%,$2.32B,$26.94B,9.54%,$2.32B,$86.21B,2.93%,$1.91B,$66.59B,3.14%,$4136,$3004,$1132,$0,$118,$3353,$783,$769,$1552,$124,$1428,$838,$838,$783,$783,$952,952,$0.88,$0.84,$1997,$6548,$0,$17400,$0,$9692,$6643,$3941,$22362,$86214,$10943,$33014,$3569,$41692,$52635,$2813,$5439,$0,$33579,$86214,$1998,$452,$0,$452,$0,$0,$0,$0,$-36,$685,$-866,$0,$6,$0,$0,$-1282,$571,$-1571,$0,$0,$775,$0,$717,$-553,$231,$1170,$284,$0,$0
30,2011-03-31,17.62,$0.00,0.0,$14.31,1.23,$1.53,11.52,$1.67,10.57,$16.38B,$10.60B,1.55,$32.07B,$15.08B,2.13,$14.46B,$3.19B,22.07%,$14.46B,$1.92B,13.25%,$14.46B,$1.92B,13.25%,$14.46B,$2.53B,17.51%,$14.46B,$3.48B,24.04%,$14.46B,$1.57B,10.84%,$1.57B,$31.66B,5.67%,$1.57B,$25.21B,6.87%,$1.57B,$82.74B,2.12%,$1.92B,$63.74B,3.38%,$3583,$2778,$805,$0,$115,$3114,$469,$138,$607,$37,$570,$278,$278,$469,$469,$1017,1017,$0.27,$0.28,$2034,$6317,$0,$16375,$0,$8535,$6454,$4256,$21234,$82736,$10602,$32071,$3442,$40470,$51072,$0,$0,$0,$31664,$82736,$0,$0,$0,$0,$0,$0,$0,$0,$0,$0,$0,$0,$0,$0,$0,$0,$0,$0,$0,$0,$0,$0,$0,$0,$0,$0,$0,$0,$0
31,2010-12-31,17.93,$0.00,0.0,$11.95,1.5,$1.54,11.62,$1.55,11.54,$13.07B,$6.48B,2.02,$30.37B,$27.53B,1.1,$13.62B,$3.42B,25.13%,$13.62B,$2.21B,16.24%,$13.62B,$2.21B,16.24%,$13.62B,$3.01B,22.07%,$13.62B,$3.34B,24.48%,$13.62B,$1.70B,12.47%,$1.70B,$29.19B,6.57%,$1.70B,$22.84B,7.83%,$1.70B,$78.13B,2.44%,$2.21B,$59.56B,4.15%,$3957,$3889,$68,$0,$121,$4225,$-268,$2362,$2094,$23,$2071,$1089,$1089,$-53,$-268,$878,908,$1.24,$1.20,$1713,$5849,$0,$13066,$0,$11048,$6351,$2365,$21548,$78131,$6482,$30366,$7121,$42457,$48939,$1334,$4627,$0,$29192,$78131,$3195,$795,$0,$795,$0,$0,$0,$0,$-714,$1454,$-1156,$0,$218,$0,$0,$-442,$-524,$-1904,$0,$0,$-440,$0,$57,$-373,$1610,$854,$404,$0,$0
32,2010-09-30,15.15,$0.00,0.0,$10.98,1.38,$0.68,22.42,$0.46,32.92,$12.97B,$7.95B,1.63,$27.37B,$24.21B,1.13,$13.12B,$3.60B,27.44%,$13.12B,$2.53B,19.24%,$13.12B,$2.53B,19.24%,$13.12B,$3.43B,26.14%,$13.12B,$1.59B,12.11%,$13.12B,$0.71B,5.43%,$0.71B,$25.62B,3.14%,$0.71B,$22.16B,3.73%,$0.71B,$69.32B,1.08%,$2.53B,$52.99B,4.97%,$3841,$2632,$1209,$0,$94,$2919,$922,$-506,$416,$74,$342,$112,$112,$1115,$922,$1050,1050,$0.11,$0.11,$1831,$5602,$0,$12970,$0,$5571,$3460,$4835,$15405,$69319,$7950,$27368,$3026,$35746,$43696,$1320,$3675,$0,$25623,$69319,$1124,$580,$0,$580,$0,$0,$0,$0,$-216,$1448,$-687,$0,$0,$0,$0,$78,$-256,$-865,$0,$0,$-548,$0,$54,$-605,$1075,$-24,$559,$0,$0
33,2010-06-30,11.95,$0.00,0.0,$10.35,1.15,$0.38,31.81,$0.47,25.61,$11.91B,$7.34B,1.62,$25.99B,$22.80B,1.14,$12.28B,$3.77B,30.70%,$12.28B,$2.47B,20.08%,$12.28B,$2.47B,20.08%,$12.28B,$3.50B,28.50%,$12.28B,$1.34B,10.87%,$12.28B,$0.71B,5.80%,$0.71B,$24.21B,3.53%,$0.71B,$21.13B,4.32%,$0.71B,$65.40B,1.13%,$2.47B,$50.21B,5.00%,$3081,$1971,$1110,$0,$109,$2288,$793,$-434,$359,$-14,$373,$89,$89,$1001,$793,$1113,1113,$0.08,$0.08,$1418,$5342,$0,$11907,$0,$5055,$3086,$7938,$17427,$65397,$7341,$25993,$2665,$33843,$41184,$1306,$3656,$0,$24213,$65397,$782,$387,$0,$387,$0,$0,$0,$0,$-54,$985,$-455,$0,$0,$0,$0,$79,$-308,$-684,$0,$0,$-533,$0,$28,$0,$350,$-155,$146,$0,$0
34,2010-03-31,13.3,$0.00,0.0,$10.83,1.23,$0.10,136.38,$0.55,24.32,$12.33B,$7.39B,1.67,$26.16B,$22.99B,1.14,$12.18B,$3.79B,31.09%,$12.18B,$2.33B,19.16%,$12.18B,$2.33B,19.16%,$12.18B,$3.46B,28.40%,$12.18B,$1.06B,8.68%,$12.18B,$0.77B,6.32%,$0.77B,$24.40B,4.38%,$0.77B,$20.66B,5.63%,$0.77B,$66.13B,1.27%,$2.33B,$50.56B,4.87%,$2744,$1707,$1037,$0,$93,$1979,$765,$-299,$466,$57,$409,$409,$409,$944,$765,$2360,2360,$0.17,$0.17,$1279,$5588,$0,$12328,$0,$4504,$3739,$5198,$14929,$66126,$7390,$26162,$2837,$34335,$41725,$1297,$3660,$0,$24401,$66126,$409,$179,$0,$179,$0,$0,$0,$0,$-178,$403,$-371,$0,$0,$0,$0,$97,$-442,$-716,$0,$0,$-249,$0,$18,$-91,$642,$320,$7,$0,$0
35,2009-12-31,11.45,$0.00,0.0,$12.51,0.92,$-0.02,0.0,$0.48,23.86,$11.78B,$10.02B,1.18,$32.99B,$15.37B,2.15,$12.08B,$3.76B,31.15%,$12.08B,$2.10B,17.34%,$12.08B,$2.10B,17.34%,$12.08B,$3.37B,27.89%,$12.08B,$0.69B,5.74%,$12.08B,$0.45B,3.76%,$0.45B,$16.52B,3.13%,$0.45B,$12.35B,4.27%,$0.45B,$61.90B,0.79%,$2.10B,$49.50B,4.56%,$3457,$3212,$245,$0,$-125,$3412,$45,$303,$348,$27,$321,$102,$102,$370,$45,$1020,1020,$0.10,$0.11,$2079,$0,$3700,$11776,$0,$4297,$4165,$0,$8462,$61902,$10017,$32987,$2382,$35369,$45386,$1289,$4451,$0,$16516,$61902,$454,$1275,$0,$1275,$0,$0,$0,$0,$-519,$1175,$-1725,$0,$0,$0,$0,$-13,$-648,$-2386,$0,$0,$-963,$0,$2121,$-341,$527,$1344,$133,$0,$0
36,2009-09-30,11.66,$0.00,0.0,$12.40,0.94,$1.11,10.52,$0.55,21.07,$12.23B,$10.07B,1.22,$31.28B,$14.49B,2.16,$11.63B,$3.59B,30.89%,$11.63B,$1.61B,13.84%,$11.63B,$1.61B,13.84%,$11.63B,$2.92B,25.06%,$11.63B,$0.29B,2.45%,$11.63B,$0.52B,4.50%,$0.52B,$15.63B,3.91%,$0.52B,$11.73B,5.41%,$0.52B,$59.37B,0.94%,$1.61B,$46.91B,3.65%,$2996,$1619,$1377,$0,$193,$2133,$863,$-701,$162,$50,$112,$112,$112,$1184,$863,$988,988,$0.11,$0.11,$2163,$0,$2067,$12231,$0,$1677,$3901,$1212,$6790,$59372,$10066,$31278,$2397,$33675,$43741,$6251,$0,$0,$15631,$59372,$352,$950,$0,$950,$0,$0,$0,$0,$-476,$998,$-578,$0,$0,$0,$0,$-12,$89,$-501,$0,$0,$-1040,$0,$898,$-253,$819,$424,$921,$0,$0
37,2009-06-30,8.64,$0.00,0.0,$12.80,0.68,$1.19,7.28,$0.62,13.94,$11.17B,$8.85B,1.26,$31.06B,$12.61B,2.46,$11.85B,$3.51B,29.58%,$11.85B,$1.54B,12.96%,$11.85B,$1.54B,12.96%,$11.85B,$2.85B,24.07%,$11.85B,$0.40B,3.38%,$11.85B,$0.58B,4.91%,$0.58B,$13.75B,4.63%,$0.58B,$9.96B,6.53%,$0.58B,$55.97B,1.07%,$1.54B,$44.81B,3.54%,$2978,$1852,$1126,$0,$166,$2318,$660,$-579,$81,$-66,$147,$147,$147,$960,$660,$919,919,$0.16,$0.16,$1532,$0,$2068,$11166,$0,$1688,$3794,$782,$6264,$55972,$8854,$31063,$2304,$33367,$42221,$5756,$0,$0,$13751,$55972,$240,$629,$0,$629,$0,$0,$0,$0,$-553,$260,$-78,$0,$0,$0,$0,$297,$-466,$-247,$0,$0,$-12,$0,$318,$-167,$138,$277,$290,$0,$0
38,2009-03-31,6.86,$0.00,0.0,$13.09,0.52,$1.65,4.16,$0.57,11.97,$10.61B,$8.18B,1.3,$30.33B,$11.19B,2.71,$12.31B,$3.61B,29.30%,$12.31B,$1.63B,13.23%,$12.31B,$1.63B,13.23%,$12.31B,$2.97B,24.15%,$12.31B,$0.45B,3.64%,$12.31B,$0.55B,4.43%,$0.55B,$12.06B,4.40%,$0.55B,$8.52B,6.27%,$0.55B,$52.80B,0.98%,$1.63B,$42.39B,3.72%,$2651,$1636,$1015,$0,$159,$2124,$527,$-425,$102,$9,$93,$93,$93,$856,$527,$930,930,$0.10,$0.10,$1029,$0,$2101,$10614,$0,$1854,$3542,$793,$6189,$52803,$8182,$30334,$2227,$32561,$40743,$4976,$0,$0,$12060,$52803,$93,$329,$0,$329,$0,$0,$0,$0,$-438,$-55,$-46,$0,$0,$0,$0,$4,$-380,$-422,$0,$157,$80,$0,$40,$0,$-13,$264,$-213,$0,$0
39,2008-12-31,7.49,$0.00,0.0,$13.72,0.55,$2.06,3.63,$0.68,11.02,$10.61B,$8.90B,1.19,$30.28B,$11.25B,2.69,$12.87B,$3.91B,30.35%,$12.87B,$1.94B,15.05%,$12.87B,$1.94B,15.05%,$12.87B,$3.27B,25.38%,$12.87B,$0.54B,4.21%,$12.87B,$0.65B,5.04%,$0.65B,$12.12B,5.19%,$0.65B,$8.47B,7.36%,$0.65B,$53.61B,1.14%,$1.94B,$42.39B,4.36%,$3006,$2931,$75,$0,$160,$3446,$-440,$380,$-60,$-578,$518,$171,$171,$-85,$-440,$916,916,$0.19,$0.18,$1852,$0,$3644,$10613,$0,$2980,$3643,$0,$6623,$53611,$8903,$30275,$2316,$32591,$41494,$1278,$4368,$0,$12117,$53611,$649,$1330,$0,$1330,$0,$0,$0,$0,$-279,$1567,$-1023,$0,$0,$0,$0,$-61,$319,$-765,$0,$0,$-1189,$0,$-266,$-342,$676,$-1121,$-319,$0,$0
40,2008-09-30,13.26,$0.00,0.0,$13.91,0.95,$-3.30,0.0,$0.87,15.19,$10.82B,$9.29B,1.17,$31.73B,$11.50B,2.76,$13.02B,$4.35B,33.38%,$13.02B,$2.46B,18.86%,$13.02B,$2.46B,18.86%,$13.02B,$3.73B,28.61%,$13.02B,$1.04B,7.98%,$13.02B,$0.82B,6.33%,$0.82B,$12.37B,6.64%,$0.82B,$8.73B,9.34%,$0.82B,$55.97B,1.44%,$2.46B,$44.11B,5.52%,$3216,$1927,$1289,$0,$167,$2427,$789,$-511,$278,$107,$171,$171,$171,$1122,$789,$940,940,$0.18,$0.18,$1670,$0,$2285,$10823,$0,$2458,$3649,$1038,$7145,$55972,$9286,$31731,$2581,$34312,$43598,$5821,$0,$0,$12374,$55972,$478,$975,$0,$975,$0,$0,$0,$0,$247,$1869,$-1396,$0,$0,$0,$0,$-416,$201,$-1611,$0,$0,$-173,$0,$52,$-257,$229,$-149,$109,$0,$0
41,2008-06-30,15.61,$0.00,0.0,$12.55,1.24,$-3.55,0.0,$0.78,20.01,$11.32B,$10.58B,1.07,$33.26B,$12.16B,2.74,$12.02B,$3.97B,32.99%,$12.02B,$2.22B,18.45%,$12.02B,$2.22B,18.45%,$12.02B,$3.40B,28.31%,$12.02B,$0.84B,6.96%,$12.02B,$0.75B,6.20%,$0.75B,$13.03B,6.15%,$0.75B,$9.08B,8.06%,$0.75B,$59.59B,1.36%,$2.22B,$46.29B,5.20%,$3436,$2208,$1228,$0,$148,$2684,$752,$-624,$128,$18,$110,$110,$110,$1080,$752,$971,971,$0.11,$0.11,$1532,$0,$2258,$11324,$0,$2854,$3952,$1467,$8273,$59586,$10576,$33262,$2717,$35979,$46555,$6284,$0,$0,$13031,$59586,$307,$642,$0,$642,$0,$0,$0,$0,$-127,$696,$-55,$0,$0,$0,$0,$-194,$-1236,$-1485,$0,$300,$119,$0,$-61,$0,$129,$487,$-29,$0,$0
42,2008-03-31,12.76,$0.00,0.0,$11.23,1.14,$-3.84,0.0,$0.83,15.43,$11.41B,$10.52B,1.09,$32.26B,$11.62B,2.78,$10.71B,$3.83B,35.77%,$10.71B,$2.19B,20.43%,$10.71B,$2.19B,20.43%,$10.71B,$3.31B,30.93%,$10.71B,$0.96B,8.93%,$10.71B,$0.79B,7.37%,$0.79B,$12.49B,6.77%,$0.79B,$9.01B,8.22%,$0.79B,$57.83B,1.55%,$2.19B,$44.75B,5.51%,$3210,$1896,$1314,$0,$165,$2375,$835,$-639,$196,$-1,$197,$197,$197,$1149,$835,$923,923,$0.21,$0.21,$1567,$0,$2431,$11412,$0,$2929,$3478,$1470,$7877,$57825,$10517,$32262,$2557,$34819,$45336,$6140,$0,$0,$12489,$57825,$197,$314,$0,$314,$0,$0,$0,$0,$-92,$469,$-189,$0,$0,$0,$0,$-357,$-39,$-585,$0,$7,$180,$0,$-58,$-81,$74,$122,$6,$0,$0
43,2007-12-31,16.41,$0.00,0.0,$9.69,1.69,$-3.88,0.0,$0.83,19.69,$9.80B,$10.06B,0.97,$31.16B,$10.90B,2.86,$9.34B,$3.65B,39.09%,$9.34B,$2.15B,23.05%,$9.34B,$2.15B,23.05%,$9.34B,$3.19B,34.12%,$9.34B,$1.04B,11.14%,$9.34B,$0.79B,8.42%,$0.79B,$11.77B,7.03%,$0.79B,$8.47B,8.00%,$0.79B,$55.60B,1.68%,$2.15B,$42.93B,5.85%,$3158,$2643,$515,$0,$141,$3078,$80,$357,$437,$-7,$444,$346,$346,$374,$80,$911,911,$0.38,$0.37,$2188,$0,$3808,$9797,$0,$4709,$3301,$0,$8010,$55597,$10055,$31155,$2617,$33772,$43827,$1275,$4867,$0,$11770,$55597,$787,$1034,$0,$1034,$0,$0,$0,$0,$1472,$3284,$-7621,$0,$0,$0,$0,$-413,$636,$-7398,$0,$1824,$2960,$0,$-265,$-316,$268,$4471,$357,$0,$0
44,2007-09-30,17.61,$0.00,0.0,$9.49,1.85,$-1.22,0.0,$1.13,15.57,$10.08B,$8.34B,1.21,$25.31B,$10.37B,2.44,$9.09B,$4.06B,44.68%,$9.09B,$2.66B,29.23%,$9.09B,$2.66B,29.23%,$9.09B,$3.63B,39.94%,$9.09B,$1.54B,16.92%,$9.09B,$1.05B,11.57%,$1.05B,$11.24B,9.83%,$1.05B,$10.47B,10.51%,$1.05B,$46.47B,2.44%,$2.66B,$36.56B,7.76%,$2219,$1310,$909,$0,$108,$1668,$551,$-475,$76,$-17,$93,$93,$93,$801,$551,$1073,1073,$0.09,$0.09,$2338,$0,$663,$10083,$0,$3221,$777,$1665,$5663,$46473,$8341,$25311,$1577,$26888,$35229,$6328,$0,$0,$11244,$46473,$441,$740,$0,$740,$0,$0,$0,$0,$183,$1534,$-1263,$0,$0,$0,$0,$-131,$-1564,$-2958,$0,$0,$2614,$0,$-232,$-234,$410,$2558,$1134,$0,$0
45,2007-06-30,18.13,$0.00,0.0,$8.96,2.02,$-2.78,0.0,$1.32,13.74,$8.60B,$7.78B,1.11,$23.54B,$10.25B,2.3,$8.28B,$4.01B,48.42%,$8.28B,$2.76B,33.29%,$8.28B,$2.76B,33.29%,$8.28B,$3.61B,43.67%,$8.28B,$1.78B,21.45%,$8.28B,$1.20B,14.55%,$1.20B,$11.12B,12.16%,$1.20B,$10.45B,12.81%,$1.20B,$44.03B,3.06%,$2.76B,$34.66B,8.82%,$2125,$1031,$1094,$0,$105,$1403,$722,$-474,$248,$95,$153,$153,$153,$989,$722,$918,956,$0.17,$0.16,$1335,$0,$751,$8604,$0,$3081,$668,$2197,$5946,$44029,$7780,$23537,$1591,$25128,$32908,$6337,$0,$0,$11121,$44029,$348,$490,$0,$490,$0,$0,$0,$0,$-317,$718,$-370,$0,$0,$0,$0,$-141,$-1665,$-2176,$0,$649,$888,$0,$55,$-148,$145,$1589,$131,$0,$0
46,2007-03-31,15.74,$0.00,0.0,$8.17,1.93,$-3.50,0.0,$1.30,12.13,$7.03B,$6.65B,1.06,$22.55B,$9.93B,2.27,$7.56B,$3.62B,47.89%,$7.56B,$2.53B,33.45%,$7.56B,$2.53B,33.45%,$7.56B,$3.25B,42.96%,$7.56B,$1.72B,22.70%,$7.56B,$1.19B,15.70%,$1.19B,$10.62B,13.07%,$1.19B,$9.95B,13.57%,$1.19B,$41.30B,3.30%,$2.53B,$33.17B,8.90%,$1841,$707,$1134,$0,$110,$1040,$801,$-521,$280,$85,$195,$195,$195,$1024,$801,$954,954,$0.20,$0.21,$1221,$0,$0,$7034,$0,$4764,$669,$702,$6135,$41295,$6651,$22546,$1476,$24022,$30673,$6061,$0,$0,$10622,$41295,$195,$223,$0,$223,$0,$0,$0,$0,$-152,$254,$-2,$0,$0,$0,$0,$-66,$7,$-61,$0,$-31,$-185,$0,$-106,$-71,$217,$-176,$17,$0,$0
47,2006-12-31,14.42,$0.00,0.0,$7.50,1.92,$-3.78,0.0,$1.28,11.3,$7.81B,$5.58B,1.4,$22.81B,$9.13B,2.5,$6.90B,$3.20B,46.32%,$6.90B,$2.26B,32.80%,$6.90B,$2.26B,32.80%,$6.90B,$2.86B,41.50%,$6.90B,$1.68B,24.34%,$6.90B,$1.17B,16.96%,$1.17B,$9.82B,14.21%,$1.17B,$9.15B,14.50%,$1.17B,$40.71B,3.62%,$2.26B,$32.63B,8.95%,$2904,$1980,$924,$0,$108,$2321,$583,$351,$934,$159,$775,$611,$611,$816,$583,$887,887,$0.69,$0.67,$1204,$0,$853,$7806,$0,$4151,$669,$0,$4820,$40708,$5578,$22808,$2504,$25312,$30890,$1215,$4222,$0,$9818,$40708,$1170,$600,$0,$600,$0,$0,$0,$0,$-418,$689,$-2549,$0,$0,$0,$0,$-889,$-5699,$-9137,$0,$0,$5360,$0,$1154,$-258,$2445,$8701,$253,$0,$0
