,Date,Stock Price,Book Value per Share,Price to Book Ratio,TTM Sales per Share,Price to Sales Ratio,TTM FCF per Share,Price to FCF Ratio,TTM Net EPS,PE Ratio,Current Assets,Current Liabilities,Current Ratio,Long Term Debt,Shareholder's Equity_x,Debt to Equity Ratio,TTM Revenue_x,TTM Gross Profit,Gross Margin,TTM Revenue_y,TTM Operating Income,Operating Margin,TTM Revenue_x,TTM EBIT,EBIT Margin,TTM Revenue_y,TTM EBITDA,EBITDA Margin,TTM Revenue_x,TTM Pre-Tax Income,Pre-Tax Margin,TTM Revenue_y,TTM Net Income_x,Net Margin,TTM Net Income_y,Shareholder's Equity_y,Return on Equity,TTM Net Income_x,Tangible Equity,Return on Tangible Equity,TTM Net Income_y,Total Assets,Return on Assets,TTM Net Income,LT Investments & Debt,Return on Investment,revenue,cost-goods-sold,gross-profit,research-development-expenses,selling-general-administrative-expenses,operating-expenses,operating-income,total-non-operating-income-expense,pre-tax-income,total-provision-income-taxes,income-after-taxes,income-from-continuous-operations,net-income,ebitda,ebit,basic-shares-outstanding,shares-outstanding,eps-basic-net-earnings-per-share,eps-earnings-per-share-diluted,cash-on-hand,inventory,other-current-assets,total-current-assets,net-property-plant-equipment,long-term-investments,goodwill-intangible-assets-total,other-long-term-assets,total-long-term-assets,total-assets,total-current-liabilities,long-term-debt,other-non-current-liabilities,total-long-term-liabilities,total-liabilities,common-stock-net,retained-earnings-accumulated-deficit,comprehensive-income,total-share-holder-equity,total-liabilities-share-holders-equity,net-income-loss,total-depreciation-amortization-cash-flow,other-non-cash-items,total-non-cash-items,change-in-accounts-receivable,change-in-inventories,change-in-accounts-payable,change-in-assets-liabilities,total-change-in-assets-liabilities,cash-flow-from-operating-activities,net-change-in-property-plant-equipment,net-change-in-intangible-assets,net-acquisitions-divestitures,net-change-in-short-term-investments,net-change-in-long-term-investments,net-change-in-investments-total,investing-activities-other,cash-flow-from-investing-activities,net-long-term-debt,net-current-debt,debt-issuance-retirement-net-total,net-common-equity-issued-repurchased,net-total-equity-issued-repurchased,total-common-preferred-stock-dividends-paid,financial-activities-other,cash-flow-from-financial-activities,net-cash-flow,stock-based-compensation,common-stock-dividends-paid
0,2018-09-30,18.9,$18.69,1.01,$8.57,2.21,$13.71,1.38,$0.43,43.95,$7.58B,$7.48B,1.01,$1.81B,$0.72B,2.53,$0.44B,$0.32B,72.48%,$0.44B,$0.04B,9.63%,$0.44B,0,0.00%,$0.44B,0,0.00%,$0.44B,$0.04B,8.72%,$0.44B,$0.02B,5.28%,$0.02B,$0.95B,2.33%,$0.02B,$0.90B,2.45%,$0.02B,$10.26B,0.22%,$0.04B,$2.76B,1.44%,$113,$37,$76,$0,$61,$98,$14,$-1,$14,$3,$10,$10,$4,$0,$0,$51,51,$0.07,$0.07,$372,$0,$0,$7583,$133,$2173,$44,$260,$2678,$10261,$7481,$1813,$20,$1833,$9314,$1,$141,$-22,$947,$10261,$34,$11,$23,$34,$29,$0,$-1,$0,$28,$96,$-8,$0,$0,$0,$536,$536,$-606,$-78,$355,$-410,$-55,$0,$-40,$-45,$107,$-34,$-15,$5,$-27
1,2018-06-30,19.55,$19.56,1.0,$8.61,2.27,$21.78,0.9,$0.59,33.14,$7.39B,$7.22B,1.02,$1.98B,$0.72B,2.75,$0.44B,$0.33B,76.03%,$0.44B,$0.04B,9.59%,$0.44B,0,0.00%,$0.44B,0,0.00%,$0.44B,$0.04B,8.68%,$0.44B,$0.03B,7.08%,$0.03B,$0.99B,3.09%,$0.03B,$0.94B,3.24%,$0.03B,$10.32B,0.30%,$0.04B,$2.97B,1.45%,$113,$32,$81,$0,$60,$94,$20,$-4,$16,$2,$14,$14,$10,$0,$0,$51,51,$0.19,$0.18,$386,$0,$0,$7391,$135,$2418,$45,$262,$2929,$10319,$7217,$1978,$136,$2114,$9331,$1,$144,$-19,$989,$10319,$23,$7,$22,$29,$8,$0,$-9,$0,$-1,$51,$-6,$0,$0,$0,$414,$414,$-388,$20,$380,$-270,$110,$0,$0,$-24,$-159,$-73,$-2,$4,$-14
2,2018-03-31,19.17,$19.64,0.98,$8.40,2.28,$28.18,0.68,$0.55,34.86,$7.26B,$7.20B,1.01,$2.08B,$0.73B,2.87,$0.43B,$0.33B,77.99%,$0.43B,$0.02B,5.62%,$0.43B,0,0.00%,$0.43B,0,0.00%,$0.43B,$0.02B,5.62%,$0.43B,$0.03B,6.56%,$0.03B,$0.99B,2.78%,$0.03B,$0.95B,2.92%,$0.03B,$10.33B,0.27%,$0.02B,$3.07B,0.90%,$107,$27,$80,$0,$78,$107,$1,$0,$1,$-6,$7,$7,$3,$0,$0,$51,51,$0.06,$0.06,$347,$0,$0,$7259,$135,$2556,$46,$260,$3070,$10329,$7195,$2078,$62,$2140,$9336,$1,$141,$-12,$994,$10329,$9,$4,$12,$15,$2,$0,$-11,$0,$-10,$14,$-2,$0,$0,$0,$216,$216,$-285,$-71,$180,$30,$210,$0,$0,$-12,$-183,$15,$-41,$2,$-7
3,2017-12-31,20.39,$20.01,1.02,$8.53,2.39,$27.42,0.74,$0.72,28.32,$7.11B,$7.43B,0.96,$1.87B,$0.74B,2.51,$0.43B,$0.35B,80.18%,$0.43B,$0.03B,7.37%,$0.43B,0,0.00%,$0.43B,0,0.00%,$0.43B,$0.03B,5.99%,$0.43B,$0.04B,8.53%,$0.04B,$1.01B,3.68%,$0.04B,$0.97B,3.87%,$0.04B,$10.33B,0.35%,$0.03B,$2.88B,1.30%,$103,$24,$79,$0,$71,$95,$7,$0,$7,$-3,$11,$11,$6,$0,$0,$50,51,$0.12,$0.11,$388,$0,$0,$7107,$136,$2700,$46,$268,$3221,$10328,$7433,$1868,$6,$1882,$9316,$1,$145,$5,$1012,$10328,$58,$9,$15,$25,$576,$0,$-96,$0,$481,$563,$-13,$0,$0,$1,$683,$684,$-520,$152,$329,$805,$1134,$2,$2,$-47,$-1856,$-767,$-52,$12,$-27
4,2017-09-30,20.36,$20.07,1.01,$9.28,2.19,$16.04,1.27,$1.14,17.86,$6.89B,$7.55B,0.91,$1.64B,$0.75B,2.21,$0.46B,$0.38B,82.94%,$0.46B,$0.05B,10.37%,$0.46B,0,0.00%,$0.46B,0,0.00%,$0.46B,$0.04B,8.86%,$0.46B,$0.06B,12.74%,$0.06B,$1.01B,5.92%,$0.06B,$0.97B,6.23%,$0.06B,$10.28B,0.55%,$0.05B,$2.66B,2.23%,$115,$22,$93,$0,$78,$101,$14,$0,$14,$-4,$18,$18,$12,$0,$0,$50,51,$0.23,$0.23,$613,$0,$0,$6893,$139,$2867,$47,$251,$3387,$10280,$7550,$1643,$61,$1716,$9266,$1,$145,$8,$1014,$10280,$46,$7,$5,$11,$549,$0,$-96,$0,$453,$511,$-11,$0,$0,$0,$583,$583,$-79,$493,$-34,$980,$946,$2,$2,$-35,$-1745,$-832,$172,$10,$-20
5,2017-06-30,20.95,$19.99,1.05,$9.38,2.23,$2.77,7.55,$1.50,13.97,$6.76B,$8.18B,0.83,$1.04B,$0.74B,1.41,$0.47B,$0.40B,84.62%,$0.47B,$0.05B,10.68%,$0.47B,0,0.00%,$0.47B,0,0.00%,$0.47B,$0.04B,9.19%,$0.47B,$0.08B,16.67%,$0.08B,$1.01B,7.91%,$0.08B,$0.96B,8.34%,$0.08B,$10.37B,0.71%,$0.05B,$2.05B,2.55%,$102,$21,$81,$0,$78,$100,$2,$-0,$2,$-13,$15,$15,$7,$0,$0,$50,51,$0.14,$0.14,$512,$0,$0,$6764,$143,$3016,$48,$221,$3602,$10366,$8175,$1043,$124,$1184,$9359,$1,$140,$9,$1006,$10366,$29,$4,$8,$12,$428,$0,$-87,$0,$341,$383,$-12,$0,$0,$0,$496,$496,$-33,$452,$33,$330,$363,$0,$0,$-23,$-1103,$-763,$72,$8,$-13
6,2017-03-31,20.05,$19.76,1.01,$9.72,2.06,$-9.63,0.0,$1.79,11.2,$6.76B,$8.77B,0.77,$1.26B,$0.72B,1.75,$0.48B,$0.42B,86.46%,$0.48B,$0.08B,16.88%,$0.48B,0,0.00%,$0.48B,0,0.00%,$0.48B,$0.07B,15.42%,$0.48B,$0.09B,19.17%,$0.09B,$0.99B,9.49%,$0.09B,$0.94B,10.04%,$0.09B,$11.05B,0.85%,$0.08B,$2.24B,4.13%,$114,$18,$95,$0,$86,$105,$9,$-6,$3,$-6,$9,$9,$12,$0,$0,$50,51,$0.23,$0.23,$410,$0,$0,$6761,$147,$3409,$49,$234,$4291,$11052,$8773,$1255,$8,$1293,$10066,$1,$140,$-10,$986,$11052,$17,$3,$-8,$-6,$27,$0,$-55,$0,$-28,$-16,$-10,$0,$0,$0,$-25,$-25,$-36,$-71,$75,$540,$615,$0,$0,$-12,$-547,$57,$-30,$3,$-6
7,2016-12-31,16.7,$19.65,0.85,$9.99,1.67,$-14.06,0.0,$1.92,8.7,$6.79B,$9.29B,0.73,$0.67B,$0.71B,0.94,$0.47B,$0.41B,87.18%,$0.47B,$0.10B,21.58%,$0.47B,0,0.00%,$0.47B,0,0.00%,$0.47B,$0.10B,21.37%,$0.47B,$0.10B,20.30%,$0.10B,$0.98B,10.11%,$0.10B,$0.93B,10.73%,$0.10B,$11.03B,0.90%,$0.10B,$1.65B,5.08%,$132,$17,$115,$0,$92,$110,$23,$0,$22,$-3,$24,$24,$28,$0,$0,$47,48,$0.57,$0.56,$441,$0,$0,$6789,$144,$3359,$51,$198,$4244,$11030,$9292,$665,$58,$758,$10050,$1,$135,$-9,$980,$11030,$115,$-18,$35,$17,$-150,$0,$36,$0,$-114,$18,$-45,$0,$0,$1,$-1434,$-1434,$-840,$-2318,$-72,$-390,$-462,$175,$253,$-42,$2834,$2584,$283,$12,$-23
8,2016-09-30,16.67,$19.53,0.85,$6.52,2.56,$-15.51,0.0,$1.77,9.42,$7.83B,$9.22B,0.85,$0.95B,$0.70B,1.35,$0.31B,$0.26B,82.26%,$0.31B,$0.07B,23.87%,$0.31B,0,0.00%,$0.31B,0,0.00%,$0.31B,$0.07B,23.87%,$0.31B,$0.08B,26.77%,$0.08B,$0.97B,9.68%,$0.08B,$0.92B,10.36%,$0.08B,$11.22B,0.85%,$0.07B,$1.92B,3.63%,$120,$15,$105,$0,$88,$104,$16,$0,$16,$-9,$25,$25,$31,$0,$0,$50,51,$0.60,$0.59,$374,$0,$0,$7826,$133,$2973,$55,$229,$3391,$11216,$9224,$947,$73,$1021,$10245,$1,$113,$7,$971,$11216,$82,$-17,$26,$9,$-256,$0,$20,$0,$-236,$-145,$-31,$0,$0,$0,$-1010,$-1010,$-1393,$-2434,$-89,$-110,$-199,$175,$253,$-31,$2771,$2795,$216,$9,$-16
9,2016-06-30,17.19,$19.00,0.9,$7.19,2.39,$-9.88,0.0,$1.47,11.69,$7.44B,$8.01B,0.93,$1.11B,$0.67B,1.65,$0.31B,$0.26B,83.39%,$0.31B,$0.08B,26.71%,$0.31B,0,0.00%,$0.31B,0,0.00%,$0.31B,$0.08B,26.71%,$0.31B,$0.06B,20.52%,$0.06B,$0.94B,8.12%,$0.06B,$0.88B,8.77%,$0.06B,$10.16B,0.71%,$0.08B,$2.05B,4.11%,$114,$14,$100,$0,$66,$80,$33,$0,$33,$14,$20,$20,$21,$0,$0,$47,49,$0.44,$0.43,$273,$0,$0,$7435,$121,$2346,$56,$192,$2722,$10158,$8010,$1108,$100,$1208,$9218,$1,$88,$3,$940,$10158,$46,$9,$-4,$5,$-288,$0,$5,$0,$-284,$-233,$-15,$0,$0,$0,$-373,$-373,$-1032,$-1421,$-137,$50,$-87,$175,$253,$-20,$1622,$1769,$116,$6,$-10
10,2016-03-31,16.52,$19.76,0.84,$8.20,2.01,$-5.20,0.0,$1.36,12.14,$6.58B,$7.27B,0.91,$1.47B,$0.56B,2.64,$0.33B,$0.28B,85.23%,$0.33B,$0.08B,23.69%,$0.33B,0,0.00%,$0.33B,0,0.00%,$0.33B,$0.08B,23.38%,$0.33B,$0.06B,16.92%,$0.06B,$0.87B,7.86%,$0.06B,$0.81B,8.57%,$0.06B,$9.62B,0.70%,$0.08B,$2.34B,4.29%,$102,$14,$88,$0,$58,$73,$29,$0,$29,$12,$17,$17,$15,$0,$0,$40,41,$0.36,$0.36,$217,$0,$0,$6584,$115,$2691,$57,$163,$3033,$9617,$7271,$1468,$10,$1478,$8749,$0,$73,$3,$868,$9617,$20,$5,$-4,$1,$-207,$0,$13,$-22,$-216,$-195,$-6,$0,$0,$0,$-711,$-711,$-272,$-989,$256,$265,$521,$76,$196,$-8,$534,$1243,$59,$4,$-5
11,2015-12-31,13.7,$17.15,0.8,$8.48,1.61,$-2.12,0.0,$1.29,10.62,$6.03B,$6.38B,0.95,$1.19B,$0.46B,2.58,$0.33B,$0.29B,86.97%,$0.33B,$0.07B,21.21%,$0.33B,0,0.00%,$0.33B,0,0.00%,$0.33B,$0.07B,20.91%,$0.33B,$0.05B,15.76%,$0.05B,$0.65B,8.51%,$0.05B,$0.59B,9.38%,$0.05B,$8.24B,0.74%,$0.07B,$1.85B,4.67%,$-26,$12,$-38,$0,$-35,$-22,$-4,$0,$-4,$-2,$-2,$-2,$16,$0,$0,$37,38,$0.44,$0.44,$158,$0,$0,$6027,$112,$1855,$58,$173,$2209,$8236,$6380,$1193,$10,$1203,$7583,$0,$64,$-3,$652,$8236,$62,$-14,$21,$8,$-127,$0,$14,$0,$-113,$-43,$-33,$0,$-47,$0,$-1465,$-1465,$-712,$-2257,$103,$362,$465,$1,$111,$-27,$1676,$2224,$-75,$9,$-18
12,2015-09-30,11.4,$17.05,0.67,$12.57,0.91,$-22.74,0.0,$1.15,9.91,$5.74B,$5.51B,1.04,$1.10B,$0.45B,2.43,$0.45B,$0.41B,91.15%,$0.45B,$0.08B,17.48%,$0.45B,0,0.00%,$0.45B,0,0.00%,$0.45B,$0.08B,17.26%,$0.45B,$0.05B,9.96%,$0.05B,$0.64B,7.84%,$0.05B,$0.58B,8.70%,$0.05B,$7.26B,0.70%,$0.08B,$1.74B,5.88%,$117,$11,$106,$0,$81,$93,$24,$0,$24,$9,$15,$15,$11,$0,$0,$38,39,$0.29,$0.29,$381,$0,$0,$5737,$35,$1268,$60,$145,$1520,$7257,$5505,$1099,$9,$1108,$6613,$0,$52,$2,$644,$7257,$43,$13,$13,$26,$-38,$0,$24,$-14,$-29,$40,$44,$0,$-47,$0,$-867,$-867,$-277,$-1147,$304,$62,$366,$0,$111,$-19,$797,$1254,$148,$7,$-13
13,2015-06-30,12.65,$17.78,0.71,$12.32,1.03,$-41.69,0.0,$1.17,10.81,$5.70B,$5.18B,1.1,$0.61B,$0.44B,1.39,$0.43B,$0.39B,91.08%,$0.43B,$0.07B,15.73%,$0.43B,0,0.00%,$0.43B,0,0.00%,$0.43B,$0.07B,15.49%,$0.43B,$0.04B,10.33%,$0.04B,$0.63B,8.39%,$0.04B,$0.58B,9.32%,$0.04B,$6.44B,0.76%,$0.07B,$1.25B,5.98%,$132,$11,$121,$0,$92,$104,$28,$-0,$27,$11,$16,$16,$13,$0,$0,$39,39,$0.33,$0.32,$461,$0,$0,$5699,$35,$579,$53,$59,$739,$6438,$5181,$614,$9,$623,$5804,$0,$45,$1,$634,$6438,$28,$9,$9,$18,$-121,$0,$11,$-2,$-112,$-65,$48,$0,$0,$0,$-185,$-185,$10,$-127,$205,$-318,$-113,$0,$111,$-12,$433,$420,$228,$4,$-9
14,2015-03-31,11.23,$14.66,0.77,$12.00,0.94,$-59.19,0.0,$1.12,10.02,$5.45B,$4.93B,1.11,$0.64B,$0.43B,1.48,$0.37B,$0.34B,90.62%,$0.37B,$0.05B,12.87%,$0.37B,0,0.00%,$0.37B,0,0.00%,$0.37B,$0.05B,12.87%,$0.37B,$0.04B,10.19%,$0.04B,$0.51B,7.99%,$0.04B,$0.46B,8.91%,$0.04B,$6.10B,0.72%,$0.05B,$1.16B,4.55%,$107,$9,$98,$0,$74,$85,$22,$-0,$22,$10,$13,$13,$12,$0,$0,$38,38,$0.30,$0.29,$267,$0,$0,$5449,$78,$438,$55,$62,$648,$6097,$4933,$642,$8,$651,$5583,$0,$37,$2,$514,$6097,$13,$-3,$6,$4,$-79,$0,$-2,$-4,$-86,$-70,$-2,$0,$0,$0,$-39,$-39,$34,$-7,$149,$-223,$-74,$0,$0,$-5,$190,$111,$34,$2,$-4
15,2014-12-31,10.35,$14.46,0.72,$12.58,0.82,$-70.72,0.0,$0.82,12.63,$5.38B,$4.73B,1.14,$0.73B,$0.42B,1.72,$0.33B,$0.30B,89.82%,$0.33B,$0.03B,8.08%,$0.33B,0,0.00%,$0.33B,0,0.00%,$0.33B,$0.03B,8.08%,$0.33B,$0.03B,7.78%,$0.03B,$0.50B,6.07%,$0.03B,$0.45B,6.81%,$0.03B,$5.97B,0.55%,$0.03B,$1.23B,2.79%,$96,$9,$87,$0,$81,$91,$5,$0,$5,$-5,$10,$10,$9,$0,$0,$28,28,$0.34,$0.33,$233,$0,$0,$5375,$79,$393,$57,$52,$597,$5971,$4733,$727,$8,$735,$5468,$0,$30,$0,$503,$5971,$30,$-22,$3,$-19,$-624,$0,$-9,$-6,$-638,$-628,$-12,$0,$-23,$-0,$-174,$-174,$-254,$-463,$238,$143,$381,$169,$169,$-15,$676,$1212,$121,$8,$-11
16,2014-09-30,10.38,$15.61,0.67,$14.11,0.74,$-80.18,0.0,$0.69,15.05,$4.02B,$3.68B,1.09,$0.40B,$0.37B,1.1,$0.31B,$0.28B,89.78%,$0.31B,$0.03B,9.90%,$0.31B,0,0.00%,$0.31B,0,0.00%,$0.31B,$0.03B,9.90%,$0.31B,$0.02B,6.07%,$0.02B,$0.45B,4.95%,$0.02B,$0.40B,5.57%,$0.02B,$4.54B,0.46%,$0.03B,$0.85B,3.76%,$91,$8,$82,$0,$69,$79,$12,$0,$12,$1,$11,$11,$10,$0,$0,$33,33,$0.31,$0.31,$187,$0,$0,$4024,$67,$351,$42,$44,$514,$4538,$3681,$403,$7,$410,$4091,$0,$25,$-0,$447,$4538,$20,$-19,$13,$-7,$-554,$0,$3,$-3,$-554,$-541,$-7,$0,$-1,$-0,$-135,$-135,$-116,$-260,$-11,$65,$54,$120,$120,$-11,$713,$876,$75,$5,$-8
17,2014-06-30,9.63,$15.90,0.61,$14.22,0.68,$-74.38,0.0,$-0.15,0.0,$3.96B,$3.40B,1.17,$0.55B,$0.36B,1.52,$0.27B,$0.24B,89.05%,$0.27B,$0.01B,4.01%,$0.27B,0,0.00%,$0.27B,0,0.00%,$0.27B,$0.01B,3.65%,$0.27B,$0.00B,0.00%,$0.00B,$0.44B,0.00%,$0.00B,$0.40B,0.00%,$0.00B,$4.39B,0.00%,$0.01B,$0.99B,1.54%,$79,$8,$71,$0,$61,$70,$9,$0,$9,$0,$8,$8,$7,$0,$0,$26,26,$0.27,$0.27,$260,$0,$0,$3957,$67,$273,$43,$44,$430,$4387,$3395,$547,$6,$553,$3947,$0,$19,$0,$439,$4387,$9,$6,$8,$14,$-491,$0,$-1,$9,$-483,$-460,$-5,$0,$-1,$-0,$-73,$-73,$-55,$-135,$-10,$210,$200,$121,$121,$-6,$429,$743,$148,$3,$-4
18,2014-03-31,10.73,$16.06,0.67,$15.43,0.7,$-68.32,0.0,$-0.06,0.0,$3.75B,$3.22B,1.16,$0.48B,$0.25B,1.95,$0.25B,$0.22B,89.11%,$0.25B,$0.01B,3.23%,$0.25B,0,0.00%,$0.25B,0,0.00%,$0.25B,$0.01B,2.82%,$0.25B,$-0.00B,-1.21%,$-0.00B,$0.33B,-0.98%,$-0.00B,$0.28B,-1.10%,$-0.00B,$4.03B,-0.09%,$0.01B,$0.80B,1.41%,$68,$8,$60,$0,$59,$67,$1,$0,$1,$0,$1,$1,$-0,$0,$0,$20,20,$-0.01,$-0.01,$335,$0,$0,$3745,$67,$140,$44,$34,$285,$4031,$3222,$477,$6,$483,$3705,$0,$14,$-0,$325,$4031,$1,$-8,$3,$-5,$-263,$0,$-5,$3,$-264,$-268,$-3,$0,$-1,$0,$59,$59,$33,$88,$60,$155,$215,$1,$1,$-3,$190,$403,$224,$1,$-2
19,2013-12-31,11.62,$16.13,0.72,$15.17,0.77,$-55.40,0.0,$-0.00,0.0,$3.28B,$2.97B,1.11,$0.33B,$0.25B,1.36,$0.22B,$0.19B,89.40%,$0.22B,$0.01B,4.15%,$0.22B,0,0.00%,$0.22B,0,0.00%,$0.22B,$0.01B,3.69%,$0.22B,$-0.00B,-0.92%,$-0.00B,$0.33B,-0.74%,$-0.00B,$0.28B,-0.81%,$-0.00B,$3.63B,-0.07%,$0.01B,$0.66B,2.02%,$75,$7,$68,$0,$57,$66,$9,$-0,$9,$6,$3,$3,$2,$0,$0,$15,15,$-0.02,$-0.02,$112,$0,$0,$3284,$66,$198,$42,$37,$344,$3628,$2965,$332,$5,$338,$3303,$0,$17,$-1,$325,$3628,$-0,$-11,$10,$-2,$-443,$0,$5,$4,$-434,$-435,$-55,$0,$-449,$3,$153,$156,$-956,$-1303,$0,$133,$133,$63,$101,$-9,$1515,$1740,$1,$3,$-7
20,2013-09-30,11.77,$16.79,0.7,$13.12,0.9,$-26.54,0.0,$-0.42,0.0,$3.39B,$3.30B,1.02,$0.11B,$0.22B,0.48,$0.18B,$0.16B,89.20%,$0.18B,$-0.00B,-0.57%,$0.18B,0,0.00%,$0.18B,0,0.00%,$0.18B,$-0.00B,-1.70%,$0.18B,$-0.01B,-4.55%,$-0.01B,$0.30B,-3.38%,$-0.01B,$0.27B,-3.65%,$-0.01B,$3.72B,-0.32%,$-0.00B,$0.41B,-0.27%,$52,$7,$45,$0,$52,$60,$-8,$-1,$-9,$-1,$-9,$-9,$-9,$0,$0,$18,18,$-0.53,$-0.53,$419,$0,$0,$3385,$61,$189,$35,$42,$333,$3718,$3304,$107,$4,$112,$3416,$0,$17,$0,$303,$3718,$-3,$6,$11,$17,$-189,$0,$13,$14,$-162,$-148,$-50,$0,$6,$2,$165,$167,$-1046,$-922,$0,$-92,$-92,$47,$84,$-6,$1391,$1378,$307,$1,$-5
21,2013-06-30,11.36,$17.93,0.63,$13.33,0.85,$-18.72,0.0,$0.90,12.62,$2.33B,$2.14B,1.09,$0.13B,$0.20B,0.63,$0.16B,$0.15B,91.25%,$0.16B,$0.02B,9.38%,$0.16B,0,0.00%,$0.16B,0,0.00%,$0.16B,$0.01B,8.75%,$0.16B,$0.01B,6.25%,$0.01B,$0.27B,4.78%,$0.01B,$0.26B,5.08%,$0.01B,$2.54B,0.50%,$0.02B,$0.40B,4.37%,$53,$5,$48,$0,$41,$47,$6,$0,$6,$2,$4,$4,$4,$0,$0,$12,12,$0.35,$0.35,$465,$0,$0,$2334,$16,$118,$12,$49,$201,$2535,$2136,$127,$4,$131,$2267,$0,$29,$1,$268,$2535,$5,$3,$6,$9,$-167,$0,$1,$9,$-158,$-143,$-4,$0,$0,$2,$12,$14,$-361,$-351,$0,$-30,$-30,$43,$77,$-3,$803,$848,$354,$1,$-3
22,2013-03-31,9.37,$15.74,0.6,$10.02,0.94,$-6.33,0.0,$0.45,20.82,$1.86B,$1.73B,1.08,$0.13B,$0.16B,0.84,$0.12B,$0.11B,90.68%,$0.12B,$0.01B,6.78%,$0.12B,0,0.00%,$0.12B,0,0.00%,$0.12B,$0.01B,5.93%,$0.12B,$0.01B,4.24%,$0.01B,$0.19B,2.66%,$0.01B,$0.18B,2.81%,$0.01B,$2.05B,0.31%,$0.01B,$0.32B,2.61%,$37,$4,$33,$0,$31,$35,$2,$-0,$2,$1,$1,$1,$1,$0,$0,$12,12,$0.05,$0.05,$127,$0,$0,$1863,$18,$115,$12,$36,$188,$2051,$1727,$132,$3,$136,$1863,$0,$26,$1,$188,$2051,$1,$2,$3,$4,$-10,$0,$1,$0,$-9,$-4,$-2,$0,$0,$1,$21,$23,$-368,$-348,$0,$-25,$-25,$0,$0,$-2,$392,$366,$15,$1,$-1
23,2012-12-31,9.87,$15.87,0.62,$7.83,1.26,$-5.45,0.0,$0.40,24.68,$1.47B,$1.33B,1.11,$0.16B,$0.16B,1.0,$0.09B,$0.08B,90.22%,$0.09B,$0.01B,6.52%,$0.09B,0,0.00%,$0.09B,0,0.00%,$0.09B,$0.01B,5.43%,$0.09B,$0.00B,4.35%,$0.00B,$0.19B,2.14%,$0.00B,$0.18B,2.22%,$0.00B,$1.68B,0.29%,$0.01B,$0.35B,2.13%,$34,$3,$31,$0,$32,$35,$-1,$-0,$-2,$2,$-3,$-3,$-4,$0,$0,$12,12,$-0.30,$-0.30,$114,$0,$0,$1474,$16,$136,$13,$36,$209,$1683,$1334,$157,$3,$160,$1494,$0,$27,$1,$189,$1683,$6,$4,$-4,$0,$-44,$0,$0,$4,$-39,$-33,$-5,$0,$0,$-0,$-13,$-14,$-119,$-138,$136,$0,$136,$-1,$-1,$-6,$106,$235,$64,$2,$-5
24,2012-09-30,9.86,$17.95,0.55,$5.84,1.69,$-1.40,0.0,$0.18,54.81,$1.45B,$1.36B,1.07,$0.12B,$0.16B,0.75,$0.07B,$0.06B,89.55%,$0.07B,$0.00B,2.99%,$0.07B,0,0.00%,$0.07B,0,0.00%,$0.07B,0,0.00%,$0.07B,$0.00B,2.99%,$0.00B,$0.19B,1.08%,$0.00B,$0.18B,1.10%,$0.00B,$1.67B,0.16%,$0.00B,$0.31B,0.81%,$36,$2,$34,$0,$25,$28,$8,$-0,$8,$-1,$10,$10,$9,$0,$0,$12,12,$0.79,$0.79,$128,$0,$0,$1448,$15,$131,$13,$54,$221,$1670,$1355,$120,$3,$123,$1478,$0,$31,$0,$192,$1670,$9,$2,$-9,$-7,$-48,$0,$4,$10,$-35,$-32,$-4,$0,$0,$0,$-14,$-14,$-91,$-109,$98,$0,$98,$-0,$-0,$-5,$127,$219,$78,$1,$-4
25,2012-06-30,9.17,$17.19,0.53,$3.69,2.49,$1.81,5.08,$-0.57,0.0,$0.92B,$0.87B,1.06,$0.07B,$0.15B,0.45,$0.04B,$0.04B,83.33%,$0.04B,$-0.00B,-9.52%,$0.04B,0,0.00%,$0.04B,0,0.00%,$0.04B,$-0.01B,-16.67%,$0.04B,$-0.01B,-14.29%,$-0.01B,$0.18B,-3.24%,$-0.01B,$0.18B,-3.24%,$-0.01B,$1.12B,-0.58%,$-0.00B,$0.25B,-1.81%,$11,$2,$9,$0,$10,$12,$-1,$-0,$-1,$-0,$-1,$-1,$-1,$0,$0,$12,12,$-0.09,$-0.09,$89,$0,$0,$922,$13,$123,$0,$57,$193,$1115,$866,$67,$0,$67,$933,$0,$24,$-0,$182,$1115,$-0,$1,$2,$3,$-0,$0,$-1,$8,$7,$9,$-3,$0,$0,$0,$-14,$-14,$-58,$-76,$47,$0,$47,$-0,$-0,$-2,$66,$111,$44,$1,$-1
26,2012-03-31,9.04,$17.37,0.52,$3.79,2.39,$1.37,6.58,$-0.32,0.0,$0.91B,$0.86B,1.05,$0.04B,$0.15B,0.23,$0.04B,$0.04B,85.37%,$0.04B,$-0.00B,-2.44%,$0.04B,0,0.00%,$0.04B,0,0.00%,$0.04B,$-0.00B,-9.76%,$0.04B,$-0.00B,-7.32%,$-0.00B,$0.18B,-1.67%,$-0.00B,$0.18B,-1.67%,$-0.00B,$1.08B,-0.31%,$-0.00B,$0.22B,-0.49%,$11,$1,$9,$0,$9,$10,$0,$-0,$0,$0,$0,$0,$-0,$0,$0,$12,12,$0.00,$0.00,$74,$0,$0,$906,$12,$108,$0,$57,$177,$1083,$864,$35,$0,$35,$899,$0,$26,$-0,$184,$1083,$0,$0,$1,$1,$-0,$0,$1,$4,$5,$7,$-2,$0,$0,$0,$1,$1,$-57,$-58,$15,$0,$15,$-0,$-0,$-2,$68,$81,$29,$0,$-1
27,2011-12-31,7.61,$15.85,0.48,$3.86,1.97,$1.25,6.09,$-0.25,0.0,$0.83B,$0.80B,1.04,$0.02B,$0.15B,0.13,$0.04B,$0.03B,85.00%,$0.04B,$0.00B,2.50%,$0.04B,0,0.00%,$0.04B,0,0.00%,$0.04B,$-0.00B,-7.50%,$0.04B,$-0.00B,-5.00%,$-0.00B,$0.18B,-1.19%,$-0.00B,$0.18B,-1.19%,$-0.00B,$1.00B,-0.22%,$0.00B,$0.20B,0.50%,$9,$1,$8,$0,$13,$15,$-5,$-3,$-7,$-2,$-6,$-6,$-6,$0,$0,$11,11,$-0.58,$-0.58,$44,$0,$0,$829,$11,$110,$0,$42,$170,$999,$795,$20,$0,$20,$815,$0,$28,$-1,$184,$999,$-3,$0,$12,$12,$-1,$0,$5,$0,$4,$14,$-5,$0,$0,$0,$-38,$-38,$-124,$-168,$-55,$0,$-55,$25,$57,$-4,$140,$139,$-15,$2,$-3
28,2011-09-30,8.24,$18.15,0.45,$5.63,1.46,$4.51,1.83,$0.42,19.62,$0.77B,$0.72B,1.08,$0.02B,$0.19B,0.1,$0.04B,$0.04B,84.09%,$0.04B,$0.01B,18.18%,$0.04B,0,0.00%,$0.04B,0,0.00%,$0.04B,$0.01B,13.64%,$0.04B,$0.01B,11.36%,$0.01B,$0.19B,3.21%,$0.01B,$0.19B,3.21%,$0.01B,$0.93B,0.57%,$0.01B,$0.21B,3.96%,$11,$1,$9,$0,$7,$8,$2,$-1,$1,$0,$1,$1,$1,$0,$0,$12,12,$0.04,$0.04,$75,$0,$0,$774,$9,$72,$0,$73,$155,$929,$717,$20,$0,$20,$737,$0,$35,$-1,$191,$929,$3,$0,$-4,$-3,$1,$0,$4,$0,$5,$4,$-3,$0,$0,$0,$-13,$-13,$-36,$-53,$-55,$0,$-55,$26,$26,$-4,$98,$65,$16,$1,$-3
29,2011-06-30,10.59,$15.31,0.69,$7.33,1.44,$8.72,1.21,$1.04,10.18,$0.74B,$0.69B,1.06,$0.03B,$0.16B,0.19,$0.04B,$0.04B,84.09%,$0.04B,$0.01B,22.73%,$0.04B,0,0.00%,$0.04B,0,0.00%,$0.04B,$0.01B,20.45%,$0.04B,$0.01B,15.91%,$0.01B,$0.16B,5.27%,$0.01B,$0.16B,5.27%,$0.01B,$0.88B,0.81%,$0.01B,$0.19B,5.19%,$10,$2,$9,$0,$6,$8,$2,$-0,$2,$1,$2,$2,$2,$0,$0,$10,10,$0.16,$0.16,$61,$0,$0,$736,$9,$82,$0,$55,$146,$882,$692,$30,$0,$30,$722,$0,$36,$1,$160,$882,$2,$-0,$3,$2,$0,$0,$2,$-3,$-1,$4,$-3,$0,$0,$0,$-10,$-10,$-7,$-20,$-45,$0,$-45,$25,$25,$-1,$40,$19,$2,$1,$-1
30,2011-03-31,11.18,$13.94,0.8,$8.76,1.28,$10.85,1.03,$0.23,48.62,$0.70B,$0.64B,1.1,$0.06B,$0.14B,0.44,$0.04B,$0.04B,79.55%,$0.04B,$0.01B,13.64%,$0.04B,0,0.00%,$0.04B,0,0.00%,$0.04B,$0.00B,9.09%,$0.04B,$0.00B,4.55%,$0.00B,$0.14B,1.71%,$0.00B,$0.14B,1.71%,$0.00B,$0.84B,0.23%,$0.01B,$0.20B,3.09%,$10,$2,$8,$0,$6,$8,$2,$-0,$1,$0,$1,$1,$1,$0,$0,$10,10,$0.07,$0.07,$29,$0,$0,$703,$8,$82,$0,$42,$132,$835,$639,$60,$0,$60,$699,$0,$35,$3,$136,$835,$1,$-0,$-0,$-0,$0,$0,$2,$3,$4,$5,$-2,$0,$0,$0,$-9,$-9,$4,$-6,$-15,$0,$-15,$-1,$-1,$-1,$-12,$-29,$-30,$0,$-1
31,2010-12-31,9.21,$15.65,0.59,$10.35,0.89,$12.20,0.75,$0.31,29.7,$0.74B,$0.65B,1.14,$0.08B,$0.14B,0.55,$0.05B,$0.04B,77.78%,$0.05B,$0.01B,11.11%,$0.05B,0,0.00%,$0.05B,0,0.00%,$0.05B,$0.00B,8.89%,$0.05B,$0.00B,4.44%,$0.00B,$0.14B,1.86%,$0.00B,$0.14B,1.86%,$0.00B,$0.86B,0.23%,$0.01B,$0.21B,2.53%,$13,$2,$11,$0,$9,$12,$2,$-1,$2,$0,$1,$1,$1,$0,$0,$5,5,$0.21,$0.21,$59,$0,$0,$741,$6,$73,$0,$41,$121,$862,$651,$75,$0,$75,$726,$0,$36,$3,$136,$862,$3,$-1,$8,$7,$1,$0,$0,$12,$14,$23,$-2,$0,$0,$0,$-5,$-5,$47,$39,$-60,$0,$-60,$56,$37,$-3,$-12,$-38,$25,$1,$-2
32,2010-09-30,7.31,$23.30,0.31,$10.47,0.7,$9.73,0.75,$-0.04,0.0,$0.73B,$0.69B,1.06,$0.08B,$0.08B,0.94,$0.04B,$0.03B,74.42%,$0.04B,$0.00B,4.65%,$0.04B,0,0.00%,$0.04B,0,0.00%,$0.04B,0,0.00%,$0.04B,0,0.00%,$0.00B,$0.10B,0.00%,$0.00B,$0.10B,0.00%,$0.00B,$0.86B,0.00%,$0.00B,$0.17B,0.99%,$11,$2,$9,$0,$4,$7,$4,$-0,$4,$1,$3,$3,$3,$0,$0,$4,4,$0.66,$0.66,$40,$0,$0,$733,$4,$80,$0,$41,$130,$863,$689,$75,$0,$75,$764,$0,$36,$3,$99,$863,$1,$-1,$11,$10,$1,$0,$0,$6,$7,$18,$-0,$0,$0,$0,$-15,$-15,$38,$22,$-60,$0,$-60,$-0,$-0,$-1,$26,$-35,$5,$0,$-1
33,2010-06-30,5.41,$22.72,0.24,$10.70,0.51,$9.37,0.58,$-0.40,0.0,$0.75B,$0.69B,1.1,$0.10B,$0.08B,1.29,$0.04B,$0.03B,70.45%,$0.04B,0,0.00%,$0.04B,0,0.00%,$0.04B,0,0.00%,$0.04B,$-0.00B,-4.55%,$0.04B,$-0.00B,-4.55%,$-0.00B,$0.10B,-2.06%,$-0.00B,$0.10B,-2.06%,$-0.00B,$0.88B,-0.22%,$0.00B,$0.20B,0.00%,$10,$3,$7,$0,$10,$12,$-2,$-1,$-3,$-1,$-2,$-2,$-3,$0,$0,$4,4,$-0.65,$-0.65,$40,$0,$0,$751,$4,$79,$0,$46,$130,$881,$685,$100,$0,$100,$785,$0,$33,$3,$96,$881,$-2,$-1,$10,$10,$1,$0,$-1,$2,$2,$9,$-0,$0,$0,$0,$-15,$-15,$23,$8,$-35,$0,$-35,$-0,$-0,$-1,$24,$-12,$6,$0,$-0
34,2010-03-31,5.18,$23.21,0.22,$11.27,0.46,$8.46,0.61,$0.35,14.8,$0.78B,$0.70B,1.11,$0.11B,$0.08B,1.39,$0.05B,$0.03B,68.09%,$0.05B,$0.00B,6.38%,$0.05B,0,0.00%,$0.05B,0,0.00%,$0.05B,$0.00B,4.26%,$0.05B,$0.00B,2.13%,$0.00B,$0.10B,1.03%,$0.00B,$0.10B,1.03%,$0.00B,$0.90B,0.11%,$0.00B,$0.21B,1.27%,$11,$3,$8,$0,$6,$10,$1,$0,$1,$0,$1,$1,$1,$0,$0,$4,4,$0.15,$0.15,$44,$0,$0,$775,$4,$80,$0,$45,$129,$904,$695,$110,$0,$110,$805,$0,$36,$2,$98,$904,$1,$-0,$3,$3,$0,$0,$0,$3,$3,$7,$-0,$0,$0,$0,$-17,$-17,$13,$-5,$-25,$0,$-25,$-0,$-0,$-0,$33,$8,$10,$0,$-0
35,2009-12-31,3.52,$22.97,0.15,$11.67,0.3,$7.41,0.47,$-0.48,0.0,$0.79B,$0.66B,1.19,$0.14B,$0.08B,1.72,$0.05B,$0.03B,64.58%,$0.05B,$-0.00B,-2.08%,$0.05B,0,0.00%,$0.05B,0,0.00%,$0.05B,$-0.00B,-4.17%,$0.05B,$-0.00B,-6.25%,$-0.00B,$0.10B,-3.12%,$-0.00B,$0.10B,-3.12%,$-0.00B,$0.89B,-0.34%,$-0.00B,$0.23B,-0.40%,$11,$4,$8,$0,$9,$13,$-1,$0,$-2,$-1,$-1,$-1,$-1,$0,$0,$4,4,$-0.20,$-0.20,$35,$0,$0,$787,$4,$62,$0,$41,$107,$894,$661,$135,$0,$135,$796,$0,$36,$2,$97,$894,$-1,$-1,$19,$17,$1,$0,$-2,$-7,$-9,$7,$-0,$0,$0,$1,$-31,$-30,$21,$-9,$-40,$0,$-40,$-0,$-0,$-3,$60,$18,$15,$0,$-2
36,2009-09-30,4.12,$22.84,0.18,$11.84,0.35,$7.43,0.55,$-0.63,0.0,$0.80B,$0.64B,1.24,$0.15B,$0.08B,1.93,$0.05B,$0.03B,61.22%,$0.05B,$-0.00B,-6.12%,$0.05B,0,0.00%,$0.05B,0,0.00%,$0.05B,$-0.00B,-6.12%,$0.05B,$-0.00B,-6.12%,$-0.00B,$0.10B,-3.10%,$-0.00B,$0.10B,-3.10%,$-0.00B,$0.89B,-0.34%,$-0.00B,$0.25B,-1.15%,$12,$4,$8,$0,$6,$10,$2,$0,$2,$0,$1,$1,$1,$0,$0,$4,4,$0.30,$0.30,$25,$0,$0,$797,$4,$58,$0,$35,$97,$894,$642,$150,$0,$150,$797,$0,$37,$0,$97,$894,$-0,$-1,$11,$10,$1,$0,$6,$-0,$7,$16,$-0,$0,$0,$1,$-30,$-29,$7,$-22,$-25,$0,$-25,$-0,$-0,$-2,$39,$12,$6,$0,$-1
37,2009-06-30,4.35,$22.51,0.19,$11.91,0.37,$5.18,0.84,$-0.58,0.0,$0.80B,$0.63B,1.26,$0.17B,$0.08B,2.16,$0.05B,$0.03B,59.18%,$0.05B,$-0.00B,-6.12%,$0.05B,0,0.00%,$0.05B,0,0.00%,$0.05B,$-0.00B,-6.12%,$0.05B,$-0.00B,-6.12%,$-0.00B,$0.10B,-3.23%,$-0.00B,$0.10B,-3.23%,$-0.00B,$0.89B,-0.34%,$-0.00B,$0.26B,-1.13%,$13,$5,$8,$0,$7,$12,$1,$0,$1,$0,$1,$1,$0,$0,$0,$4,4,$0.10,$0.10,$13,$0,$0,$798,$4,$53,$0,$38,$95,$894,$632,$166,$0,$166,$798,$0,$36,$-0,$96,$894,$-2,$-1,$9,$8,$-0,$0,$-0,$-1,$-1,$6,$-0,$0,$0,$0,$-26,$-26,$-6,$-32,$-25,$16,$-10,$-0,$-0,$-2,$30,$19,$-8,$0,$-1
38,2009-03-31,4.22,$17.52,0.24,$11.71,0.36,$4.84,0.87,$-1.11,0.0,$0.81B,$0.63B,1.28,$0.17B,$0.08B,2.19,$0.05B,$0.03B,56.25%,$0.05B,$-0.01B,-12.50%,$0.05B,0,0.00%,$0.05B,0,0.00%,$0.05B,$-0.01B,-12.50%,$0.05B,$-0.01B,-10.42%,$-0.01B,$0.10B,-5.60%,$-0.01B,$0.10B,-5.60%,$-0.01B,$0.90B,-0.58%,$-0.01B,$0.26B,-2.27%,$12,$5,$7,$0,$11,$16,$-3,$0,$-3,$-1,$-3,$-3,$-3,$0,$0,$4,4,$-0.68,$-0.68,$12,$0,$0,$809,$4,$48,$0,$35,$88,$896,$634,$167,$0,$167,$801,$0,$35,$-0,$95,$896,$-3,$-0,$6,$6,$-0,$0,$-0,$-1,$-1,$2,$-0,$0,$0,$0,$-21,$-21,$-12,$-33,$-10,$2,$-8,$-0,$-0,$-1,$32,$23,$-8,$0,$-1
39,2008-12-31,5.84,$23.22,0.25,$11.55,0.51,$4.47,1.31,$-0.15,0.0,$0.82B,$0.60B,1.36,$0.18B,$0.08B,2.2,$0.05B,$0.03B,54.17%,$0.05B,$-0.00B,-2.08%,$0.05B,0,0.00%,$0.05B,0,0.00%,$0.05B,$-0.00B,-2.08%,$0.05B,$-0.00B,-2.08%,$-0.00B,$0.10B,-1.16%,$-0.00B,$0.10B,-1.16%,$-0.00B,$0.88B,-0.12%,$-0.00B,$0.27B,-0.40%,$12,$6,$7,$0,$9,$15,$-3,$0,$-3,$-2,$-1,$-1,$-1,$0,$0,$4,4,$-0.35,$-0.35,$20,$0,$0,$817,$4,$27,$0,$28,$59,$877,$603,$175,$0,$175,$778,$0,$38,$0,$99,$877,$-1,$0,$8,$9,$-1,$0,$-0,$-0,$-1,$7,$-0,$0,$0,$0,$-15,$-15,$-96,$-111,$100,$-37,$63,$17,$17,$-3,$24,$101,$-3,$1,$-3
40,2008-09-30,7.41,$19.02,0.39,$11.41,0.65,$3.60,2.06,$0.40,18.53,$0.81B,$0.58B,1.39,$0.18B,$0.08B,2.24,$0.05B,$0.02B,50.00%,$0.05B,$0.00B,6.25%,$0.05B,0,0.00%,$0.05B,0,0.00%,$0.05B,$0.00B,6.25%,$0.05B,$0.00B,2.08%,$0.00B,$0.08B,1.21%,$0.00B,$0.08B,1.21%,$0.00B,$0.85B,0.12%,$0.00B,$0.27B,1.29%,$12,$6,$7,$0,$5,$10,$2,$0,$2,$0,$1,$1,$1,$0,$0,$4,4,$0.35,$0.35,$13,$0,$0,$808,$5,$9,$0,$23,$37,$846,$580,$183,$0,$183,$764,$0,$41,$0,$82,$846,$1,$0,$7,$7,$-1,$0,$-0,$-0,$-1,$7,$-0,$0,$0,$0,$2,$2,$-89,$-86,$100,$-28,$72,$-2,$-2,$-2,$2,$69,$-10,$1,$-2
41,2008-06-30,7.25,$18.80,0.39,$11.27,0.64,$2.46,2.95,$0.12,60.39,$0.79B,$0.57B,1.39,$0.17B,$0.08B,2.15,$0.05B,$0.02B,45.83%,$0.05B,$0.00B,2.08%,$0.05B,0,0.00%,$0.05B,0,0.00%,$0.05B,$0.00B,2.08%,$0.05B,0,0.00%,$0.00B,$0.08B,0.00%,$0.00B,$0.08B,0.00%,$0.00B,$0.83B,0.00%,$0.00B,$0.26B,0.47%,$12,$6,$6,$0,$9,$14,$-2,$0,$-2,$-1,$-2,$-2,$-2,$0,$0,$4,4,$-0.43,$-0.43,$13,$0,$0,$789,$5,$8,$0,$23,$36,$825,$570,$174,$0,$174,$744,$0,$40,$0,$81,$825,$-1,$0,$6,$6,$-0,$0,$-1,$-0,$-1,$4,$-0,$0,$0,$0,$3,$3,$-67,$-64,$55,$7,$62,$-2,$-2,$-2,$-9,$50,$-10,$1,$-2
42,2008-03-31,8.94,$19.31,0.46,$11.24,0.8,$1.94,4.6,$0.74,12.08,$0.76B,$0.58B,1.32,$0.13B,$0.08B,1.59,$0.05B,$0.02B,43.75%,$0.05B,$0.00B,8.33%,$0.05B,0,0.00%,$0.05B,0,0.00%,$0.05B,$0.00B,8.33%,$0.05B,$0.00B,6.25%,$0.00B,$0.08B,3.58%,$0.00B,$0.08B,3.58%,$0.00B,$0.80B,0.39%,$0.00B,$0.22B,2.06%,$12,$6,$6,$0,$4,$10,$2,$0,$2,$1,$1,$1,$1,$0,$0,$4,4,$0.28,$0.28,$17,$0,$0,$763,$5,$7,$0,$23,$34,$798,$580,$133,$0,$133,$714,$0,$43,$0,$84,$798,$1,$0,$0,$0,$-0,$0,$-1,$0,$-1,$1,$-0,$0,$0,$0,$4,$4,$-33,$-28,$45,$-23,$22,$-1,$-1,$-1,$2,$22,$-6,$0,$-1
43,2007-12-31,9.76,$19.11,0.51,$11.36,0.86,$1.94,5.02,$0.71,13.75,$0.74B,$0.58B,1.27,$0.11B,$0.08B,1.33,$0.05B,$0.02B,40.82%,$0.05B,$0.00B,8.16%,$0.05B,0,0.00%,$0.05B,0,0.00%,$0.05B,$0.00B,8.16%,$0.05B,$0.00B,6.12%,$0.00B,$0.08B,3.59%,$0.00B,$0.08B,3.59%,$0.00B,$0.78B,0.39%,$0.00B,$0.20B,2.09%,$12,$7,$5,$0,$4,$11,$1,$0,$1,$-0,$1,$1,$1,$0,$0,$4,4,$0.20,$0.19,$23,$0,$0,$737,$5,$11,$0,$22,$38,$775,$579,$112,$0,$112,$691,$0,$42,$0,$84,$775,$3,$0,$0,$1,$-0,$0,$-1,$1,$0,$4,$-0,$0,$0,$0,$13,$13,$30,$43,$1,$-41,$-40,$-0,$-0,$-3,$4,$-39,$8,$2,$-3
44,2007-09-30,12.76,$18.98,0.67,$11.55,1.11,$2.02,6.3,$0.80,15.95,$0.72B,$0.59B,1.23,$0.10B,$0.08B,1.19,$0.05B,$0.02B,40.82%,$0.05B,$0.01B,10.20%,$0.05B,0,0.00%,$0.05B,0,0.00%,$0.05B,$0.01B,10.20%,$0.05B,$0.00B,6.12%,$0.00B,$0.08B,3.61%,$0.00B,$0.08B,3.61%,$0.00B,$0.77B,0.38%,$0.01B,$0.18B,2.50%,$12,$7,$5,$0,$4,$12,$0,$0,$0,$-0,$0,$0,$0,$0,$0,$4,4,$0.07,$0.07,$14,$0,$0,$723,$5,$21,$0,$22,$48,$770,$587,$100,$0,$100,$687,$0,$42,$-0,$84,$770,$2,$0,$0,$0,$-0,$0,$-0,$0,$-0,$2,$-0,$0,$0,$0,$3,$3,$36,$39,$-14,$-38,$-52,$-0,$-0,$-2,$12,$-42,$-1,$2,$-2
45,2007-06-30,12.93,$18.95,0.68,$11.74,1.1,$2.42,5.35,$1.03,12.56,$0.72B,$0.59B,1.23,$0.10B,$0.08B,1.17,$0.05B,$0.02B,40.00%,$0.05B,$0.01B,14.00%,$0.05B,0,0.00%,$0.05B,0,0.00%,$0.05B,$0.01B,14.00%,$0.05B,$0.00B,8.00%,$0.00B,$0.08B,4.86%,$0.00B,$0.08B,4.86%,$0.00B,$0.77B,0.50%,$0.01B,$0.18B,3.21%,$12,$7,$5,$0,$4,$11,$1,$0,$1,$0,$1,$1,$1,$0,$0,$4,4,$0.19,$0.19,$17,$0,$0,$722,$5,$21,$0,$21,$47,$769,$588,$98,$0,$98,$686,$0,$43,$-0,$83,$769,$2,$0,$-1,$-1,$0,$0,$0,$0,$1,$2,$-0,$0,$0,$0,$3,$3,$40,$43,$-13,$-41,$-54,$-0,$-0,$-2,$13,$-43,$2,$1,$-2
46,2007-03-31,13.21,$18.83,0.7,$11.75,1.12,$2.42,5.45,$1.11,11.9,$0.74B,$0.58B,1.27,$0.12B,$0.08B,1.46,$0.05B,$0.02B,40.00%,$0.05B,$0.01B,16.00%,$0.05B,0,0.00%,$0.05B,0,0.00%,$0.05B,$0.01B,16.00%,$0.05B,$0.00B,8.00%,$0.00B,$0.08B,4.92%,$0.00B,$0.08B,4.92%,$0.00B,$0.79B,0.50%,$0.01B,$0.20B,3.30%,$13,$7,$5,$0,$3,$11,$2,$0,$2,$1,$1,$1,$1,$0,$0,$4,4,$0.25,$0.25,$20,$0,$0,$739,$5,$23,$0,$21,$49,$788,$583,$121,$0,$121,$705,$0,$43,$-0,$83,$788,$1,$0,$-0,$-0,$0,$0,$-0,$0,$0,$1,$-0,$0,$0,$0,$1,$1,$25,$26,$-8,$-22,$-30,$0,$0,$-1,$8,$-22,$5,$1,$-1
47,2006-12-31,13.94,$18.55,0.75,$11.38,1.23,$2.26,6.18,$1.13,12.34,$0.76B,$0.58B,1.32,$0.15B,$0.08B,1.85,$0.05B,$0.02B,41.67%,$0.05B,$0.01B,16.67%,$0.05B,0,0.00%,$0.05B,0,0.00%,$0.05B,$0.01B,16.67%,$0.05B,$0.00B,8.33%,$0.00B,$0.08B,4.98%,$0.00B,$0.08B,4.98%,$0.00B,$0.81B,0.50%,$0.01B,$0.23B,3.15%,$12,$8,$5,$0,$3,$11,$2,$0,$2,$1,$1,$1,$1,$0,$0,$4,4,$0.29,$0.28,$15,$0,$0,$759,$5,$24,$0,$21,$49,$808,$575,$151,$0,$151,$727,$0,$42,$-0,$82,$808,$5,$0,$-0,$0,$-1,$0,$-0,$0,$-1,$4,$-0,$0,$0,$1,$-2,$-1,$-50,$-51,$-10,$-3,$-13,$-0,$-0,$-2,$63,$47,$0,$2,$-2
