,Date,Stock Price,Book Value per Share,Price to Book Ratio,TTM Sales per Share,Price to Sales Ratio,TTM FCF per Share,Price to FCF Ratio,TTM Net EPS,PE Ratio,Current Assets,Current Liabilities,Current Ratio,Long Term Debt,Shareholder's Equity_x,Debt to Equity Ratio,TTM Revenue_x,TTM Gross Profit,Gross Margin,TTM Revenue_y,TTM Operating Income,Operating Margin,TTM Revenue_x,TTM EBIT,EBIT Margin,TTM Revenue_y,TTM EBITDA,EBITDA Margin,TTM Revenue_x,TTM Pre-Tax Income,Pre-Tax Margin,TTM Revenue_y,TTM Net Income_x,Net Margin,TTM Net Income_y,Shareholder's Equity_y,Return on Equity,TTM Net Income_x,Tangible Equity,Return on Tangible Equity,TTM Net Income_y,Total Assets,Return on Assets,TTM Net Income,LT Investments & Debt,Return on Investment,revenue,cost-goods-sold,gross-profit,research-development-expenses,selling-general-administrative-expenses,operating-expenses,operating-income,total-non-operating-income-expense,pre-tax-income,total-provision-income-taxes,income-after-taxes,income-from-continuous-operations,net-income,ebitda,ebit,basic-shares-outstanding,shares-outstanding,eps-basic-net-earnings-per-share,eps-earnings-per-share-diluted,cash-on-hand,inventory,other-current-assets,total-current-assets,net-property-plant-equipment,long-term-investments,goodwill-intangible-assets-total,other-long-term-assets,total-long-term-assets,total-assets,total-current-liabilities,long-term-debt,other-non-current-liabilities,total-long-term-liabilities,total-liabilities,common-stock-net,retained-earnings-accumulated-deficit,comprehensive-income,total-share-holder-equity,total-liabilities-share-holders-equity,net-income-loss,total-depreciation-amortization-cash-flow,other-non-cash-items,total-non-cash-items,change-in-accounts-receivable,change-in-inventories,change-in-accounts-payable,change-in-assets-liabilities,total-change-in-assets-liabilities,cash-flow-from-operating-activities,net-change-in-property-plant-equipment,net-change-in-intangible-assets,net-acquisitions-divestitures,net-change-in-short-term-investments,net-change-in-long-term-investments,net-change-in-investments-total,investing-activities-other,cash-flow-from-investing-activities,net-long-term-debt,net-current-debt,debt-issuance-retirement-net-total,net-common-equity-issued-repurchased,net-total-equity-issued-repurchased,total-common-preferred-stock-dividends-paid,financial-activities-other,cash-flow-from-financial-activities,net-cash-flow,stock-based-compensation,common-stock-dividends-paid
0,2018-09-30,59.95,$27.02,2.22,$12.47,4.81,$5.96,10.05,$3.37,17.79,$6.85B,$6.69B,1.03,$0.03B,$0.89B,0.04,$0.42B,$0.38B,91.08%,$0.42B,$0.16B,37.59%,$0.42B,0,0.00%,$0.42B,0,0.00%,$0.42B,$0.16B,37.59%,$0.42B,$0.11B,27.23%,$0.11B,$0.89B,13.45%,$0.11B,$0.79B,15.05%,$0.11B,$7.60B,1.50%,$0.16B,$0.92B,17.88%,$110,$12,$98,$0,$53,$68,$42,$0,$42,$9,$33,$33,$33,$0,$0,$33,34,$1.01,$0.98,$1793,$0,$0,$6851,$170,$477,$97,$7,$751,$7602,$6686,$32,$0,$32,$6718,$33,$707,$-5,$885,$7602,$93,$11,$1,$12,$-1,$0,$1,$0,$-0,$99,$-44,$0,$6,$24,$-17,$7,$85,$54,$0,$1,$1,$2,$2,$-20,$-102,$-119,$34,$0,$-20
1,2018-06-30,59.2,$26.34,2.25,$12.01,4.93,$6.33,9.36,$3.06,19.35,$6.91B,$6.73B,1.03,$0.03B,$0.86B,0.04,$0.40B,$0.37B,92.19%,$0.40B,$0.15B,37.03%,$0.40B,0,0.00%,$0.40B,0,0.00%,$0.40B,$0.15B,37.03%,$0.40B,$0.10B,25.69%,$0.10B,$0.86B,12.59%,$0.10B,$0.76B,14.00%,$0.10B,$7.62B,1.38%,$0.15B,$0.89B,17.46%,$106,$10,$95,$0,$52,$66,$40,$0,$40,$9,$31,$31,$31,$0,$0,$33,33,$0.93,$0.91,$1791,$0,$0,$6912,$147,$463,$98,$4,$711,$7623,$6729,$32,$0,$32,$6761,$33,$684,$-4,$862,$7623,$60,$7,$-0,$7,$-6,$0,$1,$0,$-5,$56,$-17,$0,$6,$2,$-1,$1,$27,$18,$0,$2,$2,$2,$2,$-14,$-53,$-63,$10,$0,$-14
2,2018-03-31,52.91,$25.62,2.06,$11.60,4.56,$6.61,8.01,$2.86,18.5,$6.88B,$6.75B,1.02,$0.03B,$0.84B,0.04,$0.38B,$0.36B,93.42%,$0.38B,$0.14B,37.11%,$0.38B,0,0.00%,$0.38B,0,0.00%,$0.38B,$0.14B,37.11%,$0.38B,$0.09B,24.74%,$0.09B,$0.84B,12.03%,$0.09B,$0.74B,13.28%,$0.09B,$7.62B,1.29%,$0.14B,$0.87B,17.33%,$101,$8,$93,$0,$53,$64,$37,$0,$37,$7,$30,$30,$30,$0,$0,$33,33,$0.91,$0.89,$1793,$0,$0,$6879,$141,$493,$99,$3,$736,$7616,$6746,$32,$0,$32,$6778,$33,$661,$-4,$838,$7616,$30,$3,$-0,$3,$-1,$0,$0,$0,$-1,$24,$-7,$0,$6,$2,$-23,$-21,$51,$29,$0,$-1,$-1,$1,$1,$-7,$-32,$-38,$14,$0,$-7
3,2017-12-31,50.77,$24.32,2.09,$11.25,4.51,$6.99,7.26,$2.65,19.16,$6.58B,$6.45B,1.02,$0.03B,$0.78B,0.04,$0.37B,$0.35B,94.26%,$0.37B,$0.14B,37.43%,$0.37B,0,0.00%,$0.37B,0,0.00%,$0.37B,$0.14B,37.43%,$0.37B,$0.09B,23.50%,$0.09B,$0.78B,11.40%,$0.09B,$0.71B,12.49%,$0.09B,$7.25B,1.20%,$0.14B,$0.81B,17.42%,$98,$6,$92,$0,$52,$61,$37,$0,$37,$17,$19,$19,$19,$0,$0,$32,33,$0.61,$0.59,$1759,$0,$0,$6580,$134,$470,$65,$4,$673,$7253,$6446,$32,$0,$32,$6478,$32,$639,$-2,$776,$7253,$86,$13,$6,$19,$-0,$0,$0,$0,$0,$105,$-18,$0,$0,$0,$1,$1,$-327,$-345,$0,$0,$0,$5,$5,$-25,$167,$147,$-93,$0,$-25
4,2017-09-30,56.1,$23.99,2.34,$10.86,5.17,$6.84,8.2,$2.64,21.25,$6.48B,$6.34B,1.02,$0.03B,$0.76B,0.04,$0.35B,$0.33B,94.59%,$0.35B,$0.13B,36.75%,$0.35B,0,0.00%,$0.35B,0,0.00%,$0.35B,$0.13B,36.75%,$0.35B,$0.09B,24.50%,$0.09B,$0.76B,11.65%,$0.09B,$0.70B,12.80%,$0.09B,$7.13B,1.21%,$0.13B,$0.80B,16.75%,$92,$6,$86,$0,$51,$60,$33,$0,$33,$11,$22,$22,$22,$0,$0,$32,33,$0.68,$0.67,$1729,$0,$0,$6482,$130,$450,$66,$4,$650,$7132,$6336,$32,$0,$32,$6368,$32,$626,$0,$764,$7132,$67,$10,$2,$11,$-4,$0,$0,$0,$-4,$77,$-11,$0,$0,$-11,$20,$8,$-249,$-252,$0,$2,$2,$4,$4,$-18,$54,$42,$-134,$0,$-18
5,2017-06-30,47.57,$23.52,2.02,$10.64,4.47,$6.81,6.98,$2.54,18.77,$6.40B,$6.27B,1.02,$0.03B,$0.75B,0.04,$0.34B,$0.33B,95.03%,$0.34B,$0.12B,35.96%,$0.34B,0,0.00%,$0.34B,0,0.00%,$0.34B,$0.12B,35.96%,$0.34B,$0.08B,23.98%,$0.08B,$0.75B,11.38%,$0.08B,$0.68B,12.54%,$0.08B,$7.05B,1.17%,$0.12B,$0.78B,16.34%,$89,$5,$84,$0,$48,$56,$34,$0,$34,$10,$23,$23,$23,$0,$0,$32,33,$0.73,$0.71,$1717,$0,$0,$6397,$128,$451,$66,$4,$649,$7047,$6266,$32,$0,$32,$6298,$16,$611,$0,$748,$7047,$45,$6,$-0,$6,$-1,$0,$0,$0,$-1,$54,$-7,$0,$0,$1,$19,$19,$-180,$-167,$0,$1,$1,$3,$3,$-12,$-12,$-20,$-134,$0,$-12
6,2017-03-31,44.1,$22.97,1.92,$10.43,4.23,$6.54,6.74,$2.38,18.57,$6.53B,$6.43B,1.02,$0.03B,$0.73B,0.04,$0.33B,$0.32B,95.21%,$0.33B,$0.12B,34.43%,$0.33B,0,0.00%,$0.33B,0,0.00%,$0.33B,$0.12B,34.43%,$0.33B,$0.08B,22.75%,$0.08B,$0.73B,10.81%,$0.08B,$0.66B,11.96%,$0.08B,$7.19B,1.10%,$0.12B,$0.76B,15.65%,$87,$4,$83,$0,$47,$54,$33,$0,$33,$11,$22,$22,$22,$0,$0,$32,32,$0.70,$0.68,$2038,$0,$0,$6528,$127,$463,$67,$4,$661,$7190,$6428,$32,$0,$32,$6460,$16,$594,$-0,$730,$7190,$22,$3,$-1,$2,$2,$0,$0,$0,$2,$32,$-3,$0,$0,$1,$6,$7,$9,$12,$0,$0,$0,$3,$3,$-6,$147,$144,$188,$0,$-6
7,2016-12-31,45.45,$22.49,2.02,$10.26,4.43,$6.47,7.02,$2.22,20.47,$6.35B,$6.28B,1.01,$0.03B,$0.71B,0.05,$0.33B,$0.31B,95.40%,$0.33B,$0.11B,32.82%,$0.33B,0,0.00%,$0.33B,0,0.00%,$0.33B,$0.11B,32.82%,$0.33B,$0.07B,21.78%,$0.07B,$0.71B,10.35%,$0.07B,$0.64B,11.49%,$0.07B,$7.02B,1.04%,$0.11B,$0.74B,14.90%,$83,$4,$79,$0,$47,$54,$29,$0,$29,$11,$19,$19,$19,$0,$0,$31,32,$0.60,$0.58,$1851,$0,$0,$6351,$127,$470,$67,$4,$668,$7019,$6276,$32,$0,$32,$6308,$32,$578,$0,$711,$7019,$71,$14,$8,$22,$3,$0,$0,$0,$3,$91,$-11,$0,$0,$-1,$81,$80,$-167,$-98,$0,$0,$0,$8,$8,$-23,$275,$260,$252,$0,$-23
8,2016-09-30,35.27,$22.10,1.6,$10.16,3.47,$6.07,5.81,$2.14,16.52,$6.11B,$6.06B,1.01,$0.03B,$0.69B,0.05,$0.32B,$0.31B,95.67%,$0.32B,$0.10B,31.58%,$0.32B,0,0.00%,$0.32B,0,0.00%,$0.32B,$0.10B,31.58%,$0.32B,$0.07B,21.05%,$0.07B,$0.69B,10.11%,$0.07B,$0.63B,11.27%,$0.07B,$6.78B,1.01%,$0.10B,$0.73B,14.48%,$83,$4,$79,$0,$49,$56,$27,$0,$27,$9,$18,$18,$18,$0,$0,$31,32,$0.58,$0.57,$1707,$0,$0,$6111,$126,$474,$68,$4,$672,$6784,$6058,$32,$0,$32,$6090,$16,$565,$2,$694,$6784,$52,$11,$6,$16,$4,$0,$-0,$0,$4,$71,$-8,$0,$0,$-1,$80,$79,$-74,$-3,$0,$4,$4,$2,$2,$-17,$52,$40,$108,$0,$-17
9,2016-06-30,29.19,$21.75,1.34,$9.92,2.94,$5.64,5.18,$2.06,14.17,$6.07B,$5.98B,1.02,$0.03B,$0.68B,0.05,$0.32B,$0.30B,95.87%,$0.32B,$0.10B,31.43%,$0.32B,0,0.00%,$0.32B,0,0.00%,$0.32B,$0.10B,31.43%,$0.32B,$0.07B,20.95%,$0.07B,$0.68B,9.99%,$0.07B,$0.61B,11.09%,$0.07B,$6.68B,1.00%,$0.10B,$0.71B,14.33%,$81,$4,$77,$0,$47,$54,$26,$0,$26,$9,$17,$17,$17,$0,$0,$31,32,$0.56,$0.55,$1598,$0,$0,$6065,$126,$419,$69,$4,$618,$6683,$5975,$32,$0,$32,$6007,$16,$553,$3,$677,$6683,$34,$7,$4,$11,$2,$0,$0,$0,$2,$42,$-5,$0,$0,$0,$95,$95,$-92,$-2,$0,$3,$3,$-4,$-4,$-11,$-29,$-41,$-0,$0,$-11
10,2016-03-31,27.43,$21.34,1.29,$9.83,2.79,$5.28,5.2,$2.10,13.09,$6.04B,$6.05B,1.0,$0.03B,$0.66B,0.05,$0.31B,$0.30B,96.15%,$0.31B,$0.10B,32.37%,$0.31B,0,0.00%,$0.31B,0,0.00%,$0.31B,$0.10B,32.37%,$0.31B,$0.07B,21.79%,$0.07B,$0.66B,10.47%,$0.07B,$0.59B,11.56%,$0.07B,$6.74B,1.03%,$0.10B,$0.70B,14.87%,$79,$4,$76,$0,$47,$54,$25,$0,$25,$9,$17,$17,$17,$0,$0,$31,32,$0.54,$0.53,$1668,$0,$0,$6043,$127,$498,$69,$4,$698,$6741,$6046,$32,$0,$32,$6078,$16,$541,$2,$663,$6741,$17,$4,$2,$6,$6,$0,$0,$0,$6,$28,$-3,$0,$0,$0,$56,$56,$-39,$14,$0,$1,$1,$-5,$-5,$-6,$38,$28,$70,$0,$-6
11,2015-12-31,28.01,$21.01,1.33,$9.67,2.9,$5.06,5.54,$2.09,13.44,$5.94B,$6.01B,0.99,$0.03B,$0.66B,0.05,$0.31B,$0.30B,96.09%,$0.31B,$0.10B,32.90%,$0.31B,0,0.00%,$0.31B,0,0.00%,$0.31B,$0.10B,32.90%,$0.31B,$0.07B,21.82%,$0.07B,$0.66B,10.48%,$0.07B,$0.59B,11.53%,$0.07B,$6.69B,1.02%,$0.10B,$0.69B,15.14%,$80,$3,$77,$0,$49,$56,$24,$0,$24,$8,$16,$16,$16,$0,$0,$31,32,$0.51,$0.50,$1598,$0,$0,$5935,$127,$553,$70,$8,$757,$6693,$6005,$32,$0,$32,$6037,$16,$536,$2,$656,$6693,$66,$15,$-4,$11,$-5,$0,$-0,$0,$-5,$78,$-11,$0,$-4,$13,$-24,$-11,$-239,$-265,$0,$-3,$-3,$3,$3,$-21,$-106,$-129,$-316,$0,$-21
12,2015-09-30,29.98,$20.72,1.45,$9.52,3.15,$5.03,5.96,$2.09,14.38,$5.72B,$5.73B,1.0,$0.03B,$0.65B,0.04,$0.30B,$0.29B,96.03%,$0.30B,$0.10B,33.11%,$0.30B,0,0.00%,$0.30B,0,0.00%,$0.30B,$0.10B,33.11%,$0.30B,$0.07B,22.19%,$0.07B,$0.65B,10.67%,$0.07B,$0.59B,11.69%,$0.07B,$6.41B,1.03%,$0.10B,$0.67B,15.28%,$75,$3,$72,$0,$45,$51,$24,$0,$24,$9,$16,$16,$16,$0,$0,$31,32,$0.51,$0.49,$1655,$0,$0,$5716,$121,$508,$54,$8,$690,$6406,$5733,$27,$0,$27,$5760,$16,$527,$3,$646,$6406,$50,$11,$-4,$7,$-3,$0,$-0,$0,$-3,$59,$-10,$0,$0,$0,$21,$21,$-109,$-98,$0,$-0,$-0,$3,$3,$-16,$-206,$-219,$-259,$0,$-16
13,2015-06-30,30.91,$20.38,1.52,$9.52,3.25,$5.10,6.06,$2.19,14.12,$5.78B,$5.84B,0.99,$0.03B,$0.63B,0.04,$0.30B,$0.29B,95.70%,$0.30B,$0.10B,34.44%,$0.30B,0,0.00%,$0.30B,0,0.00%,$0.30B,$0.10B,34.44%,$0.30B,$0.07B,23.18%,$0.07B,$0.63B,11.38%,$0.07B,$0.58B,12.49%,$0.07B,$6.50B,1.07%,$0.10B,$0.66B,16.20%,$78,$3,$75,$0,$44,$50,$28,$0,$28,$10,$19,$19,$19,$0,$0,$31,32,$0.60,$0.59,$1817,$0,$0,$5779,$121,$537,$54,$7,$720,$6499,$5838,$27,$0,$27,$5865,$16,$517,$2,$634,$6499,$35,$7,$-6,$1,$-5,$0,$-0,$0,$-5,$31,$-5,$0,$0,$0,$-9,$-9,$-7,$-20,$0,$-2,$-2,$2,$2,$-11,$-96,$-107,$-97,$0,$-11
14,2015-03-31,28.66,$20.04,1.43,$9.35,3.07,$5.09,5.63,$2.07,13.88,$5.84B,$5.92B,0.99,$0.03B,$0.62B,0.04,$0.30B,$0.28B,95.61%,$0.30B,$0.10B,32.43%,$0.30B,0,0.00%,$0.30B,0,0.00%,$0.30B,$0.10B,32.43%,$0.30B,$0.07B,22.30%,$0.07B,$0.62B,10.96%,$0.07B,$0.57B,12.08%,$0.07B,$6.57B,1.02%,$0.10B,$0.65B,15.27%,$74,$3,$71,$0,$43,$49,$25,$0,$25,$8,$16,$16,$16,$0,$0,$31,32,$0.53,$0.52,$1888,$0,$0,$5836,$123,$550,$55,$6,$734,$6570,$5922,$27,$0,$27,$5948,$16,$504,$5,$622,$6570,$16,$4,$-1,$3,$-2,$0,$-0,$0,$-2,$23,$-4,$0,$0,$-1,$-23,$-24,$6,$-22,$0,$-2,$-2,$0,$0,$-5,$-21,$-28,$-27,$0,$-5
15,2014-12-31,29.63,$19.65,1.51,$9.21,3.22,$5.04,5.88,$2.02,14.67,$5.87B,$5.94B,0.99,$0.03B,$0.61B,0.04,$0.29B,$0.28B,95.53%,$0.29B,$0.09B,31.62%,$0.29B,0,0.00%,$0.29B,0,0.00%,$0.29B,$0.09B,31.62%,$0.29B,$0.07B,22.34%,$0.07B,$0.61B,11.05%,$0.07B,$0.55B,12.21%,$0.07B,$6.58B,1.01%,$0.09B,$0.64B,14.94%,$75,$3,$72,$0,$46,$52,$23,$0,$23,$7,$16,$16,$16,$0,$0,$31,32,$0.51,$0.50,$1914,$0,$0,$5865,$121,$525,$56,$8,$710,$6575,$5939,$27,$0,$27,$5966,$16,$493,$4,$609,$6575,$64,$14,$-3,$11,$-3,$0,$-0,$0,$-4,$77,$-11,$0,$174,$5,$9,$14,$-360,$-183,$-7,$-1,$-8,$7,$7,$-20,$183,$163,$56,$0,$-20
16,2014-09-30,29.08,$19.29,1.51,$9.02,3.23,$5.03,5.78,$1.97,14.8,$5.69B,$5.78B,0.98,$0.03B,$0.60B,0.05,$0.28B,$0.27B,95.41%,$0.28B,$0.09B,31.45%,$0.28B,0,0.00%,$0.28B,0,0.00%,$0.28B,$0.09B,31.45%,$0.28B,$0.06B,22.26%,$0.06B,$0.60B,10.95%,$0.06B,$0.54B,12.13%,$0.06B,$6.41B,1.00%,$0.09B,$0.62B,14.72%,$75,$3,$71,$0,$41,$47,$28,$0,$28,$9,$19,$19,$19,$0,$0,$31,32,$0.61,$0.60,$1834,$0,$0,$5686,$122,$536,$56,$7,$720,$6407,$5784,$27,$0,$27,$5810,$15,$482,$5,$596,$6407,$48,$10,$-3,$7,$-2,$0,$-0,$0,$-2,$60,$-9,$0,$174,$4,$-1,$3,$-261,$-93,$-7,$7,$-0,$4,$4,$-14,$19,$9,$-24,$0,$-14
17,2014-06-30,28.63,$18.85,1.52,$8.83,3.24,$5.33,5.38,$1.84,15.6,$5.61B,$5.76B,0.97,$0.03B,$0.58B,0.05,$0.28B,$0.26B,95.29%,$0.28B,$0.08B,29.71%,$0.28B,0,0.00%,$0.28B,0,0.00%,$0.28B,$0.08B,29.71%,$0.28B,$0.06B,21.01%,$0.06B,$0.58B,10.30%,$0.06B,$0.52B,11.44%,$0.06B,$6.37B,0.94%,$0.08B,$0.61B,13.80%,$72,$3,$69,$0,$46,$52,$20,$0,$20,$5,$15,$15,$15,$0,$0,$31,32,$0.47,$0.46,$1856,$0,$0,$5614,$122,$570,$57,$6,$755,$6369,$5761,$27,$0,$27,$5788,$15,$469,$5,$581,$6369,$29,$7,$0,$7,$-3,$0,$-0,$0,$-4,$31,$-6,$0,$174,$5,$-36,$-31,$-163,$-26,$-7,$8,$1,$2,$2,$-10,$0,$-7,$-1,$0,$-10
18,2014-03-31,26.06,$18.49,1.41,$8.67,3.01,$5.68,4.59,$1.78,14.64,$5.60B,$5.78B,0.97,$0.03B,$0.57B,0.05,$0.27B,$0.26B,94.81%,$0.27B,$0.08B,30.00%,$0.27B,0,0.00%,$0.27B,0,0.00%,$0.27B,$0.08B,30.00%,$0.27B,$0.06B,20.74%,$0.06B,$0.57B,10.15%,$0.06B,$0.51B,11.30%,$0.06B,$6.38B,0.93%,$0.08B,$0.60B,13.83%,$69,$3,$66,$0,$42,$48,$21,$0,$21,$6,$15,$15,$15,$0,$0,$31,31,$0.48,$0.47,$1966,$0,$0,$5603,$121,$587,$57,$7,$772,$6375,$5778,$29,$0,$29,$5807,$15,$459,$4,$568,$6375,$15,$3,$-1,$2,$1,$0,$-0,$0,$1,$20,$-3,$0,$175,$2,$-54,$-52,$-46,$74,$-5,$4,$-1,$1,$1,$-5,$17,$12,$106,$0,$-5
19,2013-12-31,25.65,$18.16,1.41,$8.61,2.98,$5.78,4.44,$1.74,14.74,$5.33B,$5.45B,0.98,$0.03B,$0.56B,0.06,$0.27B,$0.25B,94.76%,$0.27B,$0.08B,30.34%,$0.27B,0,0.00%,$0.27B,0,0.00%,$0.27B,$0.08B,30.34%,$0.27B,$0.05B,20.22%,$0.05B,$0.56B,9.97%,$0.05B,$0.50B,11.11%,$0.05B,$6.04B,0.92%,$0.08B,$0.59B,14.02%,$67,$3,$64,$0,$41,$48,$20,$0,$20,$6,$14,$14,$14,$0,$0,$31,31,$0.46,$0.44,$1858,$0,$0,$5331,$118,$528,$55,$8,$708,$6039,$5448,$34,$0,$34,$5482,$15,$449,$4,$557,$6039,$54,$14,$-0,$14,$5,$0,$-0,$0,$5,$78,$-14,$0,$0,$1,$30,$31,$-148,$-131,$-2,$0,$-2,$2,$2,$-14,$-21,$-35,$-88,$0,$-14
20,2013-09-30,24.61,$17.84,1.38,$8.65,2.85,$5.23,4.71,$1.70,14.52,$5.27B,$5.35B,0.99,$0.04B,$0.55B,0.07,$0.27B,$0.25B,94.40%,$0.27B,$0.08B,29.48%,$0.27B,0,0.00%,$0.27B,0,0.00%,$0.27B,$0.08B,29.48%,$0.27B,$0.05B,19.40%,$0.05B,$0.55B,9.77%,$0.05B,$0.49B,10.92%,$0.05B,$5.93B,0.89%,$0.08B,$0.58B,13.88%,$68,$3,$64,$0,$41,$47,$21,$0,$21,$7,$14,$14,$14,$0,$0,$31,31,$0.47,$0.47,$1827,$0,$0,$5271,$118,$475,$55,$8,$656,$5927,$5345,$36,$0,$36,$5381,$15,$440,$4,$546,$5927,$40,$11,$2,$13,$8,$0,$-0,$0,$8,$71,$-11,$0,$0,$1,$83,$84,$-123,$-50,$-0,$1,$0,$1,$1,$-9,$-131,$-139,$-118,$0,$-9
21,2013-06-30,21.07,$17.53,1.2,$8.65,2.44,$4.56,4.62,$1.68,12.54,$5.05B,$5.18B,0.98,$0.04B,$0.54B,0.07,$0.27B,$0.25B,94.38%,$0.27B,$0.08B,29.21%,$0.27B,0,0.00%,$0.27B,0,0.00%,$0.27B,$0.08B,29.21%,$0.27B,$0.05B,19.48%,$0.05B,$0.54B,9.94%,$0.05B,$0.48B,11.14%,$0.05B,$5.75B,0.89%,$0.08B,$0.57B,13.92%,$66,$3,$62,$0,$40,$46,$19,$0,$19,$7,$13,$13,$13,$0,$0,$30,31,$0.42,$0.41,$1720,$0,$0,$5048,$118,$520,$56,$8,$702,$5750,$5178,$37,$0,$37,$5215,$15,$431,$4,$535,$5750,$26,$7,$0,$7,$2,$0,$-0,$0,$1,$43,$-7,$0,$0,$1,$38,$39,$-4,$28,$1,$-1,$-0,$-0,$-0,$-4,$-290,$-295,$-225,$0,$-4
22,2013-03-31,18.75,$17.33,1.08,$8.66,2.17,$4.14,4.53,$1.66,11.33,$5.03B,$5.21B,0.97,$0.04B,$0.53B,0.07,$0.27B,$0.25B,94.01%,$0.27B,$0.08B,28.84%,$0.27B,0,0.00%,$0.27B,0,0.00%,$0.27B,$0.08B,28.84%,$0.27B,$0.05B,19.10%,$0.05B,$0.53B,9.91%,$0.05B,$0.47B,11.15%,$0.05B,$5.77B,0.88%,$0.08B,$0.57B,13.95%,$66,$4,$63,$0,$39,$46,$21,$0,$21,$7,$13,$13,$13,$0,$0,$30,31,$0.44,$0.43,$1716,$0,$0,$5026,$117,$565,$56,$9,$747,$5774,$5208,$38,$0,$38,$5246,$15,$424,$6,$528,$5774,$13,$4,$-0,$4,$3,$0,$-0,$0,$3,$24,$-4,$0,$0,$1,$-4,$-3,$19,$12,$2,$0,$2,$-1,$-1,$0,$-266,$-265,$-229,$0,$0
23,2012-12-31,18.92,$17.04,1.11,$8.76,2.16,$3.82,4.96,$1.68,11.26,$5.28B,$5.47B,0.97,$0.04B,$0.52B,0.07,$0.27B,$0.25B,93.33%,$0.27B,$0.08B,28.89%,$0.27B,0,0.00%,$0.27B,0,0.00%,$0.27B,$0.08B,28.89%,$0.27B,$0.05B,19.26%,$0.05B,$0.52B,10.29%,$0.05B,$0.46B,11.61%,$0.05B,$6.02B,0.89%,$0.08B,$0.56B,14.29%,$68,$4,$64,$0,$43,$50,$18,$0,$18,$6,$12,$12,$12,$0,$0,$30,31,$0.41,$0.40,$1946,$0,$0,$5278,$116,$563,$57,$9,$744,$6022,$5467,$36,$0,$36,$5503,$15,$416,$6,$520,$6022,$52,$14,$-3,$11,$1,$0,$-1,$0,$1,$60,$-13,$0,$0,$-0,$51,$51,$-223,$-186,$-19,$-4,$-22,$3,$3,$-21,$403,$363,$237,$0,$-21
24,2012-09-30,19.06,$16.79,1.14,$8.68,2.2,$3.78,5.04,$1.66,11.48,$5.12B,$5.29B,0.97,$0.04B,$0.51B,0.08,$0.27B,$0.25B,92.91%,$0.27B,$0.08B,29.48%,$0.27B,0,0.00%,$0.27B,0,0.00%,$0.27B,$0.08B,29.48%,$0.27B,$0.05B,19.40%,$0.05B,$0.51B,10.48%,$0.05B,$0.45B,11.87%,$0.05B,$5.84B,0.91%,$0.08B,$0.55B,14.60%,$67,$4,$63,$0,$40,$47,$20,$0,$20,$6,$14,$14,$14,$0,$0,$30,31,$0.46,$0.45,$1913,$0,$0,$5116,$114,$540,$57,$10,$721,$5837,$5288,$38,$0,$38,$5326,$15,$408,$7,$510,$5837,$40,$10,$-4,$6,$-1,$0,$-1,$0,$-2,$48,$-9,$0,$0,$0,$74,$74,$-94,$-29,$-17,$-3,$-19,$2,$2,$-12,$216,$186,$205,$0,$-12
25,2012-06-30,18.47,$16.48,1.12,$8.64,2.14,$3.83,4.82,$1.62,11.44,$4.81B,$5.11B,0.94,$0.04B,$0.50B,0.08,$0.27B,$0.25B,92.13%,$0.27B,$0.08B,28.84%,$0.27B,0,0.00%,$0.27B,0,0.00%,$0.27B,$0.08B,28.84%,$0.27B,$0.05B,19.10%,$0.05B,$0.50B,10.47%,$0.05B,$0.44B,11.90%,$0.05B,$5.67B,0.91%,$0.08B,$0.54B,14.29%,$66,$5,$61,$0,$40,$47,$18,$0,$18,$7,$12,$12,$12,$0,$0,$30,31,$0.39,$0.38,$1764,$0,$0,$4809,$114,$575,$58,$116,$862,$5672,$5108,$38,$26,$64,$5172,$15,$398,$7,$500,$5672,$26,$7,$-4,$3,$-3,$0,$-0,$0,$-4,$30,$-7,$0,$0,$0,$40,$40,$-42,$-9,$-16,$-2,$-18,$1,$1,$-8,$62,$36,$56,$0,$-8
26,2012-03-31,18.95,$16.24,1.17,$8.57,2.21,$3.95,4.79,$1.56,12.15,$4.87B,$5.16B,0.94,$0.05B,$0.49B,0.1,$0.27B,$0.24B,91.70%,$0.27B,$0.08B,28.30%,$0.27B,0,0.00%,$0.27B,0,0.00%,$0.27B,$0.08B,28.30%,$0.27B,$0.05B,18.49%,$0.05B,$0.49B,10.21%,$0.05B,$0.43B,11.61%,$0.05B,$5.74B,0.89%,$0.08B,$0.54B,13.96%,$69,$5,$64,$0,$40,$47,$22,$0,$22,$8,$14,$14,$14,$0,$0,$30,31,$0.47,$0.46,$1837,$0,$0,$4866,$114,$574,$58,$126,$872,$5738,$5163,$49,$34,$83,$5246,$15,$391,$8,$492,$5738,$14,$3,$-4,$-0,$-2,$0,$-0,$0,$-2,$15,$-5,$0,$0,$0,$42,$42,$-28,$9,$-5,$-1,$-6,$1,$1,$-4,$115,$106,$129,$0,$-4
27,2011-12-31,16.33,$15.98,1.02,$8.30,1.97,$4.37,3.74,$1.47,11.15,$4.70B,$5.05B,0.93,$0.06B,$0.48B,0.11,$0.26B,$0.23B,90.70%,$0.26B,$0.07B,27.52%,$0.26B,0,0.00%,$0.26B,0,0.00%,$0.26B,$0.07B,27.52%,$0.26B,$0.05B,17.83%,$0.05B,$0.48B,9.71%,$0.05B,$0.42B,11.05%,$0.05B,$5.61B,0.85%,$0.07B,$0.54B,13.29%,$66,$5,$61,$0,$40,$47,$19,$0,$19,$7,$12,$12,$12,$0,$0,$31,31,$0.39,$0.38,$1708,$0,$0,$4703,$111,$615,$59,$121,$906,$5609,$5049,$55,$23,$77,$5126,$15,$381,$9,$483,$5609,$46,$17,$-3,$13,$3,$0,$-1,$0,$3,$62,$-16,$0,$28,$41,$169,$209,$-80,$140,$-26,$-10,$-35,$-9,$-9,$-16,$361,$301,$504,$0,$-16
28,2011-09-30,14.32,$15.68,0.91,$8.19,1.75,$6.83,2.1,$1.42,10.12,$4.58B,$4.90B,0.93,$0.06B,$0.47B,0.14,$0.26B,$0.23B,89.80%,$0.26B,$0.07B,26.67%,$0.26B,0,0.00%,$0.26B,0,0.00%,$0.26B,$0.07B,26.67%,$0.26B,$0.04B,17.25%,$0.04B,$0.47B,9.41%,$0.04B,$0.42B,10.71%,$0.04B,$5.47B,0.84%,$0.07B,$0.54B,12.82%,$66,$6,$60,$0,$40,$48,$18,$0,$18,$6,$13,$13,$13,$0,$0,$30,31,$0.41,$0.41,$1610,$0,$0,$4575,$110,$607,$59,$121,$898,$5472,$4902,$64,$31,$95,$4998,$15,$374,$10,$474,$5472,$34,$11,$-2,$9,$4,$0,$-0,$0,$3,$53,$-12,$0,$32,$41,$178,$219,$-49,$190,$-16,$-6,$-22,$-9,$-9,$-12,$206,$164,$406,$0,$-12
29,2011-06-30,16.53,$15.40,1.07,$8.00,2.07,$4.41,3.74,$1.39,11.93,$4.42B,$4.71B,0.94,$0.06B,$0.47B,0.13,$0.25B,$0.22B,89.20%,$0.25B,$0.07B,27.20%,$0.25B,0,0.00%,$0.25B,0,0.00%,$0.25B,$0.07B,27.20%,$0.25B,$0.04B,17.20%,$0.04B,$0.47B,9.30%,$0.04B,$0.42B,10.50%,$0.04B,$5.27B,0.85%,$0.07B,$0.53B,13.18%,$64,$7,$58,$0,$39,$48,$16,$0,$16,$6,$10,$10,$10,$0,$0,$31,31,$0.33,$0.33,$1571,$0,$0,$4416,$103,$580,$55,$113,$852,$5267,$4707,$61,$30,$91,$4797,$15,$371,$10,$470,$5267,$21,$8,$-1,$7,$3,$0,$-0,$0,$2,$35,$-8,$0,$0,$41,$164,$205,$-44,$153,$-2,$-6,$-8,$-4,$-4,$-8,$198,$179,$367,$0,$-8
30,2011-03-31,18.16,$15.17,1.2,$7.84,2.31,$2.04,8.91,$1.42,12.83,$4.29B,$4.68B,0.92,$0.06B,$0.47B,0.13,$0.25B,$0.22B,88.62%,$0.25B,$0.07B,28.05%,$0.25B,0,0.00%,$0.25B,0,0.00%,$0.25B,$0.07B,28.05%,$0.25B,$0.04B,17.89%,$0.04B,$0.47B,9.64%,$0.04B,$0.41B,10.83%,$0.04B,$5.24B,0.90%,$0.07B,$0.53B,13.77%,$62,$7,$55,$0,$35,$44,$18,$0,$18,$6,$11,$11,$11,$0,$0,$31,31,$0.37,$0.36,$1506,$0,$0,$4286,$99,$681,$56,$118,$954,$5240,$4676,$62,$34,$96,$4773,$15,$369,$8,$467,$5240,$11,$4,$-1,$3,$7,$0,$-0,$0,$7,$26,$-3,$0,$0,$2,$60,$63,$19,$79,$-1,$-0,$-1,$1,$1,$-4,$162,$158,$263,$0,$-4
31,2010-12-31,17.42,$14.92,1.17,$7.70,2.26,$0.18,96.35,$1.36,12.86,$4.04B,$4.51B,0.9,$0.06B,$0.46B,0.14,$0.24B,$0.21B,88.38%,$0.24B,$0.07B,26.97%,$0.24B,0,0.00%,$0.24B,0,0.00%,$0.24B,$0.07B,26.97%,$0.24B,$0.04B,17.43%,$0.04B,$0.46B,9.35%,$0.04B,$0.40B,10.44%,$0.04B,$5.06B,0.89%,$0.07B,$0.52B,13.41%,$63,$7,$56,$0,$38,$47,$16,$0,$16,$6,$10,$10,$10,$0,$0,$31,31,$0.33,$0.32,$1245,$0,$0,$4043,$98,$744,$56,$119,$1017,$5060,$4514,$63,$24,$87,$4602,$15,$362,$9,$459,$5060,$42,$12,$2,$15,$73,$0,$-1,$0,$72,$131,$-8,$0,$-37,$2,$-215,$-214,$8,$-251,$13,$7,$21,$2,$2,$-15,$280,$288,$168,$0,$-15
32,2010-09-30,17.01,$14.78,1.15,$7.56,2.25,$-3.93,0.0,$1.35,12.65,$3.78B,$4.09B,0.92,$0.03B,$0.45B,0.06,$0.24B,$0.21B,87.34%,$0.24B,$0.06B,27.00%,$0.24B,0,0.00%,$0.24B,0,0.00%,$0.24B,$0.06B,27.00%,$0.24B,$0.04B,17.72%,$0.04B,$0.45B,9.50%,$0.04B,$0.41B,10.53%,$0.04B,$4.60B,0.93%,$0.06B,$0.48B,13.65%,$61,$7,$54,$0,$34,$43,$18,$0,$18,$7,$12,$12,$12,$0,$0,$31,31,$0.39,$0.38,$1030,$0,$0,$3775,$92,$579,$43,$110,$824,$4599,$4088,$27,$30,$57,$4145,$15,$355,$11,$454,$4599,$32,$9,$2,$11,$-78,$0,$0,$0,$-78,$-29,$-6,$0,$-1,$0,$-165,$-165,$43,$-129,$0,$3,$3,$1,$1,$-11,$154,$146,$-11,$0,$-11
33,2010-06-30,15.25,$14.52,1.05,$7.51,2.03,$-1.72,0.0,$1.27,12.01,$3.81B,$4.12B,0.92,$0.03B,$0.45B,0.06,$0.24B,$0.20B,86.38%,$0.24B,$0.06B,25.53%,$0.24B,0,0.00%,$0.24B,0,0.00%,$0.24B,$0.06B,25.53%,$0.24B,$0.04B,16.60%,$0.04B,$0.45B,8.97%,$0.04B,$0.40B,9.94%,$0.04B,$4.63B,0.87%,$0.06B,$0.47B,13.00%,$60,$7,$53,$0,$33,$42,$17,$0,$17,$6,$11,$11,$11,$0,$0,$31,31,$0.36,$0.36,$1028,$0,$0,$3810,$92,$580,$44,$102,$818,$4628,$4122,$27,$33,$60,$4182,$15,$348,$11,$446,$4628,$20,$6,$2,$7,$-75,$0,$0,$0,$-75,$-44,$-4,$0,$-1,$0,$-164,$-164,$15,$-154,$0,$2,$2,$1,$1,$-7,$188,$184,$-13,$0,$-7
34,2010-03-31,17.41,$14.24,1.22,$7.52,2.31,$0.44,39.28,$1.12,15.61,$3.84B,$4.01B,0.96,$0.03B,$0.44B,0.06,$0.24B,$0.20B,85.11%,$0.24B,$0.05B,22.55%,$0.24B,0,0.00%,$0.24B,0,0.00%,$0.24B,$0.05B,22.55%,$0.24B,$0.03B,14.47%,$0.03B,$0.44B,7.94%,$0.03B,$0.40B,8.80%,$0.03B,$4.51B,0.78%,$0.05B,$0.46B,11.65%,$57,$7,$50,$0,$34,$43,$14,$0,$14,$5,$9,$9,$9,$0,$0,$31,31,$0.31,$0.30,$1090,$0,$0,$3842,$91,$431,$42,$103,$667,$4509,$4013,$27,$32,$58,$4072,$15,$340,$10,$437,$4509,$9,$3,$1,$4,$-50,$0,$0,$0,$-50,$-33,$-2,$0,$0,$5,$-15,$-10,$20,$9,$0,$1,$1,$1,$1,$-4,$80,$78,$53,$0,$-4
35,2009-12-31,15.3,$14.07,1.09,$7.59,2.02,$1.81,8.47,$1.05,14.64,$3.77B,$3.93B,0.96,$0.03B,$0.43B,0.06,$0.24B,$0.20B,83.54%,$0.24B,$0.05B,20.68%,$0.24B,0,0.00%,$0.24B,0,0.00%,$0.24B,$0.05B,20.68%,$0.24B,$0.03B,13.50%,$0.03B,$0.43B,7.57%,$0.03B,$0.39B,8.39%,$0.03B,$4.42B,0.75%,$0.05B,$0.46B,10.89%,$59,$8,$50,$0,$33,$43,$15,$0,$15,$5,$10,$10,$10,$0,$0,$31,31,$0.32,$0.32,$1042,$0,$0,$3765,$92,$417,$42,$100,$651,$4416,$3933,$27,$26,$52,$3985,$15,$335,$11,$431,$4416,$33,$12,$10,$22,$-34,$0,$-2,$-19,$-55,$1,$-6,$0,$-5,$-4,$31,$27,$42,$57,$0,$-13,$-13,$1,$1,$-14,$551,$526,$583,$0,$-14
36,2009-09-30,15.16,$13.91,1.09,$7.72,1.96,$3.49,4.35,$0.99,15.32,$3.71B,$3.84B,0.97,$0.03B,$0.43B,0.06,$0.24B,$0.20B,82.16%,$0.24B,$0.05B,19.50%,$0.24B,0,0.00%,$0.24B,0,0.00%,$0.24B,$0.05B,19.09%,$0.24B,$0.03B,12.45%,$0.03B,$0.43B,7.16%,$0.03B,$0.38B,7.95%,$0.03B,$4.32B,0.73%,$0.05B,$0.45B,10.55%,$59,$9,$50,$0,$34,$46,$14,$0,$14,$4,$9,$9,$9,$0,$0,$31,31,$0.31,$0.30,$1015,$0,$0,$3714,$91,$392,$41,$84,$608,$4322,$3837,$27,$32,$59,$3896,$15,$328,$13,$426,$4322,$0,$0,$0,$0,$0,$0,$0,$0,$0,$39,$-5,$0,$0,$1,$59,$60,$35,$90,$0,$-12,$-12,$1,$1,$-10,$454,$433,$562,$0,$-10
37,2009-06-30,14.11,$13.70,1.03,$7.97,1.77,$3.54,3.99,$1.04,13.57,$3.63B,$3.79B,0.96,$0.03B,$0.42B,0.06,$0.25B,$0.20B,80.72%,$0.25B,$0.05B,19.68%,$0.25B,0,0.00%,$0.25B,0,0.00%,$0.25B,$0.05B,19.28%,$0.25B,$0.03B,12.85%,$0.03B,$0.42B,7.77%,$0.03B,$0.38B,8.64%,$0.03B,$4.27B,0.80%,$0.05B,$0.45B,11.17%,$60,$10,$50,$0,$38,$50,$10,$0,$10,$3,$6,$6,$6,$0,$0,$31,31,$0.21,$0.20,$910,$0,$0,$3634,$91,$418,$41,$85,$636,$4269,$3788,$27,$35,$62,$3850,$15,$323,$12,$419,$4269,$0,$0,$0,$0,$0,$0,$0,$0,$0,$24,$-4,$0,$0,$-1,$33,$32,$16,$44,$0,$-12,$-12,$0,$0,$-7,$405,$387,$454,$0,$-7
38,2009-03-31,14.76,$13.61,1.08,$8.38,1.76,$3.38,4.37,$1.28,11.53,$3.30B,$3.48B,0.95,$0.03B,$0.42B,0.06,$0.26B,$0.21B,79.77%,$0.26B,$0.06B,22.90%,$0.26B,0,0.00%,$0.26B,0,0.00%,$0.26B,$0.06B,22.52%,$0.26B,$0.04B,15.27%,$0.04B,$0.42B,9.91%,$0.04B,$0.38B,11.05%,$0.04B,$3.96B,1.03%,$0.06B,$0.44B,13.94%,$59,$11,$48,$0,$36,$49,$10,$0,$10,$3,$7,$7,$7,$0,$0,$31,31,$0.24,$0.23,$505,$0,$0,$3301,$92,$439,$42,$85,$657,$3958,$3478,$27,$37,$64,$3542,$15,$320,$13,$416,$3958,$0,$0,$0,$0,$0,$0,$0,$0,$0,$10,$-2,$0,$0,$1,$13,$14,$-50,$-37,$0,$-12,$-12,$0,$0,$-3,$94,$79,$52,$0,$-3
39,2008-12-31,21.34,$13.54,1.58,$8.75,2.44,$3.38,6.31,$1.42,15.03,$3.20B,$3.40B,0.94,$0.03B,$0.41B,0.07,$0.27B,$0.21B,78.39%,$0.27B,$0.07B,24.91%,$0.27B,0,0.00%,$0.27B,0,0.00%,$0.27B,$0.07B,24.54%,$0.27B,$0.05B,16.48%,$0.05B,$0.41B,11.36%,$0.05B,$0.37B,12.70%,$0.05B,$3.87B,1.18%,$0.07B,$0.44B,16.08%,$63,$13,$50,$0,$35,$50,$13,$0,$12,$4,$8,$8,$8,$0,$0,$30,31,$0.26,$0.26,$454,$0,$0,$3202,$91,$456,$42,$76,$665,$3867,$3396,$27,$30,$57,$3453,$15,$316,$15,$414,$3867,$44,$12,$-0,$12,$4,$0,$-2,$0,$2,$61,$-13,$0,$-0,$398,$29,$427,$-277,$137,$-1,$-18,$-18,$1,$1,$-13,$89,$60,$257,$0,$-13
40,2008-09-30,19.4,$13.04,1.49,$9.03,2.15,$3.38,5.74,$1.54,12.64,$3.17B,$3.38B,0.94,$0.03B,$0.40B,0.07,$0.28B,$0.22B,76.68%,$0.28B,$0.07B,25.80%,$0.28B,0,0.00%,$0.28B,0,0.00%,$0.28B,$0.07B,25.80%,$0.28B,$0.05B,17.31%,$0.05B,$0.40B,12.70%,$0.05B,$0.36B,14.25%,$0.05B,$3.83B,1.29%,$0.07B,$0.42B,17.70%,$67,$14,$53,$0,$34,$50,$16,$0,$16,$6,$11,$11,$11,$0,$0,$30,31,$0.36,$0.35,$446,$0,$0,$3166,$90,$463,$42,$65,$659,$3826,$3383,$27,$18,$45,$3428,$15,$311,$5,$398,$3826,$0,$0,$0,$0,$0,$0,$0,$0,$0,$44,$-8,$0,$0,$199,$8,$206,$-241,$-43,$-1,$-15,$-16,$1,$1,$-9,$73,$49,$49,$0,$-9
41,2008-06-30,17.1,$12.75,1.34,$9.56,1.79,$3.88,4.41,$1.72,9.97,$3.17B,$3.39B,0.94,$0.03B,$0.39B,0.07,$0.30B,$0.23B,75.75%,$0.30B,$0.08B,27.57%,$0.30B,0,0.00%,$0.30B,0,0.00%,$0.30B,$0.08B,27.57%,$0.30B,$0.06B,18.27%,$0.06B,$0.39B,14.63%,$0.06B,$0.35B,16.48%,$0.06B,$3.84B,1.48%,$0.08B,$0.41B,20.58%,$73,$14,$58,$0,$35,$52,$21,$0,$21,$7,$14,$14,$14,$0,$0,$30,31,$0.46,$0.45,$567,$0,$0,$3168,$89,$448,$42,$92,$671,$3840,$3389,$27,$37,$64,$3453,$15,$304,$4,$387,$3840,$0,$0,$0,$0,$0,$0,$0,$0,$0,$21,$-6,$0,$0,$-1,$20,$19,$-119,$-105,$-1,$-16,$-17,$-1,$-1,$-6,$79,$55,$-29,$0,$-6
42,2008-03-31,18.21,$12.72,1.43,$9.52,1.91,$4.10,4.44,$1.69,10.78,$3.13B,$3.35B,0.93,$0.03B,$0.39B,0.07,$0.30B,$0.22B,73.84%,$0.30B,$0.08B,27.48%,$0.30B,0,0.00%,$0.30B,0,0.00%,$0.30B,$0.08B,27.48%,$0.30B,$0.05B,17.88%,$0.05B,$0.39B,14.57%,$0.05B,$0.34B,16.46%,$0.05B,$3.79B,1.47%,$0.08B,$0.41B,20.87%,$70,$18,$53,$0,$33,$53,$18,$0,$18,$6,$12,$12,$12,$0,$0,$30,31,$0.38,$0.37,$630,$0,$0,$3126,$87,$463,$42,$68,$660,$3786,$3347,$27,$25,$53,$3400,$15,$293,$14,$386,$3786,$0,$0,$0,$0,$0,$0,$0,$0,$0,$15,$-7,$0,$0,$-53,$15,$-38,$-6,$-51,$-0,$8,$8,$-1,$-1,$-3,$14,$17,$-19,$0,$-3
43,2007-12-31,16.97,$12.22,1.39,$9.43,1.8,$3.71,4.58,$1.67,10.19,$3.08B,$3.33B,0.93,$0.03B,$0.37B,0.07,$0.30B,$0.22B,72.85%,$0.30B,$0.08B,27.15%,$0.30B,0,0.00%,$0.30B,0,0.00%,$0.30B,$0.08B,27.15%,$0.30B,$0.05B,17.55%,$0.05B,$0.37B,14.61%,$0.05B,$0.33B,16.51%,$0.05B,$3.74B,1.47%,$0.08B,$0.40B,21.01%,$73,$20,$53,$0,$33,$55,$18,$0,$18,$6,$12,$12,$12,$0,$0,$31,32,$0.39,$0.38,$595,$0,$0,$3080,$88,$468,$42,$65,$663,$3743,$3327,$27,$17,$44,$3371,$15,$286,$7,$372,$3743,$53,$10,$-2,$8,$0,$0,$-0,$0,$0,$63,$-15,$0,$-4,$-64,$-16,$-80,$-179,$-278,$-28,$7,$-20,$-26,$-26,$-12,$314,$256,$42,$0,$-12
44,2007-09-30,17.69,$11.80,1.5,$9.35,1.89,$2.87,6.16,$1.71,10.35,$2.89B,$3.14B,0.92,$0.03B,$0.36B,0.08,$0.30B,$0.22B,73.00%,$0.30B,$0.08B,28.00%,$0.30B,0,0.00%,$0.30B,0,0.00%,$0.30B,$0.08B,28.00%,$0.30B,$0.06B,18.33%,$0.06B,$0.36B,15.42%,$0.06B,$0.32B,17.42%,$0.06B,$3.55B,1.56%,$0.08B,$0.39B,21.50%,$85,$21,$64,$0,$35,$59,$26,$0,$26,$9,$17,$17,$17,$0,$0,$31,32,$0.54,$0.53,$487,$0,$0,$2885,$88,$465,$43,$67,$661,$3546,$3144,$28,$16,$44,$3187,$15,$277,$3,$359,$3546,$0,$0,$0,$0,$0,$0,$0,$0,$0,$63,$-10,$0,$-4,$-15,$-37,$-52,$-93,$-159,$-25,$-7,$-32,$-25,$-25,$-9,$145,$79,$-18,$0,$-9
45,2007-06-30,16.81,$11.59,1.45,$8.87,1.9,$1.83,9.18,$1.58,10.67,$2.95B,$3.20B,0.92,$0.03B,$0.37B,0.08,$0.29B,$0.21B,72.63%,$0.29B,$0.08B,27.37%,$0.29B,0,0.00%,$0.29B,0,0.00%,$0.29B,$0.08B,27.37%,$0.29B,$0.05B,17.89%,$0.05B,$0.37B,14.54%,$0.05B,$0.32B,16.43%,$0.05B,$3.60B,1.46%,$0.08B,$0.39B,19.94%,$74,$21,$53,$0,$30,$53,$21,$0,$21,$8,$13,$13,$13,$0,$0,$31,32,$0.43,$0.42,$603,$0,$0,$2948,$85,$459,$43,$67,$654,$3602,$3195,$28,$14,$42,$3237,$16,$288,$-1,$365,$3602,$0,$0,$0,$0,$0,$0,$0,$0,$0,$30,$-7,$0,$-4,$-126,$-28,$-154,$-33,$-198,$-27,$13,$-15,$-2,$-2,$-6,$177,$155,$-13,$0,$-6
46,2007-03-31,18.12,$11.31,1.6,$8.66,2.09,$1.43,12.65,$1.54,11.77,$2.90B,$3.12B,0.93,$0.03B,$0.36B,0.08,$0.28B,$0.20B,73.38%,$0.28B,$0.08B,27.34%,$0.28B,0,0.00%,$0.28B,0,0.00%,$0.28B,$0.08B,27.34%,$0.28B,$0.05B,17.99%,$0.05B,$0.36B,14.73%,$0.05B,$0.32B,16.64%,$0.05B,$3.52B,1.45%,$0.08B,$0.38B,19.64%,$70,$20,$50,$0,$31,$53,$17,$0,$17,$6,$11,$11,$11,$0,$0,$32,32,$0.36,$0.35,$568,$0,$0,$2902,$84,$431,$40,$66,$620,$3522,$3123,$28,$15,$43,$3166,$16,$277,$1,$355,$3522,$0,$0,$0,$0,$0,$0,$0,$0,$0,$17,$-22,$0,$0,$-100,$3,$-97,$-7,$-126,$-27,$24,$-4,$-2,$-2,$-3,$95,$87,$-22,$0,$-3
47,2006-12-31,21.03,$11.05,1.9,$8.44,2.49,$1.68,12.53,$1.54,13.7,$2.81B,$3.01B,0.94,$0.05B,$0.35B,0.15,$0.27B,$0.20B,74.54%,$0.27B,$0.08B,28.04%,$0.27B,0,0.00%,$0.27B,0,0.00%,$0.27B,$0.08B,28.04%,$0.27B,$0.05B,18.45%,$0.05B,$0.35B,15.22%,$0.05B,$0.31B,17.27%,$0.05B,$3.42B,1.47%,$0.08B,$0.40B,19.86%,$71,$20,$52,$0,$30,$51,$20,$0,$20,$6,$14,$14,$14,$0,$0,$31,32,$0.43,$0.42,$490,$0,$0,$2813,$82,$433,$40,$50,$605,$3419,$3006,$53,$12,$65,$3070,$16,$271,$0,$348,$3419,$49,$10,$0,$11,$-10,$0,$3,$0,$-7,$44,$-22,$0,$1,$-249,$28,$-221,$3,$-240,$-3,$-14,$-17,$4,$4,$-11,$170,$147,$-49,$0,$-11
