,Date,Stock Price,Book Value per Share,Price to Book Ratio,TTM Sales per Share,Price to Sales Ratio,TTM FCF per Share,Price to FCF Ratio,TTM Net EPS,PE Ratio,Current Assets,Current Liabilities,Current Ratio,Long Term Debt,Shareholder's Equity_x,Debt to Equity Ratio,TTM Revenue_x,TTM Gross Profit,Gross Margin,TTM Revenue_y,TTM Operating Income,Operating Margin,TTM Revenue_x,TTM EBIT,EBIT Margin,TTM Revenue_y,TTM EBITDA,EBITDA Margin,TTM Revenue_x,TTM Pre-Tax Income,Pre-Tax Margin,TTM Revenue_y,TTM Net Income_x,Net Margin,TTM Net Income_y,Shareholder's Equity_y,Return on Equity,TTM Net Income_x,Tangible Equity,Return on Tangible Equity,TTM Net Income_y,Total Assets,Return on Assets,TTM Net Income,LT Investments & Debt,Return on Investment,revenue,cost-goods-sold,gross-profit,research-development-expenses,selling-general-administrative-expenses,operating-expenses,operating-income,total-non-operating-income-expense,pre-tax-income,total-provision-income-taxes,income-after-taxes,income-from-continuous-operations,net-income,ebitda,ebit,basic-shares-outstanding,shares-outstanding,eps-basic-net-earnings-per-share,eps-earnings-per-share-diluted,cash-on-hand,inventory,other-current-assets,total-current-assets,net-property-plant-equipment,long-term-investments,goodwill-intangible-assets-total,other-long-term-assets,total-long-term-assets,total-assets,total-current-liabilities,long-term-debt,other-non-current-liabilities,total-long-term-liabilities,total-liabilities,common-stock-net,retained-earnings-accumulated-deficit,comprehensive-income,total-share-holder-equity,total-liabilities-share-holders-equity,net-income-loss,total-depreciation-amortization-cash-flow,other-non-cash-items,total-non-cash-items,change-in-accounts-receivable,change-in-inventories,change-in-accounts-payable,change-in-assets-liabilities,total-change-in-assets-liabilities,cash-flow-from-operating-activities,net-change-in-property-plant-equipment,net-change-in-intangible-assets,net-acquisitions-divestitures,net-change-in-short-term-investments,net-change-in-long-term-investments,net-change-in-investments-total,investing-activities-other,cash-flow-from-investing-activities,net-long-term-debt,net-current-debt,debt-issuance-retirement-net-total,net-common-equity-issued-repurchased,net-total-equity-issued-repurchased,total-common-preferred-stock-dividends-paid,financial-activities-other,cash-flow-from-financial-activities,net-cash-flow,stock-based-compensation,common-stock-dividends-paid
0,2018-09-30,22.42,$0.00,0.0,$2.63,8.54,0.0,0.0,$1.59,14.1,$0.00B,$0.00B,0.0,$0.00B,$0.00B,0.0,$0.02B,$0.02B,100.00%,$0.02B,$0.02B,100.00%,$0.02B,$0.02B,100.00%,$0.02B,$0.02B,100.00%,$0.02B,$0.02B,100.00%,$0.02B,$0.01B,81.25%,$0.01B,$0.00B,inf%,$0.01B,$0.00B,inf%,$0.01B,$0.00B,inf%,$0.02B,$0.00B,inf%,$4,$0,$4,$0,$0,$0,$4,$0,$4,$0,$4,$3,$3,$4,$4,$7,7,$0.41,$0.41,$0,$0,$0,$0,$0,$0,$0,$0,$0,$0,$0,$0,$0,$0,$0,$0,$0,$0,$0,$0,$0,$0,$0,$0,$0,$0,$0,$0,$0,$0,$0,$0,$0,$0,$0,$0,$0,$0,$0,$0,$0,$0,$0,$0,$0,$0,$0,$0,$0
1,2018-06-30,22.89,$0.00,0.0,$2.63,8.7,0.0,0.0,$2.06,11.11,$0.00B,$0.00B,0.0,$0.00B,$0.00B,0.0,$0.02B,$0.02B,100.00%,$0.02B,$0.02B,100.00%,$0.02B,$0.02B,100.00%,$0.02B,$0.02B,100.00%,$0.02B,$0.02B,100.00%,$0.02B,$0.01B,81.25%,$0.01B,$0.00B,inf%,$0.01B,$0.00B,inf%,$0.01B,$0.00B,inf%,$0.02B,$0.00B,inf%,$4,$0,$4,$0,$0,$0,$4,$0,$4,$0,$4,$5,$5,$4,$4,$6,6,$0.81,$0.81,$0,$0,$0,$0,$0,$0,$0,$0,$0,$0,$0,$0,$0,$0,$0,$0,$0,$0,$0,$0,$0,$0,$0,$0,$0,$0,$0,$0,$0,$0,$0,$0,$0,$0,$0,$0,$0,$0,$0,$0,$0,$0,$0,$0,$0,$0,$0,$0,$0
2,2018-03-31,21.4,$0.00,0.0,$2.60,8.21,0.0,0.0,$1.77,12.09,$0.00B,$0.00B,0.0,$0.00B,$0.00B,0.0,$0.02B,$0.02B,100.00%,$0.02B,$0.02B,100.00%,$0.02B,$0.02B,100.00%,$0.02B,$0.02B,100.00%,$0.02B,$0.02B,100.00%,$0.02B,$0.01B,68.75%,$0.01B,$0.00B,inf%,$0.01B,$0.00B,inf%,$0.01B,$0.00B,inf%,$0.02B,$0.00B,inf%,$4,$0,$4,$0,$0,$0,$4,$0,$4,$0,$4,$3,$3,$4,$4,$7,7,$0.40,$0.40,$0,$0,$0,$0,$0,$0,$0,$0,$0,$0,$0,$0,$0,$0,$0,$0,$0,$0,$0,$0,$0,$0,$0,$0,$0,$0,$0,$0,$0,$0,$0,$0,$0,$0,$0,$0,$0,$0,$0,$0,$0,$0,$0,$0,$0,$0,$0,$0,$0
3,2017-12-31,19.47,$0.00,0.0,$2.66,7.33,0.0,0.0,$1.84,10.58,$0.00B,$0.00B,0.0,$0.00B,$0.00B,0.0,$0.02B,$0.02B,100.00%,$0.02B,$0.02B,100.00%,$0.02B,$0.02B,100.00%,$0.02B,$0.02B,100.00%,$0.02B,$0.02B,100.00%,$0.02B,$0.01B,64.71%,$0.01B,$0.00B,inf%,$0.01B,$0.00B,inf%,$0.01B,$0.00B,inf%,$0.02B,$0.00B,inf%,$4,$0,$4,$0,$0,$0,$4,$0,$4,$0,$4,$2,$2,$4,$4,$6,6,$0.38,$0.38,$0,$0,$0,$0,$0,$0,$0,$0,$0,$0,$0,$0,$0,$0,$0,$0,$0,$0,$0,$0,$0,$0,$0,$0,$0,$0,$0,$0,$0,$0,$0,$0,$0,$0,$0,$0,$0,$0,$0,$0,$0,$0,$0,$0,$0,$0,$0,$0,$0
4,2017-09-30,19.59,$0.00,0.0,$2.65,7.4,0.0,0.0,$1.76,11.13,$0.00B,$0.00B,0.0,$0.00B,$0.00B,0.0,$0.02B,$0.02B,100.00%,$0.02B,$0.02B,100.00%,$0.02B,$0.02B,100.00%,$0.02B,$0.02B,100.00%,$0.02B,$0.02B,100.00%,$0.02B,$0.01B,64.71%,$0.01B,$0.00B,inf%,$0.01B,$0.00B,inf%,$0.01B,$0.00B,inf%,$0.02B,$0.00B,inf%,$4,$0,$4,$0,$0,$0,$4,$0,$4,$0,$4,$3,$3,$4,$4,$7,7,$0.47,$0.47,$0,$0,$0,$0,$0,$0,$0,$0,$0,$0,$0,$0,$0,$0,$0,$0,$0,$0,$0,$0,$0,$0,$0,$0,$0,$0,$0,$0,$0,$0,$0,$0,$0,$0,$0,$0,$0,$0,$0,$0,$0,$0,$0,$0,$0,$0,$0,$0,$0
5,2017-06-30,19.01,$0.00,0.0,$2.64,7.19,0.0,0.0,$1.74,10.93,$0.00B,$0.00B,0.0,$0.00B,$0.00B,0.0,$0.02B,$0.02B,100.00%,$0.02B,$0.02B,100.00%,$0.02B,$0.02B,100.00%,$0.02B,$0.02B,100.00%,$0.02B,$0.02B,100.00%,$0.02B,$0.01B,64.71%,$0.01B,$0.00B,inf%,$0.01B,$0.00B,inf%,$0.01B,$0.00B,inf%,$0.02B,$0.00B,inf%,$4,$0,$4,$0,$0,$0,$4,$0,$4,$0,$4,$3,$3,$4,$4,$7,7,$0.52,$0.52,$0,$0,$0,$0,$0,$0,$0,$0,$0,$0,$0,$0,$0,$0,$0,$0,$0,$0,$0,$0,$0,$0,$0,$0,$0,$0,$0,$0,$0,$0,$0,$0,$0,$0,$0,$0,$0,$0,$0,$0,$0,$0,$0,$0,$0,$0,$0,$0,$0
6,2017-03-31,18.44,$0.00,0.0,$2.65,6.97,0.0,0.0,$1.71,10.79,$0.00B,$0.00B,0.0,$0.00B,$0.00B,0.0,$0.02B,$0.02B,100.00%,$0.02B,$0.02B,100.00%,$0.02B,$0.02B,100.00%,$0.02B,$0.02B,100.00%,$0.02B,$0.02B,100.00%,$0.02B,$0.01B,64.71%,$0.01B,$0.00B,inf%,$0.01B,$0.00B,inf%,$0.01B,$0.00B,inf%,$0.02B,$0.00B,inf%,$5,$0,$5,$0,$0,$0,$5,$0,$5,$0,$5,$3,$3,$5,$5,$7,7,$0.47,$0.47,$0,$0,$0,$0,$0,$0,$0,$0,$0,$0,$0,$0,$0,$0,$0,$0,$0,$0,$0,$0,$0,$0,$0,$0,$0,$0,$0,$0,$0,$0,$0,$0,$0,$0,$0,$0,$0,$0,$0,$0,$0,$0,$0,$0,$0,$0,$0,$0,$0
7,2016-12-31,16.78,$0.00,0.0,$2.61,6.42,0.0,0.0,$1.68,9.99,$0.00B,$0.00B,0.0,$0.00B,$0.00B,0.0,$0.02B,$0.02B,100.00%,$0.02B,$0.02B,100.00%,$0.02B,$0.02B,100.00%,$0.02B,$0.02B,100.00%,$0.02B,$0.02B,100.00%,$0.02B,$0.01B,68.75%,$0.01B,$0.00B,inf%,$0.01B,$0.00B,inf%,$0.01B,$0.00B,inf%,$0.02B,$0.00B,inf%,$4,$0,$4,$0,$0,$0,$4,$0,$4,$0,$4,$2,$2,$4,$4,$7,7,$0.30,$0.30,$0,$0,$0,$0,$0,$0,$0,$0,$0,$0,$0,$0,$0,$0,$0,$0,$0,$0,$0,$0,$0,$0,$0,$0,$0,$0,$0,$0,$0,$0,$0,$0,$0,$0,$0,$0,$0,$0,$0,$0,$0,$0,$0,$0,$0,$0,$0,$0,$0
8,2016-09-30,16.44,$0.00,0.0,$2.65,6.2,0.0,0.0,$1.26,13.05,$0.00B,$0.00B,0.0,$0.00B,$0.00B,0.0,$0.02B,$0.02B,100.00%,$0.02B,$0.02B,100.00%,$0.02B,$0.02B,100.00%,$0.02B,$0.02B,100.00%,$0.02B,$0.02B,100.00%,$0.02B,$0.01B,50.00%,$0.01B,$0.00B,inf%,$0.01B,$0.00B,inf%,$0.01B,$0.00B,inf%,$0.02B,$0.00B,inf%,$4,$0,$4,$0,$0,$0,$4,$0,$4,$0,$4,$3,$3,$4,$4,$6,6,$0.45,$0.45,$0,$0,$0,$0,$0,$0,$0,$0,$0,$0,$0,$0,$0,$0,$0,$0,$0,$0,$0,$0,$0,$0,$0,$0,$0,$0,$0,$0,$0,$0,$0,$0,$0,$0,$0,$0,$0,$0,$0,$0,$0,$0,$0,$0,$0,$0,$0,$0,$0
9,2016-06-30,15.83,$0.00,0.0,$2.63,6.02,0.0,0.0,$1.18,13.42,$0.00B,$0.00B,0.0,$0.00B,$0.00B,0.0,$0.02B,$0.02B,100.00%,$0.02B,$0.02B,100.00%,$0.02B,$0.02B,100.00%,$0.02B,$0.02B,100.00%,$0.02B,$0.02B,100.00%,$0.02B,$0.01B,43.75%,$0.01B,$0.00B,inf%,$0.01B,$0.00B,inf%,$0.01B,$0.00B,inf%,$0.02B,$0.00B,inf%,$4,$0,$4,$0,$0,$0,$4,$0,$4,$0,$4,$3,$3,$4,$4,$7,7,$0.49,$0.49,$0,$0,$0,$0,$0,$0,$0,$0,$0,$0,$0,$0,$0,$0,$0,$0,$0,$0,$0,$0,$0,$0,$0,$0,$0,$0,$0,$0,$0,$0,$0,$0,$0,$0,$0,$0,$0,$0,$0,$0,$0,$0,$0,$0,$0,$0,$0,$0,$0
10,2016-03-31,14.64,$0.00,0.0,$2.59,5.65,0.0,0.0,$1.17,12.51,$0.00B,$0.00B,0.0,$0.00B,$0.00B,0.0,$0.02B,$0.02B,100.00%,$0.02B,$0.02B,100.00%,$0.02B,$0.02B,100.00%,$0.02B,$0.02B,100.00%,$0.02B,$0.02B,100.00%,$0.02B,$0.01B,43.75%,$0.01B,$0.00B,inf%,$0.01B,$0.00B,inf%,$0.01B,$0.00B,inf%,$0.02B,$0.00B,inf%,$4,$0,$4,$0,$0,$0,$4,$0,$4,$0,$4,$3,$3,$4,$4,$7,7,$0.44,$0.44,$0,$0,$0,$0,$0,$0,$0,$0,$0,$0,$0,$0,$0,$0,$0,$0,$0,$0,$0,$0,$0,$0,$0,$0,$0,$0,$0,$0,$0,$0,$0,$0,$0,$0,$0,$0,$0,$0,$0,$0,$0,$0,$0,$0,$0,$0,$0,$0,$0
11,2015-12-31,13.52,$0.00,0.0,$2.43,5.57,0.0,0.0,$1.27,10.64,$0.00B,$0.00B,0.0,$0.00B,$0.00B,0.0,$0.02B,$0.02B,100.00%,$0.02B,$0.02B,100.00%,$0.02B,$0.02B,100.00%,$0.02B,$0.02B,100.00%,$0.02B,$0.02B,100.00%,$0.02B,$0.01B,53.33%,$0.01B,$0.00B,inf%,$0.01B,$0.00B,inf%,$0.01B,$0.00B,inf%,$0.02B,$0.00B,inf%,$4,$0,$4,$0,$0,$0,$4,$0,$4,$0,$4,$-1,$-1,$4,$4,$7,7,$-0.12,$-0.12,$0,$0,$0,$0,$0,$0,$0,$0,$0,$0,$0,$0,$0,$0,$0,$0,$0,$0,$0,$0,$0,$0,$0,$0,$0,$0,$0,$0,$0,$0,$0,$0,$0,$0,$0,$0,$0,$0,$0,$0,$0,$0,$0,$0,$0,$0,$0,$0,$0
12,2015-09-30,13.66,$0.00,0.0,$2.28,5.99,0.0,0.0,$1.78,7.67,$0.00B,$0.00B,0.0,$0.00B,$0.00B,0.0,$0.01B,$0.01B,100.00%,$0.01B,$0.01B,100.00%,$0.01B,$0.01B,100.00%,$0.01B,$0.01B,100.00%,$0.01B,$0.01B,100.00%,$0.01B,$0.01B,78.57%,$0.01B,$0.00B,inf%,$0.01B,$0.00B,inf%,$0.01B,$0.00B,inf%,$0.01B,$0.00B,inf%,$4,$0,$4,$0,$0,$0,$4,$0,$4,$0,$4,$2,$2,$4,$4,$6,6,$0.37,$0.37,$0,$0,$0,$0,$0,$0,$0,$0,$0,$0,$0,$0,$0,$0,$0,$0,$0,$0,$0,$0,$0,$0,$0,$0,$0,$0,$0,$0,$0,$0,$0,$0,$0,$0,$0,$0,$0,$0,$0,$0,$0,$0,$0,$0,$0,$0,$0,$0,$0
13,2015-06-30,13.78,$0.00,0.0,$2.24,6.15,0.0,0.0,$1.68,8.2,$0.00B,$0.00B,0.0,$0.00B,$0.00B,0.0,$0.01B,$0.01B,100.00%,$0.01B,$0.01B,100.00%,$0.01B,$0.01B,100.00%,$0.01B,$0.01B,100.00%,$0.01B,$0.01B,100.00%,$0.01B,$0.01B,76.92%,$0.01B,$0.00B,inf%,$0.01B,$0.00B,inf%,$0.01B,$0.00B,inf%,$0.01B,$0.00B,inf%,$4,$0,$4,$0,$0,$0,$4,$0,$4,$0,$4,$3,$3,$4,$4,$6,6,$0.48,$0.48,$0,$0,$0,$0,$0,$0,$0,$0,$0,$0,$0,$0,$0,$0,$0,$0,$0,$0,$0,$0,$0,$0,$0,$0,$0,$0,$0,$0,$0,$0,$0,$0,$0,$0,$0,$0,$0,$0,$0,$0,$0,$0,$0,$0,$0,$0,$0,$0,$0
14,2015-03-31,14.05,$0.00,0.0,$2.08,6.76,0.0,0.0,$1.32,10.64,$0.00B,$0.00B,0.0,$0.00B,$0.00B,0.0,$0.01B,$0.01B,100.00%,$0.01B,$0.01B,100.00%,$0.01B,$0.01B,100.00%,$0.01B,$0.01B,100.00%,$0.01B,$0.01B,100.00%,$0.01B,$0.01B,72.73%,$0.01B,$0.00B,inf%,$0.01B,$0.00B,inf%,$0.01B,$0.00B,inf%,$0.01B,$0.00B,inf%,$3,$0,$3,$0,$0,$0,$3,$0,$3,$0,$3,$4,$4,$3,$3,$7,7,$0.54,$0.54,$0,$0,$0,$0,$0,$0,$0,$0,$0,$0,$0,$0,$0,$0,$0,$0,$0,$0,$0,$0,$0,$0,$0,$0,$0,$0,$0,$0,$0,$0,$0,$0,$0,$0,$0,$0,$0,$0,$0,$0,$0,$0,$0,$0,$0,$0,$0,$0,$0
15,2014-12-31,14.82,$0.00,0.0,$1.74,8.51,0.0,0.0,$0.90,16.46,$0.00B,$0.00B,0.0,$0.00B,$0.00B,0.0,$0.01B,$0.01B,100.00%,$0.01B,$0.01B,100.00%,$0.01B,$0.01B,100.00%,$0.01B,$0.01B,100.00%,$0.01B,$0.01B,100.00%,$0.01B,$0.01B,55.56%,$0.01B,$0.00B,inf%,$0.01B,$0.00B,inf%,$0.01B,$0.00B,inf%,$0.01B,$0.00B,inf%,$3,$0,$3,$0,$0,$0,$3,$0,$3,$0,$3,$2,$2,$3,$3,$5,5,$0.39,$0.39,$0,$0,$0,$0,$0,$0,$0,$0,$0,$0,$0,$0,$0,$0,$0,$0,$0,$0,$0,$0,$0,$0,$0,$0,$0,$0,$0,$0,$0,$0,$0,$0,$0,$0,$0,$0,$0,$0,$0,$0,$0,$0,$0,$0,$0,$0,$0,$0,$0
