,Date,Stock Price,Book Value per Share,Price to Book Ratio,TTM Sales per Share,Price to Sales Ratio,TTM FCF per Share,Price to FCF Ratio,TTM Net EPS,PE Ratio,Current Assets,Current Liabilities,Current Ratio,Long Term Debt,Shareholder's Equity_x,Debt to Equity Ratio,TTM Revenue_x,TTM Gross Profit,Gross Margin,TTM Revenue_y,TTM Operating Income,Operating Margin,TTM Revenue_x,TTM EBIT,EBIT Margin,TTM Revenue_y,TTM EBITDA,EBITDA Margin,TTM Revenue_x,TTM Pre-Tax Income,Pre-Tax Margin,TTM Revenue_y,TTM Net Income_x,Net Margin,TTM Net Income_y,Shareholder's Equity_y,Return on Equity,TTM Net Income_x,Tangible Equity,Return on Tangible Equity,TTM Net Income_y,Total Assets,Return on Assets,TTM Net Income,LT Investments & Debt,Return on Investment,revenue,cost-goods-sold,gross-profit,research-development-expenses,selling-general-administrative-expenses,operating-expenses,operating-income,total-non-operating-income-expense,pre-tax-income,total-provision-income-taxes,income-after-taxes,income-from-continuous-operations,net-income,ebitda,ebit,basic-shares-outstanding,shares-outstanding,eps-basic-net-earnings-per-share,eps-earnings-per-share-diluted,cash-on-hand,inventory,other-current-assets,total-current-assets,net-property-plant-equipment,long-term-investments,goodwill-intangible-assets-total,other-long-term-assets,total-long-term-assets,total-assets,total-current-liabilities,long-term-debt,other-non-current-liabilities,total-long-term-liabilities,total-liabilities,common-stock-net,retained-earnings-accumulated-deficit,comprehensive-income,total-share-holder-equity,total-liabilities-share-holders-equity,net-income-loss,total-depreciation-amortization-cash-flow,other-non-cash-items,total-non-cash-items,change-in-accounts-receivable,change-in-inventories,change-in-accounts-payable,change-in-assets-liabilities,total-change-in-assets-liabilities,cash-flow-from-operating-activities,net-change-in-property-plant-equipment,net-change-in-intangible-assets,net-acquisitions-divestitures,net-change-in-short-term-investments,net-change-in-long-term-investments,net-change-in-investments-total,investing-activities-other,cash-flow-from-investing-activities,net-long-term-debt,net-current-debt,debt-issuance-retirement-net-total,net-common-equity-issued-repurchased,net-total-equity-issued-repurchased,total-common-preferred-stock-dividends-paid,financial-activities-other,cash-flow-from-financial-activities,net-cash-flow,stock-based-compensation,common-stock-dividends-paid
0,2018-09-30,77.09,$17.09,4.51,$20.12,3.83,$5.29,14.59,$2.21,34.88,$7.03B,$2.70B,2.6,$3.49B,$9.11B,0.38,$11.06B,$4.75B,42.90%,$11.06B,$1.46B,13.19%,$11.06B,$1.46B,13.19%,$11.06B,$2.25B,20.36%,$11.06B,$1.54B,13.93%,$11.06B,$1.21B,10.90%,$1.21B,$9.11B,13.32%,$1.21B,$4.73B,26.32%,$1.21B,$16.85B,7.15%,$1.46B,$12.60B,11.62%,$2767,$1531,$1236,$166,$685,$2382,$385,$21,$406,$-138,$544,$544,$544,$592,$385,$534,546,$1.02,$1.00,$2860,$1718,$0,$7028,$4520,$0,$4382,$917,$9819,$16847,$2704,$3485,$1545,$5030,$7734,$683,$15394,$-4239,$9113,$16847,$1276,$594,$-166,$428,$-16,$-236,$0,$-168,$-471,$1341,$-468,$0,$-247,$0,$0,$0,$0,$-715,$-2,$0,$-2,$-796,$-796,$-274,$-23,$-1095,$-534,$87,$-274
1,2018-06-30,73.84,$16.58,4.45,$19.91,3.71,$5.33,13.87,$1.66,44.48,$6.89B,$2.63B,2.62,$3.50B,$8.87B,0.39,$11.00B,$4.64B,42.17%,$11.00B,$1.37B,12.49%,$11.00B,$1.37B,12.49%,$11.00B,$2.14B,19.49%,$11.00B,$1.43B,12.95%,$11.00B,$0.91B,8.29%,$0.91B,$8.87B,9.98%,$0.91B,$4.46B,19.66%,$0.91B,$16.58B,5.36%,$1.37B,$12.36B,10.86%,$2842,$1603,$1239,$174,$681,$2458,$384,$20,$404,$61,$343,$343,$343,$579,$384,$535,547,$0.64,$0.63,$2857,$1622,$0,$6890,$4531,$0,$4411,$746,$9688,$16578,$2629,$3495,$1585,$5080,$7709,$683,$14966,$-4199,$8869,$16578,$732,$387,$-23,$364,$43,$-134,$0,$-84,$-284,$852,$-311,$0,$-228,$0,$0,$0,$0,$-539,$-1,$0,$-1,$-611,$-611,$-173,$-23,$-808,$-537,$54,$-173
2,2018-03-31,64.87,$16.95,3.83,$19.41,3.34,$5.13,12.65,$1.51,42.96,$6.96B,$2.64B,2.63,$3.55B,$9.09B,0.39,$10.76B,$4.53B,42.11%,$10.76B,$1.34B,12.42%,$10.76B,$1.34B,12.42%,$10.76B,$2.10B,19.47%,$10.76B,$1.33B,12.33%,$10.76B,$0.83B,7.75%,$0.83B,$9.09B,9.06%,$0.83B,$4.48B,17.19%,$0.83B,$16.89B,4.87%,$1.34B,$12.64B,10.52%,$2677,$1563,$1114,$140,$622,$2245,$432,$6,$438,$49,$389,$389,$389,$624,$432,$539,551,$0.72,$0.71,$2947,$1581,$0,$6956,$4614,$0,$4614,$706,$9934,$16890,$2642,$3550,$1605,$5155,$7797,$683,$14734,$-3876,$9093,$16890,$389,$192,$-3,$189,$76,$-56,$0,$-60,$-143,$447,$-155,$0,$-219,$0,$0,$0,$0,$-374,$0,$0,$0,$-440,$-440,$-87,$-18,$-545,$-447,$20,$-87
3,2017-12-31,64.31,$16.84,3.82,$19.04,3.38,$4.72,13.63,$1.29,49.85,$7.26B,$2.82B,2.58,$3.51B,$9.12B,0.39,$10.56B,$4.46B,42.25%,$10.56B,$1.26B,11.91%,$10.56B,$1.26B,11.91%,$10.56B,$2.02B,19.12%,$10.56B,$1.22B,11.52%,$10.56B,$0.72B,6.79%,$0.72B,$9.12B,7.88%,$0.72B,$4.64B,14.43%,$0.72B,$17.11B,4.26%,$1.26B,$12.63B,10.13%,$2774,$1618,$1156,$185,$713,$2516,$258,$35,$293,$354,$-61,$-61,$-71,$457,$258,$543,555,$-0.13,$-0.13,$3394,$1475,$0,$7263,$4588,$0,$4473,$787,$9848,$17111,$2821,$3509,$1665,$5174,$7995,$683,$14483,$-4001,$9116,$17111,$717,$761,$501,$1262,$30,$76,$0,$-372,$-182,$1837,$-634,$0,$-676,$0,$0,$0,$0,$-1310,$632,$0,$632,$-217,$-217,$-315,$-39,$61,$593,$107,$-315
4,2017-09-30,62.28,$17.37,3.59,$18.85,3.3,$4.25,14.67,$1.86,33.48,$7.45B,$2.66B,2.8,$3.50B,$9.46B,0.37,$10.43B,$4.41B,42.25%,$10.43B,$1.28B,12.29%,$10.43B,$1.28B,12.29%,$10.43B,$2.05B,19.60%,$10.43B,$1.20B,11.53%,$10.43B,$1.03B,9.88%,$1.03B,$9.46B,11.59%,$1.03B,$4.97B,20.82%,$1.03B,$17.54B,6.28%,$1.28B,$12.95B,10.66%,$2707,$1577,$1130,$150,$680,$2407,$300,$-10,$290,$42,$248,$248,$251,$484,$300,$545,557,$0.46,$0.45,$3517,$1550,$0,$7448,$4488,$0,$4488,$1117,$10093,$17541,$2662,$3495,$1925,$5420,$8082,$683,$14615,$-3994,$9459,$17541,$788,$562,$117,$679,$32,$0,$0,$-209,$-213,$1323,$-410,$0,$-678,$0,$0,$0,$0,$-1088,$633,$0,$633,$23,$23,$-228,$-37,$391,$716,$77,$-228
5,2017-06-30,59.93,$16.83,3.56,$18.63,3.22,$3.37,17.76,$1.65,36.32,$7.70B,$2.56B,3.01,$3.45B,$9.17B,0.38,$10.28B,$4.35B,42.29%,$10.28B,$1.17B,11.36%,$10.28B,$1.17B,11.36%,$10.28B,$1.95B,18.97%,$10.28B,$1.04B,10.12%,$10.28B,$0.91B,8.85%,$0.91B,$9.17B,10.46%,$0.91B,$5.31B,18.53%,$0.91B,$16.96B,5.69%,$1.17B,$12.62B,10.02%,$2605,$1473,$1132,$155,$630,$2258,$347,$-41,$306,$42,$264,$264,$265,$531,$347,$544,555,$0.49,$0.48,$3817,$1525,$22,$7704,$4337,$0,$3855,$1067,$9259,$16963,$2558,$3454,$1786,$5240,$7798,$683,$14480,$-4176,$9165,$16963,$537,$378,$-40,$338,$43,$-38,$0,$-95,$-202,$718,$-279,$0,$-34,$0,$0,$0,$0,$-313,$633,$0,$633,$105,$105,$-141,$-31,$566,$1016,$46,$-141
6,2017-03-31,51.2,$15.98,3.2,$18.61,2.75,$2.69,19.06,$3.36,15.24,$6.63B,$2.44B,2.72,$2.78B,$8.68B,0.32,$10.26B,$4.19B,40.82%,$10.26B,$0.89B,8.66%,$10.26B,$0.89B,8.66%,$10.26B,$1.69B,16.51%,$10.26B,$1.95B,19.03%,$10.26B,$1.86B,18.09%,$1.86B,$8.68B,21.76%,$1.86B,$4.95B,39.24%,$1.86B,$15.66B,11.79%,$0.89B,$11.46B,7.97%,$2475,$1431,$1044,$127,$564,$2122,$353,$-25,$328,$55,$273,$273,$272,$547,$353,$541,551,$0.50,$0.49,$2858,$1480,$46,$6633,$4274,$0,$3724,$1028,$9026,$15659,$2438,$2784,$1762,$4546,$6984,$683,$14323,$-4418,$8675,$15659,$272,$194,$42,$236,$78,$-29,$0,$-105,$-318,$189,$-123,$0,$6,$0,$0,$0,$0,$-117,$0,$0,$0,$60,$60,$-70,$-27,$-37,$57,$18,$-70
7,2016-12-31,43.66,$15.34,2.85,$18.42,2.37,$1.63,26.8,$8.99,4.86,$6.57B,$2.74B,2.4,$2.78B,$8.28B,0.34,$10.16B,$4.11B,40.44%,$10.16B,$0.72B,7.12%,$10.16B,$0.72B,7.12%,$10.16B,$1.52B,15.00%,$10.16B,$4.95B,48.75%,$10.16B,$4.97B,48.85%,$4.97B,$8.28B,57.61%,$4.97B,$4.57B,105.02%,$4.97B,$15.55B,30.71%,$0.72B,$11.06B,6.54%,$2645,$1543,$1102,$157,$663,$2363,$282,$-3,$279,$39,$240,$240,$243,$483,$282,$546,551,$0.48,$0.46,$2801,$1430,$50,$6574,$4289,$0,$3706,$977,$8972,$15546,$2744,$2779,$1743,$4522,$7266,$683,$14200,$-4556,$8280,$15546,$4965,$800,$-4199,$-3399,$15,$80,$0,$-74,$-176,$1654,$-719,$0,$-11,$0,$0,$0,$15,$-715,$260,$-300,$-40,$-6,$-6,$-268,$-10,$-324,$588,$115,$-268
8,2016-09-30,46.74,$15.93,2.93,$18.35,2.55,$1.50,31.24,$8.92,5.24,$6.59B,$2.61B,2.53,$2.83B,$8.66B,0.33,$10.12B,$4.08B,40.31%,$10.12B,$0.62B,6.13%,$10.12B,$0.62B,6.13%,$10.12B,$1.39B,13.68%,$10.12B,$4.88B,48.22%,$10.12B,$4.93B,48.68%,$4.93B,$8.66B,56.21%,$4.93B,$4.81B,102.83%,$4.93B,$15.80B,28.12%,$0.62B,$11.50B,5.39%,$2558,$1487,$1071,$159,$726,$2372,$186,$-58,$128,$1,$127,$127,$130,$390,$186,$544,551,$0.24,$0.24,$2597,$1568,$51,$6589,$4327,$0,$3859,$1020,$9206,$15795,$2606,$2834,$1691,$4525,$7131,$683,$14049,$-4172,$8664,$15795,$4722,$599,$-4504,$-3905,$22,$-11,$0,$2,$-313,$941,$-519,$0,$-30,$0,$0,$0,$13,$-536,$258,$-300,$-42,$206,$206,$-197,$-11,$-44,$384,$84,$-197
9,2016-06-30,44.28,$15.69,2.82,$18.24,2.43,$1.44,30.78,$8.68,5.1,$6.82B,$3.72B,1.83,$2.09B,$8.51B,0.25,$10.05B,$4.04B,40.23%,$10.05B,$0.53B,5.23%,$10.05B,$0.53B,5.23%,$10.05B,$1.30B,12.97%,$10.05B,$4.72B,46.96%,$10.05B,$4.80B,47.74%,$4.80B,$8.51B,56.05%,$4.80B,$4.60B,106.16%,$4.80B,$15.98B,25.77%,$0.53B,$10.60B,4.56%,$2585,$1613,$972,$195,$709,$2517,$68,$1150,$1218,$6,$1212,$1212,$1212,$274,$68,$548,553,$2.21,$2.19,$2630,$1591,$78,$6823,$4329,$0,$3912,$918,$9159,$15982,$3723,$2094,$1655,$3749,$7472,$683,$14037,$-4204,$8510,$15982,$4592,$395,$-4471,$-4076,$-38,$-25,$0,$61,$-345,$409,$-352,$0,$-31,$0,$0,$0,$13,$-370,$-172,$481,$309,$168,$168,$-126,$10,$361,$417,$54,$-126
10,2016-03-31,40.1,$16.36,2.45,$18.07,2.22,$2.01,19.99,$7.09,5.66,$8.02B,$3.82B,2.1,$2.07B,$9.02B,0.23,$9.94B,$4.09B,41.17%,$9.94B,$0.55B,5.48%,$9.94B,$0.55B,5.48%,$9.94B,$1.31B,13.14%,$9.94B,$3.61B,36.31%,$9.94B,$3.92B,39.42%,$3.92B,$9.02B,46.43%,$3.92B,$4.93B,100.30%,$3.92B,$17.35B,17.71%,$0.55B,$11.09B,3.92%,$2375,$1410,$965,$136,$641,$2187,$188,$3141,$3329,$-58,$3387,$3387,$3380,$377,$188,$549,552,$6.16,$6.12,$3443,$1682,$111,$8017,$4403,$0,$4086,$844,$9333,$17350,$3823,$2068,$2439,$4507,$8330,$683,$12923,$-3035,$9020,$17350,$3380,$189,$-3409,$-3220,$16,$-26,$0,$-142,$-590,$-333,$-184,$0,$-30,$0,$0,$0,$13,$-201,$41,$450,$491,$84,$84,$-63,$-2,$510,$-2,$23,$-63
11,2015-12-31,37.14,$16.19,2.29,$18.16,2.05,$2.73,13.62,$1.75,21.22,$11.80B,$5.75B,2.05,$3.92B,$8.87B,0.44,$9.97B,$4.15B,41.59%,$9.97B,$0.45B,4.50%,$9.97B,$0.45B,4.50%,$9.97B,$1.21B,12.12%,$9.97B,$0.43B,4.29%,$9.97B,$0.97B,9.71%,$0.97B,$8.87B,12.09%,$0.97B,$4.83B,31.69%,$0.97B,$20.96B,4.03%,$0.45B,$12.79B,3.02%,$2603,$1531,$1072,$161,$733,$2425,$178,$27,$205,$15,$190,$190,$205,$344,$178,$547,550,$0.37,$0.37,$7361,$1604,$245,$11796,$4386,$0,$4036,$744,$9166,$20962,$5750,$3922,$2425,$6347,$12097,$683,$9683,$224,$8865,$20962,$968,$759,$341,$1100,$-4,$-118,$0,$-453,$-339,$1771,$-911,$0,$50,$0,$0,$0,$-946,$-1807,$3082,$-575,$2507,$193,$193,$-910,$-2271,$-481,$-712,$126,$-910
12,2015-09-30,31.88,$14.35,2.22,$18.52,1.72,$5.35,5.96,$3.12,10.22,$11.14B,$5.98B,1.86,$3.79B,$7.85B,0.48,$10.15B,$4.28B,42.16%,$10.15B,$0.46B,4.55%,$10.15B,$0.46B,4.55%,$10.15B,$1.26B,12.36%,$10.15B,$0.33B,3.27%,$10.15B,$1.72B,16.90%,$1.72B,$7.85B,21.92%,$1.72B,$3.72B,62.42%,$1.72B,$20.17B,6.78%,$0.46B,$11.64B,2.97%,$2487,$1453,$1034,$148,$794,$2395,$92,$-125,$-33,$-35,$2,$2,$1,$308,$92,$546,549,$0.00,$0.00,$6126,$1696,$210,$11138,$4338,$0,$4128,$568,$9034,$20172,$5981,$3791,$2555,$6346,$12327,$683,$9578,$-617,$7845,$20172,$763,$593,$101,$694,$5,$-205,$0,$-216,$-402,$1047,$-658,$0,$29,$0,$0,$0,$-946,$-1575,$3145,$-450,$2695,$0,$0,$-847,$-2101,$-253,$-955,$96,$-847
13,2015-06-30,36.58,$14.71,2.49,$18.94,1.93,$7.29,5.02,$3.98,9.19,$14.50B,$6.31B,2.3,$12.05B,$8.02B,1.5,$10.38B,$4.44B,42.79%,$10.38B,$0.59B,5.66%,$10.38B,$0.59B,5.66%,$10.38B,$1.27B,12.21%,$10.38B,$0.57B,5.46%,$10.38B,$2.18B,21.04%,$2.18B,$8.02B,27.38%,$2.18B,$2.15B,91.87%,$2.18B,$30.02B,8.19%,$0.59B,$20.08B,3.52%,$2475,$1454,$1021,$151,$783,$2388,$87,$21,$108,$34,$74,$74,$332,$277,$87,$544,549,$0.61,$0.60,$6680,$3842,$0,$14497,$8967,$0,$5876,$675,$15518,$30015,$6312,$12054,$3628,$15682,$21994,$683,$13389,$-4146,$8021,$30015,$762,$377,$147,$524,$50,$-170,$0,$-153,$-390,$792,$-424,$0,$10,$0,$0,$0,$-946,$-1360,$5803,$-875,$4928,$0,$0,$-564,$92,$4456,$3755,$66,$-564
14,2015-03-31,35.56,$13.40,2.65,$22.02,1.61,$7.19,4.94,$4.33,8.21,$9.73B,$6.07B,1.6,$7.68B,$7.29B,1.05,$12.06B,$5.39B,44.70%,$12.06B,$1.16B,9.61%,$12.06B,$1.16B,9.61%,$12.06B,$1.90B,15.78%,$12.06B,$1.06B,8.80%,$12.06B,$2.37B,19.67%,$2.37B,$7.29B,29.13%,$2.37B,$1.53B,99.92%,$2.37B,$24.86B,9.28%,$1.16B,$14.97B,7.38%,$2403,$1384,$1019,$143,$784,$2311,$92,$56,$148,$14,$134,$134,$430,$279,$92,$543,548,$0.79,$0.78,$2530,$3501,$0,$9734,$8492,$0,$5762,$873,$15127,$24861,$6074,$7680,$3819,$11499,$17573,$683,$13352,$-4709,$7288,$24861,$430,$187,$-35,$152,$50,$-122,$0,$-21,$-399,$96,$-214,$0,$-3,$0,$0,$0,$-553,$-770,$282,$361,$643,$0,$0,$-282,$23,$384,$-395,$29,$-282
15,2014-12-31,37.75,$15.04,2.51,$24.65,1.53,$7.66,4.93,$4.56,8.28,$10.16B,$6.04B,1.68,$7.33B,$8.16B,0.9,$13.50B,$6.26B,46.37%,$13.50B,$1.74B,12.88%,$13.50B,$1.74B,12.88%,$13.50B,$2.53B,18.75%,$13.50B,$1.57B,11.60%,$13.50B,$2.50B,18.50%,$2.50B,$8.16B,29.41%,$2.50B,$3.61B,98.27%,$2.50B,$26.14B,9.74%,$1.74B,$15.49B,10.85%,$2789,$1582,$1207,$156,$860,$2598,$191,$-82,$109,$-18,$127,$127,$953,$391,$191,$542,547,$1.76,$1.74,$2925,$1577,$3298,$10162,$4434,$0,$4547,$6995,$15976,$26138,$6037,$7331,$4614,$11945,$17982,$683,$13227,$-3650,$8156,$26138,$2497,$792,$321,$1113,$-93,$-143,$0,$-141,$-414,$3215,$-925,$0,$4,$0,$0,$0,$-621,$-1542,$-988,$875,$-113,$-550,$-550,$-1095,$356,$-1402,$192,$126,$-1095
16,2014-09-30,36.71,$15.54,2.36,$27.44,1.34,$8.02,4.58,$3.41,10.77,$9.63B,$5.99B,1.61,$7.75B,$8.43B,0.92,$15.03B,$7.05B,46.89%,$15.03B,$2.09B,13.93%,$15.03B,$2.09B,13.93%,$15.03B,$2.75B,18.28%,$15.03B,$1.98B,13.18%,$15.03B,$1.87B,12.44%,$1.87B,$8.43B,21.81%,$1.87B,$2.23B,87.57%,$1.87B,$25.56B,7.36%,$2.09B,$16.18B,12.84%,$2709,$1516,$1193,$149,$827,$2492,$217,$-15,$202,$27,$175,$175,$468,$320,$217,$542,547,$0.86,$0.86,$2078,$3704,$157,$9631,$8448,$0,$6201,$1283,$15932,$25563,$5990,$7753,$3394,$11147,$17137,$683,$12563,$-2654,$8426,$25563,$1544,$592,$435,$1027,$-11,$-175,$0,$-219,$-572,$2072,$-624,$0,$51,$0,$0,$0,$-972,$-1545,$-485,$350,$-135,$-500,$-500,$-813,$321,$-1127,$-655,$91,$-813
17,2014-06-30,36.72,$16.04,2.29,$29.25,1.26,$7.34,5.01,$3.54,10.37,$9.49B,$5.80B,1.64,$7.53B,$8.69B,0.87,$16.03B,$7.76B,48.41%,$16.03B,$2.53B,15.79%,$16.03B,$2.53B,15.79%,$16.03B,$3.29B,20.51%,$16.03B,$2.44B,15.24%,$16.03B,$1.95B,12.14%,$1.95B,$8.69B,23.16%,$1.95B,$2.13B,102.41%,$1.95B,$25.63B,7.68%,$2.53B,$16.22B,15.47%,$4154,$2185,$1969,$322,$988,$3495,$659,$-57,$602,$134,$468,$468,$520,$912,$659,$542,548,$0.96,$0.95,$1866,$3836,$0,$9487,$8152,$0,$6555,$1435,$16142,$25629,$5795,$7528,$3619,$11147,$16942,$683,$12378,$-2145,$8687,$25629,$1076,$489,$275,$764,$3,$-360,$0,$-121,$-739,$1158,$-844,$0,$-82,$0,$0,$0,$0,$-926,$-492,$150,$-342,$-450,$-450,$-531,$251,$-1072,$-867,$72,$-531
18,2014-03-31,37.11,$16.03,2.32,$28.35,1.31,$7.69,4.82,$3.66,10.14,$9.39B,$5.65B,1.66,$7.52B,$8.69B,0.87,$15.55B,$7.73B,49.73%,$15.55B,$2.70B,17.36%,$15.55B,$2.70B,17.36%,$15.55B,$3.39B,21.79%,$15.55B,$2.58B,16.62%,$15.55B,$2.02B,12.97%,$2.02B,$8.69B,25.01%,$2.02B,$2.20B,87.34%,$2.02B,$25.26B,8.11%,$2.70B,$16.21B,16.57%,$3848,$1957,$1891,$309,$910,$3176,$672,$-19,$653,$146,$507,$507,$556,$908,$672,$542,548,$1.02,$1.01,$2049,$3748,$0,$9388,$7962,$0,$6495,$1416,$15873,$25261,$5645,$7517,$3406,$10923,$16568,$683,$12142,$-1946,$8693,$25261,$556,$236,$40,$276,$233,$-233,$0,$4,$-274,$559,$-421,$0,$37,$0,$0,$0,$0,$-384,$-478,$0,$-478,$-250,$-250,$-266,$142,$-852,$-684,$31,$-266
19,2013-12-31,34.83,$15.63,2.23,$27.59,1.26,$7.61,4.58,$3.65,9.54,$10.20B,$5.25B,1.94,$8.13B,$8.49B,0.96,$15.15B,$7.60B,50.15%,$15.15B,$2.74B,18.11%,$15.15B,$2.74B,18.11%,$15.15B,$3.38B,22.30%,$15.15B,$2.62B,17.32%,$15.15B,$2.01B,13.28%,$2.01B,$8.49B,26.35%,$2.01B,$1.99B,77.39%,$2.01B,$25.22B,8.51%,$2.74B,$16.61B,17.96%,$4322,$2326,$1996,$396,$1054,$3776,$546,$-41,$524,$115,$409,$409,$326,$608,$546,$543,548,$0.60,$0.59,$2733,$3499,$0,$10195,$7832,$0,$6499,$698,$15029,$25224,$5248,$8126,$3364,$11490,$16738,$683,$11852,$-1976,$8486,$25224,$2012,$635,$602,$1237,$16,$-49,$0,$-120,$22,$3198,$-706,$0,$-3642,$0,$0,$0,$-1014,$-5362,$3096,$0,$3096,$-913,$-913,$-1023,$485,$1645,$-537,$122,$-1023
20,2013-09-30,32.65,$14.26,2.29,$25.99,1.26,$6.56,4.98,$3.95,8.27,$9.60B,$5.00B,1.92,$8.65B,$7.75B,1.12,$14.33B,$7.34B,51.23%,$14.33B,$2.72B,18.99%,$14.33B,$2.72B,18.99%,$14.33B,$3.47B,24.23%,$14.33B,$2.62B,18.31%,$14.33B,$2.18B,15.22%,$2.18B,$7.75B,30.03%,$2.18B,$1.28B,72.22%,$2.18B,$25.25B,9.72%,$2.72B,$16.40B,19.07%,$3710,$1804,$1906,$277,$975,$3056,$654,$10,$664,$136,$528,$528,$544,$861,$654,$543,549,$1.00,$0.99,$2376,$3581,$0,$9597,$7518,$0,$6462,$1673,$15653,$25250,$4996,$8652,$3856,$12508,$17504,$683,$11792,$-2600,$7746,$25250,$1686,$573,$458,$1031,$70,$-412,$0,$-206,$-604,$2115,$-1037,$0,$-3758,$0,$0,$0,$0,$-4795,$2972,$0,$2972,$-863,$-863,$-757,$443,$1795,$-894,$111,$-757
21,2013-06-30,34.19,$13.48,2.54,$25.53,1.34,$7.13,4.79,$4.02,8.51,$12.19B,$4.52B,2.7,$8.62B,$7.32B,1.18,$14.09B,$7.24B,51.39%,$14.09B,$2.84B,20.17%,$14.09B,$2.84B,20.17%,$14.09B,$3.57B,25.30%,$14.09B,$2.73B,19.34%,$14.09B,$2.22B,15.75%,$2.22B,$7.32B,31.16%,$2.22B,$3.76B,60.73%,$2.22B,$23.75B,10.53%,$2.84B,$15.94B,21.27%,$3669,$1730,$1939,$273,$838,$2841,$828,$-85,$743,$153,$590,$590,$590,$1011,$828,$543,549,$1.09,$1.07,$5989,$3069,$0,$12185,$6361,$0,$3551,$1654,$11566,$23751,$4516,$8624,$3296,$11920,$16436,$683,$11517,$-2765,$7315,$23751,$1142,$366,$125,$491,$12,$-306,$0,$-71,$-536,$1149,$-639,$0,$-77,$0,$0,$0,$0,$-716,$3185,$0,$3185,$-717,$-717,$-490,$317,$2295,$2719,$72,$-490
22,2013-03-31,35.6,$12.90,2.76,$25.31,1.41,$7.85,4.53,$4.14,8.6,$8.81B,$4.78B,1.85,$5.16B,$7.00B,0.74,$14.00B,$7.18B,51.27%,$14.00B,$2.79B,19.95%,$14.00B,$2.79B,19.95%,$14.00B,$3.51B,25.09%,$14.00B,$2.80B,20.00%,$14.00B,$2.29B,16.36%,$2.29B,$7.00B,32.97%,$2.29B,$3.36B,64.92%,$2.29B,$20.32B,11.60%,$2.79B,$12.16B,23.00%,$3448,$1692,$1756,$246,$795,$2733,$715,$-22,$693,$141,$552,$552,$552,$898,$715,$545,551,$1.01,$1.00,$2689,$2963,$0,$8814,$6205,$0,$3637,$1662,$11504,$20318,$4778,$5157,$3382,$8539,$13317,$683,$11194,$-2757,$7001,$20318,$552,$183,$126,$309,$85,$-181,$0,$-90,$-485,$386,$-292,$0,$-57,$0,$0,$0,$0,$-349,$-293,$300,$7,$-534,$-534,$-246,$173,$-600,$-581,$32,$-246
23,2012-12-31,32.46,$12.78,2.54,$25.07,1.29,$8.05,4.03,$4.18,7.77,$9.26B,$4.76B,1.95,$5.58B,$6.98B,0.8,$13.94B,$7.13B,51.19%,$13.94B,$2.77B,19.88%,$13.94B,$2.77B,19.88%,$13.94B,$3.48B,24.99%,$13.94B,$2.84B,20.36%,$13.94B,$2.33B,16.69%,$2.33B,$6.98B,33.54%,$2.33B,$3.66B,65.04%,$2.33B,$20.39B,12.01%,$2.77B,$12.56B,23.19%,$3499,$1761,$1738,$216,$999,$2976,$523,$0,$523,$72,$451,$451,$494,$701,$523,$551,556,$0.90,$0.89,$3270,$2803,$0,$9260,$6098,$0,$3316,$1716,$11130,$20390,$4759,$5580,$3073,$8653,$13412,$683,$10888,$-2810,$6978,$20390,$2326,$712,$608,$1320,$-41,$-129,$0,$-476,$-606,$3106,$-1161,$0,$-408,$0,$0,$0,$0,$-1569,$1015,$-250,$765,$-1480,$-1480,$-804,$404,$-1115,$365,$130,$-804
24,2012-09-30,29.15,$13.11,2.22,$25.05,1.16,$7.79,3.74,$4.11,7.09,$9.11B,$4.46B,2.04,$5.61B,$7.19B,0.78,$14.03B,$7.16B,51.04%,$14.03B,$2.87B,20.47%,$14.03B,$2.87B,20.47%,$14.03B,$3.57B,25.47%,$14.03B,$2.86B,20.40%,$14.03B,$2.30B,16.36%,$2.30B,$7.19B,33.27%,$2.30B,$3.83B,64.07%,$2.30B,$19.83B,12.06%,$2.87B,$12.80B,24.55%,$3477,$1667,$1810,$290,$743,$2700,$777,$-11,$766,$183,$583,$583,$583,$956,$777,$548,552,$1.07,$1.06,$3191,$2831,$0,$9105,$5862,$0,$3365,$1493,$10720,$19825,$4458,$5614,$2563,$8177,$12635,$683,$10642,$-2549,$7190,$19825,$1832,$534,$54,$588,$72,$-136,$0,$134,$-212,$2161,$-762,$0,$-495,$0,$0,$0,$86,$-1171,$1004,$-250,$754,$-1065,$-1065,$-558,$205,$-664,$286,$97,$-558
25,2012-06-30,25.51,$12.07,2.11,$24.84,1.03,$7.50,3.4,$4.06,6.28,$8.05B,$4.87B,1.65,$4.43B,$6.61B,0.67,$14.03B,$7.12B,50.75%,$14.03B,$2.84B,20.24%,$14.03B,$2.84B,20.24%,$14.03B,$3.54B,25.21%,$14.03B,$2.82B,20.12%,$14.03B,$2.29B,16.30%,$2.29B,$6.61B,33.17%,$2.29B,$3.26B,61.58%,$2.29B,$18.45B,12.34%,$2.84B,$11.04B,24.89%,$3572,$1700,$1872,$306,$789,$2795,$777,$40,$817,$156,$661,$661,$661,$957,$777,$550,553,$1.20,$1.19,$2353,$2730,$0,$8048,$5623,$0,$3354,$1421,$10398,$18446,$4870,$4432,$2532,$6964,$11834,$683,$10306,$-2737,$6612,$18446,$1249,$355,$11,$366,$114,$-100,$0,$98,$-117,$1414,$-503,$0,$-379,$0,$0,$0,$74,$-808,$7,$125,$132,$-960,$-960,$-374,$78,$-1124,$-552,$63,$-374
26,2012-03-31,28.5,$12.56,2.27,$24.53,1.16,$6.89,4.14,$3.94,7.23,$8.12B,$4.86B,1.67,$4.41B,$6.96B,0.63,$14.00B,$7.09B,50.62%,$14.00B,$2.89B,20.68%,$14.00B,$2.89B,20.68%,$14.00B,$3.58B,25.58%,$14.00B,$2.81B,20.08%,$14.00B,$2.24B,16.02%,$2.24B,$6.96B,31.77%,$2.24B,$3.56B,56.12%,$2.24B,$18.78B,12.21%,$2.89B,$11.38B,25.05%,$3388,$1674,$1714,$269,$752,$2695,$693,$39,$732,$144,$588,$588,$588,$868,$693,$559,563,$1.05,$1.04,$2272,$2737,$0,$8117,$5637,$0,$3405,$1625,$10667,$18784,$4857,$4411,$2552,$6963,$11820,$683,$9831,$-2449,$6964,$18784,$588,$175,$-9,$166,$24,$-72,$0,$53,$-283,$446,$-239,$0,$-337,$0,$0,$0,$43,$-533,$9,$50,$59,$-575,$-575,$-188,$156,$-548,$-633,$28,$-188
27,2011-12-31,23.45,$12.17,1.93,$24.17,0.97,$6.82,3.44,$3.88,6.04,$8.65B,$4.86B,1.78,$4.75B,$6.83B,0.7,$13.89B,$7.05B,50.72%,$13.89B,$2.95B,21.20%,$13.89B,$2.95B,21.20%,$13.89B,$3.62B,26.03%,$13.89B,$2.81B,20.22%,$13.89B,$2.22B,16.01%,$2.22B,$6.83B,31.51%,$2.22B,$3.69B,52.85%,$2.22B,$19.07B,12.34%,$2.95B,$11.58B,25.53%,$3594,$1829,$1765,$254,$886,$2969,$625,$-77,$548,$76,$472,$472,$463,$792,$625,$569,573,$0.82,$0.82,$2905,$2628,$0,$8650,$5525,$0,$3143,$1755,$10423,$19073,$4857,$4749,$2639,$7388,$12245,$683,$9429,$-2591,$6828,$19073,$2256,$670,$552,$1222,$-229,$-315,$0,$-247,$-693,$2817,$-960,$0,$-467,$0,$0,$0,$0,$-1427,$483,$250,$733,$-1583,$-1583,$-709,$422,$-1137,$220,$119,$-709
28,2011-09-30,26.43,$12.77,2.07,$23.78,1.11,$7.01,3.77,$3.78,6.99,$8.00B,$4.17B,1.92,$4.45B,$7.19B,0.62,$13.80B,$6.90B,50.00%,$13.80B,$2.84B,20.61%,$13.80B,$2.84B,20.61%,$13.80B,$3.53B,25.56%,$13.80B,$2.73B,19.77%,$13.80B,$2.18B,15.83%,$2.18B,$7.19B,30.98%,$2.18B,$4.36B,50.13%,$2.18B,$17.84B,12.39%,$2.84B,$11.64B,24.87%,$3479,$1708,$1771,$239,$787,$2734,$745,$-18,$727,$149,$578,$578,$576,$921,$745,$566,571,$1.02,$1.01,$2338,$2621,$0,$8002,$5426,$0,$2829,$1586,$9841,$17843,$4165,$4447,$2041,$6488,$10653,$683,$9154,$-2049,$7190,$17843,$1784,$503,$37,$540,$-102,$-272,$0,$-38,$-502,$1925,$-643,$0,$-123,$0,$0,$0,$0,$-766,$-5,$75,$70,$-1413,$-1413,$-534,$385,$-1492,$-347,$94,$-534
29,2011-06-30,27.95,$12.78,2.19,$23.18,1.21,$7.10,3.94,$3.78,7.39,$7.81B,$4.03B,1.94,$4.38B,$7.24B,0.6,$13.54B,$6.79B,50.12%,$13.54B,$2.88B,21.27%,$13.54B,$2.88B,21.27%,$13.54B,$3.56B,26.27%,$13.54B,$2.64B,19.51%,$13.54B,$2.13B,15.75%,$2.13B,$7.24B,30.72%,$2.13B,$4.37B,49.36%,$2.13B,$17.74B,12.15%,$2.88B,$11.62B,25.48%,$3536,$1701,$1835,$239,$765,$2705,$831,$-28,$803,$174,$629,$629,$615,$1000,$831,$570,575,$1.08,$1.07,$2018,$2648,$0,$7809,$5481,$0,$2870,$1581,$9932,$17741,$4031,$4378,$2088,$6466,$10497,$683,$8754,$-1772,$7244,$17741,$1206,$327,$61,$388,$-157,$-214,$0,$-114,$-609,$1003,$-408,$0,$-96,$0,$0,$0,$0,$-504,$-3,$0,$-3,$-1115,$-1115,$-358,$290,$-1186,$-667,$61,$-358
30,2011-03-31,25.04,$12.20,2.05,$22.39,1.12,$7.06,3.55,$3.61,6.94,$7.76B,$3.89B,2.0,$4.35B,$6.97B,0.62,$13.20B,$6.59B,49.92%,$13.20B,$2.75B,20.82%,$13.20B,$2.75B,20.82%,$13.20B,$3.43B,25.95%,$13.20B,$2.51B,19.01%,$13.20B,$2.05B,15.55%,$2.05B,$6.97B,30.80%,$2.05B,$4.41B,49.57%,$2.05B,$17.41B,11.91%,$2.75B,$11.32B,25.06%,$3284,$1609,$1675,$214,$716,$2539,$745,$-14,$731,$154,$577,$577,$570,$903,$745,$577,581,$0.99,$0.98,$2168,$2517,$0,$7761,$5419,$0,$2560,$1673,$9652,$17413,$3889,$4351,$2202,$6553,$10442,$683,$8316,$-1875,$6971,$17413,$577,$158,$54,$212,$-68,$-61,$0,$-162,$-426,$371,$-198,$0,$-14,$0,$0,$0,$0,$-212,$-1,$0,$-1,$-637,$-637,$-180,$130,$-688,$-517,$28,$-180
31,2010-12-31,23.44,$11.70,2.0,$21.60,1.08,$6.85,3.42,$3.49,6.72,$7.99B,$4.04B,1.98,$4.36B,$6.80B,0.64,$12.84B,$5.96B,46.39%,$12.84B,$2.14B,16.63%,$12.84B,$2.14B,16.63%,$12.84B,$2.82B,21.97%,$12.84B,$1.89B,14.72%,$12.84B,$1.42B,11.06%,$1.42B,$6.80B,21.55%,$1.42B,$4.28B,34.94%,$1.42B,$17.49B,8.27%,$2.14B,$11.16B,19.75%,$3498,$1880,$1618,$262,$833,$2975,$523,$-56,$467,$41,$426,$426,$423,$702,$523,$590,594,$0.72,$0.71,$2685,$2371,$0,$7989,$5260,$0,$2515,$1725,$9500,$17489,$4041,$4363,$2289,$6652,$10693,$683,$7925,$-2139,$6796,$17489,$1427,$685,$1092,$1777,$-122,$20,$0,$-182,$-258,$3003,$-963,$0,$-301,$0,$0,$0,$0,$-1264,$91,$0,$91,$-1453,$-1453,$-688,$334,$-1716,$-101,$120,$-688
32,2010-09-30,21.95,$11.63,1.89,$21.36,1.03,$6.50,3.38,$3.71,5.92,$8.14B,$4.20B,1.94,$4.36B,$6.76B,0.65,$12.82B,$6.11B,47.66%,$12.82B,$2.35B,18.31%,$12.82B,$2.35B,18.31%,$12.82B,$3.02B,23.60%,$12.82B,$2.14B,16.68%,$12.82B,$1.57B,12.24%,$1.57B,$6.76B,23.27%,$1.57B,$4.22B,36.79%,$1.57B,$17.56B,9.15%,$2.35B,$11.12B,21.85%,$3224,$1565,$1659,$207,$670,$2442,$782,$-141,$641,$117,$524,$524,$525,$953,$782,$584,587,$0.90,$0.89,$2788,$2500,$0,$8140,$5208,$0,$2545,$1670,$9423,$17563,$4199,$4360,$2241,$6601,$10800,$683,$7717,$-1971,$6763,$17563,$1001,$506,$864,$1370,$-27,$-94,$0,$-200,$-359,$2068,$-699,$0,$-274,$0,$0,$0,$0,$-973,$589,$0,$589,$-1273,$-1273,$-519,$225,$-978,$2,$92,$-519
33,2010-06-30,18.58,$10.50,1.77,$21.01,0.88,$6.27,2.96,$3.57,5.2,$7.38B,$4.09B,1.81,$4.12B,$6.13B,0.67,$12.74B,$6.08B,47.74%,$12.74B,$2.30B,18.03%,$12.74B,$2.30B,18.03%,$12.74B,$2.97B,23.30%,$12.74B,$2.16B,16.92%,$12.74B,$1.57B,12.36%,$1.57B,$6.13B,22.87%,$1.57B,$3.66B,35.42%,$1.57B,$16.49B,9.26%,$2.30B,$10.25B,21.22%,$3194,$1556,$1638,$219,$721,$2496,$698,$-28,$670,$133,$537,$537,$535,$867,$698,$593,596,$0.90,$0.90,$2300,$2384,$0,$7375,$4983,$0,$2478,$1651,$9112,$16487,$4085,$4119,$2149,$6268,$10353,$683,$7376,$-2348,$6134,$16487,$477,$335,$696,$1031,$-38,$-119,$0,$-170,$-479,$1062,$-467,$0,$-254,$0,$0,$0,$0,$-721,$587,$0,$587,$-1112,$-1112,$-348,$203,$-670,$-486,$63,$-348
34,2010-03-31,26.41,$11.14,2.37,$20.76,1.27,$6.35,4.16,$3.63,7.28,$8.02B,$4.28B,1.87,$4.06B,$6.66B,0.61,$12.67B,$6.08B,48.01%,$12.67B,$2.35B,18.52%,$12.67B,$2.35B,18.52%,$12.67B,$3.00B,23.70%,$12.67B,$2.21B,17.44%,$12.67B,$1.63B,12.84%,$1.63B,$6.66B,23.09%,$1.63B,$4.10B,34.92%,$1.63B,$17.17B,9.68%,$2.35B,$10.72B,21.62%,$2927,$1884,$1043,$227,$683,$2794,$133,$-21,$112,$172,$-60,$-60,$-63,$299,$133,$602,602,$-0.11,$-0.11,$2673,$2477,$0,$8015,$5064,$0,$2558,$1529,$9151,$17166,$4284,$4056,$2167,$6223,$10507,$683,$7030,$-2033,$6659,$17166,$-60,$166,$655,$821,$-33,$-94,$0,$-263,$-491,$279,$-230,$0,$-234,$0,$0,$0,$0,$-464,$589,$0,$589,$-435,$-435,$-174,$139,$119,$-113,$30,$-174
35,2009-12-31,26.5,$12.35,2.15,$20.44,1.3,$6.38,4.15,$3.60,7.36,$8.27B,$4.46B,1.85,$3.44B,$7.42B,0.46,$12.56B,$6.53B,51.94%,$12.56B,$2.88B,22.90%,$12.56B,$2.88B,22.90%,$12.56B,$3.52B,27.98%,$12.56B,$2.73B,21.76%,$12.56B,$2.21B,17.55%,$2.21B,$7.42B,31.88%,$2.21B,$5.08B,47.32%,$2.21B,$17.35B,13.57%,$2.88B,$10.86B,27.07%,$3470,$1703,$1767,$246,$788,$2737,$733,$-18,$715,$139,$576,$576,$572,$905,$733,$607,614,$0.94,$0.93,$2786,$2557,$0,$8271,$5159,$0,$2338,$1586,$9083,$17354,$4464,$3440,$2030,$5470,$9934,$683,$7343,$-1777,$7420,$17354,$2215,$638,$396,$1034,$-167,$-60,$0,$-59,$-341,$2909,$-1014,$0,$-132,$0,$0,$0,$0,$-1146,$673,$-200,$473,$-1216,$-1216,$-632,$363,$-1012,$655,$140,$-632
36,2009-09-30,25.61,$12.12,2.11,$19.70,1.3,$5.74,4.46,$3.57,7.17,$8.06B,$3.47B,2.33,$4.14B,$7.31B,0.57,$12.22B,$6.36B,52.03%,$12.22B,$2.85B,23.28%,$12.22B,$2.85B,23.28%,$12.22B,$3.46B,28.32%,$12.22B,$2.71B,22.14%,$12.22B,$2.20B,18.02%,$2.20B,$7.31B,33.20%,$2.20B,$4.94B,49.47%,$2.20B,$16.95B,13.97%,$2.85B,$11.45B,27.56%,$3145,$1513,$1632,$228,$672,$2413,$732,$-74,$658,$126,$532,$532,$530,$896,$732,$605,612,$0.88,$0.87,$2571,$2628,$0,$8064,$4963,$0,$2374,$1553,$8890,$16954,$3468,$4136,$2039,$6175,$9643,$683,$6954,$-1609,$7311,$16954,$1639,$466,$252,$718,$-108,$-116,$0,$-82,$-469,$1923,$-634,$0,$-119,$0,$0,$0,$0,$-753,$669,$-200,$469,$-966,$-966,$-475,$289,$-683,$440,$106,$-475
37,2009-06-30,23.68,$11.23,2.11,$19.50,1.21,$5.64,4.2,$3.44,6.88,$7.07B,$3.40B,2.08,$3.59B,$6.77B,0.53,$12.23B,$6.25B,51.10%,$12.23B,$2.72B,22.27%,$12.23B,$2.72B,22.27%,$12.23B,$3.34B,27.32%,$12.23B,$2.61B,21.34%,$12.23B,$2.14B,17.53%,$2.14B,$6.77B,32.63%,$2.14B,$4.51B,48.16%,$2.14B,$15.74B,13.99%,$2.72B,$10.37B,27.17%,$3123,$1485,$1638,$231,$660,$2376,$747,$-23,$724,$135,$589,$589,$587,$901,$747,$607,612,$0.97,$0.96,$1802,$2496,$0,$7072,$4757,$0,$2267,$1647,$8671,$15743,$3395,$3593,$1981,$5574,$8969,$683,$6580,$-1752,$6774,$15743,$1107,$302,$100,$402,$-58,$-85,$0,$-68,$-475,$1048,$-387,$0,$-110,$0,$0,$0,$0,$-497,$178,$0,$178,$-662,$-662,$-318,$0,$-802,$-329,$74,$-318
38,2009-03-31,22.78,$10.13,2.25,$19.40,1.17,$5.69,4.0,$3.33,6.84,$6.69B,$3.12B,2.14,$3.68B,$6.16B,0.6,$12.30B,$6.24B,50.74%,$12.30B,$2.68B,21.79%,$12.30B,$2.68B,21.79%,$12.30B,$3.30B,26.86%,$12.30B,$2.56B,20.84%,$12.30B,$2.10B,17.09%,$2.10B,$6.16B,31.44%,$2.10B,$4.12B,45.89%,$2.10B,$14.95B,13.77%,$2.68B,$9.83B,26.71%,$2824,$1336,$1488,$212,$611,$2159,$665,$-28,$637,$119,$518,$518,$516,$813,$665,$613,621,$0.84,$0.83,$1703,$2421,$0,$6690,$4598,$0,$2043,$1622,$8263,$14953,$3122,$3675,$1998,$5673,$8795,$683,$6152,$-1977,$6158,$14953,$518,$148,$-2,$146,$45,$-86,$0,$-91,$-436,$237,$-171,$0,$-25,$0,$0,$0,$0,$-196,$194,$0,$194,$-566,$-566,$-160,$139,$-393,$-428,$38,$-160
39,2008-12-31,23.71,$10.21,2.32,$19.32,1.23,$5.90,4.02,$3.17,7.48,$7.15B,$3.64B,1.97,$3.36B,$6.29B,0.53,$12.35B,$6.13B,49.64%,$12.35B,$2.56B,20.76%,$12.35B,$2.56B,20.76%,$12.35B,$3.20B,25.87%,$12.35B,$2.46B,19.94%,$12.35B,$2.01B,16.31%,$2.01B,$6.29B,29.22%,$2.01B,$4.25B,42.47%,$2.01B,$15.41B,13.19%,$2.56B,$9.65B,25.63%,$3131,$1529,$1602,$226,$674,$2429,$702,$-15,$687,$118,$569,$569,$569,$852,$702,$625,637,$0.91,$0.90,$2131,$2361,$0,$7148,$4609,$0,$2044,$1604,$8257,$15405,$3635,$3362,$2117,$5479,$9114,$683,$5795,$-1885,$6291,$15405,$2025,$631,$439,$1070,$-98,$-163,$0,$-120,$-620,$2515,$-954,$0,$-39,$0,$0,$0,$0,$-993,$-279,$200,$-79,$-1986,$-1986,$-546,$680,$-1931,$-408,$146,$-546
40,2008-09-30,28.9,$11.33,2.55,$19.01,1.52,$5.92,4.88,$3.00,9.63,$7.44B,$3.32B,2.24,$3.19B,$7.06B,0.45,$12.23B,$6.01B,49.18%,$12.23B,$2.47B,20.22%,$12.23B,$2.47B,20.22%,$12.23B,$3.11B,25.40%,$12.23B,$2.38B,19.49%,$12.23B,$1.92B,15.73%,$1.92B,$7.06B,27.29%,$1.92B,$4.94B,39.46%,$1.92B,$15.21B,12.62%,$2.47B,$10.24B,24.76%,$3151,$1630,$1521,$230,$681,$2541,$610,$-48,$562,$86,$476,$476,$472,$775,$610,$625,638,$0.76,$0.74,$2191,$2520,$625,$7437,$4598,$0,$2120,$1054,$7772,$15209,$3324,$3185,$1641,$4826,$8150,$683,$5415,$-966,$7059,$15209,$1456,$481,$380,$861,$-86,$-207,$0,$16,$-513,$1895,$-615,$0,$-28,$0,$0,$0,$0,$-643,$-232,$0,$-232,$-975,$-975,$-411,$0,$-1618,$-348,$111,$-411
41,2008-06-30,28.06,$11.56,2.43,$18.29,1.53,$5.65,4.97,$2.87,9.78,$7.56B,$3.39B,2.23,$3.17B,$7.22B,0.44,$11.83B,$5.87B,49.62%,$11.83B,$2.37B,20.06%,$11.83B,$2.37B,20.06%,$11.83B,$2.98B,25.22%,$11.83B,$2.30B,19.48%,$11.83B,$1.85B,15.61%,$1.85B,$7.22B,26.93%,$1.85B,$5.01B,39.40%,$1.85B,$15.47B,12.33%,$2.37B,$10.39B,24.96%,$3189,$1562,$1627,$222,$703,$2487,$702,$-26,$676,$128,$548,$548,$544,$862,$702,$626,638,$0.87,$0.85,$2147,$2571,$624,$7559,$4680,$0,$2205,$1026,$7911,$15470,$3393,$3172,$1686,$4858,$8251,$683,$5078,$-711,$7219,$15470,$980,$316,$210,$526,$-93,$-155,$0,$62,$-440,$1082,$-364,$0,$-19,$0,$0,$0,$0,$-383,$-166,$0,$-166,$-688,$-688,$-275,$0,$-1129,$-392,$73,$-275
42,2008-03-31,25.29,$11.15,2.27,$17.57,1.44,$5.56,4.55,$2.67,9.47,$7.01B,$3.24B,2.17,$2.73B,$7.00B,0.39,$11.47B,$5.63B,49.13%,$11.47B,$2.26B,19.75%,$11.47B,$2.26B,19.75%,$11.47B,$2.86B,24.95%,$11.47B,$2.14B,18.63%,$11.47B,$1.73B,15.12%,$1.73B,$7.00B,25.78%,$1.73B,$4.77B,37.81%,$1.73B,$14.97B,11.73%,$2.26B,$9.73B,24.90%,$2877,$1497,$1380,$190,$640,$2327,$550,$-13,$537,$105,$432,$432,$429,$706,$550,$632,644,$0.68,$0.67,$1736,$2536,$645,$7013,$4633,$0,$2229,$1097,$7959,$14972,$3236,$2731,$2008,$4739,$7975,$683,$4671,$-749,$6997,$14972,$432,$156,$140,$296,$18,$-105,$0,$56,$-372,$362,$-157,$0,$-61,$0,$0,$0,$29,$-189,$-455,$0,$-455,$-433,$-433,$-138,$0,$-1026,$-803,$38,$-138
43,2007-12-31,25.29,$10.91,2.32,$17.16,1.47,$5.43,4.66,$2.61,9.69,$7.56B,$3.81B,1.98,$2.66B,$6.92B,0.39,$11.26B,$5.52B,49.00%,$11.26B,$2.24B,19.87%,$11.26B,$2.24B,19.87%,$11.26B,$2.82B,25.03%,$11.26B,$2.13B,18.89%,$11.26B,$1.71B,15.16%,$1.71B,$6.92B,25.77%,$1.71B,$4.77B,37.74%,$1.71B,$15.29B,11.66%,$2.24B,$9.58B,25.31%,$3009,$1524,$1485,$221,$654,$2399,$610,$-2,$608,$116,$492,$492,$478,$763,$610,$644,654,$0.75,$0.74,$2539,$2334,$0,$7555,$4487,$0,$2145,$1107,$7739,$15294,$3812,$2664,$1902,$4566,$8378,$683,$4379,$-940,$6916,$15294,$1721,$581,$422,$1003,$-278,$-211,$0,$88,$-400,$2305,$-692,$0,$387,$0,$0,$0,$0,$-305,$-51,$0,$-51,$-1216,$-1216,$-704,$0,$-1971,$54,$136,$-704
44,2007-09-30,24.43,$9.93,2.46,$16.78,1.46,$5.49,4.45,$2.53,9.66,$6.64B,$3.69B,1.8,$2.02B,$6.29B,0.32,$11.02B,$5.35B,48.55%,$11.02B,$2.15B,19.52%,$11.02B,$2.15B,19.52%,$11.02B,$2.72B,24.71%,$11.02B,$2.04B,18.47%,$11.02B,$1.66B,15.08%,$1.66B,$6.29B,25.70%,$1.66B,$4.19B,37.98%,$1.66B,$14.15B,11.46%,$2.15B,$8.32B,24.84%,$2750,$1374,$1376,$203,$663,$2240,$510,$-27,$483,$88,$395,$395,$395,$651,$510,$641,651,$0.62,$0.61,$1818,$2320,$526,$6640,$4216,$0,$2106,$1185,$7507,$14147,$3689,$2024,$2142,$4166,$7855,$683,$4039,$-1261,$6292,$14147,$1229,$428,$227,$655,$-114,$-261,$0,$109,$-351,$1554,$-424,$0,$407,$0,$0,$0,$0,$-17,$-428,$0,$-428,$-1141,$-1141,$-598,$0,$-2167,$-667,$99,$-598
45,2007-06-30,24.38,$10.33,2.36,$16.42,1.48,$5.39,4.52,$2.49,9.79,$7.19B,$3.79B,1.9,$2.05B,$6.69B,0.31,$10.82B,$5.19B,47.93%,$10.82B,$2.14B,19.81%,$10.82B,$2.14B,19.81%,$10.82B,$2.72B,25.14%,$10.82B,$2.03B,18.76%,$10.82B,$1.64B,15.15%,$1.64B,$6.69B,25.33%,$1.64B,$4.61B,37.33%,$1.64B,$14.66B,11.36%,$2.14B,$8.74B,24.28%,$2829,$1437,$1392,$177,$621,$2235,$594,$-86,$508,$77,$431,$431,$431,$741,$594,$650,661,$0.66,$0.65,$2486,$2186,$520,$7185,$4110,$0,$2078,$1286,$7474,$14659,$3792,$2051,$2127,$4178,$7970,$683,$3767,$-1295,$6689,$14659,$834,$287,$145,$432,$-154,$-170,$0,$58,$-357,$946,$-258,$0,$424,$0,$0,$0,$0,$166,$-192,$0,$-192,$-386,$-386,$-489,$0,$-1067,$1,$63,$-489
46,2007-03-31,22.73,$10.14,2.24,$16.16,1.41,$5.34,4.26,$2.31,9.84,$6.97B,$3.62B,1.92,$2.12B,$6.60B,0.32,$10.64B,$4.95B,46.51%,$10.64B,$1.98B,18.57%,$10.64B,$1.98B,18.57%,$10.64B,$2.55B,23.99%,$10.64B,$1.92B,18.05%,$10.64B,$1.52B,14.26%,$1.52B,$6.60B,24.21%,$1.52B,$4.52B,36.23%,$1.52B,$14.48B,10.82%,$1.98B,$8.73B,22.79%,$2675,$1409,$1266,$159,$583,$2151,$524,$5,$529,$126,$403,$403,$403,$664,$524,$650,659,$0.62,$0.61,$2384,$2119,$572,$6974,$4047,$0,$2080,$1382,$7509,$14483,$3624,$2124,$2131,$4255,$7879,$683,$3491,$-1365,$6604,$14483,$403,$140,$11,$151,$-98,$-128,$0,$4,$-380,$215,$-93,$0,$416,$0,$0,$0,$0,$323,$-206,$0,$-206,$-44,$-44,$-380,$0,$-630,$-101,$27,$-380
47,2006-12-31,19.95,$10.44,1.91,$15.82,1.26,$5.51,3.62,$2.13,9.37,$6.97B,$3.61B,1.93,$2.57B,$6.27B,0.41,$10.38B,$4.74B,45.64%,$10.38B,$1.84B,17.74%,$10.38B,$1.84B,17.74%,$10.38B,$2.42B,23.28%,$10.38B,$1.75B,16.82%,$10.38B,$1.40B,13.46%,$1.40B,$6.27B,23.07%,$1.40B,$4.17B,35.07%,$1.40B,$14.69B,10.27%,$1.84B,$8.84B,21.67%,$2763,$1448,$1315,$181,$612,$2241,$522,$-7,$515,$82,$433,$433,$432,$666,$522,$651,656,$0.66,$0.66,$2485,$2066,$0,$6970,$4229,$0,$2098,$1389,$7716,$14686,$3610,$2567,$2237,$4804,$8414,$683,$3271,$-1426,$6272,$14686,$1397,$575,$107,$682,$-16,$-35,$0,$91,$70,$2183,$-526,$0,$184,$0,$0,$0,$0,$-342,$-543,$0,$-543,$784,$784,$-364,$0,$-123,$1644,$94,$-364
