,Date,Stock Price,Book Value per Share,Price to Book Ratio,TTM Sales per Share,Price to Sales Ratio,TTM FCF per Share,Price to FCF Ratio,TTM Net EPS,PE Ratio,Current Assets,Current Liabilities,Current Ratio,Long Term Debt,Shareholder's Equity_x,Debt to Equity Ratio,TTM Revenue_x,TTM Gross Profit,Gross Margin,TTM Revenue_y,TTM Operating Income,Operating Margin,TTM Revenue_x,TTM EBIT,EBIT Margin,TTM Revenue_y,TTM EBITDA,EBITDA Margin,TTM Revenue_x,TTM Pre-Tax Income,Pre-Tax Margin,TTM Revenue_y,TTM Net Income_x,Net Margin,TTM Net Income_y,Shareholder's Equity_y,Return on Equity,TTM Net Income_x,Tangible Equity,Return on Tangible Equity,TTM Net Income_y,Total Assets,Return on Assets,TTM Net Income,LT Investments & Debt,Return on Investment,revenue,cost-goods-sold,gross-profit,research-development-expenses,selling-general-administrative-expenses,operating-expenses,operating-income,total-non-operating-income-expense,pre-tax-income,total-provision-income-taxes,income-after-taxes,income-from-continuous-operations,net-income,ebitda,ebit,basic-shares-outstanding,shares-outstanding,eps-basic-net-earnings-per-share,eps-earnings-per-share-diluted,cash-on-hand,inventory,other-current-assets,total-current-assets,net-property-plant-equipment,long-term-investments,goodwill-intangible-assets-total,other-long-term-assets,total-long-term-assets,total-assets,total-current-liabilities,long-term-debt,other-non-current-liabilities,total-long-term-liabilities,total-liabilities,common-stock-net,retained-earnings-accumulated-deficit,comprehensive-income,total-share-holder-equity,total-liabilities-share-holders-equity,net-income-loss,total-depreciation-amortization-cash-flow,other-non-cash-items,total-non-cash-items,change-in-accounts-receivable,change-in-inventories,change-in-accounts-payable,change-in-assets-liabilities,total-change-in-assets-liabilities,cash-flow-from-operating-activities,net-change-in-property-plant-equipment,net-change-in-intangible-assets,net-acquisitions-divestitures,net-change-in-short-term-investments,net-change-in-long-term-investments,net-change-in-investments-total,investing-activities-other,cash-flow-from-investing-activities,net-long-term-debt,net-current-debt,debt-issuance-retirement-net-total,net-common-equity-issued-repurchased,net-total-equity-issued-repurchased,total-common-preferred-stock-dividends-paid,financial-activities-other,cash-flow-from-financial-activities,net-cash-flow,stock-based-compensation,common-stock-dividends-paid
0,2018-08-31,10.67,$4.54,2.35,$1.60,6.67,$2.88,3.7,$-0.73,0.0,$2.53B,$0.39B,6.43,$0.74B,$2.44B,0.3,$0.88B,$0.67B,75.62%,$0.88B,$-0.29B,-33.11%,$0.88B,$-0.29B,-33.11%,$0.88B,$-0.13B,-14.97%,$0.88B,$-0.30B,-34.47%,$0.88B,$-0.30B,-34.24%,$-0.30B,$2.44B,-12.31%,$-0.30B,$1.45B,-21.19%,$-0.30B,$3.70B,-7.98%,$-0.29B,$3.18B,-9.01%,$210,$49,$161,$51,$106,$171,$39,$5,$44,$1,$43,$43,$43,$77,$39,$537,598,$0.08,$0.08,$2264,$0,$52,$2528,$63,$56,$988,$65,$1174,$3702,$393,$739,$17,$869,$1262,$2600,$-142,$-18,$2440,$3702,$-17,$79,$-1,$78,$6,$0,$-12,$-3,$-39,$22,$-8,$-16,$0,$-2178,$1938,$-240,$0,$-264,$0,$0,$0,$2,$2,$0,$0,$2,$-242,$39,$0
1,2018-05-31,11.83,$4.42,2.67,$1.65,7.17,$4.32,2.74,$-0.76,0.0,$2.51B,$0.38B,6.53,$0.81B,$2.38B,0.34,$0.91B,$0.68B,74.84%,$0.91B,$-0.30B,-32.75%,$0.91B,$-0.30B,-32.75%,$0.91B,$-0.13B,-14.40%,$0.91B,$-0.33B,-35.71%,$0.91B,$-0.33B,-35.82%,$-0.33B,$2.38B,-12.87%,$-0.33B,$1.36B,-22.06%,$-0.33B,$3.71B,-8.44%,$-0.30B,$3.19B,-8.97%,$213,$52,$161,$61,$100,$278,$-65,$6,$-59,$1,$-60,$-60,$-60,$-24,$-65,$537,537,$-0.11,$-0.11,$2245,$0,$56,$2507,$64,$55,$1013,$65,$1199,$3706,$384,$810,$20,$946,$1330,$2580,$-185,$-19,$2376,$3706,$-60,$41,$48,$89,$25,$0,$-9,$-20,$-36,$-7,$-5,$-7,$0,$-281,$0,$-281,$0,$-293,$0,$0,$0,$2,$2,$0,$0,$2,$-300,$18,$0
2,2018-02-28,12.14,$4.67,2.6,$1.69,7.2,$5.92,2.05,$0.58,20.93,$2.55B,$0.41B,6.19,$0.78B,$2.51B,0.31,$0.93B,$0.67B,71.89%,$0.93B,$0.30B,32.51%,$0.93B,$0.30B,32.51%,$0.93B,$0.48B,51.50%,$0.93B,$0.41B,43.56%,$0.93B,$0.41B,43.45%,$0.41B,$2.51B,15.43%,$0.41B,$1.46B,26.33%,$0.41B,$3.78B,10.28%,$0.30B,$3.29B,8.88%,$233,$56,$177,$58,$126,$243,$-10,$-4,$-14,$-4,$-10,$-10,$-10,$29,$-10,$533,546,$-0.02,$-0.01,$2259,$0,$38,$2545,$64,$55,$1046,$67,$1235,$3780,$411,$782,$23,$864,$1275,$2560,$-45,$-10,$2505,$3780,$405,$177,$234,$411,$49,$23,$-82,$-72,$-112,$704,$-12,$-30,$0,$-638,$50,$-588,$0,$-630,$0,$0,$0,$-10,$-10,$0,$12,$2,$82,$49,$0
3,2017-11-30,10.77,$4.65,2.31,$1.80,5.97,$4.38,2.46,$0.54,19.94,$2.68B,$0.63B,4.26,$0.82B,$2.50B,0.33,$0.99B,$0.67B,67.51%,$0.99B,$0.26B,26.09%,$0.99B,$0.26B,26.09%,$0.99B,$0.45B,45.89%,$0.99B,$0.37B,37.66%,$0.99B,$0.37B,37.36%,$0.37B,$2.50B,14.65%,$0.37B,$1.43B,26.33%,$0.37B,$3.95B,9.64%,$0.26B,$3.31B,7.90%,$226,$58,$168,$60,$118,$482,$-256,$-19,$-275,$0,$-275,$-275,$-275,$-214,$-256,$532,532,$-0.52,$-0.52,$2423,$3,$36,$2681,$68,$55,$1069,$45,$1267,$3948,$629,$816,$0,$823,$1452,$2546,$-37,$-13,$2496,$3948,$415,$138,$249,$387,$36,$23,$-65,$-38,$64,$866,$-8,$-22,$0,$-1089,$50,$-1039,$0,$-1069,$0,$0,$0,$-11,$-11,$0,$6,$-5,$-205,$36,$0
4,2017-08-31,9.27,$5.20,1.78,$1.93,4.81,$2.29,4.06,$0.84,11.04,$2.62B,$0.51B,5.19,$0.74B,$2.76B,0.27,$1.05B,$0.69B,65.84%,$1.05B,$0.45B,42.46%,$1.05B,$0.45B,42.46%,$1.05B,$0.71B,67.56%,$1.05B,$0.53B,50.38%,$1.05B,$0.53B,50.19%,$0.53B,$2.76B,21.81%,$0.53B,$1.66B,41.46%,$0.53B,$4.01B,14.33%,$0.45B,$3.50B,14.36%,$238,$63,$175,$60,$113,$205,$33,$-10,$23,$4,$19,$19,$19,$78,$33,$531,592,$0.04,$0.04,$2352,$8,$44,$2624,$71,$129,$1098,$90,$1388,$4012,$506,$739,$0,$747,$1253,$2530,$238,$-9,$2759,$4012,$690,$96,$152,$248,$45,$0,$-43,$-26,$-71,$867,$-3,$-14,$0,$-1692,$707,$-985,$0,$-1002,$0,$0,$0,$-14,$-14,$0,$0,$-14,$-146,$24,$0
5,2017-05-31,10.57,$5.15,2.05,$2.16,4.88,$0.85,12.46,$0.20,52.85,$2.46B,$0.46B,5.32,$0.81B,$2.74B,0.3,$1.14B,$0.61B,53.58%,$1.14B,$0.18B,15.82%,$1.14B,$0.18B,15.82%,$1.14B,$0.40B,34.88%,$1.14B,$0.13B,11.71%,$1.14B,$0.14B,11.80%,$0.14B,$2.74B,5.94%,$0.14B,$1.61B,12.28%,$0.14B,$4.02B,3.60%,$0.18B,$3.55B,6.53%,$235,$85,$150,$61,$110,$-301,$536,$136,$672,$1,$671,$671,$671,$587,$536,$531,544,$1.26,$1.23,$2211,$11,$48,$2464,$81,$294,$1132,$48,$1555,$4019,$463,$809,$0,$818,$1281,$2528,$227,$-17,$2738,$4019,$671,$51,$232,$283,$35,$0,$-59,$-16,$-91,$863,$-2,$-7,$0,$-637,$-25,$-662,$0,$-671,$0,$0,$0,$3,$3,$0,$0,$3,$196,$13,$0
6,2017-02-28,6.96,$3.88,1.79,$2.50,2.79,$-0.86,0.0,$-2.31,0.0,$1.72B,$0.62B,2.77,$0.59B,$2.06B,0.29,$1.31B,$0.62B,47.14%,$1.31B,$-0.51B,-38.88%,$1.31B,$-0.51B,-38.88%,$1.31B,$-0.21B,-16.27%,$1.31B,$-1.21B,-92.28%,$1.31B,$-1.21B,-92.13%,$-1.21B,$2.06B,-54.20%,$-1.21B,$0.90B,-117.37%,$-1.21B,$3.30B,-30.69%,$-0.51B,$2.65B,-17.94%,$286,$114,$172,$57,$142,$342,$-56,$7,$-49,$-2,$-47,$-47,$-47,$1,$-56,$525,525,$-0.09,$-0.09,$1378,$26,$55,$1717,$91,$269,$1161,$51,$1579,$3296,$621,$591,$18,$618,$1239,$2512,$-438,$-17,$2057,$3296,$-1206,$296,$784,$1080,$166,$117,$-179,$-82,$-98,$-224,$78,$-52,$-5,$905,$-202,$703,$0,$724,$-710,$0,$-710,$5,$5,$0,$-17,$-722,$-223,$60,$0
7,2016-11-30,7.71,$3.95,1.95,$2.67,2.89,$-0.23,0.0,$-2.66,0.0,$1.75B,$0.64B,2.71,$0.61B,$2.09B,0.29,$1.49B,$0.66B,44.05%,$1.49B,$-0.50B,-33.56%,$1.49B,$-0.50B,-33.56%,$1.49B,$-0.13B,-8.94%,$1.49B,$-1.42B,-95.16%,$1.49B,$-1.40B,-93.95%,$-1.40B,$2.09B,-55.59%,$-1.40B,$0.91B,-121.72%,$-1.40B,$3.35B,-31.12%,$-0.50B,$2.70B,-15.13%,$289,$96,$193,$75,$141,$357,$-68,$-50,$-118,$-1,$-117,$-117,$-117,$42,$-68,$526,526,$-0.22,$-0.22,$1289,$44,$154,$1746,$105,$269,$1180,$51,$1605,$3351,$644,$607,$0,$615,$1259,$2498,$-391,$-15,$2092,$3351,$-1159,$239,$802,$1041,$147,$99,$-181,$-77,$-124,$-242,$-10,$-28,$-5,$1084,$-214,$870,$10,$837,$-710,$0,$-710,$5,$5,$0,$-16,$-721,$-127,$45,$0
8,2016-08-31,7.59,$4.20,1.81,$3.16,2.4,$0.69,10.97,$-2.61,0.0,$2.64B,$2.14B,1.23,$0.00B,$2.20B,0.0,$1.75B,$0.70B,39.98%,$1.75B,$-0.54B,-30.64%,$1.75B,$-0.54B,-30.64%,$1.75B,$-0.12B,-6.70%,$1.75B,$-1.42B,-81.16%,$1.75B,$-1.37B,-78.41%,$-1.37B,$2.20B,-47.98%,$-1.37B,$0.98B,-107.10%,$-1.37B,$4.35B,-26.72%,$-0.54B,$2.20B,-14.02%,$334,$236,$98,$85,$138,$565,$-231,$-140,$-371,$1,$-372,$-372,$-372,$-231,$-231,$523,523,$-0.71,$-0.71,$2100,$41,$202,$2639,$121,$321,$1214,$53,$1709,$4348,$2141,$0,$0,$9,$2150,$2480,$-274,$-8,$2198,$4348,$-1042,$129,$793,$922,$116,$102,$-42,$-50,$27,$-93,$105,$-19,$-5,$-665,$1417,$752,$10,$843,$-5,$0,$-5,$2,$2,$0,$-18,$-21,$730,$30,$0
9,2016-05-31,7.27,$4.89,1.49,$3.26,2.23,$1.00,7.25,$-2.14,0.0,$2.80B,$0.91B,3.08,$1.25B,$2.55B,0.49,$1.90B,$0.79B,41.27%,$1.90B,$-0.27B,-14.25%,$1.90B,$-0.27B,-14.25%,$1.90B,$0.31B,16.30%,$1.90B,$-1.03B,-53.89%,$1.90B,$-0.95B,-49.74%,$-0.95B,$2.55B,-29.67%,$-0.95B,$1.32B,-59.10%,$-0.95B,$4.73B,-17.22%,$-0.27B,$3.81B,-6.05%,$400,$246,$154,$89,$132,$554,$-154,$-516,$-670,$0,$-670,$-670,$-670,$-25,$-154,$522,522,$-1.28,$-1.28,$2233,$127,$94,$2799,$391,$246,$1236,$53,$1926,$4725,$909,$1253,$0,$1262,$2171,$2463,$98,$-7,$2554,$4725,$-670,$129,$532,$661,$73,$16,$8,$-62,$-52,$-61,$-4,$-9,$0,$486,$-131,$355,$0,$342,$0,$0,$0,$3,$3,$0,$-18,$-15,$268,$12,$0
10,2016-02-29,7.81,$6.16,1.27,$3.47,2.25,$1.31,5.96,$-0.96,0.0,$3.01B,$1.04B,2.9,$1.28B,$3.21B,0.4,$2.16B,$0.94B,43.56%,$2.16B,$-0.03B,-1.30%,$2.16B,$-0.03B,-1.30%,$2.16B,$0.59B,27.22%,$2.16B,$-0.28B,-13.06%,$2.16B,$-0.21B,-9.63%,$-0.21B,$3.21B,-6.07%,$-0.21B,$1.38B,-11.52%,$-0.21B,$5.53B,-3.55%,$-0.03B,$4.49B,-0.58%,$464,$254,$210,$108,$111,$510,$-46,$-210,$-256,$-18,$-238,$-238,$-238,$81,$-46,$526,651,$-0.46,$-0.35,$2377,$143,$102,$3011,$412,$197,$1831,$50,$2523,$5534,$1039,$1277,$0,$1287,$2326,$2448,$768,$-8,$3208,$5534,$-208,$616,$-264,$352,$200,$-21,$14,$49,$113,$257,$-28,$-70,$-698,$382,$-25,$357,$0,$-439,$0,$0,$0,$-89,$-89,$0,$11,$-78,$-276,$60,$0
11,2015-11-30,7.94,$0.00,0.0,$4.01,1.98,$2.99,2.65,$-0.46,0.0,$3.01B,$1.10B,2.74,$1.32B,$3.45B,0.38,$2.36B,$1.05B,44.52%,$2.36B,$0.08B,3.44%,$2.36B,$0.08B,3.44%,$2.36B,$0.73B,31.07%,$2.36B,$-0.03B,-1.15%,$2.36B,$0.06B,2.46%,$0.06B,$3.45B,1.66%,$0.06B,$1.43B,2.97%,$0.06B,$5.89B,0.95%,$0.08B,$4.77B,1.63%,$548,$312,$236,$100,$177,$652,$-104,$-16,$-120,$-31,$-89,$-89,$-89,$58,$-104,$525,525,$-0.17,$-0.17,$2298,$144,$134,$3012,$449,$350,$2020,$58,$2877,$5889,$1101,$1317,$0,$1334,$2435,$2454,$1018,$-18,$3454,$5889,$30,$489,$-346,$143,$158,$-22,$13,$59,$84,$257,$-25,$-43,$-689,$583,$-134,$449,$0,$-308,$0,$0,$0,$-54,$-54,$0,$4,$-50,$-110,$42,$0
12,2015-08-31,7.59,$6.75,1.12,$4.47,1.7,$4.22,1.8,$-0.57,0.0,$3.76B,$0.95B,3.96,$1.32B,$3.54B,0.37,$2.60B,$1.22B,47.02%,$2.60B,$0.05B,1.77%,$2.60B,$0.05B,1.77%,$2.60B,$0.71B,27.10%,$2.60B,$-0.07B,-2.58%,$2.60B,$-0.00B,-0.04%,$-0.00B,$3.54B,-0.03%,$-0.00B,$2.27B,-0.05%,$-0.00B,$5.82B,-0.02%,$0.05B,$4.86B,0.92%,$490,$305,$185,$122,$191,$457,$33,$-12,$21,$-30,$51,$51,$51,$196,$33,$526,667,$0.10,$-0.24,$3020,$142,$179,$3758,$468,$277,$1263,$56,$2064,$5822,$950,$1322,$0,$1335,$2285,$2446,$1109,$-18,$3537,$5822,$119,$327,$-328,$-1,$175,$-20,$-40,$123,$126,$244,$-21,$-31,$-53,$185,$-61,$124,$4,$23,$0,$0,$0,$-46,$-46,$0,$3,$-43,$214,$28,$0
13,2015-05-31,9.8,$6.63,1.48,$5.47,1.79,$5.24,1.87,$-0.72,0.0,$3.94B,$1.08B,3.65,$1.55B,$3.51B,0.44,$3.03B,$1.46B,48.33%,$3.03B,$-0.19B,-6.11%,$3.03B,$-0.19B,-6.11%,$3.03B,$0.48B,15.92%,$3.03B,$-0.31B,-10.11%,$3.03B,$-0.26B,-8.56%,$-0.26B,$3.51B,-7.53%,$-0.26B,$2.14B,-12.91%,$-0.26B,$6.19B,-4.02%,$-0.19B,$5.06B,-3.67%,$658,$348,$310,$139,$174,$569,$89,$-16,$73,$5,$68,$68,$68,$253,$89,$529,671,$0.13,$-0.10,$2964,$133,$258,$3942,$519,$293,$1377,$59,$2248,$6190,$1079,$1550,$0,$1598,$2677,$2459,$1078,$-24,$3513,$6190,$68,$164,$-113,$51,$35,$-11,$-86,$115,$15,$134,$-11,$-11,$-53,$-42,$-76,$-118,$0,$-193,$0,$0,$0,$1,$1,$0,$0,$1,$-68,$14,$0
14,2015-02-28,10.81,$6.49,1.67,$5.96,1.81,$5.92,1.83,$-0.99,0.0,$4.17B,$1.37B,3.04,$1.71B,$3.43B,0.5,$3.34B,$1.60B,48.10%,$3.34B,$-0.25B,-7.62%,$3.34B,$-0.25B,-7.62%,$3.34B,$0.44B,13.19%,$3.34B,$-0.39B,-11.54%,$3.34B,$-0.30B,-9.12%,$-0.30B,$3.43B,-8.74%,$-0.30B,$1.97B,-14.96%,$-0.30B,$6.56B,-4.60%,$-0.25B,$5.14B,-5.05%,$660,$342,$318,$134,$3,$597,$63,$-64,$-1,$-29,$28,$28,$28,$225,$63,$528,528,$0.05,$0.46,$2891,$122,$375,$4167,$556,$316,$1460,$59,$2391,$6558,$1372,$1707,$0,$1755,$3127,$2444,$1010,$-23,$3431,$6558,$-304,$694,$364,$1058,$469,$123,$-240,$53,$59,$813,$261,$-421,$-119,$-607,$-287,$-894,$0,$-1173,$0,$0,$0,$67,$67,$0,$-51,$16,$-346,$50,$0
15,2014-11-30,10.39,$6.38,1.63,$6.56,1.58,$3.13,3.32,$-1.84,0.0,$4.12B,$1.48B,2.79,$1.66B,$3.34B,0.5,$3.65B,$1.84B,50.37%,$3.65B,$-0.85B,-23.39%,$3.65B,$-0.85B,-23.39%,$3.65B,$-0.12B,-3.26%,$3.65B,$-0.94B,-25.77%,$3.65B,$-0.76B,-20.68%,$-0.76B,$3.34B,-21.41%,$-0.76B,$1.87B,-36.20%,$-0.76B,$6.51B,-11.02%,$-0.85B,$4.99B,-16.88%,$793,$383,$410,$154,$171,$932,$-139,$-21,$-160,$-12,$-148,$-148,$-148,$31,$-139,$529,529,$-0.28,$-0.28,$2771,$102,$314,$4117,$588,$274,$1462,$65,$2389,$6506,$1477,$1657,$0,$1694,$3171,$2425,$1062,$-8,$3335,$6506,$-332,$532,$252,$784,$351,$142,$-256,$54,$151,$603,$277,$-388,$-40,$-272,$-196,$-468,$0,$-619,$0,$0,$0,$6,$6,$0,$-65,$-59,$-81,$36,$0
16,2014-08-31,10.18,$6.68,1.52,$7.33,1.39,$1.78,5.72,$-9.93,0.0,$4.12B,$1.52B,2.71,$1.51B,$3.48B,0.43,$4.05B,$0.17B,4.07%,$4.05B,$-2.99B,-73.86%,$4.05B,$-2.99B,-73.86%,$4.05B,$-2.12B,-52.23%,$4.05B,$-5.81B,-143.32%,$4.05B,$-5.01B,-123.62%,$-5.01B,$3.48B,-135.31%,$-5.01B,$2.04B,-218.74%,$-5.01B,$6.54B,-68.37%,$-2.99B,$4.98B,-59.04%,$916,$491,$425,$186,$195,$1114,$-198,$-20,$-218,$-11,$-207,$-207,$-207,$-27,$-198,$527,527,$-0.39,$-0.39,$2701,$113,$328,$4124,$582,$329,$1433,$68,$2412,$6536,$1522,$1507,$0,$1539,$3061,$2438,$1210,$0,$3475,$6536,$-184,$362,$66,$428,$314,$131,$-257,$44,$170,$414,$300,$-266,$-9,$-228,$-200,$-428,$-4,$-407,$0,$0,$0,$4,$4,$0,$-68,$-64,$-56,$22,$0
17,2014-05-31,7.6,$7.07,1.07,$8.59,0.88,$0.98,7.74,$-11.38,0.0,$4.36B,$1.77B,2.46,$1.34B,$3.67B,0.37,$4.71B,$-0.63B,-13.47%,$4.71B,$-4.23B,-89.76%,$4.71B,$-4.23B,-89.76%,$4.71B,$-3.16B,-67.20%,$4.71B,$-7.03B,-149.24%,$4.71B,$-5.77B,-122.47%,$-5.77B,$3.67B,-116.76%,$-5.77B,$2.24B,-191.64%,$-5.77B,$6.82B,-65.39%,$-4.23B,$5.01B,-71.28%,$966,$515,$451,$237,$400,$946,$20,$-26,$-6,$-29,$23,$23,$23,$211,$20,$527,658,$0.04,$-0.37,$2685,$107,$471,$4356,$626,$333,$1432,$69,$2460,$6816,$1771,$1340,$0,$1372,$3143,$2432,$1417,$1,$3673,$6816,$23,$191,$-134,$57,$227,$137,$-213,$-37,$222,$302,$266,$-142,$0,$-25,$-204,$-229,$0,$-105,$0,$0,$0,$2,$2,$0,$-69,$-67,$131,$14,$0
18,2014-02-28,10.0,$6.88,1.45,$12.99,0.77,$1.16,8.61,$-11.17,0.0,$4.85B,$2.27B,2.14,$1.63B,$3.63B,0.45,$6.81B,$-0.04B,-0.63%,$6.81B,$-4.42B,-64.80%,$6.81B,$-4.42B,-64.80%,$6.81B,$-3.15B,-46.16%,$6.81B,$-7.18B,-105.45%,$6.81B,$-5.87B,-86.20%,$-5.87B,$3.63B,-92.20%,$-5.87B,$2.19B,-149.82%,$-5.87B,$7.55B,-56.56%,$-4.42B,$5.25B,-62.85%,$976,$423,$553,$246,$365,$1513,$-537,$-20,$-557,$-134,$-423,$-423,$-423,$-334,$-537,$525,525,$-0.81,$-0.81,$2529,$244,$505,$4848,$1136,$129,$1439,$0,$2704,$7552,$2268,$1627,$0,$1659,$3927,$2418,$1394,$-8,$3625,$7552,$-5873,$1270,$3185,$4455,$1381,$359,$-590,$136,$1259,$-159,$-234,$-1080,$-7,$226,$55,$281,$0,$-1040,$1250,$0,$1250,$-13,$-13,$0,$-13,$1224,$30,$68,$0
19,2013-11-30,6.33,$7.78,0.81,$16.23,0.39,$5.52,1.15,$-10.18,0.0,$5.85B,$3.34B,1.75,$0.99B,$4.03B,0.25,$8.51B,$0.48B,5.61%,$8.51B,$-3.89B,-45.69%,$8.51B,$-3.89B,-45.69%,$8.51B,$-2.43B,-28.53%,$8.51B,$-6.65B,-78.05%,$8.51B,$-5.35B,-62.86%,$-5.35B,$4.03B,-68.37%,$-5.35B,$2.69B,-109.65%,$-5.35B,$8.40B,-45.41%,$-3.89B,$5.03B,-48.16%,$1193,$2457,$-1264,$322,$538,$3470,$-2277,$-2748,$-5025,$-624,$-4401,$-4401,$-4401,$-1966,$-2277,$526,526,$-8.37,$-8.37,$3062,$254,$815,$5854,$1070,$130,$1342,$0,$2542,$8396,$3337,$994,$9,$1028,$4365,$2403,$1817,$-6,$4031,$8396,$-5450,$1067,$2778,$3845,$1111,$349,$-314,$126,$2010,$405,$-241,$-837,$-7,$388,$55,$443,$0,$-642,$1000,$0,$1000,$-15,$-15,$0,$-12,$973,$725,$50,$0
20,2013-08-31,10.12,$16.06,0.63,$19.16,0.53,$8.57,1.18,$-1.79,0.0,$6.66B,$3.87B,1.72,$0.00B,$8.42B,0.0,$10.05B,$2.57B,25.60%,$10.05B,$-1.84B,-18.34%,$10.05B,$-1.84B,-18.34%,$10.05B,$-0.17B,-1.69%,$10.05B,$-1.83B,-18.23%,$10.05B,$-0.94B,-9.38%,$-0.94B,$8.42B,-10.29%,$-0.94B,$4.92B,-16.34%,$-0.94B,$12.51B,-7.33%,$-1.84B,$8.42B,-20.13%,$1573,$1947,$-374,$360,$527,$3005,$-1432,$-6,$-1438,$-473,$-965,$-965,$-965,$-1075,$-1432,$524,524,$-1.84,$-1.84,$2344,$941,$818,$6659,$2119,$225,$3505,$0,$5849,$12508,$3873,$0,$9,$211,$4084,$2451,$6218,$-11,$8424,$12508,$-1049,$756,$42,$798,$610,$-338,$66,$110,$737,$486,$-195,$-603,$-7,$13,$-40,$-27,$0,$-832,$0,$0,$0,$-16,$-16,$0,$-2,$-18,$-368,$38,$0
21,2013-05-31,13.96,$18.24,0.77,$21.62,0.65,$9.73,1.43,$-0.40,0.0,$7.12B,$3.44B,2.07,$0.00B,$9.40B,0.0,$11.34B,$3.69B,32.55%,$11.34B,$-0.77B,-6.78%,$11.34B,$-0.77B,-6.78%,$11.34B,$1.07B,9.42%,$11.34B,$-0.75B,-6.63%,$11.34B,$-0.21B,-1.87%,$-0.21B,$9.40B,-2.26%,$-0.21B,$5.89B,-3.50%,$-0.21B,$13.08B,-1.65%,$-0.77B,$9.40B,-8.19%,$3071,$2029,$1042,$358,$673,$3240,$-169,$5,$-164,$-80,$-84,$-84,$-84,$230,$-169,$524,524,$-0.16,$-0.16,$2824,$887,$445,$7117,$2200,$247,$3513,$0,$5960,$13077,$3436,$0,$12,$242,$3678,$2442,$7183,$0,$9399,$13077,$-84,$399,$39,$438,$-183,$-284,$105,$-44,$276,$630,$-83,$-335,$-7,$-91,$-63,$-154,$0,$-579,$0,$0,$0,$0,$0,$0,$-1,$-1,$42,$20,$0
22,2013-02-28,13.36,$18.36,0.73,$21.12,0.63,$9.75,1.37,$-1.23,0.0,$7.44B,$3.46B,2.15,$0.00B,$9.46B,0.0,$11.07B,$3.43B,31.01%,$11.07B,$-1.24B,-11.15%,$11.07B,$-1.24B,-11.15%,$11.07B,$1.02B,9.19%,$11.07B,$-1.22B,-11.02%,$11.07B,$-0.65B,-5.83%,$-0.65B,$9.46B,-6.84%,$-0.65B,$6.03B,-10.51%,$-0.65B,$13.17B,-5.03%,$-1.24B,$9.46B,-13.08%,$2677,$1603,$1074,$383,$521,$2689,$-12,$-6,$-18,$-115,$97,$97,$98,$382,$-12,$524,524,$0.19,$0.19,$2654,$603,$823,$7441,$2073,$221,$3430,$0,$5724,$13165,$3460,$0,$0,$245,$3705,$2431,$7267,$-4,$9460,$13165,$-646,$2253,$209,$2462,$709,$426,$296,$320,$487,$2303,$-413,$-1005,$-60,$-693,$-69,$-762,$0,$-2240,$0,$0,$0,$-25,$-25,$0,$-11,$-36,$22,$86,$0
23,2012-11-30,11.6,$18.15,0.64,$23.99,0.48,$9.97,1.16,$-1.66,0.0,$6.83B,$3.06B,2.23,$0.00B,$9.34B,0.0,$12.58B,$3.76B,29.90%,$12.58B,$-1.36B,-10.80%,$12.58B,$-1.36B,-10.80%,$12.58B,$0.89B,7.08%,$12.58B,$-1.33B,-10.59%,$12.58B,$-0.87B,-6.91%,$-0.87B,$9.34B,-9.05%,$-0.87B,$6.23B,-13.86%,$-0.87B,$12.64B,-6.70%,$-1.36B,$9.34B,-14.14%,$2727,$1897,$830,$393,$487,$2957,$-230,$18,$-212,$-226,$14,$14,$9,$293,$-230,$524,525,$0.02,$0.02,$2731,$457,$548,$6826,$2493,$207,$3113,$0,$5813,$12639,$3060,$0,$12,$237,$3297,$2417,$7169,$-2,$9342,$12639,$-722,$1859,$53,$1912,$888,$572,$-106,$259,$903,$2093,$-325,$-770,$-105,$-445,$-20,$-465,$0,$-1665,$0,$0,$0,$-25,$-25,$0,$-10,$-35,$394,$63,$0
24,2012-08-31,6.69,$18.15,0.37,$28.65,0.23,$8.79,0.76,$-1.17,0.0,$6.30B,$2.86B,2.2,$0.00B,$9.37B,0.0,$15.02B,$4.34B,28.88%,$15.02B,$-0.80B,-5.33%,$15.02B,$-0.80B,-5.33%,$15.02B,$1.35B,8.99%,$15.02B,$-0.79B,-5.26%,$15.02B,$-0.61B,-4.08%,$-0.61B,$9.37B,-6.24%,$-0.61B,$6.10B,-9.46%,$-0.61B,$12.46B,-4.60%,$-0.80B,$9.37B,-8.15%,$2861,$2117,$744,$366,$556,$3219,$-358,$0,$-358,$-129,$-229,$-229,$-235,$163,$-358,$524,524,$-0.45,$-0.45,$2065,$785,$438,$6301,$2612,$278,$3272,$0,$6162,$12463,$2863,$0,$16,$228,$3091,$2451,$7160,$28,$9372,$12463,$-753,$1336,$69,$1405,$868,$244,$-145,$77,$483,$1135,$-240,$-537,$-105,$-193,$-76,$-269,$0,$-1151,$0,$0,$0,$0,$0,$0,$-5,$-5,$-16,$42,$0
25,2012-05-31,10.33,$18.61,0.55,$31.14,0.33,$7.96,1.3,$-0.09,0.0,$6.66B,$3.23B,2.06,$0.00B,$9.61B,0.0,$16.32B,$5.21B,31.89%,$16.32B,$-0.04B,-0.21%,$16.32B,$-0.04B,-0.21%,$16.32B,$1.95B,11.93%,$16.32B,$-0.02B,-0.11%,$16.32B,$-0.05B,-0.30%,$-0.05B,$9.61B,-0.49%,$-0.05B,$6.24B,-0.73%,$-0.05B,$13.07B,-0.36%,$-0.04B,$9.61B,-0.35%,$2808,$2022,$786,$367,$547,$3443,$-635,$3,$-632,$-122,$-510,$-510,$-518,$180,$-635,$524,524,$-0.99,$-0.99,$1938,$1018,$512,$6664,$2722,$309,$3372,$0,$6403,$13067,$3234,$0,$9,$225,$3459,$2441,$7395,$45,$9608,$13067,$-510,$815,$11,$826,$511,$11,$-108,$320,$395,$711,$-153,$-284,$-105,$-131,$-86,$-217,$0,$-759,$0,$0,$0,$0,$0,$0,$-4,$-4,$-60,$25,$0
26,2012-02-29,14.17,$19.59,0.72,$35.14,0.4,$8.42,1.68,$2.23,6.35,$7.07B,$3.39B,2.09,$0.00B,$10.10B,0.0,$18.42B,$6.58B,35.69%,$18.42B,$1.50B,8.13%,$18.42B,$1.50B,8.13%,$18.42B,$3.02B,16.39%,$18.42B,$1.52B,8.24%,$18.42B,$1.16B,6.32%,$1.16B,$10.10B,11.70%,$1.16B,$6.51B,16.94%,$1.16B,$13.73B,8.38%,$1.50B,$10.10B,15.04%,$4181,$2781,$1400,$386,$646,$4316,$-135,$5,$-130,$-12,$-118,$-118,$-125,$254,$-135,$524,524,$-0.25,$-0.25,$1774,$1027,$380,$7071,$2733,$337,$3590,$0,$6660,$13731,$3389,$0,$10,$242,$3631,$2446,$7913,$40,$10100,$13731,$1171,$1523,$449,$1972,$898,$-409,$-90,$-160,$-231,$2912,$-902,$-2217,$-226,$300,$21,$321,$0,$-3024,$0,$0,$0,$-147,$-147,$0,$-2,$-149,$-264,$97,$0
27,2011-11-30,17.86,$19.77,0.9,$37.49,0.48,$10.10,1.77,$4.25,4.2,$7.20B,$3.56B,2.02,$0.00B,$10.20B,0.0,$19.80B,$7.63B,38.53%,$19.80B,$2.87B,14.51%,$19.80B,$2.87B,14.51%,$19.80B,$4.32B,21.81%,$19.80B,$2.89B,14.60%,$19.80B,$2.22B,11.23%,$2.22B,$10.20B,23.01%,$2.22B,$7.07B,32.22%,$2.22B,$14.04B,16.25%,$2.87B,$10.20B,29.73%,$5166,$3759,$1407,$366,$567,$4838,$328,$2,$330,$65,$265,$265,$265,$753,$328,$524,524,$0.51,$0.51,$1307,$868,$574,$7202,$2730,$195,$3131,$779,$6835,$14037,$3564,$0,$14,$276,$3840,$2416,$8038,$40,$10197,$14037,$1289,$1134,$68,$1202,$31,$-250,$141,$-286,$-634,$1857,$-713,$-1178,$-226,$325,$200,$525,$-779,$-2371,$0,$0,$0,$-141,$-141,$0,$-2,$-143,$-673,$63,$0
28,2011-08-31,32.49,$19.05,1.71,$38.11,0.85,$12.25,2.65,$5.48,5.93,$7.32B,$3.78B,1.94,$0.00B,$9.92B,0.0,$20.13B,$8.62B,42.80%,$20.13B,$3.80B,18.88%,$20.13B,$3.80B,18.88%,$20.13B,$5.04B,25.05%,$20.13B,$3.81B,18.91%,$20.13B,$2.87B,14.25%,$2.87B,$9.92B,31.49%,$2.87B,$7.00B,42.83%,$2.87B,$13.98B,21.74%,$3.80B,$9.92B,41.70%,$4168,$2556,$1612,$381,$683,$3761,$407,$7,$414,$85,$329,$329,$329,$761,$407,$524,524,$0.63,$0.63,$1149,$1372,$380,$7320,$2699,$266,$2913,$778,$6656,$13976,$3778,$0,$11,$281,$4059,$2394,$7773,$-63,$9917,$13976,$1024,$709,$38,$747,$384,$-754,$367,$-513,$-800,$971,$-509,$-804,$-130,$202,$140,$342,$-778,$-1879,$0,$0,$0,$-29,$-29,$0,$-1,$-30,$-940,$38,$0
29,2011-05-31,42.85,$18.40,2.33,$38.61,1.11,$14.29,3.0,$6.31,6.79,$8.10B,$3.97B,2.04,$0.00B,$9.59B,0.0,$20.58B,$9.06B,44.01%,$20.58B,$4.48B,21.74%,$20.58B,$4.48B,21.74%,$20.58B,$5.57B,27.07%,$20.58B,$4.48B,21.77%,$20.58B,$3.34B,16.21%,$3.34B,$9.59B,39.56%,$3.34B,$6.90B,52.96%,$3.34B,$13.84B,27.11%,$4.48B,$9.59B,53.05%,$4908,$2752,$2156,$423,$704,$4011,$897,$7,$904,$209,$695,$695,$695,$1252,$897,$524,525,$1.33,$1.33,$2389,$943,$307,$8100,$2576,$478,$2688,$0,$5742,$13842,$3967,$0,$31,$287,$4254,$2382,$7444,$-58,$9588,$13842,$695,$355,$47,$402,$183,$-325,$309,$-262,$-77,$1020,$-222,$-560,$-27,$51,$-24,$27,$0,$-782,$0,$0,$0,$-19,$-19,$0,$-1,$-20,$195,$23,$0
30,2011-02-28,66.2,$17.15,3.86,$36.84,1.8,$14.38,4.61,$6.36,10.41,$7.49B,$3.63B,2.06,$0.00B,$8.94B,0.0,$19.91B,$8.83B,44.33%,$19.91B,$4.64B,23.29%,$19.91B,$4.64B,23.29%,$19.91B,$5.56B,27.94%,$19.91B,$4.64B,23.33%,$19.91B,$3.41B,17.13%,$3.41B,$8.94B,42.43%,$3.41B,$6.63B,54.92%,$3.41B,$12.88B,29.61%,$4.64B,$8.94B,57.67%,$5556,$3103,$2453,$383,$705,$4316,$1240,$3,$1243,$309,$934,$934,$934,$1551,$1240,$536,538,$1.77,$1.76,$2121,$618,$241,$7488,$2504,$577,$2306,$0,$5387,$12875,$3630,$0,$31,$307,$3937,$2359,$6749,$-10,$8938,$12875,$3411,$927,$167,$1094,$-1352,$42,$216,$-23,$-496,$4009,$-1039,$-557,$-494,$283,$109,$392,$0,$-1698,$0,$0,$0,$-2086,$-2086,$0,$-1,$-2087,$240,$72,$0
31,2010-11-30,61.83,$15.41,4.01,$33.68,1.84,$12.41,4.98,$5.85,10.57,$7.30B,$3.83B,1.9,$0.00B,$8.00B,0.0,$18.43B,$8.24B,44.68%,$18.43B,$4.41B,23.92%,$18.43B,$4.41B,23.92%,$18.43B,$5.21B,28.24%,$18.43B,$4.42B,23.97%,$18.43B,$3.19B,17.29%,$3.19B,$8.00B,41.36%,$3.19B,$6.26B,52.38%,$3.19B,$12.09B,29.37%,$4.41B,$8.00B,57.21%,$5495,$3101,$2394,$357,$666,$4239,$1256,$-11,$1245,$334,$911,$911,$911,$1478,$1256,$522,524,$1.74,$1.74,$1776,$679,$280,$7299,$2343,$696,$1748,$0,$4786,$12085,$3834,$0,$30,$247,$4081,$2095,$5815,$44,$8004,$12085,$2477,$616,$100,$716,$-1499,$-19,$659,$-12,$-189,$3004,$-735,$-192,$-333,$267,$-1,$266,$0,$-994,$0,$0,$0,$-2120,$-2120,$0,$0,$-2120,$-116,$52,$0
32,2010-08-31,42.84,$13.80,3.1,$30.08,1.42,$10.74,3.99,$5.21,8.22,$5.98B,$3.02B,1.98,$0.00B,$7.21B,0.0,$16.86B,$7.52B,44.58%,$16.86B,$4.04B,23.94%,$16.86B,$4.04B,23.94%,$16.86B,$4.78B,28.34%,$16.86B,$4.06B,24.11%,$16.86B,$2.90B,17.23%,$2.90B,$7.21B,39.20%,$2.90B,$5.42B,49.65%,$2.90B,$10.44B,28.31%,$4.04B,$7.21B,54.47%,$4621,$2566,$2055,$323,$546,$3539,$1082,$6,$1088,$291,$797,$797,$797,$1290,$1082,$544,546,$1.46,$1.46,$1532,$645,$217,$5979,$2169,$494,$1797,$0,$4460,$10439,$3018,$0,$29,$208,$3225,$2099,$5027,$18,$7214,$10439,$1566,$394,$37,$431,$-614,$15,$275,$103,$35,$2032,$-434,$-147,$-333,$206,$234,$440,$0,$-474,$0,$0,$0,$-1954,$-1954,$0,$0,$-1954,$-399,$33,$0
33,2010-05-31,60.69,$14.52,4.18,$27.77,2.19,$8.93,6.8,$4.58,13.25,$6.23B,$2.52B,2.47,$0.00B,$8.00B,0.0,$15.76B,$7.02B,44.50%,$15.76B,$3.61B,22.87%,$15.76B,$3.61B,22.87%,$15.76B,$4.28B,27.15%,$15.76B,$3.64B,23.07%,$15.76B,$2.58B,16.39%,$2.58B,$8.00B,35.13%,$2.58B,$6.54B,43.91%,$2.58B,$10.68B,25.95%,$3.61B,$8.00B,49.05%,$4235,$2312,$1923,$288,$483,$3177,$1058,$10,$1068,$299,$769,$769,$769,$1244,$1058,$555,558,$1.39,$1.38,$2348,$556,$310,$6228,$2075,$919,$1461,$0,$4455,$10683,$2521,$0,$29,$164,$2684,$2198,$5656,$71,$7999,$10683,$769,$186,$5,$191,$-56,$104,$-39,$60,$163,$1123,$-226,$-42,$-14,$42,$-146,$-104,$0,$-386,$0,$0,$0,$-409,$-409,$0,$0,$-409,$299,$16,$0
34,2010-02-28,70.88,$13.68,5.18,$26.15,2.71,$7.96,8.9,$4.32,16.41,$5.81B,$2.43B,2.39,$0.00B,$7.60B,0.0,$14.95B,$6.58B,44.03%,$14.95B,$3.24B,21.65%,$14.95B,$3.24B,21.65%,$14.95B,$3.86B,25.78%,$14.95B,$3.27B,21.85%,$14.95B,$2.46B,16.43%,$2.46B,$7.60B,35.23%,$2.46B,$6.13B,44.34%,$2.46B,$10.21B,25.88%,$3.24B,$7.60B,46.43%,$4079,$2217,$1863,$267,$497,$3068,$1012,$5,$1017,$307,$710,$710,$710,$1193,$1012,$564,570,$1.27,$1.26,$1912,$660,$247,$5813,$1957,$958,$1477,$0,$4392,$10205,$2432,$0,$29,$170,$2602,$2372,$5274,$51,$7603,$10205,$2457,$616,$123,$739,$-481,$48,$167,$-71,$-161,$3035,$-1009,$-421,$-143,$493,$-390,$103,$0,$-1470,$-6,$0,$-6,$-839,$-839,$0,$2,$-843,$716,$58,$0
35,2009-11-30,57.89,$12.28,4.72,$25.02,2.31,$5.48,10.55,$3.95,14.66,$5.57B,$2.75B,2.03,$0.00B,$6.82B,0.0,$14.34B,$6.10B,42.58%,$14.34B,$2.96B,20.64%,$14.34B,$2.96B,20.64%,$14.34B,$3.51B,24.49%,$14.34B,$2.99B,20.88%,$14.34B,$2.27B,15.81%,$2.27B,$6.82B,34.64%,$2.27B,$5.32B,43.77%,$2.27B,$9.70B,25.27%,$2.96B,$6.82B,45.23%,$3924,$2249,$1675,$242,$466,$3040,$884,$6,$891,$262,$628,$628,$628,$1050,$884,$566,571,$1.11,$1.10,$1628,$613,$199,$5574,$1844,$781,$1506,$0,$4131,$9704,$2752,$0,$28,$132,$2884,$2200,$4564,$-5,$6820,$9704,$1747,$435,$45,$480,$-599,$32,$367,$-32,$36,$2264,$-751,$-386,$-132,$478,$-175,$303,$0,$-965,$-6,$0,$-6,$-839,$-839,$0,$2,$-843,$451,$42,$0
36,2009-08-31,73.06,$12.31,5.93,$23.00,3.18,$3.83,19.07,$3.54,20.64,$5.22B,$2.17B,2.41,$0.00B,$6.99B,0.0,$13.20B,$5.70B,43.19%,$13.20B,$2.72B,20.58%,$13.20B,$2.72B,20.58%,$13.20B,$3.19B,24.15%,$13.20B,$2.78B,21.03%,$13.20B,$2.03B,15.41%,$2.03B,$6.99B,32.95%,$2.03B,$5.55B,41.56%,$2.03B,$9.22B,24.05%,$2.72B,$6.99B,43.98%,$3526,$1971,$1554,$236,$430,$2874,$652,$8,$660,$184,$476,$476,$476,$793,$652,$568,574,$0.84,$0.83,$1664,$573,$190,$5215,$1737,$834,$1438,$0,$4009,$9224,$2167,$0,$28,$71,$2238,$2236,$4664,$-8,$6987,$9224,$1119,$269,$2,$271,$-252,$98,$48,$-91,$-194,$1196,$-555,$-242,$-132,$194,$-185,$9,$0,$-919,$-6,$0,$-6,$-26,$-26,$0,$3,$-30,$248,$26,$0
37,2009-05-31,78.64,$11.45,6.87,$21.34,3.69,$3.08,25.5,$3.57,22.03,$5.35B,$2.27B,2.36,$0.00B,$6.49B,0.0,$12.25B,$5.45B,44.52%,$12.25B,$2.77B,22.58%,$12.25B,$2.77B,22.58%,$12.25B,$3.17B,25.85%,$12.25B,$2.83B,23.14%,$12.25B,$2.05B,16.77%,$2.05B,$6.49B,36.26%,$2.05B,$5.18B,45.67%,$2.05B,$8.84B,26.09%,$2.77B,$6.49B,48.81%,$3424,$1932,$1492,$220,$514,$2733,$690,$9,$699,$56,$643,$643,$643,$819,$690,$567,573,$1.13,$1.12,$1755,$634,$179,$5349,$1509,$664,$1313,$0,$3486,$8835,$2266,$0,$27,$81,$2347,$2225,$4189,$-13,$6488,$8835,$643,$129,$-67,$62,$-225,$35,$164,$-1,$-90,$615,$-247,$-63,$-124,$125,$11,$136,$0,$-298,$-6,$0,$-6,$-28,$-28,$0,$1,$-34,$300,$13,$0
38,2009-02-28,39.94,$10.37,3.85,$19.27,2.07,$2.11,18.91,$3.29,12.14,$4.84B,$2.12B,2.29,$0.00B,$5.87B,0.0,$11.07B,$5.10B,46.06%,$11.07B,$2.72B,24.59%,$11.07B,$2.72B,24.59%,$11.07B,$3.05B,27.56%,$11.07B,$2.80B,25.31%,$11.07B,$1.89B,17.12%,$1.89B,$5.87B,36.77%,$1.89B,$4.67B,45.68%,$1.89B,$8.10B,26.56%,$2.72B,$5.87B,52.82%,$3463,$2080,$1383,$183,$406,$2730,$733,$11,$744,$226,$519,$519,$519,$849,$733,$565,574,$0.91,$0.91,$1518,$682,$187,$4842,$1335,$721,$1204,$0,$3260,$8101,$2115,$0,$24,$112,$2227,$2208,$3546,$0,$5874,$8101,$1893,$328,$0,$328,$-937,$-296,$177,$-106,$-769,$1452,$-834,$-688,$-48,$-178,$-75,$-253,$0,$-1823,$-14,$0,$-14,$27,$27,$0,$12,$25,$-349,$38,$0
39,2008-11-30,42.47,$9.45,4.5,$16.52,2.57,$3.17,13.38,$3.11,13.66,$4.54B,$2.22B,2.04,$0.00B,$5.35B,0.0,$9.49B,$4.68B,49.36%,$9.49B,$2.55B,26.91%,$9.49B,$2.55B,26.91%,$9.49B,$2.82B,29.69%,$9.49B,$2.64B,27.84%,$9.49B,$1.79B,18.85%,$1.79B,$5.35B,38.32%,$1.79B,$4.18B,46.86%,$1.79B,$7.67B,27.58%,$2.55B,$5.35B,54.67%,$2782,$1513,$1270,$193,$383,$2142,$640,$32,$672,$276,$396,$396,$396,$726,$640,$566,574,$0.70,$0.69,$1676,$599,$172,$4538,$1147,$813,$1167,$0,$3127,$7665,$2222,$0,$24,$97,$2319,$2205,$3027,$2,$5346,$7665,$1374,$212,$-25,$187,$-657,$-203,$343,$-35,$-408,$1153,$-582,$-466,$0,$-98,$-135,$-234,$0,$-1281,$-0,$0,$-0,$25,$25,$0,$13,$37,$-83,$29,$0
40,2008-08-31,121.6,$8.75,13.89,$14.59,8.34,$3.45,35.27,$3.07,39.61,$4.21B,$1.85B,2.28,$0.00B,$4.95B,0.0,$8.38B,$4.26B,50.86%,$8.38B,$2.40B,28.68%,$8.38B,$2.40B,28.68%,$8.38B,$2.63B,31.38%,$8.38B,$2.48B,29.64%,$8.38B,$1.76B,21.04%,$1.76B,$4.95B,41.93%,$1.76B,$3.96B,49.34%,$1.76B,$6.89B,30.67%,$2.40B,$4.95B,57.12%,$2577,$1270,$1307,$181,$380,$1875,$702,$17,$719,$224,$496,$496,$496,$772,$702,$565,575,$0.88,$0.86,$1553,$513,$137,$4214,$1006,$686,$984,$0,$2679,$6893,$1849,$0,$29,$96,$1945,$2200,$2631,$14,$4949,$6893,$978,$126,$11,$137,$-592,$-117,$257,$-39,$-516,$599,$-386,$-331,$0,$72,$-30,$42,$0,$-675,$-0,$0,$-0,$22,$22,$0,$12,$34,$-53,$20,$0
41,2008-05-31,138.87,$7.86,17.67,$12.50,11.11,$3.61,38.48,$2.71,51.24,$3.63B,$1.33B,2.72,$0.00B,$4.44B,0.0,$7.17B,$3.66B,51.00%,$7.17B,$2.09B,29.19%,$7.17B,$2.09B,29.19%,$7.17B,$2.29B,31.93%,$7.17B,$2.18B,30.34%,$7.17B,$1.55B,21.67%,$1.55B,$4.44B,41.64%,$1.55B,$3.77B,47.33%,$1.55B,$5.86B,30.97%,$2.09B,$4.44B,56.00%,$2243,$1105,$1137,$128,$327,$1596,$646,$19,$665,$183,$483,$483,$483,$703,$646,$564,575,$0.86,$0.84,$1376,$462,$135,$3631,$861,$700,$665,$0,$2232,$5863,$1334,$0,$30,$93,$1427,$2189,$2136,$15,$4436,$5863,$483,$57,$-35,$22,$-252,$-65,$31,$-30,$-499,$6,$-196,$-97,$0,$78,$-19,$59,$0,$-233,$-0,$0,$-0,$15,$15,$0,$11,$26,$-200,$10,$0
42,2008-02-29,103.8,$6.99,14.85,$10.49,9.89,$4.22,24.61,$2.26,45.93,$3.48B,$1.47B,2.36,$0.01B,$3.93B,0.0,$6.01B,$3.08B,51.25%,$6.01B,$1.73B,28.80%,$6.01B,$1.73B,28.80%,$6.01B,$1.91B,31.76%,$6.01B,$1.81B,30.13%,$6.01B,$1.29B,21.53%,$1.29B,$3.93B,39.12%,$1.29B,$3.35B,43.67%,$1.29B,$5.51B,29.20%,$1.73B,$3.94B,52.22%,$1883,$914,$968,$105,$268,$1318,$564,$20,$585,$172,$413,$413,$413,$615,$564,$560,573,$0.74,$0.72,$1605,$396,$136,$3477,$706,$739,$584,$0,$2034,$5511,$1474,$7,$31,$103,$1578,$2170,$1653,$30,$3934,$5511,$1294,$177,$-25,$152,$-602,$-140,$141,$-52,$131,$1577,$-352,$-374,$-6,$76,$-497,$-422,$0,$-1154,$-0,$0,$-0,$63,$63,$0,$18,$80,$507,$34,$0
43,2007-11-30,113.82,$6.22,18.3,$8.84,12.88,$2.92,38.96,$1.87,60.87,$3.25B,$1.14B,2.86,$0.01B,$3.49B,0.0,$5.06B,$2.61B,51.59%,$5.06B,$1.41B,27.84%,$5.06B,$1.41B,27.84%,$5.06B,$1.57B,31.03%,$5.06B,$1.48B,29.31%,$5.06B,$1.07B,21.12%,$1.07B,$3.49B,36.26%,$1.07B,$3.20B,39.78%,$1.07B,$4.71B,27.91%,$1.41B,$3.50B,47.70%,$1673,$825,$848,$92,$238,$1183,$490,$24,$514,$143,$370,$370,$370,$538,$490,$560,574,$0.66,$0.65,$1597,$340,$128,$3247,$634,$536,$288,$0,$1462,$4710,$1135,$7,$30,$86,$1221,$2151,$1241,$25,$3489,$4710,$881,$127,$-22,$105,$-465,$-84,$99,$-63,$-16,$971,$-242,$-64,$-6,$59,$-259,$-199,$0,$-512,$-0,$0,$-0,$46,$46,$0,$18,$64,$513,$23,$0
44,2007-08-31,85.41,$5.48,15.58,$7.39,11.56,$2.33,36.7,$1.53,55.82,$2.77B,$0.84B,3.29,$0.01B,$3.07B,0.0,$4.22B,$2.21B,52.48%,$4.22B,$1.14B,27.09%,$4.22B,$1.14B,27.09%,$4.22B,$1.29B,30.58%,$4.22B,$1.21B,28.56%,$4.22B,$0.87B,20.69%,$0.87B,$3.07B,32.98%,$0.87B,$2.81B,36.44%,$0.87B,$3.99B,26.13%,$1.14B,$3.08B,43.08%,$1372,$668,$704,$88,$198,$979,$393,$19,$412,$124,$288,$288,$288,$434,$393,$559,572,$0.51,$0.50,$1342,$301,$100,$2769,$572,$386,$257,$0,$1221,$3989,$842,$7,$29,$78,$920,$2126,$870,$15,$3069,$3989,$511,$79,$-18,$61,$-280,$-45,$52,$-83,$-122,$450,$-146,$-23,$-3,$-41,$-99,$-141,$0,$-313,$-0,$0,$-0,$23,$23,$0,$11,$34,$171,$14,$0
45,2007-05-31,55.36,$4.91,11.28,$6.14,9.01,$2.21,25.02,$1.28,43.36,$2.34B,$0.70B,3.36,$0.01B,$2.74B,0.0,$3.51B,$1.88B,53.62%,$3.51B,$0.93B,26.53%,$3.51B,$0.93B,26.53%,$3.51B,$1.07B,30.41%,$3.51B,$0.99B,28.09%,$3.51B,$0.73B,20.68%,$0.73B,$2.74B,30.16%,$0.73B,$2.49B,33.62%,$0.73B,$3.52B,24.43%,$0.93B,$2.75B,38.59%,$1082,$522,$560,$75,$177,$798,$284,$16,$300,$77,$223,$223,$223,$322,$284,$558,571,$0.40,$0.39,$1169,$259,$86,$2341,$525,$394,$250,$0,$1174,$3516,$697,$7,$28,$79,$776,$2104,$582,$11,$2740,$3516,$223,$38,$-38,$-0,$-146,$-3,$60,$-18,$2,$225,$-67,$-10,$0,$-27,$-89,$-117,$0,$-193,$-0,$0,$-0,$4,$4,$0,$1,$5,$35,$5,$0
46,2007-02-28,46.87,$4.45,10.52,$5.31,8.82,$2.03,23.09,$1.11,42.1,$1.92B,$0.55B,3.51,$0.01B,$2.48B,0.0,$3.04B,$1.66B,54.59%,$3.04B,$0.81B,26.61%,$3.04B,$0.81B,26.61%,$3.04B,$0.93B,30.72%,$3.04B,$0.86B,28.28%,$3.04B,$0.63B,20.78%,$0.63B,$2.48B,27.98%,$0.63B,$2.24B,31.05%,$0.63B,$3.09B,23.38%,$0.81B,$2.49B,35.72%,$930,$433,$497,$67,$167,$689,$241,$15,$256,$68,$187,$187,$187,$275,$241,$556,572,$0.34,$0.32,$987,$256,$42,$1919,$488,$426,$248,$0,$1170,$3089,$547,$6,$0,$59,$605,$2100,$359,$-12,$2484,$3089,$632,$126,$120,$247,$-254,$-121,$48,$-18,$-143,$736,$-254,$-60,$-116,$79,$-13,$66,$0,$-365,$-0,$0,$-0,$-159,$-159,$0,$6,$-154,$218,$19,$0
47,2006-11-30,46.28,$4.12,11.23,$4.64,9.98,$1.14,40.62,$0.82,56.66,$1.66B,$0.44B,3.75,$0.01B,$0.00B,0.0,$2.67B,$1.47B,55.06%,$2.67B,$0.56B,20.88%,$2.67B,$0.56B,20.88%,$2.67B,$0.67B,25.22%,$2.67B,$0.61B,22.94%,$2.67B,$0.46B,17.05%,$0.46B,$2.30B,21.33%,$0.46B,$2.05B,23.41%,$0.46B,$2.77B,18.17%,$0.56B,$2.30B,26.03%,$835,$382,$453,$61,$147,$611,$225,$13,$237,$62,$175,$175,$175,$259,$225,$553,569,$0.32,$0.31,$893,$216,$33,$1656,$437,$427,$250,$0,$1113,$2770,$441,$7,$0,$33,$474,$0,$0,$0,$2295,$2770,$444,$92,$79,$171,$-130,$-81,$28,$-7,$-54,$562,$-177,$-49,$-116,$71,$22,$93,$0,$-249,$-0,$0,$-0,$-165,$-165,$0,$5,$-160,$153,$14,$0
