,Date,Stock Price,Book Value per Share,Price to Book Ratio,TTM Sales per Share,Price to Sales Ratio,TTM FCF per Share,Price to FCF Ratio,TTM Net EPS,PE Ratio,Current Assets,Current Liabilities,Current Ratio,Long Term Debt,Shareholder's Equity_x,Debt to Equity Ratio,TTM Revenue_x,TTM Gross Profit,Gross Margin,TTM Revenue_y,TTM Operating Income,Operating Margin,TTM Revenue_x,TTM EBIT,EBIT Margin,TTM Revenue_y,TTM EBITDA,EBITDA Margin,TTM Revenue_x,TTM Pre-Tax Income,Pre-Tax Margin,TTM Revenue_y,TTM Net Income_x,Net Margin,TTM Net Income_y,Shareholder's Equity_y,Return on Equity,TTM Net Income_x,Tangible Equity,Return on Tangible Equity,TTM Net Income_y,Total Assets,Return on Assets,TTM Net Income,LT Investments & Debt,Return on Investment,revenue,cost-goods-sold,gross-profit,research-development-expenses,selling-general-administrative-expenses,operating-expenses,operating-income,total-non-operating-income-expense,pre-tax-income,total-provision-income-taxes,income-after-taxes,income-from-continuous-operations,net-income,ebitda,ebit,basic-shares-outstanding,shares-outstanding,eps-basic-net-earnings-per-share,eps-earnings-per-share-diluted,cash-on-hand,inventory,other-current-assets,total-current-assets,net-property-plant-equipment,long-term-investments,goodwill-intangible-assets-total,other-long-term-assets,total-long-term-assets,total-assets,total-current-liabilities,long-term-debt,other-non-current-liabilities,total-long-term-liabilities,total-liabilities,common-stock-net,retained-earnings-accumulated-deficit,comprehensive-income,total-share-holder-equity,total-liabilities-share-holders-equity,net-income-loss,total-depreciation-amortization-cash-flow,other-non-cash-items,total-non-cash-items,change-in-accounts-receivable,change-in-inventories,change-in-accounts-payable,change-in-assets-liabilities,total-change-in-assets-liabilities,cash-flow-from-operating-activities,net-change-in-property-plant-equipment,net-change-in-intangible-assets,net-acquisitions-divestitures,net-change-in-short-term-investments,net-change-in-long-term-investments,net-change-in-investments-total,investing-activities-other,cash-flow-from-investing-activities,net-long-term-debt,net-current-debt,debt-issuance-retirement-net-total,net-common-equity-issued-repurchased,net-total-equity-issued-repurchased,total-common-preferred-stock-dividends-paid,financial-activities-other,cash-flow-from-financial-activities,net-cash-flow,stock-based-compensation,common-stock-dividends-paid
0,2018-03-31,10.69,$5.27,2.03,$11.31,0.95,$0.98,10.93,$0.80,13.31,$323.08B,$285.39B,1.13,$32.68B,$35.26B,0.93,$71.58B,$55.62B,77.70%,$71.58B,$9.74B,13.61%,$71.58B,0,0.00%,$71.58B,0,0.00%,$71.58B,$9.74B,13.61%,$71.58B,$5.19B,7.25%,$5.19B,$35.26B,17.07%,$5.19B,$30.86B,19.50%,$5.19B,$379.64B,1.53%,$9.74B,$67.94B,14.22%,$0,$0,$0,$0,$0,$0,$0,$0,$0,$0,$0,$0,$0,$0,$0,$0,0,$0.00,$0.00,$184466,$0,$0,$323075,$2408,$48091,$4405,$1665,$56569,$379643,$285390,$32675,$26317,$58992,$344382,$20687,$13744,$0,$35262,$379643,$2328,$482,$3909,$4391,$-2172,$0,$0,$35,$-2137,$3475,$-143,$-81,$0,$0,$-5086,$-5086,$185,$-5126,$-1534,$0,$-1534,$0,$0,$0,$268,$-1266,$-2865,$0,$0
1,2017-03-31,8.0,$5.00,1.6,$11.50,0.7,$0.72,11.12,$0.79,10.11,$311.95B,$284.46B,1.1,$36.76B,$33.44B,1.1,$72.88B,$52.85B,72.52%,$72.88B,$7.91B,10.85%,$72.88B,0,0.00%,$72.88B,0,0.00%,$72.88B,$7.91B,10.85%,$72.88B,$5.31B,7.28%,$5.31B,$33.44B,18.23%,$5.31B,$28.51B,20.98%,$5.31B,$378.58B,1.58%,$7.91B,$70.19B,11.36%,$17341,$3263,$14078,$0,$11750,$15013,$2328,$0,$2328,$932,$1396,$1396,$1377,$0,$0,$6653,6653,$0.21,$0.21,$171316,$0,$0,$311947,$2409,$57369,$4925,$1931,$66633,$378580,$284457,$36755,$23932,$60687,$345144,$18812,$14220,$0,$33436,$378580,$2204,$474,$4876,$5350,$419,$0,$0,$-2812,$-2393,$4218,$-55,$-97,$0,$0,$883,$883,$112,$842,$-562,$0,$-562,$0,$0,$-1417,$1,$-1978,$2963,$0,$-1417
2,2016-03-31,5.05,$3.60,1.4,$12.00,0.42,$8.55,0.59,$0.82,6.12,$225.82B,$180.58B,1.25,$40.73B,$24.09B,1.69,$73.71B,$52.34B,71.01%,$73.71B,$7.44B,10.09%,$73.71B,0,0.00%,$73.71B,0,0.00%,$73.71B,$7.44B,10.09%,$73.71B,$5.59B,7.58%,$5.59B,$24.09B,18.94%,$5.59B,$22.33B,21.49%,$5.59B,$263.16B,1.59%,$7.44B,$64.83B,10.04%,$20931,$5325,$15607,$0,$13403,$18728,$2204,$0,$2204,$897,$1307,$1307,$1296,$0,$0,$6039,6039,$0.22,$0.22,$117724,$0,$0,$225820,$1419,$32563,$1770,$1590,$37342,$263161,$180582,$40731,$17754,$58485,$239067,$13133,$11568,$0,$24094,$263161,$2656,$205,$3372,$3577,$2276,$0,$0,$-4535,$-2259,$4048,$-58,$-104,$0,$0,$4940,$4940,$-38,$4740,$-26,$0,$-26,$-2,$-2,$-978,$-2,$-1008,$6916,$0,$-978
3,2015-06-30,5.91,$4.30,1.37,$12.73,0.46,$13.00,0.45,$0.90,6.58,$290.31B,$247.61B,1.17,$42.26B,$28.82B,1.47,$79.51B,$53.95B,67.86%,$79.51B,$6.40B,8.04%,$79.51B,0,0.00%,$79.51B,0,0.00%,$79.51B,$6.40B,8.04%,$79.51B,$6.24B,7.85%,$6.24B,$28.82B,19.33%,$6.24B,$24.73B,22.06%,$6.24B,$335.50B,1.58%,$6.40B,$71.08B,8.02%,$14899,$2932,$11967,$0,$9311,$12243,$2656,$0,$2656,$1588,$1068,$1068,$1059,$0,$0,$6074,6074,$0.17,$0.17,$156417,$0,$0,$290311,$1610,$37728,$4090,$1758,$45186,$335497,$247610,$42262,$16806,$59069,$306679,$14042,$14660,$0,$28818,$335497,$3011,$520,$5055,$5574,$-4980,$0,$0,$-7530,$-12510,$-5606,$-151,$-1680,$0,$0,$-1223,$-1223,$-32,$-3087,$523,$0,$523,$-24,$-24,$-1113,$330,$-284,$-8976,$0,$-1113
4,2015-03-31,5.94,$4.49,1.32,$13.14,0.45,$15.73,0.38,$0.93,6.38,$313.70B,$277.04B,1.13,$42.22B,$30.08B,1.4,$82.20B,$56.12B,68.27%,$82.20B,$6.77B,8.23%,$82.20B,0,0.00%,$82.20B,0,0.00%,$82.20B,$6.77B,8.23%,$82.20B,$6.48B,7.88%,$6.48B,$30.08B,19.20%,$6.48B,$25.58B,21.74%,$6.48B,$364.36B,1.56%,$6.77B,$72.30B,8.06%,$18406,$4440,$13966,$0,$11415,$15854,$2552,$0,$2552,$1081,$1471,$1471,$1457,$0,$0,$6621,6621,$0.22,$0.22,$169995,$0,$0,$313700,$1744,$42439,$4504,$1971,$50658,$364358,$277041,$42219,$15016,$57234,$334276,$15176,$14766,$0,$30082,$364358,$496,$278,$2218,$2495,$-3449,$0,$0,$3609,$160,$1705,$-90,$-1682,$0,$0,$-1128,$-1128,$-32,$-2933,$763,$0,$763,$0,$0,$-1110,$378,$32,$-1196,$0,$-1110
5,2014-12-31,7.09,$6.27,1.13,$13.04,0.54,$16.53,0.43,$0.95,7.5,$378.68B,$336.86B,1.12,$53.21B,$35.00B,1.52,$81.47B,$58.37B,71.65%,$81.47B,$8.78B,10.77%,$81.47B,0,0.00%,$81.47B,0,0.00%,$81.47B,$8.78B,10.77%,$81.47B,$6.45B,7.91%,$6.45B,$35.00B,18.92%,$6.45B,$31.38B,21.28%,$6.45B,$440.99B,1.53%,$8.78B,$88.21B,10.11%,$18641,$7332,$11310,$0,$10813,$18145,$496,$0,$496,$-1009,$1506,$1506,$1494,$0,$0,$6652,6652,$0.23,$0.23,$209201,$0,$0,$378679,$2088,$54236,$3620,$2368,$62312,$440991,$336864,$53212,$15918,$69130,$405995,$16280,$18881,$0,$34996,$440991,$8776,$1264,$11621,$12885,$-14773,$0,$0,$43085,$28312,$47201,$-431,$-545,$0,$0,$-7061,$-7061,$-140,$-8177,$-27,$0,$-27,$-12,$-12,$-1676,$-139,$-1854,$37169,$0,$-1676
6,2014-09-30,7.43,$5.26,1.41,$11.64,0.64,$15.31,0.49,$0.91,8.13,$372.86B,$330.08B,1.13,$52.30B,$35.22B,1.49,$76.62B,$54.87B,71.61%,$76.62B,$7.80B,10.17%,$76.62B,0,0.00%,$76.62B,0,0.00%,$76.62B,$7.80B,10.17%,$76.62B,$6.23B,8.13%,$6.23B,$35.22B,18.51%,$6.23B,$31.45B,20.96%,$6.23B,$436.12B,1.49%,$7.80B,$87.52B,8.99%,$21759,$6666,$15093,$0,$13356,$20023,$1736,$0,$1736,$149,$1588,$1588,$1578,$0,$0,$5487,5487,$0.44,$0.44,$203789,$0,$0,$372863,$2028,$55028,$3767,$2432,$63255,$436119,$330077,$52303,$18522,$70825,$400901,$16829,$18325,$0,$35218,$436119,$7094,$949,$8927,$9876,$-9869,$0,$0,$28778,$18908,$33433,$-217,$-311,$0,$0,$-3187,$-3187,$-187,$-3901,$256,$0,$256,$-13,$-13,$-1622,$-90,$-1470,$28062,$0,$-1622
7,2014-06-30,7.56,$5.18,1.46,$11.14,0.68,$17.02,0.44,$0.89,8.5,$348.69B,$311.93B,1.12,$53.16B,$34.73B,1.53,$73.88B,$54.23B,73.41%,$73.88B,$8.19B,11.09%,$73.88B,0,0.00%,$73.88B,0,0.00%,$73.88B,$8.19B,11.09%,$73.88B,$5.86B,7.93%,$5.86B,$34.73B,18.17%,$5.86B,$30.83B,20.73%,$5.86B,$418.36B,1.44%,$8.19B,$87.88B,9.69%,$20706,$7121,$13585,$0,$11973,$19094,$1612,$0,$1612,$-113,$1725,$1725,$1711,$0,$0,$6508,6508,$0.26,$0.26,$181294,$0,$0,$348693,$2057,$61234,$3900,$2473,$69664,$418358,$311934,$53159,$18540,$71699,$383633,$17118,$17512,$0,$34725,$418358,$5577,$620,$6351,$6970,$-5564,$0,$0,$7279,$1715,$12421,$-114,$-171,$0,$0,$-3314,$-3314,$-108,$-3707,$-225,$0,$-225,$-13,$-13,$-1166,$-80,$-1484,$7229,$0,$-1166
8,2014-03-31,7.06,$4.68,1.51,$10.97,0.64,$22.22,0.32,$0.83,8.47,$327.27B,$289.97B,1.13,$52.39B,$31.33B,1.67,$72.82B,$52.15B,71.62%,$72.82B,$6.75B,9.27%,$72.82B,0,0.00%,$72.82B,0,0.00%,$72.82B,$6.75B,9.27%,$72.82B,$5.60B,7.68%,$5.60B,$31.33B,17.67%,$5.60B,$27.51B,20.32%,$5.60B,$391.12B,1.36%,$6.75B,$83.72B,8.06%,$21095,$4960,$16134,$0,$13212,$18173,$2922,$0,$2922,$1211,$1711,$1711,$1697,$0,$0,$6612,6612,$0.26,$0.26,$166541,$0,$0,$327269,$1950,$55735,$3817,$2346,$63848,$391117,$289969,$52391,$17427,$69818,$359787,$16158,$15430,$0,$31331,$391117,$2506,$288,$2938,$3226,$-3730,$0,$0,$6160,$2430,$6957,$-37,$-72,$0,$0,$-2756,$-2756,$-25,$-2889,$-19,$0,$-19,$-12,$-12,$-995,$-36,$-1063,$3005,$0,$-995
9,2013-12-31,6.4,$4.98,1.29,$11.03,0.58,$21.04,0.3,$0.82,7.81,$358.45B,$316.59B,1.13,$54.17B,$33.35B,1.62,$73.27B,$52.83B,72.11%,$73.27B,$6.60B,9.00%,$73.27B,0,0.00%,$73.27B,0,0.00%,$73.27B,$6.60B,9.00%,$73.27B,$5.60B,7.64%,$5.60B,$33.35B,17.17%,$5.60B,$29.08B,19.76%,$5.60B,$423.28B,1.31%,$6.60B,$87.51B,7.88%,$17907,$4346,$13561,$0,$11055,$15401,$2506,$0,$2506,$1033,$1473,$1473,$1460,$0,$0,$6626,6626,$0.22,$0.22,$186114,$0,$0,$358450,$2175,$55895,$4263,$2501,$64834,$423284,$316593,$54165,$19178,$73343,$389937,$17758,$15918,$0,$33347,$423284,$6595,$1342,$10151,$11493,$-19596,$0,$0,$52982,$33386,$48588,$-464,$-1213,$0,$0,$-12360,$-12360,$-208,$-14244,$482,$0,$482,$-33,$-33,$-2001,$-37,$-1590,$32753,$0,$-2001
10,2013-09-30,6.99,$4.42,1.58,$12.37,0.57,$18.29,0.38,$0.83,8.42,$343.61B,$295.26B,1.16,$49.26B,$29.62B,1.66,$82.48B,$71.68B,86.90%,$82.48B,$-0.33B,-0.40%,$82.48B,0,0.00%,$82.48B,0,0.00%,$82.48B,$7.03B,8.52%,$82.48B,$5.66B,6.86%,$5.66B,$29.62B,16.97%,$5.66B,$25.67B,19.46%,$5.66B,$397.57B,1.31%,$-0.33B,$78.88B,-0.39%,$16907,$5322,$11586,$0,$10830,$16152,$755,$0,$755,$-613,$1369,$1369,$1361,$0,$0,$6592,6592,$0.21,$0.21,$185724,$0,$0,$343605,$1924,$45771,$3955,$2315,$53965,$397570,$295258,$49257,$23436,$72693,$367950,$16688,$14019,$0,$29620,$397570,$5398,$938,$7546,$8484,$-12729,$0,$0,$46974,$34245,$45827,$-207,$-886,$0,$0,$-9209,$-9209,$-148,$-10449,$562,$0,$562,$-28,$-28,$-1694,$-33,$-1193,$34185,$0,$-1694
11,2013-06-30,6.54,$4.82,1.35,$10.81,0.6,$17.81,0.37,$0.83,7.83,$370.86B,$325.13B,1.14,$52.51B,$32.35B,1.62,$72.04B,$58.52B,81.23%,$72.04B,$-7.78B,-10.79%,$72.04B,0,0.00%,$72.04B,0,0.00%,$72.04B,$7.12B,9.88%,$72.04B,$5.73B,7.95%,$5.73B,$32.35B,16.76%,$5.73B,$27.89B,19.28%,$5.73B,$435.53B,1.30%,$-7.78B,$84.86B,-10.10%,$17973,$5020,$12953,$0,$10944,$15964,$2009,$0,$2009,$657,$1352,$1352,$1342,$0,$0,$6698,6698,$0.20,$0.20,$199999,$0,$0,$370864,$2168,$55573,$4464,$2456,$64661,$435526,$325134,$52509,$25531,$78040,$403174,$18505,$14581,$0,$32352,$435526,$3758,$695,$5400,$6094,$-10155,$0,$0,$49429,$39274,$46972,$-152,$-837,$0,$0,$-15837,$-15837,$-70,$-16896,$666,$0,$666,$0,$0,$-1354,$-30,$-719,$29357,$0,$-1354
12,2013-03-31,8.47,$5.23,1.62,$8.77,0.97,$17.42,0.49,$0.85,9.96,$381.68B,$338.48B,1.13,$48.23B,$35.11B,1.37,$58.63B,$42.30B,72.14%,$58.63B,$-16.61B,-28.33%,$58.63B,0,0.00%,$58.63B,0,0.00%,$58.63B,$7.13B,12.16%,$58.63B,$5.70B,9.72%,$5.70B,$35.11B,16.59%,$5.70B,$30.67B,19.10%,$5.70B,$448.31B,1.30%,$-16.61B,$83.34B,-24.00%,$20031,$5979,$14052,$0,$12575,$18554,$1478,$0,$1478,$31,$1446,$1446,$1432,$0,$0,$6630,6630,$0.22,$0.22,$211846,$0,$0,$381683,$2280,$57476,$4440,$2427,$66624,$448307,$338483,$48228,$26488,$74716,$413199,$19096,$14089,$0,$35107,$448307,$2353,$363,$2943,$3305,$-5752,$0,$0,$1151,$-4601,$-768,$-105,$-508,$0,$0,$-9165,$-9165,$-53,$-9832,$103,$0,$103,$0,$0,$-1277,$-6,$-1179,$-11779,$0,$-1277
13,2012-12-31,7.83,$0.00,0.0,$7.25,1.08,$23.76,0.33,$0.85,9.17,$399.06B,$337.39B,1.18,$50.81B,$36.36B,1.4,$48.61B,$27.51B,56.60%,$48.61B,$-25.30B,-52.04%,$48.61B,0,0.00%,$48.61B,0,0.00%,$48.61B,$7.38B,15.18%,$48.61B,$5.72B,11.77%,$5.72B,$36.36B,16.88%,$5.72B,$32.11B,19.58%,$5.72B,$452.56B,1.31%,$-25.30B,$87.17B,-41.14%,$18355,$4116,$14239,$0,$11885,$16002,$2353,$0,$2353,$876,$1477,$1477,$1463,$0,$0,$6658,6658,$0.22,$0.22,$228595,$0,$0,$399062,$5638,$44480,$4257,$2350,$56725,$452557,$337389,$50807,$27998,$78805,$416193,$15495,$17616,$0,$36363,$452557,$7380,$2011,$0,$2011,$0,$0,$0,$0,$10997,$31095,$-685,$0,$0,$0,$0,$-25416,$-1592,$-27693,$0,$0,$4088,$0,$-7,$-1929,$-49,$2104,$5506,$0,$0
14,2012-09-30,7.12,$0.00,0.0,$4.50,1.58,$17.96,0.4,$0.87,8.23,$301.07B,$279.21B,1.08,$19.78B,$32.92B,0.6,$30.58B,$-3.44B,-11.25%,$30.58B,$-25.57B,-83.61%,$30.58B,0,0.00%,$30.58B,0,0.00%,$30.58B,$8.24B,26.95%,$30.58B,$5.87B,19.19%,$5.87B,$32.92B,17.65%,$5.87B,$28.19B,20.75%,$5.87B,$423.09B,1.34%,$-25.57B,$52.70B,-48.76%,$26122,$-4312,$30434,$0,$36604,$32291,$-6169,$0,$1187,$-230,$1417,$1423,$1423,$0,$0,$6689,6689,$0.21,$0.21,$216968,$0,$0,$301067,$0,$40074,$4736,$74992,$119802,$423092,$279209,$19780,$83064,$102844,$390168,$14872,$15958,$0,$32923,$423092,$5806,$1002,$0,$1002,$0,$0,$0,$0,$28943,$42894,$-435,$0,$0,$0,$0,$-19596,$-1151,$-21183,$0,$0,$3754,$0,$-7,$-1739,$-41,$1966,$23677,$0,$0
15,2012-06-30,6.57,$0.00,0.0,$4.85,1.35,$10.79,0.61,$0.90,7.31,$305.71B,$274.22B,1.12,$20.57B,$33.06B,0.62,$32.83B,$-6.12B,-18.65%,$32.83B,$-29.51B,-89.88%,$32.83B,0,0.00%,$32.83B,0,0.00%,$32.83B,$7.59B,23.11%,$32.83B,$6.06B,18.47%,$6.06B,$33.06B,18.15%,$6.06B,$28.42B,21.19%,$6.06B,$425.64B,1.37%,$-29.51B,$53.63B,-56.08%,$7533,$7740,$-207,$0,$5230,$12970,$-5437,$0,$2102,$678,$1424,$1411,$1411,$0,$0,$6705,6705,$0.21,$0.21,$217652,$0,$0,$305705,$0,$37115,$4636,$75867,$117618,$425642,$274218,$20568,$89020,$109589,$392582,$15426,$15602,$0,$33060,$425642,$3841,$681,$0,$681,$0,$0,$0,$0,$34193,$45227,$-323,$0,$0,$0,$0,$58,$-32480,$-32744,$0,$0,$3680,$0,$-1,$-1307,$12451,$14823,$14823,$0,$0
16,2012-03-31,7.67,$0.00,0.0,$5.15,1.49,$5.72,1.34,$0.96,8.02,$312.07B,$279.92B,1.12,$19.17B,$33.25B,0.58,$34.77B,$-3.74B,-10.77%,$34.77B,$-29.38B,-84.50%,$34.77B,0,0.00%,$34.77B,0,0.00%,$34.77B,$8.95B,25.72%,$34.77B,$6.48B,18.62%,$6.48B,$33.25B,19.32%,$6.48B,$28.14B,22.42%,$6.48B,$447.36B,1.45%,$-29.38B,$52.43B,-56.79%,$6620,$8791,$-2171,$0,$5187,$13978,$-7358,$0,$1485,$25,$1460,$1403,$1403,$0,$0,$6726,6726,$0.21,$0.21,$220482,$0,$0,$312073,$0,$46044,$5115,$81549,$132707,$447359,$279917,$19173,$103449,$122623,$414105,$17055,$16189,$0,$33253,$447359,$2604,$371,$0,$371,$0,$0,$0,$0,$35203,$41894,$-215,$0,$0,$0,$0,$18,$-29890,$-30087,$0,$0,$1820,$0,$-1,$-1340,$-2,$478,$12285,$0,$0
17,2011-12-31,7.29,$0.00,0.0,$5.30,1.37,$2.09,3.49,$0.99,7.36,$336.03B,$280.53B,1.2,$17.23B,$33.76B,0.51,$35.77B,$-1.88B,-5.26%,$35.77B,$-27.03B,-75.59%,$35.77B,0,0.00%,$35.77B,0,0.00%,$35.77B,$8.79B,24.58%,$35.77B,$6.71B,18.77%,$6.71B,$33.76B,20.34%,$6.71B,$28.37B,23.40%,$6.71B,$457.45B,1.54%,$-27.03B,$50.98B,-53.83%,$8333,$8879,$-546,$0,$5785,$14664,$-6331,$0,$2604,$1012,$1592,$1484,$1484,$0,$0,$6719,6719,$0.22,$0.22,$240911,$0,$0,$336027,$0,$27549,$5393,$85832,$118774,$457453,$280534,$17226,$114381,$131607,$423695,$18081,$16058,$0,$33757,$457453,$8820,$1274,$0,$1274,$0,$0,$0,$0,$-47878,$-7885,$-959,$0,$-129,$0,$0,$-4,$10305,$9213,$0,$0,$15315,$0,$-97,$-2144,$-481,$-957,$353,$0,$0
18,2011-09-30,6.31,$0.00,0.0,$5.43,1.16,$-2.13,0.0,$1.01,6.26,$321.87B,$267.71B,1.2,$19.88B,$33.54B,0.59,$37.08B,$0.74B,1.99%,$37.08B,$-23.68B,-63.85%,$37.08B,0,0.00%,$37.08B,0,0.00%,$37.08B,$9.21B,24.82%,$37.08B,$6.92B,18.65%,$6.92B,$33.54B,21.97%,$6.92B,$29.52B,25.06%,$6.92B,$445.65B,1.68%,$-23.68B,$53.42B,-49.53%,$8091,$8606,$-515,$0,$5925,$14531,$-6440,$0,$2049,$519,$1530,$1569,$1569,$0,$0,$7042,7042,$0.22,$0.22,$223200,$0,$0,$321874,$0,$33337,$4021,$84068,$121426,$445653,$267711,$19884,$115066,$134950,$412115,$18572,$15369,$0,$33537,$445653,$6758,$1099,$0,$1099,$0,$0,$0,$0,$-21099,$-4934,$-542,$0,$0,$0,$0,$3655,$-817,$2296,$0,$0,$-83,$0,$-107,$-1903,$950,$-1142,$-3780,$0,$0
19,2011-06-30,8.73,$0.00,0.0,$5.33,1.64,$-4.41,0.0,$0.98,8.87,$309.51B,$262.08B,1.18,$16.59B,$33.54B,0.5,$36.52B,$6.23B,17.05%,$36.52B,$-16.37B,-44.84%,$36.52B,0,0.00%,$36.52B,0,0.00%,$36.52B,$10.15B,27.80%,$36.52B,$6.79B,18.60%,$6.79B,$33.54B,22.78%,$6.79B,$29.53B,26.00%,$6.79B,$432.54B,1.75%,$-16.37B,$50.12B,-36.69%,$9782,$12673,$-2891,$0,$6484,$19157,$-9376,$0,$1449,$-297,$1747,$1608,$1608,$0,$0,$6602,6602,$0.25,$0.25,$212244,$0,$0,$309511,$0,$35476,$4003,$81255,$120734,$432540,$262081,$16589,$111483,$128072,$399006,$18888,$14468,$0,$33535,$432540,$5395,$734,$0,$734,$0,$0,$0,$0,$-3503,$11043,$-270,$0,$0,$0,$0,$-5287,$-87,$-5645,$0,$0,$-1098,$0,$-33,$-1442,$965,$-1609,$3787,$0,$0
20,2011-03-31,8.78,$0.00,0.0,$5.23,1.68,$-5.64,0.0,$0.92,9.52,$298.80B,$248.63B,1.2,$15.16B,$31.18B,0.49,$35.56B,$7.93B,22.30%,$35.56B,$-11.46B,-32.23%,$35.56B,0,0.00%,$35.56B,0,0.00%,$35.56B,$9.28B,26.10%,$35.56B,$6.33B,17.79%,$6.33B,$31.18B,22.81%,$6.33B,$27.30B,26.03%,$6.33B,$405.98B,1.76%,$-11.46B,$46.34B,-27.40%,$8566,$8359,$208,$0,$7444,$15803,$-7237,$0,$2843,$1080,$1763,$1815,$1815,$0,$0,$6715,6715,$0.27,$0.27,$208025,$0,$0,$298801,$0,$28527,$3875,$72568,$104970,$405975,$248625,$15160,$104061,$119221,$374795,$18093,$12757,$0,$31180,$405975,$2449,$349,$0,$349,$0,$0,$0,$0,$11416,$17336,$-158,$0,$0,$0,$0,$-3021,$-234,$-3413,$0,$0,$-1146,$0,$-32,$-1287,$926,$-1539,$12383,$0,$0
21,2010-12-31,8.51,$0.00,0.0,$4.63,1.84,$-8.59,0.0,$0.84,10.11,$254.84B,$226.91B,1.12,$13.64B,$27.69B,0.49,$31.53B,$6.53B,20.70%,$31.53B,$-11.90B,-37.75%,$31.53B,0,0.00%,$31.53B,0,0.00%,$31.53B,$8.33B,26.43%,$31.53B,$5.77B,18.31%,$5.77B,$27.69B,22.16%,$5.77B,$24.06B,25.23%,$5.77B,$363.88B,1.74%,$-11.90B,$41.33B,-29.86%,$9326,$8009,$1318,$0,$5299,$13308,$-3981,$0,$2449,$780,$1668,$1720,$1720,$0,$0,$6684,6684,$0.26,$0.26,$174549,$0,$0,$254842,$0,$36143,$3630,$67112,$106885,$363876,$226913,$13637,$91110,$104747,$336184,$17124,$0,$0,$27692,$363876,$8336,$1219,$0,$1219,$0,$0,$0,$0,$-60176,$-39767,$-696,$0,$71,$0,$0,$-42564,$-1639,$-44828,$0,$45271,$1833,$0,$-8,$-1647,$12614,$58063,$-26540,$0,$0
22,2010-09-30,8.4,$0.00,0.0,$3.99,2.11,$-3.03,0.0,$0.78,10.79,$251.06B,$214.71B,1.17,$13.87B,$26.85B,0.52,$26.28B,$2.77B,10.55%,$26.28B,$-14.66B,-55.79%,$26.28B,0,0.00%,$26.28B,0,0.00%,$26.28B,$7.47B,28.42%,$26.28B,$5.18B,19.71%,$5.18B,$26.85B,21.10%,$5.18B,$23.58B,24.01%,$5.18B,$351.11B,1.70%,$-14.66B,$40.72B,-38.19%,$9409,$7305,$2104,$0,$5190,$12495,$-3085,$0,$2464,$701,$1763,$1774,$1774,$0,$0,$7391,7391,$0.24,$0.24,$171044,$0,$0,$251060,$0,$30531,$3274,$64293,$98098,$351110,$214711,$13868,$93337,$107205,$324258,$16353,$10016,$0,$26852,$351110,$5959,$905,$0,$905,$0,$0,$0,$0,$-33582,$-20342,$-291,$0,$0,$0,$0,$-31283,$-944,$-32518,$0,$25096,$11206,$0,$-3,$-1427,$8677,$43549,$-9311,$0,$0
23,2010-06-30,5.94,$0.00,0.0,$3.46,1.71,$1.28,4.63,$0.72,8.29,$231.33B,$183.93B,1.26,$13.73B,$25.21B,0.55,$22.73B,$0.71B,3.11%,$22.73B,$-15.92B,-70.05%,$22.73B,0,0.00%,$22.73B,0,0.00%,$22.73B,$6.62B,29.14%,$22.73B,$4.73B,20.80%,$4.73B,$25.21B,20.47%,$4.73B,$22.27B,23.14%,$4.73B,$312.87B,1.68%,$-15.92B,$38.94B,-42.95%,$9214,$6618,$2595,$0,$4665,$11283,$-2069,$0,$2396,$910,$1486,$1483,$1483,$0,$0,$6626,6626,$0.22,$0.22,$158366,$0,$0,$231334,$0,$16917,$2944,$59754,$79615,$312871,$183927,$13732,$88051,$101783,$287659,$15977,$8857,$0,$25212,$312871,$3481,$583,$0,$583,$0,$0,$0,$0,$-5237,$2675,$-192,$0,$0,$0,$0,$-5435,$-17581,$-23209,$0,$10013,$7418,$0,$-3,$-999,$4137,$20566,$33,$0,$0
24,2010-03-31,6.85,$0.00,0.0,$3.38,2.03,$1.81,3.78,$0.70,9.79,$216.89B,$179.08B,1.21,$13.93B,$24.48B,0.57,$22.22B,$0.29B,1.31%,$22.22B,$-15.44B,-69.48%,$22.22B,0,0.00%,$22.22B,0,0.00%,$22.22B,$6.61B,29.76%,$22.22B,$4.61B,20.75%,$4.61B,$24.48B,21.60%,$4.61B,$21.62B,24.33%,$4.61B,$296.99B,1.76%,$-15.44B,$38.42B,-44.25%,$7613,$5701,$1912,$0,$4238,$9939,$-2326,$0,$1973,$615,$1358,$1349,$1349,$0,$0,$6501,6501,$0.21,$0.21,$148103,$0,$0,$216891,$0,$20599,$2864,$54830,$78292,$296992,$179082,$13934,$79473,$93407,$272512,$14776,$9025,$0,$24481,$296992,$1500,$287,$0,$287,$0,$0,$0,$0,$-6191,$-2402,$-139,$0,$0,$0,$0,$-3273,$-9857,$-13269,$0,$8308,$2445,$0,$-3,$-914,$-196,$9640,$-6031,$0,$0
25,2009-12-31,7.38,$0.00,0.0,$3.95,1.86,$2.72,2.71,$0.64,11.58,$188.63B,$151.78B,1.24,$13.82B,$21.63B,0.64,$25.88B,$4.26B,16.47%,$25.88B,$-9.97B,-38.54%,$25.88B,0,0.00%,$25.88B,0,0.00%,$25.88B,$6.16B,23.81%,$25.88B,$4.19B,16.20%,$4.19B,$21.63B,21.95%,$4.19B,$18.83B,24.63%,$4.19B,$257.31B,1.74%,$-9.97B,$35.45B,-31.14%,$5293,$5379,$-86,$0,$4335,$9714,$-4421,$0,$1500,$317,$1182,$1168,$1168,$0,$0,$6656,6656,$0.18,$0.18,$127932,$0,$0,$188628,$0,$17076,$2804,$47068,$66947,$257313,$151783,$13822,$70065,$83888,$235684,$13470,$7636,$0,$21629,$257313,$6160,$851,$0,$851,$0,$0,$0,$0,$-8343,$1077,$-539,$0,$0,$0,$0,$-4912,$-4330,$-9781,$0,$0,$-1166,$0,$695,$-1551,$20175,$18154,$9449,$0,$0
26,2009-09-30,6.6,$0.00,0.0,$4.38,1.51,$-3.04,0.0,$0.58,11.32,$194.23B,$147.50B,1.32,$14.42B,$21.07B,0.68,$27.83B,$4.98B,17.89%,$27.83B,$-8.84B,-31.77%,$27.83B,0,0.00%,$27.83B,0,0.00%,$27.83B,$4.60B,16.52%,$27.83B,$3.72B,13.38%,$3.72B,$21.07B,20.12%,$3.72B,$19.01B,22.34%,$3.72B,$260.86B,1.56%,$-8.84B,$35.49B,-27.91%,$4157,$5807,$-1650,$0,$4192,$9999,$-5843,$0,$1599,$353,$1246,$1179,$1179,$0,$0,$6611,6611,$0.18,$0.18,$131878,$0,$0,$194233,$0,$15204,$2069,$47599,$64871,$260862,$147499,$14420,$77761,$92180,$239787,$12353,$8435,$0,$21074,$260862,$5028,$650,$0,$650,$0,$0,$0,$0,$-3873,$8200,$-371,$0,$0,$0,$0,$-4752,$-2577,$-7700,$0,$0,$-693,$0,$-48,$-1461,$13008,$10805,$11305,$0,$0
27,2009-06-30,4.87,$0.00,0.0,$4.59,1.06,$-9.73,0.0,$0.60,8.08,$177.49B,$133.74B,1.33,$12.03B,$18.20B,0.66,$29.18B,$4.26B,14.59%,$29.18B,$-9.37B,-32.11%,$29.18B,0,0.00%,$29.18B,0,0.00%,$29.18B,$3.99B,13.68%,$29.18B,$3.85B,13.18%,$3.85B,$18.20B,20.80%,$3.85B,$16.35B,22.39%,$3.85B,$233.28B,1.62%,$-9.37B,$30.22B,-29.77%,$5667,$5137,$530,$0,$3863,$9000,$-3333,$0,$1551,$575,$976,$1032,$1032,$0,$0,$6520,6520,$0.16,$0.16,$117543,$0,$0,$177488,$0,$10266,$1849,$42080,$54195,$233278,$133741,$12026,$69229,$81255,$215083,$11121,$7015,$0,$18195,$233278,$3130,$381,$0,$381,$0,$0,$0,$0,$-2237,$6190,$-237,$0,$0,$0,$0,$-3672,$-1559,$-5469,$0,$9541,$-1463,$0,$-0,$-1011,$1459,$8526,$9247,$0,$0
28,2009-03-31,3.26,$0.00,0.0,$4.10,0.79,$-15.17,0.0,$0.60,5.45,$157.03B,$117.60B,1.34,$11.45B,$15.47B,0.74,$26.04B,$1.87B,7.20%,$26.04B,$-11.21B,-43.07%,$26.04B,0,0.00%,$26.04B,0,0.00%,$26.04B,$3.93B,15.09%,$26.04B,$3.83B,14.69%,$3.83B,$15.47B,20.06%,$3.83B,$13.90B,21.00%,$3.83B,$209.30B,1.59%,$-11.21B,$26.93B,-34.86%,$7105,$5607,$1498,$0,$3341,$8948,$-1843,$0,$1963,$850,$1113,$1232,$1232,$0,$0,$6526,6526,$0.19,$0.19,$97924,$0,$0,$157029,$0,$10892,$1578,$38372,$50842,$209297,$117600,$11452,$64687,$76140,$193825,$9984,$5616,$0,$15473,$209297,$1047,$168,$0,$168,$0,$0,$0,$0,$140,$3566,$-108,$0,$0,$0,$0,$-437,$-943,$-1488,$0,$5071,$-331,$0,$-0,$-753,$2001,$5989,$8066,$0,$0
29,2008-12-31,3.24,$0.00,0.0,$4.14,0.78,$-16.26,0.0,$0.67,4.85,$191.16B,$138.45B,1.38,$14.80B,$19.27B,0.77,$26.34B,$3.03B,11.49%,$26.34B,$-10.59B,-40.21%,$26.34B,0,0.00%,$26.34B,0,0.00%,$26.34B,$4.55B,17.29%,$26.34B,$4.29B,16.28%,$4.29B,$19.27B,21.48%,$4.29B,$17.42B,21.98%,$4.29B,$253.20B,1.79%,$-10.59B,$34.07B,-31.73%,$8947,$5064,$3883,$0,$2836,$7900,$1047,$0,$1047,$297,$750,$748,$748,$0,$0,$6541,6541,$0.11,$0.11,$120265,$0,$0,$191164,$0,$9495,$1846,$48883,$60224,$253199,$138450,$14802,$80583,$95385,$233932,$12816,$6609,$0,$19267,$253199,$4554,$778,$0,$778,$0,$0,$0,$0,$-45213,$-32281,$-579,$0,$0,$0,$0,$463,$3289,$3174,$0,$3535,$8075,$0,$-3,$-1618,$37542,$47531,$18423,$0,$0
30,2008-09-30,5.11,$0.00,0.0,$4.12,1.24,$-13.46,0.0,$0.71,7.2,$191.98B,$145.67B,1.32,$13.63B,$21.06B,0.65,$28.11B,$8.25B,29.37%,$28.11B,$-4.36B,-15.50%,$28.11B,0,0.00%,$28.11B,0,0.00%,$28.11B,$6.04B,21.49%,$28.11B,$4.82B,17.14%,$4.82B,$21.06B,25.23%,$4.82B,$21.06B,25.23%,$4.82B,$255.82B,2.19%,$-4.36B,$34.69B,-13.86%,$6112,$7044,$-932,$0,$3780,$10825,$-4713,$0,$36,$-640,$676,$711,$711,$0,$0,$5783,5783,$0.12,$0.12,$124698,$0,$0,$191976,$0,$12761,$0,$49561,$62322,$255822,$145669,$13633,$75434,$89067,$234764,$13920,$6642,$0,$21058,$255822,$3640,$316,$0,$316,$0,$0,$0,$0,$-42845,$-35610,$-200,$0,$0,$0,$0,$-141,$-2070,$-2411,$0,$8370,$6245,$0,$0,$-1254,$25734,$39094,$1073,$0,$0
31,2008-06-30,6.48,$0.00,0.0,$3.86,1.68,$-10.19,0.0,$0.68,9.52,$187.10B,$146.97B,1.27,$12.51B,$20.49B,0.61,$26.21B,$10.36B,39.52%,$26.21B,$-1.62B,-6.17%,$26.21B,0,0.00%,$26.21B,0,0.00%,$26.21B,$6.14B,23.43%,$26.21B,$4.61B,17.58%,$4.61B,$20.49B,26.08%,$4.61B,$20.49B,26.08%,$4.61B,$243.90B,2.33%,$-1.62B,$33.00B,-5.60%,$7020,$7212,$-191,$0,$3672,$10884,$-3863,$0,$946,$-217,$1162,$1156,$1156,$0,$0,$6526,6526,$0.18,$0.18,$125170,$0,$0,$187102,$0,$11536,$0,$43788,$55324,$243898,$146974,$12510,$63915,$76425,$223412,$13910,$5853,$0,$20486,$243898,$2483,$220,$0,$220,$0,$0,$0,$0,$-34116,$-29264,$-379,$0,$0,$0,$0,$-129,$-670,$-1179,$0,$14905,$700,$0,$-2,$-882,$15509,$30230,$-213,$0,$0
32,2008-03-31,5.83,$0.00,0.0,$4.06,1.44,$-6.42,0.0,$0.77,7.58,$157.53B,$121.34B,1.3,$12.70B,$19.05B,0.67,$25.66B,$11.87B,46.26%,$25.66B,$0.03B,0.13%,$25.66B,0,0.00%,$25.66B,0,0.00%,$25.66B,$5.95B,23.17%,$25.66B,$4.56B,17.76%,$4.56B,$19.05B,28.45%,$4.56B,$19.05B,28.45%,$4.56B,$204.85B,2.63%,$0.03B,$31.75B,0.13%,$3958,$4844,$-886,$0,$2799,$7643,$-3685,$0,$1901,$687,$1213,$1211,$1211,$0,$0,$6548,6548,$0.18,$0.18,$99353,$0,$0,$157532,$0,$8105,$0,$37861,$45967,$204849,$121337,$12699,$51758,$64458,$185795,$13253,$4837,$0,$19054,$204849,$1211,$110,$0,$110,$0,$0,$0,$0,$-5992,$-3701,$-13,$0,$0,$0,$0,$-115,$21,$-107,$0,$-2359,$1188,$0,$-0,$-427,$5530,$3932,$124,$0,$0
33,2007-12-31,6.59,$0.00,0.0,$3.66,1.8,$-6.43,0.0,$0.77,8.51,$132.99B,$110.20B,1.21,$10.49B,$15.75B,0.67,$20.72B,$8.55B,41.26%,$20.72B,$-2.19B,-10.55%,$20.72B,0,0.00%,$20.72B,0,0.00%,$20.72B,$5.44B,26.28%,$20.72B,$4.16B,20.08%,$4.16B,$15.75B,28.97%,$4.16B,$15.75B,28.97%,$4.16B,$176.15B,2.67%,$-2.19B,$26.24B,-9.34%,$9247,$4212,$5034,$0,$3363,$7575,$1671,$0,$1671,$458,$1214,$1210,$1210,$0,$0,$6580,6580,$0.18,$0.18,$84764,$0,$0,$132991,$0,$9306,$0,$32671,$41977,$176154,$110203,$10487,$39711,$50197,$160400,$9810,$5144,$0,$15754,$176154,$4135,$770,$0,$770,$0,$0,$0,$0,$-29336,$-21580,$-288,$0,$6,$0,$0,$-484,$-2635,$-3402,$0,$13402,$5551,$0,$408,$-1457,$7453,$25356,$374,$0,$0
34,2007-09-30,6.04,$0.00,0.0,$4.28,1.41,$-11.53,0.0,$1.06,5.69,$129.06B,$101.67B,1.27,$9.11B,$15.36B,0.59,$15.74B,$4.50B,28.60%,$15.74B,$-4.90B,-31.16%,$15.74B,0,0.00%,$15.74B,0,0.00%,$15.74B,$4.88B,30.97%,$15.74B,$3.71B,23.60%,$3.71B,$15.36B,28.00%,$3.71B,$15.36B,28.00%,$3.71B,$166.03B,2.61%,$-4.90B,$24.47B,-22.80%,$7881,$3584,$4297,$0,$3197,$6360,$1521,$0,$1521,$302,$1219,$1239,$1239,$0,$0,$7601,7601,$0.16,$0.16,$82485,$0,$0,$129062,$0,$8223,$0,$27595,$35818,$166034,$101670,$9108,$39891,$48999,$150672,$9931,$4419,$0,$15362,$166034,$3042,$635,$0,$635,$0,$0,$0,$0,$-19496,$-13739,$-192,$0,$0,$0,$0,$-366,$-822,$-1380,$0,$10954,$2514,$0,$889,$0,$415,$14774,$-346,$0,$0
35,2007-06-30,4.95,$0.00,0.0,$8.34,0.59,$-17.88,0.0,$1.03,4.82,$113.45B,$89.11B,1.27,$8.94B,$13.92B,0.64,$14.74B,$3.97B,26.95%,$14.74B,$-5.65B,-38.36%,$14.74B,0,0.00%,$14.74B,0,0.00%,$14.74B,$3.72B,25.22%,$14.74B,$2.87B,19.46%,$2.87B,$13.92B,24.01%,$2.87B,$13.92B,24.01%,$2.87B,$146.71B,2.23%,$-5.65B,$22.86B,-28.57%,$5124,$3210,$1914,$0,$2706,$6247,$-1123,$0,$1049,$101,$948,$947,$947,$0,$0,$6274,6274,$0.15,$0.15,$71230,$0,$0,$113453,$0,$7832,$0,$24304,$32136,$146708,$89107,$8941,$34734,$43675,$132784,$9088,$3836,$0,$13924,$146708,$2023,$226,$0,$226,$0,$0,$0,$0,$-6613,$-3090,$-136,$0,$5,$0,$0,$-342,$-78,$-552,$0,$3070,$2024,$0,$-13,$-705,$-656,$3720,$78,$0,$0
36,2007-03-31,4.13,$0.00,0.0,$8.45,0.49,$-17.67,0.0,$0.87,4.73,$105.72B,$83.14B,1.27,$7.65B,$12.39B,0.62,$17.01B,$6.35B,37.30%,$17.01B,$-2.65B,-15.60%,$17.01B,0,0.00%,$17.01B,0,0.00%,$17.01B,$2.98B,17.51%,$17.01B,$2.44B,14.34%,$2.44B,$12.39B,22.32%,$2.44B,$12.39B,22.32%,$2.44B,$133.90B,2.05%,$-2.65B,$20.04B,-14.47%,$3411,$2785,$626,$0,$2570,$5447,$-2036,$0,$1704,$541,$1163,$1163,$1163,$0,$0,$4254,4254,$0.27,$0.27,$66450,$0,$0,$105721,$0,$6499,$0,$20615,$27114,$133895,$83135,$7653,$30717,$38369,$121505,$8548,$2893,$0,$12390,$133895,$810,$63,$0,$63,$0,$0,$0,$0,$-3774,$-2348,$-87,$0,$0,$0,$0,$18,$21,$-48,$0,$1532,$671,$0,$108,$0,$-162,$2148,$-246,$0,$0
37,2006-12-31,4.12,$0.00,0.0,$8.41,0.49,$-17.09,0.0,$0.80,5.17,$90.30B,$74.29B,1.22,$7.28B,$11.38B,0.64,$18.77B,$8.52B,45.41%,$18.77B,$-0.98B,-5.23%,$18.77B,0,0.00%,$18.77B,0,0.00%,$18.77B,$2.93B,15.63%,$18.77B,$2.33B,12.40%,$2.33B,$11.38B,22.90%,$2.33B,$11.38B,22.90%,$2.33B,$122.34B,2.11%,$-0.98B,$18.65B,-5.68%,$4301,$2590,$1711,$0,$2258,$4848,$-547,$0,$1170,$359,$811,$810,$810,$0,$0,$4265,4265,$0.19,$0.19,$56150,$0,$0,$90299,$0,$11951,$0,$19095,$31047,$122338,$74291,$7276,$29394,$36670,$110961,$6542,$4048,$0,$11376,$122338,$2328,$1393,$0,$1393,$0,$0,$0,$0,$-19537,$-13800,$-253,$0,$37,$0,$0,$-49,$-1916,$-2182,$0,$10613,$2542,$0,$-11,$-995,$4477,$16627,$644,$0,$0
