,Date,Stock Price,Book Value per Share,Price to Book Ratio,TTM Sales per Share,Price to Sales Ratio,TTM FCF per Share,Price to FCF Ratio,TTM Net EPS,PE Ratio,Current Assets,Current Liabilities,Current Ratio,Long Term Debt,Shareholder's Equity_x,Debt to Equity Ratio,TTM Revenue_x,TTM Gross Profit,Gross Margin,TTM Revenue_y,TTM Operating Income,Operating Margin,TTM Revenue_x,TTM EBIT,EBIT Margin,TTM Revenue_y,TTM EBITDA,EBITDA Margin,TTM Revenue_x,TTM Pre-Tax Income,Pre-Tax Margin,TTM Revenue_y,TTM Net Income_x,Net Margin,TTM Net Income_y,Shareholder's Equity_y,Return on Equity,TTM Net Income_x,Tangible Equity,Return on Tangible Equity,TTM Net Income_y,Total Assets,Return on Assets,TTM Net Income,LT Investments & Debt,Return on Investment,revenue,cost-goods-sold,gross-profit,research-development-expenses,selling-general-administrative-expenses,operating-expenses,operating-income,total-non-operating-income-expense,pre-tax-income,total-provision-income-taxes,income-after-taxes,income-from-continuous-operations,net-income,ebitda,ebit,basic-shares-outstanding,shares-outstanding,eps-basic-net-earnings-per-share,eps-earnings-per-share-diluted,cash-on-hand,inventory,other-current-assets,total-current-assets,net-property-plant-equipment,long-term-investments,goodwill-intangible-assets-total,other-long-term-assets,total-long-term-assets,total-assets,total-current-liabilities,long-term-debt,other-non-current-liabilities,total-long-term-liabilities,total-liabilities,common-stock-net,retained-earnings-accumulated-deficit,comprehensive-income,total-share-holder-equity,total-liabilities-share-holders-equity,net-income-loss,total-depreciation-amortization-cash-flow,other-non-cash-items,total-non-cash-items,change-in-accounts-receivable,change-in-inventories,change-in-accounts-payable,change-in-assets-liabilities,total-change-in-assets-liabilities,cash-flow-from-operating-activities,net-change-in-property-plant-equipment,net-change-in-intangible-assets,net-acquisitions-divestitures,net-change-in-short-term-investments,net-change-in-long-term-investments,net-change-in-investments-total,investing-activities-other,cash-flow-from-investing-activities,net-long-term-debt,net-current-debt,debt-issuance-retirement-net-total,net-common-equity-issued-repurchased,net-total-equity-issued-repurchased,total-common-preferred-stock-dividends-paid,financial-activities-other,cash-flow-from-financial-activities,net-cash-flow,stock-based-compensation,common-stock-dividends-paid
0,2018-09-30,10.01,$11.91,0.84,$1.99,5.04,$10.33,0.97,$1.12,8.94,$0.12B,$0.00B,222.06,$0.76B,$0.61B,1.25,$0.10B,$0.10B,100.00%,$0.10B,$0.04B,36.84%,$0.10B,$0.04B,36.84%,$0.10B,$0.03B,33.68%,$0.10B,$-0.05B,-48.42%,$0.10B,$-0.05B,-50.53%,$-0.05B,$0.61B,-7.52%,$-0.05B,$0.61B,-7.52%,$-0.05B,$1.38B,-3.93%,$0.04B,$1.38B,2.89%,$12,$0,$12,$0,$40,$40,$-28,$-73,$-101,$0,$-101,$-101,$-101,$-28,$-28,$52,52,$-1.94,$-1.94,$117,$0,$0,$123,$0,$1081,$0,$0,$1254,$1377,$1,$764,$2,$766,$766,$0,$0,$0,$611,$1377,$-72,$-2,$351,$349,$-4,$0,$-8,$-5,$-17,$260,$0,$0,$0,$0,$0,$0,$0,$0,$-363,$0,$-363,$43,$43,$-16,$-0,$-336,$-75,$14,$-16
1,2018-06-30,11.5,$13.70,0.84,$2.38,4.83,$3.21,3.59,$-0.08,0.0,$0.24B,$0.00B,60.93,$0.42B,$0.66B,0.64,$0.11B,$0.11B,100.00%,$0.11B,$0.09B,77.88%,$0.11B,$0.09B,77.88%,$0.11B,$0.08B,73.45%,$0.11B,$-0.00B,-1.77%,$0.11B,$-0.00B,-3.54%,$-0.00B,$0.66B,-0.62%,$-0.00B,$0.66B,-0.62%,$-0.00B,$1.09B,-0.34%,$0.09B,$1.08B,7.58%,$25,$0,$25,$0,$8,$8,$17,$-2,$16,$0,$15,$15,$15,$18,$17,$48,48,$0.32,$0.32,$216,$0,$0,$235,$0,$858,$0,$0,$858,$1093,$4,$421,$9,$431,$435,$0,$0,$0,$658,$1093,$30,$-2,$164,$162,$-4,$0,$-1,$-1,$-6,$186,$0,$0,$0,$0,$0,$0,$0,$0,$-146,$0,$-146,$-1,$-1,$0,$-14,$-162,$25,$3,$0
2,2018-03-31,11.13,$13.36,0.83,$2.51,4.44,$-3.29,0.0,$-0.44,0.0,$0.22B,$0.00B,115.63,$0.54B,$0.64B,0.83,$0.12B,$0.12B,100.00%,$0.12B,$0.10B,81.51%,$0.12B,$0.10B,81.51%,$0.12B,$0.09B,76.47%,$0.12B,$-0.02B,-16.81%,$0.12B,$-0.02B,-17.65%,$-0.02B,$0.64B,-3.20%,$-0.02B,$0.64B,-3.20%,$-0.02B,$1.19B,-1.73%,$0.10B,$1.18B,8.07%,$26,$0,$26,$0,$6,$6,$20,$-6,$15,$0,$14,$14,$14,$18,$20,$48,48,$0.30,$0.30,$208,$0,$0,$223,$0,$964,$0,$0,$964,$1187,$2,$535,$7,$544,$546,$0,$0,$0,$642,$1187,$14,$-2,$56,$54,$0,$0,$-3,$-3,$-6,$62,$0,$0,$0,$0,$0,$0,$0,$0,$-31,$0,$-31,$-1,$-1,$-14,$0,$-46,$16,$1,$-14
3,2017-12-31,9.25,$13.43,0.69,$2.67,3.47,$-6.69,0.0,$-0.57,0.0,$0.21B,$0.01B,43.12,$0.57B,$0.64B,0.88,$0.12B,$0.12B,100.00%,$0.12B,$0.10B,82.93%,$0.12B,$0.10B,82.93%,$0.12B,$0.10B,78.86%,$0.12B,$-0.03B,-22.76%,$0.12B,$-0.03B,-22.76%,$-0.03B,$0.64B,-4.14%,$-0.03B,$0.64B,-4.14%,$-0.03B,$1.22B,-2.29%,$0.10B,$1.21B,8.40%,$32,$0,$32,$0,$6,$6,$26,$-2,$24,$1,$24,$24,$24,$24,$26,$46,46,$0.45,$0.45,$192,$0,$0,$207,$0,$1016,$0,$0,$1016,$1223,$5,$566,$10,$577,$582,$0,$0,$0,$641,$1223,$-29,$-4,$35,$31,$2,$0,$3,$-0,$6,$8,$-0,$0,$0,$0,$0,$0,$0,$-0,$28,$0,$28,$130,$130,$-77,$-3,$77,$85,$6,$-77
4,2017-09-30,13.49,$13.20,1.02,$2.84,4.75,$-7.49,0.0,$-0.89,0.0,$0.10B,$0.00B,56.86,$0.55B,$0.63B,0.87,$0.12B,$0.12B,100.00%,$0.12B,$0.10B,81.97%,$0.12B,$0.10B,81.97%,$0.12B,$0.10B,78.69%,$0.12B,$-0.04B,-36.07%,$0.12B,$-0.05B,-36.89%,$-0.05B,$0.63B,-6.72%,$-0.05B,$0.63B,-6.72%,$-0.05B,$1.19B,-3.72%,$0.10B,$1.18B,8.34%,$30,$0,$30,$0,$5,$5,$25,$-82,$-57,$0,$-57,$-57,$-57,$23,$25,$48,48,$-1.20,$-1.20,$81,$0,$0,$98,$0,$1091,$0,$0,$1091,$1189,$2,$550,$6,$557,$559,$0,$0,$0,$630,$1189,$-52,$-2,$-44,$-46,$0,$0,$-1,$-2,$-4,$-102,$-0,$0,$0,$0,$0,$0,$0,$-0,$13,$0,$13,$130,$130,$-63,$-3,$76,$-26,$4,$-63
5,2017-06-30,16.11,$14.83,1.09,$2.94,5.49,$-3.89,0.0,$0.52,30.98,$0.08B,$0.00B,18.39,$0.53B,$0.71B,0.76,$0.12B,$0.12B,100.00%,$0.12B,$0.10B,82.35%,$0.12B,$0.10B,82.35%,$0.12B,$0.10B,79.83%,$0.12B,$0.02B,17.65%,$0.12B,$0.02B,16.81%,$0.02B,$0.71B,3.00%,$0.02B,$0.71B,3.00%,$0.02B,$1.25B,1.68%,$0.10B,$1.24B,8.28%,$31,$0,$31,$0,$5,$5,$26,$-28,$-2,$0,$-2,$-2,$-2,$26,$26,$48,48,$-0.04,$-0.04,$65,$0,$0,$76,$0,$1169,$0,$5,$1175,$1251,$4,$534,$4,$539,$543,$0,$0,$0,$708,$1251,$5,$-1,$-126,$-128,$1,$0,$-3,$-0,$-3,$-125,$-0,$0,$0,$0,$0,$0,$0,$-0,$-2,$0,$-2,$130,$130,$0,$-44,$83,$-42,$3,$0
6,2017-03-31,17.02,$15.29,1.11,$3.13,5.44,$0.63,26.95,$0.76,22.39,$0.10B,$0.00B,64.75,$0.50B,$0.73B,0.69,$0.12B,$0.12B,100.00%,$0.12B,$0.10B,81.90%,$0.12B,$0.10B,81.90%,$0.12B,$0.09B,77.59%,$0.12B,$0.03B,25.86%,$0.12B,$0.03B,25.00%,$0.03B,$0.73B,4.72%,$0.03B,$0.73B,4.72%,$0.03B,$1.23B,2.53%,$0.10B,$1.23B,8.35%,$30,$0,$30,$0,$5,$5,$25,$-18,$7,$0,$7,$7,$7,$24,$25,$43,43,$0.17,$0.17,$91,$0,$0,$101,$0,$1133,$0,$0,$1133,$1234,$2,$500,$3,$503,$505,$0,$0,$0,$729,$1234,$7,$-1,$-94,$-95,$5,$0,$-3,$-3,$-2,$-89,$-0,$0,$0,$0,$0,$0,$0,$-0,$-36,$0,$-36,$130,$130,$-21,$-1,$73,$-16,$1,$-21
7,2016-12-31,15.97,$15.13,1.06,$3.22,4.96,$4.04,3.95,$0.96,16.63,$0.12B,$0.00B,27.11,$0.54B,$0.61B,0.88,$0.11B,$0.11B,100.00%,$0.11B,$0.09B,76.11%,$0.11B,$0.09B,76.11%,$0.11B,$0.08B,72.57%,$0.11B,$0.04B,30.97%,$0.11B,$0.03B,30.09%,$0.03B,$0.61B,6.09%,$0.03B,$0.61B,6.09%,$0.03B,$1.16B,3.11%,$0.09B,$1.15B,7.94%,$31,$0,$31,$0,$7,$7,$24,$-16,$8,$0,$7,$7,$7,$23,$24,$36,36,$0.16,$0.16,$107,$0,$0,$122,$0,$1038,$0,$0,$1038,$1160,$4,$535,$7,$544,$548,$0,$0,$0,$611,$1160,$34,$-3,$-48,$-51,$-5,$0,$-1,$-0,$-7,$-23,$-0,$0,$0,$0,$0,$0,$0,$-0,$21,$0,$21,$125,$125,$-66,$-1,$78,$54,$10,$-66
8,2016-09-30,16.75,$15.33,1.09,$3.32,5.04,$3.73,4.49,$1.06,15.8,$0.18B,$0.00B,117.0,$0.50B,$0.62B,0.81,$0.11B,$0.11B,100.00%,$0.11B,$0.09B,77.19%,$0.11B,$0.09B,77.19%,$0.11B,$0.08B,73.68%,$0.11B,$0.04B,32.46%,$0.11B,$0.04B,31.58%,$0.04B,$0.62B,6.76%,$0.04B,$0.62B,6.76%,$0.04B,$1.13B,3.39%,$0.09B,$1.12B,8.37%,$27,$0,$27,$0,$5,$5,$23,$-15,$8,$-0,$8,$8,$8,$22,$23,$38,38,$0.21,$0.21,$168,$0,$0,$180,$0,$948,$0,$0,$948,$1128,$2,$499,$5,$507,$508,$0,$0,$0,$619,$1128,$27,$-2,$40,$37,$-2,$0,$-3,$-3,$-9,$56,$-0,$0,$0,$0,$0,$0,$0,$-0,$-15,$0,$-15,$126,$126,$-49,$-1,$60,$116,$8,$-49
9,2016-06-30,16.11,$14.82,1.09,$3.53,4.57,$1.11,14.45,$1.39,11.59,$0.14B,$0.00B,36.28,$0.56B,$0.50B,1.12,$0.12B,$0.12B,100.00%,$0.12B,$0.09B,76.27%,$0.12B,$0.09B,76.27%,$0.12B,$0.09B,72.88%,$0.12B,$0.05B,38.98%,$0.12B,$0.05B,38.98%,$0.05B,$0.50B,9.08%,$0.05B,$0.50B,9.08%,$0.05B,$1.07B,4.43%,$0.09B,$1.06B,8.77%,$28,$0,$28,$0,$5,$5,$23,$-16,$7,$0,$7,$7,$7,$21,$23,$34,34,$0.20,$0.20,$125,$0,$0,$139,$0,$931,$0,$0,$931,$1070,$4,$559,$3,$568,$572,$0,$0,$0,$498,$1070,$19,$-2,$56,$55,$-5,$0,$-4,$-1,$-10,$64,$-0,$0,$0,$0,$0,$0,$0,$-0,$45,$0,$45,$-3,$-3,$-32,$-1,$9,$72,$6,$-32
10,2016-03-31,16.7,$15.02,1.11,$3.52,4.75,$0.43,39.22,$1.56,10.71,$0.08B,$0.00B,48.81,$0.50B,$0.50B,1.0,$0.12B,$0.12B,100.00%,$0.12B,$0.09B,76.27%,$0.12B,$0.09B,76.27%,$0.12B,$0.09B,75.42%,$0.12B,$0.05B,43.22%,$0.12B,$0.05B,43.22%,$0.05B,$0.50B,9.99%,$0.05B,$0.50B,9.99%,$0.05B,$1.02B,4.98%,$0.09B,$1.01B,8.92%,$27,$0,$27,$0,$11,$11,$16,$-4,$12,$-0,$12,$12,$12,$16,$16,$33,33,$0.37,$0.37,$64,$0,$0,$76,$0,$940,$0,$0,$940,$1016,$2,$503,$2,$510,$512,$0,$0,$0,$504,$1016,$12,$0,$42,$43,$-2,$0,$-5,$-3,$-11,$44,$-0,$0,$0,$0,$0,$0,$0,$-0,$-12,$0,$-12,$-3,$-3,$-17,$0,$-33,$12,$4,$-17
11,2015-12-31,15.08,$15.23,0.99,$3.65,4.13,$-0.57,0.0,$1.44,10.48,$0.06B,$0.00B,13.92,$0.51B,$0.51B,1.01,$0.12B,$0.12B,100.00%,$0.12B,$0.10B,80.33%,$0.12B,$0.10B,80.33%,$0.12B,$0.10B,77.87%,$0.12B,$0.05B,38.52%,$0.12B,$0.05B,38.52%,$0.05B,$0.51B,9.13%,$0.05B,$0.51B,9.13%,$0.05B,$1.04B,4.61%,$0.10B,$1.02B,9.76%,$32,$0,$32,$0,$6,$6,$26,$-16,$10,$1,$9,$9,$9,$25,$26,$33,33,$0.28,$0.28,$53,$0,$0,$62,$0,$977,$0,$0,$977,$1039,$4,$514,$7,$527,$531,$0,$0,$0,$508,$1039,$48,$-4,$-76,$-80,$3,$0,$0,$-0,$1,$-31,$-0,$0,$0,$0,$0,$0,$0,$-0,$85,$0,$85,$-3,$-3,$-75,$-3,$5,$-26,$7,$-75
12,2015-09-30,12.64,$15.48,0.82,$3.72,3.4,$-5.95,0.0,$1.17,10.81,$0.06B,$0.00B,47.91,$0.50B,$0.52B,0.98,$0.12B,$0.12B,100.00%,$0.12B,$0.10B,79.34%,$0.12B,$0.10B,79.34%,$0.12B,$0.09B,76.86%,$0.12B,$0.04B,33.06%,$0.12B,$0.04B,31.40%,$0.04B,$0.52B,7.30%,$0.04B,$0.52B,7.30%,$0.04B,$1.03B,3.78%,$0.10B,$1.02B,9.71%,$31,$0,$31,$0,$6,$6,$25,$-8,$17,$-0,$18,$18,$18,$24,$25,$33,33,$0.54,$0.54,$53,$0,$0,$63,$0,$968,$0,$0,$968,$1031,$1,$503,$5,$514,$516,$0,$0,$0,$516,$1031,$38,$-3,$-68,$-72,$2,$0,$-2,$-3,$-5,$-38,$-0,$0,$0,$0,$0,$0,$0,$-0,$74,$0,$74,$-3,$-3,$-56,$-3,$13,$-26,$5,$-56
13,2015-06-30,17.43,$15.47,1.13,$3.61,4.82,$-9.70,0.0,$0.34,51.27,$0.13B,$0.02B,6.25,$0.47B,$0.52B,0.91,$0.12B,$0.12B,100.00%,$0.12B,$0.09B,80.00%,$0.12B,$0.09B,80.00%,$0.12B,$0.09B,77.39%,$0.12B,$0.01B,12.17%,$0.12B,$0.01B,9.57%,$0.01B,$0.52B,2.08%,$0.01B,$0.52B,2.08%,$0.01B,$1.01B,1.12%,$0.09B,$0.99B,9.52%,$28,$0,$28,$0,$4,$4,$23,$-11,$12,$0,$12,$12,$12,$24,$23,$33,33,$0.37,$0.37,$118,$0,$0,$129,$0,$885,$0,$0,$885,$1014,$21,$471,$3,$478,$499,$0,$0,$0,$515,$1014,$21,$-2,$10,$8,$1,$0,$13,$0,$11,$40,$-0,$0,$0,$0,$0,$0,$0,$-0,$41,$0,$41,$-2,$-2,$-37,$-3,$-1,$39,$3,$-37
14,2015-03-31,16.55,$15.64,1.06,$3.67,4.51,$-12.14,0.0,$0.84,19.7,$0.12B,$0.00B,80.18,$0.47B,$0.52B,0.9,$0.11B,$0.11B,100.00%,$0.11B,$0.09B,79.46%,$0.11B,$0.09B,79.46%,$0.11B,$0.08B,75.00%,$0.11B,$0.03B,24.11%,$0.11B,$0.02B,20.54%,$0.02B,$0.52B,4.50%,$0.02B,$0.52B,4.50%,$0.02B,$1.00B,2.46%,$0.09B,$0.99B,9.62%,$31,$0,$31,$0,$7,$7,$24,$-16,$8,$0,$8,$8,$8,$22,$24,$33,33,$0.25,$0.25,$112,$0,$0,$120,$0,$877,$0,$0,$878,$997,$1,$470,$3,$476,$477,$0,$0,$0,$520,$997,$8,$-3,$13,$11,$0,$0,$-4,$-2,$-8,$11,$-0,$0,$0,$0,$0,$0,$0,$-0,$44,$0,$44,$-2,$-2,$-19,$-0,$22,$33,$2,$-19
15,2014-12-31,14.37,$16.11,0.89,$3.61,3.99,$-13.23,0.0,$1.04,13.82,$0.09B,$0.01B,14.96,$0.43B,$0.53B,0.81,$0.11B,$0.11B,100.00%,$0.11B,$0.08B,80.00%,$0.11B,$0.08B,80.00%,$0.11B,$0.08B,76.19%,$0.11B,$0.03B,30.48%,$0.11B,$0.03B,26.67%,$0.03B,$0.53B,5.71%,$0.03B,$0.53B,5.71%,$0.03B,$0.98B,3.16%,$0.08B,$0.96B,9.59%,$31,$0,$31,$0,$7,$7,$24,$-21,$3,$2,$0,$0,$0,$23,$24,$30,30,$-0.08,$-0.08,$79,$0,$0,$88,$0,$887,$0,$0,$887,$975,$6,$428,$7,$438,$444,$0,$0,$0,$531,$975,$28,$-3,$-213,$-216,$-2,$0,$-0,$1,$-0,$-188,$-0,$0,$0,$0,$0,$0,$0,$-0,$84,$0,$84,$125,$125,$-74,$-1,$134,$-55,$6,$-74
16,2014-09-30,17.41,$16.64,1.05,$3.37,5.16,$-2.29,0.0,$1.67,10.43,$0.10B,$0.00B,65.74,$0.39B,$0.55B,0.7,$0.10B,$0.10B,100.00%,$0.10B,$0.08B,81.25%,$0.10B,$0.08B,81.25%,$0.10B,$0.08B,78.13%,$0.10B,$0.05B,50.00%,$0.10B,$0.05B,47.92%,$0.05B,$0.55B,9.80%,$0.05B,$0.55B,9.80%,$0.05B,$0.94B,5.43%,$0.08B,$0.93B,9.33%,$25,$0,$25,$0,$4,$4,$21,$-29,$-9,$0,$-9,$-9,$-9,$20,$21,$30,30,$-0.29,$-0.29,$84,$0,$0,$100,$0,$842,$0,$0,$842,$942,$2,$385,$4,$393,$394,$0,$0,$0,$547,$942,$28,$-2,$-170,$-172,$1,$0,$-4,$-2,$-5,$-149,$-0,$0,$0,$0,$0,$0,$0,$-0,$31,$0,$31,$125,$125,$-56,$-1,$100,$-49,$4,$-56
17,2014-06-30,19.09,$15.95,1.2,$3.54,5.39,$7.68,2.49,$2.80,6.82,$0.10B,$0.00B,27.55,$0.37B,$0.45B,0.84,$0.10B,$0.10B,100.00%,$0.10B,$0.08B,80.61%,$0.10B,$0.08B,80.61%,$0.10B,$0.08B,77.55%,$0.10B,$0.08B,81.63%,$0.10B,$0.08B,79.59%,$0.08B,$0.45B,17.61%,$0.08B,$0.45B,17.61%,$0.08B,$0.83B,9.59%,$0.08B,$0.82B,9.85%,$25,$0,$25,$0,$5,$5,$20,$5,$25,$1,$24,$24,$24,$19,$20,$28,28,$0.87,$0.87,$80,$0,$0,$95,$0,$736,$0,$0,$736,$831,$3,$374,$3,$382,$385,$0,$0,$0,$446,$831,$37,$-2,$-66,$-67,$1,$0,$-4,$0,$-4,$-34,$-0,$0,$0,$0,$0,$0,$0,$-0,$20,$0,$20,$-2,$-2,$-37,$0,$-20,$-54,$3,$-37
18,2014-03-31,16.98,$15.72,1.08,$3.64,4.66,$12.32,1.38,$2.72,6.24,$0.11B,$0.00B,99.38,$0.35B,$0.44B,0.81,$0.10B,$0.10B,100.00%,$0.10B,$0.08B,80.00%,$0.10B,$0.08B,80.00%,$0.10B,$0.08B,77.00%,$0.10B,$0.08B,77.00%,$0.10B,$0.08B,76.00%,$0.08B,$0.44B,17.30%,$0.08B,$0.44B,17.30%,$0.08B,$0.80B,9.49%,$0.08B,$0.79B,10.12%,$24,$0,$24,$0,$5,$5,$19,$-6,$13,$0,$13,$13,$13,$18,$19,$28,28,$0.45,$0.45,$91,$0,$0,$109,$0,$690,$0,$0,$690,$799,$1,$354,$2,$359,$360,$0,$0,$0,$439,$799,$13,$-1,$-23,$-24,$2,$0,$-6,$-5,$-10,$-21,$-0,$0,$0,$0,$0,$0,$0,$-0,$0,$0,$0,$-2,$-2,$-19,$0,$-21,$-42,$1,$-19
19,2013-12-31,17.68,$16.10,1.1,$3.67,4.82,$13.06,1.35,$2.94,6.01,$0.15B,$0.00B,36.86,$0.35B,$0.45B,0.79,$0.10B,$0.10B,100.00%,$0.10B,$0.08B,81.00%,$0.10B,$0.08B,81.00%,$0.10B,$0.08B,79.00%,$0.10B,$0.08B,82.00%,$0.10B,$0.08B,81.00%,$0.08B,$0.45B,18.62%,$0.08B,$0.45B,18.62%,$0.08B,$0.82B,10.20%,$0.08B,$0.80B,10.33%,$22,$0,$22,$0,$4,$4,$18,$0,$19,$1,$18,$18,$18,$18,$18,$28,28,$0.64,$0.64,$133,$0,$0,$150,$0,$664,$0,$0,$664,$815,$4,$354,$7,$365,$369,$0,$0,$0,$446,$815,$81,$-4,$54,$50,$-3,$0,$1,$-1,$-4,$127,$-0,$0,$0,$0,$0,$0,$0,$-0,$-9,$0,$-9,$0,$0,$-57,$-1,$-66,$61,$4,$-57
20,2013-09-30,18.43,$15.94,1.16,$3.80,4.85,$3.56,5.17,$2.87,6.42,$0.18B,$0.00B,158.28,$0.35B,$0.44B,0.8,$0.10B,$0.10B,100.00%,$0.10B,$0.08B,80.58%,$0.10B,$0.08B,80.58%,$0.10B,$0.08B,77.67%,$0.10B,$0.08B,76.70%,$0.10B,$0.08B,76.70%,$0.08B,$0.44B,18.47%,$0.08B,$0.44B,18.47%,$0.08B,$0.81B,10.02%,$0.08B,$0.80B,10.66%,$27,$0,$27,$0,$6,$6,$22,$1,$23,$-0,$23,$23,$23,$21,$22,$28,28,$0.84,$0.84,$160,$0,$0,$176,$0,$630,$0,$0,$631,$807,$1,$354,$7,$364,$365,$0,$0,$0,$441,$807,$63,$-3,$86,$82,$-1,$0,$1,$-2,$-6,$140,$-0,$0,$0,$0,$0,$0,$0,$-0,$-9,$0,$-9,$0,$0,$-42,$-1,$-52,$88,$3,$-42
21,2013-06-30,16.95,$15.62,1.09,$3.71,4.58,$-4.43,0.0,$2.62,6.47,$0.13B,$0.00B,41.9,$0.34B,$0.43B,0.8,$0.10B,$0.10B,100.00%,$0.10B,$0.08B,81.00%,$0.10B,$0.08B,81.00%,$0.10B,$0.08B,78.00%,$0.10B,$0.07B,72.00%,$0.10B,$0.07B,72.00%,$0.07B,$0.43B,17.05%,$0.07B,$0.43B,17.05%,$0.07B,$0.78B,9.43%,$0.08B,$0.77B,10.74%,$27,$0,$27,$0,$6,$6,$21,$1,$22,$0,$22,$22,$22,$20,$21,$28,28,$0.79,$0.79,$117,$0,$0,$134,$0,$650,$0,$0,$650,$784,$3,$343,$4,$350,$353,$0,$0,$0,$431,$784,$40,$-2,$63,$61,$-2,$0,$-2,$-0,$-7,$94,$-0,$0,$0,$0,$0,$0,$0,$-0,$-21,$0,$-21,$0,$0,$-28,$-1,$-49,$45,$2,$-28
22,2013-03-31,16.93,$15.32,1.1,$3.52,4.81,$-10.26,0.0,$2.40,7.05,$0.05B,$0.00B,40.98,$0.34B,$0.42B,0.81,$0.10B,$0.10B,100.00%,$0.10B,$0.08B,82.11%,$0.10B,$0.08B,82.11%,$0.10B,$0.08B,78.95%,$0.10B,$0.07B,69.47%,$0.10B,$0.07B,69.47%,$0.07B,$0.42B,15.78%,$0.07B,$0.42B,15.78%,$0.07B,$0.77B,8.88%,$0.08B,$0.77B,10.61%,$24,$0,$24,$0,$4,$4,$20,$-2,$18,$0,$18,$18,$18,$20,$20,$27,27,$0.67,$0.67,$37,$0,$0,$53,$0,$716,$0,$0,$716,$769,$1,$343,$2,$345,$347,$0,$0,$0,$422,$769,$18,$-1,$-7,$-8,$-1,$0,$-5,$-2,$-11,$-1,$-0,$0,$0,$0,$0,$0,$0,$-0,$-21,$0,$-21,$0,$0,$-14,$0,$-35,$-35,$1,$-14
23,2012-12-31,15.14,$15.30,0.99,$3.39,4.46,$-11.44,0.0,$2.23,6.79,$0.09B,$0.01B,13.81,$0.36B,$0.42B,0.87,$0.09B,$0.09B,100.00%,$0.09B,$0.07B,82.22%,$0.09B,$0.07B,82.22%,$0.09B,$0.07B,77.78%,$0.09B,$0.06B,67.78%,$0.09B,$0.06B,67.78%,$0.06B,$0.42B,14.67%,$0.06B,$0.42B,14.67%,$0.06B,$0.80B,8.40%,$0.07B,$0.78B,10.31%,$25,$0,$25,$0,$5,$5,$20,$-4,$16,$1,$16,$16,$16,$19,$20,$27,27,$0.59,$0.59,$72,$0,$0,$88,$0,$707,$0,$0,$707,$795,$6,$363,$6,$371,$377,$0,$0,$0,$417,$795,$60,$-4,$-190,$-194,$-1,$0,$2,$-0,$3,$-131,$-0,$0,$0,$0,$0,$0,$0,$-0,$124,$0,$124,$74,$74,$-52,$-10,$136,$5,$3,$-52
24,2012-09-30,14.92,$15.33,0.97,$3.40,4.39,$-12.60,0.0,$2.16,6.91,$0.07B,$0.00B,62.83,$0.28B,$0.42B,0.67,$0.08B,$0.08B,100.00%,$0.08B,$0.07B,83.13%,$0.08B,$0.07B,83.13%,$0.08B,$0.07B,78.31%,$0.08B,$0.06B,69.88%,$0.08B,$0.06B,68.67%,$0.06B,$0.42B,14.43%,$0.06B,$0.42B,14.43%,$0.06B,$0.71B,8.47%,$0.07B,$0.70B,10.36%,$24,$0,$24,$0,$4,$4,$20,$-4,$16,$0,$16,$16,$16,$19,$20,$27,27,$0.59,$0.59,$60,$0,$0,$73,$0,$631,$0,$0,$631,$705,$1,$279,$5,$285,$286,$0,$0,$0,$419,$705,$44,$-3,$-117,$-120,$-2,$0,$1,$-2,$-5,$-80,$-0,$0,$0,$0,$0,$0,$0,$-0,$39,$0,$39,$76,$76,$-38,$-4,$73,$-7,$2,$-38
25,2012-06-30,12.97,$15.21,0.85,$3.31,3.91,$-14.40,0.0,$2.44,5.32,$0.11B,$0.00B,28.46,$0.28B,$0.42B,0.68,$0.08B,$0.08B,100.00%,$0.08B,$0.06B,82.67%,$0.08B,$0.06B,82.67%,$0.08B,$0.06B,78.67%,$0.08B,$0.06B,78.67%,$0.08B,$0.06B,77.33%,$0.06B,$0.42B,15.55%,$0.06B,$0.42B,15.55%,$0.06B,$0.71B,9.11%,$0.06B,$0.70B,9.83%,$22,$0,$22,$0,$4,$4,$18,$-3,$16,$0,$16,$16,$16,$17,$18,$27,27,$0.57,$0.57,$94,$0,$0,$107,$0,$598,$0,$0,$598,$705,$4,$283,$3,$286,$290,$0,$0,$0,$415,$705,$28,$-2,$-87,$-89,$-3,$0,$-1,$0,$-5,$-66,$-0,$0,$0,$0,$0,$0,$0,$-0,$44,$0,$44,$76,$76,$-25,$-2,$93,$27,$1,$-25
26,2012-03-31,10.98,$15.12,0.73,$3.39,3.24,$-14.98,0.0,$2.65,4.14,$0.15B,$0.00B,109.39,$0.28B,$0.41B,0.69,$0.07B,$0.07B,100.00%,$0.07B,$0.06B,82.61%,$0.07B,$0.06B,82.61%,$0.07B,$0.06B,79.71%,$0.07B,$0.06B,84.06%,$0.07B,$0.06B,82.61%,$0.06B,$0.41B,17.09%,$0.06B,$0.41B,17.09%,$0.06B,$0.70B,9.79%,$0.06B,$0.70B,9.89%,$19,$0,$19,$0,$4,$4,$16,$-3,$13,$-0,$13,$13,$13,$15,$16,$25,25,$0.50,$0.50,$143,$0,$0,$154,$0,$544,$0,$0,$544,$699,$1,$283,$2,$285,$287,$0,$0,$0,$412,$699,$13,$-1,$-36,$-36,$-1,$0,$-3,$-2,$-7,$-30,$-0,$0,$0,$0,$0,$0,$0,$-0,$44,$0,$44,$76,$76,$-12,$-2,$106,$76,$1,$-12
27,2011-12-31,10.38,$14.68,0.71,$3.37,3.08,$-16.68,0.0,$2.61,3.98,$0.08B,$0.01B,15.44,$0.24B,$0.33B,0.72,$0.06B,$0.06B,100.00%,$0.06B,$0.05B,82.26%,$0.06B,$0.05B,82.26%,$0.06B,$0.05B,79.03%,$0.06B,$0.06B,91.94%,$0.06B,$0.06B,90.32%,$0.06B,$0.33B,19.13%,$0.06B,$0.33B,19.13%,$0.06B,$0.58B,10.69%,$0.05B,$0.57B,9.83%,$18,$0,$18,$0,$3,$3,$15,$-2,$13,$1,$12,$12,$12,$14,$15,$20,20,$0.52,$0.52,$67,$0,$0,$76,$0,$507,$0,$0,$507,$583,$5,$239,$4,$244,$249,$0,$0,$0,$334,$583,$57,$-2,$-176,$-178,$-1,$0,$2,$1,$3,$-118,$-0,$0,$0,$0,$0,$0,$0,$-0,$37,$0,$37,$128,$128,$-32,$-2,$130,$12,$2,$-32
28,2011-09-30,8.06,$14.59,0.55,$3.25,2.48,$-18.27,0.0,$2.53,3.19,$0.10B,$0.00B,115.83,$0.22B,$0.33B,0.68,$0.05B,$0.05B,100.00%,$0.05B,$0.05B,83.33%,$0.05B,$0.05B,83.33%,$0.05B,$0.04B,79.63%,$0.05B,$0.05B,94.44%,$0.05B,$0.05B,94.44%,$0.05B,$0.33B,20.06%,$0.05B,$0.33B,20.06%,$0.05B,$0.56B,10.74%,$0.05B,$0.56B,9.55%,$16,$0,$16,$0,$3,$3,$13,$4,$17,$-0,$17,$17,$17,$13,$13,$20,20,$0.87,$0.87,$85,$0,$0,$95,$0,$464,$0,$0,$464,$559,$1,$224,$3,$227,$228,$0,$0,$0,$331,$559,$44,$-1,$-135,$-136,$-1,$0,$0,$-2,$-3,$-95,$-0,$0,$0,$0,$0,$0,$0,$-0,$22,$0,$22,$128,$128,$-23,$-1,$126,$31,$1,$-23
29,2011-06-30,9.53,$13.79,0.69,$3.24,2.94,$-15.34,0.0,$2.12,4.49,$0.08B,$0.00B,24.78,$0.22B,$0.26B,0.87,$0.05B,$0.05B,100.00%,$0.05B,$0.04B,81.25%,$0.05B,$0.04B,81.25%,$0.05B,$0.04B,77.08%,$0.05B,$0.04B,85.42%,$0.05B,$0.04B,85.42%,$0.04B,$0.26B,18.98%,$0.04B,$0.26B,18.98%,$0.04B,$0.49B,9.87%,$0.04B,$0.48B,9.48%,$16,$0,$16,$0,$3,$3,$13,$2,$15,$0,$15,$15,$15,$13,$13,$19,19,$0.78,$0.78,$68,$0,$0,$77,$0,$409,$0,$0,$409,$487,$3,$224,$2,$227,$230,$0,$0,$0,$257,$487,$27,$-1,$-81,$-82,$-1,$0,$0,$0,$-1,$-55,$-0,$0,$0,$0,$0,$0,$0,$-0,$22,$0,$22,$62,$62,$-14,$-1,$69,$13,$1,$-14
30,2011-03-31,9.1,$13.42,0.68,$3.04,2.99,$-14.85,0.0,$1.72,5.29,$0.08B,$0.00B,131.57,$0.22B,$0.25B,0.86,$0.04B,$0.04B,100.00%,$0.04B,$0.03B,80.00%,$0.04B,$0.03B,80.00%,$0.04B,$0.03B,75.00%,$0.04B,$0.03B,82.50%,$0.04B,$0.03B,82.50%,$0.03B,$0.25B,17.81%,$0.03B,$0.25B,17.81%,$0.03B,$0.47B,9.00%,$0.03B,$0.46B,8.82%,$12,$0,$12,$0,$2,$3,$10,$2,$12,$-0,$12,$12,$12,$9,$10,$17,17,$0.73,$0.73,$73,$0,$0,$82,$0,$384,$0,$0,$384,$466,$1,$215,$1,$216,$217,$0,$0,$0,$249,$466,$12,$-0,$-57,$-57,$-1,$0,$-1,$-2,$-4,$-49,$-0,$0,$0,$0,$0,$0,$0,$-0,$12,$0,$12,$63,$63,$-7,$-1,$68,$19,$0,$-7
31,2010-12-31,9.35,$12.09,0.77,$2.94,3.19,$-12.64,0.0,$1.58,5.92,$0.06B,$0.00B,23.97,$0.20B,$0.18B,1.12,$0.04B,$0.04B,100.00%,$0.04B,$0.03B,80.00%,$0.04B,$0.03B,80.00%,$0.04B,$0.03B,74.29%,$0.04B,$0.03B,71.43%,$0.04B,$0.03B,71.43%,$0.03B,$0.18B,16.08%,$0.03B,$0.18B,16.08%,$0.03B,$0.39B,7.94%,$0.03B,$0.38B,9.03%,$10,$0,$10,$0,$2,$2,$9,$-2,$7,$0,$7,$7,$7,$8,$9,$13,13,$0.48,$0.48,$55,$0,$0,$62,$0,$326,$0,$0,$326,$388,$3,$202,$2,$205,$208,$0,$0,$0,$180,$388,$25,$-1,$-122,$-123,$-0,$0,$0,$0,$0,$-97,$-0,$0,$0,$0,$0,$0,$0,$-0,$81,$0,$81,$41,$41,$-20,$-4,$97,$-0,$1,$-20
32,2010-09-30,7.7,$11.99,0.64,$3.00,2.56,$-6.56,0.0,$1.55,4.97,$0.08B,$0.00B,138.15,$0.14B,$0.18B,0.78,$0.03B,$0.03B,100.00%,$0.03B,$0.03B,75.76%,$0.03B,$0.03B,75.76%,$0.03B,$0.02B,72.73%,$0.03B,$0.03B,78.79%,$0.03B,$0.03B,78.79%,$0.03B,$0.18B,18.21%,$0.03B,$0.18B,18.21%,$0.03B,$0.32B,9.19%,$0.03B,$0.32B,9.03%,$10,$0,$10,$0,$2,$2,$7,$-0,$7,$-0,$7,$7,$7,$7,$7,$12,12,$0.59,$0.59,$74,$0,$0,$79,$0,$241,$0,$0,$241,$320,$1,$139,$2,$141,$141,$0,$0,$0,$178,$320,$18,$-1,$-37,$-38,$0,$0,$-1,$-2,$-2,$-22,$-0,$0,$0,$0,$0,$0,$0,$-0,$17,$0,$17,$41,$41,$-16,$-1,$41,$19,$1,$-16
33,2010-06-30,6.68,$11.08,0.6,$2.98,2.24,$-5.99,0.0,$1.50,4.45,$0.05B,$0.00B,20.46,$0.16B,$0.13B,1.16,$0.03B,$0.03B,100.00%,$0.03B,$0.02B,76.67%,$0.03B,$0.02B,76.67%,$0.03B,$0.02B,73.33%,$0.03B,$0.02B,60.00%,$0.03B,$0.02B,60.00%,$0.02B,$0.13B,14.49%,$0.02B,$0.13B,14.49%,$0.02B,$0.29B,6.94%,$0.02B,$0.29B,9.11%,$8,$0,$8,$0,$2,$2,$6,$1,$7,$0,$7,$7,$7,$6,$6,$12,12,$0.57,$0.57,$45,$0,$0,$51,$0,$241,$0,$0,$241,$292,$2,$155,$1,$156,$158,$0,$0,$0,$134,$292,$11,$-1,$-39,$-40,$-0,$0,$-1,$0,$-1,$-30,$-0,$0,$0,$0,$0,$0,$0,$-0,$33,$0,$33,$-0,$-0,$-11,$-1,$20,$-10,$1,$-11
34,2010-03-31,6.41,$10.87,0.59,$3.12,2.05,$-3.22,0.0,$1.53,4.19,$0.05B,$0.01B,8.75,$0.12B,$0.13B,0.94,$0.03B,$0.03B,100.00%,$0.03B,$0.02B,75.86%,$0.03B,$0.02B,75.86%,$0.03B,$0.02B,72.41%,$0.03B,$0.01B,27.59%,$0.03B,$0.01B,27.59%,$0.01B,$0.13B,7.00%,$0.01B,$0.13B,7.00%,$0.01B,$0.26B,3.32%,$0.02B,$0.25B,9.45%,$7,$0,$7,$0,$2,$2,$6,$-1,$4,$0,$4,$4,$4,$5,$6,$12,12,$0.35,$0.35,$43,$0,$0,$48,$0,$210,$0,$0,$211,$259,$6,$122,$1,$124,$129,$0,$0,$0,$130,$259,$4,$-0,$-9,$-9,$-1,$0,$-1,$-2,$-4,$-8,$0,$0,$0,$0,$0,$0,$0,$0,$0,$0,$0,$-0,$-0,$-4,$0,$-4,$-12,$0,$-4
35,2009-12-31,5.37,$11.03,0.49,$3.42,1.57,$-3.47,0.0,$1.64,3.27,$0.06B,$0.01B,8.33,$0.12B,$0.13B,0.94,$0.03B,$0.03B,100.00%,$0.03B,$0.02B,72.41%,$0.03B,$0.02B,72.41%,$0.03B,$0.02B,72.41%,$0.03B,$0.00B,10.34%,$0.03B,$0.00B,10.34%,$0.00B,$0.13B,2.89%,$0.00B,$0.13B,2.89%,$0.00B,$0.26B,1.32%,$0.02B,$0.25B,9.52%,$8,$0,$8,$0,$2,$2,$6,$3,$8,$0,$8,$8,$8,$6,$6,$9,9,$1.00,$1.00,$55,$0,$0,$60,$0,$201,$0,$0,$201,$261,$7,$122,$2,$125,$132,$0,$0,$0,$129,$261,$4,$-1,$-18,$-18,$0,$0,$1,$0,$1,$-13,$-0,$0,$0,$0,$0,$0,$0,$-0,$7,$0,$7,$47,$47,$-12,$-1,$41,$28,$1,$-12
36,2009-09-30,5.12,$10.60,0.48,$3.50,1.47,$-10.73,0.0,$1.68,3.05,$0.04B,$0.01B,8.11,$0.12B,$0.10B,1.11,$0.03B,$0.03B,100.00%,$0.03B,$0.02B,71.43%,$0.03B,$0.02B,71.43%,$0.03B,$0.02B,67.86%,$0.03B,$-0.00B,-14.29%,$0.03B,$-0.00B,-10.71%,$-0.00B,$0.10B,-3.18%,$-0.00B,$0.10B,-3.18%,$-0.00B,$0.23B,-1.39%,$0.02B,$0.22B,9.55%,$7,$0,$7,$0,$2,$2,$5,$-6,$-1,$-0,$-1,$-1,$-1,$5,$5,$9,9,$-0.09,$-0.09,$33,$0,$0,$38,$0,$188,$0,$0,$188,$226,$5,$115,$1,$117,$122,$0,$0,$0,$104,$226,$-4,$-0,$-5,$-6,$0,$0,$-0,$-1,$-1,$-11,$-0,$0,$0,$0,$0,$0,$0,$-0,$0,$0,$0,$27,$27,$-9,$-1,$18,$6,$1,$-9
37,2009-06-30,4.37,$11.31,0.39,$3.57,1.23,$-17.90,0.0,$1.73,2.53,$0.04B,$0.01B,7.15,$0.12B,$0.09B,1.22,$0.03B,$0.03B,100.00%,$0.03B,$0.02B,70.37%,$0.03B,$0.02B,70.37%,$0.03B,$0.02B,66.67%,$0.03B,0,0.00%,$0.03B,0,0.00%,$0.00B,$0.09B,0.00%,$0.00B,$0.09B,0.00%,$0.00B,$0.22B,0.00%,$0.02B,$0.21B,9.42%,$7,$0,$7,$0,$2,$2,$5,$-8,$-3,$0,$-3,$-3,$-3,$5,$5,$8,8,$-0.36,$-0.36,$36,$0,$0,$40,$0,$176,$0,$0,$177,$217,$6,$115,$1,$117,$122,$0,$0,$0,$94,$217,$-3,$-0,$6,$6,$0,$0,$-1,$0,$-0,$2,$0,$0,$0,$0,$0,$0,$0,$0,$0,$0,$0,$12,$12,$-6,$-0,$7,$9,$0,$-6
38,2009-03-31,3.08,$12.46,0.25,$3.47,0.89,$-25.34,0.0,$1.69,1.82,$0.02B,$0.00B,6.5,$0.12B,$0.09B,1.31,$0.03B,$0.03B,100.00%,$0.03B,$0.02B,68.00%,$0.03B,$0.02B,68.00%,$0.03B,$0.02B,64.00%,$0.03B,$0.01B,24.00%,$0.03B,$0.01B,24.00%,$0.01B,$0.09B,6.50%,$0.01B,$0.09B,6.50%,$0.01B,$0.21B,2.97%,$0.02B,$0.20B,8.70%,$7,$0,$7,$0,$2,$2,$5,$-5,$-1,$0,$-1,$-1,$-1,$5,$5,$7,7,$-0.08,$-0.08,$17,$0,$0,$22,$0,$186,$0,$0,$186,$208,$3,$115,$1,$117,$120,$0,$0,$0,$88,$208,$-1,$-0,$-4,$-4,$0,$0,$-1,$-2,$-2,$-7,$0,$0,$0,$0,$0,$0,$0,$0,$0,$0,$0,$0,$0,$-3,$-0,$-3,$-10,$0,$-3
39,2008-12-31,3.89,$13.22,0.29,$3.11,1.25,$-26.36,0.0,$1.54,2.53,$0.03B,$0.01B,6.74,$0.12B,$0.09B,1.26,$0.02B,$0.02B,100.00%,$0.02B,$0.01B,63.64%,$0.02B,$0.01B,63.64%,$0.02B,$0.01B,59.09%,$0.02B,$0.01B,36.36%,$0.02B,$0.01B,36.36%,$0.01B,$0.09B,8.53%,$0.01B,$0.09B,8.53%,$0.01B,$0.21B,4.31%,$0.01B,$0.21B,7.78%,$7,$0,$7,$0,$2,$2,$5,$-3,$1,$-0,$2,$2,$2,$4,$5,$7,7,$0.23,$0.23,$27,$0,$0,$32,$0,$182,$0,$0,$182,$214,$5,$115,$2,$118,$122,$0,$0,$0,$91,$214,$8,$-0,$-69,$-69,$-0,$0,$0,$1,$1,$-61,$-0,$0,$0,$0,$0,$0,$0,$-0,$78,$0,$78,$0,$0,$-9,$-3,$66,$5,$0,$-9
40,2008-09-30,4.23,$13.76,0.31,$2.70,1.56,$-24.65,0.0,$1.40,3.02,$0.02B,$0.01B,3.62,$0.09B,$0.10B,0.98,$0.02B,$0.02B,100.00%,$0.02B,$0.01B,63.16%,$0.02B,$0.01B,63.16%,$0.02B,$0.01B,57.89%,$0.02B,$0.01B,47.37%,$0.02B,$0.01B,42.11%,$0.01B,$0.10B,8.49%,$0.01B,$0.10B,8.49%,$0.01B,$0.20B,4.81%,$0.01B,$0.19B,7.47%,$6,$0,$6,$0,$1,$2,$4,$-2,$3,$0,$2,$2,$2,$4,$4,$7,7,$0.36,$0.36,$16,$0,$0,$19,$0,$178,$0,$0,$178,$197,$5,$93,$1,$97,$102,$0,$0,$0,$95,$197,$6,$-0,$-63,$-64,$0,$0,$-0,$-0,$-1,$-58,$-0,$0,$0,$0,$0,$0,$0,$-0,$56,$5,$61,$0,$0,$-7,$-2,$52,$-6,$0,$-7
41,2008-06-30,3.93,$13.74,0.29,$2.39,1.65,$-21.37,0.0,$1.24,3.17,$0.02B,$0.00B,20.32,$0.09B,$0.10B,0.94,$0.02B,$0.02B,100.00%,$0.02B,$0.01B,64.71%,$0.02B,$0.01B,64.71%,$0.02B,$0.01B,52.94%,$0.02B,$0.01B,52.94%,$0.02B,$0.01B,52.94%,$0.01B,$0.10B,9.55%,$0.01B,$0.10B,9.55%,$0.01B,$0.19B,6.00%,$0.01B,$0.18B,7.51%,$5,$0,$5,$0,$2,$2,$3,$-1,$3,$0,$3,$3,$3,$3,$3,$7,7,$0.41,$0.41,$19,$0,$0,$22,$0,$166,$0,$0,$166,$188,$1,$89,$1,$92,$93,$0,$0,$0,$95,$188,$4,$-0,$-52,$-52,$-0,$0,$-0,$0,$-0,$-49,$-0,$0,$0,$0,$0,$0,$0,$-0,$52,$0,$52,$0,$0,$-4,$-2,$46,$-3,$0,$-4
42,2008-03-31,4.01,$13.85,0.29,$2.15,1.86,$-18.09,0.0,$1.12,3.58,$0.02B,$0.00B,63.73,$0.05B,$0.09B,0.5,$0.02B,$0.02B,100.00%,$0.02B,$0.01B,66.67%,$0.02B,$0.01B,66.67%,$0.02B,$0.01B,53.33%,$0.02B,$0.01B,53.33%,$0.02B,$0.01B,53.33%,$0.01B,$0.09B,8.53%,$0.01B,$0.09B,8.53%,$0.01B,$0.14B,5.90%,$0.01B,$0.14B,7.55%,$4,$0,$4,$0,$1,$1,$2,$-2,$1,$0,$1,$1,$1,$2,$2,$7,7,$0.11,$0.11,$16,$0,$0,$18,$0,$127,$0,$-2,$126,$144,$0,$47,$1,$49,$50,$0,$0,$0,$94,$144,$1,$-0,$-13,$-13,$-0,$0,$-1,$-1,$-1,$-13,$-0,$0,$0,$0,$0,$0,$0,$-0,$10,$0,$10,$0,$0,$-2,$-1,$7,$-6,$0,$-2
43,2007-12-31,4.17,$13.74,0.3,$1.90,2.2,$-15.96,0.0,$0.84,4.96,$0.02B,$0.00B,8.29,$0.04B,$0.09B,0.4,$0.01B,$0.01B,100.00%,$0.01B,$0.01B,69.23%,$0.01B,$0.01B,69.23%,$0.01B,$0.01B,53.85%,$0.01B,$0.01B,61.54%,$0.01B,$0.01B,61.54%,$0.01B,$0.09B,8.60%,$0.01B,$0.09B,8.60%,$0.01B,$0.14B,6.10%,$0.01B,$0.13B,6.98%,$4,$0,$4,$0,$1,$1,$3,$-0,$2,$0,$2,$2,$2,$2,$3,$7,7,$0.32,$0.32,$22,$0,$0,$23,$0,$113,$0,$0,$113,$136,$3,$37,$1,$40,$43,$0,$0,$0,$93,$136,$9,$-1,$-56,$-57,$-0,$0,$0,$0,$0,$-48,$-0,$0,$0,$0,$0,$0,$0,$-0,$5,$0,$5,$65,$65,$-3,$0,$67,$19,$0,$-3
