,Date,Stock Price,Book Value per Share,Price to Book Ratio,TTM Sales per Share,Price to Sales Ratio,TTM FCF per Share,Price to FCF Ratio,TTM Net EPS,PE Ratio,Current Assets,Current Liabilities,Current Ratio,Long Term Debt,Shareholder's Equity_x,Debt to Equity Ratio,TTM Revenue_x,TTM Gross Profit,Gross Margin,TTM Revenue_y,TTM Operating Income,Operating Margin,TTM Revenue_x,TTM EBIT,EBIT Margin,TTM Revenue_y,TTM EBITDA,EBITDA Margin,TTM Revenue_x,TTM Pre-Tax Income,Pre-Tax Margin,TTM Revenue_y,TTM Net Income_x,Net Margin,TTM Net Income_y,Shareholder's Equity_y,Return on Equity,TTM Net Income_x,Tangible Equity,Return on Tangible Equity,TTM Net Income_y,Total Assets,Return on Assets,TTM Net Income,LT Investments & Debt,Return on Investment,revenue,cost-goods-sold,gross-profit,research-development-expenses,selling-general-administrative-expenses,operating-expenses,operating-income,total-non-operating-income-expense,pre-tax-income,total-provision-income-taxes,income-after-taxes,income-from-continuous-operations,net-income,ebitda,ebit,basic-shares-outstanding,shares-outstanding,eps-basic-net-earnings-per-share,eps-earnings-per-share-diluted,cash-on-hand,inventory,other-current-assets,total-current-assets,net-property-plant-equipment,long-term-investments,goodwill-intangible-assets-total,other-long-term-assets,total-long-term-assets,total-assets,total-current-liabilities,long-term-debt,other-non-current-liabilities,total-long-term-liabilities,total-liabilities,common-stock-net,retained-earnings-accumulated-deficit,comprehensive-income,total-share-holder-equity,total-liabilities-share-holders-equity,net-income-loss,total-depreciation-amortization-cash-flow,other-non-cash-items,total-non-cash-items,change-in-accounts-receivable,change-in-inventories,change-in-accounts-payable,change-in-assets-liabilities,total-change-in-assets-liabilities,cash-flow-from-operating-activities,net-change-in-property-plant-equipment,net-change-in-intangible-assets,net-acquisitions-divestitures,net-change-in-short-term-investments,net-change-in-long-term-investments,net-change-in-investments-total,investing-activities-other,cash-flow-from-investing-activities,net-long-term-debt,net-current-debt,debt-issuance-retirement-net-total,net-common-equity-issued-repurchased,net-total-equity-issued-repurchased,total-common-preferred-stock-dividends-paid,financial-activities-other,cash-flow-from-financial-activities,net-cash-flow,stock-based-compensation,common-stock-dividends-paid
0,2018-06-30,11.2,$9.90,1.13,$8.45,1.33,$1.84,6.09,$2.79,4.01,$0.07B,$0.03B,2.35,$0.21B,$0.27B,0.77,$0.24B,$0.06B,24.68%,$0.24B,$0.05B,20.00%,$0.24B,$0.05B,20.00%,$0.24B,$0.06B,23.40%,$0.24B,$0.03B,11.91%,$0.24B,$0.08B,33.19%,$0.08B,$0.27B,29.91%,$0.08B,$-0.23B,-32.70%,$0.08B,$0.64B,12.16%,$0.05B,$0.48B,9.97%,$62,$45,$17,$0,$4,$51,$11,$-4,$7,$2,$5,$5,$5,$13,$11,$27,28,$0.18,$0.18,$15,$0,$4,$74,$58,$0,$505,$6,$569,$643,$31,$211,$12,$339,$371,$0,$153,$-0,$272,$643,$2,$4,$8,$12,$-4,$0,$2,$0,$-2,$11,$-2,$-0,$0,$0,$-0,$-0,$0,$-2,$-5,$0,$-5,$-0,$-0,$-3,$0,$-8,$1,$1,$-3
1,2018-03-31,11.25,$9.74,1.15,$8.40,1.34,$1.84,6.1,$2.75,4.09,$0.07B,$0.03B,2.3,$0.21B,$0.27B,0.79,$0.23B,$0.06B,24.36%,$0.23B,$0.05B,20.94%,$0.23B,$0.05B,20.94%,$0.23B,$0.06B,24.36%,$0.23B,$0.03B,12.39%,$0.23B,$0.08B,32.91%,$0.08B,$0.27B,31.33%,$0.08B,$-0.24B,-31.08%,$0.08B,$0.64B,12.06%,$0.05B,$0.48B,10.73%,$55,$46,$10,$0,$3,$55,$0,$-3,$-3,$0,$-3,$-3,$-3,$2,$0,$28,28,$-0.11,$-0.11,$13,$0,$4,$67,$59,$0,$505,$6,$570,$636,$29,$212,$12,$339,$368,$0,$150,$-0,$268,$636,$-3,$2,$5,$7,$2,$0,$-0,$-1,$1,$5,$-1,$-0,$0,$0,$0,$0,$0,$-1,$-3,$0,$-3,$-0,$-0,$-1,$0,$-4,$-1,$1,$-1
2,2017-12-31,13.28,$9.92,1.34,$8.34,1.59,$1.90,7.0,$3.13,4.24,$0.09B,$0.03B,2.92,$0.21B,$0.29B,0.74,$0.23B,$0.06B,24.46%,$0.23B,$0.06B,26.18%,$0.23B,$0.06B,26.18%,$0.23B,$0.07B,29.61%,$0.23B,$0.04B,16.74%,$0.23B,$0.09B,37.34%,$0.09B,$0.29B,37.70%,$0.09B,$-0.22B,-33.89%,$0.09B,$0.66B,13.62%,$0.06B,$0.50B,13.69%,$59,$43,$15,$0,$4,$35,$23,$-8,$15,$-54,$70,$70,$70,$25,$23,$28,28,$2.52,$2.51,$14,$0,$4,$85,$59,$0,$505,$6,$570,$655,$29,$212,$12,$340,$369,$0,$154,$0,$286,$655,$87,$8,$-66,$-58,$4,$0,$0,$-7,$-1,$28,$-4,$-1,$23,$0,$-0,$-0,$0,$18,$-46,$0,$-46,$-1,$-1,$-5,$0,$-52,$-6,$2,$-5
3,2017-09-30,11.56,$7.54,1.53,$8.48,1.36,$1.63,7.08,$2.20,5.25,$0.09B,$0.03B,3.18,$0.21B,$0.22B,0.95,$0.23B,$0.06B,25.44%,$0.23B,$0.09B,38.60%,$0.23B,$0.09B,38.60%,$0.23B,$0.10B,42.98%,$0.23B,$0.07B,30.26%,$0.23B,$0.06B,25.88%,$0.06B,$0.22B,28.13%,$0.06B,$-0.27B,-22.24%,$0.06B,$0.63B,9.21%,$0.09B,$0.42B,20.31%,$59,$42,$16,$0,$4,$46,$13,$-5,$9,$2,$6,$6,$6,$15,$13,$28,28,$0.22,$0.22,$15,$0,$2,$85,$59,$0,$482,$6,$547,$632,$27,$207,$15,$388,$415,$0,$86,$-1,$217,$632,$17,$6,$-5,$1,$2,$0,$2,$-5,$-1,$18,$-3,$-1,$35,$0,$-0,$-0,$0,$31,$-49,$0,$-49,$-1,$-1,$-4,$0,$-53,$-5,$2,$-4
4,2017-06-30,9.65,$7.35,1.31,$7.56,1.28,$1.58,6.1,$2.05,4.71,$0.08B,$0.03B,3.05,$0.21B,$0.21B,1.0,$0.20B,$0.05B,25.38%,$0.20B,$0.08B,40.10%,$0.20B,$0.08B,40.10%,$0.20B,$0.09B,44.67%,$0.20B,$0.06B,31.98%,$0.20B,$0.06B,27.92%,$0.06B,$0.21B,28.99%,$0.06B,$-0.27B,-24.53%,$0.06B,$0.63B,9.81%,$0.08B,$0.42B,20.75%,$61,$45,$16,$0,$4,$48,$13,$-5,$8,$4,$4,$4,$4,$15,$13,$28,28,$0.14,$0.14,$17,$0,$2,$84,$59,$0,$482,$6,$547,$630,$27,$212,$15,$391,$419,$0,$81,$-1,$212,$630,$11,$4,$-5,$-1,$3,$0,$2,$-5,$1,$11,$-2,$-1,$35,$0,$-0,$-0,$0,$32,$-43,$0,$-43,$-0,$-0,$-3,$0,$-46,$-3,$1,$-3
5,2017-03-31,11.37,$7.23,1.57,$6.58,1.73,$1.58,7.2,$2.02,5.63,$0.08B,$0.03B,3.23,$0.23B,$0.21B,1.09,$0.16B,$0.04B,25.61%,$0.16B,$0.07B,43.29%,$0.16B,$0.07B,43.29%,$0.16B,$0.08B,48.17%,$0.16B,$0.06B,35.98%,$0.16B,$0.05B,32.32%,$0.05B,$0.21B,31.04%,$0.05B,$-0.27B,-29.00%,$0.05B,$0.64B,11.02%,$0.07B,$0.44B,21.56%,$54,$44,$10,$0,$3,$42,$12,$-4,$7,$-0,$7,$7,$7,$14,$12,$28,28,$0.27,$0.27,$19,$0,$2,$84,$60,$0,$481,$13,$554,$638,$26,$227,$17,$404,$430,$0,$79,$-1,$208,$638,$7,$2,$-7,$-5,$7,$0,$-1,$-3,$4,$6,$-1,$-1,$24,$0,$-0,$-0,$0,$22,$-28,$0,$-28,$-0,$-0,$-1,$0,$-30,$-1,$0,$-1
6,2016-12-31,6.01,$7.02,0.86,$5.83,1.03,$1.63,3.68,$1.83,3.28,$0.10B,$0.03B,3.05,$0.25B,$0.20B,1.22,$0.14B,$0.04B,28.47%,$0.14B,$0.06B,45.99%,$0.14B,$0.06B,45.99%,$0.14B,$0.07B,51.09%,$0.14B,$0.06B,40.15%,$0.14B,$0.05B,35.04%,$0.05B,$0.20B,31.53%,$0.05B,$-0.25B,-34.04%,$0.05B,$0.66B,12.02%,$0.06B,$0.45B,22.89%,$54,$37,$16,$0,$3,$4,$50,$-5,$45,$4,$42,$42,$42,$54,$50,$24,24,$1.74,$1.72,$20,$0,$22,$103,$60,$0,$456,$43,$558,$662,$34,$248,$17,$425,$459,$0,$72,$-1,$202,$662,$47,$7,$-36,$-29,$-1,$0,$0,$-5,$-1,$17,$-3,$-0,$-87,$0,$-0,$-0,$1,$-90,$83,$0,$83,$-0,$-0,$-4,$0,$78,$6,$1,$-4
7,2016-09-30,5.63,$5.86,0.96,$4.82,1.17,$1.64,3.42,$0.40,14.06,$0.04B,$0.02B,2.26,$0.08B,$0.14B,0.56,$0.11B,$0.03B,28.83%,$0.11B,$0.02B,17.12%,$0.11B,$0.02B,17.12%,$0.11B,$0.02B,20.72%,$0.11B,$0.02B,13.51%,$0.11B,$0.01B,8.11%,$0.01B,$0.14B,6.65%,$0.01B,$-0.10B,-8.78%,$0.01B,$0.31B,2.89%,$0.02B,$0.21B,8.73%,$28,$20,$8,$0,$2,$24,$4,$-1,$3,$2,$2,$2,$2,$5,$4,$23,23,$0.07,$0.07,$17,$0,$1,$39,$26,$0,$238,$10,$274,$313,$17,$77,$3,$159,$176,$0,$32,$0,$137,$313,$6,$3,$3,$5,$0,$0,$1,$1,$2,$13,$-2,$0,$0,$0,$-0,$-0,$1,$-1,$-6,$0,$-6,$-0,$-0,$-3,$0,$-9,$2,$1,$-3
8,2016-06-30,4.05,$5.83,0.69,$4.77,0.85,$1.52,2.66,$0.30,13.49,$0.04B,$0.01B,3.28,$0.08B,$0.14B,0.6,$0.11B,$0.03B,28.44%,$0.11B,$0.02B,13.76%,$0.11B,$0.02B,13.76%,$0.11B,$0.02B,17.43%,$0.11B,$0.01B,10.09%,$0.11B,$0.01B,5.50%,$0.01B,$0.14B,4.49%,$0.01B,$-0.10B,-5.73%,$0.01B,$0.31B,1.93%,$0.02B,$0.22B,6.83%,$28,$20,$8,$0,$2,$23,$5,$-1,$4,$2,$2,$2,$2,$6,$5,$23,23,$0.11,$0.11,$14,$0,$1,$38,$27,$0,$240,$6,$274,$311,$12,$82,$3,$164,$175,$0,$32,$0,$136,$311,$4,$2,$2,$4,$0,$0,$0,$-0,$0,$9,$-1,$0,$0,$0,$-0,$-0,$1,$-1,$-6,$0,$-6,$-0,$-0,$-2,$0,$-8,$-0,$0,$-2
9,2016-03-31,3.34,$5.76,0.58,$4.74,0.7,$1.40,2.39,$0.30,11.14,$0.04B,$0.01B,3.41,$0.09B,$0.13B,0.63,$0.11B,$0.03B,28.70%,$0.11B,$0.02B,13.89%,$0.11B,$0.02B,13.89%,$0.11B,$0.02B,17.59%,$0.11B,$0.01B,10.19%,$0.11B,$0.01B,6.48%,$0.01B,$0.13B,5.26%,$0.01B,$-0.11B,-6.56%,$0.01B,$0.31B,2.24%,$0.02B,$0.22B,6.78%,$27,$20,$7,$0,$3,$23,$4,$-1,$3,$1,$2,$2,$2,$5,$4,$23,23,$0.08,$0.08,$16,$0,$1,$38,$27,$0,$241,$6,$274,$312,$11,$85,$3,$166,$177,$0,$30,$0,$134,$312,$2,$1,$1,$2,$1,$0,$0,$0,$2,$6,$-1,$0,$0,$0,$0,$0,$0,$-1,$-3,$0,$-3,$-0,$-0,$-1,$0,$-4,$1,$0,$-1
10,2015-12-31,3.38,$5.75,0.59,$4.61,0.73,$1.21,2.79,$0.28,12.05,$0.04B,$0.01B,3.4,$0.09B,$0.13B,0.65,$0.11B,$0.03B,28.57%,$0.11B,$0.01B,13.33%,$0.11B,$0.01B,13.33%,$0.11B,$0.02B,17.14%,$0.11B,$0.01B,9.52%,$0.11B,$0.01B,5.71%,$0.01B,$0.13B,4.54%,$0.01B,$-0.10B,-5.52%,$0.01B,$0.31B,1.92%,$0.01B,$0.22B,6.29%,$28,$19,$9,$0,$2,$22,$6,$-1,$5,$2,$3,$3,$3,$7,$6,$23,23,$0.14,$0.14,$14,$0,$1,$37,$24,$0,$232,$17,$274,$311,$11,$86,$3,$167,$178,$0,$29,$0,$134,$311,$6,$4,$8,$12,$-3,$0,$0,$-2,$-5,$14,$-0,$-0,$0,$0,$-0,$-0,$1,$0,$-9,$0,$-9,$-0,$-0,$-4,$-1,$-14,$0,$1,$-4
11,2015-09-30,3.76,$5.64,0.67,$4.19,0.9,$1.21,3.11,$1.61,2.33,$0.03B,$0.01B,3.15,$0.09B,$0.13B,0.69,$0.10B,$0.03B,28.13%,$0.10B,$0.01B,10.42%,$0.10B,$0.01B,10.42%,$0.10B,$0.01B,14.58%,$0.10B,$0.01B,6.25%,$0.10B,$0.04B,38.54%,$0.04B,$0.13B,28.14%,$0.04B,$-0.11B,-32.89%,$0.04B,$0.31B,11.81%,$0.01B,$0.22B,4.47%,$26,$20,$7,$0,$2,$26,$-0,$-1,$-1,$-0,$-1,$-1,$-1,$1,$-0,$23,23,$-0.03,$-0.03,$11,$0,$2,$34,$28,$0,$241,$6,$276,$310,$11,$90,$1,$168,$179,$0,$27,$0,$131,$310,$3,$3,$6,$9,$-1,$0,$0,$-2,$-2,$10,$-2,$-0,$0,$0,$-0,$-0,$0,$-2,$-8,$0,$-8,$-0,$-0,$-3,$-0,$-11,$-3,$1,$-3
12,2015-06-30,4.25,$5.71,0.75,$3.61,1.18,$1.31,3.23,$1.75,2.43,$0.04B,$0.01B,3.0,$0.09B,$0.13B,0.69,$0.08B,$0.02B,28.92%,$0.08B,$0.01B,13.25%,$0.08B,$0.01B,13.25%,$0.08B,$0.02B,18.07%,$0.08B,$0.01B,8.43%,$0.08B,$0.04B,48.19%,$0.04B,$0.13B,32.45%,$0.04B,$-0.11B,-44.57%,$0.04B,$0.32B,13.26%,$0.01B,$0.23B,5.08%,$27,$19,$8,$0,$2,$22,$5,$-1,$4,$2,$3,$3,$3,$6,$5,$23,23,$0.11,$0.11,$12,$0,$1,$36,$28,$0,$244,$6,$280,$315,$12,$92,$1,$171,$183,$0,$29,$0,$133,$315,$4,$2,$3,$5,$-2,$0,$0,$-2,$-3,$5,$-1,$-0,$0,$0,$-0,$-0,$0,$-1,$-5,$0,$-5,$-0,$-0,$-2,$-0,$-7,$-3,$1,$-2
13,2015-03-31,4.57,$5.63,0.81,$3.06,1.49,$1.34,3.41,$1.77,2.58,$0.03B,$0.01B,2.79,$0.09B,$0.13B,0.71,$0.07B,$0.02B,30.00%,$0.07B,$0.01B,11.43%,$0.07B,$0.01B,11.43%,$0.07B,$0.01B,17.14%,$0.07B,$0.00B,5.71%,$0.07B,$0.04B,57.14%,$0.04B,$0.13B,35.09%,$0.04B,$-0.11B,-45.58%,$0.04B,$0.31B,13.84%,$0.01B,$0.22B,3.84%,$24,$18,$6,$0,$2,$22,$3,$-0,$2,$1,$1,$1,$1,$4,$3,$23,23,$0.06,$0.06,$12,$0,$2,$34,$28,$0,$244,$6,$280,$314,$12,$93,$1,$171,$183,$0,$27,$0,$131,$314,$1,$1,$1,$3,$-0,$0,$0,$-2,$-2,$2,$-0,$-0,$0,$0,$0,$0,$0,$-1,$-2,$0,$-2,$-0,$-0,$-1,$-0,$-3,$-2,$0,$-1
14,2014-12-31,4.61,$5.65,0.82,$2.56,1.8,$1.42,3.24,$1.74,2.65,$0.04B,$0.01B,2.51,$0.09B,$0.13B,0.71,$0.06B,$0.02B,30.51%,$0.06B,$0.01B,10.17%,$0.06B,$0.01B,10.17%,$0.06B,$0.01B,15.25%,$0.06B,$0.00B,1.69%,$0.06B,$0.04B,67.80%,$0.04B,$0.13B,38.28%,$0.04B,$-0.11B,-46.65%,$0.04B,$0.31B,14.49%,$0.01B,$0.22B,2.99%,$19,$12,$6,$0,$3,$17,$2,$-1,$1,$-1,$2,$2,$34,$3,$2,$23,23,$1.48,$1.47,$14,$0,$3,$35,$28,$0,$245,$4,$279,$314,$14,$93,$1,$170,$184,$0,$27,$0,$131,$314,$40,$3,$-28,$-25,$-1,$0,$-1,$3,$2,$17,$-3,$-0,$0,$0,$-0,$-0,$0,$-3,$-9,$0,$-9,$-0,$-0,$-4,$-0,$-14,$-0,$1,$-4
15,2014-09-30,4.79,$4.22,1.14,$2.41,1.99,$1.57,3.05,$0.43,11.14,$0.04B,$0.01B,2.74,$0.10B,$0.10B,0.98,$0.06B,$0.02B,30.91%,$0.06B,$0.01B,12.73%,$0.06B,$0.01B,12.73%,$0.06B,$0.01B,16.36%,$0.06B,$0.00B,1.82%,$0.06B,$0.01B,18.18%,$0.01B,$0.10B,10.50%,$0.01B,$-0.02B,-15.94%,$0.01B,$0.26B,3.80%,$0.01B,$0.19B,3.61%,$13,$9,$4,$0,$2,$12,$1,$-1,$0,$0,$-0,$-0,$2,$2,$1,$23,23,$0.11,$0.11,$13,$0,$2,$35,$18,$0,$116,$93,$229,$264,$13,$96,$1,$153,$166,$0,$-6,$0,$98,$264,$6,$2,$6,$8,$0,$0,$0,$-1,$-1,$13,$-3,$-0,$0,$0,$-0,$-0,$0,$-3,$-8,$0,$-8,$-0,$-0,$-3,$-0,$-12,$-1,$1,$-3
16,2014-06-30,5.63,$4.14,1.36,$2.44,2.3,$1.63,3.45,$0.46,12.23,$0.04B,$0.01B,2.44,$0.10B,$0.10B,1.02,$0.06B,$0.02B,30.36%,$0.06B,$0.01B,14.29%,$0.06B,$0.01B,14.29%,$0.06B,$0.01B,16.07%,$0.06B,$0.00B,1.79%,$0.06B,$0.01B,19.64%,$0.01B,$0.10B,11.76%,$0.01B,$-0.10B,-12.90%,$0.01B,$0.26B,4.18%,$0.01B,$0.19B,4.11%,$14,$9,$5,$0,$2,$12,$2,$-1,$1,$1,$1,$1,$3,$3,$2,$23,23,$0.13,$0.13,$12,$0,$3,$35,$21,$0,$200,$6,$229,$264,$14,$97,$1,$154,$168,$0,$-7,$0,$96,$264,$4,$1,$5,$6,$0,$0,$0,$-3,$-3,$7,$-2,$-0,$0,$0,$-0,$-0,$0,$-2,$-5,$0,$-5,$-0,$-0,$-2,$-0,$-7,$-2,$1,$-2
17,2014-03-31,8.0,$4.04,1.98,$3.00,2.66,$1.69,4.72,$0.43,18.6,$0.03B,$0.01B,2.69,$0.10B,$0.09B,1.08,$0.07B,$0.02B,31.88%,$0.07B,$0.01B,18.84%,$0.07B,$0.01B,18.84%,$0.07B,$0.01B,20.29%,$0.07B,$0.00B,5.80%,$0.07B,$0.01B,14.49%,$0.01B,$0.09B,10.93%,$0.01B,$-0.11B,-11.56%,$0.01B,$0.26B,3.81%,$0.01B,$0.19B,6.67%,$13,$10,$3,$0,$2,$12,$1,$-1,$-1,$1,$-2,$-2,$1,$1,$1,$23,23,$0.03,$0.03,$13,$0,$2,$34,$21,$0,$200,$6,$229,$262,$13,$101,$1,$156,$169,$0,$-9,$0,$93,$262,$1,$1,$3,$3,$1,$0,$0,$-1,$-0,$4,$-1,$-0,$0,$0,$0,$0,$0,$-1,$-3,$0,$-3,$-0,$-0,$-1,$0,$-5,$-2,$0,$-1
18,2013-12-31,7.64,$4.08,1.87,$3.53,2.16,$1.72,4.43,$0.51,14.97,$0.04B,$0.01B,2.5,$0.10B,$0.09B,1.1,$0.08B,$0.03B,33.33%,$0.08B,$0.02B,20.99%,$0.08B,$0.02B,20.99%,$0.08B,$0.02B,23.46%,$0.08B,$0.01B,9.88%,$0.08B,$0.01B,13.58%,$0.01B,$0.09B,12.29%,$0.01B,$-0.02B,-12.54%,$0.01B,$0.26B,4.19%,$0.02B,$0.20B,8.68%,$15,$10,$5,$0,$2,$12,$3,$-1,$1,$1,$1,$1,$4,$4,$3,$23,23,$0.16,$0.16,$14,$0,$3,$36,$17,$0,$116,$93,$228,$264,$14,$103,$1,$156,$171,$0,$-9,$0,$94,$264,$12,$3,$6,$9,$0,$0,$0,$-1,$-0,$20,$-3,$-0,$-4,$0,$-0,$-0,$0,$-7,$-10,$0,$-10,$-0,$-0,$0,$-1,$-11,$3,$1,$0
19,2013-09-30,7.56,$3.95,1.92,$4.08,1.85,$1.79,4.21,$0.51,14.83,$0.04B,$0.02B,2.32,$0.11B,$0.09B,1.16,$0.09B,$0.03B,35.48%,$0.09B,$0.02B,23.66%,$0.09B,$0.02B,23.66%,$0.09B,$0.03B,26.88%,$0.09B,$0.01B,13.98%,$0.09B,$0.01B,11.83%,$0.01B,$0.09B,12.68%,$0.01B,$-0.11B,-9.93%,$0.01B,$0.26B,4.21%,$0.02B,$0.20B,11.24%,$14,$9,$4,$0,$2,$12,$2,$-1,$0,$0,$0,$0,$3,$2,$2,$23,23,$0.14,$0.14,$12,$0,$2,$35,$20,$0,$200,$6,$228,$263,$15,$105,$1,$157,$172,$0,$-11,$0,$91,$263,$8,$2,$5,$7,$0,$0,$0,$-1,$-1,$14,$-2,$-0,$-4,$0,$-0,$-0,$0,$-6,$-7,$0,$-7,$-0,$-0,$0,$-1,$-7,$1,$1,$0
20,2013-06-30,7.29,$3.84,1.9,$4.56,1.6,$1.90,3.84,$0.42,17.36,$0.04B,$0.01B,2.54,$0.11B,$0.09B,1.21,$0.10B,$0.04B,36.54%,$0.10B,$0.03B,25.96%,$0.10B,$0.03B,25.96%,$0.10B,$0.03B,28.85%,$0.10B,$0.02B,14.42%,$0.10B,$0.01B,8.65%,$0.01B,$0.09B,10.68%,$0.01B,$-0.11B,-8.02%,$0.01B,$0.26B,3.46%,$0.03B,$0.20B,13.78%,$27,$17,$10,$0,$2,$19,$7,$-4,$4,$2,$2,$2,$2,$8,$7,$23,23,$0.10,$0.10,$13,$0,$2,$36,$19,$0,$197,$6,$225,$261,$14,$107,$1,$159,$173,$0,$-15,$0,$88,$261,$5,$1,$4,$5,$0,$0,$0,$-2,$-3,$7,$-1,$-0,$0,$0,$-0,$-0,$0,$-1,$-5,$0,$-5,$-0,$-0,$0,$-1,$-5,$1,$0,$0
21,2013-03-31,5.13,$3.74,1.37,$4.48,1.15,$1.98,2.59,$0.49,10.48,$0.04B,$0.01B,2.71,$0.11B,$0.09B,1.3,$0.10B,$0.04B,37.25%,$0.10B,$0.03B,27.45%,$0.10B,$0.03B,27.45%,$0.10B,$0.03B,29.41%,$0.10B,$0.02B,16.67%,$0.10B,$0.01B,10.78%,$0.01B,$0.09B,13.37%,$0.01B,$-0.11B,-9.71%,$0.01B,$0.26B,4.24%,$0.03B,$0.20B,14.32%,$25,$17,$8,$0,$2,$19,$5,$-2,$3,$1,$2,$2,$2,$6,$5,$23,23,$0.11,$0.11,$14,$0,$2,$35,$19,$0,$197,$7,$225,$261,$13,$111,$1,$162,$175,$0,$-17,$0,$85,$261,$2,$1,$1,$2,$1,$0,$0,$-2,$-1,$4,$-0,$-0,$0,$0,$0,$0,$0,$-0,$-1,$0,$-1,$-0,$-0,$0,$0,$-1,$3,$0,$0
22,2012-12-31,4.26,$3.64,1.17,$4.41,0.96,$2.05,2.07,$0.49,8.68,$0.03B,$0.01B,2.64,$0.11B,$0.08B,1.36,$0.10B,$0.04B,38.00%,$0.10B,$0.03B,28.00%,$0.10B,$0.03B,28.00%,$0.10B,$0.03B,30.00%,$0.10B,$0.02B,18.00%,$0.10B,$0.01B,11.00%,$0.01B,$0.08B,13.75%,$0.01B,$-0.11B,-9.59%,$0.01B,$0.26B,4.27%,$0.03B,$0.20B,14.40%,$27,$17,$11,$0,$2,$19,$8,$-2,$6,$2,$4,$4,$4,$9,$8,$23,23,$0.16,$0.15,$12,$0,$2,$33,$19,$0,$197,$7,$226,$259,$13,$113,$1,$164,$176,$0,$-19,$0,$83,$259,$11,$2,$7,$10,$-2,$0,$0,$2,$0,$20,$-2,$-0,$-2,$0,$-0,$-0,$0,$-4,$-10,$-3,$-12,$-0,$-0,$-2,$-4,$-19,$-2,$0,$-2
23,2012-09-30,4.18,$3.56,1.17,$4.31,0.97,$2.08,2.01,$0.48,8.7,$0.03B,$0.01B,2.37,$0.11B,$0.08B,1.41,$0.10B,$0.04B,36.73%,$0.10B,$0.03B,27.55%,$0.10B,$0.03B,27.55%,$0.10B,$0.03B,29.59%,$0.10B,$0.02B,18.37%,$0.10B,$0.01B,10.20%,$0.01B,$0.08B,12.86%,$0.01B,$-0.12B,-8.62%,$0.01B,$0.26B,3.89%,$0.03B,$0.20B,13.92%,$25,$16,$9,$0,$2,$18,$7,$-5,$2,$1,$1,$1,$1,$7,$7,$23,23,$0.05,$0.05,$11,$0,$2,$33,$19,$0,$197,$7,$226,$259,$14,$114,$1,$164,$177,$0,$-21,$0,$81,$259,$7,$2,$6,$8,$-0,$0,$0,$1,$1,$16,$-1,$0,$-2,$0,$-0,$-0,$0,$-3,$-8,$-3,$-10,$-0,$-0,$0,$-4,$-15,$-2,$0,$0
24,2012-06-30,5.04,$3.51,1.44,$4.29,1.18,$2.10,2.41,$0.53,9.51,$0.04B,$0.02B,2.38,$0.11B,$0.08B,1.42,$0.10B,$0.04B,36.08%,$0.10B,$0.03B,26.80%,$0.10B,$0.03B,26.80%,$0.10B,$0.03B,28.87%,$0.10B,$0.02B,20.62%,$0.10B,$0.01B,11.34%,$0.01B,$0.08B,14.67%,$0.01B,$-0.11B,-9.34%,$0.01B,$0.26B,4.30%,$0.03B,$0.19B,13.40%,$25,$15,$10,$0,$2,$17,$8,$-1,$6,$2,$4,$4,$4,$8,$8,$23,23,$0.17,$0.17,$15,$0,$2,$37,$18,$0,$193,$6,$220,$258,$16,$113,$1,$162,$178,$0,$-22,$0,$80,$258,$6,$1,$3,$4,$0,$0,$0,$-1,$-1,$9,$-1,$0,$0,$0,$-0,$-0,$0,$-1,$-7,$0,$-7,$-0,$-0,$0,$-0,$-7,$2,$0,$0
25,2012-03-31,3.68,$3.33,1.11,$4.32,0.85,$2.09,1.76,$0.48,7.67,$0.04B,$0.02B,2.36,$0.12B,$0.08B,1.54,$0.10B,$0.03B,34.69%,$0.10B,$0.02B,24.49%,$0.10B,$0.02B,24.49%,$0.10B,$0.03B,27.55%,$0.10B,$0.02B,19.39%,$0.10B,$0.01B,10.20%,$0.01B,$0.08B,13.94%,$0.01B,$-0.12B,-8.28%,$0.01B,$0.26B,3.92%,$0.02B,$0.19B,12.32%,$23,$16,$8,$0,$2,$18,$5,$-1,$4,$2,$2,$2,$2,$6,$5,$23,23,$0.11,$0.11,$15,$0,$2,$35,$18,$0,$193,$6,$220,$255,$15,$117,$1,$164,$179,$0,$-26,$0,$76,$255,$2,$1,$2,$3,$2,$0,$0,$-1,$1,$6,$-0,$0,$0,$0,$-0,$-0,$0,$-0,$-3,$0,$-3,$-0,$-0,$0,$-0,$-4,$2,$0,$0
26,2011-12-31,2.7,$3.24,0.83,$4.31,0.62,$2.04,1.32,$0.44,6.13,$0.04B,$0.02B,2.32,$0.12B,$0.07B,1.63,$0.10B,$0.03B,34.69%,$0.10B,$0.02B,24.49%,$0.10B,$0.02B,24.49%,$0.10B,$0.03B,27.55%,$0.10B,$0.02B,18.37%,$0.10B,$0.01B,10.20%,$0.01B,$0.07B,14.55%,$0.01B,$-0.12B,-8.10%,$0.01B,$0.26B,3.93%,$0.02B,$0.19B,12.28%,$25,$16,$9,$0,$2,$18,$7,$-1,$6,$2,$3,$3,$3,$8,$7,$23,23,$0.16,$0.16,$14,$0,$2,$35,$20,$0,$193,$5,$220,$255,$15,$120,$1,$166,$181,$0,$-28,$0,$74,$255,$10,$3,$7,$10,$-1,$0,$0,$2,$1,$21,$-1,$0,$0,$0,$-1,$-1,$0,$-2,$-15,$0,$-15,$-0,$-0,$0,$0,$-15,$3,$1,$0
27,2011-09-30,3.25,$3.08,1.06,$4.40,0.74,$1.87,1.74,$0.44,7.39,$0.04B,$0.02B,2.29,$0.13B,$0.07B,1.79,$0.10B,$0.04B,35.00%,$0.10B,$0.03B,25.00%,$0.10B,$0.03B,25.00%,$0.10B,$0.03B,28.00%,$0.10B,$0.02B,17.00%,$0.10B,$0.01B,10.00%,$0.01B,$0.07B,15.21%,$0.01B,$-0.12B,-7.92%,$0.01B,$0.26B,3.93%,$0.03B,$0.20B,12.74%,$24,$16,$8,$0,$2,$18,$6,$-2,$4,$2,$2,$2,$2,$6,$6,$23,23,$0.10,$0.10,$15,$0,$3,$36,$20,$0,$193,$5,$220,$256,$16,$125,$1,$170,$186,$0,$-32,$0,$70,$256,$7,$2,$5,$7,$1,$0,$0,$0,$2,$16,$-1,$0,$0,$0,$-1,$-1,$0,$-2,$-9,$0,$-9,$-0,$-0,$0,$0,$-10,$4,$1,$0
28,2011-06-30,3.6,$2.96,1.22,$4.41,0.82,$1.71,2.1,$0.43,8.38,$0.03B,$0.02B,2.25,$0.13B,$0.07B,1.9,$0.10B,$0.04B,35.00%,$0.10B,$0.03B,25.00%,$0.10B,$0.03B,25.00%,$0.10B,$0.03B,29.00%,$0.10B,$0.02B,16.00%,$0.10B,$0.01B,10.00%,$0.01B,$0.07B,15.94%,$0.01B,$-0.13B,-7.74%,$0.01B,$0.26B,3.95%,$0.03B,$0.20B,12.72%,$26,$16,$9,$0,$2,$19,$6,$-2,$5,$2,$3,$3,$3,$7,$6,$23,23,$0.12,$0.12,$12,$0,$3,$34,$20,$0,$193,$5,$220,$255,$15,$128,$1,$172,$187,$0,$-34,$-0,$67,$255,$4,$1,$4,$5,$0,$0,$0,$-1,$-0,$9,$-1,$0,$0,$0,$-1,$-1,$0,$-1,$-6,$0,$-6,$-0,$-0,$0,$0,$-6,$1,$0,$0
29,2011-03-31,6.28,$2.82,2.22,$4.39,1.43,$1.65,3.81,$0.40,15.7,$0.03B,$0.02B,2.09,$0.13B,$0.06B,2.04,$0.10B,$0.03B,34.34%,$0.10B,$0.03B,25.25%,$0.10B,$0.03B,25.25%,$0.10B,$0.03B,29.29%,$0.10B,$0.01B,14.14%,$0.10B,$0.01B,9.09%,$0.01B,$0.06B,15.00%,$0.01B,$-0.13B,-6.81%,$0.01B,$0.25B,3.57%,$0.03B,$0.20B,12.69%,$23,$15,$8,$0,$2,$18,$5,$-2,$3,$1,$2,$2,$2,$6,$5,$23,23,$0.07,$0.07,$11,$0,$2,$32,$20,$0,$193,$5,$221,$253,$15,$131,$1,$173,$189,$0,$-37,$-0,$64,$253,$2,$1,$1,$2,$2,$0,$0,$-2,$1,$4,$-0,$0,$0,$0,$-1,$-1,$0,$-1,$-3,$0,$-3,$-0,$-0,$0,$0,$-3,$0,$0,$0
30,2010-12-31,5.13,$2.74,1.87,$4.34,1.18,$1.62,3.16,$0.35,14.64,$0.03B,$0.02B,2.11,$0.14B,$0.06B,2.17,$0.10B,$0.03B,32.65%,$0.10B,$0.02B,23.47%,$0.10B,$0.02B,23.47%,$0.10B,$0.03B,27.55%,$0.10B,$0.01B,12.24%,$0.10B,$0.01B,8.16%,$0.01B,$0.06B,13.97%,$0.01B,$-0.13B,-5.93%,$0.01B,$0.25B,3.18%,$0.02B,$0.20B,11.65%,$27,$17,$10,$0,$2,$19,$8,$-2,$5,$2,$3,$3,$3,$9,$8,$22,23,$0.16,$0.15,$11,$0,$2,$32,$21,$0,$193,$4,$221,$253,$15,$135,$1,$176,$191,$0,$-39,$-1,$62,$253,$8,$3,$8,$11,$-2,$0,$0,$1,$-3,$16,$-1,$0,$0,$0,$0,$0,$0,$-1,$-10,$0,$-10,$-0,$-0,$0,$-1,$-11,$5,$1,$0
31,2010-09-30,4.53,$2.57,1.76,$4.31,1.05,$2.10,2.16,$0.26,17.41,$0.03B,$0.02B,1.92,$0.14B,$0.06B,2.39,$0.10B,$0.04B,39.18%,$0.10B,$0.02B,20.62%,$0.10B,$0.02B,20.62%,$0.10B,$0.02B,24.74%,$0.10B,$0.01B,10.31%,$0.10B,$0.01B,6.19%,$0.01B,$0.06B,10.96%,$0.01B,$-0.13B,-4.36%,$0.01B,$0.25B,2.40%,$0.02B,$0.20B,10.10%,$24,$16,$8,$0,$2,$18,$6,$-2,$3,$1,$2,$2,$2,$7,$6,$23,23,$0.09,$0.09,$10,$0,$0,$31,$21,$0,$193,$4,$221,$252,$16,$139,$1,$178,$193,$0,$-42,$-1,$58,$252,$5,$2,$6,$8,$-0,$0,$0,$0,$-1,$12,$-1,$0,$0,$0,$0,$0,$0,$-1,$-7,$0,$-7,$-0,$-0,$0,$-1,$-7,$4,$1,$0
32,2010-06-30,4.17,$2.46,1.7,$4.33,0.96,$1.97,2.12,$0.23,18.12,$0.03B,$0.02B,1.87,$0.14B,$0.06B,2.55,$0.10B,$0.04B,38.14%,$0.10B,$0.02B,20.62%,$0.10B,$0.02B,20.62%,$0.10B,$0.02B,24.74%,$0.10B,$0.01B,10.31%,$0.10B,$0.01B,5.15%,$0.01B,$0.06B,9.43%,$0.01B,$-0.14B,-3.58%,$0.01B,$0.25B,2.00%,$0.02B,$0.20B,10.08%,$25,$16,$8,$0,$2,$19,$6,$-2,$3,$1,$2,$2,$2,$7,$6,$22,23,$0.09,$0.09,$8,$0,$0,$29,$21,$0,$193,$5,$222,$251,$16,$142,$1,$179,$195,$0,$-44,$-2,$56,$251,$3,$1,$4,$5,$0,$0,$0,$0,$-1,$7,$-0,$0,$0,$0,$0,$0,$0,$-0,$-4,$0,$-4,$-0,$-0,$0,$-1,$-5,$2,$1,$0
33,2010-03-31,3.55,$2.34,1.52,$4.27,0.83,$1.92,1.85,$0.17,20.89,$0.03B,$0.02B,1.76,$0.15B,$0.05B,2.73,$0.10B,$0.04B,45.83%,$0.10B,$0.02B,18.75%,$0.10B,$0.02B,18.75%,$0.10B,$0.02B,22.92%,$0.10B,$0.01B,8.33%,$0.10B,$0.00B,4.17%,$0.00B,$0.05B,7.80%,$0.00B,$-0.14B,-2.83%,$0.00B,$0.25B,1.58%,$0.02B,$0.20B,8.89%,$22,$16,$6,$0,$2,$19,$3,$-2,$1,$0,$1,$1,$1,$4,$3,$22,23,$0.02,$0.02,$7,$0,$0,$27,$22,$0,$193,$5,$222,$249,$16,$145,$1,$181,$196,$0,$-46,$-2,$53,$249,$1,$1,$2,$2,$3,$0,$0,$-1,$1,$4,$-0,$0,$0,$0,$0,$0,$0,$-0,$-2,$0,$-2,$-0,$-0,$0,$-1,$-3,$1,$0,$0
34,2009-12-31,3.05,$2.32,1.32,$4.31,0.71,$1.90,1.61,$0.15,20.37,$0.03B,$0.02B,1.73,$0.15B,$0.05B,2.8,$0.10B,$0.05B,54.64%,$0.10B,$0.02B,18.56%,$0.10B,$0.02B,18.56%,$0.10B,$0.02B,21.65%,$0.10B,$0.01B,7.22%,$0.10B,$0.00B,3.09%,$0.00B,$0.05B,6.00%,$0.00B,$-0.14B,-2.05%,$0.00B,$0.25B,1.17%,$0.02B,$0.20B,8.71%,$26,$10,$16,$0,$10,$21,$5,$-3,$3,$2,$1,$1,$1,$6,$5,$22,22,$0.06,$0.06,$6,$0,$2,$28,$22,$0,$193,$4,$222,$250,$16,$147,$2,$181,$197,$0,$-47,$-2,$52,$250,$3,$3,$7,$10,$-0,$0,$0,$-1,$-1,$12,$14,$0,$0,$0,$0,$0,$0,$15,$-23,$0,$-23,$-0,$-0,$0,$-1,$-24,$2,$1,$0
35,2009-09-30,3.06,$2.23,1.37,$4.47,0.69,$1.64,1.87,$-1.49,0.0,$0.03B,$0.01B,1.94,$0.15B,$0.05B,2.94,$0.10B,$0.06B,55.45%,$0.10B,$-0.04B,-43.56%,$0.10B,$-0.04B,-43.56%,$0.10B,$-0.04B,-40.59%,$0.10B,$-0.06B,-54.46%,$0.10B,$-0.03B,-33.66%,$-0.03B,$0.05B,-69.39%,$-0.03B,$-0.14B,22.59%,$-0.03B,$0.25B,-13.04%,$-0.04B,$0.20B,-20.80%,$24,$18,$7,$0,$2,$19,$6,$-3,$3,$2,$1,$1,$1,$7,$6,$22,22,$0.06,$0.06,$5,$0,$0,$27,$24,$0,$193,$3,$223,$250,$14,$149,$5,$185,$199,$0,$-48,$-2,$51,$250,$2,$2,$4,$6,$2,$0,$0,$-1,$0,$9,$-0,$0,$0,$0,$0,$0,$15,$15,$-21,$0,$-21,$-0,$-0,$0,$-1,$-22,$2,$1,$0
36,2009-06-30,1.87,$2.17,0.87,$4.69,0.4,$1.94,0.97,$-1.45,0.0,$0.03B,$0.01B,1.93,$0.17B,$0.05B,3.37,$0.11B,$0.07B,63.89%,$0.11B,$-0.04B,-40.74%,$0.11B,$-0.04B,-40.74%,$0.11B,$-0.04B,-37.96%,$0.11B,$-0.05B,-50.00%,$0.11B,$-0.03B,-30.56%,$-0.03B,$0.05B,-56.65%,$-0.03B,$-0.14B,20.63%,$-0.03B,$0.26B,-11.72%,$-0.04B,$0.21B,-19.32%,$24,$8,$15,$0,$11,$20,$4,$-3,$1,$1,$1,$1,$1,$5,$4,$22,22,$0.03,$0.03,$5,$0,$0,$28,$24,$0,$193,$16,$237,$264,$14,$165,$5,$201,$215,$0,$-49,$-2,$49,$264,$1,$2,$3,$4,$3,$0,$0,$-1,$1,$6,$-0,$0,$0,$0,$0,$0,$0,$-0,$-3,$0,$-3,$-0,$-0,$0,$-1,$-4,$1,$1,$0
37,2009-03-31,1.67,$2.10,0.79,$4.97,0.34,$2.10,0.79,$-1.38,0.0,$0.03B,$0.01B,1.93,$0.17B,$0.05B,3.51,$0.12B,$0.08B,65.22%,$0.12B,$-0.04B,-36.52%,$0.12B,$-0.04B,-36.52%,$0.12B,$-0.04B,-33.91%,$0.12B,$-0.05B,-44.35%,$0.12B,$-0.03B,-27.83%,$-0.03B,$0.05B,-47.23%,$-0.03B,$-0.16B,18.91%,$-0.03B,$0.26B,-10.72%,$-0.04B,$0.22B,-17.43%,$23,$8,$15,$0,$11,$20,$3,$-2,$0,$0,$0,$0,$0,$3,$3,$22,22,$0.00,$0.00,$5,$0,$0,$26,$25,$0,$205,$3,$238,$264,$14,$168,$6,$202,$216,$0,$-50,$-3,$48,$264,$0,$1,$2,$2,$3,$0,$0,$-1,$1,$3,$-0,$0,$0,$0,$0,$0,$0,$-0,$-1,$0,$-1,$-0,$-0,$0,$-1,$-2,$1,$0,$0
38,2008-12-31,1.54,$2.10,0.73,$5.22,0.3,$2.15,0.72,$-1.33,0.0,$0.03B,$0.02B,1.67,$0.17B,$0.05B,3.58,$0.12B,$0.08B,66.12%,$0.12B,$-0.04B,-33.06%,$0.12B,$-0.04B,-33.06%,$0.12B,$-0.04B,-29.75%,$0.12B,$-0.05B,-40.50%,$0.12B,$-0.03B,-25.62%,$-0.03B,$0.05B,-40.26%,$-0.03B,$-0.16B,17.66%,$-0.03B,$0.27B,-9.81%,$-0.04B,$0.22B,-15.67%,$30,$11,$19,$0,$13,$87,$-57,$-2,$-59,$-23,$-36,$-36,$-36,$-56,$-57,$23,23,$-1.58,$-1.58,$3,$0,$0,$27,$26,$0,$205,$3,$238,$265,$16,$170,$3,$201,$217,$0,$-50,$-3,$48,$265,$-31,$3,$50,$54,$1,$0,$0,$0,$-1,$22,$-2,$0,$0,$0,$-0,$-0,$0,$-1,$-17,$0,$-17,$-2,$-2,$-6,$0,$-24,$-3,$2,$-6
39,2008-09-30,1.45,$3.71,0.39,$5.39,0.27,$1.92,0.75,$0.27,5.36,$0.03B,$0.02B,2.02,$0.18B,$0.09B,2.0,$0.13B,$0.08B,65.87%,$0.13B,$0.02B,17.46%,$0.13B,$0.02B,17.46%,$0.13B,$0.03B,19.84%,$0.13B,$0.01B,8.73%,$0.13B,$0.01B,4.76%,$0.01B,$0.09B,6.96%,$0.01B,$-0.18B,-3.30%,$0.01B,$0.33B,1.80%,$0.02B,$0.26B,8.16%,$31,$10,$20,$0,$13,$25,$6,$-2,$4,$2,$2,$2,$2,$7,$6,$23,23,$0.10,$0.10,$5,$0,$0,$31,$26,$1,$268,$3,$302,$333,$15,$176,$1,$230,$245,$0,$-14,$1,$88,$333,$6,$2,$9,$11,$1,$0,$0,$-1,$-1,$17,$-1,$0,$0,$0,$-0,$-0,$0,$-1,$-12,$0,$-12,$-1,$-1,$-4,$0,$-17,$-2,$1,$-4
40,2008-06-30,3.82,$3.65,1.05,$5.50,0.69,$1.73,2.21,$0.21,18.19,$0.03B,$0.01B,2.24,$0.18B,$0.09B,2.08,$0.13B,$0.08B,65.63%,$0.13B,$0.02B,16.41%,$0.13B,$0.02B,16.41%,$0.13B,$0.02B,18.75%,$0.13B,$0.01B,7.03%,$0.13B,$0.01B,3.91%,$0.01B,$0.09B,5.83%,$0.01B,$-0.18B,-2.74%,$0.01B,$0.33B,1.49%,$0.02B,$0.27B,7.67%,$31,$10,$21,$0,$14,$25,$6,$-2,$4,$2,$2,$2,$2,$7,$6,$23,23,$0.10,$0.10,$3,$0,$0,$29,$27,$2,$268,$3,$303,$332,$13,$180,$1,$232,$245,$0,$-15,$1,$87,$332,$4,$2,$6,$8,$1,$0,$0,$-1,$-1,$10,$-1,$0,$0,$0,$-0,$-0,$0,$-1,$-10,$0,$-10,$-1,$-1,$-3,$0,$-13,$-3,$1,$-3
41,2008-03-31,2.93,$3.57,0.82,$5.66,0.52,$1.65,1.78,$0.20,14.66,$0.03B,$0.01B,2.63,$0.19B,$0.09B,2.21,$0.13B,$0.09B,64.39%,$0.13B,$0.02B,16.67%,$0.13B,$0.02B,16.67%,$0.13B,$0.03B,18.94%,$0.13B,$0.01B,6.06%,$0.13B,$0.01B,3.79%,$0.01B,$0.09B,5.83%,$0.01B,$-0.18B,-2.73%,$0.01B,$0.33B,1.48%,$0.02B,$0.27B,7.93%,$29,$9,$20,$0,$14,$25,$5,$-3,$2,$1,$1,$1,$1,$6,$5,$23,23,$0.05,$0.05,$5,$0,$0,$32,$27,$0,$268,$3,$302,$334,$12,$187,$1,$237,$250,$0,$-16,$0,$85,$334,$1,$1,$3,$4,$0,$0,$0,$-1,$-1,$5,$-1,$0,$0,$0,$-0,$-0,$0,$-0,$-4,$0,$-4,$-1,$-1,$-1,$0,$-6,$-2,$0,$-1
42,2007-12-31,4.23,$3.58,1.18,$5.71,0.74,$1.64,2.58,$0.20,21.14,$0.03B,$0.01B,2.76,$0.19B,$0.09B,2.24,$0.13B,$0.09B,63.43%,$0.13B,$0.02B,16.42%,$0.13B,$0.02B,16.42%,$0.13B,$0.03B,18.66%,$0.13B,$0.01B,5.97%,$0.13B,$0.01B,3.73%,$0.01B,$0.09B,5.81%,$0.01B,$-0.18B,-2.73%,$0.01B,$0.34B,1.47%,$0.02B,$0.28B,7.85%,$35,$13,$22,$0,$15,$30,$5,$-3,$1,$1,$1,$1,$1,$5,$5,$23,23,$0.02,$0.02,$7,$0,$0,$34,$27,$0,$268,$3,$303,$337,$12,$191,$1,$240,$252,$0,$-15,$0,$85,$337,$5,$3,$10,$14,$-1,$0,$0,$1,$0,$19,$-3,$0,$-45,$0,$0,$0,$0,$-48,$37,$0,$37,$-4,$-4,$-6,$-0,$27,$-2,$2,$-6
43,2007-09-30,6.03,$3.83,1.58,$5.65,1.07,$1.66,3.64,$0.31,19.46,$0.04B,$0.01B,2.67,$0.19B,$0.09B,2.24,$0.13B,$0.09B,64.93%,$0.13B,$0.03B,18.66%,$0.13B,$0.03B,18.66%,$0.13B,$0.03B,21.64%,$0.13B,$0.01B,8.96%,$0.13B,$0.01B,5.22%,$0.01B,$0.09B,8.07%,$0.01B,$-0.18B,-4.06%,$0.01B,$0.34B,2.12%,$0.03B,$0.28B,9.23%,$33,$13,$21,$0,$15,$28,$5,$-3,$2,$1,$1,$1,$1,$6,$5,$23,23,$0.04,$0.04,$6,$0,$0,$36,$27,$1,$270,$3,$305,$341,$14,$193,$1,$241,$255,$0,$-14,$0,$86,$341,$4,$3,$6,$9,$-1,$0,$0,$-0,$0,$13,$-2,$0,$-45,$0,$0,$0,$0,$-47,$39,$0,$39,$-3,$-3,$-4,$-0,$31,$-2,$2,$-4
44,2007-06-30,7.09,$3.83,1.85,$5.53,1.28,$1.83,3.87,$0.37,19.16,$0.04B,$0.01B,3.06,$0.20B,$0.09B,2.25,$0.13B,$0.09B,65.15%,$0.13B,$0.03B,19.70%,$0.13B,$0.03B,19.70%,$0.13B,$0.03B,22.73%,$0.13B,$0.01B,10.61%,$0.13B,$0.01B,6.06%,$0.01B,$0.09B,9.20%,$0.01B,$-0.18B,-4.97%,$0.01B,$0.34B,2.50%,$0.03B,$0.28B,9.96%,$35,$12,$22,$0,$15,$28,$7,$-4,$3,$1,$2,$2,$2,$8,$7,$23,23,$0.09,$0.09,$7,$0,$0,$38,$27,$1,$270,$3,$305,$343,$12,$195,$1,$243,$256,$0,$-14,$1,$87,$343,$3,$2,$5,$6,$-1,$0,$0,$0,$-0,$9,$-1,$0,$-45,$0,$0,$0,$0,$-46,$41,$0,$41,$-3,$-3,$-3,$-0,$35,$-2,$1,$-3
45,2007-03-31,6.7,$3.77,1.78,$5.38,1.25,$1.75,3.82,$0.41,16.34,$0.04B,$0.01B,2.94,$0.20B,$0.09B,2.27,$0.13B,$0.09B,65.89%,$0.13B,$0.03B,20.16%,$0.13B,$0.03B,20.16%,$0.13B,$0.03B,23.26%,$0.13B,$0.02B,12.40%,$0.13B,$0.01B,6.98%,$0.01B,$0.09B,10.32%,$0.01B,$-0.18B,-6.17%,$0.01B,$0.34B,2.96%,$0.03B,$0.28B,10.52%,$31,$10,$20,$0,$14,$26,$5,$-3,$2,$1,$1,$1,$1,$6,$5,$23,24,$0.05,$0.05,$7,$0,$0,$36,$27,$1,$270,$4,$306,$341,$12,$196,$1,$243,$255,$0,$-15,$0,$86,$341,$1,$1,$2,$3,$2,$0,$0,$-1,$1,$5,$-1,$0,$-45,$0,$0,$0,$0,$-45,$42,$0,$42,$-2,$-2,$-1,$0,$39,$-1,$1,$-1
46,2006-12-31,7.52,$3.63,2.07,$5.20,1.45,$1.70,4.43,$0.43,17.48,$0.04B,$0.02B,2.29,$0.15B,$0.09B,1.72,$0.13B,$0.08B,66.40%,$0.13B,$0.03B,20.00%,$0.13B,$0.03B,20.00%,$0.13B,$0.03B,23.20%,$0.13B,$0.02B,13.60%,$0.13B,$0.01B,8.00%,$0.01B,$0.09B,11.43%,$0.01B,$-0.14B,-7.65%,$0.01B,$0.30B,3.46%,$0.03B,$0.24B,10.70%,$35,$11,$24,$0,$14,$27,$8,$-3,$5,$2,$3,$3,$3,$9,$8,$24,24,$0.12,$0.23,$9,$0,$0,$36,$26,$1,$226,$5,$262,$298,$16,$151,$1,$195,$210,$0,$-14,$0,$88,$298,$10,$3,$8,$11,$-3,$0,$0,$-0,$-2,$19,$-3,$0,$-22,$0,$-0,$-0,$0,$-25,$10,$0,$10,$-6,$-6,$-6,$-0,$-2,$-8,$2,$-6
