,Date,Stock Price,Book Value per Share,Price to Book Ratio,TTM Sales per Share,Price to Sales Ratio,TTM FCF per Share,Price to FCF Ratio,TTM Net EPS,PE Ratio,Current Assets,Current Liabilities,Current Ratio,Long Term Debt,Shareholder's Equity_x,Debt to Equity Ratio,TTM Revenue_x,TTM Gross Profit,Gross Margin,TTM Revenue_y,TTM Operating Income,Operating Margin,TTM Revenue_x,TTM EBIT,EBIT Margin,TTM Revenue_y,TTM EBITDA,EBITDA Margin,TTM Revenue_x,TTM Pre-Tax Income,Pre-Tax Margin,TTM Revenue_y,TTM Net Income_x,Net Margin,TTM Net Income_y,Shareholder's Equity_y,Return on Equity,TTM Net Income_x,Tangible Equity,Return on Tangible Equity,TTM Net Income_y,Total Assets,Return on Assets,TTM Net Income,LT Investments & Debt,Return on Investment,revenue,cost-goods-sold,gross-profit,research-development-expenses,selling-general-administrative-expenses,operating-expenses,operating-income,total-non-operating-income-expense,pre-tax-income,total-provision-income-taxes,income-after-taxes,income-from-continuous-operations,net-income,ebitda,ebit,basic-shares-outstanding,shares-outstanding,eps-basic-net-earnings-per-share,eps-earnings-per-share-diluted,cash-on-hand,inventory,other-current-assets,total-current-assets,net-property-plant-equipment,long-term-investments,goodwill-intangible-assets-total,other-long-term-assets,total-long-term-assets,total-assets,total-current-liabilities,long-term-debt,other-non-current-liabilities,total-long-term-liabilities,total-liabilities,common-stock-net,retained-earnings-accumulated-deficit,comprehensive-income,total-share-holder-equity,total-liabilities-share-holders-equity,net-income-loss,total-depreciation-amortization-cash-flow,other-non-cash-items,total-non-cash-items,change-in-accounts-receivable,change-in-inventories,change-in-accounts-payable,change-in-assets-liabilities,total-change-in-assets-liabilities,cash-flow-from-operating-activities,net-change-in-property-plant-equipment,net-change-in-intangible-assets,net-acquisitions-divestitures,net-change-in-short-term-investments,net-change-in-long-term-investments,net-change-in-investments-total,investing-activities-other,cash-flow-from-investing-activities,net-long-term-debt,net-current-debt,debt-issuance-retirement-net-total,net-common-equity-issued-repurchased,net-total-equity-issued-repurchased,total-common-preferred-stock-dividends-paid,financial-activities-other,cash-flow-from-financial-activities,net-cash-flow,stock-based-compensation,common-stock-dividends-paid
0,2018-09-30,1.03,$3.93,0.26,$50.71,0.02,$-7.10,0.0,$-4.20,0.0,$0.23B,$0.22B,1.03,$0.00B,$0.06B,0.01,$0.77B,$0.21B,27.31%,$0.77B,$-0.04B,-4.81%,$0.77B,$-0.04B,-4.81%,$0.77B,$-0.01B,-1.43%,$0.77B,$-0.05B,-6.37%,$0.77B,$-0.06B,-8.19%,$-0.06B,$0.06B,-102.02%,$-0.06B,$0.03B,-406.45%,$-0.06B,$0.30B,-17.21%,$-0.04B,$0.06B,-38.54%,$159,$115,$43,$0,$50,$168,$-9,$-5,$-14,$-8,$-6,$-6,$23,$-7,$-9,$15,15,$1.50,$1.50,$22,$20,$82,$228,$20,$0,$35,$11,$70,$298,$222,$0,$16,$16,$238,$0,$-23,$-13,$60,$298,$16,$6,$-32,$-26,$-3,$4,$-3,$4,$2,$-8,$-1,$0,$0,$0,$0,$0,$63,$62,$-49,$-13,$-61,$-0,$-0,$0,$-5,$-67,$-14,$1,$0
1,2018-06-30,2.03,$2.41,0.84,$51.16,0.04,$-7.73,0.0,$-6.45,0.0,$0.28B,$0.31B,0.89,$0.00B,$0.04B,0.01,$0.77B,$0.22B,27.91%,$0.77B,$-0.04B,-4.78%,$0.77B,$-0.04B,-4.78%,$0.77B,$-0.01B,-1.16%,$0.77B,$-0.05B,-5.94%,$0.77B,$-0.10B,-12.53%,$-0.10B,$0.04B,-123.57%,$-0.10B,$-0.01B,-384.16%,$-0.10B,$0.37B,-24.17%,$-0.04B,$0.04B,-25.74%,$191,$137,$54,$0,$57,$195,$-4,$-3,$-7,$-0,$-7,$-7,$-7,$-1,$-4,$15,15,$-0.48,$-0.48,$22,$24,$107,$278,$22,$0,$49,$11,$88,$367,$313,$0,$17,$17,$330,$0,$-46,$-12,$37,$367,$-7,$4,$2,$6,$-11,$2,$8,$1,$-1,$-2,$-1,$0,$0,$0,$0,$0,$0,$-1,$0,$-6,$-6,$-0,$-0,$0,$-1,$-8,$-11,$1,$0
2,2018-03-31,2.0,$3.32,0.6,$51.33,0.04,$-8.70,0.0,$-6.62,0.0,$0.29B,$0.31B,0.93,$0.00B,$0.05B,0.01,$0.78B,$0.22B,27.74%,$0.78B,$-0.05B,-5.94%,$0.78B,$-0.05B,-5.94%,$0.78B,$-0.02B,-2.06%,$0.78B,$-0.05B,-6.84%,$0.78B,$-0.10B,-12.90%,$-0.10B,$0.05B,-97.09%,$-0.10B,$0.01B,-220.99%,$-0.10B,$0.38B,-24.23%,$-0.05B,$0.05B,-23.83%,$224,$164,$60,$0,$64,$239,$-16,$-2,$-18,$32,$-50,$-50,$-51,$-2,$-16,$15,15,$-3.39,$-3.39,$36,$26,$126,$287,$23,$0,$39,$21,$89,$376,$309,$0,$16,$17,$326,$0,$-36,$-8,$50,$376,$-100,$28,$53,$81,$15,$-1,$-11,$-31,$-28,$-47,$-3,$0,$0,$0,$0,$0,$0,$-3,$61,$10,$71,$-0,$-0,$-4,$-1,$67,$19,$4,$-4
3,2017-12-31,3.55,$6.60,0.54,$50.30,0.07,$-3.00,0.0,$-3.37,0.0,$0.29B,$0.17B,1.72,$0.14B,$0.10B,1.36,$0.76B,$0.21B,28.06%,$0.76B,$-0.03B,-3.95%,$0.76B,$-0.03B,-3.95%,$0.76B,$-0.01B,-1.32%,$0.76B,$-0.04B,-4.74%,$0.76B,$-0.05B,-6.72%,$-0.05B,$0.10B,-40.48%,$-0.05B,$0.04B,-83.95%,$-0.05B,$0.42B,-11.99%,$-0.03B,$0.24B,-12.62%,$195,$142,$53,$0,$59,$203,$-8,$-2,$-10,$18,$-28,$-28,$-28,$-1,$-8,$15,15,$-1.85,$-1.85,$18,$31,$120,$293,$26,$0,$61,$8,$130,$423,$171,$136,$16,$153,$323,$0,$15,$-9,$100,$423,$-49,$15,$21,$35,$6,$-4,$4,$-35,$-29,$-43,$-4,$0,$0,$0,$0,$0,$0,$-4,$47,$6,$53,$-0,$-0,$-4,$-1,$49,$4,$3,$-4
4,2017-09-30,3.25,$8.40,0.39,$51.20,0.06,$1.54,2.11,$-1.43,0.0,$0.29B,$0.17B,1.67,$0.12B,$0.13B,0.97,$0.77B,$0.22B,28.68%,$0.77B,$-0.02B,-2.45%,$0.77B,$-0.02B,-2.45%,$0.77B,$-0.00B,-0.13%,$0.77B,$-0.02B,-3.10%,$0.77B,$-0.02B,-2.84%,$-0.02B,$0.13B,-16.09%,$-0.02B,$0.06B,-31.88%,$-0.02B,$0.44B,-5.13%,$-0.02B,$0.25B,-7.98%,$164,$115,$49,$0,$55,$173,$-9,$-2,$-11,$2,$-12,$-12,$-11,$-5,$-9,$15,15,$-0.75,$-0.75,$30,$27,$106,$287,$25,$0,$63,$8,$152,$439,$172,$123,$17,$140,$312,$0,$43,$-10,$127,$439,$-21,$8,$0,$8,$9,$-3,$3,$-12,$-3,$-16,$-2,$0,$0,$0,$0,$0,$-0,$-3,$35,$4,$38,$-0,$-0,$-4,$-1,$34,$16,$3,$-4
5,2017-06-30,8.55,$8.91,0.96,$54.77,0.16,$3.59,2.38,$-1.08,0.0,$0.25B,$0.16B,1.57,$0.10B,$0.14B,0.74,$0.83B,$0.23B,27.38%,$0.83B,$-0.02B,-2.05%,$0.83B,$-0.02B,-2.05%,$0.83B,$0.00B,0.36%,$0.83B,$-0.02B,-2.53%,$0.83B,$-0.02B,-2.05%,$-0.02B,$0.14B,-11.99%,$-0.02B,$0.07B,-23.86%,$-0.02B,$0.41B,-3.93%,$-0.02B,$0.23B,-7.16%,$192,$139,$53,$0,$63,$205,$-13,$-1,$-14,$-4,$-10,$-10,$-10,$-8,$-13,$15,15,$-0.65,$-0.65,$10,$25,$105,$254,$28,$0,$67,$6,$159,$413,$161,$99,$18,$117,$278,$0,$55,$-13,$135,$413,$-10,$5,$-2,$2,$15,$0,$-7,$-17,$-9,$-16,$-1,$0,$0,$0,$0,$0,$0,$-1,$10,$4,$14,$-0,$-0,$-2,$0,$12,$-4,$2,$-2
6,2017-03-31,8.82,$9.47,0.93,$56.51,0.16,$5.43,1.63,$-0.46,0.0,$0.27B,$0.18B,1.51,$0.09B,$0.14B,0.63,$0.86B,$0.24B,28.30%,$0.86B,$-0.00B,-0.12%,$0.86B,$-0.00B,-0.12%,$0.86B,$0.02B,2.11%,$0.86B,$-0.01B,-0.58%,$0.86B,$-0.01B,-0.82%,$-0.01B,$0.14B,-4.78%,$-0.01B,$0.07B,-9.49%,$-0.01B,$0.43B,-1.57%,$-0.00B,$0.23B,-0.41%,$208,$150,$58,$0,$56,$208,$-0,$-1,$-1,$1,$-2,$-2,$-2,$4,$-0,$15,15,$-0.13,$-0.13,$14,$25,$100,$269,$29,$0,$69,$7,$158,$427,$178,$89,$19,$108,$285,$0,$66,$-15,$142,$427,$-7,$19,$17,$36,$8,$6,$12,$-16,$11,$40,$-3,$0,$0,$0,$0,$0,$0,$-3,$-31,$-4,$-35,$-2,$-2,$-7,$-1,$-46,$-9,$5,$-7
7,2016-12-31,14.83,$9.41,1.58,$57.36,0.26,$4.76,3.11,$-3.47,0.0,$0.28B,$0.18B,1.57,$0.09B,$0.14B,0.66,$0.87B,$0.24B,28.01%,$0.87B,$-0.05B,-5.74%,$0.87B,$-0.05B,-5.74%,$0.87B,$0.01B,0.57%,$0.87B,$-0.05B,-6.20%,$0.87B,$-0.05B,-6.08%,$-0.05B,$0.14B,-35.33%,$-0.05B,$0.07B,-70.67%,$-0.05B,$0.44B,-11.58%,$-0.05B,$0.24B,-19.40%,$210,$148,$62,$0,$57,$208,$3,$-1,$2,$0,$1,$1,$1,$8,$3,$15,15,$0.09,$0.09,$14,$26,$102,$275,$30,$0,$71,$7,$161,$436,$175,$94,$25,$119,$294,$0,$70,$-19,$143,$436,$-5,$15,$18,$33,$3,$6,$2,$-14,$-3,$25,$-3,$0,$0,$0,$0,$0,$0,$-3,$-26,$1,$-25,$-0,$-0,$-5,$-1,$-32,$-10,$4,$-5
8,2016-09-30,13.41,$9.70,1.38,$58.05,0.23,$3.75,3.57,$-3.19,0.0,$0.29B,$0.18B,1.58,$0.10B,$0.15B,0.69,$0.88B,$0.25B,28.54%,$0.88B,$-0.05B,-5.21%,$0.88B,$-0.05B,-5.21%,$0.88B,$0.01B,1.02%,$0.88B,$-0.05B,-5.66%,$0.88B,$-0.05B,-5.44%,$-0.05B,$0.15B,-28.83%,$-0.05B,$0.07B,-59.44%,$-0.05B,$0.46B,-9.98%,$-0.05B,$0.25B,-16.25%,$219,$164,$54,$0,$58,$225,$-7,$-1,$-8,$-2,$-6,$-6,$-6,$-1,$-7,$15,15,$-0.40,$-0.40,$16,$26,$98,$286,$34,$0,$73,$7,$169,$455,$181,$102,$25,$127,$308,$0,$70,$-15,$147,$455,$-7,$10,$14,$24,$-8,$7,$5,$-6,$-2,$16,$-2,$0,$0,$0,$0,$0,$0,$-2,$-18,$2,$-16,$-0,$-0,$-3,$-1,$-21,$-7,$3,$-3
9,2016-06-30,12.51,$10.15,1.23,$59.01,0.21,$1.69,7.4,$-11.24,0.0,$0.29B,$0.17B,1.76,$0.12B,$0.15B,0.75,$0.90B,$0.27B,29.86%,$0.90B,$-0.19B,-20.98%,$0.90B,$-0.19B,-20.98%,$0.90B,$0.02B,2.44%,$0.90B,$-0.19B,-21.42%,$0.90B,$-0.17B,-19.09%,$-0.17B,$0.15B,-94.90%,$-0.17B,$0.08B,-202.95%,$-0.17B,$0.46B,-34.19%,$-0.19B,$0.27B,-60.92%,$218,$151,$68,$0,$62,$216,$3,$-1,$2,$2,$-0,$-0,$-0,$7,$3,$15,15,$-0.03,$-0.03,$21,$40,$98,$293,$34,$0,$76,$7,$171,$464,$167,$115,$29,$144,$310,$0,$78,$-15,$154,$464,$-0,$5,$4,$9,$5,$2,$0,$-5,$2,$11,$-1,$0,$0,$0,$0,$0,$0,$-1,$-5,$-4,$-9,$-0,$-0,$-2,$-1,$-12,$-2,$2,$-2
10,2016-03-31,12.77,$10.40,1.23,$59.34,0.22,$0.41,30.82,$-11.16,0.0,$0.30B,$0.17B,1.76,$0.12B,$0.16B,0.77,$0.91B,$0.27B,29.71%,$0.91B,$-0.19B,-20.61%,$0.91B,$-0.19B,-20.61%,$0.91B,$0.02B,2.63%,$0.91B,$-0.19B,-21.05%,$0.91B,$-0.17B,-18.75%,$-0.17B,$0.16B,-75.16%,$-0.17B,$0.08B,-211.76%,$-0.17B,$0.48B,-30.74%,$-0.19B,$0.28B,-51.65%,$224,$164,$60,$0,$71,$273,$-49,$-1,$-50,$-3,$-48,$-48,$-48,$-9,$-49,$15,15,$-3.15,$-3.15,$23,$43,$94,$299,$34,$0,$78,$7,$176,$476,$170,$120,$30,$149,$320,$0,$81,$-13,$156,$476,$-171,$211,$-10,$202,$8,$4,$-8,$2,$7,$37,$-10,$0,$-1,$0,$0,$0,$0,$-11,$-18,$4,$-14,$-7,$-7,$-7,$0,$-28,$-0,$5,$-7
11,2015-12-31,8.96,$13.59,0.66,$60.52,0.15,$1.12,7.98,$-7.84,0.0,$0.32B,$0.17B,1.92,$0.13B,$0.21B,0.62,$0.93B,$0.29B,30.87%,$0.93B,$-0.14B,-14.47%,$0.93B,$-0.14B,-14.47%,$0.93B,$0.04B,4.39%,$0.93B,$-0.14B,-14.90%,$0.93B,$-0.12B,-12.86%,$-0.12B,$0.21B,-44.00%,$-0.12B,$0.09B,-158.42%,$-0.12B,$0.53B,-19.71%,$-0.14B,$0.34B,-32.65%,$222,$153,$70,$0,$60,$215,$7,$-1,$6,$0,$6,$6,$6,$12,$7,$15,15,$0.37,$0.37,$18,$49,$94,$322,$34,$0,$115,$8,$207,$528,$168,$129,$23,$152,$319,$0,$130,$-13,$209,$528,$-123,$171,$-17,$154,$-11,$4,$0,$-1,$-16,$15,$-8,$0,$0,$0,$0,$0,$0,$-8,$-9,$3,$-5,$-3,$-3,$-5,$0,$-13,$-6,$4,$-5
12,2015-09-30,13.71,$13.42,1.02,$62.45,0.22,$0.89,15.35,$-7.87,0.0,$0.34B,$0.16B,2.1,$0.15B,$0.21B,0.73,$0.96B,$0.30B,30.60%,$0.96B,$-0.13B,-13.80%,$0.96B,$-0.13B,-13.80%,$0.96B,$0.04B,4.36%,$0.96B,$-0.14B,-14.21%,$0.96B,$-0.12B,-12.55%,$-0.12B,$0.21B,-39.45%,$-0.12B,$0.09B,-177.94%,$-0.12B,$0.54B,-18.42%,$-0.13B,$0.36B,-28.96%,$237,$165,$71,$0,$61,$387,$-150,$-1,$-151,$-22,$-130,$-130,$-130,$12,$-150,$15,15,$-8.45,$-8.45,$20,$50,$107,$342,$33,$0,$117,$4,$201,$544,$163,$151,$23,$174,$337,$0,$126,$-12,$206,$544,$-129,$167,$-19,$147,$-14,$4,$0,$-15,$-32,$-14,$-4,$0,$0,$0,$0,$0,$0,$-4,$14,$6,$20,$-3,$-3,$-3,$0,$14,$-3,$3,$-3
13,2015-06-30,18.46,$22.06,0.84,$63.08,0.29,$2.45,7.54,$0.79,23.37,$0.34B,$0.17B,1.99,$0.14B,$0.34B,0.43,$0.98B,$0.30B,30.53%,$0.98B,$0.02B,2.46%,$0.98B,$0.02B,2.46%,$0.98B,$0.04B,4.20%,$0.98B,$0.02B,2.05%,$0.98B,$0.01B,1.23%,$0.01B,$0.34B,3.51%,$0.01B,$0.06B,19.67%,$0.01B,$0.68B,1.72%,$0.02B,$0.48B,4.83%,$229,$160,$70,$0,$63,$225,$4,$-1,$3,$2,$1,$1,$1,$9,$4,$15,15,$0.05,$0.05,$21,$53,$113,$340,$32,$0,$277,$28,$337,$677,$170,$144,$23,$168,$338,$0,$257,$-10,$339,$677,$1,$5,$6,$10,$-2,$1,$0,$-18,$-18,$-7,$-2,$0,$0,$0,$0,$0,$0,$-2,$7,$4,$10,$-3,$-3,$-2,$0,$6,$-3,$2,$-2
14,2015-03-31,19.22,$21.94,0.88,$63.95,0.3,$2.55,7.53,$0.99,19.42,$0.34B,$0.19B,1.81,$0.14B,$0.34B,0.41,$0.99B,$0.30B,30.54%,$0.99B,$0.03B,2.92%,$0.99B,$0.03B,2.92%,$0.99B,$0.05B,4.54%,$0.99B,$0.02B,2.42%,$0.99B,$0.02B,1.51%,$0.02B,$0.34B,4.34%,$0.02B,$0.06B,24.49%,$0.02B,$0.69B,2.12%,$0.03B,$0.47B,5.73%,$245,$169,$77,$0,$70,$241,$4,$-1,$3,$-0,$3,$3,$3,$8,$4,$15,15,$0.20,$0.19,$24,$54,$111,$339,$32,$0,$279,$4,$347,$686,$188,$137,$24,$161,$349,$0,$258,$-13,$337,$686,$15,$18,$14,$32,$-0,$-6,$0,$3,$-1,$46,$-8,$0,$-1,$0,$0,$0,$0,$-9,$-24,$-3,$-27,$-8,$-8,$-6,$0,$-41,$-7,$6,$-6
15,2014-12-31,21.85,$22.48,0.97,$63.19,0.35,$3.18,6.86,$-7.85,0.0,$0.38B,$0.18B,2.1,$0.18B,$0.35B,0.51,$0.99B,$0.30B,30.66%,$0.99B,$-0.12B,-12.18%,$0.99B,$-0.12B,-12.18%,$0.99B,$0.05B,5.18%,$0.99B,$-0.13B,-12.69%,$0.99B,$-0.12B,-12.49%,$-0.12B,$0.35B,-35.27%,$-0.12B,$0.06B,-199.19%,$-0.12B,$0.72B,-17.23%,$-0.12B,$0.52B,-23.26%,$253,$176,$77,$0,$65,$244,$9,$-1,$8,$2,$5,$5,$5,$13,$9,$15,15,$0.34,$0.34,$33,$55,$110,$376,$30,$0,$283,$31,$344,$720,$179,$176,$19,$195,$375,$0,$257,$-3,$345,$720,$12,$13,$5,$18,$-24,$-3,$0,$6,$-21,$10,$-6,$0,$-1,$0,$0,$0,$0,$-7,$16,$-2,$14,$-8,$-8,$-4,$0,$1,$2,$5,$-4
16,2014-09-30,21.23,$22.47,0.94,$61.90,0.34,$4.38,4.85,$-7.77,0.0,$0.36B,$0.18B,2.01,$0.16B,$0.35B,0.47,$0.97B,$0.30B,30.76%,$0.97B,$-0.12B,-12.24%,$0.97B,$-0.12B,-12.24%,$0.97B,$0.05B,5.45%,$0.97B,$-0.12B,-12.76%,$0.97B,$-0.12B,-12.45%,$-0.12B,$0.35B,-31.47%,$-0.12B,$0.06B,-217.04%,$-0.12B,$0.71B,-16.15%,$-0.12B,$0.51B,-21.54%,$249,$175,$74,$0,$64,$242,$7,$-1,$6,$3,$3,$3,$3,$11,$7,$15,16,$0.21,$0.21,$28,$51,$115,$360,$29,$0,$286,$32,$347,$707,$179,$161,$20,$181,$360,$0,$253,$2,$347,$707,$7,$9,$3,$12,$-10,$1,$0,$1,$-10,$9,$-3,$0,$-1,$0,$0,$0,$0,$-4,$1,$2,$3,$-6,$-6,$-3,$0,$-6,$-2,$4,$-3
17,2014-06-30,21.25,$22.66,0.94,$61.26,0.35,$5.59,3.8,$-7.63,0.0,$0.37B,$0.17B,2.1,$0.17B,$0.35B,0.48,$0.97B,$0.30B,31.13%,$0.97B,$-0.11B,-11.55%,$0.97B,$-0.11B,-11.55%,$0.97B,$0.06B,6.19%,$0.97B,$-0.12B,-12.27%,$0.97B,$-0.12B,-12.16%,$-0.12B,$0.35B,-28.13%,$-0.12B,$0.06B,-238.38%,$-0.12B,$0.72B,-14.99%,$-0.11B,$0.52B,-18.97%,$245,$170,$75,$0,$64,$237,$9,$-1,$7,$4,$4,$4,$4,$13,$9,$16,16,$0.25,$0.25,$28,$54,$113,$365,$29,$0,$289,$32,$351,$716,$174,$171,$20,$190,$364,$0,$252,$8,$352,$716,$4,$4,$5,$9,$-14,$-1,$0,$-8,$-19,$-6,$-2,$0,$-0,$0,$0,$0,$0,$-2,$10,$1,$11,$-4,$-4,$-1,$0,$5,$-3,$2,$-1
18,2014-03-31,21.97,$22.57,0.97,$60.79,0.36,$7.24,3.04,$-7.45,0.0,$0.36B,$0.18B,1.97,$0.16B,$0.35B,0.46,$0.97B,$0.30B,31.28%,$0.97B,$-0.11B,-11.21%,$0.97B,$-0.11B,-11.21%,$0.97B,$0.06B,6.58%,$0.97B,$-0.12B,-11.83%,$0.97B,$-0.12B,-11.83%,$-0.12B,$0.35B,-25.44%,$-0.12B,$0.06B,-278.79%,$-0.12B,$0.71B,-13.97%,$-0.11B,$0.51B,-17.44%,$238,$163,$76,$0,$63,$383,$-145,$-1,$-146,$-11,$-135,$-135,$-135,$14,$-145,$16,16,$-8.53,$-8.53,$31,$52,$117,$356,$29,$0,$292,$35,$356,$712,$181,$160,$20,$180,$361,$0,$249,$7,$351,$712,$-116,$173,$6,$178,$-7,$1,$0,$2,$-6,$56,$-7,$0,$-1,$0,$0,$0,$0,$-8,$-27,$2,$-26,$-21,$-21,$-6,$0,$-52,$0,$7,$-6
19,2013-12-31,26.79,$31.12,0.86,$59.97,0.45,$6.58,4.07,$1.64,16.34,$0.36B,$0.17B,2.12,$0.18B,$0.49B,0.37,$0.97B,$0.31B,31.58%,$0.97B,$0.05B,5.04%,$0.97B,$0.05B,5.04%,$0.97B,$0.07B,6.89%,$0.97B,$0.04B,4.42%,$0.97B,$0.03B,2.78%,$0.03B,$0.49B,5.57%,$0.03B,$0.04B,82.44%,$0.03B,$0.86B,3.12%,$0.05B,$0.67B,7.37%,$240,$166,$74,$0,$60,$229,$10,$-1,$9,$3,$7,$7,$7,$15,$10,$16,16,$0.42,$0.42,$26,$53,$118,$364,$29,$0,$448,$20,$498,$862,$172,$179,$23,$202,$374,$0,$386,$5,$488,$862,$19,$14,$11,$25,$-14,$3,$0,$1,$-17,$28,$-6,$0,$-1,$0,$0,$0,$0,$-6,$-8,$3,$-5,$-18,$-18,$-4,$0,$-27,$-5,$5,$-4
20,2013-09-30,27.46,$30.66,0.9,$60.12,0.46,$6.79,4.04,$1.74,15.78,$0.36B,$0.18B,2.04,$0.17B,$0.49B,0.36,$0.98B,$0.32B,32.01%,$0.98B,$0.06B,5.79%,$0.98B,$0.06B,5.79%,$0.98B,$0.07B,7.52%,$0.98B,$0.05B,4.88%,$0.98B,$0.03B,2.95%,$0.03B,$0.49B,5.99%,$0.03B,$0.04B,100.00%,$0.03B,$0.86B,3.32%,$0.06B,$0.66B,8.55%,$247,$170,$77,$0,$60,$233,$14,$-2,$11,$6,$6,$6,$6,$18,$14,$16,16,$0.35,$0.35,$27,$52,$129,$356,$29,$0,$451,$22,$502,$858,$175,$173,$23,$196,$371,$0,$380,$5,$487,$858,$12,$9,$9,$19,$5,$4,$0,$-10,$-2,$29,$-4,$0,$-1,$0,$0,$0,$0,$-5,$-15,$1,$-14,$-12,$-12,$-3,$0,$-28,$-4,$4,$-3
21,2013-06-30,22.63,$30.05,0.75,$60.26,0.38,$5.91,3.83,$1.82,12.43,$0.35B,$0.18B,2.02,$0.18B,$0.48B,0.37,$1.00B,$0.32B,31.90%,$1.00B,$0.06B,5.72%,$1.00B,$0.06B,5.72%,$1.00B,$0.08B,7.52%,$1.00B,$0.05B,4.91%,$1.00B,$0.03B,3.01%,$0.03B,$0.48B,6.22%,$0.03B,$0.03B,127.66%,$0.03B,$0.86B,3.40%,$0.06B,$0.66B,8.51%,$247,$170,$77,$0,$61,$234,$12,$-1,$11,$5,$7,$7,$7,$17,$12,$16,16,$0.43,$0.43,$32,$54,$123,$354,$28,$0,$453,$25,$506,$861,$176,$178,$24,$202,$378,$0,$376,$1,$482,$861,$7,$5,$5,$9,$8,$1,$0,$-2,$4,$21,$-2,$0,$-0,$0,$0,$0,$0,$-2,$-9,$-0,$-10,$-7,$-7,$-1,$0,$-18,$1,$2,$-1
22,2013-03-31,19.42,$29.89,0.65,$59.28,0.33,$4.47,4.35,$1.73,11.23,$0.37B,$0.18B,2.01,$0.19B,$0.48B,0.39,$1.00B,$0.32B,32.06%,$1.00B,$0.06B,5.71%,$1.00B,$0.06B,5.71%,$1.00B,$0.08B,7.52%,$1.00B,$0.05B,4.81%,$1.00B,$0.03B,2.91%,$0.03B,$0.48B,6.02%,$0.03B,$0.03B,152.63%,$0.03B,$0.88B,3.27%,$0.06B,$0.67B,8.45%,$238,$159,$79,$0,$63,$225,$13,$-1,$12,$4,$7,$7,$7,$17,$13,$17,17,$0.44,$0.44,$31,$55,$128,$367,$28,$0,$456,$28,$511,$878,$182,$188,$26,$213,$396,$0,$371,$1,$482,$878,$29,$19,$14,$34,$10,$1,$0,$-22,$-16,$47,$-6,$0,$-2,$0,$0,$0,$0,$-8,$8,$5,$13,$-37,$-37,$-5,$-0,$-29,$8,$8,$-5
23,2012-12-31,21.6,$29.72,0.73,$59.48,0.36,$5.33,4.06,$1.93,11.19,$0.38B,$0.19B,1.95,$0.19B,$0.48B,0.4,$1.02B,$0.32B,31.89%,$1.02B,$0.06B,5.91%,$1.02B,$0.06B,5.91%,$1.02B,$0.08B,7.78%,$1.02B,$0.05B,5.02%,$1.02B,$0.03B,3.25%,$0.03B,$0.48B,6.81%,$0.03B,$0.02B,185.92%,$0.03B,$0.89B,3.71%,$0.06B,$0.68B,8.88%,$252,$170,$82,$0,$61,$234,$18,$-4,$14,$5,$9,$9,$9,$22,$18,$16,17,$0.52,$0.52,$29,$56,$134,$378,$27,$0,$461,$28,$516,$894,$194,$192,$24,$216,$409,$0,$365,$7,$484,$894,$22,$14,$12,$26,$5,$1,$0,$-23,$-17,$31,$-4,$0,$-2,$0,$0,$0,$0,$-6,$12,$7,$19,$-33,$-33,$-4,$-0,$-18,$7,$6,$-4
24,2012-09-30,22.57,$29.04,0.78,$59.92,0.38,$5.92,3.81,$-14.71,0.0,$0.37B,$0.20B,1.87,$0.19B,$0.48B,0.4,$1.04B,$0.33B,31.73%,$1.04B,$-0.25B,-24.33%,$1.04B,$-0.25B,-24.33%,$1.04B,$0.08B,8.08%,$1.04B,$-0.26B,-25.10%,$1.04B,$-0.26B,-24.90%,$-0.26B,$0.48B,-53.43%,$-0.26B,$0.01B,-1363.16%,$-0.26B,$0.89B,-29.14%,$-0.25B,$0.67B,-37.69%,$260,$180,$80,$0,$63,$246,$14,$-2,$12,$4,$7,$7,$7,$19,$14,$17,17,$0.43,$0.43,$25,$57,$135,$370,$27,$0,$466,$30,$523,$893,$198,$191,$25,$215,$413,$0,$358,$6,$480,$893,$13,$10,$7,$16,$11,$0,$0,$-26,$-15,$14,$-3,$0,$-2,$0,$0,$0,$0,$-5,$11,$13,$24,$-27,$-27,$-3,$-0,$-6,$3,$5,$-3
25,2012-06-30,25.31,$28.37,0.89,$60.46,0.42,$5.75,4.4,$-14.31,0.0,$0.36B,$0.18B,2.0,$0.20B,$0.48B,0.42,$1.07B,$0.34B,31.77%,$1.07B,$-0.25B,-22.96%,$1.07B,$-0.25B,-22.96%,$1.07B,$0.09B,8.62%,$1.07B,$-0.25B,-23.62%,$1.07B,$-0.25B,-23.52%,$-0.25B,$0.48B,-44.92%,$-0.25B,$0.01B,-1673.33%,$-0.25B,$0.89B,-25.94%,$-0.25B,$0.68B,-32.84%,$248,$169,$79,$0,$64,$236,$12,$-2,$10,$4,$6,$6,$6,$17,$12,$17,17,$0.34,$0.34,$20,$57,$125,$357,$27,$0,$468,$32,$528,$885,$179,$201,$25,$226,$405,$0,$352,$3,$480,$885,$6,$5,$4,$9,$8,$-0,$0,$-26,$-18,$-3,$-2,$0,$-1,$0,$0,$0,$0,$-3,$21,$2,$23,$-17,$-17,$-1,$0,$4,$-3,$3,$-1
26,2012-03-31,22.43,$28.28,0.79,$61.01,0.37,$6.68,3.36,$-14.12,0.0,$0.35B,$0.19B,1.89,$0.18B,$0.49B,0.36,$1.09B,$0.35B,31.92%,$1.09B,$-0.24B,-22.08%,$1.09B,$-0.24B,-22.08%,$1.09B,$0.10B,8.83%,$1.09B,$-0.25B,-22.63%,$1.09B,$-0.25B,-22.72%,$-0.25B,$0.49B,-38.97%,$-0.25B,$0.02B,-1796.36%,$-0.25B,$0.89B,-23.73%,$-0.24B,$0.67B,-29.48%,$256,$173,$83,$0,$63,$240,$16,$-2,$15,$3,$11,$11,$11,$21,$16,$18,18,$0.77,$0.78,$22,$57,$110,$354,$27,$0,$473,$34,$534,$888,$187,$180,$27,$206,$394,$0,$347,$7,$494,$888,$-248,$336,$-9,$327,$0,$-4,$0,$-10,$-13,$66,$-7,$0,$-41,$0,$0,$0,$0,$-48,$-2,$0,$-2,$-15,$-15,$-5,$-2,$-24,$-9,$9,$-5
27,2011-12-31,24.59,$27.76,0.89,$60.89,0.4,$6.19,3.97,$-14.08,0.0,$0.39B,$0.22B,1.79,$0.17B,$0.49B,0.36,$1.09B,$0.35B,32.32%,$1.09B,$-0.24B,-21.64%,$1.09B,$-0.24B,-21.64%,$1.09B,$0.10B,9.30%,$1.09B,$-0.24B,-22.19%,$1.09B,$-0.25B,-22.65%,$-0.25B,$0.49B,-35.06%,$-0.25B,$0.03B,-3280.00%,$-0.25B,$0.89B,-22.12%,$-0.24B,$0.66B,-26.64%,$276,$188,$88,$0,$63,$571,$-295,$-2,$-298,$-14,$-283,$-283,$-283,$27,$-295,$18,18,$-16.12,$-16.12,$25,$61,$128,$385,$24,$0,$456,$24,$505,$889,$215,$174,$15,$189,$404,$0,$337,$10,$485,$889,$-259,$331,$-15,$316,$-11,$-10,$0,$8,$-13,$44,$-5,$0,$-15,$0,$0,$0,$0,$-20,$-8,$0,$-8,$-15,$-15,$-4,$0,$-27,$-6,$8,$-4
28,2011-09-30,18.68,$43.88,0.43,$60.62,0.31,$5.82,3.21,$2.82,6.62,$0.40B,$0.22B,1.83,$0.19B,$0.78B,0.25,$1.09B,$0.35B,32.57%,$1.09B,$0.08B,7.64%,$1.09B,$0.08B,7.64%,$1.09B,$0.10B,9.38%,$1.09B,$0.08B,7.27%,$1.09B,$0.05B,4.69%,$0.05B,$0.78B,6.66%,$0.05B,$-0.00B,-886.96%,$0.05B,$1.21B,4.31%,$0.08B,$0.97B,8.71%,$287,$198,$89,$0,$63,$265,$22,$-1,$21,$7,$15,$15,$15,$27,$22,$18,18,$0.83,$0.83,$28,$63,$136,$400,$25,$0,$778,$6,$808,$1208,$219,$194,$19,$214,$432,$0,$622,$12,$776,$1208,$24,$9,$5,$14,$-13,$-11,$0,$-0,$-25,$13,$-4,$0,$-14,$0,$0,$0,$0,$-17,$13,$0,$13,$-10,$-10,$-2,$0,$1,$-3,$5,$-2
29,2011-06-30,27.27,$43.21,0.63,$59.97,0.45,$5.65,4.83,$2.76,9.88,$0.38B,$0.20B,1.85,$0.17B,$0.78B,0.22,$1.07B,$0.36B,33.08%,$1.07B,$0.09B,7.92%,$1.07B,$0.09B,7.92%,$1.07B,$0.10B,9.60%,$1.07B,$0.08B,7.46%,$1.07B,$0.05B,4.66%,$0.05B,$0.78B,6.63%,$0.05B,$0.01B,-344.83%,$0.05B,$1.18B,4.27%,$0.09B,$0.95B,9.01%,$268,$182,$87,$0,$67,$252,$17,$-1,$16,$6,$10,$10,$10,$21,$17,$18,18,$0.54,$0.53,$32,$59,$136,$377,$24,$0,$772,$5,$802,$1179,$203,$173,$23,$196,$399,$0,$608,$23,$780,$1179,$10,$4,$6,$11,$8,$-7,$0,$-7,$-7,$14,$-2,$0,$-0,$0,$0,$0,$0,$-2,$-8,$0,$-8,$-2,$-2,$-1,$0,$-11,$1,$3,$-1
30,2011-03-31,30.58,$42.76,0.72,$60.16,0.51,$5.03,6.08,$2.98,10.26,$0.37B,$0.21B,1.8,$0.18B,$0.77B,0.24,$1.07B,$0.36B,33.49%,$1.07B,$0.09B,8.51%,$1.07B,$0.09B,8.51%,$1.07B,$0.11B,10.29%,$1.07B,$0.09B,7.95%,$1.07B,$0.05B,4.96%,$0.05B,$0.77B,7.23%,$0.05B,$-0.00B,-166.93%,$0.05B,$1.17B,4.57%,$0.09B,$0.95B,9.76%,$255,$168,$87,$0,$62,$234,$21,$-1,$20,$8,$12,$12,$12,$26,$21,$18,18,$0.68,$0.67,$31,$52,$131,$371,$23,$0,$770,$7,$801,$1172,$207,$181,$18,$199,$406,$0,$600,$20,$766,$1172,$53,$18,$19,$37,$-10,$0,$0,$-25,$-35,$55,$-5,$0,$-15,$0,$0,$0,$0,$-20,$-30,$0,$-30,$9,$9,$-4,$-1,$-26,$10,$10,$-4
31,2010-12-31,33.25,$41.82,0.8,$59.56,0.56,$5.64,5.9,$2.73,12.18,$0.38B,$0.22B,1.74,$0.20B,$0.74B,0.27,$1.06B,$0.36B,33.65%,$1.06B,$0.08B,7.87%,$1.06B,$0.08B,7.87%,$1.06B,$0.11B,9.95%,$1.06B,$0.08B,7.20%,$1.06B,$0.05B,4.55%,$0.05B,$0.74B,6.72%,$0.05B,$-0.02B,-96.48%,$0.05B,$1.18B,4.18%,$0.08B,$0.94B,9.01%,$277,$186,$91,$0,$64,$253,$23,$-1,$22,$9,$14,$14,$14,$28,$23,$18,18,$0.79,$0.78,$28,$55,$111,$375,$22,$0,$767,$10,$799,$1175,$216,$198,$18,$216,$432,$0,$589,$14,$743,$1175,$41,$14,$15,$28,$-9,$-2,$0,$-21,$-33,$36,$-3,$0,$-15,$0,$0,$0,$0,$-17,$-13,$0,$-13,$4,$4,$-3,$-1,$-12,$7,$8,$-3
32,2010-09-30,27.8,$41.21,0.67,$58.56,0.47,$6.10,4.56,$2.58,10.78,$0.37B,$0.21B,1.78,$0.21B,$0.73B,0.29,$1.03B,$0.35B,34.04%,$1.03B,$0.08B,7.76%,$1.03B,$0.08B,7.76%,$1.03B,$0.10B,9.89%,$1.03B,$0.07B,6.98%,$1.03B,$0.05B,4.36%,$0.05B,$0.73B,6.42%,$0.05B,$-0.04B,-69.50%,$0.05B,$1.16B,3.93%,$0.08B,$0.93B,8.73%,$273,$183,$90,$0,$64,$249,$24,$-2,$22,$8,$14,$14,$14,$28,$24,$18,18,$0.77,$0.77,$20,$54,$103,$366,$22,$0,$762,$7,$792,$1158,$206,$207,$19,$226,$432,$0,$576,$16,$726,$1158,$27,$9,$7,$16,$-14,$-2,$0,$-19,$-35,$8,$-2,$0,$-2,$0,$0,$0,$0,$-4,$-4,$0,$-4,$-0,$-0,$-2,$0,$-6,$-1,$6,$-2
33,2010-06-30,24.14,$39.66,0.61,$56.35,0.43,$7.43,3.25,$2.28,10.59,$0.35B,$0.21B,1.68,$0.21B,$0.70B,0.3,$0.99B,$0.34B,34.65%,$0.99B,$0.07B,7.27%,$0.99B,$0.07B,7.27%,$0.99B,$0.09B,9.49%,$0.99B,$0.06B,6.36%,$0.99B,$0.04B,3.94%,$0.04B,$0.70B,5.66%,$0.04B,$-0.06B,-50.16%,$0.04B,$1.14B,3.42%,$0.07B,$0.91B,7.93%,$264,$174,$90,$0,$64,$241,$23,$-2,$21,$8,$13,$13,$13,$28,$23,$18,18,$0.75,$0.75,$17,$53,$100,$347,$23,$0,$760,$6,$789,$1135,$207,$210,$20,$231,$437,$0,$563,$3,$698,$1135,$13,$5,$5,$10,$-7,$-2,$0,$-13,$-22,$1,$-1,$0,$-2,$0,$0,$0,$0,$-3,$-1,$0,$-1,$-0,$-0,$-1,$0,$-2,$-4,$3,$-1
34,2010-03-31,26.57,$39.32,0.68,$54.78,0.48,$8.30,3.2,$1.98,13.42,$0.33B,$0.20B,1.63,$0.21B,$0.69B,0.31,$0.96B,$0.34B,34.86%,$0.96B,$0.06B,6.56%,$0.96B,$0.06B,6.56%,$0.96B,$0.09B,9.05%,$0.96B,$0.05B,5.62%,$0.96B,$0.03B,3.54%,$0.03B,$0.69B,4.99%,$0.03B,$-0.08B,-39.08%,$0.03B,$1.13B,2.98%,$0.06B,$0.90B,6.94%,$241,$157,$84,$0,$65,$227,$13,$-2,$11,$4,$7,$7,$7,$21,$13,$18,18,$0.42,$0.43,$21,$52,$114,$328,$24,$0,$766,$8,$798,$1125,$201,$211,$23,$234,$435,$0,$551,$10,$690,$1125,$35,$23,$7,$30,$22,$6,$0,$-30,$-3,$62,$-2,$0,$-19,$0,$0,$0,$0,$-21,$-39,$0,$-39,$0,$0,$-4,$0,$-43,$-3,$7,$-4
35,2009-12-31,24.43,$39.25,0.62,$54.82,0.45,$8.87,2.76,$2.03,12.03,$0.36B,$0.22B,1.66,$0.24B,$0.69B,0.34,$0.96B,$0.34B,34.96%,$0.96B,$0.06B,6.56%,$0.96B,$0.06B,6.56%,$0.96B,$0.09B,8.84%,$0.96B,$0.05B,5.62%,$0.96B,$0.04B,3.64%,$0.04B,$0.69B,5.22%,$0.04B,$-0.08B,-35.99%,$0.04B,$1.17B,3.06%,$0.06B,$0.92B,6.95%,$253,$167,$87,$0,$64,$234,$20,$-2,$18,$7,$11,$11,$11,$25,$20,$18,18,$0.63,$0.63,$29,$54,$95,$357,$25,$0,$773,$11,$808,$1165,$215,$235,$25,$261,$476,$0,$545,$17,$689,$1165,$27,$15,$7,$22,$12,$4,$0,$-22,$-7,$42,$-1,$0,$-18,$0,$0,$0,$0,$-20,$-14,$0,$-14,$0,$0,$-3,$0,$-18,$5,$5,$-3
36,2009-09-30,21.58,$38.68,0.56,$55.33,0.39,$9.41,2.29,$1.96,11.01,$0.33B,$0.21B,1.62,$0.22B,$0.68B,0.33,$0.97B,$0.34B,35.05%,$0.97B,$0.07B,6.70%,$0.97B,$0.07B,6.70%,$0.97B,$0.09B,8.97%,$0.97B,$0.05B,5.26%,$0.97B,$0.03B,3.51%,$0.03B,$0.68B,5.15%,$0.03B,$-0.09B,-32.61%,$0.03B,$1.13B,2.99%,$0.07B,$0.90B,7.23%,$232,$150,$82,$0,$65,$216,$16,$-3,$13,$5,$8,$8,$8,$20,$16,$18,18,$0.47,$0.47,$24,$53,$85,$331,$26,$0,$768,$8,$801,$1133,$205,$223,$27,$249,$454,$0,$535,$19,$679,$1133,$16,$10,$5,$15,$23,$4,$0,$-27,$-0,$31,$-1,$0,$-1,$0,$0,$0,$0,$-2,$-27,$0,$-27,$0,$0,$-2,$0,$-29,$0,$3,$-2
37,2009-06-30,28.73,$38.00,0.76,$56.60,0.51,$9.83,2.92,$2.31,12.44,$0.34B,$0.20B,1.67,$0.24B,$0.67B,0.36,$0.99B,$0.35B,35.38%,$0.99B,$0.07B,7.46%,$0.99B,$0.07B,7.46%,$0.99B,$0.10B,9.78%,$0.99B,$0.06B,6.15%,$0.99B,$0.04B,4.03%,$0.04B,$0.67B,6.12%,$0.04B,$-0.10B,-39.60%,$0.04B,$1.14B,3.54%,$0.07B,$0.90B,8.32%,$235,$153,$82,$0,$64,$221,$14,$-2,$12,$5,$8,$8,$8,$21,$14,$18,18,$0.45,$0.44,$26,$54,$75,$339,$27,$0,$766,$3,$796,$1136,$203,$237,$28,$266,$469,$0,$528,$15,$667,$1136,$8,$6,$2,$8,$12,$3,$0,$-14,$-0,$16,$-1,$0,$-1,$0,$0,$0,$0,$-1,$-12,$0,$-12,$0,$0,$-1,$0,$-13,$2,$2,$-1
38,2009-03-31,20.23,$36.92,0.55,$57.03,0.35,$9.61,2.1,$2.59,7.81,$0.34B,$0.21B,1.62,$0.25B,$0.65B,0.39,$1.00B,$0.36B,35.70%,$1.00B,$0.08B,8.00%,$1.00B,$0.08B,8.00%,$1.00B,$0.10B,10.00%,$1.00B,$0.07B,6.90%,$1.00B,$0.05B,4.50%,$0.05B,$0.65B,6.92%,$0.05B,$-0.12B,-52.79%,$0.05B,$1.14B,4.04%,$0.08B,$0.90B,9.16%,$241,$156,$85,$0,$68,$228,$13,$-2,$11,$3,$8,$8,$8,$19,$13,$18,18,$0.48,$0.48,$24,$56,$66,$340,$28,$0,$765,$3,$796,$1136,$210,$249,$30,$279,$489,$0,$521,$4,$647,$1136,$45,$21,$9,$29,$26,$11,$0,$-41,$-3,$72,$-2,$0,$-118,$0,$0,$0,$0,$-119,$51,$0,$51,$1,$1,$-4,$-0,$47,$-3,$3,$-4
39,2008-12-31,22.32,$36.90,0.61,$57.17,0.39,$10.06,2.22,$2.59,8.62,$0.34B,$0.22B,1.58,$0.25B,$0.65B,0.38,$1.00B,$0.36B,35.96%,$1.00B,$0.09B,8.67%,$1.00B,$0.09B,8.67%,$1.00B,$0.11B,10.46%,$1.00B,$0.07B,7.17%,$1.00B,$0.05B,4.48%,$0.05B,$0.65B,6.94%,$0.05B,$-0.11B,-66.67%,$0.05B,$1.14B,4.10%,$0.09B,$0.89B,10.13%,$262,$171,$91,$0,$66,$240,$22,$-6,$15,$6,$10,$10,$10,$27,$22,$18,18,$0.56,$0.56,$23,$62,$69,$344,$30,$0,$759,$3,$793,$1137,$218,$245,$26,$271,$490,$0,$514,$11,$647,$1137,$37,$14,$3,$18,$14,$5,$0,$-22,$-3,$52,$-2,$0,$-97,$0,$0,$0,$0,$-98,$47,$0,$47,$1,$1,$-3,$-0,$45,$-4,$2,$-3
40,2008-09-30,29.43,$37.28,0.79,$56.79,0.52,$9.14,3.22,$2.50,11.77,$0.34B,$0.22B,1.59,$0.21B,$0.65B,0.32,$1.00B,$0.36B,36.40%,$1.00B,$0.09B,8.90%,$1.00B,$0.09B,8.90%,$1.00B,$0.11B,10.60%,$1.00B,$0.08B,7.50%,$1.00B,$0.05B,4.60%,$0.05B,$0.65B,7.13%,$0.05B,$-0.08B,-89.76%,$0.05B,$1.11B,4.23%,$0.09B,$0.86B,10.48%,$254,$161,$93,$0,$66,$228,$25,$-3,$23,$8,$14,$14,$14,$30,$25,$18,18,$0.82,$0.82,$26,$63,$67,$343,$32,$0,$730,$3,$765,$1108,$215,$209,$29,$239,$454,$0,$505,$27,$654,$1108,$27,$9,$3,$12,$12,$5,$0,$-18,$-1,$38,$-1,$0,$-48,$0,$0,$0,$0,$-50,$12,$0,$12,$1,$1,$-2,$-0,$11,$-1,$1,$-2
41,2008-06-30,23.14,$37.23,0.62,$56.99,0.41,$7.61,3.04,$2.32,9.97,$0.34B,$0.21B,1.66,$0.19B,$0.65B,0.29,$1.01B,$0.36B,36.05%,$1.01B,$0.09B,8.74%,$1.01B,$0.09B,8.74%,$1.01B,$0.10B,10.33%,$1.01B,$0.07B,6.95%,$1.01B,$0.04B,4.27%,$0.04B,$0.65B,6.75%,$0.04B,$-0.04B,-97.73%,$0.04B,$1.07B,3.95%,$0.09B,$0.84B,10.39%,$243,$154,$88,$0,$66,$223,$20,$0,$20,$7,$13,$13,$13,$24,$20,$18,18,$0.73,$0.73,$25,$65,$58,$344,$32,$0,$689,$7,$728,$1072,$207,$191,$22,$213,$420,$0,$492,$40,$652,$1072,$13,$4,$2,$6,$1,$4,$0,$-11,$-6,$12,$-1,$0,$-6,$0,$0,$0,$0,$-7,$-6,$0,$-6,$0,$0,$-1,$-0,$-7,$-1,$1,$-1
42,2008-03-31,26.2,$36.55,0.72,$57.45,0.46,$7.32,3.58,$2.05,12.78,$0.35B,$0.21B,1.63,$0.20B,$0.64B,0.31,$1.02B,$0.37B,36.02%,$1.02B,$0.08B,8.27%,$1.02B,$0.08B,8.27%,$1.02B,$0.10B,9.94%,$1.02B,$0.06B,6.20%,$1.02B,$0.04B,3.74%,$0.04B,$0.64B,6.08%,$0.04B,$-0.05B,-73.43%,$0.04B,$1.07B,3.49%,$0.08B,$0.84B,9.94%,$245,$157,$89,$0,$67,$225,$20,$-6,$14,$6,$8,$8,$8,$24,$20,$18,18,$0.48,$0.48,$27,$68,$59,$347,$33,$0,$687,$8,$727,$1074,$213,$196,$25,$221,$434,$0,$480,$40,$640,$1074,$39,$18,$15,$33,$5,$8,$0,$-4,$9,$81,$-3,$0,$-17,$0,$0,$0,$0,$-20,$-43,$0,$-43,$-0,$-0,$-4,$-0,$-48,$9,$3,$-4
43,2007-12-31,30.65,$35.85,0.85,$57.57,0.53,$4.69,6.54,$1.94,15.8,$0.36B,$0.22B,1.63,$0.22B,$0.63B,0.35,$1.02B,$0.37B,36.14%,$1.02B,$0.08B,7.84%,$1.02B,$0.08B,7.84%,$1.02B,$0.10B,9.79%,$1.02B,$0.06B,5.78%,$1.02B,$0.04B,3.62%,$0.04B,$0.63B,6.02%,$0.04B,$-0.05B,-64.07%,$0.04B,$1.09B,3.38%,$0.08B,$0.85B,9.46%,$258,$164,$94,$0,$69,$234,$24,$-6,$18,$7,$11,$11,$11,$28,$24,$18,18,$0.64,$0.64,$20,$74,$60,$357,$34,$0,$681,$21,$736,$1093,$218,$220,$21,$241,$459,$0,$470,$34,$634,$1093,$31,$13,$12,$25,$-13,$1,$0,$-6,$-19,$37,$-2,$0,$-13,$0,$0,$0,$0,$-15,$-19,$0,$-19,$5,$5,$-3,$0,$-17,$3,$3,$-3
44,2007-09-30,36.18,$35.27,1.03,$57.90,0.62,$3.97,9.12,$2.06,17.56,$0.38B,$0.24B,1.57,$0.23B,$0.62B,0.37,$1.03B,$0.37B,36.19%,$1.03B,$0.08B,7.39%,$1.03B,$0.08B,7.39%,$1.03B,$0.10B,9.53%,$1.03B,$0.06B,5.54%,$1.03B,$0.04B,3.50%,$0.04B,$0.62B,5.97%,$0.04B,$-0.05B,-52.17%,$0.04B,$1.11B,3.28%,$0.08B,$0.85B,9.02%,$261,$168,$92,$0,$67,$236,$24,$-6,$18,$7,$11,$11,$11,$28,$24,$18,18,$0.64,$0.64,$18,$70,$66,$376,$36,$0,$670,$32,$738,$1114,$240,$230,$20,$251,$491,$0,$462,$33,$624,$1114,$19,$9,$-2,$7,$-24,$4,$0,$6,$-15,$12,$-2,$0,$-3,$0,$0,$0,$0,$-5,$-8,$0,$-8,$5,$5,$-2,$0,$-5,$1,$3,$-2
45,2007-06-30,34.96,$34.32,1.02,$58.51,0.6,$4.51,7.75,$2.16,16.19,$0.34B,$0.22B,1.54,$0.24B,$0.60B,0.39,$1.04B,$0.38B,36.51%,$1.04B,$0.08B,7.32%,$1.04B,$0.08B,7.32%,$1.04B,$0.10B,9.54%,$1.04B,$0.06B,5.49%,$1.04B,$0.04B,3.56%,$0.04B,$0.60B,6.31%,$0.04B,$-0.07B,-42.65%,$0.04B,$1.08B,3.39%,$0.08B,$0.84B,9.14%,$252,$161,$91,$0,$73,$236,$16,$-3,$13,$5,$8,$8,$8,$21,$16,$18,18,$0.47,$0.46,$16,$70,$62,$344,$37,$0,$668,$31,$736,$1080,$223,$235,$20,$255,$479,$0,$452,$28,$601,$1080,$8,$5,$-1,$4,$0,$3,$0,$-8,$-5,$8,$-1,$0,$-3,$0,$0,$0,$0,$-4,$-3,$0,$-3,$0,$0,$-1,$0,$-4,$-1,$2,$-1
46,2007-03-31,30.82,$34.22,0.9,$56.83,0.54,$4.74,6.5,$2.13,14.47,$0.34B,$0.23B,1.52,$0.24B,$0.60B,0.4,$1.02B,$0.37B,36.81%,$1.02B,$0.07B,7.28%,$1.02B,$0.07B,7.28%,$1.02B,$0.10B,9.45%,$1.02B,$0.05B,5.31%,$1.02B,$0.04B,3.54%,$0.04B,$0.60B,6.25%,$0.04B,$-0.07B,-35.64%,$0.04B,$1.09B,3.30%,$0.07B,$0.84B,8.99%,$250,$157,$92,$0,$73,$234,$16,$-5,$10,$4,$7,$7,$7,$23,$16,$18,18,$0.37,$0.38,$17,$73,$61,$344,$39,$0,$670,$37,$746,$1090,$227,$238,$26,$264,$490,$0,$450,$25,$600,$1090,$36,$23,$9,$32,$19,$-4,$0,$-46,$-31,$37,$-5,$0,$-130,$0,$0,$0,$0,$-135,$114,$0,$114,$-5,$-5,$-4,$-0,$105,$6,$9,$-4
47,2006-12-31,35.36,$33.73,1.05,$52.77,0.67,$5.76,6.14,$2.02,17.51,$0.37B,$0.24B,1.52,$0.25B,$0.59B,0.43,$0.94B,$0.35B,36.77%,$0.94B,$0.06B,6.27%,$0.94B,$0.06B,6.27%,$0.94B,$0.08B,8.18%,$0.94B,$0.04B,4.46%,$0.94B,$0.03B,3.08%,$0.03B,$0.59B,5.14%,$0.03B,$-0.09B,-38.03%,$0.03B,$1.11B,2.83%,$0.06B,$0.84B,7.54%,$265,$168,$97,$0,$74,$245,$20,$-4,$16,$6,$10,$10,$10,$26,$20,$17,18,$0.60,$0.59,$15,$74,$59,$370,$39,$0,$681,$4,$742,$1112,$243,$254,$27,$281,$523,$0,$444,$24,$589,$1112,$29,$15,$7,$23,$-1,$-7,$0,$-20,$-27,$25,$-3,$0,$-134,$0,$0,$0,$0,$-137,$129,$0,$129,$-8,$-8,$-3,$-0,$118,$4,$7,$-3
