,Date,Stock Price,Book Value per Share,Price to Book Ratio,TTM Sales per Share,Price to Sales Ratio,TTM FCF per Share,Price to FCF Ratio,TTM Net EPS,PE Ratio,Current Assets,Current Liabilities,Current Ratio,Long Term Debt,Shareholder's Equity_x,Debt to Equity Ratio,TTM Revenue_x,TTM Gross Profit,Gross Margin,TTM Revenue_y,TTM Operating Income,Operating Margin,TTM Revenue_x,TTM EBIT,EBIT Margin,TTM Revenue_y,TTM EBITDA,EBITDA Margin,TTM Revenue_x,TTM Pre-Tax Income,Pre-Tax Margin,TTM Revenue_y,TTM Net Income_x,Net Margin,TTM Net Income_y,Shareholder's Equity_y,Return on Equity,TTM Net Income_x,Tangible Equity,Return on Tangible Equity,TTM Net Income_y,Total Assets,Return on Assets,TTM Net Income,LT Investments & Debt,Return on Investment,revenue,cost-goods-sold,gross-profit,research-development-expenses,selling-general-administrative-expenses,operating-expenses,operating-income,total-non-operating-income-expense,pre-tax-income,total-provision-income-taxes,income-after-taxes,income-from-continuous-operations,net-income,ebitda,ebit,basic-shares-outstanding,shares-outstanding,eps-basic-net-earnings-per-share,eps-earnings-per-share-diluted,cash-on-hand,inventory,other-current-assets,total-current-assets,net-property-plant-equipment,long-term-investments,goodwill-intangible-assets-total,other-long-term-assets,total-long-term-assets,total-assets,total-current-liabilities,long-term-debt,other-non-current-liabilities,total-long-term-liabilities,total-liabilities,common-stock-net,retained-earnings-accumulated-deficit,comprehensive-income,total-share-holder-equity,total-liabilities-share-holders-equity,net-income-loss,total-depreciation-amortization-cash-flow,other-non-cash-items,total-non-cash-items,change-in-accounts-receivable,change-in-inventories,change-in-accounts-payable,change-in-assets-liabilities,total-change-in-assets-liabilities,cash-flow-from-operating-activities,net-change-in-property-plant-equipment,net-change-in-intangible-assets,net-acquisitions-divestitures,net-change-in-short-term-investments,net-change-in-long-term-investments,net-change-in-investments-total,investing-activities-other,cash-flow-from-investing-activities,net-long-term-debt,net-current-debt,debt-issuance-retirement-net-total,net-common-equity-issued-repurchased,net-total-equity-issued-repurchased,total-common-preferred-stock-dividends-paid,financial-activities-other,cash-flow-from-financial-activities,net-cash-flow,stock-based-compensation,common-stock-dividends-paid
0,2018-09-30,66.78,$13.54,4.93,$125.61,0.53,$21.24,3.14,$1.59,42.0,$0.32B,$0.34B,0.94,$0.00B,$0.10B,0.04,$0.95B,$0.17B,18.25%,$0.95B,$0.03B,3.38%,$0.95B,$0.03B,3.38%,$0.95B,$0.04B,3.90%,$0.95B,$0.04B,4.11%,$0.95B,$0.03B,3.27%,$0.03B,$0.10B,35.53%,$0.03B,$0.05B,78.48%,$0.03B,$0.74B,4.39%,$0.03B,$0.10B,34.97%,$247,$188,$60,$0,$37,$225,$22,$2,$24,$5,$19,$19,$19,$23,$22,$7,8,$2.59,$2.50,$148,$0,$0,$323,$27,$335,$48,$3,$421,$743,$343,$4,$297,$301,$643,$0,$94,$-7,$100,$743,$21,$3,$4,$7,$-26,$0,$-1,$29,$18,$47,$-4,$0,$0,$-104,$55,$-49,$0,$-54,$-0,$0,$-0,$-3,$-3,$-5,$0,$-8,$-15,$4,$-5
1,2018-06-30,96.57,$11.61,8.32,$125.15,0.77,$23.38,4.13,$3.55,27.2,$0.31B,$0.33B,0.93,$0.00B,$0.09B,0.05,$0.94B,$0.17B,17.85%,$0.94B,$0.03B,3.19%,$0.94B,$0.03B,3.19%,$0.94B,$0.04B,3.72%,$0.94B,$0.04B,3.83%,$0.94B,$0.03B,2.87%,$0.03B,$0.09B,32.73%,$0.03B,$0.04B,77.70%,$0.03B,$0.71B,3.94%,$0.03B,$0.09B,34.58%,$232,$183,$48,$0,$36,$220,$12,$2,$14,$2,$11,$11,$11,$13,$12,$7,8,$1.54,$1.46,$142,$0,$0,$307,$26,$316,$48,$3,$401,$708,$330,$4,$290,$294,$624,$0,$76,$-6,$85,$708,$2,$2,$3,$5,$-16,$0,$-1,$23,$9,$16,$-4,$0,$0,$-71,$0,$-71,$0,$-74,$-0,$0,$-0,$-0,$-0,$-4,$0,$-4,$-62,$3,$-4
2,2018-03-31,82.64,$10.32,8.0,$124.85,0.66,$23.27,3.55,$3.56,23.21,$0.29B,$0.33B,0.88,$0.00B,$0.08B,0.06,$0.94B,$0.16B,17.54%,$0.94B,$0.03B,3.53%,$0.94B,$0.03B,3.53%,$0.94B,$0.04B,4.06%,$0.94B,$0.04B,4.06%,$0.94B,$0.03B,2.89%,$0.03B,$0.08B,34.50%,$0.03B,$0.03B,88.52%,$0.03B,$0.69B,4.09%,$0.03B,$0.08B,40.00%,$224,$208,$16,$0,$29,$238,$-14,$2,$-12,$-3,$-9,$-9,$-9,$-13,$-14,$7,7,$-1.25,$-1.25,$129,$0,$0,$290,$25,$304,$48,$15,$400,$690,$330,$4,$280,$284,$615,$0,$67,$-5,$75,$690,$-9,$1,$2,$3,$-10,$0,$-1,$11,$4,$-2,$-1,$0,$0,$-60,$0,$-60,$0,$-61,$-0,$0,$-0,$-0,$-0,$-2,$0,$-2,$-65,$2,$-2
3,2017-12-31,64.12,$12.17,5.27,$123.16,0.52,$23.48,2.73,$3.26,19.67,$0.31B,$0.32B,0.96,$0.00B,$0.09B,0.05,$0.92B,$0.16B,17.16%,$0.92B,$0.03B,3.26%,$0.92B,$0.03B,3.26%,$0.92B,$0.04B,3.80%,$0.92B,$0.03B,3.58%,$0.92B,$0.03B,2.71%,$0.03B,$0.09B,33.78%,$0.03B,$0.04B,96.15%,$0.03B,$0.68B,3.92%,$0.03B,$0.09B,38.96%,$245,$196,$49,$0,$35,$233,$12,$2,$13,$3,$10,$10,$10,$14,$12,$7,8,$1.45,$1.45,$164,$0,$0,$308,$25,$292,$48,$3,$374,$682,$322,$4,$267,$271,$594,$0,$78,$-1,$89,$682,$25,$5,$8,$14,$-10,$0,$0,$59,$74,$113,$-4,$0,$0,$-91,$0,$-91,$0,$-95,$-0,$0,$-0,$-2,$-2,$-7,$0,$-9,$9,$4,$-7
4,2017-09-30,55.99,$11.05,5.07,$120.72,0.46,$19.14,2.92,$2.96,18.91,$0.29B,$0.32B,0.91,$0.00B,$0.08B,0.05,$0.90B,$0.15B,16.95%,$0.90B,$0.03B,3.12%,$0.90B,$0.03B,3.12%,$0.90B,$0.03B,3.57%,$0.90B,$0.03B,3.34%,$0.90B,$0.02B,2.56%,$0.02B,$0.08B,33.21%,$0.02B,$0.03B,108.24%,$0.02B,$0.66B,3.76%,$0.03B,$0.09B,38.75%,$240,$185,$55,$0,$34,$220,$20,$2,$21,$7,$15,$15,$15,$21,$20,$7,8,$2.03,$1.96,$127,$0,$0,$290,$26,$282,$48,$3,$369,$659,$318,$4,$256,$261,$579,$0,$69,$0,$81,$659,$15,$3,$3,$6,$-30,$0,$-1,$38,$40,$61,$-3,$0,$0,$-359,$53,$-306,$0,$-309,$-0,$0,$-0,$-2,$-2,$-5,$0,$-7,$-256,$3,$-5
5,2017-06-30,56.45,$9.35,6.04,$119.21,0.47,$18.67,3.02,$2.38,23.72,$0.26B,$0.30B,0.89,$0.00B,$0.07B,0.06,$0.88B,$0.15B,16.67%,$0.88B,$0.03B,2.95%,$0.88B,$0.03B,2.95%,$0.88B,$0.03B,3.40%,$0.88B,$0.02B,2.72%,$0.88B,$0.02B,2.04%,$0.02B,$0.07B,27.91%,$0.02B,$0.02B,107.46%,$0.02B,$0.61B,3.04%,$0.03B,$0.07B,38.38%,$226,$181,$44,$0,$28,$210,$15,$1,$16,$5,$11,$11,$11,$16,$15,$7,8,$1.53,$1.47,$106,$0,$0,$262,$27,$260,$48,$3,$348,$610,$295,$4,$243,$247,$542,$0,$56,$0,$68,$610,$-0,$2,$2,$4,$-21,$0,$0,$20,$11,$14,$-2,$0,$0,$-236,$0,$-236,$0,$-239,$-0,$0,$-0,$0,$0,$-4,$0,$-4,$-228,$2,$-4
6,2017-03-31,53.59,$7.94,6.75,$117.09,0.46,$17.34,3.09,$2.07,25.89,$0.22B,$0.30B,0.74,$0.00B,$0.06B,0.0,$0.86B,$0.15B,16.88%,$0.86B,$0.02B,2.79%,$0.86B,$0.02B,2.79%,$0.86B,$0.03B,3.26%,$0.86B,$0.02B,2.44%,$0.86B,$0.02B,1.86%,$0.02B,$0.06B,26.34%,$0.02B,$0.01B,123.08%,$0.02B,$0.60B,2.74%,$0.02B,$0.06B,37.35%,$210,$200,$10,$0,$27,$227,$-17,$0,$-17,$-6,$-11,$-11,$-11,$-16,$-17,$7,7,$-1.55,$-1.55,$70,$0,$0,$220,$27,$273,$48,$21,$378,$597,$298,$0,$242,$242,$540,$0,$47,$-0,$58,$597,$-11,$1,$1,$2,$-13,$0,$-1,$10,$9,$-1,$-1,$0,$0,$-92,$0,$-92,$0,$-93,$-0,$0,$-0,$0,$0,$-2,$0,$-2,$-96,$1,$-2
7,2016-12-31,62.64,$9.62,6.51,$114.62,0.55,$16.31,3.84,$2.51,24.96,$0.24B,$0.28B,0.86,$0.00B,$0.07B,0.06,$0.84B,$0.15B,17.26%,$0.84B,$0.03B,3.45%,$0.84B,$0.03B,3.45%,$0.84B,$0.03B,3.81%,$0.84B,$0.03B,3.10%,$0.84B,$0.02B,2.26%,$0.02B,$0.07B,32.90%,$0.02B,$0.02B,190.00%,$0.02B,$0.58B,3.30%,$0.03B,$0.07B,47.35%,$221,$178,$43,$0,$33,$211,$10,$-0,$10,$2,$8,$8,$8,$11,$10,$7,7,$1.12,$1.12,$105,$0,$0,$235,$27,$253,$48,$9,$347,$582,$275,$4,$233,$237,$512,$0,$60,$-0,$70,$582,$19,$3,$1,$4,$-36,$0,$2,$54,$57,$80,$-6,$0,$0,$-27,$0,$-27,$0,$-33,$-15,$0,$-15,$-0,$-0,$-6,$0,$-22,$26,$3,$-6
8,2016-09-30,48.29,$8.61,5.61,$111.00,0.44,$19.47,2.48,$2.98,16.2,$0.24B,$0.28B,0.86,$0.00B,$0.06B,0.07,$0.81B,$0.14B,17.59%,$0.81B,$0.03B,4.06%,$0.81B,$0.03B,4.06%,$0.81B,$0.04B,4.43%,$0.81B,$0.03B,3.69%,$0.81B,$0.02B,2.71%,$0.02B,$0.06B,40.74%,$0.02B,$0.02B,352.00%,$0.02B,$0.58B,3.96%,$0.03B,$0.07B,58.41%,$225,$176,$50,$0,$30,$207,$18,$-3,$15,$5,$10,$10,$10,$19,$18,$7,7,$1.41,$1.38,$80,$0,$0,$244,$26,$246,$48,$16,$335,$580,$284,$4,$216,$233,$517,$0,$54,$0,$62,$580,$11,$2,$2,$4,$-50,$0,$1,$40,$43,$57,$-4,$0,$0,$-123,$91,$-32,$0,$-36,$-15,$0,$-15,$-0,$-0,$-5,$0,$-20,$2,$2,$-5
9,2016-06-30,40.03,$7.39,5.42,$107.60,0.37,$18.96,2.11,$3.17,12.63,$0.25B,$0.30B,0.84,$0.01B,$0.05B,0.08,$0.79B,$0.14B,17.28%,$0.79B,$0.03B,4.07%,$0.79B,$0.03B,4.07%,$0.79B,$0.03B,4.32%,$0.79B,$0.03B,4.07%,$0.79B,$0.02B,2.92%,$0.02B,$0.05B,59.74%,$0.02B,$0.01B,920.00%,$0.02B,$0.58B,5.61%,$0.03B,$0.06B,80.50%,$203,$161,$42,$0,$28,$190,$13,$0,$13,$4,$9,$9,$9,$14,$13,$7,7,$1.18,$1.16,$49,$0,$0,$252,$24,$248,$48,$5,$324,$577,$299,$5,$207,$224,$523,$0,$45,$0,$53,$577,$1,$2,$1,$2,$-87,$0,$1,$23,$2,$4,$-3,$0,$0,$-16,$0,$-16,$0,$-19,$-8,$0,$-8,$0,$0,$-3,$0,$-10,$-25,$1,$-3
10,2016-03-31,27.64,$6.33,4.36,$104.67,0.26,$20.24,1.37,$3.20,8.64,$0.28B,$0.31B,0.9,$0.00B,$0.05B,0.0,$0.77B,$0.13B,16.97%,$0.77B,$0.03B,4.31%,$0.77B,$0.03B,4.31%,$0.77B,$0.04B,4.57%,$0.77B,$0.03B,4.31%,$0.77B,$0.02B,3.00%,$0.02B,$0.05B,65.25%,$0.02B,$-0.00B,-3066.67%,$0.02B,$0.57B,5.92%,$0.03B,$0.05B,84.62%,$191,$181,$10,$0,$22,$203,$-12,$-0,$-12,$-4,$-8,$-8,$-8,$-12,$-12,$7,7,$-1.11,$-1.11,$84,$0,$0,$278,$23,$211,$48,$5,$287,$566,$308,$0,$198,$212,$520,$0,$38,$0,$46,$566,$-8,$1,$0,$1,$-73,$0,$1,$8,$-1,$-8,$-1,$0,$0,$29,$0,$29,$0,$27,$-0,$0,$-0,$0,$0,$-2,$0,$-1,$18,$0,$-2
11,2015-12-31,41.59,$7.57,5.49,$101.50,0.41,$22.20,1.87,$3.50,11.88,$0.23B,$0.24B,0.96,$0.00B,$0.06B,0.0,$0.74B,$0.13B,17.41%,$0.74B,$0.04B,4.86%,$0.74B,$0.04B,4.86%,$0.74B,$0.04B,5.26%,$0.74B,$0.04B,4.86%,$0.74B,$0.03B,3.37%,$0.03B,$0.06B,78.74%,$0.03B,$0.01B,-588.24%,$0.03B,$0.50B,6.77%,$0.04B,$0.06B,88.89%,$194,$153,$41,$0,$26,$180,$14,$-0,$14,$2,$11,$11,$11,$15,$14,$7,7,$1.61,$1.59,$111,$0,$0,$227,$23,$194,$48,$5,$270,$497,$237,$0,$192,$205,$442,$0,$48,$-0,$55,$497,$25,$3,$5,$8,$12,$0,$0,$38,$67,$101,$-3,$0,$0,$-53,$0,$-53,$0,$-56,$-25,$0,$-25,$0,$0,$-6,$-0,$-31,$14,$2,$-6
12,2015-09-30,40.8,$0.00,0.0,$99.62,0.41,$17.99,2.27,$2.92,13.97,$0.00B,$0.00B,0.0,$0.00B,$0.00B,0.0,$0.72B,$0.13B,17.31%,$0.72B,$0.04B,5.26%,$0.72B,$0.04B,5.26%,$0.72B,$0.04B,5.68%,$0.72B,$0.04B,5.26%,$0.72B,$0.02B,3.19%,$0.02B,$0.00B,87.62%,$0.02B,$0.00B,-235.90%,$0.02B,$0.00B,6.42%,$0.04B,$0.00B,95.00%,$199,$156,$43,$0,$25,$182,$17,$-0,$17,$6,$11,$11,$11,$17,$17,$7,7,$1.52,$1.49,$0,$0,$0,$0,$0,$0,$0,$0,$0,$0,$0,$0,$0,$0,$0,$0,$0,$0,$0,$0,$14,$2,$2,$4,$-53,$0,$0,$28,$33,$51,$-2,$0,$0,$-29,$0,$-29,$0,$-31,$-10,$0,$-10,$0,$0,$-5,$0,$-15,$5,$2,$-5
13,2015-06-30,34.3,$5.61,6.11,$97.00,0.35,$15.41,2.23,$-3.92,0.0,$0.22B,$0.26B,0.85,$0.02B,$0.04B,0.37,$0.70B,$0.04B,5.59%,$0.70B,$-0.04B,-6.30%,$0.70B,$-0.04B,-6.30%,$0.70B,$-0.04B,-5.73%,$0.70B,$-0.04B,-6.16%,$0.70B,$-0.03B,-3.72%,$-0.03B,$0.04B,-74.82%,$-0.03B,$-0.01B,200.00%,$-0.03B,$0.49B,-5.66%,$-0.04B,$0.06B,-88.44%,$182,$145,$36,$0,$21,$168,$14,$-0,$14,$5,$9,$9,$9,$15,$14,$7,7,$1.24,$1.21,$26,$0,$26,$220,$23,$196,$48,$5,$272,$491,$258,$15,$171,$194,$451,$0,$34,$0,$40,$491,$3,$1,$1,$2,$-35,$0,$-0,$16,$7,$13,$-1,$0,$0,$-16,$0,$-16,$0,$-17,$-3,$3,$0,$1,$1,$-3,$0,$-2,$-7,$1,$-3
14,2015-03-31,40.22,$4.49,8.95,$92.52,0.43,$14.73,2.73,$-4.13,0.0,$0.22B,$0.26B,0.82,$0.02B,$0.03B,0.62,$0.67B,$0.03B,4.95%,$0.67B,$-0.05B,-7.05%,$0.67B,$-0.05B,-7.05%,$0.67B,$-0.04B,-6.45%,$0.67B,$-0.05B,-6.90%,$0.67B,$-0.03B,-4.20%,$-0.03B,$0.03B,-64.74%,$-0.03B,$-0.02B,622.22%,$-0.03B,$0.49B,-6.64%,$-0.05B,$0.05B,-84.30%,$166,$157,$9,$0,$17,$175,$-9,$-0,$-9,$-3,$-6,$-6,$-6,$-8,$-9,$7,7,$-0.82,$-0.82,$37,$0,$13,$216,$23,$199,$48,$5,$274,$490,$263,$20,$167,$195,$458,$0,$27,$0,$32,$490,$-6,$1,$1,$1,$-28,$0,$1,$5,$10,$6,$-1,$0,$0,$-6,$0,$-6,$0,$-6,$-0,$6,$6,$0,$0,$-2,$0,$4,$4,$1,$-2
15,2014-12-31,25.58,$4.61,5.55,$88.05,0.29,$14.87,1.72,$-3.82,0.0,$0.18B,$0.23B,0.81,$0.02B,$0.03B,0.6,$0.64B,$0.03B,5.19%,$0.64B,$-0.04B,-6.92%,$0.64B,$-0.04B,-6.92%,$0.64B,$-0.04B,-6.29%,$0.64B,$-0.04B,-6.76%,$0.64B,$-0.03B,-4.09%,$-0.03B,$0.03B,-49.76%,$-0.03B,$-0.02B,-577.78%,$-0.03B,$0.45B,-6.80%,$-0.04B,$0.05B,-72.13%,$175,$138,$37,$0,$21,$159,$16,$0,$16,$7,$9,$9,$9,$17,$16,$7,7,$1.18,$1.22,$45,$0,$0,$183,$23,$194,$48,$5,$270,$452,$225,$20,$166,$194,$420,$0,$28,$-0,$33,$452,$-26,$3,$-9,$-6,$-17,$0,$-1,$104,$101,$70,$-5,$0,$0,$-178,$0,$-178,$0,$-182,$40,$0,$40,$-4,$-4,$-5,$0,$31,$-82,$2,$-5
16,2014-09-30,36.51,$4.80,7.6,$83.68,0.44,$14.73,2.48,$-4.05,0.0,$0.25B,$0.20B,1.26,$0.01B,$0.03B,0.14,$0.61B,$0.02B,2.62%,$0.61B,$-0.06B,-9.34%,$0.61B,$-0.06B,-9.34%,$0.61B,$-0.05B,-8.69%,$0.61B,$-0.06B,-9.18%,$0.61B,$-0.03B,-5.25%,$-0.03B,$0.03B,-51.41%,$-0.03B,$-0.01B,-220.69%,$-0.03B,$0.41B,-9.21%,$-0.06B,$0.04B,-84.76%,$175,$218,$-43,$0,$21,$240,$-65,$0,$-64,$-27,$-38,$-38,$-38,$-64,$-65,$7,7,$-5.27,$-5.27,$87,$0,$0,$251,$23,$81,$48,$4,$155,$406,$200,$5,$162,$172,$372,$0,$29,$-0,$34,$406,$-34,$2,$-13,$-12,$-44,$0,$-0,$95,$79,$34,$-4,$0,$0,$-58,$0,$-58,$-8,$-70,$-0,$0,$-0,$-2,$-2,$-4,$0,$-5,$-42,$1,$-4
17,2014-06-30,43.32,$10.29,4.21,$79.23,0.55,$16.50,2.63,$2.43,17.83,$0.20B,$0.16B,1.21,$0.01B,$0.07B,0.07,$0.58B,$0.09B,15.27%,$0.58B,$0.02B,3.60%,$0.58B,$0.02B,3.60%,$0.58B,$0.02B,4.12%,$0.58B,$0.02B,3.60%,$0.58B,$0.02B,2.57%,$0.02B,$0.07B,21.20%,$0.02B,$0.03B,65.93%,$0.02B,$0.34B,4.66%,$0.02B,$0.08B,27.72%,$151,$121,$30,$0,$18,$140,$11,$0,$11,$4,$7,$7,$7,$12,$11,$7,7,$1.02,$0.98,$80,$0,$0,$198,$22,$66,$48,$4,$140,$338,$164,$5,$85,$101,$264,$0,$68,$-0,$74,$338,$4,$1,$0,$1,$-18,$0,$-1,$8,$4,$9,$-2,$0,$0,$-40,$0,$-40,$-8,$-51,$-0,$0,$-0,$-1,$-1,$-3,$0,$-3,$-46,$1,$-3
18,2014-03-31,54.7,$9.49,5.76,$76.34,0.72,$17.69,3.09,$2.25,24.31,$0.21B,$0.17B,1.26,$0.01B,$0.07B,0.07,$0.56B,$0.08B,14.80%,$0.56B,$0.02B,3.39%,$0.56B,$0.02B,3.39%,$0.56B,$0.02B,3.74%,$0.56B,$0.02B,3.39%,$0.56B,$0.01B,2.50%,$0.01B,$0.07B,20.97%,$0.01B,$0.02B,74.67%,$0.01B,$0.33B,4.62%,$0.02B,$0.07B,26.48%,$135,$126,$9,$0,$14,$141,$-6,$0,$-6,$-2,$-4,$-4,$-4,$-5,$-6,$7,7,$-0.50,$-0.50,$97,$0,$0,$208,$22,$51,$48,$4,$124,$333,$166,$5,$84,$99,$265,$0,$62,$-0,$68,$333,$-4,$1,$-0,$0,$-10,$0,$-1,$5,$11,$8,$-2,$0,$0,$-32,$0,$-32,$0,$-34,$-0,$0,$-0,$0,$0,$-1,$0,$-1,$-27,$0,$-1
19,2013-12-31,84.92,$10.13,8.39,$73.38,1.16,$18.54,4.58,$2.39,35.53,$0.21B,$0.15B,1.44,$0.01B,$0.07B,0.07,$0.54B,$0.08B,15.24%,$0.54B,$0.02B,3.90%,$0.54B,$0.02B,3.90%,$0.54B,$0.02B,4.09%,$0.54B,$0.02B,3.90%,$0.54B,$0.02B,2.79%,$0.02B,$0.07B,24.00%,$0.02B,$0.03B,103.45%,$0.02B,$0.31B,5.32%,$0.02B,$0.08B,31.11%,$149,$128,$20,$0,$16,$145,$3,$-0,$3,$0,$3,$3,$3,$4,$3,$7,7,$0.48,$0.47,$113,$0,$0,$211,$21,$30,$48,$4,$102,$313,$146,$5,$78,$94,$241,$0,$67,$-0,$73,$313,$16,$2,$-2,$0,$-22,$0,$1,$47,$54,$70,$-4,$0,$0,$-1,$64,$63,$-77,$-17,$-0,$-5,$-5,$2,$2,$-4,$2,$-5,$48,$1,$-4
20,2013-09-30,61.5,$9.49,6.48,$67.74,0.91,$14.94,4.12,$2.45,25.1,$0.22B,$0.16B,1.4,$0.01B,$0.07B,0.08,$0.50B,$0.08B,16.70%,$0.50B,$0.03B,5.17%,$0.50B,$0.03B,5.17%,$0.50B,$0.03B,5.37%,$0.50B,$0.03B,5.37%,$0.50B,$0.02B,3.58%,$0.02B,$0.07B,31.17%,$0.02B,$0.02B,184.62%,$0.02B,$0.30B,6.90%,$0.03B,$0.07B,41.43%,$148,$118,$30,$0,$17,$135,$13,$0,$13,$4,$9,$9,$9,$13,$13,$7,7,$1.26,$1.21,$42,$0,$64,$217,$20,$16,$48,$3,$88,$304,$155,$5,$66,$81,$236,$0,$62,$-0,$68,$304,$12,$1,$-2,$-0,$-35,$0,$1,$31,$35,$47,$-3,$0,$0,$13,$0,$13,$-64,$-54,$-0,$-5,$-5,$2,$2,$-3,$2,$-4,$-11,$1,$-3
21,2013-06-30,47.61,$8.18,5.82,$63.27,0.75,$13.19,3.61,$2.05,23.22,$0.18B,$0.13B,1.36,$0.01B,$0.06B,0.09,$0.47B,$0.08B,16.31%,$0.47B,$0.02B,4.51%,$0.47B,$0.02B,4.51%,$0.47B,$0.02B,4.94%,$0.47B,$0.02B,4.94%,$0.47B,$0.02B,3.22%,$0.02B,$0.06B,28.30%,$0.02B,$0.01B,300.00%,$0.02B,$0.26B,6.31%,$0.02B,$0.06B,37.00%,$129,$105,$24,$0,$14,$120,$9,$0,$9,$3,$6,$6,$6,$9,$9,$7,7,$0.83,$0.80,$14,$0,$64,$176,$20,$15,$48,$3,$86,$261,$130,$5,$58,$74,$203,$0,$54,$-0,$58,$261,$3,$1,$-1,$0,$-17,$0,$1,$17,$14,$17,$-2,$0,$0,$16,$0,$16,$-64,$-50,$-0,$-5,$-5,$1,$1,$-2,$1,$-4,$-37,$0,$-2
22,2013-03-31,47.91,$7.28,6.58,$59.29,0.81,$12.78,3.75,$1.78,26.92,$0.16B,$0.13B,1.21,$0.01B,$0.05B,0.1,$0.43B,$0.07B,15.70%,$0.43B,$0.02B,3.93%,$0.43B,$0.02B,3.93%,$0.43B,$0.02B,4.62%,$0.43B,$0.02B,4.62%,$0.43B,$0.01B,3.00%,$0.01B,$0.05B,26.40%,$0.01B,$0.00B,866.67%,$0.01B,$0.25B,5.70%,$0.02B,$0.06B,32.85%,$112,$103,$8,$0,$12,$116,$-4,$0,$-4,$-1,$-3,$-3,$-3,$-4,$-4,$7,7,$-0.36,$-0.36,$67,$0,$0,$157,$19,$22,$48,$3,$92,$249,$129,$5,$53,$69,$198,$0,$49,$0,$51,$249,$-3,$0,$-0,$0,$-6,$0,$0,$8,$15,$13,$-1,$0,$0,$-4,$0,$-4,$0,$-6,$-0,$-5,$-5,$0,$0,$-1,$0,$-5,$2,$0,$-1
23,2012-12-31,34.55,$7.68,4.5,$51.75,0.67,$12.20,2.83,$1.92,18.0,$0.14B,$0.11B,1.25,$0.01B,$0.05B,0.1,$0.40B,$0.07B,16.63%,$0.40B,$0.02B,4.22%,$0.40B,$0.02B,4.22%,$0.40B,$0.02B,5.21%,$0.40B,$0.02B,5.21%,$0.40B,$0.01B,3.47%,$0.01B,$0.05B,30.11%,$0.01B,$0.01B,-1120.00%,$0.01B,$0.23B,6.37%,$0.02B,$0.06B,35.60%,$114,$91,$22,$0,$13,$105,$8,$0,$9,$3,$6,$6,$6,$9,$8,$8,8,$0.55,$0.55,$62,$0,$0,$139,$18,$20,$48,$4,$89,$229,$111,$5,$48,$64,$175,$0,$53,$0,$54,$229,$13,$1,$1,$2,$-17,$0,$0,$26,$30,$46,$-4,$0,$0,$6,$0,$6,$0,$2,$5,$5,$10,$-24,$-58,$-4,$0,$-52,$-4,$1,$-4
24,2012-09-30,24.49,$6.94,3.53,$45.65,0.54,$9.83,2.49,$1.11,22.06,$0.12B,$0.11B,1.06,$0.00B,$0.05B,0.0,$0.37B,$0.05B,14.17%,$0.37B,$0.01B,1.60%,$0.37B,$0.01B,1.60%,$0.37B,$0.01B,2.67%,$0.37B,$0.01B,2.67%,$0.37B,$0.01B,2.14%,$0.01B,$0.05B,13.68%,$0.01B,$0.00B,74.42%,$0.01B,$0.21B,3.67%,$0.01B,$0.05B,10.26%,$111,$90,$22,$0,$13,$103,$8,$0,$9,$3,$6,$6,$6,$9,$8,$7,7,$0.83,$0.81,$38,$0,$0,$120,$17,$23,$48,$5,$92,$212,$113,$0,$42,$51,$163,$0,$48,$-0,$49,$212,$7,$1,$0,$2,$-24,$0,$0,$19,$24,$32,$-3,$0,$0,$4,$0,$4,$0,$1,$0,$0,$0,$-24,$-58,$-3,$0,$-61,$-27,$0,$-3
25,2012-06-30,19.02,$6.19,3.07,$38.64,0.49,$8.06,2.36,$0.84,22.64,$0.13B,$0.10B,1.29,$0.00B,$0.04B,0.0,$0.35B,$0.05B,13.51%,$0.35B,$0.00B,1.15%,$0.35B,$0.00B,1.15%,$0.35B,$0.01B,2.01%,$0.35B,$0.01B,2.01%,$0.35B,$0.01B,2.01%,$0.01B,$0.04B,9.72%,$0.01B,$-0.00B,28.57%,$0.01B,$0.22B,3.19%,$0.00B,$0.04B,5.56%,$96,$79,$16,$0,$11,$90,$5,$0,$6,$2,$4,$4,$4,$6,$5,$7,7,$0.54,$0.53,$51,$0,$0,$126,$16,$27,$48,$5,$96,$222,$98,$0,$38,$81,$179,$0,$43,$0,$43,$222,$2,$1,$0,$1,$-17,$0,$0,$10,$11,$13,$-2,$0,$0,$1,$0,$1,$0,$-1,$0,$0,$0,$-24,$-24,$-2,$0,$-25,$-13,$0,$-2
26,2012-03-31,17.74,$5.73,3.09,$32.57,0.54,$7.60,2.33,$0.65,27.29,$0.12B,$0.10B,1.27,$0.00B,$0.04B,0.0,$0.33B,$0.04B,13.41%,$0.33B,$0.00B,0.91%,$0.33B,$0.00B,0.91%,$0.33B,$0.01B,1.52%,$0.33B,$0.01B,1.52%,$0.33B,$0.01B,1.83%,$0.01B,$0.04B,6.92%,$0.01B,$-0.01B,15.38%,$0.01B,$0.22B,2.74%,$0.00B,$0.04B,3.46%,$82,$76,$7,$0,$10,$86,$-4,$0,$-3,$-1,$-2,$-2,$-2,$-3,$-4,$10,10,$-0.22,$-0.22,$54,$0,$0,$123,$15,$24,$48,$6,$93,$216,$97,$0,$36,$79,$176,$0,$40,$0,$40,$216,$-2,$0,$-1,$-1,$-7,$0,$0,$4,$15,$11,$-1,$0,$0,$3,$0,$3,$0,$2,$0,$0,$0,$-24,$-24,$-1,$0,$-25,$-11,$0,$-1
27,2011-12-31,17.74,$10.30,1.72,$30.93,0.57,$7.58,2.34,$1.41,12.58,$0.13B,$0.08B,1.63,$0.00B,$0.10B,0.0,$0.32B,$0.04B,13.65%,$0.32B,$0.00B,0.95%,$0.32B,$0.00B,0.95%,$0.32B,$0.01B,1.59%,$0.32B,$0.02B,4.76%,$0.32B,$0.01B,4.44%,$0.01B,$0.10B,13.76%,$0.01B,$0.05B,25.93%,$0.01B,$0.22B,6.39%,$0.00B,$0.10B,2.95%,$85,$76,$8,$0,$11,$87,$-3,$0,$-2,$-2,$-0,$-0,$-0,$-2,$-3,$10,10,$0.00,$-0.01,$66,$0,$0,$129,$16,$25,$48,$5,$94,$223,$79,$0,$34,$42,$121,$0,$81,$-0,$102,$223,$14,$1,$1,$2,$-9,$0,$1,$10,$15,$31,$-1,$0,$0,$-3,$0,$-3,$0,$-4,$0,$0,$0,$-5,$-5,$-4,$0,$-9,$19,$0,$-4
28,2011-09-30,12.31,$10.42,1.18,$29.68,0.41,$6.19,1.99,$1.73,7.12,$0.13B,$0.08B,1.66,$0.00B,$0.10B,0.0,$0.30B,$0.05B,16.12%,$0.30B,$0.01B,3.29%,$0.30B,$0.01B,3.29%,$0.30B,$0.01B,3.62%,$0.30B,$0.02B,6.91%,$0.30B,$0.02B,5.59%,$0.02B,$0.10B,17.00%,$0.02B,$0.06B,32.38%,$0.02B,$0.22B,8.09%,$0.01B,$0.10B,10.00%,$85,$69,$16,$0,$10,$79,$6,$0,$6,$1,$5,$5,$5,$6,$6,$10,10,$0.54,$0.54,$68,$0,$0,$129,$15,$19,$48,$7,$89,$218,$78,$0,$29,$37,$115,$0,$82,$-0,$103,$218,$14,$1,$0,$1,$-13,$0,$0,$5,$9,$25,$-1,$0,$0,$-6,$0,$-6,$0,$-7,$0,$0,$0,$-4,$-4,$-3,$0,$-7,$11,$0,$-3
29,2011-06-30,12.57,$10.04,1.25,$28.43,0.44,$4.25,2.96,$1.55,8.11,$0.13B,$0.08B,1.59,$0.00B,$0.10B,0.0,$0.29B,$0.05B,16.04%,$0.29B,$0.01B,3.07%,$0.29B,$0.01B,3.07%,$0.29B,$0.01B,3.41%,$0.29B,$0.02B,6.83%,$0.29B,$0.02B,5.46%,$0.02B,$0.10B,16.16%,$0.02B,$0.05B,31.22%,$0.02B,$0.22B,7.82%,$0.01B,$0.10B,9.09%,$76,$63,$13,$0,$9,$72,$4,$0,$4,$1,$3,$3,$3,$4,$4,$10,10,$0.34,$0.34,$60,$0,$0,$131,$15,$19,$48,$7,$89,$219,$82,$0,$28,$35,$118,$0,$77,$-0,$102,$219,$9,$1,$0,$1,$-22,$0,$-0,$1,$3,$13,$-0,$0,$0,$-15,$0,$-15,$0,$-15,$0,$0,$0,$-1,$-1,$-2,$0,$-3,$-5,$0,$-2
30,2011-03-31,14.01,$9.81,1.43,$27.44,0.51,$3.15,4.45,$1.43,9.8,$0.13B,$0.08B,1.57,$0.00B,$0.10B,0.0,$0.28B,$0.05B,16.20%,$0.28B,$0.01B,2.82%,$0.28B,$0.01B,2.82%,$0.28B,$0.01B,3.17%,$0.28B,$0.02B,6.69%,$0.28B,$0.02B,5.28%,$0.02B,$0.10B,15.35%,$0.02B,$0.05B,30.00%,$0.02B,$0.22B,7.63%,$0.01B,$0.10B,8.18%,$69,$63,$6,$0,$9,$72,$-4,$10,$7,$1,$6,$6,$6,$-3,$-4,$10,10,$0.54,$0.54,$62,$0,$0,$129,$15,$18,$48,$7,$88,$216,$82,$0,$27,$34,$116,$0,$75,$-0,$100,$216,$6,$0,$0,$1,$-17,$0,$-0,$-1,$5,$11,$-0,$0,$0,$-13,$0,$-13,$0,$-13,$0,$0,$0,$-0,$-0,$-1,$0,$-1,$-3,$0,$-1
31,2010-12-31,13.49,$9.35,1.44,$26.30,0.51,$2.11,6.39,$0.73,18.47,$0.10B,$0.06B,1.76,$0.00B,$0.10B,0.0,$0.27B,$0.05B,16.48%,$0.27B,$0.01B,3.30%,$0.27B,$0.01B,3.30%,$0.27B,$0.01B,3.30%,$0.27B,$0.01B,3.30%,$0.27B,$0.01B,2.56%,$0.01B,$0.10B,7.20%,$0.01B,$0.05B,14.14%,$0.01B,$0.19B,3.70%,$0.01B,$0.10B,9.25%,$74,$60,$14,$0,$10,$70,$4,$1,$4,$1,$3,$3,$3,$4,$4,$10,10,$0.29,$0.29,$55,$0,$0,$103,$15,$15,$48,$7,$85,$188,$59,$0,$26,$34,$93,$0,$70,$-0,$95,$188,$7,$1,$-0,$1,$-5,$0,$-0,$3,$9,$18,$-2,$0,$-0,$-15,$0,$-15,$0,$-17,$0,$0,$0,$-3,$-3,$-3,$0,$-7,$-6,$0,$-3
32,2010-09-30,13.09,$9.66,1.35,$25.20,0.52,$0.74,17.69,$0.63,20.78,$0.11B,$0.07B,1.57,$0.00B,$0.10B,0.0,$0.26B,$0.04B,16.79%,$0.26B,$0.01B,3.44%,$0.26B,$0.01B,3.44%,$0.26B,$0.01B,3.82%,$0.26B,$0.01B,3.44%,$0.26B,$0.01B,2.67%,$0.01B,$0.10B,7.20%,$0.01B,$0.05B,14.14%,$0.01B,$0.20B,3.77%,$0.01B,$0.10B,9.25%,$74,$60,$14,$0,$9,$69,$5,$1,$5,$1,$4,$4,$4,$5,$5,$10,10,$0.36,$0.36,$42,$0,$0,$109,$15,$16,$48,$7,$86,$195,$69,$0,$20,$27,$96,$0,$73,$0,$99,$195,$4,$1,$-0,$1,$-23,$0,$-0,$2,$1,$6,$-1,$0,$-0,$-17,$0,$-17,$0,$-18,$0,$0,$0,$-3,$-3,$-2,$0,$-6,$-18,$0,$-2
33,2010-06-30,10.63,$9.41,1.13,$24.19,0.44,$0.08,126.34,$0.55,19.32,$0.10B,$0.06B,1.6,$0.00B,$0.10B,0.0,$0.25B,$0.04B,16.60%,$0.25B,$0.01B,2.77%,$0.25B,$0.01B,2.77%,$0.25B,$0.01B,3.56%,$0.25B,$0.01B,3.16%,$0.25B,$0.01B,2.37%,$0.01B,$0.10B,6.17%,$0.01B,$0.05B,12.06%,$0.01B,$0.19B,3.30%,$0.01B,$0.10B,7.20%,$67,$56,$12,$0,$8,$64,$3,$0,$3,$1,$2,$2,$2,$3,$3,$10,10,$0.22,$0.22,$41,$0,$0,$102,$15,$16,$48,$7,$85,$187,$64,$0,$20,$27,$91,$0,$70,$0,$97,$187,$1,$1,$-0,$1,$-17,$0,$-0,$0,$1,$2,$-1,$0,$-0,$-16,$0,$-16,$0,$-17,$0,$0,$0,$-2,$-2,$-2,$0,$-4,$-19,$0,$-2
34,2010-03-31,11.55,$9.34,1.24,$23.29,0.5,$-0.46,0.0,$-0.32,0.0,$0.10B,$0.06B,1.61,$0.00B,$0.10B,0.0,$0.24B,$0.03B,11.52%,$0.24B,$-0.01B,-2.88%,$0.24B,$-0.01B,-2.88%,$0.24B,$-0.01B,-2.06%,$0.24B,$-0.01B,-2.47%,$0.24B,$-0.00B,-1.23%,$-0.00B,$0.10B,-3.08%,$-0.00B,$0.05B,-6.00%,$-0.00B,$0.19B,-1.68%,$-0.01B,$0.10B,-7.20%,$58,$53,$5,$0,$8,$61,$-3,$0,$-3,$-1,$-2,$-2,$-2,$-3,$-3,$10,10,$-0.16,$-0.16,$43,$0,$0,$100,$15,$16,$48,$7,$86,$186,$62,$0,$20,$26,$88,$0,$69,$0,$98,$186,$-2,$0,$-1,$-1,$-11,$0,$-1,$-1,$3,$1,$-0,$0,$-0,$-8,$0,$-8,$0,$-8,$0,$0,$0,$-0,$-0,$-1,$0,$-1,$-9,$0,$-1
35,2009-12-31,10.4,$9.07,1.15,$22.59,0.46,$-0.46,0.0,$-0.46,0.0,$0.10B,$0.05B,1.91,$0.00B,$0.10B,0.0,$0.24B,$0.03B,11.44%,$0.24B,$-0.01B,-3.81%,$0.24B,$-0.01B,-3.81%,$0.24B,$-0.01B,-2.54%,$0.24B,$-0.01B,-3.39%,$0.24B,$-0.00B,-1.69%,$-0.00B,$0.10B,-4.05%,$-0.00B,$0.05B,-7.73%,$-0.00B,$0.18B,-2.29%,$-0.01B,$0.10B,-9.11%,$63,$49,$13,$0,$9,$58,$4,$0,$4,$1,$3,$3,$3,$5,$4,$10,10,$0.29,$0.29,$50,$0,$0,$95,$15,$10,$47,$7,$79,$175,$50,$0,$24,$30,$80,$0,$66,$0,$95,$175,$-4,$2,$0,$2,$1,$0,$0,$11,$5,$3,$-1,$0,$0,$-2,$0,$-2,$0,$-3,$0,$0,$0,$-3,$-3,$-3,$0,$-6,$-6,$0,$-3
36,2009-09-30,8.89,$9.43,0.94,$22.41,0.4,$0.54,16.51,$-0.46,0.0,$0.10B,$0.06B,1.77,$0.00B,$0.10B,0.0,$0.24B,$0.03B,10.92%,$0.24B,$-0.01B,-4.20%,$0.24B,$-0.01B,-4.20%,$0.24B,$-0.01B,-3.36%,$0.24B,$-0.01B,-3.78%,$0.24B,$-0.01B,-2.10%,$-0.01B,$0.10B,-4.87%,$-0.01B,$0.05B,-9.01%,$-0.01B,$0.18B,-2.89%,$-0.01B,$0.10B,-9.73%,$65,$53,$12,$0,$8,$62,$3,$1,$4,$1,$3,$3,$3,$4,$3,$10,11,$0.28,$0.28,$47,$0,$0,$103,$15,$10,$47,$5,$77,$180,$58,$0,$18,$23,$81,$0,$70,$0,$99,$180,$-7,$1,$-2,$-1,$-12,$0,$-0,$13,$6,$-2,$-1,$0,$0,$3,$0,$3,$0,$2,$0,$0,$0,$-2,$-2,$-3,$0,$-4,$-4,$0,$-3
37,2009-06-30,8.76,$9.37,0.93,$23.25,0.38,$1.40,6.25,$-0.68,0.0,$0.09B,$0.06B,1.62,$0.00B,$0.10B,0.0,$0.25B,$0.03B,11.60%,$0.25B,$-0.01B,-3.20%,$0.25B,$-0.01B,-3.20%,$0.25B,$-0.01B,-2.80%,$0.25B,$-0.01B,-4.80%,$0.25B,$-0.01B,-2.80%,$-0.01B,$0.10B,-6.62%,$-0.01B,$0.05B,-11.97%,$-0.01B,$0.17B,-4.04%,$-0.01B,$0.10B,-7.57%,$57,$59,$-2,$0,$8,$68,$-11,$0,$-11,$-4,$-7,$-7,$-7,$-11,$-11,$10,10,$-0.65,$-0.65,$40,$0,$0,$91,$15,$14,$47,$5,$82,$173,$56,$0,$17,$20,$76,$0,$68,$0,$97,$173,$-10,$1,$-3,$-2,$-7,$0,$-0,$11,$8,$-4,$-1,$0,$0,$-6,$0,$-6,$0,$-7,$0,$0,$0,$-2,$-2,$-2,$0,$-4,$-15,$0,$-2
38,2009-03-31,7.96,$10.09,0.79,$24.15,0.33,$1.89,4.21,$0.26,30.62,$0.10B,$0.05B,1.82,$0.00B,$0.10B,0.0,$0.27B,$0.05B,16.98%,$0.27B,$0.01B,3.02%,$0.27B,$0.01B,3.02%,$0.27B,$0.01B,3.40%,$0.27B,$0.00B,1.51%,$0.27B,$0.00B,1.13%,$0.00B,$0.10B,2.75%,$0.00B,$0.06B,4.80%,$0.00B,$0.17B,1.72%,$0.01B,$0.10B,7.32%,$51,$47,$4,$0,$8,$56,$-5,$0,$-5,$-1,$-3,$-3,$-3,$-4,$-5,$10,10,$-0.30,$-0.30,$57,$0,$0,$99,$15,$4,$47,$5,$72,$170,$54,$0,$8,$12,$66,$0,$76,$0,$104,$170,$-3,$0,$-1,$-1,$-2,$0,$0,$-1,$5,$1,$-0,$0,$0,$6,$0,$6,$0,$5,$0,$0,$0,$-2,$-2,$-1,$0,$-3,$3,$0,$-1
39,2008-12-31,8.94,$10.45,0.85,$25.08,0.36,$1.75,5.09,$0.57,15.68,$0.10B,$0.05B,2.14,$0.00B,$0.11B,0.0,$0.28B,$0.05B,17.86%,$0.28B,$0.01B,4.64%,$0.28B,$0.01B,4.64%,$0.28B,$0.01B,4.64%,$0.28B,$0.01B,3.21%,$0.28B,$0.01B,2.14%,$0.01B,$0.11B,5.41%,$0.01B,$0.06B,9.27%,$0.01B,$0.17B,3.42%,$0.01B,$0.11B,11.71%,$65,$53,$12,$0,$9,$62,$3,$0,$3,$1,$2,$2,$2,$3,$3,$11,11,$0.18,$0.17,$60,$0,$0,$99,$16,$3,$47,$5,$71,$170,$46,$0,$8,$13,$59,$0,$80,$0,$111,$170,$6,$2,$5,$7,$2,$0,$-1,$2,$2,$14,$-1,$0,$-6,$36,$0,$36,$0,$29,$0,$0,$0,$-8,$-8,$-3,$0,$-11,$32,$0,$-3
40,2008-09-30,10.45,$10.31,1.01,$26.29,0.4,$1.71,6.12,$0.70,14.93,$0.10B,$0.06B,1.81,$0.00B,$0.11B,0.0,$0.30B,$0.05B,17.85%,$0.30B,$0.02B,5.05%,$0.30B,$0.02B,5.05%,$0.30B,$0.02B,5.05%,$0.30B,$0.01B,4.04%,$0.30B,$0.01B,2.69%,$0.01B,$0.11B,7.16%,$0.01B,$0.06B,11.94%,$0.01B,$0.18B,4.55%,$0.02B,$0.11B,13.42%,$77,$63,$15,$0,$10,$73,$5,$-3,$1,$1,$1,$1,$1,$5,$5,$11,11,$0.06,$0.06,$51,$0,$0,$103,$16,$8,$47,$5,$77,$180,$57,$0,$8,$12,$69,$0,$78,$-0,$111,$180,$4,$1,$3,$5,$-11,$0,$-0,$3,$-1,$8,$-1,$0,$-6,$25,$0,$25,$0,$19,$0,$0,$0,$-6,$-6,$-3,$0,$-8,$19,$0,$-3
41,2008-06-30,9.57,$10.23,0.94,$26.34,0.36,$1.37,6.98,$1.18,8.11,$0.10B,$0.05B,1.87,$0.00B,$0.11B,0.0,$0.30B,$0.06B,18.81%,$0.30B,$0.02B,6.27%,$0.30B,$0.02B,6.27%,$0.30B,$0.02B,6.27%,$0.30B,$0.02B,6.93%,$0.30B,$0.01B,4.29%,$0.01B,$0.11B,11.56%,$0.01B,$0.07B,18.71%,$0.01B,$0.18B,7.42%,$0.02B,$0.11B,16.89%,$72,$58,$14,$0,$9,$68,$5,$1,$5,$2,$3,$3,$3,$5,$5,$11,11,$0.30,$0.29,$47,$0,$0,$98,$16,$12,$45,$5,$78,$176,$52,$0,$8,$12,$64,$0,$78,$-2,$111,$176,$3,$1,$-0,$1,$-9,$0,$-0,$1,$-3,$1,$-0,$0,$-4,$16,$0,$16,$0,$12,$0,$0,$0,$-4,$-4,$-2,$0,$-5,$7,$0,$-2
42,2008-03-31,13.77,$10.09,1.37,$25.37,0.54,$1.67,8.23,$1.31,10.51,$0.11B,$0.05B,1.99,$0.00B,$0.11B,0.0,$0.30B,$0.06B,19.66%,$0.30B,$0.02B,7.12%,$0.30B,$0.02B,7.12%,$0.30B,$0.02B,7.12%,$0.30B,$0.02B,8.14%,$0.30B,$0.02B,5.08%,$0.02B,$0.11B,13.39%,$0.02B,$0.07B,20.48%,$0.02B,$0.18B,8.65%,$0.02B,$0.11B,18.75%,$66,$58,$9,$0,$9,$67,$-0,$1,$0,$0,$0,$0,$0,$-0,$-0,$11,11,$0.01,$0.01,$56,$0,$0,$105,$16,$4,$45,$5,$70,$175,$53,$0,$7,$11,$64,$0,$76,$-2,$111,$175,$0,$0,$-0,$0,$-5,$0,$-1,$-1,$-1,$-1,$-0,$0,$-4,$-1,$0,$-1,$0,$-5,$0,$0,$0,$-2,$-2,$-1,$0,$-2,$-8,$0,$-1
43,2007-12-31,14.41,$10.22,1.41,$24.77,0.58,$1.94,7.42,$1.45,9.94,$0.10B,$0.05B,2.12,$0.00B,$0.11B,0.0,$0.29B,$0.06B,20.34%,$0.29B,$0.02B,7.93%,$0.29B,$0.02B,7.93%,$0.29B,$0.02B,7.93%,$0.29B,$0.03B,9.31%,$0.29B,$0.02B,5.86%,$0.02B,$0.11B,15.38%,$0.02B,$0.07B,22.37%,$0.02B,$0.17B,9.91%,$0.02B,$0.11B,20.81%,$82,$66,$15,$0,$10,$77,$5,$1,$6,$2,$4,$4,$4,$5,$5,$11,12,$0.35,$0.33,$60,$0,$0,$103,$16,$8,$42,$6,$71,$173,$48,$0,$7,$11,$59,$0,$77,$-2,$114,$173,$17,$1,$4,$5,$-5,$0,$-0,$-0,$-5,$17,$-4,$0,$-14,$-7,$0,$-7,$0,$-25,$0,$0,$0,$-3,$-3,$-3,$0,$-5,$-13,$0,$-3
44,2007-09-30,18.98,$10.09,1.88,$23.47,0.81,$1.96,9.67,$1.56,12.16,$0.11B,$0.05B,2.11,$0.00B,$0.11B,0.0,$0.28B,$0.06B,21.82%,$0.28B,$0.03B,9.09%,$0.28B,$0.03B,9.09%,$0.28B,$0.03B,9.45%,$0.28B,$0.03B,10.55%,$0.28B,$0.02B,6.55%,$0.02B,$0.11B,16.67%,$0.02B,$0.07B,23.38%,$0.02B,$0.18B,10.67%,$0.03B,$0.11B,23.15%,$83,$64,$19,$0,$10,$74,$9,$1,$10,$3,$6,$6,$6,$9,$9,$11,12,$0.56,$0.54,$60,$0,$0,$112,$16,$4,$40,$6,$65,$177,$53,$0,$7,$10,$63,$0,$74,$-1,$114,$177,$13,$1,$2,$3,$-14,$0,$-1,$-1,$-9,$7,$-3,$0,$-13,$15,$0,$15,$0,$-1,$0,$0,$0,$0,$0,$-2,$0,$-2,$4,$0,$-2
45,2007-06-30,20.51,$9.65,2.13,$22.33,0.92,$1.77,11.61,$1.50,13.67,$0.12B,$0.05B,2.4,$0.00B,$0.11B,0.0,$0.26B,$0.06B,22.22%,$0.26B,$0.02B,9.20%,$0.26B,$0.02B,9.20%,$0.26B,$0.03B,9.58%,$0.26B,$0.03B,10.73%,$0.26B,$0.02B,6.90%,$0.02B,$0.11B,17.27%,$0.02B,$0.08B,23.45%,$0.02B,$0.17B,10.98%,$0.02B,$0.11B,23.02%,$64,$49,$15,$0,$8,$57,$7,$1,$8,$3,$5,$5,$5,$7,$7,$11,12,$0.43,$0.42,$75,$0,$0,$118,$13,$3,$28,$6,$51,$169,$49,$0,$8,$11,$60,$0,$68,$-0,$109,$169,$7,$1,$1,$2,$-6,$0,$-0,$-1,$-4,$4,$-0,$0,$-1,$-1,$0,$-1,$0,$-2,$0,$0,$0,$0,$0,$-2,$0,$-1,$1,$0,$-2
46,2007-03-31,18.25,$9.30,1.96,$22.40,0.81,$1.43,12.77,$1.44,12.67,$0.12B,$0.05B,2.26,$0.00B,$0.11B,0.0,$0.26B,$0.06B,21.76%,$0.26B,$0.02B,8.78%,$0.26B,$0.02B,8.78%,$0.26B,$0.02B,9.16%,$0.26B,$0.03B,10.31%,$0.26B,$0.02B,6.49%,$0.02B,$0.11B,16.92%,$0.02B,$0.08B,23.21%,$0.02B,$0.17B,10.58%,$0.02B,$0.11B,22.89%,$61,$51,$10,$0,$7,$59,$2,$1,$3,$1,$2,$2,$2,$2,$2,$11,12,$0.15,$0.15,$74,$0,$0,$116,$13,$3,$28,$6,$51,$167,$52,$0,$9,$11,$63,$0,$64,$-0,$105,$167,$2,$0,$-0,$0,$-4,$0,$0,$-1,$0,$2,$-0,$0,$-1,$-1,$0,$-1,$0,$-2,$0,$0,$0,$0,$0,$-1,$0,$-1,$-0,$0,$-1
47,2006-12-31,18.49,$9.22,2.01,$22.21,0.83,$1.43,12.96,$1.41,13.11,$0.11B,$0.05B,2.37,$0.00B,$0.10B,0.0,$0.26B,$0.06B,21.62%,$0.26B,$0.02B,8.88%,$0.26B,$0.02B,8.88%,$0.26B,$0.02B,9.27%,$0.26B,$0.03B,10.04%,$0.26B,$0.02B,6.18%,$0.02B,$0.10B,16.62%,$0.02B,$0.08B,23.10%,$0.02B,$0.16B,10.16%,$0.02B,$0.10B,23.83%,$67,$51,$16,$0,$8,$60,$7,$1,$8,$3,$5,$5,$5,$8,$7,$11,12,$0.48,$0.44,$73,$0,$0,$111,$14,$3,$28,$7,$51,$162,$47,$0,$9,$11,$58,$0,$63,$-0,$104,$162,$16,$1,$3,$4,$-5,$0,$0,$-5,$-5,$15,$-2,$0,$-5,$-47,$0,$-47,$0,$-54,$-1,$0,$-1,$1,$1,$-1,$2,$-0,$-38,$0,$-1
