,Date,Stock Price,Book Value per Share,Price to Book Ratio,TTM Sales per Share,Price to Sales Ratio,TTM FCF per Share,Price to FCF Ratio,TTM Net EPS,PE Ratio,Current Assets,Current Liabilities,Current Ratio,Long Term Debt,Shareholder's Equity_x,Debt to Equity Ratio,TTM Revenue_x,TTM Gross Profit,Gross Margin,TTM Revenue_y,TTM Operating Income,Operating Margin,TTM Revenue_x,TTM EBIT,EBIT Margin,TTM Revenue_y,TTM EBITDA,EBITDA Margin,TTM Revenue_x,TTM Pre-Tax Income,Pre-Tax Margin,TTM Revenue_y,TTM Net Income_x,Net Margin,TTM Net Income_y,Shareholder's Equity_y,Return on Equity,TTM Net Income_x,Tangible Equity,Return on Tangible Equity,TTM Net Income_y,Total Assets,Return on Assets,TTM Net Income,LT Investments & Debt,Return on Investment,revenue,cost-goods-sold,gross-profit,research-development-expenses,selling-general-administrative-expenses,operating-expenses,operating-income,total-non-operating-income-expense,pre-tax-income,total-provision-income-taxes,income-after-taxes,income-from-continuous-operations,net-income,ebitda,ebit,basic-shares-outstanding,shares-outstanding,eps-basic-net-earnings-per-share,eps-earnings-per-share-diluted,cash-on-hand,inventory,other-current-assets,total-current-assets,net-property-plant-equipment,long-term-investments,goodwill-intangible-assets-total,other-long-term-assets,total-long-term-assets,total-assets,total-current-liabilities,long-term-debt,other-non-current-liabilities,total-long-term-liabilities,total-liabilities,common-stock-net,retained-earnings-accumulated-deficit,comprehensive-income,total-share-holder-equity,total-liabilities-share-holders-equity,net-income-loss,total-depreciation-amortization-cash-flow,other-non-cash-items,total-non-cash-items,change-in-accounts-receivable,change-in-inventories,change-in-accounts-payable,change-in-assets-liabilities,total-change-in-assets-liabilities,cash-flow-from-operating-activities,net-change-in-property-plant-equipment,net-change-in-intangible-assets,net-acquisitions-divestitures,net-change-in-short-term-investments,net-change-in-long-term-investments,net-change-in-investments-total,investing-activities-other,cash-flow-from-investing-activities,net-long-term-debt,net-current-debt,debt-issuance-retirement-net-total,net-common-equity-issued-repurchased,net-total-equity-issued-repurchased,total-common-preferred-stock-dividends-paid,financial-activities-other,cash-flow-from-financial-activities,net-cash-flow,stock-based-compensation,common-stock-dividends-paid
0,2018-09-30,48.54,$38.94,1.25,$16.10,3.02,$11.73,4.14,$3.71,13.08,$149.33B,$169.64B,0.88,$23.24B,$26.95B,0.86,$12.75B,$11.49B,90.11%,$12.75B,$4.02B,31.52%,$12.75B,0,0.00%,$12.75B,0,0.00%,$12.75B,$3.93B,30.80%,$12.75B,$2.92B,22.93%,$2.92B,$30.01B,9.81%,$2.92B,$18.21B,15.98%,$2.92B,$222.89B,1.32%,$4.02B,$53.24B,7.53%,$3308,$382,$2926,$0,$1826,$2241,$1067,$-18,$1049,$210,$839,$839,$789,$0,$0,$772,782,$1.02,$1.01,$3153,$0,$0,$149327,$2154,$45368,$11800,$14236,$73558,$222885,$169642,$23236,$0,$23236,$192878,$3853,$17673,$-1852,$30007,$222885,$2452,$413,$532,$945,$77,$-503,$0,$221,$-205,$2978,$0,$0,$0,$0,$1463,$1463,$-4196,$-2733,$-75,$4714,$4639,$-830,$-830,$-1025,$-2959,$-175,$70,$113,$-895
1,2018-06-30,50.04,$38.52,1.3,$15.64,3.2,$11.59,4.32,$3.44,14.55,$149.32B,$168.77B,0.89,$24.08B,$26.78B,0.9,$12.48B,$11.37B,91.12%,$12.48B,$3.94B,31.56%,$12.48B,0,0.00%,$12.48B,0,0.00%,$12.48B,$3.82B,30.59%,$12.48B,$2.73B,21.88%,$2.73B,$29.83B,9.18%,$2.73B,$18.43B,14.88%,$2.73B,$222.68B,1.23%,$3.94B,$53.91B,7.47%,$3216,$337,$2879,$0,$1800,$2168,$1048,$-24,$1024,$202,$822,$822,$775,$0,$0,$776,786,$1.00,$0.99,$3053,$0,$0,$149321,$2154,$45668,$11407,$14131,$73360,$222681,$168768,$24081,$0,$24081,$192849,$3872,$17197,$-1706,$29832,$222681,$1613,$274,$360,$634,$-516,$-187,$0,$59,$-644,$1427,$0,$0,$0,$0,$1381,$1381,$-2944,$-1563,$711,$-1362,$-651,$-630,$-630,$-669,$2056,$106,$-30,$76,$-582
2,2018-03-31,51.28,$38.04,1.35,$15.26,3.36,$11.59,4.42,$3.22,15.93,$145.82B,$167.66B,0.87,$23.41B,$26.61B,0.88,$12.31B,$11.35B,92.19%,$12.31B,$3.88B,31.52%,$12.31B,0,0.00%,$12.31B,0,0.00%,$12.31B,$3.77B,30.65%,$12.31B,$2.59B,21.01%,$2.59B,$29.66B,8.66%,$2.59B,$18.25B,14.00%,$2.59B,$220.73B,1.17%,$3.88B,$53.07B,7.42%,$3101,$288,$2813,$0,$1775,$2096,$1005,$-28,$977,$186,$791,$791,$745,$0,$0,$780,791,$0.96,$0.94,$3111,$0,$0,$145819,$2078,$47407,$11415,$14010,$74910,$220729,$167657,$23410,$0,$23410,$191067,$3899,$16712,$-1645,$29662,$220729,$791,$138,$181,$319,$-90,$10,$0,$-583,$-663,$308,$0,$0,$0,$0,$-222,$-222,$425,$203,$-34,$-617,$-651,$-344,$-344,$-335,$847,$-483,$28,$31,$-292
3,2017-12-31,48.64,$37.97,1.28,$14.92,3.26,$11.39,4.27,$2.74,17.75,$146.39B,$168.30B,0.87,$23.65B,$26.64B,0.89,$12.16B,$11.32B,93.10%,$12.16B,$3.44B,28.31%,$12.16B,0,0.00%,$12.16B,0,0.00%,$12.16B,$3.33B,27.36%,$12.16B,$2.22B,18.26%,$2.22B,$29.70B,7.40%,$2.22B,$18.31B,11.98%,$2.22B,$221.64B,1.00%,$3.44B,$53.34B,6.62%,$3123,$254,$2869,$0,$1937,$2225,$898,$-22,$876,$209,$667,$667,$614,$0,$0,$799,811,$0.78,$0.77,$3083,$0,$0,$146393,$2055,$47574,$11385,$14235,$75249,$221642,$168299,$23648,$0,$23648,$191947,$3910,$16259,$-1467,$29695,$221642,$2415,$550,$1072,$1622,$618,$115,$0,$-15,$718,$4635,$0,$0,$0,$0,$-4048,$-4048,$-1261,$-5309,$1430,$3532,$4962,$-1505,$-1505,$-1179,$-2827,$-549,$-1223,$132,$-1005
4,2017-09-30,45.6,$37.84,1.21,$14.64,3.12,$9.50,4.8,$2.69,16.95,$145.66B,$169.62B,0.86,$20.86B,$26.80B,0.78,$11.94B,$11.18B,93.59%,$11.94B,$3.49B,29.20%,$11.94B,0,0.00%,$11.94B,0,0.00%,$11.94B,$3.38B,28.31%,$11.94B,$2.20B,18.41%,$2.20B,$29.85B,7.32%,$2.20B,$18.45B,11.84%,$2.20B,$220.34B,1.00%,$3.49B,$50.72B,6.76%,$3043,$230,$2813,$0,$1790,$2054,$989,$-47,$942,$294,$648,$648,$597,$0,$0,$795,806,$0.75,$0.74,$3127,$0,$0,$145660,$2043,$46631,$11407,$14599,$74680,$220340,$169624,$20863,$0,$20863,$190487,$3945,$15656,$-1036,$29853,$220340,$1748,$413,$910,$1323,$499,$-341,$0,$-342,$-184,$2959,$0,$0,$0,$0,$-2892,$-2892,$-310,$-3202,$-1484,$6510,$5026,$-1240,$-1240,$-877,$-3963,$-1054,$-1297,$109,$-747
5,2017-06-30,43.81,$37.56,1.17,$14.46,3.03,$6.60,6.63,$2.68,16.35,$147.06B,$169.11B,0.87,$21.74B,$27.30B,0.8,$11.86B,$11.14B,93.93%,$11.86B,$3.46B,29.14%,$11.86B,0,0.00%,$11.86B,0,0.00%,$11.86B,$3.35B,28.28%,$11.86B,$2.20B,18.56%,$2.20B,$30.35B,7.31%,$2.20B,$18.90B,11.81%,$2.20B,$221.19B,1.00%,$3.46B,$52.09B,6.63%,$3044,$189,$2855,$0,$1831,$2056,$988,$-10,$978,$304,$674,$674,$631,$0,$0,$809,819,$0.78,$0.77,$3428,$0,$0,$147059,$2084,$45283,$11452,$15314,$74133,$221192,$169105,$21738,$0,$21738,$190843,$4040,$15321,$-1073,$30349,$221192,$1100,$274,$749,$1023,$394,$-655,$0,$-377,$-638,$1488,$0,$0,$0,$0,$-1565,$-1565,$-1061,$-2626,$-621,$4736,$4115,$-320,$-320,$-572,$-3081,$142,$-996,$74,$-485
6,2017-03-31,42.83,$37.01,1.16,$14.31,2.99,$5.83,7.34,$2.57,16.67,$146.89B,$168.84B,0.87,$21.64B,$26.97B,0.8,$11.75B,$11.03B,93.88%,$11.75B,$3.40B,28.93%,$11.75B,0,0.00%,$11.75B,0,0.00%,$11.75B,$3.21B,27.36%,$11.75B,$2.11B,17.96%,$2.11B,$30.03B,7.05%,$2.11B,$18.50B,11.40%,$2.11B,$220.50B,0.95%,$3.40B,$51.66B,6.45%,$2946,$166,$2780,$0,$2176,$2380,$566,$-36,$530,$104,$426,$426,$378,$0,$0,$810,823,$0.47,$0.46,$4480,$0,$0,$146889,$2104,$44877,$11524,$15107,$73612,$220501,$168841,$21635,$0,$21635,$190476,$4057,$14933,$-1125,$30025,$220501,$426,$137,$570,$707,$499,$-644,$0,$-886,$-1031,$158,$0,$0,$0,$0,$-1281,$-1281,$534,$-747,$-698,$613,$-85,$-74,$-74,$-286,$1090,$645,$56,$30,$-243
7,2016-12-31,44.76,$36.97,1.21,$14.19,3.15,$5.48,8.17,$2.78,16.1,$147.97B,$167.39B,0.88,$21.97B,$26.87B,0.82,$11.54B,$10.79B,93.54%,$11.54B,$3.67B,31.82%,$11.54B,0,0.00%,$11.54B,0,0.00%,$11.54B,$3.50B,30.33%,$11.54B,$2.26B,19.58%,$2.26B,$29.93B,7.66%,$2.26B,$18.38B,12.26%,$2.26B,$219.28B,1.03%,$3.67B,$51.89B,6.99%,$2907,$180,$2727,$0,$1746,$1964,$943,$-13,$930,$287,$643,$643,$592,$0,$0,$805,815,$0.73,$0.71,$4424,$0,$0,$147973,$2107,$43606,$11544,$14046,$71303,$219276,$167385,$21965,$0,$21965,$189350,$4047,$14809,$-1132,$29926,$219276,$2442,$555,$640,$1195,$-644,$432,$0,$-248,$-460,$3115,$0,$0,$-785,$0,$2365,$2365,$-2588,$-1008,$-1971,$-3581,$-5552,$-302,$148,$-1092,$4614,$-1882,$225,$115,$-925
8,2016-09-30,35.63,$37.08,0.96,$14.20,2.51,$5.79,6.16,$2.70,13.2,$147.23B,$169.76B,0.87,$22.78B,$27.04B,0.84,$11.34B,$10.59B,93.33%,$11.34B,$3.57B,31.49%,$11.34B,0,0.00%,$11.34B,0,0.00%,$11.34B,$3.36B,29.65%,$11.34B,$2.17B,19.13%,$2.17B,$30.09B,7.52%,$2.17B,$18.74B,11.96%,$2.17B,$222.62B,1.00%,$3.57B,$52.87B,6.83%,$2959,$185,$2774,$0,$1778,$2001,$958,$-43,$915,$273,$642,$642,$599,$0,$0,$813,823,$0.74,$0.73,$3626,$0,$0,$147227,$2059,$47199,$11347,$14790,$75395,$222622,$169755,$22776,$0,$22776,$192531,$4057,$14459,$-750,$30091,$222622,$1799,$410,$493,$903,$-1617,$188,$0,$-230,$-2028,$637,$0,$0,$-789,$0,$-449,$-449,$-1469,$-2707,$-1545,$-923,$-2468,$-144,$306,$-805,$4298,$1331,$-739,$96,$-682
9,2016-06-30,33.37,$36.52,0.91,$14.01,2.38,$7.47,4.47,$2.61,12.78,$146.66B,$167.68B,0.88,$24.44B,$26.69B,0.92,$11.02B,$10.26B,93.13%,$11.02B,$3.45B,31.26%,$11.02B,0,0.00%,$11.02B,0,0.00%,$11.02B,$3.20B,29.07%,$11.02B,$2.06B,18.71%,$2.06B,$29.74B,7.33%,$2.06B,$18.39B,11.62%,$2.06B,$221.86B,0.97%,$3.45B,$54.18B,6.61%,$2935,$188,$2747,$0,$1774,$2004,$931,$-92,$839,$252,$587,$587,$541,$0,$0,$814,824,$0.67,$0.66,$3459,$0,$0,$146663,$2088,$47006,$11352,$14750,$75196,$221859,$167681,$24435,$0,$24435,$192116,$4073,$14104,$-837,$29743,$221859,$1157,$269,$314,$583,$-1413,$595,$0,$-438,$-974,$861,$0,$0,$-789,$0,$-124,$-124,$-1141,$-2054,$20,$-3515,$-3495,$-9,$441,$-519,$3668,$95,$-1098,$65,$-439
10,2016-03-31,30.92,$36.09,0.86,$13.86,2.23,$6.45,4.79,$2.57,12.03,$138.63B,$161.34B,0.86,$22.82B,$25.19B,0.91,$10.59B,$9.85B,92.96%,$10.59B,$3.12B,29.45%,$10.59B,0,0.00%,$10.59B,0,0.00%,$10.59B,$2.95B,27.80%,$10.59B,$1.98B,18.64%,$1.98B,$28.24B,7.32%,$1.98B,$18.16B,11.42%,$1.98B,$212.41B,0.96%,$3.12B,$51.06B,6.16%,$2737,$192,$2545,$0,$1674,$1898,$839,$-23,$816,$246,$570,$570,$527,$0,$0,$781,790,$0.67,$0.67,$3444,$0,$0,$138627,$2001,$46480,$10075,$15222,$73778,$212405,$161343,$22823,$0,$22823,$184166,$3912,$13791,$-917,$28239,$212405,$570,$127,$165,$292,$-540,$-307,$0,$-481,$-1079,$-130,$0,$0,$0,$0,$-2234,$-2234,$453,$-1781,$-1137,$537,$-600,$-18,$433,$-248,$1393,$978,$-933,$27,$-211
11,2015-12-31,34.84,$35.04,0.99,$13.80,2.52,$5.81,6.0,$2.57,13.56,$139.69B,$158.84B,0.88,$23.77B,$24.74B,0.96,$10.35B,$9.61B,92.90%,$10.35B,$3.08B,29.79%,$10.35B,0,0.00%,$10.35B,0,0.00%,$10.35B,$2.92B,28.19%,$10.35B,$1.94B,18.71%,$1.94B,$27.34B,7.41%,$1.94B,$17.23B,11.47%,$1.94B,$209.95B,0.97%,$3.08B,$51.11B,6.17%,$2710,$191,$2519,$0,$1644,$1867,$843,$-50,$793,$251,$542,$542,$502,$0,$0,$748,758,$0.64,$0.63,$4167,$0,$0,$139693,$2007,$43827,$10114,$14306,$70254,$209947,$158838,$23769,$0,$23769,$182607,$3902,$13464,$-1028,$27340,$209947,$2123,$461,$709,$1170,$422,$-698,$0,$-14,$-290,$3131,$0,$0,$1055,$0,$-98,$-98,$-2806,$-1849,$-161,$-982,$-1143,$68,$68,$-937,$2116,$104,$1386,$106,$-789
12,2015-09-30,32.57,$34.95,0.93,$13.71,2.38,$6.08,5.35,$2.69,12.11,$138.87B,$156.66B,0.89,$24.88B,$24.66B,1.01,$10.18B,$9.45B,92.86%,$10.18B,$3.14B,30.83%,$10.18B,0,0.00%,$10.18B,0,0.00%,$10.18B,$3.00B,29.52%,$10.18B,$1.99B,19.51%,$1.99B,$27.26B,7.82%,$1.99B,$17.22B,11.95%,$1.99B,$208.81B,1.02%,$3.14B,$52.15B,6.39%,$2638,$186,$2452,$0,$1591,$1806,$832,$-77,$755,$222,$533,$533,$492,$0,$0,$764,774,$0.64,$0.64,$3358,$0,$0,$138867,$2038,$43494,$10046,$14364,$69942,$208809,$156662,$24883,$0,$24883,$181545,$3901,$13172,$-796,$27264,$208809,$1581,$338,$562,$900,$5,$-331,$0,$-294,$-769,$1902,$0,$0,$1307,$0,$536,$536,$-2305,$-462,$808,$-1994,$-1186,$59,$59,$-690,$832,$-985,$455,$88,$-579
13,2015-06-30,36.63,$34.26,1.07,$13.72,2.67,$5.69,6.44,$2.76,13.27,$126.31B,$142.61B,0.89,$23.27B,$22.53B,1.03,$10.03B,$9.30B,92.69%,$10.03B,$3.04B,30.29%,$10.03B,0,0.00%,$10.03B,0,0.00%,$10.03B,$2.97B,29.66%,$10.03B,$2.01B,19.99%,$2.01B,$25.13B,8.14%,$2.01B,$16.57B,12.30%,$2.01B,$191.02B,1.06%,$3.04B,$48.40B,6.36%,$2508,$177,$2331,$0,$1702,$1902,$606,$-25,$581,$80,$501,$501,$454,$0,$0,$725,735,$0.63,$0.62,$3000,$0,$0,$126313,$1900,$40620,$8567,$13617,$64704,$191017,$142614,$23271,$0,$23271,$165885,$3667,$12891,$-748,$25132,$191017,$1048,$217,$427,$644,$-1044,$-239,$0,$-524,$-1734,$22,$0,$0,$1742,$0,$764,$764,$-1675,$831,$-249,$143,$-106,$0,$0,$-442,$-9,$-557,$296,$58,$-368
14,2015-03-31,35.19,$34.21,1.03,$13.73,2.56,$6.86,5.13,$2.72,12.94,$123.08B,$141.05B,0.87,$23.44B,$22.14B,1.06,$10.02B,$9.27B,92.51%,$10.02B,$3.14B,31.32%,$10.02B,0,0.00%,$10.02B,0,0.00%,$10.02B,$3.09B,30.81%,$10.02B,$1.98B,19.72%,$1.98B,$24.74B,8.11%,$1.98B,$16.49B,12.30%,$1.98B,$189.23B,1.05%,$3.14B,$48.18B,6.66%,$2490,$181,$2309,$0,$1487,$1689,$801,$-13,$788,$241,$547,$547,$488,$0,$0,$722,732,$0.68,$0.67,$2512,$0,$0,$123075,$1879,$42089,$8244,$13941,$66153,$189228,$141053,$23437,$0,$23437,$164490,$3616,$12632,$-733,$24738,$189228,$547,$107,$122,$229,$-698,$-391,$0,$-307,$-1440,$-593,$0,$0,$1916,$0,$-829,$-829,$-294,$793,$-2,$-587,$-589,$0,$0,$-210,$273,$-526,$-326,$23,$-173
15,2014-12-31,34.87,$33.82,1.03,$13.74,2.54,$8.54,4.08,$2.74,12.73,$122.53B,$139.15B,0.88,$23.31B,$21.77B,1.07,$10.00B,$9.23B,92.32%,$10.00B,$3.17B,31.74%,$10.00B,0,0.00%,$10.00B,0,0.00%,$10.00B,$3.13B,31.28%,$10.00B,$1.98B,19.83%,$1.98B,$24.38B,8.24%,$1.98B,$16.16B,12.61%,$1.98B,$186.83B,1.06%,$3.17B,$47.69B,6.78%,$2540,$183,$2357,$0,$1437,$1642,$898,$-18,$880,$277,$603,$603,$551,$0,$0,$718,728,$0.76,$0.76,$2699,$0,$0,$122532,$1827,$41147,$8218,$13110,$64302,$186834,$139145,$23312,$0,$23312,$162457,$3603,$12317,$-751,$24377,$186834,$2206,$424,$478,$902,$-201,$-101,$-4,$346,$1,$3210,$0,$0,$1025,$0,$-625,$-625,$-4415,$-4015,$1598,$-421,$1177,$298,$298,$-814,$304,$965,$160,$102,$-666
16,2014-09-30,33.16,$33.76,0.98,$13.96,2.38,$11.57,2.87,$2.73,12.15,$121.50B,$140.35B,0.87,$22.36B,$21.71B,1.03,$10.11B,$9.32B,92.19%,$10.11B,$3.28B,32.40%,$10.11B,0,0.00%,$10.11B,0,0.00%,$10.11B,$3.24B,32.02%,$10.11B,$1.97B,19.49%,$1.97B,$24.31B,8.33%,$1.97B,$15.98B,12.89%,$1.97B,$187.02B,1.06%,$3.28B,$46.67B,7.13%,$2490,$192,$2298,$0,$1543,$1758,$732,$-7,$725,$172,$553,$553,$512,$0,$0,$720,730,$0.71,$0.70,$2309,$0,$0,$121495,$1842,$41891,$8339,$13455,$65527,$187022,$140353,$22355,$0,$22355,$162708,$3601,$11982,$-442,$24314,$187022,$1603,$316,$377,$693,$-779,$0,$0,$913,$-837,$1504,$0,$0,$1025,$0,$-1487,$-1487,$-3026,$-3488,$743,$-753,$-10,$0,$0,$-604,$2450,$1836,$-148,$84,$-493
17,2014-06-30,34.91,$33.30,1.05,$14.10,2.48,$11.95,2.92,$2.39,14.6,$122.37B,$142.12B,0.86,$21.93B,$21.36B,1.03,$10.16B,$9.34B,91.94%,$10.16B,$3.31B,32.53%,$10.16B,0,0.00%,$10.16B,0,0.00%,$10.16B,$3.27B,32.19%,$10.16B,$1.73B,16.98%,$1.73B,$23.97B,7.47%,$1.73B,$15.59B,11.73%,$1.73B,$188.01B,0.94%,$3.31B,$45.89B,7.36%,$2495,$194,$2301,$0,$1572,$1789,$706,$-13,$693,$216,$477,$477,$424,$0,$0,$719,728,$0.59,$0.58,$2740,$0,$0,$122365,$1857,$41368,$8374,$14048,$65647,$188012,$142120,$21927,$0,$21927,$164047,$3598,$11634,$-406,$23965,$188012,$1050,$207,$188,$395,$-470,$0,$0,$368,$-647,$877,$0,$0,$1025,$0,$-892,$-892,$-3675,$-3542,$367,$-159,$208,$0,$0,$-395,$3135,$2948,$283,$56,$-321
18,2014-03-31,35.33,$32.79,1.08,$14.45,2.45,$13.98,2.53,$2.58,13.69,$119.10B,$137.71B,0.87,$23.38B,$20.95B,1.12,$10.36B,$9.50B,91.76%,$10.36B,$3.42B,33.06%,$10.36B,0,0.00%,$10.36B,0,0.00%,$10.36B,$3.38B,32.59%,$10.36B,$1.85B,17.85%,$1.85B,$23.56B,8.18%,$1.85B,$15.18B,12.99%,$1.85B,$184.65B,1.01%,$3.42B,$46.94B,7.82%,$2473,$199,$2274,$0,$1414,$1636,$837,$-8,$829,$256,$573,$573,$496,$0,$0,$713,724,$0.70,$0.68,$3108,$0,$0,$119098,$1854,$41308,$8378,$14013,$65553,$184651,$137711,$23384,$0,$23384,$161095,$3592,$11382,$-500,$23556,$184651,$573,$104,$78,$182,$122,$0,$0,$75,$38,$632,$0,$0,$-10,$0,$-971,$-971,$-684,$-1665,$1884,$-853,$1031,$245,$245,$-193,$5,$1088,$55,$20,$-156
19,2013-12-31,32.62,$32.28,1.01,$14.78,2.21,$13.72,2.38,$2.19,14.9,$117.99B,$138.71B,0.85,$21.49B,$20.21B,1.06,$10.54B,$9.65B,91.55%,$10.54B,$3.33B,31.58%,$10.54B,0,0.00%,$10.54B,0,0.00%,$10.54B,$3.28B,31.14%,$10.54B,$1.56B,14.83%,$1.56B,$22.81B,7.09%,$1.56B,$14.38B,11.41%,$1.56B,$183.01B,0.86%,$3.33B,$44.30B,7.94%,$2650,$204,$2446,$0,$1420,$1650,$1000,$-10,$990,$401,$589,$589,$538,$0,$0,$703,714,$0.76,$0.76,$2587,$0,$0,$117994,$1869,$40205,$8430,$14512,$65016,$183010,$138708,$21493,$0,$21493,$160201,$3533,$11044,$-593,$22809,$183010,$1730,$421,$944,$1365,$2445,$116,$0,$-75,$2190,$5308,$0,$0,$516,$0,$-2576,$-2576,$-2149,$-4209,$2530,$1274,$3804,$0,$487,$-912,$-5352,$-1973,$-874,$96,$-765
20,2013-09-30,29.3,$31.34,0.93,$14.94,1.96,$11.53,2.54,$2.15,13.63,$120.25B,$138.55B,0.87,$20.40B,$19.49B,1.05,$10.64B,$9.70B,91.19%,$10.64B,$3.10B,29.10%,$10.64B,0,0.00%,$10.64B,0,0.00%,$10.64B,$3.05B,28.66%,$10.64B,$1.53B,14.39%,$1.53B,$22.09B,7.08%,$1.53B,$13.72B,11.44%,$1.53B,$181.05B,0.84%,$3.10B,$42.50B,7.56%,$2544,$222,$2322,$0,$1533,$1781,$763,$-4,$759,$450,$309,$309,$268,$0,$0,$704,716,$0.38,$0.37,$3506,$0,$0,$120250,$1876,$36394,$8374,$14156,$60800,$181050,$138554,$20402,$0,$20402,$158956,$3525,$10669,$-860,$22094,$181050,$1141,$313,$596,$909,$809,$0,$0,$-771,$-522,$1750,$0,$0,$-6,$0,$1462,$1462,$-1473,$-17,$1364,$1949,$3313,$0,$487,$-720,$-5383,$-2303,$-570,$85,$-610
21,2013-06-30,29.23,$31.29,0.93,$15.17,1.93,$13.63,2.14,$2.44,11.98,$119.88B,$141.38B,0.85,$19.36B,$19.39B,1.0,$10.78B,$9.83B,91.17%,$10.78B,$3.05B,28.29%,$10.78B,0,0.00%,$10.78B,0,0.00%,$10.78B,$2.96B,27.49%,$10.78B,$1.73B,16.07%,$1.73B,$22.00B,8.15%,$1.73B,$13.66B,13.24%,$1.73B,$182.74B,0.95%,$3.05B,$41.36B,7.58%,$2689,$228,$2461,$0,$1610,$1865,$824,$-27,$797,$221,$576,$576,$547,$0,$0,$702,713,$0.78,$0.77,$3501,$0,$0,$119882,$1893,$38228,$8336,$14396,$62853,$182735,$141377,$19362,$0,$19362,$160739,$3515,$10564,$-784,$21996,$182735,$832,$207,$465,$672,$1299,$0,$0,$-499,$853,$2308,$0,$0,$-6,$0,$-207,$-207,$-1578,$-1791,$367,$328,$695,$0,$487,$-528,$-1831,$-1177,$-660,$60,$-455
22,2013-03-31,26.88,$30.26,0.89,$15.20,1.77,$14.01,1.92,$2.39,11.25,$119.86B,$141.29B,0.85,$18.32B,$19.11B,0.96,$10.78B,$9.79B,90.82%,$10.78B,$2.96B,27.41%,$10.78B,0,0.00%,$10.78B,0,0.00%,$10.78B,$2.90B,26.85%,$10.78B,$1.70B,15.72%,$1.70B,$21.23B,8.28%,$1.70B,$13.02B,13.58%,$1.70B,$180.84B,0.93%,$2.96B,$39.55B,7.34%,$2660,$237,$2423,$0,$1654,$1918,$742,$-5,$737,$481,$256,$256,$210,$0,$0,$700,711,$0.30,$0.29,$3841,$0,$0,$119862,$1880,$37289,$8205,$13601,$60975,$180837,$141292,$18316,$0,$18316,$159608,$3507,$10178,$-612,$21229,$180837,$256,$101,$282,$383,$332,$0,$0,$65,$-72,$431,$0,$0,$-6,$0,$1329,$1329,$240,$1563,$-756,$375,$-381,$-15,$-15,$-331,$-1738,$-2465,$-471,$25,$-301
23,2012-12-31,24.58,$30.33,0.81,$15.15,1.62,$16.02,1.53,$2.70,9.1,$120.63B,$144.16B,0.84,$19.11B,$19.11B,1.0,$10.74B,$9.68B,90.13%,$10.74B,$2.86B,26.64%,$10.74B,0,0.00%,$10.74B,0,0.00%,$10.74B,$2.79B,26.00%,$10.74B,$1.92B,17.84%,$1.92B,$21.22B,9.76%,$1.92B,$13.12B,16.11%,$1.92B,$184.50B,1.06%,$2.86B,$40.34B,7.05%,$2746,$250,$2496,$0,$1701,$1979,$767,$-11,$756,$207,$549,$549,$506,$0,$0,$699,709,$0.72,$0.71,$4286,$0,$0,$120632,$1888,$38731,$8104,$15144,$63867,$184499,$144162,$19114,$0,$19114,$163276,$3499,$10129,$-559,$21223,$184499,$2028,$391,$1753,$2144,$-433,$0,$0,$-210,$-297,$3714,$0,$0,$675,$0,$-1846,$-1846,$-5876,$-7047,$-2785,$-702,$-3487,$0,$2116,$-564,$4731,$2796,$-537,$97,$-531
24,2012-09-30,27.83,$29.35,0.95,$15.09,1.84,$16.84,1.65,$2.54,10.96,$120.29B,$142.27B,0.85,$19.22B,$18.85B,1.02,$10.68B,$9.56B,89.45%,$10.68B,$2.59B,24.27%,$10.68B,0,0.00%,$10.68B,0,0.00%,$10.68B,$2.52B,23.59%,$10.68B,$1.80B,16.86%,$1.80B,$20.53B,9.63%,$1.80B,$12.53B,16.06%,$1.80B,$182.02B,1.01%,$2.59B,$39.75B,6.44%,$2683,$237,$2446,$0,$1699,$1967,$716,$-43,$673,$177,$496,$496,$469,$0,$0,$699,710,$0.67,$0.66,$4078,$0,$0,$120290,$1940,$37238,$7999,$14554,$61731,$182021,$142268,$19221,$0,$19221,$161489,$3498,$9761,$-409,$20532,$182021,$1479,$289,$1048,$1337,$-143,$0,$0,$-217,$78,$2670,$560,$0,$692,$0,$1152,$1152,$-5678,$-3274,$-2710,$-473,$-3183,$0,$1679,$-399,$1666,$-237,$-841,$79,$-391
25,2012-06-30,25.73,$27.08,0.95,$14.77,1.74,$18.21,1.41,$2.40,10.72,$116.92B,$137.04B,0.85,$22.56B,$18.37B,1.23,$10.44B,$9.22B,88.27%,$10.44B,$2.32B,22.19%,$10.44B,0,0.00%,$10.44B,0,0.00%,$10.44B,$2.29B,21.90%,$10.44B,$1.70B,16.27%,$1.70B,$18.93B,9.46%,$1.70B,$11.24B,15.86%,$1.70B,$178.53B,0.98%,$2.32B,$41.49B,5.75%,$2694,$266,$2428,$0,$1668,$1963,$731,$-2,$729,$191,$538,$538,$510,$0,$0,$699,708,$0.73,$0.72,$4404,$0,$0,$116920,$1816,$37643,$7689,$14461,$61609,$178529,$137042,$22561,$0,$22561,$159603,$3494,$9433,$-541,$18926,$178529,$983,$182,$743,$925,$579,$0,$0,$-408,$870,$2619,$-61,$0,$-555,$0,$-946,$-946,$-3657,$-5219,$875,$-370,$505,$0,$559,$-251,$1174,$1987,$-613,$51,$-251
26,2012-03-31,26.01,$25.60,1.02,$14.48,1.8,$19.91,1.31,$2.12,12.27,$114.12B,$134.10B,0.85,$22.77B,$17.88B,1.27,$10.22B,$8.93B,87.34%,$10.22B,$2.01B,19.61%,$10.22B,0,0.00%,$10.22B,0,0.00%,$10.22B,$1.98B,19.32%,$10.22B,$1.50B,14.63%,$1.50B,$17.88B,8.55%,$1.50B,$10.69B,14.48%,$1.50B,$174.75B,0.88%,$2.01B,$40.65B,5.01%,$2614,$307,$2307,$0,$1639,$1968,$646,$-12,$634,$189,$445,$445,$431,$0,$0,$698,707,$0.62,$0.61,$4661,$0,$0,$114115,$1822,$37865,$7195,$13755,$60637,$174752,$134102,$22768,$0,$22768,$156870,$3492,$9064,$-616,$17882,$174752,$445,$86,$381,$467,$1214,$0,$0,$157,$1083,$1873,$-21,$0,$0,$0,$-1290,$-1290,$-944,$-2255,$1049,$-130,$919,$-9,$-9,$-112,$-708,$90,$-292,$25,$-112
27,2011-12-31,20.73,$25.07,0.83,$14.18,1.46,$20.11,1.03,$1.83,11.33,$114.95B,$135.30B,0.85,$21.80B,$17.48B,1.25,$10.00B,$8.62B,86.22%,$10.00B,$1.64B,16.44%,$10.00B,0,0.00%,$10.00B,0,0.00%,$10.00B,$1.63B,16.28%,$10.00B,$1.29B,12.89%,$1.29B,$17.48B,7.50%,$1.29B,$10.40B,12.94%,$1.29B,$174.58B,0.78%,$1.64B,$39.28B,4.14%,$2691,$317,$2374,$0,$1850,$2191,$500,$-16,$484,$84,$400,$400,$391,$0,$0,$697,705,$0.57,$0.55,$4898,$0,$0,$114947,$1855,$36407,$7085,$14285,$59632,$174579,$135296,$21803,$0,$21803,$157099,$3486,$8772,$-713,$17480,$174579,$1332,$363,$2066,$2429,$-583,$0,$0,$629,$618,$4276,$0,$0,$-86,$0,$-12399,$-12399,$-5522,$-18007,$-180,$-2107,$-2287,$0,$0,$-446,$17953,$15220,$1489,$98,$-446
28,2011-09-30,17.45,$25.16,0.69,$14.24,1.22,$18.95,0.92,$1.58,11.04,$111.17B,$127.98B,0.87,$22.15B,$17.54B,1.26,$10.03B,$8.54B,85.20%,$10.03B,$1.38B,13.76%,$10.03B,0,0.00%,$10.03B,0,0.00%,$10.03B,$1.38B,13.72%,$10.03B,$1.11B,11.03%,$1.11B,$17.54B,6.53%,$1.11B,$10.52B,11.46%,$1.11B,$167.68B,0.69%,$1.38B,$39.69B,3.50%,$2440,$334,$2106,$0,$1643,$2001,$439,$0,$439,$68,$371,$371,$366,$0,$0,$697,706,$0.52,$0.52,$4851,$0,$0,$111166,$1864,$32784,$7022,$14841,$56511,$167677,$127983,$22153,$0,$22153,$150136,$3486,$8493,$-356,$17541,$167677,$932,$271,$1369,$1640,$426,$0,$0,$1045,$1734,$4348,$-176,$0,$0,$0,$-8602,$-8602,$-2060,$-10838,$137,$-1720,$-1583,$22,$22,$-334,$10404,$8509,$2019,$73,$-334
29,2011-06-30,21.82,$24.46,0.89,$14.88,1.47,$15.85,1.38,$1.36,16.05,$107.65B,$118.88B,0.91,$23.38B,$17.05B,1.37,$10.46B,$8.86B,84.72%,$10.46B,$1.20B,11.45%,$10.46B,0,0.00%,$10.46B,0,0.00%,$10.46B,$1.18B,11.31%,$10.46B,$0.95B,9.08%,$0.95B,$17.05B,5.67%,$0.95B,$9.70B,10.07%,$0.95B,$159.31B,0.60%,$1.20B,$40.43B,3.05%,$2477,$336,$2141,$0,$1696,$2057,$420,$-2,$418,$91,$327,$327,$307,$0,$0,$697,705,$0.44,$0.44,$3369,$0,$0,$107649,$1846,$27961,$7352,$14502,$51661,$159310,$118881,$23380,$0,$23380,$142261,$3484,$8241,$-574,$17049,$159310,$561,$180,$927,$1107,$1294,$0,$0,$931,$2168,$3853,$-104,$0,$0,$0,$-4403,$-4403,$-432,$-4939,$1607,$-831,$776,$17,$17,$-223,$917,$1487,$401,$49,$-223
30,2011-03-31,22.18,$23.94,0.93,$15.44,1.44,$13.02,1.7,$1.22,18.18,$106.91B,$117.78B,0.91,$22.59B,$16.67B,1.36,$10.84B,$9.12B,84.12%,$10.84B,$1.06B,9.82%,$10.84B,0,0.00%,$10.84B,0,0.00%,$10.84B,$1.01B,9.36%,$10.84B,$0.85B,7.87%,$0.85B,$16.67B,5.12%,$0.85B,$9.25B,9.10%,$0.85B,$157.04B,0.54%,$1.06B,$39.26B,2.74%,$2390,$391,$1999,$0,$1688,$2105,$285,$2,$287,$53,$234,$234,$225,$0,$0,$695,704,$0.32,$0.32,$3083,$0,$0,$106909,$1830,$26220,$7425,$14655,$50130,$157039,$117778,$22591,$0,$22591,$140369,$3481,$8042,$-706,$16670,$157039,$234,$91,$467,$558,$1089,$-158,$0,$545,$1203,$2031,$-48,$0,$0,$0,$-2945,$-2945,$718,$-2275,$872,$-487,$385,$4,$4,$-104,$-226,$59,$-185,$24,$-104
31,2010-12-31,21.13,$23.76,0.89,$15.80,1.34,$10.74,1.97,$1.17,18.06,$109.81B,$118.85B,0.92,$21.73B,$16.50B,1.32,$11.07B,$9.28B,83.79%,$11.07B,$1.04B,9.38%,$11.07B,0,0.00%,$11.07B,0,0.00%,$11.07B,$0.97B,8.75%,$11.07B,$0.82B,7.37%,$0.82B,$16.50B,4.90%,$0.82B,$9.15B,8.76%,$0.82B,$157.08B,0.52%,$1.04B,$38.23B,2.70%,$2719,$423,$2296,$0,$2032,$2483,$236,$-4,$232,$15,$217,$217,$208,$0,$0,$692,701,$0.31,$0.29,$3327,$0,$0,$109805,$1840,$23169,$7346,$14921,$47276,$157081,$118853,$21730,$0,$21730,$140583,$3472,$7935,$-747,$16498,$157081,$854,$382,$2739,$3121,$-620,$0,$0,$-1124,$-1055,$2898,$539,$0,$-839,$0,$10785,$10785,$-4506,$5979,$164,$-2434,$-2270,$110,$110,$-415,$-6566,$-9141,$-264,$79,$-415
32,2010-09-30,19.23,$24.20,0.79,$16.31,1.18,$4.79,4.01,$1.14,16.87,$108.62B,$118.33B,0.92,$22.11B,$16.79B,1.32,$11.14B,$9.27B,83.23%,$11.14B,$1.02B,9.14%,$11.14B,0,0.00%,$11.14B,0,0.00%,$11.14B,$0.94B,8.47%,$11.14B,$0.79B,7.12%,$0.79B,$16.79B,4.78%,$0.79B,$9.65B,8.62%,$0.79B,$157.23B,0.49%,$1.02B,$38.90B,2.66%,$2872,$448,$2424,$0,$2138,$2616,$256,$-10,$246,$27,$219,$219,$210,$0,$0,$693,702,$0.30,$0.30,$3291,$0,$0,$108618,$1831,$24497,$7133,$15151,$48612,$157230,$118332,$22111,$0,$22111,$140443,$3468,$7833,$-335,$16787,$157230,$637,$288,$2055,$2343,$-407,$68,$0,$-974,$-572,$2344,$-370,$0,$-832,$0,$10015,$10015,$-1763,$7050,$417,$-2287,$-1870,$92,$92,$-311,$-7500,$-9589,$-195,$58,$-311
33,2010-06-30,20.89,$24.16,0.86,$16.21,1.29,$0.50,42.02,$1.07,19.53,$107.58B,$116.26B,0.93,$22.09B,$16.74B,1.32,$10.96B,$9.03B,82.39%,$10.96B,$0.93B,8.47%,$10.96B,0,0.00%,$10.96B,0,0.00%,$10.96B,$0.85B,7.72%,$10.96B,$0.74B,6.71%,$0.74B,$16.74B,4.48%,$0.74B,$9.44B,8.21%,$0.74B,$155.08B,0.45%,$0.93B,$38.83B,2.44%,$2858,$459,$2399,$0,$2080,$2571,$287,$-38,$249,$25,$224,$224,$210,$0,$0,$692,701,$0.30,$0.30,$3351,$0,$0,$107577,$1835,$23662,$7301,$14708,$47506,$155083,$116257,$22086,$0,$22086,$138343,$3464,$7729,$-237,$16740,$155083,$418,$194,$1374,$1568,$509,$49,$0,$-942,$130,$2073,$-326,$0,$-832,$0,$10512,$10512,$-413,$8941,$475,$-2027,$-1552,$76,$76,$-207,$-9471,$-11154,$-140,$37,$-207
34,2010-03-31,25.61,$23.89,1.07,$16.46,1.56,$-10.89,0.0,$0.97,26.4,$107.46B,$125.74B,0.86,$21.43B,$16.53B,1.3,$10.73B,$8.76B,81.62%,$10.73B,$0.89B,8.28%,$10.73B,0,0.00%,$10.73B,0,0.00%,$10.73B,$0.85B,7.88%,$10.73B,$0.65B,6.02%,$0.65B,$16.53B,4.06%,$0.65B,$9.00B,7.47%,$0.65B,$163.70B,0.40%,$0.89B,$37.96B,2.44%,$2623,$465,$2158,$0,$1867,$2364,$259,$-17,$242,$48,$194,$194,$188,$0,$0,$691,699,$0.27,$0.27,$3158,$0,$0,$107456,$1798,$32654,$7531,$14261,$56244,$163700,$125744,$21428,$0,$21428,$147172,$3459,$7624,$-292,$16528,$163700,$194,$97,$727,$824,$475,$-15,$0,$-756,$-362,$637,$-263,$0,$-837,$0,$918,$918,$635,$453,$-1,$-1087,$-1088,$51,$51,$-103,$-361,$-1501,$-411,$16,$-103
35,2009-12-31,19.95,$23.55,0.85,$17.52,1.14,$-27.95,0.0,$1.18,16.9,$110.22B,$128.15B,0.86,$21.38B,$16.24B,1.32,$10.82B,$8.78B,81.14%,$10.82B,$1.07B,9.93%,$10.82B,0,0.00%,$10.82B,0,0.00%,$10.82B,$1.04B,9.58%,$10.82B,$0.73B,6.74%,$0.73B,$16.24B,4.60%,$0.73B,$8.72B,8.24%,$0.73B,$165.76B,0.47%,$1.07B,$37.62B,3.02%,$2790,$497,$2293,$0,$2041,$2574,$216,$-9,$207,$13,$194,$194,$185,$0,$0,$630,636,$0.25,$0.24,$3555,$0,$0,$110224,$1583,$33253,$7525,$13179,$55540,$165764,$128147,$21376,$0,$21376,$149523,$3449,$7539,$-417,$16241,$165764,$877,$339,$2927,$3266,$-31,$-260,$0,$-949,$-4630,$-493,$-174,$0,$4502,$0,$3068,$3068,$-163,$7233,$9,$-2756,$-2747,$2727,$-474,$-820,$-2790,$-6831,$-91,$62,$-727
36,2009-09-30,21.3,$23.48,0.91,$17.72,1.2,$-17.61,0.0,$1.42,15.0,$111.35B,$127.87B,0.87,$21.32B,$16.14B,1.32,$10.56B,$8.36B,79.11%,$10.56B,$1.19B,11.30%,$10.56B,0,0.00%,$10.56B,0,0.00%,$10.56B,$1.16B,10.99%,$10.56B,$0.83B,7.84%,$0.83B,$16.14B,5.24%,$0.83B,$8.68B,9.11%,$0.83B,$165.33B,0.54%,$1.19B,$37.46B,3.45%,$2685,$508,$2177,$0,$1982,$2519,$166,$-18,$148,$-9,$157,$157,$152,$0,$0,$665,672,$0.23,$0.23,$3363,$0,$0,$111347,$1591,$34133,$7467,$10790,$53981,$165328,$127869,$21317,$0,$21317,$149186,$3437,$7458,$-364,$16142,$165328,$683,$290,$1936,$2226,$-539,$-310,$0,$348,$-3930,$-867,$-128,$0,$4478,$0,$3208,$3208,$124,$7682,$-180,$-2506,$-2686,$2708,$-493,$-717,$-3268,$-7164,$-349,$50,$-624
37,2009-06-30,17.06,$22.82,0.75,$18.39,0.93,$-15.62,0.0,$1.84,9.27,$101.25B,$119.50B,0.85,$18.11B,$14.79B,1.22,$10.46B,$8.06B,77.03%,$10.46B,$1.54B,14.76%,$10.46B,0,0.00%,$10.46B,0,0.00%,$10.46B,$1.52B,14.56%,$10.46B,$1.03B,9.88%,$1.03B,$14.79B,6.89%,$1.03B,$8.19B,12.11%,$1.03B,$152.40B,0.71%,$1.54B,$32.90B,4.56%,$2633,$502,$2131,$0,$1859,$2385,$248,$1,$249,$41,$208,$208,$121,$0,$0,$603,609,$0.20,$0.20,$3023,$0,$0,$101247,$1577,$31033,$6603,$11938,$51151,$152398,$119496,$18110,$0,$18110,$137606,$3240,$7409,$-730,$14792,$152398,$526,$191,$1244,$1435,$-2534,$-146,$0,$-1100,$-7356,$-5337,$-82,$0,$-700,$0,$1771,$1771,$36,$1025,$353,$1843,$2196,$1723,$-1411,$-619,$3640,$3806,$-506,$36,$-526
38,2009-03-31,12.78,$28.87,0.44,$18.83,0.68,$-4.99,0.0,$2.42,5.28,$101.13B,$109.29B,0.93,$17.96B,$13.10B,1.37,$10.45B,$7.82B,74.89%,$10.45B,$1.90B,18.21%,$10.45B,0,0.00%,$10.45B,0,0.00%,$10.45B,$1.88B,18.00%,$10.45B,$1.34B,12.83%,$1.34B,$16.18B,9.25%,$1.34B,$9.80B,16.58%,$1.34B,$143.43B,0.94%,$1.90B,$34.14B,5.60%,$2710,$533,$2177,$0,$1708,$2266,$444,$-12,$432,$114,$318,$318,$271,$0,$0,$560,564,$0.48,$0.48,$2764,$0,$0,$101134,$1583,$19008,$6378,$15322,$42291,$143425,$109288,$17955,$0,$17955,$127243,$2803,$7385,$-683,$16182,$143425,$318,$95,$545,$640,$-2355,$-105,$0,$-4280,$-10302,$-9271,$-41,$0,$-717,$0,$13975,$13975,$677,$13894,$-23,$2933,$2910,$22,$22,$-303,$-7992,$-5363,$-740,$19,$-263
39,2008-12-31,20.33,$28.75,0.71,$18.88,1.08,$11.17,1.82,$2.72,7.47,$100.59B,$117.90B,0.85,$18.03B,$13.00B,1.39,$10.40B,$7.44B,71.46%,$10.40B,$2.09B,20.13%,$10.40B,0,0.00%,$10.40B,0,0.00%,$10.40B,$2.08B,19.98%,$10.40B,$1.50B,14.40%,$1.50B,$16.08B,10.96%,$1.50B,$9.69B,20.46%,$1.50B,$152.02B,1.07%,$2.09B,$34.11B,6.15%,$2536,$664,$1872,$0,$1439,$2200,$336,$-4,$332,$25,$307,$307,$284,$0,$0,$549,552,$0.52,$0.50,$3495,$0,$0,$100590,$1580,$32843,$6395,$10607,$51425,$152015,$117902,$18032,$0,$18032,$135934,$2796,$7381,$-732,$16081,$152015,$1529,$392,$1460,$1852,$-591,$633,$0,$-2435,$1840,$5353,$-219,$0,$311,$0,$-10651,$-10651,$-7764,$-18323,$-1431,$151,$-1280,$160,$3294,$-1019,$11598,$12593,$-377,$75,$-1019
40,2008-09-30,27.58,$23.42,1.18,$19.23,1.43,$3.43,8.03,$2.96,9.32,$98.55B,$102.77B,0.96,$21.34B,$12.94B,1.65,$10.60B,$7.27B,68.62%,$10.60B,$2.36B,22.23%,$10.60B,0,0.00%,$10.60B,0,0.00%,$10.60B,$2.34B,22.10%,$10.60B,$1.63B,15.33%,$1.63B,$12.94B,12.69%,$1.63B,$6.49B,24.93%,$1.63B,$137.04B,1.20%,$2.36B,$34.27B,7.07%,$2585,$705,$1880,$0,$1339,$2069,$516,$-5,$511,$149,$362,$362,$358,$0,$0,$550,554,$0.65,$0.65,$3247,$0,$0,$98552,$1557,$20534,$6448,$9950,$38489,$137041,$102769,$21337,$0,$21337,$124106,$2761,$7357,$-461,$12935,$137041,$1222,$297,$912,$1209,$-600,$461,$0,$-2388,$-2014,$434,$-148,$0,$-159,$0,$1321,$1321,$-5159,$-4145,$2559,$-559,$2000,$128,$128,$-760,$1618,$2986,$-725,$61,$-760
41,2008-06-30,16.27,$23.40,0.7,$19.44,0.84,$2.00,8.15,$3.11,5.23,$97.81B,$103.11B,0.95,$20.56B,$12.80B,1.61,$10.72B,$7.05B,65.73%,$10.72B,$2.51B,23.39%,$10.72B,0,0.00%,$10.72B,0,0.00%,$10.72B,$2.49B,23.24%,$10.72B,$1.71B,15.96%,$1.71B,$12.80B,13.51%,$1.71B,$6.38B,26.49%,$1.71B,$136.47B,1.28%,$2.51B,$33.36B,7.68%,$2617,$722,$1895,$0,$1263,$2010,$607,$-1,$606,$175,$431,$431,$428,$0,$0,$547,550,$0.78,$0.78,$3353,$0,$0,$97811,$1557,$22657,$6422,$8018,$38654,$136465,$103109,$20556,$0,$20556,$123665,$2735,$7258,$-339,$12800,$136465,$860,$196,$538,$734,$-687,$495,$0,$-556,$-480,$1055,$-105,$0,$-146,$0,$-585,$-585,$-3676,$-4512,$1846,$170,$2016,$26,$26,$-503,$1444,$2983,$-474,$38,$-503
42,2008-03-31,22.59,$23.49,0.96,$19.53,1.16,$0.67,33.47,$3.16,7.15,$96.37B,$102.03B,0.95,$21.54B,$12.84B,1.68,$10.79B,$6.85B,63.43%,$10.79B,$2.59B,23.99%,$10.79B,0,0.00%,$10.79B,0,0.00%,$10.79B,$2.57B,23.81%,$10.79B,$1.74B,16.13%,$1.74B,$12.84B,13.93%,$1.74B,$6.74B,27.43%,$1.74B,$136.42B,1.32%,$2.59B,$34.39B,8.12%,$2666,$878,$1788,$0,$1126,$2031,$635,$-5,$630,$201,$429,$429,$428,$0,$0,$546,549,$0.78,$0.78,$3515,$0,$0,$96369,$1544,$23487,$6106,$8911,$40048,$136417,$102031,$21544,$0,$21544,$123575,$2734,$7087,$-103,$12842,$136417,$429,$100,$196,$296,$-1027,$400,$0,$-1235,$-889,$-146,$-53,$0,$-39,$0,$-986,$-986,$-1393,$-2471,$2617,$-1024,$1593,$25,$25,$-251,$714,$2081,$-536,$16,$-251
43,2007-12-31,21.25,$23.14,0.92,$19.32,1.1,$2.19,9.7,$3.15,6.75,$95.02B,$101.29B,0.94,$18.69B,$12.63B,1.48,$10.67B,$6.65B,62.37%,$10.67B,$2.60B,24.40%,$10.67B,0,0.00%,$10.67B,0,0.00%,$10.67B,$2.58B,24.20%,$10.67B,$1.73B,16.25%,$1.73B,$12.63B,14.21%,$1.73B,$6.48B,28.34%,$1.73B,$132.62B,1.35%,$2.60B,$31.33B,8.34%,$2730,$1021,$1709,$0,$1084,$2132,$598,$-3,$595,$172,$423,$423,$411,$0,$0,$547,552,$0.74,$0.74,$4334,$0,$0,$95016,$1529,$22419,$6155,$7499,$37602,$132618,$101293,$18693,$0,$18693,$119986,$2730,$6919,$-104,$12632,$132618,$1746,$404,$521,$925,$-383,$1138,$-824,$-1560,$-1629,$1112,$-256,$0,$-141,$0,$-883,$-883,$-6182,$-7462,$2122,$1004,$3126,$-190,$-190,$-962,$4781,$6755,$405,$70,$-962
44,2007-09-30,27.67,$22.58,1.23,$18.91,1.46,$1.74,15.87,$2.86,9.68,$93.41B,$99.32B,0.94,$19.06B,$12.40B,1.54,$10.41B,$6.50B,62.49%,$10.41B,$2.58B,24.76%,$10.41B,0,0.00%,$10.41B,0,0.00%,$10.41B,$2.55B,24.51%,$10.41B,$1.57B,15.13%,$1.57B,$12.40B,13.14%,$1.57B,$6.25B,26.26%,$1.57B,$130.78B,1.26%,$2.58B,$31.46B,8.51%,$2705,$1052,$1653,$0,$960,$2038,$667,$-7,$660,$216,$444,$444,$444,$0,$0,$551,555,$0.81,$0.80,$4281,$0,$0,$93406,$1504,$23061,$6156,$6654,$37375,$130781,$99320,$19059,$0,$19059,$118379,$2746,$6759,$-268,$12402,$130781,$1323,$302,$320,$622,$-720,$560,$0,$-901,$-2286,$-342,$-169,$0,$23,$0,$-1747,$-1747,$-4178,$-6071,$2698,$989,$3687,$-65,$-65,$-709,$3256,$6169,$-244,$56,$-709
45,2007-06-30,27.56,$21.97,1.25,$18.57,1.48,$3.14,8.78,$2.83,9.74,$91.59B,$97.14B,0.94,$18.31B,$12.13B,1.51,$10.16B,$6.45B,63.44%,$10.16B,$2.54B,25.00%,$10.16B,0,0.00%,$10.16B,0,0.00%,$10.16B,$2.51B,24.70%,$10.16B,$1.55B,15.22%,$1.55B,$12.13B,13.10%,$1.55B,$5.93B,26.13%,$1.55B,$127.58B,1.27%,$2.54B,$30.44B,8.65%,$2690,$995,$1695,$0,$980,$2001,$689,$-5,$684,$226,$458,$458,$458,$0,$0,$548,554,$0.84,$0.83,$3970,$0,$0,$91592,$1485,$22254,$6195,$6051,$35985,$127577,$97139,$18313,$0,$18313,$115452,$2760,$6568,$-452,$12125,$127577,$879,$200,$207,$407,$-554,$1080,$0,$-399,$-935,$336,$-111,$0,$45,$0,$-1267,$-1267,$-2652,$-3985,$2219,$-308,$1911,$46,$46,$-455,$2150,$3652,$3,$42,$-455
46,2007-03-31,27.5,$21.48,1.28,$17.99,1.53,$4.43,6.2,$2.79,9.86,$87.83B,$90.11B,0.98,$19.94B,$11.65B,1.71,$9.79B,$6.32B,64.55%,$9.79B,$2.50B,25.57%,$9.79B,0,0.00%,$9.79B,0,0.00%,$9.79B,$2.48B,25.29%,$9.79B,$1.52B,15.50%,$1.52B,$11.65B,13.12%,$1.52B,$5.82B,26.18%,$1.52B,$121.69B,1.27%,$2.50B,$31.59B,8.83%,$2543,$946,$1597,$0,$923,$1894,$649,$-6,$643,$222,$421,$421,$421,$0,$0,$542,547,$0.78,$0.77,$3408,$0,$0,$87832,$1431,$20898,$5833,$5700,$33862,$121694,$90108,$19936,$0,$19936,$110044,$2712,$6364,$-288,$11650,$121694,$421,$100,$107,$207,$-91,$1241,$0,$78,$76,$686,$-55,$0,$13,$0,$-84,$-84,$-869,$-995,$3999,$-2686,$1313,$25,$25,$-228,$-1119,$-9,$-318,$28,$-228
47,2006-12-31,29.16,$21.69,1.34,$17.33,1.68,$4.37,6.68,$2.81,10.38,$87.72B,$93.70B,0.94,$15.90B,$11.75B,1.35,$9.41B,$6.23B,66.17%,$9.41B,$2.49B,26.46%,$9.41B,0,0.00%,$9.41B,0,0.00%,$9.41B,$2.47B,26.27%,$9.41B,$1.53B,16.23%,$1.53B,$11.75B,13.40%,$1.53B,$5.98B,26.46%,$1.53B,$121.35B,1.31%,$2.49B,$27.65B,9.41%,$2468,$910,$1558,$0,$959,$1896,$572,$-9,$563,$312,$251,$251,$251,$0,$0,$539,544,$0.47,$0.46,$5012,$0,$0,$87715,$1410,$20721,$5765,$5740,$33636,$121351,$93702,$15904,$0,$15904,$109606,$2707,$6596,$-359,$11745,$121351,$1528,$418,$340,$758,$7,$-1434,$0,$-607,$-1531,$767,$-166,$0,$38,$0,$-676,$-676,$-6483,$-7287,$2378,$1286,$3664,$-845,$-845,$-863,$4479,$6435,$-85,$58,$-863
