,Date,Stock Price,Book Value per Share,Price to Book Ratio,TTM Sales per Share,Price to Sales Ratio,TTM FCF per Share,Price to FCF Ratio,TTM Net EPS,PE Ratio,Current Assets,Current Liabilities,Current Ratio,Long Term Debt,Shareholder's Equity_x,Debt to Equity Ratio,TTM Revenue_x,TTM Gross Profit,Gross Margin,TTM Revenue_y,TTM Operating Income,Operating Margin,TTM Revenue_x,TTM EBIT,EBIT Margin,TTM Revenue_y,TTM EBITDA,EBITDA Margin,TTM Revenue_x,TTM Pre-Tax Income,Pre-Tax Margin,TTM Revenue_y,TTM Net Income_x,Net Margin,TTM Net Income_y,Shareholder's Equity_y,Return on Equity,TTM Net Income_x,Tangible Equity,Return on Tangible Equity,TTM Net Income_y,Total Assets,Return on Assets,TTM Net Income,LT Investments & Debt,Return on Investment,revenue,cost-goods-sold,gross-profit,research-development-expenses,selling-general-administrative-expenses,operating-expenses,operating-income,total-non-operating-income-expense,pre-tax-income,total-provision-income-taxes,income-after-taxes,income-from-continuous-operations,net-income,ebitda,ebit,basic-shares-outstanding,shares-outstanding,eps-basic-net-earnings-per-share,eps-earnings-per-share-diluted,cash-on-hand,inventory,other-current-assets,total-current-assets,net-property-plant-equipment,long-term-investments,goodwill-intangible-assets-total,other-long-term-assets,total-long-term-assets,total-assets,total-current-liabilities,long-term-debt,other-non-current-liabilities,total-long-term-liabilities,total-liabilities,common-stock-net,retained-earnings-accumulated-deficit,comprehensive-income,total-share-holder-equity,total-liabilities-share-holders-equity,net-income-loss,total-depreciation-amortization-cash-flow,other-non-cash-items,total-non-cash-items,change-in-accounts-receivable,change-in-inventories,change-in-accounts-payable,change-in-assets-liabilities,total-change-in-assets-liabilities,cash-flow-from-operating-activities,net-change-in-property-plant-equipment,net-change-in-intangible-assets,net-acquisitions-divestitures,net-change-in-short-term-investments,net-change-in-long-term-investments,net-change-in-investments-total,investing-activities-other,cash-flow-from-investing-activities,net-long-term-debt,net-current-debt,debt-issuance-retirement-net-total,net-common-equity-issued-repurchased,net-total-equity-issued-repurchased,total-common-preferred-stock-dividends-paid,financial-activities-other,cash-flow-from-financial-activities,net-cash-flow,stock-based-compensation,common-stock-dividends-paid
0,2018-06-30,7.0,$9.32,0.75,$4.06,1.72,$-1.31,0.0,$0.68,10.29,$158.23B,$620.95B,0.26,$74.36B,$62.12B,1.2,$28.07B,$28.07B,100.00%,$28.07B,$12.40B,44.17%,$28.07B,0,0.00%,$28.07B,0,0.00%,$28.07B,$8.49B,30.25%,$28.07B,$4.84B,17.24%,$4.84B,$62.12B,7.82%,$4.84B,$52.13B,9.37%,$4.84B,$822.46B,0.60%,$12.40B,$136.48B,8.79%,$6422,$0,$6422,$0,$3068,$3414,$3008,$-1184,$1824,$498,$1327,$1327,$1946,$0,$0,$6975,6975,$0.28,$0.28,$158227,$0,$0,$158227,$8033,$78913,$9986,$520993,$664228,$822455,$620950,$74357,$62419,$139384,$760335,$3896,$34054,$-11769,$62119,$822455,$3852,$723,$2936,$3659,$-14558,$0,$0,$1648,$-12910,$-6603,$73,$-485,$334,$0,$-24,$-24,$0,$-103,$24,$0,$24,$-126,$-126,$-1479,$-447,$-2029,$-11104,$0,$-1479
1,2017-09-30,8.6,$9.59,0.9,$4.02,2.14,$-0.64,0.0,$0.63,13.66,$651.24B,$618.75B,1.05,$81.43B,$63.94B,1.27,$27.86B,$27.86B,100.00%,$27.86B,$11.86B,42.59%,$27.86B,0,0.00%,$27.86B,0,0.00%,$27.86B,$7.77B,27.90%,$27.86B,$4.36B,15.64%,$4.36B,$63.94B,7.03%,$4.36B,$53.66B,8.45%,$4.36B,$811.89B,0.54%,$11.86B,$145.37B,8.25%,$7127,$0,$7127,$0,$3201,$3558,$3569,$-940,$2632,$718,$1913,$1913,$1561,$0,$0,$6645,6645,$0.22,$0.22,$122867,$0,$0,$651240,$9359,$106004,$10276,$13675,$160655,$811894,$618745,$81431,$44624,$129213,$747957,$3840,$32987,$-9351,$63936,$811894,$5107,$1242,$5721,$6964,$-16669,$0,$0,$3870,$-12799,$-2972,$-739,$-378,$-759,$0,$3150,$3150,$0,$1273,$722,$0,$722,$-27,$-27,$-1161,$-344,$-811,$-4721,$0,$-1161
2,2017-06-30,8.06,$9.03,0.89,$4.10,1.97,$-1.07,0.0,$0.63,12.8,$624.14B,$590.21B,1.06,$76.46B,$60.19B,1.27,$27.86B,$27.86B,100.00%,$27.86B,$11.92B,42.80%,$27.86B,0,0.00%,$27.86B,0,0.00%,$27.86B,$7.76B,27.86%,$27.86B,$4.28B,15.37%,$4.28B,$60.19B,6.93%,$4.28B,$50.24B,8.38%,$4.28B,$772.60B,0.53%,$11.92B,$136.65B,8.24%,$7275,$0,$7275,$0,$3393,$3797,$3478,$-1147,$2328,$646,$1682,$1682,$1343,$0,$0,$7146,7146,$0.19,$0.19,$116408,$0,$0,$624143,$9031,$99364,$9951,$9224,$148460,$772602,$590206,$76457,$42611,$122201,$712407,$3593,$30352,$-7689,$60194,$772602,$3205,$783,$3593,$4377,$-5277,$0,$0,$-6383,$-11660,$-5205,$-185,$-185,$206,$0,$1752,$1752,$0,$1588,$7,$0,$7,$-3,$-3,$-967,$-327,$-1290,$-5851,$0,$-967
3,2016-12-31,6.22,$9.34,0.67,$3.99,1.56,$-0.70,0.0,$0.56,11.1,$648.83B,$617.48B,1.05,$84.52B,$61.34B,1.38,$27.28B,$27.28B,100.00%,$27.28B,$11.28B,41.35%,$27.28B,0,0.00%,$27.28B,0,0.00%,$27.28B,$7.07B,25.93%,$27.28B,$3.85B,14.10%,$3.85B,$61.34B,6.23%,$3.85B,$50.51B,7.56%,$3.85B,$809.87B,0.47%,$11.28B,$145.85B,7.71%,$6969,$0,$6969,$0,$3313,$3708,$3261,$-1097,$2166,$601,$1565,$1565,$1218,$0,$0,$6918,6918,$0.18,$0.18,$129529,$0,$0,$648828,$9894,$108095,$10829,$10099,$161042,$809872,$617477,$84517,$42787,$131057,$748535,$3561,$28388,$-6040,$61337,$809872,$5193,$1578,$5929,$7507,$-23322,$0,$0,$19830,$-3491,$7329,$-572,$-714,$1013,$0,$-346,$-346,$0,$-620,$551,$0,$551,$241,$241,$-1769,$-255,$-1232,$1648,$0,$-1769
4,2016-09-30,5.47,$9.63,0.57,$4.18,1.31,$1.79,3.06,$0.61,8.97,$631.86B,$614.39B,1.03,$85.22B,$62.37B,1.37,$28.34B,$28.34B,100.00%,$28.34B,$13.90B,49.05%,$28.34B,0,0.00%,$28.34B,0,0.00%,$28.34B,$5.99B,21.12%,$28.34B,$4.18B,14.75%,$4.18B,$62.37B,6.76%,$4.18B,$51.77B,8.23%,$4.18B,$808.68B,0.51%,$13.90B,$147.60B,9.39%,$6696,$0,$6696,$0,$4213,$4607,$2089,$-730,$1363,$333,$1031,$1031,$718,$0,$0,$6950,6950,$0.09,$0.09,$121473,$0,$0,$631863,$10569,$118874,$10605,$15422,$176822,$808684,$614393,$85221,$42645,$131917,$746309,$3543,$28167,$-5224,$62374,$808684,$4154,$1184,$3580,$4764,$-21920,$0,$0,$13211,$-8709,$-1337,$-747,$-434,$456,$0,$-1596,$-1596,$0,$-2320,$1116,$0,$1116,$215,$215,$-1597,$-257,$-522,$-6786,$0,$-1597
5,2016-06-30,5.11,$9.75,0.52,$4.28,1.19,$4.26,1.2,$0.25,20.45,$662.19B,$643.91B,1.03,$85.28B,$63.22B,1.35,$28.07B,$28.07B,100.00%,$28.07B,$13.49B,48.06%,$28.07B,0,0.00%,$28.07B,0,0.00%,$28.07B,$5.50B,19.61%,$28.07B,$1.93B,6.87%,$1.93B,$63.22B,3.15%,$1.93B,$51.99B,3.85%,$1.93B,$842.73B,0.23%,$13.49B,$148.50B,9.07%,$6917,$0,$6917,$0,$3466,$3881,$3036,$-1120,$1915,$519,$1396,$1396,$1077,$0,$0,$6731,6731,$0.16,$0.16,$126297,$0,$0,$662192,$10863,$125458,$11224,$11165,$180534,$842727,$643905,$85283,$46276,$135609,$779512,$3586,$28073,$-4888,$63215,$842727,$2791,$778,$2132,$2910,$-11611,$0,$0,$794,$-10817,$-6155,$-137,$-206,$320,$0,$-1901,$-1901,$0,$-1924,$1130,$0,$1130,$105,$105,$-917,$-258,$60,$-9283,$0,$-917
6,2016-03-31,5.81,$9.45,0.61,$4.20,1.38,$5.49,1.06,$0.27,21.51,$636.14B,$625.60B,1.02,$82.82B,$60.14B,1.38,$27.34B,$27.34B,100.00%,$27.34B,$12.93B,47.30%,$27.34B,0,0.00%,$27.34B,0,0.00%,$27.34B,$4.96B,18.14%,$27.34B,$2.01B,7.36%,$2.01B,$60.14B,3.38%,$2.01B,$49.27B,4.11%,$2.01B,$817.41B,0.25%,$12.93B,$142.96B,8.79%,$7281,$0,$7281,$0,$3354,$3743,$3538,$-1217,$2319,$629,$1690,$1690,$1269,$0,$0,$6606,6606,$0.19,$0.19,$136027,$0,$0,$636135,$10698,$122631,$10875,$33645,$181278,$817413,$625595,$82818,$43389,$131677,$757271,$3442,$26038,$0,$60142,$817413,$1077,$380,$1178,$1558,$-3944,$0,$0,$-1319,$-5263,$-3028,$87,$-63,$153,$0,$43,$43,$0,$221,$0,$0,$0,$189,$189,$-649,$-30,$-490,$-4596,$0,$-649
7,2015-12-31,6.17,$9.67,0.64,$4.10,1.51,$5.90,1.05,$0.44,14.03,$645.97B,$633.80B,1.02,$91.36B,$61.56B,1.48,$25.94B,$25.94B,100.00%,$25.94B,$11.84B,45.62%,$25.94B,0,0.00%,$25.94B,0,0.00%,$25.94B,$5.11B,19.70%,$25.94B,$2.93B,11.31%,$2.93B,$61.56B,4.96%,$2.93B,$50.15B,6.02%,$2.93B,$832.89B,0.37%,$11.84B,$152.92B,8.05%,$6386,$0,$6386,$0,$3390,$3770,$2617,$-1140,$1476,$399,$1077,$1077,$782,$0,$0,$7090,7090,$0.11,$0.11,$137805,$0,$0,$645973,$11042,$126924,$11409,$16169,$186916,$832887,$633804,$91357,$42300,$137524,$771326,$3464,$26539,$0,$61559,$832887,$3695,$1412,$18938,$20350,$-22761,$0,$0,$25781,$3020,$25651,$-2162,$-634,$-2058,$0,$-44,$-44,$0,$-4898,$1226,$0,$1226,$53,$53,$-976,$-162,$141,$13365,$0,$-976
8,2015-09-30,7.05,$9.46,0.74,$3.84,1.83,$0.85,8.24,$0.42,16.78,$646.30B,$632.03B,1.02,$91.24B,$59.64B,1.53,$23.76B,$23.76B,100.00%,$23.76B,$7.70B,32.40%,$23.76B,0,0.00%,$23.76B,0,0.00%,$23.76B,$6.05B,25.46%,$23.76B,$2.67B,11.24%,$2.67B,$59.64B,4.38%,$2.67B,$48.74B,5.24%,$2.67B,$830.61B,0.34%,$7.70B,$150.88B,5.13%,$7753,$0,$7753,$0,$2691,$3043,$4709,$0,$275,$177,$97,$-415,$1053,$0,$0,$6774,6774,$0.14,$0.14,$138818,$0,$0,$646297,$10403,$131684,$10901,$10679,$184309,$830605,$632031,$91241,$43880,$138932,$770963,$3438,$25608,$0,$59642,$830605,$2351,$1037,$15188,$16225,$-88,$0,$0,$-3897,$-3985,$13545,$-877,$-450,$-3147,$0,$887,$887,$0,$-3586,$1518,$0,$1518,$63,$63,$-318,$-154,$1109,$5221,$0,$-318
9,2015-06-30,8.07,$8.95,0.9,$3.56,2.26,$-1.30,0.0,$0.75,10.75,$572.98B,$555.39B,1.03,$85.34B,$56.41B,1.51,$22.24B,$22.24B,100.00%,$22.24B,$6.08B,27.33%,$22.24B,0,0.00%,$22.24B,0,0.00%,$22.24B,$5.91B,26.58%,$22.24B,$4.61B,20.73%,$4.61B,$56.41B,7.43%,$4.61B,$47.75B,8.88%,$4.61B,$740.27B,0.58%,$6.08B,$141.75B,3.96%,$6653,$0,$6653,$0,$3623,$4024,$2629,$-1195,$1434,$327,$1107,$1107,$-1176,$0,$0,$5872,5872,$-0.20,$-0.20,$125419,$0,$0,$572984,$9480,$119683,$8660,$8966,$167291,$740273,$555387,$85337,$39539,$128473,$683861,$3418,$26781,$0,$56413,$740273,$3272,$633,$1346,$1979,$-9896,$0,$0,$7993,$-1903,$2308,$-528,$-170,$-1195,$0,$-173,$-173,$0,$-2065,$1509,$0,$1509,$305,$305,$-316,$-154,$1344,$-3931,$0,$-316
10,2015-03-31,8.2,$0.00,0.0,$2.68,3.05,$-4.34,0.0,$0.70,11.71,$592.11B,$568.37B,1.04,$83.50B,$0.00B,0.0,$16.50B,$16.50B,100.00%,$16.50B,$-0.41B,-2.46%,$16.50B,0,0.00%,$16.50B,0,0.00%,$16.50B,$5.64B,34.15%,$16.50B,$4.20B,25.46%,$4.20B,$59.11B,6.56%,$4.20B,$48.39B,7.82%,$4.20B,$759.16B,0.51%,$-0.41B,$142.61B,-0.25%,$6551,$0,$6551,$0,$3242,$3573,$2978,$-1205,$1774,$475,$1300,$1300,$1353,$0,$0,$6437,6437,$0.21,$0.21,$142260,$0,$0,$592113,$0,$114966,$10715,$32273,$157954,$759161,$568372,$83503,$48182,$131685,$700056,$0,$0,$0,$59106,$759161,$0,$0,$0,$0,$0,$0,$0,$0,$0,$0,$0,$0,$0,$0,$0,$0,$0,$0,$0,$0,$0,$0,$0,$0,$0,$0,$0,$0,$0
11,2014-12-31,7.57,$0.00,0.0,$2.76,2.74,$-4.34,0.0,$0.56,13.52,$651.12B,$628.66B,1.04,$95.96B,$68.61B,1.4,$16.49B,$16.49B,100.00%,$16.49B,$-0.53B,-3.22%,$16.49B,0,0.00%,$16.49B,0,0.00%,$16.49B,$5.40B,32.75%,$16.49B,$3.36B,20.38%,$3.36B,$68.60B,5.22%,$3.36B,$58.81B,6.23%,$3.36B,$840.04B,0.40%,$-0.53B,$164.57B,-0.32%,$4985,$0,$4985,$0,$3138,$3466,$1519,$0,$1628,$436,$1192,$1704,$1704,$0,$0,$6225,6225,$0.28,$0.28,$156125,$0,$0,$651123,$0,$132111,$9798,$36614,$178524,$840041,$628657,$95964,$46817,$142780,$771437,$4020,$29352,$0,$68604,$840041,$4097,$1522,$0,$1522,$0,$0,$0,$0,$-22182,$-8226,$-1664,$0,$598,$0,$0,$157,$-621,$-1530,$0,$0,$3432,$0,$2278,$-1098,$-416,$4197,$-4595,$0,$0
12,2014-09-30,9.67,$0.00,0.0,$2.81,3.45,$-3.13,0.0,$0.24,40.31,$655.60B,$632.28B,1.04,$100.11B,$0.00B,0.0,$16.60B,$16.60B,100.00%,$16.60B,$-1.31B,-7.87%,$16.60B,0,0.00%,$16.60B,0,0.00%,$16.60B,$3.99B,24.03%,$16.60B,$1.42B,8.57%,$1.42B,$64.21B,2.29%,$1.42B,$52.77B,2.74%,$1.42B,$846.16B,0.17%,$-1.31B,$164.32B,-0.80%,$5571,$0,$5571,$0,$4597,$4998,$573,$0,$1214,$207,$1007,$789,$789,$0,$0,$6264,6264,$0.13,$0.13,$151759,$0,$0,$655603,$0,$132378,$11439,$36443,$180261,$846163,$632278,$100109,$49566,$149676,$781955,$0,$0,$0,$64207,$846163,$0,$0,$0,$0,$0,$0,$0,$0,$0,$0,$0,$0,$0,$0,$0,$0,$0,$0,$0,$0,$0,$0,$0,$0,$0,$0,$0,$0,$0
13,2014-06-30,10.12,$0.00,0.0,$2.59,3.9,$-3.13,0.0,$0.15,67.48,$639.40B,$607.74B,1.05,$103.30B,$64.29B,1.61,$15.65B,$15.65B,100.00%,$15.65B,$-1.82B,-11.62%,$15.65B,0,0.00%,$15.65B,0,0.00%,$15.65B,$3.19B,20.38%,$15.65B,$0.92B,5.86%,$0.92B,$64.29B,1.49%,$0.92B,$54.99B,1.78%,$0.92B,$822.28B,0.11%,$-1.82B,$167.59B,-1.10%,$5128,$0,$5128,$0,$3729,$4121,$1006,$0,$1295,$322,$973,$764,$764,$0,$0,$6010,6010,$0.13,$0.13,$146810,$0,$0,$639401,$0,$134896,$9298,$28695,$172889,$822284,$607740,$103301,$46953,$150253,$757992,$3958,$29258,$0,$64292,$822284,$2118,$752,$0,$752,$0,$0,$0,$0,$-22989,$-16194,$-30,$0,$91,$0,$0,$148,$-203,$5,$0,$0,$4018,$0,$49,$-144,$-295,$3628,$-13590,$0,$0
14,2014-03-31,9.52,$0.00,0.0,$3.33,2.86,$-0.36,0.0,$0.26,36.61,$641.81B,$611.65B,1.05,$102.81B,$0.00B,0.0,$19.86B,$19.86B,100.00%,$19.86B,$3.05B,15.34%,$19.86B,0,0.00%,$19.86B,0,0.00%,$19.86B,$3.05B,15.35%,$19.86B,$1.49B,7.52%,$1.49B,$60.38B,2.44%,$1.49B,$49.22B,2.95%,$1.49B,$821.12B,0.19%,$3.05B,$163.19B,1.80%,$819,$0,$819,$0,$3930,$4323,$-3504,$0,$1498,$401,$1097,$945,$945,$0,$0,$5867,5867,$0.16,$0.16,$147142,$0,$0,$641808,$0,$122735,$11154,$35175,$169065,$821115,$611646,$102808,$46282,$149090,$760736,$0,$0,$0,$60379,$821115,$0,$0,$0,$0,$0,$0,$0,$0,$0,$0,$0,$0,$0,$0,$0,$0,$0,$0,$0,$0,$0,$0,$0,$0,$0,$0,$0,$0,$0
15,2013-12-31,9.45,$0.00,0.0,$3.50,2.7,$-0.36,0.0,$0.53,17.82,$611.51B,$575.04B,1.06,$99.19B,$59.57B,1.67,$20.75B,$20.75B,100.00%,$20.75B,$3.65B,17.60%,$20.75B,0,0.00%,$20.75B,0,0.00%,$20.75B,$3.65B,17.61%,$20.75B,$2.92B,14.07%,$2.92B,$59.57B,4.75%,$2.92B,$50.60B,5.76%,$2.92B,$773.83B,0.36%,$3.65B,$158.77B,2.08%,$4975,$0,$4975,$0,$3199,$3581,$1394,$0,$1394,$374,$1020,$864,$864,$0,$0,$5673,5673,$0.15,$0.14,$145353,$0,$0,$611514,$0,$115764,$8978,$27572,$152314,$773834,$575040,$99192,$40028,$139220,$714260,$3766,$27789,$0,$59574,$773834,$3960,$1460,$0,$1460,$0,$0,$0,$0,$-15477,$-664,$-1529,$0,$5141,$0,$0,$1100,$-699,$4013,$0,$0,$519,$0,$101,$-1694,$-688,$-1761,$-782,$0,$0
16,2013-09-30,8.52,$0.00,0.0,$3.46,2.47,$2.10,4.06,$0.73,11.68,$626.92B,$583.58B,1.07,$110.65B,$0.00B,0.0,$19.91B,$19.91B,100.00%,$19.91B,$3.16B,15.87%,$19.91B,0,0.00%,$19.91B,0,0.00%,$19.91B,$3.16B,15.86%,$19.91B,$4.10B,20.58%,$4.10B,$62.73B,6.76%,$4.10B,$51.79B,8.32%,$4.10B,$804.33B,0.50%,$3.16B,$173.38B,1.74%,$5678,$0,$5678,$0,$5478,$5879,$-202,$0,$-198,$-92,$-106,$-1150,$-1150,$0,$0,$5660,6064,$-0.20,$-0.19,$131589,$0,$0,$626920,$0,$116399,$10935,$40040,$167375,$804327,$583577,$110650,$47371,$158021,$741598,$0,$0,$0,$62731,$804327,$0,$0,$0,$0,$0,$0,$0,$0,$0,$0,$0,$0,$0,$0,$0,$0,$0,$0,$0,$0,$0,$0,$0,$0,$0,$0,$0,$0,$0
17,2013-06-30,6.24,$0.00,0.0,$3.61,1.73,$2.10,2.97,$0.73,8.55,$626.79B,$581.60B,1.08,$118.58B,$0.00B,0.0,$19.61B,$19.61B,100.00%,$19.61B,$2.75B,14.04%,$19.61B,0,0.00%,$19.61B,0,0.00%,$19.61B,$2.75B,14.02%,$19.61B,$4.03B,20.53%,$4.03B,$61.88B,6.87%,$4.03B,$50.64B,8.53%,$4.03B,$807.70B,0.49%,$2.75B,$180.46B,1.51%,$4173,$0,$4173,$0,$3304,$3679,$494,$0,$494,$17,$477,$258,$258,$0,$0,$6500,6500,$0.04,$0.04,$127664,$0,$0,$626789,$0,$120416,$11246,$39227,$170889,$807703,$581596,$118577,$45646,$164223,$745818,$0,$0,$0,$61884,$807703,$0,$0,$0,$0,$0,$0,$0,$0,$0,$0,$0,$0,$0,$0,$0,$0,$0,$0,$0,$0,$0,$0,$0,$0,$0,$0,$0,$0,$0
18,2013-03-31,6.39,$0.00,0.0,$3.56,1.79,$2.10,3.05,$0.58,11.02,$651.88B,$599.35B,1.09,$126.57B,$0.00B,0.0,$19.03B,$19.03B,100.00%,$19.03B,$2.27B,11.91%,$19.03B,0,0.00%,$19.03B,0,0.00%,$19.03B,$2.27B,11.91%,$19.03B,$3.12B,16.41%,$3.12B,$61.52B,5.48%,$3.12B,$49.69B,6.86%,$3.12B,$836.23B,0.38%,$2.27B,$188.09B,1.26%,$5034,$0,$5034,$0,$3309,$3673,$1361,$0,$1358,$341,$1017,$1521,$1521,$0,$0,$5735,5735,$0.27,$0.27,$139960,$0,$0,$651876,$0,$120017,$11825,$42166,$174008,$836226,$599353,$126571,$48782,$175353,$774708,$0,$0,$0,$61518,$836226,$0,$0,$0,$0,$0,$0,$0,$0,$0,$0,$0,$0,$0,$0,$0,$0,$0,$0,$0,$0,$0,$0,$0,$0,$0,$0,$0,$0,$0
19,2012-12-31,6.77,$0.00,0.0,$3.62,1.87,$2.10,3.23,$0.43,15.74,$647.75B,$590.15B,1.1,$127.38B,$56.33B,2.26,$18.60B,$18.60B,100.00%,$18.60B,$2.13B,11.47%,$18.60B,0,0.00%,$18.60B,0,0.00%,$18.60B,$2.13B,11.47%,$18.60B,$2.16B,11.62%,$2.16B,$56.33B,3.92%,$2.16B,$44.87B,4.93%,$2.16B,$820.26B,0.27%,$2.13B,$183.71B,1.18%,$5863,$0,$5863,$0,$3500,$3865,$1999,$0,$1999,$522,$1477,$2290,$2290,$0,$0,$5594,5594,$0.41,$0.41,$154642,$0,$0,$647746,$0,$119196,$11462,$31840,$162497,$820255,$590146,$127379,$46396,$173775,$763922,$3434,$24694,$0,$56334,$820255,$2993,$1309,$0,$1309,$0,$0,$0,$0,$-3025,$13628,$-2195,$0,$759,$0,$0,$1044,$-1003,$-1395,$0,$0,$-2748,$0,$349,$-1632,$-459,$-4491,$8347,$0,$0
20,2012-09-30,5.57,$0.00,0.0,$3.51,1.59,$5.61,0.99,$0.38,14.66,$633.06B,$579.00B,1.09,$123.50B,$0.00B,0.0,$17.35B,$17.35B,100.00%,$17.35B,$2.26B,13.00%,$17.35B,0,0.00%,$17.35B,0,0.00%,$17.35B,$2.25B,12.99%,$17.35B,$1.95B,11.25%,$1.95B,$54.75B,3.55%,$1.95B,$43.68B,4.48%,$1.95B,$807.71B,0.24%,$2.26B,$178.25B,1.23%,$4837,$0,$4837,$0,$5161,$5532,$-695,$0,$-693,$-414,$-279,$-161,$27,$0,$0,$5449,5449,$0.01,$0.01,$139726,$0,$0,$633057,$0,$110283,$11074,$42792,$164149,$807712,$578995,$123499,$50469,$173968,$752964,$0,$0,$0,$54749,$807712,$0,$0,$0,$0,$0,$0,$0,$0,$0,$0,$0,$0,$0,$0,$0,$0,$0,$0,$0,$0,$0,$0,$0,$0,$0,$0,$0,$0,$0
21,2012-06-30,4.9,$0.00,0.0,$3.77,1.3,$5.61,0.87,$0.58,8.46,$634.14B,$581.37B,1.09,$115.76B,$0.00B,0.0,$18.51B,$18.51B,100.00%,$18.51B,$3.59B,19.38%,$18.51B,0,0.00%,$18.51B,0,0.00%,$18.51B,$3.59B,19.38%,$18.51B,$2.90B,15.68%,$2.90B,$55.32B,5.23%,$2.90B,$43.85B,6.72%,$2.90B,$799.79B,0.36%,$3.59B,$171.08B,1.91%,$3877,$0,$3877,$0,$3461,$3789,$88,$0,$86,$-295,$382,$189,$189,$0,$0,$4868,4868,$0.04,$0.04,$132112,$0,$0,$634142,$0,$106143,$11472,$38428,$156043,$799794,$581373,$115759,$47338,$163097,$744470,$0,$0,$0,$55324,$799794,$0,$0,$0,$0,$0,$0,$0,$0,$0,$0,$0,$0,$0,$0,$0,$0,$0,$0,$0,$0,$0,$0,$0,$0,$0,$0,$0,$0,$0
22,2012-03-31,5.42,$0.00,0.0,$4.15,1.31,$5.61,0.97,$0.82,6.61,$623.59B,$562.23B,1.11,$138.15B,$0.00B,0.0,$19.75B,$19.75B,100.00%,$19.75B,$4.85B,24.55%,$19.75B,0,0.00%,$19.75B,0,0.00%,$19.75B,$4.85B,24.55%,$19.75B,$3.98B,20.14%,$3.98B,$54.22B,7.21%,$3.98B,$43.02B,9.41%,$3.98B,$787.23B,0.49%,$4.85B,$192.37B,2.47%,$4455,$0,$4455,$0,$3276,$3582,$874,$0,$874,$27,$847,$618,$618,$0,$0,$5382,5382,$0.12,$0.12,$125962,$0,$0,$623590,$0,$110005,$11209,$32754,$153968,$787225,$562229,$138148,$32624,$170772,$733001,$0,$0,$0,$54224,$787225,$0,$0,$0,$0,$0,$0,$0,$0,$0,$0,$0,$0,$0,$0,$0,$0,$0,$0,$0,$0,$0,$0,$0,$0,$0,$0,$0,$0,$0
23,2011-12-31,5.72,$0.00,0.0,$4.26,1.34,$5.61,1.02,$0.90,6.36,$676.34B,$596.92B,1.13,$135.59B,$55.79B,2.43,$19.82B,$19.82B,100.00%,$19.82B,$5.25B,26.49%,$19.82B,0,0.00%,$19.82B,0,0.00%,$19.82B,$5.25B,26.49%,$19.82B,$4.22B,21.31%,$4.22B,$55.79B,7.74%,$4.22B,$43.71B,10.30%,$4.22B,$832.46B,0.52%,$5.25B,$191.38B,2.66%,$5428,$0,$5428,$0,$3257,$3561,$1867,$0,$1867,$328,$1539,$1327,$1327,$0,$0,$4903,4903,$0.26,$0.26,$145573,$0,$0,$676335,$0,$116282,$12085,$17548,$145915,$832460,$596921,$135588,$44159,$179746,$776667,$3347,$27115,$0,$55793,$832460,$4854,$1180,$0,$1180,$0,$0,$0,$0,$18038,$27593,$-1585,$0,$-6456,$0,$0,$568,$-1751,$-9223,$0,$0,$0,$0,$262,$-1436,$-593,$-1767,$15265,$0,$0
24,2011-09-30,5.43,$0.00,0.0,$3.49,1.56,$2.51,2.16,$1.26,4.31,$664.65B,$586.83B,1.13,$140.42B,$56.45B,2.49,$16.23B,$16.23B,100.00%,$16.23B,$5.83B,35.89%,$16.23B,0,0.00%,$16.23B,0,0.00%,$16.23B,$5.83B,35.89%,$16.23B,$5.70B,35.10%,$5.70B,$56.45B,10.74%,$5.70B,$42.19B,14.29%,$5.70B,$827.51B,0.72%,$5.83B,$196.87B,2.97%,$3588,$0,$3588,$0,$3855,$4162,$-574,$0,$-574,$-514,$-60,$-182,$-182,$0,$0,$4633,4633,$-0.04,$-0.04,$140876,$0,$0,$664645,$0,$106432,$14255,$32226,$152913,$827506,$586825,$140421,$43811,$184231,$771057,$0,$0,$0,$56449,$827506,$0,$0,$0,$0,$0,$0,$0,$0,$0,$0,$0,$0,$0,$0,$0,$0,$0,$0,$0,$0,$0,$0,$0,$0,$0,$0,$0,$0,$0
25,2011-06-30,7.62,$0.00,0.0,$4.15,1.84,$2.51,3.03,$1.41,5.4,$656.29B,$569.15B,1.15,$150.02B,$54.17B,2.77,$17.75B,$17.75B,100.00%,$17.75B,$10.96B,61.76%,$17.75B,0,0.00%,$17.75B,0,0.00%,$17.75B,$10.96B,61.76%,$17.75B,$6.03B,33.96%,$6.03B,$54.17B,12.17%,$6.03B,$40.18B,16.11%,$6.03B,$818.31B,0.79%,$10.96B,$204.18B,5.66%,$5036,$0,$5036,$0,$3312,$3618,$1419,$0,$1419,$135,$1284,$1138,$1138,$0,$0,$4729,4729,$0.24,$0.24,$122004,$0,$0,$656288,$0,$107128,$13989,$30883,$152000,$818310,$569145,$150018,$44980,$194998,$764144,$0,$0,$0,$54166,$818310,$0,$0,$0,$0,$0,$0,$0,$0,$0,$0,$0,$0,$0,$0,$0,$0,$0,$0,$0,$0,$0,$0,$0,$0,$0,$0,$0,$0,$0
26,2011-03-31,7.79,$0.00,0.0,$4.31,1.81,$2.51,3.1,$1.47,5.3,$614.03B,$530.28B,1.16,$145.15B,$51.79B,2.8,$17.35B,$17.35B,100.00%,$17.35B,$11.11B,64.04%,$17.35B,0,0.00%,$17.35B,0,0.00%,$17.35B,$11.11B,64.04%,$17.35B,$5.98B,34.45%,$5.98B,$51.79B,12.86%,$5.98B,$37.98B,17.01%,$5.98B,$768.55B,0.81%,$11.11B,$196.94B,5.95%,$5702,$0,$5702,$0,$3266,$3566,$2137,$0,$2137,$272,$1865,$1696,$1696,$0,$0,$4749,4749,$0.36,$0.36,$110466,$0,$0,$614029,$0,$105379,$13809,$26010,$145198,$768549,$530275,$145148,$41340,$186487,$716762,$0,$0,$0,$51787,$768549,$0,$0,$0,$0,$0,$0,$0,$0,$0,$0,$0,$0,$0,$0,$0,$0,$0,$0,$0,$0,$0,$0,$0,$0,$0,$0,$0,$0,$0
27,2010-12-31,6.41,$0.00,0.0,$4.57,1.4,$2.51,2.55,$1.57,4.08,$598.54B,$509.18B,1.18,$136.24B,$49.76B,2.74,$17.61B,$17.61B,100.00%,$17.61B,$11.42B,64.87%,$17.61B,0,0.00%,$17.61B,0,0.00%,$17.61B,$11.42B,64.87%,$17.61B,$6.12B,34.78%,$6.12B,$49.76B,13.88%,$6.12B,$39.13B,18.27%,$6.12B,$733.98B,0.83%,$11.42B,$186.00B,6.06%,$5494,$0,$5494,$0,$2957,$3225,$2269,$0,$2269,$504,$1765,$1572,$1572,$0,$0,$4491,4491,$0.34,$0.34,$114250,$0,$0,$598544,$0,$102647,$10632,$13259,$126538,$733981,$509179,$136241,$38797,$175038,$684218,$2923,$23768,$0,$49763,$733981,$6633,$1011,$0,$1011,$0,$0,$0,$0,$20608,$11291,$-1034,$0,$-11,$0,$0,$-7590,$-764,$-9399,$0,$0,$0,$0,$6009,$-1617,$-2867,$1524,$4828,$0,$0
28,2010-09-30,8.11,$0.00,0.0,$5.74,1.41,$1.07,7.6,$1.26,6.44,$492.26B,$61.54B,8.0,$145.70B,$42.45B,3.43,$21.31B,$21.31B,100.00%,$21.31B,$11.29B,52.95%,$21.31B,0,0.00%,$21.31B,0,0.00%,$21.31B,$11.29B,52.95%,$21.31B,$4.88B,22.88%,$4.88B,$42.45B,11.50%,$4.88B,$32.41B,15.27%,$4.88B,$719.51B,0.66%,$11.29B,$188.15B,5.83%,$0,$0,$0,$0,$0,$0,$0,$0,$0,$0,$0,$1291,$1291,$0,$0,$4083,4083,$0.32,$0.32,$26878,$0,$0,$492261,$0,$18224,$10043,$190478,$218744,$719510,$61541,$145702,$469817,$615518,$677059,$0,$0,$0,$42453,$719512,$0,$0,$0,$0,$0,$0,$0,$0,$0,$0,$0,$0,$0,$0,$0,$0,$0,$0,$0,$0,$0,$0,$0,$0,$0,$0,$0,$0,$0
29,2010-06-30,6.14,$0.00,0.0,$5.56,1.1,$1.07,5.75,$1.40,4.38,$583.68B,$507.82B,1.15,$134.50B,$0.00B,0.0,$20.54B,$20.54B,100.00%,$20.54B,$7.51B,36.57%,$20.54B,0,0.00%,$20.54B,0,0.00%,$20.54B,$7.51B,36.57%,$20.54B,$5.38B,26.18%,$5.38B,$41.92B,12.71%,$5.38B,$31.02B,17.10%,$5.38B,$726.00B,0.72%,$7.51B,$176.42B,3.77%,$6558,$0,$6558,$0,$0,$0,$6558,$0,$6558,$0,$6558,$1471,$1471,$0,$0,$3800,3800,$0.39,$0.39,$122031,$0,$0,$583681,$0,$95949,$10906,$26850,$133705,$725995,$507816,$134495,$41763,$176257,$684074,$0,$0,$0,$41921,$725995,$0,$0,$0,$0,$0,$0,$0,$0,$0,$0,$0,$0,$0,$0,$0,$0,$0,$0,$0,$0,$0,$0,$0,$0,$0,$0,$0,$0,$0
30,2010-03-31,8.05,$0.00,0.0,$4.35,1.85,$4.19,1.92,$1.55,5.19,$609.74B,$522.34B,1.17,$160.47B,$0.00B,0.0,$15.78B,$15.78B,100.00%,$15.78B,$3.02B,19.11%,$15.78B,0,0.00%,$15.78B,0,0.00%,$15.78B,$8.18B,51.85%,$15.78B,$5.86B,37.15%,$5.86B,$42.27B,14.09%,$5.86B,$31.47B,19.15%,$5.86B,$767.52B,0.78%,$3.02B,$202.74B,1.51%,$5296,$0,$5296,$0,$2768,$3013,$2283,$0,$2283,$550,$1733,$1642,$1642,$0,$0,$3900,3900,$0.42,$0.42,$117118,$0,$0,$609735,$0,$112435,$10799,$25513,$148747,$767516,$522342,$160473,$40605,$202903,$725245,$0,$0,$0,$42270,$767516,$0,$0,$0,$0,$0,$0,$0,$0,$0,$0,$0,$0,$0,$0,$0,$0,$0,$0,$0,$0,$0,$0,$0,$0,$0,$0,$0,$0,$0
31,2009-12-31,10.61,$0.00,0.0,$4.26,2.49,$4.19,2.53,$1.55,6.84,$606.00B,$499.08B,1.21,$164.31B,$42.90B,3.83,$15.13B,$15.13B,100.00%,$15.13B,$2.84B,18.74%,$15.13B,0,0.00%,$15.13B,0,0.00%,$15.13B,$8.00B,52.87%,$15.13B,$5.76B,38.07%,$5.76B,$42.90B,14.43%,$5.76B,$32.79B,20.03%,$5.76B,$746.20B,0.78%,$2.84B,$207.21B,1.80%,$5752,$0,$5752,$0,$2931,$3172,$2580,$0,$2580,$707,$1873,$1719,$1719,$0,$0,$3875,3875,$0.44,$0.44,$123302,$0,$0,$605997,$0,$107953,$10108,$13069,$131130,$746202,$499077,$164308,$39915,$204222,$703300,$2562,$21315,$0,$42902,$746202,$6408,$972,$0,$972,$0,$0,$0,$0,$-3595,$3580,$-192,$0,$35,$0,$0,$-219,$-520,$-897,$0,$0,$0,$0,$563,$-2185,$1519,$-103,$2355,$0,$0
32,2009-09-30,10.34,$0.00,0.0,$4.82,2.14,$1.93,5.35,$1.93,5.36,$623.90B,$515.71B,1.21,$167.53B,$-0.78B,-215.87,$17.93B,$17.93B,100.00%,$17.93B,$4.66B,25.99%,$17.93B,0,0.00%,$17.93B,0,0.00%,$17.93B,$9.12B,50.86%,$17.93B,$7.16B,39.93%,$7.16B,$42.10B,18.34%,$7.16B,$30.48B,26.24%,$7.16B,$767.92B,0.95%,$4.66B,$209.62B,2.91%,$3708,$0,$3708,$0,$3589,$3844,$-136,$0,$-136,$-344,$207,$44,$44,$0,$0,$3174,3174,$0.01,$0.01,$129926,$0,$0,$623899,$0,$99665,$11618,$23608,$134891,$767916,$515705,$167525,$40798,$210115,$725821,$0,$0,$0,$42096,$767916,$0,$0,$0,$0,$0,$0,$0,$0,$0,$0,$0,$0,$0,$0,$0,$0,$0,$0,$0,$0,$0,$0,$0,$0,$0,$0,$0,$0,$0
33,2009-06-30,7.2,$0.00,0.0,$4.74,1.52,$1.93,3.73,$1.93,3.73,$608.89B,$499.30B,1.22,$139.60B,$39.07B,3.57,$17.69B,$17.69B,100.00%,$17.69B,$4.19B,23.66%,$17.69B,0,0.00%,$17.69B,0,0.00%,$17.69B,$9.06B,51.20%,$17.69B,$7.18B,40.57%,$7.18B,$39.07B,18.68%,$7.18B,$27.68B,27.16%,$7.18B,$739.12B,0.94%,$4.19B,$178.66B,2.68%,$5780,$0,$5780,$0,$2751,$2997,$2783,$0,$2783,$653,$2130,$1972,$1972,$0,$0,$3728,3728,$0.53,$0.53,$128197,$0,$0,$608889,$0,$89254,$11391,$20731,$121377,$739122,$499298,$139596,$59499,$200756,$700054,$2502,$16766,$0,$39068,$739122,$4144,$482,$0,$482,$0,$0,$0,$0,$5551,$11619,$-22,$0,$27,$0,$0,$264,$-168,$102,$0,$0,$0,$0,$768,$-851,$-158,$-241,$11453,$0,$0
34,2009-03-31,4.59,$0.00,0.0,$6.39,0.72,$-1.19,0.0,$1.84,2.49,$494.47B,$470.44B,1.05,$0.00B,$0.00B,0.0,$23.93B,$23.93B,100.00%,$23.93B,$9.86B,41.20%,$23.93B,0,0.00%,$23.93B,0,0.00%,$23.93B,$9.51B,39.75%,$23.93B,$6.88B,28.74%,$6.88B,$35.64B,17.88%,$6.88B,$24.11B,26.14%,$6.88B,$710.70B,0.89%,$9.86B,$35.64B,6.16%,$535,$0,$535,$0,$2505,$2747,$-2212,$0,$2953,$654,$2299,$2126,$2126,$0,$0,$3717,3717,$0.57,$0.57,$20744,$0,$0,$494465,$0,$8599,$11533,$186967,$207098,$710702,$470439,$0,$203159,$204618,$675058,$0,$0,$0,$35643,$710702,$0,$0,$0,$0,$0,$0,$0,$0,$0,$0,$0,$0,$0,$0,$0,$0,$0,$0,$0,$0,$0,$0,$0,$0,$0,$0,$0,$0,$0
35,2008-12-31,6.91,$0.00,0.0,$6.67,1.04,$-1.19,0.0,$2.18,3.17,$675.63B,$540.07B,1.25,$178.24B,$39.29B,4.54,$25.08B,$25.08B,100.00%,$25.08B,$10.53B,42.00%,$25.08B,0,0.00%,$25.08B,0,0.00%,$25.08B,$10.19B,40.63%,$25.08B,$8.18B,32.62%,$8.18B,$39.29B,20.89%,$8.18B,$26.88B,30.29%,$8.18B,$798.40B,1.05%,$10.53B,$217.53B,5.31%,$5108,$0,$5108,$0,$2479,$2708,$2400,$0,$2400,$628,$1772,$1619,$1619,$0,$0,$3668,3668,$0.44,$0.44,$131993,$0,$0,$675630,$0,$87436,$12416,$12755,$112607,$798401,$540066,$178239,$40805,$219044,$759110,$2703,$12949,$0,$39291,$798401,$7921,$1028,$0,$1028,$0,$0,$0,$0,$-11483,$-2931,$-1517,$0,$-559,$0,$0,$-2274,$134,$-4215,$0,$0,$0,$0,$-515,$-4138,$1311,$-3341,$-11649,$0,$0
36,2008-09-30,8.81,$0.00,0.0,$7.85,1.12,$5.97,1.48,$2.37,3.71,$582.35B,$551.58B,1.06,$153.84B,$0.00B,0.0,$29.23B,$29.23B,100.00%,$29.23B,$12.57B,43.00%,$29.23B,0,0.00%,$29.23B,0,0.00%,$29.23B,$13.21B,45.18%,$29.23B,$8.86B,30.30%,$8.86B,$39.67B,22.76%,$8.86B,$27.05B,32.77%,$8.86B,$796.74B,1.18%,$12.57B,$193.51B,6.71%,$6506,$0,$6506,$0,$4569,$4818,$1688,$0,$983,$48,$936,$1442,$1442,$0,$0,$3748,3748,$0.39,$0.39,$31190,$0,$0,$582352,$0,$83091,$12620,$110646,$206358,$796735,$551577,$153837,$50134,$205487,$757064,$0,$0,$0,$39670,$796735,$0,$0,$0,$0,$0,$0,$0,$0,$0,$0,$0,$0,$0,$0,$0,$0,$0,$0,$0,$0,$0,$0,$0,$0,$0,$0,$0,$0,$0
37,2008-06-30,10.19,$0.00,0.0,$8.01,1.27,$5.97,1.71,$2.41,4.22,$577.49B,$540.21B,1.07,$154.24B,$0.00B,0.0,$29.09B,$29.09B,100.00%,$29.09B,$13.01B,44.74%,$29.09B,0,0.00%,$29.09B,0,0.00%,$29.09B,$13.05B,44.87%,$29.09B,$8.78B,30.18%,$8.78B,$39.23B,22.99%,$8.78B,$27.18B,33.09%,$8.78B,$789.45B,1.22%,$13.01B,$193.47B,8.47%,$5545,$0,$5545,$0,$2973,$3235,$2310,$0,$2723,$476,$2246,$1991,$1991,$0,$0,$3773,3774,$0.53,$0.53,$19374,$0,$0,$577489,$0,$84371,$12055,$107486,$203912,$789451,$540205,$154240,$54408,$210017,$750221,$0,$0,$0,$39229,$789451,$0,$0,$0,$0,$0,$0,$0,$0,$0,$0,$0,$0,$0,$0,$0,$0,$0,$0,$0,$0,$0,$0,$0,$0,$0,$0,$0,$0,$0
38,2008-03-31,11.6,$0.00,0.0,$6.22,1.87,$5.97,1.94,$1.93,6.02,$518.81B,$486.97B,1.07,$150.06B,$0.00B,0.0,$26.59B,$26.59B,100.00%,$26.59B,$11.33B,42.60%,$26.59B,0,0.00%,$26.59B,0,0.00%,$26.59B,$12.28B,46.17%,$26.59B,$8.78B,33.01%,$8.78B,$38.48B,24.32%,$8.78B,$26.91B,33.40%,$8.78B,$724.02B,1.29%,$11.33B,$188.54B,9.60%,$6766,$0,$6766,$0,$3056,$3308,$3458,$0,$3405,$965,$2440,$1824,$1824,$0,$0,$3782,3782,$0.48,$0.48,$15433,$0,$0,$518808,$0,$81994,$11569,$104034,$197597,$724023,$486974,$150062,$47155,$198575,$685549,$0,$0,$0,$38477,$724023,$0,$0,$0,$0,$0,$0,$0,$0,$0,$0,$0,$0,$0,$0,$0,$0,$0,$0,$0,$0,$0,$0,$0,$0,$0,$0,$0,$0,$0
39,2007-12-31,12.68,$0.00,0.0,$5.88,2.16,$5.97,2.12,$1.86,6.82,$581.97B,$472.32B,1.23,$135.24B,$38.30B,3.53,$25.15B,$25.15B,100.00%,$25.15B,$10.70B,42.53%,$25.15B,0,0.00%,$25.15B,0,0.00%,$25.15B,$11.64B,46.30%,$25.15B,$8.41B,33.44%,$8.41B,$38.30B,25.08%,$8.41B,$27.00B,33.01%,$8.41B,$688.37B,1.30%,$10.70B,$173.54B,12.96%,$6262,$0,$6262,$0,$2919,$3184,$3078,$0,$3079,$779,$2301,$2923,$2923,$0,$0,$3740,3740,$0.78,$0.78,$117995,$0,$0,$581966,$0,$78219,$11300,$9706,$99225,$688371,$472323,$135235,$42512,$177747,$650070,$2518,$7688,$0,$38301,$688371,$8795,$791,$0,$791,$0,$0,$0,$0,$8146,$23497,$-1714,$0,$326,$0,$0,$-10215,$16,$-11586,$0,$0,$0,$0,$4235,$-3323,$2662,$3574,$13799,$0,$0
40,2007-09-30,12.06,$0.00,0.0,$5.69,2.12,$0.73,16.47,$1.74,6.92,$489.45B,$567.77B,0.86,$22.17B,$36.74B,0.6,$24.35B,$24.35B,100.00%,$24.35B,$14.67B,60.23%,$24.35B,0,0.00%,$24.35B,0,0.00%,$24.35B,$10.55B,43.32%,$24.35B,$7.94B,32.61%,$7.94B,$36.74B,25.64%,$7.94B,$25.05B,32.14%,$7.94B,$676.94B,1.32%,$14.67B,$58.91B,19.61%,$10657,$0,$10657,$0,$6673,$6933,$3723,$0,$4000,$838,$3163,$2120,$2120,$0,$0,$3652,3651,$0.58,$0.58,$24290,$0,$0,$489448,$0,$9790,$11697,$158843,$180329,$676935,$567771,$22165,$49083,$72422,$640193,$0,$24342,$0,$36744,$676935,$0,$0,$0,$0,$0,$0,$0,$0,$0,$0,$0,$0,$0,$0,$0,$0,$0,$0,$0,$0,$0,$0,$0,$0,$0,$0,$0,$0,$0
41,2007-06-30,12.53,$0.00,0.0,$3.89,3.22,$0.73,17.11,$1.58,7.91,$457.91B,$527.32B,0.87,$20.16B,$30.88B,0.65,$18.34B,$18.34B,100.00%,$18.34B,$9.11B,49.68%,$18.34B,0,0.00%,$18.34B,0,0.00%,$18.34B,$9.97B,54.36%,$18.34B,$7.46B,40.68%,$7.46B,$30.88B,27.75%,$7.46B,$26.19B,32.53%,$7.46B,$628.76B,1.33%,$9.11B,$51.04B,13.16%,$5400,$0,$5400,$0,$2443,$2645,$2755,$0,$2567,$625,$1941,$1911,$1911,$0,$0,$3326,3325,$0.57,$0.57,$23242,$0,$0,$457908,$0,$9610,$4683,$150072,$164364,$628764,$527324,$20162,$49326,$70562,$597887,$0,$20424,$0,$30880,$628767,$0,$0,$0,$0,$0,$0,$0,$0,$0,$0,$0,$0,$0,$0,$0,$0,$0,$0,$0,$0,$0,$0,$0,$0,$0,$0,$0,$0,$0
42,2007-03-31,12.46,$0.00,0.0,$5.11,2.44,$0.73,17.0,$2.01,6.2,$429.80B,$494.53B,0.87,$18.31B,$28.24B,0.65,$18.29B,$18.29B,100.00%,$18.29B,$9.44B,51.64%,$18.29B,0,0.00%,$18.29B,0,0.00%,$18.29B,$9.44B,51.64%,$18.29B,$7.09B,38.79%,$7.09B,$28.24B,29.03%,$7.09B,$23.67B,33.67%,$7.09B,$585.37B,1.35%,$9.44B,$46.55B,14.36%,$4272,$0,$4272,$0,$2328,$2499,$1772,$0,$2631,$679,$1952,$1825,$1825,$0,$0,$0,0,$0.00,$0.00,$20398,$0,$0,$429803,$0,$9200,$4572,$135740,$149512,$585368,$494533,$18310,$43256,$62594,$557127,$0,$20570,$0,$28242,$585368,$0,$0,$0,$0,$0,$0,$0,$0,$0,$0,$0,$0,$0,$0,$0,$0,$0,$0,$0,$0,$0,$0,$0,$0,$0,$0,$0,$0,$0
43,2006-12-31,12.12,$0.00,0.0,$4.92,2.47,$0.73,16.55,$1.65,7.33,$433.62B,$334.53B,1.3,$114.66B,$28.04B,4.09,$17.40B,$17.40B,100.00%,$17.40B,$8.83B,50.77%,$17.40B,0,0.00%,$17.40B,0,0.00%,$17.40B,$8.83B,50.77%,$17.40B,$5.76B,33.14%,$5.76B,$28.04B,25.86%,$5.76B,$23.93B,29.59%,$5.76B,$517.45B,1.16%,$8.83B,$142.69B,14.01%,$4821,$0,$4821,$0,$2218,$2375,$2446,$0,$2446,$709,$1737,$2555,$2555,$0,$0,$3609,3609,$0.71,$0.71,$82064,$0,$0,$433618,$0,$64688,$4107,$9349,$78144,$517449,$334534,$114655,$40224,$154878,$489413,$2186,$4278,$0,$28036,$517449,$6244,$593,$0,$593,$0,$0,$0,$0,$-8478,$3539,$-895,$0,$2209,$0,$0,$-4907,$151,$-3442,$0,$0,$0,$0,$3600,$-2405,$-80,$1115,$225,$0,$0
