,Date,Stock Price,Book Value per Share,Price to Book Ratio,TTM Sales per Share,Price to Sales Ratio,TTM FCF per Share,Price to FCF Ratio,TTM Net EPS,PE Ratio,Current Assets,Current Liabilities,Current Ratio,Long Term Debt,Shareholder's Equity_x,Debt to Equity Ratio,TTM Revenue_x,TTM Gross Profit,Gross Margin,TTM Revenue_y,TTM Operating Income,Operating Margin,TTM Revenue_x,TTM EBIT,EBIT Margin,TTM Revenue_y,TTM EBITDA,EBITDA Margin,TTM Revenue_x,TTM Pre-Tax Income,Pre-Tax Margin,TTM Revenue_y,TTM Net Income_x,Net Margin,TTM Net Income_y,Shareholder's Equity_y,Return on Equity,TTM Net Income_x,Tangible Equity,Return on Tangible Equity,TTM Net Income_y,Total Assets,Return on Assets,TTM Net Income,LT Investments & Debt,Return on Investment,revenue,cost-goods-sold,gross-profit,research-development-expenses,selling-general-administrative-expenses,operating-expenses,operating-income,total-non-operating-income-expense,pre-tax-income,total-provision-income-taxes,income-after-taxes,income-from-continuous-operations,net-income,ebitda,ebit,basic-shares-outstanding,shares-outstanding,eps-basic-net-earnings-per-share,eps-earnings-per-share-diluted,cash-on-hand,inventory,other-current-assets,total-current-assets,net-property-plant-equipment,long-term-investments,goodwill-intangible-assets-total,other-long-term-assets,total-long-term-assets,total-assets,total-current-liabilities,long-term-debt,other-non-current-liabilities,total-long-term-liabilities,total-liabilities,common-stock-net,retained-earnings-accumulated-deficit,comprehensive-income,total-share-holder-equity,total-liabilities-share-holders-equity,net-income-loss,total-depreciation-amortization-cash-flow,other-non-cash-items,total-non-cash-items,change-in-accounts-receivable,change-in-inventories,change-in-accounts-payable,change-in-assets-liabilities,total-change-in-assets-liabilities,cash-flow-from-operating-activities,net-change-in-property-plant-equipment,net-change-in-intangible-assets,net-acquisitions-divestitures,net-change-in-short-term-investments,net-change-in-long-term-investments,net-change-in-investments-total,investing-activities-other,cash-flow-from-investing-activities,net-long-term-debt,net-current-debt,debt-issuance-retirement-net-total,net-common-equity-issued-repurchased,net-total-equity-issued-repurchased,total-common-preferred-stock-dividends-paid,financial-activities-other,cash-flow-from-financial-activities,net-cash-flow,stock-based-compensation,common-stock-dividends-paid
0,2018-06-30,14.86,$12.30,1.21,$6.83,2.18,$4.48,3.32,$0.75,19.81,$2.31B,$1.99B,1.16,$0.32B,$0.17B,1.86,$0.09B,$0.08B,81.91%,$0.09B,$0.03B,26.60%,$0.09B,0,0.00%,$0.09B,0,0.00%,$0.09B,$0.02B,22.34%,$0.09B,$0.01B,10.64%,$0.01B,$0.19B,5.52%,$0.01B,$0.19B,5.56%,$0.01B,$2.52B,0.48%,$0.03B,$0.52B,6.31%,$27,$6,$22,$0,$16,$22,$6,$-2,$4,$1,$2,$2,$2,$0,$0,$16,16,$0.13,$0.13,$181,$0,$0,$2310,$21,$152,$5,$16,$206,$2517,$1985,$324,$13,$338,$2322,$0,$34,$-6,$194,$2517,$7,$0,$18,$18,$-15,$0,$0,$-2,$-17,$9,$-0,$0,$5,$0,$-8,$-8,$-297,$-300,$115,$0,$115,$0,$0,$-5,$237,$348,$56,$0,$-4
1,2018-03-31,15.36,$11.78,1.3,$6.94,2.21,$5.27,2.92,$0.88,17.46,$1.91B,$1.69B,1.13,$0.20B,$0.16B,1.24,$0.09B,$0.07B,81.82%,$0.09B,$0.02B,26.14%,$0.09B,0,0.00%,$0.09B,0,0.00%,$0.09B,$0.02B,23.86%,$0.09B,$0.01B,11.36%,$0.01B,$0.18B,6.02%,$0.01B,$0.18B,6.02%,$0.01B,$2.08B,0.52%,$0.02B,$0.38B,6.73%,$24,$5,$20,$0,$13,$18,$7,$-0,$6,$2,$5,$5,$4,$0,$0,$15,15,$0.30,$0.29,$138,$0,$0,$1909,$18,$138,$0,$10,$173,$2082,$1691,$204,$9,$214,$1905,$0,$34,$-5,$177,$2082,$5,$0,$1,$2,$1,$0,$0,$2,$3,$9,$-0,$0,$0,$0,$-8,$-8,$-123,$-131,$15,$0,$15,$0,$0,$-2,$122,$135,$13,$0,$-2
2,2017-12-31,14.1,$11.73,1.2,$7.17,1.97,$5.47,2.58,$0.84,16.79,$1.78B,$1.57B,1.13,$0.19B,$0.16B,1.16,$0.09B,$0.07B,81.18%,$0.09B,$0.02B,24.71%,$0.09B,0,0.00%,$0.09B,0,0.00%,$0.09B,$0.02B,23.53%,$0.09B,$0.01B,10.59%,$0.01B,$0.18B,5.86%,$0.01B,$0.18B,5.86%,$0.01B,$1.94B,0.48%,$0.02B,$0.37B,6.60%,$22,$4,$18,$0,$12,$16,$7,$0,$6,$4,$1,$1,$1,$0,$0,$12,13,$0.05,$0.04,$125,$0,$0,$1776,$19,$133,$0,$10,$166,$1943,$1569,$189,$8,$197,$1766,$0,$31,$-3,$176,$1943,$10,$1,$2,$3,$5,$0,$-0,$3,$8,$21,$4,$0,$0,$0,$-27,$-27,$-160,$-183,$30,$-20,$10,$43,$41,$-7,$177,$221,$59,$0,$-7
3,2017-09-30,13.44,$11.81,1.14,$7.14,1.88,$3.68,3.65,$0.96,13.99,$1.73B,$1.55B,1.12,$0.14B,$0.16B,0.87,$0.08B,$0.07B,80.72%,$0.08B,$0.02B,21.69%,$0.08B,0,0.00%,$0.08B,0,0.00%,$0.08B,$0.02B,21.69%,$0.08B,$0.01B,12.05%,$0.01B,$0.18B,7.03%,$0.01B,$0.18B,7.03%,$0.01B,$1.87B,0.56%,$0.02B,$0.32B,6.02%,$21,$4,$17,$0,$12,$16,$5,$0,$5,$2,$3,$3,$3,$0,$0,$12,12,$0.25,$0.25,$99,$0,$0,$1726,$19,$108,$0,$12,$146,$1872,$1546,$142,$6,$148,$1694,$0,$32,$-2,$178,$1872,$9,$1,$4,$5,$1,$0,$-0,$0,$2,$15,$1,$0,$0,$0,$-2,$-2,$-136,$-136,$-17,$-20,$-37,$43,$41,$-5,$154,$153,$33,$0,$-5
4,2017-06-30,14.6,$11.75,1.24,$7.13,2.05,$2.72,5.37,$0.86,16.97,$1.66B,$1.51B,1.1,$0.17B,$0.12B,1.4,$0.08B,$0.07B,80.25%,$0.08B,$0.02B,19.75%,$0.08B,0,0.00%,$0.08B,0,0.00%,$0.08B,$0.02B,19.75%,$0.08B,$0.01B,11.11%,$0.01B,$0.13B,6.88%,$0.01B,$0.13B,6.88%,$0.01B,$1.82B,0.51%,$0.02B,$0.30B,5.48%,$21,$4,$17,$0,$13,$17,$4,$0,$4,$2,$3,$3,$2,$0,$0,$11,11,$0.21,$0.21,$76,$0,$0,$1659,$20,$116,$0,$13,$156,$1816,$1507,$167,$9,$176,$1683,$0,$30,$-2,$133,$1816,$5,$0,$19,$19,$-14,$0,$-0,$3,$-11,$13,$2,$0,$0,$0,$-9,$-9,$-93,$-101,$8,$0,$8,$-9,$-11,$-3,$104,$98,$10,$0,$-3
5,2017-03-31,15.75,$11.25,1.4,$6.98,2.25,$1.50,10.49,$0.72,21.87,$1.65B,$1.51B,1.09,$0.16B,$0.12B,1.35,$0.08B,$0.06B,79.75%,$0.08B,$0.02B,18.99%,$0.08B,0,0.00%,$0.08B,0,0.00%,$0.08B,$0.02B,18.99%,$0.08B,$0.01B,10.13%,$0.01B,$0.13B,6.13%,$0.01B,$0.13B,6.13%,$0.01B,$1.81B,0.46%,$0.02B,$0.29B,4.99%,$21,$4,$17,$0,$12,$16,$5,$0,$5,$2,$3,$3,$3,$0,$0,$11,11,$0.25,$0.25,$115,$0,$0,$1651,$20,$115,$0,$11,$155,$1805,$1514,$159,$5,$164,$1678,$0,$29,$-3,$127,$1805,$3,$0,$0,$0,$3,$0,$-0,$2,$5,$8,$1,$0,$0,$0,$-10,$-10,$-44,$-53,$0,$-20,$-20,$0,$-6,$-2,$122,$94,$49,$0,$-2
6,2016-12-31,12.17,$11.63,1.05,$6.89,1.77,$1.07,11.38,$0.63,19.32,$1.56B,$1.41B,1.11,$0.16B,$0.12B,1.38,$0.08B,$0.06B,79.22%,$0.08B,$0.01B,16.88%,$0.08B,0,0.00%,$0.08B,0,0.00%,$0.08B,$0.01B,16.88%,$0.08B,$0.01B,9.09%,$0.01B,$0.13B,5.31%,$0.01B,$0.13B,5.31%,$0.01B,$1.71B,0.41%,$0.01B,$0.29B,4.12%,$20,$4,$16,$0,$12,$15,$4,$0,$4,$2,$2,$2,$2,$0,$0,$11,11,$0.20,$0.20,$66,$0,$0,$1561,$19,$104,$0,$14,$147,$1708,$1412,$159,$6,$165,$1577,$0,$28,$-4,$131,$1708,$8,$1,$-1,$-0,$1,$0,$-0,$-1,$-0,$7,$-5,$0,$0,$0,$-86,$-86,$-69,$-160,$-45,$20,$-25,$0,$-1,$-7,$118,$85,$-68,$0,$-6
7,2016-09-30,10.41,$11.76,0.89,$7.38,1.41,$1.50,6.95,$0.48,21.69,$1.58B,$1.38B,1.14,$0.16B,$0.12B,1.36,$0.08B,$0.06B,79.22%,$0.08B,$0.01B,14.29%,$0.08B,0,0.00%,$0.08B,0,0.00%,$0.08B,$0.01B,14.29%,$0.08B,$0.01B,7.79%,$0.01B,$0.13B,4.53%,$0.01B,$0.13B,4.53%,$0.01B,$1.68B,0.36%,$0.01B,$0.29B,3.36%,$19,$4,$15,$0,$12,$16,$3,$0,$3,$1,$2,$2,$2,$0,$0,$11,11,$0.15,$0.15,$139,$0,$0,$1577,$17,$62,$0,$15,$102,$1679,$1380,$159,$7,$166,$1547,$1,$27,$-2,$132,$1679,$6,$0,$2,$3,$1,$0,$-0,$-2,$-1,$7,$-2,$0,$0,$0,$-40,$-40,$-14,$-57,$-45,$0,$-45,$0,$-1,$-5,$106,$55,$5,$0,$-5
8,2016-06-30,9.35,$11.77,0.79,$7.94,1.18,$2.19,4.27,$0.57,16.4,$1.67B,$1.39B,1.2,$0.20B,$0.12B,1.75,$0.08B,$0.06B,80.52%,$0.08B,$0.01B,15.58%,$0.08B,0,0.00%,$0.08B,0,0.00%,$0.08B,$0.01B,15.58%,$0.08B,$0.01B,7.79%,$0.01B,$0.13B,4.74%,$0.01B,$0.13B,4.74%,$0.01B,$1.74B,0.36%,$0.01B,$0.34B,3.60%,$19,$4,$15,$0,$12,$17,$3,$0,$3,$1,$2,$2,$1,$0,$0,$11,11,$0.12,$0.12,$237,$0,$0,$1672,$17,$29,$0,$10,$66,$1738,$1394,$204,$8,$212,$1606,$1,$27,$-1,$132,$1738,$4,$0,$0,$0,$-3,$0,$-0,$2,$-1,$3,$-2,$0,$0,$0,$-8,$-7,$-6,$-15,$0,$0,$0,$0,$-2,$-3,$120,$115,$103,$0,$-3
9,2016-03-31,9.02,$11.79,0.76,$8.46,1.07,$2.55,3.54,$0.65,13.87,$1.65B,$1.35B,1.22,$0.21B,$0.12B,1.83,$0.08B,$0.06B,80.52%,$0.08B,$0.01B,15.58%,$0.08B,0,0.00%,$0.08B,0,0.00%,$0.08B,$0.01B,15.58%,$0.08B,$0.01B,9.09%,$0.01B,$0.13B,5.83%,$0.01B,$0.13B,5.83%,$0.01B,$1.71B,0.44%,$0.01B,$0.35B,3.68%,$19,$4,$15,$0,$12,$16,$3,$0,$3,$1,$2,$2,$2,$0,$0,$11,11,$0.16,$0.16,$211,$0,$0,$1647,$16,$21,$0,$12,$59,$1706,$1350,$214,$9,$223,$1574,$0,$28,$-1,$132,$1706,$2,$0,$0,$0,$1,$0,$0,$1,$2,$5,$-0,$0,$0,$0,$-0,$-0,$-10,$-10,$10,$0,$10,$0,$-2,$-2,$76,$83,$78,$0,$-2
10,2015-12-31,9.24,$11.91,0.78,$8.71,1.06,$2.65,3.49,$0.69,13.39,$1.56B,$1.27B,1.23,$0.20B,$0.12B,1.75,$0.08B,$0.06B,81.33%,$0.08B,$0.01B,16.00%,$0.08B,0,0.00%,$0.08B,0,0.00%,$0.08B,$0.01B,16.00%,$0.08B,$0.01B,9.33%,$0.01B,$0.13B,6.21%,$0.01B,$0.13B,6.21%,$0.01B,$1.62B,0.46%,$0.01B,$0.34B,3.85%,$20,$4,$16,$0,$14,$18,$2,$0,$2,$1,$1,$1,$1,$0,$0,$9,9,$0.05,$0.05,$134,$0,$0,$1562,$16,$20,$0,$11,$57,$1618,$1274,$204,$7,$211,$1485,$0,$27,$-2,$134,$1618,$7,$2,$-2,$-0,$5,$0,$0,$-4,$1,$8,$-2,$0,$0,$0,$-2,$-2,$-214,$-218,$67,$-26,$41,$26,$30,$-5,$245,$311,$101,$0,$-4
11,2015-09-30,8.76,$12.82,0.68,$8.45,1.04,$2.45,3.58,$0.81,10.82,$1.50B,$1.23B,1.22,$0.20B,$0.09B,2.24,$0.07B,$0.06B,81.94%,$0.07B,$0.01B,18.06%,$0.07B,0,0.00%,$0.07B,0,0.00%,$0.07B,$0.01B,18.06%,$0.07B,$0.01B,9.72%,$0.01B,$0.11B,6.68%,$0.01B,$0.11B,6.68%,$0.01B,$1.56B,0.49%,$0.01B,$0.31B,4.53%,$19,$4,$16,$0,$12,$15,$4,$0,$4,$1,$2,$2,$2,$0,$0,$8,8,$0.24,$0.24,$97,$0,$0,$1499,$16,$20,$0,$11,$56,$1555,$1233,$204,$9,$213,$1447,$1,$28,$-1,$108,$1555,$6,$1,$-1,$1,$5,$0,$0,$-0,$4,$11,$-2,$0,$0,$-0,$-2,$-2,$-189,$-193,$67,$-26,$41,$0,$4,$-4,$205,$246,$64,$0,$-3
12,2015-06-30,10.58,$12.57,0.84,$7.95,1.33,$1.48,7.17,$0.68,15.56,$1.44B,$1.18B,1.22,$0.20B,$0.09B,2.26,$0.07B,$0.06B,80.88%,$0.07B,$0.01B,16.18%,$0.07B,0,0.00%,$0.07B,0,0.00%,$0.07B,$0.01B,16.18%,$0.07B,$0.01B,8.82%,$0.01B,$0.11B,5.80%,$0.01B,$0.11B,5.80%,$0.01B,$1.50B,0.44%,$0.01B,$0.31B,4.18%,$19,$3,$15,$0,$12,$16,$3,$0,$3,$1,$2,$2,$2,$0,$0,$8,8,$0.20,$0.20,$47,$0,$0,$1441,$16,$20,$0,$11,$57,$1498,$1180,$204,$8,$212,$1392,$1,$27,$-1,$106,$1498,$4,$1,$1,$2,$1,$0,$0,$-2,$-1,$5,$-1,$0,$0,$0,$-1,$-1,$-182,$-184,$67,$-24,$43,$0,$3,$-3,$150,$193,$14,$0,$-2
13,2015-03-31,10.31,$12.24,0.84,$7.72,1.33,$0.88,11.67,$0.77,13.39,$1.33B,$1.09B,1.22,$0.18B,$0.09B,2.05,$0.07B,$0.05B,81.82%,$0.07B,$0.01B,18.18%,$0.07B,0,0.00%,$0.07B,0,0.00%,$0.07B,$0.01B,18.18%,$0.07B,$0.01B,9.09%,$0.01B,$0.10B,5.84%,$0.01B,$0.10B,5.84%,$0.01B,$1.38B,0.46%,$0.01B,$0.29B,5.00%,$17,$3,$14,$0,$11,$14,$3,$0,$3,$1,$2,$2,$2,$0,$0,$8,8,$0.20,$0.20,$30,$0,$0,$1332,$16,$19,$0,$7,$52,$1384,$1089,$184,$8,$192,$1281,$1,$26,$-1,$103,$1384,$2,$0,$1,$1,$-1,$0,$0,$2,$2,$5,$-1,$0,$0,$0,$-1,$-1,$-87,$-88,$47,$-23,$24,$0,$0,$-1,$57,$80,$-4,$0,$-1
14,2014-12-31,9.92,$12.18,0.81,$7.65,1.3,$0.52,19.13,$0.81,12.25,$1.25B,$1.06B,1.18,$0.14B,$0.09B,1.54,$0.07B,$0.05B,81.54%,$0.07B,$0.01B,20.00%,$0.07B,0,0.00%,$0.07B,0,0.00%,$0.07B,$0.01B,20.00%,$0.07B,$0.01B,9.23%,$0.01B,$0.10B,5.85%,$0.01B,$0.10B,5.85%,$0.01B,$1.30B,0.47%,$0.01B,$0.24B,5.85%,$17,$3,$14,$0,$11,$14,$3,$0,$3,$1,$2,$2,$1,$0,$0,$8,8,$0.17,$0.17,$33,$0,$0,$1249,$14,$19,$0,$11,$53,$1302,$1055,$137,$8,$145,$1200,$1,$26,$-1,$102,$1302,$8,$1,$2,$3,$-0,$0,$0,$-6,$-6,$4,$-1,$0,$0,$0,$117,$117,$-205,$-89,$23,$8,$31,$0,$1,$-5,$60,$87,$2,$0,$-4
15,2014-09-30,11.13,$12.25,0.91,$7.56,1.47,$2.23,5.0,$0.90,12.37,$1.18B,$1.01B,1.17,$0.11B,$0.09B,1.28,$0.06B,$0.05B,81.25%,$0.06B,$0.01B,21.88%,$0.06B,0,0.00%,$0.06B,0,0.00%,$0.06B,$0.01B,21.88%,$0.06B,$0.01B,10.94%,$0.01B,$0.10B,6.86%,$0.01B,$0.10B,6.86%,$0.01B,$1.23B,0.56%,$0.01B,$0.22B,6.48%,$15,$3,$12,$0,$11,$13,$2,$0,$2,$1,$1,$1,$1,$0,$0,$8,8,$0.11,$0.11,$26,$0,$0,$1179,$14,$17,$0,$13,$51,$1230,$1006,$114,$7,$121,$1127,$1,$26,$-1,$103,$1230,$6,$0,$5,$6,$-2,$0,$0,$-8,$-10,$2,$-1,$0,$0,$0,$119,$119,$-142,$-23,$0,$-11,$-11,$0,$1,$-4,$31,$17,$-5,$0,$-3
16,2014-06-30,11.2,$12.29,0.91,$7.58,1.48,$3.64,3.07,$1.03,10.87,$1.13B,$1.06B,1.07,$0.11B,$0.09B,1.28,$0.06B,$0.05B,81.25%,$0.06B,$0.02B,25.00%,$0.06B,0,0.00%,$0.06B,0,0.00%,$0.06B,$0.02B,25.00%,$0.06B,$0.01B,12.50%,$0.01B,$0.10B,8.02%,$0.01B,$0.10B,8.02%,$0.01B,$1.28B,0.65%,$0.02B,$0.22B,7.49%,$17,$3,$14,$0,$10,$12,$4,$0,$4,$2,$3,$3,$2,$0,$0,$8,8,$0.29,$0.29,$25,$0,$0,$1129,$13,$117,$0,$8,$149,$1278,$1055,$114,$6,$120,$1176,$1,$26,$-0,$103,$1278,$5,$0,$-0,$0,$-2,$0,$-0,$-4,$-6,$-1,$-0,$0,$0,$0,$6,$6,$-77,$-72,$0,$28,$28,$0,$1,$-3,$41,$67,$-6,$0,$-2
17,2014-03-31,10.72,$12.24,0.88,$7.37,1.45,$4.95,2.17,$1.03,10.41,$1.10B,$1.02B,1.07,$0.11B,$0.09B,1.29,$0.06B,$0.05B,80.65%,$0.06B,$0.02B,25.81%,$0.06B,0,0.00%,$0.06B,0,0.00%,$0.06B,$0.02B,25.81%,$0.06B,$0.01B,12.90%,$0.01B,$0.10B,8.23%,$0.01B,$0.10B,8.23%,$0.01B,$1.24B,0.67%,$0.02B,$0.22B,7.57%,$16,$3,$13,$0,$10,$12,$4,$0,$4,$2,$2,$2,$2,$0,$0,$8,8,$0.24,$0.24,$28,$0,$0,$1095,$14,$120,$0,$5,$149,$1244,$1022,$114,$6,$120,$1142,$1,$25,$0,$102,$1244,$2,$0,$0,$0,$-0,$0,$-0,$-1,$-2,$1,$-0,$0,$0,$0,$3,$3,$-41,$-39,$0,$12,$12,$0,$1,$-1,$23,$35,$-3,$0,$-1
18,2013-12-31,10.92,$12.01,0.91,$7.21,1.51,$5.26,2.08,$1.06,10.3,$1.06B,$0.99B,1.07,$0.11B,$0.09B,1.3,$0.06B,$0.05B,80.33%,$0.06B,$0.02B,26.23%,$0.06B,0,0.00%,$0.06B,0,0.00%,$0.06B,$0.02B,26.23%,$0.06B,$0.01B,13.11%,$0.01B,$0.10B,8.42%,$0.01B,$0.10B,8.42%,$0.01B,$1.21B,0.68%,$0.02B,$0.21B,7.66%,$16,$3,$13,$0,$9,$12,$4,$0,$4,$2,$2,$2,$2,$0,$0,$8,8,$0.26,$0.26,$31,$0,$0,$1057,$14,$123,$0,$4,$151,$1208,$987,$114,$7,$121,$1108,$1,$24,$0,$100,$1208,$9,$2,$0,$2,$-2,$0,$-0,$7,$4,$16,$2,$0,$0,$0,$26,$26,$-75,$-47,$0,$1,$1,$-2,$2,$-4,$28,$27,$-4,$0,$-4
19,2013-09-30,8.71,$11.27,0.77,$6.92,1.26,$4.85,1.8,$0.91,9.58,$1.03B,$0.97B,1.06,$0.11B,$0.09B,1.34,$0.06B,$0.05B,79.66%,$0.06B,$0.01B,22.03%,$0.06B,0,0.00%,$0.06B,0,0.00%,$0.06B,$0.01B,22.03%,$0.06B,$0.01B,11.86%,$0.01B,$0.09B,7.53%,$0.01B,$0.09B,7.53%,$0.01B,$1.18B,0.60%,$0.01B,$0.21B,6.28%,$15,$3,$12,$0,$9,$11,$4,$0,$4,$1,$2,$2,$2,$0,$0,$8,8,$0.24,$0.24,$33,$0,$0,$1026,$14,$127,$0,$6,$157,$1183,$968,$114,$7,$121,$1089,$1,$23,$-1,$94,$1183,$7,$2,$2,$3,$-3,$0,$-0,$4,$1,$11,$2,$0,$0,$0,$47,$47,$-66,$-18,$0,$-17,$-17,$-2,$-2,$-3,$27,$5,$-2,$0,$-3
20,2013-06-30,8.37,$11.14,0.75,$6.32,1.32,$4.73,1.77,$0.52,16.09,$1.00B,$0.95B,1.05,$0.11B,$0.09B,1.35,$0.05B,$0.04B,79.63%,$0.05B,$0.01B,11.11%,$0.05B,0,0.00%,$0.05B,0,0.00%,$0.05B,$0.01B,11.11%,$0.05B,$0.00B,7.41%,$0.00B,$0.09B,4.42%,$0.00B,$0.09B,4.42%,$0.00B,$1.17B,0.34%,$0.01B,$0.21B,2.93%,$15,$3,$12,$0,$8,$11,$4,$0,$4,$2,$3,$3,$2,$0,$0,$8,8,$0.29,$0.29,$52,$0,$0,$1000,$14,$136,$0,$7,$167,$1167,$952,$114,$8,$122,$1074,$1,$22,$-1,$93,$1167,$5,$1,$1,$2,$-3,$0,$-0,$4,$1,$8,$2,$0,$0,$0,$38,$38,$-22,$18,$0,$-17,$-17,$-1,$-1,$-2,$11,$-9,$17,$0,$-2
21,2013-03-31,7.63,$10.95,0.7,$5.30,1.44,$4.78,1.6,$-0.14,0.0,$0.97B,$0.94B,1.03,$0.11B,$0.08B,1.36,$0.05B,$0.04B,76.09%,$0.05B,$-0.00B,-6.52%,$0.05B,0,0.00%,$0.05B,0,0.00%,$0.05B,$-0.00B,-6.52%,$0.05B,$-0.00B,-2.17%,$-0.00B,$0.09B,-1.12%,$-0.00B,$0.09B,-1.12%,$-0.00B,$1.16B,-0.09%,$-0.00B,$0.21B,-1.47%,$15,$3,$12,$0,$8,$11,$4,$0,$4,$2,$2,$2,$2,$0,$0,$8,8,$0.27,$0.27,$38,$0,$0,$974,$13,$151,$0,$10,$184,$1158,$944,$114,$8,$122,$1065,$1,$20,$-1,$93,$1158,$2,$1,$1,$1,$-3,$0,$-0,$2,$-1,$3,$1,$0,$0,$0,$23,$23,$-8,$15,$0,$-17,$-17,$-0,$-0,$-1,$3,$-15,$3,$0,$-1
22,2012-12-31,7.33,$10.78,0.68,$5.12,1.43,$4.98,1.47,$-0.41,0.0,$0.96B,$0.96B,1.01,$0.11B,$0.08B,1.38,$0.05B,$0.04B,76.09%,$0.05B,$-0.00B,-8.70%,$0.05B,0,0.00%,$0.05B,0,0.00%,$0.05B,$-0.00B,-8.70%,$0.05B,$-0.00B,-2.17%,$-0.00B,$0.09B,-1.10%,$-0.00B,$0.09B,-1.10%,$-0.00B,$1.17B,-0.08%,$-0.00B,$0.21B,-1.95%,$14,$3,$11,$0,$10,$13,$1,$0,$1,$0,$1,$1,$1,$0,$0,$9,9,$0.12,$0.12,$35,$0,$0,$963,$14,$174,$0,$11,$208,$1171,$958,$114,$8,$122,$1080,$1,$19,$-1,$92,$1171,$-2,$3,$15,$18,$4,$0,$-0,$-7,$-4,$12,$3,$0,$0,$0,$66,$66,$-122,$-53,$-15,$17,$2,$-11,$-2,$-4,$-37,$-42,$-82,$0,$-4
23,2012-09-30,8.06,$9.78,0.82,$5.14,1.57,$4.80,1.68,$-0.52,0.0,$0.93B,$0.95B,0.98,$0.11B,$0.08B,1.37,$0.05B,$0.04B,76.60%,$0.05B,$-0.00B,-8.51%,$0.05B,0,0.00%,$0.05B,0,0.00%,$0.05B,$-0.00B,-8.51%,$0.05B,$-0.00B,-2.13%,$-0.00B,$0.08B,-1.08%,$-0.00B,$0.08B,-1.08%,$-0.00B,$1.16B,-0.08%,$-0.00B,$0.20B,-1.90%,$10,$3,$8,$0,$11,$13,$-3,$0,$-3,$-2,$-1,$-1,$-1,$0,$0,$9,9,$-0.15,$-0.15,$72,$0,$0,$925,$14,$193,$0,$14,$230,$1155,$948,$114,$9,$123,$1071,$1,$19,$-1,$84,$1155,$-3,$2,$15,$17,$4,$0,$-0,$-7,$-3,$10,$2,$0,$0,$0,$47,$47,$-45,$3,$-15,$0,$-15,$-10,$-10,$-3,$-30,$-58,$-45,$0,$-3
24,2012-06-30,7.86,$10.08,0.78,$5.34,1.47,$4.54,1.73,$-0.24,0.0,$0.94B,$0.97B,0.97,$0.11B,$0.09B,1.29,$0.05B,$0.04B,76.00%,$0.05B,$0.00B,2.00%,$0.05B,0,0.00%,$0.05B,0,0.00%,$0.05B,$0.00B,2.00%,$0.05B,$0.00B,2.00%,$0.00B,$0.09B,1.03%,$0.00B,$0.09B,1.03%,$0.00B,$1.18B,0.09%,$0.00B,$0.20B,0.47%,$7,$3,$4,$0,$9,$12,$-5,$0,$-5,$-2,$-3,$-3,$-3,$0,$0,$9,9,$-0.37,$-0.37,$103,$0,$0,$936,$14,$208,$0,$11,$243,$1179,$965,$114,$11,$125,$1090,$1,$21,$-1,$89,$1179,$-2,$1,$9,$10,$1,$0,$0,$-0,$1,$9,$2,$0,$0,$0,$27,$27,$-15,$15,$-15,$0,$-15,$-7,$-7,$-2,$-13,$-38,$-14,$0,$-2
25,2012-03-31,7.49,$10.57,0.71,$6.03,1.24,$4.47,1.67,$0.34,22.02,$0.95B,$0.98B,0.97,$0.11B,$0.10B,1.16,$0.06B,$0.04B,77.19%,$0.06B,$0.01B,17.54%,$0.06B,0,0.00%,$0.06B,0,0.00%,$0.06B,$0.01B,15.79%,$0.06B,$0.01B,10.53%,$0.01B,$0.10B,6.03%,$0.01B,$0.10B,6.03%,$0.01B,$1.21B,0.52%,$0.01B,$0.21B,4.60%,$15,$3,$12,$0,$9,$12,$3,$0,$3,$1,$2,$2,$2,$0,$0,$9,9,$0.17,$0.17,$116,$0,$0,$953,$14,$220,$0,$8,$251,$1205,$982,$114,$10,$124,$1106,$1,$26,$-1,$99,$1205,$2,$1,$-0,$1,$1,$0,$0,$2,$2,$5,$1,$0,$0,$0,$7,$7,$1,$8,$-15,$0,$-15,$-2,$-2,$-1,$4,$-14,$-2,$0,$-1
26,2011-12-31,7.47,$10.51,0.71,$5.90,1.27,$4.53,1.65,$0.54,13.83,$0.97B,$0.98B,0.99,$0.13B,$0.10B,1.3,$0.06B,$0.04B,75.00%,$0.06B,$0.01B,17.86%,$0.06B,0,0.00%,$0.06B,0,0.00%,$0.06B,$0.01B,16.07%,$0.06B,$0.01B,10.71%,$0.01B,$0.10B,6.02%,$0.01B,$0.10B,6.02%,$0.01B,$1.22B,0.53%,$0.01B,$0.23B,4.59%,$15,$3,$12,$0,$11,$14,$1,$-0,$1,$-0,$1,$1,$1,$0,$0,$9,9,$0.10,$0.10,$117,$0,$0,$969,$14,$216,$0,$9,$248,$1217,$978,$130,$10,$139,$1117,$1,$25,$-1,$100,$1217,$6,$2,$3,$5,$-1,$0,$0,$4,$3,$14,$0,$0,$6,$0,$-8,$-8,$13,$11,$0,$0,$0,$-5,$-5,$-5,$-20,$-30,$-5,$0,$-5
27,2011-09-30,6.65,$10.72,0.62,$6.18,1.08,$2.72,2.45,$0.78,8.52,$0.84B,$0.86B,0.98,$0.11B,$0.10B,1.15,$0.05B,$0.04B,74.07%,$0.05B,$0.01B,20.37%,$0.05B,0,0.00%,$0.05B,0,0.00%,$0.05B,$0.01B,16.67%,$0.05B,$0.01B,11.11%,$0.01B,$0.10B,6.03%,$0.01B,$0.10B,6.03%,$0.01B,$1.08B,0.55%,$0.01B,$0.21B,5.15%,$13,$3,$10,$0,$7,$11,$2,$-0,$2,$1,$1,$1,$1,$0,$0,$9,9,$0.13,$0.13,$86,$0,$0,$843,$13,$208,$0,$10,$236,$1080,$860,$114,$7,$121,$981,$1,$25,$0,$99,$1080,$5,$2,$2,$4,$1,$0,$-0,$2,$3,$11,$-1,$0,$0,$0,$-35,$-35,$21,$-15,$0,$0,$0,$-2,$-2,$-3,$-27,$-32,$-35,$0,$-3
28,2011-06-30,8.22,$11.87,0.69,$7.46,1.1,$1.31,6.27,$1.58,5.2,$0.85B,$0.88B,0.97,$0.11B,$0.10B,1.15,$0.07B,$0.05B,77.27%,$0.07B,$0.02B,31.82%,$0.07B,0,0.00%,$0.07B,0,0.00%,$0.07B,$0.02B,28.79%,$0.07B,$0.02B,25.76%,$0.02B,$0.10B,17.09%,$0.02B,$0.10B,17.09%,$0.02B,$1.10B,1.53%,$0.02B,$0.21B,9.84%,$14,$3,$10,$0,$7,$10,$4,$-0,$3,$1,$2,$2,$2,$0,$0,$9,9,$0.21,$0.21,$74,$0,$0,$847,$13,$226,$0,$9,$254,$1100,$878,$114,$9,$123,$1001,$1,$25,$0,$100,$1100,$4,$1,$1,$2,$2,$0,$-0,$5,$6,$12,$-1,$0,$0,$0,$-53,$-53,$8,$-47,$0,$0,$0,$-1,$-1,$-2,$-9,$-12,$-47,$0,$-2
29,2011-03-31,7.37,$10.64,0.69,$7.72,0.95,$0.92,8.01,$1.57,4.69,$0.84B,$0.88B,0.96,$0.11B,$0.10B,1.14,$0.06B,$0.05B,76.67%,$0.06B,$0.02B,31.67%,$0.06B,0,0.00%,$0.06B,0,0.00%,$0.06B,$0.02B,30.00%,$0.06B,$0.02B,26.67%,$0.02B,$0.10B,18.29%,$0.02B,$0.10B,18.29%,$0.02B,$1.10B,1.61%,$0.02B,$0.21B,9.43%,$14,$3,$10,$0,$7,$10,$3,$0,$3,$1,$2,$2,$2,$0,$0,$9,9,$0.20,$0.20,$66,$0,$0,$839,$13,$234,$0,$8,$261,$1100,$879,$114,$7,$121,$1000,$1,$25,$0,$100,$1100,$2,$1,$0,$1,$2,$0,$-0,$2,$4,$7,$-1,$0,$0,$0,$-61,$-61,$8,$-54,$0,$0,$0,$0,$0,$-1,$-7,$-8,$-55,$0,$-1
30,2010-12-31,6.93,$11.48,0.6,$8.03,0.86,$0.61,11.36,$1.52,4.56,$0.91B,$0.89B,1.02,$0.11B,$0.10B,1.15,$0.05B,$0.04B,75.93%,$0.05B,$0.02B,31.48%,$0.05B,0,0.00%,$0.05B,0,0.00%,$0.05B,$0.02B,29.63%,$0.05B,$0.02B,27.78%,$0.02B,$0.10B,19.87%,$0.02B,$0.10B,19.87%,$0.02B,$1.11B,1.70%,$0.02B,$0.21B,8.97%,$13,$4,$10,$0,$8,$11,$2,$-0,$1,$1,$1,$1,$1,$0,$0,$7,7,$0.43,$0.42,$121,$0,$0,$905,$11,$173,$0,$11,$202,$1107,$886,$114,$8,$122,$1008,$1,$24,$0,$99,$1107,$14,$3,$-10,$-8,$-7,$0,$-0,$-2,$-9,$-2,$1,$0,$23,$0,$54,$54,$41,$118,$-44,$0,$-44,$-2,$-2,$-3,$-13,$-62,$54,$0,$-3
31,2010-09-30,6.33,$10.32,0.61,$8.04,0.79,$0.91,6.93,$1.47,4.31,$0.93B,$0.91B,1.03,$0.11B,$0.10B,1.16,$0.05B,$0.04B,72.00%,$0.05B,$0.02B,34.00%,$0.05B,0,0.00%,$0.05B,0,0.00%,$0.05B,$0.02B,32.00%,$0.05B,$0.02B,30.00%,$0.02B,$0.10B,23.62%,$0.02B,$0.10B,23.62%,$0.02B,$1.13B,1.97%,$0.02B,$0.21B,9.56%,$25,$4,$21,$0,$9,$13,$12,$-0,$12,$-0,$12,$12,$12,$0,$0,$9,9,$1.28,$1.28,$125,$0,$0,$933,$10,$168,$0,$9,$194,$1127,$907,$114,$6,$121,$1028,$1,$22,$0,$99,$1127,$14,$2,$-11,$-10,$-4,$0,$-0,$-2,$-6,$-2,$0,$0,$23,$0,$60,$60,$15,$99,$0,$-44,$-44,$-0,$-0,$-2,$8,$-38,$58,$0,$-2
32,2010-06-30,5.43,$11.13,0.49,$7.27,0.75,$1.44,3.78,$0.80,6.79,$0.51B,$0.48B,1.06,$0.11B,$0.05B,2.2,$0.03B,$0.02B,58.82%,$0.03B,$0.01B,20.59%,$0.03B,0,0.00%,$0.03B,0,0.00%,$0.03B,$0.01B,17.65%,$0.03B,$0.00B,11.76%,$0.00B,$0.05B,7.77%,$0.00B,$0.05B,7.77%,$0.00B,$0.65B,0.63%,$0.01B,$0.17B,4.22%,$8,$3,$5,$0,$3,$6,$2,$-0,$2,$1,$1,$1,$1,$0,$0,$5,5,$0.20,$0.20,$120,$0,$0,$514,$5,$123,$0,$6,$138,$652,$484,$114,$2,$116,$600,$0,$13,$-0,$52,$652,$2,$1,$1,$2,$1,$0,$-0,$-1,$0,$3,$0,$0,$0,$0,$16,$16,$13,$30,$0,$0,$0,$0,$0,$-1,$20,$19,$52,$0,$-1
33,2010-03-31,6.14,$11.07,0.55,$7.37,0.83,$0.83,7.41,$0.76,8.08,$0.49B,$0.47B,1.03,$0.11B,$0.05B,2.21,$0.03B,$0.02B,58.82%,$0.03B,$0.01B,17.65%,$0.03B,0,0.00%,$0.03B,0,0.00%,$0.03B,$0.01B,14.71%,$0.03B,$0.00B,11.76%,$0.00B,$0.05B,7.80%,$0.00B,$0.05B,7.80%,$0.00B,$0.64B,0.64%,$0.01B,$0.17B,3.62%,$8,$3,$5,$0,$4,$7,$1,$-0,$1,$1,$1,$1,$1,$0,$0,$5,5,$0.15,$0.15,$91,$0,$0,$490,$5,$137,$0,$6,$152,$642,$474,$114,$2,$116,$590,$0,$13,$0,$52,$642,$1,$0,$0,$1,$0,$0,$-0,$-0,$-0,$1,$0,$0,$0,$0,$3,$3,$9,$12,$0,$0,$0,$0,$0,$-1,$10,$10,$24,$0,$-1
34,2009-12-31,6.04,$11.03,0.55,$7.55,0.8,$0.83,7.24,$0.90,6.71,$0.48B,$0.46B,1.03,$0.11B,$0.05B,2.22,$0.04B,$0.02B,57.14%,$0.04B,$0.01B,20.00%,$0.04B,0,0.00%,$0.04B,0,0.00%,$0.04B,$0.01B,17.14%,$0.04B,$0.00B,11.43%,$0.00B,$0.05B,7.88%,$0.00B,$0.05B,7.88%,$0.00B,$0.63B,0.65%,$0.01B,$0.17B,4.24%,$9,$3,$5,$0,$4,$7,$2,$-0,$1,$1,$1,$1,$1,$0,$0,$5,5,$0.17,$0.16,$67,$0,$0,$477,$5,$140,$0,$6,$154,$632,$464,$114,$2,$116,$580,$0,$13,$0,$51,$632,$4,$1,$1,$2,$-3,$0,$-0,$-3,$-5,$0,$0,$0,$0,$0,$8,$8,$4,$12,$0,$-2,$-2,$0,$0,$-2,$53,$49,$61,$0,$-2
35,2009-09-30,5.39,$11.05,0.49,$7.65,0.7,$2.04,2.64,$1.17,4.6,$0.45B,$0.45B,0.99,$0.11B,$0.05B,2.22,$0.04B,$0.02B,57.14%,$0.04B,$0.01B,20.00%,$0.04B,0,0.00%,$0.04B,0,0.00%,$0.04B,$0.01B,20.00%,$0.04B,$0.01B,14.29%,$0.01B,$0.05B,9.90%,$0.01B,$0.05B,9.90%,$0.01B,$0.62B,0.83%,$0.01B,$0.17B,4.25%,$9,$4,$5,$0,$3,$7,$2,$-0,$2,$1,$1,$1,$1,$0,$0,$5,5,$0.21,$0.21,$33,$0,$0,$451,$5,$159,$0,$4,$171,$622,$454,$114,$2,$116,$571,$0,$13,$-0,$51,$622,$3,$0,$1,$1,$-2,$0,$-0,$-0,$-3,$1,$0,$0,$0,$0,$-11,$-11,$-5,$-15,$0,$-2,$-2,$0,$0,$-2,$44,$40,$26,$0,$-2
36,2009-06-30,6.12,$10.89,0.56,$7.19,0.85,$2.98,2.05,$0.64,9.56,$0.48B,$0.45B,1.07,$0.11B,$0.05B,2.25,$0.03B,$0.02B,54.55%,$0.03B,$0.01B,15.15%,$0.03B,0,0.00%,$0.03B,0,0.00%,$0.03B,$0.01B,15.15%,$0.03B,$0.00B,9.09%,$0.00B,$0.05B,6.03%,$0.00B,$0.05B,6.03%,$0.00B,$0.62B,0.50%,$0.01B,$0.17B,3.05%,$8,$4,$5,$0,$3,$7,$1,$-0,$1,$0,$1,$1,$1,$0,$0,$5,5,$0.14,$0.14,$71,$0,$0,$483,$5,$122,$0,$4,$135,$618,$451,$114,$2,$116,$567,$0,$12,$-0,$51,$618,$2,$0,$0,$0,$-1,$0,$-0,$-1,$-2,$1,$0,$0,$0,$0,$26,$26,$1,$27,$0,$-2,$-2,$0,$0,$-1,$40,$37,$65,$0,$-1
37,2009-03-31,6.35,$10.81,0.59,$7.33,0.87,$3.58,1.77,$0.75,8.46,$0.45B,$0.43B,1.04,$0.11B,$0.05B,2.27,$0.03B,$0.02B,52.94%,$0.03B,$0.01B,17.65%,$0.03B,0,0.00%,$0.03B,0,0.00%,$0.03B,$0.01B,17.65%,$0.03B,$0.00B,8.82%,$0.00B,$0.05B,6.06%,$0.00B,$0.05B,6.06%,$0.00B,$0.60B,0.51%,$0.01B,$0.16B,3.67%,$9,$4,$5,$0,$3,$7,$2,$0,$2,$1,$1,$1,$1,$0,$0,$5,5,$0.29,$0.29,$43,$0,$0,$449,$6,$137,$0,$3,$149,$598,$431,$114,$2,$117,$548,$0,$12,$-0,$50,$598,$1,$-0,$0,$0,$-0,$0,$-0,$1,$0,$2,$-0,$0,$0,$0,$11,$11,$5,$16,$0,$-2,$-2,$-0,$-0,$-1,$21,$18,$36,$0,$-1
38,2008-12-31,6.63,$10.69,0.62,$7.37,0.9,$3.72,1.78,$0.74,8.96,$0.42B,$0.41B,1.02,$0.11B,$0.05B,2.3,$0.03B,$0.02B,52.94%,$0.03B,$0.01B,17.65%,$0.03B,0,0.00%,$0.03B,0,0.00%,$0.03B,$0.01B,17.65%,$0.03B,$0.00B,8.82%,$0.00B,$0.05B,6.09%,$0.00B,$0.05B,6.09%,$0.00B,$0.58B,0.52%,$0.01B,$0.16B,3.68%,$9,$4,$5,$0,$4,$8,$2,$0,$2,$-1,$2,$2,$2,$0,$0,$5,5,$0.46,$0.46,$7,$0,$0,$419,$6,$148,$0,$3,$160,$579,$413,$114,$2,$116,$529,$0,$11,$-0,$50,$579,$3,$-0,$3,$2,$1,$0,$-0,$-0,$0,$6,$-0,$0,$0,$0,$22,$22,$-44,$-22,$0,$2,$2,$-0,$-0,$-2,$12,$12,$-5,$0,$-2
39,2008-09-30,8.37,$10.36,0.81,$7.28,1.15,$3.67,2.28,$0.68,12.3,$0.41B,$0.42B,0.99,$0.11B,$0.05B,2.38,$0.03B,$0.02B,52.94%,$0.03B,$0.01B,17.65%,$0.03B,0,0.00%,$0.03B,0,0.00%,$0.03B,$0.01B,17.65%,$0.03B,$0.00B,5.88%,$0.00B,$0.05B,4.08%,$0.00B,$0.05B,4.08%,$0.00B,$0.58B,0.35%,$0.01B,$0.16B,3.68%,$7,$4,$3,$0,$3,$7,$-0,$0,$-0,$1,$-1,$-1,$-1,$0,$0,$5,5,$-0.27,$-0.27,$8,$0,$0,$413,$6,$160,$0,$2,$170,$582,$418,$114,$2,$116,$534,$0,$10,$-0,$48,$582,$1,$-0,$3,$3,$1,$0,$-0,$0,$1,$6,$-0,$0,$0,$0,$10,$10,$-37,$-27,$0,$15,$15,$-0,$-0,$-1,$5,$17,$-4,$0,$-1
40,2008-06-30,8.31,$10.70,0.78,$7.72,1.08,$3.19,2.6,$1.16,7.16,$0.41B,$0.41B,0.99,$0.11B,$0.05B,2.3,$0.04B,$0.02B,55.56%,$0.04B,$0.01B,22.22%,$0.04B,0,0.00%,$0.04B,0,0.00%,$0.04B,$0.01B,22.22%,$0.04B,$0.00B,11.11%,$0.00B,$0.05B,8.12%,$0.00B,$0.05B,8.12%,$0.00B,$0.58B,0.70%,$0.01B,$0.16B,4.90%,$9,$4,$5,$0,$3,$7,$2,$0,$2,$1,$1,$1,$1,$0,$0,$5,5,$0.28,$0.27,$10,$0,$0,$408,$6,$161,$0,$2,$171,$579,$413,$114,$2,$116,$529,$0,$11,$-0,$50,$579,$3,$-0,$0,$0,$1,$0,$-0,$0,$1,$3,$0,$0,$0,$0,$11,$11,$-29,$-18,$0,$0,$0,$-0,$-0,$-1,$14,$13,$-2,$0,$-1
41,2008-03-31,9.19,$10.58,0.87,$7.48,1.23,$2.56,3.59,$1.12,8.2,$0.40B,$0.40B,1.0,$0.11B,$0.05B,2.35,$0.04B,$0.02B,52.78%,$0.04B,$0.01B,22.22%,$0.04B,0,0.00%,$0.04B,0,0.00%,$0.04B,$0.01B,22.22%,$0.04B,$0.00B,11.11%,$0.00B,$0.05B,8.12%,$0.00B,$0.05B,8.12%,$0.00B,$0.57B,0.71%,$0.01B,$0.16B,5.06%,$9,$4,$5,$0,$3,$7,$2,$0,$2,$1,$1,$1,$1,$0,$0,$5,5,$0.28,$0.28,$22,$0,$0,$401,$6,$155,$0,$2,$165,$566,$401,$114,$2,$116,$517,$0,$11,$-0,$49,$566,$1,$-0,$0,$0,$1,$0,$-0,$-0,$1,$2,$0,$0,$0,$0,$17,$17,$-10,$7,$0,$0,$0,$-1,$-1,$-0,$3,$1,$10,$0,$-0
42,2007-12-31,9.63,$10.46,0.92,$7.13,1.35,$2.40,4.0,$1.09,8.83,$0.38B,$0.40B,0.96,$0.11B,$0.05B,2.35,$0.04B,$0.02B,51.43%,$0.04B,$0.01B,22.86%,$0.04B,0,0.00%,$0.04B,0,0.00%,$0.04B,$0.01B,22.86%,$0.04B,$0.00B,11.43%,$0.00B,$0.05B,8.00%,$0.00B,$0.05B,8.00%,$0.00B,$0.56B,0.73%,$0.01B,$0.16B,5.36%,$9,$5,$5,$0,$3,$8,$2,$0,$2,$1,$1,$1,$1,$0,$0,$5,5,$0.22,$0.21,$12,$0,$0,$382,$6,$173,$0,$1,$181,$563,$399,$114,$2,$116,$515,$0,$10,$0,$49,$563,$4,$-0,$0,$0,$1,$0,$0,$-0,$1,$5,$1,$0,$0,$0,$-20,$-20,$-48,$-67,$40,$0,$40,$-6,$-6,$-2,$16,$48,$-14,$0,$-2
43,2007-09-30,9.78,$10.42,0.94,$6.88,1.42,$2.28,4.29,$0.96,10.19,$0.39B,$0.41B,0.96,$0.11B,$0.05B,2.33,$0.04B,$0.02B,51.43%,$0.04B,$0.01B,22.86%,$0.04B,0,0.00%,$0.04B,0,0.00%,$0.04B,$0.01B,22.86%,$0.04B,$0.00B,11.43%,$0.00B,$0.05B,7.88%,$0.00B,$0.05B,7.88%,$0.00B,$0.57B,0.75%,$0.01B,$0.16B,5.71%,$9,$5,$5,$0,$3,$8,$2,$0,$2,$1,$1,$1,$1,$0,$0,$5,5,$0.22,$0.21,$39,$0,$0,$392,$6,$172,$0,$2,$181,$573,$408,$114,$2,$116,$524,$0,$9,$0,$49,$573,$3,$-0,$0,$0,$1,$0,$0,$-0,$1,$4,$-0,$0,$0,$0,$-19,$-19,$-30,$-50,$40,$0,$40,$-5,$-5,$-1,$25,$59,$13,$0,$-1
44,2007-06-30,10.11,$10.38,0.97,$6.60,1.53,$2.79,3.62,$1.03,9.82,$0.36B,$0.39B,0.91,$0.09B,$0.05B,1.9,$0.03B,$0.02B,52.94%,$0.03B,$0.01B,23.53%,$0.03B,0,0.00%,$0.03B,0,0.00%,$0.03B,$0.01B,23.53%,$0.03B,$0.00B,11.76%,$0.00B,$0.05B,7.80%,$0.00B,$0.05B,7.80%,$0.00B,$0.54B,0.77%,$0.01B,$0.14B,6.13%,$9,$4,$4,$0,$3,$7,$2,$0,$2,$1,$1,$1,$1,$0,$0,$5,5,$0.23,$0.23,$17,$0,$0,$355,$6,$172,$0,$2,$181,$536,$390,$94,$2,$96,$486,$0,$9,$0,$50,$536,$2,$-0,$0,$-0,$-1,$0,$0,$-1,$-1,$1,$-0,$0,$0,$0,$-19,$-19,$-13,$-32,$20,$0,$20,$-4,$-4,$-1,$7,$23,$-9,$0,$-1
45,2007-03-31,10.52,$10.52,1.0,$6.43,1.63,$3.86,2.72,$1.07,9.83,$0.36B,$0.39B,0.92,$0.07B,$0.05B,1.41,$0.03B,$0.02B,57.58%,$0.03B,$0.01B,24.24%,$0.03B,0,0.00%,$0.03B,0,0.00%,$0.03B,$0.01B,24.24%,$0.03B,$0.00B,12.12%,$0.00B,$0.05B,7.77%,$0.00B,$0.05B,7.77%,$0.00B,$0.52B,0.79%,$0.01B,$0.13B,6.49%,$8,$4,$4,$0,$2,$6,$2,$0,$2,$1,$1,$1,$1,$0,$0,$5,5,$0.25,$0.25,$36,$0,$0,$358,$6,$151,$0,$1,$160,$518,$388,$74,$3,$77,$465,$0,$8,$0,$52,$518,$1,$-0,$-0,$-0,$1,$0,$-0,$0,$1,$2,$-0,$0,$0,$0,$1,$1,$2,$3,$0,$0,$0,$-0,$-0,$-0,$6,$5,$10,$0,$-0
46,2006-12-31,10.18,$10.38,0.98,$6.28,1.62,$4.36,2.34,$1.08,9.42,$0.35B,$0.38B,0.92,$0.07B,$0.05B,1.43,$0.03B,$0.02B,60.61%,$0.03B,$0.01B,24.24%,$0.03B,0,0.00%,$0.03B,0,0.00%,$0.03B,$0.01B,24.24%,$0.03B,$0.00B,12.12%,$0.00B,$0.05B,7.88%,$0.00B,$0.05B,7.88%,$0.00B,$0.51B,0.80%,$0.01B,$0.13B,6.82%,$9,$4,$5,$0,$2,$6,$2,$0,$2,$1,$1,$1,$1,$0,$0,$5,5,$0.27,$0.27,$26,$0,$0,$351,$6,$152,$0,$1,$160,$511,$383,$74,$2,$76,$459,$0,$7,$0,$52,$511,$6,$-0,$0,$0,$-3,$0,$0,$3,$1,$6,$-1,$0,$0,$0,$-10,$-10,$-34,$-44,$20,$0,$20,$0,$0,$-2,$20,$38,$1,$0,$-2
