,Date,Stock Price,Book Value per Share,Price to Book Ratio,TTM Sales per Share,Price to Sales Ratio,TTM FCF per Share,Price to FCF Ratio,TTM Net EPS,PE Ratio,Current Assets,Current Liabilities,Current Ratio,Long Term Debt,Shareholder's Equity_x,Debt to Equity Ratio,TTM Revenue_x,TTM Gross Profit,Gross Margin,TTM Revenue_y,TTM Operating Income,Operating Margin,TTM Revenue_x,TTM EBIT,EBIT Margin,TTM Revenue_y,TTM EBITDA,EBITDA Margin,TTM Revenue_x,TTM Pre-Tax Income,Pre-Tax Margin,TTM Revenue_y,TTM Net Income_x,Net Margin,TTM Net Income_y,Shareholder's Equity_y,Return on Equity,TTM Net Income_x,Tangible Equity,Return on Tangible Equity,TTM Net Income_y,Total Assets,Return on Assets,TTM Net Income,LT Investments & Debt,Return on Investment,revenue,cost-goods-sold,gross-profit,research-development-expenses,selling-general-administrative-expenses,operating-expenses,operating-income,total-non-operating-income-expense,pre-tax-income,total-provision-income-taxes,income-after-taxes,income-from-continuous-operations,net-income,ebitda,ebit,basic-shares-outstanding,shares-outstanding,eps-basic-net-earnings-per-share,eps-earnings-per-share-diluted,cash-on-hand,inventory,other-current-assets,total-current-assets,net-property-plant-equipment,long-term-investments,goodwill-intangible-assets-total,other-long-term-assets,total-long-term-assets,total-assets,total-current-liabilities,long-term-debt,other-non-current-liabilities,total-long-term-liabilities,total-liabilities,common-stock-net,retained-earnings-accumulated-deficit,comprehensive-income,total-share-holder-equity,total-liabilities-share-holders-equity,net-income-loss,total-depreciation-amortization-cash-flow,other-non-cash-items,total-non-cash-items,change-in-accounts-receivable,change-in-inventories,change-in-accounts-payable,change-in-assets-liabilities,total-change-in-assets-liabilities,cash-flow-from-operating-activities,net-change-in-property-plant-equipment,net-change-in-intangible-assets,net-acquisitions-divestitures,net-change-in-short-term-investments,net-change-in-long-term-investments,net-change-in-investments-total,investing-activities-other,cash-flow-from-investing-activities,net-long-term-debt,net-current-debt,debt-issuance-retirement-net-total,net-common-equity-issued-repurchased,net-total-equity-issued-repurchased,total-common-preferred-stock-dividends-paid,financial-activities-other,cash-flow-from-financial-activities,net-cash-flow,stock-based-compensation,common-stock-dividends-paid
0,2018-03-31,98.38,$31.14,3.16,$22.24,4.42,$6.94,14.17,$5.16,19.06,$47.37B,$33.03B,1.43,$13.47B,$5.28B,2.55,$3.76B,$2.68B,71.33%,$3.76B,$1.10B,29.29%,$3.76B,0,0.00%,$3.76B,0,0.00%,$3.76B,$1.10B,29.26%,$3.76B,$0.92B,24.42%,$0.92B,$5.28B,19.32%,$0.92B,$5.20B,19.58%,$0.92B,$56.51B,1.84%,$1.10B,$18.75B,6.64%,$0,$0,$0,$0,$0,$0,$0,$0,$0,$0,$0,$0,$0,$0,$0,$0,0,$0.00,$0.00,$3108,$0,$0,$47370,$361,$5178,$71,$3082,$9144,$56514,$33034,$13472,$3676,$17155,$51239,$4112,$1320,$-34,$5275,$56514,$243,$16,$194,$210,$-872,$0,$0,$601,$-272,$181,$-4,$-9,$0,$0,$0,$0,$160,$147,$371,$0,$371,$0,$0,$-636,$0,$-265,$50,$0,$-636
1,2017-06-30,71.98,$26.92,2.67,$21.54,3.34,$6.40,11.25,$5.06,14.23,$41.31B,$28.42B,1.45,$11.60B,$4.48B,2.59,$3.65B,$2.58B,70.58%,$3.65B,$1.07B,29.17%,$3.65B,0,0.00%,$3.65B,0,0.00%,$3.65B,$1.07B,29.15%,$3.65B,$0.90B,24.52%,$0.90B,$4.48B,19.87%,$0.90B,$4.43B,20.13%,$0.90B,$48.42B,1.89%,$1.07B,$16.07B,6.78%,$1017,$261,$756,$0,$450,$727,$291,$-0,$291,$48,$243,$243,$243,$0,$0,$169,169,$1.43,$1.43,$2389,$0,$0,$41306,$323,$4259,$46,$2037,$7110,$48416,$28415,$11597,$2670,$14311,$43940,$3407,$1318,$-14,$4476,$48416,$450,$26,$276,$301,$597,$0,$0,$-721,$-124,$627,$-13,$-8,$0,$0,$0,$0,$-844,$-866,$-687,$1312,$625,$0,$0,$-513,$0,$112,$-136,$0,$-513
2,2017-03-31,66.65,$25.44,2.62,$21.42,3.11,$4.42,15.08,$5.36,12.43,$40.97B,$28.46B,1.44,$11.52B,$4.34B,2.65,$3.65B,$2.62B,71.91%,$3.65B,$1.05B,28.75%,$3.65B,0,0.00%,$3.65B,0,0.00%,$3.65B,$1.05B,28.72%,$3.65B,$0.88B,24.22%,$0.88B,$4.34B,19.90%,$0.88B,$4.30B,20.16%,$0.88B,$47.75B,1.88%,$1.05B,$15.87B,6.81%,$1018,$343,$675,$0,$376,$731,$287,$0,$287,$46,$241,$241,$241,$0,$0,$166,166,$1.45,$1.45,$2960,$0,$0,$40974,$326,$3853,$45,$2109,$6775,$47749,$28455,$11522,$2608,$14171,$43405,$3407,$1079,$-31,$4344,$47749,$210,$13,$45,$58,$80,$0,$0,$-165,$-85,$183,$-7,$-4,$0,$0,$0,$0,$-158,$-169,$-298,$905,$607,$0,$0,$-513,$0,$94,$88,$0,$-513
3,2016-12-31,62.76,$28.89,2.17,$21.08,2.98,$5.30,11.83,$5.23,12.01,$41.30B,$28.48B,1.45,$10.77B,$4.93B,2.18,$3.59B,$2.56B,71.33%,$3.59B,$1.01B,28.09%,$3.59B,0,0.00%,$3.59B,0,0.00%,$3.59B,$1.01B,28.06%,$3.59B,$0.86B,23.91%,$0.86B,$4.93B,19.90%,$0.86B,$4.84B,20.15%,$0.86B,$46.77B,1.87%,$1.01B,$15.70B,6.77%,$864,$230,$634,$0,$369,$611,$253,$-0,$253,$43,$210,$210,$210,$0,$0,$171,171,$1.23,$1.23,$3934,$0,$0,$41300,$327,$2684,$97,$2102,$5474,$46774,$28477,$10767,$2156,$12923,$41840,$3189,$2013,$-22,$4934,$46774,$858,$53,$192,$245,$-1215,$0,$0,$354,$-860,$242,$-41,$-17,$0,$0,$-2,$-2,$840,$781,$-2633,$2118,$-515,$0,$0,$-547,$0,$-1061,$-82,$0,$-547
4,2016-09-30,59.96,$25.06,2.39,$19.96,3.0,$-9.60,0.0,$5.29,11.34,$40.79B,$27.64B,1.48,$10.93B,$4.28B,2.56,$3.41B,$2.40B,70.57%,$3.41B,$1.00B,29.31%,$3.41B,0,0.00%,$3.41B,0,0.00%,$3.41B,$1.00B,29.31%,$3.41B,$0.85B,25.05%,$0.85B,$4.28B,20.29%,$0.85B,$4.24B,20.55%,$0.85B,$46.53B,1.89%,$1.00B,$15.21B,6.75%,$864,$245,$619,$0,$331,$593,$271,$-0,$270,$46,$224,$224,$225,$0,$0,$171,171,$1.30,$1.30,$3436,$0,$0,$40786,$326,$2764,$42,$2180,$5742,$46528,$27635,$10933,$2936,$13919,$42248,$3207,$1396,$3,$4280,$46528,$642,$37,$196,$233,$-402,$0,$0,$-359,$-761,$115,$-29,$-12,$0,$0,$-2,$-2,$640,$597,$-2258,$1795,$-463,$0,$0,$-550,$0,$-1013,$-359,$0,$-550
5,2016-06-30,55.89,$24.90,2.25,$19.96,2.8,$-22.85,0.0,$5.16,10.82,$40.25B,$27.97B,1.44,$10.62B,$4.19B,2.54,$3.41B,$2.37B,69.58%,$3.41B,$0.95B,27.78%,$3.41B,0,0.00%,$3.41B,0,0.00%,$3.41B,$0.95B,27.78%,$3.41B,$0.83B,24.20%,$0.83B,$4.19B,20.16%,$0.83B,$4.15B,20.42%,$0.83B,$46.51B,1.85%,$0.95B,$14.81B,6.46%,$908,$257,$651,$0,$384,$653,$255,$0,$255,$34,$220,$220,$220,$0,$0,$171,171,$1.29,$1.29,$3161,$0,$0,$40250,$324,$3081,$41,$2393,$6262,$46512,$27967,$10624,$2904,$13592,$42325,$3207,$1178,$15,$4187,$46512,$425,$25,$106,$131,$149,$0,$0,$-398,$-250,$307,$-19,$-7,$0,$0,$0,$0,$364,$338,$-1852,$1062,$-790,$0,$0,$-550,$0,$-1340,$-740,$0,$-550
6,2016-03-31,56.16,$22.48,2.5,$19.42,2.89,$-31.11,0.0,$5.00,11.22,$37.88B,$26.29B,1.44,$10.03B,$3.87B,2.6,$3.34B,$2.31B,69.08%,$3.34B,$0.97B,29.07%,$3.34B,0,0.00%,$3.34B,0,0.00%,$3.34B,$0.97B,29.04%,$3.34B,$0.86B,25.75%,$0.86B,$3.87B,21.06%,$0.86B,$3.83B,21.33%,$0.86B,$43.55B,1.93%,$0.97B,$13.90B,6.58%,$1009,$292,$717,$0,$435,$740,$269,$0,$269,$41,$228,$228,$228,$0,$0,$168,168,$1.35,$1.35,$3545,$0,$0,$37880,$300,$2852,$37,$2118,$5668,$43548,$26288,$10031,$2449,$12560,$39683,$2993,$889,$77,$3865,$43548,$186,$11,$118,$129,$-240,$0,$0,$262,$21,$336,$-7,$-3,$0,$0,$0,$0,$131,$122,$-799,$177,$-622,$0,$0,$-513,$0,$-1135,$-709,$0,$-513
7,2015-12-31,49.43,$26.08,1.9,$19.27,2.57,$-35.45,0.0,$4.98,9.93,$38.33B,$26.01B,1.47,$10.78B,$4.48B,2.4,$3.31B,$2.35B,70.93%,$3.31B,$0.98B,29.58%,$3.31B,0,0.00%,$3.31B,0,0.00%,$3.31B,$0.98B,29.55%,$3.31B,$0.86B,26.07%,$0.86B,$4.48B,20.85%,$0.86B,$4.39B,21.13%,$0.86B,$43.85B,1.92%,$0.98B,$15.26B,6.56%,$811,$236,$575,$0,$350,$598,$214,$-0,$214,$28,$186,$186,$186,$0,$0,$172,172,$1.08,$1.08,$3958,$0,$0,$38328,$305,$2671,$91,$2274,$5524,$43852,$26007,$10776,$2151,$12962,$39368,$2882,$1748,$90,$4483,$43852,$861,$45,$-219,$-174,$-4184,$0,$0,$1182,$-3003,$-2315,$-44,$-12,$0,$0,$-0,$-0,$857,$801,$-1255,$3488,$2233,$0,$0,$-519,$0,$1714,$310,$0,$-519
8,2015-09-30,52.25,$22.28,2.34,$21.46,2.44,$-24.21,0.0,$5.06,10.34,$38.21B,$25.28B,1.51,$10.84B,$3.83B,2.83,$3.69B,$2.95B,79.84%,$3.69B,$1.78B,48.21%,$3.69B,0,0.00%,$3.69B,0,0.00%,$3.69B,$1.78B,48.18%,$3.69B,$0.85B,23.14%,$0.85B,$3.83B,20.27%,$0.85B,$3.79B,20.55%,$0.85B,$44.26B,1.88%,$1.78B,$14.67B,11.99%,$677,$217,$460,$0,$189,$417,$260,$-0,$260,$41,$219,$219,$219,$0,$0,$172,172,$0.13,$1.25,$3656,$0,$0,$38210,$305,$2642,$37,$2723,$6050,$44260,$25275,$10839,$3075,$13995,$40429,$2931,$1186,$62,$3831,$44260,$620,$33,$-170,$-137,$-3864,$0,$0,$1223,$-2641,$-2158,$-34,$-9,$0,$0,$-0,$-0,$146,$103,$-536,$2725,$2189,$0,$0,$-544,$0,$1644,$-310,$0,$-544
9,2015-06-30,53.23,$24.12,2.21,$21.36,2.49,$-13.19,0.0,$5.44,9.78,$40.62B,$27.75B,1.46,$11.08B,$4.18B,2.65,$3.71B,$3.00B,80.94%,$3.71B,$1.87B,50.36%,$3.71B,0,0.00%,$3.71B,0,0.00%,$3.71B,$1.84B,49.53%,$3.71B,$0.94B,25.29%,$0.94B,$4.18B,21.85%,$0.94B,$4.13B,22.16%,$0.94B,$46.68B,2.06%,$1.87B,$15.25B,12.69%,$912,$292,$620,$0,$405,$708,$204,$-0,$204,$12,$192,$192,$192,$0,$0,$172,172,$1.12,$1.12,$4230,$0,$0,$40622,$330,$3027,$43,$2326,$6056,$46678,$27747,$11076,$2678,$13826,$42502,$3266,$1107,$83,$4175,$46678,$456,$24,$177,$201,$-1934,$0,$0,$162,$-1772,$-1116,$-18,$-7,$0,$0,$0,$0,$419,$394,$-322,$1801,$1479,$0,$0,$-588,$0,$891,$207,$0,$-588
10,2015-03-31,54.57,$23.90,2.28,$22.58,2.42,$-6.64,0.0,$5.47,9.98,$38.79B,$27.26B,1.42,$10.40B,$4.05B,2.57,$3.90B,$3.48B,89.29%,$3.90B,$2.71B,69.48%,$3.90B,0,0.00%,$3.90B,0,0.00%,$3.90B,$2.68B,68.71%,$3.90B,$0.95B,24.35%,$0.95B,$4.05B,21.99%,$0.95B,$4.00B,22.31%,$0.95B,$45.05B,2.09%,$2.71B,$14.44B,18.70%,$944,$288,$655,$0,$350,$650,$294,$-0,$293,$30,$264,$264,$264,$0,$0,$173,173,$2.63,$1.52,$3742,$0,$0,$38786,$328,$3370,$43,$2204,$6265,$45050,$27256,$10398,$2503,$12991,$41005,$3266,$837,$73,$4046,$45050,$187,$12,$170,$182,$-723,$0,$0,$-49,$-772,$-403,$-7,$-4,$0,$0,$0,$0,$317,$306,$-45,$769,$723,$0,$0,$-588,$0,$135,$56,$0,$-588
11,2014-12-31,53.43,$0.00,0.0,$24.35,2.19,$-8.03,0.0,$5.95,8.98,$39.36B,$28.29B,1.39,$10.16B,$4.80B,2.12,$4.23B,$3.61B,85.21%,$4.23B,$2.80B,66.13%,$4.23B,0,0.00%,$4.23B,0,0.00%,$4.23B,$2.77B,65.42%,$4.23B,$1.03B,24.42%,$1.03B,$4.80B,23.83%,$1.03B,$4.69B,24.18%,$1.03B,$45.51B,2.25%,$2.80B,$14.96B,19.56%,$773,$163,$610,$0,$378,$553,$220,$0,$220,$34,$187,$187,$187,$0,$0,$169,169,$1.12,$1.12,$3462,$0,$0,$39359,$0,$3203,$110,$2496,$5810,$45508,$28287,$10158,$2259,$12417,$40705,$3209,$1090,$0,$4803,$45508,$983,$58,$0,$58,$0,$0,$0,$0,$-1233,$-379,$-52,$0,$0,$0,$0,$-11,$144,$81,$0,$3014,$-1783,$0,$0,$-607,$0,$623,$402,$0,$0
12,2014-09-30,57.33,$0.00,0.0,$24.50,2.34,$-7.42,0.0,$6.33,9.05,$41.32B,$29.34B,1.41,$10.10B,$4.15B,2.44,$4.21B,$3.19B,75.79%,$4.21B,$1.94B,45.95%,$4.21B,0,0.00%,$4.21B,0,0.00%,$4.21B,$2.02B,47.83%,$4.21B,$1.09B,25.85%,$1.09B,$4.15B,25.44%,$1.09B,$4.10B,25.75%,$1.09B,$45.24B,2.29%,$1.94B,$14.25B,13.45%,$1061,$0,$1061,$0,$0,$0,$1061,$0,$1061,$0,$1061,$211,$211,$0,$0,$173,173,$1.22,$1.22,$4710,$0,$0,$41318,$0,$2688,$45,$842,$3576,$45240,$29339,$10104,$1652,$11756,$41095,$3306,$28,$0,$4145,$45240,$787,$36,$0,$36,$0,$0,$0,$0,$-986,$-272,$-37,$0,$-11,$0,$0,$547,$-5,$494,$0,$-1296,$1237,$0,$0,$-626,$934,$249,$528,$0,$0
13,2014-06-30,62.09,$0.00,0.0,$26.18,2.37,$-0.67,0.0,$6.39,9.72,$41.88B,$29.99B,1.4,$10.04B,$4.29B,2.34,$4.45B,$3.27B,73.47%,$4.45B,$1.95B,43.86%,$4.45B,0,0.00%,$4.45B,0,0.00%,$4.45B,$2.06B,46.30%,$4.45B,$1.09B,24.38%,$1.09B,$4.29B,24.90%,$1.09B,$4.24B,25.22%,$1.09B,$45.83B,2.22%,$1.95B,$14.33B,13.54%,$931,$254,$676,$0,$370,$638,$293,$0,$263,$-2,$265,$276,$276,$0,$0,$179,179,$1.55,$1.55,$3820,$0,$0,$41876,$0,$2724,$50,$815,$3589,$45829,$29993,$10040,$1511,$11551,$41544,$3501,$577,$0,$4285,$45829,$0,$0,$0,$0,$0,$0,$0,$0,$0,$0,$0,$0,$0,$0,$0,$0,$0,$0,$0,$0,$0,$0,$0,$0,$0,$0,$0,$0,$0
14,2014-03-31,58.34,$0.00,0.0,$25.05,2.33,$7.00,8.33,$6.16,9.47,$43.66B,$31.91B,1.37,$9.61B,$4.13B,2.33,$4.27B,$2.81B,65.88%,$4.27B,$1.09B,25.60%,$4.27B,0,0.00%,$4.27B,0,0.00%,$4.27B,$1.20B,28.15%,$4.27B,$1.05B,24.57%,$1.05B,$4.13B,23.71%,$1.05B,$4.08B,24.04%,$1.05B,$47.03B,2.09%,$1.09B,$13.74B,7.51%,$1137,$0,$1137,$0,$0,$0,$1137,$0,$1137,$0,$1137,$276,$276,$0,$0,$170,170,$1.62,$1.62,$4038,$0,$0,$43662,$0,$2112,$51,$854,$3016,$47034,$31913,$9612,$1383,$10995,$42908,$3501,$4126,$0,$4126,$47034,$271,$12,$0,$12,$0,$0,$0,$0,$-691,$-656,$-8,$0,$0,$0,$0,$748,$-1,$739,$0,$767,$-540,$0,$0,$-663,$-196,$-632,$-521,$0,$0
15,2013-12-31,64.75,$0.00,0.0,$24.99,2.59,$13.41,4.83,$6.13,10.56,$47.10B,$34.45B,1.37,$10.71B,$4.57B,2.35,$4.22B,$2.81B,66.66%,$4.22B,$1.09B,25.81%,$4.22B,0,0.00%,$4.22B,0,0.00%,$4.22B,$1.19B,28.15%,$4.22B,$1.04B,24.55%,$1.04B,$4.57B,22.92%,$1.04B,$4.51B,23.26%,$1.04B,$51.87B,2.03%,$1.09B,$15.28B,7.41%,$1105,$371,$734,$0,$413,$796,$309,$0,$309,$38,$271,$271,$271,$0,$0,$174,174,$1.56,$1.56,$4196,$0,$0,$47098,$0,$3381,$59,$934,$4374,$51868,$34451,$10713,$2135,$12848,$47299,$3699,$4569,$0,$4569,$51868,$1027,$58,$0,$58,$0,$0,$0,$0,$-1609,$-288,$-23,$0,$0,$0,$0,$-735,$-11,$-770,$0,$0,$1852,$0,$268,$-687,$108,$1542,$605,$0,$0
16,2013-09-30,67.63,$0.00,0.0,$26.14,2.59,$9.07,7.46,$6.24,10.84,$45.65B,$34.35B,1.33,$9.87B,$4.45B,2.22,$4.43B,$2.94B,66.35%,$4.43B,$1.22B,27.44%,$4.43B,0,0.00%,$4.43B,0,0.00%,$4.43B,$1.24B,28.03%,$4.43B,$1.06B,23.87%,$1.06B,$4.45B,23.86%,$1.06B,$4.39B,24.23%,$1.06B,$50.51B,2.11%,$1.22B,$14.32B,8.54%,$1040,$394,$646,$0,$435,$844,$197,$0,$306,$46,$260,$266,$266,$0,$0,$166,166,$1.60,$1.60,$4379,$0,$0,$45648,$0,$3602,$62,$797,$4461,$50507,$34351,$9866,$1838,$11704,$46055,$3699,$794,$0,$4452,$50507,$761,$43,$0,$43,$0,$0,$0,$0,$-245,$868,$-16,$0,$0,$0,$0,$-1068,$-6,$-1089,$0,$-0,$1054,$0,$268,$-687,$0,$635,$481,$0,$0
17,2013-06-30,64.22,$0.00,0.0,$24.44,2.63,$5.75,11.16,$5.83,11.01,$46.45B,$34.65B,1.34,$10.34B,$4.55B,2.27,$4.16B,$2.78B,66.88%,$4.16B,$1.08B,26.02%,$4.16B,0,0.00%,$4.16B,0,0.00%,$4.16B,$1.15B,27.73%,$4.16B,$0.99B,23.88%,$0.99B,$4.55B,23.20%,$0.99B,$4.48B,23.58%,$0.99B,$51.25B,2.01%,$1.08B,$14.89B,7.86%,$1169,$416,$753,$0,$430,$860,$309,$0,$309,$37,$272,$272,$272,$0,$0,$170,170,$1.60,$1.60,$5761,$0,$0,$46453,$0,$3420,$68,$883,$4371,$51249,$34645,$10336,$1717,$12052,$46697,$3884,$545,$0,$4551,$51249,$511,$30,$0,$30,$0,$0,$0,$0,$678,$1337,$-14,$0,$0,$0,$0,$-633,$-4,$-651,$0,$-218,$1350,$0,$282,$-721,$0,$692,$1434,$0,$0
18,2013-03-31,68.54,$0.00,0.0,$23.69,2.89,$-3.93,0.0,$5.73,11.96,$45.25B,$34.29B,1.32,$9.76B,$4.51B,2.17,$4.00B,$2.57B,64.23%,$4.00B,$0.85B,21.29%,$4.00B,0,0.00%,$4.00B,0,0.00%,$4.00B,$1.11B,27.86%,$4.00B,$0.97B,24.19%,$0.97B,$4.51B,23.93%,$0.97B,$4.44B,24.35%,$0.97B,$50.03B,2.02%,$0.85B,$14.27B,6.46%,$956,$277,$680,$0,$388,$679,$278,$0,$278,$38,$240,$240,$240,$0,$0,$172,172,$1.40,$1.40,$3813,$0,$0,$45245,$0,$3396,$69,$897,$4362,$50034,$34290,$9760,$1480,$11240,$45529,$3884,$120,$0,$4505,$50034,$255,$15,$0,$15,$0,$0,$0,$0,$151,$443,$-6,$0,$0,$0,$0,$-317,$-2,$-325,$0,$377,$337,$0,$282,$-721,$-202,$72,$177,$0,$0
19,2012-12-31,66.51,$0.00,0.0,$23.81,2.79,$-5.96,0.0,$5.66,11.74,$44.77B,$33.34B,1.34,$9.20B,$4.22B,2.18,$4.03B,$2.54B,63.01%,$4.03B,$0.81B,20.15%,$4.03B,0,0.00%,$4.03B,0,0.00%,$4.03B,$1.09B,27.11%,$4.03B,$0.96B,23.78%,$0.96B,$4.22B,25.20%,$0.96B,$4.14B,25.67%,$0.96B,$48.85B,2.06%,$0.81B,$13.42B,6.44%,$1055,$321,$734,$0,$414,$751,$305,$0,$295,$40,$255,$258,$258,$0,$0,$168,168,$1.53,$1.53,$3442,$0,$0,$44765,$0,$2685,$72,$896,$3653,$48848,$33339,$9203,$2091,$11294,$44633,$3421,$381,$0,$4215,$48848,$978,$65,$0,$65,$0,$0,$0,$0,$-2687,$-1007,$-37,$0,$0,$0,$0,$621,$-17,$566,$0,$0,$1704,$0,$250,$-623,$-1229,$101,$-407,$0,$0
20,2012-09-30,57.48,$0.00,0.0,$22.06,2.61,$-5.06,0.0,$5.08,11.3,$43.15B,$33.49B,1.29,$8.62B,$3.85B,2.24,$3.74B,$2.39B,64.03%,$3.74B,$0.90B,24.07%,$3.74B,0,0.00%,$3.74B,0,0.00%,$3.74B,$0.93B,24.82%,$3.74B,$0.86B,23.05%,$0.86B,$3.85B,23.14%,$0.86B,$3.78B,23.72%,$0.86B,$47.75B,1.93%,$0.90B,$12.47B,7.39%,$1248,$477,$771,$0,$430,$924,$323,$0,$359,$47,$312,$287,$287,$0,$0,$168,168,$1.71,$1.71,$3759,$0,$0,$43149,$0,$3214,$71,$882,$4166,$47752,$33494,$8616,$1789,$10405,$43899,$3171,$723,$0,$3853,$47752,$689,$49,$0,$49,$0,$0,$0,$0,$-645,$326,$-32,$0,$0,$0,$0,$172,$-11,$129,$0,$947,$-1055,$0,$0,$-623,$173,$-558,$-174,$0,$0
21,2012-06-30,58.24,$0.00,0.0,$22.20,2.62,$-6.76,0.0,$5.02,11.6,$40.62B,$30.83B,1.32,$8.94B,$3.59B,2.49,$3.74B,$2.40B,64.18%,$3.74B,$0.92B,24.51%,$3.74B,0,0.00%,$3.74B,0,0.00%,$3.74B,$0.93B,24.81%,$3.74B,$0.85B,22.59%,$0.85B,$3.59B,23.56%,$0.85B,$3.52B,24.17%,$0.85B,$44.96B,1.96%,$0.92B,$12.53B,7.70%,$899,$303,$596,$0,$404,$723,$176,$0,$221,$11,$210,$208,$208,$0,$0,$173,173,$1.20,$1.20,$4018,$0,$0,$40622,$0,$3058,$68,$798,$3924,$44961,$30828,$8935,$1606,$10541,$41369,$3020,$489,$0,$3591,$44961,$456,$31,$0,$31,$0,$0,$0,$0,$-971,$-314,$-20,$0,$0,$0,$0,$387,$-6,$360,$0,$-564,$1224,$0,$0,$-594,$0,$67,$113,$0,$0
22,2012-03-31,64.21,$0.00,0.0,$21.54,2.98,$-4.75,0.0,$5.17,12.43,$39.92B,$30.70B,1.3,$8.40B,$3.53B,2.38,$3.64B,$2.28B,62.69%,$3.64B,$0.76B,20.85%,$3.64B,0,0.00%,$3.64B,0,0.00%,$3.64B,$0.96B,26.29%,$3.64B,$0.87B,23.98%,$0.87B,$3.53B,24.55%,$0.87B,$3.46B,25.20%,$0.87B,$43.91B,2.05%,$0.76B,$11.93B,6.57%,$796,$328,$467,$0,$404,$748,$47,$0,$239,$25,$214,$214,$214,$0,$0,$166,166,$1.29,$1.29,$4608,$0,$0,$39921,$0,$2750,$70,$751,$3571,$43911,$30697,$8397,$1285,$9681,$40378,$3020,$132,$0,$3533,$43911,$242,$15,$0,$15,$0,$0,$0,$0,$127,$108,$-13,$0,$0,$0,$0,$230,$-5,$213,$0,$0,$320,$0,$0,$-594,$-73,$-347,$-26,$0,$0
23,2011-12-31,53.2,$0.00,0.0,$24.30,2.19,$-5.31,0.0,$5.21,10.21,$37.82B,$28.84B,1.31,$7.85B,$3.93B,2.0,$3.44B,$2.24B,65.09%,$3.44B,$0.78B,22.62%,$3.44B,0,0.00%,$3.44B,0,0.00%,$3.44B,$0.97B,28.17%,$3.44B,$0.87B,25.23%,$0.87B,$3.93B,25.49%,$0.87B,$3.77B,26.21%,$0.87B,$41.87B,2.08%,$0.78B,$11.77B,7.08%,$1082,$380,$702,$0,$421,$817,$265,$0,$272,$30,$242,$248,$248,$0,$0,$169,169,$1.47,$1.47,$3826,$0,$0,$37824,$0,$2888,$156,$605,$3649,$41873,$28837,$7848,$1262,$9110,$37947,$2763,$969,$0,$3926,$41873,$843,$68,$0,$68,$0,$0,$0,$0,$-1987,$-861,$-39,$0,$0,$0,$0,$-608,$3,$-644,$0,$0,$1865,$0,$404,$-537,$22,$1754,$250,$0,$0
24,2011-09-30,45.45,$0.00,0.0,$23.81,1.91,$-1.74,0.0,$4.99,9.11,$37.75B,$28.51B,1.32,$8.12B,$3.30B,2.46,$3.33B,$2.22B,66.57%,$3.33B,$0.67B,20.23%,$3.33B,0,0.00%,$3.33B,0,0.00%,$3.33B,$1.10B,32.92%,$3.33B,$0.83B,24.76%,$0.83B,$3.30B,24.79%,$0.83B,$3.23B,25.57%,$0.83B,$41.61B,2.01%,$0.67B,$11.42B,6.37%,$962,$333,$629,$0,$197,$550,$412,$0,$196,$29,$167,$192,$192,$0,$0,$169,169,$1.13,$1.13,$4689,$0,$0,$37746,$0,$2561,$68,$830,$3459,$41608,$28511,$8120,$1681,$9801,$38312,$2788,$507,$0,$3296,$41608,$0,$0,$0,$0,$0,$0,$0,$0,$0,$0,$0,$0,$0,$0,$0,$0,$0,$0,$0,$0,$0,$0,$0,$0,$0,$0,$0,$0,$0
25,2011-06-30,56.19,$0.00,0.0,$22.01,2.55,$-1.74,0.0,$5.12,10.98,$39.00B,$30.20B,1.29,$7.61B,$3.47B,2.19,$3.01B,$2.02B,67.21%,$3.01B,$0.50B,16.69%,$3.01B,0,0.00%,$3.01B,0,0.00%,$3.01B,$1.10B,36.65%,$3.01B,$0.84B,27.93%,$0.84B,$3.47B,26.15%,$0.84B,$3.40B,26.98%,$0.84B,$42.98B,2.12%,$0.50B,$11.09B,5.03%,$901,$298,$603,$0,$396,$708,$193,$0,$221,$30,$191,$191,$191,$0,$0,$169,169,$1.13,$1.13,$5300,$0,$0,$38999,$0,$2578,$76,$894,$3547,$42983,$30196,$7614,$1702,$9317,$39513,$2977,$479,$0,$3471,$42983,$0,$0,$0,$0,$0,$0,$0,$0,$0,$0,$0,$0,$0,$0,$0,$0,$0,$0,$0,$0,$0,$0,$0,$0,$0,$0,$0,$0,$0
26,2011-03-31,53.6,$0.00,0.0,$21.98,2.44,$-1.74,0.0,$4.89,10.96,$36.24B,$28.92B,1.25,$6.78B,$2.93B,2.32,$2.99B,$2.19B,73.27%,$2.99B,$0.77B,25.86%,$2.99B,0,0.00%,$2.99B,0,0.00%,$2.99B,$1.05B,35.24%,$2.99B,$0.80B,26.70%,$0.80B,$2.93B,26.91%,$0.80B,$2.85B,27.80%,$0.80B,$40.24B,2.15%,$0.77B,$9.71B,8.36%,$695,$348,$348,$0,$442,$806,$-111,$0,$268,$26,$242,$242,$242,$0,$0,$168,168,$1.44,$1.44,$5465,$0,$0,$36237,$0,$2564,$75,$937,$3576,$40242,$28920,$6781,$1613,$8394,$37314,$2543,$366,$0,$2928,$40242,$0,$0,$0,$0,$0,$0,$0,$0,$0,$0,$0,$0,$0,$0,$0,$0,$0,$0,$0,$0,$0,$0,$0,$0,$0,$0,$0,$0,$0
27,2010-12-31,53.92,$0.00,0.0,$16.37,3.29,$5.38,10.03,$4.55,11.85,$35.09B,$27.68B,1.27,$6.50B,$3.62B,1.8,$2.68B,$1.99B,74.22%,$2.68B,$0.58B,21.42%,$2.68B,0,0.00%,$2.68B,0,0.00%,$2.68B,$0.99B,36.96%,$2.68B,$0.75B,27.79%,$0.75B,$3.62B,25.88%,$0.75B,$3.43B,26.72%,$0.75B,$39.02B,2.09%,$0.58B,$10.12B,6.49%,$882,$223,$659,$0,$360,$598,$284,$0,$284,$41,$243,$243,$243,$0,$0,$96,96,$1.51,$1.51,$4383,$0,$0,$35085,$0,$2531,$186,$780,$3498,$39021,$27682,$6502,$1220,$7722,$35404,$2474,$511,$0,$3617,$39021,$892,$75,$0,$75,$0,$0,$0,$0,$1038,$-235,$-52,$0,$0,$0,$0,$2,$330,$280,$0,$-114,$-1308,$0,$0,$-616,$1894,$-144,$-99,$0,$0
28,2010-09-30,54.83,$0.00,0.0,$14.97,3.66,$15.46,3.55,$4.45,12.32,$31.73B,$25.70B,1.24,$6.19B,$2.84B,2.18,$2.45B,$1.82B,74.26%,$2.45B,$0.18B,7.27%,$2.45B,0,0.00%,$2.45B,0,0.00%,$2.45B,$0.87B,35.38%,$2.45B,$0.73B,29.78%,$0.73B,$2.84B,27.35%,$0.73B,$2.77B,27.97%,$0.73B,$36.16B,2.11%,$0.18B,$9.02B,2.10%,$854,$245,$608,$0,$270,$545,$308,$0,$324,$38,$285,$149,$149,$0,$0,$164,164,$0.91,$0.91,$3757,$0,$0,$31730,$0,$2183,$63,$1756,$4002,$36162,$25696,$6188,$1442,$7630,$33326,$2388,$441,$0,$2835,$36162,$0,$0,$0,$0,$0,$0,$0,$0,$0,$0,$0,$0,$0,$0,$0,$0,$0,$0,$0,$0,$0,$0,$0,$0,$0,$0,$0,$0,$0
29,2010-06-30,36.42,$0.00,0.0,$14.24,2.56,$15.46,2.36,$3.95,9.21,$28.58B,$23.18B,1.23,$5.63B,$2.47B,2.28,$2.33B,$1.80B,77.05%,$2.33B,$0.27B,11.63%,$2.33B,0,0.00%,$2.33B,0,0.00%,$2.33B,$0.78B,33.42%,$2.33B,$0.65B,27.84%,$0.65B,$2.47B,25.10%,$0.65B,$2.41B,25.70%,$0.65B,$32.58B,1.97%,$0.27B,$8.09B,3.33%,$576,$171,$406,$0,$368,$555,$22,$0,$226,$20,$206,$206,$206,$0,$0,$163,163,$1.26,$1.26,$3114,$0,$0,$28583,$0,$1893,$54,$1665,$3612,$32580,$23178,$5625,$1311,$6937,$30114,$2134,$330,$0,$2465,$32580,$0,$0,$0,$0,$0,$0,$0,$0,$0,$0,$0,$0,$0,$0,$0,$0,$0,$0,$0,$0,$0,$0,$0,$0,$0,$0,$0,$0,$0
30,2010-03-31,35.3,$0.00,0.0,$12.45,2.84,$15.46,2.28,$3.59,9.83,$29.37B,$25.32B,1.16,$5.58B,$2.61B,2.14,$2.03B,$1.52B,74.67%,$2.03B,$0.01B,0.30%,$2.03B,0,0.00%,$2.03B,0,0.00%,$2.03B,$0.72B,35.58%,$2.03B,$0.59B,28.88%,$0.59B,$2.61B,22.50%,$0.59B,$2.55B,23.05%,$0.59B,$35.02B,1.80%,$0.01B,$8.19B,0.09%,$673,$159,$514,$0,$341,$514,$159,$0,$218,$19,$199,$199,$199,$0,$0,$164,164,$1.21,$1.21,$2497,$0,$0,$29373,$0,$25,$59,$5147,$5230,$35020,$25323,$5578,$1506,$7084,$32407,$0,$409,$0,$2613,$35020,$202,$15,$0,$15,$0,$0,$0,$0,$885,$1180,$-13,$0,$0,$0,$0,$0,$-493,$-506,$0,$131,$0,$0,$-286,$-577,$0,$-732,$-58,$0,$0
31,2009-12-31,30.85,$0.00,0.0,$10.97,2.81,$8.34,3.7,$2.95,10.45,$28.73B,$24.40B,1.18,$5.84B,$2.75B,2.12,$1.78B,$1.32B,74.27%,$1.78B,$-0.11B,-6.01%,$1.78B,0,0.00%,$1.78B,0,0.00%,$1.78B,$0.60B,33.54%,$1.78B,$0.48B,26.91%,$0.48B,$2.75B,19.03%,$0.48B,$2.69B,19.50%,$0.48B,$34.48B,1.54%,$-0.11B,$8.59B,-1.64%,$581,$117,$464,$0,$362,$495,$87,$0,$224,$22,$202,$192,$192,$0,$0,$164,164,$1.17,$1.17,$2447,$0,$0,$28731,$0,$2524,$63,$2754,$5341,$34480,$24398,$5838,$1496,$7334,$31730,$2288,$572,$0,$2750,$34480,$517,$72,$0,$72,$0,$0,$0,$0,$397,$1389,$-30,$0,$0,$0,$0,$0,$-790,$-819,$0,$0,$-891,$0,$0,$-435,$520,$-806,$-236,$0,$0
32,2009-09-30,27.19,$0.00,0.0,$8.68,3.13,$3.00,9.06,$2.86,9.51,$25.25B,$21.42B,1.18,$5.18B,$2.51B,2.06,$1.35B,$0.87B,64.30%,$1.35B,$-0.12B,-9.16%,$1.35B,0,0.00%,$1.35B,0,0.00%,$1.35B,$0.43B,31.63%,$1.35B,$0.44B,32.37%,$0.44B,$2.51B,18.68%,$0.44B,$2.45B,19.15%,$0.44B,$30.01B,1.47%,$-0.12B,$7.69B,-1.99%,$618,$184,$434,$0,$494,$706,$-89,$0,$198,$30,$168,$132,$132,$0,$0,$163,163,$0.81,$0.81,$2141,$0,$0,$25248,$0,$2163,$62,$2156,$4381,$30010,$21422,$5177,$900,$6077,$27497,$2122,$365,$0,$2513,$30010,$0,$0,$0,$0,$0,$0,$0,$0,$0,$0,$0,$0,$0,$0,$0,$0,$0,$0,$0,$0,$0,$0,$0,$0,$0,$0,$0,$0,$0
33,2009-06-30,24.35,$0.00,0.0,$11.87,2.05,$6.91,3.52,$3.22,7.57,$25.56B,$21.82B,1.17,$0.00B,$2.54B,0.0,$1.88B,$0.99B,52.65%,$1.88B,$-0.05B,-2.49%,$1.88B,0,0.00%,$1.88B,0,0.00%,$1.88B,$0.48B,25.48%,$1.88B,$0.50B,26.43%,$0.50B,$2.54B,21.74%,$0.50B,$2.48B,22.31%,$0.50B,$30.75B,1.66%,$-0.05B,$2.54B,-0.74%,$459,$75,$384,$0,$255,$345,$114,$0,$139,$13,$126,$126,$126,$0,$0,$164,164,$0.77,$0.77,$2725,$0,$0,$25555,$0,$2118,$64,$2620,$4801,$30753,$21817,$0,$1299,$1299,$28213,$2190,$85,$0,$2540,$30753,$0,$0,$0,$0,$0,$0,$0,$0,$0,$0,$0,$0,$0,$0,$0,$0,$0,$0,$0,$0,$0,$0,$0,$0,$0,$0,$0,$0,$0
34,2009-03-31,19.75,$0.00,0.0,$15.21,1.3,$6.91,2.86,$3.09,6.4,$26.85B,$21.68B,1.24,$4.96B,$2.27B,2.19,$2.45B,$1.30B,52.84%,$2.45B,$0.27B,10.81%,$2.45B,0,0.00%,$2.45B,0,0.00%,$2.45B,$0.46B,18.60%,$2.45B,$0.48B,19.62%,$0.48B,$2.27B,21.55%,$0.48B,$2.21B,22.11%,$0.48B,$29.41B,1.60%,$0.27B,$7.23B,3.45%,$371,$138,$233,$0,$324,$478,$-106,$0,$161,$22,$138,$136,$136,$0,$0,$161,161,$0.85,$0.85,$4523,$0,$0,$26846,$0,$1823,$54,$320,$2198,$29408,$21678,$4960,$504,$5465,$27143,$1991,$39,$0,$2265,$29408,$0,$0,$0,$0,$0,$0,$0,$0,$0,$0,$0,$0,$0,$0,$0,$0,$0,$0,$0,$0,$0,$0,$0,$0,$0,$0,$0,$0,$0
35,2008-12-31,17.01,$0.00,0.0,$19.08,0.89,$7.68,2.22,$3.40,5.01,$26.43B,$20.30B,1.3,$5.40B,$2.06B,2.62,$3.09B,$1.68B,54.50%,$3.09B,$0.55B,17.86%,$3.09B,0,0.00%,$3.09B,0,0.00%,$3.09B,$0.49B,15.95%,$3.09B,$0.53B,17.25%,$0.53B,$2.06B,23.84%,$0.53B,$2.01B,24.48%,$0.53B,$28.82B,1.75%,$0.55B,$7.47B,7.10%,$332,$61,$271,$0,$283,$358,$-26,$0,$99,$14,$85,$85,$85,$0,$0,$160,160,$0.53,$0.53,$4579,$0,$0,$26426,$0,$1721,$55,$287,$2064,$28816,$20302,$5403,$1048,$6451,$26753,$1759,$143,$0,$2063,$28816,$433,$57,$0,$57,$0,$0,$0,$0,$0,$407,$-25,$0,$0,$0,$0,$-626,$-2136,$-2787,$0,$-138,$1186,$0,$28,$-420,$2007,$2662,$166,$0,$0
36,2008-09-30,20.87,$0.00,0.0,$22.94,0.91,$9.64,2.16,$3.76,5.56,$25.71B,$22.01B,1.17,$5.82B,$2.29B,2.54,$3.69B,$2.07B,56.02%,$3.69B,$0.86B,23.33%,$3.69B,0,0.00%,$3.69B,0,0.00%,$3.69B,$0.66B,17.80%,$3.69B,$0.60B,16.29%,$0.60B,$2.29B,26.71%,$0.60B,$2.23B,27.25%,$0.60B,$31.04B,1.96%,$0.86B,$8.11B,11.50%,$191,$209,$-18,$0,$83,$297,$-106,$0,$29,$4,$25,$91,$91,$0,$0,$127,127,$0.72,$0.72,$2469,$0,$0,$25710,$0,$2110,$59,$2795,$4965,$31040,$22013,$5817,$917,$6734,$28747,$0,$352,$0,$2294,$31040,$431,$53,$0,$53,$0,$0,$0,$0,$-121,$665,$-17,$0,$0,$0,$0,$575,$-2611,$-2053,$0,$734,$884,$0,$35,$-529,$631,$1754,$362,$0,$0
37,2008-06-30,23.19,$0.00,0.0,$22.10,1.05,$5.73,4.05,$3.48,6.66,$29.67B,$22.66B,1.31,$5.60B,$2.31B,2.43,$3.46B,$1.92B,55.41%,$3.46B,$0.81B,23.42%,$3.46B,0,0.00%,$3.46B,0,0.00%,$3.46B,$0.61B,17.52%,$3.46B,$0.54B,15.62%,$0.54B,$2.31B,25.19%,$0.54B,$2.25B,25.54%,$0.54B,$31.32B,1.83%,$0.81B,$7.91B,11.89%,$990,$484,$506,$0,$300,$799,$191,$0,$191,$22,$169,$186,$186,$0,$0,$165,165,$1.12,$1.12,$5718,$0,$0,$29667,$0,$635,$58,$579,$1272,$31322,$22657,$5601,$757,$6358,$29015,$1954,$85,$0,$2307,$31322,$0,$0,$0,$0,$0,$0,$0,$0,$0,$0,$0,$0,$0,$0,$0,$0,$0,$0,$0,$0,$0,$0,$0,$0,$0,$0,$0,$0,$0
38,2008-03-31,27.65,$0.00,0.0,$20.56,1.34,$5.73,4.82,$3.45,8.0,$27.04B,$20.99B,1.29,$5.34B,$2.28B,2.34,$3.11B,$1.70B,54.63%,$3.11B,$0.72B,23.01%,$3.11B,0,0.00%,$3.11B,0,0.00%,$3.11B,$0.58B,18.66%,$3.11B,$0.52B,16.73%,$0.52B,$2.28B,26.81%,$0.52B,$2.22B,27.02%,$0.52B,$30.68B,1.84%,$0.72B,$7.62B,11.76%,$938,$403,$536,$0,$316,$733,$206,$0,$137,$18,$119,$119,$119,$0,$0,$166,166,$0.72,$0.72,$3391,$0,$0,$27035,$0,$19,$60,$3169,$3248,$30682,$20989,$5338,$2077,$7415,$28404,$0,$250,$0,$2278,$30682,$120,$27,$0,$27,$0,$0,$0,$0,$0,$136,$-11,$0,$0,$0,$0,$437,$490,$916,$0,$178,$210,$0,$10,$-529,$-1158,$-1288,$-251,$0,$0
39,2007-12-31,22.52,$0.00,0.0,$17.91,1.26,$4.97,4.53,$3.23,6.96,$27.88B,$18.89B,1.48,$4.19B,$2.12B,1.98,$2.60B,$1.33B,51.11%,$2.60B,$0.55B,21.20%,$2.60B,0,0.00%,$2.60B,0,0.00%,$2.60B,$0.54B,20.81%,$2.60B,$0.47B,18.09%,$0.47B,$2.12B,27.63%,$0.47B,$2.12B,27.63%,$0.47B,$29.49B,1.78%,$0.55B,$6.31B,10.52%,$971,$311,$660,$0,$377,$710,$261,$0,$136,$16,$120,$137,$137,$0,$0,$163,163,$0.84,$0.84,$4379,$0,$0,$27881,$0,$15,$0,$1251,$1266,$29488,$18889,$4187,$3490,$7677,$27367,$1632,$489,$0,$2121,$29488,$489,$47,$0,$47,$0,$0,$0,$0,$0,$781,$-47,$0,$0,$0,$0,$-2867,$-1158,$-4073,$0,$-384,$1089,$0,$170,$-326,$1792,$2342,$-1081,$0,$0
40,2007-09-30,23.75,$0.00,0.0,$15.42,1.54,$5.65,4.2,$2.71,8.77,$24.98B,$17.22B,1.45,$3.56B,$1.87B,1.9,$2.23B,$1.23B,55.08%,$2.23B,$0.32B,14.20%,$2.23B,0,0.00%,$2.23B,0,0.00%,$2.23B,$0.44B,19.81%,$2.23B,$0.39B,17.57%,$0.39B,$1.87B,24.99%,$0.39B,$1.87B,24.99%,$0.39B,$26.76B,1.56%,$0.32B,$5.43B,6.53%,$791,$426,$365,$0,$147,$588,$203,$0,$193,$16,$177,$159,$159,$0,$0,$148,148,$1.08,$1.08,$3846,$0,$0,$24979,$0,$61,$0,$1407,$1468,$26759,$17221,$3556,$3284,$6840,$24891,$1549,$320,$0,$1869,$26759,$0,$0,$0,$0,$0,$0,$0,$0,$0,$0,$0,$0,$0,$0,$0,$0,$0,$0,$0,$0,$0,$0,$0,$0,$0,$0,$0,$0,$0
41,2007-06-30,25.58,$0.00,0.0,$13.94,1.84,$5.65,4.52,$2.54,10.07,$24.40B,$16.98B,1.44,$3.49B,$1.49B,2.34,$2.00B,$1.17B,58.60%,$2.00B,$0.32B,15.79%,$2.00B,0,0.00%,$2.00B,0,0.00%,$2.00B,$0.41B,20.65%,$2.00B,$0.36B,18.20%,$0.36B,$1.49B,24.75%,$0.36B,$1.49B,24.75%,$0.36B,$25.95B,1.52%,$0.32B,$4.98B,7.05%,$758,$403,$355,$0,$204,$618,$140,$0,$140,$15,$125,$125,$125,$0,$0,$147,147,$0.85,$0.85,$4792,$0,$0,$24400,$0,$107,$0,$1150,$1257,$25954,$16975,$3488,$3164,$6653,$24464,$1300,$0,$0,$1489,$25954,$0,$0,$0,$0,$0,$0,$0,$0,$0,$0,$0,$0,$0,$0,$0,$0,$0,$0,$0,$0,$0,$0,$0,$0,$0,$0,$0,$0,$0
42,2007-03-31,23.09,$0.00,0.0,$13.19,1.75,$5.65,4.08,$2.55,9.06,$22.07B,$15.90B,1.39,$2.94B,$1.34B,2.19,$1.89B,$1.13B,59.81%,$1.89B,$0.34B,18.09%,$1.89B,0,0.00%,$1.89B,0,0.00%,$1.89B,$0.41B,21.84%,$1.89B,$0.37B,19.30%,$0.37B,$1.34B,25.52%,$0.37B,$1.34B,25.52%,$0.37B,$23.51B,1.61%,$0.34B,$4.28B,8.17%,$588,$270,$318,$0,$196,$477,$111,$0,$111,$12,$99,$99,$99,$0,$0,$143,143,$0.69,$0.69,$4204,$0,$0,$22069,$0,$108,$0,$1056,$1164,$23513,$15901,$2937,$2505,$5442,$22174,$1252,$88,$0,$1339,$23513,$0,$0,$0,$0,$0,$0,$0,$0,$0,$0,$0,$0,$0,$0,$0,$0,$0,$0,$0,$0,$0,$0,$0,$0,$0,$0,$0,$0,$0
43,2006-12-31,22.97,$0.00,0.0,$12.58,1.83,$5.65,4.06,$2.53,9.09,$22.49B,$15.60B,1.44,$3.12B,$1.56B,2.0,$1.81B,$1.11B,61.45%,$1.81B,$0.37B,20.52%,$1.81B,0,0.00%,$1.81B,0,0.00%,$1.81B,$0.41B,22.73%,$1.81B,$0.36B,20.08%,$0.36B,$1.56B,25.71%,$0.36B,$1.56B,25.71%,$0.36B,$23.88B,1.66%,$0.37B,$4.68B,9.01%,$467,$175,$293,$0,$184,$369,$98,$0,$98,$11,$88,$88,$88,$0,$0,$142,142,$0.62,$0.62,$4621,$0,$0,$22491,$0,$119,$0,$982,$1101,$23876,$15603,$3118,$2700,$5818,$22315,$1196,$0,$0,$1562,$23876,$365,$37,$0,$37,$0,$0,$0,$0,$277,$856,$-41,$0,$0,$0,$0,$-1990,$-493,$-2524,$0,$1159,$-736,$0,$0,$-280,$2584,$2728,$1021,$0,$0
