,Date,Stock Price,Book Value per Share,Price to Book Ratio,TTM Sales per Share,Price to Sales Ratio,TTM FCF per Share,Price to FCF Ratio,TTM Net EPS,PE Ratio,Current Assets,Current Liabilities,Current Ratio,Long Term Debt,Shareholder's Equity_x,Debt to Equity Ratio,TTM Revenue_x,TTM Gross Profit,Gross Margin,TTM Revenue_y,TTM Operating Income,Operating Margin,TTM Revenue_x,TTM EBIT,EBIT Margin,TTM Revenue_y,TTM EBITDA,EBITDA Margin,TTM Revenue_x,TTM Pre-Tax Income,Pre-Tax Margin,TTM Revenue_y,TTM Net Income_x,Net Margin,TTM Net Income_y,Shareholder's Equity_y,Return on Equity,TTM Net Income_x,Tangible Equity,Return on Tangible Equity,TTM Net Income_y,Total Assets,Return on Assets,TTM Net Income,LT Investments & Debt,Return on Investment,revenue,cost-goods-sold,gross-profit,research-development-expenses,selling-general-administrative-expenses,operating-expenses,operating-income,total-non-operating-income-expense,pre-tax-income,total-provision-income-taxes,income-after-taxes,income-from-continuous-operations,net-income,ebitda,ebit,basic-shares-outstanding,shares-outstanding,eps-basic-net-earnings-per-share,eps-earnings-per-share-diluted,cash-on-hand,inventory,other-current-assets,total-current-assets,net-property-plant-equipment,long-term-investments,goodwill-intangible-assets-total,other-long-term-assets,total-long-term-assets,total-assets,total-current-liabilities,long-term-debt,other-non-current-liabilities,total-long-term-liabilities,total-liabilities,common-stock-net,retained-earnings-accumulated-deficit,comprehensive-income,total-share-holder-equity,total-liabilities-share-holders-equity,net-income-loss,total-depreciation-amortization-cash-flow,other-non-cash-items,total-non-cash-items,change-in-accounts-receivable,change-in-inventories,change-in-accounts-payable,change-in-assets-liabilities,total-change-in-assets-liabilities,cash-flow-from-operating-activities,net-change-in-property-plant-equipment,net-change-in-intangible-assets,net-acquisitions-divestitures,net-change-in-short-term-investments,net-change-in-long-term-investments,net-change-in-investments-total,investing-activities-other,cash-flow-from-investing-activities,net-long-term-debt,net-current-debt,debt-issuance-retirement-net-total,net-common-equity-issued-repurchased,net-total-equity-issued-repurchased,total-common-preferred-stock-dividends-paid,financial-activities-other,cash-flow-from-financial-activities,net-cash-flow,stock-based-compensation,common-stock-dividends-paid
0,2018-09-30,3.82,$0.48,7.93,0.0,0.0,$-0.80,0.0,$-0.41,0.0,$0.01B,$0.00B,3.33,$0.00B,$0.01B,0.0,$0.00B,0,nan%,$0.00B,$-0.01B,inf%,$0.00B,$-0.01B,inf%,$0.00B,$-0.01B,inf%,$0.00B,$-0.01B,inf%,$0.00B,$-0.01B,inf%,$-0.01B,$0.01B,-96.97%,$-0.01B,$0.01B,-96.97%,$-0.01B,$0.01B,-58.18%,$-0.01B,$0.01B,-96.97%,$0,$0,$0,$2,$1,$3,$-3,$0,$-3,$0,$-3,$-3,$-3,$-3,$-3,$21,21,$-0.15,$-0.15,$11,$0,$0,$13,$1,$0,$0,$1,$1,$14,$4,$0,$0,$0,$4,$0,$-89,$0,$10,$14,$-9,$0,$1,$1,$1,$0,$0,$-1,$-1,$-9,$-0,$0,$0,$-5,$-0,$-5,$0,$-5,$0,$0,$0,$12,$12,$0,$0,$12,$-2,$1,$0
1,2018-06-30,3.9,$0.62,6.26,0.0,0.0,$-0.34,0.0,$-0.39,0.0,$0.02B,$0.01B,2.4,$0.00B,$0.01B,0.0,$0.00B,0,nan%,$0.00B,$-0.01B,inf%,$0.00B,$-0.01B,inf%,$0.00B,$-0.01B,inf%,$0.00B,$-0.01B,inf%,$0.00B,$-0.01B,inf%,$-0.01B,$0.01B,-100.00%,$-0.01B,$0.01B,-100.00%,$-0.01B,$0.02B,-53.85%,$-0.01B,$0.01B,-100.00%,$0,$0,$0,$1,$2,$3,$-3,$-0,$-3,$0,$-3,$-3,$-3,$-3,$-3,$20,20,$-0.16,$-0.16,$17,$0,$0,$20,$1,$0,$0,$1,$1,$21,$8,$0,$0,$0,$8,$0,$-85,$0,$13,$21,$-5,$0,$0,$0,$0,$0,$0,$2,$3,$-2,$-0,$0,$0,$-10,$-0,$-10,$0,$-10,$0,$0,$0,$12,$12,$0,$0,$12,$-0,$0,$0
2,2018-03-31,3.15,$0.20,15.7,0.0,0.0,$-0.40,0.0,$-0.29,0.0,$0.01B,$0.01B,1.41,$0.00B,$0.00B,0.0,$0.00B,0,nan%,$0.00B,$-0.01B,inf%,$0.00B,$-0.01B,inf%,$0.00B,$-0.00B,inf%,$0.00B,$-0.01B,inf%,$0.00B,$-0.01B,inf%,$-0.01B,$0.00B,-90.91%,$-0.01B,$0.00B,-90.91%,$-0.01B,$0.01B,-51.28%,$-0.01B,$0.00B,-90.91%,$0,$0,$0,$1,$1,$2,$-2,$0,$-2,$0,$-2,$-2,$-2,$-2,$-2,$19,19,$-0.12,$-0.12,$6,$0,$0,$8,$0,$0,$0,$1,$2,$9,$6,$0,$0,$0,$6,$0,$-82,$0,$4,$9,$-2,$0,$0,$0,$-0,$0,$0,$0,$-0,$-2,$-0,$0,$0,$3,$-0,$3,$0,$3,$0,$0,$0,$0,$0,$0,$0,$0,$1,$0,$0
3,2017-12-31,3.92,$0.31,12.65,0.0,0.0,$-0.38,0.0,$-0.27,0.0,$0.01B,$0.01B,1.74,$0.00B,$0.01B,0.0,$0.00B,0,nan%,$0.00B,$-0.01B,inf%,$0.00B,$-0.01B,inf%,$0.00B,$-0.00B,inf%,$0.00B,$-0.01B,inf%,$0.00B,$-0.01B,inf%,$-0.01B,$0.01B,-76.92%,$-0.01B,$0.01B,-76.92%,$-0.01B,$0.01B,-51.28%,$-0.01B,$0.01B,-76.92%,$0,$0,$0,$-2,$1,$-0,$0,$0,$0,$0,$0,$0,$0,$1,$0,$19,19,$0.03,$0.03,$8,$0,$0,$10,$0,$0,$0,$1,$2,$11,$6,$0,$0,$0,$6,$0,$-80,$0,$6,$11,$-5,$1,$0,$1,$-3,$0,$0,$4,$2,$-2,$-0,$0,$0,$4,$-0,$4,$0,$4,$0,$0,$0,$0,$0,$0,$0,$0,$2,$0,$0
4,2017-09-30,4.12,$0.28,14.94,0.0,0.0,$-0.56,0.0,$-0.32,0.0,$0.01B,$0.01B,1.78,$0.00B,$0.01B,0.0,$0.00B,0,nan%,$0.00B,$-0.01B,inf%,$0.00B,$-0.01B,inf%,$0.00B,$-0.01B,inf%,$0.00B,$-0.01B,inf%,$0.00B,$-0.01B,inf%,$-0.01B,$0.01B,-80.00%,$-0.01B,$0.01B,-80.00%,$-0.01B,$0.01B,-61.54%,$-0.01B,$0.01B,-80.00%,$0,$0,$0,$1,$1,$2,$-2,$-0,$-2,$0,$-2,$-2,$-2,$-2,$-2,$19,19,$-0.13,$-0.13,$11,$0,$0,$11,$0,$0,$0,$0,$0,$11,$6,$0,$0,$0,$6,$0,$-80,$0,$5,$11,$-5,$0,$0,$0,$0,$0,$0,$5,$5,$1,$-0,$0,$0,$1,$-0,$1,$0,$1,$0,$0,$0,$0,$0,$0,$0,$0,$2,$0,$0
5,2017-06-30,4.15,$0.39,10.67,0.0,0.0,$-0.84,0.0,$-0.28,0.0,$0.01B,$0.00B,10.81,$0.00B,$0.01B,0.0,$0.00B,0,nan%,$0.00B,$-0.01B,inf%,$0.00B,$-0.01B,inf%,$0.00B,$-0.01B,inf%,$0.00B,$-0.01B,inf%,$0.00B,$-0.01B,inf%,$-0.01B,$0.01B,-66.67%,$-0.01B,$0.01B,-66.67%,$-0.01B,$0.01B,-60.00%,$-0.01B,$0.01B,-66.67%,$0,$0,$0,$0,$1,$1,$-1,$0,$-1,$0,$-1,$-1,$-1,$-1,$-1,$19,19,$-0.06,$-0.06,$7,$0,$0,$8,$0,$0,$0,$0,$0,$8,$1,$0,$0,$0,$1,$0,$-78,$0,$7,$8,$-3,$0,$0,$0,$-1,$0,$0,$-0,$-1,$-3,$-0,$0,$0,$9,$0,$9,$0,$8,$0,$0,$0,$0,$0,$0,$0,$0,$5,$0,$0
6,2017-03-31,4.25,$0.44,9.64,0.0,0.0,$-0.90,0.0,$-0.27,0.0,$0.01B,$0.00B,11.06,$0.00B,$0.01B,0.0,$0.00B,0,nan%,$0.00B,$-0.01B,inf%,$0.00B,$-0.01B,inf%,$0.00B,$-0.01B,inf%,$0.00B,$-0.01B,inf%,$0.00B,$-0.01B,inf%,$-0.01B,$0.01B,-58.54%,$-0.01B,$0.01B,-58.54%,$-0.01B,$0.01B,-53.33%,$-0.01B,$0.01B,-58.54%,$0,$0,$0,$1,$1,$2,$-2,$-0,$-2,$0,$-2,$-2,$-2,$-2,$-2,$19,19,$-0.10,$-0.10,$8,$0,$0,$9,$0,$0,$0,$0,$0,$9,$1,$0,$0,$0,$1,$0,$-77,$0,$8,$9,$-2,$0,$0,$0,$0,$0,$0,$0,$0,$-2,$0,$0,$0,$2,$-0,$2,$0,$2,$0,$0,$0,$0,$0,$0,$0,$0,$0,$0,$0
7,2016-12-31,2.54,$0.53,4.79,0.0,0.0,$-0.98,0.0,$-0.27,0.0,$0.01B,$0.00B,12.09,$0.00B,$0.01B,0.0,$0.00B,0,nan%,$0.00B,$-0.01B,inf%,$0.00B,$-0.01B,inf%,$0.00B,$-0.01B,inf%,$0.00B,$-0.01B,inf%,$0.00B,$-0.01B,inf%,$-0.01B,$0.01B,-52.17%,$-0.01B,$0.01B,-52.17%,$-0.01B,$0.01B,-48.00%,$-0.01B,$0.01B,-52.17%,$0,$0,$0,$0,$0,$1,$-1,$0,$-1,$0,$-1,$-1,$-1,$-1,$-1,$19,19,$-0.03,$-0.03,$10,$0,$0,$10,$0,$0,$0,$0,$0,$11,$1,$0,$0,$0,$1,$0,$-75,$0,$10,$11,$-5,$1,$0,$1,$0,$0,$0,$-1,$-2,$-6,$-0,$0,$0,$6,$-0,$6,$0,$6,$0,$0,$0,$0,$0,$0,$0,$0,$0,$0,$0
8,2016-09-30,2.41,$0.56,4.28,0.0,0.0,$-1.06,0.0,$-0.31,0.0,$0.01B,$0.00B,9.53,$0.00B,$0.01B,0.0,$0.00B,0,nan%,$0.00B,$-0.01B,inf%,$0.00B,$-0.01B,inf%,$0.00B,$-0.01B,inf%,$0.00B,$-0.01B,inf%,$0.00B,$-0.01B,inf%,$-0.01B,$0.01B,-48.00%,$-0.01B,$0.01B,-48.00%,$-0.01B,$0.01B,-42.86%,$-0.01B,$0.01B,-48.00%,$0,$0,$0,$1,$1,$2,$-2,$0,$-2,$0,$-2,$-2,$-2,$-1,$-2,$19,19,$-0.09,$-0.09,$11,$0,$0,$11,$0,$0,$0,$0,$0,$12,$1,$0,$0,$0,$1,$0,$-74,$0,$11,$12,$-4,$1,$0,$1,$1,$0,$0,$-1,$-1,$-5,$-0,$0,$0,$5,$-0,$5,$0,$5,$0,$0,$0,$0,$0,$0,$0,$0,$1,$0,$0
9,2016-06-30,2.41,$0.64,3.79,0.0,0.0,$-1.14,0.0,$-0.36,0.0,$0.01B,$0.00B,10.0,$0.00B,$0.01B,0.0,$0.00B,0,nan%,$0.00B,$-0.01B,inf%,$0.00B,$-0.01B,inf%,$0.00B,$-0.01B,inf%,$0.00B,$-0.01B,inf%,$0.00B,$-0.01B,inf%,$-0.01B,$0.01B,-50.91%,$-0.01B,$0.01B,-50.91%,$-0.01B,$0.01B,-45.16%,$-0.01B,$0.01B,-50.91%,$0,$0,$0,$0,$1,$1,$-1,$0,$-1,$0,$-1,$-1,$-1,$-1,$-1,$19,19,$-0.05,$-0.05,$11,$0,$0,$13,$0,$0,$0,$0,$0,$13,$1,$0,$0,$0,$1,$0,$-73,$0,$12,$13,$-3,$1,$0,$1,$-0,$0,$0,$-1,$-2,$-4,$-0,$0,$0,$5,$-0,$5,$0,$5,$0,$0,$0,$0,$0,$0,$0,$0,$1,$0,$0
10,2016-03-31,2.67,$0.67,3.96,0.0,0.0,$-1.09,0.0,$-0.43,0.0,$0.01B,$0.00B,10.88,$0.00B,$0.01B,0.0,$0.00B,0,nan%,$0.00B,$-0.01B,inf%,$0.00B,$-0.01B,inf%,$0.00B,$-0.01B,inf%,$0.00B,$-0.01B,inf%,$0.00B,$-0.01B,inf%,$-0.01B,$0.01B,-52.46%,$-0.01B,$0.01B,-52.46%,$-0.01B,$0.01B,-46.38%,$-0.01B,$0.01B,-52.46%,$0,$0,$0,$1,$1,$2,$-2,$0,$-2,$0,$-2,$-2,$-2,$-2,$-2,$19,19,$-0.10,$-0.10,$13,$0,$0,$14,$0,$0,$0,$0,$0,$14,$1,$0,$0,$0,$1,$0,$-72,$0,$13,$14,$-2,$0,$0,$0,$0,$0,$0,$-1,$-1,$-3,$-0,$0,$0,$5,$-0,$5,$0,$5,$0,$0,$0,$0,$0,$0,$0,$0,$2,$0,$0
11,2015-12-31,2.86,$0.76,3.77,0.0,0.0,$-1.04,0.0,$-0.45,0.0,$0.02B,$0.00B,5.69,$0.00B,$0.01B,0.0,$0.00B,0,nan%,$0.00B,$-0.01B,inf%,$0.00B,$-0.01B,inf%,$0.00B,$-0.01B,inf%,$0.00B,$-0.01B,inf%,$0.00B,$-0.01B,inf%,$-0.01B,$0.01B,-47.06%,$-0.01B,$0.01B,-47.06%,$-0.01B,$0.02B,-41.56%,$-0.01B,$0.01B,-47.06%,$0,$0,$0,$1,$1,$1,$-1,$0,$-1,$0,$-1,$-1,$-1,$-2,$-1,$18,18,$-0.08,$-0.08,$16,$0,$0,$17,$0,$0,$0,$0,$0,$17,$3,$0,$0,$0,$3,$0,$-70,$0,$14,$17,$-8,$1,$0,$1,$0,$0,$0,$-0,$0,$-7,$-0,$0,$0,$-11,$-0,$-11,$0,$-11,$0,$0,$0,$15,$15,$0,$0,$15,$-4,$0,$0
12,2015-09-30,2.29,$0.84,2.73,0.0,0.0,$-0.97,0.0,$-0.56,0.0,$0.02B,$0.00B,6.38,$0.00B,$0.02B,0.0,$0.00B,0,nan%,$0.00B,$-0.01B,inf%,$0.00B,$-0.01B,inf%,$0.00B,$-0.01B,inf%,$0.00B,$-0.01B,inf%,$0.00B,$-0.01B,inf%,$-0.01B,$0.02B,-65.57%,$-0.01B,$0.02B,-65.57%,$-0.01B,$0.02B,-57.14%,$-0.01B,$0.02B,-59.02%,$0,$0,$0,$2,$1,$3,$-3,$-0,$-3,$0,$-3,$-3,$-3,$-2,$-3,$18,18,$-0.14,$-0.14,$17,$0,$0,$18,$0,$0,$0,$0,$0,$18,$3,$0,$0,$0,$3,$0,$-69,$0,$16,$18,$-7,$1,$0,$1,$0,$0,$0,$-1,$-0,$-6,$-0,$0,$0,$-12,$-0,$-12,$0,$-12,$0,$0,$0,$15,$15,$0,$0,$15,$-4,$0,$0
13,2015-06-30,3.61,$0.97,3.74,0.0,0.0,$-0.81,0.0,$-0.58,0.0,$0.02B,$0.00B,7.94,$0.00B,$0.02B,0.0,$0.00B,0,nan%,$0.00B,$-0.01B,inf%,$0.00B,$-0.01B,inf%,$0.00B,$-0.01B,inf%,$0.00B,$-0.01B,inf%,$0.00B,$-0.01B,inf%,$-0.01B,$0.02B,-66.67%,$-0.01B,$0.02B,-66.67%,$-0.01B,$0.02B,-57.14%,$-0.01B,$0.02B,-59.26%,$0,$0,$0,$1,$1,$2,$-2,$0,$-2,$0,$-2,$-2,$-2,$-2,$-2,$18,18,$-0.12,$-0.12,$20,$0,$0,$20,$0,$0,$0,$0,$0,$20,$3,$0,$0,$0,$3,$0,$-66,$0,$18,$20,$-5,$1,$0,$1,$1,$0,$0,$-1,$0,$-4,$-0,$0,$0,$-14,$0,$-14,$0,$-14,$0,$0,$0,$15,$15,$0,$0,$15,$-3,$0,$0
14,2015-03-31,4.45,$1.07,4.16,0.0,0.0,$-0.73,0.0,$-0.62,0.0,$0.02B,$0.00B,8.1,$0.00B,$0.02B,0.0,$0.00B,0,nan%,$0.00B,$-0.01B,inf%,$0.00B,$-0.01B,inf%,$0.00B,$-0.01B,inf%,$0.00B,$-0.01B,inf%,$0.00B,$-0.01B,inf%,$-0.01B,$0.02B,-76.60%,$-0.01B,$0.02B,-76.60%,$-0.01B,$0.02B,-64.29%,$-0.01B,$0.02B,-59.57%,$0,$0,$0,$1,$1,$2,$-2,$-0,$-2,$0,$-2,$-2,$-2,$-2,$-2,$18,18,$-0.12,$-0.12,$21,$0,$0,$22,$0,$0,$0,$0,$0,$22,$3,$0,$0,$0,$3,$0,$-64,$0,$20,$22,$-2,$0,$0,$0,$0,$0,$0,$-1,$-0,$-2,$0,$0,$0,$-14,$0,$-14,$0,$-14,$0,$0,$0,$15,$15,$0,$0,$15,$-1,$0,$0
15,2014-12-31,4.76,$0.44,10.9,0.0,0.0,$-0.67,0.0,$-0.68,0.0,$0.01B,$0.00B,3.08,$0.00B,$0.01B,0.0,$0.00B,0,nan%,$0.00B,$-0.01B,inf%,$0.00B,$-0.01B,inf%,$0.00B,$-0.01B,inf%,$0.00B,$-0.01B,inf%,$0.00B,$-0.01B,inf%,$-0.01B,$0.01B,-128.57%,$-0.01B,$0.01B,-128.57%,$-0.01B,$0.01B,-94.74%,$-0.01B,$0.01B,-100.00%,$0,$0,$0,$2,$1,$2,$-2,$-1,$-3,$0,$-3,$-3,$-3,$-1,$-2,$14,14,$-0.18,$-0.18,$9,$0,$0,$10,$0,$0,$0,$0,$0,$10,$3,$0,$0,$0,$3,$0,$-62,$0,$7,$10,$-9,$1,$2,$3,$-0,$0,$0,$1,$2,$-4,$-0,$0,$0,$-4,$0,$-4,$0,$-4,$0,$0,$0,$10,$10,$0,$-1,$10,$1,$0,$0
16,2014-09-30,4.11,$0.58,7.03,0.0,0.0,$-0.72,0.0,$-0.60,0.0,$0.01B,$0.00B,4.64,$0.00B,$0.01B,0.0,$0.00B,0,nan%,$0.00B,$-0.01B,inf%,$0.00B,$-0.01B,inf%,$0.00B,$-0.01B,inf%,$0.00B,$-0.01B,inf%,$0.00B,$-0.01B,inf%,$-0.01B,$0.01B,-116.67%,$-0.01B,$0.01B,-116.67%,$-0.01B,$0.01B,-84.85%,$-0.01B,$0.01B,-100.00%,$0,$0,$0,$2,$1,$2,$-2,$0,$-2,$0,$-2,$-2,$-2,$-2,$-2,$15,15,$-0.16,$-0.16,$11,$0,$0,$11,$0,$0,$0,$0,$0,$11,$2,$0,$0,$0,$2,$0,$-59,$0,$9,$11,$-7,$1,$2,$3,$0,$0,$0,$1,$1,$-2,$-0,$0,$0,$-2,$0,$-2,$0,$-2,$0,$0,$0,$10,$10,$0,$-1,$10,$5,$0,$0
17,2014-06-30,5.4,$0.70,7.66,0.0,0.0,$-0.78,0.0,$-0.54,0.0,$0.01B,$0.00B,6.85,$0.00B,$0.01B,0.0,$0.00B,0,nan%,$0.00B,$-0.01B,inf%,$0.00B,$-0.01B,inf%,$0.00B,$-0.01B,inf%,$0.00B,$-0.01B,inf%,$0.00B,$-0.01B,inf%,$-0.01B,$0.01B,-120.00%,$-0.01B,$0.01B,-120.00%,$-0.01B,$0.01B,-85.71%,$-0.01B,$0.01B,-100.00%,$0,$0,$0,$1,$0,$1,$-1,$-1,$-2,$0,$-2,$-2,$-2,$-1,$-1,$12,12,$-0.16,$-0.16,$11,$0,$0,$12,$0,$0,$0,$0,$0,$13,$2,$0,$0,$0,$2,$0,$-57,$0,$11,$13,$-4,$0,$2,$2,$0,$0,$0,$1,$1,$-1,$-0,$0,$0,$0,$0,$0,$0,$-0,$0,$0,$0,$10,$10,$0,$-1,$9,$8,$0,$0
18,2014-03-31,4.2,$0.07,57.62,0.0,0.0,$-0.84,0.0,$-0.38,0.0,$0.00B,$0.00B,2.4,$0.00B,$0.00B,0.0,$0.00B,0,nan%,$0.00B,$-0.01B,inf%,$0.00B,$-0.01B,inf%,$0.00B,$-0.01B,inf%,$0.00B,$-0.01B,inf%,$0.00B,$-0.01B,inf%,$-0.01B,$0.00B,-218.18%,$-0.01B,$0.00B,-218.18%,$-0.01B,$0.00B,-126.32%,$-0.01B,$0.00B,-218.18%,$0,$0,$0,$1,$0,$2,$-2,$0,$-2,$0,$-2,$-2,$-2,$-2,$-2,$12,12,$-0.18,$-0.18,$3,$0,$0,$4,$0,$0,$0,$0,$0,$4,$2,$0,$2,$2,$3,$0,$-55,$0,$1,$4,$-2,$0,$1,$1,$0,$0,$0,$0,$0,$-0,$-0,$0,$0,$0,$0,$0,$0,$-0,$0,$0,$0,$0,$0,$0,$0,$0,$-0,$0,$0
19,2013-12-31,2.7,$0.23,11.58,0.0,0.0,$-0.87,0.0,$-0.20,0.0,$0.00B,$0.00B,3.34,$0.00B,$0.00B,0.0,$0.00B,0,nan%,$0.00B,$-0.01B,inf%,$0.00B,$-0.01B,inf%,$0.00B,$-0.01B,inf%,$0.00B,$-0.01B,inf%,$0.00B,$-0.01B,inf%,$-0.01B,$0.00B,-153.85%,$-0.01B,$0.00B,-153.85%,$-0.01B,$0.01B,-100.00%,$-0.01B,$0.00B,-153.85%,$0,$0,$0,$1,$1,$1,$-1,$0,$-1,$0,$-1,$-1,$-1,$-2,$-1,$11,11,$-0.06,$-0.06,$4,$0,$0,$4,$0,$0,$0,$0,$0,$5,$1,$0,$1,$1,$2,$0,$-52,$0,$3,$5,$-5,$0,$1,$1,$-0,$0,$0,$-0,$0,$-4,$-0,$0,$0,$3,$-0,$3,$0,$3,$0,$0,$0,$4,$4,$0,$0,$4,$2,$1,$0
20,2013-09-30,2.85,$0.39,7.39,0.0,0.0,$-0.81,0.0,$-0.10,0.0,$0.01B,$0.00B,4.09,$0.00B,$0.01B,0.0,$0.00B,0,nan%,$0.00B,$-0.01B,inf%,$0.00B,$-0.01B,inf%,$0.00B,$-0.00B,inf%,$0.00B,$-0.01B,inf%,$0.00B,$-0.01B,inf%,$-0.01B,$0.01B,-142.86%,$-0.01B,$0.01B,-142.86%,$-0.01B,$0.01B,-100.00%,$-0.01B,$0.01B,-142.86%,$0,$0,$0,$1,$0,$1,$-1,$0,$-1,$0,$-1,$-1,$-1,$-1,$-1,$11,11,$-0.10,$-0.10,$5,$0,$0,$6,$0,$0,$0,$0,$1,$6,$1,$0,$0,$0,$2,$0,$-51,$0,$5,$6,$-4,$1,$0,$1,$0,$0,$0,$0,$1,$-2,$-0,$0,$0,$-2,$-0,$-2,$0,$-2,$0,$0,$0,$4,$4,$0,$0,$4,$-1,$0,$0
21,2013-06-30,3.15,$0.23,13.63,0.0,0.0,$-0.81,0.0,0,0.0,$0.00B,$0.00B,2.74,$0.00B,$0.00B,0.0,$0.00B,0,nan%,$0.00B,$-0.01B,inf%,$0.00B,$-0.01B,inf%,$0.00B,$-0.00B,inf%,$0.00B,$-0.01B,inf%,$0.00B,$-0.01B,inf%,$-0.01B,$0.00B,-153.85%,$-0.01B,$0.00B,-153.85%,$-0.01B,$0.00B,-100.00%,$-0.01B,$0.00B,-153.85%,$0,$0,$0,$1,$1,$2,$-2,$0,$-2,$0,$-2,$-2,$-2,$-1,$-2,$10,10,$-0.15,$-0.15,$3,$0,$0,$3,$0,$0,$0,$0,$1,$4,$1,$0,$0,$0,$1,$0,$-50,$0,$2,$4,$-3,$1,$0,$1,$0,$0,$0,$0,$0,$-2,$-0,$0,$0,$1,$-0,$1,$0,$1,$0,$0,$0,$0,$0,$0,$0,$0,$-1,$0,$0
22,2013-03-31,3.75,$0.34,10.91,0.0,0.0,$-0.78,0.0,0,0.0,$0.00B,$0.00B,4.05,$0.00B,$0.00B,0.0,$0.00B,0,nan%,$0.00B,$-0.00B,inf%,$0.00B,$-0.00B,inf%,$0.00B,$-0.00B,inf%,$0.00B,$-0.00B,inf%,$0.00B,$-0.00B,inf%,$-0.00B,$0.00B,-145.45%,$-0.00B,$0.00B,-145.45%,$-0.00B,$0.01B,-88.89%,$-0.00B,$0.00B,-145.45%,$0,$0,$0,$1,$1,$1,$-1,$0,$-1,$0,$-1,$-1,$-1,$-1,$-1,$10,10,$-0.15,$-0.15,$4,$0,$0,$4,$0,$0,$0,$0,$0,$5,$1,$0,$0,$0,$1,$0,$-49,$0,$3,$5,$-1,$0,$0,$0,$0,$0,$0,$-0,$0,$-1,$-0,$0,$0,$1,$-0,$1,$0,$1,$0,$0,$0,$0,$0,$0,$0,$0,$1,$0,$0
23,2012-12-31,3.3,$0.40,8.3,0.0,0.0,$-0.81,0.0,0,0.0,$0.01B,$0.00B,4.22,$0.00B,$0.00B,0.0,$0.00B,0,nan%,$0.00B,$-0.00B,inf%,$0.00B,$-0.00B,inf%,$0.00B,$-0.00B,inf%,$0.00B,$-0.00B,inf%,$0.00B,$-0.00B,inf%,$-0.00B,$0.00B,-177.78%,$-0.00B,$0.00B,-177.78%,$-0.00B,$0.01B,-106.67%,$-0.00B,$0.00B,-177.78%,$0,$0,$0,$0,$0,$1,$-1,$0,$-1,$0,$-1,$-1,$-1,$-1,$-1,$9,9,$0.15,$0.15,$4,$0,$0,$5,$0,$0,$0,$0,$0,$5,$1,$0,$0,$0,$1,$0,$-48,$0,$4,$5,$-3,$0,$1,$1,$-0,$0,$0,$0,$-0,$-3,$-0,$0,$0,$-3,$0,$-3,$0,$-3,$0,$0,$0,$5,$5,$0,$0,$5,$-1,$1,$0
24,2012-09-30,3.45,$0.45,7.75,0.0,0.0,$-0.76,0.0,0,0.0,$0.01B,$0.00B,4.81,$0.00B,$0.00B,0.0,$0.00B,0,nan%,$0.00B,$-0.00B,inf%,$0.00B,$-0.00B,inf%,$0.00B,$-0.00B,inf%,$0.00B,$-0.00B,inf%,$0.00B,$-0.00B,inf%,$-0.00B,$0.00B,-266.67%,$-0.00B,$0.00B,-266.67%,$-0.00B,$0.01B,-123.08%,$-0.00B,$0.00B,-266.67%,$0,$0,$0,$1,$0,$1,$-1,$0,$-1,$0,$-1,$-1,$-1,$-1,$-1,$10,10,$-0.15,$-0.15,$5,$0,$0,$5,$0,$0,$0,$0,$0,$6,$1,$0,$0,$0,$1,$0,$-47,$0,$4,$6,$-3,$1,$0,$1,$-0,$0,$0,$-0,$0,$-2,$-0,$0,$0,$0,$0,$0,$0,$-0,$0,$0,$0,$5,$5,$0,$0,$5,$3,$0,$0
25,2012-06-30,4.2,$0.03,142.38,0.0,0.0,$-0.74,0.0,0,0.0,$0.00B,$0.00B,0.97,$0.00B,$0.00B,0.0,$0.00B,0,nan%,$0.00B,$-0.00B,inf%,$0.00B,$-0.00B,inf%,$0.00B,$-0.00B,inf%,$0.00B,$-0.00B,inf%,$0.00B,$-0.00B,inf%,$-0.00B,$0.00B,-400.00%,$-0.00B,$0.00B,-400.00%,$-0.00B,$0.00B,-160.00%,$-0.00B,$0.00B,-400.00%,$0,$0,$0,$0,$0,$1,$-1,$0,$-1,$0,$-1,$-1,$-1,$-1,$-1,$9,9,$-0.15,$-0.15,$1,$0,$0,$1,$0,$0,$0,$0,$0,$2,$1,$0,$0,$0,$2,$0,$-46,$0,$0,$2,$-2,$0,$0,$0,$-0,$0,$0,$0,$0,$-1,$-0,$0,$0,$0,$0,$0,$0,$-0,$0,$0,$0,$0,$0,$0,$0,$0,$-1,$0,$0
26,2012-03-31,3.3,$0.10,34.16,0.0,0.0,$-0.70,0.0,0,0.0,$0.00B,$0.00B,1.38,$0.00B,$0.00B,0.0,$0.00B,0,nan%,$0.00B,$-0.00B,inf%,$0.00B,$-0.00B,inf%,$0.00B,$-0.00B,inf%,$0.00B,$-0.00B,inf%,$0.00B,$-0.00B,inf%,$-0.00B,$0.00B,-266.67%,$-0.00B,$0.00B,-266.67%,$-0.00B,$0.00B,-133.33%,$-0.00B,$0.00B,-266.67%,$0,$0,$0,$0,$1,$1,$-1,$0,$-1,$0,$-1,$-1,$-1,$-1,$-1,$8,8,$-0.15,$-0.15,$1,$0,$0,$2,$0,$0,$0,$0,$0,$2,$1,$0,$0,$0,$1,$0,$-45,$0,$1,$2,$-1,$0,$0,$0,$-0,$0,$0,$0,$-0,$-1,$-0,$0,$0,$0,$0,$0,$0,$-0,$0,$0,$0,$0,$0,$0,$0,$0,$-1,$0,$0
27,2011-12-31,3.15,$0.18,17.86,0.0,0.0,$-0.62,0.0,0,0.0,$0.00B,$0.00B,2.03,$0.00B,$0.00B,0.0,$0.00B,0,nan%,$0.00B,$-0.00B,inf%,$0.00B,$-0.00B,inf%,$0.00B,$-0.00B,inf%,$0.00B,$-0.00B,inf%,$0.00B,$-0.00B,inf%,$-0.00B,$0.00B,-200.00%,$-0.00B,$0.00B,-200.00%,$-0.00B,$0.00B,-114.29%,$-0.00B,$0.00B,-200.00%,$0,$0,$0,$1,$1,$1,$-1,$0,$-1,$0,$-1,$-1,$-1,$-1,$-1,$8,8,$0.00,$0.00,$2,$0,$0,$2,$0,$0,$0,$0,$0,$3,$1,$0,$0,$0,$1,$0,$-44,$0,$1,$3,$-4,$0,$2,$2,$0,$0,$0,$-0,$-0,$-2,$-0,$0,$0,$0,$-0,$-0,$0,$-0,$0,$0,$0,$4,$4,$0,$0,$4,$2,$2,$0
28,2011-09-30,4.8,$0.28,17.22,0.0,0.0,$-0.69,0.0,0,0.0,$0.00B,$0.00B,3.46,$0.00B,$0.00B,0.0,$0.00B,0,nan%,$0.00B,$-0.00B,inf%,$0.00B,$-0.00B,inf%,$0.00B,$-0.00B,inf%,$0.00B,$-0.00B,inf%,$0.00B,$-0.00B,inf%,$-0.00B,$0.00B,-171.43%,$-0.00B,$0.00B,-171.43%,$-0.00B,$0.00B,-100.00%,$-0.00B,$0.00B,-171.43%,$0,$0,$0,$0,$1,$1,$-1,$0,$-1,$0,$-1,$-1,$-1,$-1,$-1,$8,8,$-0.15,$-0.15,$2,$0,$0,$3,$0,$0,$0,$0,$0,$3,$1,$0,$0,$0,$1,$0,$-43,$0,$2,$3,$-2,$0,$1,$1,$0,$0,$0,$-0,$-0,$-2,$-0,$0,$0,$0,$-0,$-0,$0,$-0,$0,$0,$0,$4,$4,$0,$0,$4,$2,$1,$0
29,2011-06-30,7.35,$0.27,26.75,0.0,0.0,$-0.72,0.0,0,0.0,$0.00B,$0.00B,2.46,$0.00B,$0.00B,0.0,$0.00B,0,nan%,$0.00B,$-0.00B,inf%,$0.00B,$-0.00B,inf%,$0.00B,$-0.00B,inf%,$0.00B,$-0.00B,inf%,$0.00B,$-0.00B,inf%,$-0.00B,$0.00B,-300.00%,$-0.00B,$0.00B,-300.00%,$-0.00B,$0.00B,-120.00%,$-0.00B,$0.00B,-300.00%,$0,$0,$0,$1,$1,$1,$-1,$0,$-1,$0,$-1,$-1,$-1,$-1,$-1,$8,8,$-0.15,$-0.15,$3,$0,$0,$3,$0,$0,$0,$0,$0,$4,$1,$0,$0,$0,$1,$0,$-42,$0,$2,$4,$-2,$0,$1,$1,$0,$0,$0,$-0,$0,$-1,$-0,$0,$0,$0,$-0,$-0,$0,$-0,$0,$0,$0,$4,$4,$0,$0,$4,$3,$1,$0
30,2011-03-31,4.5,$0.33,13.63,0.0,0.0,$-0.80,0.0,0,0.0,$0.00B,$0.00B,2.41,$0.00B,$0.00B,0.0,$0.00B,0,nan%,$0.00B,$-0.00B,inf%,$0.00B,$-0.00B,inf%,$0.00B,$-0.00B,inf%,$0.00B,$-0.00B,inf%,$0.00B,$-0.00B,inf%,$-0.00B,$0.00B,-600.00%,$-0.00B,$0.00B,-600.00%,$-0.00B,$0.00B,-171.43%,$-0.00B,$0.00B,-600.00%,$0,$0,$0,$0,$0,$1,$-1,$0,$-1,$0,$-1,$-1,$-1,$-1,$-1,$7,7,$-0.15,$-0.15,$4,$0,$0,$4,$0,$0,$0,$0,$1,$4,$2,$0,$0,$0,$2,$0,$-41,$0,$3,$4,$-1,$0,$-0,$0,$0,$0,$0,$0,$1,$-0,$-0,$0,$0,$0,$0,$0,$0,$-0,$0,$0,$0,$4,$4,$0,$0,$4,$4,$0,$0
31,2010-12-31,2.85,$-0.07,-39.69,0.0,0.0,$-0.90,0.0,0,0.0,$0.00B,$0.00B,0.41,$0.00B,$0.00B,0.0,$0.00B,0,nan%,$0.00B,$-0.00B,inf%,$0.00B,$-0.00B,inf%,$0.00B,$-0.00B,inf%,$0.00B,$-0.00B,inf%,$0.00B,$-0.00B,inf%,$-0.00B,$0.00B,1200.00%,$-0.00B,$0.00B,1200.00%,$-0.00B,$0.00B,-240.00%,$-0.00B,$0.00B,1200.00%,$0,$0,$0,$0,$1,$0,$-0,$0,$-0,$-0,$-0,$-0,$-0,$-0,$-0,$6,6,$0.00,$0.00,$0,$0,$0,$1,$0,$0,$0,$0,$1,$1,$1,$0,$0,$0,$2,$0,$-40,$0,$-0,$1,$-2,$0,$0,$1,$-0,$0,$0,$0,$-0,$-2,$-0,$0,$0,$0,$0,$0,$0,$0,$-0,$0,$-0,$2,$2,$0,$0,$2,$0,$0,$0
32,2010-09-30,3.3,$-0.10,-32.61,0.0,0.0,$-0.73,0.0,0,0.0,$0.00B,$0.00B,0.46,$0.00B,$-0.00B,0.0,$0.00B,0,nan%,$0.00B,$-0.00B,inf%,$0.00B,$-0.00B,inf%,$0.00B,$-0.00B,inf%,$0.00B,$-0.00B,inf%,$0.00B,$-0.00B,inf%,$-0.00B,$-0.00B,400.00%,$-0.00B,$-0.00B,400.00%,$-0.00B,$0.00B,-240.00%,$-0.00B,$-0.00B,400.00%,$0,$0,$0,$0,$0,$1,$-1,$0,$-1,$0,$-1,$-1,$-1,$-1,$-1,$6,6,$-0.15,$-0.15,$1,$0,$0,$1,$0,$0,$0,$0,$1,$1,$2,$0,$0,$0,$2,$0,$-40,$0,$-1,$1,$-2,$0,$0,$1,$-0,$0,$0,$-0,$-0,$-2,$-0,$0,$0,$0,$0,$0,$0,$-0,$-0,$0,$-0,$2,$2,$0,$0,$2,$1,$0,$0
33,2010-06-30,3.0,$-0.08,-38.86,0.0,0.0,$-0.59,0.0,0,0.0,$0.00B,$0.00B,0.5,$0.00B,$0.00B,0.0,$0.00B,0,nan%,$0.00B,$-0.00B,inf%,$0.00B,$-0.00B,inf%,$0.00B,$-0.00B,inf%,$0.00B,$-0.00B,inf%,$0.00B,$-0.00B,inf%,$-0.00B,$0.00B,240.00%,$-0.00B,$0.00B,240.00%,$-0.00B,$0.00B,-240.00%,$-0.00B,$0.00B,240.00%,$0,$0,$0,$0,$0,$1,$-1,$0,$-1,$0,$-1,$-1,$-1,$-1,$-1,$6,6,$-0.15,$-0.15,$1,$0,$0,$1,$0,$0,$0,$0,$1,$1,$2,$0,$0,$0,$2,$0,$-39,$0,$-0,$1,$-1,$0,$0,$0,$0,$0,$0,$-0,$-0,$-1,$0,$0,$0,$0,$0,$0,$0,$0,$-0,$0,$-0,$2,$2,$0,$0,$2,$1,$0,$0
34,2010-03-31,5.1,$0.00,10200.6,0.0,0.0,$-0.46,0.0,0,0.0,$0.00B,$0.00B,0.73,$0.00B,$0.00B,0.0,$0.00B,0,nan%,$0.00B,$-0.00B,inf%,$0.00B,$-0.00B,inf%,$0.00B,$-0.00B,inf%,$0.00B,$-0.00B,inf%,$0.00B,$-0.00B,inf%,$-0.00B,$0.00B,171.43%,$-0.00B,$0.00B,171.43%,$-0.00B,$0.00B,-240.00%,$-0.00B,$0.00B,171.43%,$0,$0,$0,$0,$0,$1,$-1,$0,$-1,$0,$-1,$-1,$-1,$-1,$-1,$5,5,$-0.15,$-0.15,$1,$0,$0,$1,$1,$0,$0,$0,$1,$2,$2,$0,$0,$0,$2,$0,$-38,$0,$0,$2,$-1,$0,$0,$0,$-0,$0,$0,$-0,$-0,$-1,$-0,$0,$0,$0,$0,$0,$0,$-0,$-0,$0,$-0,$2,$2,$0,$0,$2,$1,$0,$0
35,2009-12-31,3.9,$-0.34,-11.39,0.0,0.0,$-0.39,0.0,0,0.0,$0.00B,$0.00B,0.04,$0.00B,$-0.00B,0.0,$0.00B,0,nan%,$0.00B,$-0.00B,inf%,$0.00B,$-0.00B,inf%,$0.00B,0,nan%,$0.00B,$-0.00B,inf%,$0.00B,$-0.00B,inf%,$-0.00B,$-0.00B,133.33%,$-0.00B,$-0.00B,133.33%,$-0.00B,$0.00B,-300.00%,$-0.00B,$-0.00B,133.33%,$0,$0,$0,$-1,$1,$0,$-0,$0,$-0,$0,$-0,$-0,$-0,$0,$-0,$4,4,$0.00,$0.00,$0,$0,$0,$0,$1,$0,$0,$0,$1,$1,$2,$0,$0,$0,$3,$0,$-38,$0,$-2,$1,$-2,$1,$1,$1,$-0,$0,$0,$0,$-0,$-1,$0,$0,$0,$0,$0,$0,$0,$0,$-0,$0,$-0,$1,$1,$0,$0,$1,$-0,$1,$0
36,2009-09-30,4.5,$-0.64,-7.07,0.0,0.0,$-0.78,0.0,0,0.0,$0.00B,$0.00B,0.03,$0.00B,$-0.00B,0.0,$0.00B,0,nan%,$0.00B,$-0.00B,inf%,$0.00B,$-0.00B,inf%,$0.00B,0,nan%,$0.00B,$-0.00B,inf%,$0.00B,$-0.00B,inf%,$-0.00B,$-0.00B,177.78%,$-0.00B,$-0.00B,177.78%,$-0.00B,$0.00B,-400.00%,$-0.00B,$-0.00B,177.78%,$0,$0,$0,$0,$0,$1,$-1,$0,$-1,$0,$-1,$-1,$-1,$-0,$-1,$4,4,$-0.15,$-0.15,$0,$0,$0,$0,$1,$0,$0,$0,$1,$1,$3,$0,$0,$0,$3,$0,$-38,$0,$-3,$1,$-2,$0,$0,$1,$0,$0,$0,$0,$1,$-0,$0,$0,$0,$0,$0,$0,$0,$0,$0,$0,$0,$0,$0,$0,$0,$0,$0,$0,$0
37,2009-06-30,1.05,$-0.57,-1.83,0.0,0.0,$-1.19,0.0,0,0.0,$0.00B,$0.00B,0.03,$0.00B,$-0.00B,0.0,$0.00B,0,nan%,$0.00B,$-0.00B,inf%,$0.00B,$-0.00B,inf%,$0.00B,$-0.00B,inf%,$0.00B,$-0.00B,inf%,$0.00B,$-0.00B,inf%,$-0.00B,$-0.00B,200.00%,$-0.00B,$-0.00B,200.00%,$-0.00B,$0.00B,-400.00%,$-0.00B,$-0.00B,200.00%,$0,$0,$0,$0,$0,$1,$-1,$0,$-1,$0,$-1,$-1,$-1,$-0,$-1,$4,4,$-0.15,$-0.15,$0,$0,$0,$0,$1,$0,$0,$0,$1,$1,$3,$0,$0,$0,$3,$0,$-37,$0,$-2,$1,$-1,$0,$0,$0,$0,$0,$0,$0,$0,$-0,$0,$0,$0,$0,$0,$0,$0,$0,$-0,$0,$-0,$0,$0,$0,$0,$0,$0,$0,$0
38,2009-03-31,1.35,$-0.62,-2.18,0.0,0.0,$-1.54,0.0,0,0.0,$0.00B,$0.00B,0.03,$0.00B,$-0.00B,0.0,$0.00B,0,nan%,$0.00B,$-0.00B,inf%,$0.00B,$-0.00B,inf%,$0.00B,$-0.00B,inf%,$0.00B,$-0.00B,inf%,$0.00B,$-0.00B,inf%,$-0.00B,$-0.00B,200.00%,$-0.00B,$-0.00B,200.00%,$-0.00B,$0.00B,-400.00%,$-0.00B,$-0.00B,200.00%,$0,$0,$0,$0,$0,$1,$-1,$0,$-1,$0,$-1,$-1,$-1,$-0,$-1,$4,4,$-0.15,$-0.15,$0,$0,$0,$0,$1,$0,$0,$0,$1,$1,$3,$0,$0,$0,$3,$0,$-36,$0,$-2,$1,$-1,$0,$0,$0,$0,$0,$0,$0,$0,$-0,$0,$0,$0,$0,$0,$0,$0,$0,$-0,$0,$-0,$0,$0,$0,$0,$0,$0,$0,$0
39,2008-12-31,0.9,$-0.56,-1.6,0.0,0.0,$-1.79,0.0,0,0.0,$0.00B,$0.00B,0.02,$0.00B,$-0.00B,0.0,$0.00B,0,nan%,$0.00B,$-0.00B,inf%,$0.00B,$-0.00B,inf%,$0.00B,$-0.00B,inf%,$0.00B,$-0.00B,inf%,$0.00B,$-0.00B,inf%,$-0.00B,$-0.00B,200.00%,$-0.00B,$-0.00B,200.00%,$-0.00B,$0.00B,-400.00%,$-0.00B,$-0.00B,200.00%,$0,$0,$0,$0,$0,$1,$-1,$0,$-1,$0,$-1,$-1,$-1,$-0,$-1,$3,3,$-0.15,$-0.15,$0,$0,$0,$0,$1,$0,$0,$0,$1,$1,$3,$0,$0,$0,$3,$0,$-36,$0,$-2,$1,$-3,$1,$0,$1,$0,$0,$0,$0,$1,$-2,$-0,$0,$0,$0,$-0,$-0,$0,$-0,$0,$-0,$0,$2,$2,$0,$0,$2,$-0,$0,$0
40,2008-09-30,2.55,$-0.49,-5.26,0.0,0.0,$-2.30,0.0,0,0.0,$0.00B,$0.00B,0.06,$0.00B,$-0.00B,0.0,$0.00B,0,nan%,$0.00B,$-0.01B,inf%,$0.00B,$-0.01B,inf%,$0.00B,$-0.00B,inf%,$0.00B,$-0.01B,inf%,$0.00B,$-0.01B,inf%,$-0.01B,$-0.00B,250.00%,$-0.01B,$-0.00B,250.00%,$-0.01B,$0.00B,-500.00%,$-0.01B,$-0.00B,250.00%,$0,$0,$0,$0,$0,$1,$-1,$0,$-1,$0,$-1,$-1,$-1,$-1,$-1,$3,3,$-0.15,$-0.15,$0,$0,$0,$0,$1,$0,$0,$0,$1,$1,$3,$0,$0,$0,$3,$0,$-35,$0,$-2,$1,$-3,$1,$0,$1,$0,$0,$0,$0,$1,$-2,$-0,$0,$0,$0,$-0,$-0,$0,$-0,$0,$-0,$0,$2,$2,$0,$0,$2,$-0,$0,$0
41,2008-06-30,4.5,$-0.48,-9.41,0.0,0.0,$-2.61,0.0,0,0.0,$0.00B,$0.00B,0.06,$0.00B,$-0.00B,0.0,$0.00B,0,nan%,$0.00B,$-0.01B,inf%,$0.00B,$-0.01B,inf%,$0.00B,$-0.00B,inf%,$0.00B,$-0.01B,inf%,$0.00B,$-0.01B,inf%,$-0.01B,$-0.00B,333.33%,$-0.01B,$-0.00B,333.33%,$-0.01B,$0.00B,-666.67%,$-0.01B,$-0.00B,333.33%,$0,$0,$0,$0,$0,$1,$-1,$0,$-1,$0,$-1,$-1,$-1,$-1,$-1,$3,3,$-0.30,$-0.30,$0,$0,$0,$0,$1,$0,$0,$0,$1,$1,$3,$0,$0,$0,$3,$0,$-35,$0,$-2,$1,$-2,$0,$0,$1,$0,$0,$0,$-0,$0,$-1,$-0,$0,$0,$0,$-0,$-0,$0,$-0,$0,$0,$0,$1,$1,$0,$0,$1,$-0,$0,$0
42,2008-03-31,6.0,$-0.86,-6.98,0.0,0.0,$-2.56,0.0,0,0.0,$0.00B,$0.00B,0.03,$0.00B,$-0.00B,0.0,$0.00B,0,nan%,$0.00B,$-0.01B,inf%,$0.00B,$-0.01B,inf%,$0.00B,$-0.00B,inf%,$0.00B,$-0.01B,inf%,$0.00B,$-0.01B,inf%,$-0.01B,$-0.00B,500.00%,$-0.01B,$-0.00B,500.00%,$-0.01B,$0.00B,-1000.00%,$-0.01B,$-0.00B,500.00%,$0,$0,$0,$1,$1,$1,$-1,$0,$-1,$0,$-1,$-1,$-1,$-1,$-1,$3,3,$-0.45,$-0.45,$0,$0,$0,$0,$1,$0,$0,$0,$1,$1,$3,$0,$0,$0,$4,$0,$-34,$0,$-2,$1,$-1,$0,$0,$0,$0,$0,$0,$0,$0,$-1,$-0,$0,$0,$0,$-0,$-0,$0,$-0,$0,$0,$0,$1,$1,$0,$0,$1,$-0,$0,$0
43,2007-12-31,9.75,$-0.89,-10.98,0.0,0.0,$-2.44,0.0,0,0.0,$0.00B,$0.00B,0.08,$0.00B,$-0.00B,-0.08,$0.00B,0,nan%,$0.00B,$-0.01B,inf%,$0.00B,$-0.01B,inf%,$0.00B,$-0.00B,inf%,$0.00B,$-0.01B,inf%,$0.00B,$-0.01B,inf%,$-0.01B,$-0.00B,1200.00%,$-0.01B,$-0.00B,1200.00%,$-0.01B,$0.00B,-2400.00%,$-0.01B,$-0.00B,1200.00%,$0,$0,$0,$1,$1,$2,$-2,$0,$-2,$0,$-2,$-2,$-2,$-1,$-2,$2,2,$-0.75,$-0.75,$0,$0,$0,$0,$1,$0,$0,$0,$1,$1,$3,$0,$0,$0,$4,$0,$-32,$0,$-2,$1,$-6,$2,$1,$4,$-0,$0,$0,$0,$1,$-2,$-0,$0,$0,$0,$0,$0,$0,$-0,$1,$-0,$0,$2,$2,$0,$0,$2,$0,$1,$0
