,Date,Stock Price,Book Value per Share,Price to Book Ratio,TTM Sales per Share,Price to Sales Ratio,TTM FCF per Share,Price to FCF Ratio,TTM Net EPS,PE Ratio,Current Assets,Current Liabilities,Current Ratio,Long Term Debt,Shareholder's Equity_x,Debt to Equity Ratio,TTM Revenue_x,TTM Gross Profit,Gross Margin,TTM Revenue_y,TTM Operating Income,Operating Margin,TTM Revenue_x,TTM EBIT,EBIT Margin,TTM Revenue_y,TTM EBITDA,EBITDA Margin,TTM Revenue_x,TTM Pre-Tax Income,Pre-Tax Margin,TTM Revenue_y,TTM Net Income_x,Net Margin,TTM Net Income_y,Shareholder's Equity_y,Return on Equity,TTM Net Income_x,Tangible Equity,Return on Tangible Equity,TTM Net Income_y,Total Assets,Return on Assets,TTM Net Income,LT Investments & Debt,Return on Investment,revenue,cost-goods-sold,gross-profit,research-development-expenses,selling-general-administrative-expenses,operating-expenses,operating-income,total-non-operating-income-expense,pre-tax-income,total-provision-income-taxes,income-after-taxes,income-from-continuous-operations,net-income,ebitda,ebit,basic-shares-outstanding,shares-outstanding,eps-basic-net-earnings-per-share,eps-earnings-per-share-diluted,cash-on-hand,inventory,other-current-assets,total-current-assets,net-property-plant-equipment,long-term-investments,goodwill-intangible-assets-total,other-long-term-assets,total-long-term-assets,total-assets,total-current-liabilities,long-term-debt,other-non-current-liabilities,total-long-term-liabilities,total-liabilities,common-stock-net,retained-earnings-accumulated-deficit,comprehensive-income,total-share-holder-equity,total-liabilities-share-holders-equity,net-income-loss,total-depreciation-amortization-cash-flow,other-non-cash-items,total-non-cash-items,change-in-accounts-receivable,change-in-inventories,change-in-accounts-payable,change-in-assets-liabilities,total-change-in-assets-liabilities,cash-flow-from-operating-activities,net-change-in-property-plant-equipment,net-change-in-intangible-assets,net-acquisitions-divestitures,net-change-in-short-term-investments,net-change-in-long-term-investments,net-change-in-investments-total,investing-activities-other,cash-flow-from-investing-activities,net-long-term-debt,net-current-debt,debt-issuance-retirement-net-total,net-common-equity-issued-repurchased,net-total-equity-issued-repurchased,total-common-preferred-stock-dividends-paid,financial-activities-other,cash-flow-from-financial-activities,net-cash-flow,stock-based-compensation,common-stock-dividends-paid
0,2018-09-30,69.75,$4.84,14.42,$67.30,1.04,$3.59,19.44,$-2.37,0.0,$1.17B,$0.77B,1.53,$1.44B,$0.25B,5.89,$3.48B,$0.77B,22.10%,$3.48B,$0.28B,8.09%,$3.48B,$0.28B,8.09%,$3.48B,$0.44B,12.72%,$3.48B,$0.05B,1.38%,$3.48B,$-0.12B,-3.47%,$-0.12B,$0.25B,-40.50%,$-0.12B,$-0.66B,38.23%,$-0.12B,$3.19B,-3.96%,$0.28B,$1.69B,18.65%,$852,$653,$200,$0,$125,$785,$67,$-25,$42,$23,$19,$19,$17,$109,$67,$51,52,$0.34,$0.34,$407,$0,$0,$1174,$694,$0,$906,$180,$2011,$3185,$768,$1441,$171,$2172,$2941,$51,$457,$-918,$245,$3185,$-63,$120,$150,$270,$-80,$0,$0,$-31,$-58,$149,$-101,$0,$-521,$-9,$0,$-9,$8,$-623,$267,$-20,$246,$-24,$-24,$-27,$-11,$184,$-320,$19,$-27
1,2018-06-30,79.6,$4.81,16.56,$67.27,1.18,$3.08,25.84,$-2.33,0.0,$1.40B,$0.78B,1.79,$1.13B,$0.25B,4.63,$3.48B,$0.75B,21.63%,$3.48B,$0.28B,8.07%,$3.48B,$0.28B,8.07%,$3.48B,$0.44B,12.58%,$3.48B,$0.04B,1.26%,$3.48B,$-0.12B,-3.39%,$-0.12B,$0.25B,-33.01%,$-0.12B,$-0.21B,74.68%,$-0.12B,$2.87B,-4.02%,$0.28B,$1.38B,20.75%,$850,$667,$183,$0,$120,$788,$62,$-151,$-89,$19,$-108,$-108,$-108,$101,$62,$51,51,$-2.11,$-2.11,$650,$0,$0,$1397,$627,$0,$452,$166,$1473,$2870,$780,$1134,$144,$1846,$2625,$51,$467,$-927,$245,$2870,$-82,$78,$136,$214,$-67,$0,$0,$2,$-23,$109,$-72,$0,$0,$-45,$0,$-45,$9,$-107,$-26,$-1,$-27,$1,$1,$-17,$-11,$-55,$-77,$13,$-17
2,2018-03-31,71.07,$7.20,9.87,$66.30,1.07,$3.41,20.83,$0.06,1184.45,$1.51B,$0.85B,1.77,$1.14B,$0.37B,3.1,$3.44B,$0.75B,21.73%,$3.44B,$0.27B,7.77%,$3.44B,$0.27B,7.77%,$3.44B,$0.42B,12.22%,$3.44B,$0.16B,4.77%,$3.44B,$0.00B,0.12%,$0.00B,$0.37B,0.98%,$0.00B,$-0.18B,-6.27%,$0.00B,$3.10B,0.14%,$0.27B,$1.50B,22.05%,$879,$694,$186,$0,$123,$814,$65,$-28,$37,$11,$25,$25,$22,$104,$65,$51,52,$0.44,$0.43,$722,$0,$0,$1507,$660,$0,$543,$155,$1592,$3099,$853,$1138,$149,$1880,$2733,$51,$583,$-917,$367,$3099,$26,$39,$12,$51,$-33,$0,$0,$27,$-20,$57,$-36,$0,$0,$-13,$0,$-13,$0,$-49,$-12,$17,$5,$0,$0,$-8,$-12,$-14,$-5,$7,$-8
3,2017-12-31,78.23,$6.70,11.68,$64.73,1.21,$3.24,24.13,$0.31,252.36,$1.49B,$0.84B,1.78,$1.14B,$0.34B,3.37,$3.35B,$0.74B,22.08%,$3.35B,$0.27B,8.16%,$3.35B,$0.27B,8.16%,$3.35B,$0.42B,12.58%,$3.35B,$0.18B,5.44%,$3.35B,$0.02B,0.51%,$0.02B,$0.34B,4.04%,$0.02B,$-0.22B,54.84%,$0.02B,$3.06B,0.67%,$0.27B,$1.48B,26.64%,$903,$703,$201,$0,$122,$815,$88,$-30,$58,$110,$-51,$-51,$-52,$129,$88,$51,52,$-1.03,$-1.01,$727,$0,$0,$1488,$641,$0,$559,$145,$1571,$3060,$835,$1140,$150,$1887,$2721,$51,$565,$-927,$338,$3060,$24,$147,$161,$307,$-165,$0,$0,$-15,$-79,$252,$-173,$0,$-225,$0,$0,$0,$3,$-395,$864,$-125,$739,$3,$3,$-32,$-124,$586,$431,$18,$-32
4,2017-09-30,83.59,$9.51,8.79,$63.17,1.32,$2.89,28.89,$1.58,52.9,$1.14B,$0.94B,1.21,$0.57B,$0.48B,1.2,$3.25B,$0.73B,22.44%,$3.25B,$0.25B,7.82%,$3.25B,$0.25B,7.82%,$3.25B,$0.40B,12.16%,$3.25B,$0.18B,5.45%,$3.25B,$0.08B,2.52%,$0.08B,$0.48B,19.31%,$0.08B,$-0.03B,66.26%,$0.08B,$2.70B,3.59%,$0.25B,$1.06B,31.52%,$850,$666,$183,$0,$117,$783,$66,$-29,$38,$16,$21,$21,$20,$104,$66,$51,52,$0.39,$0.38,$328,$0,$0,$1141,$614,$0,$508,$101,$1557,$2698,$941,$574,$182,$1277,$2218,$51,$625,$-840,$480,$2698,$75,$106,$40,$146,$-99,$0,$0,$-44,$-84,$137,$-116,$0,$-148,$-14,$0,$-14,$1,$-276,$287,$-26,$262,$3,$3,$-24,$-16,$225,$89,$13,$-24
5,2017-06-30,66.33,$8.79,7.55,$61.71,1.07,$2.27,29.2,$1.68,39.48,$1.02B,$0.84B,1.2,$0.36B,$0.44B,0.82,$3.15B,$0.71B,22.42%,$3.15B,$0.25B,7.86%,$3.15B,$0.25B,7.86%,$3.15B,$0.38B,12.14%,$3.15B,$0.18B,5.83%,$3.15B,$0.09B,2.76%,$0.09B,$0.44B,21.60%,$0.09B,$0.17B,50.22%,$0.09B,$2.29B,4.11%,$0.25B,$0.81B,33.73%,$806,$629,$177,$0,$123,$758,$48,$-17,$31,$17,$14,$14,$14,$83,$48,$51,52,$0.28,$0.28,$295,$0,$0,$1015,$584,$0,$273,$91,$1274,$2289,$843,$363,$141,$1003,$1846,$50,$612,$-860,$443,$2289,$54,$69,$31,$99,$-83,$0,$0,$13,$-28,$125,$-70,$0,$-65,$-14,$0,$-14,$1,$-148,$92,$7,$100,$3,$3,$-15,$-8,$79,$56,$9,$-15
6,2017-03-31,52.79,$8.36,6.32,$60.80,0.87,$0.64,83.12,$1.41,37.44,$0.97B,$0.76B,1.28,$0.34B,$0.42B,0.8,$3.09B,$0.67B,21.79%,$3.09B,$0.23B,7.51%,$3.09B,$0.23B,7.51%,$3.09B,$0.37B,11.82%,$3.09B,$0.17B,5.54%,$3.09B,$0.07B,2.36%,$0.07B,$0.42B,19.13%,$0.07B,$0.20B,44.24%,$0.07B,$2.16B,3.57%,$0.23B,$0.76B,32.38%,$788,$610,$178,$0,$107,$718,$71,$-16,$55,$14,$41,$41,$35,$105,$71,$51,52,$0.69,$0.67,$289,$0,$0,$969,$557,$0,$219,$90,$1194,$2163,$760,$338,$141,$982,$1742,$50,$606,$-874,$421,$2163,$41,$34,$13,$47,$-38,$0,$0,$2,$-48,$39,$-27,$0,$-14,$-9,$0,$-9,$1,$-49,$75,$-10,$66,$1,$1,$-5,$-9,$53,$50,$5,$-5
7,2016-12-31,40.65,$7.10,5.73,$60.07,0.68,$-0.78,0.0,$0.68,59.77,$0.84B,$0.75B,1.12,$0.25B,$0.36B,0.7,$3.02B,$0.63B,20.78%,$3.02B,$0.18B,6.09%,$3.02B,$0.18B,6.09%,$3.02B,$0.32B,10.46%,$3.02B,$0.13B,4.14%,$3.02B,$0.04B,1.16%,$0.04B,$0.36B,9.62%,$0.04B,$0.15B,23.89%,$0.04B,$2.00B,1.75%,$0.18B,$0.60B,25.73%,$804,$612,$191,$0,$108,$734,$69,$-16,$53,$35,$18,$18,$13,$103,$69,$50,51,$0.25,$0.25,$239,$0,$0,$844,$531,$0,$205,$87,$1151,$1995,$754,$248,$136,$886,$1640,$50,$576,$-907,$355,$1995,$45,$132,$65,$197,$-53,$0,$0,$-35,$-74,$168,$-108,$0,$-1,$-0,$0,$-0,$-1,$-109,$-146,$115,$-31,$15,$15,$-24,$-4,$-45,$2,$10,$-24
8,2016-09-30,36.45,$7.86,4.64,$59.72,0.61,$-0.01,0.0,$0.36,101.25,$0.87B,$0.65B,1.34,$0.38B,$0.39B,0.97,$2.98B,$0.63B,20.98%,$2.98B,$0.19B,6.30%,$2.98B,$0.19B,6.30%,$2.98B,$0.32B,10.69%,$2.98B,$0.10B,3.42%,$2.98B,$0.02B,0.60%,$0.02B,$0.39B,5.03%,$0.02B,$0.17B,13.02%,$0.02B,$2.02B,0.91%,$0.19B,$0.77B,25.51%,$756,$594,$161,$0,$102,$696,$60,$-14,$45,$20,$26,$26,$25,$92,$60,$50,51,$0.49,$0.48,$238,$0,$0,$866,$535,$0,$221,$82,$1156,$2023,$647,$381,$136,$983,$1631,$50,$568,$-859,$392,$2023,$29,$98,$36,$134,$-59,$0,$0,$-22,$-105,$57,$-68,$0,$0,$-0,$0,$-0,$-1,$-69,$-6,$40,$34,$14,$14,$-15,$-7,$27,$10,$7,$-15
9,2016-06-30,27.92,$7.23,3.86,$60.03,0.47,$0.82,34.03,$0.03,930.53,$0.83B,$0.66B,1.27,$0.37B,$0.36B,1.04,$2.99B,$0.61B,20.35%,$2.99B,$0.15B,5.12%,$2.99B,$0.15B,5.12%,$2.99B,$0.29B,9.54%,$2.99B,$0.08B,2.61%,$2.99B,$0.00B,0.03%,$0.00B,$0.36B,0.28%,$0.00B,$0.14B,0.74%,$0.00B,$1.99B,0.05%,$0.15B,$0.73B,20.77%,$740,$596,$143,$0,$105,$707,$32,$-14,$18,$15,$3,$3,$0,$65,$32,$50,50,$0.01,$0.01,$220,$0,$0,$830,$539,$0,$222,$74,$1160,$1989,$656,$373,$128,$976,$1631,$50,$549,$-864,$358,$1989,$3,$65,$29,$94,$-31,$0,$0,$-19,$-84,$13,$-42,$0,$0,$-0,$0,$-0,$-1,$-43,$-7,$39,$32,$6,$6,$-12,$-4,$23,$-12,$5,$-12
10,2016-03-31,32.8,$7.11,4.61,$60.75,0.54,$1.55,21.12,$-0.24,0.0,$0.82B,$0.62B,1.31,$0.41B,$0.35B,1.16,$3.01B,$0.60B,20.09%,$3.01B,$0.11B,3.53%,$3.01B,$0.11B,3.53%,$3.01B,$0.24B,8.05%,$3.01B,$0.04B,1.36%,$3.01B,$-0.01B,-0.40%,$-0.01B,$0.35B,-3.27%,$-0.01B,$0.13B,-8.36%,$-0.01B,$1.99B,-0.60%,$0.11B,$0.76B,13.97%,$722,$589,$133,$0,$109,$698,$24,$-15,$9,$9,$-1,$-1,$-3,$56,$24,$50,50,$-0.06,$-0.06,$187,$0,$0,$815,$552,$0,$222,$73,$1175,$1990,$621,$405,$130,$1019,$1640,$49,$553,$-868,$350,$1990,$-1,$32,$12,$44,$-24,$0,$0,$-30,$-81,$-38,$-21,$0,$0,$-4,$0,$-4,$0,$-24,$36,$21,$57,$0,$0,$-5,$-4,$49,$-12,$3,$-5
11,2015-12-31,28.09,$6.76,4.15,$61.98,0.45,$1.97,14.26,$-0.24,0.0,$0.78B,$0.64B,1.21,$0.36B,$0.33B,1.08,$3.06B,$0.62B,20.19%,$3.06B,$0.10B,3.14%,$3.06B,$0.10B,3.14%,$3.06B,$0.24B,7.71%,$3.06B,$0.04B,1.31%,$3.06B,$-0.01B,-0.39%,$-0.01B,$0.33B,-3.12%,$-0.01B,$0.12B,-7.55%,$-0.01B,$1.95B,-0.60%,$0.10B,$0.69B,12.29%,$766,$577,$189,$0,$109,$693,$73,$-43,$30,$29,$1,$1,$-4,$106,$73,$49,49,$-0.08,$-0.07,$198,$0,$0,$778,$549,$0,$214,$76,$1169,$1947,$642,$358,$130,$974,$1616,$49,$561,$-892,$331,$1947,$-28,$140,$104,$244,$-45,$0,$0,$5,$-20,$196,$-99,$0,$0,$7,$0,$7,$-11,$-104,$-20,$-23,$-43,$4,$4,$-25,$12,$-53,$6,$14,$-25
12,2015-09-30,26.2,$7.70,3.4,$64.43,0.41,$1.32,19.85,$-1.13,0.0,$0.87B,$0.65B,1.35,$0.40B,$0.38B,1.05,$3.18B,$0.57B,17.85%,$3.18B,$-0.00B,-0.03%,$3.18B,$-0.00B,-0.03%,$3.18B,$0.15B,4.60%,$3.18B,$-0.02B,-0.57%,$3.18B,$-0.06B,-1.73%,$-0.06B,$0.38B,-13.10%,$-0.06B,$0.16B,-29.85%,$-0.06B,$1.98B,-2.66%,$-0.00B,$0.77B,-0.12%,$759,$616,$143,$0,$111,$734,$25,$-4,$21,$14,$7,$7,$8,$58,$25,$49,50,$0.16,$0.15,$176,$0,$0,$873,$542,$0,$221,$67,$1104,$1977,$646,$396,$112,$955,$1601,$49,$570,$-848,$377,$1977,$-29,$106,$76,$182,$-59,$0,$0,$-4,$-62,$91,$-60,$0,$0,$-6,$0,$-6,$2,$-64,$20,$-1,$19,$4,$4,$-20,$-3,$-0,$-0,$11,$-20
13,2015-06-30,28.45,$8.36,3.4,$66.87,0.43,$1.78,16.01,$-0.87,0.0,$0.90B,$0.66B,1.37,$0.41B,$0.41B,1.01,$3.29B,$0.57B,17.33%,$3.29B,$0.04B,1.06%,$3.29B,$0.04B,1.06%,$3.29B,$0.19B,5.74%,$3.29B,$0.02B,0.49%,$3.29B,$-0.04B,-1.31%,$-0.04B,$0.41B,-8.69%,$-0.04B,$0.17B,-17.46%,$-0.04B,$2.05B,-2.01%,$0.04B,$0.82B,3.90%,$760,$621,$139,$0,$120,$775,$-15,$-4,$-19,$8,$-27,$-27,$-13,$22,$-15,$49,49,$-0.26,$-0.26,$181,$0,$0,$898,$571,$0,$235,$65,$1150,$2048,$656,$412,$112,$984,$1640,$49,$567,$-819,$408,$2048,$-36,$73,$70,$143,$-35,$0,$0,$-13,$-64,$43,$-35,$0,$0,$0,$0,$0,$1,$-33,$36,$-12,$24,$4,$4,$-14,$-2,$11,$5,$9,$-14
14,2015-03-31,26.63,$8.67,3.07,$68.84,0.39,$1.48,18.05,$-0.58,0.0,$0.86B,$0.63B,1.37,$0.42B,$0.42B,1.0,$3.39B,$0.57B,16.85%,$3.39B,$0.06B,1.74%,$3.39B,$0.06B,1.74%,$3.39B,$0.22B,6.40%,$3.39B,$0.04B,1.12%,$3.39B,$-0.03B,-0.83%,$-0.03B,$0.42B,-4.92%,$-0.03B,$0.19B,-9.11%,$-0.03B,$2.05B,-1.26%,$0.06B,$0.84B,6.07%,$776,$629,$147,$0,$112,$763,$13,$-5,$8,$16,$-7,$-7,$-3,$50,$13,$49,49,$-0.06,$-0.06,$169,$0,$0,$858,$615,$0,$231,$66,$1194,$2052,$625,$422,$118,$1005,$1631,$49,$585,$-834,$421,$2052,$-10,$37,$23,$59,$-17,$0,$0,$-9,$-73,$-23,$-14,$0,$0,$0,$3,$3,$3,$-7,$54,$-7,$48,$0,$0,$-5,$-2,$41,$-7,$5,$-5
15,2014-12-31,23.43,$9.75,2.4,$72.45,0.32,$2.38,9.85,$-1.72,0.0,$0.91B,$0.73B,1.25,$0.37B,$0.47B,0.79,$3.56B,$0.61B,17.23%,$3.56B,$-0.03B,-0.79%,$3.56B,$-0.03B,-0.79%,$3.56B,$0.14B,3.79%,$3.56B,$-0.05B,-1.40%,$3.56B,$-0.08B,-2.36%,$-0.08B,$0.47B,-13.17%,$-0.08B,$0.22B,-23.20%,$-0.08B,$2.19B,-3.65%,$-0.03B,$0.85B,-2.72%,$881,$743,$138,$0,$159,$905,$-24,$-4,$-28,$-3,$-25,$-25,$-47,$16,$-24,$49,49,$-0.95,$-0.95,$176,$0,$0,$908,$670,$0,$256,$70,$1284,$2192,$728,$373,$130,$990,$1718,$49,$593,$-792,$474,$2192,$-115,$162,$89,$251,$-91,$0,$0,$-9,$6,$141,$-77,$0,$-5,$1,$0,$1,$-13,$-94,$42,$-8,$34,$0,$0,$-28,$-3,$3,$-79,$17,$-28
16,2014-09-30,22.97,$13.91,1.65,$72.34,0.32,$1.77,12.97,$0.07,328.08,$0.98B,$0.77B,1.28,$0.40B,$0.68B,0.59,$3.56B,$0.66B,18.58%,$3.56B,$0.05B,1.41%,$3.56B,$0.05B,1.41%,$3.56B,$0.21B,5.96%,$3.56B,$0.03B,0.70%,$3.56B,$0.00B,0.11%,$0.00B,$0.68B,0.56%,$0.00B,$0.40B,0.93%,$0.00B,$2.27B,0.17%,$0.05B,$1.08B,4.56%,$873,$727,$146,$0,$131,$811,$61,$-6,$55,$27,$28,$28,$20,$101,$61,$49,49,$0.41,$0.41,$223,$0,$0,$979,$688,$0,$272,$97,$1289,$2268,$765,$401,$132,$827,$1592,$49,$645,$-645,$676,$2268,$-68,$123,$22,$144,$-84,$0,$0,$8,$-3,$73,$-20,$0,$0,$0,$1,$1,$-11,$-30,$60,$-1,$59,$0,$0,$-23,$-2,$34,$-33,$16,$-23
17,2014-06-30,26.86,$14.54,1.85,$74.73,0.36,$0.56,47.91,$0.15,179.07,$1.02B,$0.78B,1.31,$0.41B,$0.71B,0.59,$3.67B,$0.71B,19.47%,$3.67B,$0.05B,1.31%,$3.67B,$0.05B,1.31%,$3.67B,$0.21B,5.81%,$3.67B,$0.02B,0.63%,$3.67B,$0.01B,0.22%,$0.01B,$0.71B,1.16%,$0.01B,$0.42B,2.00%,$0.01B,$2.40B,0.32%,$0.05B,$1.12B,4.44%,$859,$719,$140,$0,$131,$850,$9,$-5,$3,$4,$-1,$-1,$2,$50,$9,$49,49,$0.03,$0.03,$225,$0,$0,$1021,$730,$0,$288,$113,$1379,$2400,$778,$414,$135,$917,$1695,$49,$630,$-602,$705,$2400,$-88,$83,$96,$179,$-80,$0,$0,$3,$-44,$48,$-55,$0,$0,$0,$1,$1,$-6,$-59,$88,$4,$92,$0,$0,$-16,$-1,$75,$-31,$14,$-16
18,2014-03-31,27.07,$14.37,1.88,$77.18,0.35,$-0.05,0.0,$0.30,90.24,$0.98B,$0.74B,1.33,$0.39B,$0.70B,0.56,$3.78B,$0.75B,19.90%,$3.78B,$0.07B,1.91%,$3.78B,$0.07B,1.91%,$3.78B,$0.24B,6.30%,$3.78B,$0.05B,1.24%,$3.78B,$0.02B,0.40%,$0.02B,$0.70B,2.30%,$0.02B,$0.41B,4.24%,$0.02B,$2.35B,0.59%,$0.07B,$1.08B,6.94%,$950,$760,$190,$0,$141,$1023,$-74,$-6,$-80,$9,$-88,$-88,$-59,$-32,$-74,$49,49,$-1.20,$-1.20,$202,$0,$0,$979,$737,$0,$287,$101,$1370,$2349,$738,$386,$134,$916,$1654,$48,$633,$-614,$696,$2349,$-88,$42,$118,$160,$-42,$0,$0,$-9,$-42,$31,$-24,$0,$0,$0,$0,$0,$-5,$-29,$59,$-14,$45,$0,$0,$-5,$-0,$40,$-54,$6,$-5
19,2013-12-31,32.27,$16.11,2.0,$77.19,0.42,$-0.80,0.0,$1.16,27.82,$1.10B,$0.80B,1.38,$0.33B,$0.78B,0.42,$3.78B,$0.72B,19.05%,$3.78B,$0.16B,4.31%,$3.78B,$0.16B,4.31%,$3.78B,$0.33B,8.71%,$3.78B,$0.14B,3.68%,$3.78B,$0.06B,1.51%,$0.06B,$0.78B,9.28%,$0.06B,$0.49B,18.57%,$0.06B,$2.50B,2.17%,$0.16B,$1.11B,16.20%,$876,$691,$185,$0,$129,$822,$54,$-7,$47,$18,$29,$29,$41,$93,$54,$49,49,$0.84,$0.83,$256,$0,$0,$1103,$759,$0,$287,$98,$1395,$2498,$799,$331,$171,$920,$1719,$48,$696,$-617,$780,$2498,$81,$166,$41,$207,$-70,$0,$0,$-40,$-86,$202,$-167,$0,$-18,$0,$10,$10,$52,$-123,$-10,$61,$51,$7,$7,$-25,$-38,$-6,$54,$10,$-25
20,2013-09-30,26.67,$12.20,2.19,$74.88,0.36,$0.39,67.64,$0.90,29.63,$1.14B,$0.83B,1.37,$0.42B,$0.59B,0.71,$3.66B,$0.69B,18.83%,$3.66B,$0.15B,4.02%,$3.66B,$0.15B,4.02%,$3.66B,$0.30B,8.23%,$3.66B,$0.13B,3.42%,$3.66B,$0.04B,1.20%,$0.04B,$0.59B,7.81%,$0.04B,$0.28B,17.39%,$0.04B,$2.70B,1.66%,$0.15B,$1.01B,15.36%,$982,$783,$199,$0,$141,$923,$59,$-6,$53,$15,$38,$38,$24,$102,$59,$49,49,$0.49,$0.49,$242,$0,$0,$1136,$776,$0,$312,$92,$1563,$2699,$830,$420,$169,$1280,$2110,$48,$660,$-759,$589,$2699,$31,$127,$47,$174,$-101,$0,$0,$-38,$-100,$104,$-111,$0,$-18,$0,$1,$1,$-3,$-132,$81,$55,$136,$3,$3,$-19,$-38,$83,$41,$8,$-19
21,2013-06-30,23.95,$11.32,2.12,$74.28,0.32,$1.03,23.18,$0.69,34.71,$1.11B,$0.85B,1.31,$0.41B,$0.54B,0.75,$3.62B,$0.67B,18.50%,$3.62B,$0.13B,3.70%,$3.62B,$0.13B,3.70%,$3.62B,$0.29B,7.87%,$3.62B,$0.11B,3.15%,$3.62B,$0.03B,0.94%,$0.03B,$0.54B,6.10%,$0.03B,$0.23B,13.65%,$0.03B,$2.67B,1.30%,$0.13B,$0.95B,14.31%,$970,$792,$178,$0,$145,$937,$33,$-6,$27,$11,$17,$17,$9,$75,$33,$49,49,$0.18,$0.18,$240,$0,$0,$1109,$772,$0,$310,$88,$1561,$2671,$850,$407,$168,$1277,$2127,$48,$641,$-780,$543,$2671,$-1,$84,$29,$113,$-85,$0,$0,$-9,$-71,$41,$-78,$0,$-18,$9,$0,$9,$-1,$-88,$70,$70,$140,$0,$0,$-11,$-28,$101,$38,$6,$-11
22,2013-03-31,26.44,$11.36,2.33,$73.69,0.36,$0.96,27.64,$1.14,23.19,$1.07B,$0.81B,1.32,$0.41B,$0.55B,0.75,$3.59B,$0.66B,18.42%,$3.59B,$0.13B,3.68%,$3.59B,$0.13B,3.68%,$3.59B,$0.28B,7.86%,$3.59B,$0.11B,3.18%,$3.59B,$0.06B,1.56%,$0.06B,$0.55B,10.09%,$0.06B,$0.22B,22.42%,$0.06B,$2.65B,2.19%,$0.13B,$0.96B,14.39%,$951,$793,$158,$0,$132,$933,$17,$-5,$12,$5,$7,$7,$-17,$59,$17,$49,49,$-0.34,$-0.34,$235,$0,$0,$1073,$786,$0,$322,$84,$1578,$2651,$810,$411,$172,$1295,$2106,$48,$638,$-768,$545,$2651,$-13,$42,$24,$66,$-36,$0,$0,$3,$-49,$3,$-33,$0,$-19,$9,$0,$9,$-3,$-45,$75,$43,$118,$0,$0,$-5,$-27,$86,$33,$1,$-5
23,2012-12-31,26.6,$12.07,2.2,$73.73,0.36,$0.54,49.16,$1.83,14.54,$1.00B,$0.74B,1.34,$0.34B,$0.58B,0.58,$3.58B,$0.68B,19.09%,$3.58B,$0.16B,4.53%,$3.58B,$0.16B,4.53%,$3.58B,$0.31B,8.69%,$3.58B,$0.15B,4.08%,$3.58B,$0.09B,2.52%,$0.09B,$0.58B,16.22%,$0.09B,$0.28B,35.96%,$0.09B,$2.55B,3.57%,$0.16B,$0.91B,17.83%,$756,$602,$154,$0,$117,$718,$38,$-5,$33,$0,$33,$33,$28,$65,$38,$48,49,$0.58,$0.57,$202,$0,$0,$996,$794,$0,$300,$79,$1558,$2554,$743,$336,$177,$1234,$1977,$48,$659,$-773,$577,$2554,$110,$148,$22,$170,$-71,$0,$0,$25,$-30,$251,$-158,$0,$-17,$15,$0,$15,$-7,$-167,$-25,$3,$-21,$1,$1,$-32,$-16,$-68,$19,$8,$-32
24,2012-09-30,23.86,$11.79,2.02,$74.27,0.32,$0.25,95.07,$1.59,15.01,$1.05B,$0.76B,1.38,$0.36B,$0.56B,0.65,$3.60B,$0.71B,19.77%,$3.60B,$0.21B,5.76%,$3.60B,$0.21B,5.76%,$3.60B,$0.36B,9.90%,$3.60B,$0.19B,5.37%,$3.60B,$0.08B,2.17%,$0.08B,$0.56B,14.69%,$0.08B,$0.26B,34.25%,$0.08B,$2.56B,3.14%,$0.21B,$0.93B,23.39%,$945,$765,$180,$0,$144,$899,$46,$-4,$42,$16,$26,$26,$14,$86,$46,$49,49,$0.28,$0.28,$203,$0,$0,$1051,$762,$0,$302,$72,$1513,$2564,$760,$363,$185,$1240,$2001,$48,$636,$-764,$563,$2564,$74,$121,$-28,$94,$-91,$0,$0,$-8,$-39,$129,$-105,$0,$-17,$15,$0,$15,$7,$-100,$12,$6,$18,$0,$0,$-20,$-11,$-13,$20,$7,$-20
25,2012-06-30,21.44,$11.25,1.91,$75.53,0.28,$1.09,19.71,$1.95,10.99,$0.96B,$0.70B,1.37,$0.34B,$0.54B,0.63,$3.65B,$0.72B,19.71%,$3.65B,$0.22B,6.11%,$3.65B,$0.22B,6.11%,$3.65B,$0.37B,10.23%,$3.65B,$0.21B,5.70%,$3.65B,$0.10B,2.60%,$0.10B,$0.54B,17.38%,$0.10B,$0.24B,39.34%,$0.10B,$2.46B,3.91%,$0.22B,$0.87B,24.80%,$936,$767,$169,$0,$136,$904,$31,$-5,$27,$-9,$36,$36,$31,$72,$31,$49,49,$0.63,$0.63,$127,$0,$0,$958,$749,$0,$299,$81,$1502,$2460,$700,$338,$180,$1225,$1925,$48,$627,$-785,$535,$2460,$56,$81,$-13,$69,$-67,$0,$0,$-39,$-94,$30,$-70,$0,$-16,$12,$0,$12,$-3,$-78,$-6,$12,$6,$0,$0,$-15,$-0,$-9,$-56,$5,$-15
26,2012-03-31,21.99,$11.49,1.91,$76.64,0.29,$1.89,11.63,$1.48,14.85,$0.98B,$0.70B,1.39,$0.38B,$0.54B,0.7,$3.69B,$0.72B,19.54%,$3.69B,$0.21B,5.75%,$3.69B,$0.21B,5.75%,$3.69B,$0.36B,9.84%,$3.69B,$0.20B,5.34%,$3.69B,$0.07B,1.95%,$0.07B,$0.54B,12.45%,$0.07B,$0.23B,27.30%,$0.07B,$2.52B,2.97%,$0.21B,$0.92B,22.81%,$941,$760,$180,$0,$136,$894,$47,$-2,$44,$17,$28,$28,$17,$88,$47,$48,48,$0.35,$0.35,$156,$0,$0,$976,$770,$0,$319,$79,$1539,$2515,$700,$378,$182,$1271,$1971,$47,$602,$-754,$544,$2515,$24,$41,$-25,$16,$-32,$0,$0,$-30,$-56,$-16,$-33,$0,$-16,$12,$0,$12,$-1,$-39,$36,$-4,$33,$0,$0,$-9,$-1,$22,$-27,$1,$-9
27,2011-12-31,24.67,$10.29,2.4,$76.15,0.32,$2.20,11.22,$1.54,16.02,$0.93B,$0.70B,1.33,$0.34B,$0.48B,0.7,$3.66B,$0.70B,19.03%,$3.66B,$0.20B,5.52%,$3.66B,$0.20B,5.52%,$3.66B,$0.35B,9.58%,$3.66B,$0.19B,5.16%,$3.66B,$0.08B,2.05%,$0.08B,$0.48B,12.46%,$0.08B,$0.19B,26.53%,$0.08B,$2.41B,3.16%,$0.20B,$0.82B,21.47%,$775,$592,$182,$0,$112,$692,$83,$-3,$80,$26,$54,$54,$16,$110,$83,$48,48,$0.33,$0.34,$183,$0,$0,$934,$749,$0,$295,$77,$1472,$2406,$702,$335,$178,$1222,$1924,$47,$590,$-788,$482,$2406,$99,$148,$12,$160,$-53,$0,$0,$-17,$-11,$247,$-170,$0,$-3,$12,$0,$12,$-11,$-172,$-36,$-7,$-44,$6,$6,$-35,$5,$-67,$-0,$6,$-35
28,2011-09-30,21.31,$13.35,1.6,$75.24,0.28,$2.71,7.87,$1.63,13.07,$0.94B,$0.67B,1.4,$0.36B,$0.63B,0.57,$3.62B,$0.70B,19.27%,$3.62B,$0.20B,5.41%,$3.62B,$0.20B,5.41%,$3.62B,$0.35B,9.52%,$3.62B,$0.19B,5.13%,$3.62B,$0.08B,2.18%,$0.08B,$0.63B,12.60%,$0.08B,$0.32B,26.33%,$0.08B,$2.34B,3.37%,$0.20B,$0.98B,20.35%,$996,$808,$188,$0,$137,$933,$63,$-5,$57,$21,$36,$36,$31,$103,$63,$48,48,$0.64,$0.64,$201,$0,$0,$942,$718,$0,$308,$84,$1402,$2344,$674,$359,$181,$1045,$1719,$47,$578,$-624,$625,$2344,$74,$121,$-16,$105,$-26,$0,$0,$-21,$-8,$170,$-106,$0,$-3,$12,$0,$12,$0,$-97,$79,$-116,$-38,$5,$5,$-29,$13,$-49,$18,$5,$-29
29,2011-06-30,27.18,$14.18,1.92,$70.74,0.38,$2.26,12.01,$1.49,18.24,$0.96B,$0.73B,1.31,$0.33B,$0.66B,0.5,$3.40B,$0.66B,19.39%,$3.40B,$0.18B,5.23%,$3.40B,$0.18B,5.23%,$3.40B,$0.32B,9.43%,$3.40B,$0.17B,5.00%,$3.40B,$0.07B,2.12%,$0.07B,$0.66B,11.57%,$0.07B,$0.33B,22.89%,$0.07B,$2.42B,3.19%,$0.18B,$0.99B,19.10%,$979,$809,$171,$0,$142,$959,$20,$-5,$16,$6,$10,$10,$8,$62,$20,$48,48,$0.17,$0.16,$156,$0,$0,$956,$756,$0,$336,$87,$1461,$2416,$732,$331,$172,$1022,$1754,$47,$553,$-558,$662,$2416,$38,$80,$-2,$78,$-55,$0,$0,$-19,$-47,$69,$-70,$0,$-1,$12,$0,$12,$-2,$-61,$85,$-110,$-24,$5,$5,$-21,$-1,$-42,$-27,$1,$-21
30,2011-03-31,30.07,$13.68,2.2,$65.24,0.46,$2.05,14.67,$1.77,16.99,$0.92B,$0.68B,1.36,$0.33B,$0.64B,0.52,$3.15B,$0.62B,19.51%,$3.15B,$0.19B,6.03%,$3.15B,$0.19B,6.03%,$3.15B,$0.32B,10.24%,$3.15B,$0.18B,5.84%,$3.15B,$0.09B,2.73%,$0.09B,$0.64B,14.41%,$0.09B,$0.30B,26.94%,$0.09B,$2.34B,4.05%,$0.19B,$0.97B,21.57%,$913,$758,$156,$0,$122,$876,$37,$-1,$36,$11,$24,$24,$20,$76,$37,$48,48,$0.42,$0.41,$155,$0,$0,$915,$724,$0,$336,$83,$1424,$2339,$675,$332,$179,$1026,$1702,$47,$549,$-580,$638,$2339,$25,$39,$-3,$35,$-22,$0,$0,$-17,$-66,$-6,$-29,$0,$-1,$11,$0,$11,$0,$-19,$94,$-97,$-3,$3,$3,$-6,$-1,$-7,$-28,$1,$-6
31,2010-12-31,24.32,$12.57,1.93,$61.32,0.4,$2.32,10.48,$1.19,20.43,$0.88B,$0.68B,1.3,$0.32B,$0.58B,0.56,$2.98B,$0.58B,19.63%,$2.98B,$0.18B,5.95%,$2.98B,$0.18B,5.95%,$2.98B,$0.30B,10.18%,$2.98B,$0.17B,5.75%,$2.98B,$0.06B,1.95%,$0.06B,$0.58B,10.00%,$0.06B,$0.26B,17.44%,$0.06B,$2.27B,2.89%,$0.18B,$0.91B,21.27%,$735,$552,$183,$0,$102,$658,$77,$-0,$77,$27,$50,$50,$20,$104,$77,$48,48,$0.41,$0.41,$183,$0,$0,$877,$699,$0,$328,$91,$1393,$2271,$676,$324,$172,$1011,$1687,$46,$538,$-610,$583,$2271,$73,$127,$35,$162,$-31,$0,$0,$-6,$1,$235,$-133,$0,$-101,$-2,$0,$-2,$-20,$-255,$-16,$149,$133,$-32,$-32,$-37,$-4,$60,$40,$6,$-37
32,2010-09-30,20.73,$13.08,1.58,$64.00,0.32,$0.95,21.93,$3.27,6.34,$0.78B,$0.58B,1.34,$0.25B,$0.61B,0.41,$3.09B,$0.57B,18.48%,$3.09B,$0.14B,4.44%,$3.09B,$0.14B,4.44%,$3.09B,$0.27B,8.87%,$3.09B,$0.13B,4.27%,$3.09B,$0.16B,5.21%,$0.16B,$0.61B,27.59%,$0.16B,$0.38B,46.43%,$0.16B,$2.01B,8.42%,$0.14B,$0.86B,17.18%,$776,$627,$150,$0,$108,$732,$44,$-4,$41,$16,$25,$25,$24,$79,$44,$48,48,$0.50,$0.50,$149,$0,$0,$780,$584,$0,$232,$174,$1232,$2012,$580,$251,$160,$825,$1405,$46,$522,$-568,$607,$2012,$47,$100,$19,$119,$-29,$0,$0,$-32,$-23,$143,$-100,$0,$-14,$-12,$0,$-12,$-5,$-131,$-11,$66,$54,$-33,$-33,$-26,$-3,$-7,$6,$5,$-26
33,2010-06-30,17.06,$11.71,1.46,$64.53,0.26,$0.43,39.72,$3.49,4.89,$0.73B,$0.50B,1.45,$0.23B,$0.56B,0.41,$3.12B,$0.58B,18.46%,$3.12B,$0.15B,4.94%,$3.12B,$0.15B,4.94%,$3.12B,$0.29B,9.31%,$3.12B,$0.15B,4.82%,$3.12B,$0.17B,5.49%,$0.17B,$0.56B,29.57%,$0.17B,$0.35B,49.89%,$0.17B,$1.88B,8.91%,$0.15B,$0.79B,19.51%,$729,$604,$126,$0,$103,$698,$32,$-2,$30,$6,$24,$24,$22,$64,$32,$49,49,$0.44,$0.44,$143,$0,$0,$726,$536,$0,$215,$161,$1154,$1880,$501,$230,$169,$819,$1321,$48,$514,$-620,$560,$1880,$19,$65,$19,$84,$-20,$0,$0,$-31,$-55,$49,$-60,$0,$-14,$1,$0,$1,$-4,$-77,$2,$49,$51,$1,$1,$-19,$0,$33,$0,$2,$-19
34,2010-03-31,25.21,$11.92,2.11,$65.81,0.38,$0.91,27.75,$3.49,7.22,$0.71B,$0.50B,1.43,$0.20B,$0.57B,0.35,$3.14B,$0.58B,18.48%,$3.14B,$0.15B,4.75%,$3.14B,$0.15B,4.75%,$3.14B,$0.29B,9.11%,$3.14B,$0.15B,4.65%,$3.14B,$0.17B,5.39%,$0.17B,$0.57B,31.77%,$0.17B,$0.35B,55.46%,$0.17B,$1.88B,8.80%,$0.15B,$0.77B,20.50%,$735,$610,$125,$0,$100,$712,$24,$-1,$23,$24,$-2,$-2,$-8,$56,$24,$49,49,$-0.17,$-0.17,$132,$0,$0,$712,$538,$0,$217,$165,$1164,$1876,$498,$202,$173,$806,$1305,$48,$502,$-596,$571,$1876,$-5,$32,$29,$61,$-16,$0,$0,$-26,$-51,$5,$-27,$0,$-7,$0,$0,$0,$-1,$-34,$-6,$30,$24,$0,$0,$-5,$1,$20,$-11,$1,$-5
35,2009-12-31,21.64,$12.44,1.74,$66.50,0.33,$1.13,19.09,$4.16,5.2,$0.69B,$0.52B,1.33,$0.17B,$0.60B,0.29,$3.14B,$0.60B,19.01%,$3.14B,$0.17B,5.33%,$3.14B,$0.17B,5.33%,$3.14B,$0.30B,9.63%,$3.14B,$0.17B,5.29%,$3.14B,$0.20B,6.38%,$0.20B,$0.60B,42.71%,$0.20B,$0.31B,78.97%,$0.20B,$1.88B,10.48%,$0.17B,$0.77B,25.09%,$849,$679,$170,$0,$116,$811,$38,$1,$38,$-99,$137,$137,$123,$75,$38,$47,48,$2.57,$2.56,$143,$0,$0,$690,$550,$0,$283,$103,$1190,$1880,$520,$172,$171,$764,$1284,$48,$515,$-578,$596,$1880,$232,$135,$-170,$-35,$9,$0,$0,$6,$-2,$195,$-160,$0,$-75,$-6,$0,$-6,$0,$-241,$-11,$-11,$-22,$-6,$-6,$-32,$13,$-47,$-108,$7,$-32
36,2009-09-30,23.83,$12.24,1.95,$64.89,0.37,$6.36,3.74,$2.44,9.76,$0.88B,$0.60B,1.48,$0.24B,$0.59B,0.41,$3.05B,$0.59B,19.36%,$3.05B,$0.20B,6.53%,$3.05B,$0.20B,6.53%,$3.05B,$0.33B,10.70%,$3.05B,$0.19B,6.33%,$3.05B,$0.11B,3.74%,$0.11B,$0.59B,28.82%,$0.11B,$0.36B,52.66%,$0.11B,$2.05B,6.02%,$0.20B,$0.83B,33.56%,$802,$648,$154,$0,$108,$741,$61,$-2,$59,$21,$39,$39,$34,$95,$61,$48,48,$0.72,$0.72,$235,$0,$0,$884,$592,$0,$227,$168,$1161,$2045,$598,$241,$175,$861,$1459,$48,$396,$-513,$586,$2045,$97,$97,$-51,$46,$8,$0,$0,$-30,$-13,$130,$-113,$0,$-75,$-6,$0,$-6,$8,$-186,$-9,$69,$60,$-6,$-6,$-24,$-0,$31,$-16,$6,$-24
37,2009-06-30,25.62,$8.22,3.12,$65.64,0.39,$10.83,2.37,$2.75,9.32,$0.79B,$0.55B,1.44,$0.17B,$0.38B,0.44,$3.06B,$0.60B,19.69%,$3.06B,$0.19B,6.15%,$3.06B,$0.19B,6.15%,$3.06B,$0.31B,10.20%,$3.06B,$0.19B,6.05%,$3.06B,$0.13B,4.19%,$0.13B,$0.38B,24.04%,$0.13B,$0.19B,34.11%,$0.13B,$1.88B,6.33%,$0.19B,$0.54B,26.63%,$752,$621,$131,$0,$103,$725,$27,$-1,$26,$7,$19,$19,$20,$60,$27,$46,47,$0.44,$0.44,$178,$0,$0,$792,$569,$0,$182,$144,$1091,$1883,$551,$165,$158,$957,$1508,$46,$341,$-597,$375,$1883,$57,$64,$12,$75,$7,$0,$0,$-22,$-46,$86,$-75,$0,$-49,$-7,$0,$-7,$5,$-126,$-6,$-7,$-13,$-6,$-6,$-18,$0,$-37,$-73,$1,$-18
38,2009-03-31,23.27,$6.93,3.36,$66.67,0.35,$13.72,1.7,$3.36,6.93,$0.81B,$0.51B,1.59,$0.21B,$0.32B,0.67,$3.10B,$0.62B,20.10%,$3.10B,$0.20B,6.57%,$3.10B,$0.20B,6.57%,$3.10B,$0.33B,10.50%,$3.10B,$0.20B,6.51%,$3.10B,$0.16B,5.06%,$0.16B,$0.32B,21.84%,$0.16B,$0.15B,27.63%,$0.16B,$1.83B,7.14%,$0.20B,$0.53B,22.90%,$733,$591,$141,$0,$104,$691,$42,$1,$43,$11,$33,$33,$23,$72,$42,$46,47,$0.50,$0.49,$223,$0,$0,$809,$531,$0,$168,$124,$1018,$1827,$509,$211,$154,$1002,$1512,$46,$325,$-641,$316,$1827,$33,$31,$-4,$27,$13,$0,$0,$-21,$-41,$19,$-30,$0,$-49,$3,$0,$3,$3,$-73,$-3,$43,$40,$-7,$-7,$-5,$0,$28,$-28,$1,$-5
39,2008-12-31,23.55,$6.68,3.53,$67.82,0.35,$14.54,1.62,$3.93,5.99,$0.83B,$0.54B,1.56,$0.17B,$0.31B,0.57,$3.16B,$0.66B,20.83%,$3.16B,$0.23B,7.21%,$3.16B,$0.23B,7.21%,$3.16B,$0.35B,11.06%,$3.16B,$0.23B,7.11%,$3.16B,$0.18B,5.82%,$0.18B,$0.31B,20.20%,$0.18B,$0.17B,24.07%,$0.18B,$1.82B,7.78%,$0.23B,$0.48B,21.35%,$760,$596,$164,$0,$104,$690,$69,$-5,$65,$16,$49,$49,$37,$99,$69,$46,47,$0.78,$0.78,$251,$0,$0,$832,$534,$0,$140,$107,$983,$1816,$535,$173,$158,$975,$1511,$46,$310,$-628,$305,$1816,$223,$122,$93,$215,$-24,$0,$0,$-28,$-11,$427,$-148,$0,$-12,$-1,$0,$-1,$-199,$-360,$-13,$89,$77,$-40,$-40,$-31,$-5,$0,$55,$8,$-31
40,2008-09-30,29.63,$24.77,1.2,$67.62,0.44,$15.49,1.91,$4.31,6.88,$0.95B,$0.67B,1.42,$0.15B,$1.13B,0.13,$3.16B,$0.66B,20.85%,$3.16B,$0.22B,6.96%,$3.16B,$0.22B,6.96%,$3.16B,$0.31B,9.81%,$3.16B,$0.22B,7.02%,$3.16B,$0.20B,6.36%,$0.20B,$1.13B,18.34%,$0.20B,$0.99B,21.17%,$0.20B,$2.56B,8.00%,$0.22B,$1.28B,17.85%,$813,$648,$166,$0,$112,$764,$50,$2,$51,$14,$37,$37,$48,$81,$50,$46,47,$1.04,$1.03,$258,$0,$0,$946,$1181,$0,$140,$209,$1615,$2560,$668,$145,$160,$758,$1426,$46,$749,$-147,$1134,$2560,$177,$93,$102,$195,$-40,$0,$0,$-34,$-27,$344,$-119,$0,$-6,$1,$0,$1,$-133,$-258,$-9,$54,$45,$-37,$-37,$-24,$-5,$-21,$61,$7,$-24
41,2008-06-30,31.72,$23.63,1.34,$67.48,0.47,$12.62,2.51,$3.83,8.28,$0.95B,$0.69B,1.39,$0.16B,$1.12B,0.14,$3.17B,$0.69B,21.64%,$3.17B,$0.23B,7.30%,$3.17B,$0.23B,7.30%,$3.17B,$0.33B,10.39%,$3.17B,$0.23B,7.33%,$3.17B,$0.18B,5.66%,$0.18B,$1.12B,17.24%,$0.18B,$0.97B,20.06%,$0.18B,$2.59B,7.28%,$0.23B,$1.28B,19.78%,$798,$645,$153,$0,$111,$755,$43,$-0,$43,$4,$38,$38,$49,$74,$43,$46,47,$1.06,$1.05,$246,$0,$0,$954,$1186,$0,$156,$207,$1634,$2589,$687,$159,$167,$782,$1468,$47,$709,$-100,$1120,$2589,$121,$61,$96,$158,$-18,$0,$0,$-28,$-62,$216,$-70,$0,$-5,$2,$0,$2,$-87,$-161,$-6,$66,$60,$-49,$-49,$-18,$-4,$-11,$50,$2,$-18
42,2008-03-31,32.53,$22.73,1.43,$66.85,0.49,$10.58,3.07,$3.38,9.62,$0.91B,$0.65B,1.39,$0.15B,$1.08B,0.14,$3.15B,$0.71B,22.50%,$3.15B,$0.25B,7.85%,$3.15B,$0.25B,7.85%,$3.15B,$0.35B,11.16%,$3.15B,$0.25B,7.85%,$3.15B,$0.16B,5.02%,$0.16B,$1.08B,16.27%,$0.16B,$0.93B,19.00%,$0.16B,$2.50B,6.64%,$0.25B,$1.24B,22.64%,$793,$617,$176,$0,$109,$726,$67,$-0,$66,$18,$48,$48,$50,$96,$67,$47,47,$1.08,$1.07,$207,$0,$0,$907,$1159,$0,$151,$203,$1595,$2501,$651,$151,$165,$766,$1417,$48,$682,$-103,$1084,$2501,$65,$30,$51,$81,$-20,$0,$0,$-20,$-87,$60,$-32,$0,$0,$0,$0,$0,$-45,$-76,$-5,$69,$64,$-31,$-31,$-6,$-4,$24,$11,$1,$-6
43,2007-12-31,28.88,$21.62,1.34,$65.74,0.44,$10.48,2.76,$2.92,9.89,$0.85B,$0.64B,1.32,$0.09B,$1.05B,0.09,$3.09B,$0.71B,22.88%,$3.09B,$0.25B,7.92%,$3.09B,$0.25B,7.92%,$3.09B,$0.36B,11.47%,$3.09B,$0.24B,7.89%,$3.09B,$0.14B,4.43%,$0.14B,$1.05B,15.18%,$0.14B,$0.91B,17.82%,$0.14B,$2.39B,5.94%,$0.25B,$1.14B,24.23%,$757,$593,$164,$0,$105,$696,$61,$1,$62,$17,$44,$36,$54,$59,$61,$47,47,$1.17,$1.15,$196,$0,$0,$846,$1118,$0,$141,$199,$1549,$2394,$640,$89,$180,$708,$1348,$48,$676,$-131,$1046,$2394,$160,$110,$150,$260,$0,$0,$0,$4,$33,$454,$-128,$0,$-13,$-1,$0,$-1,$-176,$-318,$-5,$-57,$-62,$10,$10,$-24,$-9,$-85,$59,$10,$-24
44,2007-09-30,26.97,$18.64,1.45,$65.62,0.41,$1.93,14.0,$4.47,6.03,$0.84B,$0.63B,1.32,$0.12B,$0.90B,0.13,$3.08B,$0.73B,23.75%,$3.08B,$0.25B,8.05%,$3.08B,$0.25B,8.05%,$3.08B,$0.36B,11.62%,$3.08B,$0.25B,8.01%,$3.08B,$0.21B,6.81%,$0.21B,$0.90B,25.32%,$0.21B,$0.77B,30.00%,$0.21B,$2.35B,9.31%,$0.25B,$1.02B,26.18%,$817,$625,$192,$0,$130,$757,$61,$1,$61,$27,$34,$30,$26,$100,$61,$47,47,$0.56,$0.55,$175,$0,$0,$836,$1071,$0,$138,$200,$1514,$2349,$633,$116,$226,$813,$1445,$49,$629,$-216,$904,$2349,$83,$112,$97,$208,$-18,$0,$0,$11,$30,$321,$-229,$0,$-11,$0,$0,$0,$9,$-231,$-9,$-26,$-35,$7,$7,$-19,$-11,$-58,$38,$10,$-19
45,2007-06-30,29.83,$17.55,1.7,$63.31,0.47,$-5.39,0.0,$4.48,6.66,$0.80B,$0.59B,1.35,$0.12B,$0.85B,0.14,$2.98B,$0.71B,23.93%,$2.98B,$0.24B,8.10%,$2.98B,$0.24B,8.10%,$2.98B,$0.34B,11.53%,$2.98B,$0.24B,8.10%,$2.98B,$0.21B,7.09%,$0.21B,$0.85B,26.90%,$0.21B,$0.72B,31.95%,$0.21B,$2.27B,9.45%,$0.24B,$0.97B,26.51%,$779,$602,$176,$0,$121,$720,$59,$-1,$58,$21,$37,$33,$28,$96,$59,$47,47,$0.61,$0.60,$144,$0,$0,$797,$1031,$0,$130,$199,$1476,$2272,$592,$120,$224,$829,$1421,$49,$608,$-239,$851,$2272,$57,$72,$72,$143,$-2,$0,$0,$-14,$-3,$197,$-145,$0,$-8,$0,$0,$0,$2,$-152,$-6,$-21,$-26,$6,$6,$-14,$-7,$-42,$7,$3,$-14
46,2007-03-31,30.53,$16.67,1.83,$60.78,0.5,$-11.18,0.0,$4.50,6.79,$0.77B,$0.59B,1.31,$0.11B,$0.81B,0.14,$2.89B,$0.69B,23.81%,$2.89B,$0.22B,7.74%,$2.89B,$0.22B,7.74%,$2.89B,$0.32B,11.13%,$2.89B,$0.23B,7.84%,$2.89B,$0.21B,7.39%,$0.21B,$0.81B,28.22%,$0.21B,$0.68B,33.54%,$0.21B,$2.21B,9.59%,$0.22B,$0.92B,25.19%,$741,$565,$176,$0,$112,$676,$64,$-1,$63,$25,$38,$31,$29,$100,$64,$46,47,$0.62,$0.61,$140,$0,$0,$768,$1003,$0,$126,$193,$1444,$2212,$585,$109,$220,$819,$1404,$49,$585,$-253,$809,$2212,$29,$35,$34,$70,$4,$0,$0,$-6,$-5,$93,$-70,$0,$-1,$0,$0,$0,$2,$-69,$-3,$-12,$-15,$4,$4,$-4,$-8,$-23,$2,$1,$-4
47,2006-12-31,30.73,$15.54,1.98,$56.38,0.55,$-15.39,0.0,$10.81,2.84,$0.75B,$0.61B,1.24,$0.13B,$0.75B,0.17,$2.82B,$0.66B,23.50%,$2.82B,$0.20B,7.24%,$2.82B,$0.20B,7.24%,$2.82B,$0.30B,10.58%,$2.82B,$0.21B,7.42%,$2.82B,$0.59B,20.87%,$0.59B,$0.75B,67.35%,$0.59B,$0.63B,77.57%,$0.59B,$2.19B,24.82%,$0.20B,$0.88B,20.21%,$745,$558,$188,$0,$124,$681,$64,$1,$65,$18,$47,$40,$127,$62,$64,$46,47,$2.74,$2.71,$137,$0,$0,$751,$982,$0,$124,$189,$1437,$2188,$607,$126,$149,$828,$1434,$49,$552,$-261,$754,$2188,$587,$93,$-409,$-316,$-36,$0,$0,$4,$-239,$32,$-109,$0,$996,$-10,$0,$-10,$-170,$708,$-86,$-63,$-149,$-612,$-612,$-19,$-3,$-783,$-38,$10,$-19
