,Date,Stock Price,Book Value per Share,Price to Book Ratio,TTM Sales per Share,Price to Sales Ratio,TTM FCF per Share,Price to FCF Ratio,TTM Net EPS,PE Ratio,Current Assets,Current Liabilities,Current Ratio,Long Term Debt,Shareholder's Equity_x,Debt to Equity Ratio,TTM Revenue_x,TTM Gross Profit,Gross Margin,TTM Revenue_y,TTM Operating Income,Operating Margin,TTM Revenue_x,TTM EBIT,EBIT Margin,TTM Revenue_y,TTM EBITDA,EBITDA Margin,TTM Revenue_x,TTM Pre-Tax Income,Pre-Tax Margin,TTM Revenue_y,TTM Net Income_x,Net Margin,TTM Net Income_y,Shareholder's Equity_y,Return on Equity,TTM Net Income_x,Tangible Equity,Return on Tangible Equity,TTM Net Income_y,Total Assets,Return on Assets,TTM Net Income,LT Investments & Debt,Return on Investment,revenue,cost-goods-sold,gross-profit,research-development-expenses,selling-general-administrative-expenses,operating-expenses,operating-income,total-non-operating-income-expense,pre-tax-income,total-provision-income-taxes,income-after-taxes,income-from-continuous-operations,net-income,ebitda,ebit,basic-shares-outstanding,shares-outstanding,eps-basic-net-earnings-per-share,eps-earnings-per-share-diluted,cash-on-hand,inventory,other-current-assets,total-current-assets,net-property-plant-equipment,long-term-investments,goodwill-intangible-assets-total,other-long-term-assets,total-long-term-assets,total-assets,total-current-liabilities,long-term-debt,other-non-current-liabilities,total-long-term-liabilities,total-liabilities,common-stock-net,retained-earnings-accumulated-deficit,comprehensive-income,total-share-holder-equity,total-liabilities-share-holders-equity,net-income-loss,total-depreciation-amortization-cash-flow,other-non-cash-items,total-non-cash-items,change-in-accounts-receivable,change-in-inventories,change-in-accounts-payable,change-in-assets-liabilities,total-change-in-assets-liabilities,cash-flow-from-operating-activities,net-change-in-property-plant-equipment,net-change-in-intangible-assets,net-acquisitions-divestitures,net-change-in-short-term-investments,net-change-in-long-term-investments,net-change-in-investments-total,investing-activities-other,cash-flow-from-investing-activities,net-long-term-debt,net-current-debt,debt-issuance-retirement-net-total,net-common-equity-issued-repurchased,net-total-equity-issued-repurchased,total-common-preferred-stock-dividends-paid,financial-activities-other,cash-flow-from-financial-activities,net-cash-flow,stock-based-compensation,common-stock-dividends-paid
0,2017-06-30,17.2,$0.00,0.0,$90.89,0.19,$38.21,0.45,$1.47,11.7,$1.36B,$0.95B,1.43,$3.65B,$0.00B,0.0,$2.70B,$2.70B,100.00%,$2.70B,$0.49B,18.06%,$2.70B,$0.49B,18.06%,$2.70B,$0.91B,33.74%,$2.70B,$0.34B,12.68%,$2.70B,$0.04B,1.59%,$0.04B,$0.96B,4.34%,$0.04B,$-0.98B,-4.54%,$0.04B,$5.88B,0.73%,$0.49B,$4.61B,11.36%,$630,$0,$630,$0,$359,$525,$105,$-35,$70,$21,$49,$49,$8,$134,$105,$28,28,$0.29,$0.29,$643,$30,$0,$1359,$2016,$3,$1936,$0,$4518,$5877,$951,$3651,$86,$3966,$4917,$0,$0,$0,$960,$5877,$0,$0,$0,$0,$0,$0,$0,$0,$0,$0,$0,$0,$0,$0,$0,$0,$0,$0,$0,$0,$0,$0,$0,$0,$0,$0,$0,$0,$0
1,2016-06-30,23.86,$0.00,0.0,$88.12,0.27,$52.94,0.45,$1.35,17.67,$1.55B,$1.34B,1.16,$3.31B,$0.97B,3.4,$2.66B,$2.66B,100.00%,$2.66B,$0.49B,18.34%,$2.66B,$0.49B,18.34%,$2.66B,$1.05B,39.44%,$2.66B,$0.34B,12.84%,$2.66B,$0.04B,1.51%,$0.04B,$0.97B,4.21%,$0.04B,$-0.93B,-3.96%,$0.04B,$5.93B,0.68%,$0.49B,$4.28B,11.76%,$639,$0,$639,$0,$370,$643,$-4,$-35,$-39,$15,$-54,$-54,$-86,$271,$-4,$30,30,$-2.89,$-2.89,$936,$28,$0,$1554,$1851,$6,$1902,$0,$4378,$5932,$1341,$3307,$78,$3620,$4961,$1,$108,$0,$971,$5932,$110,$282,$142,$424,$16,$1,$-26,$-6,$-15,$455,$-134,$-31,$0,$-146,$0,$-146,$1,$-310,$156,$0,$156,$0,$0,$-92,$-7,$57,$202,$0,$-92
2,2016-03-31,25.76,$39.04,0.66,$86.00,0.3,$51.24,0.5,$1.18,21.83,$1.54B,$1.47B,1.04,$3.08B,$1.17B,2.64,$2.69B,$2.69B,100.00%,$2.69B,$0.52B,19.16%,$2.69B,$0.52B,19.16%,$2.69B,$1.10B,40.74%,$2.69B,$0.35B,13.03%,$2.69B,$0.04B,1.34%,$0.04B,$1.17B,3.82%,$0.04B,$-0.81B,-3.33%,$0.04B,$6.04B,0.61%,$0.52B,$4.25B,12.40%,$672,$0,$672,$0,$385,$554,$118,$-39,$79,$24,$55,$55,$8,$271,$118,$30,30,$0.27,$0.27,$877,$33,$0,$1536,$1904,$6,$1976,$0,$4506,$6042,$1473,$3080,$82,$3402,$4875,$1,$194,$0,$1167,$6042,$42,$145,$82,$227,$-9,$-2,$17,$-4,$2,$238,$-67,$-14,$0,$-109,$0,$-109,$-3,$-193,$-104,$0,$-104,$0,$0,$0,$231,$127,$172,$0,$0
3,2015-12-31,21.73,$29.07,0.75,$81.08,0.27,$50.91,0.43,$1.78,12.21,$1.21B,$1.33B,0.91,$3.15B,$0.87B,3.63,$2.56B,$2.56B,100.00%,$2.56B,$0.52B,20.20%,$2.56B,$0.52B,20.20%,$2.56B,$1.06B,41.54%,$2.56B,$0.38B,14.97%,$2.56B,$0.05B,2.11%,$0.05B,$0.87B,6.03%,$0.05B,$-1.07B,-4.50%,$0.05B,$5.67B,0.90%,$0.52B,$4.02B,12.29%,$705,$0,$705,$0,$420,$571,$134,$-38,$96,$24,$72,$72,$13,$234,$134,$30,30,$0.43,$0.43,$582,$30,$4,$1212,$1844,$6,$1941,$0,$4457,$5669,$1332,$3150,$70,$3468,$4800,$1,$27,$0,$869,$5669,$291,$546,$197,$743,$83,$-5,$-69,$34,$43,$936,$-300,$-80,$0,$403,$0,$403,$57,$80,$-330,$0,$-330,$0,$0,$-33,$-687,$-1050,$-34,$0,$-33
4,2015-09-30,16.57,$0.00,0.0,$72.65,0.23,$54.89,0.3,$0.89,18.62,$1.42B,$1.51B,0.94,$3.23B,$0.00B,0.0,$2.31B,$2.31B,100.00%,$2.31B,$0.49B,21.28%,$2.31B,$0.49B,21.28%,$2.31B,$0.90B,38.84%,$2.31B,$0.39B,16.69%,$2.31B,$0.05B,2.21%,$0.05B,$0.79B,5.61%,$0.05B,$-1.23B,-4.72%,$0.05B,$5.87B,0.86%,$0.49B,$4.02B,11.62%,$653,$0,$653,$0,$382,$519,$134,$-37,$97,$28,$69,$69,$10,$271,$134,$29,29,$0.35,$0.35,$775,$23,$6,$1422,$1861,$85,$2024,$0,$4446,$5868,$1514,$3231,$72,$3563,$5077,$0,$0,$0,$791,$5868,$212,$405,$185,$590,$50,$2,$-44,$-1,$7,$710,$-235,$-68,$0,$300,$-2,$298,$81,$76,$-242,$0,$-242,$0,$0,$0,$-462,$-704,$82,$0,$0
5,2015-06-30,12.32,$0.00,0.0,$64.17,0.19,$40.16,0.31,$0.56,22.01,$1.43B,$1.37B,1.04,$3.42B,$0.00B,0.0,$2.25B,$2.25B,100.00%,$2.25B,$0.50B,22.11%,$2.25B,$0.50B,22.11%,$2.25B,$0.77B,34.03%,$2.25B,$0.39B,17.13%,$2.25B,$0.04B,1.78%,$0.04B,$0.94B,4.28%,$0.04B,$-1.21B,-4.17%,$0.04B,$6.08B,0.67%,$0.50B,$4.36B,11.59%,$680,$0,$680,$0,$408,$554,$126,$-51,$75,$33,$42,$42,$-6,$321,$126,$30,30,$-0.20,$-0.20,$741,$26,$6,$1429,$1949,$55,$2153,$0,$4652,$6081,$1371,$3420,$72,$3769,$5140,$0,$0,$0,$941,$6081,$152,$268,$128,$396,$38,$0,$-52,$-1,$-15,$468,$-150,$-57,$0,$335,$0,$335,$83,$211,$-180,$0,$-180,$0,$0,$0,$-458,$-638,$41,$0,$0
6,2015-03-31,13.98,$0.00,0.0,$64.96,0.22,$30.62,0.46,$1.40,9.98,$1.86B,$1.52B,1.23,$3.44B,$0.00B,0.0,$2.21B,$2.21B,100.00%,$2.21B,$0.64B,28.81%,$2.21B,$0.64B,28.81%,$2.21B,$0.75B,33.79%,$2.21B,$0.52B,23.56%,$2.21B,$0.07B,2.94%,$0.07B,$0.98B,6.59%,$0.07B,$-1.28B,-7.96%,$0.07B,$6.29B,1.09%,$0.64B,$4.42B,14.81%,$659,$0,$659,$0,$401,$566,$93,$-20,$74,$-3,$77,$77,$26,$237,$93,$30,30,$0.89,$0.91,$1176,$22,$21,$1863,$1851,$90,$2261,$0,$4429,$6292,$1519,$3440,$86,$3790,$5309,$0,$0,$0,$983,$6292,$77,$110,$54,$164,$21,$2,$-11,$2,$14,$238,$-73,$-17,$0,$-74,$-1,$-75,$77,$-88,$-19,$0,$-19,$0,$0,$0,$-10,$-29,$121,$0,$0
7,2014-12-31,14.74,$30.85,0.48,$69.62,0.21,$25.26,0.58,$-0.96,0.0,$1.67B,$1.00B,1.67,$3.18B,$0.92B,3.45,$2.33B,$2.33B,100.00%,$2.33B,$0.66B,28.48%,$2.33B,$0.66B,28.48%,$2.33B,$0.66B,28.48%,$2.33B,$0.46B,19.85%,$2.33B,$-0.01B,-0.21%,$-0.01B,$0.92B,-0.51%,$-0.01B,$-0.60B,0.70%,$-0.01B,$5.46B,-0.08%,$0.66B,$4.10B,15.41%,$663,$0,$663,$0,$385,$529,$134,$-39,$95,$29,$66,$66,$10,$67,$134,$31,32,$0.32,$0.31,$998,$25,$13,$1671,$1690,$342,$1519,$0,$3790,$5461,$1003,$3177,$84,$3536,$4539,$1,$6,$0,$922,$5461,$291,$482,$215,$697,$141,$7,$-10,$-14,$124,$974,$-219,$-50,$153,$-356,$-5,$-361,$-11,$-488,$55,$0,$55,$0,$0,$0,$-548,$-493,$-7,$0,$0
8,2014-09-30,16.03,$0.00,0.0,$80.96,0.2,$31.98,0.5,$-0.92,0.0,$2.04B,$1.36B,1.5,$3.38B,$0.00B,0.0,$2.69B,$2.69B,100.00%,$2.69B,$0.76B,28.19%,$2.69B,$0.76B,28.19%,$2.69B,$0.76B,28.19%,$2.69B,$0.50B,18.74%,$2.69B,$-0.01B,-0.48%,$-0.01B,$0.89B,-1.25%,$-0.01B,$-0.75B,1.70%,$-0.01B,$5.99B,-0.22%,$0.76B,$4.27B,17.19%,$691,$0,$691,$0,$398,$528,$163,$-55,$107,$36,$71,$71,$6,$140,$163,$32,33,$0.19,$0.18,$1298,$22,$39,$2039,$1757,$305,$1635,$0,$3951,$5990,$1361,$3376,$67,$3740,$5101,$0,$0,$0,$889,$5990,$0,$0,$0,$0,$0,$0,$0,$0,$0,$0,$0,$0,$0,$0,$0,$0,$0,$0,$0,$0,$0,$0,$0,$0,$0,$0,$0,$0,$0
9,2014-06-30,16.21,$0.00,0.0,$92.61,0.18,$31.98,0.51,$-0.76,0.0,$1.74B,$1.20B,1.46,$3.26B,$0.00B,0.0,$2.76B,$2.76B,100.00%,$2.76B,$0.76B,27.61%,$2.76B,$0.76B,27.61%,$2.76B,$0.76B,27.61%,$2.76B,$0.50B,18.17%,$2.76B,$-0.01B,-0.29%,$-0.01B,$1.15B,-0.74%,$-0.01B,$-0.64B,1.02%,$-0.01B,$6.05B,-0.13%,$0.76B,$4.42B,17.02%,$546,$0,$546,$0,$311,$419,$127,$-20,$107,$30,$77,$77,$12,$303,$127,$30,31,$0.40,$0.39,$900,$26,$39,$1740,$1903,$318,$1796,$0,$4306,$6046,$1196,$3263,$107,$3698,$4894,$0,$0,$0,$1152,$6046,$0,$0,$0,$0,$0,$0,$0,$0,$0,$0,$0,$0,$0,$0,$0,$0,$0,$0,$0,$0,$0,$0,$0,$0,$0,$0,$0,$0,$0
10,2014-03-31,13.7,$0.00,0.0,$92.76,0.15,$48.08,0.28,$-1.48,0.0,$1.72B,$1.21B,1.43,$3.46B,$0.00B,0.0,$2.76B,$2.76B,100.00%,$2.76B,$0.60B,21.89%,$2.76B,$0.60B,21.89%,$2.76B,$0.60B,21.89%,$2.76B,$0.36B,13.16%,$2.76B,$-0.03B,-1.09%,$-0.03B,$0.98B,-2.74%,$-0.03B,$-0.88B,3.73%,$-0.03B,$6.07B,-0.49%,$0.60B,$4.43B,13.36%,$407,$0,$407,$0,$234,$340,$67,$9,$76,$21,$55,$55,$23,$153,$67,$30,30,$0.75,$0.75,$835,$29,$58,$1723,$1875,$319,$1860,$0,$4346,$6069,$1208,$3456,$83,$3884,$5092,$0,$0,$0,$977,$6069,$0,$0,$0,$0,$0,$0,$0,$0,$0,$0,$0,$0,$0,$0,$0,$0,$0,$0,$0,$0,$0,$0,$0,$0,$0,$0,$0,$0,$0
11,2013-12-31,14.53,$37.71,0.39,$92.87,0.16,$48.08,0.3,$0.89,16.33,$1.66B,$1.14B,1.45,$3.40B,$1.13B,3.02,$2.76B,$2.76B,100.00%,$2.76B,$0.59B,21.27%,$2.76B,$0.59B,21.27%,$2.76B,$0.59B,21.27%,$2.76B,$0.42B,15.32%,$2.76B,$0.04B,1.45%,$0.04B,$1.13B,3.43%,$0.04B,$-0.78B,-5.33%,$0.04B,$6.07B,0.65%,$0.59B,$4.53B,12.91%,$604,$0,$604,$0,$341,$464,$140,$-45,$95,$36,$59,$59,$-1,$162,$140,$50,50,$-0.02,$-0.02,$693,$34,$63,$1655,$1884,$315,$1905,$0,$4419,$6074,$1138,$3399,$46,$3809,$4947,$1,$12,$0,$1127,$6074,$271,$580,$334,$914,$188,$2,$7,$-1,$196,$1194,$-210,$-54,$0,$-45,$3,$-42,$14,$-292,$-110,$0,$-110,$0,$0,$-29,$-768,$-907,$-5,$8,$-29
12,2013-09-30,14.92,$0.00,0.0,$91.87,0.16,$43.27,0.34,$1.44,10.36,$1.72B,$1.16B,1.48,$3.47B,$0.00B,0.0,$2.70B,$2.70B,100.00%,$2.70B,$0.69B,25.60%,$2.70B,$0.69B,25.60%,$2.70B,$0.69B,25.60%,$2.70B,$0.55B,20.20%,$2.70B,$0.06B,2.37%,$0.06B,$1.09B,5.44%,$0.06B,$-0.83B,-8.52%,$0.06B,$6.14B,1.04%,$0.69B,$4.56B,15.38%,$654,$0,$654,$0,$368,$351,$303,$-60,$243,$77,$166,$166,$31,$145,$303,$30,30,$1.04,$1.02,$739,$34,$63,$1723,$1862,$308,$1918,$0,$4422,$6143,$1161,$3474,$42,$3895,$5056,$0,$0,$0,$1087,$6143,$0,$0,$0,$0,$0,$0,$0,$0,$0,$0,$0,$0,$0,$0,$0,$0,$0,$0,$0,$0,$0,$0,$0,$0,$0,$0,$0,$0,$0
13,2013-06-30,6.97,$0.00,0.0,$89.56,0.08,$43.27,0.16,$0.83,8.4,$1.75B,$1.19B,1.47,$3.37B,$0.00B,0.0,$2.66B,$2.66B,100.00%,$2.66B,$0.61B,22.87%,$2.66B,$0.61B,22.87%,$2.66B,$0.61B,22.87%,$2.66B,$0.46B,17.42%,$2.66B,$0.05B,1.73%,$0.05B,$1.19B,4.02%,$0.05B,$-0.73B,-6.03%,$0.05B,$6.16B,0.76%,$0.61B,$4.56B,13.93%,$663,$0,$663,$0,$378,$510,$153,$-105,$48,$37,$11,$11,$-58,$144,$153,$30,30,$-1.95,$-1.96,$761,$39,$67,$1752,$1831,$306,$1917,$0,$4406,$6158,$1193,$3369,$43,$3775,$4968,$0,$0,$0,$1190,$6158,$160,$271,$155,$426,$76,$-6,$-22,$-1,$47,$574,$-91,$-26,$0,$-168,$2,$-166,$7,$-276,$29,$0,$29,$0,$0,$0,$-357,$-328,$-30,$4,$0
14,2013-03-31,4.74,$0.00,0.0,$90.05,0.05,$27.17,0.17,$-0.04,0.0,$1.74B,$1.28B,1.37,$3.24B,$0.00B,0.0,$2.67B,$2.67B,100.00%,$2.67B,$0.55B,20.57%,$2.67B,$0.55B,20.57%,$2.67B,$0.55B,20.57%,$2.67B,$0.38B,14.25%,$2.67B,$0.02B,0.75%,$0.02B,$1.26B,1.77%,$0.02B,$-0.67B,-2.58%,$0.02B,$6.19B,0.34%,$0.55B,$4.51B,12.82%,$768,$0,$768,$0,$447,$606,$162,$-44,$118,$39,$79,$79,$15,$135,$162,$31,31,$0.45,$0.45,$732,$41,$69,$1741,$1830,$306,$1929,$0,$4450,$6191,$1275,$3243,$40,$3653,$4928,$0,$0,$0,$1263,$6191,$0,$0,$0,$0,$0,$0,$0,$0,$0,$0,$0,$0,$0,$0,$0,$0,$0,$0,$0,$0,$0,$0,$0,$0,$0,$0,$0,$0,$0
15,2012-12-31,3.34,$38.91,0.09,$93.37,0.04,$27.17,0.12,$-0.31,0.0,$1.55B,$1.28B,1.21,$3.21B,$1.16B,2.76,$2.75B,$2.75B,100.00%,$2.75B,$0.52B,18.92%,$2.75B,$0.52B,18.92%,$2.75B,$0.52B,18.92%,$2.75B,$0.36B,13.11%,$2.75B,$0.01B,0.44%,$0.01B,$1.16B,1.03%,$0.01B,$-0.78B,-1.53%,$0.01B,$6.06B,0.20%,$0.52B,$4.37B,11.91%,$678,$0,$678,$0,$384,$533,$145,$-52,$93,$40,$53,$53,$4,$268,$145,$29,29,$0.14,$0.14,$601,$33,$44,$1549,$1852,$293,$1943,$0,$4512,$6061,$1277,$3209,$36,$3621,$4898,$1,$1,$0,$1163,$6061,$212,$634,$359,$993,$135,$20,$-55,$-57,$43,$1071,$-259,$0,$0,$-49,$27,$-22,$-60,$-341,$-121,$0,$-121,$0,$0,$0,$-773,$-894,$-164,$19,$0
16,2012-09-30,3.72,$0.00,0.0,$89.88,0.04,$15.95,0.23,$-1.74,0.0,$1.47B,$1.25B,1.18,$3.10B,$0.00B,0.0,$2.66B,$2.66B,100.00%,$2.66B,$0.41B,15.21%,$2.66B,$0.41B,15.21%,$2.66B,$0.41B,15.21%,$2.66B,$0.14B,5.11%,$2.66B,$-0.05B,-1.99%,$-0.05B,$0.96B,-4.42%,$-0.05B,$-0.88B,6.69%,$-0.05B,$5.77B,-0.85%,$0.41B,$4.06B,9.12%,$650,$0,$650,$0,$360,$506,$144,$-40,$104,$35,$69,$69,$9,$62,$144,$29,30,$0.31,$0.30,$545,$38,$42,$1470,$1741,$275,$1838,$0,$4300,$5770,$1251,$3097,$123,$3561,$4812,$0,$0,$0,$958,$5770,$0,$0,$0,$0,$0,$0,$0,$0,$0,$0,$0,$0,$0,$0,$0,$0,$0,$0,$0,$0,$0,$0,$0,$0,$0,$0,$0,$0,$0
17,2012-06-30,2.46,$0.00,0.0,$94.66,0.03,$15.95,0.15,$-1.57,0.0,$1.39B,$1.13B,1.24,$3.10B,$0.00B,0.0,$2.81B,$2.81B,100.00%,$2.81B,$0.47B,16.72%,$2.81B,$0.47B,16.72%,$2.81B,$0.47B,16.72%,$2.81B,$0.19B,6.76%,$2.81B,$-0.05B,-1.71%,$-0.05B,$1.13B,-3.68%,$-0.05B,$-0.78B,6.09%,$-0.05B,$5.85B,-0.73%,$0.47B,$4.23B,10.14%,$659,$0,$659,$0,$381,$524,$135,$-28,$107,$37,$70,$70,$12,$85,$135,$29,29,$0.41,$0.41,$416,$52,$42,$1392,$1776,$284,$1909,$0,$4453,$5845,$1127,$3101,$121,$3588,$4715,$0,$0,$0,$1130,$5845,$0,$0,$0,$0,$0,$0,$0,$0,$0,$0,$0,$0,$0,$0,$0,$0,$0,$0,$0,$0,$0,$0,$0,$0,$0,$0,$0,$0,$0
18,2012-03-31,7.31,$0.00,0.0,$109.20,0.07,$15.95,0.46,$-1.14,0.0,$1.89B,$1.30B,1.46,$3.43B,$0.00B,0.0,$3.00B,$3.00B,100.00%,$3.00B,$0.53B,17.65%,$3.00B,$0.53B,17.65%,$3.00B,$0.53B,17.65%,$3.00B,$0.26B,8.51%,$3.00B,$-0.03B,-1.13%,$-0.03B,$1.40B,-2.37%,$-0.03B,$-0.70B,4.18%,$-0.03B,$6.76B,-0.50%,$0.53B,$4.84B,11.21%,$716,$0,$716,$0,$419,$448,$268,$-26,$242,$76,$166,$166,$39,$106,$268,$30,30,$1.30,$1.30,$851,$61,$43,$1894,$1905,$307,$2106,$0,$4867,$6761,$1296,$3433,$212,$4062,$5358,$0,$0,$0,$1403,$6761,$0,$0,$0,$0,$0,$0,$0,$0,$0,$0,$0,$0,$0,$0,$0,$0,$0,$0,$0,$0,$0,$0,$0,$0,$0,$0,$0,$0,$0
19,2011-12-31,11.64,$0.00,0.0,$112.52,0.1,$15.95,0.73,$-1.83,0.0,$1.67B,$1.22B,1.37,$3.32B,$1.31B,2.54,$3.10B,$3.10B,100.00%,$3.10B,$0.51B,16.44%,$3.10B,$0.51B,16.44%,$3.10B,$0.51B,16.44%,$3.10B,$0.20B,6.52%,$3.10B,$-0.05B,-1.74%,$-0.05B,$1.31B,-3.40%,$-0.05B,$-0.81B,6.55%,$-0.05B,$6.52B,-0.78%,$0.51B,$4.63B,10.90%,$638,$0,$638,$0,$377,$576,$62,$-51,$11,$19,$-8,$-8,$-14,$152,$62,$30,30,$-0.47,$-0.47,$694,$53,$41,$1667,$0,$308,$2116,$392,$2982,$6519,$1220,$3323,$293,$3990,$5210,$1,$-9,$0,$1309,$6519,$31,$781,$0,$781,$0,$0,$0,$0,$-231,$833,$-345,$0,$0,$0,$0,$-119,$-71,$-535,$0,$0,$772,$0,$5,$0,$-817,$-40,$258,$0,$0
20,2011-09-30,12.86,$0.00,0.0,$100.25,0.13,$4.63,2.78,$-3.10,0.0,$2.03B,$1.66B,1.23,$3.45B,$1.38B,2.5,$3.33B,$3.33B,100.00%,$3.33B,$0.20B,5.97%,$3.33B,$0.20B,5.97%,$3.33B,$0.20B,5.97%,$3.33B,$0.15B,4.59%,$3.33B,$-0.24B,-7.26%,$-0.24B,$1.38B,-13.10%,$-0.24B,$-0.87B,35.55%,$-0.24B,$7.17B,-3.45%,$0.20B,$4.84B,4.18%,$661,$0,$661,$0,$376,$576,$85,$-64,$21,$19,$2,$2,$-17,$127,$85,$30,30,$-0.57,$-0.57,$1079,$54,$91,$2034,$0,$309,$2247,$429,$3148,$7173,$1659,$3454,$342,$4132,$5791,$0,$0,$0,$1382,$7173,$0,$0,$0,$0,$0,$0,$0,$0,$0,$0,$0,$0,$0,$0,$0,$0,$0,$0,$0,$0,$0,$0,$0,$0,$0,$0,$0,$0,$0
21,2011-06-30,19.53,$0.00,0.0,$101.75,0.19,$4.63,4.22,$-2.43,0.0,$1.29B,$1.58B,0.81,$2.92B,$1.65B,1.77,$3.37B,$3.37B,100.00%,$3.37B,$0.35B,10.37%,$3.37B,$0.35B,10.37%,$3.37B,$0.35B,10.37%,$3.37B,$0.21B,6.25%,$3.37B,$-0.22B,-6.58%,$-0.22B,$1.65B,-9.80%,$-0.22B,$-0.88B,31.03%,$-0.22B,$6.97B,-3.08%,$0.35B,$4.57B,7.05%,$738,$0,$738,$0,$429,$632,$106,$-19,$87,$35,$52,$52,$4,$144,$106,$27,29,$0.15,$0.14,$258,$81,$110,$1285,$0,$340,$2531,$432,$3495,$6972,$1583,$2919,$419,$3737,$5320,$0,$0,$0,$1652,$6972,$0,$0,$0,$0,$0,$0,$0,$0,$0,$0,$0,$0,$0,$0,$0,$0,$0,$0,$0,$0,$0,$0,$0,$0,$0,$0,$0,$0,$0
22,2011-03-31,27.35,$0.00,0.0,$88.16,0.31,$4.63,5.9,$-2.39,0.0,$1.28B,$1.56B,0.82,$2.63B,$1.73B,1.52,$3.21B,$3.21B,100.00%,$3.21B,$0.37B,11.47%,$3.21B,$0.37B,11.47%,$3.21B,$0.37B,11.47%,$3.21B,$0.24B,7.42%,$3.21B,$-0.22B,-6.92%,$-0.22B,$2.00B,-11.98%,$-0.22B,$-0.75B,44.78%,$-0.22B,$7.14B,-4.07%,$0.37B,$4.64B,9.63%,$626,$0,$626,$0,$290,$474,$152,$-15,$17,$75,$-58,$-26,$-26,$86,$152,$31,31,$-0.85,$-0.84,$318,$71,$85,$1275,$0,$344,$2752,$373,$3738,$7139,$1556,$2631,$457,$3579,$5135,$0,$0,$0,$2004,$7139,$0,$0,$0,$0,$0,$0,$0,$0,$0,$0,$0,$0,$0,$0,$0,$0,$0,$0,$0,$0,$0,$0,$0,$0,$0,$0,$0,$0,$0
23,2010-12-31,29.89,$0.00,0.0,$59.01,0.51,$4.63,6.45,$-1.59,0.0,$1.26B,$1.17B,1.08,$2.66B,$2.35B,1.13,$2.37B,$2.37B,100.00%,$2.37B,$0.28B,11.73%,$2.37B,$0.28B,11.73%,$2.37B,$0.28B,11.73%,$2.37B,$0.20B,8.44%,$2.37B,$-0.20B,-8.40%,$-0.20B,$2.35B,-14.72%,$-0.20B,$-0.23B,64.45%,$-0.20B,$6.77B,-5.42%,$0.28B,$5.02B,10.44%,$786,$0,$786,$0,$467,$659,$127,$-62,$65,$37,$28,$-9,$-9,$-158,$127,$30,30,$-0.30,$-0.30,$330,$50,$56,$1262,$0,$341,$2582,$314,$3427,$6772,$1171,$2664,$148,$3250,$4421,$1,$49,$0,$2351,$6772,$91,$646,$0,$646,$0,$0,$0,$0,$-126,$735,$-248,$0,$-1210,$0,$0,$-190,$-66,$-1714,$0,$-127,$1741,$0,$40,$0,$-832,$822,$-157,$0,$0
24,2010-09-30,20.2,$0.00,0.0,$54.01,0.37,$2.12,9.51,$1.15,17.57,$1.45B,$1.50B,0.96,$2.58B,$3.06B,0.85,$1.59B,$1.74B,109.44%,$1.59B,$0.44B,27.50%,$1.59B,$0.44B,27.50%,$1.59B,$0.44B,27.69%,$1.59B,$0.26B,16.17%,$1.59B,$0.03B,1.95%,$0.03B,$3.06B,3.76%,$0.03B,$-1.00B,-16.32%,$0.03B,$7.92B,1.45%,$0.44B,$5.64B,29.25%,$847,$0,$847,$0,$499,$703,$144,$-58,$86,$34,$52,$-3,$-3,$278,$144,$23,23,$-0.13,$-0.14,$587,$49,$62,$1445,$0,$340,$4062,$293,$4969,$7924,$1504,$2583,$100,$3362,$4866,$0,$0,$0,$3058,$7924,$0,$0,$0,$0,$0,$0,$0,$0,$0,$0,$0,$0,$0,$0,$0,$0,$0,$0,$0,$0,$0,$0,$0,$0,$0,$0,$0,$0,$0
25,2010-06-30,18.34,$0.00,0.0,$29.42,0.62,$3.50,5.24,$0.94,19.52,$0.00B,$0.00B,0.0,$0.00B,$0.00B,0.0,$0.84B,$0.94B,111.44%,$0.84B,$0.17B,20.26%,$0.84B,$0.17B,20.26%,$0.84B,$0.18B,21.69%,$0.84B,$0.14B,16.45%,$0.84B,$0.02B,2.86%,$0.02B,$0.00B,20.82%,$0.02B,$0.00B,30.67%,$0.02B,$0.00B,8.92%,$0.17B,$0.00B,105.92%,$837,$0,$837,$0,$550,$751,$86,$-52,$34,$25,$9,$-16,$-16,$162,$86,$29,29,$-0.55,$-0.55,$0,$0,$0,$0,$0,$0,$0,$0,$0,$0,$0,$0,$0,$0,$0,$0,$0,$0,$0,$0,$0,$0,$0,$0,$0,$0,$0,$0,$0,$0,$0,$0,$0,$0,$0,$0,$0,$0,$0,$0,$0,$0,$0,$0,$0,$0,$0,$0,$0
26,2010-03-31,27.36,$0.00,0.0,$9.33,2.93,$4.29,6.37,$1.30,21.05,$0.00B,$0.00B,0.0,$0.00B,$0.00B,0.0,$0.23B,$0.28B,120.09%,$0.23B,$0.02B,9.40%,$0.23B,$0.02B,9.40%,$0.23B,$0.05B,20.51%,$0.23B,$0.03B,14.53%,$0.23B,$0.03B,14.53%,$0.03B,$0.00B,20.57%,$0.03B,$0.00B,36.66%,$0.03B,$0.00B,9.18%,$0.02B,$0.00B,9.52%,$862,$0,$862,$0,$638,$1020,$-158,$-59,$-32,$19,$-51,$-214,$-214,$-4,$-158,$105,105,$-2.03,$-2.11,$0,$0,$0,$0,$0,$0,$0,$0,$0,$0,$0,$0,$0,$0,$0,$0,$0,$0,$0,$0,$0,$0,$0,$0,$0,$0,$0,$0,$0,$0,$0,$0,$0,$0,$0,$0,$0,$0,$0,$0,$0,$0,$0,$0,$0,$0,$0,$0,$0
27,2009-12-31,17.01,$0.00,0.0,$12.00,1.42,$4.64,3.67,$1.51,11.26,$0.64B,$0.30B,2.1,$0.09B,$0.24B,0.37,$0.30B,$0.30B,100.33%,$0.30B,$0.04B,11.92%,$0.30B,$0.04B,11.92%,$0.30B,$0.06B,20.53%,$0.30B,$0.05B,17.88%,$0.30B,$0.04B,12.91%,$0.04B,$0.24B,18.51%,$0.04B,$0.24B,37.68%,$0.04B,$0.64B,8.36%,$0.04B,$0.34B,12.16%,$828,$0,$828,$0,$415,$550,$278,$-40,$123,$44,$78,$11,$11,$4,$278,$30,30,$0.37,$0.37,$275,$0,$361,$638,$0,$0,$0,$0,$0,$638,$304,$91,$0,$91,$394,$1,$80,$0,$244,$638,$39,$26,$0,$26,$0,$0,$0,$0,$4,$66,$-12,$0,$0,$0,$0,$57,$-28,$17,$0,$119,$42,$0,$-0,$0,$-12,$149,$233,$0,$0
28,2009-09-30,8.41,$0.00,0.0,$8.82,0.95,$2.51,3.34,$0.88,9.55,$0.15B,$0.12B,1.33,$0.09B,$0.22B,0.41,$0.28B,$0.09B,32.14%,$0.28B,$0.04B,13.93%,$0.28B,$0.04B,13.93%,$0.28B,$0.06B,22.14%,$0.28B,$0.04B,13.57%,$0.28B,$0.03B,10.36%,$0.03B,$0.22B,14.87%,$0.03B,$0.07B,58.88%,$0.03B,$0.44B,7.03%,$0.04B,$0.31B,13.78%,$680,$0,$680,$0,$390,$518,$162,$-48,$113,$40,$73,$-3,$-3,$20,$162,$29,29,$-0.10,$-0.10,$99,$0,$5,$154,$0,$0,$149,$90,$238,$438,$115,$90,$9,$106,$221,$1,$47,$0,$217,$438,$23,$23,$0,$23,$0,$0,$0,$0,$-2,$47,$-13,$0,$0,$0,$0,$0,$0,$-12,$0,$0,$0,$0,$-0,$0,$0,$-36,$0,$0,$0
29,2009-06-30,6.71,$0.00,0.0,$8.93,0.75,$1.14,5.89,$0.87,7.72,$0.14B,$0.11B,1.27,$0.08B,$0.20B,0.41,$0.28B,$0.09B,32.75%,$0.28B,$0.04B,13.73%,$0.28B,$0.04B,13.73%,$0.28B,$0.05B,18.66%,$0.28B,$0.04B,13.73%,$0.28B,$0.03B,10.21%,$0.03B,$0.20B,15.30%,$0.03B,$0.06B,77.33%,$0.03B,$0.41B,6.93%,$0.04B,$0.28B,13.72%,$0,$0,$0,$0,$4,$4,$-4,$0,$-4,$6,$-9,$7,$7,$28,$-4,$26,26,$0.26,$0.25,$82,$0,$7,$139,$0,$0,$141,$83,$225,$406,$109,$82,$8,$98,$207,$1,$40,$0,$200,$406,$18,$14,$0,$14,$0,$0,$0,$0,$-1,$29,$-9,$0,$0,$0,$0,$10,$0,$1,$0,$0,$0,$0,$-0,$0,$0,$-31,$0,$0,$0
30,2009-03-31,4.63,$0.00,0.0,$8.96,0.52,$0.35,13.37,$0.67,6.9,$0.08B,$0.11B,0.75,$0.08B,$0.00B,0.0,$0.29B,$0.09B,32.17%,$0.29B,$0.04B,12.24%,$0.29B,$0.04B,12.24%,$0.29B,$0.04B,12.24%,$0.29B,$0.03B,11.19%,$0.29B,$0.02B,8.39%,$0.02B,$0.18B,12.70%,$0.02B,$0.04B,86.49%,$0.02B,$0.39B,5.53%,$0.04B,$0.26B,11.97%,$81,$-150,$231,$0,$204,$80,$1,$10,$25,$8,$17,$16,$16,$10,$1,$25,25,$0.63,$0.63,$19,$0,$15,$82,$0,$45,$138,$78,$262,$385,$109,$79,$8,$94,$203,$0,$0,$0,$182,$385,$12,$0,$0,$0,$0,$0,$0,$0,$0,$14,$-5,$0,$0,$0,$0,$-0,$0,$-5,$0,$0,$0,$0,$0,$0,$0,$-23,$-13,$0,$0
31,2008-12-31,3.15,$0.00,0.0,$9.20,0.34,0,0.0,$0.27,11.66,$0.10B,$0.12B,0.81,$0.10B,$0.18B,0.56,$0.29B,$0.09B,32.19%,$0.29B,$0.04B,11.99%,$0.29B,$0.04B,11.99%,$0.29B,$0.04B,11.99%,$0.29B,$0.02B,6.16%,$0.29B,$0.01B,4.79%,$0.01B,$0.18B,7.37%,$0.01B,$0.03B,67.47%,$0.01B,$0.42B,3.09%,$0.04B,$0.28B,11.63%,$78,$54,$24,$0,$13,$67,$11,$-6,$4,$0,$4,$4,$4,$4,$11,$25,25,$0.16,$0.16,$36,$0,$11,$100,$99,$40,$154,$83,$376,$422,$124,$102,$9,$117,$241,$1,$23,$0,$181,$422,$13,$29,$0,$29,$0,$0,$0,$0,$-4,$55,$-15,$0,$0,$0,$0,$-68,$0,$-83,$0,$-1,$-11,$0,$0,$0,$0,$-12,$-45,$0,$0
32,2008-09-30,5.94,$0.00,0.0,$12.54,0.47,$2.11,2.81,$0.36,16.5,$0.15B,$0.13B,1.12,$0.12B,$0.00B,0.0,$0.30B,$0.15B,48.36%,$0.30B,$0.10B,33.55%,$0.30B,$0.10B,33.55%,$0.30B,$0.10B,33.55%,$0.30B,$0.08B,26.32%,$0.30B,$0.01B,3.29%,$0.01B,$0.20B,5.34%,$0.01B,$0.02B,59.70%,$0.01B,$0.46B,2.23%,$0.10B,$0.31B,33.83%,$75,$50,$26,$0,$12,$62,$14,$-1,$9,$2,$6,$7,$7,$11,$14,$25,25,$0.26,$0.26,$81,$0,$9,$149,$0,$7,$173,$85,$265,$462,$133,$117,$9,$134,$266,$0,$0,$0,$195,$462,$0,$0,$0,$0,$0,$0,$0,$0,$0,$0,$0,$0,$0,$0,$0,$0,$0,$0,$0,$0,$0,$0,$0,$0,$0,$0,$0,$0,$0
