,Date,Stock Price,Book Value per Share,Price to Book Ratio,TTM Sales per Share,Price to Sales Ratio,TTM FCF per Share,Price to FCF Ratio,TTM Net EPS,PE Ratio,Current Assets,Current Liabilities,Current Ratio,Long Term Debt,Shareholder's Equity_x,Debt to Equity Ratio,TTM Revenue_x,TTM Gross Profit,Gross Margin,TTM Revenue_y,TTM Operating Income,Operating Margin,TTM Revenue_x,TTM EBIT,EBIT Margin,TTM Revenue_y,TTM EBITDA,EBITDA Margin,TTM Revenue_x,TTM Pre-Tax Income,Pre-Tax Margin,TTM Revenue_y,TTM Net Income_x,Net Margin,TTM Net Income_y,Shareholder's Equity_y,Return on Equity,TTM Net Income_x,Tangible Equity,Return on Tangible Equity,TTM Net Income_y,Total Assets,Return on Assets,TTM Net Income,LT Investments & Debt,Return on Investment,revenue,cost-goods-sold,gross-profit,research-development-expenses,selling-general-administrative-expenses,operating-expenses,operating-income,total-non-operating-income-expense,pre-tax-income,total-provision-income-taxes,income-after-taxes,income-from-continuous-operations,net-income,ebitda,ebit,basic-shares-outstanding,shares-outstanding,eps-basic-net-earnings-per-share,eps-earnings-per-share-diluted,cash-on-hand,inventory,other-current-assets,total-current-assets,net-property-plant-equipment,long-term-investments,goodwill-intangible-assets-total,other-long-term-assets,total-long-term-assets,total-assets,total-current-liabilities,long-term-debt,other-non-current-liabilities,total-long-term-liabilities,total-liabilities,common-stock-net,retained-earnings-accumulated-deficit,comprehensive-income,total-share-holder-equity,total-liabilities-share-holders-equity,net-income-loss,total-depreciation-amortization-cash-flow,other-non-cash-items,total-non-cash-items,change-in-accounts-receivable,change-in-inventories,change-in-accounts-payable,change-in-assets-liabilities,total-change-in-assets-liabilities,cash-flow-from-operating-activities,net-change-in-property-plant-equipment,net-change-in-intangible-assets,net-acquisitions-divestitures,net-change-in-short-term-investments,net-change-in-long-term-investments,net-change-in-investments-total,investing-activities-other,cash-flow-from-investing-activities,net-long-term-debt,net-current-debt,debt-issuance-retirement-net-total,net-common-equity-issued-repurchased,net-total-equity-issued-repurchased,total-common-preferred-stock-dividends-paid,financial-activities-other,cash-flow-from-financial-activities,net-cash-flow,stock-based-compensation,common-stock-dividends-paid
0,2018-09-30,7.63,$0.66,11.48,$0.23,33.66,$-1.69,0.0,$-0.93,0.0,$0.13B,$0.06B,2.0,$0.03B,$0.07B,0.43,$0.02B,$0.02B,100.00%,$0.02B,$-0.09B,-409.52%,$0.02B,$-0.09B,-409.52%,$0.02B,$-0.09B,-404.76%,$0.02B,$-0.09B,-447.62%,$0.02B,$-0.09B,-447.62%,$-0.09B,$0.07B,-141.89%,$-0.09B,$0.07B,-141.89%,$-0.09B,$0.17B,-58.93%,$-0.09B,$0.10B,-98.57%,$1,$0,$1,$22,$8,$30,$-28,$-1,$-30,$0,$-30,$-30,$-30,$-28,$-28,$105,105,$-0.28,$-0.28,$122,$1,$0,$128,$9,$29,$0,$1,$40,$168,$64,$31,$0,$31,$95,$1,$-705,$-0,$73,$168,$-74,$1,$8,$9,$3,$-1,$4,$-10,$-4,$-69,$-0,$0,$0,$8,$0,$8,$0,$8,$6,$0,$6,$55,$55,$0,$-0,$61,$1,$7,$0
1,2018-06-30,5.73,$0.47,12.28,$0.32,18.04,$-1.40,0.0,$-0.83,0.0,$0.09B,$0.07B,1.25,$0.02B,$0.05B,0.35,$0.03B,$0.03B,96.55%,$0.03B,$-0.07B,-244.83%,$0.03B,$-0.07B,-244.83%,$0.03B,$-0.07B,-241.38%,$0.03B,$-0.08B,-272.41%,$0.03B,$-0.08B,-272.41%,$-0.08B,$0.05B,-107.85%,$-0.08B,$0.05B,-107.85%,$-0.08B,$0.14B,-47.81%,$-0.07B,$0.06B,-77.38%,$12,$0,$12,$21,$9,$31,$-18,$-0,$-18,$0,$-18,$-18,$-18,$-18,$-18,$99,99,$-0.19,$-0.19,$88,$0,$0,$93,$9,$34,$0,$1,$44,$137,$74,$16,$0,$16,$90,$1,$-675,$-0,$46,$137,$-44,$1,$6,$7,$4,$-0,$0,$-4,$4,$-34,$-0,$0,$0,$18,$0,$18,$0,$17,$-3,$0,$-3,$1,$1,$0,$-0,$-3,$-19,$5,$0
2,2018-03-31,4.77,$0.63,7.59,$0.23,20.76,$-1.29,0.0,$-0.85,0.0,$0.10B,$0.08B,1.38,$0.02B,$0.06B,0.29,$0.02B,$0.02B,95.00%,$0.02B,$-0.07B,-345.00%,$0.02B,$-0.07B,-345.00%,$0.02B,$-0.07B,-335.00%,$0.02B,$-0.08B,-390.00%,$0.02B,$-0.08B,-390.00%,$-0.08B,$0.06B,-115.13%,$-0.08B,$0.06B,-115.13%,$-0.08B,$0.16B,-48.90%,$-0.07B,$0.08B,-78.41%,$4,$0,$4,$18,$8,$26,$-22,$-4,$-26,$0,$-26,$-26,$-26,$-22,$-22,$99,99,$-0.26,$-0.26,$96,$0,$0,$104,$9,$42,$0,$0,$51,$155,$75,$18,$0,$18,$93,$1,$-656,$-0,$62,$155,$-26,$0,$5,$5,$0,$-0,$0,$0,$1,$-20,$-0,$0,$0,$16,$0,$16,$0,$16,$-2,$0,$-2,$0,$0,$0,$-0,$-1,$-5,$3,$0
3,2017-12-31,4.91,$0.85,5.77,$0.31,15.59,$-1.20,0.0,$-0.78,0.0,$0.13B,$0.08B,1.68,$0.02B,$0.08B,0.23,$0.03B,$0.02B,96.00%,$0.03B,$-0.06B,-232.00%,$0.03B,$-0.06B,-232.00%,$0.03B,$-0.06B,-220.00%,$0.03B,$-0.07B,-264.00%,$0.03B,$-0.07B,-264.00%,$-0.07B,$0.08B,-106.45%,$-0.07B,$0.08B,-106.45%,$-0.07B,$0.18B,-43.07%,$-0.06B,$0.10B,-69.25%,$4,$0,$4,$17,$5,$22,$-18,$-2,$-20,$0,$-20,$-20,$-20,$-17,$-18,$84,84,$-0.20,$-0.20,$118,$0,$0,$125,$10,$41,$0,$2,$53,$178,$75,$20,$0,$20,$94,$1,$-632,$-0,$84,$178,$-66,$2,$14,$15,$3,$1,$0,$2,$9,$-41,$-0,$0,$0,$-64,$0,$-64,$-2,$-66,$0,$0,$0,$136,$136,$0,$0,$136,$28,$13,$0
4,2017-09-30,5.24,$1.02,5.12,$0.39,13.41,$-1.51,0.0,$-0.64,0.0,$0.18B,$0.07B,2.53,$0.02B,$0.10B,0.21,$0.03B,$0.03B,96.67%,$0.03B,$-0.05B,-160.00%,$0.03B,$-0.05B,-160.00%,$0.03B,$-0.05B,-153.33%,$0.03B,$-0.05B,-170.00%,$0.03B,$-0.05B,-170.00%,$-0.05B,$0.10B,-122.89%,$-0.05B,$0.10B,-122.89%,$-0.05B,$0.19B,-38.86%,$-0.05B,$0.12B,-74.13%,$9,$1,$8,$18,$3,$22,$-13,$-2,$-15,$0,$-15,$-15,$-15,$-13,$-13,$84,84,$-0.18,$-0.18,$165,$0,$0,$175,$10,$5,$0,$2,$16,$191,$69,$21,$0,$22,$91,$1,$-612,$-0,$101,$191,$-46,$1,$12,$13,$-0,$1,$1,$1,$2,$-31,$-0,$0,$0,$-7,$0,$-7,$0,$-7,$0,$0,$0,$135,$135,$0,$0,$135,$97,$10,$0
5,2017-06-30,5.56,$0.30,18.58,$0.39,14.21,$-1.85,0.0,$-0.62,0.0,$0.09B,$0.06B,1.57,$0.02B,$0.02B,0.94,$0.03B,$0.03B,100.00%,$0.03B,$-0.04B,-151.72%,$0.03B,$-0.04B,-151.72%,$0.03B,$-0.04B,-144.83%,$0.03B,$-0.05B,-165.52%,$0.03B,$-0.05B,-165.52%,$-0.05B,$0.02B,-278.26%,$-0.05B,$0.02B,-278.26%,$-0.05B,$0.11B,-45.07%,$-0.04B,$0.05B,-106.02%,$3,$0,$3,$16,$3,$19,$-16,$-1,$-17,$0,$-17,$-17,$-17,$-15,$-16,$80,80,$-0.21,$-0.21,$86,$1,$0,$92,$10,$10,$0,$2,$21,$114,$59,$23,$0,$30,$89,$1,$-597,$-0,$24,$114,$-31,$1,$7,$8,$5,$-1,$0,$2,$5,$-18,$-0,$0,$0,$-9,$0,$-9,$0,$-9,$0,$0,$0,$49,$49,$0,$0,$49,$21,$5,$0
6,2017-03-31,8.4,$0.48,17.53,$0.42,20.11,$-2.10,0.0,$-0.63,0.0,$0.11B,$0.06B,1.94,$0.02B,$0.04B,0.63,$0.03B,$0.03B,100.00%,$0.03B,$-0.04B,-129.03%,$0.03B,$-0.04B,-129.03%,$0.03B,$-0.04B,-125.81%,$0.03B,$-0.05B,-151.61%,$0.03B,$-0.05B,-151.61%,$-0.05B,$0.04B,-324.14%,$-0.05B,$0.04B,-324.14%,$-0.05B,$0.13B,-47.72%,$-0.04B,$0.06B,-118.52%,$9,$0,$9,$17,$3,$20,$-11,$-4,$-14,$0,$-14,$-14,$-14,$-10,$-11,$75,75,$-0.19,$-0.19,$101,$1,$0,$114,$10,$4,$0,$2,$16,$130,$59,$24,$0,$32,$91,$1,$-580,$-0,$39,$130,$-14,$0,$4,$4,$-1,$-0,$0,$1,$1,$-9,$-0,$0,$0,$14,$0,$14,$0,$14,$0,$0,$0,$49,$49,$0,$0,$49,$54,$2,$0
7,2016-12-31,6.33,$0.02,295.79,$0.36,17.7,$-2.29,0.0,$-0.75,0.0,$0.07B,$0.05B,1.23,$0.03B,$0.00B,16.15,$0.03B,$0.03B,100.00%,$0.03B,$-0.05B,-177.78%,$0.03B,$-0.05B,-177.78%,$0.03B,$-0.05B,-177.78%,$0.03B,$-0.06B,-207.41%,$0.03B,$-0.06B,-207.41%,$-0.06B,$0.00B,-476.60%,$-0.06B,$0.00B,-476.60%,$-0.06B,$0.09B,-61.04%,$-0.05B,$0.03B,-188.24%,$9,$0,$9,$12,$3,$17,$-8,$4,$-5,$0,$-5,$-5,$-5,$-8,$-8,$74,74,$-0.06,$-0.06,$56,$1,$0,$67,$10,$9,$0,$4,$23,$90,$54,$25,$0,$34,$88,$1,$-566,$-0,$2,$90,$-55,$2,$8,$9,$-3,$1,$0,$4,$-8,$-53,$-5,$0,$0,$29,$0,$29,$0,$23,$23,$0,$23,$0,$0,$0,$0,$23,$-7,$8,$0
8,2016-09-30,4.41,$0.05,81.52,$0.30,14.76,$-1.74,0.0,$-0.94,0.0,$0.07B,$0.05B,1.26,$0.03B,$0.00B,6.35,$0.02B,$0.02B,100.00%,$0.02B,$-0.06B,-247.83%,$0.02B,$-0.06B,-247.83%,$0.02B,$-0.06B,-247.83%,$0.02B,$-0.07B,-300.00%,$0.02B,$-0.07B,-300.00%,$-0.07B,$0.00B,-296.77%,$-0.07B,$0.00B,-296.77%,$-0.07B,$0.09B,-69.17%,$-0.06B,$0.03B,-182.40%,$8,$0,$8,$14,$3,$17,$-9,$-2,$-12,$0,$-12,$-12,$-12,$-9,$-9,$74,74,$-0.16,$-0.16,$54,$2,$0,$65,$10,$14,$0,$2,$27,$92,$52,$25,$2,$36,$88,$1,$-562,$0,$4,$92,$-51,$1,$14,$15,$0,$-1,$0,$0,$-12,$-48,$-5,$0,$0,$38,$0,$38,$0,$33,$23,$0,$23,$0,$0,$0,$-2,$21,$6,$6,$0
9,2016-06-30,2.84,$0.18,15.64,$0.34,8.27,$-1.02,0.0,$-0.98,0.0,$0.05B,$0.06B,0.82,$0.00B,$0.01B,0.19,$0.03B,$0.03B,96.15%,$0.03B,$-0.06B,-234.62%,$0.03B,$-0.06B,-234.62%,$0.03B,$-0.06B,-234.62%,$0.03B,$-0.07B,-276.92%,$0.03B,$-0.07B,-276.92%,$-0.07B,$0.01B,-188.24%,$-0.07B,$0.01B,-188.24%,$-0.07B,$0.08B,-64.57%,$-0.06B,$0.02B,-152.50%,$5,$0,$5,$14,$3,$17,$-12,$-4,$-16,$0,$-16,$-16,$-16,$-12,$-12,$74,74,$-0.22,$-0.22,$40,$2,$0,$46,$10,$24,$0,$2,$36,$82,$56,$3,$1,$13,$69,$1,$-550,$0,$13,$82,$-39,$1,$11,$12,$4,$-0,$0,$3,$-3,$-30,$-5,$0,$0,$19,$0,$19,$-3,$11,$0,$0,$0,$0,$0,$0,$-1,$-1,$-20,$4,$0
10,2016-03-31,2.83,$0.38,7.5,$0.62,4.6,$-0.37,0.0,$-0.70,0.0,$0.05B,$0.06B,0.8,$0.00B,$0.03B,0.09,$0.05B,$0.05B,97.87%,$0.05B,$-0.04B,-93.62%,$0.05B,$-0.04B,-93.62%,$0.05B,$-0.04B,-91.49%,$0.05B,$-0.05B,-108.51%,$0.05B,$-0.05B,-108.51%,$-0.05B,$0.03B,-94.44%,$-0.05B,$0.03B,-94.44%,$-0.05B,$0.10B,-39.69%,$-0.04B,$0.03B,-80.00%,$5,$0,$5,$21,$3,$24,$-19,$-4,$-23,$0,$-23,$-23,$-23,$-19,$-19,$74,74,$-0.31,$-0.31,$38,$2,$0,$50,$8,$41,$0,$3,$52,$103,$63,$3,$0,$12,$75,$1,$-534,$0,$28,$103,$-23,$0,$5,$6,$-1,$-0,$0,$0,$-2,$-19,$-3,$0,$0,$6,$0,$6,$-0,$3,$0,$0,$0,$0,$0,$0,$0,$0,$-16,$3,$0
11,2015-12-31,10.32,$0.65,15.86,$0.64,16.02,$-0.13,0.0,$-0.60,0.0,$0.06B,$0.06B,1.03,$0.00B,$0.05B,0.05,$0.05B,$0.05B,97.96%,$0.05B,$-0.04B,-79.59%,$0.05B,$-0.04B,-79.59%,$0.05B,$-0.04B,-77.55%,$0.05B,$-0.04B,-87.76%,$0.05B,$-0.04B,-87.76%,$-0.04B,$0.05B,-68.25%,$-0.04B,$0.05B,-68.25%,$-0.04B,$0.12B,-31.79%,$-0.04B,$0.05B,-61.42%,$5,$0,$5,$19,$3,$22,$-17,$-1,$-18,$0,$-18,$-18,$-18,$-17,$-17,$73,73,$-0.25,$-0.24,$53,$2,$0,$64,$5,$48,$0,$5,$59,$122,$62,$2,$0,$12,$75,$1,$-511,$-0,$48,$122,$-43,$1,$10,$11,$3,$-1,$0,$2,$18,$-13,$-5,$0,$0,$-11,$0,$-11,$-1,$-18,$0,$0,$0,$5,$5,$0,$0,$5,$-26,$10,$0
12,2015-09-30,11.4,$0.87,13.05,$0.66,17.21,$-0.45,0.0,$-0.51,0.0,$0.09B,$0.06B,1.31,$0.00B,$0.06B,0.0,$0.05B,$0.05B,97.96%,$0.05B,$-0.04B,-75.51%,$0.05B,$-0.04B,-75.51%,$0.05B,$-0.04B,-73.47%,$0.05B,$-0.04B,-75.51%,$0.05B,$-0.04B,-75.51%,$-0.04B,$0.06B,-52.86%,$-0.04B,$0.06B,-52.86%,$-0.04B,$0.14B,-26.62%,$-0.04B,$0.06B,-52.86%,$11,$1,$10,$20,$3,$24,$-13,$-1,$-15,$0,$-15,$-15,$-15,$-13,$-13,$73,73,$-0.20,$-0.20,$72,$0,$0,$85,$1,$48,$0,$5,$54,$139,$64,$0,$0,$10,$75,$1,$-493,$-0,$64,$139,$-25,$1,$9,$9,$2,$1,$0,$2,$17,$2,$-1,$0,$0,$-12,$0,$-12,$-1,$-15,$0,$0,$0,$5,$5,$0,$0,$5,$-8,$8,$0
13,2015-06-30,14.93,$1.04,14.36,$0.56,26.77,$-0.81,0.0,$-0.43,0.0,$0.11B,$0.06B,1.68,$0.00B,$0.08B,0.0,$0.04B,$0.04B,100.00%,$0.04B,$-0.04B,-87.80%,$0.04B,$-0.04B,-87.80%,$0.04B,$-0.03B,-82.93%,$0.04B,$-0.03B,-75.61%,$0.04B,$-0.03B,-75.61%,$-0.03B,$0.08B,-41.47%,$-0.03B,$0.08B,-41.47%,$-0.03B,$0.15B,-22.38%,$-0.04B,$0.08B,-48.16%,$26,$0,$26,$17,$4,$21,$5,$-0,$5,$0,$5,$5,$5,$6,$5,$73,77,$0.07,$0.06,$96,$1,$0,$107,$1,$36,$0,$6,$43,$150,$64,$0,$0,$10,$74,$1,$-478,$-0,$76,$150,$-10,$1,$6,$7,$5,$-1,$0,$5,$18,$14,$-1,$0,$0,$5,$0,$5,$-1,$3,$0,$0,$0,$5,$5,$0,$0,$5,$22,$6,$0
14,2015-03-31,9.03,$0.89,10.17,$0.24,37.0,$-1.23,0.0,$-0.72,0.0,$0.08B,$0.06B,1.32,$0.00B,$0.06B,0.0,$0.02B,$0.02B,100.00%,$0.02B,$-0.05B,-331.25%,$0.02B,$-0.05B,-331.25%,$0.02B,$-0.05B,-318.75%,$0.02B,$-0.05B,-318.75%,$0.02B,$-0.05B,-318.75%,$-0.05B,$0.06B,-65.18%,$-0.05B,$0.06B,-65.18%,$-0.05B,$0.13B,-37.36%,$-0.05B,$0.06B,-67.73%,$7,$0,$7,$17,$4,$21,$-14,$-1,$-15,$0,$-15,$-15,$-15,$-14,$-14,$72,72,$-0.21,$-0.21,$70,$1,$0,$81,$1,$41,$0,$6,$49,$130,$62,$0,$0,$4,$65,$1,$-483,$0,$64,$130,$-15,$0,$2,$2,$4,$-1,$0,$3,$9,$-4,$-1,$0,$0,$-1,$0,$-1,$-2,$-4,$0,$0,$0,$2,$2,$0,$0,$2,$-6,$2,$0
15,2014-12-31,12.16,$1.05,11.57,$0.21,58.54,$-1.33,0.0,$-0.68,0.0,$0.09B,$0.06B,1.56,$0.00B,$0.08B,0.0,$0.01B,$0.01B,100.00%,$0.01B,$-0.05B,-383.33%,$0.01B,$-0.05B,-383.33%,$0.01B,$-0.04B,-366.67%,$0.01B,$-0.05B,-383.33%,$0.01B,$-0.05B,-383.33%,$-0.05B,$0.08B,-75.72%,$-0.05B,$0.08B,-75.72%,$-0.05B,$0.14B,-40.09%,$-0.05B,$0.08B,-67.40%,$5,$0,$5,$19,$2,$21,$-15,$3,$-12,$0,$-12,$-12,$-12,$-15,$-15,$67,67,$-0.16,$-0.16,$73,$1,$0,$89,$0,$41,$0,$6,$48,$137,$57,$0,$0,$4,$61,$1,$-468,$-0,$76,$137,$-45,$1,$5,$5,$-7,$-1,$0,$5,$1,$-39,$-0,$0,$0,$-40,$0,$-40,$0,$-40,$0,$0,$0,$112,$112,$0,$0,$112,$33,$10,$0
16,2014-09-30,9.78,$1.16,8.42,$0.32,30.8,$-1.23,0.0,$-0.61,0.0,$0.14B,$0.05B,2.71,$0.00B,$0.08B,0.0,$0.02B,$0.02B,100.00%,$0.02B,$-0.04B,-205.56%,$0.02B,$-0.04B,-205.56%,$0.02B,$-0.04B,-194.44%,$0.02B,$-0.04B,-216.67%,$0.02B,$-0.04B,-216.67%,$-0.04B,$0.08B,-93.98%,$-0.04B,$0.08B,-93.98%,$-0.04B,$0.14B,-42.05%,$-0.04B,$0.08B,-65.49%,$3,$0,$3,$13,$2,$15,$-12,$3,$-9,$0,$-9,$-9,$-9,$-11,$-12,$72,72,$-0.12,$-0.12,$127,$0,$0,$135,$0,$0,$0,$1,$2,$137,$50,$0,$0,$4,$54,$1,$-456,$0,$83,$137,$-34,$0,$6,$6,$-1,$0,$0,$0,$3,$-25,$-0,$0,$0,$13,$0,$13,$0,$13,$0,$0,$0,$112,$112,$0,$0,$112,$100,$7,$0
17,2014-06-30,12.75,$1.26,10.15,$0.31,40.57,$-1.27,0.0,$-0.63,0.0,$0.14B,$0.05B,3.08,$0.00B,$0.09B,0.0,$0.02B,$0.02B,100.00%,$0.02B,$-0.03B,-188.24%,$0.02B,$-0.03B,-188.24%,$0.02B,$-0.03B,-182.35%,$0.02B,$-0.04B,-223.53%,$0.02B,$-0.04B,-223.53%,$-0.04B,$0.09B,-176.74%,$-0.04B,$0.09B,-176.74%,$-0.04B,$0.14B,-52.96%,$-0.03B,$0.09B,-72.73%,$1,$0,$1,$11,$2,$13,$-12,$-3,$-15,$0,$-15,$-15,$-15,$-11,$-12,$64,64,$-0.23,$-0.23,$132,$0,$0,$138,$0,$1,$0,$3,$4,$142,$45,$0,$3,$7,$52,$1,$-447,$0,$90,$142,$-25,$0,$8,$9,$1,$0,$0,$-1,$-0,$-16,$-0,$0,$0,$8,$0,$8,$0,$8,$0,$0,$0,$111,$111,$0,$-3,$108,$100,$5,$0
18,2014-03-31,10.58,$-0.10,-111.02,$0.31,34.51,$-1.28,0.0,$-0.63,0.0,$0.04B,$0.01B,2.61,$0.03B,$-0.01B,-5.24,$0.02B,$0.02B,100.00%,$0.02B,$-0.03B,-188.24%,$0.02B,$-0.03B,-188.24%,$0.02B,$-0.03B,-188.24%,$0.02B,$-0.04B,-205.88%,$0.02B,$-0.04B,-205.88%,$-0.04B,$-0.01B,1076.92%,$-0.04B,$-0.01B,1076.92%,$-0.04B,$0.04B,-75.68%,$-0.03B,$0.02B,-119.63%,$3,$0,$3,$9,$2,$11,$-7,$-3,$-10,$0,$-10,$-10,$-10,$-7,$-7,$60,60,$-0.17,$-0.17,$32,$0,$0,$36,$0,$3,$0,$4,$8,$43,$14,$30,$1,$35,$49,$1,$-433,$0,$-6,$43,$-10,$0,$3,$3,$-1,$0,$0,$1,$-2,$-9,$-0,$0,$0,$-1,$0,$-1,$0,$-1,$0,$0,$0,$4,$4,$0,$-2,$2,$-8,$2,$0
19,2013-12-31,7.6,$-0.02,-397.91,$0.32,23.89,$-1.35,0.0,$-0.55,0.0,$0.04B,$0.02B,2.76,$0.03B,$-0.00B,-26.64,$0.02B,$0.02B,100.00%,$0.02B,$-0.03B,-166.67%,$0.02B,$-0.03B,-166.67%,$0.02B,$-0.03B,-166.67%,$0.02B,$-0.03B,-166.67%,$0.02B,$-0.03B,-166.67%,$-0.03B,$-0.00B,1200.00%,$-0.03B,$-0.00B,1200.00%,$-0.03B,$0.05B,-63.49%,$-0.03B,$0.03B,-109.09%,$11,$0,$11,$15,$1,$17,$-6,$1,$-5,$0,$-5,$-5,$-5,$-6,$-6,$55,55,$-0.09,$-0.09,$38,$0,$0,$42,$0,$3,$0,$4,$7,$49,$15,$30,$0,$35,$50,$1,$-423,$0,$-1,$49,$-30,$1,$-1,$-0,$2,$0,$-2,$3,$4,$-27,$0,$0,$0,$-4,$0,$-4,$0,$-3,$0,$0,$0,$25,$25,$0,$5,$30,$0,$4,$0
20,2013-09-30,7.28,$0.06,126.17,$0.21,34.72,$-1.63,0.0,$-0.68,0.0,$0.05B,$0.01B,3.55,$0.03B,$0.00B,8.8,$0.01B,$0.01B,100.00%,$0.01B,$-0.04B,-318.18%,$0.01B,$-0.04B,-318.18%,$0.01B,$-0.03B,-309.09%,$0.01B,$-0.04B,-327.27%,$0.01B,$-0.04B,-327.27%,$-0.04B,$0.00B,1600.00%,$-0.04B,$0.00B,1600.00%,$-0.04B,$0.05B,-73.10%,$-0.04B,$0.03B,-126.13%,$2,$0,$2,$8,$2,$9,$-7,$-1,$-8,$0,$-8,$-8,$-8,$-7,$-7,$57,57,$-0.14,$-0.14,$43,$0,$0,$47,$0,$1,$0,$5,$6,$53,$13,$30,$2,$37,$50,$1,$-417,$0,$3,$53,$-25,$1,$0,$1,$2,$0,$0,$5,$2,$-22,$0,$0,$0,$-1,$0,$-1,$0,$-1,$0,$0,$0,$25,$25,$0,$3,$28,$5,$3,$0
21,2013-06-30,1.55,$-0.17,-9.29,$0.28,5.51,$-1.84,0.0,$-0.73,0.0,$0.03B,$0.01B,2.8,$0.03B,$-0.01B,-3.32,$0.02B,$0.02B,100.00%,$0.02B,$-0.04B,-240.00%,$0.02B,$-0.04B,-240.00%,$0.02B,$-0.04B,-233.33%,$0.02B,$-0.04B,-253.33%,$0.02B,$-0.04B,-253.33%,$-0.04B,$-0.01B,7600.00%,$-0.04B,$-0.01B,7600.00%,$-0.04B,$0.04B,-73.08%,$-0.04B,$0.02B,-122.03%,$1,$0,$1,$12,$1,$13,$-12,$-0,$-12,$0,$-12,$-12,$-12,$-12,$-12,$53,53,$-0.23,$-0.23,$31,$0,$0,$34,$0,$0,$0,$6,$6,$40,$12,$30,$2,$37,$49,$1,$-409,$0,$-9,$40,$-17,$0,$-1,$-0,$4,$0,$0,$6,$3,$-14,$-0,$0,$0,$6,$0,$6,$-2,$5,$0,$0,$0,$6,$6,$0,$3,$8,$-1,$3,$0
22,2013-03-31,1.19,$-0.06,-21.56,$0.35,3.38,$-1.96,0.0,$-0.75,0.0,$0.04B,$0.01B,3.13,$0.03B,$-0.00B,-10.56,$0.02B,$0.02B,100.00%,$0.02B,$-0.03B,-188.89%,$0.02B,$-0.03B,-188.89%,$0.02B,$-0.03B,-183.33%,$0.02B,$-0.04B,-211.11%,$0.02B,$-0.04B,-211.11%,$-0.04B,$-0.00B,-660.87%,$-0.04B,$-0.00B,-660.87%,$-0.04B,$0.05B,-62.30%,$-0.03B,$0.03B,-95.10%,$4,$0,$4,$7,$2,$9,$-5,$1,$-5,$0,$-5,$-5,$-5,$-5,$-5,$51,51,$-0.09,$-0.09,$29,$0,$0,$35,$0,$0,$0,$6,$11,$47,$11,$30,$3,$38,$50,$1,$-397,$0,$-3,$47,$-5,$0,$-0,$-0,$0,$0,$0,$0,$-7,$-11,$0,$0,$0,$2,$0,$2,$-0,$2,$0,$0,$0,$1,$1,$0,$3,$3,$-6,$2,$0
23,2012-12-31,1.42,$-0.01,-159.55,$0.54,2.62,$-2.00,0.0,$-0.79,0.0,$0.04B,$0.02B,2.44,$0.03B,$0.00B,-66.08,$0.03B,$0.03B,100.00%,$0.03B,$-0.03B,-130.77%,$0.03B,$-0.03B,-130.77%,$0.03B,$-0.03B,-126.92%,$0.03B,$-0.04B,-150.00%,$0.03B,$-0.04B,-150.00%,$-0.04B,$0.00B,-318.37%,$-0.04B,$0.00B,-318.37%,$-0.04B,$0.06B,-56.32%,$-0.03B,$0.03B,-80.47%,$4,$0,$4,$9,$4,$15,$-11,$-0,$-11,$0,$-11,$-11,$-11,$-10,$-11,$49,49,$-0.22,$-0.22,$36,$0,$0,$42,$1,$1,$0,$9,$15,$57,$17,$30,$5,$41,$58,$1,$-393,$0,$-0,$57,$-39,$1,$5,$6,$1,$0,$0,$-8,$-4,$-37,$-0,$0,$0,$25,$0,$25,$0,$25,$0,$0,$0,$19,$19,$0,$-2,$17,$4,$4,$0
24,2012-09-30,4.24,$0.19,22.05,$0.57,7.38,$-1.96,0.0,$-0.86,0.0,$0.05B,$0.01B,3.71,$0.03B,$0.01B,3.07,$0.03B,$0.03B,100.00%,$0.03B,$-0.03B,-125.93%,$0.03B,$-0.03B,-125.93%,$0.03B,$-0.03B,-125.93%,$0.03B,$-0.04B,-151.85%,$0.03B,$-0.04B,-151.85%,$-0.04B,$0.01B,-256.25%,$-0.04B,$0.01B,-256.25%,$-0.04B,$0.06B,-54.30%,$-0.03B,$0.04B,-73.91%,$6,$0,$6,$12,$2,$14,$-8,$-2,$-10,$0,$-10,$-10,$-10,$-8,$-8,$51,51,$-0.19,$-0.19,$41,$0,$0,$47,$1,$3,$0,$9,$18,$64,$13,$30,$6,$42,$54,$1,$-382,$0,$10,$64,$-28,$1,$5,$6,$2,$0,$0,$-6,$-8,$-30,$-0,$0,$0,$21,$0,$21,$0,$21,$0,$0,$0,$19,$19,$0,$-2,$17,$8,$3,$0
25,2012-06-30,3.97,$0.31,12.71,$0.58,6.88,$-1.98,0.0,$-0.99,0.0,$0.05B,$0.02B,2.36,$0.03B,$0.02B,1.92,$0.03B,$0.03B,100.00%,$0.03B,$-0.04B,-150.00%,$0.03B,$-0.04B,-150.00%,$0.03B,$-0.04B,-150.00%,$0.03B,$-0.05B,-173.08%,$0.03B,$-0.05B,-173.08%,$-0.05B,$0.02B,-225.00%,$-0.05B,$0.02B,-225.00%,$-0.05B,$0.08B,-54.38%,$-0.04B,$0.05B,-78.00%,$4,$0,$4,$13,$2,$14,$-10,$-2,$-12,$0,$-12,$-12,$-12,$-10,$-10,$49,49,$-0.25,$-0.25,$37,$0,$2,$45,$1,$16,$0,$9,$31,$76,$19,$30,$5,$41,$61,$1,$-372,$0,$16,$76,$-18,$1,$3,$4,$1,$0,$0,$-2,$-4,$-19,$-0,$0,$0,$11,$0,$11,$-2,$10,$0,$0,$0,$16,$16,$0,$-1,$15,$5,$2,$0
26,2012-03-31,4.83,$0.47,10.25,$0.57,8.41,$-2.00,0.0,$-1.10,0.0,$0.05B,$0.02B,3.28,$0.03B,$0.02B,1.3,$0.03B,$0.03B,100.00%,$0.03B,$-0.04B,-165.38%,$0.03B,$-0.04B,-165.38%,$0.03B,$-0.04B,-165.38%,$0.03B,$-0.05B,-188.46%,$0.03B,$-0.05B,-188.46%,$-0.05B,$0.02B,-190.29%,$-0.05B,$0.02B,-190.29%,$-0.05B,$0.08B,-53.99%,$-0.04B,$0.05B,-77.13%,$12,$0,$12,$16,$2,$17,$-5,$-1,$-6,$0,$-6,$-6,$-6,$-5,$-5,$47,47,$-0.13,$-0.13,$44,$0,$2,$53,$1,$13,$0,$8,$27,$80,$16,$30,$4,$41,$57,$0,$-360,$0,$23,$80,$-6,$0,$1,$1,$-0,$0,$0,$-5,$-7,$-12,$-0,$0,$0,$12,$0,$12,$-0,$12,$0,$0,$0,$12,$12,$0,$-0,$12,$11,$1,$0
27,2011-12-31,2.47,$0.32,7.62,$0.44,5.67,$-2.06,0.0,$-1.26,0.0,$0.05B,$0.03B,2.01,$0.03B,$0.02B,2.03,$0.02B,$0.02B,100.00%,$0.02B,$-0.05B,-257.89%,$0.02B,$-0.05B,-257.89%,$0.02B,$-0.05B,-257.89%,$0.02B,$-0.06B,-294.74%,$0.02B,$-0.06B,-294.74%,$-0.06B,$0.02B,-167.16%,$-0.06B,$0.02B,-167.16%,$-0.06B,$0.08B,-55.17%,$-0.05B,$0.05B,-77.17%,$5,$0,$5,$14,$2,$16,$-11,$-2,$-13,$0,$-13,$-13,$-13,$-11,$-11,$45,45,$-0.29,$-0.29,$42,$0,$2,$53,$1,$15,$0,$7,$29,$82,$26,$30,$4,$41,$67,$0,$-354,$0,$15,$82,$-57,$1,$9,$10,$24,$1,$0,$0,$15,$-32,$-0,$0,$0,$11,$0,$11,$0,$11,$26,$0,$26,$2,$2,$0,$-3,$24,$3,$5,$0
28,2011-09-30,2.76,$0.58,4.79,$0.69,3.97,$-1.99,0.0,$-1.17,0.0,$0.06B,$0.02B,3.13,$0.03B,$0.03B,1.15,$0.03B,$0.03B,100.00%,$0.03B,$-0.05B,-154.84%,$0.03B,$-0.05B,-154.84%,$0.03B,$-0.05B,-151.61%,$0.03B,$-0.05B,-170.97%,$0.03B,$-0.05B,-170.97%,$-0.05B,$0.03B,-114.59%,$-0.05B,$0.03B,-114.59%,$-0.05B,$0.09B,-48.96%,$-0.05B,$0.06B,-69.82%,$5,$0,$5,$15,$3,$18,$-13,$-2,$-14,$0,$-14,$-14,$-14,$-13,$-13,$45,45,$-0.32,$-0.32,$45,$1,$2,$60,$1,$16,$0,$7,$32,$93,$19,$30,$3,$47,$66,$0,$-340,$0,$26,$93,$-44,$1,$7,$8,$19,$0,$0,$-1,$8,$-28,$-0,$0,$0,$14,$0,$14,$0,$14,$26,$0,$26,$0,$0,$0,$-3,$23,$9,$4,$0
29,2011-06-30,3.82,$0.87,4.39,$0.85,4.52,$-1.88,0.0,$-1.09,0.0,$0.08B,$0.02B,3.64,$0.03B,$0.04B,0.76,$0.04B,$0.04B,100.00%,$0.04B,$-0.05B,-121.05%,$0.04B,$-0.05B,-121.05%,$0.04B,$-0.05B,-118.42%,$0.04B,$-0.05B,-131.58%,$0.04B,$-0.05B,-131.58%,$-0.05B,$0.04B,-85.84%,$-0.05B,$0.04B,-85.84%,$-0.05B,$0.11B,-44.35%,$-0.05B,$0.07B,-62.80%,$4,$0,$4,$14,$4,$18,$-14,$-2,$-16,$0,$-16,$-16,$-16,$-14,$-14,$45,45,$-0.36,$-0.36,$59,$1,$3,$80,$2,$13,$0,$7,$29,$108,$22,$30,$2,$47,$69,$0,$-326,$0,$39,$108,$-29,$1,$5,$6,$14,$0,$0,$-0,$6,$-18,$-0,$0,$0,$-1,$0,$-1,$-1,$-2,$26,$0,$26,$0,$0,$0,$-2,$24,$3,$3,$0
30,2011-03-31,3.79,$1.20,3.16,$0.93,4.06,$-1.79,0.0,$-0.96,0.0,$0.10B,$0.02B,4.61,$0.03B,$0.05B,0.55,$0.04B,$0.04B,100.00%,$0.04B,$-0.04B,-100.00%,$0.04B,$-0.04B,-100.00%,$0.04B,$-0.04B,-97.62%,$0.04B,$-0.04B,-104.76%,$0.04B,$-0.04B,-104.76%,$-0.04B,$0.05B,-63.31%,$-0.04B,$0.05B,-63.31%,$-0.04B,$0.12B,-38.34%,$-0.04B,$0.08B,-54.55%,$5,$0,$5,$13,$4,$17,$-11,$-2,$-13,$0,$-13,$-13,$-13,$-11,$-11,$45,45,$-0.29,$-0.29,$69,$1,$3,$100,$2,$7,$0,$6,$22,$123,$22,$30,$1,$47,$69,$0,$-310,$0,$54,$123,$-13,$0,$3,$3,$4,$0,$0,$-2,$-4,$-14,$-0,$0,$0,$8,$0,$8,$0,$8,$26,$0,$26,$0,$0,$0,$-2,$24,$18,$1,$0
31,2010-12-31,5.17,$1.46,3.55,$1.41,3.68,$-1.59,0.0,$-0.73,0.0,$0.09B,$0.03B,3.12,$0.00B,$0.07B,0.0,$0.06B,$0.06B,100.00%,$0.06B,$-0.03B,-53.97%,$0.06B,$-0.03B,-53.97%,$0.06B,$-0.03B,-50.79%,$0.06B,$-0.03B,-53.97%,$0.06B,$-0.03B,-53.97%,$-0.03B,$0.07B,-43.87%,$-0.03B,$0.07B,-43.87%,$-0.03B,$0.11B,-29.50%,$-0.03B,$0.07B,-43.87%,$17,$0,$17,$25,$1,$27,$-10,$0,$-10,$0,$-10,$-10,$-10,$-9,$-10,$45,45,$-0.23,$-0.23,$55,$1,$0,$87,$2,$12,$0,$0,$22,$109,$28,$0,$0,$16,$44,$0,$-297,$0,$66,$109,$-34,$2,$6,$9,$3,$5,$0,$-3,$-3,$-29,$-0,$0,$0,$1,$0,$1,$0,$0,$0,$0,$0,$1,$1,$0,$0,$1,$-28,$6,$0
32,2010-09-30,4.94,$1.66,2.98,$2.44,2.02,$-1.37,0.0,$-0.18,0.0,$0.09B,$0.02B,4.43,$0.00B,$0.07B,0.0,$0.10B,$0.10B,100.00%,$0.10B,$-0.01B,-8.91%,$0.10B,$-0.01B,-8.91%,$0.10B,$-0.01B,-7.92%,$0.10B,$-0.01B,-8.91%,$0.10B,$-0.01B,-8.91%,$-0.01B,$0.07B,-10.91%,$-0.01B,$0.07B,-10.91%,$-0.01B,$0.11B,-7.29%,$-0.01B,$0.07B,-10.91%,$12,$0,$12,$19,$4,$23,$-11,$0,$-11,$0,$-11,$-11,$-11,$-11,$-11,$45,45,$-0.24,$-0.24,$61,$1,$0,$90,$3,$11,$0,$0,$22,$111,$20,$0,$0,$17,$37,$0,$-286,$0,$74,$111,$-24,$1,$5,$6,$8,$5,$0,$-2,$-5,$-23,$-0,$0,$0,$-8,$0,$-8,$0,$-8,$0,$0,$0,$1,$1,$0,$-0,$1,$-30,$5,$0
33,2010-06-30,5.91,$1.86,3.17,$2.45,2.41,$-1.55,0.0,$-0.22,0.0,$0.08B,$0.02B,5.28,$0.00B,$0.08B,0.0,$0.10B,$0.10B,100.00%,$0.10B,$-0.01B,-9.00%,$0.10B,$-0.01B,-9.00%,$0.10B,$-0.01B,-7.00%,$0.10B,$-0.01B,-9.00%,$0.10B,$-0.01B,-9.00%,$-0.01B,$0.08B,-12.86%,$-0.01B,$0.08B,-12.86%,$-0.01B,$0.12B,-8.11%,$-0.01B,$0.08B,-12.86%,$8,$0,$8,$15,$3,$18,$-10,$0,$-10,$0,$-10,$-10,$-10,$-10,$-10,$45,45,$-0.23,$-0.23,$56,$1,$0,$80,$3,$25,$0,$0,$36,$116,$15,$0,$0,$17,$32,$0,$-276,$0,$84,$116,$-13,$1,$4,$4,$13,$5,$0,$-1,$-5,$-14,$-0,$0,$0,$-14,$0,$-14,$0,$-14,$0,$0,$0,$1,$1,$0,$-0,$1,$-27,$4,$0
34,2010-03-31,6.57,$1.94,3.38,$2.40,2.73,$-1.79,0.0,$-0.22,0.0,$0.09B,$0.02B,4.4,$0.00B,$0.09B,0.0,$0.10B,$0.10B,100.00%,$0.10B,$-0.01B,-8.25%,$0.10B,$-0.01B,-8.25%,$0.10B,$-0.01B,-5.15%,$0.10B,$-0.01B,-8.25%,$0.10B,$-0.01B,-8.25%,$-0.01B,$0.09B,-14.10%,$-0.01B,$0.09B,-14.10%,$-0.01B,$0.13B,-8.14%,$-0.01B,$0.09B,-14.10%,$26,$0,$26,$25,$4,$29,$-3,$0,$-3,$0,$-3,$-3,$-3,$-2,$-3,$44,44,$-0.06,$-0.06,$64,$1,$0,$93,$4,$26,$0,$0,$32,$125,$21,$0,$0,$18,$39,$0,$-265,$0,$86,$125,$-3,$0,$1,$2,$7,$5,$0,$-1,$-4,$-5,$-0,$0,$0,$-16,$0,$-16,$0,$-16,$0,$0,$0,$0,$0,$0,$0,$0,$-21,$1,$0
35,2009-12-31,6.46,$1.96,3.29,$1.92,3.36,$-1.91,0.0,$-0.40,0.0,$0.11B,$0.04B,2.98,$0.00B,$0.09B,0.0,$0.08B,$0.08B,100.00%,$0.08B,$-0.01B,-18.67%,$0.08B,$-0.01B,-18.67%,$0.08B,$-0.01B,-16.00%,$0.08B,$-0.01B,-18.67%,$0.08B,$-0.01B,-18.67%,$-0.01B,$0.09B,-31.11%,$-0.01B,$0.09B,-31.11%,$-0.01B,$0.14B,-16.42%,$-0.01B,$0.09B,-31.11%,$55,$0,$55,$33,$2,$40,$15,$0,$15,$0,$15,$15,$15,$15,$15,$39,39,$0.40,$0.40,$70,$6,$0,$111,$4,$25,$0,$0,$31,$142,$37,$0,$0,$19,$56,$0,$-263,$-0,$86,$142,$-13,$2,$6,$7,$-22,$-6,$0,$-2,$-10,$-16,$-1,$0,$0,$-12,$0,$-12,$-1,$-13,$0,$0,$0,$48,$48,$0,$0,$48,$19,$6,$0
36,2009-09-30,8.24,$0.61,13.56,$1.41,5.83,$-2.06,0.0,$-0.49,0.0,$0.05B,$0.02B,2.86,$0.00B,$0.02B,0.0,$0.05B,$0.05B,100.00%,$0.05B,$-0.02B,-35.19%,$0.05B,$-0.02B,-35.19%,$0.05B,$-0.02B,-31.48%,$0.05B,$-0.02B,-35.19%,$0.05B,$-0.02B,-35.19%,$-0.02B,$0.02B,-54.29%,$-0.02B,$0.02B,-54.29%,$-0.02B,$0.06B,-26.76%,$-0.02B,$0.02B,-54.29%,$11,$0,$11,$18,$3,$21,$-11,$0,$-11,$0,$-11,$-11,$-11,$-10,$-11,$38,38,$-0.28,$-0.28,$35,$0,$0,$51,$4,$3,$0,$0,$10,$61,$18,$0,$0,$19,$37,$0,$-278,$0,$24,$61,$-29,$1,$4,$5,$0,$0,$0,$-4,$-3,$-26,$-1,$0,$0,$21,$0,$21,$0,$20,$0,$0,$0,$2,$2,$0,$0,$2,$-4,$4,$0
37,2009-06-30,4.03,$0.82,4.94,$1.37,2.94,$-1.83,0.0,$-0.45,0.0,$0.06B,$0.01B,4.27,$0.00B,$0.03B,0.0,$0.05B,$0.05B,100.00%,$0.05B,$-0.02B,-34.62%,$0.05B,$-0.02B,-34.62%,$0.05B,$-0.02B,-30.77%,$0.05B,$-0.02B,-32.69%,$0.05B,$-0.02B,-32.69%,$-0.02B,$0.03B,-45.03%,$-0.02B,$0.03B,-45.03%,$-0.02B,$0.07B,-21.12%,$-0.02B,$0.03B,-47.68%,$5,$0,$5,$11,$2,$14,$-9,$0,$-9,$0,$-9,$-9,$-9,$-8,$-9,$38,38,$-0.23,$-0.23,$42,$0,$0,$57,$4,$0,$0,$0,$7,$65,$13,$0,$0,$20,$33,$0,$-267,$0,$31,$65,$-18,$1,$3,$4,$4,$0,$0,$-7,$-6,$-21,$-0,$0,$0,$12,$0,$12,$0,$12,$0,$0,$0,$0,$0,$0,$0,$0,$-9,$3,$0
38,2009-03-31,2.19,$1.00,2.18,$1.32,1.66,$-1.57,0.0,$-0.55,0.0,$0.07B,$0.01B,4.8,$0.00B,$0.04B,0.0,$0.05B,$0.05B,100.00%,$0.05B,$-0.02B,-44.00%,$0.05B,$-0.02B,-44.00%,$0.05B,$-0.02B,-42.00%,$0.05B,$-0.02B,-42.00%,$0.05B,$-0.02B,-42.00%,$-0.02B,$0.04B,-51.85%,$-0.02B,$0.04B,-51.85%,$-0.02B,$0.07B,-23.01%,$-0.02B,$0.04B,-54.32%,$4,$0,$4,$11,$2,$14,$-9,$0,$-9,$0,$-9,$-9,$-9,$-9,$-9,$38,38,$-0.24,$-0.24,$54,$0,$0,$65,$5,$0,$0,$0,$7,$73,$14,$0,$0,$21,$34,$0,$-259,$0,$39,$73,$-9,$0,$1,$2,$2,$0,$0,$-0,$-2,$-9,$-0,$0,$0,$3,$0,$3,$0,$3,$0,$0,$0,$0,$0,$0,$0,$0,$-6,$1,$0
39,2008-12-31,1.37,$1.21,1.13,$1.49,0.92,$-1.45,0.0,$-0.65,0.0,$0.08B,$0.02B,4.39,$0.00B,$0.05B,0.0,$0.06B,$0.06B,100.00%,$0.06B,$-0.03B,-47.37%,$0.06B,$-0.03B,-47.37%,$0.06B,$-0.03B,-45.61%,$0.06B,$-0.03B,-43.86%,$0.06B,$-0.03B,-43.86%,$-0.03B,$0.05B,-56.50%,$-0.03B,$0.05B,-56.50%,$-0.03B,$0.09B,-23.75%,$-0.03B,$0.05B,-61.02%,$34,$0,$34,$22,$2,$24,$10,$0,$10,$0,$10,$10,$10,$10,$10,$38,38,$0.26,$0.26,$62,$0,$0,$75,$5,$2,$0,$0,$10,$85,$17,$0,$0,$21,$38,$0,$-249,$0,$46,$85,$-25,$2,$6,$8,$27,$0,$-9,$-22,$-4,$-21,$-1,$0,$0,$13,$0,$13,$0,$11,$0,$0,$0,$1,$1,$0,$0,$1,$-9,$6,$0
40,2008-09-30,3.15,$0.92,3.44,$1.45,2.18,$-1.74,0.0,$-0.97,0.0,$0.08B,$0.02B,4.56,$0.00B,$0.04B,0.0,$0.05B,$0.05B,100.00%,$0.05B,$-0.04B,-78.43%,$0.05B,$-0.04B,-78.43%,$0.05B,$-0.04B,-76.47%,$0.05B,$-0.04B,-72.55%,$0.05B,$-0.04B,-72.55%,$-0.04B,$0.04B,-75.51%,$-0.04B,$0.04B,-75.51%,$-0.04B,$0.10B,-30.90%,$-0.04B,$0.04B,-81.63%,$9,$0,$9,$16,$2,$18,$-10,$1,$-9,$0,$-9,$-9,$-9,$-9,$-10,$38,38,$-0.24,$-0.24,$65,$0,$0,$80,$5,$3,$0,$0,$19,$99,$18,$0,$0,$47,$64,$0,$-259,$0,$35,$99,$-35,$1,$5,$6,$26,$0,$0,$-3,$13,$-16,$-1,$0,$0,$2,$0,$2,$0,$0,$0,$0,$0,$1,$1,$0,$0,$1,$-15,$5,$0
41,2008-06-30,2.8,$1.11,2.51,$1.81,1.55,$-1.59,0.0,$-1.05,0.0,$0.06B,$0.02B,3.21,$0.00B,$0.04B,0.0,$0.06B,$0.06B,100.00%,$0.06B,$-0.04B,-67.74%,$0.06B,$-0.04B,-67.74%,$0.06B,$-0.04B,-67.74%,$0.06B,$-0.04B,-62.90%,$0.06B,$-0.04B,-62.90%,$-0.04B,$0.04B,-68.72%,$-0.04B,$0.04B,-69.03%,$-0.04B,$0.11B,-29.94%,$-0.04B,$0.04B,-74.01%,$3,$0,$3,$13,$3,$16,$-13,$1,$-13,$0,$-13,$-13,$-13,$-13,$-13,$38,38,$-0.33,$-0.33,$38,$0,$0,$56,$5,$36,$0,$0,$52,$108,$17,$0,$0,$48,$65,$0,$-250,$0,$42,$108,$-26,$1,$3,$4,$24,$0,$0,$-2,$12,$-10,$-1,$0,$0,$5,$0,$5,$0,$4,$0,$0,$0,$0,$0,$0,$0,$0,$-6,$3,$0
42,2008-03-31,4.61,$1.42,3.24,$2.20,2.1,$-1.47,0.0,$-0.96,0.0,$0.08B,$0.03B,2.98,$0.00B,$0.05B,0.0,$0.07B,$0.07B,100.00%,$0.07B,$-0.04B,-51.39%,$0.07B,$-0.04B,-51.39%,$0.07B,$-0.04B,-50.00%,$0.07B,$-0.03B,-45.83%,$0.07B,$-0.03B,-45.83%,$-0.03B,$0.05B,-68.04%,$-0.03B,$0.05B,-68.39%,$-0.03B,$0.13B,-26.88%,$-0.04B,$0.05B,-76.29%,$11,$0,$11,$22,$3,$25,$-14,$1,$-13,$0,$-13,$-13,$-13,$-14,$-14,$38,38,$-0.34,$-0.34,$46,$0,$0,$77,$5,$36,$0,$0,$52,$129,$26,$0,$0,$49,$75,$0,$-238,$1,$54,$129,$-13,$0,$2,$2,$11,$0,$0,$-2,$7,$-5,$-0,$0,$0,$1,$0,$1,$0,$1,$0,$0,$0,$0,$0,$0,$0,$0,$-3,$2,$0
43,2007-12-31,6.18,$1.71,3.62,$2.23,2.78,$-1.47,0.0,$-0.92,0.0,$0.09B,$0.03B,3.26,$0.00B,$0.07B,0.0,$0.07B,$0.07B,100.00%,$0.07B,$-0.03B,-45.71%,$0.07B,$-0.03B,-45.71%,$0.07B,$-0.03B,-44.29%,$0.07B,$-0.03B,-41.43%,$0.07B,$-0.03B,-41.43%,$-0.03B,$0.07B,-75.32%,$-0.03B,$0.07B,-75.82%,$-0.03B,$0.14B,-26.98%,$-0.03B,$0.07B,-83.12%,$28,$0,$28,$29,$2,$32,$-3,$1,$-2,$0,$-2,$-2,$-2,$-3,$-3,$33,33,$-0.03,$-0.03,$51,$0,$0,$92,$5,$34,$0,$0,$51,$143,$28,$0,$0,$50,$78,$0,$-225,$0,$65,$143,$-29,$1,$6,$7,$-35,$0,$15,$16,$-3,$-25,$-3,$0,$0,$-12,$0,$-12,$0,$-15,$0,$0,$0,$67,$67,$0,$0,$67,$27,$6,$0
44,2007-09-30,7.22,$1.73,4.18,$1.44,5.02,$-1.18,0.0,$-1.20,0.0,$0.09B,$0.03B,3.7,$0.00B,$0.07B,0.0,$0.04B,$0.04B,100.00%,$0.04B,$-0.04B,-90.91%,$0.04B,$-0.04B,-90.91%,$0.04B,$-0.04B,-88.64%,$0.04B,$-0.04B,-84.09%,$0.04B,$-0.04B,-84.09%,$-0.04B,$0.07B,-134.55%,$-0.04B,$0.07B,-135.78%,$-0.04B,$0.14B,-41.69%,$-0.04B,$0.07B,-145.45%,$20,$0,$20,$30,$3,$32,$-12,$1,$-11,$0,$-11,$-11,$-11,$-12,$-12,$34,34,$-0.32,$-0.32,$69,$0,$0,$92,$4,$34,$0,$0,$50,$141,$25,$0,$0,$51,$76,$0,$-222,$0,$66,$141,$-27,$1,$4,$5,$-16,$0,$0,$17,$13,$-9,$-2,$-0,$0,$-16,$0,$-16,$0,$-18,$0,$0,$0,$67,$67,$0,$0,$67,$40,$4,$0
45,2007-06-30,7.73,$0.32,24.43,$0.90,8.56,$-0.90,0.0,$-1.41,0.0,$0.05B,$0.02B,3.0,$0.00B,$0.01B,0.0,$0.03B,$0.03B,100.00%,$0.03B,$-0.04B,-169.23%,$0.03B,$-0.04B,-169.23%,$0.03B,$-0.04B,-165.38%,$0.03B,$-0.04B,-161.54%,$0.03B,$-0.04B,-161.54%,$-0.04B,$0.01B,-227.03%,$-0.04B,$0.01B,-227.03%,$-0.04B,$0.08B,-57.14%,$-0.04B,$0.01B,-237.84%,$13,$0,$13,$19,$2,$21,$-8,$1,$-7,$0,$-7,$-7,$-7,$-7,$-8,$29,29,$-0.24,$-0.24,$31,$0,$0,$51,$3,$12,$0,$0,$27,$78,$17,$0,$0,$52,$69,$0,$-211,$-0,$9,$78,$-16,$0,$3,$3,$-14,$0,$0,$17,$8,$-4,$-1,$-0,$0,$6,$0,$6,$0,$6,$0,$0,$0,$1,$1,$0,$0,$1,$3,$3,$0
46,2007-03-31,8.37,$0.48,17.55,$0.50,16.76,$-0.32,0.0,$-1.52,0.0,$0.05B,$0.01B,3.48,$0.00B,$0.01B,0.0,$0.02B,$0.02B,100.00%,$0.02B,$-0.05B,-313.33%,$0.02B,$-0.05B,-313.33%,$0.02B,$-0.05B,-313.33%,$0.02B,$-0.05B,-300.00%,$0.02B,$-0.05B,-300.00%,$-0.05B,$0.01B,-165.14%,$-0.05B,$0.01B,-165.14%,$-0.05B,$0.07B,-58.44%,$-0.05B,$0.01B,-172.48%,$9,$0,$9,$16,$2,$19,$-9,$1,$-9,$0,$-9,$-9,$-9,$-9,$-9,$29,29,$-0.30,$-0.30,$37,$0,$0,$47,$3,$6,$0,$0,$21,$68,$14,$0,$0,$40,$54,$0,$-204,$0,$14,$68,$-9,$0,$1,$2,$-4,$0,$0,$5,$4,$-3,$-0,$-0,$0,$8,$0,$8,$0,$8,$0,$0,$0,$0,$0,$0,$0,$0,$5,$1,$0
47,2006-12-31,11.56,$0.72,15.98,$0.21,54.25,$0.69,16.72,$-1.49,0.0,$0.05B,$0.01B,4.27,$0.00B,$0.02B,0.0,$0.01B,$0.01B,100.00%,$0.01B,$-0.05B,-671.43%,$0.01B,$-0.05B,-671.43%,$0.01B,$-0.05B,-671.43%,$0.01B,$-0.04B,-628.57%,$0.01B,$-0.04B,-628.57%,$-0.04B,$0.02B,-118.92%,$-0.04B,$0.02B,-118.92%,$-0.04B,$0.07B,-51.46%,$-0.05B,$0.02B,-127.03%,$2,$0,$2,$11,$2,$13,$-11,$1,$-10,$0,$-10,$-10,$-10,$-11,$-11,$29,29,$-0.35,$-0.35,$37,$0,$0,$46,$3,$9,$0,$0,$23,$68,$11,$0,$0,$37,$47,$0,$-195,$0,$21,$68,$-44,$1,$3,$4,$25,$0,$-2,$1,$24,$-15,$-1,$-0,$0,$-11,$0,$-11,$0,$-12,$0,$0,$0,$3,$3,$0,$0,$3,$-25,$3,$0
