,Date,Stock Price,Book Value per Share,Price to Book Ratio,TTM Sales per Share,Price to Sales Ratio,TTM FCF per Share,Price to FCF Ratio,TTM Net EPS,PE Ratio,Current Assets,Current Liabilities,Current Ratio,Long Term Debt,Shareholder's Equity_x,Debt to Equity Ratio,TTM Revenue_x,TTM Gross Profit,Gross Margin,TTM Revenue_y,TTM Operating Income,Operating Margin,TTM Revenue_x,TTM EBIT,EBIT Margin,TTM Revenue_y,TTM EBITDA,EBITDA Margin,TTM Revenue_x,TTM Pre-Tax Income,Pre-Tax Margin,TTM Revenue_y,TTM Net Income_x,Net Margin,TTM Net Income_y,Shareholder's Equity_y,Return on Equity,TTM Net Income_x,Tangible Equity,Return on Tangible Equity,TTM Net Income_y,Total Assets,Return on Assets,TTM Net Income,LT Investments & Debt,Return on Investment,revenue,cost-goods-sold,gross-profit,research-development-expenses,selling-general-administrative-expenses,operating-expenses,operating-income,total-non-operating-income-expense,pre-tax-income,total-provision-income-taxes,income-after-taxes,income-from-continuous-operations,net-income,ebitda,ebit,basic-shares-outstanding,shares-outstanding,eps-basic-net-earnings-per-share,eps-earnings-per-share-diluted,cash-on-hand,inventory,other-current-assets,total-current-assets,net-property-plant-equipment,long-term-investments,goodwill-intangible-assets-total,other-long-term-assets,total-long-term-assets,total-assets,total-current-liabilities,long-term-debt,other-non-current-liabilities,total-long-term-liabilities,total-liabilities,common-stock-net,retained-earnings-accumulated-deficit,comprehensive-income,total-share-holder-equity,total-liabilities-share-holders-equity,net-income-loss,total-depreciation-amortization-cash-flow,other-non-cash-items,total-non-cash-items,change-in-accounts-receivable,change-in-inventories,change-in-accounts-payable,change-in-assets-liabilities,total-change-in-assets-liabilities,cash-flow-from-operating-activities,net-change-in-property-plant-equipment,net-change-in-intangible-assets,net-acquisitions-divestitures,net-change-in-short-term-investments,net-change-in-long-term-investments,net-change-in-investments-total,investing-activities-other,cash-flow-from-investing-activities,net-long-term-debt,net-current-debt,debt-issuance-retirement-net-total,net-common-equity-issued-repurchased,net-total-equity-issued-repurchased,total-common-preferred-stock-dividends-paid,financial-activities-other,cash-flow-from-financial-activities,net-cash-flow,stock-based-compensation,common-stock-dividends-paid
0,2018-06-30,10.03,$20.10,0.5,$6.70,1.5,$10.78,0.93,$-0.17,0.0,$943.36B,$628.78B,1.5,$421.76B,$85.97B,4.91,$28.73B,$28.73B,100.00%,$28.73B,$4.85B,16.87%,$28.73B,0,0.00%,$28.73B,0,0.00%,$28.73B,$5.18B,18.02%,$28.73B,$-0.71B,-2.45%,$-0.71B,$85.97B,-0.82%,$-0.71B,$75.26B,-0.93%,$-0.71B,$1564.57B,-0.05%,$4.85B,$507.73B,1.08%,$0,$0,$0,$0,$0,$0,$0,$0,$0,$0,$0,$0,$0,$0,$0,$0,0,$0.00,$0.00,$506519,$0,$0,$943355,$3363,$593029,$10712,$7096,$619682,$1564568,$628779,$421759,$427565,$849421,$1478596,$30138,$34625,$0,$85972,$1564568,$2258,$0,$3696,$3696,$0,$0,$0,$-3809,$-3809,$1911,$0,$0,$0,$0,$0,$0,$0,$-9979,$0,$0,$0,$0,$0,$0,$0,$-5852,$-13372,$0,$0
1,2018-03-31,11.82,$20.10,0.59,$6.39,1.85,$13.50,0.88,$-0.54,0.0,$946.33B,$742.58B,1.27,$465.25B,$85.76B,5.43,$27.27B,$27.27B,100.00%,$27.27B,$1.23B,4.50%,$27.27B,0,0.00%,$27.27B,0,0.00%,$27.27B,$2.92B,10.70%,$27.27B,$-2.19B,-8.02%,$-2.19B,$85.76B,-2.46%,$-2.19B,$74.90B,-2.78%,$-2.19B,$1589.49B,-0.14%,$1.23B,$551.01B,0.30%,$7589,$0,$7589,$0,$5000,$5000,$2589,$-10,$2579,$589,$1990,$1990,$1677,$0,$0,$4267,4331,$0.39,$0.39,$502294,$0,$0,$946333,$0,$612305,$10863,$12814,$643153,$1589486,$742580,$465248,$295836,$761141,$1503721,$30700,$33838,$0,$85764,$1589486,$0,$0,$0,$0,$0,$0,$0,$0,$0,$0,$0,$0,$0,$0,$0,$0,$0,$0,$0,$0,$0,$0,$0,$0,$0,$0,$0,$0,$0
2,2017-06-30,10.49,$19.90,0.53,$6.43,1.63,$13.50,0.78,$-0.17,0.0,$872.60B,$730.68B,1.19,$288.89B,$84.74B,3.41,$26.96B,$26.96B,100.00%,$26.96B,$2.02B,7.50%,$26.96B,0,0.00%,$26.96B,0,0.00%,$26.96B,$4.35B,16.12%,$26.96B,$-0.82B,-3.03%,$-0.82B,$84.74B,-0.90%,$-0.82B,$74.87B,-1.01%,$-0.82B,$1451.96B,-0.05%,$2.02B,$373.64B,0.56%,$7456,$0,$7456,$0,$7811,$7811,$-355,$26,$-328,$423,$-751,$-751,$-825,$0,$0,$4259,4259,$-0.23,$-0.23,$326370,$0,$0,$872604,$3516,$549331,$9878,$10197,$578445,$1451956,$730675,$288892,$339988,$636116,$1367212,$28133,$35842,$0,$84744,$1451956,$2994,$0,$1331,$1331,$0,$0,$0,$41037,$41037,$44685,$0,$0,$0,$0,$0,$0,$0,$2613,$0,$0,$0,$0,$0,$0,$0,$367,$46397,$0,$0
3,2017-03-31,11.13,$20.82,0.53,$7.05,1.58,$9.50,1.17,$0.48,23.19,$851.23B,$703.13B,1.21,$266.36B,$88.40B,3.01,$29.06B,$29.06B,100.00%,$29.06B,$4.68B,16.11%,$29.06B,0,0.00%,$29.06B,0,0.00%,$29.06B,$5.32B,18.32%,$29.06B,$1.95B,6.70%,$1.95B,$88.40B,2.07%,$1.95B,$78.88B,2.31%,$1.95B,$1491.14B,0.11%,$4.68B,$354.76B,1.28%,$6469,$0,$6469,$0,$5934,$5934,$535,$308,$843,$390,$453,$453,$-1792,$0,$0,$4247,4323,$-0.40,$-0.40,$296876,$0,$0,$851225,$0,$525801,$9524,$16377,$639911,$1491136,$703132,$266359,$348912,$699603,$1402735,$27099,$37622,$0,$88401,$1491136,$0,$0,$0,$0,$0,$0,$0,$0,$0,$0,$0,$0,$0,$0,$0,$0,$0,$0,$0,$0,$0,$0,$0,$0,$0,$0,$0,$0,$0
4,2016-12-31,10.7,$22.81,0.47,$7.06,1.52,$9.50,1.13,$0.57,18.78,$858.65B,$724.69B,1.19,$264.75B,$96.72B,2.74,$29.07B,$29.07B,100.00%,$29.07B,$3.71B,12.78%,$29.07B,0,0.00%,$29.07B,0,0.00%,$29.07B,$4.38B,15.06%,$29.07B,$2.37B,8.16%,$2.37B,$96.72B,2.46%,$2.37B,$86.25B,2.75%,$2.37B,$1644.15B,0.13%,$3.71B,$361.47B,1.01%,$7213,$0,$7213,$0,$5136,$5136,$2077,$6,$2083,$586,$1498,$1498,$235,$0,$0,$4231,4231,$0.05,$0.05,$267691,$0,$0,$858649,$3829,$663060,$10471,$4681,$785482,$1644150,$724693,$264752,$468926,$822208,$1547429,$29602,$41379,$0,$96721,$1644150,$4378,$1709,$-22520,$-20811,$-34404,$0,$0,$67190,$32786,$15296,$-1828,$0,$0,$0,$51534,$51534,$43,$49749,$426,$0,$426,$1708,$1708,$-1767,$-2151,$-1785,$78003,$0,$-1767
5,2016-09-30,8.46,$21.74,0.39,$8.08,1.05,$10.89,0.78,$0.96,8.81,$867.13B,$756.77B,1.15,$269.86B,$92.09B,2.93,$32.98B,$32.98B,100.00%,$32.98B,$6.76B,20.51%,$32.98B,0,0.00%,$32.98B,0,0.00%,$32.98B,$6.78B,20.56%,$32.98B,$3.93B,11.92%,$3.93B,$92.09B,4.03%,$3.93B,$82.22B,4.54%,$3.93B,$1738.86B,0.22%,$6.76B,$361.95B,1.88%,$6128,$0,$6128,$0,$7158,$7158,$-1030,$1349,$320,$-110,$430,$430,$196,$0,$0,$4215,4261,$0.03,$0.03,$250940,$0,$0,$867133,$0,$752082,$9872,$14817,$871724,$1738857,$756768,$269858,$532260,$890000,$1646768,$28646,$38524,$0,$92089,$1738857,$0,$0,$0,$0,$0,$0,$0,$0,$0,$0,$0,$0,$0,$0,$0,$0,$0,$0,$0,$0,$0,$0,$0,$0,$0,$0,$0,$0,$0
6,2016-06-30,7.3,$23.56,0.31,$8.75,0.84,$10.89,0.67,$1.00,7.3,$930.06B,$812.68B,1.14,$291.17B,$99.61B,2.92,$35.69B,$35.69B,100.00%,$35.69B,$8.61B,24.13%,$35.69B,0,0.00%,$35.69B,0,0.00%,$35.69B,$7.71B,21.60%,$35.69B,$4.10B,11.48%,$4.10B,$99.61B,4.10%,$4.10B,$89.05B,4.48%,$4.10B,$1938.96B,0.21%,$8.61B,$390.78B,2.41%,$7152,$0,$7152,$0,$6712,$6712,$440,$659,$1099,$431,$668,$668,$544,$0,$0,$3986,3986,$0.14,$0.14,$250714,$0,$0,$930058,$4077,$886425,$10561,$10798,$1008649,$1938955,$812677,$291170,$642852,$1026007,$1839344,$31228,$43165,$0,$99611,$1938955,$2960,$0,$-12789,$-12789,$0,$0,$0,$36058,$36058,$25663,$0,$0,$0,$0,$0,$0,$0,$20628,$0,$0,$0,$0,$0,$0,$0,$-2452,$54268,$0,$0
7,2016-03-31,8.28,$23.26,0.36,$8.90,0.93,$0.06,140.66,$0.13,63.73,$849.30B,$779.68B,1.09,$260.94B,$97.96B,2.66,$36.38B,$36.38B,100.00%,$36.38B,$14.68B,40.34%,$36.38B,0,0.00%,$36.38B,0,0.00%,$36.38B,$15.14B,41.63%,$36.38B,$0.54B,1.50%,$0.54B,$97.96B,0.53%,$0.54B,$87.47B,0.58%,$0.54B,$1789.39B,0.03%,$14.68B,$358.90B,4.14%,$8569,$0,$8569,$0,$5374,$5374,$3196,$-1373,$1822,$670,$1152,$1152,$971,$0,$0,$4048,4048,$0.24,$0.24,$211543,$0,$0,$849304,$0,$821426,$10492,$17361,$940086,$1789390,$779675,$260940,$567496,$911757,$1691432,$31109,$44809,$0,$97958,$1789390,$0,$0,$0,$0,$0,$0,$0,$0,$0,$0,$0,$0,$0,$0,$0,$0,$0,$0,$0,$0,$0,$0,$0,$0,$0,$0,$0,$0,$0
8,2015-06-30,15.28,$23.95,0.64,$10.15,1.5,$0.06,259.44,$0.14,109.15,$1073.68B,$969.50B,1.11,$224.34B,$100.44B,2.23,$40.87B,$40.87B,100.00%,$40.87B,$16.45B,40.25%,$40.87B,0,0.00%,$40.87B,0,0.00%,$40.87B,$16.05B,39.27%,$40.87B,$0.52B,1.26%,$0.52B,$100.44B,0.49%,$0.52B,$87.89B,0.54%,$0.52B,$1832.90B,0.02%,$16.45B,$324.77B,4.53%,$7223,$0,$7223,$0,$6115,$6115,$1108,$29,$1136,$355,$781,$781,$662,$0,$0,$4211,4211,$0.16,$0.16,$345765,$0,$0,$1073684,$5544,$722048,$12542,$12663,$759161,$1832895,$969497,$224338,$534031,$761293,$1732460,$32965,$49163,$0,$100435,$1832895,$4769,$0,$4592,$4592,$0,$0,$0,$10684,$10684,$18623,$0,$0,$0,$0,$0,$0,$0,$-20782,$0,$0,$0,$0,$0,$0,$0,$-2423,$-4973,$0,$0
9,2015-03-31,13.44,$0.00,0.0,$10.51,1.28,$-4.49,0.0,$-0.22,0.0,$1183.46B,$1055.30B,1.12,$254.54B,$101.71B,2.5,$41.13B,$41.13B,100.00%,$41.13B,$24.72B,60.12%,$41.13B,0,0.00%,$41.13B,0,0.00%,$41.13B,$23.62B,57.43%,$41.13B,$-0.97B,-2.35%,$-0.97B,$101.71B,-0.90%,$-0.97B,$101.71B,-0.99%,$-0.97B,$2147.42B,-0.04%,$24.72B,$356.25B,7.00%,$10035,$0,$10035,$0,$8016,$8016,$2019,$703,$2722,$603,$2118,$2118,$1755,$0,$0,$4091,4091,$0.43,$0.43,$419588,$0,$0,$1183456,$0,$928282,$0,$35680,$963962,$2147418,$1055297,$254538,$735871,$990409,$2045706,$32416,$47469,$0,$101712,$2147418,$0,$0,$0,$0,$0,$0,$0,$0,$0,$0,$0,$0,$0,$0,$0,$0,$0,$0,$0,$0,$0,$0,$0,$0,$0,$0,$0,$0,$0
10,2014-12-31,13.66,$0.00,0.0,$10.86,1.26,$-4.49,0.0,0,0.0,$1248.03B,$1099.48B,1.14,$270.66B,$108.71B,2.49,$42.73B,$42.73B,100.00%,$42.73B,$25.65B,60.03%,$42.73B,0,0.00%,$42.73B,0,0.00%,$42.73B,$24.59B,57.55%,$42.73B,$-0.05B,-0.11%,$-0.05B,$108.71B,-0.04%,$-0.05B,$95.22B,-0.05%,$-0.05B,$2237.97B,0.00%,$25.65B,$379.36B,7.62%,$9861,$0,$9861,$0,$7571,$7571,$2290,$0,$2027,$928,$1099,$710,$710,$0,$0,$4009,4009,$0.18,$0.18,$473623,$0,$0,$1248029,$0,$931153,$13481,$39062,$983696,$2237965,$1099480,$270658,$759121,$1029779,$2129260,$6798,$52265,$0,$108705,$2237965,$3718,$2108,$0,$2108,$0,$0,$0,$0,$-27630,$-17208,$-1083,$0,$0,$0,$0,$20104,$-1460,$17561,$0,$0,$-452,$0,$-577,$-2782,$-1229,$-5040,$-5398,$0,$0
11,2014-09-30,13.42,$0.00,0.0,$12.40,1.08,$-12.63,0.0,$0.30,44.74,$1365.70B,$1255.38B,1.09,$282.09B,$111.17B,2.54,$45.72B,$45.72B,100.00%,$45.72B,$16.75B,36.63%,$45.72B,0,0.00%,$45.72B,0,0.00%,$45.72B,$15.40B,33.68%,$45.72B,$1.48B,3.23%,$1.48B,$111.17B,1.38%,$1.48B,$97.82B,1.57%,$1.48B,$2282.14B,0.07%,$16.75B,$393.26B,5.01%,$9258,$0,$9258,$0,$0,$0,$9258,$0,$9258,$0,$9258,$-2583,$-2583,$0,$0,$4071,4071,$-0.63,$-0.63,$558923,$0,$0,$1365700,$0,$858744,$13348,$44343,$916435,$2282135,$1255379,$282088,$633500,$915588,$2170967,$34640,$56308,$0,$111168,$2282135,$0,$0,$0,$0,$0,$0,$0,$0,$0,$0,$0,$0,$0,$0,$0,$0,$0,$0,$0,$0,$0,$0,$0,$0,$0,$0,$0,$0,$0
12,2014-06-30,13.12,$0.00,0.0,$12.69,1.03,$-12.63,0.0,$0.40,32.81,$1401.16B,$1924.17B,0.73,$173.57B,$109.44B,1.59,$44.41B,$44.41B,100.00%,$44.41B,$16.39B,36.90%,$44.41B,0,0.00%,$44.41B,0,0.00%,$44.41B,$15.18B,34.17%,$44.41B,$1.67B,3.75%,$1.67B,$109.44B,1.64%,$1.67B,$96.18B,1.81%,$1.67B,$2212.98B,0.08%,$16.39B,$283.01B,5.41%,$11714,$0,$11714,$0,$8830,$8830,$2884,$0,$2040,$1004,$1036,$633,$633,$0,$0,$3948,3948,$0.16,$0.16,$583225,$0,$0,$1401158,$0,$775685,$13259,$16170,$805114,$2212975,$1924167,$173573,$5798,$179371,$2103538,$34762,$55945,$0,$109437,$2212975,$0,$0,$0,$0,$0,$0,$0,$0,$0,$0,$0,$0,$0,$0,$0,$0,$0,$0,$0,$0,$0,$0,$0,$0,$0,$0,$0,$0,$0
13,2014-03-31,13.99,$0.00,0.0,$13.14,1.06,$-7.07,0.0,$0.24,58.28,$1463.55B,$1932.76B,0.76,$182.57B,$107.40B,1.7,$43.92B,$43.92B,100.00%,$43.92B,$5.93B,13.51%,$43.92B,0,0.00%,$43.92B,0,0.00%,$43.92B,$5.10B,11.62%,$43.92B,$1.14B,2.59%,$1.14B,$107.40B,1.16%,$1.14B,$94.57B,1.29%,$1.14B,$2254.30B,0.05%,$5.93B,$289.97B,1.96%,$10292,$0,$10292,$0,$0,$0,$10292,$0,$10292,$0,$10292,$273,$273,$0,$0,$3659,3659,$0.07,$0.07,$625657,$0,$0,$1463545,$0,$753985,$12831,$23936,$790752,$2254296,$1932755,$182569,$31575,$214143,$2146899,$34084,$55141,$0,$107398,$2254296,$0,$0,$0,$0,$0,$0,$0,$0,$0,$0,$0,$0,$0,$0,$0,$0,$0,$0,$0,$0,$0,$0,$0,$0,$0,$0,$0,$0,$0
14,2013-12-31,15.72,$0.00,0.0,$14.21,1.11,$-7.07,0.0,$0.26,60.47,$1306.74B,$1167.16B,1.12,$271.00B,$100.07B,2.71,$44.56B,$44.56B,100.00%,$44.56B,$5.49B,12.33%,$44.56B,0,0.00%,$44.56B,0,0.00%,$44.56B,$4.49B,10.07%,$44.56B,$0.81B,1.82%,$0.81B,$100.07B,0.86%,$0.81B,$88.04B,0.92%,$0.81B,$2053.44B,0.04%,$5.49B,$371.07B,1.78%,$11462,$0,$11462,$0,$8248,$8248,$3215,$0,$2999,$988,$2011,$1628,$1628,$0,$0,$4089,4089,$0.40,$0.40,$573995,$0,$0,$1306735,$0,$713098,$12025,$14980,$740104,$2053435,$1167156,$270998,$515214,$786212,$1953368,$6303,$51929,$0,$100067,$2053435,$4488,$1994,$0,$1994,$0,$0,$0,$0,$-51740,$-39392,$-1152,$0,$0,$0,$0,$-35274,$991,$-35435,$0,$0,$-1134,$0,$13155,$-2616,$-156,$9248,$-65269,$0,$0
15,2013-09-30,14.72,$0.00,0.0,$15.00,0.98,$-4.56,0.0,$0.32,46.0,$1392.13B,$1878.42B,0.74,$177.14B,$90.23B,1.96,$42.65B,$42.65B,100.00%,$42.65B,$15.48B,36.29%,$42.65B,0,0.00%,$42.65B,0,0.00%,$42.65B,$14.76B,34.61%,$42.65B,$1.26B,2.95%,$1.26B,$90.23B,1.33%,$1.26B,$90.23B,1.42%,$1.26B,$2177.49B,0.05%,$15.48B,$267.37B,4.72%,$12248,$0,$12248,$0,$11894,$11894,$354,$0,$65,$846,$-781,$-1056,$-1056,$0,$0,$3210,3210,$-0.33,$-0.33,$639567,$0,$0,$1392133,$0,$749529,$0,$35833,$785362,$2177494,$1878417,$177137,$31708,$208845,$2087263,$21723,$52010,$0,$90232,$2177494,$0,$0,$0,$0,$0,$0,$0,$0,$0,$0,$0,$0,$0,$0,$0,$0,$0,$0,$0,$0,$0,$0,$0,$0,$0,$0,$0,$0,$0
16,2013-06-30,14.74,$0.00,0.0,$13.87,1.06,$-4.56,0.0,$-0.09,0.0,$1485.00B,$2062.04B,0.72,$192.93B,$92.38B,2.09,$38.63B,$38.63B,100.00%,$38.63B,$11.18B,28.95%,$38.63B,0,0.00%,$38.63B,0,0.00%,$38.63B,$12.87B,33.31%,$38.63B,0,0.00%,$0.00B,$92.38B,0.00%,$0.00B,$80.33B,0.00%,$0.00B,$2354.59B,0.00%,$11.18B,$285.31B,3.25%,$10406,$0,$10406,$0,$7882,$7882,$2524,$0,$1820,$691,$1128,$822,$822,$0,$0,$3194,3194,$0.26,$0.26,$691536,$0,$0,$1485003,$0,$832954,$12058,$15940,$860951,$2354585,$2062042,$192927,$7234,$200161,$2262202,$21488,$52019,$0,$92382,$2354585,$2576,$0,$0,$0,$0,$0,$0,$0,$14800,$16695,$0,$0,$0,$0,$0,$0,$0,$-25544,$0,$0,$0,$0,$0,$0,$0,$-1862,$-5606,$0,$0
17,2013-03-31,15.24,$0.00,0.0,$15.99,0.95,$14.50,1.05,$0.32,47.61,$1517.67B,$2139.69B,0.71,$212.49B,$95.45B,2.23,$39.57B,$39.57B,100.00%,$39.57B,$13.22B,33.41%,$39.57B,0,0.00%,$39.57B,0,0.00%,$39.57B,$14.60B,36.91%,$39.57B,$0.90B,2.27%,$0.90B,$95.45B,0.91%,$0.90B,$95.45B,0.97%,$0.90B,$2479.90B,0.04%,$13.22B,$307.94B,3.71%,$9803,$0,$9803,$0,$9962,$9962,$-159,$0,$218,$158,$60,$-258,$-258,$0,$0,$3000,3000,$-0.09,$-0.09,$738990,$0,$0,$1517667,$0,$923973,$0,$38255,$962228,$2479895,$2139687,$212490,$32272,$244762,$2384450,$21716,$56541,$0,$95445,$2479895,$0,$0,$0,$0,$0,$0,$0,$0,$0,$0,$0,$0,$0,$0,$0,$0,$0,$0,$0,$0,$0,$0,$0,$0,$0,$0,$0,$0,$0
18,2012-12-31,14.69,$0.00,0.0,$16.90,0.87,$14.50,1.01,$-0.39,0.0,$1388.29B,$1168.35B,1.19,$351.70B,$99.79B,3.52,$36.42B,$36.42B,100.00%,$36.42B,$19.40B,53.26%,$36.42B,0,0.00%,$36.42B,0,0.00%,$36.42B,$21.17B,58.13%,$36.42B,$-0.95B,-2.62%,$-0.95B,$99.79B,-1.27%,$-0.95B,$87.25B,-1.38%,$-0.95B,$2362.31B,-0.05%,$19.40B,$451.49B,6.94%,$12100,$0,$12100,$0,$9325,$9325,$2775,$0,$2385,$763,$1622,$1304,$1304,$0,$0,$3131,3131,$0.42,$0.42,$649284,$0,$0,$1388286,$0,$936613,$12546,$15742,$964901,$2362308,$1168354,$351700,$742461,$1094161,$2262515,$4852,$59386,$0,$99793,$2362308,$390,$1774,$0,$1774,$0,$0,$0,$0,$-39607,$-21741,$-957,$0,$0,$0,$0,$-11139,$843,$-11253,$0,$0,$-669,$0,$-1398,$-2262,$-176,$-4505,$-44012,$0,$0
19,2012-09-30,11.71,$0.00,0.0,$5.53,2.12,$39.07,0.3,$0.06,195.24,$1518.42B,$1395.95B,1.09,$231.59B,$100.65B,2.3,$5.33B,$5.33B,100.00%,$5.33B,$-9.36B,-175.73%,$5.33B,0,0.00%,$5.33B,0,0.00%,$5.33B,$7.84B,147.10%,$5.33B,$0.22B,4.07%,$0.22B,$100.65B,0.28%,$0.22B,$100.65B,0.31%,$0.22B,$2526.48B,0.01%,$-9.36B,$332.25B,-3.68%,$10338,$0,$10338,$0,$0,$0,$10338,$0,$10338,$0,$10338,$-610,$-610,$0,$0,$2243,2243,$-0.27,$-0.27,$725503,$0,$0,$1518420,$0,$967908,$0,$40150,$1008058,$2526478,$1395951,$231593,$0,$1029875,$2425826,$19703,$60414,$0,$100652,$2526478,$0,$0,$0,$0,$0,$0,$0,$0,$0,$0,$0,$0,$0,$0,$0,$0,$0,$0,$0,$0,$0,$0,$0,$0,$0,$0,$0,$0,$0
20,2012-06-30,8.65,$0.00,0.0,$18.35,0.47,$39.07,0.22,$0.84,10.3,$1540.62B,$2244.98B,0.69,$232.88B,$100.86B,2.31,$43.37B,$43.37B,100.00%,$43.37B,$11.88B,27.38%,$43.37B,0,0.00%,$43.37B,0,0.00%,$43.37B,$16.08B,37.07%,$43.37B,$2.51B,5.79%,$2.51B,$100.86B,4.89%,$2.51B,$88.41B,5.57%,$2.51B,$2583.27B,0.20%,$11.88B,$333.74B,6.92%,$6390,$0,$6390,$0,$8162,$8162,$-1771,$0,$-74,$93,$-167,$-436,$-436,$0,$0,$3000,3000,$-0.15,$-0.15,$743266,$0,$0,$1540616,$0,$1002457,$12449,$18392,$1033298,$2583271,$2244980,$232880,$4553,$237432,$2482412,$19735,$60931,$0,$100860,$2583271,$1202,$0,$0,$0,$0,$0,$0,$0,$38244,$49120,$0,$0,$0,$0,$0,$0,$0,$-3535,$0,$0,$0,$0,$0,$0,$0,$-6114,$35633,$0,$0
21,2012-03-31,12.67,$0.00,0.0,$16.46,0.77,$14.45,0.88,$0.78,16.24,$0.00B,$0.00B,0.0,$0.00B,$0.00B,0.0,$43.25B,$43.25B,100.00%,$43.25B,$11.56B,26.74%,$43.25B,0,0.00%,$43.25B,0,0.00%,$43.25B,$15.74B,36.39%,$43.25B,$2.66B,6.16%,$2.66B,$0.00B,5.17%,$2.66B,$0.00B,5.94%,$2.66B,$0.00B,0.22%,$11.56B,$0.00B,6.70%,$10739,$0,$10739,$0,$8862,$8862,$1878,$0,$1954,$660,$1294,$640,$640,$0,$0,$1995,1995,$0.32,$0.32,$0,$0,$0,$0,$0,$0,$0,$0,$0,$0,$0,$0,$0,$0,$0,$0,$0,$0,$0,$0,$0,$0,$0,$0,$0,$0,$0,$0,$0,$0,$0,$0,$0,$0,$0,$0,$0,$0,$0,$0,$0,$0,$0,$0,$0,$0,$0,$0,$0
22,2011-12-31,9.07,$0.00,0.0,$14.76,0.61,$14.45,0.63,$1.63,5.57,$1434.23B,$2152.30B,0.67,$248.05B,$104.60B,2.37,$45.23B,$45.23B,100.00%,$45.23B,$5.79B,12.81%,$45.23B,0,0.00%,$45.23B,0,0.00%,$45.23B,$9.43B,20.86%,$45.23B,$5.20B,11.49%,$5.20B,$104.60B,10.10%,$5.20B,$92.01B,11.60%,$5.20B,$2508.52B,0.42%,$5.79B,$352.65B,3.36%,$8953,$0,$8953,$0,$0,$0,$8953,$0,$8953,$0,$8953,$-547,$-547,$0,$0,$1873,1873,$-0.29,$-0.29,$665110,$0,$0,$1434228,$0,$1034567,$12588,$15643,$1062798,$2508523,$2152304,$248050,$3568,$251618,$2403922,$19862,$63168,$0,$104601,$2508523,$9432,$1771,$0,$1771,$0,$0,$0,$0,$26782,$46654,$-2333,$0,$0,$0,$0,$-937,$202,$-3068,$0,$0,$-5011,$0,$-311,$-2225,$-2017,$-9564,$29317,$0,$0
23,2011-09-30,8.03,$0.00,0.0,$25.89,0.31,$8.58,0.94,$2.00,4.02,$0.00B,$0.00B,0.0,$0.00B,$0.00B,0.0,$79.71B,$79.71B,100.00%,$79.71B,$37.94B,47.60%,$79.71B,0,0.00%,$79.71B,0,0.00%,$79.71B,$26.16B,32.82%,$79.71B,$6.37B,8.00%,$6.37B,$0.00B,12.91%,$6.37B,$0.00B,14.99%,$6.37B,$0.00B,0.54%,$37.94B,$0.00B,21.08%,$-20755,$0,$-20755,$0,$-2335,$-2335,$-18421,$0,$-2997,$3093,$-6091,$560,$560,$0,$0,$3068,3068,$0.18,$0.18,$0,$0,$0,$0,$0,$0,$0,$0,$0,$0,$0,$0,$0,$0,$0,$0,$0,$0,$0,$0,$0,$0,$0,$0,$0,$0,$0,$0,$0,$0,$0,$0,$0,$0,$0,$0,$0,$0,$0,$0,$0,$0,$0,$0,$0,$0,$0,$0,$0
24,2011-06-30,13.41,$0.00,0.0,$12.24,1.1,$8.58,1.56,$1.38,9.72,$1900.25B,$1299.82B,1.46,$236.43B,$101.17B,2.34,$43.28B,$43.28B,100.00%,$43.28B,$26.47B,61.17%,$43.28B,0,0.00%,$43.28B,0,0.00%,$43.28B,$27.33B,63.14%,$43.28B,$4.59B,10.61%,$4.59B,$101.17B,9.31%,$4.59B,$87.23B,10.80%,$4.59B,$2436.45B,0.39%,$26.47B,$337.60B,14.71%,$44431,$0,$44431,$0,$24967,$24967,$19465,$0,$8166,$0,$8166,$1859,$1859,$0,$0,$2972,2972,$0.63,$0.63,$1083056,$0,$0,$1900254,$0,$134498,$13939,$377646,$526083,$2436449,$1299818,$236430,$799035,$1035465,$2335283,$20173,$63992,$0,$101166,$2436449,$0,$0,$0,$0,$0,$0,$0,$0,$0,$0,$0,$0,$0,$0,$0,$0,$0,$0,$0,$0,$0,$0,$0,$0,$0,$0,$0,$0,$0
25,2011-03-31,14.75,$0.00,0.0,$13.11,1.12,$8.58,1.72,$1.82,8.11,$0.00B,$0.00B,0.0,$0.00B,$0.00B,0.0,$46.21B,$46.21B,100.00%,$46.21B,$38.46B,83.22%,$46.21B,0,0.00%,$46.21B,0,0.00%,$46.21B,$39.26B,84.96%,$46.21B,$5.97B,12.93%,$5.97B,$0.00B,12.75%,$5.97B,$0.00B,14.86%,$5.97B,$0.00B,0.51%,$38.46B,$0.00B,21.97%,$10617,$0,$10617,$0,$9050,$9050,$1567,$0,$1614,$0,$1614,$790,$790,$0,$0,$3038,3038,$0.26,$0.26,$0,$0,$0,$0,$0,$0,$0,$0,$0,$0,$0,$0,$0,$0,$0,$0,$0,$0,$0,$0,$0,$0,$0,$0,$0,$0,$0,$0,$0,$0,$0,$0,$0,$0,$0,$0,$0,$0,$0,$0,$0,$0,$0,$0,$0,$0,$0,$0,$0
26,2010-12-31,13.33,$0.00,0.0,$14.05,0.95,$8.58,1.55,$1.79,7.45,$1452.59B,$1918.65B,0.76,$286.25B,$96.28B,2.97,$47.58B,$47.58B,100.00%,$47.58B,$47.58B,100.00%,$47.58B,0,0.00%,$47.58B,0,0.00%,$47.58B,$48.91B,102.81%,$47.58B,$5.61B,11.80%,$5.61B,$96.28B,11.98%,$5.61B,$82.83B,13.96%,$5.61B,$2303.44B,0.48%,$47.58B,$382.53B,27.18%,$10933,$0,$10933,$0,$7752,$7752,$3181,$0,$2650,$0,$2650,$1987,$1987,$0,$0,$3548,3548,$0.56,$0.56,$732410,$0,$0,$1452585,$0,$815568,$13448,$12343,$841359,$2303438,$1918649,$286254,$2259,$288513,$2207162,$19080,$56850,$0,$96276,$2303438,$9378,$10852,$0,$10852,$0,$0,$0,$0,$18014,$28894,$-1873,$0,$1495,$0,$0,$-7990,$-334,$-8701,$0,$0,$1423,$0,$844,$-2021,$0,$246,$26380,$0,$0
27,2010-09-30,15.15,$0.00,0.0,$13.85,1.09,$22.79,0.67,$5.22,2.9,$0.00B,$0.00B,0.0,$0.00B,$0.00B,0.0,$45.60B,$45.60B,100.00%,$45.60B,$45.60B,100.00%,$45.60B,0,0.00%,$45.60B,0,0.00%,$45.60B,$46.94B,102.93%,$45.60B,$15.10B,33.12%,$15.10B,$0.00B,33.07%,$15.10B,$0.00B,38.78%,$15.10B,$0.00B,1.33%,$45.60B,$0.00B,27.54%,$13730,$0,$13730,$0,$0,$0,$13730,$0,$13730,$0,$13730,$1737,$1737,$0,$0,$2978,3151,$0.58,$0.55,$0,$0,$0,$0,$0,$0,$0,$0,$0,$0,$0,$0,$0,$0,$0,$0,$0,$0,$0,$0,$0,$0,$0,$0,$0,$0,$0,$0,$0,$0,$0,$0,$0,$0,$0,$0,$0,$0,$0,$0,$0,$0,$0,$0,$0,$0,$0,$0,$0
28,2010-06-30,12.73,$0.00,0.0,$12.55,1.01,$22.79,0.56,$5.21,2.44,$1646.17B,$1983.96B,0.83,$226.38B,$91.12B,2.48,$37.61B,$37.61B,100.00%,$37.61B,$37.61B,100.00%,$37.61B,0,0.00%,$37.61B,0,0.00%,$37.61B,$37.61B,100.00%,$37.61B,$15.02B,39.95%,$15.02B,$91.12B,24.93%,$15.02B,$77.96B,30.19%,$15.02B,$2368.02B,0.87%,$37.61B,$317.50B,15.99%,$7996,$0,$7996,$0,$0,$0,$7996,$0,$9331,$0,$9331,$79,$79,$0,$0,$3063,6125,$0.03,$0.01,$908834,$0,$0,$1646165,$0,$79195,$13165,$620935,$713295,$2368022,$1983960,$226378,$66563,$292941,$2276901,$4492,$57091,$0,$91121,$2368022,$0,$0,$0,$0,$0,$0,$0,$0,$0,$0,$0,$0,$0,$0,$0,$0,$0,$0,$0,$0,$0,$0,$0,$0,$0,$0,$0,$0,$0
29,2010-03-31,17.38,$0.00,0.0,$11.88,1.46,$22.79,0.76,$4.99,3.48,$0.00B,$0.00B,0.0,$0.00B,$0.00B,0.0,$35.78B,$35.78B,100.00%,$35.78B,$35.78B,100.00%,$35.78B,0,0.00%,$35.78B,0,0.00%,$35.78B,$35.78B,100.00%,$35.78B,$14.37B,40.17%,$14.37B,$0.00B,38.34%,$14.37B,$0.00B,47.47%,$14.37B,$0.00B,1.26%,$35.78B,$0.00B,22.96%,$13548,$0,$13548,$0,$0,$0,$13548,$0,$13548,$0,$13548,$2170,$2170,$0,$0,$2940,3100,$0.74,$0.70,$0,$0,$0,$0,$0,$0,$0,$0,$0,$0,$0,$0,$0,$0,$0,$0,$0,$0,$0,$0,$0,$0,$0,$0,$0,$0,$0,$0,$0,$0,$0,$0,$0,$0,$0,$0,$0,$0,$0,$0,$0,$0,$0,$0,$0,$0,$0,$0,$0
30,2009-12-31,13.99,$0.00,0.0,$7.87,1.78,$22.79,0.61,$4.46,3.14,$1314.12B,$1787.87B,0.74,$253.23B,$91.57B,2.77,$23.48B,$23.48B,100.00%,$23.48B,$23.48B,100.00%,$23.48B,0,0.00%,$23.48B,0,0.00%,$23.48B,$23.48B,100.00%,$23.48B,$12.75B,54.29%,$12.75B,$91.57B,21.43%,$12.75B,$77.80B,26.87%,$12.75B,$2159.27B,0.61%,$23.48B,$344.81B,8.99%,$12301,$0,$12301,$0,$0,$0,$12301,$0,$12301,$0,$12301,$1627,$1627,$0,$0,$2868,3066,$0.57,$0.53,$591677,$0,$0,$1314119,$0,$808455,$13772,$14109,$836336,$2159265,$1787871,$253234,$26589,$279823,$2067694,$4468,$52998,$0,$91571,$2159265,$7180,$0,$0,$0,$0,$0,$0,$0,$38833,$65524,$-1218,$0,$468,$0,$0,$15877,$2900,$18027,$0,$0,$-1306,$0,$1262,$-991,$0,$-1035,$78030,$0,$0
31,2009-06-30,14.61,$0.00,0.0,$3.70,3.94,0,0.0,$0.48,30.44,$1837.78B,$1102.70B,1.67,$220.22B,$58.36B,3.77,$11.72B,$11.72B,100.00%,$11.72B,$11.72B,100.00%,$11.72B,0,0.00%,$11.72B,0,0.00%,$11.72B,$11.72B,100.00%,$11.72B,$1.52B,12.96%,$1.52B,$58.36B,3.19%,$1.52B,$43.29B,4.34%,$1.52B,$2392.18B,0.07%,$11.72B,$278.58B,4.83%,$11756,$0,$11756,$0,$0,$0,$11756,$0,$11756,$0,$11756,$11226,$11226,$0,$0,$2822,2822,$3.98,$3.98,$1118347,$0,$0,$1837777,$0,$103716,$15065,$429220,$548001,$2392183,$1102702,$220223,$993890,$1231123,$2333825,$4268,$43056,$0,$58358,$2392183,$0,$0,$0,$0,$0,$0,$0,$0,$0,$0,$0,$0,$0,$0,$0,$0,$0,$0,$0,$0,$0,$0,$0,$0,$0,$0,$0,$0,$0
32,2009-03-31,6.74,$0.00,0.0,$3.70,1.82,0,0.0,$0.48,14.03,$0.00B,$0.00B,0.0,$0.00B,$0.00B,0.0,$11.72B,$11.72B,100.00%,$11.72B,$11.72B,100.00%,$11.72B,0,0.00%,$11.72B,0,0.00%,$11.72B,$11.72B,100.00%,$11.72B,$1.52B,12.96%,$1.52B,$0.00B,3.09%,$1.52B,$0.00B,4.19%,$1.52B,$0.00B,0.07%,$11.72B,$0.00B,4.53%,$0,$0,$0,$0,$0,$0,$0,$0,$0,$0,$0,$0,$0,$0,$0,$0,0,$0.00,$0.00,$0,$0,$0,$0,$0,$0,$0,$0,$0,$0,$0,$0,$0,$0,$0,$0,$0,$0,$0,$0,$0,$0,$0,$0,$0,$0,$0,$0,$0,$0,$0,$0,$0,$0,$0,$0,$0,$0,$0,$0,$0,$0,$0,$0,$0,$0,$0,$0,$0
33,2008-12-31,7.77,$0.00,0.0,0,0.0,0,0.0,0,0.0,$1590.33B,$3230.55B,0.49,$332.84B,$87.96B,3.78,$7.11B,$7.11B,100.00%,$7.11B,$1.63B,22.93%,$7.11B,0,0.00%,$7.11B,0,0.00%,$7.11B,$1.63B,22.93%,$7.11B,$1.56B,21.90%,$1.56B,$87.96B,2.71%,$1.56B,$68.66B,3.70%,$1.56B,$3808.69B,0.06%,$1.63B,$420.80B,0.49%,$11720,$0,$11720,$0,$0,$0,$11720,$0,$11720,$0,$11720,$1519,$1519,$0,$0,$3164,3164,$0.48,$0.48,$645062,$0,$0,$1590328,$0,$2173029,$19298,$17363,$2209690,$3808689,$3230545,$332840,$157347,$490187,$3720732,$3883,$44911,$0,$87957,$3808689,$11274,$1764,$0,$1764,$0,$0,$0,$0,$45486,$62550,$-1709,$0,$-1775,$0,$0,$-11738,$-1020,$-16242,$0,$0,$8452,$0,$19968,$-5653,$0,$22767,$58313,$0,$0
34,2008-06-30,17.68,$0.00,0.0,0,0.0,0,0.0,0,0.0,$1964.86B,$1997.32B,0.98,$228.24B,$43.95B,5.19,$14.90B,$14.90B,100.00%,$14.90B,$3.24B,21.72%,$14.90B,0,0.00%,$14.90B,0,0.00%,$14.90B,$3.24B,21.72%,$14.90B,$2.95B,19.81%,$2.95B,$43.95B,6.76%,$2.95B,$27.92B,9.84%,$2.95B,$2693.07B,0.15%,$3.24B,$272.19B,1.07%,$0,$0,$0,$0,$0,$0,$0,$0,$0,$0,$0,$0,$0,$0,$0,$0,0,$0.00,$0.00,$1077493,$0,$0,$1964855,$0,$84956,$16036,$621324,$722316,$2693070,$1997321,$228237,$402787,$651795,$2649116,$3238,$40953,$0,$43954,$2693070,$0,$0,$0,$0,$0,$0,$0,$0,$0,$0,$0,$0,$0,$0,$0,$0,$0,$0,$0,$0,$0,$0,$0,$0,$0,$0,$0,$0,$0
35,2007-12-31,29.37,$0.00,0.0,0,0.0,0,0.0,0,0.0,$1541.23B,$1897.27B,0.81,$277.01B,$65.01B,4.26,$14.90B,$14.90B,100.00%,$14.90B,$3.24B,21.72%,$14.90B,0,0.00%,$14.90B,0,0.00%,$14.90B,$3.24B,21.72%,$14.90B,$2.95B,19.81%,$2.95B,$65.01B,6.52%,$2.95B,$48.40B,9.15%,$2.95B,$2456.93B,0.16%,$3.24B,$342.02B,1.06%,$0,$0,$0,$0,$0,$0,$0,$0,$0,$0,$0,$0,$0,$0,$0,$0,0,$0.00,$0.00,$769498,$0,$0,$1541228,$0,$878824,$16607,$14275,$909706,$2456931,$1897268,$277005,$217648,$494653,$2391921,$3305,$41978,$0,$65010,$2456931,$14159,$1339,$0,$1339,$0,$0,$0,$0,$-39970,$-21505,$-1249,$0,$-1147,$0,$0,$23060,$-526,$20138,$0,$7888,$0,$0,$1289,$-5121,$2663,$6719,$4252,$0,$0
36,2007-06-30,39.84,$0.00,0.0,0,0.0,0,0.0,0,0.0,$875.59B,$1166.44B,0.75,$257.68B,$33.27B,7.75,$14.90B,$14.90B,100.00%,$14.90B,$3.24B,21.72%,$14.90B,0,0.00%,$14.90B,0,0.00%,$14.90B,$3.24B,21.72%,$14.90B,$2.95B,19.81%,$2.95B,$33.27B,7.93%,$2.95B,$23.65B,11.74%,$2.95B,$1509.84B,0.18%,$3.24B,$290.95B,1.18%,$0,$0,$0,$0,$0,$0,$0,$0,$0,$0,$0,$0,$0,$0,$0,$0,0,$0.00,$0.00,$19526,$0,$0,$875592,$0,$139238,$9625,$480265,$629128,$1509840,$1166437,$257684,$49552,$310133,$1476570,$1463,$26748,$0,$33270,$1509840,$0,$0,$0,$0,$0,$0,$0,$0,$-12474,$-12671,$0,$0,$12635,$0,$0,$0,$0,$8944,$0,$0,$0,$0,$0,$0,$-197,$10265,$6538,$0,$0
