,Date,Stock Price,Book Value per Share,Price to Book Ratio,TTM Sales per Share,Price to Sales Ratio,TTM FCF per Share,Price to FCF Ratio,TTM Net EPS,PE Ratio,Current Assets,Current Liabilities,Current Ratio,Long Term Debt,Shareholder's Equity_x,Debt to Equity Ratio,TTM Revenue_x,TTM Gross Profit,Gross Margin,TTM Revenue_y,TTM Operating Income,Operating Margin,TTM Revenue_x,TTM EBIT,EBIT Margin,TTM Revenue_y,TTM EBITDA,EBITDA Margin,TTM Revenue_x,TTM Pre-Tax Income,Pre-Tax Margin,TTM Revenue_y,TTM Net Income_x,Net Margin,TTM Net Income_y,Shareholder's Equity_y,Return on Equity,TTM Net Income_x,Tangible Equity,Return on Tangible Equity,TTM Net Income_y,Total Assets,Return on Assets,TTM Net Income,LT Investments & Debt,Return on Investment,revenue,cost-goods-sold,gross-profit,research-development-expenses,selling-general-administrative-expenses,operating-expenses,operating-income,total-non-operating-income-expense,pre-tax-income,total-provision-income-taxes,income-after-taxes,income-from-continuous-operations,net-income,ebitda,ebit,basic-shares-outstanding,shares-outstanding,eps-basic-net-earnings-per-share,eps-earnings-per-share-diluted,cash-on-hand,inventory,other-current-assets,total-current-assets,net-property-plant-equipment,long-term-investments,goodwill-intangible-assets-total,other-long-term-assets,total-long-term-assets,total-assets,total-current-liabilities,long-term-debt,other-non-current-liabilities,total-long-term-liabilities,total-liabilities,common-stock-net,retained-earnings-accumulated-deficit,comprehensive-income,total-share-holder-equity,total-liabilities-share-holders-equity,net-income-loss,total-depreciation-amortization-cash-flow,other-non-cash-items,total-non-cash-items,change-in-accounts-receivable,change-in-inventories,change-in-accounts-payable,change-in-assets-liabilities,total-change-in-assets-liabilities,cash-flow-from-operating-activities,net-change-in-property-plant-equipment,net-change-in-intangible-assets,net-acquisitions-divestitures,net-change-in-short-term-investments,net-change-in-long-term-investments,net-change-in-investments-total,investing-activities-other,cash-flow-from-investing-activities,net-long-term-debt,net-current-debt,debt-issuance-retirement-net-total,net-common-equity-issued-repurchased,net-total-equity-issued-repurchased,total-common-preferred-stock-dividends-paid,financial-activities-other,cash-flow-from-financial-activities,net-cash-flow,stock-based-compensation,common-stock-dividends-paid
0,2018-09-30,71.41,$34.49,2.07,$58.80,1.21,$1.25,57.34,$2.65,26.95,$1.18B,$0.62B,1.9,$1.50B,$1.39B,1.08,$2.54B,$0.98B,38.60%,$2.54B,$0.29B,11.47%,$2.54B,$0.29B,11.47%,$2.54B,$0.44B,17.35%,$2.54B,$0.21B,8.16%,$2.54B,$0.11B,4.46%,$0.11B,$1.39B,8.27%,$0.11B,$-0.70B,-15.65%,$0.11B,$3.72B,3.02%,$0.29B,$2.89B,9.97%,$656,$395,$261,$33,$133,$524,$131,$-13,$118,$32,$86,$86,$77,$169,$131,$41,48,$1.90,$1.80,$329,$322,$50,$1176,$352,$0,$2092,$31,$2538,$3715,$620,$1504,$39,$1705,$2325,$1,$889,$-86,$1390,$3715,$117,$112,$38,$150,$-25,$-17,$-81,$-18,$-166,$101,$-62,$0,$-44,$0,$0,$0,$0,$-106,$-178,$0,$-178,$0,$0,$-32,$-10,$-221,$-232,$15,$-32
1,2018-06-30,61.12,$33.25,1.84,$59.76,1.02,$2.09,29.25,$0.67,91.22,$1.09B,$0.61B,1.79,$1.48B,$1.35B,1.1,$2.50B,$0.96B,38.29%,$2.50B,$0.22B,8.83%,$2.50B,$0.22B,8.83%,$2.50B,$0.37B,14.83%,$2.50B,$0.08B,3.16%,$2.50B,$0.03B,1.12%,$0.03B,$1.35B,2.03%,$0.03B,$-0.75B,-4.02%,$0.03B,$3.64B,0.75%,$0.22B,$2.83B,7.52%,$669,$411,$258,$37,$139,$612,$57,$-18,$38,$9,$29,$29,$20,$94,$57,$41,41,$0.49,$0.49,$261,$319,$49,$1093,$346,$0,$2101,$35,$2547,$3639,$612,$1483,$35,$1676,$2288,$1,$814,$-68,$1351,$3639,$31,$74,$31,$105,$-12,$-14,$-85,$-20,$-166,$-29,$-39,$0,$-44,$0,$0,$0,$2,$-82,$-53,$0,$-53,$-100,$-100,$-22,$-9,$-185,$-300,$8,$-22
2,2018-03-31,68.88,$31.51,2.19,$57.70,1.19,$4.06,16.95,$0.82,84.01,$1.18B,$0.59B,2.01,$1.66B,$1.29B,1.29,$2.44B,$0.94B,38.58%,$2.44B,$0.23B,9.29%,$2.44B,$0.23B,9.29%,$2.44B,$0.38B,15.47%,$2.44B,$0.08B,3.23%,$2.44B,$0.04B,1.43%,$0.04B,$1.29B,2.48%,$0.04B,$-0.85B,-5.36%,$0.04B,$3.77B,0.92%,$0.23B,$2.96B,7.52%,$606,$375,$231,$37,$125,$561,$44,$-37,$7,$4,$3,$3,$-6,$81,$44,$42,42,$-0.15,$-0.15,$363,$329,$52,$1183,$351,$0,$2140,$25,$2583,$3767,$589,$1663,$37,$1885,$2474,$1,$796,$-129,$1292,$3767,$3,$37,$23,$60,$19,$-17,$-91,$-8,$-146,$-84,$-16,$0,$-76,$0,$0,$0,$39,$-53,$30,$0,$30,$0,$0,$-11,$-84,$-65,$-198,$3,$-11
3,2017-12-31,77.06,$34.15,2.26,$56.08,1.37,$5.93,13.0,$1.37,56.25,$1.37B,$0.68B,2.02,$1.56B,$1.44B,1.09,$2.39B,$0.93B,39.10%,$2.39B,$0.24B,9.84%,$2.39B,$0.24B,9.84%,$2.39B,$0.38B,16.07%,$2.39B,$0.10B,4.19%,$2.39B,$0.06B,2.43%,$0.06B,$1.44B,3.98%,$0.06B,$-0.59B,-10.42%,$0.06B,$3.84B,1.53%,$0.24B,$3.00B,7.68%,$605,$376,$229,$29,$114,$546,$59,$-16,$44,$13,$30,$30,$22,$96,$59,$42,43,$0.52,$0.51,$561,$297,$40,$1372,$337,$0,$2023,$65,$2469,$3841,$679,$1561,$36,$1727,$2406,$1,$834,$-98,$1435,$3841,$93,$150,$43,$193,$-25,$-84,$101,$-2,$-30,$255,$-63,$0,$-167,$0,$0,$0,$0,$-230,$-239,$0,$-239,$-25,$-25,$-43,$-24,$-331,$-287,$15,$-43
4,2017-09-30,80.36,$34.21,2.35,$56.28,1.43,$7.56,10.63,$1.45,55.42,$1.27B,$0.56B,2.26,$1.53B,$1.44B,1.06,$2.40B,$0.97B,40.36%,$2.40B,$0.24B,9.81%,$2.40B,$0.24B,9.81%,$2.40B,$0.38B,15.90%,$2.40B,$0.09B,3.71%,$2.40B,$0.06B,2.55%,$0.06B,$1.44B,4.17%,$0.06B,$-0.60B,-11.50%,$0.06B,$3.71B,1.61%,$0.24B,$2.97B,7.63%,$622,$382,$240,$35,$116,$561,$61,$-71,$-10,$-11,$1,$1,$-8,$100,$61,$42,42,$-0.18,$-0.18,$461,$262,$103,$1266,$325,$0,$2042,$36,$2439,$3705,$561,$1530,$37,$1702,$2262,$1,$814,$-84,$1442,$3705,$62,$113,$66,$178,$-33,$-50,$30,$3,$-137,$104,$-33,$0,$-167,$0,$0,$0,$0,$-200,$-251,$0,$-251,$0,$0,$-33,$-22,$-305,$-387,$13,$-33
5,2017-06-30,75.23,$34.97,2.15,$55.66,1.35,$8.52,8.83,$2.31,32.57,$1.42B,$0.54B,2.64,$1.68B,$1.48B,1.14,$2.38B,$0.97B,40.97%,$2.38B,$0.24B,9.94%,$2.38B,$0.24B,9.94%,$2.38B,$0.38B,15.92%,$2.38B,$0.14B,5.77%,$2.38B,$0.10B,4.13%,$0.10B,$1.48B,6.74%,$0.10B,$-0.58B,-18.67%,$0.10B,$3.86B,2.57%,$0.24B,$3.16B,7.58%,$611,$368,$243,$35,$118,$548,$63,$-25,$38,$2,$36,$36,$27,$101,$63,$42,43,$0.64,$0.64,$670,$253,$74,$1417,$319,$0,$2054,$36,$2446,$3863,$538,$1679,$39,$1846,$2384,$1,$824,$-65,$1479,$3863,$61,$74,$10,$83,$-18,$-42,$15,$3,$-110,$35,$-22,$0,$-167,$0,$0,$0,$0,$-189,$-5,$0,$-5,$0,$0,$-22,$-7,$-34,$-178,$9,$-22
6,2017-03-31,68.96,$34.68,1.99,$55.55,1.24,$9.06,7.61,$2.65,26.02,$1.48B,$0.52B,2.83,$1.64B,$1.47B,1.12,$2.37B,$0.98B,41.34%,$2.37B,$0.24B,9.93%,$2.37B,$0.24B,9.93%,$2.37B,$0.38B,15.93%,$2.37B,$0.14B,5.79%,$2.37B,$0.11B,4.78%,$0.11B,$1.47B,8.65%,$0.11B,$-0.46B,-17.00%,$0.11B,$3.79B,3.08%,$0.24B,$3.11B,7.93%,$551,$329,$222,$35,$113,$500,$52,$-24,$28,$2,$26,$26,$17,$87,$52,$42,43,$0.40,$0.40,$816,$218,$62,$1478,$311,$0,$1928,$36,$2309,$3788,$522,$1642,$36,$1800,$2322,$1,$799,$-48,$1466,$3788,$26,$35,$4,$39,$9,$-27,$3,$-6,$-77,$-12,$-10,$0,$0,$0,$0,$0,$0,$-10,$0,$0,$0,$0,$0,$-11,$-4,$-15,$-32,$4,$-11
7,2016-12-31,74.47,$34.64,2.15,$55.41,1.34,$9.57,7.78,$2.64,28.21,$1.48B,$0.57B,2.59,$1.62B,$1.46B,1.11,$2.36B,$0.98B,41.64%,$2.36B,$0.22B,9.51%,$2.36B,$0.22B,9.51%,$2.36B,$0.37B,15.62%,$2.36B,$0.13B,5.35%,$2.36B,$0.11B,4.75%,$0.11B,$1.46B,9.75%,$0.11B,$-0.49B,-13.15%,$0.11B,$3.81B,3.18%,$0.22B,$3.08B,7.94%,$612,$351,$262,$34,$122,$554,$59,$-25,$33,$-0,$33,$33,$25,$93,$59,$42,43,$0.58,$0.58,$848,$190,$52,$1479,$309,$0,$1946,$39,$2328,$3807,$570,$1620,$37,$1775,$2345,$1,$784,$-39,$1461,$3807,$128,$146,$14,$160,$-10,$3,$39,$-3,$27,$315,$-54,$0,$-19,$0,$0,$0,$-1,$-73,$-72,$0,$-72,$0,$501,$-16,$-11,$402,$631,$18,$-16
8,2016-09-30,68.66,$33.53,2.05,$54.92,1.25,$7.79,8.82,$3.22,21.32,$1.40B,$0.52B,2.7,$1.69B,$1.41B,1.2,$2.34B,$0.97B,41.39%,$2.34B,$0.22B,9.48%,$2.34B,$0.22B,9.48%,$2.34B,$0.37B,15.76%,$2.34B,$0.12B,5.25%,$2.34B,$0.14B,5.85%,$0.14B,$1.41B,13.83%,$0.14B,$-0.58B,-13.25%,$0.14B,$3.81B,4.03%,$0.22B,$3.10B,8.26%,$601,$355,$246,$34,$127,$539,$62,$-24,$38,$2,$36,$36,$29,$97,$62,$42,43,$0.70,$0.69,$748,$194,$55,$1398,$323,$0,$1991,$70,$2414,$3812,$518,$1691,$38,$1881,$2399,$1,$761,$-63,$1413,$3812,$94,$111,$14,$125,$-10,$6,$-4,$-3,$-72,$147,$-36,$0,$-18,$0,$0,$0,$-1,$-55,$-52,$0,$-52,$0,$501,$-6,$-5,$438,$532,$14,$-6
9,2016-06-30,60.04,$21.00,2.86,$54.32,1.11,$6.40,9.37,$2.88,20.85,$0.82B,$0.50B,1.64,$1.68B,$0.88B,1.9,$2.32B,$0.95B,40.92%,$2.32B,$0.20B,8.41%,$2.32B,$0.20B,8.41%,$2.32B,$0.34B,14.83%,$2.32B,$0.09B,4.05%,$2.32B,$0.12B,5.30%,$0.12B,$0.88B,14.81%,$0.12B,$-1.13B,-10.09%,$0.12B,$3.26B,3.72%,$0.20B,$2.57B,7.55%,$602,$353,$248,$37,$123,$539,$62,$-24,$38,$-4,$42,$42,$42,$100,$62,$42,43,$1.00,$0.99,$176,$199,$51,$819,$315,$0,$2019,$0,$2436,$3255,$499,$1682,$39,$1872,$2370,$1,$734,$-59,$884,$3255,$58,$75,$9,$84,$-4,$0,$-21,$-0,$-82,$61,$-25,$0,$-18,$0,$0,$0,$0,$-43,$-51,$0,$-51,$0,$0,$-4,$-4,$-59,$-41,$9,$-4
10,2016-03-31,60.99,$19.96,3.06,$53.73,1.14,$5.06,12.06,$2.40,25.41,$0.75B,$0.49B,1.53,$1.69B,$0.84B,2.01,$2.30B,$0.94B,40.60%,$2.30B,$0.18B,7.69%,$2.30B,$0.18B,7.69%,$2.30B,$0.33B,14.16%,$2.30B,$0.08B,3.26%,$2.30B,$0.10B,4.47%,$0.10B,$0.84B,12.64%,$0.10B,$-1.21B,-8.15%,$0.10B,$3.22B,3.06%,$0.18B,$2.53B,6.74%,$541,$316,$225,$36,$122,$501,$41,$-24,$17,$0,$16,$16,$16,$78,$41,$42,42,$0.39,$0.39,$146,$216,$44,$753,$316,$0,$2049,$69,$2471,$3224,$493,$1690,$45,$1891,$2384,$1,$694,$-61,$839,$3224,$16,$37,$4,$41,$45,$-17,$-17,$3,$-45,$13,$-13,$0,$-15,$0,$0,$0,$0,$-29,$-51,$0,$-51,$0,$0,$-2,$-3,$-56,$-70,$4,$-2
11,2015-12-31,47.34,$19.66,2.41,$53.81,0.88,$3.58,13.22,$1.55,30.54,$0.84B,$0.55B,1.52,$1.73B,$0.83B,2.09,$2.31B,$0.92B,39.76%,$2.31B,$0.14B,6.11%,$2.31B,$0.14B,6.11%,$2.31B,$0.29B,12.60%,$2.31B,$0.04B,1.69%,$2.31B,$0.07B,2.90%,$0.07B,$0.83B,8.33%,$0.07B,$-1.22B,-5.16%,$0.07B,$3.29B,1.95%,$0.14B,$2.55B,5.28%,$597,$347,$250,$37,$130,$540,$57,$-27,$30,$-19,$50,$50,$50,$94,$57,$42,43,$1.17,$1.16,$217,$196,$37,$837,$311,$0,$2041,$68,$2453,$3291,$549,$1725,$39,$1916,$2465,$1,$680,$-59,$826,$3291,$66,$150,$-28,$122,$6,$19,$-39,$-5,$53,$241,$-54,$0,$-692,$0,$0,$0,$0,$-746,$48,$0,$48,$-39,$-39,$-8,$-11,$-11,$-524,$18,$-8
12,2015-09-30,46.31,$18.42,2.51,$53.75,0.86,$2.80,16.53,$0.74,62.58,$0.95B,$0.51B,1.87,$1.91B,$0.77B,2.48,$2.32B,$0.89B,38.17%,$2.32B,$0.13B,5.47%,$2.32B,$0.13B,5.47%,$2.32B,$0.27B,11.55%,$2.32B,$0.03B,1.25%,$2.32B,$0.03B,1.42%,$0.03B,$0.77B,4.13%,$0.03B,$-1.32B,-2.89%,$0.03B,$3.46B,0.96%,$0.13B,$2.69B,4.75%,$579,$353,$226,$38,$128,$545,$35,$-25,$9,$-6,$15,$15,$15,$72,$35,$42,43,$0.34,$0.34,$242,$210,$77,$953,$311,$0,$2091,$80,$2506,$3459,$510,$1914,$35,$2176,$2686,$1,$632,$-59,$773,$3459,$17,$113,$9,$122,$-7,$8,$-56,$3,$-46,$92,$-39,$0,$-692,$0,$0,$0,$0,$-731,$199,$0,$199,$-39,$-39,$-6,$-7,$146,$-499,$14,$-6
13,2015-06-30,80.48,$19.23,4.19,$54.16,1.49,$2.37,33.9,$1.17,68.79,$0.95B,$0.50B,1.91,$1.92B,$0.82B,2.34,$2.35B,$0.88B,37.48%,$2.35B,$0.15B,6.37%,$2.35B,$0.15B,6.37%,$2.35B,$0.28B,11.90%,$2.35B,$0.06B,2.42%,$2.35B,$0.05B,2.21%,$0.05B,$0.82B,6.38%,$0.05B,$-1.31B,-5.44%,$0.05B,$3.50B,1.57%,$0.15B,$2.74B,5.78%,$586,$351,$234,$37,$128,$542,$44,$-25,$19,$-2,$22,$22,$22,$82,$44,$43,43,$0.51,$0.50,$208,$233,$72,$947,$319,$0,$2132,$80,$2555,$3503,$496,$1919,$36,$2186,$2682,$1,$620,$-34,$821,$3503,$2,$76,$5,$80,$-6,$-12,$-44,$-1,$-77,$5,$-27,$0,$-695,$0,$0,$0,$0,$-722,$199,$0,$199,$0,$0,$-4,$-7,$188,$-533,$10,$-4
14,2015-03-31,92.64,$18.70,4.96,$54.18,1.71,$2.65,34.93,$0.67,138.27,$0.88B,$0.48B,1.81,$1.90B,$0.80B,2.39,$2.37B,$0.85B,35.98%,$2.37B,$0.12B,4.98%,$2.37B,$0.12B,4.98%,$2.37B,$0.24B,10.05%,$2.37B,$0.03B,1.35%,$2.37B,$0.03B,1.27%,$0.03B,$0.80B,3.66%,$0.03B,$-1.35B,-3.88%,$0.03B,$3.46B,0.94%,$0.12B,$2.70B,4.70%,$547,$339,$208,$36,$140,$542,$5,$-24,$-19,$1,$-20,$-20,$-20,$43,$5,$43,43,$-0.46,$-0.46,$167,$238,$58,$877,$319,$0,$2145,$81,$2584,$3461,$484,$1904,$35,$2180,$2664,$1,$600,$-32,$797,$3461,$-20,$38,$1,$39,$10,$-18,$-35,$-1,$-68,$-48,$-15,$0,$-695,$0,$0,$0,$0,$-711,$200,$0,$200,$0,$0,$-2,$-8,$190,$-574,$5,$-2
15,2014-12-31,77.99,$19.01,4.1,$52.33,1.49,$3.45,22.58,$1.69,46.15,$1.39B,$0.52B,2.66,$1.77B,$0.81B,2.19,$2.31B,$0.82B,35.51%,$2.31B,$0.16B,7.06%,$2.31B,$0.16B,7.06%,$2.31B,$0.27B,11.52%,$2.31B,$0.08B,3.55%,$2.31B,$0.08B,3.25%,$0.08B,$0.81B,9.01%,$0.08B,$-0.60B,-14.81%,$0.08B,$3.26B,2.49%,$0.16B,$2.57B,6.82%,$609,$391,$218,$31,$124,$566,$43,$-23,$20,$5,$15,$15,$16,$71,$43,$43,44,$0.37,$0.36,$741,$228,$43,$1392,$316,$0,$1405,$87,$1869,$3261,$523,$1765,$31,$1930,$2453,$1,$622,$-46,$807,$3261,$74,$102,$1,$103,$-16,$-2,$28,$10,$23,$201,$-44,$0,$-349,$0,$0,$0,$0,$-392,$454,$0,$454,$-92,$-92,$-9,$-22,$330,$128,$19,$-9
16,2014-09-30,63.32,$19.55,3.24,$49.88,1.27,$2.73,23.19,$1.84,34.41,$1.17B,$0.47B,2.49,$1.54B,$0.84B,1.84,$2.21B,$0.78B,35.16%,$2.21B,$0.17B,7.65%,$2.21B,$0.17B,7.65%,$2.21B,$0.27B,12.08%,$2.21B,$0.09B,4.07%,$2.21B,$0.08B,3.71%,$0.08B,$0.84B,9.76%,$0.08B,$-0.57B,-18.84%,$0.08B,$3.01B,2.85%,$0.17B,$2.37B,7.36%,$611,$389,$222,$30,$119,$553,$58,$-21,$37,$3,$34,$34,$34,$84,$58,$43,44,$0.78,$0.77,$449,$224,$51,$1169,$320,$0,$1405,$90,$1839,$3008,$470,$1536,$52,$1701,$2171,$1,$608,$-30,$837,$3008,$58,$74,$6,$80,$-45,$4,$-8,$12,$-74,$65,$-29,$0,$-314,$0,$0,$0,$0,$-343,$199,$0,$199,$-70,$-70,$-7,$-2,$120,$-164,$14,$-7
17,2014-06-30,77.25,$19.31,4.0,$47.70,1.62,$2.43,31.81,$1.72,44.91,$1.18B,$0.48B,2.48,$1.56B,$0.84B,1.87,$2.12B,$0.74B,34.79%,$2.12B,$0.17B,7.78%,$2.12B,$0.17B,7.78%,$2.12B,$0.26B,12.31%,$2.12B,$0.09B,4.15%,$2.12B,$0.08B,3.63%,$0.08B,$0.84B,9.26%,$0.08B,$-0.58B,-20.01%,$0.08B,$3.05B,2.75%,$0.17B,$2.39B,7.38%,$601,$397,$204,$32,$146,$589,$12,$-18,$-6,$-6,$0,$0,$0,$40,$12,$44,44,$0.00,$0.00,$445,$228,$60,$1179,$328,$0,$1417,$99,$1872,$3050,$475,$1559,$61,$1741,$2216,$1,$576,$-27,$835,$3050,$25,$48,$2,$51,$-34,$8,$-5,$11,$-65,$11,$-21,$0,$-312,$0,$0,$0,$0,$-333,$199,$0,$199,$-39,$-39,$-4,$-1,$155,$-168,$10,$-4
18,2014-03-31,68.74,$19.50,3.53,$45.96,1.5,$1.91,35.94,$2.38,28.88,$1.18B,$0.36B,3.27,$1.37B,$0.85B,1.61,$2.05B,$0.71B,34.80%,$2.05B,$0.21B,10.10%,$2.05B,$0.21B,10.10%,$2.05B,$0.30B,14.64%,$2.05B,$0.13B,6.34%,$2.05B,$0.11B,5.17%,$0.11B,$0.85B,12.90%,$0.11B,$-0.28B,-31.78%,$0.11B,$2.71B,3.92%,$0.21B,$2.22B,9.58%,$488,$312,$176,$21,$95,$438,$50,$-19,$31,$6,$25,$25,$25,$71,$50,$44,44,$0.57,$0.56,$570,$220,$48,$1180,$301,$0,$1128,$81,$1535,$2714,$361,$1366,$34,$1503,$1864,$1,$579,$-40,$850,$2714,$25,$21,$1,$22,$-6,$-13,$1,$-4,$-67,$-20,$-10,$0,$-6,$0,$0,$0,$0,$-16,$0,$0,$0,$-5,$-5,$-2,$2,$-6,$-44,$5,$-2
19,2013-12-31,69.54,$19.25,3.61,$46.12,1.51,$0.91,76.4,$2.31,30.1,$1.20B,$0.40B,2.98,$1.37B,$0.84B,1.63,$2.07B,$0.70B,34.04%,$2.07B,$0.20B,9.72%,$2.07B,$0.20B,9.72%,$2.07B,$0.30B,14.31%,$2.07B,$0.13B,6.14%,$2.07B,$0.10B,4.98%,$0.10B,$0.84B,12.72%,$0.10B,$-0.31B,-28.41%,$0.10B,$2.75B,3.83%,$0.20B,$2.20B,9.40%,$510,$335,$175,$21,$96,$461,$49,$-21,$28,$4,$24,$24,$23,$72,$49,$44,45,$0.52,$0.51,$613,$208,$41,$1195,$301,$0,$1150,$79,$1556,$2752,$402,$1365,$43,$1514,$1915,$1,$556,$-29,$837,$2752,$103,$94,$2,$97,$-18,$7,$13,$21,$-35,$165,$-37,$0,$-6,$0,$0,$0,$0,$-43,$203,$0,$203,$-97,$-97,$-7,$-7,$93,$218,$15,$-7
20,2013-09-30,63.17,$18.52,3.41,$45.12,1.4,$0.41,154.64,$5.50,11.49,$1.11B,$0.39B,2.86,$1.32B,$0.81B,1.64,$2.04B,$0.68B,33.35%,$2.04B,$0.18B,9.04%,$2.04B,$0.18B,9.04%,$2.04B,$0.27B,13.46%,$2.04B,$0.12B,5.65%,$2.04B,$0.25B,12.13%,$0.25B,$0.81B,30.74%,$0.25B,$-0.37B,-64.49%,$0.25B,$2.70B,9.32%,$0.18B,$2.13B,8.87%,$522,$340,$183,$21,$96,$469,$54,$-19,$35,$6,$29,$29,$29,$78,$54,$44,45,$0.67,$0.65,$504,$212,$20,$1114,$301,$0,$1171,$80,$1585,$2699,$390,$1323,$41,$1505,$1895,$1,$536,$-38,$805,$2699,$81,$72,$-4,$68,$-40,$4,$8,$5,$-98,$51,$-28,$0,$-6,$0,$0,$0,$0,$-34,$188,$0,$188,$-96,$-96,$-4,$3,$90,$109,$11,$-4
21,2013-06-30,49.21,$18.25,2.7,$43.78,1.12,$1.30,37.74,$3.98,12.36,$1.08B,$0.38B,2.86,$1.31B,$0.80B,1.64,$1.98B,$0.64B,32.09%,$1.98B,$0.12B,5.91%,$1.98B,$0.12B,5.91%,$1.98B,$0.20B,10.11%,$1.98B,$0.00B,0.10%,$1.98B,$0.18B,9.04%,$0.18B,$0.80B,23.41%,$0.18B,$-0.38B,-54.08%,$0.18B,$2.67B,7.11%,$0.12B,$2.10B,6.02%,$529,$350,$179,$21,$94,$476,$54,$-18,$36,$6,$29,$29,$29,$79,$54,$44,45,$0.67,$0.66,$476,$210,$22,$1077,$300,$0,$1172,$75,$1587,$2665,$377,$1307,$46,$1493,$1869,$1,$509,$-43,$795,$2665,$52,$48,$-2,$46,$-43,$7,$6,$4,$-114,$-17,$-17,$0,$-6,$0,$0,$0,$0,$-23,$191,$0,$191,$-64,$-64,$-2,$-2,$123,$81,$7,$-2
22,2013-03-31,50.85,$18.23,2.79,$41.85,1.22,$2.25,22.57,$4.24,11.99,$1.03B,$0.35B,2.99,$1.32B,$0.80B,1.64,$1.91B,$0.60B,31.50%,$1.91B,$0.12B,6.08%,$1.91B,$0.12B,6.08%,$1.91B,$0.19B,9.75%,$1.91B,$0.01B,0.37%,$1.91B,$0.19B,10.06%,$0.19B,$0.80B,25.94%,$0.19B,$-0.39B,-104.21%,$0.19B,$2.65B,8.39%,$0.12B,$2.12B,6.70%,$507,$340,$167,$20,$92,$463,$44,$-16,$28,$6,$22,$22,$22,$67,$44,$44,45,$0.50,$0.49,$469,$219,$23,$1031,$303,$0,$1196,$72,$1617,$2648,$345,$1318,$42,$1501,$1846,$1,$482,$-38,$802,$2648,$22,$23,$-2,$20,$-10,$-2,$6,$-7,$-114,$-72,$-5,$0,$-6,$0,$0,$0,$0,$-11,$194,$0,$194,$-30,$-30,$-0,$-3,$162,$74,$3,$-0
23,2012-12-31,44.25,$18.38,2.41,$40.05,1.11,$4.06,10.9,$4.27,10.36,$0.96B,$0.45B,2.12,$1.14B,$0.81B,1.4,$1.84B,$0.57B,30.80%,$1.84B,$0.11B,5.92%,$1.84B,$0.11B,5.92%,$1.84B,$0.17B,9.13%,$1.84B,$0.01B,0.27%,$1.84B,$0.19B,10.54%,$0.19B,$0.81B,27.07%,$0.19B,$-0.40B,-579.10%,$0.19B,$2.59B,9.38%,$0.11B,$1.95B,7.19%,$478,$327,$150,$18,$90,$446,$32,$-15,$16,$-23,$39,$39,$167,$50,$32,$45,46,$3.72,$3.66,$395,$215,$28,$960,$307,$0,$1207,$64,$1625,$2585,$452,$1136,$40,$1320,$1773,$1,$462,$-31,$812,$2585,$194,$59,$-92,$-33,$6,$37,$-55,$2,$-22,$139,$-31,$0,$-561,$0,$0,$0,$0,$-592,$556,$0,$556,$2,$2,$-11,$-82,$465,$13,$12,$-11
24,2012-09-30,36.23,$14.69,2.47,$37.23,0.97,$4.74,7.64,$1.13,32.06,$1.00B,$0.41B,2.45,$0.96B,$0.65B,1.48,$1.73B,$0.52B,30.03%,$1.73B,$0.09B,5.21%,$1.73B,$0.09B,5.21%,$1.73B,$0.14B,8.33%,$1.73B,$-0.01B,-0.52%,$1.73B,$0.05B,3.13%,$0.05B,$0.65B,7.85%,$0.05B,$-0.16B,45.09%,$0.05B,$2.18B,2.89%,$0.09B,$1.61B,6.72%,$465,$326,$139,$19,$98,$479,$-13,$-64,$-78,$-22,$-56,$-56,$-39,$4,$-13,$45,45,$-0.87,$-0.87,$386,$208,$72,$1003,$291,$0,$807,$75,$1173,$2176,$410,$960,$25,$1117,$1527,$1,$297,$-26,$649,$2176,$28,$41,$58,$99,$-9,$15,$-7,$-13,$-34,$93,$-31,$0,$-342,$0,$0,$0,$0,$-372,$369,$0,$369,$-73,$-73,$-7,$-7,$283,$3,$9,$-7
25,2012-06-30,32.72,$15.58,2.1,$37.61,0.87,$4.97,6.58,$2.65,12.35,$0.89B,$0.34B,2.61,$0.55B,$0.70B,0.79,$1.78B,$0.53B,29.89%,$1.78B,$0.16B,8.69%,$1.78B,$0.16B,8.69%,$1.78B,$0.20B,11.44%,$1.78B,$0.11B,6.11%,$1.78B,$0.12B,6.95%,$0.12B,$0.70B,17.64%,$0.12B,$0.21B,59.26%,$0.12B,$1.74B,6.98%,$0.16B,$1.25B,12.37%,$458,$314,$145,$15,$76,$405,$53,$-12,$41,$1,$40,$40,$42,$65,$53,$46,46,$0.93,$0.92,$337,$184,$21,$885,$288,$0,$487,$65,$859,$1744,$339,$550,$28,$708,$1047,$1,$338,$-40,$698,$1744,$67,$24,$-12,$12,$-28,$16,$-11,$-6,$-48,$31,$-21,$0,$-1,$0,$0,$0,$0,$-22,$-1,$0,$-1,$-48,$-48,$-5,$7,$-46,$-45,$6,$-5
26,2012-03-31,37.13,$15.55,2.39,$38.79,0.96,$5.14,7.23,$2.45,15.16,$0.90B,$0.35B,2.6,$0.55B,$0.71B,0.78,$1.86B,$0.55B,29.29%,$1.86B,$0.16B,8.60%,$1.86B,$0.16B,8.60%,$1.86B,$0.21B,11.23%,$1.86B,$0.11B,6.13%,$1.86B,$0.12B,6.29%,$0.12B,$0.71B,16.46%,$0.12B,$0.21B,55.58%,$0.12B,$1.77B,6.51%,$0.16B,$1.26B,12.69%,$440,$307,$133,$14,$82,$402,$37,$-12,$26,$6,$20,$20,$24,$49,$37,$46,47,$0.53,$0.52,$370,$201,$21,$902,$290,$0,$499,$67,$866,$1768,$346,$550,$29,$713,$1060,$1,$298,$-12,$708,$1768,$24,$12,$-3,$9,$12,$2,$-6,$-4,$-21,$13,$-8,$0,$-1,$0,$0,$0,$0,$-8,$-1,$0,$-1,$-23,$-23,$-2,$4,$-22,$-13,$3,$-2
27,2011-12-31,32.56,$15.16,2.15,$38.98,0.84,$4.59,7.1,$2.38,13.68,$0.96B,$0.38B,2.5,$0.55B,$0.70B,0.79,$1.88B,$0.54B,28.78%,$1.88B,$0.17B,8.76%,$1.88B,$0.17B,8.76%,$1.88B,$0.22B,11.42%,$1.88B,$0.12B,6.27%,$1.88B,$0.12B,6.11%,$0.12B,$0.70B,16.30%,$0.12B,$0.22B,56.93%,$0.12B,$1.79B,6.39%,$0.17B,$1.25B,13.13%,$365,$263,$102,$13,$74,$352,$13,$-11,$2,$-11,$13,$13,$27,$26,$13,$47,48,$0.58,$0.56,$383,$184,$22,$955,$280,$0,$476,$64,$834,$1788,$382,$551,$30,$712,$1094,$1,$276,$-23,$695,$1788,$114,$50,$5,$55,$5,$-22,$9,$11,$15,$185,$-39,$0,$-61,$0,$0,$0,$0,$-99,$0,$0,$0,$5,$5,$-9,$-52,$-56,$24,$11,$-9
28,2011-09-30,25.19,$15.24,1.65,$38.76,0.65,$3.30,7.63,$2.99,8.43,$0.93B,$0.40B,2.31,$0.55B,$0.71B,0.78,$1.87B,$0.54B,28.95%,$1.87B,$0.16B,8.35%,$1.87B,$0.16B,8.35%,$1.87B,$0.21B,11.08%,$1.87B,$0.11B,5.89%,$1.87B,$0.14B,7.70%,$0.14B,$0.71B,20.82%,$0.14B,$0.20B,75.59%,$0.14B,$1.81B,8.10%,$0.16B,$1.26B,12.56%,$520,$367,$153,$14,$85,$468,$52,$-11,$40,$9,$31,$31,$31,$64,$52,$47,48,$0.66,$0.65,$348,$197,$22,$926,$284,$0,$509,$70,$885,$1811,$401,$551,$33,$700,$1101,$1,$252,$-6,$710,$1811,$88,$38,$-6,$31,$-42,$-16,$0,$-8,$-20,$99,$-21,$0,$-60,$0,$0,$0,$0,$-80,$0,$0,$0,$-20,$-20,$-7,$-1,$-29,$-10,$8,$-7
29,2011-06-30,34.0,$15.40,2.21,$36.30,0.94,$2.47,13.75,$2.77,12.27,$0.92B,$0.38B,2.4,$0.55B,$0.73B,0.75,$1.75B,$0.51B,28.98%,$1.75B,$0.15B,8.36%,$1.75B,$0.15B,8.36%,$1.75B,$0.20B,11.28%,$1.75B,$0.10B,5.73%,$1.75B,$0.13B,7.67%,$0.13B,$0.73B,20.31%,$0.13B,$0.22B,75.71%,$0.13B,$1.82B,7.74%,$0.15B,$1.28B,12.06%,$536,$380,$157,$15,$84,$478,$58,$-13,$46,$11,$35,$35,$35,$70,$58,$47,48,$0.73,$0.72,$329,$202,$19,$922,$292,$0,$515,$72,$902,$1824,$384,$551,$39,$710,$1094,$1,$223,$21,$730,$1824,$57,$25,$-2,$23,$-51,$-17,$0,$2,$-49,$31,$-14,$0,$-52,$0,$0,$0,$0,$-66,$0,$0,$0,$5,$5,$-5,$-2,$-2,$-29,$6,$-5
30,2011-03-31,36.57,$14.51,2.52,$33.82,1.08,$2.01,18.2,$2.46,14.87,$0.88B,$0.39B,2.29,$0.55B,$0.69B,0.8,$1.62B,$0.47B,28.75%,$1.62B,$0.13B,7.90%,$1.62B,$0.13B,7.90%,$1.62B,$0.18B,11.17%,$1.62B,$0.08B,5.00%,$1.62B,$0.12B,7.34%,$0.12B,$0.69B,19.49%,$0.12B,$0.18B,80.00%,$0.12B,$1.78B,7.15%,$0.13B,$1.24B,11.02%,$462,$331,$130,$14,$75,$420,$42,$-12,$30,$8,$22,$22,$22,$55,$42,$47,48,$0.46,$0.45,$323,$208,$20,$883,$287,$0,$513,$69,$896,$1779,$386,$551,$36,$706,$1092,$1,$191,$14,$687,$1779,$22,$13,$-1,$12,$-12,$-24,$11,$-0,$-49,$-16,$-6,$0,$-23,$0,$0,$0,$0,$-29,$0,$0,$0,$4,$4,$-2,$2,$3,$-36,$3,$-2
31,2010-12-31,35.81,$13.57,2.64,$32.36,1.11,$2.06,17.35,$2.26,15.84,$0.86B,$0.36B,2.41,$0.55B,$0.64B,0.86,$1.54B,$0.45B,28.90%,$1.54B,$0.12B,7.58%,$1.54B,$0.12B,7.58%,$1.54B,$0.17B,11.15%,$1.54B,$0.07B,4.54%,$1.54B,$0.11B,7.06%,$0.11B,$0.64B,18.99%,$0.11B,$0.17B,84.33%,$0.11B,$1.70B,6.78%,$0.12B,$1.19B,10.42%,$351,$251,$101,$11,$70,$347,$4,$-10,$-6,$-9,$3,$3,$56,$18,$4,$47,48,$1.21,$1.18,$359,$176,$19,$861,$279,$0,$466,$63,$836,$1696,$358,$551,$36,$700,$1058,$1,$172,$-9,$639,$1696,$108,$55,$-41,$14,$-39,$-11,$39,$12,$-11,$112,$-28,$0,$20,$0,$0,$0,$0,$-8,$-46,$0,$-46,$3,$3,$-9,$4,$-48,$50,$12,$-9
32,2010-09-30,25.62,$12.46,2.06,$32.18,0.8,$2.75,9.3,$1.51,16.97,$0.80B,$0.34B,2.32,$0.55B,$0.58B,0.95,$1.53B,$0.43B,28.29%,$1.53B,$0.16B,10.48%,$1.53B,$0.16B,10.48%,$1.53B,$0.22B,14.15%,$1.53B,$0.11B,7.20%,$1.53B,$0.07B,4.78%,$0.07B,$0.58B,13.22%,$0.07B,$0.15B,57.71%,$0.07B,$1.63B,4.60%,$0.16B,$1.14B,14.56%,$397,$279,$118,$11,$66,$355,$42,$-12,$30,$7,$23,$23,$21,$54,$42,$47,48,$0.44,$0.43,$296,$167,$18,$800,$283,$0,$437,$70,$826,$1626,$344,$551,$31,$698,$1042,$1,$118,$-7,$583,$1626,$52,$42,$-2,$40,$-52,$-18,$0,$5,$-36,$55,$-17,$0,$0,$0,$0,$0,$0,$-17,$-46,$0,$-46,$1,$1,$-7,$4,$-49,$-13,$10,$-7
33,2010-06-30,21.32,$11.38,1.87,$31.48,0.68,$3.97,5.38,$0.92,23.18,$0.74B,$0.32B,2.33,$0.55B,$0.53B,1.03,$1.49B,$0.42B,28.42%,$1.49B,$0.14B,9.36%,$1.49B,$0.14B,9.36%,$1.49B,$0.20B,13.27%,$1.49B,$0.09B,5.93%,$1.49B,$0.05B,3.03%,$0.05B,$0.53B,8.28%,$0.05B,$0.10B,39.05%,$0.05B,$1.55B,2.84%,$0.14B,$1.08B,12.63%,$411,$293,$117,$10,$68,$371,$40,$-13,$27,$5,$22,$22,$20,$54,$40,$47,48,$0.42,$0.41,$246,$155,$24,$743,$275,$0,$431,$69,$811,$1554,$319,$549,$41,$702,$1021,$1,$99,$-37,$533,$1554,$31,$29,$1,$30,$-61,$-10,$0,$4,$-56,$6,$-10,$0,$0,$0,$0,$0,$0,$-10,$-46,$0,$-46,$1,$1,$-5,$-0,$-51,$-63,$7,$-5
34,2010-03-31,26.57,$11.58,2.29,$30.27,0.88,$5.17,5.14,$0.40,66.41,$0.72B,$0.31B,2.34,$0.54B,$0.54B,1.01,$1.42B,$0.41B,29.20%,$1.42B,$0.10B,7.33%,$1.42B,$0.10B,7.33%,$1.42B,$0.16B,11.42%,$1.42B,$0.06B,4.02%,$1.42B,$0.02B,1.41%,$0.02B,$0.54B,3.67%,$0.02B,$0.10B,18.18%,$0.02B,$1.55B,1.26%,$0.10B,$1.09B,9.35%,$384,$274,$110,$10,$69,$353,$31,$-13,$19,$4,$14,$14,$12,$46,$31,$47,48,$0.25,$0.25,$239,$161,$33,$717,$289,$0,$445,$64,$834,$1551,$307,$544,$44,$703,$1009,$1,$82,$-7,$541,$1551,$12,$15,$-5,$10,$-20,$-12,$0,$1,$-35,$-13,$-5,$0,$0,$0,$0,$0,$0,$-5,$-46,$0,$-46,$1,$1,$-2,$-0,$-48,$-70,$3,$-2
35,2009-12-31,21.16,$11.81,1.79,$29.24,0.72,$5.62,3.76,$-0.55,0.0,$0.86B,$0.36B,2.38,$0.54B,$0.55B,0.99,$1.36B,$0.39B,28.47%,$1.36B,$0.04B,2.71%,$1.36B,$0.04B,2.71%,$1.36B,$0.09B,6.82%,$1.36B,$-0.01B,-0.51%,$1.36B,$-0.02B,-1.76%,$-0.02B,$0.55B,-4.45%,$-0.02B,$0.16B,-23.94%,$-0.02B,$1.62B,-1.52%,$0.04B,$1.10B,3.31%,$335,$248,$87,$-4,$47,$288,$47,$-13,$34,$-4,$38,$38,$20,$62,$47,$47,47,$0.43,$0.43,$309,$144,$15,$860,$298,$0,$390,$62,$761,$1621,$361,$544,$42,$708,$1070,$1,$73,$15,$551,$1621,$-25,$56,$19,$75,$52,$55,$10,$7,$101,$152,$-38,$0,$-21,$0,$0,$0,$0,$-59,$0,$0,$0,$1,$1,$-9,$-13,$-22,$81,$12,$-9
36,2009-09-30,22.25,$11.80,1.89,$31.09,0.72,$6.80,3.27,$-10.61,0.0,$0.78B,$0.32B,2.47,$0.59B,$0.55B,1.07,$1.43B,$0.39B,27.51%,$1.43B,$-0.43B,-30.17%,$1.43B,$-0.43B,-30.17%,$1.43B,$0.06B,3.91%,$1.43B,$-0.48B,-33.17%,$1.43B,$-0.49B,-34.36%,$-0.49B,$0.55B,-90.44%,$-0.49B,$0.10B,-590.99%,$-0.49B,$1.60B,-31.00%,$-0.43B,$1.14B,-38.10%,$355,$247,$108,$14,$71,$334,$21,$-12,$8,$16,$-7,$-7,$-7,$35,$21,$47,47,$-0.16,$-0.16,$312,$150,$40,$782,$302,$0,$449,$66,$821,$1602,$316,$590,$21,$736,$1052,$1,$55,$35,$550,$1602,$-45,$41,$42,$83,$41,$55,$0,$6,$82,$120,$-26,$0,$0,$0,$0,$0,$0,$-26,$0,$0,$0,$0,$0,$-7,$-13,$-20,$84,$8,$-7
37,2009-06-30,16.05,$11.53,1.39,$34.53,0.46,$7.66,2.09,$-9.78,0.0,$0.75B,$0.29B,2.58,$0.59B,$0.54B,1.1,$1.60B,$0.44B,27.55%,$1.60B,$-0.41B,-25.36%,$1.60B,$-0.41B,-25.36%,$1.60B,$0.08B,5.26%,$1.60B,$-0.44B,-27.68%,$1.60B,$-0.45B,-28.37%,$-0.45B,$0.54B,-65.99%,$-0.45B,$0.08B,-462.24%,$-0.45B,$1.56B,-25.85%,$-0.41B,$1.13B,-31.73%,$344,$235,$109,$14,$68,$339,$5,$-9,$-4,$1,$-5,$-5,$-5,$19,$5,$47,47,$-0.10,$-0.10,$275,$156,$51,$748,$299,$0,$456,$53,$810,$1558,$290,$590,$20,$730,$1021,$1,$65,$16,$537,$1558,$-37,$27,$41,$68,$43,$46,$0,$8,$39,$69,$-18,$0,$0,$0,$0,$0,$0,$-18,$0,$0,$0,$0,$0,$-5,$-3,$-8,$47,$5,$-5
38,2009-03-31,11.99,$11.13,1.08,$38.86,0.31,$8.60,1.4,$-8.78,0.0,$0.72B,$0.28B,2.55,$0.59B,$0.52B,1.14,$1.81B,$0.50B,27.47%,$1.81B,$-0.34B,-19.02%,$1.81B,$-0.34B,-19.02%,$1.81B,$0.15B,8.02%,$1.81B,$-0.38B,-20.95%,$1.81B,$-0.41B,-22.44%,$-0.41B,$0.52B,-48.67%,$-0.41B,$0.06B,-283.92%,$-0.41B,$1.53B,-21.36%,$-0.34B,$1.11B,-25.22%,$329,$244,$84,$17,$77,$365,$-36,$-9,$-45,$-12,$-32,$-32,$-32,$-23,$-36,$47,47,$-0.70,$-0.70,$224,$181,$43,$716,$302,$0,$460,$52,$814,$1530,$281,$590,$19,$731,$1012,$1,$72,$-8,$518,$1530,$-32,$13,$24,$38,$41,$32,$0,$-5,$8,$13,$-10,$0,$0,$0,$0,$0,$-0,$-10,$0,$0,$0,$0,$0,$-2,$-3,$-5,$-3,$2,$-2
39,2008-12-31,19.92,$12.28,1.62,$42.38,0.47,$9.83,2.03,$-7.81,0.0,$0.79B,$0.34B,2.3,$0.59B,$0.57B,1.03,$1.99B,$0.56B,28.06%,$1.99B,$-0.28B,-14.11%,$1.99B,$-0.28B,-14.11%,$1.99B,$0.21B,10.49%,$1.99B,$-0.31B,-15.76%,$1.99B,$-0.36B,-18.12%,$-0.36B,$0.57B,-36.70%,$-0.36B,$0.09B,-188.02%,$-0.36B,$1.66B,-17.60%,$-0.28B,$1.16B,-19.33%,$404,$311,$93,$6,$80,$825,$-422,$-12,$-434,$-31,$-403,$-403,$-448,$25,$-422,$45,45,$-10.06,$-9.92,$227,$216,$35,$787,$325,$0,$478,$53,$871,$1658,$342,$590,$36,$746,$1088,$1,$107,$10,$571,$1658,$-362,$491,$8,$498,$74,$41,$0,$4,$37,$174,$-13,$0,$-147,$0,$0,$0,$0,$-160,$130,$0,$130,$-62,$-62,$-9,$1,$60,$67,$14,$-9
40,2008-09-30,30.24,$24.10,1.25,$44.90,0.67,$10.22,2.96,$2.54,11.91,$0.91B,$0.39B,2.35,$0.59B,$1.12B,0.53,$2.17B,$0.63B,28.90%,$2.17B,$0.20B,9.20%,$2.17B,$0.20B,9.20%,$2.17B,$0.26B,12.01%,$2.17B,$0.17B,7.96%,$2.17B,$0.12B,5.61%,$0.12B,$1.12B,11.00%,$0.12B,$0.16B,51.69%,$0.12B,$2.27B,5.66%,$0.20B,$1.71B,13.16%,$520,$367,$154,$16,$85,$473,$48,$-7,$41,$9,$32,$32,$32,$63,$48,$45,47,$0.71,$0.67,$215,$265,$25,$911,$334,$0,$960,$60,$1354,$2265,$388,$590,$15,$757,$1145,$1,$559,$112,$1120,$2265,$86,$44,$21,$65,$-9,$-1,$0,$5,$-23,$128,$8,$0,$-145,$0,$0,$0,$0,$-137,$130,$0,$130,$6,$6,$-7,$-67,$62,$55,$11,$-7
41,2008-06-30,32.18,$26.17,1.23,$45.05,0.71,$10.34,3.11,$2.86,11.25,$0.89B,$0.49B,1.82,$0.35B,$1.13B,0.31,$2.22B,$0.63B,28.53%,$2.22B,$0.22B,10.11%,$2.22B,$0.22B,10.11%,$2.22B,$0.28B,12.82%,$2.22B,$0.20B,8.94%,$2.22B,$0.14B,6.28%,$0.14B,$1.13B,12.86%,$0.14B,$0.26B,56.16%,$0.14B,$2.15B,6.58%,$0.22B,$1.48B,15.65%,$556,$390,$166,$11,$87,$490,$66,$-7,$59,$17,$42,$42,$42,$80,$66,$44,47,$0.96,$0.88,$190,$260,$25,$890,$327,$0,$867,$66,$1260,$2151,$490,$350,$15,$533,$1023,$1,$530,$153,$1128,$2151,$55,$29,$15,$44,$-22,$0,$0,$-6,$-24,$75,$22,$0,$-8,$0,$0,$0,$0,$14,$0,$0,$0,$5,$5,$-4,$-67,$-66,$30,$7,$-4
42,2008-03-31,33.51,$25.42,1.32,$44.13,0.76,$10.19,3.29,$2.57,13.04,$0.88B,$0.49B,1.81,$0.35B,$1.12B,0.31,$2.21B,$0.62B,27.93%,$2.21B,$0.21B,9.51%,$2.21B,$0.21B,9.51%,$2.21B,$0.27B,12.36%,$2.21B,$0.18B,8.33%,$2.21B,$0.13B,5.75%,$0.13B,$1.12B,12.26%,$0.13B,$0.25B,56.82%,$0.13B,$2.13B,6.09%,$0.21B,$1.47B,15.15%,$512,$366,$146,$9,$95,$485,$27,$-6,$20,$7,$13,$13,$13,$41,$27,$44,48,$0.29,$0.27,$197,$263,$17,$877,$329,$0,$862,$65,$1256,$2132,$486,$350,$14,$531,$1017,$1,$490,$154,$1116,$2132,$13,$14,$12,$26,$1,$-2,$0,$-7,$-9,$31,$32,$0,$0,$0,$0,$0,$-0,$32,$0,$0,$0,$4,$4,$-2,$-35,$-33,$37,$3,$-2
43,2007-12-31,42.15,$24.05,1.75,$40.07,1.05,$9.57,4.41,$2.74,15.38,$0.84B,$0.46B,1.82,$0.35B,$1.07B,0.33,$2.03B,$0.56B,27.63%,$2.03B,$0.22B,10.82%,$2.03B,$0.22B,10.82%,$2.03B,$0.28B,13.67%,$2.03B,$0.20B,9.78%,$2.03B,$0.14B,6.69%,$0.14B,$1.07B,13.84%,$0.14B,$0.27B,45.45%,$0.14B,$2.07B,6.86%,$0.22B,$1.42B,16.18%,$585,$423,$162,$7,$88,$525,$59,$-6,$53,$18,$35,$35,$35,$77,$59,$45,51,$0.76,$0.68,$160,$258,$17,$837,$370,$0,$804,$59,$1232,$2069,$460,$350,$10,$536,$996,$1,$479,$93,$1073,$2069,$136,$56,$12,$68,$5,$26,$0,$-28,$1,$206,$-3,$0,$-590,$0,$0,$0,$3,$-590,$288,$0,$288,$1,$1,$-9,$-3,$277,$-94,$11,$-9
44,2007-09-30,44.39,$22.42,1.98,$36.05,1.23,$8.63,5.15,$2.25,19.73,$0.87B,$0.52B,1.67,$0.35B,$1.01B,0.35,$1.83B,$0.48B,26.15%,$1.83B,$0.18B,9.85%,$1.83B,$0.18B,9.85%,$1.83B,$0.23B,12.53%,$1.83B,$0.17B,9.03%,$1.83B,$0.11B,6.13%,$0.11B,$1.01B,12.10%,$0.11B,$0.21B,31.42%,$0.11B,$2.10B,6.21%,$0.18B,$1.36B,14.48%,$562,$404,$158,$6,$86,$489,$72,$-6,$66,$17,$49,$49,$49,$86,$72,$45,50,$1.10,$0.99,$120,$260,$17,$867,$383,$0,$801,$53,$1237,$2104,$520,$350,$7,$577,$1097,$1,$445,$47,$1007,$2104,$102,$39,$-7,$32,$-42,$16,$0,$-13,$35,$168,$-17,$0,$-588,$0,$0,$0,$0,$-606,$288,$0,$288,$29,$29,$-7,$-14,$297,$-134,$8,$-7
45,2007-06-30,52.32,$21.00,2.49,$32.48,1.61,$7.17,7.3,$1.76,29.73,$0.82B,$0.53B,1.54,$0.35B,$0.95B,0.37,$1.65B,$0.41B,24.76%,$1.65B,$0.14B,8.72%,$1.65B,$0.14B,8.72%,$1.65B,$0.19B,11.32%,$1.65B,$0.13B,8.05%,$1.65B,$0.09B,5.27%,$0.09B,$0.95B,9.87%,$0.09B,$0.17B,20.41%,$0.09B,$2.04B,5.39%,$0.14B,$1.30B,12.52%,$550,$399,$151,$5,$92,$498,$52,$-6,$45,$15,$30,$30,$30,$69,$52,$45,51,$0.67,$0.60,$90,$270,$18,$820,$387,$0,$783,$54,$1223,$2043,$532,$350,$7,$564,$1096,$1,$398,$28,$947,$2043,$52,$25,$-2,$24,$-29,$12,$0,$-19,$41,$116,$-21,$0,$-571,$0,$0,$0,$0,$-592,$288,$0,$288,$29,$29,$-5,$-3,$309,$-164,$4,$-5
46,2007-03-31,50.61,$20.09,2.52,$29.87,1.69,$6.07,8.33,$1.60,31.63,$1.07B,$0.21B,5.0,$0.46B,$0.90B,0.51,$1.51B,$0.35B,23.15%,$1.51B,$0.13B,8.53%,$1.51B,$0.13B,8.53%,$1.51B,$0.16B,10.85%,$1.51B,$0.12B,8.07%,$1.51B,$0.08B,5.22%,$0.08B,$0.90B,9.40%,$0.08B,$0.56B,15.96%,$0.08B,$1.71B,5.45%,$0.13B,$1.36B,12.11%,$337,$246,$91,$0,$52,$299,$37,$-2,$35,$13,$22,$22,$22,$46,$37,$44,52,$0.50,$0.44,$603,$192,$12,$1071,$268,$0,$346,$29,$642,$1714,$214,$460,$26,$596,$810,$1,$371,$20,$903,$1714,$22,$9,$-4,$4,$-12,$11,$0,$-5,$13,$40,$-5,$0,$0,$0,$0,$0,$0,$-5,$288,$0,$288,$25,$25,$-2,$-4,$306,$348,$2,$-2
47,2006-12-31,36.88,$19.11,1.93,$29.88,1.23,$5.67,6.5,$1.36,27.12,$0.72B,$0.26B,2.75,$0.11B,$0.84B,0.13,$1.50B,$0.33B,22.18%,$1.50B,$0.12B,7.95%,$1.50B,$0.12B,7.95%,$1.50B,$0.16B,10.49%,$1.50B,$0.11B,7.41%,$1.50B,$0.07B,4.41%,$0.07B,$0.84B,8.26%,$0.07B,$0.50B,14.56%,$0.07B,$1.36B,4.90%,$0.12B,$0.95B,12.51%,$379,$300,$78,$0,$52,$360,$19,$0,$19,$9,$11,$11,$11,$28,$19,$43,50,$0.24,$0.23,$254,$202,$10,$719,$272,$0,$346,$18,$637,$1356,$262,$110,$8,$250,$512,$1,$348,$15,$844,$1356,$66,$39,$11,$49,$-13,$49,$0,$-3,$26,$141,$12,$0,$-12,$0,$0,$0,$-2,$-1,$-59,$0,$-59,$39,$39,$-9,$6,$-23,$120,$6,$-9
