,Date,Stock Price,Book Value per Share,Price to Book Ratio,TTM Sales per Share,Price to Sales Ratio,TTM FCF per Share,Price to FCF Ratio,TTM Net EPS,PE Ratio,Current Assets,Current Liabilities,Current Ratio,Long Term Debt,Shareholder's Equity_x,Debt to Equity Ratio,TTM Revenue_x,TTM Gross Profit,Gross Margin,TTM Revenue_y,TTM Operating Income,Operating Margin,TTM Revenue_x,TTM EBIT,EBIT Margin,TTM Revenue_y,TTM EBITDA,EBITDA Margin,TTM Revenue_x,TTM Pre-Tax Income,Pre-Tax Margin,TTM Revenue_y,TTM Net Income_x,Net Margin,TTM Net Income_y,Shareholder's Equity_y,Return on Equity,TTM Net Income_x,Tangible Equity,Return on Tangible Equity,TTM Net Income_y,Total Assets,Return on Assets,TTM Net Income,LT Investments & Debt,Return on Investment,revenue,cost-goods-sold,gross-profit,research-development-expenses,selling-general-administrative-expenses,operating-expenses,operating-income,total-non-operating-income-expense,pre-tax-income,total-provision-income-taxes,income-after-taxes,income-from-continuous-operations,net-income,ebitda,ebit,basic-shares-outstanding,shares-outstanding,eps-basic-net-earnings-per-share,eps-earnings-per-share-diluted,cash-on-hand,inventory,other-current-assets,total-current-assets,net-property-plant-equipment,long-term-investments,goodwill-intangible-assets-total,other-long-term-assets,total-long-term-assets,total-assets,total-current-liabilities,long-term-debt,other-non-current-liabilities,total-long-term-liabilities,total-liabilities,common-stock-net,retained-earnings-accumulated-deficit,comprehensive-income,total-share-holder-equity,total-liabilities-share-holders-equity,net-income-loss,total-depreciation-amortization-cash-flow,other-non-cash-items,total-non-cash-items,change-in-accounts-receivable,change-in-inventories,change-in-accounts-payable,change-in-assets-liabilities,total-change-in-assets-liabilities,cash-flow-from-operating-activities,net-change-in-property-plant-equipment,net-change-in-intangible-assets,net-acquisitions-divestitures,net-change-in-short-term-investments,net-change-in-long-term-investments,net-change-in-investments-total,investing-activities-other,cash-flow-from-investing-activities,net-long-term-debt,net-current-debt,debt-issuance-retirement-net-total,net-common-equity-issued-repurchased,net-total-equity-issued-repurchased,total-common-preferred-stock-dividends-paid,financial-activities-other,cash-flow-from-financial-activities,net-cash-flow,stock-based-compensation,common-stock-dividends-paid
0,2018-06-30,35.72,$22.23,1.61,$8.87,4.03,$6.03,5.92,$1.08,33.08,$3.27B,$3.55B,0.92,$0.38B,$0.44B,0.86,$0.17B,$0.15B,84.80%,$0.17B,$0.04B,21.05%,$0.17B,0,0.00%,$0.17B,0,0.00%,$0.17B,$0.04B,21.05%,$0.17B,$0.02B,12.28%,$0.02B,$0.44B,4.82%,$0.02B,$0.33B,6.46%,$0.02B,$4.42B,0.48%,$0.04B,$0.82B,3.73%,$39,$8,$31,$0,$23,$31,$8,$0,$8,$2,$7,$7,$7,$0,$0,$19,19,$0.34,$0.34,$106,$0,$0,$3273,$36,$856,$111,$129,$1132,$4415,$3553,$380,$42,$422,$3975,$0,$106,$-16,$440,$4415,$19,$3,$3,$7,$0,$0,$0,$3,$3,$29,$-4,$0,$0,$0,$145,$145,$-118,$23,$-200,$-49,$-250,$-0,$-0,$-9,$219,$-40,$11,$2,$-9
1,2018-03-31,33.1,$21.91,1.51,$8.97,3.69,$5.93,5.59,$1.19,27.82,$3.28B,$3.43B,0.96,$0.60B,$0.43B,1.38,$0.17B,$0.15B,86.13%,$0.17B,$0.04B,23.70%,$0.17B,0,0.00%,$0.17B,0,0.00%,$0.17B,$0.04B,23.70%,$0.17B,$0.02B,13.29%,$0.02B,$0.43B,5.29%,$0.02B,$0.32B,7.10%,$0.02B,$4.50B,0.53%,$0.04B,$1.03B,3.98%,$45,$7,$39,$0,$23,$30,$15,$0,$15,$3,$12,$12,$12,$0,$0,$19,19,$0.61,$0.61,$99,$0,$0,$3280,$34,$938,$111,$127,$1211,$4501,$3431,$599,$37,$636,$4067,$0,$104,$-19,$433,$4501,$12,$1,$1,$3,$-0,$0,$0,$1,$1,$15,$-1,$0,$0,$0,$28,$28,$-98,$-72,$19,$-50,$-31,$-0,$-0,$-5,$97,$61,$4,$1,$-5
2,2017-12-31,34.31,$21.78,1.58,$8.67,3.96,$5.66,6.06,$1.05,32.68,$3.18B,$3.39B,0.94,$0.58B,$0.43B,1.35,$0.17B,$0.15B,86.83%,$0.17B,$0.04B,23.35%,$0.17B,0,0.00%,$0.17B,0,0.00%,$0.17B,$0.04B,23.35%,$0.17B,$0.02B,11.98%,$0.02B,$0.43B,4.61%,$0.02B,$0.32B,6.20%,$0.02B,$4.43B,0.47%,$0.04B,$1.01B,3.82%,$44,$6,$38,$0,$39,$46,$-1,$0,$-1,$5,$-7,$-7,$-7,$0,$0,$19,19,$-0.36,$-0.36,$95,$0,$0,$3177,$34,$976,$111,$122,$1243,$4430,$3385,$580,$36,$616,$4001,$0,$97,$-15,$429,$4430,$21,$3,$15,$18,$-1,$0,$0,$10,$8,$47,$-2,$0,$0,$0,$117,$117,$-527,$-412,$5,$-50,$-45,$1,$1,$-18,$409,$346,$-19,$3,$-18
3,2017-09-30,33.07,$22.43,1.47,$8.53,3.88,$5.59,5.91,$1.90,17.4,$2.99B,$3.25B,0.92,$0.56B,$0.44B,1.26,$0.16B,$0.14B,87.58%,$0.16B,$0.05B,33.54%,$0.16B,0,0.00%,$0.16B,0,0.00%,$0.16B,$0.05B,33.54%,$0.16B,$0.04B,22.36%,$0.04B,$0.44B,8.40%,$0.04B,$0.33B,11.35%,$0.04B,$4.28B,0.87%,$0.05B,$1.00B,5.32%,$43,$6,$37,$0,$23,$29,$14,$0,$14,$5,$9,$9,$9,$0,$0,$19,19,$0.48,$0.48,$87,$0,$0,$2990,$35,$1016,$111,$122,$1284,$4284,$3253,$555,$34,$589,$3842,$0,$105,$-10,$442,$4284,$27,$3,$4,$7,$-1,$0,$0,$3,$2,$37,$-3,$0,$0,$0,$64,$64,$-319,$-258,$-20,$-50,$-70,$0,$0,$-14,$277,$194,$-27,$2,$-14
4,2017-06-30,32.21,$22.11,1.46,$8.48,3.8,$5.30,6.07,$1.92,16.78,$2.86B,$3.11B,0.92,$0.64B,$0.44B,1.48,$0.16B,$0.14B,88.54%,$0.16B,$0.05B,34.39%,$0.16B,0,0.00%,$0.16B,0,0.00%,$0.16B,$0.05B,34.39%,$0.16B,$0.04B,22.93%,$0.04B,$0.44B,8.80%,$0.04B,$0.32B,12.12%,$0.04B,$4.22B,0.89%,$0.05B,$1.08B,5.73%,$41,$5,$35,$0,$22,$27,$13,$0,$13,$5,$9,$9,$9,$0,$0,$19,19,$0.45,$0.45,$85,$0,$0,$2864,$35,$1079,$111,$123,$1348,$4221,$3110,$643,$34,$676,$3786,$0,$101,$-11,$436,$4221,$18,$2,$2,$4,$1,$0,$0,$1,$2,$24,$-2,$0,$0,$0,$-0,$-0,$-193,$-195,$67,$-50,$17,$0,$0,$-9,$134,$142,$-29,$1,$-9
5,2017-03-31,33.62,$21.80,1.54,$8.58,3.92,$5.01,6.71,$1.97,17.07,$2.71B,$3.03B,0.89,$0.57B,$0.43B,1.33,$0.16B,$0.14B,89.68%,$0.16B,$0.06B,35.48%,$0.16B,0,0.00%,$0.16B,0,0.00%,$0.16B,$0.06B,35.48%,$0.16B,$0.04B,23.23%,$0.04B,$0.43B,9.24%,$0.04B,$0.32B,12.98%,$0.04B,$4.07B,0.92%,$0.06B,$1.00B,6.61%,$39,$5,$35,$0,$21,$26,$13,$0,$13,$4,$9,$9,$9,$0,$0,$19,19,$0.47,$0.47,$71,$0,$0,$2712,$35,$1074,$112,$125,$1346,$4065,$3033,$570,$33,$603,$3636,$0,$96,$-12,$429,$4065,$9,$1,$1,$2,$-0,$0,$0,$-1,$-1,$10,$-1,$0,$0,$0,$7,$7,$-55,$-49,$-6,$-50,$-56,$0,$0,$-5,$57,$-3,$-43,$1,$-5
6,2016-12-31,36.17,$21.36,1.69,$8.74,4.14,$5.05,7.17,$1.99,18.18,$2.70B,$3.04B,0.89,$0.58B,$0.41B,1.41,$0.15B,$0.14B,88.96%,$0.15B,$0.06B,35.71%,$0.15B,0,0.00%,$0.15B,0,0.00%,$0.15B,$0.06B,35.71%,$0.15B,$0.04B,22.73%,$0.04B,$0.41B,9.46%,$0.04B,$0.30B,13.62%,$0.04B,$4.06B,0.90%,$0.06B,$0.98B,7.19%,$38,$4,$34,$0,$19,$24,$14,$0,$14,$5,$9,$9,$9,$0,$0,$17,18,$0.51,$0.51,$114,$0,$0,$2699,$35,$1078,$112,$124,$1349,$4055,$3041,$575,$30,$605,$3647,$0,$92,$-13,$408,$4055,$35,$2,$5,$8,$-1,$0,$0,$2,$1,$44,$-4,$0,$0,$0,$-39,$-39,$-236,$-280,$200,$-70,$129,$48,$48,$-16,$83,$245,$9,$2,$-16
7,2016-09-30,27.06,$20.75,1.3,$9.01,3.01,$4.69,5.78,$1.95,13.88,$2.64B,$3.04B,0.87,$0.35B,$0.36B,0.96,$0.15B,$0.13B,88.74%,$0.15B,$0.05B,35.10%,$0.15B,0,0.00%,$0.15B,0,0.00%,$0.15B,$0.05B,35.10%,$0.15B,$0.03B,22.52%,$0.03B,$0.36B,9.62%,$0.03B,$0.25B,14.08%,$0.03B,$3.83B,0.89%,$0.05B,$0.71B,7.59%,$39,$4,$35,$0,$21,$25,$14,$0,$14,$5,$9,$9,$9,$0,$0,$17,18,$0.50,$0.50,$65,$0,$0,$2636,$34,$919,$113,$124,$1189,$3834,$3039,$348,$84,$432,$3471,$0,$86,$-5,$363,$3834,$26,$1,$4,$6,$-0,$0,$0,$-3,$-3,$28,$-3,$0,$0,$0,$119,$119,$-206,$-90,$-28,$-20,$-47,$0,$0,$-12,$81,$22,$-40,$2,$-12
8,2016-06-30,26.68,$20.51,1.3,$8.90,3.0,$3.95,6.75,$1.90,14.04,$2.59B,$3.02B,0.86,$0.28B,$0.36B,0.77,$0.15B,$0.13B,89.19%,$0.15B,$0.05B,34.46%,$0.15B,0,0.00%,$0.15B,0,0.00%,$0.15B,$0.05B,34.46%,$0.15B,$0.03B,22.30%,$0.03B,$0.36B,9.50%,$0.03B,$0.25B,13.87%,$0.03B,$3.74B,0.88%,$0.05B,$0.64B,7.81%,$39,$4,$35,$0,$21,$25,$14,$0,$14,$5,$9,$9,$9,$0,$0,$17,18,$0.51,$0.50,$80,$0,$0,$2591,$35,$870,$113,$127,$1144,$3743,$3019,$277,$89,$366,$3385,$0,$82,$-4,$358,$3743,$17,$1,$2,$3,$0,$0,$0,$-4,$-4,$17,$-2,$0,$0,$0,$173,$173,$-147,$24,$-98,$30,$-68,$0,$0,$-8,$11,$-66,$-25,$1,$-8
9,2016-03-31,28.41,$20.11,1.41,$8.74,3.25,$2.99,9.51,$1.44,19.73,$2.54B,$3.09B,0.82,$0.38B,$0.35B,1.08,$0.13B,$0.12B,89.55%,$0.13B,$0.04B,27.61%,$0.13B,0,0.00%,$0.13B,0,0.00%,$0.13B,$0.04B,27.61%,$0.13B,$0.02B,17.91%,$0.02B,$0.35B,7.03%,$0.02B,$0.24B,10.26%,$0.02B,$3.91B,0.66%,$0.04B,$0.73B,5.95%,$38,$4,$33,$0,$19,$24,$13,$0,$13,$5,$9,$9,$8,$0,$0,$17,17,$0.49,$0.49,$67,$0,$0,$2537,$35,$1127,$114,$96,$1371,$3914,$3091,$378,$94,$471,$3563,$0,$77,$-5,$351,$3914,$9,$1,$1,$2,$-1,$0,$0,$-1,$-1,$9,$-1,$0,$0,$0,$-80,$-80,$-76,$-157,$2,$15,$17,$-0,$-0,$-4,$97,$110,$-37,$1,$-4
10,2015-12-31,28.13,$19.62,1.43,$8.59,3.27,$2.81,10.0,$1.36,20.68,$2.50B,$2.98B,0.84,$0.38B,$0.34B,1.1,$0.12B,$0.11B,90.76%,$0.12B,$0.03B,26.05%,$0.12B,0,0.00%,$0.12B,0,0.00%,$0.12B,$0.03B,26.05%,$0.12B,$0.02B,17.65%,$0.02B,$0.34B,7.03%,$0.02B,$0.23B,9.67%,$0.02B,$3.78B,0.65%,$0.03B,$0.72B,6.06%,$35,$4,$31,$0,$18,$23,$12,$0,$12,$4,$8,$8,$8,$0,$0,$14,14,$0.53,$0.53,$105,$0,$0,$2504,$40,$1033,$107,$92,$1272,$3782,$2980,$376,$85,$461,$3441,$0,$72,$-10,$341,$3782,$21,$3,$4,$7,$-0,$0,$0,$4,$4,$32,$-4,$0,$25,$0,$-118,$-118,$-354,$-452,$202,$60,$262,$1,$1,$-13,$224,$473,$53,$2,$-13
11,2015-09-30,24.49,$19.59,1.25,$8.12,3.02,$2.75,8.92,$1.26,19.44,$2.40B,$2.92B,0.82,$0.19B,$0.34B,0.56,$0.11B,$0.10B,91.51%,$0.11B,$0.03B,24.53%,$0.11B,0,0.00%,$0.11B,0,0.00%,$0.11B,$0.03B,24.53%,$0.11B,$0.02B,16.04%,$0.02B,$0.34B,6.61%,$0.02B,$0.24B,8.50%,$0.02B,$3.51B,0.59%,$0.03B,$0.53B,6.34%,$36,$3,$33,$0,$20,$24,$12,$0,$12,$4,$8,$8,$8,$0,$0,$17,17,$0.45,$0.45,$106,$0,$0,$2396,$40,$873,$104,$88,$1105,$3507,$2921,$191,$54,$245,$3167,$0,$68,$-6,$340,$3507,$13,$1,$3,$4,$-3,$0,$0,$1,$-1,$16,$-4,$0,$25,$0,$52,$52,$-244,$-171,$78,$-146,$-67,$0,$0,$-9,$285,$209,$54,$1,$-9
12,2015-06-30,24.26,$19.22,1.26,$7.94,3.05,$3.57,6.81,$1.23,19.73,$2.33B,$2.87B,0.81,$0.18B,$0.33B,0.53,$0.09B,$0.08B,91.30%,$0.09B,$0.02B,22.83%,$0.09B,0,0.00%,$0.09B,0,0.00%,$0.09B,$0.02B,22.83%,$0.09B,$0.01B,15.22%,$0.01B,$0.33B,6.48%,$0.01B,$0.23B,7.70%,$0.01B,$3.43B,0.55%,$0.02B,$0.51B,5.85%,$25,$2,$23,$0,$23,$25,$0,$0,$0,$-0,$0,$0,$0,$0,$0,$12,12,$0.04,$0.04,$76,$0,$0,$2331,$40,$856,$105,$90,$1091,$3428,$2870,$175,$49,$225,$3094,$0,$64,$-8,$334,$3428,$5,$1,$2,$3,$-2,$0,$0,$-4,$-6,$1,$-3,$0,$25,$0,$47,$47,$-190,$-121,$2,$-15,$-13,$0,$0,$-5,$163,$144,$24,$1,$-5
13,2015-03-31,23.28,$15.39,1.51,$7.75,3.0,$4.16,5.59,$1.56,14.92,$1.44B,$1.96B,0.74,$0.11B,$0.18B,0.59,$0.09B,$0.08B,90.91%,$0.09B,$0.03B,30.68%,$0.09B,0,0.00%,$0.09B,0,0.00%,$0.09B,$0.03B,30.68%,$0.09B,$0.02B,20.45%,$0.02B,$0.18B,10.24%,$0.02B,$0.17B,10.94%,$0.02B,$2.29B,0.80%,$0.03B,$0.29B,8.67%,$23,$2,$21,$0,$14,$16,$7,$0,$7,$3,$5,$5,$5,$0,$0,$11,11,$0.41,$0.41,$49,$0,$0,$1440,$33,$750,$10,$49,$842,$2287,$1960,$107,$40,$147,$2107,$0,$67,$-6,$180,$2287,$5,$0,$1,$1,$0,$0,$0,$-1,$-1,$5,$-1,$0,$0,$0,$68,$68,$-66,$1,$-31,$20,$-12,$-0,$-0,$-3,$6,$-8,$-3,$0,$-3
14,2014-12-31,23.89,$15.03,1.59,$7.32,3.26,$3.81,6.28,$1.19,20.08,$1.38B,$1.93B,0.72,$0.14B,$0.18B,0.79,$0.08B,$0.08B,90.36%,$0.08B,$0.02B,25.30%,$0.08B,0,0.00%,$0.08B,0,0.00%,$0.08B,$0.02B,25.30%,$0.08B,$0.01B,15.66%,$0.01B,$0.18B,7.54%,$0.01B,$0.17B,8.10%,$0.01B,$2.29B,0.59%,$0.02B,$0.31B,6.58%,$22,$2,$20,$0,$14,$16,$7,$0,$7,$2,$4,$4,$4,$0,$0,$11,11,$0.35,$0.35,$52,$0,$0,$1379,$32,$812,$10,$50,$905,$2289,$1925,$138,$50,$189,$2113,$0,$65,$-8,$175,$2289,$14,$5,$4,$8,$-1,$0,$0,$4,$4,$26,$-5,$0,$3,$0,$84,$84,$-252,$-171,$1,$34,$36,$0,$0,$-11,$125,$151,$6,$1,$-11
15,2014-09-30,20.93,$15.03,1.39,$7.29,2.87,$4.23,4.94,$1.15,18.2,$1.28B,$1.86B,0.69,$0.15B,$0.18B,0.86,$0.08B,$0.07B,89.87%,$0.08B,$0.02B,25.32%,$0.08B,0,0.00%,$0.08B,0,0.00%,$0.08B,$0.02B,25.32%,$0.08B,$0.01B,15.19%,$0.01B,$0.18B,7.12%,$0.01B,$0.16B,7.57%,$0.01B,$2.22B,0.57%,$0.02B,$0.33B,6.55%,$22,$2,$20,$0,$12,$14,$7,$0,$7,$2,$5,$5,$5,$0,$0,$11,11,$0.42,$0.42,$48,$0,$0,$1281,$32,$833,$12,$49,$925,$2216,$1860,$151,$30,$181,$2041,$0,$63,$-7,$175,$2216,$10,$3,$3,$7,$-1,$0,$0,$6,$5,$22,$-4,$0,$3,$0,$65,$65,$-160,$-96,$0,$-10,$-10,$0,$0,$-8,$94,$77,$2,$1,$-8
16,2014-06-30,21.02,$14.86,1.41,$7.26,2.9,$4.12,5.1,$1.07,19.65,$1.25B,$1.84B,0.68,$0.15B,$0.17B,0.85,$0.07B,$0.07B,89.19%,$0.07B,$0.02B,24.32%,$0.07B,0,0.00%,$0.07B,0,0.00%,$0.07B,$0.02B,24.32%,$0.07B,$0.01B,13.51%,$0.01B,$0.17B,6.47%,$0.01B,$0.16B,6.80%,$0.01B,$2.19B,0.51%,$0.02B,$0.32B,6.83%,$21,$2,$19,$0,$13,$15,$6,$0,$6,$2,$4,$4,$4,$0,$0,$11,11,$0.37,$0.37,$63,$0,$0,$1254,$31,$845,$13,$38,$927,$2189,$1837,$146,$33,$179,$2016,$0,$61,$-6,$173,$2189,$5,$2,$3,$5,$-1,$0,$0,$-1,$-2,$8,$-2,$0,$3,$0,$57,$57,$-99,$-41,$9,$5,$14,$0,$0,$-5,$42,$51,$18,$1,$-5
17,2014-03-31,23.19,$14.36,1.62,$7.28,3.18,$5.09,4.55,$1.06,21.88,$1.17B,$1.76B,0.67,$0.15B,$0.17B,0.91,$0.07B,$0.06B,88.57%,$0.07B,$0.02B,24.29%,$0.07B,0,0.00%,$0.07B,0,0.00%,$0.07B,$0.02B,24.29%,$0.07B,$0.01B,12.86%,$0.01B,$0.17B,6.39%,$0.01B,$0.15B,6.63%,$0.01B,$2.11B,0.48%,$0.02B,$0.32B,7.83%,$18,$2,$16,$0,$16,$18,$1,$0,$1,$0,$0,$0,$0,$0,$0,$11,11,$0.04,$0.04,$44,$0,$0,$1170,$30,$853,$13,$38,$934,$2113,$1757,$152,$37,$189,$1946,$0,$59,$-10,$167,$2113,$0,$1,$2,$3,$-1,$0,$0,$-2,$-3,$1,$-1,$0,$3,$0,$50,$50,$-33,$19,$15,$1,$16,$0,$0,$-3,$-34,$-21,$-1,$0,$-3
18,2013-12-31,22.37,$14.10,1.59,$7.48,2.99,$5.41,4.13,$1.37,16.33,$1.05B,$1.62B,0.65,$0.10B,$0.16B,0.62,$0.07B,$0.06B,88.24%,$0.07B,$0.02B,30.88%,$0.07B,0,0.00%,$0.07B,0,0.00%,$0.07B,$0.02B,30.88%,$0.07B,$0.01B,17.65%,$0.01B,$0.16B,9.28%,$0.01B,$0.16B,9.45%,$0.01B,$1.90B,0.70%,$0.02B,$0.26B,12.26%,$18,$2,$16,$0,$10,$12,$6,$0,$6,$2,$4,$4,$3,$0,$0,$9,9,$0.31,$0.31,$46,$0,$0,$1048,$28,$784,$2,$26,$840,$1897,$1619,$98,$20,$118,$1737,$0,$61,$-13,$159,$1897,$13,$7,$3,$10,$-0,$0,$0,$2,$2,$25,$-4,$0,$0,$0,$-70,$-70,$-227,$-301,$83,$18,$101,$46,$46,$-7,$130,$270,$-6,$1,$-7
19,2013-09-30,18.32,$12.87,1.42,$7.53,2.43,$5.40,3.39,$1.44,12.72,$0.96B,$1.52B,0.63,$0.04B,$0.12B,0.34,$0.07B,$0.06B,88.06%,$0.07B,$0.02B,29.85%,$0.07B,0,0.00%,$0.07B,0,0.00%,$0.07B,$0.02B,29.85%,$0.07B,$0.01B,17.91%,$0.01B,$0.12B,10.06%,$0.01B,$0.12B,10.28%,$0.01B,$1.70B,0.72%,$0.02B,$0.16B,14.23%,$17,$2,$15,$0,$10,$12,$5,$0,$5,$2,$3,$3,$3,$0,$0,$9,9,$0.34,$0.34,$37,$0,$0,$960,$28,$691,$2,$21,$741,$1702,$1520,$40,$22,$62,$1583,$0,$60,$-12,$119,$1702,$9,$6,$2,$8,$-0,$0,$0,$-1,$-1,$16,$-3,$0,$0,$0,$33,$33,$-135,$-106,$25,$-5,$20,$5,$5,$-4,$54,$75,$-14,$1,$-4
20,2013-06-30,18.98,$12.88,1.47,$7.53,2.52,$6.02,3.15,$1.49,12.74,$0.93B,$1.57B,0.6,$0.02B,$0.12B,0.13,$0.07B,$0.06B,87.88%,$0.07B,$0.02B,30.30%,$0.07B,0,0.00%,$0.07B,0,0.00%,$0.07B,$0.02B,30.30%,$0.07B,$0.01B,18.18%,$0.01B,$0.12B,10.13%,$0.01B,$0.12B,10.34%,$0.01B,$1.73B,0.74%,$0.02B,$0.13B,14.98%,$17,$2,$15,$0,$10,$12,$5,$0,$5,$2,$3,$3,$3,$0,$0,$9,9,$0.36,$0.36,$41,$0,$0,$932,$28,$749,$2,$18,$796,$1729,$1567,$15,$29,$44,$1611,$0,$59,$-9,$118,$1729,$6,$4,$1,$5,$-0,$0,$0,$4,$4,$16,$-3,$0,$0,$0,$-17,$-17,$-103,$-123,$60,$-10,$50,$3,$3,$-2,$46,$96,$-10,$1,$-2
21,2013-03-31,17.96,$13.53,1.33,$7.75,2.32,$5.77,3.11,$1.49,12.05,$0.88B,$1.42B,0.62,$0.02B,$0.12B,0.12,$0.07B,$0.06B,89.39%,$0.07B,$0.02B,30.30%,$0.07B,0,0.00%,$0.07B,0,0.00%,$0.07B,$0.02B,30.30%,$0.07B,$0.01B,18.18%,$0.01B,$0.12B,10.23%,$0.01B,$0.12B,10.46%,$0.01B,$1.58B,0.78%,$0.02B,$0.14B,15.12%,$16,$2,$14,$0,$9,$11,$5,$0,$5,$1,$3,$3,$3,$0,$0,$9,9,$0.35,$0.35,$25,$0,$0,$878,$27,$655,$2,$14,$698,$1577,$1419,$15,$21,$36,$1455,$0,$58,$-1,$121,$1577,$3,$2,$1,$2,$-0,$0,$0,$-1,$-2,$4,$-2,$0,$0,$0,$86,$86,$-64,$21,$0,$-15,$-15,$-0,$-0,$0,$-35,$-50,$-26,$0,$0
22,2012-12-31,16.98,$13.32,1.27,$7.79,2.18,$6.00,2.83,$1.49,11.4,$0.84B,$1.47B,0.57,$0.02B,$0.12B,0.13,$0.07B,$0.06B,89.23%,$0.07B,$0.02B,29.23%,$0.07B,0,0.00%,$0.07B,0,0.00%,$0.07B,$0.02B,29.23%,$0.07B,$0.01B,18.46%,$0.01B,$0.12B,10.48%,$0.01B,$0.12B,10.71%,$0.01B,$1.63B,0.80%,$0.02B,$0.13B,15.11%,$17,$2,$15,$0,$10,$11,$5,$0,$5,$2,$3,$3,$3,$0,$0,$8,8,$0.38,$0.38,$51,$0,$0,$841,$26,$743,$2,$13,$784,$1625,$1470,$15,$21,$36,$1506,$0,$55,$-0,$119,$1625,$13,$7,$4,$11,$-0,$0,$0,$-1,$-1,$22,$-4,$0,$0,$0,$-138,$-138,$-186,$-327,$15,$40,$55,$10,$10,$-10,$221,$277,$-28,$1,$-10
23,2012-09-30,19.05,$13.35,1.43,$8.12,2.35,$6.32,3.01,$1.52,12.53,$0.75B,$1.39B,0.54,$0.02B,$0.12B,0.13,$0.06B,$0.06B,88.89%,$0.06B,$0.02B,28.57%,$0.06B,0,0.00%,$0.06B,0,0.00%,$0.06B,$0.02B,28.57%,$0.06B,$0.01B,19.05%,$0.01B,$0.12B,10.76%,$0.01B,$0.11B,10.98%,$0.01B,$1.57B,0.84%,$0.02B,$0.13B,15.13%,$16,$2,$14,$0,$9,$11,$5,$0,$5,$2,$3,$3,$3,$0,$0,$8,8,$0.39,$0.39,$28,$0,$0,$752,$25,$777,$2,$10,$814,$1566,$1393,$15,$24,$39,$1450,$0,$56,$1,$116,$1566,$9,$5,$3,$8,$-0,$0,$0,$3,$3,$20,$-2,$0,$0,$0,$-150,$-150,$-119,$-272,$15,$58,$73,$6,$6,$-6,$127,$200,$-52,$1,$-6
24,2012-06-30,19.08,$13.10,1.46,$8.55,2.23,$6.51,2.93,$1.55,12.31,$0.73B,$1.25B,0.59,$0.02B,$0.11B,0.13,$0.06B,$0.06B,88.71%,$0.06B,$0.02B,27.42%,$0.06B,0,0.00%,$0.06B,0,0.00%,$0.06B,$0.02B,27.42%,$0.06B,$0.01B,19.35%,$0.01B,$0.11B,11.65%,$0.01B,$0.11B,11.91%,$0.01B,$1.40B,0.89%,$0.02B,$0.13B,15.93%,$17,$2,$16,$0,$11,$13,$5,$0,$5,$1,$3,$3,$3,$0,$0,$8,8,$0.36,$0.36,$64,$0,$0,$734,$25,$630,$2,$10,$668,$1402,$1247,$15,$28,$43,$1290,$0,$54,$1,$113,$1402,$6,$3,$2,$5,$-0,$0,$0,$1,$1,$12,$-2,$0,$0,$0,$-14,$-14,$-65,$-80,$15,$-5,$10,$4,$4,$-4,$42,$53,$-15,$1,$-4
25,2012-03-31,16.78,$12.98,1.29,$8.68,1.93,$6.78,2.47,$1.57,10.69,$0.66B,$1.26B,0.53,$0.00B,$0.11B,0.0,$0.06B,$0.05B,86.44%,$0.06B,$0.02B,27.12%,$0.06B,0,0.00%,$0.06B,0,0.00%,$0.06B,$0.02B,27.12%,$0.06B,$0.01B,18.64%,$0.01B,$0.11B,11.67%,$0.01B,$0.11B,11.92%,$0.01B,$1.39B,0.85%,$0.02B,$0.11B,16.98%,$15,$2,$13,$0,$9,$11,$4,$0,$4,$1,$3,$3,$3,$0,$0,$8,8,$0.35,$0.35,$24,$0,$0,$662,$24,$687,$2,$11,$725,$1386,$1255,$0,$22,$22,$1276,$0,$53,$2,$110,$1386,$3,$1,$1,$2,$-1,$0,$0,$0,$-0,$5,$-1,$0,$0,$0,$-76,$-76,$-29,$-105,$0,$31,$31,$2,$2,$-2,$14,$45,$-55,$0,$-2
26,2011-12-31,15.75,$12.82,1.23,$8.92,1.77,$6.89,2.29,$1.56,10.09,$0.69B,$1.21B,0.57,$0.00B,$0.11B,0.0,$0.06B,$0.05B,85.96%,$0.06B,$0.02B,26.32%,$0.06B,0,0.00%,$0.06B,0,0.00%,$0.06B,$0.02B,26.32%,$0.06B,$0.01B,17.54%,$0.01B,$0.11B,11.98%,$0.01B,$0.11B,12.20%,$0.01B,$1.34B,0.82%,$0.02B,$0.11B,17.96%,$15,$2,$13,$0,$9,$11,$4,$0,$4,$1,$3,$3,$3,$0,$0,$7,7,$0.41,$0.41,$80,$0,$0,$688,$24,$612,$2,$11,$649,$1337,$1205,$0,$26,$26,$1230,$0,$52,$2,$107,$1337,$10,$4,$5,$9,$-1,$0,$0,$0,$-1,$19,$-2,$0,$2,$0,$-114,$-114,$-73,$-187,$-5,$-6,$-11,$28,$28,$-6,$214,$225,$57,$1,$-6
27,2011-09-30,14.31,$12.13,1.18,$8.79,1.63,$6.20,2.31,$1.52,9.42,$0.69B,$1.17B,0.59,$0.00B,$0.08B,0.0,$0.06B,$0.05B,85.45%,$0.06B,$0.01B,25.45%,$0.06B,0,0.00%,$0.06B,0,0.00%,$0.06B,$0.01B,25.45%,$0.06B,$0.01B,16.36%,$0.01B,$0.08B,12.29%,$0.01B,$0.08B,12.46%,$0.01B,$1.28B,0.79%,$0.01B,$0.08B,19.11%,$15,$2,$13,$0,$9,$11,$4,$0,$4,$1,$3,$3,$3,$0,$0,$7,7,$0.41,$0.41,$93,$0,$0,$685,$24,$560,$2,$11,$598,$1283,$1172,$0,$29,$29,$1201,$0,$51,$4,$82,$1283,$7,$3,$4,$7,$-0,$0,$0,$3,$2,$16,$-2,$0,$2,$0,$-59,$-59,$-57,$-115,$-5,$-7,$-12,$3,$3,$-4,$182,$168,$70,$1,$-4
28,2011-06-30,16.47,$11.59,1.42,$8.61,1.91,$4.56,3.61,$1.48,11.13,$0.62B,$1.09B,0.57,$0.00B,$0.08B,0.0,$0.05B,$0.05B,84.91%,$0.05B,$0.01B,24.53%,$0.05B,0,0.00%,$0.05B,0,0.00%,$0.05B,$0.01B,24.53%,$0.05B,$0.01B,15.09%,$0.01B,$0.08B,11.55%,$0.01B,$0.08B,11.64%,$0.01B,$1.19B,0.74%,$0.01B,$0.08B,18.77%,$14,$2,$12,$0,$9,$11,$4,$0,$4,$1,$2,$2,$2,$0,$0,$6,6,$0.38,$0.38,$30,$0,$0,$615,$24,$540,$2,$12,$578,$1193,$1089,$0,$26,$26,$1115,$0,$50,$3,$78,$1193,$5,$2,$2,$4,$-0,$0,$0,$2,$1,$10,$-1,$0,$2,$0,$-42,$-42,$-47,$-88,$-5,$-7,$-12,$2,$2,$-3,$98,$85,$7,$1,$-3
29,2011-03-31,17.13,$10.44,1.64,$8.51,2.01,$4.26,4.02,$1.46,11.74,$0.57B,$0.98B,0.58,$0.00B,$0.07B,0.0,$0.05B,$0.04B,84.62%,$0.05B,$0.01B,23.08%,$0.05B,0,0.00%,$0.05B,0,0.00%,$0.05B,$0.01B,23.08%,$0.05B,$0.01B,15.38%,$0.01B,$0.07B,12.12%,$0.01B,$0.07B,12.12%,$0.01B,$1.08B,0.78%,$0.01B,$0.07B,18.18%,$13,$2,$11,$0,$8,$10,$3,$0,$3,$1,$2,$2,$2,$0,$0,$6,6,$0.34,$0.34,$55,$0,$0,$573,$23,$469,$0,$10,$502,$1075,$982,$0,$26,$26,$1008,$0,$47,$1,$67,$1075,$2,$1,$1,$2,$-0,$0,$0,$0,$-0,$4,$-0,$0,$0,$0,$3,$3,$-19,$-16,$0,$-5,$-5,$1,$1,$-1,$49,$43,$32,$0,$-1
30,2010-12-31,18.88,$10.33,1.83,$8.54,2.21,$4.36,4.33,$1.46,12.93,$0.52B,$0.94B,0.56,$0.00B,$0.07B,0.0,$0.05B,$0.04B,84.62%,$0.05B,$0.01B,23.08%,$0.05B,0,0.00%,$0.05B,0,0.00%,$0.05B,$0.01B,23.08%,$0.05B,$0.01B,15.38%,$0.01B,$0.07B,12.31%,$0.01B,$0.07B,12.31%,$0.01B,$1.03B,0.81%,$0.01B,$0.07B,18.46%,$13,$2,$11,$0,$8,$10,$3,$0,$3,$1,$2,$2,$2,$0,$0,$6,6,$0.37,$0.37,$23,$0,$0,$523,$24,$473,$0,$9,$506,$1028,$938,$0,$24,$24,$963,$0,$46,$2,$66,$1028,$9,$3,$3,$6,$-0,$0,$0,$1,$0,$15,$-4,$0,$0,$0,$-91,$-91,$-57,$-152,$0,$6,$6,$1,$1,$-6,$123,$125,$-11,$1,$-6
31,2010-09-30,18.79,$10.50,1.79,$8.38,2.24,$3.34,5.63,$1.44,13.05,$0.50B,$0.94B,0.53,$0.00B,$0.07B,0.0,$0.05B,$0.04B,84.31%,$0.05B,$0.01B,23.53%,$0.05B,0,0.00%,$0.05B,0,0.00%,$0.05B,$0.01B,23.53%,$0.05B,$0.01B,15.69%,$0.01B,$0.07B,12.50%,$0.01B,$0.07B,12.50%,$0.01B,$1.04B,0.84%,$0.01B,$0.07B,18.75%,$13,$2,$11,$0,$8,$10,$3,$0,$3,$1,$2,$2,$2,$0,$0,$6,6,$0.38,$0.38,$26,$0,$0,$503,$24,$496,$0,$14,$534,$1037,$943,$0,$28,$28,$970,$0,$46,$4,$66,$1037,$7,$2,$2,$4,$-1,$0,$0,$-3,$-4,$7,$-4,$0,$0,$0,$-110,$-110,$-33,$-146,$0,$2,$2,$1,$1,$-4,$133,$131,$-8,$1,$-4
32,2010-06-30,18.09,$10.28,1.76,$8.27,2.19,$4.43,4.09,$1.44,12.57,$0.50B,$0.88B,0.57,$0.00B,$0.07B,0.0,$0.05B,$0.04B,84.00%,$0.05B,$0.01B,24.00%,$0.05B,0,0.00%,$0.05B,0,0.00%,$0.05B,$0.01B,24.00%,$0.05B,$0.01B,16.00%,$0.01B,$0.07B,12.70%,$0.01B,$0.07B,12.70%,$0.01B,$0.97B,0.88%,$0.01B,$0.07B,19.05%,$13,$2,$11,$0,$8,$10,$3,$0,$3,$1,$2,$2,$2,$0,$0,$6,6,$0.36,$0.36,$30,$0,$0,$496,$22,$446,$0,$9,$477,$973,$876,$0,$32,$32,$908,$0,$45,$4,$65,$973,$4,$1,$1,$3,$-0,$0,$0,$3,$2,$9,$-2,$0,$0,$0,$-55,$-55,$-21,$-78,$0,$2,$2,$0,$0,$-3,$66,$65,$-4,$0,$-3
33,2010-03-31,17.27,$9.97,1.73,$8.25,2.09,$4.11,4.2,$1.41,12.25,$0.47B,$0.83B,0.56,$0.00B,$0.06B,0.0,$0.05B,$0.04B,84.00%,$0.05B,$0.01B,24.00%,$0.05B,0,0.00%,$0.05B,0,0.00%,$0.05B,$0.01B,24.00%,$0.05B,$0.01B,16.00%,$0.01B,$0.06B,13.01%,$0.01B,$0.06B,13.01%,$0.01B,$0.92B,0.92%,$0.01B,$0.06B,19.51%,$13,$2,$11,$0,$8,$10,$3,$0,$3,$1,$2,$2,$2,$0,$0,$6,6,$0.34,$0.34,$16,$0,$0,$469,$22,$422,$0,$10,$454,$923,$833,$0,$28,$28,$861,$0,$44,$3,$63,$923,$2,$1,$1,$1,$-1,$0,$0,$2,$2,$5,$-1,$0,$0,$0,$-37,$-37,$-8,$-46,$0,$11,$11,$0,$0,$-1,$14,$23,$-18,$0,$-1
34,2009-12-31,17.74,$9.88,1.8,$8.12,2.18,$3.70,4.79,$1.43,12.4,$0.48B,$0.81B,0.59,$0.00B,$0.06B,0.0,$0.05B,$0.04B,83.67%,$0.05B,$0.01B,24.49%,$0.05B,0,0.00%,$0.05B,0,0.00%,$0.05B,$0.01B,24.49%,$0.05B,$0.01B,16.33%,$0.01B,$0.06B,13.22%,$0.01B,$0.06B,13.22%,$0.01B,$0.90B,0.95%,$0.01B,$0.06B,19.83%,$12,$2,$10,$0,$7,$9,$3,$0,$3,$1,$2,$2,$2,$0,$0,$6,6,$0.35,$0.35,$34,$0,$0,$480,$21,$385,$0,$11,$417,$897,$810,$0,$25,$25,$835,$0,$43,$4,$62,$897,$9,$2,$4,$6,$-0,$0,$0,$-5,$-5,$9,$-4,$0,$0,$0,$-24,$-24,$-20,$-48,$-14,$-71,$-85,$0,$0,$-6,$134,$44,$5,$1,$-6
35,2009-09-30,17.61,$9.90,1.78,$8.11,2.17,$4.27,4.12,$1.43,12.32,$0.47B,$0.77B,0.62,$0.00B,$0.06B,0.0,$0.05B,$0.04B,83.67%,$0.05B,$0.01B,24.49%,$0.05B,0,0.00%,$0.05B,0,0.00%,$0.05B,$0.01B,24.49%,$0.05B,$0.01B,16.33%,$0.01B,$0.06B,13.56%,$0.01B,$0.06B,13.56%,$0.01B,$0.86B,0.97%,$0.01B,$0.06B,18.05%,$12,$2,$10,$0,$7,$9,$3,$0,$3,$1,$2,$2,$2,$0,$0,$6,6,$0.37,$0.37,$37,$0,$0,$474,$21,$355,$0,$5,$380,$855,$766,$0,$27,$27,$793,$0,$42,$4,$62,$855,$7,$1,$3,$4,$-0,$0,$0,$3,$2,$14,$-3,$0,$0,$0,$8,$8,$-11,$-7,$-30,$-71,$-101,$0,$0,$-4,$106,$1,$8,$0,$-4
36,2009-06-30,19.53,$9.48,2.06,$8.02,2.44,$5.52,3.54,$1.44,13.56,$0.46B,$0.71B,0.65,$0.00B,$0.06B,0.0,$0.05B,$0.04B,81.63%,$0.05B,$0.01B,26.53%,$0.05B,0,0.00%,$0.05B,0,0.00%,$0.05B,$0.01B,26.53%,$0.05B,$0.01B,16.33%,$0.01B,$0.06B,14.10%,$0.01B,$0.06B,14.10%,$0.01B,$0.79B,1.00%,$0.01B,$0.06B,20.23%,$13,$2,$11,$0,$8,$10,$3,$0,$3,$1,$2,$2,$2,$0,$0,$6,6,$0.33,$0.33,$16,$0,$0,$461,$20,$307,$0,$5,$332,$793,$710,$0,$24,$24,$734,$0,$41,$3,$59,$793,$4,$1,$2,$3,$0,$0,$0,$-0,$0,$7,$-2,$0,$0,$0,$53,$53,$-18,$33,$-30,$-61,$-91,$-0,$-0,$-3,$41,$-53,$-13,$0,$-3
37,2009-03-31,14.16,$9.42,1.5,$7.75,1.83,$5.66,2.5,$1.48,9.57,$0.46B,$0.73B,0.63,$0.00B,$0.06B,0.0,$0.05B,$0.04B,80.85%,$0.05B,$0.01B,27.66%,$0.05B,0,0.00%,$0.05B,0,0.00%,$0.05B,$0.01B,27.66%,$0.05B,$0.01B,17.02%,$0.01B,$0.06B,14.55%,$0.01B,$0.06B,14.55%,$0.01B,$0.81B,1.03%,$0.01B,$0.06B,20.80%,$12,$2,$10,$0,$7,$9,$3,$0,$3,$1,$2,$2,$2,$0,$0,$6,6,$0.36,$0.36,$21,$0,$0,$461,$19,$327,$0,$5,$352,$813,$731,$0,$24,$24,$754,$0,$41,$3,$59,$813,$2,$0,$1,$1,$-0,$0,$0,$-0,$-1,$3,$-1,$0,$0,$0,$33,$33,$-12,$20,$-30,$-47,$-77,$-0,$-0,$-1,$47,$-31,$-8,$0,$-1
38,2008-12-31,13.13,$9.08,1.45,$7.50,1.75,$5.69,2.31,$1.44,9.12,$0.46B,$0.73B,0.63,$0.03B,$0.06B,0.53,$0.05B,$0.04B,78.26%,$0.05B,$0.01B,28.26%,$0.05B,0,0.00%,$0.05B,0,0.00%,$0.05B,$0.01B,28.26%,$0.05B,$0.01B,17.39%,$0.01B,$0.06B,14.88%,$0.01B,$0.06B,14.88%,$0.01B,$0.84B,1.08%,$0.01B,$0.09B,21.22%,$12,$2,$10,$0,$6,$9,$3,$0,$3,$1,$2,$2,$2,$0,$0,$6,6,$0.34,$0.34,$29,$0,$0,$458,$18,$358,$0,$5,$381,$839,$731,$30,$22,$52,$783,$0,$40,$2,$56,$839,$9,$1,$3,$4,$-1,$0,$0,$-2,$-3,$10,$-1,$0,$0,$0,$-157,$-157,$-55,$-214,$20,$54,$74,$-0,$-0,$-6,$150,$218,$15,$0,$-6
39,2008-09-30,13.69,$8.67,1.58,$7.23,1.89,$5.58,2.45,$1.41,9.71,$0.43B,$0.69B,0.63,$0.00B,$0.05B,0.0,$0.04B,$0.03B,77.27%,$0.04B,$0.01B,29.55%,$0.04B,0,0.00%,$0.04B,0,0.00%,$0.04B,$0.01B,29.55%,$0.04B,$0.01B,18.18%,$0.01B,$0.05B,15.24%,$0.01B,$0.05B,15.24%,$0.01B,$0.76B,1.17%,$0.01B,$0.05B,23.64%,$12,$2,$9,$0,$6,$8,$4,$0,$4,$1,$2,$2,$2,$0,$0,$6,6,$0.39,$0.39,$20,$0,$0,$433,$18,$300,$0,$4,$323,$755,$687,$0,$15,$15,$702,$0,$39,$-0,$53,$755,$7,$1,$1,$2,$-1,$0,$0,$10,$10,$19,$-1,$0,$0,$0,$-105,$-105,$-38,$-145,$-35,$8,$-27,$0,$0,$-4,$163,$131,$5,$0,$-4
40,2008-06-30,14.51,$8.47,1.71,$7.08,2.05,$3.56,4.08,$1.40,10.37,$0.43B,$0.65B,0.67,$0.00B,$0.05B,0.0,$0.04B,$0.03B,76.74%,$0.04B,$0.01B,30.23%,$0.04B,0,0.00%,$0.04B,0,0.00%,$0.04B,$0.01B,30.23%,$0.04B,$0.01B,18.60%,$0.01B,$0.05B,15.61%,$0.01B,$0.05B,15.61%,$0.01B,$0.71B,1.22%,$0.01B,$0.05B,24.19%,$11,$2,$9,$0,$6,$8,$3,$0,$3,$1,$2,$2,$2,$0,$0,$6,6,$0.37,$0.37,$34,$0,$0,$434,$18,$253,$0,$5,$277,$710,$651,$0,$7,$7,$658,$0,$38,$-0,$52,$710,$4,$1,$1,$1,$-0,$0,$0,$1,$1,$7,$-1,$0,$0,$0,$-58,$-58,$-25,$-83,$-10,$0,$-10,$0,$0,$-3,$109,$96,$20,$0,$-3
41,2008-03-31,13.72,$8.78,1.56,$6.96,1.97,$3.06,4.48,$1.39,9.87,$0.41B,$0.59B,0.69,$0.00B,$0.05B,0.0,$0.04B,$0.03B,76.19%,$0.04B,$0.01B,30.95%,$0.04B,0,0.00%,$0.04B,0,0.00%,$0.04B,$0.01B,30.95%,$0.04B,$0.01B,19.05%,$0.01B,$0.05B,16.16%,$0.01B,$0.05B,16.16%,$0.01B,$0.66B,1.28%,$0.01B,$0.05B,25.00%,$11,$3,$8,$0,$5,$8,$3,$0,$3,$1,$2,$2,$2,$0,$0,$6,6,$0.32,$0.32,$17,$0,$0,$405,$18,$226,$0,$5,$250,$655,$591,$0,$10,$10,$601,$0,$38,$2,$54,$655,$2,$0,$0,$1,$-1,$0,$0,$0,$-0,$2,$-0,$0,$0,$0,$-25,$-25,$-13,$-38,$-10,$-15,$-25,$0,$0,$-1,$65,$38,$2,$0,$-1
42,2007-12-31,16.47,$8.36,1.97,$6.82,2.41,$2.70,6.1,$1.36,12.11,$0.39B,$0.52B,0.75,$0.01B,$0.05B,0.2,$0.04B,$0.03B,75.61%,$0.04B,$0.01B,29.27%,$0.04B,0,0.00%,$0.04B,0,0.00%,$0.04B,$0.01B,29.27%,$0.04B,$0.01B,19.51%,$0.01B,$0.05B,16.84%,$0.01B,$0.05B,16.84%,$0.01B,$0.61B,1.31%,$0.01B,$0.06B,24.00%,$10,$2,$8,$0,$5,$8,$3,$0,$3,$1,$2,$2,$2,$0,$0,$6,6,$0.34,$0.33,$14,$0,$0,$389,$18,$196,$0,$4,$218,$607,$517,$10,$30,$40,$556,$0,$37,$0,$51,$607,$8,$1,$1,$2,$-0,$0,$0,$-1,$-1,$10,$-2,$0,$0,$0,$20,$20,$-49,$-31,$10,$13,$23,$0,$0,$-6,$4,$22,$1,$0,$-6
43,2007-09-30,16.46,$7.91,2.08,$6.68,2.46,$2.75,6.0,$1.37,12.02,$0.43B,$0.60B,0.72,$0.00B,$0.05B,0.0,$0.04B,$0.03B,73.17%,$0.04B,$0.01B,29.27%,$0.04B,0,0.00%,$0.04B,0,0.00%,$0.04B,$0.01B,29.27%,$0.04B,$0.01B,19.51%,$0.01B,$0.05B,17.30%,$0.01B,$0.05B,17.30%,$0.01B,$0.65B,1.33%,$0.01B,$0.05B,25.95%,$11,$2,$8,$0,$5,$7,$4,$0,$4,$1,$2,$2,$2,$0,$0,$6,6,$0.38,$0.38,$70,$0,$0,$433,$19,$195,$0,$3,$217,$650,$598,$0,$5,$5,$602,$0,$36,$-2,$48,$650,$6,$1,$0,$1,$-0,$0,$0,$-0,$-1,$7,$-1,$0,$0,$0,$18,$18,$-36,$-20,$-19,$0,$-19,$0,$0,$-4,$93,$70,$57,$0,$-4
44,2007-06-30,15.88,$7.47,2.13,$6.44,2.47,$2.87,5.54,$1.34,11.85,$0.38B,$0.54B,0.69,$0.00B,$0.05B,0.0,$0.04B,$0.03B,74.36%,$0.04B,$0.01B,28.21%,$0.04B,0,0.00%,$0.04B,0,0.00%,$0.04B,$0.01B,28.21%,$0.04B,$0.01B,20.51%,$0.01B,$0.05B,17.58%,$0.01B,$0.05B,17.58%,$0.01B,$0.59B,1.36%,$0.01B,$0.05B,24.18%,$10,$3,$8,$0,$4,$7,$3,$0,$3,$1,$2,$2,$2,$0,$0,$6,6,$0.36,$0.36,$28,$0,$0,$375,$18,$194,$0,$5,$217,$591,$542,$0,$4,$4,$546,$0,$36,$-4,$45,$591,$4,$1,$0,$1,$-0,$0,$0,$-1,$-1,$4,$-1,$0,$0,$0,$17,$17,$-21,$-5,$-19,$0,$-19,$0,$0,$-3,$37,$15,$14,$0,$-3
45,2007-03-31,16.19,$7.61,2.13,$6.17,2.62,$3.07,5.28,$1.31,12.36,$0.37B,$0.54B,0.68,$0.00B,$0.05B,0.0,$0.04B,$0.03B,73.68%,$0.04B,$0.01B,28.95%,$0.04B,0,0.00%,$0.04B,0,0.00%,$0.04B,$0.01B,28.95%,$0.04B,$0.01B,21.05%,$0.01B,$0.05B,17.68%,$0.01B,$0.05B,17.68%,$0.01B,$0.59B,1.40%,$0.01B,$0.05B,21.36%,$10,$3,$7,$0,$5,$7,$2,$0,$2,$1,$2,$2,$2,$0,$0,$6,6,$0.29,$0.29,$32,$0,$0,$368,$18,$200,$0,$4,$222,$590,$540,$0,$3,$3,$544,$0,$35,$-2,$46,$590,$2,$0,$0,$1,$-0,$0,$0,$-2,$-2,$0,$-1,$0,$0,$0,$13,$13,$-10,$2,$-19,$0,$-19,$0,$0,$-1,$35,$16,$19,$0,$-1
46,2006-12-31,15.66,$7.49,2.09,$5.89,2.66,$3.33,4.7,$1.33,11.78,$0.34B,$0.52B,0.65,$0.00B,$0.05B,0.0,$0.04B,$0.03B,77.78%,$0.04B,$0.01B,33.33%,$0.04B,0,0.00%,$0.04B,0,0.00%,$0.04B,$0.01B,33.33%,$0.04B,$0.01B,22.22%,$0.01B,$0.05B,17.58%,$0.01B,$0.05B,17.58%,$0.01B,$0.57B,1.44%,$0.01B,$0.05B,22.33%,$10,$3,$7,$0,$4,$7,$3,$0,$3,$1,$2,$2,$2,$0,$0,$6,6,$0.34,$0.34,$13,$0,$0,$339,$18,$213,$0,$3,$234,$574,$524,$0,$4,$4,$528,$0,$34,$-2,$46,$574,$8,$1,$1,$2,$-0,$0,$0,$1,$1,$12,$-3,$0,$0,$0,$-18,$-18,$-24,$-45,$0,$4,$4,$-4,$-4,$-6,$36,$31,$-2,$0,$-6
