,Date,Stock Price,Book Value per Share,Price to Book Ratio,TTM Sales per Share,Price to Sales Ratio,TTM FCF per Share,Price to FCF Ratio,TTM Net EPS,PE Ratio,Current Assets,Current Liabilities,Current Ratio,Long Term Debt,Shareholder's Equity_x,Debt to Equity Ratio,TTM Revenue_x,TTM Gross Profit,Gross Margin,TTM Revenue_y,TTM Operating Income,Operating Margin,TTM Revenue_x,TTM EBIT,EBIT Margin,TTM Revenue_y,TTM EBITDA,EBITDA Margin,TTM Revenue_x,TTM Pre-Tax Income,Pre-Tax Margin,TTM Revenue_y,TTM Net Income_x,Net Margin,TTM Net Income_y,Shareholder's Equity_y,Return on Equity,TTM Net Income_x,Tangible Equity,Return on Tangible Equity,TTM Net Income_y,Total Assets,Return on Assets,TTM Net Income,LT Investments & Debt,Return on Investment,revenue,cost-goods-sold,gross-profit,research-development-expenses,selling-general-administrative-expenses,operating-expenses,operating-income,total-non-operating-income-expense,pre-tax-income,total-provision-income-taxes,income-after-taxes,income-from-continuous-operations,net-income,ebitda,ebit,basic-shares-outstanding,shares-outstanding,eps-basic-net-earnings-per-share,eps-earnings-per-share-diluted,cash-on-hand,inventory,other-current-assets,total-current-assets,net-property-plant-equipment,long-term-investments,goodwill-intangible-assets-total,other-long-term-assets,total-long-term-assets,total-assets,total-current-liabilities,long-term-debt,other-non-current-liabilities,total-long-term-liabilities,total-liabilities,common-stock-net,retained-earnings-accumulated-deficit,comprehensive-income,total-share-holder-equity,total-liabilities-share-holders-equity,net-income-loss,total-depreciation-amortization-cash-flow,other-non-cash-items,total-non-cash-items,change-in-accounts-receivable,change-in-inventories,change-in-accounts-payable,change-in-assets-liabilities,total-change-in-assets-liabilities,cash-flow-from-operating-activities,net-change-in-property-plant-equipment,net-change-in-intangible-assets,net-acquisitions-divestitures,net-change-in-short-term-investments,net-change-in-long-term-investments,net-change-in-investments-total,investing-activities-other,cash-flow-from-investing-activities,net-long-term-debt,net-current-debt,debt-issuance-retirement-net-total,net-common-equity-issued-repurchased,net-total-equity-issued-repurchased,total-common-preferred-stock-dividends-paid,financial-activities-other,cash-flow-from-financial-activities,net-cash-flow,stock-based-compensation,common-stock-dividends-paid
0,2018-09-30,15.72,$10.00,1.57,$3.01,5.22,$0.48,33.07,$0.49,32.08,$0.26B,$0.12B,2.24,$1.94B,$1.78B,1.09,$0.54B,$0.32B,60.04%,$0.54B,$0.06B,10.97%,$0.54B,$0.06B,10.97%,$0.54B,$0.24B,45.17%,$0.54B,$0.09B,16.54%,$0.54B,$0.09B,16.17%,$0.09B,$1.78B,4.74%,$0.09B,$1.72B,4.90%,$0.09B,$3.92B,2.18%,$0.06B,$3.71B,1.56%,$135,$53,$82,$0,$6,$160,$-25,$-19,$-43,$0,$-43,$-43,$-43,$20,$-25,$179,179,$-0.24,$-0.24,$70,$0,$0,$262,$2583,$0,$55,$926,$3661,$3924,$117,$1938,$92,$2030,$2147,$2,$-1476,$10,$1777,$3924,$15,$136,$8,$144,$4,$0,$0,$-10,$-4,$155,$-168,$0,$0,$0,$47,$47,$-60,$-181,$0,$-5,$-5,$0,$0,$-97,$-5,$-106,$-132,$0,$-97
1,2018-06-30,16.7,$10.42,1.6,$2.98,5.6,$1.05,15.91,$0.84,19.89,$0.30B,$0.11B,2.85,$1.94B,$1.85B,1.05,$0.53B,$0.32B,60.08%,$0.53B,$0.11B,21.28%,$0.53B,$0.11B,21.28%,$0.53B,$0.30B,55.74%,$0.53B,$0.15B,28.25%,$0.53B,$0.15B,28.06%,$0.15B,$1.85B,8.15%,$0.15B,$1.79B,8.43%,$0.15B,$3.99B,3.75%,$0.11B,$3.79B,3.01%,$134,$53,$81,$0,$8,$104,$30,$-17,$13,$0,$13,$13,$13,$75,$30,$179,180,$0.07,$0.07,$108,$0,$0,$304,$2933,$0,$59,$598,$3687,$3992,$107,$1939,$95,$2034,$2141,$2,$-1401,$9,$1851,$3992,$58,$92,$-44,$47,$-0,$0,$0,$-5,$-8,$98,$-110,$0,$0,$0,$45,$45,$-58,$-123,$-3,$0,$-3,$0,$0,$-64,$-2,$-69,$-94,$0,$-64
2,2018-03-31,15.53,$10.52,1.48,$2.96,5.24,$1.77,8.75,$0.79,19.66,$0.39B,$0.11B,3.74,$1.94B,$1.87B,1.04,$0.53B,$0.32B,60.00%,$0.53B,$0.11B,20.76%,$0.53B,$0.11B,20.76%,$0.53B,$0.29B,55.62%,$0.53B,$0.14B,27.43%,$0.53B,$0.14B,26.67%,$0.14B,$1.87B,7.75%,$0.14B,$1.80B,8.03%,$0.14B,$4.04B,3.55%,$0.11B,$3.81B,2.93%,$136,$57,$80,$0,$9,$109,$28,$17,$45,$0,$45,$45,$44,$74,$28,$178,180,$0.25,$0.25,$201,$0,$0,$393,$2944,$0,$64,$540,$3645,$4038,$105,$1940,$125,$2066,$2171,$2,$-1381,$7,$1867,$4038,$45,$47,$-37,$9,$-1,$0,$0,$-14,$-15,$39,$-48,$0,$0,$0,$45,$45,$-2,$-6,$0,$-1,$-1,$0,$0,$-32,$-1,$-34,$-2,$0,$-32
3,2017-12-31,17.61,$10.41,1.69,$2.95,5.98,$2.26,7.78,$0.65,27.1,$0.39B,$0.11B,3.64,$1.93B,$1.85B,1.05,$0.52B,$0.32B,60.58%,$0.52B,$0.10B,19.81%,$0.52B,$0.10B,19.81%,$0.52B,$0.29B,55.58%,$0.52B,$0.12B,23.08%,$0.52B,$0.12B,22.12%,$0.12B,$1.85B,6.36%,$0.12B,$1.78B,6.58%,$0.12B,$4.00B,2.91%,$0.10B,$3.78B,2.75%,$133,$54,$80,$0,$7,$107,$26,$48,$74,$0,$74,$74,$73,$74,$26,$175,177,$0.42,$0.41,$202,$0,$0,$390,$2937,$0,$65,$507,$3606,$3995,$107,$1931,$111,$2042,$2149,$2,$-1394,$2,$1847,$3995,$122,$185,$-125,$60,$-6,$0,$0,$2,$-0,$182,$-63,$0,$0,$0,$160,$160,$-17,$80,$-83,$0,$-83,$52,$-48,$-116,$-6,$-254,$8,$0,$-116
4,2017-09-30,16.78,$9.98,1.68,$2.94,5.7,$5.47,3.07,$0.16,104.89,$0.21B,$0.11B,1.83,$1.89B,$1.75B,1.08,$0.52B,$0.31B,60.50%,$0.52B,$0.08B,14.64%,$0.52B,$0.08B,14.64%,$0.52B,$0.26B,50.29%,$0.52B,$0.03B,6.55%,$0.52B,$0.03B,5.39%,$0.03B,$1.75B,1.54%,$0.03B,$1.69B,1.60%,$0.03B,$3.86B,0.70%,$0.08B,$3.64B,2.01%,$128,$51,$78,$0,$6,$99,$29,$-11,$18,$-1,$19,$19,$19,$73,$29,$175,177,$0.11,$0.11,$25,$0,$0,$206,$2884,$0,$59,$610,$3649,$3855,$112,$1890,$103,$1992,$2105,$2,$-1435,$-1,$1751,$3855,$48,$138,$-53,$84,$-4,$0,$0,$-6,$-4,$128,$-40,$0,$0,$0,$69,$69,$-11,$18,$-122,$-4,$-126,$1,$-99,$-88,$-1,$-314,$-168,$0,$-88
5,2017-06-30,16.67,$10.02,1.66,$2.95,5.65,$8.78,1.9,$0.08,208.32,$0.21B,$0.10B,2.1,$1.91B,$1.76B,1.09,$0.52B,$0.31B,60.27%,$0.52B,$0.07B,14.01%,$0.52B,$0.07B,14.01%,$0.52B,$0.26B,50.10%,$0.52B,$0.02B,4.61%,$0.52B,$0.02B,2.88%,$0.02B,$1.76B,0.81%,$0.02B,$1.70B,0.84%,$0.02B,$3.87B,0.37%,$0.07B,$3.67B,1.90%,$128,$51,$77,$0,$7,$102,$26,$-19,$7,$-0,$8,$8,$4,$71,$26,$175,177,$0.02,$0.02,$38,$0,$0,$209,$2887,$0,$59,$623,$3663,$3872,$100,$1912,$103,$2015,$2115,$2,$-1425,$-2,$1758,$3872,$29,$94,$-33,$61,$0,$0,$0,$-6,$-8,$83,$33,$0,$0,$0,$35,$35,$-11,$57,$-102,$0,$-102,$0,$-100,$-60,$-1,$-263,$-123,$0,$-60
6,2017-03-31,15.28,$10.73,1.42,$2.96,5.17,$12.07,1.27,$0.04,381.96,$0.40B,$0.12B,3.47,$2.01B,$1.88B,1.07,$0.52B,$0.31B,60.38%,$0.52B,$0.07B,12.50%,$0.52B,$0.07B,12.50%,$0.52B,$0.26B,49.23%,$0.52B,$0.02B,3.08%,$0.52B,$0.01B,1.54%,$0.01B,$1.88B,0.42%,$0.01B,$1.82B,0.44%,$0.01B,$4.10B,0.19%,$0.07B,$3.89B,1.66%,$131,$51,$80,$0,$9,$109,$22,$-1,$21,$0,$21,$21,$19,$71,$22,$175,176,$0.11,$0.11,$235,$0,$0,$400,$2838,$0,$64,$708,$3702,$4102,$115,$2013,$95,$2107,$2222,$2,$-1401,$-0,$1880,$4102,$21,$49,$-27,$22,$-1,$0,$0,$-11,$-3,$41,$36,$0,$0,$0,$31,$31,$-3,$64,$0,$-1,$-1,$0,$0,$-30,$-0,$-31,$73,$0,$-30
7,2016-12-31,15.39,$10.81,1.42,$2.99,5.15,$15.45,1.0,$0.18,85.5,$0.36B,$0.10B,3.44,$2.01B,$1.88B,1.07,$0.53B,$0.32B,60.08%,$0.53B,$0.06B,11.22%,$0.53B,$0.06B,11.22%,$0.53B,$0.25B,47.72%,$0.53B,$0.04B,7.79%,$0.53B,$0.03B,6.27%,$0.03B,$1.88B,1.72%,$0.03B,$1.81B,1.80%,$0.03B,$4.10B,0.79%,$0.06B,$3.90B,1.48%,$132,$53,$79,$0,$6,$133,$-1,$-11,$-12,$0,$-12,$-12,$-14,$46,$-1,$175,176,$-0.07,$-0.07,$194,$0,$0,$356,$2734,$0,$72,$846,$3743,$4099,$103,$2013,$99,$2112,$2216,$2,$-1393,$-2,$1883,$4099,$41,$192,$-53,$138,$2,$0,$0,$-0,$-6,$173,$509,$0,$0,$0,$5,$5,$-14,$501,$-507,$87,$-420,$1,$1,$-116,$-2,$-537,$137,$0,$-116
8,2016-09-30,14.41,$10.97,1.31,$3.10,4.64,$11.39,1.26,$-0.11,0.0,$0.38B,$0.11B,3.52,$2.01B,$1.91B,1.05,$0.55B,$0.33B,60.04%,$0.55B,$0.00B,0.91%,$0.55B,$0.00B,0.91%,$0.55B,$0.21B,37.96%,$0.55B,$-0.01B,-1.82%,$0.55B,$-0.02B,-3.10%,$-0.02B,$1.91B,-0.88%,$-0.02B,$1.83B,-0.92%,$-0.02B,$4.14B,-0.39%,$0.00B,$3.93B,0.12%,$130,$51,$78,$0,$6,$104,$26,$-18,$8,$0,$8,$8,$6,$73,$26,$175,176,$0.03,$0.03,$219,$0,$0,$375,$2817,$0,$81,$778,$3768,$4143,$107,$2014,$111,$2125,$2231,$2,$-1351,$-15,$1912,$4143,$53,$144,$-68,$76,$4,$0,$0,$-11,$1,$130,$542,$0,$0,$0,$6,$6,$-10,$538,$-150,$-269,$-419,$1,$1,$-86,$-2,$-505,$162,$0,$-86
9,2016-06-30,15.35,$11.08,1.39,$3.22,4.76,$7.24,2.12,$-0.04,0.0,$0.42B,$0.09B,4.59,$2.04B,$1.93B,1.05,$0.57B,$0.35B,60.42%,$0.57B,$0.01B,1.58%,$0.57B,$0.01B,1.58%,$0.57B,$0.22B,38.88%,$0.57B,$0.00B,0.35%,$0.57B,$-0.01B,-0.88%,$-0.01B,$1.93B,-0.25%,$-0.01B,$1.84B,-0.27%,$-0.01B,$4.18B,-0.11%,$0.01B,$3.96B,0.21%,$127,$50,$77,$0,$6,$109,$18,$-20,$-1,$0,$-1,$-1,$-3,$66,$18,$175,175,$-0.02,$-0.02,$266,$0,$0,$419,$2844,$0,$90,$733,$3762,$4181,$91,$2035,$125,$2160,$2251,$2,$-1328,$-18,$1930,$4181,$45,$97,$-56,$41,$3,$0,$0,$-1,$-3,$83,$608,$0,$0,$0,$-0,$-0,$-8,$600,$-505,$87,$-418,$1,$1,$-56,$-2,$-475,$209,$0,$-56
10,2016-03-31,12.82,$11.29,1.14,$3.30,3.88,$2.76,4.65,$-0.01,0.0,$0.57B,$0.11B,5.09,$2.19B,$1.96B,1.11,$0.59B,$0.36B,60.51%,$0.59B,$0.02B,3.73%,$0.59B,$0.02B,3.73%,$0.59B,$0.24B,40.34%,$0.59B,$0.01B,1.02%,$0.59B,$-0.00B,-0.17%,$-0.00B,$1.96B,-0.05%,$-0.00B,$1.86B,-0.05%,$-0.00B,$4.38B,-0.02%,$0.02B,$4.15B,0.50%,$137,$55,$82,$0,$9,$120,$16,$30,$46,$0,$46,$46,$44,$66,$16,$175,175,$0.25,$0.25,$424,$0,$0,$571,$2812,$0,$100,$804,$3807,$4378,$112,$2185,$117,$2302,$2414,$2,$-1297,$-14,$1964,$4378,$46,$50,$-55,$-5,$0,$0,$0,$-9,$-2,$39,$630,$0,$0,$0,$-8,$-8,$0,$623,$0,$-267,$-267,$1,$1,$-28,$-1,$-295,$367,$0,$-28
11,2015-12-31,12.21,$11.22,1.09,$3.36,3.64,$-0.98,0.0,$-0.22,0.0,$0.22B,$0.10B,2.19,$2.39B,$1.95B,1.22,$0.60B,$0.37B,60.53%,$0.60B,$0.03B,5.64%,$0.60B,$0.03B,5.64%,$0.60B,$0.25B,42.12%,$0.60B,$-0.03B,-5.14%,$0.60B,$-0.04B,-6.30%,$-0.04B,$1.95B,-1.84%,$-0.04B,$1.84B,-1.95%,$-0.04B,$4.56B,-0.80%,$0.03B,$4.34B,0.76%,$154,$62,$92,$0,$8,$209,$-55,$-8,$-63,$0,$-63,$-63,$-64,$3,$-55,$178,178,$-0.36,$-0.36,$57,$0,$0,$219,$2826,$0,$112,$1297,$4336,$4555,$100,$2385,$118,$2503,$2602,$2,$-1315,$-5,$1952,$4555,$-31,$220,$7,$227,$-1,$0,$0,$-2,$1,$197,$-229,$0,$0,$0,$-4,$-4,$67,$-166,$-173,$130,$-43,$-67,$-67,$-114,$-7,$-232,$-201,$0,$-114
12,2015-09-30,10.88,$11.72,0.93,$3.38,3.22,$-0.44,0.0,$0.13,83.7,$0.21B,$0.12B,1.81,$2.44B,$2.05B,1.19,$0.60B,$0.36B,60.64%,$0.60B,$0.12B,19.93%,$0.60B,$0.12B,19.93%,$0.60B,$0.33B,55.61%,$0.60B,$0.03B,5.03%,$0.60B,$0.02B,3.69%,$0.02B,$2.05B,1.04%,$0.02B,$1.92B,1.10%,$0.02B,$4.74B,0.46%,$0.12B,$4.49B,2.61%,$153,$59,$94,$0,$6,$123,$30,$-9,$20,$0,$20,$20,$18,$87,$30,$178,179,$0.10,$0.10,$51,$0,$0,$210,$3564,$0,$127,$716,$4532,$4742,$116,$2440,$141,$2581,$2696,$2,$-1225,$-8,$2045,$4742,$32,$162,$-49,$113,$-1,$0,$0,$-13,$-0,$145,$-206,$0,$0,$0,$-55,$-55,$71,$-191,$-11,$0,$-11,$-61,$-61,$-86,$-3,$-160,$-207,$0,$-86
13,2015-06-30,11.6,$11.76,0.99,$3.37,3.44,$0.24,47.59,$0.07,165.7,$0.29B,$0.10B,2.88,$2.44B,$2.12B,1.16,$0.59B,$0.36B,60.41%,$0.59B,$0.12B,20.30%,$0.59B,$0.12B,20.30%,$0.59B,$0.33B,55.50%,$0.59B,$0.02B,3.21%,$0.59B,$0.01B,1.86%,$0.01B,$2.12B,0.51%,$0.01B,$1.98B,0.54%,$0.01B,$4.81B,0.22%,$0.12B,$4.56B,2.58%,$146,$56,$89,$0,$7,$115,$31,$-28,$3,$0,$3,$3,$1,$82,$31,$180,181,$0.01,$0.01,$124,$0,$0,$285,$3612,$0,$137,$653,$4529,$4814,$99,$2444,$156,$2600,$2699,$2,$-1217,$-6,$2116,$4814,$12,$105,$-24,$81,$-0,$0,$0,$-1,$-4,$89,$-185,$0,$0,$0,$-43,$-43,$73,$-155,$-7,$0,$-7,$0,$0,$-58,$-2,$-67,$-134,$0,$-58
14,2015-03-31,13.83,$11.90,1.16,$3.53,3.92,$1.01,13.72,$0.06,230.43,$0.46B,$0.11B,4.21,$2.45B,$2.14B,1.14,$0.60B,$0.36B,60.57%,$0.60B,$0.12B,20.64%,$0.60B,$0.12B,20.64%,$0.60B,$0.33B,55.87%,$0.60B,$0.02B,2.85%,$0.60B,$0.01B,1.68%,$0.01B,$2.14B,0.48%,$0.01B,$2.05B,0.50%,$0.01B,$4.85B,0.20%,$0.12B,$4.59B,2.65%,$150,$61,$90,$0,$9,$122,$28,$-20,$9,$0,$9,$9,$7,$82,$28,$180,181,$0.04,$0.04,$309,$0,$0,$463,$3421,$0,$93,$746,$4383,$4846,$110,$2448,$150,$2597,$2707,$2,$-1191,$-7,$2139,$4846,$9,$53,$-18,$36,$-0,$0,$0,$-10,$1,$46,$-32,$0,$0,$0,$-8,$-8,$78,$38,$-4,$0,$-4,$0,$0,$-29,$-0,$-32,$52,$0,$-29
15,2014-12-31,13.7,$12.07,1.13,$3.66,3.74,$0.93,14.65,$-0.01,0.0,$0.50B,$0.10B,5.19,$2.43B,$2.16B,1.12,$0.60B,$0.36B,60.37%,$0.60B,$0.12B,20.74%,$0.60B,$0.12B,20.74%,$0.60B,$0.34B,56.02%,$0.60B,$0.01B,1.00%,$0.60B,$-0.00B,-0.17%,$-0.00B,$2.16B,-0.05%,$-0.00B,$2.06B,-0.05%,$-0.00B,$4.84B,-0.02%,$0.12B,$4.59B,2.69%,$148,$59,$89,$0,$7,$118,$30,$-31,$-2,$0,$-2,$-2,$-4,$81,$30,$166,166,$-0.01,$-0.01,$258,$0,$0,$498,$3536,$0,$99,$600,$4337,$4835,$96,$2427,$152,$2580,$2676,$2,$-1171,$-5,$2159,$4835,$7,$211,$-19,$192,$-3,$0,$0,$-8,$-10,$189,$-128,$0,$0,$0,$-124,$-124,$-18,$-271,$-152,$0,$-152,$337,$337,$-105,$-5,$76,$-6,$0,$-105
16,2014-09-30,11.93,$12.24,0.98,$3.67,3.25,$2.67,4.47,$0.13,91.78,$0.82B,$0.10B,8.48,$2.71B,$2.19B,1.24,$0.59B,$0.36B,60.27%,$0.59B,$0.12B,20.71%,$0.59B,$0.12B,20.71%,$0.59B,$0.33B,56.37%,$0.59B,$0.03B,4.92%,$0.59B,$0.02B,3.74%,$0.02B,$2.19B,1.12%,$0.02B,$2.09B,1.19%,$0.02B,$5.15B,0.45%,$0.12B,$4.90B,2.66%,$147,$57,$89,$0,$6,$116,$31,$-22,$9,$0,$9,$9,$7,$83,$31,$172,173,$0.04,$0.04,$672,$0,$0,$823,$3555,$0,$105,$542,$4325,$5148,$97,$2713,$148,$2861,$2958,$2,$-1141,$-3,$2190,$5148,$9,$160,$-27,$132,$-5,$0,$0,$-13,$-8,$133,$-75,$0,$0,$0,$-9,$-9,$-11,$-95,$115,$0,$115,$336,$336,$-76,$-4,$370,$409,$0,$-76
17,2014-06-30,13.1,$11.91,1.1,$3.73,3.51,$3.57,3.67,$0.15,87.34,$0.39B,$0.08B,4.67,$2.59B,$1.87B,1.38,$0.59B,$0.35B,60.34%,$0.59B,$0.12B,20.68%,$0.59B,$0.12B,20.68%,$0.59B,$0.33B,56.58%,$0.59B,$0.03B,5.30%,$0.59B,$0.02B,4.10%,$0.02B,$1.87B,1.26%,$0.02B,$1.76B,1.34%,$0.02B,$4.70B,0.51%,$0.12B,$4.46B,2.73%,$151,$58,$93,$0,$6,$116,$34,$-33,$1,$0,$1,$1,$0,$87,$34,$157,157,$0.00,$0.00,$235,$0,$0,$388,$3645,$0,$112,$436,$4316,$4704,$83,$2588,$162,$2751,$2834,$2,$-1121,$-6,$1870,$4704,$-0,$107,$-9,$98,$-6,$0,$0,$1,$-8,$90,$-54,$0,$0,$0,$2,$2,$-9,$-61,$0,$-7,$-7,$1,$1,$-51,$-1,$-57,$-28,$0,$-51
18,2014-03-31,12.02,$12.08,1.0,$3.67,3.27,$4.42,2.72,$0.18,66.76,$0.39B,$0.11B,3.63,$2.59B,$1.90B,1.37,$0.58B,$0.35B,60.17%,$0.58B,$0.12B,20.17%,$0.58B,$0.12B,20.17%,$0.58B,$0.33B,56.52%,$0.58B,$0.04B,6.78%,$0.58B,$0.03B,5.04%,$0.03B,$1.90B,1.51%,$0.03B,$1.77B,1.59%,$0.03B,$4.76B,0.62%,$0.12B,$4.49B,2.63%,$152,$62,$90,$0,$8,$123,$29,$-32,$-2,$0,$-2,$-2,$-4,$84,$29,$157,157,$-0.03,$-0.03,$236,$0,$0,$388,$3682,$0,$125,$442,$4372,$4760,$107,$2592,$166,$2758,$2865,$2,$-1098,$-4,$1895,$4760,$-2,$55,$-3,$52,$-6,$0,$0,$-8,$1,$50,$-50,$0,$0,$-1,$3,$2,$-1,$-48,$0,$-3,$-3,$0,$0,$-26,$-0,$-29,$-27,$0,$-26
19,2013-12-31,11.58,$12.26,0.94,$3.67,3.15,$5.37,2.16,$0.22,52.65,$0.41B,$0.08B,4.95,$2.60B,$1.92B,1.35,$0.56B,$0.34B,60.39%,$0.56B,$0.12B,20.43%,$0.56B,$0.12B,20.43%,$0.56B,$0.32B,57.19%,$0.56B,$0.04B,6.93%,$0.56B,$0.04B,6.22%,$0.04B,$1.92B,1.86%,$0.04B,$1.79B,1.94%,$0.04B,$4.77B,0.76%,$0.12B,$4.52B,2.66%,$139,$56,$83,$0,$7,$111,$28,$-7,$21,$0,$21,$21,$19,$78,$28,$153,154,$0.13,$0.13,$263,$0,$0,$414,$3685,$0,$132,$410,$4351,$4765,$84,$2595,$165,$2760,$2844,$2,$-1070,$-3,$1921,$4765,$43,$206,$-65,$141,$-4,$0,$0,$4,$-0,$183,$141,$0,$0,$0,$-9,$-9,$-27,$105,$-100,$-11,$-112,$184,$184,$-98,$-0,$-27,$262,$0,$-98
20,2013-09-30,10.71,$12.26,0.87,$3.72,2.88,$4.34,2.47,$-0.11,0.0,$0.33B,$0.09B,3.76,$2.38B,$1.92B,1.24,$0.56B,$0.34B,60.64%,$0.56B,$0.12B,20.75%,$0.56B,$0.12B,20.75%,$0.56B,$0.32B,57.96%,$0.56B,$-0.01B,-1.97%,$0.56B,$-0.02B,-2.68%,$-0.02B,$1.92B,-0.81%,$-0.02B,$1.87B,-0.84%,$-0.02B,$4.56B,-0.33%,$0.12B,$4.30B,2.73%,$143,$56,$87,$0,$6,$113,$30,$-19,$11,$0,$11,$11,$9,$82,$30,$157,158,$0.06,$0.06,$186,$0,$0,$334,$3634,$0,$54,$409,$4224,$4558,$89,$2377,$171,$2548,$2637,$2,$-1065,$-6,$1921,$4558,$22,$156,$-41,$115,$-0,$0,$0,$-6,$8,$145,$50,$0,$0,$0,$-10,$-10,$-23,$17,$-82,$-8,$-90,$184,$184,$-72,$-0,$21,$184,$0,$-72
21,2013-06-30,10.87,$12.35,0.88,$3.74,2.9,$4.56,2.38,$-0.07,0.0,$0.36B,$0.07B,5.1,$2.38B,$1.93B,1.23,$0.55B,$0.33B,60.44%,$0.55B,$0.11B,20.69%,$0.55B,$0.11B,20.69%,$0.55B,$0.32B,58.08%,$0.55B,$-0.02B,-2.90%,$0.55B,$-0.01B,-1.81%,$-0.01B,$1.93B,-0.54%,$-0.01B,$1.87B,-0.56%,$-0.01B,$4.57B,-0.22%,$0.11B,$4.31B,2.67%,$141,$55,$86,$0,$7,$112,$29,$-20,$9,$0,$9,$9,$5,$81,$29,$155,157,$0.03,$0.03,$216,$0,$0,$359,$3653,$0,$60,$375,$4207,$4566,$70,$2380,$182,$2562,$2632,$2,$-1051,$-5,$1934,$4566,$11,$104,$-25,$79,$2,$0,$0,$6,$6,$96,$74,$0,$0,$0,$8,$8,$-12,$69,$-87,$0,$-87,$183,$183,$-47,$-0,$49,$214,$0,$-47
22,2013-03-31,11.82,$12.24,0.97,$3.77,3.14,$4.49,2.63,$-0.09,0.0,$0.19B,$0.08B,2.33,$2.39B,$1.76B,1.36,$0.54B,$0.33B,60.52%,$0.54B,$0.11B,20.66%,$0.54B,$0.11B,20.66%,$0.54B,$0.32B,58.49%,$0.54B,$-0.03B,-5.72%,$0.54B,$-0.01B,-2.40%,$-0.01B,$1.76B,-0.71%,$-0.01B,$1.69B,-0.74%,$-0.01B,$4.43B,-0.28%,$0.11B,$4.15B,2.61%,$140,$55,$84,$0,$7,$111,$28,$-31,$-2,$0,$-2,$-2,$2,$81,$28,$144,144,$0.01,$0.01,$48,$0,$0,$190,$3656,$0,$66,$394,$4235,$4425,$82,$2394,$191,$2585,$2667,$1,$-1033,$-14,$1759,$4425,$4,$52,$-10,$42,$-1,$0,$0,$-5,$5,$50,$86,$0,$0,$0,$11,$11,$-7,$91,$-72,$0,$-72,$1,$1,$-23,$-0,$-94,$46,$0,$-23
23,2012-12-31,9.58,$12.36,0.78,$3.74,2.56,$4.28,2.24,$-0.05,0.0,$0.14B,$0.07B,2.01,$2.47B,$1.77B,1.39,$0.54B,$0.33B,60.71%,$0.54B,$0.11B,20.67%,$0.54B,$0.11B,20.67%,$0.54B,$0.32B,59.03%,$0.54B,$-0.04B,-6.89%,$0.54B,$-0.01B,-1.49%,$-0.01B,$1.77B,-0.43%,$-0.01B,$1.70B,-0.45%,$-0.01B,$4.51B,-0.17%,$0.11B,$4.24B,2.53%,$135,$53,$82,$0,$7,$106,$29,$-58,$-29,$0,$-29,$-29,$-31,$80,$29,$143,143,$-0.22,$-0.22,$2,$0,$0,$144,$3772,$0,$71,$398,$4363,$4507,$72,$2465,$196,$2662,$2733,$1,$-1013,$-16,$1774,$4507,$7,$206,$-46,$160,$0,$0,$0,$1,$-7,$159,$-6,$0,$0,$0,$-60,$-60,$-9,$-75,$45,$0,$45,$-9,$-21,$-96,$-11,$-83,$1,$0,$-96
24,2012-09-30,9.47,$13.14,0.72,$3.65,2.59,$4.40,2.15,$0.11,86.06,$0.38B,$0.08B,4.71,$2.51B,$1.88B,1.33,$0.52B,$0.31B,60.42%,$0.52B,$0.10B,19.31%,$0.52B,$0.10B,19.31%,$0.52B,$0.31B,60.04%,$0.52B,$-0.02B,-4.63%,$0.52B,$0.02B,3.28%,$0.02B,$1.88B,0.90%,$0.02B,$1.83B,0.93%,$0.02B,$4.67B,0.36%,$0.10B,$4.39B,2.27%,$135,$54,$81,$0,$6,$107,$28,$-22,$6,$0,$6,$6,$14,$78,$28,$143,144,$0.10,$0.10,$242,$0,$0,$380,$3735,$0,$53,$380,$4287,$4667,$81,$2507,$195,$2702,$2783,$1,$-957,$-20,$1884,$4667,$33,$155,$-62,$92,$2,$0,$0,$-14,$-3,$122,$88,$0,$0,$0,$-47,$-47,$2,$43,$110,$0,$110,$1,$47,$-72,$-9,$76,$241,$0,$-72
25,2012-06-30,9.47,$13.21,0.72,$3.73,2.54,$3.12,3.04,$0.04,236.65,$0.32B,$0.06B,5.59,$2.51B,$1.89B,1.33,$0.52B,$0.32B,60.54%,$0.52B,$0.10B,18.77%,$0.52B,$0.10B,18.77%,$0.52B,$0.32B,60.34%,$0.52B,$-0.03B,-4.79%,$0.52B,$0.01B,1.34%,$0.01B,$1.89B,0.37%,$0.01B,$1.84B,0.38%,$0.01B,$4.67B,0.15%,$0.10B,$4.40B,2.22%,$132,$51,$81,$0,$6,$105,$27,$-33,$-6,$0,$-6,$-6,$2,$78,$27,$143,143,$0.01,$0.01,$190,$0,$0,$322,$3742,$0,$58,$433,$4347,$4669,$58,$2510,$208,$2718,$2775,$1,$-949,$-16,$1894,$4669,$16,$104,$-40,$64,$4,$0,$0,$3,$-5,$76,$69,$0,$-9,$0,$-59,$-59,$9,$10,$120,$-6,$114,$0,$46,$-48,$-8,$104,$190,$0,$-48
26,2012-03-31,8.69,$13.11,0.66,$3.84,2.26,$2.14,4.07,$-0.03,0.0,$0.48B,$0.07B,6.55,$2.67B,$1.88B,1.43,$0.53B,$0.32B,60.49%,$0.53B,$0.09B,17.77%,$0.53B,$0.09B,17.77%,$0.53B,$0.32B,60.49%,$0.53B,$-0.03B,-5.86%,$0.53B,$-0.00B,-0.57%,$-0.00B,$1.88B,-0.16%,$-0.00B,$1.81B,-0.16%,$-0.00B,$4.83B,-0.06%,$0.09B,$4.55B,2.13%,$135,$53,$82,$0,$6,$107,$27,$-35,$-8,$0,$-8,$-8,$7,$81,$27,$143,143,$0.05,$0.05,$334,$0,$0,$477,$3833,$0,$64,$332,$4348,$4825,$73,$2674,$203,$2877,$2950,$1,$-929,$-6,$1875,$4825,$9,$53,$-20,$33,$1,$0,$0,$-5,$2,$44,$62,$0,$0,$-51,$-12,$-63,$-7,$-8,$280,$0,$280,$0,$0,$-24,$-9,$248,$284,$0,$-24
27,2011-12-31,7.08,$13.24,0.53,$3.97,1.78,$1.39,5.08,$-0.10,0.0,$0.14B,$0.07B,2.02,$2.39B,$1.89B,1.27,$0.54B,$0.32B,59.85%,$0.54B,$0.09B,17.47%,$0.54B,$0.09B,17.47%,$0.54B,$0.32B,59.48%,$0.54B,$-0.03B,-4.65%,$0.54B,$-0.01B,-2.42%,$-0.01B,$1.89B,-0.67%,$-0.01B,$1.82B,-0.70%,$-0.01B,$4.56B,-0.28%,$0.09B,$4.28B,2.15%,$116,$47,$69,$0,$6,$98,$18,$-34,$-16,$0,$-16,$-16,$-6,$74,$18,$135,135,$-0.05,$-0.05,$0,$0,$0,$141,$3927,$0,$71,$303,$4416,$4558,$70,$2394,$204,$2598,$2668,$1,$-915,$-6,$1890,$4558,$-5,$226,$-46,$179,$-1,$0,$0,$-4,$3,$177,$-16,$0,$0,$0,$4,$4,$-34,$-46,$-59,$0,$-59,$8,$8,$-90,$-7,$-147,$-16,$0,$-90
28,2011-09-30,5.85,$14.17,0.41,$4.05,1.45,$0.23,25.34,$-0.10,0.0,$0.15B,$0.09B,1.72,$2.49B,$1.92B,1.3,$0.54B,$0.32B,59.38%,$0.54B,$0.09B,17.10%,$0.54B,$0.09B,17.10%,$0.54B,$0.32B,59.19%,$0.54B,$-0.03B,-4.78%,$0.54B,$-0.01B,-2.57%,$-0.01B,$1.92B,-0.72%,$-0.01B,$1.84B,-0.75%,$-0.01B,$4.70B,-0.30%,$0.09B,$4.41B,2.11%,$139,$55,$84,$0,$6,$113,$26,$-21,$5,$0,$5,$5,$4,$82,$26,$136,137,$0.03,$0.03,$6,$0,$0,$148,$4060,$0,$82,$300,$4556,$4704,$86,$2492,$205,$2697,$2783,$1,$-887,$-2,$1921,$4704,$-0,$169,$-37,$132,$2,$0,$0,$0,$24,$156,$-133,$0,$0,$0,$0,$0,$-30,$-162,$279,$-219,$60,$9,$9,$-67,$-6,$-4,$-11,$0,$-67
29,2011-06-30,8.35,$14.28,0.58,$4.10,2.04,$-0.15,0.0,$-0.19,0.0,$0.14B,$0.06B,2.17,$2.47B,$1.94B,1.27,$0.55B,$0.32B,59.16%,$0.55B,$0.09B,17.22%,$0.55B,$0.09B,17.22%,$0.55B,$0.32B,58.97%,$0.55B,$-0.04B,-6.96%,$0.55B,$-0.03B,-4.95%,$-0.03B,$1.94B,-1.37%,$-0.03B,$1.86B,-1.44%,$-0.03B,$4.67B,-0.57%,$0.09B,$4.40B,2.12%,$139,$54,$85,$0,$6,$116,$23,$-35,$-12,$0,$-12,$-12,$-8,$83,$23,$135,135,$-0.06,$-0.06,$1,$0,$0,$137,$4049,$0,$78,$290,$4531,$4668,$63,$2466,$203,$2669,$2732,$1,$-871,$-2,$1936,$4668,$-7,$113,$-21,$91,$2,$0,$0,$6,$4,$88,$-84,$0,$0,$0,$2,$2,$-15,$-97,$34,$0,$34,$8,$8,$-45,$-5,$-7,$-16,$0,$-45
30,2011-03-31,8.64,$14.53,0.59,$4.10,2.11,$-0.00,0.0,$-0.19,0.0,$0.14B,$0.08B,1.68,$2.44B,$1.96B,1.25,$0.54B,$0.32B,59.23%,$0.54B,$0.10B,17.71%,$0.54B,$0.10B,17.71%,$0.54B,$0.31B,57.93%,$0.54B,$-0.03B,-5.90%,$0.54B,$-0.03B,-4.98%,$-0.03B,$1.96B,-1.37%,$-0.03B,$1.87B,-1.45%,$-0.03B,$4.69B,-0.57%,$0.10B,$4.40B,2.17%,$144,$60,$84,$0,$6,$117,$27,$-29,$-2,$0,$-2,$-2,$-3,$81,$27,$135,135,$-0.02,$-0.02,$0,$0,$0,$137,$4051,$0,$92,$299,$4549,$4687,$82,$2441,$207,$2647,$2729,$1,$-842,$-3,$1958,$4687,$-0,$53,$-11,$43,$-2,$0,$0,$0,$11,$54,$-53,$0,$0,$0,$0,$0,$-5,$-58,$10,$0,$10,$2,$2,$-22,$-2,$-12,$-16,$0,$-22
31,2010-12-31,8.19,$14.71,0.56,$4.13,1.99,$-0.02,0.0,$-0.19,0.0,$0.15B,$0.07B,2.03,$2.43B,$1.98B,1.23,$0.54B,$0.32B,59.37%,$0.54B,$0.09B,17.44%,$0.54B,$0.09B,17.44%,$0.54B,$0.31B,57.70%,$0.54B,$-0.04B,-6.86%,$0.54B,$-0.03B,-4.82%,$-0.03B,$1.98B,-1.33%,$-0.03B,$1.88B,-1.40%,$-0.03B,$4.69B,-0.55%,$0.09B,$4.41B,2.13%,$122,$52,$70,$0,$5,$105,$17,$-34,$-17,$0,$-17,$-17,$-7,$76,$17,$132,132,$-0.05,$-0.05,$17,$0,$0,$146,$4058,$0,$97,$282,$4544,$4690,$72,$2430,$210,$2640,$2713,$1,$-818,$-2,$1978,$4690,$-18,$219,$-6,$213,$-4,$0,$0,$2,$-10,$185,$-182,$0,$0,$0,$-4,$-4,$13,$-172,$-237,$256,$19,$71,$71,$-87,$-1,$2,$15,$0,$-87
32,2010-09-30,8.51,$14.91,0.57,$4.37,1.94,$0.93,9.19,$-0.19,0.0,$0.24B,$0.09B,2.55,$2.53B,$2.00B,1.26,$0.55B,$0.33B,59.64%,$0.55B,$0.10B,18.36%,$0.55B,$0.10B,18.36%,$0.55B,$0.31B,56.91%,$0.55B,$-0.03B,-5.27%,$0.55B,$-0.03B,-4.55%,$-0.03B,$2.00B,-1.29%,$-0.03B,$1.89B,-1.36%,$-0.03B,$4.82B,-0.53%,$0.10B,$4.52B,2.30%,$141,$57,$84,$0,$6,$115,$27,$-34,$-7,$0,$-7,$-7,$-9,$82,$27,$132,132,$-0.06,$-0.06,$104,$0,$0,$235,$4066,$0,$108,$315,$4589,$4824,$92,$2525,$209,$2734,$2826,$1,$-791,$-3,$1998,$4824,$-13,$159,$4,$164,$-2,$0,$0,$-11,$-1,$150,$-178,$0,$0,$0,$1,$1,$17,$-159,$-136,$247,$111,$66,$66,$-65,$-0,$112,$102,$0,$-65
33,2010-06-30,7.36,$14.55,0.51,$4.43,1.66,$1.40,5.24,$-0.09,0.0,$0.17B,$0.08B,2.12,$2.41B,$1.92B,1.26,$0.56B,$0.33B,60.18%,$0.56B,$0.11B,19.46%,$0.56B,$0.11B,19.46%,$0.56B,$0.32B,57.66%,$0.56B,$-0.02B,-2.88%,$0.56B,$-0.01B,-1.98%,$-0.01B,$1.92B,-0.57%,$-0.01B,$1.83B,-0.60%,$-0.01B,$4.62B,-0.24%,$0.11B,$4.33B,2.47%,$135,$53,$83,$0,$7,$111,$25,$-31,$-6,$0,$-6,$-6,$-8,$75,$25,$132,132,$-0.06,$-0.06,$0,$0,$0,$168,$3694,$0,$88,$565,$4449,$4617,$79,$2410,$207,$2617,$2696,$1,$-762,$-5,$1921,$4617,$-6,$104,$12,$116,$0,$0,$0,$0,$-7,$103,$-79,$0,$0,$0,$1,$1,$-22,$-100,$3,$-4,$-1,$41,$41,$-43,$-1,$-4,$-1,$0,$-43
34,2010-03-31,8.36,$14.77,0.57,$4.78,1.75,$1.65,5.08,$0.00,0.0,$0.17B,$0.10B,1.78,$2.43B,$1.92B,1.27,$0.56B,$0.34B,60.14%,$0.56B,$0.11B,19.93%,$0.56B,$0.11B,19.93%,$0.56B,$0.33B,58.54%,$0.56B,$-0.00B,-0.71%,$0.56B,$0.00B,0.18%,$0.00B,$1.92B,0.05%,$0.00B,$1.83B,0.05%,$0.00B,$4.64B,0.02%,$0.11B,$4.35B,2.54%,$141,$59,$83,$0,$6,$117,$25,$-32,$-7,$0,$-7,$-7,$-2,$78,$25,$129,129,$-0.02,$-0.02,$8,$0,$0,$170,$3720,$0,$95,$546,$4465,$4635,$96,$2431,$189,$2620,$2715,$1,$-734,$-7,$1920,$4635,$-0,$54,$-16,$38,$-1,$0,$0,$-3,$2,$40,$-42,$0,$0,$0,$0,$0,$-6,$-47,$19,$0,$19,$16,$16,$-21,$-0,$13,$6,$0,$-21
35,2009-12-31,7.61,$14.94,0.51,$5.35,1.42,$2.14,3.56,$-0.01,0.0,$0.16B,$0.09B,1.79,$2.46B,$1.92B,1.28,$0.57B,$0.34B,60.04%,$0.57B,$0.12B,20.60%,$0.57B,$0.12B,20.60%,$0.57B,$0.34B,58.98%,$0.57B,$0.00B,0.70%,$0.57B,0,0.00%,$0.00B,$1.92B,0.00%,$0.00B,$1.82B,0.00%,$0.00B,$4.66B,0.00%,$0.12B,$4.38B,2.64%,$133,$56,$78,$0,$5,$109,$24,$-33,$-9,$0,$-9,$-9,$-6,$78,$24,$112,113,$-0.04,$-0.04,$2,$0,$0,$159,$3796,$0,$105,$498,$4505,$4664,$89,$2455,$199,$2653,$2742,$1,$-712,$-9,$1922,$4664,$8,$218,$-3,$216,$4,$0,$0,$-3,$-3,$220,$-111,$0,$0,$0,$-2,$-2,$10,$-103,$-412,$150,$-262,$242,$242,$-69,$-31,$-120,$-2,$0,$-69
36,2009-09-30,7.3,$15.13,0.48,$5.69,1.28,$6.39,1.14,$0.21,34.76,$0.15B,$0.10B,1.5,$2.51B,$1.95B,1.29,$0.57B,$0.34B,60.46%,$0.57B,$0.11B,19.51%,$0.57B,$0.11B,19.51%,$0.57B,$0.33B,58.00%,$0.57B,$0.01B,2.46%,$0.57B,$0.02B,3.16%,$0.02B,$1.95B,0.98%,$0.02B,$1.83B,1.06%,$0.02B,$4.72B,0.38%,$0.11B,$4.46B,2.50%,$146,$56,$90,$0,$5,$112,$34,$-28,$6,$0,$6,$6,$5,$89,$34,$129,130,$0.04,$0.04,$3,$0,$0,$145,$3818,$0,$114,$535,$4576,$4721,$97,$2510,$169,$2679,$2775,$1,$-686,$-10,$1946,$4721,$12,$165,$-24,$140,$4,$0,$0,$-11,$11,$163,$-129,$0,$0,$0,$-3,$-3,$13,$-119,$-276,$68,$-208,$242,$242,$-54,$-26,$-45,$-1,$0,$-54
37,2009-06-30,4.93,$15.18,0.32,$6.22,0.79,$7.30,0.67,$0.18,27.37,$0.15B,$0.09B,1.73,$2.49B,$1.95B,1.27,$0.57B,$0.34B,60.49%,$0.57B,$0.11B,19.22%,$0.57B,$0.11B,19.22%,$0.57B,$0.33B,57.50%,$0.57B,$0.00B,0.71%,$0.57B,$0.01B,2.12%,$0.01B,$1.95B,0.68%,$0.01B,$1.83B,0.74%,$0.01B,$4.69B,0.25%,$0.11B,$4.44B,2.40%,$142,$55,$87,$0,$6,$113,$29,$-23,$6,$0,$6,$6,$4,$84,$29,$102,103,$0.03,$0.03,$4,$0,$0,$148,$3896,$0,$124,$418,$4539,$4688,$85,$2485,$166,$2650,$2736,$1,$-678,$-11,$1952,$4688,$5,$109,$-17,$92,$3,$0,$0,$2,$8,$105,$-61,$0,$0,$0,$-4,$-4,$17,$-48,$-254,$16,$-238,$242,$242,$-39,$-23,$-57,$0,$0,$-39
38,2009-03-31,1.8,$19.52,0.09,$6.56,0.27,$7.66,0.23,$0.23,7.82,$0.15B,$0.09B,1.67,$2.71B,$1.72B,1.58,$0.58B,$0.35B,60.59%,$0.58B,$0.12B,19.97%,$0.58B,$0.12B,19.97%,$0.58B,$0.34B,58.51%,$0.58B,$-0.00B,-0.35%,$0.58B,$0.01B,2.43%,$0.01B,$1.72B,0.82%,$0.01B,$1.59B,0.90%,$0.01B,$4.69B,0.28%,$0.12B,$4.43B,2.48%,$147,$60,$86,$0,$5,$117,$30,$-29,$1,$0,$1,$1,$-3,$84,$30,$88,88,$-0.03,$-0.03,$4,$0,$0,$149,$3923,$0,$135,$398,$4539,$4688,$89,$2711,$166,$2877,$2966,$1,$-665,$-7,$1722,$4688,$-1,$54,$-3,$52,$1,$0,$0,$-4,$13,$64,$-22,$0,$0,$0,$-14,$-14,$26,$-10,$-21,$-3,$-24,$0,$0,$-29,$0,$-54,$0,$0,$-29
39,2008-12-31,4.67,$19.54,0.24,$6.64,0.7,$7.88,0.59,$0.41,11.39,$0.19B,$0.08B,2.34,$2.74B,$1.72B,1.59,$0.58B,$0.36B,61.45%,$0.58B,$0.12B,21.00%,$0.58B,$0.12B,21.00%,$0.58B,$0.35B,59.72%,$0.58B,0,0.00%,$0.58B,$0.03B,4.82%,$0.03B,$1.72B,1.64%,$0.03B,$1.58B,1.82%,$0.03B,$4.74B,0.55%,$0.12B,$4.46B,2.58%,$134,$53,$81,$0,$5,$115,$18,$-18,$1,$0,$1,$1,$12,$73,$18,$88,88,$0.14,$0.14,$35,$0,$0,$186,$3969,$0,$146,$353,$4556,$4743,$79,$2741,$199,$2941,$3020,$1,$-652,$-17,$1722,$4743,$39,$224,$-23,$202,$-2,$0,$0,$-7,$-6,$234,$224,$0,$0,$0,$1,$1,$-61,$164,$-230,$0,$-230,$0,$0,$-163,$-7,$-400,$-2,$0,$-163
40,2008-09-30,9.43,$19.10,0.49,$6.54,1.44,$6.56,1.44,$0.60,15.72,$0.10B,$0.10B,0.99,$3.14B,$1.67B,1.88,$0.57B,$0.35B,61.89%,$0.57B,$0.13B,22.38%,$0.57B,$0.13B,22.38%,$0.57B,$0.36B,63.46%,$0.57B,$0.02B,3.32%,$0.57B,$0.04B,7.52%,$0.04B,$1.67B,2.52%,$0.04B,$1.51B,2.82%,$0.04B,$5.15B,0.83%,$0.13B,$4.81B,2.65%,$144,$55,$89,$0,$7,$112,$32,$-36,$-4,$0,$-4,$-4,$-1,$85,$32,$88,88,$-0.01,$-0.01,$3,$0,$0,$98,$3858,$0,$156,$958,$5055,$5153,$99,$3137,$181,$3383,$3483,$1,$-625,$-3,$1670,$5153,$24,$170,$-29,$141,$7,$0,$0,$-16,$16,$180,$-77,$0,$0,$0,$1,$1,$-7,$-83,$49,$-22,$27,$0,$0,$0,$-127,$-100,$-3,$0,$0
41,2008-06-30,9.02,$19.43,0.46,$6.77,1.33,$7.00,1.29,$0.59,15.29,$0.10B,$0.07B,1.52,$3.13B,$1.70B,1.84,$0.59B,$0.37B,62.10%,$0.59B,$0.13B,22.67%,$0.59B,$0.13B,22.67%,$0.59B,$0.38B,63.62%,$0.59B,$0.02B,3.72%,$0.59B,$0.04B,7.45%,$0.04B,$1.70B,2.54%,$0.04B,$1.54B,2.89%,$0.04B,$5.15B,0.84%,$0.13B,$4.83B,2.75%,$151,$58,$93,$0,$6,$115,$35,$-36,$-0,$0,$-0,$-0,$6,$95,$35,$87,88,$0.06,$0.06,$5,$0,$0,$103,$3883,$0,$167,$912,$5047,$5151,$68,$3131,$182,$3379,$3447,$1,$-586,$-1,$1704,$5151,$22,$116,$-27,$89,$3,$0,$0,$-2,$-6,$105,$-36,$0,$0,$0,$1,$1,$-5,$-40,$38,$-19,$19,$0,$0,$-84,$-0,$-66,$-1,$0,$-84
42,2008-03-31,9.46,$19.68,0.48,$6.80,1.39,$8.38,1.13,$0.50,18.93,$0.11B,$0.11B,0.94,$3.08B,$1.72B,1.8,$0.59B,$0.37B,61.99%,$0.59B,$0.13B,22.30%,$0.59B,$0.13B,22.30%,$0.59B,$0.37B,62.84%,$0.59B,$0.02B,3.38%,$0.59B,$0.04B,6.25%,$0.04B,$1.72B,2.11%,$0.04B,$1.51B,2.42%,$0.04B,$5.20B,0.70%,$0.13B,$4.80B,2.69%,$152,$59,$94,$0,$5,$115,$37,$-35,$3,$0,$3,$3,$11,$94,$37,$87,87,$0.13,$0.13,$4,$0,$0,$106,$4227,$0,$205,$575,$5095,$5201,$113,$3081,$210,$3372,$3485,$1,$-548,$-6,$1716,$5201,$14,$56,$-17,$40,$4,$0,$0,$-5,$20,$73,$-13,$0,$0,$0,$-0,$-0,$-4,$-17,$-14,$-4,$-17,$0,$0,$-42,$2,$-58,$-2,$0,$-42
43,2007-12-31,9.76,$20.08,0.49,$6.90,1.42,$8.72,1.12,$0.55,17.74,$0.12B,$0.08B,1.52,$3.10B,$1.75B,1.78,$0.61B,$0.37B,61.82%,$0.61B,$0.13B,20.99%,$0.61B,$0.13B,20.99%,$0.61B,$0.38B,62.15%,$0.61B,$0.01B,1.49%,$0.61B,$0.04B,7.11%,$0.04B,$1.75B,2.41%,$0.04B,$1.53B,2.77%,$0.04B,$5.21B,0.80%,$0.13B,$4.85B,2.55%,$125,$47,$78,$0,$6,$100,$24,$-5,$20,$0,$20,$19,$27,$89,$24,$87,87,$0.31,$0.32,$6,$0,$0,$117,$4255,$0,$218,$537,$5097,$5214,$77,$3101,$205,$3390,$3467,$1,$-523,$-2,$1747,$5214,$55,$248,$-92,$157,$6,$0,$0,$18,$13,$225,$116,$0,$-64,$0,$3,$3,$-16,$39,$-51,$0,$-51,$-53,$-53,$-172,$-7,$-284,$-20,$0,$-172
44,2007-09-30,13.54,$20.18,0.67,$6.71,2.02,$6.06,2.23,$0.44,30.76,$0.12B,$0.11B,1.05,$3.27B,$1.75B,1.87,$0.59B,$0.36B,61.49%,$0.59B,$0.13B,21.62%,$0.59B,$0.13B,21.62%,$0.59B,$0.38B,63.34%,$0.59B,$-0.01B,-2.36%,$0.59B,$0.04B,6.25%,$0.04B,$1.75B,2.03%,$0.04B,$1.52B,2.35%,$0.04B,$5.41B,0.68%,$0.13B,$5.02B,2.54%,$163,$61,$102,$0,$7,$125,$38,$-38,$-1,$0,$-1,$-0,$0,$98,$38,$87,87,$0.00,$0.00,$18,$0,$0,$117,$4413,$0,$233,$558,$5289,$5406,$111,$3269,$192,$3542,$3654,$1,$-515,$-3,$1752,$5406,$23,$184,$-44,$140,$5,$0,$0,$-5,$27,$189,$-48,$0,$-64,$0,$2,$2,$-14,$-124,$383,$-266,$116,$-53,$-53,$-130,$-7,$-73,$-8,$0,$-130
45,2007-06-30,15.05,$20.69,0.73,$6.64,2.27,$5.80,2.6,$0.42,35.84,$0.12B,$0.08B,1.55,$3.18B,$1.80B,1.76,$0.59B,$0.36B,61.25%,$0.59B,$0.12B,20.98%,$0.59B,$0.12B,20.98%,$0.59B,$0.38B,64.13%,$0.59B,$-0.02B,-3.21%,$0.59B,$0.04B,6.09%,$0.04B,$1.80B,1.92%,$0.04B,$1.56B,2.24%,$0.04B,$5.33B,0.66%,$0.12B,$4.98B,2.47%,$152,$59,$93,$0,$7,$120,$33,$-34,$-2,$0,$-2,$-2,$-1,$91,$33,$87,87,$-0.01,$-0.01,$29,$0,$0,$123,$4308,$0,$239,$575,$5205,$5328,$79,$3175,$187,$3448,$3527,$1,$-477,$1,$1801,$5328,$20,$123,$-39,$85,$4,$0,$0,$-3,$-5,$100,$89,$0,$-64,$0,$2,$2,$-11,$15,$150,$-127,$23,$-47,$-47,$-85,$-3,$-112,$3,$0,$-85
46,2007-03-31,17.36,$21.12,0.82,$6.56,2.65,$4.91,3.54,$0.28,62.01,$0.10B,$0.10B,0.91,$3.21B,$1.84B,1.74,$0.59B,$0.36B,61.80%,$0.59B,$0.11B,19.35%,$0.59B,$0.11B,19.35%,$0.59B,$0.38B,65.20%,$0.59B,$-0.03B,-5.26%,$0.59B,$0.02B,3.90%,$0.02B,$1.84B,1.19%,$0.02B,$1.60B,1.41%,$0.02B,$5.44B,0.41%,$0.11B,$5.05B,2.27%,$165,$63,$101,$0,$7,$133,$32,$-40,$-8,$0,$-8,$-8,$17,$98,$32,$88,89,$0.20,$0.19,$4,$0,$0,$95,$4252,$0,$248,$764,$5341,$5435,$104,$3206,$194,$3488,$3592,$1,$-437,$2,$1844,$5435,$19,$65,$-32,$34,$5,$0,$0,$-15,$-3,$51,$41,$0,$-64,$0,$1,$1,$-9,$-31,$44,$-5,$39,$-39,$-39,$-42,$-0,$-41,$-21,$0,$-42
47,2006-12-31,17.05,$21.49,0.79,$6.31,2.7,$5.27,3.24,$0.03,568.34,$0.12B,$0.11B,1.08,$3.17B,$1.90B,1.67,$0.57B,$0.35B,61.97%,$0.57B,$0.11B,19.54%,$0.57B,$0.11B,19.54%,$0.57B,$0.37B,65.85%,$0.57B,$-0.03B,-5.46%,$0.57B,$0.00B,0.18%,$0.00B,$1.90B,0.05%,$0.00B,$1.62B,0.06%,$0.00B,$5.51B,0.02%,$0.11B,$5.07B,2.20%,$112,$44,$68,$0,$8,$87,$25,$-28,$-3,$0,$-3,$-3,$21,$88,$25,$90,90,$0.25,$0.25,$25,$0,$0,$117,$4412,$0,$281,$626,$5392,$5509,$108,$3173,$206,$3503,$3611,$1,$-416,$2,$1898,$5509,$10,$264,$-63,$201,$1,$0,$0,$27,$28,$238,$-126,$0,$-936,$182,$3,$185,$-35,$-913,$950,$21,$970,$-83,$-83,$-184,$-11,$693,$18,$0,$-184
