,Date,Stock Price,Book Value per Share,Price to Book Ratio,TTM Sales per Share,Price to Sales Ratio,TTM FCF per Share,Price to FCF Ratio,TTM Net EPS,PE Ratio,Current Assets,Current Liabilities,Current Ratio,Long Term Debt,Shareholder's Equity_x,Debt to Equity Ratio,TTM Revenue_x,TTM Gross Profit,Gross Margin,TTM Revenue_y,TTM Operating Income,Operating Margin,TTM Revenue_x,TTM EBIT,EBIT Margin,TTM Revenue_y,TTM EBITDA,EBITDA Margin,TTM Revenue_x,TTM Pre-Tax Income,Pre-Tax Margin,TTM Revenue_y,TTM Net Income_x,Net Margin,TTM Net Income_y,Shareholder's Equity_y,Return on Equity,TTM Net Income_x,Tangible Equity,Return on Tangible Equity,TTM Net Income_y,Total Assets,Return on Assets,TTM Net Income,LT Investments & Debt,Return on Investment,revenue,cost-goods-sold,gross-profit,research-development-expenses,selling-general-administrative-expenses,operating-expenses,operating-income,total-non-operating-income-expense,pre-tax-income,total-provision-income-taxes,income-after-taxes,income-from-continuous-operations,net-income,ebitda,ebit,basic-shares-outstanding,shares-outstanding,eps-basic-net-earnings-per-share,eps-earnings-per-share-diluted,cash-on-hand,inventory,other-current-assets,total-current-assets,net-property-plant-equipment,long-term-investments,goodwill-intangible-assets-total,other-long-term-assets,total-long-term-assets,total-assets,total-current-liabilities,long-term-debt,other-non-current-liabilities,total-long-term-liabilities,total-liabilities,common-stock-net,retained-earnings-accumulated-deficit,comprehensive-income,total-share-holder-equity,total-liabilities-share-holders-equity,net-income-loss,total-depreciation-amortization-cash-flow,other-non-cash-items,total-non-cash-items,change-in-accounts-receivable,change-in-inventories,change-in-accounts-payable,change-in-assets-liabilities,total-change-in-assets-liabilities,cash-flow-from-operating-activities,net-change-in-property-plant-equipment,net-change-in-intangible-assets,net-acquisitions-divestitures,net-change-in-short-term-investments,net-change-in-long-term-investments,net-change-in-investments-total,investing-activities-other,cash-flow-from-investing-activities,net-long-term-debt,net-current-debt,debt-issuance-retirement-net-total,net-common-equity-issued-repurchased,net-total-equity-issued-repurchased,total-common-preferred-stock-dividends-paid,financial-activities-other,cash-flow-from-financial-activities,net-cash-flow,stock-based-compensation,common-stock-dividends-paid
0,2018-09-30,261.0,$78.27,3.33,$61.44,4.25,$13.95,18.71,$0.44,593.18,$7.41B,$7.22B,1.03,$18.89B,$20.99B,0.9,$15.98B,$7.26B,45.44%,$15.98B,$1.50B,9.37%,$15.98B,$1.50B,9.37%,$15.98B,$3.48B,21.74%,$15.98B,$1.17B,7.34%,$15.98B,$0.16B,0.99%,$0.16B,$20.99B,0.75%,$0.16B,$-19.05B,-0.82%,$0.16B,$53.90B,0.29%,$1.50B,$39.89B,3.55%,$4403,$2310,$2093,$277,$1103,$3830,$573,$-155,$415,$550,$-135,$-135,$-173,$1139,$573,$258,265,$-0.51,$-0.48,$1253,$2451,$137,$7411,$5375,$0,$40041,$1078,$46494,$53904,$7216,$18894,$0,$25693,$32910,$347,$12596,$-1909,$20994,$53904,$311,$1978,$-406,$1572,$-170,$246,$867,$-46,$897,$2865,$-895,$0,$-14747,$11,$0,$11,$-198,$-15829,$1090,$0,$1090,$0,$0,$-927,$-220,$-58,$-13039,$322,$-927
1,2018-06-30,239.56,$79.82,3.0,$58.96,4.06,$14.66,16.34,$2.32,103.26,$7.53B,$6.11B,1.23,$20.35B,$21.36B,0.95,$14.75B,$6.72B,45.60%,$14.75B,$1.37B,9.30%,$14.75B,$1.37B,9.30%,$14.75B,$3.07B,20.82%,$14.75B,$1.08B,7.35%,$14.75B,$0.62B,4.21%,$0.62B,$21.36B,3.24%,$0.62B,$-18.79B,-4.23%,$0.62B,$53.98B,1.23%,$1.37B,$41.71B,3.42%,$4278,$2262,$2016,$277,$1081,$3766,$512,$134,$647,$53,$594,$594,$556,$1080,$512,$268,274,$2.08,$2.03,$1524,$2562,$0,$7525,$5321,$0,$40147,$984,$46452,$53977,$6106,$20350,$0,$26513,$32620,$347,$12971,$-1902,$21357,$53977,$446,$1412,$-684,$728,$0,$0,$0,$430,$430,$1559,$-588,$0,$-14577,$13,$0,$13,$-145,$-15298,$1612,$200,$1812,$0,$0,$-687,$-176,$949,$-12795,$261,$-687
2,2018-03-31,216.0,$79.16,2.73,$57.09,3.78,$15.45,13.98,$-0.46,0.0,$7.51B,$4.43B,1.7,$22.59B,$21.15B,1.07,$13.50B,$6.21B,45.99%,$13.50B,$0.64B,4.71%,$13.50B,$0.64B,4.71%,$13.50B,$2.05B,15.14%,$13.50B,$0.03B,0.24%,$13.50B,$-0.10B,-0.74%,$-0.10B,$21.15B,-0.59%,$-0.10B,$-19.34B,0.98%,$-0.10B,$54.57B,-0.22%,$0.64B,$43.74B,1.70%,$4222,$2619,$1603,$260,$1057,$4040,$182,$-177,$6,$18,$-12,$-12,$-50,$735,$182,$267,267,$-0.19,$-0.19,$1434,$2543,$0,$7512,$5411,$0,$40491,$1159,$47061,$54573,$4426,$22589,$0,$28994,$33421,$347,$12616,$-1704,$21152,$54573,$-148,$844,$-209,$635,$0,$0,$0,$702,$702,$1017,$-391,$0,$-15018,$7,$0,$7,$-138,$-15540,$1789,$380,$2169,$0,$0,$-449,$-155,$1565,$-12929,$207,$-449
3,2017-12-31,212.65,$79.80,2.66,$54.93,3.87,$16.63,12.79,$1.31,162.33,$7.54B,$4.90B,1.54,$22.10B,$21.25B,1.04,$12.25B,$6.04B,49.30%,$12.25B,$0.90B,7.34%,$12.25B,$0.90B,7.34%,$12.25B,$2.02B,16.46%,$12.25B,$0.39B,3.18%,$12.25B,$0.29B,2.40%,$0.29B,$21.25B,2.15%,$0.29B,$-20.13B,-4.35%,$0.29B,$55.36B,0.76%,$0.90B,$43.34B,2.92%,$3080,$1530,$1550,$192,$774,$2850,$230,$-125,$105,$241,$-136,$-136,$-174,$521,$230,$230,230,$-0.76,$-0.76,$1321,$2967,$0,$7542,$5262,$0,$41375,$1184,$47821,$55363,$4895,$22095,$0,$29220,$34116,$347,$12765,$-1740,$21247,$55363,$-136,$291,$-246,$45,$0,$0,$0,$409,$409,$320,$-178,$0,$-15013,$-63,$0,$-63,$-62,$-15315,$2250,$0,$2250,$0,$0,$-210,$-101,$1938,$-13055,$179,$-210
4,2017-09-30,193.99,$56.80,3.42,$54.96,3.53,$16.94,11.45,$4.65,41.72,$18.63B,$3.34B,5.58,$18.67B,$12.95B,1.44,$12.09B,$5.94B,49.14%,$12.09B,$1.48B,12.23%,$12.09B,$1.48B,12.23%,$12.09B,$2.57B,21.23%,$12.09B,$0.98B,8.07%,$12.09B,$1.03B,8.52%,$1.03B,$12.95B,10.03%,$1.03B,$-0.51B,-32.15%,$1.03B,$37.73B,3.34%,$1.48B,$31.62B,6.13%,$3167,$1612,$1555,$219,$773,$2719,$448,$-118,$326,$-2,$328,$328,$289,$734,$448,$219,224,$1.20,$1.19,$14200,$1818,$0,$18633,$4638,$0,$13456,$1007,$19101,$37734,$3342,$18667,$0,$21444,$24786,$347,$13111,$-1723,$12948,$37734,$1100,$1088,$847,$1935,$-93,$-46,$134,$-366,$-371,$2550,$-727,$0,$-9,$13,$0,$13,$-161,$-883,$7482,$-200,$7282,$4607,$4607,$-677,$-234,$10977,$12638,$174,$-677
5,2017-06-30,192.46,$55.31,3.48,$55.65,3.46,$17.37,11.08,$3.50,54.99,$18.21B,$3.27B,5.56,$18.56B,$12.58B,1.48,$12.16B,$5.94B,48.86%,$12.16B,$1.13B,9.28%,$12.16B,$1.13B,9.28%,$12.16B,$2.20B,18.12%,$12.16B,$0.66B,5.43%,$12.16B,$0.76B,6.25%,$0.76B,$12.59B,8.50%,$0.76B,$-0.91B,-16.55%,$0.76B,$37.17B,2.73%,$1.13B,$31.15B,5.44%,$3035,$1532,$1503,$186,$719,$3259,$-224,$-181,$-404,$-271,$-133,$-133,$-165,$55,$-224,$221,221,$-0.75,$-0.75,$13904,$1829,$0,$18212,$4410,$43,$13501,$938,$18953,$37166,$3273,$18563,$0,$21306,$24579,$347,$12989,$-1923,$12587,$37166,$773,$802,$656,$1458,$0,$0,$0,$-665,$-665,$1424,$-467,$0,$7,$17,$0,$17,$-94,$-536,$7482,$50,$7532,$4607,$4607,$-478,$-229,$11433,$12310,$138,$-478
6,2017-03-31,180.26,$37.33,4.83,$56.62,3.18,$19.70,9.15,$6.05,29.8,$4.89B,$4.02B,1.22,$9.08B,$7.96B,1.14,$12.32B,$5.98B,48.57%,$12.32B,$1.87B,15.16%,$12.32B,$1.87B,15.16%,$12.32B,$2.94B,23.83%,$12.32B,$1.49B,12.06%,$12.32B,$1.32B,10.67%,$1.32B,$7.96B,16.85%,$1.32B,$-5.48B,-22.62%,$1.32B,$24.12B,5.26%,$1.87B,$17.05B,10.61%,$2969,$1537,$1432,$187,$724,$2524,$445,$-84,$362,$18,$344,$344,$344,$706,$445,$214,218,$1.61,$1.58,$911,$1747,$0,$4891,$3941,$817,$13446,$948,$19229,$24121,$4018,$9082,$0,$12140,$16158,$333,$13321,$-2009,$7963,$24121,$905,$523,$159,$682,$0,$0,$0,$-474,$-474,$1040,$-272,$0,$125,$26,$0,$26,$-34,$-155,$-1135,$-50,$-1185,$-220,$-220,$-312,$-144,$-1861,$-993,$99,$-312
7,2016-12-31,162.04,$35.63,4.55,$57.15,2.84,$19.70,8.23,$6.03,26.87,$5.19B,$4.57B,1.14,$9.04B,$7.58B,1.19,$12.42B,$6.04B,48.59%,$12.42B,$1.89B,15.20%,$12.42B,$1.89B,15.20%,$12.42B,$2.98B,23.96%,$12.42B,$1.50B,12.08%,$12.42B,$1.31B,10.54%,$1.31B,$7.58B,16.94%,$1.31B,$-5.91B,-21.74%,$1.31B,$24.32B,5.13%,$1.89B,$16.63B,10.50%,$2922,$1470,$1452,$182,$709,$2112,$810,$-119,$692,$131,$561,$561,$562,$1072,$810,$213,218,$2.64,$2.58,$1283,$1692,$50,$5187,$3827,$816,$13492,$927,$19130,$24318,$4570,$9043,$0,$12164,$16735,$333,$13133,$-2162,$7583,$24318,$562,$262,$134,$396,$0,$0,$0,$-506,$-506,$315,$-112,$0,$167,$16,$0,$16,$-23,$48,$-1135,$700,$-435,$-220,$-220,$-156,$-144,$-955,$-622,$88,$-156
8,2016-09-30,175.14,$35.79,4.89,$57.54,3.04,$20.28,8.63,$4.51,38.83,$6.37B,$4.40B,1.45,$10.55B,$7.63B,1.38,$12.48B,$5.99B,47.99%,$12.48B,$1.43B,11.46%,$12.48B,$1.43B,11.46%,$12.48B,$2.54B,20.38%,$12.48B,$1.07B,8.60%,$12.48B,$0.98B,7.82%,$0.98B,$7.63B,12.78%,$0.98B,$-6.07B,-15.50%,$0.98B,$25.59B,3.76%,$1.43B,$18.18B,7.79%,$3232,$1679,$1553,$252,$797,$3135,$97,$-88,$10,$-10,$20,$20,$19,$370,$97,$213,218,$0.09,$0.07,$1907,$1719,$642,$6367,$3901,$796,$13700,$824,$19221,$25586,$4400,$10550,$0,$13553,$17953,$333,$12727,$-1929,$7633,$25586,$976,$1114,$-262,$852,$-128,$69,$368,$90,$399,$2559,$-693,$0,$158,$-1,$0,$-1,$-133,$-669,$-752,$-500,$-1252,$0,$0,$-562,$54,$-1761,$117,$196,$-562
9,2016-06-30,164.65,$37.73,4.36,$57.43,2.87,$17.17,9.59,$5.26,31.3,$6.53B,$4.22B,1.55,$10.56B,$8.03B,1.32,$12.31B,$5.87B,47.66%,$12.31B,$1.63B,13.22%,$12.31B,$1.63B,13.22%,$12.31B,$2.78B,22.61%,$12.31B,$1.25B,10.19%,$12.31B,$1.14B,9.24%,$1.14B,$8.03B,15.13%,$1.14B,$-5.80B,-17.16%,$1.14B,$26.02B,4.34%,$1.63B,$18.59B,8.83%,$3198,$1651,$1547,$207,$728,$2682,$516,$-93,$422,$32,$390,$390,$390,$788,$516,$213,217,$1.83,$1.80,$2046,$1835,$625,$6534,$3813,$785,$13831,$712,$19481,$26016,$4219,$10561,$0,$13765,$17983,$333,$12850,$-1605,$8033,$26016,$958,$841,$71,$912,$0,$0,$0,$-49,$-49,$1854,$-405,$0,$158,$12,$0,$12,$-83,$-318,$-751,$-150,$-901,$0,$0,$-421,$46,$-1276,$262,$158,$-421
10,2016-03-31,146.82,$36.13,4.06,$57.23,2.57,$13.48,10.89,$3.75,39.15,$6.61B,$4.38B,1.51,$10.86B,$7.67B,1.42,$12.23B,$5.50B,44.92%,$12.23B,$1.25B,10.21%,$12.23B,$1.25B,10.21%,$12.23B,$2.43B,19.88%,$12.23B,$0.87B,7.12%,$12.23B,$0.81B,6.62%,$0.81B,$7.67B,11.06%,$0.81B,$-6.31B,-11.55%,$0.81B,$26.24B,3.06%,$1.25B,$18.53B,6.77%,$3067,$1584,$1483,$182,$732,$2602,$465,$-90,$376,$38,$338,$338,$338,$745,$465,$212,217,$1.59,$1.56,$2022,$1846,$618,$6612,$3779,$826,$13979,$694,$19624,$26236,$4380,$10864,$0,$14191,$18570,$333,$12600,$-1647,$7666,$26236,$567,$569,$47,$616,$0,$0,$0,$-194,$-194,$1020,$-258,$0,$111,$10,$0,$10,$-33,$-170,$-1,$-300,$-301,$0,$0,$-280,$6,$-576,$272,$119,$-280
11,2015-12-31,148.35,$34.10,4.35,$53.33,2.78,$11.18,13.26,$3.27,45.37,$5.64B,$4.53B,1.25,$10.86B,$7.22B,1.5,$11.22B,$5.06B,45.09%,$11.22B,$1.08B,9.60%,$11.22B,$1.08B,9.60%,$11.22B,$2.12B,18.88%,$11.22B,$0.72B,6.42%,$11.22B,$0.69B,6.13%,$0.69B,$7.22B,9.56%,$0.69B,$-7.02B,-9.23%,$0.69B,$26.05B,2.55%,$1.08B,$18.08B,5.78%,$2986,$1578,$1408,$187,$748,$2634,$352,$-85,$266,$37,$229,$229,$229,$641,$352,$212,216,$1.08,$1.06,$1629,$1985,$0,$5641,$3957,$1132,$14239,$727,$20405,$26046,$4529,$10858,$0,$14294,$18823,$333,$12402,$-1840,$7223,$26046,$229,$289,$68,$357,$0,$0,$0,$-237,$-237,$463,$-134,$0,$0,$14,$0,$14,$-25,$-145,$0,$0,$0,$0,$0,$-140,$-5,$-145,$158,$76,$-140
12,2015-09-30,127.18,$34.00,3.74,$49.93,2.55,$10.54,12.07,$3.41,37.29,$5.66B,$4.38B,1.29,$11.37B,$7.17B,1.59,$10.28B,$4.70B,45.66%,$10.28B,$1.07B,10.45%,$10.28B,$1.07B,10.45%,$10.28B,$1.97B,19.11%,$10.28B,$0.74B,7.19%,$10.28B,$0.70B,6.76%,$0.70B,$7.16B,10.43%,$0.70B,$-7.40B,-14.12%,$0.70B,$26.48B,2.77%,$1.07B,$18.53B,6.01%,$3060,$1630,$1430,$196,$757,$2765,$295,$-105,$190,$8,$182,$182,$181,$610,$295,$203,208,$0.81,$0.78,$1519,$1959,$0,$5659,$4060,$1118,$14561,$717,$20818,$26478,$4381,$11370,$0,$14933,$19314,$333,$12314,$-1738,$7164,$26478,$695,$891,$-142,$749,$-2,$200,$145,$-69,$274,$1730,$-596,$0,$-8414,$0,$840,$840,$-147,$-8318,$6158,$497,$6655,$0,$0,$-485,$21,$6190,$-436,$166,$-485
13,2015-06-30,135.19,$34.50,3.92,$46.32,2.92,$10.60,12.75,$4.10,32.97,$6.30B,$4.52B,1.4,$11.37B,$7.25B,1.57,$9.42B,$4.37B,46.34%,$9.42B,$1.18B,12.52%,$9.42B,$1.18B,12.52%,$9.42B,$1.91B,20.21%,$9.42B,$0.93B,9.83%,$9.42B,$0.82B,8.65%,$0.82B,$7.25B,13.29%,$0.82B,$-7.34B,-35.88%,$0.82B,$27.08B,3.78%,$1.18B,$18.62B,7.65%,$3120,$1946,$1174,$178,$751,$2983,$137,$-98,$39,$-23,$62,$62,$62,$436,$137,$210,215,$0.30,$0.29,$1718,$2020,$0,$6303,$4047,$1082,$14588,$674,$20776,$27079,$4517,$11367,$0,$15310,$19826,$333,$12260,$-1535,$7253,$27079,$514,$576,$18,$594,$0,$0,$0,$-42,$-42,$1052,$-413,$0,$-8334,$837,$0,$837,$-92,$-8003,$6161,$846,$7007,$-30,$-30,$-358,$48,$6667,$-302,$138,$-358
14,2015-03-31,136.46,$34.19,3.99,$42.76,3.19,$11.82,11.54,$5.46,24.99,$7.00B,$4.50B,1.56,$12.13B,$7.16B,1.69,$8.46B,$4.30B,50.87%,$8.46B,$1.49B,17.60%,$8.46B,$1.49B,17.60%,$8.46B,$2.06B,24.30%,$8.46B,$1.31B,15.48%,$8.46B,$1.08B,12.75%,$1.08B,$7.16B,19.05%,$1.08B,$-8.06B,251.37%,$1.08B,$28.29B,6.03%,$1.49B,$19.29B,11.40%,$2051,$1005,$1046,$129,$511,$1758,$293,$-68,$225,$9,$216,$216,$216,$431,$293,$196,200,$1.10,$1.08,$2129,$2278,$0,$6996,$3992,$1044,$15220,$696,$21298,$28293,$4497,$12128,$0,$16637,$21134,$333,$12324,$-1623,$7159,$28293,$452,$277,$76,$353,$0,$0,$0,$-255,$-255,$514,$-269,$0,$-8307,$813,$0,$813,$-66,$-7829,$6162,$1502,$7664,$-79,$-79,$-232,$40,$7392,$51,$92,$-232
15,2014-12-31,131.7,$26.27,5.01,$42.99,3.06,$13.25,9.94,$5.83,22.59,$12.11B,$2.08B,5.82,$9.94B,$5.07B,1.96,$8.48B,$4.31B,50.83%,$8.48B,$1.58B,18.59%,$8.48B,$1.58B,18.59%,$8.48B,$2.14B,25.18%,$8.48B,$1.45B,17.07%,$8.48B,$1.15B,13.56%,$1.15B,$5.07B,22.10%,$1.15B,$3.11B,34.99%,$1.15B,$18.50B,8.28%,$1.58B,$15.01B,15.00%,$2051,$1006,$1045,$129,$544,$1702,$349,$-64,$285,$50,$235,$235,$236,$488,$349,$193,197,$1.22,$1.20,$8784,$1512,$0,$12111,$3565,$0,$1960,$506,$6392,$18503,$2081,$9940,$0,$11355,$13435,$333,$12224,$-1139,$5068,$18503,$236,$139,$26,$165,$0,$0,$0,$-109,$-109,$286,$-114,$0,$-106,$618,$0,$618,$-30,$368,$6164,$-1,$6163,$-45,$-45,$-116,$31,$6033,$6679,$48,$-116
16,2014-09-30,107.25,$26.33,4.07,$42.75,2.51,$13.57,7.9,$6.00,17.87,$6.13B,$2.24B,2.74,$3.77B,$5.05B,0.75,$8.45B,$4.30B,50.92%,$8.45B,$1.61B,19.01%,$8.45B,$1.61B,19.01%,$8.45B,$2.17B,25.67%,$8.45B,$1.52B,18.02%,$8.45B,$1.19B,14.03%,$1.19B,$5.05B,22.76%,$1.19B,$3.20B,35.90%,$1.19B,$12.45B,9.65%,$1.61B,$8.82B,17.90%,$2202,$1100,$1102,$140,$561,$1801,$401,$-24,$377,$76,$301,$301,$301,$550,$401,$193,198,$1.56,$1.52,$2750,$1495,$0,$6131,$3605,$9,$1850,$488,$6317,$12447,$2235,$3768,$0,$5160,$7394,$333,$12105,$-1001,$5053,$12447,$1185,$562,$52,$614,$-7,$-189,$199,$-120,$-117,$1746,$-653,$0,$-40,$0,$-171,$-171,$-84,$-948,$0,$-4,$-4,$-409,$-409,$-421,$27,$-807,$-29,$113,$-421
17,2014-06-30,110.96,$28.03,3.96,$42.16,2.63,$13.71,8.09,$4.93,22.51,$6.05B,$2.09B,2.89,$3.77B,$5.38B,0.7,$8.35B,$4.29B,51.36%,$8.35B,$1.28B,15.36%,$8.35B,$1.28B,15.36%,$8.35B,$1.84B,22.01%,$8.35B,$1.21B,14.44%,$8.35B,$0.97B,11.67%,$0.97B,$5.38B,18.72%,$0.97B,$3.47B,29.74%,$0.97B,$12.37B,7.98%,$1.28B,$9.15B,14.29%,$2157,$1046,$1111,$137,$528,$1711,$446,$-23,$423,$97,$326,$326,$326,$587,$446,$193,197,$1.69,$1.65,$2639,$1553,$0,$6045,$3551,$0,$1911,$502,$6329,$12374,$2093,$3768,$0,$4903,$6996,$333,$11909,$-457,$5378,$12374,$884,$413,$-3,$410,$0,$0,$0,$-114,$-114,$1207,$-380,$0,$-40,$0,$-244,$-244,$-66,$-730,$0,$-3,$-3,$-407,$-407,$-316,$26,$-701,$-229,$91,$-316
18,2014-03-31,109.31,$27.51,3.97,$41.54,2.63,$12.54,8.72,$4.80,22.77,$5.95B,$2.02B,2.95,$3.76B,$5.32B,0.71,$8.24B,$4.24B,51.39%,$8.24B,$1.24B,15.06%,$8.24B,$1.24B,15.06%,$8.24B,$1.79B,21.77%,$8.24B,$1.16B,14.09%,$8.24B,$0.95B,11.53%,$0.95B,$5.32B,18.86%,$0.95B,$3.37B,30.60%,$0.95B,$12.25B,7.91%,$1.24B,$9.08B,14.10%,$2072,$1019,$1053,$147,$525,$1691,$381,$-18,$363,$76,$287,$287,$287,$511,$381,$194,197,$1.48,$1.45,$2626,$1512,$0,$5946,$3512,$0,$1945,$483,$6304,$12250,$2016,$3764,$0,$4919,$6935,$333,$11689,$-455,$5315,$12250,$558,$272,$24,$296,$0,$0,$0,$-113,$-113,$768,$-245,$0,$-40,$-173,$0,$-173,$-41,$-498,$0,$-6,$-6,$-223,$-223,$-211,$19,$-422,$-159,$67,$-211
19,2013-12-31,102.68,$26.31,3.9,$41.14,2.5,$11.47,8.95,$4.74,21.66,$5.74B,$2.00B,2.88,$3.76B,$5.08B,0.74,$8.17B,$4.20B,51.41%,$8.17B,$1.24B,15.19%,$8.17B,$1.24B,15.19%,$8.17B,$1.80B,22.03%,$8.17B,$1.16B,14.18%,$8.17B,$0.94B,11.49%,$0.94B,$5.08B,19.33%,$0.94B,$3.16B,32.18%,$0.94B,$12.04B,7.92%,$1.24B,$8.84B,14.40%,$2015,$980,$1035,$126,$531,$1637,$378,$-19,$359,$88,$271,$271,$271,$520,$378,$194,198,$1.40,$1.37,$2513,$1467,$0,$5743,$3495,$0,$1914,$502,$6291,$12035,$1997,$3764,$0,$4960,$6957,$333,$11507,$-500,$5078,$12035,$271,$142,$0,$142,$0,$0,$0,$-75,$-75,$355,$-118,$0,$0,$-125,$0,$-125,$-25,$-267,$0,$-3,$-3,$-202,$-202,$-106,$13,$-298,$-211,$42,$-106
20,2013-09-30,92.48,$26.00,3.56,$40.49,2.28,$10.93,8.46,$6.50,14.23,$5.87B,$2.13B,2.76,$3.76B,$5.04B,0.75,$8.05B,$4.17B,51.79%,$8.05B,$1.26B,15.58%,$8.05B,$1.26B,15.58%,$8.05B,$1.80B,22.36%,$8.05B,$1.17B,14.46%,$8.05B,$1.29B,16.05%,$1.29B,$5.04B,27.48%,$1.29B,$3.10B,46.99%,$1.29B,$12.15B,11.01%,$1.26B,$8.81B,14.82%,$2101,$1014,$1087,$133,$877,$2024,$77,$-16,$60,$-30,$90,$91,$90,$219,$77,$195,199,$0.48,$0.45,$2608,$1402,$0,$5873,$3476,$0,$1943,$487,$6277,$12149,$2130,$3763,$0,$4976,$7106,$333,$11342,$-516,$5043,$12149,$1293,$546,$-279,$267,$-1,$-145,$366,$-60,$160,$1717,$-588,$0,$600,$-225,$0,$-225,$-99,$-311,$0,$-199,$-199,$-406,$-406,$-386,$23,$-968,$219,$100,$-386
21,2013-06-30,90.93,$24.29,3.74,$39.35,2.31,$10.72,8.49,$7.47,12.17,$5.44B,$1.69B,3.21,$3.76B,$4.72B,0.8,$7.92B,$4.09B,51.58%,$7.92B,$1.57B,19.79%,$7.92B,$1.57B,19.79%,$7.92B,$2.10B,26.49%,$7.92B,$1.47B,18.51%,$7.92B,$1.49B,18.84%,$1.49B,$4.72B,33.32%,$1.49B,$2.78B,58.77%,$1.49B,$11.59B,12.92%,$1.57B,$8.48B,19.02%,$2053,$993,$1060,$121,$534,$1648,$405,$-26,$379,$87,$292,$292,$302,$544,$405,$195,199,$1.55,$1.52,$2299,$1409,$0,$5435,$3352,$0,$1933,$506,$6153,$11587,$1693,$3763,$0,$5178,$6871,$333,$11348,$-864,$4717,$11587,$1203,$404,$-384,$20,$0,$0,$0,$-229,$-229,$989,$-388,$0,$600,$0,$157,$157,$-72,$296,$0,$-200,$-200,$-361,$-361,$-290,$20,$-830,$291,$79,$-290
22,2013-03-31,87.52,$23.62,3.7,$38.66,2.26,$11.45,7.64,$7.54,11.61,$5.50B,$1.88B,2.93,$3.76B,$4.59B,0.82,$7.85B,$4.06B,51.71%,$7.85B,$1.61B,20.53%,$7.85B,$1.61B,20.53%,$7.85B,$2.13B,27.09%,$7.85B,$1.51B,19.19%,$7.85B,$1.52B,19.33%,$1.52B,$4.59B,34.82%,$1.52B,$2.63B,61.79%,$1.52B,$11.63B,13.29%,$1.61B,$8.35B,19.84%,$2000,$982,$1018,$122,$515,$1619,$381,$-21,$360,$84,$276,$276,$276,$517,$381,$195,198,$1.42,$1.39,$2421,$1392,$0,$5500,$3315,$0,$1964,$493,$6130,$11630,$1878,$3762,$0,$5163,$7041,$333,$11143,$-803,$4589,$11630,$901,$265,$-386,$-121,$0,$0,$0,$-264,$-264,$543,$-229,$0,$582,$0,$116,$116,$-53,$415,$0,$0,$0,$-320,$-320,$-193,$14,$-500,$353,$58,$-193
23,2012-12-31,71.17,$23.04,3.09,$37.76,1.88,$11.45,6.22,$7.54,9.44,$5.48B,$2.00B,2.73,$3.76B,$4.47B,0.84,$7.78B,$4.03B,51.79%,$7.78B,$1.61B,20.74%,$7.78B,$1.61B,20.74%,$7.78B,$2.12B,27.26%,$7.78B,$1.52B,19.49%,$7.78B,$1.53B,19.70%,$1.53B,$4.47B,35.39%,$1.53B,$2.50B,62.30%,$1.53B,$11.63B,13.55%,$1.61B,$8.23B,19.81%,$1900,$894,$1006,$118,$496,$1508,$392,$-26,$366,$95,$271,$270,$625,$521,$392,$196,200,$3.18,$3.13,$2512,$1360,$0,$5477,$3317,$0,$1971,$513,$6152,$11629,$2004,$3762,$0,$5156,$7160,$333,$10964,$-746,$4469,$11629,$625,$129,$-437,$-308,$0,$0,$0,$-103,$-103,$226,$-95,$0,$597,$0,$-86,$-86,$-25,$391,$0,$4,$4,$-291,$-291,$-97,$5,$-379,$246,$37,$-97
24,2012-09-30,71.05,$21.00,3.38,$36.66,1.94,$11.63,6.11,$5.62,12.64,$5.32B,$1.98B,2.69,$3.76B,$4.14B,0.91,$7.71B,$3.95B,51.28%,$7.71B,$1.56B,20.21%,$7.71B,$1.56B,20.21%,$7.71B,$2.07B,26.84%,$7.71B,$1.47B,19.09%,$7.71B,$1.17B,15.18%,$1.17B,$4.14B,26.63%,$1.17B,$2.25B,45.50%,$1.17B,$11.36B,10.40%,$1.56B,$7.90B,18.87%,$1967,$966,$1001,$128,$484,$1578,$389,$-27,$361,$88,$274,$275,$289,$516,$389,$205,209,$1.43,$1.40,$2181,$1241,$136,$5322,$3304,$0,$1889,$500,$6039,$11361,$1978,$3761,$0,$5247,$7225,$333,$10435,$-802,$4136,$11361,$1170,$511,$13,$524,$-30,$-92,$17,$102,$-3,$1693,$-553,$0,$-103,$-138,$0,$-138,$-99,$-894,$1446,$2,$1448,$-1465,$-1465,$-368,$15,$-370,$496,$89,$-368
25,2012-06-30,67.21,$21.22,3.17,$35.51,1.89,$10.78,6.24,$5.55,12.11,$5.29B,$1.89B,2.8,$3.76B,$4.24B,0.89,$7.61B,$3.90B,51.30%,$7.61B,$1.53B,20.14%,$7.61B,$1.53B,20.14%,$7.61B,$2.05B,26.90%,$7.61B,$1.46B,19.15%,$7.61B,$1.18B,15.52%,$1.18B,$4.24B,25.86%,$1.18B,$2.45B,42.65%,$1.18B,$11.03B,10.72%,$1.53B,$8.00B,18.90%,$1981,$947,$1033,$115,$469,$1532,$449,$-30,$419,$107,$312,$312,$327,$572,$449,$202,205,$1.62,$1.59,$2188,$1239,$132,$5285,$3150,$0,$1784,$463,$5740,$11025,$1890,$3761,$0,$4901,$6790,$333,$10234,$-706,$4235,$11025,$881,$384,$-19,$364,$0,$0,$0,$-118,$-118,$1136,$-365,$0,$-51,$0,$-158,$-158,$-71,$-644,$1446,$6,$1452,$-1237,$-1237,$-280,$9,$-56,$483,$72,$-280
26,2012-03-31,69.39,$22.08,3.14,$34.60,2.01,$10.34,6.71,$5.49,12.64,$5.30B,$1.62B,3.27,$3.96B,$4.48B,0.89,$7.58B,$3.90B,51.44%,$7.58B,$1.53B,20.20%,$7.58B,$1.53B,20.20%,$7.58B,$2.04B,26.94%,$7.58B,$1.47B,19.43%,$7.58B,$1.20B,15.79%,$1.20B,$4.48B,24.77%,$1.20B,$2.64B,38.66%,$1.20B,$11.20B,10.97%,$1.53B,$8.44B,19.00%,$1929,$941,$988,$117,$488,$1546,$383,$-14,$370,$94,$275,$275,$291,$511,$383,$206,210,$1.41,$1.39,$2112,$1321,$0,$5301,$3274,$0,$1837,$451,$5895,$11195,$1621,$3964,$0,$5098,$6719,$333,$9999,$-453,$4476,$11195,$554,$261,$-14,$247,$0,$0,$0,$-232,$-232,$574,$-241,$0,$-51,$0,$122,$122,$-53,$-223,$1449,$2,$1451,$-992,$-992,$-188,$7,$278,$664,$54,$-188
27,2011-12-31,66.37,$22.50,2.95,$33.93,1.96,$10.88,6.1,$5.48,12.11,$5.69B,$1.61B,3.55,$3.97B,$4.73B,0.84,$7.57B,$3.91B,51.66%,$7.57B,$1.59B,20.97%,$7.57B,$1.59B,20.97%,$7.57B,$2.09B,27.65%,$7.57B,$1.53B,20.21%,$7.57B,$1.22B,16.08%,$1.22B,$4.73B,24.42%,$1.22B,$2.95B,36.65%,$1.22B,$11.41B,11.38%,$1.59B,$8.70B,20.24%,$1832,$900,$931,$112,$482,$1495,$337,$-14,$322,$74,$249,$249,$263,$470,$337,$214,218,$1.23,$1.21,$2694,$1262,$0,$5694,$3212,$0,$1780,$407,$5719,$11413,$1606,$3972,$0,$5079,$6686,$333,$9800,$-573,$4728,$11413,$263,$133,$-24,$108,$0,$0,$0,$-80,$-80,$298,$-115,$0,$0,$0,$-110,$-110,$-26,$-251,$1457,$-0,$1456,$-405,$-405,$-96,$4,$959,$1021,$34,$-96
28,2011-09-30,64.73,$22.48,2.88,$33.42,1.94,$11.64,5.56,$5.63,11.5,$4.67B,$1.82B,2.56,$2.49B,$4.83B,0.52,$7.58B,$3.96B,52.20%,$7.58B,$1.66B,21.94%,$7.58B,$1.66B,21.94%,$7.58B,$2.16B,28.48%,$7.58B,$1.62B,21.32%,$7.58B,$1.27B,16.76%,$1.27B,$4.83B,25.29%,$1.27B,$3.04B,36.50%,$1.27B,$10.43B,12.26%,$1.66B,$7.31B,22.16%,$1868,$916,$952,$121,$466,$1504,$364,$-19,$346,$92,$254,$254,$300,$494,$364,$221,226,$1.38,$1.35,$1563,$1245,$0,$4668,$3211,$0,$1790,$445,$5762,$10430,$1823,$2485,$0,$3779,$5602,$333,$9634,$-670,$4828,$10430,$1271,$494,$114,$608,$-27,$-117,$129,$-239,$-254,$1638,$-599,$0,$-492,$122,$0,$122,$-64,$-1033,$991,$34,$1025,$-1416,$-1416,$-361,$37,$-714,$-41,$73,$-361
29,2011-06-30,75.69,$24.37,3.11,$31.93,2.37,$11.05,6.85,$5.95,12.72,$5.07B,$1.66B,3.06,$2.49B,$5.30B,0.47,$7.34B,$3.85B,52.39%,$7.34B,$1.62B,22.01%,$7.34B,$1.62B,22.01%,$7.34B,$2.10B,28.54%,$7.34B,$1.59B,21.67%,$7.34B,$1.37B,18.64%,$1.37B,$5.30B,26.42%,$1.37B,$3.76B,36.43%,$1.37B,$10.62B,13.45%,$1.62B,$7.78B,21.79%,$1952,$923,$1029,$114,$468,$1505,$447,$-12,$435,$114,$322,$322,$343,$567,$447,$219,224,$1.57,$1.53,$1921,$1331,$0,$5073,$3217,$0,$1541,$492,$5548,$10621,$1658,$2485,$0,$3664,$5322,$333,$9422,$-198,$5298,$10621,$971,$365,$105,$470,$0,$0,$0,$-316,$-316,$1118,$-376,$0,$-205,$0,$-205,$-205,$-42,$-827,$991,$34,$1025,$-1196,$-1196,$-273,$35,$-408,$-58,$72,$-273
30,2011-03-31,69.6,$23.31,2.99,$30.88,2.25,$10.70,6.5,$5.71,12.19,$4.86B,$1.58B,3.08,$2.48B,$5.10B,0.49,$7.22B,$3.76B,52.13%,$7.22B,$1.59B,22.05%,$7.22B,$1.59B,22.05%,$7.22B,$2.08B,28.82%,$7.22B,$1.57B,21.73%,$7.22B,$1.33B,18.45%,$1.33B,$5.10B,25.91%,$1.33B,$3.55B,35.23%,$1.33B,$10.34B,13.63%,$1.59B,$7.58B,22.33%,$1922,$921,$1001,$119,$442,$1482,$440,$-12,$428,$117,$311,$311,$312,$563,$440,$221,225,$1.41,$1.38,$1858,$1277,$0,$4857,$3166,$0,$1551,$491,$5488,$10344,$1579,$2484,$0,$3666,$5245,$333,$9169,$-291,$5099,$10344,$628,$245,$112,$357,$0,$0,$0,$-285,$-285,$707,$-227,$0,$-205,$0,$-567,$-567,$-25,$-1024,$991,$37,$1028,$-1020,$-1020,$-183,$19,$-155,$-467,$54,$-183
31,2010-12-31,73.5,$22.06,3.33,$29.83,2.46,$10.11,7.27,$5.57,13.2,$4.95B,$1.61B,3.07,$2.49B,$4.88B,0.51,$7.10B,$3.70B,52.11%,$7.10B,$1.57B,22.07%,$7.10B,$1.57B,22.07%,$7.10B,$2.06B,28.98%,$7.10B,$1.55B,21.87%,$7.10B,$1.32B,18.57%,$1.32B,$4.88B,25.57%,$1.32B,$3.58B,34.24%,$1.32B,$10.07B,13.99%,$1.57B,$7.36B,22.71%,$1842,$865,$977,$116,$448,$1429,$413,$-5,$408,$94,$314,$314,$316,$536,$413,$228,233,$1.39,$1.36,$2247,$1195,$0,$4951,$3082,$0,$1294,$481,$5120,$10071,$1612,$2485,$0,$3581,$5193,$333,$8947,$-477,$4878,$10071,$316,$123,$49,$173,$0,$0,$0,$-29,$-29,$470,$-98,$0,$0,$0,$-464,$-464,$-6,$-567,$991,$32,$1023,$-809,$-809,$-93,$15,$136,$33,$34,$-93
32,2010-09-30,64.12,$23.65,2.71,$29.61,2.17,$9.48,6.77,$5.51,11.64,$4.51B,$1.67B,2.7,$1.50B,$5.44B,0.28,$7.12B,$3.70B,51.87%,$7.12B,$1.58B,22.22%,$7.12B,$1.58B,22.22%,$7.12B,$2.07B,29.11%,$7.12B,$1.57B,22.00%,$7.12B,$1.32B,18.50%,$1.32B,$5.44B,25.11%,$1.32B,$4.13B,33.50%,$1.32B,$9.65B,14.36%,$1.58B,$6.93B,23.48%,$1625,$786,$839,$115,$408,$1309,$316,$4,$320,$88,$232,$232,$397,$429,$316,$234,240,$1.71,$1.66,$1744,$1145,$0,$4505,$3100,$0,$1303,$488,$5145,$9651,$1672,$1495,$0,$2544,$4216,$333,$8724,$-458,$5435,$9651,$1318,$491,$-198,$293,$-74,$-117,$156,$-34,$-69,$1587,$-626,$0,$-21,$35,$1,$36,$-82,$-694,$-0,$-200,$-200,$-700,$-700,$-346,$23,$-1223,$-178,$79,$-346
33,2010-06-30,58.2,$22.20,2.62,$29.83,1.95,$9.38,6.2,$5.12,11.37,$4.12B,$1.53B,2.69,$1.49B,$5.15B,0.29,$7.22B,$3.75B,51.97%,$7.22B,$1.65B,22.79%,$7.22B,$1.65B,22.79%,$7.22B,$2.14B,29.57%,$7.22B,$1.62B,22.47%,$7.22B,$1.24B,17.14%,$1.24B,$5.15B,23.91%,$1.24B,$3.86B,31.50%,$1.24B,$9.03B,13.61%,$1.65B,$6.65B,24.69%,$1831,$883,$947,$108,$416,$1408,$423,$-10,$413,$119,$294,$294,$307,$553,$423,$233,238,$1.32,$1.29,$1445,$1122,$81,$4123,$2887,$0,$1293,$487,$4909,$9032,$1531,$1493,$0,$2346,$3878,$333,$8413,$-598,$5154,$9032,$921,$379,$-80,$298,$0,$0,$0,$-133,$-133,$1114,$-405,$0,$-281,$0,$-147,$-147,$-43,$-876,$-0,$-200,$-201,$-514,$-514,$-260,$19,$-956,$-644,$69,$-260
34,2010-03-31,67.4,$22.07,3.05,$29.55,2.28,$8.90,7.57,$5.22,12.91,$3.94B,$1.47B,2.69,$1.49B,$5.15B,0.29,$7.21B,$3.77B,52.23%,$7.21B,$1.66B,22.95%,$7.21B,$1.66B,22.95%,$7.21B,$2.13B,29.58%,$7.21B,$1.64B,22.73%,$7.21B,$1.27B,17.64%,$1.27B,$5.15B,24.50%,$1.27B,$3.82B,31.69%,$1.27B,$8.94B,14.06%,$1.66B,$6.64B,24.78%,$1799,$864,$935,$100,$421,$1386,$414,$-3,$411,$126,$285,$285,$298,$539,$414,$235,241,$1.26,$1.24,$1258,$1166,$0,$3939,$2968,$0,$1327,$481,$5004,$8943,$1467,$1490,$0,$2326,$3794,$333,$8192,$-460,$5150,$8943,$614,$249,$-98,$151,$0,$0,$0,$-154,$-154,$648,$-278,$0,$-281,$0,$124,$124,$-35,$-471,$-0,$-202,$-202,$-419,$-419,$-174,$18,$-778,$-564,$52,$-174
35,2009-12-31,67.2,$22.32,3.01,$29.10,2.31,$8.38,8.02,$5.04,13.33,$4.06B,$1.54B,2.64,$1.49B,$5.26B,0.28,$7.14B,$3.73B,52.23%,$7.14B,$1.60B,22.44%,$7.14B,$1.60B,22.44%,$7.14B,$2.07B,29.03%,$7.14B,$1.58B,22.14%,$7.14B,$1.24B,17.30%,$1.24B,$5.26B,24.19%,$1.24B,$3.92B,30.82%,$1.24B,$9.09B,14.19%,$1.60B,$6.75B,25.01%,$1869,$894,$974,$99,$446,$1439,$430,$-7,$423,$119,$304,$304,$316,$553,$430,$237,243,$1.33,$1.30,$1458,$1164,$0,$4057,$2999,$0,$1338,$486,$5037,$9094,$1539,$1488,$0,$2295,$3834,$333,$7979,$-338,$5260,$9094,$316,$124,$-134,$-10,$0,$0,$0,$79,$79,$371,$-136,$0,$-275,$0,$280,$280,$-10,$-141,$-0,$-197,$-197,$-187,$-187,$-90,$8,$-467,$-212,$35,$-90
36,2009-09-30,59.15,$21.69,2.73,$28.33,2.09,$7.99,7.4,$5.00,11.83,$4.65B,$1.78B,2.62,$1.49B,$5.14B,0.29,$6.99B,$3.68B,52.61%,$6.99B,$1.59B,22.76%,$6.99B,$1.59B,22.76%,$6.99B,$2.05B,29.40%,$6.99B,$1.58B,22.60%,$6.99B,$1.23B,17.62%,$1.23B,$5.14B,24.71%,$1.23B,$4.11B,31.05%,$1.23B,$9.31B,14.75%,$1.59B,$6.63B,26.07%,$1724,$826,$898,$110,$408,$1345,$379,$-3,$376,$116,$260,$260,$317,$491,$379,$240,247,$1.32,$1.28,$1946,$1157,$0,$4647,$2967,$0,$1029,$465,$4658,$9305,$1777,$1488,$0,$2385,$4162,$333,$7753,$-373,$5143,$9305,$1232,$465,$14,$478,$-82,$-91,$124,$-22,$-71,$1658,$-695,$0,$51,$-338,$1,$-337,$-86,$-1067,$739,$1,$740,$-518,$-518,$-317,$15,$-80,$564,$87,$-317
37,2009-06-30,60.19,$21.77,2.76,$27.66,2.18,$7.94,7.58,$4.83,12.46,$4.49B,$1.65B,2.73,$1.48B,$5.21B,0.29,$6.86B,$3.61B,52.56%,$6.86B,$1.55B,22.55%,$6.86B,$1.55B,22.55%,$6.86B,$2.02B,29.42%,$6.86B,$1.54B,22.38%,$6.86B,$1.20B,17.44%,$1.20B,$5.21B,24.26%,$1.20B,$4.20B,30.64%,$1.20B,$8.85B,14.95%,$1.55B,$6.70B,26.16%,$1820,$860,$960,$98,$430,$1388,$432,$-3,$429,$90,$339,$339,$341,$550,$432,$240,246,$1.42,$1.39,$1752,$1207,$31,$4492,$2783,$0,$1015,$383,$4357,$8849,$1646,$1484,$0,$1991,$3637,$333,$7515,$-220,$5212,$8849,$914,$352,$-26,$327,$0,$0,$0,$-215,$-215,$1048,$-435,$0,$0,$0,$-223,$-223,$-56,$-714,$736,$2,$738,$-350,$-350,$-238,$12,$162,$501,$79,$-238
38,2009-03-31,56.48,$20.06,2.82,$27.60,2.05,$8.45,6.69,$4.62,12.23,$3.41B,$1.51B,2.26,$0.75B,$4.80B,0.16,$6.89B,$3.59B,52.11%,$6.89B,$1.52B,22.11%,$6.89B,$1.52B,22.11%,$6.89B,$2.00B,28.99%,$6.89B,$1.52B,21.99%,$6.89B,$1.15B,16.72%,$1.15B,$4.80B,23.53%,$1.15B,$3.80B,29.97%,$1.15B,$7.58B,14.73%,$1.52B,$5.55B,26.50%,$1725,$829,$896,$99,$436,$1364,$361,$-9,$352,$93,$259,$259,$261,$478,$361,$240,246,$1.09,$1.06,$730,$1181,$0,$3408,$2663,$0,$1009,$338,$4168,$7576,$1511,$748,$0,$1261,$2772,$333,$7253,$-360,$4804,$7576,$573,$234,$-32,$202,$0,$0,$0,$-272,$-272,$523,$-274,$0,$0,$0,$-16,$-16,$-29,$-320,$-0,$-0,$-0,$-330,$-330,$-159,$10,$-480,$-288,$56,$-159
39,2008-12-31,57.15,$19.89,2.87,$27.49,2.08,$9.01,6.34,$4.65,12.29,$3.47B,$1.64B,2.12,$0.75B,$4.77B,0.16,$6.91B,$3.59B,51.90%,$6.91B,$1.54B,22.34%,$6.91B,$1.54B,22.34%,$6.91B,$2.02B,29.19%,$6.91B,$1.55B,22.36%,$6.91B,$1.17B,16.89%,$1.17B,$4.77B,23.77%,$1.17B,$3.75B,30.41%,$1.17B,$7.66B,14.82%,$1.54B,$5.52B,26.56%,$1718,$796,$922,$97,$406,$1300,$418,$3,$422,$112,$309,$309,$312,$535,$418,$242,248,$1.29,$1.26,$777,$1170,$0,$3465,$2695,$0,$1017,$338,$4196,$7661,$1638,$748,$0,$1256,$2894,$333,$7068,$-224,$4767,$7661,$312,$116,$-62,$55,$0,$0,$0,$-101,$-101,$266,$-120,$0,$0,$0,$-9,$-9,$0,$-129,$-0,$1,$1,$-290,$-290,$-82,$4,$-368,$-233,$34,$-82
40,2008-09-30,66.72,$20.30,3.29,$27.31,2.44,$9.80,6.81,$4.46,14.96,$3.62B,$1.42B,2.55,$0.95B,$4.94B,0.19,$6.90B,$3.54B,51.32%,$6.90B,$1.49B,21.59%,$6.90B,$1.49B,21.59%,$6.90B,$1.96B,28.41%,$6.90B,$1.49B,21.60%,$6.90B,$1.13B,16.34%,$1.13B,$4.94B,23.25%,$1.13B,$3.87B,29.96%,$1.13B,$7.91B,14.35%,$1.49B,$5.89B,25.65%,$1596,$768,$827,$95,$397,$1260,$336,$-4,$332,$97,$235,$235,$282,$455,$336,$244,253,$1.15,$1.12,$1030,$1080,$0,$3615,$2744,$0,$1064,$356,$4298,$7913,$1417,$953,$0,$1561,$2977,$333,$6839,$-78,$4936,$7913,$1127,$472,$75,$547,$-5,$-49,$-16,$-32,$-102,$1618,$-645,$0,$-41,$-46,$-6,$-52,$-38,$-777,$-1,$-6,$-7,$-365,$-365,$-279,$64,$-586,$319,$101,$-279
41,2008-06-30,67.36,$20.83,3.23,$27.18,2.48,$8.50,7.92,$4.33,15.56,$3.65B,$1.47B,2.49,$0.96B,$5.07B,0.19,$6.88B,$3.52B,51.18%,$6.88B,$1.48B,21.50%,$6.88B,$1.48B,21.50%,$6.88B,$1.95B,28.33%,$6.88B,$1.48B,21.50%,$6.88B,$1.11B,16.07%,$1.11B,$5.07B,23.49%,$1.11B,$3.96B,30.60%,$1.11B,$8.13B,14.34%,$1.48B,$6.03B,26.10%,$1849,$905,$944,$100,$436,$1441,$408,$1,$409,$113,$296,$296,$297,$529,$408,$244,252,$1.22,$1.18,$968,$1144,$0,$3648,$2741,$0,$1116,$490,$4481,$8129,$1466,$955,$0,$1589,$3055,$333,$6626,$232,$5074,$8129,$845,$353,$72,$425,$0,$0,$0,$-85,$-85,$1205,$-449,$0,$-41,$0,$-50,$-50,$-30,$-570,$-1,$-4,$-4,$-290,$-290,$-209,$56,$-448,$224,$81,$-209
42,2008-03-31,70.89,$19.91,3.56,$26.25,2.7,$7.44,9.53,$4.11,17.25,$3.42B,$1.38B,2.48,$0.96B,$4.86B,0.2,$6.66B,$3.42B,51.29%,$6.66B,$1.40B,21.00%,$6.66B,$1.40B,21.00%,$6.66B,$1.86B,27.92%,$6.66B,$1.40B,21.01%,$6.66B,$1.05B,15.82%,$1.05B,$4.86B,23.44%,$1.05B,$3.77B,30.87%,$1.05B,$7.80B,14.12%,$1.40B,$5.82B,25.65%,$1747,$854,$893,$96,$416,$1365,$382,$1,$382,$107,$276,$276,$276,$498,$382,$245,253,$1.13,$1.09,$761,$1147,$0,$3423,$2670,$0,$1089,$480,$4379,$7801,$1379,$960,$0,$1563,$2942,$333,$6398,$208,$4859,$7801,$548,$232,$45,$277,$0,$0,$0,$-158,$-158,$686,$-289,$0,$0,$0,$-31,$-31,$-16,$-337,$-0,$0,$-0,$-225,$-225,$-139,$50,$-314,$50,$58,$-139
43,2007-12-31,68.79,$18.54,3.71,$25.52,2.7,$6.91,9.95,$3.97,17.33,$3.35B,$1.50B,2.24,$0.96B,$4.52B,0.21,$6.49B,$3.33B,51.38%,$6.49B,$1.33B,20.56%,$6.49B,$1.33B,20.56%,$6.49B,$1.79B,27.58%,$6.49B,$1.34B,20.63%,$6.49B,$1.02B,15.72%,$1.02B,$4.52B,23.66%,$1.02B,$3.45B,31.54%,$1.02B,$7.57B,14.08%,$1.33B,$5.48B,25.33%,$1706,$830,$876,$92,$422,$1343,$363,$4,$367,$96,$271,$271,$272,$478,$363,$244,253,$1.11,$1.07,$920,$1080,$0,$3345,$2544,$0,$1080,$467,$4221,$7567,$1497,$958,$0,$1545,$3042,$333,$6191,$33,$4524,$7567,$272,$115,$21,$136,$0,$0,$0,$53,$53,$473,$-125,$0,$0,$0,$-5,$-5,$-9,$-139,$-0,$1,$0,$-126,$-126,$0,$25,$-101,$239,$36,$0
44,2007-09-30,67.31,$17.89,3.76,$24.67,2.73,$6.17,10.91,$3.46,19.45,$3.13B,$1.48B,2.12,$0.96B,$4.36B,0.22,$6.28B,$3.25B,51.73%,$6.28B,$1.19B,18.86%,$6.28B,$1.19B,18.86%,$6.28B,$1.63B,25.88%,$6.28B,$1.19B,18.88%,$6.28B,$0.89B,14.18%,$0.89B,$4.36B,21.41%,$0.89B,$3.27B,28.87%,$0.89B,$7.33B,12.63%,$1.19B,$5.32B,23.15%,$1574,$768,$806,$100,$381,$1249,$325,$-6,$320,$85,$234,$234,$260,$443,$325,$245,255,$1.06,$1.02,$670,$1052,$0,$3131,$2497,$0,$1092,$467,$4199,$7329,$1479,$956,$0,$1489,$2967,$333,$5996,$2,$4362,$7329,$890,$441,$159,$600,$-112,$-123,$103,$-25,$-273,$1230,$-579,$0,$-320,$-30,$-4,$-34,$-86,$-1018,$-101,$-121,$-222,$-319,$-319,$-240,$55,$-726,$-489,$108,$-240
45,2007-06-30,60.92,$17.37,3.51,$24.20,2.52,$6.05,10.07,$3.15,19.34,$2.96B,$1.42B,2.09,$0.95B,$4.23B,0.23,$6.17B,$3.20B,51.81%,$6.17B,$1.15B,18.68%,$6.17B,$1.15B,18.68%,$6.17B,$1.58B,25.63%,$6.17B,$1.16B,18.73%,$6.17B,$0.81B,13.04%,$0.81B,$4.23B,19.97%,$0.81B,$3.16B,26.81%,$0.81B,$7.12B,11.62%,$1.15B,$5.18B,23.12%,$1631,$791,$840,$93,$412,$1304,$328,$2,$330,$89,$240,$240,$245,$440,$328,$245,254,$1.00,$0.96,$576,$1023,$0,$2961,$2335,$0,$1070,$601,$4162,$7123,$1415,$953,$0,$1480,$2895,$333,$5796,$95,$4228,$7123,$630,$324,$96,$420,$0,$0,$0,$-193,$-193,$875,$-382,$0,$-320,$0,$-11,$-11,$-68,$-781,$-101,$-123,$-223,$-312,$-312,$-180,$43,$-672,$-556,$85,$-180
46,2007-03-31,62.67,$16.86,3.72,$23.49,2.67,$5.71,10.98,$3.00,20.89,$2.85B,$1.35B,2.12,$0.96B,$4.13B,0.23,$6.00B,$3.10B,51.62%,$6.00B,$1.11B,18.54%,$6.00B,$1.11B,18.54%,$6.00B,$1.53B,25.48%,$6.00B,$1.11B,18.46%,$6.00B,$0.77B,12.77%,$0.77B,$4.13B,19.83%,$0.77B,$3.06B,26.64%,$0.77B,$6.95B,11.43%,$1.11B,$5.09B,23.08%,$1576,$765,$811,$87,$407,$1258,$318,$3,$321,$86,$236,$236,$243,$428,$318,$245,255,$0.99,$0.95,$580,$976,$0,$2851,$2266,$0,$1066,$603,$4101,$6952,$1347,$956,$0,$1475,$2822,$333,$5611,$58,$4129,$6952,$385,$211,$58,$269,$0,$0,$0,$-155,$-155,$512,$-245,$0,$-320,$0,$-57,$-57,$-37,$-659,$-100,$-120,$-220,$-150,$-150,$-120,$32,$-458,$-591,$61,$-120
47,2006-12-31,56.98,$16.07,3.55,$22.82,2.5,$5.53,10.31,$2.65,21.5,$2.83B,$1.47B,1.92,$0.96B,$3.93B,0.24,$5.85B,$3.01B,51.49%,$5.85B,$1.05B,17.88%,$5.85B,$1.05B,17.88%,$5.85B,$1.45B,24.79%,$5.85B,$1.03B,17.69%,$5.85B,$0.68B,11.58%,$0.68B,$3.93B,18.26%,$0.68B,$2.85B,24.52%,$0.68B,$6.81B,10.43%,$1.05B,$4.89B,22.41%,$1502,$709,$793,$80,$384,$1288,$214,$1,$215,$84,$131,$131,$143,$315,$214,$246,255,$0.58,$0.56,$643,$927,$0,$2825,$2206,$0,$1077,$522,$3985,$6811,$1472,$956,$0,$1407,$2880,$333,$5427,$35,$3931,$6811,$143,$101,$42,$143,$0,$0,$0,$-24,$-24,$276,$-116,$0,$-320,$0,$-2,$-2,$-12,$-450,$-100,$-122,$-222,$-93,$-93,$0,$9,$-306,$-467,$35,$0
