,Date,Stock Price,Book Value per Share,Price to Book Ratio,TTM Sales per Share,Price to Sales Ratio,TTM FCF per Share,Price to FCF Ratio,TTM Net EPS,PE Ratio,Current Assets,Current Liabilities,Current Ratio,Long Term Debt,Shareholder's Equity_x,Debt to Equity Ratio,TTM Revenue_x,TTM Gross Profit,Gross Margin,TTM Revenue_y,TTM Operating Income,Operating Margin,TTM Revenue_x,TTM EBIT,EBIT Margin,TTM Revenue_y,TTM EBITDA,EBITDA Margin,TTM Revenue_x,TTM Pre-Tax Income,Pre-Tax Margin,TTM Revenue_y,TTM Net Income_x,Net Margin,TTM Net Income_y,Shareholder's Equity_y,Return on Equity,TTM Net Income_x,Tangible Equity,Return on Tangible Equity,TTM Net Income_y,Total Assets,Return on Assets,TTM Net Income,LT Investments & Debt,Return on Investment,revenue,cost-goods-sold,gross-profit,research-development-expenses,selling-general-administrative-expenses,operating-expenses,operating-income,total-non-operating-income-expense,pre-tax-income,total-provision-income-taxes,income-after-taxes,income-from-continuous-operations,net-income,ebitda,ebit,basic-shares-outstanding,shares-outstanding,eps-basic-net-earnings-per-share,eps-earnings-per-share-diluted,cash-on-hand,inventory,other-current-assets,total-current-assets,net-property-plant-equipment,long-term-investments,goodwill-intangible-assets-total,other-long-term-assets,total-long-term-assets,total-assets,total-current-liabilities,long-term-debt,other-non-current-liabilities,total-long-term-liabilities,total-liabilities,common-stock-net,retained-earnings-accumulated-deficit,comprehensive-income,total-share-holder-equity,total-liabilities-share-holders-equity,net-income-loss,total-depreciation-amortization-cash-flow,other-non-cash-items,total-non-cash-items,change-in-accounts-receivable,change-in-inventories,change-in-accounts-payable,change-in-assets-liabilities,total-change-in-assets-liabilities,cash-flow-from-operating-activities,net-change-in-property-plant-equipment,net-change-in-intangible-assets,net-acquisitions-divestitures,net-change-in-short-term-investments,net-change-in-long-term-investments,net-change-in-investments-total,investing-activities-other,cash-flow-from-investing-activities,net-long-term-debt,net-current-debt,debt-issuance-retirement-net-total,net-common-equity-issued-repurchased,net-total-equity-issued-repurchased,total-common-preferred-stock-dividends-paid,financial-activities-other,cash-flow-from-financial-activities,net-cash-flow,stock-based-compensation,common-stock-dividends-paid
0,2018-09-30,64.45,$8.90,7.24,$11.33,5.69,$1.40,46.11,$0.43,149.88,$0.13B,$0.05B,2.68,$0.20B,$0.30B,0.66,$0.39B,$0.24B,62.27%,$0.39B,$0.03B,7.24%,$0.39B,$0.03B,7.24%,$0.39B,$0.07B,18.35%,$0.39B,$0.02B,4.91%,$0.39B,$0.02B,4.13%,$0.02B,$0.30B,5.95%,$0.02B,$-0.07B,-16.33%,$0.02B,$0.57B,2.94%,$0.03B,$0.49B,6.02%,$100,$37,$63,$2,$36,$83,$17,$-3,$15,$-1,$16,$16,$16,$28,$17,$33,36,$0.48,$0.45,$63,$9,$0,$134,$48,$0,$369,$2,$440,$574,$50,$195,$34,$229,$279,$0,$-126,$-0,$296,$574,$31,$30,$20,$50,$-29,$-3,$1,$2,$-37,$44,$-17,$0,$0,$0,$0,$0,$0,$-17,$-5,$0,$-5,$11,$11,$0,$-6,$1,$27,$6,$0
1,2018-06-30,45.0,$8.35,5.39,$11.09,4.06,$0.61,73.55,$-0.09,0.0,$0.11B,$0.05B,2.29,$0.20B,$0.27B,0.72,$0.37B,$0.23B,61.68%,$0.37B,$0.01B,2.72%,$0.37B,$0.01B,2.72%,$0.37B,$0.05B,13.86%,$0.37B,$0.00B,0.27%,$0.37B,$-0.00B,-0.54%,$-0.00B,$0.27B,-0.76%,$-0.00B,$-0.10B,1.91%,$-0.00B,$0.55B,-0.38%,$0.01B,$0.47B,2.18%,$101,$36,$66,$3,$40,$90,$11,$-2,$9,$-2,$10,$10,$10,$21,$11,$32,36,$0.32,$0.29,$39,$8,$0,$105,$48,$0,$372,$2,$443,$548,$46,$196,$34,$229,$275,$0,$-142,$-0,$273,$548,$15,$20,$13,$33,$-23,$-2,$-1,$2,$-33,$16,$-10,$0,$0,$0,$0,$0,$0,$-10,$-3,$0,$-3,$6,$6,$0,$-6,$-3,$3,$5,$0
2,2018-03-31,31.05,$7.82,3.97,$10.08,3.08,$0.58,53.46,$-0.33,0.0,$0.10B,$0.05B,1.96,$0.20B,$0.26B,0.77,$0.33B,$0.20B,60.62%,$0.33B,$0.00B,0.92%,$0.33B,$0.00B,0.92%,$0.33B,$0.04B,11.69%,$0.33B,$-0.01B,-1.54%,$0.33B,$-0.01B,-3.08%,$-0.01B,$0.26B,-4.34%,$-0.01B,$-0.11B,16.33%,$-0.01B,$0.53B,-2.25%,$0.00B,$0.45B,0.78%,$94,$36,$58,$3,$38,$88,$7,$-2,$5,$-0,$5,$5,$6,$17,$7,$33,35,$0.18,$0.17,$36,$6,$0,$98,$48,$0,$361,$2,$430,$528,$50,$197,$24,$221,$272,$0,$-153,$-0,$256,$528,$5,$10,$6,$16,$-14,$-1,$2,$1,$-12,$9,$-4,$0,$0,$0,$0,$0,$0,$-4,$-1,$0,$-1,$2,$2,$0,$-6,$-5,$0,$2,$0
3,2017-12-31,29.9,$7.69,3.89,$9.18,3.26,$0.49,61.17,$-0.49,0.0,$0.09B,$0.05B,1.77,$0.20B,$0.25B,0.8,$0.29B,$0.17B,59.93%,$0.29B,$-0.00B,-0.70%,$0.29B,$-0.00B,-0.70%,$0.29B,$0.03B,9.41%,$0.29B,$-0.01B,-3.83%,$0.29B,$-0.02B,-5.57%,$-0.02B,$0.25B,-7.92%,$-0.02B,$-0.12B,90.14%,$-0.02B,$0.53B,-4.40%,$-0.00B,$0.45B,-0.64%,$92,$37,$54,$3,$38,$99,$-7,$-2,$-10,$7,$-17,$-17,$-16,$5,$-7,$30,30,$-0.53,$-0.52,$36,$5,$0,$90,$49,$0,$365,$3,$434,$525,$51,$199,$25,$224,$275,$0,$-159,$-0,$250,$525,$-17,$29,$38,$66,$-15,$1,$-10,$-1,$-25,$24,$-14,$0,$-161,$-2,$0,$-2,$0,$-177,$176,$-3,$173,$6,$6,$0,$-13,$166,$13,$8,$0
4,2017-09-30,33.0,$8.28,3.99,$7.93,4.16,$1.07,30.73,$1.29,25.58,$0.08B,$0.05B,1.6,$0.20B,$0.27B,0.75,$0.25B,$0.15B,60.64%,$0.25B,$0.01B,3.21%,$0.25B,$0.01B,3.21%,$0.25B,$0.03B,11.65%,$0.25B,$0.00B,0.80%,$0.25B,$0.04B,16.06%,$0.04B,$0.27B,22.96%,$0.04B,$-0.10B,148.15%,$0.04B,$0.52B,14.17%,$0.01B,$0.47B,3.31%,$81,$32,$49,$3,$35,$82,$-1,$-2,$-3,$-0,$-3,$-3,$-2,$8,$-1,$32,32,$-0.07,$-0.07,$26,$6,$0,$78,$57,$0,$368,$3,$442,$521,$49,$200,$3,$204,$252,$0,$-143,$0,$268,$521,$-1,$17,$13,$30,$-9,$-0,$-9,$0,$-18,$11,$-12,$0,$-166,$-2,$0,$-2,$0,$-180,$178,$-3,$175,$6,$6,$0,$-8,$172,$3,$6,$0
5,2017-06-30,33.45,$5.11,6.55,$7.11,4.71,$1.69,19.75,$1.50,22.3,$0.07B,$0.03B,2.03,$0.02B,$0.15B,0.16,$0.22B,$0.14B,61.09%,$0.22B,$0.01B,6.33%,$0.22B,$0.01B,6.33%,$0.22B,$0.03B,13.57%,$0.22B,$0.01B,4.07%,$0.22B,$0.05B,20.81%,$0.05B,$0.15B,35.11%,$0.05B,$0.07B,78.97%,$0.05B,$0.20B,23.80%,$0.01B,$0.17B,9.06%,$58,$22,$36,$3,$22,$54,$4,$-1,$3,$1,$2,$2,$2,$8,$4,$29,32,$0.06,$0.05,$27,$4,$0,$66,$27,$0,$73,$2,$138,$204,$32,$23,$2,$25,$57,$0,$-141,$-0,$147,$204,$2,$8,$10,$17,$-7,$1,$-3,$-0,$-9,$11,$-6,$0,$0,$-2,$0,$-2,$0,$-8,$-1,$0,$-1,$4,$4,$0,$-2,$1,$4,$4,$0
6,2017-03-31,28.95,$4.99,5.8,$7.00,4.14,$1.94,14.94,$1.59,18.21,$0.06B,$0.03B,1.89,$0.02B,$0.14B,0.16,$0.22B,$0.13B,61.11%,$0.22B,$0.02B,6.94%,$0.22B,$0.02B,6.94%,$0.22B,$0.03B,14.35%,$0.22B,$0.01B,4.63%,$0.22B,$0.05B,22.69%,$0.05B,$0.14B,42.15%,$0.05B,$0.07B,110.11%,$0.05B,$0.21B,27.03%,$0.02B,$0.17B,10.47%,$56,$23,$33,$2,$24,$54,$2,$-3,$-1,$-1,$0,$0,$0,$6,$2,$28,31,$0.01,$0.01,$25,$4,$0,$64,$26,$0,$74,$3,$141,$205,$34,$23,$4,$28,$62,$0,$-143,$-0,$143,$205,$0,$4,$5,$8,$-7,$1,$0,$0,$-4,$5,$-3,$0,$0,$0,$0,$0,$0,$-3,$-0,$0,$-0,$3,$3,$0,$-2,$0,$2,$3,$0
7,2016-12-31,22.35,$4.92,4.55,$6.86,3.26,$2.04,10.94,$1.72,12.99,$0.06B,$0.03B,1.89,$0.02B,$0.14B,0.17,$0.21B,$0.13B,62.20%,$0.21B,$0.02B,8.61%,$0.21B,$0.02B,8.61%,$0.21B,$0.03B,15.79%,$0.21B,$0.02B,7.18%,$0.21B,$0.05B,25.36%,$0.05B,$0.14B,52.61%,$0.05B,$0.06B,151.43%,$0.05B,$0.20B,32.67%,$0.02B,$0.16B,14.15%,$54,$21,$33,$2,$22,$51,$3,$-1,$3,$-38,$40,$40,$40,$7,$3,$28,30,$1.44,$1.32,$23,$5,$0,$60,$26,$0,$75,$2,$139,$199,$32,$24,$5,$29,$60,$0,$-143,$-0,$139,$199,$53,$14,$-21,$-7,$-9,$-1,$3,$-1,$-8,$39,$-11,$0,$-25,$-0,$0,$-0,$0,$-36,$-2,$3,$1,$3,$3,$0,$-2,$1,$4,$7,$0
8,2016-09-30,18.57,$3.37,5.52,$6.70,2.77,$1.15,16.13,$0.52,35.71,$0.07B,$0.04B,1.6,$0.02B,$0.10B,0.26,$0.20B,$0.13B,61.88%,$0.20B,$0.02B,8.91%,$0.20B,$0.02B,8.91%,$0.20B,$0.03B,16.34%,$0.20B,$0.02B,7.43%,$0.20B,$0.02B,7.92%,$0.02B,$0.10B,18.82%,$0.02B,$0.03B,62.75%,$0.02B,$0.17B,11.15%,$0.02B,$0.12B,16.22%,$53,$20,$33,$2,$21,$48,$5,$-1,$4,$0,$4,$4,$4,$9,$5,$28,31,$0.15,$0.14,$32,$4,$0,$68,$26,$0,$69,$2,$97,$165,$43,$24,$2,$27,$70,$0,$-184,$-0,$95,$165,$13,$11,$12,$22,$-8,$-1,$1,$-2,$-9,$26,$-9,$0,$-18,$0,$0,$0,$0,$-26,$-1,$15,$13,$2,$2,$0,$-2,$13,$13,$4,$0
9,2016-06-30,16.3,$3.16,5.16,$6.47,2.52,$0.46,35.12,$0.46,35.43,$0.06B,$0.03B,2.07,$0.04B,$0.09B,0.41,$0.19B,$0.12B,61.46%,$0.19B,$0.02B,8.33%,$0.19B,$0.02B,8.33%,$0.19B,$0.03B,15.63%,$0.19B,$0.01B,7.29%,$0.19B,$0.01B,7.29%,$0.01B,$0.09B,17.72%,$0.01B,$0.02B,57.73%,$0.01B,$0.16B,10.55%,$0.02B,$0.13B,15.27%,$53,$20,$33,$2,$22,$48,$5,$-1,$4,$-0,$5,$5,$5,$9,$5,$28,31,$0.17,$0.15,$25,$3,$0,$59,$26,$0,$69,$1,$97,$156,$29,$36,$2,$39,$68,$0,$-188,$-0,$88,$156,$9,$7,$8,$15,$-6,$-1,$2,$0,$-6,$18,$-6,$0,$-18,$0,$0,$0,$0,$-24,$-1,$15,$14,$1,$1,$0,$-2,$13,$6,$3,$0
10,2016-03-31,11.68,$2.92,4.0,$6.29,1.86,$-0.05,0.0,$0.40,29.2,$0.05B,$0.02B,2.13,$0.02B,$0.08B,0.27,$0.18B,$0.11B,60.87%,$0.18B,$0.01B,7.61%,$0.18B,$0.01B,7.61%,$0.18B,$0.03B,14.67%,$0.18B,$0.01B,6.52%,$0.18B,$0.01B,5.98%,$0.01B,$0.08B,14.92%,$0.01B,$0.03B,46.81%,$0.01B,$0.13B,8.89%,$0.01B,$0.10B,14.58%,$49,$18,$31,$2,$20,$44,$5,$-0,$4,$0,$4,$4,$4,$8,$5,$27,30,$0.15,$0.14,$23,$3,$0,$52,$26,$0,$49,$2,$77,$129,$24,$22,$0,$24,$48,$0,$-192,$-0,$81,$129,$4,$3,$4,$7,$-3,$-0,$2,$0,$-3,$8,$-4,$0,$0,$0,$0,$0,$0,$-4,$-0,$0,$-0,$1,$1,$0,$-1,$-1,$4,$1,$0
11,2015-12-31,11.68,$2.78,4.2,$6.25,1.87,$-0.46,0.0,$0.26,44.92,$0.05B,$0.02B,1.97,$0.02B,$0.08B,0.29,$0.18B,$0.11B,59.55%,$0.18B,$0.01B,5.06%,$0.18B,$0.01B,5.06%,$0.18B,$0.02B,12.36%,$0.18B,$0.01B,4.49%,$0.18B,$0.01B,3.93%,$0.01B,$0.08B,10.07%,$0.01B,$0.03B,37.33%,$0.01B,$0.12B,5.80%,$0.01B,$0.10B,9.76%,$47,$19,$28,$2,$20,$43,$3,$-0,$3,$0,$3,$3,$3,$7,$3,$27,29,$0.10,$0.10,$19,$2,$0,$47,$26,$0,$50,$2,$77,$124,$24,$22,$1,$24,$48,$0,$-196,$-0,$76,$124,$7,$12,$13,$26,$-8,$0,$-5,$-6,$-19,$14,$-14,$0,$0,$0,$0,$0,$0,$-14,$-1,$0,$-1,$1,$1,$0,$-2,$-2,$-1,$5,$0
12,2015-09-30,12.24,$2.62,4.67,$6.30,1.94,$-0.63,0.0,$0.10,122.4,$0.05B,$0.03B,1.75,$0.02B,$0.07B,0.31,$0.18B,$0.10B,58.86%,$0.18B,$0.01B,2.86%,$0.18B,$0.01B,2.86%,$0.18B,$0.02B,10.29%,$0.18B,$0.00B,2.29%,$0.18B,$0.00B,1.14%,$0.00B,$0.07B,3.01%,$0.00B,$0.02B,13.33%,$0.00B,$0.12B,1.66%,$0.01B,$0.09B,5.59%,$43,$17,$26,$2,$18,$40,$3,$-0,$3,$0,$2,$2,$2,$6,$3,$27,29,$0.09,$0.08,$15,$3,$0,$45,$25,$0,$50,$2,$77,$122,$26,$22,$0,$25,$51,$0,$-199,$-0,$71,$122,$5,$9,$11,$20,$-7,$-0,$-3,$-7,$-17,$7,$-10,$0,$0,$0,$0,$0,$0,$-10,$-1,$0,$-1,$0,$0,$0,$-0,$-1,$-5,$3,$0
13,2015-06-30,9.43,$2.48,3.8,$6.44,1.46,$-0.73,0.0,$0.02,471.5,$0.04B,$0.03B,1.58,$0.02B,$0.07B,0.34,$0.18B,$0.10B,57.71%,$0.18B,$0.00B,1.14%,$0.18B,$0.00B,1.14%,$0.18B,$0.02B,9.14%,$0.18B,$0.00B,0.57%,$0.18B,0,0.00%,$0.00B,$0.07B,0.00%,$0.00B,$0.02B,0.00%,$0.00B,$0.12B,0.00%,$0.00B,$0.09B,2.32%,$45,$18,$27,$2,$19,$42,$3,$-0,$2,$-0,$2,$2,$2,$6,$3,$27,29,$0.08,$0.08,$15,$3,$0,$43,$24,$0,$51,$2,$77,$120,$28,$23,$0,$25,$53,$0,$-201,$-0,$67,$120,$2,$6,$7,$13,$-4,$-1,$-1,$-6,$-12,$3,$-7,$0,$0,$0,$0,$0,$0,$-7,$-1,$0,$-1,$0,$0,$0,$-1,$-2,$-5,$2,$0
14,2015-03-31,8.85,$2.35,3.76,$6.50,1.36,$-0.74,0.0,$-0.21,0.0,$0.04B,$0.03B,1.54,$0.02B,$0.06B,0.36,$0.17B,$0.10B,56.65%,$0.17B,$-0.00B,-0.58%,$0.17B,$-0.00B,-0.58%,$0.17B,$0.01B,7.51%,$0.17B,$-0.01B,-2.89%,$0.17B,$-0.01B,-3.47%,$-0.01B,$0.06B,-9.41%,$-0.01B,$0.01B,-42.11%,$-0.01B,$0.12B,-5.03%,$-0.00B,$0.09B,-1.19%,$43,$18,$25,$2,$19,$43,$0,$-0,$0,$0,$-0,$-0,$-0,$3,$0,$27,27,$0.00,$0.00,$12,$3,$0,$42,$21,$0,$52,$1,$75,$117,$28,$23,$0,$26,$53,$0,$-204,$-0,$64,$117,$-0,$3,$4,$7,$-3,$-0,$-1,$-6,$-11,$-5,$-2,$0,$0,$0,$0,$0,$0,$-2,$-0,$0,$-0,$0,$0,$0,$-1,$-1,$-8,$1,$0
15,2014-12-31,10.03,$2.39,4.2,$6.31,1.59,$-0.72,0.0,$-0.37,0.0,$0.05B,$0.04B,1.39,$0.02B,$0.06B,0.37,$0.17B,$0.10B,56.89%,$0.17B,$-0.01B,-2.99%,$0.17B,$-0.01B,-2.99%,$0.17B,$0.01B,5.39%,$0.17B,$-0.01B,-7.19%,$0.17B,$-0.01B,-5.99%,$-0.01B,$0.06B,-15.63%,$-0.01B,$0.01B,-57.97%,$-0.01B,$0.12B,-8.57%,$-0.01B,$0.09B,-6.19%,$44,$19,$25,$2,$19,$44,$-1,$-1,$-1,$0,$-2,$-2,$-2,$3,$-1,$26,26,$-0.06,$-0.06,$20,$3,$0,$49,$22,$0,$52,$1,$75,$124,$35,$23,$0,$25,$61,$0,$-204,$0,$64,$124,$-10,$13,$11,$24,$-13,$0,$0,$6,$-5,$9,$-13,$0,$-14,$0,$0,$0,$0,$-27,$15,$0,$15,$1,$1,$0,$-0,$16,$-2,$4,$0
16,2014-09-30,6.71,$2.40,2.8,$5.96,1.13,$-0.45,0.0,$-0.31,0.0,$0.04B,$0.03B,1.22,$0.02B,$0.06B,0.27,$0.16B,$0.09B,58.33%,$0.16B,$-0.00B,-2.56%,$0.16B,$-0.00B,-2.56%,$0.16B,$0.01B,5.77%,$0.16B,$-0.01B,-7.05%,$0.16B,$-0.01B,-5.13%,$-0.01B,$0.06B,-12.36%,$-0.01B,$0.02B,-31.68%,$-0.01B,$0.12B,-7.42%,$-0.00B,$0.08B,-5.28%,$43,$19,$24,$2,$18,$43,$0,$-0,$0,$0,$-0,$-0,$-0,$4,$0,$27,27,$0.00,$0.00,$12,$3,$0,$42,$29,$0,$46,$1,$76,$118,$34,$18,$0,$20,$54,$0,$-202,$0,$64,$118,$-8,$9,$7,$17,$-11,$0,$-0,$7,$-4,$5,$-10,$0,$-14,$0,$0,$0,$0,$-24,$9,$0,$9,$1,$1,$0,$0,$10,$-10,$3,$0
17,2014-06-30,7.17,$2.37,3.02,$5.58,1.29,$-0.16,0.0,$-0.43,0.0,$0.04B,$0.04B,1.17,$0.02B,$0.06B,0.28,$0.15B,$0.09B,59.31%,$0.15B,$-0.01B,-4.83%,$0.15B,$-0.01B,-4.83%,$0.15B,$0.01B,4.14%,$0.15B,$-0.01B,-9.66%,$0.15B,$-0.01B,-7.59%,$-0.01B,$0.06B,-16.86%,$-0.01B,$0.02B,-35.48%,$-0.01B,$0.12B,-10.95%,$-0.01B,$0.08B,-9.72%,$43,$19,$24,$2,$18,$43,$-0,$-4,$-4,$0,$-4,$-4,$-4,$3,$-0,$26,26,$-0.15,$-0.15,$14,$3,$0,$42,$29,$0,$46,$1,$77,$118,$36,$18,$0,$20,$56,$0,$-202,$0,$63,$118,$-8,$6,$5,$11,$-8,$-0,$1,$7,$1,$4,$-8,$0,$-14,$0,$0,$0,$0,$-22,$9,$0,$9,$0,$0,$0,$0,$9,$-9,$2,$0
18,2014-03-31,10.09,$2.47,4.09,$5.22,1.93,$0.01,0.0,$-0.37,0.0,$0.04B,$0.03B,1.34,$0.01B,$0.07B,0.16,$0.13B,$0.08B,60.45%,$0.13B,$-0.01B,-6.72%,$0.13B,$-0.01B,-6.72%,$0.13B,$0.00B,2.24%,$0.13B,$-0.01B,-8.96%,$0.13B,$-0.01B,-6.72%,$-0.01B,$0.07B,-13.53%,$-0.01B,$0.02B,-23.84%,$-0.01B,$0.11B,-9.63%,$-0.01B,$0.08B,-13.04%,$37,$16,$22,$2,$18,$41,$-4,$-3,$-7,$-3,$-4,$-4,$-4,$-1,$-4,$26,26,$-0.16,$-0.16,$12,$3,$0,$41,$25,$0,$41,$1,$67,$107,$30,$10,$0,$12,$43,$0,$-198,$0,$65,$107,$-4,$3,$1,$3,$-5,$-0,$2,$4,$-1,$-2,$-4,$0,$-6,$0,$0,$0,$0,$-10,$1,$0,$1,$0,$0,$0,$0,$2,$-10,$1,$0
19,2013-12-31,7.94,$2.59,3.07,$5.08,1.56,$0.23,34.86,$-0.29,0.0,$0.04B,$0.02B,2.32,$0.00B,$0.07B,0.01,$0.13B,$0.08B,61.24%,$0.13B,$-0.01B,-5.43%,$0.13B,$-0.01B,-5.43%,$0.13B,$0.01B,3.88%,$0.13B,$-0.01B,-5.43%,$0.13B,$-0.01B,-5.43%,$-0.01B,$0.07B,-10.37%,$-0.01B,$0.04B,-16.47%,$-0.01B,$0.09B,-7.87%,$-0.01B,$0.07B,-10.37%,$33,$12,$21,$2,$16,$33,$0,$-0,$0,$0,$0,$0,$0,$3,$0,$26,26,$0.00,$0.00,$22,$3,$0,$44,$19,$0,$24,$1,$43,$88,$19,$0,$0,$2,$21,$0,$-194,$0,$67,$88,$-7,$12,$11,$23,$-5,$0,$2,$-1,$-5,$11,$-8,$0,$0,$0,$0,$0,$0,$-8,$-0,$0,$-0,$1,$1,$0,$0,$1,$4,$3,$0
20,2013-09-30,9.91,$2.56,3.88,$4.99,1.99,$0.10,101.12,$-0.46,0.0,$0.05B,$0.02B,2.17,$0.00B,$0.07B,0.01,$0.13B,$0.08B,59.52%,$0.13B,$-0.01B,-9.52%,$0.13B,$-0.01B,-9.52%,$0.13B,0,0.00%,$0.13B,$-0.01B,-9.52%,$0.13B,$-0.01B,-8.73%,$-0.01B,$0.07B,-16.12%,$-0.01B,$0.04B,-25.73%,$-0.01B,$0.09B,-12.29%,$-0.01B,$0.07B,-17.58%,$32,$13,$19,$2,$16,$35,$-3,$-0,$-3,$0,$-3,$-3,$-3,$1,$-3,$26,26,$-0.12,$-0.12,$21,$3,$0,$46,$18,$0,$24,$1,$43,$89,$21,$1,$0,$2,$23,$0,$-194,$0,$66,$89,$-7,$9,$8,$18,$-4,$-1,$2,$-1,$-3,$7,$-5,$0,$0,$0,$0,$0,$0,$-5,$-0,$0,$-0,$1,$1,$0,$0,$1,$3,$3,$0
21,2013-06-30,5.9,$2.65,2.23,$4.83,1.22,$-0.02,0.0,$-0.46,0.0,$0.05B,$0.02B,2.18,$0.00B,$0.07B,0.0,$0.12B,$0.07B,59.50%,$0.12B,$-0.01B,-9.92%,$0.12B,$-0.01B,-9.92%,$0.12B,$-0.00B,-1.65%,$0.12B,$-0.01B,-9.92%,$0.12B,$-0.01B,-9.09%,$-0.01B,$0.07B,-15.71%,$-0.01B,$0.04B,-25.00%,$-0.01B,$0.09B,-12.12%,$-0.01B,$0.07B,-17.14%,$32,$13,$19,$2,$15,$34,$-2,$-0,$-2,$0,$-2,$-2,$-2,$0,$-2,$26,26,$-0.09,$-0.09,$19,$4,$0,$46,$19,$0,$25,$1,$44,$90,$21,$0,$0,$1,$22,$0,$-191,$0,$68,$90,$-4,$6,$6,$12,$-3,$-1,$2,$-2,$-3,$4,$-3,$0,$0,$0,$0,$0,$0,$-3,$0,$0,$0,$0,$0,$0,$0,$0,$1,$2,$0
22,2013-03-31,2.43,$2.72,0.89,$4.67,0.52,$-0.31,0.0,$-0.42,0.0,$0.04B,$0.02B,2.32,$0.00B,$0.07B,0.0,$0.12B,$0.07B,60.34%,$0.12B,$-0.01B,-10.34%,$0.12B,$-0.01B,-10.34%,$0.12B,$-0.00B,-0.86%,$0.12B,$-0.01B,-10.34%,$0.12B,$-0.01B,-8.62%,$-0.01B,$0.07B,-13.94%,$-0.01B,$0.04B,-20.00%,$-0.01B,$0.09B,-10.99%,$-0.01B,$0.07B,-16.72%,$32,$13,$20,$2,$16,$34,$-2,$-0,$-2,$0,$-2,$-2,$-2,$1,$-2,$25,25,$-0.08,$-0.08,$18,$3,$0,$44,$19,$0,$25,$1,$45,$89,$19,$0,$0,$1,$20,$0,$-189,$0,$69,$89,$-2,$3,$3,$6,$-2,$-0,$1,$-0,$-2,$2,$-2,$0,$0,$0,$0,$0,$0,$-2,$0,$0,$0,$0,$0,$0,$0,$0,$0,$1,$0
23,2012-12-31,2.28,$2.78,0.82,$4.48,0.51,$-0.44,0.0,$-0.48,0.0,$0.04B,$0.02B,2.35,$0.00B,$0.07B,0.0,$0.11B,$0.07B,59.46%,$0.11B,$-0.01B,-12.61%,$0.11B,$-0.01B,-12.61%,$0.11B,$-0.00B,-2.70%,$0.11B,$-0.01B,-12.61%,$0.11B,$-0.01B,-10.81%,$-0.01B,$0.07B,-16.33%,$-0.01B,$0.04B,-21.43%,$-0.01B,$0.09B,-13.11%,$-0.01B,$0.07B,-19.05%,$30,$13,$17,$1,$15,$35,$-5,$-0,$-5,$-0,$-4,$-4,$-4,$-2,$-5,$25,25,$-0.18,$-0.18,$18,$3,$0,$43,$20,$0,$26,$1,$47,$90,$18,$0,$0,$2,$20,$0,$-186,$0,$70,$90,$-12,$10,$14,$24,$-4,$-1,$1,$1,$-6,$6,$-6,$0,$-28,$28,$0,$28,$0,$-6,$0,$0,$0,$0,$0,$0,$0,$0,$-0,$4,$0
24,2012-09-30,2.52,$2.93,0.86,$4.38,0.58,$-0.39,0.0,$-2.34,0.0,$0.05B,$0.02B,2.4,$0.00B,$0.07B,0.0,$0.11B,$0.07B,61.11%,$0.11B,$-0.06B,-54.63%,$0.11B,$-0.06B,-54.63%,$0.11B,$-0.00B,-1.85%,$0.11B,$-0.06B,-54.63%,$0.11B,$-0.06B,-53.70%,$-0.06B,$0.07B,-76.82%,$-0.06B,$0.05B,-92.06%,$-0.06B,$0.09B,-62.53%,$-0.06B,$0.07B,-78.15%,$27,$11,$16,$1,$14,$30,$-3,$0,$-3,$0,$-3,$-3,$-3,$-1,$-3,$25,25,$-0.12,$-0.12,$18,$2,$0,$45,$21,$0,$27,$2,$49,$94,$19,$0,$2,$2,$21,$0,$-182,$0,$73,$94,$-8,$7,$11,$17,$-3,$-0,$1,$-0,$-6,$4,$-4,$0,$-28,$28,$0,$28,$0,$-5,$0,$0,$0,$0,$0,$0,$0,$0,$-1,$3,$0
25,2012-06-30,2.03,$3.02,0.67,$4.39,0.46,$-0.45,0.0,$-2.51,0.0,$0.06B,$0.02B,4.39,$0.00B,$0.08B,0.0,$0.11B,$0.06B,59.26%,$0.11B,$-0.06B,-58.33%,$0.11B,$-0.06B,-58.33%,$0.11B,$-0.01B,-4.63%,$0.11B,$-0.06B,-58.33%,$0.11B,$-0.06B,-57.41%,$-0.06B,$0.08B,-69.66%,$-0.06B,$0.07B,-88.26%,$-0.06B,$0.09B,-58.49%,$-0.06B,$0.08B,-70.79%,$27,$11,$17,$1,$14,$29,$-2,$0,$-2,$-0,$-1,$-1,$-1,$1,$-2,$25,25,$-0.05,$-0.05,$34,$2,$0,$64,$17,$0,$9,$2,$27,$91,$15,$0,$1,$1,$16,$0,$-179,$-0,$75,$91,$-5,$4,$7,$11,$-8,$0,$-1,$-0,$-10,$-4,$-3,$0,$-6,$7,$0,$7,$0,$-2,$0,$0,$0,$0,$0,$0,$0,$0,$-5,$2,$0
26,2012-03-31,3.08,$3.07,1.0,$4.58,0.67,$-0.21,0.0,$-2.58,0.0,$0.06B,$0.01B,4.58,$0.00B,$0.08B,0.0,$0.11B,$0.07B,58.41%,$0.11B,$-0.06B,-56.64%,$0.11B,$-0.06B,-56.64%,$0.11B,$-0.01B,-4.42%,$0.11B,$-0.06B,-56.64%,$0.11B,$-0.06B,-56.64%,$-0.06B,$0.08B,-61.84%,$-0.06B,$0.07B,-86.78%,$-0.06B,$0.09B,-52.78%,$-0.06B,$0.08B,-61.84%,$27,$11,$16,$1,$15,$31,$-4,$0,$-4,$0,$-4,$-4,$-4,$-1,$-4,$25,25,$-0.14,$-0.14,$37,$1,$0,$64,$17,$0,$8,$1,$27,$91,$14,$0,$2,$2,$16,$0,$-178,$-0,$76,$91,$-4,$2,$4,$6,$-2,$0,$-1,$-0,$-4,$-2,$-1,$0,$-6,$4,$0,$4,$0,$-4,$0,$0,$0,$0,$0,$0,$0,$0,$-5,$1,$0
27,2011-12-31,2.37,$3.18,0.75,$4.88,0.49,$-0.18,0.0,$-2.50,0.0,$0.07B,$0.02B,4.71,$0.00B,$0.08B,0.0,$0.12B,$0.07B,58.33%,$0.12B,$-0.06B,-51.67%,$0.12B,$-0.06B,-51.67%,$0.12B,$-0.00B,-1.67%,$0.12B,$-0.06B,-51.67%,$0.12B,$-0.06B,-51.67%,$-0.06B,$0.08B,-52.43%,$-0.06B,$0.07B,-80.00%,$-0.06B,$0.10B,-45.26%,$-0.06B,$0.08B,-52.43%,$27,$10,$17,$1,$13,$76,$-50,$0,$-50,$0,$-50,$-50,$-50,$-1,$-50,$24,24,$-2.04,$-2.04,$46,$2,$0,$73,$15,$0,$6,$1,$22,$95,$15,$0,$0,$2,$17,$0,$-174,$-0,$78,$95,$-61,$59,$16,$74,$-7,$-1,$-3,$4,$-8,$5,$-4,$0,$0,$-2,$0,$-2,$0,$-6,$0,$0,$0,$1,$1,$0,$0,$1,$-0,$4,$0
28,2011-09-30,3.0,$5.20,0.58,$4.97,0.6,$-0.01,0.0,$-0.67,0.0,$0.08B,$0.02B,4.83,$0.00B,$0.13B,0.0,$0.12B,$0.07B,57.38%,$0.12B,$-0.02B,-13.93%,$0.12B,$-0.02B,-13.93%,$0.12B,$-0.00B,-1.64%,$0.12B,$-0.02B,-13.93%,$0.12B,$-0.02B,-13.93%,$-0.02B,$0.13B,-12.83%,$-0.02B,$0.08B,-21.25%,$-0.02B,$0.15B,-11.15%,$-0.02B,$0.13B,-12.83%,$27,$12,$14,$1,$15,$34,$-7,$0,$-7,$0,$-7,$-7,$-7,$-4,$-7,$24,24,$-0.29,$-0.29,$43,$2,$0,$75,$16,$0,$52,$3,$72,$147,$16,$0,$0,$4,$20,$0,$-125,$-0,$127,$147,$-12,$10,$12,$22,$-8,$-0,$-1,$0,$-10,$0,$-3,$0,$0,$-3,$0,$-3,$0,$-6,$0,$0,$0,$1,$1,$0,$0,$1,$-5,$3,$0
29,2011-06-30,5.31,$5.47,0.97,$5.02,1.06,$-0.23,0.0,$-0.69,0.0,$0.08B,$0.02B,5.23,$0.00B,$0.13B,0.0,$0.12B,$0.07B,59.02%,$0.12B,$-0.02B,-14.75%,$0.12B,$-0.02B,-14.75%,$0.12B,$-0.00B,-2.46%,$0.12B,$-0.02B,-13.93%,$0.12B,$-0.02B,-13.93%,$-0.02B,$0.13B,-12.55%,$-0.02B,$0.08B,-20.18%,$-0.02B,$0.15B,-11.02%,$-0.02B,$0.13B,-13.28%,$32,$13,$19,$1,$16,$35,$-3,$0,$-3,$0,$-3,$-3,$-3,$1,$-3,$24,24,$-0.12,$-0.12,$45,$1,$0,$79,$18,$0,$53,$3,$73,$152,$15,$0,$0,$4,$19,$0,$-117,$-0,$133,$152,$-5,$7,$7,$14,$-6,$0,$-2,$-0,$-9,$1,$-2,$0,$0,$-2,$0,$-2,$0,$-4,$0,$0,$0,$0,$0,$0,$0,$0,$-2,$2,$0
30,2011-03-31,4.79,$5.54,0.86,$5.05,0.95,$-0.21,0.0,$-0.66,0.0,$0.08B,$0.02B,5.23,$0.00B,$0.14B,0.0,$0.12B,$0.07B,59.84%,$0.12B,$-0.02B,-13.93%,$0.12B,$-0.02B,-13.93%,$0.12B,$-0.00B,-2.46%,$0.12B,$-0.02B,-13.11%,$0.12B,$-0.02B,-13.11%,$-0.02B,$0.14B,-11.55%,$-0.02B,$0.08B,-18.08%,$-0.02B,$0.15B,-10.22%,$-0.02B,$0.14B,-12.27%,$34,$14,$20,$2,$18,$36,$-2,$0,$-2,$0,$-2,$-2,$-2,$2,$-2,$24,24,$-0.06,$-0.06,$43,$1,$0,$78,$19,$0,$53,$4,$76,$154,$15,$0,$0,$4,$19,$0,$-114,$-0,$135,$154,$-2,$3,$4,$7,$-4,$0,$-1,$-1,$-8,$-2,$-0,$0,$0,$2,$0,$2,$0,$2,$0,$0,$0,$0,$0,$0,$0,$0,$-0,$1,$0
31,2010-12-31,4.68,$5.56,0.84,$4.99,0.94,$-0.29,0.0,$-0.83,0.0,$0.08B,$0.02B,4.48,$0.00B,$0.14B,0.0,$0.12B,$0.07B,60.83%,$0.12B,$-0.02B,-16.67%,$0.12B,$-0.02B,-16.67%,$0.12B,$-0.01B,-5.83%,$0.12B,$-0.02B,-15.83%,$0.12B,$-0.02B,-15.83%,$-0.02B,$0.14B,-13.48%,$-0.02B,$0.08B,-20.49%,$-0.02B,$0.16B,-11.99%,$-0.02B,$0.14B,-14.18%,$29,$12,$17,$1,$15,$33,$-5,$0,$-5,$0,$-5,$-5,$-5,$-1,$-5,$24,24,$-0.19,$-0.19,$45,$1,$0,$78,$22,$0,$53,$4,$79,$157,$17,$0,$0,$4,$22,$0,$-113,$0,$135,$157,$-20,$12,$23,$35,$-3,$0,$-1,$-2,$-5,$10,$-5,$0,$-10,$-27,$0,$-27,$0,$-42,$0,$0,$0,$1,$1,$0,$0,$1,$-30,$4,$0
32,2010-09-30,4.51,$5.73,0.79,$5.20,0.87,$-1.00,0.0,$-1.30,0.0,$0.09B,$0.01B,5.94,$0.00B,$0.14B,0.0,$0.12B,$0.08B,61.29%,$0.12B,$-0.03B,-25.00%,$0.12B,$-0.03B,-25.00%,$0.12B,$-0.02B,-14.52%,$0.12B,$-0.03B,-23.39%,$0.12B,$-0.03B,-24.19%,$-0.03B,$0.14B,-20.76%,$-0.03B,$0.09B,-30.69%,$-0.03B,$0.15B,-18.60%,$-0.03B,$0.14B,-21.45%,$27,$12,$16,$1,$16,$35,$-8,$0,$-7,$0,$-7,$-7,$-7,$-5,$-8,$24,24,$-0.31,$-0.31,$43,$0,$0,$85,$23,$0,$47,$0,$70,$154,$14,$0,$0,$1,$15,$0,$-108,$0,$139,$154,$-15,$9,$17,$27,$-11,$0,$-2,$-1,$-15,$-4,$-4,$0,$0,$-32,$0,$-32,$0,$-36,$0,$0,$0,$1,$1,$0,$0,$1,$-39,$3,$0
33,2010-06-30,5.48,$5.99,0.91,$5.46,1.0,$-1.46,0.0,$-1.22,0.0,$0.09B,$0.01B,6.14,$0.00B,$0.15B,0.0,$0.13B,$0.08B,63.08%,$0.13B,$-0.03B,-22.31%,$0.13B,$-0.03B,-22.31%,$0.13B,$-0.02B,-12.31%,$0.13B,$-0.03B,-21.54%,$0.13B,$-0.03B,-21.54%,$-0.03B,$0.15B,-18.89%,$-0.03B,$0.10B,-27.59%,$-0.03B,$0.16B,-16.97%,$-0.03B,$0.15B,-19.56%,$32,$12,$20,$1,$15,$34,$-2,$0,$-2,$0,$-2,$-2,$-2,$1,$-2,$24,24,$-0.09,$-0.09,$50,$0,$0,$89,$25,$0,$47,$0,$72,$161,$14,$0,$0,$1,$16,$0,$-101,$-0,$145,$161,$-8,$6,$11,$17,$-2,$0,$-3,$-2,$-7,$3,$-3,$0,$0,$-26,$0,$-26,$0,$-29,$0,$0,$0,$1,$1,$0,$0,$1,$-25,$2,$0
34,2010-03-31,7.65,$6.04,1.27,$5.74,1.33,$-2.14,0.0,$-1.06,0.0,$0.09B,$0.02B,5.78,$0.00B,$0.15B,0.0,$0.14B,$0.09B,64.71%,$0.14B,$-0.03B,-18.38%,$0.14B,$-0.03B,-18.38%,$0.14B,$-0.01B,-8.82%,$0.14B,$-0.02B,-17.65%,$0.14B,$-0.02B,-17.65%,$-0.02B,$0.15B,-15.87%,$-0.02B,$0.10B,-22.97%,$-0.02B,$0.16B,-14.33%,$-0.03B,$0.15B,-16.53%,$32,$12,$20,$1,$18,$37,$-5,$0,$-5,$0,$-5,$-5,$-5,$-2,$-5,$24,24,$-0.23,$-0.23,$45,$0,$0,$88,$27,$0,$47,$0,$74,$162,$15,$0,$0,$1,$17,$0,$-98,$0,$145,$162,$-5,$3,$6,$9,$-3,$0,$-2,$-1,$-6,$-3,$-1,$0,$0,$0,$0,$0,$0,$-1,$0,$0,$0,$1,$1,$0,$0,$1,$-4,$1,$0
35,2009-12-31,5.94,$6.23,0.95,$5.92,1.0,$-2.39,0.0,$-0.86,0.0,$0.09B,$0.02B,5.32,$0.00B,$0.15B,0.0,$0.14B,$0.09B,65.71%,$0.14B,$-0.02B,-15.00%,$0.14B,$-0.02B,-15.00%,$0.14B,$-0.01B,-6.43%,$0.14B,$-0.02B,-14.29%,$0.14B,$-0.02B,-14.29%,$-0.02B,$0.15B,-13.03%,$-0.02B,$0.10B,-18.82%,$-0.02B,$0.17B,-11.80%,$-0.02B,$0.15B,-13.68%,$33,$13,$20,$2,$19,$49,$-16,$0,$-15,$0,$-16,$-16,$-16,$-12,$-16,$24,24,$-0.67,$-0.67,$49,$0,$0,$93,$28,$0,$47,$0,$75,$168,$17,$0,$0,$1,$19,$0,$-93,$0,$149,$168,$-20,$11,$38,$48,$-21,$0,$3,$-2,$-20,$8,$-20,$0,$0,$0,$0,$0,$0,$-20,$-0,$0,$-0,$3,$3,$0,$0,$3,$-9,$17,$0
36,2009-09-30,6.72,$6.46,1.04,$6.04,1.11,$-1.94,0.0,$0.10,67.2,$0.09B,$0.01B,7.0,$0.00B,$0.15B,0.0,$0.14B,$0.10B,68.09%,$0.14B,$0.00B,0.71%,$0.14B,$0.00B,0.71%,$0.14B,$0.01B,8.51%,$0.14B,$0.00B,1.42%,$0.14B,$0.00B,2.13%,$0.00B,$0.15B,1.95%,$0.00B,$0.11B,2.82%,$0.00B,$0.17B,1.78%,$0.00B,$0.15B,0.65%,$33,$12,$22,$1,$19,$39,$-6,$0,$-6,$-0,$-5,$-5,$-5,$-3,$-6,$24,24,$-0.23,$-0.23,$43,$0,$0,$94,$28,$0,$47,$0,$75,$169,$13,$0,$0,$2,$15,$0,$-77,$0,$154,$169,$-5,$8,$20,$28,$-24,$0,$3,$-0,$-25,$-2,$-17,$0,$0,$0,$0,$0,$0,$-17,$-0,$0,$-0,$3,$3,$0,$0,$3,$-15,$5,$0
37,2009-06-30,16.32,$6.61,2.47,$5.94,2.75,$-1.28,0.0,$0.37,44.11,$0.10B,$0.01B,7.88,$0.00B,$0.16B,0.0,$0.14B,$0.10B,68.35%,$0.14B,$0.01B,5.76%,$0.14B,$0.01B,5.76%,$0.14B,$0.02B,13.67%,$0.14B,$0.01B,7.19%,$0.14B,$0.01B,6.47%,$0.01B,$0.16B,5.97%,$0.01B,$0.11B,8.74%,$0.01B,$0.17B,5.37%,$0.01B,$0.16B,5.31%,$38,$12,$26,$2,$18,$36,$2,$0,$2,$1,$2,$2,$2,$5,$2,$24,24,$0.07,$0.07,$45,$0,$0,$99,$25,$0,$47,$0,$73,$171,$12,$0,$0,$2,$14,$0,$-72,$0,$157,$171,$1,$5,$13,$18,$-22,$0,$3,$0,$-24,$-5,$-11,$0,$0,$0,$0,$0,$0,$-11,$-0,$0,$-0,$3,$3,$0,$0,$3,$-14,$4,$0
38,2009-03-31,28.06,$6.46,4.34,$5.54,5.06,$-0.72,0.0,$0.37,75.84,$0.10B,$0.02B,6.32,$0.00B,$0.15B,0.0,$0.13B,$0.09B,68.46%,$0.13B,$0.01B,6.92%,$0.13B,$0.01B,6.92%,$0.13B,$0.02B,13.85%,$0.13B,$0.01B,8.46%,$0.13B,$0.01B,6.92%,$0.01B,$0.15B,6.17%,$0.01B,$0.11B,9.21%,$0.01B,$0.17B,5.51%,$0.01B,$0.15B,6.17%,$36,$12,$24,$1,$18,$37,$-1,$0,$-1,$-1,$-1,$-1,$-1,$1,$-1,$24,24,$-0.03,$-0.03,$50,$0,$0,$100,$22,$0,$48,$1,$70,$170,$16,$0,$0,$1,$17,$0,$-73,$0,$154,$170,$-1,$3,$4,$7,$-11,$0,$0,$-1,$-11,$-5,$-6,$0,$0,$0,$0,$0,$0,$-6,$-0,$0,$-0,$2,$2,$0,$0,$2,$-8,$2,$0
39,2008-12-31,24.65,$6.39,3.86,$9.45,2.61,$-0.49,0.0,$-0.10,0.0,$0.10B,$0.02B,6.73,$0.00B,$0.15B,0.0,$0.12B,$0.08B,68.07%,$0.12B,$0.01B,7.56%,$0.12B,$0.01B,7.56%,$0.12B,$0.02B,15.13%,$0.12B,$0.01B,9.24%,$0.12B,$0.01B,5.88%,$0.01B,$0.15B,4.96%,$0.01B,$0.10B,7.53%,$0.01B,$0.17B,4.39%,$0.01B,$0.15B,6.36%,$34,$11,$24,$1,$3,$28,$6,$0,$7,$-0,$7,$7,$7,$9,$6,$18,23,$0.88,$0.81,$58,$0,$0,$99,$19,$0,$48,$1,$67,$166,$15,$0,$0,$1,$16,$0,$-73,$0,$150,$166,$9,$9,$17,$26,$-30,$0,$-0,$1,$-25,$10,$-12,$0,$-5,$0,$0,$0,$0,$-17,$-3,$0,$-3,$49,$49,$0,$0,$46,$40,$3,$0
