,Date,Stock Price,Book Value per Share,Price to Book Ratio,TTM Sales per Share,Price to Sales Ratio,TTM FCF per Share,Price to FCF Ratio,TTM Net EPS,PE Ratio,Current Assets,Current Liabilities,Current Ratio,Long Term Debt,Shareholder's Equity_x,Debt to Equity Ratio,TTM Revenue_x,TTM Gross Profit,Gross Margin,TTM Revenue_y,TTM Operating Income,Operating Margin,TTM Revenue_x,TTM EBIT,EBIT Margin,TTM Revenue_y,TTM EBITDA,EBITDA Margin,TTM Revenue_x,TTM Pre-Tax Income,Pre-Tax Margin,TTM Revenue_y,TTM Net Income_x,Net Margin,TTM Net Income_y,Shareholder's Equity_y,Return on Equity,TTM Net Income_x,Tangible Equity,Return on Tangible Equity,TTM Net Income_y,Total Assets,Return on Assets,TTM Net Income,LT Investments & Debt,Return on Investment,revenue,cost-goods-sold,gross-profit,research-development-expenses,selling-general-administrative-expenses,operating-expenses,operating-income,total-non-operating-income-expense,pre-tax-income,total-provision-income-taxes,income-after-taxes,income-from-continuous-operations,net-income,ebitda,ebit,basic-shares-outstanding,shares-outstanding,eps-basic-net-earnings-per-share,eps-earnings-per-share-diluted,cash-on-hand,inventory,other-current-assets,total-current-assets,net-property-plant-equipment,long-term-investments,goodwill-intangible-assets-total,other-long-term-assets,total-long-term-assets,total-assets,total-current-liabilities,long-term-debt,other-non-current-liabilities,total-long-term-liabilities,total-liabilities,common-stock-net,retained-earnings-accumulated-deficit,comprehensive-income,total-share-holder-equity,total-liabilities-share-holders-equity,net-income-loss,total-depreciation-amortization-cash-flow,other-non-cash-items,total-non-cash-items,change-in-accounts-receivable,change-in-inventories,change-in-accounts-payable,change-in-assets-liabilities,total-change-in-assets-liabilities,cash-flow-from-operating-activities,net-change-in-property-plant-equipment,net-change-in-intangible-assets,net-acquisitions-divestitures,net-change-in-short-term-investments,net-change-in-long-term-investments,net-change-in-investments-total,investing-activities-other,cash-flow-from-investing-activities,net-long-term-debt,net-current-debt,debt-issuance-retirement-net-total,net-common-equity-issued-repurchased,net-total-equity-issued-repurchased,total-common-preferred-stock-dividends-paid,financial-activities-other,cash-flow-from-financial-activities,net-cash-flow,stock-based-compensation,common-stock-dividends-paid
0,2018-09-30,36.19,$33.51,1.08,$93.12,0.39,$6.20,5.84,$0.46,78.67,$2.40B,$1.51B,1.59,$2.60B,$1.88B,1.38,$6.42B,$1.59B,24.82%,$6.42B,$0.21B,3.19%,$6.42B,$0.21B,3.19%,$6.42B,$0.41B,6.34%,$6.42B,$0.07B,1.06%,$6.42B,$0.08B,1.26%,$0.08B,$2.28B,3.79%,$0.08B,$-1.54B,-7.34%,$0.08B,$6.51B,1.36%,$0.21B,$4.88B,4.29%,$1936,$1444,$491,$0,$864,$1828,$108,$-37,$71,$23,$48,$48,$48,$163,$108,$68,69,$0.58,$0.59,$130,$936,$0,$2401,$280,$0,$3826,$1,$4108,$6509,$1512,$2601,$5,$2713,$4225,$1,$834,$-17,$2284,$6509,$99,$202,$4,$205,$-45,$-65,$0,$58,$236,$539,$-44,$0,$-2740,$0,$0,$0,$0,$-2784,$1813,$100,$1913,$8,$408,$-13,$-71,$2236,$-8,$16,$0
1,2018-06-30,42.62,$32.85,1.3,$86.17,0.49,$3.56,11.98,$1.19,35.82,$2.61B,$1.26B,2.07,$2.99B,$1.84B,1.63,$5.77B,$1.43B,24.68%,$5.77B,$0.18B,3.19%,$5.77B,$0.18B,3.19%,$5.77B,$0.36B,6.27%,$5.77B,$0.07B,1.23%,$5.77B,$0.08B,1.35%,$0.08B,$2.24B,3.87%,$0.08B,$-1.46B,-11.25%,$0.08B,$6.59B,1.50%,$0.18B,$5.23B,4.39%,$1935,$1441,$494,$0,$323,$1830,$105,$-37,$67,$18,$49,$49,$38,$171,$105,$68,69,$0.56,$0.55,$28,$1165,$0,$2608,$289,$0,$3692,$2,$3982,$6591,$1260,$2993,$6,$3093,$4353,$1,$793,$-18,$2237,$6591,$50,$147,$-24,$123,$-52,$-300,$0,$-19,$-175,$-1,$-34,$0,$-2715,$0,$0,$0,$0,$-2750,$1818,$491,$2309,$7,$407,$-6,$-71,$2639,$-111,$13,$0
2,2018-03-31,53.07,$32.08,1.65,$77.98,0.68,$4.79,11.08,$1.37,38.74,$2.10B,$0.96B,2.18,$2.94B,$1.78B,1.65,$5.05B,$1.23B,24.33%,$5.05B,$0.16B,3.25%,$5.05B,$0.16B,3.25%,$5.05B,$0.31B,6.04%,$5.05B,$0.08B,1.48%,$5.05B,$0.09B,1.68%,$0.09B,$2.18B,4.71%,$0.09B,$-1.61B,-21.04%,$0.09B,$6.18B,1.93%,$0.16B,$5.12B,4.65%,$1426,$1087,$338,$0,$0,$1483,$-57,$-40,$-97,$-30,$-67,$-67,$-73,$-3,$-57,$68,68,$-1.07,$-1.07,$16,$1006,$0,$2095,$294,$0,$3792,$2,$4088,$6182,$961,$2937,$11,$3038,$4000,$1,$743,$-17,$2183,$6182,$1,$81,$-34,$47,$186,$-132,$0,$68,$-8,$40,$-24,$0,$-2727,$0,$0,$0,$0,$-2751,$523,$1733,$2257,$5,$405,$-1,$-73,$2588,$-122,$8,$0
3,2017-12-31,63.76,$27.25,2.34,$71.49,0.89,$6.68,9.54,$2.28,27.96,$2.74B,$0.60B,4.6,$2.02B,$1.85B,1.09,$4.50B,$1.10B,24.35%,$4.50B,$0.22B,4.85%,$4.50B,$0.22B,4.85%,$4.50B,$0.33B,7.40%,$4.50B,$0.16B,3.49%,$4.50B,$0.15B,3.31%,$0.15B,$1.85B,9.34%,$0.15B,$0.19B,-183.38%,$0.15B,$4.57B,4.09%,$0.22B,$3.88B,7.67%,$1122,$852,$270,$0,$0,$1073,$49,$-23,$27,$-41,$68,$68,$68,$76,$49,$68,69,$1.00,$0.98,$1364,$604,$0,$2739,$155,$0,$1663,$9,$1826,$4565,$596,$2024,$0,$2117,$2713,$1,$816,$-15,$1852,$4565,$68,$27,$-41,$-14,$151,$-52,$0,$-1,$-94,$-40,$-7,$0,$0,$0,$0,$0,$0,$-7,$1298,$-3,$1295,$4,$4,$0,$-26,$1272,$1226,$3,$0
4,2017-09-30,51.25,$26.32,1.95,$71.72,0.71,$8.53,6.01,$1.63,31.44,$1.60B,$0.78B,2.06,$0.75B,$1.78B,0.42,$4.38B,$1.08B,24.58%,$4.38B,$0.22B,4.93%,$4.38B,$0.22B,4.93%,$4.38B,$0.33B,7.59%,$4.38B,$0.16B,3.72%,$4.38B,$0.10B,2.31%,$0.10B,$1.78B,6.87%,$0.10B,$0.10B,-50.06%,$0.10B,$3.45B,3.08%,$0.22B,$2.53B,8.70%,$1290,$967,$323,$0,$560,$1203,$87,$-14,$74,$29,$45,$45,$45,$118,$87,$60,61,$0.75,$0.74,$138,$552,$0,$1604,$156,$0,$1681,$9,$1846,$3450,$779,$748,$3,$889,$1668,$1,$748,$-15,$1782,$3450,$101,$116,$25,$142,$-60,$-52,$0,$-44,$73,$315,$-38,$0,$-129,$0,$0,$0,$0,$-167,$-15,$-369,$-384,$357,$357,$0,$-14,$-41,$107,$15,$0
5,2017-06-30,49.0,$23.21,2.11,$70.13,0.7,$5.60,8.75,$1.68,29.17,$1.57B,$0.68B,2.3,$1.20B,$1.40B,0.86,$4.26B,$1.06B,24.76%,$4.26B,$0.23B,5.28%,$4.26B,$0.23B,5.28%,$4.26B,$0.34B,7.91%,$4.26B,$0.17B,3.94%,$4.26B,$0.10B,2.42%,$0.10B,$1.40B,7.60%,$0.10B,$-0.30B,-33.07%,$0.10B,$3.42B,3.23%,$0.23B,$2.60B,9.14%,$1214,$916,$298,$0,$184,$1129,$85,$-13,$71,$27,$45,$45,$45,$114,$85,$60,61,$0.74,$0.73,$33,$641,$0,$1567,$157,$0,$1699,$2,$1857,$3424,$682,$1197,$2,$1342,$2023,$1,$703,$-17,$1401,$3424,$56,$86,$21,$107,$-28,$-142,$0,$-56,$-89,$74,$-30,$0,$-129,$0,$0,$0,$0,$-159,$-11,$88,$77,$10,$10,$0,$-1,$86,$2,$11,$0
6,2017-03-31,49.16,$22.39,2.2,$69.36,0.71,$5.77,8.52,$1.63,30.16,$1.32B,$0.63B,2.08,$1.02B,$1.35B,0.76,$4.20B,$1.04B,24.74%,$4.20B,$0.22B,5.19%,$4.20B,$0.22B,5.19%,$4.20B,$0.33B,7.79%,$4.20B,$0.16B,3.88%,$4.20B,$0.10B,2.36%,$0.10B,$1.35B,7.48%,$0.10B,$-0.32B,-29.20%,$0.10B,$3.14B,3.12%,$0.22B,$2.37B,8.99%,$871,$666,$204,$0,$0,$874,$-3,$-12,$-15,$-6,$-9,$-9,$-9,$25,$-3,$60,60,$-0.16,$-0.16,$10,$581,$0,$1315,$156,$0,$1668,$2,$1825,$3140,$632,$1019,$2,$1159,$1791,$1,$658,$-19,$1349,$3140,$11,$57,$12,$69,$124,$-92,$0,$-53,$70,$151,$-23,$0,$-58,$0,$0,$0,$0,$-81,$-6,$-91,$-98,$8,$8,$0,$-1,$-91,$-21,$8,$0
7,2016-12-31,46.07,$22.49,2.05,$68.77,0.67,$4.83,9.54,$1.69,27.26,$1.30B,$0.52B,2.51,$1.09B,$1.35B,0.81,$4.15B,$1.03B,24.83%,$4.15B,$0.23B,5.42%,$4.15B,$0.23B,5.42%,$4.15B,$0.33B,7.95%,$4.15B,$0.17B,4.07%,$4.15B,$0.10B,2.46%,$0.10B,$1.35B,7.90%,$0.10B,$-0.29B,-28.12%,$0.10B,$3.09B,3.26%,$0.23B,$2.44B,9.37%,$1002,$751,$251,$0,$0,$955,$47,$-14,$33,$13,$20,$20,$20,$75,$47,$60,61,$0.34,$0.33,$73,$529,$0,$1302,$147,$0,$1642,$2,$1791,$3092,$518,$1088,$0,$1224,$1742,$1,$668,$-20,$1350,$3092,$20,$28,$6,$34,$137,$-48,$0,$-47,$24,$78,$-7,$0,$-2,$0,$0,$0,$0,$-9,$-4,$-27,$-31,$3,$3,$0,$-0,$-28,$42,$4,$0
8,2016-09-30,42.07,$22.10,1.9,$68.63,0.61,$4.37,9.62,$1.48,28.43,$1.30B,$0.54B,2.43,$1.12B,$1.32B,0.84,$4.13B,$1.01B,24.55%,$4.13B,$0.21B,4.97%,$4.13B,$0.21B,4.97%,$4.13B,$0.31B,7.41%,$4.13B,$0.15B,3.56%,$4.13B,$0.09B,2.16%,$0.09B,$1.32B,7.08%,$0.09B,$-0.34B,-22.29%,$0.09B,$3.11B,2.88%,$0.21B,$2.44B,8.64%,$1174,$872,$302,$0,$0,$1078,$96,$-17,$79,$32,$47,$47,$47,$123,$96,$59,60,$0.80,$0.79,$31,$481,$0,$1302,$149,$0,$1662,$2,$1812,$3114,$537,$1118,$0,$1253,$1790,$1,$647,$-19,$1324,$3114,$90,$100,$49,$150,$-30,$43,$0,$-13,$-119,$121,$-24,$0,$-1018,$0,$0,$0,$0,$-1043,$555,$351,$906,$24,$24,$0,$-23,$907,$-14,$18,$0
9,2016-06-30,45.47,$21.26,2.14,$64.89,0.7,$4.57,9.94,$1.31,34.71,$1.50B,$0.78B,1.92,$1.18B,$1.27B,0.93,$3.74B,$0.90B,24.14%,$3.74B,$0.17B,4.49%,$3.74B,$0.17B,4.49%,$3.74B,$0.25B,6.71%,$3.74B,$0.12B,3.31%,$3.74B,$0.07B,1.95%,$0.07B,$1.27B,6.37%,$0.07B,$-0.41B,-30.45%,$0.07B,$3.34B,2.71%,$0.17B,$2.45B,8.27%,$1153,$871,$282,$0,$0,$1074,$78,$-12,$66,$25,$41,$41,$41,$104,$78,$60,61,$0.69,$0.68,$37,$621,$0,$1503,$153,$0,$1677,$1,$1832,$3335,$781,$1178,$0,$1284,$2065,$1,$600,$-18,$1270,$3335,$43,$73,$19,$92,$-43,$-96,$0,$-57,$-61,$74,$-21,$0,$-1019,$0,$0,$0,$0,$-1039,$557,$403,$960,$20,$20,$0,$-24,$957,$-9,$14,$0
10,2016-03-31,41.01,$20.50,2.0,$60.18,0.68,$3.65,11.24,$1.19,34.46,$1.18B,$0.58B,2.03,$1.06B,$1.22B,0.87,$3.31B,$0.79B,23.90%,$3.31B,$0.14B,4.17%,$3.31B,$0.14B,4.17%,$3.31B,$0.20B,6.17%,$3.31B,$0.10B,3.12%,$3.31B,$0.06B,1.81%,$0.06B,$1.22B,5.76%,$0.06B,$-0.41B,-83.33%,$0.06B,$2.97B,2.66%,$0.14B,$2.28B,8.20%,$824,$628,$196,$0,$0,$820,$4,$-13,$-9,$-3,$-6,$-6,$-6,$28,$4,$59,59,$-0.10,$-0.10,$15,$514,$0,$1184,$148,$0,$1633,$1,$1783,$2967,$583,$1061,$0,$1164,$1747,$1,$559,$-18,$1220,$2967,$1,$48,$16,$63,$95,$-3,$0,$-16,$16,$81,$-11,$0,$-941,$0,$0,$0,$0,$-952,$559,$292,$852,$15,$15,$0,$-26,$841,$-31,$11,$0
11,2015-12-31,41.18,$20.46,2.01,$54.64,0.75,$3.63,11.34,$1.09,37.78,$1.14B,$0.51B,2.22,$1.11B,$1.21B,0.92,$2.90B,$0.69B,23.87%,$2.90B,$0.12B,4.15%,$2.90B,$0.12B,4.15%,$2.90B,$0.17B,5.87%,$2.90B,$0.10B,3.28%,$2.90B,$0.06B,1.93%,$0.06B,$1.21B,5.95%,$0.06B,$-0.44B,61.54%,$0.06B,$2.93B,3.02%,$0.12B,$2.32B,8.78%,$976,$743,$233,$0,$0,$950,$27,$-16,$11,$3,$7,$7,$7,$51,$27,$59,60,$0.12,$0.12,$32,$466,$0,$1138,$146,$0,$1650,$1,$1796,$2934,$513,$1109,$0,$1210,$1723,$1,$565,$-23,$1211,$2934,$7,$24,$9,$33,$96,$44,$0,$-2,$4,$45,$-2,$0,$-941,$0,$0,$0,$0,$-943,$562,$341,$903,$9,$9,$0,$-26,$885,$-13,$7,$0
12,2015-09-30,32.49,$17.74,1.83,$50.27,0.65,$3.66,8.87,$1.23,26.41,$0.86B,$0.40B,2.18,$0.19B,$0.88B,0.22,$2.52B,$0.60B,23.70%,$2.52B,$0.12B,4.65%,$2.52B,$0.12B,4.65%,$2.52B,$0.15B,6.00%,$2.52B,$0.11B,4.17%,$2.52B,$0.06B,2.47%,$0.06B,$0.88B,7.33%,$0.06B,$0.30B,23.73%,$0.06B,$1.54B,4.22%,$0.12B,$1.08B,11.16%,$788,$596,$192,$0,$0,$728,$59,$-3,$56,$25,$31,$31,$31,$68,$59,$50,50,$0.63,$0.62,$46,$321,$0,$864,$90,$0,$583,$1,$675,$1539,$397,$193,$0,$259,$656,$0,$557,$-21,$883,$1539,$62,$35,$25,$60,$-33,$-9,$0,$-17,$-13,$109,$-19,$0,$-85,$0,$0,$0,$0,$-105,$-17,$-5,$-22,$8,$8,$0,$2,$-13,$-9,$10,$0
13,2015-06-30,33.22,$17.15,1.94,$49.11,0.68,$2.26,14.68,$1.10,30.2,$0.89B,$0.45B,1.97,$0.20B,$0.85B,0.23,$2.45B,$0.57B,23.11%,$2.45B,$0.10B,4.12%,$2.45B,$0.10B,4.12%,$2.45B,$0.13B,5.46%,$2.45B,$0.09B,3.67%,$2.45B,$0.06B,2.24%,$0.06B,$0.85B,6.63%,$0.06B,$0.26B,21.48%,$0.06B,$1.57B,3.82%,$0.10B,$1.05B,9.73%,$718,$549,$169,$0,$0,$670,$48,$-2,$45,$17,$28,$28,$28,$57,$48,$50,50,$0.57,$0.56,$18,$387,$0,$893,$89,$0,$590,$1,$680,$1573,$454,$199,$0,$267,$721,$0,$527,$-15,$852,$1573,$31,$26,$7,$33,$-21,$-74,$0,$-7,$-53,$11,$-13,$0,$-85,$0,$0,$0,$0,$-98,$-13,$57,$44,$5,$5,$0,$1,$51,$-37,$7,$0
14,2015-03-31,31.3,$16.50,1.9,$48.07,0.65,$0.86,36.54,$1.08,28.98,$0.71B,$0.30B,2.32,$0.20B,$0.82B,0.25,$2.40B,$0.55B,22.89%,$2.40B,$0.10B,4.13%,$2.40B,$0.10B,4.13%,$2.40B,$0.13B,5.42%,$2.40B,$0.09B,3.67%,$2.40B,$0.05B,2.25%,$0.05B,$0.82B,6.63%,$0.05B,$0.24B,21.41%,$0.05B,$1.37B,3.79%,$0.10B,$1.02B,9.64%,$413,$316,$97,$0,$0,$427,$-14,$-3,$-17,$-7,$-10,$-10,$-10,$-6,$-14,$50,50,$-0.20,$-0.20,$23,$361,$0,$706,$85,$0,$580,$3,$668,$1374,$304,$203,$0,$252,$555,$0,$498,$-16,$818,$1374,$3,$16,$5,$22,$119,$-50,$0,$-5,$37,$62,$-5,$0,$-70,$0,$0,$0,$0,$-75,$-8,$-14,$-22,$3,$3,$0,$0,$-19,$-32,$5,$0
15,2014-12-31,27.8,$16.77,1.66,$47.54,0.58,$0.20,140.97,$1.03,26.99,$0.70B,$0.28B,2.53,$0.22B,$0.83B,0.26,$2.37B,$0.54B,22.74%,$2.37B,$0.10B,4.05%,$2.37B,$0.10B,4.05%,$2.37B,$0.13B,5.32%,$2.37B,$0.09B,3.59%,$2.37B,$0.05B,2.19%,$0.05B,$0.83B,6.49%,$0.05B,$0.24B,21.07%,$0.05B,$1.39B,3.62%,$0.10B,$1.05B,9.46%,$596,$458,$138,$0,$0,$572,$24,$-3,$21,$8,$13,$13,$13,$32,$24,$49,50,$0.26,$0.26,$23,$315,$0,$699,$88,$0,$587,$11,$686,$1385,$276,$215,$0,$279,$555,$0,$508,$-10,$830,$1385,$13,$8,$2,$11,$100,$-1,$0,$-1,$17,$40,$-3,$0,$-70,$0,$0,$0,$0,$-73,$-4,$5,$1,$1,$1,$0,$0,$2,$-31,$2,$0
16,2014-09-30,25.48,$16.54,1.54,$46.69,0.55,$0.44,58.32,$1.07,23.81,$0.80B,$0.34B,2.37,$0.22B,$0.82B,0.27,$2.33B,$0.53B,22.70%,$2.33B,$0.10B,4.26%,$2.33B,$0.10B,4.26%,$2.33B,$0.13B,5.55%,$2.33B,$0.09B,3.78%,$2.33B,$0.05B,2.32%,$0.05B,$0.82B,6.86%,$0.05B,$0.28B,20.59%,$0.05B,$1.43B,3.78%,$0.10B,$1.03B,9.90%,$726,$563,$163,$0,$0,$683,$43,$-2,$41,$17,$24,$24,$24,$51,$43,$49,50,$0.49,$0.49,$54,$302,$0,$798,$89,$0,$538,$9,$636,$1434,$336,$216,$0,$281,$617,$0,$495,$-7,$817,$1434,$54,$30,$10,$40,$-33,$-51,$0,$-5,$-39,$55,$-36,$0,$-2,$0,$0,$0,$0,$-37,$9,$-28,$-19,$8,$8,$0,$1,$-10,$7,$7,$0
17,2014-06-30,33.12,$16.09,2.06,$45.98,0.72,$1.13,29.36,$1.14,29.05,$0.87B,$0.43B,1.99,$0.21B,$0.79B,0.27,$2.28B,$0.52B,22.90%,$2.28B,$0.10B,4.55%,$2.28B,$0.10B,4.55%,$2.28B,$0.13B,5.87%,$2.28B,$0.09B,4.07%,$2.28B,$0.06B,2.50%,$0.06B,$0.79B,7.39%,$0.06B,$0.25B,21.61%,$0.06B,$1.50B,4.06%,$0.10B,$1.01B,10.59%,$663,$513,$151,$0,$0,$618,$46,$-3,$43,$17,$27,$27,$27,$53,$46,$49,50,$0.54,$0.54,$26,$400,$0,$865,$81,$0,$546,$7,$634,$1499,$434,$212,$0,$272,$706,$0,$471,$-3,$794,$1499,$30,$23,$6,$29,$-24,$-148,$0,$-13,$-105,$-47,$-25,$0,$0,$0,$0,$0,$0,$-25,$3,$41,$44,$7,$7,$0,$1,$51,$-21,$5,$0
18,2014-03-31,38.66,$15.48,2.5,$45.37,0.85,$3.22,12.0,$1.15,33.62,$0.81B,$0.40B,2.04,$0.21B,$0.76B,0.28,$2.25B,$0.52B,23.09%,$2.25B,$0.11B,4.72%,$2.25B,$0.11B,4.72%,$2.25B,$0.14B,6.09%,$2.25B,$0.10B,4.23%,$2.25B,$0.06B,2.54%,$0.06B,$0.76B,7.57%,$0.06B,$0.22B,21.51%,$0.06B,$1.43B,4.13%,$0.11B,$0.98B,10.99%,$385,$298,$87,$0,$0,$402,$-17,$-3,$-20,$-8,$-12,$-12,$-12,$-10,$-17,$49,49,$-0.25,$-0.25,$34,$422,$0,$806,$71,$0,$546,$9,$626,$1432,$396,$212,$0,$272,$668,$0,$444,$-6,$763,$1432,$3,$15,$4,$19,$98,$-172,$0,$-43,$14,$36,$-11,$0,$0,$0,$0,$0,$0,$-11,$3,$-47,$-44,$6,$6,$0,$1,$-38,$-13,$5,$0
19,2013-12-31,40.28,$15.71,2.56,$46.14,0.87,$2.94,13.71,$1.40,28.77,$0.72B,$0.30B,2.38,$0.21B,$0.77B,0.28,$2.28B,$0.53B,23.34%,$2.28B,$0.13B,5.48%,$2.28B,$0.13B,5.48%,$2.28B,$0.16B,6.85%,$2.28B,$0.12B,5.05%,$2.28B,$0.07B,3.03%,$0.07B,$0.77B,9.39%,$0.07B,$0.31B,25.94%,$0.07B,$1.35B,5.13%,$0.13B,$0.99B,13.20%,$552,$425,$127,$0,$0,$525,$27,$-3,$24,$9,$15,$15,$15,$35,$27,$49,50,$0.31,$0.30,$56,$309,$0,$720,$68,$0,$468,$92,$629,$1349,$302,$213,$0,$274,$576,$0,$456,$-3,$773,$1349,$15,$8,$3,$11,$85,$-58,$0,$-36,$28,$54,$-5,$0,$0,$0,$0,$0,$0,$-5,$3,$-47,$-44,$4,$4,$0,$0,$-40,$9,$3,$0
20,2013-09-30,36.87,$15.43,2.39,$45.59,0.81,$2.86,12.87,$1.47,25.08,$0.71B,$0.31B,2.25,$0.21B,$0.75B,0.28,$2.24B,$0.53B,23.74%,$2.24B,$0.13B,5.80%,$2.24B,$0.13B,5.80%,$2.24B,$0.16B,7.14%,$2.24B,$0.12B,5.40%,$2.24B,$0.07B,3.21%,$0.07B,$0.75B,10.11%,$0.07B,$0.29B,29.57%,$0.07B,$1.34B,5.41%,$0.13B,$0.96B,14.02%,$684,$526,$158,$0,$0,$636,$48,$-2,$46,$19,$27,$27,$27,$56,$48,$48,49,$0.56,$0.55,$47,$251,$0,$705,$68,$0,$469,$97,$634,$1339,$314,$210,$0,$271,$584,$0,$441,$-0,$754,$1339,$73,$30,$11,$41,$-23,$-16,$0,$8,$-35,$78,$-25,$0,$-65,$0,$0,$0,$0,$-89,$-12,$6,$-6,$19,$19,$0,$5,$18,$7,$9,$0
21,2013-06-30,37.88,$14.80,2.56,$44.25,0.86,$3.23,11.73,$1.50,25.25,$0.77B,$0.41B,1.87,$0.21B,$0.72B,0.3,$2.16B,$0.52B,24.32%,$2.16B,$0.13B,6.03%,$2.16B,$0.13B,6.03%,$2.16B,$0.16B,7.38%,$2.16B,$0.12B,5.61%,$2.16B,$0.07B,3.39%,$0.07B,$0.72B,10.63%,$0.07B,$0.25B,32.52%,$0.07B,$1.41B,5.61%,$0.13B,$0.94B,14.38%,$627,$480,$147,$0,$0,$579,$48,$-3,$45,$18,$27,$27,$27,$56,$48,$49,50,$0.56,$0.55,$26,$335,$0,$772,$64,$0,$468,$101,$633,$1405,$412,$214,$0,$271,$684,$0,$414,$-1,$722,$1405,$45,$22,$6,$28,$-7,$-103,$0,$-10,$-24,$49,$-17,$0,$-64,$0,$0,$0,$0,$-82,$-8,$4,$-4,$17,$17,$0,$4,$17,$-14,$7,$0
22,2013-03-31,38.66,$14.19,2.72,$43.30,0.89,$3.08,12.55,$1.48,26.12,$0.66B,$0.33B,1.99,$0.21B,$0.69B,0.31,$2.09B,$0.52B,24.80%,$2.09B,$0.13B,6.37%,$2.09B,$0.13B,6.37%,$2.09B,$0.16B,7.66%,$2.09B,$0.12B,5.70%,$2.09B,$0.07B,3.40%,$0.07B,$0.69B,10.78%,$0.07B,$0.22B,34.30%,$0.07B,$1.29B,5.66%,$0.13B,$0.90B,15.16%,$416,$317,$100,$0,$0,$414,$2,$-2,$-0,$0,$-0,$-0,$-0,$9,$2,$48,48,$0.00,$0.00,$17,$323,$0,$656,$62,$0,$470,$105,$636,$1292,$330,$214,$0,$272,$602,$0,$387,$0,$690,$1292,$18,$15,$2,$17,$79,$-87,$0,$-2,$-14,$21,$-10,$0,$-64,$0,$0,$0,$0,$-75,$-8,$20,$12,$15,$15,$0,$3,$30,$-23,$5,$0
23,2012-12-31,33.28,$14.17,2.35,$43.02,0.77,$4.39,7.59,$1.55,21.47,$0.65B,$0.32B,2.0,$0.22B,$0.68B,0.32,$2.07B,$0.51B,24.76%,$2.07B,$0.14B,6.82%,$2.07B,$0.14B,6.82%,$2.07B,$0.17B,8.08%,$2.07B,$0.13B,6.04%,$2.07B,$0.07B,3.58%,$0.07B,$0.68B,11.73%,$0.07B,$0.22B,37.66%,$0.07B,$1.29B,5.95%,$0.14B,$0.91B,16.51%,$514,$387,$127,$0,$0,$481,$32,$-2,$30,$12,$18,$18,$18,$39,$32,$48,49,$0.38,$0.37,$34,$270,$0,$646,$58,$0,$469,$114,$641,$1287,$324,$221,$0,$279,$603,$0,$387,$2,$684,$1287,$18,$7,$1,$8,$76,$-34,$0,$-28,$21,$47,$-3,$0,$-64,$0,$0,$0,$0,$-67,$-4,$6,$2,$10,$10,$0,$2,$14,$-6,$3,$0
24,2012-09-30,28.48,$13.68,2.08,$42.97,0.66,$4.69,6.08,$1.59,17.91,$0.63B,$0.30B,2.13,$0.22B,$0.65B,0.34,$2.04B,$0.50B,24.56%,$2.04B,$0.14B,7.00%,$2.04B,$0.14B,7.00%,$2.04B,$0.17B,8.22%,$2.04B,$0.13B,6.16%,$2.04B,$0.08B,3.67%,$0.08B,$0.65B,12.47%,$0.08B,$0.21B,40.76%,$0.08B,$1.22B,6.19%,$0.14B,$0.87B,16.90%,$598,$448,$150,$0,$0,$550,$48,$-2,$46,$18,$28,$28,$28,$55,$48,$47,48,$0.60,$0.57,$40,$223,$0,$631,$57,$0,$443,$86,$586,$1217,$296,$221,$0,$269,$565,$0,$369,$3,$652,$1217,$76,$24,$19,$43,$20,$13,$0,$-22,$-33,$85,$-16,$0,$-141,$0,$0,$0,$0,$-157,$-92,$41,$-51,$21,$21,$0,$-3,$-32,$-103,$8,$0
25,2012-06-30,25.22,$12.95,1.95,$42.78,0.59,$4.66,5.41,$1.68,15.01,$0.67B,$0.35B,1.88,$0.22B,$0.61B,0.36,$2.02B,$0.49B,23.99%,$2.02B,$0.14B,7.07%,$2.02B,$0.14B,7.07%,$2.02B,$0.17B,8.26%,$2.02B,$0.12B,6.13%,$2.02B,$0.08B,3.86%,$0.08B,$0.61B,13.62%,$0.08B,$0.18B,45.55%,$0.08B,$1.22B,6.52%,$0.14B,$0.83B,17.01%,$561,$420,$141,$0,$0,$509,$51,$-8,$43,$18,$25,$25,$25,$57,$51,$47,48,$0.54,$0.53,$31,$284,$0,$668,$53,$0,$425,$77,$555,$1222,$354,$219,$0,$259,$614,$0,$341,$1,$608,$1222,$48,$18,$10,$28,$20,$-62,$0,$-19,$-41,$35,$-11,$0,$-94,$0,$0,$0,$0,$-106,$0,$-49,$-49,$11,$11,$0,$-4,$-42,$-112,$6,$0
26,2012-03-31,25.76,$12.39,2.08,$42.62,0.6,$4.78,5.39,$1.66,15.52,$0.74B,$0.40B,1.85,$0.23B,$0.58B,0.4,$2.00B,$0.47B,23.53%,$2.00B,$0.14B,6.74%,$2.00B,$0.14B,6.74%,$2.00B,$0.16B,7.94%,$2.00B,$0.12B,6.04%,$2.00B,$0.08B,3.85%,$0.08B,$0.58B,14.04%,$0.08B,$0.18B,48.81%,$0.08B,$1.25B,6.44%,$0.14B,$0.81B,16.05%,$395,$301,$94,$0,$0,$385,$10,$-3,$6,$3,$3,$3,$3,$16,$10,$47,48,$0.07,$0.07,$171,$263,$0,$741,$51,$0,$401,$59,$511,$1252,$402,$230,$0,$270,$672,$0,$315,$3,$580,$1252,$22,$12,$1,$13,$83,$-49,$0,$-44,$45,$80,$-8,$0,$-44,$0,$0,$0,$0,$-52,$0,$-11,$-11,$9,$9,$0,$1,$-1,$28,$4,$0
27,2011-12-31,20.23,$12.20,1.66,$40.78,0.5,$4.70,4.31,$1.46,13.86,$0.64B,$0.24B,2.7,$0.31B,$0.57B,0.55,$1.90B,$0.44B,23.23%,$1.90B,$0.12B,6.20%,$1.90B,$0.12B,6.20%,$1.90B,$0.14B,7.46%,$1.90B,$0.11B,5.52%,$1.90B,$0.07B,3.57%,$0.07B,$0.57B,12.98%,$0.07B,$0.17B,47.80%,$0.07B,$1.15B,5.89%,$0.12B,$0.87B,14.05%,$490,$373,$117,$0,$0,$456,$34,$-3,$31,$12,$19,$19,$19,$40,$34,$46,47,$0.41,$0.41,$155,$193,$0,$642,$49,$0,$400,$61,$510,$1152,$238,$310,$0,$349,$587,$0,$312,$0,$565,$1152,$19,$6,$-0,$6,$71,$21,$0,$-19,$34,$59,$-2,$0,$-44,$0,$0,$0,$0,$-47,$0,$-2,$-2,$2,$2,$0,$0,$-1,$12,$2,$0
28,2011-09-30,15.99,$11.67,1.37,$39.09,0.41,$4.73,3.38,$1.27,12.59,$0.68B,$0.27B,2.53,$0.31B,$0.54B,0.58,$1.82B,$0.42B,23.10%,$1.82B,$0.10B,5.72%,$1.82B,$0.10B,5.72%,$1.82B,$0.13B,7.04%,$1.82B,$0.09B,4.95%,$1.82B,$0.06B,3.25%,$0.06B,$0.54B,11.71%,$0.06B,$0.16B,45.12%,$0.06B,$1.16B,5.23%,$0.10B,$0.85B,12.64%,$576,$443,$133,$0,$0,$528,$48,$-3,$44,$13,$31,$31,$31,$54,$48,$46,47,$0.68,$0.67,$143,$202,$0,$679,$47,$0,$381,$50,$478,$1157,$268,$312,$0,$351,$619,$0,$293,$-3,$538,$1157,$59,$25,$5,$30,$-35,$-35,$0,$7,$-10,$79,$-13,$0,$-35,$0,$0,$0,$0,$-48,$0,$-11,$-11,$5,$5,$0,$1,$-5,$26,$6,$0
29,2011-06-30,22.82,$11.07,2.06,$37.27,0.61,$4.71,4.85,$0.97,23.53,$0.74B,$0.35B,2.12,$0.32B,$0.51B,0.63,$1.73B,$0.39B,22.78%,$1.73B,$0.09B,5.04%,$1.73B,$0.09B,5.04%,$1.73B,$0.11B,6.49%,$1.73B,$0.07B,4.23%,$1.73B,$0.05B,2.61%,$0.05B,$0.51B,9.25%,$0.05B,$0.13B,38.38%,$0.05B,$1.22B,4.10%,$0.09B,$0.83B,10.76%,$541,$414,$127,$0,$0,$498,$43,$-3,$40,$16,$24,$24,$24,$49,$43,$46,47,$0.52,$0.51,$108,$269,$0,$741,$47,$0,$381,$53,$481,$1222,$350,$321,$0,$362,$712,$0,$262,$2,$510,$1222,$28,$19,$2,$21,$-50,$-100,$0,$-6,$-11,$38,$-8,$0,$-35,$0,$0,$0,$0,$-43,$0,$-9,$-9,$4,$4,$0,$1,$-4,$-9,$5,$0
30,2011-03-31,20.47,$10.51,1.95,$35.96,0.57,$4.54,4.51,$0.81,25.27,$0.63B,$0.25B,2.57,$0.32B,$0.48B,0.67,$1.66B,$0.37B,22.32%,$1.66B,$0.07B,4.46%,$1.66B,$0.07B,4.46%,$1.66B,$0.10B,6.03%,$1.66B,$0.06B,3.62%,$1.66B,$0.04B,2.23%,$0.04B,$0.48B,7.84%,$0.04B,$0.12B,34.34%,$0.04B,$1.09B,3.49%,$0.07B,$0.80B,9.29%,$296,$231,$65,$0,$0,$303,$-7,$-3,$-10,$-4,$-6,$-6,$-6,$-1,$-7,$46,46,$-0.13,$-0.13,$178,$210,$0,$633,$44,$0,$366,$47,$457,$1090,$246,$321,$0,$361,$607,$0,$238,$2,$483,$1090,$4,$13,$1,$14,$65,$-50,$0,$-8,$51,$69,$-3,$0,$0,$0,$0,$0,$0,$-3,$-8,$-0,$-8,$3,$3,$0,$0,$-5,$61,$3,$0
31,2010-12-31,17.87,$10.58,1.69,$35.78,0.5,$3.59,4.97,$0.80,22.34,$0.58B,$0.19B,3.0,$0.32B,$0.48B,0.67,$1.65B,$0.37B,22.22%,$1.65B,$0.08B,4.55%,$1.65B,$0.08B,4.55%,$1.65B,$0.10B,6.19%,$1.65B,$0.06B,3.58%,$1.65B,$0.04B,2.25%,$0.04B,$0.48B,8.05%,$0.04B,$0.12B,37.95%,$0.04B,$1.04B,3.57%,$0.08B,$0.81B,9.52%,$405,$310,$95,$0,$0,$385,$20,$-3,$16,$6,$10,$10,$10,$26,$20,$46,46,$0.22,$0.22,$176,$155,$0,$581,$45,$0,$366,$49,$459,$1041,$194,$322,$0,$362,$556,$0,$244,$1,$484,$1041,$10,$6,$1,$7,$57,$4,$0,$-5,$40,$58,$0,$0,$0,$0,$0,$0,$0,$0,$-0,$-0,$-0,$1,$1,$0,$0,$1,$59,$1,$0
32,2010-09-30,14.57,$10.27,1.42,$35.06,0.42,$2.98,4.89,$0.75,19.43,$0.58B,$0.21B,2.75,$0.32B,$0.47B,0.69,$1.61B,$0.36B,22.30%,$1.61B,$0.07B,4.60%,$1.61B,$0.07B,4.60%,$1.61B,$0.10B,6.34%,$1.61B,$0.06B,3.48%,$1.61B,$0.04B,2.17%,$0.04B,$0.47B,7.81%,$0.04B,$0.10B,39.55%,$0.04B,$1.04B,3.44%,$0.07B,$0.79B,9.49%,$483,$376,$106,$0,$0,$452,$31,$-4,$27,$10,$17,$17,$17,$38,$31,$45,46,$0.37,$0.37,$117,$159,$0,$578,$48,$0,$365,$52,$465,$1042,$210,$324,$0,$363,$573,$0,$234,$-2,$469,$1042,$35,$28,$7,$35,$-6,$41,$0,$9,$4,$74,$-10,$0,$-19,$0,$0,$0,$0,$-29,$0,$-15,$-15,$4,$4,$0,$1,$-11,$34,$5,$0
33,2010-06-30,18.02,$9.88,1.82,$35.30,0.51,$3.21,5.62,$0.80,22.53,$0.60B,$0.24B,2.49,$0.33B,$0.45B,0.74,$1.62B,$0.37B,22.66%,$1.62B,$0.08B,4.89%,$1.62B,$0.08B,4.89%,$1.62B,$0.11B,6.69%,$1.62B,$0.06B,3.72%,$1.62B,$0.04B,2.29%,$0.04B,$0.45B,8.47%,$0.04B,$0.09B,46.39%,$0.04B,$1.06B,3.63%,$0.08B,$0.78B,10.24%,$474,$370,$104,$0,$0,$444,$30,$-4,$27,$10,$16,$16,$16,$37,$30,$46,46,$0.36,$0.35,$82,$223,$0,$604,$47,$0,$360,$51,$457,$1062,$243,$332,$0,$368,$611,$0,$217,$-1,$451,$1062,$18,$21,$2,$23,$-2,$-25,$0,$8,$-14,$26,$-5,$0,$-13,$0,$0,$0,$0,$-18,$-13,$-0,$-13,$3,$3,$0,$1,$-9,$-1,$4,$0
34,2010-03-31,19.13,$9.55,2.0,$35.23,0.54,$4.37,4.38,$0.83,23.05,$0.54B,$0.20B,2.73,$0.33B,$0.43B,0.77,$1.61B,$0.37B,23.05%,$1.61B,$0.08B,5.17%,$1.61B,$0.08B,5.17%,$1.61B,$0.11B,6.98%,$1.61B,$0.06B,3.80%,$1.61B,$0.04B,2.37%,$0.04B,$0.43B,8.96%,$0.04B,$0.08B,55.07%,$0.04B,$1.00B,3.73%,$0.08B,$0.77B,10.86%,$285,$224,$61,$0,$0,$291,$-6,$-5,$-11,$-5,$-6,$-6,$-6,$1,$-6,$45,45,$-0.14,$-0.14,$90,$220,$0,$544,$48,$0,$359,$52,$459,$1004,$199,$334,$0,$370,$569,$0,$201,$2,$434,$1004,$1,$14,$2,$16,$67,$-23,$0,$-3,$8,$25,$-3,$0,$-7,$0,$0,$0,$0,$-10,$0,$-11,$-11,$2,$2,$0,$0,$-9,$7,$3,$0
35,2009-12-31,16.0,$9.65,1.66,$36.05,0.44,$5.66,2.83,$0.92,17.39,$0.51B,$0.16B,3.24,$0.34B,$0.44B,0.77,$1.64B,$0.38B,23.37%,$1.64B,$0.09B,5.49%,$1.64B,$0.09B,5.49%,$1.64B,$0.12B,7.32%,$1.64B,$0.07B,4.15%,$1.64B,$0.04B,2.56%,$0.04B,$0.44B,10.23%,$0.04B,$0.08B,74.01%,$0.04B,$0.97B,4.12%,$0.09B,$0.77B,11.91%,$368,$279,$88,$0,$0,$349,$19,$-6,$13,$5,$8,$8,$8,$26,$19,$45,46,$0.17,$0.17,$110,$173,$0,$510,$49,$0,$354,$54,$458,$967,$157,$336,$0,$373,$530,$0,$207,$1,$438,$967,$8,$7,$1,$8,$69,$22,$0,$2,$14,$30,$-1,$0,$-0,$0,$0,$0,$0,$-1,$-2,$0,$-2,$1,$1,$0,$0,$-1,$27,$1,$0
36,2009-09-30,15.98,$9.36,1.71,$38.23,0.42,$5.09,3.14,$1.16,13.78,$0.58B,$0.24B,2.38,$0.34B,$0.42B,0.8,$1.73B,$0.41B,23.70%,$1.73B,$0.11B,6.29%,$1.73B,$0.11B,6.29%,$1.73B,$0.14B,8.02%,$1.73B,$0.09B,5.02%,$1.73B,$0.05B,3.06%,$0.05B,$0.42B,13.38%,$0.05B,$0.07B,123.98%,$0.05B,$1.04B,5.22%,$0.11B,$0.76B,14.61%,$488,$375,$113,$0,$0,$451,$36,$-6,$31,$12,$19,$19,$19,$44,$36,$45,45,$0.41,$0.41,$83,$195,$0,$577,$53,$0,$354,$56,$464,$1041,$242,$338,$0,$375,$617,$0,$199,$-3,$424,$1041,$52,$30,$4,$34,$56,$14,$0,$-2,$1,$87,$-13,$0,$0,$0,$0,$0,$0,$-13,$0,$-20,$-20,$2,$2,$0,$1,$-18,$57,$5,$0
37,2009-06-30,14.46,$8.88,1.63,$40.12,0.36,$4.44,3.26,$1.29,11.21,$0.59B,$0.27B,2.17,$0.35B,$0.40B,0.88,$1.81B,$0.44B,24.16%,$1.81B,$0.12B,6.73%,$1.81B,$0.12B,6.73%,$1.81B,$0.15B,8.38%,$1.81B,$0.10B,5.46%,$1.81B,$0.06B,3.25%,$0.06B,$0.40B,15.46%,$0.06B,$0.05B,207.02%,$0.06B,$1.06B,5.77%,$0.12B,$0.75B,16.56%,$464,$356,$108,$0,$0,$430,$34,$-6,$28,$11,$17,$17,$17,$41,$34,$45,46,$0.38,$0.38,$83,$216,$0,$587,$54,$0,$353,$64,$471,$1058,$271,$352,$0,$386,$657,$0,$180,$-4,$401,$1058,$33,$23,$3,$26,$55,$-8,$0,$3,$25,$84,$-11,$0,$0,$0,$0,$0,$0,$-11,$-13,$-5,$-18,$1,$1,$0,$0,$-17,$57,$4,$0
38,2009-03-31,13.39,$8.41,1.59,$41.37,0.32,$3.42,3.92,$1.32,10.14,$0.54B,$0.24B,2.22,$0.35B,$0.38B,0.93,$1.86B,$0.45B,24.14%,$1.86B,$0.13B,6.71%,$1.86B,$0.13B,6.71%,$1.86B,$0.16B,8.37%,$1.86B,$0.10B,5.47%,$1.86B,$0.06B,3.22%,$0.06B,$0.38B,16.38%,$0.06B,$0.03B,480.00%,$0.06B,$1.01B,5.89%,$0.13B,$0.73B,17.25%,$319,$245,$74,$0,$0,$318,$1,$-6,$-4,$-2,$-2,$-2,$-2,$9,$1,$45,45,$-0.05,$-0.05,$98,$207,$0,$540,$52,$0,$352,$67,$471,$1011,$243,$354,$0,$389,$632,$0,$163,$-8,$379,$1011,$16,$15,$2,$17,$113,$0,$0,$0,$51,$85,$-5,$0,$0,$0,$0,$0,$0,$-5,$0,$-9,$-9,$1,$1,$0,$0,$-8,$72,$2,$0
39,2008-12-31,13.88,$8.48,1.64,$41.13,0.34,$2.28,6.1,$1.19,11.66,$0.48B,$0.18B,2.61,$0.36B,$0.38B,0.94,$1.85B,$0.44B,24.01%,$1.85B,$0.12B,6.33%,$1.85B,$0.12B,6.33%,$1.85B,$0.15B,8.06%,$1.85B,$0.09B,4.98%,$1.85B,$0.05B,2.92%,$0.05B,$0.38B,15.41%,$0.05B,$0.03B,-1350.00%,$0.05B,$0.95B,5.42%,$0.12B,$0.74B,16.40%,$463,$347,$116,$0,$0,$426,$38,$-6,$32,$13,$19,$19,$19,$45,$38,$45,45,$0.42,$0.41,$22,$188,$0,$477,$54,$0,$353,$70,$477,$954,$183,$356,$0,$391,$574,$0,$166,$-7,$380,$954,$19,$8,$1,$8,$84,$19,$0,$-3,$-22,$5,$-2,$0,$0,$0,$0,$0,$0,$-2,$0,$-7,$-7,$0,$0,$0,$0,$-7,$-4,$1,$0
40,2008-09-30,15.62,$8.18,1.91,$39.79,0.39,$2.25,6.95,$0.90,17.36,$0.58B,$0.31B,1.89,$0.36B,$0.37B,0.98,$1.78B,$0.42B,23.54%,$1.78B,$0.10B,5.33%,$1.78B,$0.10B,5.33%,$1.78B,$0.13B,7.23%,$1.78B,$0.07B,3.87%,$1.78B,$0.04B,2.24%,$0.04B,$0.37B,11.85%,$0.04B,$0.01B,-228.57%,$0.04B,$1.07B,4.03%,$0.10B,$0.72B,13.48%,$567,$427,$140,$0,$0,$518,$49,$-6,$43,$18,$25,$25,$25,$57,$49,$44,45,$0.56,$0.55,$26,$209,$0,$583,$57,$0,$354,$74,$485,$1068,$308,$358,$0,$393,$701,$0,$147,$-0,$367,$1068,$40,$34,$2,$36,$-17,$-44,$0,$-10,$-27,$50,$-6,$0,$0,$0,$0,$0,$0,$-6,$0,$-27,$-27,$1,$1,$0,$2,$-24,$20,$5,$0
41,2008-06-30,10.61,$7.64,1.39,$38.15,0.28,$2.18,4.87,$0.60,17.68,$0.55B,$0.30B,1.85,$0.37B,$0.34B,1.08,$1.71B,$0.39B,22.68%,$1.71B,$0.07B,4.21%,$1.71B,$0.07B,4.21%,$1.71B,$0.11B,6.31%,$1.71B,$0.05B,2.63%,$1.71B,$0.03B,1.52%,$0.03B,$0.34B,7.96%,$0.03B,$-0.02B,-92.04%,$0.03B,$1.04B,2.66%,$0.07B,$0.71B,10.31%,$515,$394,$120,$0,$0,$478,$37,$-6,$31,$13,$18,$18,$18,$45,$37,$44,45,$0.41,$0.41,$12,$203,$0,$547,$58,$0,$355,$78,$491,$1039,$296,$367,$0,$403,$700,$0,$122,$1,$339,$1039,$15,$26,$2,$28,$-10,$-37,$0,$-2,$-14,$29,$-2,$0,$0,$0,$0,$0,$0,$-2,$-4,$-17,$-22,$0,$0,$0,$0,$-22,$5,$4,$0
42,2008-03-31,10.0,$7.14,1.4,$37.50,0.27,$2.27,4.41,$0.45,22.22,$0.42B,$0.20B,2.1,$0.37B,$0.32B,1.18,$1.68B,$0.38B,22.37%,$1.68B,$0.06B,3.69%,$1.68B,$0.06B,3.69%,$1.68B,$0.10B,5.89%,$1.68B,$0.03B,1.96%,$1.68B,$0.02B,1.19%,$0.02B,$0.32B,6.24%,$0.02B,$-0.04B,-58.82%,$0.02B,$0.93B,2.05%,$0.06B,$0.69B,8.96%,$304,$236,$68,$0,$0,$311,$-7,$-7,$-14,$-6,$-8,$-8,$-8,$2,$-7,$44,44,$-0.18,$-0.18,$11,$195,$0,$424,$61,$0,$355,$86,$502,$926,$201,$372,$0,$409,$610,$0,$104,$-2,$316,$926,$-3,$17,$2,$19,$94,$-29,$0,$6,$13,$29,$-1,$0,$0,$0,$0,$0,$0,$-1,$0,$-24,$-24,$0,$0,$0,$0,$-24,$4,$3,$0
43,2007-12-31,8.42,$7.41,1.14,$37.16,0.23,$1.47,5.74,$0.49,17.18,$0.42B,$0.20B,2.16,$0.37B,$0.33B,1.14,$1.66B,$0.37B,22.48%,$1.66B,$0.07B,3.91%,$1.66B,$0.07B,3.91%,$1.66B,$0.10B,6.01%,$1.66B,$0.04B,2.16%,$1.66B,$0.02B,1.32%,$0.02B,$0.33B,6.96%,$0.02B,$-0.03B,-100.00%,$0.02B,$0.93B,2.30%,$0.07B,$0.70B,9.50%,$398,$307,$92,$0,$0,$383,$16,$-7,$9,$4,$5,$5,$5,$25,$16,$44,45,$0.12,$0.12,$7,$173,$0,$423,$66,$0,$355,$90,$511,$934,$197,$373,$0,$410,$606,$0,$112,$3,$328,$934,$5,$9,$1,$10,$78,$-7,$0,$-6,$-12,$3,$-1,$0,$0,$0,$0,$0,$0,$-1,$0,$-2,$-2,$0,$0,$0,$0,$-2,$1,$1,$0
44,2007-09-30,10.22,$7.31,1.4,$36.71,0.28,$1.26,8.12,$0.57,17.93,$0.49B,$0.27B,1.79,$0.37B,$0.32B,1.16,$1.65B,$0.37B,22.72%,$1.65B,$0.07B,4.25%,$1.65B,$0.07B,4.25%,$1.65B,$0.10B,6.26%,$1.65B,$0.04B,2.55%,$1.65B,$0.03B,1.58%,$0.03B,$0.32B,8.41%,$0.03B,$-0.03B,-208.00%,$0.03B,$1.01B,2.78%,$0.07B,$0.70B,10.38%,$494,$386,$108,$0,$0,$467,$26,$-7,$19,$8,$11,$11,$11,$36,$26,$44,45,$0.25,$0.24,$6,$166,$0,$488,$70,$0,$355,$94,$519,$1007,$272,$374,$0,$411,$683,$0,$107,$5,$324,$1007,$25,$33,$7,$40,$-22,$14,$0,$7,$-1,$64,$-23,$0,$-120,$0,$0,$0,$0,$-143,$0,$84,$84,$1,$1,$0,$-1,$84,$5,$5,$0
45,2007-06-30,16.99,$7.11,2.39,$35.53,0.48,$1.80,9.44,$0.64,26.55,$0.52B,$0.33B,1.58,$0.37B,$0.32B,1.17,$1.58B,$0.37B,23.25%,$1.58B,$0.07B,4.67%,$1.58B,$0.07B,4.67%,$1.58B,$0.10B,6.51%,$1.58B,$0.05B,2.91%,$1.58B,$0.03B,1.90%,$0.03B,$0.32B,9.97%,$0.03B,$-0.04B,-705.88%,$0.03B,$1.04B,3.36%,$0.07B,$0.68B,11.38%,$485,$377,$108,$0,$0,$458,$27,$-7,$19,$8,$12,$12,$12,$36,$27,$44,45,$0.26,$0.26,$7,$193,$0,$518,$74,$0,$354,$98,$526,$1044,$329,$368,$0,$400,$729,$0,$95,$9,$315,$1044,$14,$23,$3,$26,$-20,$-14,$0,$3,$12,$52,$-21,$0,$-120,$0,$0,$0,$0,$-142,$0,$95,$95,$1,$1,$0,$-1,$95,$5,$4,$0
46,2007-03-31,16.18,$6.73,2.41,$33.80,0.48,$2.22,7.29,$0.76,21.29,$0.42B,$0.16B,2.6,$0.36B,$0.30B,1.21,$1.51B,$0.36B,23.92%,$1.51B,$0.08B,5.25%,$1.51B,$0.08B,5.25%,$1.51B,$0.11B,7.04%,$1.51B,$0.06B,3.65%,$1.51B,$0.04B,2.33%,$0.04B,$0.30B,12.03%,$0.04B,$0.01B,518.52%,$0.04B,$0.84B,4.20%,$0.08B,$0.66B,12.92%,$287,$221,$66,$0,$0,$291,$-4,$-6,$-11,$-4,$-6,$-6,$-6,$3,$-4,$44,44,$-0.14,$-0.14,$43,$179,$0,$419,$68,$0,$289,$61,$418,$836,$161,$359,$0,$378,$539,$0,$84,$4,$298,$836,$2,$14,$2,$16,$58,$-15,$0,$8,$-8,$10,$-17,$0,$0,$0,$0,$0,$0,$-17,$0,$49,$49,$1,$1,$0,$-1,$49,$41,$3,$0
47,2006-12-31,18.82,$6.84,2.75,$34.46,0.55,$3.01,6.26,$1.01,18.69,$0.43B,$0.17B,2.54,$0.36B,$0.30B,1.2,$1.54B,$0.37B,24.16%,$1.54B,$0.10B,6.17%,$1.54B,$0.10B,6.17%,$1.54B,$0.12B,7.86%,$1.54B,$0.07B,4.81%,$1.54B,$0.05B,2.99%,$0.05B,$0.30B,16.40%,$0.05B,$0.01B,1226.67%,$0.05B,$0.85B,5.65%,$0.10B,$0.66B,16.42%,$380,$288,$92,$0,$0,$359,$21,$-6,$15,$6,$9,$9,$9,$28,$21,$44,45,$0.20,$0.20,$43,$165,$0,$427,$67,$0,$289,$66,$421,$848,$168,$361,$0,$380,$548,$0,$90,$4,$300,$848,$9,$7,$1,$8,$43,$-1,$0,$-3,$-13,$4,$-11,$0,$0,$0,$0,$0,$0,$-11,$0,$52,$52,$0,$0,$0,$-3,$49,$41,$1,$0
