,Date,Stock Price,Book Value per Share,Price to Book Ratio,TTM Sales per Share,Price to Sales Ratio,TTM FCF per Share,Price to FCF Ratio,TTM Net EPS,PE Ratio,Current Assets,Current Liabilities,Current Ratio,Long Term Debt,Shareholder's Equity_x,Debt to Equity Ratio,TTM Revenue_x,TTM Gross Profit,Gross Margin,TTM Revenue_y,TTM Operating Income,Operating Margin,TTM Revenue_x,TTM EBIT,EBIT Margin,TTM Revenue_y,TTM EBITDA,EBITDA Margin,TTM Revenue_x,TTM Pre-Tax Income,Pre-Tax Margin,TTM Revenue_y,TTM Net Income_x,Net Margin,TTM Net Income_y,Shareholder's Equity_y,Return on Equity,TTM Net Income_x,Tangible Equity,Return on Tangible Equity,TTM Net Income_y,Total Assets,Return on Assets,TTM Net Income,LT Investments & Debt,Return on Investment,revenue,cost-goods-sold,gross-profit,research-development-expenses,selling-general-administrative-expenses,operating-expenses,operating-income,total-non-operating-income-expense,pre-tax-income,total-provision-income-taxes,income-after-taxes,income-from-continuous-operations,net-income,ebitda,ebit,basic-shares-outstanding,shares-outstanding,eps-basic-net-earnings-per-share,eps-earnings-per-share-diluted,cash-on-hand,inventory,other-current-assets,total-current-assets,net-property-plant-equipment,long-term-investments,goodwill-intangible-assets-total,other-long-term-assets,total-long-term-assets,total-assets,total-current-liabilities,long-term-debt,other-non-current-liabilities,total-long-term-liabilities,total-liabilities,common-stock-net,retained-earnings-accumulated-deficit,comprehensive-income,total-share-holder-equity,total-liabilities-share-holders-equity,net-income-loss,total-depreciation-amortization-cash-flow,other-non-cash-items,total-non-cash-items,change-in-accounts-receivable,change-in-inventories,change-in-accounts-payable,change-in-assets-liabilities,total-change-in-assets-liabilities,cash-flow-from-operating-activities,net-change-in-property-plant-equipment,net-change-in-intangible-assets,net-acquisitions-divestitures,net-change-in-short-term-investments,net-change-in-long-term-investments,net-change-in-investments-total,investing-activities-other,cash-flow-from-investing-activities,net-long-term-debt,net-current-debt,debt-issuance-retirement-net-total,net-common-equity-issued-repurchased,net-total-equity-issued-repurchased,total-common-preferred-stock-dividends-paid,financial-activities-other,cash-flow-from-financial-activities,net-cash-flow,stock-based-compensation,common-stock-dividends-paid
0,2018-09-30,30.41,$19.66,1.55,$11.66,2.61,$8.75,3.47,$1.43,21.27,$7.76B,$2.09B,3.71,$0.73B,$10.21B,0.07,$6.32B,$6.32B,100.00%,$6.32B,$2.12B,33.53%,$6.32B,$2.12B,33.53%,$6.32B,$2.28B,36.03%,$6.32B,$2.22B,35.05%,$6.32B,$0.75B,11.82%,$0.75B,$10.21B,6.97%,$0.75B,$7.88B,8.86%,$0.75B,$14.38B,4.55%,$2.12B,$10.94B,18.22%,$1527,$0,$1527,$0,$1049,$1049,$479,$5,$483,$7,$476,$476,$504,$517,$479,$537,538,$0.91,$0.92,$6911,$0,$0,$7759,$535,$3536,$2333,$221,$6625,$14384,$2093,$729,$184,$2083,$4176,$52,$10218,$-371,$10208,$14384,$743,$157,$65,$222,$-22,$374,$-33,$-19,$1265,$2230,$-107,$0,$-87,$0,$-73,$-73,$-25,$-290,$-383,$0,$-383,$-1400,$-1400,$-2117,$138,$-3762,$-1839,$118,$-2117
1,2018-06-30,32.05,$19.26,1.66,$11.71,2.74,$6.70,4.78,$1.23,26.06,$7.60B,$2.26B,3.37,$0.73B,$10.19B,0.07,$6.41B,$6.41B,100.00%,$6.41B,$2.20B,34.29%,$6.41B,$2.20B,34.29%,$6.41B,$2.36B,36.74%,$6.41B,$2.39B,37.29%,$6.41B,$0.67B,10.39%,$0.67B,$10.19B,5.84%,$0.67B,$7.84B,7.29%,$0.67B,$15.53B,3.87%,$2.20B,$10.92B,17.72%,$1559,$0,$1559,$0,$1056,$1056,$503,$-56,$447,$92,$355,$355,$399,$544,$503,$533,534,$0.75,$0.75,$6654,$0,$0,$7601,$522,$4841,$2353,$211,$7927,$15528,$2257,$730,$191,$3080,$5338,$53,$10154,$-343,$10190,$15528,$266,$119,$-14,$106,$18,$70,$-39,$-19,$1137,$1509,$-72,$0,$-97,$0,$-104,$-104,$0,$-273,$-382,$0,$-382,$-1042,$-1042,$-1995,$102,$-3317,$-2096,$90,$-1995
2,2018-03-31,34.43,$19.20,1.79,$11.69,2.95,$5.64,6.1,$1.21,28.46,$9.82B,$4.00B,2.46,$1.08B,$10.40B,0.1,$6.47B,$6.47B,100.00%,$6.47B,$2.26B,34.94%,$6.47B,$2.26B,34.94%,$6.47B,$2.42B,37.35%,$6.47B,$2.59B,40.02%,$6.47B,$0.67B,10.43%,$0.67B,$10.40B,5.60%,$0.67B,$8.16B,6.88%,$0.67B,$17.69B,3.81%,$2.26B,$11.48B,17.11%,$1618,$0,$1618,$0,$1062,$1062,$556,$77,$633,$150,$483,$483,$428,$595,$556,$545,546,$0.79,$0.78,$8727,$0,$196,$9822,$518,$5108,$2242,$0,$7868,$17690,$3995,$1079,$0,$3293,$7288,$54,$10264,$-260,$10402,$17690,$-89,$79,$-59,$20,$41,$-81,$9,$-107,$966,$897,$-44,$0,$-10,$0,$-128,$-128,$0,$-182,$-20,$0,$-20,$-606,$-606,$-239,$100,$-765,$-23,$61,$-239
3,2017-12-31,39.3,$21.87,1.8,$11.58,3.39,$5.12,7.67,$1.17,33.59,$10.07B,$2.35B,4.28,$1.10B,$12.08B,0.09,$6.45B,$6.45B,100.00%,$6.45B,$2.26B,35.03%,$6.45B,$2.26B,35.03%,$6.45B,$2.41B,37.42%,$6.45B,$2.58B,40.04%,$6.45B,$0.66B,10.28%,$0.66B,$12.08B,5.28%,$0.66B,$9.85B,6.42%,$0.66B,$18.07B,3.77%,$2.26B,$13.18B,16.28%,$1616,$0,$1616,$0,$1034,$1034,$581,$71,$652,$1224,$-572,$-572,$-584,$621,$581,$551,551,$-1.06,$-1.06,$8970,$0,$0,$10069,$517,$5063,$2235,$191,$8006,$18074,$2350,$1096,$215,$3644,$5994,$55,$11970,$-267,$12081,$18074,$-572,$40,$-149,$-109,$-34,$-169,$158,$-186,$1001,$320,$-19,$0,$0,$0,$-39,$-39,$0,$-59,$-2,$0,$-2,$-199,$-199,$-112,$262,$-51,$221,$30,$-112
4,2017-09-30,40.16,$23.31,1.72,$11.41,3.52,$5.34,7.52,$3.00,13.39,$9.75B,$1.19B,8.2,$1.10B,$12.94B,0.09,$6.39B,$6.39B,100.00%,$6.39B,$2.27B,35.43%,$6.39B,$2.27B,35.43%,$6.39B,$2.42B,37.79%,$6.39B,$2.55B,39.89%,$6.39B,$1.68B,26.34%,$1.68B,$12.94B,13.38%,$1.68B,$10.71B,16.24%,$1.68B,$17.53B,9.84%,$2.27B,$14.03B,16.09%,$1617,$0,$1617,$0,$1059,$1059,$558,$101,$658,$182,$477,$477,$423,$595,$558,$559,559,$0.77,$0.77,$8750,$0,$0,$9752,$517,$4861,$2228,$177,$7782,$17534,$1189,$1098,$199,$3409,$4598,$56,$12849,$-285,$12936,$17534,$1790,$152,$-46,$106,$-161,$-745,$64,$37,$-761,$1135,$-75,$0,$-14,$0,$226,$226,$-85,$52,$-642,$0,$-642,$-740,$-740,$-441,$867,$-956,$266,$123,$-441
5,2017-06-30,40.23,$22.77,1.77,$11.28,3.57,$6.24,6.45,$3.06,13.15,$9.77B,$1.06B,9.2,$1.43B,$12.71B,0.11,$6.39B,$6.39B,100.00%,$6.39B,$2.29B,35.79%,$6.39B,$2.29B,35.79%,$6.39B,$2.44B,38.18%,$6.39B,$2.53B,39.57%,$6.39B,$1.73B,27.10%,$1.73B,$12.71B,13.86%,$1.73B,$10.48B,16.85%,$1.73B,$17.48B,10.34%,$2.29B,$14.13B,16.08%,$1614,$0,$1614,$0,$1050,$1050,$564,$79,$644,$184,$459,$459,$407,$605,$564,$556,557,$0.73,$0.73,$8786,$0,$0,$9765,$509,$4829,$2228,$146,$7711,$17476,$1062,$1428,$295,$3710,$4771,$56,$12665,$-321,$12705,$17476,$1313,$115,$-35,$81,$-85,$-460,$39,$2,$-436,$958,$-49,$0,$-14,$0,$177,$177,$-49,$65,$-310,$0,$-310,$-588,$-588,$-329,$496,$-731,$303,$95,$-329
6,2017-03-31,37.68,$22.19,1.7,$11.20,3.36,$6.51,5.79,$3.10,12.16,$9.80B,$0.94B,10.39,$1.68B,$12.47B,0.14,$6.41B,$6.41B,100.00%,$6.41B,$2.32B,36.16%,$6.41B,$2.32B,36.16%,$6.41B,$2.47B,38.56%,$6.41B,$2.53B,39.53%,$6.41B,$1.77B,27.57%,$1.77B,$12.47B,14.24%,$1.77B,$10.25B,17.34%,$1.77B,$17.21B,10.79%,$2.32B,$14.15B,16.18%,$1601,$0,$1601,$0,$1045,$1045,$556,$72,$628,$193,$435,$435,$417,$593,$556,$560,561,$0.74,$0.74,$8776,$0,$0,$9800,$510,$4536,$2224,$141,$7411,$17210,$943,$1680,$294,$3794,$4737,$56,$12511,$-373,$12473,$17210,$854,$75,$-8,$67,$-75,$-220,$14,$-79,$-307,$614,$-29,$0,$-14,$0,$166,$166,$-49,$74,$-67,$0,$-67,$-412,$-412,$-217,$334,$-362,$293,$63,$-217
7,2016-12-31,35.22,$21.65,1.63,$11.09,3.17,$6.14,5.74,$2.97,11.86,$9.39B,$1.01B,9.34,$1.74B,$12.25B,0.14,$6.42B,$6.42B,100.00%,$6.42B,$2.30B,35.79%,$6.42B,$2.30B,35.79%,$6.42B,$2.45B,38.20%,$6.42B,$2.45B,38.12%,$6.42B,$1.71B,26.60%,$1.71B,$12.25B,13.79%,$1.71B,$10.05B,16.78%,$1.71B,$16.21B,10.64%,$2.30B,$13.98B,15.93%,$1561,$0,$1561,$0,$974,$974,$587,$33,$620,$201,$419,$419,$437,$624,$587,$565,565,$0.77,$0.77,$8455,$0,$0,$9385,$513,$3969,$2200,$144,$6826,$16210,$1005,$1735,$231,$2958,$3963,$57,$12326,$-418,$12247,$16210,$419,$37,$-33,$4,$-12,$72,$-42,$-162,$24,$446,$-13,$0,$0,$0,$4,$4,$-49,$-58,$-3,$0,$-3,$-256,$-256,$-103,$-4,$-366,$-29,$30,$-103
8,2016-09-30,31.49,$21.97,1.43,$11.27,2.79,$5.83,5.4,$2.94,10.71,$9.28B,$1.00B,9.3,$2.08B,$12.53B,0.17,$6.62B,$6.62B,100.00%,$6.62B,$2.37B,35.74%,$6.62B,$2.37B,35.74%,$6.62B,$2.53B,38.20%,$6.62B,$2.50B,37.78%,$6.62B,$1.72B,25.93%,$1.72B,$12.53B,13.80%,$1.72B,$10.32B,16.81%,$1.72B,$16.10B,10.70%,$2.37B,$14.61B,16.24%,$1612,$0,$1612,$0,$1032,$1032,$579,$57,$636,$163,$473,$473,$470,$618,$579,$584,584,$0.82,$0.82,$8483,$0,$0,$9278,$523,$3930,$2211,$157,$6821,$16099,$997,$2083,$267,$2573,$3571,$57,$12226,$-347,$12528,$16099,$1758,$162,$107,$270,$-11,$-122,$-76,$-77,$-300,$1728,$-98,$0,$0,$0,$301,$301,$-12,$192,$-94,$0,$-94,$-1284,$-1284,$-409,$-14,$-1801,$115,$132,$-409
9,2016-06-30,29.39,$21.45,1.37,$11.56,2.54,$6.59,4.46,$2.71,10.85,$9.95B,$0.96B,10.36,$2.16B,$12.37B,0.18,$6.88B,$6.88B,100.00%,$6.88B,$2.50B,36.40%,$6.88B,$2.50B,36.40%,$6.88B,$2.68B,38.94%,$6.88B,$2.46B,35.76%,$6.88B,$1.60B,23.26%,$1.60B,$12.37B,12.88%,$1.60B,$10.16B,15.70%,$1.60B,$16.00B,9.94%,$2.50B,$14.54B,17.18%,$1634,$0,$1634,$0,$1039,$1039,$595,$54,$649,$187,$462,$462,$443,$636,$595,$579,579,$0.77,$0.77,$8242,$0,$898,$9953,$508,$3173,$2214,$150,$6045,$15998,$961,$2164,$321,$2665,$3626,$58,$12077,$-353,$12372,$15998,$1285,$124,$91,$214,$4,$-225,$-52,$-85,$-334,$1165,$-61,$0,$0,$0,$165,$165,$-12,$92,$-3,$0,$-3,$-1044,$-1044,$-305,$-25,$-1376,$-126,$104,$-305
10,2016-03-31,34.2,$21.16,1.62,$12.00,2.85,$7.57,4.52,$2.76,12.39,$8.84B,$0.90B,9.87,$2.17B,$12.40B,0.18,$7.25B,$7.25B,100.00%,$7.25B,$2.68B,36.97%,$7.25B,$2.68B,36.97%,$7.25B,$2.86B,39.52%,$7.25B,$2.56B,35.35%,$7.25B,$1.66B,22.92%,$1.66B,$12.40B,13.28%,$1.66B,$10.18B,16.20%,$1.66B,$15.89B,10.21%,$2.68B,$14.57B,18.26%,$1614,$0,$1614,$0,$1077,$1077,$537,$5,$543,$182,$361,$361,$358,$575,$537,$587,587,$0.61,$0.61,$8041,$0,$0,$8839,$504,$4171,$2222,$155,$7052,$15891,$896,$2166,$260,$2591,$3487,$59,$12030,$-318,$12404,$15891,$823,$83,$52,$135,$-3,$-298,$-51,$-147,$-528,$430,$-35,$0,$0,$0,$134,$134,$0,$99,$24,$0,$24,$-721,$-721,$-199,$29,$-867,$-327,$70,$-199
11,2015-12-31,32.1,$20.87,1.54,$12.50,2.57,$8.66,3.7,$3.13,10.26,$9.23B,$1.08B,8.57,$2.12B,$12.42B,0.17,$7.64B,$7.64B,100.00%,$7.64B,$2.90B,37.94%,$7.64B,$2.90B,37.94%,$7.64B,$3.10B,40.56%,$7.64B,$2.88B,37.66%,$7.64B,$1.91B,24.94%,$1.91B,$12.42B,15.23%,$1.91B,$10.17B,18.60%,$1.91B,$16.16B,11.61%,$2.90B,$14.54B,19.66%,$1758,$0,$1758,$0,$1104,$1104,$654,$19,$672,$210,$462,$462,$445,$699,$654,$598,598,$0.74,$0.74,$8269,$0,$0,$9233,$507,$4028,$2248,$139,$6922,$16156,$1077,$2120,$247,$2657,$3735,$60,$12065,$-343,$12421,$16156,$462,$45,$23,$68,$-43,$-101,$-24,$-228,$-235,$295,$-19,$0,$0,$0,$108,$108,$0,$89,$-27,$0,$-27,$-382,$-382,$-92,$37,$-463,$-99,$34,$-92
12,2015-09-30,32.33,$20.71,1.56,$12.89,2.51,$9.10,3.55,$3.30,9.8,$9.21B,$1.12B,8.24,$2.16B,$12.50B,0.17,$7.95B,$7.95B,100.00%,$7.95B,$3.03B,38.09%,$7.95B,$3.03B,38.09%,$7.95B,$3.24B,40.73%,$7.95B,$3.03B,38.09%,$7.95B,$2.02B,25.46%,$2.02B,$12.50B,16.26%,$2.02B,$10.24B,19.91%,$2.02B,$16.34B,12.31%,$3.03B,$14.65B,20.62%,$1874,$0,$1874,$0,$1156,$1156,$718,$-122,$596,$214,$382,$382,$354,$769,$718,$615,615,$0.58,$0.58,$8368,$0,$0,$9206,$510,$4109,$2257,$253,$7130,$16336,$1118,$2155,$266,$2722,$3840,$60,$12095,$-314,$12496,$16336,$2105,$210,$143,$353,$45,$-158,$-80,$-33,$-206,$2252,$-69,$0,$0,$0,$313,$313,$4,$249,$-15,$0,$-15,$-1034,$-1034,$-666,$103,$-1612,$772,$140,$-666
13,2015-06-30,42.36,$20.68,2.05,$13.29,3.19,$8.88,4.77,$3.73,11.36,$9.43B,$1.15B,8.19,$2.20B,$12.71B,0.17,$8.23B,$8.23B,100.00%,$8.23B,$3.15B,38.21%,$8.23B,$3.15B,38.21%,$8.23B,$3.36B,40.78%,$8.23B,$3.32B,40.31%,$8.23B,$2.31B,28.04%,$2.31B,$12.71B,18.65%,$2.31B,$10.43B,22.91%,$2.31B,$16.67B,14.03%,$3.15B,$14.92B,21.53%,$2001,$0,$2001,$0,$1231,$1231,$770,$-18,$751,$217,$534,$534,$504,$821,$770,$614,614,$0.82,$0.82,$8426,$0,$0,$9432,$510,$4285,$2286,$158,$7239,$16670,$1152,$2204,$268,$2804,$3956,$62,$12280,$-256,$12714,$16670,$1723,$160,$38,$198,$4,$-44,$-37,$-58,$-106,$1815,$-44,$0,$0,$0,$258,$258,$21,$235,$28,$0,$28,$-546,$-546,$-574,$-6,$-1097,$830,$107,$-574
14,2015-03-31,44.21,$20.08,2.2,$13.45,3.29,$8.20,5.39,$3.83,11.54,$9.14B,$1.04B,8.78,$2.48B,$12.43B,0.2,$8.36B,$8.36B,100.00%,$8.36B,$3.16B,37.82%,$8.36B,$3.16B,37.82%,$8.36B,$3.38B,40.38%,$8.36B,$3.45B,41.27%,$8.36B,$2.38B,28.45%,$2.38B,$12.43B,19.53%,$2.38B,$10.14B,24.12%,$2.38B,$16.49B,14.45%,$3.16B,$14.91B,21.95%,$2010,$0,$2010,$0,$1252,$1252,$758,$101,$859,$236,$623,$623,$603,$811,$758,$618,618,$0.98,$0.98,$8122,$0,$0,$9137,$517,$4384,$2288,$166,$7354,$16491,$1041,$2478,$230,$3020,$4062,$62,$12049,$-289,$12430,$16491,$1189,$109,$39,$147,$-1,$11,$-32,$-175,$-215,$1121,$-30,$0,$0,$0,$139,$139,$-2,$107,$309,$0,$309,$-328,$-328,$-481,$-45,$-545,$526,$73,$-481
15,2014-12-31,47.56,$19.53,2.44,$13.54,3.51,$7.41,6.42,$3.74,12.72,$8.89B,$1.45B,6.12,$2.10B,$12.16B,0.17,$8.45B,$8.45B,100.00%,$8.45B,$3.19B,37.76%,$8.45B,$3.19B,37.76%,$8.45B,$3.41B,40.36%,$8.45B,$3.38B,40.06%,$8.45B,$2.33B,27.62%,$2.33B,$12.16B,19.54%,$2.33B,$9.85B,24.28%,$2.33B,$16.30B,14.25%,$3.19B,$14.25B,22.61%,$2064,$0,$2064,$0,$1282,$1282,$782,$40,$822,$256,$566,$566,$563,$837,$782,$620,620,$0.91,$0.91,$7885,$0,$0,$8890,$523,$4404,$2308,$172,$7407,$16297,$1452,$2100,$257,$2691,$4142,$62,$11672,$-178,$12155,$16297,$566,$55,$44,$99,$-7,$21,$-21,$-258,$-93,$572,$-16,$0,$0,$0,$107,$107,$-0,$91,$-60,$0,$-60,$-151,$-151,$-76,$-41,$-328,$289,$35,$-76
16,2014-09-30,46.37,$19.61,2.37,$13.57,3.42,$7.00,6.62,$3.79,12.24,$8.64B,$1.22B,7.09,$2.15B,$12.21B,0.18,$8.49B,$8.49B,100.00%,$8.49B,$3.22B,37.93%,$8.49B,$3.22B,37.93%,$8.49B,$3.44B,40.55%,$8.49B,$3.41B,40.16%,$8.49B,$2.37B,27.91%,$2.37B,$12.21B,20.30%,$2.37B,$9.89B,25.40%,$2.37B,$16.36B,14.56%,$3.22B,$14.36B,23.21%,$2156,$0,$2156,$0,$1320,$1320,$835,$51,$886,$255,$631,$631,$638,$888,$835,$625,625,$1.02,$1.02,$7596,$0,$0,$8644,$531,$4678,$2326,$178,$7713,$16357,$1220,$2149,$282,$2925,$4145,$62,$11640,$-118,$12212,$16357,$2412,$222,$-29,$193,$-114,$-563,$3,$192,$-467,$2138,$-53,$0,$0,$0,$367,$367,$77,$391,$-180,$0,$-180,$-590,$-590,$-290,$-135,$-1195,$1273,$128,$-290
17,2014-06-30,49.01,$19.06,2.57,$13.25,3.7,$6.78,7.23,$3.57,13.73,$8.87B,$1.86B,4.77,$2.19B,$11.92B,0.18,$8.32B,$8.32B,100.00%,$8.32B,$3.12B,37.50%,$8.32B,$3.12B,37.50%,$8.32B,$3.35B,40.24%,$8.32B,$3.25B,39.04%,$8.32B,$2.23B,26.81%,$2.23B,$11.92B,19.76%,$2.23B,$9.57B,24.96%,$2.23B,$16.69B,13.92%,$3.12B,$14.11B,23.06%,$2131,$0,$2131,$0,$1344,$1344,$787,$97,$884,$251,$632,$632,$575,$840,$787,$623,624,$0.92,$0.92,$7698,$0,$169,$8870,$542,$4802,$2349,$0,$7822,$16692,$1861,$2190,$272,$2910,$4771,$63,$11209,$24,$11921,$16692,$1781,$170,$-60,$110,$-134,$-527,$20,$157,$-480,$1411,$-38,$0,$0,$0,$247,$247,$76,$284,$-131,$0,$-131,$-424,$-424,$-215,$438,$-332,$1375,$97,$-215
18,2014-03-31,45.81,$18.28,2.51,$13.12,3.49,$6.92,6.62,$3.51,13.05,$8.12B,$1.71B,4.74,$2.23B,$11.47B,0.19,$8.28B,$8.28B,100.00%,$8.28B,$3.11B,37.53%,$8.28B,$3.11B,37.53%,$8.28B,$3.34B,40.35%,$8.28B,$3.14B,37.90%,$8.28B,$2.20B,26.63%,$2.20B,$11.47B,20.20%,$2.20B,$9.13B,25.76%,$2.20B,$16.14B,14.05%,$3.11B,$13.70B,23.52%,$2096,$0,$2096,$0,$1310,$1310,$786,$6,$792,$239,$553,$553,$557,$844,$786,$626,627,$0.89,$0.89,$6911,$0,$0,$8121,$554,$4828,$2347,$170,$8017,$16137,$1714,$2229,$281,$2950,$4664,$63,$10798,$4,$11473,$16137,$1149,$117,$5,$122,$-112,$-513,$9,$-4,$-643,$639,$-28,$0,$0,$0,$134,$134,$-104,$2,$-84,$0,$-84,$-296,$-296,$-140,$456,$-63,$588,$64,$-140
19,2013-12-31,48.7,$17.57,2.77,$12.95,3.76,$7.12,6.84,$3.52,13.85,$8.07B,$1.89B,4.26,$2.26B,$11.08B,0.2,$8.19B,$8.19B,100.00%,$8.19B,$3.05B,37.21%,$8.19B,$3.05B,37.21%,$8.19B,$3.29B,40.09%,$8.19B,$3.16B,38.56%,$8.19B,$2.22B,27.09%,$2.22B,$11.08B,21.02%,$2.22B,$8.73B,27.07%,$2.22B,$15.91B,14.46%,$3.05B,$13.34B,23.63%,$2110,$0,$2110,$0,$1296,$1296,$813,$36,$849,$253,$596,$596,$600,$872,$813,$628,629,$0.96,$0.96,$6634,$0,$0,$8067,$559,$4759,$2351,$174,$7843,$15909,$1894,$2257,$249,$2931,$4825,$63,$10441,$3,$11084,$15909,$596,$59,$-18,$42,$-126,$-267,$16,$-139,$-321,$325,$-15,$0,$0,$0,$134,$134,$-3,$116,$-47,$0,$-47,$-130,$-130,$-64,$168,$-73,$377,$31,$-64
20,2013-09-30,42.56,$16.94,2.51,$12.58,3.38,$7.06,6.03,$3.36,12.65,$7.70B,$1.74B,4.42,$2.30B,$10.69B,0.22,$7.99B,$7.99B,100.00%,$7.99B,$2.92B,36.58%,$7.99B,$2.92B,36.58%,$7.99B,$3.15B,39.47%,$7.99B,$3.03B,37.90%,$7.99B,$2.14B,26.75%,$2.14B,$10.69B,20.99%,$2.14B,$8.33B,27.38%,$2.14B,$15.39B,14.27%,$2.92B,$12.98B,23.24%,$1985,$0,$1985,$0,$1250,$1250,$735,$-12,$724,$213,$511,$511,$499,$793,$735,$633,634,$0.79,$0.80,$6323,$0,$0,$7704,$564,$4584,$2359,$179,$7686,$15390,$1743,$2295,$273,$2962,$4705,$63,$10004,$6,$10686,$15390,$2171,$232,$-40,$191,$-268,$-212,$54,$50,$-326,$2036,$-62,$0,$1,$0,$277,$277,$18,$233,$-744,$0,$-744,$-450,$-450,$-883,$58,$-2018,$272,$113,$-883
21,2013-06-30,38.1,$16.36,2.33,$12.28,3.1,$5.48,6.95,$3.33,11.43,$7.53B,$1.86B,4.04,$2.39B,$10.40B,0.23,$7.82B,$7.82B,100.00%,$7.82B,$2.81B,35.93%,$7.82B,$2.81B,35.93%,$7.82B,$3.03B,38.77%,$7.82B,$2.98B,38.13%,$7.82B,$2.13B,27.21%,$2.13B,$10.40B,21.39%,$2.13B,$8.04B,27.89%,$2.13B,$15.32B,14.36%,$2.81B,$12.79B,22.55%,$2085,$0,$2085,$0,$1313,$1313,$772,$0,$772,$210,$562,$562,$548,$830,$772,$634,634,$0.87,$0.86,$6232,$0,$0,$7530,$563,$4700,$2359,$165,$7787,$15317,$1864,$2390,$256,$3051,$4915,$64,$9765,$-48,$10402,$15317,$1660,$173,$-50,$123,$-188,$-172,$51,$11,$-271,$1528,$-42,$0,$4,$0,$204,$204,$12,$178,$-653,$0,$-653,$-198,$-198,$-821,$163,$-1508,$181,$86,$-821
22,2013-03-31,42.15,$15.80,2.67,$11.77,3.58,$4.42,9.53,$3.18,13.25,$6.89B,$1.70B,4.05,$2.42B,$10.08B,0.24,$7.52B,$7.52B,100.00%,$7.52B,$2.68B,35.66%,$7.52B,$2.68B,35.66%,$7.52B,$2.90B,38.56%,$7.52B,$2.82B,37.57%,$7.52B,$2.03B,27.02%,$2.03B,$10.08B,21.00%,$2.03B,$7.70B,27.41%,$2.03B,$14.81B,14.12%,$2.68B,$12.50B,22.38%,$2014,$0,$2014,$0,$1284,$1284,$729,$86,$815,$222,$593,$593,$573,$790,$729,$634,635,$0.90,$0.90,$5556,$0,$0,$6889,$574,$4797,$2381,$169,$7921,$14810,$1702,$2423,$246,$3030,$4732,$21,$9390,$9,$10078,$14810,$1098,$115,$-44,$71,$-202,$-153,$39,$-101,$-401,$772,$-28,$0,$6,$0,$101,$101,$19,$98,$-598,$0,$-598,$-94,$-94,$-759,$102,$-1350,$-496,$57,$-759
23,2012-12-31,35.06,$14.95,2.34,$11.39,3.08,$3.92,8.94,$3.06,11.47,$6.53B,$1.80B,3.63,$2.46B,$9.54B,0.26,$7.30B,$7.30B,100.00%,$7.30B,$2.57B,35.17%,$7.30B,$2.57B,35.17%,$7.30B,$2.78B,38.09%,$7.30B,$2.70B,36.97%,$7.30B,$1.96B,26.82%,$1.96B,$9.54B,20.63%,$1.96B,$7.14B,26.87%,$1.96B,$14.35B,13.89%,$2.57B,$12.00B,22.03%,$1902,$0,$1902,$0,$1217,$1217,$685,$31,$716,$211,$505,$505,$516,$739,$685,$635,635,$0.81,$0.81,$5243,$0,$0,$6525,$578,$4692,$2392,$168,$7829,$14354,$1797,$2463,$231,$3023,$4819,$21,$8863,$64,$9535,$14354,$505,$54,$-17,$37,$-56,$-77,$-109,$-166,$-259,$286,$-12,$0,$6,$0,$63,$63,$-22,$35,$-533,$0,$-533,$-87,$-87,$-758,$237,$-1140,$-809,$28,$-758
24,2012-09-30,34.02,$15.33,2.22,$11.01,3.09,$3.71,9.17,$2.98,11.4,$7.41B,$1.91B,3.88,$2.78B,$9.76B,0.29,$7.10B,$7.10B,100.00%,$7.10B,$2.52B,35.42%,$7.10B,$2.52B,35.42%,$7.10B,$2.73B,38.40%,$7.10B,$2.68B,37.71%,$7.10B,$1.92B,27.02%,$1.92B,$9.76B,20.55%,$1.92B,$7.62B,26.66%,$1.92B,$14.75B,13.84%,$2.52B,$12.54B,22.18%,$1816,$0,$1816,$0,$1194,$1194,$623,$56,$678,$174,$504,$504,$490,$672,$623,$641,643,$0.77,$0.76,$6051,$0,$162,$7412,$583,$4615,$2142,$0,$7339,$14752,$1911,$2777,$0,$3080,$4991,$64,$9076,$62,$9761,$14752,$1916,$212,$-29,$183,$-223,$-781,$14,$-0,$-1064,$1066,$-78,$0,$0,$0,$555,$555,$397,$873,$343,$-30,$313,$-748,$-748,$-663,$13,$-1085,$853,$101,$-663
25,2012-06-30,30.12,$14.59,2.06,$10.95,2.75,$4.41,6.83,$2.84,10.61,$8.38B,$2.38B,3.52,$1.56B,$9.31B,0.17,$7.12B,$7.12B,100.00%,$7.12B,$2.58B,36.23%,$7.12B,$2.58B,36.23%,$7.12B,$2.81B,39.39%,$7.12B,$2.56B,35.96%,$7.12B,$1.84B,25.89%,$1.84B,$9.31B,20.10%,$1.84B,$7.18B,26.22%,$1.84B,$13.63B,13.54%,$2.58B,$10.86B,23.40%,$1784,$0,$1784,$0,$1141,$1141,$643,$-28,$615,$185,$430,$430,$452,$697,$643,$639,641,$0.71,$0.71,$5385,$1019,$774,$8376,$585,$2384,$2127,$107,$5258,$13634,$2381,$1557,$97,$1946,$4327,$21,$8737,$-9,$9307,$13634,$1412,$163,$-16,$147,$-161,$-439,$-1,$-32,$-695,$886,$-62,$0,$0,$0,$508,$508,$164,$610,$-240,$-30,$-270,$-668,$-668,$-606,$252,$-1291,$187,$77,$-606
26,2012-03-31,33.57,$14.49,2.32,$10.95,3.06,$4.52,7.43,$2.89,11.63,$9.13B,$2.02B,4.51,$1.88B,$9.35B,0.2,$7.19B,$7.19B,100.00%,$7.19B,$2.62B,36.43%,$7.19B,$2.62B,36.43%,$7.19B,$2.85B,39.62%,$7.19B,$2.63B,36.62%,$7.19B,$1.89B,26.31%,$1.89B,$9.35B,20.93%,$1.89B,$7.21B,27.40%,$1.89B,$13.66B,14.02%,$2.62B,$11.23B,23.83%,$1799,$0,$1799,$0,$1182,$1182,$617,$73,$690,$202,$488,$488,$500,$673,$617,$644,645,$0.78,$0.77,$5079,$1185,$976,$9129,$595,$1621,$2145,$104,$4534,$13663,$2024,$1878,$99,$2286,$4309,$22,$8592,$76,$9353,$13663,$982,$108,$-41,$68,$-99,$-322,$11,$-127,$-592,$478,$-45,$0,$0,$0,$428,$428,$59,$442,$-208,$-5,$-213,$-389,$-389,$-547,$102,$-1047,$-120,$50,$-547
27,2011-12-31,25.95,$13.79,1.88,$10.79,2.41,$4.48,5.79,$2.86,9.06,$8.10B,$2.28B,3.56,$1.80B,$8.93B,0.2,$7.14B,$7.14B,100.00%,$7.14B,$2.63B,36.85%,$7.14B,$2.63B,36.85%,$7.14B,$2.87B,40.14%,$7.14B,$2.62B,36.71%,$7.14B,$1.89B,26.49%,$1.89B,$8.93B,21.49%,$1.89B,$6.79B,28.29%,$1.89B,$13.41B,14.24%,$2.63B,$10.73B,24.37%,$1702,$0,$1702,$0,$1070,$1070,$632,$63,$695,$201,$494,$494,$477,$685,$632,$648,650,$0.74,$0.73,$4912,$1057,$826,$8103,$595,$2340,$2142,$101,$5302,$13405,$2275,$1798,$94,$2197,$4472,$22,$8239,$13,$8933,$13405,$494,$53,$-40,$13,$-28,$-147,$-26,$-244,$-346,$168,$-27,$0,$0,$0,$225,$225,$38,$236,$-109,$-5,$-114,$-278,$-278,$-547,$258,$-681,$-287,$26,$-547
28,2011-09-30,25.22,$13.94,1.81,$10.69,2.36,$4.55,5.55,$2.87,8.78,$6.85B,$2.18B,3.14,$2.17B,$9.10B,0.24,$7.14B,$7.14B,100.00%,$7.14B,$2.66B,37.24%,$7.14B,$2.66B,37.24%,$7.14B,$2.90B,40.67%,$7.14B,$2.63B,36.76%,$7.14B,$1.91B,26.81%,$1.91B,$9.10B,22.24%,$1.91B,$6.96B,29.34%,$1.91B,$13.78B,14.68%,$2.66B,$11.27B,24.93%,$1837,$0,$1837,$0,$1149,$1149,$688,$-128,$561,$204,$357,$357,$415,$750,$688,$663,666,$0.63,$0.62,$5199,$0,$216,$6847,$590,$4191,$2148,$0,$6929,$13776,$2178,$2169,$32,$2494,$4672,$22,$8463,$40,$9104,$13776,$1821,$244,$94,$338,$-230,$-518,$66,$99,$-552,$1622,$-132,$0,$-111,$0,$429,$429,$250,$436,$-340,$-0,$-340,$-905,$-905,$-216,$493,$-968,$1075,$89,$-216
29,2011-06-30,34.53,$13.25,2.61,$10.18,3.39,$4.65,7.43,$2.80,12.35,$8.76B,$2.02B,4.34,$1.98B,$8.76B,0.23,$6.83B,$6.83B,100.00%,$6.83B,$2.48B,36.31%,$6.83B,$2.48B,36.31%,$6.83B,$2.73B,39.96%,$6.83B,$2.62B,38.30%,$6.83B,$1.87B,27.40%,$1.87B,$8.76B,22.66%,$1.87B,$6.67B,30.12%,$1.87B,$13.15B,15.26%,$2.48B,$10.74B,24.78%,$1853,$0,$1853,$0,$1170,$1170,$683,$4,$687,$209,$478,$478,$500,$741,$683,$661,664,$0.76,$0.75,$4720,$908,$1670,$8761,$564,$1615,$2094,$118,$4390,$13151,$2021,$1980,$96,$2367,$4388,$22,$8433,$231,$8763,$13151,$1464,$182,$-13,$169,$-223,$-539,$88,$31,$-624,$1009,$-85,$0,$-58,$0,$463,$463,$113,$433,$-260,$-0,$-260,$-581,$-581,$-161,$132,$-870,$596,$67,$-161
30,2011-03-31,32.83,$12.65,2.59,$9.64,3.41,$5.15,6.38,$2.57,12.77,$7.87B,$2.01B,3.92,$2.03B,$8.42B,0.24,$6.51B,$6.51B,100.00%,$6.51B,$2.32B,35.61%,$6.51B,$2.32B,35.61%,$6.51B,$2.58B,39.62%,$6.51B,$2.42B,37.22%,$6.51B,$1.73B,26.57%,$1.73B,$8.42B,21.82%,$1.73B,$6.34B,29.30%,$1.73B,$12.83B,14.93%,$2.32B,$10.45B,24.66%,$1750,$0,$1750,$0,$1120,$1120,$629,$49,$679,$183,$496,$496,$500,$691,$629,$665,668,$0.75,$0.75,$4668,$778,$1022,$7874,$562,$1968,$2081,$119,$4954,$12827,$2010,$2030,$96,$2398,$4408,$22,$8186,$206,$8419,$12827,$986,$124,$-30,$94,$-153,$-412,$61,$-40,$-591,$488,$-65,$0,$-58,$0,$586,$586,$90,$554,$-180,$-0,$-180,$-385,$-385,$-106,$157,$-514,$545,$44,$-106
31,2010-12-31,29.13,$12.14,2.4,$9.09,3.21,$5.49,5.31,$2.34,12.47,$7.71B,$1.84B,4.19,$2.07B,$8.13B,0.26,$6.18B,$6.18B,100.00%,$6.18B,$2.15B,34.83%,$6.18B,$2.15B,34.83%,$6.18B,$2.42B,39.11%,$6.18B,$2.25B,36.49%,$6.18B,$1.59B,25.67%,$1.59B,$8.13B,20.66%,$1.59B,$6.13B,27.99%,$1.59B,$12.39B,14.73%,$2.15B,$10.21B,24.90%,$1700,$0,$1700,$0,$1041,$1041,$659,$38,$698,$208,$490,$490,$499,$722,$659,$670,673,$0.75,$0.74,$4321,$541,$1503,$7709,$567,$1721,$2007,$123,$4683,$12392,$1839,$2072,$87,$2421,$4259,$22,$7921,$187,$8133,$12392,$490,$62,$-8,$55,$-136,$-182,$26,$-126,$-299,$246,$-54,$0,$0,$0,$236,$236,$62,$244,$-90,$-3,$-92,$-185,$-185,$-50,$35,$-293,$197,$22,$-50
32,2010-09-30,27.94,$11.50,2.43,$8.56,3.26,$5.65,4.94,$2.11,13.26,$7.94B,$1.73B,4.59,$0.90B,$7.73B,0.12,$5.85B,$5.32B,90.86%,$5.85B,$1.96B,33.48%,$5.85B,$1.96B,33.48%,$5.85B,$2.23B,38.04%,$5.85B,$2.07B,35.36%,$5.85B,$1.44B,24.57%,$1.44B,$7.73B,19.38%,$1.44B,$5.72B,26.56%,$1.44B,$10.71B,14.43%,$1.96B,$8.63B,24.89%,$1528,$0,$1528,$0,$1555,$1019,$509,$43,$552,$177,$376,$376,$373,$576,$509,$678,682,$0.55,$0.55,$4124,$385,$2242,$7935,$549,$92,$2007,$126,$2773,$10708,$1730,$899,$91,$1248,$2978,$22,$7531,$174,$7730,$10708,$1452,$267,$25,$293,$-282,$-143,$83,$155,$-93,$1651,$-57,$0,$0,$0,$89,$89,$-64,$-33,$886,$-35,$852,$-634,$-634,$-884,$71,$-595,$1019,$82,$-884
33,2010-06-30,22.48,$10.99,2.05,$8.10,2.77,$4.17,5.39,$2.09,10.75,$7.00B,$1.73B,4.04,$0.90B,$7.43B,0.12,$5.56B,$5.03B,90.38%,$5.56B,$1.84B,32.99%,$5.56B,$1.84B,32.99%,$5.56B,$2.09B,37.50%,$5.56B,$2.03B,36.53%,$5.56B,$1.43B,25.71%,$1.43B,$7.43B,19.33%,$1.43B,$5.43B,26.52%,$1.43B,$10.41B,14.81%,$1.84B,$8.33B,24.08%,$1534,$0,$1534,$0,$1013,$1013,$522,$-27,$495,$135,$360,$360,$358,$591,$522,$677,680,$0.53,$0.53,$3991,$498,$1358,$7004,$538,$736,$2000,$42,$3406,$10410,$1733,$899,$89,$1247,$2980,$23,$7345,$59,$7430,$10410,$1076,$201,$60,$261,$-240,$-122,$60,$254,$3,$1340,$-53,$0,$0,$0,$105,$105,$-61,$-9,$886,$-65,$822,$-475,$-475,$-834,$73,$-415,$886,$63,$-834
34,2010-03-31,28.85,$10.83,2.66,$7.40,3.9,$2.94,9.81,$1.99,14.47,$6.19B,$1.79B,3.46,$0.00B,$7.39B,0.0,$5.10B,$4.22B,82.64%,$5.10B,$1.64B,32.12%,$5.10B,$1.64B,32.12%,$5.10B,$1.86B,36.49%,$5.10B,$1.96B,38.41%,$5.10B,$1.37B,26.79%,$1.37B,$7.39B,18.53%,$1.37B,$5.38B,25.46%,$1.37B,$9.52B,14.60%,$1.64B,$7.39B,22.16%,$1413,$0,$1413,$0,$952,$952,$461,$47,$508,$150,$358,$358,$355,$526,$461,$681,685,$0.52,$0.52,$3024,$533,$1529,$6187,$535,$650,$2013,$35,$3334,$9521,$1789,$0,$87,$344,$2133,$23,$7218,$144,$7387,$9521,$716,$131,$12,$144,$-143,$-101,$41,$8,$-163,$696,$-28,$0,$0,$0,$55,$55,$-58,$-31,$9,$222,$231,$-279,$-279,$-784,$98,$-734,$-81,$40,$-784
35,2009-12-31,27.35,$10.43,2.62,$6.65,4.11,$2.28,12.0,$1.64,16.71,$6.04B,$1.75B,3.46,$0.00B,$7.14B,0.0,$4.60B,$3.42B,74.38%,$4.60B,$1.40B,30.44%,$4.60B,$1.40B,30.44%,$4.60B,$1.60B,34.81%,$4.60B,$1.63B,35.38%,$4.60B,$1.12B,24.38%,$1.12B,$7.14B,15.39%,$1.12B,$5.13B,21.20%,$1.12B,$9.22B,12.21%,$1.40B,$7.14B,19.10%,$1377,$536,$842,$0,$375,$910,$467,$47,$514,$157,$358,$358,$352,$533,$467,$684,688,$0.52,$0.51,$2850,$547,$1551,$6042,$531,$503,$2007,$36,$3182,$9224,$1745,$0,$84,$342,$2087,$23,$6987,$125,$7137,$9224,$358,$66,$7,$73,$-102,$-74,$21,$-73,$-113,$317,$-10,$0,$0,$0,$131,$131,$-52,$69,$0,$201,$201,$-165,$-165,$-733,$57,$-641,$-254,$20,$-733
36,2009-09-30,25.29,$11.10,2.28,$6.03,4.19,$1.86,13.58,$1.30,19.5,$6.28B,$1.47B,4.27,$0.00B,$7.63B,0.0,$4.19B,$3.26B,77.75%,$4.19B,$1.20B,28.66%,$4.19B,$1.20B,28.66%,$4.19B,$1.38B,33.00%,$4.19B,$1.29B,30.73%,$4.19B,$0.89B,21.22%,$0.89B,$7.63B,12.25%,$0.89B,$5.63B,16.89%,$0.89B,$9.47B,9.75%,$1.20B,$7.63B,16.38%,$1239,$0,$1239,$0,$1999,$854,$385,$130,$515,$136,$378,$378,$365,$436,$385,$691,694,$0.53,$0.53,$3104,$613,$1575,$6284,$535,$508,$2005,$33,$3185,$9468,$1472,$0,$78,$362,$1834,$23,$7506,$103,$7634,$9468,$904,$181,$145,$327,$-122,$-398,$-11,$-34,$-590,$641,$-45,$0,$1,$0,$283,$283,$51,$290,$-131,$51,$-80,$-353,$-353,$-193,$285,$-341,$577,$84,$-193
37,2009-06-30,18.1,$10.62,1.7,$6.10,2.97,$2.89,6.27,$1.20,15.13,$6.04B,$1.49B,4.06,$0.08B,$7.34B,0.01,$4.28B,$2.94B,68.69%,$4.28B,$1.23B,28.74%,$4.28B,$1.23B,28.74%,$4.28B,$1.42B,33.16%,$4.28B,$1.24B,28.98%,$4.28B,$0.82B,19.08%,$0.82B,$7.34B,11.45%,$0.82B,$5.35B,15.91%,$0.82B,$9.24B,9.01%,$1.23B,$7.43B,17.01%,$1074,$351,$723,$0,$327,$747,$326,$97,$423,$116,$307,$307,$295,$367,$326,$689,692,$0.43,$0.43,$2371,$595,$2104,$6038,$535,$506,$1998,$31,$3205,$9243,$1486,$84,$86,$414,$1899,$23,$7299,$21,$7344,$9243,$526,$130,$121,$251,$51,$-170,$-41,$-103,$-288,$489,$-32,$0,$1,$0,$-407,$-407,$65,$-374,$-44,$-12,$-56,$-204,$-204,$-144,$149,$-255,$-157,$62,$-144
38,2009-03-31,13.5,$10.13,1.33,$6.69,2.02,$4.13,3.27,$1.34,10.1,$5.66B,$1.41B,4.0,$0.10B,$7.05B,0.01,$4.72B,$3.24B,68.65%,$4.72B,$1.44B,30.38%,$4.72B,$1.44B,30.38%,$4.72B,$1.64B,34.61%,$4.72B,$1.37B,29.00%,$4.72B,$0.92B,19.56%,$0.92B,$7.05B,13.05%,$0.92B,$5.06B,18.22%,$0.92B,$8.83B,10.17%,$1.44B,$7.14B,19.95%,$912,$294,$619,$0,$329,$689,$223,$-47,$176,$67,$109,$109,$110,$266,$223,$694,696,$0.16,$0.16,$2444,$417,$1809,$5661,$538,$480,$1985,$27,$3170,$8830,$1414,$95,$85,$367,$1782,$23,$7134,$-109,$7049,$8830,$219,$89,$133,$222,$76,$-4,$-69,$-148,$-194,$247,$-28,$0,$1,$0,$-172,$-172,$17,$-182,$-27,$12,$-15,$-99,$-99,$-95,$118,$-92,$-83,$40,$-95
39,2008-12-31,15.92,$10.07,1.58,$7.48,2.13,$4.44,3.59,$1.69,9.42,$5.75B,$1.57B,3.67,$0.11B,$7.04B,0.02,$5.32B,$3.64B,68.51%,$5.32B,$1.73B,32.56%,$5.32B,$1.73B,32.56%,$5.32B,$1.94B,36.51%,$5.32B,$1.71B,32.22%,$5.32B,$1.18B,22.20%,$1.18B,$7.04B,16.71%,$1.18B,$5.04B,23.42%,$1.18B,$8.99B,12.60%,$1.73B,$7.14B,24.09%,$969,$290,$680,$0,$337,$701,$268,$-94,$175,$65,$110,$110,$120,$315,$268,$695,698,$0.17,$0.17,$2837,$482,$1469,$5754,$553,$499,$1996,$25,$3233,$8987,$1569,$105,$76,$380,$1949,$23,$7098,$-83,$7038,$8987,$110,$47,$88,$134,$112,$-33,$-62,$-216,$-202,$42,$-22,$0,$1,$0,$167,$167,$14,$160,$-68,$23,$-45,$12,$12,$-47,$232,$152,$309,$19,$-47
40,2008-09-30,21.88,$10.13,2.16,$8.40,2.6,$4.67,4.69,$2.22,9.84,$5.91B,$1.69B,3.5,$0.12B,$7.07B,0.02,$6.03B,$4.10B,67.88%,$6.03B,$2.10B,34.79%,$6.03B,$2.10B,34.79%,$6.03B,$2.31B,38.36%,$6.03B,$2.25B,37.25%,$6.03B,$1.58B,26.16%,$1.58B,$7.07B,22.36%,$1.58B,$5.06B,31.45%,$1.58B,$9.18B,16.55%,$2.10B,$7.19B,29.18%,$1321,$407,$915,$0,$403,$909,$412,$53,$465,$153,$312,$312,$291,$470,$412,$709,715,$0.42,$0.42,$2528,$468,$1802,$5911,$555,$484,$2018,$22,$3266,$9177,$1688,$118,$72,$414,$2102,$23,$7045,$6,$7074,$9177,$1600,$215,$26,$241,$77,$-687,$-45,$224,$-432,$1409,$-63,$0,$0,$0,$-870,$-870,$-163,$-1096,$-523,$11,$-513,$-1530,$-1530,$-179,$922,$-1300,$-1057,$81,$-179
41,2008-06-30,22.75,$10.17,2.24,$8.70,2.61,$4.87,4.67,$2.38,9.57,$5.97B,$1.73B,3.45,$0.13B,$7.16B,0.02,$6.34B,$4.26B,67.12%,$6.34B,$2.23B,35.14%,$6.34B,$2.23B,35.14%,$6.34B,$2.42B,38.12%,$6.34B,$2.40B,37.88%,$6.34B,$1.72B,27.19%,$1.72B,$7.16B,24.21%,$1.72B,$5.12B,34.00%,$1.72B,$9.35B,17.73%,$2.23B,$7.29B,30.66%,$1522,$492,$1029,$0,$409,$989,$532,$22,$554,$151,$403,$403,$403,$584,$532,$704,709,$0.57,$0.57,$3044,$416,$1318,$5967,$568,$516,$2037,$33,$3378,$9345,$1728,$130,$74,$461,$2189,$23,$6971,$161,$7156,$9345,$1288,$157,$21,$178,$19,$-229,$-5,$197,$-54,$1411,$-58,$0,$7,$0,$-319,$-319,$-134,$-505,$-1458,$0,$-1458,$-260,$-260,$-132,$409,$-1441,$-540,$57,$-132
42,2008-03-31,24.02,$9.85,2.44,$8.73,2.75,$4.91,4.89,$2.44,9.83,$6.54B,$2.50B,2.62,$0.14B,$6.98B,0.02,$6.46B,$4.27B,66.12%,$6.46B,$2.22B,34.29%,$6.46B,$2.22B,34.29%,$6.46B,$2.41B,37.33%,$6.46B,$2.48B,38.44%,$6.46B,$1.79B,27.70%,$1.79B,$6.98B,25.25%,$1.79B,$4.94B,35.56%,$1.79B,$9.95B,18.35%,$2.22B,$7.13B,30.59%,$1504,$486,$1018,$0,$408,$985,$519,$0,$519,$153,$366,$366,$366,$572,$519,$710,715,$0.52,$0.51,$3664,$285,$1486,$6543,$568,$535,$2048,$26,$3402,$9945,$2498,$141,$74,$462,$2961,$24,$6768,$192,$6984,$9945,$884,$105,$-6,$99,$38,$-188,$-7,$-292,$-506,$477,$-34,$0,$0,$0,$44,$44,$-43,$-33,$519,$0,$519,$-1136,$-1136,$-85,$339,$-363,$80,$37,$-85
43,2007-12-31,28.29,$9.75,2.9,$8.60,3.29,$5.36,5.28,$2.51,11.28,$6.20B,$2.21B,2.81,$0.15B,$7.01B,0.02,$6.46B,$4.23B,65.41%,$6.46B,$2.20B,33.96%,$6.46B,$2.20B,33.96%,$6.46B,$2.39B,37.04%,$6.46B,$2.57B,39.79%,$6.46B,$1.86B,28.84%,$1.86B,$7.01B,26.26%,$1.86B,$4.96B,36.83%,$1.86B,$9.67B,19.28%,$2.20B,$7.17B,29.79%,$1686,$553,$1133,$0,$407,$1050,$636,$74,$709,$191,$518,$518,$518,$688,$636,$725,732,$0.72,$0.71,$2882,$375,$1801,$6198,$561,$539,$2056,$26,$3475,$9673,$2205,$152,$78,$455,$2660,$24,$6768,$221,$7013,$9673,$518,$52,$-39,$14,$57,$-102,$12,$-365,$-328,$204,$-15,$0,$0,$0,$-290,$-290,$-31,$-335,$-25,$0,$-25,$-654,$-654,$-37,$152,$-563,$-702,$16,$-37
44,2007-09-30,31.43,$9.96,3.16,$8.16,3.85,$5.80,5.42,$2.36,13.33,$6.51B,$2.18B,2.99,$0.16B,$7.33B,0.02,$6.21B,$4.05B,65.18%,$6.21B,$2.07B,33.31%,$6.21B,$2.07B,33.31%,$6.21B,$2.27B,36.53%,$6.21B,$2.47B,39.74%,$6.21B,$1.77B,28.57%,$1.77B,$7.33B,24.89%,$1.77B,$5.27B,34.72%,$1.77B,$9.93B,18.34%,$2.07B,$7.49B,27.52%,$1629,$553,$1076,$0,$431,$1088,$541,$78,$620,$183,$437,$437,$437,$573,$541,$748,756,$0.59,$0.59,$3584,$385,$1348,$6505,$559,$524,$2058,$28,$3427,$9932,$2177,$162,$5,$423,$2600,$25,$7049,$258,$7332,$9932,$1773,$199,$-49,$150,$-231,$-217,$64,$65,$-249,$1674,$-94,$0,$-92,$0,$-128,$-128,$8,$-306,$-677,$0,$-677,$-685,$-685,$-143,$56,$-1449,$-29,$90,$-143
45,2007-06-30,32.65,$9.51,3.43,$7.66,4.26,$5.25,6.22,$2.27,14.4,$6.03B,$1.96B,3.07,$0.17B,$7.01B,0.03,$5.87B,$3.85B,65.53%,$5.87B,$1.95B,33.25%,$5.87B,$1.95B,33.25%,$5.87B,$2.18B,37.03%,$5.87B,$2.34B,39.82%,$5.87B,$1.72B,29.25%,$1.72B,$7.01B,24.68%,$1.72B,$4.96B,34.61%,$1.72B,$9.46B,17.97%,$1.95B,$7.18B,26.16%,$1640,$596,$1044,$0,$408,$1121,$519,$116,$635,$166,$468,$468,$468,$578,$519,$744,754,$0.63,$0.62,$3576,$405,$917,$6033,$537,$534,$2054,$25,$3422,$9455,$1964,$172,$0,$478,$2443,$25,$6758,$230,$7012,$9455,$1336,$167,$-9,$158,$-116,$-23,$61,$117,$39,$1534,$-69,$0,$-89,$0,$21,$21,$31,$-106,$-271,$0,$-271,$-1084,$-1084,$-106,$-4,$-1465,$-37,$58,$-106
46,2007-03-31,29.75,$9.39,3.17,$7.16,4.16,$4.65,6.39,$2.10,14.17,$6.32B,$1.68B,3.77,$0.60B,$7.03B,0.09,$5.55B,$3.69B,66.51%,$5.55B,$1.89B,33.98%,$5.55B,$1.89B,33.98%,$5.55B,$2.10B,37.87%,$5.55B,$2.19B,39.51%,$5.55B,$1.62B,29.20%,$1.62B,$7.03B,23.89%,$1.62B,$5.06B,33.73%,$1.62B,$9.62B,17.17%,$1.89B,$7.63B,25.47%,$1509,$534,$975,$0,$388,$1010,$499,$109,$608,$167,$441,$441,$441,$555,$499,$755,765,$0.58,$0.58,$3979,$395,$920,$6319,$525,$508,$1976,$19,$3298,$9617,$1677,$603,$0,$909,$2586,$25,$6824,$182,$7031,$9617,$868,$109,$-33,$76,$-48,$-13,$43,$-62,$-80,$863,$-44,$0,$-2,$0,$181,$181,$47,$182,$-16,$0,$-16,$-573,$-573,$-68,$-22,$-679,$366,$38,$-68
47,2006-12-31,27.09,$9.36,2.9,$6.76,4.01,$4.51,6.01,$1.77,15.31,$6.38B,$1.63B,3.91,$0.61B,$7.12B,0.09,$5.30B,$3.56B,67.19%,$5.30B,$1.74B,32.79%,$5.30B,$1.74B,32.79%,$5.30B,$1.95B,36.83%,$5.30B,$2.00B,37.76%,$5.30B,$1.38B,26.00%,$1.38B,$7.12B,20.67%,$1.38B,$5.14B,29.41%,$1.38B,$9.66B,14.77%,$1.74B,$7.73B,23.63%,$1428,$478,$950,$0,$361,$920,$508,$95,$603,$177,$427,$427,$427,$561,$508,$757,767,$0.56,$0.56,$4006,$418,$949,$6380,$512,$501,$1976,$27,$3283,$9663,$1634,$613,$10,$912,$2546,$25,$6720,$194,$7117,$9663,$427,$53,$63,$115,$-29,$-36,$24,$51,$9,$551,$-18,$0,$-2,$0,$16,$16,$27,$23,$-128,$0,$-128,$-57,$-57,$-30,$34,$-182,$393,$14,$-30
