,Date,Stock Price,Book Value per Share,Price to Book Ratio,TTM Sales per Share,Price to Sales Ratio,TTM FCF per Share,Price to FCF Ratio,TTM Net EPS,PE Ratio,Current Assets,Current Liabilities,Current Ratio,Long Term Debt,Shareholder's Equity_x,Debt to Equity Ratio,TTM Revenue_x,TTM Gross Profit,Gross Margin,TTM Revenue_y,TTM Operating Income,Operating Margin,TTM Revenue_x,TTM EBIT,EBIT Margin,TTM Revenue_y,TTM EBITDA,EBITDA Margin,TTM Revenue_x,TTM Pre-Tax Income,Pre-Tax Margin,TTM Revenue_y,TTM Net Income_x,Net Margin,TTM Net Income_y,Shareholder's Equity_y,Return on Equity,TTM Net Income_x,Tangible Equity,Return on Tangible Equity,TTM Net Income_y,Total Assets,Return on Assets,TTM Net Income,LT Investments & Debt,Return on Investment,revenue,cost-goods-sold,gross-profit,research-development-expenses,selling-general-administrative-expenses,operating-expenses,operating-income,total-non-operating-income-expense,pre-tax-income,total-provision-income-taxes,income-after-taxes,income-from-continuous-operations,net-income,ebitda,ebit,basic-shares-outstanding,shares-outstanding,eps-basic-net-earnings-per-share,eps-earnings-per-share-diluted,cash-on-hand,inventory,other-current-assets,total-current-assets,net-property-plant-equipment,long-term-investments,goodwill-intangible-assets-total,other-long-term-assets,total-long-term-assets,total-assets,total-current-liabilities,long-term-debt,other-non-current-liabilities,total-long-term-liabilities,total-liabilities,common-stock-net,retained-earnings-accumulated-deficit,comprehensive-income,total-share-holder-equity,total-liabilities-share-holders-equity,net-income-loss,total-depreciation-amortization-cash-flow,other-non-cash-items,total-non-cash-items,change-in-accounts-receivable,change-in-inventories,change-in-accounts-payable,change-in-assets-liabilities,total-change-in-assets-liabilities,cash-flow-from-operating-activities,net-change-in-property-plant-equipment,net-change-in-intangible-assets,net-acquisitions-divestitures,net-change-in-short-term-investments,net-change-in-long-term-investments,net-change-in-investments-total,investing-activities-other,cash-flow-from-investing-activities,net-long-term-debt,net-current-debt,debt-issuance-retirement-net-total,net-common-equity-issued-repurchased,net-total-equity-issued-repurchased,total-common-preferred-stock-dividends-paid,financial-activities-other,cash-flow-from-financial-activities,net-cash-flow,stock-based-compensation,common-stock-dividends-paid
0,2018-06-30,12.36,$7.09,1.74,$9.23,1.34,$-12.58,0.0,$1.16,10.66,$9.66B,$8.39B,1.15,$0.32B,$1.45B,0.22,$1.85B,$1.24B,67.15%,$1.85B,$0.62B,33.44%,$1.85B,0,0.00%,$1.85B,0,0.00%,$1.85B,$0.48B,25.96%,$1.85B,$0.32B,17.40%,$0.32B,$1.45B,21.09%,$0.32B,$1.42B,21.43%,$0.32B,$11.61B,2.67%,$0.62B,$1.77B,35.93%,$426,$152,$274,$0,$70,$231,$196,$-65,$131,$36,$98,$98,$96,$0,$0,$204,204,$0.45,$0.45,$2641,$0,$0,$9661,$396,$974,$23,$559,$1953,$11614,$8391,$324,$1437,$1776,$10167,$27,$1090,$1,$1447,$11614,$227,$0,$18,$18,$-1505,$0,$0,$1617,$112,$10,$-28,$0,$14,$-0,$0,$-0,$0,$-14,$-14,$40,$26,$0,$0,$-42,$187,$171,$706,$0,$-42
1,2018-03-31,22.55,$8.02,2.81,$9.63,2.34,$-16.12,0.0,$0.61,36.97,$9.35B,$8.17B,1.14,$0.14B,$1.64B,0.08,$1.87B,$1.30B,69.54%,$1.87B,$0.44B,23.32%,$1.87B,0,0.00%,$1.87B,0,0.00%,$1.87B,$0.36B,19.36%,$1.87B,$0.21B,11.31%,$0.21B,$1.64B,14.77%,$0.21B,$1.62B,15.01%,$0.21B,$11.42B,1.78%,$0.44B,$1.77B,27.32%,$455,$143,$312,$0,$189,$342,$113,$0,$113,$38,$93,$93,$92,$0,$0,$204,204,$0.39,$0.39,$2251,$0,$0,$9349,$459,$906,$23,$675,$2067,$11416,$8171,$136,$1445,$1607,$9778,$31,$1221,$-1,$1637,$11416,$113,$0,$10,$10,$-610,$0,$0,$408,$-202,$-127,$-16,$0,$0,$0,$0,$0,$0,$-16,$-11,$7,$-4,$0,$0,$0,$10,$6,$-67,$0,$0
2,2017-12-31,24.91,$7.71,3.23,$9.72,2.56,$-17.18,0.0,$0.80,31.14,$11.19B,$9.32B,1.2,$0.26B,$1.57B,0.17,$1.83B,$1.26B,69.17%,$1.83B,$0.39B,21.41%,$1.83B,0,0.00%,$1.83B,0,0.00%,$1.83B,$0.37B,20.32%,$1.83B,$0.24B,12.87%,$0.24B,$1.57B,18.16%,$0.24B,$1.55B,18.50%,$0.24B,$13.63B,1.97%,$0.39B,$1.84B,26.57%,$590,$203,$386,$0,$165,$396,$193,$-65,$128,$34,$80,$80,$79,$0,$0,$192,192,$0.43,$0.43,$2275,$0,$0,$11193,$257,$2096,$26,$57,$2436,$13629,$9323,$262,$2433,$2732,$12055,$37,$1111,$0,$1574,$13629,$0,$0,$0,$0,$0,$0,$0,$0,$0,$-903,$-47,$0,$0,$0,$0,$0,$-52,$-98,$12,$-22,$-10,$400,$400,$-62,$0,$329,$-564,$0,$-62
3,2017-09-30,20.16,$7.00,2.88,$9.06,2.22,$-2.50,0.0,$0.80,25.2,$9.23B,$7.55B,1.22,$0.06B,$1.43B,0.04,$1.67B,$1.21B,72.78%,$1.67B,$0.27B,16.37%,$1.67B,0,0.00%,$1.67B,0,0.00%,$1.67B,$0.31B,18.41%,$1.67B,$0.19B,11.15%,$0.19B,$1.43B,15.78%,$0.19B,$1.41B,16.08%,$0.19B,$11.35B,1.68%,$0.27B,$1.49B,20.36%,$374,$107,$267,$0,$151,$258,$115,$-8,$107,$44,$84,$84,$84,$0,$0,$204,204,$0.32,$0.32,$1612,$0,$0,$9228,$233,$1828,$24,$36,$2121,$11348,$7553,$60,$2307,$2367,$9919,$36,$984,$0,$1429,$11348,$0,$0,$0,$0,$0,$0,$0,$0,$0,$-1366,$-29,$0,$0,$0,$0,$0,$-42,$-71,$-41,$-19,$-61,$385,$385,$-53,$-31,$240,$-1197,$0,$-53
4,2017-06-30,18.42,$6.01,3.06,$9.77,1.89,$6.73,2.74,$0.83,22.19,$9.02B,$8.04B,1.12,$0.19B,$1.08B,0.18,$1.75B,$1.25B,71.58%,$1.75B,$0.26B,14.98%,$1.75B,0,0.00%,$1.75B,0,0.00%,$1.75B,$0.30B,17.27%,$1.75B,$0.18B,10.46%,$0.18B,$1.08B,16.83%,$0.18B,$1.05B,17.15%,$0.18B,$11.00B,1.75%,$0.26B,$1.27B,20.41%,$446,$113,$332,$0,$318,$431,$14,$-2,$13,$42,$66,$66,$66,$0,$0,$179,179,$-0.10,$-0.10,$2364,$0,$0,$9019,$246,$1677,$23,$37,$1983,$11002,$8036,$194,$1659,$1890,$9926,$34,$1011,$0,$1076,$11002,$0,$0,$0,$0,$0,$0,$0,$0,$0,$-628,$-21,$0,$0,$0,$0,$0,$-35,$-56,$-6,$-28,$-34,$0,$0,$0,$-7,$-41,$-725,$0,$0
5,2017-03-31,17.92,$6.13,2.93,$10.13,1.77,$10.92,1.64,$1.31,13.68,$9.90B,$7.87B,1.26,$0.20B,$1.10B,0.18,$1.81B,$1.26B,69.61%,$1.81B,$0.38B,21.01%,$1.81B,0,0.00%,$1.81B,0,0.00%,$1.81B,$0.42B,23.11%,$1.81B,$0.27B,14.84%,$0.27B,$1.10B,24.87%,$0.27B,$1.08B,25.34%,$0.27B,$11.78B,2.69%,$0.38B,$1.29B,30.40%,$416,$138,$278,$0,$202,$348,$69,$54,$123,$31,$-18,$-18,$-18,$0,$0,$179,179,$0.57,$0.57,$2629,$0,$0,$9904,$212,$1583,$21,$61,$1877,$11781,$7867,$195,$2588,$2817,$10685,$34,$1030,$0,$1096,$11781,$0,$0,$0,$0,$0,$0,$0,$0,$0,$-305,$-10,$0,$0,$0,$0,$0,$-23,$-33,$-9,$-5,$-14,$0,$0,$0,$-105,$-119,$-457,$0,$0
6,2016-12-31,16.96,$6.23,2.72,$10.21,1.66,$11.33,1.5,$1.18,14.37,$9.08B,$7.81B,1.16,$0.20B,$1.11B,0.18,$1.83B,$1.25B,68.49%,$1.83B,$0.42B,22.70%,$1.83B,0,0.00%,$1.83B,0,0.00%,$1.83B,$0.41B,22.54%,$1.83B,$0.25B,13.51%,$0.25B,$1.11B,23.15%,$0.25B,$1.09B,23.58%,$0.25B,$10.27B,2.73%,$0.42B,$1.31B,34.08%,$432,$95,$337,$0,$245,$357,$75,$-11,$64,$20,$103,$103,$103,$0,$0,$179,179,$0.20,$0.20,$3265,$0,$0,$9076,$217,$897,$21,$63,$1198,$10274,$7805,$198,$1115,$1354,$9159,$36,$1044,$0,$1114,$10274,$0,$0,$0,$0,$0,$0,$0,$0,$0,$1769,$-28,$0,$0,$-4,$0,$-4,$-135,$-167,$21,$-27,$-6,$0,$0,$-99,$-108,$-214,$1387,$0,$-99
7,2016-09-30,19.35,$5.94,3.26,$11.18,1.73,$12.68,1.53,$1.84,10.52,$7.61B,$6.22B,1.22,$0.20B,$1.06B,0.19,$2.00B,$1.34B,67.02%,$2.00B,$0.54B,27.09%,$2.00B,0,0.00%,$2.00B,0,0.00%,$2.00B,$0.53B,26.29%,$2.00B,$0.33B,16.69%,$0.33B,$1.06B,28.76%,$0.33B,$1.05B,29.27%,$0.33B,$8.77B,3.52%,$0.54B,$1.26B,40.95%,$455,$150,$305,$0,$201,$351,$104,$-2,$102,$29,$35,$35,$35,$0,$0,$179,179,$0.35,$0.35,$2030,$0,$0,$7608,$81,$915,$19,$149,$1165,$8773,$6220,$197,$1266,$1488,$7709,$36,$995,$0,$1064,$8773,$0,$0,$0,$0,$0,$0,$0,$0,$0,$445,$-17,$0,$0,$-4,$0,$-4,$-64,$-85,$12,$-13,$-1,$0,$0,$-98,$-100,$-199,$162,$0,$-98
8,2016-06-30,19.74,$5.88,3.36,$11.77,1.68,$12.32,1.6,$2.09,9.44,$7.36B,$6.56B,1.12,$0.10B,$1.05B,0.09,$2.11B,$1.44B,68.19%,$2.11B,$0.61B,28.92%,$2.11B,0,0.00%,$2.11B,0,0.00%,$2.11B,$0.59B,28.06%,$2.11B,$0.38B,18.00%,$0.38B,$1.05B,30.71%,$0.38B,$1.03B,31.24%,$0.38B,$9.15B,3.88%,$0.61B,$1.15B,43.40%,$510,$169,$342,$0,$209,$378,$133,$-2,$130,$40,$63,$63,$63,$0,$0,$179,179,$0.38,$0.38,$1867,$0,$0,$7364,$80,$1557,$19,$128,$1785,$9149,$6562,$96,$1439,$1535,$8097,$38,$979,$0,$1052,$9149,$0,$0,$0,$0,$0,$0,$0,$0,$0,$110,$-9,$0,$0,$0,$0,$0,$-37,$-46,$-26,$-69,$-95,$0,$0,$-28,$-64,$-186,$-122,$0,$-28
9,2016-03-31,19.11,$5.80,3.3,$11.70,1.63,$13.58,1.41,$2.13,8.97,$6.45B,$5.65B,1.14,$0.11B,$1.04B,0.11,$2.10B,$1.44B,68.88%,$2.10B,$0.61B,28.88%,$2.10B,0,0.00%,$2.10B,0,0.00%,$2.10B,$0.59B,27.97%,$2.10B,$0.39B,18.42%,$0.39B,$1.04B,29.84%,$0.39B,$1.02B,30.35%,$0.39B,$7.94B,3.88%,$0.61B,$1.15B,40.39%,$431,$163,$268,$0,$160,$328,$103,$13,$116,$62,$68,$68,$68,$0,$0,$179,179,$0.45,$0.45,$1627,$0,$0,$6453,$77,$1276,$18,$115,$1486,$7939,$5645,$111,$1146,$1257,$6902,$37,$965,$0,$1037,$7939,$0,$0,$0,$0,$0,$0,$0,$0,$0,$-239,$-3,$0,$0,$0,$0,$0,$-31,$-33,$-16,$-32,$-49,$0,$0,$-7,$-23,$-79,$-351,$0,$-7
10,2015-12-31,18.12,$8.34,2.17,$12.29,1.47,$15.34,1.18,$2.26,8.02,$10.12B,$8.52B,1.19,$0.24B,$1.49B,0.16,$2.20B,$1.58B,71.53%,$2.20B,$0.67B,30.43%,$2.20B,0,0.00%,$2.20B,0,0.00%,$2.20B,$0.63B,28.79%,$2.20B,$0.41B,18.71%,$0.41B,$1.49B,30.32%,$0.41B,$1.47B,30.81%,$0.41B,$12.05B,4.00%,$0.67B,$1.74B,42.01%,$605,$179,$426,$0,$224,$403,$202,$5,$178,$35,$81,$81,$81,$0,$0,$179,179,$0.68,$0.68,$3043,$0,$0,$10124,$120,$1608,$26,$171,$1925,$12048,$8519,$243,$1757,$2037,$10556,$58,$1380,$0,$1492,$12048,$0,$0,$0,$0,$0,$0,$0,$0,$0,$2013,$-31,$0,$0,$0,$0,$0,$-181,$-212,$-4,$129,$125,$0,$0,$0,$-250,$-124,$1677,$0,$0
11,2015-09-30,14.73,$7.57,1.94,$11.63,1.27,$5.09,2.9,$2.13,6.92,$7.96B,$6.92B,1.15,$0.22B,$0.00B,0.0,$2.08B,$1.50B,72.16%,$2.08B,$0.60B,28.56%,$2.08B,0,0.00%,$2.08B,0,0.00%,$2.08B,$0.59B,28.52%,$2.08B,$0.38B,18.24%,$0.38B,$1.36B,29.10%,$0.38B,$1.33B,29.55%,$0.38B,$9.97B,3.97%,$0.60B,$1.58B,38.57%,$560,$160,$400,$0,$229,$389,$171,$-3,$167,$56,$122,$122,$122,$0,$0,$179,179,$0.60,$0.60,$1508,$0,$0,$7956,$112,$1730,$23,$153,$2018,$9974,$6920,$224,$1441,$1698,$8618,$0,$0,$0,$1356,$9974,$0,$0,$0,$0,$0,$0,$0,$0,$0,$380,$-18,$0,$0,$0,$0,$0,$-92,$-110,$-24,$54,$30,$0,$0,$0,$-180,$-151,$119,$0,$0
12,2015-06-30,15.08,$7.20,2.09,$11.27,1.34,$3.68,4.1,$1.94,7.77,$7.88B,$6.76B,1.17,$0.24B,$1.29B,0.19,$2.02B,$1.46B,72.19%,$2.02B,$0.55B,26.97%,$2.02B,0,0.00%,$2.02B,0,0.00%,$2.02B,$0.55B,26.97%,$2.02B,$0.35B,17.22%,$0.35B,$1.29B,27.73%,$0.35B,$1.27B,28.16%,$0.35B,$9.79B,3.72%,$0.55B,$1.53B,36.42%,$499,$151,$349,$0,$220,$370,$129,$-4,$125,$59,$108,$108,$108,$0,$0,$179,179,$0.42,$0.42,$1526,$0,$0,$7884,$112,$1621,$20,$153,$1906,$9790,$6757,$239,$1476,$1744,$8501,$60,$1174,$0,$1289,$9790,$0,$0,$0,$0,$0,$0,$0,$0,$0,$341,$-13,$0,$0,$0,$0,$0,$-65,$-78,$-13,$-7,$-20,$0,$0,$0,$-146,$-166,$97,$0,$0
13,2015-03-31,19.39,$7.26,2.67,$11.09,1.75,$1.45,13.34,$1.79,10.83,$7.34B,$6.43B,1.14,$0.24B,$1.30B,0.18,$1.99B,$1.42B,71.26%,$1.99B,$0.52B,25.88%,$1.99B,0,0.00%,$1.99B,0,0.00%,$1.99B,$0.52B,25.93%,$1.99B,$0.32B,16.23%,$0.32B,$1.30B,26.72%,$0.32B,$1.28B,27.13%,$0.32B,$9.36B,3.58%,$0.52B,$1.54B,35.63%,$538,$138,$400,$0,$232,$370,$168,$-4,$164,$51,$75,$75,$75,$0,$0,$179,179,$0.60,$0.60,$1487,$0,$0,$7340,$108,$1747,$18,$147,$2020,$9360,$6431,$237,$1357,$1630,$8061,$62,$1180,$0,$1299,$9360,$0,$0,$0,$0,$0,$0,$0,$0,$0,$78,$-4,$0,$0,$0,$0,$0,$-12,$-16,$-5,$-12,$-17,$0,$0,$0,$-15,$-32,$30,$0,$0
14,2014-12-31,13.1,$7.16,1.83,$11.49,1.14,$-0.84,0.0,$2.22,5.9,$7.44B,$6.43B,1.16,$0.25B,$1.28B,0.19,$2.06B,$1.48B,71.60%,$2.06B,$0.59B,28.74%,$2.06B,0,0.00%,$2.06B,0,0.00%,$2.06B,$0.60B,29.32%,$2.06B,$0.40B,19.27%,$0.40B,$1.28B,34.00%,$0.40B,$1.26B,34.53%,$0.40B,$9.20B,4.49%,$0.59B,$1.53B,42.00%,$486,$132,$354,$0,$208,$359,$127,$11,$138,$57,$107,$107,$107,$0,$0,$179,179,$0.51,$0.51,$1556,$0,$0,$7442,$115,$1481,$18,$148,$1763,$9204,$6433,$247,$1210,$1491,$7924,$67,$1152,$0,$1280,$9204,$0,$0,$0,$0,$0,$0,$0,$0,$0,$184,$-37,$0,$0,$0,$0,$0,$-142,$-179,$84,$-3,$81,$0,$0,$-4,$-164,$-86,$-81,$0,$-4
15,2014-09-30,12.27,$6.43,1.91,$11.92,1.03,$4.60,2.67,$2.58,4.76,$7.61B,$6.08B,1.25,$0.25B,$1.15B,0.21,$2.14B,$1.53B,71.75%,$2.14B,$0.66B,30.64%,$2.14B,0,0.00%,$2.14B,0,0.00%,$2.14B,$0.67B,31.10%,$2.14B,$0.46B,21.56%,$0.46B,$1.15B,39.17%,$0.46B,$1.13B,39.80%,$0.46B,$9.06B,4.99%,$0.66B,$1.40B,45.75%,$498,$142,$356,$0,$235,$377,$121,$-3,$118,$48,$90,$90,$90,$0,$0,$180,180,$0.42,$0.42,$1516,$0,$0,$7613,$98,$1203,$17,$130,$1448,$9061,$6082,$245,$1554,$1828,$7910,$65,$1026,$0,$1151,$9061,$0,$0,$0,$0,$0,$0,$0,$0,$0,$129,$-18,$0,$0,$0,$0,$0,$-101,$-120,$69,$13,$82,$0,$0,$-3,$-122,$-44,$-35,$0,$-3
16,2014-06-30,11.04,$6.17,1.79,$12.07,0.91,$5.07,2.18,$2.73,4.04,$6.97B,$6.04B,1.16,$0.22B,$1.11B,0.2,$2.16B,$1.57B,72.66%,$2.16B,$0.69B,32.02%,$2.16B,0,0.00%,$2.16B,0,0.00%,$2.16B,$0.70B,32.53%,$2.16B,$0.49B,22.52%,$0.49B,$1.11B,41.45%,$0.49B,$1.09B,42.16%,$0.49B,$8.50B,5.14%,$0.69B,$1.32B,48.51%,$468,$160,$308,$0,$208,$369,$99,$-3,$96,$42,$76,$76,$76,$0,$0,$180,180,$0.28,$0.28,$1428,$0,$0,$6968,$95,$1305,$16,$113,$1530,$8498,$6035,$219,$1113,$1358,$7393,$67,$977,$0,$1105,$8498,$0,$0,$0,$0,$0,$0,$0,$0,$0,$-61,$-10,$0,$0,$0,$0,$0,$-62,$-73,$34,$15,$49,$0,$0,$0,$-91,$-42,$-176,$0,$0
17,2014-03-31,7.94,$6.34,1.25,$11.89,0.67,$6.16,1.29,$2.73,2.91,$7.15B,$6.00B,1.19,$0.26B,$1.13B,0.23,$2.13B,$1.59B,74.68%,$2.13B,$0.70B,32.64%,$2.13B,0,0.00%,$2.13B,0,0.00%,$2.13B,$0.71B,33.16%,$2.13B,$0.49B,22.78%,$0.49B,$1.13B,41.43%,$0.49B,$1.12B,42.18%,$0.49B,$8.62B,5.01%,$0.70B,$1.39B,48.82%,$608,$151,$457,$0,$206,$363,$245,$7,$252,$46,$50,$50,$50,$0,$0,$179,179,$1.01,$1.01,$1374,$0,$0,$7152,$97,$1253,$18,$101,$1469,$8621,$5999,$258,$1205,$1488,$7487,$71,$996,$0,$1134,$8621,$0,$0,$0,$0,$0,$0,$0,$0,$0,$-335,$-0,$0,$0,$0,$0,$0,$-47,$-47,$48,$-7,$41,$0,$0,$0,$-3,$39,$-343,$0,$0
18,2013-12-31,6.6,$7.37,0.9,$11.04,0.6,$7.57,0.87,$2.10,3.14,$9.83B,$8.10B,1.21,$0.30B,$1.32B,0.23,$1.98B,$1.49B,75.18%,$1.98B,$0.58B,29.17%,$1.98B,0,0.00%,$1.98B,0,0.00%,$1.98B,$0.58B,29.27%,$1.98B,$0.37B,18.86%,$0.37B,$1.32B,32.13%,$0.37B,$1.30B,32.75%,$0.37B,$10.78B,3.79%,$0.58B,$1.62B,41.31%,$564,$150,$413,$0,$202,$373,$190,$9,$199,$71,$181,$181,$181,$0,$0,$179,179,$0.86,$0.86,$2373,$0,$0,$9829,$130,$676,$22,$123,$951,$10780,$8097,$298,$1035,$1365,$9462,$99,$1128,$0,$1318,$10780,$0,$0,$0,$0,$0,$0,$0,$0,$0,$1154,$-34,$0,$0,$0,$0,$0,$-180,$-214,$100,$-2,$97,$0,$0,$0,$-198,$-100,$839,$0,$0
19,2013-09-30,6.29,$6.33,0.99,$10.39,0.61,$5.72,1.1,$1.55,4.06,$8.57B,$7.14B,1.2,$0.23B,$1.13B,0.21,$1.86B,$1.42B,76.32%,$1.86B,$0.51B,27.12%,$1.86B,0,0.00%,$1.86B,0,0.00%,$1.86B,$0.48B,25.67%,$1.86B,$0.28B,14.88%,$0.28B,$1.13B,24.85%,$0.28B,$1.11B,25.37%,$0.28B,$9.90B,2.88%,$0.51B,$1.37B,37.94%,$518,$129,$390,$0,$232,$361,$157,$-2,$155,$45,$154,$154,$154,$0,$0,$178,178,$0.57,$0.57,$1398,$0,$0,$8565,$113,$1099,$21,$97,$1331,$9896,$7136,$234,$1366,$1627,$8764,$97,$947,$0,$1133,$9896,$0,$0,$0,$0,$0,$0,$0,$0,$0,$207,$-14,$0,$0,$0,$0,$0,$-165,$-179,$28,$-19,$9,$0,$0,$0,$-153,$-144,$-116,$0,$0
20,2013-06-30,3.53,$6.14,0.57,$9.92,0.36,$5.95,0.59,$1.50,2.35,$8.41B,$7.10B,1.19,$0.22B,$1.10B,0.2,$1.78B,$1.37B,77.13%,$1.78B,$0.49B,27.25%,$1.78B,0,0.00%,$1.78B,0,0.00%,$1.78B,$0.46B,25.73%,$1.78B,$0.27B,15.00%,$0.27B,$1.10B,24.36%,$0.27B,$1.08B,24.89%,$0.27B,$9.45B,2.84%,$0.49B,$1.32B,37.21%,$439,$110,$330,$0,$227,$337,$103,$-3,$100,$54,$101,$101,$101,$0,$0,$181,181,$0.27,$0.27,$1551,$0,$0,$8409,$118,$882,$22,$17,$1038,$9448,$7098,$222,$1002,$1251,$8349,$103,$900,$0,$1098,$9448,$0,$0,$0,$0,$0,$0,$0,$0,$0,$134,$-8,$0,$0,$0,$0,$0,$-73,$-80,$-3,$5,$2,$0,$0,$0,$-132,$-130,$-77,$0,$0
21,2013-03-31,3.94,$6.12,0.64,$9.66,0.41,$6.02,0.65,$1.37,2.87,$8.17B,$7.02B,1.17,$0.19B,$1.10B,0.17,$1.73B,$1.35B,78.06%,$1.73B,$0.51B,29.21%,$1.73B,0,0.00%,$1.73B,0,0.00%,$1.73B,$0.48B,27.71%,$1.73B,$0.29B,16.92%,$0.29B,$1.10B,27.33%,$0.29B,$1.07B,27.94%,$0.29B,$9.23B,3.16%,$0.51B,$1.29B,39.87%,$457,$104,$354,$0,$220,$330,$127,$-2,$125,$51,$49,$49,$49,$0,$0,$179,179,$0.38,$0.38,$1515,$0,$0,$8172,$120,$902,$22,$11,$1056,$9228,$7016,$190,$901,$1117,$8133,$107,$889,$0,$1095,$9228,$0,$0,$0,$0,$0,$0,$0,$0,$0,$-83,$-1,$0,$0,$0,$0,$0,$-30,$-31,$-23,$-25,$-48,$0,$0,$0,$-35,$-83,$-197,$0,$0
22,2012-12-31,4.77,$6.34,0.75,$9.32,0.51,$7.01,0.68,$1.30,3.67,$8.78B,$7.61B,1.15,$0.22B,$1.13B,0.19,$1.67B,$1.29B,77.31%,$1.67B,$0.48B,28.86%,$1.67B,0,0.00%,$1.67B,0,0.00%,$1.67B,$0.47B,28.08%,$1.67B,$0.28B,16.77%,$0.28B,$1.13B,27.05%,$0.28B,$1.11B,27.65%,$0.28B,$9.89B,3.02%,$0.48B,$1.35B,39.22%,$448,$101,$347,$0,$207,$330,$118,$-20,$98,$56,$69,$69,$69,$0,$0,$179,179,$0.32,$0.32,$1902,$0,$0,$8778,$137,$938,$26,$10,$1111,$9888,$7613,$220,$896,$1142,$8755,$119,$905,$0,$1133,$9888,$0,$0,$0,$0,$0,$0,$0,$0,$0,$818,$-28,$0,$3,$0,$0,$0,$-128,$-153,$79,$-37,$41,$0,$0,$0,$-170,$-128,$537,$0,$0
23,2012-09-30,3.89,$5.91,0.66,$9.03,0.43,$8.12,0.48,$1.55,2.51,$7.74B,$6.87B,1.13,$0.20B,$1.06B,0.19,$1.62B,$1.24B,76.73%,$1.62B,$0.47B,29.15%,$1.62B,0,0.00%,$1.62B,0,0.00%,$1.62B,$0.53B,32.98%,$1.62B,$0.34B,21.10%,$0.34B,$1.06B,34.56%,$0.34B,$1.04B,35.31%,$0.34B,$9.06B,3.72%,$0.47B,$1.26B,40.46%,$436,$94,$342,$0,$205,$298,$137,$-2,$135,$40,$58,$58,$58,$0,$0,$178,178,$0.51,$0.51,$1400,$0,$0,$7736,$126,$1164,$22,$8,$1321,$9057,$6866,$197,$912,$1133,$7999,$117,$833,$0,$1058,$9057,$0,$0,$0,$0,$0,$0,$0,$0,$0,$247,$-13,$0,$3,$0,$0,$0,$-83,$-93,$70,$-20,$50,$0,$0,$0,$-176,$-126,$28,$0,$0
24,2012-06-30,3.16,$5.60,0.56,$8.21,0.38,$14.39,0.22,$1.19,2.65,$7.44B,$6.94B,1.07,$0.18B,$1.00B,0.18,$1.46B,$1.11B,76.14%,$1.46B,$0.39B,26.32%,$1.46B,0,0.00%,$1.46B,0,0.00%,$1.46B,$0.45B,30.62%,$1.46B,$0.28B,19.00%,$0.28B,$1.00B,30.05%,$0.28B,$0.98B,30.72%,$0.28B,$8.94B,3.06%,$0.39B,$1.18B,35.43%,$391,$82,$309,$0,$185,$267,$124,$-2,$122,$44,$91,$91,$91,$0,$0,$181,181,$0.41,$0.41,$1436,$0,$0,$7444,$127,$1335,$22,$8,$1492,$8936,$6938,$181,$792,$996,$7934,$121,$769,$0,$1002,$8936,$0,$0,$0,$0,$0,$0,$0,$0,$0,$143,$-5,$0,$3,$0,$0,$0,$-80,$-81,$74,$13,$87,$0,$0,$0,$-150,$-62,$-1,$0,$0
25,2012-03-31,5.72,$5.30,1.08,$7.71,0.74,$20.98,0.27,$1.32,4.33,$7.66B,$6.98B,1.1,$0.18B,$0.95B,0.19,$1.37B,$1.04B,76.32%,$1.37B,$0.36B,26.24%,$1.37B,0,0.00%,$1.37B,0,0.00%,$1.37B,$0.42B,30.92%,$1.37B,$0.25B,18.35%,$0.25B,$0.95B,28.73%,$0.25B,$0.93B,29.37%,$0.25B,$9.18B,2.83%,$0.36B,$1.13B,35.62%,$395,$102,$293,$0,$184,$292,$103,$11,$114,$47,$75,$75,$75,$0,$0,$178,178,$0.31,$0.31,$1544,$0,$0,$7663,$125,$1365,$20,$9,$1520,$9183,$6979,$177,$1059,$1256,$8235,$124,$710,$0,$948,$9183,$0,$0,$0,$0,$0,$0,$0,$0,$0,$90,$4,$0,$3,$0,$0,$0,$-17,$-9,$55,$-18,$37,$0,$0,$0,$-50,$-13,$67,$0,$0
26,2011-12-31,4.62,$5.25,0.88,$7.17,0.64,$21.01,0.22,$1.28,3.61,$7.92B,$7.22B,1.1,$0.15B,$0.94B,0.16,$1.28B,$1.00B,78.51%,$1.28B,$0.35B,27.22%,$1.28B,0,0.00%,$1.28B,0,0.00%,$1.28B,$0.38B,29.65%,$1.28B,$0.24B,19.14%,$0.24B,$0.94B,29.50%,$0.24B,$0.92B,30.19%,$0.24B,$9.47B,2.77%,$0.35B,$1.09B,37.13%,$394,$98,$296,$0,$171,$287,$107,$54,$162,$59,$56,$56,$56,$0,$0,$179,179,$0.66,$0.66,$1543,$0,$0,$7920,$141,$1382,$20,$9,$1551,$9471,$7223,$154,$1135,$1309,$8531,$130,$689,$0,$939,$9471,$0,$0,$0,$0,$0,$0,$0,$0,$0,$1017,$-30,$0,$62,$0,$0,$0,$-125,$-92,$54,$146,$200,$2,$2,$-199,$-840,$-836,$89,$0,$-199
27,2011-09-30,5.22,$4.53,1.15,$7.28,0.72,$16.48,0.32,$1.25,4.17,$7.45B,$6.92B,1.08,$0.14B,$0.81B,0.17,$1.30B,$1.07B,82.87%,$1.30B,$0.44B,34.26%,$1.30B,0,0.00%,$1.30B,0,0.00%,$1.30B,$0.35B,26.93%,$1.30B,$0.23B,17.52%,$0.23B,$0.81B,27.26%,$0.23B,$0.79B,27.88%,$0.23B,$8.77B,2.66%,$0.44B,$0.95B,48.59%,$283,$67,$216,$0,$165,$232,$51,$-1,$50,$42,$119,$119,$119,$0,$0,$174,174,$0.16,$0.16,$1773,$0,$0,$7445,$134,$1167,$19,$9,$1329,$8774,$6919,$135,$891,$1045,$7963,$129,$562,$0,$811,$8774,$0,$0,$0,$0,$0,$0,$0,$0,$0,$1336,$-19,$0,$62,$0,$0,$0,$-111,$-68,$56,$90,$146,$2,$2,$-197,$-867,$-915,$353,$0,$-197
28,2011-06-30,9.77,$4.46,2.19,$7.60,1.28,$10.93,0.89,$3.55,2.75,$6.73B,$6.46B,1.04,$0.07B,$0.80B,0.09,$1.36B,$1.17B,85.48%,$1.36B,$0.54B,39.22%,$1.36B,0,0.00%,$1.36B,0,0.00%,$1.36B,$0.44B,32.26%,$1.36B,$0.31B,22.73%,$0.31B,$0.80B,36.92%,$0.31B,$0.78B,37.74%,$0.31B,$8.11B,3.65%,$0.54B,$0.87B,59.74%,$296,$57,$239,$0,$141,$198,$98,$-1,$97,$22,$28,$28,$28,$0,$0,$178,178,$0.27,$0.27,$1711,$0,$0,$6734,$133,$1210,$19,$9,$1371,$8105,$6455,$72,$763,$854,$7309,$132,$545,$0,$797,$8105,$0,$0,$0,$0,$0,$0,$0,$0,$0,$1318,$-13,$0,$0,$0,$0,$0,$-33,$-46,$-2,$61,$59,$0,$0,$-197,$-869,$-1007,$265,$0,$-197
29,2011-03-31,9.45,$4.26,2.22,$7.18,1.32,$6.46,1.46,$4.42,2.14,$6.64B,$6.04B,1.1,$0.07B,$0.76B,0.09,$1.29B,$1.11B,86.11%,$1.29B,$0.49B,37.86%,$1.29B,0,0.00%,$1.29B,0,0.00%,$1.29B,$0.39B,30.49%,$1.29B,$0.31B,24.36%,$0.31B,$0.76B,38.33%,$0.31B,$0.74B,39.18%,$0.31B,$8.86B,3.78%,$0.49B,$0.83B,56.65%,$302,$52,$250,$0,$154,$211,$91,$-22,$69,$49,$48,$48,$48,$0,$0,$181,181,$0.27,$0.27,$1502,$0,$0,$6635,$131,$2070,$19,$8,$2228,$8863,$6043,$68,$1941,$2059,$8101,$134,$506,$0,$762,$8863,$0,$0,$0,$0,$0,$0,$0,$0,$0,$107,$-4,$0,$0,$0,$0,$0,$-13,$-18,$0,$27,$27,$0,$0,$0,$-34,$-8,$81,$0,$0
30,2010-12-31,9.99,$5.37,1.86,$7.05,1.42,$6.61,1.51,$4.38,2.28,$6.24B,$5.78B,1.08,$0.05B,$0.96B,0.05,$1.26B,$1.10B,86.92%,$1.26B,$0.49B,38.78%,$1.26B,0,0.00%,$1.26B,0,0.00%,$1.26B,$0.39B,30.85%,$1.26B,$0.31B,24.35%,$0.31B,$0.96B,36.99%,$0.31B,$0.94B,37.78%,$0.31B,$8.35B,3.92%,$0.49B,$1.01B,57.04%,$415,$46,$369,$0,$149,$211,$204,$-72,$133,$21,$49,$49,$49,$0,$0,$179,179,$0.57,$0.57,$1459,$0,$0,$6244,$134,$1950,$17,$9,$2110,$8354,$5782,$49,$1515,$1610,$7393,$138,$675,$0,$961,$8354,$0,$0,$0,$0,$0,$0,$0,$0,$0,$200,$-24,$0,$0,$0,$0,$0,$-46,$-70,$18,$28,$46,$0,$0,$-123,$58,$-19,$111,$0,$-123
31,2010-09-30,8.53,$4.69,1.82,$7.19,1.19,$7.98,1.07,$3.82,2.23,$6.58B,$5.53B,1.19,$0.03B,$0.84B,0.04,$1.25B,$1.08B,86.84%,$1.25B,$0.48B,38.84%,$1.25B,0,0.00%,$1.25B,0,0.00%,$1.25B,$0.36B,29.05%,$1.25B,$0.28B,22.15%,$0.28B,$0.84B,35.08%,$0.28B,$0.82B,35.87%,$0.28B,$8.68B,3.67%,$0.48B,$0.87B,60.18%,$351,$44,$308,$0,$166,$210,$142,$-1,$141,$31,$102,$102,$102,$0,$0,$180,180,$0.62,$0.62,$1586,$0,$0,$6583,$133,$1942,$17,$9,$2101,$8684,$5532,$34,$2221,$2314,$7845,$137,$569,$0,$839,$8684,$0,$0,$0,$0,$0,$0,$0,$0,$0,$387,$-20,$0,$0,$0,$0,$0,$-41,$-62,$0,$25,$25,$0,$0,$-122,$29,$-68,$258,$0,$-122
32,2010-06-30,5.44,$4.00,1.36,$6.85,0.79,$8.86,0.61,$3.10,1.76,$5.50B,$5.17B,1.06,$0.02B,$0.72B,0.03,$1.20B,$1.03B,85.79%,$1.20B,$0.45B,37.74%,$1.20B,0,0.00%,$1.20B,0,0.00%,$1.20B,$0.33B,27.51%,$1.20B,$0.25B,20.45%,$0.25B,$0.72B,32.85%,$0.25B,$0.70B,33.60%,$0.25B,$7.29B,3.49%,$0.45B,$0.73B,59.76%,$221,$38,$183,$0,$132,$170,$51,$-1,$50,$29,$111,$111,$111,$0,$0,$179,179,$0.29,$0.29,$1689,$0,$0,$5496,$134,$1636,$18,$8,$1796,$7292,$5173,$18,$1327,$1404,$6576,$138,$463,$0,$715,$7292,$0,$0,$0,$0,$0,$0,$0,$0,$0,$530,$-16,$0,$0,$0,$0,$0,$-21,$-37,$0,$-6,$-6,$0,$0,$-123,$-26,$-155,$337,$0,$-123
33,2010-03-31,5.7,$4.50,1.27,$6.93,0.82,$9.91,0.57,$2.30,2.47,$4.98B,$4.86B,1.02,$0.01B,$0.81B,0.01,$1.22B,$1.03B,84.73%,$1.22B,$0.46B,37.36%,$1.22B,0,0.00%,$1.22B,0,0.00%,$1.22B,$0.33B,27.26%,$1.22B,$0.21B,17.32%,$0.21B,$0.81B,29.28%,$0.21B,$0.79B,29.94%,$0.21B,$7.04B,2.99%,$0.46B,$0.81B,62.29%,$274,$38,$236,$0,$140,$183,$92,$-26,$65,$-2,$52,$52,$52,$0,$0,$178,178,$0.24,$0.24,$1420,$0,$0,$4979,$132,$1899,$18,$8,$2057,$7036,$4862,$9,$1304,$1370,$6231,$140,$543,$0,$805,$7036,$0,$0,$0,$0,$0,$0,$0,$0,$0,$134,$-9,$0,$0,$0,$0,$0,$-10,$-18,$0,$-6,$-6,$0,$0,$0,$-16,$-23,$93,$0,$0
34,2009-12-31,4.84,$4.41,1.1,$6.83,0.71,$13.31,0.36,$2.56,1.89,$4.98B,$4.95B,1.01,$0.01B,$0.79B,0.01,$1.21B,$0.99B,82.27%,$1.21B,$0.43B,35.46%,$1.21B,0,0.00%,$1.21B,0,0.00%,$1.21B,$0.29B,24.28%,$1.21B,$0.19B,15.99%,$0.19B,$0.79B,28.82%,$0.19B,$0.77B,29.50%,$0.19B,$7.11B,2.64%,$0.43B,$0.80B,62.87%,$400,$45,$355,$0,$142,$201,$199,$-93,$106,$23,$42,$42,$42,$0,$0,$163,163,$0.54,$0.54,$1415,$0,$0,$4978,$131,$1971,$16,$8,$2126,$7105,$4951,$10,$1298,$1365,$6317,$144,$516,$0,$788,$7105,$0,$0,$0,$0,$0,$0,$0,$0,$0,$414,$-29,$0,$0,$0,$0,$0,$-60,$-89,$0,$-79,$-79,$0,$0,$-9,$75,$-13,$311,$0,$-9
35,2009-09-30,4.35,$3.84,1.13,$6.34,0.69,$13.75,0.32,$2.58,1.68,$5.01B,$4.73B,1.06,$0.01B,$0.69B,0.01,$1.16B,$0.91B,78.71%,$1.16B,$0.25B,21.38%,$1.16B,0,0.00%,$1.16B,0,0.00%,$1.16B,$0.20B,16.90%,$1.16B,$0.13B,10.78%,$0.13B,$0.69B,19.60%,$0.13B,$0.67B,20.10%,$0.13B,$6.78B,1.65%,$0.25B,$0.69B,38.12%,$308,$50,$258,$0,$146,$196,$112,$-1,$110,$35,$71,$71,$71,$0,$0,$191,191,$0.42,$0.42,$1490,$0,$0,$5011,$124,$1618,$15,$10,$1767,$6778,$4732,$7,$1288,$1359,$6091,$140,$433,$0,$687,$6778,$0,$0,$0,$0,$0,$0,$0,$0,$0,$578,$-22,$0,$0,$0,$0,$0,$-55,$-78,$0,$-83,$-83,$0,$0,$-9,$31,$-61,$440,$0,$-9
36,2009-06-30,3.17,$2.96,1.07,$5.93,0.54,$11.61,0.27,$1.06,2.98,$5.63B,$5.03B,1.12,$0.01B,$0.60B,0.02,$1.08B,$0.81B,75.16%,$1.08B,$0.18B,16.47%,$1.08B,0,0.00%,$1.08B,0,0.00%,$1.08B,$0.13B,11.72%,$1.08B,$0.08B,7.72%,$0.08B,$0.60B,12.86%,$0.08B,$0.59B,13.21%,$0.08B,$7.33B,1.06%,$0.18B,$0.62B,26.62%,$236,$53,$183,$0,$131,$184,$52,$-1,$51,$29,$81,$81,$81,$0,$0,$180,180,$0.09,$0.09,$1631,$0,$0,$5630,$125,$1553,$15,$9,$1702,$7332,$5031,$13,$1612,$1698,$6729,$144,$361,$0,$603,$7332,$0,$0,$0,$0,$0,$0,$0,$0,$0,$721,$-13,$0,$0,$0,$0,$0,$-75,$-88,$0,$-78,$-78,$0,$0,$0,$6,$-73,$560,$0,$0
37,2009-03-31,1.72,$2.95,0.58,$5.69,0.3,$8.63,0.2,$0.93,1.84,$6.13B,$5.52B,1.11,$0.01B,$0.60B,0.02,$1.03B,$0.77B,74.06%,$1.03B,$0.16B,15.78%,$1.03B,0,0.00%,$1.03B,0,0.00%,$1.03B,$0.11B,10.84%,$1.03B,$0.10B,9.97%,$0.10B,$0.60B,15.55%,$0.10B,$0.59B,15.98%,$0.10B,$8.02B,1.33%,$0.16B,$0.62B,23.75%,$263,$65,$197,$0,$128,$197,$65,$-39,$26,$34,$17,$17,$17,$0,$0,$181,181,$0.14,$0.14,$1842,$0,$0,$6134,$130,$1731,$15,$9,$1885,$8019,$5516,$14,$1815,$1902,$7419,$152,$364,$0,$601,$8019,$0,$0,$0,$0,$0,$0,$0,$0,$0,$752,$-8,$0,$0,$0,$0,$0,$-37,$-45,$0,$-45,$-45,$0,$0,$0,$-13,$-58,$649,$0,$0
38,2008-12-31,2.03,$3.69,0.55,$5.70,0.36,$5.26,0.39,$0.58,3.5,$6.35B,$5.53B,1.15,$0.02B,$0.66B,0.03,$1.03B,$0.77B,74.98%,$1.03B,$0.18B,17.92%,$1.03B,0,0.00%,$1.03B,0,0.00%,$1.03B,$0.11B,10.91%,$1.03B,$0.10B,10.03%,$0.10B,$0.66B,15.38%,$0.10B,$0.64B,15.80%,$0.10B,$8.21B,1.37%,$0.18B,$0.68B,26.24%,$353,$77,$275,$0,$237,$334,$19,$-10,$9,$2,$24,$24,$24,$0,$0,$179,179,$0.02,$0.02,$1348,$0,$0,$6345,$140,$1694,$18,$11,$1863,$8207,$5534,$18,$1917,$2014,$7548,$150,$412,$0,$660,$8207,$0,$0,$0,$0,$0,$0,$0,$0,$0,$527,$-27,$0,$0,$0,$0,$0,$-63,$-90,$0,$-73,$-73,$0,$0,$-52,$64,$-61,$380,$0,$-52
39,2008-09-30,3.23,$4.02,0.8,$5.92,0.55,$2.90,1.11,$0.62,5.25,$6.04B,$5.32B,1.14,$0.03B,$0.72B,0.05,$1.06B,$0.83B,77.54%,$1.06B,$0.35B,32.99%,$1.06B,0,0.00%,$1.06B,0,0.00%,$1.06B,$0.12B,10.90%,$1.06B,$0.10B,9.68%,$0.10B,$0.72B,15.37%,$0.10B,$0.70B,15.91%,$0.10B,$7.74B,1.42%,$0.35B,$0.75B,49.91%,$223,$70,$153,$0,$112,$182,$41,$-1,$40,$6,$3,$3,$3,$0,$0,$186,186,$0.21,$0.21,$1138,$0,$0,$6038,$141,$1526,$20,$12,$1700,$7738,$5320,$33,$1580,$1700,$7020,$155,$422,$0,$718,$7738,$0,$0,$0,$0,$0,$0,$0,$0,$0,$165,$-20,$0,$0,$0,$0,$0,$-62,$-82,$0,$-6,$-6,$0,$0,$-54,$84,$24,$110,$0,$-54
40,2008-06-30,3.59,$3.75,0.96,$5.59,0.64,$1.69,2.13,$0.54,6.69,$5.41B,$4.77B,1.13,$0.03B,$0.67B,0.05,$0.99B,$0.78B,78.53%,$0.99B,$0.33B,33.67%,$0.99B,0,0.00%,$0.99B,0,0.00%,$0.99B,$0.10B,10.08%,$0.99B,$0.09B,8.77%,$0.09B,$0.67B,13.27%,$0.09B,$0.65B,13.95%,$0.09B,$6.94B,1.24%,$0.33B,$0.70B,48.88%,$194,$53,$140,$0,$103,$156,$38,$-0,$37,$1,$39,$39,$39,$0,$0,$180,180,$0.20,$0.20,$1044,$0,$0,$5408,$134,$1364,$17,$13,$1528,$6936,$4773,$31,$1379,$1493,$6266,$151,$374,$0,$671,$6936,$0,$0,$0,$0,$0,$0,$0,$0,$0,$184,$-12,$0,$3,$0,$0,$0,$-50,$-60,$0,$-59,$-59,$0,$0,$-53,$74,$-37,$90,$0,$-53
41,2008-03-31,4.56,$3.52,1.29,$5.31,0.86,$0.57,7.99,$0.33,14.02,$5.58B,$5.01B,1.11,$0.05B,$0.63B,0.07,$0.95B,$0.75B,79.05%,$0.95B,$0.32B,34.29%,$0.95B,0,0.00%,$0.95B,0,0.00%,$0.95B,$0.09B,9.63%,$0.95B,$0.08B,8.15%,$0.08B,$0.63B,11.82%,$0.08B,$0.61B,12.73%,$0.08B,$7.20B,1.12%,$0.32B,$0.68B,47.47%,$257,$55,$202,$0,$111,$171,$86,$-61,$26,$1,$37,$37,$37,$0,$0,$176,176,$0.14,$0.14,$1155,$0,$0,$5577,$130,$1461,$16,$15,$1622,$7199,$5013,$45,$1434,$1557,$6570,$150,$334,$0,$630,$7199,$0,$0,$0,$0,$0,$0,$0,$0,$0,$135,$-6,$0,$0,$0,$0,$0,$-31,$-37,$0,$43,$43,$0,$0,$0,$40,$83,$183,$0,$0
42,2007-12-31,4.88,$3.70,1.32,$5.33,0.92,$-0.30,0.0,$0.19,25.24,$5.21B,$5.01B,1.04,$0.02B,$0.66B,0.04,$0.94B,$0.76B,80.59%,$0.94B,$0.36B,38.28%,$0.94B,0,0.00%,$0.94B,0,0.00%,$0.94B,$0.09B,9.76%,$0.94B,$0.08B,7.95%,$0.08B,$0.66B,11.41%,$0.08B,$0.62B,12.78%,$0.08B,$7.09B,1.13%,$0.36B,$0.69B,52.60%,$390,$59,$330,$0,$145,$204,$186,$-154,$13,$2,$24,$24,$24,$0,$0,$178,178,$0.02,$0.02,$1020,$0,$0,$5212,$129,$1692,$37,$16,$1875,$7087,$5010,$23,$1316,$1416,$6425,$152,$367,$0,$662,$7087,$0,$0,$0,$0,$0,$0,$0,$0,$0,$90,$-13,$0,$0,$0,$0,$0,$-50,$-62,$-80,$113,$33,$0,$0,$-29,$133,$138,$173,$0,$-29
43,2007-09-30,5.74,$3.69,1.56,$5.44,1.06,$1.13,5.09,$0.13,43.57,$4.81B,$4.73B,1.02,$0.01B,$0.66B,0.02,$0.97B,$0.81B,83.33%,$0.97B,$0.42B,43.48%,$0.97B,0,0.00%,$0.97B,0,0.00%,$0.97B,$0.11B,11.80%,$0.97B,$0.09B,9.11%,$0.09B,$0.66B,13.50%,$0.09B,$0.60B,15.78%,$0.09B,$6.76B,1.37%,$0.42B,$0.67B,58.78%,$151,$44,$107,$0,$83,$127,$24,$-0,$24,$10,$3,$3,$3,$0,$0,$173,173,$0.14,$0.14,$824,$0,$0,$4811,$127,$1752,$57,$15,$1951,$6762,$4732,$13,$1284,$1371,$6103,$151,$361,$0,$659,$6762,$0,$0,$0,$0,$0,$0,$0,$0,$0,$-67,$-9,$0,$0,$0,$0,$0,$-37,$-46,$-80,$64,$-15,$0,$0,$-29,$123,$79,$-28,$0,$-29
44,2007-06-30,6.91,$3.66,1.88,$5.30,1.3,$3.95,1.75,0,0.0,$4.55B,$4.42B,1.03,$0.04B,$0.66B,0.07,$0.94B,$0.79B,83.67%,$0.94B,$0.41B,43.69%,$0.94B,0,0.00%,$0.94B,0,0.00%,$0.94B,$0.11B,11.24%,$0.94B,$0.08B,8.48%,$0.08B,$0.66B,12.46%,$0.08B,$0.58B,15.34%,$0.08B,$6.44B,1.30%,$0.41B,$0.70B,56.46%,$147,$38,$108,$0,$81,$119,$28,$-0,$28,$1,$23,$23,$23,$0,$0,$185,185,$0.15,$0.15,$812,$0,$0,$4548,$129,$1667,$77,$16,$1888,$6436,$4415,$43,$1248,$1366,$5781,$153,$343,$0,$655,$6436,$0,$0,$0,$0,$0,$0,$0,$0,$0,$-30,$0,$0,$0,$-161,$-56,$-217,$-46,$-262,$0,$0,$0,$0,$0,$-29,$302,$273,$-19,$0,$-29
45,2007-03-31,7.91,$3.66,2.16,$5.24,1.51,$7.61,1.04,0,0.0,$4.14B,$4.40B,0.94,$0.04B,$0.65B,0.06,$0.92B,$0.78B,84.07%,$0.92B,$0.40B,43.34%,$0.92B,0,0.00%,$0.92B,0,0.00%,$0.92B,$0.09B,10.08%,$0.92B,$0.07B,7.37%,$0.07B,$0.65B,10.77%,$0.07B,$0.54B,14.04%,$0.07B,$6.25B,1.13%,$0.40B,$0.69B,54.13%,$255,$40,$215,$0,$93,$132,$123,$-96,$27,$1,$27,$27,$27,$0,$0,$173,173,$0.13,$0.13,$801,$0,$0,$4137,$130,$1853,$113,$19,$2114,$6252,$4397,$36,$1091,$1200,$5597,$152,$344,$0,$654,$6252,$0,$0,$0,$0,$0,$0,$0,$0,$0,$-23,$0,$0,$0,$-377,$151,$-226,$-23,$-249,$0,$0,$0,$0,$0,$0,$247,$247,$-26,$0,$0
46,2006-12-31,6.02,$3.58,1.68,$4.94,1.22,$8.53,0.71,0,0.0,$4.43B,$4.15B,1.07,$0.16B,$0.64B,0.25,$0.90B,$0.77B,85.19%,$0.90B,$0.39B,42.98%,$0.90B,0,0.00%,$0.90B,0,0.00%,$0.90B,$0.08B,9.13%,$0.90B,$0.06B,6.57%,$0.06B,$0.64B,9.52%,$0.06B,$0.51B,13.07%,$0.06B,$6.17B,1.01%,$0.39B,$0.80B,51.55%,$413,$37,$375,$0,$131,$168,$245,$-210,$35,$5,$22,$22,$22,$0,$0,$180,180,$0.09,$0.09,$837,$0,$0,$4428,$130,$1449,$133,$24,$1737,$6165,$4152,$159,$1143,$1373,$5525,$154,$326,$0,$640,$6165,$0,$0,$0,$0,$0,$0,$0,$0,$0,$361,$-26,$0,$0,$-96,$-568,$-663,$-29,$-719,$0,$0,$0,$0,$0,$-9,$676,$668,$310,$0,$-9
