,Date,Stock Price,Book Value per Share,Price to Book Ratio,TTM Sales per Share,Price to Sales Ratio,TTM FCF per Share,Price to FCF Ratio,TTM Net EPS,PE Ratio,Current Assets,Current Liabilities,Current Ratio,Long Term Debt,Shareholder's Equity_x,Debt to Equity Ratio,TTM Revenue_x,TTM Gross Profit,Gross Margin,TTM Revenue_y,TTM Operating Income,Operating Margin,TTM Revenue_x,TTM EBIT,EBIT Margin,TTM Revenue_y,TTM EBITDA,EBITDA Margin,TTM Revenue_x,TTM Pre-Tax Income,Pre-Tax Margin,TTM Revenue_y,TTM Net Income_x,Net Margin,TTM Net Income_y,Shareholder's Equity_y,Return on Equity,TTM Net Income_x,Tangible Equity,Return on Tangible Equity,TTM Net Income_y,Total Assets,Return on Assets,TTM Net Income,LT Investments & Debt,Return on Investment,revenue,cost-goods-sold,gross-profit,research-development-expenses,selling-general-administrative-expenses,operating-expenses,operating-income,total-non-operating-income-expense,pre-tax-income,total-provision-income-taxes,income-after-taxes,income-from-continuous-operations,net-income,ebitda,ebit,basic-shares-outstanding,shares-outstanding,eps-basic-net-earnings-per-share,eps-earnings-per-share-diluted,cash-on-hand,inventory,other-current-assets,total-current-assets,net-property-plant-equipment,long-term-investments,goodwill-intangible-assets-total,other-long-term-assets,total-long-term-assets,total-assets,total-current-liabilities,long-term-debt,other-non-current-liabilities,total-long-term-liabilities,total-liabilities,common-stock-net,retained-earnings-accumulated-deficit,comprehensive-income,total-share-holder-equity,total-liabilities-share-holders-equity,net-income-loss,total-depreciation-amortization-cash-flow,other-non-cash-items,total-non-cash-items,change-in-accounts-receivable,change-in-inventories,change-in-accounts-payable,change-in-assets-liabilities,total-change-in-assets-liabilities,cash-flow-from-operating-activities,net-change-in-property-plant-equipment,net-change-in-intangible-assets,net-acquisitions-divestitures,net-change-in-short-term-investments,net-change-in-long-term-investments,net-change-in-investments-total,investing-activities-other,cash-flow-from-investing-activities,net-long-term-debt,net-current-debt,debt-issuance-retirement-net-total,net-common-equity-issued-repurchased,net-total-equity-issued-repurchased,total-common-preferred-stock-dividends-paid,financial-activities-other,cash-flow-from-financial-activities,net-cash-flow,stock-based-compensation,common-stock-dividends-paid
0,2018-09-30,11.82,$5.76,2.05,$7.96,1.48,$-1.27,0.0,$0.23,51.39,$6.26B,$5.47B,1.15,$1.32B,$1.89B,0.7,$3.79B,$3.73B,98.47%,$3.79B,$0.32B,8.50%,$3.79B,$0.32B,8.50%,$3.79B,$0.53B,14.04%,$3.79B,$0.36B,9.40%,$3.79B,$0.09B,2.48%,$0.09B,$1.89B,6.13%,$0.09B,$0.21B,-81.39%,$0.09B,$8.73B,1.35%,$0.32B,$3.21B,10.90%,$977,$15,$962,$0,$682,$835,$142,$77,$219,$57,$162,$162,$120,$197,$142,$328,488,$0.36,$0.35,$1004,$0,$0,$6259,$216,$165,$1679,$406,$2473,$8732,$5469,$1323,$0,$1373,$6842,$4,$-799,$-22,$1890,$8732,$310,$148,$-735,$-587,$-2276,$-179,$1986,$-11,$-480,$-758,$-26,$-41,$-34,$153,$-13,$140,$0,$40,$520,$0,$520,$318,$584,$-176,$-224,$704,$-21,$238,$-176
1,2018-06-30,11.15,$5.12,2.18,$7.77,1.43,$2.00,5.57,$0.16,69.66,$4.45B,$3.85B,1.16,$1.29B,$1.67B,0.77,$3.64B,$3.59B,98.54%,$3.64B,$0.26B,7.04%,$3.64B,$0.26B,7.04%,$3.64B,$0.48B,13.08%,$3.64B,$0.28B,7.67%,$3.64B,$0.06B,1.54%,$0.06B,$1.67B,4.37%,$0.06B,$0.03B,-15.80%,$0.06B,$6.85B,0.85%,$0.26B,$2.96B,8.46%,$960,$16,$944,$0,$787,$869,$91,$-25,$66,$16,$50,$50,$35,$137,$91,$321,481,$0.11,$0.10,$900,$57,$0,$4452,$210,$168,$1637,$382,$2397,$6849,$3845,$1289,$0,$1336,$5181,$4,$-860,$-19,$1667,$6849,$147,$93,$-83,$10,$-1181,$-146,$1007,$-33,$-352,$-194,$-41,$-2,$-6,$147,$-17,$129,$0,$80,$-51,$0,$-51,$295,$448,$-113,$-137,$147,$25,$167,$-113
2,2018-03-31,13.05,$4.58,2.85,$7.65,1.71,$3.38,3.87,$0.13,100.4,$4.41B,$3.87B,1.14,$1.42B,$1.44B,0.99,$3.53B,$3.48B,98.64%,$3.53B,$0.28B,7.91%,$3.53B,$0.28B,7.91%,$3.53B,$0.50B,14.29%,$3.53B,$0.31B,8.70%,$3.53B,$0.07B,2.10%,$0.07B,$1.44B,6.46%,$0.07B,$-0.19B,-19.36%,$0.07B,$6.78B,1.20%,$0.28B,$2.86B,9.91%,$957,$14,$943,$0,$688,$836,$121,$13,$133,$36,$97,$97,$59,$168,$121,$308,479,$0.19,$0.19,$789,$89,$0,$4411,$197,$153,$1634,$382,$2366,$6777,$3869,$1422,$0,$1469,$5338,$4,$-838,$-9,$1439,$6777,$97,$48,$-587,$-540,$-800,$-165,$617,$-41,$-390,$-833,$-21,$-1,$0,$0,$118,$118,$0,$96,$496,$0,$496,$245,$245,$-56,$-56,$629,$-104,$58,$-56
3,2017-12-31,14.46,$3.91,3.7,$7.42,1.95,$6.08,2.38,$0.00,0.0,$3.10B,$2.59B,1.2,$1.65B,$1.14B,1.45,$3.35B,$3.31B,98.69%,$3.35B,$0.23B,6.83%,$3.35B,$0.23B,6.83%,$3.35B,$0.45B,13.36%,$3.35B,$0.23B,6.92%,$3.35B,$0.05B,1.55%,$0.05B,$1.14B,4.86%,$0.05B,$-0.51B,-14.79%,$0.05B,$5.43B,0.91%,$0.23B,$2.79B,8.71%,$894,$13,$881,$0,$688,$927,$-32,$-30,$-62,$95,$-158,$-158,$-120,$30,$-32,$287,454,$-0.41,$-0.42,$1038,$0,$0,$3102,$189,$142,$1649,$344,$2328,$5430,$2593,$1651,$0,$1697,$4290,$3,$-859,$-10,$1140,$5430,$82,$217,$885,$1103,$-473,$259,$314,$-23,$77,$1262,$-76,$-0,$-106,$0,$-50,$-50,$0,$-231,$96,$6,$102,$270,$270,$-200,$-1107,$-935,$99,$315,$-200
4,2017-09-30,13.69,$3.07,4.46,$7.48,1.83,$1.72,7.95,$0.47,29.13,$4.89B,$3.71B,1.32,$2.62B,$0.88B,2.97,$3.34B,$3.30B,98.74%,$3.34B,$0.40B,11.98%,$3.34B,$0.40B,11.98%,$3.34B,$0.60B,17.83%,$3.34B,$0.42B,12.43%,$3.34B,$0.24B,7.28%,$0.24B,$0.88B,20.36%,$0.24B,$-0.75B,-135.00%,$0.24B,$7.25B,4.34%,$0.40B,$3.50B,14.52%,$827,$10,$817,$0,$636,$751,$76,$66,$142,$32,$111,$111,$82,$141,$76,$288,457,$0.28,$0.28,$945,$32,$0,$4888,$186,$138,$1626,$416,$2365,$7253,$3705,$2616,$0,$2668,$6372,$3,$-686,$-8,$881,$7253,$239,$156,$415,$571,$-1975,$195,$1814,$-55,$-21,$789,$-29,$-28,$-22,$8,$-101,$-94,$0,$-173,$1394,$6,$1400,$-15,$-15,$-148,$-1765,$-527,$93,$185,$-148
5,2017-06-30,11.79,$3.92,3.01,$7.38,1.6,$-1.11,0.0,$0.40,29.47,$3.46B,$3.02B,1.15,$0.99B,$1.12B,0.89,$3.25B,$3.21B,98.74%,$3.25B,$0.40B,12.17%,$3.25B,$0.40B,12.17%,$3.25B,$0.62B,19.01%,$3.25B,$0.42B,12.88%,$3.25B,$0.25B,7.64%,$0.25B,$1.12B,19.52%,$0.25B,$-0.08B,608.59%,$0.25B,$5.18B,4.97%,$0.40B,$2.11B,16.33%,$849,$10,$838,$0,$674,$734,$114,$-20,$94,$17,$78,$78,$53,$165,$114,$287,452,$0.18,$0.18,$751,$34,$0,$3458,$176,$35,$1201,$302,$1723,$5181,$3019,$991,$0,$1042,$4061,$3,$-415,$-13,$1119,$5181,$129,$91,$190,$281,$-1277,$152,$1200,$-47,$27,$437,$-36,$-0,$14,$8,$-1,$7,$-130,$-145,$12,$0,$12,$-35,$-35,$-97,$-79,$-198,$102,$129,$-97
6,2017-03-31,10.43,$4.03,2.59,$6.99,1.49,$-3.18,0.0,$0.39,26.73,$3.19B,$2.73B,1.17,$0.98B,$1.14B,0.86,$3.05B,$3.01B,98.69%,$3.05B,$0.31B,10.29%,$3.05B,$0.31B,10.29%,$3.05B,$0.52B,16.88%,$3.05B,$0.35B,11.57%,$3.05B,$0.21B,6.85%,$0.21B,$1.14B,16.35%,$0.21B,$-0.07B,234.17%,$0.21B,$4.91B,4.21%,$0.31B,$2.12B,12.72%,$783,$10,$773,$0,$596,$712,$71,$-14,$58,$7,$51,$51,$37,$112,$71,$283,445,$0.13,$0.13,$686,$34,$0,$3192,$167,$33,$1212,$295,$1716,$4908,$2733,$982,$0,$1034,$3767,$3,$-385,$-18,$1141,$4908,$51,$41,$339,$380,$-1211,$148,$1118,$-61,$-7,$424,$-15,$-0,$14,$0,$7,$7,$0,$7,$-39,$0,$-39,$-20,$-20,$-45,$-288,$-393,$40,$71,$-45
7,2016-12-31,9.26,$5.84,1.59,$6.71,1.38,$-4.60,0.0,$0.38,24.37,$3.10B,$1.71B,1.82,$1.66B,$1.63B,1.01,$2.91B,$2.87B,98.66%,$2.91B,$0.28B,9.56%,$2.91B,$0.28B,9.56%,$2.91B,$0.47B,16.05%,$2.91B,$0.31B,10.79%,$2.91B,$0.19B,6.36%,$0.19B,$1.63B,14.39%,$0.19B,$0.18B,133.33%,$0.19B,$5.05B,3.79%,$0.28B,$3.29B,11.39%,$879,$11,$868,$0,$561,$740,$139,$-18,$121,$15,$106,$106,$71,$177,$139,$277,433,$0.26,$0.24,$813,$35,$0,$3100,$167,$33,$1457,$290,$1947,$5048,$1706,$1656,$0,$1708,$3414,$3,$-213,$-23,$1634,$5048,$254,$189,$-742,$-553,$177,$-176,$-316,$-66,$-380,$-679,$-78,$-1,$-162,$0,$574,$574,$0,$333,$717,$0,$717,$-132,$-132,$-171,$-96,$318,$-27,$217,$-171
8,2016-09-30,7.79,$4.27,1.83,$7.76,1.0,$-0.65,0.0,$0.56,13.92,$3.24B,$2.60B,1.25,$0.97B,$1.19B,0.82,$2.91B,$2.87B,98.70%,$2.91B,$0.04B,1.51%,$2.91B,$0.04B,1.51%,$2.91B,$0.33B,11.33%,$2.91B,$0.50B,17.00%,$2.91B,$0.21B,7.28%,$0.21B,$1.19B,17.89%,$0.21B,$0.14B,150.35%,$0.21B,$4.81B,4.59%,$0.04B,$2.16B,2.06%,$735,$9,$726,$0,$566,$664,$71,$74,$145,$30,$114,$114,$87,$163,$71,$279,430,$0.31,$0.31,$635,$212,$0,$3243,$155,$43,$1049,$319,$1569,$4812,$2599,$969,$0,$1026,$3625,$3,$-310,$-20,$1187,$4812,$187,$151,$-92,$59,$-1106,$-298,$981,$-273,$-696,$-449,$-55,$-0,$-119,$618,$-62,$556,$0,$381,$-40,$0,$-40,$-57,$-57,$-126,$235,$11,$-54,$150,$-126
9,2016-06-30,7.62,$4.17,1.83,$7.79,0.98,$0.73,10.48,$0.50,15.24,$3.56B,$2.75B,1.29,$1.16B,$1.15B,1.0,$2.86B,$2.82B,98.67%,$2.86B,$0.01B,0.42%,$2.86B,$0.01B,0.42%,$2.86B,$0.24B,8.42%,$2.86B,$0.43B,15.13%,$2.86B,$0.16B,5.70%,$0.16B,$1.15B,14.40%,$0.16B,$0.11B,517.46%,$0.16B,$5.11B,3.67%,$0.01B,$2.31B,0.59%,$654,$10,$644,$0,$587,$621,$33,$-4,$29,$11,$19,$19,$14,$63,$33,$276,437,$0.05,$0.05,$597,$319,$0,$3555,$148,$42,$1040,$319,$1558,$5112,$2749,$1156,$0,$1211,$3960,$3,$-326,$-21,$1152,$5112,$33,$59,$78,$138,$-1344,$-404,$1136,$-42,$-654,$-483,$-33,$-0,$-113,$0,$502,$502,$0,$355,$292,$0,$292,$-55,$-55,$-82,$-57,$99,$-26,$83,$-82
10,2016-03-31,7.78,$4.31,1.81,$8.12,0.96,$1.82,4.28,$0.48,16.2,$2.99B,$2.49B,1.2,$0.84B,$1.17B,0.72,$2.88B,$2.84B,98.68%,$2.88B,$0.01B,0.45%,$2.88B,$0.01B,0.45%,$2.88B,$0.25B,8.62%,$2.88B,$0.42B,14.63%,$2.88B,$0.16B,5.49%,$0.16B,$1.17B,15.41%,$0.16B,$0.13B,-118.80%,$0.16B,$4.55B,3.80%,$0.01B,$2.01B,0.70%,$641,$9,$632,$0,$541,$606,$35,$-15,$19,$5,$15,$15,$13,$64,$35,$274,435,$0.05,$0.05,$654,$33,$0,$2986,$145,$41,$1043,$311,$1563,$4550,$2486,$839,$0,$894,$3380,$3,$-298,$-19,$1169,$4550,$15,$29,$41,$70,$-1000,$-116,$874,$-42,$-285,$-201,$-15,$-0,$-112,$511,$-53,$458,$0,$331,$-2,$0,$-2,$-73,$-73,$-38,$-19,$-132,$1,$37,$-38
11,2015-12-31,8.3,$4.85,1.71,$8.26,1.0,$2.10,3.94,$0.49,16.93,$2.46B,$1.85B,1.33,$0.84B,$1.23B,0.68,$2.78B,$2.75B,98.71%,$2.78B,$-0.00B,-0.07%,$2.78B,$-0.00B,-0.07%,$2.78B,$0.23B,8.26%,$2.78B,$0.44B,15.73%,$2.78B,$0.16B,5.71%,$0.16B,$1.23B,18.11%,$0.16B,$0.19B,-49.84%,$0.16B,$3.98B,3.66%,$-0.00B,$2.07B,-0.11%,$882,$10,$872,$0,$699,$977,$-95,$397,$302,$80,$222,$222,$98,$40,$-95,$243,286,$0.41,$0.37,$1116,$32,$0,$2461,$148,$30,$1046,$290,$1522,$3983,$1853,$841,$0,$898,$2751,$3,$-290,$-25,$1232,$3983,$318,$233,$210,$442,$472,$183,$-655,$-75,$-75,$686,$-57,$-1,$-159,$0,$116,$116,$0,$-101,$-396,$-70,$-466,$-46,$-46,$-131,$-82,$-724,$-148,$279,$-131
12,2015-09-30,6.84,$3.89,1.76,$7.40,0.93,$0.54,12.6,$0.17,40.26,$2.30B,$2.24B,1.03,$0.84B,$0.98B,0.86,$2.39B,$2.36B,98.75%,$2.39B,$0.04B,1.63%,$2.39B,$0.04B,1.63%,$2.39B,$0.16B,6.61%,$2.39B,$0.08B,3.22%,$2.39B,$0.04B,1.76%,$0.04B,$0.98B,5.87%,$0.04B,$-0.30B,-12.91%,$0.04B,$4.12B,1.04%,$0.04B,$1.82B,2.50%,$685,$9,$676,$0,$562,$646,$39,$44,$83,$29,$55,$55,$38,$74,$39,$252,394,$0.15,$0.15,$539,$35,$0,$2297,$151,$34,$1274,$348,$1821,$4118,$2240,$841,$0,$903,$3143,$3,$-303,$-26,$975,$4118,$96,$98,$75,$173,$119,$118,$-310,$-70,$-142,$127,$-45,$-1,$-171,$2,$-1,$1,$0,$-216,$25,$5,$30,$-6,$-6,$-96,$-77,$-150,$-224,$129,$-96
13,2015-06-30,7.18,$2.92,2.46,$6.97,1.03,$0.52,13.8,$0.05,143.56,$2.14B,$2.00B,1.07,$0.84B,$0.73B,1.16,$2.14B,$2.12B,98.79%,$2.14B,$-0.00B,-0.19%,$2.14B,$-0.00B,-0.19%,$2.14B,$0.10B,4.48%,$2.14B,$0.02B,1.12%,$2.14B,$0.01B,0.51%,$0.01B,$0.73B,1.74%,$0.01B,$-0.55B,-6.98%,$0.01B,$3.97B,0.30%,$-0.00B,$1.57B,-0.29%,$669,$10,$659,$0,$573,$636,$34,$-16,$17,$2,$15,$15,$9,$70,$34,$245,367,$0.04,$0.04,$421,$32,$0,$2144,$147,$33,$1271,$376,$1828,$3972,$2000,$841,$0,$1246,$3246,$3,$-307,$-16,$726,$3972,$41,$63,$70,$133,$179,$113,$-411,$-63,$-181,$-7,$-27,$-1,$-156,$0,$-1,$-1,$0,$-184,$26,$-20,$6,$-6,$-6,$-61,$-54,$-114,$-284,$73,$-61
14,2015-03-31,7.64,$2.61,2.93,$6.43,1.19,$0.66,11.53,$0.04,190.97,$3.50B,$3.30B,1.06,$0.99B,$0.58B,1.71,$1.89B,$1.87B,98.89%,$1.89B,$-0.01B,-0.74%,$1.89B,$-0.01B,-0.74%,$1.89B,$0.07B,3.65%,$1.89B,$0.02B,1.16%,$1.89B,$0.01B,0.53%,$0.01B,$0.58B,1.64%,$0.01B,$-0.62B,11.53%,$0.01B,$5.29B,0.30%,$-0.01B,$1.57B,-1.13%,$548,$6,$541,$0,$463,$527,$20,$16,$36,$10,$26,$26,$14,$46,$20,$222,338,$0.06,$0.06,$485,$33,$0,$3496,$162,$32,$1196,$404,$1795,$5290,$3297,$991,$18,$1414,$4711,$3,$-281,$-18,$579,$5290,$26,$26,$24,$50,$-1097,$123,$920,$-85,$-139,$-63,$-7,$-1,$-118,$0,$-0,$-0,$0,$-125,$28,$-10,$18,$-13,$-13,$-27,$-18,$-39,$-223,$43,$-27
15,2014-12-31,7.3,$2.65,2.76,$6.19,1.18,$0.85,8.57,$0.02,364.91,$1.96B,$1.40B,1.4,$0.71B,$0.58B,1.21,$1.79B,$1.77B,98.99%,$1.79B,$-0.01B,-0.50%,$1.79B,$-0.01B,-0.50%,$1.79B,$0.07B,3.75%,$1.79B,$-0.00B,-0.17%,$1.79B,$0.00B,0.22%,$0.00B,$0.58B,0.63%,$0.00B,$0.16B,1.10%,$0.00B,$2.75B,0.15%,$-0.01B,$1.29B,-0.81%,$489,$5,$485,$0,$411,$543,$-54,$-5,$-59,$-23,$-37,$-37,$-19,$-32,$-54,$221,221,$-0.08,$-0.08,$868,$33,$0,$1964,$112,$17,$421,$228,$787,$2751,$1403,$707,$0,$766,$2169,$3,$-269,$4,$582,$2751,$-14,$77,$80,$156,$-301,$-64,$401,$-11,$25,$167,$-27,$-1,$-130,$43,$-74,$-31,$0,$-188,$293,$0,$293,$-100,$-100,$-105,$-129,$-41,$-67,$150,$-105
16,2014-09-30,5.85,$2.91,2.01,$5.30,1.1,$0.62,9.42,$0.12,48.73,$2.09B,$1.57B,1.33,$0.41B,$0.64B,0.64,$1.72B,$1.70B,98.89%,$1.72B,$0.05B,2.91%,$1.72B,$0.05B,2.91%,$1.72B,$0.12B,7.21%,$1.72B,$0.06B,3.32%,$1.72B,$0.03B,1.57%,$0.03B,$0.64B,4.06%,$0.03B,$0.37B,5.95%,$0.03B,$2.68B,1.05%,$0.05B,$1.05B,4.66%,$436,$5,$431,$0,$356,$440,$-4,$34,$30,$19,$11,$11,$7,$12,$-4,$220,331,$0.03,$0.03,$605,$37,$0,$2094,$114,$19,$270,$188,$590,$2684,$1572,$410,$0,$471,$2043,$3,$-224,$6,$641,$2684,$33,$54,$82,$136,$-670,$-8,$607,$-18,$-88,$81,$-20,$-0,$-38,$-70,$-7,$-77,$0,$-135,$-2,$0,$-2,$-76,$-76,$-79,$-93,$-249,$-306,$115,$-79
17,2014-06-30,5.76,$2.90,1.99,$5.12,1.13,$0.66,8.8,$0.20,28.82,$1.92B,$1.34B,1.43,$0.41B,$0.63B,0.65,$1.69B,$1.67B,98.87%,$1.69B,$0.08B,4.56%,$1.69B,$0.08B,4.56%,$1.69B,$0.32B,18.67%,$1.69B,$0.07B,4.15%,$1.69B,$0.05B,2.67%,$0.05B,$0.63B,6.55%,$0.05B,$0.43B,9.04%,$0.05B,$2.45B,1.71%,$0.08B,$1.04B,7.01%,$417,$6,$412,$0,$352,$393,$24,$-9,$15,$4,$11,$11,$8,$43,$24,$221,327,$0.03,$0.03,$624,$36,$0,$1915,$117,$21,$201,$199,$538,$2452,$1342,$409,$0,$477,$1819,$2,$-205,$-6,$634,$2452,$22,$38,$70,$108,$-489,$-1,$412,$-23,$-101,$29,$-12,$-0,$-13,$0,$-15,$-15,$0,$-40,$-2,$0,$-2,$-48,$-48,$-52,$-46,$-148,$-159,$60,$-52
18,2014-03-31,4.98,$3.09,1.61,$7.00,0.71,$0.72,6.93,$0.35,14.24,$2.54B,$1.92B,1.33,$0.41B,$0.68B,0.6,$2.46B,$2.44B,99.19%,$2.46B,$0.27B,11.00%,$2.46B,$0.27B,11.00%,$2.46B,$0.51B,20.87%,$2.46B,$0.26B,10.68%,$2.46B,$0.07B,2.88%,$0.07B,$0.68B,9.89%,$0.07B,$0.49B,13.31%,$0.07B,$3.07B,2.46%,$0.27B,$1.09B,23.90%,$445,$4,$441,$0,$399,$420,$25,$-14,$11,$1,$11,$11,$8,$44,$25,$221,322,$0.04,$0.04,$699,$37,$0,$2542,$120,$16,$189,$206,$531,$3073,$1918,$408,$0,$475,$2393,$2,$-186,$-6,$680,$3073,$11,$19,$45,$64,$-1040,$-6,$1001,$-30,$-74,$0,$-6,$-0,$-5,$0,$-0,$-0,$0,$-11,$-2,$0,$-2,$-27,$-27,$-26,$-12,$-67,$-78,$34,$-26
19,2013-12-31,4.53,$3.25,1.4,$7.02,0.65,$0.73,6.23,$0.35,12.95,$1.58B,$0.90B,1.75,$0.41B,$0.70B,0.58,$2.46B,$2.44B,99.11%,$2.46B,$0.27B,10.92%,$2.46B,$0.27B,10.92%,$2.46B,$0.52B,20.99%,$2.46B,$0.27B,10.80%,$2.46B,$0.07B,2.84%,$0.07B,$0.70B,10.75%,$0.07B,$0.52B,14.96%,$0.07B,$2.08B,2.55%,$0.27B,$1.11B,24.99%,$421,$5,$416,$0,$365,$416,$5,$-4,$1,$-0,$2,$2,$4,$25,$5,$220,318,$0.02,$0.02,$771,$33,$0,$1578,$128,$18,$182,$175,$502,$2079,$901,$408,$0,$475,$1377,$2,$-168,$-6,$703,$2079,$174,$247,$-221,$26,$-156,$1,$169,$-48,$-34,$166,$-38,$-1,$575,$0,$-7,$-7,$-2,$527,$-48,$0,$-48,$-16,$-16,$-91,$-208,$-363,$329,$434,$-91
20,2013-09-30,4.13,$3.42,1.21,$7.27,0.57,$0.75,5.49,$0.42,9.84,$2.50B,$1.72B,1.45,$0.42B,$0.73B,0.58,$2.48B,$2.46B,99.11%,$2.48B,$0.32B,12.69%,$2.48B,$0.32B,12.69%,$2.48B,$0.57B,22.88%,$2.48B,$0.29B,11.84%,$2.48B,$0.08B,3.22%,$0.08B,$0.73B,13.74%,$0.08B,$0.55B,20.09%,$0.08B,$2.95B,3.04%,$0.32B,$1.15B,30.94%,$404,$5,$399,$0,$363,$382,$23,$20,$43,$11,$32,$32,$25,$203,$23,$219,355,$0.12,$0.11,$875,$32,$0,$2496,$131,$19,$183,$118,$452,$2948,$1717,$423,$0,$501,$2217,$2,$-146,$-5,$731,$2948,$172,$227,$-246,$-18,$-971,$-71,$991,$-1,$-51,$103,$-25,$-1,$575,$0,$-6,$-6,$0,$543,$-32,$0,$-32,$-8,$-8,$-66,$-169,$-275,$370,$400,$-66
21,2013-06-30,4.23,$4.43,0.95,$9.13,0.46,$0.93,4.57,$0.31,13.64,$2.98B,$2.19B,1.36,$0.42B,$0.76B,0.56,$2.52B,$2.50B,99.13%,$2.52B,$0.31B,12.11%,$2.52B,$0.31B,12.11%,$2.52B,$0.40B,16.00%,$2.52B,$0.26B,10.12%,$2.52B,$0.06B,2.18%,$0.06B,$0.76B,11.03%,$0.06B,$0.57B,17.23%,$0.06B,$3.45B,2.29%,$0.31B,$1.18B,32.44%,$1193,$6,$1187,$0,$546,$975,$218,$-10,$208,$79,$130,$130,$34,$242,$218,$172,378,$0.20,$0.18,$1158,$0,$0,$2979,$132,$22,$184,$119,$470,$3448,$2186,$424,$0,$503,$2690,$2,$-146,$-7,$759,$3448,$140,$47,$-239,$-191,$-1207,$-49,$1365,$3,$111,$60,$-17,$-1,$747,$0,$-1,$-1,$0,$729,$-30,$0,$-30,$1,$1,$-40,$-37,$-106,$682,$388,$-40
22,2013-03-31,2.93,$2.49,1.18,$7.61,0.38,$1.02,2.87,$0.14,20.89,$2.05B,$1.56B,1.31,$0.45B,$0.41B,1.08,$1.78B,$1.75B,98.76%,$1.78B,$0.10B,5.57%,$1.78B,$0.10B,5.57%,$1.78B,$0.19B,10.92%,$1.78B,$0.05B,2.87%,$1.78B,$0.02B,1.30%,$0.02B,$0.41B,5.58%,$0.02B,$0.23B,9.65%,$0.02B,$2.50B,1.14%,$0.10B,$0.86B,11.50%,$445,$6,$439,$0,$398,$422,$23,$-10,$14,$3,$11,$11,$7,$47,$23,$163,318,$0.04,$0.04,$374,$0,$0,$2045,$140,$23,$183,$109,$456,$2500,$1563,$447,$0,$525,$2088,$2,$-160,$-5,$412,$2500,$11,$23,$19,$43,$-919,$-0,$871,$3,$-46,$8,$-11,$-0,$-0,$0,$-0,$-0,$0,$-12,$-6,$0,$-6,$3,$3,$-20,$-22,$-45,$-50,$23,$-20
23,2012-12-31,2.37,$2.69,0.88,$7.70,0.31,$0.94,2.52,$0.16,14.79,$1.19B,$0.68B,1.74,$0.45B,$0.43B,1.06,$1.73B,$1.70B,98.73%,$1.73B,$0.10B,5.91%,$1.73B,$0.10B,5.91%,$1.73B,$0.19B,11.24%,$1.73B,$0.06B,3.24%,$1.73B,$0.02B,1.39%,$0.02B,$0.43B,5.79%,$0.02B,$0.24B,9.71%,$0.02B,$1.64B,1.30%,$0.10B,$0.88B,12.19%,$441,$6,$436,$0,$293,$391,$51,$-22,$29,$10,$18,$18,$14,$76,$51,$145,281,$0.09,$0.09,$392,$32,$0,$1186,$141,$26,$185,$102,$453,$1639,$681,$451,$0,$530,$1212,$2,$-147,$-4,$427,$1639,$36,$91,$91,$182,$-145,$-16,$154,$-40,$-46,$171,$-51,$-1,$-31,$53,$-17,$37,$-22,$-68,$115,$-14,$101,$12,$12,$-91,$-108,$-85,$19,$144,$-91
24,2012-09-30,3.23,$2.64,1.22,$9.18,0.35,$0.87,3.7,$0.10,32.33,$1.58B,$1.10B,1.43,$0.45B,$0.40B,1.13,$1.64B,$1.62B,98.60%,$1.64B,$0.07B,4.33%,$1.64B,$0.07B,4.33%,$1.64B,$0.16B,9.70%,$1.64B,$0.04B,2.32%,$1.64B,$0.01B,0.85%,$0.01B,$0.40B,3.40%,$0.01B,$0.23B,5.58%,$0.01B,$2.02B,0.78%,$0.07B,$0.84B,8.83%,$440,$6,$435,$0,$395,$427,$13,$-10,$4,$3,$1,$1,$-0,$38,$13,$147,147,$0.00,$0.00,$352,$0,$0,$1582,$141,$29,$163,$107,$441,$2023,$1104,$447,$0,$523,$1627,$2,$-143,$-5,$396,$2023,$17,$66,$99,$165,$-608,$-16,$563,$-25,$-86,$96,$-38,$-1,$-26,$1,$-17,$-16,$-22,$-103,$111,$-14,$98,$11,$11,$-72,$-84,$-48,$-56,$89,$-72
25,2012-06-30,3.74,$2.88,1.3,$9.24,0.41,$0.54,6.93,$0.08,46.79,$1.43B,$0.93B,1.53,$0.45B,$0.41B,1.1,$1.58B,$1.56B,98.42%,$1.58B,$0.06B,3.80%,$1.58B,$0.06B,3.80%,$1.58B,$0.14B,9.11%,$1.58B,$0.03B,1.90%,$1.58B,$0.01B,0.76%,$0.01B,$0.41B,2.95%,$0.01B,$0.25B,4.54%,$0.01B,$1.88B,0.68%,$0.06B,$0.87B,7.77%,$450,$6,$444,$0,$415,$438,$12,$-8,$4,$0,$4,$4,$2,$33,$12,$140,275,$0.01,$0.01,$412,$0,$0,$1426,$142,$32,$163,$106,$450,$1876,$930,$452,$0,$533,$1462,$2,$-118,$-5,$413,$1876,$16,$41,$70,$112,$-378,$-22,$374,$-18,$-44,$84,$-26,$-0,$-26,$1,$-17,$-16,$-22,$-90,$118,$-14,$105,$12,$12,$-47,$-63,$6,$-2,$62,$-47
26,2012-03-31,4.6,$3.03,1.52,$9.09,0.51,$0.22,20.51,$0.16,28.72,$1.40B,$1.01B,1.39,$0.34B,$0.42B,0.8,$1.50B,$1.47B,98.26%,$1.50B,$0.08B,5.08%,$1.50B,$0.08B,5.08%,$1.50B,$0.16B,10.57%,$1.50B,$0.05B,3.28%,$1.50B,$0.02B,1.34%,$0.02B,$0.42B,5.09%,$0.02B,$0.27B,7.49%,$0.02B,$1.85B,1.14%,$0.08B,$0.76B,10.99%,$395,$6,$389,$0,$347,$368,$26,$-8,$19,$7,$12,$12,$8,$47,$26,$136,264,$0.06,$0.06,$332,$38,$0,$1400,$136,$34,$158,$93,$453,$1853,$1009,$338,$0,$420,$1430,$2,$-96,$-2,$423,$1853,$12,$21,$39,$59,$-438,$-39,$411,$-16,$-83,$-12,$-12,$-0,$-2,$1,$-16,$-15,$-22,$-51,$5,$46,$52,$11,$11,$-24,$-37,$2,$-59,$29,$-24
27,2011-12-31,3.61,$3.14,1.15,$9.14,0.39,$0.52,6.89,$0.19,18.99,$1.00B,$0.57B,1.75,$0.33B,$0.42B,0.8,$1.47B,$1.44B,98.23%,$1.47B,$0.08B,5.39%,$1.47B,$0.08B,5.39%,$1.47B,$0.16B,10.99%,$1.47B,$0.06B,3.75%,$1.47B,$0.02B,1.43%,$0.02B,$0.42B,5.61%,$0.02B,$0.26B,7.97%,$0.02B,$1.41B,1.22%,$0.08B,$0.75B,12.45%,$355,$6,$349,$0,$206,$336,$20,$-9,$11,$4,$7,$7,$4,$41,$20,$116,117,$0.01,$0.01,$389,$0,$0,$1002,$136,$20,$158,$89,$403,$1405,$572,$332,$0,$418,$990,$2,$-81,$-4,$415,$1405,$38,$83,$157,$240,$206,$-6,$-299,$-94,$-193,$85,$-43,$-1,$-47,$0,$-2,$-2,$0,$-93,$146,$14,$160,$13,$13,$-77,$-86,$9,$6,$144,$-77
28,2011-09-30,3.57,$2.97,1.2,$7.50,0.48,$0.23,15.74,$0.28,12.75,$1.56B,$1.10B,1.42,$0.34B,$0.38B,0.89,$1.43B,$1.41B,98.18%,$1.43B,$0.09B,6.28%,$1.43B,$0.09B,6.28%,$1.43B,$0.18B,12.29%,$1.43B,$0.07B,4.96%,$1.43B,$0.03B,2.03%,$0.03B,$0.38B,8.20%,$0.03B,$0.29B,11.24%,$0.03B,$1.90B,1.67%,$0.09B,$0.72B,15.56%,$380,$7,$373,$0,$348,$378,$2,$-7,$-4,$-1,$-3,$-3,$-2,$23,$2,$124,124,$-0.02,$-0.02,$454,$0,$0,$1561,$129,$22,$93,$86,$341,$1902,$1097,$337,$0,$427,$1524,$1,$-63,$-5,$378,$1902,$31,$61,$124,$185,$-378,$-6,$241,$-36,$-179,$37,$-30,$-1,$0,$0,$-1,$-1,$0,$-32,$165,$0,$165,$11,$11,$-55,$-64,$57,$68,$98,$-55
29,2011-06-30,4.46,$2.96,1.51,$5.87,0.76,$-0.11,0.0,$0.37,12.07,$1.50B,$1.19B,1.27,$0.19B,$0.36B,0.52,$1.38B,$1.36B,98.26%,$1.38B,$0.12B,8.56%,$1.38B,$0.12B,8.56%,$1.38B,$0.21B,14.87%,$1.38B,$0.10B,7.32%,$1.38B,$0.04B,2.68%,$0.04B,$0.36B,10.85%,$0.04B,$0.26B,15.16%,$0.04B,$1.83B,2.27%,$0.12B,$0.54B,22.44%,$365,$7,$358,$0,$314,$336,$28,$-5,$23,$6,$17,$17,$10,$47,$28,$113,244,$0.09,$0.09,$292,$13,$0,$1502,$132,$23,$96,$69,$327,$1829,$1187,$186,$0,$285,$1472,$1,$-39,$0,$357,$1829,$35,$40,$72,$112,$-454,$-1,$323,$-19,$-151,$-4,$-22,$-0,$0,$0,$-1,$-1,$0,$-23,$-3,$0,$-3,$22,$22,$-34,$-42,$-58,$-78,$42,$-34
30,2011-03-31,5.26,$3.47,1.52,$5.86,0.9,$-0.26,0.0,$0.37,14.21,$1.43B,$1.13B,1.27,$0.19B,$0.35B,0.53,$1.35B,$1.33B,98.37%,$1.35B,$0.11B,8.22%,$1.35B,$0.11B,8.22%,$1.35B,$0.20B,14.96%,$1.35B,$0.10B,7.11%,$1.35B,$0.03B,2.52%,$0.03B,$0.35B,10.29%,$0.03B,$0.25B,14.45%,$0.03B,$1.76B,2.17%,$0.11B,$0.53B,21.78%,$365,$6,$359,$0,$296,$336,$29,$-4,$25,$7,$17,$17,$9,$50,$29,$97,237,$0.09,$0.09,$508,$11,$0,$1428,$133,$24,$96,$72,$331,$1759,$1125,$186,$0,$287,$1411,$1,$-29,$-0,$347,$1759,$17,$21,$25,$46,$-157,$-101,$259,$-3,$-2,$61,$-11,$-0,$0,$0,$-1,$-1,$0,$-12,$-4,$0,$-4,$18,$18,$-14,$-20,$-19,$36,$15,$-14
31,2010-12-31,4.64,$3.45,1.34,$8.51,0.54,$-0.96,0.0,$0.23,20.15,$1.14B,$0.86B,1.33,$0.19B,$0.33B,0.57,$1.33B,$1.31B,98.42%,$1.33B,$0.07B,5.33%,$1.33B,$0.07B,5.33%,$1.33B,$0.16B,12.16%,$1.33B,$0.06B,4.28%,$1.33B,$0.02B,1.58%,$0.02B,$0.33B,6.63%,$0.02B,$0.24B,9.42%,$0.02B,$1.47B,1.31%,$0.07B,$0.52B,14.46%,$322,$6,$316,$0,$266,$291,$31,$-4,$27,$3,$24,$24,$12,$56,$31,$88,229,$0.13,$0.13,$371,$11,$0,$1141,$133,$25,$96,$69,$330,$1470,$856,$189,$0,$282,$1138,$1,$-24,$-1,$332,$1470,$45,$91,$48,$140,$-130,$-8,$5,$7,$-126,$59,$-44,$-1,$-4,$0,$-12,$-12,$0,$-61,$22,$0,$22,$-4,$-4,$-43,$-75,$-100,$-105,$26,$-43
32,2010-09-30,3.27,$3.50,0.94,$8.51,0.38,$0.54,6.05,$0.18,18.17,$1.13B,$0.87B,1.31,$0.18B,$0.33B,0.54,$1.31B,$1.29B,98.47%,$1.31B,$0.06B,4.28%,$1.31B,$0.06B,4.28%,$1.31B,$0.15B,11.25%,$1.31B,$0.04B,3.29%,$1.31B,$0.01B,0.84%,$0.01B,$0.33B,3.47%,$0.01B,$0.23B,4.89%,$0.01B,$1.47B,0.69%,$0.06B,$0.51B,11.52%,$327,$5,$322,$0,$259,$296,$30,$-4,$26,$7,$19,$19,$6,$52,$30,$91,228,$0.07,$0.07,$403,$3,$0,$1132,$136,$20,$99,$73,$339,$1470,$867,$177,$0,$276,$1143,$1,$-22,$-1,$328,$1470,$21,$66,$28,$93,$-90,$-82,$-8,$37,$-143,$-28,$-36,$-1,$-4,$0,$-5,$-5,$0,$-46,$9,$0,$9,$-8,$-8,$-29,$-51,$-79,$-155,$20,$-29
33,2010-06-30,2.73,$3.51,0.78,$8.42,0.32,$2.05,1.33,$0.14,19.48,$1.25B,$0.98B,1.28,$0.17B,$0.32B,0.52,$1.27B,$1.25B,98.50%,$1.27B,$0.04B,2.92%,$1.27B,$0.04B,2.92%,$1.27B,$0.13B,9.93%,$1.27B,$0.03B,1.97%,$1.27B,$0.01B,0.55%,$0.01B,$0.32B,2.18%,$0.01B,$0.23B,3.04%,$0.01B,$1.57B,0.43%,$0.04B,$0.48B,7.59%,$336,$5,$331,$0,$284,$315,$21,$-4,$18,$5,$13,$13,$7,$44,$21,$84,226,$0.09,$0.09,$381,$2,$0,$1251,$134,$21,$89,$57,$315,$1566,$982,$165,$0,$269,$1251,$1,$-16,$-5,$315,$1566,$2,$44,$18,$62,$-239,$-32,$127,$49,$-94,$-31,$-28,$-0,$0,$0,$-4,$-4,$0,$-32,$-3,$0,$-3,$0,$0,$-17,$-39,$-58,$-128,$14,$-17
34,2010-03-31,3.19,$3.56,0.9,$8.32,0.38,$3.21,0.99,$0.15,21.28,$1.61B,$1.35B,1.19,$0.17B,$0.29B,0.57,$1.23B,$1.21B,98.53%,$1.23B,$0.04B,3.27%,$1.23B,$0.04B,3.27%,$1.23B,$0.13B,10.37%,$1.23B,$0.03B,2.37%,$1.23B,$0.01B,0.65%,$0.01B,$0.29B,2.45%,$0.01B,$0.20B,3.38%,$0.01B,$1.92B,0.45%,$0.04B,$0.46B,8.16%,$347,$5,$342,$0,$349,$358,$-11,$-3,$-14,$-3,$-11,$-11,$-4,$10,$-11,$83,83,$-0.05,$-0.05,$428,$2,$0,$1608,$137,$22,$90,$51,$314,$1922,$1353,$166,$0,$277,$1630,$1,$-11,$-1,$292,$1922,$-11,$21,$-8,$13,$-530,$-35,$477,$62,$-26,$-23,$-17,$-0,$0,$0,$-1,$-1,$0,$-18,$-1,$0,$-1,$-13,$-13,$-5,$-13,$-33,$-80,$-6,$-5
35,2009-12-31,2.39,$4.05,0.59,$5.55,0.43,$4.27,0.56,$0.30,7.96,$1.14B,$0.85B,1.34,$0.17B,$0.33B,0.5,$1.16B,$1.15B,98.54%,$1.16B,$0.08B,6.45%,$1.16B,$0.08B,6.45%,$1.16B,$0.16B,13.86%,$1.16B,$0.06B,5.51%,$1.16B,$0.02B,1.72%,$0.02B,$0.33B,5.92%,$0.02B,$0.24B,8.01%,$0.02B,$1.47B,1.24%,$0.08B,$0.50B,15.09%,$297,$5,$292,$0,$264,$281,$16,$-3,$13,$6,$7,$7,$2,$41,$16,$80,211,$0.02,$0.01,$473,$3,$0,$1137,$133,$23,$91,$66,$327,$1465,$849,$168,$0,$281,$1130,$1,$-2,$-0,$334,$1465,$41,$87,$43,$130,$-315,$150,$376,$-7,$204,$375,$-45,$-1,$0,$0,$-10,$-10,$0,$-57,$18,$0,$18,$-8,$-8,$-24,$-43,$-57,$264,$22,$-24
36,2009-09-30,2.17,$4.19,0.52,$5.66,0.38,$2.98,0.73,$0.23,9.45,$1.25B,$0.94B,1.33,$0.17B,$0.34B,0.5,$1.15B,$1.13B,98.00%,$1.15B,$0.06B,5.57%,$1.15B,$0.06B,5.57%,$1.15B,$0.15B,12.70%,$1.15B,$0.05B,4.35%,$1.15B,$0.02B,1.57%,$0.02B,$0.34B,5.30%,$0.02B,$0.25B,7.08%,$0.02B,$1.56B,1.19%,$0.06B,$0.51B,12.95%,$289,$4,$285,$0,$251,$279,$11,$-2,$8,$3,$5,$5,$2,$31,$11,$80,216,$0.03,$0.03,$477,$1,$0,$1248,$134,$25,$90,$54,$315,$1563,$937,$169,$0,$284,$1222,$1,$3,$1,$341,$1563,$34,$62,$19,$80,$-392,$102,$442,$31,$183,$297,$-32,$-1,$-5,$0,$-5,$-5,$0,$-43,$19,$0,$19,$-8,$-8,$-18,$-30,$-37,$218,$16,$-18
37,2009-06-30,1.89,$4.28,0.44,$5.84,0.32,$1.93,0.98,$0.24,7.86,$1.89B,$1.60B,1.18,$0.15B,$0.34B,0.44,$1.16B,$1.14B,98.02%,$1.16B,$0.07B,6.28%,$1.16B,$0.07B,6.28%,$1.16B,$0.16B,13.51%,$1.16B,$0.06B,5.16%,$1.16B,$0.02B,1.98%,$0.02B,$0.34B,7.65%,$0.02B,$0.25B,10.57%,$0.02B,$2.22B,1.53%,$0.07B,$0.49B,16.20%,$292,$4,$288,$0,$247,$268,$24,$-3,$22,$7,$15,$15,$8,$45,$24,$79,211,$0.10,$0.10,$434,$628,$0,$1894,$134,$27,$91,$55,$321,$2215,$1600,$150,$0,$273,$1874,$1,$18,$-1,$341,$2215,$29,$41,$12,$54,$-453,$-556,$1105,$32,$128,$211,$-20,$-1,$-5,$0,$-4,$-4,$0,$-30,$0,$0,$0,$-8,$-8,$-10,$-17,$-35,$145,$8,$-10
38,2009-03-31,1.07,$4.30,0.25,$6.07,0.18,$1.12,0.95,$0.30,3.56,$0.87B,$0.59B,1.48,$0.15B,$0.34B,0.45,$1.18B,$1.15B,97.87%,$1.18B,$0.09B,7.23%,$1.18B,$0.09B,7.23%,$1.18B,$0.17B,14.38%,$1.18B,$0.07B,5.96%,$1.18B,$0.03B,2.30%,$0.03B,$0.34B,10.10%,$0.03B,$0.26B,14.52%,$0.03B,$1.20B,1.93%,$0.09B,$0.49B,20.37%,$284,$4,$280,$0,$244,$260,$24,$-2,$21,$7,$14,$14,$8,$44,$24,$81,200,$0.10,$0.10,$391,$5,$0,$868,$135,$25,$80,$58,$328,$1196,$585,$150,$0,$276,$861,$1,$10,$-3,$335,$1196,$14,$20,$4,$24,$-110,$61,$113,$21,$86,$124,$-10,$-0,$0,$0,$-1,$-1,$0,$-11,$0,$0,$0,$-7,$-7,$-3,$-5,$-15,$96,$3,$-3
39,2008-12-31,1.3,$4.19,0.31,$6.47,0.2,$-0.39,0.0,$0.19,6.85,$0.75B,$0.46B,1.63,$0.15B,$0.34B,0.44,$1.23B,$1.20B,97.96%,$1.23B,$0.03B,2.36%,$1.23B,$0.03B,2.36%,$1.23B,$0.12B,9.45%,$1.23B,$0.01B,0.73%,$1.23B,$-0.03B,-2.44%,$-0.03B,$0.34B,-12.38%,$-0.03B,$0.26B,-17.00%,$-0.03B,$1.07B,-2.55%,$0.03B,$0.49B,8.17%,$285,$11,$274,$0,$260,$281,$5,$-5,$-1,$-1,$1,$1,$-0,$26,$5,$79,189,$-0.01,$-0.03,$362,$1,$0,$750,$137,$27,$81,$60,$318,$1068,$461,$150,$0,$266,$727,$1,$2,$-4,$341,$1068,$-10,$87,$101,$188,$-4,$28,$-129,$38,$-67,$110,$-59,$-2,$0,$0,$-8,$-8,$64,$-5,$-47,$0,$-47,$54,$54,$-149,$-36,$-177,$-72,$94,$-149
40,2008-09-30,1.96,$2.30,0.85,$7.67,0.26,$0.78,2.53,$-0.23,0.0,$1.20B,$0.93B,1.29,$0.15B,$0.19B,0.81,$1.45B,$1.42B,97.86%,$1.45B,$0.05B,3.46%,$1.45B,$0.05B,3.46%,$1.45B,$0.14B,9.68%,$1.45B,$0.03B,1.80%,$1.45B,$-0.02B,-1.59%,$-0.02B,$0.19B,-8.39%,$-0.02B,$0.10B,-11.00%,$-0.02B,$1.55B,-1.84%,$0.05B,$0.34B,12.55%,$301,$3,$297,$0,$255,$281,$20,$-2,$18,$5,$13,$13,$7,$42,$20,$82,197,$0.08,$0.08,$362,$20,$0,$1200,$140,$29,$82,$63,$353,$1553,$928,$150,$0,$439,$1367,$1,$-1,$-3,$186,$1553,$-11,$66,$104,$170,$-441,$18,$319,$28,$-77,$82,$-46,$-2,$-5,$0,$-65,$-65,$65,$-53,$-47,$0,$-47,$57,$57,$-12,$-152,$-154,$-125,$6,$-12
41,2008-06-30,3.37,$2.50,1.35,$7.77,0.43,$1.18,2.87,$-0.39,0.0,$1.36B,$1.12B,1.21,$0.15B,$0.21B,0.73,$1.44B,$1.42B,97.99%,$1.44B,$0.05B,3.60%,$1.44B,$0.05B,3.60%,$1.44B,$0.14B,9.76%,$1.44B,$0.02B,1.59%,$1.44B,$-0.02B,-1.39%,$-0.02B,$0.21B,-6.93%,$-0.02B,$0.12B,-8.35%,$-0.02B,$1.78B,-2.13%,$0.05B,$0.36B,13.85%,$305,$6,$299,$0,$253,$270,$36,$-4,$32,$9,$23,$23,$12,$57,$36,$75,190,$0.16,$0.16,$485,$32,$0,$1360,$138,$30,$82,$68,$421,$1781,$1121,$150,$0,$453,$1574,$1,$-6,$0,$207,$1781,$-24,$44,$95,$139,$-522,$205,$234,$16,$-67,$47,$-29,$-1,$-5,$58,$-2,$56,$65,$86,$-47,$0,$-47,$72,$72,$0,$-130,$-105,$28,$4,$0
42,2008-03-31,5.2,$4.61,1.13,$7.63,0.68,$1.06,4.9,$-0.67,0.0,$0.14B,$0.05B,2.88,$0.00B,$0.24B,0.0,$1.41B,$1.39B,98.16%,$1.41B,$0.04B,2.55%,$1.41B,$0.04B,2.55%,$1.41B,$0.15B,10.34%,$1.41B,$0.00B,0.14%,$1.41B,$-0.02B,-1.35%,$-0.02B,$0.24B,-6.35%,$-0.02B,$0.22B,-7.14%,$-0.02B,$0.30B,-3.34%,$0.04B,$0.24B,10.33%,$337,$4,$333,$0,$359,$369,$-32,$-8,$-40,$8,$-48,$-48,$-49,$-9,$-32,$185,185,$-0.26,$-0.26,$19,$2,$0,$136,$61,$27,$18,$19,$165,$301,$47,$0,$0,$19,$66,$1,$-18,$0,$235,$301,$-48,$23,$88,$111,$-32,$-236,$22,$20,$-227,$-164,$-10,$-1,$0,$0,$-1,$-1,$86,$75,$29,$0,$29,$1,$1,$0,$-0,$30,$-58,$4,$0
43,2007-12-31,5.04,$9.24,0.55,$6.62,0.76,$2.12,2.37,$-0.64,0.0,$0.95B,$0.70B,1.36,$0.20B,$0.47B,0.42,$1.12B,$1.10B,98.03%,$1.12B,$0.07B,6.18%,$1.12B,$0.07B,6.18%,$1.12B,$0.17B,14.77%,$1.12B,$0.04B,3.85%,$1.12B,$0.03B,2.78%,$0.03B,$0.47B,10.17%,$0.03B,$0.39B,11.42%,$0.03B,$1.38B,5.46%,$0.07B,$0.67B,19.49%,$503,$17,$486,$0,$455,$477,$26,$-10,$16,$8,$8,$9,$7,$50,$26,$184,185,$0.02,$0.02,$431,$32,$0,$953,$138,$12,$79,$65,$425,$1378,$702,$197,$0,$206,$908,$1,$-17,$-0,$469,$1378,$33,$96,$12,$108,$288,$64,$-199,$35,$188,$329,$-62,$-2,$0,$0,$-4,$-4,$-63,$-131,$-52,$0,$-52,$0,$0,$0,$-0,$-52,$146,$18,$0
44,2007-09-30,3.8,$4.84,0.79,$7.90,0.48,$0.14,27.45,$-0.16,0.0,$0.19B,$0.05B,3.69,$0.00B,$0.24B,0.0,$1.35B,$1.34B,99.63%,$1.35B,$-0.03B,-2.08%,$1.35B,$-0.03B,-2.08%,$1.35B,$0.11B,8.45%,$1.35B,$-0.07B,-5.34%,$1.35B,$-0.08B,-6.23%,$-0.08B,$0.24B,-33.50%,$-0.08B,$0.23B,-36.17%,$-0.08B,$0.30B,-28.31%,$-0.03B,$0.24B,-11.17%,$299,$2,$297,$0,$252,$277,$22,$-7,$15,$4,$11,$10,$10,$43,$22,$184,184,$0.06,$0.06,$106,$0,$0,$186,$61,$9,$18,$14,$116,$302,$50,$0,$0,$7,$57,$1,$4,$-0,$244,$302,$42,$72,$7,$78,$-310,$16,$262,$67,$35,$156,$-49,$-1,$0,$0,$73,$73,$-80,$-57,$-33,$0,$-33,$-0,$-0,$0,$0,$-33,$66,$3,$0
45,2007-06-30,3.85,$4.38,0.88,$7.04,0.55,$-0.25,0.0,$-0.05,0.0,$0.19B,$0.04B,5.12,$0.00B,$0.25B,0.0,$1.09B,$1.09B,99.72%,$1.09B,$-0.05B,-4.50%,$1.09B,$-0.05B,-4.50%,$1.09B,$0.08B,7.44%,$1.09B,$-0.09B,-8.09%,$1.09B,$-0.10B,-8.73%,$-0.10B,$0.25B,-37.62%,$-0.10B,$0.23B,-40.73%,$-0.10B,$0.29B,-32.23%,$-0.05B,$0.25B,-19.41%,$273,$3,$270,$0,$236,$253,$20,$-9,$11,$-3,$14,$13,$13,$62,$20,$184,185,$0.07,$0.07,$191,$0,$0,$191,$53,$9,$18,$13,$103,$294,$37,$0,$0,$7,$45,$1,$10,$0,$249,$294,$32,$50,$-1,$50,$-423,$-2,$309,$59,$-58,$24,$-27,$-1,$0,$0,$-1,$-1,$2,$-27,$-9,$0,$-9,$-0,$-0,$0,$0,$-9,$-12,$2,$0
46,2007-03-31,4.24,$4.51,0.94,$6.34,0.67,$-0.30,0.0,$0.06,70.62,$0.20B,$0.04B,5.27,$0.00B,$0.26B,0.0,$0.85B,$0.85B,100.00%,$0.85B,$-0.07B,-8.20%,$0.85B,$-0.07B,-8.20%,$0.85B,$0.03B,3.16%,$0.85B,$-0.10B,-11.71%,$0.85B,$-0.11B,-12.65%,$-0.11B,$0.26B,-42.69%,$-0.11B,$0.24B,-46.40%,$-0.11B,$0.30B,-36.80%,$-0.07B,$0.26B,-27.67%,$42,$0,$42,$0,$32,$40,$1,$0,$1,$1,$1,$1,$1,$10,$1,$50,51,$0.02,$0.02,$195,$0,$0,$195,$57,$8,$18,$12,$103,$298,$37,$0,$0,$4,$41,$1,$18,$-0,$257,$298,$1,$8,$0,$9,$0,$0,$3,$1,$4,$14,$-7,$-0,$0,$0,$-2,$-2,$1,$-9,$0,$0,$0,$-0,$-0,$0,$0,$-0,$5,$1,$0
47,2006-12-31,3.89,$5.02,0.78,$6.36,0.61,$-0.45,0.0,$0.08,48.67,$0.19B,$0.03B,5.89,$0.00B,$0.25B,0.0,$0.86B,$0.86B,100.00%,$0.86B,$-0.07B,-7.95%,$0.86B,$-0.07B,-7.95%,$0.86B,$0.03B,3.51%,$0.86B,$-0.10B,-11.46%,$0.86B,$-0.11B,-12.51%,$-0.11B,$0.25B,-42.59%,$-0.11B,$0.23B,-46.52%,$-0.11B,$0.29B,-36.86%,$-0.07B,$0.25B,-27.06%,$735,$0,$735,$0,$770,$806,$-71,$-28,$-99,$-2,$-97,$-97,$-108,$-1,$-71,$184,184,$-0.60,$-0.60,$188,$0,$0,$188,$57,$8,$19,$14,$105,$293,$32,$0,$0,$8,$40,$1,$15,$0,$253,$293,$-106,$98,$23,$121,$-193,$-5,$159,$-7,$-46,$-31,$-69,$-1,$3,$0,$-31,$-31,$4,$-96,$103,$-8,$94,$1,$1,$-2,$-0,$93,$-34,$34,$-2
