,Date,Stock Price,Book Value per Share,Price to Book Ratio,TTM Sales per Share,Price to Sales Ratio,TTM FCF per Share,Price to FCF Ratio,TTM Net EPS,PE Ratio,Current Assets,Current Liabilities,Current Ratio,Long Term Debt,Shareholder's Equity_x,Debt to Equity Ratio,TTM Revenue_x,TTM Gross Profit,Gross Margin,TTM Revenue_y,TTM Operating Income,Operating Margin,TTM Revenue_x,TTM EBIT,EBIT Margin,TTM Revenue_y,TTM EBITDA,EBITDA Margin,TTM Revenue_x,TTM Pre-Tax Income,Pre-Tax Margin,TTM Revenue_y,TTM Net Income_x,Net Margin,TTM Net Income_y,Shareholder's Equity_y,Return on Equity,TTM Net Income_x,Tangible Equity,Return on Tangible Equity,TTM Net Income_y,Total Assets,Return on Assets,TTM Net Income,LT Investments & Debt,Return on Investment,revenue,cost-goods-sold,gross-profit,research-development-expenses,selling-general-administrative-expenses,operating-expenses,operating-income,total-non-operating-income-expense,pre-tax-income,total-provision-income-taxes,income-after-taxes,income-from-continuous-operations,net-income,ebitda,ebit,basic-shares-outstanding,shares-outstanding,eps-basic-net-earnings-per-share,eps-earnings-per-share-diluted,cash-on-hand,inventory,other-current-assets,total-current-assets,net-property-plant-equipment,long-term-investments,goodwill-intangible-assets-total,other-long-term-assets,total-long-term-assets,total-assets,total-current-liabilities,long-term-debt,other-non-current-liabilities,total-long-term-liabilities,total-liabilities,common-stock-net,retained-earnings-accumulated-deficit,comprehensive-income,total-share-holder-equity,total-liabilities-share-holders-equity,net-income-loss,total-depreciation-amortization-cash-flow,other-non-cash-items,total-non-cash-items,change-in-accounts-receivable,change-in-inventories,change-in-accounts-payable,change-in-assets-liabilities,total-change-in-assets-liabilities,cash-flow-from-operating-activities,net-change-in-property-plant-equipment,net-change-in-intangible-assets,net-acquisitions-divestitures,net-change-in-short-term-investments,net-change-in-long-term-investments,net-change-in-investments-total,investing-activities-other,cash-flow-from-investing-activities,net-long-term-debt,net-current-debt,debt-issuance-retirement-net-total,net-common-equity-issued-repurchased,net-total-equity-issued-repurchased,total-common-preferred-stock-dividends-paid,financial-activities-other,cash-flow-from-financial-activities,net-cash-flow,stock-based-compensation,common-stock-dividends-paid
0,2018-09-30,5.1,$8.43,0.61,$46.55,0.11,$-3.58,0.0,$-0.54,0.0,$0.35B,$0.15B,2.36,$0.09B,$0.18B,0.49,$0.98B,$0.30B,30.82%,$0.98B,$-0.00B,-0.31%,$0.98B,$-0.00B,-0.31%,$0.98B,$0.02B,2.03%,$0.98B,$-0.01B,-0.51%,$0.98B,$-0.01B,-1.12%,$-0.01B,$0.18B,-6.02%,$-0.01B,$0.18B,-6.02%,$-0.01B,$0.44B,-2.44%,$-0.00B,$0.27B,-1.16%,$266,$184,$82,$0,$78,$262,$5,$-1,$4,$1,$3,$3,$3,$10,$5,$21,21,$0.15,$0.15,$5,$315,$0,$348,$76,$0,$0,$4,$93,$441,$147,$88,$10,$113,$261,$0,$105,$0,$181,$441,$2,$15,$2,$17,$1,$-1,$-18,$0,$-26,$-8,$-8,$0,$0,$0,$0,$0,$0,$-8,$37,$-12,$25,$-0,$-0,$-10,$-0,$14,$-2,$2,$-10
1,2018-06-30,7.6,$8.40,0.9,$46.53,0.16,$-3.59,0.0,$-0.41,0.0,$0.38B,$0.17B,2.2,$0.09B,$0.18B,0.52,$0.99B,$0.31B,31.31%,$0.99B,$0.00B,0.20%,$0.99B,$0.00B,0.20%,$0.99B,$0.03B,2.53%,$0.99B,$0.00B,0.10%,$0.99B,$-0.01B,-0.81%,$-0.01B,$0.18B,-4.25%,$-0.01B,$0.18B,-4.27%,$-0.01B,$0.47B,-1.78%,$0.00B,$0.27B,0.79%,$240,$165,$75,$0,$75,$239,$1,$-1,$-0,$0,$-0,$-0,$-0,$5,$1,$21,21,$-0.01,$-0.01,$6,$346,$0,$383,$73,$0,$0,$4,$90,$473,$174,$93,$10,$119,$293,$0,$105,$0,$180,$473,$-2,$10,$2,$11,$-1,$-32,$11,$0,$-32,$-22,$-5,$0,$0,$0,$0,$0,$0,$-5,$45,$-12,$33,$-0,$-0,$-6,$-0,$26,$-1,$1,$-6
2,2018-03-31,7.12,$8.54,0.83,$46.24,0.15,$-3.51,0.0,$-0.27,0.0,$0.35B,$0.16B,2.17,$0.07B,$0.18B,0.39,$0.99B,$0.31B,31.58%,$0.99B,$0.01B,0.61%,$0.99B,$0.01B,0.61%,$0.99B,$0.03B,3.03%,$0.99B,$0.01B,0.61%,$0.99B,$-0.00B,-0.50%,$-0.00B,$0.18B,-2.56%,$-0.00B,$0.18B,-2.59%,$-0.00B,$0.44B,-1.11%,$0.01B,$0.25B,2.40%,$234,$161,$73,$0,$73,$235,$-1,$-1,$-1,$-0,$-1,$-1,$-1,$4,$-1,$21,21,$-0.06,$-0.06,$5,$321,$0,$352,$74,$0,$0,$3,$91,$443,$163,$71,$10,$97,$260,$0,$109,$0,$183,$443,$-1,$5,$1,$6,$2,$-6,$-2,$2,$-14,$-9,$-2,$0,$0,$0,$0,$0,$0,$-2,$23,$-10,$13,$-0,$-0,$-3,$-0,$9,$-2,$1,$-3
3,2017-12-31,7.28,$8.76,0.83,$46.59,0.16,$-3.22,0.0,$0.03,242.76,$0.35B,$0.18B,1.91,$0.05B,$0.19B,0.26,$1.01B,$0.32B,32.08%,$1.01B,$0.02B,1.58%,$1.01B,$0.02B,1.58%,$1.01B,$0.04B,3.96%,$1.01B,$0.02B,1.58%,$1.01B,$0.00B,0.10%,$0.00B,$0.19B,0.50%,$0.00B,$0.19B,0.51%,$0.00B,$0.45B,0.22%,$0.02B,$0.24B,6.55%,$243,$170,$73,$0,$81,$251,$-8,$-1,$-8,$4,$-13,$-13,$-13,$1,$-8,$21,22,$-0.61,$-0.60,$7,$314,$0,$351,$77,$0,$0,$3,$94,$445,$184,$48,$11,$74,$258,$0,$112,$0,$187,$445,$1,$24,$12,$36,$1,$-20,$-4,$-9,$-42,$-4,$-16,$0,$0,$0,$0,$0,$0,$-16,$33,$8,$42,$-8,$-8,$-13,$-1,$20,$-1,$2,$-13
4,2017-09-30,7.19,$9.48,0.76,$47.54,0.15,$0.47,15.14,$1.00,7.19,$0.34B,$0.16B,2.07,$0.05B,$0.20B,0.24,$1.03B,$0.34B,32.72%,$1.03B,$0.04B,3.48%,$1.03B,$0.04B,3.48%,$1.03B,$0.06B,5.42%,$1.03B,$0.04B,3.48%,$1.03B,$0.02B,2.13%,$0.02B,$0.20B,10.71%,$0.02B,$0.20B,10.95%,$0.02B,$0.44B,4.97%,$0.04B,$0.25B,15.02%,$270,$183,$88,$0,$77,$260,$10,$-0,$10,$4,$6,$6,$6,$15,$10,$21,21,$0.28,$0.28,$5,$309,$0,$335,$78,$0,$4,$3,$107,$441,$161,$49,$11,$77,$238,$0,$129,$0,$203,$441,$14,$14,$4,$18,$4,$-15,$-12,$-2,$-38,$-6,$-11,$0,$0,$0,$0,$0,$0,$-11,$35,$-4,$32,$-7,$-7,$-10,$-1,$14,$-3,$2,$-10
5,2017-06-30,12.02,$9.34,1.29,$47.71,0.25,$3.33,3.61,$1.10,10.93,$0.36B,$0.18B,2.0,$0.05B,$0.21B,0.25,$1.04B,$0.34B,32.63%,$1.04B,$0.04B,3.84%,$1.04B,$0.04B,3.84%,$1.04B,$0.06B,5.76%,$1.04B,$0.04B,3.74%,$1.04B,$0.02B,2.30%,$0.02B,$0.21B,11.74%,$0.02B,$0.20B,12.00%,$0.02B,$0.47B,5.49%,$0.04B,$0.26B,17.20%,$244,$164,$79,$0,$74,$239,$5,$-0,$5,$2,$3,$3,$3,$10,$5,$22,22,$0.13,$0.13,$7,$329,$0,$359,$77,$0,$4,$3,$106,$465,$180,$51,$12,$78,$258,$0,$126,$0,$207,$465,$8,$10,$3,$13,$0,$-34,$11,$-2,$-40,$-19,$-7,$0,$0,$0,$0,$0,$0,$-7,$37,$-4,$33,$-0,$-0,$-7,$-1,$25,$-1,$1,$-7
6,2017-03-31,13.76,$9.33,1.47,$47.68,0.29,$4.99,2.76,$1.07,12.86,$0.32B,$0.17B,1.9,$0.02B,$0.21B,0.12,$1.04B,$0.34B,32.44%,$1.04B,$0.04B,3.75%,$1.04B,$0.04B,3.75%,$1.04B,$0.06B,5.68%,$1.04B,$0.04B,3.66%,$1.04B,$0.02B,2.21%,$0.02B,$0.21B,11.41%,$0.02B,$0.20B,11.68%,$0.02B,$0.43B,5.31%,$0.04B,$0.23B,16.85%,$253,$169,$84,$0,$75,$244,$9,$-0,$9,$3,$5,$5,$5,$14,$9,$22,22,$0.25,$0.24,$6,$297,$0,$323,$77,$0,$4,$3,$106,$429,$170,$24,$12,$52,$222,$0,$126,$0,$207,$429,$5,$5,$2,$7,$2,$-2,$-4,$0,$-14,$-1,$-4,$0,$0,$0,$0,$0,$0,$-4,$11,$-4,$8,$-0,$-0,$-3,$-1,$3,$-2,$1,$-3
7,2016-12-31,15.66,$9.31,1.68,$47.02,0.33,$5.53,2.83,$0.78,20.08,$0.32B,$0.19B,1.73,$0.01B,$0.21B,0.06,$1.02B,$0.32B,31.73%,$1.02B,$0.03B,2.94%,$1.02B,$0.03B,2.94%,$1.02B,$0.05B,4.80%,$1.02B,$0.03B,2.74%,$1.02B,$0.02B,1.67%,$0.02B,$0.21B,8.56%,$0.02B,$0.20B,8.76%,$0.02B,$0.43B,3.93%,$0.03B,$0.22B,12.66%,$266,$179,$87,$0,$75,$254,$12,$-0,$12,$4,$8,$8,$8,$17,$12,$22,22,$0.35,$0.34,$8,$294,$0,$324,$78,$0,$4,$3,$109,$434,$188,$12,$12,$41,$229,$0,$124,$0,$205,$434,$17,$19,$2,$21,$2,$5,$19,$2,$36,$74,$-14,$0,$0,$0,$0,$0,$0,$-14,$-46,$-0,$-46,$-1,$-1,$-11,$-0,$-59,$1,$2,$-11
8,2016-09-30,12.2,$9.10,1.34,$47.35,0.26,$3.49,3.49,$0.63,19.36,$0.31B,$0.17B,1.85,$0.03B,$0.20B,0.13,$1.03B,$0.32B,31.36%,$1.03B,$0.03B,2.43%,$1.03B,$0.03B,2.43%,$1.03B,$0.05B,4.37%,$1.03B,$0.02B,2.23%,$1.03B,$0.01B,1.26%,$0.01B,$0.20B,6.60%,$0.01B,$0.20B,6.76%,$0.01B,$0.42B,2.99%,$0.03B,$0.22B,10.13%,$279,$189,$90,$0,$76,$265,$14,$-0,$13,$5,$8,$8,$8,$19,$14,$22,22,$0.38,$0.38,$5,$290,$0,$314,$79,$0,$4,$2,$108,$422,$170,$25,$10,$53,$223,$0,$120,$0,$199,$422,$9,$14,$3,$18,$5,$10,$18,$2,$28,$55,$-10,$0,$0,$0,$0,$0,$0,$-10,$-33,$-3,$-36,$-2,$-2,$-8,$-1,$-46,$-2,$2,$-8
9,2016-06-30,8.22,$8.84,0.93,$46.88,0.18,$1.76,4.66,$0.53,15.51,$0.34B,$0.17B,2.05,$0.06B,$0.20B,0.3,$1.02B,$0.32B,31.15%,$1.02B,$0.02B,2.06%,$1.02B,$0.02B,2.06%,$1.02B,$0.04B,4.11%,$1.02B,$0.02B,1.96%,$1.02B,$0.01B,1.08%,$0.01B,$0.20B,5.60%,$0.01B,$0.19B,5.74%,$0.01B,$0.45B,2.48%,$0.02B,$0.25B,8.17%,$241,$165,$76,$0,$72,$237,$4,$-0,$4,$1,$2,$2,$2,$9,$4,$22,22,$0.10,$0.10,$8,$305,$0,$340,$79,$0,$4,$2,$107,$447,$166,$59,$9,$87,$253,$0,$115,$0,$195,$447,$1,$9,$3,$12,$1,$-5,$19,$-2,$3,$16,$-7,$0,$0,$0,$0,$0,$0,$-7,$2,$-4,$-2,$-0,$-0,$-6,$-1,$-9,$1,$1,$-6
10,2016-03-31,9.71,$8.84,1.1,$46.72,0.21,$1.13,8.63,$0.55,17.66,$0.32B,$0.15B,2.19,$0.06B,$0.20B,0.3,$1.02B,$0.32B,31.27%,$1.02B,$0.02B,2.16%,$1.02B,$0.02B,2.16%,$1.02B,$0.04B,4.22%,$1.02B,$0.02B,1.96%,$1.02B,$0.01B,1.18%,$0.01B,$0.20B,6.11%,$0.01B,$0.19B,6.26%,$0.01B,$0.43B,2.67%,$0.02B,$0.25B,8.45%,$235,$164,$71,$0,$71,$235,$-0,$-0,$-1,$0,$-1,$-1,$-1,$4,$-0,$22,22,$-0.05,$-0.05,$6,$286,$0,$318,$81,$0,$4,$2,$108,$426,$145,$59,$9,$86,$232,$0,$115,$0,$195,$426,$-1,$5,$3,$8,$2,$13,$0,$-1,$3,$10,$-3,$0,$0,$0,$0,$0,$0,$-3,$1,$-5,$-4,$-0,$-0,$-3,$-1,$-7,$-1,$1,$-3
11,2015-12-31,8.65,$9.07,0.95,$46.92,0.18,$1.39,6.2,$0.71,12.18,$0.33B,$0.16B,2.07,$0.06B,$0.20B,0.29,$1.03B,$0.33B,31.58%,$1.03B,$0.03B,2.53%,$1.03B,$0.03B,2.53%,$1.03B,$0.05B,4.76%,$1.03B,$0.03B,2.43%,$1.03B,$0.02B,1.46%,$0.02B,$0.20B,7.64%,$0.02B,$0.19B,7.82%,$0.02B,$0.45B,3.31%,$0.03B,$0.26B,10.00%,$275,$189,$86,$0,$78,$268,$7,$-1,$7,$3,$4,$4,$4,$13,$7,$22,22,$0.19,$0.19,$7,$299,$0,$333,$82,$0,$4,$2,$112,$445,$161,$57,$9,$85,$246,$0,$119,$0,$199,$445,$15,$22,$3,$24,$2,$11,$-7,$-3,$0,$40,$-25,$0,$0,$0,$0,$0,$0,$-25,$-13,$7,$-6,$-4,$-4,$-9,$-1,$-19,$-4,$2,$-9
12,2015-09-30,8.89,$8.95,0.99,$45.69,0.19,$0.98,9.11,$0.64,13.89,$0.35B,$0.16B,2.18,$0.07B,$0.20B,0.34,$1.00B,$0.32B,31.67%,$1.00B,$0.02B,2.39%,$1.00B,$0.02B,2.39%,$1.00B,$0.05B,4.58%,$1.00B,$0.02B,2.19%,$1.00B,$0.01B,1.39%,$0.01B,$0.20B,7.17%,$0.01B,$0.19B,7.33%,$0.01B,$0.45B,3.07%,$0.02B,$0.27B,9.18%,$270,$185,$85,$0,$75,$260,$10,$-0,$10,$4,$6,$6,$6,$16,$10,$22,22,$0.28,$0.28,$6,$318,$0,$350,$83,$0,$4,$2,$104,$454,$160,$68,$8,$96,$257,$0,$117,$0,$197,$454,$11,$16,$-1,$16,$7,$-8,$2,$3,$-1,$25,$-18,$0,$0,$0,$0,$0,$0,$-18,$-2,$-0,$-3,$-3,$-3,$-7,$-1,$-13,$-6,$2,$-7
13,2015-06-30,12.06,$8.78,1.37,$45.36,0.27,$1.11,10.86,$0.70,17.23,$0.37B,$0.18B,2.1,$0.07B,$0.20B,0.38,$1.00B,$0.32B,31.93%,$1.00B,$0.03B,2.60%,$1.00B,$0.03B,2.60%,$1.00B,$0.05B,4.80%,$1.00B,$0.02B,2.40%,$1.00B,$0.02B,1.50%,$0.02B,$0.20B,7.71%,$0.02B,$0.19B,7.88%,$0.02B,$0.47B,3.32%,$0.03B,$0.27B,10.08%,$240,$163,$77,$0,$73,$236,$5,$-0,$4,$2,$3,$3,$3,$10,$5,$22,22,$0.12,$0.12,$7,$337,$0,$371,$82,$0,$4,$2,$103,$474,$177,$73,$9,$103,$279,$0,$113,$0,$195,$474,$5,$11,$0,$11,$4,$-26,$23,$3,$-8,$9,$-13,$0,$0,$0,$0,$0,$0,$-13,$3,$2,$6,$-1,$-1,$-4,$-1,$-0,$-5,$1,$-4
14,2015-03-31,11.19,$8.74,1.28,$44.86,0.25,$0.81,13.8,$0.69,16.22,$0.34B,$0.16B,2.14,$0.06B,$0.19B,0.29,$0.99B,$0.32B,32.12%,$0.99B,$0.03B,2.53%,$0.99B,$0.03B,2.53%,$0.99B,$0.05B,4.85%,$0.99B,$0.02B,2.42%,$0.99B,$0.02B,1.52%,$0.02B,$0.19B,7.76%,$0.02B,$0.19B,7.94%,$0.02B,$0.44B,3.35%,$0.03B,$0.25B,9.78%,$244,$167,$77,$0,$72,$239,$4,$-0,$4,$2,$2,$2,$2,$10,$4,$22,22,$0.11,$0.11,$6,$305,$0,$341,$78,$0,$4,$2,$98,$439,$160,$56,$8,$85,$245,$0,$113,$0,$194,$439,$2,$5,$1,$6,$5,$5,$8,$1,$11,$20,$-7,$0,$0,$0,$0,$0,$0,$-7,$-11,$-3,$-14,$-1,$-1,$-2,$-1,$-18,$-5,$1,$-2
15,2014-12-31,12.24,$8.79,1.39,$44.20,0.28,$0.22,54.58,$0.68,18.0,$0.36B,$0.16B,2.18,$0.07B,$0.20B,0.35,$0.98B,$0.31B,32.14%,$0.98B,$0.03B,2.56%,$0.98B,$0.03B,2.56%,$0.98B,$0.05B,4.81%,$0.98B,$0.02B,2.35%,$0.98B,$0.02B,1.54%,$0.02B,$0.20B,7.80%,$0.02B,$0.19B,7.99%,$0.02B,$0.46B,3.37%,$0.03B,$0.26B,9.83%,$250,$171,$79,$0,$74,$246,$5,$-0,$4,$1,$3,$3,$3,$10,$5,$22,22,$0.13,$0.13,$12,$310,$0,$358,$78,$0,$4,$2,$98,$456,$164,$67,$8,$97,$261,$0,$113,$0,$195,$456,$15,$22,$5,$26,$1,$-9,$-0,$-3,$-13,$29,$-23,$0,$0,$0,$0,$0,$0,$-22,$22,$-14,$8,$-2,$-2,$-9,$-1,$-4,$2,$2,$-9
16,2014-09-30,7.78,$8.74,0.89,$44.12,0.18,$0.15,52.9,$0.78,9.98,$0.34B,$0.16B,2.16,$0.06B,$0.19B,0.29,$0.98B,$0.32B,32.41%,$0.98B,$0.03B,2.97%,$0.98B,$0.03B,2.97%,$0.98B,$0.05B,5.23%,$0.98B,$0.03B,2.87%,$0.98B,$0.02B,1.74%,$0.02B,$0.19B,8.89%,$0.02B,$0.19B,9.12%,$0.02B,$0.44B,3.84%,$0.03B,$0.25B,11.72%,$265,$179,$86,$0,$74,$253,$12,$-0,$12,$4,$7,$7,$7,$18,$12,$22,22,$0.34,$0.34,$6,$308,$0,$339,$76,$0,$4,$3,$99,$437,$157,$57,$9,$87,$243,$0,$112,$0,$194,$437,$12,$16,$2,$18,$7,$-7,$5,$0,$-5,$25,$-15,$0,$0,$0,$0,$0,$0,$-15,$11,$-16,$-5,$-2,$-2,$-7,$-1,$-14,$-4,$1,$-7
17,2014-06-30,10.09,$8.50,1.19,$43.74,0.23,$0.24,41.5,$0.85,11.87,$0.37B,$0.17B,2.13,$0.07B,$0.19B,0.37,$0.97B,$0.32B,32.82%,$0.97B,$0.03B,3.30%,$0.97B,$0.03B,3.30%,$0.97B,$0.05B,5.57%,$0.97B,$0.03B,3.20%,$0.97B,$0.02B,1.96%,$0.02B,$0.19B,10.03%,$0.02B,$0.19B,10.28%,$0.02B,$0.46B,4.34%,$0.03B,$0.26B,13.25%,$231,$156,$76,$0,$71,$227,$4,$-0,$4,$2,$3,$3,$3,$10,$4,$22,22,$0.12,$0.11,$6,$325,$0,$365,$72,$0,$4,$4,$95,$461,$171,$70,$10,$99,$271,$0,$107,$0,$190,$461,$5,$11,$3,$13,$5,$-24,$20,$-8,$-20,$-2,$-9,$0,$0,$0,$0,$0,$0,$-9,$24,$-10,$14,$-1,$-1,$-5,$-1,$8,$-3,$1,$-5
18,2014-03-31,13.08,$8.47,1.54,$44.19,0.3,$0.91,14.43,$1.02,12.83,$0.34B,$0.15B,2.17,$0.06B,$0.19B,0.29,$0.98B,$0.32B,32.92%,$0.98B,$0.04B,3.89%,$0.98B,$0.04B,3.89%,$0.98B,$0.06B,6.03%,$0.98B,$0.04B,3.78%,$0.98B,$0.02B,2.25%,$0.02B,$0.19B,11.78%,$0.02B,$0.19B,12.09%,$0.02B,$0.43B,5.13%,$0.04B,$0.25B,16.29%,$231,$159,$73,$0,$69,$227,$4,$-0,$3,$1,$2,$2,$2,$9,$4,$22,22,$0.09,$0.09,$6,$294,$0,$335,$74,$0,$4,$3,$95,$429,$154,$56,$9,$85,$240,$0,$106,$0,$190,$429,$2,$5,$2,$8,$7,$7,$1,$-9,$-6,$3,$-4,$0,$0,$0,$0,$0,$0,$-4,$11,$-11,$0,$-0,$-0,$-2,$-1,$-3,$-3,$1,$-2
19,2013-12-31,16.05,$8.56,1.88,$45.08,0.36,$1.87,8.6,$1.26,12.74,$0.35B,$0.18B,1.96,$0.05B,$0.19B,0.23,$0.99B,$0.33B,33.13%,$0.99B,$0.05B,4.73%,$0.99B,$0.05B,4.73%,$0.99B,$0.07B,6.75%,$0.99B,$0.05B,4.63%,$0.99B,$0.03B,2.82%,$0.03B,$0.19B,15.41%,$0.03B,$0.19B,15.80%,$0.03B,$0.44B,6.65%,$0.05B,$0.24B,21.05%,$248,$167,$81,$0,$72,$239,$9,$-0,$9,$3,$5,$5,$5,$14,$9,$22,22,$0.23,$0.24,$9,$301,$0,$345,$76,$0,$4,$3,$97,$442,$176,$45,$9,$75,$251,$0,$107,$0,$191,$442,$28,$20,$-1,$20,$-1,$-31,$4,$4,$-21,$26,$-22,$0,$0,$0,$0,$0,$0,$-22,$-6,$7,$1,$5,$5,$-9,$1,$-2,$2,$2,$-9
20,2013-09-30,12.97,$8.40,1.54,$45.11,0.29,$2.91,4.46,$1.22,10.63,$0.32B,$0.16B,2.0,$0.04B,$0.19B,0.21,$0.99B,$0.33B,32.96%,$0.99B,$0.05B,4.55%,$0.99B,$0.05B,4.55%,$0.99B,$0.07B,6.57%,$0.99B,$0.04B,4.45%,$0.99B,$0.03B,2.73%,$0.03B,$0.19B,15.43%,$0.03B,$0.18B,15.81%,$0.03B,$0.42B,6.55%,$0.05B,$0.23B,20.62%,$259,$171,$88,$0,$72,$244,$15,$-0,$15,$6,$9,$9,$9,$21,$15,$22,22,$0.42,$0.41,$5,$288,$0,$324,$73,$0,$4,$3,$95,$419,$162,$40,$9,$69,$232,$0,$104,$0,$187,$419,$23,$15,$-0,$15,$4,$-18,$7,$-0,$-12,$25,$-13,$0,$0,$0,$0,$0,$0,$-13,$-11,$-3,$-14,$4,$4,$-7,$1,$-15,$-3,$1,$-7
21,2013-06-30,17.58,$8.04,2.19,$45.18,0.39,$3.33,5.27,$1.19,14.77,$0.34B,$0.17B,1.96,$0.05B,$0.18B,0.26,$0.98B,$0.32B,32.79%,$0.98B,$0.04B,4.38%,$0.98B,$0.04B,4.38%,$0.98B,$0.06B,6.31%,$0.98B,$0.04B,4.28%,$0.98B,$0.03B,2.65%,$0.03B,$0.18B,15.45%,$0.03B,$0.17B,15.85%,$0.03B,$0.43B,6.38%,$0.04B,$0.23B,19.95%,$240,$160,$80,$0,$69,$229,$10,$-0,$10,$4,$6,$6,$6,$15,$10,$22,22,$0.28,$0.28,$6,$294,$0,$335,$70,$0,$4,$3,$92,$426,$171,$47,$9,$77,$248,$0,$97,$0,$179,$426,$14,$10,$-0,$9,$1,$-23,$22,$-2,$-13,$10,$-7,$0,$0,$0,$0,$0,$0,$-7,$-3,$-2,$-5,$3,$3,$-4,$1,$-5,$-2,$1,$-4
22,2013-03-31,12.44,$7.78,1.6,$44.80,0.28,$3.27,3.81,$1.03,12.08,$0.31B,$0.16B,1.87,$0.04B,$0.17B,0.2,$0.97B,$0.32B,32.51%,$0.97B,$0.04B,3.82%,$0.97B,$0.04B,3.82%,$0.97B,$0.06B,5.78%,$0.97B,$0.04B,3.72%,$0.97B,$0.02B,2.37%,$0.02B,$0.17B,14.20%,$0.02B,$0.17B,14.56%,$0.02B,$0.40B,5.67%,$0.04B,$0.21B,17.11%,$246,$166,$80,$0,$68,$234,$13,$-0,$12,$5,$8,$8,$8,$17,$13,$21,22,$0.35,$0.34,$5,$272,$0,$307,$70,$0,$4,$3,$92,$398,$164,$35,$9,$64,$228,$0,$93,$0,$170,$398,$8,$5,$1,$6,$5,$-2,$16,$0,$11,$24,$-3,$0,$0,$0,$0,$0,$0,$-3,$-16,$-5,$-21,$0,$0,$-2,$-0,$-23,$-2,$0,$-2
23,2012-12-31,10.37,$7.56,1.37,$43.60,0.24,$2.77,3.74,$0.70,14.82,$0.31B,$0.16B,1.93,$0.05B,$0.16B,0.31,$0.94B,$0.30B,32.09%,$0.94B,$0.03B,2.66%,$0.94B,$0.03B,2.66%,$0.94B,$0.05B,4.78%,$0.94B,$0.02B,2.55%,$0.94B,$0.02B,1.59%,$0.02B,$0.16B,9.49%,$0.02B,$0.16B,9.76%,$0.02B,$0.41B,3.71%,$0.03B,$0.22B,11.40%,$244,$165,$78,$0,$71,$236,$7,$-1,$7,$3,$4,$4,$4,$12,$7,$21,22,$0.19,$0.18,$8,$270,$0,$312,$72,$0,$4,$3,$95,$407,$162,$50,$9,$80,$242,$0,$87,$0,$164,$407,$15,$19,$-1,$18,$-2,$-6,$13,$-2,$7,$40,$-13,$0,$0,$0,$0,$0,$0,$-13,$-18,$2,$-16,$-2,$-2,$-6,$-0,$-24,$3,$2,$-6
24,2012-09-30,7.88,$7.42,1.06,$42.70,0.18,$1.07,7.36,$0.51,15.44,$0.31B,$0.16B,1.99,$0.06B,$0.16B,0.35,$0.92B,$0.30B,31.93%,$0.92B,$0.02B,1.95%,$0.92B,$0.02B,1.95%,$0.92B,$0.04B,4.11%,$0.92B,$0.02B,1.73%,$0.92B,$0.01B,1.19%,$0.01B,$0.16B,7.04%,$0.01B,$0.16B,7.25%,$0.01B,$0.40B,2.74%,$0.02B,$0.22B,8.14%,$252,$168,$84,$0,$70,$238,$13,$-0,$13,$5,$8,$8,$8,$18,$13,$21,21,$0.38,$0.38,$5,$276,$0,$308,$71,$0,$4,$2,$92,$399,$155,$56,$7,$84,$239,$0,$85,$0,$160,$399,$11,$14,$-0,$14,$3,$-12,$15,$-0,$4,$29,$-7,$0,$0,$0,$0,$0,$0,$-7,$-12,$-1,$-13,$-3,$-3,$-5,$-0,$-21,$0,$1,$-5
25,2012-06-30,5.9,$7.11,0.83,$41.75,0.14,$-0.79,0.0,$0.40,14.76,$0.33B,$0.16B,2.03,$0.08B,$0.15B,0.48,$0.91B,$0.29B,31.75%,$0.91B,$0.02B,1.65%,$0.91B,$0.02B,1.65%,$0.91B,$0.03B,3.75%,$0.91B,$0.01B,1.32%,$0.91B,$0.01B,0.99%,$0.01B,$0.15B,5.77%,$0.01B,$0.15B,5.95%,$0.01B,$0.42B,2.23%,$0.02B,$0.23B,6.67%,$227,$154,$73,$0,$69,$222,$4,$-1,$4,$1,$3,$3,$3,$9,$4,$21,22,$0.12,$0.12,$6,$290,$0,$325,$71,$0,$4,$2,$93,$418,$160,$75,$7,$103,$264,$0,$79,$0,$154,$418,$3,$10,$-0,$9,$1,$-25,$30,$-1,$-5,$6,$-4,$0,$0,$0,$0,$0,$0,$-4,$7,$-2,$5,$-2,$-2,$-3,$-0,$-1,$1,$1,$-3
26,2012-03-31,6.05,$7.04,0.86,$41.28,0.15,$-1.52,0.0,$0.42,14.4,$0.30B,$0.15B,2.02,$0.06B,$0.15B,0.41,$0.90B,$0.29B,31.89%,$0.90B,$0.02B,1.78%,$0.90B,$0.02B,1.78%,$0.90B,$0.04B,3.89%,$0.90B,$0.01B,1.33%,$0.90B,$0.01B,1.00%,$0.01B,$0.15B,5.77%,$0.01B,$0.15B,5.95%,$0.01B,$0.40B,2.24%,$0.02B,$0.22B,7.20%,$218,$151,$67,$0,$67,$218,$1,$-1,$0,$0,$0,$0,$0,$6,$1,$21,22,$0.01,$0.01,$6,$268,$0,$301,$73,$0,$4,$2,$93,$395,$149,$63,$7,$92,$241,$0,$78,$0,$154,$395,$0,$5,$0,$5,$1,$-3,$18,$-0,$6,$11,$-2,$0,$0,$0,$0,$0,$0,$-2,$-4,$-2,$-6,$-1,$-1,$-2,$-0,$-9,$1,$0,$-2
27,2011-12-31,7.97,$7.15,1.11,$41.26,0.19,$-1.89,0.0,$0.54,14.77,$0.30B,$0.14B,2.11,$0.07B,$0.16B,0.43,$0.90B,$0.29B,32.34%,$0.90B,$0.02B,2.21%,$0.90B,$0.02B,2.21%,$0.90B,$0.04B,4.32%,$0.90B,$0.02B,1.77%,$0.90B,$0.01B,1.33%,$0.01B,$0.16B,7.72%,$0.01B,$0.15B,7.95%,$0.01B,$0.39B,3.00%,$0.02B,$0.22B,9.12%,$227,$156,$71,$0,$71,$227,$-0,$-1,$-1,$-1,$-0,$-0,$-0,$5,$-0,$22,22,$0.00,$-0.01,$5,$264,$0,$299,$75,$0,$4,$2,$95,$394,$142,$67,$7,$96,$237,$0,$79,$0,$157,$394,$12,$19,$4,$23,$2,$-10,$-20,$-0,$-32,$2,$-12,$0,$0,$0,$0,$0,$1,$-12,$13,$4,$17,$-1,$-1,$-7,$-0,$9,$-1,$2,$-7
28,2011-09-30,4.6,$7.22,0.64,$41.25,0.11,$-0.77,0.0,$0.72,6.39,$0.31B,$0.15B,2.11,$0.07B,$0.16B,0.45,$0.90B,$0.30B,32.89%,$0.90B,$0.03B,2.99%,$0.90B,$0.03B,2.99%,$0.90B,$0.05B,4.98%,$0.90B,$0.02B,2.55%,$0.90B,$0.02B,1.77%,$0.02B,$0.16B,10.39%,$0.02B,$0.15B,10.70%,$0.02B,$0.41B,4.01%,$0.03B,$0.23B,12.63%,$235,$158,$77,$0,$67,$225,$10,$-1,$9,$3,$6,$6,$6,$14,$10,$22,22,$0.27,$0.27,$5,$280,$0,$310,$77,$0,$4,$2,$97,$406,$147,$72,$6,$101,$248,$0,$81,$0,$159,$406,$12,$14,$2,$16,$6,$-26,$-6,$-0,$-39,$-12,$-7,$0,$0,$0,$0,$0,$1,$-7,$19,$3,$22,$0,$0,$-5,$-0,$17,$-1,$1,$-5
29,2011-06-30,5.89,$7.01,0.84,$41.09,0.14,$0.28,21.21,$0.76,7.75,$0.32B,$0.16B,1.95,$0.07B,$0.15B,0.42,$0.90B,$0.30B,33.00%,$0.90B,$0.03B,3.11%,$0.90B,$0.03B,3.11%,$0.90B,$0.05B,5.22%,$0.90B,$0.03B,2.78%,$0.90B,$0.02B,1.89%,$0.02B,$0.15B,11.26%,$0.02B,$0.15B,11.58%,$0.02B,$0.41B,4.32%,$0.03B,$0.22B,13.51%,$220,$148,$72,$0,$67,$215,$5,$-1,$4,$1,$3,$3,$3,$10,$5,$22,22,$0.14,$0.14,$5,$282,$0,$318,$74,$0,$4,$2,$94,$412,$163,$65,$7,$95,$258,$0,$77,$0,$154,$412,$6,$9,$0,$10,$1,$-27,$11,$-0,$-26,$-11,$-3,$0,$0,$0,$0,$0,$0,$-3,$15,$2,$17,$0,$0,$-3,$-0,$13,$-0,$1,$-3
30,2011-03-31,8.87,$6.92,1.28,$41.08,0.22,$0.71,12.57,$0.84,10.56,$0.29B,$0.15B,1.91,$0.05B,$0.15B,0.35,$0.90B,$0.30B,33.11%,$0.90B,$0.03B,3.44%,$0.90B,$0.03B,3.44%,$0.90B,$0.05B,5.56%,$0.90B,$0.03B,3.22%,$0.90B,$0.02B,2.11%,$0.02B,$0.15B,12.86%,$0.02B,$0.15B,13.24%,$0.02B,$0.39B,4.91%,$0.03B,$0.21B,16.47%,$221,$149,$72,$0,$67,$216,$5,$-1,$4,$2,$3,$3,$3,$10,$5,$22,22,$0.13,$0.13,$7,$256,$0,$290,$78,$0,$4,$2,$98,$388,$152,$53,$7,$84,$236,$0,$75,$0,$152,$388,$3,$5,$0,$5,$3,$-1,$3,$0,$-4,$4,$-2,$0,$0,$0,$0,$0,$0,$-2,$3,$-2,$1,$0,$0,$-2,$-0,$-1,$1,$0,$-2
31,2010-12-31,11.29,$6.90,1.64,$41.01,0.28,$1.28,8.79,$0.94,12.01,$0.29B,$0.16B,1.81,$0.05B,$0.15B,0.33,$0.90B,$0.30B,33.18%,$0.90B,$0.03B,3.79%,$0.90B,$0.03B,3.79%,$0.90B,$0.05B,5.90%,$0.90B,$0.03B,3.67%,$0.90B,$0.02B,2.34%,$0.02B,$0.15B,14.61%,$0.02B,$0.15B,15.05%,$0.02B,$0.39B,5.50%,$0.03B,$0.20B,19.83%,$227,$151,$76,$0,$69,$220,$7,$-1,$6,$2,$4,$4,$4,$11,$7,$22,22,$0.18,$0.18,$6,$254,$0,$292,$81,$0,$4,$2,$100,$392,$161,$50,$6,$80,$242,$0,$74,$0,$151,$392,$21,$19,$-1,$17,$-2,$-23,$10,$2,$-8,$30,$-16,$0,$0,$0,$0,$0,$0,$-16,$-9,$-1,$-10,$1,$1,$-4,$-1,$-14,$-0,$2,$-4
32,2010-09-30,9.89,$6.75,1.46,$41.63,0.24,$2.87,3.45,$1.05,9.42,$0.28B,$0.15B,1.92,$0.06B,$0.15B,0.39,$0.91B,$0.30B,33.33%,$0.91B,$0.04B,4.18%,$0.91B,$0.04B,4.18%,$0.91B,$0.06B,6.38%,$0.91B,$0.04B,4.07%,$0.91B,$0.02B,2.53%,$0.02B,$0.15B,16.55%,$0.02B,$0.14B,17.07%,$0.02B,$0.38B,6.13%,$0.04B,$0.20B,22.55%,$232,$154,$77,$0,$66,$221,$11,$-1,$11,$4,$7,$7,$7,$16,$11,$22,22,$0.32,$0.31,$4,$251,$0,$283,$80,$0,$4,$1,$100,$382,$147,$57,$7,$88,$235,$0,$71,$0,$147,$382,$17,$14,$-2,$12,$5,$-20,$7,$-1,$-16,$13,$-9,$0,$0,$0,$0,$0,$0,$-9,$-1,$-2,$-3,$1,$1,$-3,$0,$-6,$-2,$1,$-3
33,2010-06-30,9.64,$6.47,1.49,$41.67,0.23,$4.71,2.05,$1.11,8.68,$0.29B,$0.21B,1.36,$0.00B,$0.14B,0.01,$0.91B,$0.31B,33.55%,$0.91B,$0.04B,4.40%,$0.91B,$0.04B,4.40%,$0.91B,$0.06B,6.60%,$0.91B,$0.04B,4.29%,$0.91B,$0.02B,2.64%,$0.02B,$0.14B,17.94%,$0.02B,$0.14B,18.57%,$0.02B,$0.39B,6.46%,$0.04B,$0.14B,24.32%,$220,$147,$73,$0,$65,$212,$8,$-0,$8,$3,$5,$5,$5,$13,$8,$22,22,$0.22,$0.22,$6,$252,$0,$288,$78,$0,$4,$1,$97,$385,$212,$2,$7,$32,$244,$0,$65,$0,$141,$385,$10,$9,$-1,$8,$1,$-21,$13,$-1,$-18,$0,$-5,$0,$0,$0,$0,$0,$0,$-5,$8,$-2,$6,$1,$1,$-2,$0,$4,$-0,$1,$-2
34,2010-03-31,11.13,$6.27,1.77,$41.65,0.27,$6.14,1.81,$1.11,10.03,$0.27B,$0.20B,1.36,$0.00B,$0.14B,0.02,$0.91B,$0.30B,33.48%,$0.91B,$0.04B,4.42%,$0.91B,$0.04B,4.42%,$0.91B,$0.06B,6.63%,$0.91B,$0.04B,4.31%,$0.91B,$0.02B,2.65%,$0.02B,$0.14B,18.75%,$0.02B,$0.13B,19.43%,$0.02B,$0.37B,6.50%,$0.04B,$0.14B,22.60%,$219,$147,$72,$0,$63,$210,$8,$-0,$8,$3,$5,$5,$5,$13,$8,$21,22,$0.23,$0.23,$5,$240,$0,$270,$80,$0,$4,$1,$98,$368,$199,$2,$7,$33,$231,$0,$62,$0,$136,$368,$5,$5,$-0,$4,$6,$-9,$17,$1,$7,$16,$-2,$0,$0,$0,$0,$0,$0,$-2,$-10,$-4,$-14,$0,$0,$-1,$-0,$-15,$-0,$0,$-1
35,2009-12-31,12.52,$6.11,2.05,$41.46,0.3,$6.67,1.88,$1.01,12.4,$0.27B,$0.15B,1.82,$0.06B,$0.13B,0.43,$0.90B,$0.30B,33.26%,$0.90B,$0.04B,4.13%,$0.90B,$0.04B,4.13%,$0.90B,$0.06B,6.36%,$0.90B,$0.04B,4.02%,$0.90B,$0.02B,2.46%,$0.02B,$0.13B,17.96%,$0.02B,$0.13B,18.68%,$0.02B,$0.37B,5.99%,$0.04B,$0.19B,19.37%,$238,$157,$81,$0,$70,$227,$11,$-1,$10,$4,$6,$6,$6,$16,$11,$21,22,$0.30,$0.29,$6,$231,$0,$267,$82,$0,$4,$1,$99,$366,$147,$57,$6,$87,$234,$0,$58,$0,$132,$366,$22,$19,$5,$24,$3,$2,$2,$-1,$8,$54,$-6,$0,$0,$0,$0,$0,$0,$-6,$-44,$-4,$-48,$0,$0,$-4,$-0,$-52,$-3,$2,$-4
36,2009-09-30,10.97,$5.83,1.88,$40.65,0.27,$5.33,2.06,$0.89,12.33,$0.26B,$0.15B,1.75,$0.06B,$0.13B,0.5,$0.88B,$0.29B,32.80%,$0.88B,$0.03B,3.76%,$0.88B,$0.03B,3.76%,$0.88B,$0.05B,6.04%,$0.88B,$0.03B,3.64%,$0.88B,$0.02B,2.28%,$0.02B,$0.13B,17.02%,$0.02B,$0.12B,17.74%,$0.02B,$0.37B,5.36%,$0.03B,$0.19B,16.79%,$232,$153,$79,$0,$65,$218,$13,$-1,$13,$5,$8,$8,$8,$18,$13,$21,22,$0.37,$0.37,$4,$232,$0,$258,$85,$0,$4,$1,$107,$366,$148,$62,$6,$92,$240,$0,$52,$0,$126,$366,$15,$14,$-2,$13,$10,$1,$5,$1,$19,$47,$-3,$0,$0,$0,$0,$0,$0,$-3,$-46,$0,$-46,$0,$0,$-3,$-0,$-49,$-5,$2,$-3
37,2009-06-30,8.01,$5.48,1.46,$40.39,0.2,$4.00,2.0,$0.73,10.97,$0.27B,$0.15B,1.77,$0.08B,$0.12B,0.64,$0.87B,$0.28B,32.57%,$0.87B,$0.03B,3.22%,$0.87B,$0.03B,3.22%,$0.87B,$0.05B,5.52%,$0.87B,$0.03B,2.99%,$0.87B,$0.02B,1.84%,$0.02B,$0.12B,14.10%,$0.02B,$0.11B,14.71%,$0.02B,$0.38B,4.23%,$0.03B,$0.19B,13.83%,$216,$145,$71,$0,$63,$208,$8,$-1,$8,$3,$5,$5,$5,$13,$8,$21,22,$0.22,$0.22,$3,$241,$0,$272,$88,$0,$4,$1,$106,$378,$154,$75,$7,$106,$260,$0,$45,$0,$118,$378,$7,$10,$2,$11,$8,$-8,$20,$-2,$10,$29,$-2,$0,$0,$0,$0,$0,$0,$-2,$-30,$0,$-30,$0,$0,$-2,$-0,$-32,$-6,$1,$-2
38,2009-03-31,4.23,$5.29,0.8,$40.01,0.11,$3.34,1.27,$0.59,7.17,$0.25B,$0.14B,1.84,$0.08B,$0.11B,0.7,$0.86B,$0.28B,32.48%,$0.86B,$0.02B,2.78%,$0.86B,$0.02B,2.78%,$0.86B,$0.04B,5.10%,$0.86B,$0.02B,2.44%,$0.86B,$0.01B,1.51%,$0.01B,$0.11B,11.74%,$0.01B,$0.11B,12.26%,$0.01B,$0.36B,3.40%,$0.02B,$0.19B,11.57%,$210,$143,$67,$0,$62,$205,$5,$-1,$5,$2,$3,$3,$3,$10,$5,$21,21,$0.13,$0.13,$5,$222,$0,$251,$91,$0,$4,$1,$110,$360,$136,$80,$6,$111,$247,$0,$42,$0,$114,$360,$3,$5,$1,$6,$8,$11,$6,$1,$18,$27,$-1,$0,$0,$0,$0,$0,$0,$-1,$-29,$0,$-29,$0,$0,$-1,$-0,$-30,$-4,$0,$-1
39,2008-12-31,3.72,$5.19,0.72,$39.90,0.09,$2.85,1.31,$0.65,5.72,$0.28B,$0.15B,1.89,$0.10B,$0.11B,0.89,$0.87B,$0.29B,32.95%,$0.87B,$0.03B,3.12%,$0.87B,$0.03B,3.12%,$0.87B,$0.05B,5.43%,$0.87B,$0.02B,2.66%,$0.87B,$0.01B,1.62%,$0.01B,$0.11B,12.79%,$0.01B,$0.11B,13.33%,$0.01B,$0.39B,3.63%,$0.03B,$0.21B,12.80%,$220,$148,$71,$0,$64,$213,$7,$-1,$6,$2,$4,$4,$4,$12,$7,$22,22,$0.16,$0.16,$9,$233,$0,$275,$94,$0,$4,$1,$113,$388,$146,$99,$6,$131,$277,$0,$40,$0,$112,$388,$14,$19,$1,$20,$-2,$20,$-7,$-1,$5,$40,$-20,$0,$0,$0,$0,$0,$0,$-20,$-7,$0,$-7,$-5,$-5,$-8,$0,$-20,$-1,$2,$-8
40,2008-09-30,7.18,$5.10,1.41,$40.03,0.18,$2.14,3.36,$0.76,9.45,$0.27B,$0.14B,1.9,$0.10B,$0.11B,0.93,$0.88B,$0.29B,33.41%,$0.88B,$0.03B,3.65%,$0.88B,$0.03B,3.65%,$0.88B,$0.05B,5.93%,$0.88B,$0.03B,3.08%,$0.88B,$0.02B,1.82%,$0.02B,$0.11B,14.71%,$0.02B,$0.11B,15.31%,$0.02B,$0.39B,4.11%,$0.03B,$0.21B,15.09%,$223,$149,$74,$0,$66,$215,$8,$-1,$7,$3,$4,$4,$4,$13,$8,$21,21,$0.21,$0.21,$3,$248,$0,$273,$94,$0,$4,$1,$114,$387,$144,$102,$7,$134,$277,$0,$39,$0,$110,$387,$10,$14,$-0,$14,$7,$5,$6,$0,$5,$29,$-14,$0,$0,$0,$0,$0,$0,$-14,$-11,$0,$-11,$-5,$-5,$-6,$0,$-22,$-7,$1,$-6
41,2008-06-30,5.21,$4.97,1.05,$39.92,0.13,$1.54,3.39,$0.92,5.67,$0.28B,$0.15B,1.88,$0.11B,$0.11B,0.98,$0.89B,$0.30B,33.67%,$0.89B,$0.04B,4.41%,$0.89B,$0.04B,4.41%,$0.89B,$0.06B,6.67%,$0.89B,$0.03B,3.84%,$0.89B,$0.02B,2.26%,$0.02B,$0.11B,18.56%,$0.02B,$0.10B,19.28%,$0.02B,$0.39B,5.11%,$0.04B,$0.21B,18.57%,$209,$141,$68,$0,$64,$205,$4,$-1,$3,$1,$2,$2,$2,$9,$4,$22,22,$0.08,$0.08,$6,$251,$0,$282,$91,$0,$4,$1,$112,$393,$150,$105,$8,$136,$286,$0,$36,$0,$107,$393,$6,$10,$-1,$9,$6,$1,$14,$-1,$6,$21,$-9,$0,$0,$0,$0,$0,$0,$-9,$-8,$0,$-8,$-4,$-4,$-4,$0,$-16,$-4,$1,$-4
42,2008-03-31,5.98,$4.99,1.2,$39.82,0.15,$0.92,6.46,$1.10,5.43,$0.27B,$0.14B,1.87,$0.10B,$0.11B,0.91,$0.89B,$0.31B,34.12%,$0.89B,$0.05B,5.15%,$0.89B,$0.05B,5.15%,$0.89B,$0.07B,7.27%,$0.89B,$0.04B,4.59%,$0.89B,$0.02B,2.68%,$0.02B,$0.11B,22.07%,$0.02B,$0.11B,22.91%,$0.02B,$0.38B,6.12%,$0.05B,$0.21B,22.17%,$213,$141,$72,$0,$63,$205,$8,$-2,$7,$3,$4,$4,$4,$13,$8,$22,22,$0.19,$0.19,$8,$233,$0,$268,$91,$0,$4,$1,$108,$375,$143,$99,$3,$123,$266,$0,$36,$0,$109,$375,$4,$5,$1,$6,$4,$19,$-2,$0,$10,$20,$-5,$0,$0,$0,$0,$0,$0,$-5,$-13,$0,$-13,$-3,$-3,$-2,$0,$-17,$-2,$0,$-2
43,2007-12-31,9.76,$4.96,1.97,$39.63,0.25,$0.86,11.28,$1.24,7.87,$0.29B,$0.16B,1.84,$0.11B,$0.11B,0.97,$0.90B,$0.31B,34.41%,$0.90B,$0.05B,5.79%,$0.90B,$0.05B,5.79%,$0.90B,$0.07B,7.80%,$0.90B,$0.05B,5.23%,$0.90B,$0.03B,3.12%,$0.03B,$0.11B,25.87%,$0.03B,$0.11B,26.92%,$0.03B,$0.40B,7.17%,$0.05B,$0.22B,26.03%,$232,$153,$79,$0,$67,$220,$12,$-2,$10,$4,$6,$6,$6,$17,$12,$22,23,$0.29,$0.29,$10,$253,$0,$292,$93,$0,$4,$1,$112,$404,$159,$106,$8,$135,$295,$0,$34,$0,$109,$404,$28,$18,$-1,$16,$-2,$-24,$-0,$3,$-20,$25,$-21,$0,$0,$0,$0,$0,$0,$-21,$22,$0,$22,$-14,$-14,$-8,$0,$1,$5,$2,$-8
44,2007-09-30,12.59,$4.81,2.62,$39.63,0.32,$1.84,6.83,$1.38,9.12,$0.29B,$0.17B,1.75,$0.10B,$0.11B,0.92,$0.90B,$0.30B,33.63%,$0.90B,$0.06B,6.44%,$0.90B,$0.06B,6.44%,$0.90B,$0.08B,8.44%,$0.90B,$0.05B,5.88%,$0.90B,$0.03B,3.55%,$0.03B,$0.11B,30.19%,$0.03B,$0.10B,31.45%,$0.03B,$0.39B,8.39%,$0.06B,$0.20B,30.33%,$231,$152,$79,$0,$64,$216,$15,$-2,$14,$5,$8,$8,$8,$20,$15,$22,22,$0.37,$0.37,$5,$258,$0,$291,$89,$0,$4,$1,$103,$394,$167,$98,$3,$121,$287,$0,$30,$0,$106,$394,$22,$13,$-0,$13,$5,$-29,$14,$1,$-20,$15,$-12,$0,$0,$0,$0,$0,$0,$-12,$14,$0,$14,$-10,$-10,$-6,$0,$-2,$0,$2,$-6
45,2007-06-30,17.09,$4.90,3.49,$39.14,0.44,$2.05,8.35,$1.35,12.66,$0.29B,$0.17B,1.72,$0.09B,$0.11B,0.82,$0.89B,$0.30B,33.82%,$0.89B,$0.06B,6.49%,$0.89B,$0.06B,6.49%,$0.89B,$0.08B,8.40%,$0.89B,$0.05B,5.82%,$0.89B,$0.03B,3.58%,$0.03B,$0.11B,31.22%,$0.03B,$0.11B,32.57%,$0.03B,$0.40B,8.54%,$0.06B,$0.20B,30.81%,$218,$143,$75,$0,$63,$207,$11,$-1,$10,$4,$6,$6,$6,$15,$11,$23,23,$0.26,$0.26,$8,$252,$0,$294,$88,$0,$4,$1,$102,$396,$171,$92,$3,$114,$285,$0,$24,$0,$111,$396,$14,$8,$-0,$8,$0,$-23,$21,$-1,$-16,$6,$-7,$0,$0,$0,$0,$0,$0,$-7,$8,$0,$8,$0,$0,$-4,$0,$4,$3,$1,$-4
46,2007-03-31,17.31,$4.71,3.68,$38.90,0.44,$1.83,9.45,$1.42,12.19,$0.27B,$0.17B,1.59,$0.07B,$0.11B,0.66,$0.89B,$0.30B,34.27%,$0.89B,$0.06B,6.88%,$0.89B,$0.06B,6.88%,$0.89B,$0.08B,8.79%,$0.89B,$0.05B,6.09%,$0.89B,$0.03B,3.72%,$0.03B,$0.11B,34.20%,$0.03B,$0.10B,35.87%,$0.03B,$0.37B,8.91%,$0.06B,$0.18B,32.53%,$217,$141,$76,$0,$62,$203,$14,$-1,$13,$5,$8,$8,$8,$18,$14,$23,23,$0.33,$0.33,$7,$234,$0,$266,$88,$0,$4,$1,$101,$367,$168,$71,$3,$93,$260,$0,$20,$0,$107,$367,$8,$4,$1,$5,$4,$-5,$15,$2,$7,$19,$-5,$0,$0,$0,$0,$0,$0,$-5,$-11,$0,$-11,$0,$0,$-2,$0,$-13,$2,$0,$-2
47,2006-12-31,16.25,$4.43,3.67,$38.46,0.42,$1.63,9.95,$1.35,12.03,$0.27B,$0.17B,1.62,$0.08B,$0.10B,0.8,$0.88B,$0.30B,34.32%,$0.88B,$0.06B,6.73%,$0.88B,$0.06B,6.73%,$0.88B,$0.08B,8.67%,$0.88B,$0.05B,5.82%,$0.88B,$0.03B,3.53%,$0.03B,$0.10B,34.44%,$0.03B,$0.10B,36.26%,$0.03B,$0.37B,8.45%,$0.06B,$0.18B,31.81%,$235,$161,$73,$0,$68,$217,$18,$-2,$16,$6,$10,$10,$10,$23,$18,$23,23,$0.43,$0.42,$5,$229,$0,$266,$88,$0,$4,$1,$101,$368,$165,$80,$3,$103,$267,$0,$14,$0,$100,$368,$31,$17,$-1,$16,$-2,$-5,$3,$-1,$-3,$44,$-18,$0,$0,$0,$0,$0,$0,$-18,$-19,$0,$-19,$-1,$-1,$-8,$0,$-27,$-1,$2,$-8
