,Date,Stock Price,Book Value per Share,Price to Book Ratio,TTM Sales per Share,Price to Sales Ratio,TTM FCF per Share,Price to FCF Ratio,TTM Net EPS,PE Ratio,Current Assets,Current Liabilities,Current Ratio,Long Term Debt,Shareholder's Equity_x,Debt to Equity Ratio,TTM Revenue_x,TTM Gross Profit,Gross Margin,TTM Revenue_y,TTM Operating Income,Operating Margin,TTM Revenue_x,TTM EBIT,EBIT Margin,TTM Revenue_y,TTM EBITDA,EBITDA Margin,TTM Revenue_x,TTM Pre-Tax Income,Pre-Tax Margin,TTM Revenue_y,TTM Net Income_x,Net Margin,TTM Net Income_y,Shareholder's Equity_y,Return on Equity,TTM Net Income_x,Tangible Equity,Return on Tangible Equity,TTM Net Income_y,Total Assets,Return on Assets,TTM Net Income,LT Investments & Debt,Return on Investment,revenue,cost-goods-sold,gross-profit,research-development-expenses,selling-general-administrative-expenses,operating-expenses,operating-income,total-non-operating-income-expense,pre-tax-income,total-provision-income-taxes,income-after-taxes,income-from-continuous-operations,net-income,ebitda,ebit,basic-shares-outstanding,shares-outstanding,eps-basic-net-earnings-per-share,eps-earnings-per-share-diluted,cash-on-hand,inventory,other-current-assets,total-current-assets,net-property-plant-equipment,long-term-investments,goodwill-intangible-assets-total,other-long-term-assets,total-long-term-assets,total-assets,total-current-liabilities,long-term-debt,other-non-current-liabilities,total-long-term-liabilities,total-liabilities,common-stock-net,retained-earnings-accumulated-deficit,comprehensive-income,total-share-holder-equity,total-liabilities-share-holders-equity,net-income-loss,total-depreciation-amortization-cash-flow,other-non-cash-items,total-non-cash-items,change-in-accounts-receivable,change-in-inventories,change-in-accounts-payable,change-in-assets-liabilities,total-change-in-assets-liabilities,cash-flow-from-operating-activities,net-change-in-property-plant-equipment,net-change-in-intangible-assets,net-acquisitions-divestitures,net-change-in-short-term-investments,net-change-in-long-term-investments,net-change-in-investments-total,investing-activities-other,cash-flow-from-investing-activities,net-long-term-debt,net-current-debt,debt-issuance-retirement-net-total,net-common-equity-issued-repurchased,net-total-equity-issued-repurchased,total-common-preferred-stock-dividends-paid,financial-activities-other,cash-flow-from-financial-activities,net-cash-flow,stock-based-compensation,common-stock-dividends-paid
0,2018-09-30,19.23,$12.23,1.57,$43.46,0.44,$-8.89,0.0,$-0.92,0.0,$0.79B,$0.57B,1.39,$0.20B,$0.52B,0.39,$1.83B,$0.38B,20.54%,$1.83B,$-0.00B,-0.22%,$1.83B,$-0.00B,-0.22%,$1.83B,$0.06B,3.00%,$1.83B,$-0.03B,-1.47%,$1.83B,$-0.04B,-2.08%,$-0.04B,$0.52B,-6.98%,$-0.04B,$0.25B,-13.51%,$-0.04B,$1.58B,-2.47%,$-0.00B,$0.72B,-0.53%,$279,$235,$44,$0,$101,$333,$-54,$-5,$-59,$-18,$-41,$-41,$-41,$-38,$-54,$42,42,$-0.98,$-0.98,$29,$545,$0,$794,$417,$44,$268,$22,$783,$1577,$570,$201,$36,$488,$1058,$1,$1025,$-254,$519,$1577,$-41,$16,$-19,$-3,$-1,$-128,$0,$9,$-93,$-137,$-21,$0,$-9,$0,$0,$0,$0,$-30,$153,$0,$153,$-3,$-3,$0,$-0,$150,$-18,$3,$0
1,2018-06-30,17.61,$13.38,1.32,$44.61,0.39,$-6.45,0.0,$-0.30,0.0,$0.68B,$0.38B,1.77,$0.20B,$0.57B,0.35,$1.88B,$0.40B,21.16%,$1.88B,$0.03B,1.75%,$1.88B,$0.03B,1.75%,$1.88B,$0.09B,4.84%,$1.88B,$0.01B,0.58%,$1.88B,$-0.01B,-0.64%,$-0.01B,$0.57B,-2.18%,$-0.01B,$0.31B,-4.15%,$-0.01B,$1.44B,-0.79%,$0.03B,$0.77B,4.33%,$502,$393,$109,$0,$130,$520,$-18,$-5,$-24,$-12,$-12,$-12,$-12,$-4,$-18,$42,42,$-0.27,$-0.27,$45,$412,$0,$679,$422,$51,$259,$21,$765,$1444,$384,$200,$33,$489,$874,$1,$1071,$-252,$570,$1444,$-11,$58,$54,$112,$47,$-37,$0,$-7,$-8,$93,$-103,$0,$-2,$0,$0,$0,$-4,$-109,$-15,$48,$33,$-7,$-7,$-24,$-3,$0,$-17,$7,$-24
2,2018-03-31,21.25,$13.12,1.62,$43.90,0.48,$-6.02,0.0,$0.45,47.22,$0.79B,$0.49B,1.61,$0.20B,$0.56B,0.36,$1.85B,$0.39B,21.05%,$1.85B,$0.08B,4.43%,$1.85B,$0.08B,4.43%,$1.85B,$0.14B,7.56%,$1.85B,$0.06B,3.29%,$1.85B,$0.02B,1.03%,$0.02B,$0.56B,3.47%,$0.02B,$0.30B,6.65%,$0.02B,$1.56B,1.25%,$0.08B,$0.76B,10.72%,$604,$474,$130,$0,$80,$553,$51,$-8,$44,$12,$32,$32,$31,$66,$51,$42,42,$0.74,$0.74,$56,$438,$0,$790,$399,$50,$262,$21,$768,$1558,$492,$202,$39,$505,$997,$1,$1089,$-281,$560,$1558,$1,$44,$18,$61,$-26,$-63,$0,$-3,$-81,$-19,$-77,$0,$-2,$0,$0,$0,$-9,$-88,$-12,$132,$119,$-5,$-5,$-12,$-2,$100,$-6,$5,$-12
3,2017-12-31,25.02,$12.31,2.03,$43.78,0.57,$-5.51,0.0,$0.54,46.34,$0.81B,$0.48B,1.68,$0.22B,$0.53B,0.42,$1.85B,$0.40B,21.40%,$1.85B,$0.09B,4.82%,$1.85B,$0.09B,4.82%,$1.85B,$0.15B,7.91%,$1.85B,$0.07B,3.79%,$1.85B,$0.02B,1.25%,$0.02B,$0.53B,4.29%,$0.02B,$0.27B,8.41%,$0.02B,$1.57B,1.51%,$0.09B,$0.75B,11.74%,$446,$354,$93,$0,$78,$429,$17,$-5,$12,$29,$-16,$-16,$-16,$31,$17,$42,42,$-0.39,$-0.39,$66,$502,$0,$807,$386,$48,$263,$20,$760,$1567,$480,$222,$37,$559,$1039,$1,$1064,$-290,$528,$1567,$-31,$29,$27,$55,$30,$-126,$0,$-9,$-89,$-65,$-45,$0,$-2,$0,$0,$0,$-13,$-59,$8,$129,$136,$-0,$-0,$-6,$-2,$128,$5,$4,$-6
4,2017-09-30,23.05,$12.70,1.81,$43.35,0.53,$-6.62,0.0,$1.28,18.0,$0.75B,$0.41B,1.82,$0.22B,$0.54B,0.41,$1.83B,$0.40B,21.72%,$1.83B,$0.10B,5.31%,$1.83B,$0.10B,5.31%,$1.83B,$0.15B,8.42%,$1.83B,$0.08B,4.32%,$1.83B,$0.05B,2.95%,$0.05B,$0.54B,10.33%,$0.05B,$0.28B,20.77%,$0.05B,$1.52B,3.56%,$0.10B,$0.77B,13.03%,$329,$263,$66,$0,$86,$346,$-17,$-4,$-21,$-6,$-15,$-15,$-15,$-2,$-17,$42,42,$-0.36,$-0.36,$57,$460,$0,$749,$375,$48,$262,$19,$768,$1517,$411,$222,$32,$562,$973,$1,$1086,$-294,$544,$1517,$-15,$15,$2,$17,$53,$-85,$0,$-13,$-31,$-30,$-27,$0,$0,$0,$0,$0,$0,$-27,$72,$0,$72,$-2,$-2,$0,$-2,$68,$13,$2,$0
5,2017-06-30,23.48,$13.07,1.8,$42.28,0.56,$-7.41,0.0,$1.30,18.06,$0.69B,$0.33B,2.09,$0.22B,$0.56B,0.4,$1.79B,$0.38B,21.50%,$1.79B,$0.10B,5.49%,$1.79B,$0.10B,5.49%,$1.79B,$0.15B,8.62%,$1.79B,$0.08B,4.48%,$1.79B,$0.06B,3.08%,$0.06B,$0.56B,10.91%,$0.06B,$0.30B,22.85%,$0.06B,$1.45B,3.66%,$0.10B,$0.78B,13.50%,$474,$373,$101,$0,$74,$443,$31,$-4,$26,$7,$20,$20,$19,$45,$31,$42,42,$0.47,$0.47,$62,$375,$0,$689,$365,$52,$262,$18,$762,$1451,$330,$222,$25,$561,$892,$1,$1107,$-300,$559,$1451,$57,$56,$14,$70,$-42,$11,$0,$-14,$-37,$90,$-82,$0,$0,$0,$3,$3,$0,$-79,$0,$0,$0,$-12,$-12,$-24,$-3,$-39,$-28,$5,$-24
6,2017-03-31,21.75,$11.75,1.85,$42.69,0.51,$-6.40,0.0,$0.96,22.66,$0.83B,$0.42B,1.99,$0.22B,$0.51B,0.43,$1.81B,$0.38B,20.78%,$1.81B,$0.07B,4.02%,$1.81B,$0.07B,4.02%,$1.81B,$0.13B,7.22%,$1.81B,$0.06B,3.31%,$1.81B,$0.04B,2.32%,$0.04B,$0.51B,8.61%,$0.04B,$0.25B,18.79%,$0.04B,$1.55B,2.79%,$0.07B,$0.74B,10.29%,$597,$462,$135,$0,$78,$539,$58,$-5,$53,$17,$36,$36,$35,$72,$58,$42,42,$0.83,$0.83,$52,$414,$0,$833,$345,$50,$264,$19,$716,$1549,$419,$222,$43,$616,$1035,$1,$1093,$-330,$514,$1549,$37,$42,$2,$45,$-111,$-28,$0,$1,$-108,$-26,$-48,$0,$0,$0,$3,$3,$0,$-44,$0,$62,$62,$-13,$-13,$-12,$-3,$34,$-38,$5,$-12
7,2016-12-31,21.43,$11.08,1.93,$42.61,0.5,$-5.70,0.0,$0.74,28.95,$0.84B,$0.45B,1.87,$0.22B,$0.47B,0.47,$1.82B,$0.37B,20.26%,$1.82B,$0.06B,3.29%,$1.82B,$0.06B,3.29%,$1.82B,$0.13B,6.86%,$1.82B,$0.05B,2.58%,$1.82B,$0.03B,1.81%,$0.03B,$0.47B,6.62%,$0.03B,$0.21B,14.16%,$0.03B,$1.54B,2.21%,$0.06B,$0.70B,8.33%,$428,$333,$95,$0,$73,$403,$25,$-5,$21,$5,$15,$15,$15,$39,$25,$42,42,$0.35,$0.35,$47,$486,$0,$835,$331,$48,$264,$20,$708,$1543,$446,$222,$44,$623,$1069,$1,$1064,$-337,$474,$1543,$1,$28,$9,$38,$-36,$-100,$0,$-6,$-165,$-127,$-30,$0,$0,$0,$3,$3,$0,$-27,$0,$132,$132,$-11,$-11,$-6,$-3,$113,$-43,$3,$-6
8,2016-09-30,17.84,$10.93,1.63,$41.96,0.43,$-4.82,0.0,$0.67,26.62,$0.76B,$0.37B,2.07,$0.22B,$0.47B,0.47,$1.81B,$0.37B,20.27%,$1.81B,$0.05B,2.99%,$1.81B,$0.05B,2.99%,$1.81B,$0.12B,6.53%,$1.81B,$0.04B,2.33%,$1.81B,$0.03B,1.66%,$0.03B,$0.47B,5.85%,$0.03B,$0.21B,12.28%,$0.03B,$1.47B,2.03%,$0.05B,$0.69B,7.34%,$287,$234,$53,$0,$72,$303,$-16,$-4,$-20,$-6,$-14,$-14,$-14,$-2,$-16,$42,42,$-0.34,$-0.34,$43,$471,$0,$760,$329,$52,$265,$17,$713,$1473,$366,$221,$50,$637,$1003,$1,$1054,$-334,$470,$1473,$-14,$14,$5,$19,$29,$-85,$0,$-8,$-80,$-75,$-16,$0,$0,$0,$3,$3,$0,$-12,$0,$50,$50,$-8,$-8,$0,$-3,$40,$-47,$1,$0
9,2016-06-30,20.1,$11.43,1.76,$41.87,0.48,$-4.87,0.0,$0.59,34.07,$0.70B,$0.32B,2.19,$0.22B,$0.49B,0.45,$1.81B,$0.36B,20.08%,$1.81B,$0.05B,2.60%,$1.81B,$0.05B,2.60%,$1.81B,$0.11B,6.08%,$1.81B,$0.04B,1.99%,$1.81B,$0.03B,1.44%,$0.03B,$0.49B,4.92%,$0.03B,$0.23B,10.10%,$0.03B,$1.46B,1.77%,$0.05B,$0.72B,6.25%,$502,$408,$94,$0,$86,$496,$6,$-0,$6,$0,$5,$5,$6,$22,$6,$43,43,$0.13,$0.13,$90,$386,$0,$696,$326,$53,$266,$18,$761,$1457,$318,$221,$33,$645,$963,$1,$1074,$-338,$494,$1457,$27,$65,$33,$98,$24,$-8,$0,$-12,$-10,$115,$-63,$0,$-3,$0,$0,$0,$-20,$-86,$-2,$0,$-2,$-25,$-25,$-24,$-4,$-55,$-29,$5,$-24
10,2016-03-31,22.55,$12.83,1.76,$42.37,0.53,$-4.25,0.0,$0.92,24.51,$0.82B,$0.40B,2.05,$0.22B,$0.56B,0.4,$1.85B,$0.37B,20.27%,$1.85B,$0.07B,3.90%,$1.85B,$0.07B,3.90%,$1.85B,$0.13B,7.15%,$1.85B,$0.06B,3.25%,$1.85B,$0.04B,2.17%,$0.04B,$0.56B,7.29%,$0.04B,$0.29B,14.56%,$0.04B,$1.49B,2.72%,$0.07B,$0.78B,9.32%,$604,$477,$127,$0,$75,$559,$45,$-5,$40,$13,$27,$27,$26,$66,$45,$43,43,$0.62,$0.61,$44,$420,$0,$820,$314,$57,$268,$17,$670,$1490,$401,$223,$52,$534,$935,$1,$1075,$-281,$556,$1490,$21,$48,$11,$60,$-64,$-42,$0,$-5,$-86,$-5,$-40,$0,$-3,$0,$0,$0,$-20,$-63,$-2,$32,$31,$-22,$-22,$-12,$-1,$-4,$-75,$5,$-12
11,2015-12-31,16.22,$12.18,1.33,$42.28,0.38,$-5.36,0.0,$1.06,15.3,$0.84B,$0.42B,1.98,$0.23B,$0.53B,0.42,$1.86B,$0.37B,19.68%,$1.86B,$0.07B,3.87%,$1.86B,$0.07B,3.87%,$1.86B,$0.13B,6.72%,$1.86B,$0.06B,3.39%,$1.86B,$0.05B,2.53%,$0.05B,$0.53B,8.31%,$0.05B,$0.26B,15.88%,$0.05B,$1.49B,3.19%,$0.07B,$0.76B,9.11%,$413,$322,$92,$0,$73,$395,$19,$-3,$16,$4,$13,$13,$12,$32,$19,$43,43,$0.28,$0.28,$60,$505,$0,$836,$312,$35,$274,$19,$656,$1492,$423,$225,$48,$538,$961,$1,$1054,$-288,$531,$1492,$-6,$27,$9,$36,$29,$-128,$0,$-4,$-129,$-99,$-25,$0,$-2,$0,$0,$0,$0,$-27,$0,$93,$93,$-18,$-18,$-6,$0,$70,$-58,$3,$-6
12,2015-09-30,17.96,$12.04,1.49,$42.73,0.42,$-5.59,0.0,$0.93,19.31,$0.79B,$0.37B,2.16,$0.23B,$0.53B,0.42,$1.89B,$0.36B,19.14%,$1.89B,$0.07B,3.49%,$1.89B,$0.07B,3.49%,$1.89B,$0.12B,6.29%,$1.89B,$0.06B,3.01%,$1.89B,$0.04B,2.22%,$0.04B,$0.53B,7.15%,$0.04B,$0.26B,13.06%,$0.04B,$1.45B,2.85%,$0.07B,$0.76B,8.13%,$289,$240,$50,$0,$72,$313,$-23,$-3,$-26,$-8,$-18,$-18,$-18,$-10,$-23,$43,43,$-0.42,$-0.42,$54,$474,$0,$790,$312,$31,$275,$19,$655,$1445,$366,$225,$48,$546,$912,$1,$1047,$-290,$533,$1445,$-18,$13,$5,$18,$46,$-95,$0,$-3,$-83,$-83,$-12,$0,$-2,$0,$0,$0,$0,$-14,$0,$38,$38,$-5,$-5,$0,$0,$34,$-64,$2,$0
13,2015-06-30,17.79,$12.94,1.37,$42.56,0.42,$-4.65,0.0,$1.01,17.62,$0.80B,$0.34B,2.37,$0.22B,$0.57B,0.39,$1.90B,$0.36B,18.94%,$1.90B,$0.07B,3.43%,$1.90B,$0.07B,3.43%,$1.90B,$0.12B,6.23%,$1.90B,$0.06B,3.01%,$1.90B,$0.05B,2.37%,$0.05B,$0.57B,7.35%,$0.05B,$0.30B,12.88%,$0.05B,$1.46B,3.07%,$0.07B,$0.80B,7.77%,$539,$434,$105,$0,$73,$508,$31,$-1,$30,$10,$20,$20,$20,$44,$31,$44,44,$0.44,$0.44,$118,$379,$0,$795,$315,$31,$277,$17,$661,$1457,$335,$223,$27,$547,$882,$1,$1071,$-279,$574,$1457,$46,$52,$23,$75,$21,$12,$0,$-4,$30,$151,$-70,$0,$-88,$0,$0,$0,$-0,$-158,$0,$0,$0,$-42,$-42,$-23,$-3,$-67,$-76,$6,$-23
14,2015-03-31,18.85,$13.98,1.35,$41.13,0.46,$-5.03,0.0,$0.73,25.82,$0.90B,$0.42B,2.15,$0.23B,$0.63B,0.36,$1.85B,$0.35B,18.83%,$1.85B,$0.05B,2.43%,$1.85B,$0.05B,2.43%,$1.85B,$0.11B,5.67%,$1.85B,$0.04B,1.94%,$1.85B,$0.03B,1.83%,$0.03B,$0.63B,5.34%,$0.03B,$0.37B,8.79%,$0.03B,$1.50B,2.32%,$0.05B,$0.85B,5.22%,$619,$500,$119,$0,$73,$574,$45,$-3,$43,$9,$34,$34,$33,$59,$45,$44,44,$0.75,$0.75,$50,$447,$0,$897,$300,$29,$252,$16,$598,$1495,$416,$225,$41,$453,$870,$1,$1057,$-219,$625,$1495,$26,$39,$18,$57,$-89,$-59,$0,$-6,$-135,$-52,$-44,$0,$-60,$0,$0,$0,$-0,$-104,$0,$60,$60,$-36,$-36,$-11,$0,$13,$-145,$5,$-11
15,2014-12-31,18.62,$13.63,1.37,$40.73,0.46,$-3.80,0.0,$0.80,23.28,$0.90B,$0.41B,2.17,$0.23B,$0.62B,0.37,$1.86B,$0.36B,19.33%,$1.86B,$0.06B,2.95%,$1.86B,$0.06B,2.95%,$1.86B,$0.11B,6.02%,$1.86B,$0.05B,2.47%,$1.86B,$0.04B,2.09%,$0.04B,$0.62B,6.03%,$0.04B,$0.36B,9.70%,$0.04B,$1.49B,2.66%,$0.06B,$0.84B,6.31%,$444,$356,$88,$0,$74,$431,$13,$-3,$10,$4,$7,$7,$7,$26,$13,$45,45,$0.15,$0.15,$52,$540,$0,$895,$296,$28,$258,$16,$598,$1493,$412,$225,$36,$464,$876,$1,$1029,$-208,$617,$1493,$-8,$26,$22,$48,$24,$-151,$0,$-0,$-154,$-114,$-23,$0,$-62,$0,$0,$0,$0,$-85,$0,$87,$87,$-24,$-24,$-6,$0,$57,$-143,$3,$-6
16,2014-09-30,16.33,$13.82,1.18,$39.45,0.41,$-2.05,0.0,$0.66,24.74,$0.82B,$0.33B,2.51,$0.23B,$0.63B,0.36,$1.84B,$0.35B,19.02%,$1.84B,$0.05B,2.56%,$1.84B,$0.05B,2.56%,$1.84B,$0.11B,5.72%,$1.84B,$0.04B,2.07%,$1.84B,$0.03B,1.80%,$0.03B,$0.63B,5.08%,$0.03B,$0.37B,8.02%,$0.03B,$1.43B,2.28%,$0.05B,$0.86B,5.37%,$293,$245,$47,$0,$70,$316,$-24,$-2,$-26,$-11,$-15,$-15,$-15,$-11,$-24,$45,45,$-0.34,$-0.34,$62,$507,$0,$823,$297,$27,$263,$16,$603,$1426,$328,$225,$35,$465,$793,$1,$1027,$-199,$632,$1426,$-15,$13,$11,$24,$70,$-118,$0,$3,$-58,$-49,$-7,$0,$-62,$0,$0,$0,$0,$-69,$0,$0,$0,$-15,$-15,$0,$0,$-15,$-133,$2,$0
17,2014-06-30,18.42,$14.52,1.27,$39.72,0.46,$-2.18,0.0,$0.59,31.22,$0.87B,$0.30B,2.87,$0.23B,$0.67B,0.34,$1.86B,$0.35B,18.61%,$1.86B,$0.05B,2.47%,$1.86B,$0.05B,2.47%,$1.86B,$0.11B,5.65%,$1.86B,$0.04B,1.99%,$1.86B,$0.03B,1.51%,$0.03B,$0.67B,4.30%,$0.03B,$0.45B,6.65%,$0.03B,$1.45B,1.94%,$0.05B,$0.90B,5.25%,$497,$401,$95,$0,$76,$486,$11,$-1,$9,$1,$8,$8,$9,$31,$11,$46,46,$0.17,$0.17,$195,$376,$0,$870,$297,$27,$225,$15,$579,$1450,$303,$225,$21,$474,$777,$1,$1048,$-195,$672,$1450,$28,$59,$-0,$59,$-29,$31,$0,$-9,$40,$127,$-60,$0,$0,$0,$0,$0,$0,$-60,$0,$-0,$-0,$-38,$-38,$-23,$-1,$-62,$6,$7,$-23
18,2014-03-31,19.91,$14.20,1.4,$39.14,0.51,$-1.17,0.0,$-0.75,0.0,$0.91B,$0.34B,2.69,$0.23B,$0.67B,0.34,$1.84B,$0.33B,18.11%,$1.84B,$-0.04B,-2.39%,$1.84B,$-0.04B,-2.39%,$1.84B,$0.10B,5.38%,$1.84B,$-0.05B,-2.94%,$1.84B,$-0.04B,-1.90%,$-0.04B,$0.67B,-5.38%,$-0.04B,$0.43B,-8.39%,$-0.04B,$1.50B,-2.42%,$-0.04B,$0.89B,-5.03%,$628,$498,$130,$0,$75,$573,$55,$-2,$53,$14,$39,$39,$38,$66,$55,$46,46,$0.82,$0.82,$107,$395,$0,$913,$278,$25,$233,$19,$583,$1495,$340,$225,$38,$490,$830,$1,$1046,$-210,$666,$1495,$21,$38,$-4,$34,$-148,$12,$0,$-9,$-69,$-14,$-29,$0,$0,$0,$0,$0,$0,$-29,$0,$-0,$-0,$-26,$-26,$-11,$-1,$-38,$-81,$6,$-11
19,2013-12-31,19.37,$13.33,1.45,$38.91,0.5,$-2.19,0.0,$-0.79,0.0,$0.84B,$0.30B,2.84,$0.23B,$0.63B,0.36,$1.85B,$0.33B,17.86%,$1.85B,$-0.04B,-2.33%,$1.85B,$-0.04B,-2.33%,$1.85B,$0.10B,5.52%,$1.85B,$-0.05B,-2.92%,$1.85B,$-0.04B,-1.95%,$-0.04B,$0.63B,-5.50%,$-0.04B,$0.40B,-9.08%,$-0.04B,$1.41B,-2.42%,$-0.04B,$0.85B,-4.84%,$417,$339,$77,$0,$72,$411,$5,$-3,$2,$2,$1,$1,$1,$19,$5,$47,48,$0.01,$0.01,$98,$475,$0,$839,$280,$18,$232,$19,$575,$1414,$296,$225,$33,$490,$786,$1,$1013,$-218,$628,$1414,$-19,$28,$-3,$25,$-2,$-68,$0,$-3,$-52,$-45,$-18,$0,$0,$0,$0,$0,$0,$-18,$0,$-0,$-0,$-20,$-20,$-6,$-1,$-27,$-90,$5,$-6
20,2013-09-30,17.7,$13.43,1.32,$39.58,0.45,$-2.70,0.0,$-0.82,0.0,$0.84B,$0.29B,2.93,$0.23B,$0.64B,0.35,$1.87B,$0.33B,17.65%,$1.87B,$-0.04B,-2.35%,$1.87B,$-0.04B,-2.35%,$1.87B,$0.10B,5.40%,$1.87B,$-0.06B,-2.94%,$1.87B,$-0.04B,-2.03%,$-0.04B,$0.64B,-5.80%,$-0.04B,$0.41B,-10.18%,$-0.04B,$1.42B,-2.47%,$-0.04B,$0.87B,-4.92%,$317,$273,$44,$0,$69,$342,$-25,$-2,$-27,$-8,$-19,$-19,$-20,$-11,$-25,$47,47,$-0.41,$-0.41,$115,$469,$0,$840,$286,$19,$234,$18,$584,$1424,$286,$225,$33,$497,$783,$1,$1018,$-221,$640,$1424,$-19,$14,$3,$17,$20,$-61,$0,$-14,$-51,$-53,$-12,$0,$0,$0,$0,$0,$0,$-12,$0,$-0,$-0,$-9,$-9,$0,$0,$-9,$-73,$3,$0
21,2013-06-30,17.21,$13.93,1.24,$39.39,0.44,$-2.26,0.0,$-0.76,0.0,$0.86B,$0.28B,3.13,$0.23B,$0.67B,0.34,$1.86B,$0.33B,17.72%,$1.86B,$-0.04B,-2.20%,$1.86B,$-0.04B,-2.20%,$1.86B,$0.10B,5.59%,$1.86B,$-0.05B,-2.85%,$1.86B,$-0.04B,-1.88%,$-0.04B,$0.67B,-5.39%,$-0.04B,$0.43B,-9.94%,$-0.04B,$1.45B,-2.22%,$-0.04B,$0.89B,-4.62%,$477,$396,$82,$0,$71,$556,$-79,$-2,$-82,$-27,$-55,$-55,$-54,$25,$-79,$47,47,$-1.15,$-1.14,$188,$408,$0,$859,$287,$20,$235,$19,$589,$1448,$275,$225,$15,$505,$780,$1,$1043,$-225,$668,$1448,$-34,$146,$-37,$109,$42,$35,$0,$-1,$85,$161,$-45,$0,$-60,$0,$12,$12,$0,$-92,$0,$-3,$-3,$-10,$-10,$-23,$0,$-36,$32,$7,$-23
22,2013-03-31,21.3,$14.14,1.51,$39.32,0.54,$-4.36,0.0,$0.23,92.61,$0.96B,$0.36B,2.71,$0.26B,$0.68B,0.38,$1.89B,$0.32B,16.86%,$1.89B,$0.03B,1.43%,$1.89B,$0.03B,1.43%,$1.89B,$0.08B,4.45%,$1.89B,$0.02B,0.85%,$1.89B,$0.01B,0.53%,$0.01B,$0.68B,1.56%,$0.01B,$0.35B,3.04%,$0.01B,$1.67B,0.62%,$0.03B,$0.94B,3.07%,$637,$510,$127,$0,$71,$581,$56,$-3,$53,$15,$39,$39,$37,$69,$56,$47,48,$0.79,$0.78,$23,$463,$5,$961,$283,$20,$331,$14,$708,$1669,$355,$260,$30,$632,$986,$1,$1104,$-279,$682,$1669,$21,$41,$-27,$14,$-167,$-20,$0,$8,$-109,$-74,$-20,$0,$-60,$0,$0,$0,$0,$-79,$0,$34,$34,$-3,$-3,$-11,$0,$20,$-134,$5,$-11
23,2012-12-31,17.93,$13.19,1.36,$40.40,0.44,$-6.38,0.0,$0.25,71.74,$0.90B,$0.34B,2.67,$0.24B,$0.63B,0.39,$1.97B,$0.32B,16.15%,$1.97B,$0.02B,1.22%,$1.97B,$0.02B,1.22%,$1.97B,$0.08B,4.27%,$1.97B,$0.01B,0.66%,$1.97B,$0.01B,0.66%,$0.01B,$0.63B,1.98%,$0.01B,$0.30B,3.67%,$0.01B,$1.61B,0.80%,$0.02B,$0.88B,2.68%,$439,$362,$77,$0,$69,$435,$4,$-3,$1,$2,$-1,$-1,$-1,$18,$4,$47,47,$-0.02,$-0.02,$18,$537,$6,$903,$287,$20,$329,$14,$709,$1611,$338,$244,$36,$641,$979,$1,$1071,$-290,$632,$1611,$-17,$28,$-15,$13,$-23,$-93,$0,$3,$-71,$-75,$-10,$0,$-58,$0,$0,$0,$0,$-68,$0,$19,$19,$-8,$-8,$-6,$0,$5,$-138,$4,$-6
24,2012-09-30,15.7,$12.85,1.22,$39.94,0.39,$-8.21,0.0,$0.32,49.06,$0.88B,$0.29B,2.99,$0.23B,$0.61B,0.37,$1.98B,$0.32B,15.93%,$1.98B,$0.02B,1.06%,$1.98B,$0.02B,1.06%,$1.98B,$0.08B,4.15%,$1.98B,$0.01B,0.46%,$1.98B,$0.02B,0.86%,$0.02B,$0.61B,2.52%,$0.02B,$0.32B,4.44%,$0.02B,$1.57B,1.04%,$0.02B,$0.84B,2.29%,$309,$265,$44,$0,$66,$331,$-22,$-3,$-25,$-8,$-17,$-17,$-17,$-8,$-22,$47,47,$-0.35,$-0.35,$102,$503,$5,$879,$293,$19,$292,$15,$691,$1570,$294,$225,$35,$663,$957,$1,$1078,$-311,$613,$1570,$-17,$14,$-2,$11,$31,$-70,$0,$-1,$-36,$-41,$-2,$0,$0,$0,$0,$0,$0,$-2,$0,$0,$0,$-11,$-11,$0,$0,$-11,$-54,$3,$0
25,2012-06-30,14.51,$13.11,1.11,$41.36,0.35,$-8.62,0.0,$0.56,25.91,$0.91B,$0.31B,2.98,$0.23B,$0.63B,0.36,$2.07B,$0.34B,16.31%,$2.07B,$0.04B,1.98%,$2.07B,$0.04B,1.98%,$2.07B,$0.10B,5.03%,$2.07B,$0.03B,1.45%,$2.07B,$0.03B,1.40%,$0.03B,$0.63B,4.13%,$0.03B,$0.34B,7.07%,$0.03B,$1.61B,1.76%,$0.04B,$0.86B,4.35%,$501,$432,$70,$0,$76,$512,$-11,$-2,$-13,$-5,$-8,$-8,$-9,$5,$-11,$49,50,$-0.19,$-0.18,$156,$434,$10,$912,$301,$22,$292,$15,$697,$1608,$306,$225,$18,$670,$976,$1,$1100,$-323,$632,$1608,$29,$64,$16,$79,$6,$-21,$0,$-18,$-43,$66,$-48,$0,$-3,$0,$0,$0,$0,$-51,$0,$0,$0,$-39,$-39,$-22,$-2,$-63,$-54,$6,$-22
26,2012-03-31,14.68,$15.13,0.97,$43.33,0.34,$-7.05,0.0,$0.38,38.64,$1.06B,$0.38B,2.77,$0.27B,$0.74B,0.36,$2.17B,$0.38B,17.28%,$2.17B,$0.03B,1.20%,$2.17B,$0.03B,1.20%,$2.17B,$0.14B,6.36%,$2.17B,$0.02B,0.69%,$2.17B,$0.02B,0.92%,$0.02B,$0.74B,2.74%,$0.02B,$0.45B,4.58%,$0.02B,$1.72B,1.20%,$0.03B,$1.02B,2.68%,$720,$593,$127,$0,$74,$667,$53,$-3,$50,$10,$40,$40,$40,$69,$53,$49,50,$0.82,$0.80,$16,$480,$11,$1061,$308,$22,$293,$15,$660,$1721,$383,$271,$31,$595,$977,$1,$1114,$-241,$744,$1721,$37,$48,$-9,$38,$-238,$-56,$0,$18,$-242,$-167,$-32,$0,$-3,$0,$0,$0,$0,$-34,$0,$46,$46,$-22,$-22,$-11,$-2,$10,$-193,$4,$-11
27,2011-12-31,12.53,$14.31,0.88,$43.16,0.29,$-5.71,0.0,$0.60,20.88,$0.96B,$0.34B,2.84,$0.24B,$0.71B,0.34,$2.17B,$0.40B,18.34%,$2.17B,$0.05B,2.40%,$2.17B,$0.05B,2.40%,$2.17B,$0.16B,7.51%,$2.17B,$0.04B,1.89%,$2.17B,$0.03B,1.43%,$0.03B,$0.71B,4.31%,$0.03B,$0.42B,7.49%,$0.03B,$1.64B,1.84%,$0.05B,$0.95B,5.41%,$448,$374,$74,$0,$73,$447,$1,$-3,$-3,$-6,$3,$3,$3,$16,$1,$49,50,$0.05,$0.05,$14,$568,$4,$959,$328,$20,$293,$16,$679,$1637,$338,$240,$31,$587,$925,$1,$1079,$-248,$712,$1637,$-3,$32,$-2,$30,$-43,$-140,$0,$-1,$-192,$-165,$-20,$0,$-3,$0,$0,$0,$0,$-22,$0,$15,$15,$-11,$-11,$-6,$-2,$-4,$-196,$4,$-6
28,2011-09-30,10.76,$14.30,0.75,$43.32,0.25,$-5.05,0.0,$0.52,20.69,$0.94B,$0.32B,2.92,$0.23B,$0.72B,0.31,$2.17B,$0.40B,18.51%,$2.17B,$0.06B,2.53%,$2.17B,$0.06B,2.53%,$2.17B,$0.17B,7.64%,$2.17B,$0.04B,1.84%,$2.17B,$0.03B,1.24%,$0.03B,$0.72B,3.84%,$0.03B,$0.43B,7.02%,$0.03B,$1.62B,1.59%,$0.06B,$0.95B,5.76%,$397,$331,$66,$0,$68,$399,$-2,$-3,$-4,$1,$-5,$-5,$-5,$14,$-2,$50,50,$-0.10,$-0.10,$138,$492,$4,$935,$333,$21,$290,$14,$684,$1618,$320,$225,$27,$578,$898,$1,$1082,$-249,$721,$1618,$-5,$16,$3,$19,$14,$-65,$0,$21,$-70,$-56,$-10,$0,$0,$0,$0,$0,$0,$-10,$0,$0,$0,$-3,$-3,$0,$0,$-3,$-71,$3,$0
29,2011-06-30,15.57,$14.62,1.07,$42.07,0.37,$-5.03,0.0,$0.47,33.13,$0.98B,$0.34B,2.84,$0.23B,$0.74B,0.31,$2.11B,$0.40B,18.87%,$2.11B,$0.05B,2.32%,$2.11B,$0.05B,2.32%,$2.11B,$0.16B,7.54%,$2.11B,$0.03B,1.52%,$2.11B,$0.02B,1.14%,$0.02B,$0.74B,3.51%,$0.02B,$0.45B,6.79%,$0.02B,$1.67B,1.41%,$0.05B,$0.96B,5.57%,$605,$497,$108,$0,$81,$631,$-26,$-3,$-28,$-11,$-18,$-18,$-18,$39,$-26,$50,50,$-0.35,$-0.35,$210,$427,$14,$979,$329,$21,$292,$14,$687,$1666,$344,$225,$13,$584,$928,$1,$1093,$-243,$738,$1666,$24,$111,$19,$131,$38,$-21,$0,$-1,$2,$157,$-60,$0,$0,$0,$0,$0,$0,$-60,$21,$0,$21,$2,$2,$-22,$-5,$-4,$93,$10,$-22
30,2011-03-31,17.57,$13.95,1.26,$42.36,0.41,$-2.97,0.0,$1.19,14.77,$1.05B,$0.40B,2.65,$0.28B,$0.70B,0.4,$2.12B,$0.41B,19.15%,$2.12B,$0.10B,4.91%,$2.12B,$0.10B,4.91%,$2.12B,$0.17B,7.83%,$2.12B,$0.09B,4.01%,$2.12B,$0.06B,2.83%,$0.06B,$0.70B,9.06%,$0.06B,$0.36B,18.84%,$0.06B,$1.82B,3.52%,$0.10B,$0.98B,12.96%,$720,$571,$150,$0,$71,$642,$79,$-2,$76,$25,$52,$52,$51,$94,$79,$50,50,$1.03,$1.02,$43,$466,$4,$1054,$327,$18,$343,$9,$767,$1822,$399,$280,$27,$720,$1119,$1,$1116,$-299,$703,$1822,$42,$47,$5,$51,$-187,$-63,$0,$13,$-194,$-100,$-32,$0,$0,$0,$0,$0,$0,$-32,$21,$55,$76,$1,$1,$-11,$-5,$61,$-74,$9,$-11
31,2010-12-31,15.11,$12.86,1.18,$41.96,0.36,$-1.16,0.0,$0.65,23.25,$0.92B,$0.32B,2.87,$0.28B,$0.65B,0.43,$2.10B,$0.40B,18.90%,$2.10B,$0.06B,3.01%,$2.10B,$0.06B,3.01%,$2.10B,$0.13B,6.06%,$2.10B,$0.04B,2.00%,$2.10B,$0.03B,1.58%,$0.03B,$0.65B,4.95%,$0.03B,$0.30B,10.25%,$0.03B,$1.69B,1.96%,$0.06B,$0.93B,8.17%,$450,$372,$78,$0,$75,$447,$4,$-7,$-4,$-2,$-1,$-1,$-1,$19,$4,$50,50,$-0.03,$-0.03,$31,$556,$4,$924,$330,$17,$344,$9,$771,$1694,$322,$280,$25,$725,$1047,$1,$1070,$-308,$647,$1694,$-9,$31,$4,$35,$42,$-154,$0,$12,$-155,$-129,$-21,$0,$0,$0,$0,$0,$0,$-21,$21,$55,$76,$0,$0,$-6,$-5,$66,$-85,$8,$-6
32,2010-09-30,14.41,$12.87,1.12,$40.75,0.35,$1.05,13.77,$0.74,19.47,$0.84B,$0.50B,1.68,$0.00B,$0.65B,0.0,$2.04B,$0.39B,19.09%,$2.04B,$0.07B,3.39%,$2.04B,$0.07B,3.39%,$2.04B,$0.13B,6.58%,$2.04B,$0.05B,2.45%,$2.04B,$0.04B,1.82%,$0.04B,$0.65B,5.45%,$0.04B,$0.30B,11.07%,$0.04B,$1.61B,2.21%,$0.07B,$0.65B,8.94%,$334,$272,$62,$0,$70,$343,$-8,$-4,$-12,$-4,$-8,$-8,$-8,$7,$-8,$50,50,$-0.16,$-0.16,$48,$510,$4,$835,$334,$18,$344,$10,$778,$1613,$496,$0,$43,$469,$965,$1,$1077,$-312,$648,$1613,$-8,$16,$1,$16,$94,$-108,$0,$10,$-64,$-55,$-9,$0,$0,$0,$0,$0,$0,$-9,$-3,$0,$-3,$0,$0,$0,$0,$-3,$-69,$5,$0
33,2010-06-30,12.74,$13.00,0.98,$40.57,0.31,$2.45,5.19,$0.73,17.45,$0.91B,$0.56B,1.61,$0.00B,$0.65B,0.0,$2.03B,$0.38B,18.68%,$2.03B,$0.07B,3.40%,$2.03B,$0.07B,3.40%,$2.03B,$0.14B,6.65%,$2.03B,$0.05B,2.37%,$2.03B,$0.04B,1.77%,$0.04B,$0.65B,5.21%,$0.04B,$0.31B,10.43%,$0.04B,$1.69B,2.15%,$0.07B,$0.65B,8.16%,$616,$499,$116,$0,$88,$587,$29,$-3,$25,$7,$18,$18,$18,$46,$29,$50,50,$0.37,$0.37,$117,$400,$4,$906,$338,$20,$343,$11,$784,$1690,$564,$0,$30,$476,$1039,$1,$1091,$-319,$651,$1690,$37,$66,$20,$86,$-24,$76,$0,$1,$121,$244,$-44,$0,$0,$0,$0,$0,$-0,$-44,$-44,$0,$-44,$1,$1,$-22,$-34,$-99,$101,$7,$-22
34,2010-03-31,14.44,$14.40,1.0,$37.98,0.38,$1.14,12.64,$0.48,30.09,$1.01B,$0.55B,1.83,$0.14B,$0.72B,0.19,$1.90B,$0.34B,18.14%,$1.90B,$0.05B,2.74%,$1.90B,$0.05B,2.74%,$1.90B,$0.12B,6.17%,$1.90B,$0.03B,1.53%,$1.90B,$0.02B,1.21%,$0.02B,$0.72B,3.28%,$0.02B,$0.37B,6.47%,$0.02B,$1.74B,1.39%,$0.05B,$0.86B,5.61%,$695,$554,$140,$0,$71,$656,$38,$-5,$33,$9,$24,$24,$24,$55,$38,$50,50,$0.48,$0.48,$28,$457,$4,$1008,$336,$18,$346,$13,$730,$1738,$551,$139,$30,$467,$1018,$1,$1078,$-235,$720,$1738,$18,$49,$2,$51,$-175,$20,$0,$12,$-86,$-17,$-25,$0,$0,$0,$0,$0,$-0,$-25,$-41,$105,$64,$0,$0,$-11,$0,$53,$12,$6,$-11
35,2009-12-31,13.69,$13.97,0.98,$37.66,0.36,$0.24,58.19,$0.51,26.84,$0.92B,$0.41B,2.27,$0.23B,$0.70B,0.33,$1.88B,$0.32B,16.85%,$1.88B,$0.06B,3.09%,$1.88B,$0.06B,3.09%,$1.88B,$0.12B,6.56%,$1.88B,$0.03B,1.76%,$1.88B,$0.02B,1.28%,$0.02B,$0.70B,3.31%,$0.02B,$0.35B,6.34%,$0.02B,$1.67B,1.40%,$0.06B,$0.93B,5.94%,$393,$322,$71,$0,$60,$383,$10,$-6,$4,$1,$3,$3,$3,$26,$10,$50,50,$0.06,$0.06,$23,$596,$0,$922,$349,$17,$346,$12,$748,$1670,$406,$231,$29,$566,$972,$1,$1060,$-237,$698,$1670,$-6,$32,$1,$33,$45,$-118,$0,$10,$-53,$-25,$-15,$0,$0,$0,$0,$0,$-0,$-16,$-16,$69,$53,$0,$0,$-6,$0,$47,$7,$5,$-6
36,2009-09-30,14.03,$13.89,1.01,$39.41,0.36,$-0.11,0.0,$0.51,27.51,$0.85B,$0.32B,2.64,$0.25B,$0.70B,0.36,$1.96B,$0.32B,16.39%,$1.96B,$0.06B,3.11%,$1.96B,$0.06B,3.11%,$1.96B,$0.13B,6.48%,$1.96B,$0.03B,1.74%,$1.96B,$0.02B,1.23%,$0.02B,$0.70B,3.20%,$0.02B,$0.35B,5.95%,$0.02B,$1.60B,1.36%,$0.06B,$0.94B,6.07%,$325,$272,$52,$0,$61,$333,$-8,$-5,$-14,$-5,$-9,$-9,$-9,$8,$-8,$50,50,$-0.18,$-0.18,$26,$546,$0,$845,$356,$16,$346,$9,$754,$1599,$320,$247,$29,$584,$904,$1,$1062,$-242,$695,$1599,$-9,$16,$5,$22,$79,$-68,$0,$8,$-1,$12,$-7,$0,$0,$0,$0,$0,$-0,$-7,$5,$0,$5,$0,$0,$0,$0,$5,$10,$4,$0
37,2009-06-30,9.53,$13.95,0.68,$42.11,0.23,$-0.45,0.0,$0.64,14.89,$0.86B,$0.30B,2.88,$0.28B,$0.70B,0.41,$2.09B,$0.33B,15.97%,$2.09B,$0.07B,3.30%,$2.09B,$0.07B,3.30%,$2.09B,$0.14B,6.50%,$2.09B,$0.04B,1.96%,$2.09B,$0.03B,1.48%,$0.03B,$0.70B,3.98%,$0.03B,$0.35B,7.17%,$0.03B,$1.62B,1.69%,$0.07B,$0.98B,6.63%,$483,$402,$81,$0,$69,$471,$12,$-6,$6,$0,$5,$5,$5,$28,$12,$50,50,$0.11,$0.11,$16,$477,$4,$861,$360,$19,$346,$9,$759,$1619,$299,$281,$19,$625,$924,$1,$1076,$-250,$695,$1619,$32,$68,$9,$77,$60,$62,$0,$-13,$63,$172,$-39,$0,$-25,$0,$0,$0,$-0,$-64,$-85,$0,$-85,$0,$0,$-38,$0,$-123,$-16,$4,$-38
38,2009-03-31,11.61,$16.31,0.71,$44.10,0.26,$-3.20,0.0,$0.54,21.51,$1.10B,$0.59B,1.86,$0.25B,$0.81B,0.3,$2.19B,$0.35B,15.94%,$2.19B,$0.07B,3.24%,$2.19B,$0.07B,3.24%,$2.19B,$0.14B,6.35%,$2.19B,$0.04B,1.92%,$2.19B,$0.03B,1.19%,$0.03B,$0.81B,3.19%,$0.03B,$0.47B,5.53%,$0.03B,$1.95B,1.38%,$0.07B,$1.06B,6.47%,$674,$562,$112,$0,$68,$630,$44,$-7,$37,$12,$25,$25,$25,$61,$44,$50,50,$0.51,$0.51,$16,$512,$0,$1103,$371,$19,$347,$9,$849,$1953,$593,$247,$35,$547,$1140,$1,$1076,$-132,$813,$1953,$27,$51,$5,$56,$-166,$27,$0,$0,$-140,$-58,$-28,$0,$-25,$0,$0,$0,$0,$-53,$120,$0,$120,$0,$0,$-22,$0,$98,$-16,$3,$-22
39,2008-12-31,11.95,$16.02,0.75,$45.17,0.26,$-5.18,0.0,$0.78,15.32,$1.06B,$0.57B,1.86,$0.25B,$0.80B,0.31,$2.24B,$0.36B,16.10%,$2.24B,$0.08B,3.70%,$2.24B,$0.08B,3.70%,$2.24B,$0.15B,6.69%,$2.24B,$0.05B,2.36%,$2.24B,$0.04B,1.78%,$0.04B,$0.80B,4.86%,$0.04B,$0.45B,8.34%,$0.04B,$1.91B,2.08%,$0.08B,$1.05B,7.48%,$477,$402,$76,$0,$63,$465,$13,$-8,$5,$1,$3,$3,$3,$30,$13,$50,50,$0.06,$0.06,$19,$608,$0,$1057,$380,$17,$347,$9,$852,$1909,$569,$247,$33,$543,$1111,$1,$1062,$-132,$798,$1909,$1,$35,$2,$36,$-8,$-68,$0,$-0,$-76,$-39,$-19,$0,$-25,$0,$0,$0,$0,$-44,$82,$0,$82,$0,$0,$-11,$0,$71,$-13,$3,$-11
40,2008-09-30,10.66,$16.32,0.65,$45.19,0.24,$-7.98,0.0,$0.83,12.84,$1.00B,$0.49B,2.06,$0.27B,$0.81B,0.33,$2.24B,$0.33B,14.67%,$2.24B,$0.05B,2.14%,$2.24B,$0.05B,2.14%,$2.24B,$0.12B,5.17%,$2.24B,$0.05B,2.36%,$2.24B,$0.04B,1.83%,$0.04B,$0.81B,4.95%,$0.04B,$0.46B,8.45%,$0.04B,$1.86B,2.11%,$0.05B,$1.08B,4.29%,$458,$393,$65,$0,$65,$458,$-0,$-7,$-7,$-5,$-2,$-2,$-2,$17,$-0,$50,50,$-0.04,$-0.04,$33,$564,$0,$1000,$388,$20,$349,$9,$862,$1862,$487,$267,$34,$563,$1049,$1,$1070,$-124,$813,$1862,$-2,$18,$1,$19,$16,$-24,$0,$-2,$-19,$-2,$-10,$0,$-25,$0,$0,$0,$0,$-34,$38,$0,$38,$0,$0,$0,$0,$38,$0,$2,$0
41,2008-06-30,8.09,$16.85,0.48,$43.36,0.19,$-8.64,0.0,$0.46,17.59,$0.98B,$0.33B,2.93,$0.37B,$0.84B,0.44,$2.15B,$0.31B,14.27%,$2.15B,$0.03B,1.25%,$2.15B,$0.03B,1.25%,$2.15B,$0.09B,4.37%,$2.15B,$0.03B,1.39%,$2.15B,$0.02B,1.02%,$0.02B,$0.84B,2.65%,$0.02B,$0.50B,4.51%,$0.02B,$1.83B,1.13%,$0.03B,$1.20B,2.41%,$581,$485,$96,$0,$82,$567,$14,$-7,$7,$7,$0,$0,$0,$31,$14,$50,50,$0.02,$0.02,$32,$530,$0,$979,$392,$22,$339,$9,$855,$1833,$334,$366,$18,$662,$996,$1,$1083,$-110,$838,$1833,$23,$69,$-41,$28,$7,$18,$0,$10,$11,$61,$-65,$0,$0,$0,$66,$66,$-1,$1,$-19,$0,$-19,$1,$1,$-44,$-1,$-63,$3,$5,$-44
42,2008-03-31,11.1,$17.01,0.65,$45.27,0.25,$-8.16,0.0,$0.77,14.41,$1.21B,$0.64B,1.9,$0.27B,$0.85B,0.32,$2.25B,$0.30B,13.38%,$2.25B,$0.03B,1.51%,$2.25B,$0.03B,1.51%,$2.25B,$0.10B,4.58%,$2.25B,$0.04B,1.73%,$2.25B,$0.04B,1.73%,$0.04B,$0.85B,4.70%,$0.04B,$0.50B,8.01%,$0.04B,$2.07B,1.99%,$0.03B,$1.11B,3.10%,$726,$601,$124,$0,$69,$670,$56,$-8,$48,$9,$39,$39,$39,$72,$56,$50,50,$0.78,$0.78,$43,$559,$0,$1207,$390,$19,$341,$7,$867,$2074,$637,$266,$39,$592,$1229,$1,$1094,$-113,$846,$2074,$22,$51,$-36,$16,$-185,$-9,$0,$8,$-175,$-138,$-47,$0,$0,$0,$66,$66,$0,$20,$151,$0,$151,$1,$1,$-22,$-1,$129,$14,$4,$-22
43,2007-12-31,13.72,$16.42,0.84,$45.13,0.3,$-7.57,0.0,$0.17,80.71,$1.12B,$0.58B,1.92,$0.27B,$0.82B,0.33,$2.24B,$0.27B,11.87%,$2.24B,$0.00B,0.18%,$2.24B,$0.00B,0.18%,$2.24B,$0.08B,3.35%,$2.24B,$0.01B,0.40%,$2.24B,$0.01B,0.49%,$0.01B,$0.82B,1.30%,$0.01B,$0.47B,2.20%,$0.01B,$1.99B,0.57%,$0.00B,$1.08B,0.36%,$478,$433,$44,$0,$66,$500,$-22,$27,$5,$1,$4,$4,$4,$-4,$-22,$50,50,$0.08,$0.08,$49,$636,$0,$1119,$393,$18,$342,$7,$869,$1988,$584,$266,$36,$588,$1172,$1,$1074,$-122,$816,$1988,$-17,$35,$-41,$-6,$-15,$-81,$0,$9,$-140,$-163,$-34,$0,$0,$0,$66,$66,$-1,$32,$160,$0,$160,$1,$1,$-11,$-1,$149,$19,$3,$-11
44,2007-09-30,14.95,$16.42,0.91,$43.87,0.34,$-8.96,0.0,$-0.06,0.0,$0.99B,$0.49B,2.04,$0.27B,$0.82B,0.33,$2.19B,$0.29B,13.31%,$2.19B,$0.03B,1.42%,$2.19B,$0.03B,1.42%,$2.19B,$0.10B,4.67%,$2.19B,$-0.00B,-0.09%,$2.19B,$0.00B,0.14%,$0.00B,$0.82B,0.35%,$0.00B,$0.47B,0.58%,$0.00B,$1.89B,0.15%,$0.03B,$1.08B,2.72%,$367,$324,$43,$0,$64,$388,$-21,$-9,$-30,$-9,$-21,$-21,$-21,$-5,$-21,$50,50,$-0.42,$-0.42,$37,$629,$0,$993,$392,$46,$342,$7,$894,$1888,$486,$268,$36,$585,$1071,$1,$1080,$-127,$816,$1888,$-21,$17,$-2,$14,$94,$-75,$0,$7,$-20,$-26,$-18,$0,$0,$0,$0,$0,$0,$-18,$51,$0,$51,$1,$1,$0,$-1,$51,$7,$3,$0
45,2007-06-30,18.46,$16.89,1.09,$43.15,0.43,$-10.47,0.0,$-0.01,0.0,$0.99B,$0.47B,2.1,$0.27B,$0.84B,0.32,$2.16B,$0.29B,13.63%,$2.16B,$0.03B,1.53%,$2.16B,$0.03B,1.53%,$2.16B,$0.11B,4.91%,$2.16B,$0.00B,0.14%,$2.16B,$0.01B,0.37%,$0.01B,$0.84B,0.90%,$0.01B,$0.50B,1.47%,$0.01B,$1.88B,0.40%,$0.03B,$1.11B,2.81%,$679,$588,$90,$0,$69,$658,$21,$-4,$16,$-1,$17,$17,$17,$40,$21,$50,50,$0.34,$0.34,$29,$550,$0,$993,$388,$47,$343,$7,$891,$1884,$474,$268,$3,$572,$1046,$1,$1108,$-129,$838,$1884,$7,$74,$34,$108,$-54,$7,$0,$12,$-27,$88,$-67,$0,$0,$0,$0,$0,$0,$-67,$-0,$0,$-0,$-45,$-45,$-44,$0,$-89,$-66,$8,$-44
46,2007-03-31,17.8,$18.18,0.98,$42.19,0.42,$-9.01,0.0,$-0.02,0.0,$1.14B,$0.64B,1.8,$0.27B,$0.90B,0.3,$2.13B,$0.32B,15.02%,$2.13B,$0.05B,2.16%,$2.13B,$0.05B,2.16%,$2.13B,$0.12B,5.63%,$2.13B,$0.02B,0.75%,$2.13B,$0.01B,0.47%,$0.01B,$0.90B,1.08%,$0.01B,$0.56B,1.73%,$0.01B,$2.01B,0.50%,$0.05B,$1.17B,3.71%,$717,$628,$89,$0,$64,$691,$26,$-8,$18,$7,$11,$11,$11,$44,$26,$49,50,$0.21,$0.21,$23,$657,$0,$1141,$392,$46,$345,$7,$872,$2013,$635,$268,$2,$476,$1111,$1,$1037,$7,$902,$2013,$-11,$55,$27,$81,$-100,$-96,$0,$16,$-179,$-109,$-45,$0,$0,$0,$0,$0,$0,$-45,$149,$0,$149,$-46,$-46,$-22,$0,$81,$-72,$7,$-22
47,2006-12-31,15.32,$18.13,0.85,$43.24,0.35,$-7.05,0.0,$0.99,15.48,$1.21B,$0.69B,1.76,$0.30B,$0.90B,0.34,$2.21B,$0.41B,18.61%,$2.21B,$0.12B,5.33%,$2.21B,$0.12B,5.33%,$2.21B,$0.19B,8.72%,$2.21B,$0.09B,3.93%,$2.21B,$0.06B,2.66%,$0.06B,$0.90B,6.33%,$0.06B,$0.55B,10.08%,$0.06B,$2.12B,2.91%,$0.12B,$1.20B,9.15%,$423,$354,$69,$0,$64,$418,$5,$-11,$-6,$-1,$-4,$-4,$-4,$23,$5,$51,51,$-0.09,$-0.09,$37,$777,$0,$1207,$428,$47,$345,$7,$911,$2117,$687,$303,$3,$533,$1220,$1,$1040,$4,$897,$2117,$-21,$36,$-3,$34,$-33,$-215,$0,$11,$-254,$-241,$-29,$0,$0,$0,$0,$0,$0,$-29,$270,$0,$270,$-47,$-47,$-11,$0,$211,$-58,$5,$-11
