,Date,Stock Price,Book Value per Share,Price to Book Ratio,TTM Sales per Share,Price to Sales Ratio,TTM FCF per Share,Price to FCF Ratio,TTM Net EPS,PE Ratio,Current Assets,Current Liabilities,Current Ratio,Long Term Debt,Shareholder's Equity_x,Debt to Equity Ratio,TTM Revenue_x,TTM Gross Profit,Gross Margin,TTM Revenue_y,TTM Operating Income,Operating Margin,TTM Revenue_x,TTM EBIT,EBIT Margin,TTM Revenue_y,TTM EBITDA,EBITDA Margin,TTM Revenue_x,TTM Pre-Tax Income,Pre-Tax Margin,TTM Revenue_y,TTM Net Income_x,Net Margin,TTM Net Income_y,Shareholder's Equity_y,Return on Equity,TTM Net Income_x,Tangible Equity,Return on Tangible Equity,TTM Net Income_y,Total Assets,Return on Assets,TTM Net Income,LT Investments & Debt,Return on Investment,revenue,cost-goods-sold,gross-profit,research-development-expenses,selling-general-administrative-expenses,operating-expenses,operating-income,total-non-operating-income-expense,pre-tax-income,total-provision-income-taxes,income-after-taxes,income-from-continuous-operations,net-income,ebitda,ebit,basic-shares-outstanding,shares-outstanding,eps-basic-net-earnings-per-share,eps-earnings-per-share-diluted,cash-on-hand,inventory,other-current-assets,total-current-assets,net-property-plant-equipment,long-term-investments,goodwill-intangible-assets-total,other-long-term-assets,total-long-term-assets,total-assets,total-current-liabilities,long-term-debt,other-non-current-liabilities,total-long-term-liabilities,total-liabilities,common-stock-net,retained-earnings-accumulated-deficit,comprehensive-income,total-share-holder-equity,total-liabilities-share-holders-equity,net-income-loss,total-depreciation-amortization-cash-flow,other-non-cash-items,total-non-cash-items,change-in-accounts-receivable,change-in-inventories,change-in-accounts-payable,change-in-assets-liabilities,total-change-in-assets-liabilities,cash-flow-from-operating-activities,net-change-in-property-plant-equipment,net-change-in-intangible-assets,net-acquisitions-divestitures,net-change-in-short-term-investments,net-change-in-long-term-investments,net-change-in-investments-total,investing-activities-other,cash-flow-from-investing-activities,net-long-term-debt,net-current-debt,debt-issuance-retirement-net-total,net-common-equity-issued-repurchased,net-total-equity-issued-repurchased,total-common-preferred-stock-dividends-paid,financial-activities-other,cash-flow-from-financial-activities,net-cash-flow,stock-based-compensation,common-stock-dividends-paid
0,2018-09-30,27.45,$12.63,2.17,$26.04,1.05,$3.73,7.35,$2.86,9.6,$0.97B,$0.60B,1.61,$1.72B,$0.83B,2.07,$1.73B,$0.42B,23.97%,$1.73B,$0.20B,11.79%,$1.73B,$0.20B,11.79%,$1.73B,$0.26B,15.19%,$1.73B,$0.09B,5.31%,$1.73B,$0.19B,11.03%,$0.19B,$0.83B,22.38%,$0.19B,$-1.35B,-12.83%,$0.19B,$3.43B,5.54%,$0.20B,$2.56B,7.08%,$423,$308,$115,$0,$40,$352,$70,$-27,$44,$12,$32,$32,$32,$85,$70,$66,66,$0.49,$0.48,$26,$487,$239,$965,$277,$0,$2185,$1,$2467,$3432,$601,$1723,$22,$1998,$2599,$1,$695,$-19,$833,$3432,$61,$44,$23,$68,$-31,$7,$30,$-10,$11,$139,$-26,$0,$-31,$0,$0,$0,$0,$-57,$-150,$0,$-150,$-19,$-19,$-93,$-2,$-264,$-180,$3,$-93
1,2018-06-30,29.9,$12.54,2.38,$25.73,1.16,$1.49,20.03,$2.87,10.42,$0.69B,$0.18B,3.73,$2.07B,$0.83B,2.51,$1.71B,$0.42B,24.56%,$1.71B,$0.21B,12.25%,$1.71B,$0.21B,12.25%,$1.71B,$0.27B,15.58%,$1.71B,$0.10B,5.89%,$1.71B,$0.19B,11.20%,$0.19B,$0.83B,22.78%,$0.19B,$-1.56B,-12.71%,$0.19B,$3.36B,5.65%,$0.21B,$2.90B,7.23%,$388,$307,$81,$0,$37,$349,$39,$-29,$11,$3,$8,$8,$8,$54,$39,$66,66,$0.12,$0.12,$63,$446,$0,$687,$272,$0,$2391,$1,$2668,$3355,$184,$2074,$26,$2344,$2528,$1,$663,$-23,$827,$3355,$29,$29,$13,$43,$2,$52,$-6,$-3,$33,$105,$-17,$0,$0,$0,$0,$0,$0,$-17,$-150,$0,$-150,$-19,$-19,$-62,$-2,$-232,$-144,$3,$-62
2,2018-03-31,23.35,$13.10,1.78,$25.30,0.92,$0.07,346.95,$3.08,7.58,$0.77B,$0.20B,3.78,$2.10B,$0.87B,2.4,$1.69B,$0.45B,26.36%,$1.69B,$0.23B,13.51%,$1.69B,$0.23B,13.51%,$1.69B,$0.28B,16.77%,$1.69B,$0.13B,7.41%,$1.69B,$0.21B,12.20%,$0.21B,$0.87B,24.72%,$0.21B,$-1.52B,-13.90%,$0.21B,$3.44B,6.17%,$0.23B,$2.97B,8.06%,$432,$328,$103,$0,$43,$376,$56,$-29,$27,$7,$21,$21,$21,$71,$56,$67,67,$0.31,$0.31,$118,$455,$0,$768,$272,$0,$2394,$2,$2671,$3439,$203,$2097,$25,$2363,$2566,$1,$655,$-18,$873,$3439,$21,$15,$8,$23,$-21,$46,$-11,$3,$30,$74,$-5,$0,$0,$0,$0,$0,$0,$-5,$-125,$0,$-125,$0,$0,$-31,$-2,$-158,$-88,$1,$-31
3,2017-12-31,33.98,$13.25,2.57,$25.00,1.36,$-1.08,0.0,$3.26,10.42,$0.89B,$0.20B,4.4,$2.22B,$0.88B,2.52,$1.67B,$0.46B,27.76%,$1.67B,$0.24B,14.39%,$1.67B,$0.24B,14.39%,$1.67B,$0.29B,17.63%,$1.67B,$0.15B,8.93%,$1.67B,$0.22B,13.07%,$0.22B,$0.88B,26.82%,$0.22B,$-1.52B,-14.90%,$0.22B,$3.56B,6.71%,$0.24B,$3.10B,8.80%,$488,$372,$116,$0,$72,$449,$39,$-29,$10,$-120,$130,$130,$130,$53,$39,$66,67,$1.96,$1.95,$207,$502,$0,$887,$272,$0,$2398,$2,$2674,$3561,$201,$2218,$25,$2479,$2680,$1,$634,$-21,$881,$3561,$217,$55,$-70,$-15,$-18,$-140,$17,$3,$-165,$38,$-60,$0,$-163,$0,$0,$0,$2,$-221,$504,$0,$504,$0,$0,$-124,$-22,$359,$178,$5,$-124
4,2017-09-30,30.39,$11.90,2.55,$24.21,1.26,$3.15,9.66,$1.51,20.13,$0.73B,$0.22B,3.24,$1.85B,$0.79B,2.34,$1.59B,$0.45B,28.48%,$1.59B,$0.25B,15.37%,$1.59B,$0.25B,15.37%,$1.59B,$0.30B,18.63%,$1.59B,$0.16B,10.23%,$1.59B,$0.10B,6.40%,$0.10B,$0.79B,12.93%,$0.10B,$-1.44B,-7.04%,$0.10B,$3.23B,3.27%,$0.25B,$2.64B,9.50%,$406,$285,$121,$0,$41,$330,$76,$-23,$53,$20,$33,$33,$33,$89,$76,$66,67,$0.49,$0.49,$23,$487,$0,$725,$266,$0,$2231,$6,$2505,$3229,$224,$1853,$18,$2214,$2438,$1,$504,$-11,$791,$3229,$88,$41,$42,$83,$-52,$-127,$39,$-11,$-163,$8,$-43,$0,$-0,$0,$0,$0,$2,$-41,$130,$0,$130,$0,$0,$-93,$-11,$27,$-6,$4,$-93
5,2017-06-30,33.47,$11.85,2.83,$23.01,1.45,$6.26,5.35,$1.52,22.02,$0.63B,$0.17B,3.72,$1.82B,$0.79B,2.31,$1.51B,$0.45B,29.75%,$1.51B,$0.24B,15.87%,$1.51B,$0.24B,15.87%,$1.51B,$0.29B,19.12%,$1.51B,$0.16B,10.76%,$1.51B,$0.10B,6.71%,$0.10B,$0.79B,12.74%,$0.10B,$-1.45B,-7.41%,$0.10B,$3.13B,3.35%,$0.24B,$2.61B,9.55%,$362,$257,$105,$0,$44,$305,$57,$-22,$35,$13,$22,$22,$22,$70,$57,$66,67,$0.33,$0.33,$52,$420,$0,$631,$258,$0,$2236,$4,$2499,$3130,$170,$1821,$23,$2173,$2342,$1,$471,$-12,$788,$3130,$55,$27,$26,$53,$-6,$-61,$-5,$4,$-88,$20,$-27,$0,$-0,$0,$0,$0,$2,$-25,$100,$0,$100,$0,$0,$-62,$-11,$28,$23,$3,$-62
6,2017-03-31,37.36,$11.90,3.14,$22.46,1.66,$9.35,4.0,$1.67,22.37,$0.57B,$0.17B,3.47,$1.77B,$0.79B,2.24,$1.45B,$0.45B,31.24%,$1.45B,$0.25B,17.17%,$1.45B,$0.25B,17.17%,$1.45B,$0.30B,20.76%,$1.45B,$0.18B,12.14%,$1.45B,$0.11B,7.52%,$0.11B,$0.79B,14.51%,$0.11B,$-1.45B,-8.25%,$0.11B,$3.07B,3.79%,$0.25B,$2.56B,10.40%,$412,$291,$121,$0,$49,$344,$68,$-17,$51,$18,$33,$33,$33,$82,$68,$66,67,$0.49,$0.49,$32,$360,$0,$573,$249,$0,$2240,$4,$2493,$3067,$165,$1770,$22,$2111,$2276,$1,$449,$-15,$791,$3067,$33,$14,$13,$27,$-29,$-1,$-22,$-1,$-57,$2,$-10,$0,$-0,$0,$0,$0,$2,$-8,$45,$0,$45,$0,$0,$-31,$-5,$9,$3,$1,$-31
7,2016-12-31,40.2,$11.83,3.4,$22.26,1.81,$11.47,3.5,$1.74,23.11,$0.54B,$0.21B,2.63,$1.72B,$0.79B,2.18,$1.39B,$0.45B,32.21%,$1.39B,$0.25B,18.26%,$1.39B,$0.25B,18.26%,$1.39B,$0.30B,21.71%,$1.39B,$0.18B,12.80%,$1.39B,$0.11B,7.84%,$0.11B,$0.79B,15.40%,$0.11B,$-1.46B,-8.50%,$0.11B,$3.04B,3.98%,$0.25B,$2.50B,11.07%,$414,$307,$107,$0,$59,$369,$44,$-21,$24,$10,$14,$14,$14,$56,$44,$63,63,$0.19,$0.19,$29,$357,$0,$542,$245,$0,$2244,$5,$2502,$3044,$206,$1715,$21,$2052,$2258,$1,$417,$-19,$786,$3044,$109,$48,$66,$114,$-46,$2,$47,$42,$67,$290,$-42,$0,$-439,$0,$0,$0,$0,$-481,$-14,$0,$-14,$332,$332,$-101,$-1,$216,$24,$6,$-101
8,2016-09-30,44.66,$12.12,3.69,$21.78,2.05,$9.51,4.69,$1.73,25.82,$0.76B,$0.18B,4.09,$1.54B,$0.81B,1.91,$1.32B,$0.43B,32.60%,$1.32B,$0.26B,19.64%,$1.32B,$0.26B,19.64%,$1.32B,$0.30B,23.05%,$1.32B,$0.19B,14.10%,$1.32B,$0.11B,8.04%,$0.11B,$0.81B,16.93%,$0.11B,$-1.10B,-8.27%,$0.11B,$2.83B,4.05%,$0.26B,$2.34B,11.73%,$318,$203,$115,$0,$42,$249,$70,$-18,$52,$19,$32,$32,$32,$80,$70,$65,65,$0.50,$0.50,$241,$341,$0,$755,$168,$0,$1901,$3,$2072,$2827,$184,$1538,$3,$1837,$2022,$1,$403,$-16,$805,$2827,$96,$36,$53,$90,$-21,$-30,$48,$-4,$7,$193,$-25,$0,$0,$0,$0,$0,$0,$-25,$-190,$0,$-190,$332,$332,$-73,$-1,$68,$235,$4,$-73
9,2016-06-30,43.4,$9.93,4.37,$20.56,2.11,$8.21,5.29,$1.57,27.65,$0.49B,$0.10B,4.91,$1.55B,$0.62B,2.48,$1.21B,$0.39B,31.88%,$1.21B,$0.23B,19.03%,$1.21B,$0.23B,19.03%,$1.21B,$0.27B,22.57%,$1.21B,$0.16B,13.51%,$1.21B,$0.09B,7.74%,$0.09B,$0.62B,17.36%,$0.09B,$-1.28B,-7.62%,$0.09B,$2.56B,4.00%,$0.23B,$2.17B,11.68%,$306,$197,$110,$0,$34,$239,$67,$-18,$49,$19,$30,$30,$30,$83,$67,$63,63,$0.48,$0.48,$108,$263,$0,$487,$164,$0,$1903,$3,$2070,$2556,$99,$1546,$3,$1835,$1934,$1,$371,$-13,$622,$2556,$63,$26,$42,$68,$-1,$51,$-12,$41,$69,$201,$-13,$0,$0,$0,$0,$0,$0,$-13,$-190,$0,$-190,$152,$152,$-47,$-1,$-86,$102,$3,$-47
10,2016-03-31,31.06,$9.88,3.14,$19.10,1.63,$6.11,5.09,$1.42,21.88,$0.46B,$0.11B,4.14,$1.55B,$0.62B,2.5,$1.10B,$0.34B,30.76%,$1.10B,$0.20B,18.51%,$1.10B,$0.20B,18.51%,$1.10B,$0.24B,21.69%,$1.10B,$0.14B,13.07%,$1.10B,$0.08B,7.53%,$0.08B,$0.62B,16.52%,$0.08B,$-1.29B,-7.37%,$0.08B,$2.54B,3.87%,$0.20B,$2.17B,11.38%,$353,$237,$116,$0,$40,$280,$73,$-20,$53,$20,$33,$33,$33,$83,$73,$59,59,$0.56,$0.56,$65,$261,$0,$462,$163,$0,$1912,$2,$2077,$2539,$112,$1546,$2,$1808,$1920,$1,$340,$-10,$619,$2539,$33,$10,$13,$24,$-3,$54,$-8,$8,$67,$124,$-5,$0,$0,$0,$0,$0,$0,$-5,$-190,$0,$-190,$152,$152,$-20,$-1,$-59,$60,$1,$-20
11,2015-12-31,30.88,$7.89,3.91,$17.17,1.8,$4.76,6.49,$1.22,25.31,$0.46B,$0.14B,3.43,$1.70B,$0.46B,3.71,$0.97B,$0.29B,30.02%,$0.97B,$0.17B,17.91%,$0.97B,$0.17B,17.91%,$0.97B,$0.21B,21.22%,$0.97B,$0.12B,12.53%,$0.97B,$0.07B,7.25%,$0.07B,$0.46B,16.18%,$0.07B,$-1.46B,-6.69%,$0.07B,$2.54B,3.64%,$0.17B,$2.16B,10.89%,$342,$254,$89,$0,$37,$293,$49,$-17,$32,$21,$11,$11,$11,$58,$49,$57,57,$0.19,$0.19,$5,$313,$0,$463,$164,$0,$1915,$1,$2080,$2544,$135,$1698,$3,$1951,$2086,$1,$307,$-13,$458,$2544,$69,$33,$35,$67,$-17,$33,$8,$-54,$-8,$128,$-19,$0,$-874,$0,$0,$0,$0,$-892,$734,$0,$734,$126,$126,$-77,$-16,$767,$4,$6,$-77
12,2015-09-30,31.83,$8.05,3.95,$15.55,2.05,$4.31,7.39,$1.24,25.67,$0.26B,$0.11B,2.44,$0.95B,$0.47B,2.05,$0.86B,$0.26B,29.93%,$0.86B,$0.15B,17.87%,$0.86B,$0.15B,17.87%,$0.86B,$0.19B,21.46%,$0.86B,$0.11B,12.41%,$0.86B,$0.07B,8.12%,$0.07B,$0.47B,17.39%,$0.07B,$-0.90B,-7.55%,$0.07B,$1.76B,4.12%,$0.15B,$1.42B,11.11%,$213,$142,$72,$0,$27,$172,$42,$-11,$30,$10,$20,$20,$20,$50,$42,$58,58,$0.34,$0.34,$46,$133,$0,$258,$118,$0,$1371,$16,$1505,$1763,$106,$954,$5,$1190,$1296,$1,$296,$-11,$467,$1763,$58,$23,$17,$40,$-5,$-25,$-6,$4,$-11,$87,$-13,$0,$-51,$0,$0,$0,$0,$-64,$-47,$0,$-47,$126,$126,$-56,$-1,$22,$44,$4,$-56
13,2015-06-30,24.68,$8.04,3.07,$15.77,1.56,$3.91,6.32,$0.82,30.09,$0.29B,$0.09B,3.26,$0.96B,$0.47B,2.06,$0.86B,$0.25B,29.02%,$0.86B,$0.12B,13.52%,$0.86B,$0.12B,13.52%,$0.86B,$0.18B,21.10%,$0.86B,$0.07B,8.16%,$0.86B,$0.05B,5.36%,$0.05B,$0.47B,12.30%,$0.05B,$-0.85B,-4.88%,$0.05B,$1.74B,2.73%,$0.12B,$1.43B,8.43%,$194,$132,$62,$0,$19,$154,$40,$-11,$29,$10,$19,$19,$19,$48,$40,$57,57,$0.33,$0.33,$99,$119,$0,$290,$116,$0,$1313,$17,$1445,$1735,$89,$962,$5,$1180,$1269,$1,$276,$-11,$466,$1735,$38,$15,$11,$26,$6,$-13,$-7,$1,$-5,$58,$-7,$0,$0,$0,$0,$0,$0,$-7,$-42,$0,$-42,$126,$126,$-37,$-1,$47,$97,$3,$-37
14,2015-03-31,25.16,$6.31,3.99,$16.14,1.56,$3.52,7.15,$0.79,31.85,$0.21B,$0.09B,2.29,$1.01B,$0.34B,2.98,$0.87B,$0.25B,28.84%,$0.87B,$0.12B,13.73%,$0.87B,$0.12B,13.73%,$0.87B,$0.18B,21.22%,$0.87B,$0.07B,7.61%,$0.87B,$0.04B,4.96%,$0.04B,$0.34B,12.23%,$0.04B,$-0.98B,-4.40%,$0.04B,$1.66B,2.56%,$0.12B,$1.35B,8.73%,$217,$150,$67,$0,$23,$175,$42,$-12,$30,$11,$20,$20,$20,$49,$42,$54,54,$0.36,$0.36,$24,$107,$0,$208,$115,$0,$1316,$18,$1449,$1656,$91,$1012,$6,$1226,$1317,$1,$258,$-11,$339,$1656,$20,$7,$5,$13,$0,$-1,$-12,$1,$6,$39,$-3,$0,$0,$0,$0,$0,$0,$-3,$6,$0,$6,$0,$0,$-18,$-1,$-13,$22,$1,$-18
15,2014-12-31,25.27,$6.30,4.01,$15.79,1.6,$3.39,7.44,$0.76,33.25,$0.20B,$0.09B,2.12,$1.01B,$0.34B,2.98,$0.85B,$0.25B,29.25%,$0.85B,$0.12B,13.68%,$0.85B,$0.12B,13.68%,$0.85B,$0.18B,21.46%,$0.85B,$0.06B,7.55%,$0.85B,$0.04B,4.83%,$0.04B,$0.34B,11.37%,$0.04B,$-0.98B,-4.41%,$0.04B,$1.65B,2.51%,$0.12B,$1.35B,8.71%,$238,$181,$57,$0,$24,$208,$30,$-12,$18,$7,$11,$11,$11,$38,$30,$54,54,$0.21,$0.21,$1,$107,$0,$197,$116,$0,$1318,$18,$1453,$1649,$93,$1007,$7,$1219,$1311,$1,$238,$-11,$338,$1649,$41,$65,$16,$82,$7,$-8,$-8,$-5,$-23,$99,$-19,$0,$-154,$0,$0,$0,$0,$-173,$155,$0,$155,$0,$0,$-72,$-11,$72,$-3,$2,$-72
16,2014-09-30,23.03,$6.58,3.5,$15.34,1.5,$3.79,6.08,$0.90,25.59,$0.23B,$0.12B,2.0,$1.03B,$0.35B,2.9,$0.82B,$0.26B,31.39%,$0.82B,$0.13B,15.33%,$0.82B,$0.13B,15.33%,$0.82B,$0.19B,23.36%,$0.82B,$0.08B,9.12%,$0.82B,$0.05B,5.96%,$0.05B,$0.35B,13.22%,$0.05B,$-0.97B,-5.57%,$0.05B,$1.70B,3.08%,$0.13B,$1.38B,9.68%,$209,$146,$63,$0,$21,$205,$4,$-12,$-7,$-3,$-4,$-4,$-4,$46,$4,$54,54,$-0.08,$-0.08,$6,$133,$0,$232,$115,$0,$1321,$30,$1466,$1698,$116,$1025,$2,$1229,$1345,$1,$227,$-2,$353,$1698,$30,$58,$6,$64,$-6,$-32,$3,$-1,$-33,$61,$-14,$0,$-154,$0,$0,$0,$0,$-168,$174,$0,$174,$0,$0,$-54,$-10,$109,$2,$2,$-54
17,2014-06-30,26.99,$7.00,3.86,$14.86,1.82,$4.06,6.65,$1.27,21.25,$0.21B,$0.13B,1.64,$1.00B,$0.38B,2.66,$0.79B,$0.26B,32.24%,$0.79B,$0.16B,20.15%,$0.79B,$0.16B,20.15%,$0.79B,$0.19B,24.06%,$0.79B,$0.11B,13.35%,$0.79B,$0.07B,8.56%,$0.07B,$0.38B,18.40%,$0.07B,$-0.98B,-8.23%,$0.07B,$1.71B,4.46%,$0.16B,$1.38B,12.82%,$203,$140,$63,$0,$25,$160,$43,$-18,$25,$9,$16,$16,$16,$51,$43,$54,54,$0.30,$0.30,$4,$120,$0,$205,$114,$0,$1358,$31,$1503,$1707,$125,$1000,$2,$1207,$1332,$1,$231,$-2,$376,$1707,$34,$16,$6,$22,$5,$-16,$-4,$-1,$-20,$36,$-9,$0,$-154,$0,$0,$0,$0,$-164,$174,$0,$174,$0,$0,$-36,$-11,$128,$-0,$2,$-36
18,2014-03-31,24.6,$7.02,3.51,$14.12,1.74,$4.26,5.77,$0.94,26.17,$0.19B,$0.10B,1.96,$0.85B,$0.38B,2.26,$0.75B,$0.25B,33.11%,$0.75B,$0.15B,20.35%,$0.75B,$0.15B,20.35%,$0.75B,$0.18B,24.34%,$0.75B,$0.08B,10.51%,$0.75B,$0.05B,6.78%,$0.05B,$0.38B,14.07%,$0.05B,$-0.79B,-7.08%,$0.05B,$1.48B,3.52%,$0.15B,$1.23B,12.79%,$198,$133,$65,$0,$23,$159,$39,$-11,$28,$10,$18,$18,$18,$47,$39,$54,54,$0.33,$0.33,$17,$103,$0,$185,$109,$0,$1161,$28,$1298,$1483,$95,$852,$9,$1012,$1107,$1,$215,$-2,$376,$1483,$18,$8,$2,$10,$7,$-3,$-13,$1,$3,$31,$-2,$0,$0,$0,$0,$0,$0,$-2,$4,$0,$4,$0,$0,$-18,$-2,$-16,$13,$1,$-18
19,2013-12-31,27.39,$7.08,3.87,$13.67,2.0,$4.13,6.63,$0.98,27.95,$0.18B,$0.11B,1.72,$0.85B,$0.38B,2.23,$0.73B,$0.24B,33.52%,$0.73B,$0.15B,21.24%,$0.73B,$0.15B,21.24%,$0.73B,$0.18B,25.24%,$0.73B,$0.08B,11.17%,$0.73B,$0.05B,7.31%,$0.05B,$0.38B,14.74%,$0.05B,$-0.79B,-8.04%,$0.05B,$1.48B,3.86%,$0.15B,$1.22B,13.65%,$212,$144,$67,$0,$24,$172,$40,$-11,$29,$10,$19,$19,$19,$48,$40,$53,53,$0.36,$0.35,$4,$101,$0,$182,$110,$0,$1163,$29,$1303,$1484,$106,$845,$9,$1000,$1106,$1,$197,$-2,$378,$1484,$52,$28,$52,$81,$-14,$-4,$9,$-7,$-18,$115,$-15,$0,$-247,$0,$0,$0,$0,$-262,$210,$0,$210,$0,$0,$-63,$-15,$132,$-15,$4,$-63
20,2013-09-30,27.64,$6.58,4.2,$13.20,2.09,$4.06,6.81,$0.81,34.13,$0.19B,$0.12B,1.63,$0.82B,$0.35B,2.34,$0.69B,$0.24B,34.21%,$0.69B,$0.15B,21.98%,$0.69B,$0.15B,21.98%,$0.69B,$0.18B,26.06%,$0.69B,$0.07B,9.75%,$0.69B,$0.04B,6.40%,$0.04B,$0.35B,12.39%,$0.04B,$-0.75B,-7.35%,$0.04B,$1.42B,3.38%,$0.15B,$1.16B,14.22%,$181,$120,$61,$0,$21,$144,$38,$-14,$24,$8,$15,$15,$15,$45,$38,$53,53,$0.29,$0.29,$12,$110,$0,$193,$108,$0,$1100,$20,$1228,$1421,$119,$816,$5,$954,$1073,$1,$178,$-11,$348,$1421,$34,$20,$43,$63,$-10,$-16,$-3,$-4,$-28,$69,$-8,$0,$-210,$0,$0,$0,$0,$-218,$204,$0,$204,$0,$0,$-46,$-15,$143,$-7,$3,$-46
21,2013-06-30,26.99,$6.59,4.1,$12.94,2.09,$3.86,6.99,$0.87,31.03,$0.37B,$0.10B,3.61,$0.82B,$0.35B,2.36,$0.66B,$0.23B,34.70%,$0.66B,$0.15B,22.88%,$0.66B,$0.15B,22.88%,$0.66B,$0.18B,26.97%,$0.66B,$0.07B,10.45%,$0.66B,$0.05B,6.97%,$0.05B,$0.35B,13.94%,$0.05B,$-0.56B,-8.04%,$0.05B,$1.40B,3.74%,$0.15B,$1.17B,14.99%,$161,$105,$56,$0,$17,$125,$36,$-39,$-2,$-1,$-1,$-1,$-1,$43,$36,$53,53,$-0.03,$-0.03,$202,$104,$0,$366,$107,$0,$910,$20,$1037,$1403,$102,$821,$4,$953,$1055,$1,$163,$-11,$348,$1403,$18,$13,$33,$46,$-2,$-13,$3,$-4,$-22,$42,$-5,$0,$-14,$0,$0,$0,$0,$-19,$206,$0,$206,$0,$0,$-31,$-15,$161,$183,$2,$-31
22,2013-03-31,23.97,$6.88,3.48,$12.95,1.85,$3.91,6.13,$1.23,19.48,$0.16B,$0.09B,1.72,$0.59B,$0.36B,1.63,$0.65B,$0.23B,34.72%,$0.65B,$0.15B,23.15%,$0.65B,$0.15B,23.15%,$0.65B,$0.18B,27.16%,$0.65B,$0.09B,14.51%,$0.65B,$0.06B,9.72%,$0.06B,$0.36B,20.76%,$0.06B,$-0.54B,-10.59%,$0.06B,$1.18B,5.40%,$0.15B,$0.96B,15.77%,$171,$112,$59,$0,$17,$131,$40,$-10,$30,$11,$20,$20,$20,$47,$40,$53,53,$0.37,$0.37,$16,$88,$0,$160,$103,$0,$903,$17,$1023,$1184,$93,$593,$7,$726,$820,$1,$164,$-11,$364,$1184,$20,$7,$1,$8,$-3,$2,$-2,$1,$-4,$23,$-2,$0,$0,$0,$0,$0,$0,$-2,$-7,$0,$-7,$0,$0,$-15,$-2,$-24,$-3,$1,$-15
23,2012-12-31,22.04,$6.87,3.21,$12.97,1.7,$3.90,5.65,$1.21,18.22,$0.16B,$0.10B,1.57,$0.60B,$0.36B,1.65,$0.63B,$0.22B,35.17%,$0.63B,$0.15B,23.34%,$0.63B,$0.15B,23.34%,$0.63B,$0.17B,27.29%,$0.63B,$0.09B,14.20%,$0.63B,$0.06B,9.46%,$0.06B,$0.36B,22.06%,$0.06B,$-0.54B,-9.60%,$0.06B,$1.19B,5.20%,$0.15B,$0.96B,15.62%,$174,$114,$59,$0,$20,$136,$37,$-22,$15,$6,$10,$10,$10,$44,$37,$49,50,$0.17,$0.17,$19,$90,$0,$164,$105,$0,$905,$18,$1028,$1192,$104,$597,$8,$727,$831,$1,$145,$-11,$361,$1192,$59,$24,$22,$45,$-1,$-3,$-1,$-1,$-4,$101,$-11,$0,$-63,$0,$0,$0,$0,$-73,$-92,$0,$-92,$120,$120,$-50,$-3,$-25,$2,$4,$-50
24,2012-09-30,23.36,$5.10,4.58,$12.56,1.86,$3.35,6.97,$1.28,18.25,$0.17B,$0.08B,2.23,$0.70B,$0.25B,2.83,$0.61B,$0.21B,34.92%,$0.61B,$0.14B,23.28%,$0.61B,$0.14B,23.28%,$0.61B,$0.17B,27.05%,$0.61B,$0.09B,15.41%,$0.61B,$0.06B,10.16%,$0.06B,$0.25B,25.75%,$0.06B,$-0.65B,-9.48%,$0.06B,$1.15B,5.45%,$0.14B,$0.95B,15.03%,$154,$99,$55,$0,$15,$116,$38,$-12,$26,$9,$17,$17,$17,$44,$38,$48,49,$0.35,$0.35,$15,$107,$0,$172,$62,$0,$891,$20,$974,$1146,$77,$698,$7,$822,$899,$0,$135,$-10,$247,$1146,$50,$17,$6,$23,$-2,$-22,$5,$-0,$-19,$53,$-8,$0,$-0,$0,$0,$0,$0,$-8,$-7,$0,$-7,$0,$0,$-37,$-3,$-47,$-1,$3,$-37
25,2012-06-30,20.32,$5.00,4.07,$12.14,1.67,$3.08,6.6,$1.18,17.22,$0.17B,$0.08B,2.11,$0.70B,$0.24B,2.9,$0.59B,$0.20B,33.79%,$0.59B,$0.13B,22.24%,$0.59B,$0.13B,22.24%,$0.59B,$0.15B,25.98%,$0.59B,$0.09B,14.77%,$0.59B,$0.06B,9.68%,$0.06B,$0.24B,23.92%,$0.06B,$-0.65B,-9.84%,$0.06B,$1.14B,5.32%,$0.13B,$0.94B,14.76%,$149,$97,$52,$0,$15,$114,$35,$-12,$23,$7,$16,$16,$16,$41,$35,$48,49,$0.33,$0.33,$21,$101,$0,$167,$62,$0,$893,$21,$977,$1144,$79,$702,$8,$823,$902,$0,$118,$-10,$242,$1144,$33,$11,$1,$12,$5,$-16,$4,$2,$-3,$42,$-5,$0,$-0,$0,$0,$0,$0,$-5,$-5,$0,$-5,$0,$0,$-24,$-3,$-32,$5,$2,$-24
26,2012-03-31,17.02,$4.88,3.49,$11.75,1.45,$2.79,6.11,$1.11,15.34,$0.15B,$0.07B,2.23,$0.71B,$0.24B,2.97,$0.57B,$0.19B,33.22%,$0.57B,$0.12B,21.44%,$0.57B,$0.12B,21.44%,$0.57B,$0.14B,25.13%,$0.57B,$0.08B,14.41%,$0.57B,$0.05B,9.49%,$0.05B,$0.24B,22.76%,$0.05B,$-0.66B,-10.75%,$0.05B,$1.13B,5.37%,$0.12B,$0.94B,14.69%,$157,$101,$57,$0,$17,$119,$38,$-12,$26,$9,$17,$17,$17,$44,$38,$48,48,$0.35,$0.35,$20,$86,$0,$150,$61,$0,$895,$22,$979,$1129,$67,$706,$8,$824,$892,$0,$102,$-10,$238,$1129,$17,$6,$-3,$2,$4,$-1,$0,$2,$2,$21,$-2,$0,$0,$0,$0,$0,$0,$-2,$-2,$0,$-2,$0,$0,$-11,$-3,$-16,$3,$1,$-11
27,2011-12-31,17.99,$4.94,3.64,$11.19,1.61,$2.60,6.92,$1.03,17.47,$0.15B,$0.07B,2.09,$0.71B,$0.24B,3.02,$0.54B,$0.18B,32.60%,$0.54B,$0.11B,20.81%,$0.54B,$0.11B,20.81%,$0.54B,$0.13B,24.49%,$0.54B,$0.08B,14.18%,$0.54B,$0.05B,9.21%,$0.05B,$0.24B,21.16%,$0.05B,$-0.66B,-11.76%,$0.05B,$1.13B,5.31%,$0.11B,$0.95B,14.64%,$150,$101,$49,$0,$17,$119,$31,$-12,$19,$7,$12,$12,$12,$36,$31,$48,49,$0.26,$0.26,$17,$83,$0,$150,$62,$0,$897,$23,$983,$1133,$72,$710,$9,$826,$897,$0,$86,$-10,$236,$1133,$50,$18,$8,$27,$-5,$-1,$9,$-8,$-5,$72,$-11,$0,$-326,$0,$0,$0,$0,$-337,$242,$0,$242,$-4,$-4,$-38,$-18,$183,$-82,$4,$-38
28,2011-09-30,12.35,$4.97,2.48,$11.04,1.12,$3.15,3.91,$1.07,11.54,$0.23B,$0.06B,3.99,$0.48B,$0.24B,2.02,$0.54B,$0.18B,32.71%,$0.54B,$0.11B,20.75%,$0.54B,$0.11B,20.75%,$0.54B,$0.13B,24.30%,$0.54B,$0.08B,14.58%,$0.54B,$0.05B,9.72%,$0.05B,$0.24B,22.13%,$0.05B,$-0.34B,-14.92%,$0.05B,$0.88B,5.94%,$0.11B,$0.72B,15.58%,$133,$92,$41,$0,$13,$106,$27,$-8,$19,$7,$12,$12,$12,$32,$27,$48,48,$0.25,$0.25,$98,$94,$0,$233,$61,$0,$581,$9,$650,$883,$58,$478,$2,$587,$646,$0,$73,$-6,$237,$883,$38,$13,$3,$17,$1,$-20,$13,$-2,$-16,$39,$-7,$0,$0,$0,$0,$0,$0,$-7,$0,$0,$0,$-4,$-4,$-28,$-1,$-33,$-1,$3,$-28
29,2011-06-30,15.07,$4.96,3.04,$10.87,1.39,$3.60,4.19,$1.01,14.92,$0.23B,$0.06B,3.86,$0.48B,$0.24B,2.01,$0.53B,$0.17B,32.83%,$0.53B,$0.11B,20.68%,$0.53B,$0.11B,20.68%,$0.53B,$0.13B,24.10%,$0.53B,$0.07B,14.04%,$0.53B,$0.05B,9.30%,$0.05B,$0.24B,21.19%,$0.05B,$-0.35B,-13.86%,$0.05B,$0.88B,5.63%,$0.11B,$0.72B,15.38%,$129,$87,$42,$0,$14,$103,$26,$-8,$18,$5,$13,$13,$13,$31,$26,$48,49,$0.26,$0.26,$102,$90,$0,$229,$60,$0,$582,$9,$652,$881,$59,$478,$2,$584,$644,$0,$61,$-6,$238,$881,$26,$9,$-0,$9,$4,$-15,$8,$-2,$-8,$26,$-4,$0,$0,$0,$0,$0,$0,$-4,$0,$0,$0,$0,$0,$-18,$-1,$-19,$3,$2,$-18
30,2011-03-31,13.58,$4.88,2.78,$10.71,1.27,$3.94,3.44,$0.93,14.6,$0.21B,$0.05B,4.33,$0.48B,$0.23B,2.05,$0.52B,$0.17B,32.76%,$0.52B,$0.11B,20.62%,$0.52B,$0.11B,20.62%,$0.52B,$0.13B,24.08%,$0.52B,$0.07B,13.29%,$0.52B,$0.04B,8.48%,$0.04B,$0.23B,19.43%,$0.04B,$-0.35B,-12.25%,$0.04B,$0.87B,5.09%,$0.11B,$0.71B,15.20%,$131,$87,$45,$0,$14,$102,$29,$-8,$21,$8,$13,$13,$13,$34,$29,$48,49,$0.28,$0.27,$100,$77,$0,$212,$60,$0,$584,$10,$654,$866,$49,$478,$3,$583,$632,$0,$49,$-7,$234,$866,$13,$4,$-4,$1,$5,$-3,$5,$-0,$-2,$12,$-2,$0,$0,$0,$0,$0,$0,$-2,$0,$0,$0,$0,$0,$-8,$-1,$-9,$1,$1,$-8
31,2010-12-31,9.83,$4.84,2.03,$10.63,0.92,$4.15,2.37,$0.67,14.67,$0.22B,$0.06B,3.51,$0.48B,$0.23B,2.07,$0.51B,$0.17B,32.55%,$0.51B,$0.10B,20.27%,$0.51B,$0.10B,20.27%,$0.51B,$0.12B,23.78%,$0.51B,$0.05B,9.55%,$0.51B,$0.03B,6.04%,$0.03B,$0.23B,13.95%,$0.03B,$-0.36B,-8.50%,$0.03B,$0.87B,3.60%,$0.10B,$0.71B,14.86%,$142,$95,$47,$0,$17,$113,$29,$-8,$20,$6,$14,$14,$14,$33,$29,$48,48,$0.30,$0.29,$99,$75,$0,$215,$61,$0,$586,$10,$657,$872,$61,$478,$4,$580,$641,$0,$35,$-7,$231,$872,$32,$17,$30,$47,$1,$19,$-7,$-2,$19,$99,$-11,$0,$-15,$0,$0,$0,$0,$-26,$347,$0,$347,$-320,$-320,$-32,$-9,$-15,$59,$4,$-32
32,2010-09-30,7.72,$4.65,1.66,$11.14,0.69,$3.65,2.11,$0.41,18.83,$0.21B,$0.05B,3.98,$0.48B,$0.22B,2.16,$0.51B,$0.16B,30.97%,$0.51B,$0.10B,19.13%,$0.51B,$0.10B,19.13%,$0.51B,$0.12B,22.68%,$0.51B,$0.03B,6.31%,$0.51B,$0.02B,3.55%,$0.02B,$0.22B,8.14%,$0.02B,$-0.36B,-4.90%,$0.02B,$0.86B,2.13%,$0.10B,$0.70B,14.08%,$125,$86,$39,$0,$12,$100,$25,$-10,$15,$6,$9,$9,$9,$29,$25,$48,49,$0.19,$0.19,$88,$89,$0,$213,$54,$0,$586,$0,$649,$863,$54,$478,$19,$588,$641,$0,$21,$-8,$222,$863,$18,$13,$26,$39,$3,$-3,$4,$-1,$4,$61,$-7,$0,$0,$0,$0,$0,$0,$-7,$27,$0,$27,$0,$0,$-24,$-9,$-6,$48,$2,$-24
33,2010-06-30,7.51,$4.60,1.63,$11.83,0.63,$3.23,2.32,$0.33,22.74,$0.21B,$0.06B,3.73,$0.48B,$0.22B,2.18,$0.51B,$0.15B,30.43%,$0.51B,$0.09B,18.38%,$0.51B,$0.09B,18.38%,$0.51B,$0.11B,21.94%,$0.51B,$0.02B,4.74%,$0.51B,$0.01B,2.57%,$0.01B,$0.22B,5.84%,$0.01B,$-0.37B,-3.54%,$0.01B,$0.86B,1.51%,$0.09B,$0.70B,13.65%,$121,$82,$39,$0,$13,$97,$24,$-11,$13,$5,$8,$8,$8,$29,$24,$48,48,$0.18,$0.18,$81,$94,$0,$208,$54,$0,$587,$0,$651,$859,$56,$478,$19,$584,$639,$0,$12,$-9,$219,$859,$9,$8,$21,$30,$7,$-8,$3,$-1,$5,$43,$-5,$0,$0,$0,$0,$0,$0,$-5,$27,$0,$27,$0,$0,$-16,$-9,$2,$41,$1,$-16
34,2010-03-31,7.19,$4.57,1.57,$12.74,0.56,$2.76,2.61,$0.32,22.46,$0.19B,$0.05B,4.0,$0.48B,$0.22B,2.2,$0.51B,$0.15B,29.92%,$0.51B,$0.09B,17.91%,$0.51B,$0.09B,17.91%,$0.51B,$0.11B,21.26%,$0.51B,$0.02B,4.13%,$0.51B,$0.01B,2.17%,$0.01B,$0.22B,5.39%,$0.01B,$-0.37B,-2.84%,$0.01B,$0.85B,1.29%,$0.09B,$0.70B,13.44%,$125,$83,$42,$0,$14,$99,$26,$-26,$1,$0,$0,$0,$0,$31,$26,$47,48,$0.01,$0.01,$69,$89,$0,$194,$54,$0,$589,$0,$653,$847,$49,$478,$19,$581,$629,$0,$3,$-9,$217,$847,$0,$4,$16,$20,$4,$-3,$3,$0,$1,$22,$-2,$0,$0,$0,$0,$0,$0,$-2,$27,$0,$27,$0,$0,$-8,$-9,$10,$29,$0,$-8
35,2009-12-31,6.19,$4.76,1.3,$13.40,0.46,$2.57,2.41,$0.47,13.17,$0.17B,$0.05B,3.39,$0.44B,$0.23B,1.95,$0.50B,$0.15B,29.68%,$0.50B,$0.09B,17.73%,$0.50B,$0.09B,17.73%,$0.50B,$0.11B,20.92%,$0.50B,$0.03B,5.98%,$0.50B,$0.02B,3.39%,$0.02B,$0.23B,9.14%,$0.02B,$-0.37B,-4.18%,$0.02B,$0.82B,2.00%,$0.09B,$0.67B,13.21%,$136,$99,$37,$0,$14,$114,$22,$-19,$3,$1,$1,$1,$1,$26,$22,$39,39,$0.00,$0.00,$40,$86,$0,$166,$54,$0,$590,$7,$651,$817,$49,$440,$19,$542,$591,$0,$3,$-9,$226,$817,$17,$17,$24,$42,$2,$3,$-5,$-0,$4,$63,$-11,$0,$0,$0,$0,$0,$0,$-11,$0,$0,$0,$-18,$-18,$-26,$-1,$-45,$7,$5,$-26
36,2009-09-30,5.43,$4.84,1.12,$13.63,0.4,$2.06,2.63,$0.41,13.23,$0.26B,$0.14B,1.81,$0.44B,$0.23B,1.92,$0.50B,$0.15B,29.34%,$0.50B,$0.09B,17.17%,$0.50B,$0.09B,17.17%,$0.50B,$0.10B,20.56%,$0.50B,$0.03B,4.99%,$0.50B,$0.02B,2.99%,$0.02B,$0.23B,9.05%,$0.02B,$-0.36B,-3.50%,$0.02B,$0.92B,1.76%,$0.09B,$0.67B,12.70%,$124,$88,$36,$0,$14,$103,$21,$-14,$7,$3,$4,$4,$4,$25,$21,$38,38,$0.11,$0.11,$118,$104,$0,$260,$53,$0,$592,$0,$657,$917,$144,$440,$23,$544,$688,$0,$2,$-11,$229,$917,$16,$13,$14,$27,$3,$-15,$4,$-0,$-9,$34,$-8,$0,$0,$0,$0,$0,$0,$-8,$-7,$0,$-7,$84,$84,$-18,$-1,$59,$85,$3,$-18
37,2009-06-30,5.46,$4.03,1.36,$13.53,0.4,$1.87,2.91,$0.51,10.71,$0.18B,$0.05B,3.27,$0.54B,$0.15B,3.71,$0.49B,$0.14B,28.74%,$0.49B,$0.08B,16.40%,$0.49B,$0.08B,16.40%,$0.49B,$0.10B,20.04%,$0.49B,$0.02B,4.66%,$0.49B,$0.01B,2.83%,$0.01B,$0.15B,9.40%,$0.01B,$-0.45B,-3.13%,$0.01B,$0.83B,1.69%,$0.08B,$0.68B,11.84%,$123,$86,$37,$0,$13,$101,$22,$-12,$10,$4,$6,$6,$6,$26,$22,$36,36,$0.17,$0.17,$30,$111,$0,$176,$53,$0,$594,$0,$658,$834,$54,$536,$22,$636,$690,$0,$-3,$-12,$145,$834,$12,$9,$8,$17,$7,$-22,$4,$-1,$-11,$17,$-6,$0,$0,$0,$0,$0,$0,$-6,$0,$0,$0,$-2,$-2,$-12,$0,$-15,$-3,$2,$-12
38,2009-03-31,3.31,$4.01,0.83,$13.36,0.25,$1.63,2.03,$0.44,7.52,$0.16B,$0.04B,3.72,$0.54B,$0.14B,3.71,$0.49B,$0.14B,28.37%,$0.49B,$0.08B,15.92%,$0.49B,$0.08B,15.92%,$0.49B,$0.10B,19.59%,$0.49B,$0.02B,3.88%,$0.49B,$0.01B,2.45%,$0.01B,$0.14B,7.75%,$0.01B,$-0.45B,-2.71%,$0.01B,$0.82B,1.45%,$0.08B,$0.68B,11.30%,$119,$80,$39,$0,$13,$95,$24,$-14,$10,$4,$6,$6,$6,$28,$24,$36,36,$0.16,$0.16,$33,$94,$0,$164,$52,$0,$595,$0,$660,$824,$44,$536,$25,$635,$679,$0,$-9,$-12,$144,$824,$6,$4,$5,$9,$5,$-5,$-2,$1,$-4,$11,$-2,$0,$0,$0,$0,$0,$0,$-2,$0,$0,$0,$-1,$-1,$-6,$0,$-7,$1,$1,$-6
39,2008-12-31,3.32,$3.99,0.83,$13.24,0.25,$1.53,2.17,$0.40,8.31,$0.16B,$0.05B,3.31,$0.54B,$0.15B,3.7,$0.49B,$0.14B,27.72%,$0.49B,$0.07B,15.20%,$0.49B,$0.07B,15.20%,$0.49B,$0.09B,18.89%,$0.49B,$0.02B,3.29%,$0.49B,$0.01B,2.05%,$0.01B,$0.15B,6.22%,$0.01B,$-0.45B,-2.28%,$0.01B,$0.83B,1.20%,$0.07B,$0.68B,10.63%,$135,$100,$35,$0,$14,$115,$19,$-21,$-2,$-1,$-1,$-1,$-1,$24,$19,$37,37,$-0.03,$-0.03,$33,$89,$0,$164,$51,$0,$597,$13,$661,$825,$49,$536,$24,$631,$680,$0,$-14,$-12,$145,$825,$10,$19,$14,$33,$6,$4,$-5,$-0,$-2,$40,$-11,$0,$0,$0,$0,$0,$0,$-11,$0,$0,$0,$-3,$-3,$-31,$0,$-34,$-4,$1,$-31
40,2008-09-30,4.27,$4.39,0.97,$13.58,0.31,$1.32,3.24,$0.57,7.48,$0.17B,$0.06B,2.93,$0.54B,$0.16B,3.32,$0.48B,$0.14B,28.93%,$0.48B,$0.08B,15.70%,$0.48B,$0.08B,15.70%,$0.48B,$0.09B,19.21%,$0.48B,$0.03B,5.37%,$0.48B,$0.02B,3.31%,$0.02B,$0.16B,9.51%,$0.02B,$-0.44B,-3.70%,$0.02B,$0.84B,1.91%,$0.08B,$0.70B,10.80%,$117,$86,$31,$0,$13,$100,$16,$-12,$5,$2,$3,$3,$3,$21,$16,$37,37,$0.08,$0.08,$32,$96,$0,$170,$53,$0,$599,$0,$666,$837,$58,$536,$7,$617,$675,$0,$-13,$-5,$162,$837,$11,$14,$5,$19,$4,$-3,$-2,$1,$-1,$29,$-10,$0,$0,$0,$0,$0,$0,$-10,$0,$0,$0,$0,$0,$-23,$0,$-23,$-5,$1,$-23
41,2008-06-30,5.42,$4.56,1.19,$13.60,0.4,$1.09,4.98,$0.49,11.06,$0.17B,$0.05B,3.17,$0.54B,$0.17B,3.2,$0.48B,$0.15B,30.37%,$0.48B,$0.08B,16.53%,$0.48B,$0.08B,16.53%,$0.48B,$0.10B,20.04%,$0.48B,$0.03B,5.99%,$0.48B,$0.02B,3.72%,$0.02B,$0.17B,10.45%,$0.02B,$-0.43B,-4.18%,$0.02B,$0.84B,2.14%,$0.08B,$0.70B,11.30%,$119,$86,$34,$0,$13,$101,$19,$-13,$6,$2,$4,$4,$4,$23,$19,$37,37,$0.10,$0.10,$24,$99,$0,$165,$54,$0,$600,$0,$670,$835,$52,$536,$6,$615,$667,$0,$-16,$-3,$168,$835,$8,$9,$4,$14,$5,$-6,$-4,$2,$-9,$12,$-9,$0,$0,$0,$0,$0,$0,$-9,$0,$0,$0,$0,$0,$-16,$0,$-16,$-13,$0,$-16
42,2008-03-31,6.24,$4.56,1.37,$14.18,0.44,$1.18,5.3,$0.56,11.14,$0.17B,$0.05B,3.08,$0.54B,$0.17B,3.19,$0.48B,$0.15B,31.06%,$0.48B,$0.08B,17.18%,$0.48B,$0.08B,17.18%,$0.48B,$0.10B,20.70%,$0.48B,$0.03B,6.00%,$0.48B,$0.02B,3.73%,$0.02B,$0.17B,10.23%,$0.02B,$-0.43B,-4.20%,$0.02B,$0.84B,2.13%,$0.08B,$0.70B,11.66%,$116,$81,$35,$0,$14,$97,$20,$-13,$7,$3,$4,$4,$4,$24,$20,$37,37,$0.12,$0.12,$33,$95,$0,$167,$54,$0,$602,$0,$672,$839,$54,$536,$12,$617,$671,$0,$-20,$-7,$168,$839,$4,$4,$2,$7,$7,$-2,$-6,$2,$-0,$11,$-6,$0,$0,$0,$0,$0,$0,$-6,$0,$0,$0,$0,$0,$-8,$0,$-8,$-3,$0,$-8
