,Date,Stock Price,Book Value per Share,Price to Book Ratio,TTM Sales per Share,Price to Sales Ratio,TTM FCF per Share,Price to FCF Ratio,TTM Net EPS,PE Ratio,Current Assets,Current Liabilities,Current Ratio,Long Term Debt,Shareholder's Equity_x,Debt to Equity Ratio,TTM Revenue_x,TTM Gross Profit,Gross Margin,TTM Revenue_y,TTM Operating Income,Operating Margin,TTM Revenue_x,TTM EBIT,EBIT Margin,TTM Revenue_y,TTM EBITDA,EBITDA Margin,TTM Revenue_x,TTM Pre-Tax Income,Pre-Tax Margin,TTM Revenue_y,TTM Net Income_x,Net Margin,TTM Net Income_y,Shareholder's Equity_y,Return on Equity,TTM Net Income_x,Tangible Equity,Return on Tangible Equity,TTM Net Income_y,Total Assets,Return on Assets,TTM Net Income,LT Investments & Debt,Return on Investment,revenue,cost-goods-sold,gross-profit,research-development-expenses,selling-general-administrative-expenses,operating-expenses,operating-income,total-non-operating-income-expense,pre-tax-income,total-provision-income-taxes,income-after-taxes,income-from-continuous-operations,net-income,ebitda,ebit,basic-shares-outstanding,shares-outstanding,eps-basic-net-earnings-per-share,eps-earnings-per-share-diluted,cash-on-hand,inventory,other-current-assets,total-current-assets,net-property-plant-equipment,long-term-investments,goodwill-intangible-assets-total,other-long-term-assets,total-long-term-assets,total-assets,total-current-liabilities,long-term-debt,other-non-current-liabilities,total-long-term-liabilities,total-liabilities,common-stock-net,retained-earnings-accumulated-deficit,comprehensive-income,total-share-holder-equity,total-liabilities-share-holders-equity,net-income-loss,total-depreciation-amortization-cash-flow,other-non-cash-items,total-non-cash-items,change-in-accounts-receivable,change-in-inventories,change-in-accounts-payable,change-in-assets-liabilities,total-change-in-assets-liabilities,cash-flow-from-operating-activities,net-change-in-property-plant-equipment,net-change-in-intangible-assets,net-acquisitions-divestitures,net-change-in-short-term-investments,net-change-in-long-term-investments,net-change-in-investments-total,investing-activities-other,cash-flow-from-investing-activities,net-long-term-debt,net-current-debt,debt-issuance-retirement-net-total,net-common-equity-issued-repurchased,net-total-equity-issued-repurchased,total-common-preferred-stock-dividends-paid,financial-activities-other,cash-flow-from-financial-activities,net-cash-flow,stock-based-compensation,common-stock-dividends-paid
0,2018-09-30,181.35,$232.22,0.78,$1932.97,0.09,$-68.03,0.0,$-9.41,0.0,$0.11B,$0.11B,0.93,$0.25B,$0.53B,0.46,$0.82B,$0.15B,18.33%,$0.82B,$-0.00B,-0.36%,$0.82B,$-0.00B,-0.36%,$0.82B,$0.02B,2.06%,$0.82B,$-0.01B,-0.97%,$0.82B,$0.05B,5.46%,$0.05B,$0.53B,8.20%,$0.05B,$0.46B,9.36%,$0.05B,$0.97B,4.43%,$-0.00B,$0.77B,-0.37%,$204,$167,$36,$0,$32,$205,$-1,$-24,$-25,$-11,$-14,$-14,$-14,$4,$-1,$0,0,$-39.50,$-39.50,$76,$7,$9,$105,$282,$497,$68,$22,$869,$974,$113,$245,$10,$332,$446,$1,$522,$-2,$528,$974,$-23,$15,$21,$35,$3,$0,$0,$1,$-18,$-6,$-8,$0,$0,$0,$10,$10,$0,$2,$-6,$0,$-6,$0,$0,$0,$0,$-6,$-9,$0,$0
1,2018-06-30,183.49,$238.51,0.77,$1926.84,0.1,$2.54,72.19,$10.00,18.35,$0.10B,$0.12B,0.86,$0.25B,$0.54B,0.46,$0.83B,$0.15B,18.23%,$0.83B,$-0.00B,-0.36%,$0.83B,$-0.00B,-0.36%,$0.83B,$0.02B,2.04%,$0.83B,$-0.03B,-3.96%,$0.83B,$0.03B,4.08%,$0.03B,$0.54B,6.25%,$0.03B,$0.47B,7.12%,$0.03B,$1.01B,3.30%,$-0.00B,$0.80B,-0.38%,$209,$166,$43,$0,$33,$204,$5,$-13,$-8,$-1,$-8,$-8,$-8,$10,$5,$0,0,$-21.73,$-21.73,$73,$7,$9,$100,$288,$535,$69,$17,$908,$1008,$117,$252,$11,$349,$466,$1,$535,$-2,$543,$1008,$-9,$10,$11,$20,$5,$0,$0,$1,$-11,$-0,$-5,$0,$0,$0,$-1,$-1,$0,$-6,$-4,$-0,$-4,$0,$0,$0,$0,$-4,$-10,$0,$0
2,2018-03-31,408.41,$266.71,1.53,$1902.56,0.21,$50.40,8.1,$48.90,8.35,$0.10B,$0.11B,0.87,$0.26B,$0.55B,0.46,$0.84B,$0.15B,17.78%,$0.84B,$-0.01B,-0.60%,$0.84B,$-0.01B,-0.60%,$0.84B,$0.02B,1.79%,$0.84B,$0.01B,1.19%,$0.84B,$0.06B,7.52%,$0.06B,$0.55B,11.61%,$0.06B,$0.49B,13.24%,$0.06B,$1.02B,6.00%,$-0.01B,$0.81B,-0.62%,$202,$166,$36,$0,$33,$203,$-1,$-1,$-3,$-1,$-2,$-2,$-2,$4,$-1,$0,0,$-5.15,$-5.15,$70,$7,$9,$98,$292,$546,$67,$18,$922,$1021,$113,$255,$11,$356,$469,$1,$564,$-1,$552,$1021,$-2,$5,$2,$7,$4,$0,$0,$1,$-15,$-9,$-1,$0,$0,$0,$-1,$-1,$0,$-2,$-2,$-0,$-2,$0,$0,$0,$0,$-2,$-13,$0,$0
3,2017-12-31,414.4,$0.00,0.0,$1877.65,0.22,$101.24,4.09,$41.23,10.05,$0.11B,$0.14B,0.83,$0.26B,$0.57B,0.45,$0.84B,$0.15B,18.24%,$0.84B,0,0.00%,$0.84B,0,0.00%,$0.84B,$0.02B,2.50%,$0.84B,$-0.01B,-1.55%,$0.84B,$0.05B,5.84%,$0.05B,$0.57B,9.19%,$0.05B,$0.51B,10.49%,$0.05B,$1.06B,4.64%,$0.00B,$0.83B,0.00%,$209,$173,$36,$0,$37,$215,$-6,$34,$28,$-42,$69,$69,$69,$-1,$-6,$1,1,$93.21,$93.18,$82,$7,$7,$113,$296,$566,$67,$22,$951,$1064,$135,$257,$11,$357,$492,$1,$566,$-1,$571,$1064,$50,$21,$-59,$-37,$-2,$0,$0,$0,$13,$26,$-7,$0,$0,$0,$-5,$-5,$0,$-12,$-23,$0,$-23,$0,$0,$0,$0,$-23,$-9,$0,$0
4,2017-09-30,333.29,$247.30,1.35,$1875.56,0.18,$128.78,2.59,$42.31,7.88,$0.10B,$0.12B,0.85,$0.26B,$0.51B,0.51,$0.84B,$0.16B,19.02%,$0.84B,$0.01B,1.20%,$0.84B,$0.01B,1.20%,$0.84B,$0.03B,3.71%,$0.84B,$0.07B,8.61%,$0.84B,$0.05B,6.10%,$0.05B,$0.51B,9.74%,$0.05B,$0.45B,11.15%,$0.05B,$1.03B,4.79%,$0.01B,$0.77B,1.27%,$214,$178,$37,$0,$32,$215,$-1,$-49,$-50,$-25,$-25,$-25,$-25,$4,$-1,$0,0,$-66.96,$-66.96,$77,$7,$6,$101,$300,$537,$67,$22,$927,$1028,$119,$259,$11,$398,$516,$1,$496,$-2,$511,$1028,$-19,$16,$19,$35,$3,$0,$0,$0,$1,$17,$-5,$0,$0,$0,$-4,$-4,$0,$-10,$-21,$0,$-21,$0,$0,$0,$0,$-21,$-14,$0,$0
5,2017-06-30,399.74,$259.11,1.54,$1473.16,0.27,$138.40,2.89,$12.92,30.94,$0.11B,$0.12B,0.94,$0.26B,$0.54B,0.49,$0.84B,$0.17B,20.14%,$0.84B,$0.02B,2.50%,$0.84B,$0.02B,2.50%,$0.84B,$0.04B,5.01%,$0.84B,$0.02B,2.15%,$0.84B,$0.02B,1.91%,$0.02B,$0.54B,3.13%,$0.02B,$0.47B,3.59%,$0.02B,$1.08B,1.52%,$0.02B,$0.80B,2.68%,$213,$173,$40,$0,$32,$210,$3,$32,$35,$14,$21,$21,$21,$8,$3,$0,0,$57.27,$57.27,$88,$7,$8,$112,$306,$586,$66,$14,$972,$1084,$119,$262,$11,$429,$548,$1,$521,$-2,$536,$1084,$5,$11,$-3,$8,$4,$0,$0,$0,$3,$16,$-4,$0,$0,$0,$-4,$-4,$0,$-9,$-19,$-0,$-19,$0,$0,$0,$0,$-19,$-11,$0,$0
6,2017-03-31,431.98,$249.07,1.73,$1074.43,0.4,$136.37,3.17,$26.32,16.41,$0.11B,$0.12B,0.98,$0.27B,$0.52B,0.51,$0.85B,$0.18B,21.18%,$0.85B,$0.03B,3.43%,$0.85B,$0.03B,3.43%,$0.85B,$0.05B,6.04%,$0.85B,$0.04B,4.73%,$0.85B,$0.03B,3.91%,$0.03B,$0.52B,6.49%,$0.03B,$0.45B,7.43%,$0.03B,$1.05B,3.10%,$0.03B,$0.78B,3.68%,$203,$164,$40,$0,$29,$199,$4,$-30,$-26,$-10,$-16,$-16,$-16,$10,$4,$0,0,$-42.72,$-42.72,$89,$7,$7,$113,$310,$546,$66,$14,$935,$1048,$115,$265,$11,$418,$533,$1,$500,$-3,$515,$1048,$-16,$6,$20,$26,$5,$0,$0,$-0,$-0,$10,$-2,$0,$0,$0,$2,$2,$0,$-0,$-17,$-0,$-17,$0,$0,$0,$0,$-17,$-7,$0,$0
7,2016-12-31,473.2,$257.35,1.84,$692.71,0.68,$127.24,3.72,$80.30,5.89,$0.13B,$0.12B,1.07,$0.28B,$0.53B,0.53,$0.85B,$0.18B,21.41%,$0.85B,$0.03B,3.76%,$0.85B,$0.03B,3.76%,$0.85B,$0.05B,6.35%,$0.85B,$0.15B,17.29%,$0.85B,$0.10B,11.76%,$0.10B,$0.53B,19.90%,$0.10B,$0.47B,22.75%,$0.10B,$1.10B,9.36%,$0.03B,$0.81B,4.06%,$206,$164,$42,$0,$33,$202,$4,$109,$113,$42,$71,$71,$71,$9,$4,$1,1,$59.05,$59.03,$98,$7,$9,$128,$312,$578,$66,$13,$969,$1097,$120,$282,$11,$445,$565,$1,$515,$-4,$532,$1097,$99,$23,$-67,$-44,$4,$0,$0,$0,$8,$63,$-11,$0,$0,$0,$-18,$-18,$0,$-29,$-15,$0,$-15,$0,$0,$0,$0,$-15,$19,$0,$0
8,2016-09-30,436.02,$222.97,1.96,$662.73,0.66,$111.13,3.92,$-5.63,0.0,$0.14B,$0.12B,1.17,$0.28B,$0.46B,0.62,$0.86B,$0.19B,21.77%,$0.86B,$0.03B,3.96%,$0.86B,$0.03B,3.96%,$0.86B,$0.06B,6.64%,$0.86B,$-0.03B,-3.14%,$0.86B,$-0.01B,-0.70%,$-0.01B,$0.46B,-1.24%,$-0.01B,$0.40B,-1.43%,$-0.01B,$0.99B,-0.58%,$0.03B,$0.75B,4.40%,$217,$170,$47,$0,$31,$207,$10,$-114,$-104,$-44,$-60,$-60,$-60,$15,$10,$1,1,$-49.48,$-49.48,$98,$7,$9,$136,$319,$463,$61,$15,$858,$994,$116,$284,$10,$417,$533,$1,$445,$-3,$461,$994,$29,$17,$3,$20,$10,$0,$0,$-3,$7,$56,$-6,$0,$0,$0,$-18,$-18,$0,$-24,$-13,$0,$-13,$0,$0,$0,$0,$-13,$19,$0,$0
9,2016-06-30,403.34,$253.77,1.59,$657.04,0.61,$90.57,4.45,$51.20,7.88,$0.13B,$0.13B,1.0,$0.29B,$0.53B,0.55,$0.86B,$0.19B,21.74%,$0.86B,$0.03B,3.84%,$0.86B,$0.03B,3.84%,$0.86B,$0.06B,6.63%,$0.86B,$0.09B,10.00%,$0.86B,$0.06B,7.33%,$0.06B,$0.53B,12.88%,$0.06B,$0.46B,14.75%,$0.06B,$1.12B,5.95%,$0.03B,$0.81B,4.21%,$219,$169,$50,$0,$33,$208,$11,$46,$57,$20,$38,$38,$38,$17,$11,$1,1,$30.60,$30.57,$88,$7,$8,$125,$324,$592,$61,$14,$992,$1117,$125,$286,$11,$468,$593,$1,$505,$-3,$525,$1117,$89,$11,$-75,$-64,$9,$0,$0,$-1,$16,$41,$-3,$0,$0,$0,$-17,$-17,$0,$-20,$-11,$0,$-11,$0,$0,$0,$0,$-11,$10,$0,$0
10,2016-03-31,371.71,$237.89,1.56,$598.46,0.62,$69.16,5.37,$20.64,18.01,$0.12B,$0.12B,1.02,$0.29B,$0.49B,0.6,$0.86B,$0.19B,21.78%,$0.86B,$0.03B,3.59%,$0.86B,$0.03B,3.59%,$0.86B,$0.06B,6.37%,$0.86B,$0.03B,3.13%,$0.86B,$0.03B,2.90%,$0.03B,$0.49B,4.63%,$0.03B,$0.43B,5.24%,$0.03B,$1.07B,2.25%,$0.03B,$0.79B,3.69%,$208,$165,$43,$0,$30,$201,$7,$74,$81,$30,$51,$51,$51,$13,$7,$1,1,$41.20,$41.16,$80,$7,$8,$120,$328,$546,$62,$10,$946,$1066,$118,$293,$11,$457,$575,$1,$467,$-4,$492,$1066,$51,$6,$-47,$-41,$8,$0,$0,$-2,$7,$17,$-2,$0,$0,$0,$-11,$-11,$0,$-13,$-4,$0,$-4,$0,$0,$0,$0,$-4,$0,$0,$0
11,2015-12-31,325.82,$218.48,1.49,$541.33,0.6,$54.89,5.94,$-15.16,0.0,$0.11B,$0.12B,0.97,$0.30B,$0.45B,0.66,$0.86B,$0.18B,21.37%,$0.86B,$0.02B,2.79%,$0.86B,$0.02B,2.79%,$0.86B,$0.05B,5.57%,$0.86B,$-0.04B,-4.30%,$0.86B,$-0.02B,-1.86%,$-0.02B,$0.45B,-2.67%,$-0.02B,$0.39B,-2.98%,$-0.02B,$0.99B,-1.36%,$0.02B,$0.75B,2.66%,$215,$169,$47,$0,$35,$209,$6,$-67,$-61,$-26,$-35,$-35,$-35,$12,$6,$2,2,$-22.91,$-22.90,$80,$8,$7,$113,$332,$472,$62,$9,$874,$987,$117,$296,$11,$419,$536,$1,$416,$-4,$451,$987,$-16,$25,$36,$61,$1,$0,$0,$2,$7,$52,$-11,$0,$0,$0,$-102,$-102,$0,$-113,$-13,$0,$-13,$0,$0,$0,$0,$-12,$-73,$0,$0
12,2015-09-30,365.74,$236.00,1.55,$403.01,0.91,$28.19,12.98,$12.72,28.75,$0.11B,$0.11B,1.01,$0.31B,$0.49B,0.63,$0.65B,$0.14B,21.21%,$0.65B,$0.02B,2.79%,$0.65B,$0.02B,2.79%,$0.65B,$0.04B,5.57%,$0.65B,$0.02B,3.72%,$0.65B,$0.02B,2.94%,$0.02B,$0.49B,2.84%,$0.02B,$0.43B,3.14%,$0.02B,$1.07B,1.51%,$0.02B,$0.79B,1.84%,$218,$172,$47,$0,$32,$209,$9,$0,$9,$-0,$9,$9,$9,$15,$9,$1,1,$7.36,$7.35,$71,$7,$9,$114,$340,$539,$62,$12,$953,$1066,$112,$306,$11,$467,$578,$1,$451,$-3,$488,$1066,$19,$19,$-7,$12,$6,$0,$0,$-1,$4,$35,$-8,$0,$0,$0,$-99,$-99,$-0,$-108,$-6,$-0,$-6,$0,$0,$0,$0,$-6,$-79,$0,$0
13,2015-06-30,413.75,$351.68,1.18,$350.10,1.18,$-0.09,0.0,$10.32,40.09,$0.14B,$0.13B,1.07,$0.31B,$0.73B,0.42,$0.64B,$0.13B,20.60%,$0.64B,$0.01B,0.94%,$0.64B,$0.01B,0.94%,$0.64B,$0.04B,5.50%,$0.64B,$0.03B,4.40%,$0.64B,$0.02B,2.83%,$0.02B,$0.73B,3.30%,$0.02B,$0.66B,3.61%,$0.02B,$1.33B,1.82%,$0.01B,$1.03B,0.77%,$222,$171,$51,$0,$36,$213,$9,$-11,$-2,$-2,$0,$0,$0,$15,$9,$2,2,$0.01,$0.01,$90,$7,$11,$135,$346,$770,$63,$12,$1190,$1325,$127,$308,$11,$472,$599,$1,$442,$-1,$727,$1325,$10,$13,$-15,$-3,$5,$0,$0,$-1,$16,$23,$-6,$0,$0,$0,$-74,$-74,$0,$-80,$-5,$0,$-5,$0,$0,$0,$0,$-5,$-62,$0,$0
14,2015-03-31,414.1,$353.85,1.17,$352.94,1.17,$-12.75,0.0,$16.42,25.22,$0.18B,$0.11B,1.61,$0.31B,$0.73B,0.42,$0.62B,$0.12B,19.77%,$0.62B,$0.00B,0.16%,$0.62B,$0.00B,0.16%,$0.62B,$0.03B,4.82%,$0.62B,$0.07B,11.74%,$0.62B,$0.05B,7.56%,$0.05B,$0.73B,9.35%,$0.05B,$0.67B,10.32%,$0.05B,$1.32B,5.06%,$0.00B,$1.04B,0.14%,$206,$167,$39,$0,$32,$206,$-0,$17,$17,$7,$10,$10,$10,$6,$-0,$2,2,$5.36,$5.36,$134,$7,$11,$182,$350,$717,$63,$12,$1142,$1324,$113,$310,$11,$480,$593,$1,$442,$-1,$731,$1324,$10,$7,$-15,$-8,$2,$0,$0,$-2,$-2,$-0,$-3,$0,$0,$-11,$1,$-11,$0,$-14,$-2,$0,$-2,$0,$0,$0,$0,$-2,$-17,$0,$0
15,2014-12-31,399.51,$0.00,0.0,$351.76,1.14,$-10.70,0.0,$7.40,53.99,$0.19B,$0.12B,1.62,$0.31B,$0.73B,0.43,$0.60B,$0.12B,20.56%,$0.60B,$0.01B,1.00%,$0.60B,$0.01B,1.00%,$0.60B,$0.04B,5.80%,$0.60B,$0.01B,1.66%,$0.60B,$0.01B,1.66%,$0.01B,$0.73B,2.19%,$0.01B,$0.66B,2.45%,$0.01B,$1.32B,1.16%,$0.01B,$1.04B,0.87%,$0,$0,$0,$0,$0,$0,$0,$0,$0,$0,$0,$0,$0,$0,$0,$0,0,$0.00,$0.00,$140,$7,$8,$186,$354,$698,$63,$14,$1128,$1315,$115,$313,$11,$474,$589,$1,$432,$-1,$726,$1315,$0,$0,$0,$0,$0,$0,$0,$0,$0,$0,$0,$0,$0,$0,$0,$0,$0,$0,$0,$0,$0,$0,$0,$0,$0,$0,$0,$0,$0
16,2014-09-30,339.76,$0.00,0.0,$460.03,0.74,$-11.87,0.0,$17.76,19.13,$0.00B,$0.00B,0.0,$0.00B,$0.00B,0.0,$0.78B,$0.17B,21.42%,$0.78B,$0.18B,22.97%,$0.78B,$0.01B,0.77%,$0.78B,$0.21B,26.71%,$0.78B,$0.01B,1.42%,$0.78B,$0.03B,3.35%,$0.03B,$0.00B,6.18%,$0.03B,$0.00B,6.84%,$0.03B,$0.00B,3.31%,$0.18B,$0.00B,28.28%,$208,$167,$41,$0,$37,$211,$-3,$16,$13,$4,$8,$8,$8,$14,$-3,$2,2,$4.87,$4.86,$0,$0,$0,$0,$0,$0,$0,$0,$0,$0,$0,$0,$0,$0,$0,$0,$0,$0,$0,$0,$10,$19,$-5,$14,$-5,$0,$0,$-2,$-4,$20,$-28,$0,$-40,$-113,$12,$-101,$3,$-166,$101,$0,$101,$0,$0,$0,$81,$182,$36,$0,$0
17,2014-06-30,422.97,$353.26,1.2,$340.30,1.24,$-4.38,0.0,$12.81,33.02,$0.16B,$0.11B,1.42,$0.32B,$0.55B,0.57,$0.57B,$0.13B,22.05%,$0.57B,$0.18B,31.92%,$0.57B,$0.01B,1.59%,$0.57B,$0.19B,34.04%,$0.57B,$-0.00B,-0.35%,$0.57B,$0.02B,3.17%,$0.02B,$0.55B,3.20%,$0.02B,$0.49B,3.51%,$0.02B,$1.08B,1.74%,$0.18B,$0.87B,21.95%,$208,$165,$43,$0,$33,$204,$4,$40,$43,$15,$29,$29,$29,$10,$4,$2,2,$17.00,$16.97,$122,$7,$10,$158,$353,$489,$63,$14,$919,$1077,$112,$316,$10,$412,$524,$1,$369,$0,$553,$1077,$1,$13,$2,$14,$-1,$0,$0,$-4,$-2,$14,$-19,$0,$-40,$0,$-28,$-28,$3,$-84,$103,$0,$103,$0,$0,$0,$-5,$98,$27,$0,$0
18,2014-03-31,487.49,$347.04,1.4,$346.22,1.41,$17.59,27.72,$86.86,5.61,$0.17B,$0.11B,1.5,$0.32B,$0.54B,0.59,$0.54B,$0.13B,23.71%,$0.54B,$0.18B,33.64%,$0.54B,$0.01B,2.02%,$0.54B,$0.20B,35.85%,$0.54B,$0.13B,22.98%,$0.54B,$0.10B,17.65%,$0.10B,$0.54B,17.65%,$0.10B,$0.48B,19.15%,$0.10B,$1.07B,9.69%,$0.18B,$0.86B,23.37%,$187,$147,$40,$0,$29,$182,$5,$-51,$-46,$-18,$-27,$-27,$-27,$11,$5,$2,2,$-16.00,$-16.00,$134,$7,$8,$166,$346,$477,$63,$14,$900,$1066,$111,$318,$10,$411,$522,$1,$359,$0,$544,$1066,$-27,$6,$29,$35,$2,$0,$0,$-2,$-1,$7,$-7,$0,$-39,$0,$0,$0,$0,$-46,$104,$0,$104,$0,$0,$0,$-5,$100,$61,$0,$0
19,2013-12-31,506.64,$368.36,1.38,$393.49,1.29,$27.00,18.76,$92.15,5.5,$0.19B,$0.11B,1.66,$0.20B,$0.59B,0.35,$0.58B,$0.14B,24.74%,$0.58B,$0.18B,31.44%,$0.58B,$0.01B,1.89%,$0.58B,$0.20B,34.71%,$0.58B,$0.17B,29.55%,$0.58B,$0.13B,21.48%,$0.13B,$0.59B,24.62%,$0.13B,$0.55B,26.47%,$0.13B,$1.00B,13.37%,$0.18B,$0.79B,25.30%,$172,$130,$42,$0,$0,$0,$172,$0,$1,$8,$0,$0,$16,$172,$0,$2,2,$10.38,$10.36,$170,$7,$4,$187,$348,$420,$36,$11,$814,$1001,$113,$202,$10,$304,$416,$1,$365,$25,$585,$1001,$16,$6,$-15,$-9,$-0,$0,$0,$0,$-5,$2,$-4,$0,$0,$0,$0,$0,$0,$-4,$-15,$0,$-15,$0,$0,$0,$0,$-15,$-16,$0,$0
20,2013-09-30,412.67,$0.00,0.0,$400.96,1.03,$33.09,12.47,$85.21,4.84,$0.20B,$0.11B,1.75,$0.22B,$0.57B,0.38,$0.58B,$0.14B,24.78%,$0.58B,$0.18B,30.85%,$0.58B,$0.01B,1.91%,$0.58B,$0.20B,34.14%,$0.58B,$0.18B,30.68%,$0.58B,$0.11B,19.76%,$0.11B,$0.57B,25.46%,$0.11B,$0.53B,27.60%,$0.11B,$0.99B,12.98%,$0.18B,$0.78B,26.57%,$0,$0,$0,$0,$0,$0,$0,$0,$0,$0,$0,$0,$0,$0,$0,$0,0,$0.00,$0.00,$180,$6,$4,$197,$346,$398,$36,$11,$791,$989,$113,$217,$10,$311,$424,$1,$348,$21,$565,$989,$0,$0,$0,$0,$0,$0,$0,$0,$0,$0,$0,$0,$0,$0,$0,$0,$0,$0,$0,$0,$0,$0,$0,$0,$0,$0,$0,$0,$0
21,2013-06-30,380.77,$362.99,1.05,$400.96,0.95,$33.09,11.51,$85.21,4.47,$0.18B,$0.12B,1.43,$0.22B,$0.48B,0.46,$0.58B,$0.14B,24.78%,$0.58B,$0.18B,30.85%,$0.58B,$0.01B,1.91%,$0.58B,$0.20B,34.14%,$0.58B,$0.18B,30.68%,$0.58B,$0.11B,19.76%,$0.11B,$0.48B,28.95%,$0.11B,$0.45B,31.71%,$0.11B,$0.91B,13.82%,$0.18B,$0.70B,28.72%,$185,$137,$47,$0,$30,$178,$6,$163,$170,$62,$108,$108,$107,$12,$6,$1,1,$74.57,$74.40,$154,$7,$7,$175,$349,$337,$35,$8,$730,$905,$122,$220,$9,$301,$423,$1,$365,$30,$482,$905,$115,$19,$-103,$-84,$-0,$0,$0,$-4,$3,$35,$-8,$0,$-2,$0,$-47,$-47,$0,$-57,$-15,$0,$-15,$0,$0,$0,$-1,$-16,$-38,$0,$0
22,2013-03-31,346.24,$325.12,1.06,$403.67,0.86,$36.92,9.38,$8.68,39.89,$0.42B,$0.15B,2.75,$0.22B,$0.40B,0.56,$0.57B,$0.14B,24.82%,$0.57B,$0.18B,31.69%,$0.57B,$0.01B,2.29%,$0.57B,$0.20B,35.04%,$0.57B,$0.01B,2.11%,$0.57B,$0.01B,2.11%,$0.01B,$0.40B,3.37%,$0.01B,$0.36B,3.72%,$0.01B,$0.85B,1.53%,$0.18B,$0.62B,31.11%,$225,$170,$55,$0,$35,$221,$5,$-3,$1,$-2,$3,$3,$2,$18,$5,$1,1,$1.52,$1.51,$405,$6,$4,$424,$352,$26,$36,$9,$422,$846,$154,$224,$9,$293,$447,$1,$259,$88,$399,$846,$8,$14,$0,$14,$-0,$0,$0,$-0,$-3,$19,$-5,$0,$-4,$0,$-45,$-45,$0,$-54,$-11,$6,$-5,$0,$0,$0,$-1,$-6,$-41,$0,$0
23,2012-12-31,361.86,$281.07,1.29,$414.47,0.87,$35.46,10.2,$10.44,34.66,$0.36B,$0.13B,2.76,$0.23B,$0.35B,0.66,$0.57B,$0.14B,25.40%,$0.57B,$0.19B,32.98%,$0.57B,$0.02B,3.53%,$0.57B,$0.21B,36.68%,$0.57B,$0.02B,3.35%,$0.57B,$0.02B,2.65%,$0.02B,$0.35B,4.49%,$0.02B,$0.31B,5.00%,$0.02B,$0.77B,2.00%,$0.19B,$0.57B,33.86%,$167,$125,$41,$0,$0,$0,$167,$0,$6,$2,$0,$0,$5,$167,$0,$1,1,$3.18,$3.17,$338,$7,$4,$355,$353,$24,$34,$9,$419,$774,$128,$229,$9,$300,$428,$1,$257,$38,$345,$774,$4,$6,$1,$7,$1,$0,$0,$-0,$-5,$7,$0,$0,$0,$0,$-45,$-45,$0,$-45,$11,$0,$11,$0,$0,$0,$-1,$10,$-28,$0,$0
24,2012-09-30,338.7,$0.00,0.0,$423.27,0.8,$33.90,9.99,$13.60,24.9,$0.35B,$0.12B,2.81,$0.23B,$0.35B,0.66,$0.57B,$0.15B,26.50%,$0.57B,$0.19B,32.86%,$0.57B,$0.02B,3.53%,$0.57B,$0.21B,36.57%,$0.57B,$0.03B,4.95%,$0.57B,$0.02B,3.36%,$0.02B,$0.35B,5.90%,$0.02B,$0.32B,6.59%,$0.02B,$0.77B,2.60%,$0.19B,$0.58B,34.62%,$0,$0,$0,$0,$0,$0,$0,$0,$0,$0,$0,$0,$0,$0,$0,$0,0,$0.00,$0.00,$330,$7,$5,$349,$357,$25,$34,$9,$425,$774,$124,$231,$9,$300,$425,$1,$252,$44,$349,$774,$0,$0,$0,$0,$0,$0,$0,$0,$0,$0,$0,$0,$0,$0,$0,$0,$0,$0,$0,$0,$0,$0,$0,$0,$0,$0,$0,$0,$0
25,2012-06-30,358.49,$270.51,1.33,$423.27,0.85,$33.90,10.58,$13.60,26.36,$0.32B,$0.13B,2.37,$0.20B,$0.33B,0.62,$0.57B,$0.15B,26.50%,$0.57B,$0.19B,32.86%,$0.57B,$0.02B,3.53%,$0.57B,$0.21B,36.57%,$0.57B,$0.03B,4.95%,$0.57B,$0.02B,3.36%,$0.02B,$0.33B,6.23%,$0.02B,$0.30B,7.02%,$0.02B,$0.74B,2.70%,$0.19B,$0.54B,36.01%,$176,$131,$45,$0,$27,$168,$8,$-3,$5,$-0,$5,$5,$5,$14,$8,$1,1,$3.64,$3.63,$292,$6,$12,$318,$358,$24,$34,$9,$425,$743,$134,$204,$9,$277,$411,$1,$249,$33,$332,$743,$21,$20,$-9,$11,$-4,$0,$0,$-6,$3,$35,$-5,$0,$0,$0,$-65,$-65,$-7,$-76,$-13,$0,$-13,$0,$0,$0,$2,$-11,$-53,$1,$0
26,2012-03-31,373.76,$252.19,1.48,$419.74,0.89,$42.28,8.84,$16.46,22.71,$0.28B,$0.12B,2.38,$0.21B,$0.31B,0.67,$0.56B,$0.15B,26.56%,$0.56B,$0.19B,34.05%,$0.56B,$0.03B,4.46%,$0.56B,$0.21B,37.97%,$0.56B,$0.03B,6.06%,$0.56B,$0.02B,4.10%,$0.02B,$0.31B,7.91%,$0.02B,$0.28B,8.97%,$0.02B,$0.71B,3.43%,$0.19B,$0.52B,39.38%,$224,$166,$58,$0,$31,$212,$12,$-4,$8,$2,$6,$6,$5,$27,$12,$1,1,$3.39,$3.39,$255,$6,$13,$282,$362,$24,$34,$10,$429,$711,$118,$209,$10,$283,$402,$1,$244,$17,$310,$711,$16,$14,$-8,$7,$-5,$0,$0,$-6,$-8,$14,$-3,$0,$0,$0,$-62,$-62,$-3,$-69,$-9,$0,$-9,$0,$0,$0,$1,$-7,$-62,$1,$0
27,2011-12-31,341.65,$242.94,1.41,$410.69,0.83,$54.20,6.3,$17.30,19.75,$0.26B,$0.11B,2.43,$0.22B,$0.30B,0.73,$0.55B,$0.14B,25.91%,$0.55B,$0.19B,34.85%,$0.55B,$0.03B,4.56%,$0.55B,$0.21B,38.87%,$0.55B,$0.03B,6.20%,$0.55B,$0.02B,4.38%,$0.02B,$0.30B,8.63%,$0.02B,$0.26B,9.87%,$0.02B,$0.69B,3.79%,$0.19B,$0.51B,42.00%,$166,$119,$47,$0,$0,$0,$166,$0,$15,$5,$0,$0,$9,$166,$0,$1,1,$6.60,$6.58,$234,$6,$10,$259,$367,$21,$34,$8,$431,$690,$106,$216,$9,$286,$392,$1,$239,$6,$298,$690,$10,$6,$-5,$1,$-2,$0,$0,$-2,$-5,$6,$-2,$0,$0,$0,$19,$19,$-7,$10,$-1,$0,$-1,$0,$0,$0,$1,$0,$16,$0,$0
28,2011-09-30,274.99,$0.00,0.0,$404.95,0.68,$70.23,3.92,$17.80,15.45,$0.24B,$0.12B,2.09,$0.22B,$0.28B,0.78,$0.54B,$0.14B,25.88%,$0.54B,$0.18B,34.01%,$0.54B,$0.03B,4.62%,$0.54B,$0.21B,38.08%,$0.54B,$0.03B,5.91%,$0.54B,$0.02B,4.44%,$0.02B,$0.28B,8.99%,$0.02B,$0.25B,10.36%,$0.02B,$0.67B,4.02%,$0.18B,$0.50B,43.32%,$0,$0,$0,$0,$0,$0,$0,$0,$0,$0,$0,$0,$0,$0,$0,$0,0,$0.00,$0.00,$214,$6,$10,$241,$372,$19,$34,$7,$432,$673,$115,$217,$9,$278,$393,$1,$230,$-5,$280,$673,$0,$0,$0,$0,$0,$0,$0,$0,$0,$0,$0,$0,$0,$0,$0,$0,$0,$0,$0,$0,$0,$0,$0,$0,$0,$0,$0,$0,$0
29,2011-06-30,362.81,$224.29,1.62,$404.95,0.9,$70.23,5.17,$17.80,20.38,$0.17B,$0.12B,1.39,$0.14B,$0.28B,0.49,$0.54B,$0.14B,25.88%,$0.54B,$0.18B,34.01%,$0.54B,$0.03B,4.62%,$0.54B,$0.21B,38.08%,$0.54B,$0.03B,5.91%,$0.54B,$0.02B,4.44%,$0.02B,$0.28B,9.26%,$0.02B,$0.24B,10.74%,$0.02B,$0.61B,4.21%,$0.18B,$0.41B,46.20%,$171,$126,$44,$0,$22,$158,$13,$-2,$11,$2,$9,$9,$9,$20,$13,$1,1,$6.52,$6.49,$134,$6,$12,$167,$376,$22,$35,$6,$438,$605,$120,$135,$8,$210,$330,$1,$220,$5,$275,$605,$24,$22,$0,$22,$-4,$0,$0,$1,$4,$50,$-9,$0,$0,$0,$-63,$-63,$5,$-66,$1,$0,$1,$0,$0,$0,$-15,$-14,$-30,$1,$0
30,2011-03-31,392.97,$210.69,1.87,$392.41,1.0,$70.69,5.56,$17.54,22.4,$0.12B,$0.09B,1.4,$0.14B,$0.26B,0.54,$0.53B,$0.14B,25.99%,$0.53B,$0.18B,34.65%,$0.53B,$0.03B,4.71%,$0.53B,$0.21B,38.79%,$0.53B,$0.03B,6.03%,$0.53B,$0.02B,4.52%,$0.02B,$0.26B,9.56%,$0.02B,$0.22B,11.18%,$0.02B,$0.56B,4.31%,$0.18B,$0.40B,46.97%,$211,$160,$51,$0,$25,$199,$12,$-4,$8,$3,$6,$6,$6,$27,$12,$1,1,$4.25,$4.23,$90,$6,$11,$124,$378,$18,$35,$7,$438,$562,$89,$138,$10,$214,$304,$1,$211,$1,$259,$562,$15,$15,$4,$19,$-5,$0,$0,$1,$-1,$32,$-6,$0,$0,$0,$19,$19,$-4,$9,$-5,$0,$-5,$-0,$-0,$0,$-15,$-20,$22,$1,$0
31,2010-12-31,380.59,$207.01,1.84,$372.62,1.02,$69.64,5.46,$17.15,22.19,$0.12B,$0.08B,1.4,$0.14B,$0.25B,0.55,$0.52B,$0.13B,25.63%,$0.52B,$0.18B,35.26%,$0.52B,$0.02B,4.62%,$0.52B,$0.21B,39.69%,$0.52B,$0.03B,6.17%,$0.52B,$0.02B,4.62%,$0.02B,$0.25B,9.17%,$0.02B,$0.22B,10.62%,$0.02B,$0.55B,4.30%,$0.18B,$0.39B,45.05%,$159,$114,$45,$0,$0,$0,$159,$0,$13,$4,$0,$0,$9,$159,$0,$1,1,$7.13,$7.08,$87,$6,$12,$115,$382,$10,$37,$7,$435,$550,$82,$140,$10,$214,$296,$1,$205,$1,$254,$550,$9,$7,$10,$17,$1,$0,$0,$1,$2,$27,$-1,$0,$0,$0,$31,$31,$-4,$26,$-6,$0,$-6,$0,$0,$0,$-15,$-21,$32,$0,$0
32,2010-09-30,304.92,$0.00,0.0,$357.97,0.85,$62.35,4.89,$13.89,21.95,$0.11B,$0.09B,1.21,$0.14B,$0.25B,0.57,$0.51B,$0.13B,24.75%,$0.51B,$0.17B,33.99%,$0.51B,$0.02B,4.72%,$0.51B,$0.20B,38.51%,$0.51B,$0.03B,5.30%,$0.51B,$0.02B,3.93%,$0.02B,$0.25B,7.33%,$0.02B,$0.21B,8.26%,$0.02B,$0.56B,3.62%,$0.17B,$0.39B,41.76%,$0,$0,$0,$0,$0,$0,$0,$0,$0,$0,$0,$0,$0,$0,$0,$0,0,$0.00,$0.00,$80,$6,$14,$110,$386,$23,$37,$8,$454,$564,$91,$142,$9,$224,$315,$1,$196,$-1,$249,$564,$0,$0,$0,$0,$0,$0,$0,$0,$0,$0,$0,$0,$0,$0,$0,$0,$0,$0,$0,$0,$0,$0,$0,$0,$0,$0,$0,$0,$0
33,2010-06-30,266.18,$196.59,1.35,$357.97,0.74,$62.35,4.27,$13.89,19.16,$0.10B,$0.09B,1.15,$0.14B,$0.24B,0.59,$0.51B,$0.13B,24.75%,$0.51B,$0.17B,33.99%,$0.51B,$0.02B,4.72%,$0.51B,$0.20B,38.51%,$0.51B,$0.03B,5.30%,$0.51B,$0.02B,3.93%,$0.02B,$0.24B,7.05%,$0.02B,$0.21B,7.75%,$0.02B,$0.55B,3.71%,$0.17B,$0.39B,41.00%,$161,$119,$42,$0,$19,$148,$13,$-2,$11,$3,$7,$7,$9,$20,$13,$1,1,$6.27,$6.23,$62,$6,$17,$98,$388,$21,$37,$8,$454,$551,$85,$143,$9,$224,$309,$1,$187,$-1,$242,$551,$18,$23,$3,$26,$0,$0,$0,$-0,$5,$50,$-6,$0,$0,$0,$-21,$-21,$-1,$-28,$-3,$-1,$-4,$-34,$-34,$0,$-0,$-38,$-16,$1,$0
34,2010-03-31,353.74,$211.09,1.68,$344.75,1.03,$63.94,5.53,$10.26,34.48,$0.12B,$0.08B,1.48,$0.15B,$0.30B,0.5,$0.49B,$0.12B,24.09%,$0.49B,$0.17B,34.01%,$0.49B,$0.02B,3.85%,$0.49B,$0.19B,38.66%,$0.49B,$0.02B,4.25%,$0.49B,$0.02B,3.04%,$0.02B,$0.30B,5.08%,$0.02B,$0.27B,5.46%,$0.02B,$0.57B,2.83%,$0.17B,$0.46B,38.98%,$199,$153,$46,$0,$21,$188,$11,$-3,$8,$3,$6,$6,$6,$27,$11,$1,1,$3.87,$3.84,$81,$8,$17,$121,$393,$12,$35,$8,$447,$569,$82,$152,$9,$185,$266,$1,$179,$0,$302,$569,$11,$16,$2,$18,$-3,$0,$0,$-0,$2,$31,$-4,$0,$0,$0,$-0,$-0,$1,$-3,$-3,$0,$-3,$0,$0,$0,$-1,$-4,$24,$1,$0
35,2009-12-31,300.72,$207.19,1.45,$338.66,0.89,$65.91,4.56,$8.02,37.5,$0.11B,$0.08B,1.31,$0.13B,$0.30B,0.43,$0.48B,$0.12B,23.76%,$0.48B,$0.16B,33.88%,$0.48B,$0.02B,3.10%,$0.48B,$0.19B,38.84%,$0.48B,$0.02B,3.31%,$0.48B,$0.01B,2.27%,$0.01B,$0.30B,3.78%,$0.01B,$0.28B,4.00%,$0.01B,$0.52B,2.13%,$0.16B,$0.43B,38.79%,$149,$112,$38,$0,$0,$0,$149,$0,$8,$3,$0,$0,$5,$149,$0,$1,1,$3.84,$3.82,$71,$7,$16,$105,$394,$0,$16,$8,$418,$524,$80,$129,$8,$146,$226,$1,$173,$1,$298,$524,$5,$7,$0,$7,$1,$0,$0,$1,$7,$20,$-2,$0,$0,$0,$-5,$-5,$0,$-7,$-1,$0,$-1,$-0,$-0,$0,$-1,$-1,$11,$0,$0
36,2009-09-30,218.4,$0.00,0.0,$327.56,0.67,$67.02,3.26,$1.80,121.33,$0.09B,$0.08B,1.2,$0.13B,$0.29B,0.45,$0.47B,$0.10B,21.84%,$0.47B,$0.15B,31.48%,$0.47B,$0.02B,3.21%,$0.47B,$0.17B,36.62%,$0.47B,$0.00B,0.43%,$0.47B,$0.00B,0.64%,$0.00B,$0.29B,1.05%,$0.00B,$0.28B,1.11%,$0.00B,$0.51B,0.58%,$0.15B,$0.42B,34.88%,$0,$0,$0,$0,$0,$0,$0,$0,$0,$0,$0,$0,$0,$0,$0,$0,0,$0.00,$0.00,$54,$7,$18,$91,$400,$0,$16,$8,$424,$514,$76,$130,$7,$147,$222,$1,$168,$0,$292,$514,$0,$0,$0,$0,$0,$0,$0,$0,$0,$0,$0,$0,$0,$0,$0,$0,$0,$0,$0,$0,$0,$0,$0,$0,$0,$0,$0,$0,$0
37,2009-06-30,162.18,$200.43,0.81,$327.56,0.5,$67.02,2.42,$1.80,90.1,$0.08B,$0.08B,1.09,$0.13B,$0.29B,0.46,$0.47B,$0.10B,21.84%,$0.47B,$0.15B,31.48%,$0.47B,$0.02B,3.21%,$0.47B,$0.17B,36.62%,$0.47B,$0.00B,0.43%,$0.47B,$0.00B,0.64%,$0.00B,$0.29B,1.05%,$0.00B,$0.27B,1.12%,$0.00B,$0.51B,0.58%,$0.15B,$0.42B,34.63%,$146,$112,$35,$0,$16,$138,$8,$-3,$5,$2,$4,$4,$4,$15,$8,$1,1,$2.66,$2.65,$38,$7,$24,$83,$406,$0,$16,$8,$430,$513,$76,$132,$7,$149,$224,$15,$164,$0,$289,$513,$3,$24,$9,$33,$8,$0,$0,$-3,$6,$41,$6,$0,$0,$0,$0,$0,$0,$6,$-20,$-1,$-21,$1,$1,$0,$4,$-16,$31,$2,$0
38,2009-03-31,140.47,$197.54,0.71,$327.45,0.43,$38.71,3.63,$-7.80,0.0,$0.08B,$0.08B,0.95,$0.14B,$0.28B,0.49,$0.47B,$0.10B,20.86%,$0.47B,$0.14B,30.11%,$0.47B,$0.01B,1.72%,$0.47B,$0.16B,35.27%,$0.47B,$-0.02B,-4.09%,$0.47B,$-0.01B,-2.37%,$-0.01B,$0.28B,-3.85%,$-0.01B,$0.27B,-4.09%,$-0.01B,$0.51B,-2.11%,$0.14B,$0.42B,32.50%,$189,$147,$42,$0,$21,$182,$7,$-4,$3,$0,$2,$2,$2,$24,$7,$1,1,$1.58,$1.58,$35,$7,$26,$77,$413,$0,$16,$8,$437,$514,$81,$138,$7,$148,$230,$15,$161,$0,$284,$514,$-1,$17,$5,$22,$9,$0,$0,$-2,$5,$26,$4,$0,$0,$0,$0,$0,$0,$4,$-7,$3,$-4,$0,$0,$0,$2,$-2,$28,$2,$0
39,2008-12-31,110.41,$195.89,0.56,$329.84,0.33,$17.79,6.21,$-11.40,0.0,$0.07B,$0.09B,0.79,$0.14B,$0.28B,0.5,$0.47B,$0.09B,20.17%,$0.47B,$0.13B,28.54%,$0.47B,$0.00B,0.21%,$0.47B,$0.16B,33.91%,$0.47B,$-0.03B,-5.79%,$0.47B,$-0.02B,-3.43%,$-0.02B,$0.28B,-5.52%,$-0.02B,$0.27B,-5.84%,$-0.02B,$0.52B,-3.01%,$0.13B,$0.42B,30.28%,$132,$107,$25,$0,$0,$0,$132,$0,$-6,$-3,$0,$0,$-3,$132,$0,$1,1,$-2.43,$-2.43,$26,$7,$27,$69,$424,$0,$16,$9,$449,$518,$87,$140,$7,$150,$237,$15,$158,$0,$281,$518,$-3,$7,$2,$10,$10,$0,$0,$-1,$10,$16,$3,$0,$0,$0,$0,$0,$0,$3,$-6,$6,$0,$-0,$-0,$0,$0,$0,$19,$1,$0
40,2008-09-30,161.06,$0.00,0.0,$333.66,0.48,$4.89,32.95,$-9.80,0.0,$0.06B,$0.08B,0.8,$0.15B,$0.28B,0.53,$0.47B,$0.10B,20.64%,$0.47B,$0.14B,29.15%,$0.47B,$0.00B,0.21%,$0.47B,$0.16B,34.47%,$0.47B,$-0.02B,-4.89%,$0.47B,$-0.01B,-2.98%,$-0.01B,$0.28B,-4.74%,$-0.01B,$0.27B,-5.01%,$-0.01B,$0.52B,-2.58%,$0.14B,$0.43B,30.53%,$0,$0,$0,$0,$0,$0,$0,$0,$0,$0,$0,$0,$0,$0,$0,$0,0,$0.00,$0.00,$7,$7,$28,$61,$433,$0,$16,$10,$459,$520,$76,$151,$7,$160,$237,$15,$162,$0,$284,$520,$0,$0,$0,$0,$0,$0,$0,$0,$0,$0,$0,$0,$0,$0,$0,$0,$0,$0,$0,$0,$0,$0,$0,$0,$0,$0,$0,$0,$0
41,2008-06-30,117.46,$204.16,0.58,$333.66,0.35,$4.89,24.03,$-9.80,0.0,$0.05B,$0.08B,0.7,$0.15B,$0.29B,0.52,$0.47B,$0.10B,20.64%,$0.47B,$0.14B,29.15%,$0.47B,$0.00B,0.21%,$0.47B,$0.16B,34.47%,$0.47B,$-0.02B,-4.89%,$0.47B,$-0.01B,-2.98%,$-0.01B,$0.29B,-4.66%,$-0.01B,$0.28B,-4.93%,$-0.01B,$0.53B,-2.53%,$0.14B,$0.45B,30.09%,$144,$115,$30,$0,$18,$144,$1,$-17,$-16,$-6,$-10,$-10,$-10,$8,$1,$1,1,$-7.00,$-7.00,$2,$7,$36,$53,$450,$0,$16,$10,$476,$529,$76,$153,$8,$160,$236,$15,$171,$0,$293,$529,$-14,$26,$12,$38,$2,$0,$0,$-3,$-0,$24,$-17,$0,$0,$0,$0,$0,$0,$-17,$-4,$-18,$-22,$1,$1,$0,$15,$-6,$0,$3,$0
42,2008-03-31,146.03,$212.02,0.69,$340.35,0.43,$-9.52,0.0,$-2.80,0.0,$0.05B,$0.09B,0.55,$0.15B,$0.30B,0.51,$0.48B,$0.11B,21.88%,$0.48B,$0.14B,30.00%,$0.48B,$0.01B,1.67%,$0.48B,$0.17B,35.21%,$0.48B,$-0.01B,-1.67%,$0.48B,$-0.00B,-0.83%,$-0.00B,$0.30B,-1.32%,$-0.00B,$0.29B,-1.40%,$-0.00B,$0.56B,-0.71%,$0.14B,$0.46B,31.36%,$190,$151,$39,$0,$24,$191,$-0,$-5,$-5,$-2,$-3,$-3,$-3,$18,$-0,$1,1,$-2.00,$-2.00,$2,$8,$34,$51,$486,$0,$16,$7,$509,$560,$93,$154,$7,$166,$259,$15,$181,$0,$302,$560,$-4,$18,$2,$20,$2,$0,$0,$-2,$-2,$14,$-14,$0,$0,$0,$0,$0,$0,$-14,$-3,$2,$-1,$1,$1,$0,$0,$0,$0,$2,$0
43,2007-12-31,202.26,$213.52,0.95,$348.81,0.58,$-20.83,0.0,$3.40,59.49,$0.05B,$0.09B,0.53,$0.16B,$0.30B,0.51,$0.49B,$0.12B,24.39%,$0.49B,$0.16B,31.91%,$0.49B,$0.02B,4.27%,$0.49B,$0.18B,36.79%,$0.49B,$0.01B,1.22%,$0.49B,$0.01B,1.02%,$0.01B,$0.30B,1.65%,$0.01B,$0.29B,1.75%,$0.01B,$0.56B,0.89%,$0.16B,$0.46B,34.09%,$136,$108,$28,$0,$0,$0,$136,$0,$-2,$-1,$0,$0,$-1,$136,$0,$1,1,$-0.80,$-0.80,$2,$7,$31,$49,$490,$0,$16,$8,$514,$563,$92,$156,$7,$168,$260,$15,$184,$0,$303,$563,$-1,$8,$1,$8,$1,$0,$0,$0,$0,$7,$-7,$0,$0,$0,$0,$0,$0,$-7,$-1,$1,$-0,$0,$0,$0,$0,$0,$1,$1,$0
44,2007-09-30,278.52,$0.00,0.0,$356.62,0.78,$-23.02,0.0,$7.20,38.68,$0.05B,$0.10B,0.51,$0.16B,$0.30B,0.51,$0.50B,$0.13B,26.04%,$0.50B,$0.17B,33.40%,$0.50B,$0.02B,4.17%,$0.50B,$0.19B,38.17%,$0.50B,$0.01B,2.58%,$0.50B,$0.01B,1.99%,$0.01B,$0.30B,3.34%,$0.01B,$0.29B,3.53%,$0.01B,$0.57B,1.78%,$0.17B,$0.46B,36.58%,$0,$0,$0,$0,$0,$0,$0,$0,$0,$0,$0,$0,$0,$0,$0,$0,0,$0.00,$0.00,$1,$7,$30,$48,$493,$0,$16,$8,$517,$565,$95,$156,$6,$167,$261,$15,$185,$0,$304,$565,$0,$0,$0,$0,$0,$0,$0,$0,$0,$0,$0,$0,$0,$0,$0,$0,$0,$0,$0,$0,$0,$0,$0,$0,$0,$0,$0,$0,$0
45,2007-06-30,309.7,$212.43,1.46,$356.62,0.87,$-23.02,0.0,$7.20,43.01,$0.05B,$0.10B,0.48,$0.16B,$0.30B,0.53,$0.50B,$0.13B,26.04%,$0.50B,$0.17B,33.40%,$0.50B,$0.02B,4.17%,$0.50B,$0.19B,38.17%,$0.50B,$0.01B,2.58%,$0.50B,$0.01B,1.99%,$0.01B,$0.30B,3.38%,$0.01B,$0.29B,3.58%,$0.01B,$0.57B,1.80%,$0.17B,$0.46B,36.78%,$154,$115,$38,$0,$20,$146,$8,$-9,$-1,$-1,$0,$0,$0,$15,$8,$1,1,$0.00,$0.00,$4,$8,$25,$46,$497,$0,$17,$8,$521,$568,$98,$159,$5,$168,$265,$15,$183,$0,$302,$568,$10,$25,$8,$32,$-2,$0,$0,$-5,$-6,$36,$-50,$0,$0,$0,$0,$0,$0,$-50,$12,$-1,$10,$2,$2,$0,$1,$13,$-1,$4,$0
46,2007-03-31,311.18,$211.76,1.47,$355.10,0.88,$-21.60,0.0,$12.40,25.1,$0.03B,$0.09B,0.32,$0.16B,$0.30B,0.53,$0.50B,$0.14B,27.25%,$0.50B,$0.17B,34.87%,$0.50B,$0.03B,5.41%,$0.50B,$0.20B,39.48%,$0.50B,$0.03B,5.01%,$0.50B,$0.02B,3.41%,$0.02B,$0.30B,5.87%,$0.02B,$0.29B,6.19%,$0.02B,$0.56B,3.11%,$0.17B,$0.46B,38.77%,$202,$148,$54,$0,$27,$189,$13,$-4,$9,$3,$6,$6,$6,$30,$13,$1,1,$4.20,$4.20,$2,$7,$11,$30,$508,$0,$17,$8,$533,$563,$92,$160,$4,$170,$261,$15,$183,$0,$301,$563,$10,$17,$2,$19,$0,$0,$0,$-5,$-10,$20,$-36,$0,$0,$0,$0,$0,$0,$-36,$12,$-1,$11,$2,$2,$0,$1,$14,$-3,$2,$0
47,2006-12-31,326.58,$207.23,1.58,$352.68,0.93,$-14.91,0.0,$14.20,23.0,$0.03B,$0.09B,0.31,$0.16B,$0.29B,0.55,$0.50B,$0.14B,27.68%,$0.50B,$0.18B,35.96%,$0.50B,$0.03B,6.26%,$0.50B,$0.20B,40.20%,$0.50B,$0.03B,5.86%,$0.50B,$0.02B,4.04%,$0.02B,$0.29B,7.10%,$0.02B,$0.28B,7.45%,$0.02B,$0.55B,3.75%,$0.18B,$0.45B,40.57%,$147,$109,$39,$0,$0,$0,$147,$0,$5,$1,$0,$0,$4,$147,$0,$1,1,$3.00,$3.00,$5,$7,$9,$28,$501,$0,$17,$8,$526,$554,$90,$162,$4,$171,$262,$15,$177,$0,$292,$554,$4,$7,$1,$9,$2,$0,$0,$-2,$4,$17,$-20,$0,$0,$0,$0,$0,$0,$-20,$14,$-11,$3,$0,$0,$0,$0,$3,$0,$1,$0
