,Date,Stock Price,Book Value per Share,Price to Book Ratio,TTM Sales per Share,Price to Sales Ratio,TTM FCF per Share,Price to FCF Ratio,TTM Net EPS,PE Ratio,Current Assets,Current Liabilities,Current Ratio,Long Term Debt,Shareholder's Equity_x,Debt to Equity Ratio,TTM Revenue_x,TTM Gross Profit,Gross Margin,TTM Revenue_y,TTM Operating Income,Operating Margin,TTM Revenue_x,TTM EBIT,EBIT Margin,TTM Revenue_y,TTM EBITDA,EBITDA Margin,TTM Revenue_x,TTM Pre-Tax Income,Pre-Tax Margin,TTM Revenue_y,TTM Net Income_x,Net Margin,TTM Net Income_y,Shareholder's Equity_y,Return on Equity,TTM Net Income_x,Tangible Equity,Return on Tangible Equity,TTM Net Income_y,Total Assets,Return on Assets,TTM Net Income,LT Investments & Debt,Return on Investment,revenue,cost-goods-sold,gross-profit,research-development-expenses,selling-general-administrative-expenses,operating-expenses,operating-income,total-non-operating-income-expense,pre-tax-income,total-provision-income-taxes,income-after-taxes,income-from-continuous-operations,net-income,ebitda,ebit,basic-shares-outstanding,shares-outstanding,eps-basic-net-earnings-per-share,eps-earnings-per-share-diluted,cash-on-hand,inventory,other-current-assets,total-current-assets,net-property-plant-equipment,long-term-investments,goodwill-intangible-assets-total,other-long-term-assets,total-long-term-assets,total-assets,total-current-liabilities,long-term-debt,other-non-current-liabilities,total-long-term-liabilities,total-liabilities,common-stock-net,retained-earnings-accumulated-deficit,comprehensive-income,total-share-holder-equity,total-liabilities-share-holders-equity,net-income-loss,total-depreciation-amortization-cash-flow,other-non-cash-items,total-non-cash-items,change-in-accounts-receivable,change-in-inventories,change-in-accounts-payable,change-in-assets-liabilities,total-change-in-assets-liabilities,cash-flow-from-operating-activities,net-change-in-property-plant-equipment,net-change-in-intangible-assets,net-acquisitions-divestitures,net-change-in-short-term-investments,net-change-in-long-term-investments,net-change-in-investments-total,investing-activities-other,cash-flow-from-investing-activities,net-long-term-debt,net-current-debt,debt-issuance-retirement-net-total,net-common-equity-issued-repurchased,net-total-equity-issued-repurchased,total-common-preferred-stock-dividends-paid,financial-activities-other,cash-flow-from-financial-activities,net-cash-flow,stock-based-compensation,common-stock-dividends-paid
0,2018-09-30,40.7,$33.74,1.21,$12.75,3.19,$8.38,4.85,$1.93,21.09,$9.09B,$9.95B,0.91,$0.35B,$1.49B,0.24,$0.57B,$0.47B,83.07%,$0.57B,$0.16B,27.69%,$0.57B,0,0.00%,$0.57B,0,0.00%,$0.57B,$0.14B,23.81%,$0.57B,$0.09B,15.52%,$0.09B,$1.53B,5.83%,$0.09B,$0.98B,9.21%,$0.09B,$12.03B,0.75%,$0.16B,$1.88B,8.26%,$148,$30,$119,$0,$76,$107,$41,$-0,$41,$9,$32,$32,$32,$0,$0,$46,46,$0.70,$0.70,$147,$0,$0,$9085,$111,$1907,$553,$318,$2945,$12030,$9954,$352,$192,$544,$10498,$0,$305,$-29,$1532,$12030,$92,$1,$22,$23,$62,$0,$0,$5,$67,$182,$-10,$0,$0,$-18,$-49,$-67,$-608,$-684,$403,$0,$403,$0,$0,$-31,$17,$390,$-113,$4,$-31
1,2018-06-30,40.39,$33.38,1.21,$12.48,3.24,$5.69,7.1,$1.80,22.44,$8.95B,$9.84B,0.91,$0.36B,$1.48B,0.25,$0.54B,$0.45B,84.36%,$0.54B,$0.15B,27.56%,$0.54B,0,0.00%,$0.54B,0,0.00%,$0.54B,$0.12B,23.09%,$0.54B,$0.08B,14.71%,$0.08B,$1.52B,5.45%,$0.08B,$0.96B,8.53%,$0.08B,$11.90B,0.71%,$0.15B,$1.88B,7.96%,$147,$26,$121,$0,$77,$104,$43,$-1,$42,$8,$34,$34,$34,$0,$0,$46,46,$0.74,$0.74,$151,$0,$0,$8954,$112,$1908,$555,$319,$2948,$11902,$9841,$362,$183,$545,$10386,$0,$283,$-21,$1516,$11902,$59,$0,$14,$14,$4,$0,$0,$-2,$2,$66,$-8,$0,$0,$106,$-159,$-52,$-412,$-472,$227,$0,$227,$0,$0,$-20,$90,$296,$-110,$3,$-20
2,2018-03-31,37.54,$33.02,1.14,$12.44,3.02,$4.67,8.03,$1.59,23.61,$8.56B,$9.52B,0.9,$0.38B,$1.46B,0.26,$0.51B,$0.43B,85.60%,$0.51B,$0.14B,26.82%,$0.51B,0,0.00%,$0.51B,0,0.00%,$0.51B,$0.11B,21.70%,$0.51B,$0.07B,12.82%,$0.07B,$1.50B,4.69%,$0.07B,$0.94B,7.24%,$0.07B,$11.52B,0.61%,$0.14B,$1.88B,7.54%,$137,$22,$115,$0,$76,$99,$38,$-5,$33,$7,$25,$25,$25,$0,$0,$46,46,$0.55,$0.55,$136,$0,$0,$8557,$111,$1920,$556,$323,$2963,$11519,$9519,$379,$123,$502,$10022,$0,$259,$-15,$1498,$11519,$25,$1,$9,$10,$55,$0,$0,$-5,$50,$86,$-4,$0,$0,$57,$-116,$-58,$-150,$-213,$78,$0,$78,$0,$0,$-10,$-66,$2,$-125,$1,$-10
3,2017-12-31,35.99,$33.04,1.09,$12.73,2.83,$4.14,8.69,$1.48,24.32,$8.66B,$9.42B,0.92,$0.47B,$1.46B,0.32,$0.49B,$0.42B,86.80%,$0.49B,$0.13B,27.22%,$0.49B,0,0.00%,$0.49B,0,0.00%,$0.49B,$0.10B,20.41%,$0.49B,$0.06B,11.34%,$0.06B,$1.50B,4.27%,$0.06B,$0.94B,6.61%,$0.06B,$11.57B,0.55%,$0.13B,$1.97B,7.90%,$135,$19,$116,$0,$79,$100,$35,$-16,$19,$22,$-3,$-3,$-3,$0,$0,$39,40,$-0.14,$-0.15,$261,$0,$0,$8662,$109,$1886,$558,$308,$2909,$11571,$9417,$470,$188,$658,$10074,$0,$239,$4,$1496,$11571,$55,$5,$35,$40,$-33,$0,$0,$16,$-17,$78,$-13,$0,$375,$0,$-164,$-164,$-481,$-283,$-196,$0,$-196,$153,$153,$-33,$417,$341,$136,$5,$-33
4,2017-09-30,37.89,$31.78,1.19,$12.19,3.11,$5.36,7.07,$1.86,20.37,$7.15B,$7.85B,0.91,$0.43B,$1.29B,0.33,$0.44B,$0.38B,86.79%,$0.44B,$0.12B,27.11%,$0.44B,0,0.00%,$0.44B,0,0.00%,$0.44B,$0.09B,20.73%,$0.44B,$0.07B,15.49%,$0.07B,$1.29B,5.73%,$0.07B,$0.86B,8.89%,$0.07B,$9.77B,0.72%,$0.12B,$1.71B,7.88%,$118,$17,$101,$0,$69,$86,$32,$-1,$30,$7,$23,$23,$23,$0,$0,$40,40,$0.57,$0.57,$105,$0,$0,$7147,$95,$1811,$420,$254,$2620,$9767,$7851,$427,$203,$631,$8482,$0,$252,$11,$1285,$9767,$58,$6,$8,$15,$-23,$0,$0,$1,$-22,$51,$-10,$0,$0,$24,$-215,$-191,$-344,$-545,$175,$0,$175,$153,$153,$-24,$169,$473,$-21,$4,$-24
5,2017-06-30,34.17,$31.37,1.09,$12.16,2.81,$6.13,5.57,$1.82,18.77,$7.16B,$7.80B,0.92,$0.39B,$1.27B,0.31,$0.41B,$0.36B,87.07%,$0.41B,$0.11B,27.56%,$0.41B,0,0.00%,$0.41B,0,0.00%,$0.41B,$0.08B,20.49%,$0.41B,$0.06B,14.88%,$0.06B,$1.27B,5.55%,$0.06B,$0.85B,8.78%,$0.06B,$9.63B,0.68%,$0.11B,$1.66B,8.28%,$117,$15,$102,$0,$71,$87,$31,$-3,$28,$8,$20,$20,$20,$0,$0,$37,37,$0.53,$0.53,$194,$0,$0,$7157,$94,$1681,$421,$233,$2470,$9627,$7796,$391,$172,$563,$8359,$0,$237,$10,$1268,$9627,$35,$3,$1,$3,$-26,$0,$0,$-1,$-27,$16,$-7,$0,$0,$113,$-250,$-137,$-273,$-416,$158,$0,$158,$153,$153,$-15,$93,$389,$-11,$3,$-15
6,2017-03-31,34.84,$30.77,1.13,$11.74,2.97,$6.77,5.15,$1.81,19.25,$6.81B,$7.79B,0.87,$0.25B,$1.10B,0.23,$0.38B,$0.33B,86.74%,$0.38B,$0.10B,27.59%,$0.38B,0,0.00%,$0.38B,0,0.00%,$0.38B,$0.08B,20.42%,$0.38B,$0.06B,15.12%,$0.06B,$1.10B,5.63%,$0.06B,$0.68B,9.09%,$0.06B,$9.30B,0.66%,$0.10B,$1.35B,8.43%,$115,$14,$102,$0,$67,$82,$34,$-12,$22,$7,$15,$15,$15,$0,$0,$35,35,$0.44,$0.44,$106,$0,$0,$6806,$95,$1701,$422,$231,$2492,$9298,$7793,$247,$158,$406,$8198,$0,$225,$8,$1100,$9298,$15,$1,$-4,$-4,$31,$0,$0,$6,$37,$49,$-5,$0,$0,$45,$-128,$-84,$-75,$-164,$70,$0,$70,$0,$0,$-8,$33,$96,$-20,$1,$-8
7,2016-12-31,35.41,$30.65,1.16,$11.22,3.16,$5.77,6.13,$1.89,18.73,$6.75B,$7.70B,0.88,$0.23B,$1.09B,0.21,$0.35B,$0.30B,86.13%,$0.35B,$0.09B,26.88%,$0.35B,0,0.00%,$0.35B,0,0.00%,$0.35B,$0.08B,22.25%,$0.35B,$0.06B,16.76%,$0.06B,$1.09B,6.02%,$0.06B,$0.67B,9.66%,$0.06B,$9.16B,0.70%,$0.09B,$1.33B,7.87%,$89,$13,$76,$0,$53,$67,$22,$-12,$11,$0,$10,$10,$10,$0,$0,$31,31,$0.32,$0.31,$126,$0,$0,$6753,$93,$1615,$423,$238,$2410,$9163,$7704,$232,$133,$365,$8069,$0,$217,$10,$1093,$9163,$59,$15,$20,$35,$5,$0,$0,$-1,$5,$98,$-9,$0,$-48,$0,$182,$182,$-333,$-208,$-1,$0,$-1,$4,$4,$-25,$141,$119,$10,$5,$-25
8,2016-09-30,26.45,$29.97,0.88,$11.18,2.36,$5.75,4.6,$2.09,12.65,$6.17B,$6.69B,0.92,$0.20B,$0.93B,0.21,$0.34B,$0.29B,86.69%,$0.34B,$0.09B,26.63%,$0.34B,0,0.00%,$0.34B,0,0.00%,$0.34B,$0.08B,24.85%,$0.34B,$0.06B,18.93%,$0.06B,$0.93B,7.02%,$0.06B,$0.58B,11.21%,$0.06B,$7.93B,0.81%,$0.09B,$1.13B,8.04%,$89,$13,$77,$0,$51,$64,$26,$-2,$23,$7,$16,$16,$16,$0,$0,$31,31,$0.53,$0.53,$145,$0,$0,$6169,$86,$1078,$348,$215,$1762,$7931,$6690,$198,$111,$309,$6999,$0,$213,$8,$933,$7931,$48,$9,$13,$22,$-7,$0,$0,$-4,$-11,$59,$-4,$0,$-56,$0,$231,$231,$-283,$-111,$-125,$0,$-125,$0,$0,$-19,$161,$18,$-34,$3,$-19
9,2016-06-30,25.5,$29.64,0.86,$10.88,2.34,$5.58,4.57,$2.05,12.44,$6.07B,$6.77B,0.9,$0.21B,$0.92B,0.23,$0.33B,$0.29B,87.46%,$0.33B,$0.08B,25.38%,$0.33B,0,0.00%,$0.33B,0,0.00%,$0.33B,$0.08B,23.55%,$0.33B,$0.06B,19.27%,$0.06B,$0.92B,7.00%,$0.06B,$0.57B,11.23%,$0.06B,$8.04B,0.80%,$0.08B,$1.13B,7.49%,$84,$12,$72,$0,$49,$61,$22,$-1,$21,$5,$16,$16,$16,$0,$0,$31,31,$0.52,$0.52,$89,$0,$0,$6070,$86,$1274,$349,$231,$1973,$8044,$6767,$210,$143,$353,$7120,$0,$203,$10,$923,$8044,$32,$6,$8,$14,$-9,$0,$0,$-7,$-16,$30,$-3,$0,$-56,$0,$105,$105,$-249,$-202,$57,$0,$57,$0,$0,$-12,$99,$143,$-29,$3,$-12
10,2016-03-31,25.28,$29.18,0.87,$10.88,2.32,$4.67,5.41,$1.88,13.45,$5.79B,$6.53B,0.89,$0.23B,$0.91B,0.25,$0.32B,$0.28B,88.44%,$0.32B,$0.08B,25.31%,$0.32B,0,0.00%,$0.32B,0,0.00%,$0.32B,$0.07B,20.94%,$0.32B,$0.06B,17.81%,$0.06B,$0.91B,6.51%,$0.06B,$0.57B,10.47%,$0.06B,$7.81B,0.74%,$0.08B,$1.14B,7.47%,$84,$11,$73,$0,$50,$61,$23,$-1,$22,$6,$16,$16,$16,$0,$0,$31,31,$0.52,$0.52,$83,$0,$0,$5786,$88,$1360,$334,$204,$2022,$7808,$6525,$229,$148,$377,$6902,$0,$194,$5,$906,$7808,$16,$2,$5,$7,$-3,$0,$0,$-11,$-14,$9,$-2,$0,$0,$0,$14,$14,$18,$29,$-93,$0,$-93,$0,$0,$-6,$26,$-73,$-35,$1,$-6
11,2015-12-31,27.16,$28.64,0.95,$10.75,2.53,$4.55,5.97,$1.71,15.88,$5.82B,$6.66B,0.87,$0.19B,$0.89B,0.22,$0.30B,$0.27B,89.04%,$0.30B,$0.07B,23.59%,$0.30B,0,0.00%,$0.30B,0,0.00%,$0.30B,$0.05B,17.94%,$0.30B,$0.05B,16.61%,$0.05B,$0.89B,6.04%,$0.05B,$0.55B,9.78%,$0.05B,$7.83B,0.67%,$0.07B,$1.08B,6.98%,$81,$10,$71,$0,$51,$61,$19,$-1,$18,$2,$16,$16,$16,$0,$0,$28,29,$0.55,$0.54,$118,$0,$0,$5817,$88,$1357,$335,$192,$2014,$7831,$6660,$192,$91,$284,$6944,$0,$184,$-3,$887,$7831,$50,$17,$22,$39,$-3,$0,$0,$1,$-2,$86,$-5,$0,$74,$0,$-126,$-126,$-397,$-454,$-54,$0,$-54,$-0,$-0,$-22,$476,$400,$32,$5,$-22
12,2015-09-30,25.53,$33.24,0.77,$10.67,2.39,$3.71,6.88,$1.65,15.47,$5.76B,$6.60B,0.87,$0.21B,$0.88B,0.23,$0.29B,$0.26B,89.58%,$0.29B,$0.07B,23.61%,$0.29B,0,0.00%,$0.29B,0,0.00%,$0.29B,$0.05B,17.71%,$0.29B,$0.05B,15.63%,$0.05B,$0.88B,5.74%,$0.05B,$0.55B,9.35%,$0.05B,$7.80B,0.63%,$0.07B,$1.09B,7.06%,$78,$8,$70,$0,$49,$59,$19,$-3,$16,$1,$15,$15,$15,$0,$0,$30,30,$0.49,$0.49,$108,$0,$0,$5760,$87,$1382,$337,$197,$2044,$7804,$6603,$206,$114,$320,$6923,$0,$174,$2,$882,$7804,$34,$14,$15,$29,$-5,$0,$0,$-7,$-12,$51,$-2,$0,$74,$0,$-136,$-136,$-326,$-390,$-17,$0,$-17,$0,$0,$-16,$394,$361,$22,$3,$-16
13,2015-06-30,26.23,$28.02,0.94,$10.76,2.44,$2.77,9.46,$1.64,15.99,$5.52B,$6.38B,0.87,$0.21B,$0.83B,0.25,$0.28B,$0.25B,89.53%,$0.28B,$0.07B,23.47%,$0.28B,0,0.00%,$0.28B,0,0.00%,$0.28B,$0.05B,18.41%,$0.28B,$0.04B,15.16%,$0.04B,$0.83B,5.70%,$0.04B,$0.51B,9.33%,$0.04B,$7.52B,0.62%,$0.07B,$1.04B,7.19%,$77,$8,$69,$0,$49,$57,$20,$-9,$11,$1,$10,$10,$10,$0,$0,$28,28,$0.35,$0.35,$220,$0,$0,$5516,$88,$1365,$321,$190,$2003,$7519,$6380,$208,$103,$311,$6692,$0,$165,$-0,$827,$7519,$19,$10,$11,$21,$-28,$0,$0,$-10,$-38,$2,$-3,$0,$83,$0,$-114,$-114,$-125,$-159,$95,$0,$95,$0,$0,$-10,$206,$291,$134,$2,$-10
14,2015-03-31,25.34,$28.36,0.89,$10.69,2.37,$3.70,6.85,$1.75,14.48,$4.86B,$5.61B,0.87,$0.15B,$0.72B,0.21,$0.27B,$0.24B,89.47%,$0.27B,$0.06B,22.93%,$0.27B,0,0.00%,$0.27B,0,0.00%,$0.27B,$0.06B,21.05%,$0.27B,$0.04B,16.17%,$0.04B,$0.72B,6.12%,$0.04B,$0.44B,10.08%,$0.04B,$6.57B,0.67%,$0.06B,$0.87B,7.13%,$65,$7,$58,$0,$44,$52,$13,$-4,$9,$0,$9,$9,$9,$0,$0,$25,25,$0.35,$0.35,$136,$0,$0,$4858,$85,$1142,$275,$184,$1714,$6571,$5614,$151,$89,$241,$5855,$0,$160,$9,$716,$6571,$9,$2,$7,$9,$-10,$0,$0,$-1,$-11,$4,$-1,$0,$0,$0,$2,$2,$-68,$-67,$-6,$0,$-6,$0,$0,$-5,$65,$54,$-10,$1,$-5
15,2014-12-31,24.21,$28.17,0.86,$10.27,2.36,$4.15,5.84,$1.36,17.8,$4.75B,$5.56B,0.86,$0.15B,$0.71B,0.21,$0.26B,$0.23B,89.02%,$0.26B,$0.05B,20.78%,$0.26B,0,0.00%,$0.26B,0,0.00%,$0.26B,$0.05B,17.65%,$0.26B,$0.03B,12.94%,$0.03B,$0.71B,4.76%,$0.03B,$0.43B,7.94%,$0.03B,$6.50B,0.52%,$0.05B,$0.86B,6.34%,$68,$7,$61,$0,$43,$52,$16,$-2,$15,$4,$11,$11,$11,$0,$0,$25,25,$0.46,$0.46,$87,$0,$0,$4751,$87,$1191,$276,$168,$1751,$6502,$5556,$151,$86,$237,$5793,$0,$156,$7,$709,$6502,$34,$10,$17,$27,$-4,$0,$0,$-2,$-5,$56,$-6,$0,$423,$0,$-310,$-310,$-477,$-369,$-12,$0,$-12,$-1,$-1,$-18,$341,$310,$-4,$4,$-18
16,2014-09-30,21.18,$27.69,0.77,$10.10,2.1,$6.73,3.15,$1.32,16.05,$4.63B,$5.45B,0.85,$0.15B,$0.70B,0.22,$0.25B,$0.22B,88.45%,$0.25B,$0.06B,21.91%,$0.25B,0,0.00%,$0.25B,0,0.00%,$0.25B,$0.05B,17.93%,$0.25B,$0.03B,13.15%,$0.03B,$0.70B,4.81%,$0.03B,$0.42B,8.06%,$0.03B,$6.35B,0.54%,$0.06B,$0.85B,6.56%,$67,$7,$60,$0,$42,$50,$16,$-0,$16,$4,$12,$12,$12,$0,$0,$25,25,$0.48,$0.48,$86,$0,$0,$4632,$87,$1156,$277,$161,$1720,$6352,$5450,$154,$51,$205,$5655,$0,$149,$2,$697,$6352,$22,$8,$12,$20,$-13,$0,$0,$-8,$-22,$21,$-4,$0,$423,$0,$-283,$-283,$-373,$-237,$-23,$0,$-23,$-1,$-1,$-14,$250,$211,$-5,$3,$-14
17,2014-06-30,20.78,$27.49,0.76,$10.10,2.06,$9.93,2.09,$1.17,17.76,$4.62B,$5.38B,0.86,$0.15B,$0.69B,0.22,$0.25B,$0.22B,87.65%,$0.25B,$0.06B,23.11%,$0.25B,0,0.00%,$0.25B,0,0.00%,$0.25B,$0.04B,16.33%,$0.25B,$0.03B,11.55%,$0.03B,$0.69B,4.27%,$0.03B,$0.41B,7.17%,$0.03B,$6.31B,0.49%,$0.06B,$0.84B,6.79%,$66,$7,$59,$0,$42,$50,$16,$-0,$16,$4,$11,$11,$11,$0,$0,$25,25,$0.46,$0.46,$187,$0,$0,$4623,$87,$1124,$279,$161,$1688,$6311,$5379,$154,$88,$242,$5621,$0,$142,$4,$690,$6311,$10,$5,$9,$14,$-4,$0,$0,$5,$1,$25,$-3,$0,$423,$0,$-309,$-309,$-268,$-156,$-10,$0,$-10,$-2,$-2,$-9,$190,$169,$37,$2,$-9
18,2014-03-31,22.98,$26.99,0.85,$10.07,2.28,$10.46,2.2,$1.19,19.31,$4.30B,$5.13B,0.84,$0.11B,$0.68B,0.17,$0.25B,$0.22B,87.20%,$0.25B,$0.06B,23.60%,$0.25B,0,0.00%,$0.25B,0,0.00%,$0.25B,$0.04B,16.40%,$0.25B,$0.03B,12.00%,$0.03B,$0.68B,4.44%,$0.03B,$0.40B,7.47%,$0.03B,$6.01B,0.54%,$0.06B,$0.79B,6.72%,$54,$7,$47,$0,$41,$49,$5,$-6,$-2,$-0,$-1,$-1,$-1,$0,$0,$25,25,$-0.04,$-0.04,$88,$0,$0,$4304,$88,$1130,$280,$168,$1706,$6010,$5134,$111,$88,$199,$5333,$0,$135,$-1,$678,$6010,$-1,$2,$5,$8,$8,$0,$0,$2,$10,$17,$-3,$0,$423,$0,$-266,$-266,$-59,$94,$-38,$0,$-38,$-2,$-2,$-5,$-70,$-114,$-3,$1,$-5
19,2013-12-31,24.04,$27.08,0.89,$10.49,2.29,$10.58,2.27,$1.65,14.57,$4.25B,$4.72B,0.9,$0.19B,$0.68B,0.28,$0.26B,$0.23B,87.02%,$0.26B,$0.07B,28.24%,$0.26B,0,0.00%,$0.26B,0,0.00%,$0.26B,$0.06B,22.14%,$0.26B,$0.04B,15.65%,$0.04B,$0.68B,6.08%,$0.04B,$0.41B,10.19%,$0.04B,$5.67B,0.76%,$0.07B,$0.87B,8.04%,$64,$9,$56,$0,$37,$47,$18,$-2,$15,$5,$11,$11,$11,$0,$0,$25,25,$0.42,$0.42,$90,$0,$0,$4253,$84,$855,$271,$158,$1419,$5673,$4721,$192,$82,$274,$4995,$0,$142,$-9,$678,$5673,$41,$-6,$4,$-2,$70,$0,$0,$19,$88,$127,$-13,$0,$0,$0,$-315,$-315,$-187,$-515,$616,$0,$616,$-9,$-9,$-18,$-224,$365,$-23,$3,$-18
20,2013-09-30,21.83,$26.98,0.81,$11.00,1.98,$6.45,3.38,$1.61,13.56,$4.15B,$4.47B,0.93,$0.24B,$0.67B,0.36,$0.27B,$0.23B,86.89%,$0.27B,$0.08B,28.46%,$0.27B,0,0.00%,$0.27B,0,0.00%,$0.27B,$0.06B,20.97%,$0.27B,$0.04B,14.61%,$0.04B,$0.67B,5.81%,$0.04B,$0.40B,9.77%,$0.04B,$5.45B,0.74%,$0.08B,$0.91B,8.08%,$67,$9,$58,$0,$38,$48,$19,$-7,$12,$4,$8,$8,$8,$0,$0,$25,25,$0.33,$0.33,$135,$0,$0,$4152,$83,$732,$272,$150,$1298,$5450,$4472,$240,$65,$305,$4777,$0,$136,$-7,$673,$5450,$31,$-7,$4,$-3,$58,$0,$0,$20,$78,$106,$-9,$0,$0,$0,$-230,$-230,$-32,$-271,$382,$0,$382,$-9,$-9,$-14,$-215,$144,$-21,$2,$-14
21,2013-06-30,23.8,$26.82,0.89,$10.93,2.18,$1.32,18.1,$1.74,13.68,$4.00B,$4.23B,0.95,$0.27B,$0.67B,0.39,$0.26B,$0.22B,87.16%,$0.26B,$0.07B,28.79%,$0.26B,0,0.00%,$0.26B,0,0.00%,$0.26B,$0.06B,22.96%,$0.26B,$0.04B,15.95%,$0.04B,$0.67B,6.30%,$0.04B,$0.40B,10.60%,$0.04B,$5.22B,0.80%,$0.07B,$0.94B,8.08%,$65,$9,$57,$0,$39,$48,$17,$-1,$16,$4,$12,$12,$12,$0,$0,$25,25,$0.49,$0.48,$96,$0,$0,$3997,$89,$656,$272,$150,$1227,$5224,$4231,$265,$55,$320,$4551,$0,$133,$-6,$673,$5224,$23,$-2,$3,$2,$21,$0,$0,$-2,$19,$43,$-7,$0,$0,$0,$-111,$-111,$122,$4,$232,$0,$232,$-6,$-6,$-9,$-283,$-65,$-18,$2,$-9
22,2013-03-31,21.61,$26.68,0.81,$10.84,1.99,$0.71,30.56,$1.63,13.26,$4.02B,$4.22B,0.95,$0.29B,$0.67B,0.42,$0.25B,$0.21B,86.64%,$0.25B,$0.07B,29.15%,$0.25B,0,0.00%,$0.25B,0,0.00%,$0.25B,$0.05B,21.86%,$0.25B,$0.04B,14.98%,$0.04B,$0.67B,5.88%,$0.04B,$0.40B,9.94%,$0.04B,$5.25B,0.75%,$0.07B,$0.96B,8.14%,$66,$9,$57,$0,$35,$46,$20,$-5,$15,$4,$10,$10,$10,$0,$0,$25,25,$0.42,$0.42,$91,$0,$0,$4019,$88,$647,$273,$161,$1226,$5245,$4215,$285,$72,$356,$4571,$0,$126,$-2,$674,$5245,$10,$-1,$4,$3,$13,$0,$0,$-4,$9,$22,$-5,$0,$0,$0,$-90,$-90,$101,$6,$-49,$0,$-49,$-1,$-1,$-5,$2,$-53,$-24,$1,$-5
23,2012-12-31,19.9,$26.49,0.75,$10.52,1.89,$0.44,45.04,$1.49,13.35,$4.16B,$4.26B,0.98,$0.29B,$0.67B,0.43,$0.23B,$0.20B,86.46%,$0.23B,$0.07B,28.38%,$0.23B,0,0.00%,$0.23B,0,0.00%,$0.23B,$0.05B,20.96%,$0.23B,$0.03B,14.41%,$0.03B,$0.67B,5.50%,$0.03B,$0.39B,9.28%,$0.03B,$5.30B,0.71%,$0.07B,$0.95B,7.71%,$69,$10,$60,$0,$38,$49,$20,$-7,$13,$3,$9,$9,$9,$0,$0,$22,22,$0.38,$0.38,$115,$0,$0,$4156,$86,$557,$274,$165,$1141,$5297,$4264,$285,$81,$366,$4630,$0,$122,$-3,$667,$5297,$33,$4,$10,$14,$-35,$0,$0,$17,$-19,$29,$-19,$0,$-160,$0,$79,$79,$-156,$-256,$94,$0,$94,$3,$3,$-16,$168,$249,$22,$2,$-16
24,2012-09-30,18.78,$26.60,0.71,$10.09,1.86,$1.83,10.29,$1.51,12.44,$3.64B,$3.76B,0.97,$0.23B,$0.59B,0.38,$0.21B,$0.18B,85.58%,$0.21B,$0.06B,27.88%,$0.21B,0,0.00%,$0.21B,0,0.00%,$0.21B,$0.04B,20.67%,$0.21B,$0.03B,15.38%,$0.03B,$0.59B,5.61%,$0.03B,$0.35B,9.43%,$0.03B,$4.63B,0.75%,$0.06B,$0.82B,7.25%,$57,$8,$50,$0,$31,$40,$17,$-2,$15,$5,$10,$10,$10,$0,$0,$22,22,$0.46,$0.46,$136,$0,$0,$3636,$71,$519,$239,$170,$998,$4634,$3762,$225,$57,$282,$4043,$0,$122,$-3,$591,$4634,$24,$5,$9,$14,$-65,$0,$0,$15,$-50,$-12,$-16,$0,$-107,$0,$5,$5,$-253,$-371,$261,$0,$261,$0,$0,$-11,$139,$389,$6,$1,$-11
25,2012-06-30,17.79,$26.31,0.68,$9.97,1.78,$4.45,4.0,$1.27,14.01,$3.48B,$3.65B,0.95,$0.23B,$0.58B,0.39,$0.20B,$0.17B,84.58%,$0.20B,$0.06B,27.36%,$0.20B,0,0.00%,$0.20B,0,0.00%,$0.20B,$0.03B,16.42%,$0.20B,$0.03B,12.94%,$0.03B,$0.58B,4.64%,$0.03B,$0.34B,7.83%,$0.03B,$4.51B,0.63%,$0.06B,$0.81B,6.94%,$55,$8,$47,$0,$31,$40,$15,$-4,$11,$3,$8,$8,$8,$0,$0,$22,22,$0.37,$0.37,$84,$0,$0,$3476,$69,$550,$240,$173,$1032,$4508,$3649,$229,$47,$276,$3924,$0,$116,$-4,$583,$4508,$14,$3,$7,$10,$-10,$0,$0,$3,$-7,$16,$2,$0,$-107,$0,$9,$9,$-212,$-309,$192,$0,$192,$0,$0,$-7,$99,$283,$-9,$1,$-7
26,2012-03-31,18.26,$26.28,0.69,$9.87,1.85,$4.46,4.1,$1.01,18.08,$3.07B,$3.20B,0.96,$0.24B,$0.56B,0.43,$0.19B,$0.16B,83.33%,$0.19B,$0.05B,25.81%,$0.19B,0,0.00%,$0.19B,0,0.00%,$0.19B,$0.02B,12.90%,$0.19B,$0.02B,10.75%,$0.02B,$0.56B,3.81%,$0.02B,$0.34B,6.47%,$0.02B,$4.03B,0.52%,$0.05B,$0.79B,6.28%,$48,$8,$41,$0,$27,$35,$13,$-4,$9,$2,$6,$6,$6,$0,$0,$21,21,$0.28,$0.28,$62,$0,$0,$3068,$62,$518,$222,$159,$961,$4029,$3199,$237,$37,$274,$3472,$0,$112,$-4,$557,$4029,$6,$2,$4,$6,$1,$0,$0,$0,$1,$13,$-4,$0,$-49,$0,$-5,$-5,$-79,$-137,$14,$0,$14,$0,$0,$-4,$82,$93,$-30,$0,$-4
27,2011-12-31,17.41,$26.09,0.67,$10.15,1.72,$4.56,3.82,$0.93,18.72,$3.02B,$3.11B,0.97,$0.23B,$0.55B,0.41,$0.17B,$0.14B,81.61%,$0.17B,$0.04B,21.84%,$0.17B,0,0.00%,$0.17B,0,0.00%,$0.17B,$0.02B,10.34%,$0.17B,$0.02B,9.77%,$0.02B,$0.55B,3.52%,$0.02B,$0.33B,6.07%,$0.02B,$3.99B,0.48%,$0.04B,$0.78B,5.31%,$48,$8,$40,$0,$25,$35,$13,$-5,$8,$0,$7,$7,$8,$0,$0,$18,18,$0.44,$0.44,$93,$0,$0,$3018,$60,$516,$223,$129,$974,$3992,$3111,$227,$46,$329,$3440,$0,$108,$-5,$552,$3992,$17,$5,$9,$14,$-0,$0,$0,$9,$8,$40,$-7,$0,$94,$0,$-77,$-77,$-44,$-34,$-171,$0,$-171,$0,$0,$-12,$208,$26,$32,$1,$-12
28,2011-09-30,14.24,$25.87,0.55,$10.04,1.42,$5.29,2.69,$0.79,18.03,$3.11B,$3.04B,1.02,$0.24B,$0.55B,0.43,$0.16B,$0.13B,80.12%,$0.16B,$0.03B,18.01%,$0.16B,0,0.00%,$0.16B,0,0.00%,$0.16B,$0.01B,8.07%,$0.16B,$0.01B,7.45%,$0.01B,$0.55B,2.71%,$0.01B,$0.32B,4.76%,$0.01B,$4.09B,0.37%,$0.03B,$0.78B,4.32%,$50,$8,$42,$0,$27,$36,$14,$-9,$5,$0,$4,$4,$4,$0,$0,$20,20,$0.22,$0.22,$189,$0,$0,$3112,$59,$454,$224,$175,$975,$4087,$3038,$237,$54,$502,$3541,$0,$104,$-6,$547,$4087,$9,$4,$6,$10,$1,$0,$0,$12,$13,$32,$-5,$0,$179,$-1,$-47,$-49,$-42,$84,$-171,$0,$-171,$0,$0,$-8,$154,$-25,$91,$1,$-8
29,2011-06-30,17.01,$26.61,0.64,$10.07,1.69,$5.44,3.13,$0.82,20.74,$2.48B,$2.49B,0.99,$0.25B,$0.45B,0.57,$0.15B,$0.11B,77.40%,$0.15B,$0.02B,13.01%,$0.15B,0,0.00%,$0.15B,0,0.00%,$0.15B,$0.01B,8.22%,$0.15B,$0.01B,7.53%,$0.01B,$0.45B,2.74%,$0.01B,$0.25B,4.92%,$0.01B,$3.23B,0.37%,$0.02B,$0.70B,3.04%,$40,$8,$32,$0,$24,$33,$8,$-5,$2,$0,$2,$2,$2,$0,$0,$17,17,$0.11,$0.11,$58,$0,$0,$2478,$44,$384,$193,$127,$748,$3226,$2494,$253,$34,$287,$2781,$0,$104,$-5,$445,$3226,$5,$4,$5,$9,$2,$0,$0,$2,$3,$17,$-3,$0,$11,$0,$10,$10,$-55,$-37,$-30,$0,$-30,$0,$0,$-5,$52,$18,$-2,$0,$-5
30,2011-03-31,15.59,$27.63,0.56,$10.21,1.53,$5.95,2.62,$0.96,16.24,$2.17B,$2.26B,0.96,$0.21B,$0.39B,0.55,$0.14B,$0.11B,75.35%,$0.14B,$0.02B,10.56%,$0.14B,0,0.00%,$0.14B,0,0.00%,$0.14B,$0.01B,9.86%,$0.14B,$0.01B,8.45%,$0.01B,$0.39B,3.10%,$0.01B,$0.22B,5.63%,$0.01B,$2.89B,0.42%,$0.02B,$0.60B,2.50%,$36,$8,$28,$0,$24,$33,$3,$0,$3,$1,$3,$3,$3,$0,$0,$14,14,$0.20,$0.20,$57,$0,$0,$2171,$39,$395,$172,$108,$715,$2885,$2257,$213,$25,$239,$2495,$0,$104,$-5,$390,$2885,$3,$2,$2,$4,$1,$0,$0,$1,$2,$9,$-2,$0,$0,$0,$-9,$-9,$-5,$-15,$-31,$0,$-31,$0,$0,$-2,$37,$3,$-3,$0,$-2
31,2010-12-31,16.32,$27.61,0.59,$10.23,1.6,$6.40,2.55,$1.00,16.32,$2.17B,$2.25B,0.97,$0.21B,$0.39B,0.55,$0.14B,$0.11B,74.65%,$0.14B,$0.02B,11.27%,$0.14B,0,0.00%,$0.14B,0,0.00%,$0.14B,$0.02B,10.56%,$0.14B,$0.01B,8.45%,$0.01B,$0.39B,3.11%,$0.01B,$0.22B,5.68%,$0.01B,$2.88B,0.43%,$0.02B,$0.60B,2.67%,$35,$8,$27,$0,$23,$32,$4,$0,$3,$1,$2,$2,$3,$0,$0,$14,14,$0.24,$0.24,$60,$0,$0,$2172,$39,$390,$173,$108,$710,$2881,$2251,$213,$28,$241,$2493,$0,$104,$-6,$389,$2881,$14,$8,$12,$19,$3,$0,$0,$-1,$2,$41,$-5,$0,$0,$0,$13,$13,$-190,$-192,$-46,$0,$-46,$1,$1,$-9,$218,$163,$12,$2,$-9
32,2010-09-30,13.77,$27.28,0.5,$9.89,1.39,$4.47,3.08,$-1.01,0.0,$2.08B,$2.17B,0.96,$0.21B,$0.38B,0.56,$0.14B,$0.10B,72.06%,$0.14B,$-0.03B,-21.32%,$0.14B,0,0.00%,$0.14B,0,0.00%,$0.14B,$-0.03B,-21.32%,$0.14B,$-0.02B,-11.03%,$-0.02B,$0.38B,-3.90%,$-0.02B,$0.21B,-7.17%,$-0.02B,$2.80B,-0.55%,$-0.03B,$0.60B,-4.84%,$35,$9,$26,$0,$21,$31,$4,$0,$4,$1,$3,$3,$3,$0,$0,$14,14,$0.25,$0.25,$56,$0,$0,$2081,$38,$396,$174,$109,$717,$2798,$2165,$213,$38,$251,$2416,$0,$102,$-9,$383,$2798,$10,$7,$8,$15,$2,$0,$0,$-2,$-0,$24,$-3,$0,$0,$0,$9,$10,$-103,$-97,$3,$0,$3,$0,$0,$-7,$82,$78,$6,$1,$-7
33,2010-06-30,13.92,$27.40,0.51,$9.95,1.4,$4.32,3.22,$-1.12,0.0,$2.05B,$2.11B,0.97,$0.21B,$0.39B,0.55,$0.14B,$0.10B,70.07%,$0.14B,$-0.03B,-23.36%,$0.14B,0,0.00%,$0.14B,0,0.00%,$0.14B,$-0.03B,-23.36%,$0.14B,$-0.02B,-11.68%,$-0.02B,$0.39B,-4.09%,$-0.02B,$0.21B,-7.43%,$-0.02B,$2.75B,-0.59%,$-0.03B,$0.60B,-5.17%,$36,$9,$26,$0,$21,$31,$4,$0,$4,$1,$3,$3,$3,$0,$0,$14,14,$0.25,$0.25,$59,$0,$0,$2050,$38,$378,$175,$107,$697,$2748,$2112,$213,$37,$250,$2363,$0,$101,$-6,$385,$2748,$7,$5,$5,$10,$1,$0,$0,$3,$4,$21,$-2,$0,$0,$0,$27,$28,$-64,$-39,$-21,$0,$-21,$0,$0,$-4,$53,$28,$10,$1,$-4
34,2010-03-31,12.9,$27.47,0.47,$10.26,1.26,$3.43,3.76,$-1.45,0.0,$1.99B,$2.08B,0.96,$0.21B,$0.39B,0.55,$0.14B,$0.10B,68.84%,$0.14B,$-0.03B,-23.91%,$0.14B,0,0.00%,$0.14B,0,0.00%,$0.14B,$-0.03B,-23.91%,$0.14B,$-0.02B,-14.49%,$-0.02B,$0.39B,-5.04%,$-0.02B,$0.21B,-9.08%,$-0.02B,$2.71B,-0.74%,$-0.03B,$0.60B,-5.11%,$36,$9,$27,$0,$22,$32,$4,$0,$4,$0,$4,$4,$3,$0,$0,$14,14,$0.24,$0.24,$42,$0,$0,$1994,$37,$400,$175,$99,$712,$2705,$2081,$213,$26,$239,$2320,$0,$100,$-4,$385,$2705,$3,$2,$3,$5,$3,$0,$0,$4,$6,$14,$-1,$0,$0,$0,$5,$5,$-23,$-19,$-50,$0,$-50,$0,$0,$-2,$51,$-1,$-6,$0,$-2
35,2009-12-31,14.3,$27.64,0.52,$10.81,1.32,$2.65,5.4,$-1.42,0.0,$1.98B,$2.07B,0.96,$0.22B,$0.39B,0.58,$0.14B,$0.09B,66.67%,$0.14B,$-0.03B,-22.70%,$0.14B,0,0.00%,$0.14B,0,0.00%,$0.14B,$-0.03B,-22.70%,$0.14B,$-0.02B,-14.18%,$-0.02B,$0.39B,-4.95%,$-0.02B,$0.21B,-8.84%,$-0.02B,$2.70B,-0.74%,$-0.03B,$0.61B,-4.72%,$29,$10,$19,$0,$59,$70,$-41,$0,$-41,$-17,$-24,$-24,$-24,$0,$0,$13,13,$-1.84,$-1.84,$48,$0,$0,$1982,$37,$405,$176,$99,$718,$2700,$2071,$223,$22,$245,$2316,$0,$99,$-3,$385,$2700,$-16,$7,$50,$58,$-2,$0,$0,$-1,$-4,$12,$-4,$0,$0,$0,$-100,$-100,$7,$-96,$-68,$0,$-68,$33,$-8,$-9,$157,$72,$-12,$1,$-8
36,2009-09-30,14.92,$29.46,0.51,$12.22,1.22,$5.59,2.67,$0.77,19.38,$2.01B,$1.98B,1.02,$0.27B,$0.41B,0.65,$0.15B,$0.10B,66.89%,$0.15B,$0.02B,10.60%,$0.15B,0,0.00%,$0.15B,0,0.00%,$0.15B,$0.02B,10.60%,$0.15B,$0.01B,5.96%,$0.01B,$0.41B,2.20%,$0.01B,$0.23B,3.88%,$0.01B,$2.68B,0.33%,$0.02B,$0.68B,2.23%,$36,$11,$24,$0,$22,$35,$1,$0,$1,$-1,$2,$2,$2,$0,$0,$14,14,$0.14,$0.14,$43,$0,$0,$2006,$36,$383,$177,$78,$674,$2681,$1977,$265,$28,$294,$2270,$0,$126,$-3,$410,$2681,$8,$7,$10,$17,$1,$0,$0,$-5,$-4,$21,$-2,$0,$0,$0,$-72,$-72,$13,$-62,$-100,$0,$-100,$33,$33,$-48,$137,$22,$-18,$1,$-6
37,2009-06-30,13.94,$29.29,0.48,$13.52,1.03,$6.07,2.3,$1.14,12.23,$2.04B,$1.95B,1.04,$0.30B,$0.41B,0.73,$0.16B,$0.10B,67.10%,$0.16B,$0.02B,14.84%,$0.16B,0,0.00%,$0.16B,0,0.00%,$0.16B,$0.02B,14.84%,$0.16B,$0.01B,7.74%,$0.01B,$0.41B,3.07%,$0.01B,$0.23B,5.67%,$0.01B,$2.68B,0.45%,$0.02B,$0.71B,3.17%,$37,$12,$25,$0,$21,$34,$3,$0,$3,$1,$2,$2,$-1,$0,$0,$13,13,$-0.08,$-0.08,$83,$0,$0,$2038,$36,$354,$178,$76,$643,$2681,$1951,$297,$25,$322,$2274,$0,$126,$-6,$408,$2681,$6,$4,$5,$10,$-7,$0,$0,$-2,$-9,$7,$-1,$0,$0,$0,$-48,$-48,$33,$-16,$-77,$0,$-77,$33,$33,$-46,$122,$31,$22,$1,$-4
38,2009-03-31,15.15,$33.55,0.45,$14.63,1.04,$6.53,2.32,$1.77,8.56,$2.11B,$1.97B,1.07,$0.31B,$0.38B,0.83,$0.16B,$0.11B,66.67%,$0.16B,$0.03B,16.98%,$0.16B,0,0.00%,$0.16B,0,0.00%,$0.16B,$0.03B,16.98%,$0.16B,$0.02B,11.95%,$0.02B,$0.41B,5.12%,$0.02B,$0.23B,9.92%,$0.02B,$2.72B,0.72%,$0.03B,$0.73B,3.69%,$39,$12,$26,$0,$20,$33,$5,$0,$5,$2,$4,$4,$3,$0,$0,$12,12,$0.27,$0.27,$154,$0,$0,$2105,$37,$326,$179,$77,$619,$2724,$1968,$313,$31,$343,$2312,$0,$129,$-9,$413,$2724,$4,$2,$3,$5,$-3,$0,$0,$-2,$-6,$3,$-1,$0,$0,$0,$-21,$-21,$35,$14,$-32,$0,$-32,$0,$0,$-2,$109,$75,$91,$0,$-2
39,2008-12-31,20.13,$33.33,0.6,$15.69,1.28,$6.98,2.88,$2.08,9.68,$2.05B,$1.85B,1.11,$0.35B,$0.37B,0.95,$0.16B,$0.11B,65.85%,$0.16B,$0.03B,18.90%,$0.16B,0,0.00%,$0.16B,0,0.00%,$0.16B,$0.03B,18.90%,$0.16B,$0.02B,13.41%,$0.02B,$0.41B,6.29%,$0.02B,$0.23B,12.98%,$0.02B,$2.67B,0.85%,$0.03B,$0.76B,4.35%,$39,$13,$26,$0,$18,$32,$7,$0,$7,$2,$5,$5,$5,$0,$0,$11,11,$0.44,$0.42,$63,$0,$0,$2049,$37,$323,$179,$78,$618,$2667,$1853,$351,$54,$406,$2258,$0,$128,$-12,$408,$2667,$22,$8,$9,$17,$2,$0,$0,$-0,$2,$41,$-2,$0,$-1,$0,$-65,$-65,$-71,$-139,$25,$0,$25,$37,$77,$-7,$7,$102,$4,$2,$-7
40,2008-09-30,20.63,$31.71,0.65,$16.65,1.24,$5.20,3.97,$1.93,10.69,$2.03B,$1.84B,1.1,$0.38B,$0.33B,1.15,$0.17B,$0.11B,63.69%,$0.17B,$0.03B,16.67%,$0.17B,0,0.00%,$0.17B,0,0.00%,$0.17B,$0.03B,16.67%,$0.17B,$0.02B,11.90%,$0.02B,$0.33B,6.07%,$0.02B,$0.15B,13.51%,$0.02B,$2.57B,0.79%,$0.03B,$0.71B,4.19%,$40,$14,$27,$0,$18,$33,$8,$0,$8,$2,$5,$5,$5,$0,$0,$10,10,$0.51,$0.51,$50,$0,$0,$2025,$38,$253,$180,$71,$541,$2566,$1837,$382,$14,$396,$2233,$0,$125,$-4,$333,$2566,$17,$3,$5,$8,$-2,$0,$0,$-2,$-4,$21,$-2,$0,$-1,$-15,$-1,$-16,$-50,$-69,$32,$0,$32,$-1,$-1,$-5,$15,$41,$-7,$1,$-5
41,2008-06-30,15.07,$31.78,0.47,$16.65,0.91,$4.97,3.03,$1.52,9.91,$2.01B,$1.81B,1.11,$0.40B,$0.33B,1.2,$0.16B,$0.10B,60.12%,$0.16B,$0.02B,12.88%,$0.16B,0,0.00%,$0.16B,0,0.00%,$0.16B,$0.02B,12.88%,$0.16B,$0.02B,9.82%,$0.02B,$0.33B,4.86%,$0.02B,$0.15B,10.92%,$0.02B,$2.55B,0.64%,$0.02B,$0.73B,3.20%,$41,$14,$27,$0,$19,$34,$7,$0,$7,$2,$6,$6,$6,$0,$0,$10,10,$0.55,$0.55,$49,$0,$0,$2014,$38,$248,$181,$66,$533,$2547,$1811,$395,$11,$406,$2217,$0,$122,$-0,$330,$2547,$12,$2,$3,$5,$-7,$0,$0,$-0,$-7,$11,$-1,$0,$-1,$-15,$8,$-7,$-35,$-44,$45,$0,$45,$-5,$-5,$-3,$-11,$26,$-7,$1,$-3
42,2008-03-31,15.86,$31.38,0.51,$17.05,0.93,$4.50,3.52,$1.49,10.64,$2.00B,$1.88B,1.06,$0.32B,$0.33B,0.99,$0.16B,$0.09B,57.76%,$0.16B,$0.02B,13.04%,$0.16B,0,0.00%,$0.16B,0,0.00%,$0.16B,$0.02B,13.04%,$0.16B,$0.02B,9.32%,$0.02B,$0.33B,4.79%,$0.02B,$0.15B,10.29%,$0.02B,$2.55B,0.62%,$0.02B,$0.65B,3.32%,$44,$16,$28,$0,$18,$35,$9,$0,$9,$3,$6,$6,$6,$0,$0,$10,10,$0.58,$0.58,$84,$0,$0,$2000,$38,$262,$182,$64,$547,$2546,$1880,$324,$14,$338,$2218,$0,$118,$0,$329,$2546,$6,$1,$1,$3,$1,$0,$0,$-2,$-1,$7,$-1,$0,$-1,$0,$-2,$-2,$9,$6,$-26,$0,$-26,$-0,$-0,$-2,$57,$29,$42,$0,$-2
43,2007-12-31,16.15,$31.15,0.52,$17.33,0.93,$4.19,3.85,$1.47,10.99,$1.96B,$1.92B,1.03,$0.26B,$0.33B,0.79,$0.16B,$0.09B,56.05%,$0.16B,$0.02B,12.10%,$0.16B,0,0.00%,$0.16B,0,0.00%,$0.16B,$0.02B,12.10%,$0.16B,$0.01B,8.92%,$0.01B,$0.33B,4.72%,$0.01B,$0.14B,9.67%,$0.01B,$2.51B,0.60%,$0.02B,$0.58B,3.03%,$43,$18,$25,$0,$20,$39,$4,$0,$4,$1,$3,$3,$3,$0,$0,$9,9,$0.27,$0.26,$41,$0,$0,$1963,$39,$258,$182,$71,$550,$2513,$1915,$257,$14,$271,$2187,$0,$113,$1,$327,$2513,$14,$7,$6,$12,$-1,$0,$0,$2,$-4,$22,$-6,$0,$-8,$0,$44,$44,$-20,$10,$-46,$0,$-46,$-4,$-4,$-5,$32,$-23,$10,$2,$-5
44,2007-09-30,18.57,$30.82,0.6,$17.01,1.09,$4.56,4.07,$1.65,11.25,$1.95B,$1.80B,1.09,$0.33B,$0.33B,1.0,$0.15B,$0.08B,55.63%,$0.15B,$0.02B,14.57%,$0.15B,0,0.00%,$0.15B,0,0.00%,$0.15B,$0.02B,13.91%,$0.15B,$0.02B,9.93%,$0.02B,$0.33B,5.37%,$0.02B,$0.15B,10.49%,$0.02B,$2.47B,0.67%,$0.02B,$0.66B,3.46%,$35,$17,$18,$0,$16,$34,$1,$0,$1,$0,$1,$1,$1,$0,$0,$9,9,$0.11,$0.10,$34,$0,$0,$1950,$39,$236,$183,$64,$522,$2472,$1796,$332,$14,$345,$2141,$0,$112,$0,$331,$2472,$10,$5,$4,$8,$2,$0,$0,$-2,$0,$19,$-4,$0,$-8,$0,$66,$66,$-9,$45,$-74,$10,$-64,$1,$1,$-4,$6,$-61,$3,$1,$-4
45,2007-06-30,19.14,$30.12,0.64,$16.59,1.15,$4.28,4.47,$1.30,14.72,$1.74B,$1.53B,1.14,$0.37B,$0.27B,1.38,$0.15B,$0.08B,54.79%,$0.15B,$0.02B,11.64%,$0.15B,0,0.00%,$0.15B,0,0.00%,$0.15B,$0.02B,10.96%,$0.15B,$0.01B,8.22%,$0.01B,$0.27B,4.61%,$0.01B,$0.15B,8.26%,$0.01B,$2.17B,0.55%,$0.02B,$0.64B,2.62%,$39,$17,$22,$0,$15,$32,$7,$0,$7,$2,$5,$5,$5,$0,$0,$9,9,$0.52,$0.52,$26,$0,$0,$1737,$32,$224,$121,$57,$433,$2170,$1529,$369,$6,$375,$1903,$0,$113,$-1,$266,$2170,$10,$3,$1,$4,$0,$0,$0,$-5,$-5,$8,$-4,$0,$0,$0,$8,$8,$-31,$-27,$8,$0,$8,$2,$2,$-2,$7,$14,$-5,$1,$-2
46,2007-03-31,20.27,$29.87,0.68,$15.88,1.28,$4.72,4.29,$1.29,15.71,$1.74B,$1.54B,1.13,$0.37B,$0.26B,1.4,$0.14B,$0.08B,54.68%,$0.14B,$0.02B,11.51%,$0.14B,0,0.00%,$0.14B,0,0.00%,$0.14B,$0.02B,10.79%,$0.14B,$0.01B,7.91%,$0.01B,$0.26B,4.30%,$0.01B,$0.14B,7.53%,$0.01B,$2.18B,0.51%,$0.02B,$0.63B,2.43%,$40,$16,$23,$0,$15,$32,$7,$0,$7,$2,$5,$5,$5,$0,$0,$9,9,$0.57,$0.56,$28,$0,$0,$1738,$31,$230,$121,$55,$437,$2175,$1536,$367,$9,$376,$1911,$0,$109,$0,$263,$2175,$5,$1,$1,$2,$0,$0,$0,$-2,$-2,$5,$-2,$0,$0,$0,$5,$5,$-31,$-28,$12,$-5,$7,$1,$1,$-1,$14,$20,$-3,$0,$-1
47,2006-12-31,19.99,$29.63,0.67,$14.95,1.34,$5.22,3.83,$1.28,15.61,$1.71B,$1.52B,1.12,$0.36B,$0.26B,1.4,$0.13B,$0.07B,55.38%,$0.13B,$0.02B,12.31%,$0.13B,0,0.00%,$0.13B,0,0.00%,$0.13B,$0.02B,11.54%,$0.13B,$0.01B,8.46%,$0.01B,$0.26B,4.36%,$0.01B,$0.14B,7.46%,$0.01B,$2.15B,0.51%,$0.02B,$0.62B,2.46%,$37,$16,$21,$0,$13,$30,$7,$0,$6,$2,$4,$4,$4,$0,$0,$9,9,$0.48,$0.48,$31,$0,$0,$1711,$29,$234,$121,$54,$439,$2150,$1522,$360,$9,$370,$1891,$0,$106,$0,$258,$2150,$11,$9,$10,$19,$0,$0,$0,$-1,$-1,$25,$-6,$0,$-23,$0,$186,$186,$-279,$-122,$-67,$15,$-52,$2,$2,$-5,$152,$97,$-0,$1,$-5
