,Date,Stock Price,Book Value per Share,Price to Book Ratio,TTM Sales per Share,Price to Sales Ratio,TTM FCF per Share,Price to FCF Ratio,TTM Net EPS,PE Ratio,Current Assets,Current Liabilities,Current Ratio,Long Term Debt,Shareholder's Equity_x,Debt to Equity Ratio,TTM Revenue_x,TTM Gross Profit,Gross Margin,TTM Revenue_y,TTM Operating Income,Operating Margin,TTM Revenue_x,TTM EBIT,EBIT Margin,TTM Revenue_y,TTM EBITDA,EBITDA Margin,TTM Revenue_x,TTM Pre-Tax Income,Pre-Tax Margin,TTM Revenue_y,TTM Net Income_x,Net Margin,TTM Net Income_y,Shareholder's Equity_y,Return on Equity,TTM Net Income_x,Tangible Equity,Return on Tangible Equity,TTM Net Income_y,Total Assets,Return on Assets,TTM Net Income,LT Investments & Debt,Return on Investment,revenue,cost-goods-sold,gross-profit,research-development-expenses,selling-general-administrative-expenses,operating-expenses,operating-income,total-non-operating-income-expense,pre-tax-income,total-provision-income-taxes,income-after-taxes,income-from-continuous-operations,net-income,ebitda,ebit,basic-shares-outstanding,shares-outstanding,eps-basic-net-earnings-per-share,eps-earnings-per-share-diluted,cash-on-hand,inventory,other-current-assets,total-current-assets,net-property-plant-equipment,long-term-investments,goodwill-intangible-assets-total,other-long-term-assets,total-long-term-assets,total-assets,total-current-liabilities,long-term-debt,other-non-current-liabilities,total-long-term-liabilities,total-liabilities,common-stock-net,retained-earnings-accumulated-deficit,comprehensive-income,total-share-holder-equity,total-liabilities-share-holders-equity,net-income-loss,total-depreciation-amortization-cash-flow,other-non-cash-items,total-non-cash-items,change-in-accounts-receivable,change-in-inventories,change-in-accounts-payable,change-in-assets-liabilities,total-change-in-assets-liabilities,cash-flow-from-operating-activities,net-change-in-property-plant-equipment,net-change-in-intangible-assets,net-acquisitions-divestitures,net-change-in-short-term-investments,net-change-in-long-term-investments,net-change-in-investments-total,investing-activities-other,cash-flow-from-investing-activities,net-long-term-debt,net-current-debt,debt-issuance-retirement-net-total,net-common-equity-issued-repurchased,net-total-equity-issued-repurchased,total-common-preferred-stock-dividends-paid,financial-activities-other,cash-flow-from-financial-activities,net-cash-flow,stock-based-compensation,common-stock-dividends-paid
0,2018-09-30,49.19,$9.23,5.33,$17.78,2.77,$-2.44,0.0,$1.84,26.73,$1.06B,$0.86B,1.24,$0.86B,$0.45B,1.89,$0.93B,$0.75B,80.34%,$0.93B,$0.17B,18.37%,$0.93B,$0.17B,18.37%,$0.93B,$0.20B,21.48%,$0.93B,$0.13B,13.43%,$0.93B,$0.10B,10.42%,$0.10B,$0.45B,17.12%,$0.10B,$0.38B,19.46%,$0.10B,$2.24B,3.68%,$0.17B,$1.31B,12.67%,$119,$26,$93,$0,$114,$150,$-31,$-6,$-37,$-8,$-29,$-28,$-28,$-25,$-31,$51,51,$-0.55,$-0.55,$158,$54,$0,$1061,$368,$0,$70,$234,$1174,$2235,$858,$856,$47,$925,$1783,$1,$803,$-66,$452,$2235,$23,$21,$39,$60,$89,$11,$-359,$-23,$-342,$-258,$-36,$0,$-6,$0,$0,$0,$68,$26,$-306,$0,$-306,$-196,$-196,$0,$-10,$-511,$-749,$21,$0
1,2018-06-30,54.34,$11.76,4.62,$18.87,2.88,$1.61,33.85,$1.94,28.01,$1.74B,$1.41B,1.24,$0.71B,$0.61B,1.17,$0.99B,$0.73B,73.69%,$0.99B,$0.16B,16.23%,$0.99B,$0.16B,16.23%,$0.99B,$0.19B,19.15%,$0.99B,$0.12B,11.69%,$0.99B,$0.10B,10.28%,$0.10B,$0.61B,17.47%,$0.10B,$0.54B,19.72%,$0.10B,$2.81B,3.90%,$0.16B,$1.32B,11.50%,$346,$104,$242,$0,$149,$262,$84,$-10,$74,$18,$56,$57,$57,$92,$84,$52,52,$1.09,$1.08,$461,$33,$0,$1737,$356,$0,$70,$230,$1075,$2812,$1407,$711,$46,$798,$2205,$1,$830,$-66,$607,$2812,$51,$15,$37,$52,$-285,$34,$206,$-12,$-87,$17,$-19,$0,$-6,$0,$0,$0,$91,$66,$-315,$-134,$-449,$-62,$-62,$0,$-10,$-521,$-445,$15,$0
2,2018-03-31,51.31,$11.30,4.54,$18.65,2.75,$2.51,20.42,$2.29,22.41,$1.27B,$1.01B,1.25,$0.72B,$0.59B,1.21,$0.99B,$0.75B,75.76%,$0.99B,$0.19B,19.37%,$0.99B,$0.19B,19.37%,$0.99B,$0.22B,22.11%,$0.99B,$0.15B,15.21%,$0.99B,$0.12B,12.37%,$0.12B,$0.59B,21.49%,$0.12B,$0.52B,24.24%,$0.12B,$2.42B,4.65%,$0.19B,$1.31B,12.90%,$196,$54,$142,$0,$128,$189,$7,$-18,$-11,$-4,$-7,$-7,$-7,$14,$7,$52,52,$-0.12,$-0.12,$351,$65,$0,$1265,$355,$0,$71,$237,$1151,$2416,$1009,$716,$46,$816,$1825,$1,$773,$-56,$591,$2416,$-7,$8,$21,$28,$80,$7,$-189,$-6,$-178,$-156,$-9,$0,$-6,$0,$0,$0,$81,$66,$-310,$-132,$-441,$-21,$-21,$0,$-9,$-472,$-554,$8,$0
3,2017-12-31,51.6,$11.76,4.39,$18.68,2.76,$5.20,9.93,$2.20,23.45,$1.90B,$1.52B,1.25,$0.85B,$0.62B,1.38,$0.99B,$0.71B,71.49%,$0.99B,$0.17B,17.19%,$0.99B,$0.17B,17.19%,$0.99B,$0.20B,19.82%,$0.99B,$0.14B,14.36%,$0.99B,$0.12B,11.93%,$0.12B,$0.62B,21.75%,$0.12B,$0.56B,24.58%,$0.12B,$3.09B,4.50%,$0.17B,$1.47B,10.88%,$270,$-1,$271,$0,$152,$159,$111,$-12,$99,$23,$76,$77,$75,$119,$111,$53,53,$1.44,$1.43,$906,$74,$0,$1902,$352,$0,$62,$228,$1185,$3087,$1517,$850,$51,$954,$2470,$1,$780,$-62,$617,$3087,$119,$26,$3,$29,$-298,$74,$451,$-10,$217,$366,$-21,$0,$-0,$0,$2,$2,$79,$60,$47,$-369,$-322,$-44,$-44,$-2,$-15,$-384,$48,$23,$-2
4,2017-09-30,46.11,$9.90,4.66,$18.95,2.43,$1.07,43.29,$1.97,23.41,$0.97B,$0.56B,1.73,$0.99B,$0.52B,1.91,$1.03B,$0.68B,65.95%,$1.03B,$0.15B,14.59%,$1.03B,$0.15B,14.59%,$1.03B,$0.17B,16.93%,$1.03B,$0.13B,12.55%,$1.03B,$0.11B,10.60%,$0.11B,$0.52B,21.18%,$0.11B,$0.46B,24.13%,$0.11B,$2.15B,4.40%,$0.15B,$1.51B,9.30%,$180,$104,$76,$0,$112,$221,$-41,$-5,$-46,$-21,$-24,$-23,$-23,$-35,$-41,$53,53,$-0.45,$-0.45,$317,$63,$0,$966,$350,$0,$62,$196,$1180,$2147,$558,$991,$52,$1069,$1627,$1,$703,$-80,$520,$2147,$42,$18,$30,$48,$30,$88,$-167,$-4,$-167,$-76,$-14,$0,$-0,$0,$4,$4,$82,$72,$-169,$0,$-169,$-40,$-40,$-2,$-17,$-228,$-222,$17,$-2
5,2017-06-30,53.67,$10.31,5.2,$17.18,3.12,$0.67,80.38,$1.43,37.53,$1.67B,$1.12B,1.49,$1.10B,$0.54B,2.02,$0.94B,$0.65B,69.65%,$0.94B,$0.12B,13.21%,$0.94B,$0.12B,13.21%,$0.94B,$0.15B,15.76%,$0.94B,$0.10B,10.86%,$0.94B,$0.08B,8.31%,$0.08B,$0.54B,15.19%,$0.08B,$0.48B,17.31%,$0.08B,$2.84B,3.08%,$0.12B,$1.64B,7.50%,$340,$82,$258,$0,$138,$226,$114,$-6,$108,$31,$76,$77,$77,$120,$114,$53,53,$1.44,$1.43,$558,$131,$0,$1670,$347,$0,$63,$193,$1171,$2840,$1120,$1095,$52,$1177,$2297,$1,$726,$-83,$543,$2840,$66,$12,$27,$39,$-359,$21,$330,$1,$-51,$54,$-8,$0,$0,$0,$4,$4,$49,$45,$-4,$-34,$-37,$-34,$-34,$-2,$-15,$-88,$19,$12,$-2
6,2017-03-31,45.48,$9.18,4.95,$15.95,2.85,$-1.20,0.0,$1.52,29.92,$1.25B,$0.70B,1.79,$1.15B,$0.49B,2.34,$0.90B,$0.65B,72.61%,$0.90B,$0.14B,15.59%,$0.90B,$0.14B,15.59%,$0.90B,$0.16B,18.26%,$0.90B,$0.12B,13.03%,$0.90B,$0.09B,9.91%,$0.09B,$0.49B,17.11%,$0.09B,$0.43B,19.44%,$0.09B,$2.42B,3.53%,$0.14B,$1.64B,8.39%,$199,$98,$102,$0,$110,$213,$-14,$-5,$-19,$-7,$-12,$-11,$-11,$-8,$-14,$53,53,$-0.21,$-0.21,$529,$151,$0,$1254,$346,$0,$63,$185,$1163,$2417,$699,$1146,$51,$1227,$1927,$1,$650,$-88,$490,$2417,$-11,$6,$20,$26,$48,$5,$11,$-10,$-35,$-20,$-5,$0,$0,$0,$2,$2,$44,$41,$-2,$-17,$-18,$0,$0,$-2,$-14,$-34,$-11,$6,$-2
7,2016-12-31,39.86,$9.54,4.18,$13.88,2.87,$-5.61,0.0,$1.32,30.2,$1.27B,$0.74B,1.71,$1.16B,$0.51B,2.3,$0.81B,$0.63B,78.41%,$0.81B,$0.12B,15.14%,$0.81B,$0.12B,15.14%,$0.81B,$0.15B,18.11%,$0.81B,$0.10B,12.03%,$0.81B,$0.07B,9.18%,$0.07B,$0.51B,13.39%,$0.07B,$0.44B,15.09%,$0.07B,$2.50B,2.94%,$0.12B,$1.67B,7.20%,$309,$66,$242,$0,$145,$217,$91,$-5,$86,$22,$64,$66,$66,$97,$91,$57,58,$1.14,$1.15,$555,$159,$0,$1269,$347,$0,$63,$165,$1236,$2504,$743,$1164,$65,$1256,$1999,$1,$660,$-90,$506,$2504,$74,$23,$4,$28,$437,$30,$-422,$10,$56,$158,$-21,$0,$-54,$0,$0,$0,$-45,$-120,$-8,$24,$16,$-360,$-360,$-2,$-11,$-356,$-353,$15,$-2
8,2016-09-30,38.02,$9.36,4.06,$13.41,2.83,$-5.88,0.0,$-0.05,0.0,$1.19B,$0.61B,1.96,$1.15B,$0.52B,2.24,$0.83B,$0.64B,77.31%,$0.83B,$0.12B,14.41%,$0.83B,$0.12B,14.41%,$0.83B,$0.14B,17.17%,$0.83B,$0.10B,11.40%,$0.83B,$-0.00B,-0.36%,$-0.00B,$0.52B,-0.48%,$-0.00B,$0.45B,-0.52%,$-0.00B,$2.36B,-0.11%,$0.12B,$1.67B,6.80%,$91,$39,$52,$0,$114,$158,$-67,$-7,$-73,$-18,$-56,$-55,$-54,$-61,$-67,$55,55,$-0.99,$-0.99,$413,$180,$0,$1189,$347,$0,$62,$151,$1169,$2358,$605,$1153,$48,$1237,$1843,$1,$595,$-84,$515,$2358,$9,$17,$-2,$15,$441,$21,$-569,$3,$-124,$-100,$-16,$0,$-52,$0,$0,$0,$39,$-29,$-6,$12,$6,$-286,$-286,$-2,$-9,$-291,$-443,$10,$-2
9,2016-06-30,27.4,$10.34,2.65,$13.78,1.99,$-5.29,0.0,$0.68,40.29,$1.65B,$1.02B,1.62,$1.13B,$0.57B,1.97,$0.88B,$0.67B,76.59%,$0.88B,$0.17B,18.75%,$0.88B,$0.17B,18.75%,$0.88B,$0.19B,21.36%,$0.88B,$0.14B,15.57%,$0.88B,$0.03B,3.75%,$0.03B,$0.57B,4.74%,$0.03B,$0.51B,5.02%,$0.03B,$2.81B,1.20%,$0.17B,$1.70B,8.96%,$299,$43,$256,$0,$121,$169,$130,$-7,$123,$34,$89,$89,$88,$136,$130,$57,58,$1.54,$1.52,$498,$205,$0,$1649,$349,$0,$61,$159,$1159,$2808,$1021,$1125,$59,$1217,$2238,$1,$649,$-85,$570,$2808,$63,$12,$-10,$2,$35,$-1,$-167,$3,$-113,$-47,$-11,$0,$-51,$0,$0,$0,$64,$3,$-4,$-18,$-22,$-282,$-282,$-2,$-7,$-313,$-373,$7,$-2
10,2016-03-31,26.73,$10.40,2.57,$13.36,2.0,$-5.28,0.0,$0.12,222.75,$1.27B,$0.55B,2.29,$1.12B,$0.62B,1.82,$0.91B,$0.70B,76.23%,$0.91B,$0.15B,16.54%,$0.91B,$0.15B,16.54%,$0.91B,$0.17B,19.06%,$0.91B,$0.12B,13.36%,$0.91B,$0.01B,1.31%,$0.01B,$0.62B,1.52%,$0.01B,$0.56B,1.57%,$0.01B,$2.41B,0.42%,$0.15B,$1.74B,7.83%,$107,$25,$82,$0,$109,$139,$-32,$-7,$-39,$-13,$-26,$-26,$-26,$-26,$-32,$63,63,$-0.41,$-0.41,$419,$205,$0,$1268,$351,$0,$62,$160,$1146,$2414,$554,$1124,$55,$1241,$1795,$1,$560,$-73,$619,$2414,$-26,$6,$19,$24,$369,$4,$-571,$1,$-302,$-303,$-4,$0,$-51,$0,$0,$0,$103,$49,$-2,$-21,$-22,$-148,$-148,$-2,$-5,$-176,$-435,$6,$-2
11,2015-12-31,25.76,$12.26,2.1,$13.90,1.85,$-4.40,0.0,$0.60,42.93,$2.11B,$1.20B,1.76,$1.15B,$0.81B,1.42,$0.96B,$0.74B,77.23%,$0.96B,$0.20B,20.89%,$0.96B,$0.20B,20.89%,$0.96B,$0.22B,23.28%,$0.96B,$0.17B,17.57%,$0.96B,$0.04B,4.47%,$0.04B,$0.81B,5.06%,$0.04B,$0.79B,5.15%,$0.04B,$3.26B,1.51%,$0.20B,$1.95B,10.54%,$336,$82,$254,$0,$123,$247,$89,$-5,$84,$95,$-11,$-11,$-11,$94,$89,$68,69,$-0.14,$-0.14,$878,$215,$0,$2110,$354,$0,$14,$162,$1154,$3263,$1197,$1146,$16,$1260,$2457,$1,$586,$-66,$807,$3263,$44,$23,$133,$156,$-14,$-19,$17,$-28,$-43,$156,$-11,$0,$0,$0,$0,$0,$-6,$-17,$92,$97,$188,$-125,$-125,$-30,$-9,$25,$155,$34,$-30
12,2015-09-30,31.87,$11.78,2.7,$14.06,2.27,$-6.03,0.0,$1.83,17.42,$1.27B,$0.45B,2.84,$1.19B,$0.79B,1.51,$0.98B,$0.77B,78.81%,$0.98B,$0.24B,24.67%,$0.98B,$0.24B,24.67%,$0.98B,$0.27B,27.23%,$0.98B,$0.21B,20.98%,$0.98B,$0.13B,13.00%,$0.13B,$0.79B,14.64%,$0.13B,$0.77B,14.88%,$0.13B,$2.50B,4.51%,$0.24B,$1.97B,13.21%,$138,$56,$82,$0,$99,$160,$-22,$-9,$-31,$-10,$-21,$-18,$-18,$-16,$-22,$68,68,$-0.26,$-0.26,$605,$218,$0,$1268,$355,$0,$14,$134,$1228,$2496,$446,$1186,$57,$1262,$1709,$1,$604,$-93,$788,$2496,$55,$17,$47,$64,$627,$-16,$-715,$-3,$-215,$-97,$-7,$0,$0,$0,$0,$0,$-56,$-63,$94,$135,$228,$-125,$-125,$-23,$-8,$72,$-92,$23,$-23
13,2015-06-30,44.96,$13.62,3.3,$13.40,3.36,$-8.24,0.0,$1.69,26.6,$1.86B,$1.01B,1.84,$1.10B,$0.95B,1.16,$0.93B,$0.77B,82.10%,$0.93B,$0.23B,24.22%,$0.93B,$0.23B,24.22%,$0.93B,$0.25B,26.90%,$0.93B,$0.19B,20.58%,$0.93B,$0.12B,12.54%,$0.12B,$0.95B,13.33%,$0.12B,$0.93B,13.55%,$0.12B,$3.13B,4.17%,$0.23B,$2.05B,13.10%,$332,$54,$278,$0,$158,$216,$116,$-8,$108,$43,$65,$67,$67,$122,$116,$69,70,$0.97,$0.96,$651,$258,$0,$1856,$358,$42,$14,$65,$1277,$3133,$1010,$1101,$9,$1176,$2186,$1,$629,$-77,$947,$3133,$73,$12,$42,$54,$82,$-54,$-194,$-3,$-193,$-66,$-3,$0,$0,$0,$0,$0,$-133,$-136,$-4,$148,$144,$0,$0,$-16,$-8,$119,$-80,$17,$-16
14,2015-03-31,41.9,$12.35,3.39,$13.48,3.11,$-8.22,0.0,$1.84,22.77,$1.28B,$0.76B,1.69,$0.80B,$0.86B,0.93,$0.94B,$0.78B,83.56%,$0.94B,$0.24B,25.61%,$0.94B,$0.24B,25.61%,$0.94B,$0.27B,28.28%,$0.94B,$0.21B,22.09%,$0.94B,$0.13B,13.55%,$0.13B,$0.86B,14.77%,$0.13B,$0.84B,15.02%,$0.13B,$2.49B,4.55%,$0.24B,$1.66B,14.57%,$156,$27,$129,$0,$102,$137,$18,$-10,$8,$4,$4,$5,$5,$24,$18,$69,70,$0.07,$0.07,$393,$259,$0,$1282,$357,$41,$14,$65,$1210,$2492,$759,$797,$9,$875,$1634,$1,$568,$-95,$858,$2492,$5,$6,$14,$20,$427,$-47,$0,$-578,$-302,$-277,$-1,$0,$0,$0,$0,$0,$-64,$-65,$-1,$57,$56,$0,$0,$-9,$-8,$38,$-313,$8,$-9
15,2014-12-31,42.71,$12.73,3.36,$13.51,3.16,$-8.13,0.0,$1.68,25.42,$2.04B,$1.43B,1.43,$0.75B,$0.88B,0.85,$0.94B,$0.78B,82.62%,$0.94B,$0.23B,24.09%,$0.94B,$0.23B,24.09%,$0.94B,$0.25B,26.76%,$0.94B,$0.19B,20.58%,$0.94B,$0.12B,12.37%,$0.12B,$0.88B,13.74%,$0.12B,$0.86B,13.97%,$0.12B,$3.14B,4.29%,$0.23B,$1.62B,14.05%,$351,$70,$281,$0,$140,$222,$129,$-9,$120,$46,$74,$74,$73,$136,$129,$69,70,$1.06,$1.06,$727,$217,$0,$2040,$364,$10,$14,$70,$1095,$3135,$1429,$745,$12,$827,$2257,$1,$570,$-77,$878,$3135,$118,$25,$43,$68,$-178,$-59,$79,$13,$-145,$44,$-11,$0,$0,$0,$0,$0,$-118,$-129,$-9,$445,$436,$-24,$-24,$-332,$-8,$72,$-27,$27,$-332
16,2014-09-30,35.25,$11.99,2.94,$13.37,2.64,$-5.51,0.0,$1.92,18.36,$1.36B,$0.81B,1.69,$0.75B,$0.83B,0.91,$0.93B,$0.79B,85.53%,$0.93B,$0.24B,26.13%,$0.93B,$0.24B,26.13%,$0.93B,$0.27B,28.73%,$0.93B,$0.21B,22.68%,$0.93B,$0.13B,14.47%,$0.13B,$0.83B,14.73%,$0.13B,$0.81B,14.96%,$0.13B,$2.46B,5.07%,$0.24B,$1.58B,14.97%,$94,$17,$78,$0,$100,$132,$-37,$-7,$-44,$-16,$-28,$-28,$-28,$-31,$-37,$69,69,$-0.40,$-0.40,$423,$210,$0,$1359,$369,$10,$15,$70,$1103,$2463,$805,$749,$12,$831,$1636,$1,$503,$-51,$827,$2463,$44,$18,$33,$51,$318,$-39,$0,$-559,$-346,$-250,$-8,$0,$0,$0,$0,$0,$-127,$-134,$-3,$449,$446,$-24,$-24,$-325,$-8,$89,$-302,$17,$-325
17,2014-06-30,41.34,$12.72,3.25,$13.58,3.04,$-2.83,0.0,$1.88,21.99,$2.01B,$1.25B,1.61,$0.86B,$0.88B,0.98,$0.94B,$0.79B,84.26%,$0.94B,$0.25B,26.06%,$0.94B,$0.25B,26.06%,$0.94B,$0.27B,28.51%,$0.94B,$0.21B,22.55%,$0.94B,$0.13B,14.04%,$0.13B,$0.88B,13.69%,$0.13B,$0.86B,13.90%,$0.13B,$3.07B,5.20%,$0.25B,$1.74B,15.20%,$336,$41,$295,$0,$141,$205,$130,$-8,$123,$45,$77,$78,$77,$136,$130,$69,69,$1.12,$1.11,$633,$219,$0,$2011,$373,$11,$15,$71,$1062,$3073,$1252,$860,$11,$944,$2196,$1,$538,$-31,$877,$3073,$72,$12,$26,$38,$-192,$-34,$0,$45,$-174,$-64,$-4,$0,$0,$0,$0,$0,$-75,$-78,$-2,$345,$343,$-24,$-24,$-318,$-8,$-7,$-145,$13,$-318
18,2014-03-31,42.76,$11.55,3.7,$13.17,3.25,$-0.65,0.0,$2.10,20.36,$1.27B,$0.57B,2.23,$0.70B,$0.80B,0.88,$0.91B,$0.77B,84.38%,$0.91B,$0.25B,27.28%,$0.91B,$0.25B,27.28%,$0.91B,$0.27B,30.03%,$0.91B,$0.21B,23.21%,$0.91B,$0.15B,16.17%,$0.15B,$0.80B,14.60%,$0.15B,$0.78B,14.81%,$0.15B,$2.15B,5.99%,$0.25B,$1.50B,15.81%,$157,$36,$121,$0,$106,$153,$4,$-10,$-6,$0,$-6,$-6,$-6,$10,$4,$69,69,$-0.09,$-0.09,$340,$178,$0,$1274,$376,$11,$15,$72,$876,$2151,$571,$700,$11,$783,$1354,$1,$467,$-35,$796,$2151,$-6,$6,$7,$13,$341,$-2,$0,$-534,$-276,$-268,$-2,$0,$0,$0,$0,$0,$28,$26,$-1,$185,$184,$-24,$-24,$-311,$-7,$-158,$-399,$6,$-311
19,2013-12-31,47.5,$16.49,2.88,$12.40,3.83,$0.75,63.12,$1.86,25.54,$1.97B,$1.14B,1.73,$0.52B,$1.14B,0.45,$0.85B,$0.74B,86.53%,$0.85B,$0.22B,26.11%,$0.85B,$0.22B,26.11%,$0.85B,$0.25B,29.16%,$0.85B,$0.19B,21.66%,$0.85B,$0.13B,15.34%,$0.13B,$1.14B,12.54%,$0.13B,$1.13B,12.72%,$0.13B,$2.89B,5.27%,$0.22B,$1.66B,14.30%,$339,$41,$298,$0,$147,$194,$145,$-8,$137,$46,$91,$91,$91,$151,$145,$68,69,$1.33,$1.32,$753,$192,$0,$1972,$379,$11,$15,$86,$921,$2894,$1142,$515,$22,$611,$1754,$1,$791,$-39,$1140,$2894,$130,$27,$38,$64,$-195,$-83,$0,$276,$42,$237,$-23,$0,$0,$0,$1,$1,$-69,$-91,$-3,$-197,$-201,$4,$4,$-14,$8,$-202,$-47,$22,$-14
20,2013-09-30,43.78,$15.25,2.87,$11.75,3.73,$-3.57,0.0,$1.52,28.8,$1.13B,$0.38B,3.01,$0.52B,$1.04B,0.49,$0.81B,$0.70B,86.35%,$0.81B,$0.20B,25.19%,$0.81B,$0.20B,25.19%,$0.81B,$0.23B,28.54%,$0.81B,$0.15B,17.99%,$0.81B,$0.11B,13.15%,$0.11B,$1.04B,10.52%,$0.11B,$1.03B,10.68%,$0.11B,$2.03B,4.41%,$0.20B,$1.56B,13.33%,$108,$30,$78,$0,$108,$142,$-34,$-7,$-42,$-12,$-30,$-30,$-30,$-29,$-34,$68,68,$-0.44,$-0.44,$490,$98,$0,$1128,$377,$11,$15,$89,$901,$2030,$375,$515,$22,$611,$986,$1,$707,$-45,$1044,$2030,$39,$21,$24,$45,$316,$-2,$0,$-404,$-139,$-55,$-17,$0,$0,$0,$1,$1,$-21,$-38,$-2,$-197,$-200,$4,$4,$-7,$8,$-195,$-285,$16,$-7
21,2013-06-30,33.71,$15.33,2.2,$11.18,3.01,$-9.17,0.0,$1.48,22.78,$1.85B,$1.09B,1.7,$0.52B,$1.05B,0.49,$0.77B,$0.68B,88.77%,$0.77B,$0.20B,25.98%,$0.77B,$0.20B,25.98%,$0.77B,$0.23B,29.90%,$0.77B,$0.14B,18.41%,$0.77B,$0.10B,13.45%,$0.10B,$1.05B,10.47%,$0.10B,$1.03B,10.62%,$0.10B,$2.74B,4.19%,$0.20B,$1.56B,13.27%,$305,$35,$270,$0,$131,$172,$133,$-11,$122,$31,$92,$92,$92,$141,$133,$68,69,$1.34,$1.33,$716,$87,$0,$1846,$371,$11,$14,$89,$898,$2743,$1087,$515,$22,$608,$1696,$1,$744,$-69,$1048,$2743,$69,$15,$18,$33,$-309,$-0,$0,$287,$-10,$93,$-9,$0,$0,$0,$1,$1,$52,$44,$14,$-197,$-183,$3,$3,$0,$-8,$-189,$-69,$10,$0
22,2013-03-31,33.27,$13.84,2.4,$11.20,2.97,$-13.66,0.0,$1.39,23.93,$1.38B,$0.71B,1.96,$0.52B,$0.95B,0.55,$0.77B,$0.68B,88.89%,$0.77B,$0.20B,26.41%,$0.77B,$0.20B,26.41%,$0.77B,$0.23B,30.33%,$0.77B,$0.14B,18.82%,$0.77B,$0.10B,12.55%,$0.10B,$0.95B,9.96%,$0.10B,$0.93B,10.11%,$0.10B,$2.27B,3.99%,$0.20B,$1.46B,14.18%,$102,$9,$93,$0,$109,$123,$-21,$-10,$-32,$-9,$-22,$-22,$-22,$-14,$-21,$68,68,$-0.33,$-0.33,$615,$92,$0,$1384,$371,$15,$14,$105,$886,$2271,$708,$515,$37,$618,$1325,$1,$652,$-74,$945,$2271,$-22,$7,$6,$14,$120,$-2,$0,$-256,$-158,$-166,$-4,$0,$0,$0,$0,$0,$35,$31,$-1,$0,$-1,$2,$2,$0,$-8,$-7,$-160,$4,$0
23,2012-12-31,29.9,$14.65,2.04,$11.26,2.66,$-17.27,0.0,$1.56,19.16,$1.67B,$0.97B,1.73,$0.52B,$0.99B,0.52,$0.77B,$0.68B,88.80%,$0.77B,$0.21B,27.86%,$0.77B,$0.21B,27.86%,$0.77B,$0.24B,31.77%,$0.77B,$0.16B,20.83%,$0.77B,$0.11B,13.93%,$0.11B,$0.99B,11.22%,$0.11B,$0.98B,11.40%,$0.11B,$2.58B,4.68%,$0.21B,$1.51B,15.27%,$291,$36,$255,$0,$126,$166,$125,$-28,$97,$31,$66,$66,$66,$132,$125,$68,69,$0.97,$0.97,$800,$92,$0,$1671,$375,$15,$15,$105,$904,$2575,$965,$515,$38,$617,$1582,$1,$674,$-50,$993,$2575,$108,$29,$35,$64,$-46,$13,$0,$-232,$-239,$-65,$-19,$0,$0,$0,$0,$0,$-202,$-221,$197,$0,$197,$1,$1,$-35,$-9,$154,$-122,$19,$-35
24,2012-09-30,27.77,$14.02,1.98,$11.14,2.49,$-10.43,0.0,$1.64,16.93,$1.36B,$0.67B,2.02,$0.52B,$0.95B,0.54,$0.76B,$0.68B,89.22%,$0.76B,$0.21B,27.07%,$0.76B,$0.21B,27.07%,$0.76B,$0.24B,31.14%,$0.76B,$0.17B,22.47%,$0.76B,$0.11B,14.72%,$0.11B,$0.95B,12.03%,$0.11B,$0.94B,12.22%,$0.11B,$2.24B,5.00%,$0.21B,$1.47B,15.08%,$68,$7,$62,$0,$95,$106,$-38,$-9,$-46,$-14,$-33,$-33,$-33,$-30,$-38,$68,68,$-0.48,$-0.48,$591,$99,$0,$1357,$373,$15,$15,$104,$887,$2243,$671,$515,$38,$622,$1293,$1,$627,$-40,$950,$2243,$42,$22,$17,$39,$76,$6,$0,$-577,$-520,$-438,$-13,$0,$0,$0,$0,$0,$-132,$-145,$298,$-5,$292,$1,$1,$-16,$-8,$269,$-305,$13,$-16
25,2012-06-30,29.33,$14.29,2.05,$10.99,2.67,$-3.10,0.0,$1.68,17.46,$1.74B,$1.20B,1.45,$0.29B,$0.97B,0.3,$0.75B,$0.66B,88.42%,$0.75B,$0.20B,26.50%,$0.75B,$0.20B,26.50%,$0.75B,$0.23B,30.49%,$0.75B,$0.16B,21.17%,$0.75B,$0.12B,15.31%,$0.12B,$0.97B,12.62%,$0.12B,$0.95B,12.83%,$0.12B,$2.53B,5.33%,$0.20B,$1.26B,14.93%,$304,$34,$270,$0,$129,$168,$136,$-11,$125,$40,$85,$85,$85,$144,$136,$68,68,$1.26,$1.24,$610,$105,$0,$1736,$371,$15,$14,$59,$795,$2531,$1197,$294,$7,$366,$1562,$1,$665,$-55,$969,$2531,$75,$14,$13,$27,$-374,$4,$0,$78,$-319,$-216,$-8,$0,$0,$0,$0,$0,$-63,$-71,$-2,$0,$-2,$1,$1,$-11,$-8,$-20,$-307,$9,$-11
26,2012-03-31,34.5,$13.32,2.59,$11.87,2.91,$2.09,16.51,$2.25,15.33,$1.04B,$0.35B,3.0,$0.47B,$0.90B,0.52,$0.82B,$0.73B,89.23%,$0.82B,$0.25B,30.84%,$0.82B,$0.25B,30.84%,$0.82B,$0.28B,34.39%,$0.82B,$0.21B,25.95%,$0.82B,$0.16B,19.09%,$0.16B,$0.90B,17.31%,$0.16B,$0.89B,17.60%,$0.16B,$1.79B,7.11%,$0.25B,$1.37B,18.46%,$105,$10,$95,$0,$100,$114,$-9,$-8,$-16,$-6,$-11,$-11,$-11,$-2,$-9,$67,67,$-0.16,$-0.16,$450,$113,$0,$1043,$373,$15,$15,$60,$745,$1788,$348,$466,$7,$538,$886,$1,$585,$-37,$902,$1788,$-11,$7,$6,$13,$237,$-2,$0,$-539,$-410,$-408,$-5,$0,$0,$0,$0,$0,$-30,$-35,$-1,$0,$-1,$0,$0,$-6,$-8,$-14,$-446,$5,$-6
27,2011-12-31,24.97,$13.41,1.86,$12.05,2.07,$5.54,4.51,$2.45,10.19,$1.69B,$0.96B,1.76,$0.47B,$0.90B,0.51,$0.83B,$0.74B,88.82%,$0.83B,$0.27B,32.69%,$0.83B,$0.27B,32.69%,$0.83B,$0.30B,36.18%,$0.83B,$0.23B,27.88%,$0.83B,$0.17B,20.31%,$0.17B,$0.90B,19.39%,$0.17B,$0.89B,19.73%,$0.17B,$2.40B,7.72%,$0.27B,$1.37B,21.05%,$284,$33,$252,$0,$129,$167,$117,$-9,$108,$36,$71,$71,$71,$125,$117,$67,69,$1.05,$1.06,$919,$114,$0,$1693,$371,$15,$15,$56,$706,$2399,$964,$465,$7,$531,$1496,$1,$601,$-54,$904,$2399,$171,$29,$18,$46,$92,$-1,$0,$91,$184,$403,$-17,$0,$0,$0,$0,$0,$67,$50,$-3,$-22,$-26,$3,$3,$-15,$-7,$-45,$407,$19,$-15
28,2011-09-30,24.05,$12.88,1.87,$12.64,1.9,$4.74,5.08,$2.79,8.62,$1.19B,$0.53B,2.26,$0.46B,$0.87B,0.53,$0.87B,$0.78B,89.49%,$0.87B,$0.31B,35.91%,$0.87B,$0.31B,35.91%,$0.87B,$0.34B,39.15%,$0.87B,$0.26B,30.48%,$0.87B,$0.19B,21.94%,$0.19B,$0.87B,22.65%,$0.19B,$0.86B,23.07%,$0.19B,$1.92B,8.91%,$0.31B,$1.33B,24.66%,$58,$11,$47,$0,$86,$104,$-45,$-12,$-58,$-28,$-30,$-30,$-30,$-38,$-45,$67,67,$-0.44,$-0.44,$565,$117,$0,$1193,$372,$15,$15,$55,$727,$1920,$527,$463,$7,$522,$1049,$1,$535,$-16,$870,$1920,$100,$21,$16,$37,$292,$-0,$0,$-314,$-79,$59,$-13,$0,$0,$0,$0,$0,$57,$44,$-2,$-22,$-25,$3,$3,$-10,$-7,$-39,$59,$14,$-10
29,2011-06-30,37.9,$13.75,2.76,$12.88,2.94,$4.69,8.08,$2.94,12.89,$1.95B,$1.22B,1.6,$0.46B,$0.93B,0.5,$0.88B,$0.78B,88.76%,$0.88B,$0.33B,37.12%,$0.88B,$0.33B,37.12%,$0.88B,$0.36B,40.30%,$0.88B,$0.28B,32.24%,$0.88B,$0.20B,22.81%,$0.20B,$0.93B,25.66%,$0.20B,$0.91B,26.18%,$0.20B,$2.67B,9.84%,$0.33B,$1.39B,26.81%,$370,$35,$335,$0,$140,$181,$189,$-11,$178,$51,$127,$127,$126,$196,$189,$67,69,$1.87,$1.81,$716,$127,$0,$1949,$375,$15,$15,$58,$720,$2669,$1220,$461,$7,$521,$1740,$1,$568,$11,$929,$2669,$130,$14,$15,$30,$-336,$0,$0,$298,$-18,$142,$-9,$0,$0,$0,$0,$0,$58,$49,$-1,$0,$-1,$3,$3,$-7,$-11,$-17,$183,$10,$-7
30,2011-03-31,45.78,$11.60,3.95,$11.75,3.89,$4.85,9.43,$2.39,19.15,$1.04B,$0.63B,1.66,$0.29B,$0.78B,0.38,$0.79B,$0.70B,88.51%,$0.79B,$0.28B,35.10%,$0.79B,$0.28B,35.10%,$0.79B,$0.31B,38.64%,$0.79B,$0.23B,29.42%,$0.79B,$0.16B,20.33%,$0.16B,$0.78B,22.71%,$0.16B,$0.77B,23.22%,$0.16B,$1.76B,8.58%,$0.28B,$1.08B,23.98%,$120,$15,$105,$0,$90,$109,$11,$-7,$4,$1,$3,$2,$2,$18,$11,$67,69,$0.04,$0.03,$345,$131,$0,$1039,$375,$15,$15,$57,$725,$1764,$626,$294,$7,$354,$980,$1,$444,$-2,$784,$1764,$2,$7,$8,$15,$263,$-4,$0,$-361,$-196,$-179,$-5,$0,$0,$0,$0,$0,$46,$41,$-1,$0,$-1,$0,$0,$-3,$-11,$-15,$-149,$5,$-3
31,2010-12-31,39.12,$11.46,3.41,$11.56,3.38,$6.40,6.11,$2.32,16.86,$1.45B,$0.88B,1.65,$0.47B,$0.77B,0.61,$0.77B,$0.69B,89.02%,$0.77B,$0.28B,35.53%,$0.77B,$0.28B,35.53%,$0.77B,$0.30B,39.15%,$0.77B,$0.23B,29.20%,$0.77B,$0.16B,20.28%,$0.16B,$0.77B,24.06%,$0.16B,$0.76B,24.64%,$0.16B,$2.18B,8.76%,$0.28B,$1.24B,23.74%,$318,$30,$288,$0,$128,$162,$156,$-16,$140,$44,$96,$96,$92,$163,$156,$66,67,$1.42,$1.40,$502,$127,$0,$1450,$373,$15,$15,$55,$728,$2179,$877,$473,$7,$530,$1407,$1,$445,$-19,$772,$2179,$161,$28,$36,$63,$-316,$4,$0,$327,$117,$342,$-18,$0,$0,$0,$0,$0,$-102,$-120,$-55,$0,$-55,$14,$14,$-14,$-4,$-58,$162,$20,$-14
32,2010-09-30,31.97,$9.67,3.31,$10.19,3.14,$2.51,12.73,$2.03,15.75,$0.94B,$0.35B,2.72,$0.52B,$0.65B,0.8,$0.67B,$0.60B,88.87%,$0.67B,$0.22B,32.34%,$0.67B,$0.22B,32.34%,$0.67B,$0.25B,36.65%,$0.67B,$0.18B,26.56%,$0.67B,$0.14B,20.62%,$0.14B,$0.65B,23.02%,$0.14B,$0.63B,23.62%,$0.14B,$1.56B,8.45%,$0.22B,$1.17B,19.47%,$73,$20,$54,$0,$79,$102,$-29,$-9,$-38,$-19,$-20,$-19,$-19,$-22,$-29,$66,66,$-0.29,$-0.29,$370,$134,$0,$940,$370,$16,$15,$59,$620,$1560,$346,$519,$7,$566,$912,$1,$352,$-39,$648,$1560,$65,$21,$29,$50,$55,$-0,$0,$-120,$-61,$54,$-12,$0,$0,$0,$0,$0,$-10,$-22,$-0,$0,$-0,$10,$10,$-10,$-7,$-7,$24,$16,$-10
33,2010-06-30,19.82,$9.44,2.1,$9.78,2.03,$-0.59,0.0,$1.43,13.86,$1.40B,$0.80B,1.75,$0.52B,$0.63B,0.82,$0.65B,$0.59B,90.71%,$0.65B,$0.21B,32.35%,$0.65B,$0.21B,32.35%,$0.65B,$0.24B,37.00%,$0.65B,$0.17B,26.32%,$0.65B,$0.10B,15.48%,$0.10B,$0.63B,17.61%,$0.10B,$0.62B,18.12%,$0.10B,$2.00B,6.38%,$0.21B,$1.15B,19.32%,$281,$28,$254,$0,$110,$142,$140,$-12,$127,$41,$86,$86,$86,$147,$140,$66,67,$1.27,$1.26,$494,$143,$0,$1402,$365,$16,$15,$53,$600,$2002,$802,$517,$7,$569,$1370,$1,$375,$-70,$632,$2002,$84,$14,$15,$29,$-317,$-10,$0,$304,$33,$146,$-7,$0,$0,$0,$0,$0,$8,$1,$0,$0,$0,$9,$9,$-7,$-6,$-4,$141,$11,$-7
34,2010-03-31,26.91,$8.32,3.23,$8.14,3.31,$-4.82,0.0,$0.35,76.88,$0.85B,$0.31B,2.79,$0.52B,$0.56B,0.92,$0.53B,$0.47B,88.91%,$0.53B,$0.12B,21.99%,$0.53B,$0.12B,21.99%,$0.53B,$0.15B,27.82%,$0.53B,$0.08B,14.85%,$0.53B,$0.03B,4.89%,$0.03B,$0.56B,4.73%,$0.03B,$0.54B,4.88%,$0.03B,$1.43B,1.78%,$0.12B,$1.07B,11.02%,$102,$9,$93,$0,$81,$94,$8,$-11,$-3,$-1,$-2,$-2,$-2,$15,$8,$66,66,$-0.03,$-0.03,$241,$144,$0,$854,$365,$17,$15,$55,$578,$1431,$306,$515,$7,$567,$873,$1,$292,$-57,$558,$1431,$-2,$7,$9,$17,$72,$-6,$0,$-126,$-87,$-71,$-3,$0,$0,$0,$0,$0,$-31,$-33,$0,$0,$0,$9,$9,$-3,$-6,$-1,$-107,$6,$-3
35,2009-12-31,19.42,$8.59,2.26,$7.43,2.61,$-7.65,0.0,$-0.15,0.0,$0.97B,$0.44B,2.19,$0.51B,$0.58B,0.89,$0.48B,$0.42B,86.16%,$0.48B,$0.05B,10.95%,$0.48B,$0.05B,10.95%,$0.48B,$0.09B,17.56%,$0.48B,$0.02B,3.10%,$0.48B,$-0.01B,-1.24%,$-0.01B,$0.58B,-1.11%,$-0.01B,$0.56B,-1.15%,$-0.01B,$1.59B,-0.42%,$0.05B,$1.09B,5.05%,$218,$20,$198,$0,$93,$119,$99,$-5,$93,$20,$74,$74,$74,$107,$99,$65,65,$1.14,$1.14,$346,$143,$0,$968,$370,$17,$16,$56,$618,$1586,$442,$513,$8,$567,$1009,$1,$298,$-38,$577,$1586,$-7,$32,$33,$65,$179,$36,$0,$-76,$99,$159,$-98,$0,$2,$0,$0,$0,$30,$-66,$-2,$0,$-2,$1,$1,$-20,$-3,$-24,$68,$21,$-20
36,2009-09-30,14.85,$7.54,1.97,$6.59,2.25,$-12.34,0.0,$-1.37,0.0,$0.61B,$0.18B,3.5,$0.51B,$0.50B,1.01,$0.43B,$0.35B,80.09%,$0.43B,$-0.05B,-10.88%,$0.43B,$-0.05B,-10.88%,$0.43B,$-0.02B,-3.47%,$0.43B,$-0.08B,-19.44%,$0.43B,$-0.09B,-20.60%,$-0.09B,$0.50B,-16.54%,$-0.09B,$0.49B,-17.08%,$-0.09B,$1.25B,-6.14%,$-0.05B,$1.02B,-4.54%,$45,$4,$41,$0,$73,$83,$-38,$-9,$-47,$11,$-58,$-58,$-58,$-30,$-38,$65,65,$-0.89,$-0.89,$119,$167,$0,$611,$374,$17,$17,$56,$635,$1246,$175,$511,$7,$567,$741,$1,$227,$-32,$504,$1246,$-80,$23,$20,$44,$350,$14,$0,$-321,$-28,$-63,$-98,$0,$0,$0,$0,$0,$42,$-56,$-2,$0,$-2,$0,$0,$-17,$0,$-18,$-137,$16,$-17
37,2009-06-30,12.12,$8.35,1.45,$7.08,1.71,$-12.24,0.0,$-1.19,0.0,$0.91B,$0.44B,2.04,$0.51B,$0.56B,0.91,$0.46B,$0.35B,76.03%,$0.46B,$-0.07B,-14.25%,$0.46B,$-0.07B,-14.25%,$0.46B,$-0.03B,-7.34%,$0.46B,$-0.11B,-22.89%,$0.46B,$-0.08B,-16.85%,$-0.08B,$0.56B,-13.51%,$-0.08B,$0.54B,-14.02%,$-0.08B,$1.57B,-4.90%,$-0.07B,$1.07B,-6.20%,$167,$26,$141,$0,$83,$119,$48,$-13,$36,$24,$12,$12,$12,$56,$48,$65,65,$0.18,$0.18,$153,$169,$0,$905,$378,$18,$17,$50,$662,$1567,$444,$509,$7,$564,$1008,$1,$289,$-34,$558,$1567,$-22,$15,$-15,$1,$88,$14,$0,$-89,$-25,$-46,$-95,$0,$0,$0,$0,$0,$42,$-52,$-2,$0,$-2,$0,$0,$-14,$0,$-15,$-112,$12,$-14
38,2009-03-31,7.7,$7.73,1.0,$9.41,0.82,$-13.12,0.0,$0.09,85.51,$0.69B,$0.25B,2.8,$0.51B,$0.52B,0.98,$0.62B,$0.47B,76.46%,$0.62B,$0.04B,6.01%,$0.62B,$0.04B,6.01%,$0.62B,$0.07B,10.88%,$0.62B,$-0.00B,-0.16%,$0.62B,$0.00B,0.81%,$0.00B,$0.52B,0.81%,$0.00B,$0.50B,0.84%,$0.00B,$1.33B,0.28%,$0.04B,$1.03B,3.33%,$54,$18,$37,$0,$81,$110,$-56,$-11,$-67,$-32,$-34,$-34,$-34,$-48,$-56,$65,65,$-0.53,$-0.53,$32,$174,$0,$690,$372,$18,$17,$49,$635,$1325,$247,$506,$8,$560,$806,$1,$279,$-62,$518,$1325,$-34,$8,$-4,$3,$201,$5,$0,$-252,$-134,$-165,$-91,$0,$0,$0,$0,$0,$44,$-47,$-2,$0,$-2,$0,$0,$-10,$0,$-12,$-225,$7,$-10
39,2008-12-31,7.44,$8.50,0.87,$10.58,0.7,$-11.76,0.0,$0.43,17.29,$1.23B,$0.56B,2.18,$0.46B,$0.57B,0.8,$0.69B,$0.53B,77.28%,$0.69B,$0.08B,10.85%,$0.69B,$0.08B,10.85%,$0.69B,$0.10B,14.91%,$0.69B,$0.05B,6.51%,$0.69B,$0.03B,3.91%,$0.03B,$0.57B,4.15%,$0.03B,$0.55B,4.35%,$0.03B,$1.66B,1.44%,$0.08B,$1.03B,7.04%,$166,$39,$127,$0,$104,$167,$-1,$-5,$-6,$3,$-10,$-9,$-9,$7,$-1,$66,66,$-0.11,$-0.11,$279,$187,$0,$1227,$206,$18,$18,$99,$436,$1663,$564,$458,$6,$527,$1091,$1,$324,$-51,$572,$1663,$26,$28,$43,$71,$198,$-21,$0,$-309,$-273,$-175,$-74,$0,$-0,$0,$0,$0,$-9,$-84,$-112,$340,$228,$23,$23,$-41,$-40,$170,$-95,$30,$-41
40,2008-09-30,16.52,$9.82,1.68,$13.45,1.23,$-8.75,0.0,$2.11,7.83,$1.26B,$0.60B,2.12,$0.48B,$0.66B,0.72,$0.87B,$0.71B,80.94%,$0.87B,$0.22B,25.03%,$0.87B,$0.22B,25.03%,$0.87B,$0.24B,27.90%,$0.87B,$0.19B,21.70%,$0.87B,$0.14B,15.84%,$0.14B,$0.66B,20.94%,$0.14B,$0.63B,22.09%,$0.14B,$1.81B,7.02%,$0.22B,$1.14B,21.25%,$76,$29,$47,$0,$98,$133,$-57,$-11,$-69,$-21,$-47,$-47,$-47,$-49,$-57,$65,65,$-0.73,$-0.73,$236,$171,$0,$1262,$219,$18,$33,$103,$549,$1811,$595,$476,$6,$555,$1150,$1,$343,$24,$661,$1811,$36,$20,$27,$48,$257,$11,$0,$-351,$-217,$-134,$-19,$0,$-0,$0,$0,$0,$-148,$-168,$239,$0,$239,$23,$23,$-30,$-41,$190,$-113,$25,$-30
41,2008-06-30,21.59,$10.89,1.98,$13.60,1.59,$-10.13,0.0,$2.49,8.67,$1.77B,$1.07B,1.65,$0.51B,$0.73B,0.7,$0.88B,$0.73B,82.50%,$0.88B,$0.24B,27.16%,$0.88B,$0.24B,27.16%,$0.88B,$0.26B,29.66%,$0.88B,$0.22B,24.89%,$0.88B,$0.16B,18.64%,$0.16B,$0.73B,27.12%,$0.16B,$0.70B,28.75%,$0.16B,$2.40B,8.90%,$0.24B,$1.25B,25.99%,$320,$60,$260,$0,$122,$169,$151,$-10,$141,$46,$95,$95,$95,$157,$151,$65,65,$1.42,$1.41,$389,$198,$0,$1770,$225,$18,$35,$107,$630,$2400,$1071,$514,$6,$596,$1667,$1,$400,$66,$733,$2400,$83,$12,$4,$17,$-184,$2,$0,$-36,$-283,$-185,$-13,$0,$-0,$0,$0,$0,$-76,$-90,$339,$0,$339,$23,$23,$-20,$-40,$301,$27,$17,$-20
42,2008-03-31,23.53,$9.48,2.48,$13.89,1.69,$-8.16,0.0,$2.67,8.81,$1.06B,$0.69B,1.55,$0.21B,$0.64B,0.33,$0.90B,$0.76B,84.78%,$0.90B,$0.25B,27.22%,$0.90B,$0.25B,27.22%,$0.90B,$0.27B,29.67%,$0.90B,$0.23B,25.78%,$0.90B,$0.18B,19.56%,$0.18B,$0.64B,32.91%,$0.18B,$0.60B,35.11%,$0.18B,$1.63B,10.16%,$0.25B,$0.85B,31.08%,$129,$29,$100,$0,$112,$148,$-18,$-3,$-21,$-7,$-14,$-12,$-12,$-12,$-18,$64,64,$-0.19,$-0.19,$81,$201,$0,$1061,$224,$18,$36,$97,$567,$1628,$687,$212,$11,$303,$990,$1,$315,$64,$638,$1628,$-12,$6,$8,$14,$333,$6,$0,$-377,$-163,$-161,$-6,$0,$-0,$0,$0,$0,$-148,$-154,$-0,$45,$45,$0,$0,$-10,$0,$35,$-279,$8,$-10
43,2007-12-31,30.87,$9.07,3.4,$14.14,2.18,$-9.58,0.0,$3.23,9.56,$1.57B,$1.08B,1.46,$0.27B,$0.60B,0.44,$0.92B,$0.79B,85.84%,$0.92B,$0.28B,30.07%,$0.92B,$0.28B,30.07%,$0.92B,$0.30B,32.46%,$0.92B,$0.28B,30.83%,$0.92B,$0.21B,23.09%,$0.21B,$0.60B,46.04%,$0.21B,$0.57B,49.56%,$0.21B,$2.02B,13.01%,$0.28B,$0.87B,37.90%,$346,$47,$298,$0,$151,$204,$142,$-4,$138,$36,$102,$102,$102,$147,$142,$64,64,$1.48,$1.52,$363,$206,$0,$1566,$222,$20,$34,$40,$455,$2020,$1075,$267,$12,$341,$1416,$7,$338,$10,$604,$2020,$213,$23,$13,$36,$-443,$-85,$0,$147,$-286,$-37,$-11,$0,$-2,$126,$0,$126,$51,$164,$-2,$0,$-2,$19,$19,$-33,$16,$-1,$127,$28,$-33
44,2007-09-30,38.56,$6.68,5.77,$13.01,2.96,$-4.67,0.0,$2.77,13.92,$0.82B,$0.47B,1.74,$0.27B,$0.44B,0.6,$0.84B,$0.73B,87.43%,$0.84B,$0.25B,29.82%,$0.84B,$0.25B,29.82%,$0.84B,$0.27B,32.81%,$0.84B,$0.25B,30.30%,$0.84B,$0.18B,21.56%,$0.18B,$0.44B,46.75%,$0.18B,$0.41B,51.61%,$0.18B,$1.32B,12.05%,$0.25B,$0.71B,38.13%,$85,$17,$68,$0,$98,$121,$-36,$-3,$-39,$-17,$-22,$-21,$-21,$-31,$-36,$64,64,$-0.33,$-0.33,$127,$187,$0,$823,$223,$21,$33,$77,$499,$1323,$474,$268,$11,$405,$879,$7,$246,$-47,$444,$1323,$111,$17,$9,$26,$85,$-64,$0,$-392,$-370,$-235,$-5,$0,$-1,$126,$0,$126,$7,$126,$-1,$0,$-1,$16,$16,$-23,$14,$6,$-100,$20,$-23
45,2007-06-30,37.01,$6.85,5.4,$12.61,2.93,$-2.32,0.0,$2.60,14.23,$1.53B,$1.11B,1.38,$0.27B,$0.45B,0.59,$0.81B,$0.71B,87.86%,$0.81B,$0.25B,30.61%,$0.81B,$0.25B,30.61%,$0.81B,$0.27B,33.83%,$0.81B,$0.25B,30.36%,$0.81B,$0.17B,21.07%,$0.17B,$0.45B,49.38%,$0.17B,$0.42B,56.01%,$0.17B,$1.96B,12.05%,$0.25B,$0.72B,39.98%,$340,$43,$297,$0,$134,$182,$157,$-3,$154,$48,$106,$107,$107,$163,$157,$64,66,$1.68,$1.64,$336,$156,$0,$1529,$222,$22,$32,$38,$429,$1958,$1106,$268,$11,$398,$1504,$7,$277,$-57,$453,$1958,$132,$12,$13,$25,$-459,$-37,$0,$201,$-225,$-69,$-1,$0,$-1,$106,$0,$106,$37,$141,$-1,$0,$-1,$13,$13,$-13,$11,$10,$82,$13,$-13
46,2007-03-31,35.69,$5.18,6.89,$11.46,3.11,$-2.01,0.0,$2.12,16.83,$0.82B,$0.48B,1.7,$0.27B,$0.34B,0.79,$0.72B,$0.64B,89.09%,$0.72B,$0.21B,29.09%,$0.72B,$0.21B,29.09%,$0.72B,$0.23B,32.73%,$0.72B,$0.20B,28.11%,$0.72B,$0.13B,18.74%,$0.13B,$0.34B,43.97%,$0.13B,$0.31B,51.79%,$0.13B,$1.22B,10.63%,$0.21B,$0.61B,35.80%,$147,$22,$125,$0,$97,$135,$13,$17,$30,$6,$24,$24,$24,$19,$13,$63,65,$0.39,$0.37,$88,$138,$0,$816,$222,$23,$32,$36,$401,$1218,$479,$268,$16,$397,$876,$7,$176,$-59,$341,$1218,$24,$6,$10,$16,$68,$-21,$0,$-299,$-304,$-263,$3,$0,$-1,$126,$0,$126,$-12,$116,$-0,$0,$-0,$9,$9,$-7,$8,$10,$-138,$6,$-7
47,2006-12-31,24.82,$4.66,5.33,$10.88,2.28,$-1.18,0.0,$1.68,14.77,$1.05B,$0.79B,1.33,$0.27B,$0.30B,0.89,$0.66B,$0.60B,89.61%,$0.66B,$0.20B,29.67%,$0.66B,$0.20B,29.67%,$0.66B,$0.22B,33.58%,$0.66B,$0.17B,24.85%,$0.66B,$0.11B,15.96%,$0.11B,$0.30B,40.57%,$0.11B,$0.25B,48.24%,$0.11B,$1.48B,8.95%,$0.20B,$0.57B,35.10%,$263,$23,$240,$0,$118,$148,$115,$-7,$108,$40,$68,$69,$70,$123,$115,$60,62,$1.14,$1.13,$358,$116,$0,$1048,$227,$23,$47,$8,$429,$1477,$789,$269,$17,$386,$1175,$6,$160,$-62,$302,$1477,$107,$25,$34,$59,$-22,$-17,$0,$142,$103,$270,$-13,$0,$0,$-126,$0,$-126,$-59,$-198,$-11,$-36,$-47,$67,$67,$-13,$15,$21,$96,$16,$-13
