,Date,Stock Price,Book Value per Share,Price to Book Ratio,TTM Sales per Share,Price to Sales Ratio,TTM FCF per Share,Price to FCF Ratio,TTM Net EPS,PE Ratio,Current Assets,Current Liabilities,Current Ratio,Long Term Debt,Shareholder's Equity_x,Debt to Equity Ratio,TTM Revenue_x,TTM Gross Profit,Gross Margin,TTM Revenue_y,TTM Operating Income,Operating Margin,TTM Revenue_x,TTM EBIT,EBIT Margin,TTM Revenue_y,TTM EBITDA,EBITDA Margin,TTM Revenue_x,TTM Pre-Tax Income,Pre-Tax Margin,TTM Revenue_y,TTM Net Income_x,Net Margin,TTM Net Income_y,Shareholder's Equity_y,Return on Equity,TTM Net Income_x,Tangible Equity,Return on Tangible Equity,TTM Net Income_y,Total Assets,Return on Assets,TTM Net Income,LT Investments & Debt,Return on Investment,revenue,cost-goods-sold,gross-profit,research-development-expenses,selling-general-administrative-expenses,operating-expenses,operating-income,total-non-operating-income-expense,pre-tax-income,total-provision-income-taxes,income-after-taxes,income-from-continuous-operations,net-income,ebitda,ebit,basic-shares-outstanding,shares-outstanding,eps-basic-net-earnings-per-share,eps-earnings-per-share-diluted,cash-on-hand,inventory,other-current-assets,total-current-assets,net-property-plant-equipment,long-term-investments,goodwill-intangible-assets-total,other-long-term-assets,total-long-term-assets,total-assets,total-current-liabilities,long-term-debt,other-non-current-liabilities,total-long-term-liabilities,total-liabilities,common-stock-net,retained-earnings-accumulated-deficit,comprehensive-income,total-share-holder-equity,total-liabilities-share-holders-equity,net-income-loss,total-depreciation-amortization-cash-flow,other-non-cash-items,total-non-cash-items,change-in-accounts-receivable,change-in-inventories,change-in-accounts-payable,change-in-assets-liabilities,total-change-in-assets-liabilities,cash-flow-from-operating-activities,net-change-in-property-plant-equipment,net-change-in-intangible-assets,net-acquisitions-divestitures,net-change-in-short-term-investments,net-change-in-long-term-investments,net-change-in-investments-total,investing-activities-other,cash-flow-from-investing-activities,net-long-term-debt,net-current-debt,debt-issuance-retirement-net-total,net-common-equity-issued-repurchased,net-total-equity-issued-repurchased,total-common-preferred-stock-dividends-paid,financial-activities-other,cash-flow-from-financial-activities,net-cash-flow,stock-based-compensation,common-stock-dividends-paid
0,2018-09-30,228.68,$72.89,3.14,$44.27,5.17,$12.35,18.51,$12.75,17.94,$20.58B,$7.73B,2.66,$6.06B,$25.41B,0.24,$15.53B,$8.03B,51.70%,$15.53B,$3.02B,19.46%,$15.53B,$3.02B,19.46%,$15.53B,$3.02B,19.46%,$15.53B,$4.87B,31.33%,$15.53B,$4.60B,29.61%,$4.60B,$25.41B,20.62%,$4.60B,$21.62B,24.48%,$4.60B,$40.47B,11.03%,$3.02B,$31.47B,10.60%,$4146,$2090,$2056,$576,$829,$3495,$651,$1326,$1977,$302,$1675,$1675,$1822,$651,$651,$349,349,$5.22,$5.18,$15362,$0,$985,$20577,$2381,$11847,$3790,$1432,$19897,$40474,$7734,$6058,$470,$7332,$15066,$0,$18699,$59,$25408,$40474,$0,$0,$0,$0,$0,$0,$0,$0,$0,$0,$0,$0,$0,$0,$0,$0,$0,$0,$0,$0,$0,$0,$0,$0,$0,$0,$0,$0,$0
1,2018-06-30,243.0,$72.46,3.35,$42.45,5.72,$12.35,19.67,$11.24,21.62,$27.92B,$12.74B,2.19,$6.34B,$25.37B,0.25,$14.90B,$7.72B,51.83%,$14.90B,$3.08B,20.64%,$14.90B,$3.08B,20.64%,$14.90B,$3.08B,20.64%,$14.90B,$4.24B,28.48%,$14.90B,$3.97B,26.62%,$3.97B,$25.37B,19.80%,$3.97B,$21.81B,23.77%,$3.97B,$45.24B,9.75%,$3.08B,$31.71B,11.79%,$4075,$1885,$2190,$633,$707,$3224,$851,$115,$966,$170,$795,$795,$1004,$851,$851,$350,353,$2.87,$2.85,$20125,$0,$933,$27924,$2298,$9904,$3559,$1325,$17313,$45237,$12741,$6343,$247,$7128,$19869,$0,$18532,$48,$25369,$45237,$0,$0,$0,$0,$0,$0,$0,$0,$0,$0,$0,$0,$0,$0,$0,$0,$0,$0,$0,$0,$0,$0,$0,$0,$0,$0,$0,$0,$0
2,2018-03-31,223.19,$57.52,3.88,$39.65,5.63,$12.35,18.07,$10.17,21.95,$26.24B,$13.12B,2.0,$6.91B,$20.06B,0.34,$13.87B,$7.04B,50.71%,$13.87B,$2.84B,20.47%,$13.87B,$2.84B,20.47%,$13.87B,$2.84B,20.47%,$13.87B,$4.00B,28.86%,$13.87B,$3.61B,26.01%,$3.61B,$20.06B,20.87%,$3.61B,$16.63B,25.62%,$3.61B,$42.39B,9.62%,$2.84B,$26.97B,12.34%,$3289,$1558,$1731,$518,$494,$2570,$719,$330,$1049,$176,$873,$873,$1053,$719,$719,$348,352,$2.97,$2.94,$17375,$0,$652,$26235,$2150,$9357,$3430,$999,$16152,$42387,$13120,$6905,$9,$9207,$22327,$0,$17370,$168,$20060,$42387,$0,$0,$0,$0,$0,$0,$0,$0,$0,$0,$0,$0,$0,$0,$0,$0,$0,$0,$0,$0,$0,$0,$0,$0,$0,$0,$0,$0,$0
3,2017-12-31,234.21,$52.69,4.45,$37.33,6.27,$12.35,18.96,$7.86,29.8,$23.24B,$12.61B,1.84,$5.50B,$18.34B,0.3,$13.03B,$6.42B,49.22%,$13.03B,$2.41B,18.50%,$13.03B,$2.41B,18.50%,$13.03B,$2.41B,18.50%,$13.03B,$3.27B,25.09%,$13.03B,$2.81B,21.58%,$2.81B,$18.34B,17.70%,$2.81B,$15.08B,22.00%,$2.81B,$38.69B,8.19%,$2.41B,$23.85B,11.42%,$4019,$1967,$2051,$631,$620,$3218,$801,$73,$873,$155,$719,$719,$719,$801,$801,$347,350,$2.35,$2.33,$18301,$0,$526,$23235,$1917,$8651,$3269,$848,$15454,$38689,$12611,$5504,$6,$7734,$20345,$0,$15728,$143,$18344,$38689,$2810,$1806,$-573,$1233,$-84,$0,$-47,$358,$1011,$5054,$-736,$-1402,$137,$-1575,$-4635,$-6210,$-3614,$-11825,$2338,$1288,$3626,$428,$428,$0,$2794,$6848,$29,$499,$0
4,2017-09-30,247.69,$47.14,5.25,$32.18,7.7,$7.50,33.03,$7.60,32.59,$23.25B,$13.63B,1.71,$5.49B,$16.37B,0.34,$11.22B,$5.37B,47.88%,$11.22B,$1.86B,16.59%,$11.22B,$1.86B,16.59%,$11.22B,$1.86B,16.59%,$11.22B,$2.97B,26.47%,$11.22B,$2.63B,23.44%,$2.63B,$16.37B,17.99%,$2.63B,$13.27B,22.59%,$2.63B,$36.49B,8.43%,$1.86B,$21.86B,9.44%,$3521,$1769,$1752,$486,$562,$2816,$705,$651,$1356,$164,$1191,$1191,$1192,$705,$705,$347,350,$3.43,$3.41,$19492,$0,$787,$23245,$1807,$6927,$3104,$625,$13249,$36494,$13629,$5488,$11,$6495,$20124,$0,$14687,$10,$16370,$36494,$0,$0,$0,$0,$0,$0,$0,$0,$0,$0,$0,$0,$0,$0,$0,$0,$0,$0,$0,$0,$0,$0,$0,$0,$0,$0,$0,$0,$0
5,2017-06-30,178.86,$41.47,4.31,$30.00,5.96,$7.50,23.85,$5.26,34.0,$19.84B,$11.64B,1.7,$4.95B,$14.38B,0.34,$10.44B,$4.97B,47.61%,$10.44B,$1.58B,15.09%,$10.44B,$1.58B,15.09%,$10.44B,$1.58B,15.09%,$10.44B,$2.24B,21.42%,$10.44B,$1.90B,18.24%,$1.90B,$14.38B,13.75%,$1.90B,$11.36B,17.46%,$1.90B,$32.39B,6.73%,$1.58B,$19.33B,8.33%,$3043,$1543,$1501,$459,$428,$2430,$614,$111,$725,$82,$643,$643,$644,$614,$614,$347,348,$1.66,$1.65,$17098,$0,$682,$19841,$1697,$6562,$3025,$514,$12550,$32391,$11641,$4954,$10,$6370,$18011,$0,$13058,$-126,$14380,$32391,$0,$0,$0,$0,$0,$0,$0,$0,$0,$0,$0,$0,$0,$0,$0,$0,$0,$0,$0,$0,$0,$0,$0,$0,$0,$0,$0,$0,$0
6,2017-03-31,172.52,$41.71,4.14,$29.30,5.89,$7.50,23.0,$4.64,37.18,$17.33B,$9.79B,1.77,$4.97B,$14.47B,0.34,$10.19B,$4.93B,48.35%,$10.19B,$1.40B,13.73%,$10.19B,$1.40B,13.73%,$10.19B,$1.40B,13.73%,$10.19B,$2.00B,19.62%,$10.19B,$1.63B,15.99%,$1.63B,$14.47B,12.08%,$1.63B,$11.44B,15.37%,$1.63B,$29.77B,6.21%,$1.40B,$19.44B,7.46%,$2451,$1340,$1111,$411,$409,$2160,$291,$25,$316,$59,$257,$257,$258,$291,$291,$347,349,$0.68,$0.67,$15505,$0,$510,$17330,$1617,$6627,$3028,$489,$12436,$29765,$9792,$4971,$10,$5507,$15299,$0,$12564,$-212,$14467,$29765,$0,$0,$0,$0,$0,$0,$0,$0,$0,$0,$0,$0,$0,$0,$0,$0,$0,$0,$0,$0,$0,$0,$0,$0,$0,$0,$0,$0,$0
7,2016-12-31,164.41,$38.26,4.3,$29.25,5.62,$7.50,21.92,$4.85,33.9,$14.37B,$6.64B,2.16,$4.97B,$13.29B,0.37,$10.16B,$5.08B,50.00%,$10.16B,$1.45B,14.24%,$10.16B,$1.45B,14.24%,$10.16B,$1.45B,14.24%,$10.16B,$2.09B,20.57%,$10.16B,$1.68B,16.49%,$1.68B,$13.29B,12.86%,$1.68B,$10.52B,16.48%,$1.68B,$26.21B,6.82%,$1.45B,$18.25B,7.88%,$2208,$1199,$1010,$371,$386,$1956,$252,$322,$574,$38,$536,$536,$537,$252,$252,$347,348,$1.49,$1.49,$12986,$0,$482,$14368,$1627,$6581,$2767,$320,$11845,$26213,$6640,$4965,$9,$6286,$12926,$0,$12348,$-257,$13287,$26213,$1670,$1199,$-476,$724,$195,$0,$-47,$129,$812,$3206,$-599,$-907,$40,$-1103,$-1975,$-3078,$-628,$-5172,$805,$181,$987,$121,$121,$0,$973,$2081,$135,$253,$0
8,2016-09-30,182.07,$38.15,4.77,$31.31,5.81,0,0.0,$4.46,40.82,$13.30B,$4.84B,2.75,$5.37B,$13.24B,0.41,$10.89B,$5.81B,53.37%,$10.89B,$1.60B,14.66%,$10.89B,$1.60B,14.66%,$10.89B,$1.60B,14.66%,$10.89B,$2.00B,18.40%,$10.89B,$1.59B,14.63%,$1.59B,$13.24B,13.27%,$1.59B,$10.32B,17.73%,$1.59B,$24.74B,6.93%,$1.60B,$18.60B,9.10%,$2738,$1388,$1349,$392,$539,$2320,$418,$203,$621,$157,$464,$464,$465,$418,$418,$347,348,$1.28,$1.28,$11778,$0,$841,$13298,$1677,$6184,$2918,$524,$11445,$24743,$4836,$5365,$17,$6671,$11507,$0,$12265,$-174,$13236,$24743,$0,$0,$0,$0,$0,$0,$0,$0,$0,$0,$0,$0,$0,$0,$0,$0,$0,$0,$0,$0,$0,$0,$0,$0,$0,$0,$0,$0,$0
9,2016-06-30,165.15,$37.52,4.4,$31.15,5.3,0,0.0,$4.82,34.26,$13.00B,$4.24B,3.07,$5.81B,$13.00B,0.45,$10.88B,$6.12B,56.25%,$10.88B,$1.75B,16.08%,$10.88B,$1.75B,16.08%,$10.88B,$1.75B,16.08%,$10.88B,$2.04B,18.78%,$10.88B,$1.73B,15.90%,$1.73B,$13.00B,15.39%,$1.73B,$10.13B,21.43%,$1.73B,$24.33B,7.92%,$1.75B,$18.81B,10.39%,$2796,$1338,$1458,$377,$642,$2357,$439,$50,$489,$121,$368,$368,$370,$439,$439,$347,347,$1.01,$1.01,$11619,$0,$734,$13000,$1687,$6222,$2872,$379,$11334,$24334,$4242,$5807,$19,$7089,$11331,$0,$12066,$-157,$13003,$24334,$0,$0,$0,$0,$0,$0,$0,$0,$0,$0,$0,$0,$0,$0,$0,$0,$0,$0,$0,$0,$0,$0,$0,$0,$0,$0,$0,$0,$0
10,2016-03-31,190.88,$36.34,5.25,$23.11,8.26,0,0.0,$4.86,39.28,$12.17B,$4.05B,3.01,$5.17B,$12.59B,0.41,$8.08B,$4.66B,57.67%,$8.08B,$1.31B,16.21%,$8.08B,$1.31B,16.21%,$8.08B,$1.31B,16.21%,$8.08B,$1.55B,19.22%,$8.08B,$1.36B,16.82%,$1.36B,$12.59B,17.03%,$1.36B,$9.71B,24.55%,$1.36B,$22.96B,8.62%,$1.31B,$17.75B,10.81%,$2419,$1156,$1263,$321,$603,$2081,$338,$68,$406,$103,$303,$303,$304,$338,$338,$346,347,$0.83,$0.82,$10944,$0,$675,$12171,$1604,$5856,$2877,$255,$10788,$22958,$4049,$5165,$17,$6324,$10373,$0,$11701,$-148,$12585,$22958,$0,$0,$0,$0,$0,$0,$0,$0,$0,$0,$0,$0,$0,$0,$0,$0,$0,$0,$0,$0,$0,$0,$0,$0,$0,$0,$0,$0,$0
11,2015-09-30,137.53,$26.59,5.17,$19.13,7.19,$4.43,31.02,$5.26,26.15,$13.31B,$4.31B,3.09,$5.87B,$9.19B,0.64,$6.71B,$4.12B,61.38%,$6.71B,$1.45B,21.59%,$6.71B,$1.45B,21.59%,$6.71B,$1.53B,22.78%,$6.71B,$1.70B,25.26%,$6.71B,$1.52B,22.65%,$1.52B,$9.19B,25.83%,$1.52B,$5.79B,38.59%,$1.52B,$19.93B,12.83%,$1.45B,$15.06B,15.88%,$2939,$1196,$1743,$430,$912,$2538,$402,$86,$488,$94,$394,$394,$454,$402,$402,$349,349,$1.27,$1.27,$11531,$0,$903,$13307,$1689,$1307,$3402,$181,$6620,$19927,$4307,$5873,$33,$6430,$10737,$0,$8013,$28,$9190,$19927,$0,$0,$0,$0,$0,$0,$0,$0,$0,$0,$0,$0,$0,$0,$0,$0,$0,$0,$0,$0,$0,$0,$0,$0,$0,$0,$0,$0,$0
12,2015-06-30,199.08,$28.88,6.89,$13.56,14.68,$7.91,25.17,$5.38,37.0,$13.87B,$3.92B,3.54,$5.53B,$10.15B,0.55,$4.77B,$3.10B,65.05%,$4.77B,$1.57B,32.98%,$4.77B,$1.57B,32.98%,$4.77B,$1.82B,38.07%,$4.77B,$1.76B,36.86%,$4.77B,$1.55B,32.41%,$1.55B,$10.15B,34.23%,$1.55B,$6.64B,47.02%,$1.55B,$20.15B,18.91%,$1.57B,$15.68B,24.99%,$2722,$1068,$1654,$445,$639,$2152,$570,$89,$659,$125,$534,$534,$601,$570,$570,$351,353,$1.68,$1.67,$12414,$0,$666,$13866,$1620,$917,$3508,$197,$6283,$20149,$3917,$5531,$28,$6082,$9999,$0,$8804,$169,$10150,$20149,$0,$0,$0,$0,$0,$0,$0,$0,$0,$0,$0,$0,$0,$0,$0,$0,$0,$0,$0,$0,$0,$0,$0,$0,$0,$0,$0,$0,$0
13,2015-03-31,208.4,$0.00,0.0,$8.29,25.15,$7.91,26.35,$4.98,41.85,$0.00B,$0.00B,0.0,$0.00B,$0.00B,0.0,$2.90B,$2.07B,71.18%,$2.90B,$1.44B,49.66%,$2.90B,$1.44B,49.66%,$2.90B,$1.69B,58.02%,$2.90B,$1.57B,54.10%,$2.90B,$1.38B,47.52%,$1.38B,$0.00B,49.11%,$1.38B,$0.00B,59.26%,$1.38B,$0.00B,32.36%,$1.44B,$0.00B,43.77%,$0,$0,$0,$0,$0,$0,$0,$0,$0,$0,$0,$0,$0,$0,$0,$0,0,$0.00,$0.00,$0,$0,$0,$0,$0,$0,$0,$0,$0,$0,$0,$0,$0,$0,$0,$0,$0,$0,$0,$0,$0,$0,$0,$0,$0,$0,$0,$0,$0,$0,$0,$0,$0,$0,$0,$0,$0,$0,$0,$0,$0,$0,$0,$0,$0,$0,$0,$0,$0
14,2012-12-31,100.29,$12.02,8.34,$10.21,9.82,$7.91,12.68,$4.74,21.16,$5.57B,$1.32B,4.21,$1.56B,$4.20B,0.37,$3.58B,$2.55B,71.10%,$3.58B,$1.77B,49.54%,$3.58B,$1.77B,49.54%,$3.58B,$2.02B,56.33%,$3.58B,$1.92B,53.62%,$3.58B,$1.68B,46.89%,$1.68B,$4.20B,47.50%,$1.68B,$3.33B,57.48%,$1.68B,$7.33B,31.94%,$1.77B,$5.77B,43.17%,$1050,$328,$722,$115,$130,$573,$477,$77,$548,$88,$460,$457,$465,$557,$477,$349,350,$1.33,$1.33,$5278,$0,$61,$5566,$624,$129,$877,$126,$1765,$7330,$1322,$1563,$0,$1806,$3128,$0,$3858,$-13,$4202,$7330,$1668,$243,$-111,$132,$-182,$0,$55,$128,$125,$1925,$-374,$-31,$-132,$-1575,$-90,$-1665,$-6,$-2207,$35,$1468,$1503,$25,$25,$0,$0,$1528,$1244,$34,$0
15,2012-09-30,116.89,$10.59,11.03,$9.24,12.65,$6.32,18.49,$4.39,26.63,$3.72B,$1.19B,3.12,$0.01B,$3.70B,0.0,$3.24B,$2.34B,72.21%,$3.24B,$1.67B,51.42%,$3.24B,$1.67B,51.42%,$3.24B,$1.83B,56.45%,$3.24B,$1.75B,54.10%,$3.24B,$1.54B,47.50%,$1.54B,$3.70B,49.41%,$1.54B,$3.18B,59.39%,$1.54B,$5.20B,35.57%,$1.67B,$3.72B,49.17%,$995,$270,$725,$98,$102,$470,$525,$26,$550,$74,$476,$476,$479,$688,$525,$349,350,$1.37,$1.37,$3454,$0,$38,$3718,$593,$174,$528,$84,$1484,$5202,$1193,$12,$71,$305,$1498,$0,$3380,$-12,$3704,$5202,$1211,$163,$-43,$120,$-109,$0,$53,$106,$131,$1462,$-246,$-7,$-15,$-1296,$-84,$-1380,$-51,$-1699,$-9,$-22,$-31,$22,$22,$0,$0,$-9,$-247,$23,$0
16,2012-06-30,114.98,$0.00,0.0,$8.27,13.9,$2.85,40.41,$3.86,29.79,$3.22B,$0.69B,4.69,$0.36B,$3.34B,0.11,$2.90B,$2.10B,72.29%,$2.90B,$1.49B,51.45%,$2.90B,$1.49B,51.45%,$2.90B,$1.49B,51.45%,$2.90B,$1.55B,53.27%,$2.90B,$1.36B,46.73%,$1.36B,$3.34B,49.50%,$1.36B,$2.81B,61.18%,$1.36B,$4.53B,35.29%,$1.49B,$3.70B,48.15%,$859,$239,$620,$86,$93,$419,$440,$27,$473,$37,$436,$436,$436,$440,$440,$352,352,$1.24,$1.24,$2946,$0,$154,$3219,$0,$104,$520,$152,$783,$4526,$686,$362,$72,$505,$1191,$0,$2891,$0,$3335,$4526,$0,$0,$0,$0,$0,$0,$0,$0,$0,$0,$0,$0,$0,$0,$0,$0,$0,$0,$0,$0,$0,$0,$0,$0,$0,$0,$0,$0,$0
17,2012-03-31,145.77,$0.00,0.0,$7.34,19.87,$2.85,51.23,$3.34,43.64,$2.79B,$0.63B,4.43,$0.36B,$2.90B,0.13,$2.57B,$1.87B,72.77%,$2.57B,$1.34B,52.20%,$2.57B,$1.34B,52.20%,$2.57B,$1.34B,52.20%,$2.57B,$1.37B,53.21%,$2.57B,$1.17B,45.62%,$1.17B,$2.90B,50.21%,$1.17B,$2.37B,60.72%,$1.17B,$3.97B,35.94%,$1.34B,$3.26B,51.37%,$677,$199,$479,$70,$76,$345,$332,$17,$349,$53,$297,$299,$299,$332,$332,$352,352,$0.85,$0.85,$2611,$0,$82,$2791,$0,$113,$527,$103,$752,$3970,$631,$363,$24,$442,$1073,$0,$2445,$0,$2897,$3970,$0,$0,$0,$0,$0,$0,$0,$0,$0,$0,$0,$0,$0,$0,$0,$0,$0,$0,$0,$0,$0,$0,$0,$0,$0,$0,$0,$0,$0
18,2011-12-31,116.47,$0.00,0.0,$6.39,18.22,$2.85,40.93,$2.96,39.35,$2.46B,$0.68B,3.6,$0.36B,$2.53B,0.14,$2.24B,$1.63B,72.99%,$2.24B,$1.16B,52.01%,$2.24B,$1.16B,52.01%,$2.24B,$1.16B,52.01%,$2.24B,$1.21B,54.11%,$2.24B,$1.04B,46.42%,$1.04B,$2.53B,52.59%,$1.04B,$2.01B,61.43%,$1.04B,$3.62B,37.82%,$1.16B,$2.89B,53.72%,$711,$194,$517,$65,$82,$341,$370,$23,$382,$63,$319,$326,$326,$370,$370,$349,350,$0.94,$0.93,$2273,$0,$91,$2456,$0,$114,$519,$95,$736,$3618,$683,$358,$23,$404,$1087,$0,$2109,$0,$2530,$3618,$1026,$137,$0,$137,$0,$0,$0,$0,$92,$1268,$-273,$0,$-302,$0,$0,$-1545,$-90,$-2209,$0,$0,$366,$0,$4,$0,$7,$376,$-566,$0,$0
19,2011-09-30,106.91,$0.00,0.0,$5.43,19.7,$1.65,64.79,$2.53,42.26,$2.16B,$0.65B,3.31,$0.36B,$2.20B,0.17,$1.90B,$1.39B,73.43%,$1.90B,$0.99B,52.13%,$1.90B,$0.99B,52.13%,$1.90B,$0.99B,52.13%,$1.90B,$1.03B,54.03%,$1.90B,$0.89B,46.81%,$0.89B,$2.20B,53.74%,$0.89B,$1.67B,59.56%,$0.89B,$3.26B,39.48%,$0.99B,$2.56B,56.29%,$655,$173,$482,$60,$72,$304,$351,$-5,$342,$50,$293,$295,$295,$351,$351,$349,350,$0.84,$0.84,$1859,$0,$201,$2162,$0,$70,$526,$97,$698,$3255,$653,$363,$24,$407,$1060,$0,$1802,$0,$2195,$3255,$0,$0,$0,$0,$0,$0,$0,$0,$0,$0,$0,$0,$0,$0,$0,$0,$0,$0,$0,$0,$0,$0,$0,$0,$0,$0,$0,$0,$0
20,2011-06-30,140.13,$0.00,0.0,$4.52,31.01,$1.65,84.93,$2.14,65.48,$1.72B,$0.47B,3.67,$0.02B,$1.72B,0.01,$1.58B,$1.16B,73.65%,$1.58B,$0.82B,51.68%,$1.58B,$0.82B,51.68%,$1.58B,$0.82B,51.68%,$1.58B,$0.86B,54.59%,$1.58B,$0.75B,47.44%,$0.75B,$1.72B,54.66%,$0.75B,$1.68B,56.16%,$0.75B,$2.21B,42.13%,$0.82B,$1.74B,58.95%,$528,$136,$393,$46,$58,$240,$289,$9,$295,$44,$251,$253,$253,$289,$289,$351,351,$0.72,$0.72,$1608,$0,$51,$1723,$0,$69,$46,$29,$149,$2213,$469,$22,$0,$22,$491,$0,$1489,$0,$1722,$2213,$0,$0,$0,$0,$0,$0,$0,$0,$0,$0,$0,$0,$0,$0,$0,$0,$0,$0,$0,$0,$0,$0,$0,$0,$0,$0,$0,$0,$0
21,2011-03-31,137.81,$0.00,0.0,$3.81,36.14,$1.65,83.52,$1.77,77.86,$1.46B,$0.42B,3.44,$0.02B,$1.45B,0.02,$1.33B,$0.98B,73.22%,$1.33B,$0.67B,50.34%,$1.33B,$0.67B,50.34%,$1.33B,$0.67B,50.34%,$1.33B,$0.71B,53.26%,$1.33B,$0.62B,46.51%,$0.62B,$1.45B,53.25%,$0.62B,$1.40B,54.75%,$0.62B,$1.89B,41.07%,$0.67B,$1.47B,57.22%,$342,$102,$240,$36,$51,$189,$153,$9,$191,$28,$163,$164,$164,$153,$153,$348,348,$0.47,$0.47,$1342,$0,$61,$1457,$0,$65,$46,$28,$144,$1893,$424,$21,$0,$21,$445,$0,$1223,$0,$1448,$1893,$0,$0,$0,$0,$0,$0,$0,$0,$0,$0,$0,$0,$0,$0,$0,$0,$0,$0,$0,$0,$0,$0,$0,$0,$0,$0,$0,$0,$0
22,2010-12-31,96.53,$0.00,0.0,$3.38,28.6,$1.65,58.5,$1.50,64.27,$1.30B,$0.38B,3.44,$0.01B,$1.24B,0.01,$1.18B,$0.86B,73.07%,$1.18B,$0.60B,50.38%,$1.18B,$0.60B,50.38%,$1.18B,$0.60B,50.38%,$1.18B,$0.60B,50.80%,$1.18B,$0.53B,44.54%,$0.53B,$1.24B,52.84%,$0.53B,$1.22B,54.31%,$0.53B,$1.64B,41.17%,$0.60B,$1.26B,59.57%,$372,$95,$278,$35,$47,$176,$196,$7,$197,$24,$173,$176,$176,$196,$196,$348,349,$0.51,$0.50,$1213,$0,$43,$1300,$0,$43,$27,$22,$95,$1635,$378,$13,$0,$13,$391,$0,$1031,$0,$1244,$1635,$534,$67,$0,$67,$0,$0,$0,$0,$113,$712,$-136,$0,$0,$0,$0,$-37,$-12,$-184,$0,$0,$0,$0,$6,$0,$13,$19,$546,$0,$0
23,2010-09-30,102.62,$0.00,0.0,$2.84,36.14,$0.79,130.56,$1.18,86.82,$1.10B,$0.30B,3.64,$0.00B,$1.07B,0.0,$0.99B,$0.70B,70.82%,$0.99B,$0.47B,46.98%,$0.99B,$0.47B,46.98%,$0.99B,$0.47B,46.98%,$0.99B,$0.48B,47.89%,$0.99B,$0.41B,41.55%,$0.41B,$1.07B,48.09%,$0.41B,$1.04B,49.65%,$0.41B,$1.37B,37.73%,$0.47B,$1.07B,54.38%,$337,$85,$252,$30,$44,$159,$178,$5,$179,$24,$155,$156,$156,$178,$178,$348,349,$0.45,$0.45,$1026,$0,$28,$1097,$0,$7,$27,$20,$59,$1370,$302,$0,$1,$1,$303,$0,$859,$0,$1067,$1370,$0,$0,$0,$0,$0,$0,$0,$0,$0,$0,$0,$0,$0,$0,$0,$0,$0,$0,$0,$0,$0,$0,$0,$0,$0,$0,$0,$0,$0
24,2010-06-30,68.08,$0.00,0.0,$2.41,28.23,$0.79,86.62,$0.94,72.5,$0.92B,$0.24B,3.78,$0.00B,$0.90B,0.0,$0.84B,$0.57B,68.01%,$0.84B,$0.37B,43.25%,$0.84B,$0.37B,43.25%,$0.84B,$0.37B,43.25%,$0.84B,$0.38B,44.55%,$0.84B,$0.33B,38.98%,$0.33B,$0.90B,43.88%,$0.33B,$0.87B,45.54%,$0.33B,$1.14B,34.52%,$0.37B,$0.90B,48.68%,$282,$76,$206,$23,$39,$138,$144,$1,$143,$21,$123,$124,$124,$144,$144,$353,353,$0.35,$0.35,$867,$0,$19,$915,$0,$8,$27,$18,$57,$1141,$242,$0,$1,$1,$244,$0,$698,$0,$898,$1141,$0,$0,$0,$0,$0,$0,$0,$0,$0,$0,$0,$0,$0,$0,$0,$0,$0,$0,$0,$0,$0,$0,$0,$0,$0,$0,$0,$0,$0
25,2010-03-31,59.7,$0.00,0.0,$2.07,28.8,$0.79,75.95,$0.75,79.6,$0.76B,$0.19B,4.0,$0.00B,$0.77B,0.0,$0.72B,$0.47B,65.01%,$0.72B,$0.28B,39.14%,$0.72B,$0.28B,39.14%,$0.72B,$0.28B,39.14%,$0.72B,$0.30B,41.08%,$0.72B,$0.26B,36.10%,$0.26B,$0.77B,39.34%,$0.26B,$0.75B,41.01%,$0.26B,$0.96B,31.11%,$0.28B,$0.77B,42.65%,$190,$63,$127,$18,$32,$112,$77,$3,$81,$10,$71,$70,$70,$77,$77,$349,349,$0.20,$0.20,$722,$0,$19,$763,$0,$2,$27,$15,$49,$964,$191,$0,$1,$1,$191,$0,$576,$0,$773,$964,$0,$0,$0,$0,$0,$0,$0,$0,$0,$0,$0,$0,$0,$0,$0,$0,$0,$0,$0,$0,$0,$0,$0,$0,$0,$0,$0,$0,$0
26,2009-12-31,41.12,$0.00,0.0,$1.87,21.95,$0.79,52.32,$0.62,65.9,$0.71B,$0.21B,3.46,$0.00B,$0.70B,0.0,$0.65B,$0.41B,63.50%,$0.65B,$0.24B,36.04%,$0.65B,$0.24B,36.04%,$0.65B,$0.24B,36.04%,$0.65B,$0.25B,37.88%,$0.65B,$0.22B,33.44%,$0.22B,$0.70B,37.07%,$0.22B,$0.67B,38.84%,$0.22B,$0.90B,29.26%,$0.24B,$0.70B,39.97%,$185,$66,$119,$18,$32,$117,$68,$5,$73,$10,$63,$63,$63,$68,$68,$348,348,$0.18,$0.18,$672,$0,$15,$710,$0,$2,$27,$12,$46,$903,$205,$0,$1,$1,$206,$0,$504,$0,$697,$903,$218,$46,$0,$46,$0,$0,$0,$0,$60,$334,$-60,$0,$-2,$0,$0,$-11,$-6,$-79,$0,$0,$0,$0,$14,$0,$0,$14,$269,$0,$0
27,2009-09-30,39.11,$0.00,0.0,$1.72,22.68,0,0.0,$0.57,69.09,$0.62B,$0.17B,3.59,$0.00B,$0.63B,0.0,$0.60B,$0.38B,63.11%,$0.60B,$0.21B,35.56%,$0.60B,$0.21B,35.56%,$0.60B,$0.21B,35.56%,$0.60B,$0.22B,36.89%,$0.60B,$0.20B,32.89%,$0.20B,$0.63B,37.52%,$0.20B,$0.60B,39.52%,$0.20B,$0.80B,29.80%,$0.21B,$0.63B,40.57%,$187,$65,$122,$17,$29,$111,$76,$3,$79,$7,$72,$72,$72,$76,$76,$346,348,$0.21,$0.21,$581,$0,$15,$621,$0,$2,$28,$12,$46,$804,$173,$0,$1,$1,$174,$0,$442,$0,$631,$804,$0,$0,$0,$0,$0,$0,$0,$0,$0,$0,$0,$0,$0,$0,$0,$0,$0,$0,$0,$0,$0,$0,$0,$0,$0,$0,$0,$0,$0
28,2009-06-30,30.11,$0.00,0.0,$1.57,19.14,0,0.0,$0.51,59.62,$0.53B,$0.13B,3.98,$0.00B,$0.55B,0.0,$0.55B,$0.35B,63.19%,$0.55B,$0.19B,34.98%,$0.55B,$0.19B,34.98%,$0.55B,$0.19B,34.98%,$0.55B,$0.20B,36.26%,$0.55B,$0.18B,32.23%,$0.18B,$0.55B,37.45%,$0.18B,$0.53B,39.64%,$0.18B,$0.69B,29.84%,$0.19B,$0.55B,40.64%,$161,$58,$102,$14,$26,$99,$62,$2,$64,$7,$56,$56,$56,$62,$62,$348,348,$0.16,$0.16,$492,$0,$14,$525,$0,$2,$26,$10,$42,$685,$132,$0,$0,$0,$132,$0,$369,$0,$553,$685,$0,$0,$0,$0,$0,$0,$0,$0,$0,$0,$0,$0,$0,$0,$0,$0,$0,$0,$0,$0,$0,$0,$0,$0,$0,$0,$0,$0,$0
29,2009-03-31,17.66,$0.00,0.0,$1.44,12.23,0,0.0,$0.45,38.9,$0.43B,$0.12B,3.68,$0.00B,$0.47B,0.0,$0.50B,$0.32B,63.47%,$0.50B,$0.17B,33.73%,$0.50B,$0.17B,33.73%,$0.50B,$0.17B,33.73%,$0.50B,$0.18B,35.13%,$0.50B,$0.16B,31.54%,$0.16B,$0.47B,37.60%,$0.16B,$0.45B,40.10%,$0.16B,$0.59B,29.69%,$0.17B,$0.47B,40.21%,$119,$47,$71,$13,$30,$90,$29,$1,$31,$4,$27,$27,$27,$29,$29,$344,344,$0.08,$0.08,$407,$0,$12,$431,$0,$2,$26,$13,$44,$588,$117,$0,$0,$0,$117,$0,$314,$0,$471,$588,$0,$0,$0,$0,$0,$0,$0,$0,$0,$0,$0,$0,$0,$0,$0,$0,$0,$0,$0,$0,$0,$0,$0,$0,$0,$0,$0,$0,$0
30,2008-12-31,13.06,$0.00,0.0,$1.34,9.76,0,0.0,$0.44,29.81,$0.41B,$0.12B,3.36,$0.00B,$0.45B,0.0,$0.46B,$0.30B,64.01%,$0.46B,$0.16B,34.91%,$0.46B,$0.16B,34.91%,$0.46B,$0.16B,34.91%,$0.46B,$0.17B,35.99%,$0.46B,$0.15B,32.76%,$0.15B,$0.45B,40.13%,$0.15B,$0.42B,43.12%,$0.15B,$0.57B,31.55%,$0.16B,$0.45B,42.77%,$132,$49,$83,$12,$26,$87,$46,$4,$47,$6,$41,$42,$42,$46,$46,$347,347,$0.12,$0.12,$384,$0,$14,$411,$0,$2,$25,$12,$43,$567,$122,$0,$0,$0,$122,$0,$285,$0,$445,$567,$0,$0,$0,$0,$0,$0,$0,$0,$0,$0,$0,$0,$0,$0,$0,$0,$0,$0,$0,$0,$0,$0,$0,$0,$0,$0,$0,$0,$0
31,2008-09-30,24.82,$0.00,0.0,$1.18,21.0,$0.14,174.07,$0.40,61.6,$0.37B,$0.11B,3.39,$0.00B,$0.41B,0.0,$0.41B,$0.26B,63.41%,$0.41B,$0.14B,32.93%,$0.41B,$0.14B,32.93%,$0.41B,$0.14B,32.93%,$0.41B,$0.15B,36.59%,$0.41B,$0.14B,34.15%,$0.14B,$0.41B,41.57%,$0.14B,$0.39B,45.09%,$0.14B,$0.52B,32.48%,$0.14B,$0.41B,40.09%,$134,$45,$89,$11,$24,$80,$54,$2,$56,$5,$51,$51,$51,$54,$54,$343,348,$0.15,$0.15,$335,$0,$16,$366,$0,$3,$26,$12,$44,$519,$108,$0,$0,$0,$108,$0,$247,$0,$411,$519,$0,$0,$0,$0,$0,$0,$0,$0,$0,$0,$0,$0,$0,$0,$0,$0,$0,$0,$0,$0,$0,$0,$0,$0,$0,$0,$0,$0,$0
32,2008-06-30,31.3,$0.00,0.0,$0.99,31.67,$0.14,219.47,$0.33,95.71,$0.30B,$0.10B,2.98,$0.00B,$0.35B,0.0,$0.34B,$0.21B,62.28%,$0.34B,$0.10B,30.41%,$0.34B,$0.10B,30.41%,$0.34B,$0.10B,30.41%,$0.34B,$0.12B,34.50%,$0.34B,$0.11B,33.04%,$0.11B,$0.35B,38.57%,$0.11B,$0.33B,42.28%,$0.11B,$0.46B,29.85%,$0.10B,$0.35B,35.49%,$116,$40,$75,$10,$25,$76,$40,$2,$42,$4,$38,$38,$38,$40,$40,$342,348,$0.11,$0.11,$277,$0,$12,$301,$0,$4,$26,$11,$44,$455,$101,$0,$0,$0,$101,$0,$193,$0,$354,$455,$0,$0,$0,$0,$0,$0,$0,$0,$0,$0,$0,$0,$0,$0,$0,$0,$0,$0,$0,$0,$0,$0,$0,$0,$0,$0,$0,$0,$0
33,2008-03-31,23.96,$0.00,0.0,$0.81,29.73,$0.14,168.04,$0.27,88.42,$0.25B,$0.08B,3.11,$0.00B,$0.31B,0.0,$0.28B,$0.17B,61.51%,$0.28B,$0.08B,29.14%,$0.28B,$0.08B,29.14%,$0.28B,$0.08B,29.14%,$0.28B,$0.10B,34.17%,$0.28B,$0.09B,33.45%,$0.09B,$0.31B,36.26%,$0.09B,$0.28B,40.22%,$0.09B,$0.39B,27.95%,$0.08B,$0.31B,31.58%,$82,$32,$50,$7,$21,$60,$22,$1,$22,$2,$21,$21,$21,$22,$22,$343,343,$0.06,$0.06,$233,$0,$10,$253,$0,$2,$26,$7,$38,$386,$81,$0,$0,$0,$81,$0,$151,$0,$305,$386,$0,$0,$0,$0,$0,$0,$0,$0,$0,$0,$0,$0,$0,$0,$0,$0,$0,$0,$0,$0,$0,$0,$0,$0,$0,$0,$0,$0,$0
34,2007-12-31,38.98,$0.00,0.0,$0.67,58.21,$0.14,273.35,$0.24,160.41,$0.24B,$0.09B,2.73,$0.00B,$0.28B,0.0,$0.23B,$0.14B,61.64%,$0.23B,$0.07B,29.74%,$0.23B,$0.07B,29.74%,$0.23B,$0.07B,29.74%,$0.23B,$0.08B,36.21%,$0.23B,$0.08B,35.78%,$0.08B,$0.28B,36.56%,$0.08B,$0.25B,40.99%,$0.08B,$0.36B,28.18%,$0.07B,$0.28B,30.40%,$78,$32,$46,$7,$20,$59,$19,$4,$30,$-2,$33,$30,$30,$19,$19,$341,348,$0.09,$0.09,$218,$0,$9,$237,$0,$2,$26,$4,$34,$364,$87,$0,$0,$0,$87,$0,$128,$0,$277,$364,$86,$25,$0,$25,$0,$0,$0,$0,$14,$128,$-79,$0,$-2,$0,$0,$-16,$-1,$-98,$0,$0,$0,$0,$6,$0,$0,$6,$29,$0,$0
35,2007-09-30,28.97,$0.00,0.0,$0.55,52.78,$0.15,189.93,$0.20,144.1,$0.21B,$0.07B,2.91,$0.00B,$0.24B,0.0,$0.19B,$0.12B,64.02%,$0.19B,$0.06B,32.80%,$0.19B,$0.06B,32.80%,$0.19B,$0.06B,32.80%,$0.19B,$0.07B,36.51%,$0.19B,$0.07B,36.51%,$0.07B,$0.24B,34.29%,$0.07B,$0.21B,38.93%,$0.07B,$0.31B,26.85%,$0.06B,$0.24B,30.81%,$66,$24,$42,$5,$15,$43,$23,$2,$24,$0,$24,$24,$24,$23,$23,$346,346,$0.07,$0.07,$189,$0,$15,$210,$0,$1,$25,$7,$33,$309,$72,$0,$0,$0,$73,$0,$94,$0,$236,$309,$0,$0,$0,$0,$0,$0,$0,$0,$0,$0,$0,$0,$0,$0,$0,$0,$0,$0,$0,$0,$0,$0,$0,$0,$0,$0,$0,$0,$0
36,2007-06-30,16.8,$0.00,0.0,$0.44,37.79,$0.15,110.15,$0.16,103.69,$0.19B,$0.06B,2.98,$0.00B,$0.21B,0.0,$0.15B,$0.10B,66.01%,$0.15B,$0.05B,32.03%,$0.15B,$0.05B,32.03%,$0.15B,$0.05B,32.03%,$0.15B,$0.06B,36.60%,$0.15B,$0.06B,36.60%,$0.06B,$0.21B,30.94%,$0.06B,$0.18B,35.61%,$0.06B,$0.27B,24.62%,$0.05B,$0.21B,27.07%,$52,$19,$33,$4,$12,$35,$17,$2,$19,$0,$18,$18,$18,$17,$17,$339,347,$0.06,$0.05,$174,$0,$9,$189,$0,$1,$24,$2,$28,$272,$63,$0,$0,$1,$64,$0,$69,$0,$208,$272,$0,$0,$0,$0,$0,$0,$0,$0,$0,$0,$0,$0,$0,$0,$0,$0,$0,$0,$0,$0,$0,$0,$0,$0,$0,$0,$0,$0,$0
37,2007-03-31,9.66,$0.00,0.0,$0.36,26.56,$0.15,63.31,$0.13,74.84,$0.16B,$0.05B,3.63,$0.00B,$0.19B,0.0,$0.13B,$0.09B,68.00%,$0.13B,$0.04B,31.20%,$0.13B,$0.04B,31.20%,$0.13B,$0.04B,31.20%,$0.13B,$0.05B,36.80%,$0.13B,$0.05B,36.00%,$0.05B,$0.19B,27.40%,$0.05B,$0.16B,31.41%,$0.05B,$0.23B,22.25%,$0.04B,$0.19B,23.74%,$36,$13,$22,$3,$10,$26,$10,$2,$11,$0,$11,$11,$11,$10,$10,$338,347,$0.03,$0.03,$151,$0,$8,$162,$0,$0,$24,$2,$26,$233,$45,$0,$1,$1,$46,$0,$50,$0,$187,$233,$0,$0,$0,$0,$0,$0,$0,$0,$0,$0,$0,$0,$0,$0,$0,$0,$0,$0,$0,$0,$0,$0,$0,$0,$0,$0,$0,$0,$0
38,2006-12-31,11.27,$0.00,0.0,$0.31,36.39,$0.15,73.9,$0.11,102.45,$0.16B,$0.04B,4.25,$0.00B,$0.17B,0.0,$0.11B,$0.07B,69.81%,$0.11B,$0.03B,30.19%,$0.11B,$0.03B,30.19%,$0.11B,$0.03B,30.19%,$0.11B,$0.04B,37.74%,$0.11B,$0.04B,35.85%,$0.04B,$0.17B,25.29%,$0.04B,$0.15B,28.84%,$0.04B,$0.21B,20.77%,$0.03B,$0.17B,21.30%,$35,$10,$24,$3,$10,$23,$12,$2,$15,$-1,$16,$16,$16,$12,$12,$334,334,$0.05,$0.05,$157,$0,$4,$164,$0,$0,$24,$1,$25,$214,$39,$0,$1,$1,$40,$0,$39,$0,$174,$214,$39,$9,$-1,$8,$0,$0,$0,$0,$14,$67,$-16,$0,$-6,$0,$0,$-11,$-5,$-38,$0,$0,$0,$0,$4,$0,$-0,$4,$30,$0,$0
