,Date,Stock Price,Book Value per Share,Price to Book Ratio,TTM Sales per Share,Price to Sales Ratio,TTM FCF per Share,Price to FCF Ratio,TTM Net EPS,PE Ratio,Current Assets,Current Liabilities,Current Ratio,Long Term Debt,Shareholder's Equity_x,Debt to Equity Ratio,TTM Revenue_x,TTM Gross Profit,Gross Margin,TTM Revenue_y,TTM Operating Income,Operating Margin,TTM Revenue_x,TTM EBIT,EBIT Margin,TTM Revenue_y,TTM EBITDA,EBITDA Margin,TTM Revenue_x,TTM Pre-Tax Income,Pre-Tax Margin,TTM Revenue_y,TTM Net Income_x,Net Margin,TTM Net Income_y,Shareholder's Equity_y,Return on Equity,TTM Net Income_x,Tangible Equity,Return on Tangible Equity,TTM Net Income_y,Total Assets,Return on Assets,TTM Net Income,LT Investments & Debt,Return on Investment,revenue,cost-goods-sold,gross-profit,research-development-expenses,selling-general-administrative-expenses,operating-expenses,operating-income,total-non-operating-income-expense,pre-tax-income,total-provision-income-taxes,income-after-taxes,income-from-continuous-operations,net-income,ebitda,ebit,basic-shares-outstanding,shares-outstanding,eps-basic-net-earnings-per-share,eps-earnings-per-share-diluted,cash-on-hand,inventory,other-current-assets,total-current-assets,net-property-plant-equipment,long-term-investments,goodwill-intangible-assets-total,other-long-term-assets,total-long-term-assets,total-assets,total-current-liabilities,long-term-debt,other-non-current-liabilities,total-long-term-liabilities,total-liabilities,common-stock-net,retained-earnings-accumulated-deficit,comprehensive-income,total-share-holder-equity,total-liabilities-share-holders-equity,net-income-loss,total-depreciation-amortization-cash-flow,other-non-cash-items,total-non-cash-items,change-in-accounts-receivable,change-in-inventories,change-in-accounts-payable,change-in-assets-liabilities,total-change-in-assets-liabilities,cash-flow-from-operating-activities,net-change-in-property-plant-equipment,net-change-in-intangible-assets,net-acquisitions-divestitures,net-change-in-short-term-investments,net-change-in-long-term-investments,net-change-in-investments-total,investing-activities-other,cash-flow-from-investing-activities,net-long-term-debt,net-current-debt,debt-issuance-retirement-net-total,net-common-equity-issued-repurchased,net-total-equity-issued-repurchased,total-common-preferred-stock-dividends-paid,financial-activities-other,cash-flow-from-financial-activities,net-cash-flow,stock-based-compensation,common-stock-dividends-paid
0,2018-07-31,43.43,$15.15,2.87,$123.77,0.35,$3.02,14.38,$3.89,11.16,$1.05B,$0.62B,1.69,$0.42B,$0.61B,0.7,$5.25B,$2.13B,40.58%,$5.25B,$0.25B,4.82%,$5.25B,$0.25B,4.82%,$5.25B,$0.36B,6.84%,$5.25B,$0.25B,4.69%,$5.25B,$0.16B,3.13%,$0.16B,$0.61B,25.92%,$0.16B,$0.61B,25.92%,$0.16B,$1.83B,9.30%,$0.25B,$1.03B,27.24%,$1222,$731,$491,$0,$427,$1188,$34,$-2,$32,$8,$24,$24,$24,$62,$34,$41,41,$0.59,$0.59,$58,$854,$140,$1053,$702,$0,$0,$50,$776,$1829,$622,$423,$119,$601,$1223,$1,$2498,$0,$606,$1829,$55,$54,$7,$61,$0,$19,$4,$-5,$-6,$111,$-89,$0,$0,$0,$0,$0,$-83,$-171,$123,$0,$123,$-111,$-111,$-27,$83,$68,$7,$17,$-27
1,2018-04-30,42.15,$16.28,2.59,$122.16,0.35,$3.60,11.7,$3.97,10.62,$1.05B,$0.64B,1.65,$0.17B,$0.69B,0.25,$5.25B,$2.13B,40.63%,$5.25B,$0.27B,5.09%,$5.25B,$0.27B,5.09%,$5.25B,$0.37B,7.09%,$5.25B,$0.26B,4.98%,$5.25B,$0.17B,3.22%,$0.17B,$0.69B,26.93%,$0.17B,$0.69B,26.93%,$0.17B,$1.73B,9.92%,$0.27B,$0.86B,30.53%,$1268,$756,$512,$0,$438,$1223,$45,$-1,$44,$13,$31,$31,$31,$71,$45,$42,42,$0.74,$0.74,$65,$850,$138,$1052,$605,$0,$0,$49,$675,$1727,$636,$174,$168,$402,$1038,$1,$2487,$0,$689,$1727,$31,$26,$5,$31,$0,$23,$-9,$1,$35,$97,$-31,$0,$0,$0,$0,$0,$-34,$-65,$-1,$-26,$-27,$-11,$-11,$-14,$34,$-18,$14,$12,$-14
2,2018-01-31,59.94,$15.97,3.75,$121.07,0.5,$3.46,17.34,$4.38,13.68,$1.02B,$0.59B,1.73,$0.22B,$0.67B,0.32,$5.27B,$2.14B,40.65%,$5.27B,$0.30B,5.73%,$5.27B,$0.30B,5.73%,$5.27B,$0.41B,7.72%,$5.27B,$0.30B,5.60%,$5.27B,$0.19B,3.60%,$0.19B,$0.67B,30.71%,$0.19B,$0.67B,30.71%,$0.19B,$1.65B,11.36%,$0.30B,$0.89B,35.48%,$1646,$964,$682,$0,$485,$1478,$168,$-2,$166,$61,$105,$105,$105,$194,$168,$43,43,$2.49,$2.46,$51,$873,$98,$1022,$566,$0,$0,$50,$630,$1652,$590,$215,$119,$393,$982,$1,$2468,$0,$670,$1652,$190,$106,$59,$165,$0,$-14,$-49,$-15,$-105,$250,$-143,$0,$2,$0,$0,$0,$-16,$-157,$89,$0,$89,$-154,$-154,$-45,$16,$-94,$0,$28,$-45
3,2017-10-31,50.36,$13.52,3.73,$117.42,0.43,$5.80,8.68,$3.91,12.88,$1.22B,$0.73B,1.66,$0.37B,$0.57B,0.66,$5.21B,$2.11B,40.61%,$5.21B,$0.28B,5.36%,$5.21B,$0.28B,5.36%,$5.21B,$0.38B,7.38%,$5.21B,$0.27B,5.24%,$5.21B,$0.18B,3.36%,$0.18B,$0.57B,28.50%,$0.18B,$0.57B,28.50%,$0.18B,$1.85B,10.53%,$0.28B,$0.94B,34.06%,$1111,$667,$444,$0,$408,$1105,$6,$-2,$4,$-0,$4,$4,$4,$32,$6,$42,43,$0.10,$0.10,$58,$1038,$119,$1215,$538,$0,$0,$47,$631,$1846,$732,$372,$120,$549,$1280,$1,$2374,$0,$566,$1846,$85,$79,$20,$99,$0,$-179,$93,$-14,$-155,$29,$-95,$0,$2,$0,$0,$0,$-0,$-93,$263,$0,$263,$-157,$-157,$-34,$-0,$71,$7,$21,$-34
4,2017-07-31,48.5,$13.86,3.5,$115.90,0.42,$6.72,7.22,$3.84,12.63,$0.97B,$0.60B,1.62,$0.23B,$0.59B,0.39,$5.20B,$2.11B,40.62%,$5.20B,$0.28B,5.29%,$5.20B,$0.28B,5.29%,$5.20B,$0.38B,7.33%,$5.20B,$0.27B,5.19%,$5.20B,$0.17B,3.31%,$0.17B,$0.59B,28.25%,$0.17B,$0.59B,28.25%,$0.17B,$1.59B,10.35%,$0.28B,$0.81B,33.88%,$1220,$727,$493,$0,$415,$1172,$48,$-1,$47,$18,$29,$29,$29,$75,$48,$43,44,$0.68,$0.67,$56,$810,$108,$974,$524,$0,$0,$46,$617,$1591,$600,$227,$122,$406,$1007,$1,$2381,$0,$585,$1591,$81,$53,$14,$66,$0,$48,$-37,$-19,$-47,$100,$-52,$0,$0,$0,$0,$0,$-0,$-52,$118,$0,$118,$-138,$-138,$-24,$-0,$-43,$5,$14,$-24
5,2017-04-30,49.05,$14.82,3.31,$114.64,0.43,$7.08,6.92,$3.67,13.37,$0.99B,$0.65B,1.52,$0.12B,$0.65B,0.18,$5.18B,$2.11B,40.62%,$5.18B,$0.27B,5.13%,$5.18B,$0.27B,5.13%,$5.18B,$0.37B,7.20%,$5.18B,$0.26B,5.02%,$5.18B,$0.17B,3.20%,$0.17B,$0.65B,27.75%,$0.17B,$0.65B,27.75%,$0.17B,$1.60B,9.94%,$0.27B,$0.77B,32.88%,$1295,$771,$524,$0,$416,$1215,$80,$-2,$78,$27,$52,$52,$52,$106,$80,$44,45,$1.16,$1.15,$66,$836,$88,$990,$519,$0,$0,$46,$610,$1600,$652,$116,$121,$293,$946,$1,$2363,$0,$654,$1600,$52,$26,$10,$36,$0,$23,$-31,$-18,$-2,$85,$-22,$0,$0,$0,$0,$0,$0,$-22,$-1,$9,$8,$-45,$-45,$-13,$-0,$-49,$15,$8,$-13
6,2017-01-31,48.33,$14.70,3.29,$112.53,0.43,$6.89,7.01,$3.31,14.6,$0.99B,$0.68B,1.47,$0.11B,$0.65B,0.16,$5.20B,$2.10B,40.37%,$5.20B,$0.25B,4.79%,$5.20B,$0.25B,4.79%,$5.20B,$0.36B,6.85%,$5.20B,$0.25B,4.71%,$5.20B,$0.15B,2.94%,$0.15B,$0.65B,25.94%,$0.15B,$0.65B,25.94%,$0.15B,$1.61B,9.15%,$0.25B,$0.76B,30.74%,$1579,$926,$653,$0,$479,$1435,$145,$-1,$144,$54,$90,$90,$90,$171,$145,$45,46,$2.03,$2.00,$51,$859,$85,$994,$526,$0,$0,$41,$613,$1608,$679,$106,$116,$278,$957,$1,$2323,$0,$651,$1608,$153,$108,$23,$131,$0,$-9,$18,$6,$28,$312,$-90,$0,$5,$0,$0,$0,$0,$-85,$40,$0,$40,$-233,$-233,$-38,$1,$-230,$-3,$33,$-38
7,2016-10-31,41.79,$12.34,3.39,$109.26,0.38,$6.30,6.63,$3.23,12.94,$1.21B,$0.77B,1.58,$0.36B,$0.55B,0.67,$5.21B,$2.09B,40.21%,$5.21B,$0.26B,4.98%,$5.21B,$0.26B,4.98%,$5.21B,$0.37B,7.05%,$5.21B,$0.25B,4.84%,$5.21B,$0.16B,3.04%,$0.16B,$0.55B,26.03%,$0.16B,$0.55B,26.03%,$0.16B,$1.85B,9.41%,$0.26B,$0.91B,31.72%,$1105,$664,$442,$0,$410,$1103,$2,$-1,$1,$-0,$1,$1,$1,$29,$2,$44,45,$0.03,$0.03,$60,$1036,$112,$1208,$541,$0,$0,$42,$639,$1847,$767,$363,$117,$536,$1302,$1,$2243,$-14,$545,$1847,$63,$82,$9,$91,$0,$-186,$121,$2,$-110,$44,$-72,$0,$0,$0,$0,$0,$-0,$-72,$297,$0,$297,$-236,$-236,$-29,$1,$34,$6,$25,$-29
8,2016-07-31,50.99,$12.31,4.14,$107.42,0.47,$5.74,8.88,$3.17,16.08,$0.98B,$0.65B,1.51,$0.26B,$0.54B,0.48,$5.22B,$2.09B,40.09%,$5.22B,$0.26B,4.89%,$5.22B,$0.26B,4.89%,$5.22B,$0.36B,6.96%,$5.22B,$0.25B,4.74%,$5.22B,$0.16B,2.97%,$0.16B,$0.54B,24.60%,$0.16B,$0.54B,24.60%,$0.16B,$1.63B,9.17%,$0.26B,$0.80B,30.63%,$1203,$717,$486,$0,$417,$1164,$39,$-2,$37,$14,$23,$23,$23,$67,$39,$44,45,$0.51,$0.50,$58,$809,$110,$977,$545,$0,$0,$43,$648,$1625,$646,$258,$119,$435,$1081,$1,$2251,$-14,$543,$1625,$61,$55,$4,$59,$0,$41,$3,$-11,$-9,$112,$-45,$0,$0,$0,$0,$0,$-0,$-45,$193,$0,$193,$-237,$-237,$-20,$1,$-62,$4,$17,$-20
9,2016-04-30,43.8,$13.40,3.27,$104.25,0.42,$5.05,8.67,$3.01,14.55,$0.96B,$0.66B,1.46,$0.15B,$0.62B,0.25,$5.22B,$2.08B,39.84%,$5.22B,$0.25B,4.73%,$5.22B,$0.25B,4.73%,$5.22B,$0.35B,6.76%,$5.22B,$0.24B,4.56%,$5.22B,$0.15B,2.87%,$0.15B,$0.62B,22.92%,$0.15B,$0.62B,22.92%,$0.15B,$1.61B,8.82%,$0.25B,$0.77B,29.12%,$1313,$795,$518,$0,$425,$1250,$63,$0,$63,$24,$39,$39,$39,$89,$63,$48,49,$0.80,$0.79,$64,$807,$85,$956,$552,$0,$0,$43,$650,$1607,$655,$154,$120,$332,$987,$1,$2238,$-15,$620,$1607,$39,$27,$-0,$27,$0,$43,$-19,$-16,$13,$79,$-19,$0,$0,$0,$0,$0,$0,$-19,$90,$0,$90,$-130,$-130,$-11,$1,$-50,$10,$9,$-11
10,2016-01-31,36.86,$14.67,2.51,$101.27,0.36,$4.73,7.8,$2.82,13.07,$0.99B,$0.68B,1.47,$0.06B,$0.72B,0.09,$5.19B,$2.07B,39.83%,$5.19B,$0.24B,4.57%,$5.19B,$0.24B,4.57%,$5.19B,$0.35B,6.65%,$5.19B,$0.23B,4.37%,$5.19B,$0.14B,2.76%,$0.14B,$0.72B,20.49%,$0.14B,$0.72B,20.49%,$0.14B,$1.64B,8.36%,$0.24B,$0.78B,27.45%,$1584,$937,$647,$0,$462,$1429,$155,$-4,$151,$56,$95,$95,$95,$182,$155,$51,51,$1.90,$1.89,$54,$850,$90,$994,$560,$0,$0,$38,$646,$1640,$678,$62,$120,$241,$920,$1,$2210,$-16,$720,$1640,$143,$108,$13,$121,$0,$2,$23,$24,$79,$342,$-126,$0,$13,$0,$0,$0,$0,$-113,$-4,$0,$-4,$-186,$-186,$-39,$1,$-227,$2,$13,$-39
11,2015-10-31,43.6,$12.98,3.36,$98.87,0.44,$4.58,9.51,$2.68,16.27,$1.27B,$0.73B,1.74,$0.34B,$0.64B,0.53,$5.20B,$2.07B,39.82%,$5.20B,$0.24B,4.52%,$5.20B,$0.24B,4.52%,$5.20B,$0.34B,6.62%,$5.20B,$0.23B,4.39%,$5.20B,$0.14B,2.73%,$0.14B,$0.64B,19.85%,$0.14B,$0.64B,19.85%,$0.14B,$1.89B,8.31%,$0.24B,$0.97B,26.68%,$1116,$676,$440,$0,$412,$1119,$-2,$-2,$-4,$-2,$-2,$-2,$-2,$25,$-2,$49,49,$-0.03,$-0.03,$62,$1047,$110,$1267,$577,$0,$0,$39,$622,$1889,$729,$335,$127,$523,$1252,$1,$2125,$-10,$637,$1889,$48,$81,$-6,$76,$0,$-196,$131,$8,$-72,$52,$-111,$0,$13,$0,$0,$0,$-0,$-98,$269,$0,$269,$-186,$-186,$-29,$1,$55,$9,$9,$-29
12,2015-07-31,40.67,$13.06,3.11,$96.29,0.42,$5.56,7.32,$2.65,15.35,$1.03B,$0.60B,1.73,$0.22B,$0.64B,0.35,$5.19B,$2.06B,39.71%,$5.19B,$0.23B,4.49%,$5.19B,$0.23B,4.49%,$5.19B,$0.34B,6.59%,$5.19B,$0.23B,4.37%,$5.19B,$0.14B,2.72%,$0.14B,$0.64B,19.19%,$0.14B,$0.64B,19.19%,$0.14B,$1.66B,8.19%,$0.23B,$0.86B,26.27%,$1210,$734,$476,$0,$414,$1179,$31,$-3,$28,$10,$18,$18,$18,$57,$31,$51,51,$0.35,$0.34,$57,$821,$106,$1029,$579,$0,$0,$41,$636,$1664,$595,$223,$141,$429,$1024,$1,$2136,$-14,$641,$1664,$50,$54,$-4,$51,$0,$30,$7,$-10,$16,$117,$-77,$0,$12,$0,$0,$0,$-0,$-64,$159,$0,$159,$-187,$-187,$-20,$0,$-47,$5,$7,$-20
13,2015-04-30,42.75,$15.09,2.83,$94.19,0.45,$6.91,6.19,$2.67,16.01,$1.02B,$0.61B,1.67,$0.04B,$0.79B,0.05,$5.18B,$2.06B,39.71%,$5.18B,$0.23B,4.44%,$5.18B,$0.23B,4.44%,$5.18B,$0.34B,6.55%,$5.18B,$0.23B,4.37%,$5.18B,$0.14B,2.76%,$0.14B,$0.79B,18.33%,$0.14B,$0.79B,18.33%,$0.14B,$1.65B,8.34%,$0.23B,$0.84B,25.82%,$1280,$776,$504,$0,$420,$1228,$53,$-0,$52,$20,$32,$32,$32,$81,$53,$53,54,$0.61,$0.60,$67,$835,$77,$1022,$567,$0,$0,$45,$627,$1649,$612,$41,$136,$242,$855,$1,$2129,$-14,$794,$1649,$32,$28,$-7,$21,$0,$16,$9,$-21,$34,$88,$-39,$0,$11,$0,$0,$0,$-0,$-29,$-22,$0,$-22,$-12,$-12,$-10,$1,$-44,$15,$4,$-10
14,2015-01-31,42.91,$14.92,2.88,$92.60,0.46,$7.51,5.71,$2.13,20.14,$1.00B,$0.59B,1.7,$0.06B,$0.79B,0.08,$5.18B,$2.05B,39.51%,$5.18B,$0.22B,4.33%,$5.18B,$0.22B,4.33%,$5.18B,$0.33B,6.39%,$5.18B,$0.22B,4.27%,$5.18B,$0.11B,2.20%,$0.11B,$0.79B,14.41%,$0.11B,$0.79B,14.41%,$0.11B,$1.64B,6.64%,$0.22B,$0.85B,24.77%,$1593,$943,$650,$0,$465,$1440,$153,$-1,$152,$58,$94,$94,$94,$181,$153,$55,56,$1.72,$1.70,$52,$852,$95,$999,$551,$0,$0,$40,$637,$1636,$588,$62,$130,$259,$846,$1,$2107,$-15,$790,$1636,$114,$106,$40,$146,$0,$63,$-7,$24,$59,$319,$-91,$0,$0,$0,$0,$0,$-0,$-91,$-17,$0,$-17,$-208,$-208,$-28,$4,$-249,$-16,$11,$-28
15,2014-10-31,42.48,$13.46,3.16,$91.04,0.47,$5.02,8.46,$1.81,23.47,$1.31B,$0.76B,1.74,$0.28B,$0.71B,0.4,$5.16B,$2.01B,38.89%,$5.16B,$0.21B,4.00%,$5.16B,$0.21B,4.00%,$5.16B,$0.33B,6.46%,$5.16B,$0.20B,3.94%,$5.16B,$0.10B,2.02%,$0.10B,$0.71B,12.70%,$0.10B,$0.71B,12.70%,$0.10B,$1.93B,5.96%,$0.21B,$1.00B,22.01%,$1107,$676,$431,$0,$405,$1111,$-4,$-1,$-5,$-2,$-3,$-3,$-3,$23,$-4,$55,55,$-0.06,$-0.06,$62,$1075,$126,$1313,$567,$0,$0,$42,$621,$1934,$756,$283,$112,$464,$1220,$1,$2022,$-8,$714,$1934,$20,$78,$13,$91,$0,$-160,$164,$7,$-49,$62,$-75,$0,$3,$0,$0,$0,$-0,$-72,$206,$0,$206,$-192,$-192,$-19,$4,$-2,$-6,$8,$-19
16,2014-07-31,40.57,$14.95,2.71,$90.08,0.45,$2.55,15.92,$1.70,23.86,$1.04B,$0.59B,1.76,$0.06B,$0.82B,0.07,$5.15B,$2.01B,38.91%,$5.15B,$0.21B,4.02%,$5.15B,$0.21B,4.02%,$5.15B,$0.31B,6.04%,$5.15B,$0.20B,3.96%,$5.15B,$0.10B,1.88%,$0.10B,$0.82B,11.50%,$0.10B,$0.82B,11.54%,$0.10B,$1.64B,5.41%,$0.21B,$0.88B,21.32%,$1195,$726,$470,$0,$412,$1167,$28,$-1,$27,$10,$17,$17,$20,$54,$28,$55,56,$0.36,$0.36,$62,$799,$122,$1037,$551,$0,$0,$41,$606,$1642,$591,$57,$102,$229,$820,$1,$2035,$-8,$823,$1642,$23,$52,$7,$58,$0,$116,$14,$-3,$76,$157,$-38,$0,$1,$0,$0,$0,$-0,$-38,$-0,$-21,$-21,$-102,$-102,$-9,$1,$-131,$-7,$5,$-9
17,2014-04-30,36.49,$15.04,2.43,$89.01,0.41,$0.97,37.69,$1.65,22.11,$1.05B,$0.59B,1.78,$0.05B,$0.84B,0.06,$5.14B,$2.00B,38.90%,$5.14B,$0.22B,4.18%,$5.14B,$0.22B,4.18%,$5.14B,$0.32B,6.19%,$5.14B,$0.21B,4.14%,$5.14B,$0.10B,1.85%,$0.10B,$0.84B,11.28%,$0.10B,$0.84B,11.37%,$0.10B,$1.66B,5.18%,$0.22B,$0.89B,21.70%,$1281,$788,$494,$0,$418,$1234,$47,$-0,$47,$18,$29,$29,$3,$73,$47,$57,58,$0.06,$0.06,$67,$835,$76,$1049,$558,$0,$0,$42,$610,$1659,$590,$54,$105,$232,$823,$1,$2025,$-8,$837,$1659,$3,$26,$-13,$13,$0,$80,$-18,$15,$86,$102,$-16,$0,$1,$0,$0,$0,$-0,$-15,$-24,$0,$-24,$-70,$-70,$0,$1,$-93,$-1,$3,$0
18,2014-01-31,24.75,$15.66,1.58,$88.64,0.28,$0.21,116.24,$2.15,11.51,$1.12B,$0.58B,1.94,$0.08B,$0.90B,0.09,$5.13B,$2.01B,39.16%,$5.13B,$0.23B,4.47%,$5.13B,$0.23B,4.47%,$5.13B,$0.33B,6.46%,$5.13B,$0.23B,4.43%,$5.13B,$0.12B,2.42%,$0.12B,$0.90B,14.90%,$0.12B,$0.90B,15.08%,$0.12B,$1.74B,6.69%,$0.23B,$0.98B,22.86%,$1572,$962,$610,$0,$445,$1437,$135,$-1,$134,$50,$84,$84,$84,$183,$135,$57,58,$1.47,$1.46,$69,$915,$78,$1121,$570,$0,$0,$44,$619,$1740,$577,$77,$107,$261,$838,$1,$2021,$-14,$901,$1740,$125,$102,$2,$105,$0,$1,$-27,$23,$-32,$198,$-105,$0,$7,$0,$0,$0,$0,$-97,$-95,$0,$-95,$5,$5,$0,$-1,$-91,$8,$13,$0
19,2013-10-31,33.59,$14.15,2.37,$87.41,0.38,$1.08,31.19,$2.79,12.04,$1.47B,$0.80B,1.84,$0.32B,$0.81B,0.4,$5.12B,$2.03B,39.64%,$5.12B,$0.30B,5.94%,$5.12B,$0.30B,5.94%,$5.12B,$0.38B,7.48%,$5.12B,$0.30B,5.90%,$5.12B,$0.16B,3.13%,$0.16B,$0.81B,20.09%,$0.16B,$0.80B,20.43%,$0.16B,$2.14B,8.62%,$0.30B,$1.14B,30.72%,$1105,$673,$431,$0,$405,$1108,$-3,$-1,$-4,$-2,$-2,$-2,$-10,$1,$-3,$57,57,$-0.17,$-0.17,$68,$1238,$111,$1466,$591,$0,$13,$57,$669,$2135,$798,$324,$121,$523,$1321,$1,$1937,$-15,$813,$2135,$41,$54,$10,$64,$0,$-322,$190,$23,$-176,$-71,$-84,$0,$7,$0,$0,$0,$0,$-77,$-1,$153,$152,$4,$4,$0,$-1,$155,$7,$11,$0
20,2013-07-31,33.38,$14.24,2.34,$87.82,0.38,$1.41,23.65,$2.86,11.67,$1.13B,$0.64B,1.76,$0.14B,$0.82B,0.17,$5.15B,$2.03B,39.45%,$5.15B,$0.30B,5.83%,$5.15B,$0.30B,5.83%,$5.15B,$0.40B,7.75%,$5.15B,$0.30B,5.79%,$5.15B,$0.16B,3.19%,$0.16B,$0.82B,21.83%,$0.16B,$0.81B,22.22%,$0.16B,$1.80B,8.92%,$0.30B,$0.96B,30.64%,$1181,$717,$464,$0,$400,$1144,$36,$-1,$36,$14,$22,$22,$18,$61,$36,$57,58,$0.32,$0.31,$64,$914,$111,$1131,$593,$0,$13,$57,$670,$1801,$643,$142,$119,$340,$984,$1,$1947,$-15,$818,$1801,$50,$49,$-6,$43,$0,$3,$34,$18,$-11,$82,$-50,$0,$0,$0,$0,$0,$-0,$-50,$-30,$0,$-30,$2,$2,$0,$-1,$-28,$3,$8,$0
21,2013-04-30,33.64,$13.88,2.42,$87.40,0.38,$1.33,25.35,$2.91,11.56,$1.08B,$0.61B,1.77,$0.14B,$0.80B,0.17,$5.19B,$2.05B,39.44%,$5.19B,$0.30B,5.84%,$5.19B,$0.30B,5.84%,$5.19B,$0.40B,7.73%,$5.19B,$0.30B,5.79%,$5.19B,$0.17B,3.24%,$0.17B,$0.80B,23.36%,$0.17B,$0.78B,23.80%,$0.17B,$1.74B,9.23%,$0.30B,$0.93B,31.15%,$1267,$765,$502,$0,$414,$1206,$61,$-1,$61,$24,$37,$37,$32,$86,$61,$57,58,$0.56,$0.56,$72,$885,$75,$1075,$583,$0,$13,$56,$662,$1737,$607,$137,$120,$333,$941,$1,$1928,$-14,$796,$1737,$32,$25,$-12,$13,$0,$33,$-31,$17,$15,$60,$-17,$0,$1,$0,$0,$0,$-0,$-16,$-34,$0,$-34,$1,$1,$0,$0,$-33,$11,$5,$0
22,2013-01-31,29.7,$13.24,2.24,$85.36,0.35,$2.24,13.28,$2.98,9.97,$1.09B,$0.63B,1.73,$0.17B,$0.76B,0.23,$5.21B,$2.06B,39.43%,$5.21B,$0.31B,5.97%,$5.21B,$0.31B,5.97%,$5.21B,$0.41B,7.81%,$5.21B,$0.31B,5.91%,$5.21B,$0.18B,3.40%,$0.18B,$0.76B,24.50%,$0.18B,$0.75B,24.97%,$0.18B,$1.75B,9.80%,$0.31B,$0.93B,33.02%,$1566,$934,$632,$0,$397,$1355,$210,$-2,$209,$75,$134,$134,$120,$235,$210,$60,60,$2.05,$2.04,$61,$918,$74,$1091,$594,$0,$14,$56,$663,$1754,$630,$171,$118,$366,$995,$1,$1896,$-13,$758,$1754,$177,$96,$27,$123,$0,$-93,$43,$20,$-19,$281,$-131,$0,$1,$0,$0,$0,$0,$-130,$104,$0,$104,$-271,$-271,$0,$8,$-158,$-8,$18,$0
23,2012-10-31,26.91,$11.05,2.43,$82.90,0.32,$2.47,10.91,$2.64,10.19,$1.41B,$0.79B,1.78,$0.46B,$0.63B,0.73,$5.27B,$2.09B,39.58%,$5.27B,$0.29B,5.50%,$5.27B,$0.29B,5.50%,$5.27B,$0.40B,7.55%,$5.27B,$0.29B,5.44%,$5.27B,$0.17B,3.26%,$0.17B,$0.63B,23.28%,$0.17B,$0.62B,23.72%,$0.17B,$2.07B,9.68%,$0.29B,$1.10B,31.12%,$1134,$702,$433,$0,$413,$1141,$-7,$-1,$-8,$-2,$-6,$-6,$-6,$17,$-7,$58,58,$-0.10,$-0.10,$66,$1191,$103,$1406,$602,$0,$14,$40,$659,$2065,$791,$463,$105,$641,$1432,$1,$1776,$-15,$633,$2065,$57,$71,$8,$79,$0,$-366,$224,$22,$-172,$-36,$-100,$0,$1,$0,$0,$0,$-0,$-100,$396,$0,$396,$-271,$-271,$0,$8,$134,$-2,$6,$0
24,2012-07-31,37.42,$11.72,3.19,$80.53,0.46,$3.57,10.48,$2.80,13.37,$1.08B,$0.62B,1.73,$0.24B,$0.69B,0.35,$5.28B,$2.10B,39.76%,$5.28B,$0.31B,5.80%,$5.28B,$0.31B,5.80%,$5.28B,$0.41B,7.71%,$5.28B,$0.30B,5.74%,$5.28B,$0.18B,3.45%,$0.18B,$0.69B,23.70%,$0.18B,$0.68B,24.11%,$0.18B,$1.73B,10.39%,$0.31B,$0.93B,33.39%,$1218,$740,$478,$0,$412,$1179,$39,$-1,$38,$16,$22,$22,$22,$63,$39,$60,61,$0.37,$0.36,$62,$881,$91,$1077,$588,$0,$13,$42,$649,$1726,$623,$243,$105,$413,$1036,$1,$1782,$-15,$690,$1726,$63,$47,$8,$54,$0,$-56,$59,$13,$-28,$89,$-60,$0,$0,$0,$0,$0,$-0,$-60,$176,$0,$176,$-220,$-220,$0,$8,$-35,$-7,$15,$0
25,2012-04-30,33.85,$12.89,2.63,$76.99,0.44,$3.99,8.48,$2.94,11.51,$1.05B,$0.70B,1.5,$0.00B,$0.81B,0.0,$5.23B,$2.08B,39.82%,$5.23B,$0.33B,6.26%,$5.23B,$0.33B,6.26%,$5.23B,$0.42B,8.11%,$5.23B,$0.32B,6.18%,$5.23B,$0.20B,3.75%,$0.20B,$0.81B,24.51%,$0.20B,$0.79B,24.98%,$0.20B,$1.68B,11.39%,$0.33B,$0.81B,36.23%,$1294,$782,$512,$0,$418,$1226,$69,$-0,$69,$28,$41,$41,$41,$92,$69,$64,65,$0.64,$0.63,$83,$848,$69,$1045,$569,$0,$15,$44,$632,$1677,$696,$0,$109,$171,$867,$1,$1760,$-14,$809,$1677,$41,$23,$1,$24,$0,$-22,$83,$11,$61,$126,$-18,$0,$0,$0,$0,$0,$-0,$-18,$-66,$0,$-66,$-35,$-35,$0,$8,$-94,$14,$8,$0
26,2012-01-31,36.48,$12.94,2.82,$73.43,0.5,$3.76,9.72,$3.01,12.12,$1.01B,$0.59B,1.72,$0.07B,$0.82B,0.08,$5.16B,$2.06B,39.99%,$5.16B,$0.34B,6.67%,$5.16B,$0.34B,6.67%,$5.16B,$0.44B,8.49%,$5.16B,$0.34B,6.59%,$5.16B,$0.21B,4.01%,$0.21B,$0.82B,24.37%,$0.21B,$0.81B,24.71%,$0.21B,$1.64B,11.89%,$0.34B,$0.89B,36.13%,$1627,$963,$664,$0,$450,$1438,$189,$-1,$188,$74,$114,$114,$115,$226,$189,$68,69,$1.75,$1.72,$69,$825,$70,$1007,$573,$0,$12,$43,$635,$1641,$585,$66,$108,$233,$818,$1,$1719,$-16,$823,$1641,$207,$93,$28,$121,$0,$-55,$32,$3,$-10,$318,$-130,$0,$2,$0,$0,$0,$8,$-121,$47,$0,$47,$-354,$-354,$0,$0,$-306,$-109,$25,$0
27,2011-10-31,34.82,$11.60,3.0,$69.33,0.5,$3.71,9.4,$2.72,12.8,$1.31B,$0.77B,1.71,$0.29B,$0.75B,0.38,$5.05B,$2.02B,39.97%,$5.05B,$0.33B,6.57%,$5.05B,$0.33B,6.57%,$5.05B,$0.43B,8.49%,$5.05B,$0.33B,6.49%,$5.05B,$0.20B,4.00%,$0.20B,$0.75B,22.95%,$0.20B,$0.74B,23.17%,$0.20B,$1.96B,11.64%,$0.33B,$1.04B,34.35%,$1138,$694,$444,$0,$413,$1129,$9,$-1,$8,$4,$4,$4,$4,$26,$9,$65,66,$0.06,$0.06,$60,$1100,$101,$1312,$579,$0,$12,$49,$651,$1963,$769,$285,$100,$444,$1213,$1,$1604,$-10,$750,$1963,$92,$56,$16,$72,$0,$-330,$231,$4,$-145,$20,$-102,$0,$2,$0,$0,$0,$8,$-92,$-18,$285,$267,$-311,$-311,$0,$-1,$-45,$-118,$0,$0
28,2011-07-31,32.18,$12.16,2.65,$65.89,0.49,$4.34,7.42,$2.89,11.13,$0.98B,$0.57B,1.72,$0.06B,$0.82B,0.07,$4.97B,$2.00B,40.31%,$4.97B,$0.35B,7.04%,$4.97B,$0.35B,7.04%,$4.97B,$0.45B,9.02%,$4.97B,$0.35B,6.96%,$4.97B,$0.22B,4.35%,$0.22B,$0.82B,23.99%,$0.22B,$0.80B,24.14%,$0.22B,$1.60B,12.78%,$0.35B,$0.88B,36.95%,$1167,$707,$461,$0,$379,$1107,$60,$-1,$58,$23,$36,$36,$36,$80,$60,$70,71,$0.51,$0.50,$58,$780,$99,$984,$542,$0,$22,$40,$616,$1600,$571,$60,$102,$213,$784,$1,$1600,$-10,$817,$1600,$88,$39,$10,$50,$0,$-11,$46,$-15,$-27,$111,$-48,$0,$1,$0,$0,$0,$8,$-38,$43,$0,$43,$-235,$-235,$0,$-1,$-192,$-120,$14,$0
29,2011-04-30,37.98,$13.57,2.8,$63.68,0.6,$4.64,8.19,$2.87,13.23,$1.18B,$0.61B,1.94,$0.00B,$1.01B,0.0,$4.94B,$2.00B,40.53%,$4.94B,$0.35B,7.14%,$4.94B,$0.35B,7.14%,$4.94B,$0.45B,9.08%,$4.94B,$0.35B,7.10%,$4.94B,$0.22B,4.43%,$0.22B,$1.01B,23.70%,$0.22B,$1.01B,23.70%,$0.22B,$1.76B,12.98%,$0.35B,$1.01B,36.92%,$1227,$733,$494,$0,$387,$1141,$86,$-0,$86,$33,$53,$53,$52,$106,$86,$74,75,$0.71,$0.70,$284,$785,$63,$1183,$522,$0,$0,$42,$575,$1758,$611,$0,$95,$140,$751,$1,$1564,$-10,$1007,$1758,$52,$19,$1,$20,$0,$-23,$70,$-1,$53,$126,$-19,$0,$0,$0,$0,$0,$-0,$-19,$-1,$0,$-1,$-1,$-1,$0,$2,$-0,$106,$7,$0
30,2011-01-31,29.37,$12.81,2.29,$62.37,0.47,$4.39,6.69,$2.85,10.3,$1.05B,$0.54B,1.94,$0.00B,$0.95B,0.0,$4.95B,$2.01B,40.63%,$4.95B,$0.36B,7.21%,$4.95B,$0.36B,7.21%,$4.95B,$0.45B,9.11%,$4.95B,$0.36B,7.17%,$4.95B,$0.22B,4.50%,$0.22B,$0.95B,24.53%,$0.22B,$0.95B,24.53%,$0.22B,$1.62B,13.42%,$0.36B,$0.95B,37.94%,$1519,$899,$620,$0,$422,$1342,$177,$-1,$176,$66,$110,$110,$110,$217,$177,$78,79,$1.46,$1.44,$178,$762,$62,$1052,$525,$0,$0,$36,$568,$1620,$542,$0,$89,$131,$673,$1,$1512,$-10,$947,$1620,$223,$95,$16,$111,$0,$-31,$-7,$8,$-18,$315,$-106,$0,$0,$0,$0,$0,$-8,$-115,$-2,$0,$-2,$-318,$-318,$0,$14,$-307,$-106,$25,$0
31,2010-10-31,28.98,$11.09,2.61,$60.74,0.48,$5.52,5.25,$2.66,10.89,$1.20B,$0.69B,1.73,$0.13B,$0.83B,0.16,$4.90B,$2.00B,40.79%,$4.90B,$0.35B,7.13%,$4.90B,$0.35B,7.13%,$4.90B,$0.42B,8.60%,$4.90B,$0.35B,7.11%,$4.90B,$0.22B,4.45%,$0.22B,$0.83B,23.63%,$0.22B,$0.83B,23.63%,$0.22B,$1.78B,13.02%,$0.35B,$0.96B,36.56%,$1056,$628,$428,$0,$382,$1029,$27,$-1,$26,$8,$18,$18,$18,$45,$27,$75,76,$0.23,$0.23,$51,$1006,$85,$1200,$527,$0,$0,$37,$581,$1781,$692,$129,$88,$259,$951,$1,$1402,$-12,$830,$1781,$112,$54,$26,$80,$0,$-275,$160,$-1,$-157,$36,$-84,$0,$0,$0,$0,$0,$-7,$-91,$127,$0,$127,$-318,$-318,$0,$14,$-178,$-233,$20,$0
32,2010-07-31,31.69,$11.67,2.72,$59.42,0.53,$7.09,4.47,$2.80,11.32,$1.03B,$0.55B,1.86,$0.00B,$0.91B,0.0,$4.88B,$1.99B,40.76%,$4.88B,$0.37B,7.59%,$4.88B,$0.37B,7.59%,$4.88B,$0.44B,9.05%,$4.88B,$0.37B,7.57%,$4.88B,$0.23B,4.72%,$0.23B,$0.91B,24.58%,$0.23B,$0.91B,24.58%,$0.23B,$1.59B,14.00%,$0.37B,$0.91B,39.53%,$1142,$680,$462,$0,$380,$1079,$63,$-0,$63,$24,$39,$39,$39,$81,$63,$79,80,$0.49,$0.48,$171,$734,$72,$1029,$504,$0,$0,$36,$561,$1590,$554,$0,$88,$124,$678,$1,$1384,$-12,$912,$1590,$95,$36,$21,$57,$0,$-3,$31,$-12,$-14,$138,$-42,$0,$0,$0,$0,$0,$-8,$-50,$-1,$0,$-1,$-212,$-212,$0,$13,$-200,$-113,$14,$0
33,2010-04-30,35.29,$11.76,3.0,$58.37,0.6,$7.51,4.7,$2.66,13.27,$1.12B,$0.59B,1.91,$0.00B,$0.95B,0.0,$4.82B,$1.96B,40.64%,$4.82B,$0.36B,7.37%,$4.82B,$0.36B,7.37%,$4.82B,$0.43B,8.84%,$4.82B,$0.35B,7.32%,$4.82B,$0.22B,4.54%,$0.22B,$0.95B,23.82%,$0.22B,$0.95B,23.82%,$0.22B,$1.66B,13.59%,$0.36B,$0.95B,38.60%,$1235,$733,$502,$0,$393,$1145,$90,$-0,$90,$34,$56,$56,$56,$108,$90,$81,82,$0.69,$0.68,$261,$745,$63,$1124,$488,$0,$0,$31,$535,$1658,$590,$0,$88,$122,$711,$1,$1345,$-13,$947,$1658,$56,$18,$18,$36,$0,$-14,$50,$-9,$16,$108,$-11,$0,$0,$0,$0,$0,$-0,$-11,$-1,$0,$-1,$-131,$-131,$0,$13,$-119,$-23,$8,$0
34,2010-01-31,26.24,$12.22,2.15,$57.25,0.46,$7.37,3.56,$2.42,10.84,$1.12B,$0.54B,2.07,$0.00B,$1.00B,0.0,$4.73B,$1.92B,40.60%,$4.73B,$0.33B,6.88%,$4.73B,$0.33B,6.88%,$4.73B,$0.40B,8.40%,$4.73B,$0.32B,6.83%,$4.73B,$0.20B,4.21%,$0.20B,$1.00B,22.45%,$0.20B,$1.00B,22.45%,$0.20B,$1.67B,12.79%,$0.33B,$1.00B,36.66%,$1463,$859,$605,$0,$417,$1294,$169,$-0,$169,$63,$106,$106,$105,$187,$169,$82,83,$1.28,$1.27,$284,$731,$57,$1123,$491,$0,$0,$27,$547,$1669,$543,$0,$94,$126,$668,$1,$1289,$-13,$1001,$1669,$200,$72,$20,$92,$0,$5,$74,$23,$100,$392,$-79,$0,$1,$0,$0,$0,$-0,$-78,$-64,$0,$-64,$3,$3,$0,$-4,$-65,$249,$19,$0
35,2009-10-31,23.14,$10.81,2.14,$56.20,0.41,$5.07,4.56,$2.11,10.97,$1.09B,$0.64B,1.72,$0.00B,$0.88B,0.0,$4.63B,$1.87B,40.32%,$4.63B,$0.29B,6.24%,$4.63B,$0.29B,6.24%,$4.63B,$0.36B,7.80%,$4.63B,$0.29B,6.18%,$4.63B,$0.17B,3.74%,$0.17B,$0.88B,20.85%,$0.17B,$0.88B,20.85%,$0.17B,$1.66B,11.56%,$0.29B,$0.88B,34.82%,$1035,$617,$418,$0,$365,$988,$48,$-0,$47,$17,$30,$30,$30,$65,$48,$82,83,$0.37,$0.37,$46,$918,$80,$1092,$498,$0,$0,$27,$563,$1655,$636,$1,$103,$136,$772,$1,$1184,$-14,$883,$1655,$95,$54,$14,$68,$0,$-182,$188,$5,$-23,$140,$-62,$0,$0,$0,$0,$0,$1,$-61,$-63,$0,$-63,$0,$0,$0,$-5,$-68,$11,$12,$0
36,2009-07-31,21.28,$10.38,2.05,$56.09,0.38,$3.15,6.77,$1.89,11.26,$0.90B,$0.47B,1.92,$0.00B,$0.85B,0.0,$4.62B,$1.86B,40.17%,$4.62B,$0.26B,5.65%,$4.62B,$0.26B,5.65%,$4.62B,$0.34B,7.25%,$4.62B,$0.26B,5.59%,$4.62B,$0.16B,3.36%,$0.16B,$0.85B,19.76%,$0.16B,$0.85B,19.76%,$0.16B,$1.46B,10.31%,$0.26B,$0.85B,33.28%,$1087,$652,$434,$0,$368,$1039,$48,$-0,$47,$19,$29,$29,$28,$66,$48,$82,83,$0.35,$0.34,$98,$668,$89,$898,$492,$0,$0,$27,$565,$1463,$468,$0,$116,$148,$616,$1,$1154,$-15,$847,$1463,$65,$37,$20,$56,$0,$69,$28,$-3,$50,$171,$-39,$0,$0,$0,$0,$0,$-0,$-39,$-63,$0,$-63,$-1,$-1,$0,$-5,$-69,$64,$8,$0
37,2009-04-30,25.53,$9.98,2.56,$56.41,0.45,$2.12,12.03,$1.87,13.65,$0.87B,$0.48B,1.82,$0.00B,$0.81B,0.0,$4.64B,$1.86B,40.03%,$4.64B,$0.26B,5.52%,$4.64B,$0.26B,5.52%,$4.64B,$0.33B,7.16%,$4.64B,$0.25B,5.46%,$4.64B,$0.15B,3.30%,$0.15B,$0.81B,20.60%,$0.15B,$0.81B,20.60%,$0.15B,$1.44B,10.23%,$0.26B,$0.81B,32.83%,$1142,$679,$462,$0,$383,$1081,$60,$-0,$60,$24,$36,$36,$36,$79,$60,$81,82,$0.45,$0.44,$51,$718,$56,$871,$485,$0,$0,$26,$565,$1436,$478,$0,$114,$143,$622,$1,$1125,$-15,$814,$1436,$36,$18,$4,$22,$0,$18,$21,$-2,$39,$98,$-13,$0,$0,$0,$0,$0,$-0,$-13,$-62,$0,$-62,$-1,$-1,$0,$-5,$-69,$16,$5,$0
38,2009-01-31,12.42,$9.53,1.3,$56.63,0.22,$1.58,7.85,$1.85,6.72,$0.87B,$0.52B,1.69,$0.00B,$0.78B,0.0,$4.65B,$1.86B,39.99%,$4.65B,$0.25B,5.47%,$4.65B,$0.25B,5.47%,$4.65B,$0.33B,7.08%,$4.65B,$0.25B,5.38%,$4.65B,$0.15B,3.27%,$0.15B,$0.78B,21.74%,$0.15B,$0.78B,21.74%,$0.15B,$1.43B,10.19%,$0.25B,$0.78B,32.66%,$1367,$814,$553,$0,$400,$1234,$133,$-1,$132,$50,$82,$82,$79,$151,$133,$81,82,$0.97,$0.96,$35,$737,$54,$871,$490,$0,$0,$18,$562,$1432,$515,$0,$113,$143,$658,$1,$1089,$-15,$775,$1432,$152,$74,$25,$99,$0,$11,$-24,$-14,$-39,$211,$-89,$0,$1,$0,$0,$0,$-0,$-88,$-104,$0,$-104,$-27,$-27,$0,$5,$-125,$-2,$15,$0
39,2008-10-31,22.57,$8.63,2.62,$53.75,0.42,$2.52,8.96,$1.93,11.69,$1.12B,$0.85B,1.32,$0.00B,$0.70B,0.0,$4.69B,$1.87B,39.78%,$4.69B,$0.26B,5.52%,$4.69B,$0.26B,5.52%,$4.69B,$0.34B,7.21%,$4.69B,$0.25B,5.41%,$4.69B,$0.17B,3.52%,$0.17B,$0.70B,24.81%,$0.17B,$0.70B,24.81%,$0.17B,$1.68B,11.03%,$0.26B,$0.70B,33.01%,$1022,$615,$406,$0,$367,$1001,$20,$-2,$19,$6,$12,$12,$12,$39,$20,$81,82,$0.15,$0.15,$39,$958,$68,$1123,$494,$0,$0,$19,$560,$1683,$850,$0,$103,$131,$982,$1,$1010,$-6,$701,$1683,$73,$56,$13,$69,$0,$-210,$125,$-16,$-147,$-6,$-76,$0,$0,$0,$0,$0,$0,$-75,$104,$0,$104,$-26,$-26,$0,$5,$83,$2,$12,$0
40,2008-07-31,28.14,$8.40,3.35,$51.43,0.55,$3.56,7.9,$1.92,14.66,$0.87B,$0.46B,1.87,$0.15B,$0.68B,0.22,$4.70B,$1.87B,39.83%,$4.70B,$0.26B,5.57%,$4.70B,$0.26B,5.57%,$4.70B,$0.34B,7.28%,$4.70B,$0.26B,5.49%,$4.70B,$0.17B,3.55%,$0.17B,$0.68B,24.43%,$0.17B,$0.68B,24.43%,$0.17B,$1.43B,11.09%,$0.26B,$0.83B,31.27%,$1105,$670,$435,$0,$371,$1062,$43,$-1,$42,$16,$26,$26,$26,$63,$43,$81,82,$0.32,$0.32,$44,$698,$70,$865,$496,$0,$0,$22,$566,$1431,$463,$148,$107,$286,$749,$1,$998,$-6,$681,$1431,$61,$37,$12,$49,$0,$50,$9,$-18,$-9,$101,$-53,$0,$0,$0,$0,$0,$0,$-53,$-17,$0,$-17,$-29,$-29,$0,$3,$-42,$6,$7,$0
41,2008-04-30,24.97,$7.94,3.14,$48.01,0.52,$3.70,6.75,$1.82,13.72,$0.87B,$0.48B,1.84,$0.17B,$0.64B,0.26,$4.68B,$1.86B,39.70%,$4.68B,$0.25B,5.38%,$4.68B,$0.25B,5.38%,$4.68B,$0.33B,7.12%,$4.68B,$0.25B,5.36%,$4.68B,$0.16B,3.50%,$0.16B,$0.64B,22.16%,$0.16B,$0.64B,22.16%,$0.16B,$1.42B,10.75%,$0.25B,$0.81B,29.40%,$1152,$688,$464,$0,$387,$1093,$58,$-1,$57,$22,$34,$34,$35,$76,$58,$81,82,$0.43,$0.42,$43,$725,$52,$874,$479,$0,$0,$20,$549,$1423,$476,$165,$107,$306,$783,$1,$972,$-6,$640,$1423,$35,$18,$4,$21,$0,$23,$-3,$-3,$3,$59,$-18,$0,$0,$0,$0,$0,$0,$-18,$1,$0,$1,$-36,$-36,$0,$0,$-34,$6,$3,$0
42,2008-01-31,16.04,$7.72,2.08,$44.03,0.36,$3.13,5.13,$1.66,9.66,$0.89B,$0.50B,1.78,$0.16B,$0.64B,0.26,$4.66B,$1.84B,39.54%,$4.66B,$0.24B,5.07%,$4.66B,$0.24B,5.07%,$4.66B,$0.32B,6.87%,$4.66B,$0.24B,5.13%,$4.66B,$0.16B,3.39%,$0.16B,$0.64B,18.52%,$0.16B,$0.64B,18.52%,$0.16B,$1.44B,9.92%,$0.24B,$0.80B,25.41%,$1412,$852,$561,$0,$399,$1275,$138,$-2,$136,$50,$86,$86,$92,$160,$138,$101,103,$0.94,$0.93,$37,$748,$53,$891,$481,$0,$0,$20,$553,$1444,$500,$164,$105,$305,$805,$1,$938,$-7,$638,$1444,$158,$83,$11,$94,$0,$10,$66,$-27,$56,$308,$-59,$0,$0,$0,$0,$0,$0,$-59,$163,$0,$163,$-677,$-677,$0,$20,$-494,$-245,$10,$0
43,2007-10-31,22.15,$8.09,2.74,$44.06,0.5,$3.83,5.78,$1.56,14.2,$1.16B,$0.67B,1.74,$0.14B,$0.78B,0.18,$4.79B,$1.91B,39.78%,$4.79B,$0.24B,4.91%,$4.79B,$0.24B,4.91%,$4.79B,$0.32B,6.72%,$4.79B,$0.24B,5.05%,$4.79B,$0.17B,3.55%,$0.17B,$0.78B,17.42%,$0.17B,$0.78B,17.42%,$0.17B,$1.73B,10.23%,$0.24B,$0.91B,23.25%,$1031,$619,$412,$0,$368,$1008,$23,$0,$23,$9,$14,$14,$14,$43,$23,$101,102,$0.14,$0.14,$42,$990,$66,$1163,$492,$0,$0,$22,$565,$1727,$670,$139,$110,$282,$952,$1,$846,$-6,$775,$1727,$66,$61,$2,$62,$0,$-232,$193,$-24,$-84,$45,$-39,$0,$0,$0,$0,$0,$1,$-38,$139,$0,$139,$-405,$-405,$0,$20,$-247,$-240,$7,$0
44,2007-07-31,23.89,$8.92,2.68,$43.53,0.55,$4.20,5.69,$1.44,16.59,$0.94B,$0.46B,2.06,$0.00B,$0.91B,0.0,$4.81B,$1.91B,39.68%,$4.81B,$0.21B,4.45%,$4.81B,$0.21B,4.45%,$4.81B,$0.31B,6.34%,$4.81B,$0.22B,4.60%,$4.81B,$0.16B,3.29%,$0.16B,$0.91B,15.23%,$0.16B,$0.91B,15.23%,$0.16B,$1.51B,9.46%,$0.21B,$0.91B,20.45%,$1085,$664,$421,$0,$366,$1051,$33,$1,$35,$13,$22,$22,$23,$54,$33,$106,108,$0.22,$0.22,$109,$714,$61,$942,$492,$0,$0,$21,$566,$1508,$458,$0,$109,$143,$601,$1,$831,$-6,$907,$1508,$52,$41,$2,$43,$0,$44,$15,$-25,$2,$98,$-20,$0,$0,$0,$0,$0,$0,$-19,$-0,$0,$-0,$-270,$-270,$0,$19,$-251,$-173,$5,$0
45,2007-04-30,29.75,$10.04,2.96,$42.87,0.69,$4.35,6.84,$1.26,23.61,$1.13B,$0.46B,2.47,$0.00B,$1.09B,0.0,$4.78B,$1.90B,39.73%,$4.78B,$0.19B,3.93%,$4.78B,$0.19B,3.93%,$4.78B,$0.28B,5.90%,$4.78B,$0.19B,4.06%,$4.78B,$0.14B,2.91%,$0.14B,$1.09B,13.17%,$0.14B,$1.09B,13.17%,$0.14B,$1.69B,8.24%,$0.19B,$1.09B,17.54%,$1128,$681,$447,$0,$383,$1086,$42,$3,$45,$16,$29,$29,$29,$63,$42,$110,112,$0.26,$0.26,$210,$798,$55,$1126,$495,$0,$0,$22,$568,$1694,$456,$0,$109,$146,$602,$1,$808,$-6,$1092,$1694,$29,$20,$-3,$17,$0,$-39,$28,$-14,$-47,$-1,$-8,$0,$0,$0,$0,$0,$0,$-8,$-0,$0,$-0,$-78,$-78,$0,$15,$-63,$-72,$2,$0
46,2007-01-31,23.95,$10.30,2.32,$42.30,0.57,$5.34,4.49,$1.12,21.39,$1.15B,$0.47B,2.42,$0.00B,$1.13B,0.0,$4.74B,$1.89B,39.84%,$4.74B,$0.17B,3.52%,$4.74B,$0.17B,3.52%,$4.74B,$0.26B,5.56%,$4.74B,$0.17B,3.60%,$4.74B,$0.12B,2.61%,$0.12B,$1.13B,11.80%,$0.12B,$1.13B,11.80%,$0.12B,$1.72B,7.41%,$0.17B,$1.13B,15.65%,$1545,$920,$625,$0,$462,$1408,$137,$2,$139,$47,$92,$92,$104,$162,$137,$110,112,$0.94,$0.93,$282,$758,$49,$1149,$506,$0,$0,$21,$571,$1721,$474,$0,$79,$117,$591,$1,$781,$-6,$1130,$1721,$124,$96,$-0,$95,$0,$78,$24,$16,$162,$381,$-31,$0,$0,$0,$0,$0,$1,$-30,$-6,$13,$8,$-91,$-91,$0,$12,$-71,$280,$12,$0
47,2006-10-31,19.47,$9.37,2.08,$40.77,0.48,$3.49,5.58,$0.31,62.82,$1.16B,$0.58B,1.98,$0.04B,$1.02B,0.04,$4.59B,$1.78B,38.79%,$4.59B,$0.09B,2.02%,$4.59B,$0.09B,2.02%,$4.59B,$0.20B,4.33%,$4.59B,$0.09B,2.05%,$4.59B,$0.04B,0.76%,$0.04B,$1.02B,3.37%,$0.04B,$1.02B,3.37%,$0.04B,$1.76B,2.12%,$0.09B,$1.06B,8.81%,$1050,$634,$415,$0,$388,$1047,$2,$-0,$2,$0,$2,$2,$2,$26,$2,$108,110,$0.02,$0.02,$8,$995,$78,$1157,$534,$0,$0,$28,$599,$1756,$584,$36,$75,$151,$735,$1,$677,$0,$1021,$1756,$20,$70,$-3,$67,$0,$-159,$134,$-0,$-14,$73,$-26,$0,$0,$0,$0,$0,$1,$-25,$31,$0,$31,$-92,$-92,$0,$19,$-42,$6,$8,$0
