,Date,Stock Price,Book Value per Share,Price to Book Ratio,TTM Sales per Share,Price to Sales Ratio,TTM FCF per Share,Price to FCF Ratio,TTM Net EPS,PE Ratio,Current Assets,Current Liabilities,Current Ratio,Long Term Debt,Shareholder's Equity_x,Debt to Equity Ratio,TTM Revenue_x,TTM Gross Profit,Gross Margin,TTM Revenue_y,TTM Operating Income,Operating Margin,TTM Revenue_x,TTM EBIT,EBIT Margin,TTM Revenue_y,TTM EBITDA,EBITDA Margin,TTM Revenue_x,TTM Pre-Tax Income,Pre-Tax Margin,TTM Revenue_y,TTM Net Income_x,Net Margin,TTM Net Income_y,Shareholder's Equity_y,Return on Equity,TTM Net Income_x,Tangible Equity,Return on Tangible Equity,TTM Net Income_y,Total Assets,Return on Assets,TTM Net Income,LT Investments & Debt,Return on Investment,revenue,cost-goods-sold,gross-profit,research-development-expenses,selling-general-administrative-expenses,operating-expenses,operating-income,total-non-operating-income-expense,pre-tax-income,total-provision-income-taxes,income-after-taxes,income-from-continuous-operations,net-income,ebitda,ebit,basic-shares-outstanding,shares-outstanding,eps-basic-net-earnings-per-share,eps-earnings-per-share-diluted,cash-on-hand,inventory,other-current-assets,total-current-assets,net-property-plant-equipment,long-term-investments,goodwill-intangible-assets-total,other-long-term-assets,total-long-term-assets,total-assets,total-current-liabilities,long-term-debt,other-non-current-liabilities,total-long-term-liabilities,total-liabilities,common-stock-net,retained-earnings-accumulated-deficit,comprehensive-income,total-share-holder-equity,total-liabilities-share-holders-equity,net-income-loss,total-depreciation-amortization-cash-flow,other-non-cash-items,total-non-cash-items,change-in-accounts-receivable,change-in-inventories,change-in-accounts-payable,change-in-assets-liabilities,total-change-in-assets-liabilities,cash-flow-from-operating-activities,net-change-in-property-plant-equipment,net-change-in-intangible-assets,net-acquisitions-divestitures,net-change-in-short-term-investments,net-change-in-long-term-investments,net-change-in-investments-total,investing-activities-other,cash-flow-from-investing-activities,net-long-term-debt,net-current-debt,debt-issuance-retirement-net-total,net-common-equity-issued-repurchased,net-total-equity-issued-repurchased,total-common-preferred-stock-dividends-paid,financial-activities-other,cash-flow-from-financial-activities,net-cash-flow,stock-based-compensation,common-stock-dividends-paid
0,2018-09-30,353.31,$68.29,5.17,$63.54,5.56,$52.31,6.75,$15.47,22.84,$8.72B,$3.18B,2.75,$5.93B,$13.76B,0.43,$13.23B,$11.40B,86.12%,$13.23B,$5.91B,44.67%,$13.23B,$5.91B,44.67%,$13.23B,$6.81B,51.44%,$13.23B,$5.89B,44.48%,$13.23B,$3.19B,24.08%,$3.19B,$13.76B,24.21%,$3.19B,$4.94B,71.68%,$3.19B,$25.49B,12.85%,$5.91B,$19.69B,30.96%,$3439,$461,$2978,$508,$498,$1741,$1698,$115,$1813,$370,$1443,$1443,$1444,$2044,$1698,$201,202,$7.17,$7.15,$4428,$917,$1357,$8719,$3539,$2254,$8819,$0,$16773,$25492,$3175,$5931,$1512,$8558,$11732,$0,$16944,$-248,$13760,$25492,$3529,$687,$27,$714,$-254,$-32,$0,$235,$49,$4292,$-545,$-3,$-1775,$0,$1901,$1901,$1,$-421,$-3,$0,$-3,$-3007,$-3007,$0,$-25,$-3035,$813,$119,$0
1,2018-06-30,290.24,$60.83,4.77,$61.04,4.75,$45.06,6.44,$14.11,20.57,$7.43B,$3.15B,2.36,$5.93B,$12.25B,0.48,$12.87B,$11.13B,86.44%,$12.87B,$5.87B,45.58%,$12.87B,$5.87B,45.58%,$12.87B,$6.59B,51.22%,$12.87B,$5.68B,44.15%,$12.87B,$2.97B,23.06%,$2.97B,$12.25B,22.95%,$2.97B,$3.42B,67.69%,$2.97B,$23.95B,12.27%,$5.87B,$18.18B,31.10%,$3357,$421,$2936,$981,$516,$2143,$1213,$-35,$1179,$264,$915,$915,$867,$1385,$1213,$207,207,$4.18,$4.18,$3224,$932,$1325,$7432,$3409,$2062,$8832,$0,$16521,$23953,$3152,$5928,$1458,$8547,$11699,$0,$15500,$-262,$12254,$23953,$2086,$340,$152,$492,$-187,$-40,$0,$192,$-22,$2556,$-382,$-3,$-1364,$0,$2028,$2028,$-82,$198,$-3,$0,$-3,$-3014,$-3014,$0,$-43,$-3060,$-324,$82,$0
2,2018-03-31,273.82,$66.53,4.12,$59.35,4.61,$39.27,6.97,$14.00,19.56,$10.20B,$3.15B,3.23,$5.93B,$14.04B,0.42,$12.59B,$10.90B,86.57%,$12.59B,$5.86B,46.49%,$12.59B,$5.86B,46.49%,$12.59B,$6.59B,52.35%,$12.59B,$5.64B,44.75%,$12.59B,$2.97B,23.54%,$2.97B,$14.04B,23.23%,$2.97B,$5.34B,66.72%,$2.97B,$26.09B,12.54%,$5.86B,$19.97B,31.30%,$3131,$446,$2685,$497,$501,$1596,$1535,$-41,$1494,$323,$1171,$1171,$1173,$1704,$1535,$211,212,$5.55,$5.54,$5916,$891,$1449,$10195,$3335,$1580,$8702,$0,$15895,$26090,$3152,$5929,$1640,$8901,$12053,$0,$17335,$-304,$14038,$26090,$1171,$169,$133,$302,$-134,$3,$0,$238,$-16,$1457,$-195,$0,$-610,$0,$2150,$2150,$2,$1347,$0,$0,$0,$-271,$-271,$0,$3,$-269,$2534,$43,$0
3,2017-12-31,318.57,$59.57,5.35,$57.58,5.53,$33.42,9.53,$11.92,26.73,$7.87B,$3.37B,2.34,$5.94B,$12.60B,0.47,$12.27B,$10.64B,86.72%,$12.27B,$5.35B,43.55%,$12.27B,$5.35B,43.55%,$12.27B,$6.43B,52.35%,$12.27B,$5.13B,41.79%,$12.27B,$2.54B,20.69%,$2.54B,$12.60B,20.95%,$2.54B,$4.09B,62.75%,$2.54B,$23.65B,11.33%,$5.35B,$18.53B,29.58%,$3307,$509,$2798,$588,$574,$1842,$1465,$-65,$1400,$1566,$-166,$-166,$-297,$1674,$1465,$213,213,$-1.40,$-1.40,$3689,$903,$1495,$7873,$3182,$3489,$8512,$0,$15779,$23653,$3368,$5935,$1629,$7686,$11055,$0,$15810,$-318,$12598,$23653,$2670,$1081,$565,$1646,$-436,$-95,$0,$993,$235,$4551,$-867,$-975,$-1200,$0,$211,$211,$-131,$-2963,$-561,$0,$-561,$-1371,$-1371,$0,$-448,$-2380,$-753,$128,$0
4,2017-09-30,313.12,$60.76,5.15,$55.18,5.67,$34.28,9.14,$16.31,19.2,$7.57B,$3.45B,2.2,$5.94B,$12.85B,0.46,$11.84B,$10.34B,87.34%,$11.84B,$4.77B,40.26%,$11.84B,$4.77B,40.26%,$11.84B,$5.82B,49.13%,$11.84B,$4.57B,38.58%,$11.84B,$3.49B,29.45%,$3.49B,$12.85B,29.04%,$3.49B,$4.70B,83.21%,$3.49B,$23.07B,15.68%,$4.77B,$18.79B,26.34%,$3078,$370,$2708,$446,$433,$1424,$1654,$-44,$1610,$384,$1226,$1226,$1226,$1831,$1654,$211,212,$5.80,$5.79,$3508,$1007,$1485,$7568,$2996,$4362,$8147,$0,$15505,$23073,$3448,$5938,$717,$6776,$10224,$0,$16108,$-329,$12849,$23073,$2836,$872,$305,$1177,$-226,$-170,$0,$-80,$-980,$3033,$-637,$-910,$-1020,$0,$379,$379,$-5,$-2194,$-3,$0,$-3,$-1376,$-1376,$0,$-293,$-1672,$-778,$97,$0
5,2017-06-30,271.36,$54.74,4.96,$54.12,5.01,$34.68,7.82,$15.23,17.82,$7.11B,$3.38B,2.1,$5.95B,$11.57B,0.51,$11.72B,$10.17B,86.81%,$11.72B,$4.54B,38.72%,$11.72B,$4.54B,38.72%,$11.72B,$5.59B,47.72%,$11.72B,$4.32B,36.90%,$11.72B,$3.29B,28.10%,$3.29B,$11.57B,27.86%,$3.29B,$3.65B,78.03%,$3.29B,$21.76B,14.98%,$4.54B,$17.53B,25.12%,$3078,$366,$2712,$796,$430,$1877,$1201,$-69,$1132,$270,$863,$863,$863,$1384,$1201,$212,212,$4.07,$4.07,$2893,$937,$1649,$7109,$2828,$3901,$7922,$0,$14650,$21759,$3380,$5954,$751,$6806,$10185,$0,$14882,$-339,$11574,$21759,$1610,$695,$240,$935,$-301,$-85,$0,$-302,$-1141,$1404,$-408,$-860,$-600,$0,$1049,$1049,$-127,$-947,$0,$0,$0,$-1383,$-1383,$0,$-269,$-1652,$-1157,$67,$0
6,2017-03-31,273.42,$54.06,5.06,$52.81,5.18,$37.96,7.2,$15.95,17.14,$6.86B,$2.99B,2.29,$5.95B,$11.47B,0.52,$11.53B,$9.98B,86.56%,$11.53B,$4.80B,41.59%,$11.53B,$4.80B,41.59%,$11.53B,$5.84B,50.66%,$11.53B,$4.59B,39.83%,$11.53B,$3.48B,30.17%,$3.48B,$11.47B,29.54%,$3.48B,$3.75B,79.56%,$3.48B,$21.20B,15.87%,$4.80B,$17.42B,26.41%,$2811,$385,$2426,$423,$499,$1786,$1025,$-38,$987,$239,$748,$748,$748,$1537,$1025,$216,216,$3.47,$3.46,$2880,$922,$1556,$6860,$2611,$4010,$7716,$0,$14336,$21196,$2993,$5953,$689,$6736,$9729,$0,$14781,$-325,$11467,$21196,$748,$512,$131,$643,$-196,$-46,$0,$-229,$-1156,$235,$-210,$-855,$-300,$0,$628,$628,$-7,$-744,$0,$0,$0,$-609,$-609,$0,$-292,$-901,$-1403,$37,$0
7,2016-12-31,261.39,$56.18,4.65,$52.22,5.01,$41.90,6.24,$16.92,15.45,$8.73B,$3.42B,2.55,$6.51B,$12.13B,0.54,$11.45B,$9.97B,87.09%,$11.45B,$5.15B,44.98%,$11.45B,$5.15B,44.98%,$11.45B,$5.83B,50.96%,$11.45B,$4.93B,43.09%,$11.45B,$3.70B,32.34%,$3.70B,$12.13B,32.22%,$3.70B,$4.65B,86.40%,$3.70B,$22.88B,16.99%,$5.15B,$18.64B,28.57%,$2872,$379,$2494,$534,$496,$1986,$886,$-48,$838,$190,$648,$648,$649,$1064,$886,$218,219,$3.01,$3.00,$4895,$1002,$1394,$8732,$2502,$4165,$7478,$0,$14145,$22877,$3420,$6513,$723,$7328,$10748,$0,$15072,$-320,$12129,$22877,$3696,$683,$84,$766,$-241,$-166,$0,$-90,$125,$4587,$-616,$-112,$-1200,$0,$-534,$-534,$-23,$-2485,$-3,$0,$-3,$-1009,$-1009,$0,$-41,$-1053,$1019,$155,$0
8,2016-09-30,288.53,$55.68,5.18,$51.38,5.62,$37.92,7.61,$17.70,16.3,$8.09B,$2.50B,3.24,$6.53B,$12.12B,0.54,$11.42B,$9.98B,87.46%,$11.42B,$5.43B,47.58%,$11.42B,$5.43B,47.58%,$11.42B,$6.09B,53.38%,$11.42B,$5.18B,45.38%,$11.42B,$3.89B,34.04%,$3.89B,$12.12B,35.96%,$3.89B,$4.83B,102.82%,$3.89B,$22.11B,18.55%,$5.43B,$18.64B,31.33%,$2956,$417,$2539,$529,$463,$1531,$1425,$-58,$1367,$337,$1030,$1030,$1033,$1606,$1425,$219,219,$4.72,$4.71,$4316,$1010,$1298,$8092,$2387,$4337,$7290,$0,$14013,$22105,$2500,$6530,$862,$7490,$9990,$0,$15030,$-301,$12115,$22105,$3048,$505,$106,$612,$-238,$-155,$0,$-85,$-654,$3005,$-434,$-110,$-900,$0,$-446,$-446,$-13,$-1903,$-3,$0,$-3,$-361,$-361,$0,$38,$-326,$777,$118,$0
9,2016-06-30,222.89,$52.04,4.28,$49.85,4.47,$35.74,6.24,$17.14,13.0,$7.45B,$2.52B,2.96,$6.54B,$11.40B,0.57,$11.24B,$9.91B,88.21%,$11.24B,$5.38B,47.86%,$11.24B,$5.38B,47.86%,$11.24B,$6.01B,53.50%,$11.24B,$5.17B,46.00%,$11.24B,$3.82B,33.98%,$3.82B,$11.40B,36.66%,$3.82B,$4.27B,107.05%,$3.82B,$21.52B,18.53%,$5.38B,$17.94B,31.74%,$2894,$370,$2524,$473,$492,$1434,$1461,$-59,$1402,$354,$1048,$1048,$1050,$1636,$1461,$219,219,$4.79,$4.79,$3797,$996,$1362,$7448,$2302,$4631,$7135,$0,$14067,$21515,$2516,$6538,$951,$7595,$10111,$0,$14229,$-283,$11404,$21515,$2018,$325,$83,$408,$-65,$-128,$0,$-102,$-412,$2014,$-264,$0,$-600,$0,$-1010,$-1010,$-66,$-1939,$0,$0,$0,$-22,$-22,$0,$1,$-21,$54,$84,$0
10,2016-03-31,239.95,$47.15,5.09,$47.65,5.04,$34.35,6.99,$16.28,14.74,$7.20B,$2.78B,2.59,$6.54B,$10.33B,0.63,$10.94B,$9.70B,88.65%,$10.94B,$5.15B,47.10%,$10.94B,$5.15B,47.10%,$10.94B,$5.75B,52.62%,$10.94B,$4.99B,45.63%,$10.94B,$3.70B,33.80%,$3.70B,$10.33B,34.51%,$3.70B,$3.40B,91.68%,$3.70B,$20.68B,19.04%,$5.15B,$16.86B,32.70%,$2727,$313,$2414,$437,$497,$1348,$1378,$-53,$1326,$356,$969,$969,$971,$1528,$1378,$219,219,$4.44,$4.43,$3585,$965,$1256,$7201,$2259,$4284,$6930,$0,$13473,$20675,$2777,$6536,$917,$7570,$10347,$0,$13179,$-259,$10328,$20675,$969,$150,$42,$192,$-160,$-89,$0,$240,$-145,$1016,$-127,$-29,$-300,$0,$-733,$-733,$-14,$-1203,$0,$0,$0,$0,$0,$0,$-5,$-5,$-177,$45,$0
11,2015-12-31,282.37,$42.89,6.58,$46.06,6.13,$32.99,8.56,$15.34,18.41,$6.70B,$2.58B,2.6,$6.52B,$9.38B,0.7,$10.76B,$9.52B,88.48%,$10.76B,$4.89B,45.44%,$10.76B,$4.89B,45.44%,$10.76B,$5.49B,51.02%,$10.76B,$4.77B,44.29%,$10.76B,$3.55B,32.96%,$3.55B,$9.38B,32.12%,$3.55B,$2.63B,78.01%,$3.55B,$19.51B,19.65%,$4.89B,$15.90B,33.51%,$2839,$332,$2507,$542,$583,$1671,$1168,$-82,$1086,$257,$829,$829,$832,$1324,$1168,$231,231,$3.78,$3.77,$3429,$893,$1151,$6700,$2188,$3868,$6749,$0,$12805,$19505,$2578,$6522,$906,$7552,$10130,$0,$12208,$-224,$9375,$19505,$3593,$600,$176,$777,$29,$-174,$0,$-504,$-450,$3919,$-643,$-15,$-1049,$0,$-2802,$-2802,$-45,$-4554,$5928,$0,$5928,$-5071,$-5071,$0,$-74,$783,$103,$161,$0
12,2015-09-30,268.35,$47.41,5.66,$44.92,5.97,$30.01,8.94,$15.31,17.53,$9.27B,$2.63B,3.52,$6.53B,$10.57B,0.62,$10.57B,$9.36B,88.59%,$10.57B,$4.88B,46.21%,$10.57B,$4.88B,46.21%,$10.57B,$5.49B,51.91%,$10.57B,$4.83B,45.73%,$10.57B,$3.60B,34.06%,$3.60B,$10.57B,31.55%,$3.60B,$3.98B,69.91%,$3.60B,$20.73B,21.48%,$4.88B,$17.10B,36.24%,$2778,$310,$2468,$520,$478,$1406,$1372,$-15,$1356,$330,$1026,$1020,$966,$1524,$1372,$232,233,$4.16,$4.15,$5843,$919,$1182,$9271,$2028,$2840,$6590,$0,$11458,$20728,$2634,$6529,$861,$7527,$10161,$0,$11999,$-157,$10567,$20728,$2765,$444,$-23,$421,$-64,$-150,$0,$-122,$-510,$2676,$-457,$-6,$-749,$0,$-1507,$-1507,$-27,$-2746,$5929,$0,$5929,$-2953,$-2953,$0,$9,$2985,$2884,$132,$0
13,2015-06-30,372.33,$53.46,6.96,$43.57,8.55,$28.19,13.21,$14.78,25.19,$5.62B,$2.56B,2.2,$0.58B,$12.57B,0.05,$10.30B,$9.10B,88.37%,$10.30B,$4.66B,45.29%,$10.30B,$4.66B,45.29%,$10.30B,$5.29B,51.35%,$10.30B,$4.61B,44.78%,$10.30B,$3.49B,33.89%,$3.49B,$12.57B,30.69%,$3.49B,$6.12B,65.31%,$3.49B,$16.76B,23.27%,$4.66B,$13.15B,39.02%,$2592,$286,$2306,$491,$492,$1359,$1233,$-11,$1222,$293,$930,$925,$927,$1378,$1233,$235,236,$3.94,$3.93,$2369,$866,$1074,$5619,$1838,$2853,$6449,$0,$11140,$16759,$2556,$576,$916,$1630,$4186,$0,$11034,$-101,$12573,$16759,$1745,$293,$-3,$290,$-39,$-81,$0,$36,$-255,$1780,$-228,$0,$-449,$0,$-1070,$-1070,$-10,$-1756,$0,$0,$0,$-8,$-8,$0,$85,$77,$77,$94,$0
14,2015-03-31,389.19,$49.61,7.85,$42.78,9.1,$25.72,15.13,$13.86,28.08,$5.26B,$1.95B,2.7,$0.58B,$11.67B,0.05,$10.13B,$8.93B,88.12%,$10.13B,$4.42B,43.64%,$10.13B,$4.42B,43.64%,$10.13B,$5.06B,50.00%,$10.13B,$4.38B,43.29%,$10.13B,$3.28B,32.37%,$3.28B,$11.67B,30.87%,$3.28B,$5.47B,68.28%,$3.28B,$15.22B,23.35%,$4.42B,$12.25B,39.46%,$2555,$312,$2243,$461,$560,$1437,$1118,$-15,$1103,$282,$821,$820,$823,$1266,$1118,$235,236,$3.50,$3.49,$2152,$825,$892,$5259,$1740,$2018,$6203,$0,$9961,$15219,$1946,$581,$893,$1604,$3550,$0,$10106,$-71,$11669,$15219,$820,$148,$36,$184,$-128,$-22,$0,$84,$-271,$733,$-98,$0,$-449,$0,$51,$51,$-7,$-503,$0,$0,$0,$26,$26,$0,$55,$81,$273,$52,$0
15,2014-12-31,312.88,$46.10,6.79,$40.88,7.65,$23.23,13.47,$12.39,25.25,$4.54B,$2.22B,2.05,$0.58B,$10.81B,0.05,$9.70B,$8.53B,87.94%,$9.70B,$3.97B,40.95%,$9.70B,$3.97B,40.95%,$9.70B,$4.66B,48.03%,$9.70B,$3.95B,40.68%,$9.70B,$2.94B,30.25%,$2.94B,$10.81B,29.39%,$2.94B,$5.03B,67.94%,$2.94B,$14.32B,22.08%,$3.97B,$11.39B,37.58%,$2641,$297,$2343,$500,$574,$1481,$1160,$-9,$1151,$268,$883,$883,$883,$1317,$1160,$236,237,$3.74,$3.72,$1845,$804,$593,$4535,$1766,$2225,$5789,$0,$9780,$14315,$2218,$580,$650,$1283,$3501,$0,$9284,$-60,$10814,$14315,$2942,$688,$-203,$485,$-512,$-186,$0,$-30,$-484,$2942,$-288,$-28,$-375,$0,$-864,$-864,$12,$-1543,$-3,$0,$-3,$-832,$-832,$0,$79,$-756,$602,$155,$0
16,2014-09-30,304.92,$44.17,6.9,$38.00,8.02,$20.85,14.62,$10.57,28.85,$4.37B,$1.94B,2.25,$0.58B,$10.43B,0.06,$9.03B,$7.90B,87.47%,$9.03B,$3.47B,38.45%,$9.03B,$3.47B,38.45%,$9.03B,$4.16B,46.07%,$9.03B,$3.45B,38.20%,$9.03B,$2.51B,27.79%,$2.51B,$10.43B,26.58%,$2.51B,$4.76B,66.17%,$2.51B,$13.70B,19.79%,$3.47B,$11.02B,34.61%,$2511,$303,$2209,$417,$570,$1359,$1153,$-16,$1136,$275,$862,$856,$857,$1328,$1153,$236,237,$3.63,$3.62,$1861,$753,$666,$4372,$1724,$1937,$5671,$0,$9332,$13704,$1941,$584,$658,$1333,$3273,$0,$8400,$-38,$10431,$13704,$2059,$531,$-205,$325,$-297,$-120,$0,$23,$-375,$2009,$-181,$0,$-175,$0,$-796,$-796,$-13,$-1165,$-3,$0,$-3,$-315,$-315,$0,$75,$-243,$584,$120,$0
17,2014-06-30,290.63,$40.51,7.18,$35.07,8.29,$18.62,15.61,$9.00,32.29,$3.93B,$1.92B,2.05,$0.59B,$9.57B,0.06,$8.35B,$7.28B,87.25%,$8.35B,$3.00B,35.99%,$8.35B,$3.00B,35.99%,$8.35B,$3.66B,43.89%,$8.35B,$2.99B,35.87%,$8.35B,$2.14B,25.64%,$2.14B,$9.57B,24.14%,$2.14B,$3.95B,67.17%,$2.14B,$12.92B,17.74%,$3.00B,$10.15B,31.68%,$2421,$292,$2130,$447,$577,$1433,$989,$5,$994,$269,$725,$723,$715,$1153,$989,$237,237,$3.02,$3.01,$1573,$716,$634,$3925,$1756,$1623,$5614,$0,$8993,$12918,$1917,$586,$711,$1436,$3353,$0,$7544,$-27,$9565,$12918,$1203,$355,$-127,$228,$-189,$-73,$0,$-44,$-336,$1095,$-118,$0,$-25,$0,$-470,$-470,$-11,$-624,$0,$0,$0,$-303,$-303,$0,$96,$-207,$261,$84,$0
18,2014-03-31,281.93,$38.54,7.32,$32.09,8.79,$17.51,16.1,$8.05,35.02,$3.53B,$1.59B,2.21,$0.59B,$9.14B,0.07,$7.65B,$6.64B,86.88%,$7.65B,$2.68B,35.01%,$7.65B,$2.68B,35.01%,$7.65B,$3.30B,43.17%,$7.65B,$2.65B,34.67%,$7.65B,$1.92B,25.06%,$1.92B,$9.14B,22.68%,$1.92B,$3.54B,70.93%,$1.92B,$12.23B,16.59%,$2.68B,$9.73B,29.42%,$2130,$279,$1851,$529,$512,$1458,$671,$-6,$666,$178,$487,$480,$480,$862,$671,$237,238,$2.03,$2.02,$1260,$673,$574,$3525,$1744,$1364,$5597,$0,$8705,$12230,$1594,$591,$703,$1495,$3089,$0,$6829,$-22,$9141,$12230,$480,$191,$-105,$86,$-198,$-17,$0,$-75,$-461,$105,$-54,$0,$-25,$0,$91,$91,$-6,$6,$22,$0,$22,$0,$0,$0,$93,$115,$226,$46,$0
19,2013-12-31,257.69,$36.48,7.06,$29.08,8.86,$17.91,14.39,$7.82,32.95,$3.19B,$1.76B,1.81,$0.59B,$8.62B,0.07,$6.93B,$6.07B,87.62%,$6.93B,$2.52B,36.31%,$6.93B,$2.52B,36.31%,$6.93B,$3.05B,43.96%,$6.93B,$2.48B,35.79%,$6.93B,$1.86B,26.88%,$1.86B,$8.62B,23.30%,$1.86B,$2.91B,63.11%,$1.86B,$11.86B,16.89%,$2.52B,$9.21B,29.00%,$1966,$259,$1707,$422,$523,$1308,$658,$-5,$653,$190,$462,$457,$457,$816,$658,$237,238,$1.93,$1.91,$1223,$659,$479,$3185,$1751,$1220,$5708,$0,$8678,$11863,$1758,$592,$659,$1484,$3242,$0,$6349,$-28,$8621,$11863,$1862,$532,$-136,$395,$-127,$-244,$0,$174,$88,$2345,$-246,$-3263,$-15,$0,$1912,$1912,$7,$-1605,$-452,$0,$-452,$-334,$-334,$0,$69,$-717,$32,$136,$0
20,2013-09-30,221.92,$34.40,6.45,$26.74,8.3,$15.88,13.97,$7.13,31.12,$2.64B,$1.52B,1.74,$0.70B,$8.13B,0.09,$6.38B,$5.65B,88.52%,$6.38B,$2.31B,36.11%,$6.38B,$2.31B,36.11%,$6.38B,$2.77B,43.44%,$6.38B,$2.26B,35.39%,$6.38B,$1.70B,26.60%,$1.70B,$8.13B,22.39%,$1.70B,$2.34B,52.14%,$1.70B,$11.25B,16.02%,$2.31B,$8.82B,27.81%,$1828,$235,$1593,$410,$406,$1143,$685,$-5,$680,$186,$494,$488,$488,$832,$685,$237,238,$2.06,$2.05,$669,$614,$469,$2644,$1806,$1010,$5791,$0,$8607,$11250,$1519,$695,$608,$1606,$3125,$0,$-29,$5892,$8126,$11250,$1405,$373,$-98,$275,$-220,$-183,$0,$87,$-204,$1476,$-168,$-3263,$0,$0,$2552,$2552,$-16,$-895,$-452,$0,$-452,$-344,$-344,$0,$69,$-728,$-143,$105,$0
21,2013-06-30,198.36,$33.25,5.97,$24.89,7.97,$15.38,12.9,$6.75,29.39,$2.52B,$1.30B,1.94,$0.73B,$7.90B,0.09,$5.94B,$5.30B,89.26%,$5.94B,$2.16B,36.27%,$5.94B,$2.16B,36.27%,$5.94B,$2.57B,43.25%,$5.94B,$2.11B,35.51%,$5.94B,$1.61B,27.06%,$1.61B,$7.90B,22.28%,$1.61B,$2.01B,44.46%,$1.61B,$10.84B,15.78%,$2.16B,$8.63B,27.23%,$1723,$231,$1493,$327,$431,$1061,$663,$-10,$652,$159,$493,$491,$491,$791,$663,$237,239,$2.07,$2.06,$668,$570,$424,$2523,$1788,$641,$5890,$0,$8318,$10842,$1304,$726,$596,$1635,$2939,$0,$5404,$-55,$7902,$10842,$917,$226,$-93,$133,$-186,$-129,$0,$85,$-246,$804,$-87,$-3263,$0,$0,$2787,$2787,$-7,$-570,$-452,$0,$-452,$-2,$-2,$0,$45,$-409,$-178,$67,$0
22,2013-03-31,177.54,$30.92,5.74,$23.58,7.53,$15.29,11.61,$6.30,28.18,$5.33B,$1.28B,4.16,$0.71B,$7.34B,0.1,$5.64B,$5.09B,90.30%,$5.64B,$2.00B,35.43%,$5.64B,$2.00B,35.43%,$5.64B,$2.38B,42.11%,$5.64B,$1.97B,34.88%,$5.64B,$1.50B,26.67%,$1.50B,$7.34B,22.09%,$1.50B,$4.55B,38.09%,$1.50B,$10.17B,15.39%,$2.00B,$8.05B,26.70%,$1415,$134,$1281,$284,$353,$905,$511,$-14,$496,$66,$431,$427,$427,$608,$511,$237,238,$1.80,$1.79,$663,$507,$3405,$5329,$1737,$307,$2792,$0,$4836,$10165,$1282,$712,$675,$1543,$2825,$0,$4914,$-68,$7340,$10165,$427,$97,$-63,$34,$-76,$-61,$0,$35,$-282,$179,$-33,$0,$0,$0,$3169,$3169,$-2980,$156,$-250,$0,$-250,$-19,$-19,$0,$31,$-238,$93,$37,$0
23,2012-12-31,134.91,$29.44,4.58,$22.98,5.87,$18.67,7.23,$5.76,23.42,$3.24B,$1.66B,1.96,$0.69B,$6.96B,0.1,$5.52B,$4.97B,90.10%,$5.52B,$1.86B,33.64%,$5.52B,$1.86B,33.64%,$5.52B,$2.22B,40.24%,$5.52B,$1.86B,33.64%,$5.52B,$1.38B,25.01%,$1.38B,$6.96B,21.06%,$1.38B,$4.13B,37.87%,$1.38B,$10.13B,14.51%,$1.86B,$7.65B,25.76%,$1418,$134,$1284,$345,$376,$972,$446,$-14,$431,$136,$295,$292,$292,$542,$446,$238,240,$1.24,$1.23,$1706,$447,$404,$3244,$1742,$2311,$2833,$0,$6886,$10130,$1657,$687,$604,$1509,$3166,$0,$4487,$-55,$6964,$10130,$1380,$366,$30,$396,$4,$-140,$0,$-33,$104,$1880,$-255,$0,$-72,$0,$-585,$-585,$-39,$-950,$-2,$0,$-2,$-917,$-917,$0,$42,$-877,$56,$119,$0
24,2012-09-30,137.53,$28.16,4.88,$22.48,6.12,$18.09,7.6,$5.75,23.92,$3.06B,$1.52B,2.01,$0.66B,$6.66B,0.1,$5.43B,$4.87B,89.83%,$5.43B,$1.82B,33.52%,$5.43B,$1.82B,33.52%,$5.43B,$2.18B,40.10%,$5.43B,$1.83B,33.73%,$5.43B,$1.39B,25.58%,$1.39B,$6.66B,21.63%,$1.39B,$3.78B,39.32%,$1.39B,$9.63B,15.02%,$1.82B,$7.32B,25.39%,$1386,$139,$1246,$304,$300,$850,$535,$-5,$531,$131,$400,$398,$398,$629,$535,$236,238,$1.68,$1.67,$1606,$393,$395,$3055,$1677,$2013,$2886,$0,$6575,$9631,$1521,$658,$540,$1448,$2969,$0,$4195,$-51,$6662,$9631,$1088,$269,$2,$270,$18,$-82,$0,$78,$14,$1372,$-186,$0,$-72,$0,$-279,$-279,$-38,$-575,$0,$0,$0,$-905,$-905,$0,$43,$-862,$-63,$88,$0
25,2012-06-30,133.08,$26.53,5.02,$22.00,6.05,$17.66,7.54,$5.51,24.15,$2.87B,$1.43B,2.0,$0.64B,$6.27B,0.1,$5.35B,$4.81B,89.98%,$5.35B,$1.77B,33.12%,$5.35B,$1.77B,33.12%,$5.35B,$2.12B,39.68%,$5.35B,$1.78B,33.27%,$5.35B,$1.34B,25.08%,$1.34B,$6.27B,21.27%,$1.34B,$3.34B,38.98%,$1.34B,$9.16B,14.86%,$1.77B,$6.91B,24.76%,$1421,$139,$1282,$330,$302,$915,$506,$3,$509,$121,$388,$387,$387,$596,$506,$239,241,$1.62,$1.61,$1406,$363,$416,$2869,$1623,$1740,$2931,$0,$6293,$9162,$1433,$642,$534,$1459,$2892,$0,$3796,$-51,$6271,$9162,$690,$175,$-4,$170,$-11,$-44,$0,$26,$-29,$830,$-127,$0,$-72,$0,$170,$170,$-23,$-52,$0,$0,$0,$-867,$-867,$0,$33,$-834,$-58,$60,$0
26,2012-03-31,116.14,$26.33,4.41,$21.03,5.52,$17.18,6.76,$5.08,22.86,$2.68B,$1.34B,2.0,$0.63B,$6.31B,0.1,$5.14B,$4.64B,90.31%,$5.14B,$1.68B,32.64%,$5.14B,$1.68B,32.64%,$5.14B,$2.03B,39.47%,$5.14B,$1.67B,32.50%,$5.14B,$1.24B,24.19%,$1.24B,$6.31B,19.87%,$1.24B,$3.33B,36.39%,$1.24B,$9.11B,13.97%,$1.68B,$6.94B,23.26%,$1292,$133,$1159,$356,$300,$923,$369,$15,$385,$82,$302,$302,$303,$453,$369,$240,242,$1.26,$1.25,$1277,$338,$379,$2678,$1617,$1841,$2977,$0,$6436,$9114,$1337,$626,$517,$1468,$2805,$0,$3409,$-18,$6309,$9114,$302,$84,$-1,$83,$-89,$-19,$0,$-1,$-191,$195,$770,$0,$-72,$0,$-677,$-677,$-20,$1,$0,$0,$0,$-439,$-439,$0,$23,$-416,$-216,$32,$0
27,2011-12-31,101.44,$26.55,3.82,$20.61,4.92,$14.09,7.2,$5.03,20.17,$2.98B,$0.91B,3.26,$1.06B,$6.43B,0.17,$5.05B,$4.58B,90.73%,$5.05B,$1.72B,34.15%,$5.05B,$1.72B,34.15%,$5.05B,$2.08B,41.28%,$5.05B,$1.71B,33.89%,$5.05B,$1.23B,24.44%,$1.23B,$6.43B,20.24%,$1.23B,$3.67B,37.60%,$1.23B,$9.05B,14.20%,$1.72B,$7.49B,24.08%,$1327,$140,$1187,$339,$284,$918,$409,$-4,$405,$105,$300,$300,$300,$498,$409,$242,245,$1.23,$1.23,$1691,$327,$373,$2975,$1571,$1748,$2755,$0,$6074,$9050,$913,$1061,$400,$1710,$2623,$0,$3107,$-27,$6427,$9050,$1267,$359,$287,$646,$-73,$-59,$0,$-86,$-185,$1728,$-208,$0,$-5,$0,$-1420,$-1420,$-17,$-1650,$-11,$0,$-11,$-183,$-183,$0,$-125,$-320,$-245,$113,$0
28,2011-09-30,85.86,$25.66,3.35,$19.98,4.3,$13.59,6.32,$4.80,17.89,$2.84B,$0.89B,3.21,$1.06B,$6.23B,0.17,$4.94B,$4.51B,91.34%,$4.94B,$1.67B,33.80%,$4.94B,$1.67B,33.80%,$4.94B,$2.04B,41.23%,$4.94B,$1.66B,33.54%,$4.94B,$1.17B,23.76%,$1.17B,$6.23B,20.06%,$1.17B,$3.43B,39.18%,$1.17B,$8.80B,13.89%,$1.67B,$7.29B,24.14%,$1310,$124,$1186,$301,$261,$821,$488,$-8,$481,$127,$354,$354,$352,$576,$488,$243,245,$1.45,$1.43,$1520,$311,$426,$2837,$1572,$1587,$2805,$0,$5965,$8802,$885,$1061,$384,$1683,$2569,$0,$2807,$8,$6234,$8802,$966,$270,$187,$457,$-17,$-36,$0,$-60,$-170,$1254,$-138,$0,$0,$0,$-1115,$-1115,$-8,$-1261,$0,$0,$0,$-87,$-87,$0,$-90,$-177,$-184,$87,$0
29,2011-06-30,98.55,$24.97,3.95,$19.49,5.06,$13.45,7.33,$4.42,22.3,$2.69B,$0.95B,2.82,$1.06B,$6.06B,0.18,$4.81B,$4.41B,91.68%,$4.81B,$1.38B,28.62%,$4.81B,$1.38B,28.62%,$4.81B,$1.75B,36.30%,$4.81B,$1.36B,28.35%,$4.81B,$1.08B,22.38%,$1.08B,$6.06B,19.34%,$1.08B,$3.23B,39.95%,$1.08B,$8.62B,13.28%,$1.38B,$7.12B,20.76%,$1209,$101,$1108,$286,$266,$798,$411,$-12,$399,$95,$304,$304,$288,$501,$411,$242,245,$1.19,$1.18,$1327,$308,$387,$2689,$1713,$1395,$2825,$0,$5933,$8622,$954,$1063,$352,$1611,$2566,$0,$2455,$26,$6056,$8622,$613,$183,$79,$262,$-55,$0,$0,$-69,$-192,$683,$-86,$0,$0,$0,$-609,$-609,$21,$-674,$0,$0,$0,$-101,$-101,$0,$23,$-78,$-62,$57,$0
30,2011-03-31,67.72,$23.48,2.88,$19.19,3.53,$13.61,4.97,$4.36,15.53,$2.63B,$0.98B,2.69,$1.07B,$5.67B,0.19,$4.81B,$4.41B,91.56%,$4.81B,$1.36B,28.29%,$4.81B,$1.36B,28.29%,$4.81B,$1.73B,35.90%,$4.81B,$1.36B,28.29%,$4.81B,$1.08B,22.47%,$1.08B,$5.67B,20.20%,$1.08B,$2.80B,43.92%,$1.08B,$8.29B,13.82%,$1.36B,$6.74B,21.20%,$1203,$103,$1100,$294,$245,$787,$416,$10,$426,$117,$309,$309,$294,$509,$416,$242,245,$1.22,$1.20,$1229,$295,$417,$2628,$1674,$1114,$2878,$0,$5665,$8294,$979,$1066,$356,$1640,$2619,$0,$2167,$-1,$5674,$8294,$309,$93,$85,$178,$-91,$0,$0,$7,$-233,$254,$-32,$0,$0,$0,$-121,$-121,$26,$-127,$0,$0,$0,$-104,$-104,$0,$4,$-100,$31,$33,$0
31,2010-12-31,61.8,$22.66,2.73,$18.34,3.37,$13.80,4.48,$3.96,15.61,$2.54B,$1.05B,2.42,$1.07B,$5.45B,0.2,$4.72B,$4.32B,91.52%,$4.72B,$1.25B,26.48%,$4.72B,$1.25B,26.48%,$4.72B,$1.60B,34.00%,$4.72B,$1.23B,26.08%,$4.72B,$1.00B,21.28%,$1.00B,$5.45B,18.52%,$1.00B,$2.53B,40.00%,$1.00B,$8.09B,12.87%,$1.25B,$6.52B,19.24%,$1219,$100,$1119,$291,$276,$864,$355,$-5,$351,$79,$272,$272,$240,$451,$355,$252,255,$0.99,$0.97,$1208,$289,$438,$2540,$1642,$991,$2919,$0,$5552,$8092,$1050,$1066,$326,$1593,$2643,$0,$1872,$-22,$5449,$8092,$899,$356,$367,$723,$-99,$-5,$0,$-24,$4,$1625,$-173,$0,$-157,$0,$676,$676,$0,$345,$-18,$0,$-18,$-1894,$-1894,$0,$127,$-1785,$178,$168,$0
32,2010-09-30,51.73,$21.28,2.43,$17.45,2.96,$11.25,4.6,$4.03,12.84,$2.13B,$0.82B,2.59,$1.07B,$5.07B,0.21,$4.63B,$4.23B,91.35%,$4.63B,$1.28B,27.61%,$4.63B,$1.28B,27.61%,$4.63B,$1.63B,35.24%,$4.63B,$1.27B,27.44%,$4.63B,$1.07B,23.14%,$1.07B,$5.07B,19.03%,$1.07B,$2.22B,39.77%,$1.07B,$7.39B,13.52%,$1.28B,$6.14B,19.07%,$1176,$96,$1080,$319,$244,$982,$194,$-7,$187,$75,$112,$112,$254,$284,$194,$240,242,$1.06,$1.05,$825,$269,$421,$2131,$1642,$767,$2854,$0,$5263,$7394,$824,$1069,$256,$1499,$2324,$0,$1647,$-9,$5070,$7394,$627,$260,$354,$615,$-73,$16,$0,$-9,$-48,$1194,$-124,$0,$-125,$0,$1113,$1113,$0,$864,$-16,$3,$-14,$-1997,$-1997,$0,$-0,$-2011,$45,$135,$0
33,2010-06-30,43.74,$21.54,2.03,$16.44,2.66,$9.19,4.76,$3.93,11.13,$2.26B,$0.76B,2.98,$1.07B,$5.21B,0.21,$4.57B,$4.17B,91.29%,$4.57B,$1.47B,32.10%,$4.57B,$1.47B,32.10%,$4.57B,$1.82B,39.74%,$4.57B,$1.48B,32.30%,$4.57B,$1.09B,23.94%,$1.09B,$5.21B,18.22%,$1.09B,$2.30B,36.23%,$1.09B,$7.50B,13.14%,$1.47B,$6.28B,20.71%,$1213,$107,$1106,$332,$262,$817,$396,$1,$397,$102,$295,$295,$293,$483,$396,$260,262,$1.13,$1.12,$970,$268,$469,$2255,$1572,$768,$2908,$0,$5247,$7502,$756,$1070,$258,$1535,$2291,$0,$1405,$-28,$5211,$7502,$515,$170,$118,$288,$-23,$21,$0,$-12,$-37,$765,$-85,$0,$-40,$0,$1059,$1059,$0,$934,$-14,$3,$-11,$-1546,$-1546,$0,$8,$-1550,$139,$95,$0
34,2010-03-31,52.9,$22.29,2.37,$15.58,3.4,$8.17,6.48,$3.30,16.03,$2.41B,$0.68B,3.53,$1.08B,$5.95B,0.18,$4.45B,$4.07B,91.44%,$4.45B,$1.29B,29.08%,$4.45B,$1.29B,29.08%,$4.45B,$1.68B,37.82%,$4.45B,$1.32B,29.60%,$4.45B,$0.94B,21.21%,$0.94B,$5.95B,15.07%,$0.94B,$2.99B,29.26%,$0.94B,$8.22B,10.92%,$1.29B,$7.03B,17.62%,$1109,$97,$1012,$307,$249,$805,$304,$-8,$295,$75,$220,$220,$217,$386,$304,$270,273,$0.80,$0.80,$1153,$280,$416,$2409,$1605,$1243,$2961,$0,$5808,$8217,$682,$1076,$259,$1584,$2267,$0,$1132,$23,$5951,$8217,$220,$83,$112,$195,$-20,$12,$0,$13,$-78,$337,$-38,$0,$-40,$0,$328,$328,$0,$250,$-2,$-2,$-4,$-525,$-525,$0,$5,$-523,$58,$51,$0
35,2009-12-31,49.31,$21.71,2.27,$15.09,3.27,$7.98,6.18,$3.34,14.76,$2.48B,$0.72B,3.47,$1.08B,$6.26B,0.17,$4.38B,$4.00B,91.27%,$4.38B,$1.30B,29.59%,$4.38B,$1.30B,29.59%,$4.38B,$1.72B,39.39%,$4.38B,$1.33B,30.48%,$4.38B,$0.97B,22.18%,$0.97B,$6.26B,15.46%,$0.97B,$3.25B,30.53%,$0.97B,$8.55B,11.12%,$1.30B,$7.34B,17.58%,$1127,$100,$1027,$283,$242,$744,$383,$6,$390,$84,$306,$306,$306,$477,$383,$287,289,$1.07,$1.07,$1264,$294,$372,$2481,$1637,$1424,$3010,$0,$6071,$8552,$715,$1080,$254,$1575,$2290,$0,$1069,$50,$6262,$8552,$977,$428,$21,$449,$-100,$-43,$0,$-159,$-351,$1075,$-166,$0,$0,$30,$-259,$-229,$0,$-395,$-11,$12,$1,$-703,$-703,$0,$-22,$-724,$-40,$161,$0
36,2009-09-30,46.57,$22.81,2.04,$14.82,3.14,$9.20,5.06,$2.98,15.63,$2.57B,$0.72B,3.57,$1.09B,$6.60B,0.17,$4.32B,$3.94B,91.13%,$4.32B,$1.24B,28.64%,$4.32B,$1.24B,28.64%,$4.32B,$1.69B,39.22%,$4.32B,$1.24B,28.62%,$4.32B,$0.87B,20.19%,$0.87B,$6.60B,14.12%,$0.87B,$3.53B,29.05%,$0.87B,$9.03B,10.01%,$1.24B,$7.68B,17.04%,$1121,$93,$1027,$304,$227,$736,$384,$9,$394,$114,$280,$280,$278,$470,$384,$289,291,$0.96,$0.95,$1408,$279,$335,$2572,$1635,$1754,$3066,$0,$6454,$9026,$721,$1086,$332,$1707,$2429,$0,$781,$37,$6598,$9026,$671,$335,$37,$372,$-96,$-25,$0,$-89,$-248,$796,$-110,$0,$0,$30,$-698,$-668,$0,$-778,$-11,$-22,$-33,$-24,$-24,$0,$0,$-57,$-37,$120,$0
37,2009-06-30,41.62,$21.62,1.92,$14.68,2.83,$9.94,4.19,$2.73,15.24,$2.74B,$0.80B,3.41,$1.09B,$6.25B,0.17,$4.29B,$3.89B,90.75%,$4.29B,$1.20B,27.94%,$4.29B,$1.20B,27.94%,$4.29B,$1.70B,39.55%,$4.29B,$1.16B,27.13%,$4.29B,$0.80B,18.67%,$0.80B,$6.25B,13.42%,$0.80B,$3.13B,29.52%,$0.80B,$8.78B,9.32%,$1.20B,$7.33B,17.03%,$1093,$91,$1003,$416,$221,$870,$223,$15,$238,$93,$145,$145,$143,$350,$223,$289,290,$0.49,$0.49,$1623,$269,$341,$2744,$1609,$1307,$3117,$0,$6033,$8777,$804,$1086,$331,$1728,$2531,$0,$517,$11,$6246,$8777,$391,$249,$32,$281,$-64,$-14,$0,$-88,$-143,$529,$-72,$0,$0,$30,$-261,$-231,$0,$-303,$-11,$-22,$-33,$-33,$-33,$0,$3,$-64,$164,$79,$0
38,2009-03-31,48.32,$20.86,2.32,$14.30,3.38,$10.02,4.82,$2.94,16.43,$2.48B,$0.81B,3.07,$1.08B,$6.02B,0.18,$4.19B,$3.79B,90.48%,$4.19B,$1.27B,30.37%,$4.19B,$1.27B,30.37%,$4.19B,$1.75B,41.73%,$4.19B,$1.22B,29.09%,$4.19B,$0.87B,20.64%,$0.87B,$6.02B,14.95%,$0.87B,$2.81B,35.45%,$0.87B,$8.58B,10.25%,$1.27B,$7.10B,18.59%,$1036,$98,$938,$279,$222,$732,$305,$7,$312,$65,$247,$247,$244,$427,$305,$288,290,$0.85,$0.84,$1401,$268,$330,$2481,$1562,$1322,$3210,$0,$6095,$8575,$808,$1083,$318,$1747,$2555,$0,$388,$-32,$6020,$8575,$247,$122,$29,$151,$-38,$-13,$0,$73,$-97,$301,$-37,$0,$0,$30,$-85,$-55,$0,$-92,$0,$-29,$-29,$-41,$-41,$0,$2,$-67,$142,$38,$0
39,2008-12-31,43.9,$20.25,2.17,$13.87,3.16,$10.05,4.37,$2.64,16.63,$2.46B,$0.92B,2.66,$1.09B,$5.83B,0.19,$4.10B,$3.70B,90.19%,$4.10B,$1.21B,29.63%,$4.10B,$1.21B,29.63%,$4.10B,$1.68B,40.88%,$4.10B,$1.16B,28.22%,$4.10B,$0.78B,19.14%,$0.78B,$5.83B,13.84%,$0.78B,$2.53B,35.15%,$0.78B,$8.48B,9.40%,$1.21B,$6.92B,18.06%,$1069,$101,$968,$293,$231,$744,$325,$-33,$292,$83,$208,$208,$207,$447,$325,$292,295,$0.70,$0.71,$1401,$264,$346,$2458,$1595,$1127,$3300,$0,$6021,$8479,$923,$1085,$280,$1722,$2645,$0,$270,$-11,$5834,$8479,$790,$462,$136,$598,$-58,$-54,$0,$140,$174,$1562,$-276,$0,$-25,$0,$-243,$-243,$178,$-366,$-525,$-179,$-704,$-560,$-560,$0,$30,$-1235,$-37,$146,$0
40,2008-09-30,46.35,$19.77,2.34,$13.04,3.55,$8.03,5.77,$2.61,17.76,$2.64B,$0.99B,2.68,$1.04B,$5.77B,0.18,$3.92B,$3.53B,90.10%,$3.92B,$1.15B,29.35%,$3.92B,$1.15B,29.35%,$3.92B,$1.59B,40.63%,$3.92B,$1.10B,28.08%,$3.92B,$0.78B,19.84%,$0.78B,$5.77B,13.92%,$0.78B,$2.38B,37.53%,$0.78B,$8.54B,9.29%,$1.15B,$6.81B,18.02%,$1093,$107,$985,$269,$233,$747,$346,$-24,$322,$114,$208,$208,$207,$473,$346,$291,294,$0.71,$0.70,$1565,$250,$340,$2639,$1580,$928,$3388,$0,$5896,$8535,$986,$1042,$298,$1781,$2767,$0,$75,$33,$5768,$8535,$582,$340,$91,$431,$-95,$-34,$0,$117,$143,$1155,$-247,$0,$0,$30,$317,$347,$0,$100,$-525,$-12,$-538,$-393,$-393,$0,$27,$-903,$351,$104,$0
41,2008-06-30,51.52,$19.03,2.71,$12.01,4.29,$6.70,7.69,$2.32,22.21,$2.16B,$0.89B,2.44,$1.04B,$5.52B,0.19,$3.62B,$3.26B,90.02%,$3.62B,$0.93B,25.82%,$3.62B,$0.93B,25.82%,$3.62B,$1.35B,37.21%,$3.62B,$0.95B,26.35%,$3.62B,$0.69B,19.08%,$0.69B,$5.52B,12.79%,$0.69B,$2.04B,38.31%,$0.69B,$8.17B,8.42%,$0.93B,$6.56B,15.71%,$993,$92,$901,$252,$246,$697,$297,$-4,$293,$85,$208,$208,$207,$402,$297,$290,293,$0.71,$0.70,$1039,$255,$384,$2161,$1629,$691,$3487,$204,$6012,$8173,$885,$1038,$225,$1764,$2650,$0,$-103,$121,$5523,$8173,$374,$212,$91,$303,$-86,$-28,$0,$-21,$-34,$643,$-157,$0,$-25,$61,$320,$381,$0,$199,$-525,$-60,$-586,$-470,$-470,$0,$18,$-1038,$-193,$68,$0
42,2008-03-31,56.86,$18.88,3.01,$10.88,5.23,$6.05,9.39,$2.16,26.33,$2.14B,$0.71B,3.03,$1.06B,$5.53B,0.19,$3.40B,$3.04B,89.61%,$3.40B,$0.84B,24.82%,$3.40B,$0.84B,24.82%,$3.40B,$1.24B,36.59%,$3.40B,$0.90B,26.44%,$3.40B,$0.67B,19.69%,$0.67B,$5.53B,12.93%,$0.67B,$1.97B,44.28%,$0.67B,$8.17B,7.98%,$0.84B,$6.59B,15.39%,$942,$101,$841,$258,$216,$696,$246,$3,$249,$83,$166,$166,$163,$353,$246,$296,300,$0.55,$0.54,$1111,$237,$341,$2140,$1582,$887,$3561,$0,$6030,$8171,$707,$1060,$347,$1931,$2638,$0,$-199,$123,$5533,$8171,$163,$107,$78,$185,$-55,$-6,$0,$69,$19,$367,$-86,$0,$-25,$84,$477,$561,$0,$450,$-513,$-70,$-583,$-212,$-212,$0,$8,$-788,$29,$35,$0
43,2007-12-31,52.47,$18.72,2.8,$9.81,5.35,$5.77,9.09,$2.00,26.23,$2.37B,$2.19B,1.08,$0.05B,$5.53B,0.01,$3.17B,$2.84B,89.47%,$3.17B,$0.78B,24.57%,$3.17B,$0.78B,24.57%,$3.17B,$1.16B,36.61%,$3.17B,$0.85B,26.87%,$3.17B,$0.64B,20.12%,$0.64B,$5.53B,11.34%,$0.64B,$1.91B,33.60%,$0.64B,$8.63B,7.49%,$0.78B,$5.59B,13.72%,$893,$88,$806,$229,$194,$631,$262,$-26,$237,$94,$143,$143,$201,$365,$262,$316,320,$0.67,$0.66,$1392,$234,$183,$2368,$1497,$1133,$3630,$0,$6260,$8629,$2189,$52,$332,$905,$3095,$0,$-352,$79,$5534,$8629,$580,$380,$138,$519,$-71,$-83,$0,$44,$-80,$1019,$-267,$0,$-96,$0,$285,$285,$-208,$-287,$-7,$-17,$-24,$-2502,$-2502,$0,$1793,$-733,$-2,$123,$0
44,2007-09-30,61.14,$17.02,3.59,$9.07,6.74,$5.50,11.12,$1.65,37.05,$1.62B,$1.99B,0.82,$0.05B,$4.99B,0.01,$2.99B,$2.68B,89.65%,$2.99B,$0.71B,23.74%,$2.99B,$0.71B,23.74%,$2.99B,$1.08B,36.00%,$2.99B,$0.80B,26.66%,$2.99B,$0.55B,18.29%,$0.55B,$4.99B,9.05%,$0.55B,$1.29B,24.43%,$0.55B,$7.82B,6.42%,$0.71B,$5.04B,11.63%,$789,$82,$708,$286,$191,$660,$129,$45,$174,$55,$119,$119,$119,$226,$129,$289,293,$0.41,$0.41,$671,$223,$347,$1620,$1393,$1104,$3699,$0,$6196,$7816,$1989,$50,$226,$835,$2824,$0,$-553,$48,$4993,$7816,$437,$278,$101,$379,$-58,$-71,$0,$-55,$-141,$675,$-159,$0,$-92,$0,$581,$581,$0,$330,$1494,$-10,$1483,$-2744,$-2744,$0,$31,$-1229,$-224,$91,$0
45,2007-06-30,49.31,$16.10,3.06,$8.42,5.85,$5.20,9.49,$1.69,29.18,$2.69B,$3.47B,0.78,$0.05B,$4.64B,0.01,$2.90B,$2.61B,89.86%,$2.90B,$0.78B,26.79%,$2.90B,$0.78B,26.79%,$2.90B,$1.14B,39.17%,$2.90B,$0.84B,29.03%,$2.90B,$0.58B,20.14%,$0.58B,$4.64B,8.97%,$0.58B,$0.87B,22.06%,$0.58B,$8.94B,6.79%,$0.78B,$4.69B,11.83%,$773,$84,$689,$218,$204,$567,$206,$32,$238,$52,$186,$186,$186,$299,$206,$340,343,$0.55,$0.54,$1803,$208,$324,$2694,$1331,$1148,$3763,$0,$6242,$8936,$3465,$51,$194,$834,$4299,$0,$-667,$32,$4637,$8936,$318,$181,$65,$246,$-41,$-52,$0,$-7,$-99,$464,$-117,$0,$-42,$0,$556,$556,$0,$397,$-10,$7,$-3,$82,$82,$0,$10,$89,$950,$59,$0
46,2007-03-31,40.91,$21.47,1.91,$8.10,5.05,$5.05,8.1,$0.65,62.93,$1.94B,$0.50B,3.88,$0.05B,$7.35B,0.01,$2.79B,$2.50B,89.67%,$2.79B,$0.45B,16.11%,$2.79B,$0.45B,16.11%,$2.79B,$0.79B,28.38%,$2.79B,$0.50B,18.08%,$2.79B,$0.23B,8.14%,$0.23B,$7.35B,3.20%,$0.23B,$3.52B,7.14%,$0.23B,$8.71B,2.69%,$0.45B,$7.40B,6.27%,$716,$82,$634,$191,$188,$534,$182,$22,$203,$72,$132,$132,$132,$271,$182,$340,344,$0.39,$0.38,$1128,$186,$303,$1941,$1291,$1653,$3824,$0,$6768,$8710,$500,$52,$195,$862,$1362,$0,$-821,$32,$7347,$8710,$132,$89,$58,$146,$-7,$-23,$0,$1,$-16,$262,$-37,$0,$-42,$0,$-88,$-88,$0,$-167,$-4,$0,$-4,$23,$23,$0,$5,$24,$120,$30,$0
47,2006-12-31,45.34,$21.14,2.14,$7.79,5.82,$4.76,9.53,$0.63,71.97,$1.71B,$0.58B,2.94,$0.10B,$7.15B,0.01,$2.68B,$2.41B,89.82%,$2.68B,$0.44B,16.41%,$2.68B,$0.44B,16.41%,$2.68B,$0.82B,30.43%,$2.68B,$0.49B,18.38%,$2.68B,$0.22B,8.13%,$0.22B,$7.15B,3.09%,$0.22B,$3.25B,7.09%,$0.22B,$8.55B,2.59%,$0.44B,$7.25B,6.19%,$708,$62,$646,$199,$187,$517,$192,$-11,$181,$73,$109,$109,$109,$279,$192,$339,345,$0.32,$0.32,$903,$169,$323,$1713,$1280,$1658,$3902,$0,$6840,$8553,$583,$97,$80,$820,$1403,$0,$-861,$22,$7150,$8553,$218,$376,$351,$727,$-37,$-37,$0,$-43,$-103,$841,$-124,$0,$-303,$0,$-172,$-172,$0,$-600,$0,$-24,$-24,$-173,$-173,$0,$49,$-148,$93,$127,$0
