,Date,Stock Price,Book Value per Share,Price to Book Ratio,TTM Sales per Share,Price to Sales Ratio,TTM FCF per Share,Price to FCF Ratio,TTM Net EPS,PE Ratio,Current Assets,Current Liabilities,Current Ratio,Long Term Debt,Shareholder's Equity_x,Debt to Equity Ratio,TTM Revenue_x,TTM Gross Profit,Gross Margin,TTM Revenue_y,TTM Operating Income,Operating Margin,TTM Revenue_x,TTM EBIT,EBIT Margin,TTM Revenue_y,TTM EBITDA,EBITDA Margin,TTM Revenue_x,TTM Pre-Tax Income,Pre-Tax Margin,TTM Revenue_y,TTM Net Income_x,Net Margin,TTM Net Income_y,Shareholder's Equity_y,Return on Equity,TTM Net Income_x,Tangible Equity,Return on Tangible Equity,TTM Net Income_y,Total Assets,Return on Assets,TTM Net Income,LT Investments & Debt,Return on Investment,revenue,cost-goods-sold,gross-profit,research-development-expenses,selling-general-administrative-expenses,operating-expenses,operating-income,total-non-operating-income-expense,pre-tax-income,total-provision-income-taxes,income-after-taxes,income-from-continuous-operations,net-income,ebitda,ebit,basic-shares-outstanding,shares-outstanding,eps-basic-net-earnings-per-share,eps-earnings-per-share-diluted,cash-on-hand,inventory,other-current-assets,total-current-assets,net-property-plant-equipment,long-term-investments,goodwill-intangible-assets-total,other-long-term-assets,total-long-term-assets,total-assets,total-current-liabilities,long-term-debt,other-non-current-liabilities,total-long-term-liabilities,total-liabilities,common-stock-net,retained-earnings-accumulated-deficit,comprehensive-income,total-share-holder-equity,total-liabilities-share-holders-equity,net-income-loss,total-depreciation-amortization-cash-flow,other-non-cash-items,total-non-cash-items,change-in-accounts-receivable,change-in-inventories,change-in-accounts-payable,change-in-assets-liabilities,total-change-in-assets-liabilities,cash-flow-from-operating-activities,net-change-in-property-plant-equipment,net-change-in-intangible-assets,net-acquisitions-divestitures,net-change-in-short-term-investments,net-change-in-long-term-investments,net-change-in-investments-total,investing-activities-other,cash-flow-from-investing-activities,net-long-term-debt,net-current-debt,debt-issuance-retirement-net-total,net-common-equity-issued-repurchased,net-total-equity-issued-repurchased,total-common-preferred-stock-dividends-paid,financial-activities-other,cash-flow-from-financial-activities,net-cash-flow,stock-based-compensation,common-stock-dividends-paid
0,2018-09-30,312.99,$163.55,1.91,$76.02,4.12,$6.05,51.76,$41.85,7.48,$2.03B,$0.45B,4.49,$0.44B,$4.90B,0.09,$2.29B,$1.24B,53.88%,$2.29B,$0.18B,7.72%,$2.29B,$0.18B,7.72%,$2.29B,$0.28B,12.21%,$2.29B,$1.60B,69.75%,$2.29B,$1.28B,55.67%,$1.28B,$4.90B,30.12%,$1.28B,$4.25B,35.75%,$1.28B,$6.72B,21.65%,$0.18B,$5.34B,3.79%,$545,$258,$287,$49,$201,$509,$36,$314,$350,$81,$269,$269,$269,$71,$36,$30,30,$9.02,$8.89,$866,$601,$185,$2034,$484,$3474,$653,$73,$4684,$6719,$453,$439,$172,$1365,$1818,$0,$4551,$-32,$4900,$6719,$1194,$104,$-1415,$-1311,$72,$-26,$-43,$317,$297,$180,$-72,$-0,$7,$-68,$0,$-68,$0,$-132,$-2,$0,$-2,$2,$2,$0,$-2,$-2,$51,$19,$0
1,2018-06-30,288.54,$155.49,1.86,$75.80,3.81,$0.78,370.83,$33.87,8.52,$1.99B,$0.44B,4.5,$0.44B,$4.64B,0.1,$2.28B,$1.25B,54.66%,$2.28B,$0.18B,7.88%,$2.28B,$0.18B,7.88%,$2.28B,$0.28B,12.40%,$2.28B,$1.28B,56.11%,$2.28B,$1.03B,45.12%,$1.03B,$4.64B,27.64%,$1.03B,$3.98B,33.80%,$1.03B,$6.39B,19.56%,$0.18B,$5.08B,4.32%,$576,$274,$302,$0,$210,$532,$44,$296,$340,$72,$268,$268,$268,$78,$44,$30,30,$8.99,$8.87,$824,$591,$173,$1992,$490,$3171,$658,$75,$4394,$6386,$442,$439,$179,$1305,$1747,$0,$4281,$-19,$4639,$6386,$925,$69,$-1100,$-1032,$53,$-12,$-44,$249,$225,$118,$-50,$-0,$7,$-60,$0,$-60,$0,$-103,$-2,$0,$-2,$3,$3,$0,$-1,$0,$19,$12,$0
2,2018-03-31,250.08,$150.58,1.66,$73.56,3.4,$-3.44,0.0,$25.17,9.94,$1.98B,$0.46B,4.33,$0.44B,$4.49B,0.1,$2.21B,$1.22B,55.11%,$2.21B,$0.13B,6.06%,$2.21B,$0.13B,6.06%,$2.21B,$0.24B,10.85%,$2.21B,$0.94B,42.59%,$2.21B,$0.77B,34.67%,$0.77B,$4.49B,23.46%,$0.77B,$3.81B,29.78%,$0.77B,$6.22B,16.30%,$0.13B,$4.92B,3.62%,$552,$249,$302,$0,$209,$508,$44,$820,$864,$207,$657,$657,$657,$78,$44,$30,30,$22.05,$21.77,$768,$612,$166,$1977,$500,$2982,$679,$78,$4238,$6215,$456,$435,$191,$1271,$1727,$0,$4013,$104,$4488,$6215,$657,$34,$-821,$-786,$40,$-17,$-47,$183,$170,$40,$-27,$-0,$7,$1,$0,$1,$0,$-19,$-0,$0,$-0,$4,$4,$0,$-1,$3,$23,$6,$0
3,2017-12-31,238.67,$98.38,2.43,$72.00,3.31,$-7.07,0.0,$3.81,62.64,$1.98B,$0.50B,3.93,$0.44B,$2.93B,0.15,$2.16B,$1.19B,54.95%,$2.16B,$0.12B,5.37%,$2.16B,$0.12B,5.37%,$2.16B,$0.22B,10.28%,$2.16B,$0.10B,4.54%,$2.16B,$0.12B,5.65%,$0.12B,$2.93B,4.32%,$0.12B,$2.25B,5.75%,$0.12B,$4.27B,2.95%,$0.12B,$3.37B,3.56%,$621,$276,$345,$188,$204,$568,$53,$-7,$46,$-37,$83,$83,$83,$53,$53,$30,30,$2.79,$2.76,$761,$595,$156,$1977,$493,$1028,$680,$95,$2296,$4273,$503,$435,$183,$840,$1343,$0,$1830,$739,$2930,$4273,$0,$0,$2,$2,$2094,$0,$-1919,$-21,$102,$104,$-111,$-4,$-77,$16,$0,$16,$0,$-176,$-0,$-0,$-0,$4,$4,$0,$-4,$0,$-72,$0,$0
4,2017-09-30,222.22,$95.70,2.32,$70.59,3.15,$-4.28,0.0,$0.79,281.29,$1.89B,$0.47B,4.06,$0.43B,$2.85B,0.15,$2.11B,$1.16B,54.79%,$2.11B,$0.04B,1.90%,$2.11B,$0.04B,1.90%,$2.11B,$0.15B,6.92%,$2.11B,$0.02B,1.14%,$2.11B,$0.02B,0.76%,$0.02B,$2.85B,0.58%,$0.02B,$2.15B,0.78%,$0.02B,$4.19B,0.40%,$0.04B,$3.28B,1.26%,$534,$235,$299,$62,$198,$495,$39,$-8,$31,$9,$22,$22,$22,$74,$39,$30,30,$0.74,$0.73,$721,$602,$9,$1892,$501,$1033,$702,$58,$2293,$4186,$466,$434,$148,$871,$1337,$0,$1881,$617,$2848,$4186,$40,$106,$12,$118,$-22,$-53,$-15,$-4,$-123,$35,$-85,$-4,$-75,$1,$0,$1,$0,$-162,$-0,$-0,$-0,$1,$1,$0,$-4,$-3,$-127,$17,$0
5,2017-06-30,226.31,$94.90,2.38,$69.96,3.23,$-1.75,0.0,$0.50,452.62,$1.83B,$0.46B,4.01,$0.43B,$2.81B,0.16,$2.09B,$1.14B,54.48%,$2.09B,$0.03B,1.39%,$2.09B,$0.03B,1.39%,$2.09B,$0.14B,6.67%,$2.09B,$0.02B,0.77%,$2.09B,$0.01B,0.58%,$0.01B,$2.81B,0.44%,$0.01B,$2.10B,0.60%,$0.01B,$4.14B,0.30%,$0.03B,$3.25B,0.93%,$505,$231,$273,$0,$212,$506,$-2,$3,$1,$-4,$5,$5,$5,$35,$-2,$30,30,$0.17,$0.17,$717,$581,$10,$1827,$503,$1041,$715,$58,$2317,$4143,$455,$434,$148,$877,$1332,$0,$1853,$611,$2811,$4143,$17,$71,$2,$73,$-2,$-38,$-24,$-7,$-84,$6,$-65,$-4,$-74,$-5,$0,$-5,$0,$-148,$-0,$-0,$-0,$3,$3,$0,$-3,$-0,$-135,$11,$0
6,2017-03-31,199.34,$91.45,2.18,$70.61,2.82,$0.64,311.76,$0.94,212.06,$1.73B,$0.41B,4.25,$0.43B,$2.71B,0.16,$2.10B,$1.14B,54.51%,$2.10B,$0.05B,2.58%,$2.10B,$0.05B,2.58%,$2.10B,$0.16B,7.82%,$2.10B,$0.04B,2.00%,$2.10B,$0.03B,1.19%,$0.03B,$2.71B,0.94%,$0.03B,$2.00B,1.28%,$0.03B,$3.95B,0.64%,$0.05B,$3.14B,1.75%,$500,$230,$270,$0,$194,$474,$26,$-6,$20,$8,$12,$12,$12,$60,$26,$30,30,$0.42,$0.41,$679,$560,$121,$1733,$505,$956,$707,$53,$2220,$3953,$408,$434,$404,$838,$1245,$0,$1848,$517,$2707,$3953,$12,$34,$-4,$30,$7,$-27,$-61,$-15,$-98,$-56,$-39,$0,$-74,$2,$0,$2,$0,$-110,$-0,$-0,$-0,$4,$4,$0,$-3,$1,$-165,$5,$0
7,2016-12-31,182.28,$87.20,2.09,$69.86,2.61,$2.72,66.94,$0.95,191.87,$1.85B,$0.47B,3.91,$0.43B,$2.58B,0.17,$2.07B,$1.14B,54.98%,$2.07B,$0.05B,2.61%,$2.07B,$0.05B,2.61%,$2.07B,$0.16B,7.93%,$2.07B,$0.04B,2.03%,$2.07B,$0.03B,1.21%,$0.03B,$2.58B,0.96%,$0.03B,$1.94B,1.32%,$0.03B,$3.85B,0.65%,$0.05B,$3.01B,1.77%,$571,$257,$314,$58,$220,$595,$-23,$-5,$-28,$-5,$-23,$-23,$-23,$-23,$-23,$29,30,$-0.78,$-0.77,$844,$525,$12,$1845,$489,$831,$639,$48,$2006,$3851,$471,$434,$141,$800,$1271,$0,$1829,$418,$2579,$3851,$0,$0,$13,$13,$2074,$0,$-1811,$-21,$203,$216,$-141,$-0,$-14,$-59,$0,$-59,$0,$-214,$-0,$0,$-0,$11,$11,$0,$-2,$9,$-1,$-2,$0
8,2016-09-30,163.81,$91.49,1.79,$69.98,2.34,$2.71,60.53,$3.33,49.19,$1.85B,$0.44B,4.18,$0.43B,$2.70B,0.16,$2.07B,$1.13B,54.74%,$2.07B,$0.14B,6.58%,$2.07B,$0.14B,6.58%,$2.07B,$0.25B,11.90%,$2.07B,$0.12B,6.00%,$2.07B,$0.09B,4.55%,$0.09B,$2.70B,3.63%,$0.09B,$1.98B,5.06%,$0.09B,$4.02B,2.45%,$0.14B,$3.14B,4.50%,$509,$229,$279,$50,$201,$481,$28,$-5,$23,$4,$18,$18,$18,$67,$28,$29,30,$0.63,$0.62,$810,$556,$116,$1850,$475,$904,$727,$64,$2170,$4020,$443,$434,$141,$874,$1317,$0,$1857,$521,$2703,$4020,$49,$110,$11,$121,$33,$-68,$-5,$-0,$-49,$121,$-96,$0,$-12,$-56,$-0,$-56,$0,$-164,$-0,$0,$-0,$9,$9,$0,$-2,$6,$-40,$14,$0
9,2016-06-30,143.02,$88.86,1.61,$68.80,2.08,$4.10,34.86,$3.30,43.34,$1.81B,$0.41B,4.4,$0.43B,$2.62B,0.17,$2.03B,$1.12B,55.00%,$2.03B,$0.14B,6.95%,$2.03B,$0.14B,6.95%,$2.03B,$0.21B,10.45%,$2.03B,$0.13B,6.21%,$2.03B,$0.09B,4.58%,$0.09B,$2.62B,3.69%,$0.09B,$1.88B,5.20%,$0.09B,$3.88B,2.48%,$0.14B,$3.05B,4.77%,$517,$237,$280,$50,$206,$494,$23,$4,$27,$9,$18,$18,$18,$60,$23,$29,30,$0.61,$0.61,$796,$542,$102,$1806,$458,$810,$736,$65,$2069,$3875,$410,$434,$416,$850,$1260,$0,$1838,$460,$2615,$3875,$30,$72,$7,$79,$32,$-51,$-33,$12,$-40,$70,$-57,$-0,$-11,$-42,$0,$-42,$0,$-110,$-0,$0,$-0,$7,$7,$0,$-3,$3,$-39,$9,$0
10,2016-03-31,136.72,$86.55,1.58,$68.56,1.99,$3.97,34.48,$3.66,37.36,$1.78B,$0.40B,4.43,$0.43B,$2.54B,0.17,$2.02B,$1.12B,55.30%,$2.02B,$0.16B,7.83%,$2.02B,$0.16B,7.83%,$2.02B,$0.19B,9.51%,$2.02B,$0.14B,6.89%,$2.02B,$0.10B,5.10%,$0.10B,$2.54B,4.19%,$0.10B,$1.79B,5.99%,$0.10B,$3.75B,2.81%,$0.16B,$2.98B,5.47%,$471,$207,$264,$49,$190,$445,$26,$-6,$20,$8,$12,$12,$12,$60,$26,$29,30,$0.42,$0.42,$753,$533,$108,$1775,$449,$711,$752,$66,$1978,$3753,$401,$434,$374,$808,$1209,$0,$1820,$415,$2544,$3753,$12,$34,$4,$38,$20,$-34,$-48,$-9,$-57,$-7,$-25,$0,$-10,$-16,$0,$-16,$0,$-51,$-0,$0,$-0,$4,$4,$0,$-3,$0,$-54,$5,$0
11,2015-12-31,138.66,$84.83,1.63,$68.73,2.02,$5.16,26.89,$3.85,36.02,$1.78B,$0.44B,4.03,$0.43B,$2.49B,0.17,$2.02B,$1.12B,55.54%,$2.02B,$0.17B,8.22%,$2.02B,$0.17B,8.22%,$2.02B,$0.17B,8.22%,$2.02B,$0.15B,7.23%,$2.02B,$0.11B,5.40%,$0.11B,$2.49B,4.60%,$0.11B,$1.78B,6.67%,$0.11B,$3.71B,3.06%,$0.17B,$2.92B,5.92%,$571,$262,$309,$56,$193,$511,$59,$-5,$54,$9,$46,$46,$46,$59,$59,$29,29,$1.56,$1.54,$790,$490,$11,$1778,$438,$720,$710,$65,$1932,$3710,$441,$434,$111,$778,$1219,$0,$1808,$382,$2491,$3710,$0,$0,$13,$13,$1956,$0,$-1730,$-21,$174,$186,$-112,$-1,$-4,$-49,$0,$-49,$0,$-167,$-0,$0,$-0,$8,$8,$0,$1,$9,$44,$-4,$0
12,2015-09-30,134.31,$82.91,1.62,$69.87,1.92,$7.87,17.08,$3.51,38.26,$1.79B,$0.44B,4.12,$0.44B,$2.43B,0.18,$2.05B,$1.13B,55.20%,$2.05B,$0.16B,7.72%,$2.05B,$0.16B,7.72%,$2.05B,$0.16B,7.72%,$2.05B,$0.14B,6.74%,$2.05B,$0.10B,4.98%,$0.10B,$2.43B,4.45%,$0.10B,$1.70B,6.59%,$0.10B,$3.67B,2.94%,$0.16B,$2.87B,5.79%,$470,$207,$263,$43,$187,$437,$33,$-7,$25,$8,$17,$17,$17,$33,$33,$29,29,$0.59,$0.59,$786,$513,$154,$1794,$434,$664,$729,$46,$1872,$3666,$435,$436,$111,$801,$1237,$0,$1759,$379,$2430,$3666,$64,$98,$8,$106,$17,$-68,$18,$-2,$-20,$150,$-84,$-1,$-3,$6,$0,$6,$0,$-83,$-0,$0,$-0,$5,$5,$0,$0,$5,$94,$12,$0
13,2015-06-30,150.61,$80.89,1.86,$72.11,2.09,$10.85,13.88,$3.31,45.5,$1.74B,$0.40B,4.31,$0.44B,$2.36B,0.19,$2.11B,$1.16B,54.84%,$2.11B,$0.16B,7.50%,$2.11B,$0.16B,7.50%,$2.11B,$0.16B,7.50%,$2.11B,$0.14B,6.40%,$2.11B,$0.10B,4.60%,$0.10B,$2.36B,4.35%,$0.10B,$1.61B,6.60%,$0.10B,$3.53B,2.86%,$0.16B,$2.80B,5.93%,$506,$227,$280,$47,$193,$466,$40,$-1,$40,$11,$28,$28,$28,$40,$40,$29,29,$0.98,$0.97,$728,$501,$159,$1742,$440,$542,$752,$50,$1783,$3525,$404,$436,$115,$763,$1166,$0,$1741,$332,$2359,$3525,$0,$0,$2,$2,$972,$0,$-899,$-0,$66,$68,$-59,$-1,$0,$7,$-3,$5,$0,$-56,$-0,$0,$-0,$5,$5,$0,$-2,$3,$37,$0,$0
14,2015-03-31,135.18,$75.46,1.79,$73.34,1.84,$13.62,9.92,$3.43,39.41,$1.70B,$0.42B,4.08,$0.44B,$2.20B,0.2,$2.14B,$1.17B,54.84%,$2.14B,$0.16B,7.67%,$2.14B,$0.16B,7.67%,$2.14B,$0.16B,7.67%,$2.14B,$0.14B,6.73%,$2.14B,$0.10B,4.72%,$0.10B,$2.20B,4.59%,$0.10B,$1.45B,7.10%,$0.10B,$3.33B,2.99%,$0.16B,$2.63B,6.22%,$473,$203,$270,$47,$189,$438,$34,$-8,$27,$9,$18,$18,$18,$34,$34,$29,29,$0.61,$0.61,$711,$478,$171,$1702,$428,$400,$746,$49,$1624,$3326,$417,$436,$275,$711,$1128,$0,$1713,$207,$2199,$3326,$0,$0,$3,$3,$478,$0,$-454,$0,$26,$29,$-27,$-1,$-1,$1,$0,$1,$0,$-28,$-0,$0,$-0,$2,$2,$0,$-2,$-0,$12,$0,$0
15,2014-12-31,120.56,$75.17,1.6,$74.72,1.61,$15.02,8.02,$3.05,39.53,$1.72B,$0.45B,3.84,$0.44B,$2.19B,0.2,$2.18B,$1.18B,54.16%,$2.18B,$0.15B,6.90%,$2.18B,$0.15B,6.90%,$2.18B,$0.15B,6.90%,$2.18B,$0.13B,6.07%,$2.18B,$0.09B,4.14%,$0.09B,$2.19B,4.07%,$0.09B,$1.43B,6.32%,$0.09B,$3.34B,2.64%,$0.15B,$2.62B,5.67%,$598,$281,$317,$115,$208,$548,$51,$-5,$46,$7,$39,$39,$39,$51,$51,$29,29,$1.35,$1.34,$698,$471,$62,$1716,$429,$389,$755,$52,$1625,$3341,$447,$436,$119,$709,$1156,$0,$1695,$219,$2185,$3341,$0,$0,$-33,$-33,$2163,$0,$-1807,$-21,$306,$273,$-121,$-15,$-45,$-10,$0,$-10,$0,$-191,$-0,$-2,$-2,$15,$15,$0,$-2,$12,$82,$0,$0
16,2014-09-30,113.4,$75.16,1.51,$75.04,1.51,$11.99,9.46,$2.75,41.24,$1.76B,$0.50B,3.5,$0.44B,$2.18B,0.2,$2.18B,$1.18B,54.31%,$2.18B,$0.15B,6.93%,$2.18B,$0.15B,6.93%,$2.18B,$0.15B,6.93%,$2.18B,$0.13B,6.01%,$2.18B,$0.08B,3.72%,$0.08B,$2.18B,3.66%,$0.08B,$1.39B,5.71%,$0.08B,$3.39B,2.37%,$0.15B,$2.61B,5.70%,$531,$242,$289,$53,$203,$497,$33,$-11,$22,$11,$12,$12,$12,$33,$33,$29,29,$0.40,$0.39,$703,$516,$0,$1764,$421,$364,$787,$50,$1622,$3386,$504,$436,$270,$706,$1209,$0,$1656,$261,$2177,$3386,$0,$0,$14,$14,$1614,$0,$-1353,$-11,$219,$233,$-80,$-15,$-44,$-1,$0,$-1,$0,$-141,$-0,$-0,$-1,$8,$8,$0,$0,$8,$93,$0,$0
17,2014-06-30,119.71,$77.94,1.54,$74.49,1.61,$7.49,15.99,$2.11,56.73,$1.77B,$0.48B,3.68,$0.44B,$2.25B,0.19,$2.15B,$1.18B,54.74%,$2.15B,$0.15B,6.82%,$2.15B,$0.15B,6.82%,$2.15B,$0.15B,6.82%,$2.15B,$0.10B,4.83%,$2.15B,$0.06B,2.88%,$0.06B,$2.25B,2.82%,$0.06B,$1.42B,4.42%,$0.06B,$3.47B,1.83%,$0.15B,$2.69B,5.58%,$537,$240,$297,$0,$196,$491,$46,$3,$49,$17,$32,$32,$32,$46,$46,$29,29,$1.10,$1.09,$648,$521,$0,$1767,$440,$383,$828,$49,$1700,$3468,$480,$436,$302,$738,$1218,$0,$1644,$351,$2250,$3468,$0,$0,$8,$8,$1087,$0,$-926,$-11,$134,$142,$-53,$-15,$-42,$16,$0,$16,$0,$-95,$-0,$-0,$-0,$6,$6,$0,$0,$6,$53,$0,$0
18,2014-03-31,128.12,$77.47,1.65,$74.23,1.73,$3.94,32.51,$2.22,57.71,$1.77B,$0.48B,3.67,$0.44B,$2.23B,0.2,$2.14B,$1.18B,55.18%,$2.14B,$0.15B,7.19%,$2.14B,$0.15B,7.19%,$2.14B,$0.15B,7.19%,$2.14B,$0.10B,4.86%,$2.14B,$0.07B,3.03%,$0.07B,$2.23B,3.02%,$0.07B,$1.46B,4.74%,$0.07B,$3.44B,1.91%,$0.15B,$2.67B,5.78%,$509,$234,$275,$53,$202,$489,$20,$-6,$15,$8,$7,$7,$7,$20,$20,$29,29,$0.23,$0.23,$641,$514,$0,$1767,$431,$420,$777,$46,$1675,$3441,$481,$436,$292,$728,$1209,$0,$1613,$373,$2233,$3441,$0,$0,$-0,$-0,$544,$0,$-471,$-0,$66,$66,$-22,$-12,$0,$1,$-1,$-1,$0,$-36,$-0,$-0,$-0,$3,$3,$0,$0,$3,$33,$0,$0
19,2013-12-31,123.61,$75.99,1.63,$74.04,1.67,$2.11,58.62,$2.67,46.3,$1.76B,$0.49B,3.61,$0.44B,$2.19B,0.2,$2.13B,$1.18B,55.23%,$2.13B,$0.17B,7.92%,$2.13B,$0.17B,7.92%,$2.13B,$0.17B,7.92%,$2.13B,$0.11B,5.30%,$2.13B,$0.08B,3.66%,$0.08B,$2.19B,3.71%,$0.08B,$1.40B,5.92%,$0.08B,$3.39B,2.29%,$0.17B,$2.62B,6.29%,$603,$280,$323,$56,$215,$550,$52,$-8,$45,$14,$30,$30,$30,$52,$52,$29,29,$1.05,$1.04,$609,$516,$79,$1757,$414,$378,$784,$55,$1631,$3389,$487,$436,$117,$715,$1202,$0,$1606,$341,$2187,$3389,$0,$0,$16,$16,$2090,$0,$-1804,$-61,$154,$169,$-105,$-1,$-72,$179,$0,$179,$0,$1,$-300,$0,$-300,$11,$11,$0,$-23,$-312,$-132,$0,$0
20,2013-09-30,117.56,$74.10,1.59,$73.23,1.61,$4.44,26.47,$3.28,35.84,$1.68B,$0.46B,3.62,$0.44B,$2.12B,0.21,$2.10B,$1.17B,55.61%,$2.10B,$0.19B,8.94%,$2.10B,$0.19B,8.94%,$2.10B,$0.19B,8.94%,$2.10B,$0.13B,6.23%,$2.10B,$0.09B,4.33%,$0.09B,$2.12B,4.42%,$0.09B,$1.33B,7.10%,$0.09B,$3.28B,2.66%,$0.19B,$2.56B,6.91%,$505,$221,$284,$53,$202,$476,$29,$-34,$-5,$2,$-7,$-7,$-7,$29,$29,$29,29,$-0.25,$-0.25,$562,$524,$74,$1675,$425,$355,$790,$36,$1606,$3280,$463,$436,$258,$693,$1156,$0,$1576,$316,$2124,$3280,$0,$0,$13,$13,$1531,$0,$-1336,$-50,$85,$99,$-78,$-1,$-69,$187,$0,$187,$0,$40,$-300,$-0,$-300,$9,$9,$0,$-25,$-315,$-172,$0,$0
21,2013-06-30,112.2,$72.44,1.55,$72.98,1.54,$6.09,18.43,$5.01,22.4,$1.90B,$0.43B,4.41,$0.73B,$2.07B,0.35,$2.10B,$1.16B,55.29%,$2.10B,$0.23B,10.72%,$2.10B,$0.23B,10.72%,$2.10B,$0.23B,10.72%,$2.10B,$0.19B,9.10%,$2.10B,$0.14B,6.72%,$0.14B,$2.07B,7.00%,$0.14B,$1.29B,11.35%,$0.14B,$3.48B,4.12%,$0.23B,$2.80B,8.19%,$525,$225,$300,$52,$195,$472,$53,$-4,$49,$14,$35,$35,$35,$53,$53,$29,29,$1.21,$1.20,$834,$485,$0,$1903,$419,$0,$779,$382,$1580,$3483,$431,$733,$248,$981,$1412,$0,$1578,$267,$2071,$3483,$0,$0,$15,$15,$1006,$0,$-911,$-25,$28,$44,$-58,$-1,$-66,$-11,$0,$-11,$0,$-135,$-0,$-0,$-0,$7,$7,$0,$-13,$-6,$-96,$0,$0
22,2013-03-31,126.0,$71.21,1.77,$72.62,1.73,$7.73,16.3,$5.50,22.91,$1.87B,$0.45B,4.18,$0.73B,$2.03B,0.36,$2.08B,$1.15B,55.11%,$2.08B,$0.25B,11.76%,$2.08B,$0.25B,11.76%,$2.08B,$0.25B,11.76%,$2.08B,$0.21B,9.99%,$2.08B,$0.15B,7.39%,$0.15B,$2.03B,7.86%,$0.15B,$1.24B,12.77%,$0.15B,$3.46B,4.61%,$0.25B,$2.76B,9.10%,$500,$228,$271,$50,$186,$465,$35,$-11,$24,$4,$20,$20,$20,$35,$35,$28,29,$0.71,$0.70,$837,$467,$0,$1865,$423,$0,$789,$380,$1592,$3457,$447,$733,$246,$979,$1426,$0,$1543,$269,$2031,$3457,$0,$0,$6,$6,$504,$0,$-460,$-12,$18,$24,$-34,$-0,$-64,$-10,$0,$-10,$0,$-108,$-0,$-0,$-0,$3,$3,$0,$-10,$-7,$-95,$0,$0
23,2012-12-31,105.05,$70.77,1.48,$72.32,1.45,$8.10,12.97,$5.91,17.77,$1.94B,$0.47B,4.1,$0.73B,$2.02B,0.36,$2.07B,$1.16B,55.87%,$2.07B,$0.26B,12.76%,$2.07B,$0.26B,12.76%,$2.07B,$0.26B,12.76%,$2.07B,$0.23B,11.12%,$2.07B,$0.17B,7.97%,$0.17B,$2.02B,8.64%,$0.17B,$1.26B,14.09%,$0.17B,$3.44B,5.04%,$0.26B,$2.75B,9.99%,$574,$259,$315,$56,$188,$503,$71,$-8,$63,$19,$43,$43,$43,$71,$71,$28,29,$1.53,$1.51,$921,$455,$69,$1937,$417,$294,$756,$40,$1507,$3444,$472,$732,$108,$956,$1428,$0,$1528,$275,$2016,$3444,$0,$0,$7,$7,$2064,$0,$-1664,$-46,$259,$266,$-137,$-2,$-39,$-223,$0,$-223,$0,$-400,$-1,$-0,$-1,$11,$11,$0,$3,$13,$-111,$0,$0
24,2012-09-30,106.72,$68.23,1.56,$71.61,1.49,$9.19,11.62,$6.34,16.83,$1.85B,$0.43B,4.26,$0.73B,$1.94B,0.38,$2.05B,$1.15B,56.38%,$2.05B,$0.29B,14.13%,$2.05B,$0.29B,14.13%,$2.05B,$0.29B,14.13%,$2.05B,$0.25B,12.27%,$2.05B,$0.18B,8.90%,$0.18B,$1.94B,9.88%,$0.18B,$1.18B,16.40%,$0.18B,$3.30B,5.71%,$0.29B,$2.67B,11.22%,$499,$225,$274,$48,$160,$433,$66,$-11,$55,$12,$43,$43,$43,$66,$66,$28,29,$1.51,$1.49,$854,$458,$0,$1845,$398,$0,$758,$301,$1458,$3303,$434,$732,$202,$934,$1368,$0,$1482,$249,$1935,$3303,$0,$0,$-1,$-1,$1513,$0,$-1228,$-27,$181,$180,$-112,$-2,$-38,$-187,$0,$-187,$-1,$-341,$-0,$-0,$-1,$9,$9,$0,$1,$9,$-148,$0,$0
25,2012-06-30,100.01,$65.46,1.53,$72.35,1.38,$10.82,9.24,$6.47,15.46,$1.81B,$0.42B,4.34,$0.73B,$1.85B,0.4,$2.06B,$1.18B,56.96%,$2.06B,$0.30B,14.40%,$2.06B,$0.30B,14.40%,$2.06B,$0.30B,14.40%,$2.06B,$0.25B,12.22%,$2.06B,$0.19B,8.97%,$0.19B,$1.85B,10.38%,$0.19B,$1.15B,16.80%,$0.19B,$3.17B,5.96%,$0.30B,$2.59B,11.81%,$510,$223,$288,$52,$162,$437,$73,$-7,$66,$17,$49,$49,$48,$73,$73,$28,29,$1.71,$1.69,$835,$449,$0,$1811,$381,$0,$707,$270,$1358,$3169,$417,$732,$167,$899,$1316,$0,$1439,$214,$1852,$3169,$0,$0,$7,$7,$1009,$0,$-835,$-24,$102,$109,$-76,$-1,$-19,$-145,$0,$-145,$3,$-237,$-0,$0,$-0,$6,$6,$0,$1,$7,$-118,$0,$0
26,2012-03-31,103.69,$65.15,1.59,$72.82,1.42,$12.73,8.14,$6.19,16.75,$1.82B,$0.44B,4.09,$0.73B,$1.84B,0.4,$2.08B,$1.18B,56.87%,$2.08B,$0.29B,14.07%,$2.08B,$0.29B,14.07%,$2.08B,$0.29B,14.07%,$2.08B,$0.24B,11.76%,$2.08B,$0.18B,8.53%,$0.18B,$1.84B,10.11%,$0.18B,$1.10B,16.12%,$0.18B,$3.19B,5.76%,$0.29B,$2.57B,11.76%,$486,$208,$279,$53,$171,$432,$54,$-8,$46,$15,$31,$31,$31,$54,$54,$28,29,$1.10,$1.09,$807,$463,$0,$1817,$369,$0,$738,$263,$1370,$3188,$444,$732,$172,$904,$1348,$0,$1391,$256,$1840,$3188,$0,$0,$-0,$-0,$501,$0,$-429,$-12,$36,$35,$-35,$-0,$-15,$-35,$0,$-35,$-1,$-86,$-0,$0,$-0,$3,$3,$0,$0,$4,$-40,$0,$0
27,2011-12-31,96.04,$61.89,1.55,$72.87,1.32,$12.78,7.51,$6.26,15.34,$1.80B,$0.46B,3.92,$0.73B,$1.74B,0.42,$2.07B,$1.18B,56.85%,$2.07B,$0.31B,14.71%,$2.07B,$0.31B,14.71%,$2.07B,$0.31B,14.71%,$2.07B,$0.25B,11.86%,$2.07B,$0.18B,8.63%,$0.18B,$1.74B,10.57%,$0.18B,$1.02B,16.52%,$0.18B,$3.10B,5.96%,$0.31B,$2.48B,12.57%,$550,$238,$312,$41,$175,$454,$96,$-12,$84,$24,$60,$60,$60,$96,$96,$28,28,$2.15,$2.11,$813,$434,$0,$1798,$350,$0,$728,$210,$1299,$3097,$459,$732,$76,$893,$1352,$0,$1360,$199,$1744,$3097,$0,$0,$9,$9,$2019,$0,$-1640,$-57,$253,$263,$-103,$-0,$-159,$-125,$0,$-125,$0,$-386,$-227,$-4,$-231,$14,$14,$0,$3,$-214,$-332,$0,$0
28,2011-09-30,90.77,$60.23,1.51,$72.51,1.25,$12.08,7.51,$6.59,13.77,$1.88B,$0.42B,4.52,$0.73B,$1.69B,0.43,$2.06B,$1.17B,56.71%,$2.06B,$0.29B,13.95%,$2.06B,$0.29B,13.95%,$2.06B,$0.29B,13.95%,$2.06B,$0.22B,10.64%,$2.06B,$0.19B,9.09%,$0.19B,$1.69B,11.38%,$0.19B,$1.14B,17.43%,$0.19B,$2.97B,6.24%,$0.29B,$2.43B,12.09%,$517,$220,$296,$45,$177,$443,$74,$-18,$56,$10,$46,$46,$46,$74,$74,$28,28,$1.63,$1.61,$910,$446,$0,$1878,$339,$0,$551,$202,$1092,$2970,$415,$732,$129,$861,$1276,$0,$1301,$213,$1694,$2970,$0,$0,$6,$6,$1509,$0,$-1250,$-46,$175,$181,$-67,$-0,$-9,$-134,$0,$-134,$-4,$-214,$-227,$-0,$-227,$13,$13,$0,$2,$-212,$-236,$0,$0
29,2011-06-30,119.36,$61.51,1.94,$71.13,1.68,$10.55,11.31,$6.57,18.17,$1.89B,$0.44B,4.27,$0.73B,$1.73B,0.42,$2.01B,$1.14B,56.48%,$2.01B,$0.29B,14.31%,$2.01B,$0.29B,14.31%,$2.01B,$0.29B,14.31%,$2.01B,$0.22B,10.98%,$2.01B,$0.19B,9.24%,$0.19B,$1.73B,11.79%,$0.19B,$1.13B,18.51%,$0.19B,$3.04B,6.36%,$0.29B,$2.46B,12.47%,$522,$229,$293,$48,$177,$453,$68,$-10,$58,$18,$40,$40,$40,$68,$68,$28,28,$1.43,$1.41,$886,$449,$0,$1890,$348,$0,$595,$212,$1155,$3044,$443,$731,$144,$875,$1318,$0,$1255,$297,$1726,$3044,$0,$0,$5,$5,$1020,$0,$-843,$-33,$125,$130,$-42,$-0,$-5,$-100,$0,$-100,$-11,$-158,$-226,$0,$-226,$10,$10,$0,$2,$-214,$-236,$0,$0
30,2011-03-31,120.14,$57.63,2.08,$69.45,1.73,$8.30,14.48,$6.51,18.45,$1.80B,$0.43B,4.2,$0.73B,$1.61B,0.45,$1.96B,$1.11B,56.76%,$1.96B,$0.29B,14.70%,$1.96B,$0.29B,14.70%,$1.96B,$0.29B,14.70%,$1.96B,$0.22B,11.13%,$1.96B,$0.18B,9.39%,$0.18B,$1.61B,12.51%,$0.18B,$1.05B,20.10%,$0.18B,$2.91B,6.58%,$0.29B,$2.35B,13.07%,$485,$208,$278,$43,$168,$418,$67,$-19,$48,$15,$33,$33,$33,$67,$67,$28,28,$1.18,$1.16,$798,$430,$0,$1797,$338,$0,$568,$206,$1111,$2909,$428,$731,$136,$868,$1295,$0,$1215,$230,$1613,$2909,$0,$0,$-1,$-1,$497,$0,$-436,$-21,$21,$20,$-18,$-0,$-4,$-48,$0,$-48,$-8,$-77,$-226,$2,$-223,$8,$8,$0,$1,$-215,$-279,$0,$0
31,2010-12-31,103.85,$55.31,1.88,$68.55,1.52,$8.45,12.29,$6.59,15.76,$1.98B,$0.67B,2.96,$0.73B,$1.54B,0.48,$1.93B,$1.09B,56.59%,$1.93B,$0.28B,14.73%,$1.93B,$0.28B,14.73%,$1.93B,$0.28B,14.73%,$1.93B,$0.22B,11.41%,$1.93B,$0.19B,9.65%,$0.19B,$1.54B,13.35%,$0.19B,$0.97B,22.09%,$0.19B,$3.06B,6.88%,$0.28B,$2.27B,13.35%,$534,$234,$300,$45,$177,$456,$78,$-21,$57,$-11,$68,$68,$68,$78,$78,$28,28,$2.44,$2.41,$1032,$398,$0,$1975,$334,$0,$568,$173,$1087,$3063,$667,$731,$65,$856,$1522,$0,$1182,$198,$1541,$3063,$0,$0,$-3,$-3,$1877,$0,$-1537,$-56,$229,$226,$-87,$-4,$-89,$-33,$0,$-33,$-3,$-217,$218,$-1,$217,$13,$13,$0,$-1,$229,$257,$0,$0
32,2010-09-30,90.51,$51.38,1.76,$67.38,1.34,$12.80,7.07,$5.53,16.37,$1.65B,$0.41B,4.02,$0.73B,$1.43B,0.51,$1.89B,$1.06B,56.06%,$1.89B,$0.26B,13.87%,$1.89B,$0.26B,13.87%,$1.89B,$0.26B,13.87%,$1.89B,$0.21B,10.85%,$1.89B,$0.16B,8.26%,$0.16B,$1.43B,11.75%,$0.16B,$0.87B,19.86%,$0.16B,$2.68B,6.06%,$0.26B,$2.16B,12.69%,$472,$205,$266,$43,$149,$397,$75,$-17,$58,$13,$45,$45,$45,$75,$75,$28,28,$1.62,$1.59,$738,$403,$0,$1652,$322,$0,$558,$151,$1030,$2682,$411,$734,$110,$843,$1254,$0,$1114,$160,$1428,$2682,$0,$0,$-3,$-3,$1368,$0,$-1144,$-46,$128,$126,$-56,$-3,$-89,$-18,$0,$-18,$1,$-164,$-3,$-0,$-4,$9,$9,$0,$2,$7,$-19,$0,$0
33,2010-06-30,86.49,$47.08,1.84,$67.14,1.29,$16.08,5.38,$5.32,16.26,$1.56B,$0.39B,3.99,$0.73B,$1.30B,0.56,$1.88B,$1.05B,56.12%,$1.88B,$0.25B,13.53%,$1.88B,$0.25B,13.53%,$1.88B,$0.25B,13.53%,$1.88B,$0.20B,10.54%,$1.88B,$0.15B,7.99%,$0.15B,$1.30B,11.74%,$0.15B,$0.77B,20.30%,$0.15B,$2.53B,5.95%,$0.25B,$2.04B,12.61%,$468,$199,$268,$44,$156,$399,$68,$-13,$55,$17,$39,$39,$38,$68,$68,$28,28,$1.37,$1.35,$718,$370,$0,$1556,$306,$0,$529,$136,$971,$2527,$389,$734,$101,$835,$1224,$0,$1069,$75,$1303,$2527,$0,$0,$-1,$-1,$892,$0,$-779,$-25,$59,$59,$-36,$-2,$-67,$-11,$0,$-11,$13,$-103,$-1,$-0,$-1,$6,$6,$0,$-0,$4,$-36,$0,$0
34,2010-03-31,103.52,$47.14,2.2,$65.91,1.57,$18.08,5.72,$5.34,19.39,$1.54B,$0.40B,3.88,$0.74B,$1.30B,0.57,$1.84B,$1.03B,55.96%,$1.84B,$0.24B,13.17%,$1.84B,$0.24B,13.17%,$1.84B,$0.24B,13.17%,$1.84B,$0.19B,10.45%,$1.84B,$0.15B,8.17%,$0.15B,$1.30B,12.16%,$0.15B,$0.75B,21.61%,$0.15B,$2.55B,6.06%,$0.24B,$2.04B,12.27%,$454,$197,$257,$40,$154,$391,$63,$-13,$50,$14,$35,$35,$35,$63,$63,$28,28,$1.27,$1.24,$692,$381,$0,$1543,$314,$0,$548,$142,$1004,$2547,$398,$739,$109,$848,$1246,$0,$1031,$116,$1301,$2547,$0,$0,$-0,$-0,$446,$0,$-390,$-20,$22,$22,$-16,$-2,$-66,$3,$0,$3,$5,$-77,$-2,$-0,$-2,$3,$3,$0,$0,$1,$-52,$0,$0
35,2009-12-31,96.46,$46.47,2.08,$64.25,1.5,$17.42,5.54,$5.20,18.55,$1.56B,$0.42B,3.72,$0.74B,$1.28B,0.58,$1.78B,$1.00B,56.05%,$1.78B,$0.23B,12.89%,$1.78B,$0.23B,12.89%,$1.78B,$0.23B,12.89%,$1.78B,$0.19B,10.37%,$1.78B,$0.15B,8.13%,$0.15B,$1.28B,12.36%,$0.15B,$0.75B,22.62%,$0.15B,$2.54B,6.23%,$0.23B,$2.02B,12.51%,$495,$227,$268,$87,$164,$439,$56,$-14,$42,$4,$39,$39,$38,$56,$56,$27,28,$1.38,$1.35,$745,$351,$0,$1563,$302,$0,$532,$125,$973,$2536,$420,$738,$56,$837,$1257,$0,$996,$133,$1279,$2536,$0,$0,$9,$9,$1778,$0,$-1386,$-38,$316,$325,$-67,$-10,$-36,$-61,$0,$-61,$-3,$-176,$288,$-2,$286,$10,$10,$0,$-2,$294,$445,$0,$0
36,2009-09-30,91.88,$44.68,2.06,$62.66,1.47,$11.99,7.66,$3.55,25.88,$1.50B,$0.42B,3.62,$0.74B,$1.23B,0.6,$1.74B,$0.98B,56.36%,$1.74B,$0.20B,11.28%,$1.74B,$0.20B,11.28%,$1.74B,$0.20B,11.28%,$1.74B,$0.15B,8.46%,$1.74B,$0.10B,5.70%,$0.10B,$1.23B,8.83%,$0.10B,$0.68B,16.94%,$0.10B,$2.48B,4.49%,$0.20B,$1.97B,11.44%,$461,$201,$261,$40,$154,$394,$67,$-16,$51,$12,$39,$39,$39,$67,$67,$27,28,$1.40,$1.38,$642,$384,$0,$1503,$306,$0,$544,$125,$975,$2478,$416,$739,$55,$835,$1251,$0,$958,$125,$1228,$2478,$0,$0,$-0,$-0,$1291,$0,$-1030,$-23,$210,$209,$-49,$-7,$-36,$-55,$0,$-55,$-6,$-153,$289,$-3,$287,$8,$8,$0,$-2,$292,$350,$0,$0
37,2009-06-30,75.48,$41.14,1.83,$62.05,1.22,$8.05,9.37,$3.18,23.74,$1.40B,$0.38B,3.64,$0.74B,$1.13B,0.66,$1.72B,$0.96B,55.82%,$1.72B,$0.18B,10.48%,$1.72B,$0.18B,10.48%,$1.72B,$0.18B,10.48%,$1.72B,$0.14B,8.09%,$1.72B,$0.09B,5.12%,$0.09B,$1.13B,8.17%,$0.09B,$0.60B,16.15%,$0.09B,$2.34B,4.22%,$0.18B,$1.87B,11.28%,$427,$185,$242,$0,$144,$371,$56,$-7,$49,$10,$39,$39,$38,$56,$56,$27,28,$1.39,$1.37,$563,$378,$0,$1398,$303,$0,$532,$112,$947,$2344,$384,$738,$52,$833,$1217,$0,$920,$71,$1128,$2344,$0,$0,$-0,$-0,$831,$0,$-699,$-8,$112,$112,$-33,$-5,$-34,$2,$0,$2,$0,$-71,$291,$-2,$289,$4,$4,$0,$-2,$291,$329,$0,$0
38,2009-03-31,65.9,$38.68,1.7,$63.06,1.05,$6.21,10.6,$3.39,19.44,$1.05B,$0.36B,2.95,$0.44B,$1.06B,0.42,$1.74B,$0.97B,55.36%,$1.74B,$0.18B,10.56%,$1.74B,$0.18B,10.56%,$1.74B,$0.18B,10.56%,$1.74B,$0.15B,8.38%,$1.74B,$0.09B,5.34%,$0.09B,$1.06B,8.66%,$0.09B,$0.54B,17.47%,$0.09B,$1.96B,4.59%,$0.18B,$1.50B,12.12%,$401,$172,$229,$37,$140,$349,$51,$-8,$43,$11,$32,$32,$30,$51,$51,$27,28,$1.11,$1.10,$223,$369,$0,$1050,$295,$0,$519,$92,$905,$1955,$356,$444,$57,$541,$897,$0,$882,$16,$1058,$1955,$0,$0,$-0,$-0,$395,$0,$-376,$-7,$6,$6,$-19,$0,$-0,$1,$0,$1,$6,$-13,$-2,$-2,$-4,$2,$2,$0,$0,$-2,$-12,$0,$0
39,2008-12-31,75.31,$39.19,1.92,$63.87,1.18,$5.89,12.79,$3.25,23.17,$1.09B,$0.42B,2.62,$0.45B,$1.07B,0.42,$1.76B,$0.96B,54.59%,$1.76B,$0.18B,10.37%,$1.76B,$0.18B,10.37%,$1.76B,$0.18B,10.37%,$1.76B,$0.14B,8.05%,$1.76B,$0.09B,5.05%,$0.09B,$1.07B,8.24%,$0.09B,$0.52B,17.06%,$0.09B,$2.04B,4.34%,$0.18B,$1.52B,12.01%,$448,$201,$247,$83,$154,$426,$22,$-18,$4,$11,$-7,$-7,$-8,$22,$22,$27,28,$-0.31,$-0.29,$243,$376,$0,$1094,$301,$0,$550,$80,$943,$2037,$418,$446,$60,$549,$967,$0,$852,$65,$1071,$2037,$0,$0,$-5,$-5,$1766,$0,$-1496,$-24,$196,$191,$-85,$-4,$-53,$1,$0,$1,$-5,$-146,$-10,$-2,$-12,$13,$13,$0,$5,$6,$43,$0,$0
40,2008-09-30,99.12,$38.58,2.57,$64.51,1.54,$6.83,14.51,$4.00,24.78,$1.08B,$0.39B,2.81,$0.45B,$1.05B,0.43,$1.78B,$0.95B,53.49%,$1.78B,$0.18B,10.36%,$1.78B,$0.18B,10.36%,$1.78B,$0.18B,10.36%,$1.78B,$0.15B,8.50%,$1.78B,$0.11B,6.14%,$0.11B,$1.05B,10.33%,$0.11B,$0.53B,21.80%,$0.11B,$2.02B,5.36%,$0.18B,$1.50B,12.29%,$442,$201,$241,$39,$151,$391,$51,$-8,$43,$13,$31,$31,$28,$51,$51,$27,28,$1.02,$1.00,$234,$383,$0,$1083,$293,$0,$525,$113,$931,$2015,$386,$446,$60,$579,$965,$0,$860,$72,$1050,$2015,$0,$0,$-3,$-3,$1318,$0,$-1153,$-18,$116,$113,$-63,$-3,$-18,$3,$0,$3,$-1,$-82,$-9,$-0,$-10,$10,$10,$0,$3,$4,$32,$0,$0
41,2008-06-30,80.89,$41.07,1.97,$61.04,1.33,$6.58,12.3,$4.02,20.12,$1.12B,$0.41B,2.74,$0.44B,$1.12B,0.4,$1.67B,$0.90B,53.58%,$1.67B,$0.17B,10.22%,$1.67B,$0.17B,10.22%,$1.67B,$0.17B,10.22%,$1.67B,$0.14B,8.54%,$1.67B,$0.11B,6.51%,$0.11B,$1.12B,10.60%,$0.11B,$0.55B,19.32%,$0.11B,$2.10B,5.56%,$0.17B,$1.56B,11.66%,$452,$204,$248,$0,$147,$393,$60,$-4,$56,$11,$45,$45,$43,$60,$60,$27,28,$1.61,$1.57,$227,$383,$0,$1120,$291,$0,$569,$119,$979,$2099,$408,$441,$61,$576,$984,$0,$832,$172,$1115,$2099,$0,$0,$-2,$-2,$878,$0,$-782,$-10,$69,$67,$-40,$-1,$-17,$10,$0,$10,$-5,$-52,$-4,$-1,$-5,$6,$6,$0,$2,$4,$22,$0,$0
42,2008-03-31,88.95,$40.09,2.22,$57.12,1.56,$5.81,15.3,$3.39,26.24,$1.05B,$0.39B,2.71,$0.44B,$1.08B,0.41,$1.56B,$0.84B,53.75%,$1.56B,$0.15B,9.42%,$1.56B,$0.15B,9.42%,$1.56B,$0.15B,9.42%,$1.56B,$0.12B,7.88%,$1.56B,$0.09B,5.89%,$0.09B,$1.08B,9.44%,$0.09B,$0.50B,15.06%,$0.09B,$2.05B,4.98%,$0.15B,$1.53B,10.44%,$422,$195,$227,$37,$140,$372,$50,$-10,$39,$11,$29,$29,$26,$50,$50,$27,28,$0.98,$0.96,$177,$365,$0,$1049,$288,$0,$585,$131,$1004,$2053,$387,$442,$62,$584,$971,$0,$789,$188,$1082,$2053,$0,$0,$-2,$-2,$437,$0,$-422,$-8,$-0,$-2,$-19,$-1,$-17,$8,$0,$8,$-6,$-35,$-2,$-1,$-3,$4,$4,$0,$2,$3,$-32,$0,$0
43,2007-12-31,103.62,$36.14,2.87,$53.66,1.93,$5.73,18.09,$3.42,30.3,$1.03B,$0.41B,2.48,$0.44B,$0.97B,0.46,$1.46B,$0.79B,54.10%,$1.46B,$0.14B,9.30%,$1.46B,$0.14B,9.30%,$1.46B,$0.14B,9.30%,$1.46B,$0.12B,8.28%,$1.46B,$0.09B,6.36%,$0.09B,$0.97B,10.12%,$0.09B,$0.43B,14.07%,$0.09B,$1.97B,5.36%,$0.14B,$1.41B,10.09%,$460,$226,$234,$40,$163,$437,$23,$-11,$13,$-1,$14,$14,$12,$23,$23,$27,27,$0.45,$0.44,$224,$321,$0,$1029,$272,$0,$539,$112,$943,$1972,$414,$442,$58,$586,$1000,$0,$762,$111,$972,$1972,$0,$0,$-3,$-3,$1468,$0,$-1226,$-9,$195,$192,$-61,$-2,$-388,$200,$0,$200,$-4,$-254,$-18,$-4,$-22,$12,$12,$0,$3,$-7,$-62,$0,$0
44,2007-09-30,90.5,$35.26,2.57,$49.55,1.83,$3.35,27.03,$3.58,25.28,$1.22B,$0.29B,4.26,$0.43B,$0.95B,0.45,$1.35B,$0.74B,55.24%,$1.35B,$0.14B,10.33%,$1.35B,$0.14B,10.33%,$1.35B,$0.14B,10.33%,$1.35B,$0.13B,9.81%,$1.35B,$0.10B,7.29%,$0.10B,$0.95B,11.12%,$0.10B,$0.78B,13.68%,$0.10B,$1.71B,5.97%,$0.14B,$1.37B,10.64%,$340,$151,$188,$33,$118,$302,$38,$-2,$35,$7,$28,$28,$28,$38,$38,$27,27,$1.05,$1.03,$543,$274,$0,$1220,$202,$0,$164,$127,$493,$1712,$286,$426,$41,$480,$766,$0,$750,$103,$946,$1712,$0,$0,$-3,$-3,$1007,$0,$-880,$-3,$91,$88,$-46,$-2,$-2,$193,$0,$193,$-2,$140,$-0,$1,$1,$9,$9,$0,$3,$13,$249,$0,$0
45,2007-06-30,75.57,$33.59,2.25,$48.39,1.56,$2.73,27.7,$3.41,22.16,$1.17B,$0.28B,4.14,$0.43B,$0.90B,0.48,$1.31B,$0.72B,55.11%,$1.31B,$0.13B,10.00%,$1.31B,$0.13B,10.00%,$1.31B,$0.13B,10.00%,$1.31B,$0.13B,9.85%,$1.31B,$0.09B,7.10%,$0.09B,$0.90B,11.06%,$0.09B,$0.73B,13.63%,$0.09B,$1.66B,5.83%,$0.13B,$1.32B,10.35%,$339,$149,$190,$35,$120,$303,$36,$0,$36,$10,$26,$26,$26,$36,$36,$27,27,$0.96,$0.95,$503,$265,$0,$1168,$192,$0,$166,$130,$487,$1655,$282,$426,$39,$476,$758,$0,$722,$86,$897,$1655,$0,$0,$-2,$-2,$654,$0,$-600,$-1,$36,$33,$-27,$-2,$-2,$-5,$0,$-5,$1,$-36,$-0,$1,$1,$6,$6,$0,$2,$9,$9,$0,$0
46,2007-03-31,69.84,$32.30,2.16,$47.72,1.46,$2.00,34.84,$3.66,19.08,$1.13B,$0.27B,4.15,$0.43B,$0.86B,0.49,$1.29B,$0.72B,55.62%,$1.29B,$0.14B,10.71%,$1.29B,$0.14B,10.71%,$1.29B,$0.14B,10.71%,$1.29B,$0.14B,10.47%,$1.29B,$0.10B,7.68%,$0.10B,$0.86B,12.29%,$0.10B,$0.70B,15.14%,$0.10B,$1.61B,6.37%,$0.14B,$1.29B,11.21%,$323,$143,$179,$33,$108,$284,$39,$-1,$37,$10,$27,$27,$27,$39,$39,$27,27,$1.02,$0.99,$472,$260,$0,$1130,$189,$0,$164,$125,$477,$1607,$272,$426,$37,$474,$746,$0,$696,$79,$861,$1607,$0,$0,$-2,$-2,$327,$0,$-324,$-2,$-11,$-13,$-11,$-1,$-1,$24,$0,$24,$0,$12,$-0,$1,$1,$4,$4,$0,$2,$7,$7,$0,$0
47,2006-12-31,82.52,$30.92,2.67,$47.34,1.74,$0.87,94.64,$3.83,21.55,$1.13B,$0.32B,3.54,$0.43B,$0.82B,0.52,$1.27B,$0.71B,56.04%,$1.27B,$0.15B,11.46%,$1.27B,$0.15B,11.46%,$1.27B,$0.15B,11.46%,$1.27B,$0.14B,11.15%,$1.27B,$0.10B,8.08%,$0.10B,$0.82B,13.45%,$0.10B,$0.66B,16.61%,$0.10B,$1.60B,6.83%,$0.15B,$1.25B,12.25%,$343,$158,$186,$33,$122,$317,$26,$-2,$24,$7,$17,$17,$17,$26,$26,$26,27,$0.63,$0.61,$488,$253,$0,$1130,$190,$0,$164,$104,$466,$1596,$320,$426,$24,$457,$777,$0,$674,$67,$820,$1596,$0,$0,$-1,$-1,$1248,$0,$-1059,$-53,$120,$118,$-53,$0,$-33,$-155,$0,$-155,$34,$-208,$-0,$-1,$-1,$10,$10,$0,$1,$10,$-73,$0,$0
