,Date,Stock Price,Book Value per Share,Price to Book Ratio,TTM Sales per Share,Price to Sales Ratio,TTM FCF per Share,Price to FCF Ratio,TTM Net EPS,PE Ratio,Current Assets,Current Liabilities,Current Ratio,Long Term Debt,Shareholder's Equity_x,Debt to Equity Ratio,TTM Revenue_x,TTM Gross Profit,Gross Margin,TTM Revenue_y,TTM Operating Income,Operating Margin,TTM Revenue_x,TTM EBIT,EBIT Margin,TTM Revenue_y,TTM EBITDA,EBITDA Margin,TTM Revenue_x,TTM Pre-Tax Income,Pre-Tax Margin,TTM Revenue_y,TTM Net Income_x,Net Margin,TTM Net Income_y,Shareholder's Equity_y,Return on Equity,TTM Net Income_x,Tangible Equity,Return on Tangible Equity,TTM Net Income_y,Total Assets,Return on Assets,TTM Net Income,LT Investments & Debt,Return on Investment,revenue,cost-goods-sold,gross-profit,research-development-expenses,selling-general-administrative-expenses,operating-expenses,operating-income,total-non-operating-income-expense,pre-tax-income,total-provision-income-taxes,income-after-taxes,income-from-continuous-operations,net-income,ebitda,ebit,basic-shares-outstanding,shares-outstanding,eps-basic-net-earnings-per-share,eps-earnings-per-share-diluted,cash-on-hand,inventory,other-current-assets,total-current-assets,net-property-plant-equipment,long-term-investments,goodwill-intangible-assets-total,other-long-term-assets,total-long-term-assets,total-assets,total-current-liabilities,long-term-debt,other-non-current-liabilities,total-long-term-liabilities,total-liabilities,common-stock-net,retained-earnings-accumulated-deficit,comprehensive-income,total-share-holder-equity,total-liabilities-share-holders-equity,net-income-loss,total-depreciation-amortization-cash-flow,other-non-cash-items,total-non-cash-items,change-in-accounts-receivable,change-in-inventories,change-in-accounts-payable,change-in-assets-liabilities,total-change-in-assets-liabilities,cash-flow-from-operating-activities,net-change-in-property-plant-equipment,net-change-in-intangible-assets,net-acquisitions-divestitures,net-change-in-short-term-investments,net-change-in-long-term-investments,net-change-in-investments-total,investing-activities-other,cash-flow-from-investing-activities,net-long-term-debt,net-current-debt,debt-issuance-retirement-net-total,net-common-equity-issued-repurchased,net-total-equity-issued-repurchased,total-common-preferred-stock-dividends-paid,financial-activities-other,cash-flow-from-financial-activities,net-cash-flow,stock-based-compensation,common-stock-dividends-paid
0,2018-09-30,2.07,$0.79,2.62,$2.47,0.84,$-2.47,0.0,$-0.74,0.0,$0.03B,$0.02B,1.63,$0.00B,$0.02B,0.0,$0.05B,$0.02B,32.61%,$0.05B,$-0.02B,-43.48%,$0.05B,$-0.02B,-43.48%,$0.05B,$-0.02B,-36.96%,$0.05B,$-0.02B,-43.48%,$0.05B,$-0.02B,-50.00%,$-0.02B,$0.02B,-102.22%,$-0.02B,$0.01B,-117.95%,$-0.02B,$0.03B,-60.13%,$-0.02B,$0.02B,-86.96%,$11,$7,$4,$1,$7,$15,$-5,$-0,$-5,$0,$-5,$-5,$-5,$-4,$-5,$21,21,$-0.23,$-0.23,$2,$13,$0,$28,$3,$0,$3,$0,$6,$34,$17,$0,$1,$1,$18,$0,$-210,$-1,$16,$34,$-15,$1,$2,$3,$-2,$-1,$0,$1,$1,$-11,$-0,$0,$0,$0,$0,$0,$0,$-0,$-0,$2,$1,$-0,$-0,$0,$-0,$1,$-9,$2,$0
1,2018-06-30,1.21,$0.99,1.22,$2.65,0.46,$-2.93,0.0,$-1.04,0.0,$0.03B,$0.02B,1.98,$0.00B,$0.02B,0.0,$0.05B,$0.01B,30.43%,$0.05B,$-0.02B,-43.48%,$0.05B,$-0.02B,-43.48%,$0.05B,$-0.02B,-36.96%,$0.05B,$-0.02B,-43.48%,$0.05B,$-0.02B,-50.00%,$-0.02B,$0.02B,-96.84%,$-0.02B,$0.02B,-110.84%,$-0.02B,$0.04B,-58.97%,$-0.02B,$0.02B,-82.47%,$12,$8,$4,$1,$8,$17,$-5,$-0,$-5,$0,$-5,$-5,$-5,$-4,$-5,$21,21,$-0.24,$-0.24,$3,$14,$0,$29,$3,$0,$3,$0,$6,$36,$15,$0,$0,$1,$15,$0,$-205,$-1,$20,$36,$-10,$1,$2,$2,$-1,$-2,$0,$-0,$-1,$-8,$-0,$0,$0,$0,$0,$0,$0,$-0,$-0,$0,$-0,$-0,$-0,$0,$-0,$-0,$-9,$1,$0
2,2018-03-31,2.03,$1.22,1.67,$2.99,0.68,$-3.37,0.0,$-1.40,0.0,$0.03B,$0.01B,2.56,$0.00B,$0.03B,0.08,$0.05B,$0.02B,31.91%,$0.05B,$-0.02B,-40.43%,$0.05B,$-0.02B,-40.43%,$0.05B,$-0.02B,-36.17%,$0.05B,$-0.02B,-40.43%,$0.05B,$-0.02B,-46.81%,$-0.02B,$0.03B,-88.00%,$-0.02B,$0.02B,-100.00%,$-0.02B,$0.04B,-54.32%,$-0.02B,$0.03B,-74.51%,$10,$7,$3,$1,$7,$15,$-5,$0,$-5,$0,$-5,$-5,$-5,$-5,$-5,$20,20,$-0.25,$-0.25,$9,$13,$0,$34,$3,$0,$3,$0,$7,$40,$13,$2,$0,$2,$15,$0,$-200,$-0,$25,$40,$-5,$0,$1,$1,$0,$-1,$0,$-0,$-1,$-5,$-0,$0,$0,$0,$0,$0,$0,$-0,$-0,$2,$2,$-0,$-0,$0,$-0,$2,$-3,$1,$0
3,2017-12-31,2.13,$1.43,1.49,$3.30,0.65,$-3.53,0.0,$-1.45,0.0,$0.04B,$0.01B,2.7,$0.00B,$0.03B,0.0,$0.05B,$0.02B,33.33%,$0.05B,$-0.02B,-37.50%,$0.05B,$-0.02B,-37.50%,$0.05B,$-0.02B,-33.33%,$0.05B,$-0.02B,-37.50%,$0.05B,$-0.02B,-43.75%,$-0.02B,$0.03B,-90.32%,$-0.02B,$0.03B,-103.70%,$-0.02B,$0.04B,-52.83%,$-0.02B,$0.03B,-77.42%,$13,$9,$4,$1,$6,$17,$-5,$0,$-5,$-1,$-4,$-4,$-8,$-4,$-5,$15,15,$-0.19,$-0.19,$12,$12,$0,$36,$4,$0,$3,$0,$7,$43,$13,$0,$0,$0,$14,$0,$-195,$-1,$29,$43,$-17,$1,$3,$4,$-0,$0,$0,$-0,$-5,$-18,$-1,$0,$0,$0,$0,$0,$0,$-1,$-0,$0,$-0,$22,$22,$0,$0,$22,$3,$2,$0
4,2017-09-30,3.01,$1.39,2.17,$3.58,0.84,$-3.23,0.0,$-1.55,0.0,$0.03B,$0.02B,1.98,$0.00B,$0.02B,0.0,$0.05B,$0.02B,34.69%,$0.05B,$-0.02B,-34.69%,$0.05B,$-0.02B,-34.69%,$0.05B,$-0.02B,-32.65%,$0.05B,$-0.02B,-34.69%,$0.05B,$-0.02B,-40.82%,$-0.02B,$0.02B,-93.02%,$-0.02B,$0.02B,-108.11%,$-0.02B,$0.04B,-50.63%,$-0.02B,$0.02B,-79.07%,$11,$8,$3,$2,$6,$16,$-5,$0,$-5,$0,$-5,$-5,$-5,$-4,$-5,$15,15,$-0.30,$-0.30,$5,$14,$0,$30,$4,$0,$3,$0,$8,$37,$15,$0,$0,$1,$16,$0,$-191,$-1,$21,$37,$-13,$1,$2,$3,$0,$-1,$0,$0,$-4,$-14,$-1,$0,$0,$0,$0,$0,$0,$-1,$-0,$0,$-0,$10,$10,$0,$0,$10,$-4,$2,$0
5,2017-06-30,4.85,$1.67,2.91,$4.00,1.21,$-2.97,0.0,$-1.60,0.0,$0.03B,$0.02B,2.21,$0.00B,$0.03B,0.0,$0.05B,$0.02B,39.22%,$0.05B,$-0.02B,-29.41%,$0.05B,$-0.02B,-29.41%,$0.05B,$-0.02B,-29.41%,$0.05B,$-0.02B,-29.41%,$0.05B,$-0.02B,-35.29%,$-0.02B,$0.03B,-79.12%,$-0.02B,$0.02B,-91.14%,$-0.02B,$0.04B,-43.37%,$-0.02B,$0.03B,-65.93%,$13,$8,$5,$2,$7,$17,$-4,$0,$-4,$0,$-4,$-4,$-4,$-4,$-4,$14,14,$-0.61,$-0.61,$8,$15,$0,$34,$5,$0,$3,$0,$8,$42,$16,$0,$1,$1,$17,$0,$-187,$-1,$25,$42,$-8,$1,$1,$2,$-0,$-2,$0,$0,$-5,$-11,$-1,$0,$0,$0,$0,$0,$0,$-1,$-0,$0,$-0,$10,$10,$0,$0,$10,$-1,$1,$0
6,2017-03-31,6.75,$1.36,4.97,$4.25,1.59,$-2.70,0.0,$-1.30,0.0,$0.03B,$0.02B,1.71,$0.00B,$0.02B,0.0,$0.05B,$0.02B,40.38%,$0.05B,$-0.01B,-26.92%,$0.05B,$-0.01B,-26.92%,$0.05B,$-0.01B,-26.92%,$0.05B,$-0.01B,-26.92%,$0.05B,$-0.02B,-34.62%,$-0.02B,$0.02B,-84.71%,$-0.02B,$0.02B,-98.63%,$-0.02B,$0.04B,-45.00%,$-0.01B,$0.02B,-65.88%,$11,$7,$4,$1,$7,$15,$-4,$0,$-4,$0,$-4,$-4,$-4,$-4,$-4,$14,14,$-0.30,$-0.30,$4,$15,$0,$29,$4,$0,$3,$0,$8,$37,$17,$0,$1,$2,$19,$0,$-182,$-1,$18,$37,$-4,$0,$1,$1,$1,$-1,$0,$-0,$-2,$-5,$-0,$0,$0,$0,$0,$0,$0,$-0,$-0,$0,$-0,$0,$0,$0,$0,$-0,$-5,$0,$0
7,2016-12-31,7.0,$1.63,4.29,$4.39,1.59,$-2.74,0.0,$-1.35,0.0,$0.03B,$0.02B,1.89,$0.00B,$0.02B,0.0,$0.05B,$0.02B,40.38%,$0.05B,$-0.01B,-26.92%,$0.05B,$-0.01B,-26.92%,$0.05B,$-0.01B,-26.92%,$0.05B,$-0.01B,-26.92%,$0.05B,$-0.02B,-34.62%,$-0.02B,$0.02B,-80.90%,$-0.02B,$0.02B,-93.51%,$-0.02B,$0.04B,-44.72%,$-0.01B,$0.02B,-62.92%,$14,$8,$5,$2,$7,$18,$-4,$-0,$-4,$0,$-4,$-4,$-7,$-4,$-4,$12,12,$-0.35,$-0.35,$9,$14,$0,$34,$4,$0,$3,$1,$8,$42,$18,$0,$1,$2,$20,$0,$-178,$-1,$22,$42,$-15,$1,$3,$4,$-1,$-2,$0,$-0,$0,$-11,$-1,$0,$0,$0,$0,$0,$0,$-1,$-0,$0,$-0,$10,$10,$0,$0,$9,$-3,$3,$0
8,2016-09-30,8.75,$1.93,4.54,$4.51,1.94,$-3.43,0.0,$-1.25,0.0,$0.04B,$0.02B,2.27,$0.00B,$0.03B,0.0,$0.05B,$0.02B,41.51%,$0.05B,$-0.01B,-22.64%,$0.05B,$-0.01B,-22.64%,$0.05B,$-0.01B,-22.64%,$0.05B,$-0.01B,-22.64%,$0.05B,$-0.01B,-24.53%,$-0.01B,$0.03B,-56.52%,$-0.01B,$0.02B,-65.00%,$-0.01B,$0.05B,-32.30%,$-0.01B,$0.03B,-52.17%,$13,$8,$6,$2,$7,$16,$-3,$0,$-3,$0,$-3,$-3,$-3,$-3,$-3,$12,12,$-0.45,$-0.45,$13,$14,$0,$37,$4,$0,$3,$1,$7,$45,$16,$0,$1,$2,$19,$0,$-174,$-1,$26,$45,$-11,$1,$2,$3,$-1,$-1,$0,$0,$0,$-7,$-1,$0,$0,$0,$0,$0,$0,$-1,$-0,$0,$-0,$10,$10,$0,$0,$9,$1,$2,$0
9,2016-06-30,5.85,$1.63,3.6,$4.34,1.35,$-4.09,0.0,$-1.35,0.0,$0.03B,$0.02B,1.91,$0.00B,$0.02B,0.0,$0.05B,$0.02B,37.25%,$0.05B,$-0.01B,-27.45%,$0.05B,$-0.01B,-27.45%,$0.05B,$-0.01B,-27.45%,$0.05B,$-0.01B,-27.45%,$0.05B,$-0.02B,-29.41%,$-0.02B,$0.02B,-65.22%,$-0.02B,$0.02B,-75.00%,$-0.02B,$0.04B,-36.81%,$-0.01B,$0.02B,-60.22%,$14,$8,$6,$2,$7,$17,$-3,$-0,$-3,$0,$-4,$-4,$-4,$-3,$-3,$12,12,$-0.30,$-0.30,$5,$11,$0,$29,$4,$0,$3,$1,$7,$36,$15,$0,$1,$2,$17,$0,$-171,$-1,$19,$36,$-8,$0,$2,$2,$-2,$1,$0,$0,$-1,$-6,$-1,$0,$0,$0,$0,$0,$0,$-1,$-0,$0,$-0,$0,$0,$0,$0,$-0,$-7,$2,$0
10,2016-03-31,6.55,$1.85,3.53,$4.18,1.57,$-4.50,0.0,$-1.65,0.0,$0.03B,$0.02B,2.14,$0.00B,$0.02B,0.01,$0.05B,$0.02B,34.69%,$0.05B,$-0.02B,-36.73%,$0.05B,$-0.02B,-36.73%,$0.05B,$-0.02B,-36.73%,$0.05B,$-0.02B,-36.73%,$0.05B,$-0.02B,-36.73%,$-0.02B,$0.02B,-69.23%,$-0.02B,$0.02B,-78.26%,$-0.02B,$0.04B,-40.45%,$-0.02B,$0.02B,-68.57%,$11,$7,$4,$2,$6,$15,$-4,$0,$-4,$0,$-4,$-4,$-4,$-4,$-4,$12,12,$-0.35,$-0.35,$7,$13,$0,$31,$4,$0,$3,$1,$7,$38,$15,$0,$1,$2,$17,$0,$-167,$-1,$22,$38,$-4,$0,$1,$1,$-1,$-0,$0,$-0,$-2,$-5,$-0,$0,$0,$0,$0,$0,$0,$-0,$-0,$0,$-0,$0,$0,$0,$0,$-0,$-5,$1,$0
11,2015-12-31,4.21,$2.14,1.96,$4.17,1.01,$-4.71,0.0,$-1.75,0.0,$0.04B,$0.02B,2.3,$0.00B,$0.03B,0.01,$0.05B,$0.02B,32.65%,$0.05B,$-0.02B,-38.78%,$0.05B,$-0.02B,-38.78%,$0.05B,$-0.02B,-38.78%,$0.05B,$-0.02B,-38.78%,$0.05B,$-0.02B,-38.78%,$-0.02B,$0.03B,-63.87%,$-0.02B,$0.02B,-71.03%,$-0.02B,$0.04B,-38.97%,$-0.02B,$0.03B,-63.33%,$15,$9,$6,$2,$6,$17,$-2,$-0,$-2,$0,$-2,$-2,$-2,$-2,$-2,$12,12,$-0.25,$-0.25,$12,$13,$0,$35,$4,$0,$3,$1,$7,$42,$15,$0,$1,$2,$17,$0,$-163,$-1,$25,$42,$-20,$1,$4,$5,$-0,$-1,$0,$1,$-3,$-18,$-2,$0,$0,$0,$0,$0,$0,$-2,$-0,$0,$-0,$0,$0,$0,$0,$-0,$-20,$3,$0
12,2015-09-30,4.5,$2.26,1.99,$4.49,1.0,$-4.97,0.0,$-1.90,0.0,$0.04B,$0.02B,2.2,$0.00B,$0.03B,0.01,$0.05B,$0.02B,31.91%,$0.05B,$-0.02B,-44.68%,$0.05B,$-0.02B,-44.68%,$0.05B,$-0.02B,-44.68%,$0.05B,$-0.02B,-44.68%,$0.05B,$-0.02B,-44.68%,$-0.02B,$0.03B,-61.76%,$-0.02B,$0.02B,-67.74%,$-0.02B,$0.05B,-39.62%,$-0.02B,$0.03B,-61.31%,$11,$8,$3,$2,$7,$17,$-5,$0,$-5,$0,$-5,$-5,$-5,$-5,$-5,$12,12,$-0.45,$-0.45,$15,$14,$0,$40,$3,$0,$3,$1,$7,$47,$18,$0,$1,$3,$21,$0,$-160,$-1,$26,$47,$-18,$1,$3,$3,$-1,$-2,$0,$0,$-0,$-15,$-1,$0,$0,$0,$0,$0,$0,$-1,$-0,$0,$-0,$0,$0,$0,$0,$-0,$-16,$2,$0
13,2015-06-30,8.7,$2.67,3.26,$5.02,1.73,$-4.82,0.0,$-1.85,0.0,$0.05B,$0.02B,2.53,$0.00B,$0.03B,0.01,$0.05B,$0.02B,34.69%,$0.05B,$-0.02B,-38.78%,$0.05B,$-0.02B,-38.78%,$0.05B,$-0.02B,-38.78%,$0.05B,$-0.02B,-38.78%,$0.05B,$-0.02B,-38.78%,$-0.02B,$0.03B,-62.81%,$-0.02B,$0.03B,-69.72%,$-0.02B,$0.05B,-38.97%,$-0.02B,$0.03B,-62.81%,$12,$8,$4,$2,$9,$19,$-7,$0,$-7,$0,$-7,$-7,$-7,$-7,$-7,$12,12,$-0.60,$-0.60,$20,$14,$0,$45,$2,$0,$3,$1,$6,$51,$18,$0,$1,$2,$20,$0,$-155,$-1,$31,$51,$-12,$0,$2,$2,$-1,$-1,$0,$0,$-1,$-11,$-0,$0,$0,$0,$0,$0,$0,$-0,$-0,$0,$-0,$0,$0,$0,$0,$0,$-12,$2,$0
14,2015-03-31,10.1,$3.19,3.16,$5.35,1.89,$-4.23,0.0,$-2.10,0.0,$0.05B,$0.02B,3.11,$0.00B,$0.04B,0.01,$0.05B,$0.02B,36.17%,$0.05B,$-0.02B,-38.30%,$0.05B,$-0.02B,-38.30%,$0.05B,$-0.02B,-38.30%,$0.05B,$-0.02B,-38.30%,$0.05B,$-0.02B,-38.30%,$-0.02B,$0.04B,-77.42%,$-0.02B,$0.03B,-88.89%,$-0.02B,$0.06B,-42.35%,$-0.02B,$0.04B,-77.42%,$11,$8,$3,$2,$7,$16,$-5,$-0,$-5,$0,$-5,$-5,$-5,$-5,$-5,$12,12,$-0.45,$-0.45,$24,$13,$0,$49,$2,$0,$3,$1,$6,$55,$16,$0,$1,$2,$18,$0,$-148,$-1,$37,$55,$-5,$0,$1,$1,$-1,$-1,$0,$-0,$-3,$-7,$-0,$0,$0,$0,$0,$0,$0,$-0,$-0,$0,$-0,$0,$0,$0,$0,$0,$-8,$1,$0
15,2014-12-31,13.15,$3.62,3.63,$6.00,2.19,$-3.97,0.0,$-2.30,0.0,$0.06B,$0.02B,3.39,$0.00B,$0.04B,0.0,$0.05B,$0.02B,37.50%,$0.05B,$-0.02B,-37.50%,$0.05B,$-0.02B,-37.50%,$0.05B,$-0.02B,-35.42%,$0.05B,$-0.02B,-37.50%,$0.05B,$-0.02B,-37.50%,$-0.02B,$0.04B,-110.77%,$-0.02B,$0.04B,-135.85%,$-0.02B,$0.06B,-50.00%,$-0.02B,$0.04B,-110.77%,$13,$8,$5,$1,$7,$17,$-4,$-0,$-4,$0,$-4,$-4,$-4,$-4,$-4,$8,8,$-0.35,$-0.35,$32,$13,$0,$55,$1,$0,$3,$0,$5,$59,$16,$0,$1,$1,$17,$0,$-143,$-1,$42,$59,$-19,$1,$3,$4,$1,$-2,$0,$-1,$-2,$-16,$-0,$0,$0,$0,$0,$0,$0,$-0,$0,$-5,$-5,$51,$51,$0,$-0,$47,$30,$1,$0
16,2014-09-30,12.45,$1.26,9.86,$6.76,1.84,$-3.55,0.0,$-2.20,0.0,$0.03B,$0.02B,1.41,$0.00B,$0.01B,0.0,$0.05B,$0.02B,38.00%,$0.05B,$-0.02B,-32.00%,$0.05B,$-0.02B,-32.00%,$0.05B,$-0.02B,-30.00%,$0.05B,$-0.02B,-32.00%,$0.05B,$-0.02B,-32.00%,$-0.02B,$0.01B,-206.45%,$-0.02B,$0.01B,-336.84%,$-0.02B,$0.03B,-55.17%,$-0.02B,$0.01B,-206.45%,$13,$7,$5,$1,$7,$16,$-3,$-0,$-3,$0,$-3,$-3,$-3,$-3,$-3,$8,8,$-0.40,$-0.40,$3,$12,$0,$25,$1,$0,$3,$0,$5,$30,$18,$0,$0,$1,$19,$0,$-139,$-0,$11,$30,$-15,$1,$2,$3,$1,$-1,$0,$-1,$2,$-10,$-0,$0,$0,$0,$0,$0,$0,$-0,$0,$-5,$-5,$17,$17,$0,$-0,$12,$1,$1,$0
17,2014-06-30,11.0,$0.39,28.52,$7.14,1.54,$-3.47,0.0,$-2.44,0.0,$0.02B,$0.02B,0.95,$0.00B,$0.00B,0.0,$0.05B,$0.02B,36.73%,$0.05B,$-0.02B,-34.69%,$0.05B,$-0.02B,-34.69%,$0.05B,$-0.02B,-32.65%,$0.05B,$-0.02B,-34.69%,$0.05B,$-0.02B,-34.69%,$-0.02B,$0.00B,-226.67%,$-0.02B,$0.00B,-400.00%,$-0.02B,$0.03B,-57.14%,$-0.02B,$0.00B,-226.67%,$10,$6,$4,$1,$9,$16,$-6,$-0,$-6,$0,$-6,$-6,$-6,$-6,$-6,$8,8,$-0.85,$-0.85,$2,$12,$0,$21,$2,$0,$3,$0,$5,$26,$23,$0,$0,$1,$23,$0,$-135,$-0,$3,$26,$-11,$1,$2,$2,$4,$-1,$0,$-0,$6,$-3,$-0,$0,$0,$0,$0,$0,$0,$-0,$0,$-1,$-1,$5,$5,$0,$-0,$4,$1,$1,$0
18,2014-03-31,12.05,$1.20,10.07,$7.99,1.51,$-3.91,0.0,$-1.99,0.0,$0.02B,$0.02B,1.24,$0.00B,$0.01B,0.0,$0.05B,$0.02B,37.74%,$0.05B,$-0.01B,-24.53%,$0.05B,$-0.01B,-24.53%,$0.05B,$-0.01B,-22.64%,$0.05B,$-0.01B,-24.53%,$0.05B,$-0.01B,-26.42%,$-0.01B,$0.01B,-160.00%,$-0.01B,$0.01B,-254.55%,$-0.01B,$0.03B,-44.80%,$-0.01B,$0.01B,-148.57%,$12,$8,$4,$1,$8,$16,$-5,$-0,$-5,$0,$-5,$-5,$-5,$-4,$-5,$7,7,$-0.65,$-0.65,$2,$12,$0,$24,$2,$0,$3,$0,$5,$29,$19,$0,$0,$1,$20,$0,$-129,$-0,$9,$29,$-5,$0,$1,$1,$2,$-1,$0,$-0,$1,$-3,$-0,$0,$0,$0,$0,$0,$0,$-0,$0,$-2,$-2,$5,$5,$0,$-0,$3,$0,$0,$0
19,2013-12-31,14.08,$1.20,11.74,$8.68,1.62,$-3.97,0.0,$-1.73,0.0,$0.03B,$0.02B,1.18,$0.00B,$0.01B,0.0,$0.06B,$0.02B,39.29%,$0.06B,$-0.01B,-19.64%,$0.06B,$-0.01B,-19.64%,$0.06B,$-0.01B,-19.64%,$0.06B,$-0.01B,-19.64%,$0.06B,$-0.01B,-21.43%,$-0.01B,$0.01B,-133.33%,$-0.01B,$0.01B,-218.18%,$-0.01B,$0.03B,-37.80%,$-0.01B,$0.01B,-122.22%,$15,$9,$6,$1,$7,$17,$-2,$-0,$-2,$0,$-2,$-2,$-2,$-2,$-2,$7,7,$-0.35,$-0.35,$1,$11,$0,$26,$2,$0,$3,$0,$5,$31,$22,$0,$0,$1,$23,$0,$-124,$-0,$8,$31,$-11,$1,$3,$4,$0,$-1,$0,$-0,$-2,$-9,$-1,$-0,$0,$0,$0,$0,$0,$-1,$0,$3,$3,$6,$6,$0,$-0,$9,$-1,$2,$0
20,2013-09-30,9.47,$1.35,7.01,$9.32,1.02,$-2.82,0.0,$-1.28,0.0,$0.03B,$0.02B,1.22,$0.00B,$0.01B,0.0,$0.06B,$0.03B,41.67%,$0.06B,$-0.01B,-13.33%,$0.06B,$-0.01B,-13.33%,$0.06B,$-0.01B,-13.33%,$0.06B,$-0.01B,-13.33%,$0.06B,$-0.01B,-15.00%,$-0.01B,$0.01B,-90.00%,$-0.01B,$0.01B,-138.46%,$-0.01B,$0.03B,-28.13%,$-0.01B,$0.01B,-80.00%,$12,$9,$4,$1,$7,$16,$-4,$-0,$-4,$0,$-4,$-4,$-4,$-4,$-4,$7,7,$-0.60,$-0.60,$4,$12,$0,$28,$2,$0,$3,$0,$5,$33,$23,$0,$0,$1,$23,$0,$-122,$-0,$10,$33,$-9,$1,$3,$3,$1,$-2,$0,$-0,$-1,$-7,$-0,$-0,$0,$0,$0,$0,$0,$-0,$0,$4,$4,$5,$5,$0,$-0,$9,$2,$1,$0
21,2013-06-30,17.63,$1.26,14.03,$9.57,1.84,$-2.30,0.0,$-0.74,0.0,$0.03B,$0.02B,1.16,$0.00B,$0.01B,0.0,$0.06B,$0.03B,43.55%,$0.06B,$-0.00B,-6.45%,$0.06B,$-0.00B,-6.45%,$0.06B,$-0.00B,-6.45%,$0.06B,$-0.01B,-8.06%,$0.06B,$-0.01B,-9.68%,$-0.01B,$0.01B,-60.00%,$-0.01B,$0.01B,-88.89%,$-0.01B,$0.03B,-19.35%,$-0.00B,$0.01B,-40.00%,$14,$9,$6,$1,$7,$17,$-2,$-0,$-2,$0,$-3,$-3,$-3,$-2,$-2,$6,6,$-0.40,$-0.40,$2,$13,$0,$27,$2,$0,$3,$0,$5,$32,$24,$0,$0,$1,$24,$0,$-117,$-0,$8,$32,$-5,$0,$1,$1,$0,$-1,$0,$-0,$-1,$-5,$-0,$-0,$0,$0,$0,$0,$0,$-0,$0,$4,$4,$1,$1,$0,$0,$5,$-0,$1,$0
22,2013-03-31,19.51,$1.50,12.96,$9.27,2.1,$-2.04,0.0,$-0.63,0.0,$0.03B,$0.02B,1.26,$0.00B,$0.01B,0.0,$0.06B,$0.03B,45.00%,$0.06B,$-0.00B,-6.67%,$0.06B,$-0.00B,-6.67%,$0.06B,$-0.00B,-6.67%,$0.06B,$-0.01B,-8.33%,$0.06B,$-0.01B,-8.33%,$-0.01B,$0.01B,-46.51%,$-0.01B,$0.01B,-66.67%,$-0.01B,$0.03B,-16.67%,$-0.00B,$0.01B,-37.21%,$15,$9,$6,$1,$7,$17,$-3,$-0,$-3,$-0,$-3,$-3,$-3,$-3,$-3,$6,6,$-0.40,$-0.40,$1,$12,$0,$25,$2,$0,$3,$0,$5,$31,$20,$0,$0,$1,$21,$0,$-115,$-0,$10,$31,$-3,$0,$0,$1,$1,$-1,$0,$-0,$-1,$-3,$-0,$-0,$0,$0,$0,$0,$0,$-0,$0,$2,$2,$0,$0,$0,$0,$2,$-1,$0,$0
23,2012-12-31,9.02,$1.89,4.79,$8.92,1.01,$-1.72,0.0,$-0.48,0.0,$0.03B,$0.02B,1.39,$0.00B,$0.01B,0.0,$0.06B,$0.03B,47.37%,$0.06B,$-0.00B,-5.26%,$0.06B,$-0.00B,-5.26%,$0.06B,$-0.00B,-3.51%,$0.06B,$-0.00B,-7.02%,$0.06B,$-0.00B,-7.02%,$-0.00B,$0.01B,-35.56%,$-0.00B,$0.01B,-48.48%,$-0.00B,$0.03B,-13.68%,$-0.00B,$0.01B,-26.67%,$19,$10,$9,$1,$7,$18,$1,$-0,$1,$0,$1,$1,$1,$1,$1,$6,6,$0.14,$0.14,$3,$11,$0,$27,$2,$0,$3,$0,$5,$32,$19,$0,$0,$1,$20,$0,$-112,$-0,$12,$32,$-3,$1,$3,$3,$-3,$-0,$0,$2,$-2,$-2,$-1,$-0,$0,$0,$0,$0,$0,$-1,$0,$2,$2,$0,$0,$0,$-0,$2,$-1,$2,$0
24,2012-09-30,8.25,$1.61,5.13,$8.11,1.02,$-3.60,0.0,$-0.91,0.0,$0.02B,$0.02B,1.35,$0.00B,$0.01B,0.0,$0.05B,$0.02B,47.06%,$0.05B,$-0.01B,-11.76%,$0.05B,$-0.01B,-11.76%,$0.05B,$-0.01B,-9.80%,$0.05B,$-0.01B,-13.73%,$0.05B,$-0.01B,-13.73%,$-0.01B,$0.01B,-60.87%,$-0.01B,$0.01B,-84.85%,$-0.01B,$0.03B,-24.35%,$-0.01B,$0.01B,-52.17%,$14,$8,$6,$1,$5,$14,$-0,$-0,$-1,$0,$-1,$-1,$-1,$-0,$-0,$6,6,$-0.10,$-0.10,$1,$11,$0,$24,$2,$0,$3,$0,$5,$29,$18,$0,$0,$1,$18,$0,$-113,$-0,$10,$29,$-4,$0,$2,$2,$-2,$0,$0,$2,$-2,$-4,$-1,$0,$0,$0,$0,$0,$0,$-1,$0,$2,$2,$0,$0,$0,$-0,$2,$-2,$1,$0
25,2012-06-30,9.42,$1.65,5.71,$8.01,1.17,$-4.78,0.0,$-0.96,0.0,$0.02B,$0.02B,1.39,$0.00B,$0.01B,0.0,$0.05B,$0.02B,46.00%,$0.05B,$-0.01B,-14.00%,$0.05B,$-0.01B,-14.00%,$0.05B,$-0.01B,-12.00%,$0.05B,$-0.01B,-14.00%,$0.05B,$-0.01B,-14.00%,$-0.01B,$0.01B,-56.00%,$-0.01B,$0.01B,-75.68%,$-0.01B,$0.03B,-24.35%,$-0.01B,$0.01B,-56.00%,$12,$7,$6,$1,$6,$14,$-2,$-0,$-2,$0,$-2,$-2,$-2,$-2,$-2,$6,6,$-0.30,$-0.30,$2,$11,$0,$23,$1,$0,$3,$0,$5,$28,$17,$0,$0,$1,$18,$0,$-113,$-0,$11,$28,$-4,$0,$1,$2,$-1,$1,$0,$1,$-1,$-3,$-0,$0,$0,$0,$0,$0,$0,$-0,$0,$2,$2,$0,$0,$0,$-0,$2,$-2,$1,$0
26,2012-03-31,13.02,$1.86,7.01,$8.13,1.6,$-5.41,0.0,$-0.81,0.0,$0.02B,$0.02B,1.53,$0.00B,$0.01B,0.0,$0.05B,$0.02B,46.00%,$0.05B,$-0.01B,-12.00%,$0.05B,$-0.01B,-12.00%,$0.05B,$-0.01B,-10.00%,$0.05B,$-0.01B,-12.00%,$0.05B,$-0.01B,-12.00%,$-0.01B,$0.01B,-44.44%,$-0.01B,$0.01B,-58.54%,$-0.01B,$0.03B,-20.51%,$-0.01B,$0.01B,-44.44%,$12,$7,$6,$1,$6,$14,$-2,$-0,$-2,$0,$-2,$-2,$-2,$-1,$-2,$6,6,$-0.25,$-0.25,$3,$10,$0,$23,$1,$0,$3,$0,$5,$28,$15,$0,$0,$1,$16,$0,$-111,$-0,$12,$28,$-2,$0,$1,$1,$-0,$1,$0,$0,$0,$-1,$-0,$0,$0,$0,$0,$0,$0,$-0,$0,$0,$0,$0,$0,$0,$0,$0,$-1,$1,$0
27,2011-12-31,12.29,$2.02,6.09,$8.06,1.52,$-6.16,0.0,$-0.71,0.0,$0.03B,$0.02B,1.56,$0.00B,$0.01B,0.0,$0.05B,$0.02B,44.90%,$0.05B,$-0.00B,-8.16%,$0.05B,$-0.00B,-8.16%,$0.05B,$-0.00B,-8.16%,$0.05B,$-0.01B,-10.20%,$0.05B,$-0.01B,-10.20%,$-0.01B,$0.01B,-43.48%,$-0.01B,$0.01B,-60.61%,$-0.01B,$0.03B,-18.35%,$-0.00B,$0.01B,-34.78%,$13,$8,$6,$1,$6,$15,$-2,$-0,$-2,$0,$-2,$-2,$-2,$-2,$-2,$6,6,$-0.32,$-0.32,$3,$11,$0,$25,$1,$0,$3,$0,$4,$30,$16,$0,$0,$1,$17,$0,$-109,$-0,$13,$30,$-4,$1,$3,$3,$-6,$-5,$0,$-6,$-12,$-13,$-0,$0,$0,$0,$0,$0,$0,$-0,$-3,$0,$-3,$18,$18,$0,$0,$15,$2,$2,$0
28,2011-09-30,14.2,$2.23,6.36,$7.72,1.84,$-4.67,0.0,$-0.38,0.0,$0.03B,$0.01B,1.81,$0.00B,$0.01B,0.0,$0.05B,$0.02B,45.65%,$0.05B,$-0.00B,-4.35%,$0.05B,$-0.00B,-4.35%,$0.05B,$-0.00B,-2.17%,$0.05B,$-0.00B,-6.52%,$0.05B,$-0.00B,-6.52%,$-0.00B,$0.01B,-40.00%,$-0.00B,$0.01B,-66.67%,$-0.00B,$0.03B,-12.37%,$-0.00B,$0.01B,-26.67%,$13,$8,$5,$1,$5,$14,$-1,$0,$-1,$0,$-1,$-1,$-1,$-1,$-1,$6,6,$-0.15,$-0.15,$6,$10,$0,$25,$1,$0,$3,$0,$5,$29,$14,$0,$1,$1,$15,$0,$-107,$-0,$14,$29,$-2,$1,$2,$2,$-5,$-3,$0,$-6,$-11,$-11,$-0,$0,$0,$0,$0,$0,$0,$-0,$-3,$0,$-3,$18,$18,$0,$0,$16,$4,$1,$0
29,2011-06-30,24.09,$2.34,10.29,$6.84,3.52,$-3.57,0.0,$-0.74,0.0,$0.03B,$0.01B,1.87,$0.00B,$0.02B,0.0,$0.04B,$0.02B,46.15%,$0.04B,$-0.00B,-7.69%,$0.04B,$-0.00B,-7.69%,$0.04B,$-0.00B,-5.13%,$0.04B,$-0.01B,-12.82%,$0.04B,$-0.01B,-12.82%,$-0.01B,$0.02B,-166.67%,$-0.01B,$0.01B,inf%,$-0.01B,$0.03B,-22.99%,$-0.00B,$0.02B,-85.71%,$12,$6,$6,$1,$5,$13,$-1,$-0,$-1,$0,$-1,$-1,$-1,$-1,$-1,$6,6,$-0.15,$-0.15,$10,$8,$0,$25,$1,$0,$3,$0,$5,$30,$14,$0,$1,$1,$15,$0,$-106,$-0,$15,$30,$-2,$1,$1,$2,$-3,$-1,$0,$-4,$-7,$-7,$-0,$0,$0,$0,$0,$0,$0,$-0,$-3,$0,$-3,$18,$18,$0,$0,$16,$8,$1,$0
30,2011-03-31,22.6,$0.73,30.81,$5.94,3.8,$-2.89,0.0,$-1.38,0.0,$0.02B,$0.01B,1.11,$0.00B,$0.00B,0.0,$0.03B,$0.01B,42.42%,$0.03B,$-0.01B,-18.18%,$0.03B,$-0.01B,-18.18%,$0.03B,$-0.01B,-15.15%,$0.03B,$-0.01B,-24.24%,$0.03B,$-0.01B,-24.24%,$-0.01B,$0.00B,800.00%,$-0.01B,$0.00B,188.24%,$-0.01B,$0.02B,-41.56%,$-0.01B,$0.00B,inf%,$11,$6,$5,$1,$4,$11,$-0,$-0,$-1,$0,$-1,$-1,$-1,$-0,$-0,$6,6,$-0.14,$-0.14,$2,$7,$0,$16,$1,$0,$3,$0,$5,$20,$14,$0,$1,$2,$16,$0,$-105,$-0,$4,$20,$-1,$0,$0,$1,$-3,$-0,$0,$-3,$-5,$-5,$-0,$0,$0,$0,$0,$0,$0,$-0,$-3,$0,$-3,$8,$8,$0,$0,$5,$-0,$0,$0
31,2010-12-31,8.04,$-0.59,-13.58,$4.91,1.64,$-1.90,0.0,$-2.25,0.0,$0.01B,$0.02B,0.68,$0.00B,$-0.00B,0.0,$0.03B,$0.01B,34.62%,$0.03B,$-0.01B,-42.31%,$0.03B,$-0.01B,-42.31%,$0.03B,$-0.01B,-38.46%,$0.03B,$-0.01B,-46.15%,$0.03B,$-0.01B,-46.15%,$-0.01B,$-0.00B,960.00%,$-0.01B,$-0.01B,252.63%,$-0.01B,$0.02B,-62.34%,$-0.01B,$-0.00B,4400.00%,$10,$5,$5,$1,$4,$9,$0,$-0,$0,$0,$0,$0,$0,$1,$0,$5,5,$0.04,$0.04,$2,$7,$0,$13,$1,$0,$3,$0,$5,$18,$20,$0,$1,$2,$21,$0,$-105,$-0,$-3,$18,$-12,$1,$1,$2,$1,$1,$0,$5,$6,$-4,$-0,$0,$0,$0,$0,$0,$0,$-0,$3,$0,$3,$0,$0,$0,$-0,$3,$-1,$1,$0
32,2010-09-30,5.38,$-0.66,-8.1,$5.04,1.07,$-1.71,0.0,$-2.57,0.0,$0.02B,$0.02B,0.77,$0.00B,$-0.00B,-0.5,$0.03B,$0.01B,30.77%,$0.03B,$-0.01B,-46.15%,$0.03B,$-0.01B,-46.15%,$0.03B,$-0.01B,-46.15%,$0.03B,$-0.01B,-50.00%,$0.03B,$-0.01B,-50.00%,$-0.01B,$-0.00B,-866.67%,$-0.01B,$-0.01B,650.00%,$-0.01B,$0.02B,-64.20%,$-0.01B,$-0.00B,-480.00%,$6,$4,$2,$1,$3,$9,$-2,$-0,$-3,$0,$-3,$-3,$-3,$-2,$-2,$5,5,$-0.47,$-0.47,$2,$8,$1,$15,$1,$0,$3,$0,$4,$19,$19,$2,$1,$4,$23,$0,$-105,$-0,$-4,$19,$-12,$1,$1,$1,$1,$-1,$0,$8,$7,$-4,$-0,$0,$0,$0,$0,$0,$0,$-0,$3,$0,$3,$0,$0,$0,$-0,$3,$-1,$1,$0
33,2010-06-30,6.94,$-0.25,-28.3,$6.14,1.13,$-1.40,0.0,$-1.88,0.0,$0.02B,$0.02B,0.86,$0.00B,$-0.00B,-2.13,$0.03B,$0.01B,37.50%,$0.03B,$-0.01B,-28.13%,$0.03B,$-0.01B,-28.13%,$0.03B,$-0.01B,-28.13%,$0.03B,$-0.01B,-28.13%,$0.03B,$-0.01B,-28.13%,$-0.01B,$-0.00B,-189.47%,$-0.01B,$-0.01B,-720.00%,$-0.01B,$0.02B,-42.35%,$-0.01B,$0.00B,-171.43%,$6,$4,$2,$1,$5,$10,$-4,$-0,$-4,$0,$-4,$-4,$-4,$-4,$-4,$5,5,$-0.80,$-0.80,$3,$9,$1,$16,$1,$0,$3,$0,$5,$20,$18,$3,$0,$4,$22,$0,$-102,$-1,$-1,$20,$-9,$1,$1,$1,$3,$-1,$0,$5,$6,$-3,$-0,$0,$0,$0,$0,$0,$0,$-0,$3,$0,$3,$0,$0,$0,$-0,$3,$-0,$0,$0
34,2010-03-31,8.96,$0.51,17.45,$7.74,1.16,$-1.30,0.0,$-0.64,0.0,$0.01B,$0.01B,0.99,$0.00B,$0.00B,0.0,$0.04B,$0.02B,45.00%,$0.04B,$-0.00B,-7.50%,$0.04B,$-0.00B,-7.50%,$0.04B,$-0.00B,-5.00%,$0.04B,$-0.00B,-7.50%,$0.04B,$-0.00B,-7.50%,$-0.00B,$0.00B,-42.86%,$-0.00B,$-0.00B,-85.71%,$-0.00B,$0.02B,-13.79%,$-0.00B,$0.00B,-42.86%,$4,$4,$0,$1,$4,$10,$-5,$0,$-5,$0,$-5,$-5,$-5,$-5,$-5,$5,5,$-1.02,$-1.02,$3,$8,$0,$14,$2,$0,$3,$0,$5,$20,$14,$0,$0,$3,$17,$0,$-98,$-0,$3,$20,$-5,$0,$0,$1,$3,$-1,$0,$4,$5,$1,$-0,$0,$0,$0,$0,$0,$0,$-0,$0,$0,$0,$0,$0,$0,$0,$0,$0,$0,$0
35,2009-12-31,8.77,$1.51,5.81,$8.16,1.08,$-2.11,0.0,$-0.51,0.0,$0.02B,$0.01B,1.47,$0.00B,$0.01B,0.0,$0.04B,$0.02B,46.51%,$0.04B,$-0.00B,-6.98%,$0.04B,$-0.00B,-6.98%,$0.04B,$-0.00B,-4.65%,$0.04B,$-0.00B,-6.98%,$0.04B,$-0.00B,-6.98%,$-0.00B,$0.01B,-40.00%,$-0.00B,$0.01B,-75.00%,$-0.00B,$0.02B,-13.48%,$-0.00B,$0.01B,-40.00%,$10,$6,$4,$1,$5,$12,$-1,$0,$-1,$0,$-1,$-1,$-1,$-1,$-1,$5,5,$-0.34,$-0.34,$3,$8,$0,$16,$2,$0,$3,$0,$6,$22,$11,$0,$1,$3,$14,$0,$-93,$-0,$8,$22,$-3,$1,$2,$4,$-0,$3,$0,$-2,$-3,$-3,$-0,$0,$0,$0,$0,$0,$0,$-0,$0,$-5,$-5,$0,$0,$0,$0,$-5,$-8,$1,$0
36,2009-09-30,10.38,$1.72,6.02,$8.45,1.23,$-2.60,0.0,$-1.24,0.0,$0.02B,$0.01B,1.5,$0.00B,$0.01B,0.0,$0.05B,$0.02B,46.67%,$0.05B,$-0.01B,-15.56%,$0.05B,$-0.01B,-15.56%,$0.05B,$-0.01B,-11.11%,$0.05B,$-0.01B,-15.56%,$0.05B,$-0.01B,-15.56%,$-0.01B,$0.01B,-90.32%,$-0.01B,$0.01B,-164.71%,$-0.01B,$0.02B,-27.18%,$-0.01B,$0.01B,-90.32%,$12,$6,$6,$1,$4,$11,$1,$-0,$1,$-0,$1,$1,$1,$1,$1,$5,5,$0.18,$0.18,$4,$9,$0,$17,$2,$0,$3,$0,$6,$23,$11,$0,$0,$3,$14,$0,$-91,$-0,$9,$23,$-1,$1,$2,$3,$1,$2,$0,$-1,$-3,$-2,$-0,$0,$0,$0,$0,$0,$0,$-0,$0,$-5,$-5,$0,$0,$0,$0,$-5,$-7,$1,$0
37,2009-06-30,7.76,$1.47,5.29,$9.08,0.85,$-2.29,0.0,$-2.30,0.0,$0.02B,$0.01B,1.33,$0.00B,$0.01B,0.0,$0.05B,$0.02B,47.92%,$0.05B,$-0.01B,-25.00%,$0.05B,$-0.01B,-25.00%,$0.05B,$-0.01B,-18.75%,$0.05B,$-0.01B,-25.00%,$0.05B,$-0.01B,-25.00%,$-0.01B,$0.01B,-133.33%,$-0.01B,$0.00B,-218.18%,$-0.01B,$0.02B,-39.67%,$-0.01B,$0.01B,-133.33%,$14,$6,$8,$1,$5,$12,$2,$-0,$2,$0,$2,$2,$2,$3,$2,$5,5,$0.46,$0.46,$3,$9,$0,$16,$3,$0,$3,$0,$6,$22,$12,$0,$0,$3,$15,$0,$-92,$-0,$8,$22,$-2,$1,$2,$2,$1,$2,$0,$-1,$-2,$-2,$-0,$0,$0,$0,$0,$0,$0,$-0,$0,$-5,$-5,$0,$0,$0,$0,$-5,$-8,$1,$0
38,2009-03-31,4.11,$0.92,4.46,$9.90,0.42,$-1.29,0.0,$-2.62,0.0,$0.02B,$0.01B,1.06,$0.00B,$0.01B,0.0,$0.05B,$0.03B,47.17%,$0.05B,$-0.01B,-26.42%,$0.05B,$-0.01B,-26.42%,$0.05B,$-0.01B,-20.75%,$0.05B,$-0.01B,-24.53%,$0.05B,$-0.01B,-24.53%,$-0.01B,$0.01B,-110.64%,$-0.01B,$0.00B,-157.58%,$-0.01B,$0.02B,-37.68%,$-0.01B,$0.01B,-119.15%,$7,$5,$2,$1,$6,$12,$-5,$0,$-5,$0,$-5,$-5,$-5,$-5,$-5,$5,5,$-0.87,$-0.87,$2,$10,$0,$15,$3,$0,$3,$0,$6,$22,$14,$0,$0,$3,$17,$0,$-94,$-1,$5,$22,$-5,$0,$2,$2,$2,$1,$0,$-0,$-1,$-4,$-0,$0,$0,$0,$0,$0,$0,$-0,$0,$-5,$-5,$0,$0,$0,$0,$-5,$-9,$0,$0
39,2008-12-31,6.85,$1.78,3.85,$12.25,0.56,$-0.45,0.0,$-1.75,0.0,$0.03B,$0.02B,1.21,$0.00B,$0.01B,0.0,$0.07B,$0.03B,50.77%,$0.07B,$-0.01B,-15.38%,$0.07B,$-0.01B,-15.38%,$0.07B,$-0.01B,-9.23%,$0.07B,$-0.01B,-12.31%,$0.07B,$-0.01B,-12.31%,$-0.01B,$0.01B,-54.24%,$-0.01B,$0.01B,-71.11%,$-0.01B,$0.04B,-20.25%,$-0.01B,$0.01B,-67.80%,$12,$6,$5,$2,$8,$16,$-5,$-0,$-5,$0,$-5,$-5,$-5,$-4,$-5,$5,5,$-1.03,$-1.03,$11,$12,$0,$29,$3,$0,$4,$0,$7,$36,$24,$0,$0,$3,$26,$0,$-90,$-0,$9,$36,$-9,$2,$2,$4,$7,$-5,$0,$-3,$0,$-5,$-1,$0,$0,$0,$0,$0,$0,$-1,$0,$2,$2,$1,$1,$0,$0,$2,$-3,$2,$0
40,2008-09-30,8.68,$2.74,3.16,$14.03,0.62,$-0.17,0.0,$-0.96,0.0,$0.03B,$0.02B,1.37,$0.00B,$0.01B,0.0,$0.07B,$0.04B,51.35%,$0.07B,$-0.01B,-10.81%,$0.07B,$-0.01B,-10.81%,$0.07B,$-0.00B,-5.41%,$0.07B,$-0.00B,-5.41%,$0.07B,$-0.00B,-5.41%,$-0.00B,$0.01B,-24.24%,$-0.00B,$0.01B,-31.37%,$-0.00B,$0.04B,-9.64%,$-0.01B,$0.01B,-48.48%,$15,$8,$8,$1,$9,$19,$-4,$-1,$-4,$0,$-4,$-4,$-4,$-3,$-4,$5,5,$-0.87,$-0.87,$15,$12,$0,$33,$4,$0,$4,$0,$8,$41,$24,$0,$0,$2,$26,$0,$-84,$0,$14,$41,$-4,$1,$1,$3,$7,$-4,$0,$-2,$1,$0,$-1,$0,$0,$0,$0,$0,$0,$-1,$0,$1,$1,$1,$1,$0,$0,$1,$1,$1,$0
41,2008-06-30,15.71,$3.53,4.45,$13.60,1.16,$-0.89,0.0,$-0.78,0.0,$0.03B,$0.02B,1.74,$0.00B,$0.02B,0.0,$0.07B,$0.04B,51.39%,$0.07B,$-0.01B,-11.11%,$0.07B,$-0.01B,-11.11%,$0.07B,$-0.00B,-5.56%,$0.07B,$-0.00B,-4.17%,$0.07B,$-0.00B,-5.56%,$-0.00B,$0.02B,-22.86%,$-0.00B,$0.02B,-29.63%,$-0.00B,$0.04B,-9.70%,$-0.01B,$0.02B,-45.71%,$19,$9,$10,$1,$8,$18,$0,$0,$1,$-0,$1,$1,$1,$1,$0,$5,5,$0.14,$0.14,$15,$9,$0,$30,$4,$0,$4,$0,$8,$39,$17,$0,$0,$3,$20,$0,$-80,$0,$19,$39,$1,$1,$1,$2,$6,$-2,$0,$-2,$1,$3,$-0,$0,$0,$0,$0,$0,$0,$-0,$0,$-4,$-4,$1,$1,$0,$0,$-3,$-0,$1,$0
42,2008-03-31,14.2,$3.30,4.3,$13.58,1.05,$-2.16,0.0,$-1.10,0.0,$0.03B,$0.02B,1.55,$0.00B,$0.02B,0.0,$0.07B,$0.04B,52.11%,$0.07B,$-0.01B,-12.68%,$0.07B,$-0.01B,-12.68%,$0.07B,$-0.01B,-7.04%,$0.07B,$-0.01B,-7.04%,$0.07B,$-0.01B,-8.45%,$-0.01B,$0.02B,-33.33%,$-0.01B,$0.01B,-42.86%,$-0.01B,$0.04B,-14.20%,$-0.01B,$0.02B,-50.00%,$19,$9,$10,$1,$9,$20,$-1,$1,$0,$0,$0,$0,$0,$-0,$-1,$5,5,$0.00,$0.00,$14,$8,$0,$33,$4,$0,$4,$0,$8,$42,$22,$0,$0,$3,$24,$0,$-81,$0,$17,$42,$0,$0,$0,$1,$1,$0,$0,$-2,$-0,$1,$-0,$0,$0,$0,$0,$0,$0,$-0,$0,$-2,$-2,$0,$0,$0,$0,$-1,$-1,$0,$0
43,2007-12-31,10.84,$3.16,3.43,$12.89,0.84,$-2.70,0.0,$-1.42,0.0,$0.04B,$0.03B,1.44,$0.00B,$0.02B,0.0,$0.07B,$0.04B,52.24%,$0.07B,$-0.01B,-14.93%,$0.07B,$-0.01B,-14.93%,$0.07B,$-0.01B,-8.96%,$0.07B,$-0.01B,-10.45%,$0.07B,$-0.01B,-11.94%,$-0.01B,$0.02B,-42.11%,$-0.01B,$0.01B,-54.24%,$-0.01B,$0.04B,-18.60%,$-0.01B,$0.02B,-52.63%,$21,$11,$10,$1,$10,$23,$-3,$1,$-1,$-0,$-1,$-1,$-1,$-2,$-3,$5,5,$-0.23,$-0.23,$15,$8,$0,$36,$4,$0,$4,$0,$9,$44,$25,$0,$0,$3,$28,$0,$-81,$0,$16,$44,$-7,$2,$1,$3,$4,$0,$0,$-3,$1,$-3,$-1,$-0,$0,$0,$0,$0,$0,$-1,$0,$4,$4,$1,$1,$0,$0,$4,$-0,$1,$0
44,2007-09-30,31.42,$3.49,9.01,$12.76,2.46,$-2.28,0.0,$-1.01,0.0,$0.03B,$0.02B,1.71,$0.00B,$0.02B,0.0,$0.07B,$0.04B,56.06%,$0.07B,$-0.01B,-9.09%,$0.07B,$-0.01B,-9.09%,$0.07B,$-0.00B,-3.03%,$0.07B,$-0.01B,-7.58%,$0.07B,$-0.01B,-9.09%,$-0.01B,$0.02B,-29.27%,$-0.01B,$0.01B,-36.92%,$-0.01B,$0.04B,-13.56%,$-0.01B,$0.02B,-29.27%,$13,$6,$7,$1,$9,$16,$-4,$0,$-3,$0,$-4,$-4,$-4,$-3,$-4,$5,5,$-0.69,$-0.69,$12,$11,$0,$31,$4,$0,$4,$0,$9,$40,$18,$0,$0,$4,$22,$0,$-79,$1,$18,$40,$-6,$1,$1,$2,$8,$-3,$0,$-1,$0,$-4,$-1,$0,$0,$0,$0,$0,$0,$-1,$0,$0,$0,$0,$0,$0,$0,$0,$-3,$1,$0
45,2007-06-30,27.89,$4.00,6.97,$13.62,2.05,$-1.44,0.0,$-0.51,0.0,$0.03B,$0.02B,1.91,$0.00B,$0.02B,0.0,$0.07B,$0.04B,55.71%,$0.07B,$-0.00B,-4.29%,$0.07B,$-0.00B,-4.29%,$0.07B,0,0.00%,$0.07B,$-0.00B,-4.29%,$0.07B,$-0.00B,-4.29%,$-0.00B,$0.02B,-14.46%,$-0.00B,$0.02B,-18.18%,$-0.00B,$0.04B,-6.67%,$-0.00B,$0.02B,-14.46%,$18,$8,$10,$1,$10,$19,$-1,$0,$-1,$0,$-1,$-1,$-1,$-0,$-1,$5,5,$-0.18,$-0.18,$12,$9,$0,$34,$4,$0,$4,$0,$9,$43,$18,$0,$1,$4,$22,$0,$-76,$1,$21,$43,$-3,$1,$1,$2,$4,$-1,$0,$-1,$-2,$-3,$-0,$0,$0,$0,$0,$0,$0,$-0,$0,$0,$0,$0,$0,$0,$0,$0,$-3,$1,$0
46,2007-03-31,44.7,$4.01,11.15,$13.25,3.37,$-0.94,0.0,$-0.78,0.0,$0.04B,$0.02B,1.83,$0.00B,$0.02B,0.0,$0.07B,$0.04B,54.41%,$0.07B,$-0.00B,-5.88%,$0.07B,$-0.00B,-5.88%,$0.07B,$-0.00B,-2.94%,$0.07B,$-0.00B,-5.88%,$0.07B,$-0.00B,-5.88%,$-0.00B,$0.02B,-20.00%,$-0.00B,$0.02B,-25.81%,$-0.00B,$0.05B,-8.89%,$-0.00B,$0.02B,-20.00%,$15,$7,$8,$1,$9,$17,$-2,$0,$-2,$0,$-2,$-2,$-2,$-1,$-2,$5,5,$-0.32,$-0.32,$13,$9,$0,$35,$5,$0,$4,$0,$9,$45,$19,$0,$1,$5,$24,$0,$-75,$0,$21,$45,$-2,$0,$0,$1,$3,$-1,$0,$-1,$-1,$-2,$-0,$0,$0,$0,$0,$0,$0,$-0,$0,$0,$0,$0,$0,$0,$0,$0,$-2,$0,$0
47,2006-12-31,40.2,$4.24,9.47,$13.67,2.94,$-1.00,0.0,$-0.92,0.0,$0.04B,$0.02B,1.8,$0.00B,$0.02B,0.0,$0.07B,$0.04B,54.29%,$0.07B,$-0.00B,-5.71%,$0.07B,$-0.00B,-5.71%,$0.07B,$-0.00B,-4.29%,$0.07B,$-0.00B,-5.71%,$0.07B,$-0.00B,-5.71%,$-0.00B,$0.02B,-20.25%,$-0.00B,$0.02B,-26.23%,$-0.00B,$0.05B,-8.94%,$-0.00B,$0.02B,-20.25%,$20,$8,$12,$1,$9,$19,$1,$0,$1,$0,$1,$1,$1,$2,$1,$5,5,$0.18,$0.18,$15,$8,$0,$39,$5,$0,$4,$0,$10,$49,$22,$0,$0,$5,$27,$0,$-73,$0,$22,$49,$-5,$2,$3,$5,$-8,$1,$0,$8,$-0,$0,$-2,$0,$0,$0,$10,$10,$0,$8,$0,$-5,$-5,$3,$3,$0,$0,$-2,$6,$2,$0
