,Date,Stock Price,Book Value per Share,Price to Book Ratio,TTM Sales per Share,Price to Sales Ratio,TTM FCF per Share,Price to FCF Ratio,TTM Net EPS,PE Ratio,Current Assets,Current Liabilities,Current Ratio,Long Term Debt,Shareholder's Equity_x,Debt to Equity Ratio,TTM Revenue_x,TTM Gross Profit,Gross Margin,TTM Revenue_y,TTM Operating Income,Operating Margin,TTM Revenue_x,TTM EBIT,EBIT Margin,TTM Revenue_y,TTM EBITDA,EBITDA Margin,TTM Revenue_x,TTM Pre-Tax Income,Pre-Tax Margin,TTM Revenue_y,TTM Net Income_x,Net Margin,TTM Net Income_y,Shareholder's Equity_y,Return on Equity,TTM Net Income_x,Tangible Equity,Return on Tangible Equity,TTM Net Income_y,Total Assets,Return on Assets,TTM Net Income,LT Investments & Debt,Return on Investment,revenue,cost-goods-sold,gross-profit,research-development-expenses,selling-general-administrative-expenses,operating-expenses,operating-income,total-non-operating-income-expense,pre-tax-income,total-provision-income-taxes,income-after-taxes,income-from-continuous-operations,net-income,ebitda,ebit,basic-shares-outstanding,shares-outstanding,eps-basic-net-earnings-per-share,eps-earnings-per-share-diluted,cash-on-hand,inventory,other-current-assets,total-current-assets,net-property-plant-equipment,long-term-investments,goodwill-intangible-assets-total,other-long-term-assets,total-long-term-assets,total-assets,total-current-liabilities,long-term-debt,other-non-current-liabilities,total-long-term-liabilities,total-liabilities,common-stock-net,retained-earnings-accumulated-deficit,comprehensive-income,total-share-holder-equity,total-liabilities-share-holders-equity,net-income-loss,total-depreciation-amortization-cash-flow,other-non-cash-items,total-non-cash-items,change-in-accounts-receivable,change-in-inventories,change-in-accounts-payable,change-in-assets-liabilities,total-change-in-assets-liabilities,cash-flow-from-operating-activities,net-change-in-property-plant-equipment,net-change-in-intangible-assets,net-acquisitions-divestitures,net-change-in-short-term-investments,net-change-in-long-term-investments,net-change-in-investments-total,investing-activities-other,cash-flow-from-investing-activities,net-long-term-debt,net-current-debt,debt-issuance-retirement-net-total,net-common-equity-issued-repurchased,net-total-equity-issued-repurchased,total-common-preferred-stock-dividends-paid,financial-activities-other,cash-flow-from-financial-activities,net-cash-flow,stock-based-compensation,common-stock-dividends-paid
0,2018-09-30,39.88,$0.00,0.0,$15.37,2.59,$7.85,5.08,$0.62,64.32,$1.36B,$11.52B,0.12,$0.00B,$11.19B,0.0,$4.21B,$2.33B,55.37%,$4.21B,$1.40B,33.17%,$4.21B,$1.40B,33.17%,$4.21B,$2.10B,49.79%,$4.21B,$1.27B,30.23%,$4.21B,$0.21B,5.04%,$0.21B,$12.12B,1.65%,$0.21B,$3.04B,6.13%,$0.21B,$29.33B,0.73%,$1.40B,$12.12B,9.13%,$1167,$603,$564,$0,$57,$848,$319,$-167,$152,$65,$87,$87,$-20,$507,$319,$277,277,$-0.10,$-0.10,$1362,$0,$0,$1362,$10155,$4490,$9084,$0,$27970,$29332,$11524,$0,$1188,$5686,$17210,$4315,$0,$0,$12122,$29332,$633,$569,$64,$633,$0,$0,$0,$-52,$-52,$986,$-1128,$0,$0,$0,$1226,$1226,$-140,$-42,$1217,$0,$1217,$12,$354,$-686,$-1014,$-129,$770,$0,$-686
1,2018-06-30,38.4,$0.00,0.0,$14.81,2.59,$-5.74,0.0,$0.68,56.47,$1.03B,$2.46B,0.42,$9.69B,$11.52B,0.84,$4.00B,$2.33B,58.30%,$4.00B,$1.37B,34.13%,$4.00B,$1.37B,34.13%,$4.00B,$2.09B,52.27%,$4.00B,$1.30B,32.51%,$4.00B,$0.22B,5.52%,$0.22B,$12.28B,1.67%,$0.22B,$3.41B,6.23%,$0.22B,$28.83B,0.76%,$1.37B,$21.97B,7.75%,$1044,$467,$577,$0,$54,$709,$335,$-44,$291,$72,$219,$219,$64,$523,$335,$277,277,$0.21,$0.21,$1033,$0,$0,$1033,$10221,$4595,$8868,$0,$27797,$28830,$2464,$9689,$0,$14090,$16554,$4567,$0,$0,$12276,$28830,$546,$381,$0,$381,$0,$0,$0,$-34,$-34,$649,$-751,$0,$0,$0,$1234,$1234,$-160,$323,$825,$0,$825,$8,$165,$-457,$-1064,$-531,$408,$0,$-457
2,2018-03-31,41.13,$0.00,0.0,$14.64,2.81,$-20.46,0.0,$0.41,100.32,$1.10B,$10.82B,0.1,$0.00B,$12.86B,0.0,$3.89B,$2.32B,59.53%,$3.89B,$1.33B,34.10%,$3.89B,$1.33B,34.10%,$3.89B,$2.07B,53.21%,$3.89B,$1.20B,30.86%,$3.89B,$0.14B,3.62%,$0.14B,$13.61B,1.06%,$0.14B,$3.80B,4.17%,$0.14B,$29.17B,0.49%,$1.33B,$13.61B,8.36%,$1013,$409,$604,$0,$58,$660,$353,$159,$512,$185,$327,$327,$122,$546,$353,$277,277,$0.42,$0.42,$1096,$0,$0,$1096,$10090,$4884,$9805,$0,$28072,$29168,$10818,$0,$0,$4743,$15561,$5002,$0,$0,$13607,$29168,$327,$193,$9,$202,$0,$0,$0,$191,$191,$466,$1099,$0,$0,$0,$0,$0,$-79,$1020,$-729,$0,$-729,$4,$161,$-228,$-175,$-971,$516,$0,$-228
3,2017-12-31,43.75,$0.00,0.0,$13.50,3.24,$-26.14,0.0,$-0.04,0.0,$0.57B,$10.16B,0.06,$0.00B,$12.88B,0.0,$3.54B,$2.03B,57.31%,$3.54B,$1.12B,31.57%,$3.54B,$1.12B,31.57%,$3.54B,$1.79B,50.55%,$3.54B,$0.75B,21.13%,$3.54B,$0.01B,0.31%,$0.01B,$13.47B,0.09%,$0.01B,$3.58B,0.30%,$0.01B,$29.48B,0.04%,$1.12B,$13.47B,6.66%,$984,$399,$585,$0,$66,$595,$389,$-72,$317,$75,$242,$242,$46,$519,$389,$264,265,$0.17,$0.17,$570,$0,$0,$570,$9937,$5764,$9894,$0,$28907,$29477,$10164,$0,$1313,$5839,$16003,$4992,$0,$0,$13474,$29477,$574,$671,$-52,$619,$-31,$0,$158,$4,$131,$1481,$-667,$0,$-4223,$0,$-620,$-620,$-211,$-5721,$1380,$0,$1380,$992,$1212,$-794,$2016,$3814,$-412,$0,$-794
4,2017-09-30,41.71,$0.00,0.0,$12.55,3.32,$-28.93,0.0,$0.27,154.48,$0.72B,$3.12B,0.23,$7.93B,$12.90B,0.62,$3.23B,$1.72B,53.35%,$3.23B,$0.85B,26.36%,$3.23B,$0.85B,26.36%,$3.23B,$1.51B,46.62%,$3.23B,$0.64B,19.76%,$3.23B,$0.07B,2.26%,$0.07B,$13.50B,0.64%,$0.07B,$3.40B,1.83%,$0.07B,$28.77B,0.29%,$0.85B,$21.43B,4.79%,$961,$394,$567,$0,$63,$672,$289,$-108,$181,$30,$151,$151,$-11,$504,$289,$263,263,$-0.04,$-0.04,$713,$0,$7,$720,$9434,$5253,$10091,$0,$28053,$28773,$3120,$7931,$0,$12158,$15278,$4952,$0,$0,$13495,$28773,$332,$541,$-41,$500,$0,$0,$0,$7,$7,$972,$-4677,$0,$0,$0,$-351,$-351,$-131,$-5159,$882,$0,$882,$988,$1208,$-586,$2372,$3876,$-294,$0,$-586
5,2017-06-30,39.16,$0.00,0.0,$11.04,3.55,$-15.69,0.0,$0.47,83.32,$0.68B,$9.11B,0.08,$2.36B,$12.03B,0.2,$2.79B,$1.41B,50.56%,$2.79B,$0.65B,23.16%,$2.79B,$0.65B,23.16%,$2.79B,$1.21B,43.42%,$2.79B,$0.55B,19.54%,$2.79B,$0.12B,4.45%,$0.12B,$12.62B,1.22%,$0.12B,$2.75B,3.09%,$0.12B,$28.30B,0.53%,$0.65B,$14.98B,3.87%,$934,$373,$561,$0,$59,$638,$296,$-105,$191,$56,$135,$135,$-16,$502,$296,$260,260,$-0.06,$-0.06,$661,$0,$20,$681,$9188,$5248,$9874,$0,$27623,$28304,$9109,$2356,$0,$6571,$15680,$4279,$0,$0,$12624,$28304,$181,$326,$0,$326,$0,$0,$0,$18,$18,$597,$-4513,$0,$0,$0,$-318,$-318,$-64,$-4895,$1520,$0,$1520,$11,$231,$-390,$2615,$3976,$-318,$0,$-390
6,2017-03-31,36.62,$0.00,0.0,$9.32,3.93,$-1.27,0.0,$0.92,39.66,$1.47B,$1.69B,0.87,$7.42B,$9.18B,0.81,$2.32B,$1.11B,48.04%,$2.32B,$0.47B,20.11%,$2.32B,$0.47B,20.11%,$2.32B,$0.93B,40.27%,$2.32B,$0.51B,22.18%,$2.32B,$0.24B,10.19%,$0.24B,$9.77B,2.62%,$0.24B,$5.14B,5.66%,$0.24B,$22.30B,1.11%,$0.47B,$17.20B,2.71%,$656,$343,$313,$0,$51,$514,$142,$-84,$58,$12,$46,$46,$-8,$262,$142,$260,260,$-0.03,$-0.03,$1467,$0,$0,$1467,$8905,$5000,$4638,$19,$20836,$22303,$1693,$7423,$412,$10836,$12529,$4515,$0,$0,$9774,$22303,$46,$120,$-5,$115,$0,$0,$0,$-4,$-4,$178,$-183,$0,$0,$0,$0,$0,$-126,$-309,$642,$0,$642,$6,$226,$-194,$-14,$660,$537,$0,$-194
7,2016-12-31,31.32,$37.17,0.84,$8.66,3.62,$-1.40,0.0,$1.12,27.97,$1.63B,$1.52B,1.08,$7.75B,$9.27B,0.84,$2.12B,$1.05B,49.74%,$2.12B,$0.44B,20.76%,$2.12B,$0.44B,20.76%,$2.12B,$0.89B,41.89%,$2.12B,$0.54B,25.67%,$2.12B,$0.29B,13.48%,$0.29B,$9.64B,3.38%,$0.29B,$4.68B,7.46%,$0.29B,$21.28B,1.40%,$0.44B,$17.40B,2.64%,$677,$396,$281,$0,$44,$553,$124,$84,$208,$30,$178,$178,$108,$237,$124,$245,245,$0.41,$0.41,$1027,$101,$0,$1632,$8656,$5781,$4967,$165,$19643,$21275,$1515,$7752,$732,$10116,$11631,$4638,$0,$0,$9644,$21275,$528,$447,$-202,$245,$31,$0,$11,$3,$45,$753,$-683,$0,$-167,$0,$-887,$-887,$679,$-1058,$15,$0,$15,$749,$935,$-628,$577,$899,$587,$0,$-628
8,2016-09-30,32.04,$0.00,0.0,$7.79,4.11,$-1.18,0.0,$0.75,42.9,$1.60B,$1.40B,1.15,$8.55B,$8.24B,1.04,$1.89B,$1.03B,54.25%,$1.89B,$0.45B,23.98%,$1.89B,$0.45B,23.98%,$1.89B,$0.87B,45.96%,$1.89B,$0.34B,17.96%,$1.89B,$0.20B,10.67%,$0.20B,$8.62B,2.59%,$0.20B,$3.49B,5.61%,$0.20B,$21.11B,1.04%,$0.45B,$17.16B,2.88%,$522,$267,$255,$0,$45,$438,$84,$4,$88,$-15,$103,$103,$40,$210,$84,$243,243,$0.16,$0.16,$586,$76,$432,$1601,$8677,$5479,$5129,$151,$19508,$21109,$1395,$8545,$975,$11096,$12491,$3895,$0,$0,$8618,$21109,$350,$334,$0,$334,$0,$0,$0,$91,$91,$664,$-877,$0,$-716,$0,$0,$0,$538,$-1055,$262,$0,$262,$148,$148,$-466,$684,$628,$242,$0,$-466
9,2016-06-30,27.57,$0.00,0.0,$7.58,3.64,$0.39,71.29,$0.89,30.86,$2.72B,$0.92B,2.95,$8.88B,$7.87B,1.13,$1.84B,$1.04B,56.61%,$1.84B,$0.51B,27.84%,$1.84B,$0.51B,27.84%,$1.84B,$0.90B,48.89%,$1.84B,$0.45B,24.25%,$1.84B,$0.24B,12.89%,$0.24B,$8.06B,3.28%,$0.24B,$3.38B,6.83%,$0.24B,$20.44B,1.30%,$0.51B,$16.94B,3.47%,$462,$198,$264,$0,$40,$346,$116,$44,$160,$1,$159,$159,$96,$224,$116,$246,246,$0.39,$0.39,$1943,$16,$317,$2719,$7583,$5248,$4687,$125,$17724,$20443,$923,$8881,$1048,$11457,$12380,$3986,$0,$0,$8063,$20443,$247,$208,$0,$208,$0,$0,$0,$0,$0,$321,$-485,$0,$0,$0,$-504,$-504,$23,$-966,$853,$0,$853,$5,$5,$-306,$263,$815,$179,$0,$-306
10,2016-03-31,25.32,$0.00,0.0,$8.81,2.87,$1.98,12.79,$0.51,49.96,$2.74B,$1.35B,2.03,$7.50B,$7.20B,1.04,$1.84B,$1.05B,56.76%,$1.84B,$0.53B,28.70%,$1.84B,$0.53B,28.70%,$1.84B,$0.91B,49.32%,$1.84B,$0.32B,17.09%,$1.84B,$0.14B,7.70%,$0.14B,$7.39B,2.04%,$0.14B,$3.75B,4.08%,$0.14B,$18.76B,0.82%,$0.53B,$14.89B,3.86%,$454,$202,$252,$0,$37,$339,$115,$-28,$87,$-1,$88,$88,$41,$215,$115,$243,243,$0.17,$0.17,$1782,$14,$596,$2735,$7850,$3284,$3646,$1172,$16021,$18756,$1348,$7499,$1090,$10017,$11365,$3916,$0,$0,$7391,$18756,$88,$100,$0,$100,$0,$0,$0,$-18,$-18,$162,$-198,$0,$0,$0,$-2,$-2,$32,$-168,$187,$0,$187,$3,$3,$-153,$10,$47,$49,$0,$-153
11,2015-12-31,22.44,$43.97,0.51,$9.01,2.49,$2.77,8.11,$0.71,31.45,$1.55B,$1.21B,1.28,$6.93B,$6.99B,0.99,$1.86B,$1.06B,56.98%,$1.86B,$0.55B,29.54%,$1.86B,$0.55B,29.54%,$1.86B,$0.92B,49.76%,$1.86B,$0.39B,20.86%,$1.86B,$0.19B,9.97%,$0.19B,$7.18B,2.80%,$0.19B,$3.80B,5.79%,$0.19B,$17.74B,1.11%,$0.55B,$14.11B,4.14%,$455,$199,$256,$0,$35,$316,$139,$-134,$5,$-29,$34,$25,$25,$221,$139,$243,239,$0.03,$0.03,$638,$13,$580,$1553,$7632,$3126,$3375,$1977,$16182,$17735,$1210,$6930,$1024,$9349,$10559,$3861,$0,$0,$7176,$17735,$391,$375,$0,$375,$0,$0,$0,$-82,$-82,$632,$-510,$0,$-26,$0,$-681,$-681,$-1129,$-2346,$952,$0,$952,$865,$1054,$-546,$304,$1764,$10,$0,$-546
12,2015-09-30,21.49,$0.00,0.0,$9.17,2.34,$3.37,6.37,$0.87,24.6,$1.77B,$1.05B,1.68,$6.81B,$6.21B,1.1,$1.87B,$1.06B,57.00%,$1.87B,$0.54B,29.06%,$1.87B,$0.54B,29.06%,$1.87B,$0.93B,50.03%,$1.87B,$0.45B,23.91%,$1.87B,$0.23B,12.17%,$0.23B,$6.31B,3.55%,$0.23B,$2.96B,7.80%,$0.23B,$15.99B,1.38%,$0.54B,$13.11B,4.17%,$468,$199,$269,$0,$30,$326,$142,$52,$194,$11,$183,$183,$75,$239,$142,$242,242,$0.31,$0.31,$1085,$16,$311,$1769,$0,$3272,$3341,$70,$6770,$15992,$1052,$6809,$513,$8635,$9687,$3738,$-479,$0,$6305,$15992,$357,$293,$0,$293,$0,$0,$0,$-26,$-26,$540,$-373,$0,$10,$0,$-550,$-550,$151,$-762,$95,$0,$95,$868,$964,$-406,$-16,$637,$388,$0,$-406
13,2015-06-30,25.74,$0.00,0.0,$9.39,2.74,$3.54,7.26,$0.76,33.87,$2.02B,$1.25B,1.61,$5.84B,$6.82B,0.86,$1.89B,$1.07B,56.62%,$1.89B,$0.55B,29.13%,$1.89B,$0.55B,29.13%,$1.89B,$0.94B,49.84%,$1.89B,$0.37B,19.81%,$1.89B,$0.22B,11.86%,$0.22B,$6.91B,3.52%,$0.22B,$3.43B,8.14%,$0.22B,$16.95B,1.36%,$0.55B,$12.75B,4.22%,$466,$197,$269,$0,$35,$333,$133,$-104,$29,$3,$26,$26,$1,$234,$133,$150,150,$0.01,$0.01,$1079,$18,$568,$2015,$0,$3400,$3483,$78,$7055,$16952,$1249,$5835,$1563,$8792,$10041,$3864,$0,$0,$6911,$16952,$174,$196,$0,$196,$0,$0,$0,$-28,$-28,$359,$-220,$0,$-4,$0,$-550,$-550,$155,$-619,$-19,$0,$-19,$926,$1022,$-266,$-4,$733,$463,$0,$-266
14,2015-03-31,25.95,$0.00,0.0,$9.54,2.72,$3.12,8.31,$0.76,34.14,$1.66B,$0.87B,1.91,$6.97B,$5.94B,1.17,$1.91B,$1.07B,56.18%,$1.91B,$0.57B,29.69%,$1.91B,$0.57B,29.69%,$1.91B,$0.95B,49.79%,$1.91B,$0.41B,21.52%,$1.91B,$0.24B,12.36%,$0.24B,$6.04B,3.74%,$0.24B,$2.58B,9.31%,$0.24B,$16.29B,1.45%,$0.57B,$13.00B,4.29%,$466,$203,$263,$0,$34,$332,$134,$25,$159,$11,$148,$148,$84,$229,$134,$225,225,$0.37,$0.37,$773,$0,$588,$1660,$0,$2786,$3457,$681,$7015,$16286,$870,$6965,$1047,$9379,$10249,$3348,$0,$0,$6037,$16286,$148,$95,$0,$95,$0,$0,$0,$28,$28,$228,$-84,$0,$-4,$0,$-487,$-487,$22,$-553,$400,$0,$400,$0,$96,$-126,$-22,$348,$14,$0,$-126
15,2014-12-31,23.59,$27.84,0.85,$9.61,2.46,$2.62,8.99,$0.45,52.02,$1.56B,$0.82B,1.9,$6.77B,$6.89B,0.98,$1.92B,$1.08B,56.03%,$1.92B,$0.58B,30.30%,$1.92B,$0.58B,30.30%,$1.92B,$0.96B,50.05%,$1.92B,$0.31B,16.01%,$1.92B,$0.18B,9.56%,$0.18B,$6.32B,2.86%,$0.18B,$2.66B,7.38%,$0.18B,$16.50B,1.14%,$0.58B,$13.09B,4.39%,$465,$203,$262,$0,$31,$332,$133,$-69,$64,$1,$63,$69,$67,$231,$133,$225,225,$0.19,$0.19,$673,$21,$567,$1560,$8240,$3004,$3659,$89,$15190,$16495,$821,$6768,$1123,$9352,$10173,$3220,$0,$0,$6322,$16495,$229,$380,$0,$380,$0,$0,$0,$54,$54,$691,$-439,$0,$-89,$0,$-447,$-567,$22,$-1073,$802,$556,$246,$2,$2,$-448,$-314,$42,$-349,$0,$-448
16,2014-09-30,21.16,$0.00,0.0,$9.63,2.2,$2.72,7.77,$-0.37,0.0,$1.06B,$0.90B,1.17,$7.05B,$6.19B,1.14,$1.93B,$1.16B,60.13%,$1.93B,$0.69B,35.61%,$1.93B,$0.69B,35.61%,$1.93B,$1.05B,54.33%,$1.93B,$0.06B,3.32%,$1.93B,$-0.08B,-4.04%,$-0.08B,$6.21B,-1.20%,$-0.08B,$2.34B,-3.16%,$-0.08B,$16.12B,-0.49%,$0.69B,$13.26B,5.16%,$491,$216,$275,$0,$28,$341,$150,$-28,$122,$42,$80,$72,$72,$247,$150,$228,228,$0.19,$0.19,$720,$22,$0,$1060,$0,$2996,$3872,$96,$7065,$16123,$904,$7047,$548,$9011,$9915,$3220,$-525,$0,$6208,$16123,$166,$282,$0,$282,$0,$0,$0,$0,$41,$531,$-335,$0,$-420,$0,$0,$-90,$-26,$-871,$0,$0,$484,$0,$2,$-336,$-118,$32,$-304,$0,$0
17,2014-06-30,22.97,$0.00,0.0,$9.39,2.45,$2.83,8.12,$-0.49,0.0,$1.12B,$0.87B,1.29,$6.88B,$6.67B,1.03,$1.87B,$1.13B,60.41%,$1.87B,$0.67B,35.96%,$1.87B,$0.67B,35.96%,$1.87B,$1.02B,54.41%,$1.87B,$-0.02B,-1.23%,$1.87B,$-0.13B,-7.06%,$-0.13B,$6.69B,-2.01%,$-0.13B,$2.56B,-5.42%,$-0.13B,$16.30B,-0.84%,$0.67B,$13.57B,5.06%,$488,$215,$273,$0,$29,$338,$150,$-84,$66,$24,$42,$13,$13,$244,$150,$150,150,$0.01,$0.01,$745,$20,$0,$1119,$0,$2751,$4128,$102,$7089,$16302,$867,$6884,$518,$8746,$9613,$3220,$-485,$0,$6689,$16302,$86,$185,$0,$185,$0,$0,$0,$0,$22,$296,$-220,$0,$-39,$0,$0,$-25,$-23,$-307,$0,$0,$0,$0,$0,$-224,$68,$-156,$-158,$0,$0
18,2014-03-31,21.47,$0.00,0.0,$8.23,2.61,$3.02,7.11,$-0.09,0.0,$1.14B,$0.73B,1.56,$6.66B,$6.49B,1.03,$1.84B,$1.12B,60.55%,$1.84B,$0.67B,36.52%,$1.84B,$0.67B,36.52%,$1.84B,$1.01B,54.64%,$1.84B,$0.10B,5.26%,$1.84B,$-0.05B,-2.60%,$-0.05B,$6.51B,-0.71%,$-0.05B,$2.42B,-1.84%,$-0.05B,$15.76B,-0.30%,$0.67B,$13.16B,5.06%,$480,$212,$268,$0,$27,$330,$150,$-94,$56,$12,$44,$32,$32,$241,$150,$225,225,$0.07,$0.07,$769,$25,$0,$1141,$0,$2463,$4087,$89,$6748,$15755,$730,$6655,$564,$8519,$9249,$3220,$-386,$0,$6506,$15755,$44,$91,$0,$91,$0,$0,$0,$0,$-18,$140,$-109,$0,$-39,$0,$0,$-50,$-8,$-206,$0,$0,$20,$0,$2,$-112,$-27,$-117,$-175,$0,$0
19,2013-12-31,21.07,$0.00,0.0,$8.94,2.36,$3.09,6.83,$-0.27,0.0,$1.27B,$0.60B,2.12,$6.61B,$6.61B,1.0,$1.98B,$1.15B,58.33%,$1.98B,$0.71B,36.10%,$1.98B,$0.71B,36.10%,$1.98B,$1.04B,52.76%,$1.98B,$0.02B,1.11%,$1.98B,$-0.11B,-5.47%,$-0.11B,$6.63B,-1.53%,$-0.11B,$2.57B,-4.01%,$-0.11B,$15.68B,-0.63%,$0.71B,$13.23B,5.17%,$470,$126,$344,$0,$28,$233,$237,$-268,$-180,$17,$-197,$-195,$-195,$316,$237,$225,225,$-0.64,$-0.64,$900,$22,$0,$1268,$0,$2381,$4054,$92,$6651,$15682,$598,$6607,$557,$8459,$9057,$3778,$-95,$0,$6625,$15682,$20,$329,$45,$374,$30,$0,$-45,$-4,$-19,$694,$-420,$0,$-61,$0,$-61,$345,$-26,$-162,$-26,$0,$-26,$338,$-388,$0,$182,$-232,$238,$0,$-388
20,2013-09-30,20.2,$0.00,0.0,$9.53,2.12,$1.86,10.85,$0.52,38.84,$1.45B,$0.73B,1.99,$6.76B,$6.37B,1.06,$2.08B,$1.39B,66.54%,$2.08B,$1.05B,50.60%,$2.08B,$1.05B,50.60%,$2.08B,$1.30B,62.60%,$2.08B,$0.78B,37.45%,$2.08B,$0.14B,6.58%,$0.14B,$6.39B,1.86%,$0.14B,$2.18B,5.03%,$0.14B,$15.47B,0.76%,$1.05B,$13.14B,7.39%,$431,$187,$244,$0,$28,$296,$135,$-100,$35,$-33,$68,$18,$18,$216,$135,$225,225,$0.08,$0.08,$677,$23,$402,$1454,$0,$2572,$4204,$93,$6991,$15465,$732,$6755,$495,$8347,$9079,$3216,$-93,$0,$6386,$15465,$241,$250,$0,$250,$0,$0,$0,$0,$27,$531,$-313,$0,$137,$0,$0,$-371,$2,$-545,$0,$0,$97,$0,$336,$0,$-384,$49,$17,$0,$0
21,2013-06-30,19.16,$0.00,0.0,$9.27,2.07,$0.89,21.46,$0.67,28.46,$4.53B,$2.53B,1.79,$6.23B,$7.38B,0.84,$2.13B,$1.62B,76.10%,$2.13B,$1.40B,65.65%,$2.13B,$1.40B,65.65%,$2.13B,$1.57B,73.57%,$2.13B,$1.23B,57.50%,$2.13B,$0.19B,8.76%,$0.19B,$7.40B,3.23%,$0.19B,$3.27B,8.58%,$0.19B,$17.74B,1.31%,$1.40B,$13.63B,12.75%,$462,$202,$260,$0,$26,$311,$151,$35,$186,$36,$150,$62,$97,$234,$151,$221,221,$0.40,$0.40,$508,$29,$3689,$4531,$0,$2087,$4128,$96,$6449,$17744,$2525,$6227,$497,$7817,$10342,$3214,$-28,$0,$7402,$17744,$184,$169,$0,$169,$0,$0,$0,$0,$-4,$370,$-216,$0,$0,$0,$0,$157,$4,$-55,$0,$0,$-178,$0,$334,$-192,$-70,$-106,$156,$0,$0
22,2013-03-31,19.74,$0.00,0.0,$8.95,2.21,$-0.21,0.0,$0.18,109.66,$0.69B,$1.22B,0.57,$7.30B,$7.89B,0.93,$2.17B,$1.59B,73.26%,$2.17B,$1.40B,64.48%,$2.17B,$1.40B,64.48%,$2.17B,$1.54B,70.95%,$2.17B,$1.02B,47.11%,$2.17B,$0.06B,2.96%,$0.06B,$7.91B,1.17%,$0.06B,$2.75B,3.20%,$0.06B,$19.51B,0.48%,$1.40B,$15.21B,13.66%,$612,$308,$304,$0,$28,$422,$190,$-209,$-19,$-18,$-1,$-28,$-28,$276,$190,$215,215,$-0.11,$-0.11,$292,$79,$0,$693,$0,$2199,$5155,$3322,$10825,$19514,$1218,$7301,$1165,$10390,$11608,$4060,$-62,$0,$7906,$19514,$-1,$86,$0,$86,$0,$0,$0,$0,$-25,$147,$-103,$0,$-13,$0,$0,$-4,$7,$-113,$0,$0,$101,$0,$2,$-94,$-21,$-12,$23,$0,$0
23,2012-12-31,18.08,$0.00,0.0,$7.61,2.38,$-0.54,0.0,$0.33,55.37,$0.75B,$1.29B,0.58,$7.28B,$7.81B,0.93,$2.00B,$1.49B,74.50%,$2.00B,$1.35B,67.27%,$2.00B,$1.35B,67.27%,$2.00B,$1.45B,72.41%,$2.00B,$1.06B,52.84%,$2.00B,$0.10B,5.09%,$0.10B,$7.83B,2.03%,$0.10B,$2.70B,5.19%,$0.10B,$19.72B,0.85%,$1.35B,$15.10B,14.81%,$578,$0,$578,$0,$0,$0,$578,$0,$578,$0,$578,$50,$50,$578,$578,$215,215,$0.15,$0.15,$263,$108,$3,$746,$0,$2392,$5133,$3335,$11002,$19718,$1291,$7276,$1359,$10599,$11890,$3659,$60,$0,$7828,$19718,$291,$232,$0,$232,$0,$0,$0,$0,$156,$635,$-637,$0,$0,$0,$0,$0,$-1127,$-1764,$0,$0,$1136,$0,$500,$-304,$-94,$1238,$110,$0,$0
24,2012-09-30,18.04,$0.00,0.0,$6.42,2.81,$-1.11,0.0,$0.37,48.32,$0.00B,$0.00B,0.0,$0.00B,$0.00B,0.0,$1.83B,$1.09B,59.51%,$1.83B,$0.89B,48.58%,$1.83B,$0.89B,48.58%,$1.83B,$1.03B,56.23%,$1.83B,$0.70B,38.36%,$1.83B,$0.11B,5.79%,$0.11B,$0.00B,2.33%,$0.11B,$0.00B,5.61%,$0.11B,$0.00B,1.01%,$0.89B,$0.00B,11.13%,$482,$0,$482,$0,$0,$0,$482,$0,$482,$0,$482,$68,$68,$482,$482,$291,291,$0.23,$0.23,$0,$0,$0,$0,$0,$0,$0,$0,$0,$0,$0,$0,$0,$0,$0,$0,$0,$0,$0,$0,$0,$0,$0,$0,$0,$0,$0,$0,$0,$0,$0,$0,$0,$0,$0,$0,$0,$0,$0,$0,$0,$0,$0,$0,$0,$0,$0,$0,$0
25,2012-06-30,16.85,$0.00,0.0,$6.51,2.59,$-0.30,0.0,$0.40,42.13,$0.65B,$1.83B,0.35,$4.47B,$6.06B,0.74,$1.76B,$0.79B,44.78%,$1.76B,$0.54B,30.65%,$1.76B,$0.54B,30.65%,$1.76B,$0.71B,40.52%,$1.76B,$0.44B,25.14%,$1.76B,$0.10B,5.68%,$0.10B,$6.08B,1.74%,$0.10B,$2.55B,4.47%,$0.10B,$14.34B,0.75%,$0.54B,$10.56B,5.17%,$493,$271,$222,$0,$22,$347,$146,$-167,$-21,$-14,$-7,$-26,$-26,$200,$146,$279,279,$-0.09,$-0.09,$128,$0,$199,$645,$0,$1775,$3538,$0,$5722,$14343,$1833,$4474,$0,$6426,$8259,$3560,$102,$0,$6084,$14343,$16,$103,$0,$103,$0,$0,$0,$0,$15,$229,$-342,$0,$-69,$0,$0,$-291,$11,$-691,$0,$0,$627,$0,$0,$-146,$-44,$437,$-25,$0,$0
26,2012-03-31,15.68,$0.00,0.0,$6.60,2.37,$0.92,17.05,$0.61,25.84,$0.48B,$1.10B,0.44,$4.57B,$6.16B,0.74,$1.70B,$0.76B,44.78%,$1.70B,$0.54B,31.88%,$1.70B,$0.54B,31.88%,$1.70B,$0.69B,40.78%,$1.70B,$0.55B,32.35%,$1.70B,$0.15B,8.96%,$0.15B,$6.18B,2.77%,$0.15B,$2.61B,7.78%,$0.15B,$14.20B,1.14%,$0.54B,$10.75B,5.25%,$451,$240,$211,$0,$20,$309,$142,$-122,$20,$-3,$23,$10,$10,$191,$142,$300,300,$0.03,$0.03,$119,$0,$107,$478,$0,$1421,$3569,$0,$5753,$14204,$1097,$4568,$0,$6925,$8022,$3559,$201,$0,$6182,$14204,$23,$49,$0,$49,$0,$0,$0,$0,$-1,$100,$-138,$0,$-55,$0,$0,$0,$9,$-184,$0,$0,$144,$0,$0,$-73,$-22,$49,$-34,$0,$0
27,2011-12-31,13.57,$0.00,0.0,$6.75,2.01,$1.55,8.73,$0.77,17.71,$0.48B,$0.53B,0.91,$4.74B,$5.89B,0.81,$1.64B,$0.74B,45.05%,$1.64B,$0.55B,33.56%,$1.64B,$0.55B,33.56%,$1.64B,$0.68B,41.32%,$1.64B,$0.60B,36.55%,$1.64B,$0.19B,11.43%,$0.19B,$5.91B,3.60%,$0.19B,$2.39B,11.15%,$0.19B,$13.27B,1.43%,$0.55B,$10.65B,5.50%,$404,$230,$174,$0,$18,$285,$119,$102,$221,$66,$155,$54,$54,$156,$119,$270,270,$0.20,$0.20,$153,$0,$110,$478,$0,$1400,$3515,$0,$5634,$13269,$526,$4740,$0,$6834,$7360,$3558,$260,$0,$5909,$13269,$440,$127,$0,$127,$0,$0,$0,$0,$-18,$352,$-507,$0,$0,$0,$0,$0,$-256,$-763,$0,$0,$117,$0,$657,$-222,$-142,$410,$-1,$0,$0
28,2011-09-30,11.76,$0.00,0.0,$6.37,1.85,$2.56,4.59,$2.89,4.08,$0.45B,$0.41B,1.1,$5.02B,$4.76B,1.06,$1.43B,$0.36B,25.40%,$1.43B,$0.19B,13.19%,$1.43B,$0.19B,13.19%,$1.43B,$0.30B,21.07%,$1.43B,$0.92B,63.92%,$1.43B,$0.55B,38.31%,$0.55B,$4.78B,11.06%,$0.55B,$1.39B,37.71%,$0.55B,$11.79B,4.20%,$0.19B,$9.80B,1.98%,$414,$232,$182,$0,$15,$281,$133,$90,$223,$67,$156,$62,$62,$167,$133,$238,238,$0.26,$0.26,$157,$0,$97,$452,$0,$1220,$3389,$2723,$8001,$11786,$411,$5020,$0,$6600,$7011,$2900,$284,$0,$4775,$11786,$285,$90,$0,$90,$0,$0,$0,$0,$-129,$193,$0,$0,$0,$0,$0,$-372,$-65,$-437,$0,$0,$402,$0,$0,$-155,$0,$247,$3,$0,$0
29,2011-06-30,11.95,$0.00,0.0,$4.70,2.54,$1.42,8.43,$1.95,6.12,$2.50B,$2.38B,1.05,$4.94B,$5.03B,0.98,$1.03B,$0.19B,18.27%,$1.03B,$0.05B,5.25%,$1.03B,$0.05B,5.25%,$1.03B,$0.14B,13.12%,$1.03B,$0.59B,56.95%,$1.03B,$0.38B,36.83%,$0.38B,$5.05B,8.93%,$0.38B,$1.42B,23.94%,$0.38B,$13.88B,3.56%,$0.05B,$9.99B,0.71%,$428,$235,$193,$0,$15,$281,$147,$-62,$85,$27,$58,$26,$26,$178,$147,$229,229,$0.11,$0.11,$234,$57,$2007,$2496,$0,$1110,$3625,$0,$5355,$13882,$2378,$4942,$0,$6455,$8833,$2900,$279,$0,$5049,$13882,$129,$56,$0,$56,$0,$0,$0,$0,$-41,$186,$0,$0,$0,$0,$0,$-228,$-36,$-264,$0,$0,$256,$0,$0,$-98,$0,$158,$80,$0,$0
30,2011-03-31,10.34,$0.00,0.0,$2.89,3.58,$0.51,20.43,$2.27,4.55,$2.36B,$2.48B,0.96,$4.48B,$5.01B,0.9,$0.61B,0,0.00%,$0.61B,$-0.10B,-15.57%,$0.61B,$-0.10B,-15.57%,$0.61B,$-0.04B,-6.72%,$0.61B,$0.57B,93.93%,$0.61B,$0.42B,69.18%,$0.42B,$5.03B,12.30%,$0.42B,$1.50B,25.19%,$0.42B,$13.46B,5.52%,$-0.10B,$9.51B,-1.69%,$390,$202,$188,$0,$13,$240,$150,$-81,$69,$-2,$71,$45,$45,$175,$150,$236,236,$0.19,$0.19,$259,$52,$1877,$2364,$0,$1079,$3525,$182,$5224,$13456,$2476,$4481,$379,$5953,$8429,$2900,$299,$0,$5027,$13456,$71,$25,$0,$25,$0,$0,$0,$0,$24,$120,$0,$0,$0,$0,$0,$-3,$-78,$-81,$0,$0,$130,$0,$-49,$0,$-15,$66,$105,$0,$0
31,2010-12-31,9.66,$0.00,0.0,$1.28,7.55,$0.01,0.0,$2.07,4.66,$2.24B,$2.74B,0.82,$3.98B,$4.99B,0.8,$0.23B,$-0.18B,-80.35%,$0.23B,$-0.25B,-108.73%,$0.23B,$-0.25B,-108.73%,$0.23B,$-0.22B,-96.07%,$0.23B,$0.50B,216.16%,$0.23B,$0.38B,164.19%,$0.38B,$5.01B,14.22%,$0.38B,$1.51B,21.24%,$0.38B,$13.11B,7.86%,$-0.25B,$8.98B,-6.68%,$201,$400,$-199,$0,$13,$442,$-241,$374,$539,$-18,$557,$416,$416,$-218,$-241,$179,179,$2.32,$2.32,$154,$38,$1859,$2244,$0,$1069,$3494,$0,$5117,$13109,$2743,$3978,$0,$5361,$8104,$3380,$0,$0,$5005,$13109,$510,$29,$0,$29,$0,$0,$0,$0,$-38,$78,$0,$0,$93,$0,$0,$0,$-21,$72,$0,$0,$18,$0,$5,$-117,$-9,$-103,$47,$0,$0
32,2010-09-30,8.79,$0.00,0.0,$0.23,38.91,$-0.43,0.0,$-0.31,0.0,$0.08B,$0.05B,1.5,$0.13B,$1.88B,0.07,$0.04B,$0.03B,88.89%,$0.04B,$0.02B,52.78%,$0.04B,$0.02B,52.78%,$0.04B,$0.03B,69.44%,$0.04B,$-0.12B,-322.22%,$0.04B,$-0.05B,-133.33%,$-0.05B,$1.90B,-3.45%,$-0.05B,$1.90B,-3.45%,$-0.05B,$2.09B,-3.18%,$0.02B,$2.03B,1.28%,$10,$4,$6,$0,$8,$12,$-2,$-105,$-107,$1,$-108,$-108,$-108,$0,$-2,$160,160,$-0.67,$-0.67,$6,$0,$0,$78,$0,$1784,$0,$2,$1799,$2085,$52,$131,$0,$138,$190,$1066,$0,$0,$1895,$2085,$-81,$6,$0,$6,$0,$0,$0,$0,$-56,$-49,$-5,$0,$0,$0,$0,$0,$37,$32,$0,$17,$0,$0,$0,$-52,$0,$-35,$-52,$0,$0
33,2010-06-30,7.08,$0.00,0.0,$0.31,23.15,$-0.09,0.0,$0.28,25.3,$0.04B,$0.01B,3.55,$0.11B,$1.77B,0.06,$0.03B,$0.03B,88.24%,$0.03B,$0.02B,64.71%,$0.03B,$0.02B,64.71%,$0.03B,$0.02B,67.65%,$0.03B,$-0.01B,-32.35%,$0.03B,$0.06B,161.76%,$0.06B,$1.79B,4.80%,$0.06B,$1.79B,4.80%,$0.06B,$1.92B,4.41%,$0.02B,$1.90B,1.79%,$9,$4,$5,$0,$7,$11,$-2,$74,$72,$3,$69,$69,$69,$2,$-2,$159,159,$0.43,$0.43,$10,$0,$0,$39,$0,$1668,$0,$0,$1681,$1921,$11,$110,$0,$116,$127,$1094,$0,$0,$1794,$1921,$27,$4,$0,$4,$0,$0,$0,$0,$25,$-13,$-3,$0,$0,$0,$0,$2,$0,$-1,$0,$0,$0,$0,$0,$-34,$0,$-34,$-48,$0,$0
34,2010-03-31,7.58,$0.00,0.0,$0.37,20.43,$0.26,29.06,$1.06,7.15,$0.06B,$0.02B,2.69,$0.12B,$1.86B,0.06,$0.03B,$0.03B,87.50%,$0.03B,$0.03B,78.13%,$0.03B,$0.03B,78.13%,$0.03B,$0.02B,75.00%,$0.03B,$0.02B,75.00%,$0.03B,$0.06B,171.88%,$0.06B,$1.88B,5.92%,$0.06B,$1.88B,5.92%,$0.06B,$2.03B,5.15%,$0.03B,$2.00B,2.37%,$9,$5,$4,$0,$8,$12,$-4,$-5,$-9,$-1,$-8,$-1,$-1,$-4,$-4,$210,210,$-0.01,$-0.01,$49,$0,$0,$59,$0,$1742,$0,$4,$1759,$2028,$22,$118,$0,$125,$147,$727,$0,$0,$1881,$2028,$-1,$0,$0,$0,$0,$0,$0,$0,$11,$4,$-1,$0,$0,$0,$0,$7,$11,$17,$0,$0,$0,$0,$0,$-29,$0,$-29,$-9,$0,$0
35,2009-12-31,7.1,$0.00,0.0,$1.54,4.62,$0.48,14.89,$0.91,7.78,$0.00B,$0.00B,0.0,$0.00B,$0.00B,0.0,$0.07B,$0.06B,98.46%,$0.07B,$0.06B,98.46%,$0.07B,$0.06B,98.46%,$0.07B,$0.07B,100.00%,$0.07B,$0.03B,46.15%,$0.07B,$0.05B,78.46%,$0.05B,$0.00B,7.45%,$0.05B,$0.00B,7.45%,$0.05B,$0.00B,6.06%,$0.06B,$0.00B,7.71%,$8,$-9,$17,$0,$-8,$-19,$27,$-99,$-72,$-35,$-37,$-8,$-8,$27,$27,$116,116,$-0.07,$-0.07,$0,$0,$0,$0,$0,$0,$0,$0,$0,$0,$0,$0,$0,$0,$0,$0,$0,$0,$0,$0,$0,$0,$0,$0,$0,$0,$0,$0,$0,$0,$0,$0,$0,$0,$0,$0,$0,$0,$0,$0,$0,$0,$0,$0,$0,$0,$0,$0,$0
36,2009-09-30,6.74,$0.00,0.0,$1.59,4.25,$0.44,15.5,$1.36,4.96,$0.09B,$0.01B,12.04,$0.11B,$0.89B,0.13,$0.06B,$0.05B,82.81%,$0.06B,$0.03B,48.44%,$0.06B,$0.03B,48.44%,$0.06B,$0.04B,56.25%,$0.06B,$0.10B,160.94%,$0.06B,$0.08B,126.56%,$0.08B,$0.91B,8.85%,$0.08B,$0.91B,8.85%,$0.08B,$1.04B,7.13%,$0.03B,$1.02B,2.77%,$8,$4,$4,$0,$3,$7,$1,$-3,$-2,$1,$-3,$-5,$-5,$-2,$1,$56,56,$-0.08,$-0.08,$72,$0,$0,$88,$0,$734,$0,$4,$751,$1037,$7,$111,$0,$119,$126,$532,$88,$0,$911,$1037,$0,$0,$0,$0,$0,$0,$0,$0,$0,$0,$0,$0,$0,$0,$0,$0,$0,$0,$0,$0,$0,$0,$0,$0,$0,$0,$0,$0,$0
37,2009-06-30,4.96,$0.00,0.0,$1.61,3.08,$0.66,7.48,$1.41,3.51,$0.26B,$0.01B,43.21,$0.26B,$0.91B,0.29,$0.07B,$0.06B,87.69%,$0.07B,$0.03B,47.69%,$0.07B,$0.03B,47.69%,$0.07B,$0.04B,63.08%,$0.07B,$0.11B,166.15%,$0.07B,$0.09B,130.77%,$0.09B,$0.93B,9.29%,$0.09B,$0.93B,9.29%,$0.09B,$1.20B,7.44%,$0.03B,$1.19B,2.77%,$7,$4,$3,$0,$2,$6,$1,$106,$107,$33,$74,$69,$69,$3,$1,$57,57,$1.21,$1.21,$238,$0,$0,$264,$0,$742,$0,$4,$758,$1204,$6,$264,$0,$271,$277,$532,$180,$0,$927,$1204,$60,$3,$0,$3,$0,$0,$0,$0,$16,$17,$-2,$0,$-3,$0,$0,$232,$-9,$218,$0,$0,$0,$0,$-8,$-20,$0,$-6,$229,$0,$0
38,2009-03-31,5.21,$0.00,0.0,$1.64,3.19,$0.46,11.27,$0.24,21.72,$0.02B,$0.01B,2.51,$0.21B,$0.88B,0.23,$0.07B,$0.06B,92.42%,$0.07B,$0.03B,48.48%,$0.07B,$0.03B,48.48%,$0.07B,$0.04B,60.61%,$0.07B,0,0.00%,$0.07B,$0.02B,27.27%,$0.02B,$0.90B,1.99%,$0.02B,$0.90B,1.99%,$0.02B,$1.13B,1.63%,$0.03B,$1.11B,2.98%,$42,$2,$40,$0,$3,$7,$35,$-4,$-3,$1,$-4,$-5,$-5,$37,$35,$35,35,$-0.15,$-0.15,$6,$0,$0,$20,$0,$923,$0,$3,$939,$1126,$8,$206,$0,$216,$224,$532,$108,$0,$902,$1126,$-9,$2,$0,$2,$0,$0,$0,$0,$14,$11,$-3,$0,$0,$0,$0,$0,$34,$31,$0,$0,$-28,$0,$-8,$-10,$0,$-46,$-4,$0,$0
39,2008-12-31,4.33,$0.00,0.0,$0.46,9.41,$0.24,18.38,$0.45,9.69,$0.06B,$0.01B,9.1,$0.24B,$0.90B,0.26,$0.03B,$0.02B,88.46%,$0.03B,$-0.00B,-15.38%,$0.03B,$-0.00B,-15.38%,$0.03B,$0.00B,7.69%,$0.03B,$0.01B,23.08%,$0.03B,$0.03B,100.00%,$0.03B,$0.92B,2.84%,$0.03B,$0.92B,2.84%,$0.03B,$1.17B,2.38%,$-0.00B,$1.16B,-0.38%,$7,$1,$6,$0,$7,$13,$-6,$-0,$1,$1,$-0,$22,$22,$-2,$-6,$57,57,$0.38,$0.38,$9,$0,$0,$63,$0,$912,$0,$13,$938,$1174,$7,$237,$0,$248,$254,$540,$157,$0,$920,$1174,$28,$8,$0,$8,$0,$0,$0,$0,$-7,$6,$-8,$0,$-106,$0,$0,$-238,$31,$-322,$0,$0,$140,$0,$-2,$-34,$0,$104,$-212,$0,$0
