,Date,Stock Price,Book Value per Share,Price to Book Ratio,TTM Sales per Share,Price to Sales Ratio,TTM FCF per Share,Price to FCF Ratio,TTM Net EPS,PE Ratio,Current Assets,Current Liabilities,Current Ratio,Long Term Debt,Shareholder's Equity_x,Debt to Equity Ratio,TTM Revenue_x,TTM Gross Profit,Gross Margin,TTM Revenue_y,TTM Operating Income,Operating Margin,TTM Revenue_x,TTM EBIT,EBIT Margin,TTM Revenue_y,TTM EBITDA,EBITDA Margin,TTM Revenue_x,TTM Pre-Tax Income,Pre-Tax Margin,TTM Revenue_y,TTM Net Income_x,Net Margin,TTM Net Income_y,Shareholder's Equity_y,Return on Equity,TTM Net Income_x,Tangible Equity,Return on Tangible Equity,TTM Net Income_y,Total Assets,Return on Assets,TTM Net Income,LT Investments & Debt,Return on Investment,revenue,cost-goods-sold,gross-profit,research-development-expenses,selling-general-administrative-expenses,operating-expenses,operating-income,total-non-operating-income-expense,pre-tax-income,total-provision-income-taxes,income-after-taxes,income-from-continuous-operations,net-income,ebitda,ebit,basic-shares-outstanding,shares-outstanding,eps-basic-net-earnings-per-share,eps-earnings-per-share-diluted,cash-on-hand,inventory,other-current-assets,total-current-assets,net-property-plant-equipment,long-term-investments,goodwill-intangible-assets-total,other-long-term-assets,total-long-term-assets,total-assets,total-current-liabilities,long-term-debt,other-non-current-liabilities,total-long-term-liabilities,total-liabilities,common-stock-net,retained-earnings-accumulated-deficit,comprehensive-income,total-share-holder-equity,total-liabilities-share-holders-equity,net-income-loss,total-depreciation-amortization-cash-flow,other-non-cash-items,total-non-cash-items,change-in-accounts-receivable,change-in-inventories,change-in-accounts-payable,change-in-assets-liabilities,total-change-in-assets-liabilities,cash-flow-from-operating-activities,net-change-in-property-plant-equipment,net-change-in-intangible-assets,net-acquisitions-divestitures,net-change-in-short-term-investments,net-change-in-long-term-investments,net-change-in-investments-total,investing-activities-other,cash-flow-from-investing-activities,net-long-term-debt,net-current-debt,debt-issuance-retirement-net-total,net-common-equity-issued-repurchased,net-total-equity-issued-repurchased,total-common-preferred-stock-dividends-paid,financial-activities-other,cash-flow-from-financial-activities,net-cash-flow,stock-based-compensation,common-stock-dividends-paid
0,2018-06-30,23.78,$42.60,0.56,$10.40,2.29,0,0.0,$-3.20,0.0,$4.56B,$3.91B,1.17,$1.50B,$0.00B,0.0,$1.50B,$0.93B,62.15%,$1.50B,$-0.19B,-12.82%,$1.50B,$-0.19B,-12.82%,$1.50B,$-0.19B,-12.82%,$1.50B,$-0.22B,-14.69%,$1.50B,$-0.22B,-14.95%,$-0.22B,$3.10B,-8.51%,$-0.22B,$2.89B,-8.97%,$-0.22B,$8.70B,-2.87%,$-0.19B,$4.60B,-5.79%,$402,$148,$255,$26,$219,$386,$17,$-1,$16,$12,$4,$4,$0,$17,$17,$72,72,$0.01,$0.01,$1027,$0,$402,$4556,$159,$1240,$209,$592,$4148,$8704,$3911,$1501,$139,$1694,$5606,$0,$0,$0,$3099,$8704,$0,$0,$0,$0,$0,$0,$0,$0,$0,$0,$0,$0,$0,$0,$0,$0,$0,$0,$0,$0,$0,$0,$0,$0,$0,$0,$0,$0,$0
1,2018-03-31,21.15,$42.35,0.5,$4.79,4.41,0,0.0,$-3.56,0.0,$4.61B,$3.89B,1.19,$0.00B,$0.00B,0.0,$1.41B,$0.88B,62.32%,$1.41B,$-0.21B,-14.66%,$1.41B,$-0.21B,-14.66%,$1.41B,$-0.21B,-14.66%,$1.41B,$-0.23B,-16.29%,$1.41B,$-0.25B,-17.56%,$-0.25B,$3.08B,-10.36%,$-0.25B,$3.08B,-10.73%,$-0.25B,$8.58B,-3.55%,$-0.21B,$3.08B,-7.65%,$342,$129,$212,$25,$238,$391,$-49,$2,$-47,$-2,$-45,$-45,$-26,$-49,$-49,$71,71,$-0.37,$-0.37,$1503,$0,$2718,$4608,$0,$0,$0,$3976,$3976,$8584,$3890,$0,$1560,$1613,$5504,$0,$0,$0,$3081,$8584,$0,$0,$0,$0,$0,$0,$0,$0,$0,$0,$0,$0,$0,$0,$0,$0,$0,$0,$0,$0,$0,$0,$0,$0,$0,$0,$0,$0,$0
2,2017-12-31,31.8,$40.56,0.78,0,0.0,0,0.0,$-3.44,0.0,$4.16B,$3.36B,1.24,$1.24B,$2.95B,0.42,$1.29B,$0.82B,63.14%,$1.29B,$-0.16B,-12.36%,$1.29B,$-0.16B,-12.36%,$1.29B,$-0.16B,-12.36%,$1.29B,$-0.18B,-14.06%,$1.29B,$-0.24B,-18.47%,$-0.24B,$2.95B,-11.26%,$-0.24B,$2.62B,-11.72%,$-0.24B,$7.62B,-3.96%,$-0.16B,$4.19B,-6.57%,$403,$166,$237,$24,$311,$497,$-95,$-23,$-118,$1,$-118,$-118,$-105,$-95,$-95,$0,0,$0.00,$0.00,$1534,$0,$0,$4161,$192,$175,$336,$305,$3463,$7624,$3359,$1242,$20,$1314,$4674,$0,$-221,$69,$2950,$7624,$-211,$129,$246,$375,$-129,$0,$72,$27,$-26,$137,$-220,$-4,$-7,$0,$-18,$-18,$-1690,$-1939,$1924,$195,$2119,$822,$817,$0,$0,$2937,$1115,$176,$0
3,2017-09-30,44.68,$0.00,0.0,0,0.0,0,0.0,$-2.31,0.0,$3.11B,$3.08B,1.01,$0.00B,$0.00B,0.0,$1.16B,$0.75B,64.88%,$1.16B,$-0.07B,-5.80%,$1.16B,$-0.07B,-5.80%,$1.16B,$-0.07B,-5.80%,$1.16B,$-0.07B,-6.40%,$1.16B,$-0.18B,-15.92%,$-0.18B,$1.40B,-10.48%,$-0.18B,$1.40B,-11.15%,$-0.18B,$6.33B,-3.50%,$-0.07B,$1.40B,-3.51%,$351,$125,$227,$23,$268,$416,$-65,$-6,$-71,$6,$-76,$-76,$-93,$-65,$-65,$0,0,$0.00,$0.00,$950,$0,$1700,$3108,$0,$0,$0,$3225,$3225,$6333,$3084,$0,$1059,$1849,$4932,$0,$0,$0,$1401,$6333,$0,$0,$0,$0,$0,$0,$0,$0,$0,$0,$0,$0,$0,$0,$0,$0,$0,$0,$0,$0,$0,$0,$0,$0,$0,$0,$0,$0,$0
4,2017-06-30,28.75,$0.00,0.0,0,0.0,0,0.0,$-1.21,0.0,$2.81B,$2.41B,1.16,$0.00B,$0.00B,0.0,$1.03B,$0.67B,64.76%,$1.03B,$-0.00B,-0.39%,$1.03B,$-0.00B,-0.39%,$1.03B,$-0.00B,-0.39%,$1.03B,$-0.01B,-0.68%,$1.03B,$-0.10B,-9.51%,$-0.10B,$2.15B,-5.18%,$-0.10B,$2.15B,-5.48%,$-0.10B,$5.37B,-2.16%,$-0.00B,$2.15B,-0.20%,$316,$113,$204,$19,$184,$315,$2,$4,$6,$15,$-9,$-9,$-24,$2,$2,$0,0,$0.00,$0.00,$1091,$0,$1317,$2806,$0,$0,$0,$2566,$2566,$5372,$2410,$0,$815,$815,$3226,$0,$0,$0,$2146,$5372,$0,$0,$0,$0,$0,$0,$0,$0,$0,$0,$0,$0,$0,$0,$0,$0,$0,$0,$0,$0,$0,$0,$0,$0,$0,$0,$0,$0,$0
5,2017-03-31,25.61,$0.00,0.0,0,0.0,0,0.0,$-1.07,0.0,$2.58B,$1.99B,1.3,$0.00B,$0.00B,0.0,$0.93B,$0.59B,63.97%,$0.93B,$-0.01B,-0.65%,$0.93B,$-0.01B,-0.65%,$0.93B,$-0.01B,-0.65%,$0.93B,$-0.02B,-1.62%,$0.93B,$-0.08B,-8.74%,$-0.08B,$2.00B,-4.53%,$-0.08B,$2.00B,-4.81%,$-0.08B,$4.84B,-2.10%,$-0.01B,$2.00B,-0.31%,$224,$75,$149,$17,$134,$226,$-2,$3,$1,$9,$-7,$-7,$-17,$-2,$-2,$0,0,$0.00,$0.00,$1189,$0,$1076,$2576,$0,$0,$0,$2259,$2259,$4835,$1989,$0,$850,$850,$2839,$0,$0,$0,$1996,$4835,$0,$0,$0,$0,$0,$0,$0,$0,$0,$0,$0,$0,$0,$0,$0,$0,$0,$0,$0,$0,$0,$0,$0,$0,$0,$0,$0,$0,$0
6,2016-12-31,18.94,$20.90,0.91,0,0.0,0,0.0,$-1.19,0.0,$2.48B,$1.80B,1.38,$0.61B,$1.48B,0.42,$0.87B,$0.56B,63.98%,$0.87B,$-0.02B,-1.84%,$0.87B,$-0.02B,-1.84%,$0.87B,$-0.02B,-1.84%,$0.87B,$-0.03B,-3.34%,$0.87B,$-0.08B,-9.32%,$-0.08B,$1.48B,-4.83%,$-0.08B,$1.06B,-5.15%,$-0.08B,$4.51B,-2.53%,$-0.02B,$2.09B,-0.87%,$265,$95,$170,$22,$154,$268,$-2,$-8,$-10,$10,$-20,$-20,$-50,$-2,$-2,$0,0,$0.00,$0.00,$1129,$0,$3,$2479,$29,$218,$420,$164,$2026,$4505,$1799,$613,$14,$1228,$3027,$0,$-23,$112,$1478,$4505,$-51,$104,$35,$138,$-64,$0,$93,$-39,$-8,$79,$-76,$-5,$-9,$0,$-42,$-42,$-2421,$-2553,$693,$1170,$1863,$150,$458,$0,$0,$2321,$-138,$12,$0
7,2016-09-30,29.08,$0.00,0.0,$3.28,8.86,$-6.37,0.0,$-1.62,0.0,$2.01B,$1.22B,1.65,$0.00B,$0.00B,0.0,$0.80B,$0.53B,66.04%,$0.80B,$-0.07B,-8.90%,$0.80B,$-0.07B,-8.90%,$0.80B,$-0.07B,-8.90%,$0.80B,$-0.07B,-8.40%,$0.80B,$-0.08B,-10.03%,$-0.08B,$1.95B,-4.83%,$-0.08B,$1.95B,-5.20%,$-0.08B,$3.45B,-3.08%,$-0.07B,$1.95B,-4.12%,$225,$81,$144,$16,$130,$227,$-2,$-2,$-4,$3,$-7,$-7,$-7,$-2,$-2,$0,0,$0.00,$0.00,$938,$0,$686,$2010,$0,$0,$0,$1443,$1443,$3452,$1218,$0,$288,$288,$1507,$0,$0,$0,$1946,$3452,$0,$0,$0,$0,$0,$0,$0,$0,$0,$0,$0,$0,$0,$0,$0,$0,$0,$0,$0,$0,$0,$0,$0,$0,$0,$0,$0,$0,$0
8,2016-06-30,26.96,$0.00,0.0,$5.96,4.52,$-6.37,0.0,$-1.68,0.0,$1.50B,$0.78B,1.92,$0.00B,$0.00B,0.0,$0.74B,$0.50B,66.80%,$0.74B,$-0.08B,-10.80%,$0.74B,$-0.08B,-10.80%,$0.74B,$-0.08B,-10.80%,$0.74B,$-0.07B,-9.99%,$0.74B,$-0.09B,-11.74%,$-0.09B,$1.73B,-7.44%,$-0.09B,$1.73B,-5.56%,$-0.09B,$2.62B,-3.87%,$-0.08B,$1.73B,-6.46%,$213,$83,$130,$16,$120,$213,$-0,$-2,$-2,$5,$-7,$-7,$-7,$-0,$-0,$0,0,$0.00,$0.00,$596,$0,$493,$1496,$0,$0,$0,$1122,$1122,$2618,$777,$0,$110,$110,$888,$0,$0,$0,$1730,$2618,$0,$0,$0,$0,$0,$0,$0,$0,$0,$0,$0,$0,$0,$0,$0,$0,$0,$0,$0,$0,$0,$0,$0,$0,$0,$0,$0,$0,$0
9,2016-03-31,24.79,$0.00,0.0,$8.50,2.91,$-6.37,0.0,$-1.62,0.0,$1.30B,$0.56B,2.34,$0.00B,$0.00B,0.0,$0.69B,$0.48B,68.83%,$0.69B,$-0.09B,-13.13%,$0.69B,$-0.09B,-13.13%,$0.69B,$-0.09B,-13.13%,$0.69B,$-0.08B,-11.40%,$0.69B,$-0.09B,-12.99%,$-0.09B,$1.56B,-8.24%,$-0.09B,$1.56B,-6.05%,$-0.09B,$2.21B,-4.31%,$-0.09B,$1.56B,-7.84%,$166,$54,$112,$15,$110,$178,$-12,$-1,$-13,$4,$-17,$-17,$-17,$-12,$-12,$0,0,$0.00,$0.00,$569,$0,$379,$1302,$0,$0,$0,$907,$907,$2209,$556,$0,$91,$91,$647,$0,$0,$0,$1561,$2209,$0,$0,$0,$0,$0,$0,$0,$0,$0,$0,$0,$0,$0,$0,$0,$0,$0,$0,$0,$0,$0,$0,$0,$0,$0,$0,$0,$0,$0
10,2015-12-31,28.28,$0.00,0.0,$10.35,2.73,$-6.37,0.0,$-1.26,0.0,$1.27B,$0.43B,2.96,$0.28B,$1.39B,0.2,$0.64B,$0.44B,69.00%,$0.64B,$-0.08B,-12.77%,$0.64B,$-0.08B,-12.77%,$0.64B,$-0.08B,-12.77%,$0.64B,$-0.06B,-9.97%,$0.64B,$-0.07B,-11.53%,$-0.07B,$1.39B,-7.99%,$-0.07B,$0.92B,-5.60%,$-0.07B,$2.11B,-3.92%,$-0.08B,$1.66B,-8.23%,$194,$53,$141,$14,$185,$251,$-57,$9,$-48,$1,$-49,$-49,$-49,$-57,$-57,$59,59,$-0.82,$-0.82,$546,$0,$73,$1269,$41,$232,$469,$112,$858,$2106,$428,$278,$8,$292,$720,$0,$-181,$0,$1386,$2106,$-57,$92,$0,$92,$0,$0,$0,$0,$-417,$-346,$-30,$0,$-1,$0,$0,$-130,$-64,$-225,$0,$58,$0,$0,$791,$0,$-1,$848,$277,$0,$0
11,2015-09-30,29.77,$0.00,0.0,$10.58,2.81,$1.34,22.29,$0.09,330.78,$0.99B,$0.00B,0.0,$0.00B,$0.00B,0.0,$0.61B,$0.41B,67.60%,$0.61B,$0.01B,0.83%,$0.61B,$0.01B,0.83%,$0.61B,$0.01B,0.83%,$0.61B,$0.02B,2.48%,$0.61B,$-0.00B,-0.17%,$-0.00B,$0.00B,-0.15%,$-0.00B,$2.05B,-0.09%,$-0.00B,$2.05B,-0.07%,$0.01B,$0.00B,0.75%,$168,$55,$112,$14,$110,$179,$-11,$-2,$-11,$4,$-14,$-14,$-14,$-11,$-11,$60,63,$-0.24,$-0.28,$621,$0,$58,$988,$0,$0,$0,$1060,$1060,$2048,$0,$0,$0,$0,$0,$0,$0,$0,$0,$0,$0,$0,$0,$0,$0,$0,$0,$0,$0,$0,$0,$0,$0,$0,$0,$0,$0,$0,$0,$0,$0,$0,$0,$0,$0,$0,$0,$0,$0
12,2015-06-30,51.05,$0.00,0.0,$10.26,4.98,$1.34,38.23,$1.04,49.09,$1.21B,$0.29B,4.21,$0.00B,$0.00B,0.0,$0.54B,$0.38B,70.15%,$0.54B,$0.04B,7.84%,$0.54B,$0.04B,7.84%,$0.54B,$0.04B,7.84%,$0.54B,$0.06B,11.38%,$0.54B,$0.04B,8.02%,$0.04B,$1.42B,5.77%,$0.04B,$1.42B,5.90%,$0.04B,$1.98B,3.83%,$0.04B,$1.42B,5.63%,$165,$53,$112,$13,$110,$175,$-11,$3,$-7,$3,$-10,$-10,$-10,$-11,$-11,$65,65,$-0.15,$-0.15,$842,$0,$52,$1207,$0,$0,$0,$774,$774,$1981,$286,$0,$275,$275,$561,$0,$0,$0,$1420,$1981,$0,$0,$0,$0,$0,$0,$0,$0,$0,$0,$0,$0,$0,$0,$0,$0,$0,$0,$0,$0,$0,$0,$0,$0,$0,$0,$0,$0,$0
13,2015-03-31,50.88,$0.00,0.0,$9.74,5.22,$1.34,38.1,$1.61,31.6,$1.26B,$0.25B,5.08,$0.00B,$0.00B,0.0,$0.46B,$0.33B,72.75%,$0.46B,$0.07B,16.26%,$0.46B,$0.07B,16.26%,$0.46B,$0.07B,16.26%,$0.46B,$0.09B,19.78%,$0.46B,$0.07B,15.82%,$0.07B,$0.90B,15.71%,$0.07B,$0.90B,16.34%,$0.07B,$1.41B,9.83%,$0.07B,$0.90B,16.15%,$115,$37,$78,$10,$71,$117,$-3,$5,$2,$3,$-1,$-1,$-1,$-3,$-3,$62,62,$-0.01,$-0.01,$946,$0,$48,$1255,$0,$0,$0,$159,$159,$1414,$247,$0,$268,$268,$515,$0,$0,$0,$899,$1414,$0,$0,$0,$0,$0,$0,$0,$0,$0,$0,$0,$0,$0,$0,$0,$0,$0,$0,$0,$0,$0,$0,$0,$0,$0,$0,$0,$0,$0
14,2014-12-31,70.41,$0.00,0.0,$9.22,7.63,$1.34,52.73,$1.76,40.01,$0.48B,$0.23B,2.04,$0.00B,$0.35B,0.0,$0.40B,$0.30B,75.57%,$0.40B,$0.09B,21.41%,$0.40B,$0.09B,21.41%,$0.40B,$0.09B,21.41%,$0.40B,$0.10B,24.18%,$0.40B,$0.08B,19.90%,$0.08B,$0.35B,26.69%,$0.08B,$0.28B,28.37%,$0.08B,$0.60B,16.83%,$0.09B,$0.35B,28.72%,$157,$50,$107,$8,$69,$127,$30,$-1,$31,$6,$25,$24,$24,$30,$30,$42,45,$0.57,$0.53,$209,$0,$0,$475,$37,$26,$70,$3,$140,$598,$232,$0,$6,$14,$247,$0,$-114,$0,$352,$598,$96,$10,$0,$10,$0,$0,$0,$0,$-35,$67,$-8,$0,$-18,$0,$0,$-5,$-22,$-52,$0,$0,$0,$0,$5,$0,$-1,$4,$20,$0,$0
15,2014-09-30,78.0,$0.00,0.0,$7.55,10.33,$1.15,68.1,$1.59,49.06,$0.42B,$0.18B,2.35,$0.00B,$0.00B,0.0,$0.32B,$0.26B,79.94%,$0.32B,$0.07B,22.57%,$0.32B,$0.07B,22.57%,$0.32B,$0.07B,22.57%,$0.32B,$0.08B,25.71%,$0.32B,$0.07B,21.94%,$0.07B,$0.31B,26.17%,$0.07B,$0.31B,26.49%,$0.07B,$0.50B,17.25%,$0.07B,$0.31B,26.92%,$99,$19,$79,$6,$48,$73,$26,$9,$35,$5,$30,$30,$30,$26,$26,$42,42,$0.71,$0.67,$165,$0,$39,$415,$0,$0,$0,$81,$81,$496,$177,$0,$7,$7,$184,$0,$0,$0,$312,$496,$0,$0,$0,$0,$0,$0,$0,$0,$0,$0,$0,$0,$0,$0,$0,$0,$0,$0,$0,$0,$0,$0,$0,$0,$0,$0,$0,$0,$0
16,2014-06-30,48.7,$0.00,0.0,$6.76,7.21,$1.15,42.52,$1.22,39.92,$0.38B,$0.15B,2.51,$0.00B,$0.00B,0.0,$0.28B,$0.22B,78.72%,$0.28B,$0.06B,20.92%,$0.28B,$0.06B,20.92%,$0.28B,$0.06B,20.92%,$0.28B,$0.06B,21.28%,$0.28B,$0.05B,18.44%,$0.05B,$0.27B,22.06%,$0.05B,$0.27B,22.37%,$0.05B,$0.42B,14.84%,$0.06B,$0.27B,25.03%,$84,$17,$67,$5,$42,$63,$21,$1,$22,$3,$19,$19,$19,$21,$21,$42,42,$0.45,$0.42,$180,$0,$29,$379,$0,$0,$0,$43,$43,$422,$151,$0,$1,$1,$152,$0,$0,$0,$270,$422,$0,$0,$0,$0,$0,$0,$0,$0,$0,$0,$0,$0,$0,$0,$0,$0,$0,$0,$0,$0,$0,$0,$0,$0,$0,$0,$0,$0,$0
17,2014-03-31,35.84,$0.00,0.0,$6.13,5.85,$1.15,31.29,$1.02,35.14,$0.32B,$0.11B,2.89,$0.00B,$0.00B,0.0,$0.25B,$0.20B,77.87%,$0.25B,$0.05B,18.58%,$0.25B,$0.05B,18.58%,$0.25B,$0.05B,18.58%,$0.25B,$0.05B,18.58%,$0.25B,$0.04B,16.60%,$0.04B,$0.25B,19.88%,$0.04B,$0.25B,20.19%,$0.04B,$0.36B,13.67%,$0.05B,$0.25B,22.25%,$57,$11,$47,$5,$34,$49,$8,$-1,$8,$2,$6,$6,$6,$8,$8,$43,43,$0.14,$0.14,$173,$0,$21,$323,$0,$0,$0,$39,$39,$362,$112,$0,$1,$1,$113,$0,$0,$0,$250,$362,$0,$0,$0,$0,$0,$0,$0,$0,$0,$0,$0,$0,$0,$0,$0,$0,$0,$0,$0,$0,$0,$0,$0,$0,$0,$0,$0,$0,$0
18,2013-12-31,31.96,$0.00,0.0,$5.77,5.54,$1.15,27.91,$0.96,33.29,$0.31B,$0.10B,2.98,$0.00B,$0.24B,0.0,$0.24B,$0.18B,76.60%,$0.24B,$0.04B,18.30%,$0.24B,$0.04B,18.30%,$0.24B,$0.04B,18.30%,$0.24B,$0.04B,17.87%,$0.24B,$0.04B,16.60%,$0.04B,$0.24B,20.63%,$0.04B,$0.23B,21.00%,$0.04B,$0.34B,14.31%,$0.04B,$0.24B,22.75%,$79,$16,$62,$6,$39,$62,$17,$0,$17,$2,$15,$15,$15,$17,$17,$40,43,$0.38,$0.36,$178,$0,$24,$308,$0,$7,$13,$1,$22,$343,$104,$0,$0,$1,$104,$0,$-191,$0,$238,$343,$43,$7,$0,$7,$0,$0,$0,$0,$7,$53,$-4,$0,$-3,$0,$0,$-1,$-1,$-9,$0,$0,$0,$0,$38,$0,$-0,$37,$81,$0,$0
19,2013-09-30,16.12,$0.00,0.0,$5.34,3.02,$0.30,53.91,$0.84,19.19,$0.24B,$0.09B,2.74,$0.00B,$0.00B,0.0,$0.21B,$0.16B,74.18%,$0.21B,$0.04B,17.37%,$0.21B,$0.04B,17.37%,$0.21B,$0.04B,17.37%,$0.21B,$0.04B,16.90%,$0.21B,$0.03B,15.96%,$0.03B,$0.19B,20.15%,$0.03B,$0.19B,20.57%,$0.03B,$0.28B,13.98%,$0.04B,$0.19B,21.93%,$62,$16,$46,$4,$29,$49,$13,$0,$13,$1,$12,$12,$12,$13,$13,$40,40,$0.30,$0.30,$103,$0,$11,$243,$0,$0,$0,$32,$32,$275,$89,$0,$1,$1,$90,$0,$0,$0,$185,$275,$0,$0,$0,$0,$0,$0,$0,$0,$0,$0,$0,$0,$0,$0,$0,$0,$0,$0,$0,$0,$0,$0,$0,$0,$0,$0,$0,$0,$0
20,2013-06-30,10.97,$0.00,0.0,$4.87,2.25,$0.30,36.69,$0.67,16.37,$0.22B,$0.08B,2.83,$0.00B,$0.00B,0.0,$0.20B,$0.14B,73.85%,$0.20B,$0.03B,15.38%,$0.20B,$0.03B,15.38%,$0.20B,$0.03B,15.38%,$0.20B,$0.03B,14.87%,$0.20B,$0.03B,13.85%,$0.03B,$0.17B,16.95%,$0.03B,$0.17B,17.34%,$0.03B,$0.25B,11.73%,$0.03B,$0.17B,18.84%,$55,$13,$42,$4,$29,$46,$9,$1,$9,$0,$9,$9,$9,$9,$9,$39,39,$0.23,$0.22,$84,$0,$15,$215,$0,$0,$0,$34,$34,$249,$76,$0,$1,$1,$77,$0,$0,$0,$172,$249,$0,$0,$0,$0,$0,$0,$0,$0,$0,$0,$0,$0,$0,$0,$0,$0,$0,$0,$0,$0,$0,$0,$0,$0,$0,$0,$0,$0,$0
21,2013-03-31,9.9,$0.00,0.0,$4.42,2.24,$0.30,33.11,$0.55,18.0,$0.19B,$0.06B,3.15,$0.00B,$0.00B,0.0,$0.18B,$0.13B,72.63%,$0.18B,$0.03B,14.53%,$0.18B,$0.03B,14.53%,$0.18B,$0.03B,14.53%,$0.18B,$0.02B,13.41%,$0.18B,$0.02B,12.29%,$0.02B,$0.16B,14.52%,$0.02B,$0.16B,14.86%,$0.02B,$0.22B,9.98%,$0.03B,$0.16B,17.16%,$39,$9,$30,$3,$23,$35,$4,$0,$3,$0,$3,$3,$3,$4,$4,$40,40,$0.08,$0.08,$86,$0,$13,$189,$0,$0,$0,$33,$33,$223,$60,$0,$1,$1,$61,$0,$0,$0,$161,$223,$0,$0,$0,$0,$0,$0,$0,$0,$0,$0,$0,$0,$0,$0,$0,$0,$0,$0,$0,$0,$0,$0,$0,$0,$0,$0,$0,$0,$0
22,2012-12-31,7.3,$0.00,0.0,$4.14,1.76,$0.30,24.41,$0.53,13.77,$0.19B,$0.07B,2.85,$0.00B,$0.16B,0.0,$0.17B,$0.12B,72.62%,$0.17B,$0.03B,14.88%,$0.17B,$0.03B,14.88%,$0.17B,$0.03B,14.88%,$0.17B,$0.02B,14.29%,$0.17B,$0.02B,13.10%,$0.02B,$0.16B,15.15%,$0.02B,$0.14B,15.52%,$0.02B,$0.23B,10.35%,$0.03B,$0.16B,17.21%,$57,$17,$40,$3,$26,$46,$11,$0,$11,$1,$10,$10,$10,$11,$11,$39,40,$0.25,$0.24,$95,$0,$13,$194,$0,$4,$14,$0,$19,$226,$68,$0,$0,$1,$69,$0,$-226,$0,$157,$226,$24,$5,$0,$5,$0,$0,$0,$0,$-12,$20,$-8,$0,$0,$0,$0,$-3,$-1,$-13,$0,$0,$0,$0,$-7,$0,$-0,$-8,$-0,$0,$0
23,2012-09-30,4.49,$0.00,0.0,$8.10,0.55,$-0.38,0.0,$1.05,4.28,$0.19B,$0.08B,2.58,$0.00B,$0.00B,0.0,$0.34B,$0.30B,87.91%,$0.34B,$0.21B,61.95%,$0.34B,$0.21B,61.95%,$0.34B,$0.21B,61.95%,$0.34B,$0.02B,5.31%,$0.34B,$0.04B,12.98%,$0.04B,$0.15B,31.37%,$0.04B,$0.15B,32.18%,$0.04B,$0.22B,21.31%,$0.21B,$0.15B,149.73%,$44,$12,$32,$2,$24,$38,$6,$0,$6,$1,$5,$5,$5,$6,$6,$40,40,$0.13,$0.13,$80,$0,$20,$193,$0,$0,$0,$29,$29,$223,$75,$0,$1,$1,$76,$0,$0,$0,$147,$223,$0,$0,$0,$0,$0,$0,$0,$0,$0,$0,$0,$0,$0,$0,$0,$0,$0,$0,$0,$0,$0,$0,$0,$0,$0,$0,$0,$0,$0
24,2012-06-30,4.09,$0.00,0.0,$7.66,0.53,$-0.38,0.0,$1.01,4.05,$0.18B,$0.07B,2.67,$0.00B,$0.00B,0.0,$0.32B,$0.29B,88.24%,$0.32B,$0.21B,64.40%,$0.32B,$0.21B,64.40%,$0.32B,$0.21B,64.40%,$0.32B,$0.02B,5.26%,$0.32B,$0.04B,13.31%,$0.04B,$0.14B,31.39%,$0.04B,$0.14B,32.21%,$0.04B,$0.21B,21.74%,$0.21B,$0.14B,151.82%,$39,$11,$28,$2,$21,$34,$5,$-0,$4,$0,$4,$4,$4,$5,$5,$41,41,$0.10,$0.10,$76,$0,$18,$181,$0,$0,$0,$29,$29,$210,$68,$0,$1,$1,$69,$0,$0,$0,$141,$210,$0,$0,$0,$0,$0,$0,$0,$0,$0,$0,$0,$0,$0,$0,$0,$0,$0,$0,$0,$0,$0,$0,$0,$0,$0,$0,$0,$0,$0
25,2012-03-31,5.3,$0.00,0.0,$7.30,0.73,$-0.38,0.0,$0.99,5.35,$0.17B,$0.05B,3.16,$0.00B,$0.00B,0.0,$0.31B,$0.27B,88.96%,$0.31B,$0.21B,66.88%,$0.31B,$0.21B,66.88%,$0.31B,$0.21B,66.88%,$0.31B,$0.02B,5.52%,$0.31B,$0.04B,13.96%,$0.04B,$0.14B,31.97%,$0.04B,$0.14B,32.82%,$0.04B,$0.19B,22.63%,$0.21B,$0.14B,153.16%,$28,$7,$22,$1,$17,$25,$3,$-0,$3,$0,$2,$3,$3,$3,$3,$42,42,$0.06,$0.06,$88,$0,$18,$168,$0,$0,$0,$23,$23,$191,$53,$0,$1,$1,$54,$0,$0,$0,$136,$191,$0,$0,$0,$0,$0,$0,$0,$0,$0,$0,$0,$0,$0,$0,$0,$0,$0,$0,$0,$0,$0,$0,$0,$0,$0,$0,$0,$0,$0
26,2011-12-31,4.0,$0.00,0.0,$7.06,0.57,$-0.38,0.0,$0.96,4.17,$0.18B,$0.06B,2.86,$0.00B,$0.14B,0.0,$0.30B,$0.26B,88.55%,$0.30B,$0.20B,68.69%,$0.30B,$0.20B,68.69%,$0.30B,$0.20B,68.69%,$0.30B,$0.02B,5.05%,$0.30B,$0.04B,13.80%,$0.04B,$0.14B,31.00%,$0.04B,$0.12B,31.84%,$0.04B,$0.20B,22.13%,$0.20B,$0.14B,154.25%,$228,$11,$216,$2,$18,$32,$196,$1,$5,$-0,$5,$32,$32,$196,$196,$42,42,$0.78,$0.76,$93,$0,$19,$180,$0,$0,$15,$0,$17,$202,$63,$0,$0,$2,$64,$0,$0,$0,$137,$202,$15,$2,$0,$2,$0,$0,$0,$0,$-30,$-13,$-3,$0,$-7,$0,$0,$0,$-1,$-11,$0,$0,$-3,$0,$-3,$0,$-0,$-6,$-31,$0,$0
27,2011-09-30,6.1,$0.00,0.0,$2.35,2.59,$-0.01,0.0,$-1.61,0.0,$0.18B,$0.05B,3.35,$0.00B,$0.00B,0.0,$0.09B,$0.07B,76.34%,$0.09B,$0.03B,34.41%,$0.09B,$0.03B,34.41%,$0.09B,$0.03B,34.41%,$0.09B,$0.03B,36.56%,$0.09B,$-0.06B,-61.29%,$-0.06B,$0.13B,-44.36%,$-0.06B,$0.13B,-44.44%,$-0.06B,$0.19B,-31.98%,$0.03B,$0.13B,24.90%,$28,$8,$19,$1,$14,$24,$4,$1,$5,$1,$4,$4,$4,$4,$4,$42,42,$0.09,$0.09,$0,$0,$0,$180,$0,$0,$0,$0,$0,$188,$54,$0,$0,$0,$54,$0,$0,$0,$134,$188,$0,$0,$0,$0,$0,$0,$0,$0,$0,$0,$0,$0,$0,$0,$0,$0,$0,$0,$0,$0,$0,$0,$0,$0,$0,$0,$0,$0,$0
