,Date,Stock Price,Book Value per Share,Price to Book Ratio,TTM Sales per Share,Price to Sales Ratio,TTM FCF per Share,Price to FCF Ratio,TTM Net EPS,PE Ratio,Current Assets,Current Liabilities,Current Ratio,Long Term Debt,Shareholder's Equity_x,Debt to Equity Ratio,TTM Revenue_x,TTM Gross Profit,Gross Margin,TTM Revenue_y,TTM Operating Income,Operating Margin,TTM Revenue_x,TTM EBIT,EBIT Margin,TTM Revenue_y,TTM EBITDA,EBITDA Margin,TTM Revenue_x,TTM Pre-Tax Income,Pre-Tax Margin,TTM Revenue_y,TTM Net Income_x,Net Margin,TTM Net Income_y,Shareholder's Equity_y,Return on Equity,TTM Net Income_x,Tangible Equity,Return on Tangible Equity,TTM Net Income_y,Total Assets,Return on Assets,TTM Net Income,LT Investments & Debt,Return on Investment,revenue,cost-goods-sold,gross-profit,research-development-expenses,selling-general-administrative-expenses,operating-expenses,operating-income,total-non-operating-income-expense,pre-tax-income,total-provision-income-taxes,income-after-taxes,income-from-continuous-operations,net-income,ebitda,ebit,basic-shares-outstanding,shares-outstanding,eps-basic-net-earnings-per-share,eps-earnings-per-share-diluted,cash-on-hand,inventory,other-current-assets,total-current-assets,net-property-plant-equipment,long-term-investments,goodwill-intangible-assets-total,other-long-term-assets,total-long-term-assets,total-assets,total-current-liabilities,long-term-debt,other-non-current-liabilities,total-long-term-liabilities,total-liabilities,common-stock-net,retained-earnings-accumulated-deficit,comprehensive-income,total-share-holder-equity,total-liabilities-share-holders-equity,net-income-loss,total-depreciation-amortization-cash-flow,other-non-cash-items,total-non-cash-items,change-in-accounts-receivable,change-in-inventories,change-in-accounts-payable,change-in-assets-liabilities,total-change-in-assets-liabilities,cash-flow-from-operating-activities,net-change-in-property-plant-equipment,net-change-in-intangible-assets,net-acquisitions-divestitures,net-change-in-short-term-investments,net-change-in-long-term-investments,net-change-in-investments-total,investing-activities-other,cash-flow-from-investing-activities,net-long-term-debt,net-current-debt,debt-issuance-retirement-net-total,net-common-equity-issued-repurchased,net-total-equity-issued-repurchased,total-common-preferred-stock-dividends-paid,financial-activities-other,cash-flow-from-financial-activities,net-cash-flow,stock-based-compensation,common-stock-dividends-paid
0,2018-09-30,5.9,$7.66,0.77,$1.04,5.65,$1.30,4.55,$0.35,16.86,$0.02B,$0.02B,0.81,$0.23B,$0.54B,0.43,$0.09B,$0.09B,100.00%,$0.09B,$0.05B,58.62%,$0.09B,$0.07B,75.86%,$0.09B,$0.07B,74.71%,$0.09B,$0.03B,29.89%,$0.09B,$0.03B,29.89%,$0.03B,$0.54B,4.72%,$0.03B,$0.54B,4.72%,$0.03B,$0.80B,3.16%,$0.05B,$0.78B,6.38%,$21,$0,$21,$0,$4,$9,$12,$8,$20,$0,$20,$20,$20,$17,$16,$71,88,$0.28,$0.25,$4,$0,$0,$19,$0,$781,$0,$0,$781,$799,$23,$233,$0,$233,$256,$0,$-255,$0,$543,$799,$23,$0,$-20,$-20,$-1,$0,$0,$-1,$-1,$2,$0,$0,$0,$0,$0,$0,$0,$0,$25,$0,$25,$-13,$-13,$-38,$0,$-27,$-25,$0,$-38
1,2018-06-30,5.83,$7.56,0.77,$1.12,5.22,$2.93,1.99,$-0.09,0.0,$0.02B,$0.02B,1.08,$0.24B,$0.54B,0.45,$0.09B,$0.09B,100.00%,$0.09B,$0.05B,57.30%,$0.09B,$0.07B,75.28%,$0.09B,$0.07B,73.03%,$0.09B,$-0.01B,-8.99%,$0.09B,$-0.01B,-8.99%,$-0.01B,$0.54B,-1.43%,$-0.01B,$0.54B,-1.43%,$-0.01B,$0.80B,-0.96%,$0.05B,$0.78B,6.28%,$21,$0,$21,$0,$5,$10,$12,$-7,$4,$0,$4,$4,$4,$15,$16,$72,89,$0.06,$0.06,$8,$0,$0,$24,$0,$776,$0,$0,$776,$800,$22,$242,$0,$242,$263,$0,$-252,$0,$537,$800,$3,$0,$-16,$-16,$-3,$0,$-2,$0,$-5,$-17,$0,$0,$0,$0,$0,$0,$0,$0,$34,$0,$34,$-13,$-13,$-25,$0,$-4,$-21,$0,$-25
2,2018-03-31,5.86,$7.65,0.77,$1.17,5.01,$3.92,1.5,$0.07,83.76,$0.02B,$0.02B,0.71,$0.31B,$0.55B,0.56,$0.09B,$0.09B,100.00%,$0.09B,$0.05B,56.99%,$0.09B,$0.07B,75.27%,$0.09B,$0.07B,74.19%,$0.09B,$0.01B,5.38%,$0.09B,$0.01B,5.38%,$0.01B,$0.55B,0.86%,$0.01B,$0.55B,0.86%,$0.01B,$0.89B,0.58%,$0.05B,$0.86B,6.29%,$21,$0,$21,$0,$2,$9,$12,$-13,$-1,$0,$-1,$-1,$-1,$16,$15,$73,90,$-0.01,$-0.01,$2,$0,$0,$17,$0,$870,$0,$0,$870,$887,$24,$310,$0,$310,$334,$0,$-255,$0,$553,$887,$-1,$0,$-115,$-115,$0,$0,$1,$1,$3,$-113,$0,$0,$0,$0,$0,$0,$0,$0,$103,$0,$103,$-5,$-5,$-12,$0,$86,$-27,$0,$-12
3,2017-12-31,5.88,$7.83,0.75,$1.24,4.74,$5.26,1.12,$0.28,20.98,$0.04B,$0.02B,1.9,$0.21B,$0.57B,0.36,$0.10B,$0.10B,100.00%,$0.10B,$0.06B,57.73%,$0.10B,$0.07B,76.29%,$0.10B,$0.07B,73.20%,$0.10B,$0.02B,20.62%,$0.10B,$0.02B,20.62%,$0.02B,$0.57B,3.39%,$0.02B,$0.57B,3.39%,$0.02B,$0.80B,2.24%,$0.06B,$0.78B,6.44%,$24,$0,$24,$0,$10,$10,$15,$-11,$3,$0,$3,$3,$3,$17,$19,$73,73,$0.05,$0.06,$29,$0,$0,$42,$0,$758,$0,$0,$758,$800,$22,$207,$0,$207,$229,$0,$-177,$0,$571,$800,$21,$-1,$179,$177,$1,$0,$-2,$2,$1,$199,$0,$0,$0,$0,$0,$0,$0,$0,$-128,$0,$-128,$-1,$-1,$-51,$0,$-181,$18,$0,$-51
4,2017-09-30,6.88,$7.96,0.86,$1.29,5.33,$3.92,1.76,$0.28,24.57,$0.02B,$0.03B,0.77,$0.25B,$0.58B,0.42,$0.10B,$0.10B,100.00%,$0.10B,$0.06B,57.43%,$0.10B,$0.08B,75.25%,$0.10B,$0.08B,74.26%,$0.10B,$0.02B,19.80%,$0.10B,$0.02B,19.80%,$0.02B,$0.58B,3.36%,$0.02B,$0.58B,3.36%,$0.02B,$0.86B,2.15%,$0.06B,$0.83B,6.39%,$23,$0,$23,$0,$5,$11,$12,$-26,$-14,$0,$-14,$-14,$-14,$17,$17,$73,73,$-0.19,$-0.19,$5,$0,$0,$21,$0,$834,$0,$0,$834,$855,$27,$246,$0,$246,$274,$0,$-204,$0,$581,$855,$18,$-0,$107,$106,$-2,$0,$-1,$1,$-3,$121,$0,$0,$0,$0,$0,$0,$0,$0,$-88,$0,$-88,$0,$0,$-39,$0,$-127,$-6,$0,$-39
5,2017-06-30,6.7,$8.33,0.8,$1.34,5.0,$3.58,1.87,$-0.07,0.0,$0.03B,$0.02B,1.44,$0.30B,$0.61B,0.49,$0.10B,$0.10B,100.00%,$0.10B,$0.06B,58.65%,$0.10B,$0.08B,75.00%,$0.10B,$0.08B,73.08%,$0.10B,$-0.00B,-4.81%,$0.10B,$-0.00B,-4.81%,$-0.00B,$0.61B,-0.83%,$-0.00B,$0.61B,-0.83%,$-0.00B,$0.93B,-0.52%,$0.06B,$0.90B,6.53%,$25,$0,$25,$0,$5,$11,$14,$3,$17,$0,$17,$17,$17,$19,$19,$73,86,$0.23,$0.22,$16,$0,$0,$32,$0,$893,$0,$0,$893,$925,$22,$295,$0,$295,$318,$0,$-202,$0,$608,$925,$31,$-0,$40,$40,$-2,$0,$-1,$0,$-3,$68,$0,$0,$0,$0,$0,$0,$0,$0,$-37,$0,$-37,$0,$0,$-27,$0,$-63,$5,$0,$-27
6,2017-03-31,6.6,$8.22,0.8,$1.51,4.38,$3.54,1.86,$-0.42,0.0,$0.05B,$0.02B,2.42,$0.37B,$0.60B,0.62,$0.11B,$0.11B,100.00%,$0.11B,$0.07B,61.61%,$0.11B,$0.09B,75.89%,$0.11B,$0.08B,72.32%,$0.11B,$-0.03B,-28.57%,$0.11B,$-0.03B,-28.57%,$-0.03B,$0.60B,-5.20%,$-0.03B,$0.60B,-5.20%,$-0.03B,$0.99B,-3.24%,$0.07B,$0.97B,7.19%,$25,$0,$25,$0,$1,$10,$15,$-0,$14,$0,$14,$14,$14,$18,$19,$73,83,$0.20,$0.20,$38,$0,$0,$52,$0,$939,$0,$0,$939,$991,$22,$371,$0,$371,$392,$0,$-203,$0,$598,$991,$14,$-0,$-6,$-7,$1,$0,$-2,$1,$-1,$7,$0,$0,$0,$0,$0,$0,$0,$0,$35,$0,$35,$0,$0,$-14,$0,$21,$28,$0,$-14
7,2016-12-31,5.94,$8.21,0.72,$1.61,3.68,$2.72,2.18,$-1.14,0.0,$0.03B,$0.03B,1.03,$0.34B,$0.60B,0.56,$0.12B,$0.12B,100.00%,$0.12B,$0.07B,60.68%,$0.12B,$0.09B,75.21%,$0.12B,$0.09B,72.65%,$0.12B,$-0.08B,-71.79%,$0.12B,$-0.08B,-71.79%,$-0.08B,$0.60B,-13.16%,$-0.08B,$0.60B,-13.16%,$-0.08B,$0.96B,-8.16%,$0.07B,$0.93B,7.10%,$28,$0,$28,$0,$11,$11,$17,$-15,$3,$0,$3,$3,$3,$21,$21,$73,73,$0.03,$0.03,$11,$0,$0,$26,$0,$931,$0,$0,$931,$957,$25,$336,$0,$336,$361,$0,$-152,$0,$596,$957,$-84,$-3,$188,$185,$5,$0,$-6,$-0,$-1,$100,$0,$0,$0,$0,$0,$0,$0,$0,$-29,$0,$-29,$-16,$-16,$-57,$0,$-102,$-2,$0,$-57
8,2016-09-30,6.87,$8.38,0.82,$1.65,4.15,$3.44,2.0,$-1.41,0.0,$0.03B,$0.04B,0.59,$0.32B,$0.61B,0.53,$0.12B,$0.12B,100.00%,$0.12B,$0.07B,60.33%,$0.12B,$0.09B,75.21%,$0.12B,$0.09B,72.73%,$0.12B,$-0.11B,-88.43%,$0.12B,$-0.11B,-88.43%,$-0.11B,$0.61B,-15.78%,$-0.11B,$0.61B,-15.78%,$-0.11B,$0.97B,-9.93%,$0.07B,$0.93B,6.98%,$26,$0,$26,$0,$1,$11,$15,$-54,$-39,$0,$-39,$-39,$-39,$18,$19,$73,73,$-0.54,$-0.54,$7,$0,$0,$25,$0,$947,$0,$0,$947,$971,$42,$321,$0,$321,$363,$0,$-127,$0,$608,$971,$-87,$-3,$175,$172,$3,$0,$-7,$16,$11,$96,$0,$0,$0,$0,$0,$0,$0,$0,$-42,$0,$-42,$-16,$-16,$-43,$0,$-102,$-5,$0,$-43
9,2016-06-30,6.3,$9.13,0.69,$1.70,3.71,$3.53,1.79,$-0.59,0.0,$0.03B,$0.03B,0.91,$0.35B,$0.66B,0.53,$0.13B,$0.13B,100.00%,$0.13B,$0.08B,63.57%,$0.13B,$0.10B,79.07%,$0.13B,$0.10B,76.74%,$0.13B,$-0.05B,-35.66%,$0.13B,$-0.05B,-35.66%,$-0.05B,$0.66B,-6.36%,$-0.05B,$0.66B,-6.36%,$-0.05B,$1.04B,-4.06%,$0.08B,$1.01B,7.42%,$33,$0,$33,$0,$7,$12,$22,$-31,$-10,$0,$-10,$-10,$-10,$24,$26,$73,73,$-0.13,$-0.13,$7,$0,$0,$25,$0,$1012,$0,$0,$1012,$1037,$27,$348,$0,$348,$375,$0,$-83,$0,$661,$1037,$-48,$-2,$107,$106,$4,$0,$-5,$-2,$-3,$55,$0,$0,$0,$0,$0,$0,$0,$0,$-15,$0,$-15,$-16,$-16,$-29,$0,$-60,$-5,$0,$-29
10,2016-03-31,7.41,$9.46,0.78,$1.62,4.57,$5.36,1.38,$-0.27,0.0,$0.03B,$0.03B,1.15,$0.44B,$0.69B,0.64,$0.13B,$0.13B,100.00%,$0.13B,$0.08B,60.47%,$0.13B,$0.10B,77.52%,$0.13B,$0.10B,76.74%,$0.13B,$-0.02B,-16.28%,$0.13B,$-0.02B,-16.28%,$-0.02B,$0.69B,-2.78%,$-0.02B,$0.69B,-2.78%,$-0.02B,$1.16B,-1.80%,$0.08B,$1.13B,6.92%,$30,$0,$30,$0,$7,$12,$17,$-56,$-38,$0,$-38,$-38,$-38,$22,$22,$73,73,$-0.52,$-0.52,$10,$0,$0,$29,$0,$1126,$0,$0,$1126,$1155,$25,$441,$0,$441,$466,$0,$-59,$0,$689,$1155,$-38,$-0,$-9,$-9,$2,$0,$-7,$-1,$-6,$-54,$0,$0,$0,$0,$0,$0,$0,$0,$78,$0,$78,$-12,$-12,$-15,$0,$52,$-2,$0,$-15
11,2015-12-31,7.23,$10.17,0.71,$1.58,4.58,$6.39,1.13,$0.54,13.39,$0.03B,$0.03B,0.98,$0.36B,$0.75B,0.48,$0.13B,$0.13B,100.00%,$0.13B,$0.08B,58.46%,$0.13B,$0.10B,76.15%,$0.13B,$0.10B,75.38%,$0.13B,$0.04B,30.77%,$0.13B,$0.04B,30.77%,$0.04B,$0.75B,5.12%,$0.04B,$0.75B,5.12%,$0.04B,$1.15B,3.31%,$0.08B,$1.12B,6.55%,$32,$0,$32,$0,$7,$13,$19,$-39,$-20,$0,$-20,$-20,$-20,$24,$24,$75,75,$-0.27,$-0.25,$12,$0,$0,$31,$0,$1117,$0,$0,$1117,$1148,$32,$363,$0,$363,$395,$0,$-61,$0,$754,$1148,$39,$-2,$144,$142,$7,$0,$-37,$5,$-25,$156,$0,$0,$0,$0,$0,$0,$0,$0,$-87,$0,$-87,$-8,$-8,$-59,$0,$-154,$2,$0,$-59
12,2015-09-30,6.67,$10.66,0.63,$1.60,4.16,$5.36,1.24,$1.42,4.69,$0.05B,$0.03B,1.59,$0.38B,$0.79B,0.48,$0.14B,$0.14B,100.00%,$0.14B,$0.06B,44.85%,$0.14B,$0.09B,63.24%,$0.14B,$0.08B,61.03%,$0.14B,$0.11B,83.82%,$0.14B,$0.11B,83.82%,$0.11B,$0.79B,14.46%,$0.11B,$0.79B,14.46%,$0.11B,$1.20B,9.13%,$0.06B,$1.17B,5.13%,$34,$0,$34,$0,$3,$10,$24,$-2,$22,$0,$22,$22,$22,$29,$30,$75,85,$0.29,$0.28,$7,$0,$0,$47,$0,$1150,$0,$0,$1150,$1197,$29,$376,$0,$376,$406,$0,$-67,$0,$791,$1197,$59,$-1,$108,$107,$-7,$0,$-40,$0,$-47,$119,$0,$0,$0,$0,$0,$0,$0,$0,$-72,$0,$-72,$-6,$-6,$-44,$0,$-122,$-3,$0,$-44
13,2015-06-30,6.72,$10.56,0.64,$1.59,4.22,$6.26,1.07,$1.50,4.48,$0.09B,$0.08B,1.11,$0.30B,$0.79B,0.39,$0.14B,$0.14B,100.00%,$0.14B,$0.06B,41.48%,$0.14B,$0.08B,60.00%,$0.14B,$0.08B,57.78%,$0.14B,$0.12B,89.63%,$0.14B,$0.12B,89.63%,$0.12B,$0.79B,15.59%,$0.12B,$0.79B,15.59%,$0.12B,$1.17B,9.79%,$0.06B,$1.09B,4.78%,$33,$0,$33,$0,$8,$15,$18,$-4,$15,$0,$15,$15,$15,$24,$24,$75,85,$0.20,$0.20,$56,$0,$0,$89,$0,$1085,$0,$0,$1085,$1174,$80,$304,$0,$304,$384,$0,$-78,$0,$790,$1174,$37,$-1,$172,$171,$-1,$0,$10,$1,$10,$219,$0,$0,$0,$0,$0,$0,$0,$0,$-144,$0,$-144,$0,$0,$-29,$0,$-173,$45,$0,$-29
14,2015-03-31,6.52,$10.58,0.62,$1.61,4.06,$6.60,0.99,$1.70,3.83,$0.08B,$0.06B,1.47,$0.47B,$0.79B,0.6,$0.14B,$0.14B,100.00%,$0.14B,$0.05B,39.71%,$0.14B,$0.08B,58.09%,$0.14B,$0.08B,55.88%,$0.14B,$0.14B,100.74%,$0.14B,$0.14B,100.74%,$0.14B,$0.79B,18.00%,$0.14B,$0.79B,18.00%,$0.14B,$1.32B,11.18%,$0.05B,$1.26B,4.64%,$31,$0,$31,$0,$9,$16,$15,$8,$23,$0,$23,$23,$23,$21,$21,$75,85,$0.30,$0.29,$45,$0,$0,$83,$0,$1236,$0,$0,$1236,$1319,$57,$472,$0,$472,$529,$0,$-199,$0,$790,$1319,$23,$-0,$21,$20,$-6,$0,$-12,$1,$-17,$26,$0,$0,$0,$0,$0,$0,$0,$0,$24,$0,$24,$0,$0,$-15,$0,$9,$35,$0,$-15
15,2014-12-31,5.77,$10.49,0.55,$1.59,3.62,$6.92,0.83,$1.70,3.39,$0.04B,$0.07B,0.62,$0.45B,$0.78B,0.57,$0.14B,$0.14B,100.00%,$0.14B,$0.05B,37.04%,$0.14B,$0.08B,55.56%,$0.14B,$0.07B,53.33%,$0.14B,$0.14B,101.48%,$0.14B,$0.14B,101.48%,$0.14B,$0.78B,18.46%,$0.14B,$0.78B,18.46%,$0.14B,$1.30B,11.37%,$0.05B,$1.23B,4.38%,$38,$0,$38,$0,$28,$34,$4,$51,$54,$0,$54,$54,$54,$9,$11,$75,84,$0.73,$0.67,$10,$0,$0,$44,$0,$1258,$0,$0,$1258,$1302,$72,$448,$0,$448,$520,$0,$-206,$0,$782,$1302,$137,$-3,$-35,$-38,$10,$0,$-18,$-1,$-9,$90,$0,$0,$0,$0,$0,$0,$0,$0,$-30,$0,$-30,$-3,$-3,$-66,$0,$-98,$-8,$0,$-66
16,2014-09-30,5.86,$9.97,0.59,$1.54,3.8,$5.31,1.1,$1.43,4.1,$0.10B,$0.05B,2.05,$0.36B,$0.74B,0.49,$0.13B,$0.13B,100.00%,$0.13B,$0.05B,39.23%,$0.13B,$0.07B,56.92%,$0.13B,$0.07B,54.62%,$0.13B,$0.11B,87.69%,$0.13B,$0.11B,87.69%,$0.11B,$0.74B,15.75%,$0.11B,$0.74B,15.75%,$0.11B,$1.15B,9.50%,$0.05B,$1.10B,4.51%,$33,$0,$33,$0,$8,$14,$19,$10,$29,$0,$29,$29,$29,$24,$25,$75,84,$0.39,$0.36,$42,$0,$0,$97,$0,$1054,$0,$0,$1054,$1151,$47,$360,$0,$360,$408,$0,$-227,$0,$743,$1151,$83,$-1,$166,$165,$-10,$0,$-43,$1,$-53,$195,$0,$0,$0,$0,$0,$0,$0,$0,$-118,$0,$-118,$-2,$-2,$-51,$0,$-171,$24,$0,$-51
17,2014-06-30,6.11,$9.79,0.62,$1.52,4.01,$2.90,2.1,$1.33,4.59,$0.11B,$0.07B,1.53,$0.33B,$0.73B,0.45,$0.13B,$0.13B,100.00%,$0.13B,$0.04B,32.03%,$0.13B,$0.06B,49.22%,$0.13B,$0.06B,46.88%,$0.13B,$0.11B,82.03%,$0.13B,$0.11B,82.03%,$0.11B,$0.73B,14.74%,$0.11B,$0.73B,14.74%,$0.11B,$1.13B,8.67%,$0.04B,$1.06B,3.62%,$34,$0,$34,$0,$10,$17,$16,$14,$31,$0,$31,$31,$31,$22,$22,$75,84,$0.41,$0.39,$78,$0,$0,$112,$0,$1019,$0,$0,$1019,$1131,$73,$329,$0,$329,$402,$0,$-231,$0,$729,$1131,$54,$-1,$201,$200,$11,$0,$-18,$0,$-7,$246,$0,$0,$0,$0,$0,$0,$0,$0,$-149,$0,$-149,$-2,$-2,$-36,$0,$-187,$59,$0,$-36
18,2014-03-31,6.0,$9.59,0.63,$1.55,3.87,$1.19,5.05,$1.10,5.45,$0.13B,$0.06B,2.06,$0.46B,$0.71B,0.64,$0.13B,$0.13B,100.00%,$0.13B,$0.05B,35.38%,$0.13B,$0.07B,51.54%,$0.13B,$0.06B,43.08%,$0.13B,$0.09B,66.15%,$0.13B,$0.09B,66.15%,$0.09B,$0.71B,12.22%,$0.09B,$0.71B,12.22%,$0.09B,$1.24B,7.16%,$0.05B,$1.17B,4.11%,$30,$0,$30,$0,$11,$18,$11,$12,$23,$0,$23,$23,$23,$17,$17,$75,84,$0.31,$0.29,$34,$0,$0,$131,$0,$1106,$0,$0,$1106,$1237,$63,$459,$0,$459,$522,$0,$-281,$0,$714,$1237,$23,$-0,$113,$113,$-51,$0,$-31,$-1,$-83,$53,$0,$0,$0,$0,$0,$0,$0,$0,$-19,$0,$-19,$0,$0,$-18,$0,$-37,$16,$0,$-18
19,2013-12-31,5.94,$9.54,0.62,$1.60,3.71,$1.20,4.97,$1.20,4.95,$0.06B,$0.09B,0.68,$0.48B,$0.71B,0.67,$0.13B,$0.13B,100.00%,$0.13B,$0.05B,36.64%,$0.13B,$0.07B,51.91%,$0.13B,$0.05B,41.22%,$0.13B,$0.09B,70.99%,$0.13B,$0.09B,70.99%,$0.09B,$0.71B,13.29%,$0.09B,$0.71B,13.29%,$0.09B,$1.28B,8.03%,$0.05B,$1.19B,4.45%,$33,$0,$33,$0,$22,$28,$5,$27,$31,$0,$31,$31,$31,$8,$10,$74,83,$0.42,$0.38,$18,$0,$0,$64,$0,$1218,$0,$0,$1218,$1282,$94,$478,$0,$478,$572,$0,$-19,$0,$710,$1282,$93,$-14,$-141,$-155,$-19,$0,$38,$-1,$17,$-45,$0,$0,$0,$0,$0,$0,$0,$0,$132,$0,$132,$0,$0,$-72,$-7,$54,$9,$0,$-72
20,2013-09-30,5.87,$9.38,0.63,$1.72,3.42,$2.66,2.2,$0.83,7.07,$0.05B,$0.08B,0.65,$0.41B,$0.70B,0.59,$0.14B,$0.14B,100.00%,$0.14B,$0.05B,37.50%,$0.14B,$0.07B,52.21%,$0.14B,$0.06B,40.44%,$0.14B,$0.06B,47.06%,$0.14B,$0.06B,47.06%,$0.06B,$0.70B,9.22%,$0.06B,$0.70B,9.22%,$0.06B,$1.19B,5.76%,$0.05B,$1.11B,4.91%,$31,$0,$31,$0,$16,$23,$9,$11,$20,$0,$20,$20,$20,$13,$14,$74,84,$0.27,$0.26,$14,$0,$0,$54,$0,$1139,$0,$0,$1139,$1194,$84,$413,$0,$413,$497,$0,$-314,$0,$696,$1194,$62,$-12,$-65,$-77,$-15,$0,$28,$-7,$6,$-9,$0,$0,$0,$0,$0,$0,$0,$0,$67,$0,$67,$0,$0,$-54,$0,$13,$5,$0,$-54
21,2013-06-30,5.65,$9.37,0.6,$1.89,2.98,$2.86,1.98,$0.76,7.43,$0.09B,$0.09B,1.0,$0.32B,$0.69B,0.45,$0.15B,$0.15B,100.00%,$0.15B,$0.07B,45.21%,$0.15B,$0.09B,58.90%,$0.15B,$0.07B,45.89%,$0.15B,$0.06B,39.73%,$0.15B,$0.06B,39.73%,$0.06B,$0.69B,8.33%,$0.06B,$0.69B,8.33%,$0.06B,$1.09B,5.30%,$0.07B,$1.01B,6.38%,$36,$0,$36,$0,$9,$15,$21,$-9,$12,$0,$12,$12,$12,$18,$26,$74,84,$0.16,$0.16,$44,$0,$0,$85,$0,$1009,$0,$0,$1009,$1094,$85,$315,$0,$315,$400,$0,$-304,$0,$694,$1094,$42,$-11,$64,$53,$-17,$0,$29,$-4,$7,$101,$0,$0,$0,$0,$0,$0,$0,$0,$-31,$0,$-31,$0,$0,$-36,$0,$-67,$35,$0,$-36
22,2013-03-31,5.87,$9.47,0.62,$1.95,3.02,$0.72,8.1,$0.89,6.6,$0.04B,$0.06B,0.71,$0.31B,$0.70B,0.44,$0.15B,$0.15B,100.00%,$0.15B,$0.07B,46.21%,$0.15B,$0.09B,60.00%,$0.15B,$0.07B,51.03%,$0.15B,$0.07B,46.21%,$0.15B,$0.07B,46.21%,$0.07B,$0.70B,9.58%,$0.07B,$0.70B,9.58%,$0.07B,$1.07B,5.98%,$0.07B,$1.01B,6.25%,$31,$0,$31,$0,$12,$18,$13,$17,$30,$0,$30,$30,$30,$15,$18,$74,78,$0.40,$0.39,$1,$0,$0,$42,$0,$1023,$0,$1,$1023,$1065,$59,$306,$0,$306,$365,$0,$-248,$0,$700,$1065,$30,$-3,$42,$39,$-17,$0,$2,$-5,$-19,$50,$0,$0,$0,$0,$0,$0,$0,$0,$-40,$0,$-40,$0,$0,$-18,$0,$-58,$-8,$0,$-18
23,2012-12-31,5.76,$9.31,0.62,$2.00,2.88,$-0.21,0.0,$0.78,7.39,$0.03B,$0.06B,0.5,$0.35B,$0.69B,0.51,$0.15B,$0.15B,100.00%,$0.15B,$0.07B,49.66%,$0.15B,$0.09B,63.27%,$0.15B,$0.08B,54.42%,$0.15B,$0.06B,38.78%,$0.15B,$0.06B,38.78%,$0.06B,$0.69B,8.14%,$0.06B,$0.69B,8.14%,$0.06B,$1.09B,5.02%,$0.07B,$1.03B,6.69%,$38,$0,$38,$0,$29,$30,$8,$-7,$2,$0,$2,$2,$2,$9,$13,$74,74,$0.02,$0.02,$9,$0,$0,$28,$0,$1062,$0,$0,$1062,$1090,$56,$347,$0,$347,$403,$0,$-242,$0,$687,$1090,$57,$-14,$13,$-1,$4,$0,$8,$-1,$12,$68,$0,$0,$0,$0,$0,$0,$0,$0,$4,$0,$4,$0,$0,$-71,$0,$-67,$1,$0,$-71
24,2012-09-30,5.43,$9.55,0.57,$1.98,2.74,$-2.33,0.0,$0.86,6.31,$0.03B,$0.04B,0.86,$0.39B,$0.70B,0.55,$0.15B,$0.15B,100.00%,$0.15B,$0.08B,52.41%,$0.15B,$0.10B,66.21%,$0.15B,$0.08B,57.93%,$0.15B,$0.06B,42.76%,$0.15B,$0.06B,42.76%,$0.06B,$0.70B,8.81%,$0.06B,$0.70B,8.81%,$0.06B,$1.13B,5.46%,$0.08B,$1.09B,6.95%,$41,$0,$41,$0,$10,$17,$24,$-10,$14,$0,$14,$14,$14,$25,$29,$74,74,$0.19,$0.19,$3,$0,$0,$31,$0,$1094,$0,$0,$1094,$1125,$36,$385,$1,$385,$421,$0,$-286,$0,$704,$1125,$56,$-9,$-25,$-35,$-4,$0,$-10,$0,$-14,$7,$0,$0,$0,$0,$0,$0,$0,$0,$42,$0,$42,$0,$0,$-53,$0,$-11,$-5,$0,$-53
25,2012-06-30,5.32,$9.61,0.55,$1.88,2.82,$-3.19,0.0,$0.85,6.25,$0.04B,$0.05B,0.8,$0.45B,$0.71B,0.64,$0.14B,$0.14B,100.00%,$0.14B,$0.07B,53.28%,$0.14B,$0.09B,67.15%,$0.14B,$0.08B,59.85%,$0.14B,$0.06B,44.53%,$0.14B,$0.06B,44.53%,$0.06B,$0.71B,8.64%,$0.06B,$0.71B,8.64%,$0.06B,$1.20B,5.45%,$0.07B,$1.16B,6.77%,$35,$0,$35,$0,$7,$13,$22,$-1,$21,$0,$21,$21,$21,$25,$27,$74,74,$0.29,$0.29,$11,$0,$0,$36,$0,$1166,$0,$0,$1166,$1202,$45,$450,$0,$450,$495,$0,$-294,$0,$707,$1202,$41,$-6,$-101,$-107,$-0,$0,$-2,$-0,$-3,$-68,$0,$0,$0,$0,$0,$0,$0,$0,$107,$0,$107,$0,$0,$-35,$0,$72,$4,$0,$-35
26,2012-03-31,5.21,$9.59,0.54,$1.91,2.73,$-2.50,0.0,$1.09,4.78,$0.03B,$0.05B,0.73,$0.38B,$0.70B,0.54,$0.14B,$0.14B,100.00%,$0.14B,$0.08B,55.40%,$0.14B,$0.10B,68.35%,$0.14B,$0.08B,60.43%,$0.14B,$0.08B,56.83%,$0.14B,$0.08B,56.83%,$0.08B,$0.70B,11.15%,$0.08B,$0.70B,11.15%,$0.08B,$1.13B,7.33%,$0.08B,$1.08B,7.42%,$33,$0,$33,$0,$3,$14,$19,$1,$20,$0,$20,$20,$20,$21,$24,$73,73,$0.28,$0.28,$5,$0,$0,$33,$0,$1095,$0,$0,$1095,$1128,$45,$379,$0,$379,$424,$0,$-221,$0,$704,$1128,$20,$-3,$-34,$-37,$-3,$0,$-2,$-0,$-5,$-22,$0,$0,$0,$0,$0,$0,$0,$0,$36,$0,$36,$0,$0,$-17,$0,$19,$-3,$0,$-17
27,2011-12-31,4.22,$9.58,0.44,$1.80,2.34,$-2.62,0.0,$1.06,3.98,$0.04B,$0.05B,0.91,$0.34B,$0.70B,0.49,$0.13B,$0.13B,100.00%,$0.13B,$0.07B,55.73%,$0.13B,$0.09B,68.70%,$0.13B,$0.08B,61.07%,$0.13B,$0.08B,58.78%,$0.13B,$0.08B,58.78%,$0.08B,$0.70B,10.90%,$0.08B,$0.70B,10.90%,$0.08B,$1.09B,7.35%,$0.07B,$1.04B,7.23%,$36,$0,$36,$0,$19,$25,$11,$-4,$7,$0,$7,$7,$7,$13,$16,$73,73,$0.09,$0.09,$7,$0,$0,$42,$0,$1049,$0,$0,$1049,$1091,$46,$343,$1,$344,$390,$0,$-221,$0,$701,$1091,$77,$-8,$-155,$-164,$-2,$0,$1,$0,$-0,$-87,$0,$0,$0,$0,$0,$0,$0,$0,$173,$0,$173,$-2,$-2,$-77,$-2,$93,$6,$0,$-77
28,2011-09-30,3.65,$9.75,0.37,$1.71,2.14,$-0.82,0.0,$0.99,3.69,$0.07B,$0.03B,2.15,$0.32B,$0.71B,0.45,$0.12B,$0.12B,100.00%,$0.12B,$0.06B,53.33%,$0.12B,$0.08B,65.00%,$0.12B,$0.07B,58.33%,$0.12B,$0.07B,60.00%,$0.12B,$0.07B,60.00%,$0.07B,$0.71B,10.20%,$0.07B,$0.71B,10.20%,$0.07B,$1.06B,7.17%,$0.06B,$1.03B,6.63%,$33,$0,$33,$0,$7,$12,$21,$-8,$13,$0,$13,$13,$13,$23,$25,$73,73,$0.18,$0.18,$30,$0,$0,$67,$0,$992,$0,$1,$994,$1060,$31,$317,$0,$318,$349,$0,$-227,$0,$712,$1060,$70,$-6,$-106,$-112,$-3,$0,$-12,$-0,$-15,$-57,$0,$0,$0,$0,$0,$0,$0,$0,$147,$0,$147,$-2,$-2,$-59,$-2,$85,$28,$0,$-59
29,2011-06-30,4.36,$9.83,0.44,$1.63,2.67,$1.69,2.57,$1.06,4.11,$0.08B,$0.04B,2.09,$0.28B,$0.72B,0.38,$0.11B,$0.11B,100.00%,$0.11B,$0.06B,53.57%,$0.11B,$0.07B,64.29%,$0.11B,$0.06B,57.14%,$0.11B,$0.08B,66.96%,$0.11B,$0.08B,66.96%,$0.08B,$0.72B,10.91%,$0.08B,$0.72B,10.91%,$0.08B,$1.03B,7.74%,$0.06B,$0.99B,6.53%,$37,$0,$37,$0,$6,$11,$26,$13,$39,$0,$39,$39,$39,$27,$30,$73,73,$0.53,$0.53,$44,$0,$0,$82,$0,$948,$0,$3,$951,$1033,$39,$275,$1,$276,$315,$0,$-230,$0,$718,$1033,$57,$-3,$-63,$-67,$-4,$0,$-3,$0,$-7,$-17,$0,$0,$0,$0,$0,$0,$0,$0,$105,$0,$105,$-42,$-42,$0,$-2,$61,$44,$0,$0
30,2011-03-31,4.78,$9.56,0.5,$1.61,2.96,$4.09,1.17,$0.92,5.2,$0.09B,$0.04B,2.3,$0.28B,$0.70B,0.4,$0.10B,$0.10B,100.00%,$0.10B,$0.05B,52.43%,$0.10B,$0.06B,62.14%,$0.10B,$0.06B,54.37%,$0.10B,$0.06B,56.31%,$0.10B,$0.06B,56.31%,$0.06B,$0.70B,8.68%,$0.06B,$0.70B,8.68%,$0.06B,$1.01B,6.35%,$0.05B,$0.97B,6.22%,$25,$0,$25,$0,$6,$10,$15,$3,$18,$0,$18,$18,$18,$17,$19,$73,73,$0.25,$0.25,$54,$0,$0,$88,$0,$921,$0,$0,$921,$1009,$38,$275,$1,$276,$314,$0,$-236,$0,$695,$1009,$18,$-1,$-39,$-40,$0,$0,$-8,$0,$-8,$-30,$0,$0,$0,$0,$0,$0,$0,$0,$105,$0,$105,$-0,$-0,$-21,$-2,$82,$52,$0,$-21
31,2010-12-31,5.05,$9.62,0.53,$1.76,2.87,$5.58,0.91,$1.03,4.91,$0.04B,$0.05B,0.74,$0.17B,$0.70B,0.24,$0.11B,$0.11B,100.00%,$0.11B,$0.06B,55.66%,$0.11B,$0.07B,62.26%,$0.11B,$0.06B,55.66%,$0.11B,$0.07B,66.04%,$0.11B,$0.07B,66.04%,$0.07B,$0.70B,11.06%,$0.07B,$0.70B,11.06%,$0.07B,$0.92B,8.04%,$0.06B,$0.87B,7.14%,$25,$0,$25,$0,$19,$23,$2,$0,$2,$0,$2,$2,$2,$3,$4,$63,63,$-0.04,$-0.04,$1,$0,$0,$35,$0,$880,$0,$1,$881,$916,$47,$170,$0,$170,$217,$0,$-184,$0,$698,$916,$72,$-8,$-23,$-31,$-1,$0,$-1,$-1,$-3,$38,$0,$0,$0,$0,$0,$0,$0,$0,$-126,$0,$-126,$162,$162,$-70,$-8,$-42,$-4,$0,$-70
32,2010-09-30,5.11,$9.76,0.52,$1.90,2.69,$7.82,0.65,$1.09,4.69,$0.08B,$0.07B,1.14,$0.21B,$0.64B,0.32,$0.11B,$0.11B,100.00%,$0.11B,$0.06B,55.86%,$0.11B,$0.07B,61.26%,$0.11B,$0.06B,54.95%,$0.11B,$0.08B,75.68%,$0.11B,$0.08B,75.68%,$0.08B,$0.64B,14.15%,$0.08B,$0.64B,14.15%,$0.08B,$0.92B,9.74%,$0.06B,$0.85B,7.57%,$25,$0,$25,$0,$5,$8,$17,$-0,$16,$0,$16,$16,$16,$17,$19,$66,66,$0.25,$0.25,$53,$0,$0,$82,$0,$834,$0,$1,$835,$917,$72,$206,$0,$206,$278,$0,$-136,$0,$639,$917,$69,$-6,$21,$14,$4,$0,$27,$-1,$30,$114,$0,$0,$0,$0,$0,$0,$0,$0,$-91,$0,$-91,$33,$33,$0,$-8,$-65,$49,$0,$0
33,2010-06-30,4.27,$9.83,0.43,$2.04,2.09,$7.76,0.55,$1.39,3.07,$0.06B,$0.03B,2.26,$0.15B,$0.64B,0.23,$0.12B,$0.12B,100.00%,$0.12B,$0.07B,58.26%,$0.12B,$0.07B,62.61%,$0.12B,$0.07B,57.39%,$0.12B,$0.10B,86.09%,$0.12B,$0.10B,86.09%,$0.10B,$0.64B,17.41%,$0.10B,$0.64B,17.41%,$0.10B,$0.81B,11.52%,$0.07B,$0.79B,8.08%,$28,$0,$28,$0,$5,$8,$20,$2,$22,$0,$22,$22,$22,$19,$22,$57,57,$0.39,$0.39,$20,$0,$0,$57,$0,$754,$0,$2,$756,$812,$25,$145,$0,$145,$170,$0,$-133,$0,$642,$812,$53,$-4,$98,$94,$-2,$0,$-18,$-2,$-23,$124,$0,$0,$0,$0,$0,$0,$0,$0,$-151,$0,$-151,$50,$50,$0,$-8,$-109,$15,$0,$0
34,2010-03-31,4.18,$9.77,0.43,$2.15,1.94,$6.73,0.62,$1.43,2.92,$0.03B,$0.03B,1.12,$0.25B,$0.55B,0.46,$0.12B,$0.12B,100.00%,$0.12B,$0.07B,60.83%,$0.12B,$0.08B,64.17%,$0.12B,$0.07B,60.83%,$0.12B,$0.10B,84.17%,$0.12B,$0.10B,84.17%,$0.10B,$0.55B,18.82%,$0.10B,$0.55B,18.82%,$0.10B,$0.84B,11.43%,$0.07B,$0.81B,8.54%,$28,$0,$28,$0,$6,$8,$20,$10,$30,$0,$30,$30,$30,$20,$21,$57,57,$0.54,$0.54,$7,$0,$0,$35,$0,$803,$0,$1,$804,$839,$31,$254,$1,$255,$286,$0,$-114,$0,$553,$839,$30,$-2,$45,$44,$-1,$0,$-11,$-0,$-13,$61,$0,$0,$0,$0,$0,$0,$0,$0,$-43,$0,$-43,$0,$0,$-17,$0,$-60,$1,$0,$-17
35,2009-12-31,3.46,$9.55,0.36,$2.24,1.55,$5.85,0.59,$1.50,2.31,$0.03B,$0.04B,0.72,$0.30B,$0.54B,0.55,$0.12B,$0.12B,100.00%,$0.12B,$0.08B,62.10%,$0.12B,$0.08B,66.13%,$0.12B,$0.08B,62.90%,$0.12B,$0.07B,54.03%,$0.12B,$0.07B,54.03%,$0.07B,$0.54B,12.82%,$0.07B,$0.54B,12.82%,$0.07B,$0.88B,7.38%,$0.08B,$0.84B,8.72%,$30,$0,$30,$0,$22,$25,$5,$11,$16,$0,$16,$16,$16,$5,$6,$56,56,$0.29,$0.29,$5,$0,$0,$32,$0,$847,$0,$1,$848,$880,$44,$296,$0,$296,$340,$0,$-74,$0,$540,$880,$67,$-5,$85,$80,$-5,$0,$15,$1,$12,$159,$0,$0,$0,$0,$0,$0,$0,$0,$-130,$0,$-130,$-2,$-2,$-37,$0,$-169,$-10,$0,$-37
36,2009-09-30,2.91,$9.59,0.3,$2.35,1.24,$3.32,0.87,$1.83,1.59,$0.03B,$0.02B,1.41,$0.35B,$0.54B,0.64,$0.13B,$0.13B,100.00%,$0.13B,$0.10B,73.64%,$0.13B,$0.10B,80.62%,$0.13B,$0.10B,77.52%,$0.13B,$-0.05B,-41.09%,$0.13B,$-0.05B,-41.09%,$-0.05B,$0.54B,-10.29%,$-0.05B,$0.54B,-10.29%,$-0.05B,$0.91B,-5.71%,$0.10B,$0.89B,10.47%,$29,$0,$29,$0,$6,$8,$22,$9,$31,$0,$31,$31,$31,$22,$23,$56,56,$0.55,$0.55,$0,$0,$0,$25,$0,$881,$0,$0,$881,$906,$18,$348,$0,$348,$365,$0,$-16,$0,$540,$906,$51,$-4,$50,$47,$-2,$0,$-1,$0,$-3,$94,$0,$0,$0,$0,$0,$0,$0,$0,$-79,$0,$-79,$-31,$-31,$0,$0,$-110,$-15,$0,$0
37,2009-06-30,2.39,$9.24,0.26,$2.51,0.95,$1.48,1.61,$0.94,2.54,$0.02B,$0.02B,1.22,$0.38B,$0.51B,0.73,$0.14B,$0.14B,100.00%,$0.14B,$0.10B,72.26%,$0.14B,$0.11B,81.02%,$0.14B,$0.11B,78.10%,$0.14B,$-0.10B,-75.18%,$0.14B,$-0.10B,-75.18%,$-0.10B,$0.51B,-19.07%,$-0.10B,$0.51B,-19.07%,$-0.10B,$0.91B,-10.43%,$0.10B,$0.89B,10.22%,$33,$0,$33,$0,$6,$8,$26,$-2,$24,$0,$24,$24,$24,$26,$27,$56,56,$0.43,$0.43,$2,$0,$0,$23,$0,$885,$0,$1,$886,$909,$19,$376,$0,$376,$395,$0,$27,$0,$514,$909,$20,$-2,$45,$42,$1,$0,$1,$-1,$1,$63,$0,$0,$0,$0,$0,$0,$0,$0,$-50,$0,$-50,$-27,$-27,$0,$0,$-77,$-14,$0,$0
38,2009-03-31,1.57,$9.04,0.17,$2.57,0.61,$-0.98,0.0,$0.95,1.65,$0.02B,$0.02B,1.29,$0.42B,$0.50B,0.85,$0.14B,$0.14B,100.00%,$0.14B,$0.10B,69.06%,$0.14B,$0.11B,80.58%,$0.14B,$0.11B,77.70%,$0.14B,$-0.12B,-82.73%,$0.14B,$-0.12B,-82.73%,$-0.12B,$0.50B,-19.84%,$-0.12B,$0.50B,-19.84%,$-0.12B,$0.94B,-10.91%,$0.10B,$0.92B,9.27%,$32,$0,$32,$0,$6,$8,$24,$-28,$-4,$0,$-4,$-4,$-4,$25,$26,$55,55,$-0.07,$-0.07,$2,$0,$0,$23,$0,$913,$0,$0,$913,$935,$17,$422,$1,$423,$440,$0,$21,$0,$496,$935,$-4,$-1,$15,$14,$2,$0,$-1,$0,$1,$11,$0,$0,$0,$0,$0,$0,$0,$0,$-5,$0,$-5,$-21,$-21,$0,$0,$-25,$-14,$0,$0
39,2008-12-31,3.52,$9.23,0.38,$2.67,1.32,$-2.05,0.0,$0.96,3.67,$0.04B,$0.03B,1.31,$0.43B,$0.51B,0.84,$0.14B,$0.14B,100.00%,$0.14B,$0.10B,66.43%,$0.14B,$0.11B,79.72%,$0.14B,$0.11B,77.62%,$0.14B,$-0.15B,-104.90%,$0.14B,$-0.15B,-104.90%,$-0.15B,$0.51B,-24.06%,$-0.15B,$0.51B,-24.06%,$-0.15B,$0.97B,-13.62%,$0.10B,$0.94B,8.76%,$35,$0,$35,$0,$7,$12,$23,$-127,$-104,$0,$-104,$-104,$-104,$27,$28,$54,54,$-1.91,$-1.91,$15,$0,$0,$38,$0,$927,$0,$1,$928,$966,$29,$426,$1,$427,$456,$0,$4,$0,$510,$966,$-151,$-3,$175,$172,$-4,$0,$0,$-0,$-4,$17,$0,$0,$0,$0,$0,$0,$0,$0,$45,$0,$45,$-3,$-3,$-48,$-0,$-7,$11,$0,$-48
40,2008-09-30,3.92,$11.52,0.34,$2.79,1.4,$-10.06,0.0,$0.97,4.04,$0.09B,$0.01B,8.74,$0.49B,$0.64B,0.77,$0.14B,$0.14B,100.00%,$0.14B,$0.09B,65.73%,$0.14B,$0.11B,79.72%,$0.14B,$0.11B,78.32%,$0.14B,$-0.06B,-43.36%,$0.14B,$-0.06B,-43.36%,$-0.06B,$0.64B,-9.14%,$-0.06B,$0.64B,-9.14%,$-0.06B,$1.14B,-5.44%,$0.09B,$1.13B,8.33%,$37,$0,$37,$0,$7,$12,$26,$-44,$-19,$0,$-19,$-19,$-19,$29,$30,$55,55,$-0.34,$-0.34,$61,$0,$0,$87,$0,$1051,$0,$4,$1055,$1142,$10,$491,$0,$491,$501,$0,$-3,$0,$641,$1142,$-46,$-2,$49,$48,$-6,$0,$1,$-5,$-10,$-9,$0,$0,$0,$0,$0,$0,$0,$0,$110,$0,$110,$-0,$-0,$-44,$0,$66,$57,$0,$-44
41,2008-06-30,3.08,$12.31,0.25,$2.77,1.11,$-16.32,0.0,$1.75,1.76,$0.02B,$0.02B,1.4,$0.48B,$0.67B,0.72,$0.14B,$0.14B,100.00%,$0.14B,$0.09B,64.29%,$0.14B,$0.11B,80.00%,$0.14B,$0.11B,78.57%,$0.14B,$-0.04B,-29.29%,$0.14B,$-0.04B,-29.29%,$-0.04B,$0.67B,-5.81%,$-0.04B,$0.67B,-5.81%,$-0.04B,$1.17B,-3.61%,$0.09B,$1.16B,8.03%,$35,$0,$35,$0,$7,$12,$23,$-11,$12,$0,$12,$12,$12,$27,$28,$53,53,$0.22,$0.22,$5,$0,$0,$23,$0,$1149,$0,$0,$1150,$1172,$16,$484,$0,$484,$500,$0,$-5,$0,$672,$1172,$-28,$-1,$-50,$-51,$-0,$0,$8,$-0,$7,$-71,$0,$0,$0,$0,$0,$0,$0,$0,$103,$0,$103,$0,$0,$-32,$0,$71,$-0,$0,$-32
42,2008-03-31,3.75,$12.60,0.3,$2.93,1.28,$-21.31,0.0,$1.62,2.32,$0.02B,$0.01B,2.75,$0.45B,$0.67B,0.66,$0.14B,$0.14B,100.00%,$0.14B,$0.08B,60.87%,$0.14B,$0.11B,77.54%,$0.14B,$0.11B,76.81%,$0.14B,$-0.04B,-28.99%,$0.14B,$-0.04B,-28.99%,$-0.04B,$0.67B,-5.49%,$-0.04B,$0.67B,-5.49%,$-0.04B,$1.13B,-3.45%,$0.08B,$1.12B,7.44%,$36,$0,$36,$0,$7,$12,$23,$-63,$-39,$0,$-39,$-39,$-39,$28,$28,$53,53,$-0.75,$-0.75,$2,$0,$0,$21,$0,$1104,$0,$1,$1104,$1125,$8,$445,$1,$446,$454,$0,$-4,$0,$671,$1125,$-39,$-0,$-5,$-6,$-1,$0,$-1,$1,$-1,$-46,$0,$0,$0,$0,$0,$0,$0,$0,$64,$0,$64,$5,$5,$-26,$0,$43,$-3,$0,$-26
