,Date,Stock Price,Book Value per Share,Price to Book Ratio,TTM Sales per Share,Price to Sales Ratio,TTM FCF per Share,Price to FCF Ratio,TTM Net EPS,PE Ratio,Current Assets,Current Liabilities,Current Ratio,Long Term Debt,Shareholder's Equity_x,Debt to Equity Ratio,TTM Revenue_x,TTM Gross Profit,Gross Margin,TTM Revenue_y,TTM Operating Income,Operating Margin,TTM Revenue_x,TTM EBIT,EBIT Margin,TTM Revenue_y,TTM EBITDA,EBITDA Margin,TTM Revenue_x,TTM Pre-Tax Income,Pre-Tax Margin,TTM Revenue_y,TTM Net Income_x,Net Margin,TTM Net Income_y,Shareholder's Equity_y,Return on Equity,TTM Net Income_x,Tangible Equity,Return on Tangible Equity,TTM Net Income_y,Total Assets,Return on Assets,TTM Net Income,LT Investments & Debt,Return on Investment,revenue,cost-goods-sold,gross-profit,research-development-expenses,selling-general-administrative-expenses,operating-expenses,operating-income,total-non-operating-income-expense,pre-tax-income,total-provision-income-taxes,income-after-taxes,income-from-continuous-operations,net-income,ebitda,ebit,basic-shares-outstanding,shares-outstanding,eps-basic-net-earnings-per-share,eps-earnings-per-share-diluted,cash-on-hand,inventory,other-current-assets,total-current-assets,net-property-plant-equipment,long-term-investments,goodwill-intangible-assets-total,other-long-term-assets,total-long-term-assets,total-assets,total-current-liabilities,long-term-debt,other-non-current-liabilities,total-long-term-liabilities,total-liabilities,common-stock-net,retained-earnings-accumulated-deficit,comprehensive-income,total-share-holder-equity,total-liabilities-share-holders-equity,net-income-loss,total-depreciation-amortization-cash-flow,other-non-cash-items,total-non-cash-items,change-in-accounts-receivable,change-in-inventories,change-in-accounts-payable,change-in-assets-liabilities,total-change-in-assets-liabilities,cash-flow-from-operating-activities,net-change-in-property-plant-equipment,net-change-in-intangible-assets,net-acquisitions-divestitures,net-change-in-short-term-investments,net-change-in-long-term-investments,net-change-in-investments-total,investing-activities-other,cash-flow-from-investing-activities,net-long-term-debt,net-current-debt,debt-issuance-retirement-net-total,net-common-equity-issued-repurchased,net-total-equity-issued-repurchased,total-common-preferred-stock-dividends-paid,financial-activities-other,cash-flow-from-financial-activities,net-cash-flow,stock-based-compensation,common-stock-dividends-paid
0,2018-09-30,9.83,$4.59,2.14,$24.74,0.4,$0.96,10.25,$-3.25,0.0,$0.64B,$0.96B,0.66,$4.13B,$0.89B,4.64,$4.63B,$2.13B,45.96%,$4.63B,$-0.55B,-11.78%,$4.63B,$-0.55B,-11.78%,$4.63B,$0.38B,8.25%,$4.63B,$-0.73B,-15.77%,$4.63B,$-0.64B,-13.92%,$-0.64B,$0.89B,-58.27%,$-0.64B,$0.68B,-80.37%,$-0.64B,$6.50B,-9.17%,$-0.55B,$5.02B,-9.84%,$1120,$607,$513,$0,$57,$1116,$4,$-59,$-55,$-18,$-37,$-37,$-37,$119,$4,$188,188,$-0.20,$-0.20,$175,$0,$242,$637,$5407,$30,$214,$207,$5858,$6495,$963,$4129,$461,$4642,$5605,$2,$-3201,$0,$890,$6495,$-660,$792,$63,$855,$-1,$0,$0,$20,$-24,$171,$-169,$0,$-272,$293,$2,$294,$134,$-13,$-235,$0,$-235,$0,$0,$0,$-5,$-240,$-82,$21,$0
1,2018-06-30,9.09,$4.75,1.91,$25.10,0.36,$1.78,5.1,$-5.47,0.0,$0.55B,$0.74B,0.75,$4.54B,$0.92B,4.93,$4.69B,$2.14B,45.69%,$4.69B,$-0.90B,-19.21%,$4.69B,$-0.90B,-19.21%,$4.69B,$0.40B,8.51%,$4.69B,$-1.12B,-23.90%,$4.69B,$-1.02B,-21.79%,$-1.02B,$0.92B,-81.02%,$-1.02B,$0.71B,-117.76%,$-1.02B,$6.73B,-13.76%,$-0.90B,$5.46B,-15.31%,$1155,$627,$528,$0,$60,$1293,$-138,$-43,$-181,$-16,$-166,$-166,$-165,$-6,$-138,$188,188,$-0.88,$-0.88,$186,$0,$141,$551,$5716,$32,$214,$217,$6179,$6730,$736,$4537,$466,$5073,$5809,$2,$-3164,$0,$921,$6730,$-623,$677,$88,$765,$11,$0,$0,$3,$-44,$99,$-120,$0,$-271,$270,$1,$271,$132,$12,$-197,$0,$-197,$0,$0,$0,$-5,$-202,$-92,$15,$0
2,2018-03-31,6.71,$5.57,1.2,$25.31,0.27,$2.49,2.69,$-4.84,0.0,$0.89B,$1.06B,0.84,$4.53B,$1.08B,4.2,$4.72B,$2.16B,45.73%,$4.72B,$-0.73B,-15.52%,$4.72B,$-0.73B,-15.52%,$4.72B,$0.56B,11.81%,$4.72B,$-0.99B,-20.95%,$4.72B,$-0.90B,-19.12%,$-0.90B,$1.08B,-59.77%,$-0.90B,$0.87B,-92.82%,$-0.90B,$7.19B,-11.58%,$-0.73B,$5.61B,-11.93%,$1187,$632,$555,$0,$77,$1601,$-414,$-28,$-442,$16,$-457,$-457,$-457,$131,$-414,$187,187,$-2.45,$-2.45,$542,$0,$89,$892,$5775,$78,$215,$227,$6295,$7187,$1064,$4530,$427,$5044,$6108,$2,$-2998,$0,$1080,$7187,$-457,$545,$-20,$525,$3,$0,$0,$-11,$-29,$38,$8,$0,$-27,$116,$-6,$110,$0,$91,$-14,$0,$-14,$0,$0,$0,$-2,$-16,$113,$8,$0
3,2017-12-31,9.7,$8.00,1.21,$25.51,0.38,$2.51,3.86,$-3.07,0.0,$0.90B,$1.10B,0.82,$4.54B,$1.53B,2.97,$4.75B,$2.14B,45.17%,$4.75B,$-0.27B,-5.69%,$4.75B,$-0.27B,-5.69%,$4.75B,$0.62B,13.08%,$4.75B,$-0.59B,-12.39%,$4.75B,$-0.57B,-12.03%,$-0.57B,$1.53B,-33.05%,$-0.57B,$0.96B,-54.59%,$-0.57B,$7.68B,-7.09%,$-0.27B,$6.07B,-4.18%,$1166,$635,$531,$0,$59,$1163,$3,$-54,$-52,$-67,$15,$15,$15,$138,$3,$186,186,$0.08,$0.08,$552,$0,$106,$902,$5852,$130,$574,$218,$6774,$7675,$1096,$4540,$439,$5049,$6145,$2,$-2541,$0,$1530,$7675,$-572,$891,$49,$940,$13,$0,$0,$-1,$7,$367,$-214,$0,$-5,$-292,$-170,$-462,$80,$-601,$252,$0,$252,$0,$0,$0,$-12,$241,$6,$28,$0
4,2017-09-30,10.6,$7.88,1.34,$25.76,0.41,$1.86,5.69,$-4.60,0.0,$0.94B,$1.13B,0.83,$4.87B,$1.51B,3.23,$4.79B,$2.14B,44.59%,$4.79B,$-0.45B,-9.42%,$4.79B,$-0.45B,-9.42%,$4.79B,$0.65B,13.65%,$4.79B,$-0.81B,-16.81%,$4.79B,$-0.85B,-17.83%,$-0.85B,$1.51B,-45.80%,$-0.85B,$0.94B,-75.64%,$-0.85B,$8.09B,-10.12%,$-0.45B,$6.38B,-6.52%,$1178,$651,$527,$0,$64,$1529,$-351,$-94,$-445,$-31,$-414,$-414,$-414,$136,$-351,$186,186,$-2.22,$-2.22,$582,$0,$106,$936,$6180,$186,$571,$219,$7156,$8092,$1128,$4869,$451,$5454,$6582,$2,$-2556,$0,$1510,$8092,$-587,$755,$112,$867,$11,$0,$0,$29,$19,$294,$-140,$0,$-0,$-247,$-176,$-423,$40,$-523,$334,$0,$334,$0,$0,$0,$-23,$311,$81,$23,$0
5,2017-06-30,14.71,$10.00,1.47,$26.14,0.56,$1.11,13.29,$-2.66,0.0,$0.56B,$1.08B,0.52,$4.57B,$1.92B,2.39,$4.86B,$2.15B,44.28%,$4.86B,$-0.05B,-1.07%,$4.86B,$-0.05B,-1.07%,$4.86B,$0.72B,14.84%,$4.86B,$-0.41B,-8.40%,$4.86B,$-0.49B,-10.13%,$-0.49B,$1.92B,-23.71%,$-0.49B,$1.13B,-38.46%,$-0.49B,$8.19B,-5.58%,$-0.05B,$6.49B,-0.70%,$1186,$642,$544,$0,$67,$1156,$30,$-79,$-49,$-3,$-46,$-46,$-46,$152,$30,$186,186,$-0.25,$-0.25,$220,$0,$91,$561,$6424,$197,$790,$221,$7632,$8193,$1078,$4574,$459,$5199,$6277,$2,$-2142,$0,$1916,$8193,$-173,$268,$118,$386,$12,$0,$0,$26,$-10,$201,$-90,$0,$-0,$-30,$-178,$-208,$38,$-259,$3,$0,$3,$0,$0,$0,$-7,$-4,$-63,$15,$0
6,2017-03-31,13.43,$10.19,1.32,$26.54,0.51,$1.47,9.15,$-2.60,0.0,$0.47B,$0.71B,0.67,$4.93B,$1.96B,2.52,$4.93B,$2.17B,44.07%,$4.93B,$-0.02B,-0.49%,$4.93B,$-0.02B,-0.49%,$4.93B,$0.76B,15.39%,$4.93B,$-0.39B,-7.99%,$4.93B,$-0.48B,-9.75%,$-0.48B,$1.96B,-21.92%,$-0.48B,$1.16B,-34.53%,$-0.48B,$8.24B,-5.21%,$-0.02B,$6.89B,-0.30%,$1217,$675,$542,$0,$66,$1169,$48,$-90,$-42,$84,$-126,$-126,$-126,$195,$48,$186,186,$-0.68,$-0.68,$89,$0,$106,$474,$6512,$203,$793,$256,$7764,$8238,$706,$4934,$474,$5577,$6283,$2,$-2096,$0,$1955,$8238,$-126,$147,$94,$241,$4,$0,$0,$1,$-47,$67,$-17,$0,$0,$-0,$-184,$-185,$2,$-200,$-18,$0,$-18,$0,$0,$0,$-6,$-24,$-157,$8,$0
7,2016-12-31,12.42,$10.93,1.14,$26.81,0.46,$1.00,12.48,$-2.18,0.0,$0.62B,$0.73B,0.85,$5.83B,$2.08B,2.81,$4.98B,$2.18B,43.76%,$4.98B,$-0.03B,-0.62%,$4.98B,$-0.03B,-0.62%,$4.98B,$0.73B,14.69%,$4.98B,$-0.40B,-8.02%,$4.98B,$-0.40B,-8.12%,$-0.40B,$2.08B,-17.49%,$-0.40B,$1.29B,-27.00%,$-0.40B,$9.22B,-4.17%,$-0.03B,$7.91B,-0.37%,$1209,$686,$523,$0,$67,$1387,$-178,$-91,$-269,$-1,$-269,$-269,$-268,$171,$-178,$186,186,$-1.45,$-1.45,$249,$0,$98,$620,$7379,$168,$788,$263,$8598,$9218,$731,$5830,$498,$6409,$7140,$2,$-1970,$0,$2078,$9218,$-405,$763,$78,$841,$2,$0,$0,$20,$-61,$366,$-334,$0,$-12,$3,$206,$208,$314,$177,$-401,$0,$-401,$-10,$-10,$0,$-3,$-414,$128,$32,$0
8,2016-09-30,17.45,$12.32,1.42,$27.00,0.65,$0.18,97.65,$-1.67,0.0,$0.55B,$0.80B,0.69,$5.97B,$2.35B,2.54,$5.00B,$2.19B,43.82%,$5.00B,$0.14B,2.76%,$5.00B,$0.14B,2.76%,$5.00B,$0.73B,14.67%,$5.00B,$-0.24B,-4.70%,$5.00B,$-0.31B,-6.20%,$-0.31B,$2.35B,-12.89%,$-0.31B,$1.54B,-19.68%,$-0.31B,$9.63B,-3.14%,$0.14B,$8.32B,1.62%,$1246,$704,$542,$0,$63,$1198,$48,$-95,$-48,$4,$-52,$-52,$-52,$203,$48,$186,186,$-0.28,$-0.28,$112,$0,$173,$554,$7622,$367,$811,$279,$9078,$9632,$800,$5966,$443,$6482,$7282,$2,$-1701,$0,$2350,$9632,$-136,$413,$55,$468,$8,$0,$0,$17,$-49,$277,$-264,$0,$-12,$-4,$-1,$-5,$227,$-54,$-235,$0,$-235,$0,$0,$0,$-2,$-237,$-14,$27,$0
9,2016-06-30,15.44,$12.54,1.23,$27.01,0.57,$-0.43,0.0,$-1.76,0.0,$0.70B,$0.90B,0.78,$6.06B,$2.39B,2.53,$5.00B,$2.19B,43.83%,$5.00B,$0.09B,1.88%,$5.00B,$0.09B,1.88%,$5.00B,$0.69B,13.87%,$5.00B,$-0.29B,-5.72%,$5.00B,$-0.33B,-6.52%,$-0.33B,$2.39B,-13.17%,$-0.33B,$1.58B,-20.04%,$-0.33B,$9.87B,-3.24%,$0.09B,$8.45B,1.09%,$1259,$693,$566,$0,$91,$1201,$58,$-94,$-35,$0,$-35,$-35,$-35,$190,$58,$186,186,$-0.19,$-0.19,$71,$0,$355,$702,$7691,$373,$812,$294,$9171,$9872,$898,$6055,$456,$6581,$7479,$2,$-1650,$0,$2393,$9872,$-84,$258,$36,$293,$5,$0,$0,$-14,$-31,$178,$0,$0,$-202,$-1,$-4,$-5,$50,$-157,$-69,$0,$-69,$0,$0,$0,$-1,$-70,$-49,$19,$0
10,2016-03-31,15.88,$12.68,1.25,$26.96,0.59,$-0.79,0.0,$-2.03,0.0,$0.47B,$0.86B,0.55,$6.16B,$2.42B,2.55,$4.98B,$2.17B,43.55%,$4.98B,$-0.01B,-0.14%,$4.98B,$-0.01B,-0.14%,$4.98B,$0.68B,13.69%,$4.98B,$-0.39B,-7.80%,$4.98B,$-0.38B,-7.56%,$-0.38B,$2.42B,-14.76%,$-0.38B,$1.58B,-22.32%,$-0.38B,$9.99B,-3.70%,$-0.01B,$8.58B,-0.08%,$1263,$716,$547,$0,$93,$1222,$41,$-89,$-47,$2,$-49,$-49,$-49,$167,$41,$185,185,$-0.26,$-0.26,$100,$0,$66,$467,$8004,$373,$845,$299,$9521,$9989,$856,$6156,$487,$6713,$7569,$2,$-1614,$0,$2419,$9989,$-49,$126,$17,$143,$-3,$0,$0,$-17,$-21,$70,$-109,$0,$-12,$-1,$-1,$-2,$48,$-74,$-11,$0,$-11,$0,$0,$0,$-2,$-13,$-17,$10,$0
11,2015-12-31,18.46,$13.05,1.41,$26.93,0.69,$-0.96,0.0,$-2.48,0.0,$0.50B,$0.84B,0.59,$6.20B,$2.46B,2.52,$4.96B,$2.17B,43.76%,$4.96B,$-0.17B,-3.33%,$4.96B,$-0.17B,-3.33%,$4.96B,$0.61B,12.38%,$4.96B,$-0.55B,-11.09%,$4.96B,$-0.46B,-9.21%,$-0.46B,$2.46B,-17.36%,$-0.46B,$1.60B,-25.98%,$-0.46B,$10.05B,-4.44%,$-0.17B,$8.66B,-1.85%,$1236,$697,$538,$0,$92,$1245,$-9,$-96,$-105,$69,$-174,$-174,$-174,$174,$-9,$184,184,$-0.94,$-0.94,$121,$0,$111,$498,$8031,$372,$855,$293,$9551,$10049,$840,$6197,$484,$6750,$7590,$2,$-1565,$0,$2459,$10049,$-458,$780,$-33,$747,$6,$0,$0,$63,$8,$292,$-411,$0,$-191,$40,$-60,$-20,$53,$-569,$293,$0,$293,$0,$0,$0,$-32,$261,$-16,$32,$0
12,2015-09-30,22.96,$13.96,1.65,$28.68,0.8,$-0.73,0.0,$-2.12,0.0,$0.48B,$0.72B,0.67,$6.34B,$2.63B,2.41,$4.98B,$2.18B,43.74%,$4.98B,$-0.23B,-4.64%,$4.98B,$-0.23B,-4.64%,$4.98B,$0.58B,11.61%,$4.98B,$-0.62B,-12.44%,$4.98B,$-0.39B,-7.84%,$-0.39B,$2.63B,-14.24%,$-0.39B,$1.75B,-21.02%,$-0.39B,$10.28B,-3.76%,$-0.23B,$8.96B,-2.58%,$1239,$700,$539,$0,$100,$1235,$4,$-103,$-99,$-31,$-68,$-68,$-68,$162,$4,$185,185,$-0.37,$-0.37,$118,$0,$0,$478,$8278,$345,$879,$295,$9797,$10275,$716,$6335,$513,$6932,$7648,$2,$-1391,$0,$2627,$10275,$-284,$597,$-114,$483,$-3,$0,$0,$32,$5,$202,$-302,$0,$-193,$19,$-34,$-14,$11,$-498,$294,$0,$294,$0,$0,$0,$-32,$262,$-34,$26,$0
13,2015-06-30,34.7,$14.26,2.43,$28.78,1.21,$-0.54,0.0,$-1.98,0.0,$0.50B,$0.78B,0.64,$6.28B,$2.68B,2.34,$4.82B,$2.09B,43.24%,$4.82B,$-0.31B,-6.39%,$4.82B,$-0.31B,-6.39%,$4.82B,$0.51B,10.64%,$4.82B,$-0.67B,-13.96%,$4.82B,$-0.36B,-7.45%,$-0.36B,$2.68B,-12.70%,$-0.36B,$1.81B,-18.51%,$-0.36B,$10.35B,-3.41%,$-0.31B,$8.96B,-3.44%,$1238,$695,$543,$0,$90,$1281,$-43,$-94,$-137,$-53,$-85,$-85,$-85,$178,$-43,$184,184,$-0.46,$-0.46,$121,$0,$0,$498,$8341,$352,$871,$291,$9856,$10353,$783,$6278,$496,$6886,$7669,$2,$-1323,$0,$2684,$10353,$-216,$439,$-105,$334,$-12,$0,$0,$54,$-8,$111,$0,$0,$-371,$26,$-39,$-13,$7,$-376,$243,$0,$243,$0,$0,$0,$-3,$240,$-26,$16,$0
14,2015-03-31,37.76,$14.67,2.57,$28.04,1.35,$-1.06,0.0,$-1.55,0.0,$0.55B,$0.83B,0.67,$6.25B,$2.76B,2.26,$4.33B,$1.86B,42.82%,$4.33B,$-0.23B,-5.40%,$4.33B,$-0.23B,-5.40%,$4.33B,$0.43B,9.97%,$4.33B,$-0.54B,-12.42%,$4.33B,$-0.28B,-6.39%,$-0.28B,$2.76B,-11.47%,$-0.28B,$1.87B,-16.51%,$-0.28B,$10.49B,-3.04%,$-0.23B,$9.01B,-3.08%,$1248,$697,$551,$0,$90,$1365,$-117,$-92,$-209,$-78,$-131,$-131,$-130,$100,$-117,$184,184,$-0.71,$-0.71,$154,$0,$0,$554,$8434,$318,$890,$295,$9937,$10491,$828,$6249,$487,$6902,$7730,$2,$-1238,$0,$2761,$10491,$-131,$217,$-66,$151,$-13,$0,$0,$41,$-11,$10,$-79,$0,$-174,$25,$-4,$21,$1,$-231,$238,$0,$238,$0,$0,$0,$-5,$232,$11,$9,$0
15,2014-12-31,36.67,$15.41,2.38,$27.25,1.35,$-0.74,0.0,$-0.86,0.0,$0.53B,$0.87B,0.61,$5.98B,$2.88B,2.07,$3.83B,$1.62B,42.31%,$3.83B,$-0.09B,-2.22%,$3.83B,$-0.09B,-2.22%,$3.83B,$0.43B,11.22%,$3.83B,$-0.33B,-8.61%,$3.83B,$-0.15B,-3.89%,$-0.15B,$2.88B,-7.52%,$-0.15B,$1.99B,-10.65%,$-0.15B,$10.42B,-1.94%,$-0.09B,$8.86B,-1.36%,$1252,$708,$544,$0,$99,$1327,$-75,$-99,$-174,$-67,$-107,$-107,$-107,$138,$-75,$148,148,$-0.73,$-0.73,$143,$0,$0,$531,$8390,$313,$892,$293,$9887,$10417,$874,$5978,$524,$6661,$7535,$2,$-1108,$0,$2882,$10417,$-149,$515,$-124,$392,$4,$0,$0,$-20,$0,$243,$-304,$0,$-12,$8,$-14,$-6,$8,$-315,$-188,$0,$-188,$330,$330,$0,$-25,$118,$46,$28,$0
16,2014-09-30,32.22,$15.95,2.02,$24.74,1.3,$0.56,57.77,$-0.29,0.0,$0.70B,$1.07B,0.66,$5.95B,$2.98B,1.99,$3.31B,$1.39B,41.93%,$3.31B,$0.02B,0.60%,$3.31B,$0.02B,0.60%,$3.31B,$0.39B,11.62%,$3.31B,$-0.16B,-4.77%,$3.31B,$-0.04B,-1.30%,$-0.04B,$2.98B,-2.84%,$-0.04B,$2.08B,-3.94%,$-0.04B,$10.80B,-0.69%,$0.02B,$8.93B,0.41%,$1084,$637,$447,$0,$90,$1157,$-73,$-80,$-153,$-116,$-37,$-37,$-37,$97,$-73,$159,159,$-0.23,$-0.23,$310,$0,$0,$699,$8574,$312,$900,$313,$10099,$10798,$1065,$5946,$467,$6749,$7815,$2,$-1001,$0,$2983,$10798,$-43,$303,$-83,$220,$25,$0,$0,$-39,$-21,$157,$-213,$0,$-11,$18,$-26,$-8,$15,$-217,$-82,$0,$-82,$330,$330,$0,$-9,$240,$180,$23,$0
17,2014-06-30,33.34,$8.02,4.16,$23.80,1.4,$1.61,20.67,$-0.07,0.0,$0.29B,$0.72B,0.4,$2.58B,$1.03B,2.5,$2.96B,$1.25B,42.26%,$2.96B,$0.13B,4.29%,$2.96B,$0.13B,4.29%,$2.96B,$0.39B,13.08%,$2.96B,$-0.01B,-0.17%,$2.96B,$-0.01B,-0.24%,$-0.01B,$1.03B,-0.68%,$-0.01B,$0.77B,-0.93%,$-0.01B,$4.75B,-0.15%,$0.13B,$3.62B,3.57%,$748,$435,$313,$0,$47,$718,$31,$-33,$-2,$1,$-3,$-3,$-3,$97,$31,$125,125,$-0.03,$-0.03,$87,$0,$0,$289,$3911,$42,$267,$242,$4462,$4751,$718,$2583,$244,$3001,$3719,$1,$-965,$0,$1032,$4751,$-6,$133,$18,$150,$1,$0,$0,$11,$-0,$144,$-133,$0,$-1,$1,$3,$3,$3,$-128,$-20,$0,$-20,$0,$0,$0,$-4,$-24,$-8,$15,$0
18,2014-03-31,33.51,$7.98,4.2,$23.62,1.42,$1.89,17.75,$-0.08,0.0,$0.29B,$0.71B,0.41,$2.57B,$1.03B,2.5,$2.93B,$1.24B,42.28%,$2.93B,$0.12B,4.24%,$2.93B,$0.12B,4.24%,$2.93B,$0.38B,13.06%,$2.93B,$-0.01B,-0.24%,$2.93B,$-0.01B,-0.31%,$-0.01B,$1.03B,-0.88%,$-0.01B,$0.76B,-1.20%,$-0.01B,$4.72B,-0.19%,$0.12B,$3.60B,3.50%,$747,$430,$317,$0,$45,$715,$32,$-33,$-1,$1,$-2,$-2,$-2,$98,$32,$124,124,$-0.02,$-0.02,$80,$0,$0,$287,$3886,$44,$268,$234,$4432,$4720,$710,$2569,$243,$2983,$3693,$1,$-961,$0,$1027,$4720,$-2,$66,$8,$74,$-2,$0,$0,$11,$-19,$53,$-60,$0,$-1,$7,$0,$7,$0,$-54,$-7,$0,$-7,$0,$0,$0,$-5,$-12,$-13,$8,$0
19,2013-12-31,27.18,$7.99,3.4,$23.34,1.16,$2.05,13.27,$-0.03,0.0,$0.30B,$0.87B,0.34,$2.44B,$1.02B,2.39,$2.89B,$1.22B,42.17%,$2.89B,$0.13B,4.53%,$2.89B,$0.13B,4.53%,$2.89B,$0.38B,13.28%,$2.89B,$-0.00B,-0.03%,$2.89B,$-0.00B,-0.10%,$-0.00B,$1.02B,-0.30%,$-0.00B,$0.75B,-0.40%,$-0.00B,$4.74B,-0.06%,$0.13B,$3.46B,3.77%,$734,$422,$312,$0,$42,$704,$30,$-33,$-2,$-2,$-1,$-1,$-1,$93,$30,$124,124,$-0.01,$-0.01,$97,$0,$0,$295,$3895,$44,$268,$235,$4443,$4738,$871,$2435,$243,$2846,$3717,$1,$-959,$0,$1021,$4738,$-4,$252,$40,$293,$-5,$0,$0,$49,$77,$366,$-258,$0,$-35,$9,$-16,$-7,$34,$-265,$-111,$0,$-111,$0,$0,$0,$-1,$-112,$-11,$26,$0
20,2013-09-30,26.3,$7.96,3.3,$23.14,1.14,$1.85,14.24,$-0.22,0.0,$0.29B,$0.72B,0.41,$2.54B,$1.02B,2.49,$2.86B,$1.19B,41.63%,$2.86B,$0.11B,3.96%,$2.86B,$0.11B,3.96%,$2.86B,$0.36B,12.68%,$2.86B,$-0.03B,-0.88%,$2.86B,$-0.03B,-0.95%,$-0.03B,$1.02B,-2.68%,$-0.03B,$0.75B,-3.65%,$-0.03B,$4.64B,-0.58%,$0.11B,$3.55B,3.32%,$729,$421,$308,$0,$46,$695,$34,$-34,$-0,$1,$-1,$-1,$-1,$99,$34,$124,124,$-0.01,$-0.01,$86,$0,$0,$294,$3846,$46,$270,$189,$4350,$4644,$717,$2535,$194,$2910,$3628,$1,$-958,$0,$1017,$4644,$-3,$189,$25,$214,$-9,$0,$0,$27,$38,$249,$-162,$0,$-7,$0,$-17,$-17,$8,$-178,$-89,$0,$-89,$0,$0,$0,$-9,$-98,$-27,$21,$0
21,2013-06-30,26.44,$7.91,3.34,$22.95,1.15,$1.60,16.49,$-0.31,0.0,$0.28B,$0.70B,0.41,$2.56B,$1.01B,2.53,$2.82B,$1.17B,41.30%,$2.82B,$0.10B,3.65%,$2.82B,$0.10B,3.65%,$2.82B,$0.35B,12.29%,$2.82B,$-0.04B,-1.28%,$2.82B,$-0.04B,-1.35%,$-0.04B,$1.01B,-3.77%,$-0.04B,$0.74B,-5.13%,$-0.04B,$4.63B,-0.82%,$0.10B,$3.57B,3.14%,$716,$416,$300,$0,$46,$688,$28,$-32,$-4,$1,$-5,$-5,$-5,$92,$28,$123,123,$-0.04,$-0.04,$75,$0,$0,$283,$3856,$38,$270,$185,$4348,$4631,$696,$2556,$189,$2925,$3621,$1,$-957,$0,$1010,$4631,$-2,$124,$17,$141,$-7,$0,$0,$10,$5,$145,$-100,$0,$-5,$0,$-8,$-8,$7,$-106,$-71,$0,$-71,$0,$0,$0,$-7,$-77,$-38,$14,$0
22,2013-03-31,27.88,$7.89,3.53,$22.82,1.22,$1.54,18.07,$-0.42,0.0,$0.28B,$0.91B,0.31,$2.33B,$1.01B,2.31,$2.80B,$1.15B,41.22%,$2.80B,$0.09B,3.36%,$2.80B,$0.09B,3.36%,$2.80B,$0.33B,11.94%,$2.80B,$-0.05B,-1.79%,$2.80B,$-0.05B,-1.86%,$-0.05B,$1.01B,-5.13%,$-0.05B,$0.74B,-6.98%,$-0.05B,$4.62B,-1.12%,$0.09B,$3.34B,2.95%,$712,$413,$299,$0,$47,$674,$39,$-34,$5,$1,$4,$4,$4,$100,$39,$123,124,$0.03,$0.03,$71,$0,$0,$283,$3853,$36,$268,$179,$4338,$4621,$911,$2331,$193,$2702,$3613,$1,$-952,$0,$1008,$4621,$4,$61,$7,$68,$-9,$0,$0,$13,$-7,$64,$-52,$0,$-0,$-1,$-6,$-7,$0,$-58,$-44,$0,$-44,$0,$0,$0,$-4,$-47,$-41,$7,$0
23,2012-12-31,25.32,$7.87,3.22,$22.73,1.11,$1.47,17.18,$-0.54,0.0,$0.31B,$1.13B,0.27,$2.17B,$1.00B,2.18,$2.77B,$1.14B,41.11%,$2.77B,$0.08B,2.96%,$2.77B,$0.08B,2.96%,$2.77B,$0.32B,11.60%,$2.77B,$-0.07B,-2.35%,$2.77B,$-0.07B,-2.42%,$-0.07B,$1.00B,-6.57%,$-0.07B,$0.73B,-8.90%,$-0.07B,$4.71B,-1.45%,$0.08B,$3.17B,2.54%,$699,$417,$282,$0,$45,$688,$12,$-37,$-26,$-1,$-25,$-25,$-25,$71,$12,$122,122,$-0.19,$-0.19,$112,$0,$0,$309,$3880,$31,$269,$217,$4398,$4707,$1131,$2170,$234,$2579,$3710,$1,$-955,$0,$997,$4707,$-66,$241,$47,$288,$-3,$0,$0,$68,$70,$291,$-208,$0,$-273,$-14,$30,$16,$10,$-455,$195,$0,$195,$0,$0,$0,$7,$203,$38,$26,$0
24,2012-09-30,23.22,$8.07,2.88,$22.53,1.03,$1.95,11.94,$-0.46,0.0,$0.30B,$1.15B,0.26,$2.03B,$1.02B,1.99,$2.74B,$1.14B,41.50%,$2.74B,$0.09B,3.21%,$2.74B,$0.09B,3.21%,$2.74B,$0.33B,12.01%,$2.74B,$-0.06B,-2.01%,$2.74B,$-0.06B,-2.12%,$-0.06B,$1.02B,-5.62%,$-0.06B,$0.75B,-7.58%,$-0.06B,$4.59B,-1.27%,$0.09B,$3.05B,2.66%,$696,$411,$285,$0,$43,$672,$24,$-36,$-11,$1,$-12,$-12,$-12,$84,$24,$122,122,$-0.10,$-0.10,$95,$0,$0,$301,$3790,$65,$268,$163,$4286,$4587,$1150,$2028,$199,$2416,$3566,$1,$-925,$1,$1021,$4587,$-42,$181,$27,$208,$-8,$0,$0,$40,$41,$208,$-151,$0,$-111,$-11,$-1,$-11,$0,$-273,$72,$0,$72,$0,$0,$0,$5,$77,$12,$19,$0
25,2012-06-30,17.74,$8.11,2.19,$21.91,0.81,$2.28,7.77,$-0.42,0.0,$0.29B,$0.99B,0.3,$2.17B,$1.03B,2.12,$2.66B,$1.09B,40.83%,$2.66B,$0.09B,3.53%,$2.66B,$0.09B,3.53%,$2.66B,$0.34B,12.59%,$2.66B,$-0.05B,-1.92%,$2.66B,$-0.05B,-1.99%,$-0.05B,$1.03B,-5.10%,$-0.05B,$0.76B,-6.86%,$-0.05B,$4.58B,-1.17%,$0.09B,$3.20B,2.76%,$690,$404,$287,$0,$46,$672,$19,$-37,$-18,$1,$-19,$-19,$-19,$79,$19,$122,122,$-0.16,$-0.16,$84,$0,$0,$293,$3792,$65,$268,$160,$4286,$4578,$990,$2174,$201,$2562,$3552,$1,$-913,$-0,$1026,$4578,$-30,$121,$20,$142,$-9,$0,$0,$33,$16,$129,$-92,$0,$-110,$-1,$-1,$-2,$-1,$-204,$84,$0,$84,$0,$0,$0,$-1,$84,$8,$13,$0
26,2012-03-31,18.72,$8.21,2.28,$21.04,0.89,$2.72,6.88,$-0.55,0.0,$0.30B,$0.69B,0.43,$2.47B,$1.04B,2.38,$2.55B,$1.02B,39.80%,$2.55B,$0.10B,4.07%,$2.55B,$0.10B,4.07%,$2.55B,$0.35B,13.71%,$2.55B,$-0.05B,-2.12%,$2.55B,$-0.07B,-2.66%,$-0.07B,$1.04B,-6.48%,$-0.07B,$0.77B,-8.68%,$-0.07B,$4.58B,-1.52%,$0.10B,$3.50B,3.00%,$683,$399,$284,$0,$45,$656,$27,$-36,$-10,$1,$-11,$-11,$-11,$87,$27,$121,121,$-0.09,$-0.09,$87,$0,$0,$298,$3793,$66,$266,$153,$4279,$4576,$688,$2466,$199,$2851,$3538,$1,$-894,$0,$1038,$4576,$-11,$61,$6,$66,$-5,$0,$0,$19,$-10,$46,$-42,$0,$-105,$5,$0,$6,$-0,$-141,$110,$0,$110,$0,$0,$0,$-3,$107,$11,$6,$0
27,2011-12-31,17.39,$8.30,2.1,$20.27,0.86,$3.41,5.1,$-0.56,0.0,$0.28B,$0.62B,0.45,$2.42B,$1.04B,2.32,$2.46B,$0.95B,38.58%,$2.46B,$0.09B,3.62%,$2.46B,$0.09B,3.62%,$2.46B,$0.34B,13.96%,$2.46B,$-0.07B,-2.73%,$2.46B,$-0.07B,-2.81%,$-0.07B,$1.04B,-6.55%,$-0.07B,$0.78B,-8.78%,$-0.07B,$4.47B,-1.56%,$0.09B,$3.46B,2.60%,$671,$390,$281,$0,$42,$652,$18,$-34,$-16,$-0,$-16,$-16,$-16,$79,$18,$121,121,$-0.13,$-0.13,$77,$0,$0,$281,$3694,$65,$264,$163,$4185,$4466,$621,$2416,$204,$2805,$3426,$1,$-884,$-1,$1040,$4466,$-69,$254,$54,$308,$-5,$0,$0,$22,$30,$268,$-129,$0,$-83,$20,$-13,$8,$1,$-204,$-120,$0,$-120,$27,$27,$0,$-23,$-116,$-51,$20,$0
28,2011-09-30,12.54,$8.38,1.5,$19.69,0.64,$3.48,3.6,$-0.51,0.0,$0.27B,$0.61B,0.45,$2.40B,$1.05B,2.29,$2.38B,$0.90B,37.84%,$2.38B,$0.09B,3.74%,$2.38B,$0.09B,3.74%,$2.38B,$0.35B,14.57%,$2.38B,$-0.07B,-2.77%,$2.38B,$-0.06B,-2.56%,$-0.06B,$1.05B,-5.77%,$-0.06B,$0.79B,-7.76%,$-0.06B,$4.44B,-1.37%,$0.09B,$3.45B,2.58%,$616,$381,$234,$0,$39,$586,$30,$-36,$-7,$1,$-7,$-7,$-7,$90,$30,$122,122,$-0.06,$-0.06,$89,$0,$0,$273,$3681,$63,$265,$156,$4165,$4438,$607,$2401,$194,$2782,$3389,$1,$-869,$-2,$1049,$4438,$-53,$193,$44,$237,$-2,$0,$0,$28,$28,$212,$-115,$0,$-49,$21,$-12,$9,$32,$-122,$-136,$0,$-136,$27,$27,$0,$-24,$-132,$-43,$14,$0
29,2011-06-30,24.25,$8.59,2.82,$19.41,1.25,$3.58,6.77,$-0.59,0.0,$0.25B,$0.58B,0.44,$2.39B,$1.07B,2.23,$2.34B,$0.87B,37.33%,$2.34B,$0.07B,2.90%,$2.34B,$0.07B,2.90%,$2.34B,$0.34B,14.31%,$2.34B,$-0.09B,-3.76%,$2.34B,$-0.07B,-3.03%,$-0.07B,$1.07B,-6.69%,$-0.07B,$0.80B,-9.06%,$-0.07B,$4.41B,-1.59%,$0.07B,$3.46B,1.97%,$583,$366,$217,$0,$34,$554,$29,$-50,$-21,$13,$-34,$-34,$-34,$94,$29,$121,121,$-0.28,$-0.28,$87,$0,$0,$254,$3689,$52,$267,$143,$4152,$4406,$575,$2387,$190,$2762,$3337,$1,$-862,$0,$1069,$4406,$-46,$133,$40,$173,$2,$0,$0,$28,$31,$157,$-68,$0,$-55,$25,$2,$27,$29,$-67,$-156,$0,$-156,$45,$45,$0,$-21,$-132,$-42,$9,$0
30,2011-03-31,28.0,$8.46,3.31,$19.32,1.45,$3.42,8.18,$-0.39,0.0,$0.25B,$0.73B,0.35,$2.29B,$1.05B,2.18,$2.32B,$0.87B,37.39%,$2.32B,$0.06B,2.71%,$2.32B,$0.06B,2.71%,$2.32B,$0.33B,14.33%,$2.32B,$-0.08B,-3.53%,$2.32B,$-0.05B,-2.02%,$-0.05B,$1.05B,-4.42%,$-0.05B,$0.78B,-6.04%,$-0.05B,$4.43B,-1.04%,$0.06B,$3.35B,1.83%,$587,$371,$216,$0,$34,$575,$12,$-35,$-23,$-11,$-12,$-12,$-12,$80,$12,$121,121,$-0.10,$-0.10,$84,$0,$0,$254,$3717,$47,$273,$141,$4177,$4431,$727,$2293,$187,$2652,$3379,$1,$-828,$-0,$1053,$4431,$-12,$68,$9,$76,$-0,$0,$0,$20,$28,$93,$-5,$0,$-51,$29,$1,$30,$0,$-27,$-107,$0,$-107,$0,$0,$0,$-5,$-111,$-45,$5,$0
31,2010-12-31,21.41,$8.53,2.51,$19.02,1.13,$2.90,7.37,$-0.41,0.0,$0.33B,$0.61B,0.54,$2.50B,$1.06B,2.36,$2.28B,$0.84B,36.91%,$2.28B,$0.07B,2.94%,$2.28B,$0.07B,2.94%,$2.28B,$0.34B,14.82%,$2.28B,$-0.08B,-3.55%,$2.28B,$-0.05B,-2.15%,$-0.05B,$1.06B,-4.59%,$-0.05B,$0.78B,-6.30%,$-0.05B,$4.53B,-1.07%,$0.07B,$3.56B,1.92%,$595,$361,$234,$0,$35,$577,$18,$-33,$-15,$-7,$-8,$-8,$-8,$83,$18,$120,120,$-0.07,$-0.07,$161,$0,$0,$328,$3737,$20,$281,$164,$4202,$4530,$606,$2499,$182,$2864,$3470,$1,$-816,$-0,$1060,$4530,$-49,$273,$0,$273,$-8,$0,$0,$24,$4,$228,$-82,$0,$-58,$3,$0,$3,$1,$-137,$-62,$0,$-62,$0,$0,$0,$-15,$-76,$15,$21,$0
32,2010-09-30,16.31,$8.55,1.91,$19.42,0.84,$2.89,5.64,$-0.52,0.0,$0.33B,$0.71B,0.47,$2.40B,$1.06B,2.26,$2.28B,$0.87B,37.91%,$2.28B,$0.05B,1.97%,$2.28B,$0.05B,1.97%,$2.28B,$0.32B,13.85%,$2.28B,$-0.10B,-4.43%,$2.28B,$-0.06B,-2.72%,$-0.06B,$1.06B,-5.77%,$-0.06B,$0.78B,-7.97%,$-0.06B,$4.54B,-1.35%,$0.05B,$3.47B,1.29%,$576,$369,$207,$0,$33,$567,$9,$-37,$-29,$-12,$-17,$-17,$-17,$78,$9,$120,120,$-0.14,$-0.14,$181,$0,$0,$329,$3754,$20,$288,$148,$4209,$4538,$707,$2402,$183,$2768,$3475,$1,$-808,$-0,$1063,$4538,$-41,$207,$-8,$199,$-6,$0,$0,$22,$21,$179,$-71,$0,$-26,$-1,$0,$-0,$2,$-95,$-63,$0,$-63,$0,$0,$0,$-18,$-81,$3,$16,$0
33,2010-06-30,15.0,$8.64,1.74,$18.91,0.79,$2.82,5.31,$-0.56,0.0,$0.32B,$0.80B,0.4,$2.32B,$1.07B,2.16,$2.21B,$0.84B,37.75%,$2.21B,$0.04B,1.94%,$2.21B,$0.04B,1.94%,$2.21B,$0.31B,13.88%,$2.21B,$-0.10B,-4.57%,$2.21B,$-0.07B,-2.98%,$-0.07B,$1.07B,-6.08%,$-0.07B,$0.78B,-8.45%,$-0.07B,$4.60B,-1.44%,$0.04B,$3.40B,1.24%,$566,$353,$212,$0,$32,$542,$24,$-39,$-15,$-5,$-10,$-10,$-10,$92,$24,$120,120,$-0.08,$-0.08,$181,$0,$0,$322,$3794,$21,$292,$169,$4276,$4598,$800,$2323,$202,$2724,$3525,$1,$-791,$-1,$1073,$4598,$-24,$138,$-3,$134,$-3,$0,$0,$17,$4,$115,$-46,$0,$-22,$-36,$-1,$-37,$1,$-103,$-24,$0,$-24,$0,$0,$0,$-3,$-27,$-15,$10,$0
34,2010-03-31,20.83,$8.75,2.38,$18.91,1.1,$2.72,7.66,$-0.58,0.0,$0.35B,$0.67B,0.52,$2.48B,$1.08B,2.3,$2.15B,$0.81B,37.59%,$2.15B,$0.04B,1.68%,$2.15B,$0.04B,1.68%,$2.15B,$0.30B,13.79%,$2.15B,$-0.10B,-4.61%,$2.15B,$-0.07B,-3.12%,$-0.07B,$1.08B,-6.12%,$-0.07B,$0.78B,-8.55%,$-0.07B,$4.64B,-1.47%,$0.04B,$3.56B,1.03%,$544,$355,$189,$0,$32,$529,$16,$-38,$-22,$-7,$-14,$-14,$-14,$85,$16,$119,119,$-0.12,$-0.12,$192,$0,$0,$347,$3816,$21,$299,$155,$4291,$4638,$672,$2480,$201,$2888,$3561,$1,$-781,$-1,$1078,$4638,$-14,$69,$-4,$65,$-7,$0,$0,$15,$-4,$47,$-23,$0,$0,$-30,$-1,$-31,$2,$-52,$5,$0,$5,$0,$0,$0,$-1,$4,$-1,$5,$0
35,2009-12-31,18.19,$8.82,2.06,$19.24,0.95,$2.86,6.35,$-0.59,0.0,$0.28B,$0.70B,0.4,$2.46B,$1.09B,2.26,$2.10B,$0.80B,37.98%,$2.10B,$0.03B,1.43%,$2.10B,$0.03B,1.43%,$2.10B,$0.29B,13.56%,$2.10B,$-0.10B,-4.76%,$2.10B,$-0.07B,-3.19%,$-0.07B,$1.09B,-6.29%,$-0.07B,$0.78B,-9.00%,$-0.07B,$4.65B,-1.48%,$0.03B,$3.55B,0.87%,$596,$339,$257,$0,$35,$600,$-4,$-30,$-35,$-14,$-21,$-21,$-21,$61,$-4,$111,111,$-0.19,$-0.19,$122,$0,$0,$275,$3858,$21,$308,$189,$4375,$4650,$696,$2459,$198,$2867,$3563,$1,$-767,$-1,$1087,$4650,$-66,$255,$4,$260,$12,$0,$0,$11,$44,$237,$-103,$0,$-204,$-62,$9,$-53,$9,$-351,$-35,$0,$-35,$164,$164,$0,$-2,$127,$12,$27,$0
36,2009-09-30,18.13,$8.94,2.03,$18.68,0.97,$1.17,15.51,$-3.16,0.0,$0.41B,$0.65B,0.62,$2.30B,$1.10B,2.09,$1.99B,$0.71B,35.39%,$1.99B,$-0.19B,-9.54%,$1.99B,$-0.19B,-9.54%,$1.99B,$0.29B,14.31%,$1.99B,$-0.38B,-18.88%,$1.99B,$-0.33B,-16.32%,$-0.33B,$1.10B,-31.46%,$-0.33B,$0.79B,-46.15%,$-0.33B,$4.50B,-7.26%,$-0.19B,$3.41B,-5.58%,$506,$329,$177,$0,$35,$499,$7,$-36,$-29,$-7,$-21,$-21,$-21,$69,$7,$118,118,$-0.18,$-0.18,$264,$0,$0,$406,$3620,$22,$316,$136,$4095,$4502,$654,$2304,$201,$2746,$3400,$1,$-746,$-1,$1102,$4502,$-45,$190,$-0,$190,$14,$0,$0,$-2,$41,$186,$-87,$0,$-1,$-53,$9,$-44,$9,$-124,$-113,$0,$-113,$164,$164,$0,$-8,$43,$105,$22,$0
37,2009-06-30,9.74,$9.42,1.03,$19.16,0.51,$0.07,136.03,$-3.34,0.0,$0.34B,$0.64B,0.53,$2.29B,$1.12B,2.06,$1.97B,$0.69B,34.96%,$1.97B,$-0.21B,-10.57%,$1.97B,$-0.21B,-10.57%,$1.97B,$0.27B,13.67%,$1.97B,$-0.41B,-20.58%,$1.97B,$-0.34B,-17.28%,$-0.34B,$1.12B,-31.89%,$-0.34B,$0.79B,-50.31%,$-0.34B,$4.49B,-7.52%,$-0.21B,$3.41B,-6.14%,$501,$317,$184,$0,$32,$484,$17,$-30,$-13,$-2,$-11,$-11,$-11,$81,$17,$106,106,$-0.10,$-0.10,$194,$0,$0,$343,$3652,$23,$324,$146,$4145,$4488,$642,$2293,$197,$2731,$3373,$1,$-725,$-1,$1115,$4488,$-24,$128,$-2,$126,$-2,$0,$0,$1,$11,$113,$-63,$0,$-0,$-52,$9,$-44,$8,$-98,$-125,$0,$-125,$164,$164,$0,$-12,$27,$42,$14,$0
38,2009-03-31,5.05,$9.38,0.54,$19.13,0.26,$-0.51,0.0,$-3.27,0.0,$0.29B,$0.57B,0.51,$2.50B,$0.95B,2.61,$1.95B,$0.68B,34.76%,$1.95B,$-0.23B,-11.83%,$1.95B,$-0.23B,-11.83%,$1.95B,$0.25B,12.75%,$1.95B,$-0.40B,-20.46%,$1.95B,$-0.33B,-17.07%,$-0.33B,$0.95B,-29.80%,$-0.33B,$0.62B,-50.13%,$-0.33B,$4.47B,-7.24%,$-0.23B,$3.45B,-6.78%,$498,$318,$180,$0,$34,$488,$10,$-33,$-23,$-9,$-14,$-14,$-14,$74,$10,$102,102,$-0.13,$-0.13,$147,$0,$0,$293,$3663,$24,$333,$156,$4176,$4468,$570,$2495,$202,$2944,$3514,$1,$-714,$-1,$954,$4468,$-14,$63,$-6,$57,$-3,$0,$0,$23,$25,$69,$-33,$0,$0,$-56,$8,$-49,$10,$-73,$12,$0,$12,$0,$0,$0,$-9,$2,$-1,$7,$0
39,2008-12-31,5.58,$9.13,0.61,$18.95,0.29,$-0.91,0.0,$-3.68,0.0,$0.28B,$0.65B,0.43,$2.39B,$0.96B,2.49,$1.93B,$0.67B,34.85%,$1.93B,$-0.24B,-12.50%,$1.93B,$-0.24B,-12.50%,$1.93B,$0.24B,12.40%,$1.93B,$-0.46B,-23.86%,$1.93B,$-0.37B,-19.35%,$-0.37B,$0.96B,-30.78%,$-0.37B,$0.62B,-53.38%,$-0.37B,$4.45B,-7.98%,$-0.24B,$3.35B,-6.96%,$487,$323,$164,$0,$31,$711,$-224,$-87,$-311,$-32,$-279,$-279,$-279,$61,$-224,$102,102,$-2.74,$-2.74,$141,$0,$0,$281,$3698,$28,$342,$101,$4168,$4449,$648,$2390,$198,$2840,$3489,$1,$-701,$-1,$961,$4449,$-373,$480,$-55,$425,$-25,$0,$0,$95,$85,$137,$-186,$0,$-7,$-18,$1,$-17,$43,$-166,$217,$0,$217,$-29,$-29,$-129,$-76,$-17,$-47,$29,$-129
40,2008-09-30,21.38,$12.19,1.75,$18.79,1.14,$-0.06,0.0,$-1.41,0.0,$0.27B,$0.86B,0.31,$2.12B,$1.24B,1.71,$1.91B,$0.67B,34.97%,$1.91B,$-0.02B,-0.89%,$1.91B,$-0.02B,-0.89%,$1.91B,$0.24B,12.51%,$1.91B,$-0.23B,-12.09%,$1.91B,$-0.14B,-7.49%,$-0.14B,$1.24B,-10.78%,$-0.14B,$0.67B,-19.00%,$-0.14B,$4.69B,-3.00%,$-0.02B,$3.35B,-0.48%,$482,$323,$160,$0,$33,$493,$-11,$-47,$-58,$-22,$-36,$-36,$-36,$53,$-11,$101,101,$-0.36,$-0.36,$135,$0,$0,$265,$3717,$33,$564,$108,$4422,$4687,$864,$2116,$187,$2588,$3452,$1,$-425,$-1,$1235,$4687,$-94,$195,$-28,$167,$-18,$0,$0,$50,$35,$107,$-134,$0,$-5,$-5,$3,$-2,$40,$-102,$125,$0,$125,$-29,$-29,$-104,$-43,$-51,$-45,$23,$-104
41,2008-06-30,19.29,$12.87,1.5,$18.61,1.04,$0.45,43.32,$-1.63,0.0,$0.26B,$0.83B,0.31,$2.12B,$1.31B,1.62,$1.89B,$0.68B,35.82%,$1.89B,$-0.02B,-0.95%,$1.89B,$-0.02B,-0.95%,$1.89B,$0.25B,13.10%,$1.89B,$-0.27B,-14.10%,$1.89B,$-0.17B,-8.77%,$-0.17B,$1.31B,-11.86%,$-0.17B,$0.74B,-20.34%,$-0.17B,$4.74B,-3.46%,$-0.02B,$3.42B,-0.49%,$478,$307,$172,$0,$40,$483,$-5,$-2,$-6,$-3,$-3,$-3,$-3,$60,$-5,$102,102,$-0.03,$-0.03,$138,$0,$0,$257,$3762,$38,$569,$115,$4484,$4742,$831,$2115,$183,$2605,$3436,$1,$-391,$-1,$1306,$4742,$-59,$131,$-12,$119,$-8,$0,$0,$41,$17,$77,$-88,$0,$-1,$-2,$-0,$-2,$40,$-52,$72,$0,$72,$-20,$-20,$-78,$-40,$-66,$-40,$17,$-78
42,2008-03-31,22.64,$13.17,1.72,$18.43,1.23,$0.71,31.89,$-1.78,0.0,$0.31B,$0.58B,0.54,$2.38B,$1.35B,1.77,$1.87B,$0.68B,36.25%,$1.87B,$-0.03B,-1.39%,$1.87B,$-0.03B,-1.39%,$1.87B,$0.25B,13.56%,$1.87B,$-0.29B,-15.64%,$1.87B,$-0.18B,-9.72%,$-0.18B,$1.35B,-12.29%,$-0.18B,$0.77B,-20.55%,$-0.18B,$4.81B,-3.77%,$-0.03B,$3.72B,-0.70%,$481,$305,$176,$0,$36,$481,$-1,$-84,$-85,$-30,$-55,$-55,$-55,$65,$-1,$102,102,$-0.54,$-0.54,$196,$0,$0,$312,$3745,$41,$578,$138,$4501,$4814,$583,$2376,$207,$2885,$3468,$1,$-388,$-2,$1346,$4814,$-55,$66,$-19,$46,$-6,$0,$0,$61,$49,$41,$-46,$0,$-1,$-19,$-0,$-19,$10,$-56,$112,$0,$112,$0,$0,$-52,$-26,$34,$19,$8,$-52
43,2007-12-31,26.38,$13.52,1.95,$18.13,1.46,$0.71,37.13,$-1.59,0.0,$0.29B,$0.55B,0.53,$2.32B,$1.42B,1.63,$1.84B,$0.67B,36.38%,$1.84B,$-0.04B,-2.23%,$1.84B,$-0.04B,-2.23%,$1.84B,$0.24B,13.16%,$1.84B,$-0.26B,-14.36%,$1.84B,$-0.16B,-8.81%,$-0.16B,$1.42B,-10.34%,$-0.16B,$0.83B,-16.81%,$-0.16B,$4.81B,-3.37%,$-0.04B,$3.74B,-1.10%,$469,$309,$160,$0,$27,$470,$-0,$-82,$-82,$-33,$-49,$-49,$-49,$61,$-0,$102,102,$-0.49,$-0.49,$178,$0,$0,$292,$3760,$42,$586,$132,$4520,$4812,$550,$2317,$181,$2842,$3392,$1,$-333,$-1,$1420,$4812,$-162,$283,$-64,$219,$-6,$0,$0,$128,$143,$200,$-163,$0,$-172,$3,$-17,$-14,$-9,$-358,$460,$0,$460,$0,$0,$-197,$-71,$192,$33,$20,$-197
44,2007-09-30,35.74,$15.02,2.38,$18.85,1.9,$0.57,63.2,$-1.48,0.0,$0.30B,$0.53B,0.55,$2.21B,$1.53B,1.45,$1.80B,$0.67B,36.90%,$1.80B,$-0.08B,-4.22%,$1.80B,$-0.08B,-4.22%,$1.80B,$0.22B,11.99%,$1.80B,$-0.24B,-13.54%,$1.80B,$-0.15B,-8.32%,$-0.15B,$1.53B,-9.07%,$-0.15B,$0.93B,-14.40%,$-0.15B,$4.85B,-3.13%,$-0.08B,$3.74B,-2.06%,$465,$295,$170,$0,$35,$477,$-12,$-82,$-94,$-35,$-59,$-59,$-59,$62,$-12,$102,102,$-0.58,$-0.58,$156,$0,$0,$295,$3750,$0,$602,$199,$4551,$4846,$533,$2209,$183,$2787,$3319,$1,$-283,$-2,$1526,$4846,$-113,$222,$-40,$182,$-6,$0,$0,$66,$69,$138,$-114,$0,$-168,$-52,$0,$-51,$-14,$-346,$357,$0,$357,$0,$0,$-145,$-10,$203,$-5,$26,$-145
45,2007-06-30,39.88,$16.06,2.48,$18.50,2.16,$0.47,84.04,$-1.24,0.0,$0.30B,$0.51B,0.59,$2.13B,$1.63B,1.31,$1.72B,$0.64B,36.95%,$1.72B,$-0.08B,-4.41%,$1.72B,$-0.08B,-4.41%,$1.72B,$0.20B,11.60%,$1.72B,$-0.20B,-11.31%,$1.72B,$-0.12B,-7.08%,$-0.12B,$1.63B,-7.05%,$-0.12B,$1.02B,-11.01%,$-0.12B,$4.85B,-2.57%,$-0.08B,$3.76B,-2.09%,$458,$286,$173,$0,$36,$471,$-13,$-19,$-32,$-13,$-19,$-19,$-19,$66,$-13,$102,102,$-0.18,$-0.18,$161,$0,$0,$300,$3752,$0,$614,$189,$4555,$4854,$509,$2129,$148,$2715,$3224,$1,$-225,$-1,$1630,$4854,$-54,$148,$-12,$136,$-4,$0,$0,$18,$3,$85,$-69,$0,$-150,$-11,$1,$-10,$-10,$-239,$268,$0,$268,$0,$0,$-93,$-8,$167,$13,$19,$-93
46,2007-03-31,38.27,$16.71,2.29,$18.11,2.11,$0.44,86.08,$-1.37,0.0,$0.27B,$0.50B,0.54,$1.95B,$1.69B,1.15,$1.53B,$0.57B,37.22%,$1.53B,$-0.06B,-3.72%,$1.53B,$-0.06B,-3.72%,$1.53B,$0.17B,11.21%,$1.53B,$-0.18B,-11.93%,$1.53B,$-0.12B,-8.02%,$-0.12B,$1.69B,-8.41%,$-0.12B,$1.08B,-12.64%,$-0.12B,$4.74B,-2.98%,$-0.06B,$3.65B,-1.81%,$447,$281,$166,$0,$41,$463,$-16,$-39,$-56,$-21,$-35,$-35,$-35,$53,$-16,$101,101,$-0.35,$-0.35,$124,$0,$0,$268,$3661,$58,$614,$142,$4474,$4742,$495,$1952,$149,$2554,$3049,$1,$-206,$-1,$1693,$4742,$-35,$69,$-8,$61,$-5,$0,$0,$23,$3,$29,$-34,$0,$-33,$-3,$0,$-3,$-5,$-76,$88,$0,$88,$0,$0,$-47,$-7,$35,$-12,$11,$-47
47,2006-12-31,40.32,$16.87,2.39,$17.12,2.36,$0.58,69.32,$-1.32,0.0,$0.27B,$0.51B,0.53,$1.85B,$1.76B,1.05,$1.31B,$0.49B,37.43%,$1.31B,$-0.05B,-3.44%,$1.31B,$-0.05B,-3.44%,$1.31B,$0.14B,10.47%,$1.31B,$-0.15B,-11.15%,$1.31B,$-0.11B,-8.17%,$-0.11B,$1.76B,-9.00%,$-0.11B,$1.15B,-12.86%,$-0.11B,$4.76B,-3.12%,$-0.05B,$3.62B,-1.73%,$432,$276,$156,$0,$44,$468,$-35,$-27,$-62,$-25,$-37,$-37,$-37,$35,$-35,$81,81,$-0.39,$-0.39,$129,$0,$0,$270,$3672,$61,$617,$136,$4486,$4756,$509,$1854,$155,$2483,$2992,$1,$-171,$-1,$1764,$4756,$-108,$181,$-6,$174,$-23,$0,$0,$47,$20,$86,$-68,$0,$-1968,$45,$-1,$44,$-10,$-2003,$677,$0,$677,$1354,$1354,$-104,$-19,$1907,$-10,$27,$-104
