,Date,Stock Price,Book Value per Share,Price to Book Ratio,TTM Sales per Share,Price to Sales Ratio,TTM FCF per Share,Price to FCF Ratio,TTM Net EPS,PE Ratio,Current Assets,Current Liabilities,Current Ratio,Long Term Debt,Shareholder's Equity_x,Debt to Equity Ratio,TTM Revenue_x,TTM Gross Profit,Gross Margin,TTM Revenue_y,TTM Operating Income,Operating Margin,TTM Revenue_x,TTM EBIT,EBIT Margin,TTM Revenue_y,TTM EBITDA,EBITDA Margin,TTM Revenue_x,TTM Pre-Tax Income,Pre-Tax Margin,TTM Revenue_y,TTM Net Income_x,Net Margin,TTM Net Income_y,Shareholder's Equity_y,Return on Equity,TTM Net Income_x,Tangible Equity,Return on Tangible Equity,TTM Net Income_y,Total Assets,Return on Assets,TTM Net Income,LT Investments & Debt,Return on Investment,revenue,cost-goods-sold,gross-profit,research-development-expenses,selling-general-administrative-expenses,operating-expenses,operating-income,total-non-operating-income-expense,pre-tax-income,total-provision-income-taxes,income-after-taxes,income-from-continuous-operations,net-income,ebitda,ebit,basic-shares-outstanding,shares-outstanding,eps-basic-net-earnings-per-share,eps-earnings-per-share-diluted,cash-on-hand,inventory,other-current-assets,total-current-assets,net-property-plant-equipment,long-term-investments,goodwill-intangible-assets-total,other-long-term-assets,total-long-term-assets,total-assets,total-current-liabilities,long-term-debt,other-non-current-liabilities,total-long-term-liabilities,total-liabilities,common-stock-net,retained-earnings-accumulated-deficit,comprehensive-income,total-share-holder-equity,total-liabilities-share-holders-equity,net-income-loss,total-depreciation-amortization-cash-flow,other-non-cash-items,total-non-cash-items,change-in-accounts-receivable,change-in-inventories,change-in-accounts-payable,change-in-assets-liabilities,total-change-in-assets-liabilities,cash-flow-from-operating-activities,net-change-in-property-plant-equipment,net-change-in-intangible-assets,net-acquisitions-divestitures,net-change-in-short-term-investments,net-change-in-long-term-investments,net-change-in-investments-total,investing-activities-other,cash-flow-from-investing-activities,net-long-term-debt,net-current-debt,debt-issuance-retirement-net-total,net-common-equity-issued-repurchased,net-total-equity-issued-repurchased,total-common-preferred-stock-dividends-paid,financial-activities-other,cash-flow-from-financial-activities,net-cash-flow,stock-based-compensation,common-stock-dividends-paid
0,2018-07-31,24.05,$8.24,2.92,$18.81,1.28,$4.02,5.98,$1.98,12.15,$0.38B,$0.09B,4.06,$0.00B,$0.40B,0.0,$0.91B,$0.38B,42.04%,$0.91B,$0.14B,14.82%,$0.91B,$0.14B,14.82%,$0.91B,$0.17B,18.55%,$0.91B,$0.14B,15.48%,$0.91B,$0.10B,10.54%,$0.10B,$0.40B,23.41%,$0.10B,$0.40B,23.41%,$0.10B,$0.55B,17.38%,$0.14B,$0.40B,32.93%,$201,$122,$79,$0,$59,$181,$20,$1,$21,$5,$16,$16,$16,$29,$20,$48,49,$0.32,$0.32,$221,$128,$0,$379,$141,$17,$0,$7,$166,$545,$93,$0,$0,$48,$141,$0,$256,$0,$404,$545,$34,$17,$-0,$17,$1,$-10,$17,$-6,$-20,$31,$-6,$0,$0,$0,$4,$4,$0,$-2,$0,$0,$0,$0,$0,$-25,$0,$-25,$4,$0,$-25
1,2018-04-30,22.81,$8.14,2.8,$18.72,1.22,$3.97,5.75,$1.90,12.0,$0.37B,$0.09B,4.05,$0.00B,$0.40B,0.0,$0.91B,$0.38B,41.72%,$0.91B,$0.13B,14.57%,$0.91B,$0.13B,14.57%,$0.91B,$0.17B,18.43%,$0.91B,$0.14B,15.23%,$0.91B,$0.09B,10.04%,$0.09B,$0.40B,21.76%,$0.09B,$0.40B,21.76%,$0.09B,$0.54B,16.26%,$0.13B,$0.40B,31.56%,$205,$125,$80,$0,$56,$182,$23,$1,$25,$6,$18,$18,$18,$32,$23,$48,49,$0.38,$0.38,$223,$118,$0,$368,$146,$18,$0,$7,$171,$538,$91,$0,$0,$48,$139,$0,$253,$-0,$399,$538,$18,$8,$-0,$8,$1,$-0,$-3,$-5,$-7,$19,$-3,$0,$0,$0,$-0,$-0,$0,$-4,$0,$0,$0,$0,$0,$-12,$0,$-12,$3,$0,$-12
2,2018-01-31,19.62,$8.01,2.45,$18.89,1.04,$4.14,4.73,$1.86,10.55,$0.36B,$0.10B,3.68,$0.00B,$0.39B,0.0,$0.91B,$0.38B,41.62%,$0.91B,$0.13B,14.68%,$0.91B,$0.13B,14.68%,$0.91B,$0.17B,18.62%,$0.91B,$0.14B,15.22%,$0.91B,$0.09B,9.75%,$0.09B,$0.39B,20.82%,$0.09B,$0.39B,20.82%,$0.09B,$0.54B,15.59%,$0.13B,$0.39B,31.35%,$281,$148,$133,$0,$73,$220,$61,$3,$63,$21,$42,$42,$42,$69,$61,$48,48,$0.87,$0.86,$216,$118,$0,$361,$150,$21,$0,$7,$178,$538,$98,$0,$0,$49,$147,$0,$247,$-0,$391,$538,$90,$36,$1,$37,$-0,$8,$5,$-17,$-7,$120,$-13,$0,$0,$0,$-4,$-4,$0,$-17,$0,$0,$0,$0,$0,$-134,$0,$-134,$-31,$0,$-134
3,2017-10-31,14.73,$9.13,1.61,$18.88,0.78,$4.38,3.36,$1.73,8.51,$0.41B,$0.09B,4.4,$0.00B,$0.45B,0.0,$0.91B,$0.37B,40.90%,$0.91B,$0.13B,14.04%,$0.91B,$0.13B,14.04%,$0.91B,$0.17B,18.20%,$0.91B,$0.13B,14.58%,$0.91B,$0.08B,9.10%,$0.08B,$0.45B,18.97%,$0.08B,$0.45B,18.97%,$0.08B,$0.59B,14.27%,$0.13B,$0.45B,29.26%,$224,$133,$91,$0,$60,$193,$31,$1,$32,$12,$20,$20,$20,$39,$31,$48,48,$0.41,$0.41,$257,$129,$0,$406,$156,$18,$0,$8,$182,$588,$92,$0,$0,$50,$142,$0,$302,$-0,$446,$588,$48,$27,$-1,$26,$-0,$-3,$16,$-9,$-15,$59,$-11,$0,$0,$0,$-2,$-2,$0,$-13,$0,$0,$0,$0,$0,$-37,$0,$-37,$9,$0,$-37
4,2017-07-31,15.06,$8.95,1.68,$19.20,0.78,$4.17,3.62,$1.80,8.37,$0.39B,$0.09B,4.51,$0.00B,$0.44B,0.0,$0.93B,$0.38B,40.88%,$0.93B,$0.13B,14.46%,$0.93B,$0.13B,14.46%,$0.93B,$0.17B,18.66%,$0.93B,$0.14B,14.89%,$0.93B,$0.09B,9.28%,$0.09B,$0.44B,19.69%,$0.09B,$0.44B,19.69%,$0.09B,$0.57B,14.83%,$0.13B,$0.44B,30.68%,$196,$122,$74,$0,$57,$178,$17,$1,$18,$7,$11,$11,$11,$27,$17,$48,48,$0.24,$0.24,$244,$122,$0,$388,$160,$18,$0,$7,$186,$574,$86,$0,$0,$50,$136,$0,$294,$-0,$437,$574,$28,$19,$-1,$18,$-0,$4,$15,$-8,$-17,$29,$-7,$0,$0,$0,$2,$2,$0,$-6,$0,$0,$0,$0,$0,$-24,$0,$-24,$-1,$0,$-24
5,2017-04-30,16.23,$8.93,1.82,$19.55,0.83,$4.28,3.79,$1.88,8.63,$0.40B,$0.10B,4.11,$0.00B,$0.44B,0.0,$0.94B,$0.39B,40.83%,$0.94B,$0.14B,14.95%,$0.94B,$0.14B,14.95%,$0.94B,$0.18B,19.09%,$0.94B,$0.15B,15.38%,$0.94B,$0.09B,9.54%,$0.09B,$0.44B,20.68%,$0.09B,$0.44B,20.68%,$0.09B,$0.58B,15.48%,$0.14B,$0.44B,32.40%,$212,$131,$82,$0,$57,$187,$25,$1,$26,$10,$16,$16,$16,$35,$25,$48,48,$0.34,$0.34,$261,$119,$0,$396,$165,$15,$0,$7,$187,$584,$97,$0,$0,$51,$147,$0,$295,$-0,$436,$584,$16,$10,$-0,$9,$-0,$6,$7,$-5,$3,$28,$-4,$0,$0,$0,$-1,$-1,$0,$-5,$0,$0,$0,$0,$0,$-12,$0,$-12,$11,$0,$-12
6,2017-01-31,18.11,$8.85,2.05,$20.21,0.9,$3.87,4.68,$2.02,8.97,$0.39B,$0.10B,3.92,$0.00B,$0.43B,0.0,$0.98B,$0.40B,40.82%,$0.98B,$0.15B,15.59%,$0.98B,$0.15B,15.59%,$0.98B,$0.19B,19.59%,$0.98B,$0.16B,16.00%,$0.98B,$0.10B,9.95%,$0.10B,$0.43B,22.41%,$0.10B,$0.43B,22.41%,$0.10B,$0.58B,16.82%,$0.15B,$0.43B,35.12%,$280,$154,$126,$0,$70,$225,$55,$2,$57,$21,$36,$36,$36,$65,$55,$48,48,$0.75,$0.75,$247,$126,$0,$386,$169,$18,$0,$6,$193,$580,$99,$0,$0,$51,$149,$0,$291,$-0,$431,$580,$98,$38,$-1,$37,$4,$24,$-8,$-3,$14,$149,$-31,$0,$0,$0,$3,$3,$0,$-29,$0,$0,$0,$0,$0,$-85,$0,$-85,$35,$0,$-85
7,2016-10-31,17.07,$9.11,1.87,$21.30,0.8,$4.03,4.24,$2.41,7.08,$0.38B,$0.09B,4.38,$0.00B,$0.44B,0.0,$1.03B,$0.43B,41.67%,$1.03B,$0.18B,17.53%,$1.03B,$0.18B,17.53%,$1.03B,$0.22B,21.42%,$1.03B,$0.19B,18.11%,$1.03B,$0.12B,11.20%,$0.12B,$0.44B,26.85%,$0.12B,$0.44B,26.85%,$0.12B,$0.58B,20.00%,$0.18B,$0.44B,42.03%,$239,$142,$97,$0,$60,$202,$37,$0,$37,$14,$23,$23,$23,$46,$37,$48,48,$0.49,$0.48,$213,$148,$0,$382,$175,$20,$0,$5,$200,$582,$87,$0,$0,$51,$138,$0,$303,$-0,$443,$582,$62,$29,$-0,$28,$2,$1,$2,$-9,$-26,$64,$-27,$0,$0,$0,$1,$1,$0,$-26,$0,$0,$0,$0,$0,$-36,$0,$-36,$2,$0,$-36
8,2016-07-31,22.17,$8.86,2.5,$22.15,1.0,$3.72,5.95,$2.67,8.3,$0.37B,$0.10B,3.93,$0.00B,$0.43B,0.0,$1.07B,$0.45B,41.95%,$1.07B,$0.20B,18.63%,$1.07B,$0.20B,18.63%,$1.07B,$0.24B,22.28%,$1.07B,$0.21B,19.29%,$1.07B,$0.13B,11.99%,$0.13B,$0.43B,30.31%,$0.13B,$0.43B,30.31%,$0.13B,$0.58B,22.18%,$0.20B,$0.43B,47.13%,$212,$132,$80,$0,$56,$188,$24,$1,$25,$9,$15,$15,$15,$34,$24,$48,48,$0.32,$0.32,$207,$144,$0,$374,$174,$28,$0,$4,$206,$580,$95,$0,$0,$54,$149,$0,$292,$-0,$431,$580,$39,$20,$-0,$20,$1,$5,$14,$-4,$-14,$44,$-17,$0,$0,$0,$4,$4,$0,$-13,$0,$0,$0,$0,$0,$-24,$0,$-24,$7,$0,$-24
9,2016-04-30,23.21,$8.75,2.65,$22.65,1.02,$3.36,6.91,$2.84,8.17,$0.36B,$0.09B,4.18,$0.00B,$0.43B,0.0,$1.09B,$0.46B,42.40%,$1.09B,$0.21B,19.41%,$1.09B,$0.21B,19.41%,$1.09B,$0.25B,22.99%,$1.09B,$0.22B,19.96%,$1.09B,$0.14B,12.45%,$0.14B,$0.43B,32.91%,$0.14B,$0.43B,32.91%,$0.14B,$0.57B,23.72%,$0.21B,$0.43B,51.30%,$244,$149,$95,$0,$58,$207,$36,$0,$37,$14,$23,$23,$23,$46,$36,$48,48,$0.48,$0.48,$193,$139,$0,$357,$172,$31,$0,$4,$207,$565,$85,$0,$0,$54,$139,$0,$289,$-0,$426,$565,$23,$10,$-0,$10,$1,$11,$-2,$-14,$-20,$12,$-8,$0,$0,$0,$-0,$-0,$-0,$-8,$0,$0,$0,$0,$0,$-12,$0,$-12,$-8,$0,$-12
10,2016-01-31,22.6,$8.52,2.65,$23.23,0.97,$3.48,6.49,$3.06,7.39,$0.36B,$0.11B,3.37,$0.00B,$0.41B,0.0,$1.12B,$0.48B,43.07%,$1.12B,$0.23B,20.46%,$1.12B,$0.23B,20.46%,$1.12B,$0.27B,23.95%,$1.12B,$0.24B,21.00%,$1.12B,$0.15B,13.14%,$0.15B,$0.41B,36.59%,$0.15B,$0.41B,36.59%,$0.15B,$0.57B,25.87%,$0.23B,$0.41B,57.00%,$332,$176,$156,$0,$73,$249,$83,$3,$87,$32,$54,$54,$54,$94,$83,$48,48,$1.12,$1.13,$198,$150,$0,$363,$173,$34,$0,$3,$210,$573,$108,$0,$0,$53,$160,$0,$278,$-0,$413,$573,$147,$38,$-1,$38,$-0,$-20,$-0,$6,$-26,$159,$-34,$0,$0,$0,$-1,$-1,$0,$-35,$0,$0,$0,$-3,$-3,$-94,$0,$-97,$27,$0,$-94
11,2015-10-31,26.93,$8.63,3.12,$23.69,1.14,$4.01,6.71,$3.18,8.47,$0.37B,$0.11B,3.39,$0.00B,$0.42B,0.0,$1.14B,$0.49B,43.21%,$1.14B,$0.24B,21.03%,$1.14B,$0.24B,21.03%,$1.14B,$0.28B,24.28%,$1.14B,$0.24B,21.38%,$1.14B,$0.15B,13.41%,$0.15B,$0.42B,39.51%,$0.15B,$0.42B,39.51%,$0.15B,$0.59B,27.28%,$0.24B,$0.42B,61.98%,$280,$163,$117,$0,$61,$224,$56,$1,$57,$21,$36,$36,$36,$64,$56,$48,48,$0.75,$0.74,$150,$176,$0,$367,$178,$42,$0,$2,$223,$590,$108,$0,$10,$63,$171,$0,$284,$-0,$419,$590,$93,$28,$-1,$27,$2,$-46,$18,$-11,$-66,$54,$-31,$0,$0,$0,$-1,$-1,$0,$-32,$0,$0,$0,$-1,$-1,$-33,$0,$-34,$-12,$0,$-33
12,2015-07-31,33.39,$8.13,4.11,$23.96,1.39,$4.70,7.11,$3.28,10.18,$0.34B,$0.11B,3.17,$0.00B,$0.40B,0.0,$1.15B,$0.50B,43.71%,$1.15B,$0.25B,21.60%,$1.15B,$0.25B,21.60%,$1.15B,$0.29B,24.89%,$1.15B,$0.25B,21.86%,$1.15B,$0.16B,13.70%,$0.16B,$0.40B,40.28%,$0.16B,$0.40B,40.28%,$0.16B,$0.57B,27.83%,$0.25B,$0.40B,63.48%,$236,$141,$95,$0,$57,$199,$37,$0,$37,$14,$23,$23,$23,$47,$37,$48,48,$0.49,$0.49,$142,$151,$0,$337,$178,$48,$0,$2,$228,$565,$106,$0,$10,$64,$170,$0,$259,$-0,$395,$565,$57,$20,$-1,$19,$1,$-21,$23,$-7,$-45,$31,$-21,$0,$0,$0,$1,$1,$0,$-20,$0,$0,$0,$0,$0,$-22,$0,$-22,$-11,$0,$-22
13,2015-04-30,33.65,$7.83,4.3,$23.96,1.4,$4.97,6.77,$3.30,10.2,$0.32B,$0.10B,3.18,$0.00B,$0.38B,0.0,$1.15B,$0.50B,43.71%,$1.15B,$0.25B,21.77%,$1.15B,$0.25B,21.77%,$1.15B,$0.29B,25.07%,$1.15B,$0.25B,22.03%,$1.15B,$0.16B,13.79%,$0.16B,$0.38B,40.23%,$0.16B,$0.38B,40.23%,$0.16B,$0.55B,27.94%,$0.25B,$0.38B,63.50%,$271,$158,$114,$0,$61,$219,$53,$1,$54,$20,$34,$34,$34,$63,$53,$48,48,$0.70,$0.70,$157,$130,$0,$321,$176,$45,$0,$2,$223,$545,$101,$0,$10,$64,$165,$0,$247,$-0,$380,$545,$34,$10,$-1,$9,$2,$0,$3,$-7,$-21,$22,$-11,$0,$0,$0,$2,$2,$0,$-10,$0,$0,$0,$0,$0,$-11,$0,$-11,$1,$0,$-11
14,2015-01-31,37.97,$7.34,5.17,$23.99,1.58,$5.17,7.35,$3.38,11.23,$0.33B,$0.12B,2.66,$0.00B,$0.36B,0.0,$1.15B,$0.51B,43.93%,$1.15B,$0.26B,22.27%,$1.15B,$0.26B,22.27%,$1.15B,$0.30B,25.56%,$1.15B,$0.26B,22.53%,$1.15B,$0.16B,14.04%,$0.16B,$0.36B,40.70%,$0.16B,$0.36B,40.70%,$0.16B,$0.54B,28.37%,$0.26B,$0.36B,64.57%,$354,$186,$167,$0,$73,$259,$94,$2,$96,$36,$60,$60,$60,$103,$94,$48,48,$1.25,$1.25,$160,$130,$0,$325,$173,$44,$0,$2,$218,$543,$122,$0,$11,$65,$188,$0,$224,$-0,$355,$543,$163,$38,$-1,$37,$-2,$-6,$-3,$9,$-4,$196,$-45,$0,$0,$0,$-5,$-5,$0,$-51,$0,$0,$0,$0,$0,$-177,$0,$-176,$-31,$0,$-177
15,2014-10-31,34.79,$9.07,3.84,$23.70,1.47,$5.07,6.87,$3.36,10.36,$0.40B,$0.12B,3.48,$0.00B,$0.44B,0.0,$1.14B,$0.50B,43.99%,$1.14B,$0.26B,22.56%,$1.14B,$0.26B,22.56%,$1.14B,$0.29B,25.72%,$1.14B,$0.26B,22.91%,$1.14B,$0.16B,14.14%,$0.16B,$0.44B,40.28%,$0.16B,$0.44B,40.28%,$0.16B,$0.62B,28.16%,$0.26B,$0.44B,64.29%,$292,$164,$128,$0,$63,$228,$65,$0,$65,$24,$41,$41,$41,$74,$65,$48,48,$0.85,$0.84,$208,$147,$0,$400,$171,$44,$0,$2,$218,$618,$115,$0,$10,$64,$179,$0,$309,$-1,$439,$618,$102,$29,$-2,$27,$-3,$-23,$16,$-5,$-38,$92,$-36,$0,$0,$0,$-6,$-6,$0,$-42,$0,$0,$0,$0,$0,$-32,$0,$-32,$17,$0,$-32
16,2014-07-31,31.24,$8.41,3.72,$23.60,1.32,$4.84,6.46,$3.37,9.27,$0.36B,$0.10B,3.59,$0.00B,$0.41B,0.0,$1.13B,$0.50B,44.00%,$1.13B,$0.26B,22.57%,$1.13B,$0.26B,22.57%,$1.13B,$0.29B,25.93%,$1.13B,$0.26B,22.93%,$1.13B,$0.16B,14.20%,$0.16B,$0.41B,42.04%,$0.16B,$0.41B,42.04%,$0.16B,$0.57B,29.07%,$0.26B,$0.41B,66.84%,$236,$141,$95,$0,$56,$197,$39,$0,$39,$15,$24,$24,$24,$49,$39,$48,48,$0.51,$0.51,$187,$128,$0,$358,$166,$44,$0,$2,$212,$570,$100,$0,$10,$63,$163,$0,$279,$-1,$407,$570,$62,$20,$-1,$18,$-2,$-4,$14,$-4,$-34,$46,$-23,$0,$0,$0,$3,$3,$0,$-20,$0,$0,$0,$0,$0,$-21,$0,$-21,$5,$0,$-21
17,2014-04-30,32.83,$8.08,4.06,$23.54,1.39,$4.51,7.28,$3.38,9.71,$0.34B,$0.10B,3.44,$0.00B,$0.39B,0.0,$1.13B,$0.50B,44.03%,$1.13B,$0.26B,22.63%,$1.13B,$0.26B,22.63%,$1.13B,$0.30B,26.08%,$1.13B,$0.26B,23.08%,$1.13B,$0.16B,14.32%,$0.16B,$0.39B,44.29%,$0.16B,$0.39B,44.29%,$0.16B,$0.55B,30.14%,$0.26B,$0.39B,69.99%,$272,$154,$117,$0,$58,$212,$59,$0,$60,$22,$37,$37,$37,$69,$59,$48,48,$0.78,$0.78,$192,$119,$0,$344,$161,$46,$0,$2,$209,$553,$100,$0,$10,$62,$162,$0,$265,$-1,$391,$553,$37,$10,$-1,$9,$-0,$5,$-0,$-2,$-17,$30,$-10,$0,$0,$0,$-4,$-4,$0,$-15,$0,$0,$0,$0,$0,$-11,$0,$-10,$5,$0,$-11
18,2014-01-31,30.81,$7.49,4.11,$23.52,1.31,$4.31,7.15,$3.38,9.11,$0.34B,$0.12B,2.77,$0.00B,$0.36B,0.0,$1.13B,$0.50B,44.11%,$1.13B,$0.26B,22.67%,$1.13B,$0.26B,22.67%,$1.13B,$0.30B,26.22%,$1.13B,$0.26B,23.12%,$1.13B,$0.16B,14.44%,$0.16B,$0.36B,46.84%,$0.16B,$0.36B,46.84%,$0.16B,$0.55B,31.30%,$0.26B,$0.36B,73.56%,$339,$178,$161,$0,$67,$245,$94,$2,$97,$37,$59,$59,$59,$101,$94,$48,48,$1.24,$1.24,$185,$124,$0,$342,$159,$43,$0,$2,$204,$546,$123,$0,$11,$61,$184,$0,$238,$-1,$362,$546,$163,$38,$-1,$37,$-1,$-20,$3,$1,$-25,$174,$-29,$0,$0,$0,$-1,$-1,$0,$-30,$0,$0,$0,$0,$0,$-97,$0,$-97,$47,$0,$-97
19,2013-10-31,33.02,$7.69,4.29,$24.01,1.38,$5.30,6.23,$3.43,9.63,$0.34B,$0.11B,2.99,$0.00B,$0.37B,0.0,$1.15B,$0.51B,44.31%,$1.15B,$0.26B,22.59%,$1.15B,$0.26B,22.59%,$1.15B,$0.30B,26.41%,$1.15B,$0.26B,22.85%,$1.15B,$0.17B,14.34%,$0.17B,$0.37B,50.00%,$0.17B,$0.37B,50.00%,$0.17B,$0.55B,32.75%,$0.26B,$0.37B,78.79%,$287,$161,$126,$0,$62,$223,$64,$0,$64,$24,$41,$41,$41,$75,$64,$48,48,$0.85,$0.85,$156,$146,$0,$339,$165,$39,$0,$2,$206,$546,$113,$0,$10,$61,$174,$0,$247,$-1,$372,$546,$103,$31,$-3,$29,$-0,$-42,$14,$-7,$-63,$69,$-25,$0,$0,$0,$-2,$-2,$0,$-27,$0,$0,$0,$0,$0,$-29,$0,$-29,$13,$0,$-29
20,2013-07-31,37.61,$7.00,5.37,$23.99,1.57,$5.77,6.52,$3.46,10.87,$0.30B,$0.11B,2.81,$0.00B,$0.34B,0.0,$1.15B,$0.51B,44.34%,$1.15B,$0.26B,22.82%,$1.15B,$0.26B,22.82%,$1.15B,$0.31B,26.66%,$1.15B,$0.27B,23.08%,$1.15B,$0.17B,14.46%,$0.17B,$0.34B,47.56%,$0.17B,$0.34B,47.56%,$0.17B,$0.51B,31.91%,$0.26B,$0.34B,75.07%,$233,$138,$94,$0,$55,$193,$39,$1,$40,$15,$25,$25,$25,$50,$39,$48,48,$0.53,$0.52,$129,$134,$0,$297,$167,$40,$0,$2,$209,$505,$106,$0,$11,$61,$167,$0,$216,$-1,$338,$505,$63,$21,$-2,$19,$-1,$-30,$22,$-5,$-56,$26,$-19,$0,$0,$0,$-3,$-3,$0,$-22,$0,$0,$0,$0,$0,$-19,$0,$-19,$-15,$0,$-19
21,2013-04-30,32.5,$6.63,4.9,$23.66,1.37,$5.87,5.54,$3.43,9.47,$0.28B,$0.10B,2.71,$0.00B,$0.32B,0.0,$1.13B,$0.50B,44.42%,$1.13B,$0.26B,22.92%,$1.13B,$0.26B,22.92%,$1.13B,$0.30B,26.81%,$1.13B,$0.26B,23.19%,$1.13B,$0.16B,14.51%,$0.16B,$0.32B,44.57%,$0.16B,$0.32B,44.57%,$0.16B,$0.49B,30.74%,$0.26B,$0.32B,70.38%,$270,$153,$117,$0,$58,$210,$59,$0,$60,$22,$38,$38,$38,$70,$59,$48,48,$0.79,$0.78,$144,$106,$0,$281,$167,$36,$0,$2,$205,$486,$104,$0,$11,$62,$165,$0,$201,$-1,$320,$486,$38,$10,$-1,$10,$-1,$-2,$6,$-2,$-26,$21,$-11,$0,$0,$0,$-1,$-1,$0,$-13,$0,$0,$0,$0,$0,$-10,$0,$-9,$-1,$0,$-10
22,2013-01-31,31.19,$6.03,5.17,$23.58,1.32,$6.27,4.97,$3.44,9.07,$0.28B,$0.13B,2.15,$0.00B,$0.29B,0.0,$1.12B,$0.50B,44.40%,$1.12B,$0.26B,22.95%,$1.12B,$0.26B,22.95%,$1.12B,$0.30B,26.78%,$1.12B,$0.26B,23.31%,$1.12B,$0.16B,14.59%,$0.16B,$0.29B,42.32%,$0.16B,$0.29B,42.32%,$0.16B,$0.48B,29.85%,$0.26B,$0.29B,66.58%,$361,$187,$173,$0,$76,$263,$98,$1,$99,$37,$61,$61,$61,$109,$98,$47,48,$1.29,$1.28,$144,$104,$0,$277,$163,$36,$0,$2,$201,$478,$129,$0,$12,$59,$188,$0,$173,$-1,$290,$478,$164,$42,$-0,$42,$1,$0,$7,$-6,$15,$221,$-29,$0,$0,$0,$7,$7,$0,$-22,$0,$0,$0,$1,$1,$-255,$6,$-248,$-49,$0,$-255
23,2012-10-31,27.32,$9.35,2.92,$23.14,1.18,$5.89,4.63,$3.34,8.18,$0.41B,$0.10B,3.9,$0.00B,$0.45B,0.0,$1.10B,$0.49B,44.18%,$1.10B,$0.25B,22.55%,$1.10B,$0.25B,22.55%,$1.10B,$0.29B,26.45%,$1.10B,$0.25B,23.00%,$1.10B,$0.16B,14.45%,$0.16B,$0.45B,39.19%,$0.16B,$0.45B,39.19%,$0.16B,$0.61B,28.24%,$0.25B,$0.45B,61.12%,$284,$159,$125,$0,$59,$218,$66,$0,$66,$24,$42,$42,$42,$77,$66,$47,48,$0.89,$0.88,$245,$135,$0,$405,$171,$34,$0,$2,$207,$612,$104,$0,$12,$60,$163,$0,$337,$-1,$448,$612,$103,$31,$-1,$30,$0,$-30,$10,$-7,$-40,$92,$-26,$0,$0,$0,$4,$4,$0,$-22,$0,$0,$0,$1,$1,$-29,$4,$-24,$47,$0,$-29
24,2012-07-31,23.28,$8.63,2.7,$22.96,1.01,$5.65,4.12,$3.27,7.12,$0.35B,$0.09B,4.11,$0.00B,$0.41B,0.0,$1.09B,$0.48B,44.08%,$1.09B,$0.24B,22.22%,$1.09B,$0.24B,22.22%,$1.09B,$0.28B,26.08%,$1.09B,$0.25B,22.77%,$1.09B,$0.16B,14.23%,$0.16B,$0.41B,41.67%,$0.16B,$0.41B,41.67%,$0.16B,$0.56B,29.40%,$0.24B,$0.41B,65.05%,$215,$129,$87,$0,$50,$179,$36,$0,$37,$14,$23,$23,$23,$47,$36,$47,48,$0.49,$0.49,$198,$125,$0,$347,$173,$36,$0,$2,$211,$558,$85,$0,$13,$60,$145,$0,$305,$-1,$414,$558,$61,$20,$-1,$19,$0,$-20,$16,$-6,$-49,$32,$-20,$0,$0,$0,$3,$3,$0,$-17,$0,$0,$0,$0,$0,$-19,$4,$-15,$-0,$0,$-19
25,2012-04-30,27.65,$8.31,3.33,$22.92,1.21,$5.60,4.94,$3.28,8.43,$0.34B,$0.09B,3.69,$0.00B,$0.40B,0.0,$1.09B,$0.48B,44.20%,$1.09B,$0.24B,22.38%,$1.09B,$0.24B,22.38%,$1.09B,$0.28B,26.06%,$1.09B,$0.25B,22.84%,$1.09B,$0.16B,14.36%,$0.16B,$0.40B,42.65%,$0.16B,$0.40B,42.65%,$0.16B,$0.55B,30.03%,$0.24B,$0.40B,66.44%,$264,$150,$114,$0,$56,$206,$58,$2,$60,$22,$38,$38,$38,$68,$58,$47,48,$0.80,$0.79,$220,$97,$0,$337,$171,$40,$0,$2,$213,$550,$91,$0,$13,$61,$152,$0,$291,$-1,$398,$550,$38,$10,$-1,$9,$1,$7,$5,$-3,$-9,$38,$-9,$0,$0,$0,$-3,$-3,$0,$-12,$0,$0,$0,$0,$0,$-10,$4,$-6,$20,$0,$-10
26,2012-01-31,26.01,$7.66,3.4,$22.46,1.16,$5.59,4.65,$3.20,8.13,$0.32B,$0.11B,2.92,$0.00B,$0.36B,0.0,$1.06B,$0.47B,44.16%,$1.06B,$0.24B,22.22%,$1.06B,$0.24B,22.22%,$1.06B,$0.28B,25.89%,$1.06B,$0.24B,22.69%,$1.06B,$0.15B,14.22%,$0.15B,$0.36B,42.00%,$0.15B,$0.36B,42.00%,$0.15B,$0.53B,29.56%,$0.24B,$0.36B,65.65%,$337,$177,$160,$0,$72,$249,$88,$2,$90,$33,$56,$56,$56,$99,$88,$47,47,$1.19,$1.18,$197,$104,$0,$320,$169,$40,$0,$2,$211,$532,$110,$0,$13,$59,$168,$0,$263,$-1,$363,$532,$151,$39,$6,$45,$1,$-16,$-3,$3,$12,$209,$-37,$0,$0,$0,$19,$19,$0,$-18,$0,$0,$0,$1,$1,$-145,$2,$-142,$50,$0,$-145
27,2011-10-31,26.44,$6.61,4.0,$21.79,1.21,$4.61,5.74,$3.07,8.61,$0.24B,$0.10B,2.35,$0.00B,$0.31B,0.0,$1.03B,$0.45B,44.07%,$1.03B,$0.23B,21.98%,$1.03B,$0.23B,21.98%,$1.03B,$0.26B,25.68%,$1.03B,$0.23B,22.37%,$1.03B,$0.14B,14.01%,$0.14B,$0.31B,40.53%,$0.14B,$0.31B,40.53%,$0.14B,$0.47B,28.71%,$0.23B,$0.31B,63.62%,$273,$155,$119,$0,$58,$213,$60,$0,$61,$22,$38,$38,$38,$70,$60,$47,47,$0.82,$0.81,$78,$141,$0,$243,$175,$49,$0,$2,$226,$469,$103,$0,$7,$53,$156,$0,$216,$-1,$313,$469,$95,$28,$-1,$27,$1,$-52,$10,$-6,$-36,$86,$-31,$0,$0,$0,$10,$10,$0,$-22,$0,$0,$0,$0,$0,$-135,$2,$-133,$-69,$0,$-135
28,2011-07-31,24.92,$8.21,3.03,$21.20,1.18,$4.24,5.88,$2.99,8.34,$0.29B,$0.09B,3.44,$0.00B,$0.39B,0.0,$1.00B,$0.44B,44.09%,$1.00B,$0.22B,22.04%,$1.00B,$0.22B,22.04%,$1.00B,$0.26B,25.75%,$1.00B,$0.22B,22.44%,$1.00B,$0.14B,14.03%,$0.14B,$0.39B,36.84%,$0.14B,$0.39B,36.84%,$0.14B,$0.53B,26.91%,$0.22B,$0.39B,57.89%,$212,$125,$87,$0,$50,$176,$37,$1,$37,$14,$24,$24,$24,$46,$37,$47,47,$0.50,$0.50,$140,$127,$0,$291,$175,$59,$0,$2,$236,$527,$85,$0,$7,$53,$138,$0,$294,$-1,$389,$527,$57,$18,$-1,$18,$-0,$-38,$14,$-4,$-42,$33,$-23,$0,$0,$0,$6,$6,$-0,$-17,$0,$0,$0,$1,$1,$-19,$1,$-17,$-2,$0,$-19
29,2011-04-30,25.47,$7.88,3.23,$20.72,1.23,$3.68,6.92,$2.93,8.69,$0.28B,$0.09B,3.14,$0.00B,$0.37B,0.0,$0.98B,$0.43B,43.90%,$0.98B,$0.22B,22.15%,$0.98B,$0.22B,22.15%,$0.98B,$0.25B,25.74%,$0.98B,$0.22B,22.56%,$0.98B,$0.14B,14.05%,$0.14B,$0.37B,36.01%,$0.14B,$0.37B,36.01%,$0.14B,$0.52B,26.56%,$0.22B,$0.37B,56.77%,$240,$137,$103,$0,$52,$189,$51,$2,$53,$19,$33,$33,$33,$60,$51,$47,47,$0.72,$0.71,$161,$90,$0,$278,$170,$65,$0,$2,$237,$515,$88,$0,$7,$54,$142,$0,$280,$-1,$373,$515,$33,$9,$-0,$9,$2,$-1,$10,$-11,$-3,$39,$-11,$0,$0,$0,$2,$2,$-0,$-8,$0,$0,$0,$1,$1,$-9,$1,$-8,$23,$0,$-9
30,2011-01-31,19.93,$7.33,2.72,$20.21,0.99,$3.36,5.94,$2.86,6.97,$0.26B,$0.10B,2.67,$0.00B,$0.35B,0.0,$0.95B,$0.42B,44.00%,$0.95B,$0.21B,22.21%,$0.95B,$0.21B,22.21%,$0.95B,$0.25B,25.79%,$0.95B,$0.22B,22.63%,$0.95B,$0.13B,14.11%,$0.13B,$0.35B,35.10%,$0.13B,$0.35B,35.10%,$0.13B,$0.50B,26.06%,$0.21B,$0.35B,55.27%,$303,$159,$144,$0,$67,$225,$78,$1,$79,$29,$49,$49,$49,$88,$78,$46,47,$1.07,$1.05,$139,$89,$0,$257,$169,$66,$0,$2,$238,$495,$96,$0,$8,$53,$149,$0,$256,$-1,$346,$495,$135,$34,$12,$46,$1,$-0,$11,$3,$-1,$180,$-55,$0,$0,$0,$7,$7,$-1,$-50,$0,$0,$0,$-4,$-4,$-154,$9,$-149,$-19,$0,$-154
31,2010-10-31,15.08,$8.84,1.71,$19.64,0.77,$3.01,5.02,$2.71,5.57,$0.30B,$0.09B,3.41,$0.00B,$0.41B,0.0,$0.92B,$0.40B,43.87%,$0.92B,$0.20B,21.82%,$0.92B,$0.20B,21.82%,$0.92B,$0.23B,25.41%,$0.92B,$0.21B,22.26%,$0.92B,$0.13B,13.79%,$0.13B,$0.41B,33.09%,$0.13B,$0.41B,33.09%,$0.13B,$0.54B,24.77%,$0.20B,$0.41B,52.38%,$243,$137,$106,$0,$52,$189,$54,$0,$55,$20,$34,$34,$34,$63,$54,$46,47,$0.75,$0.73,$164,$111,$0,$295,$171,$71,$0,$7,$249,$544,$86,$0,$0,$45,$131,$0,$333,$-1,$412,$544,$85,$24,$-1,$23,$1,$-23,$13,$-4,$-25,$84,$-47,$0,$0,$0,$-1,$-1,$-1,$-49,$0,$0,$0,$-5,$-5,$-28,$2,$-31,$4,$0,$-28
32,2010-07-31,14.19,$8.37,1.7,$19.41,0.73,$2.99,4.74,$2.69,5.28,$0.26B,$0.07B,3.58,$0.00B,$0.39B,0.0,$0.91B,$0.40B,44.00%,$0.91B,$0.20B,21.89%,$0.91B,$0.20B,21.89%,$0.91B,$0.23B,25.30%,$0.91B,$0.20B,22.33%,$0.91B,$0.13B,13.86%,$0.13B,$0.39B,34.98%,$0.13B,$0.39B,34.98%,$0.13B,$0.51B,25.74%,$0.20B,$0.39B,55.24%,$189,$113,$75,$0,$43,$156,$33,$1,$33,$12,$21,$21,$21,$40,$33,$46,47,$0.45,$0.44,$123,$109,$0,$262,$168,$74,$0,$6,$248,$509,$73,$0,$0,$45,$118,$0,$308,$-1,$391,$509,$51,$16,$-1,$15,$1,$-20,$17,$-10,$-45,$21,$-37,$0,$0,$0,$-9,$-9,$-1,$-47,$0,$0,$0,$1,$1,$-19,$2,$-16,$-42,$0,$-19
33,2010-04-30,18.5,$8.10,2.29,$19.54,0.95,$3.47,5.34,$2.79,6.63,$0.26B,$0.09B,3.04,$0.00B,$0.38B,0.0,$0.91B,$0.41B,44.58%,$0.91B,$0.20B,22.34%,$0.91B,$0.20B,22.34%,$0.91B,$0.24B,25.74%,$0.91B,$0.21B,23.00%,$0.91B,$0.13B,14.24%,$0.13B,$0.38B,36.47%,$0.13B,$0.38B,36.47%,$0.13B,$0.51B,26.72%,$0.20B,$0.38B,57.22%,$215,$121,$93,$0,$47,$169,$46,$2,$48,$18,$30,$30,$30,$54,$46,$46,47,$0.65,$0.64,$154,$85,$0,$263,$159,$82,$0,$5,$245,$509,$87,$0,$0,$44,$130,$0,$297,$-1,$378,$509,$30,$8,$-1,$7,$1,$3,$11,$-9,$-4,$34,$-21,$0,$0,$0,$-9,$-9,$0,$-30,$0,$0,$0,$0,$0,$-9,$1,$-8,$-4,$0,$-9
34,2010-01-31,15.44,$7.64,2.02,$19.26,0.8,$3.64,4.25,$2.73,5.65,$0.27B,$0.09B,2.88,$0.00B,$0.35B,0.0,$0.90B,$0.40B,44.65%,$0.90B,$0.20B,22.27%,$0.90B,$0.20B,22.27%,$0.90B,$0.23B,25.50%,$0.90B,$0.21B,22.83%,$0.90B,$0.13B,14.14%,$0.13B,$0.35B,36.18%,$0.13B,$0.35B,36.18%,$0.13B,$0.49B,26.40%,$0.20B,$0.35B,56.98%,$274,$145,$130,$0,$62,$207,$68,$1,$69,$27,$42,$42,$42,$77,$68,$46,47,$0.92,$0.90,$158,$88,$0,$265,$147,$73,$0,$5,$224,$489,$92,$0,$0,$43,$135,$0,$276,$-1,$354,$489,$127,$30,$-0,$30,$-2,$-4,$-3,$14,$1,$158,$-50,$0,$0,$0,$-19,$-19,$-0,$-69,$0,$0,$0,$2,$2,$-120,$3,$-116,$-27,$0,$-120
35,2009-10-31,15.18,$6.87,2.21,$18.78,0.81,$3.65,4.16,$2.57,5.91,$0.24B,$0.09B,2.6,$0.00B,$0.32B,0.0,$0.88B,$0.39B,44.23%,$0.88B,$0.19B,21.49%,$0.88B,$0.19B,21.49%,$0.88B,$0.22B,24.57%,$0.88B,$0.19B,21.71%,$0.88B,$0.12B,13.60%,$0.12B,$0.32B,34.32%,$0.12B,$0.32B,34.32%,$0.12B,$0.45B,25.05%,$0.19B,$0.32B,54.22%,$231,$129,$102,$0,$50,$180,$52,$1,$53,$20,$33,$33,$33,$59,$52,$46,47,$0.73,$0.71,$94,$118,$0,$238,$135,$74,$0,$5,$213,$451,$91,$0,$0,$42,$133,$0,$243,$-1,$318,$451,$85,$21,$-3,$19,$-1,$-34,$12,$-3,$-34,$70,$-34,$0,$0,$0,$-17,$-17,$0,$-51,$0,$0,$0,$1,$1,$-111,$2,$-108,$-88,$0,$-111
36,2009-07-31,14.84,$8.12,1.83,$18.32,0.81,$3.56,4.17,$2.48,5.99,$0.30B,$0.08B,3.7,$0.00B,$0.38B,0.0,$0.86B,$0.38B,44.09%,$0.86B,$0.18B,21.17%,$0.86B,$0.18B,21.17%,$0.86B,$0.21B,24.33%,$0.86B,$0.18B,21.29%,$0.86B,$0.12B,13.45%,$0.12B,$0.38B,33.14%,$0.12B,$0.38B,33.14%,$0.12B,$0.50B,24.27%,$0.18B,$0.38B,52.16%,$193,$111,$82,$0,$44,$155,$38,$2,$40,$15,$25,$25,$25,$45,$38,$46,47,$0.55,$0.54,$163,$107,$0,$295,$132,$65,$0,$5,$202,$497,$80,$0,$0,$42,$121,$0,$302,$-1,$376,$497,$52,$14,$-2,$12,$-1,$-23,$19,$-1,$-33,$31,$-26,$0,$0,$0,$-7,$-7,$0,$-32,$0,$0,$0,$1,$1,$-18,$2,$-16,$-17,$0,$-18
37,2009-04-30,17.81,$7.72,2.31,$17.83,1.0,$4.14,4.31,$2.42,7.36,$0.30B,$0.09B,3.27,$0.00B,$0.36B,0.0,$0.83B,$0.37B,43.87%,$0.83B,$0.18B,21.15%,$0.83B,$0.18B,21.15%,$0.83B,$0.20B,24.40%,$0.83B,$0.18B,21.27%,$0.83B,$0.11B,13.46%,$0.11B,$0.36B,32.14%,$0.11B,$0.36B,32.14%,$0.11B,$0.49B,23.53%,$0.18B,$0.36B,50.50%,$200,$113,$87,$0,$45,$158,$42,$1,$43,$16,$27,$27,$27,$48,$42,$46,47,$0.59,$0.58,$190,$83,$0,$295,$127,$60,$0,$6,$192,$487,$90,$0,$0,$41,$131,$0,$286,$-1,$356,$487,$27,$7,$-0,$6,$-0,$1,$16,$-1,$2,$36,$-15,$0,$0,$0,$-3,$-3,$0,$-18,$0,$0,$0,$0,$0,$-9,$0,$-9,$8,$0,$-9
38,2009-01-31,10.02,$7.35,1.36,$17.00,0.59,$3.79,2.64,$2.25,4.46,$0.29B,$0.09B,3.21,$0.00B,$0.34B,0.0,$0.79B,$0.34B,43.43%,$0.79B,$0.16B,20.33%,$0.79B,$0.16B,20.33%,$0.79B,$0.19B,23.86%,$0.79B,$0.16B,20.71%,$0.79B,$0.10B,13.13%,$0.10B,$0.34B,29.63%,$0.10B,$0.34B,29.63%,$0.10B,$0.47B,22.14%,$0.16B,$0.34B,45.87%,$251,$136,$116,$0,$60,$195,$56,$-2,$54,$20,$34,$34,$34,$63,$56,$45,47,$0.75,$0.74,$182,$84,$0,$287,$117,$56,$0,$5,$178,$465,$89,$0,$0,$39,$128,$0,$269,$-1,$337,$465,$104,$27,$2,$29,$-1,$-6,$-1,$3,$10,$144,$-36,$0,$0,$0,$102,$102,$-0,$66,$0,$0,$0,$3,$3,$-127,$11,$-112,$98,$0,$-127
39,2008-10-31,12.37,$6.87,1.8,$16.08,0.77,$3.50,3.54,$2.13,5.8,$0.26B,$0.09B,2.95,$0.00B,$0.32B,0.0,$0.75B,$0.32B,42.78%,$0.75B,$0.15B,19.79%,$0.75B,$0.15B,19.79%,$0.75B,$0.18B,23.53%,$0.75B,$0.16B,20.86%,$0.75B,$0.10B,13.24%,$0.10B,$0.32B,28.19%,$0.10B,$0.32B,28.19%,$0.10B,$0.45B,21.23%,$0.15B,$0.32B,42.14%,$211,$119,$92,$0,$46,$165,$45,$-0,$45,$16,$29,$29,$29,$52,$45,$46,47,$0.64,$0.62,$118,$118,$0,$260,$117,$64,$0,$5,$186,$446,$88,$0,$0,$39,$127,$0,$244,$-1,$319,$446,$70,$20,$-1,$19,$-2,$-41,$17,$-2,$-28,$61,$-29,$0,$0,$0,$90,$90,$-0,$61,$0,$0,$0,$13,$13,$-117,$11,$-94,$28,$0,$-117
40,2008-07-31,15.14,$8.32,1.82,$15.20,1.0,$3.47,4.37,$1.99,7.59,$0.33B,$0.09B,3.92,$0.00B,$0.38B,0.0,$0.71B,$0.30B,42.41%,$0.71B,$0.14B,19.29%,$0.71B,$0.14B,19.29%,$0.71B,$0.16B,23.12%,$0.71B,$0.15B,20.71%,$0.71B,$0.09B,13.05%,$0.09B,$0.38B,25.95%,$0.09B,$0.38B,25.95%,$0.09B,$0.51B,19.85%,$0.14B,$0.38B,38.36%,$170,$99,$70,$0,$37,$136,$33,$2,$35,$13,$22,$22,$22,$40,$33,$45,47,$0.49,$0.48,$207,$103,$0,$332,$98,$72,$0,$5,$175,$506,$85,$0,$0,$39,$124,$0,$317,$-1,$382,$506,$41,$13,$-3,$10,$-2,$-26,$23,$0,$-16,$36,$-3,$0,$0,$0,$88,$88,$-0,$84,$0,$0,$0,$9,$9,$-15,$6,$0,$120,$0,$-15
41,2008-04-30,14.17,$7.97,1.78,$14.23,1.0,$2.82,5.03,$1.77,8.02,$0.27B,$0.06B,4.67,$0.00B,$0.37B,0.0,$0.66B,$0.28B,41.73%,$0.66B,$0.12B,18.06%,$0.66B,$0.12B,18.06%,$0.66B,$0.15B,22.00%,$0.66B,$0.13B,19.73%,$0.66B,$0.08B,12.44%,$0.08B,$0.37B,24.28%,$0.08B,$0.37B,24.28%,$0.08B,$0.46B,18.71%,$0.12B,$0.37B,35.23%,$160,$95,$66,$0,$38,$133,$27,$2,$30,$11,$19,$19,$19,$34,$27,$45,46,$0.42,$0.40,$180,$74,$0,$273,$104,$79,$0,$6,$189,$462,$58,$0,$0,$38,$96,$0,$302,$-1,$366,$462,$19,$6,$0,$7,$-1,$4,$2,$-0,$-13,$12,$-7,$0,$0,$0,$65,$65,$0,$58,$0,$0,$0,$9,$9,$-8,$6,$7,$77,$0,$-8
42,2008-01-31,12.06,$11.34,1.06,$13.40,0.9,$2.82,4.28,$1.63,7.42,$0.26B,$0.08B,3.39,$0.00B,$0.34B,0.0,$0.62B,$0.26B,41.13%,$0.62B,$0.11B,17.58%,$0.62B,$0.11B,17.58%,$0.62B,$0.13B,21.61%,$0.62B,$0.12B,19.19%,$0.62B,$0.08B,12.10%,$0.08B,$0.34B,23.26%,$0.08B,$0.34B,23.26%,$0.08B,$0.45B,17.95%,$0.11B,$0.34B,33.80%,$207,$115,$92,$0,$49,$164,$43,$3,$46,$16,$29,$29,$29,$50,$43,$45,46,$0.65,$0.63,$167,$78,$0,$262,$102,$81,$0,$6,$189,$451,$77,$0,$0,$35,$112,$0,$291,$0,$338,$451,$75,$24,$-1,$23,$1,$-7,$9,$3,$23,$121,$-27,$0,$0,$0,$-36,$-36,$0,$-64,$0,$0,$0,$-10,$-10,$-27,$8,$-29,$29,$0,$-27
43,2007-10-31,12.41,$7.31,1.7,$12.81,0.97,$0.55,22.47,$1.49,8.35,$0.30B,$0.07B,4.51,$0.00B,$0.33B,0.0,$0.59B,$0.24B,40.65%,$0.59B,$0.10B,16.67%,$0.59B,$0.10B,16.67%,$0.59B,$0.10B,17.69%,$0.59B,$0.11B,18.37%,$0.59B,$0.07B,11.56%,$0.07B,$0.33B,21.95%,$0.07B,$0.33B,21.95%,$0.07B,$0.44B,17.13%,$0.10B,$0.33B,31.64%,$168,$97,$71,$0,$38,$134,$33,$2,$35,$13,$22,$22,$22,$39,$33,$45,46,$0.50,$0.48,$181,$99,$0,$301,$102,$28,$0,$4,$134,$435,$67,$0,$0,$36,$103,$0,$269,$0,$332,$435,$46,$17,$0,$18,$-0,$-29,$14,$-2,$-14,$50,$-20,$0,$0,$0,$-21,$-21,$0,$-41,$0,$0,$0,$8,$8,$-20,$7,$-5,$4,$0,$-20
44,2007-07-31,10.01,$6.95,1.44,$12.41,0.81,$-0.06,0.0,$1.40,7.14,$0.27B,$0.06B,4.86,$0.00B,$0.32B,0.0,$0.56B,$0.23B,40.32%,$0.56B,$0.09B,16.16%,$0.56B,$0.09B,16.16%,$0.56B,$0.10B,17.05%,$0.56B,$0.10B,17.94%,$0.56B,$0.06B,11.37%,$0.06B,$0.32B,21.00%,$0.06B,$0.32B,21.00%,$0.06B,$0.41B,16.59%,$0.09B,$0.32B,29.86%,$124,$78,$46,$0,$30,$108,$16,$2,$19,$7,$12,$12,$12,$22,$16,$45,46,$0.27,$0.25,$158,$96,$0,$272,$100,$29,$0,$4,$133,$405,$56,$0,$0,$35,$90,$0,$255,$0,$315,$405,$24,$11,$0,$12,$0,$-26,$20,$-2,$-19,$17,$-15,$0,$0,$0,$-14,$-14,$0,$-29,$0,$0,$0,$9,$9,$-12,$5,$2,$-10,$0,$-12
45,2007-04-30,10.15,$6.76,1.5,$12.00,0.85,$-0.29,0.0,$1.30,7.83,$0.25B,$0.04B,5.92,$0.00B,$0.31B,0.0,$0.54B,$0.22B,39.74%,$0.54B,$0.08B,15.34%,$0.54B,$0.08B,15.34%,$0.54B,$0.09B,16.08%,$0.54B,$0.09B,17.19%,$0.54B,$0.06B,10.91%,$0.06B,$0.31B,19.44%,$0.06B,$0.31B,19.44%,$0.06B,$0.38B,15.51%,$0.08B,$0.31B,27.35%,$121,$76,$46,$0,$28,$104,$17,$2,$19,$7,$12,$12,$12,$23,$17,$44,46,$0.27,$0.27,$162,$70,$0,$249,$96,$31,$0,$4,$131,$380,$42,$0,$0,$33,$75,$0,$249,$0,$305,$380,$12,$6,$0,$6,$1,$0,$5,$-2,$-7,$11,$-6,$0,$0,$0,$-11,$-11,$0,$-18,$0,$0,$0,$7,$7,$-6,$4,$4,$-2,$0,$-6
46,2007-01-31,9.51,$6.50,1.46,$11.80,0.81,$-0.34,0.0,$1.24,7.69,$0.24B,$0.05B,4.84,$0.00B,$0.29B,0.0,$0.53B,$0.21B,39.25%,$0.53B,$0.08B,14.91%,$0.53B,$0.08B,14.91%,$0.53B,$0.08B,15.47%,$0.53B,$0.09B,16.79%,$0.53B,$0.06B,10.57%,$0.06B,$0.29B,18.41%,$0.06B,$0.29B,18.41%,$0.06B,$0.37B,14.78%,$0.08B,$0.29B,25.97%,$175,$99,$76,$0,$44,$143,$32,$3,$35,$13,$22,$22,$22,$20,$32,$43,45,$0.52,$0.49,$151,$70,$0,$238,$94,$32,$0,$4,$130,$368,$49,$0,$0,$32,$82,$0,$243,$0,$287,$368,$56,$3,$6,$11,$1,$-2,$3,$-0,$-0,$11,$-22,$0,$0,$0,$29,$29,$-0,$7,$0,$0,$0,$11,$11,$-75,$5,$-64,$-53,$3,$-75
47,2006-10-31,7.01,$7.22,0.97,$11.25,0.62,$1.01,6.96,$1.18,5.95,$0.26B,$0.05B,5.56,$0.00B,$0.31B,0.0,$0.51B,$0.20B,38.58%,$0.51B,$0.08B,14.76%,$0.51B,$0.08B,14.76%,$0.51B,$0.10B,18.90%,$0.51B,$0.09B,16.73%,$0.51B,$0.05B,10.43%,$0.05B,$0.31B,17.24%,$0.05B,$0.31B,17.24%,$0.05B,$0.39B,13.93%,$0.08B,$0.31B,24.39%,$143,$84,$59,$0,$33,$117,$26,$2,$28,$10,$18,$18,$18,$31,$26,$43,45,$0.41,$0.39,$141,$100,$0,$255,$95,$38,$0,$3,$136,$390,$46,$0,$0,$33,$78,$0,$285,$0,$312,$390,$34,$15,$0,$15,$-0,$-31,$8,$0,$-29,$19,$-17,$0,$0,$0,$7,$7,$0,$-10,$0,$0,$0,$-13,$-13,$-10,$1,$-22,$-13,$1,$-10
