,Date,Stock Price,Book Value per Share,Price to Book Ratio,TTM Sales per Share,Price to Sales Ratio,TTM FCF per Share,Price to FCF Ratio,TTM Net EPS,PE Ratio,Current Assets,Current Liabilities,Current Ratio,Long Term Debt,Shareholder's Equity_x,Debt to Equity Ratio,TTM Revenue_x,TTM Gross Profit,Gross Margin,TTM Revenue_y,TTM Operating Income,Operating Margin,TTM Revenue_x,TTM EBIT,EBIT Margin,TTM Revenue_y,TTM EBITDA,EBITDA Margin,TTM Revenue_x,TTM Pre-Tax Income,Pre-Tax Margin,TTM Revenue_y,TTM Net Income_x,Net Margin,TTM Net Income_y,Shareholder's Equity_y,Return on Equity,TTM Net Income_x,Tangible Equity,Return on Tangible Equity,TTM Net Income_y,Total Assets,Return on Assets,TTM Net Income,LT Investments & Debt,Return on Investment,revenue,cost-goods-sold,gross-profit,research-development-expenses,selling-general-administrative-expenses,operating-expenses,operating-income,total-non-operating-income-expense,pre-tax-income,total-provision-income-taxes,income-after-taxes,income-from-continuous-operations,net-income,ebitda,ebit,basic-shares-outstanding,shares-outstanding,eps-basic-net-earnings-per-share,eps-earnings-per-share-diluted,cash-on-hand,inventory,other-current-assets,total-current-assets,net-property-plant-equipment,long-term-investments,goodwill-intangible-assets-total,other-long-term-assets,total-long-term-assets,total-assets,total-current-liabilities,long-term-debt,other-non-current-liabilities,total-long-term-liabilities,total-liabilities,common-stock-net,retained-earnings-accumulated-deficit,comprehensive-income,total-share-holder-equity,total-liabilities-share-holders-equity,net-income-loss,total-depreciation-amortization-cash-flow,other-non-cash-items,total-non-cash-items,change-in-accounts-receivable,change-in-inventories,change-in-accounts-payable,change-in-assets-liabilities,total-change-in-assets-liabilities,cash-flow-from-operating-activities,net-change-in-property-plant-equipment,net-change-in-intangible-assets,net-acquisitions-divestitures,net-change-in-short-term-investments,net-change-in-long-term-investments,net-change-in-investments-total,investing-activities-other,cash-flow-from-investing-activities,net-long-term-debt,net-current-debt,debt-issuance-retirement-net-total,net-common-equity-issued-repurchased,net-total-equity-issued-repurchased,total-common-preferred-stock-dividends-paid,financial-activities-other,cash-flow-from-financial-activities,net-cash-flow,stock-based-compensation,common-stock-dividends-paid
0,2018-09-30,2.1,$1.31,1.6,$7.63,0.28,$1.46,1.44,$-0.40,0.0,$0.06B,$0.06B,1.09,$0.27B,$-0.20B,-1.35,$0.31B,$0.16B,53.11%,$0.31B,$0.02B,7.87%,$0.31B,$0.02B,7.87%,$0.31B,$0.05B,17.38%,$0.31B,$0.01B,2.95%,$0.31B,$-0.02B,-5.57%,$-0.02B,$0.05B,-161.90%,$-0.02B,$0.03B,128.30%,$-0.02B,$0.39B,-4.59%,$0.02B,$0.33B,7.36%,$133,$95,$38,$0,$4,$126,$7,$-4,$3,$0,$2,$2,$-4,$14,$7,$40,40,$-0.09,$-0.09,$2,$0,$10,$62,$295,$0,$25,$4,$324,$386,$57,$272,$4,$276,$333,$-201,$0,$0,$53,$386,$9,$23,$-1,$22,$-39,$0,$-0,$7,$-3,$28,$-25,$0,$-22,$0,$2,$2,$89,$44,$-38,$0,$-38,$0,$0,$-35,$-0,$-73,$-1,$0,$-35
1,2018-06-30,3.3,$-0.33,-9.97,$5.58,0.59,$2.48,1.33,$-0.23,0.0,$0.05B,$0.05B,0.98,$0.35B,$-0.27B,-1.31,$0.22B,$0.17B,77.63%,$0.22B,$0.03B,13.24%,$0.22B,$0.03B,13.24%,$0.22B,$0.06B,26.94%,$0.22B,$0.02B,7.31%,$0.22B,$-0.01B,-4.57%,$-0.01B,$-0.01B,4000.00%,$-0.01B,$-0.04B,44.44%,$-0.01B,$0.39B,-2.79%,$0.03B,$0.34B,9.02%,$83,$44,$40,$0,$4,$77,$7,$-5,$2,$0,$2,$2,$-5,$15,$7,$40,40,$-0.11,$-0.11,$1,$0,$13,$48,$296,$0,$26,$21,$342,$391,$50,$350,$5,$354,$404,$-267,$0,$0,$-13,$391,$6,$16,$-2,$14,$-24,$0,$-1,$14,$1,$21,$-18,$0,$-22,$0,$2,$2,$0,$-38,$41,$0,$41,$0,$0,$-25,$-0,$16,$-1,$0,$-25
2,2018-03-31,4.0,$-0.08,-51.28,$4.66,0.86,$3.06,1.31,$-0.12,0.0,$0.03B,$0.03B,0.98,$0.34B,$-0.26B,-1.3,$0.18B,$0.17B,95.56%,$0.18B,$0.03B,16.11%,$0.18B,$0.03B,16.11%,$0.18B,$0.06B,32.78%,$0.18B,$0.02B,11.11%,$0.18B,$-0.01B,-2.78%,$-0.01B,$-0.00B,-83.33%,$-0.01B,$-0.03B,34.48%,$-0.01B,$0.36B,-1.44%,$0.03B,$0.33B,9.17%,$45,$3,$42,$0,$4,$39,$6,$-1,$4,$0,$4,$4,$-2,$13,$6,$40,40,$-0.05,$-0.05,$2,$0,$9,$25,$304,$0,$26,$6,$337,$362,$26,$335,$5,$339,$365,$-257,$0,$0,$-3,$362,$4,$8,$-2,$6,$-3,$0,$-0,$6,$-0,$10,$-5,$0,$-22,$0,$2,$2,$0,$-24,$26,$0,$26,$0,$0,$-13,$0,$14,$-0,$0,$-13
3,2017-12-31,4.68,$0.12,40.11,$4.76,0.98,$3.09,1.51,$-0.15,0.0,$0.02B,$0.02B,1.0,$0.31B,$-0.25B,-1.23,$0.18B,$0.17B,95.58%,$0.18B,$0.03B,16.57%,$0.18B,$0.03B,16.57%,$0.18B,$0.06B,33.70%,$0.18B,$0.02B,11.05%,$0.18B,$-0.01B,-3.31%,$-0.01B,$0.01B,-54.55%,$-0.01B,$-0.01B,80.00%,$-0.01B,$0.34B,-1.72%,$0.03B,$0.31B,9.37%,$44,$2,$42,$0,$4,$41,$4,$-3,$0,$0,$0,$0,$-6,$11,$4,$38,38,$-0.15,$-0.15,$2,$0,$8,$24,$296,$0,$17,$4,$317,$341,$24,$308,$5,$313,$336,$-249,$0,$0,$5,$341,$20,$33,$-2,$31,$-0,$0,$1,$3,$4,$54,$-9,$0,$0,$0,$26,$26,$0,$17,$-19,$0,$-19,$0,$0,$-49,$-4,$-72,$-1,$0,$-49
4,2017-09-30,5.1,$0.25,20.17,$4.92,1.04,$-0.58,0.0,$-0.18,0.0,$0.02B,$0.03B,0.87,$0.30B,$-0.24B,-1.22,$0.18B,$0.17B,95.08%,$0.18B,$0.03B,15.85%,$0.18B,$0.03B,15.85%,$0.18B,$0.06B,33.88%,$0.18B,$0.02B,12.02%,$0.18B,$-0.01B,-3.83%,$-0.01B,$0.01B,-43.08%,$-0.01B,$-0.01B,233.33%,$-0.01B,$0.34B,-1.95%,$0.03B,$0.31B,8.79%,$47,$2,$46,$0,$4,$35,$12,$-2,$10,$0,$10,$10,$3,$20,$12,$38,38,$0.08,$0.08,$3,$0,$7,$23,$293,$0,$18,$5,$315,$338,$26,$298,$5,$302,$328,$-244,$0,$0,$10,$338,$20,$25,$-5,$20,$-0,$0,$-0,$7,$6,$46,$-4,$0,$0,$0,$26,$26,$0,$22,$-28,$0,$-28,$0,$0,$-37,$-4,$-69,$-1,$0,$-37
5,2017-06-30,5.46,$0.31,17.87,$4.98,1.1,$-0.97,0.0,$-0.13,0.0,$0.02B,$0.03B,0.94,$0.30B,$-0.24B,-1.25,$0.18B,$0.17B,93.44%,$0.18B,$0.03B,16.39%,$0.18B,$0.03B,16.39%,$0.18B,$0.06B,34.43%,$0.18B,$0.02B,13.11%,$0.18B,$-0.01B,-2.73%,$-0.01B,$0.01B,-15.87%,$-0.01B,$-0.01B,-40.82%,$-0.01B,$0.35B,-1.38%,$0.03B,$0.32B,8.98%,$44,$2,$42,$0,$4,$37,$7,$-0,$6,$0,$6,$6,$-0,$15,$7,$38,38,$-0.00,$-0.00,$3,$0,$8,$24,$298,$0,$19,$5,$322,$346,$26,$304,$5,$308,$334,$-242,$0,$0,$12,$346,$10,$17,$-4,$13,$-2,$0,$0,$7,$3,$27,$-2,$0,$0,$0,$25,$25,$0,$23,$-22,$0,$-22,$0,$0,$-25,$-4,$-50,$-0,$0,$-25
6,2017-03-31,5.77,$0.44,13.0,$5.14,1.12,$-1.36,0.0,$-0.84,0.0,$0.03B,$0.02B,1.17,$0.33B,$-0.24B,-1.39,$0.18B,$0.17B,92.31%,$0.18B,$0.01B,4.40%,$0.18B,$0.01B,4.40%,$0.18B,$0.04B,22.53%,$0.18B,$-0.00B,-0.55%,$0.18B,$-0.03B,-15.93%,$-0.03B,$0.02B,-71.17%,$-0.03B,$-0.00B,-136.47%,$-0.03B,$0.37B,-7.93%,$0.01B,$0.35B,2.37%,$46,$3,$43,$0,$5,$40,$7,$-3,$4,$0,$4,$4,$-3,$15,$7,$38,38,$-0.08,$-0.08,$3,$0,$8,$26,$302,$21,$19,$6,$348,$374,$22,$330,$5,$335,$357,$-237,$0,$0,$17,$374,$4,$8,$-1,$8,$-4,$0,$-0,$5,$-4,$8,$-1,$0,$0,$0,$0,$0,$0,$-1,$5,$0,$5,$0,$0,$-12,$-0,$-7,$-0,$0,$-12
7,2016-12-31,5.74,$0.67,8.53,$5.16,1.11,$-1.49,0.0,$-0.90,0.0,$0.02B,$0.02B,1.08,$0.32B,$-0.23B,-1.42,$0.18B,$0.16B,92.09%,$0.18B,$0.01B,3.39%,$0.18B,$0.01B,3.39%,$0.18B,$0.04B,21.47%,$0.18B,$-0.00B,-2.26%,$0.18B,$-0.03B,-17.51%,$-0.03B,$0.03B,-55.36%,$-0.03B,$0.01B,-85.52%,$-0.03B,$0.38B,-8.44%,$0.01B,$0.35B,1.77%,$46,$3,$43,$0,$6,$43,$3,$-1,$2,$0,$2,$2,$-7,$12,$3,$35,35,$-0.15,$-0.15,$3,$0,$8,$22,$307,$21,$19,$6,$353,$376,$21,$324,$6,$330,$350,$-228,$0,$0,$26,$376,$-5,$32,$25,$57,$1,$0,$-0,$3,$1,$53,$-141,$0,$-19,$0,$0,$0,$0,$-160,$76,$0,$76,$29,$79,$-47,$-0,$107,$0,$0,$-47
8,2016-09-30,4.98,$1.90,2.62,$5.18,0.96,$2.03,2.45,$-1.37,0.0,$0.03B,$0.02B,1.15,$0.25B,$-0.13B,-1.9,$0.18B,$0.16B,93.71%,$0.18B,$-0.01B,-8.00%,$0.18B,$-0.01B,-8.00%,$0.18B,$0.02B,9.71%,$0.18B,$-0.02B,-13.14%,$0.18B,$-0.05B,-26.29%,$-0.05B,$0.07B,-64.56%,$-0.05B,$0.05B,-85.58%,$-0.05B,$0.35B,-12.62%,$-0.01B,$0.33B,-4.19%,$47,$4,$43,$0,$5,$34,$13,$-2,$12,$0,$11,$11,$5,$21,$13,$36,36,$0.13,$0.13,$4,$0,$9,$26,$287,$20,$19,$2,$328,$354,$22,$254,$7,$261,$283,$-134,$0,$0,$71,$354,$-7,$23,$24,$47,$0,$0,$-1,$3,$-0,$40,$-14,$0,$-19,$0,$0,$0,$0,$-33,$6,$0,$6,$21,$21,$-32,$-1,$-6,$1,$0,$-32
9,2016-06-30,4.17,$1.47,2.84,$4.62,0.9,$1.74,2.4,$-1.29,0.0,$0.03B,$0.02B,1.21,$0.28B,$-0.16B,-1.79,$0.18B,$0.17B,96.00%,$0.18B,$-0.01B,-5.71%,$0.18B,$-0.01B,-5.71%,$0.18B,$0.02B,11.43%,$0.18B,$-0.02B,-12.00%,$0.18B,$-0.04B,-24.57%,$-0.04B,$0.05B,-52.44%,$-0.04B,$0.03B,-65.40%,$-0.04B,$0.36B,-11.57%,$-0.01B,$0.33B,-2.95%,$43,$4,$39,$0,$5,$59,$-15,$-4,$-19,$0,$-19,$-19,$-24,$-7,$-15,$33,33,$-0.71,$-0.71,$3,$0,$10,$28,$290,$20,$19,$2,$331,$358,$23,$279,$8,$287,$310,$-156,$0,$0,$49,$358,$-18,$15,$25,$40,$-2,$0,$1,$0,$-3,$19,$-10,$0,$-19,$0,$0,$0,$0,$-29,$31,$0,$31,$0,$0,$-21,$0,$10,$-0,$0,$-21
10,2016-03-31,3.73,$2.34,1.59,$4.72,0.79,$1.65,2.27,$-0.52,0.0,$0.02B,$0.02B,0.88,$0.27B,$-0.13B,-2.15,$0.18B,$0.18B,98.32%,$0.18B,$0.01B,7.26%,$0.18B,$0.01B,7.26%,$0.18B,$0.04B,23.46%,$0.18B,$0.01B,3.35%,$0.18B,$-0.02B,-9.50%,$-0.02B,$0.08B,-17.48%,$-0.02B,$0.06B,-20.67%,$-0.02B,$0.38B,-4.48%,$0.01B,$0.35B,3.76%,$41,$3,$38,$0,$5,$36,$5,$-4,$1,$0,$1,$1,$-5,$12,$5,$33,33,$-0.14,$-0.14,$2,$0,$4,$20,$320,$20,$20,$2,$361,$381,$23,$273,$7,$280,$304,$-127,$0,$0,$78,$381,$1,$7,$1,$9,$-2,$0,$1,$2,$-5,$5,$-3,$0,$-19,$0,$0,$0,$0,$-22,$27,$0,$27,$0,$0,$-11,$0,$17,$-1,$0,$-11
11,2015-12-31,4.25,$2.64,1.61,$4.77,0.89,$1.55,2.74,$-0.50,0.0,$0.02B,$0.03B,0.72,$0.25B,$-0.12B,-2.09,$0.18B,$0.18B,100.00%,$0.18B,$0.01B,7.22%,$0.18B,$0.01B,7.22%,$0.18B,$0.04B,23.33%,$0.18B,$0.01B,3.89%,$0.18B,$-0.02B,-8.89%,$-0.02B,$0.09B,-15.17%,$-0.02B,$0.08B,-17.16%,$-0.02B,$0.37B,-4.27%,$0.01B,$0.33B,3.80%,$44,$0,$44,$0,$5,$61,$-17,$-0,$-17,$0,$-17,$-17,$-22,$-9,$-17,$33,33,$-0.65,$-0.62,$3,$0,$4,$19,$313,$19,$11,$2,$345,$365,$27,$245,$6,$251,$278,$-117,$0,$0,$87,$365,$6,$28,$18,$47,$1,$0,$-1,$4,$8,$61,$-27,$0,$-21,$0,$3,$3,$0,$-45,$26,$0,$26,$0,$0,$-42,$0,$-16,$0,$0,$-42
12,2015-09-30,4.17,$3.45,1.21,$5.23,0.8,$1.46,2.86,$0.25,16.7,$0.02B,$0.03B,0.73,$0.23B,$-0.09B,-2.56,$0.18B,$0.18B,100.00%,$0.18B,$0.04B,21.98%,$0.18B,$0.04B,21.98%,$0.18B,$0.07B,37.36%,$0.18B,$0.03B,18.13%,$0.18B,$0.01B,4.95%,$0.01B,$0.11B,7.91%,$0.01B,$0.10B,8.82%,$0.01B,$0.38B,2.40%,$0.04B,$0.35B,11.67%,$47,$0,$47,$0,$5,$30,$17,$-3,$14,$0,$14,$14,$8,$24,$17,$33,64,$0.24,$0.21,$1,$0,$4,$20,$326,$20,$14,$2,$363,$383,$28,$232,$9,$241,$269,$-91,$0,$0,$114,$383,$23,$21,$-2,$18,$-1,$0,$-0,$3,$2,$43,$-17,$0,$-14,$0,$3,$3,$0,$-28,$14,$0,$14,$0,$0,$-31,$0,$-17,$-2,$0,$-31
13,2015-06-30,5.42,$3.33,1.63,$5.38,1.01,$1.33,4.07,$0.24,22.6,$0.03B,$0.03B,1.02,$0.24B,$-0.10B,-2.56,$0.18B,$0.18B,100.00%,$0.18B,$0.04B,19.67%,$0.18B,$0.04B,19.67%,$0.18B,$0.06B,34.43%,$0.18B,$0.03B,16.39%,$0.18B,$0.01B,3.83%,$0.01B,$0.11B,6.06%,$0.01B,$0.10B,6.67%,$0.01B,$0.39B,1.90%,$0.04B,$0.35B,10.60%,$47,$0,$47,$0,$5,$38,$8,$-1,$8,$0,$8,$8,$2,$15,$8,$33,33,$0.06,$0.06,$2,$0,$4,$27,$324,$19,$14,$3,$361,$388,$27,$243,$9,$252,$278,$-95,$0,$0,$110,$388,$9,$14,$1,$15,$-5,$0,$2,$0,$-5,$19,$-14,$0,$-14,$0,$3,$3,$0,$-25,$26,$0,$26,$0,$0,$-20,$0,$5,$-0,$0,$-20
14,2015-03-31,5.54,$3.38,1.64,$5.96,0.93,$1.28,4.32,$0.10,55.4,$0.02B,$0.02B,1.22,$0.22B,$-0.09B,-2.41,$0.18B,$0.18B,100.00%,$0.18B,$0.04B,19.78%,$0.18B,$0.04B,19.78%,$0.18B,$0.06B,34.07%,$0.18B,$0.03B,14.29%,$0.18B,$0.00B,1.65%,$0.00B,$0.11B,3.02%,$0.00B,$0.10B,3.31%,$0.00B,$0.36B,0.83%,$0.04B,$0.34B,10.75%,$42,$0,$42,$0,$5,$37,$5,$-4,$2,$0,$2,$2,$-4,$12,$5,$33,33,$-0.12,$-0.12,$2,$0,$4,$21,$309,$19,$9,$3,$340,$362,$18,$224,$9,$233,$250,$-93,$0,$0,$111,$362,$2,$7,$1,$7,$-1,$0,$-0,$0,$-5,$4,$-6,$0,$0,$0,$4,$4,$0,$-2,$8,$0,$8,$0,$0,$-10,$0,$-3,$-0,$0,$-10
15,2014-12-31,4.65,$3.66,1.27,$6.70,0.69,$1.29,3.61,$0.15,30.99,$0.02B,$0.02B,0.97,$0.22B,$-0.09B,-2.55,$0.19B,$0.19B,100.00%,$0.19B,$0.04B,20.43%,$0.19B,$0.04B,20.43%,$0.19B,$0.06B,33.87%,$0.19B,$0.03B,15.05%,$0.19B,$0.01B,2.69%,$0.01B,$0.12B,5.92%,$0.01B,$0.11B,6.62%,$0.01B,$0.36B,1.39%,$0.04B,$0.34B,11.39%,$46,$0,$46,$0,$4,$36,$10,$-1,$9,$0,$9,$9,$3,$17,$10,$26,26,$0.12,$0.15,$5,$0,$4,$21,$310,$20,$9,$3,$343,$364,$22,$216,$6,$222,$244,$-85,$0,$0,$120,$364,$28,$27,$-1,$26,$3,$0,$-1,$4,$5,$58,$-34,$0,$0,$0,$0,$0,$0,$-34,$-60,$0,$-60,$71,$71,$-36,$-0,$-24,$-1,$0,$-36
16,2014-09-30,5.66,$3.68,1.54,$7.10,0.8,$0.35,16.18,$0.04,141.49,$0.02B,$0.02B,1.0,$0.21B,$-0.08B,-2.52,$0.19B,$0.19B,100.00%,$0.19B,$0.04B,18.95%,$0.19B,$0.04B,18.95%,$0.19B,$0.06B,32.11%,$0.19B,$0.02B,12.63%,$0.19B,$0.00B,1.05%,$0.00B,$0.12B,2.93%,$0.00B,$0.11B,3.38%,$0.00B,$0.36B,0.56%,$0.04B,$0.33B,10.84%,$48,$0,$48,$0,$4,$36,$13,$-1,$11,$0,$11,$11,$6,$19,$13,$24,55,$0.23,$0.20,$1,$0,$4,$24,$306,$20,$9,$3,$338,$361,$24,$212,$5,$217,$241,$-84,$0,$0,$121,$361,$19,$20,$-0,$20,$-1,$0,$-1,$4,$1,$39,$-23,$0,$0,$0,$0,$0,$0,$-23,$-63,$0,$-63,$71,$71,$-26,$-0,$-18,$-2,$0,$-26
17,2014-06-30,6.25,$2.03,3.08,$7.24,0.86,$-0.17,0.0,$-0.07,0.0,$0.03B,$0.02B,1.2,$0.29B,$-0.16B,-1.82,$0.20B,$0.20B,100.00%,$0.20B,$0.04B,20.81%,$0.20B,$0.04B,20.81%,$0.20B,$0.07B,34.01%,$0.20B,$0.03B,14.72%,$0.20B,$0.00B,0.51%,$0.00B,$0.05B,1.90%,$0.00B,$0.04B,2.29%,$0.00B,$0.36B,0.28%,$0.04B,$0.33B,12.35%,$46,$0,$46,$0,$4,$38,$8,$-4,$4,$0,$4,$4,$-2,$14,$8,$23,23,$-0.08,$-0.08,$2,$0,$4,$25,$304,$20,$9,$3,$335,$360,$21,$287,$6,$293,$314,$-158,$0,$0,$46,$360,$8,$13,$2,$15,$-0,$0,$-1,$4,$-2,$20,$-17,$0,$0,$0,$0,$0,$0,$-17,$13,$0,$13,$0,$0,$-17,$0,$-4,$-2,$0,$-17
18,2014-03-31,5.94,$2.22,2.68,$7.25,0.82,$-0.68,0.0,$0.04,148.42,$0.02B,$0.02B,1.16,$0.28B,$-0.15B,-1.83,$0.20B,$0.20B,100.00%,$0.20B,$0.04B,21.83%,$0.20B,$0.04B,21.83%,$0.20B,$0.07B,36.04%,$0.20B,$0.03B,15.23%,$0.20B,$0.00B,2.03%,$0.00B,$0.05B,7.31%,$0.00B,$0.04B,8.65%,$0.00B,$0.36B,1.13%,$0.04B,$0.33B,13.11%,$46,$0,$46,$0,$4,$40,$7,$-3,$4,$0,$4,$4,$-2,$13,$7,$23,23,$-0.07,$-0.07,$1,$0,$4,$22,$301,$19,$9,$3,$333,$355,$19,$281,$4,$285,$304,$-154,$0,$0,$51,$355,$4,$7,$0,$7,$1,$0,$-1,$2,$-4,$6,$-7,$0,$0,$0,$0,$0,$0,$-7,$7,$0,$7,$0,$0,$-9,$0,$-1,$-2,$0,$-9
19,2013-12-31,5.6,$2.43,2.3,$7.19,0.78,$-0.89,0.0,$0.13,43.06,$0.03B,$0.02B,1.06,$0.27B,$-0.15B,-1.83,$0.20B,$0.20B,100.00%,$0.20B,$0.04B,22.45%,$0.20B,$0.04B,22.45%,$0.20B,$0.07B,36.73%,$0.20B,$0.03B,15.82%,$0.20B,$0.01B,3.06%,$0.01B,$0.06B,10.67%,$0.01B,$0.05B,12.57%,$0.01B,$0.36B,1.74%,$0.04B,$0.33B,13.80%,$50,$0,$50,$0,$4,$42,$8,$-3,$5,$0,$5,$5,$-0,$15,$8,$23,23,$-0.03,$0.00,$3,$0,$5,$25,$297,$19,$9,$4,$330,$355,$24,$273,$3,$276,$299,$-149,$0,$0,$55,$355,$28,$28,$7,$35,$-4,$0,$-0,$0,$-2,$61,$-61,$0,$0,$0,$-20,$-20,$0,$-81,$57,$0,$57,$0,$0,$-33,$-4,$20,$0,$0,$-33
20,2013-09-30,5.33,$2.56,2.08,$6.91,0.77,$1.07,5.0,$0.14,38.06,$0.03B,$0.03B,0.85,$0.27B,$-0.15B,-1.87,$0.19B,$0.19B,100.00%,$0.19B,$0.04B,22.22%,$0.19B,$0.04B,22.22%,$0.19B,$0.07B,37.04%,$0.19B,$0.03B,15.87%,$0.19B,$0.01B,3.17%,$0.01B,$0.06B,10.48%,$0.01B,$0.05B,12.31%,$0.01B,$0.36B,1.81%,$0.04B,$0.33B,13.82%,$55,$0,$55,$0,$5,$36,$18,$-2,$16,$0,$16,$16,$5,$25,$18,$23,54,$0.23,$0.20,$2,$0,$1,$25,$305,$20,$9,$4,$337,$362,$30,$274,$0,$275,$304,$-146,$0,$0,$58,$362,$23,$21,$6,$27,$-6,$0,$-1,$-0,$-8,$42,$-54,$0,$0,$0,$-20,$-20,$0,$-74,$59,$0,$59,$0,$0,$-25,$-4,$31,$-2,$0,$-25
21,2013-06-30,5.61,$2.44,2.3,$7.97,0.7,$2.84,1.97,$0.15,37.42,$0.03B,$0.03B,0.94,$0.26B,$-0.15B,-1.76,$0.18B,$0.18B,100.00%,$0.18B,$0.04B,19.34%,$0.18B,$0.04B,19.34%,$0.18B,$0.06B,34.25%,$0.18B,$0.02B,12.15%,$0.18B,$0.00B,1.66%,$0.00B,$0.06B,5.17%,$0.00B,$0.05B,6.09%,$0.00B,$0.35B,0.95%,$0.04B,$0.32B,12.09%,$46,$0,$46,$0,$4,$36,$10,$-5,$5,$0,$5,$5,$1,$18,$10,$23,23,$0.03,$0.03,$5,$0,$2,$26,$290,$17,$9,$4,$320,$346,$28,$262,$0,$263,$290,$-149,$0,$0,$55,$346,$12,$15,$-0,$14,$-3,$0,$-1,$2,$-5,$22,$-31,$0,$0,$0,$-17,$-17,$0,$-48,$48,$0,$48,$0,$0,$-17,$-4,$28,$2,$0,$-17
22,2013-03-31,5.41,$2.51,2.15,$7.89,0.69,$4.25,1.27,$0.14,38.66,$0.02B,$0.02B,0.71,$0.24B,$-0.15B,-1.61,$0.18B,$0.18B,100.00%,$0.18B,$0.03B,18.99%,$0.18B,$0.03B,18.99%,$0.18B,$0.06B,32.96%,$0.18B,$0.02B,12.85%,$0.18B,$0.00B,1.68%,$0.00B,$0.06B,5.04%,$0.00B,$0.05B,5.94%,$0.00B,$0.32B,0.98%,$0.03B,$0.30B,12.18%,$45,$0,$45,$0,$5,$36,$8,$-3,$5,$0,$5,$5,$0,$14,$8,$23,23,$0.02,$0.02,$0,$0,$2,$17,$276,$14,$9,$3,$302,$319,$24,$238,$0,$238,$262,$-148,$0,$0,$57,$319,$6,$6,$1,$7,$-2,$0,$-2,$2,$-5,$8,$-14,$0,$0,$0,$-14,$-14,$0,$-28,$25,$0,$25,$0,$0,$-8,$-0,$17,$-3,$0,$-8
23,2012-12-31,4.1,$2.59,1.58,$7.89,0.52,$5.30,0.77,$0.32,12.8,$0.02B,$0.03B,0.69,$0.21B,$-0.15B,-1.45,$0.18B,$0.18B,100.00%,$0.18B,$0.04B,22.91%,$0.18B,$0.04B,22.91%,$0.18B,$0.07B,36.87%,$0.18B,$0.03B,16.76%,$0.18B,$0.01B,3.91%,$0.01B,$0.06B,11.52%,$0.01B,$0.05B,13.53%,$0.01B,$0.30B,2.33%,$0.04B,$0.27B,14.92%,$43,$0,$43,$0,$6,$37,$6,$-3,$4,$0,$4,$4,$0,$13,$6,$23,23,$0.00,$0.00,$3,$0,$2,$20,$268,$0,$9,$3,$280,$300,$29,$212,$0,$212,$241,$-146,$0,$0,$59,$300,$32,$25,$-4,$21,$4,$0,$-1,$6,$9,$62,$-18,$0,$0,$0,$0,$0,$0,$-18,$-10,$0,$-10,$0,$0,$-32,$0,$-42,$2,$-0,$-32
24,2012-09-30,3.81,$2.69,1.42,$8.00,0.48,$4.53,0.84,$0.27,14.1,$0.03B,$0.03B,1.0,$0.21B,$-0.14B,-1.49,$0.18B,$0.18B,100.00%,$0.18B,$0.05B,27.47%,$0.18B,$0.05B,27.47%,$0.18B,$0.08B,42.31%,$0.18B,$0.03B,17.58%,$0.18B,$0.02B,8.24%,$0.02B,$0.06B,24.79%,$0.02B,$0.05B,29.27%,$0.02B,$0.30B,4.97%,$0.05B,$0.28B,18.07%,$47,$0,$47,$0,$4,$36,$11,$-3,$8,$0,$8,$8,$2,$17,$11,$23,23,$0.10,$0.10,$5,$0,$4,$25,$263,$0,$9,$4,$275,$301,$25,$214,$0,$215,$240,$-144,$0,$0,$61,$301,$26,$19,$-3,$15,$3,$0,$-2,$4,$5,$46,$-11,$0,$0,$0,$0,$0,$0,$-11,$-7,$0,$-7,$0,$0,$-24,$0,$-31,$4,$0,$-24
25,2012-06-30,4.01,$2.68,1.5,$8.04,0.5,$3.91,1.03,$0.59,6.8,$0.03B,$0.02B,1.14,$0.22B,$-0.14B,-1.51,$0.18B,$0.18B,100.00%,$0.18B,$0.05B,29.12%,$0.18B,$0.05B,29.12%,$0.18B,$0.09B,46.70%,$0.18B,$0.05B,29.12%,$0.18B,$0.03B,14.84%,$0.03B,$0.06B,63.91%,$0.03B,$0.05B,82.44%,$0.03B,$0.30B,8.80%,$0.05B,$0.28B,20.27%,$44,$0,$44,$0,$4,$35,$9,$-3,$6,$0,$6,$6,$1,$15,$9,$23,23,$0.02,$0.02,$4,$0,$5,$26,$261,$0,$9,$4,$275,$300,$23,$217,$0,$217,$240,$-144,$0,$0,$61,$300,$18,$12,$-3,$9,$3,$0,$-3,$4,$2,$29,$-6,$0,$0,$0,$0,$0,$0,$-6,$-4,$0,$-4,$0,$0,$-16,$0,$-20,$3,$0,$-16
26,2012-03-31,4.0,$2.75,1.46,$8.08,0.5,$3.23,1.24,$0.02,200.11,$0.02B,$0.03B,0.98,$0.21B,$-0.14B,-1.51,$0.18B,$0.18B,100.00%,$0.18B,$0.05B,29.28%,$0.18B,$0.05B,29.28%,$0.18B,$0.09B,49.17%,$0.18B,$0.04B,23.20%,$0.18B,$0.01B,3.87%,$0.01B,$0.06B,45.16%,$0.01B,$0.05B,116.67%,$0.01B,$0.30B,2.23%,$0.05B,$0.28B,22.01%,$45,$0,$45,$0,$5,$29,$15,$-3,$12,$0,$12,$12,$4,$21,$15,$23,23,$0.20,$0.20,$5,$0,$4,$24,$264,$0,$9,$5,$277,$301,$25,$214,$0,$214,$239,$-142,$0,$0,$62,$301,$12,$6,$-5,$1,$3,$0,$-2,$5,$4,$17,$1,$0,$0,$0,$0,$0,$0,$1,$-7,$0,$-7,$0,$0,$-8,$0,$-14,$4,$0,$-8
27,2011-12-31,3.81,$2.55,1.49,$8.01,0.48,$2.65,1.44,$-0.57,0.0,$0.02B,$0.03B,0.92,$0.22B,$-0.15B,-1.52,$0.18B,$0.18B,100.00%,$0.18B,$0.05B,25.84%,$0.18B,$0.05B,25.84%,$0.18B,$0.09B,48.88%,$0.18B,$0.03B,18.54%,$0.18B,$-0.01B,-6.18%,$-0.01B,$0.06B,125.71%,$-0.01B,$0.05B,59.46%,$-0.01B,$0.31B,-3.45%,$0.05B,$0.28B,20.74%,$46,$0,$46,$0,$30,$30,$15,$-6,$6,$0,$6,$8,$8,$24,$15,$23,23,$-0.05,$-0.05,$1,$0,$2,$24,$266,$0,$9,$5,$281,$305,$26,$221,$0,$221,$247,$-145,$0,$0,$58,$305,$33,$40,$-25,$40,$-5,$0,$-2,$-4,$-12,$37,$-11,$0,$-0,$0,$0,$0,$0,$-11,$-24,$0,$-24,$77,$56,$-12,$-50,$-30,$-4,$0,$-12
28,2011-09-30,3.65,$0.00,0.0,$7.78,0.47,$1.55,2.36,$-1.13,0.0,$0.03B,$0.10B,0.33,$0.23B,$-0.14B,-1.65,$0.17B,$0.17B,100.00%,$0.17B,$0.03B,16.96%,$0.17B,$0.03B,16.96%,$0.17B,$0.07B,40.94%,$0.17B,$0.01B,8.19%,$0.17B,$-0.03B,-18.71%,$-0.03B,$-0.01B,97.71%,$-0.03B,$-0.02B,74.85%,$-0.03B,$0.32B,-9.88%,$0.03B,$0.21B,14.23%,$47,$0,$47,$0,$5,$32,$14,$14,$29,$0,$29,$29,$14,$25,$14,$22,22,$0.38,$0.38,$1,$0,$20,$34,$404,$0,$10,$0,$419,$321,$104,$226,$3,$229,$333,$476,$0,$0,$-12,$321,$26,$32,$-24,$8,$-4,$0,$-2,$-1,$-2,$32,$-11,$0,$-0,$0,$0,$0,$0,$-12,$-15,$0,$-15,$0,$0,$-8,$-0,$-24,$-4,$0,$-8
