,Date,Stock Price,Book Value per Share,Price to Book Ratio,TTM Sales per Share,Price to Sales Ratio,TTM FCF per Share,Price to FCF Ratio,TTM Net EPS,PE Ratio,Current Assets,Current Liabilities,Current Ratio,Long Term Debt,Shareholder's Equity_x,Debt to Equity Ratio,TTM Revenue_x,TTM Gross Profit,Gross Margin,TTM Revenue_y,TTM Operating Income,Operating Margin,TTM Revenue_x,TTM EBIT,EBIT Margin,TTM Revenue_y,TTM EBITDA,EBITDA Margin,TTM Revenue_x,TTM Pre-Tax Income,Pre-Tax Margin,TTM Revenue_y,TTM Net Income_x,Net Margin,TTM Net Income_y,Shareholder's Equity_y,Return on Equity,TTM Net Income_x,Tangible Equity,Return on Tangible Equity,TTM Net Income_y,Total Assets,Return on Assets,TTM Net Income,LT Investments & Debt,Return on Investment,revenue,cost-goods-sold,gross-profit,research-development-expenses,selling-general-administrative-expenses,operating-expenses,operating-income,total-non-operating-income-expense,pre-tax-income,total-provision-income-taxes,income-after-taxes,income-from-continuous-operations,net-income,ebitda,ebit,basic-shares-outstanding,shares-outstanding,eps-basic-net-earnings-per-share,eps-earnings-per-share-diluted,cash-on-hand,inventory,other-current-assets,total-current-assets,net-property-plant-equipment,long-term-investments,goodwill-intangible-assets-total,other-long-term-assets,total-long-term-assets,total-assets,total-current-liabilities,long-term-debt,other-non-current-liabilities,total-long-term-liabilities,total-liabilities,common-stock-net,retained-earnings-accumulated-deficit,comprehensive-income,total-share-holder-equity,total-liabilities-share-holders-equity,net-income-loss,total-depreciation-amortization-cash-flow,other-non-cash-items,total-non-cash-items,change-in-accounts-receivable,change-in-inventories,change-in-accounts-payable,change-in-assets-liabilities,total-change-in-assets-liabilities,cash-flow-from-operating-activities,net-change-in-property-plant-equipment,net-change-in-intangible-assets,net-acquisitions-divestitures,net-change-in-short-term-investments,net-change-in-long-term-investments,net-change-in-investments-total,investing-activities-other,cash-flow-from-investing-activities,net-long-term-debt,net-current-debt,debt-issuance-retirement-net-total,net-common-equity-issued-repurchased,net-total-equity-issued-repurchased,total-common-preferred-stock-dividends-paid,financial-activities-other,cash-flow-from-financial-activities,net-cash-flow,stock-based-compensation,common-stock-dividends-paid
0,2018-09-30,58.09,$35.85,1.62,$31.29,1.86,$8.36,6.95,$4.22,13.77,$0.39B,$0.73B,0.53,$2.95B,$1.92B,1.54,$1.71B,$1.12B,65.40%,$1.71B,$0.40B,23.42%,$1.71B,$0.40B,23.42%,$1.71B,$0.60B,35.25%,$1.71B,$0.26B,15.16%,$1.71B,$0.22B,13.06%,$0.22B,$1.92B,11.74%,$0.22B,$0.62B,37.65%,$0.22B,$6.66B,3.36%,$0.40B,$4.87B,8.26%,$322,$80,$242,$0,$127,$257,$65,$-36,$29,$7,$22,$22,$17,$116,$65,$53,55,$0.32,$0.31,$13,$123,$85,$385,$4700,$41,$1306,$17,$6277,$6662,$730,$2951,$766,$4011,$4741,$54,$644,$-38,$1921,$6662,$182,$152,$2,$154,$72,$-8,$-87,$63,$40,$379,$-278,$0,$0,$0,$-24,$-24,$21,$-282,$97,$-99,$-3,$1,$1,$-76,$-24,$-102,$-5,$8,$-76
1,2018-06-30,60.74,$35.94,1.69,$31.47,1.93,$7.98,7.61,$4.41,13.77,$0.38B,$0.73B,0.52,$2.86B,$1.93B,1.48,$1.72B,$1.12B,65.27%,$1.72B,$0.42B,24.10%,$1.72B,$0.42B,24.10%,$1.72B,$0.62B,35.71%,$1.72B,$0.28B,16.03%,$1.72B,$0.23B,13.59%,$0.23B,$1.93B,12.53%,$0.23B,$0.62B,41.73%,$0.23B,$6.57B,3.54%,$0.42B,$4.79B,8.55%,$356,$105,$251,$0,$132,$286,$70,$-36,$34,$7,$27,$27,$22,$120,$70,$53,55,$0.41,$0.40,$12,$95,$86,$381,$4614,$41,$1307,$17,$6189,$6570,$731,$2858,$765,$3913,$4644,$54,$653,$-39,$1927,$6570,$161,$101,$1,$102,$51,$18,$-96,$76,$48,$311,$-157,$0,$0,$0,$-24,$-24,$18,$-164,$-3,$-90,$-92,$1,$1,$-51,$-12,$-154,$-7,$5,$-51
2,2018-03-31,53.43,$35.97,1.49,$31.12,1.72,$7.12,7.51,$4.41,12.12,$0.49B,$0.79B,0.62,$2.86B,$1.93B,1.48,$1.71B,$1.12B,65.40%,$1.71B,$0.42B,24.30%,$1.71B,$0.42B,24.30%,$1.71B,$0.61B,35.95%,$1.71B,$0.28B,16.33%,$1.71B,$0.23B,13.70%,$0.23B,$1.93B,12.76%,$0.23B,$0.62B,44.44%,$0.23B,$6.63B,3.55%,$0.42B,$4.79B,8.48%,$575,$248,$328,$0,$129,$427,$148,$-35,$113,$-26,$139,$139,$133,$199,$148,$53,54,$2.49,$2.46,$34,$82,$104,$492,$4560,$41,$1307,$15,$6135,$6627,$789,$2859,$761,$3910,$4699,$54,$656,$-40,$1928,$6627,$137,$50,$-16,$35,$-25,$31,$-71,$64,$-1,$170,$-70,$0,$0,$0,$-24,$-24,$20,$-74,$-1,$-47,$-49,$0,$0,$-25,$-7,$-81,$16,$2,$-25
3,2017-12-31,58.61,$34.00,1.72,$30.45,1.92,$6.73,8.71,$3.34,17.55,$0.57B,$0.65B,0.88,$3.11B,$1.82B,1.71,$1.68B,$1.12B,66.45%,$1.68B,$0.42B,24.81%,$1.68B,$0.42B,24.81%,$1.68B,$0.61B,36.53%,$1.68B,$0.28B,16.78%,$1.68B,$0.18B,10.59%,$0.18B,$1.82B,9.90%,$0.18B,$0.51B,36.22%,$0.18B,$6.66B,2.71%,$0.42B,$4.93B,8.43%,$455,$159,$296,$0,$132,$338,$117,$-35,$83,$15,$68,$68,$51,$167,$117,$53,55,$0.95,$0.92,$18,$113,$191,$571,$4541,$13,$1307,$10,$6088,$6659,$649,$3109,$744,$4190,$4839,$54,$549,$-41,$1820,$6659,$191,$197,$103,$299,$5,$-10,$-28,$-20,$-54,$428,$-326,$0,$0,$0,$0,$0,$8,$-318,$-106,$115,$9,$4,$4,$-97,$-25,$-109,$2,$8,$-97
4,2017-09-30,66.62,$33.58,1.98,$30.26,2.2,$2.35,28.31,$2.62,25.43,$0.39B,$0.55B,0.7,$3.11B,$1.80B,1.73,$1.66B,$1.09B,65.70%,$1.66B,$0.47B,28.32%,$1.66B,$0.47B,28.32%,$1.66B,$0.65B,39.43%,$1.66B,$0.33B,20.05%,$1.66B,$0.15B,8.76%,$0.15B,$1.80B,8.16%,$0.15B,$0.49B,30.93%,$0.15B,$6.56B,2.22%,$0.47B,$4.91B,9.48%,$336,$86,$249,$0,$122,$256,$80,$-33,$46,$13,$33,$33,$28,$129,$80,$53,55,$0.52,$0.50,$16,$123,$96,$385,$4499,$13,$1307,$120,$6179,$6564,$554,$3110,$485,$4213,$4768,$54,$516,$-33,$1796,$6564,$137,$147,$68,$215,$104,$-20,$-112,$-3,$-31,$319,$-239,$0,$0,$0,$0,$0,$-17,$-256,$-104,$129,$24,$4,$4,$-71,$-20,$-63,$0,$8,$-71
5,2017-06-30,64.85,$33.47,1.94,$30.42,2.13,$-1.43,0.0,$2.38,27.25,$0.36B,$0.44B,0.82,$3.16B,$1.79B,1.77,$1.65B,$1.09B,66.08%,$1.65B,$0.45B,27.03%,$1.65B,$0.45B,27.03%,$1.65B,$0.63B,38.21%,$1.65B,$0.31B,18.80%,$1.65B,$0.13B,7.92%,$0.13B,$1.79B,7.45%,$0.13B,$0.48B,29.13%,$0.13B,$6.51B,2.02%,$0.45B,$4.95B,9.02%,$342,$98,$244,$0,$125,$272,$70,$-33,$37,$11,$26,$26,$22,$119,$70,$53,55,$0.42,$0.40,$14,$95,$83,$359,$4459,$13,$1307,$128,$6150,$6510,$439,$3160,$511,$4281,$4720,$54,$512,$-33,$1790,$6510,$105,$98,$66,$163,$95,$8,$-117,$9,$-6,$263,$-154,$0,$0,$0,$0,$0,$-9,$-164,$-53,$11,$-41,$3,$3,$-48,$-15,$-101,$-2,$7,$-48
6,2017-03-31,63.48,$33.46,1.9,$30.39,2.09,$-3.69,0.0,$1.99,31.9,$0.40B,$0.39B,1.03,$3.21B,$1.79B,1.8,$1.64B,$1.09B,66.59%,$1.64B,$0.41B,25.17%,$1.64B,$0.41B,25.17%,$1.64B,$0.60B,36.47%,$1.64B,$0.28B,16.98%,$1.64B,$0.11B,6.72%,$0.11B,$1.79B,6.36%,$0.11B,$0.48B,26.14%,$0.11B,$6.50B,1.71%,$0.41B,$5.00B,8.78%,$548,$220,$328,$0,$128,$397,$150,$-34,$116,$34,$82,$82,$77,$199,$150,$53,55,$1.44,$1.39,$14,$81,$85,$401,$4409,$13,$1308,$120,$6098,$6500,$392,$3211,$507,$4319,$4711,$54,$514,$-34,$1789,$6500,$80,$48,$48,$96,$39,$22,$-99,$9,$-28,$147,$-66,$0,$0,$0,$0,$0,$-3,$-69,$-1,$-46,$-47,$2,$2,$-24,$-11,$-80,$-2,$3,$-24
7,2016-12-31,58.16,$32.41,1.79,$29.10,2.0,$-4.21,0.0,$1.37,42.45,$0.47B,$0.53B,0.88,$3.21B,$1.73B,1.86,$1.54B,$1.04B,67.58%,$1.54B,$0.34B,21.83%,$1.54B,$0.34B,21.83%,$1.54B,$0.52B,33.66%,$1.54B,$0.21B,13.39%,$1.54B,$0.07B,4.74%,$0.07B,$1.73B,4.42%,$0.07B,$0.42B,21.38%,$0.07B,$6.54B,1.14%,$0.34B,$4.94B,7.30%,$430,$163,$267,$0,$101,$261,$169,$-35,$133,$48,$86,$86,$18,$206,$169,$52,53,$0.35,$0.33,$16,$104,$88,$467,$4386,$13,$1308,$121,$6075,$6542,$528,$3211,$506,$4284,$4812,$53,$458,$-35,$1730,$6542,$83,$182,$155,$337,$-27,$1,$-33,$-39,$-98,$320,$-455,$0,$-1124,$0,$0,$0,$-10,$-1589,$603,$20,$623,$122,$122,$-88,$184,$841,$-427,$11,$-88
8,2016-09-30,57.63,$32.42,1.78,$27.10,2.13,$1.80,31.93,$0.74,77.88,$0.39B,$0.45B,0.86,$3.21B,$1.72B,1.87,$1.38B,$0.94B,68.06%,$1.38B,$0.44B,31.65%,$1.38B,$0.44B,31.65%,$1.38B,$0.60B,43.06%,$1.38B,$0.32B,23.12%,$1.38B,$0.04B,2.96%,$0.04B,$1.72B,2.58%,$0.04B,$0.41B,8.01%,$0.04B,$6.42B,0.69%,$0.44B,$4.93B,10.43%,$334,$80,$254,$0,$127,$275,$58,$-34,$25,$7,$18,$18,$14,$108,$58,$52,54,$0.27,$0.26,$34,$113,$85,$387,$4465,$12,$1309,$13,$6034,$6421,$450,$3212,$499,$4249,$4699,$53,$462,$-33,$1722,$6421,$55,$145,$88,$233,$79,$-5,$-118,$-29,$-72,$209,$-334,$0,$-1124,$0,$0,$0,$-1,$-1459,$605,$-2,$603,$108,$108,$-65,$196,$841,$-409,$9,$-65
9,2016-06-30,58.92,$32.13,1.83,$26.99,2.18,$4.50,13.1,$0.26,226.61,$0.39B,$1.41B,0.28,$2.22B,$1.68B,1.32,$1.32B,$0.89B,67.17%,$1.32B,$0.38B,28.59%,$1.32B,$0.38B,28.59%,$1.32B,$0.53B,39.79%,$1.32B,$0.27B,20.65%,$1.32B,$0.02B,1.29%,$0.02B,$1.68B,1.15%,$0.02B,$0.37B,2.66%,$0.02B,$6.34B,0.32%,$0.38B,$3.90B,10.29%,$325,$84,$241,$0,$125,$290,$35,$-32,$4,$0,$3,$3,$1,$84,$35,$52,53,$0.01,$0.01,$64,$85,$90,$389,$4390,$12,$1313,$16,$5951,$6340,$1413,$2221,$491,$3247,$4660,$52,$470,$-32,$1680,$6340,$41,$95,$71,$165,$82,$18,$-125,$5,$-20,$184,$-200,$0,$-1124,$0,$0,$0,$-1,$-1325,$533,$-2,$531,$57,$57,$-43,$217,$762,$-379,$7,$-43
10,2016-03-31,55.81,$28.78,1.94,$26.95,2.07,$5.88,9.49,$-0.69,0.0,$0.40B,$0.64B,0.63,$3.16B,$1.48B,2.13,$1.27B,$0.85B,66.59%,$1.27B,$0.30B,23.96%,$1.27B,$0.30B,23.96%,$1.27B,$0.44B,34.99%,$1.27B,$0.21B,16.71%,$1.27B,$-0.03B,-2.05%,$-0.03B,$1.48B,-1.88%,$-0.03B,$0.16B,-3.31%,$-0.03B,$6.30B,-0.54%,$0.30B,$4.64B,8.90%,$450,$172,$278,$0,$119,$376,$74,$-29,$44,$4,$40,$40,$40,$120,$74,$51,52,$0.78,$0.77,$28,$78,$90,$402,$4322,$12,$1317,$11,$5902,$6304,$639,$3159,$520,$4184,$4823,$51,$491,$-21,$1481,$6304,$40,$46,$50,$96,$28,$26,$-73,$24,$4,$133,$-84,$0,$-1132,$0,$0,$0,$-0,$-1217,$546,$139,$685,$8,$8,$-22,$-2,$669,$-415,$4,$-22
11,2015-12-31,42.75,$28.63,1.49,$28.17,1.52,$5.69,7.51,$-0.39,0.0,$0.81B,$0.41B,1.99,$1.85B,$1.47B,1.27,$1.26B,$0.80B,63.76%,$1.26B,$0.30B,23.87%,$1.26B,$0.30B,23.87%,$1.26B,$0.43B,34.42%,$1.26B,$0.22B,17.45%,$1.26B,$-0.03B,-2.54%,$-0.03B,$1.47B,-2.35%,$-0.03B,$1.10B,-3.20%,$-0.03B,$4.63B,-0.74%,$0.30B,$3.32B,10.09%,$275,$106,$169,$0,$57,$4,$271,$-24,$247,$93,$154,$159,$-14,$284,$271,$45,45,$-0.31,$-0.31,$443,$87,$129,$806,$3259,$12,$363,$11,$3820,$4627,$406,$1854,$450,$2754,$3161,$51,$473,$-9,$1466,$4627,$-32,$133,$343,$476,$33,$7,$-75,$24,$-11,$424,$-266,$0,$-22,$0,$0,$0,$-188,$-476,$25,$2,$27,$539,$539,$-73,$-9,$484,$432,$4,$-73
12,2015-09-30,37.71,$28.70,1.31,$30.57,1.23,$0.34,111.78,$0.67,56.29,$0.40B,$0.45B,0.9,$1.55B,$1.29B,1.21,$1.36B,$0.85B,62.17%,$1.36B,$0.10B,7.40%,$1.36B,$0.10B,7.40%,$1.36B,$0.26B,18.91%,$1.36B,$0.03B,1.91%,$1.36B,$0.02B,1.25%,$0.02B,$1.29B,1.28%,$0.02B,$0.92B,1.75%,$0.02B,$4.23B,0.40%,$0.10B,$2.84B,3.60%,$272,$72,$200,$0,$101,$274,$-2,$-20,$-22,$-12,$-10,$-10,$-10,$38,$-2,$45,45,$-0.22,$-0.22,$41,$90,$107,$402,$3265,$12,$363,$8,$3830,$4232,$449,$1553,$448,$2496,$2945,$45,$505,$-15,$1287,$4232,$-18,$120,$166,$286,$76,$4,$-5,$30,$105,$366,$-349,$0,$0,$0,$0,$0,$-7,$-357,$25,$43,$68,$2,$2,$-54,$-8,$8,$18,$3,$-54
13,2015-06-30,39.44,$29.24,1.35,$30.58,1.29,$-0.68,0.0,$1.49,26.47,$0.44B,$0.36B,1.22,$1.56B,$1.31B,1.19,$1.36B,$0.84B,61.22%,$1.36B,$0.16B,11.58%,$1.36B,$0.16B,11.58%,$1.36B,$0.31B,22.87%,$1.36B,$0.09B,6.38%,$1.36B,$0.05B,3.96%,$0.05B,$1.31B,4.02%,$0.05B,$0.95B,5.48%,$0.05B,$4.21B,1.29%,$0.16B,$2.87B,5.83%,$272,$74,$198,$0,$102,$311,$-39,$-18,$-57,$-20,$-37,$-42,$-42,$2,$-39,$45,45,$-0.94,$-0.94,$90,$74,$98,$439,$3204,$12,$357,$17,$3770,$4209,$359,$1556,$473,$2540,$2898,$45,$533,$-17,$1311,$4209,$-8,$80,$133,$213,$63,$20,$-66,$29,$46,$254,$-206,$0,$0,$0,$0,$0,$-1,$-207,$25,$31,$56,$2,$2,$-36,$-2,$19,$66,$3,$-36
14,2015-03-31,45.19,$30.60,1.48,$30.83,1.47,$-1.83,0.0,$2.87,15.74,$0.44B,$0.38B,1.16,$1.53B,$1.37B,1.12,$1.38B,$0.82B,59.56%,$1.38B,$0.24B,17.75%,$1.38B,$0.24B,17.75%,$1.38B,$0.39B,28.65%,$1.38B,$0.18B,12.73%,$1.38B,$0.12B,8.44%,$0.12B,$1.37B,8.63%,$0.12B,$1.02B,11.74%,$0.12B,$4.25B,2.82%,$0.24B,$2.90B,9.38%,$442,$205,$237,$0,$105,$371,$71,$-19,$52,$18,$34,$34,$34,$110,$71,$45,45,$0.76,$0.76,$66,$67,$104,$439,$3245,$17,$357,$17,$3815,$4253,$379,$1531,$468,$2502,$2882,$45,$593,$-14,$1372,$4253,$34,$40,$51,$90,$14,$26,$-45,$34,$29,$151,$-118,$0,$0,$0,$0,$0,$-0,$-118,$0,$28,$28,$1,$1,$-18,$-2,$9,$42,$2,$-18
15,2014-12-31,47.13,$30.31,1.56,$31.26,1.51,$-2.26,0.0,$2.88,16.36,$0.45B,$0.65B,0.7,$1.27B,$1.35B,0.94,$1.39B,$0.81B,58.29%,$1.39B,$0.26B,18.88%,$1.39B,$0.26B,18.88%,$1.39B,$0.41B,29.43%,$1.39B,$0.20B,14.14%,$1.39B,$0.13B,9.40%,$0.13B,$1.35B,9.85%,$0.13B,$1.00B,13.46%,$0.13B,$4.25B,3.24%,$0.26B,$2.62B,10.30%,$378,$165,$213,$0,$105,$307,$71,$-18,$53,$18,$35,$35,$35,$108,$71,$44,45,$0.77,$0.77,$23,$91,$99,$454,$3205,$17,$357,$29,$3792,$4246,$651,$1268,$461,$2241,$2892,$45,$577,$-15,$1354,$4246,$131,$147,$99,$245,$-19,$-5,$8,$-46,$-62,$315,$-398,$0,$0,$0,$0,$0,$-3,$-401,$148,$-8,$140,$3,$3,$-70,$17,$91,$5,$9,$-70
16,2014-09-30,42.24,$29.89,1.41,$30.78,1.37,$-1.08,0.0,$2.53,16.7,$0.37B,$0.73B,0.51,$1.11B,$1.34B,0.83,$1.37B,$0.80B,58.47%,$1.37B,$0.27B,19.49%,$1.37B,$0.27B,19.49%,$1.37B,$0.41B,30.07%,$1.37B,$0.18B,12.99%,$1.37B,$0.12B,8.54%,$0.12B,$1.34B,8.91%,$0.12B,$0.98B,12.24%,$0.12B,$4.04B,2.97%,$0.27B,$2.44B,10.40%,$272,$85,$187,$0,$95,$217,$55,$-16,$39,$12,$27,$27,$27,$92,$55,$44,45,$0.62,$0.61,$14,$106,$95,$374,$3120,$17,$357,$30,$3665,$4039,$727,$1108,$375,$1977,$2704,$45,$560,$-15,$1335,$4039,$96,$109,$61,$170,$54,$-17,$-14,$-54,$-32,$239,$-268,$0,$0,$0,$0,$0,$-2,$-270,$-12,$102,$89,$2,$2,$-52,$-4,$35,$4,$7,$-52
17,2014-06-30,53.76,$29.53,1.82,$30.53,1.76,$-0.15,0.0,$2.45,21.94,$0.34B,$0.65B,0.53,$1.12B,$1.32B,0.85,$1.36B,$0.80B,59.06%,$1.36B,$0.27B,19.73%,$1.36B,$0.27B,19.73%,$1.36B,$0.41B,30.41%,$1.36B,$0.18B,12.89%,$1.36B,$0.11B,8.32%,$0.11B,$1.32B,8.68%,$0.11B,$0.96B,11.96%,$0.11B,$3.94B,2.92%,$0.27B,$2.44B,10.64%,$283,$101,$182,$0,$98,$236,$47,$-16,$31,$11,$20,$20,$20,$84,$47,$44,45,$0.46,$0.46,$15,$81,$88,$344,$3047,$17,$357,$32,$3591,$3935,$653,$1122,$378,$1964,$2617,$45,$550,$-19,$1318,$3935,$69,$72,$52,$124,$48,$7,$-25,$-55,$-25,$174,$-177,$0,$0,$0,$0,$0,$-3,$-180,$0,$50,$50,$2,$2,$-35,$-4,$13,$7,$7,$-35
18,2014-03-31,50.13,$29.44,1.7,$30.48,1.64,$1.05,47.63,$2.70,18.57,$0.40B,$0.40B,1.01,$1.40B,$1.31B,1.06,$1.36B,$0.80B,59.11%,$1.36B,$0.27B,19.93%,$1.36B,$0.27B,19.93%,$1.36B,$0.41B,30.55%,$1.36B,$0.19B,14.02%,$1.36B,$0.12B,9.15%,$0.12B,$1.31B,9.59%,$0.12B,$0.96B,13.25%,$0.12B,$3.93B,3.24%,$0.27B,$2.71B,10.93%,$460,$230,$230,$0,$104,$370,$90,$-16,$74,$26,$49,$49,$49,$126,$90,$44,45,$1.10,$1.09,$18,$66,$89,$404,$2983,$17,$357,$29,$3524,$3929,$400,$1397,$364,$2215,$2615,$45,$547,$-19,$1314,$3929,$49,$36,$39,$75,$-79,$22,$29,$0,$-27,$98,$-84,$0,$0,$0,$0,$0,$-3,$-87,$0,$18,$18,$1,$1,$-17,$-2,$-1,$10,$4,$-17
19,2013-12-31,45.34,$28.84,1.57,$28.74,1.58,$1.75,25.91,$2.59,17.5,$0.35B,$0.38B,0.91,$1.40B,$1.28B,1.09,$1.28B,$0.78B,61.36%,$1.28B,$0.26B,20.38%,$1.28B,$0.26B,20.38%,$1.28B,$0.40B,31.66%,$1.28B,$0.18B,14.18%,$1.28B,$0.12B,9.25%,$0.12B,$1.28B,9.22%,$0.12B,$0.93B,12.79%,$0.12B,$3.84B,3.13%,$0.26B,$2.68B,11.11%,$355,$153,$202,$0,$96,$280,$75,$-41,$34,$13,$21,$21,$21,$110,$75,$44,44,$0.47,$0.46,$8,$88,$51,$345,$2953,$17,$357,$28,$3493,$3838,$378,$1397,$360,$2176,$2554,$45,$516,$-17,$1284,$3838,$117,$144,$67,$211,$-19,$-6,$15,$5,$-4,$325,$-355,$0,$0,$0,$0,$0,$5,$-349,$354,$-195,$160,$4,$4,$-68,$-79,$17,$-8,$13,$-68
20,2013-09-30,42.73,$29.02,1.47,$27.97,1.53,$7.46,5.73,$2.88,14.84,$0.33B,$0.71B,0.47,$0.96B,$1.29B,0.74,$1.24B,$0.78B,62.58%,$1.24B,$0.29B,23.63%,$1.24B,$0.29B,23.63%,$1.24B,$0.43B,34.44%,$1.24B,$0.23B,18.47%,$1.24B,$0.15B,12.02%,$0.15B,$1.29B,11.76%,$0.15B,$0.93B,16.38%,$0.15B,$3.80B,3.98%,$0.29B,$2.25B,13.23%,$260,$72,$188,$0,$97,$204,$56,$-19,$36,$13,$23,$23,$23,$93,$56,$44,44,$0.52,$0.52,$20,$95,$57,$329,$2894,$17,$357,$22,$3472,$3801,$705,$956,$446,$1806,$2510,$45,$539,$-31,$1291,$3801,$97,$109,$48,$158,$29,$-13,$-24,$0,$-8,$252,$-239,$0,$0,$0,$0,$0,$3,$-237,$169,$-139,$30,$4,$4,$-51,$0,$-17,$-2,$9,$-51
21,2013-06-30,41.48,$28.84,1.44,$27.72,1.5,$13.45,3.08,$3.14,13.21,$0.34B,$0.67B,0.51,$0.96B,$1.28B,0.75,$1.23B,$0.77B,62.92%,$1.23B,$0.32B,25.67%,$1.23B,$0.32B,25.67%,$1.23B,$0.45B,37.00%,$1.23B,$0.25B,20.05%,$1.23B,$0.16B,13.04%,$0.16B,$1.28B,12.82%,$0.16B,$0.93B,17.97%,$0.16B,$3.75B,4.26%,$0.32B,$2.24B,14.37%,$280,$99,$181,$0,$96,$231,$49,$-3,$46,$16,$31,$31,$31,$85,$49,$44,44,$0.69,$0.69,$38,$74,$55,$338,$2832,$17,$357,$22,$3408,$3747,$669,$959,$448,$1795,$2464,$45,$533,$-31,$1283,$3747,$74,$72,$42,$114,$28,$9,$-27,$0,$11,$197,$-147,$0,$0,$0,$0,$0,$2,$-145,$171,$-177,$-6,$3,$3,$-34,$0,$-37,$15,$7,$-34
22,2013-03-31,37.18,$28.37,1.31,$26.95,1.38,$12.96,2.87,$2.14,17.37,$0.34B,$0.68B,0.5,$0.94B,$1.26B,0.74,$1.19B,$0.77B,64.76%,$1.19B,$0.29B,24.14%,$1.19B,$0.29B,24.14%,$1.19B,$0.43B,36.33%,$1.19B,$0.18B,15.14%,$1.19B,$0.12B,9.76%,$0.12B,$1.26B,9.46%,$0.12B,$0.90B,13.35%,$0.12B,$3.69B,3.08%,$0.29B,$2.20B,13.10%,$381,$168,$212,$0,$97,$301,$80,$-15,$65,$22,$43,$43,$43,$116,$80,$44,44,$0.98,$0.97,$19,$64,$53,$344,$2767,$17,$357,$21,$3343,$3687,$682,$936,$440,$1744,$2426,$44,$519,$-36,$1261,$3687,$43,$36,$29,$65,$-5,$19,$-14,$0,$-0,$109,$-64,$0,$0,$0,$0,$0,$1,$-63,$-2,$-32,$-34,$2,$2,$-17,$-1,$-49,$-3,$4,$-17
23,2012-12-31,30.4,$27.88,1.09,$26.68,1.14,$12.59,2.42,$1.85,16.43,$0.41B,$0.74B,0.55,$0.94B,$1.23B,0.76,$1.17B,$0.77B,65.33%,$1.17B,$0.28B,23.59%,$1.17B,$0.28B,23.59%,$1.17B,$0.43B,36.37%,$1.17B,$0.17B,14.48%,$1.17B,$0.10B,8.77%,$0.10B,$1.23B,8.46%,$0.10B,$0.88B,11.98%,$0.10B,$3.73B,2.72%,$0.28B,$2.17B,12.22%,$319,$124,$195,$0,$88,$211,$108,$-26,$82,$30,$52,$52,$52,$133,$108,$44,44,$1.18,$1.17,$23,$78,$63,$405,$2743,$16,$357,$20,$3324,$3729,$735,$939,$437,$1762,$2497,$44,$493,$-35,$1233,$3729,$102,$151,$60,$212,$14,$6,$-11,$0,$9,$317,$-95,$0,$108,$0,$0,$0,$-1,$11,$-240,$-68,$-308,$5,$5,$-65,$-3,$-371,$-43,$8,$-65
24,2012-09-30,29.43,$27.49,1.07,$28.46,1.03,$2.16,13.64,$1.75,16.82,$0.57B,$0.90B,0.64,$0.94B,$1.21B,0.78,$1.22B,$0.76B,62.42%,$1.22B,$0.22B,18.17%,$1.22B,$0.22B,18.17%,$1.22B,$0.39B,31.66%,$1.22B,$0.12B,9.62%,$1.22B,$0.08B,6.33%,$0.08B,$1.21B,6.36%,$0.08B,$0.86B,9.02%,$0.08B,$3.85B,1.98%,$0.22B,$2.16B,9.42%,$247,$63,$184,$0,$92,$169,$78,$-25,$53,$18,$35,$35,$34,$120,$78,$44,44,$0.79,$0.78,$254,$81,$85,$571,$2696,$16,$357,$21,$3283,$3854,$899,$943,$459,$1740,$2639,$44,$478,$-37,$1214,$3854,$51,$127,$59,$185,$56,$3,$-22,$-4,$34,$270,$7,$0,$109,$-22,$0,$-22,$4,$98,$-12,$-120,$-132,$4,$4,$-49,$-3,$-180,$188,$6,$-49
25,2012-06-30,26.31,$27.12,0.97,$29.24,0.9,$-7.17,0.0,$0.70,37.59,$0.34B,$0.77B,0.44,$1.05B,$1.20B,0.87,$1.22B,$0.74B,60.54%,$1.22B,$0.18B,15.01%,$1.22B,$0.18B,15.01%,$1.22B,$0.34B,27.89%,$1.22B,$0.04B,3.61%,$1.22B,$0.03B,2.63%,$0.03B,$1.20B,2.71%,$0.03B,$0.84B,3.89%,$0.03B,$3.77B,0.82%,$0.18B,$2.24B,7.63%,$242,$63,$179,$0,$90,$222,$21,$-41,$-20,$-8,$-12,$-12,$-13,$63,$21,$44,44,$-0.31,$-0.31,$45,$61,$78,$336,$2857,$16,$357,$22,$3438,$3774,$773,$1045,$444,$1805,$2578,$44,$460,$-34,$1196,$3774,$16,$84,$62,$146,$64,$23,$-60,$-5,$22,$177,$-149,$0,$109,$0,$0,$0,$3,$-37,$-10,$-120,$-130,$2,$2,$-33,$3,$-159,$-19,$3,$-33
26,2012-03-31,27.11,$27.78,0.98,$30.25,0.9,$-8.84,0.0,$1.20,22.59,$0.41B,$0.56B,0.73,$1.27B,$1.23B,1.04,$1.24B,$0.72B,57.84%,$1.24B,$0.20B,15.99%,$1.24B,$0.20B,15.99%,$1.24B,$0.35B,28.03%,$1.24B,$0.07B,5.74%,$1.24B,$0.05B,4.28%,$0.05B,$1.23B,4.58%,$0.05B,$0.87B,6.62%,$0.05B,$3.81B,1.35%,$0.20B,$2.50B,8.21%,$366,$157,$209,$0,$99,$296,$70,$-15,$55,$20,$35,$35,$30,$111,$70,$44,44,$0.68,$0.68,$65,$63,$101,$407,$2819,$16,$357,$22,$3401,$3808,$557,$1272,$437,$2027,$2583,$44,$490,$-33,$1225,$3808,$30,$41,$18,$60,$9,$21,$-42,$18,$6,$96,$-68,$0,$109,$0,$0,$0,$0,$41,$-2,$-120,$-122,$1,$1,$-16,$-3,$-140,$-3,$2,$-16
27,2011-12-31,26.86,$27.53,0.98,$32.01,0.84,$-9.75,0.0,$1.20,22.39,$0.76B,$0.88B,0.86,$1.28B,$1.21B,1.06,$1.27B,$0.70B,54.75%,$1.27B,$0.19B,14.61%,$1.27B,$0.19B,14.61%,$1.27B,$0.33B,25.77%,$1.27B,$0.06B,4.56%,$1.27B,$0.05B,3.93%,$0.05B,$1.21B,4.43%,$0.05B,$0.85B,6.47%,$0.05B,$4.13B,1.28%,$0.19B,$2.49B,7.87%,$361,$175,$187,$0,$97,$309,$52,$-23,$29,$10,$19,$19,$26,$91,$52,$40,40,$0.63,$0.64,$31,$84,$100,$759,$2790,$17,$357,$22,$3368,$4127,$878,$1280,$458,$2040,$2918,$44,$477,$-33,$1209,$4127,$50,$141,$77,$218,$22,$-21,$-31,$0,$-30,$224,$-440,$0,$0,$0,$0,$0,$-7,$-447,$-8,$196,$188,$123,$123,$-59,$-2,$250,$26,$6,$-59
28,2011-09-30,24.24,$27.57,0.88,$30.35,0.8,$-10.91,0.0,$1.45,16.72,$0.68B,$0.90B,0.76,$1.28B,$1.09B,1.18,$1.20B,$0.65B,54.30%,$1.20B,$0.17B,14.10%,$1.20B,$0.17B,14.10%,$1.20B,$0.32B,26.36%,$1.20B,$0.07B,5.67%,$1.20B,$0.06B,4.84%,$0.06B,$1.09B,5.26%,$0.06B,$0.73B,7.78%,$0.06B,$3.95B,1.53%,$0.17B,$2.37B,7.31%,$250,$86,$163,$0,$90,$210,$40,$-60,$-20,$-9,$-11,$-11,$-11,$75,$40,$39,39,$-0.27,$-0.27,$34,$85,$83,$680,$2725,$17,$357,$23,$3266,$3946,$899,$1282,$359,$1959,$2858,$39,$467,$-23,$1088,$3946,$24,$102,$79,$182,$51,$-22,$-52,$25,$2,$207,$-326,$0,$0,$0,$0,$0,$-1,$-327,$-6,$210,$204,$2,$2,$-43,$-0,$163,$42,$5,$-43
29,2011-06-30,23.51,$28.10,0.84,$30.35,0.77,$-11.18,0.0,$2.04,11.53,$0.65B,$0.87B,0.75,$1.18B,$1.11B,1.07,$1.20B,$0.65B,54.34%,$1.20B,$0.18B,14.77%,$1.20B,$0.18B,14.77%,$1.20B,$0.32B,26.63%,$1.20B,$0.10B,8.26%,$1.20B,$0.08B,6.76%,$0.08B,$1.11B,7.36%,$0.08B,$0.75B,10.90%,$0.08B,$3.82B,2.19%,$0.18B,$2.29B,7.74%,$261,$104,$157,$0,$88,$224,$36,$-29,$7,$3,$4,$4,$8,$70,$36,$39,40,$0.20,$0.19,$26,$61,$65,$646,$2637,$17,$357,$20,$3171,$3817,$865,$1184,$356,$1845,$2709,$39,$491,$-25,$1108,$3817,$35,$67,$55,$122,$52,$2,$-66,$44,$31,$182,$-223,$0,$0,$0,$0,$0,$-2,$-225,$-4,$131,$127,$1,$1,$-30,$-0,$99,$56,$3,$-30
30,2011-03-31,25.83,$28.25,0.91,$30.40,0.85,$-10.68,0.0,$1.63,15.84,$0.63B,$0.76B,0.82,$1.19B,$1.11B,1.06,$1.19B,$0.65B,54.74%,$1.19B,$0.17B,14.42%,$1.19B,$0.17B,14.42%,$1.19B,$0.31B,25.98%,$1.19B,$0.08B,6.54%,$1.19B,$0.06B,5.36%,$0.06B,$1.11B,5.85%,$0.06B,$0.76B,8.69%,$0.06B,$3.73B,1.78%,$0.17B,$2.30B,7.71%,$401,$211,$190,$0,$99,$342,$58,$-16,$42,$14,$28,$29,$27,$92,$58,$39,40,$0.69,$0.68,$30,$46,$62,$626,$2568,$17,$357,$21,$3104,$3729,$762,$1185,$369,$1855,$2616,$39,$499,$-25,$1113,$3729,$27,$33,$33,$66,$-6,$17,$-45,$51,$18,$111,$-122,$0,$0,$0,$0,$0,$-0,$-122,$-2,$38,$36,$1,$1,$-14,$-0,$22,$12,$2,$-14
31,2010-12-31,22.9,$28.02,0.82,$31.25,0.73,$-10.07,0.0,$1.76,13.01,$0.68B,$0.79B,0.86,$1.19B,$1.10B,1.08,$1.22B,$0.65B,53.57%,$1.22B,$0.18B,15.09%,$1.22B,$0.18B,15.09%,$1.22B,$0.32B,25.92%,$1.22B,$0.08B,6.89%,$1.22B,$0.07B,5.58%,$0.07B,$1.10B,6.22%,$0.07B,$0.74B,9.25%,$0.07B,$3.71B,1.95%,$0.18B,$2.29B,8.43%,$287,$146,$141,$0,$68,$252,$35,$4,$39,$12,$27,$28,$34,$79,$35,$39,39,$0.85,$0.85,$21,$63,$94,$684,$2492,$18,$357,$22,$3027,$3712,$794,$1186,$356,$1818,$2611,$39,$486,$-24,$1100,$3712,$69,$132,$1,$133,$-18,$-0,$-13,$-21,$-53,$148,$-404,$0,$0,$0,$0,$0,$15,$-389,$140,$85,$225,$3,$3,$-56,$-10,$161,$-80,$6,$-56
32,2010-09-30,23.53,$27.54,0.85,$31.07,0.76,$-3.29,0.0,$1.76,13.37,$0.65B,$0.64B,1.01,$1.19B,$1.08B,1.1,$1.21B,$0.66B,54.71%,$1.21B,$0.20B,16.28%,$1.21B,$0.20B,16.28%,$1.21B,$0.31B,25.87%,$1.21B,$0.09B,7.60%,$1.21B,$0.07B,5.54%,$0.07B,$1.08B,6.15%,$0.07B,$0.72B,9.17%,$0.07B,$3.54B,1.97%,$0.20B,$2.27B,9.22%,$249,$87,$163,$0,$91,$202,$48,$-37,$11,$-1,$13,$12,$12,$78,$48,$39,39,$0.32,$0.32,$76,$145,$149,$645,$2363,$18,$358,$33,$2896,$3540,$639,$1188,$353,$1821,$2460,$39,$467,$-22,$1080,$3540,$35,$89,$46,$135,$9,$-40,$-21,$2,$-51,$126,$-256,$0,$-2,$0,$0,$0,$4,$-254,$142,$-20,$123,$3,$3,$-42,$-10,$74,$-54,$3,$-42
33,2010-06-30,21.22,$27.61,0.77,$30.54,0.69,$2.89,7.34,$1.38,15.38,$0.55B,$0.69B,0.8,$0.99B,$1.08B,0.92,$1.19B,$0.63B,53.16%,$1.19B,$0.17B,13.98%,$1.19B,$0.17B,13.98%,$1.19B,$0.28B,23.76%,$1.19B,$0.07B,6.23%,$1.19B,$0.05B,4.47%,$0.05B,$1.08B,4.89%,$0.05B,$0.72B,7.30%,$0.05B,$3.37B,1.60%,$0.17B,$2.07B,8.24%,$256,$98,$159,$0,$97,$226,$31,$-45,$-14,$-5,$-9,$-9,$-9,$61,$31,$39,39,$-0.22,$-0.22,$80,$135,$110,$553,$2289,$18,$358,$31,$2817,$3370,$694,$990,$332,$1594,$2288,$39,$468,$-20,$1082,$3370,$23,$59,$25,$84,$94,$-20,$-50,$10,$34,$144,$-165,$0,$-2,$0,$0,$0,$4,$-163,$-56,$61,$4,$2,$2,$-28,$-8,$-30,$-49,$2,$-28
34,2010-03-31,22.36,$28.28,0.79,$30.61,0.73,$7.75,2.89,$2.24,9.98,$0.63B,$0.67B,0.93,$0.99B,$1.11B,0.9,$1.19B,$0.62B,51.94%,$1.19B,$0.16B,13.55%,$1.19B,$0.16B,13.55%,$1.19B,$0.28B,23.23%,$1.19B,$0.13B,10.52%,$1.19B,$0.09B,7.32%,$0.09B,$1.11B,8.03%,$0.09B,$0.75B,12.01%,$0.09B,$3.36B,2.69%,$0.16B,$2.10B,8.27%,$427,$236,$190,$0,$94,$357,$70,$-22,$48,$16,$31,$31,$31,$98,$70,$39,39,$0.81,$0.81,$163,$91,$124,$626,$2215,$18,$358,$24,$2733,$3359,$672,$994,$315,$1579,$2251,$39,$491,$-16,$1108,$3359,$31,$28,$9,$37,$24,$22,$-25,$5,$26,$89,$-75,$0,$0,$0,$0,$0,$-3,$-78,$-33,$59,$25,$2,$2,$-14,$-0,$12,$23,$1,$-14
35,2009-12-31,19.35,$27.84,0.7,$31.03,0.62,$12.09,1.6,$2.11,9.17,$0.63B,$0.65B,0.97,$1.02B,$1.09B,0.94,$1.20B,$0.60B,50.38%,$1.20B,$0.12B,10.34%,$1.20B,$0.12B,10.34%,$1.20B,$0.25B,20.43%,$1.20B,$0.11B,9.09%,$1.20B,$0.08B,6.84%,$0.08B,$1.09B,7.63%,$0.08B,$0.73B,11.49%,$0.08B,$3.32B,2.59%,$0.12B,$2.10B,6.87%,$278,$128,$150,$0,$190,$230,$48,$-0,$47,$17,$31,$31,$33,$76,$48,$39,39,$0.84,$0.85,$130,$123,$90,$625,$2161,$19,$358,$20,$2693,$3318,$645,$1016,$310,$1588,$2233,$39,$474,$-19,$1085,$3318,$82,$121,$-30,$91,$27,$37,$4,$30,$98,$271,$-262,$0,$0,$0,$0,$0,$-8,$-270,$541,$-539,$2,$5,$5,$-55,$-8,$-56,$-56,$4,$-55
36,2009-09-30,18.02,$27.34,0.66,$34.53,0.52,$7.07,2.55,$-1.32,0.0,$0.56B,$0.83B,0.67,$0.72B,$1.06B,0.68,$1.33B,$0.64B,48.46%,$1.33B,$0.04B,2.86%,$1.33B,$0.04B,2.86%,$1.33B,$0.17B,12.57%,$1.33B,$-0.09B,-6.55%,$1.33B,$-0.05B,-3.76%,$-0.05B,$1.06B,-4.69%,$-0.05B,$0.70B,-7.11%,$-0.05B,$3.17B,-1.57%,$0.04B,$1.78B,2.28%,$226,$94,$132,$0,$85,$209,$17,$-24,$-7,$-3,$-4,$-4,$-2,$47,$17,$39,39,$-0.06,$-0.06,$138,$100,$101,$561,$2096,$19,$358,$13,$2608,$3168,$831,$719,$327,$1274,$2106,$39,$455,$-20,$1063,$3168,$49,$93,$-5,$88,$157,$23,$-102,$54,$133,$271,$-160,$0,$0,$0,$0,$0,$9,$-151,$246,$-353,$-107,$2,$2,$-41,$-5,$-150,$-31,$2,$-41
37,2009-06-30,16.24,$27.81,0.58,$36.29,0.45,$0.58,27.78,$3.03,5.36,$0.53B,$0.75B,0.71,$0.72B,$1.08B,0.67,$1.40B,$0.67B,48.24%,$1.40B,$0.06B,4.59%,$1.40B,$0.06B,4.59%,$1.40B,$0.19B,13.91%,$1.40B,$-0.05B,-3.73%,$1.40B,$0.12B,8.39%,$0.12B,$1.08B,10.75%,$0.12B,$0.72B,16.38%,$0.12B,$3.11B,3.66%,$0.06B,$1.80B,3.91%,$257,$112,$145,$0,$90,$232,$26,$11,$37,$14,$23,$25,$25,$55,$26,$39,39,$0.64,$0.64,$122,$89,$122,$532,$2046,$20,$364,$16,$2580,$3112,$745,$719,$334,$1287,$2032,$39,$471,$-16,$1080,$3112,$51,$63,$-21,$41,$165,$32,$-112,$69,$154,$246,$-79,$0,$0,$0,$0,$0,$3,$-77,$246,$-433,$-187,$2,$2,$-28,$-3,$-216,$-46,$1,$-28
38,2009-03-31,12.41,$27.62,0.45,$33.62,0.37,$-5.96,0.0,$2.97,4.18,$0.54B,$0.97B,0.55,$0.47B,$1.07B,0.44,$1.29B,$0.63B,49.11%,$1.29B,$0.06B,4.96%,$1.29B,$0.06B,4.96%,$1.29B,$0.19B,14.33%,$1.29B,$-0.07B,-5.58%,$1.29B,$0.11B,8.83%,$0.11B,$1.07B,10.75%,$0.11B,$0.71B,14.72%,$0.11B,$3.08B,3.69%,$0.06B,$1.54B,4.12%,$438,$261,$177,$0,$93,$404,$33,$-1,$32,$6,$26,$26,$26,$67,$33,$39,39,$0.69,$0.68,$122,$59,$110,$536,$2000,$20,$364,$24,$2545,$3081,$974,$471,$342,$1036,$2010,$39,$460,$-12,$1072,$3081,$26,$33,$3,$36,$124,$66,$-84,$39,$145,$200,$-19,$0,$0,$0,$0,$0,$8,$-11,$-0,$-224,$-224,$1,$1,$-14,$1,$-236,$-47,$0,$-14
39,2008-12-31,18.42,$27.19,0.68,$26.24,0.7,$-10.73,0.0,$2.73,6.75,$0.80B,$1.25B,0.64,$0.50B,$1.05B,0.48,$1.01B,$0.56B,55.37%,$1.01B,$0.06B,5.67%,$1.01B,$0.06B,5.67%,$1.01B,$0.16B,16.20%,$1.01B,$-0.09B,-8.65%,$1.01B,$0.11B,10.44%,$0.11B,$1.05B,10.15%,$0.11B,$0.69B,12.56%,$0.11B,$3.38B,3.56%,$0.06B,$1.55B,3.71%,$408,$218,$190,$0,$181,$446,$-38,$-111,$-149,$-51,$-97,$-97,$-99,$-2,$-38,$38,38,$-2.57,$-2.56,$168,$118,$125,$800,$2022,$23,$364,$28,$2580,$3380,$1254,$501,$351,$1076,$2329,$39,$447,$-19,$1051,$3380,$105,$107,$59,$167,$-51,$15,$-21,$-68,$-126,$146,$-329,$0,$-103,$0,$0,$0,$-25,$-457,$-130,$667,$537,$3,$3,$-54,$-87,$399,$87,$3,$-54
40,2008-09-30,20.92,$29.89,0.7,$18.90,1.11,$-4.57,0.0,$5.93,3.53,$0.68B,$1.12B,0.61,$0.50B,$1.15B,0.44,$0.72B,$0.45B,62.79%,$0.72B,$0.12B,15.91%,$0.72B,$0.12B,15.91%,$0.72B,$0.20B,28.08%,$0.72B,$0.08B,11.20%,$0.72B,$0.23B,31.54%,$0.23B,$1.15B,22.47%,$0.23B,$0.75B,25.21%,$0.23B,$3.23B,8.38%,$0.12B,$1.65B,7.58%,$292,$131,$161,$0,$87,$249,$43,$-14,$28,$10,$18,$20,$165,$74,$43,$38,38,$4.30,$4.29,$164,$174,$117,$683,$2049,$22,$401,$20,$2543,$3227,$1121,$501,$215,$957,$2077,$38,$561,$-30,$1149,$3227,$204,$71,$-73,$-2,$112,$-47,$-118,$-67,$-122,$80,$-219,$0,$-102,$-7,$0,$-7,$-30,$-358,$-130,$591,$461,$3,$3,$-40,$-74,$349,$71,$0,$-40
41,2008-06-30,21.36,$25.22,0.85,$14.72,1.45,$0.70,30.63,$2.10,10.17,$1.16B,$0.82B,1.41,$0.50B,$0.97B,0.52,$0.56B,$0.38B,68.45%,$0.56B,$0.09B,16.04%,$0.56B,$0.09B,16.04%,$0.56B,$0.17B,29.77%,$0.56B,$0.07B,11.94%,$0.56B,$0.08B,14.26%,$0.08B,$0.97B,8.25%,$0.08B,$0.96B,8.37%,$0.08B,$2.66B,3.19%,$0.09B,$1.47B,6.22%,$153,$47,$106,$0,$60,$128,$26,$-9,$17,$6,$11,$13,$22,$46,$26,$38,38,$0.58,$0.58,$50,$147,$86,$1155,$1428,$19,$14,$28,$1507,$2662,$817,$501,$157,$877,$1694,$38,$410,$-58,$969,$2662,$39,$40,$22,$62,$-33,$-42,$23,$-2,$-54,$41,$-127,$0,$0,$-7,$0,$-7,$-32,$-167,$-130,$246,$116,$2,$2,$-27,$-6,$85,$-40,$0,$-27
42,2008-03-31,23.6,$25.28,0.93,$14.24,1.66,$2.61,9.05,$2.18,10.83,$1.08B,$0.70B,1.56,$0.50B,$0.97B,0.52,$0.54B,$0.38B,69.74%,$0.54B,$0.10B,17.71%,$0.54B,$0.10B,17.71%,$0.54B,$0.16B,30.26%,$0.54B,$0.08B,14.39%,$0.54B,$0.08B,15.31%,$0.08B,$0.97B,8.56%,$0.08B,$0.96B,8.68%,$0.08B,$2.53B,3.40%,$0.10B,$1.47B,6.75%,$153,$52,$100,$0,$56,$127,$26,$-8,$17,$6,$12,$12,$17,$45,$26,$38,38,$0.44,$0.44,$84,$81,$61,$1084,$1376,$17,$14,$15,$1441,$2525,$695,$503,$148,$860,$1555,$38,$401,$-52,$970,$2525,$17,$19,$21,$40,$-22,$22,$-9,$7,$-1,$54,$-57,$0,$0,$-7,$0,$-7,$-17,$-81,$-0,$36,$36,$2,$2,$-13,$-3,$22,$-5,$0,$-13
43,2007-12-31,28.83,$25.60,1.13,$15.51,1.86,$4.21,6.85,$2.65,10.88,$1.07B,$0.64B,1.67,$0.50B,$0.97B,0.52,$0.58B,$0.41B,71.70%,$0.58B,$0.13B,21.88%,$0.58B,$0.13B,21.88%,$0.58B,$0.20B,34.38%,$0.58B,$0.11B,18.92%,$0.58B,$0.10B,17.01%,$0.10B,$0.97B,10.16%,$0.10B,$0.96B,10.41%,$0.10B,$2.47B,4.12%,$0.13B,$1.47B,8.74%,$125,$37,$87,$0,$55,$105,$20,$-0,$19,$4,$16,$13,$24,$38,$20,$37,37,$0.60,$0.61,$82,$89,$49,$1065,$1338,$19,$11,$17,$1404,$2470,$639,$503,$145,$861,$1500,$38,$397,$-25,$970,$2470,$99,$72,$64,$136,$-28,$18,$50,$-19,$21,$256,$-205,$0,$0,$0,$0,$0,$-59,$-264,$75,$-109,$-34,$151,$151,$-50,$-15,$52,$44,$0,$-50
44,2007-09-30,26.59,$25.62,1.04,$13.94,1.91,$1.63,16.36,$2.65,10.03,$0.99B,$0.65B,1.52,$0.40B,$0.97B,0.42,$0.51B,$0.35B,67.65%,$0.51B,$0.10B,18.63%,$0.51B,$0.10B,18.63%,$0.51B,$0.15B,29.22%,$0.51B,$0.09B,17.65%,$0.51B,$0.10B,18.63%,$0.10B,$0.97B,10.33%,$0.10B,$0.96B,10.72%,$0.10B,$2.36B,4.09%,$0.10B,$1.37B,6.65%,$130,$39,$91,$0,$51,$112,$18,$-4,$14,$4,$11,$11,$17,$38,$18,$38,38,$0.47,$0.46,$82,$85,$43,$993,$1300,$24,$12,$35,$1371,$2364,$652,$402,$146,$745,$1397,$38,$387,$-15,$968,$2364,$75,$54,$18,$72,$23,$25,$9,$1,$59,$206,$-143,$0,$0,$0,$0,$0,$-17,$-160,$-26,$-78,$-104,$150,$150,$-37,$-10,$-2,$44,$0,$-37
45,2007-06-30,25.55,$25.71,0.99,$15.22,1.68,$0.60,42.58,$2.85,8.96,$1.04B,$0.70B,1.49,$0.40B,$0.97B,0.41,$0.54B,$0.36B,67.66%,$0.54B,$0.12B,21.93%,$0.54B,$0.12B,21.93%,$0.54B,$0.18B,32.71%,$0.54B,$0.11B,19.52%,$0.54B,$0.10B,18.59%,$0.10B,$0.97B,11.46%,$0.10B,$0.96B,12.07%,$0.10B,$2.40B,4.40%,$0.12B,$1.37B,8.20%,$134,$33,$100,$0,$51,$102,$32,$-4,$28,$9,$19,$19,$25,$43,$32,$38,38,$0.67,$0.66,$41,$125,$64,$1039,$1270,$24,$12,$58,$1364,$2403,$698,$402,$135,$735,$1433,$38,$382,$-6,$970,$2403,$58,$34,$12,$47,$-16,$-15,$15,$-15,$-31,$85,$-97,$0,$0,$0,$0,$0,$-15,$-112,$-26,$-62,$-88,$149,$149,$-24,$-7,$30,$3,$0,$-24
46,2007-03-31,23.44,$25.22,0.93,$16.30,1.44,$-0.38,0.0,$2.54,9.23,$0.46B,$0.40B,1.16,$0.60B,$0.95B,0.64,$0.56B,$0.37B,66.13%,$0.56B,$0.12B,21.15%,$0.56B,$0.12B,21.15%,$0.56B,$0.19B,33.69%,$0.56B,$0.10B,17.38%,$0.56B,$0.09B,15.59%,$0.09B,$0.95B,10.60%,$0.09B,$0.90B,11.37%,$0.09B,$2.29B,3.99%,$0.12B,$1.55B,8.13%,$187,$51,$135,$0,$56,$131,$56,$-8,$48,$16,$32,$33,$32,$79,$56,$35,36,$0.92,$0.91,$80,$110,$47,$462,$1682,$24,$54,$65,$1824,$2286,$400,$603,$130,$936,$1336,$38,$370,$-11,$950,$2286,$32,$23,$11,$34,$41,$12,$5,$-32,$26,$93,$-39,$0,$0,$0,$0,$0,$1,$-38,$-4,$-146,$-149,$147,$147,$-11,$-0,$-14,$41,$0,$-11
47,2006-12-31,23.35,$23.68,0.99,$16.19,1.44,$-1.17,0.0,$2.41,9.69,$0.48B,$0.53B,0.9,$0.63B,$0.79B,0.8,$0.54B,$0.35B,64.83%,$0.54B,$0.10B,18.60%,$0.54B,$0.10B,18.60%,$0.54B,$0.17B,31.12%,$0.54B,$0.08B,14.18%,$0.54B,$0.08B,14.92%,$0.08B,$0.79B,10.49%,$0.08B,$0.74B,11.31%,$0.08B,$2.25B,3.86%,$0.10B,$1.42B,7.12%,$59,$41,$19,$0,$29,$70,$-11,$10,$-0,$-1,$1,$2,$21,$-11,$-11,$33,34,$0.63,$0.63,$39,$93,$78,$475,$1646,$24,$55,$45,$1770,$2245,$529,$628,$118,$926,$1455,$33,$348,$-1,$790,$2245,$81,$68,$49,$116,$-3,$-8,$23,$51,$63,$260,$-301,$0,$41,$0,$0,$0,$-8,$-269,$-4,$91,$86,$3,$3,$-44,$-34,$12,$3,$0,$-44
