,Date,Stock Price,Book Value per Share,Price to Book Ratio,TTM Sales per Share,Price to Sales Ratio,TTM FCF per Share,Price to FCF Ratio,TTM Net EPS,PE Ratio,Current Assets,Current Liabilities,Current Ratio,Long Term Debt,Shareholder's Equity_x,Debt to Equity Ratio,TTM Revenue_x,TTM Gross Profit,Gross Margin,TTM Revenue_y,TTM Operating Income,Operating Margin,TTM Revenue_x,TTM EBIT,EBIT Margin,TTM Revenue_y,TTM EBITDA,EBITDA Margin,TTM Revenue_x,TTM Pre-Tax Income,Pre-Tax Margin,TTM Revenue_y,TTM Net Income_x,Net Margin,TTM Net Income_y,Shareholder's Equity_y,Return on Equity,TTM Net Income_x,Tangible Equity,Return on Tangible Equity,TTM Net Income_y,Total Assets,Return on Assets,TTM Net Income,LT Investments & Debt,Return on Investment,revenue,cost-goods-sold,gross-profit,research-development-expenses,selling-general-administrative-expenses,operating-expenses,operating-income,total-non-operating-income-expense,pre-tax-income,total-provision-income-taxes,income-after-taxes,income-from-continuous-operations,net-income,ebitda,ebit,basic-shares-outstanding,shares-outstanding,eps-basic-net-earnings-per-share,eps-earnings-per-share-diluted,cash-on-hand,inventory,other-current-assets,total-current-assets,net-property-plant-equipment,long-term-investments,goodwill-intangible-assets-total,other-long-term-assets,total-long-term-assets,total-assets,total-current-liabilities,long-term-debt,other-non-current-liabilities,total-long-term-liabilities,total-liabilities,common-stock-net,retained-earnings-accumulated-deficit,comprehensive-income,total-share-holder-equity,total-liabilities-share-holders-equity,net-income-loss,total-depreciation-amortization-cash-flow,other-non-cash-items,total-non-cash-items,change-in-accounts-receivable,change-in-inventories,change-in-accounts-payable,change-in-assets-liabilities,total-change-in-assets-liabilities,cash-flow-from-operating-activities,net-change-in-property-plant-equipment,net-change-in-intangible-assets,net-acquisitions-divestitures,net-change-in-short-term-investments,net-change-in-long-term-investments,net-change-in-investments-total,investing-activities-other,cash-flow-from-investing-activities,net-long-term-debt,net-current-debt,debt-issuance-retirement-net-total,net-common-equity-issued-repurchased,net-total-equity-issued-repurchased,total-common-preferred-stock-dividends-paid,financial-activities-other,cash-flow-from-financial-activities,net-cash-flow,stock-based-compensation,common-stock-dividends-paid
0,2018-09-30,1984.0,$213.43,9.3,$290.03,6.84,$438.48,4.52,$21.06,94.21,$9.47B,$3.93B,2.41,$9.85B,$9.95B,0.99,$14.12B,$14.07B,99.66%,$14.12B,$5.18B,36.72%,$14.12B,$5.18B,36.72%,$14.12B,$5.66B,40.12%,$14.12B,$5.14B,36.44%,$14.12B,$2.80B,19.81%,$2.80B,$9.95B,26.44%,$2.80B,$4.99B,49.65%,$2.80B,$24.37B,11.17%,$5.18B,$19.80B,25.77%,$4849,$0,$4849,$0,$2495,$2603,$2247,$-6,$2241,$473,$1768,$1768,$1768,$2368,$2247,$47,48,$37.39,$37.02,$7131,$0,$0,$9468,$643,$9114,$4962,$183,$14903,$24370,$3930,$9849,$149,$10488,$14419,$0,$17721,$-234,$9952,$24370,$3352,$363,$209,$571,$-450,$0,$0,$-224,$331,$4254,$4140,$0,$-139,$0,$-2195,$-2195,$0,$1806,$-1488,$4,$-1484,$-4109,$-4109,$0,$0,$-5592,$431,$226,$0
1,2018-06-30,2027.09,$219.26,9.25,$277.21,7.31,$377.48,5.37,$55.49,36.53,$10.03B,$5.22B,1.92,$8.96B,$10.47B,0.86,$13.70B,$13.60B,99.26%,$13.70B,$5.04B,36.78%,$13.70B,$5.04B,36.78%,$13.70B,$5.51B,40.24%,$13.70B,$4.97B,36.27%,$13.70B,$2.75B,20.06%,$2.75B,$10.47B,24.30%,$2.75B,$5.46B,43.16%,$2.75B,$25.30B,10.83%,$5.04B,$19.43B,24.49%,$3537,$0,$3537,$0,$2209,$2316,$1221,$-12,$1209,$232,$977,$977,$977,$1342,$1221,$48,49,$20.34,$20.13,$7332,$0,$0,$10033,$613,$9445,$5013,$191,$15263,$25296,$5222,$8955,$144,$9601,$14824,$0,$15953,$-76,$10473,$25296,$1585,$241,$114,$355,$-392,$0,$0,$-586,$351,$2290,$3262,$0,$-139,$0,$-1360,$-1360,$0,$1763,$-1487,$3,$-1484,$-1904,$-1904,$0,$0,$-3388,$645,$150,$0
2,2018-03-31,2080.39,$220.45,9.44,$264.78,7.86,$321.75,6.47,$49.75,41.82,$9.51B,$4.45B,2.14,$9.29B,$10.64B,0.87,$13.19B,$13.02B,98.71%,$13.19B,$4.71B,35.72%,$13.19B,$4.71B,35.72%,$13.19B,$5.17B,39.20%,$13.19B,$4.62B,35.06%,$13.19B,$2.49B,18.89%,$2.49B,$10.64B,21.50%,$2.49B,$5.74B,36.55%,$2.49B,$25.02B,10.00%,$4.71B,$19.93B,22.97%,$2928,$0,$2928,$0,$2095,$2198,$730,$23,$753,$146,$607,$607,$607,$851,$730,$48,49,$12.56,$12.34,$6863,$0,$0,$9505,$573,$9433,$4895,$613,$15514,$25019,$4447,$9293,$161,$9935,$14383,$0,$14976,$56,$10636,$25019,$607,$120,$54,$174,$-96,$0,$0,$-677,$-141,$640,$2349,$0,$0,$0,$-714,$-714,$0,$1636,$-1487,$0,$-1487,$-718,$-718,$0,$0,$-2205,$81,$72,$0
3,2017-12-31,1737.74,$232.31,7.48,$253.63,6.85,$280.71,6.19,$46.52,37.35,$9.04B,$3.50B,2.58,$10.06B,$11.26B,0.89,$12.68B,$12.43B,98.03%,$12.68B,$4.54B,35.78%,$12.68B,$4.54B,35.78%,$12.68B,$4.98B,39.27%,$12.68B,$4.40B,34.69%,$12.68B,$2.34B,18.46%,$2.34B,$11.26B,20.12%,$2.34B,$6.35B,33.45%,$2.34B,$25.45B,9.68%,$4.54B,$21.32B,22.62%,$2803,$49,$2755,$0,$1671,$1817,$986,$-46,$941,$1496,$-555,$-555,$-555,$1103,$986,$49,50,$-11.26,$-11.07,$7401,$0,$0,$9035,$480,$10873,$4914,$149,$16416,$25451,$3498,$10064,$148,$10693,$14191,$0,$13939,$237,$11261,$25451,$2341,$442,$301,$743,$-270,$0,$0,$1161,$1578,$4662,$-288,$0,$-1003,$3580,$-6491,$-2911,$0,$-4202,$1744,$0,$1744,$-1823,$-1823,$0,$0,$-79,$481,$261,$0
4,2017-09-30,1830.82,$248.82,7.36,$244.43,7.49,$268.33,6.82,$71.40,25.64,$9.13B,$3.62B,2.52,$8.74B,$12.88B,0.68,$12.23B,$11.95B,97.76%,$12.23B,$4.34B,35.51%,$12.23B,$4.34B,35.51%,$12.23B,$4.77B,38.99%,$12.23B,$4.22B,34.52%,$12.23B,$3.57B,29.20%,$3.57B,$12.88B,31.66%,$3.57B,$7.93B,52.75%,$3.57B,$25.79B,15.68%,$4.34B,$21.61B,23.18%,$4434,$54,$4380,$0,$2182,$2332,$2102,$-35,$2067,$346,$1720,$1720,$1720,$2218,$2102,$49,50,$35.12,$34.43,$7253,$0,$0,$9125,$458,$11114,$4946,$147,$16665,$25789,$3624,$8736,$144,$9288,$12912,$0,$14513,$654,$12877,$25789,$2896,$325,$211,$536,$-479,$0,$0,$-105,$57,$3488,$2248,$0,$-553,$0,$-5338,$-5338,$0,$-3643,$1940,$0,$1940,$-1119,$-1119,$0,$0,$821,$766,$193,$0
5,2017-06-30,1870.52,$236.25,7.92,$229.54,8.15,$207.94,9.0,$47.10,39.71,$8.27B,$3.76B,2.2,$7.58B,$11.59B,0.65,$11.48B,$11.16B,97.20%,$11.48B,$3.07B,26.75%,$11.48B,$3.07B,26.75%,$11.48B,$4.42B,38.50%,$11.48B,$2.95B,25.71%,$11.48B,$2.36B,20.52%,$2.36B,$11.59B,22.43%,$2.36B,$7.26B,38.48%,$2.36B,$23.46B,11.04%,$3.07B,$19.17B,17.68%,$3025,$67,$2957,$0,$1978,$2131,$893,$-30,$863,$143,$720,$720,$720,$999,$893,$49,50,$14.66,$14.39,$6356,$0,$0,$8273,$425,$10264,$4333,$164,$15186,$23458,$3757,$7580,$135,$8112,$11869,$0,$12793,$574,$11590,$23458,$1176,$209,$112,$321,$-334,$0,$0,$-436,$105,$1602,$1333,$0,$-0,$0,$-2870,$-2870,$0,$-1537,$968,$5,$973,$-552,$-552,$0,$0,$420,$553,$126,$0
6,2017-03-31,1779.97,$219.83,8.1,$220.18,8.08,$174.35,10.21,$44.31,40.17,$6.99B,$3.25B,2.15,$7.31B,$10.81B,0.68,$11.01B,$10.63B,96.55%,$11.01B,$2.91B,26.43%,$11.01B,$2.91B,26.43%,$11.01B,$4.25B,38.60%,$11.01B,$2.78B,25.26%,$11.01B,$2.22B,20.13%,$2.22B,$10.81B,22.33%,$2.22B,$6.46B,42.10%,$2.22B,$21.99B,10.87%,$2.91B,$18.12B,17.42%,$2419,$80,$2339,$0,$1699,$1863,$556,$-29,$528,$72,$456,$456,$456,$660,$556,$49,50,$9.26,$9.11,$5370,$0,$0,$6988,$381,$10141,$4354,$130,$15006,$21994,$3248,$7309,$129,$7935,$11183,$0,$12073,$247,$10811,$21994,$456,$103,$48,$151,$-78,$0,$0,$-454,$-226,$381,$606,$0,$-0,$0,$-1499,$-1499,$0,$-893,$1052,$0,$1052,$-208,$-208,$0,$0,$843,$353,$59,$0
7,2016-12-31,1466.06,$199.65,7.34,$214.67,6.83,$160.45,9.14,$42.67,34.36,$5.40B,$2.86B,1.89,$6.20B,$9.82B,0.63,$10.74B,$10.31B,96.01%,$10.74B,$2.91B,27.04%,$10.74B,$2.91B,27.04%,$10.74B,$4.23B,39.40%,$10.74B,$2.71B,25.26%,$10.74B,$2.14B,19.87%,$2.14B,$9.82B,22.50%,$2.14B,$5.43B,47.04%,$2.14B,$19.84B,10.96%,$2.91B,$16.02B,18.13%,$2348,$72,$2276,$0,$1406,$1558,$790,$-28,$763,$89,$674,$674,$674,$890,$790,$49,50,$13.65,$13.45,$4300,$0,$0,$5402,$347,$9591,$4391,$109,$14437,$19839,$2859,$6199,$139,$7160,$10019,$0,$11327,$-135,$9820,$19839,$2135,$1327,$308,$1635,$-284,$0,$0,$-16,$214,$3984,$-220,$0,$-56,$3684,$-6741,$-3057,$0,$-3333,$995,$0,$995,$-996,$-996,$0,$0,$-1,$604,$250,$0
8,2016-09-30,1471.49,$198.62,7.41,$206.52,7.13,$143.99,10.22,$39.20,37.54,$5.83B,$2.91B,2.01,$6.38B,$9.80B,0.65,$10.40B,$9.92B,95.40%,$10.40B,$2.77B,26.68%,$10.40B,$2.77B,26.68%,$10.40B,$4.09B,39.35%,$10.40B,$2.57B,24.70%,$10.40B,$1.97B,18.90%,$1.97B,$9.80B,21.29%,$1.97B,$5.35B,49.20%,$1.97B,$20.03B,10.41%,$2.77B,$16.18B,17.59%,$3691,$101,$3589,$0,$1736,$2857,$833,$-36,$798,$292,$506,$506,$506,$1872,$833,$49,50,$10.24,$10.13,$4379,$0,$0,$5834,$340,$9296,$4457,$107,$14200,$20034,$2906,$6382,$141,$7325,$10231,$0,$10653,$322,$9803,$20034,$1461,$1227,$271,$1498,$-470,$0,$0,$-125,$-72,$2887,$-168,$0,$-49,$0,$-1985,$-1985,$0,$-2203,$995,$0,$995,$-741,$-741,$0,$0,$254,$945,$175,$0
9,2016-06-30,1248.41,$187.45,6.66,$193.36,6.46,$130.54,9.56,$52.48,23.79,$5.91B,$2.21B,2.68,$7.26B,$9.28B,0.78,$9.81B,$9.28B,94.58%,$9.81B,$3.43B,34.96%,$9.81B,$3.43B,34.96%,$9.81B,$3.79B,38.69%,$9.81B,$3.23B,32.89%,$9.81B,$2.66B,27.08%,$2.66B,$9.28B,29.80%,$2.66B,$3.83B,78.30%,$2.66B,$19.69B,14.74%,$3.43B,$16.53B,22.56%,$2556,$126,$2430,$0,$1620,$1823,$732,$-40,$693,$112,$581,$581,$581,$829,$732,$50,50,$11.71,$11.60,$4372,$0,$0,$5914,$320,$7954,$5443,$55,$13773,$19687,$2210,$7255,$144,$8203,$10412,$0,$10147,$135,$9275,$19687,$955,$189,$182,$370,$-344,$0,$0,$-298,$42,$1367,$-114,$0,$-1,$2177,$-2702,$-525,$0,$-639,$995,$0,$995,$-511,$-511,$0,$0,$484,$1216,$121,$0
10,2016-03-31,1288.96,$182.37,7.07,$186.12,6.93,$121.39,10.62,$50.82,25.36,$4.87B,$1.99B,2.45,$6.32B,$9.05B,0.7,$9.53B,$8.94B,93.78%,$9.53B,$3.38B,35.41%,$9.53B,$3.38B,35.41%,$9.53B,$3.73B,39.14%,$9.53B,$3.18B,33.38%,$9.53B,$2.59B,27.20%,$2.59B,$9.05B,29.68%,$2.59B,$3.55B,81.76%,$2.59B,$18.34B,14.94%,$3.38B,$15.37B,23.18%,$2148,$129,$2019,$0,$1396,$1598,$550,$-90,$460,$86,$374,$374,$374,$642,$550,$50,50,$7.54,$7.47,$3384,$0,$0,$4865,$300,$7594,$5507,$69,$13470,$18335,$1988,$6321,$143,$7295,$9282,$0,$9566,$298,$9052,$18335,$374,$92,$116,$207,$-192,$0,$0,$-340,$-237,$345,$-53,$0,$-1,$0,$201,$201,$0,$147,$3,$100,$103,$-237,$-237,$0,$0,$-134,$380,$66,$0
11,2015-12-31,1274.95,$177.29,7.19,$178.40,7.15,$118.97,10.72,$49.71,25.65,$3.55B,$1.44B,2.47,$6.16B,$8.80B,0.7,$9.22B,$8.59B,93.14%,$9.22B,$3.26B,35.33%,$9.22B,$3.26B,35.33%,$9.22B,$3.61B,39.08%,$9.22B,$3.13B,33.91%,$9.22B,$2.55B,27.66%,$2.55B,$8.80B,29.57%,$2.55B,$3.25B,83.95%,$2.55B,$17.42B,15.03%,$3.26B,$14.95B,22.95%,$2000,$121,$1879,$0,$1151,$1342,$658,$-41,$617,$112,$504,$504,$504,$747,$658,$51,52,$9.98,$9.74,$2649,$0,$0,$3553,$275,$7931,$5543,$119,$13867,$17421,$1439,$6158,$135,$7186,$8625,$0,$9192,$245,$8795,$17421,$2551,$347,$314,$660,$-69,$0,$0,$-106,$-8,$3204,$-174,$0,$-140,$5084,$-8670,$-3585,$5,$-3895,$2251,$0,$2251,$-3068,$-3068,$0,$-15,$-831,$-1671,$249,$0
12,2015-09-30,1236.86,$169.93,7.28,$174.34,7.09,$112.73,10.97,$48.27,25.62,$4.30B,$1.58B,2.72,$5.42B,$8.53B,0.64,$9.06B,$8.39B,92.53%,$9.06B,$3.18B,35.08%,$9.06B,$3.18B,35.08%,$9.06B,$3.53B,38.89%,$9.06B,$3.06B,33.79%,$9.06B,$2.50B,27.57%,$2.50B,$8.53B,29.16%,$2.50B,$2.94B,84.66%,$2.50B,$16.62B,15.32%,$3.18B,$13.95B,23.46%,$3103,$156,$2947,$0,$1390,$1614,$1489,$-33,$1456,$259,$1197,$1197,$1197,$1576,$1489,$51,51,$23.67,$23.41,$3054,$0,$0,$4299,$257,$6328,$5590,$141,$12316,$16615,$1583,$5421,$131,$6505,$8088,$0,$8688,$-185,$8527,$16615,$2047,$258,$128,$385,$-290,$0,$0,$-113,$-211,$2221,$-127,$0,$-136,$0,$-2417,$-2417,$5,$-2674,$1463,$0,$1463,$-2248,$-2248,$0,$76,$-709,$-1307,$174,$0
13,2015-06-30,1151.37,$167.37,6.88,$167.14,6.89,$110.78,10.39,$44.89,25.65,$4.69B,$1.93B,2.43,$5.40B,$8.56B,0.63,$8.80B,$8.06B,91.62%,$8.80B,$3.01B,34.26%,$8.80B,$3.01B,34.26%,$8.80B,$3.35B,38.02%,$8.80B,$2.91B,33.11%,$8.80B,$2.36B,26.87%,$2.36B,$8.56B,27.42%,$2.36B,$2.95B,79.16%,$2.36B,$17.03B,14.82%,$3.01B,$13.96B,22.79%,$2280,$187,$2093,$0,$1347,$1602,$678,$-30,$648,$131,$517,$517,$517,$765,$678,$52,52,$10.02,$9.94,$3189,$0,$0,$4693,$246,$6395,$5613,$79,$12334,$17027,$1931,$5400,$146,$6538,$8469,$0,$7491,$-43,$8558,$17027,$850,$170,$87,$257,$-288,$0,$0,$-314,$-196,$911,$-84,$0,$-46,$0,$-2455,$-2455,$5,$-2580,$1463,$0,$1463,$-974,$-974,$0,$64,$554,$-1260,$115,$0
14,2015-03-31,1164.15,$166.49,6.99,$163.42,7.12,$110.09,10.57,$45.84,25.4,$5.97B,$1.70B,3.5,$5.30B,$8.63B,0.62,$8.64B,$7.85B,90.85%,$8.64B,$3.07B,35.52%,$8.64B,$3.07B,35.52%,$8.64B,$3.37B,38.95%,$8.64B,$2.98B,34.50%,$8.64B,$2.42B,28.04%,$2.42B,$8.63B,28.71%,$2.42B,$3.02B,69.52%,$2.42B,$16.84B,16.60%,$3.07B,$13.93B,25.29%,$1841,$168,$1672,$0,$1173,$1407,$434,$-27,$407,$74,$333,$333,$333,$517,$434,$52,52,$6.42,$6.36,$4636,$0,$0,$5967,$215,$4974,$5610,$76,$10875,$16842,$1703,$5304,$133,$6509,$8212,$0,$6974,$-225,$8630,$16842,$333,$83,$28,$112,$-121,$0,$0,$-317,$-236,$209,$-31,$0,$-26,$881,$-1969,$-1089,$5,$-1141,$1464,$0,$1464,$-300,$-300,$0,$50,$1214,$107,$55,$0
15,2014-12-31,1140.21,$164.96,6.91,$159.27,7.16,$109.47,10.42,$45.73,24.93,$5.11B,$1.38B,3.71,$3.82B,$8.57B,0.45,$8.44B,$7.58B,89.84%,$8.44B,$3.07B,36.41%,$8.44B,$3.07B,36.41%,$8.44B,$3.34B,39.56%,$8.44B,$2.99B,35.42%,$8.44B,$2.42B,28.68%,$2.42B,$8.57B,29.95%,$2.42B,$2.91B,63.04%,$2.42B,$14.77B,18.49%,$3.07B,$12.39B,28.22%,$1840,$165,$1675,$0,$1024,$1261,$579,$-27,$552,$100,$452,$452,$452,$667,$579,$52,53,$8.68,$8.50,$4292,$0,$0,$5114,$199,$3756,$5661,$42,$9657,$14771,$1379,$3824,$104,$4826,$6204,$0,$6641,$-260,$8567,$14771,$2422,$268,$250,$518,$-182,$0,$0,$-47,$-25,$2914,$-132,$0,$-2496,$10903,$-10552,$350,$-80,$-2358,$2140,$0,$2140,$-734,$-734,$0,$23,$1429,$1849,$189,$0
16,2014-09-30,1158.58,$166.81,6.95,$153.97,7.52,$99.29,11.67,$44.31,26.15,$7.30B,$1.59B,4.6,$3.89B,$8.73B,0.45,$8.14B,$7.24B,88.94%,$8.14B,$3.00B,36.79%,$8.14B,$3.00B,36.79%,$8.14B,$3.23B,39.65%,$8.14B,$2.89B,35.47%,$8.14B,$2.35B,28.82%,$2.35B,$8.73B,30.60%,$2.35B,$3.08B,56.63%,$2.35B,$15.18B,19.54%,$3.00B,$12.62B,30.08%,$2836,$217,$2620,$0,$1240,$1514,$1323,$-17,$1306,$243,$1062,$1062,$1062,$1396,$1323,$52,53,$20.27,$20.03,$6238,$0,$0,$7304,$204,$1965,$5658,$48,$7881,$15184,$1589,$3888,$108,$4862,$6451,$0,$6189,$-72,$8733,$15184,$1970,$179,$189,$368,$-353,$0,$0,$-35,$-179,$2159,$-91,$0,$-2496,$-7328,$9703,$2375,$-71,$-282,$2160,$0,$2160,$-233,$-233,$0,$-2,$1925,$3754,$122,$0
17,2014-06-30,1203.0,$149.20,8.06,$143.31,8.39,$92.17,13.05,$40.00,30.08,$8.51B,$1.51B,5.65,$1.77B,$7.82B,0.23,$7.58B,$6.61B,87.25%,$7.58B,$2.72B,35.90%,$7.58B,$2.72B,35.90%,$7.58B,$2.93B,38.72%,$7.58B,$2.60B,34.34%,$7.58B,$2.12B,27.95%,$2.12B,$7.82B,29.89%,$2.12B,$4.94B,49.54%,$2.12B,$11.60B,19.56%,$2.72B,$9.59B,30.75%,$2124,$241,$1883,$0,$1110,$1391,$733,$-17,$716,$139,$576,$576,$576,$786,$733,$52,53,$11.00,$10.89,$7180,$0,$0,$8509,$169,$0,$2882,$34,$3092,$11600,$1507,$1766,$107,$2269,$3776,$0,$5126,$78,$7824,$11600,$908,$106,$115,$221,$-313,$0,$0,$-262,$-262,$867,$-62,$0,$-101,$6078,$-4305,$1773,$-75,$1535,$-118,$0,$-118,$-88,$-88,$0,$12,$-193,$2214,$75,$0
18,2014-03-31,1191.89,$137.89,8.64,$135.46,8.8,$91.17,13.07,$37.50,31.78,$7.86B,$1.43B,5.49,$1.76B,$7.21B,0.24,$7.13B,$6.11B,85.69%,$7.13B,$2.54B,35.64%,$7.13B,$2.54B,35.64%,$7.13B,$2.74B,38.46%,$7.13B,$2.42B,33.95%,$7.13B,$1.98B,27.74%,$1.98B,$7.21B,30.01%,$1.98B,$4.44B,51.99%,$1.98B,$10.81B,19.04%,$2.54B,$8.97B,30.43%,$1642,$235,$1406,$0,$929,$1203,$439,$-23,$416,$85,$331,$331,$331,$491,$439,$52,53,$6.35,$6.25,$6726,$0,$0,$7856,$149,$0,$2770,$33,$2958,$10814,$1431,$1757,$81,$2173,$3604,$0,$4550,$93,$7209,$10814,$331,$52,$55,$107,$-94,$0,$0,$-315,$-262,$177,$-30,$0,$-3,$40,$0,$40,$-48,$-41,$-58,$0,$-58,$-89,$-89,$0,$5,$-142,$-2,$39,$0
19,2013-12-31,1162.4,$132.86,8.75,$129.84,8.95,$91.67,12.68,$36.01,32.28,$7.48B,$1.38B,5.41,$1.75B,$6.91B,0.25,$6.79B,$5.72B,84.15%,$6.79B,$2.41B,35.52%,$6.79B,$2.41B,35.52%,$6.79B,$2.59B,38.17%,$6.79B,$2.30B,33.80%,$6.79B,$1.89B,27.85%,$1.89B,$6.91B,32.68%,$1.89B,$4.12B,53.74%,$1.89B,$10.44B,20.12%,$2.41B,$8.66B,32.86%,$1541,$208,$1333,$0,$795,$1040,$501,$-51,$450,$72,$378,$378,$378,$556,$501,$51,52,$7.44,$7.24,$6763,$0,$0,$7481,$135,$0,$2788,$41,$2964,$10444,$1382,$1751,$76,$2153,$3535,$0,$4219,$85,$6910,$10444,$1893,$182,$174,$356,$-112,$0,$0,$-18,$53,$2301,$-84,$0,$-332,$8291,$-9956,$-1665,$-81,$-2162,$564,$0,$564,$-984,$-984,$0,$17,$-404,$-246,$142,$0
20,2013-09-30,1010.95,$125.28,8.07,$123.64,8.18,$83.09,12.17,$34.50,29.3,$7.49B,$1.83B,4.1,$1.77B,$6.40B,0.28,$6.44B,$5.32B,82.62%,$6.44B,$2.29B,35.48%,$6.44B,$2.29B,35.48%,$6.44B,$2.44B,37.89%,$6.44B,$2.20B,34.18%,$6.44B,$1.80B,27.98%,$1.80B,$6.40B,35.80%,$1.80B,$3.60B,54.94%,$1.80B,$10.45B,21.38%,$2.29B,$8.16B,35.79%,$2270,$281,$1989,$0,$906,$1223,$1047,$-27,$1020,$187,$833,$833,$833,$1101,$1047,$51,53,$16.22,$15.72,$6593,$0,$0,$7489,$120,$0,$2800,$36,$2957,$10446,$1826,$1768,$84,$2223,$4049,$0,$3841,$40,$6397,$10446,$1515,$126,$116,$242,$-284,$0,$0,$-7,$-10,$1747,$-57,$0,$-332,$-1759,$0,$-1759,$-54,$-2201,$980,$0,$980,$-989,$-989,$0,$11,$2,$-440,$92,$0
21,2013-06-30,826.67,$113.76,7.27,$114.13,7.24,$75.61,10.93,$30.44,27.16,$6.93B,$1.77B,3.91,$1.76B,$5.86B,0.3,$5.88B,$4.73B,80.47%,$5.88B,$2.00B,33.93%,$5.88B,$2.00B,33.93%,$5.88B,$2.12B,36.13%,$5.88B,$1.91B,32.54%,$5.88B,$1.57B,26.65%,$1.57B,$5.86B,36.18%,$1.57B,$3.07B,50.56%,$1.57B,$9.87B,21.24%,$2.00B,$7.62B,36.44%,$1680,$296,$1384,$0,$803,$1125,$555,$-19,$536,$98,$437,$437,$437,$595,$555,$51,52,$8.62,$8.39,$5953,$0,$0,$6926,$109,$0,$2790,$37,$2941,$9867,$1771,$1763,$88,$2238,$4010,$0,$3008,$-76,$5858,$9867,$682,$72,$62,$134,$-243,$0,$0,$-124,$-39,$776,$-36,$0,$-331,$-574,$0,$-574,$-45,$-986,$980,$0,$980,$-543,$-543,$0,$17,$454,$226,$57,$0
22,2013-03-31,688.16,$79.72,8.63,$107.79,6.38,$72.84,9.45,$28.93,23.79,$6.03B,$1.61B,3.76,$0.94B,$3.99B,0.24,$5.53B,$4.35B,78.74%,$5.53B,$1.90B,34.35%,$5.53B,$1.90B,34.35%,$5.53B,$2.02B,36.46%,$5.53B,$1.82B,32.99%,$5.53B,$1.48B,26.82%,$1.48B,$3.99B,41.18%,$1.48B,$3.30B,51.31%,$1.48B,$6.86B,23.64%,$1.90B,$4.93B,41.85%,$1302,$292,$1010,$0,$681,$992,$310,$-19,$290,$46,$244,$244,$244,$341,$310,$50,51,$4.89,$4.76,$5189,$0,$0,$6030,$93,$0,$693,$35,$825,$6855,$1605,$936,$281,$1259,$2864,$0,$2570,$-88,$3991,$6855,$244,$32,$19,$50,$-115,$0,$0,$-185,$-112,$183,$-15,$0,$-0,$17,$0,$17,$-18,$-16,$0,$0,$0,$-75,$-75,$0,$4,$-71,$75,$22,$0
23,2012-12-31,620.39,$78.14,7.94,$102.63,6.04,$72.85,8.52,$27.71,22.39,$5.68B,$1.46B,3.89,$0.94B,$3.90B,0.24,$5.26B,$4.08B,77.63%,$5.26B,$1.83B,34.78%,$5.26B,$1.83B,34.78%,$5.26B,$1.94B,36.88%,$5.26B,$1.76B,33.49%,$5.26B,$1.42B,26.99%,$1.42B,$3.90B,43.71%,$1.42B,$3.17B,56.14%,$1.42B,$6.57B,24.37%,$1.83B,$4.83B,43.71%,$1191,$251,$940,$0,$548,$816,$374,$-18,$356,$66,$290,$290,$289,$404,$374,$50,51,$5.79,$5.58,$5190,$0,$0,$5682,$89,$0,$731,$36,$887,$6570,$1462,$937,$229,$1211,$2673,$0,$2369,$-24,$3897,$6570,$1424,$110,$108,$218,$-105,$0,$0,$-7,$144,$1786,$-55,$0,$-34,$-1553,$0,$-1553,$79,$-1563,$1000,$0,$1000,$-315,$-315,$0,$-16,$669,$904,$72,$0
24,2012-09-30,619.07,$71.75,8.63,$98.78,6.27,$64.42,9.61,$26.49,23.37,$5.37B,$1.48B,3.64,$0.94B,$3.58B,0.26,$5.06B,$3.87B,76.45%,$5.06B,$1.76B,34.78%,$5.06B,$1.76B,34.78%,$5.06B,$1.86B,36.75%,$5.06B,$1.71B,33.69%,$5.06B,$1.36B,26.81%,$1.36B,$3.58B,46.50%,$1.36B,$2.87B,61.54%,$1.36B,$6.22B,26.21%,$1.76B,$4.52B,48.34%,$1706,$310,$1397,$0,$625,$951,$756,$-24,$731,$131,$600,$600,$597,$784,$756,$50,51,$11.97,$11.66,$4675,$0,$0,$5366,$82,$0,$710,$37,$852,$6218,$1475,$937,$48,$1165,$2640,$0,$2105,$-63,$3578,$6218,$1134,$80,$80,$160,$-233,$0,$0,$-91,$-5,$1289,$-39,$0,$-14,$0,$-1721,$-1721,$73,$-1701,$1000,$0,$1000,$-314,$-314,$0,$-8,$678,$266,$52,$0
25,2012-06-30,664.52,$58.76,11.31,$93.83,7.08,$60.13,11.05,$24.00,27.69,$4.58B,$1.37B,3.35,$0.94B,$2.93B,0.32,$4.81B,$3.57B,74.29%,$4.81B,$1.62B,33.69%,$4.81B,$1.62B,33.69%,$4.81B,$1.71B,35.61%,$4.81B,$1.59B,32.99%,$4.81B,$1.23B,25.56%,$1.23B,$2.93B,46.89%,$1.23B,$2.22B,64.51%,$1.23B,$5.43B,26.85%,$1.62B,$3.87B,51.75%,$1327,$323,$1004,$0,$530,$868,$458,$-13,$446,$93,$353,$353,$352,$486,$458,$50,51,$7.07,$6.88,$3949,$0,$0,$4578,$79,$0,$704,$38,$851,$5429,$1367,$938,$151,$1134,$2501,$0,$1525,$-108,$2928,$5429,$534,$52,$55,$107,$-177,$0,$0,$-95,$-27,$614,$-28,$0,$-13,$-1119,$0,$-1119,$59,$-1102,$1000,$0,$1000,$-315,$-315,$0,$-8,$678,$180,$34,$0
26,2012-03-31,717.5,$52.05,13.78,$89.51,8.02,$58.12,12.35,$22.14,32.41,$4.20B,$1.29B,3.26,$0.94B,$2.59B,0.36,$4.58B,$3.32B,72.36%,$4.58B,$1.49B,32.44%,$4.58B,$1.49B,32.44%,$4.58B,$1.57B,34.25%,$4.58B,$1.46B,31.78%,$4.58B,$1.13B,24.72%,$1.13B,$2.59B,47.48%,$1.13B,$1.86B,68.37%,$1.13B,$5.09B,27.91%,$1.49B,$3.53B,55.42%,$1037,$294,$743,$0,$486,$796,$242,$-13,$229,$47,$182,$182,$182,$266,$242,$50,51,$3.65,$3.54,$3623,$0,$0,$4203,$74,$0,$732,$41,$890,$5093,$1290,$938,$44,$1211,$2501,$0,$1163,$-51,$2592,$5093,$182,$24,$25,$49,$-58,$0,$0,$-144,$-49,$182,$-14,$0,$-13,$-376,$0,$-376,$32,$-372,$1000,$0,$1000,$-253,$-253,$0,$-16,$731,$559,$17,$0
27,2011-12-31,467.71,$51.69,9.05,$85.13,5.49,$60.07,7.79,$20.65,22.65,$3.07B,$1.11B,2.77,$0.08B,$2.57B,0.03,$4.36B,$3.08B,70.71%,$4.36B,$1.40B,32.12%,$4.36B,$1.40B,32.12%,$4.36B,$1.48B,33.88%,$4.36B,$1.37B,31.43%,$4.36B,$1.06B,24.24%,$1.06B,$2.57B,48.67%,$1.06B,$1.87B,73.67%,$1.06B,$3.97B,29.72%,$1.40B,$2.65B,62.03%,$991,$266,$725,$0,$407,$687,$304,$-5,$299,$73,$226,$226,$226,$324,$304,$50,51,$4.56,$4.39,$2661,$0,$0,$3067,$64,$0,$705,$23,$904,$3971,$1106,$77,$39,$291,$1396,$0,$1034,$-88,$2574,$3971,$1059,$78,$120,$198,$-126,$0,$0,$0,$85,$1342,$-47,$0,$-68,$-776,$0,$-776,$-14,$-905,$-0,$0,$-0,$-172,$-172,$0,$21,$-151,$274,$66,$0
28,2011-09-30,449.46,$48.01,9.36,$80.12,5.61,$49.59,9.06,$18.90,23.78,$2.88B,$1.18B,2.44,$0.08B,$2.39B,0.04,$4.10B,$2.83B,69.17%,$4.10B,$1.28B,31.35%,$4.10B,$1.28B,31.35%,$4.10B,$1.36B,33.23%,$4.10B,$1.25B,30.54%,$4.10B,$0.97B,23.58%,$0.97B,$2.39B,48.81%,$0.97B,$1.67B,78.30%,$0.97B,$3.82B,29.39%,$1.28B,$2.47B,59.31%,$1453,$353,$1100,$0,$470,$836,$616,$-5,$612,$139,$473,$473,$469,$636,$616,$50,51,$9.43,$9.17,$2408,$0,$0,$2882,$54,$0,$721,$21,$934,$3816,$1181,$83,$37,$244,$1425,$0,$858,$-60,$2390,$3816,$833,$58,$83,$140,$-202,$0,$0,$-4,$86,$1060,$-30,$0,$-68,$-701,$0,$-701,$-40,$-838,$-0,$0,$-0,$-171,$-171,$0,$15,$-157,$62,$41,$0
29,2011-06-30,511.93,$39.98,12.81,$71.55,7.15,$40.99,12.49,$14.14,36.2,$2.38B,$1.13B,2.11,$0.09B,$1.99B,0.04,$3.65B,$2.40B,65.82%,$3.65B,$1.01B,27.57%,$3.65B,$1.01B,27.57%,$3.65B,$1.08B,29.71%,$3.65B,$0.96B,26.28%,$3.65B,$0.72B,19.75%,$0.72B,$1.99B,40.20%,$0.72B,$1.23B,68.47%,$0.72B,$3.36B,23.85%,$1.01B,$2.08B,48.47%,$1103,$353,$749,$0,$411,$778,$325,$-8,$317,$60,$256,$256,$256,$344,$325,$50,51,$5.16,$5.02,$1950,$0,$0,$2376,$49,$0,$758,$17,$984,$3360,$1126,$88,$101,$244,$1370,$0,$397,$19,$1990,$3360,$360,$38,$52,$90,$-154,$0,$0,$-1,$49,$500,$-18,$0,$-67,$19,$0,$19,$-34,$-100,$-0,$0,$-0,$-168,$-168,$0,$12,$-156,$252,$27,$0
30,2011-03-31,506.44,$34.73,14.58,$65.07,7.78,$37.11,13.65,$11.38,44.5,$2.11B,$1.09B,1.94,$0.09B,$1.72B,0.05,$3.31B,$2.10B,63.31%,$3.31B,$0.85B,25.78%,$3.31B,$0.85B,25.78%,$3.31B,$0.93B,28.14%,$3.31B,$0.81B,24.39%,$3.31B,$0.58B,17.50%,$0.58B,$1.72B,35.32%,$0.58B,$0.97B,62.65%,$0.58B,$3.07B,20.75%,$0.85B,$1.82B,42.25%,$809,$304,$506,$0,$339,$655,$154,$-13,$141,$37,$104,$104,$105,$172,$154,$49,51,$2.12,$2.05,$1747,$0,$0,$2106,$44,$0,$760,$17,$960,$3065,$1087,$94,$47,$254,$1341,$0,$164,$10,$1724,$3065,$104,$18,$25,$43,$-56,$0,$0,$7,$129,$276,$-8,$0,$-66,$146,$0,$146,$-16,$55,$0,$0,$0,$-157,$-157,$0,$10,$-147,$192,$14,$0
31,2010-12-31,399.55,$36.90,10.83,$60.74,6.58,$33.84,11.81,$10.39,38.46,$1.96B,$0.47B,4.15,$0.48B,$1.81B,0.26,$3.08B,$1.91B,61.87%,$3.08B,$0.79B,25.52%,$3.08B,$0.79B,25.52%,$3.08B,$0.86B,27.92%,$3.08B,$0.75B,24.22%,$3.08B,$0.53B,17.12%,$0.53B,$1.81B,34.34%,$0.53B,$1.07B,59.36%,$0.53B,$2.91B,20.50%,$0.79B,$2.29B,39.09%,$731,$253,$478,$0,$277,$542,$189,$-8,$181,$46,$135,$135,$136,$209,$189,$48,51,$2.84,$2.62,$1663,$0,$0,$1957,$40,$0,$743,$14,$948,$2906,$471,$476,$43,$621,$1093,$0,$69,$-33,$1813,$2906,$528,$74,$124,$198,$-29,$0,$0,$-5,$51,$777,$-23,$0,$-112,$-741,$0,$-741,$35,$-841,$280,$0,$280,$-99,$-99,$0,$33,$213,$157,$68,$0
32,2010-09-30,348.34,$33.35,10.45,$57.34,6.08,$29.02,12.0,$9.28,37.54,$1.84B,$0.51B,3.63,$0.47B,$1.64B,0.29,$2.90B,$1.74B,60.21%,$2.90B,$0.72B,24.73%,$2.90B,$0.72B,24.73%,$2.90B,$0.78B,27.08%,$2.90B,$0.67B,23.28%,$2.90B,$0.47B,16.23%,$0.47B,$1.64B,33.22%,$0.47B,$0.94B,57.20%,$0.47B,$2.75B,20.37%,$0.72B,$2.11B,40.21%,$1002,$336,$666,$0,$317,$665,$337,$-18,$319,$94,$225,$225,$223,$358,$337,$49,51,$4.59,$4.41,$1476,$0,$0,$1840,$36,$0,$697,$15,$906,$2747,$506,$471,$28,$603,$1110,$0,$-63,$-19,$1637,$2747,$393,$54,$99,$153,$-113,$0,$0,$-6,$51,$597,$-14,$0,$-111,$-364,$0,$-364,$40,$-449,$280,$0,$280,$-97,$-97,$0,$-8,$175,$331,$49,$0
33,2010-06-30,176.54,$28.61,6.17,$52.23,3.38,$24.61,7.17,$11.29,15.64,$1.56B,$0.47B,3.34,$0.47B,$1.38B,0.34,$2.62B,$1.51B,57.58%,$2.62B,$0.58B,22.10%,$2.62B,$0.58B,22.10%,$2.62B,$0.64B,24.47%,$2.62B,$0.55B,20.92%,$2.62B,$0.57B,21.57%,$0.57B,$1.38B,43.33%,$0.57B,$0.72B,74.99%,$0.57B,$2.45B,27.35%,$0.58B,$1.86B,37.03%,$767,$322,$445,$0,$261,$594,$173,$-7,$166,$51,$115,$115,$115,$192,$173,$48,51,$2.41,$2.26,$1222,$0,$0,$1558,$35,$0,$663,$16,$888,$2446,$466,$474,$27,$595,$1061,$0,$-286,$-95,$1384,$2446,$168,$33,$63,$96,$-86,$0,$0,$-11,$28,$292,$-10,$0,$-111,$-327,$0,$-327,$28,$-420,$402,$0,$402,$-98,$-98,$0,$-11,$293,$154,$27,$0
34,2010-03-31,255.0,$27.76,9.19,$49.59,5.14,$22.37,11.4,$10.41,24.5,$1.48B,$0.34B,4.3,$0.48B,$1.32B,0.37,$2.46B,$1.37B,55.71%,$2.46B,$0.52B,20.97%,$2.46B,$0.52B,20.97%,$2.46B,$0.58B,23.36%,$2.46B,$0.48B,19.59%,$2.46B,$0.52B,21.05%,$0.52B,$1.32B,44.20%,$0.52B,$0.83B,79.27%,$0.52B,$2.20B,28.29%,$0.52B,$1.80B,38.85%,$584,$265,$319,$0,$221,$496,$88,$-7,$81,$27,$54,$54,$54,$102,$88,$46,51,$1.16,$1.06,$1237,$0,$0,$1477,$31,$0,$490,$14,$725,$2202,$344,$480,$25,$541,$885,$0,$-401,$-48,$1317,$2202,$54,$14,$30,$44,$-20,$0,$0,$3,$6,$105,$-5,$0,$-3,$-314,$0,$-314,$10,$-311,$477,$0,$477,$-106,$-106,$0,$-11,$359,$147,$12,$0
35,2009-12-31,218.41,$29.00,7.53,$47.93,4.56,$21.92,9.96,$9.88,22.11,$1.02B,$0.41B,2.5,$0.04B,$1.32B,0.03,$2.34B,$1.26B,53.87%,$2.34B,$0.47B,20.14%,$2.34B,$0.47B,20.14%,$2.34B,$0.53B,22.70%,$2.34B,$0.44B,18.90%,$2.34B,$0.49B,20.91%,$0.49B,$1.32B,47.99%,$0.49B,$0.80B,97.95%,$0.49B,$1.83B,30.32%,$0.47B,$1.36B,43.95%,$542,$229,$313,$0,$185,$424,$118,$-10,$108,$30,$78,$78,$78,$132,$118,$42,50,$1.83,$1.55,$801,$0,$0,$1023,$30,$0,$523,$4,$811,$1834,$409,$36,$24,$104,$513,$0,$-455,$-3,$1322,$1834,$489,$60,$-107,$-47,$-23,$0,$0,$4,$68,$510,$-15,$0,$-2,$0,$-481,$-481,$-4,$-501,$-197,$0,$-197,$26,$26,$0,$2,$-169,$-162,$41,$0
36,2009-09-30,165.82,$27.43,6.04,$45.33,3.66,$18.04,9.19,$9.06,18.3,$0.95B,$0.48B,1.99,$0.05B,$1.20B,0.04,$2.20B,$1.15B,52.29%,$2.20B,$0.40B,18.25%,$2.20B,$0.40B,18.25%,$2.20B,$0.47B,21.11%,$2.20B,$0.39B,17.61%,$2.20B,$0.45B,20.20%,$0.45B,$1.20B,51.55%,$0.45B,$0.67B,129.27%,$0.45B,$1.80B,30.02%,$0.40B,$1.25B,43.42%,$731,$297,$434,$0,$223,$530,$201,$-7,$194,$-125,$319,$319,$319,$216,$201,$43,50,$7.49,$6.42,$721,$0,$0,$950,$29,$0,$530,$5,$847,$1797,$478,$50,$22,$118,$595,$0,$-533,$5,$1202,$1797,$411,$46,$-121,$-75,$-74,$0,$0,$12,$27,$363,$-10,$0,$0,$0,$-231,$-231,$1,$-239,$-122,$0,$-122,$-5,$-5,$0,$2,$-125,$-2,$33,$0
37,2009-06-30,111.55,$20.13,5.54,$42.17,2.65,$15.49,7.2,$4.45,25.07,$0.80B,$0.52B,1.54,$0.06B,$0.85B,0.07,$2.03B,$1.03B,50.84%,$2.03B,$0.33B,16.18%,$2.03B,$0.33B,16.18%,$2.03B,$0.39B,19.37%,$2.03B,$0.32B,15.78%,$2.03B,$0.21B,10.32%,$0.21B,$0.85B,28.20%,$0.21B,$0.32B,96.89%,$0.21B,$1.49B,15.03%,$0.33B,$0.91B,41.40%,$604,$299,$305,$0,$186,$494,$109,$-10,$99,$32,$67,$67,$67,$125,$109,$42,48,$1.61,$1.38,$591,$0,$0,$797,$30,$0,$530,$5,$695,$1492,$519,$59,$21,$126,$645,$0,$-852,$-11,$847,$1492,$92,$30,$39,$69,$-55,$0,$0,$2,$7,$168,$-8,$0,$0,$0,$-149,$-149,$1,$-156,$-37,$0,$-37,$-7,$-7,$0,$1,$-42,$-31,$22,$0
38,2009-03-31,78.78,$16.92,4.65,$40.00,1.97,$14.72,5.35,$4.15,18.98,$0.65B,$0.49B,1.31,$0.07B,$0.71B,0.09,$1.94B,$0.98B,50.57%,$1.94B,$0.30B,15.48%,$1.94B,$0.30B,15.48%,$1.94B,$0.37B,18.98%,$1.94B,$0.30B,15.23%,$1.94B,$0.19B,9.93%,$0.19B,$0.71B,27.30%,$0.19B,$0.21B,103.90%,$0.19B,$1.33B,13.82%,$0.30B,$0.77B,40.55%,$462,$254,$208,$0,$156,$419,$43,$-2,$41,$16,$25,$25,$25,$58,$43,$41,47,$0.61,$0.53,$499,$0,$0,$646,$29,$0,$496,$15,$682,$1328,$494,$66,$19,$129,$623,$0,$-919,$-65,$705,$1328,$25,$15,$18,$33,$-16,$0,$0,$0,$16,$74,$-3,$0,$0,$0,$-108,$-108,$1,$-110,$-21,$0,$-21,$-12,$-12,$0,$1,$-31,$-73,$11,$0
39,2008-12-31,73.65,$17.05,4.32,$38.38,1.92,$14.03,5.25,$3.99,18.46,$0.59B,$0.47B,1.26,$0.08B,$0.70B,0.11,$1.89B,$0.96B,50.72%,$1.89B,$0.29B,15.38%,$1.89B,$0.29B,15.38%,$1.89B,$0.36B,19.20%,$1.89B,$0.28B,14.64%,$1.89B,$0.18B,9.66%,$0.18B,$0.70B,26.45%,$0.18B,$0.18B,106.28%,$0.18B,$1.31B,12.80%,$0.29B,$0.77B,41.03%,$406,$201,$205,$0,$146,$357,$49,$5,$54,$20,$34,$34,$34,$66,$49,$39,49,$0.86,$0.72,$466,$0,$0,$594,$29,$0,$520,$15,$719,$1312,$472,$75,$18,$142,$614,$0,$-944,$-40,$699,$1312,$186,$72,$69,$141,$-43,$0,$0,$-0,$-11,$316,$-18,$0,$-1,$22,$0,$22,$-155,$-152,$-177,$0,$-177,$1,$1,$0,$7,$-169,$-21,$41,$0
40,2008-09-30,68.43,$18.06,3.79,$37.40,1.83,$11.00,6.22,$3.94,17.37,$0.64B,$0.66B,0.97,$0.00B,$0.73B,0.0,$1.81B,$0.91B,50.22%,$1.81B,$0.29B,15.71%,$1.81B,$0.29B,15.71%,$1.81B,$0.38B,20.95%,$1.81B,$0.24B,13.18%,$1.81B,$0.16B,9.04%,$0.16B,$0.73B,24.92%,$0.16B,$0.16B,106.67%,$0.16B,$1.46B,11.45%,$0.29B,$0.73B,43.31%,$562,$246,$316,$0,$177,$434,$128,$-1,$127,$40,$86,$86,$84,$145,$128,$40,49,$2.13,$1.74,$455,$0,$0,$639,$28,$14,$567,$18,$817,$1456,$656,$0,$17,$71,$728,$0,$-946,$4,$728,$1456,$151,$55,$50,$105,$-81,$0,$0,$1,$-21,$235,$-13,$0,$-1,$0,$70,$70,$-155,$-98,$-102,$0,$-102,$0,$0,$0,$7,$-96,$28,$29,$0
41,2008-06-30,115.46,$17.64,6.55,$34.94,3.3,$8.14,14.19,$4.40,26.24,$0.72B,$0.71B,1.02,$0.00B,$0.70B,0.0,$1.67B,$0.80B,47.75%,$1.67B,$0.24B,14.08%,$1.67B,$0.24B,14.08%,$1.67B,$0.32B,19.35%,$1.67B,$0.19B,11.50%,$1.67B,$0.18B,11.02%,$0.18B,$0.70B,30.18%,$0.18B,$0.19B,137.57%,$0.18B,$1.49B,13.05%,$0.24B,$0.70B,38.54%,$514,$260,$254,$0,$162,$433,$81,$-7,$74,$23,$51,$51,$50,$100,$81,$39,50,$1.29,$1.00,$554,$0,$0,$723,$28,$15,$504,$19,$768,$1492,$712,$0,$16,$83,$795,$0,$-1034,$75,$696,$1492,$65,$38,$28,$66,$-63,$0,$0,$1,$2,$133,$-7,$0,$-1,$0,$32,$32,$-32,$-7,$-50,$0,$-50,$0,$0,$0,$1,$-48,$86,$19,$0
42,2008-03-31,120.86,$16.33,7.4,$32.80,3.68,$6.12,19.76,$4.11,29.41,$0.68B,$0.72B,0.95,$0.00B,$0.63B,0.0,$1.51B,$0.70B,46.33%,$1.51B,$0.20B,13.37%,$1.51B,$0.20B,13.37%,$1.51B,$0.28B,18.53%,$1.51B,$0.17B,11.18%,$1.51B,$0.17B,11.18%,$0.17B,$0.63B,31.47%,$0.17B,$0.15B,188.83%,$0.17B,$1.43B,12.71%,$0.20B,$0.63B,37.62%,$403,$222,$181,$0,$139,$371,$32,$-11,$21,$7,$14,$14,$14,$51,$32,$38,49,$0.36,$0.28,$553,$0,$0,$684,$27,$8,$478,$19,$745,$1428,$719,$0,$14,$80,$799,$0,$-1088,$74,$629,$1428,$14,$19,$11,$30,$-26,$0,$0,$3,$-1,$43,$-3,$0,$-0,$0,$77,$77,$-2,$73,$0,$0,$0,$-2,$-2,$0,$1,$-1,$123,$10,$0
43,2007-12-31,114.86,$15.05,7.63,$32.70,3.51,$5.74,20.03,$3.30,34.81,$0.61B,$0.70B,0.88,$0.00B,$0.58B,0.0,$1.41B,$0.64B,45.35%,$1.41B,$0.14B,9.79%,$1.41B,$0.14B,9.79%,$1.41B,$0.21B,14.69%,$1.41B,$0.12B,8.66%,$1.41B,$0.14B,9.87%,$0.14B,$0.58B,29.59%,$0.14B,$0.11B,292.63%,$0.14B,$1.35B,11.00%,$0.14B,$0.58B,29.38%,$335,$175,$160,$0,$106,$291,$44,$-27,$17,$-0,$17,$21,$16,$84,$44,$38,46,$0.45,$0.43,$509,$0,$0,$613,$27,$0,$470,$22,$738,$1351,$695,$0,$13,$77,$772,$0,$-1107,$50,$579,$1351,$145,$69,$-38,$31,$-24,$0,$0,$-5,$-20,$156,$-16,$0,$-15,$-116,$-76,$-192,$1,$-221,$0,$0,$0,$17,$17,$0,$2,$19,$-38,$16,$0
44,2007-09-30,88.75,$13.95,6.36,$31.16,2.85,$4.88,18.2,$2.94,30.19,$0.63B,$0.76B,0.83,$0.00B,$0.54B,0.0,$1.33B,$0.58B,43.40%,$1.33B,$0.11B,8.02%,$1.33B,$0.11B,8.02%,$1.33B,$0.15B,10.87%,$1.33B,$0.12B,9.00%,$1.33B,$0.14B,10.19%,$0.14B,$0.54B,32.73%,$0.14B,$0.08B,863.49%,$0.14B,$1.37B,11.31%,$0.11B,$0.54B,19.18%,$417,$215,$202,$0,$115,$339,$78,$2,$80,$-27,$107,$104,$104,$88,$78,$38,46,$2.76,$2.27,$499,$0,$0,$630,$25,$19,$453,$21,$741,$1371,$761,$0,$13,$75,$836,$0,$-1139,$50,$535,$1371,$124,$29,$-33,$-4,$-54,$0,$0,$-4,$-31,$89,$-11,$0,$0,$35,$-118,$-83,$-15,$-109,$0,$0,$0,$14,$14,$0,$0,$14,$-0,$11,$0
45,2007-06-30,68.74,$10.66,6.45,$28.83,2.38,$4.69,14.65,$1.72,39.97,$0.55B,$0.69B,0.8,$0.00B,$0.41B,0.0,$1.23B,$0.50B,40.73%,$1.23B,$0.06B,4.96%,$1.23B,$0.06B,4.96%,$1.23B,$0.10B,7.97%,$1.23B,$0.07B,5.93%,$1.23B,$0.08B,6.50%,$0.08B,$0.41B,21.95%,$0.08B,$0.02B,-533.33%,$0.08B,$1.17B,7.15%,$0.06B,$0.41B,9.57%,$356,$199,$157,$0,$101,$308,$48,$3,$51,$15,$36,$35,$35,$57,$48,$38,44,$0.92,$0.79,$452,$0,$0,$552,$22,$0,$389,$20,$615,$1168,$689,$0,$12,$74,$762,$0,$-1244,$35,$405,$1168,$20,$19,$2,$21,$-29,$0,$0,$-2,$-14,$28,$-6,$0,$0,$8,$-22,$-14,$-15,$-35,$0,$0,$0,$8,$8,$0,$0,$8,$3,$7,$0
46,2007-03-31,53.26,$9.50,5.61,$27.22,1.96,$5.02,10.61,$1.23,43.3,$0.56B,$0.73B,0.76,$0.00B,$0.36B,0.0,$1.18B,$0.45B,38.07%,$1.18B,$0.03B,2.71%,$1.18B,$0.03B,2.71%,$1.18B,$0.07B,5.84%,$1.18B,$0.04B,3.47%,$1.18B,$0.06B,4.91%,$0.06B,$0.36B,15.73%,$0.06B,$-0.02B,-1364.71%,$0.06B,$1.17B,5.61%,$0.03B,$0.36B,4.59%,$301,$182,$120,$0,$143,$333,$-32,$6,$-26,$-12,$-15,$-15,$-16,$-22,$-32,$37,37,$-0.44,$-0.44,$458,$0,$0,$556,$21,$0,$377,$21,$610,$1166,$732,$0,$11,$74,$806,$0,$-1278,$30,$360,$1166,$-15,$9,$-7,$2,$-5,$0,$0,$-25,$32,$19,$-2,$0,$0,$8,$0,$8,$-0,$6,$0,$0,$0,$6,$6,$0,$0,$6,$31,$3,$0
47,2006-12-31,43.61,$9.89,4.41,$25.26,1.73,$5.04,8.65,$1.65,26.43,$0.50B,$0.10B,5.0,$0.57B,$0.35B,1.63,$1.12B,$0.40B,35.80%,$1.12B,$0.06B,5.61%,$1.12B,$0.06B,5.61%,$1.12B,$0.10B,8.73%,$1.12B,$0.07B,5.88%,$1.12B,$0.07B,6.50%,$0.07B,$0.36B,19.47%,$0.07B,$-0.02B,768.42%,$0.07B,$1.11B,7.80%,$0.06B,$0.93B,8.29%,$260,$161,$100,$0,$78,$247,$13,$2,$15,$1,$14,$13,$13,$22,$13,$39,45,$0.37,$0.37,$434,$0,$0,$503,$22,$0,$380,$22,$603,$1106,$101,$569,$12,$643,$744,$0,$-1262,$26,$362,$1106,$74,$37,$-4,$33,$-21,$0,$0,$-1,$5,$112,$-13,$0,$-3,$65,$-20,$45,$20,$49,$345,$0,$345,$-122,$-122,$0,$-46,$177,$343,$15,$0
