,Date,Stock Price,Book Value per Share,Price to Book Ratio,TTM Sales per Share,Price to Sales Ratio,TTM FCF per Share,Price to FCF Ratio,TTM Net EPS,PE Ratio,Current Assets,Current Liabilities,Current Ratio,Long Term Debt,Shareholder's Equity_x,Debt to Equity Ratio,TTM Revenue_x,TTM Gross Profit,Gross Margin,TTM Revenue_y,TTM Operating Income,Operating Margin,TTM Revenue_x,TTM EBIT,EBIT Margin,TTM Revenue_y,TTM EBITDA,EBITDA Margin,TTM Revenue_x,TTM Pre-Tax Income,Pre-Tax Margin,TTM Revenue_y,TTM Net Income_x,Net Margin,TTM Net Income_y,Shareholder's Equity_y,Return on Equity,TTM Net Income_x,Tangible Equity,Return on Tangible Equity,TTM Net Income_y,Total Assets,Return on Assets,TTM Net Income,LT Investments & Debt,Return on Investment,revenue,cost-goods-sold,gross-profit,research-development-expenses,selling-general-administrative-expenses,operating-expenses,operating-income,total-non-operating-income-expense,pre-tax-income,total-provision-income-taxes,income-after-taxes,income-from-continuous-operations,net-income,ebitda,ebit,basic-shares-outstanding,shares-outstanding,eps-basic-net-earnings-per-share,eps-earnings-per-share-diluted,cash-on-hand,inventory,other-current-assets,total-current-assets,net-property-plant-equipment,long-term-investments,goodwill-intangible-assets-total,other-long-term-assets,total-long-term-assets,total-assets,total-current-liabilities,long-term-debt,other-non-current-liabilities,total-long-term-liabilities,total-liabilities,common-stock-net,retained-earnings-accumulated-deficit,comprehensive-income,total-share-holder-equity,total-liabilities-share-holders-equity,net-income-loss,total-depreciation-amortization-cash-flow,other-non-cash-items,total-non-cash-items,change-in-accounts-receivable,change-in-inventories,change-in-accounts-payable,change-in-assets-liabilities,total-change-in-assets-liabilities,cash-flow-from-operating-activities,net-change-in-property-plant-equipment,net-change-in-intangible-assets,net-acquisitions-divestitures,net-change-in-short-term-investments,net-change-in-long-term-investments,net-change-in-investments-total,investing-activities-other,cash-flow-from-investing-activities,net-long-term-debt,net-current-debt,debt-issuance-retirement-net-total,net-common-equity-issued-repurchased,net-total-equity-issued-repurchased,total-common-preferred-stock-dividends-paid,financial-activities-other,cash-flow-from-financial-activities,net-cash-flow,stock-based-compensation,common-stock-dividends-paid
0,2018-09-30,20.3,$7.86,2.58,$3.54,5.74,$3.00,6.77,$1.08,18.87,$0.31B,$0.39B,0.79,$0.00B,$0.04B,0.0,$0.02B,$0.02B,100.00%,$0.02B,$0.01B,40.00%,$0.02B,0,0.00%,$0.02B,0,0.00%,$0.02B,$0.01B,40.00%,$0.02B,$0.01B,35.00%,$0.01B,$0.04B,16.28%,$0.01B,$0.04B,16.28%,$0.01B,$0.43B,1.61%,$0.01B,$0.04B,18.60%,$5,$0,$5,$0,$3,$3,$2,$0,$2,$0,$2,$2,$2,$0,$0,$6,6,$0.32,$0.32,$30,$0,$0,$305,$2,$119,$0,$3,$124,$428,$385,$0,$0,$0,$385,$0,$1,$-3,$43,$428,$5,$0,$0,$1,$-1,$0,$0,$0,$-0,$5,$0,$0,$0,$0,$18,$18,$-4,$14,$0,$0,$0,$0,$0,$-2,$-20,$-22,$-3,$0,$-2
1,2018-06-30,20.55,$7.86,2.62,$3.44,5.97,$3.04,6.76,$1.01,20.34,$0.30B,$0.38B,0.79,$0.00B,$0.04B,0.0,$0.02B,$0.02B,95.00%,$0.02B,$0.01B,40.00%,$0.02B,0,0.00%,$0.02B,0,0.00%,$0.02B,$0.01B,40.00%,$0.02B,$0.01B,30.00%,$0.01B,$0.04B,13.87%,$0.01B,$0.04B,13.87%,$0.01B,$0.43B,1.38%,$0.01B,$0.04B,18.50%,$5,$0,$5,$0,$3,$3,$2,$0,$2,$0,$2,$2,$2,$0,$0,$5,6,$0.31,$0.31,$22,$0,$0,$302,$2,$120,$0,$3,$125,$427,$384,$0,$0,$0,$384,$0,$1,$-2,$43,$427,$3,$0,$0,$0,$-1,$0,$0,$0,$-1,$2,$-0,$0,$0,$0,$17,$17,$-8,$9,$0,$0,$0,$0,$0,$-1,$-21,$-22,$-10,$0,$-1
2,2018-03-31,18.14,$7.76,2.34,$3.38,5.37,$3.51,5.18,$0.95,19.18,$0.30B,$0.39B,0.77,$0.00B,$0.04B,0.0,$0.02B,$0.02B,95.00%,$0.02B,$0.01B,40.00%,$0.02B,0,0.00%,$0.02B,0,0.00%,$0.02B,$0.01B,40.00%,$0.02B,$0.01B,25.00%,$0.01B,$0.04B,11.56%,$0.01B,$0.04B,11.56%,$0.01B,$0.44B,1.15%,$0.01B,$0.04B,18.50%,$5,$0,$5,$0,$3,$3,$2,$0,$2,$0,$2,$2,$2,$0,$0,$5,6,$0.29,$0.29,$34,$0,$0,$304,$2,$126,$0,$3,$131,$435,$392,$0,$0,$0,$392,$0,$0,$-2,$43,$435,$2,$0,$0,$0,$-1,$0,$0,$0,$-1,$1,$-0,$0,$0,$0,$12,$12,$2,$14,$0,$0,$0,$0,$0,$-1,$-12,$-13,$2,$0,$-1
3,2017-12-31,17.3,$7.79,2.22,$3.30,5.24,$3.87,4.47,$0.87,19.82,$0.30B,$0.40B,0.75,$0.00B,$0.04B,0.0,$0.02B,$0.02B,94.74%,$0.02B,$0.01B,42.11%,$0.02B,0,0.00%,$0.02B,0,0.00%,$0.02B,$0.01B,42.11%,$0.02B,$0.00B,21.05%,$0.00B,$0.04B,9.30%,$0.00B,$0.04B,9.30%,$0.00B,$0.45B,0.92%,$0.01B,$0.04B,18.60%,$5,$0,$5,$0,$3,$3,$2,$0,$2,$1,$1,$1,$1,$0,$0,$5,6,$0.17,$0.15,$33,$0,$0,$303,$2,$139,$0,$2,$144,$447,$404,$0,$0,$0,$404,$0,$8,$-1,$43,$447,$5,$0,$1,$1,$2,$0,$0,$0,$2,$8,$-0,$0,$0,$0,$-20,$-20,$-10,$-30,$0,$0,$0,$0,$0,$-3,$30,$28,$6,$0,$-3
4,2017-09-30,16.89,$7.97,2.12,$3.24,5.21,$3.48,4.85,$0.95,17.69,$0.30B,$0.39B,0.77,$0.00B,$0.04B,0.0,$0.02B,$0.02B,89.47%,$0.02B,$0.01B,42.11%,$0.02B,0,0.00%,$0.02B,0,0.00%,$0.02B,$0.01B,42.11%,$0.02B,$0.00B,21.05%,$0.00B,$0.04B,9.41%,$0.00B,$0.04B,9.41%,$0.00B,$0.43B,0.94%,$0.01B,$0.04B,18.82%,$5,$0,$4,$0,$3,$3,$2,$0,$2,$1,$1,$1,$1,$0,$0,$5,6,$0.26,$0.26,$30,$0,$0,$300,$2,$126,$0,$3,$132,$431,$388,$0,$0,$0,$388,$0,$9,$0,$44,$431,$4,$0,$-0,$-0,$2,$0,$0,$0,$2,$6,$-0,$0,$0,$0,$-5,$-5,$-9,$-14,$0,$0,$0,$0,$0,$-2,$14,$12,$4,$0,$-2
5,2017-06-30,17.87,$7.88,2.27,$3.27,5.47,$3.37,5.3,$0.95,18.71,$0.29B,$0.39B,0.76,$0.00B,$0.04B,0.0,$0.02B,$0.02B,94.74%,$0.02B,$0.01B,42.11%,$0.02B,0,0.00%,$0.02B,0,0.00%,$0.02B,$0.01B,42.11%,$0.02B,$0.00B,21.05%,$0.00B,$0.04B,9.52%,$0.00B,$0.04B,9.52%,$0.00B,$0.43B,0.95%,$0.01B,$0.04B,19.05%,$5,$0,$5,$0,$3,$3,$2,$0,$2,$1,$1,$1,$1,$0,$0,$5,6,$0.25,$0.25,$33,$0,$0,$293,$2,$133,$0,$3,$138,$430,$387,$0,$0,$0,$387,$0,$8,$0,$43,$430,$3,$0,$-0,$-0,$2,$0,$0,$0,$2,$5,$-0,$0,$0,$0,$-11,$-11,$0,$-11,$0,$0,$0,$0,$0,$-1,$14,$13,$6,$0,$-1
6,2017-03-31,18.22,$7.61,2.39,$3.25,5.61,$2.80,6.5,$0.95,19.27,$0.30B,$0.39B,0.76,$0.00B,$0.04B,0.0,$0.02B,$0.02B,89.47%,$0.02B,$0.01B,42.11%,$0.02B,0,0.00%,$0.02B,0,0.00%,$0.02B,$0.01B,42.11%,$0.02B,$0.00B,21.05%,$0.00B,$0.04B,9.58%,$0.00B,$0.04B,9.58%,$0.00B,$0.43B,0.95%,$0.01B,$0.04B,19.16%,$4,$0,$4,$0,$2,$3,$2,$0,$2,$1,$1,$1,$1,$0,$0,$5,6,$0.22,$0.22,$38,$0,$0,$295,$2,$129,$0,$3,$134,$429,$387,$0,$0,$0,$387,$0,$7,$-0,$42,$429,$1,$0,$-0,$0,$1,$0,$0,$0,$2,$3,$-0,$0,$0,$0,$-9,$-9,$5,$-4,$0,$0,$0,$0,$0,$-1,$13,$13,$12,$0,$-1
7,2016-12-31,18.19,$7.45,2.44,$3.26,5.57,$2.97,6.13,$0.95,19.23,$0.29B,$0.37B,0.77,$0.00B,$0.04B,0.0,$0.02B,$0.02B,89.47%,$0.02B,$0.01B,42.11%,$0.02B,0,0.00%,$0.02B,0,0.00%,$0.02B,$0.01B,42.11%,$0.02B,$0.00B,21.05%,$0.00B,$0.04B,9.70%,$0.00B,$0.04B,9.70%,$0.00B,$0.41B,0.97%,$0.01B,$0.04B,19.39%,$5,$0,$4,$0,$3,$3,$2,$0,$2,$0,$1,$1,$1,$0,$0,$5,6,$0.24,$0.24,$26,$0,$0,$289,$2,$120,$0,$3,$125,$414,$373,$0,$0,$0,$373,$0,$7,$-1,$41,$414,$5,$0,$-0,$-0,$1,$0,$-1,$0,$1,$6,$-0,$0,$0,$0,$-2,$-2,$-18,$-21,$0,$0,$0,$0,$0,$-3,$14,$12,$-3,$0,$-3
8,2016-09-30,16.04,$7.73,2.08,$3.24,4.94,$3.15,5.08,$0.93,17.29,$0.29B,$0.37B,0.79,$0.00B,$0.04B,0.0,$0.02B,$0.02B,94.44%,$0.02B,$0.01B,44.44%,$0.02B,0,0.00%,$0.02B,0,0.00%,$0.02B,$0.01B,44.44%,$0.02B,$0.00B,22.22%,$0.00B,$0.04B,9.82%,$0.00B,$0.04B,9.82%,$0.00B,$0.41B,0.98%,$0.01B,$0.04B,19.63%,$5,$0,$5,$0,$3,$3,$2,$0,$2,$0,$1,$1,$1,$0,$0,$5,6,$0.26,$0.26,$22,$0,$0,$290,$2,$115,$0,$2,$119,$410,$368,$0,$0,$0,$368,$0,$6,$2,$42,$410,$4,$0,$0,$0,$0,$0,$1,$0,$1,$5,$0,$0,$0,$0,$6,$6,$-24,$-18,$0,$0,$0,$0,$0,$-2,$7,$5,$-7,$0,$-2
9,2016-06-30,13.6,$7.64,1.78,$3.16,4.31,$3.03,4.49,$0.89,15.26,$0.32B,$0.38B,0.83,$0.00B,$0.04B,0.0,$0.02B,$0.02B,94.12%,$0.02B,$0.01B,47.06%,$0.02B,0,0.00%,$0.02B,0,0.00%,$0.02B,$0.01B,47.06%,$0.02B,$0.00B,23.53%,$0.00B,$0.04B,10.00%,$0.00B,$0.04B,10.00%,$0.00B,$0.43B,0.99%,$0.01B,$0.04B,20.00%,$5,$0,$4,$0,$3,$3,$2,$0,$2,$1,$1,$1,$1,$0,$0,$5,6,$0.25,$0.24,$42,$0,$0,$316,$2,$105,$0,$1,$109,$425,$383,$0,$0,$0,$383,$0,$5,$2,$42,$425,$3,$0,$-0,$0,$-1,$0,$-0,$0,$-1,$2,$0,$0,$0,$0,$16,$16,$-28,$-11,$0,$0,$0,$0,$0,$-1,$24,$22,$13,$0,$-1
10,2016-03-31,13.32,$7.46,1.79,$3.15,4.23,$3.41,3.91,$0.88,15.17,$0.29B,$0.36B,0.81,$0.00B,$0.04B,0.0,$0.02B,$0.02B,100.00%,$0.02B,$0.01B,50.00%,$0.02B,0,0.00%,$0.02B,0,0.00%,$0.02B,$0.01B,50.00%,$0.02B,$0.00B,25.00%,$0.00B,$0.04B,10.26%,$0.00B,$0.04B,10.26%,$0.00B,$0.40B,1.03%,$0.01B,$0.04B,20.51%,$4,$0,$4,$0,$3,$3,$2,$0,$2,$1,$1,$1,$1,$0,$0,$5,6,$0.22,$0.22,$38,$0,$0,$293,$2,$107,$0,$1,$111,$404,$363,$0,$0,$0,$363,$0,$5,$2,$40,$404,$1,$0,$-0,$-0,$2,$0,$0,$0,$3,$4,$0,$0,$0,$0,$14,$14,$-11,$3,$0,$0,$0,$0,$0,$-1,$3,$2,$9,$0,$-1
11,2015-12-31,13.56,$7.24,1.87,$3.11,4.36,$3.61,3.75,$0.87,15.51,$0.28B,$0.36B,0.77,$0.00B,$0.04B,0.0,$0.02B,$0.02B,100.00%,$0.02B,$0.01B,50.00%,$0.02B,0,0.00%,$0.02B,0,0.00%,$0.02B,$0.01B,50.00%,$0.02B,$0.00B,25.00%,$0.00B,$0.04B,10.39%,$0.00B,$0.04B,10.39%,$0.00B,$0.40B,1.05%,$0.01B,$0.04B,20.78%,$4,$0,$4,$0,$3,$3,$2,$0,$2,$1,$1,$1,$1,$0,$0,$5,6,$0.22,$0.21,$29,$0,$0,$276,$2,$120,$0,$1,$124,$399,$360,$0,$0,$0,$360,$0,$4,$1,$39,$399,$5,$0,$-0,$0,$2,$0,$0,$0,$2,$7,$-0,$0,$0,$0,$-7,$-7,$-9,$-15,$0,$-7,$-7,$0,$0,$-2,$36,$27,$19,$0,$-2
12,2015-09-30,13.37,$7.21,1.85,$3.08,4.35,$2.74,4.87,$0.66,20.38,$0.27B,$0.35B,0.77,$0.00B,$0.04B,0.0,$0.02B,$0.02B,100.00%,$0.02B,$0.01B,50.00%,$0.02B,0,0.00%,$0.02B,0,0.00%,$0.02B,$0.01B,50.00%,$0.02B,$0.00B,25.00%,$0.00B,$0.04B,10.53%,$0.00B,$0.04B,10.53%,$0.00B,$0.39B,1.07%,$0.01B,$0.04B,21.05%,$4,$0,$4,$0,$2,$2,$2,$0,$2,$1,$1,$1,$1,$0,$0,$5,6,$0.22,$0.22,$19,$0,$0,$265,$2,$116,$0,$1,$119,$385,$346,$0,$0,$0,$346,$0,$3,$1,$39,$385,$4,$0,$-0,$0,$1,$0,$0,$0,$1,$5,$-0,$0,$0,$0,$-2,$-2,$-7,$-9,$0,$-7,$-7,$0,$0,$-2,$21,$13,$9,$0,$-2
13,2015-06-30,12.41,$7.01,1.77,$3.05,4.07,$2.25,5.51,$0.64,19.24,$0.26B,$0.33B,0.79,$0.00B,$0.04B,0.0,$0.02B,$0.02B,100.00%,$0.02B,$0.01B,50.00%,$0.02B,0,0.00%,$0.02B,0,0.00%,$0.02B,$0.01B,50.00%,$0.02B,$0.00B,25.00%,$0.00B,$0.04B,10.74%,$0.00B,$0.04B,10.74%,$0.00B,$0.37B,1.07%,$0.01B,$0.04B,21.48%,$4,$0,$4,$0,$2,$3,$2,$0,$2,$1,$1,$1,$1,$0,$0,$5,6,$0.24,$0.23,$18,$0,$0,$263,$2,$103,$0,$1,$107,$370,$332,$0,$0,$0,$332,$0,$10,$1,$38,$370,$2,$0,$-0,$-0,$1,$0,$0,$0,$1,$4,$-0,$0,$0,$0,$10,$10,$-6,$4,$0,$-7,$-7,$0,$0,$-1,$8,$-0,$8,$0,$-1
14,2015-03-31,11.15,$7.04,1.58,$2.97,3.75,$1.97,5.65,$0.62,17.98,$0.27B,$0.34B,0.78,$0.00B,$0.04B,0.0,$0.02B,$0.02B,100.00%,$0.02B,$0.01B,50.00%,$0.02B,0,0.00%,$0.02B,0,0.00%,$0.02B,$0.01B,50.00%,$0.02B,$0.00B,25.00%,$0.00B,$0.04B,10.88%,$0.00B,$0.04B,10.88%,$0.00B,$0.38B,1.08%,$0.01B,$0.04B,21.77%,$4,$0,$4,$0,$2,$2,$2,$0,$2,$1,$1,$1,$1,$0,$0,$5,6,$0.23,$0.22,$26,$0,$0,$265,$2,$108,$0,$1,$111,$377,$339,$0,$0,$0,$339,$0,$9,$2,$38,$377,$1,$0,$-0,$-0,$3,$0,$1,$0,$4,$5,$-0,$0,$0,$0,$7,$7,$-4,$3,$0,$-3,$-3,$0,$0,$-1,$11,$7,$15,$0,$-1
15,2014-12-31,10.99,$7.49,1.47,$2.91,3.78,$0.97,11.28,$0.58,18.99,$0.25B,$0.33B,0.76,$0.00B,$0.04B,0.0,$0.02B,$0.02B,100.00%,$0.02B,$0.01B,43.75%,$0.02B,0,0.00%,$0.02B,0,0.00%,$0.02B,$0.01B,43.75%,$0.02B,$0.00B,25.00%,$0.00B,$0.04B,11.11%,$0.00B,$0.04B,11.11%,$0.00B,$0.37B,1.11%,$0.01B,$0.04B,19.44%,$4,$0,$4,$0,$2,$2,$2,$0,$2,$1,$1,$1,$1,$0,$0,$5,6,$0.23,$0.21,$10,$0,$0,$250,$2,$114,$0,$1,$117,$367,$330,$0,$0,$0,$330,$0,$9,$1,$37,$367,$4,$0,$0,$0,$-3,$0,$0,$0,$-3,$2,$-0,$0,$0,$0,$-19,$-19,$-16,$-35,$0,$7,$7,$0,$0,$-3,$17,$21,$-12,$0,$-3
16,2014-09-30,10.81,$6.66,1.62,$2.84,3.81,$4.04,2.68,$0.76,14.22,$0.27B,$0.34B,0.78,$0.00B,$0.04B,0.0,$0.02B,$0.02B,100.00%,$0.02B,$0.01B,37.50%,$0.02B,0,0.00%,$0.02B,0,0.00%,$0.02B,$0.01B,37.50%,$0.02B,$0.00B,25.00%,$0.00B,$0.04B,11.27%,$0.00B,$0.04B,11.27%,$0.00B,$0.38B,1.13%,$0.01B,$0.04B,16.90%,$4,$0,$4,$0,$2,$2,$2,$0,$2,$1,$1,$1,$1,$0,$0,$5,6,$0.21,$0.21,$32,$0,$0,$266,$2,$107,$0,$1,$111,$377,$341,$0,$0,$0,$341,$0,$8,$1,$36,$377,$3,$0,$0,$0,$-2,$0,$0,$0,$-2,$2,$-0,$0,$0,$0,$-12,$-12,$-12,$-24,$0,$10,$10,$0,$0,$-2,$24,$32,$10,$0,$-2
17,2014-06-30,10.8,$6.65,1.63,$2.82,3.83,$6.78,1.59,$0.75,14.36,$0.26B,$0.32B,0.81,$0.00B,$0.04B,0.0,$0.02B,$0.02B,100.00%,$0.02B,$0.01B,37.50%,$0.02B,0,0.00%,$0.02B,0,0.00%,$0.02B,$0.01B,37.50%,$0.02B,$0.00B,25.00%,$0.00B,$0.04B,11.43%,$0.00B,$0.04B,11.43%,$0.00B,$0.36B,1.17%,$0.01B,$0.04B,17.14%,$4,$0,$4,$0,$2,$2,$2,$0,$2,$1,$1,$1,$1,$0,$0,$5,6,$0.21,$0.20,$29,$0,$0,$262,$2,$93,$0,$1,$97,$359,$323,$0,$0,$0,$323,$0,$8,$1,$36,$359,$2,$0,$0,$0,$-0,$0,$0,$0,$-0,$2,$-0,$0,$0,$0,$2,$2,$-13,$-11,$0,$0,$0,$0,$0,$-1,$17,$15,$7,$0,$-1
18,2014-03-31,10.68,$6.54,1.63,$2.82,3.79,$8.38,1.28,$0.74,14.36,$0.24B,$0.30B,0.81,$0.00B,$0.04B,0.0,$0.02B,$0.02B,100.00%,$0.02B,$0.01B,37.50%,$0.02B,0,0.00%,$0.02B,0,0.00%,$0.02B,$0.01B,37.50%,$0.02B,$0.00B,25.00%,$0.00B,$0.04B,11.59%,$0.00B,$0.04B,11.59%,$0.00B,$0.34B,1.18%,$0.01B,$0.04B,17.39%,$4,$0,$4,$0,$2,$2,$1,$0,$1,$0,$1,$1,$1,$0,$0,$5,5,$0.17,$0.17,$11,$0,$0,$243,$2,$90,$0,$1,$94,$337,$301,$0,$0,$0,$301,$0,$7,$1,$35,$337,$1,$0,$0,$0,$-2,$0,$1,$0,$-2,$-1,$-0,$0,$0,$0,$5,$5,$-9,$-4,$0,$0,$0,$0,$0,$-1,$-5,$-6,$-11,$0,$-1
19,2013-12-31,11.34,$6.44,1.76,$2.83,4.01,$10.26,1.11,$0.75,15.08,$0.24B,$0.31B,0.79,$0.00B,$0.04B,0.0,$0.02B,$0.02B,100.00%,$0.02B,$0.01B,37.50%,$0.02B,0,0.00%,$0.02B,0,0.00%,$0.02B,$0.01B,37.50%,$0.02B,$0.00B,25.00%,$0.00B,$0.04B,11.68%,$0.00B,$0.04B,11.68%,$0.00B,$0.34B,1.19%,$0.01B,$0.04B,17.52%,$4,$0,$4,$0,$2,$2,$1,$0,$1,$0,$1,$1,$1,$0,$0,$5,5,$0.18,$0.18,$22,$0,$0,$243,$2,$95,$0,$1,$98,$341,$306,$0,$0,$0,$306,$0,$7,$1,$35,$341,$4,$0,$1,$1,$14,$0,$-0,$0,$14,$19,$-0,$0,$0,$0,$-39,$-39,$-2,$-40,$0,$0,$0,$0,$0,$-2,$14,$13,$-9,$0,$-2
20,2013-09-30,10.02,$6.39,1.57,$2.85,3.52,$5.70,1.76,$0.75,13.33,$0.26B,$0.30B,0.87,$0.00B,$0.03B,0.0,$0.02B,$0.02B,100.00%,$0.02B,$0.01B,37.50%,$0.02B,0,0.00%,$0.02B,0,0.00%,$0.02B,$0.01B,37.50%,$0.02B,$0.00B,25.00%,$0.00B,$0.03B,11.76%,$0.00B,$0.03B,11.76%,$0.00B,$0.33B,1.20%,$0.01B,$0.03B,17.65%,$4,$0,$4,$0,$2,$2,$2,$0,$2,$0,$1,$1,$1,$0,$0,$5,5,$0.20,$0.20,$32,$0,$0,$260,$2,$71,$0,$1,$74,$334,$300,$0,$0,$0,$300,$0,$7,$1,$34,$334,$3,$0,$1,$1,$12,$0,$0,$0,$13,$17,$-0,$0,$0,$0,$-14,$-14,$-8,$-22,$0,$0,$0,$0,$0,$-1,$7,$6,$1,$0,$-1
21,2013-06-30,9.03,$6.39,1.41,$2.82,3.21,$2.08,4.33,$0.72,12.56,$0.27B,$0.31B,0.87,$0.00B,$0.03B,0.0,$0.02B,$0.02B,100.00%,$0.02B,$0.01B,31.25%,$0.02B,0,0.00%,$0.02B,0,0.00%,$0.02B,$0.01B,31.25%,$0.02B,$0.00B,25.00%,$0.00B,$0.03B,11.76%,$0.00B,$0.03B,11.76%,$0.00B,$0.34B,1.23%,$0.01B,$0.03B,14.71%,$4,$0,$4,$0,$2,$2,$2,$0,$2,$0,$1,$1,$1,$0,$0,$5,5,$0.19,$0.19,$43,$0,$0,$266,$2,$72,$0,$1,$75,$341,$306,$0,$0,$0,$306,$0,$6,$2,$34,$341,$2,$0,$0,$1,$8,$0,$0,$0,$8,$11,$-0,$0,$0,$0,$-15,$-15,$3,$-12,$0,$0,$0,$0,$0,$-1,$14,$13,$12,$0,$-1
22,2013-03-31,8.25,$6.37,1.3,$2.77,2.98,$0.70,11.81,$0.69,11.89,$0.27B,$0.29B,0.91,$0.00B,$0.03B,0.0,$0.02B,$0.02B,100.00%,$0.02B,$0.00B,25.00%,$0.02B,0,0.00%,$0.02B,0,0.00%,$0.02B,$0.00B,25.00%,$0.02B,$0.00B,25.00%,$0.00B,$0.03B,11.85%,$0.00B,$0.03B,11.85%,$0.00B,$0.33B,1.26%,$0.00B,$0.03B,11.85%,$4,$0,$4,$0,$2,$2,$1,$0,$1,$0,$1,$1,$1,$0,$0,$5,5,$0.18,$0.18,$43,$0,$0,$267,$2,$58,$0,$1,$62,$329,$294,$0,$0,$0,$294,$0,$6,$2,$34,$329,$1,$0,$0,$0,$8,$0,$0,$0,$8,$10,$-0,$0,$0,$0,$-0,$-0,$1,$1,$0,$0,$0,$0,$0,$0,$2,$2,$12,$0,$0
23,2012-12-31,7.38,$6.31,1.17,$2.75,2.68,$-0.99,0.0,$0.68,10.89,$0.26B,$0.29B,0.91,$0.00B,$0.03B,0.0,$0.02B,$0.02B,100.00%,$0.02B,$0.00B,25.00%,$0.02B,0,0.00%,$0.02B,0,0.00%,$0.02B,$0.00B,25.00%,$0.02B,$0.00B,25.00%,$0.00B,$0.03B,12.03%,$0.00B,$0.03B,12.03%,$0.00B,$0.33B,1.24%,$0.00B,$0.03B,12.03%,$4,$0,$4,$0,$2,$2,$1,$0,$1,$0,$1,$1,$1,$0,$0,$5,5,$0.18,$0.18,$31,$0,$0,$264,$2,$59,$0,$0,$61,$325,$291,$0,$0,$0,$291,$0,$5,$2,$34,$325,$4,$0,$1,$1,$-10,$0,$-0,$0,$-10,$-6,$-0,$0,$0,$0,$1,$1,$-3,$-3,$0,$0,$0,$0,$0,$-2,$-10,$-13,$-21,$0,$-2
24,2012-09-30,7.83,$6.26,1.25,$2.71,2.89,$0.58,13.45,$0.65,11.99,$0.25B,$0.27B,0.9,$0.00B,$0.03B,0.0,$0.02B,$0.02B,93.75%,$0.02B,$0.00B,25.00%,$0.02B,0,0.00%,$0.02B,0,0.00%,$0.02B,$0.00B,25.00%,$0.02B,$0.00B,25.00%,$0.00B,$0.03B,12.21%,$0.00B,$0.03B,12.21%,$0.00B,$0.31B,1.23%,$0.00B,$0.03B,12.21%,$4,$0,$4,$0,$2,$2,$1,$0,$1,$0,$1,$1,$1,$0,$0,$5,5,$0.17,$0.17,$20,$0,$0,$246,$3,$59,$0,$0,$62,$307,$274,$0,$0,$0,$274,$0,$5,$2,$34,$307,$3,$0,$1,$1,$-6,$0,$-0,$0,$-6,$-3,$-0,$0,$0,$0,$1,$1,$0,$1,$0,$0,$0,$0,$0,$-1,$-28,$-30,$-32,$0,$-1
25,2012-06-30,7.53,$6.15,1.22,$2.70,2.79,$1.78,4.22,$0.66,11.39,$0.25B,$0.28B,0.91,$0.00B,$0.03B,0.0,$0.02B,$0.01B,87.50%,$0.02B,$0.00B,25.00%,$0.02B,0,0.00%,$0.02B,0,0.00%,$0.02B,$0.00B,25.00%,$0.02B,$0.00B,25.00%,$0.00B,$0.03B,12.50%,$0.00B,$0.03B,12.50%,$0.00B,$0.31B,1.17%,$0.00B,$0.03B,12.50%,$4,$0,$4,$0,$2,$2,$1,$0,$1,$0,$1,$1,$1,$0,$0,$5,5,$0.17,$0.17,$37,$0,$0,$252,$3,$56,$0,$0,$59,$311,$278,$0,$0,$0,$278,$0,$4,$2,$33,$311,$2,$0,$0,$1,$1,$0,$-0,$0,$1,$3,$-0,$0,$0,$0,$4,$4,$3,$7,$0,$0,$0,$0,$0,$-1,$-24,$-25,$-15,$0,$-1
26,2012-03-31,7.54,$6.00,1.26,$2.67,2.83,$1.93,3.9,$0.64,11.85,$0.28B,$0.31B,0.9,$0.00B,$0.03B,0.0,$0.02B,$0.01B,86.67%,$0.02B,$0.00B,26.67%,$0.02B,0,0.00%,$0.02B,0,0.00%,$0.02B,$0.00B,26.67%,$0.02B,$0.00B,26.67%,$0.00B,$0.03B,12.80%,$0.00B,$0.03B,12.80%,$0.00B,$0.34B,1.19%,$0.00B,$0.03B,12.80%,$4,$0,$4,$0,$2,$2,$1,$0,$1,$0,$1,$1,$1,$0,$0,$5,5,$0.17,$0.17,$63,$0,$0,$282,$3,$59,$0,$1,$62,$344,$311,$0,$0,$0,$311,$0,$4,$2,$32,$344,$1,$0,$0,$0,$-1,$0,$0,$0,$-1,$0,$-0,$0,$0,$0,$0,$0,$1,$2,$0,$0,$0,$0,$0,$-0,$9,$9,$11,$0,$-0
27,2011-12-31,6.81,$5.95,1.14,$2.61,2.6,$2.72,2.51,$0.59,11.6,$0.27B,$0.30B,0.9,$0.00B,$0.03B,0.0,$0.01B,$0.01B,85.71%,$0.01B,$0.00B,28.57%,$0.01B,0,0.00%,$0.01B,0,0.00%,$0.01B,$0.00B,28.57%,$0.01B,$0.00B,28.57%,$0.00B,$0.03B,13.11%,$0.00B,$0.03B,13.11%,$0.00B,$0.33B,1.23%,$0.00B,$0.03B,13.11%,$4,$0,$3,$0,$2,$2,$1,$0,$1,$0,$1,$1,$1,$0,$0,$5,5,$0.17,$0.17,$52,$0,$0,$271,$3,$60,$0,$0,$63,$334,$302,$0,$0,$0,$302,$0,$3,$2,$32,$334,$3,$0,$0,$0,$-1,$0,$-0,$0,$-1,$2,$0,$0,$0,$0,$-17,$-17,$-6,$-23,$0,$-1,$-1,$0,$0,$-1,$51,$49,$28,$0,$-1
28,2011-09-30,6.26,$5.84,1.07,$2.64,2.37,$2.36,2.66,$0.59,10.67,$0.32B,$0.34B,0.92,$0.00B,$0.03B,0.0,$0.01B,$0.01B,85.71%,$0.01B,$0.00B,28.57%,$0.01B,0,0.00%,$0.01B,0,0.00%,$0.01B,$0.00B,28.57%,$0.01B,$0.00B,28.57%,$0.00B,$0.03B,13.45%,$0.00B,$0.03B,13.45%,$0.00B,$0.37B,1.28%,$0.00B,$0.03B,13.45%,$4,$0,$3,$0,$2,$2,$1,$0,$1,$0,$1,$1,$1,$0,$0,$5,5,$0.17,$0.17,$101,$0,$0,$315,$3,$55,$0,$1,$59,$373,$342,$0,$0,$0,$342,$0,$3,$2,$31,$373,$2,$0,$0,$0,$1,$0,$0,$0,$1,$4,$-0,$0,$0,$0,$-13,$-13,$-3,$-16,$0,$-0,$-0,$0,$0,$-1,$90,$89,$77,$0,$-1
29,2011-06-30,6.7,$5.62,1.19,$2.65,2.53,$1.42,4.72,$0.57,11.75,$0.24B,$0.27B,0.9,$0.00B,$0.03B,0.0,$0.01B,$0.01B,85.71%,$0.01B,$0.00B,28.57%,$0.01B,0,0.00%,$0.01B,0,0.00%,$0.01B,$0.00B,28.57%,$0.01B,$0.00B,28.57%,$0.00B,$0.03B,13.68%,$0.00B,$0.03B,13.68%,$0.00B,$0.30B,1.40%,$0.00B,$0.03B,13.68%,$3,$0,$3,$0,$2,$2,$1,$0,$1,$0,$1,$1,$1,$0,$0,$5,5,$0.14,$0.14,$28,$0,$0,$242,$2,$53,$0,$2,$58,$299,$269,$0,$0,$0,$269,$0,$3,$1,$30,$299,$1,$0,$0,$0,$2,$0,$0,$0,$2,$4,$-0,$0,$0,$0,$-13,$-13,$-5,$-17,$0,$-0,$-0,$0,$0,$-0,$17,$16,$3,$0,$-0
30,2011-03-31,7.25,$5.47,1.32,$2.64,2.74,$0.86,8.39,$0.56,12.83,$0.25B,$0.27B,0.91,$0.00B,$0.03B,0.0,$0.01B,$0.01B,85.71%,$0.01B,$0.00B,28.57%,$0.01B,0,0.00%,$0.01B,0,0.00%,$0.01B,$0.00B,28.57%,$0.01B,$0.00B,28.57%,$0.00B,$0.03B,13.91%,$0.00B,$0.03B,13.91%,$0.00B,$0.30B,1.45%,$0.00B,$0.03B,13.91%,$3,$0,$3,$0,$2,$2,$1,$0,$1,$0,$1,$1,$1,$0,$0,$5,5,$0.12,$0.12,$40,$0,$0,$245,$2,$49,$0,$2,$54,$299,$270,$0,$0,$0,$270,$0,$2,$1,$29,$299,$1,$0,$0,$0,$4,$0,$0,$0,$4,$5,$-0,$0,$0,$0,$-9,$-9,$3,$-6,$0,$-0,$-0,$0,$0,$0,$18,$17,$16,$0,$0
31,2010-12-31,7.41,$5.36,1.38,$2.66,2.78,$0.38,19.32,$0.58,12.67,$0.24B,$0.25B,0.94,$0.00B,$0.03B,0.0,$0.01B,$0.01B,85.71%,$0.01B,$0.00B,28.57%,$0.01B,0,0.00%,$0.01B,0,0.00%,$0.01B,$0.00B,28.57%,$0.01B,$0.00B,28.57%,$0.00B,$0.03B,14.04%,$0.00B,$0.03B,14.04%,$0.00B,$0.28B,1.49%,$0.00B,$0.03B,14.04%,$4,$0,$3,$0,$2,$3,$1,$0,$1,$0,$1,$1,$1,$0,$0,$5,5,$0.15,$0.15,$24,$0,$0,$236,$2,$39,$0,$2,$44,$281,$252,$0,$0,$0,$252,$0,$2,$0,$29,$281,$3,$0,$1,$1,$-4,$0,$0,$0,$-4,$0,$0,$0,$0,$0,$-3,$-3,$6,$2,$0,$-7,$-7,$0,$0,$-2,$21,$12,$15,$0,$-2
32,2010-09-30,6.63,$5.44,1.22,$2.64,2.51,$0.77,8.57,$0.48,13.81,$0.22B,$0.23B,0.95,$0.00B,$0.03B,0.0,$0.01B,$0.01B,85.71%,$0.01B,$0.00B,21.43%,$0.01B,0,0.00%,$0.01B,0,0.00%,$0.01B,$0.00B,21.43%,$0.01B,$0.00B,21.43%,$0.00B,$0.03B,10.62%,$0.00B,$0.03B,10.62%,$0.00B,$0.26B,1.13%,$0.00B,$0.03B,10.62%,$4,$0,$3,$0,$2,$2,$1,$0,$1,$0,$1,$1,$1,$0,$0,$5,5,$0.16,$0.16,$6,$0,$0,$220,$2,$37,$0,$2,$41,$261,$232,$0,$0,$0,$232,$0,$2,$1,$29,$261,$2,$0,$0,$1,$-4,$0,$0,$0,$-4,$-2,$-0,$0,$0,$0,$1,$1,$5,$5,$0,$-7,$-7,$0,$0,$-1,$1,$-7,$-4,$0,$-1
33,2010-06-30,5.54,$5.15,1.08,$2.62,2.11,$1.50,3.69,$0.35,16.02,$0.22B,$0.23B,0.94,$0.00B,$0.03B,0.0,$0.01B,$0.01B,92.31%,$0.01B,$0.00B,15.38%,$0.01B,0,0.00%,$0.01B,0,0.00%,$0.01B,$0.00B,15.38%,$0.01B,$0.00B,15.38%,$0.00B,$0.03B,7.14%,$0.00B,$0.03B,7.14%,$0.00B,$0.26B,0.75%,$0.00B,$0.03B,7.14%,$3,$0,$3,$0,$2,$2,$1,$0,$1,$0,$1,$1,$1,$0,$0,$5,5,$0.14,$0.14,$13,$0,$0,$220,$2,$38,$0,$2,$43,$263,$234,$0,$0,$0,$234,$0,$6,$1,$28,$263,$1,$0,$0,$0,$-1,$0,$0,$0,$-1,$1,$-0,$0,$0,$0,$-2,$-2,$9,$7,$0,$-8,$-8,$0,$0,$-0,$3,$-5,$4,$0,$-0
34,2010-03-31,6.17,$5.24,1.18,$2.64,2.34,$1.25,4.94,$0.34,18.26,$0.23B,$0.24B,0.95,$0.00B,$0.03B,0.0,$0.01B,$0.01B,85.71%,$0.01B,$0.00B,14.29%,$0.01B,0,0.00%,$0.01B,0,0.00%,$0.01B,$0.00B,14.29%,$0.01B,$0.00B,14.29%,$0.00B,$0.03B,7.21%,$0.00B,$0.03B,7.21%,$0.00B,$0.27B,0.75%,$0.00B,$0.03B,7.21%,$3,$0,$3,$0,$2,$2,$1,$0,$1,$0,$1,$1,$1,$0,$0,$5,5,$0.13,$0.13,$18,$0,$0,$230,$2,$37,$0,$2,$41,$271,$243,$0,$0,$0,$243,$0,$5,$1,$28,$271,$1,$0,$0,$0,$1,$0,$0,$0,$1,$2,$0,$0,$0,$0,$0,$0,$2,$2,$0,$-0,$-0,$0,$0,$0,$4,$4,$8,$0,$0
35,2009-12-31,5.55,$5.17,1.07,$2.62,2.11,$0.84,6.58,$0.35,16.05,$0.23B,$0.24B,0.94,$0.00B,$0.03B,0.0,$0.01B,$0.01B,85.71%,$0.01B,$0.00B,14.29%,$0.01B,0,0.00%,$0.01B,0,0.00%,$0.01B,$0.00B,14.29%,$0.01B,$0.00B,14.29%,$0.00B,$0.03B,7.27%,$0.00B,$0.03B,7.27%,$0.00B,$0.27B,0.77%,$0.00B,$0.03B,7.27%,$4,$0,$3,$0,$3,$3,$0,$0,$0,$-0,$0,$0,$0,$0,$0,$5,5,$0.06,$0.06,$10,$0,$0,$225,$3,$37,$0,$2,$41,$266,$238,$0,$0,$0,$238,$0,$5,$1,$28,$266,$2,$0,$2,$2,$-1,$0,$0,$0,$-1,$3,$-0,$0,$0,$0,$1,$1,$-35,$-34,$0,$7,$7,$0,$0,$-2,$15,$20,$-11,$0,$-2
36,2009-09-30,7.16,$5.17,1.39,$2.56,2.8,$0.75,9.58,$0.44,16.16,$0.23B,$0.24B,0.95,$0.00B,$0.03B,0.0,$0.01B,$0.01B,92.31%,$0.01B,$0.00B,23.08%,$0.01B,0,0.00%,$0.01B,0,0.00%,$0.01B,$0.00B,23.08%,$0.01B,$0.00B,23.08%,$0.00B,$0.03B,11.01%,$0.00B,$0.03B,11.01%,$0.00B,$0.27B,1.18%,$0.00B,$0.03B,11.01%,$3,$0,$3,$0,$3,$3,$0,$0,$0,$0,$0,$0,$0,$0,$0,$5,5,$0.03,$0.03,$17,$0,$0,$231,$2,$38,$0,$1,$41,$271,$244,$0,$0,$0,$244,$0,$5,$1,$28,$271,$2,$0,$1,$1,$-1,$0,$1,$0,$-0,$3,$-0,$0,$0,$0,$1,$1,$-32,$-31,$0,$7,$7,$0,$0,$-2,$20,$25,$-3,$0,$-2
37,2009-06-30,5.62,$5.07,1.11,$2.53,2.22,$0.70,8.03,$0.56,10.12,$0.22B,$0.23B,0.95,$0.00B,$0.03B,0.0,$0.01B,$0.01B,92.31%,$0.01B,$0.00B,30.77%,$0.01B,0,0.00%,$0.01B,0,0.00%,$0.01B,$0.00B,30.77%,$0.01B,$0.00B,30.77%,$0.00B,$0.03B,14.95%,$0.00B,$0.03B,14.95%,$0.00B,$0.26B,1.63%,$0.00B,$0.03B,14.95%,$4,$0,$3,$0,$2,$2,$1,$0,$1,$0,$1,$1,$1,$0,$0,$5,5,$0.13,$0.13,$13,$0,$0,$218,$2,$37,$0,$0,$40,$258,$231,$0,$0,$0,$231,$0,$5,$1,$27,$258,$1,$0,$0,$0,$-2,$0,$0,$0,$-2,$-0,$-0,$0,$0,$0,$1,$1,$-20,$-19,$0,$7,$7,$0,$0,$-1,$7,$13,$-7,$0,$-1
38,2009-03-31,6.04,$5.07,1.19,$2.51,2.41,$0.99,6.12,$0.56,10.86,$0.21B,$0.22B,0.94,$0.00B,$0.03B,0.0,$0.01B,$0.01B,100.00%,$0.01B,$0.00B,33.33%,$0.01B,0,0.00%,$0.01B,0,0.00%,$0.01B,$0.00B,33.33%,$0.01B,$0.00B,33.33%,$0.00B,$0.03B,15.09%,$0.00B,$0.03B,15.09%,$0.00B,$0.25B,1.66%,$0.00B,$0.03B,15.09%,$3,$0,$3,$0,$2,$2,$1,$0,$1,$0,$1,$1,$1,$0,$0,$5,5,$0.14,$0.14,$12,$0,$0,$207,$2,$38,$0,$0,$40,$247,$220,$0,$0,$0,$220,$0,$5,$1,$27,$247,$1,$0,$0,$0,$-1,$0,$0,$0,$-1,$-0,$-0,$0,$0,$0,$0,$0,$-11,$-11,$0,$1,$1,$0,$0,$-1,$1,$2,$-8,$0,$-1
39,2008-12-31,6.76,$5.06,1.34,$2.58,2.62,$1.15,5.89,$0.56,12.16,$0.20B,$0.22B,0.94,$0.00B,$0.03B,0.0,$0.01B,$0.01B,92.31%,$0.01B,$0.00B,30.77%,$0.01B,0,0.00%,$0.01B,0,0.00%,$0.01B,$0.00B,30.77%,$0.01B,$0.00B,30.77%,$0.00B,$0.03B,15.24%,$0.00B,$0.03B,15.24%,$0.00B,$0.24B,1.70%,$0.00B,$0.03B,15.24%,$3,$0,$3,$0,$2,$2,$1,$0,$1,$0,$1,$1,$1,$0,$0,$5,5,$0.14,$0.15,$20,$0,$0,$203,$2,$38,$0,$0,$40,$244,$217,$0,$0,$0,$217,$0,$4,$1,$27,$244,$3,$0,$0,$0,$-1,$0,$-0,$0,$-1,$2,$-0,$0,$0,$0,$-1,$-1,$-24,$-25,$0,$0,$0,$0,$0,$-3,$17,$15,$-8,$0,$-3
40,2008-09-30,6.94,$4.96,1.4,$2.78,2.5,$1.83,3.79,$0.58,11.99,$0.20B,$0.21B,0.94,$0.00B,$0.03B,0.0,$0.01B,$0.01B,85.71%,$0.01B,$0.00B,28.57%,$0.01B,0,0.00%,$0.01B,0,0.00%,$0.01B,$0.00B,28.57%,$0.01B,$0.00B,28.57%,$0.00B,$0.03B,15.38%,$0.00B,$0.03B,15.38%,$0.00B,$0.24B,1.74%,$0.00B,$0.03B,15.38%,$3,$0,$3,$0,$2,$2,$1,$0,$1,$0,$1,$1,$1,$0,$0,$5,5,$0.14,$0.14,$19,$0,$0,$196,$2,$37,$0,$0,$40,$235,$209,$0,$0,$0,$209,$0,$4,$1,$26,$235,$2,$0,$0,$0,$-0,$0,$0,$0,$-0,$2,$-0,$0,$0,$0,$-1,$-1,$-18,$-19,$0,$-0,$-0,$0,$0,$-2,$9,$8,$-9,$0,$-2
41,2008-06-30,6.8,$4.95,1.37,$2.99,2.27,$2.54,2.68,$0.62,10.91,$0.19B,$0.21B,0.92,$0.00B,$0.03B,0.0,$0.02B,$0.01B,80.00%,$0.02B,$0.00B,26.67%,$0.02B,0,0.00%,$0.02B,0,0.00%,$0.02B,$0.00B,26.67%,$0.02B,$0.00B,26.67%,$0.00B,$0.03B,15.53%,$0.00B,$0.03B,15.53%,$0.00B,$0.24B,1.76%,$0.00B,$0.03B,15.53%,$3,$0,$3,$0,$2,$2,$1,$0,$1,$0,$1,$1,$1,$0,$0,$5,5,$0.13,$0.13,$26,$0,$0,$192,$2,$40,$0,$0,$43,$235,$209,$0,$0,$0,$209,$0,$4,$0,$26,$235,$1,$0,$0,$0,$-0,$0,$0,$0,$-0,$1,$-0,$0,$0,$0,$-4,$-4,$-7,$-11,$0,$0,$0,$0,$0,$-1,$9,$8,$-2,$0,$-1
42,2008-03-31,7.82,$5.00,1.56,$3.23,2.42,$2.81,2.78,$0.68,11.56,$0.19B,$0.20B,0.94,$0.00B,$0.03B,0.0,$0.02B,$0.01B,70.59%,$0.02B,$0.00B,23.53%,$0.02B,0,0.00%,$0.02B,0,0.00%,$0.02B,$0.00B,23.53%,$0.02B,$0.00B,23.53%,$0.00B,$0.03B,15.84%,$0.00B,$0.03B,15.84%,$0.00B,$0.23B,1.75%,$0.00B,$0.03B,15.84%,$4,$1,$3,$0,$2,$3,$1,$0,$1,$0,$1,$1,$1,$0,$0,$5,5,$0.15,$0.14,$28,$0,$0,$188,$3,$36,$0,$0,$39,$227,$200,$0,$0,$0,$200,$0,$4,$1,$26,$227,$1,$0,$0,$0,$-1,$0,$0,$0,$-0,$1,$0,$0,$0,$0,$0,$0,$-1,$-1,$0,$-0,$-0,$0,$0,$-1,$1,$-0,$-1,$0,$-1
43,2007-12-31,7.31,$4.88,1.5,$3.41,2.14,$3.21,2.28,$0.73,10.03,$0.19B,$0.20B,0.94,$0.00B,$0.03B,0.0,$0.02B,$0.01B,66.67%,$0.02B,$0.01B,27.78%,$0.02B,0,0.00%,$0.02B,0,0.00%,$0.02B,$0.01B,27.78%,$0.02B,$0.00B,22.22%,$0.00B,$0.03B,16.16%,$0.00B,$0.03B,16.16%,$0.00B,$0.23B,1.71%,$0.01B,$0.03B,20.20%,$4,$1,$3,$0,$2,$3,$1,$0,$1,$0,$1,$1,$1,$0,$0,$5,5,$0.17,$0.17,$28,$0,$0,$186,$3,$36,$0,$0,$39,$225,$199,$0,$0,$0,$199,$0,$4,$0,$26,$225,$4,$0,$-0,$0,$2,$0,$-0,$0,$2,$6,$-0,$0,$0,$0,$6,$6,$2,$8,$0,$-2,$-2,$0,$0,$-3,$-18,$-22,$-9,$0,$-3
44,2007-09-30,7.9,$4.77,1.66,$3.48,2.27,$2.70,2.93,$0.75,10.52,$0.19B,$0.20B,0.95,$0.00B,$0.03B,0.0,$0.02B,$0.01B,63.16%,$0.02B,$0.01B,31.58%,$0.02B,0,0.00%,$0.02B,0,0.00%,$0.02B,$0.01B,31.58%,$0.02B,$0.00B,21.05%,$0.00B,$0.03B,16.49%,$0.00B,$0.03B,16.49%,$0.00B,$0.22B,1.68%,$0.01B,$0.03B,24.74%,$4,$1,$3,$0,$2,$3,$1,$0,$1,$0,$1,$1,$1,$0,$0,$5,5,$0.18,$0.18,$33,$0,$0,$189,$3,$32,$0,$0,$35,$224,$199,$0,$0,$0,$199,$0,$4,$0,$25,$224,$3,$0,$-0,$0,$3,$0,$-0,$0,$3,$6,$-0,$0,$0,$0,$9,$9,$3,$12,$0,$0,$0,$0,$0,$-2,$-20,$-22,$-4,$0,$-2
45,2007-06-30,8.04,$4.43,1.81,$3.51,2.29,$1.94,4.14,$0.77,10.49,$0.19B,$0.21B,0.9,$0.00B,$0.02B,0.0,$0.02B,$0.01B,60.00%,$0.02B,$0.01B,35.00%,$0.02B,0,0.00%,$0.02B,0,0.00%,$0.02B,$0.01B,35.00%,$0.02B,$0.00B,20.00%,$0.00B,$0.02B,16.84%,$0.00B,$0.02B,16.84%,$0.00B,$0.24B,1.66%,$0.01B,$0.02B,29.47%,$5,$1,$3,$0,$2,$3,$1,$0,$1,$1,$1,$1,$1,$0,$0,$5,5,$0.18,$0.18,$26,$0,$0,$191,$3,$42,$0,$1,$45,$236,$212,$0,$0,$0,$212,$0,$3,$-0,$24,$236,$2,$0,$0,$0,$1,$0,$-0,$0,$0,$3,$-0,$0,$0,$0,$-2,$-2,$-3,$-5,$0,$-2,$-2,$0,$0,$-1,$-5,$-9,$-11,$0,$-1
46,2007-03-31,8.03,$4.62,1.74,$3.48,2.31,$1.24,6.46,$0.78,10.28,$0.20B,$0.23B,0.9,$0.00B,$0.02B,0.0,$0.02B,$0.01B,63.16%,$0.02B,$0.01B,42.11%,$0.02B,0,0.00%,$0.02B,0,0.00%,$0.02B,$0.01B,42.11%,$0.02B,$0.00B,21.05%,$0.00B,$0.02B,17.20%,$0.00B,$0.02B,17.20%,$0.00B,$0.25B,1.66%,$0.01B,$0.02B,34.41%,$5,$1,$3,$0,$2,$3,$2,$0,$2,$1,$1,$1,$1,$0,$0,$5,5,$0.20,$0.20,$34,$0,$0,$203,$3,$43,$0,$1,$46,$249,$225,$0,$0,$0,$225,$0,$3,$0,$24,$249,$1,$0,$0,$0,$1,$0,$0,$0,$2,$3,$-0,$0,$0,$0,$-2,$-2,$-8,$-9,$0,$-2,$-2,$0,$0,$-1,$7,$4,$-2,$0,$-1
47,2006-12-31,7.8,$4.52,1.73,$3.35,2.33,$1.01,7.74,$0.72,10.86,$0.20B,$0.22B,0.91,$0.00B,$0.02B,0.0,$0.02B,$0.01B,66.67%,$0.02B,$0.01B,38.89%,$0.02B,0,0.00%,$0.02B,0,0.00%,$0.02B,$0.01B,38.89%,$0.02B,$0.00B,22.22%,$0.00B,$0.02B,17.58%,$0.00B,$0.02B,17.58%,$0.00B,$0.24B,1.67%,$0.01B,$0.02B,30.77%,$5,$1,$3,$0,$2,$3,$2,$0,$2,$1,$1,$1,$1,$0,$0,$5,5,$0.20,$0.20,$37,$0,$0,$199,$3,$41,$0,$1,$44,$243,$220,$0,$0,$0,$220,$0,$3,$0,$24,$243,$4,$0,$0,$0,$-1,$0,$0,$0,$-1,$3,$-0,$0,$0,$0,$-1,$-1,$-3,$-3,$0,$1,$1,$1,$1,$-2,$17,$17,$16,$0,$-2
