,Date,Stock Price,Book Value per Share,Price to Book Ratio,TTM Sales per Share,Price to Sales Ratio,TTM FCF per Share,Price to FCF Ratio,TTM Net EPS,PE Ratio,Current Assets,Current Liabilities,Current Ratio,Long Term Debt,Shareholder's Equity_x,Debt to Equity Ratio,TTM Revenue_x,TTM Gross Profit,Gross Margin,TTM Revenue_y,TTM Operating Income,Operating Margin,TTM Revenue_x,TTM EBIT,EBIT Margin,TTM Revenue_y,TTM EBITDA,EBITDA Margin,TTM Revenue_x,TTM Pre-Tax Income,Pre-Tax Margin,TTM Revenue_y,TTM Net Income_x,Net Margin,TTM Net Income_y,Shareholder's Equity_y,Return on Equity,TTM Net Income_x,Tangible Equity,Return on Tangible Equity,TTM Net Income_y,Total Assets,Return on Assets,TTM Net Income,LT Investments & Debt,Return on Investment,revenue,cost-goods-sold,gross-profit,research-development-expenses,selling-general-administrative-expenses,operating-expenses,operating-income,total-non-operating-income-expense,pre-tax-income,total-provision-income-taxes,income-after-taxes,income-from-continuous-operations,net-income,ebitda,ebit,basic-shares-outstanding,shares-outstanding,eps-basic-net-earnings-per-share,eps-earnings-per-share-diluted,cash-on-hand,inventory,other-current-assets,total-current-assets,net-property-plant-equipment,long-term-investments,goodwill-intangible-assets-total,other-long-term-assets,total-long-term-assets,total-assets,total-current-liabilities,long-term-debt,other-non-current-liabilities,total-long-term-liabilities,total-liabilities,common-stock-net,retained-earnings-accumulated-deficit,comprehensive-income,total-share-holder-equity,total-liabilities-share-holders-equity,net-income-loss,total-depreciation-amortization-cash-flow,other-non-cash-items,total-non-cash-items,change-in-accounts-receivable,change-in-inventories,change-in-accounts-payable,change-in-assets-liabilities,total-change-in-assets-liabilities,cash-flow-from-operating-activities,net-change-in-property-plant-equipment,net-change-in-intangible-assets,net-acquisitions-divestitures,net-change-in-short-term-investments,net-change-in-long-term-investments,net-change-in-investments-total,investing-activities-other,cash-flow-from-investing-activities,net-long-term-debt,net-current-debt,debt-issuance-retirement-net-total,net-common-equity-issued-repurchased,net-total-equity-issued-repurchased,total-common-preferred-stock-dividends-paid,financial-activities-other,cash-flow-from-financial-activities,net-cash-flow,stock-based-compensation,common-stock-dividends-paid
0,2018-09-30,35.4,$29.63,1.19,$14.16,2.5,$8.58,4.13,$6.28,5.64,$22.11B,$22.88B,0.97,$4.95B,$3.08B,1.61,$1.49B,$1.14B,76.34%,$1.49B,$0.47B,31.23%,$1.49B,0,0.00%,$1.49B,0,0.00%,$1.49B,$0.47B,31.23%,$1.49B,$0.66B,44.50%,$0.66B,$3.08B,21.71%,$0.66B,$3.00B,22.28%,$0.66B,$31.51B,2.15%,$0.47B,$8.02B,5.93%,$396,$106,$291,$0,$114,$278,$119,$0,$119,$21,$97,$97,$94,$0,$0,$104,104,$0.90,$0.90,$280,$0,$0,$22111,$662,$7501,$78,$1162,$9402,$31514,$22883,$4946,$610,$5556,$28439,$1,$1667,$42,$3075,$31514,$272,$-44,$78,$34,$44,$0,$0,$53,$97,$404,$-86,$0,$0,$-7,$-484,$-492,$-359,$-937,$175,$0,$175,$-142,$-142,$-69,$655,$618,$85,$18,$-69
1,2018-06-30,40.63,$29.17,1.39,$13.78,2.95,$7.02,5.79,$6.00,6.77,$22.16B,$22.58B,0.98,$5.07B,$3.10B,1.64,$1.46B,$1.14B,78.34%,$1.46B,$0.45B,30.64%,$1.46B,0,0.00%,$1.46B,0,0.00%,$1.46B,$0.45B,30.64%,$1.46B,$0.64B,43.52%,$0.64B,$3.10B,21.56%,$0.64B,$3.02B,22.14%,$0.64B,$31.35B,2.09%,$0.45B,$8.17B,5.79%,$381,$94,$287,$0,$117,$264,$117,$0,$117,$27,$90,$90,$86,$0,$0,$105,105,$0.82,$0.82,$379,$0,$0,$22161,$591,$7382,$78,$1138,$9189,$31350,$22581,$5071,$598,$5669,$28250,$1,$1592,$51,$3099,$31350,$175,$-33,$38,$6,$8,$0,$0,$41,$49,$230,$-6,$0,$0,$-13,$-203,$-215,$-352,$-574,$300,$0,$300,$-47,$-47,$-46,$321,$529,$185,$12,$-46
2,2018-03-31,39.56,$28.57,1.38,$13.27,2.98,$5.64,7.01,$5.78,6.84,$21.58B,$22.64B,0.95,$4.40B,$3.03B,1.45,$1.41B,$1.13B,79.96%,$1.41B,$0.43B,30.21%,$1.41B,0,0.00%,$1.41B,0,0.00%,$1.41B,$0.43B,30.21%,$1.41B,$0.61B,43.57%,$0.61B,$3.03B,21.77%,$0.61B,$2.96B,22.39%,$0.61B,$30.43B,2.05%,$0.43B,$7.43B,5.62%,$356,$80,$276,$0,$115,$245,$111,$0,$111,$26,$85,$85,$82,$0,$0,$105,106,$0.78,$0.77,$200,$0,$0,$21576,$591,$7006,$78,$1182,$8857,$30433,$22642,$4396,$361,$4757,$27400,$1,$1525,$56,$3033,$30433,$85,$-15,$20,$5,$-15,$0,$0,$63,$48,$138,$-1,$0,$0,$16,$-98,$-82,$6,$-76,$-375,$0,$-375,$-48,$-48,$-23,$389,$-56,$5,$7,$-23
3,2017-12-31,40.09,$28.32,1.42,$12.87,3.12,$4.42,9.07,$5.58,7.18,$21.50B,$22.28B,0.97,$4.77B,$3.03B,1.58,$1.36B,$1.11B,81.29%,$1.36B,$0.40B,29.64%,$1.36B,0,0.00%,$1.36B,0,0.00%,$1.36B,$0.40B,29.64%,$1.36B,$0.59B,43.36%,$0.59B,$3.03B,21.96%,$0.59B,$2.95B,22.62%,$0.59B,$30.35B,2.02%,$0.40B,$7.80B,5.36%,$359,$74,$285,$0,$116,$240,$119,$0,$119,$-299,$418,$418,$402,$0,$0,$105,106,$3.81,$3.79,$195,$0,$0,$21500,$600,$6957,$78,$1212,$8847,$30347,$22281,$4771,$269,$5040,$27321,$1,$1472,$55,$3026,$30347,$614,$-11,$83,$71,$-12,$0,$0,$-355,$-367,$319,$-95,$0,$0,$18,$-584,$-565,$-1792,$-2453,$-469,$0,$-469,$62,$62,$-92,$2379,$1880,$-254,$23,$-92
4,2017-09-30,34.81,$24.56,1.42,$12.44,2.8,$4.43,7.86,$2.38,14.62,$20.78B,$21.63B,0.96,$4.87B,$2.62B,1.86,$1.31B,$1.08B,82.38%,$1.31B,$0.38B,28.76%,$1.31B,0,0.00%,$1.31B,0,0.00%,$1.31B,$0.38B,28.76%,$1.31B,$0.25B,19.07%,$0.25B,$2.62B,9.85%,$0.25B,$2.55B,10.16%,$0.25B,$29.56B,0.87%,$0.38B,$7.49B,5.03%,$363,$68,$295,$0,$140,$263,$100,$0,$100,$32,$68,$68,$65,$0,$0,$106,106,$0.62,$0.62,$293,$0,$0,$20776,$588,$7174,$78,$915,$8779,$29555,$21626,$4871,$434,$5305,$26931,$1,$1077,$53,$2623,$29555,$196,$-12,$58,$47,$11,$0,$0,$-22,$-12,$231,$-74,$0,$0,$14,$-667,$-653,$-1058,$-1785,$-369,$0,$-369,$62,$62,$-69,$1774,$1398,$-156,$14,$-69
5,2017-06-30,32.78,$24.16,1.36,$11.87,2.76,$4.64,7.07,$2.23,14.7,$20.33B,$21.18B,0.96,$4.95B,$2.58B,1.92,$1.24B,$1.03B,83.02%,$1.24B,$0.35B,28.24%,$1.24B,0,0.00%,$1.24B,0,0.00%,$1.24B,$0.35B,28.24%,$1.24B,$0.23B,18.83%,$0.23B,$2.58B,9.45%,$0.23B,$2.50B,9.76%,$0.23B,$28.99B,0.83%,$0.35B,$7.53B,4.67%,$329,$59,$269,$0,$120,$233,$95,$0,$95,$29,$66,$66,$64,$0,$0,$106,106,$0.60,$0.60,$228,$0,$0,$20333,$573,$7009,$78,$974,$8661,$28994,$21181,$4950,$282,$5232,$26413,$1,$1032,$59,$2581,$28994,$129,$-10,$42,$32,$17,$0,$0,$-49,$-32,$129,$-50,$0,$0,$12,$-622,$-610,$-715,$-1375,$-290,$0,$-290,$62,$62,$-46,$1300,$1026,$-220,$10,$-46
6,2017-03-31,36.07,$23.71,1.52,$11.56,3.12,$5.20,6.94,$2.15,16.78,$19.58B,$20.33B,0.96,$4.78B,$2.53B,1.89,$1.20B,$1.01B,83.62%,$1.20B,$0.34B,28.35%,$1.20B,0,0.00%,$1.20B,0,0.00%,$1.20B,$0.34B,28.35%,$1.20B,$0.22B,18.62%,$0.22B,$2.53B,9.28%,$0.22B,$2.46B,9.59%,$0.22B,$27.99B,0.82%,$0.34B,$7.31B,4.57%,$312,$53,$259,$0,$116,$222,$90,$0,$90,$28,$62,$62,$60,$0,$0,$105,105,$0.57,$0.57,$239,$0,$0,$19582,$559,$6686,$78,$1030,$8407,$27989,$20327,$4775,$354,$5129,$25456,$1,$989,$59,$2533,$27989,$62,$-3,$6,$4,$7,$0,$0,$-37,$-30,$35,$-27,$0,$0,$20,$-259,$-239,$-8,$-275,$-465,$0,$-465,$62,$62,$-23,$457,$31,$-209,$5,$-23
7,2016-12-31,36.23,$23.22,1.56,$11.25,3.22,$5.66,6.4,$2.09,17.34,$19.73B,$19.89B,0.99,$5.24B,$2.42B,2.17,$1.17B,$0.98B,83.86%,$1.17B,$0.34B,28.76%,$1.17B,0,0.00%,$1.17B,0,0.00%,$1.17B,$0.34B,28.76%,$1.17B,$0.22B,18.63%,$0.22B,$2.42B,9.25%,$0.22B,$2.34B,9.57%,$0.22B,$27.88B,0.82%,$0.34B,$7.66B,4.61%,$307,$50,$257,$0,$110,$215,$92,$0,$92,$29,$63,$63,$61,$0,$0,$103,104,$0.60,$0.59,$448,$0,$0,$19732,$540,$6368,$78,$1162,$8148,$27880,$19894,$5239,$329,$5568,$25462,$1,$950,$41,$2418,$27880,$226,$-40,$45,$5,$19,$0,$0,$58,$77,$309,$-88,$0,$0,$-64,$-1205,$-1270,$-2469,$-3826,$1230,$0,$1230,$1,$1,$-90,$2558,$3699,$181,$18,$-90
8,2016-09-30,28.82,$22.79,1.26,$10.92,2.64,$3.84,7.5,$2.02,14.27,$19.19B,$19.24B,1.0,$5.22B,$2.37B,2.2,$1.13B,$0.95B,84.25%,$1.13B,$0.33B,29.12%,$1.13B,0,0.00%,$1.13B,0,0.00%,$1.13B,$0.33B,29.12%,$1.13B,$0.21B,18.58%,$0.21B,$2.37B,9.12%,$0.21B,$2.30B,9.44%,$0.21B,$27.27B,0.82%,$0.33B,$7.59B,4.76%,$295,$48,$247,$0,$127,$221,$74,$0,$74,$24,$51,$51,$49,$0,$0,$103,104,$0.47,$0.47,$262,$0,$0,$19192,$516,$6241,$78,$1179,$8073,$27265,$19239,$5219,$434,$5653,$24892,$1,$909,$43,$2373,$27265,$162,$-51,$60,$8,$21,$0,$0,$35,$56,$227,$-52,$0,$0,$-63,$-1013,$-1076,$-2195,$-3323,$1210,$0,$1210,$0,$0,$-67,$1947,$3090,$-6,$13,$-67
9,2016-06-30,29.12,$22.38,1.3,$10.54,2.76,$2.24,13.02,$2.50,11.65,$18.48B,$18.64B,0.99,$4.94B,$2.33B,2.12,$1.09B,$0.93B,84.86%,$1.09B,$0.33B,29.82%,$1.09B,0,0.00%,$1.09B,0,0.00%,$1.09B,$0.33B,29.82%,$1.09B,$0.26B,23.76%,$0.26B,$2.33B,11.45%,$0.26B,$2.25B,11.86%,$0.26B,$26.31B,1.06%,$0.33B,$7.28B,4.93%,$289,$46,$243,$0,$114,$205,$85,$0,$85,$28,$57,$57,$54,$0,$0,$103,104,$0.53,$0.52,$360,$0,$0,$18476,$479,$5967,$78,$1237,$7833,$26309,$18635,$4944,$399,$5343,$23978,$1,$881,$34,$2331,$26309,$112,$-25,$26,$1,$18,$0,$0,$13,$31,$144,$-9,$0,$0,$-52,$-752,$-804,$-1442,$-2254,$935,$0,$935,$0,$0,$-45,$1312,$2203,$92,$9,$-45
10,2016-03-31,32.46,$21.74,1.49,$10.02,3.24,$0.53,61.0,$2.41,13.47,$17.29B,$17.92B,0.97,$4.26B,$2.26B,1.88,$1.04B,$0.88B,85.41%,$1.04B,$0.31B,29.95%,$1.04B,0,0.00%,$1.04B,0,0.00%,$1.04B,$0.31B,29.95%,$1.04B,$0.25B,24.15%,$0.25B,$2.26B,11.28%,$0.25B,$2.19B,11.69%,$0.25B,$24.82B,1.08%,$0.31B,$6.52B,4.97%,$274,$44,$230,$0,$100,$190,$84,$0,$84,$29,$55,$55,$53,$0,$0,$103,104,$0.51,$0.51,$246,$0,$0,$17286,$479,$5603,$78,$1270,$7533,$24819,$17917,$4259,$379,$4638,$22555,$1,$846,$6,$2264,$24819,$55,$-17,$17,$0,$-4,$0,$0,$7,$3,$58,$-2,$0,$0,$-23,$-477,$-500,$-407,$-909,$250,$0,$250,$0,$0,$-22,$602,$829,$-22,$4,$-22
11,2015-12-31,33.77,$21.65,1.56,$9.56,3.53,$-0.25,0.0,$2.34,14.43,$16.83B,$17.34B,0.97,$4.01B,$2.24B,1.79,$0.98B,$0.85B,86.08%,$0.98B,$0.30B,30.18%,$0.98B,0,0.00%,$0.98B,0,0.00%,$0.98B,$0.30B,30.18%,$0.98B,$0.24B,24.59%,$0.24B,$2.24B,11.10%,$0.24B,$2.17B,11.51%,$0.24B,$23.88B,1.10%,$0.30B,$6.25B,4.98%,$272,$39,$232,$0,$108,$186,$86,$0,$86,$29,$56,$56,$54,$0,$0,$102,103,$0.53,$0.53,$268,$0,$0,$16826,$484,$5090,$78,$1301,$7058,$23883,$17341,$4008,$290,$4299,$21640,$1,$814,$22,$2244,$23883,$252,$-55,$28,$-27,$-2,$0,$0,$-2,$-5,$219,$-187,$0,$-278,$-28,$-441,$-470,$-3674,$-4609,$1092,$0,$1092,$36,$36,$-89,$3431,$4469,$80,$16,$-89
12,2015-09-30,33.47,$21.35,1.57,$9.10,3.68,$-2.31,0.0,$2.27,14.75,$15.64B,$15.90B,0.98,$4.09B,$2.21B,1.85,$0.93B,$0.81B,86.57%,$0.93B,$0.27B,29.11%,$0.93B,0,0.00%,$0.93B,0,0.00%,$0.93B,$0.27B,29.32%,$0.93B,$0.23B,25.03%,$0.23B,$2.21B,10.93%,$0.23B,$2.13B,11.32%,$0.23B,$22.54B,1.12%,$0.27B,$6.30B,4.72%,$255,$35,$220,$0,$117,$185,$70,$0,$70,$-32,$102,$102,$98,$0,$0,$102,103,$0.96,$0.95,$276,$0,$0,$15640,$402,$4889,$78,$1374,$6897,$22538,$15898,$4094,$335,$4429,$20327,$1,$780,$31,$2211,$22538,$195,$-92,$26,$-67,$4,$0,$0,$27,$31,$160,$-152,$0,$-278,$-26,$-212,$-238,$-2570,$-3238,$775,$0,$775,$33,$33,$-67,$2425,$3166,$89,$12,$-67
13,2015-06-30,33.44,$20.74,1.61,$8.78,3.81,$-3.15,0.0,$1.83,18.27,$14.45B,$15.25B,0.95,$3.74B,$2.15B,1.74,$0.89B,$0.77B,86.77%,$0.89B,$0.27B,30.72%,$0.89B,0,0.00%,$0.89B,0,0.00%,$0.89B,$0.28B,30.94%,$0.89B,$0.19B,20.85%,$0.19B,$2.15B,8.90%,$0.19B,$2.07B,9.22%,$0.19B,$21.40B,0.95%,$0.27B,$5.89B,5.15%,$234,$32,$202,$0,$101,$164,$70,$0,$70,$24,$47,$47,$45,$0,$0,$102,103,$0.44,$0.43,$165,$0,$0,$14446,$418,$5011,$79,$1365,$6956,$21402,$15247,$3744,$265,$4009,$19255,$1,$700,$51,$2146,$21402,$93,$-27,$23,$-4,$4,$0,$0,$-16,$-12,$76,$-117,$0,$-278,$-11,$-312,$-323,$-1547,$-2265,$425,$0,$425,$33,$33,$-44,$1752,$2166,$-23,$7,$-44
14,2015-03-31,30.3,$20.46,1.48,$8.62,3.52,$-3.16,0.0,$1.86,16.29,$13.45B,$14.26B,0.94,$3.29B,$2.12B,1.56,$0.87B,$0.76B,87.13%,$0.87B,$0.28B,31.84%,$0.87B,0,0.00%,$0.87B,0,0.00%,$0.87B,$0.28B,32.07%,$0.87B,$0.19B,21.61%,$0.19B,$2.12B,9.14%,$0.19B,$2.05B,9.46%,$0.19B,$19.98B,1.02%,$0.28B,$5.41B,5.51%,$223,$29,$193,$0,$97,$151,$71,$0,$71,$25,$46,$46,$45,$0,$0,$101,102,$0.44,$0.44,$304,$0,$0,$13446,$366,$4649,$68,$1362,$6538,$19983,$14261,$3294,$313,$3607,$17868,$1,$676,$49,$2116,$19983,$46,$-34,$34,$0,$-10,$0,$0,$-8,$-19,$28,$-53,$0,$0,$8,$103,$111,$-724,$-666,$-25,$0,$-25,$33,$33,$-22,$769,$755,$117,$3,$-22
15,2014-12-31,26.64,$20.19,1.32,$8.63,3.09,$-3.18,0.0,$1.95,13.66,$12.51B,$13.52B,0.93,$3.31B,$2.05B,1.61,$0.87B,$0.76B,87.79%,$0.87B,$0.29B,33.64%,$0.87B,0,0.00%,$0.87B,0,0.00%,$0.87B,$0.29B,33.87%,$0.87B,$0.20B,22.58%,$0.20B,$2.05B,9.69%,$0.20B,$1.98B,10.03%,$0.20B,$19.21B,1.13%,$0.29B,$5.36B,6.10%,$219,$29,$191,$0,$101,$159,$60,$0,$62,$15,$47,$47,$45,$0,$0,$100,101,$0.45,$0.45,$188,$0,$0,$12508,$315,$4787,$68,$1415,$6702,$19211,$13522,$3308,$328,$3636,$17158,$1,$652,$46,$2053,$19211,$204,$-180,$-41,$-221,$-22,$0,$0,$-11,$-33,$-50,$-127,$0,$0,$-40,$-831,$-871,$-2810,$-3808,$895,$0,$895,$1,$1,$-88,$2984,$3792,$-65,$16,$-88
16,2014-09-30,27.83,$20.07,1.39,$8.55,3.25,$-1.21,0.0,$2.00,13.92,$11.36B,$12.83B,0.89,$2.59B,$2.04B,1.27,$0.86B,$0.76B,88.01%,$0.86B,$0.30B,35.27%,$0.86B,0,0.00%,$0.86B,0,0.00%,$0.86B,$0.31B,35.51%,$0.86B,$0.20B,23.40%,$0.20B,$2.04B,10.10%,$0.20B,$1.97B,10.46%,$0.20B,$17.68B,1.23%,$0.30B,$4.63B,6.68%,$216,$28,$188,$0,$96,$142,$73,$0,$73,$20,$54,$54,$51,$0,$0,$100,101,$0.51,$0.51,$348,$0,$0,$11357,$242,$4463,$69,$1451,$6324,$17681,$12834,$2594,$213,$2807,$15641,$1,$627,$63,$2040,$17681,$157,$-181,$-6,$-187,$-25,$0,$0,$3,$-22,$-52,$-25,$0,$0,$-7,$-658,$-665,$-1604,$-2293,$169,$0,$169,$1,$1,$-66,$2337,$2440,$95,$12,$-66
17,2014-06-30,30.36,$19.82,1.53,$8.43,3.6,$-1.58,0.0,$2.01,15.1,$10.88B,$12.04B,0.9,$2.70B,$2.02B,1.34,$0.84B,$0.75B,88.39%,$0.84B,$0.31B,36.61%,$0.84B,0,0.00%,$0.84B,0,0.00%,$0.84B,$0.31B,36.85%,$0.84B,$0.20B,23.93%,$0.20B,$2.02B,10.35%,$0.20B,$1.95B,10.72%,$0.20B,$17.01B,1.30%,$0.31B,$4.71B,6.96%,$212,$26,$186,$0,$99,$140,$73,$0,$73,$24,$49,$49,$47,$0,$0,$100,101,$0.46,$0.46,$379,$0,$0,$10883,$200,$4255,$69,$1523,$6125,$17008,$12037,$2699,$258,$2957,$14994,$1,$595,$74,$2015,$17008,$104,$-123,$-4,$-127,$-20,$0,$0,$-8,$-28,$-52,$10,$0,$0,$-12,$-358,$-369,$-1219,$-1578,$274,$0,$274,$1,$1,$-44,$1524,$1756,$126,$7,$-44
18,2014-03-31,31.33,$19.47,1.61,$8.32,3.77,$-1.50,0.0,$2.07,15.13,$10.17B,$11.12B,0.91,$2.47B,$1.98B,1.25,$0.83B,$0.74B,88.69%,$0.83B,$0.32B,38.87%,$0.83B,0,0.00%,$0.83B,0,0.00%,$0.83B,$0.33B,39.11%,$0.83B,$0.21B,24.91%,$0.21B,$1.98B,10.83%,$0.21B,$1.91B,11.23%,$0.21B,$15.75B,1.42%,$0.32B,$4.45B,7.56%,$221,$24,$197,$0,$95,$135,$86,$0,$86,$31,$55,$55,$53,$0,$0,$100,100,$0.53,$0.53,$263,$0,$0,$10168,$209,$3681,$69,$1548,$5583,$15752,$11124,$2474,$175,$2648,$13772,$1,$569,$70,$1980,$15752,$55,$-65,$-3,$-69,$-21,$0,$0,$15,$-5,$-19,$-8,$0,$0,$-2,$131,$129,$-728,$-606,$50,$0,$50,$1,$1,$-22,$607,$635,$10,$4,$-22
19,2013-12-31,29.29,$19.09,1.53,$8.10,3.62,$-1.78,0.0,$2.01,14.57,$9.24B,$10.53B,0.88,$2.41B,$1.93B,1.25,$0.81B,$0.71B,88.59%,$0.81B,$0.32B,39.21%,$0.81B,0,0.00%,$0.81B,0,0.00%,$0.81B,$0.32B,39.45%,$0.81B,$0.20B,24.69%,$0.20B,$1.93B,10.60%,$0.20B,$1.86B,11.00%,$0.20B,$15.05B,1.44%,$0.32B,$4.34B,7.66%,$210,$24,$185,$0,$85,$139,$71,$0,$73,$21,$52,$52,$50,$0,$0,$98,100,$0.51,$0.50,$253,$0,$0,$9237,$196,$3789,$69,$1684,$5810,$15047,$10532,$2414,$171,$2586,$13118,$1,$535,$57,$1929,$15047,$209,$-351,$4,$-346,$18,$0,$0,$52,$70,$-67,$89,$0,$-162,$-19,$466,$447,$-2981,$-2607,$495,$0,$495,$10,$10,$-65,$1992,$2431,$-243,$14,$-65
20,2013-09-30,27.75,$18.70,1.48,$8.05,3.45,$-4.45,0.0,$2.12,13.09,$8.27B,$9.85B,0.84,$2.36B,$1.89B,1.25,$0.79B,$0.69B,87.96%,$0.79B,$0.32B,40.81%,$0.79B,0,0.00%,$0.79B,0,0.00%,$0.79B,$0.35B,43.73%,$0.79B,$0.21B,26.11%,$0.21B,$1.89B,11.15%,$0.21B,$1.82B,11.59%,$0.21B,$14.31B,1.56%,$0.32B,$4.25B,8.11%,$201,$24,$178,$0,$87,$123,$79,$0,$79,$24,$54,$54,$52,$0,$0,$100,100,$0.52,$0.52,$526,$0,$0,$8273,$0,$4022,$69,$1864,$6035,$14308,$9854,$2364,$204,$2568,$12422,$1,$505,$53,$1886,$14308,$157,$-277,$-1,$-278,$11,$0,$0,$68,$79,$-43,$-70,$0,$0,$-17,$232,$215,$-1814,$-1670,$468,$0,$468,$7,$7,$-43,$1311,$1743,$30,$11,$-43
21,2013-06-30,22.81,$18.43,1.24,$8.01,2.85,$-4.92,0.0,$2.08,10.96,$6.96B,$9.03B,0.77,$2.20B,$1.85B,1.19,$0.78B,$0.68B,86.86%,$0.78B,$0.33B,41.58%,$0.78B,0,0.00%,$0.78B,0,0.00%,$0.78B,$0.35B,44.39%,$0.78B,$0.20B,25.38%,$0.20B,$1.85B,10.97%,$0.20B,$1.78B,11.41%,$0.20B,$13.23B,1.56%,$0.33B,$4.05B,8.35%,$199,$22,$177,$0,$90,$112,$87,$0,$87,$33,$54,$54,$52,$0,$0,$99,100,$0.52,$0.52,$214,$0,$0,$6964,$0,$4289,$69,$1848,$6269,$13233,$9033,$2197,$152,$2348,$11381,$1,$472,$62,$1853,$13233,$102,$-193,$13,$-180,$6,$0,$0,$27,$32,$-46,$13,$0,$0,$-9,$-32,$-41,$-969,$-997,$273,$0,$273,$2,$2,$-22,$508,$761,$-282,$7,$-22
22,2013-03-31,22.46,$18.35,1.22,$8.03,2.8,$-6.48,0.0,$2.04,11.01,$6.25B,$8.75B,0.71,$2.02B,$1.84B,1.09,$0.79B,$0.67B,85.48%,$0.79B,$0.32B,41.27%,$0.79B,0,0.00%,$0.79B,0,0.00%,$0.79B,$0.34B,43.69%,$0.79B,$0.19B,24.33%,$0.19B,$1.84B,10.77%,$0.19B,$1.77B,11.21%,$0.19B,$12.75B,1.52%,$0.32B,$3.86B,8.37%,$196,$23,$174,$0,$95,$117,$79,$0,$79,$31,$48,$48,$45,$0,$0,$95,99,$0.48,$0.47,$461,$0,$0,$6246,$0,$4414,$70,$1961,$6500,$12746,$8747,$2016,$139,$2155,$10902,$1,$440,$90,$1844,$12746,$48,$-97,$9,$-88,$0,$0,$0,$-8,$-8,$-47,$-7,$0,$0,$-2,$-149,$-151,$-138,$-296,$101,$0,$101,$1,$1,$0,$207,$309,$-34,$3,$0
23,2012-12-31,21.26,$19.02,1.12,$8.24,2.58,$-6.46,0.0,$2.06,10.32,$6.01B,$8.54B,0.7,$1.93B,$1.81B,1.07,$0.80B,$0.67B,84.30%,$0.80B,$0.33B,41.46%,$0.80B,0,0.00%,$0.80B,0,0.00%,$0.80B,$0.35B,43.34%,$0.80B,$0.19B,24.12%,$0.19B,$1.81B,11.14%,$0.19B,$1.74B,11.61%,$0.19B,$12.38B,1.54%,$0.33B,$3.73B,8.52%,$193,$28,$165,$0,$88,$115,$77,$0,$100,$38,$63,$63,$57,$0,$0,$94,94,$0.60,$0.60,$495,$0,$0,$6010,$39,$4305,$70,$1890,$6366,$12376,$8538,$1925,$106,$2031,$10569,$1,$413,$84,$1807,$12376,$211,$-461,$-83,$-544,$32,$0,$0,$-51,$-19,$-352,$122,$0,$0,$16,$273,$289,$-210,$201,$-311,$0,$-311,$4,$4,$-89,$738,$342,$192,$23,$-89
24,2012-09-30,21.21,$18.55,1.14,$8.15,2.6,$-3.43,0.0,$1.86,11.4,$5.59B,$8.46B,0.66,$2.22B,$1.75B,1.27,$0.79B,$0.66B,83.44%,$0.79B,$0.33B,41.72%,$0.79B,0,0.00%,$0.79B,0,0.00%,$0.79B,$0.32B,40.33%,$0.79B,$0.18B,22.38%,$0.18B,$1.75B,10.69%,$0.18B,$1.68B,11.15%,$0.18B,$12.75B,1.45%,$0.33B,$3.97B,8.50%,$196,$31,$165,$0,$82,$113,$83,$-1,$82,$32,$50,$50,$45,$0,$0,$93,99,$0.48,$0.48,$347,$0,$0,$5594,$0,$4929,$70,$2074,$7154,$12748,$8458,$2219,$319,$2537,$10996,$1,$373,$75,$1753,$12748,$149,$-334,$-69,$-403,$2,$0,$0,$-34,$-32,$-286,$127,$0,$-2,$4,$-212,$-208,$-217,$-300,$17,$0,$17,$3,$3,$-50,$659,$629,$43,$21,$-50
25,2012-06-30,20.18,$18.00,1.12,$8.21,2.46,$-1.06,0.0,$1.83,11.03,$5.19B,$8.27B,0.63,$2.23B,$1.69B,1.32,$0.79B,$0.66B,83.06%,$0.79B,$0.33B,41.97%,$0.79B,0,0.00%,$0.79B,0,0.00%,$0.79B,$0.32B,40.20%,$0.79B,$0.18B,22.12%,$0.18B,$1.69B,10.98%,$0.18B,$1.62B,11.48%,$0.18B,$12.43B,1.49%,$0.33B,$3.92B,8.68%,$200,$32,$167,$0,$83,$115,$85,$-3,$82,$33,$49,$49,$44,$0,$0,$93,98,$0.48,$0.48,$164,$0,$0,$5190,$0,$4913,$70,$2169,$7240,$12430,$8269,$2227,$242,$2469,$10738,$1,$340,$53,$1692,$12430,$99,$-232,$-62,$-294,$1,$0,$0,$23,$24,$-170,$-15,$0,$-2,$-5,$-253,$-258,$-146,$-421,$14,$42,$56,$1,$1,$-32,$427,$452,$-140,$17,$-32
26,2012-03-31,21.24,$17.50,1.21,$8.33,2.55,$1.55,13.66,$1.79,11.87,$4.97B,$8.10B,0.61,$2.23B,$1.65B,1.36,$0.80B,$0.66B,82.91%,$0.80B,$0.33B,41.71%,$0.80B,0,0.00%,$0.80B,0,0.00%,$0.80B,$0.31B,39.32%,$0.80B,$0.17B,21.73%,$0.17B,$1.65B,11.24%,$0.17B,$1.58B,11.76%,$0.17B,$12.20B,1.52%,$0.33B,$3.88B,8.79%,$207,$32,$174,$0,$89,$122,$85,$-4,$81,$31,$50,$50,$46,$0,$0,$95,95,$0.49,$0.49,$312,$0,$0,$4967,$0,$4838,$70,$2240,$7232,$12199,$8097,$2231,$226,$2457,$10554,$1,$309,$45,$1645,$12199,$50,$-118,$-59,$-177,$2,$0,$0,$28,$30,$-98,$48,$0,$-2,$-27,$-281,$-308,$78,$-184,$8,$11,$19,$0,$0,$-15,$286,$290,$8,$10,$-15
27,2011-12-31,18.56,$15.71,1.18,$8.40,2.21,$2.57,7.23,$0.58,32.0,$4.40B,$7.37B,0.6,$2.24B,$1.54B,1.46,$0.80B,$0.66B,82.77%,$0.80B,$0.22B,27.09%,$0.80B,0,0.00%,$0.80B,0,0.00%,$0.80B,$0.19B,24.09%,$0.80B,$0.06B,7.37%,$0.06B,$1.54B,3.97%,$0.06B,$1.47B,4.16%,$0.06B,$11.32B,0.54%,$0.22B,$3.77B,5.82%,$188,$34,$154,$0,$77,$111,$77,$-3,$74,$33,$41,$41,$42,$0,$0,$95,96,$0.46,$0.45,$304,$0,$0,$4396,$0,$4329,$69,$2509,$6926,$11322,$7365,$2236,$186,$2422,$9787,$1,$276,$18,$1535,$11322,$63,$-525,$87,$-438,$69,$0,$0,$57,$126,$-249,$305,$0,$0,$70,$-1255,$-1184,$643,$-236,$-3,$0,$-3,$99,$99,$-56,$184,$223,$-261,$145,$-56
