,Date,Stock Price,Book Value per Share,Price to Book Ratio,TTM Sales per Share,Price to Sales Ratio,TTM FCF per Share,Price to FCF Ratio,TTM Net EPS,PE Ratio,Current Assets,Current Liabilities,Current Ratio,Long Term Debt,Shareholder's Equity_x,Debt to Equity Ratio,TTM Revenue_x,TTM Gross Profit,Gross Margin,TTM Revenue_y,TTM Operating Income,Operating Margin,TTM Revenue_x,TTM EBIT,EBIT Margin,TTM Revenue_y,TTM EBITDA,EBITDA Margin,TTM Revenue_x,TTM Pre-Tax Income,Pre-Tax Margin,TTM Revenue_y,TTM Net Income_x,Net Margin,TTM Net Income_y,Shareholder's Equity_y,Return on Equity,TTM Net Income_x,Tangible Equity,Return on Tangible Equity,TTM Net Income_y,Total Assets,Return on Assets,TTM Net Income,LT Investments & Debt,Return on Investment,revenue,cost-goods-sold,gross-profit,research-development-expenses,selling-general-administrative-expenses,operating-expenses,operating-income,total-non-operating-income-expense,pre-tax-income,total-provision-income-taxes,income-after-taxes,income-from-continuous-operations,net-income,ebitda,ebit,basic-shares-outstanding,shares-outstanding,eps-basic-net-earnings-per-share,eps-earnings-per-share-diluted,cash-on-hand,inventory,other-current-assets,total-current-assets,net-property-plant-equipment,long-term-investments,goodwill-intangible-assets-total,other-long-term-assets,total-long-term-assets,total-assets,total-current-liabilities,long-term-debt,other-non-current-liabilities,total-long-term-liabilities,total-liabilities,common-stock-net,retained-earnings-accumulated-deficit,comprehensive-income,total-share-holder-equity,total-liabilities-share-holders-equity,net-income-loss,total-depreciation-amortization-cash-flow,other-non-cash-items,total-non-cash-items,change-in-accounts-receivable,change-in-inventories,change-in-accounts-payable,change-in-assets-liabilities,total-change-in-assets-liabilities,cash-flow-from-operating-activities,net-change-in-property-plant-equipment,net-change-in-intangible-assets,net-acquisitions-divestitures,net-change-in-short-term-investments,net-change-in-long-term-investments,net-change-in-investments-total,investing-activities-other,cash-flow-from-investing-activities,net-long-term-debt,net-current-debt,debt-issuance-retirement-net-total,net-common-equity-issued-repurchased,net-total-equity-issued-repurchased,total-common-preferred-stock-dividends-paid,financial-activities-other,cash-flow-from-financial-activities,net-cash-flow,stock-based-compensation,common-stock-dividends-paid
0,2018-06-30,1.14,$1.26,0.91,$3.57,0.32,$-0.73,0.0,$-1.64,0.0,$0.00B,$0.00B,0.98,$0.00B,$0.01B,0.53,$0.02B,$0.01B,53.33%,$0.02B,$-0.01B,-40.00%,$0.02B,$-0.01B,-40.00%,$0.02B,0,0.00%,$0.02B,$-0.01B,-40.00%,$0.02B,$-0.01B,-46.67%,$-0.01B,$0.01B,-75.68%,$-0.01B,$-0.00B,311.11%,$-0.01B,$0.01B,-43.75%,$-0.01B,$0.01B,-48.98%,$3,$2,$2,$0,$2,$8,$-5,$0,$-5,$0,$-5,$-5,$-5,$-0,$-5,$4,4,$-1.24,$-1.24,$0,$0,$0,$3,$0,$0,$8,$0,$8,$11,$3,$3,$0,$3,$6,$0,$-61,$-0,$5,$11,$-6,$5,$0,$5,$1,$0,$0,$-1,$-0,$-1,$-0,$0,$0,$0,$0,$0,$0,$-0,$1,$-0,$1,$0,$0,$-0,$0,$1,$-0,$0,$0
1,2018-03-31,2.06,$2.45,0.84,$3.82,0.54,$-0.70,0.0,$-0.50,0.0,$0.00B,$0.00B,1.06,$0.00B,$0.01B,0.25,$0.02B,$0.01B,50.00%,$0.02B,$-0.00B,-6.25%,$0.02B,$-0.00B,-6.25%,$0.02B,0,0.00%,$0.02B,$-0.00B,-6.25%,$0.02B,$-0.00B,-12.50%,$-0.00B,$0.01B,-18.60%,$-0.00B,$-0.00B,114.29%,$-0.00B,$0.02B,-11.27%,$-0.00B,$0.01B,-7.27%,$4,$2,$2,$0,$2,$4,$-1,$-0,$-1,$0,$-1,$-1,$-1,$-0,$-1,$4,4,$-0.18,$-0.18,$1,$0,$0,$4,$0,$0,$13,$0,$13,$17,$4,$3,$0,$3,$7,$0,$-56,$-0,$10,$17,$-1,$0,$0,$1,$0,$0,$0,$-0,$0,$-0,$-0,$0,$0,$0,$0,$0,$0,$-0,$1,$-1,$0,$0,$0,$0,$0,$0,$0,$0,$0
2,2017-12-31,2.43,$2.61,0.93,$3.89,0.62,$-0.65,0.0,$-0.47,0.0,$0.01B,$0.00B,1.34,$0.00B,$0.01B,0.29,$0.02B,$0.01B,50.00%,$0.02B,0,0.00%,$0.02B,0,0.00%,$0.02B,0,0.00%,$0.02B,$-0.00B,-6.25%,$0.02B,$-0.00B,-12.50%,$-0.00B,$0.01B,-17.78%,$-0.00B,$-0.00B,133.33%,$-0.00B,$0.02B,-11.11%,$0.00B,$0.01B,0.00%,$4,$2,$2,$0,$2,$4,$-0,$-0,$-0,$0,$-0,$-0,$-1,$-0,$-0,$4,4,$-0.12,$-0.12,$1,$0,$0,$5,$0,$0,$13,$0,$13,$18,$4,$3,$0,$4,$7,$0,$-55,$-0,$11,$18,$-0,$0,$0,$0,$-0,$0,$0,$-0,$-0,$-1,$-0,$0,$0,$0,$0,$0,$0,$-0,$1,$0,$1,$0,$0,$0,$0,$1,$0,$0,$0
3,2017-09-30,2.87,$2.68,1.07,$3.94,0.73,$-0.58,0.0,$-0.45,0.0,$0.00B,$0.00B,1.14,$0.00B,$0.01B,0.22,$0.02B,$0.01B,50.00%,$0.02B,0,0.00%,$0.02B,0,0.00%,$0.02B,0,0.00%,$0.02B,$-0.00B,-6.25%,$0.02B,$-0.00B,-6.25%,$-0.00B,$0.01B,-8.70%,$-0.00B,$-0.00B,80.00%,$-0.00B,$0.02B,-5.56%,$0.00B,$0.01B,0.00%,$4,$2,$2,$0,$2,$4,$-0,$-0,$-0,$0,$-0,$-0,$-0,$-0,$-0,$4,4,$-0.09,$-0.09,$1,$0,$0,$4,$0,$0,$13,$0,$13,$18,$4,$3,$0,$3,$6,$0,$-54,$-0,$11,$18,$-2,$1,$1,$1,$-0,$0,$0,$0,$-1,$-1,$-0,$0,$0,$0,$0,$0,$0,$-0,$-0,$0,$0,$1,$1,$0,$-0,$1,$0,$1,$0
4,2017-06-30,2.8,$2.73,1.02,$4.89,0.57,$-1.84,0.0,$-1.35,0.0,$0.00B,$0.00B,1.12,$0.00B,$0.01B,0.2,$0.02B,$0.01B,50.00%,$0.02B,$-0.00B,-6.25%,$0.02B,$-0.00B,-6.25%,$0.02B,0,0.00%,$0.02B,$-0.01B,-31.25%,$0.02B,$-0.00B,-25.00%,$-0.00B,$0.01B,-34.04%,$-0.00B,$-0.00B,320.00%,$-0.00B,$0.02B,-22.22%,$-0.00B,$0.01B,-7.14%,$4,$2,$2,$0,$2,$4,$-0,$-0,$-0,$0,$-0,$-0,$-0,$-0,$-0,$4,4,$-0.10,$-0.10,$1,$0,$0,$4,$0,$0,$13,$0,$14,$18,$4,$2,$0,$3,$6,$0,$-54,$-0,$11,$18,$-1,$1,$0,$1,$-1,$0,$0,$0,$-1,$-1,$-0,$0,$0,$0,$0,$0,$0,$-0,$-0,$0,$0,$1,$1,$0,$-0,$1,$0,$0,$0
5,2017-03-31,4.17,$2.78,1.5,$5.76,0.72,$-2.45,0.0,$-2.30,0.0,$0.00B,$0.00B,1.14,$0.00B,$0.01B,0.19,$0.02B,$0.01B,50.00%,$0.02B,$-0.00B,-12.50%,$0.02B,$-0.00B,-12.50%,$0.02B,$-0.00B,-6.25%,$0.02B,$-0.01B,-43.75%,$0.02B,$-0.01B,-37.50%,$-0.01B,$0.01B,-54.55%,$-0.01B,$-0.00B,266.67%,$-0.01B,$0.02B,-33.80%,$-0.00B,$0.01B,-14.55%,$4,$2,$2,$0,$2,$4,$-0,$-0,$-1,$0,$-1,$-1,$-1,$-0,$-0,$4,4,$-0.14,$-0.14,$1,$0,$0,$4,$0,$0,$13,$0,$14,$18,$3,$2,$0,$3,$6,$0,$-53,$-0,$12,$18,$-1,$0,$0,$1,$0,$0,$0,$0,$0,$-0,$-0,$0,$0,$0,$0,$0,$0,$-0,$-0,$0,$0,$1,$1,$0,$-0,$1,$1,$0,$0
6,2016-12-31,3.21,$2.90,1.11,$8.82,0.36,$-3.14,0.0,$-3.15,0.0,$0.00B,$0.00B,1.27,$0.00B,$0.01B,0.2,$0.02B,$0.01B,50.00%,$0.02B,$-0.00B,-18.75%,$0.02B,$-0.00B,-18.75%,$0.02B,$-0.00B,-6.25%,$0.02B,$-0.01B,-43.75%,$0.02B,$-0.01B,-37.50%,$-0.01B,$0.01B,-66.67%,$-0.01B,$-0.00B,141.18%,$-0.01B,$0.02B,-33.80%,$-0.00B,$0.01B,-25.00%,$4,$2,$2,$0,$2,$4,$-0,$-0,$-0,$0,$-0,$-0,$-0,$-0,$-0,$4,4,$-0.12,$-0.12,$1,$0,$0,$4,$0,$0,$13,$0,$14,$18,$3,$2,$0,$3,$6,$0,$-53,$-0,$12,$18,$-0,$0,$0,$0,$-0,$0,$0,$0,$-0,$-0,$-0,$0,$0,$0,$0,$0,$0,$-0,$-0,$0,$0,$1,$1,$0,$-0,$1,$1,$0,$0
7,2016-09-30,3.95,$3.09,1.28,$11.94,0.33,$-3.77,0.0,$-4.30,0.0,$0.00B,$0.00B,0.97,$0.00B,$0.01B,0.18,$0.02B,$0.01B,50.00%,$0.02B,$-0.00B,-25.00%,$0.02B,$-0.00B,-25.00%,$0.02B,$-0.00B,-12.50%,$0.02B,$-0.01B,-50.00%,$0.02B,$-0.01B,-43.75%,$-0.01B,$0.01B,-96.55%,$-0.01B,$-0.00B,112.00%,$-0.01B,$0.02B,-38.89%,$-0.00B,$0.01B,-34.04%,$4,$2,$2,$0,$2,$5,$-1,$-3,$-4,$-0,$-3,$-3,$-3,$-0,$-1,$2,2,$-0.92,$-0.92,$1,$0,$0,$4,$1,$0,$13,$0,$14,$18,$4,$2,$0,$3,$6,$0,$-52,$-0,$12,$18,$-8,$2,$4,$6,$-0,$0,$0,$-0,$-1,$-3,$-0,$0,$0,$0,$0,$0,$0,$-0,$-1,$0,$-0,$4,$4,$0,$-0,$3,$0,$0,$0
8,2016-06-30,5.3,$3.13,1.7,$15.20,0.35,$-5.65,0.0,$-16.25,0.0,$0.00B,$0.00B,0.66,$0.00B,$0.01B,0.52,$0.02B,$0.01B,47.06%,$0.02B,$-0.02B,-88.24%,$0.02B,$-0.02B,-88.24%,$0.02B,$-0.00B,-11.76%,$0.02B,$-0.02B,-94.12%,$0.02B,$-0.02B,-94.12%,$-0.02B,$0.01B,-278.26%,$-0.02B,$-0.01B,206.45%,$-0.02B,$0.02B,-87.67%,$-0.02B,$0.01B,-130.43%,$4,$2,$2,$0,$2,$5,$-1,$-1,$-2,$0,$-2,$-2,$-2,$-1,$-1,$2,2,$-1.03,$-1.03,$0,$0,$0,$3,$1,$0,$13,$1,$15,$17,$4,$4,$1,$5,$9,$0,$-49,$-0,$8,$17,$-4,$1,$1,$3,$0,$0,$0,$-0,$0,$-2,$-0,$0,$0,$0,$0,$0,$0,$-0,$-1,$0,$-0,$2,$2,$0,$-0,$2,$-0,$0,$0
9,2016-03-31,4.2,$3.79,1.11,$18.96,0.22,$-7.99,0.0,$-16.50,0.0,$0.00B,$0.01B,0.29,$0.00B,$0.00B,0.71,$0.02B,$0.01B,44.44%,$0.02B,$-0.02B,-83.33%,$0.02B,$-0.02B,-83.33%,$0.02B,$-0.00B,-5.56%,$0.02B,$-0.02B,-83.33%,$0.02B,$-0.02B,-83.33%,$-0.02B,$0.00B,-187.50%,$-0.02B,$-0.01B,176.47%,$-0.02B,$0.02B,-68.97%,$-0.02B,$0.01B,-105.26%,$4,$2,$2,$0,$2,$5,$-1,$-0,$-1,$0,$-1,$-1,$-1,$-0,$-1,$1,1,$-1.00,$-1.00,$0,$0,$0,$3,$1,$0,$13,$0,$15,$18,$10,$3,$1,$4,$14,$0,$-47,$-0,$4,$18,$-2,$1,$0,$1,$0,$0,$0,$0,$0,$-1,$-0,$0,$0,$0,$0,$0,$0,$-0,$-0,$1,$0,$1,$1,$0,$-0,$1,$-0,$0,$0
10,2015-12-31,5.35,$4.73,1.13,$20.54,0.26,$-9.92,0.0,$-17.95,0.0,$0.00B,$0.01B,0.7,$0.01B,$0.01B,1.56,$0.02B,$0.01B,42.11%,$0.02B,$-0.02B,-84.21%,$0.02B,$-0.02B,-84.21%,$0.02B,$-0.00B,-10.53%,$0.02B,$-0.02B,-84.21%,$0.02B,$-0.02B,-84.21%,$-0.02B,$0.01B,-139.13%,$-0.02B,$-0.01B,200.00%,$-0.02B,$0.02B,-62.75%,$-0.02B,$0.01B,-85.33%,$4,$2,$2,$0,$2,$5,$-1,$-0,$-1,$0,$-1,$-1,$-1,$-1,$-1,$1,1,$-1.25,$-1.25,$1,$0,$0,$4,$1,$0,$14,$1,$15,$19,$5,$8,$1,$9,$14,$0,$-46,$-0,$5,$19,$-1,$1,$0,$1,$-0,$0,$0,$0,$0,$-1,$-0,$0,$0,$0,$0,$0,$0,$-0,$0,$0,$0,$1,$1,$0,$-0,$1,$0,$0,$0
11,2015-09-30,6.1,$6.11,1.0,$22.21,0.27,$-10.73,0.0,$-19.20,0.0,$0.00B,$0.01B,0.68,$0.01B,$0.01B,1.36,$0.02B,$0.01B,40.00%,$0.02B,$-0.02B,-85.00%,$0.02B,$-0.02B,-85.00%,$0.02B,$-0.00B,-10.00%,$0.02B,$-0.02B,-85.00%,$0.02B,$-0.02B,-85.00%,$-0.02B,$0.01B,-111.48%,$-0.02B,$-0.01B,242.86%,$-0.02B,$0.02B,-58.62%,$-0.02B,$0.01B,-77.27%,$5,$2,$2,$0,$2,$16,$-12,$-0,$-12,$-0,$-11,$-11,$-12,$-0,$-12,$1,1,$-13.20,$-13.20,$0,$0,$0,$3,$1,$0,$14,$1,$16,$19,$5,$8,$1,$8,$14,$0,$-44,$-0,$6,$19,$-17,$13,$0,$13,$1,$0,$0,$-0,$1,$-3,$-0,$0,$0,$0,$0,$0,$0,$-0,$-1,$2,$1,$0,$2,$0,$-0,$2,$-1,$0,$0
12,2015-06-30,8.95,$18.84,0.48,$24.31,0.37,$-12.82,0.0,$-8.25,0.0,$0.00B,$0.01B,0.76,$0.01B,$0.02B,0.46,$0.02B,$0.01B,42.86%,$0.02B,$-0.01B,-28.57%,$0.02B,$-0.01B,-28.57%,$0.02B,$-0.00B,-14.29%,$0.02B,$-0.01B,-33.33%,$0.02B,$-0.01B,-33.33%,$-0.01B,$0.02B,-37.33%,$-0.01B,$-0.01B,112.00%,$-0.01B,$0.03B,-21.37%,$-0.01B,$0.02B,-23.76%,$5,$3,$2,$0,$2,$6,$-1,$-0,$-1,$0,$-1,$-1,$-1,$-0,$-1,$1,1,$-1.30,$-1.30,$1,$0,$0,$4,$2,$0,$24,$1,$27,$31,$6,$8,$1,$9,$14,$0,$-33,$-0,$17,$31,$-5,$2,$0,$2,$0,$0,$0,$1,$0,$-3,$-0,$0,$0,$0,$0,$0,$0,$-0,$-1,$2,$1,$0,$2,$0,$-0,$2,$-1,$0,$0
13,2015-03-31,12.25,$19.96,0.61,$25.92,0.47,$-13.52,0.0,$-8.45,0.0,$0.01B,$0.01B,0.84,$0.01B,$0.02B,0.4,$0.02B,$0.01B,45.45%,$0.02B,$-0.01B,-27.27%,$0.02B,$-0.01B,-27.27%,$0.02B,$-0.00B,-13.64%,$0.02B,$-0.01B,-31.82%,$0.02B,$-0.01B,-31.82%,$-0.01B,$0.02B,-35.00%,$-0.01B,$-0.01B,140.00%,$-0.01B,$0.03B,-20.74%,$-0.01B,$0.03B,-22.86%,$5,$3,$2,$0,$3,$7,$-2,$-0,$-2,$0,$-2,$-2,$-2,$-1,$-2,$1,1,$-2.45,$-2.45,$1,$0,$0,$6,$2,$0,$24,$1,$27,$33,$7,$7,$1,$9,$16,$0,$-32,$-0,$18,$33,$-4,$1,$0,$2,$-1,$0,$0,$1,$0,$-2,$-0,$0,$0,$0,$0,$0,$0,$-0,$-0,$1,$1,$0,$2,$0,$-0,$2,$-0,$0,$0
14,2014-12-31,11.38,$22.34,0.51,$27.77,0.41,$-13.64,0.0,$-9.25,0.0,$0.01B,$0.01B,0.87,$0.01B,$0.02B,0.32,$0.02B,$0.01B,45.45%,$0.02B,$-0.01B,-27.27%,$0.02B,$-0.01B,-27.27%,$0.02B,$-0.00B,-13.64%,$0.02B,$-0.01B,-31.82%,$0.02B,$-0.01B,-31.82%,$-0.01B,$0.02B,-32.94%,$-0.01B,$-0.01B,186.67%,$-0.01B,$0.03B,-20.14%,$-0.01B,$0.03B,-22.02%,$5,$3,$2,$1,$3,$7,$-2,$-0,$-2,$0,$-2,$-2,$-2,$-1,$-2,$1,1,$-2.45,$-2.45,$1,$0,$0,$5,$2,$0,$25,$1,$28,$33,$6,$6,$2,$8,$13,$0,$-30,$-0,$20,$33,$-2,$1,$0,$1,$0,$0,$0,$0,$0,$-1,$-0,$0,$0,$0,$0,$0,$0,$-0,$-1,$0,$-0,$0,$2,$0,$-0,$1,$-0,$0,$0
15,2014-09-30,16.25,$22.71,0.72,$31.16,0.52,$-14.47,0.0,$-7.75,0.0,$0.01B,$0.01B,0.91,$0.01B,$0.02B,0.31,$0.02B,$0.01B,50.00%,$0.02B,$-0.01B,-20.83%,$0.02B,$-0.01B,-20.83%,$0.02B,$-0.00B,-8.33%,$0.02B,$-0.01B,-25.00%,$0.02B,$-0.01B,-25.00%,$-0.01B,$0.02B,-27.59%,$-0.01B,$-0.01B,184.62%,$-0.01B,$0.03B,-17.02%,$-0.01B,$0.03B,-18.02%,$6,$3,$3,$1,$3,$7,$-1,$-0,$-2,$0,$-2,$-2,$-2,$-1,$-1,$1,1,$-2.10,$-2.10,$1,$0,$0,$5,$2,$0,$25,$1,$28,$34,$6,$6,$2,$8,$14,$0,$-28,$-0,$20,$34,$-6,$2,$1,$3,$-0,$0,$0,$1,$-1,$-4,$-0,$0,$0,$0,$0,$0,$0,$-0,$0,$0,$1,$3,$3,$0,$-1,$3,$-2,$1,$0
16,2014-06-30,22.0,$24.66,0.89,$34.62,0.64,$-11.29,0.0,$-6.75,0.0,$0.01B,$0.01B,1.1,$0.01B,$0.02B,0.29,$0.03B,$0.01B,52.00%,$0.03B,$-0.01B,-20.00%,$0.03B,$-0.01B,-20.00%,$0.03B,$-0.00B,-4.00%,$0.03B,$-0.01B,-20.00%,$0.03B,$-0.01B,-20.00%,$-0.01B,$0.02B,-22.22%,$-0.01B,$-0.00B,181.82%,$-0.01B,$0.04B,-13.89%,$-0.01B,$0.03B,-17.70%,$6,$3,$3,$1,$3,$7,$-1,$-0,$-1,$0,$-1,$-1,$-1,$-0,$-1,$1,1,$-1.55,$-1.55,$2,$0,$0,$6,$2,$0,$25,$1,$29,$35,$6,$6,$1,$8,$13,$0,$-26,$-0,$22,$35,$-4,$2,$0,$2,$-1,$0,$0,$1,$-1,$-3,$-0,$0,$0,$0,$0,$0,$-0,$-1,$0,$-1,$-0,$3,$3,$0,$0,$3,$-1,$0,$0
17,2014-03-31,25.25,$26.05,0.97,$36.71,0.69,$-10.33,0.0,$-7.75,0.0,$0.01B,$0.01B,1.28,$0.01B,$0.02B,0.29,$0.03B,$0.01B,52.00%,$0.03B,$-0.01B,-20.00%,$0.03B,$-0.01B,-20.00%,$0.03B,$-0.00B,-8.00%,$0.03B,$-0.01B,-24.00%,$0.03B,$-0.01B,-24.00%,$-0.01B,$0.02B,-26.67%,$-0.01B,$-0.00B,266.67%,$-0.01B,$0.04B,-16.78%,$-0.01B,$0.03B,-18.18%,$5,$3,$2,$1,$3,$7,$-2,$-0,$-2,$0,$-2,$-2,$-2,$-1,$-2,$1,1,$-3.25,$-3.25,$3,$0,$0,$8,$3,$0,$25,$2,$29,$37,$6,$7,$2,$8,$14,$0,$-24,$-0,$23,$37,$-3,$1,$0,$1,$-0,$0,$0,$1,$0,$-2,$-0,$0,$0,$0,$0,$0,$-0,$-1,$1,$-1,$0,$3,$3,$0,$0,$3,$1,$0,$0
18,2013-12-31,26.5,$30.03,0.88,$39.35,0.67,$-7.42,0.0,$-5.75,0.0,$0.01B,$0.01B,1.07,$0.01B,$0.02B,0.27,$0.03B,$0.01B,53.85%,$0.03B,$-0.00B,-15.38%,$0.03B,$-0.00B,-15.38%,$0.03B,$-0.00B,-3.85%,$0.03B,$-0.01B,-19.23%,$0.03B,$-0.01B,-19.23%,$-0.01B,$0.02B,-22.47%,$-0.01B,$-0.00B,250.00%,$-0.01B,$0.04B,-14.29%,$-0.00B,$0.03B,-15.09%,$7,$3,$4,$1,$3,$7,$-1,$-0,$-1,$0,$-1,$-1,$-1,$-0,$-1,$1,1,$-1.00,$-1.00,$1,$0,$0,$6,$3,$0,$25,$2,$30,$35,$5,$6,$2,$8,$13,$0,$-22,$-0,$22,$35,$-1,$1,$0,$1,$-1,$0,$0,$0,$-1,$-1,$-0,$0,$0,$0,$0,$0,$-0,$-0,$1,$-1,$-1,$0,$0,$0,$0,$-0,$-2,$0,$0
19,2013-09-30,27.5,$31.05,0.89,$40.65,0.68,$-4.99,0.0,$-5.75,0.0,$0.01B,$0.01B,1.01,$0.01B,$0.02B,0.23,$0.03B,$0.01B,52.00%,$0.03B,$-0.00B,-16.00%,$0.03B,$-0.00B,-16.00%,$0.03B,$-0.00B,-4.00%,$0.03B,$-0.01B,-20.00%,$0.03B,$-0.01B,-20.00%,$-0.01B,$0.02B,-22.22%,$-0.01B,$-0.00B,400.00%,$-0.01B,$0.04B,-14.29%,$-0.00B,$0.03B,-15.38%,$7,$3,$4,$0,$3,$7,$-1,$-0,$-1,$0,$-1,$-1,$-1,$0,$-1,$1,1,$-1.00,$-1.00,$3,$0,$0,$7,$3,$0,$25,$2,$30,$37,$7,$5,$2,$7,$14,$0,$-21,$-0,$23,$37,$-4,$2,$0,$2,$1,$0,$0,$1,$1,$-0,$-1,$0,$-0,$0,$0,$0,$-1,$-2,$1,$0,$1,$2,$2,$0,$0,$3,$1,$0,$0
20,2013-06-30,30.0,$31.60,0.95,$42.74,0.7,$-4.99,0.0,$-4.75,0.0,$0.01B,$0.01B,0.86,$0.00B,$0.02B,0.14,$0.03B,$0.01B,52.00%,$0.03B,$-0.00B,-12.00%,$0.03B,$-0.00B,-12.00%,$0.03B,$-0.00B,-4.00%,$0.03B,$-0.00B,-16.00%,$0.03B,$-0.00B,-16.00%,$-0.00B,$0.02B,-17.78%,$-0.00B,$-0.00B,800.00%,$-0.00B,$0.03B,-11.68%,$-0.00B,$0.03B,-11.76%,$6,$3,$3,$1,$3,$7,$-1,$-0,$-2,$0,$-2,$-2,$-2,$-1,$-1,$1,1,$-2.50,$-2.50,$2,$0,$0,$6,$3,$0,$23,$2,$28,$34,$7,$3,$1,$5,$12,$0,$-21,$-0,$22,$34,$-3,$1,$-0,$1,$1,$0,$0,$1,$1,$-0,$-1,$0,$0,$0,$0,$0,$-0,$-2,$-1,$-0,$-1,$2,$2,$0,$0,$2,$-0,$0,$0
21,2013-03-31,31.75,$35.73,0.89,$45.71,0.69,$-5.63,0.0,$-2.75,0.0,$0.01B,$0.01B,0.89,$0.00B,$0.02B,0.14,$0.03B,$0.01B,56.00%,$0.03B,$-0.00B,-8.00%,$0.03B,$-0.00B,-8.00%,$0.03B,0,0.00%,$0.03B,$-0.00B,-8.00%,$0.03B,$-0.00B,-8.00%,$-0.00B,$0.02B,-8.79%,$-0.00B,$-0.00B,800.00%,$-0.00B,$0.03B,-5.84%,$-0.00B,$0.03B,-7.77%,$6,$3,$3,$0,$3,$7,$-1,$-0,$-1,$0,$-1,$-1,$-1,$-0,$-1,$1,1,$-1.25,$-1.25,$2,$0,$0,$6,$3,$0,$23,$2,$27,$34,$7,$3,$2,$5,$12,$0,$-19,$-0,$22,$34,$-1,$1,$-0,$1,$0,$0,$0,$2,$1,$1,$-1,$0,$0,$0,$0,$0,$-0,$-1,$-0,$0,$-0,$0,$0,$0,$0,$-0,$-0,$0,$0
22,2012-12-31,36.25,$36.86,0.98,$49.14,0.74,$-6.87,0.0,$-1.75,0.0,$0.01B,$0.01B,1.12,$0.00B,$0.02B,0.15,$0.03B,$0.02B,57.69%,$0.03B,$-0.00B,-3.85%,$0.03B,$-0.00B,-3.85%,$0.03B,0,0.00%,$0.03B,$-0.00B,-3.85%,$0.03B,$-0.00B,-3.85%,$-0.00B,$0.02B,-4.44%,$-0.00B,$0.00B,400.00%,$-0.00B,$0.04B,-2.96%,$-0.00B,$0.03B,-3.92%,$6,$3,$3,$0,$3,$7,$-1,$-0,$-1,$0,$-1,$-1,$-1,$-0,$-1,$1,1,$-1.00,$-1.00,$2,$0,$0,$8,$3,$0,$23,$1,$27,$35,$7,$3,$2,$5,$12,$0,$-18,$-0,$23,$35,$-1,$0,$0,$1,$-1,$0,$0,$2,$0,$0,$-0,$0,$0,$0,$0,$0,$-0,$-0,$-0,$0,$0,$0,$0,$0,$0,$0,$0,$0,$0
23,2012-09-30,30.0,$37.76,0.79,$51.89,0.58,$-7.83,0.0,$-1.75,0.0,$0.01B,$0.01B,1.23,$0.00B,$0.02B,0.14,$0.03B,$0.02B,55.56%,$0.03B,0,0.00%,$0.03B,0,0.00%,$0.03B,0,0.00%,$0.03B,0,0.00%,$0.03B,0,0.00%,$0.00B,$0.02B,0.00%,$0.00B,$0.00B,0.00%,$0.00B,$0.03B,0.00%,$0.00B,$0.03B,0.00%,$7,$3,$4,$0,$3,$7,$-0,$-0,$-0,$-0,$-0,$-0,$-0,$0,$-0,$1,1,$0.00,$0.00,$2,$0,$0,$7,$3,$0,$23,$1,$27,$34,$6,$3,$2,$5,$11,$0,$-18,$-0,$23,$34,$-1,$2,$-1,$1,$1,$0,$0,$-0,$-0,$0,$-1,$0,$-0,$0,$0,$0,$-0,$-2,$-1,$-0,$-1,$2,$2,$0,$0,$1,$-0,$0,$0
24,2012-06-30,37.75,$37.78,1.0,$52.55,0.72,$-5.22,0.0,$-1.75,0.0,$0.01B,$0.01B,1.24,$0.00B,$0.02B,0.15,$0.03B,$0.01B,51.85%,$0.03B,0,0.00%,$0.03B,0,0.00%,$0.03B,0,0.00%,$0.03B,0,0.00%,$0.03B,0,0.00%,$0.00B,$0.02B,0.00%,$0.00B,$0.00B,0.00%,$0.00B,$0.03B,0.00%,$0.00B,$0.03B,0.00%,$6,$3,$4,$0,$3,$7,$-0,$-0,$-0,$0,$-0,$-0,$-0,$0,$-0,$1,1,$-0.50,$-0.50,$2,$0,$0,$7,$3,$0,$23,$1,$27,$34,$6,$3,$2,$5,$11,$0,$-18,$-0,$23,$34,$-1,$2,$-1,$1,$-0,$0,$0,$-0,$-1,$-1,$-1,$0,$-0,$0,$0,$0,$-0,$-1,$-0,$-0,$-1,$2,$2,$0,$0,$2,$-1,$0,$0
25,2012-03-31,28.25,$41.23,0.69,$53.54,0.53,$-1.40,0.0,$-1.75,0.0,$0.01B,$0.01B,1.12,$0.00B,$0.02B,0.17,$0.03B,$0.01B,46.43%,$0.03B,0,0.00%,$0.03B,0,0.00%,$0.03B,0,0.00%,$0.03B,0,0.00%,$0.03B,0,0.00%,$0.00B,$0.02B,0.00%,$0.00B,$-0.00B,0.00%,$0.00B,$0.03B,0.00%,$0.00B,$0.02B,0.00%,$7,$3,$4,$0,$3,$7,$-0,$-0,$-0,$0,$-0,$-0,$-0,$0,$-0,$0,0,$-0.25,$-0.25,$1,$0,$0,$6,$3,$0,$22,$1,$26,$32,$5,$4,$2,$6,$11,$0,$-17,$-0,$21,$32,$-1,$1,$-0,$1,$1,$0,$0,$-0,$-0,$0,$-1,$0,$-0,$0,$0,$0,$-0,$-1,$-0,$0,$-0,$0,$0,$0,$0,$-0,$-1,$0,$0
26,2011-12-31,15.0,$41.99,0.36,$53.51,0.28,$-0.67,0.0,$-2.25,0.0,$0.01B,$0.01B,1.38,$0.00B,$0.02B,0.21,$0.03B,$0.01B,42.86%,$0.03B,0,0.00%,$0.03B,0,0.00%,$0.03B,0,0.00%,$0.03B,0,0.00%,$0.03B,0,0.00%,$0.00B,$0.02B,0.00%,$0.00B,$-0.00B,0.00%,$0.00B,$0.03B,0.00%,$0.00B,$0.03B,0.00%,$7,$3,$3,$0,$3,$7,$-0,$-0,$-0,$0,$-0,$-0,$-0,$0,$-0,$0,0,$-1.00,$-1.00,$2,$0,$0,$7,$2,$0,$22,$1,$25,$32,$5,$4,$2,$6,$11,$0,$-17,$-0,$21,$32,$-0,$1,$0,$1,$0,$0,$0,$0,$-0,$0,$-1,$0,$-0,$0,$0,$0,$-0,$-1,$1,$-2,$-0,$0,$0,$0,$0,$-0,$-1,$0,$0
27,2011-09-30,13.3,$43.08,0.31,$54.02,0.25,$-0.71,0.0,$-1.50,0.0,$0.01B,$0.01B,1.26,$0.00B,$0.02B,0.15,$0.03B,$0.01B,42.86%,$0.03B,0,0.00%,$0.03B,0,0.00%,$0.03B,0,0.00%,$0.03B,0,0.00%,$0.03B,0,0.00%,$0.00B,$0.02B,0.00%,$0.00B,$0.00B,0.00%,$0.00B,$0.03B,0.00%,$0.00B,$0.02B,0.00%,$7,$3,$3,$1,$3,$7,$-0,$-0,$-0,$-0,$-0,$-0,$-0,$0,$-0,$0,0,$0.00,$0.00,$3,$0,$0,$7,$2,$0,$22,$1,$24,$31,$6,$3,$1,$4,$10,$0,$-17,$-0,$21,$31,$-1,$2,$0,$2,$-0,$0,$0,$0,$-0,$1,$-1,$0,$0,$0,$0,$0,$-1,$-1,$2,$-3,$-1,$1,$1,$0,$0,$0,$-1,$0,$0
28,2011-06-30,23.75,$43.01,0.55,$55.90,0.42,$0.41,57.69,$-3.00,0.0,$0.01B,$0.00B,1.35,$0.00B,$0.02B,0.15,$0.03B,$0.01B,42.86%,$0.03B,$-0.00B,-3.57%,$0.03B,$-0.00B,-3.57%,$0.03B,0,0.00%,$0.03B,$-0.00B,-3.57%,$0.03B,$-0.00B,-3.57%,$-0.00B,$0.02B,-4.76%,$-0.00B,$-0.00B,80.00%,$-0.00B,$0.03B,-3.17%,$-0.00B,$0.02B,-4.08%,$7,$3,$3,$0,$3,$7,$-0,$-0,$-0,$0,$-0,$-0,$-0,$0,$-0,$0,0,$-0.50,$-0.50,$1,$0,$0,$6,$2,$0,$22,$1,$24,$30,$4,$3,$1,$5,$9,$0,$-17,$-0,$21,$30,$-1,$1,$0,$2,$-0,$0,$0,$0,$-0,$1,$-0,$0,$0,$0,$0,$0,$-1,$-1,$-0,$-2,$-2,$1,$1,$0,$0,$-1,$-2,$0,$0
29,2011-03-31,27.5,$43.36,0.63,$55.20,0.5,$2.01,13.7,$-2.50,0.0,$0.01B,$0.01B,1.24,$0.00B,$0.02B,0.15,$0.03B,$0.01B,44.44%,$0.03B,$-0.00B,-3.70%,$0.03B,$-0.00B,-3.70%,$0.03B,0,0.00%,$0.03B,$-0.00B,-3.70%,$0.03B,$-0.00B,-3.70%,$-0.00B,$0.02B,-4.82%,$-0.00B,$-0.00B,200.00%,$-0.00B,$0.03B,-3.25%,$-0.00B,$0.03B,-4.21%,$7,$3,$3,$0,$3,$7,$-0,$-0,$-0,$0,$-0,$-0,$-0,$0,$-0,$0,0,$-0.75,$-0.75,$3,$0,$0,$8,$2,$0,$22,$1,$24,$32,$6,$3,$1,$5,$11,$0,$-16,$-0,$21,$32,$-0,$1,$0,$1,$-0,$0,$0,$-0,$-1,$0,$-0,$0,$0,$0,$0,$0,$-0,$-1,$-0,$-0,$-0,$1,$1,$0,$0,$1,$0,$0,$0
30,2010-12-31,36.0,$44.05,0.82,$53.17,0.68,$3.48,10.35,$-1.75,0.0,$0.01B,$0.01B,1.27,$0.00B,$0.02B,0.15,$0.03B,$0.01B,48.00%,$0.03B,$-0.00B,-4.00%,$0.03B,$-0.00B,-4.00%,$0.03B,0,0.00%,$0.03B,$-0.00B,-4.00%,$0.03B,$-0.00B,-4.00%,$-0.00B,$0.02B,-4.88%,$-0.00B,$-0.00B,-133.33%,$-0.00B,$0.03B,-3.45%,$-0.00B,$0.03B,-4.44%,$7,$3,$3,$0,$3,$7,$-0,$-0,$-0,$0,$-0,$-0,$-0,$0,$-0,$0,0,$-0.25,$-0.25,$3,$0,$0,$7,$2,$0,$22,$1,$25,$32,$6,$3,$1,$5,$11,$0,$-16,$-0,$21,$32,$-0,$0,$0,$1,$-0,$0,$0,$-0,$-1,$-0,$-0,$0,$0,$0,$0,$0,$-0,$-0,$-0,$-0,$-0,$1,$1,$0,$0,$1,$-0,$0,$0
31,2010-09-30,30.5,$46.16,0.66,$51.33,0.59,$4.60,6.64,$-1.00,0.0,$0.01B,$0.01B,1.11,$0.00B,$0.02B,0.15,$0.02B,$0.01B,52.17%,$0.02B,$-0.00B,-4.35%,$0.02B,$-0.00B,-4.35%,$0.02B,$0.00B,4.35%,$0.02B,$-0.00B,-4.35%,$0.02B,$-0.00B,-4.35%,$-0.00B,$0.02B,-4.94%,$-0.00B,$-0.00B,-50.00%,$-0.00B,$0.03B,-3.67%,$-0.00B,$0.02B,-4.71%,$7,$3,$3,$0,$3,$7,$-1,$-0,$-1,$0,$-1,$-1,$-1,$-0,$-1,$0,0,$-1.25,$-1.25,$3,$0,$0,$7,$1,$0,$22,$1,$24,$32,$7,$3,$1,$4,$11,$0,$-16,$-0,$21,$32,$-0,$2,$0,$2,$0,$0,$0,$-1,$-0,$2,$-1,$0,$-3,$0,$0,$0,$-1,$-5,$-0,$4,$4,$0,$0,$0,$0,$4,$-0,$0,$0
32,2010-06-30,29.38,$45.74,0.64,$47.73,0.62,$8.75,3.36,$1.00,29.38,$0.01B,$0.01B,1.23,$0.00B,$0.02B,0.02,$0.02B,$0.01B,57.14%,$0.02B,0,0.00%,$0.02B,0,0.00%,$0.02B,$0.00B,9.52%,$0.02B,0,0.00%,$0.02B,0,0.00%,$0.00B,$0.02B,0.00%,$0.00B,$0.00B,0.00%,$0.00B,$0.03B,0.00%,$0.00B,$0.02B,0.00%,$6,$3,$3,$0,$2,$6,$0,$-0,$0,$0,$0,$0,$0,$0,$0,$0,0,$0.00,$0.00,$3,$0,$0,$7,$1,$0,$18,$1,$20,$27,$6,$0,$1,$1,$7,$0,$-15,$-0,$20,$27,$0,$1,$0,$1,$-0,$0,$0,$0,$-0,$2,$-1,$0,$-0,$0,$0,$0,$-1,$-3,$-0,$1,$1,$0,$0,$0,$0,$1,$-0,$0,$0
33,2010-03-31,32.0,$45.38,0.71,$48.61,0.66,$10.48,3.05,$1.50,21.33,$0.01B,$0.01B,1.6,$0.00B,$0.02B,0.0,$0.02B,$0.01B,57.14%,$0.02B,0,0.00%,$0.02B,0,0.00%,$0.02B,$0.00B,14.29%,$0.02B,0,0.00%,$0.02B,0,0.00%,$0.00B,$0.02B,0.00%,$0.00B,$0.00B,0.00%,$0.00B,$0.03B,0.00%,$0.00B,$0.02B,0.00%,$5,$3,$3,$0,$2,$5,$0,$0,$0,$0,$0,$0,$0,$0,$0,$0,0,$0.00,$0.00,$3,$0,$0,$7,$1,$0,$16,$1,$18,$25,$5,$0,$0,$0,$5,$0,$-15,$-0,$20,$25,$0,$1,$0,$1,$-0,$0,$0,$0,$-0,$1,$-0,$0,$0,$0,$0,$0,$-1,$-1,$-0,$1,$1,$0,$0,$0,$0,$1,$0,$0,$0
34,2009-12-31,30.0,$45.15,0.66,$50.94,0.59,$12.73,2.36,$2.00,15.0,$0.01B,$0.01B,1.6,$0.00B,$0.02B,0.0,$0.02B,$0.01B,54.55%,$0.02B,0,0.00%,$0.02B,0,0.00%,$0.02B,$0.00B,18.18%,$0.02B,0,0.00%,$0.02B,0,0.00%,$0.00B,$0.02B,0.00%,$0.00B,$0.00B,0.00%,$0.00B,$0.03B,0.00%,$0.00B,$0.02B,0.00%,$5,$2,$3,$0,$2,$5,$0,$-0,$0,$0,$0,$0,$0,$1,$0,$0,0,$0.50,$0.50,$3,$0,$0,$7,$1,$0,$16,$1,$18,$25,$5,$0,$0,$1,$5,$0,$-15,$-0,$20,$25,$0,$0,$0,$0,$-1,$0,$0,$0,$-0,$0,$-0,$0,$0,$0,$0,$0,$-0,$-1,$-0,$0,$0,$0,$0,$0,$0,$0,$0,$0,$0
35,2009-09-30,30.0,$44.50,0.67,$53.98,0.56,$14.39,2.08,$2.00,15.0,$0.01B,$0.00B,1.77,$0.00B,$0.02B,0.0,$0.02B,$0.01B,56.52%,$0.02B,0,0.00%,$0.02B,0,0.00%,$0.02B,$0.00B,17.39%,$0.02B,0,0.00%,$0.02B,0,0.00%,$0.00B,$0.02B,0.00%,$0.00B,$0.01B,0.00%,$0.00B,$0.02B,0.00%,$0.00B,$0.02B,0.00%,$5,$2,$3,$0,$2,$5,$0,$-0,$0,$0,$0,$0,$0,$1,$0,$0,0,$0.25,$0.25,$3,$0,$0,$7,$1,$0,$15,$1,$17,$24,$4,$0,$0,$0,$4,$0,$-16,$-0,$20,$24,$1,$1,$1,$2,$2,$0,$0,$-0,$0,$3,$-0,$0,$0,$0,$0,$0,$-1,$-2,$-0,$0,$-0,$0,$0,$0,$0,$-0,$1,$1,$0
36,2009-06-30,33.75,$43.94,0.77,$57.99,0.58,$4.15,8.13,$-26.25,0.0,$0.01B,$0.00B,1.63,$0.00B,$0.02B,0.0,$0.02B,$0.01B,54.17%,$0.02B,$-0.01B,-41.67%,$0.02B,$-0.01B,-41.67%,$0.02B,$0.00B,12.50%,$0.02B,$-0.01B,-45.83%,$0.02B,$-0.01B,-45.83%,$-0.01B,$0.02B,-57.89%,$-0.01B,$0.00B,-258.82%,$-0.01B,$0.03B,-44.44%,$-0.01B,$0.02B,-52.63%,$6,$3,$3,$0,$2,$6,$0,$0,$0,$0,$0,$0,$0,$1,$0,$0,0,$0.50,$0.50,$3,$0,$0,$7,$2,$0,$15,$1,$17,$25,$4,$0,$0,$1,$5,$0,$-16,$-0,$20,$25,$1,$1,$0,$2,$1,$0,$0,$0,$-0,$2,$-0,$0,$0,$0,$0,$0,$-1,$-1,$-0,$0,$0,$0,$0,$0,$0,$0,$1,$0,$0
37,2009-03-31,28.75,$43.18,0.67,$59.40,0.48,$-2.37,0.0,$-26.50,0.0,$0.01B,$0.01B,1.4,$0.00B,$0.02B,0.01,$0.02B,$0.01B,54.17%,$0.02B,$-0.01B,-41.67%,$0.02B,$-0.01B,-41.67%,$0.02B,$0.00B,8.33%,$0.02B,$-0.01B,-45.83%,$0.02B,$-0.01B,-45.83%,$-0.01B,$0.02B,-54.32%,$-0.01B,$0.00B,-231.58%,$-0.01B,$0.03B,-43.14%,$-0.01B,$0.02B,-49.38%,$6,$3,$3,$0,$3,$6,$0,$-0,$0,$0,$0,$0,$0,$1,$0,$0,0,$0.50,$0.50,$3,$0,$0,$7,$2,$0,$15,$1,$17,$25,$5,$0,$0,$0,$5,$0,$-16,$-0,$19,$25,$0,$1,$0,$1,$1,$0,$0,$0,$0,$2,$-0,$0,$0,$0,$0,$0,$-1,$-1,$-0,$0,$-0,$0,$0,$0,$0,$-0,$1,$0,$0
38,2008-12-31,14.0,$43.87,0.32,$60.04,0.23,$-6.40,0.0,$-26.75,0.0,$0.01B,$0.01B,1.41,$0.00B,$0.02B,0.01,$0.02B,$0.01B,56.52%,$0.02B,$-0.01B,-43.48%,$0.02B,$-0.01B,-43.48%,$0.02B,$0.00B,4.35%,$0.02B,$-0.01B,-47.83%,$0.02B,$-0.01B,-47.83%,$-0.01B,$0.02B,-50.57%,$-0.01B,$0.01B,-209.52%,$-0.01B,$0.03B,-41.90%,$-0.01B,$0.02B,-45.98%,$6,$3,$4,$0,$3,$6,$0,$-0,$0,$0,$0,$0,$0,$1,$0,$0,0,$0.50,$0.50,$3,$0,$0,$8,$2,$0,$14,$1,$17,$25,$6,$0,$0,$0,$6,$0,$-16,$-0,$19,$25,$0,$0,$0,$1,$1,$0,$0,$0,$0,$1,$-0,$0,$0,$0,$0,$0,$-0,$-0,$-0,$0,$-0,$0,$0,$0,$0,$-0,$1,$0,$0
39,2008-09-30,32.0,$42.64,0.75,$57.22,0.56,$-8.73,0.0,$-27.25,0.0,$0.01B,$0.01B,1.44,$0.00B,$0.02B,0.01,$0.02B,$0.01B,52.38%,$0.02B,$-0.01B,-47.62%,$0.02B,$-0.01B,-47.62%,$0.02B,0,0.00%,$0.02B,$-0.01B,-52.38%,$0.02B,$-0.01B,-52.38%,$-0.01B,$0.02B,-48.35%,$-0.01B,$0.00B,-191.30%,$-0.01B,$0.02B,-41.51%,$-0.01B,$0.02B,-43.96%,$6,$3,$3,$0,$3,$16,$-10,$-0,$-11,$0,$-11,$-11,$-11,$-0,$-10,$0,0,$-27.75,$-27.75,$2,$0,$0,$8,$2,$0,$14,$1,$16,$24,$6,$0,$0,$0,$6,$0,$-16,$-0,$18,$24,$-10,$11,$0,$12,$-1,$0,$0,$-0,$-2,$-0,$-1,$0,$-2,$0,$0,$0,$-1,$-4,$-0,$1,$1,$0,$0,$0,$0,$1,$-3,$0,$0
40,2008-06-30,66.0,$66.44,0.99,$61.04,1.08,$-10.82,0.0,$0.50,132.0,$0.01B,$0.00B,2.47,$0.00B,$0.03B,0.01,$0.02B,$0.01B,52.63%,$0.02B,0,0.00%,$0.02B,0,0.00%,$0.02B,0,0.00%,$0.02B,0,0.00%,$0.02B,0,0.00%,$0.00B,$0.03B,0.00%,$0.00B,$0.01B,0.00%,$0.00B,$0.03B,0.00%,$0.00B,$0.03B,0.00%,$6,$3,$3,$0,$3,$6,$0,$0,$0,$0,$0,$0,$0,$0,$0,$0,0,$0.25,$0.25,$2,$0,$0,$7,$1,$0,$19,$1,$21,$28,$3,$0,$0,$0,$3,$0,$-6,$-0,$25,$28,$0,$1,$0,$1,$-1,$0,$0,$-1,$-2,$-0,$-1,$0,$-1,$0,$0,$0,$-1,$-2,$-0,$0,$-0,$0,$0,$0,$0,$-0,$-3,$0,$0
41,2008-03-31,71.5,$66.11,1.08,$60.59,1.18,$-10.78,0.0,$-3.25,0.0,$0.01B,$0.00B,2.55,$0.00B,$0.03B,0.01,$0.02B,$0.01B,53.33%,$0.02B,0,0.00%,$0.02B,0,0.00%,$0.02B,0,0.00%,$0.02B,$-0.00B,-6.67%,$0.02B,$-0.00B,-6.67%,$-0.00B,$0.03B,-5.33%,$-0.00B,$0.01B,-23.53%,$-0.00B,$0.03B,-4.44%,$0.00B,$0.03B,0.00%,$5,$2,$3,$0,$2,$5,$0,$-0,$0,$0,$0,$0,$0,$0,$0,$0,0,$0.25,$0.25,$3,$0,$0,$8,$1,$0,$19,$0,$21,$28,$3,$0,$0,$0,$3,$0,$-6,$0,$25,$28,$0,$0,$0,$1,$0,$0,$0,$-1,$-1,$0,$-0,$0,$-1,$0,$0,$0,$-0,$-2,$-0,$0,$-0,$0,$0,$0,$0,$-0,$-2,$0,$0
