,Date,Stock Price,Book Value per Share,Price to Book Ratio,TTM Sales per Share,Price to Sales Ratio,TTM FCF per Share,Price to FCF Ratio,TTM Net EPS,PE Ratio,Current Assets,Current Liabilities,Current Ratio,Long Term Debt,Shareholder's Equity_x,Debt to Equity Ratio,TTM Revenue_x,TTM Gross Profit,Gross Margin,TTM Revenue_y,TTM Operating Income,Operating Margin,TTM Revenue_x,TTM EBIT,EBIT Margin,TTM Revenue_y,TTM EBITDA,EBITDA Margin,TTM Revenue_x,TTM Pre-Tax Income,Pre-Tax Margin,TTM Revenue_y,TTM Net Income_x,Net Margin,TTM Net Income_y,Shareholder's Equity_y,Return on Equity,TTM Net Income_x,Tangible Equity,Return on Tangible Equity,TTM Net Income_y,Total Assets,Return on Assets,TTM Net Income,LT Investments & Debt,Return on Investment,revenue,cost-goods-sold,gross-profit,research-development-expenses,selling-general-administrative-expenses,operating-expenses,operating-income,total-non-operating-income-expense,pre-tax-income,total-provision-income-taxes,income-after-taxes,income-from-continuous-operations,net-income,ebitda,ebit,basic-shares-outstanding,shares-outstanding,eps-basic-net-earnings-per-share,eps-earnings-per-share-diluted,cash-on-hand,inventory,other-current-assets,total-current-assets,net-property-plant-equipment,long-term-investments,goodwill-intangible-assets-total,other-long-term-assets,total-long-term-assets,total-assets,total-current-liabilities,long-term-debt,other-non-current-liabilities,total-long-term-liabilities,total-liabilities,common-stock-net,retained-earnings-accumulated-deficit,comprehensive-income,total-share-holder-equity,total-liabilities-share-holders-equity,net-income-loss,total-depreciation-amortization-cash-flow,other-non-cash-items,total-non-cash-items,change-in-accounts-receivable,change-in-inventories,change-in-accounts-payable,change-in-assets-liabilities,total-change-in-assets-liabilities,cash-flow-from-operating-activities,net-change-in-property-plant-equipment,net-change-in-intangible-assets,net-acquisitions-divestitures,net-change-in-short-term-investments,net-change-in-long-term-investments,net-change-in-investments-total,investing-activities-other,cash-flow-from-investing-activities,net-long-term-debt,net-current-debt,debt-issuance-retirement-net-total,net-common-equity-issued-repurchased,net-total-equity-issued-repurchased,total-common-preferred-stock-dividends-paid,financial-activities-other,cash-flow-from-financial-activities,net-cash-flow,stock-based-compensation,common-stock-dividends-paid
0,2018-09-30,471.33,$204.42,2.31,$82.53,5.71,$43.96,10.72,$34.91,13.5,$9.26B,$3.01B,3.07,$24.61B,$32.47B,0.76,$13.42B,$13.42B,100.00%,$13.42B,$5.71B,42.58%,$13.42B,$5.71B,42.58%,$13.42B,$5.93B,44.18%,$13.42B,$5.71B,42.54%,$13.42B,$5.69B,42.41%,$5.69B,$32.47B,17.71%,$5.69B,$1.09B,424.86%,$5.69B,$174.86B,2.82%,$5.71B,$57.08B,9.39%,$3576,$0,$3576,$0,$1510,$2180,$1396,$33,$1429,$226,$1203,$1203,$1216,$1453,$1396,$160,161,$7.59,$7.54,$6580,$0,$0,$9262,$588,$3977,$31380,$129655,$165600,$174862,$3014,$24610,$110610,$139378,$142392,$2,$18852,$-616,$32470,$174862,$3375,$164,$125,$289,$-5,$161,$164,$-1432,$-1112,$2552,$-108,$0,$-699,$0,$159,$159,$-52,$-700,$746,$0,$746,$-1555,$-1555,$-1471,$-13,$-2293,$-499,$431,$-1471
1,2018-06-30,499.04,$201.39,2.48,$81.79,6.1,$43.72,11.41,$33.15,15.05,$9.29B,$2.40B,3.87,$28.42B,$32.18B,0.88,$13.35B,$13.35B,100.00%,$13.35B,$5.71B,42.75%,$13.35B,$5.71B,42.75%,$13.35B,$5.93B,44.41%,$13.35B,$5.68B,42.53%,$13.35B,$5.42B,40.59%,$5.42B,$32.18B,17.18%,$5.42B,$1.60B,579.73%,$5.42B,$195.55B,2.54%,$5.71B,$60.61B,9.16%,$3605,$0,$3605,$0,$1475,$2165,$1440,$-24,$1416,$338,$1078,$1078,$1073,$1494,$1440,$161,162,$6.67,$6.62,$6724,$0,$0,$9291,$581,$3696,$30582,$151399,$186258,$195549,$2401,$28421,$128346,$160964,$163365,$2,$18138,$-575,$32184,$195549,$2172,$107,$264,$371,$78,$36,$27,$-1397,$-1256,$1287,$-63,$0,$0,$0,$-27,$-27,$-52,$-142,$530,$0,$530,$-1040,$-1040,$-969,$6,$-1473,$-355,$310,$-969
2,2018-03-31,538.91,$199.75,2.7,$79.27,6.8,$43.02,12.53,$31.75,16.97,$8.76B,$2.21B,3.97,$32.71B,$32.02B,1.02,$12.98B,$12.98B,100.00%,$12.98B,$5.50B,42.40%,$12.98B,$5.50B,42.40%,$12.98B,$5.73B,44.17%,$12.98B,$5.50B,42.37%,$12.98B,$5.20B,40.06%,$5.20B,$32.02B,16.83%,$5.20B,$1.43B,1839.08%,$5.20B,$216.02B,2.38%,$5.50B,$64.73B,8.81%,$3583,$0,$3583,$0,$1504,$2208,$1375,$-16,$1359,$265,$1094,$1094,$1089,$1428,$1375,$161,163,$6.75,$6.68,$6081,$0,$0,$8758,$589,$3687,$30595,$172388,$207259,$216017,$2209,$32708,$145001,$181786,$183995,$2,$17529,$-301,$32022,$216017,$1094,$53,$141,$194,$35,$0,$268,$-1732,$-1429,$-141,$-33,$0,$0,$0,$33,$33,$-53,$-53,$347,$0,$347,$-719,$-719,$-505,$3,$-874,$-953,$175,$-505
3,2017-12-31,508.37,$199.08,2.55,$76.04,6.69,$42.98,11.83,$30.30,16.78,$9.74B,$3.31B,2.94,$29.20B,$31.85B,0.92,$12.49B,$12.49B,100.00%,$12.49B,$5.27B,42.21%,$12.49B,$5.27B,42.21%,$12.49B,$5.51B,44.13%,$12.49B,$5.28B,42.25%,$12.49B,$4.97B,39.79%,$4.97B,$31.85B,16.46%,$4.97B,$1.24B,-1290.07%,$4.97B,$220.24B,2.24%,$5.27B,$61.05B,8.43%,$2655,$0,$2655,$0,$1615,$1152,$1503,$1,$1504,$-815,$2319,$2319,$2313,$1553,$1503,$162,164,$14.29,$14.06,$7038,$0,$0,$9737,$592,$3474,$30609,$175829,$210504,$220241,$3314,$29204,$151932,$185079,$188393,$2,$16939,$-432,$31848,$220241,$5007,$240,$-988,$-748,$-521,$0,$308,$-218,$-431,$3828,$-155,$0,$-102,$0,$-291,$-291,$-39,$-587,$461,$0,$461,$-1421,$-1421,$-1662,$-8,$-2630,$803,$542,$-1662
4,2017-09-30,440.25,$187.49,2.35,$77.24,5.7,$32.86,13.4,$21.36,20.61,$9.43B,$3.27B,2.89,$32.75B,$30.10B,1.09,$12.73B,$12.73B,100.00%,$12.73B,$4.99B,39.24%,$12.73B,$4.99B,39.24%,$12.73B,$5.25B,41.25%,$12.73B,$4.96B,38.98%,$12.73B,$3.51B,27.57%,$3.51B,$30.10B,11.88%,$3.51B,$-0.53B,-341.33%,$3.51B,$220.57B,1.58%,$4.99B,$62.85B,7.95%,$3508,$0,$3508,$0,$1442,$2119,$1389,$10,$1399,$443,$956,$956,$944,$1454,$1389,$162,164,$5.83,$5.76,$6247,$0,$0,$9430,$571,$3214,$30626,$176726,$211137,$220567,$3266,$32750,$149168,$187204,$190470,$2,$15065,$-473,$30097,$220567,$2688,$190,$519,$709,$-361,$-145,$217,$-568,$-857,$2540,$-100,$0,$-102,$0,$-253,$-253,$-56,$-511,$321,$0,$321,$-1133,$-1133,$-1259,$-12,$-2083,$107,$417,$-1259
5,2017-06-30,413.48,$183.79,2.25,$72.88,5.67,$23.22,17.81,$20.84,19.84,$8.57B,$2.66B,3.22,$31.53B,$29.62B,1.07,$12.06B,$12.06B,100.00%,$12.06B,$4.81B,39.93%,$12.06B,$4.81B,39.93%,$12.06B,$5.07B,42.05%,$12.06B,$4.77B,39.58%,$12.06B,$3.44B,28.53%,$3.44B,$29.62B,11.76%,$3.44B,$-1.01B,-268.04%,$3.44B,$217.49B,1.54%,$4.81B,$61.15B,7.63%,$3236,$0,$3236,$0,$1343,$1999,$1237,$1,$1238,$374,$864,$864,$854,$1299,$1237,$163,164,$5.26,$5.20,$5582,$0,$0,$8566,$549,$3136,$30622,$174615,$208922,$217488,$2660,$31534,$148426,$185212,$187872,$2,$14523,$-575,$29616,$217488,$1732,$125,$414,$539,$-156,$-128,$84,$-891,$-1091,$1180,$-55,$0,$-73,$0,$-226,$-226,$-28,$-382,$246,$0,$246,$-846,$-846,$-854,$-9,$-1463,$-563,$290,$-854
6,2017-03-31,373.15,$180.51,2.07,$70.00,5.33,$15.37,24.27,$20.35,18.34,$9.04B,$2.77B,3.27,$35.86B,$29.21B,1.23,$11.62B,$11.62B,100.00%,$11.62B,$4.75B,40.87%,$11.62B,$4.75B,40.87%,$11.62B,$5.01B,43.10%,$11.62B,$4.68B,40.27%,$11.62B,$3.37B,29.03%,$3.37B,$29.21B,11.64%,$3.37B,$-1.25B,-223.78%,$3.37B,$230.59B,1.50%,$4.75B,$65.07B,7.43%,$3092,$0,$3092,$0,$1317,$1949,$1143,$-7,$1136,$268,$868,$868,$859,$1206,$1143,$163,165,$5.27,$5.21,$5814,$0,$0,$9041,$546,$2954,$30451,$187594,$221545,$230586,$2769,$35864,$157408,$198611,$201380,$2,$14073,$-677,$29206,$230586,$868,$63,$145,$208,$5,$0,$59,$-1304,$-1240,$-164,$-19,$0,$0,$0,$-30,$-30,$0,$-49,$829,$0,$829,$-562,$-562,$-447,$0,$-180,$-361,$162,$-447
7,2016-12-31,367.91,$180.46,2.04,$66.91,5.5,$12.93,28.46,$19.04,19.32,$8.29B,$2.76B,3.0,$32.92B,$29.15B,1.13,$11.16B,$11.16B,100.00%,$11.16B,$4.57B,40.97%,$11.16B,$4.57B,40.97%,$11.16B,$4.83B,43.33%,$11.16B,$4.46B,39.98%,$11.16B,$3.17B,28.44%,$3.17B,$29.15B,11.01%,$3.17B,$-1.33B,-187.06%,$3.17B,$220.18B,1.42%,$4.57B,$62.07B,7.18%,$2890,$0,$2890,$0,$1342,$1665,$1225,$-38,$1187,$336,$851,$851,$851,$1290,$1225,$164,167,$5.20,$5.13,$6175,$0,$0,$8290,$559,$2603,$30481,$178244,$211887,$220177,$2760,$32923,$150310,$188267,$191027,$2,$13660,$-716,$29150,$220177,$3170,$263,$-24,$239,$-65,$0,$26,$-1216,$-1255,$2154,$-119,$0,$-30,$0,$35,$35,$-74,$-188,$1146,$0,$1146,$-1373,$-1373,$-1545,$87,$-1685,$8,$521,$-1545
8,2016-09-30,348.39,$178.47,1.95,$66.50,5.24,$17.18,20.28,$19.02,18.32,$8.22B,$2.84B,2.9,$35.07B,$28.96B,1.21,$11.13B,$11.13B,100.00%,$11.13B,$4.48B,40.28%,$11.13B,$4.48B,40.28%,$11.13B,$4.74B,42.61%,$11.13B,$4.42B,39.73%,$11.13B,$3.18B,28.59%,$3.18B,$28.96B,11.10%,$3.18B,$-1.55B,-172.77%,$3.18B,$226.74B,1.42%,$4.48B,$64.03B,6.97%,$2837,$0,$2837,$0,$1281,$1628,$1209,$1,$1210,$333,$877,$877,$875,$1274,$1209,$164,166,$5.33,$5.26,$5615,$0,$0,$8216,$564,$3142,$30511,$184306,$218523,$226739,$2835,$35072,$154439,$194943,$197778,$2,$13183,$-598,$28961,$226739,$2319,$198,$347,$545,$-336,$-278,$309,$-1597,$-1902,$962,$-88,$0,$-30,$0,$-51,$-51,$-74,$-243,$999,$0,$999,$-1092,$-1092,$-1171,$84,$-1180,$-629,$408,$-1171
9,2016-06-30,327.22,$175.81,1.86,$66.69,4.91,$21.92,14.93,$18.76,17.44,$8.12B,$2.68B,3.03,$35.86B,$28.64B,1.25,$11.20B,$11.20B,100.00%,$11.20B,$4.50B,40.13%,$11.20B,$4.50B,40.13%,$11.20B,$4.77B,42.59%,$11.20B,$4.39B,39.15%,$11.20B,$3.15B,28.12%,$3.15B,$28.64B,11.06%,$3.15B,$-1.91B,-159.11%,$3.15B,$222.06B,1.41%,$4.50B,$64.49B,6.99%,$2804,$0,$2804,$0,$1293,$1631,$1173,$-25,$1148,$353,$795,$795,$789,$1240,$1173,$165,167,$4.79,$4.73,$5237,$0,$0,$8122,$576,$2660,$30540,$180157,$213933,$222055,$2679,$35858,$149464,$190741,$193420,$2,$12684,$-560,$28635,$222055,$1442,$133,$99,$232,$-624,$0,$565,$-1713,$-1772,$-98,$-67,$0,$-30,$0,$143,$143,$-20,$26,$744,$0,$744,$-841,$-841,$-795,$82,$-810,$-1018,$289,$-795
10,2016-03-31,323.3,$174.03,1.86,$67.04,4.82,$25.05,12.91,$18.87,17.13,$7.61B,$2.06B,3.7,$35.54B,$28.47B,1.25,$11.30B,$11.30B,100.00%,$11.30B,$4.56B,40.35%,$11.30B,$4.56B,40.35%,$11.30B,$4.85B,42.87%,$11.30B,$4.43B,39.23%,$11.30B,$3.18B,28.14%,$3.18B,$28.47B,11.24%,$3.18B,$-2.00B,-149.54%,$3.18B,$222.96B,1.40%,$4.56B,$64.01B,7.07%,$2624,$0,$2624,$0,$1265,$1661,$963,$-48,$915,$268,$647,$647,$657,$1029,$963,$165,167,$3.97,$3.92,$5084,$0,$0,$7610,$581,$2760,$30466,$181541,$215348,$222958,$2057,$35544,$151434,$192432,$194489,$2,$12271,$-474,$28469,$222958,$647,$66,$195,$261,$-270,$0,$326,$-1529,$-1473,$-565,$-30,$0,$0,$0,$84,$84,$-8,$46,$361,$0,$361,$-562,$-562,$-419,$73,$-547,$-1102,$172,$-419
11,2015-12-31,320.98,$174.84,1.84,$67.41,4.76,$25.03,12.82,$19.79,16.22,$8.47B,$3.04B,2.79,$36.27B,$28.58B,1.27,$11.40B,$11.40B,100.00%,$11.40B,$4.66B,40.91%,$11.40B,$4.66B,40.91%,$11.40B,$4.96B,43.50%,$11.40B,$4.60B,40.36%,$11.40B,$3.35B,29.34%,$3.35B,$28.58B,11.93%,$3.35B,$-1.92B,-141.78%,$3.35B,$225.26B,1.44%,$4.66B,$64.85B,7.02%,$2863,$0,$2863,$0,$1399,$1726,$1137,$11,$1148,$279,$869,$869,$861,$1199,$1137,$166,169,$5.18,$5.11,$6231,$0,$0,$8468,$581,$2608,$30495,$183109,$216793,$225261,$3039,$36266,$152061,$193642,$196681,$2,$12033,$-448,$28580,$225261,$3352,$295,$-302,$-7,$-82,$0,$-41,$-218,$-341,$3004,$-221,$0,$-273,$0,$192,$192,$-163,$-465,$521,$0,$521,$-1205,$-1205,$-1476,$96,$-2064,$360,$514,$-1476
12,2015-09-30,278.72,$172.17,1.62,$66.74,4.18,$26.22,10.63,$19.45,14.33,$8.29B,$2.90B,2.86,$35.73B,$28.22B,1.27,$11.32B,$11.32B,100.00%,$11.32B,$4.67B,41.26%,$11.32B,$4.67B,41.26%,$11.32B,$4.98B,43.99%,$11.32B,$4.54B,40.08%,$11.32B,$3.30B,29.12%,$3.30B,$28.22B,11.88%,$3.30B,$-2.10B,-127.52%,$3.30B,$222.22B,1.40%,$4.67B,$63.96B,6.91%,$2910,$0,$2910,$0,$1342,$1688,$1222,$-48,$1174,$342,$832,$832,$843,$1302,$1222,$166,169,$5.08,$5.00,$5749,$0,$0,$8291,$543,$2288,$30325,$180769,$213925,$222216,$2904,$35734,$150176,$191089,$193993,$2,$11533,$-408,$28223,$222216,$2483,$233,$-135,$98,$-461,$0,$287,$-560,$-734,$1847,$-160,$0,$-88,$0,$188,$188,$-82,$-142,$314,$0,$314,$-974,$-974,$-1115,$75,$-1700,$-50,$397,$-1115
13,2015-06-30,321.85,$169.70,1.9,$66.17,4.86,$26.62,12.09,$19.82,16.24,$7.32B,$2.42B,3.02,$37.38B,$27.87B,1.34,$11.26B,$11.26B,100.00%,$11.26B,$4.61B,40.90%,$11.26B,$4.61B,40.90%,$11.26B,$4.92B,43.68%,$11.26B,$4.47B,39.69%,$11.26B,$3.37B,29.94%,$3.37B,$27.87B,12.25%,$3.37B,$-2.49B,-118.81%,$3.37B,$237.01B,1.43%,$4.61B,$65.26B,6.99%,$2905,$0,$2905,$0,$1324,$1667,$1238,$-41,$1197,$371,$826,$826,$819,$1315,$1238,$167,169,$4.92,$4.84,$4971,$0,$0,$7318,$545,$1436,$30364,$197345,$229690,$237008,$2421,$37384,$164074,$206715,$209136,$2,$11052,$-339,$27872,$237008,$1651,$153,$-216,$-63,$-253,$0,$233,$-1072,$-1092,$496,$-134,$0,$-88,$0,$198,$198,$-81,$-105,$266,$0,$266,$-777,$-777,$-753,$73,$-1191,$-816,$269,$-753
14,2015-03-31,338.25,$166.57,2.03,$65.23,5.19,$27.39,12.35,$19.70,17.17,$7.41B,$2.40B,3.09,$44.27B,$27.48B,1.61,$11.13B,$11.13B,100.00%,$11.13B,$4.49B,40.33%,$11.13B,$4.49B,40.33%,$11.13B,$4.81B,43.22%,$11.13B,$4.41B,39.61%,$11.13B,$3.36B,30.18%,$3.36B,$27.48B,12.31%,$3.36B,$-2.93B,-109.92%,$3.36B,$242.71B,1.43%,$4.49B,$71.75B,6.96%,$2723,$0,$2723,$0,$1320,$1656,$1067,$16,$1083,$258,$825,$825,$822,$1143,$1067,$167,170,$4.92,$4.84,$4572,$0,$0,$7408,$537,$2204,$30404,$202161,$235306,$242714,$2398,$44269,$163314,$212840,$215238,$2,$10613,$-439,$27476,$242714,$825,$76,$-149,$-73,$-750,$0,$654,$-1165,$-1261,$-509,$-98,$0,$-88,$0,$61,$61,$-3,$-128,$109,$0,$109,$-498,$-498,$-389,$62,$-716,$-1446,$143,$-389
15,2014-12-31,328.65,$166.79,1.97,$64.71,5.08,$29.68,11.07,$19.26,17.06,$8.12B,$2.90B,2.8,$41.97B,$27.49B,1.53,$11.08B,$11.08B,100.00%,$11.08B,$4.47B,40.38%,$11.08B,$4.47B,40.38%,$11.08B,$4.81B,43.39%,$11.08B,$4.40B,39.66%,$11.08B,$3.29B,29.73%,$3.29B,$27.49B,12.16%,$3.29B,$-2.82B,-100.43%,$3.29B,$239.79B,1.45%,$4.47B,$69.45B,7.50%,$2784,$0,$2784,$0,$1313,$1640,$1144,$-60,$1084,$278,$806,$806,$813,$1220,$1144,$168,171,$4.86,$4.76,$6001,$0,$0,$8121,$467,$5241,$30305,$195658,$231671,$239792,$2900,$41965,$162418,$209407,$212307,$2,$10145,$-273,$27485,$239792,$3264,$334,$193,$527,$78,$0,$-69,$-713,$-704,$3087,$-66,$0,$0,$0,$428,$428,$-123,$239,$711,$0,$711,$-1340,$-1340,$-1338,$106,$-1861,$1333,$453,$-1338
16,2014-09-30,300.15,$164.59,1.82,$64.42,4.66,$32.43,9.25,$19.35,15.51,$8.96B,$3.23B,2.77,$29.79B,$27.24B,1.09,$11.07B,$11.07B,100.00%,$11.07B,$4.46B,40.30%,$11.07B,$4.46B,40.30%,$11.07B,$4.81B,43.44%,$11.07B,$4.47B,40.35%,$11.07B,$3.32B,30.00%,$3.32B,$27.24B,12.36%,$3.32B,$-3.11B,-93.81%,$3.32B,$222.81B,1.49%,$4.46B,$57.03B,7.93%,$2849,$0,$2849,$0,$1349,$1692,$1157,$-52,$1105,$232,$873,$873,$917,$1241,$1157,$168,171,$5.46,$5.37,$6324,$0,$0,$8955,$468,$1951,$30344,$181094,$213857,$222812,$3230,$29792,$157450,$192347,$195577,$2,$9660,$-169,$27235,$222812,$2458,$258,$132,$390,$-426,$-189,$473,$-890,$-1032,$1816,$-40,$0,$0,$0,$330,$330,$-33,$257,$1533,$0,$1533,$-1085,$-1085,$-1016,$299,$-269,$1759,$336,$-1016
17,2014-06-30,290.47,$162.54,1.79,$61.99,4.69,$35.97,8.08,$18.19,15.97,$9.70B,$4.32B,2.25,$32.69B,$27.02B,1.21,$10.70B,$10.70B,100.00%,$10.70B,$4.27B,39.94%,$10.70B,$4.27B,39.94%,$10.70B,$4.62B,43.20%,$10.70B,$4.31B,40.30%,$10.70B,$3.14B,29.31%,$3.14B,$27.02B,11.79%,$3.14B,$-3.37B,-81.63%,$3.14B,$231.69B,1.42%,$4.27B,$59.71B,7.66%,$2778,$0,$2778,$0,$1325,$1656,$1122,$16,$1138,$297,$841,$841,$808,$1208,$1122,$169,171,$4.79,$4.72,$5497,$0,$0,$9704,$496,$2095,$30389,$189009,$221989,$231693,$4323,$32689,$162438,$200351,$204674,$2,$9113,$1,$27019,$231693,$1585,$174,$159,$333,$-1964,$-102,$2011,$-1331,$-1386,$532,$-34,$0,$0,$0,$131,$131,$-3,$94,$1341,$0,$1341,$-832,$-832,$-692,$250,$67,$737,$236,$-692
18,2014-03-31,284.05,$159.36,1.78,$60.04,4.73,$40.45,7.02,$17.66,16.08,$7.45B,$2.28B,3.27,$25.94B,$26.61B,0.98,$10.40B,$10.40B,100.00%,$10.40B,$4.00B,38.45%,$10.40B,$4.00B,38.45%,$10.40B,$4.35B,41.78%,$10.40B,$4.09B,39.33%,$10.40B,$3.06B,29.38%,$3.06B,$26.61B,11.63%,$3.06B,$-3.82B,-74.27%,$3.06B,$216.30B,1.45%,$4.00B,$52.56B,7.42%,$2670,$0,$2670,$0,$1295,$1619,$1051,$17,$1068,$324,$744,$744,$756,$1139,$1051,$169,172,$4.47,$4.40,$4585,$0,$0,$7453,$508,$2092,$30434,$175810,$208844,$216297,$2283,$25942,$156130,$187401,$189684,$2,$8604,$-35,$26613,$216297,$744,$88,$275,$363,$-624,$-95,$521,$-1115,$-1313,$-206,$-15,$0,$0,$0,$151,$151,$-3,$133,$877,$0,$877,$-575,$-575,$-366,$128,$64,$4,$127,$-366
19,2013-12-31,284.06,$159.77,1.78,$58.54,4.85,$42.72,6.65,$16.88,16.83,$6.80B,$2.83B,2.4,$29.10B,$26.62B,1.09,$10.18B,$10.18B,100.00%,$10.18B,$3.86B,37.89%,$10.18B,$3.86B,37.89%,$10.18B,$4.20B,41.26%,$10.18B,$3.97B,39.03%,$10.18B,$2.93B,28.80%,$2.93B,$26.62B,11.26%,$2.93B,$-3.87B,-67.90%,$2.93B,$219.87B,1.42%,$3.86B,$55.71B,7.09%,$2777,$0,$2777,$0,$1335,$1644,$1133,$24,$1157,$307,$850,$850,$841,$1223,$1133,$170,174,$4.97,$4.85,$4551,$0,$0,$6798,$525,$2151,$30481,$179918,$213075,$219873,$2831,$29096,$156191,$190426,$193257,$2,$8230,$-35,$26616,$219873,$2951,$343,$-149,$194,$14,$0,$7,$476,$497,$3642,$-94,$0,$-298,$0,$-43,$-43,$-48,$-483,$-957,$-100,$-1057,$-1215,$-1215,$-1168,$48,$-3392,$-216,$448,$-1168
20,2013-09-30,241.56,$156.30,1.55,$56.83,4.25,$34.05,7.1,$15.95,15.15,$8.39B,$4.64B,1.81,$28.97B,$26.15B,1.11,$9.94B,$9.94B,100.00%,$9.94B,$3.73B,37.51%,$9.94B,$3.73B,37.51%,$9.94B,$4.07B,40.94%,$9.94B,$3.75B,37.76%,$9.94B,$2.78B,27.97%,$2.78B,$26.15B,10.79%,$2.78B,$-4.31B,-61.34%,$2.78B,$212.72B,1.38%,$3.73B,$55.11B,6.82%,$2472,$0,$2472,$0,$1200,$1506,$966,$-18,$948,$219,$729,$729,$730,$1051,$966,$170,173,$4.30,$4.21,$4080,$0,$0,$8391,$523,$1878,$30451,$171474,$204326,$212717,$4644,$28968,$147682,$181928,$186572,$2,$7678,$-79,$26145,$212717,$2101,$253,$251,$504,$-2061,$-205,$2264,$-127,$-129,$2476,$-60,$0,$-240,$0,$88,$88,$-63,$-275,$-1093,$-100,$-1193,$-984,$-984,$-882,$247,$-2812,$-619,$340,$-882
21,2013-06-30,227.8,$153.17,1.49,$55.79,4.08,$30.17,7.55,$15.39,14.8,$6.04B,$2.22B,2.72,$26.51B,$25.76B,1.03,$9.79B,$9.79B,100.00%,$9.79B,$3.64B,37.16%,$9.79B,$3.64B,37.16%,$9.79B,$3.98B,40.66%,$9.79B,$3.71B,37.91%,$9.79B,$2.69B,27.51%,$2.69B,$25.76B,10.54%,$2.69B,$-4.47B,-56.94%,$2.69B,$193.75B,1.37%,$3.64B,$52.26B,6.63%,$2482,$0,$2482,$0,$1329,$1633,$849,$69,$918,$212,$706,$706,$729,$933,$849,$171,174,$4.27,$4.19,$3793,$0,$0,$6042,$524,$1773,$30221,$155185,$187703,$193745,$2219,$26509,$133874,$165771,$167990,$2,$7233,$-198,$25755,$193745,$1372,$168,$255,$423,$-15,$-70,$207,$-587,$-465,$1330,$-46,$0,$0,$0,$59,$59,$-3,$10,$-836,$-100,$-936,$-697,$-697,$-595,$35,$-2193,$-938,$231,$-595
22,2013-03-31,225.0,$151.69,1.48,$53.93,4.17,$27.06,8.32,$14.28,15.76,$6.85B,$2.26B,3.03,$28.96B,$25.63B,1.13,$9.54B,$9.54B,100.00%,$9.54B,$3.62B,37.94%,$9.54B,$3.62B,37.94%,$9.54B,$3.96B,41.55%,$9.54B,$3.58B,37.56%,$9.54B,$2.52B,26.40%,$2.52B,$25.63B,9.94%,$2.52B,$-4.64B,-50.62%,$2.52B,$200.74B,1.30%,$3.62B,$54.59B,6.53%,$2449,$0,$2449,$0,$1236,$1540,$909,$41,$950,$284,$666,$666,$632,$993,$909,$171,175,$3.69,$3.62,$4232,$0,$0,$6850,$529,$1711,$30266,$161382,$193888,$200738,$2259,$28958,$138475,$172848,$175107,$2,$6822,$-166,$25631,$200738,$666,$84,$177,$261,$-376,$51,$597,$-1009,$-737,$190,$-18,$0,$0,$0,$52,$52,$-3,$31,$-80,$-100,$-180,$-455,$-455,$-309,$139,$-805,$-664,$127,$-309
23,2012-12-31,179.82,$151.50,1.19,$52.26,3.44,$25.29,7.11,$13.80,13.03,$7.15B,$2.70B,2.65,$31.11B,$25.59B,1.22,$9.34B,$9.34B,100.00%,$9.34B,$3.52B,37.74%,$9.34B,$3.52B,37.74%,$9.34B,$3.87B,41.49%,$9.34B,$3.47B,37.16%,$9.34B,$2.46B,26.33%,$2.46B,$25.59B,9.71%,$2.46B,$-4.73B,-48.88%,$2.46B,$200.45B,1.29%,$3.52B,$56.70B,6.37%,$2539,$0,$2539,$0,$1249,$1534,$1005,$-67,$938,$288,$650,$650,$690,$1093,$1005,$175,178,$3.99,$3.92,$4903,$0,$0,$7153,$557,$1750,$30312,$160679,$193298,$200451,$2702,$31110,$135729,$172164,$174866,$2,$6473,$-59,$25585,$200451,$2440,$350,$198,$548,$-292,$-664,$114,$94,$-748,$2240,$-150,$0,$-267,$0,$366,$366,$-215,$-266,$1326,$0,$1326,$-1598,$-1598,$-1060,$388,$-944,$1100,$451,$-1060
24,2012-09-30,153.93,$151.17,1.02,$49.90,3.08,$27.33,5.63,$12.92,11.91,$6.98B,$2.75B,2.54,$30.59B,$25.26B,1.21,$9.03B,$9.03B,100.00%,$9.03B,$3.33B,36.86%,$9.03B,$3.33B,36.86%,$9.03B,$3.68B,40.82%,$9.03B,$3.35B,37.09%,$9.03B,$2.33B,25.82%,$2.33B,$25.26B,9.23%,$2.33B,$-5.09B,-45.99%,$2.33B,$192.83B,1.26%,$3.33B,$55.85B,6.13%,$2320,$0,$2320,$0,$1155,$1445,$875,$30,$905,$250,$655,$655,$642,$962,$875,$172,175,$3.72,$3.65,$4515,$0,$0,$6979,$560,$1864,$30350,$153049,$185849,$192828,$2746,$30591,$128871,$164821,$167567,$2,$6066,$-58,$25261,$192828,$1790,$262,$111,$373,$-493,$-197,$489,$-76,$-277,$1886,$-121,$0,$-267,$0,$45,$45,$-208,$-551,$1292,$0,$1292,$-1422,$-1422,$-804,$273,$-661,$717,$344,$-804
25,2012-06-30,145.37,$148.67,0.98,$48.91,2.97,$26.81,5.42,$12.50,11.63,$5.72B,$1.99B,2.88,$29.77B,$24.88B,1.2,$8.93B,$8.93B,100.00%,$8.93B,$3.23B,36.16%,$8.93B,$3.23B,36.16%,$8.93B,$3.60B,40.26%,$8.93B,$3.11B,34.79%,$8.93B,$2.28B,25.57%,$2.28B,$24.88B,9.08%,$2.28B,$-5.45B,-44.69%,$2.28B,$182.48B,1.26%,$3.23B,$54.65B,6.10%,$2229,$0,$2229,$0,$1110,$1400,$829,$-40,$789,$229,$560,$560,$554,$915,$829,$177,180,$3.13,$3.08,$3639,$0,$0,$5723,$571,$1879,$30329,$143947,$176757,$182480,$1990,$29769,$120414,$155606,$157596,$2,$5697,$-126,$24884,$182480,$1135,$175,$180,$355,$-122,$-188,$90,$-405,$-625,$865,$-98,$0,$-212,$0,$-33,$-33,$-204,$-547,$1321,$0,$1321,$-1257,$-1257,$-545,$246,$-235,$89,$235,$-545
26,2012-03-31,173.83,$182.89,0.95,$48.82,3.56,$25.47,6.83,$12.63,13.76,$4.96B,$1.94B,2.56,$28.58B,$25.52B,1.12,$9.05B,$9.05B,100.00%,$9.05B,$3.27B,36.10%,$9.05B,$3.27B,36.10%,$9.05B,$3.64B,40.23%,$9.05B,$3.16B,34.92%,$9.05B,$2.35B,25.95%,$2.35B,$25.52B,9.35%,$2.35B,$-4.86B,-45.69%,$2.35B,$185.52B,1.30%,$3.27B,$54.10B,6.34%,$2249,$0,$2249,$0,$1132,$1434,$815,$23,$838,$263,$575,$575,$572,$904,$815,$179,182,$3.19,$3.14,$2647,$0,$0,$4959,$545,$1951,$30379,$147650,$180559,$185518,$1935,$28579,$123972,$158059,$159994,$1,$5390,$-90,$25524,$185518,$575,$89,$68,$157,$-344,$-176,$320,$-634,$-834,$-102,$-41,$0,$-210,$0,$-87,$-87,$-149,$-487,$51,$0,$51,$-221,$-221,$-285,$62,$-393,$-954,$114,$-285
27,2011-12-31,150.06,$182.50,0.82,$48.20,3.11,$25.02,6.0,$12.38,12.12,$5.52B,$2.43B,2.27,$27.18B,$25.27B,1.08,$9.08B,$8.97B,98.80%,$9.08B,$3.25B,35.78%,$9.08B,$3.25B,35.78%,$9.08B,$3.63B,39.96%,$9.08B,$3.14B,34.52%,$9.08B,$2.34B,25.74%,$2.34B,$25.27B,9.20%,$2.34B,$-4.88B,-48.52%,$2.34B,$179.90B,1.30%,$3.25B,$52.45B,6.49%,$2227,$0,$2227,$0,$1115,$1419,$808,$7,$815,$232,$583,$583,$562,$903,$808,$184,187,$3.10,$3.04,$3560,$0,$0,$5520,$537,$1631,$30148,$142022,$174376,$179896,$2428,$27182,$119601,$152198,$154626,$1,$5118,$-127,$25270,$179896,$2339,$380,$336,$716,$124,$-116,$-152,$-85,$-229,$2826,$-247,$0,$0,$0,$43,$43,$0,$-204,$1304,$0,$1304,$-2864,$-2864,$-1014,$89,$-2485,$139,$497,$-1014
28,2011-09-30,123.59,$179.39,0.69,$49.23,2.51,$23.47,5.27,$12.68,9.75,$5.13B,$2.40B,2.14,$25.59B,$24.94B,1.03,$9.35B,$9.13B,97.70%,$9.35B,$3.38B,36.17%,$9.35B,$3.38B,36.17%,$9.35B,$3.77B,40.31%,$9.35B,$3.28B,35.07%,$9.35B,$2.43B,26.02%,$2.43B,$24.94B,9.48%,$2.43B,$-5.25B,-52.94%,$2.43B,$174.28B,1.36%,$3.38B,$50.53B,6.89%,$2225,$0,$2225,$0,$1160,$1448,$777,$-112,$665,$95,$570,$570,$595,$873,$777,$179,182,$3.28,$3.23,$3053,$0,$0,$5126,$545,$1525,$30192,$136849,$169156,$174282,$2399,$25593,$115985,$146945,$149344,$1,$4815,$-110,$24938,$174282,$1756,$285,$296,$581,$6,$-31,$90,$-449,$-384,$1953,$-218,$0,$0,$0,$32,$32,$0,$-186,$1357,$0,$1357,$-2767,$-2767,$-769,$4,$-2175,$-384,$375,$-769
29,2011-06-30,158.84,$182.67,0.87,$47.87,3.32,$20.79,7.64,$12.28,12.93,$6.54B,$2.63B,2.49,$24.20B,$24.67B,0.98,$9.21B,$8.89B,96.53%,$9.21B,$3.31B,35.93%,$9.21B,$3.31B,35.93%,$9.21B,$3.70B,40.18%,$9.21B,$3.40B,36.88%,$9.21B,$2.39B,25.92%,$2.39B,$24.67B,9.24%,$2.39B,$-5.57B,-54.01%,$2.39B,$185.05B,1.33%,$3.31B,$48.86B,6.79%,$2347,$0,$2347,$0,$1169,$1481,$866,$-24,$842,$220,$622,$622,$619,$960,$866,$188,191,$3.26,$3.21,$2861,$1598,$0,$6543,$521,$0,$30236,$147694,$178505,$185048,$2625,$24197,$128116,$157757,$160382,$1,$4441,$-40,$24666,$185048,$1186,$189,$165,$354,$14,$-29,$63,$-871,$-823,$717,$-159,$0,$0,$0,$55,$55,$0,$-104,$1415,$500,$1915,$-2639,$-2639,$-520,$8,$-1236,$-571,$242,$-520
30,2011-03-31,165.28,$201.95,0.82,$46.11,3.58,$19.13,8.64,$11.28,14.65,$5.14B,$1.93B,2.66,$21.79B,$26.71B,0.82,$8.90B,$8.48B,95.31%,$8.90B,$3.14B,35.31%,$8.90B,$3.14B,35.31%,$8.90B,$3.55B,39.84%,$8.90B,$3.18B,35.71%,$8.90B,$2.20B,24.73%,$2.20B,$26.71B,8.48%,$2.20B,$-3.56B,-51.23%,$2.20B,$178.42B,1.27%,$3.14B,$48.50B,6.48%,$2282,$109,$2173,$0,$1170,$1484,$798,$15,$813,$249,$564,$564,$561,$893,$798,$192,194,$2.92,$2.89,$2912,$0,$0,$5135,$479,$1528,$30276,$140944,$173287,$178422,$1930,$21788,$122462,$149780,$151710,$1,$4077,$-52,$26712,$178422,$564,$95,$135,$230,$-130,$-1,$292,$-1111,$-950,$-156,$-83,$0,$0,$0,$68,$68,$0,$-15,$-4,$-100,$-104,$-96,$-96,$-272,$7,$-465,$-588,$137,$-272
31,2010-12-31,155.67,$200.64,0.78,$44.75,3.48,$19.27,8.08,$10.56,14.74,$5.56B,$2.75B,2.02,$22.18B,$26.33B,0.84,$8.61B,$8.20B,95.26%,$8.61B,$3.00B,34.81%,$8.61B,$3.00B,34.81%,$8.61B,$3.41B,39.60%,$8.61B,$3.02B,35.08%,$8.61B,$2.06B,23.95%,$2.06B,$26.33B,8.09%,$2.06B,$-3.99B,-43.38%,$2.06B,$178.46B,1.21%,$3.00B,$48.50B,6.37%,$2493,$106,$2387,$0,$1250,$1553,$940,$18,$958,$309,$649,$649,$657,$1042,$940,$191,193,$3.39,$3.34,$3460,$0,$0,$5555,$428,$1540,$30317,$140553,$172904,$178459,$2745,$22175,$121728,$149386,$152131,$1,$3798,$-96,$26328,$178459,$2050,$412,$286,$698,$-364,$-118,$164,$58,$-260,$2488,$-131,$0,$-23,$0,$-422,$-422,$-51,$-627,$-176,$-2134,$-2310,$-248,$-248,$-776,$164,$-3170,$-1341,$445,$-776
32,2010-09-30,138.24,$408.32,0.34,$42.88,3.22,$16.61,8.32,$8.83,15.66,$6.29B,$2.63B,2.39,$23.48B,$25.63B,0.92,$7.66B,$7.26B,94.68%,$7.66B,$2.45B,31.93%,$7.66B,$2.45B,31.93%,$7.66B,$2.85B,37.13%,$7.66B,$2.47B,32.23%,$7.66B,$1.66B,21.69%,$1.66B,$25.63B,6.63%,$1.66B,$-4.56B,-31.92%,$1.66B,$174.50B,0.97%,$2.45B,$49.10B,5.23%,$2092,$105,$1987,$0,$1090,$1385,$707,$78,$785,$201,$584,$584,$551,$807,$707,$190,192,$2.85,$2.83,$2727,$1512,$0,$6291,$429,$0,$30187,$137522,$168213,$174504,$2631,$23476,$117169,$146247,$148878,$1,$3354,$-95,$25626,$174504,$1401,$310,$260,$570,$-334,$-139,$391,$-474,$-556,$1415,$-96,$0,$-16,$0,$-352,$-352,$-16,$-480,$-176,$-2134,$-2310,$-253,$-253,$-582,$141,$-3004,$-2072,$335,$-582
33,2010-06-30,115.63,$395.96,0.29,$40.39,2.86,$15.48,7.47,$8.27,13.98,$4.23B,$2.52B,1.68,$22.78B,$25.15B,0.91,$6.71B,$6.29B,93.71%,$6.71B,$2.10B,31.25%,$6.71B,$2.10B,31.25%,$6.71B,$2.48B,36.92%,$6.71B,$2.12B,31.59%,$6.71B,$1.43B,21.28%,$1.43B,$25.15B,6.50%,$1.43B,$-5.07B,-38.01%,$1.43B,$162.27B,1.08%,$2.10B,$47.94B,5.51%,$2032,$97,$1935,$0,$1049,$1335,$697,$-75,$622,$233,$389,$389,$432,$803,$697,$191,193,$2.23,$2.21,$2244,$0,$0,$4233,$433,$1463,$30226,$125820,$158033,$162266,$2519,$22781,$106117,$134593,$137112,$1,$2991,$-186,$25154,$162266,$817,$210,$284,$494,$-286,$-109,$243,$-849,$-1001,$310,$-66,$0,$-8,$0,$-329,$-329,$1,$-402,$-172,$-1790,$-1962,$-109,$-109,$-389,$88,$-2372,$-2525,$221,$-389
34,2010-03-31,174.52,$392.48,0.44,$37.56,4.65,$16.02,10.89,$7.65,22.81,$4.66B,$2.92B,1.59,$17.92B,$24.87B,0.72,$5.71B,$5.26B,92.12%,$5.71B,$1.66B,29.10%,$5.71B,$1.66B,29.10%,$5.71B,$2.02B,35.39%,$5.71B,$1.84B,32.17%,$5.71B,$1.21B,21.27%,$1.21B,$24.87B,6.42%,$1.21B,$-5.40B,-53.42%,$1.21B,$168.06B,1.25%,$1.66B,$42.79B,5.62%,$1995,$100,$1895,$0,$1062,$1341,$654,$2,$656,$228,$428,$428,$423,$758,$654,$190,192,$2.20,$2.17,$2793,$0,$0,$4661,$450,$1096,$30267,$131486,$163399,$168060,$2924,$17917,$116695,$140268,$143192,$1,$2777,$-165,$24868,$168060,$428,$104,$125,$229,$-157,$-59,$203,$-808,$-821,$-164,$-44,$0,$-8,$0,$21,$21,$1,$-30,$-148,$-1354,$-1502,$-107,$-107,$-196,$50,$-1755,$-2005,$108,$-196
35,2009-12-31,185.23,$396.68,0.47,$34.66,5.34,$16.03,11.56,$6.10,30.37,$6.43B,$5.06B,1.27,$22.77B,$24.55B,0.93,$4.70B,$4.22B,89.85%,$4.70B,$1.28B,27.19%,$4.70B,$1.28B,27.19%,$4.70B,$1.62B,34.40%,$4.70B,$1.27B,27.06%,$4.70B,$0.88B,18.62%,$0.88B,$24.55B,5.55%,$0.88B,$-5.79B,-98.37%,$0.88B,$178.12B,1.46%,$1.28B,$47.32B,5.76%,$1544,$106,$1438,$0,$934,$1155,$389,$18,$407,$150,$257,$257,$256,$477,$389,$137,139,$1.68,$1.63,$4708,$0,$0,$6426,$443,$1049,$30346,$139757,$171698,$178124,$5061,$22769,$120121,$148510,$153571,$1,$2436,$-96,$24553,$178124,$897,$339,$443,$782,$-223,$-53,$165,$-169,$-280,$1399,$-65,$0,$-5755,$0,$276,$276,$25,$-5519,$2558,$2034,$4592,$2776,$2776,$-422,$-197,$6749,$2676,$317,$-422
36,2009-09-30,172.38,$265.44,0.65,$31.69,5.44,$20.46,8.43,$4.88,35.32,$3.98B,$1.60B,2.48,$0.94B,$13.29B,0.07,$4.22B,$3.72B,88.03%,$4.22B,$1.23B,29.08%,$4.22B,$1.23B,29.08%,$4.22B,$1.57B,37.18%,$4.22B,$0.79B,18.74%,$4.22B,$0.67B,15.90%,$0.67B,$13.29B,5.28%,$0.67B,$1.24B,105.05%,$0.67B,$21.38B,3.32%,$1.23B,$14.24B,8.99%,$1140,$119,$1021,$0,$590,$783,$357,$78,$435,$101,$334,$334,$317,$440,$357,$133,136,$2.31,$2.27,$2763,$0,$0,$3982,$250,$1041,$12053,$3948,$17398,$21380,$1603,$944,$3804,$6486,$8089,$1,$2286,$-88,$13291,$21380,$640,$251,$362,$613,$-307,$-119,$163,$-159,$-422,$831,$-52,$0,$-158,$0,$219,$219,$2,$11,$68,$0,$68,$278,$278,$-316,$-201,$-171,$731,$232,$-316
37,2009-06-30,138.92,$259.60,0.54,$33.23,4.18,$22.92,6.06,$4.23,32.84,$3.37B,$1.33B,2.53,$0.94B,$12.96B,0.07,$4.39B,$3.86B,87.82%,$4.39B,$1.32B,30.14%,$4.39B,$1.32B,30.14%,$4.39B,$1.68B,38.20%,$4.39B,$0.67B,15.23%,$4.39B,$0.57B,13.00%,$0.57B,$12.96B,4.59%,$0.57B,$0.86B,154.01%,$0.57B,$20.41B,2.81%,$1.32B,$13.90B,9.90%,$1029,$125,$904,$0,$566,$768,$261,$77,$338,$94,$244,$244,$218,$345,$261,$131,133,$1.62,$1.59,$2305,$0,$0,$3372,$252,$957,$12094,$3623,$17037,$20409,$1333,$944,$3394,$6118,$7451,$1,$2076,$-81,$12958,$20409,$306,$168,$419,$587,$-164,$-97,$69,$-427,$-619,$274,$-33,$0,$-158,$0,$204,$204,$5,$18,$69,$0,$69,$275,$275,$-208,$-241,$-105,$273,$159,$-208
38,2009-03-31,102.5,$260.26,0.39,$36.02,2.85,$24.46,4.19,$4.69,21.85,$3.88B,$1.09B,3.57,$0.95B,$12.27B,0.08,$4.75B,$4.19B,88.17%,$4.75B,$1.47B,30.90%,$4.75B,$1.47B,30.90%,$4.75B,$1.83B,38.50%,$4.75B,$0.73B,15.41%,$4.75B,$0.63B,13.20%,$0.63B,$12.27B,5.13%,$0.63B,$0.13B,355.24%,$0.63B,$19.22B,3.03%,$1.47B,$13.22B,11.15%,$987,$127,$860,$0,$491,$716,$271,$-179,$92,$30,$62,$62,$84,$355,$271,$130,132,$0.63,$0.62,$1793,$1137,$0,$3883,$256,$0,$12141,$2823,$15340,$19223,$1088,$946,$2998,$5861,$6949,$0,$1961,$-192,$12274,$19223,$62,$84,$337,$421,$-51,$-74,$-10,$-474,$-609,$-126,$-16,$0,$0,$0,$121,$121,$-1,$104,$72,$0,$72,$-37,$-37,$-105,$-131,$-201,$-239,$82,$-105
39,2008-12-31,104.84,$104.82,1.0,$38.41,2.73,$24.36,4.3,$5.89,17.8,$2.93B,$1.67B,1.75,$0.94B,$12.29B,0.08,$5.06B,$4.47B,88.33%,$5.06B,$1.59B,31.46%,$5.06B,$1.59B,31.46%,$5.06B,$1.96B,38.68%,$5.06B,$1.02B,20.06%,$5.06B,$0.78B,15.48%,$0.78B,$12.29B,6.48%,$0.78B,$0.32B,914.29%,$0.78B,$19.92B,3.67%,$1.59B,$13.24B,12.21%,$1064,$134,$930,$0,$400,$726,$338,$-412,$-74,$-7,$-67,$-67,$52,$429,$338,$130,131,$0.39,$0.42,$2032,$0,$0,$2933,$260,$1429,$11974,$3193,$16991,$19924,$1674,$942,$2922,$5956,$7630,$1,$1982,$-186,$12294,$19924,$629,$366,$810,$1176,$339,$265,$-227,$-266,$111,$1916,$-77,$0,$25,$0,$-280,$-280,$-62,$-394,$-204,$-100,$-304,$-16,$-16,$-419,$-148,$-887,$376,$278,$-419
40,2008-09-30,150.91,$103.96,1.45,$41.30,3.65,$13.98,10.79,$7.92,19.05,$3.00B,$1.87B,1.6,$0.95B,$12.19B,0.08,$5.45B,$4.85B,89.07%,$5.45B,$1.72B,31.64%,$5.45B,$1.72B,31.64%,$5.45B,$2.09B,38.31%,$5.45B,$1.58B,29.09%,$5.45B,$1.05B,19.32%,$1.05B,$12.19B,8.82%,$1.05B,$0.17B,-926.87%,$1.05B,$21.70B,4.78%,$1.72B,$13.13B,13.38%,$1313,$149,$1164,$0,$639,$859,$454,$-141,$313,$117,$196,$196,$217,$549,$454,$130,132,$1.62,$1.59,$1793,$0,$0,$3002,$274,$2146,$12021,$4098,$18695,$21697,$1873,$947,$3781,$7636,$9510,$1,$2043,$-54,$12187,$21697,$696,$275,$284,$559,$14,$234,$11,$-358,$-99,$1156,$-72,$0,$-5,$0,$-276,$-276,$-18,$-371,$-207,$-100,$-307,$-17,$-17,$-313,$72,$-565,$137,$204,$-313
41,2008-06-30,136.84,$103.61,1.32,$41.26,3.32,$7.89,17.34,$8.24,16.61,$3.00B,$2.09B,1.43,$0.95B,$12.13B,0.08,$5.43B,$4.85B,89.23%,$5.43B,$1.54B,28.38%,$5.43B,$1.54B,28.38%,$5.43B,$1.89B,34.73%,$5.43B,$1.67B,30.77%,$5.43B,$1.09B,20.07%,$1.09B,$12.13B,9.31%,$1.09B,$0.09B,-732.77%,$1.09B,$22.02B,4.87%,$1.54B,$13.08B,12.18%,$1387,$152,$1235,$0,$760,$982,$405,$-4,$401,$147,$254,$254,$274,$496,$405,$130,132,$2.04,$2.00,$1428,$0,$0,$2997,$265,$1942,$12042,$4603,$19021,$22017,$2090,$947,$4313,$7798,$9888,$1,$1930,$92,$12130,$22017,$500,$180,$85,$265,$-324,$222,$256,$-438,$-284,$481,$-40,$0,$0,$0,$-225,$-225,$-54,$-319,$-203,$0,$-203,$-22,$-22,$-208,$37,$-396,$-228,$133,$-208
42,2008-03-31,157.28,$101.47,1.55,$39.11,4.02,$3.49,45.13,$7.88,19.96,$2.69B,$1.94B,1.39,$0.95B,$11.81B,0.08,$5.14B,$4.58B,89.03%,$5.14B,$1.42B,27.59%,$5.14B,$1.42B,27.59%,$5.14B,$1.75B,34.03%,$5.14B,$1.77B,34.36%,$5.14B,$1.04B,20.19%,$1.04B,$11.81B,9.07%,$1.04B,$-0.23B,-482.23%,$1.04B,$21.82B,4.64%,$1.42B,$12.76B,11.61%,$1300,$156,$1144,$0,$681,$904,$396,$-20,$376,$130,$246,$246,$241,$485,$396,$129,132,$1.81,$1.77,$1194,$0,$0,$2685,$271,$1923,$12044,$4724,$19131,$21816,$1935,$947,$4522,$8067,$10002,$1,$1760,$92,$11814,$21816,$246,$89,$79,$168,$-245,$110,$328,$-737,$-544,$-130,$-25,$0,$0,$0,$-109,$-109,$0,$-134,$-93,$0,$-93,$-30,$-30,$-104,$22,$-205,$-462,$70,$-104
43,2007-12-31,166.36,$99.91,1.67,$36.85,4.51,$0.77,215.46,$7.54,22.06,$2.89B,$2.29B,1.26,$0.95B,$11.60B,0.08,$4.85B,$4.31B,88.88%,$4.85B,$1.29B,26.71%,$4.85B,$1.29B,26.71%,$4.85B,$1.60B,33.11%,$4.85B,$1.82B,37.56%,$4.85B,$0.99B,20.47%,$0.99B,$11.60B,8.82%,$0.99B,$-0.48B,-501.64%,$0.99B,$22.56B,4.48%,$1.29B,$12.54B,10.93%,$1445,$138,$1307,$0,$693,$976,$468,$26,$494,$165,$329,$684,$320,$556,$468,$128,131,$2.29,$2.26,$1656,$0,$0,$2892,$266,$2000,$12073,$5155,$19669,$22561,$2290,$947,$5090,$8675,$10965,$1,$1622,$71,$11596,$22561,$1357,$310,$-699,$-389,$-273,$-45,$-33,$-30,$-381,$587,$-111,$0,$-592,$0,$-248,$-248,$-117,$-1068,$808,$300,$1108,$-306,$-306,$-353,$510,$959,$496,$188,$-353
44,2007-09-30,132.62,$97.68,1.36,$38.08,3.48,$4.79,27.68,$6.39,20.75,$3.48B,$2.28B,1.52,$0.95B,$11.27B,0.08,$4.42B,$3.89B,88.07%,$4.42B,$1.07B,24.26%,$4.42B,$1.07B,24.26%,$4.42B,$1.36B,30.84%,$4.42B,$1.61B,36.39%,$4.42B,$0.84B,19.05%,$0.84B,$11.27B,7.63%,$0.84B,$0.03B,-501.19%,$0.84B,$23.08B,3.90%,$1.07B,$12.22B,9.35%,$1298,$139,$1159,$0,$700,$1026,$272,$128,$400,$63,$337,$255,$255,$349,$272,$128,131,$1.99,$1.94,$2321,$0,$0,$3477,$250,$2681,$11244,$5249,$19602,$23079,$2281,$947,$5332,$9530,$11810,$1,$1387,$85,$11268,$23079,$673,$222,$-236,$-13,$-195,$-21,$-5,$-77,$-298,$361,$-85,$0,$-42,$0,$-114,$-114,$-8,$-249,$874,$450,$1324,$-322,$-322,$-266,$269,$1005,$1160,$143,$-266
45,2007-06-30,119.24,$95.97,1.24,$32.98,3.62,$5.51,21.62,$4.73,25.21,$2.43B,$1.91B,1.28,$0.25B,$11.10B,0.02,$3.44B,$3.04B,88.27%,$3.44B,$0.83B,24.07%,$3.44B,$0.83B,24.07%,$3.44B,$1.05B,30.57%,$3.44B,$1.24B,35.98%,$3.44B,$0.61B,17.60%,$0.61B,$11.10B,5.57%,$0.61B,$-0.18B,462.60%,$0.61B,$21.99B,2.98%,$0.83B,$11.36B,7.45%,$1097,$131,$966,$0,$624,$815,$282,$214,$496,$125,$371,$222,$222,$359,$282,$129,131,$1.73,$1.69,$1356,$0,$0,$2434,$245,$2484,$11282,$5108,$19558,$21992,$1907,$252,$5383,$8982,$10889,$1,$1228,$62,$11103,$21992,$418,$145,$58,$203,$-113,$-135,$151,$-601,$-698,$-78,$-62,$0,$-42,$0,$-86,$-86,$-6,$-197,$262,$360,$622,$-246,$-246,$-177,$253,$452,$196,$91,$-177
46,2007-03-31,118.5,$94.53,1.25,$30.04,3.94,$6.65,17.82,$3.99,29.7,$2.30B,$1.92B,1.2,$0.25B,$11.00B,0.02,$2.71B,$2.42B,89.33%,$2.71B,$0.64B,23.78%,$2.71B,$0.64B,23.78%,$2.71B,$0.80B,29.65%,$2.71B,$0.84B,31.17%,$2.71B,$0.45B,16.51%,$0.45B,$11.00B,5.35%,$0.45B,$-0.16B,142.58%,$0.45B,$20.88B,2.92%,$0.64B,$11.25B,7.48%,$1005,$131,$874,$0,$549,$733,$272,$158,$430,$110,$320,$195,$195,$340,$272,$129,132,$1.52,$1.48,$1019,$0,$0,$2301,$227,$2195,$11158,$4675,$18581,$20882,$1921,$253,$4760,$7962,$9883,$1,$1094,$45,$10999,$20882,$195,$68,$99,$167,$-318,$-21,$150,$-659,$-847,$-485,$-28,$0,$-54,$0,$-84,$-84,$-6,$-171,$85,$550,$635,$-132,$-132,$-88,$98,$513,$-141,$41,$-88
47,2006-12-31,114.65,$92.62,1.24,$28.35,4.04,$9.39,12.21,$3.57,32.12,$2.13B,$2.05B,1.04,$0.25B,$10.78B,0.02,$2.10B,$1.93B,91.76%,$2.10B,$0.47B,22.49%,$2.10B,$0.47B,22.49%,$2.10B,$0.58B,27.39%,$2.10B,$0.53B,25.11%,$2.10B,$0.32B,15.39%,$0.32B,$10.78B,5.52%,$0.32B,$-0.36B,67.64%,$0.32B,$20.47B,3.07%,$0.47B,$11.04B,7.73%,$1019,$126,$893,$0,$588,$772,$246,$36,$282,$99,$183,$170,$170,$315,$246,$81,83,$1.61,$1.58,$1160,$0,$0,$2125,$215,$2098,$11139,$4716,$18345,$20469,$2049,$253,$4538,$7639,$9688,$1,$994,$45,$10782,$20469,$323,$103,$82,$185,$-9,$-87,$1,$308,$213,$721,$-84,$0,$272,$0,$-187,$-187,$2,$3,$0,$0,$0,$-22,$-22,$-136,$73,$-85,$676,$120,$-136
