,Date,Stock Price,Book Value per Share,Price to Book Ratio,TTM Sales per Share,Price to Sales Ratio,TTM FCF per Share,Price to FCF Ratio,TTM Net EPS,PE Ratio,Current Assets,Current Liabilities,Current Ratio,Long Term Debt,Shareholder's Equity_x,Debt to Equity Ratio,TTM Revenue_x,TTM Gross Profit,Gross Margin,TTM Revenue_y,TTM Operating Income,Operating Margin,TTM Revenue_x,TTM EBIT,EBIT Margin,TTM Revenue_y,TTM EBITDA,EBITDA Margin,TTM Revenue_x,TTM Pre-Tax Income,Pre-Tax Margin,TTM Revenue_y,TTM Net Income_x,Net Margin,TTM Net Income_y,Shareholder's Equity_y,Return on Equity,TTM Net Income_x,Tangible Equity,Return on Tangible Equity,TTM Net Income_y,Total Assets,Return on Assets,TTM Net Income,LT Investments & Debt,Return on Investment,revenue,cost-goods-sold,gross-profit,research-development-expenses,selling-general-administrative-expenses,operating-expenses,operating-income,total-non-operating-income-expense,pre-tax-income,total-provision-income-taxes,income-after-taxes,income-from-continuous-operations,net-income,ebitda,ebit,basic-shares-outstanding,shares-outstanding,eps-basic-net-earnings-per-share,eps-earnings-per-share-diluted,cash-on-hand,inventory,other-current-assets,total-current-assets,net-property-plant-equipment,long-term-investments,goodwill-intangible-assets-total,other-long-term-assets,total-long-term-assets,total-assets,total-current-liabilities,long-term-debt,other-non-current-liabilities,total-long-term-liabilities,total-liabilities,common-stock-net,retained-earnings-accumulated-deficit,comprehensive-income,total-share-holder-equity,total-liabilities-share-holders-equity,net-income-loss,total-depreciation-amortization-cash-flow,other-non-cash-items,total-non-cash-items,change-in-accounts-receivable,change-in-inventories,change-in-accounts-payable,change-in-assets-liabilities,total-change-in-assets-liabilities,cash-flow-from-operating-activities,net-change-in-property-plant-equipment,net-change-in-intangible-assets,net-acquisitions-divestitures,net-change-in-short-term-investments,net-change-in-long-term-investments,net-change-in-investments-total,investing-activities-other,cash-flow-from-investing-activities,net-long-term-debt,net-current-debt,debt-issuance-retirement-net-total,net-common-equity-issued-repurchased,net-total-equity-issued-repurchased,total-common-preferred-stock-dividends-paid,financial-activities-other,cash-flow-from-financial-activities,net-cash-flow,stock-based-compensation,common-stock-dividends-paid
0,2018-09-30,101.48,$7.49,13.55,$17.60,5.77,$5.74,17.67,$1.38,73.54,$0.38B,$0.57B,0.66,$0.42B,$0.36B,1.15,$0.85B,$0.46B,54.91%,$0.85B,$0.06B,7.22%,$0.85B,$0.06B,7.22%,$0.85B,$0.14B,16.69%,$0.85B,$0.05B,5.33%,$0.85B,$0.07B,7.69%,$0.07B,$0.36B,18.68%,$0.07B,$-0.49B,-12.91%,$0.07B,$1.41B,4.23%,$0.06B,$0.78B,7.70%,$210,$95,$114,$24,$74,$194,$16,$-4,$11,$0,$11,$11,$11,$36,$16,$47,48,$0.24,$0.23,$205,$0,$0,$375,$43,$0,$853,$66,$1029,$1405,$566,$417,$7,$475,$1041,$0,$243,$1,$364,$1405,$36,$61,$40,$100,$-4,$0,$-0,$14,$2,$138,$-40,$0,$-45,$0,$0,$0,$0,$-85,$-13,$0,$-13,$0,$0,$-17,$-457,$-488,$-435,$36,$-17
1,2018-06-30,102.45,$7.17,14.29,$17.31,5.92,$5.67,18.06,$1.41,72.66,$0.54B,$0.69B,0.77,$0.47B,$0.35B,1.35,$0.83B,$0.46B,55.13%,$0.83B,$0.06B,7.60%,$0.83B,$0.06B,7.60%,$0.83B,$0.14B,17.13%,$0.83B,$0.05B,6.03%,$0.83B,$0.07B,8.08%,$0.07B,$0.35B,20.54%,$0.07B,$-0.52B,-13.58%,$0.07B,$1.57B,4.55%,$0.06B,$0.82B,8.42%,$214,$95,$119,$25,$77,$202,$11,$-4,$7,$1,$7,$7,$7,$32,$11,$47,48,$0.14,$0.14,$325,$0,$0,$537,$45,$0,$865,$64,$1035,$1572,$693,$471,$7,$530,$1223,$0,$238,$-1,$348,$1572,$24,$40,$29,$70,$-38,$0,$6,$11,$-28,$66,$-26,$0,$-45,$0,$0,$0,$0,$-71,$41,$0,$41,$0,$0,$-12,$-339,$-309,$-316,$25,$-12
2,2018-03-31,101.69,$7.10,14.33,$16.88,6.02,$5.57,18.25,$1.50,67.79,$0.36B,$0.50B,0.71,$0.46B,$0.34B,1.33,$0.81B,$0.44B,54.89%,$0.81B,$0.07B,8.55%,$0.81B,$0.07B,8.55%,$0.81B,$0.15B,17.97%,$0.81B,$0.06B,7.06%,$0.81B,$0.07B,8.80%,$0.07B,$0.34B,23.30%,$0.07B,$-0.50B,-14.70%,$0.07B,$1.37B,5.03%,$0.07B,$0.80B,9.80%,$204,$88,$116,$26,$71,$187,$18,$-3,$14,$-4,$18,$18,$18,$38,$18,$47,48,$0.38,$0.37,$196,$0,$0,$360,$45,$0,$844,$62,$1008,$1368,$504,$459,$8,$519,$1024,$0,$237,$7,$344,$1368,$18,$20,$14,$34,$5,$0,$-2,$-29,$-40,$12,$-13,$0,$-5,$0,$0,$0,$0,$-18,$29,$0,$29,$0,$0,$-6,$-462,$-439,$-444,$11,$-6
3,2017-12-31,94.27,$6.99,13.48,$16.53,5.7,$5.67,16.63,$1.37,68.81,$0.80B,$0.98B,0.82,$0.43B,$0.34B,1.28,$0.79B,$0.43B,54.19%,$0.79B,$0.06B,8.12%,$0.79B,$0.06B,8.12%,$0.79B,$0.14B,17.64%,$0.79B,$0.05B,6.85%,$0.79B,$0.07B,8.38%,$0.07B,$0.34B,23.51%,$0.07B,$-0.51B,-14.15%,$0.07B,$1.80B,4.89%,$0.06B,$0.77B,9.79%,$217,$102,$115,$22,$75,$201,$16,$-3,$13,$-16,$29,$29,$29,$35,$16,$47,48,$0.62,$0.60,$640,$0,$0,$799,$42,$0,$845,$57,$998,$1798,$975,$430,$6,$487,$1462,$0,$225,$-1,$336,$1798,$66,$75,$38,$113,$-16,$0,$1,$17,$-3,$176,$-39,$0,$-147,$0,$0,$0,$0,$-185,$95,$0,$95,$0,$0,$-23,$206,$279,$270,$41,$-23
4,2017-09-30,87.49,$5.76,15.19,$16.17,5.41,$5.10,17.15,$1.09,80.26,$0.31B,$0.49B,0.63,$0.33B,$0.28B,1.19,$0.77B,$0.42B,54.36%,$0.77B,$0.07B,9.36%,$0.77B,$0.07B,9.36%,$0.77B,$0.15B,18.99%,$0.77B,$0.06B,8.06%,$0.77B,$0.05B,7.02%,$0.05B,$0.28B,20.87%,$0.05B,$-0.45B,-11.99%,$0.05B,$1.15B,4.40%,$0.07B,$0.61B,11.83%,$194,$87,$107,$22,$66,$176,$18,$-3,$16,$3,$13,$13,$13,$37,$18,$47,48,$0.27,$0.27,$156,$0,$0,$307,$44,$0,$725,$22,$840,$1147,$488,$329,$8,$382,$870,$0,$171,$-1,$277,$1147,$37,$55,$38,$94,$-17,$0,$-3,$22,$-7,$123,$-29,$0,$-50,$0,$0,$0,$1,$-78,$-6,$0,$-6,$0,$0,$-17,$-236,$-260,$-215,$31,$-17
5,2017-06-30,85.32,$5.45,15.65,$15.97,5.34,$4.51,18.91,$1.02,83.65,$0.49B,$0.64B,0.76,$0.38B,$0.26B,1.45,$0.76B,$0.41B,54.22%,$0.76B,$0.07B,8.97%,$0.76B,$0.07B,8.97%,$0.76B,$0.14B,18.47%,$0.76B,$0.06B,7.52%,$0.76B,$0.05B,6.60%,$0.05B,$0.26B,20.18%,$0.05B,$-0.47B,-10.98%,$0.05B,$1.34B,4.12%,$0.07B,$0.64B,11.19%,$192,$87,$105,$23,$64,$175,$17,$-2,$14,$3,$11,$11,$11,$35,$17,$47,48,$0.24,$0.23,$307,$0,$0,$488,$46,$0,$736,$24,$851,$1338,$642,$380,$8,$435,$1076,$0,$164,$-1,$262,$1338,$24,$37,$24,$60,$-45,$0,$-4,$27,$-30,$55,$-19,$0,$-50,$0,$0,$0,$-1,$-70,$47,$0,$47,$0,$0,$-12,$-105,$-70,$-85,$20,$-12
6,2017-03-31,76.18,$5.16,14.75,$15.76,4.83,$4.28,17.79,$0.96,79.35,$0.32B,$0.47B,0.68,$0.35B,$0.25B,1.42,$0.75B,$0.40B,54.02%,$0.75B,$0.07B,8.71%,$0.75B,$0.07B,8.71%,$0.75B,$0.14B,18.36%,$0.75B,$0.05B,7.24%,$0.75B,$0.05B,6.43%,$0.05B,$0.25B,20.19%,$0.05B,$-0.43B,-10.46%,$0.05B,$1.11B,4.08%,$0.07B,$0.60B,10.79%,$185,$85,$100,$23,$63,$172,$13,$-2,$11,$-2,$13,$13,$13,$32,$13,$47,47,$0.28,$0.28,$179,$0,$0,$318,$47,$0,$682,$23,$793,$1111,$466,$352,$8,$397,$863,$0,$159,$-0,$248,$1111,$13,$18,$12,$31,$-4,$0,$-1,$-10,$-31,$13,$-9,$0,$0,$0,$0,$0,$0,$-9,$14,$0,$14,$0,$0,$-6,$-211,$-203,$-199,$9,$-6
7,2016-12-31,63.48,$5.21,12.18,$15.46,4.11,$4.06,15.63,$0.83,76.49,$0.51B,$0.68B,0.75,$0.34B,$0.25B,1.37,$0.73B,$0.39B,53.70%,$0.73B,$0.06B,8.63%,$0.73B,$0.06B,8.63%,$0.73B,$0.13B,18.22%,$0.73B,$0.05B,6.99%,$0.73B,$0.04B,5.62%,$0.04B,$0.25B,17.90%,$0.04B,$-0.44B,-8.59%,$0.04B,$1.31B,3.51%,$0.06B,$0.59B,10.32%,$198,$92,$106,$22,$59,$174,$24,$-3,$21,$4,$17,$17,$17,$42,$24,$46,47,$0.37,$0.37,$371,$0,$0,$508,$50,$0,$692,$23,$802,$1310,$680,$338,$9,$383,$1063,$0,$153,$-0,$248,$1310,$42,$71,$39,$110,$-13,$0,$4,$12,$2,$154,$-44,$0,$-3,$0,$0,$0,$0,$-47,$-66,$0,$-66,$0,$0,$-23,$81,$-9,$100,$33,$-23
8,2016-09-30,65.69,$4.89,13.43,$15.05,4.36,$3.79,17.32,$0.61,107.68,$0.29B,$0.46B,0.64,$0.37B,$0.23B,1.59,$0.71B,$0.38B,53.25%,$0.71B,$0.05B,6.92%,$0.71B,$0.05B,6.92%,$0.71B,$0.12B,16.38%,$0.71B,$0.04B,5.23%,$0.71B,$0.03B,4.24%,$0.03B,$0.23B,13.65%,$0.03B,$-0.47B,-6.04%,$0.03B,$1.10B,2.62%,$0.05B,$0.60B,7.94%,$183,$83,$100,$23,$63,$170,$14,$-3,$11,$2,$9,$9,$9,$31,$14,$46,47,$0.19,$0.19,$155,$0,$0,$293,$52,$0,$703,$18,$806,$1099,$455,$371,$7,$411,$866,$0,$141,$-1,$233,$1099,$24,$54,$27,$81,$-9,$0,$0,$17,$-5,$100,$-35,$0,$-3,$0,$0,$0,$0,$-38,$-34,$0,$-34,$0,$0,$-17,$-10,$-61,$1,$25,$-17
9,2016-06-30,67.11,$4.67,14.38,$14.60,4.6,$3.78,17.74,$0.59,113.75,$0.37B,$0.52B,0.71,$0.40B,$0.22B,1.8,$0.68B,$0.36B,52.92%,$0.68B,$0.05B,7.16%,$0.68B,$0.05B,7.16%,$0.68B,$0.11B,16.52%,$0.68B,$0.04B,5.56%,$0.68B,$0.03B,4.24%,$0.03B,$0.22B,13.65%,$0.03B,$-0.49B,-6.23%,$0.03B,$1.19B,2.68%,$0.05B,$0.62B,8.50%,$180,$84,$97,$23,$59,$167,$14,$-3,$11,$2,$9,$9,$9,$32,$14,$46,47,$0.20,$0.19,$210,$0,$0,$372,$54,$0,$709,$22,$813,$1185,$522,$399,$8,$441,$963,$0,$136,$-2,$222,$1185,$15,$36,$18,$54,$-30,$0,$9,$14,$-20,$49,$-25,$0,$1,$0,$0,$0,$0,$-24,$-5,$0,$-5,$0,$0,$-11,$-8,$-25,$-0,$16,$-11
10,2016-03-31,62.04,$4.49,13.82,$14.15,4.38,$4.00,15.52,$0.57,108.84,$0.25B,$0.40B,0.64,$0.42B,$0.21B,1.96,$0.66B,$0.35B,52.73%,$0.66B,$0.05B,7.42%,$0.66B,$0.05B,7.42%,$0.66B,$0.11B,16.52%,$0.66B,$0.04B,5.76%,$0.66B,$0.03B,4.09%,$0.03B,$0.21B,13.12%,$0.03B,$-0.51B,-6.21%,$0.03B,$1.07B,2.70%,$0.05B,$0.63B,9.18%,$169,$80,$89,$23,$55,$159,$11,$-3,$8,$2,$6,$6,$6,$28,$11,$46,47,$0.14,$0.13,$127,$0,$0,$254,$55,$0,$720,$20,$818,$1072,$398,$418,$8,$461,$859,$0,$134,$-1,$213,$1072,$6,$18,$9,$27,$1,$0,$0,$-7,$-26,$7,$-14,$0,$0,$0,$0,$0,$0,$-14,$14,$0,$14,$0,$0,$-6,$-6,$3,$-3,$8,$-6
11,2015-12-31,64.83,$4.48,14.46,$13.74,4.72,$4.11,15.76,$0.55,117.88,$0.40B,$0.57B,0.71,$0.40B,$0.21B,1.92,$0.64B,$0.33B,52.35%,$0.64B,$0.05B,7.21%,$0.64B,$0.05B,7.21%,$0.64B,$0.10B,16.14%,$0.64B,$0.04B,5.64%,$0.64B,$0.03B,3.92%,$0.03B,$0.21B,12.53%,$0.03B,$-0.52B,-6.20%,$0.03B,$1.22B,2.66%,$0.05B,$0.61B,9.33%,$176,$85,$91,$23,$57,$166,$10,$-3,$7,$1,$6,$6,$6,$25,$10,$46,46,$0.15,$0.14,$270,$0,$0,$399,$53,$0,$731,$21,$824,$1223,$566,$404,$8,$446,$1013,$0,$135,$-1,$211,$1223,$26,$57,$37,$94,$-8,$0,$6,$2,$9,$129,$-34,$0,$-107,$0,$0,$0,$0,$-141,$128,$0,$128,$0,$0,$-23,$24,$130,$115,$25,$-23
12,2015-09-30,55.14,$4.35,12.68,$13.30,4.15,$4.13,13.35,$0.51,108.11,$0.21B,$0.35B,0.59,$0.24B,$0.20B,1.16,$0.62B,$0.32B,51.87%,$0.62B,$0.04B,7.15%,$0.62B,$0.04B,7.15%,$0.62B,$0.10B,16.10%,$0.62B,$0.03B,5.53%,$0.62B,$0.02B,3.90%,$0.02B,$0.20B,12.42%,$0.02B,$-0.35B,-6.47%,$0.02B,$0.84B,2.75%,$0.04B,$0.44B,9.67%,$159,$74,$85,$21,$50,$145,$14,$-2,$12,$4,$8,$8,$8,$28,$14,$46,47,$0.17,$0.17,$81,$0,$0,$209,$49,$0,$551,$35,$635,$844,$354,$237,$7,$286,$640,$0,$134,$-2,$204,$844,$19,$42,$22,$64,$-6,$0,$3,$16,$6,$90,$-25,$0,$-1,$0,$0,$0,$0,$-26,$-39,$0,$-39,$0,$0,$-17,$-3,$-59,$3,$18,$-17
13,2015-06-30,55.84,$4.17,13.4,$13.04,4.28,$4.30,12.99,$0.57,97.96,$0.22B,$0.35B,0.61,$0.25B,$0.20B,1.3,$0.60B,$0.31B,51.58%,$0.60B,$0.04B,7.32%,$0.60B,$0.04B,7.32%,$0.60B,$0.10B,15.97%,$0.60B,$0.03B,5.66%,$0.60B,$0.03B,4.33%,$0.03B,$0.20B,13.81%,$0.03B,$-0.36B,-7.57%,$0.03B,$0.86B,3.11%,$0.04B,$0.45B,10.17%,$156,$73,$83,$20,$48,$142,$14,$-3,$11,$4,$7,$7,$7,$28,$14,$46,46,$0.15,$0.15,$74,$0,$0,$215,$49,$0,$558,$33,$640,$855,$354,$253,$7,$306,$660,$0,$132,$-2,$195,$855,$11,$28,$15,$43,$-13,$0,$5,$12,$-6,$48,$-14,$0,$-1,$0,$0,$0,$0,$-15,$-23,$0,$-23,$0,$0,$-11,$1,$-34,$-2,$11,$-11
14,2015-03-31,46.34,$4.01,11.56,$12.72,3.64,$4.36,10.63,$0.62,74.75,$0.20B,$0.32B,0.63,$0.28B,$0.19B,1.5,$0.58B,$0.30B,51.71%,$0.58B,$0.05B,7.88%,$0.58B,$0.05B,7.88%,$0.58B,$0.10B,16.27%,$0.58B,$0.04B,6.51%,$0.58B,$0.03B,4.79%,$0.03B,$0.19B,15.32%,$0.03B,$-0.38B,-8.85%,$0.03B,$0.84B,3.53%,$0.05B,$0.47B,11.34%,$147,$72,$75,$21,$45,$139,$8,$-2,$6,$2,$4,$4,$4,$22,$8,$46,46,$0.09,$0.09,$72,$0,$0,$200,$47,$0,$570,$27,$644,$843,$315,$281,$7,$340,$655,$0,$130,$-2,$188,$843,$4,$14,$6,$19,$1,$0,$-0,$-1,$-19,$4,$-6,$0,$0,$0,$0,$0,$0,$-6,$5,$0,$5,$0,$0,$-6,$1,$0,$-1,$5,$-6
15,2014-12-31,42.2,$4.01,10.51,$12.34,3.42,$4.52,9.33,$0.61,69.19,$0.29B,$0.42B,0.68,$0.28B,$0.19B,1.49,$0.57B,$0.29B,51.50%,$0.57B,$0.05B,8.32%,$0.57B,$0.05B,8.32%,$0.57B,$0.09B,16.46%,$0.57B,$0.04B,6.90%,$0.57B,$0.03B,4.96%,$0.03B,$0.19B,15.84%,$0.03B,$-0.39B,-9.98%,$0.03B,$0.94B,3.75%,$0.05B,$0.46B,12.64%,$153,$77,$76,$23,$45,$145,$8,$-2,$5,$1,$5,$5,$5,$21,$8,$45,46,$0.11,$0.11,$155,$0,$0,$288,$50,$0,$578,$18,$655,$943,$421,$276,$7,$336,$757,$0,$132,$-1,$186,$943,$28,$46,$29,$76,$-6,$0,$-1,$9,$13,$117,$-22,$0,$-189,$0,$0,$0,$0,$-211,$130,$0,$130,$0,$0,$-22,$-10,$97,$3,$17,$-22
16,2014-09-30,38.22,$3.98,9.61,$11.98,3.19,$4.31,8.87,$0.77,49.64,$0.21B,$0.31B,0.69,$0.17B,$0.18B,0.91,$0.55B,$0.28B,51.92%,$0.55B,$0.05B,9.87%,$0.55B,$0.05B,9.87%,$0.55B,$0.10B,17.92%,$0.55B,$0.05B,8.59%,$0.55B,$0.04B,6.40%,$0.04B,$0.18B,20.50%,$0.04B,$-0.24B,-14.34%,$0.04B,$0.70B,5.09%,$0.05B,$0.35B,16.34%,$145,$68,$76,$20,$43,$131,$14,$-1,$12,$2,$10,$10,$10,$25,$14,$45,46,$0.23,$0.23,$104,$0,$0,$211,$48,$0,$421,$23,$492,$703,$306,$167,$6,$213,$519,$0,$132,$-1,$184,$703,$23,$33,$16,$49,$-1,$0,$1,$10,$13,$85,$-15,$0,$-33,$0,$0,$0,$0,$-48,$20,$0,$20,$0,$0,$-17,$1,$5,$42,$12,$-17
17,2014-06-30,34.66,$3.75,9.25,$11.63,2.98,$4.13,8.39,$0.75,46.21,$0.19B,$0.29B,0.66,$0.17B,$0.17B,0.97,$0.53B,$0.28B,52.83%,$0.53B,$0.06B,10.94%,$0.53B,$0.06B,10.94%,$0.53B,$0.10B,19.25%,$0.53B,$0.05B,9.62%,$0.53B,$0.03B,6.42%,$0.03B,$0.17B,20.73%,$0.03B,$-0.26B,-13.64%,$0.03B,$0.69B,5.04%,$0.06B,$0.34B,18.00%,$139,$65,$75,$18,$40,$123,$16,$-1,$15,$6,$9,$9,$9,$27,$16,$45,46,$0.21,$0.20,$69,$0,$0,$192,$47,$0,$428,$21,$496,$688,$293,$168,$8,$222,$515,$0,$127,$-1,$173,$688,$13,$22,$14,$35,$-15,$0,$-1,$9,$-3,$45,$-9,$0,$-33,$0,$0,$0,$0,$-42,$21,$0,$21,$0,$0,$-11,$-0,$10,$13,$8,$-11
18,2014-03-31,30.25,$3.56,8.49,$11.34,2.67,$3.91,7.73,$0.70,43.21,$0.18B,$0.27B,0.68,$0.17B,$0.16B,1.03,$0.52B,$0.27B,53.10%,$0.52B,$0.06B,10.85%,$0.52B,$0.06B,10.85%,$0.52B,$0.10B,19.38%,$0.52B,$0.05B,9.50%,$0.52B,$0.03B,6.20%,$0.03B,$0.16B,20.13%,$0.03B,$-0.24B,-12.69%,$0.03B,$0.65B,4.81%,$0.06B,$0.33B,17.42%,$128,$63,$64,$16,$38,$118,$9,$-3,$7,$3,$4,$4,$4,$20,$9,$45,46,$0.08,$0.08,$76,$0,$0,$181,$48,$0,$402,$20,$470,$652,$267,$169,$6,$220,$487,$0,$124,$-1,$164,$652,$4,$11,$6,$17,$3,$0,$3,$-9,$-7,$13,$-7,$0,$-0,$0,$0,$0,$0,$-7,$22,$0,$22,$0,$0,$-6,$-2,$15,$21,$4,$-6
19,2013-12-31,36.25,$3.50,10.35,$11.11,3.26,$3.91,9.27,$0.68,53.3,$0.23B,$0.36B,0.64,$0.14B,$0.16B,0.84,$0.50B,$0.27B,53.97%,$0.50B,$0.05B,10.32%,$0.50B,$0.05B,10.32%,$0.50B,$0.10B,18.85%,$0.50B,$0.05B,8.93%,$0.50B,$0.03B,6.15%,$0.03B,$0.16B,19.94%,$0.03B,$-0.25B,-11.81%,$0.03B,$0.71B,4.68%,$0.05B,$0.30B,15.95%,$135,$66,$69,$16,$37,$120,$15,$-1,$13,$1,$12,$12,$12,$26,$15,$45,45,$0.26,$0.25,$119,$0,$0,$230,$50,$0,$408,$19,$477,$707,$357,$136,$7,$188,$545,$0,$125,$-1,$162,$707,$30,$44,$37,$81,$3,$0,$-0,$10,$-4,$107,$-23,$0,$-1,$0,$0,$0,$0,$-24,$-63,$0,$-63,$0,$0,$-22,$0,$-84,$-2,$17,$-22
20,2013-09-30,37.46,$3.42,10.95,$10.83,3.46,$3.11,12.03,$0.49,76.44,$0.17B,$0.29B,0.59,$0.16B,$0.16B,1.03,$0.49B,$0.27B,54.60%,$0.49B,$0.05B,9.61%,$0.49B,$0.05B,9.61%,$0.49B,$0.09B,18.40%,$0.49B,$0.04B,7.98%,$0.49B,$0.02B,4.50%,$0.02B,$0.16B,14.47%,$0.02B,$-0.26B,-8.08%,$0.02B,$0.65B,3.32%,$0.05B,$0.32B,13.82%,$128,$56,$72,$17,$36,$110,$18,$-2,$16,$7,$9,$9,$9,$29,$18,$45,46,$0.21,$0.21,$58,$0,$0,$169,$48,$0,$414,$18,$481,$650,$288,$161,$6,$206,$493,$0,$119,$-1,$157,$650,$19,$33,$23,$56,$3,$0,$-1,$20,$3,$78,$-16,$0,$-1,$0,$0,$0,$0,$-17,$-42,$0,$-42,$0,$0,$-16,$0,$-58,$3,$13,$-16
21,2013-06-30,31.14,$3.35,9.29,$10.76,2.89,$2.28,13.68,$0.34,91.6,$0.17B,$0.27B,0.61,$0.18B,$0.15B,1.2,$0.48B,$0.26B,54.24%,$0.48B,$0.04B,7.25%,$0.48B,$0.04B,7.25%,$0.48B,$0.08B,15.73%,$0.48B,$0.03B,5.80%,$0.48B,$0.02B,3.31%,$0.02B,$0.15B,10.68%,$0.02B,$-0.27B,-5.71%,$0.02B,$0.65B,2.40%,$0.04B,$0.34B,9.82%,$125,$57,$69,$16,$37,$111,$14,$-2,$13,$6,$7,$7,$7,$25,$14,$45,45,$0.15,$0.15,$34,$0,$0,$165,$50,$0,$420,$18,$488,$653,$272,$184,$6,$228,$500,$0,$115,$-1,$153,$653,$9,$22,$16,$38,$-12,$0,$-5,$16,$-10,$37,$-12,$0,$-1,$0,$0,$0,$0,$-13,$-20,$0,$-20,$0,$0,$-11,$0,$-31,$-6,$10,$-11
22,2013-03-31,28.22,$3.28,8.6,$10.49,2.69,$1.69,16.7,$0.14,201.55,$0.15B,$0.25B,0.6,$0.20B,$0.15B,1.34,$0.47B,$0.25B,54.06%,$0.47B,$0.02B,4.06%,$0.47B,$0.02B,4.06%,$0.47B,$0.06B,12.18%,$0.47B,$0.01B,2.56%,$0.47B,$0.01B,1.50%,$0.01B,$0.15B,4.72%,$0.01B,$-0.28B,-2.44%,$0.01B,$0.64B,1.04%,$0.02B,$0.35B,5.72%,$116,$54,$62,$16,$37,$111,$5,$-2,$3,$0,$3,$3,$3,$15,$5,$44,45,$0.06,$0.06,$35,$0,$0,$149,$48,$0,$428,$17,$493,$642,$251,$201,$4,$242,$493,$0,$114,$-2,$150,$642,$3,$11,$6,$16,$5,$0,$-1,$-1,$-6,$13,$-7,$0,$-1,$0,$0,$0,$0,$-8,$-5,$0,$-5,$0,$0,$-5,$0,$-10,$-5,$5,$-5
23,2012-12-31,21.65,$3.24,6.69,$10.05,2.15,$1.51,14.36,$0.14,154.63,$0.21B,$0.31B,0.69,$0.21B,$0.15B,1.39,$0.45B,$0.25B,54.81%,$0.45B,$0.02B,4.25%,$0.45B,$0.02B,4.25%,$0.45B,$0.05B,11.63%,$0.45B,$0.01B,3.13%,$0.45B,$0.01B,1.57%,$0.01B,$0.15B,4.77%,$0.01B,$-0.29B,-3.27%,$0.01B,$0.71B,1.16%,$0.02B,$0.35B,6.78%,$120,$56,$64,$17,$36,$110,$10,$-3,$7,$4,$3,$3,$3,$21,$10,$44,45,$0.08,$0.08,$82,$0,$0,$214,$49,$0,$433,$10,$492,$706,$312,$206,$5,$246,$558,$0,$117,$-2,$148,$706,$7,$33,$36,$69,$-9,$0,$-1,$4,$-7,$69,$-22,$0,$-281,$0,$0,$0,$0,$-302,$216,$0,$216,$3,$3,$-22,$-2,$195,$-39,$19,$-22
24,2012-09-30,22.56,$3.27,6.9,$9.51,2.37,$1.98,11.4,$0.21,107.43,$0.18B,$0.26B,0.67,$0.24B,$0.15B,1.59,$0.42B,$0.23B,55.45%,$0.42B,$0.02B,4.74%,$0.42B,$0.02B,4.74%,$0.42B,$0.05B,10.90%,$0.42B,$0.02B,4.27%,$0.42B,$0.01B,2.37%,$0.01B,$0.15B,6.91%,$0.01B,$-0.29B,-7.05%,$0.01B,$0.67B,1.91%,$0.02B,$0.38B,8.81%,$122,$55,$67,$19,$41,$116,$6,$-2,$5,$2,$3,$3,$3,$15,$6,$44,45,$0.06,$0.06,$52,$0,$0,$176,$43,$0,$437,$9,$490,$666,$263,$235,$5,$255,$518,$0,$119,$-2,$148,$666,$3,$21,$22,$43,$-12,$0,$-1,$10,$-7,$40,$-16,$0,$-281,$0,$0,$0,$0,$-297,$245,$0,$245,$3,$3,$-16,$-2,$229,$-27,$14,$-16
25,2012-06-30,24.09,$3.25,7.42,$8.93,2.7,$2.71,8.9,$0.37,65.11,$0.18B,$0.41B,0.42,$0.10B,$0.15B,0.65,$0.40B,$0.22B,56.46%,$0.40B,$0.03B,7.59%,$0.40B,$0.03B,7.59%,$0.40B,$0.05B,12.91%,$0.40B,$0.03B,7.34%,$0.40B,$0.02B,4.30%,$0.02B,$0.15B,11.81%,$0.02B,$-0.29B,-25.86%,$0.02B,$0.67B,3.78%,$0.03B,$0.24B,17.91%,$110,$51,$60,$15,$46,$112,$-2,$-2,$-3,$-1,$-2,$-2,$-2,$6,$-2,$44,44,$-0.05,$-0.05,$40,$0,$0,$175,$44,$0,$440,$8,$494,$668,$413,$95,$3,$108,$522,$0,$122,$-2,$147,$668,$0,$12,$13,$25,$-16,$0,$1,$6,$-14,$11,$-12,$0,$-280,$0,$0,$0,$0,$-292,$260,$0,$260,$3,$3,$-11,$-2,$250,$-31,$10,$-11
26,2012-03-31,31.05,$3.18,9.75,$8.56,3.63,$3.43,9.06,$0.62,50.07,$0.16B,$0.21B,0.77,$0.00B,$0.14B,0.0,$0.38B,$0.22B,57.26%,$0.38B,$0.05B,12.14%,$0.38B,$0.05B,12.14%,$0.38B,$0.06B,16.89%,$0.38B,$0.05B,12.40%,$0.38B,$0.03B,7.39%,$0.03B,$0.14B,19.79%,$0.03B,$0.01B,302.70%,$0.03B,$0.37B,7.55%,$0.05B,$0.14B,32.51%,$95,$41,$54,$13,$35,$89,$5,$-0,$5,$2,$3,$3,$3,$10,$5,$44,45,$0.06,$0.06,$67,$0,$0,$164,$35,$0,$133,$9,$205,$369,$214,$0,$2,$12,$225,$0,$129,$-1,$144,$369,$3,$5,$5,$10,$-2,$0,$2,$-3,$-9,$4,$-6,$0,$0,$0,$0,$0,$0,$-6,$0,$0,$0,$3,$3,$-5,$-2,$-5,$-7,$4,$-5
27,2011-12-31,25.78,$3.12,8.28,$8.41,3.06,$3.87,6.67,$0.73,35.32,$0.19B,$0.24B,0.78,$0.00B,$0.14B,0.0,$0.37B,$0.21B,57.41%,$0.37B,$0.05B,13.75%,$0.37B,$0.05B,13.75%,$0.37B,$0.07B,18.33%,$0.37B,$0.05B,14.02%,$0.37B,$0.03B,8.63%,$0.03B,$0.14B,23.23%,$0.03B,$0.01B,609.52%,$0.03B,$0.39B,8.91%,$0.05B,$0.14B,37.02%,$95,$42,$53,$12,$28,$84,$11,$0,$11,$4,$6,$6,$6,$15,$11,$44,44,$0.14,$0.14,$93,$0,$0,$188,$34,$0,$135,$6,$205,$393,$240,$0,$3,$13,$253,$0,$132,$-1,$140,$393,$33,$17,$33,$50,$-9,$0,$2,$10,$2,$86,$-18,$0,$-23,$0,$0,$0,$0,$-42,$-0,$0,$-0,$2,$2,$-21,$0,$-19,$25,$15,$-21
28,2011-09-30,20.63,$3.25,6.35,$8.23,2.51,$3.37,6.12,$0.79,26.12,$0.17B,$0.22B,0.79,$0.00B,$0.15B,0.0,$0.36B,$0.21B,58.01%,$0.36B,$0.05B,14.36%,$0.36B,$0.05B,14.36%,$0.36B,$0.07B,19.06%,$0.36B,$0.05B,14.64%,$0.36B,$0.03B,9.39%,$0.03B,$0.15B,25.81%,$0.03B,$0.02B,755.56%,$0.03B,$0.37B,9.95%,$0.05B,$0.15B,39.47%,$95,$40,$56,$12,$28,$79,$16,$-0,$16,$6,$10,$10,$10,$20,$16,$44,44,$0.23,$0.23,$73,$0,$0,$172,$29,$0,$130,$6,$200,$371,$217,$0,$3,$10,$226,$0,$137,$-1,$145,$371,$27,$12,$20,$32,$-6,$0,$1,$14,$9,$69,$-13,$0,$-16,$0,$0,$0,$0,$-30,$-0,$0,$-0,$2,$2,$-16,$-0,$-14,$24,$11,$-16
29,2011-06-30,25.55,$3.08,8.29,$7.98,3.2,$3.00,8.53,$0.77,33.18,$0.15B,$0.20B,0.74,$0.00B,$0.14B,0.0,$0.35B,$0.20B,58.29%,$0.35B,$0.05B,14.00%,$0.35B,$0.05B,14.00%,$0.35B,$0.07B,18.86%,$0.35B,$0.05B,14.29%,$0.35B,$0.03B,9.43%,$0.03B,$0.14B,26.56%,$0.03B,$0.01B,2200.00%,$0.03B,$0.35B,10.07%,$0.05B,$0.14B,39.44%,$94,$39,$54,$12,$28,$79,$14,$0,$15,$5,$9,$9,$9,$19,$14,$43,44,$0.22,$0.21,$44,$0,$0,$148,$26,$0,$132,$5,$202,$350,$199,$0,$3,$13,$212,$0,$132,$-1,$137,$350,$17,$8,$12,$20,$-11,$0,$1,$13,$1,$38,$-7,$0,$-16,$0,$0,$0,$0,$-24,$-0,$0,$-0,$2,$2,$-11,$-1,$-9,$5,$7,$-11
30,2011-03-31,25.0,$2.90,8.61,$7.69,3.25,$2.70,9.25,$0.72,34.72,$0.12B,$0.18B,0.66,$0.00B,$0.13B,0.0,$0.34B,$0.20B,59.05%,$0.34B,$0.05B,13.65%,$0.34B,$0.05B,13.65%,$0.34B,$0.06B,18.40%,$0.34B,$0.05B,13.65%,$0.34B,$0.03B,9.20%,$0.03B,$0.13B,26.55%,$0.03B,$-0.01B,-2480.00%,$0.03B,$0.32B,9.85%,$0.05B,$0.13B,39.40%,$87,$36,$50,$12,$28,$77,$10,$0,$10,$3,$7,$7,$7,$14,$10,$43,44,$0.17,$0.17,$39,$0,$0,$121,$24,$0,$134,$3,$201,$322,$184,$0,$3,$9,$193,$0,$129,$-0,$129,$322,$7,$4,$5,$9,$9,$0,$-2,$1,$1,$18,$-0,$0,$-16,$0,$0,$0,$0,$-17,$-0,$0,$-0,$0,$0,$-5,$0,$-5,$-4,$4,$-5
31,2010-12-31,23.66,$2.62,9.03,$7.44,3.18,$2.37,10.0,$0.68,34.79,$0.14B,$0.20B,0.71,$0.00B,$0.12B,0.0,$0.33B,$0.20B,59.82%,$0.33B,$0.05B,14.11%,$0.33B,$0.05B,14.11%,$0.33B,$0.06B,18.71%,$0.33B,$0.05B,14.11%,$0.33B,$0.03B,9.20%,$0.03B,$0.12B,25.97%,$0.03B,$0.00B,1200.00%,$0.03B,$0.32B,9.74%,$0.05B,$0.12B,39.83%,$86,$37,$50,$11,$27,$74,$12,$0,$12,$4,$8,$8,$8,$16,$12,$43,44,$0.18,$0.19,$44,$0,$0,$141,$23,$0,$115,$3,$183,$324,$198,$0,$2,$9,$207,$0,$120,$-1,$116,$324,$29,$16,$24,$41,$-13,$0,$0,$3,$-14,$56,$-11,$-0,$-5,$0,$-2,$-2,$0,$-18,$-1,$0,$-1,$-15,$-15,$-19,$3,$-33,$5,$13,$-19
32,2010-09-30,21.86,$2.61,8.37,$7.29,3.0,$3.20,6.83,$0.66,33.13,$0.13B,$0.19B,0.66,$0.00B,$0.12B,0.0,$0.32B,$0.19B,60.82%,$0.32B,$0.05B,14.73%,$0.32B,$0.05B,14.73%,$0.32B,$0.06B,19.44%,$0.32B,$0.05B,14.73%,$0.32B,$0.03B,9.09%,$0.03B,$0.12B,25.11%,$0.03B,$0.00B,1450.00%,$0.03B,$0.32B,9.57%,$0.05B,$0.12B,40.69%,$83,$33,$50,$12,$25,$70,$13,$0,$13,$5,$9,$9,$9,$17,$13,$43,43,$0.20,$0.20,$45,$0,$0,$127,$23,$0,$111,$3,$189,$315,$192,$0,$2,$9,$201,$0,$123,$-0,$115,$315,$21,$12,$13,$25,$-8,$0,$-1,$13,$2,$49,$-11,$-0,$-0,$0,$-2,$-2,$0,$-13,$-1,$0,$-1,$-18,$-18,$-15,$1,$-32,$3,$9,$-15
33,2010-06-30,19.7,$2.45,8.05,$7.18,2.74,$3.61,5.45,$0.68,28.97,$0.11B,$0.18B,0.58,$0.00B,$0.11B,0.0,$0.32B,$0.19B,61.27%,$0.32B,$0.05B,15.24%,$0.32B,$0.05B,15.24%,$0.32B,$0.06B,20.00%,$0.32B,$0.05B,15.24%,$0.32B,$0.03B,9.52%,$0.03B,$0.11B,26.09%,$0.03B,$-0.01B,inf%,$0.03B,$0.30B,9.88%,$0.05B,$0.11B,41.65%,$81,$32,$49,$12,$26,$70,$11,$-0,$11,$4,$7,$7,$7,$15,$11,$43,44,$0.16,$0.15,$20,$0,$0,$106,$23,$0,$113,$3,$193,$298,$182,$0,$1,$9,$191,$0,$119,$-0,$107,$298,$13,$8,$7,$15,$-13,$0,$1,$11,$-3,$25,$-7,$-0,$-0,$0,$-2,$-2,$0,$-9,$3,$0,$3,$-19,$-19,$-10,$1,$-25,$-10,$6,$-10
34,2010-03-31,22.71,$2.76,8.22,$7.11,3.19,$3.94,5.76,$0.68,33.39,$0.10B,$0.16B,0.63,$0.00B,$0.12B,0.0,$0.31B,$0.19B,61.29%,$0.31B,$0.05B,15.48%,$0.31B,$0.05B,15.48%,$0.31B,$0.06B,20.32%,$0.31B,$0.05B,15.48%,$0.31B,$0.03B,9.68%,$0.03B,$0.12B,26.55%,$0.03B,$0.01B,-750.00%,$0.03B,$0.30B,9.77%,$0.05B,$0.12B,42.29%,$76,$31,$46,$11,$25,$67,$10,$-0,$10,$4,$6,$6,$6,$13,$10,$43,44,$0.14,$0.13,$33,$0,$0,$103,$22,$0,$114,$1,$191,$295,$163,$0,$1,$8,$171,$0,$117,$-0,$124,$295,$6,$4,$3,$7,$1,$0,$0,$-0,$-6,$7,$-5,$-0,$0,$0,$0,$0,$0,$-5,$-0,$0,$-0,$3,$3,$-5,$1,$-2,$1,$3,$-5
35,2009-12-31,21.18,$2.61,8.12,$7.12,2.97,$4.15,5.1,$0.65,32.58,$0.11B,$0.18B,0.61,$0.00B,$0.12B,0.0,$0.31B,$0.19B,60.84%,$0.31B,$0.05B,14.89%,$0.31B,$0.05B,14.89%,$0.31B,$0.06B,20.06%,$0.31B,$0.05B,14.56%,$0.31B,$0.03B,9.06%,$0.03B,$0.12B,26.54%,$0.03B,$0.00B,-215.38%,$0.03B,$0.30B,9.04%,$0.05B,$0.12B,43.29%,$79,$30,$49,$11,$25,$66,$13,$1,$13,$6,$7,$7,$7,$17,$13,$43,44,$0.16,$0.17,$36,$0,$0,$110,$23,$0,$116,$0,$194,$304,$180,$0,$2,$8,$188,$0,$116,$-0,$116,$304,$28,$16,$26,$42,$2,$0,$-0,$16,$18,$87,$-6,$0,$-2,$0,$0,$0,$0,$-8,$-60,$0,$-60,$3,$3,$-18,$2,$-73,$6,$12,$-18
36,2009-09-30,20.7,$2.57,8.06,$7.14,2.9,$3.48,5.94,$0.62,33.39,$0.12B,$0.20B,0.6,$0.00B,$0.11B,0.0,$0.31B,$0.19B,60.32%,$0.31B,$0.04B,13.87%,$0.31B,$0.04B,13.87%,$0.31B,$0.06B,19.03%,$0.31B,$0.04B,13.23%,$0.31B,$0.03B,9.03%,$0.03B,$0.11B,28.21%,$0.03B,$-0.01B,-134.94%,$0.03B,$0.32B,8.97%,$0.04B,$0.11B,42.89%,$79,$31,$49,$11,$23,$65,$14,$0,$14,$4,$10,$10,$10,$18,$14,$43,44,$0.23,$0.22,$39,$0,$0,$119,$19,$0,$118,$1,$199,$318,$197,$0,$1,$7,$204,$0,$112,$-0,$113,$318,$20,$12,$12,$24,$1,$0,$-0,$12,$16,$60,$-4,$0,$-2,$0,$0,$0,$0,$-6,$-43,$0,$-43,$2,$2,$-13,$5,$-49,$6,$9,$-13
37,2009-06-30,13.8,$2.27,6.08,$7.18,1.92,$3.17,4.35,$0.57,24.22,$0.11B,$0.20B,0.52,$0.00B,$0.10B,0.01,$0.31B,$0.19B,60.13%,$0.31B,$0.04B,13.18%,$0.31B,$0.04B,13.18%,$0.31B,$0.06B,18.01%,$0.31B,$0.04B,12.22%,$0.31B,$0.03B,8.04%,$0.03B,$0.10B,26.81%,$0.03B,$-0.02B,-87.72%,$0.03B,$0.31B,7.99%,$0.04B,$0.10B,39.33%,$76,$30,$46,$11,$24,$66,$11,$-0,$11,$4,$7,$7,$7,$15,$11,$43,43,$0.15,$0.15,$24,$0,$0,$107,$20,$0,$121,$0,$204,$311,$204,$1,$1,$7,$212,$0,$107,$-0,$99,$311,$11,$8,$10,$18,$-6,$0,$-0,$12,$6,$35,$-3,$0,$-2,$0,$0,$0,$0,$-5,$-19,$0,$-19,$0,$0,$-9,$0,$-27,$2,$6,$-9
38,2009-03-31,10.24,$2.14,4.79,$7.08,1.45,$2.86,3.58,$0.63,16.25,$0.10B,$0.21B,0.49,$0.00B,$0.09B,0.01,$0.31B,$0.19B,60.71%,$0.31B,$0.05B,14.61%,$0.31B,$0.05B,14.61%,$0.31B,$0.06B,18.83%,$0.31B,$0.04B,13.64%,$0.31B,$0.03B,8.77%,$0.03B,$0.09B,29.75%,$0.03B,$-0.03B,-108.00%,$0.03B,$0.31B,9.07%,$0.05B,$0.10B,44.23%,$75,$30,$44,$11,$25,$67,$8,$-1,$7,$3,$4,$4,$4,$12,$8,$43,43,$0.10,$0.09,$30,$0,$0,$101,$20,$0,$119,$0,$205,$306,$205,$1,$1,$7,$212,$0,$105,$-1,$94,$306,$4,$4,$6,$10,$4,$0,$1,$-2,$-1,$12,$-1,$0,$0,$0,$0,$0,$0,$-1,$-0,$0,$-0,$0,$0,$-4,$0,$-5,$7,$3,$-4
39,2008-12-31,11.79,$2.07,5.7,$6.90,1.71,$2.87,4.1,$0.69,17.09,$0.11B,$0.22B,0.49,$0.00B,$0.09B,0.01,$0.30B,$0.19B,61.59%,$0.30B,$0.05B,15.89%,$0.30B,$0.05B,15.89%,$0.30B,$0.06B,19.87%,$0.30B,$0.05B,15.23%,$0.30B,$0.03B,9.93%,$0.03B,$0.09B,32.88%,$0.03B,$-0.03B,-160.00%,$0.03B,$0.31B,10.72%,$0.05B,$0.09B,47.06%,$80,$32,$48,$11,$27,$70,$10,$-1,$9,$3,$7,$7,$7,$14,$10,$43,44,$0.16,$0.14,$29,$0,$0,$105,$21,$0,$122,$1,$208,$314,$215,$1,$1,$8,$223,$0,$105,$-1,$91,$314,$30,$13,$21,$34,$-10,$0,$1,$14,$-4,$60,$-8,$0,$-50,$2,$0,$2,$0,$-56,$58,$0,$58,$-43,$-43,$-17,$1,$-1,$2,$12,$-17
40,2008-09-30,15.98,$2.04,7.83,$6.64,2.41,$2.91,5.5,$0.74,21.6,$0.11B,$0.19B,0.56,$0.04B,$0.09B,0.46,$0.29B,$0.18B,62.33%,$0.29B,$0.05B,17.81%,$0.29B,$0.05B,17.81%,$0.29B,$0.06B,21.58%,$0.29B,$0.05B,17.47%,$0.29B,$0.03B,10.96%,$0.03B,$0.09B,33.07%,$0.03B,$-0.04B,-492.31%,$0.03B,$0.32B,12.27%,$0.05B,$0.13B,48.37%,$80,$31,$49,$11,$27,$69,$12,$-1,$11,$4,$7,$7,$7,$15,$12,$43,43,$0.17,$0.17,$29,$0,$0,$105,$21,$0,$125,$1,$216,$321,$187,$41,$1,$45,$232,$0,$103,$-0,$89,$321,$23,$9,$14,$23,$-13,$0,$1,$19,$2,$48,$-6,$0,$-50,$0,$0,$0,$0,$-56,$58,$0,$58,$-40,$-40,$-13,$0,$6,$-2,$8,$-13
41,2008-06-30,18.45,$2.05,9.0,$6.32,2.92,$2.94,6.27,$0.77,23.96,$0.09B,$0.16B,0.56,$0.00B,$0.09B,0.0,$0.28B,$0.18B,63.21%,$0.28B,$0.06B,19.64%,$0.28B,$0.06B,19.64%,$0.28B,$0.07B,23.57%,$0.28B,$0.06B,19.64%,$0.28B,$0.03B,12.14%,$0.03B,$0.09B,34.00%,$0.03B,$-0.01B,971.43%,$0.03B,$0.25B,14.17%,$0.06B,$0.09B,54.73%,$73,$26,$46,$9,$23,$58,$15,$-0,$15,$6,$9,$9,$9,$17,$15,$43,43,$0.21,$0.21,$10,$0,$0,$87,$17,$0,$96,$0,$163,$250,$156,$0,$1,$4,$161,$0,$100,$0,$89,$250,$16,$5,$9,$14,$-21,$0,$1,$14,$-9,$21,$-3,$0,$-3,$0,$0,$0,$0,$-6,$24,$0,$24,$-36,$-36,$-9,$-0,$-20,$-5,$5,$-9
42,2008-03-31,20.84,$2.17,9.59,$6.09,3.42,$2.88,7.23,$0.75,27.79,$0.07B,$0.13B,0.53,$0.00B,$0.10B,0.01,$0.27B,$0.17B,63.47%,$0.27B,$0.05B,19.93%,$0.27B,$0.05B,19.93%,$0.27B,$0.07B,23.99%,$0.27B,$0.05B,19.56%,$0.27B,$0.03B,12.18%,$0.03B,$0.10B,32.75%,$0.03B,$-0.00B,300.00%,$0.03B,$0.23B,14.21%,$0.05B,$0.10B,53.33%,$69,$27,$43,$9,$23,$58,$11,$0,$11,$4,$7,$7,$7,$14,$11,$44,45,$0.16,$0.16,$12,$0,$0,$70,$18,$0,$97,$0,$164,$234,$133,$0,$1,$6,$138,$0,$95,$0,$96,$234,$7,$2,$5,$7,$2,$0,$0,$2,$-0,$14,$-2,$0,$-2,$0,$0,$0,$0,$-4,$11,$0,$11,$-20,$-20,$-4,$0,$-12,$-3,$2,$-4
43,2007-12-31,23.97,$2.51,9.54,$5.77,4.16,$2.75,8.71,$0.72,33.3,$0.07B,$0.12B,0.61,$0.00B,$0.11B,0.01,$0.26B,$0.16B,63.81%,$0.26B,$0.05B,20.23%,$0.26B,$0.05B,20.23%,$0.26B,$0.06B,24.12%,$0.26B,$0.05B,19.84%,$0.26B,$0.03B,12.45%,$0.03B,$0.11B,32.65%,$0.03B,$0.02B,213.33%,$0.03B,$0.24B,14.19%,$0.05B,$0.11B,52.66%,$70,$26,$44,$8,$22,$56,$14,$-0,$14,$5,$9,$9,$9,$17,$14,$44,45,$0.21,$0.19,$15,$0,$0,$73,$17,$0,$96,$0,$165,$238,$120,$1,$1,$5,$125,$0,$93,$0,$113,$238,$32,$8,$17,$25,$-10,$0,$-1,$11,$6,$63,$-8,$0,$-84,$0,$0,$0,$0,$-93,$-2,$0,$-2,$-10,$-10,$-15,$5,$-23,$-53,$7,$-15
44,2007-09-30,21.51,$2.30,9.35,$5.30,4.06,$2.83,7.6,$0.71,30.3,$0.07B,$0.13B,0.54,$0.00B,$0.10B,0.01,$0.24B,$0.15B,65.25%,$0.24B,$0.05B,21.19%,$0.24B,$0.05B,21.19%,$0.24B,$0.06B,24.58%,$0.24B,$0.05B,21.19%,$0.24B,$0.03B,13.56%,$0.03B,$0.10B,34.22%,$0.03B,$0.00B,100.79%,$0.03B,$0.24B,14.90%,$0.05B,$0.10B,53.19%,$68,$24,$44,$7,$21,$52,$15,$-1,$15,$6,$9,$9,$9,$18,$15,$44,45,$0.20,$0.20,$16,$0,$0,$72,$15,$0,$97,$0,$166,$238,$132,$1,$1,$4,$136,$0,$88,$0,$102,$238,$23,$6,$13,$19,$-7,$0,$-1,$13,$8,$50,$-5,$0,$-84,$0,$0,$0,$0,$-89,$9,$0,$9,$-12,$-12,$-11,$2,$-12,$-52,$5,$-11
45,2007-06-30,18.75,$2.10,8.92,$4.89,3.83,$2.78,6.74,$0.70,26.79,$0.08B,$0.12B,0.63,$0.00B,$0.09B,0.01,$0.22B,$0.15B,66.51%,$0.22B,$0.05B,22.48%,$0.22B,$0.05B,22.48%,$0.22B,$0.06B,25.23%,$0.22B,$0.05B,22.48%,$0.22B,$0.03B,14.22%,$0.03B,$0.09B,34.35%,$0.03B,$0.02B,61.69%,$0.03B,$0.22B,15.42%,$0.05B,$0.09B,53.99%,$64,$23,$41,$7,$21,$50,$14,$-0,$13,$5,$8,$8,$8,$16,$14,$43,44,$0.19,$0.19,$18,$0,$0,$76,$14,$0,$69,$0,$142,$219,$122,$1,$1,$5,$126,$0,$83,$0,$92,$219,$14,$4,$8,$12,$-12,$0,$-1,$11,$-6,$19,$-3,$0,$-59,$0,$0,$0,$0,$-62,$13,$0,$13,$-13,$-13,$-8,$1,$-7,$-50,$4,$-8
46,2007-03-31,20.67,$1.95,10.62,$4.54,4.55,$2.82,7.32,$0.68,30.39,$0.06B,$0.12B,0.54,$0.00B,$0.09B,0.01,$0.20B,$0.14B,68.47%,$0.20B,$0.05B,23.15%,$0.20B,$0.05B,23.15%,$0.20B,$0.05B,25.62%,$0.20B,$0.05B,23.65%,$0.20B,$0.03B,15.27%,$0.03B,$0.09B,35.53%,$0.03B,$0.02B,50.20%,$0.03B,$0.21B,16.47%,$0.05B,$0.09B,53.71%,$55,$20,$35,$7,$19,$46,$9,$-0,$9,$3,$6,$6,$6,$11,$9,$44,45,$0.13,$0.13,$16,$0,$0,$63,$13,$0,$70,$0,$144,$207,$117,$1,$1,$4,$121,$0,$78,$0,$85,$207,$6,$2,$4,$5,$0,$0,$-1,$0,$-4,$8,$-1,$0,$-59,$0,$0,$0,$0,$-60,$18,$0,$18,$-14,$-14,$-4,$0,$1,$-52,$2,$-4
47,2006-12-31,21.92,$2.14,10.22,$4.29,5.12,$2.74,7.99,$0.68,32.24,$0.11B,$0.10B,1.15,$0.00B,$0.10B,0.0,$0.19B,$0.13B,69.79%,$0.19B,$0.05B,24.48%,$0.19B,$0.05B,24.48%,$0.19B,$0.05B,26.56%,$0.19B,$0.05B,25.00%,$0.19B,$0.03B,16.15%,$0.03B,$0.10B,37.01%,$0.03B,$0.09B,42.47%,$0.03B,$0.20B,17.87%,$0.05B,$0.10B,56.12%,$49,$15,$34,$5,$16,$37,$12,$1,$13,$4,$9,$9,$9,$13,$12,$43,45,$0.20,$0.20,$68,$0,$0,$112,$11,$0,$11,$0,$83,$195,$98,$0,$0,$2,$100,$0,$76,$0,$95,$195,$30,$4,$15,$19,$-5,$0,$1,$12,$14,$63,$-5,$0,$-6,$0,$0,$0,$0,$-11,$0,$0,$0,$-1,$-1,$-12,$6,$-7,$45,$7,$-12
