,Date,Stock Price,Book Value per Share,Price to Book Ratio,TTM Sales per Share,Price to Sales Ratio,TTM FCF per Share,Price to FCF Ratio,TTM Net EPS,PE Ratio,Current Assets,Current Liabilities,Current Ratio,Long Term Debt,Shareholder's Equity_x,Debt to Equity Ratio,TTM Revenue_x,TTM Gross Profit,Gross Margin,TTM Revenue_y,TTM Operating Income,Operating Margin,TTM Revenue_x,TTM EBIT,EBIT Margin,TTM Revenue_y,TTM EBITDA,EBITDA Margin,TTM Revenue_x,TTM Pre-Tax Income,Pre-Tax Margin,TTM Revenue_y,TTM Net Income_x,Net Margin,TTM Net Income_y,Shareholder's Equity_y,Return on Equity,TTM Net Income_x,Tangible Equity,Return on Tangible Equity,TTM Net Income_y,Total Assets,Return on Assets,TTM Net Income,LT Investments & Debt,Return on Investment,revenue,cost-goods-sold,gross-profit,research-development-expenses,selling-general-administrative-expenses,operating-expenses,operating-income,total-non-operating-income-expense,pre-tax-income,total-provision-income-taxes,income-after-taxes,income-from-continuous-operations,net-income,ebitda,ebit,basic-shares-outstanding,shares-outstanding,eps-basic-net-earnings-per-share,eps-earnings-per-share-diluted,cash-on-hand,inventory,other-current-assets,total-current-assets,net-property-plant-equipment,long-term-investments,goodwill-intangible-assets-total,other-long-term-assets,total-long-term-assets,total-assets,total-current-liabilities,long-term-debt,other-non-current-liabilities,total-long-term-liabilities,total-liabilities,common-stock-net,retained-earnings-accumulated-deficit,comprehensive-income,total-share-holder-equity,total-liabilities-share-holders-equity,net-income-loss,total-depreciation-amortization-cash-flow,other-non-cash-items,total-non-cash-items,change-in-accounts-receivable,change-in-inventories,change-in-accounts-payable,change-in-assets-liabilities,total-change-in-assets-liabilities,cash-flow-from-operating-activities,net-change-in-property-plant-equipment,net-change-in-intangible-assets,net-acquisitions-divestitures,net-change-in-short-term-investments,net-change-in-long-term-investments,net-change-in-investments-total,investing-activities-other,cash-flow-from-investing-activities,net-long-term-debt,net-current-debt,debt-issuance-retirement-net-total,net-common-equity-issued-repurchased,net-total-equity-issued-repurchased,total-common-preferred-stock-dividends-paid,financial-activities-other,cash-flow-from-financial-activities,net-cash-flow,stock-based-compensation,common-stock-dividends-paid
0,2018-09-30,1.07,$0.39,2.77,0.0,0.0,$-0.60,0.0,$-0.18,0.0,$0.04B,$0.01B,7.53,$0.00B,$0.04B,0.0,$0.00B,0,nan%,$0.00B,$-0.03B,inf%,$0.00B,$-0.03B,inf%,$0.00B,$-0.03B,inf%,$0.00B,$-0.02B,inf%,$0.00B,$-0.02B,inf%,$-0.02B,$0.04B,-50.79%,$-0.02B,$0.03B,-59.63%,$-0.02B,$0.05B,-44.65%,$-0.03B,$0.04B,-57.14%,$0,$0,$0,$5,$1,$6,$-6,$-0,$-6,$0,$-6,$-6,$-6,$-6,$-6,$107,107,$-0.06,$-0.06,$35,$0,$0,$37,$2,$0,$7,$0,$9,$46,$5,$0,$1,$1,$6,$3,$-217,$12,$41,$46,$-17,$0,$1,$1,$0,$0,$0,$-1,$-3,$-19,$-0,$-0,$0,$15,$0,$15,$2,$16,$0,$-0,$-0,$3,$3,$0,$0,$3,$-0,$2,$0
1,2018-06-30,0.89,$0.43,2.08,0.0,0.0,$-0.56,0.0,$-0.25,0.0,$0.04B,$0.01B,8.02,$0.00B,$0.05B,0.0,$0.00B,0,nan%,$0.00B,$-0.03B,inf%,$0.00B,$-0.03B,inf%,$0.00B,$-0.03B,inf%,$0.00B,$-0.03B,inf%,$0.00B,$-0.03B,inf%,$-0.03B,$0.05B,-48.31%,$-0.03B,$0.04B,-55.87%,$-0.03B,$0.05B,-42.55%,$-0.03B,$0.05B,-54.11%,$0,$0,$0,$4,$1,$6,$-6,$1,$-5,$0,$-5,$-5,$-5,$-6,$-6,$107,107,$-0.05,$-0.05,$41,$0,$0,$43,$2,$0,$7,$0,$9,$52,$5,$0,$1,$1,$6,$3,$-211,$-1,$46,$52,$-11,$0,$-0,$0,$0,$0,$0,$-1,$-2,$-13,$-0,$-0,$0,$9,$2,$11,$0,$11,$0,$-0,$-0,$3,$3,$0,$0,$3,$1,$1,$0
2,2018-03-31,0.87,$0.46,1.89,0.0,0.0,$-0.52,0.0,$-0.25,0.0,$0.05B,$0.01B,7.37,$0.00B,$0.05B,0.0,$0.00B,0,nan%,$0.00B,$-0.03B,inf%,$0.00B,$-0.03B,inf%,$0.00B,$-0.03B,inf%,$0.00B,$-0.03B,inf%,$0.00B,$-0.03B,inf%,$-0.03B,$0.05B,-45.87%,$-0.03B,$0.04B,-52.36%,$-0.03B,$0.06B,-40.65%,$-0.03B,$0.05B,-49.32%,$0,$0,$0,$5,$2,$7,$-7,$0,$-6,$0,$-6,$-6,$-6,$-6,$-7,$106,106,$-0.06,$-0.06,$44,$0,$0,$46,$2,$1,$7,$0,$11,$56,$6,$0,$1,$1,$7,$3,$-206,$-1,$49,$56,$-6,$0,$0,$0,$0,$0,$0,$-0,$-1,$-7,$-0,$-0,$0,$8,$0,$8,$0,$8,$0,$-0,$-0,$1,$1,$0,$0,$1,$3,$1,$0
3,2017-12-31,1.09,$0.49,2.23,0.0,0.0,$-0.52,0.0,$-0.27,0.0,$0.05B,$0.01B,7.49,$0.00B,$0.05B,0.0,$0.00B,0,nan%,$0.00B,$-0.03B,inf%,$0.00B,$-0.03B,inf%,$0.00B,$-0.03B,inf%,$0.00B,$-0.02B,inf%,$0.00B,$-0.02B,inf%,$-0.02B,$0.05B,-46.83%,$-0.02B,$0.05B,-53.93%,$-0.02B,$0.06B,-41.56%,$-0.03B,$0.05B,-48.54%,$0,$0,$0,$6,$1,$8,$-8,$0,$-7,$0,$-7,$-7,$-7,$-8,$-8,$90,90,$-0.07,$-0.07,$49,$0,$0,$50,$3,$1,$7,$0,$11,$61,$7,$0,$1,$1,$8,$3,$-200,$10,$53,$61,$-24,$0,$1,$1,$0,$0,$0,$-0,$3,$-21,$-0,$-4,$0,$-11,$-1,$-12,$0,$-16,$0,$-0,$-0,$39,$39,$0,$0,$39,$3,$2,$0
4,2017-09-30,1.12,$0.57,1.98,0.0,0.0,$-0.55,0.0,$-0.33,0.0,$0.06B,$0.01B,10.11,$0.00B,$0.06B,0.0,$0.00B,0,nan%,$0.00B,$-0.02B,inf%,$0.00B,$-0.02B,inf%,$0.00B,$-0.02B,inf%,$0.00B,$-0.02B,inf%,$0.00B,$-0.02B,inf%,$-0.02B,$0.06B,-44.92%,$-0.02B,$0.05B,-50.30%,$-0.02B,$0.07B,-40.19%,$-0.02B,$0.06B,-44.68%,$0,$0,$0,$6,$1,$7,$-7,$-0,$-7,$0,$-7,$-7,$-7,$-7,$-7,$102,102,$-0.07,$-0.07,$55,$0,$0,$56,$2,$1,$7,$0,$10,$66,$6,$0,$1,$2,$7,$3,$-192,$-1,$59,$66,$-17,$0,$1,$1,$0,$0,$0,$-0,$2,$-14,$-0,$-4,$0,$-15,$-1,$-16,$0,$-20,$0,$-0,$-0,$38,$38,$0,$0,$38,$4,$1,$0
5,2017-06-30,0.85,$0.60,1.41,0.0,0.0,$-0.60,0.0,$-0.34,0.0,$0.05B,$0.01B,9.91,$0.00B,$0.06B,0.0,$0.00B,0,nan%,$0.00B,$-0.02B,inf%,$0.00B,$-0.02B,inf%,$0.00B,$-0.02B,inf%,$0.00B,$-0.02B,inf%,$0.00B,$-0.02B,inf%,$-0.02B,$0.06B,-43.11%,$-0.02B,$0.05B,-47.06%,$-0.02B,$0.06B,-38.92%,$-0.02B,$0.06B,-42.86%,$0,$0,$0,$4,$1,$5,$-5,$0,$-5,$0,$-5,$-5,$-5,$-5,$-5,$94,94,$-0.05,$-0.05,$53,$0,$0,$54,$2,$0,$7,$0,$9,$63,$5,$0,$0,$0,$6,$3,$-185,$-1,$57,$63,$-10,$0,$0,$1,$0,$0,$0,$-1,$1,$-8,$-0,$-4,$0,$-12,$0,$-12,$0,$-16,$0,$-0,$-0,$28,$28,$0,$0,$28,$4,$1,$0
6,2017-03-31,0.96,$0.00,0.0,0.0,0.0,$-0.65,0.0,$-0.36,0.0,$0.03B,$0.01B,6.12,$0.00B,$0.04B,0.01,$0.00B,0,nan%,$0.00B,$-0.02B,inf%,$0.00B,$-0.02B,inf%,$0.00B,$-0.02B,inf%,$0.00B,$-0.02B,inf%,$0.00B,$-0.02B,inf%,$-0.02B,$0.04B,-44.44%,$-0.02B,$0.03B,-47.22%,$-0.02B,$0.04B,-40.48%,$-0.02B,$0.04B,-44.44%,$0,$0,$0,$4,$2,$5,$-5,$0,$-5,$0,$-5,$-5,$-5,$-5,$-5,$59,59,$-0.08,$-0.08,$30,$0,$0,$32,$3,$0,$7,$0,$9,$41,$5,$0,$0,$0,$5,$2,$-180,$-1,$36,$41,$-5,$0,$0,$0,$0,$0,$0,$-1,$1,$-4,$-0,$-4,$0,$5,$0,$5,$0,$1,$0,$-0,$-0,$2,$2,$0,$0,$2,$-0,$0,$0
7,2016-12-31,0.92,$0.61,1.5,0.0,0.0,$-0.66,0.0,$-0.38,0.0,$0.04B,$0.00B,9.86,$0.00B,$0.04B,0.01,$0.00B,0,nan%,$0.00B,$-0.02B,inf%,$0.00B,$-0.02B,inf%,$0.00B,$-0.02B,inf%,$0.00B,$-0.02B,inf%,$0.00B,$-0.02B,inf%,$-0.02B,$0.04B,-36.81%,$-0.02B,$0.04B,-37.27%,$-0.02B,$0.04B,-34.09%,$-0.02B,$0.04B,-39.26%,$0,$0,$0,$3,$1,$4,$-4,$0,$-4,$0,$-4,$-4,$-4,$-4,$-4,$56,56,$-0.07,$-0.07,$36,$0,$0,$36,$3,$0,$0,$0,$3,$39,$4,$0,$0,$0,$4,$2,$-175,$-1,$35,$39,$-16,$0,$0,$1,$0,$0,$0,$0,$0,$-15,$-0,$-0,$0,$9,$0,$9,$0,$9,$0,$-0,$-0,$2,$2,$0,$0,$2,$-3,$1,$0
8,2016-09-30,1.15,$0.00,0.0,0.0,0.0,$-0.72,0.0,$-0.32,0.0,$0.04B,$0.00B,11.71,$0.00B,$0.04B,0.01,$0.00B,0,nan%,$0.00B,$-0.02B,inf%,$0.00B,$-0.02B,inf%,$0.00B,$-0.02B,inf%,$0.00B,$-0.02B,inf%,$0.00B,$-0.02B,inf%,$-0.02B,$0.04B,-34.09%,$-0.02B,$0.04B,-34.68%,$-0.02B,$0.04B,-31.91%,$-0.02B,$0.04B,-36.36%,$0,$0,$0,$3,$2,$4,$-4,$0,$-4,$0,$-4,$-4,$-4,$-4,$-4,$56,56,$-0.08,$-0.08,$39,$0,$0,$39,$3,$0,$0,$0,$3,$42,$3,$0,$0,$0,$4,$1,$-171,$-1,$39,$42,$-12,$0,$0,$1,$0,$0,$0,$0,$0,$-10,$-0,$-0,$0,$8,$0,$8,$0,$7,$0,$-0,$-0,$2,$2,$0,$0,$2,$-2,$1,$0
9,2016-06-30,0.8,$0.00,0.0,0.0,0.0,$-0.78,0.0,$-0.27,0.0,$0.04B,$0.00B,15.22,$0.00B,$0.04B,0.01,$0.00B,0,nan%,$0.00B,$-0.02B,inf%,$0.00B,$-0.02B,inf%,$0.00B,$-0.02B,inf%,$0.00B,$-0.01B,inf%,$0.00B,$-0.01B,inf%,$-0.01B,$0.04B,-27.66%,$-0.01B,$0.04B,-27.96%,$-0.01B,$0.05B,-25.87%,$-0.02B,$0.04B,-34.04%,$0,$0,$0,$3,$1,$4,$-4,$0,$-4,$0,$-4,$-4,$-4,$-4,$-4,$56,56,$-0.07,$-0.07,$42,$0,$0,$43,$3,$0,$0,$0,$3,$46,$3,$0,$0,$0,$3,$1,$-167,$-1,$43,$46,$-7,$0,$0,$0,$0,$0,$0,$-0,$-1,$-7,$-0,$-0,$0,$4,$0,$4,$0,$4,$0,$-0,$-0,$2,$2,$0,$0,$2,$-2,$1,$0
10,2016-03-31,1.02,$0.00,0.0,0.0,0.0,$-0.81,0.0,$-0.29,0.0,$0.05B,$0.00B,17.93,$0.00B,$0.05B,0.01,$0.00B,0,nan%,$0.00B,$-0.02B,inf%,$0.00B,$-0.02B,inf%,$0.00B,$-0.02B,inf%,$0.00B,$-0.01B,inf%,$0.00B,$-0.01B,inf%,$-0.01B,$0.05B,-28.43%,$-0.01B,$0.05B,-28.57%,$-0.01B,$0.05B,-26.29%,$-0.02B,$0.05B,-32.49%,$0,$0,$0,$3,$1,$4,$-4,$0,$-3,$0,$-3,$-3,$-3,$-4,$-4,$55,55,$-0.06,$-0.06,$45,$0,$0,$46,$3,$0,$0,$0,$3,$49,$3,$0,$0,$0,$3,$1,$-163,$-1,$46,$49,$-3,$0,$0,$0,$0,$0,$0,$-0,$-1,$-4,$-0,$-0,$0,$2,$0,$2,$0,$2,$0,$-0,$-0,$2,$2,$0,$0,$2,$-1,$0,$0
11,2015-12-31,1.3,$0.87,1.5,0.0,0.0,$-0.82,0.0,$-0.27,0.0,$0.05B,$0.00B,15.35,$0.00B,$0.05B,0.01,$0.00B,0,nan%,$0.00B,$-0.02B,inf%,$0.00B,$-0.02B,inf%,$0.00B,$-0.02B,inf%,$0.00B,$-0.02B,inf%,$0.00B,$-0.02B,inf%,$-0.02B,$0.05B,-29.27%,$-0.02B,$0.05B,-29.41%,$-0.02B,$0.05B,-26.79%,$-0.02B,$0.05B,-31.22%,$0,$0,$0,$3,$1,$4,$-4,$0,$-4,$0,$-4,$-4,$-4,$-4,$-4,$52,52,$-0.07,$-0.07,$48,$0,$0,$48,$3,$0,$0,$0,$3,$51,$3,$0,$0,$1,$4,$1,$-159,$-1,$48,$51,$-14,$0,$-0,$0,$0,$0,$0,$-0,$0,$-14,$-3,$-0,$0,$-13,$0,$-13,$-0,$-16,$0,$0,$0,$29,$29,$0,$0,$29,$-0,$1,$0
12,2015-09-30,1.53,$0.00,0.0,0.0,0.0,$-0.93,0.0,$-0.31,0.0,$0.05B,$0.00B,14.45,$0.00B,$0.05B,0.01,$0.00B,0,nan%,$0.00B,$-0.02B,inf%,$0.00B,$-0.02B,inf%,$0.00B,$-0.02B,inf%,$0.00B,$-0.02B,inf%,$0.00B,$-0.02B,inf%,$-0.02B,$0.05B,-31.75%,$-0.02B,$0.05B,-31.75%,$-0.02B,$0.06B,-28.71%,$-0.02B,$0.05B,-33.86%,$0,$0,$0,$3,$1,$4,$-4,$2,$-2,$0,$-2,$-2,$-2,$-3,$-4,$55,55,$-0.03,$-0.03,$51,$0,$1,$52,$0,$0,$0,$0,$0,$55,$4,$0,$0,$1,$4,$1,$-156,$0,$51,$55,$-11,$0,$-0,$-0,$0,$0,$0,$-1,$-0,$-11,$-2,$-0,$0,$-16,$0,$-16,$0,$-19,$0,$0,$0,$29,$29,$0,$0,$29,$-0,$1,$0
13,2015-06-30,2.66,$0.00,0.0,0.0,0.0,$-0.99,0.0,$-0.30,0.0,$0.06B,$0.00B,13.42,$0.00B,$0.05B,0.0,$0.00B,0,nan%,$0.00B,$-0.02B,inf%,$0.00B,$-0.02B,inf%,$0.00B,$-0.02B,inf%,$0.00B,$-0.01B,inf%,$0.00B,$-0.01B,inf%,$-0.01B,$0.05B,-33.94%,$-0.01B,$0.05B,-33.94%,$-0.01B,$0.06B,-30.27%,$-0.02B,$0.05B,-38.79%,$0,$0,$0,$3,$1,$4,$-4,$-1,$-5,$0,$-5,$-5,$-5,$-4,$-4,$54,54,$-0.09,$-0.09,$55,$0,$1,$56,$0,$0,$0,$0,$0,$58,$4,$0,$2,$2,$7,$1,$-154,$0,$52,$58,$-9,$0,$1,$2,$0,$0,$0,$-0,$0,$-7,$-2,$-0,$0,$-16,$0,$-16,$0,$-18,$0,$0,$0,$29,$29,$0,$0,$29,$4,$0,$0
14,2015-03-31,2.11,$0.00,0.0,0.0,0.0,$-1.06,0.0,$-0.33,0.0,$0.06B,$0.00B,14.11,$0.00B,$0.05B,0.0,$0.00B,0,nan%,$0.00B,$-0.02B,inf%,$0.00B,$-0.02B,inf%,$0.00B,$-0.02B,inf%,$0.00B,$-0.01B,inf%,$0.00B,$-0.01B,inf%,$-0.01B,$0.05B,-36.62%,$-0.01B,$0.05B,-36.62%,$-0.01B,$0.06B,-32.10%,$-0.02B,$0.05B,-45.07%,$0,$0,$0,$3,$1,$4,$-4,$0,$-4,$0,$-4,$-4,$-4,$-4,$-4,$43,43,$-0.10,$-0.10,$57,$0,$1,$58,$0,$0,$0,$0,$0,$60,$4,$0,$2,$2,$6,$1,$-149,$0,$54,$60,$-4,$0,$0,$0,$0,$0,$0,$-0,$0,$-3,$-0,$-0,$0,$-21,$0,$-21,$0,$-21,$0,$0,$0,$26,$26,$0,$0,$26,$2,$0,$0
15,2014-12-31,1.62,$0.81,1.99,0.0,0.0,$-1.13,0.0,$-0.35,0.0,$0.04B,$0.00B,12.12,$0.00B,$0.03B,0.0,$0.00B,0,nan%,$0.00B,$-0.02B,inf%,$0.00B,$-0.02B,inf%,$0.00B,$-0.02B,inf%,$0.00B,$-0.01B,inf%,$0.00B,$-0.01B,inf%,$-0.01B,$0.03B,-36.67%,$-0.01B,$0.03B,-36.67%,$-0.01B,$0.04B,-31.21%,$-0.02B,$0.03B,-53.33%,$0,$0,$0,$3,$2,$4,$-4,$1,$-4,$0,$-4,$-4,$-4,$-4,$-4,$34,34,$-0.11,$-0.11,$35,$0,$0,$35,$2,$0,$0,$0,$2,$36,$3,$0,$2,$2,$4,$1,$-145,$-1,$32,$36,$-10,$0,$-5,$-5,$0,$0,$0,$0,$0,$-14,$-0,$-0,$0,$-20,$0,$-53,$35,$-18,$0,$0,$0,$33,$30,$0,$0,$30,$-2,$1,$0
16,2014-09-30,1.54,$0.00,0.0,0.0,0.0,$-1.57,0.0,$-0.44,0.0,$0.03B,$0.00B,11.47,$0.00B,$0.03B,0.0,$0.00B,0,nan%,$0.00B,$-0.02B,inf%,$0.00B,$-0.02B,inf%,$0.00B,$-0.02B,inf%,$0.00B,$-0.01B,inf%,$0.00B,$-0.01B,inf%,$-0.01B,$0.03B,-48.00%,$-0.01B,$0.03B,-48.48%,$-0.01B,$0.03B,-38.40%,$-0.02B,$0.03B,-60.00%,$0,$0,$0,$3,$1,$4,$-4,$3,$-1,$0,$-1,$-1,$-1,$-4,$-4,$34,34,$-0.02,$-0.02,$30,$0,$0,$30,$0,$0,$0,$0,$0,$31,$3,$0,$1,$1,$4,$1,$-143,$0,$27,$31,$-7,$0,$0,$0,$0,$0,$0,$0,$0,$-10,$-0,$0,$-15,$0,$0,$0,$-0,$-15,$0,$0,$0,$0,$21,$0,$0,$21,$-4,$0,$0
17,2014-06-30,2.08,$0.00,0.0,0.0,0.0,$-1.90,0.0,$-0.62,0.0,$0.03B,$0.00B,12.35,$0.00B,$0.03B,0.0,$0.00B,0,nan%,$0.00B,$-0.01B,inf%,$0.00B,$-0.01B,inf%,$0.00B,$-0.01B,inf%,$0.00B,$-0.02B,inf%,$0.00B,$-0.02B,inf%,$-0.02B,$0.03B,-73.56%,$-0.02B,$0.03B,-74.42%,$-0.02B,$0.04B,-55.17%,$-0.01B,$0.03B,-64.37%,$0,$0,$0,$3,$1,$4,$-4,$-0,$-4,$0,$-4,$-4,$-4,$-4,$-4,$34,34,$-0.12,$-0.12,$33,$0,$1,$34,$0,$0,$0,$0,$0,$35,$3,$0,$3,$3,$6,$1,$-153,$0,$29,$35,$-6,$0,$0,$0,$0,$0,$0,$0,$0,$-8,$0,$0,$0,$0,$0,$-31,$16,$-16,$0,$0,$0,$0,$23,$0,$0,$23,$-1,$0,$0
18,2014-03-31,2.23,$0.00,0.0,0.0,0.0,$-2.20,0.0,$-0.70,0.0,$0.04B,$0.00B,11.87,$0.00B,$0.03B,0.0,$0.00B,0,nan%,$0.00B,$-0.02B,inf%,$0.00B,$-0.02B,inf%,$0.00B,$-0.02B,inf%,$0.00B,$-0.02B,inf%,$0.00B,$-0.02B,inf%,$-0.02B,$0.03B,-85.33%,$-0.02B,$0.03B,-86.49%,$-0.02B,$0.04B,-60.38%,$-0.02B,$0.03B,-80.00%,$0,$0,$0,$3,$1,$4,$-4,$2,$-2,$0,$-2,$-2,$-2,$-4,$-4,$21,21,$-0.10,$-0.10,$37,$0,$0,$38,$0,$0,$0,$0,$0,$39,$3,$0,$4,$4,$7,$1,$-147,$0,$32,$39,$-2,$0,$0,$0,$0,$0,$0,$0,$0,$-3,$-0,$0,$0,$0,$0,$0,$-19,$-19,$0,$0,$0,$0,$23,$0,$0,$23,$0,$0,$0
19,2013-12-31,2.81,$0.49,5.79,0.0,0.0,$-2.34,0.0,$-0.80,0.0,$0.02B,$0.00B,6.17,$0.00B,$0.02B,0.0,$0.00B,0,nan%,$0.00B,$-0.02B,inf%,$0.00B,$-0.02B,inf%,$0.00B,$-0.02B,inf%,$0.00B,$-0.02B,inf%,$0.00B,$-0.02B,inf%,$-0.02B,$0.01B,-114.29%,$-0.02B,$0.01B,-116.13%,$-0.02B,$0.02B,-73.47%,$-0.02B,$0.01B,-114.29%,$0,$0,$0,$2,$1,$3,$-3,$-2,$-4,$0,$-4,$-5,$-5,$-3,$-3,$23,23,$-0.20,$-0.20,$18,$0,$1,$19,$1,$0,$0,$0,$0,$20,$3,$0,$5,$5,$8,$1,$-134,$1,$12,$20,$-18,$0,$1,$0,$0,$0,$0,$0,$-4,$-20,$-0,$-0,$0,$-5,$0,$0,$-6,$-6,$0,$-0,$0,$15,$16,$0,$0,$16,$-11,$1,$0
20,2013-09-30,2.19,$0.00,0.0,0.0,0.0,$-2.32,0.0,$-0.90,0.0,$0.02B,$0.00B,4.74,$0.00B,$0.01B,0.0,$0.00B,0,nan%,$0.00B,$-0.02B,inf%,$0.00B,$-0.02B,inf%,$0.00B,$-0.02B,inf%,$0.00B,$-0.02B,inf%,$0.00B,$-0.02B,inf%,$-0.02B,$0.01B,-121.21%,$-0.02B,$0.01B,-121.21%,$-0.02B,$0.02B,-78.43%,$-0.02B,$0.01B,-133.33%,$0,$0,$0,$2,$1,$3,$-3,$-2,$-5,$0,$-5,$-5,$-5,$-3,$-3,$25,25,$-0.20,$-0.20,$20,$0,$0,$21,$0,$0,$0,$1,$1,$22,$4,$0,$4,$4,$8,$1,$-139,$0,$14,$22,$-13,$0,$0,$0,$0,$0,$0,$0,$0,$-16,$-0,$0,$0,$0,$0,$0,$-5,$-5,$0,$-0,$0,$0,$14,$0,$0,$14,$-7,$0,$0
21,2013-06-30,1.62,$0.00,0.0,0.0,0.0,$-1.47,0.0,$-1.10,0.0,$0.02B,$0.01B,4.5,$0.00B,$0.02B,0.0,$0.00B,0,nan%,$0.00B,$-0.02B,inf%,$0.00B,$-0.02B,inf%,$0.00B,$-0.02B,inf%,$0.00B,$-0.02B,inf%,$0.00B,$-0.02B,inf%,$-0.02B,$0.02B,-120.00%,$-0.02B,$0.02B,-120.00%,$-0.02B,$0.03B,-77.78%,$-0.02B,$0.02B,-137.14%,$0,$0,$0,$3,$1,$5,$-5,$0,$-4,$0,$-4,$-4,$-4,$-5,$-5,$22,22,$-0.20,$-0.20,$23,$0,$0,$24,$0,$0,$0,$1,$1,$25,$5,$0,$2,$2,$8,$1,$-131,$0,$17,$25,$-8,$0,$0,$0,$0,$0,$0,$0,$0,$-11,$-0,$0,$0,$0,$0,$-6,$0,$-6,$0,$-0,$0,$0,$13,$0,$0,$13,$-5,$0,$0
22,2013-03-31,1.68,$0.00,0.0,0.0,0.0,$-1.00,0.0,$-0.92,0.0,$0.03B,$0.01B,3.89,$0.00B,$0.02B,0.0,$0.00B,0,nan%,$0.00B,$-0.02B,inf%,$0.00B,$-0.02B,inf%,$0.00B,$-0.02B,inf%,$0.00B,$-0.02B,inf%,$0.00B,$-0.02B,inf%,$-0.02B,$0.02B,-103.90%,$-0.02B,$0.02B,-103.90%,$-0.02B,$0.03B,-68.97%,$-0.02B,$0.02B,-124.68%,$0,$0,$0,$5,$1,$7,$-7,$3,$-4,$0,$-4,$-4,$-4,$-7,$-7,$18,18,$-0.20,$-0.20,$28,$0,$1,$29,$0,$0,$0,$1,$1,$31,$7,$0,$3,$3,$10,$1,$-125,$0,$20,$31,$-4,$0,$0,$0,$0,$0,$0,$0,$0,$-5,$-0,$0,$0,$0,$0,$-12,$0,$-12,$0,$-0,$0,$0,$12,$0,$0,$12,$-6,$0,$0
23,2012-12-31,2.53,$0.00,0.0,0.0,0.0,$-0.92,0.0,$-1.02,0.0,$0.02B,$0.01B,3.45,$0.00B,$0.02B,0.0,$0.00B,0,nan%,$0.00B,$-0.02B,inf%,$0.00B,$-0.02B,inf%,$0.00B,$-0.02B,inf%,$0.00B,$-0.02B,inf%,$0.00B,$-0.02B,inf%,$-0.02B,$0.02B,-98.82%,$-0.02B,$0.02B,-98.82%,$-0.02B,$0.02B,-67.74%,$-0.02B,$0.02B,-103.53%,$0,$0,$0,$5,$2,$7,$-7,$-0,$-7,$0,$-7,$-7,$-7,$-7,$-7,$24,24,$-0.30,$-0.30,$21,$0,$1,$22,$0,$0,$0,$1,$1,$24,$6,$0,$3,$3,$9,$0,$-119,$0,$15,$24,$-20,$0,$0,$0,$0,$0,$0,$0,$0,$-20,$-0,$0,$0,$0,$0,$14,$-0,$14,$0,$-0,$0,$0,$16,$0,$0,$16,$9,$0,$0
24,2012-09-30,2.63,$0.00,0.0,0.0,0.0,$-1.07,0.0,$-1.02,0.0,$0.03B,$0.01B,3.91,$0.00B,$0.02B,0.0,$0.00B,0,nan%,$0.00B,$-0.02B,inf%,$0.00B,$-0.02B,inf%,$0.00B,$-0.02B,inf%,$0.00B,$-0.01B,inf%,$0.00B,$-0.02B,inf%,$-0.02B,$0.02B,-73.91%,$-0.02B,$0.02B,-73.91%,$-0.02B,$0.03B,-52.71%,$-0.02B,$0.02B,-65.22%,$0,$0,$0,$4,$1,$5,$-5,$-1,$-6,$0,$-6,$-6,$-6,$-5,$-5,$14,14,$-0.40,$-0.40,$26,$0,$1,$26,$0,$0,$0,$1,$1,$28,$7,$0,$3,$3,$10,$0,$-107,$0,$18,$28,$-13,$0,$0,$0,$0,$0,$0,$0,$0,$-13,$17,$0,$0,$0,$0,$-13,$-0,$4,$0,$0,$-0,$0,$13,$0,$0,$13,$5,$0,$0
25,2012-06-30,2.44,$0.00,0.0,0.0,0.0,$-1.98,0.0,$-0.82,0.0,$0.03B,$0.01B,4.85,$0.00B,$0.02B,0.0,$0.00B,0,nan%,$0.00B,$-0.02B,inf%,$0.00B,$-0.02B,inf%,$0.00B,$-0.01B,inf%,$0.00B,$-0.01B,inf%,$0.00B,$-0.01B,inf%,$-0.01B,$0.02B,-51.49%,$-0.01B,$0.02B,-52.00%,$-0.01B,$0.03B,-38.81%,$-0.02B,$0.02B,-59.41%,$0,$0,$0,$4,$1,$5,$-5,$2,$-3,$0,$-3,$-3,$-3,$-5,$-5,$144,144,$-0.02,$-0.02,$31,$0,$1,$31,$0,$0,$0,$1,$1,$33,$6,$0,$3,$3,$9,$0,$-101,$0,$24,$33,$-7,$0,$0,$0,$0,$0,$0,$0,$0,$-9,$-0,$0,$0,$0,$0,$3,$-0,$3,$0,$0,$-0,$0,$13,$0,$0,$13,$8,$0,$0
