,Date,Stock Price,Book Value per Share,Price to Book Ratio,TTM Sales per Share,Price to Sales Ratio,TTM FCF per Share,Price to FCF Ratio,TTM Net EPS,PE Ratio,Current Assets,Current Liabilities,Current Ratio,Long Term Debt,Shareholder's Equity_x,Debt to Equity Ratio,TTM Revenue_x,TTM Gross Profit,Gross Margin,TTM Revenue_y,TTM Operating Income,Operating Margin,TTM Revenue_x,TTM EBIT,EBIT Margin,TTM Revenue_y,TTM EBITDA,EBITDA Margin,TTM Revenue_x,TTM Pre-Tax Income,Pre-Tax Margin,TTM Revenue_y,TTM Net Income_x,Net Margin,TTM Net Income_y,Shareholder's Equity_y,Return on Equity,TTM Net Income_x,Tangible Equity,Return on Tangible Equity,TTM Net Income_y,Total Assets,Return on Assets,TTM Net Income,LT Investments & Debt,Return on Investment,revenue,cost-goods-sold,gross-profit,research-development-expenses,selling-general-administrative-expenses,operating-expenses,operating-income,total-non-operating-income-expense,pre-tax-income,total-provision-income-taxes,income-after-taxes,income-from-continuous-operations,net-income,ebitda,ebit,basic-shares-outstanding,shares-outstanding,eps-basic-net-earnings-per-share,eps-earnings-per-share-diluted,cash-on-hand,inventory,other-current-assets,total-current-assets,net-property-plant-equipment,long-term-investments,goodwill-intangible-assets-total,other-long-term-assets,total-long-term-assets,total-assets,total-current-liabilities,long-term-debt,other-non-current-liabilities,total-long-term-liabilities,total-liabilities,common-stock-net,retained-earnings-accumulated-deficit,comprehensive-income,total-share-holder-equity,total-liabilities-share-holders-equity,net-income-loss,total-depreciation-amortization-cash-flow,other-non-cash-items,total-non-cash-items,change-in-accounts-receivable,change-in-inventories,change-in-accounts-payable,change-in-assets-liabilities,total-change-in-assets-liabilities,cash-flow-from-operating-activities,net-change-in-property-plant-equipment,net-change-in-intangible-assets,net-acquisitions-divestitures,net-change-in-short-term-investments,net-change-in-long-term-investments,net-change-in-investments-total,investing-activities-other,cash-flow-from-investing-activities,net-long-term-debt,net-current-debt,debt-issuance-retirement-net-total,net-common-equity-issued-repurchased,net-total-equity-issued-repurchased,total-common-preferred-stock-dividends-paid,financial-activities-other,cash-flow-from-financial-activities,net-cash-flow,stock-based-compensation,common-stock-dividends-paid
0,2018-09-30,20.92,$25.01,0.84,$6.44,3.25,$16.77,1.25,$0.28,74.71,$6.54B,$4.10B,1.59,$1.42B,$0.99B,1.44,$0.25B,$0.13B,49.21%,$0.25B,$0.07B,28.35%,$0.25B,0,0.00%,$0.25B,0,0.00%,$0.25B,$0.01B,4.33%,$0.25B,$0.01B,4.33%,$0.01B,$0.99B,1.07%,$0.01B,$0.99B,1.07%,$0.01B,$6.56B,0.18%,$0.07B,$2.41B,3.21%,$67,$38,$30,$0,$13,$51,$16,$-57,$-41,$0,$-41,$-41,$-41,$0,$0,$40,40,$-1.03,$-1.03,$891,$0,$0,$6539,$7,$2,$2,$11,$22,$6561,$4103,$1424,$45,$1469,$5572,$280,$445,$2,$989,$6561,$-10,$3,$-12,$-9,$-216,$0,$0,$-128,$-345,$-288,$-1,$-0,$0,$10,$-14,$-5,$0,$-6,$285,$205,$490,$1,$1,$-46,$0,$445,$146,$1,$-46
1,2018-06-30,24.22,$26.42,0.92,$6.22,3.9,$47.58,0.51,$1.83,13.24,$6.30B,$4.07B,1.55,$1.17B,$1.05B,1.12,$0.25B,$0.13B,51.43%,$0.25B,$0.08B,31.43%,$0.25B,0,0.00%,$0.25B,0,0.00%,$0.25B,$0.07B,29.39%,$0.25B,$0.07B,29.39%,$0.07B,$1.05B,6.91%,$0.07B,$1.04B,6.94%,$0.07B,$6.33B,1.17%,$0.08B,$2.22B,3.44%,$64,$34,$30,$0,$11,$45,$18,$-2,$17,$0,$17,$17,$17,$0,$0,$40,40,$0.42,$0.42,$783,$0,$0,$6298,$7,$4,$5,$18,$33,$6331,$4067,$1170,$47,$1217,$5284,$280,$486,$2,$1047,$6331,$31,$1,$-38,$-37,$-52,$0,$0,$74,$22,$64,$-0,$-7,$0,$-11,$5,$-6,$0,$-13,$31,$-24,$7,$4,$4,$-31,$0,$-20,$30,$0,$-31
2,2018-03-31,27.65,$26.47,1.04,$6.16,4.49,$72.33,0.38,$1.85,14.95,$5.83B,$3.66B,1.59,$1.12B,$1.05B,1.07,$0.24B,$0.13B,53.72%,$0.24B,$0.08B,33.47%,$0.24B,0,0.00%,$0.24B,0,0.00%,$0.24B,$0.07B,29.75%,$0.24B,$0.07B,29.75%,$0.07B,$1.05B,6.95%,$0.07B,$1.04B,6.97%,$0.07B,$5.88B,1.16%,$0.08B,$2.17B,3.50%,$61,$31,$30,$0,$14,$45,$16,$-1,$14,$0,$14,$14,$14,$0,$0,$39,39,$0.37,$0.37,$653,$0,$0,$5829,$7,$0,$5,$34,$46,$5875,$3662,$1124,$42,$1166,$4828,$280,$481,$4,$1047,$5875,$14,$1,$-46,$-46,$281,$0,$0,$-77,$205,$197,$-0,$-0,$0,$2,$0,$2,$0,$1,$-15,$-246,$-261,$3,$3,$-15,$0,$-274,$-75,$0,$-15
3,2017-12-31,25.77,$26.45,0.97,$6.22,4.15,$84.91,0.3,$2.08,12.39,$6.22B,$4.02B,1.55,$1.14B,$1.04B,1.09,$0.24B,$0.14B,56.56%,$0.24B,$0.09B,37.70%,$0.24B,0,0.00%,$0.24B,0,0.00%,$0.24B,$0.08B,33.20%,$0.24B,$0.08B,33.20%,$0.08B,$1.04B,7.87%,$0.08B,$1.04B,7.89%,$0.08B,$6.27B,1.25%,$0.09B,$2.18B,3.64%,$62,$28,$35,$0,$12,$41,$22,$-1,$21,$0,$21,$21,$21,$0,$0,$39,39,$0.53,$0.52,$766,$0,$0,$6223,$7,$5,$5,$27,$45,$6268,$4024,$1139,$62,$1201,$5225,$280,$480,$2,$1043,$6268,$82,$2,$-134,$-132,$479,$0,$0,$130,$609,$691,$-3,$-3,$0,$35,$-18,$17,$0,$11,$-638,$-397,$-1035,$5,$5,$-61,$0,$-1091,$-389,$0,$-61
4,2017-09-30,27.82,$26.21,1.06,$6.34,4.39,$88.45,0.31,$1.90,14.64,$6.15B,$3.76B,1.63,$1.36B,$1.03B,1.32,$0.25B,$0.15B,58.63%,$0.25B,$0.10B,40.56%,$0.25B,0,0.00%,$0.25B,0,0.00%,$0.25B,$0.07B,29.32%,$0.25B,$0.07B,29.32%,$0.07B,$1.03B,7.15%,$0.07B,$1.03B,7.17%,$0.07B,$6.20B,1.09%,$0.10B,$2.39B,3.77%,$58,$27,$31,$0,$9,$37,$21,$-1,$20,$0,$20,$20,$20,$0,$0,$39,39,$0.52,$0.52,$887,$0,$0,$6150,$8,$0,$2,$40,$50,$6200,$3763,$1358,$47,$1405,$5168,$280,$604,$-2,$1032,$6200,$61,$2,$-118,$-116,$676,$0,$0,$200,$877,$926,$-1,$-0,$0,$29,$-8,$21,$0,$20,$-419,$-733,$-1152,$3,$3,$-45,$0,$-1194,$-251,$-0,$-45
5,2017-06-30,25.5,$26.02,0.98,$6.55,3.89,$83.97,0.3,$2.09,12.2,$6.32B,$3.86B,1.64,$1.49B,$1.02B,1.45,$0.26B,$0.16B,61.48%,$0.26B,$0.11B,43.58%,$0.26B,0,0.00%,$0.26B,0,0.00%,$0.26B,$0.08B,31.52%,$0.26B,$0.08B,31.52%,$0.08B,$1.02B,7.97%,$0.08B,$1.02B,7.99%,$0.08B,$6.42B,1.16%,$0.11B,$2.51B,4.01%,$61,$27,$34,$0,$12,$39,$22,$-4,$17,$0,$17,$17,$17,$0,$0,$39,39,$0.44,$0.44,$836,$0,$0,$6322,$8,$63,$3,$26,$100,$6422,$3859,$1486,$54,$1539,$5398,$280,$598,$-3,$1024,$6422,$41,$1,$-79,$-78,$450,$0,$0,$553,$1003,$1037,$-0,$-0,$0,$0,$29,$29,$0,$29,$-291,$-983,$-1274,$2,$2,$-30,$0,$-1302,$-237,$1,$-30
6,2017-03-31,25.49,$25.97,0.98,$6.70,3.8,$74.66,0.34,$2.22,11.48,$6.97B,$3.96B,1.76,$2.00B,$1.02B,1.97,$0.26B,$0.17B,63.88%,$0.26B,$0.12B,47.15%,$0.26B,0,0.00%,$0.26B,0,0.00%,$0.26B,$0.09B,32.70%,$0.26B,$0.09B,32.70%,$0.09B,$1.02B,8.53%,$0.09B,$1.02B,8.55%,$0.09B,$7.07B,1.18%,$0.12B,$3.02B,4.24%,$63,$25,$38,$0,$11,$36,$27,$-3,$23,$0,$23,$23,$23,$0,$0,$39,39,$0.60,$0.60,$1298,$0,$0,$6965,$8,$66,$3,$25,$102,$7067,$3964,$2003,$81,$2084,$6048,$280,$596,$-4,$1019,$7067,$23,$1,$-31,$-31,$281,$0,$0,$378,$660,$691,$-0,$0,$0,$18,$0,$18,$0,$17,$226,$-709,$-482,$0,$0,$-15,$0,$-497,$211,$0,$-15
7,2016-12-31,26.67,$25.83,1.03,$6.60,4.04,$68.18,0.39,$2.22,12.02,$7.15B,$4.31B,1.66,$1.78B,$1.01B,1.76,$0.26B,$0.17B,64.48%,$0.26B,$0.12B,47.10%,$0.26B,0,0.00%,$0.26B,0,0.00%,$0.26B,$0.09B,33.20%,$0.26B,$0.09B,33.20%,$0.09B,$1.01B,8.61%,$0.09B,$1.01B,8.62%,$0.09B,$7.18B,1.16%,$0.12B,$2.79B,4.24%,$67,$24,$43,$0,$12,$36,$31,$-18,$13,$0,$13,$13,$13,$0,$0,$39,39,$0.34,$0.34,$1177,$0,$0,$7148,$9,$0,$3,$21,$32,$7181,$4309,$1777,$84,$1861,$6169,$280,$588,$-3,$1011,$7181,$87,$2,$-95,$-93,$650,$0,$0,$30,$680,$829,$-4,$-3,$0,$265,$-109,$156,$0,$149,$-105,$-1074,$-1179,$2,$2,$-60,$0,$-1238,$-260,$3,$-60
8,2016-09-30,25.18,$25.94,0.97,$6.53,3.86,$57.84,0.44,$2.47,10.19,$7.14B,$4.38B,1.63,$1.83B,$1.01B,1.81,$0.26B,$0.17B,65.63%,$0.26B,$0.12B,47.27%,$0.26B,0,0.00%,$0.26B,0,0.00%,$0.26B,$0.10B,37.50%,$0.26B,$0.10B,37.50%,$0.10B,$1.01B,9.70%,$0.10B,$1.01B,9.71%,$0.10B,$7.29B,1.24%,$0.12B,$2.84B,4.18%,$66,$23,$43,$0,$11,$34,$32,$-4,$28,$0,$28,$28,$28,$0,$0,$39,39,$0.72,$0.71,$811,$0,$0,$7136,$7,$89,$3,$53,$151,$7287,$4384,$1831,$61,$1893,$6276,$280,$589,$-4,$1011,$7287,$74,$1,$-116,$-115,$299,$0,$0,$368,$666,$747,$-2,$-3,$0,$114,$0,$114,$0,$109,$-50,$-1311,$-1361,$2,$2,$-45,$0,$-1405,$-548,$2,$-45
9,2016-06-30,23.34,$25.38,0.92,$6.64,3.51,$54.32,0.43,$2.62,8.91,$7.58B,$4.53B,1.67,$2.05B,$0.99B,2.06,$0.26B,$0.18B,67.82%,$0.26B,$0.13B,49.04%,$0.26B,0,0.00%,$0.26B,0,0.00%,$0.26B,$0.11B,40.23%,$0.26B,$0.11B,40.23%,$0.11B,$0.99B,10.74%,$0.11B,$0.99B,10.74%,$0.11B,$7.63B,1.33%,$0.13B,$3.04B,4.46%,$67,$22,$44,$0,$10,$32,$34,$-12,$22,$0,$22,$22,$22,$0,$0,$39,39,$0.57,$0.57,$1124,$0,$0,$7581,$5,$0,$0,$47,$52,$7634,$4533,$2047,$61,$2108,$6641,$280,$576,$-8,$992,$7634,$46,$1,$-69,$-68,$171,$0,$0,$445,$616,$668,$-0,$-0,$0,$70,$0,$70,$0,$70,$165,$-1235,$-1069,$0,$0,$-30,$0,$-1099,$-361,$1,$-30
10,2016-03-31,21.02,$27.22,0.77,$6.32,3.32,$52.66,0.4,$2.57,8.18,$7.51B,$4.77B,1.57,$1.86B,$0.98B,1.89,$0.25B,$0.17B,68.15%,$0.25B,$0.12B,47.18%,$0.25B,0,0.00%,$0.25B,0,0.00%,$0.25B,$0.10B,39.11%,$0.25B,$0.10B,39.11%,$0.10B,$0.98B,10.03%,$0.10B,$0.98B,10.03%,$0.10B,$7.67B,1.20%,$0.12B,$2.85B,4.26%,$59,$22,$37,$0,$12,$34,$25,$-1,$23,$0,$23,$23,$23,$0,$0,$39,39,$0.60,$0.60,$995,$0,$0,$7505,$6,$108,$0,$51,$165,$7670,$4768,$1862,$57,$1919,$6687,$280,$569,$-9,$983,$7670,$23,$0,$-51,$-50,$158,$0,$0,$262,$419,$434,$0,$-0,$0,$66,$-125,$-59,$0,$-59,$-13,$-901,$-914,$0,$0,$15,$0,$-899,$-524,$1,$15
11,2015-12-31,22.11,$24.94,0.89,$6.37,3.47,$48.17,0.46,$2.71,8.16,$8.26B,$5.37B,1.54,$1.88B,$0.97B,1.94,$0.25B,$0.17B,69.88%,$0.25B,$0.12B,48.59%,$0.25B,0,0.00%,$0.25B,0,0.00%,$0.25B,$0.10B,41.77%,$0.25B,$0.10B,41.77%,$0.10B,$0.97B,10.87%,$0.10B,$0.97B,10.87%,$0.10B,$8.29B,1.28%,$0.12B,$2.85B,4.66%,$64,$20,$44,$0,$13,$33,$30,$-7,$23,$0,$23,$23,$23,$0,$0,$39,39,$0.59,$0.58,$1603,$0,$0,$8256,$6,$0,$0,$23,$30,$8286,$5373,$1882,$60,$1942,$7314,$280,$561,$-11,$972,$8286,$104,$2,$-127,$-125,$-7,$0,$0,$297,$289,$419,$-1,$0,$0,$131,$0,$131,$0,$130,$484,$-449,$35,$1,$1,$-60,$0,$-24,$526,$3,$-60
12,2015-09-30,19.46,$24.68,0.79,$6.58,2.96,$30.60,0.64,$3.05,6.38,$7.60B,$5.20B,1.46,$1.79B,$0.96B,1.86,$0.26B,$0.18B,71.60%,$0.26B,$0.13B,50.58%,$0.26B,0,0.00%,$0.26B,0,0.00%,$0.26B,$0.11B,43.97%,$0.26B,$0.11B,44.36%,$0.11B,$0.96B,12.11%,$0.11B,$0.96B,12.11%,$0.11B,$7.99B,1.41%,$0.13B,$2.75B,5.29%,$71,$19,$52,$0,$12,$32,$39,$-2,$37,$0,$37,$37,$37,$0,$0,$39,39,$0.96,$0.96,$905,$0,$0,$7602,$7,$350,$0,$35,$392,$7993,$5198,$1790,$43,$1833,$7032,$280,$563,$-19,$962,$7993,$81,$2,$-139,$-137,$-56,$0,$0,$593,$538,$606,$-0,$0,$0,$189,$-88,$101,$0,$101,$382,$-931,$-549,$1,$1,$-30,$0,$-577,$129,$2,$-30
13,2015-06-30,26.69,$24.39,1.09,$6.27,4.25,$18.38,1.45,$2.87,9.3,$7.86B,$5.67B,1.39,$1.59B,$0.95B,1.67,$0.24B,$0.17B,70.90%,$0.24B,$0.12B,48.36%,$0.24B,0,0.00%,$0.24B,0,0.00%,$0.24B,$0.10B,42.21%,$0.24B,$0.10B,42.62%,$0.10B,$0.95B,11.21%,$0.10B,$0.95B,11.21%,$0.10B,$8.31B,1.30%,$0.12B,$2.54B,5.01%,$54,$18,$36,$0,$12,$31,$23,$-10,$14,$0,$14,$14,$14,$0,$0,$39,39,$0.35,$0.35,$992,$0,$0,$7862,$7,$402,$0,$36,$446,$8308,$5665,$1590,$102,$1692,$7357,$280,$544,$-11,$950,$8308,$43,$1,$-75,$-74,$-225,$0,$0,$776,$551,$601,$-0,$0,$0,$45,$0,$45,$0,$44,$185,$-584,$-399,$1,$1,$-30,$0,$-428,$218,$1,$-30
14,2015-03-31,26.86,$24.20,1.11,$6.31,4.26,$4.93,5.45,$2.88,9.33,$7.47B,$5.68B,1.32,$1.29B,$0.94B,1.37,$0.25B,$0.17B,71.02%,$0.25B,$0.12B,47.35%,$0.25B,0,0.00%,$0.25B,0,0.00%,$0.25B,$0.11B,44.90%,$0.25B,$0.11B,44.90%,$0.11B,$0.94B,12.03%,$0.11B,$0.94B,12.03%,$0.11B,$7.96B,1.40%,$0.12B,$2.23B,5.00%,$60,$18,$42,$0,$13,$31,$29,$1,$30,$0,$30,$30,$30,$0,$0,$39,39,$0.77,$0.77,$945,$0,$0,$7470,$8,$451,$0,$27,$486,$7955,$5677,$1288,$48,$1337,$7014,$280,$539,$-14,$942,$7955,$30,$1,$-51,$-50,$117,$0,$0,$113,$231,$256,$-0,$0,$0,$59,$-58,$1,$0,$1,$-117,$51,$-66,$1,$1,$-15,$0,$-79,$178,$1,$-15
15,2014-12-31,24.66,$23.49,1.05,$6.16,4.0,$-0.81,0.0,$2.75,8.97,$7.94B,$5.63B,1.41,$1.40B,$0.91B,1.54,$0.24B,$0.17B,70.71%,$0.24B,$0.11B,46.03%,$0.24B,0,0.00%,$0.24B,0,0.00%,$0.24B,$0.10B,43.10%,$0.24B,$0.10B,43.51%,$0.10B,$0.91B,11.55%,$0.10B,$0.91B,11.56%,$0.10B,$8.02B,1.36%,$0.11B,$2.31B,4.80%,$72,$18,$54,$0,$14,$32,$39,$0,$32,$0,$32,$32,$33,$0,$0,$39,39,$0.81,$0.81,$1177,$0,$0,$7939,$7,$55,$1,$20,$83,$8022,$5629,$1400,$83,$1483,$7111,$280,$502,$-8,$911,$8022,$102,$2,$-96,$-93,$-536,$0,$0,$125,$-411,$-267,$-0,$-0,$0,$-22,$0,$-22,$0,$-23,$252,$2,$253,$1,$1,$-54,$0,$200,$-89,$3,$-54
16,2014-09-30,24.54,$23.44,1.05,$5.70,4.31,$7.45,3.29,$2.44,10.06,$7.31B,$5.41B,1.35,$1.43B,$0.91B,1.57,$0.22B,$0.15B,67.73%,$0.22B,$0.09B,41.82%,$0.22B,0,0.00%,$0.22B,0,0.00%,$0.22B,$0.09B,41.82%,$0.22B,$0.10B,43.18%,$0.10B,$0.91B,10.71%,$0.10B,$0.91B,10.71%,$0.10B,$7.80B,1.26%,$0.09B,$2.34B,4.16%,$58,$18,$41,$0,$13,$32,$27,$0,$27,$0,$27,$27,$27,$0,$0,$39,39,$0.69,$0.68,$647,$0,$0,$7314,$9,$454,$0,$19,$482,$7796,$5410,$1427,$49,$1476,$6887,$280,$502,$-8,$909,$7796,$70,$2,$30,$32,$-3,$0,$6,$22,$25,$127,$-0,$0,$0,$-5,$-32,$-37,$-556,$-593,$273,$-724,$-451,$1,$1,$-41,$759,$268,$-197,$2,$-41
17,2014-06-30,23.46,$23.18,1.01,$5.65,4.16,$4.96,4.73,$2.35,9.98,$7.22B,$5.25B,1.38,$1.50B,$0.90B,1.67,$0.22B,$0.15B,66.51%,$0.22B,$0.09B,38.99%,$0.22B,0,0.00%,$0.22B,0,0.00%,$0.22B,$0.09B,38.99%,$0.22B,$0.09B,41.74%,$0.09B,$0.90B,10.42%,$0.09B,$0.90B,10.43%,$0.09B,$7.68B,1.22%,$0.09B,$2.40B,3.99%,$55,$18,$37,$0,$16,$34,$21,$0,$21,$0,$21,$21,$20,$0,$0,$39,39,$0.54,$0.53,$749,$0,$0,$7217,$9,$429,$0,$24,$462,$7679,$5247,$1500,$36,$1536,$6783,$280,$489,$-6,$896,$7679,$44,$4,$2,$6,$-0,$0,$0,$25,$25,$75,$-0,$0,$0,$-2,$-2,$-5,$-308,$-313,$346,$-785,$-439,$-0,$-0,$-27,$612,$146,$-92,$1,$-27
18,2014-03-31,20.6,$22.90,0.9,$5.68,3.63,$3.20,6.44,$2.39,8.62,$6.68B,$4.99B,1.34,$1.23B,$0.89B,1.39,$0.22B,$0.14B,65.30%,$0.22B,$0.09B,39.73%,$0.22B,0,0.00%,$0.22B,0,0.00%,$0.22B,$0.09B,39.73%,$0.22B,$0.09B,42.47%,$0.09B,$0.89B,10.82%,$0.09B,$0.89B,10.83%,$0.09B,$7.18B,1.26%,$0.09B,$2.12B,4.38%,$54,$18,$37,$0,$13,$31,$23,$0,$23,$0,$23,$23,$24,$0,$0,$39,39,$0.61,$0.61,$584,$0,$0,$6675,$10,$471,$0,$23,$504,$7179,$4985,$1231,$28,$1309,$6293,$280,$482,$-9,$885,$7179,$23,$2,$2,$4,$3,$0,$4,$-1,$6,$33,$-0,$0,$0,$-2,$18,$16,$50,$66,$77,$-569,$-492,$-0,$-0,$-13,$149,$-356,$-258,$0,$-13
19,2013-12-31,21.58,$22.27,0.97,$5.59,3.86,$2.01,10.76,$2.21,9.76,$7.36B,$5.37B,1.37,$1.15B,$0.86B,1.34,$0.22B,$0.13B,62.33%,$0.22B,$0.08B,37.21%,$0.22B,0,0.00%,$0.22B,0,0.00%,$0.22B,$0.08B,37.21%,$0.22B,$0.09B,39.53%,$0.09B,$0.86B,10.01%,$0.09B,$0.86B,10.01%,$0.09B,$7.42B,1.17%,$0.08B,$2.01B,3.86%,$53,$19,$34,$0,$12,$32,$21,$0,$21,$0,$21,$21,$24,$0,$0,$38,39,$0.62,$0.62,$1243,$0,$0,$7356,$8,$34,$2,$19,$63,$7418,$5368,$1149,$43,$1191,$6559,$280,$455,$-10,$859,$7418,$81,$8,$8,$16,$-3,$0,$-4,$-35,$-42,$55,$-0,$0,$0,$5,$-173,$-167,$-434,$-602,$-752,$1384,$632,$4,$4,$-46,$95,$685,$138,$3,$-46
20,2013-09-30,18.98,$22.17,0.86,$5.74,3.3,$3.09,6.14,$2.23,8.51,$7.09B,$5.54B,1.28,$1.14B,$0.85B,1.33,$0.22B,$0.13B,60.45%,$0.22B,$0.08B,38.18%,$0.22B,0,0.00%,$0.22B,0,0.00%,$0.22B,$0.08B,38.18%,$0.22B,$0.09B,39.09%,$0.09B,$0.85B,10.23%,$0.09B,$0.85B,10.23%,$0.09B,$7.61B,1.21%,$0.08B,$1.99B,3.73%,$56,$19,$37,$0,$16,$36,$20,$0,$20,$0,$20,$20,$23,$0,$0,$38,39,$0.59,$0.59,$891,$0,$0,$7091,$11,$486,$0,$25,$523,$7613,$5537,$1138,$33,$1223,$6760,$280,$460,$-17,$853,$7613,$59,$6,$8,$14,$-1,$0,$2,$-44,$-43,$30,$-0,$0,$0,$1,$-164,$-164,$-478,$-642,$-767,$1046,$279,$3,$3,$-34,$548,$796,$184,$2,$-34
21,2013-06-30,16.85,$21.87,0.77,$5.59,3.01,$4.20,4.02,$1.98,8.51,$6.71B,$5.32B,1.26,$0.99B,$0.84B,1.18,$0.21B,$0.12B,57.48%,$0.21B,$0.08B,35.98%,$0.21B,0,0.00%,$0.21B,0,0.00%,$0.21B,$0.08B,35.98%,$0.21B,$0.08B,35.51%,$0.08B,$0.84B,9.14%,$0.08B,$0.84B,9.14%,$0.08B,$7.24B,1.12%,$0.08B,$1.83B,3.13%,$56,$22,$35,$0,$11,$33,$23,$0,$23,$0,$23,$23,$22,$0,$0,$38,39,$0.57,$0.56,$626,$0,$0,$6711,$12,$499,$0,$20,$531,$7243,$5319,$993,$34,$1083,$6402,$280,$449,$-17,$840,$7243,$39,$4,$12,$16,$-2,$0,$-3,$-44,$-49,$7,$-0,$0,$0,$-1,$-168,$-169,$-317,$-486,$-913,$823,$-90,$3,$3,$-23,$507,$397,$-82,$2,$-23
22,2013-03-31,18.38,$22.02,0.83,$5.73,3.21,$5.55,3.31,$2.02,9.1,$6.40B,$4.40B,1.45,$1.62B,$0.85B,1.91,$0.22B,$0.13B,58.45%,$0.22B,$0.08B,35.16%,$0.22B,0,0.00%,$0.22B,0,0.00%,$0.22B,$0.08B,35.16%,$0.22B,$0.08B,35.16%,$0.08B,$0.85B,9.35%,$0.08B,$0.85B,9.35%,$0.08B,$6.89B,1.17%,$0.08B,$2.46B,2.83%,$50,$22,$28,$0,$11,$34,$16,$0,$16,$0,$16,$16,$16,$0,$0,$38,38,$0.43,$0.43,$586,$0,$0,$6397,$12,$444,$0,$40,$496,$6894,$4403,$1618,$25,$1645,$6048,$280,$438,$-1,$845,$6894,$16,$2,$-9,$-7,$2,$0,$6,$-30,$-22,$-13,$-0,$0,$-0,$8,$-124,$-116,$-135,$-251,$-288,$170,$-118,$2,$2,$-11,$273,$146,$-118,$1,$-11
23,2012-12-31,15.81,$21.67,0.73,$6.03,2.62,$6.26,2.53,$2.45,6.45,$6.39B,$3.98B,1.61,$1.91B,$0.83B,2.31,$0.23B,$0.14B,61.74%,$0.23B,$0.09B,40.87%,$0.23B,0,0.00%,$0.23B,0,0.00%,$0.23B,$0.09B,40.87%,$0.23B,$0.09B,40.43%,$0.09B,$0.83B,11.52%,$0.09B,$0.83B,11.52%,$0.09B,$6.76B,1.47%,$0.09B,$2.73B,3.49%,$58,$25,$33,$0,$7,$33,$25,$0,$25,$0,$25,$25,$25,$0,$0,$38,38,$0.65,$0.64,$712,$0,$0,$6387,$13,$323,$0,$34,$370,$6756,$3976,$1906,$45,$1954,$5930,$280,$422,$-1,$826,$6756,$93,$5,$-70,$-64,$0,$0,$6,$62,$68,$97,$-3,$0,$-0,$39,$222,$262,$-763,$-504,$418,$-93,$325,$13,$13,$-40,$11,$310,$-97,$2,$-40
24,2012-09-30,15.98,$21.34,0.75,$6.19,2.58,$8.53,1.87,$2.48,6.44,$5.98B,$3.48B,1.72,$2.01B,$0.81B,2.47,$0.24B,$0.16B,65.96%,$0.24B,$0.09B,40.00%,$0.24B,0,0.00%,$0.24B,0,0.00%,$0.24B,$0.09B,40.00%,$0.24B,$0.09B,39.57%,$0.09B,$0.81B,11.76%,$0.09B,$0.81B,11.76%,$0.09B,$6.35B,1.49%,$0.09B,$2.83B,3.66%,$50,$23,$27,$0,$13,$37,$13,$0,$13,$0,$13,$13,$13,$0,$0,$38,38,$0.34,$0.34,$545,$0,$0,$5983,$12,$321,$0,$36,$369,$6352,$3480,$2011,$43,$2058,$5538,$280,$411,$-1,$814,$6352,$69,$4,$-61,$-57,$2,$0,$13,$47,$62,$74,$-1,$0,$0,$36,$234,$270,$-537,$-268,$524,$-611,$-87,$13,$13,$-28,$28,$-74,$-268,$2,$-28
25,2012-06-30,15.32,$21.29,0.72,$6.00,2.55,$10.01,1.53,$2.58,5.94,$5.86B,$3.28B,1.79,$2.06B,$0.81B,2.55,$0.23B,$0.16B,68.58%,$0.23B,$0.10B,42.92%,$0.23B,0,0.00%,$0.23B,0,0.00%,$0.23B,$0.10B,42.92%,$0.23B,$0.10B,42.48%,$0.10B,$0.81B,12.46%,$0.10B,$0.81B,12.46%,$0.10B,$6.23B,1.54%,$0.10B,$2.86B,4.03%,$61,$21,$40,$0,$16,$37,$23,$0,$23,$0,$23,$23,$23,$0,$0,$38,38,$0.61,$0.61,$739,$0,$0,$5860,$12,$324,$0,$30,$367,$6227,$3277,$2056,$83,$2142,$5419,$280,$407,$-1,$808,$6227,$56,$3,$-9,$-6,$1,$0,$7,$2,$10,$59,$-1,$0,$0,$25,$237,$263,$-216,$46,$568,$-822,$-254,$10,$10,$-19,$72,$-191,$-86,$1,$-19
26,2012-03-31,14.91,$0.00,0.0,$5.74,2.6,$10.60,1.41,$2.67,5.58,$5.60B,$3.60B,1.56,$1.57B,$0.78B,2.01,$0.21B,$0.15B,71.03%,$0.21B,$0.10B,46.73%,$0.21B,0,0.00%,$0.21B,0,0.00%,$0.21B,$0.10B,46.73%,$0.21B,$0.10B,46.26%,$0.10B,$0.78B,13.18%,$0.10B,$0.78B,13.18%,$0.10B,$6.03B,1.62%,$0.10B,$2.35B,4.42%,$61,$19,$42,$0,$9,$28,$33,$0,$33,$0,$33,$33,$32,$0,$0,$37,38,$0.86,$0.86,$549,$0,$0,$5597,$6,$396,$0,$30,$432,$6030,$3598,$1568,$75,$1649,$5248,$280,$386,$0,$782,$6030,$32,$2,$-22,$-21,$-1,$0,$4,$-1,$2,$14,$-0,$0,$0,$38,$169,$207,$-140,$67,$80,$-513,$-433,$6,$6,$-9,$91,$-345,$-264,$1,$-9
27,2011-12-31,11.18,$20.45,0.55,$5.31,2.11,$10.76,1.04,$2.25,4.97,$5.77B,$4.02B,1.43,$1.49B,$0.76B,1.96,$0.20B,$0.14B,72.08%,$0.20B,$0.08B,42.64%,$0.20B,0,0.00%,$0.20B,0,0.00%,$0.20B,$0.08B,42.64%,$0.20B,$0.08B,42.13%,$0.08B,$0.76B,11.33%,$0.08B,$0.76B,11.33%,$0.08B,$6.36B,1.40%,$0.08B,$2.25B,3.91%,$63,$17,$46,$0,$21,$38,$25,$0,$25,$0,$25,$25,$25,$0,$0,$37,37,$0.67,$0.66,$864,$0,$0,$5768,$7,$563,$0,$23,$593,$6360,$4022,$1488,$85,$1578,$5601,$280,$373,$-3,$759,$6360,$84,$9,$21,$30,$-7,$0,$2,$72,$67,$180,$-2,$0,$-0,$-38,$-74,$-112,$-892,$-1006,$412,$340,$753,$4,$4,$-30,$469,$1196,$369,$2,$-30
28,2011-09-30,10.48,$0.00,0.0,$5.03,2.08,$7.83,1.34,$2.00,5.24,$5.69B,$4.04B,1.41,$1.43B,$0.73B,1.96,$0.19B,$0.14B,73.12%,$0.19B,$0.07B,39.78%,$0.19B,0,0.00%,$0.19B,0,0.00%,$0.19B,$0.07B,39.78%,$0.19B,$0.07B,39.78%,$0.07B,$0.73B,10.32%,$0.07B,$0.73B,10.32%,$0.07B,$6.29B,1.32%,$0.07B,$2.17B,3.64%,$41,$14,$27,$0,$11,$25,$16,$0,$16,$0,$16,$16,$16,$0,$0,$37,37,$0.44,$0.44,$611,$0,$0,$5689,$7,$580,$0,$18,$605,$6293,$4036,$1434,$85,$1524,$5561,$280,$355,$-13,$732,$6293,$59,$7,$12,$19,$-2,$0,$2,$48,$48,$126,$-2,$0,$0,$-34,$-79,$-113,$-994,$-1109,$359,$96,$455,$4,$4,$-22,$661,$1097,$114,$2,$-22
29,2011-06-30,11.79,$0.00,0.0,$4.59,2.57,$4.47,2.64,$1.97,5.99,$5.10B,$3.45B,1.48,$1.55B,$0.73B,2.12,$0.17B,$0.12B,71.76%,$0.17B,$0.07B,42.94%,$0.17B,0,0.00%,$0.17B,0,0.00%,$0.17B,$0.07B,42.94%,$0.17B,$0.07B,42.94%,$0.07B,$0.73B,10.33%,$0.07B,$0.73B,10.34%,$0.07B,$5.81B,1.39%,$0.07B,$2.28B,3.81%,$49,$12,$37,$0,$10,$23,$26,$0,$26,$0,$26,$26,$26,$0,$0,$37,37,$0.70,$0.69,$379,$0,$0,$5103,$7,$683,$0,$15,$705,$5807,$3451,$1548,$73,$1626,$5076,$280,$346,$-3,$731,$5807,$43,$5,$-7,$-2,$-1,$0,$0,$41,$40,$80,$-1,$0,$0,$10,$-151,$-140,$-711,$-853,$473,$-8,$465,$3,$3,$-15,$249,$703,$-70,$1,$-15
30,2011-03-31,11.75,$0.00,0.0,$4.04,2.91,$2.35,5.01,$1.32,8.9,$4.70B,$3.32B,1.42,$1.20B,$0.71B,1.69,$0.15B,$0.10B,69.13%,$0.15B,$0.05B,30.87%,$0.15B,0,0.00%,$0.15B,0,0.00%,$0.15B,$0.05B,30.87%,$0.15B,$0.05B,32.89%,$0.05B,$0.71B,7.08%,$0.05B,$0.71B,7.09%,$0.05B,$5.30B,1.00%,$0.05B,$1.91B,2.47%,$44,$11,$32,$0,$15,$27,$17,$0,$17,$0,$17,$17,$16,$0,$0,$37,37,$0.44,$0.44,$373,$0,$0,$4701,$6,$581,$0,$13,$600,$5301,$3323,$1196,$65,$1270,$4593,$280,$328,$-4,$709,$5301,$17,$2,$-8,$-5,$3,$0,$-1,$6,$8,$20,$-1,$0,$0,$10,$-38,$-27,$-321,$-349,$121,$39,$161,$1,$1,$-7,$77,$231,$-98,$0,$-7
31,2010-12-31,12.29,$18.99,0.65,$3.69,3.33,$1.83,6.71,$1.16,10.59,$4.53B,$3.22B,1.41,$1.08B,$0.70B,1.54,$0.14B,$0.09B,66.91%,$0.14B,$0.04B,28.68%,$0.14B,0,0.00%,$0.14B,0,0.00%,$0.14B,$0.04B,28.68%,$0.14B,$0.04B,31.62%,$0.04B,$0.70B,6.28%,$0.04B,$0.70B,6.28%,$0.04B,$5.10B,0.94%,$0.04B,$1.77B,2.05%,$52,$12,$40,$0,$24,$37,$15,$0,$15,$0,$15,$15,$16,$0,$0,$37,37,$0.42,$0.42,$487,$0,$0,$4527,$7,$554,$0,$13,$573,$5100,$3222,$1075,$86,$1181,$4403,$280,$320,$-6,$697,$5100,$40,$10,$-11,$-1,$-6,$0,$-1,$37,$31,$69,$-1,$0,$-0,$7,$58,$65,$-1289,$-1226,$-315,$961,$646,$1,$1,$-23,$551,$1175,$19,$2,$-23
32,2010-09-30,9.51,$0.00,0.0,$2.80,3.39,$0.41,23.26,$1.06,8.98,$4.11B,$3.00B,1.37,$1.03B,$0.69B,1.49,$0.10B,$0.06B,55.34%,$0.10B,$0.04B,34.95%,$0.10B,0,0.00%,$0.10B,0,0.00%,$0.10B,$0.04B,34.95%,$0.10B,$0.04B,37.86%,$0.04B,$0.69B,5.74%,$0.04B,$0.69B,5.74%,$0.04B,$4.86B,0.91%,$0.04B,$1.72B,1.82%,$25,$12,$13,$0,$-3,$9,$15,$0,$15,$0,$15,$15,$15,$0,$0,$37,37,$0.41,$0.41,$414,$0,$0,$4114,$7,$728,$0,$13,$748,$4861,$3003,$1028,$115,$1169,$4172,$280,$312,$-5,$689,$4861,$0,$0,$0,$0,$0,$0,$0,$0,$0,$0,$0,$0,$0,$0,$0,$0,$0,$0,$0,$0,$0,$0,$0,$0,$0,$0,$0,$0,$0
33,2010-06-30,8.13,$0.00,0.0,$3.26,2.5,$0.41,19.87,$1.08,7.53,$3.73B,$2.22B,1.68,$1.37B,$0.67B,2.04,$0.12B,$0.07B,57.14%,$0.12B,$0.04B,31.09%,$0.12B,0,0.00%,$0.12B,0,0.00%,$0.12B,$0.04B,31.09%,$0.12B,$0.04B,33.61%,$0.04B,$0.67B,5.93%,$0.04B,$0.67B,5.94%,$0.04B,$4.41B,1.00%,$0.04B,$2.04B,1.82%,$28,$11,$18,$0,$18,$29,$-1,$0,$-1,$0,$-1,$-1,$2,$0,$0,$37,37,$0.05,$0.05,$671,$0,$0,$3733,$7,$663,$0,$11,$681,$4412,$2219,$1370,$111,$1522,$3740,$280,$302,$-11,$673,$4412,$0,$0,$0,$0,$0,$0,$0,$0,$0,$0,$0,$0,$0,$0,$0,$0,$0,$0,$0,$0,$0,$0,$0,$0,$0,$0,$0,$0,$0
34,2010-03-31,9.25,$0.00,0.0,$3.83,2.41,$0.41,22.62,$1.32,7.01,$3.28B,$1.75B,1.88,$1.39B,$0.68B,2.05,$0.14B,$0.08B,55.32%,$0.14B,$0.05B,34.75%,$0.14B,0,0.00%,$0.14B,0,0.00%,$0.14B,$0.05B,34.75%,$0.14B,$0.05B,34.04%,$0.05B,$0.68B,7.20%,$0.05B,$0.68B,7.20%,$0.05B,$3.96B,1.23%,$0.05B,$2.08B,2.49%,$31,$11,$20,$0,$10,$21,$10,$0,$10,$0,$10,$10,$10,$0,$0,$37,37,$0.28,$0.28,$400,$0,$0,$3280,$7,$662,$0,$12,$681,$3962,$1747,$1394,$97,$1534,$3281,$280,$306,$-6,$681,$3962,$0,$0,$0,$0,$0,$0,$0,$0,$0,$0,$0,$0,$0,$0,$0,$0,$0,$0,$0,$0,$0,$0,$0,$0,$0,$0,$0,$0,$0
35,2009-12-31,8.87,$18.49,0.48,$5.18,1.71,$0.41,21.68,$1.50,5.91,$3.20B,$1.67B,1.92,$1.39B,$0.68B,2.06,$0.19B,$0.11B,58.95%,$0.19B,$0.06B,29.47%,$0.19B,0,0.00%,$0.19B,0,0.00%,$0.19B,$0.06B,29.47%,$0.19B,$0.06B,28.95%,$0.06B,$0.68B,8.51%,$0.06B,$0.68B,8.51%,$0.06B,$3.88B,1.39%,$0.06B,$2.07B,2.97%,$19,$13,$6,$0,$-7,$7,$12,$0,$12,$0,$12,$12,$12,$0,$0,$37,37,$0.33,$0.32,$475,$0,$0,$3203,$8,$655,$0,$13,$675,$3879,$1671,$1390,$106,$1532,$3203,$280,$301,$-6,$676,$3879,$56,$12,$17,$29,$21,$0,$-22,$-67,$-68,$17,$-2,$0,$0,$52,$215,$268,$-160,$105,$185,$-814,$-628,$1,$1,$-35,$116,$-546,$-424,$2,$-35
36,2009-09-30,8.97,$0.00,0.0,$5.42,1.66,$1.35,6.65,$1.06,8.46,$3.05B,$1.63B,1.87,$1.30B,$0.67B,1.95,$0.20B,$0.10B,48.74%,$0.20B,$0.04B,20.10%,$0.20B,0,0.00%,$0.20B,0,0.00%,$0.20B,$0.04B,20.10%,$0.20B,$0.04B,19.60%,$0.04B,$0.67B,6.28%,$0.04B,$0.67B,6.28%,$0.04B,$3.72B,0.96%,$0.04B,$1.96B,2.20%,$41,$17,$24,$0,$8,$25,$16,$0,$16,$0,$16,$16,$16,$0,$0,$37,37,$0.43,$0.43,$510,$0,$0,$3053,$7,$650,$0,$12,$669,$3723,$1634,$1298,$97,$1422,$3057,$280,$295,$-9,$666,$3723,$0,$0,$0,$0,$0,$0,$0,$0,$0,$0,$0,$0,$0,$0,$0,$0,$0,$0,$0,$0,$0,$0,$0,$0,$0,$0,$0,$0,$0
37,2009-06-30,7.75,$0.00,0.0,$6.04,1.28,$1.35,5.74,$1.01,7.68,$3.28B,$2.20B,1.49,$1.13B,$0.64B,1.75,$0.22B,$0.10B,42.79%,$0.22B,$0.04B,17.12%,$0.22B,0,0.00%,$0.22B,0,0.00%,$0.22B,$0.04B,17.12%,$0.22B,$0.04B,16.67%,$0.04B,$0.64B,6.09%,$0.04B,$0.64B,6.09%,$0.04B,$4.07B,0.83%,$0.04B,$1.77B,2.11%,$50,$21,$28,$0,$17,$39,$11,$0,$11,$0,$11,$11,$10,$0,$0,$36,37,$0.29,$0.29,$650,$0,$0,$3278,$8,$774,$0,$8,$790,$4067,$2199,$1128,$89,$1225,$3424,$280,$285,$-21,$643,$4067,$0,$0,$0,$0,$0,$0,$0,$0,$0,$0,$0,$0,$0,$0,$0,$0,$0,$0,$0,$0,$0,$0,$0,$0,$0,$0,$0,$0,$0
38,2009-03-31,5.77,$0.00,0.0,$6.79,0.85,$1.35,4.28,$1.44,4.01,$3.34B,$2.25B,1.49,$1.15B,$0.60B,1.92,$0.25B,$0.10B,41.37%,$0.25B,$0.05B,21.29%,$0.25B,0,0.00%,$0.25B,0,0.00%,$0.25B,$0.05B,21.29%,$0.25B,$0.05B,21.29%,$0.05B,$0.60B,8.71%,$0.05B,$0.60B,8.71%,$0.05B,$4.11B,1.10%,$0.05B,$1.75B,2.91%,$80,$26,$54,$0,$36,$63,$17,$0,$17,$0,$17,$17,$17,$0,$0,$36,36,$0.46,$0.46,$764,$0,$0,$3340,$7,$750,$0,$9,$766,$4108,$2247,$1152,$101,$1258,$3507,$280,$280,$-57,$601,$4108,$0,$0,$0,$0,$0,$0,$0,$0,$0,$0,$0,$0,$0,$0,$0,$0,$0,$0,$0,$0,$0,$0,$0,$0,$0,$0,$0,$0,$0
39,2008-12-31,8.65,$15.77,0.55,$6.67,1.3,$1.35,6.41,$1.39,6.22,$3.55B,$2.43B,1.46,$1.21B,$0.57B,2.1,$0.24B,$0.08B,31.56%,$0.24B,$0.06B,22.54%,$0.24B,0,0.00%,$0.24B,0,0.00%,$0.24B,$0.06B,22.54%,$0.24B,$0.06B,22.54%,$0.06B,$0.57B,9.01%,$0.06B,$0.57B,9.01%,$0.06B,$4.36B,1.09%,$0.06B,$1.78B,2.99%,$28,$37,$-9,$0,$-5,$32,$-4,$0,$-4,$0,$-4,$-4,$-4,$0,$0,$36,36,$-0.12,$-0.12,$946,$0,$0,$3553,$8,$787,$0,$15,$810,$4363,$2430,$1205,$148,$1358,$3788,$280,$268,$-72,$574,$4363,$55,$16,$31,$46,$16,$0,$-6,$-61,$-51,$51,$-2,$0,$0,$-70,$-249,$-318,$1115,$796,$195,$-292,$-97,$0,$0,$-31,$-289,$-417,$430,$1,$-31
40,2008-09-30,8.51,$0.00,0.0,$8.00,1.06,$2.68,3.18,$1.94,4.39,$4.38B,$3.35B,1.31,$1.30B,$0.61B,2.11,$0.29B,$0.11B,37.33%,$0.29B,$0.08B,25.68%,$0.29B,0,0.00%,$0.29B,0,0.00%,$0.29B,$0.08B,25.68%,$0.29B,$0.08B,25.68%,$0.08B,$0.61B,12.10%,$0.08B,$0.61B,12.10%,$0.08B,$5.35B,1.46%,$0.08B,$1.91B,4.16%,$64,$42,$22,$0,$7,$50,$14,$0,$14,$0,$14,$14,$14,$0,$0,$36,36,$0.38,$0.38,$445,$0,$0,$4381,$8,$953,$0,$10,$971,$5351,$3351,$1296,$83,$1385,$4737,$280,$281,$-44,$614,$5351,$0,$0,$0,$0,$0,$0,$0,$0,$0,$0,$0,$0,$0,$0,$0,$0,$0,$0,$0,$0,$0,$0,$0,$0,$0,$0,$0,$0,$0
41,2008-06-30,9.42,$0.00,0.0,$8.35,1.13,$2.68,3.52,$1.97,4.78,$4.47B,$3.50B,1.28,$1.20B,$0.65B,1.86,$0.31B,$0.11B,37.25%,$0.31B,$0.08B,24.84%,$0.31B,0,0.00%,$0.31B,0,0.00%,$0.31B,$0.08B,24.84%,$0.31B,$0.08B,24.84%,$0.08B,$0.65B,12.26%,$0.08B,$0.65B,12.25%,$0.08B,$5.41B,1.55%,$0.08B,$1.85B,4.44%,$77,$41,$36,$0,$7,$50,$26,$0,$26,$0,$26,$26,$26,$0,$0,$36,36,$0.72,$0.72,$349,$0,$0,$4468,$8,$913,$0,$21,$942,$5410,$3498,$1202,$60,$1264,$4764,$280,$274,$-6,$645,$5410,$0,$0,$0,$0,$0,$0,$0,$0,$0,$0,$0,$0,$0,$0,$0,$0,$0,$0,$0,$0,$0,$0,$0,$0,$0,$0,$0,$0,$0
42,2008-03-31,8.96,$0.00,0.0,$8.68,1.03,$2.68,3.35,$1.99,4.5,$4.27B,$3.16B,1.35,$1.22B,$0.61B,2.01,$0.32B,$0.12B,37.93%,$0.32B,$0.08B,24.14%,$0.32B,0,0.00%,$0.32B,0,0.00%,$0.32B,$0.08B,24.14%,$0.32B,$0.08B,24.14%,$0.08B,$0.61B,12.62%,$0.08B,$0.61B,12.62%,$0.08B,$5.06B,1.67%,$0.08B,$1.83B,4.80%,$75,$47,$28,$0,$9,$56,$19,$0,$19,$0,$19,$19,$19,$0,$0,$36,36,$0.53,$0.53,$488,$0,$0,$4273,$10,$764,$0,$13,$787,$5059,$3160,$1220,$72,$1292,$4451,$280,$257,$-25,$608,$5059,$0,$0,$0,$0,$0,$0,$0,$0,$0,$0,$0,$0,$0,$0,$0,$0,$0,$0,$0,$0,$0,$0,$0,$0,$0,$0,$0,$0,$0
43,2007-12-31,9.22,$16.83,0.55,$8.55,1.08,$2.68,3.45,$1.99,4.63,$4.13B,$3.02B,1.37,$1.01B,$0.61B,1.65,$0.32B,$0.12B,38.29%,$0.32B,$0.07B,23.10%,$0.32B,0,0.00%,$0.32B,0,0.00%,$0.32B,$0.07B,23.10%,$0.32B,$0.07B,23.10%,$0.07B,$0.61B,12.06%,$0.07B,$0.61B,12.05%,$0.07B,$4.70B,1.66%,$0.07B,$1.62B,4.94%,$76,$53,$23,$0,$7,$60,$16,$0,$16,$0,$16,$16,$16,$0,$0,$36,36,$0.43,$0.45,$402,$0,$0,$4129,$10,$550,$0,$9,$569,$4699,$3015,$1010,$61,$1071,$4086,$280,$245,$-10,$612,$4699,$72,$9,$-8,$1,$-10,$0,$11,$24,$26,$99,$-2,$0,$0,$0,$6,$6,$-743,$-738,$451,$-91,$361,$0,$0,$-30,$406,$737,$98,$1,$-30
44,2007-09-30,10.28,$0.00,0.0,$8.59,1.2,$-1.85,0.0,$2.14,4.8,$3.96B,$2.83B,1.4,$0.94B,$0.61B,1.53,$0.32B,$0.13B,40.88%,$0.32B,$0.08B,24.53%,$0.32B,0,0.00%,$0.32B,0,0.00%,$0.32B,$0.08B,24.53%,$0.32B,$0.08B,24.53%,$0.08B,$0.61B,13.03%,$0.08B,$0.62B,13.03%,$0.08B,$4.45B,1.84%,$0.08B,$1.55B,5.74%,$78,$51,$27,$0,$11,$63,$15,$0,$15,$0,$15,$15,$15,$0,$0,$36,37,$0.41,$0.40,$491,$0,$0,$3964,$10,$469,$0,$11,$490,$4454,$2831,$937,$71,$1008,$3839,$280,$238,$0,$614,$4454,$0,$0,$0,$0,$0,$0,$0,$0,$0,$0,$0,$0,$0,$0,$0,$0,$0,$0,$0,$0,$0,$0,$0,$0,$0,$0,$0,$0,$0
45,2007-06-30,10.5,$0.00,0.0,$8.16,1.29,$-1.85,0.0,$2.04,5.15,$3.88B,$2.67B,1.45,$0.81B,$0.61B,1.34,$0.30B,$0.13B,41.72%,$0.30B,$0.07B,24.50%,$0.30B,0,0.00%,$0.30B,0,0.00%,$0.30B,$0.07B,24.50%,$0.30B,$0.07B,24.50%,$0.07B,$0.61B,12.62%,$0.07B,$0.61B,12.62%,$0.07B,$4.21B,1.85%,$0.07B,$1.42B,6.03%,$90,$46,$43,$0,$16,$63,$27,$0,$27,$0,$27,$27,$27,$0,$0,$36,37,$0.74,$0.73,$469,$0,$0,$3884,$10,$168,$0,$144,$322,$4205,$2674,$813,$112,$925,$3599,$280,$231,$-1,$606,$4205,$0,$0,$0,$0,$0,$0,$0,$0,$0,$0,$0,$0,$0,$0,$0,$0,$0,$0,$0,$0,$0,$0,$0,$0,$0,$0,$0,$0,$0
46,2007-03-31,9.19,$0.00,0.0,$7.05,1.3,$-1.85,0.0,$1.65,5.57,$3.70B,$2.90B,1.28,$0.73B,$0.59B,1.24,$0.26B,$0.10B,38.17%,$0.26B,$0.06B,21.37%,$0.26B,0,0.00%,$0.26B,0,0.00%,$0.26B,$0.06B,21.37%,$0.26B,$0.06B,21.37%,$0.06B,$0.59B,9.75%,$0.06B,$0.59B,9.75%,$0.06B,$4.27B,1.46%,$0.06B,$1.32B,4.95%,$72,$44,$28,$0,$12,$57,$15,$0,$15,$0,$15,$15,$15,$0,$0,$36,37,$0.41,$0.40,$402,$0,$0,$3701,$11,$526,$0,$37,$574,$4274,$2895,$732,$57,$789,$3684,$280,$212,$2,$590,$4274,$0,$0,$0,$0,$0,$0,$0,$0,$0,$0,$0,$0,$0,$0,$0,$0,$0,$0,$0,$0,$0,$0,$0,$0,$0,$0,$0,$0,$0
47,2006-12-31,9.14,$16.07,0.57,$6.49,1.41,$-1.85,0.0,$1.68,5.44,$3.49B,$2.78B,1.25,$0.56B,$0.58B,0.96,$0.24B,$0.10B,40.74%,$0.24B,$0.06B,23.87%,$0.24B,0,0.00%,$0.24B,0,0.00%,$0.24B,$0.06B,23.87%,$0.24B,$0.06B,23.87%,$0.06B,$0.58B,10.13%,$0.06B,$0.58B,10.13%,$0.06B,$3.98B,1.64%,$0.06B,$1.14B,5.39%,$78,$46,$32,$0,$10,$57,$21,$0,$21,$0,$21,$21,$21,$0,$0,$36,37,$0.58,$0.57,$462,$0,$0,$3489,$11,$471,$0,$7,$490,$3978,$2781,$559,$54,$613,$3394,$280,$205,$3,$584,$3978,$58,$6,$-15,$-8,$-22,$0,$13,$-99,$-108,$-59,$-9,$0,$0,$-1,$-260,$-261,$-372,$-642,$25,$835,$860,$-29,$-32,$-63,$10,$774,$73,$1,$-63
