,Date,Stock Price,Book Value per Share,Price to Book Ratio,TTM Sales per Share,Price to Sales Ratio,TTM FCF per Share,Price to FCF Ratio,TTM Net EPS,PE Ratio,Current Assets,Current Liabilities,Current Ratio,Long Term Debt,Shareholder's Equity_x,Debt to Equity Ratio,TTM Revenue_x,TTM Gross Profit,Gross Margin,TTM Revenue_y,TTM Operating Income,Operating Margin,TTM Revenue_x,TTM EBIT,EBIT Margin,TTM Revenue_y,TTM EBITDA,EBITDA Margin,TTM Revenue_x,TTM Pre-Tax Income,Pre-Tax Margin,TTM Revenue_y,TTM Net Income_x,Net Margin,TTM Net Income_y,Shareholder's Equity_y,Return on Equity,TTM Net Income_x,Tangible Equity,Return on Tangible Equity,TTM Net Income_y,Total Assets,Return on Assets,TTM Net Income,LT Investments & Debt,Return on Investment,revenue,cost-goods-sold,gross-profit,research-development-expenses,selling-general-administrative-expenses,operating-expenses,operating-income,total-non-operating-income-expense,pre-tax-income,total-provision-income-taxes,income-after-taxes,income-from-continuous-operations,net-income,ebitda,ebit,basic-shares-outstanding,shares-outstanding,eps-basic-net-earnings-per-share,eps-earnings-per-share-diluted,cash-on-hand,inventory,other-current-assets,total-current-assets,net-property-plant-equipment,long-term-investments,goodwill-intangible-assets-total,other-long-term-assets,total-long-term-assets,total-assets,total-current-liabilities,long-term-debt,other-non-current-liabilities,total-long-term-liabilities,total-liabilities,common-stock-net,retained-earnings-accumulated-deficit,comprehensive-income,total-share-holder-equity,total-liabilities-share-holders-equity,net-income-loss,total-depreciation-amortization-cash-flow,other-non-cash-items,total-non-cash-items,change-in-accounts-receivable,change-in-inventories,change-in-accounts-payable,change-in-assets-liabilities,total-change-in-assets-liabilities,cash-flow-from-operating-activities,net-change-in-property-plant-equipment,net-change-in-intangible-assets,net-acquisitions-divestitures,net-change-in-short-term-investments,net-change-in-long-term-investments,net-change-in-investments-total,investing-activities-other,cash-flow-from-investing-activities,net-long-term-debt,net-current-debt,debt-issuance-retirement-net-total,net-common-equity-issued-repurchased,net-total-equity-issued-repurchased,total-common-preferred-stock-dividends-paid,financial-activities-other,cash-flow-from-financial-activities,net-cash-flow,stock-based-compensation,common-stock-dividends-paid
0,2018-06-30,58.79,$32.58,1.8,$46.36,1.27,$2.79,21.08,$9.30,6.32,$9.25B,$7.93B,1.17,$0.94B,$2.18B,0.43,$3.04B,$2.19B,71.97%,$3.04B,$0.97B,31.88%,$3.04B,0,0.00%,$3.04B,0,0.00%,$3.04B,$0.97B,31.88%,$3.04B,$0.64B,21.10%,$0.64B,$2.18B,26.54%,$0.64B,$2.14B,26.95%,$0.64B,$11.77B,5.23%,$0.97B,$3.12B,32.60%,$686,$196,$490,$0,$292,$495,$191,$0,$191,$55,$136,$136,$135,$0,$0,$67,67,$2.01,$2.01,$2187,$0,$0,$9249,$329,$2042,$43,$101,$2517,$11766,$7928,$935,$712,$1657,$9584,$29,$439,$22,$2182,$11766,$0,$0,$0,$0,$0,$0,$0,$0,$0,$0,$0,$0,$0,$0,$0,$0,$0,$0,$0,$0,$0,$0,$0,$0,$0,$0,$0,$0,$0
1,2018-03-31,104.8,$38.24,2.74,$46.85,2.24,$-18.49,0.0,$9.33,11.23,$9.44B,$7.61B,1.24,$0.42B,$0.00B,0.0,$2.99B,$2.14B,71.40%,$2.99B,$0.99B,33.11%,$2.99B,0,0.00%,$2.99B,0,0.00%,$2.99B,$0.99B,33.11%,$2.99B,$0.64B,21.25%,$0.64B,$2.56B,26.01%,$0.64B,$2.56B,26.42%,$0.64B,$11.79B,5.25%,$0.99B,$2.98B,34.47%,$702,$227,$475,$0,$211,$438,$264,$0,$264,$83,$181,$181,$181,$0,$0,$67,67,$2.71,$2.71,$1499,$0,$0,$9441,$0,$1841,$0,$510,$2351,$11792,$7609,$420,$1202,$1623,$9231,$0,$0,$0,$2561,$11792,$0,$0,$0,$0,$0,$0,$0,$0,$0,$0,$0,$0,$0,$0,$0,$0,$0,$0,$0,$0,$0,$0,$0,$0,$0,$0,$0,$0,$0
2,2017-12-31,112.48,$38.90,2.89,$46.99,2.39,$-18.26,0.0,$8.34,13.49,$10.99B,$8.71B,1.26,$0.46B,$0.00B,0.0,$2.90B,$2.08B,71.81%,$2.90B,$0.92B,31.60%,$2.90B,0,0.00%,$2.90B,0,0.00%,$2.90B,$0.92B,31.60%,$2.90B,$0.57B,19.57%,$0.57B,$2.61B,25.99%,$0.57B,$2.55B,26.59%,$0.57B,$13.54B,4.80%,$0.92B,$3.06B,35.11%,$996,$225,$772,$0,$478,$728,$268,$0,$268,$93,$175,$175,$175,$0,$0,$63,63,$2.64,$2.64,$2070,$0,$0,$10988,$98,$2220,$53,$185,$2556,$13544,$8711,$458,$1759,$2228,$10939,$0,$0,$0,$2605,$13544,$0,$0,$471,$471,$-1092,$0,$0,$0,$-1348,$-732,$-21,$0,$0,$0,$0,$0,$-54,$-75,$-158,$0,$-158,$748,$748,$-48,$2,$544,$5,$0,$0
3,2017-09-30,113.91,$0.00,0.0,$44.62,2.55,$7.88,14.45,$7.82,14.57,$9.80B,$7.92B,1.24,$0.41B,$0.00B,0.0,$2.69B,$1.83B,68.03%,$2.69B,$0.81B,30.12%,$2.69B,0,0.00%,$2.69B,0,0.00%,$2.69B,$0.82B,30.34%,$2.69B,$0.50B,18.60%,$0.50B,$2.33B,26.25%,$0.50B,$2.28B,26.92%,$0.50B,$11.97B,4.52%,$0.81B,$2.74B,34.83%,$659,$206,$453,$0,$206,$412,$247,$0,$247,$96,$151,$151,$151,$0,$0,$67,67,$2.24,$2.24,$2187,$0,$0,$9799,$90,$1868,$49,$162,$2169,$11968,$7924,$413,$1296,$1718,$9641,$0,$0,$0,$2327,$11968,$0,$0,$113,$113,$-781,$0,$0,$0,$-978,$-716,$-13,$0,$0,$0,$0,$0,$-38,$-50,$-114,$0,$-114,$719,$719,$-46,$38,$596,$41,$0,$0
4,2017-06-30,89.49,$0.00,0.0,$44.94,1.99,$33.18,2.7,$7.41,12.08,$8.89B,$7.16B,1.24,$0.43B,$0.00B,0.0,$2.63B,$1.74B,66.29%,$2.63B,$0.73B,27.96%,$2.63B,0,0.00%,$2.63B,0,0.00%,$2.63B,$0.74B,28.19%,$2.63B,$0.46B,17.49%,$0.46B,$2.29B,27.50%,$0.46B,$2.24B,28.27%,$0.46B,$11.20B,4.52%,$0.73B,$2.71B,36.26%,$636,$198,$437,$0,$225,$424,$212,$0,$212,$83,$129,$129,$129,$0,$0,$59,59,$2.17,$2.17,$2146,$0,$0,$8885,$88,$2029,$47,$149,$2313,$11199,$7164,$428,$1321,$1749,$8913,$0,$0,$0,$2286,$11199,$0,$0,$465,$465,$-343,$0,$0,$0,$-486,$263,$-7,$0,$0,$0,$0,$0,$-23,$-31,$-126,$0,$-126,$0,$0,$-45,$728,$557,$923,$0,$0
5,2017-03-31,83.48,$0.00,0.0,$44.96,1.86,$35.03,2.38,$7.53,11.09,$8.86B,$7.36B,1.2,$0.40B,$0.00B,0.0,$2.62B,$1.69B,64.68%,$2.62B,$0.72B,27.45%,$2.62B,0,0.00%,$2.62B,0,0.00%,$2.62B,$0.72B,27.68%,$2.62B,$0.46B,17.47%,$0.46B,$1.53B,32.00%,$0.46B,$1.48B,32.99%,$0.46B,$10.67B,4.86%,$0.72B,$1.93B,41.84%,$611,$189,$422,$0,$225,$422,$190,$0,$190,$77,$113,$113,$113,$0,$0,$58,58,$1.96,$1.96,$1854,$0,$0,$8864,$96,$1520,$49,$142,$1806,$10671,$7360,$404,$1369,$1785,$9146,$0,$0,$0,$1525,$10671,$0,$0,$150,$150,$-25,$0,$0,$0,$-61,$18,$-5,$0,$0,$0,$0,$0,$-14,$-19,$-113,$0,$-113,$0,$0,$0,$0,$-113,$-89,$0,$0
6,2016-12-31,61.96,$25.60,2.42,$34.33,1.8,$34.81,1.78,$7.56,8.2,$8.87B,$7.58B,1.17,$0.43B,$0.00B,0.0,$2.54B,$1.64B,64.51%,$2.54B,$0.67B,26.51%,$2.54B,0,0.00%,$2.54B,0,0.00%,$2.54B,$0.68B,26.74%,$2.54B,$0.44B,17.41%,$0.44B,$1.50B,32.64%,$0.44B,$1.45B,33.61%,$0.44B,$10.49B,5.16%,$0.67B,$1.93B,42.58%,$787,$267,$520,$0,$337,$625,$162,$0,$168,$59,$108,$108,$108,$0,$0,$58,58,$3.53,$3.53,$2443,$0,$0,$8870,$99,$1344,$45,$135,$1623,$10493,$7578,$434,$972,$1419,$8997,$0,$0,$0,$1497,$10493,$0,$0,$1437,$1437,$-333,$0,$0,$0,$-505,$855,$-27,$0,$0,$0,$0,$0,$-46,$-73,$223,$0,$223,$0,$0,$-65,$3,$160,$1161,$0,$0
7,2016-09-30,75.34,$0.00,0.0,$20.86,3.61,$20.63,3.65,$9.05,8.33,$6.39B,$6.01B,1.06,$0.16B,$0.00B,0.0,$1.55B,$1.09B,70.14%,$1.55B,$0.85B,55.07%,$1.55B,0,0.00%,$1.55B,0,0.00%,$1.55B,$0.47B,30.45%,$1.55B,$0.33B,21.53%,$0.33B,$1.37B,23.59%,$0.33B,$1.33B,24.30%,$0.33B,$8.28B,3.78%,$0.85B,$1.53B,53.82%,$591,$231,$361,$0,$191,$422,$170,$0,$170,$60,$109,$109,$109,$0,$0,$58,58,$1.87,$1.87,$1309,$0,$0,$6385,$82,$1649,$39,$124,$1895,$8280,$6005,$158,$750,$908,$6912,$0,$0,$0,$1368,$8280,$0,$0,$1028,$1028,$20,$0,$0,$0,$-94,$864,$-18,$0,$0,$0,$0,$0,$-33,$-51,$-16,$0,$-16,$0,$0,$-58,$-5,$-79,$857,$0,$0
8,2016-06-30,70.76,$0.00,0.0,$10.75,6.58,$6.17,11.48,$9.23,7.67,$6.27B,$5.69B,1.1,$0.16B,$0.00B,0.0,$2.80B,$2.08B,74.24%,$2.80B,$1.19B,42.41%,$2.80B,0,0.00%,$2.80B,0,0.00%,$2.80B,$0.81B,28.80%,$2.80B,$0.55B,19.76%,$0.55B,$1.32B,38.24%,$0.55B,$1.28B,39.41%,$0.55B,$8.19B,6.10%,$1.19B,$1.48B,73.40%,$627,$238,$389,$0,$194,$431,$196,$0,$196,$68,$127,$127,$127,$0,$0,$58,58,$2.18,$2.18,$1102,$0,$0,$6266,$82,$1681,$38,$119,$1920,$8186,$5686,$158,$975,$1133,$6864,$0,$0,$0,$1322,$8186,$0,$0,$451,$451,$44,$0,$0,$0,$-42,$371,$-11,$0,$0,$0,$0,$0,$-23,$-34,$-12,$0,$-12,$0,$0,$-16,$-4,$-32,$372,$0,$0
9,2016-03-31,61.47,$0.00,0.0,$10.88,5.65,$-7.04,0.0,$8.61,7.14,$5.70B,$5.16B,1.11,$0.16B,$0.00B,0.0,$2.81B,$2.09B,74.57%,$2.81B,$1.18B,41.95%,$2.81B,0,0.00%,$2.81B,0,0.00%,$2.81B,$0.75B,26.85%,$2.81B,$0.52B,18.45%,$0.52B,$1.23B,35.15%,$0.52B,$1.20B,36.27%,$0.52B,$7.31B,5.46%,$1.18B,$1.39B,71.69%,$534,$166,$368,$0,$217,$389,$145,$0,$145,$47,$98,$98,$98,$0,$0,$0,0,$0.00,$0.00,$1325,$0,$0,$5704,$79,$1387,$33,$105,$1604,$7308,$5159,$157,$762,$919,$6078,$0,$0,$0,$1230,$7308,$0,$0,$489,$489,$333,$0,$0,$0,$304,$772,$-5,$0,$0,$0,$0,$0,$-12,$-16,$-4,$0,$-4,$0,$0,$-16,$-5,$-25,$774,$0,$0
10,2015-12-31,55.2,$29.55,1.87,$21.69,2.54,$-11.87,0.0,$9.09,6.07,$9.41B,$8.33B,1.13,$0.21B,$0.00B,0.0,$2.90B,$2.13B,73.64%,$2.90B,$1.26B,43.41%,$2.90B,0,0.00%,$2.90B,0,0.00%,$2.90B,$0.82B,28.12%,$2.90B,$0.55B,18.81%,$0.55B,$1.73B,35.64%,$0.55B,$1.67B,36.80%,$0.55B,$11.42B,5.57%,$1.26B,$1.94B,74.04%,$-205,$-172,$-33,$0,$-374,$-546,$341,$0,$-40,$-35,$-5,$-1,$-1,$0,$0,$0,0,$0.00,$0.00,$2111,$0,$0,$9405,$128,$1676,$54,$156,$2014,$11419,$8326,$213,$1074,$1301,$9691,$0,$0,$0,$1727,$11419,$0,$0,$1349,$1349,$-482,$0,$0,$0,$-735,$495,$-42,$0,$0,$0,$0,$0,$-65,$-107,$-27,$0,$-27,$0,$0,$0,$-1,$-28,$487,$0,$0
11,2015-09-30,36.47,$0.00,0.0,$30.94,1.18,$-2.93,0.0,$6.85,5.32,$7.14B,$6.64B,1.08,$0.16B,$0.00B,0.0,$3.64B,$2.65B,72.66%,$3.64B,$0.85B,23.41%,$3.64B,0,0.00%,$3.64B,0,0.00%,$3.64B,$0.95B,26.13%,$3.64B,$0.61B,16.80%,$0.61B,$1.51B,42.11%,$0.61B,$1.46B,43.54%,$0.61B,$9.35B,6.61%,$0.85B,$1.66B,53.00%,$1843,$488,$1354,$0,$824,$1337,$505,$0,$505,$176,$329,$329,$329,$0,$0,$0,0,$0.00,$0.00,$1080,$0,$0,$7135,$113,$1921,$46,$132,$2212,$9347,$6636,$157,$984,$1141,$7842,$0,$0,$0,$1505,$9347,$0,$0,$253,$253,$-142,$0,$0,$0,$-325,$-262,$-31,$0,$0,$0,$0,$0,$-46,$-78,$-16,$0,$-16,$0,$0,$0,$3,$-13,$-318,$0,$0
12,2015-06-30,43.31,$0.00,0.0,$41.37,1.05,$-3.31,0.0,$6.83,6.34,$9.03B,$7.98B,1.13,$0.15B,$1.43B,0.11,$2.41B,$1.71B,70.78%,$2.41B,$0.57B,23.79%,$2.41B,0,0.00%,$2.41B,0,0.00%,$2.41B,$0.63B,26.32%,$2.41B,$0.40B,16.69%,$0.40B,$1.43B,28.57%,$0.40B,$1.38B,29.58%,$0.40B,$9.84B,4.41%,$0.57B,$1.58B,35.15%,$636,$231,$405,$0,$219,$449,$187,$0,$144,$52,$92,$92,$92,$0,$0,$58,58,$1.55,$1.55,$3306,$0,$0,$9030,$0,$1,$48,$637,$686,$9840,$7976,$153,$279,$432,$8408,$65,$0,$0,$1432,$9840,$-516,$0,$0,$0,$0,$0,$0,$0,$285,$-387,$-25,$0,$0,$0,$0,$0,$-31,$-56,$0,$-7,$-4,$0,$0,$0,$2,$-10,$-429,$0,$0
13,2015-03-31,54.32,$0.00,0.0,$40.36,1.35,$-0.02,0.0,$6.82,7.97,$8.08B,$5.96B,1.36,$0.16B,$1.45B,0.11,$2.34B,$1.65B,70.53%,$2.34B,$0.55B,23.62%,$2.34B,0,0.00%,$2.34B,0,0.00%,$2.34B,$0.63B,26.87%,$2.34B,$0.40B,17.04%,$0.40B,$1.45B,29.39%,$0.40B,$1.41B,30.45%,$0.40B,$8.56B,4.47%,$0.55B,$1.61B,34.40%,$624,$216,$408,$0,$183,$399,$225,$0,$206,$77,$128,$125,$125,$0,$0,$58,58,$2.16,$2.16,$2632,$0,$0,$8078,$0,$164,$45,$171,$381,$8564,$5964,$157,$990,$1147,$7110,$67,$0,$0,$1453,$8564,$-98,$0,$0,$0,$0,$0,$0,$0,$-146,$-266,$-12,$0,$0,$0,$0,$0,$-12,$-24,$0,$-0,$-6,$0,$0,$0,$-4,$-10,$-289,$0,$0
14,2014-12-31,41.53,$0.00,0.0,$40.11,1.04,$-0.36,0.0,$7.19,5.78,$7.74B,$6.77B,1.14,$0.16B,$0.00B,0.0,$2.38B,$1.71B,71.93%,$2.38B,$0.61B,25.80%,$2.38B,0,0.00%,$2.38B,0,0.00%,$2.38B,$0.67B,28.32%,$2.38B,$0.43B,18.18%,$0.43B,$1.42B,32.71%,$0.43B,$1.37B,33.94%,$0.43B,$9.28B,4.77%,$0.61B,$1.58B,38.29%,$540,$61,$480,$0,$510,$604,$-64,$0,$97,$34,$63,$66,$66,$0,$0,$58,58,$1.13,$1.13,$1911,$0,$0,$7739,$0,$1278,$51,$102,$1431,$9284,$6774,$159,$917,$1088,$7862,$0,$0,$0,$1423,$9284,$0,$0,$0,$0,$0,$0,$0,$0,$537,$555,$-32,$0,$0,$0,$0,$1,$-49,$-80,$0,$0,$-24,$0,$0,$-74,$-32,$-130,$580,$0,$0
15,2014-09-30,37.62,$0.00,0.0,$40.23,0.94,$-3.46,0.0,$8.16,4.61,$8.56B,$6.43B,1.33,$0.42B,$0.00B,0.0,$2.38B,$1.57B,65.69%,$2.38B,$0.79B,33.22%,$2.38B,0,0.00%,$2.38B,0,0.00%,$2.38B,$0.80B,33.72%,$2.38B,$0.49B,20.51%,$0.49B,$1.32B,35.90%,$0.49B,$1.27B,37.29%,$0.49B,$8.79B,5.17%,$0.79B,$1.74B,47.14%,$609,$197,$412,$0,$187,$384,$225,$0,$187,$68,$119,$119,$119,$0,$0,$58,58,$1.99,$1.99,$3096,$0,$0,$8555,$0,$1,$47,$82,$130,$8793,$6432,$424,$606,$1041,$7473,$0,$0,$0,$1320,$8793,$-1079,$0,$0,$0,$0,$0,$0,$0,$-158,$2,$-24,$0,$1,$0,$0,$0,$-30,$-52,$0,$0,$-7,$0,$0,$-72,$-25,$-105,$62,$0,$0
16,2014-06-30,34.22,$0.00,0.0,$40.09,0.85,$-5.99,0.0,$7.86,4.35,$8.76B,$6.48B,1.35,$0.26B,$0.00B,0.0,$2.36B,$1.55B,65.76%,$2.36B,$0.75B,31.95%,$2.36B,0,0.00%,$2.36B,0,0.00%,$2.36B,$0.80B,33.73%,$2.36B,$0.47B,19.75%,$0.47B,$1.23B,33.83%,$0.47B,$1.19B,35.19%,$0.47B,$9.06B,4.75%,$0.75B,$1.49B,45.50%,$568,$217,$351,$0,$184,$402,$167,$0,$139,$48,$91,$89,$89,$0,$0,$58,58,$1.54,$1.54,$3087,$0,$0,$8762,$0,$2,$46,$143,$191,$9056,$6481,$260,$1071,$1341,$7822,$0,$0,$0,$1234,$9056,$0,$0,$0,$0,$0,$0,$0,$0,$0,$-216,$0,$0,$0,$0,$0,$0,$-34,$-34,$0,$0,$0,$0,$0,$0,$-2,$-2,$-52,$0,$0
17,2014-03-31,25.83,$0.00,0.0,$39.83,0.65,$-8.53,0.0,$7.79,3.32,$8.87B,$7.21B,1.23,$0.28B,$1.31B,0.21,$2.34B,$1.57B,67.05%,$2.34B,$0.74B,31.62%,$2.34B,0,0.00%,$2.34B,0,0.00%,$2.34B,$0.80B,34.27%,$2.34B,$0.46B,19.68%,$0.46B,$1.31B,32.64%,$0.46B,$1.26B,33.99%,$0.46B,$9.08B,4.66%,$0.74B,$1.58B,43.72%,$659,$193,$466,$0,$180,$374,$285,$0,$250,$92,$158,$158,$158,$0,$0,$62,62,$2.53,$2.53,$2711,$0,$0,$8868,$0,$2,$47,$56,$105,$9083,$7211,$278,$278,$566,$7777,$79,$493,$0,$1306,$9083,$0,$0,$0,$0,$0,$0,$0,$0,$0,$-307,$-15,$0,$0,$0,$0,$0,$-6,$-21,$0,$-3,$-5,$0,$0,$0,$-0,$-8,$-155,$0,$0
18,2013-12-31,22.27,$0.00,0.0,$38.06,0.59,$-2.50,0.0,$6.79,3.28,$10.65B,$8.01B,1.33,$0.31B,$1.59B,0.19,$2.18B,$1.44B,66.06%,$2.18B,$0.60B,27.53%,$2.18B,0,0.00%,$2.18B,0,0.00%,$2.18B,$0.70B,31.84%,$2.18B,$0.39B,17.87%,$0.39B,$1.59B,27.55%,$0.39B,$1.53B,28.75%,$0.39B,$10.92B,3.83%,$0.60B,$1.90B,35.48%,$548,$211,$337,$0,$230,$433,$115,$0,$228,$61,$167,$123,$123,$0,$0,$58,58,$2.10,$2.10,$2819,$0,$0,$10651,$0,$2,$63,$69,$135,$10922,$8010,$308,$1002,$1323,$9333,$110,$463,$0,$1589,$10922,$0,$0,$0,$0,$0,$0,$0,$0,$0,$374,$-32,$0,$0,$0,$0,$0,$-19,$-51,$0,$0,$-24,$0,$0,$-0,$10,$-14,$550,$0,$0
19,2013-09-30,22.02,$0.00,0.0,$39.49,0.56,$-8.34,0.0,$6.17,3.57,$9.96B,$7.53B,1.32,$0.27B,$0.00B,0.0,$2.26B,$1.50B,66.65%,$2.26B,$0.57B,25.10%,$2.26B,0,0.00%,$2.26B,0,0.00%,$2.26B,$0.58B,25.85%,$2.26B,$0.35B,15.61%,$0.35B,$1.38B,25.87%,$0.35B,$1.32B,26.72%,$0.35B,$10.21B,3.48%,$0.57B,$1.65B,35.33%,$585,$187,$398,$0,$210,$397,$187,$0,$179,$76,$103,$96,$96,$0,$0,$57,57,$1.69,$1.69,$2500,$0,$0,$9962,$0,$2,$58,$63,$122,$10212,$7527,$272,$1021,$1304,$8830,$0,$0,$0,$1381,$10212,$0,$0,$0,$0,$0,$0,$0,$0,$0,$-130,$-35,$0,$0,$0,$0,$0,$1,$-35,$0,$0,$-16,$0,$0,$-0,$-42,$-57,$-95,$0,$0
20,2013-06-30,13.17,$0.00,0.0,$36.81,0.36,$-0.32,0.0,$5.96,2.21,$8.14B,$6.73B,1.21,$0.27B,$1.36B,0.2,$2.11B,$1.42B,67.36%,$2.11B,$0.50B,23.84%,$2.11B,0,0.00%,$2.11B,0,0.00%,$2.11B,$0.55B,25.97%,$2.11B,$0.34B,16.18%,$0.34B,$1.36B,25.72%,$0.34B,$1.30B,26.59%,$0.34B,$9.26B,3.44%,$0.50B,$1.63B,32.10%,$545,$179,$366,$0,$214,$393,$152,$0,$144,$56,$88,$83,$83,$0,$0,$57,57,$1.47,$1.47,$2089,$0,$0,$8142,$0,$177,$57,$768,$1001,$9262,$6732,$265,$904,$1169,$7901,$114,$184,$0,$1361,$9262,$0,$0,$0,$0,$0,$0,$0,$0,$0,$-343,$-13,$0,$0,$0,$0,$0,$-7,$-21,$0,$-35,$-12,$0,$0,$0,$3,$-45,$-338,$0,$0
21,2013-03-31,13.51,$0.00,0.0,$35.39,0.38,$11.58,1.17,$5.73,2.36,$9.97B,$7.82B,1.28,$0.27B,$1.33B,0.2,$2.05B,$1.42B,69.11%,$2.05B,$0.47B,22.69%,$2.05B,0,0.00%,$2.05B,0,0.00%,$2.05B,$0.54B,26.21%,$2.05B,$0.33B,16.15%,$0.33B,$1.33B,25.62%,$0.33B,$1.27B,26.61%,$0.33B,$10.29B,3.23%,$0.47B,$1.60B,30.36%,$505,$164,$341,$0,$185,$357,$147,$0,$144,$53,$92,$88,$88,$0,$0,$57,57,$1.53,$1.53,$2744,$0,$0,$9968,$0,$2,$58,$127,$188,$10291,$7821,$267,$861,$1139,$8959,$119,$403,$0,$1331,$10291,$0,$0,$0,$0,$0,$0,$0,$0,$0,$56,$-6,$0,$0,$0,$0,$0,$-3,$-9,$0,$-14,$-5,$0,$0,$0,$-0,$-19,$59,$0,$0
22,2012-12-31,16.65,$0.00,0.0,$35.06,0.47,$23.79,0.7,$5.46,3.05,$9.63B,$7.99B,1.21,$0.16B,$0.00B,0.0,$2.03B,$1.41B,69.32%,$2.03B,$0.43B,21.29%,$2.03B,0,0.00%,$2.03B,0,0.00%,$2.03B,$0.52B,25.52%,$2.03B,$0.32B,15.54%,$0.32B,$1.37B,25.28%,$0.32B,$1.37B,26.38%,$0.32B,$10.68B,3.07%,$0.43B,$1.53B,29.62%,$620,$222,$398,$0,$318,$540,$80,$0,$116,$25,$90,$85,$85,$0,$0,$57,57,$1.48,$1.48,$2736,$0,$0,$9625,$0,$3,$0,$1054,$1057,$10682,$7990,$163,$1159,$1323,$9313,$0,$0,$0,$1369,$10682,$0,$0,$0,$0,$0,$0,$0,$0,$0,$0,$0,$0,$0,$0,$0,$0,$0,$0,$0,$0,$0,$0,$0,$0,$0,$0,$0,$0,$0
23,2012-09-30,13.01,$0.00,0.0,$32.78,0.4,$27.00,0.48,$5.35,2.43,$8.08B,$7.97B,1.01,$0.27B,$1.26B,0.21,$1.94B,$1.38B,71.19%,$1.94B,$0.49B,25.19%,$1.94B,0,0.00%,$1.94B,0,0.00%,$1.94B,$0.53B,27.21%,$1.94B,$0.32B,16.26%,$0.32B,$1.26B,26.38%,$0.32B,$1.20B,28.06%,$0.32B,$9.51B,3.11%,$0.49B,$1.52B,33.78%,$444,$126,$319,$0,$194,$320,$125,$0,$145,$55,$90,$86,$86,$0,$0,$58,58,$1.48,$1.48,$1284,$0,$0,$8079,$0,$171,$60,$1076,$1308,$9514,$7968,$266,$22,$289,$8256,$129,$244,$0,$1257,$9514,$0,$0,$0,$0,$0,$0,$0,$0,$0,$321,$-22,$0,$0,$0,$0,$0,$-10,$-32,$0,$29,$-61,$0,$0,$0,$0,$-32,$332,$0,$0
24,2012-06-30,11.89,$0.00,0.0,$31.03,0.38,$25.90,0.46,$5.01,2.37,$8.98B,$7.78B,1.16,$0.26B,$1.21B,0.22,$1.84B,$1.33B,72.23%,$1.84B,$0.44B,23.80%,$1.84B,0,0.00%,$1.84B,0,0.00%,$1.84B,$0.50B,27.28%,$1.84B,$0.30B,16.09%,$0.30B,$1.21B,25.78%,$0.30B,$1.14B,27.59%,$0.30B,$10.47B,2.94%,$0.44B,$1.47B,31.07%,$480,$122,$358,$0,$245,$367,$113,$0,$132,$57,$75,$72,$72,$0,$0,$58,58,$1.24,$1.24,$2791,$0,$0,$8983,$0,$2,$74,$1269,$1345,$10466,$7776,$262,$1208,$1480,$9256,$134,$829,$0,$1210,$10466,$0,$0,$0,$0,$0,$0,$0,$0,$620,$343,$-16,$0,$0,$0,$0,$0,$-9,$-25,$0,$0,$-59,$0,$0,$0,$4,$-55,$312,$0,$0
25,2012-03-31,18.0,$0.00,0.0,$28.84,0.62,$22.92,0.79,$4.76,3.78,$10.11B,$8.81B,1.15,$0.16B,$1.16B,0.13,$1.72B,$1.24B,72.05%,$1.72B,$0.40B,23.42%,$1.72B,0,0.00%,$1.72B,0,0.00%,$1.72B,$0.47B,27.31%,$1.72B,$0.28B,16.50%,$0.28B,$1.16B,25.81%,$0.28B,$1.09B,27.72%,$0.28B,$10.46B,2.93%,$0.40B,$1.32B,29.35%,$490,$155,$335,$0,$215,$375,$115,$0,$126,$51,$75,$73,$73,$0,$0,$58,58,$1.26,$1.26,$3240,$0,$0,$10114,$0,$2,$75,$134,$212,$10462,$8814,$156,$319,$484,$9298,$137,$711,$0,$1164,$10462,$0,$0,$0,$0,$0,$0,$0,$0,$0,$765,$-8,$0,$0,$0,$0,$0,$-6,$-14,$0,$-3,$-5,$0,$0,$0,$0,$-7,$762,$0,$0
26,2011-12-31,17.89,$0.00,0.0,$26.53,0.67,$12.56,1.42,$4.60,3.89,$8.47B,$7.09B,1.19,$0.32B,$1.15B,0.28,$1.59B,$1.17B,73.79%,$1.59B,$0.39B,24.51%,$1.59B,0,0.00%,$1.59B,0,0.00%,$1.59B,$0.45B,27.97%,$1.59B,$0.28B,17.28%,$0.28B,$1.15B,25.35%,$0.28B,$1.07B,27.25%,$0.28B,$10.06B,2.94%,$0.39B,$1.46B,27.92%,$523,$156,$367,$0,$201,$388,$135,$0,$124,$42,$82,$84,$84,$0,$0,$61,61,$1.37,$1.37,$2566,$0,$0,$8471,$0,$2,$78,$1372,$1452,$10062,$7094,$316,$1497,$1823,$8916,$144,$669,$0,$1146,$10062,$0,$0,$0,$0,$0,$0,$0,$0,$0,$222,$-25,$0,$0,$0,$0,$0,$-33,$-57,$0,$26,$-28,$0,$-23,$-123,$0,$-147,$44,$0,$0
27,2011-09-30,18.36,$0.00,0.0,$22.88,0.8,$14.07,1.31,$4.38,4.19,$7.17B,$6.78B,1.06,$0.31B,$0.00B,0.0,$1.36B,$1.06B,78.41%,$1.36B,$0.31B,23.14%,$1.36B,0,0.00%,$1.36B,0,0.00%,$1.36B,$0.39B,28.37%,$1.36B,$0.26B,19.09%,$0.26B,$1.07B,24.33%,$0.26B,$1.00B,26.17%,$0.26B,$9.28B,2.88%,$0.31B,$1.38B,22.83%,$347,$78,$269,$0,$193,$271,$75,$0,$120,$44,$76,$67,$67,$0,$0,$59,59,$1.14,$1.14,$1378,$0,$0,$7171,$0,$2,$74,$1903,$1979,$9281,$6782,$311,$1107,$1426,$8209,$0,$0,$0,$1073,$9281,$588,$0,$0,$0,$0,$0,$0,$0,$0,$287,$-49,$0,$0,$0,$0,$0,$9,$-40,$0,$26,$-19,$0,$-2,$-122,$-0,$-116,$147,$0,$0
28,2011-06-30,34.63,$0.00,0.0,$22.54,1.54,$12.61,2.75,$4.38,7.91,$6.87B,$6.50B,1.06,$0.31B,$0.00B,0.0,$1.34B,$1.04B,77.56%,$1.34B,$0.34B,25.13%,$1.34B,0,0.00%,$1.34B,0,0.00%,$1.34B,$0.36B,27.23%,$1.34B,$0.26B,19.45%,$0.26B,$1.02B,24.93%,$0.26B,$0.94B,26.85%,$0.26B,$8.97B,2.98%,$0.34B,$1.33B,24.81%,$361,$92,$269,$0,$190,$282,$78,$0,$100,$37,$63,$60,$60,$0,$0,$60,60,$0.99,$0.99,$1774,$0,$0,$6868,$0,$2,$75,$1893,$1971,$8967,$6503,$307,$1130,$1446,$7949,$0,$0,$0,$1018,$8967,$0,$0,$0,$0,$0,$0,$0,$0,$0,$163,$-5,$0,$0,$0,$0,$0,$-28,$-34,$0,$0,$-14,$0,$0,$-124,$21,$-117,$29,$0,$0
29,2011-03-31,34.68,$0.00,0.0,$21.43,1.62,$10.58,3.28,$4.33,8.01,$6.88B,$6.30B,1.09,$0.31B,$0.00B,0.0,$1.27B,$0.98B,77.17%,$1.27B,$0.33B,25.98%,$1.27B,0,0.00%,$1.27B,0,0.00%,$1.27B,$0.34B,26.77%,$1.27B,$0.26B,20.16%,$0.26B,$1.10B,25.08%,$0.26B,$1.03B,26.92%,$0.26B,$9.12B,3.10%,$0.33B,$1.42B,24.76%,$360,$91,$269,$0,$157,$259,$102,$0,$101,$37,$64,$64,$64,$0,$0,$59,59,$1.10,$1.10,$2333,$0,$0,$6878,$0,$2,$74,$2045,$2122,$9120,$6304,$313,$1393,$1714,$8018,$0,$0,$0,$1102,$9120,$0,$0,$0,$0,$0,$0,$0,$0,$0,$163,$-4,$0,$0,$0,$0,$0,$-29,$-33,$0,$0,$-5,$0,$0,$0,$6,$1,$145,$0,$0
30,2010-12-31,43.5,$0.00,0.0,$20.78,2.09,$9.39,4.63,$4.29,10.14,$6.51B,$6.01B,1.08,$0.31B,$0.00B,0.0,$1.24B,$0.96B,77.20%,$1.24B,$0.34B,27.08%,$1.24B,0,0.00%,$1.24B,0,0.00%,$1.24B,$0.35B,28.54%,$1.24B,$0.26B,20.61%,$0.26B,$1.07B,26.00%,$0.26B,$0.99B,27.85%,$0.26B,$8.60B,3.27%,$0.34B,$1.38B,25.90%,$289,$33,$257,$0,$180,$231,$59,$0,$64,$-5,$69,$68,$68,$0,$0,$59,59,$1.15,$1.15,$2163,$0,$0,$6510,$0,$2,$76,$1893,$1972,$8596,$6013,$312,$1198,$1517,$7531,$0,$0,$0,$1065,$8596,$0,$0,$0,$0,$0,$0,$0,$0,$0,$295,$-15,$0,$0,$0,$0,$-24,$-15,$-53,$0,$-45,$-30,$0,$0,$-53,$-0,$-128,$152,$0,$0
31,2010-09-30,38.59,$0.00,0.0,$20.93,1.84,$10.90,3.54,$4.20,9.19,$6.18B,$5.77B,1.07,$0.31B,$0.00B,0.0,$1.24B,$0.89B,71.70%,$1.24B,$0.33B,26.29%,$1.24B,0,0.00%,$1.24B,0,0.00%,$1.24B,$0.37B,30.06%,$1.24B,$0.25B,20.10%,$0.25B,$0.99B,26.58%,$0.25B,$0.91B,28.07%,$0.25B,$8.19B,3.42%,$0.33B,$1.30B,26.07%,$327,$85,$242,$0,$145,$231,$97,$0,$99,$31,$68,$68,$68,$0,$0,$59,59,$1.14,$1.14,$2397,$0,$0,$6176,$0,$2,$74,$1824,$1900,$8186,$5773,$313,$1114,$1427,$7199,$0,$0,$0,$987,$8186,$0,$0,$0,$0,$0,$0,$0,$0,$142,$160,$-9,$0,$0,$0,$0,$-23,$2,$-30,$0,$0,$-19,$0,$0,$-53,$-43,$-115,$43,$0,$0
32,2010-06-30,25.52,$0.00,0.0,$21.04,1.21,$11.50,2.22,$3.90,6.54,$5.30B,$4.86B,1.09,$0.31B,$0.00B,0.0,$1.25B,$0.89B,71.20%,$1.25B,$0.34B,26.96%,$1.25B,0,0.00%,$1.25B,0,0.00%,$1.25B,$0.38B,30.56%,$1.25B,$0.23B,18.56%,$0.23B,$0.93B,25.85%,$0.23B,$0.87B,27.19%,$0.23B,$7.08B,3.40%,$0.34B,$1.24B,27.82%,$294,$82,$212,$0,$140,$222,$72,$0,$76,$19,$57,$56,$56,$0,$0,$60,60,$0.94,$0.94,$2116,$0,$0,$5296,$0,$109,$55,$1518,$1682,$7078,$4864,$311,$975,$1285,$6150,$0,$0,$0,$929,$7078,$0,$0,$0,$0,$0,$0,$0,$0,$282,$40,$-4,$0,$0,$0,$0,$0,$-2,$-6,$0,$0,$-15,$0,$0,$-54,$-49,$-117,$-63,$0,$0
33,2010-03-31,25.12,$0.00,0.0,$20.40,1.23,$12.12,2.07,$3.68,6.83,$5.50B,$5.11B,1.08,$0.32B,$0.00B,0.0,$1.21B,$0.83B,68.82%,$1.21B,$0.30B,24.57%,$1.21B,0,0.00%,$1.21B,0,0.00%,$1.21B,$0.42B,34.33%,$1.21B,$0.22B,18.11%,$0.22B,$0.94B,25.43%,$0.22B,$0.89B,26.79%,$0.22B,$7.37B,3.25%,$0.30B,$1.26B,25.20%,$327,$83,$244,$0,$128,$220,$107,$0,$114,$50,$64,$63,$63,$0,$0,$59,59,$1.06,$1.06,$2240,$0,$0,$5502,$0,$3,$56,$1699,$1758,$7372,$5112,$316,$1002,$1318,$6430,$0,$0,$0,$942,$7372,$0,$0,$0,$0,$0,$0,$0,$0,$159,$93,$-2,$0,$0,$0,$0,$0,$-2,$-4,$0,$0,$-5,$0,$0,$0,$-50,$-55,$48,$0,$0
34,2009-12-31,25.01,$0.00,0.0,$20.02,1.25,$11.21,2.23,$3.31,7.56,$5.57B,$4.80B,1.16,$0.32B,$0.90B,0.35,$1.19B,$0.80B,67.48%,$1.19B,$0.31B,26.30%,$1.19B,0,0.00%,$1.19B,0,0.00%,$1.19B,$0.37B,30.92%,$1.19B,$0.20B,16.64%,$0.20B,$0.90B,23.77%,$0.20B,$0.89B,25.02%,$0.20B,$6.63B,3.11%,$0.31B,$1.22B,26.97%,$296,$102,$194,$0,$119,$245,$51,$0,$85,$21,$64,$63,$63,$0,$0,$59,59,$1.06,$1.06,$2841,$0,$0,$5567,$0,$107,$15,$835,$957,$6631,$4803,$316,$608,$923,$5726,$0,$470,$0,$904,$6631,$0,$0,$0,$0,$0,$0,$0,$0,$632,$376,$-9,$0,$0,$0,$0,$0,$-0,$-9,$0,$0,$-44,$0,$-15,$-40,$-28,$-128,$284,$0,$0
35,2009-09-30,20.3,$0.00,0.0,$18.42,1.1,$10.91,1.86,$3.15,6.44,$5.13B,$4.29B,1.2,$0.31B,$0.00B,0.0,$1.11B,$0.73B,66.37%,$1.11B,$0.23B,20.98%,$1.11B,0,0.00%,$1.11B,0,0.00%,$1.11B,$0.37B,33.00%,$1.11B,$0.19B,17.27%,$0.19B,$0.82B,22.98%,$0.19B,$0.76B,24.25%,$0.19B,$6.19B,2.94%,$0.23B,$1.13B,19.71%,$333,$93,$240,$0,$133,$226,$107,$0,$107,$57,$50,$50,$50,$0,$0,$59,59,$0.84,$0.84,$1975,$0,$0,$5131,$0,$96,$51,$811,$958,$6192,$4287,$314,$776,$1090,$5377,$0,$0,$0,$815,$6192,$-216,$0,$0,$0,$0,$0,$0,$0,$623,$193,$-6,$0,$0,$0,$0,$0,$1,$-6,$0,$0,$-33,$0,$-15,$-39,$-30,$-116,$114,$0,$0
36,2009-06-30,13.23,$0.00,0.0,$17.52,0.76,$11.28,1.17,$3.11,4.25,$5.78B,$4.82B,1.2,$0.32B,$0.00B,0.0,$1.09B,$0.69B,63.64%,$1.09B,$0.21B,18.82%,$1.09B,0,0.00%,$1.09B,0,0.00%,$1.09B,$0.34B,31.04%,$1.09B,$0.20B,17.91%,$0.20B,$0.78B,22.86%,$0.20B,$0.73B,24.19%,$0.20B,$6.77B,2.83%,$0.21B,$1.11B,16.78%,$253,$99,$154,$0,$122,$221,$32,$0,$109,$65,$44,$43,$43,$0,$0,$59,59,$0.72,$0.72,$2196,$0,$0,$5784,$0,$3,$53,$819,$875,$6771,$4818,$324,$841,$1170,$5987,$0,$0,$0,$784,$6771,$0,$0,$0,$0,$0,$0,$0,$0,$0,$74,$-2,$0,$0,$0,$0,$0,$-1,$-3,$0,$0,$-30,$0,$-15,$0,$-30,$-76,$1,$0,$0
37,2009-03-31,8.3,$0.00,0.0,$16.92,0.49,$10.06,0.82,$3.19,2.6,$2.54B,$3.86B,0.66,$0.36B,$0.83B,0.43,$1.07B,$0.68B,63.65%,$1.07B,$0.19B,18.08%,$1.07B,0,0.00%,$1.07B,0,0.00%,$1.07B,$0.30B,27.96%,$1.07B,$0.20B,19.01%,$0.20B,$0.83B,23.21%,$0.20B,$0.78B,24.13%,$0.20B,$5.91B,2.95%,$0.19B,$1.19B,16.11%,$308,$93,$215,$0,$85,$185,$123,$0,$67,$22,$44,$42,$42,$0,$0,$60,60,$0.69,$0.69,$260,$0,$0,$2542,$0,$1853,$48,$1369,$3270,$5906,$3863,$356,$857,$1213,$5076,$0,$385,$0,$829,$5906,$0,$0,$0,$0,$0,$0,$0,$0,$0,$38,$-1,$0,$0,$0,$0,$-0,$-6,$-8,$0,$-15,$-5,$0,$-15,$0,$-1,$-36,$-6,$0,$0
38,2008-12-31,8.84,$0.00,0.0,$15.08,0.59,$6.86,1.29,$3.20,2.76,$6.01B,$5.05B,1.19,$0.39B,$0.90B,0.44,$0.99B,$0.63B,63.07%,$0.99B,$0.11B,11.50%,$0.99B,0,0.00%,$0.99B,0,0.00%,$0.99B,$0.29B,29.57%,$0.99B,$0.21B,21.19%,$0.21B,$0.90B,23.38%,$0.21B,$0.88B,24.51%,$0.21B,$7.13B,2.94%,$0.11B,$1.29B,9.23%,$212,$87,$125,$0,$128,$242,$-30,$0,$82,$25,$56,$56,$56,$0,$0,$62,62,$0.90,$0.90,$2473,$0,$0,$6006,$0,$188,$20,$781,$988,$7131,$5049,$391,$790,$1186,$6235,$0,$398,$0,$896,$7131,$0,$0,$0,$0,$0,$0,$0,$0,$0,$389,$-23,$0,$0,$0,$0,$0,$9,$-14,$0,$0,$-48,$0,$-121,$-54,$-23,$-246,$129,$0,$0
39,2008-09-30,15.12,$0.00,0.0,$13.10,1.15,$0.07,210.27,$3.10,4.88,$6.12B,$5.54B,1.1,$0.40B,$0.90B,0.45,$0.88B,$0.54B,61.30%,$0.88B,$0.09B,10.16%,$0.88B,0,0.00%,$0.88B,0,0.00%,$0.88B,$0.28B,31.62%,$0.88B,$0.21B,23.74%,$0.21B,$0.90B,23.31%,$0.21B,$0.84B,24.46%,$0.21B,$7.78B,2.99%,$0.09B,$1.31B,7.15%,$316,$117,$199,$0,$119,$236,$80,$0,$80,$27,$54,$54,$54,$0,$0,$67,67,$0.80,$0.80,$2041,$0,$0,$6117,$0,$9,$64,$1460,$1534,$7782,$5544,$403,$927,$1335,$6879,$225,$384,$0,$903,$7782,$0,$0,$0,$0,$0,$0,$0,$0,$0,$251,$-14,$0,$0,$0,$0,$0,$9,$-5,$0,$-4,$-45,$0,$-90,$-56,$-13,$-209,$40,$0,$0
40,2008-06-30,13.58,$0.00,0.0,$10.40,1.31,$-6.22,0.0,$2.70,5.03,$6.41B,$4.79B,1.34,$0.15B,$0.00B,0.0,$0.70B,$0.42B,59.34%,$0.70B,$-0.01B,-1.57%,$0.70B,0,0.00%,$0.70B,0,0.00%,$0.70B,$0.23B,32.95%,$0.70B,$0.18B,25.96%,$0.18B,$0.89B,20.93%,$0.18B,$0.89B,22.11%,$0.18B,$6.80B,2.76%,$-0.01B,$1.04B,-0.90%,$237,$93,$144,$0,$123,$216,$21,$0,$71,$19,$52,$52,$52,$0,$0,$65,65,$0.80,$0.80,$2275,$0,$0,$6413,$0,$3,$0,$380,$383,$6796,$4785,$151,$971,$1123,$5908,$0,$0,$0,$888,$6796,$0,$0,$0,$0,$0,$0,$0,$0,$0,$0,$0,$0,$0,$0,$0,$0,$0,$0,$0,$0,$0,$0,$0,$0,$0,$0,$0,$0,$0
41,2008-03-31,19.87,$0.00,0.0,$8.98,2.21,$-7.02,0.0,$2.50,7.95,$5.88B,$4.64B,1.27,$0.40B,$0.91B,0.44,$0.61B,$0.36B,59.50%,$0.61B,$-0.03B,-5.45%,$0.61B,0,0.00%,$0.61B,0,0.00%,$0.61B,$0.21B,33.88%,$0.61B,$0.17B,27.60%,$0.17B,$0.91B,19.72%,$0.17B,$0.83B,21.32%,$0.17B,$6.87B,2.63%,$-0.03B,$1.31B,-2.61%,$226,$69,$157,$0,$104,$183,$43,$0,$60,$12,$48,$48,$48,$0,$0,$69,69,$0.70,$0.70,$2017,$0,$0,$5884,$0,$3,$80,$784,$868,$6871,$4643,$400,$918,$1322,$5965,$0,$440,$0,$906,$6871,$0,$0,$0,$0,$0,$0,$0,$0,$0,$-174,$-5,$0,$0,$0,$0,$0,$1,$-4,$0,$-16,$0,$0,$-3,$0,$-12,$-31,$-208,$0,$0
42,2007-12-31,19.39,$0.00,0.0,$7.58,2.56,$-7.85,0.0,$2.40,8.08,$5.56B,$4.44B,1.25,$0.45B,$0.87B,0.52,$0.50B,$0.29B,57.14%,$0.50B,$-0.08B,-15.67%,$0.50B,0,0.00%,$0.50B,0,0.00%,$0.50B,$0.19B,37.50%,$0.50B,$0.16B,31.55%,$0.16B,$0.87B,19.46%,$0.16B,$0.85B,20.97%,$0.16B,$6.37B,2.66%,$-0.08B,$1.33B,-6.51%,$97,$60,$37,$0,$61,$152,$-55,$0,$66,$12,$54,$54,$54,$0,$0,$67,67,$0.80,$0.80,$2276,$0,$0,$5558,$0,$66,$23,$603,$692,$6370,$4443,$453,$597,$1055,$5498,$0,$400,$0,$872,$6370,$0,$0,$0,$0,$0,$0,$0,$0,$0,$-33,$-25,$0,$0,$0,$0,$0,$-1,$-26,$0,$0,$237,$0,$0,$-33,$13,$217,$158,$0,$0
43,2007-09-30,23.05,$0.00,0.0,$7.29,3.16,$-2.52,0.0,$2.30,10.02,$3.83B,$4.33B,0.89,$0.41B,$0.81B,0.5,$0.49B,$0.30B,62.55%,$0.49B,$-0.09B,-18.52%,$0.49B,0,0.00%,$0.49B,0,0.00%,$0.49B,$0.18B,37.24%,$0.49B,$0.15B,31.48%,$0.15B,$0.81B,19.40%,$0.15B,$0.73B,21.00%,$0.15B,$6.31B,2.74%,$-0.09B,$1.22B,-8.09%,$141,$63,$78,$0,$99,$162,$-20,$0,$34,$5,$28,$28,$28,$0,$0,$70,70,$0.40,$0.40,$914,$0,$0,$3826,$0,$1494,$83,$801,$2378,$6314,$4325,$407,$766,$1177,$5502,$0,$340,$0,$812,$6314,$0,$0,$0,$0,$0,$0,$0,$0,$0,$-184,$-11,$0,$0,$0,$0,$-0,$-6,$-17,$0,$0,$235,$0,$0,$-33,$3,$205,$4,$0,$0
44,2007-06-30,25.77,$0.00,0.0,$6.81,3.79,$4.31,5.98,$2.40,10.74,$3.49B,$3.92B,0.89,$0.41B,$0.80B,0.51,$0.45B,$0.30B,66.44%,$0.45B,$-0.07B,-14.89%,$0.45B,0,0.00%,$0.45B,0,0.00%,$0.45B,$0.19B,42.22%,$0.45B,$0.16B,35.33%,$0.16B,$0.80B,20.87%,$0.16B,$0.73B,22.43%,$0.16B,$5.84B,3.12%,$-0.07B,$1.20B,-6.77%,$141,$52,$88,$0,$90,$142,$-1,$0,$45,$8,$37,$37,$37,$0,$0,$62,62,$0.60,$0.60,$935,$0,$0,$3487,$0,$1435,$69,$736,$2239,$5838,$3923,$407,$708,$1119,$5041,$0,$313,$0,$797,$5838,$0,$0,$0,$0,$0,$0,$0,$0,$0,$-50,$0,$0,$0,$0,$0,$0,$0,$0,$0,$0,$0,$0,$0,$0,$0,$0,$-50,$0,$0
45,2007-03-31,26.27,$0.00,0.0,$4.55,5.77,$5.11,5.14,$1.80,14.59,$3.11B,$3.56B,0.87,$0.32B,$0.79B,0.4,$0.42B,$0.31B,72.34%,$0.42B,$-0.03B,-7.09%,$0.42B,0,0.00%,$0.42B,0,0.00%,$0.42B,$0.18B,42.79%,$0.42B,$0.16B,36.64%,$0.16B,$0.79B,21.17%,$0.16B,$0.73B,22.51%,$0.16B,$5.42B,3.38%,$-0.03B,$1.11B,-3.49%,$125,$40,$85,$0,$86,$128,$-3,$0,$44,$5,$40,$40,$40,$0,$0,$66,66,$0.60,$0.60,$725,$0,$0,$3106,$0,$1349,$62,$795,$2206,$5421,$3558,$318,$732,$1076,$4633,$0,$341,$0,$788,$5421,$0,$0,$0,$0,$0,$0,$0,$0,$0,$-227,$0,$0,$0,$0,$0,$0,$0,$0,$0,$0,$0,$0,$0,$0,$0,$0,$-227,$0,$0
46,2006-12-31,24.16,$0.00,0.0,$2.67,9.05,$8.53,2.83,$1.20,20.13,$3.09B,$3.35B,0.92,$0.17B,$0.00B,0.0,$0.39B,$0.30B,76.53%,$0.39B,0,0.00%,$0.39B,0,0.00%,$0.39B,0,0.00%,$0.39B,$0.16B,41.84%,$0.39B,$0.14B,35.46%,$0.14B,$0.76B,19.78%,$0.14B,$0.73B,20.78%,$0.14B,$4.74B,3.44%,$0.00B,$0.92B,0.00%,$79,$26,$53,$0,$120,$144,$-66,$0,$58,$10,$48,$48,$48,$0,$0,$68,68,$0.70,$0.70,$859,$0,$0,$3087,$0,$1057,$27,$463,$1546,$4743,$3345,$166,$449,$641,$3986,$0,$0,$0,$757,$4743,$0,$0,$0,$0,$0,$0,$0,$0,$0,$305,$0,$0,$0,$0,$0,$-466,$82,$-383,$0,$0,$0,$0,$154,$-22,$417,$548,$470,$0,$0
