,Date,Stock Price,Book Value per Share,Price to Book Ratio,TTM Sales per Share,Price to Sales Ratio,TTM FCF per Share,Price to FCF Ratio,TTM Net EPS,PE Ratio,Current Assets,Current Liabilities,Current Ratio,Long Term Debt,Shareholder's Equity_x,Debt to Equity Ratio,TTM Revenue_x,TTM Gross Profit,Gross Margin,TTM Revenue_y,TTM Operating Income,Operating Margin,TTM Revenue_x,TTM EBIT,EBIT Margin,TTM Revenue_y,TTM EBITDA,EBITDA Margin,TTM Revenue_x,TTM Pre-Tax Income,Pre-Tax Margin,TTM Revenue_y,TTM Net Income_x,Net Margin,TTM Net Income_y,Shareholder's Equity_y,Return on Equity,TTM Net Income_x,Tangible Equity,Return on Tangible Equity,TTM Net Income_y,Total Assets,Return on Assets,TTM Net Income,LT Investments & Debt,Return on Investment,revenue,cost-goods-sold,gross-profit,research-development-expenses,selling-general-administrative-expenses,operating-expenses,operating-income,total-non-operating-income-expense,pre-tax-income,total-provision-income-taxes,income-after-taxes,income-from-continuous-operations,net-income,ebitda,ebit,basic-shares-outstanding,shares-outstanding,eps-basic-net-earnings-per-share,eps-earnings-per-share-diluted,cash-on-hand,inventory,other-current-assets,total-current-assets,net-property-plant-equipment,long-term-investments,goodwill-intangible-assets-total,other-long-term-assets,total-long-term-assets,total-assets,total-current-liabilities,long-term-debt,other-non-current-liabilities,total-long-term-liabilities,total-liabilities,common-stock-net,retained-earnings-accumulated-deficit,comprehensive-income,total-share-holder-equity,total-liabilities-share-holders-equity,net-income-loss,total-depreciation-amortization-cash-flow,other-non-cash-items,total-non-cash-items,change-in-accounts-receivable,change-in-inventories,change-in-accounts-payable,change-in-assets-liabilities,total-change-in-assets-liabilities,cash-flow-from-operating-activities,net-change-in-property-plant-equipment,net-change-in-intangible-assets,net-acquisitions-divestitures,net-change-in-short-term-investments,net-change-in-long-term-investments,net-change-in-investments-total,investing-activities-other,cash-flow-from-investing-activities,net-long-term-debt,net-current-debt,debt-issuance-retirement-net-total,net-common-equity-issued-repurchased,net-total-equity-issued-repurchased,total-common-preferred-stock-dividends-paid,financial-activities-other,cash-flow-from-financial-activities,net-cash-flow,stock-based-compensation,common-stock-dividends-paid
0,2018-07-31,79.28,$53.62,1.48,$37.33,2.12,$38.13,2.08,$5.84,13.58,$564.41B,$485.07B,1.16,$4.31B,$31.06B,0.14,$24.17B,$17.88B,74.00%,$24.17B,$5.33B,22.04%,$24.17B,0,0.00%,$24.17B,0,0.00%,$24.17B,$5.33B,22.04%,$24.17B,$3.76B,15.57%,$3.76B,$34.31B,11.03%,$3.76B,$27.81B,13.64%,$3.76B,$586.77B,0.66%,$5.33B,$38.62B,13.83%,$6368,$1906,$4462,$0,$2848,$4851,$1517,$0,$1517,$340,$1178,$1178,$1139,$0,$0,$640,642,$1.78,$1.77,$262607,$0,$0,$564407,$1475,$0,$6503,$12801,$22362,$586769,$485068,$4307,$63029,$67387,$552455,$9909,$19098,$1826,$34314,$586769,$2879,$421,$1083,$1503,$-12864,$0,$171,$19325,$6267,$10649,$-129,$0,$0,$-807,$-4678,$-5484,$-318,$-5931,$3777,$0,$3777,$-623,$-623,$-1471,$0,$1683,$6496,$0,$-1471
1,2018-04-30,75.02,$53.53,1.4,$35.50,2.11,$29.86,2.51,$5.60,13.4,$560.88B,$479.57B,1.17,$4.41B,$30.97B,0.14,$23.08B,$17.56B,76.09%,$23.08B,$5.17B,22.40%,$23.08B,0,0.00%,$23.08B,0,0.00%,$23.08B,$5.17B,22.40%,$23.08B,$3.68B,15.92%,$3.68B,$34.29B,10.92%,$3.68B,$27.67B,13.50%,$3.68B,$582.88B,0.66%,$5.17B,$38.70B,13.62%,$6023,$1620,$4403,$0,$3077,$4797,$1225,$0,$1225,$248,$977,$977,$941,$0,$0,$644,646,$1.46,$1.46,$258850,$0,$0,$560876,$1541,$0,$6626,$12148,$22008,$582884,$479574,$4411,$64462,$69018,$548591,$10133,$18907,$1691,$34292,$582884,$1739,$289,$805,$1094,$-8886,$0,$106,$12322,$2917,$5751,$-93,$0,$0,$-866,$-3442,$-4308,$-209,$-4611,$2847,$0,$2847,$-570,$-570,$-1000,$0,$1277,$2605,$0,$-1000
2,2018-01-31,80.56,$52.48,1.54,$34.33,2.35,$29.50,2.73,$5.52,14.59,$553.52B,$467.40B,1.18,$5.11B,$30.52B,0.17,$22.39B,$17.47B,78.01%,$22.39B,$5.07B,22.64%,$22.39B,0,0.00%,$22.39B,0,0.00%,$22.39B,$5.07B,22.64%,$22.39B,$3.64B,16.25%,$3.64B,$33.88B,10.86%,$3.64B,$27.39B,13.43%,$3.64B,$575.78B,0.66%,$5.07B,$38.99B,13.51%,$5929,$1437,$4491,$0,$3022,$4556,$1372,$0,$1372,$603,$770,$770,$770,$0,$0,$648,650,$1.13,$1.13,$258182,$0,$0,$553516,$1554,$0,$6486,$12490,$22260,$575776,$467400,$5112,$69224,$74500,$541899,$10299,$18906,$1076,$33877,$575776,$770,$144,$596,$740,$-3452,$0,$-26,$9138,$4996,$6505,$-51,$0,$0,$-388,$776,$388,$-104,$233,$1433,$0,$1433,$-195,$-195,$-499,$0,$739,$6771,$0,$-499
3,2017-10-31,74.3,$52.38,1.42,$32.96,2.25,$28.77,2.58,$6.05,12.28,$474.59B,$443.94B,1.07,$3.85B,$30.69B,0.13,$21.49B,$17.03B,79.26%,$21.49B,$5.08B,23.66%,$21.49B,0,0.00%,$21.49B,0,0.00%,$21.49B,$5.08B,23.66%,$21.49B,$3.95B,18.38%,$3.95B,$33.93B,11.96%,$3.95B,$27.50B,14.83%,$3.95B,$542.83B,0.74%,$5.08B,$37.78B,13.90%,$5847,$1320,$4527,$0,$3213,$4634,$1213,$0,$1213,$225,$989,$989,$913,$0,$0,$650,652,$1.47,$1.45,$185249,$0,$0,$474586,$1555,$49059,$6428,$9009,$68243,$542829,$443942,$3847,$60931,$64956,$508898,$9969,$18137,$2345,$33931,$542829,$4093,$545,$871,$1415,$-6875,$0,$11,$3921,$-3283,$2225,$-230,$0,$0,$-1717,$-72,$-1789,$-394,$-2414,$2988,$0,$2988,$-223,$83,$-1538,$-7,$1527,$724,$0,$-1538
4,2017-07-31,72.91,$50.17,1.45,$30.64,2.38,$22.36,3.26,$6.14,11.88,$468.85B,$436.26B,1.08,$3.84B,$29.33B,0.13,$19.93B,$15.87B,79.60%,$19.93B,$8.97B,45.03%,$19.93B,0,0.00%,$19.93B,0,0.00%,$19.93B,$5.16B,25.89%,$19.93B,$3.97B,19.94%,$3.97B,$32.54B,12.22%,$3.97B,$26.35B,15.21%,$3.97B,$537.13B,0.75%,$8.97B,$36.38B,24.97%,$5279,$1141,$4138,$0,$2689,$3919,$1360,$0,$1360,$309,$1051,$1051,$1051,$0,$0,$652,654,$1.55,$1.55,$183865,$0,$0,$468851,$1492,$48127,$6190,$10350,$68281,$537132,$436258,$3838,$64316,$68330,$504588,$9887,$17573,$1639,$32544,$537132,$3125,$402,$659,$1061,$-9936,$0,$-26,$11679,$1243,$5430,$-127,$0,$0,$-1430,$-1028,$-2457,$-279,$-2864,$352,$0,$352,$-158,$145,$-1043,$-7,$-553,$698,$0,$-1043
5,2017-04-30,67.45,$51.73,1.3,$30.73,2.19,$22.69,2.97,$6.02,11.2,$471.32B,$441.62B,1.07,$3.24B,$30.47B,0.11,$19.93B,$16.08B,80.66%,$19.93B,$8.84B,44.37%,$19.93B,0,0.00%,$19.93B,0,0.00%,$19.93B,$5.03B,25.23%,$19.93B,$3.85B,19.33%,$3.85B,$33.73B,11.95%,$3.85B,$27.15B,14.95%,$3.85B,$539.93B,0.73%,$8.84B,$36.97B,24.87%,$5337,$1026,$4311,$0,$3095,$4212,$1125,$0,$1125,$188,$937,$937,$905,$0,$0,$651,654,$1.39,$1.39,$184925,$0,$0,$471317,$1552,$49257,$6581,$8838,$68609,$539926,$441617,$3243,$61153,$64579,$506197,$9817,$17050,$3373,$33730,$539926,$2055,$267,$382,$648,$-5168,$0,$-16,$8448,$2854,$5557,$-70,$0,$0,$-1340,$105,$-1235,$-182,$-1487,$-1373,$0,$-1373,$100,$475,$-605,$-3,$-1506,$2910,$0,$-605
6,2017-01-31,71.35,$49.08,1.45,$30.51,2.34,$21.41,3.33,$5.73,12.45,$452.37B,$424.33B,1.07,$3.28B,$28.97B,0.11,$19.72B,$16.04B,81.33%,$19.72B,$8.81B,44.65%,$19.72B,0,0.00%,$19.72B,0,0.00%,$19.72B,$4.79B,24.31%,$19.72B,$3.68B,18.67%,$3.68B,$31.85B,11.81%,$3.68B,$25.56B,14.86%,$3.68B,$519.08B,0.71%,$8.81B,$35.12B,25.49%,$5022,$970,$4052,$0,$2577,$3636,$1386,$0,$1386,$271,$1116,$1116,$1081,$0,$0,$648,648,$1.67,$1.66,$177248,$0,$0,$452370,$1546,$48157,$6287,$8521,$66711,$519080,$424332,$3276,$59441,$62901,$487232,$9589,$16551,$2583,$31848,$519080,$1116,$132,$258,$390,$776,$0,$-80,$4132,$4485,$5991,$-25,$0,$0,$-1185,$-574,$-1759,$-83,$-1868,$-1295,$0,$-1295,$50,$50,$-304,$0,$-1549,$1819,$0,$-304
7,2016-10-31,59.47,$49.44,1.2,$29.76,2.0,$22.35,2.66,$5.22,11.39,$451.18B,$416.54B,1.08,$3.35B,$29.03B,0.12,$19.40B,$15.91B,82.00%,$19.40B,$8.33B,42.96%,$19.40B,0,0.00%,$19.40B,0,0.00%,$19.40B,$4.32B,22.29%,$19.40B,$3.37B,17.39%,$3.37B,$31.93B,10.96%,$3.37B,$25.47B,13.87%,$3.37B,$518.91B,0.65%,$8.33B,$35.28B,24.29%,$4292,$928,$3364,$0,$-962,$-811,$5103,$0,$1288,$268,$1020,$1026,$937,$0,$0,$644,646,$1.53,$1.53,$170765,$0,$0,$451177,$1619,$49427,$6456,$7891,$67732,$518909,$416537,$3348,$66913,$70444,$486981,$9458,$15995,$3339,$31928,$518909,$3493,$500,$917,$1417,$-17587,$0,$48,$10905,$-6908,$-1997,$-169,$0,$-9162,$2268,$-4210,$-1942,$-299,$-11572,$7145,$0,$7145,$103,$556,$-1681,$-5,$6016,$-6519,$0,$-1681
8,2016-07-31,59.36,$48.73,1.22,$30.31,1.96,$28.34,2.09,$5.07,11.71,$466.83B,$430.11B,1.09,$3.44B,$28.92B,0.12,$19.85B,$17.16B,86.46%,$19.85B,$4.39B,22.13%,$19.85B,0,0.00%,$19.85B,0,0.00%,$19.85B,$4.19B,21.10%,$19.85B,$3.36B,16.91%,$3.36B,$31.42B,10.88%,$3.36B,$24.92B,13.80%,$3.36B,$533.98B,0.65%,$4.39B,$34.87B,12.76%,$5280,$931,$4349,$0,$3032,$4050,$1230,$0,$1230,$269,$961,$961,$930,$0,$0,$644,647,$1.44,$1.44,$185715,$0,$0,$466825,$1742,$48892,$6506,$7607,$67153,$533979,$430114,$3444,$68802,$72441,$502555,$9621,$15792,$3261,$31423,$533979,$2537,$380,$709,$1089,$-15688,$0,$12,$17744,$2027,$5653,$-200,$0,$-9324,$674,$-3167,$-2493,$-226,$-12243,$5386,$0,$5386,$82,$82,$-1297,$0,$4171,$-1966,$0,$-1297
9,2016-04-30,59.71,$0.00,0.0,$29.23,2.04,$39.05,1.53,$5.09,11.73,$442.25B,$444.18B,1.0,$3.50B,$26.98B,0.13,$19.14B,$16.52B,86.29%,$19.14B,$4.35B,22.71%,$19.14B,0,0.00%,$19.14B,0,0.00%,$19.14B,$4.15B,21.67%,$19.14B,$3.38B,17.65%,$3.38B,$29.43B,10.98%,$3.38B,$23.15B,13.96%,$3.38B,$513.75B,0.65%,$4.35B,$32.93B,12.64%,$5126,$853,$4274,$0,$2648,$4040,$1086,$0,$890,$157,$734,$733,$733,$0,$0,$643,645,$1.10,$1.10,$184654,$0,$0,$442253,$0,$44658,$6278,$18881,$69817,$513751,$444177,$3500,$36647,$40147,$484324,$9326,$14932,$0,$29426,$513751,$1539,$199,$0,$199,$0,$0,$0,$0,$-835,$4869,$-277,$0,$-9106,$0,$0,$0,$-1573,$-10955,$0,$0,$1986,$0,$43,$-865,$2014,$3178,$-3157,$0,$0
10,2016-01-31,48.55,$0.00,0.0,$28.21,1.72,$45.35,1.07,$5.18,9.37,$437.31B,$443.94B,0.99,$3.83B,$27.99B,0.14,$18.50B,$15.84B,85.62%,$18.50B,$4.24B,22.92%,$18.50B,0,0.00%,$18.50B,0,0.00%,$18.50B,$4.24B,22.92%,$18.50B,$3.44B,18.59%,$3.44B,$30.35B,11.21%,$3.44B,$23.72B,14.25%,$3.44B,$509.92B,0.66%,$4.24B,$34.18B,12.36%,$4700,$780,$3920,$0,$2518,$3785,$915,$0,$916,$137,$779,$773,$773,$0,$0,$667,671,$1.16,$1.15,$185740,$0,$0,$437313,$0,$45949,$6631,$18326,$70906,$509924,$443941,$3828,$31803,$35631,$479572,$9007,$14153,$0,$30352,$509924,$779,$180,$0,$180,$0,$0,$0,$0,$0,$6868,$-53,$0,$-8807,$0,$0,$0,$-1129,$-9989,$0,$0,$729,$0,$28,$-413,$-199,$145,$-973,$0,$0
11,2015-10-31,52.11,$0.00,0.0,$28.83,1.81,$48.14,1.08,$5.19,10.04,$451.69B,$411.50B,1.1,$3.56B,$32.17B,0.11,$18.76B,$15.22B,81.13%,$18.76B,$3.90B,20.79%,$18.76B,0,0.00%,$18.76B,0,0.00%,$18.76B,$4.30B,22.94%,$18.76B,$3.45B,18.39%,$3.45B,$32.17B,11.05%,$3.45B,$25.50B,14.03%,$3.45B,$517.30B,0.64%,$3.90B,$35.73B,11.15%,$4744,$126,$4619,$0,$4648,$3584,$1161,$0,$1153,$222,$932,$920,$920,$0,$0,$659,659,$1.39,$1.39,$182493,$0,$0,$451689,$0,$47112,$6671,$9990,$63773,$517303,$411496,$3559,$70082,$73641,$485137,$12534,$15256,$0,$32167,$517303,$3550,$331,$0,$331,$0,$0,$0,$0,$-2905,$1880,$-144,$0,$0,$0,$0,$3667,$-278,$3245,$0,$0,$2106,$0,$-298,$-1750,$-4,$53,$9598,$0,$0
12,2015-07-31,49.59,$0.00,0.0,$29.03,1.71,$40.88,1.21,$5.17,9.59,$405.70B,$469.71B,0.86,$3.57B,$28.99B,0.12,$18.84B,$14.38B,76.30%,$18.84B,$3.74B,19.84%,$18.84B,0,0.00%,$18.84B,0,0.00%,$18.84B,$4.31B,22.89%,$18.84B,$3.46B,18.35%,$3.46B,$31.11B,11.04%,$3.46B,$24.40B,14.03%,$3.46B,$540.78B,0.64%,$3.74B,$34.68B,10.59%,$4569,$868,$3702,$0,$2016,$3386,$1184,$0,$1188,$229,$959,$952,$952,$0,$0,$643,646,$1.45,$1.45,$149660,$0,$0,$405704,$0,$47305,$6705,$79231,$133241,$540778,$469714,$3565,$36389,$39954,$509668,$9888,$14702,$0,$31110,$540778,$2566,$14069,$0,$14069,$0,$0,$0,$0,$0,$12357,$0,$0,$-483,$0,$0,$0,$2994,$2512,$0,$0,$0,$0,$25,$-1304,$-1845,$-3124,$16354,$0,$0
13,2015-04-30,57.31,$0.00,0.0,$29.51,1.94,$35.49,1.61,$5.24,10.94,$430.80B,$438.46B,0.98,$3.55B,$26.69B,0.13,$19.17B,$14.50B,75.64%,$19.17B,$3.72B,19.38%,$19.17B,0,0.00%,$19.17B,0,0.00%,$19.17B,$4.35B,22.70%,$19.17B,$3.53B,18.42%,$3.53B,$29.12B,11.22%,$3.53B,$22.90B,14.25%,$3.53B,$506.62B,0.65%,$3.72B,$32.67B,10.48%,$4488,$889,$3599,$0,$2112,$3507,$980,$0,$983,$184,$799,$794,$794,$0,$0,$646,648,$1.19,$1.19,$187278,$0,$0,$430800,$0,$48332,$6226,$19443,$74001,$506620,$438463,$3548,$35486,$39034,$477498,$9864,$14212,$0,$29122,$506620,$1599,$307,$0,$307,$0,$0,$0,$0,$0,$8694,$0,$0,$0,$0,$0,$-6710,$5995,$-714,$0,$0,$2198,$0,$0,$-831,$-1586,$-218,$9614,$0,$0
14,2015-01-31,49.95,$0.00,0.0,$29.93,1.67,$34.96,1.43,$5.52,9.05,$495.19B,$502.78B,0.99,$4.27B,$29.91B,0.14,$19.44B,$14.65B,75.33%,$19.44B,$3.98B,20.49%,$19.44B,0,0.00%,$19.44B,0,0.00%,$19.44B,$4.53B,23.31%,$19.44B,$3.72B,19.12%,$3.72B,$32.53B,11.76%,$3.72B,$25.55B,14.73%,$3.72B,$578.56B,0.68%,$3.98B,$36.80B,11.19%,$4962,$1660,$3302,$0,$2214,$4387,$575,$0,$980,$120,$861,$784,$784,$0,$0,$648,651,$1.17,$1.16,$231324,$0,$0,$495191,$0,$53679,$6982,$20704,$81365,$578564,$502782,$4272,$38983,$43255,$546037,$10647,$15049,$0,$32527,$578564,$861,$162,$0,$162,$0,$0,$0,$0,$0,$8436,$-9,$0,$0,$0,$0,$-3682,$3942,$251,$0,$0,$0,$0,$15,$-444,$1634,$1206,$13575,$0,$0
15,2014-10-31,62.43,$0.00,0.0,$29.64,2.11,$35.35,1.77,$5.78,10.8,$457.16B,$463.60B,0.99,$4.51B,$29.72B,0.15,$19.22B,$15.02B,78.13%,$19.22B,$4.47B,23.26%,$19.22B,0,0.00%,$19.22B,0,0.00%,$19.22B,$4.81B,25.01%,$19.22B,$3.88B,20.17%,$3.88B,$32.51B,12.45%,$3.88B,$25.71B,15.39%,$3.88B,$540.51B,0.72%,$4.47B,$37.02B,12.77%,$4821,$1049,$3772,$0,$1774,$3821,$999,$0,$1161,$192,$969,$927,$927,$0,$0,$648,651,$1.39,$1.37,$188899,$0,$0,$457161,$0,$53528,$6799,$20929,$81256,$540507,$463600,$4511,$39888,$44399,$507999,$11346,$15827,$0,$32508,$540507,$3979,$335,$0,$335,$0,$0,$0,$0,$-10433,$-2688,$-326,$0,$0,$0,$0,$-11915,$15264,$3024,$0,$0,$-373,$0,$1102,$0,$-1156,$-427,$2109,$0,$0
16,2014-07-31,63.52,$0.00,0.0,$31.45,2.02,$56.77,1.12,$5.93,10.71,$459.18B,$468.13B,0.98,$3.65B,$28.91B,0.13,$20.35B,$16.06B,78.91%,$20.35B,$4.70B,23.08%,$20.35B,0,0.00%,$20.35B,0,0.00%,$20.35B,$5.00B,24.57%,$20.35B,$3.96B,19.46%,$3.96B,$31.72B,12.88%,$3.96B,$24.99B,15.74%,$3.96B,$542.64B,0.74%,$4.70B,$35.37B,13.63%,$4902,$1073,$3830,$0,$2139,$3741,$1161,$0,$1229,$188,$1041,$1027,$1027,$0,$0,$646,649,$1.53,$1.52,$194914,$0,$0,$459184,$0,$54633,$6725,$20091,$81449,$542644,$468131,$3651,$39144,$42795,$510926,$11239,$15465,$0,$31717,$542644,$3017,$510,$0,$510,$0,$0,$0,$0,$20375,$8922,$0,$0,$0,$0,$0,$0,$1850,$1850,$0,$0,$0,$0,$0,$0,$-668,$-668,$11245,$0,$0
17,2014-04-30,58.16,$0.00,0.0,$31.29,1.86,$65.99,0.88,$6.01,9.68,$443.45B,$456.65B,0.97,$3.59B,$27.79B,0.13,$20.39B,$16.05B,78.74%,$20.39B,$4.82B,23.64%,$20.39B,0,0.00%,$20.39B,0,0.00%,$20.39B,$5.16B,25.32%,$20.39B,$4.00B,19.62%,$4.00B,$29.70B,13.21%,$4.00B,$24.68B,15.96%,$4.00B,$526.52B,0.75%,$4.82B,$33.29B,14.15%,$4757,$1015,$3742,$0,$2003,$3508,$1249,$0,$1162,$189,$973,$979,$979,$0,$0,$645,647,$1.48,$1.47,$185820,$0,$0,$443449,$0,$56252,$5019,$19834,$81105,$526518,$456654,$3587,$36132,$40164,$496818,$10919,$14620,$0,$29700,$526518,$1933,$327,$0,$327,$0,$0,$0,$0,$11520,$8387,$-46,$0,$0,$0,$0,$-876,$0,$-922,$0,$0,$0,$0,$507,$-949,$-164,$-605,$8135,$0,$0
18,2014-01-31,51.02,$0.00,0.0,$30.71,1.66,$72.79,0.7,$5.91,8.63,$467.09B,$483.95B,0.97,$3.73B,$28.54B,0.13,$20.05B,$15.65B,78.06%,$20.05B,$4.69B,23.39%,$20.05B,0,0.00%,$20.05B,0,0.00%,$20.05B,$5.21B,25.99%,$20.05B,$3.94B,19.67%,$3.94B,$30.67B,13.01%,$3.94B,$25.41B,15.74%,$3.94B,$555.56B,0.73%,$4.69B,$34.40B,13.71%,$4739,$1069,$3671,$0,$2524,$3677,$1062,$0,$1255,$261,$995,$944,$944,$0,$0,$644,647,$1.42,$1.42,$204106,$0,$0,$467087,$0,$60916,$5259,$20219,$86394,$555561,$483946,$3734,$37215,$40948,$524894,$11280,$14639,$0,$30667,$555561,$995,$168,$0,$168,$0,$0,$0,$0,$18989,$8689,$-61,$0,$0,$0,$0,$-2358,$0,$-2418,$0,$0,$0,$0,$28,$-498,$-25,$-495,$7521,$0,$0
19,2013-10-31,57.59,$0.00,0.0,$30.53,1.89,$75.68,0.76,$5.98,9.63,$440.06B,$450.46B,0.98,$3.92B,$28.67B,0.14,$19.97B,$15.47B,77.46%,$19.97B,$4.79B,23.98%,$19.97B,0,0.00%,$19.97B,0,0.00%,$19.97B,$5.28B,26.42%,$19.97B,$4.01B,20.06%,$4.01B,$30.89B,13.21%,$4.01B,$25.57B,15.98%,$4.01B,$527.25B,0.74%,$4.79B,$34.81B,13.96%,$5954,$1138,$4816,$0,$3503,$4729,$1226,$0,$1355,$304,$1051,$1011,$1011,$0,$0,$644,646,$1.53,$1.52,$174493,$0,$0,$440055,$0,$58703,$5322,$21021,$85046,$527252,$450456,$3921,$41528,$45903,$496359,$11779,$14939,$0,$30892,$527252,$4169,$699,$0,$699,$0,$0,$0,$0,$9415,$11219,$-370,$0,$137,$0,$0,$-1458,$-212,$-1903,$0,$0,$-1329,$0,$-739,$-1932,$-742,$-4742,$6027,$0,$0
20,2013-07-31,50.81,$0.00,0.0,$28.71,1.77,$73.61,0.69,$6.06,8.38,$417.45B,$455.28B,0.92,$3.90B,$27.59B,0.14,$18.97B,$14.32B,75.49%,$18.97B,$4.83B,25.47%,$18.97B,0,0.00%,$18.97B,0,0.00%,$18.97B,$5.22B,27.54%,$18.97B,$4.07B,21.44%,$4.07B,$29.79B,13.51%,$4.07B,$24.58B,16.36%,$4.07B,$533.07B,0.76%,$4.83B,$33.68B,14.16%,$4935,$1113,$3822,$0,$2454,$3655,$1281,$0,$1389,$285,$1103,$1065,$1065,$0,$0,$663,667,$1.60,$1.60,$161911,$0,$0,$417445,$0,$54688,$5205,$53664,$113557,$533071,$455283,$3895,$43667,$48000,$503282,$11644,$14343,$0,$29788,$533071,$3066,$513,$0,$513,$0,$0,$0,$0,$13710,$15738,$-412,$0,$136,$0,$0,$194,$0,$-82,$0,$0,$-1833,$0,$-612,$-1413,$0,$-3858,$12749,$0,$0
21,2013-04-30,50.7,$0.00,0.0,$28.56,1.78,$87.23,0.58,$5.90,8.59,$467.62B,$466.44B,1.0,$4.00B,$27.68B,0.15,$18.72B,$13.98B,74.68%,$18.72B,$4.82B,25.75%,$18.72B,0,0.00%,$18.72B,0,0.00%,$18.72B,$4.97B,26.57%,$18.72B,$3.96B,21.16%,$3.96B,$29.91B,13.25%,$3.96B,$24.69B,16.08%,$3.96B,$546.04B,0.74%,$4.82B,$33.92B,14.20%,$4422,$1081,$3342,$0,$2138,$3302,$1120,$0,$1211,$252,$959,$924,$924,$0,$0,$651,653,$1.38,$1.37,$210677,$0,$0,$467616,$0,$48393,$5225,$22694,$76312,$546041,$466440,$4003,$45231,$49689,$516130,$11815,$14098,$0,$29911,$546041,$1989,$345,$0,$345,$0,$0,$0,$0,$13664,$13034,$-182,$0,$138,$0,$0,$8126,$26,$8107,$0,$0,$-1876,$0,$-395,$-952,$0,$-3224,$18198,$0,$0
22,2013-01-31,50.52,$0.00,0.0,$28.86,1.75,$99.58,0.51,$6.02,8.39,$469.17B,$444.17B,1.06,$4.09B,$28.26B,0.15,$18.87B,$14.04B,74.43%,$18.87B,$4.86B,25.76%,$18.87B,0,0.00%,$18.87B,0,0.00%,$18.87B,$5.03B,26.68%,$18.87B,$4.03B,21.36%,$4.03B,$30.75B,13.64%,$4.03B,$25.45B,16.60%,$4.03B,$546.06B,0.76%,$4.86B,$34.84B,14.33%,$4662,$1170,$3492,$0,$2242,$3499,$1163,$0,$1322,$267,$1055,$1006,$1006,$0,$0,$651,653,$1.49,$1.49,$208200,$0,$0,$469172,$0,$55165,$5299,$14244,$74708,$546061,$444168,$4092,$66600,$71147,$515314,$12111,$14166,$0,$30747,$546061,$1055,$178,$0,$178,$0,$0,$0,$0,$13250,$10731,$-139,$0,$404,$0,$0,$2542,$125,$2931,$0,$0,$-1363,$0,$34,$-500,$-177,$-2007,$11659,$0,$0
23,2012-10-31,46.72,$0.00,0.0,$29.15,1.6,$119.43,0.39,$6.16,7.58,$435.41B,$442.13B,0.99,$4.08B,$27.51B,0.15,$19.05B,$14.23B,74.71%,$19.05B,$5.18B,27.20%,$19.05B,0,0.00%,$19.05B,0,0.00%,$19.05B,$5.11B,26.80%,$19.05B,$4.11B,21.58%,$4.11B,$29.96B,14.25%,$4.11B,$24.71B,17.39%,$4.11B,$523.19B,0.78%,$5.18B,$34.04B,15.46%,$4948,$1286,$3662,$0,$2307,$3682,$1266,$0,$1302,$205,$1097,$1071,$1071,$0,$0,$669,669,$1.60,$1.60,$181575,$0,$0,$435409,$0,$57965,$5246,$22459,$85670,$523190,$442128,$4075,$46566,$51101,$493229,$11906,$13482,$0,$29961,$523190,$4171,$700,$0,$700,$0,$0,$0,$0,$192,$10214,$-364,$0,$-21,$0,$0,$-6738,$-312,$-7435,$0,$0,$797,$0,$-307,$-1486,$-1033,$-2028,$264,$0,$0
24,2012-07-31,44.67,$0.00,0.0,$28.53,1.57,$104.60,0.43,$5.88,7.6,$445.43B,$452.62B,0.98,$4.04B,$26.50B,0.15,$18.44B,$13.91B,75.47%,$18.44B,$5.00B,27.12%,$18.44B,0,0.00%,$18.44B,0,0.00%,$18.44B,$4.97B,26.97%,$18.44B,$3.92B,21.28%,$3.92B,$28.92B,13.78%,$3.92B,$23.70B,16.86%,$3.92B,$533.46B,0.76%,$5.00B,$32.96B,14.93%,$4685,$1202,$3482,$0,$2127,$3414,$1271,$0,$1138,$184,$954,$960,$960,$0,$0,$646,647,$1.44,$1.44,$198172,$0,$0,$445434,$0,$59199,$5218,$21587,$86004,$533464,$452622,$4040,$47439,$51922,$504544,$11558,$12767,$0,$28920,$533464,$3057,$512,$0,$512,$0,$0,$0,$0,$-2081,$23925,$-256,$0,$-20,$0,$0,$-7930,$-241,$-8447,$0,$0,$787,$0,$-390,$-1074,$-685,$-1362,$13691,$0,$0
25,2012-04-30,45.8,$0.00,0.0,$27.89,1.64,$65.64,0.7,$5.73,7.99,$442.11B,$443.30B,1.0,$5.31B,$26.07B,0.2,$17.66B,$13.34B,75.54%,$17.66B,$4.67B,26.46%,$17.66B,0,0.00%,$17.66B,0,0.00%,$17.66B,$4.86B,27.51%,$17.66B,$3.77B,21.34%,$3.77B,$28.55B,13.35%,$3.77B,$23.28B,16.33%,$3.77B,$528.39B,0.74%,$4.67B,$33.85B,13.91%,$4573,$1166,$3407,$0,$2163,$3412,$1161,$0,$1272,$238,$1034,$994,$994,$0,$0,$642,646,$1.50,$1.49,$195632,$0,$0,$442106,$0,$55993,$5272,$22978,$84243,$528393,$443297,$5305,$50780,$56549,$499846,$11632,$12581,$0,$28547,$528393,$2149,$346,$0,$346,$0,$0,$0,$0,$3678,$20843,$-156,$0,$0,$0,$0,$-5281,$-153,$-5590,$0,$0,$2011,$0,$41,$-778,$-1143,$131,$14520,$0,$0
26,2012-01-31,44.3,$0.00,0.0,$27.53,1.61,$26.52,1.67,$5.61,7.9,$445.61B,$443.17B,1.01,$5.25B,$25.15B,0.21,$16.93B,$12.83B,75.81%,$16.93B,$4.57B,27.02%,$16.93B,0,0.00%,$16.93B,0,0.00%,$16.93B,$4.66B,27.54%,$16.93B,$3.59B,21.23%,$3.59B,$27.95B,13.39%,$3.59B,$22.84B,16.06%,$3.59B,$527.33B,0.75%,$4.57B,$33.20B,14.20%,$4840,$1162,$3678,$0,$2113,$3356,$1483,$0,$1393,$307,$1086,$1086,$1086,$0,$0,$640,652,$1.65,$1.63,$207107,$0,$0,$445607,$0,$54246,$5108,$20393,$79748,$527333,$443168,$5253,$50520,$56214,$499383,$11168,$11743,$0,$27951,$527333,$1086,$171,$0,$171,$0,$0,$0,$0,$23281,$23552,$-44,$0,$0,$0,$0,$-4814,$-72,$-4930,$0,$0,$1568,$0,$23,$-432,$-13,$1145,$19473,$0,$0
27,2011-10-31,44.57,$0.00,0.0,$27.24,1.64,$-17.65,0.0,$5.31,8.39,$393.56B,$427.77B,0.92,$5.42B,$25.62B,0.21,$16.16B,$12.27B,75.93%,$16.16B,$4.26B,26.38%,$16.16B,0,0.00%,$16.16B,0,0.00%,$16.16B,$4.32B,26.71%,$16.16B,$3.30B,20.44%,$3.30B,$28.52B,13.04%,$3.30B,$23.30B,15.34%,$3.30B,$484.16B,0.73%,$4.26B,$33.94B,14.06%,$4339,$993,$3347,$0,$2180,$3254,$1086,$0,$1169,$252,$917,$884,$884,$0,$0,$638,640,$1.33,$1.32,$187458,$0,$0,$393563,$0,$60610,$5220,$22615,$88445,$484155,$427769,$5423,$22037,$27866,$455635,$11348,$14476,$0,$28520,$484155,$3312,$543,$0,$543,$0,$0,$0,$0,$-425,$580,$-649,$0,$0,$0,$0,$-12960,$661,$-12948,$0,$0,$15621,$0,$420,$-1684,$-406,$13951,$2290,$0,$0
28,2011-07-31,46.78,$0.00,0.0,$29.31,1.6,$-29.51,0.0,$5.22,8.96,$410.09B,$436.11B,0.94,$5.47B,$24.98B,0.22,$16.85B,$13.07B,77.61%,$16.85B,$4.19B,24.89%,$16.85B,0,0.00%,$16.85B,0,0.00%,$16.85B,$4.07B,24.16%,$16.85B,$3.15B,18.72%,$3.15B,$27.94B,13.44%,$3.15B,$22.89B,15.47%,$3.15B,$492.95B,0.73%,$4.19B,$33.40B,14.97%,$3906,$999,$2907,$0,$1904,$2964,$943,$0,$1023,$184,$839,$805,$805,$0,$0,$590,592,$1.30,$1.29,$199614,$0,$0,$410090,$0,$54857,$5053,$20905,$80816,$492951,$436110,$5466,$23023,$28902,$465012,$11493,$14340,$0,$27938,$492951,$2450,$379,$0,$379,$0,$0,$0,$0,$-64,$-1148,$-254,$0,$0,$0,$0,$-4511,$-8307,$-13073,$0,$0,$0,$0,$396,$-1261,$32354,$31489,$16197,$0,$0
29,2011-04-30,47.77,$0.00,0.0,$28.45,1.68,$-36.67,0.0,$5.00,9.55,$310.21B,$378.61B,0.82,$5.35B,$20.02B,0.27,$16.18B,$12.61B,77.91%,$16.18B,$3.98B,24.62%,$16.18B,0,0.00%,$16.18B,0,0.00%,$16.18B,$3.81B,23.55%,$16.18B,$2.99B,18.46%,$2.99B,$22.96B,13.84%,$2.99B,$20.46B,15.56%,$2.99B,$424.34B,0.74%,$3.98B,$28.30B,15.53%,$3845,$943,$2902,$0,$1797,$2783,$1062,$0,$1077,$237,$840,$819,$819,$0,$0,$569,571,$1.38,$1.37,$137611,$0,$0,$310208,$0,$48643,$2497,$61435,$112576,$424344,$378613,$5348,$17016,$22775,$401388,$7281,$13921,$0,$22956,$424344,$1618,$241,$0,$241,$0,$0,$0,$0,$-2079,$-3938,$-112,$0,$-109,$0,$0,$-2359,$-3545,$-6124,$0,$0,$1540,$0,$76,$-796,$17755,$18576,$7237,$0,$0
30,2011-01-31,41.55,$0.00,0.0,$27.43,1.51,$-49.97,0.0,$4.81,8.64,$302.76B,$368.70B,0.82,$3.70B,$19.33B,0.19,$15.55B,$12.19B,78.44%,$15.55B,$3.70B,23.78%,$15.55B,0,0.00%,$15.55B,0,0.00%,$15.55B,$3.68B,23.66%,$15.55B,$2.86B,18.40%,$2.86B,$21.89B,13.73%,$2.86B,$19.48B,15.46%,$2.86B,$411.26B,0.73%,$3.70B,$25.58B,15.11%,$4068,$955,$3113,$0,$1892,$2897,$1171,$0,$1047,$257,$790,$795,$795,$0,$0,$567,570,$1.34,$1.33,$133857,$0,$0,$302763,$0,$48271,$2408,$56289,$106968,$411260,$368704,$3695,$16576,$20669,$389373,$6967,$13129,$0,$21887,$411260,$772,$124,$0,$124,$0,$0,$0,$0,$-2362,$-4502,$-104,$0,$-20,$0,$0,$-4761,$-1721,$-6606,$0,$0,$1493,$0,$27,$-383,$13527,$14663,$3333,$0,$0
31,2010-10-31,42.14,$0.00,0.0,$26.23,1.61,$-51.19,0.0,$4.54,9.28,$279.42B,$354.35B,0.79,$3.64B,$18.60B,0.2,$14.78B,$11.66B,78.87%,$14.78B,$3.33B,22.55%,$14.78B,0,0.00%,$14.78B,0,0.00%,$14.78B,$3.44B,23.28%,$14.78B,$2.69B,18.18%,$2.69B,$21.08B,13.27%,$2.69B,$18.74B,14.95%,$2.69B,$396.62B,0.70%,$3.33B,$24.72B,13.98%,$5026,$874,$4152,$0,$3091,$4010,$1016,$0,$923,$190,$733,$735,$735,$0,$0,$565,568,$1.24,$1.23,$115973,$0,$0,$279423,$0,$49802,$2342,$63545,$115689,$396615,$354346,$3638,$16778,$21187,$375534,$6674,$12379,$0,$21081,$396615,$2707,$453,$0,$453,$0,$0,$0,$0,$-187,$-6344,$-459,$0,$-991,$0,$0,$8481,$-13802,$-6771,$0,$0,$1477,$0,$187,$-1132,$20305,$20837,$7142,$0,$0
32,2010-07-31,42.92,$0.00,0.0,$25.33,1.69,$-19.69,0.0,$4.33,9.91,$310.86B,$341.62B,0.91,$3.60B,$17.92B,0.2,$14.16B,$10.77B,76.09%,$14.16B,$2.74B,19.38%,$14.16B,0,0.00%,$14.16B,0,0.00%,$14.16B,$3.24B,22.87%,$14.16B,$2.56B,18.05%,$2.56B,$20.39B,13.23%,$2.56B,$18.11B,14.90%,$2.56B,$381.93B,0.69%,$2.74B,$23.99B,11.98%,$3243,$803,$2441,$0,$1656,$2508,$735,$0,$764,$103,$661,$638,$638,$0,$0,$562,565,$1.08,$1.07,$147670,$0,$0,$310856,$0,$50986,$2283,$16298,$69567,$381928,$341620,$3601,$15546,$19916,$361536,$6478,$12051,$0,$20392,$381928,$1990,$338,$0,$338,$0,$0,$0,$0,$-806,$-5255,$-130,$0,$-989,$0,$0,$-828,$968,$-979,$0,$0,$-481,$0,$-178,$-865,$13159,$11636,$4929,$0,$0
33,2010-04-30,43.09,$0.00,0.0,$25.21,1.71,$0.57,76.08,$4.12,10.46,$308.18B,$339.26B,0.91,$3.58B,$17.47B,0.21,$14.01B,$10.72B,76.53%,$14.01B,$2.65B,18.89%,$14.01B,0,0.00%,$14.01B,0,0.00%,$14.01B,$3.08B,21.99%,$14.01B,$2.41B,17.23%,$2.41B,$19.97B,13.00%,$2.41B,$17.67B,14.65%,$2.41B,$379.75B,0.66%,$2.65B,$23.55B,11.93%,$3208,$721,$2487,$0,$1659,$2434,$774,$0,$944,$201,$743,$692,$692,$0,$0,$558,562,$1.18,$1.18,$147088,$0,$0,$308182,$0,$51020,$2295,$16741,$70056,$379749,$339255,$3584,$15823,$20526,$359781,$6414,$11971,$0,$19967,$379749,$1365,$228,$0,$228,$0,$0,$0,$0,$-13088,$-11272,$-181,$0,$-897,$0,$0,$8829,$-4436,$3314,$0,$0,$-487,$0,$134,$-581,$13018,$12084,$3570,$0,$0
34,2010-01-31,33.49,$0.00,0.0,$26.91,1.24,$28.93,1.16,$3.48,9.62,$270.36B,$338.37B,0.8,$3.55B,$17.14B,0.21,$14.84B,$11.29B,76.08%,$14.84B,$3.38B,22.79%,$14.84B,0,0.00%,$14.84B,0,0.00%,$14.84B,$2.46B,16.55%,$14.84B,$2.04B,13.75%,$2.04B,$19.58B,11.63%,$2.04B,$17.40B,13.11%,$2.04B,$378.33B,0.57%,$3.38B,$23.13B,15.98%,$3305,$727,$2578,$0,$1722,$2496,$809,$0,$810,$168,$642,$623,$623,$0,$0,$554,557,$1.06,$1.06,$109408,$0,$0,$270364,$0,$51437,$2179,$52807,$106424,$378333,$338367,$3552,$15747,$20390,$358758,$6044,$11371,$0,$19575,$378333,$624,$109,$0,$109,$0,$0,$0,$0,$-290,$-5100,$-87,$0,$-852,$0,$0,$-1682,$-2321,$-4942,$0,$0,$-475,$0,$42,$-283,$13026,$12311,$2265,$0,$0
35,2009-10-31,31.03,$0.00,0.0,$28.69,1.08,$47.91,0.65,$2.81,11.04,$230.59B,$273.13B,0.84,$3.64B,$15.13B,0.24,$15.57B,$11.27B,72.40%,$15.57B,$3.55B,22.80%,$15.57B,0,0.00%,$15.57B,0,0.00%,$15.57B,$1.79B,11.47%,$15.57B,$1.65B,10.57%,$1.65B,$17.34B,9.92%,$1.65B,$15.43B,11.22%,$1.65B,$333.53B,0.47%,$3.55B,$20.98B,17.58%,$4404,$1136,$3268,$0,$2795,$3978,$426,$0,$721,$131,$590,$603,$603,$0,$0,$550,554,$1.03,$1.02,$93048,$0,$0,$230587,$0,$43190,$1914,$56437,$101541,$333530,$273129,$3637,$38435,$43060,$316189,$5322,$10087,$0,$17341,$333530,$1534,$405,$0,$405,$0,$0,$0,$0,$-2077,$10985,$-161,$0,$-282,$0,$0,$-11722,$3016,$-9148,$0,$0,$-120,$0,$933,$-1126,$259,$-54,$705,$0,$0
36,2009-07-31,33.1,$0.00,0.0,$28.86,1.15,$35.75,0.93,$2.74,12.08,$308.51B,$329.69B,0.94,$3.75B,$15.11B,0.25,$15.28B,$10.25B,67.12%,$15.28B,$3.25B,21.29%,$15.28B,0,0.00%,$15.28B,0,0.00%,$15.28B,$1.56B,10.20%,$15.28B,$1.55B,10.13%,$1.55B,$17.38B,9.28%,$1.55B,$15.44B,10.47%,$1.55B,$366.06B,0.42%,$3.25B,$21.12B,15.91%,$3093,$704,$2389,$0,$1709,$2455,$638,$0,$606,$99,$508,$496,$496,$0,$0,$547,550,$0.86,$0.86,$163524,$0,$0,$308512,$0,$38773,$1937,$15388,$56098,$366058,$329693,$3745,$14232,$18990,$348683,$5336,$10157,$0,$17375,$366058,$1005,$319,$0,$319,$0,$0,$0,$0,$5859,$6033,$-135,$0,$-278,$0,$0,$-24799,$10299,$-14913,$0,$0,$-123,$0,$926,$-877,$11551,$11477,$1431,$0,$0
37,2009-04-30,21.81,$0.00,0.0,$32.80,0.66,$23.05,0.95,$2.85,7.65,$295.02B,$315.43B,0.94,$3.52B,$14.12B,0.25,$17.04B,$10.66B,62.52%,$17.04B,$3.16B,18.53%,$17.04B,0,0.00%,$17.04B,0,0.00%,$17.04B,$1.43B,8.38%,$17.04B,$1.57B,9.20%,$1.57B,$15.87B,9.45%,$1.57B,$13.98B,10.60%,$1.57B,$347.57B,0.42%,$3.16B,$19.39B,15.43%,$4034,$982,$3052,$0,$1501,$2526,$1508,$0,$318,$14,$303,$318,$318,$0,$0,$544,544,$0.54,$0.54,$158352,$0,$0,$295018,$0,$32804,$1882,$16510,$51196,$347568,$315429,$3521,$11827,$16273,$331702,$4767,$9160,$0,$15867,$347568,$469,$189,$0,$189,$0,$0,$0,$0,$3206,$4476,$-132,$0,$-254,$0,$0,$-1061,$-2542,$-3989,$0,$-113,$0,$0,$818,$-540,$659,$824,$895,$0,$0
38,2009-01-31,16.81,$0.00,0.0,$35.39,0.48,$13.63,1.23,$3.55,4.74,$311.54B,$330.81B,0.94,$3.58B,$14.18B,0.25,$18.08B,$10.21B,56.49%,$18.08B,$2.44B,13.48%,$18.08B,0,0.00%,$18.08B,0,0.00%,$18.08B,$1.90B,10.48%,$18.08B,$1.89B,10.45%,$1.89B,$15.72B,11.26%,$1.89B,$13.78B,12.57%,$1.89B,$361.63B,0.50%,$2.44B,$19.30B,11.71%,$4036,$1474,$2562,$0,$1543,$3058,$978,$0,$141,$-58,$199,$228,$228,$0,$0,$520,524,$0.39,$0.39,$165167,$0,$0,$311543,$0,$29952,$1944,$16797,$48692,$361630,$330806,$3581,$10583,$15103,$345908,$4747,$9330,$0,$15722,$361630,$184,$95,$0,$95,$0,$0,$0,$0,$0,$5139,$-71,$0,$-5,$0,$0,$-1729,$-1972,$-3777,$0,$0,$-114,$0,$947,$-299,$4440,$4974,$6379,$0,$0
39,2008-10-31,22.52,$0.00,0.0,$37.78,0.6,$8.46,2.66,$3.64,6.19,$295.49B,$302.16B,0.98,$4.22B,$17.51B,0.24,$19.14B,$9.69B,50.63%,$19.14B,$1.64B,8.58%,$19.14B,0,0.00%,$19.14B,0,0.00%,$19.14B,$1.94B,10.12%,$19.14B,$1.92B,10.02%,$1.92B,$17.76B,11.41%,$1.92B,$15.96B,12.60%,$1.92B,$406.90B,0.50%,$1.64B,$21.98B,7.88%,$4113,$1862,$2251,$0,$2113,$3985,$128,$0,$493,$-47,$540,$506,$506,$0,$0,$503,507,$0.96,$0.95,$85220,$0,$0,$295485,$0,$33356,$1799,$74080,$109234,$406897,$302157,$4220,$81641,$86985,$389142,$6312,$11376,$0,$17755,$406897,$1934,$425,$0,$425,$0,$0,$0,$0,$607,$4153,$-421,$0,$-152,$0,$0,$1521,$9855,$10804,$0,$-10740,$734,$0,$706,$-1450,$619,$-10132,$5363,$0,$0
40,2008-07-31,29.06,$0.00,0.0,$40.93,0.71,$-24.59,0.0,$3.57,8.14,$291.35B,$301.32B,0.97,$4.17B,$16.80B,0.25,$20.75B,$9.65B,46.50%,$20.75B,$1.18B,5.68%,$20.75B,0,0.00%,$20.75B,0,0.00%,$20.75B,$1.63B,7.87%,$20.75B,$1.86B,8.95%,$1.86B,$17.05B,11.67%,$1.86B,$15.43B,12.83%,$1.86B,$371.67B,0.51%,$1.18B,$21.21B,5.99%,$4861,$2070,$2791,$0,$2235,$4316,$545,$0,$476,$-58,$534,$516,$516,$0,$0,$504,508,$0.97,$0.97,$84911,$0,$0,$291351,$0,$25020,$1623,$51645,$78288,$371672,$301318,$4166,$48000,$53306,$354623,$6400,$11368,$0,$17048,$371672,$1405,$319,$0,$319,$0,$0,$0,$0,$-3086,$-740,$-263,$0,$-205,$0,$0,$3295,$1884,$4711,$0,$-12732,$743,$0,$655,$-1093,$7906,$-4521,$-402,$0,$0
41,2008-04-30,30.54,$0.00,0.0,$41.33,0.74,$-44.57,0.0,$3.82,7.99,$290.64B,$337.52B,0.86,$4.18B,$16.32B,0.26,$20.95B,$9.88B,47.15%,$20.95B,$2.36B,11.26%,$20.95B,0,0.00%,$20.95B,0,0.00%,$20.95B,$1.75B,8.36%,$20.95B,$1.97B,9.40%,$1.97B,$16.57B,13.53%,$1.97B,$14.97B,14.83%,$1.97B,$373.28B,0.58%,$2.36B,$20.75B,13.18%,$5065,$2458,$2607,$0,$1812,$4279,$785,$0,$785,$127,$658,$639,$639,$0,$0,$502,507,$1.24,$1.24,$86247,$0,$0,$290642,$0,$24106,$1598,$54923,$80627,$373282,$337523,$4178,$13870,$19193,$356716,$6083,$11270,$0,$16567,$373282,$893,$212,$0,$212,$0,$0,$0,$0,$-1862,$-564,$-163,$0,$-175,$0,$0,$12597,$-5238,$7021,$0,$-8011,$746,$0,$320,$-727,$608,$-7064,$-499,$0,$0
42,2008-01-31,34.03,$0.00,0.0,$39.55,0.86,$-59.77,0.0,$3.71,9.17,$304.14B,$314.03B,0.97,$3.48B,$15.64B,0.22,$20.08B,$9.22B,45.94%,$20.08B,$2.36B,11.75%,$20.08B,0,0.00%,$20.08B,0,0.00%,$20.08B,$1.70B,8.49%,$20.08B,$1.92B,9.55%,$1.92B,$15.89B,13.94%,$1.92B,$14.54B,15.26%,$1.92B,$380.22B,0.60%,$2.36B,$19.37B,14.25%,$5105,$3060,$2044,$0,$1851,$4921,$184,$0,$184,$-92,$275,$257,$257,$0,$0,$499,506,$0.48,$0.48,$90304,$0,$0,$304143,$0,$26323,$1353,$46403,$74079,$380216,$314026,$3477,$45661,$50299,$364325,$5699,$11156,$0,$15892,$380216,$257,$107,$0,$107,$0,$0,$0,$0,$-7481,$2339,$-61,$0,$-40,$0,$0,$-4887,$-2771,$-7758,$0,$-3937,$0,$0,$41,$-368,$9041,$4777,$-558,$0,$0
43,2007-10-31,39.63,$0.00,0.0,$37.38,1.06,$-69.34,0.0,$4.20,9.44,$257.32B,$273.98B,0.94,$3.14B,$13.94B,0.23,$19.01B,$8.99B,47.30%,$19.01B,$2.80B,14.73%,$19.01B,0,0.00%,$19.01B,0,0.00%,$19.01B,$2.18B,11.48%,$19.01B,$2.16B,11.38%,$2.16B,$14.16B,16.42%,$2.16B,$13.01B,18.04%,$2.16B,$333.90B,0.71%,$2.80B,$17.30B,17.82%,$5722,$3515,$2208,$0,$2531,$6059,$-336,$0,$188,$-202,$390,$446,$446,$0,$0,$508,508,$0.88,$0.88,$85327,$0,$0,$257323,$0,$25056,$1152,$48569,$74777,$333903,$273975,$3139,$41577,$45764,$319739,$5108,$10172,$0,$14164,$333903,$1941,$397,$0,$397,$0,$0,$0,$0,$-14949,$-12702,$-342,$0,$-352,$0,$0,$-30452,$-5201,$-36346,$0,$653,$0,$0,$97,$-1272,$53029,$52508,$1086,$0,$0
44,2007-07-31,36.42,$0.00,0.0,$36.02,1.01,$-43.60,0.0,$4.52,8.06,$213.56B,$219.60B,0.97,$2.54B,$11.31B,0.23,$18.32B,$9.75B,53.23%,$18.32B,$3.86B,21.05%,$18.32B,0,0.00%,$18.32B,0,0.00%,$18.32B,$2.72B,14.82%,$18.32B,$2.34B,12.76%,$2.34B,$11.64B,17.92%,$2.34B,$10.62B,19.68%,$2.34B,$265.06B,0.80%,$3.86B,$14.18B,25.06%,$5059,$2041,$3019,$0,$1283,$3332,$1727,$0,$594,$94,$500,$628,$628,$0,$0,$508,508,$1.24,$1.22,$68455,$0,$0,$213559,$0,$13663,$1019,$35327,$50009,$265056,$219602,$2543,$30424,$33816,$253417,$3925,$8235,$0,$11638,$265056,$1239,$241,$0,$241,$0,$0,$0,$0,$-12406,$-10964,$-185,$0,$-286,$0,$0,$-14688,$-3963,$-19122,$0,$-28,$529,$0,$401,$-765,$30645,$30783,$358,$0,$0
45,2007-04-30,36.16,$0.00,0.0,$33.85,1.07,$-16.82,0.0,$4.52,8.0,$272.30B,$282.28B,0.97,$2.07B,$12.49B,0.17,$17.23B,$8.71B,50.53%,$17.23B,$2.90B,16.84%,$17.23B,0,0.00%,$17.23B,0,0.00%,$17.23B,$2.95B,17.13%,$17.23B,$2.34B,13.55%,$2.34B,$13.31B,17.41%,$2.34B,$12.08B,19.11%,$2.34B,$307.72B,0.79%,$2.90B,$15.38B,18.43%,$4192,$2241,$1952,$0,$1157,$3408,$784,$0,$738,$142,$596,$586,$586,$0,$0,$501,510,$1.15,$1.13,$135400,$0,$0,$272302,$0,$16399,$1231,$16020,$33650,$307718,$282282,$2067,$8678,$12127,$294409,$3734,$9509,$0,$13310,$307718,$879,$186,$0,$186,$0,$0,$0,$0,$-9332,$-8350,$-134,$0,$-332,$0,$0,$-12923,$-124,$-13513,$0,$-577,$-287,$0,$203,$-593,$22983,$21729,$-350,$0,$0
46,2007-01-31,34.39,$0.00,0.0,$32.75,1.05,$2.54,13.51,$4.51,7.62,$274.00B,$281.18B,0.97,$2.38B,$12.75B,0.19,$16.70B,$8.78B,52.60%,$16.70B,$2.98B,17.84%,$16.70B,0,0.00%,$16.70B,0,0.00%,$16.70B,$2.94B,17.62%,$16.70B,$2.33B,13.96%,$2.33B,$13.57B,17.62%,$2.33B,$12.26B,19.32%,$2.33B,$308.36B,0.82%,$2.98B,$15.95B,18.98%,$4032,$2221,$1811,$0,$1177,$3407,$624,$0,$661,$138,$524,$503,$503,$0,$0,$509,509,$0.99,$0.97,$139323,$0,$0,$274003,$0,$17085,$1311,$14177,$32573,$308360,$281181,$2379,$9843,$13609,$294790,$3709,$9598,$0,$13570,$308360,$507,$89,$0,$89,$0,$0,$0,$0,$-3100,$-2548,$-25,$0,$-333,$0,$0,$-11739,$-1867,$-13964,$0,$7053,$0,$0,$282,$-290,$9534,$16579,$145,$0,$0
47,2006-10-31,34.71,$0.00,0.0,$28.58,1.21,$0.89,38.87,$4.59,7.56,$224.32B,$227.12B,0.99,$2.40B,$13.24B,0.18,$14.57B,$7.39B,50.72%,$14.57B,$1.65B,11.33%,$14.57B,0,0.00%,$14.57B,0,0.00%,$14.57B,$3.04B,20.85%,$14.57B,$2.37B,16.25%,$2.37B,$13.63B,18.39%,$2.37B,$12.54B,20.13%,$2.37B,$281.26B,0.87%,$1.65B,$16.03B,10.82%,$5034,$2065,$2969,$0,$2239,$4314,$721,$0,$722,$100,$622,$620,$620,$0,$0,$508,508,$1.22,$1.20,$62785,$0,$0,$224320,$0,$13704,$1099,$40338,$55141,$281261,$227122,$2396,$37097,$40504,$267627,$4243,$9646,$0,$13634,$281261,$2341,$355,$0,$355,$0,$0,$0,$0,$-2121,$541,$-512,$0,$-67,$0,$0,$-19278,$792,$-19066,$0,$8779,$242,$0,$-104,$-1022,$10817,$18711,$40,$0,$0
