,Date,Stock Price,Book Value per Share,Price to Book Ratio,TTM Sales per Share,Price to Sales Ratio,TTM FCF per Share,Price to FCF Ratio,TTM Net EPS,PE Ratio,Current Assets,Current Liabilities,Current Ratio,Long Term Debt,Shareholder's Equity_x,Debt to Equity Ratio,TTM Revenue_x,TTM Gross Profit,Gross Margin,TTM Revenue_y,TTM Operating Income,Operating Margin,TTM Revenue_x,TTM EBIT,EBIT Margin,TTM Revenue_y,TTM EBITDA,EBITDA Margin,TTM Revenue_x,TTM Pre-Tax Income,Pre-Tax Margin,TTM Revenue_y,TTM Net Income_x,Net Margin,TTM Net Income_y,Shareholder's Equity_y,Return on Equity,TTM Net Income_x,Tangible Equity,Return on Tangible Equity,TTM Net Income_y,Total Assets,Return on Assets,TTM Net Income,LT Investments & Debt,Return on Investment,revenue,cost-goods-sold,gross-profit,research-development-expenses,selling-general-administrative-expenses,operating-expenses,operating-income,total-non-operating-income-expense,pre-tax-income,total-provision-income-taxes,income-after-taxes,income-from-continuous-operations,net-income,ebitda,ebit,basic-shares-outstanding,shares-outstanding,eps-basic-net-earnings-per-share,eps-earnings-per-share-diluted,cash-on-hand,inventory,other-current-assets,total-current-assets,net-property-plant-equipment,long-term-investments,goodwill-intangible-assets-total,other-long-term-assets,total-long-term-assets,total-assets,total-current-liabilities,long-term-debt,other-non-current-liabilities,total-long-term-liabilities,total-liabilities,common-stock-net,retained-earnings-accumulated-deficit,comprehensive-income,total-share-holder-equity,total-liabilities-share-holders-equity,net-income-loss,total-depreciation-amortization-cash-flow,other-non-cash-items,total-non-cash-items,change-in-accounts-receivable,change-in-inventories,change-in-accounts-payable,change-in-assets-liabilities,total-change-in-assets-liabilities,cash-flow-from-operating-activities,net-change-in-property-plant-equipment,net-change-in-intangible-assets,net-acquisitions-divestitures,net-change-in-short-term-investments,net-change-in-long-term-investments,net-change-in-investments-total,investing-activities-other,cash-flow-from-investing-activities,net-long-term-debt,net-current-debt,debt-issuance-retirement-net-total,net-common-equity-issued-repurchased,net-total-equity-issued-repurchased,total-common-preferred-stock-dividends-paid,financial-activities-other,cash-flow-from-financial-activities,net-cash-flow,stock-based-compensation,common-stock-dividends-paid
0,2018-09-30,83.9,$44.20,1.9,$14.53,5.78,$12.30,6.82,$3.43,24.46,$1.93B,$2.23B,0.87,$0.01B,$0.31B,0.02,$0.10B,$0.10B,97.00%,$0.10B,$0.04B,38.00%,$0.10B,0,0.00%,$0.10B,0,0.00%,$0.10B,$0.04B,38.00%,$0.10B,$0.02B,24.00%,$0.02B,$0.31B,7.95%,$0.02B,$0.27B,9.03%,$0.02B,$2.55B,0.96%,$0.04B,$0.31B,12.35%,$26,$1,$26,$0,$13,$15,$12,$0,$12,$3,$9,$9,$9,$0,$0,$7,7,$1.25,$1.23,$143,$0,$0,$1932,$8,$570,$36,$0,$613,$2546,$2231,$6,$0,$6,$2237,$145,$173,$-10,$309,$2546,$23,$4,$2,$6,$3,$0,$0,$-1,$2,$31,$-1,$0,$0,$0,$-98,$-98,$-51,$-149,$0,$0,$0,$1,$-1,$-6,$64,$57,$-61,$2,$-6
1,2018-06-30,80.56,$43.51,1.85,$14.22,5.67,$11.07,7.28,$3.03,26.59,$1.86B,$2.16B,0.86,$0.01B,$0.30B,0.02,$0.10B,$0.09B,96.84%,$0.10B,$0.03B,35.79%,$0.10B,0,0.00%,$0.10B,0,0.00%,$0.10B,$0.03B,35.79%,$0.10B,$0.02B,21.05%,$0.02B,$0.30B,6.99%,$0.02B,$0.27B,7.80%,$0.02B,$2.47B,0.83%,$0.03B,$0.31B,11.64%,$26,$1,$25,$0,$14,$15,$11,$0,$11,$3,$8,$8,$8,$0,$0,$7,7,$1.14,$1.12,$84,$0,$0,$1862,$8,$559,$36,$0,$603,$2465,$2155,$6,$0,$6,$2161,$146,$166,$-8,$304,$2465,$14,$3,$1,$4,$-1,$0,$2,$-0,$0,$19,$-0,$0,$0,$0,$-84,$-84,$-39,$-124,$0,$0,$0,$1,$1,$-4,$-11,$-15,$-120,$1,$-4
2,2018-03-31,68.43,$42.70,1.6,$13.94,4.91,$10.31,6.64,$2.75,24.88,$1.89B,$2.21B,0.86,$0.01B,$0.30B,0.02,$0.09B,$0.09B,96.67%,$0.09B,$0.03B,34.44%,$0.09B,0,0.00%,$0.09B,0,0.00%,$0.09B,$0.03B,34.44%,$0.09B,$0.02B,18.89%,$0.02B,$0.30B,6.29%,$0.02B,$0.26B,6.87%,$0.02B,$2.51B,0.74%,$0.03B,$0.30B,11.23%,$25,$1,$24,$0,$16,$17,$8,$0,$8,$2,$6,$6,$6,$0,$0,$7,7,$0.92,$0.91,$159,$0,$0,$1892,$8,$573,$36,$0,$618,$2510,$2206,$6,$0,$6,$2212,$145,$161,$-7,$298,$2510,$6,$2,$0,$2,$-2,$0,$3,$-0,$1,$9,$-0,$0,$0,$0,$-96,$-96,$7,$-90,$0,$0,$0,$1,$1,$-2,$38,$36,$-44,$1,$-2
3,2017-12-31,67.2,$42.91,1.57,$13.68,4.91,$10.11,6.65,$2.58,26.05,$1.94B,$2.17B,0.9,$0.01B,$0.30B,0.02,$0.09B,$0.08B,97.65%,$0.09B,$0.03B,35.29%,$0.09B,0,0.00%,$0.09B,0,0.00%,$0.09B,$0.03B,35.29%,$0.09B,$0.02B,18.82%,$0.02B,$0.30B,6.29%,$0.02B,$0.26B,6.71%,$0.02B,$2.47B,0.73%,$0.03B,$0.30B,11.53%,$23,$1,$22,$0,$15,$16,$7,$0,$7,$5,$1,$1,$1,$0,$0,$6,6,$0.14,$0.14,$204,$0,$0,$1939,$9,$483,$37,$0,$529,$2468,$2165,$6,$0,$6,$2171,$144,$156,$-2,$297,$2468,$16,$5,$5,$10,$-0,$0,$1,$-0,$1,$27,$-1,$0,$60,$0,$7,$7,$-58,$8,$0,$0,$0,$1,$1,$-7,$126,$120,$155,$1,$-7
4,2017-09-30,67.41,$39.68,1.7,$13.48,5.0,$10.04,6.72,$3.34,20.18,$1.73B,$1.91B,0.91,$0.01B,$0.25B,0.02,$0.08B,$0.08B,97.59%,$0.08B,$0.03B,38.55%,$0.08B,0,0.00%,$0.08B,0,0.00%,$0.08B,$0.03B,38.55%,$0.08B,$0.02B,25.30%,$0.02B,$0.25B,8.82%,$0.02B,$0.24B,9.17%,$0.02B,$2.16B,1.01%,$0.03B,$0.25B,13.14%,$21,$0,$21,$0,$13,$13,$8,$0,$8,$3,$5,$5,$5,$0,$0,$6,6,$0.84,$0.83,$149,$0,$0,$1726,$8,$413,$9,$0,$430,$2156,$1905,$6,$0,$6,$1911,$90,$156,$-1,$245,$2156,$15,$4,$1,$5,$0,$0,$0,$0,$1,$20,$-1,$0,$0,$0,$5,$5,$-38,$-34,$0,$0,$0,$1,$1,$-5,$118,$114,$100,$1,$-5
5,2017-06-30,60.3,$39.07,1.54,$13.63,4.42,$10.13,5.95,$3.65,16.52,$1.68B,$1.85B,0.91,$0.01B,$0.24B,0.02,$0.08B,$0.08B,96.43%,$0.08B,$0.04B,41.67%,$0.08B,0,0.00%,$0.08B,0,0.00%,$0.08B,$0.04B,41.67%,$0.08B,$0.02B,27.38%,$0.02B,$0.24B,9.80%,$0.02B,$0.23B,10.19%,$0.02B,$2.10B,1.12%,$0.04B,$0.25B,14.58%,$21,$0,$20,$0,$12,$13,$8,$0,$8,$3,$5,$5,$5,$0,$0,$6,6,$0.85,$0.84,$138,$0,$0,$1682,$8,$402,$9,$0,$419,$2101,$1854,$6,$0,$6,$1860,$89,$153,$-1,$241,$2101,$10,$3,$-0,$3,$0,$0,$-0,$0,$-0,$12,$-1,$0,$0,$0,$17,$17,$-5,$12,$0,$0,$0,$1,$1,$-3,$68,$65,$89,$1,$-3
6,2017-03-31,62.78,$38.22,1.64,$13.61,4.61,$9.97,6.3,$3.60,17.44,$1.60B,$1.79B,0.89,$0.01B,$0.24B,0.02,$0.08B,$0.08B,97.59%,$0.08B,$0.04B,42.17%,$0.08B,0,0.00%,$0.08B,0,0.00%,$0.08B,$0.04B,42.17%,$0.08B,$0.02B,27.71%,$0.02B,$0.24B,9.96%,$0.02B,$0.23B,10.36%,$0.02B,$2.03B,1.14%,$0.04B,$0.24B,14.80%,$20,$0,$20,$0,$13,$13,$7,$0,$7,$2,$5,$5,$5,$0,$0,$6,6,$0.75,$0.74,$73,$0,$0,$1603,$8,$414,$9,$0,$431,$2034,$1793,$6,$0,$6,$1799,$88,$149,$-2,$235,$2034,$5,$1,$0,$2,$1,$0,$-1,$0,$1,$7,$-0,$0,$0,$0,$4,$4,$9,$12,$0,$0,$0,$0,$0,$-2,$7,$5,$24,$0,$-2
7,2016-12-31,67.78,$37.63,1.8,$13.85,4.89,$10.12,6.7,$3.79,17.88,$1.59B,$1.79B,0.89,$0.01B,$0.23B,0.02,$0.08B,$0.08B,97.62%,$0.08B,$0.04B,44.05%,$0.08B,0,0.00%,$0.08B,0,0.00%,$0.08B,$0.04B,44.05%,$0.08B,$0.02B,28.57%,$0.02B,$0.23B,10.54%,$0.02B,$0.22B,10.98%,$0.02B,$2.02B,1.20%,$0.04B,$0.24B,15.88%,$21,$0,$20,$0,$11,$12,$9,$0,$9,$3,$6,$6,$6,$0,$0,$6,6,$0.94,$0.92,$49,$0,$0,$1589,$9,$417,$9,$0,$435,$2023,$1787,$6,$0,$6,$1793,$87,$146,$-3,$231,$2023,$23,$6,$-3,$2,$1,$0,$-0,$-0,$0,$25,$-1,$0,$0,$0,$62,$62,$-36,$24,$-67,$0,$-67,$1,$1,$-6,$44,$-27,$22,$1,$-6
8,2016-09-30,48.06,$37.85,1.27,$13.72,3.5,$9.80,4.9,$3.67,13.1,$1.61B,$1.82B,0.89,$0.01B,$0.23B,0.02,$0.08B,$0.08B,97.59%,$0.08B,$0.04B,43.37%,$0.08B,0,0.00%,$0.08B,0,0.00%,$0.08B,$0.04B,43.37%,$0.08B,$0.02B,27.71%,$0.02B,$0.23B,10.29%,$0.02B,$0.22B,10.74%,$0.02B,$2.06B,1.15%,$0.04B,$0.24B,15.72%,$22,$0,$21,$0,$10,$11,$11,$0,$11,$4,$7,$7,$7,$0,$0,$6,6,$1.14,$1.14,$97,$0,$0,$1612,$9,$425,$9,$0,$443,$2055,$1818,$6,$0,$6,$1823,$87,$142,$2,$232,$2055,$17,$4,$-3,$1,$2,$0,$0,$-1,$2,$20,$-1,$0,$0,$0,$62,$62,$-14,$47,$-67,$0,$-67,$1,$1,$-5,$73,$3,$71,$1,$-5
9,2016-06-30,46.51,$37.00,1.26,$13.38,3.48,$9.21,5.05,$3.32,14.01,$1.55B,$1.72B,0.9,$0.01B,$0.23B,0.02,$0.08B,$0.08B,97.53%,$0.08B,$0.03B,40.74%,$0.08B,0,0.00%,$0.08B,0,0.00%,$0.08B,$0.03B,40.74%,$0.08B,$0.02B,25.93%,$0.02B,$0.23B,9.61%,$0.02B,$0.22B,10.05%,$0.02B,$1.95B,1.08%,$0.03B,$0.23B,14.73%,$20,$1,$20,$0,$12,$13,$8,$0,$8,$3,$5,$5,$5,$0,$0,$6,6,$0.80,$0.79,$55,$0,$0,$1551,$9,$382,$9,$0,$400,$1950,$1719,$5,$0,$5,$1724,$87,$137,$3,$226,$1950,$10,$3,$-1,$2,$2,$0,$-4,$-0,$-2,$10,$-0,$0,$0,$0,$107,$107,$3,$110,$-67,$0,$-67,$1,$1,$-3,$-23,$-91,$29,$1,$-3
10,2016-03-31,47.09,$36.24,1.3,$13.28,3.55,$8.89,5.3,$3.24,14.53,$1.53B,$1.72B,0.89,$0.01B,$0.22B,0.03,$0.08B,$0.08B,96.30%,$0.08B,$0.03B,39.51%,$0.08B,0,0.00%,$0.08B,0,0.00%,$0.08B,$0.03B,39.51%,$0.08B,$0.02B,24.69%,$0.02B,$0.22B,9.36%,$0.02B,$0.21B,9.80%,$0.02B,$1.94B,1.04%,$0.03B,$0.23B,14.61%,$21,$1,$21,$0,$12,$13,$9,$0,$9,$3,$6,$6,$6,$0,$0,$6,6,$0.93,$0.93,$40,$0,$0,$1526,$9,$399,$9,$0,$418,$1944,$1717,$5,$0,$5,$1722,$86,$134,$2,$222,$1944,$6,$1,$-0,$1,$2,$0,$-1,$-0,$1,$8,$-0,$0,$0,$0,$90,$90,$11,$101,$-48,$0,$-48,$1,$1,$-2,$-47,$-95,$13,$0,$-2
11,2015-12-31,50.84,$35.34,1.44,$12.97,3.92,$8.55,5.94,$3.05,16.67,$1.53B,$1.81B,0.84,$0.01B,$0.21B,0.03,$0.08B,$0.08B,96.20%,$0.08B,$0.03B,37.97%,$0.08B,0,0.00%,$0.08B,0,0.00%,$0.08B,$0.03B,37.97%,$0.08B,$0.02B,22.78%,$0.02B,$0.21B,8.59%,$0.02B,$0.21B,9.02%,$0.02B,$2.03B,0.95%,$0.03B,$0.22B,13.97%,$20,$1,$19,$0,$11,$12,$8,$0,$8,$3,$5,$5,$5,$0,$0,$6,6,$0.82,$0.80,$26,$0,$0,$1525,$9,$487,$10,$0,$506,$2031,$1811,$5,$0,$5,$1817,$85,$130,$0,$214,$2031,$18,$5,$-2,$4,$0,$0,$1,$-0,$1,$24,$-1,$0,$0,$0,$-174,$-174,$-87,$-263,$52,$0,$52,$1,$1,$-5,$177,$225,$-15,$1,$-5
12,2015-09-30,45.49,$34.97,1.3,$13.00,3.5,$7.63,5.96,$3.02,15.06,$1.44B,$1.67B,0.87,$0.01B,$0.21B,0.03,$0.08B,$0.08B,96.20%,$0.08B,$0.03B,37.97%,$0.08B,0,0.00%,$0.08B,0,0.00%,$0.08B,$0.03B,37.97%,$0.08B,$0.02B,22.78%,$0.02B,$0.21B,8.74%,$0.02B,$0.20B,9.20%,$0.02B,$1.88B,0.98%,$0.03B,$0.22B,14.22%,$20,$1,$19,$0,$11,$12,$8,$0,$8,$3,$5,$5,$5,$0,$0,$6,6,$0.80,$0.79,$35,$0,$0,$1443,$10,$420,$10,$0,$440,$1883,$1665,$5,$0,$5,$1671,$84,$126,$2,$212,$1883,$14,$4,$-2,$2,$0,$0,$-0,$1,$1,$17,$-1,$0,$0,$0,$-104,$-104,$1,$-104,$0,$0,$0,$1,$1,$-4,$84,$81,$-6,$1,$-4
13,2015-06-30,47.99,$34.62,1.39,$13.14,3.65,$7.13,6.73,$3.12,15.38,$1.50B,$1.66B,0.91,$0.01B,$0.21B,0.03,$0.08B,$0.08B,97.47%,$0.08B,$0.03B,37.97%,$0.08B,0,0.00%,$0.08B,0,0.00%,$0.08B,$0.03B,37.97%,$0.08B,$0.02B,22.78%,$0.02B,$0.21B,8.91%,$0.02B,$0.20B,9.40%,$0.02B,$1.87B,0.99%,$0.03B,$0.21B,14.49%,$20,$1,$19,$0,$12,$13,$7,$0,$7,$2,$4,$4,$4,$0,$0,$6,6,$0.72,$0.71,$118,$0,$0,$1503,$10,$348,$10,$0,$368,$1871,$1658,$5,$0,$5,$1664,$84,$123,$1,$207,$1871,$9,$3,$-2,$1,$0,$0,$-0,$-1,$-1,$9,$-1,$0,$0,$0,$-33,$-33,$24,$-10,$0,$0,$0,$1,$1,$-3,$79,$77,$76,$0,$-3
14,2015-03-31,47.81,$34.27,1.4,$13.38,3.57,$6.68,7.15,$3.27,14.62,$1.49B,$1.62B,0.92,$0.01B,$0.21B,0.03,$0.08B,$0.08B,97.50%,$0.08B,$0.03B,38.75%,$0.08B,0,0.00%,$0.08B,0,0.00%,$0.08B,$0.03B,38.75%,$0.08B,$0.02B,23.75%,$0.02B,$0.21B,9.60%,$0.02B,$0.19B,10.15%,$0.02B,$1.83B,1.05%,$0.03B,$0.21B,15.27%,$19,$1,$19,$0,$11,$12,$7,$0,$7,$2,$4,$4,$4,$0,$0,$6,6,$0.75,$0.74,$103,$0,$0,$1494,$10,$312,$10,$0,$332,$1826,$1616,$5,$0,$5,$1622,$83,$120,$2,$205,$1826,$4,$1,$-1,$0,$0,$0,$-0,$1,$1,$6,$-0,$0,$0,$0,$6,$6,$18,$23,$0,$0,$0,$0,$0,$-1,$34,$33,$62,$0,$0
15,2014-12-31,49.18,$33.68,1.46,$13.64,3.6,$6.08,8.09,$3.29,14.95,$1.45B,$1.58B,0.92,$0.01B,$0.20B,0.03,$0.08B,$0.08B,96.34%,$0.08B,$0.03B,37.80%,$0.08B,0,0.00%,$0.08B,0,0.00%,$0.08B,$0.03B,37.80%,$0.08B,$0.02B,24.39%,$0.02B,$0.20B,10.35%,$0.02B,$0.19B,10.96%,$0.02B,$1.79B,1.11%,$0.03B,$0.21B,15.64%,$20,$1,$19,$0,$11,$12,$8,$0,$8,$3,$5,$5,$5,$0,$0,$6,6,$0.79,$0.78,$41,$0,$0,$1450,$10,$317,$10,$0,$337,$1787,$1582,$5,$0,$5,$1587,$82,$117,$1,$200,$1787,$20,$5,$-3,$2,$-0,$0,$-0,$-2,$-3,$19,$-2,$0,$0,$0,$50,$50,$-90,$-43,$0,$0,$0,$1,$1,$-5,$-35,$-39,$-62,$1,$-5
16,2014-09-30,42.72,$33.00,1.29,$13.61,3.14,$6.97,6.13,$2.92,14.63,$1.45B,$1.60B,0.91,$0.01B,$0.20B,0.03,$0.08B,$0.08B,97.50%,$0.08B,$0.03B,33.75%,$0.08B,0,0.00%,$0.08B,0,0.00%,$0.08B,$0.03B,33.75%,$0.08B,$0.02B,21.25%,$0.02B,$0.20B,9.02%,$0.02B,$0.19B,9.58%,$0.02B,$1.80B,0.94%,$0.03B,$0.20B,13.95%,$20,$1,$20,$0,$11,$12,$8,$0,$8,$3,$5,$5,$5,$0,$0,$6,6,$0.91,$0.89,$46,$0,$0,$1453,$9,$330,$10,$0,$350,$1803,$1602,$5,$0,$5,$1607,$82,$113,$1,$196,$1803,$15,$4,$-3,$1,$0,$0,$-0,$-2,$-2,$14,$-1,$0,$0,$0,$36,$36,$-88,$-54,$0,$0,$0,$1,$1,$-3,$-15,$-18,$-57,$1,$0
17,2014-06-30,42.26,$32.29,1.31,$13.18,3.21,$7.39,5.72,$2.75,15.37,$1.47B,$1.63B,0.9,$0.01B,$0.19B,0.03,$0.08B,$0.07B,97.37%,$0.08B,$0.03B,32.89%,$0.08B,0,0.00%,$0.08B,0,0.00%,$0.08B,$0.03B,32.89%,$0.08B,$0.02B,21.05%,$0.02B,$0.19B,8.89%,$0.02B,$0.18B,9.32%,$0.02B,$1.82B,0.93%,$0.03B,$0.20B,13.61%,$21,$1,$20,$0,$12,$13,$8,$0,$8,$3,$5,$5,$5,$0,$0,$6,6,$0.88,$0.86,$81,$0,$0,$1465,$9,$339,$11,$0,$359,$1824,$1628,$5,$0,$5,$1633,$81,$109,$1,$191,$1824,$10,$3,$-2,$0,$0,$0,$-0,$-4,$-4,$6,$-1,$0,$0,$0,$29,$29,$-67,$-39,$0,$0,$0,$1,$1,$-2,$12,$10,$-22,$0,$-2
18,2014-03-31,41.59,$31.52,1.32,$12.73,3.27,$7.71,5.39,$2.44,17.05,$1.42B,$1.61B,0.88,$0.01B,$0.19B,0.03,$0.07B,$0.07B,97.22%,$0.07B,$0.02B,30.56%,$0.07B,0,0.00%,$0.07B,0,0.00%,$0.07B,$0.02B,30.56%,$0.07B,$0.01B,19.44%,$0.01B,$0.19B,8.15%,$0.01B,$0.18B,8.42%,$0.01B,$1.80B,0.86%,$0.02B,$0.19B,12.63%,$21,$1,$20,$0,$13,$14,$7,$0,$7,$3,$5,$5,$5,$0,$0,$6,6,$0.77,$0.76,$92,$0,$0,$1416,$9,$362,$11,$0,$382,$1798,$1607,$5,$0,$5,$1612,$81,$105,$0,$186,$1798,$5,$1,$-1,$-0,$0,$0,$-0,$-2,$-2,$2,$-0,$0,$0,$0,$5,$5,$-8,$-3,$0,$0,$0,$1,$1,$-1,$-11,$-11,$-12,$0,$-1
19,2013-12-31,39.87,$30.77,1.3,$12.42,3.21,$8.10,4.92,$2.57,15.52,$1.42B,$1.62B,0.88,$0.01B,$0.18B,0.03,$0.07B,$0.07B,98.53%,$0.07B,$0.02B,32.35%,$0.07B,0,0.00%,$0.07B,0,0.00%,$0.07B,$0.02B,32.35%,$0.07B,$0.01B,20.59%,$0.01B,$0.18B,8.51%,$0.01B,$0.17B,8.66%,$0.01B,$1.81B,0.91%,$0.02B,$0.19B,13.27%,$18,$0,$18,$0,$14,$15,$4,$0,$4,$1,$2,$2,$2,$0,$0,$5,6,$0.42,$0.41,$104,$0,$0,$1419,$9,$366,$11,$0,$387,$1805,$1619,$5,$0,$5,$1624,$80,$101,$-1,$181,$1805,$14,$4,$-2,$2,$-1,$0,$0,$6,$5,$21,$-1,$0,$0,$0,$-27,$-27,$-9,$-37,$0,$0,$0,$2,$2,$-4,$93,$91,$75,$1,$-4
20,2013-09-30,38.02,$29.61,1.28,$12.47,3.05,$8.05,4.72,$3.02,12.59,$1.23B,$1.32B,0.93,$0.00B,$0.16B,0.0,$0.07B,$0.07B,98.53%,$0.07B,$0.03B,36.76%,$0.07B,0,0.00%,$0.07B,0,0.00%,$0.07B,$0.03B,36.76%,$0.07B,$0.02B,25.00%,$0.02B,$0.16B,10.81%,$0.02B,$0.16B,10.81%,$0.02B,$1.48B,1.18%,$0.03B,$0.16B,15.90%,$16,$0,$16,$0,$9,$10,$6,$0,$6,$2,$4,$4,$4,$0,$0,$5,6,$0.74,$0.72,$99,$0,$0,$1225,$9,$249,$0,$0,$258,$1484,$1322,$0,$0,$0,$1322,$61,$100,$1,$162,$1484,$12,$3,$-2,$2,$0,$0,$-0,$1,$1,$15,$-1,$0,$0,$0,$39,$39,$-20,$18,$0,$0,$0,$2,$2,$-3,$39,$38,$71,$0,$-3
21,2013-06-30,36.44,$29.09,1.25,$12.70,2.87,$8.00,4.56,$2.89,12.61,$1.16B,$1.27B,0.91,$0.00B,$0.16B,0.0,$0.07B,$0.07B,98.55%,$0.07B,$0.02B,34.78%,$0.07B,0,0.00%,$0.07B,0,0.00%,$0.07B,$0.02B,34.78%,$0.07B,$0.02B,23.19%,$0.02B,$0.16B,10.42%,$0.02B,$0.16B,10.42%,$0.02B,$1.43B,1.12%,$0.02B,$0.16B,15.64%,$17,$0,$16,$0,$11,$12,$5,$0,$5,$2,$3,$3,$3,$0,$0,$5,6,$0.56,$0.55,$32,$0,$0,$1158,$9,$261,$0,$0,$271,$1429,$1270,$0,$0,$0,$1270,$60,$97,$1,$158,$1429,$8,$2,$-1,$1,$0,$0,$-0,$-2,$-2,$7,$-1,$0,$0,$0,$28,$28,$-19,$9,$17,$0,$17,$1,$1,$-2,$-29,$-12,$4,$0,$-2
22,2013-03-31,36.36,$28.88,1.26,$13.13,2.77,$8.10,4.49,$3.25,11.19,$1.14B,$1.27B,0.89,$0.00B,$0.16B,0.0,$0.07B,$0.07B,98.59%,$0.07B,$0.03B,38.03%,$0.07B,0,0.00%,$0.07B,0,0.00%,$0.07B,$0.03B,38.03%,$0.07B,$0.02B,25.35%,$0.02B,$0.16B,12.00%,$0.02B,$0.16B,12.00%,$0.02B,$1.43B,1.26%,$0.03B,$0.16B,17.85%,$17,$0,$17,$0,$9,$10,$7,$0,$7,$3,$5,$5,$5,$0,$0,$5,5,$0.90,$0.89,$31,$0,$0,$1136,$9,$282,$0,$0,$291,$1427,$1270,$0,$0,$0,$1270,$60,$95,$2,$157,$1427,$5,$1,$-1,$-0,$-0,$0,$-0,$-0,$-1,$4,$-0,$0,$0,$0,$11,$11,$2,$12,$8,$0,$8,$1,$1,$-1,$-22,$-13,$3,$0,$-1
23,2012-12-31,33.82,$28.17,1.2,$13.40,2.52,$8.54,3.96,$3.27,10.34,$1.13B,$1.28B,0.88,$0.00B,$0.15B,0.0,$0.07B,$0.07B,97.26%,$0.07B,$0.03B,38.36%,$0.07B,0,0.00%,$0.07B,0,0.00%,$0.07B,$0.03B,38.36%,$0.07B,$0.02B,24.66%,$0.02B,$0.15B,12.35%,$0.02B,$0.15B,12.35%,$0.02B,$1.44B,1.26%,$0.03B,$0.15B,18.89%,$18,$1,$18,$0,$10,$11,$7,$0,$7,$3,$5,$5,$5,$0,$0,$5,5,$0.88,$0.86,$28,$0,$0,$1132,$9,$293,$0,$0,$303,$1435,$1283,$0,$0,$0,$1283,$59,$91,$2,$152,$1435,$18,$4,$-1,$3,$-0,$0,$-0,$0,$-0,$21,$-1,$0,$0,$0,$-100,$-100,$-43,$-145,$-25,$0,$-25,$1,$1,$-4,$50,$23,$-101,$1,$-4
24,2012-09-30,38.19,$27.45,1.39,$13.45,2.84,$8.64,4.42,$3.04,12.56,$1.19B,$1.29B,0.92,$0.00B,$0.15B,0.0,$0.07B,$0.07B,95.89%,$0.07B,$0.03B,35.62%,$0.07B,0,0.00%,$0.07B,0,0.00%,$0.07B,$0.03B,35.62%,$0.07B,$0.02B,21.92%,$0.02B,$0.15B,11.29%,$0.02B,$0.15B,11.29%,$0.02B,$1.44B,1.13%,$0.03B,$0.15B,17.87%,$17,$1,$17,$0,$11,$12,$5,$0,$5,$2,$3,$3,$3,$0,$0,$5,5,$0.60,$0.59,$141,$0,$0,$1185,$9,$241,$0,$0,$250,$1435,$1288,$0,$0,$0,$1288,$58,$87,$2,$147,$1435,$13,$3,$-1,$2,$-0,$0,$-0,$-1,$-1,$14,$-1,$0,$0,$0,$-47,$-47,$17,$-31,$-25,$0,$-25,$0,$0,$-3,$56,$29,$12,$0,$-3
25,2012-06-30,33.09,$26.92,1.23,$13.75,2.41,$8.78,3.77,$3.24,10.21,$1.15B,$1.26B,0.92,$0.01B,$0.14B,0.04,$0.08B,$0.07B,93.33%,$0.08B,$0.03B,37.33%,$0.08B,0,0.00%,$0.08B,0,0.00%,$0.08B,$0.03B,37.33%,$0.08B,$0.02B,22.67%,$0.02B,$0.14B,12.30%,$0.02B,$0.14B,12.30%,$0.02B,$1.41B,1.22%,$0.03B,$0.15B,19.55%,$19,$1,$18,$0,$9,$10,$8,$0,$8,$3,$5,$5,$5,$0,$0,$5,5,$0.93,$0.91,$98,$0,$0,$1153,$9,$245,$0,$0,$254,$1407,$1258,$5,$0,$5,$1263,$58,$85,$2,$144,$1407,$10,$2,$-2,$-0,$-0,$0,$-0,$-2,$-2,$8,$-0,$0,$0,$0,$-51,$-51,$6,$-45,$-20,$0,$-20,$0,$0,$-2,$28,$6,$-31,$0,$-2
26,2012-03-31,33.83,$26.18,1.29,$13.95,2.42,$9.05,3.74,$2.97,11.39,$1.20B,$1.28B,0.94,$0.01B,$0.14B,0.04,$0.08B,$0.07B,93.42%,$0.08B,$0.03B,34.21%,$0.08B,0,0.00%,$0.08B,0,0.00%,$0.08B,$0.03B,34.21%,$0.08B,$0.02B,19.74%,$0.02B,$0.14B,11.15%,$0.02B,$0.14B,11.15%,$0.02B,$1.42B,1.09%,$0.03B,$0.15B,18.64%,$19,$1,$18,$0,$9,$11,$8,$0,$8,$3,$5,$5,$5,$0,$0,$5,5,$0.93,$0.91,$142,$0,$0,$1204,$9,$208,$0,$0,$218,$1421,$1276,$5,$0,$5,$1281,$57,$81,$2,$140,$1421,$5,$1,$-1,$-0,$-0,$0,$-0,$2,$2,$6,$-0,$0,$0,$0,$-14,$-14,$-2,$-16,$-20,$0,$-20,$0,$0,$-1,$43,$22,$12,$0,$-1
27,2011-12-31,33.31,$25.40,1.31,$14.00,2.38,$8.94,3.72,$2.90,11.49,$1.19B,$1.25B,0.95,$0.01B,$0.14B,0.04,$0.08B,$0.07B,92.11%,$0.08B,$0.03B,32.89%,$0.08B,0,0.00%,$0.08B,0,0.00%,$0.08B,$0.03B,32.89%,$0.08B,$0.02B,19.74%,$0.02B,$0.14B,11.47%,$0.02B,$0.14B,11.47%,$0.02B,$1.39B,1.11%,$0.03B,$0.14B,18.42%,$18,$1,$17,$0,$12,$13,$5,$0,$5,$2,$3,$3,$3,$0,$0,$5,5,$0.64,$0.63,$130,$0,$0,$1189,$9,$195,$0,$0,$204,$1393,$1253,$5,$0,$5,$1258,$57,$77,$2,$136,$1393,$16,$3,$1,$5,$-0,$0,$-0,$3,$2,$22,$-2,$0,$0,$0,$-49,$-49,$17,$-35,$-34,$0,$-34,$1,$1,$-3,$93,$57,$45,$1,$-3
28,2011-09-30,29.13,$24.95,1.17,$13.76,2.12,$9.31,3.13,$3.00,9.71,$1.16B,$1.23B,0.94,$0.01B,$0.13B,0.04,$0.08B,$0.07B,90.67%,$0.08B,$0.03B,34.67%,$0.08B,0,0.00%,$0.08B,0,0.00%,$0.08B,$0.03B,34.67%,$0.08B,$0.02B,21.33%,$0.02B,$0.13B,12.57%,$0.02B,$0.13B,12.57%,$0.02B,$1.36B,1.23%,$0.03B,$0.14B,19.66%,$19,$2,$17,$0,$10,$12,$7,$0,$7,$3,$4,$4,$4,$0,$0,$5,5,$0.80,$0.79,$133,$0,$0,$1155,$10,$199,$0,$0,$208,$1363,$1225,$5,$0,$5,$1230,$57,$75,$2,$133,$1363,$12,$2,$-0,$2,$-0,$0,$-0,$3,$2,$16,$-2,$0,$0,$0,$-53,$-53,$55,$-0,$-34,$0,$-34,$1,$1,$-3,$67,$31,$48,$0,$-3
29,2011-06-30,31.06,$24.25,1.28,$13.46,2.31,$9.54,3.25,$2.84,10.94,$1.13B,$1.20B,0.94,$0.01B,$0.13B,0.04,$0.07B,$0.07B,90.41%,$0.07B,$0.02B,32.88%,$0.07B,0,0.00%,$0.07B,0,0.00%,$0.07B,$0.02B,32.88%,$0.07B,$0.02B,20.55%,$0.02B,$0.13B,12.12%,$0.02B,$0.13B,12.12%,$0.02B,$1.34B,1.19%,$0.02B,$0.13B,18.64%,$20,$1,$19,$0,$13,$14,$6,$0,$6,$2,$3,$3,$3,$0,$0,$5,5,$0.65,$0.64,$110,$0,$0,$1125,$9,$203,$0,$0,$212,$1337,$1203,$5,$0,$5,$1208,$56,$71,$2,$129,$1337,$8,$1,$1,$2,$-0,$0,$0,$0,$0,$10,$-1,$0,$0,$0,$-57,$-57,$59,$0,$-14,$0,$-14,$0,$0,$-2,$29,$14,$25,$0,$-2
30,2011-03-31,32.62,$23.65,1.38,$13.00,2.51,$9.92,3.29,$2.83,11.53,$1.14B,$1.16B,0.98,$0.01B,$0.13B,0.04,$0.07B,$0.06B,88.57%,$0.07B,$0.02B,32.86%,$0.07B,0,0.00%,$0.07B,0,0.00%,$0.07B,$0.02B,32.86%,$0.07B,$0.02B,21.43%,$0.02B,$0.13B,12.45%,$0.02B,$0.13B,12.45%,$0.02B,$1.29B,1.22%,$0.02B,$0.13B,18.33%,$19,$1,$17,$0,$10,$11,$7,$0,$7,$3,$5,$5,$5,$0,$0,$5,5,$0.85,$0.84,$129,$0,$0,$1138,$9,$144,$0,$0,$152,$1291,$1160,$5,$0,$5,$1165,$56,$69,$1,$125,$1291,$5,$1,$-1,$-0,$-0,$0,$0,$2,$2,$6,$-1,$0,$0,$0,$7,$7,$67,$73,$-14,$0,$-14,$0,$0,$-1,$-21,$-35,$44,$0,$-1
31,2010-12-31,30.46,$23.05,1.32,$12.59,2.42,$10.03,3.04,$2.55,11.95,$1.05B,$1.08B,0.97,$0.01B,$0.12B,0.04,$0.07B,$0.06B,88.06%,$0.07B,$0.02B,31.34%,$0.07B,0,0.00%,$0.07B,0,0.00%,$0.07B,$0.02B,31.34%,$0.07B,$0.01B,19.40%,$0.01B,$0.12B,11.06%,$0.01B,$0.12B,11.06%,$0.01B,$1.21B,1.09%,$0.02B,$0.13B,17.14%,$17,$1,$15,$0,$9,$10,$6,$0,$6,$2,$4,$4,$4,$0,$0,$5,5,$0.74,$0.73,$85,$0,$0,$1053,$8,$147,$0,$0,$155,$1208,$1081,$5,$0,$5,$1086,$55,$65,$2,$122,$1208,$14,$3,$5,$8,$0,$0,$0,$2,$2,$23,$-2,$0,$0,$0,$-18,$-18,$-27,$-46,$0,$0,$0,$1,$1,$-3,$72,$69,$47,$1,$-3
32,2010-09-30,27.92,$22.56,1.24,$12.58,2.22,$8.37,3.34,$2.34,11.93,$1.06B,$1.10B,0.97,$0.01B,$0.12B,0.04,$0.07B,$0.06B,88.06%,$0.07B,$0.02B,28.36%,$0.07B,0,0.00%,$0.07B,0,0.00%,$0.07B,$0.02B,28.36%,$0.07B,$0.01B,17.91%,$0.01B,$0.12B,10.50%,$0.01B,$0.12B,10.50%,$0.01B,$1.22B,1.02%,$0.02B,$0.12B,15.93%,$17,$2,$15,$0,$10,$12,$5,$0,$5,$2,$3,$3,$3,$0,$0,$5,5,$0.64,$0.63,$98,$0,$0,$1063,$9,$148,$0,$0,$157,$1219,$1096,$5,$0,$5,$1101,$55,$62,$2,$119,$1219,$10,$2,$5,$7,$0,$0,$0,$0,$0,$17,$-2,$0,$0,$0,$-12,$-12,$-22,$-35,$0,$0,$0,$0,$0,$-2,$79,$77,$59,$0,$-2
33,2010-06-30,27.53,$22.06,1.25,$12.51,2.2,$8.00,3.44,$2.39,11.52,$1.04B,$1.07B,0.97,$0.01B,$0.12B,0.04,$0.07B,$0.06B,89.39%,$0.07B,$0.02B,30.30%,$0.07B,0,0.00%,$0.07B,0,0.00%,$0.07B,$0.02B,30.30%,$0.07B,$0.01B,19.70%,$0.01B,$0.12B,11.69%,$0.01B,$0.12B,11.69%,$0.01B,$1.19B,1.13%,$0.02B,$0.12B,17.20%,$17,$2,$15,$0,$10,$12,$5,$0,$5,$2,$3,$3,$3,$0,$0,$5,5,$0.64,$0.63,$69,$0,$0,$1035,$8,$142,$0,$0,$150,$1186,$1065,$5,$0,$5,$1070,$54,$59,$2,$116,$1186,$6,$1,$3,$4,$0,$0,$0,$0,$1,$11,$-1,$0,$0,$0,$-12,$-12,$-22,$-35,$0,$0,$0,$0,$0,$-2,$55,$54,$31,$0,$-2
34,2010-03-31,28.4,$21.47,1.32,$12.40,2.29,$7.55,3.76,$2.36,12.03,$1.03B,$1.05B,0.98,$0.01B,$0.11B,0.04,$0.07B,$0.06B,89.23%,$0.07B,$0.02B,30.77%,$0.07B,0,0.00%,$0.07B,0,0.00%,$0.07B,$0.02B,30.77%,$0.07B,$0.01B,20.00%,$0.01B,$0.11B,12.01%,$0.01B,$0.11B,12.01%,$0.01B,$1.17B,1.15%,$0.02B,$0.12B,17.66%,$16,$2,$14,$0,$9,$12,$5,$0,$5,$2,$3,$3,$3,$0,$0,$5,5,$0.56,$0.56,$85,$0,$0,$1033,$8,$128,$0,$0,$135,$1169,$1051,$5,$0,$5,$1056,$54,$57,$2,$113,$1169,$3,$1,$2,$2,$0,$0,$0,$1,$1,$6,$-0,$0,$0,$0,$2,$2,$-4,$-2,$0,$0,$0,$0,$0,$-1,$43,$43,$47,$0,$-1
35,2009-12-31,27.82,$20.85,1.33,$12.38,2.25,$7.57,3.67,$2.17,12.82,$0.99B,$1.01B,0.98,$0.01B,$0.11B,0.05,$0.07B,$0.06B,89.23%,$0.07B,$0.02B,30.77%,$0.07B,0,0.00%,$0.07B,0,0.00%,$0.07B,$0.02B,30.77%,$0.07B,$0.01B,18.46%,$0.01B,$0.11B,11.43%,$0.01B,$0.11B,11.43%,$0.01B,$1.12B,1.09%,$0.02B,$0.11B,18.18%,$17,$2,$15,$0,$10,$12,$4,$0,$4,$2,$3,$3,$3,$0,$0,$5,5,$0.54,$0.53,$39,$0,$0,$985,$8,$128,$0,$0,$136,$1122,$1008,$5,$0,$5,$1013,$54,$55,$1,$109,$1122,$13,$2,$5,$7,$-0,$0,$0,$-6,$-6,$14,$-1,$0,$0,$0,$-25,$-25,$-34,$-60,$-2,$0,$-2,$1,$-27,$-3,$92,$60,$14,$1,$-3
36,2009-09-30,26.65,$20.55,1.3,$12.38,2.15,$8.96,2.97,$2.17,12.28,$1.01B,$1.01B,0.99,$0.01B,$0.11B,0.05,$0.06B,$0.06B,89.06%,$0.06B,$0.02B,31.25%,$0.06B,0,0.00%,$0.06B,0,0.00%,$0.06B,$0.02B,32.81%,$0.06B,$0.01B,18.75%,$0.01B,$0.11B,10.98%,$0.01B,$0.11B,10.98%,$0.01B,$1.13B,1.10%,$0.02B,$0.11B,17.51%,$16,$2,$15,$0,$9,$11,$6,$0,$6,$2,$4,$4,$4,$0,$0,$5,5,$0.69,$0.68,$64,$0,$0,$1006,$8,$112,$0,$0,$120,$1127,$1014,$5,$0,$5,$1019,$54,$53,$1,$107,$1127,$10,$1,$3,$5,$-0,$0,$0,$-1,$-1,$14,$-1,$0,$0,$0,$-7,$-7,$-33,$-41,$0,$-2,$-2,$1,$-27,$-3,$97,$66,$39,$0,$-2
37,2009-06-30,22.82,$19.90,1.15,$12.38,1.84,$9.36,2.44,$2.01,11.35,$0.98B,$0.99B,0.99,$0.01B,$0.10B,0.05,$0.06B,$0.06B,87.50%,$0.06B,$0.02B,28.13%,$0.06B,0,0.00%,$0.06B,0,0.00%,$0.06B,$0.02B,29.69%,$0.06B,$0.01B,17.19%,$0.01B,$0.10B,10.35%,$0.01B,$0.10B,10.35%,$0.01B,$1.09B,1.05%,$0.02B,$0.11B,16.18%,$16,$2,$14,$0,$9,$11,$5,$0,$5,$2,$3,$3,$3,$0,$0,$5,5,$0.61,$0.60,$47,$0,$0,$979,$8,$107,$0,$0,$115,$1094,$986,$5,$0,$5,$991,$53,$50,$1,$104,$1094,$6,$1,$2,$3,$0,$0,$0,$-1,$-1,$8,$-0,$0,$0,$0,$-3,$-3,$-22,$-26,$0,$-2,$-2,$1,$-27,$-2,$70,$39,$22,$0,$-1
38,2009-03-31,18.12,$19.46,0.93,$12.32,1.47,$9.85,1.84,$2.06,8.79,$0.96B,$0.97B,0.99,$0.01B,$0.10B,0.05,$0.06B,$0.06B,85.94%,$0.06B,$0.02B,29.69%,$0.06B,0,0.00%,$0.06B,0,0.00%,$0.06B,$0.02B,31.25%,$0.06B,$0.01B,17.19%,$0.01B,$0.10B,10.63%,$0.01B,$0.10B,10.63%,$0.01B,$1.08B,1.08%,$0.02B,$0.11B,17.51%,$16,$2,$14,$0,$8,$11,$5,$0,$5,$2,$3,$3,$2,$0,$0,$5,5,$0.38,$0.37,$20,$0,$0,$963,$8,$103,$0,$0,$111,$1075,$970,$5,$0,$5,$975,$52,$47,$1,$100,$1075,$3,$0,$1,$2,$0,$0,$0,$1,$1,$6,$-0,$0,$0,$0,$1,$1,$-32,$-32,$0,$42,$42,$0,$-28,$-1,$7,$20,$-5,$0,$-1
39,2008-12-31,20.07,$24.39,0.82,$12.37,1.62,$10.60,1.89,$2.32,8.65,$0.94B,$0.92B,1.02,$0.01B,$0.10B,0.05,$0.06B,$0.05B,84.38%,$0.06B,$0.02B,29.69%,$0.06B,0,0.00%,$0.06B,0,0.00%,$0.06B,$0.02B,31.25%,$0.06B,$0.01B,18.75%,$0.01B,$0.13B,11.85%,$0.01B,$0.13B,11.85%,$0.01B,$1.05B,1.23%,$0.02B,$0.13B,17.88%,$16,$2,$14,$0,$9,$12,$4,$0,$5,$2,$3,$3,$3,$0,$0,$5,5,$0.52,$0.52,$25,$0,$0,$938,$8,$104,$0,$0,$112,$1050,$919,$5,$0,$5,$924,$52,$46,$0,$126,$1050,$12,$2,$5,$7,$0,$0,$0,$3,$3,$22,$-2,$0,$0,$0,$-2,$-2,$-168,$-172,$0,$57,$57,$-0,$27,$-3,$18,$99,$-51,$1,$-3
40,2008-09-30,26.21,$18.43,1.42,$12.45,2.11,$8.88,2.95,$2.42,10.83,$0.88B,$0.89B,1.0,$0.01B,$0.10B,0.05,$0.07B,$0.05B,81.54%,$0.07B,$0.02B,30.77%,$0.07B,0,0.00%,$0.07B,0,0.00%,$0.07B,$0.02B,30.77%,$0.07B,$0.01B,18.46%,$0.01B,$0.10B,13.08%,$0.01B,$0.10B,13.08%,$0.01B,$0.99B,1.27%,$0.02B,$0.10B,20.67%,$16,$3,$14,$0,$9,$12,$4,$0,$4,$2,$3,$3,$3,$0,$0,$5,5,$0.53,$0.52,$20,$0,$0,$882,$9,$94,$0,$0,$102,$985,$885,$5,$0,$5,$890,$51,$44,$-0,$95,$985,$9,$1,$3,$4,$0,$0,$0,$3,$3,$17,$-2,$0,$0,$0,$7,$7,$-118,$-112,$0,$29,$29,$-1,$-1,$-2,$15,$40,$-56,$1,$-2
41,2008-06-30,20.2,$18.01,1.12,$12.62,1.6,$8.35,2.42,$2.50,8.08,$0.85B,$0.86B,1.0,$0.01B,$0.09B,0.05,$0.07B,$0.05B,77.27%,$0.07B,$0.02B,31.82%,$0.07B,0,0.00%,$0.07B,0,0.00%,$0.07B,$0.02B,31.82%,$0.07B,$0.01B,18.18%,$0.01B,$0.09B,13.37%,$0.01B,$0.09B,13.37%,$0.01B,$0.95B,1.29%,$0.02B,$0.10B,22.16%,$16,$3,$13,$0,$7,$10,$6,$0,$6,$2,$3,$3,$3,$0,$0,$5,5,$0.66,$0.65,$31,$0,$0,$851,$9,$92,$0,$0,$101,$953,$855,$5,$0,$5,$860,$51,$42,$-0,$93,$953,$7,$1,$1,$2,$0,$0,$0,$3,$4,$12,$-1,$0,$0,$0,$8,$8,$-75,$-68,$0,$47,$47,$-1,$-1,$-1,$-33,$11,$-45,$0,$-1
42,2008-03-31,24.72,$17.68,1.4,$12.75,1.94,$9.47,2.61,$2.39,10.34,$0.82B,$0.82B,0.99,$0.01B,$0.09B,0.06,$0.07B,$0.05B,74.63%,$0.07B,$0.02B,29.85%,$0.07B,0,0.00%,$0.07B,0,0.00%,$0.07B,$0.02B,29.85%,$0.07B,$0.01B,17.91%,$0.01B,$0.09B,13.71%,$0.01B,$0.09B,13.71%,$0.01B,$0.92B,1.31%,$0.02B,$0.10B,21.62%,$16,$3,$13,$0,$7,$11,$5,$0,$5,$2,$3,$3,$3,$0,$0,$5,5,$0.64,$0.63,$28,$0,$0,$818,$8,$94,$0,$0,$102,$920,$824,$5,$0,$5,$829,$51,$40,$0,$91,$920,$3,$0,$0,$1,$0,$0,$-0,$6,$6,$10,$-0,$0,$0,$0,$7,$7,$-45,$-38,$0,$55,$55,$-0,$-0,$-1,$-74,$-20,$-48,$0,$-1
43,2007-12-31,23.99,$17.13,1.4,$12.67,1.89,$8.30,2.89,$2.31,10.39,$0.83B,$0.84B,0.98,$0.01B,$0.09B,0.06,$0.07B,$0.05B,73.13%,$0.07B,$0.02B,29.85%,$0.07B,0,0.00%,$0.07B,0,0.00%,$0.07B,$0.02B,29.85%,$0.07B,$0.01B,17.91%,$0.01B,$0.09B,18.53%,$0.01B,$0.09B,18.53%,$0.01B,$0.93B,1.75%,$0.02B,$0.09B,29.20%,$17,$4,$13,$0,$7,$12,$5,$0,$5,$2,$3,$3,$3,$0,$0,$5,5,$0.63,$0.62,$76,$0,$0,$826,$8,$100,$0,$0,$108,$934,$841,$5,$0,$5,$846,$51,$37,$-0,$88,$934,$12,$1,$-0,$1,$0,$0,$-0,$-2,$-2,$12,$-1,$0,$0,$0,$-10,$-10,$-8,$-19,$0,$-39,$-39,$-12,$-12,$-3,$98,$45,$37,$1,$-3
44,2007-09-30,26.29,$16.73,1.57,$12.45,2.11,$8.03,3.27,$2.26,11.63,$0.82B,$0.83B,0.98,$0.01B,$0.09B,0.06,$0.07B,$0.05B,78.79%,$0.07B,$0.03B,46.97%,$0.07B,0,0.00%,$0.07B,0,0.00%,$0.07B,$0.03B,46.97%,$0.07B,$0.01B,18.18%,$0.01B,$0.09B,18.39%,$0.01B,$0.09B,18.39%,$0.01B,$0.92B,1.78%,$0.03B,$0.09B,44.93%,$17,$5,$12,$0,$7,$12,$5,$0,$5,$2,$3,$3,$3,$0,$0,$5,5,$0.62,$0.60,$110,$0,$0,$817,$8,$99,$0,$0,$107,$924,$832,$5,$0,$5,$837,$52,$34,$-0,$87,$924,$9,$1,$-1,$0,$0,$0,$0,$3,$4,$13,$-1,$0,$0,$0,$-9,$-9,$31,$22,$0,$-24,$-24,$-10,$-10,$-2,$73,$37,$72,$1,$-2
45,2007-06-30,26.55,$16.21,1.64,$11.99,2.21,$6.90,3.84,$2.21,12.01,$0.78B,$0.80B,0.97,$0.01B,$0.08B,0.06,$0.07B,$0.05B,78.46%,$0.07B,$0.03B,47.69%,$0.07B,0,0.00%,$0.07B,0,0.00%,$0.07B,$0.03B,47.69%,$0.07B,$0.01B,18.46%,$0.01B,$0.08B,27.59%,$0.01B,$0.08B,27.59%,$0.01B,$0.89B,2.72%,$0.03B,$0.09B,67.39%,$17,$5,$12,$0,$7,$12,$5,$0,$5,$2,$3,$3,$3,$0,$0,$5,5,$0.56,$0.54,$106,$0,$0,$780,$8,$102,$0,$0,$110,$890,$801,$5,$0,$5,$806,$53,$32,$-1,$84,$890,$6,$1,$-1,$-0,$1,$0,$0,$11,$11,$17,$-0,$0,$0,$0,$-13,$-13,$63,$50,$0,$-29,$-29,$-9,$-9,$-1,$40,$0,$67,$0,$-1
46,2007-03-31,28.91,$0.00,0.0,$11.56,2.5,$4.47,6.48,$2.14,13.51,$0.00B,$0.00B,0.0,$0.00B,$0.00B,0.0,$0.06B,$0.05B,79.37%,$0.06B,$0.03B,49.21%,$0.06B,0,0.00%,$0.06B,0,0.00%,$0.06B,$0.03B,49.21%,$0.06B,$0.01B,19.05%,$0.01B,$0.00B,27.43%,$0.01B,$0.00B,27.43%,$0.01B,$0.00B,2.75%,$0.03B,$0.00B,67.03%,$16,$5,$12,$0,$6,$12,$5,$0,$5,$2,$3,$3,$3,$0,$0,$5,5,$0.57,$0.55,$0,$0,$0,$0,$0,$0,$0,$0,$0,$0,$0,$0,$0,$0,$0,$0,$0,$0,$0,$0,$3,$0,$-1,$-0,$0,$0,$0,$1,$2,$4,$-0,$0,$0,$0,$6,$6,$-19,$-13,$0,$-25,$-25,$-10,$-10,$-1,$38,$3,$-7,$0,$-1
47,2006-12-31,29.11,$16.68,1.74,$8.54,3.41,$3.73,7.8,$2.09,13.96,$0.78B,$0.78B,1.0,$0.01B,$0.09B,0.06,$0.05B,$0.04B,80.85%,$0.05B,$0.03B,55.32%,$0.05B,0,0.00%,$0.05B,0,0.00%,$0.05B,$0.03B,55.32%,$0.05B,$0.01B,25.53%,$0.01B,$0.09B,18.68%,$0.01B,$0.09B,18.68%,$0.01B,$0.88B,1.85%,$0.03B,$0.10B,38.95%,$16,$0,$16,$0,$0,$0,$16,$0,$16,$0,$16,$3,$3,$0,$0,$5,5,$0.59,$0.57,$39,$0,$0,$779,$8,$89,$0,$0,$98,$877,$782,$5,$0,$5,$787,$61,$29,$-1,$90,$877,$12,$1,$1,$2,$-0,$0,$0,$-1,$-1,$14,$-4,$0,$0,$0,$19,$19,$-35,$-19,$0,$8,$8,$-1,$-1,$-2,$17,$22,$17,$1,$-2
