,Date,Stock Price,Book Value per Share,Price to Book Ratio,TTM Sales per Share,Price to Sales Ratio,TTM FCF per Share,Price to FCF Ratio,TTM Net EPS,PE Ratio,Current Assets,Current Liabilities,Current Ratio,Long Term Debt,Shareholder's Equity_x,Debt to Equity Ratio,TTM Revenue_x,TTM Gross Profit,Gross Margin,TTM Revenue_y,TTM Operating Income,Operating Margin,TTM Revenue_x,TTM EBIT,EBIT Margin,TTM Revenue_y,TTM EBITDA,EBITDA Margin,TTM Revenue_x,TTM Pre-Tax Income,Pre-Tax Margin,TTM Revenue_y,TTM Net Income_x,Net Margin,TTM Net Income_y,Shareholder's Equity_y,Return on Equity,TTM Net Income_x,Tangible Equity,Return on Tangible Equity,TTM Net Income_y,Total Assets,Return on Assets,TTM Net Income,LT Investments & Debt,Return on Investment,revenue,cost-goods-sold,gross-profit,research-development-expenses,selling-general-administrative-expenses,operating-expenses,operating-income,total-non-operating-income-expense,pre-tax-income,total-provision-income-taxes,income-after-taxes,income-from-continuous-operations,net-income,ebitda,ebit,basic-shares-outstanding,shares-outstanding,eps-basic-net-earnings-per-share,eps-earnings-per-share-diluted,cash-on-hand,inventory,other-current-assets,total-current-assets,net-property-plant-equipment,long-term-investments,goodwill-intangible-assets-total,other-long-term-assets,total-long-term-assets,total-assets,total-current-liabilities,long-term-debt,other-non-current-liabilities,total-long-term-liabilities,total-liabilities,common-stock-net,retained-earnings-accumulated-deficit,comprehensive-income,total-share-holder-equity,total-liabilities-share-holders-equity,net-income-loss,total-depreciation-amortization-cash-flow,other-non-cash-items,total-non-cash-items,change-in-accounts-receivable,change-in-inventories,change-in-accounts-payable,change-in-assets-liabilities,total-change-in-assets-liabilities,cash-flow-from-operating-activities,net-change-in-property-plant-equipment,net-change-in-intangible-assets,net-acquisitions-divestitures,net-change-in-short-term-investments,net-change-in-long-term-investments,net-change-in-investments-total,investing-activities-other,cash-flow-from-investing-activities,net-long-term-debt,net-current-debt,debt-issuance-retirement-net-total,net-common-equity-issued-repurchased,net-total-equity-issued-repurchased,total-common-preferred-stock-dividends-paid,financial-activities-other,cash-flow-from-financial-activities,net-cash-flow,stock-based-compensation,common-stock-dividends-paid
0,2018-09-30,96.97,$16.39,5.92,$8.49,11.42,$-3.08,0.0,$-0.72,0.0,$2.41B,$0.84B,2.87,$0.83B,$2.92B,0.28,$1.50B,$1.18B,78.88%,$1.50B,$-0.03B,-1.80%,$1.50B,$-0.03B,-1.80%,$1.50B,$0.07B,4.95%,$1.50B,$-0.04B,-2.94%,$1.50B,$-0.13B,-8.36%,$-0.13B,$2.92B,-4.38%,$-0.13B,$2.22B,-5.81%,$-0.13B,$4.70B,-2.70%,$-0.03B,$3.74B,-0.73%,$392,$79,$313,$161,$149,$407,$-16,$-4,$-19,$-7,$-13,$-13,$-13,$11,$-16,$177,177,$-0.07,$-0.07,$1443,$508,$72,$2408,$924,$205,$692,$38,$2287,$4695,$839,$826,$116,$942,$1780,$0,$-1690,$-2,$2915,$4695,$-74,$72,$86,$158,$-96,$-10,$0,$5,$-113,$-29,$-103,$20,$0,$418,$0,$418,$-0,$335,$0,$0,$0,$56,$56,$0,$-77,$-22,$284,$112,$0
1,2018-06-30,94.2,$16.25,5.8,$8.19,11.5,$-3.38,0.0,$-0.72,0.0,$2.28B,$0.81B,2.83,$0.82B,$2.89B,0.29,$1.44B,$1.14B,79.42%,$1.44B,$-0.03B,-1.74%,$1.44B,$-0.03B,-1.74%,$1.44B,$0.07B,4.94%,$1.44B,$-0.05B,-3.20%,$1.44B,$-0.13B,-8.69%,$-0.13B,$2.89B,-4.42%,$-0.13B,$2.19B,-5.91%,$-0.13B,$4.63B,-2.71%,$-0.03B,$3.71B,-0.67%,$373,$79,$294,$176,$153,$398,$-25,$-4,$-29,$-12,$-17,$-17,$-17,$-5,$-25,$177,177,$-0.09,$-0.09,$1363,$473,$80,$2280,$900,$280,$699,$39,$2345,$4625,$805,$822,$113,$935,$1740,$0,$-1678,$-1,$2885,$4625,$-61,$45,$41,$85,$-77,$15,$0,$-6,$-101,$-76,$-53,$20,$0,$-33,$0,$-33,$-1,$-67,$0,$0,$0,$45,$45,$0,$-72,$-27,$-171,$75,$0
2,2018-03-31,81.07,$15.89,5.1,$7.90,10.26,$-3.67,0.0,$-0.84,0.0,$2.24B,$0.77B,2.9,$0.82B,$2.81B,0.29,$1.38B,$1.11B,80.25%,$1.38B,$-0.04B,-2.82%,$1.38B,$-0.04B,-2.82%,$1.38B,$0.06B,4.12%,$1.38B,$-0.06B,-4.56%,$1.38B,$-0.15B,-10.49%,$-0.15B,$2.81B,-5.17%,$-0.15B,$2.10B,-6.95%,$-0.15B,$4.60B,-3.25%,$-0.04B,$3.63B,-1.06%,$373,$82,$291,$184,$138,$418,$-44,$-6,$-51,$-7,$-44,$-44,$-44,$-20,$-44,$176,176,$-0.25,$-0.26,$1383,$468,$72,$2241,$895,$314,$707,$33,$2356,$4597,$773,$818,$199,$1016,$1790,$0,$-1661,$-29,$2807,$4597,$-44,$24,$43,$68,$-26,$11,$0,$1,$-66,$-43,$-30,$0,$0,$-41,$0,$-41,$-0,$-72,$0,$0,$0,$13,$13,$0,$-23,$-10,$-124,$37,$0
3,2017-12-31,89.17,$15.97,5.58,$7.54,11.82,$-4.13,0.0,$-0.67,0.0,$2.21B,$0.82B,2.7,$0.81B,$2.81B,0.29,$1.31B,$1.07B,81.65%,$1.31B,$-0.02B,-1.14%,$1.31B,$-0.02B,-1.14%,$1.31B,$0.08B,5.86%,$1.31B,$-0.04B,-2.74%,$1.31B,$-0.12B,-8.91%,$-0.12B,$2.81B,-4.18%,$-0.12B,$2.09B,-5.66%,$-0.12B,$4.63B,-2.73%,$-0.02B,$3.62B,-0.41%,$358,$76,$282,$169,$160,$300,$58,$-3,$55,$106,$-51,$-51,$-51,$88,$58,$174,174,$-0.30,$-0.30,$1396,$476,$74,$2207,$897,$386,$715,$30,$2426,$4633,$817,$814,$194,$1008,$1824,$0,$-1638,$-23,$2809,$4633,$-117,$91,$111,$202,$-25,$-97,$0,$-17,$-94,$-9,$-199,$125,$0,$-229,$0,$-229,$-2,$-305,$482,$0,$482,$61,$61,$0,$-35,$507,$190,$140,$0
4,2017-09-30,93.07,$16.03,5.81,$7.29,12.76,$-5.20,0.0,$-0.90,0.0,$2.05B,$0.42B,4.91,$1.17B,$2.81B,0.41,$1.26B,$1.03B,81.75%,$1.26B,$-0.16B,-12.99%,$1.26B,$-0.16B,-12.99%,$1.26B,$-0.08B,-6.37%,$1.26B,$-0.18B,-14.58%,$1.26B,$-0.16B,-12.51%,$-0.16B,$2.81B,-5.63%,$-0.16B,$2.09B,-7.67%,$-0.16B,$4.58B,-3.79%,$-0.16B,$3.98B,-4.55%,$334,$59,$275,$154,$131,$348,$-14,$-7,$-21,$-8,$-13,$-13,$-13,$8,$-14,$175,175,$-0.07,$-0.07,$1257,$457,$84,$2050,$879,$416,$728,$23,$2531,$4581,$418,$1166,$184,$1350,$1767,$0,$-1586,$-21,$2814,$4581,$-66,$61,$103,$165,$-22,$-81,$0,$-18,$-123,$-23,$-159,$0,$0,$-284,$0,$-284,$-2,$-445,$482,$0,$482,$46,$46,$0,$-34,$494,$23,$107,$0
5,2017-06-30,90.82,$15.95,5.69,$7.05,12.88,$-6.14,0.0,$-1.09,0.0,$1.46B,$0.37B,3.9,$0.68B,$2.80B,0.24,$1.20B,$0.98B,81.60%,$1.20B,$-0.21B,-17.40%,$1.20B,$-0.21B,-17.40%,$1.20B,$-0.12B,-9.91%,$1.20B,$-0.23B,-19.07%,$1.20B,$-0.18B,-15.07%,$-0.18B,$2.80B,-6.60%,$-0.18B,$2.06B,-9.06%,$-0.18B,$4.02B,-4.58%,$-0.21B,$3.47B,-6.13%,$317,$56,$261,$143,$144,$356,$-39,$-7,$-46,$-9,$-37,$-37,$-37,$-19,$-39,$174,174,$-0.21,$-0.21,$728,$430,$63,$1459,$851,$482,$736,$21,$2561,$4020,$374,$676,$174,$850,$1224,$0,$-1574,$-15,$2796,$4020,$-53,$40,$66,$106,$-17,$-60,$0,$-1,$-115,$-62,$-117,$0,$0,$104,$0,$104,$-2,$-15,$0,$0,$0,$41,$41,$0,$-29,$12,$-53,$71,$0
6,2017-03-31,87.78,$15.98,5.49,$7.08,12.4,$-6.88,0.0,$-3.49,0.0,$1.35B,$0.34B,3.98,$0.67B,$2.77B,0.24,$1.18B,$0.97B,81.76%,$1.18B,$-0.74B,-62.75%,$1.18B,$-0.74B,-62.75%,$1.18B,$-0.64B,-54.39%,$1.18B,$-0.77B,-64.70%,$1.18B,$-0.56B,-47.55%,$-0.56B,$2.77B,-22.30%,$-0.56B,$2.03B,-31.81%,$-0.56B,$3.94B,-15.12%,$-0.74B,$3.44B,-23.35%,$304,$50,$254,$145,$120,$324,$-20,$-4,$-24,$-8,$-16,$-16,$-16,$-0,$-20,$173,173,$-0.09,$-0.09,$678,$384,$60,$1353,$824,$534,$743,$27,$2586,$3939,$340,$668,$161,$829,$1170,$0,$-1537,$5,$2769,$3939,$-16,$20,$25,$45,$-14,$-23,$0,$5,$-110,$-80,$-69,$0,$0,$96,$0,$96,$-1,$25,$0,$0,$0,$13,$13,$0,$-20,$-7,$-60,$31,$0
7,2016-12-31,82.84,$16.02,5.17,$6.79,12.21,$-7.36,0.0,$-3.93,0.0,$1.42B,$0.44B,3.24,$0.66B,$2.77B,0.24,$1.12B,$0.91B,81.29%,$1.12B,$-0.80B,-71.98%,$1.12B,$-0.80B,-71.98%,$1.12B,$-0.71B,-63.21%,$1.12B,$-0.83B,-74.40%,$1.12B,$-0.63B,-56.40%,$-0.63B,$2.77B,-26.20%,$-0.63B,$2.02B,-42.21%,$-0.63B,$4.02B,-17.24%,$-0.80B,$3.43B,-26.26%,$300,$64,$236,$175,$143,$390,$-90,$-3,$-92,$-1,$-91,$-91,$-91,$-69,$-90,$166,166,$-0.49,$-0.50,$790,$355,$62,$1422,$799,$573,$751,$33,$2602,$4024,$439,$661,$157,$818,$1257,$0,$-1521,$13,$2766,$4024,$-630,$98,$464,$563,$-51,$-65,$0,$9,$-160,$-228,$-148,$0,$-3,$-332,$0,$-332,$-1,$-484,$0,$0,$0,$787,$787,$0,$-60,$727,$11,$135,$0
8,2016-09-30,92.52,$15.41,6.0,$6.40,14.45,$-7.89,0.0,$-3.01,0.0,$1.67B,$0.38B,4.42,$0.65B,$2.65B,0.25,$1.05B,$0.85B,81.53%,$1.05B,$-0.61B,-58.66%,$1.05B,$-0.61B,-58.66%,$1.05B,$-0.52B,-49.95%,$1.05B,$-0.65B,-61.82%,$1.05B,$-0.47B,-44.98%,$-0.47B,$2.65B,-20.31%,$-0.47B,$1.89B,-34.34%,$-0.47B,$3.84B,-13.12%,$-0.61B,$3.30B,-20.63%,$280,$51,$229,$161,$119,$340,$-60,$-7,$-67,$-29,$-37,$-37,$-37,$-31,$-60,$168,168,$-0.22,$-0.22,$1035,$347,$68,$1667,$730,$363,$758,$36,$2176,$3842,$377,$653,$166,$819,$1196,$0,$-1573,$2,$2646,$3842,$-539,$77,$435,$513,$-52,$-60,$0,$-11,$-201,$-228,$-105,$0,$-1,$-68,$0,$-68,$-0,$-174,$0,$0,$0,$762,$762,$0,$-55,$707,$310,$97,$0
9,2016-06-30,77.8,$11.74,6.62,$6.03,12.9,$-7.71,0.0,$-3.35,0.0,$1.11B,$0.37B,3.03,$0.65B,$1.92B,0.34,$0.97B,$0.80B,81.83%,$0.97B,$-0.64B,-65.20%,$0.97B,$-0.64B,-65.20%,$0.97B,$-0.56B,-57.49%,$0.97B,$-0.67B,-68.69%,$0.97B,$-0.52B,-53.80%,$-0.52B,$1.92B,-23.55%,$-0.52B,$1.15B,-44.06%,$-0.52B,$3.09B,-14.86%,$-0.64B,$2.56B,-22.00%,$300,$52,$249,$167,$110,$873,$-573,$-10,$-583,$-164,$-419,$-419,$-419,$-544,$-573,$163,163,$-2.58,$-2.58,$503,$327,$62,$1106,$724,$202,$766,$23,$1981,$3087,$365,$646,$159,$805,$1170,$0,$-1530,$5,$1918,$3087,$-502,$48,$423,$471,$-50,$-42,$0,$-6,$-186,$-217,$-71,$0,$-1,$225,$0,$225,$-0,$153,$0,$0,$0,$23,$23,$0,$-53,$-30,$-91,$64,$0
10,2016-03-31,82.48,$14.12,5.84,$5.75,14.36,$-7.37,0.0,$-1.25,0.0,$0.99B,$0.39B,2.56,$0.67B,$2.29B,0.29,$0.92B,$0.76B,82.25%,$0.92B,$-0.13B,-13.64%,$0.92B,$-0.13B,-13.64%,$0.92B,$-0.07B,-7.36%,$0.92B,$-0.17B,-18.29%,$0.92B,$-0.19B,-20.24%,$-0.19B,$2.29B,-8.01%,$-0.19B,$0.92B,-15.47%,$-0.19B,$3.67B,-5.10%,$-0.13B,$2.96B,-4.20%,$237,$43,$194,$159,$105,$318,$-81,$-8,$-89,$-6,$-83,$-83,$-83,$-62,$-81,$162,162,$-0.51,$-0.51,$457,$297,$58,$993,$717,$314,$1374,$25,$2674,$3667,$388,$668,$177,$989,$1377,$0,$-1107,$0,$2290,$3667,$-83,$19,$13,$32,$-16,$-10,$0,$-3,$-121,$-171,$-45,$0,$0,$122,$0,$122,$-0,$77,$0,$0,$0,$4,$4,$0,$-41,$-37,$-127,$30,$0
11,2015-12-31,104.76,$14.86,7.05,$5.57,18.82,$-7.18,0.0,$-1.15,0.0,$1.09B,$0.45B,2.45,$0.66B,$2.40B,0.28,$0.89B,$0.74B,82.92%,$0.89B,$-0.11B,-12.47%,$0.89B,$-0.11B,-12.47%,$0.89B,$-0.06B,-6.85%,$0.89B,$-0.16B,-17.42%,$0.89B,$-0.17B,-19.33%,$-0.17B,$2.40B,-7.26%,$-0.17B,$1.52B,-13.19%,$-0.17B,$3.73B,-4.69%,$-0.11B,$3.06B,-3.66%,$228,$48,$180,$176,$114,$127,$101,$-8,$93,$24,$69,$69,$69,$115,$101,$160,160,$0.44,$0.47,$593,$272,$60,$1090,$704,$426,$881,$409,$2640,$3729,$445,$662,$77,$883,$1329,$0,$-1022,$21,$2401,$3729,$-172,$49,$-143,$-94,$-16,$-51,$0,$23,$46,$-219,$-228,$38,$-538,$-448,$0,$-448,$-3,$-1180,$0,$0,$0,$951,$951,$0,$-26,$926,$-478,$112,$0
12,2015-09-30,105.32,$14.22,7.41,$5.71,18.44,$-5.67,0.0,$-2.01,0.0,$1.18B,$0.39B,3.01,$0.67B,$2.29B,0.29,$0.89B,$0.75B,84.06%,$0.89B,$-0.27B,-30.42%,$0.89B,$-0.27B,-30.42%,$0.89B,$-0.23B,-25.48%,$0.89B,$-0.31B,-35.24%,$0.89B,$-0.31B,-34.90%,$-0.31B,$2.29B,-14.46%,$-0.31B,$1.17B,-24.82%,$-0.31B,$3.63B,-9.28%,$-0.27B,$2.96B,-9.65%,$209,$35,$174,$159,$94,$291,$-82,$-9,$-90,$0,$-91,$-91,$-91,$-69,$-82,$161,161,$-0.57,$-0.60,$618,$262,$115,$1176,$605,$514,$1123,$61,$2449,$3625,$390,$668,$81,$942,$1332,$0,$-1090,$25,$2293,$3625,$-240,$36,$126,$162,$0,$-47,$0,$-29,$-75,$-154,$-136,$0,$-538,$-581,$0,$-581,$-3,$-1259,$0,$0,$0,$940,$940,$0,$-24,$916,$-499,$81,$0
13,2015-06-30,136.78,$14.64,9.34,$5.52,24.77,$-4.72,0.0,$-1.36,0.0,$1.21B,$0.35B,3.49,$0.66B,$2.36B,0.28,$0.86B,$0.72B,84.05%,$0.86B,$-0.18B,-20.72%,$0.86B,$-0.18B,-20.72%,$0.86B,$-0.13B,-15.25%,$0.86B,$-0.22B,-25.73%,$0.86B,$-0.21B,-24.80%,$-0.21B,$2.36B,-10.90%,$-0.21B,$1.23B,-16.58%,$-0.21B,$3.65B,-6.97%,$-0.18B,$3.02B,-6.82%,$250,$38,$212,$158,$102,$314,$-64,$-18,$-83,$-1,$-82,$-82,$-82,$-52,$-64,$160,160,$-0.51,$-0.51,$682,$238,$78,$1214,$568,$510,$1126,$58,$2435,$3649,$348,$661,$89,$944,$1292,$0,$-999,$32,$2357,$3649,$-149,$23,$66,$89,$-38,$-29,$0,$10,$-90,$-151,$-79,$0,$-538,$-575,$0,$-575,$-3,$-1196,$0,$0,$0,$934,$934,$0,$-21,$912,$-435,$52,$0
14,2015-03-31,124.62,$15.13,8.24,$5.27,23.63,$-3.98,0.0,$-1.08,0.0,$1.52B,$0.31B,4.98,$0.66B,$2.43B,0.27,$0.80B,$0.67B,83.77%,$0.80B,$-0.13B,-16.60%,$0.80B,$-0.13B,-16.60%,$0.80B,$-0.08B,-10.24%,$0.80B,$-0.17B,-20.72%,$0.80B,$-0.17B,-20.60%,$-0.17B,$2.43B,-9.53%,$-0.17B,$1.30B,-12.81%,$-0.17B,$3.66B,-6.04%,$-0.13B,$3.08B,-5.58%,$203,$31,$172,$142,$93,$269,$-66,$-9,$-75,$-7,$-68,$-68,$-68,$-55,$-66,$158,158,$-0.43,$-0.43,$1009,$223,$84,$1523,$538,$225,$1129,$80,$2136,$3659,$306,$655,$79,$928,$1233,$0,$-917,$44,$2425,$3659,$-68,$11,$16,$27,$-27,$-19,$0,$6,$-97,$-138,$-44,$0,$-538,$-164,$0,$-164,$-4,$-751,$0,$0,$0,$916,$916,$0,$-1,$915,$25,$23,$0
15,2014-12-31,90.4,$10.25,8.82,$5.04,17.95,$-3.18,0.0,$-0.92,0.0,$1.40B,$0.24B,5.93,$0.64B,$1.53B,0.42,$0.75B,$0.63B,83.73%,$0.75B,$-0.09B,-12.40%,$0.75B,$-0.09B,-12.40%,$0.75B,$-0.04B,-5.33%,$0.75B,$-0.13B,-16.80%,$0.75B,$-0.14B,-18.00%,$-0.14B,$1.53B,-9.06%,$-0.14B,$1.32B,-10.60%,$-0.14B,$2.48B,-5.62%,$-0.09B,$2.17B,-4.34%,$229,$38,$191,$142,$99,$288,$-59,$-7,$-66,$4,$-70,$-70,$-70,$-51,$-59,$146,146,$-0.48,$-0.47,$945,$199,$109,$1398,$524,$98,$211,$55,$1078,$2475,$236,$643,$69,$712,$947,$0,$-850,$27,$1528,$2475,$-134,$53,$26,$79,$-26,$-22,$0,$-6,$-16,$-70,$-117,$68,$0,$301,$0,$301,$-55,$196,$0,$0,$0,$197,$197,$0,$-13,$184,$307,$86,$0
16,2014-09-30,72.16,$10.23,7.05,$4.54,15.91,$-3.63,0.0,$-0.88,0.0,$1.08B,$0.21B,5.22,$0.66B,$1.51B,0.44,$0.67B,$0.57B,84.88%,$0.67B,$-0.09B,-12.87%,$0.67B,$-0.09B,-12.87%,$0.67B,$-0.04B,-6.14%,$0.67B,$-0.12B,-17.81%,$0.67B,$-0.13B,-19.01%,$-0.13B,$1.51B,-8.80%,$-0.13B,$1.29B,-10.36%,$-0.13B,$2.44B,-5.42%,$-0.09B,$2.17B,-4.10%,$177,$30,$147,$126,$75,$165,$11,$-8,$3,$-4,$7,$7,$7,$27,$11,$147,159,$0.05,$0.05,$666,$204,$56,$1078,$487,$449,$214,$62,$1363,$2440,$207,$657,$69,$725,$932,$0,$-780,$19,$1508,$2440,$-64,$46,$2,$48,$-3,$-41,$0,$-17,$-30,$-47,$-89,$68,$0,$-241,$0,$-241,$-3,$-266,$0,$0,$0,$155,$155,$0,$-12,$143,$-171,$55,$0
17,2014-06-30,62.21,$9.94,6.26,$4.40,14.14,$-3.38,0.0,$-1.31,0.0,$1.22B,$0.17B,7.32,$0.65B,$1.46B,0.45,$0.63B,$0.53B,84.24%,$0.63B,$-0.15B,-23.57%,$0.63B,$-0.15B,-23.57%,$0.63B,$-0.10B,-16.56%,$0.63B,$-0.17B,-27.71%,$0.63B,$-0.19B,-29.78%,$-0.19B,$1.46B,-13.50%,$-0.19B,$1.25B,-16.03%,$-0.19B,$2.35B,-8.75%,$-0.15B,$2.11B,-7.80%,$192,$31,$161,$108,$68,$211,$-19,$-9,$-28,$6,$-34,$-34,$-34,$-3,$-19,$146,146,$-0.23,$-0.23,$837,$193,$37,$1220,$470,$245,$217,$47,$1125,$2346,$167,$651,$66,$717,$884,$0,$-787,$10,$1462,$2346,$-72,$29,$48,$77,$-4,$-30,$0,$-3,$-44,$-38,$-64,$0,$0,$-13,$0,$-13,$-2,$-79,$0,$0,$0,$146,$146,$0,$-12,$134,$16,$35,$0
18,2014-03-31,68.21,$10.02,6.81,$4.07,16.76,$-3.12,0.0,$-1.24,0.0,$1.25B,$0.16B,7.99,$0.66B,$1.46B,0.45,$0.57B,$0.48B,84.12%,$0.57B,$-0.15B,-26.00%,$0.57B,$-0.15B,-26.00%,$0.57B,$-0.11B,-18.67%,$0.57B,$-0.17B,-28.97%,$0.57B,$-0.18B,-30.54%,$-0.18B,$1.46B,-13.12%,$-0.18B,$1.24B,-15.71%,$-0.18B,$2.34B,-8.97%,$-0.15B,$2.12B,-8.71%,$152,$23,$129,$86,$60,$178,$-26,$-8,$-35,$3,$-38,$-38,$-38,$-13,$-26,$144,144,$-0.26,$-0.27,$887,$177,$41,$1246,$437,$252,$220,$42,$1094,$2341,$156,$661,$63,$725,$881,$0,$-754,$7,$1460,$2341,$-38,$14,$24,$38,$7,$-14,$0,$-1,$-27,$-26,$-24,$0,$0,$-15,$0,$-15,$0,$-39,$0,$0,$0,$137,$137,$0,$-0,$137,$71,$17,$0
19,2013-12-31,70.35,$9.35,7.53,$4.02,17.51,$-3.11,0.0,$-1.28,0.0,$1.14B,$0.18B,6.21,$0.66B,$1.34B,0.49,$0.55B,$0.46B,83.79%,$0.55B,$-0.16B,-28.42%,$0.55B,$-0.16B,-28.42%,$0.55B,$-0.11B,-20.77%,$0.55B,$-0.18B,-32.06%,$0.55B,$-0.18B,-32.24%,$-0.18B,$1.34B,-13.81%,$-0.18B,$1.12B,-16.71%,$-0.18B,$2.24B,-10.02%,$-0.16B,$2.00B,-10.26%,$147,$17,$130,$97,$72,$199,$-52,$-7,$-59,$3,$-62,$-62,$-62,$-52,$-52,$138,138,$-0.44,$-0.43,$785,$163,$42,$1137,$319,$269,$217,$156,$1107,$2244,$183,$656,$64,$720,$903,$0,$-716,$5,$1341,$2244,$-176,$42,$85,$127,$-9,$-21,$0,$1,$-8,$-57,$-182,$0,$-10,$-106,$0,$-106,$-1,$-299,$726,$0,$726,$43,$43,$0,$-22,$747,$388,$64,$0
20,2013-09-30,72.17,$8.98,8.04,$4.05,17.82,$-1.60,0.0,$-1.28,0.0,$0.71B,$0.17B,4.26,$0.08B,$1.28B,0.06,$0.53B,$0.44B,81.46%,$0.53B,$-0.15B,-28.28%,$0.53B,$-0.15B,-28.28%,$0.53B,$-0.10B,-18.16%,$0.53B,$-0.17B,-31.27%,$0.53B,$-0.17B,-31.46%,$-0.17B,$1.28B,-14.00%,$-0.17B,$1.06B,-17.16%,$-0.17B,$1.62B,-10.52%,$-0.15B,$1.36B,-11.14%,$137,$28,$109,$88,$62,$188,$-51,$-2,$-52,$1,$-53,$-53,$-53,$-36,$-51,$141,141,$-0.38,$-0.38,$380,$149,$28,$713,$286,$149,$220,$14,$907,$1621,$168,$78,$61,$176,$344,$0,$-654,$11,$1276,$1621,$-114,$42,$45,$87,$-16,$-20,$0,$3,$-21,$-48,$-35,$0,$-10,$53,$-0,$53,$0,$8,$0,$0,$0,$60,$60,$0,$-18,$42,$1,$43,$0
21,2013-06-30,55.74,$8.98,6.2,$4.11,13.55,$-1.21,0.0,$-0.94,0.0,$0.72B,$0.14B,5.07,$0.11B,$1.26B,0.09,$0.53B,$0.43B,81.71%,$0.53B,$-0.11B,-20.95%,$0.53B,$-0.11B,-20.95%,$0.53B,$-0.06B,-11.05%,$0.53B,$-0.13B,-24.19%,$0.53B,$-0.12B,-22.86%,$-0.12B,$1.26B,-10.58%,$-0.12B,$1.04B,-13.13%,$-0.12B,$1.60B,-7.58%,$-0.11B,$1.37B,-8.13%,$137,$23,$114,$86,$51,$157,$-20,$-0,$-20,$1,$-22,$-22,$-22,$-6,$-20,$139,140,$-0.15,$-0.16,$401,$142,$34,$721,$282,$125,$223,$15,$881,$1602,$142,$110,$54,$201,$343,$0,$-601,$2,$1258,$1602,$-61,$27,$27,$55,$-6,$-14,$0,$-5,$-32,$-39,$-22,$0,$-10,$37,$-0,$36,$0,$4,$0,$0,$0,$46,$46,$0,$-16,$29,$-5,$26,$0
22,2013-03-31,62.26,$9.00,6.92,$4.19,14.87,$-0.98,0.0,$-1.05,0.0,$0.72B,$0.14B,5.02,$0.11B,$1.25B,0.09,$0.51B,$0.42B,81.05%,$0.51B,$-0.12B,-23.63%,$0.51B,$-0.12B,-23.63%,$0.51B,$-0.07B,-13.87%,$0.51B,$-0.14B,-27.15%,$0.51B,$-0.13B,-25.39%,$-0.13B,$1.25B,-12.15%,$-0.13B,$1.02B,-15.28%,$-0.13B,$1.60B,-8.30%,$-0.12B,$1.36B,-9.02%,$128,$21,$107,$84,$51,$161,$-33,$-12,$-45,$-5,$-40,$-40,$-40,$-20,$-33,$128,128,$-0.31,$-0.31,$402,$136,$36,$723,$282,$124,$227,$15,$875,$1598,$144,$110,$57,$204,$348,$0,$-579,$1,$1250,$1598,$-40,$13,$27,$40,$-11,$-7,$0,$-7,$-32,$-32,$-12,$0,$-10,$14,$0,$14,$0,$-8,$-0,$-0,$-0,$25,$25,$0,$-11,$14,$-26,$12,$0
23,2012-12-31,49.2,$8.07,6.09,$4.20,11.71,$-0.75,0.0,$-0.95,0.0,$0.74B,$0.17B,4.36,$0.33B,$1.02B,0.32,$0.50B,$0.41B,81.44%,$0.50B,$-0.11B,-21.96%,$0.50B,$-0.11B,-21.96%,$0.50B,$-0.06B,-12.18%,$0.50B,$-0.12B,-23.55%,$0.50B,$-0.11B,-22.75%,$-0.11B,$1.02B,-11.99%,$-0.11B,$0.80B,-15.57%,$-0.11B,$1.57B,-7.64%,$-0.11B,$1.34B,-8.62%,$132,$27,$105,$84,$55,$179,$-47,$-3,$-50,$3,$-53,$-53,$-53,$-35,$-47,$120,120,$-0.43,$-0.43,$448,$129,$26,$743,$284,$117,$215,$20,$825,$1568,$170,$325,$57,$382,$553,$0,$-539,$-0,$1016,$1568,$-114,$49,$50,$99,$-4,$1,$0,$-2,$33,$18,$-45,$0,$0,$-144,$-2,$-146,$-5,$-196,$0,$0,$0,$319,$319,$0,$-6,$312,$134,$47,$0
24,2012-09-30,40.26,$8.20,4.91,$4.07,9.9,$-1.01,0.0,$-0.75,0.0,$0.72B,$0.14B,5.33,$0.33B,$1.02B,0.32,$0.48B,$0.39B,81.55%,$0.48B,$-0.08B,-17.61%,$0.48B,$-0.08B,-17.61%,$0.48B,$-0.04B,-7.97%,$0.48B,$-0.09B,-19.08%,$0.48B,$-0.09B,-18.45%,$-0.09B,$1.02B,-9.89%,$-0.09B,$0.80B,-13.19%,$-0.09B,$1.57B,-6.17%,$-0.08B,$1.34B,-6.88%,$128,$25,$103,$66,$46,$139,$-10,$-1,$-12,$-6,$-5,$-5,$-5,$3,$-10,$123,123,$-0.04,$-0.04,$426,$121,$55,$719,$274,$108,$217,$20,$848,$1567,$135,$325,$92,$417,$552,$0,$-486,$2,$1015,$1567,$-61,$37,$24,$61,$-12,$9,$0,$-6,$6,$6,$-31,$0,$0,$-111,$-1,$-113,$0,$-143,$-1,$0,$-1,$273,$273,$0,$0,$273,$135,$35,$0
25,2012-06-30,39.58,$8.12,4.88,$4.04,9.8,$-1.22,0.0,$-0.87,0.0,$0.68B,$0.12B,5.68,$0.33B,$1.00B,0.33,$0.46B,$0.38B,81.60%,$0.46B,$-0.09B,-19.48%,$0.46B,$-0.09B,-19.48%,$0.46B,$-0.05B,-9.96%,$0.46B,$-0.10B,-21.43%,$0.46B,$-0.10B,-21.86%,$-0.10B,$1.00B,-12.17%,$-0.10B,$0.78B,-16.21%,$-0.10B,$1.53B,-7.44%,$-0.09B,$1.33B,-7.72%,$124,$24,$100,$78,$52,$155,$-31,$-1,$-32,$-0,$-32,$-32,$-32,$-19,$-31,$118,118,$-0.27,$-0.27,$403,$120,$58,$682,$267,$123,$220,$20,$851,$1533,$120,$325,$87,$412,$532,$0,$-481,$5,$1000,$1533,$-56,$24,$25,$48,$4,$10,$0,$-16,$-1,$-9,$-16,$0,$0,$-105,$-1,$-107,$0,$-122,$-0,$0,$-0,$263,$263,$0,$0,$262,$131,$23,$0
26,2012-03-31,34.25,$6.67,5.13,$3.98,8.6,$-0.99,0.0,$-0.65,0.0,$0.51B,$0.12B,4.29,$0.33B,$0.77B,0.42,$0.45B,$0.37B,81.96%,$0.45B,$-0.06B,-12.92%,$0.45B,$-0.06B,-12.92%,$0.45B,$-0.02B,-3.79%,$0.45B,$-0.07B,-15.14%,$0.45B,$-0.07B,-16.48%,$-0.07B,$0.77B,-9.70%,$-0.07B,$0.55B,-12.93%,$-0.07B,$1.30B,-5.72%,$-0.06B,$1.10B,-5.21%,$117,$17,$100,$74,$45,$139,$-22,$-2,$-24,$-0,$-24,$-24,$-24,$-10,$-22,$115,115,$-0.21,$-0.21,$233,$124,$51,$513,$264,$56,$222,$20,$784,$1297,$120,$325,$80,$405,$525,$0,$-449,$3,$772,$1297,$-24,$11,$12,$24,$-1,$6,$0,$-16,$-7,$-7,$-6,$0,$0,$37,$-1,$36,$0,$30,$0,$0,$0,$14,$14,$0,$-0,$13,$36,$11,$0
27,2011-12-31,34.38,$6.73,5.11,$3.96,8.69,$-0.97,0.0,$-0.48,0.0,$0.47B,$0.09B,4.99,$0.35B,$0.77B,0.45,$0.44B,$0.36B,80.95%,$0.44B,$-0.03B,-7.71%,$0.44B,$-0.03B,-7.71%,$0.44B,$0.00B,1.13%,$0.44B,$-0.04B,-9.98%,$0.44B,$-0.05B,-12.24%,$-0.05B,$0.77B,-7.20%,$-0.05B,$0.54B,-9.37%,$-0.05B,$1.31B,-4.20%,$-0.03B,$1.12B,-3.05%,$108,$22,$86,$58,$48,$129,$-21,$-2,$-23,$4,$-27,$-27,$-27,$-12,$-21,$112,112,$-0.23,$-0.23,$195,$130,$19,$470,$269,$95,$232,$15,$836,$1306,$94,$348,$53,$439,$533,$0,$-425,$5,$773,$1306,$-54,$39,$59,$98,$-18,$-20,$0,$4,$-25,$18,$-73,$-81,$0,$67,$-2,$65,$0,$-90,$-1,$0,$-1,$34,$34,$0,$-3,$29,$-42,$44,$0
28,2011-09-30,31.87,$6.79,4.7,$3.80,8.38,$-0.72,0.0,$-0.36,0.0,$0.49B,$0.08B,5.85,$0.35B,$0.78B,0.45,$0.44B,$0.35B,80.92%,$0.44B,$-0.02B,-3.68%,$0.44B,$-0.02B,-3.68%,$0.44B,$0.02B,5.29%,$0.44B,$-0.04B,-9.20%,$0.44B,$-0.04B,-8.97%,$-0.04B,$0.78B,-5.30%,$-0.04B,$0.62B,-6.71%,$-0.04B,$1.30B,-3.06%,$-0.02B,$1.12B,-1.45%,$113,$22,$91,$59,$45,$129,$-16,$-4,$-20,$-2,$-18,$-18,$-18,$-5,$-16,$112,112,$-0.16,$-0.16,$224,$116,$40,$487,$266,$147,$152,$14,$808,$1295,$83,$348,$89,$437,$521,$0,$-398,$1,$775,$1295,$-27,$30,$46,$76,$-20,$-6,$0,$-5,$-30,$19,$-65,$0,$0,$12,$-2,$10,$0,$-55,$-1,$0,$-1,$23,$23,$0,$-4,$19,$-17,$33,$0
29,2011-06-30,27.21,$6.56,4.15,$3.54,7.69,$-0.35,0.0,$1.48,18.39,$0.51B,$0.08B,6.27,$0.38B,$0.73B,0.52,$0.42B,$0.34B,81.19%,$0.42B,$-0.00B,-0.48%,$0.42B,$-0.00B,-0.48%,$0.42B,$0.04B,8.33%,$0.42B,$-0.03B,-5.95%,$0.42B,$0.20B,46.67%,$0.20B,$0.73B,28.45%,$0.20B,$0.58B,36.79%,$0.20B,$1.28B,15.52%,$-0.00B,$1.11B,-0.18%,$111,$19,$91,$53,$41,$110,$1,$-2,$-1,$4,$-5,$-5,$-5,$10,$1,$111,111,$-0.05,$-0.05,$259,$112,$36,$514,$216,$154,$155,$12,$766,$1280,$82,$378,$89,$466,$548,$0,$-381,$-6,$732,$1280,$-9,$19,$27,$46,$-20,$-3,$0,$-1,$-26,$10,$-8,$0,$0,$13,$-1,$12,$0,$4,$-0,$0,$-0,$12,$12,$0,$0,$11,$25,$21,$0
30,2011-03-31,25.13,$6.50,3.87,$3.44,7.3,$-0.40,0.0,$1.52,16.53,$0.50B,$0.08B,6.63,$0.38B,$0.72B,0.52,$0.40B,$0.33B,81.80%,$0.40B,0,0.00%,$0.40B,0,0.00%,$0.40B,$0.04B,8.98%,$0.40B,$-0.02B,-5.74%,$0.40B,$0.20B,50.12%,$0.20B,$0.72B,33.68%,$0.20B,$0.57B,44.72%,$0.20B,$1.26B,16.90%,$0.00B,$1.10B,0.00%,$109,$21,$89,$45,$41,$107,$2,$-2,$0,$5,$-4,$-4,$-4,$12,$2,$111,111,$-0.04,$-0.04,$253,$110,$35,$504,$218,$143,$156,$12,$760,$1264,$76,$378,$90,$467,$543,$0,$-376,$-6,$721,$1264,$-4,$10,$13,$23,$-20,$-0,$0,$0,$-22,$-3,$-6,$0,$0,$10,$-1,$9,$0,$3,$-0,$0,$-0,$3,$3,$0,$0,$3,$3,$10,$0
31,2010-12-31,26.93,$6.48,4.15,$3.28,8.22,$-0.42,0.0,$1.57,17.15,$0.50B,$0.08B,6.01,$0.38B,$0.72B,0.53,$0.38B,$0.31B,81.43%,$0.38B,$0.00B,0.27%,$0.38B,$0.00B,0.27%,$0.38B,$0.03B,8.75%,$0.38B,$-0.02B,-5.57%,$0.38B,$0.21B,54.64%,$0.21B,$0.72B,40.97%,$0.21B,$0.56B,56.44%,$0.21B,$1.26B,18.48%,$0.00B,$1.10B,0.10%,$102,$20,$81,$42,$42,$105,$-3,$-16,$-19,$-7,$-12,$-12,$-12,$6,$-3,$103,126,$-0.14,$0.05,$274,$110,$34,$504,$222,$129,$157,$14,$758,$1263,$84,$378,$84,$462,$545,$0,$-371,$0,$717,$1263,$206,$32,$-177,$-145,$-13,$-31,$0,$-0,$-42,$19,$-49,$0,$-33,$-15,$-4,$-19,$0,$-101,$-0,$0,$-0,$33,$33,$0,$-29,$4,$-79,$38,$0
32,2010-09-30,22.35,$5.72,3.91,$3.34,6.7,$-0.20,0.0,$1.73,12.92,$0.55B,$0.09B,6.02,$0.50B,$0.59B,0.85,$0.36B,$0.30B,81.77%,$0.36B,$0.01B,2.76%,$0.36B,$0.01B,2.76%,$0.36B,$0.04B,10.77%,$0.36B,$0.00B,0.55%,$0.36B,$0.22B,61.60%,$0.22B,$0.59B,55.20%,$0.22B,$0.43B,77.10%,$0.22B,$1.25B,21.68%,$0.01B,$1.08B,1.11%,$98,$18,$80,$39,$38,$100,$-2,$-3,$-5,$-222,$217,$217,$217,$7,$-2,$102,131,$2.13,$1.68,$352,$92,$32,$554,$214,$90,$158,$229,$690,$1245,$92,$497,$70,$567,$659,$0,$-359,$-2,$586,$1245,$218,$23,$-192,$-169,$-5,$-13,$0,$-0,$-14,$35,$-39,$0,$-33,$-13,$-3,$-16,$0,$-88,$-0,$0,$-0,$20,$20,$0,$-6,$14,$-40,$29,$0
33,2010-06-30,18.96,$3.56,5.33,$3.38,5.6,$-0.15,0.0,$0.11,172.36,$0.52B,$0.08B,6.22,$0.50B,$0.36B,1.37,$0.35B,$0.28B,81.74%,$0.35B,$0.02B,6.38%,$0.35B,$0.02B,6.38%,$0.35B,$0.05B,13.91%,$0.35B,$0.02B,4.35%,$0.35B,$0.01B,3.77%,$0.01B,$0.36B,3.90%,$0.01B,$0.25B,5.16%,$0.01B,$0.99B,1.39%,$0.02B,$0.86B,2.65%,$92,$14,$78,$36,$37,$89,$3,$-2,$1,$1,$-0,$-0,$-0,$11,$3,$102,102,$0.00,$-0.01,$338,$84,$23,$522,$213,$118,$118,$15,$464,$986,$84,$497,$42,$539,$623,$0,$-576,$10,$363,$986,$1,$14,$19,$33,$-4,$-5,$0,$-1,$-9,$25,$-29,$0,$-14,$-39,$-1,$-40,$0,$-84,$-0,$0,$-0,$13,$13,$0,$-6,$7,$-51,$18,$0
34,2010-03-31,23.37,$3.40,6.87,$3.30,7.08,$-0.12,0.0,$0.13,179.77,$0.50B,$0.08B,6.36,$0.50B,$0.35B,1.44,$0.34B,$0.27B,79.46%,$0.34B,$0.02B,6.85%,$0.34B,$0.02B,6.85%,$0.34B,$0.05B,14.29%,$0.34B,$0.02B,4.76%,$0.34B,$0.01B,4.17%,$0.01B,$0.35B,4.47%,$0.01B,$0.23B,5.49%,$0.01B,$0.97B,1.56%,$0.02B,$0.84B,2.84%,$85,$17,$68,$30,$34,$82,$3,$-1,$2,$1,$1,$1,$1,$9,$3,$101,104,$0.01,$0.01,$324,$80,$14,$500,$204,$130,$118,$14,$466,$966,$79,$497,$45,$542,$621,$0,$-576,$4,$345,$966,$1,$7,$9,$16,$-9,$-1,$0,$3,$-13,$3,$-14,$0,$-14,$-41,$-1,$-42,$0,$-71,$-0,$0,$-0,$9,$9,$0,$0,$9,$-58,$9,$0
35,2009-12-31,18.81,$3.19,5.89,$3.22,5.84,$-0.00,0.0,$-0.01,0.0,$0.47B,$0.08B,5.99,$0.50B,$0.32B,1.54,$0.33B,$0.26B,79.69%,$0.33B,$0.02B,4.92%,$0.33B,$0.02B,4.92%,$0.33B,$0.04B,12.00%,$0.33B,$0.00B,0.31%,$0.33B,0,0.00%,$0.00B,$0.32B,0.00%,$0.00B,$0.26B,0.00%,$0.00B,$0.92B,0.00%,$0.02B,$0.82B,2.02%,$87,$17,$70,$27,$37,$81,$6,$-3,$4,$-1,$5,$5,$5,$12,$6,$100,100,$0.05,$0.05,$301,$79,$15,$468,$199,$170,$65,$15,$449,$917,$78,$497,$20,$517,$595,$0,$-577,$1,$322,$917,$-0,$22,$46,$68,$-19,$-6,$0,$37,$20,$88,$-90,$0,$-18,$30,$-2,$28,$0,$-80,$-0,$0,$-0,$11,$11,$0,$-74,$-64,$-56,$36,$0
36,2009-09-30,18.08,$3.02,5.99,$3.31,5.46,$-0.62,0.0,$0.15,120.53,$0.52B,$0.06B,8.12,$0.50B,$0.30B,1.64,$0.34B,$0.28B,82.20%,$0.34B,$0.04B,12.46%,$0.34B,$0.04B,12.46%,$0.34B,$0.06B,18.69%,$0.34B,$0.02B,7.12%,$0.34B,$0.02B,5.93%,$0.02B,$0.30B,7.03%,$0.02B,$0.28B,7.77%,$0.02B,$0.87B,2.27%,$0.04B,$0.80B,5.37%,$81,$15,$66,$27,$29,$71,$10,$-3,$8,$1,$7,$7,$7,$16,$10,$100,102,$0.07,$0.07,$363,$75,$13,$520,$182,$129,$25,$13,$349,$869,$64,$497,$4,$501,$566,$0,$-582,$-1,$304,$869,$-5,$17,$39,$56,$-14,$-2,$0,$33,$17,$68,$-67,$0,$-6,$41,$-1,$39,$0,$-34,$-0,$0,$-0,$8,$8,$0,$-73,$-65,$-31,$27,$0
37,2009-06-30,15.61,$2.83,5.52,$3.22,4.85,$-1.18,0.0,$0.10,156.1,$0.51B,$0.06B,8.45,$0.50B,$0.28B,1.75,$0.33B,$0.27B,82.07%,$0.33B,$0.03B,10.33%,$0.33B,$0.03B,10.33%,$0.33B,$0.05B,16.11%,$0.33B,$0.02B,5.17%,$0.33B,$0.01B,4.26%,$0.01B,$0.28B,5.22%,$0.01B,$0.26B,5.82%,$0.01B,$0.84B,1.60%,$0.03B,$0.78B,4.44%,$83,$20,$63,$26,$31,$78,$4,$-2,$2,$1,$1,$1,$1,$11,$4,$100,101,$0.01,$0.01,$346,$73,$15,$507,$160,$139,$26,$13,$337,$844,$60,$497,$4,$501,$561,$0,$-588,$0,$283,$844,$-12,$11,$29,$40,$-18,$0,$0,$32,$12,$40,$-41,$0,$-6,$56,$-1,$55,$0,$8,$-0,$0,$-0,$3,$3,$0,$-73,$-71,$-23,$17,$0
38,2009-03-31,12.35,$2.74,4.51,$3.02,4.09,$-1.64,0.0,$0.13,95.0,$0.71B,$0.13B,5.65,$0.50B,$0.27B,1.82,$0.31B,$0.26B,84.52%,$0.31B,$0.04B,11.29%,$0.31B,$0.04B,11.29%,$0.31B,$0.05B,16.13%,$0.31B,$0.02B,6.13%,$0.31B,$0.02B,5.48%,$0.02B,$0.27B,6.70%,$0.02B,$0.25B,7.53%,$0.02B,$0.90B,1.93%,$0.04B,$0.77B,4.56%,$74,$14,$60,$34,$29,$78,$-4,$-8,$-13,$0,$-13,$-13,$-13,$0,$-4,$100,100,$-0.13,$-0.13,$552,$76,$24,$714,$142,$4,$28,$13,$187,$900,$126,$497,$3,$500,$626,$0,$-590,$2,$274,$900,$-13,$4,$18,$22,$-7,$-3,$0,$25,$11,$20,$-19,$0,$-6,$-3,$0,$-3,$0,$-28,$-0,$0,$-0,$1,$1,$0,$-1,$-1,$-8,$9,$0
39,2008-12-31,17.8,$2.77,6.43,$2.86,6.23,$-2.06,0.0,$0.28,63.57,$0.74B,$0.13B,5.67,$0.50B,$0.28B,1.8,$0.30B,$0.25B,82.77%,$0.30B,$0.04B,13.51%,$0.30B,$0.04B,13.51%,$0.30B,$0.05B,17.57%,$0.30B,$0.03B,11.49%,$0.30B,$0.03B,10.81%,$0.03B,$0.28B,13.47%,$0.03B,$0.25B,15.31%,$0.03B,$0.91B,3.71%,$0.04B,$0.77B,5.21%,$99,$12,$88,$26,$29,$67,$32,$-6,$27,$2,$25,$25,$25,$36,$32,$99,104,$0.24,$0.22,$560,$73,$50,$738,$125,$3,$29,$13,$169,$907,$130,$497,$3,$500,$630,$0,$-577,$1,$277,$907,$31,$11,$38,$49,$-37,$-14,$0,$-45,$-89,$-9,$-56,$0,$0,$28,$9,$37,$0,$-19,$-0,$0,$-0,$28,$28,$0,$-6,$23,$-5,$28,$0
40,2008-09-30,26.49,$2.39,11.1,$2.37,11.19,$-2.03,0.0,$0.10,264.9,$0.70B,$0.12B,5.77,$0.50B,$0.24B,2.09,$0.24B,$0.20B,81.40%,$0.24B,$-0.00B,-0.83%,$0.24B,$-0.00B,-0.83%,$0.24B,$0.01B,2.48%,$0.24B,$0.01B,4.13%,$0.24B,$0.01B,4.13%,$0.01B,$0.24B,4.65%,$0.01B,$0.21B,5.37%,$0.01B,$0.86B,1.19%,$-0.00B,$0.74B,-0.26%,$73,$14,$59,$26,$29,$70,$2,$-1,$1,$0,$1,$1,$1,$6,$2,$100,103,$0.01,$0.01,$563,$68,$15,$697,$111,$5,$27,$19,$162,$859,$121,$497,$3,$500,$621,$0,$-601,$-2,$238,$859,$6,$7,$25,$32,$-34,$-9,$0,$-9,$-51,$-12,$-44,$0,$0,$69,$10,$79,$0,$35,$0,$0,$0,$25,$25,$0,$-5,$21,$43,$20,$0
41,2008-06-30,28.98,$2.28,12.72,$1.93,15.05,$-1.99,0.0,$0.04,724.5,$0.70B,$0.06B,11.07,$0.56B,$0.23B,2.49,$0.19B,$0.16B,81.96%,$0.19B,$-0.02B,-10.82%,$0.19B,$-0.02B,-10.82%,$0.19B,$-0.02B,-8.76%,$0.19B,$0.00B,2.06%,$0.19B,$0.00B,2.06%,$0.00B,$0.23B,2.01%,$0.00B,$0.20B,2.36%,$0.00B,$0.86B,0.49%,$-0.02B,$0.79B,-2.75%,$64,$10,$55,$24,$25,$60,$5,$-1,$4,$0,$4,$4,$4,$8,$5,$99,104,$0.04,$0.04,$576,$62,$12,$702,$105,$0,$29,$19,$153,$855,$63,$563,$2,$565,$629,$0,$-602,$-1,$226,$855,$5,$4,$15,$19,$-35,$-3,$0,$-8,$-41,$-16,$-32,$0,$0,$38,$17,$54,$0,$22,$0,$0,$0,$22,$22,$0,$-4,$18,$24,$12,$0
42,2008-03-31,35.37,$2.12,16.65,$1.61,21.96,$-1.87,0.0,$-0.04,0.0,$0.68B,$0.05B,12.83,$0.56B,$0.21B,2.69,$0.16B,$0.13B,80.50%,$0.16B,$-0.04B,-24.53%,$0.16B,$-0.04B,-24.53%,$0.16B,$-0.04B,-23.90%,$0.16B,$-0.00B,-2.52%,$0.16B,$-0.00B,-2.52%,$-0.00B,$0.21B,-2.16%,$-0.00B,$0.18B,-2.59%,$-0.00B,$0.83B,-0.50%,$-0.04B,$0.77B,-5.21%,$60,$17,$43,$18,$24,$60,$1,$1,$2,$0,$2,$2,$2,$2,$1,$98,104,$0.02,$0.02,$575,$55,$7,$684,$96,$1,$30,$18,$144,$828,$53,$563,$2,$565,$619,$0,$-606,$0,$209,$828,$2,$1,$7,$8,$-30,$4,$0,$1,$-33,$-23,$-20,$0,$0,$106,$17,$122,$0,$102,$0,$0,$0,$14,$14,$0,$-2,$13,$92,$5,$0
43,2007-12-31,35.4,$1.93,18.31,$1.27,27.86,$-1.71,0.0,$-0.16,0.0,$0.64B,$0.06B,10.47,$0.56B,$0.19B,3.0,$0.12B,$0.10B,85.25%,$0.12B,$-0.06B,-46.72%,$0.12B,$-0.06B,-46.72%,$0.12B,$-0.06B,-45.90%,$0.12B,$-0.02B,-12.30%,$0.12B,$-0.02B,-12.30%,$-0.02B,$0.19B,-8.62%,$-0.02B,$0.16B,-10.49%,$-0.02B,$0.82B,-2.11%,$-0.06B,$0.75B,-8.68%,$45,$5,$40,$24,$24,$55,$-10,$13,$3,$0,$3,$3,$3,$-10,$-10,$96,96,$0.03,$0.03,$586,$32,$9,$644,$77,$45,$31,$18,$171,$815,$62,$564,$2,$566,$628,$0,$-607,$0,$188,$815,$-16,$1,$-6,$-5,$-2,$-7,$0,$-15,$-14,$-35,$-22,$0,$0,$-145,$17,$-128,$0,$-150,$316,$0,$316,$15,$15,$0,$-7,$325,$139,$19,$0
44,2007-09-30,24.9,$1.81,13.79,$0.87,28.6,$-2.02,0.0,$-0.30,0.0,$0.64B,$0.05B,13.07,$0.56B,$0.18B,3.23,$0.08B,$0.07B,79.52%,$0.08B,$-0.08B,-96.39%,$0.08B,$-0.04B,-49.40%,$0.08B,$-0.08B,-93.98%,$0.08B,$-0.01B,-14.46%,$0.08B,$-0.01B,-14.46%,$-0.01B,$0.18B,-7.67%,$-0.01B,$0.15B,-9.60%,$-0.01B,$0.79B,-1.93%,$-0.08B,$0.74B,-14.00%,$25,$4,$21,$17,$20,$42,$-17,$12,$-5,$0,$-5,$-5,$-5,$-17,$-17,$96,96,$-0.05,$-0.05,$587,$32,$7,$641,$66,$36,$30,$18,$150,$791,$49,$564,$3,$567,$617,$0,$-610,$0,$175,$791,$-18,$1,$-4,$-3,$-1,$-6,$0,$-8,$-15,$-37,$-12,$0,$0,$-86,$17,$-69,$-1,$-82,$316,$0,$316,$10,$10,$0,$-5,$321,$203,$14,$0
45,2007-06-30,17.94,$1.75,10.26,$0.90,19.94,$-2.22,0.0,$-0.33,0.0,$0.64B,$0.05B,14.39,$0.57B,$0.17B,3.37,$0.08B,$0.07B,80.72%,$0.08B,$-0.07B,-86.75%,$0.08B,$-0.03B,-39.76%,$0.08B,$-0.07B,-80.72%,$0.08B,$-0.01B,-16.87%,$0.08B,$-0.01B,-16.87%,$-0.01B,$0.17B,-9.77%,$-0.01B,$0.14B,-12.64%,$-0.01B,$0.78B,-2.59%,$-0.07B,$0.73B,-14.68%,$29,$5,$24,$19,$17,$42,$-13,$10,$-4,$0,$-4,$-4,$-4,$-13,$-13,$96,96,$-0.04,$-0.04,$588,$31,$7,$641,$59,$33,$31,$18,$141,$782,$45,$565,$3,$569,$614,$0,$-605,$-0,$168,$782,$-13,$1,$-2,$-1,$-1,$-6,$0,$-4,$-13,$-27,$-7,$0,$0,$-178,$11,$-167,$-0,$-174,$316,$0,$316,$4,$4,$0,$-4,$316,$116,$9,$0
46,2007-03-31,17.26,$1.72,10.02,$0.87,19.78,$-2.40,0.0,$-0.31,0.0,$0.32B,$0.04B,8.26,$0.24B,$0.17B,1.46,$0.08B,$0.07B,85.71%,$0.08B,$-0.07B,-84.42%,$0.08B,$-0.03B,-33.77%,$0.08B,$-0.06B,-72.73%,$0.08B,$-0.01B,-14.29%,$0.08B,$-0.01B,-14.29%,$-0.01B,$0.17B,-9.69%,$-0.01B,$0.13B,-13.75%,$-0.01B,$0.45B,-2.38%,$-0.07B,$0.41B,-15.80%,$23,$4,$19,$18,$16,$40,$-17,$8,$-9,$0,$-9,$-9,$-9,$-16,$-17,$95,95,$-0.10,$-0.10,$273,$27,$5,$321,$56,$32,$32,$9,$129,$450,$39,$240,$2,$246,$285,$0,$-601,$-0,$165,$450,$-9,$1,$-1,$-0,$0,$-2,$0,$-1,$-10,$-20,$-3,$0,$0,$27,$6,$33,$-0,$30,$0,$0,$0,$1,$1,$0,$-2,$-0,$9,$4,$0
47,2006-12-31,16.39,$1.28,12.76,$0.82,20.1,$-2.42,0.0,$-0.34,0.0,$0.33B,$0.05B,7.26,$0.29B,$0.12B,2.48,$0.07B,$0.06B,86.76%,$0.07B,$-0.06B,-86.76%,$0.07B,$-0.02B,-29.41%,$0.07B,$-0.05B,-72.06%,$0.07B,$-0.01B,-17.65%,$0.07B,$-0.01B,-17.65%,$-0.01B,$0.12B,-14.33%,$-0.01B,$0.09B,-24.37%,$-0.01B,$0.46B,-2.54%,$-0.06B,$0.41B,-14.26%,$6,$4,$2,$21,$13,$39,$-33,$6,$6,$0,$6,$6,$6,$-32,$6,$85,85,$-0.11,$-0.11,$289,$25,$6,$334,$55,$31,$33,$9,$129,$463,$46,$292,$2,$300,$346,$0,$-592,$-0,$118,$463,$-29,$10,$-4,$6,$-9,$-14,$0,$-17,$-30,$-52,$-25,$0,$0,$-188,$20,$-168,$0,$-193,$167,$-21,$146,$141,$141,$0,$9,$296,$51,$11,$0
