,Date,Stock Price,Book Value per Share,Price to Book Ratio,TTM Sales per Share,Price to Sales Ratio,TTM FCF per Share,Price to FCF Ratio,TTM Net EPS,PE Ratio,Current Assets,Current Liabilities,Current Ratio,Long Term Debt,Shareholder's Equity_x,Debt to Equity Ratio,TTM Revenue_x,TTM Gross Profit,Gross Margin,TTM Revenue_y,TTM Operating Income,Operating Margin,TTM Revenue_x,TTM EBIT,EBIT Margin,TTM Revenue_y,TTM EBITDA,EBITDA Margin,TTM Revenue_x,TTM Pre-Tax Income,Pre-Tax Margin,TTM Revenue_y,TTM Net Income_x,Net Margin,TTM Net Income_y,Shareholder's Equity_y,Return on Equity,TTM Net Income_x,Tangible Equity,Return on Tangible Equity,TTM Net Income_y,Total Assets,Return on Assets,TTM Net Income,LT Investments & Debt,Return on Investment,revenue,cost-goods-sold,gross-profit,research-development-expenses,selling-general-administrative-expenses,operating-expenses,operating-income,total-non-operating-income-expense,pre-tax-income,total-provision-income-taxes,income-after-taxes,income-from-continuous-operations,net-income,ebitda,ebit,basic-shares-outstanding,shares-outstanding,eps-basic-net-earnings-per-share,eps-earnings-per-share-diluted,cash-on-hand,inventory,other-current-assets,total-current-assets,net-property-plant-equipment,long-term-investments,goodwill-intangible-assets-total,other-long-term-assets,total-long-term-assets,total-assets,total-current-liabilities,long-term-debt,other-non-current-liabilities,total-long-term-liabilities,total-liabilities,common-stock-net,retained-earnings-accumulated-deficit,comprehensive-income,total-share-holder-equity,total-liabilities-share-holders-equity,net-income-loss,total-depreciation-amortization-cash-flow,other-non-cash-items,total-non-cash-items,change-in-accounts-receivable,change-in-inventories,change-in-accounts-payable,change-in-assets-liabilities,total-change-in-assets-liabilities,cash-flow-from-operating-activities,net-change-in-property-plant-equipment,net-change-in-intangible-assets,net-acquisitions-divestitures,net-change-in-short-term-investments,net-change-in-long-term-investments,net-change-in-investments-total,investing-activities-other,cash-flow-from-investing-activities,net-long-term-debt,net-current-debt,debt-issuance-retirement-net-total,net-common-equity-issued-repurchased,net-total-equity-issued-repurchased,total-common-preferred-stock-dividends-paid,financial-activities-other,cash-flow-from-financial-activities,net-cash-flow,stock-based-compensation,common-stock-dividends-paid
0,2018-09-30,48.6,$13.05,3.72,$44.72,1.09,$5.29,9.19,$1.22,39.84,$1.26B,$0.71B,1.79,$1.43B,$1.19B,1.21,$4.09B,$0.80B,19.51%,$4.09B,$0.13B,3.11%,$4.09B,$0.13B,3.11%,$4.09B,$0.49B,12.05%,$4.09B,$0.05B,1.32%,$4.09B,$0.11B,2.74%,$0.11B,$1.19B,9.34%,$0.11B,$0.22B,52.52%,$0.11B,$3.60B,3.05%,$0.13B,$2.62B,4.70%,$1026,$821,$205,$9,$91,$933,$93,$-18,$75,$17,$58,$58,$58,$134,$93,$91,92,$0.63,$0.63,$62,$628,$0,$1259,$1254,$0,$972,$0,$2345,$3604,$706,$1431,$119,$1712,$2417,$13,$2391,$-484,$1187,$3604,$152,$127,$26,$153,$0,$0,$0,$-1,$-1,$303,$-111,$0,$0,$0,$0,$0,$0,$-111,$-4,$-104,$-108,$0,$0,$-86,$-6,$-199,$-9,$15,$-86
1,2018-06-30,41.95,$12.84,3.27,$44.87,0.93,$4.98,8.42,$1.20,34.96,$1.24B,$0.67B,1.86,$1.50B,$1.17B,1.29,$4.10B,$0.80B,19.54%,$4.10B,$0.13B,3.20%,$4.10B,$0.13B,3.20%,$4.10B,$0.50B,12.15%,$4.10B,$0.06B,1.49%,$4.10B,$0.11B,2.68%,$0.11B,$1.17B,9.01%,$0.11B,$0.19B,61.11%,$0.11B,$3.62B,2.94%,$0.13B,$2.67B,4.76%,$1033,$832,$202,$9,$97,$955,$79,$-18,$61,$14,$47,$47,$47,$121,$79,$91,91,$0.51,$0.51,$51,$616,$0,$1242,$1273,$0,$979,$0,$2383,$3624,$669,$1502,$128,$1787,$2456,$13,$2362,$-469,$1169,$3624,$94,$86,$14,$99,$0,$0,$0,$-33,$-33,$161,$-81,$0,$0,$0,$0,$0,$0,$-81,$-3,$-31,$-34,$0,$0,$-57,$-6,$-97,$-20,$10,$-57
2,2018-03-31,42.94,$13.61,3.16,$44.50,0.96,$5.23,8.21,$0.99,43.37,$1.29B,$0.68B,1.88,$1.54B,$1.24B,1.25,$4.08B,$0.79B,19.25%,$4.08B,$0.11B,2.65%,$4.08B,$0.11B,2.65%,$4.08B,$0.48B,11.67%,$4.08B,$0.04B,1.01%,$4.08B,$0.09B,2.23%,$0.09B,$1.24B,7.31%,$0.09B,$0.24B,59.67%,$0.09B,$3.75B,2.40%,$0.11B,$2.78B,3.89%,$1027,$829,$198,$10,$97,$947,$81,$-18,$63,$15,$48,$48,$48,$124,$81,$91,91,$0.52,$0.52,$60,$628,$0,$1285,$1326,$0,$995,$0,$2469,$3754,$683,$1544,$133,$1833,$2516,$13,$2344,$-376,$1238,$3754,$48,$43,$5,$48,$0,$0,$0,$-41,$-41,$54,$-46,$0,$0,$0,$0,$0,$0,$-46,$-0,$13,$12,$0,$0,$-29,$-6,$-23,$-11,$5,$-29
3,2017-12-31,46.83,$13.23,3.54,$43.96,1.07,$5.71,8.2,$1.02,45.91,$1.24B,$0.67B,1.86,$1.54B,$1.20B,1.28,$4.05B,$0.79B,19.40%,$4.05B,$0.12B,2.87%,$4.05B,$0.12B,2.87%,$4.05B,$0.48B,11.91%,$4.05B,$0.05B,1.29%,$4.05B,$0.09B,2.32%,$0.09B,$1.20B,7.51%,$0.09B,$0.21B,85.65%,$0.09B,$3.70B,2.48%,$0.12B,$2.74B,4.17%,$1004,$811,$193,$9,$90,$1129,$-125,$-19,$-145,$-104,$-41,$-41,$-41,$114,$-125,$92,92,$-0.44,$-0.44,$71,$620,$0,$1237,$1318,$0,$995,$0,$2463,$3700,$666,$1542,$137,$1833,$2499,$13,$2325,$-395,$1201,$3700,$94,$366,$-110,$256,$17,$-64,$91,$-15,$29,$379,$-174,$0,$-4,$0,$0,$0,$0,$-178,$2,$14,$16,$-104,$-104,$-111,$-9,$-207,$-3,$17,$-111
4,2017-09-30,44.35,$14.05,3.16,$43.43,1.02,$6.01,7.38,$2.10,21.12,$1.27B,$0.70B,1.8,$1.53B,$1.28B,1.2,$4.03B,$0.81B,20.05%,$4.03B,$0.35B,8.59%,$4.03B,$0.35B,8.59%,$4.03B,$0.51B,12.73%,$4.03B,$0.29B,7.12%,$4.03B,$0.20B,4.86%,$0.20B,$1.28B,15.48%,$0.20B,$0.08B,253.72%,$0.20B,$3.88B,5.16%,$0.35B,$2.81B,12.38%,$1035,$827,$208,$10,$96,$938,$97,$-15,$82,$26,$56,$56,$56,$140,$97,$91,91,$0.61,$0.61,$45,$627,$0,$1265,$1323,$0,$1194,$0,$2612,$3877,$704,$1531,$131,$1897,$2601,$13,$2393,$-384,$1276,$3877,$135,$128,$21,$148,$0,$0,$0,$16,$16,$300,$-137,$0,$-4,$0,$0,$0,$0,$-140,$2,$1,$3,$-104,$-104,$-84,$-9,$-194,$-30,$13,$-84
5,2017-06-30,44.7,$13.75,3.25,$42.89,1.04,$6.61,6.76,$2.21,20.22,$1.24B,$0.70B,1.78,$1.52B,$1.27B,1.2,$4.02B,$0.83B,20.51%,$4.02B,$0.37B,9.08%,$4.02B,$0.37B,9.08%,$4.02B,$0.53B,13.18%,$4.02B,$0.31B,7.63%,$4.02B,$0.21B,5.20%,$0.21B,$1.27B,16.49%,$0.21B,$0.08B,268.81%,$0.21B,$3.83B,5.54%,$0.37B,$2.78B,13.11%,$1012,$826,$186,$11,$99,$956,$56,$-15,$41,$13,$28,$28,$28,$99,$56,$92,92,$0.31,$0.30,$55,$609,$0,$1240,$1312,$0,$1186,$0,$2590,$3830,$695,$1517,$124,$1871,$2566,$13,$2365,$-418,$1265,$3830,$79,$85,$14,$99,$0,$0,$0,$22,$22,$201,$-97,$0,$0,$0,$0,$0,$0,$-97,$2,$-15,$-13,$-49,$-49,$-57,$-9,$-127,$-19,$9,$-57
6,2017-03-31,46.9,$13.72,3.42,$42.60,1.1,$6.27,7.48,$2.44,19.22,$1.20B,$0.63B,1.91,$1.54B,$1.26B,1.22,$4.03B,$0.86B,21.24%,$4.03B,$0.40B,9.87%,$4.03B,$0.40B,9.87%,$4.03B,$0.56B,13.92%,$4.03B,$0.34B,8.48%,$4.03B,$0.23B,5.76%,$0.23B,$1.26B,18.19%,$0.23B,$0.07B,286.42%,$0.23B,$3.78B,6.18%,$0.40B,$2.80B,14.23%,$995,$797,$198,$13,$96,$907,$88,$-14,$74,$23,$51,$51,$51,$130,$88,$92,93,$0.55,$0.55,$51,$580,$0,$1196,$1302,$0,$1190,$0,$2583,$3779,$626,$1537,$128,$1892,$2517,$13,$2365,$-416,$1262,$3779,$51,$42,$8,$50,$0,$0,$0,$-6,$-6,$95,$-42,$0,$0,$0,$0,$0,$0,$-42,$-0,$8,$7,$-49,$-49,$-29,$-9,$-79,$-23,$4,$-29
7,2016-12-31,45.62,$13.59,3.36,$41.97,1.09,$5.93,7.69,$2.48,18.4,$1.17B,$0.58B,2.02,$1.53B,$1.26B,1.21,$4.00B,$0.87B,21.65%,$4.00B,$0.41B,10.21%,$4.00B,$0.41B,10.21%,$4.00B,$0.57B,14.26%,$4.00B,$0.35B,8.79%,$4.00B,$0.24B,5.92%,$0.24B,$1.26B,18.69%,$0.24B,$0.08B,252.80%,$0.24B,$3.72B,6.40%,$0.41B,$2.79B,14.80%,$988,$772,$216,$12,$97,$883,$105,$-15,$90,$29,$61,$61,$61,$145,$105,$94,95,$0.65,$0.64,$74,$549,$0,$1166,$1284,$0,$1184,$0,$2550,$3716,$576,$1528,$132,$1880,$2456,$13,$2342,$-448,$1260,$3716,$236,$162,$40,$202,$8,$-8,$38,$-38,$-1,$437,$-197,$0,$-115,$0,$0,$0,$0,$-311,$275,$-118,$157,$-144,$-144,$-114,$-10,$-110,$15,$18,$-114
8,2016-09-30,48.38,$13.69,3.53,$41.62,1.16,$6.90,7.01,$2.42,19.99,$1.20B,$0.63B,1.92,$1.49B,$1.28B,1.16,$4.00B,$0.86B,21.61%,$4.00B,$0.40B,10.03%,$4.00B,$0.40B,10.03%,$4.00B,$0.56B,14.08%,$4.00B,$0.35B,8.68%,$4.00B,$0.23B,5.83%,$0.23B,$1.28B,18.57%,$0.23B,$0.08B,228.99%,$0.23B,$3.75B,6.39%,$0.40B,$2.77B,14.81%,$1027,$802,$225,$12,$96,$911,$116,$-15,$102,$33,$69,$69,$69,$156,$116,$94,95,$0.73,$0.72,$79,$569,$0,$1199,$1269,$0,$1199,$0,$2554,$3753,$625,$1486,$161,$1845,$2470,$13,$2309,$-435,$1283,$3753,$176,$121,$27,$148,$0,$0,$0,$25,$25,$348,$-122,$0,$-115,$0,$0,$0,$0,$-236,$273,$-174,$99,$-95,$-95,$-87,$-10,$-93,$20,$14,$-87
9,2016-06-30,48.55,$13.70,3.54,$41.23,1.18,$7.32,6.64,$2.34,20.75,$1.22B,$0.59B,2.08,$1.53B,$1.30B,1.18,$3.99B,$0.86B,21.58%,$3.99B,$0.39B,9.80%,$3.99B,$0.39B,9.80%,$3.99B,$0.55B,13.81%,$3.99B,$0.34B,8.50%,$3.99B,$0.23B,5.69%,$0.23B,$1.30B,18.24%,$0.23B,$0.09B,177.34%,$0.23B,$3.77B,6.36%,$0.39B,$2.83B,14.76%,$1021,$804,$217,$12,$100,$932,$89,$-13,$76,$25,$51,$51,$51,$130,$89,$95,96,$0.54,$0.53,$62,$551,$0,$1219,$1258,$0,$1206,$0,$2548,$3767,$588,$1532,$162,$1882,$2470,$13,$2268,$-426,$1297,$3767,$107,$81,$14,$96,$0,$0,$0,$-50,$-50,$153,$-78,$0,$-107,$0,$0,$0,$0,$-185,$-24,$171,$147,$-44,$-44,$-60,$-10,$33,$3,$9,$-60
10,2016-03-31,48.54,$13.01,3.73,$41.06,1.18,$7.85,6.18,$2.48,19.57,$1.17B,$0.57B,2.06,$1.44B,$1.23B,1.17,$4.00B,$0.87B,21.63%,$4.00B,$0.41B,10.28%,$4.00B,$0.41B,10.28%,$4.00B,$0.57B,14.28%,$4.00B,$0.36B,9.05%,$4.00B,$0.24B,6.05%,$0.24B,$1.23B,19.27%,$0.24B,$0.12B,145.13%,$0.24B,$3.57B,6.87%,$0.41B,$2.67B,15.71%,$968,$759,$209,$12,$99,$869,$99,$-16,$84,$28,$56,$56,$56,$140,$99,$95,96,$0.59,$0.59,$50,$546,$0,$1165,$1223,$0,$1109,$0,$2409,$3573,$565,$1437,$160,$1776,$2341,$13,$2244,$-463,$1232,$3573,$56,$41,$6,$46,$0,$0,$0,$-50,$-50,$53,$-31,$0,$0,$0,$0,$0,$0,$-31,$-23,$78,$54,$-44,$-44,$-32,$-10,$-32,$-9,$4,$-32
11,2015-12-31,41.64,$12.70,3.28,$41.49,1.0,$8.12,5.13,$2.44,17.07,$1.12B,$0.59B,1.9,$1.35B,$1.21B,1.12,$4.07B,$0.87B,21.47%,$4.07B,$0.41B,10.05%,$4.07B,$0.41B,10.05%,$4.07B,$0.57B,13.95%,$4.07B,$0.36B,8.94%,$4.07B,$0.24B,5.90%,$0.24B,$1.21B,18.75%,$0.24B,$0.11B,123.55%,$0.24B,$3.49B,6.82%,$0.41B,$2.56B,15.61%,$983,$770,$213,$10,$108,$886,$97,$-12,$85,$28,$57,$57,$57,$137,$97,$97,98,$0.59,$0.58,$59,$526,$0,$1119,$1206,$0,$1099,$0,$2371,$3490,$589,$1354,$167,$1693,$2282,$13,$2216,$-510,$1207,$3490,$239,$158,$32,$190,$-3,$16,$78,$16,$123,$552,$-210,$0,$-53,$0,$0,$0,$0,$-263,$1,$3,$4,$-150,$-150,$-110,$-9,$-265,$12,$18,$-110
12,2015-09-30,36.64,$12.95,2.83,$41.85,0.88,$5.34,6.86,$2.45,14.96,$1.22B,$0.57B,2.16,$1.29B,$1.24B,1.04,$4.14B,$0.87B,21.01%,$4.14B,$0.41B,9.93%,$4.14B,$0.41B,9.90%,$4.14B,$0.57B,13.79%,$4.14B,$0.37B,8.84%,$4.14B,$0.24B,5.84%,$0.24B,$1.24B,18.11%,$0.24B,$0.19B,99.79%,$0.24B,$3.45B,6.81%,$0.41B,$2.54B,15.41%,$1018,$797,$222,$11,$102,$913,$106,$-12,$94,$32,$63,$63,$63,$144,$106,$96,98,$0.65,$0.64,$79,$538,$0,$1220,$1131,$0,$1054,$0,$2228,$3448,$565,$1294,$126,$1639,$2205,$13,$2187,$-488,$1243,$3448,$183,$118,$7,$125,$0,$0,$0,$104,$104,$412,$-139,$0,$14,$0,$0,$0,$0,$-125,$2,$-52,$-50,$-104,$-104,$-82,$-7,$-243,$32,$14,$-82
13,2015-06-30,41.43,$13.90,2.98,$42.32,0.98,$3.40,12.17,$1.98,20.92,$1.29B,$0.50B,2.57,$1.36B,$1.34B,1.01,$4.22B,$0.87B,20.59%,$4.22B,$0.41B,9.76%,$4.22B,$0.41B,9.74%,$4.22B,$0.58B,13.72%,$4.22B,$0.37B,8.69%,$4.22B,$0.20B,4.64%,$0.20B,$1.34B,13.76%,$0.20B,$0.25B,64.16%,$0.20B,$3.57B,5.31%,$0.41B,$2.70B,14.77%,$1030,$809,$221,$12,$104,$921,$109,$-11,$99,$33,$66,$66,$66,$150,$109,$97,98,$0.68,$0.67,$88,$557,$0,$1291,$1146,$0,$1095,$0,$2283,$3574,$502,$1358,$147,$1730,$2232,$13,$2152,$-372,$1342,$3574,$120,$80,$7,$87,$0,$0,$0,$12,$12,$219,$-89,$0,$14,$0,$0,$0,$0,$-75,$2,$43,$45,$-83,$-83,$-55,$-7,$-100,$41,$10,$-55
14,2015-03-31,42.37,$13.62,3.11,$42.65,0.99,$2.17,19.51,$1.96,21.62,$1.30B,$0.51B,2.55,$1.36B,$1.33B,1.02,$4.29B,$0.87B,20.21%,$4.29B,$0.41B,9.56%,$4.29B,$0.41B,9.54%,$4.29B,$0.58B,13.59%,$4.29B,$0.36B,8.37%,$4.29B,$0.20B,4.57%,$0.20B,$1.33B,12.96%,$0.20B,$0.23B,54.63%,$0.20B,$3.57B,5.11%,$0.41B,$2.69B,14.12%,$1040,$823,$218,$11,$106,$943,$97,$-11,$86,$29,$57,$57,$54,$137,$97,$98,99,$0.55,$0.55,$60,$571,$0,$1300,$1125,$0,$1095,$0,$2271,$3571,$509,$1357,$153,$1733,$2242,$13,$2113,$-388,$1328,$3571,$54,$40,$5,$45,$0,$0,$0,$-14,$-14,$85,$-36,$0,$0,$0,$0,$0,$0,$-36,$0,$32,$32,$-38,$-38,$-28,$-2,$-36,$13,$4,$-28
15,2014-12-31,41.12,$14.59,2.82,$42.81,0.96,$1.49,27.64,$1.89,21.76,$1.29B,$0.48B,2.68,$1.31B,$1.43B,0.92,$4.34B,$0.86B,19.80%,$4.34B,$0.41B,9.39%,$4.34B,$0.41B,9.37%,$4.34B,$0.59B,13.56%,$4.34B,$0.36B,8.38%,$4.34B,$0.19B,4.40%,$0.19B,$1.43B,11.94%,$0.19B,$0.30B,46.42%,$0.19B,$3.61B,4.80%,$0.41B,$2.75B,13.54%,$1053,$844,$209,$11,$101,$954,$99,$-12,$87,$30,$57,$57,$59,$140,$99,$100,101,$0.60,$0.59,$47,$576,$0,$1288,$1143,$0,$1132,$0,$2323,$3611,$481,$1312,$161,$1696,$2178,$13,$2087,$-292,$1433,$3611,$191,$181,$44,$225,$-64,$-48,$-8,$-45,$-168,$248,$-175,$0,$216,$0,$0,$0,$0,$41,$-201,$98,$-103,$-152,$-152,$-108,$-7,$-371,$-95,$12,$-108
16,2014-09-30,34.34,$15.97,2.15,$40.14,0.86,$3.14,10.92,$1.84,18.66,$1.65B,$0.63B,2.64,$1.43B,$1.60B,0.9,$4.09B,$0.81B,19.76%,$4.09B,$0.39B,9.50%,$4.09B,$0.39B,9.50%,$4.09B,$0.58B,14.07%,$4.09B,$0.34B,8.33%,$4.09B,$0.19B,4.59%,$0.19B,$1.60B,11.30%,$0.19B,$0.44B,42.08%,$0.19B,$4.02B,4.58%,$0.39B,$3.03B,12.54%,$1098,$878,$221,$11,$105,$991,$107,$-13,$95,$33,$62,$62,$17,$152,$107,$100,101,$0.17,$0.17,$126,$595,$250,$1651,$1129,$0,$1154,$0,$2370,$4021,$626,$1433,$114,$1799,$2426,$13,$2055,$-163,$1595,$4021,$132,$139,$25,$164,$0,$0,$0,$-105,$-105,$192,$-105,$0,$80,$0,$0,$0,$0,$-25,$-200,$210,$10,$-84,$-84,$-82,$-8,$-163,$-16,$9,$-82
17,2014-06-30,36.48,$16.97,2.15,$40.06,0.91,$4.05,9.01,$2.19,16.66,$1.59B,$0.62B,2.59,$1.47B,$1.70B,0.86,$4.12B,$0.81B,19.72%,$4.12B,$0.37B,8.98%,$4.12B,$0.37B,8.98%,$4.12B,$0.56B,13.55%,$4.12B,$0.32B,7.77%,$4.12B,$0.23B,5.46%,$0.23B,$1.70B,13.35%,$0.23B,$0.46B,50.56%,$0.23B,$4.15B,5.42%,$0.37B,$3.16B,11.84%,$1098,$879,$219,$11,$104,$991,$107,$-15,$91,$31,$61,$61,$66,$154,$107,$100,101,$0.66,$0.65,$127,$684,$0,$1594,$1236,$0,$1236,$0,$2559,$4153,$616,$1465,$120,$1842,$2458,$13,$2065,$-71,$1695,$4153,$115,$95,$-17,$78,$0,$0,$0,$-122,$-122,$70,$-62,$0,$80,$0,$0,$0,$0,$18,$-0,$38,$38,$-84,$-84,$-55,$-8,$-109,$-15,$8,$-55
18,2014-03-31,34.97,$16.62,2.1,$41.71,0.84,$4.47,7.82,$2.05,17.06,$1.58B,$0.65B,2.45,$1.44B,$1.68B,0.86,$4.32B,$0.85B,19.57%,$4.32B,$0.35B,8.18%,$4.32B,$0.35B,8.18%,$4.32B,$0.54B,12.56%,$4.32B,$0.31B,7.18%,$4.32B,$0.21B,4.91%,$0.21B,$1.68B,12.77%,$0.21B,$0.44B,49.50%,$0.21B,$4.15B,5.11%,$0.35B,$3.12B,11.41%,$1095,$884,$211,$11,$107,$1000,$95,$-4,$91,$31,$60,$60,$49,$143,$95,$102,102,$0.48,$0.48,$152,$666,$0,$1583,$1243,$0,$1233,$0,$2566,$4148,$645,$1442,$126,$1826,$2471,$13,$2027,$-87,$1677,$4148,$49,$48,$-19,$28,$0,$0,$0,$-65,$-65,$13,$-31,$0,$80,$0,$0,$0,$0,$49,$0,$18,$18,$-43,$-43,$-28,$-1,$-53,$11,$4,$-28
19,2013-12-31,36.25,$16.53,2.19,$43.05,0.84,$4.48,8.1,$2.04,17.77,$1.51B,$0.60B,2.5,$1.42B,$1.69B,0.84,$4.48B,$0.88B,19.57%,$4.48B,$0.35B,7.82%,$4.48B,$0.35B,7.82%,$4.48B,$0.54B,12.06%,$4.48B,$0.29B,6.48%,$4.48B,$0.21B,4.74%,$0.21B,$1.69B,12.86%,$0.21B,$0.44B,50.96%,$0.21B,$4.11B,5.06%,$0.35B,$3.11B,11.26%,$803,$645,$158,$7,$73,$723,$80,$-16,$64,$23,$41,$41,$56,$127,$80,$103,104,$0.55,$0.54,$142,$649,$0,$1505,$1284,$0,$1243,$0,$2606,$4110,$602,$1421,$132,$1824,$2425,$13,$2005,$-99,$1685,$4110,$213,$190,$-2,$189,$1,$-0,$-10,$-16,$-28,$373,$-126,$0,$-30,$0,$0,$0,$0,$-156,$-7,$21,$13,$-77,$-77,$-108,$-13,$-185,$28,$16,$-108
20,2013-09-30,34.3,$16.40,2.09,$41.85,0.82,$4.89,7.02,$1.88,18.24,$1.59B,$0.67B,2.4,$1.42B,$1.69B,0.84,$4.35B,$0.86B,19.72%,$4.35B,$0.32B,7.28%,$4.35B,$0.32B,7.28%,$4.35B,$0.51B,11.65%,$4.35B,$0.26B,5.95%,$4.35B,$0.20B,4.50%,$0.20B,$1.69B,11.97%,$0.20B,$0.43B,48.19%,$0.20B,$4.20B,4.66%,$0.32B,$3.11B,10.24%,$1122,$897,$224,$11,$113,$1034,$88,$-14,$74,$25,$49,$49,$54,$134,$88,$103,104,$0.52,$0.52,$156,$670,$0,$1594,$1288,$0,$1253,$0,$2601,$4195,$665,$1422,$161,$1844,$2508,$13,$1976,$-107,$1687,$4195,$156,$144,$28,$172,$0,$0,$0,$-66,$-66,$262,$-80,$0,$-26,$0,$0,$0,$0,$-106,$0,$15,$15,$-36,$-36,$-81,$-14,$-115,$42,$15,$-81
21,2013-06-30,34.2,$15.48,2.21,$43.44,0.79,$5.07,6.75,$1.81,18.89,$1.61B,$0.64B,2.52,$1.45B,$1.59B,0.91,$4.52B,$0.88B,19.50%,$4.52B,$0.32B,7.06%,$4.52B,$0.32B,7.06%,$4.52B,$0.51B,11.35%,$4.52B,$0.26B,5.73%,$4.52B,$0.19B,4.18%,$0.19B,$1.59B,11.66%,$0.19B,$0.39B,48.18%,$0.19B,$4.15B,4.47%,$0.32B,$3.04B,10.30%,$1297,$1045,$252,$12,$132,$1207,$90,$-10,$81,$27,$53,$53,$53,$138,$90,$103,104,$0.51,$0.51,$150,$670,$0,$1614,$1275,$0,$1200,$0,$2531,$4146,$640,$1450,$249,$1913,$2553,$13,$1949,$-171,$1592,$4146,$102,$97,$16,$113,$0,$0,$0,$-113,$-113,$102,$-49,$0,$31,$0,$0,$0,$0,$-18,$0,$60,$60,$-36,$-36,$-54,$-13,$-43,$36,$11,$-54
22,2013-03-31,35.04,$15.87,2.21,$43.60,0.8,$5.40,6.49,$1.70,20.61,$1.67B,$0.64B,2.6,$1.54B,$1.63B,0.95,$4.53B,$0.86B,19.01%,$4.53B,$0.31B,6.88%,$4.53B,$0.31B,6.88%,$4.53B,$0.51B,11.25%,$4.53B,$0.25B,5.40%,$4.53B,$0.18B,3.93%,$0.18B,$1.63B,11.01%,$0.18B,$0.40B,47.12%,$0.18B,$4.31B,4.17%,$0.31B,$3.17B,10.01%,$1255,$1013,$242,$11,$131,$1163,$92,$-21,$71,$22,$49,$49,$49,$141,$92,$103,104,$0.48,$0.47,$153,$698,$0,$1666,$1331,$0,$1237,$0,$2639,$4305,$642,$1543,$282,$2033,$2674,$13,$1923,$-100,$1631,$4305,$49,$49,$8,$57,$0,$0,$0,$-98,$-98,$8,$-27,$0,$0,$0,$0,$0,$0,$-27,$0,$129,$129,$-36,$-36,$-27,$-13,$54,$39,$5,$-27
23,2012-12-31,28.84,$15.90,1.81,$44.15,0.65,$5.83,4.95,$1.65,17.48,$1.53B,$0.64B,2.37,$1.42B,$1.64B,0.86,$4.58B,$0.85B,18.56%,$4.58B,$0.31B,6.74%,$4.58B,$0.31B,6.74%,$4.58B,$0.51B,11.19%,$4.58B,$0.24B,5.28%,$4.58B,$0.17B,3.77%,$0.17B,$1.64B,10.68%,$0.17B,$0.41B,46.57%,$0.17B,$4.19B,4.04%,$0.31B,$3.06B,9.89%,$678,$538,$140,$4,$73,$631,$47,$-15,$33,$17,$15,$15,$40,$94,$47,$103,104,$0.38,$0.39,$114,$662,$0,$1525,$1351,$0,$1236,$0,$2661,$4186,$643,$1418,$286,$1902,$2545,$13,$1901,$-113,$1641,$4186,$174,$204,$64,$268,$9,$-20,$-28,$-5,$-21,$421,$-132,$0,$-19,$0,$0,$0,$0,$-151,$-322,$165,$-157,$0,$0,$-104,$-5,$-266,$4,$18,$-104
24,2012-09-30,26.92,$15.67,1.72,$49.72,0.54,$5.80,4.64,$1.46,18.44,$1.59B,$0.70B,2.28,$1.49B,$1.62B,0.92,$5.18B,$0.93B,17.97%,$5.18B,$0.32B,6.12%,$5.18B,$0.32B,6.12%,$5.18B,$0.53B,10.18%,$5.18B,$0.24B,4.69%,$5.18B,$0.16B,2.99%,$0.16B,$1.62B,9.66%,$0.16B,$0.38B,44.54%,$0.16B,$4.28B,3.59%,$0.32B,$3.11B,10.09%,$1288,$1041,$247,$10,$128,$1198,$90,$-16,$74,$27,$47,$47,$47,$140,$90,$103,104,$0.46,$0.45,$123,$654,$0,$1590,$1365,$0,$1241,$0,$2687,$4277,$698,$1494,$287,$1961,$2659,$13,$1887,$-118,$1618,$4277,$134,$157,$35,$192,$0,$0,$0,$-35,$-35,$290,$-88,$0,$-19,$0,$0,$0,$0,$-108,$-314,$228,$-86,$0,$0,$-78,$-5,$-169,$14,$13,$-78
25,2012-06-30,26.59,$15.28,1.74,$50.41,0.53,$5.42,4.91,$1.54,17.27,$1.61B,$0.69B,2.32,$1.55B,$1.58B,0.98,$5.25B,$0.91B,17.29%,$5.25B,$0.33B,6.31%,$5.25B,$0.33B,6.31%,$5.25B,$0.55B,10.41%,$5.25B,$0.26B,4.88%,$5.25B,$0.16B,3.11%,$0.16B,$1.58B,10.06%,$0.16B,$0.34B,44.38%,$0.16B,$4.30B,3.76%,$0.33B,$3.13B,10.40%,$1313,$1079,$233,$10,$124,$1230,$83,$-16,$67,$24,$42,$42,$42,$135,$83,$103,104,$0.41,$0.40,$127,$646,$0,$1610,$1372,$0,$1240,$0,$2685,$4295,$694,$1549,$294,$2026,$2720,$13,$1866,$-138,$1575,$4295,$86,$107,$25,$132,$0,$0,$0,$-75,$-75,$143,$-55,$0,$0,$0,$0,$0,$0,$-55,$-303,$288,$-15,$0,$0,$-52,$-2,$-69,$17,$9,$-52
26,2012-03-31,27.18,$15.96,1.7,$50.74,0.54,$4.78,5.69,$1.65,16.47,$1.63B,$0.69B,2.37,$1.55B,$1.65B,0.94,$5.30B,$0.91B,17.20%,$5.30B,$0.35B,6.66%,$5.30B,$0.35B,6.66%,$5.30B,$0.57B,10.81%,$5.30B,$0.28B,5.22%,$5.30B,$0.18B,3.30%,$0.18B,$1.65B,10.22%,$0.18B,$0.37B,37.94%,$0.18B,$4.39B,3.99%,$0.35B,$3.20B,10.85%,$1305,$1074,$231,$11,$129,$1216,$89,$-21,$68,$24,$44,$44,$44,$144,$89,$103,104,$0.42,$0.42,$113,$681,$0,$1631,$1423,$0,$1275,$0,$2760,$4391,$688,$1552,$324,$2058,$2746,$13,$1850,$-48,$1645,$4391,$44,$55,$7,$62,$0,$0,$0,$-57,$-57,$49,$-22,$0,$0,$0,$0,$0,$0,$-22,$-1,$6,$4,$0,$0,$-26,$-2,$-24,$3,$5,$-26
27,2011-12-31,25.12,$15.38,1.63,$50.47,0.5,$4.19,6.0,$1.70,14.78,$1.55B,$0.68B,2.27,$1.56B,$1.58B,0.98,$5.32B,$0.91B,17.12%,$5.32B,$0.37B,6.90%,$5.32B,$0.37B,6.90%,$5.32B,$0.59B,11.05%,$5.32B,$0.29B,5.49%,$5.32B,$0.18B,3.40%,$0.18B,$1.58B,10.14%,$0.18B,$0.31B,33.00%,$0.18B,$4.32B,4.12%,$0.37B,$3.14B,11.15%,$1270,$1052,$219,$11,$119,$1215,$55,$-20,$34,$12,$23,$23,$22,$108,$55,$105,105,$0.22,$0.22,$110,$646,$0,$1549,$1441,$0,$1271,$0,$2771,$4320,$682,$1555,$326,$2056,$2738,$13,$1833,$-91,$1582,$4320,$187,$220,$79,$299,$-45,$15,$-8,$-24,$-65,$421,$-131,$0,$-153,$0,$0,$0,$0,$-284,$389,$-113,$276,$-251,$-251,$-102,$-4,$-80,$49,$16,$-102
28,2011-09-30,24.27,$16.35,1.48,$49.86,0.49,$3.79,6.4,$1.99,12.2,$1.58B,$0.66B,2.4,$1.59B,$1.68B,0.95,$5.30B,$0.92B,17.41%,$5.30B,$0.42B,7.85%,$5.30B,$0.42B,7.85%,$5.30B,$0.64B,12.04%,$5.30B,$0.34B,6.47%,$5.30B,$0.21B,3.98%,$0.21B,$1.68B,11.28%,$0.21B,$0.45B,32.50%,$0.21B,$4.34B,4.81%,$0.42B,$3.27B,12.57%,$1358,$1134,$224,$11,$112,$1254,$104,$-17,$87,$31,$56,$56,$55,$159,$104,$103,104,$0.53,$0.53,$98,$685,$0,$1580,$1473,$0,$1230,$0,$2764,$4344,$659,$1592,$224,$2003,$2662,$13,$1836,$9,$1682,$4344,$165,$167,$30,$196,$0,$0,$0,$-111,$-111,$251,$-89,$0,$-103,$0,$0,$0,$0,$-191,$2,$317,$319,$-251,$-251,$-77,$-3,$-11,$38,$14,$-77
29,2011-06-30,27.75,$18.63,1.49,$48.68,0.57,$3.99,6.96,$2.01,13.81,$1.68B,$0.70B,2.41,$1.46B,$1.94B,0.75,$5.24B,$0.94B,17.97%,$5.24B,$0.43B,8.23%,$5.24B,$0.43B,8.23%,$5.24B,$0.65B,12.47%,$5.24B,$0.36B,6.78%,$5.24B,$0.22B,4.12%,$0.22B,$1.94B,11.20%,$0.22B,$0.71B,30.18%,$0.22B,$4.50B,4.93%,$0.43B,$3.40B,13.01%,$1370,$1132,$238,$10,$127,$1265,$105,$-18,$88,$32,$56,$56,$54,$162,$105,$105,106,$0.51,$0.51,$73,$740,$0,$1677,$1527,$0,$1229,$0,$2826,$4503,$697,$1460,$231,$1866,$2564,$13,$1805,$163,$1939,$4503,$108,$112,$17,$130,$0,$0,$0,$-156,$-156,$82,$-61,$0,$-16,$0,$0,$0,$0,$-76,$3,$191,$194,$-124,$-124,$-52,$-3,$16,$12,$9,$-52
30,2011-03-31,26.76,$18.24,1.47,$47.34,0.57,$4.61,5.8,$2.04,13.12,$1.59B,$0.65B,2.47,$1.42B,$1.94B,0.73,$5.14B,$0.94B,18.24%,$5.14B,$0.44B,8.53%,$5.14B,$0.44B,8.53%,$5.14B,$0.66B,12.91%,$5.14B,$0.36B,7.01%,$5.14B,$0.22B,4.30%,$0.22B,$1.94B,11.62%,$0.22B,$0.72B,31.54%,$0.22B,$4.41B,5.10%,$0.44B,$3.35B,13.33%,$1324,$1095,$230,$8,$126,$1221,$103,$-20,$83,$30,$53,$53,$50,$159,$103,$107,107,$0.47,$0.47,$56,$723,$0,$1592,$1532,$0,$1218,$0,$2818,$4410,$645,$1417,$244,$1828,$2473,$13,$1777,$126,$1937,$4410,$53,$56,$11,$66,$0,$0,$0,$-127,$-127,$-8,$-27,$0,$-16,$0,$0,$0,$0,$-43,$-0,$133,$133,$-58,$-58,$-26,$0,$49,$-4,$5,$-26
31,2010-12-31,26.45,$17.90,1.48,$44.38,0.6,$4.81,5.49,$1.85,14.3,$1.47B,$0.68B,2.17,$1.28B,$1.93B,0.67,$4.84B,$0.89B,18.47%,$4.84B,$0.40B,8.27%,$4.84B,$0.40B,8.27%,$4.84B,$0.61B,12.66%,$4.84B,$0.33B,6.76%,$4.84B,$0.20B,4.16%,$0.20B,$1.93B,10.74%,$0.20B,$0.71B,29.41%,$0.20B,$4.29B,4.65%,$0.40B,$3.21B,12.20%,$1249,$1018,$231,$9,$122,$1144,$104,$-19,$85,$30,$55,$55,$52,$158,$104,$109,109,$0.48,$0.48,$60,$674,$0,$1467,$1541,$0,$1214,$0,$2819,$4286,$675,$1284,$241,$1683,$2358,$13,$1752,$91,$1927,$4286,$212,$210,$21,$231,$-19,$-92,$43,$-12,$-74,$368,$-111,$0,$-1105,$0,$0,$0,$0,$-1215,$-34,$55,$21,$-62,$-62,$-102,$-11,$-153,$-1005,$18,$-102
32,2010-09-30,25.52,$17.67,1.44,$41.65,0.61,$6.29,4.06,$1.63,15.65,$1.53B,$0.68B,2.25,$1.38B,$1.91B,0.72,$4.49B,$0.84B,18.70%,$4.49B,$0.36B,8.01%,$4.49B,$0.36B,8.01%,$4.49B,$0.56B,12.44%,$4.49B,$0.29B,6.34%,$4.49B,$0.18B,3.98%,$0.18B,$1.91B,9.67%,$0.18B,$0.72B,22.80%,$0.18B,$4.33B,4.23%,$0.36B,$3.29B,11.09%,$1294,$1052,$242,$10,$114,$1175,$119,$-20,$99,$36,$64,$64,$60,$174,$119,$109,109,$0.55,$0.55,$92,$656,$0,$1531,$1540,$0,$1193,$0,$2796,$4327,$682,$1375,$0,$1733,$2415,$13,$1724,$93,$1912,$4327,$157,$156,$6,$162,$0,$0,$0,$-65,$-65,$254,$-63,$0,$-1131,$0,$0,$0,$0,$-1194,$-38,$151,$113,$-45,$-45,$-77,$-11,$-20,$-973,$14,$-77
33,2010-06-30,21.53,$16.76,1.28,$38.23,0.56,$7.78,2.77,$1.41,15.27,$1.48B,$0.68B,2.18,$1.46B,$1.83B,0.8,$4.10B,$0.78B,18.99%,$4.10B,$0.31B,7.54%,$4.10B,$0.31B,7.54%,$4.10B,$0.49B,12.06%,$4.10B,$0.25B,6.00%,$4.10B,$0.15B,3.76%,$0.15B,$1.83B,8.43%,$0.15B,$0.65B,17.57%,$0.15B,$4.33B,3.71%,$0.31B,$3.29B,9.66%,$1270,$1036,$234,$9,$116,$1158,$112,$-19,$93,$34,$60,$60,$59,$172,$112,$109,109,$0.54,$0.54,$80,$618,$0,$1483,$1532,$0,$1179,$0,$2844,$4327,$680,$1461,$0,$1818,$2497,$13,$1689,$25,$1829,$4327,$94,$102,$7,$109,$0,$0,$0,$-74,$-74,$129,$-38,$0,$-1222,$0,$0,$0,$0,$-1261,$-25,$238,$213,$0,$0,$-51,$-10,$152,$-985,$9,$-51
34,2010-03-31,22.72,$16.64,1.37,$35.25,0.64,$9.18,2.47,$1.34,16.95,$1.46B,$0.68B,2.15,$1.51B,$1.82B,0.83,$3.69B,$0.72B,19.55%,$3.69B,$0.28B,7.61%,$3.69B,$0.28B,7.61%,$3.69B,$0.45B,12.05%,$3.69B,$0.23B,6.26%,$3.69B,$0.14B,3.85%,$0.14B,$1.82B,8.10%,$0.14B,$0.65B,15.45%,$0.14B,$4.34B,3.73%,$0.28B,$3.33B,9.69%,$1022,$836,$186,$6,$107,$957,$65,$-15,$50,$18,$32,$32,$30,$108,$65,$109,109,$0.28,$0.28,$64,$608,$0,$1457,$1578,$0,$1164,$0,$2887,$4344,$677,$1511,$0,$1853,$2529,$13,$1655,$51,$1815,$4344,$32,$43,$2,$45,$0,$0,$0,$-74,$-74,$3,$-17,$0,$-1222,$0,$0,$0,$0,$-1239,$-17,$290,$273,$0,$0,$-26,$-12,$235,$-1002,$6,$-26
35,2009-12-31,23.26,$15.66,1.49,$34.33,0.68,$10.57,2.2,$1.41,16.5,$2.01B,$0.53B,3.82,$1.23B,$1.85B,0.66,$3.51B,$0.70B,19.92%,$3.51B,$0.28B,7.97%,$3.51B,$0.28B,7.97%,$3.51B,$0.44B,12.49%,$3.51B,$0.24B,6.83%,$3.51B,$0.15B,4.21%,$0.15B,$1.85B,8.99%,$0.15B,$1.12B,15.82%,$0.15B,$3.93B,4.34%,$0.28B,$3.08B,10.93%,$906,$728,$178,$6,$98,$842,$64,$-21,$43,$16,$27,$27,$30,$105,$64,$103,104,$0.22,$0.22,$1066,$399,$0,$2005,$1157,$0,$732,$0,$1923,$3929,$525,$1228,$190,$1552,$2077,$13,$1650,$72,$1852,$3929,$153,$159,$20,$179,$17,$68,$15,$9,$144,$476,$-78,$0,$-30,$0,$0,$0,$0,$-109,$799,$-251,$548,$203,$203,$-97,$-3,$651,$1022,$19,$-97
36,2009-09-30,20.17,$16.76,1.2,$34.26,0.59,$8.49,2.38,$1.48,13.63,$2.07B,$0.54B,3.81,$1.29B,$1.81B,0.71,$3.48B,$0.67B,19.25%,$3.48B,$0.29B,8.37%,$3.48B,$0.29B,8.37%,$3.48B,$0.45B,12.83%,$3.48B,$0.25B,7.19%,$3.48B,$0.16B,4.49%,$0.16B,$1.81B,10.20%,$0.16B,$1.08B,18.76%,$0.16B,$4.01B,4.98%,$0.29B,$3.10B,12.63%,$899,$719,$180,$6,$96,$830,$68,$-9,$60,$22,$38,$38,$35,$109,$68,$106,106,$0.33,$0.33,$1104,$427,$0,$2074,$1169,$0,$730,$0,$1937,$4011,$544,$1290,$0,$1653,$2197,$13,$1649,$40,$1813,$4011,$125,$118,$24,$142,$0,$0,$0,$129,$129,$396,$-52,$0,$-31,$0,$0,$0,$0,$-83,$790,$-178,$612,$203,$203,$-72,$-2,$741,$1061,$14,$-72
37,2009-06-30,19.45,$15.34,1.27,$35.62,0.55,$6.45,3.02,$1.59,12.23,$1.02B,$0.49B,2.09,$0.56B,$1.53B,0.37,$3.56B,$0.66B,18.39%,$3.56B,$0.30B,8.34%,$3.56B,$0.30B,8.34%,$3.56B,$0.45B,12.69%,$3.56B,$0.26B,7.36%,$3.56B,$0.16B,4.61%,$0.16B,$1.53B,11.19%,$0.16B,$0.82B,21.32%,$0.16B,$2.93B,5.59%,$0.30B,$2.09B,14.12%,$866,$688,$178,$7,$89,$783,$84,$-5,$78,$29,$50,$50,$47,$123,$84,$100,100,$0.47,$0.47,$80,$414,$0,$1018,$1175,$0,$710,$0,$1914,$2931,$488,$559,$0,$910,$1398,$12,$1638,$-16,$1533,$2931,$87,$78,$17,$95,$0,$0,$0,$85,$85,$267,$-45,$0,$-31,$0,$0,$0,$0,$-76,$-2,$-110,$-112,$0,$0,$-46,$-3,$-161,$37,$10,$-46
38,2009-03-31,16.04,$13.92,1.15,$36.76,0.44,$4.93,3.25,$1.58,10.15,$0.96B,$0.43B,2.22,$0.59B,$1.39B,0.42,$3.68B,$0.65B,17.69%,$3.68B,$0.29B,7.89%,$3.68B,$0.29B,7.89%,$3.68B,$0.45B,12.19%,$3.68B,$0.26B,7.05%,$3.68B,$0.16B,4.41%,$0.16B,$1.39B,10.80%,$0.16B,$0.71B,20.51%,$0.16B,$2.78B,5.32%,$0.29B,$1.98B,13.28%,$843,$679,$164,$6,$89,$779,$64,$-5,$59,$21,$37,$37,$36,$102,$64,$100,100,$0.36,$0.36,$73,$403,$0,$962,$1114,$0,$675,$0,$1815,$2777,$434,$585,$0,$953,$1387,$12,$1613,$-122,$1390,$2777,$37,$38,$7,$46,$0,$0,$0,$65,$65,$148,$-22,$0,$0,$0,$0,$0,$0,$-22,$-2,$-67,$-69,$0,$0,$-23,$-2,$-95,$30,$5,$-23
39,2008-12-31,17.92,$13.87,1.29,$37.76,0.47,$3.94,4.54,$1.65,10.86,$0.98B,$0.42B,2.33,$0.66B,$1.38B,0.48,$3.78B,$0.65B,17.17%,$3.78B,$0.29B,7.78%,$3.78B,$0.29B,7.78%,$3.78B,$0.46B,12.07%,$3.78B,$0.27B,7.09%,$3.78B,$0.17B,4.42%,$0.17B,$1.38B,10.77%,$0.17B,$0.71B,20.35%,$0.17B,$2.82B,5.27%,$0.29B,$2.04B,12.84%,$868,$721,$147,$6,$80,$793,$75,$-22,$53,$19,$34,$34,$38,$112,$75,$100,100,$0.32,$0.32,$43,$436,$0,$983,$1135,$0,$676,$0,$1840,$2822,$422,$660,$246,$1018,$1440,$12,$1599,$-112,$1383,$2822,$172,$162,$34,$196,$-25,$9,$-27,$-29,$-74,$294,$-118,$0,$0,$0,$0,$0,$0,$-118,$-251,$106,$-145,$-29,$-29,$-91,$0,$-264,$-104,$18,$-91
40,2008-09-30,19.65,$15.59,1.26,$37.91,0.52,$4.46,4.41,$1.74,11.29,$1.24B,$0.57B,2.16,$0.75B,$1.55B,0.48,$3.82B,$0.66B,17.34%,$3.82B,$0.29B,7.53%,$3.82B,$0.29B,7.53%,$3.82B,$0.45B,11.82%,$3.82B,$0.28B,7.40%,$3.82B,$0.17B,4.34%,$0.17B,$1.55B,10.41%,$0.17B,$0.83B,19.57%,$0.17B,$3.20B,5.09%,$0.29B,$2.30B,12.18%,$984,$818,$166,$6,$86,$910,$74,$-2,$72,$26,$46,$46,$43,$115,$74,$100,100,$0.43,$0.43,$149,$519,$0,$1237,$1191,$0,$719,$0,$1964,$3201,$574,$747,$0,$1073,$1647,$12,$1589,$111,$1554,$3201,$138,$124,$20,$145,$0,$0,$0,$-76,$-76,$207,$-86,$0,$0,$0,$0,$0,$0,$-86,$-251,$243,$-8,$-27,$-27,$-68,$-1,$-105,$2,$13,$-68
41,2008-06-30,16.68,$16.81,0.99,$36.86,0.45,$4.81,3.47,$1.70,9.81,$1.29B,$0.62B,2.07,$0.74B,$1.68B,0.44,$3.75B,$0.66B,17.57%,$3.75B,$0.28B,7.58%,$3.75B,$0.28B,7.58%,$3.75B,$0.45B,11.96%,$3.75B,$0.28B,7.37%,$3.75B,$0.16B,4.38%,$0.16B,$1.68B,10.38%,$0.16B,$0.91B,19.78%,$0.16B,$3.38B,5.03%,$0.28B,$2.42B,11.97%,$980,$807,$173,$7,$88,$903,$77,$-2,$75,$28,$48,$48,$45,$119,$77,$100,100,$0.45,$0.45,$171,$527,$0,$1288,$1263,$0,$770,$0,$2092,$3381,$623,$740,$0,$1083,$1706,$12,$1567,$258,$1675,$3381,$92,$84,$10,$94,$0,$0,$0,$-58,$-58,$128,$-57,$0,$0,$0,$0,$0,$0,$-57,$-2,$17,$15,$-27,$-27,$-45,$-1,$-58,$24,$9,$-45
42,2008-03-31,18.77,$15.94,1.18,$35.79,0.52,$4.98,3.77,$1.71,10.97,$1.21B,$0.54B,2.25,$0.82B,$1.59B,0.51,$3.69B,$0.66B,17.95%,$3.69B,$0.29B,7.89%,$3.69B,$0.29B,7.89%,$3.69B,$0.45B,12.26%,$3.69B,$0.28B,7.59%,$3.69B,$0.17B,4.58%,$0.17B,$1.59B,10.92%,$0.17B,$0.84B,20.91%,$0.17B,$3.27B,5.28%,$0.29B,$2.40B,12.42%,$947,$784,$163,$6,$89,$879,$68,$0,$68,$25,$44,$44,$41,$110,$68,$100,100,$0.41,$0.41,$157,$498,$0,$1208,$1249,$0,$750,$0,$2058,$3266,$536,$816,$0,$1142,$1678,$12,$1543,$200,$1588,$3266,$42,$42,$6,$48,$0,$0,$0,$-34,$-34,$56,$-28,$0,$0,$0,$0,$0,$0,$-28,$-9,$38,$29,$-28,$-28,$-23,$0,$-21,$10,$5,$-23
43,2007-12-31,20.04,$15.54,1.29,$34.88,0.57,$5.02,4.0,$1.74,11.52,$1.14B,$0.54B,2.13,$0.78B,$1.56B,0.5,$3.65B,$0.68B,18.52%,$3.65B,$0.31B,8.44%,$3.65B,$0.31B,8.44%,$3.65B,$0.47B,12.79%,$3.65B,$0.29B,7.95%,$3.65B,$0.18B,4.82%,$0.18B,$1.56B,11.58%,$0.18B,$0.82B,22.26%,$0.18B,$3.19B,5.58%,$0.31B,$2.34B,13.36%,$913,$752,$161,$7,$86,$844,$69,$-0,$68,$22,$46,$46,$37,$108,$69,$103,103,$0.38,$0.38,$147,$479,$0,$1137,$1248,$0,$746,$0,$2054,$3191,$535,$775,$124,$1095,$1629,$12,$1524,$171,$1562,$3191,$185,$159,$16,$175,$32,$12,$-22,$45,$46,$406,$-171,$0,$0,$0,$0,$0,$4,$-168,$-35,$71,$35,$-169,$-169,$-90,$6,$-217,$35,$17,$-90
44,2007-09-30,21.15,$14.88,1.42,$34.50,0.61,$4.54,4.66,$1.71,12.37,$1.18B,$0.54B,2.16,$0.84B,$1.50B,0.56,$3.64B,$0.68B,18.80%,$3.64B,$0.32B,8.66%,$3.64B,$0.32B,8.66%,$3.64B,$0.47B,12.92%,$3.64B,$0.29B,7.89%,$3.64B,$0.18B,4.98%,$0.18B,$1.50B,12.08%,$0.18B,$0.76B,23.26%,$0.18B,$3.20B,5.80%,$0.32B,$2.34B,13.88%,$906,$745,$161,$7,$84,$835,$70,$-6,$65,$24,$41,$41,$41,$111,$70,$102,103,$0.40,$0.40,$165,$480,$0,$1176,$1239,$0,$739,$0,$2023,$3199,$544,$842,$0,$1160,$1704,$12,$1504,$132,$1495,$3199,$139,$119,$19,$138,$0,$0,$0,$16,$16,$293,$-132,$0,$-0,$0,$0,$0,$0,$-132,$-18,$131,$112,$-157,$-157,$-67,$-9,$-121,$53,$12,$-67
45,2007-06-30,23.93,$14.79,1.62,$34.17,0.7,$4.62,5.18,$1.76,13.6,$1.16B,$0.53B,2.18,$0.75B,$1.55B,0.48,$3.64B,$0.70B,19.17%,$3.64B,$0.33B,9.13%,$3.64B,$0.33B,9.13%,$3.64B,$0.49B,13.37%,$3.64B,$0.30B,8.28%,$3.64B,$0.19B,5.17%,$0.19B,$1.55B,12.56%,$0.19B,$0.82B,23.90%,$0.19B,$3.15B,6.08%,$0.33B,$2.29B,14.84%,$922,$745,$177,$6,$86,$838,$84,$-5,$79,$29,$50,$50,$50,$123,$84,$105,106,$0.47,$0.47,$153,$470,$0,$1163,$1215,$0,$723,$0,$1984,$3146,$532,$748,$0,$1069,$1602,$12,$1484,$88,$1545,$3146,$98,$79,$6,$85,$0,$0,$0,$5,$5,$188,$-95,$0,$-0,$0,$0,$0,$8,$-88,$-6,$32,$26,$-39,$-39,$-46,$-9,$-68,$41,$8,$-46
46,2007-03-31,23.93,$14.15,1.69,$34.19,0.7,$4.57,5.23,$1.75,13.68,$1.15B,$0.54B,2.11,$0.77B,$1.48B,0.52,$3.65B,$0.71B,19.36%,$3.65B,$0.34B,9.40%,$3.65B,$0.34B,9.40%,$3.65B,$0.50B,13.63%,$3.65B,$0.30B,8.28%,$3.65B,$0.19B,5.13%,$0.19B,$1.48B,12.66%,$0.19B,$0.77B,24.29%,$0.19B,$3.09B,6.06%,$0.34B,$2.25B,15.43%,$909,$732,$177,$6,$85,$824,$85,$-8,$78,$29,$48,$48,$48,$125,$85,$105,107,$0.46,$0.45,$143,$469,$0,$1145,$1189,$0,$712,$0,$1944,$3089,$542,$774,$0,$1068,$1610,$12,$1457,$49,$1479,$3089,$48,$40,$-1,$38,$0,$0,$0,$-13,$-13,$73,$-40,$0,$-0,$0,$0,$0,$0,$-40,$8,$55,$63,$-34,$-34,$-23,$-8,$-2,$31,$4,$-23
47,2006-12-31,24.21,$14.04,1.72,$34.10,0.71,$4.38,5.53,$1.65,14.67,$1.09B,$0.56B,1.97,$0.72B,$1.47B,0.49,$3.64B,$0.70B,19.12%,$3.64B,$0.34B,9.23%,$3.64B,$0.34B,9.23%,$3.64B,$0.49B,13.41%,$3.64B,$0.29B,7.86%,$3.64B,$0.18B,4.86%,$0.18B,$1.47B,12.18%,$0.18B,$0.77B,23.63%,$0.18B,$3.04B,5.74%,$0.34B,$2.19B,15.19%,$901,$732,$169,$6,$87,$824,$76,$-11,$65,$23,$42,$42,$42,$111,$76,$105,107,$0.39,$0.39,$112,$468,$0,$1094,$1176,$0,$706,$0,$1945,$3039,$555,$722,$126,$1012,$1567,$12,$1432,$29,$1472,$3039,$176,$152,$20,$173,$10,$-31,$37,$-29,$-0,$349,$-157,$0,$-11,$0,$0,$0,$2,$-166,$-42,$-24,$-66,$-18,$-18,$-82,$1,$-165,$21,$12,$-82
