,Date,Stock Price,Book Value per Share,Price to Book Ratio,TTM Sales per Share,Price to Sales Ratio,TTM FCF per Share,Price to FCF Ratio,TTM Net EPS,PE Ratio,Current Assets,Current Liabilities,Current Ratio,Long Term Debt,Shareholder's Equity_x,Debt to Equity Ratio,TTM Revenue_x,TTM Gross Profit,Gross Margin,TTM Revenue_y,TTM Operating Income,Operating Margin,TTM Revenue_x,TTM EBIT,EBIT Margin,TTM Revenue_y,TTM EBITDA,EBITDA Margin,TTM Revenue_x,TTM Pre-Tax Income,Pre-Tax Margin,TTM Revenue_y,TTM Net Income_x,Net Margin,TTM Net Income_y,Shareholder's Equity_y,Return on Equity,TTM Net Income_x,Tangible Equity,Return on Tangible Equity,TTM Net Income_y,Total Assets,Return on Assets,TTM Net Income,LT Investments & Debt,Return on Investment,revenue,cost-goods-sold,gross-profit,research-development-expenses,selling-general-administrative-expenses,operating-expenses,operating-income,total-non-operating-income-expense,pre-tax-income,total-provision-income-taxes,income-after-taxes,income-from-continuous-operations,net-income,ebitda,ebit,basic-shares-outstanding,shares-outstanding,eps-basic-net-earnings-per-share,eps-earnings-per-share-diluted,cash-on-hand,inventory,other-current-assets,total-current-assets,net-property-plant-equipment,long-term-investments,goodwill-intangible-assets-total,other-long-term-assets,total-long-term-assets,total-assets,total-current-liabilities,long-term-debt,other-non-current-liabilities,total-long-term-liabilities,total-liabilities,common-stock-net,retained-earnings-accumulated-deficit,comprehensive-income,total-share-holder-equity,total-liabilities-share-holders-equity,net-income-loss,total-depreciation-amortization-cash-flow,other-non-cash-items,total-non-cash-items,change-in-accounts-receivable,change-in-inventories,change-in-accounts-payable,change-in-assets-liabilities,total-change-in-assets-liabilities,cash-flow-from-operating-activities,net-change-in-property-plant-equipment,net-change-in-intangible-assets,net-acquisitions-divestitures,net-change-in-short-term-investments,net-change-in-long-term-investments,net-change-in-investments-total,investing-activities-other,cash-flow-from-investing-activities,net-long-term-debt,net-current-debt,debt-issuance-retirement-net-total,net-common-equity-issued-repurchased,net-total-equity-issued-repurchased,total-common-preferred-stock-dividends-paid,financial-activities-other,cash-flow-from-financial-activities,net-cash-flow,stock-based-compensation,common-stock-dividends-paid
0,2018-09-30,46.9,$27.17,1.73,$12.26,3.83,$5.81,8.07,$1.94,24.18,$3.43B,$3.59B,0.96,$0.19B,$0.55B,0.35,$0.24B,$0.22B,88.84%,$0.24B,$0.07B,30.58%,$0.24B,0,0.00%,$0.24B,0,0.00%,$0.24B,$0.07B,30.17%,$0.24B,$0.04B,16.94%,$0.04B,$0.55B,7.61%,$0.04B,$0.34B,12.59%,$0.04B,$4.39B,0.94%,$0.07B,$0.74B,9.73%,$64,$9,$55,$0,$33,$42,$21,$-0,$21,$4,$17,$17,$17,$0,$0,$20,20,$0.82,$0.82,$54,$0,$0,$3434,$63,$568,$213,$110,$955,$4388,$3591,$193,$53,$246,$3837,$25,$238,$-13,$551,$4388,$47,$10,$3,$14,$0,$0,$4,$-7,$3,$63,$-13,$-0,$-0,$0,$148,$148,$-102,$33,$-66,$-11,$-78,$-1,$-1,$-14,$-18,$-111,$-15,$2,$-14
1,2018-06-30,46.06,$26.80,1.72,$11.98,3.85,$5.40,8.53,$1.74,26.47,$3.44B,$3.59B,0.96,$0.21B,$0.54B,0.38,$0.23B,$0.21B,90.31%,$0.23B,$0.07B,30.40%,$0.23B,0,0.00%,$0.23B,0,0.00%,$0.23B,$0.07B,29.96%,$0.23B,$0.04B,15.42%,$0.04B,$0.54B,6.98%,$0.04B,$0.33B,11.35%,$0.04B,$4.39B,0.84%,$0.07B,$0.75B,9.64%,$65,$7,$57,$0,$35,$43,$21,$-3,$18,$4,$15,$15,$15,$0,$0,$20,20,$0.73,$0.72,$55,$0,$0,$3443,$54,$572,$214,$111,$951,$4394,$3591,$208,$53,$260,$3852,$24,$227,$-11,$543,$4394,$30,$7,$-1,$5,$2,$0,$2,$-7,$3,$38,$-2,$0,$-0,$0,$148,$148,$-109,$36,$-51,$-11,$-62,$-1,$-1,$-9,$-16,$-87,$-13,$1,$-9
2,2018-03-31,43.51,$26.35,1.65,$11.47,3.79,$4.59,9.47,$1.57,27.71,$3.35B,$3.49B,0.96,$0.23B,$0.53B,0.43,$0.21B,$0.19B,91.83%,$0.21B,$0.06B,30.77%,$0.21B,0,0.00%,$0.21B,0,0.00%,$0.21B,$0.06B,30.77%,$0.21B,$0.03B,13.94%,$0.03B,$0.53B,6.24%,$0.03B,$0.32B,9.97%,$0.03B,$4.30B,0.74%,$0.06B,$0.76B,9.47%,$63,$6,$57,$0,$36,$43,$20,$0,$20,$5,$15,$15,$15,$0,$0,$20,20,$0.76,$0.75,$41,$0,$0,$3347,$55,$569,$213,$116,$954,$4300,$3494,$228,$46,$273,$3767,$24,$216,$-10,$533,$4300,$15,$3,$-1,$2,$-0,$0,$1,$-17,$-12,$5,$-2,$0,$0,$0,$149,$149,$-21,$126,$-31,$-64,$-96,$-1,$-1,$-5,$-59,$-159,$-28,$1,$-5
3,2017-12-31,43.54,$26.20,1.66,$10.93,3.98,$5.38,8.09,$1.35,32.25,$3.35B,$3.62B,0.93,$0.26B,$0.53B,0.49,$0.19B,$0.18B,92.59%,$0.19B,$0.06B,30.69%,$0.19B,0,0.00%,$0.19B,0,0.00%,$0.19B,$0.06B,30.69%,$0.19B,$0.02B,12.17%,$0.02B,$0.53B,5.37%,$0.02B,$0.32B,8.35%,$0.02B,$4.45B,0.63%,$0.06B,$0.79B,9.16%,$50,$4,$46,$0,$34,$39,$12,$0,$14,$20,$-6,$-6,$-6,$0,$0,$17,17,$-0.38,$-0.38,$65,$0,$0,$3351,$54,$730,$212,$103,$1099,$4450,$3615,$259,$47,$306,$3922,$24,$206,$-4,$528,$4450,$23,$12,$7,$19,$2,$0,$-2,$-1,$-9,$33,$-7,$-0,$12,$0,$-13,$-13,$-179,$-187,$-41,$19,$-23,$1,$1,$-15,$199,$163,$9,$2,$-15
4,2017-09-30,42.93,$23.57,1.82,$10.57,4.06,$7.07,6.08,$2.25,19.08,$2.73B,$2.87B,0.95,$0.16B,$0.40B,0.41,$0.18B,$0.17B,92.86%,$0.18B,$0.06B,32.42%,$0.18B,0,0.00%,$0.18B,0,0.00%,$0.18B,$0.06B,31.87%,$0.18B,$0.04B,20.88%,$0.04B,$0.40B,9.71%,$0.04B,$0.27B,14.67%,$0.04B,$3.48B,1.12%,$0.06B,$0.57B,10.06%,$49,$4,$45,$0,$28,$32,$16,$-1,$16,$5,$11,$11,$11,$0,$0,$17,17,$0.63,$0.62,$50,$0,$0,$2726,$45,$503,$134,$69,$751,$3477,$2867,$164,$43,$208,$3075,$21,$215,$-1,$402,$3477,$29,$9,$1,$10,$2,$0,$-0,$2,$1,$40,$-5,$-0,$-5,$0,$92,$92,$-143,$-60,$-55,$-23,$-78,$1,$1,$-11,$103,$15,$-5,$1,$-11
5,2017-06-30,41.44,$23.25,1.78,$10.28,4.03,$7.12,5.82,$2.18,19.01,$2.72B,$2.82B,0.97,$0.19B,$0.40B,0.49,$0.18B,$0.17B,93.75%,$0.18B,$0.06B,32.39%,$0.18B,0,0.00%,$0.18B,0,0.00%,$0.18B,$0.06B,31.82%,$0.18B,$0.04B,20.45%,$0.04B,$0.40B,9.34%,$0.04B,$0.26B,14.17%,$0.04B,$3.44B,1.08%,$0.06B,$0.59B,9.52%,$46,$3,$43,$0,$26,$30,$16,$-1,$14,$5,$9,$9,$9,$0,$0,$17,17,$0.56,$0.55,$54,$0,$0,$2722,$44,$473,$135,$64,$716,$3438,$2815,$194,$34,$228,$3043,$21,$208,$-2,$395,$3438,$18,$6,$-1,$5,$2,$0,$0,$-2,$-4,$20,$-4,$-0,$-5,$0,$123,$123,$-132,$-17,$-25,$-74,$-99,$1,$1,$-7,$102,$-3,$-1,$1,$-7
6,2017-03-31,38.33,$22.87,1.68,$10.14,3.78,$7.38,5.19,$2.15,17.83,$2.64B,$2.66B,0.99,$0.20B,$0.39B,0.53,$0.17B,$0.16B,93.64%,$0.17B,$0.06B,31.79%,$0.17B,0,0.00%,$0.17B,0,0.00%,$0.17B,$0.06B,32.37%,$0.17B,$0.04B,20.81%,$0.04B,$0.39B,9.48%,$0.04B,$0.26B,14.44%,$0.04B,$3.29B,1.11%,$0.06B,$0.59B,9.05%,$44,$3,$41,$0,$26,$30,$14,$0,$14,$5,$9,$9,$9,$0,$0,$17,17,$0.53,$0.53,$92,$0,$0,$2641,$41,$413,$130,$67,$651,$3293,$2663,$204,$37,$242,$2905,$21,$202,$-2,$388,$3293,$9,$3,$-0,$3,$6,$0,$-0,$-6,$4,$16,$-0,$-0,$0,$0,$182,$182,$-20,$162,$-15,$-181,$-196,$1,$1,$-4,$57,$-142,$37,$0,$-4
7,2016-12-31,40.68,$22.50,1.81,$10.05,4.05,$7.06,5.76,$2.11,19.28,$2.59B,$2.79B,0.93,$0.22B,$0.38B,0.58,$0.17B,$0.16B,94.12%,$0.17B,$0.05B,31.76%,$0.17B,0,0.00%,$0.17B,0,0.00%,$0.17B,$0.06B,32.35%,$0.17B,$0.04B,20.59%,$0.04B,$0.38B,9.36%,$0.04B,$0.25B,14.42%,$0.04B,$3.42B,1.10%,$0.05B,$0.60B,8.69%,$43,$3,$40,$0,$26,$30,$13,$0,$14,$5,$9,$9,$9,$0,$0,$17,17,$0.56,$0.56,$55,$0,$0,$2591,$42,$596,$131,$62,$831,$3422,$2787,$219,$35,$254,$3040,$21,$197,$-2,$381,$3422,$36,$13,$3,$16,$-3,$0,$1,$-1,$2,$54,$-0,$0,$0,$0,$-231,$-231,$-266,$-497,$-65,$110,$45,$-6,$-6,$-14,$326,$351,$-92,$2,$-14
8,2016-09-30,30.67,$22.40,1.37,$9.84,3.12,$5.67,5.41,$1.19,25.77,$2.55B,$2.53B,1.01,$0.23B,$0.38B,0.62,$0.17B,$0.16B,94.64%,$0.17B,$0.03B,19.05%,$0.17B,0,0.00%,$0.17B,0,0.00%,$0.17B,$0.03B,18.45%,$0.17B,$0.02B,11.90%,$0.02B,$0.38B,5.40%,$0.02B,$0.25B,8.39%,$0.02B,$3.17B,0.65%,$0.03B,$0.61B,5.05%,$43,$3,$41,$0,$26,$30,$14,$-0,$14,$4,$9,$9,$9,$0,$0,$17,17,$0.56,$0.55,$53,$0,$0,$2548,$43,$392,$131,$61,$626,$3174,$2530,$234,$32,$266,$2796,$21,$191,$2,$378,$3174,$27,$11,$2,$12,$-4,$0,$0,$-0,$-4,$35,$0,$0,$0,$0,$-20,$-20,$-223,$-243,$-50,$-44,$-94,$-7,$-7,$-10,$225,$113,$-94,$1,$-10
9,2016-06-30,27.8,$22.14,1.26,$9.57,2.9,$5.10,5.45,$1.06,26.22,$2.47B,$2.43B,1.01,$0.25B,$0.37B,0.68,$0.17B,$0.16B,94.55%,$0.17B,$0.03B,18.18%,$0.17B,0,0.00%,$0.17B,0,0.00%,$0.17B,$0.03B,17.58%,$0.17B,$0.02B,10.91%,$0.02B,$0.37B,4.89%,$0.02B,$0.24B,7.68%,$0.02B,$3.09B,0.59%,$0.03B,$0.63B,4.66%,$43,$3,$40,$0,$25,$29,$14,$-1,$14,$5,$9,$9,$9,$0,$0,$17,17,$0.53,$0.52,$38,$0,$0,$2465,$44,$388,$132,$63,$626,$3090,$2431,$254,$33,$287,$2718,$21,$185,$2,$372,$3090,$17,$7,$-1,$6,$-2,$0,$-0,$-3,$-3,$20,$1,$0,$0,$0,$-14,$-14,$-153,$-166,$-30,$-75,$-105,$-7,$-7,$-7,$157,$38,$-109,$1,$-7
10,2016-03-31,24.32,$21.73,1.12,$9.32,2.61,$4.35,5.6,$0.99,24.57,$2.43B,$2.38B,1.02,$0.28B,$0.37B,0.77,$0.16B,$0.16B,95.09%,$0.16B,$0.03B,17.18%,$0.16B,0,0.00%,$0.16B,0,0.00%,$0.16B,$0.03B,16.56%,$0.16B,$0.02B,10.43%,$0.02B,$0.37B,4.59%,$0.02B,$0.23B,7.22%,$0.02B,$3.06B,0.57%,$0.03B,$0.65B,4.35%,$41,$2,$39,$0,$26,$29,$13,$0,$13,$4,$8,$8,$8,$0,$0,$17,17,$0.49,$0.49,$53,$0,$0,$2431,$45,$386,$133,$63,$627,$3058,$2382,$279,$31,$311,$2693,$21,$179,$2,$365,$3058,$8,$3,$0,$4,$1,$0,$-1,$-5,$-3,$10,$1,$0,$0,$0,$-14,$-14,$-108,$-121,$-5,$-57,$-62,$-8,$-8,$-3,$91,$18,$-94,$0,$-3
11,2015-12-31,26.94,$21.42,1.26,$9.19,2.93,$4.20,6.41,$0.92,29.29,$2.42B,$2.35B,1.03,$0.28B,$0.37B,0.78,$0.16B,$0.16B,95.12%,$0.16B,$0.03B,16.46%,$0.16B,0,0.00%,$0.16B,0,0.00%,$0.16B,$0.03B,15.85%,$0.16B,$0.02B,9.76%,$0.02B,$0.37B,4.29%,$0.02B,$0.23B,6.70%,$0.02B,$3.03B,0.54%,$0.03B,$0.65B,4.22%,$41,$2,$39,$0,$47,$51,$-9,$-0,$-10,$-3,$-6,$-6,$-6,$0,$0,$17,18,$-0.36,$-0.35,$147,$0,$0,$2417,$45,$371,$134,$63,$614,$3031,$2349,$284,$32,$317,$2665,$21,$175,$-0,$366,$3031,$17,$13,$13,$26,$-6,$0,$1,$1,$-5,$38,$-6,$0,$16,$0,$63,$63,$-203,$-131,$5,$-38,$-34,$-20,$-20,$-14,$84,$17,$-76,$1,$-14
12,2015-09-30,28.95,$21.45,1.35,$9.31,3.11,$4.87,5.95,$1.80,16.08,$2.35B,$2.27B,1.04,$0.28B,$0.37B,0.77,$0.16B,$0.15B,94.90%,$0.16B,$0.05B,31.21%,$0.16B,0,0.00%,$0.16B,0,0.00%,$0.16B,$0.05B,29.94%,$0.16B,$0.03B,18.47%,$0.03B,$0.37B,8.45%,$0.03B,$0.23B,12.82%,$0.03B,$2.95B,1.05%,$0.05B,$0.65B,8.12%,$40,$2,$38,$0,$26,$29,$12,$-0,$12,$4,$7,$7,$7,$0,$0,$18,18,$0.43,$0.42,$122,$0,$0,$2351,$44,$363,$135,$49,$602,$2953,$2266,$284,$35,$319,$2585,$21,$184,$-11,$368,$2953,$23,$9,$0,$10,$-5,$0,$0,$2,$-2,$31,$-4,$0,$16,$0,$75,$75,$-160,$-74,$5,$-108,$-103,$-16,$-16,$-10,$71,$-59,$-101,$1,$-10
13,2015-06-30,27.91,$21.43,1.3,$9.38,2.98,$5.04,5.54,$1.85,15.09,$2.34B,$2.29B,1.02,$0.25B,$0.38B,0.64,$0.15B,$0.14B,95.30%,$0.15B,$0.05B,31.54%,$0.15B,0,0.00%,$0.15B,0,0.00%,$0.15B,$0.05B,30.20%,$0.15B,$0.03B,19.46%,$0.03B,$0.38B,9.27%,$0.03B,$0.25B,13.41%,$0.03B,$2.95B,1.13%,$0.05B,$0.63B,8.40%,$41,$2,$39,$0,$26,$29,$12,$0,$12,$4,$8,$8,$8,$0,$0,$18,18,$0.46,$0.45,$181,$0,$0,$2342,$43,$370,$136,$48,$608,$2950,$2288,$245,$36,$281,$2569,$21,$180,$-12,$381,$2950,$16,$6,$-1,$5,$-10,$0,$-0,$0,$-11,$10,$-2,$0,$16,$0,$67,$67,$-80,$2,$-35,$-106,$-141,$2,$2,$-7,$92,$-54,$-43,$1,$-7
14,2015-03-31,27.96,$21.26,1.32,$9.53,2.93,$5.63,4.96,$1.95,14.34,$2.35B,$2.28B,1.03,$0.25B,$0.38B,0.66,$0.14B,$0.14B,95.07%,$0.14B,$0.05B,33.10%,$0.14B,0,0.00%,$0.14B,0,0.00%,$0.14B,$0.05B,31.69%,$0.14B,$0.03B,20.42%,$0.03B,$0.38B,10.41%,$0.03B,$0.25B,14.36%,$0.03B,$2.94B,1.23%,$0.05B,$0.63B,9.00%,$42,$2,$40,$0,$27,$30,$12,$0,$12,$4,$7,$7,$7,$0,$0,$18,18,$0.43,$0.42,$266,$0,$0,$2354,$43,$356,$133,$46,$589,$2943,$2281,$250,$34,$284,$2565,$21,$176,$-10,$378,$2943,$7,$3,$-1,$2,$-2,$0,$-0,$3,$-0,$10,$-1,$0,$17,$0,$84,$84,$-14,$85,$-30,$-94,$-124,$3,$3,$-3,$72,$-52,$42,$0,$-3
15,2014-12-31,28.59,$17.83,1.6,$9.48,3.02,$5.34,5.36,$2.02,14.15,$1.87B,$1.71B,1.09,$0.26B,$0.25B,1.06,$0.13B,$0.13B,95.42%,$0.13B,$0.05B,34.35%,$0.13B,0,0.00%,$0.13B,0,0.00%,$0.13B,$0.04B,32.82%,$0.13B,$0.03B,22.14%,$0.03B,$0.25B,11.95%,$0.03B,$0.18B,15.63%,$0.03B,$2.25B,1.35%,$0.05B,$0.51B,9.42%,$34,$2,$32,$0,$19,$21,$13,$-2,$11,$4,$7,$7,$7,$0,$0,$14,14,$0.51,$0.50,$223,$0,$0,$1870,$34,$246,$63,$26,$376,$2247,$1713,$260,$28,$288,$2001,$17,$172,$-12,$245,$2247,$28,$9,$-0,$9,$-3,$0,$0,$3,$1,$38,$-4,$0,$-4,$0,$58,$58,$-107,$-56,$55,$13,$68,$2,$2,$-10,$98,$157,$138,$1,$-10
16,2014-09-30,25.72,$18.03,1.43,$9.45,2.72,$5.61,4.58,$1.98,12.99,$1.71B,$1.63B,1.05,$0.23B,$0.25B,0.93,$0.13B,$0.12B,95.38%,$0.13B,$0.04B,31.54%,$0.13B,0,0.00%,$0.13B,0,0.00%,$0.13B,$0.04B,32.31%,$0.13B,$0.03B,21.54%,$0.03B,$0.25B,11.72%,$0.03B,$0.19B,15.28%,$0.03B,$2.12B,1.34%,$0.04B,$0.48B,8.91%,$32,$2,$31,$0,$20,$22,$10,$0,$10,$4,$7,$7,$7,$0,$0,$14,14,$0.48,$0.47,$71,$0,$0,$1708,$33,$283,$55,$39,$416,$2124,$1625,$231,$21,$251,$1876,$17,$167,$-4,$248,$2124,$21,$6,$1,$7,$-0,$0,$0,$-2,$-3,$25,$-2,$0,$0,$0,$20,$20,$-98,$-80,$25,$3,$28,$1,$1,$-8,$20,$42,$-14,$1,$-8
17,2014-06-30,26.26,$17.74,1.48,$9.41,2.79,$6.00,4.38,$1.98,13.27,$1.71B,$1.63B,1.05,$0.23B,$0.24B,0.96,$0.13B,$0.12B,95.35%,$0.13B,$0.04B,31.78%,$0.13B,0,0.00%,$0.13B,0,0.00%,$0.13B,$0.04B,32.56%,$0.13B,$0.03B,20.93%,$0.03B,$0.24B,11.66%,$0.03B,$0.19B,15.43%,$0.03B,$2.13B,1.30%,$0.04B,$0.48B,9.26%,$34,$1,$32,$0,$20,$22,$12,$0,$12,$4,$8,$8,$8,$0,$0,$14,14,$0.56,$0.55,$107,$0,$0,$1714,$33,$284,$56,$39,$417,$2131,$1634,$233,$21,$254,$1888,$17,$163,$-4,$243,$2131,$14,$4,$0,$5,$-0,$0,$-0,$-3,$-3,$16,$-1,$0,$0,$0,$21,$21,$-68,$-49,$28,$2,$30,$1,$1,$-5,$29,$55,$22,$1,$-5
18,2014-03-31,25.75,$17.24,1.49,$9.36,2.75,$6.32,4.07,$1.89,13.62,$1.64B,$1.59B,1.03,$0.22B,$0.24B,0.91,$0.13B,$0.12B,96.06%,$0.13B,$0.04B,30.71%,$0.13B,0,0.00%,$0.13B,0,0.00%,$0.13B,$0.04B,30.71%,$0.13B,$0.03B,19.69%,$0.03B,$0.24B,11.17%,$0.03B,$0.18B,15.02%,$0.03B,$2.06B,1.22%,$0.04B,$0.45B,9.40%,$31,$1,$30,$0,$19,$21,$10,$-0,$10,$4,$7,$7,$7,$0,$0,$13,14,$0.50,$0.49,$77,$0,$0,$1635,$32,$289,$56,$40,$425,$2060,$1591,$215,$18,$233,$1824,$17,$158,$-5,$235,$2060,$7,$2,$1,$3,$-0,$0,$0,$-5,$-6,$4,$-1,$0,$0,$0,$14,$14,$-19,$-6,$9,$-0,$9,$0,$0,$-2,$-12,$-5,$-7,$0,$-2
19,2013-12-31,26.88,$16.84,1.6,$9.37,2.87,$6.13,4.38,$1.80,14.93,$1.62B,$1.60B,1.01,$0.21B,$0.23B,0.9,$0.13B,$0.12B,95.28%,$0.13B,$0.04B,29.92%,$0.13B,0,0.00%,$0.13B,0,0.00%,$0.13B,$0.04B,29.13%,$0.13B,$0.02B,18.11%,$0.02B,$0.23B,10.57%,$0.02B,$0.17B,14.42%,$0.02B,$2.06B,1.13%,$0.04B,$0.44B,9.69%,$33,$1,$31,$0,$22,$24,$9,$-0,$10,$3,$6,$6,$6,$0,$0,$13,14,$0.49,$0.47,$85,$0,$0,$1623,$32,$302,$57,$39,$438,$2062,$1603,$206,$23,$229,$1832,$17,$154,$-6,$230,$2062,$24,$10,$2,$12,$1,$0,$-0,$1,$4,$40,$-3,$0,$0,$0,$19,$19,$-148,$-132,$44,$1,$46,$5,$5,$-9,$-44,$-3,$-95,$1,$-9
20,2013-09-30,23.86,$16.07,1.49,$9.36,2.55,$5.61,4.25,$1.73,13.79,$1.59B,$1.63B,0.98,$0.19B,$0.22B,0.88,$0.13B,$0.12B,95.24%,$0.13B,$0.04B,30.16%,$0.13B,0,0.00%,$0.13B,0,0.00%,$0.13B,$0.04B,27.78%,$0.13B,$0.02B,17.46%,$0.02B,$0.22B,10.43%,$0.02B,$0.16B,14.45%,$0.02B,$2.06B,1.08%,$0.04B,$0.41B,10.15%,$31,$1,$30,$0,$19,$21,$10,$-0,$10,$3,$6,$6,$6,$0,$0,$13,14,$0.48,$0.47,$99,$0,$0,$1590,$31,$337,$58,$31,$468,$2059,$1627,$192,$22,$214,$1841,$17,$150,$-11,$218,$2059,$18,$8,$2,$10,$1,$0,$-0,$1,$3,$31,$-2,$0,$0,$0,$-14,$-14,$-102,$-118,$30,$66,$97,$3,$3,$-7,$-84,$8,$-80,$1,$-7
21,2013-06-30,21.04,$15.71,1.34,$9.35,2.25,$5.26,4.0,$1.67,12.6,$1.54B,$1.62B,0.95,$0.15B,$0.21B,0.72,$0.13B,$0.12B,94.40%,$0.13B,$0.04B,29.60%,$0.13B,0,0.00%,$0.13B,0,0.00%,$0.13B,$0.03B,26.40%,$0.13B,$0.02B,16.80%,$0.02B,$0.21B,10.16%,$0.02B,$0.15B,14.14%,$0.02B,$2.01B,1.06%,$0.04B,$0.37B,10.13%,$32,$1,$31,$0,$20,$22,$10,$-1,$9,$3,$6,$6,$6,$0,$0,$13,14,$0.47,$0.46,$112,$0,$0,$1537,$31,$340,$58,$31,$472,$2010,$1622,$153,$22,$175,$1797,$16,$146,$-11,$212,$2010,$12,$5,$2,$7,$0,$0,$-0,$0,$1,$19,$-1,$0,$0,$0,$-16,$-16,$-33,$-51,$-9,$62,$54,$2,$2,$-4,$-86,$-34,$-66,$0,$-4
22,2013-03-31,20.32,$15.57,1.31,$9.20,2.21,$4.84,4.19,$1.61,12.62,$1.55B,$1.65B,0.94,$0.15B,$0.21B,0.71,$0.12B,$0.11B,92.68%,$0.12B,$0.04B,29.27%,$0.12B,0,0.00%,$0.12B,0,0.00%,$0.12B,$0.03B,26.02%,$0.12B,$0.02B,16.26%,$0.02B,$0.21B,9.84%,$0.02B,$0.15B,13.77%,$0.02B,$2.03B,1.03%,$0.04B,$0.36B,9.69%,$31,$1,$29,$0,$19,$22,$9,$-1,$8,$3,$5,$5,$5,$0,$0,$13,13,$0.40,$0.40,$151,$0,$0,$1551,$31,$343,$59,$36,$479,$2030,$1650,$149,$21,$170,$1820,$16,$142,$-9,$210,$2030,$5,$3,$1,$4,$-0,$0,$-0,$-7,$-9,$0,$-0,$0,$0,$0,$-12,$-12,$-7,$-19,$-13,$29,$16,$2,$2,$-2,$-24,$-8,$-27,$0,$-2
23,2012-12-31,19.3,$15.18,1.27,$9.05,2.13,$5.12,3.77,$1.61,11.99,$1.57B,$1.65B,0.96,$0.16B,$0.20B,0.79,$0.12B,$0.11B,92.50%,$0.12B,$0.04B,29.17%,$0.12B,0,0.00%,$0.12B,0,0.00%,$0.12B,$0.03B,26.67%,$0.12B,$0.02B,16.67%,$0.02B,$0.20B,10.08%,$0.02B,$0.14B,13.91%,$0.02B,$2.04B,1.06%,$0.04B,$0.37B,9.30%,$32,$2,$30,$0,$20,$23,$9,$-1,$8,$3,$5,$5,$5,$0,$0,$13,13,$0.41,$0.40,$177,$0,$0,$1571,$31,$332,$59,$31,$465,$2036,$1645,$161,$26,$187,$1832,$16,$139,$-10,$204,$2036,$21,$10,$1,$11,$-3,$0,$-1,$0,$0,$33,$-4,$0,$-16,$0,$-43,$-43,$-28,$-91,$-9,$-3,$-12,$4,$4,$-9,$181,$165,$107,$1,$-9
24,2012-09-30,19.31,$15.02,1.29,$8.86,2.18,$5.02,3.85,$1.61,11.99,$1.35B,$1.42B,0.95,$0.17B,$0.20B,0.85,$0.12B,$0.11B,91.38%,$0.12B,$0.03B,28.45%,$0.12B,0,0.00%,$0.12B,0,0.00%,$0.12B,$0.03B,26.72%,$0.12B,$0.02B,17.24%,$0.02B,$0.20B,10.34%,$0.02B,$0.15B,14.06%,$0.02B,$1.82B,1.10%,$0.03B,$0.37B,8.82%,$30,$2,$28,$0,$19,$22,$9,$-0,$8,$3,$5,$5,$5,$0,$0,$13,13,$0.41,$0.41,$38,$0,$0,$1348,$29,$332,$56,$38,$467,$1815,$1419,$170,$24,$195,$1613,$16,$136,$-9,$201,$1815,$16,$7,$1,$9,$-3,$0,$-1,$-1,$-0,$24,$-1,$0,$-8,$0,$-47,$-47,$-20,$-76,$0,$6,$7,$3,$3,$-6,$17,$20,$-32,$1,$-6
25,2012-06-30,17.99,$14.75,1.22,$8.75,2.06,$5.06,3.55,$1.59,11.32,$1.37B,$1.44B,0.95,$0.19B,$0.20B,0.97,$0.11B,$0.10B,90.35%,$0.11B,$0.03B,28.07%,$0.11B,0,0.00%,$0.11B,0,0.00%,$0.11B,$0.03B,26.32%,$0.11B,$0.02B,17.54%,$0.02B,$0.20B,10.53%,$0.02B,$0.14B,14.16%,$0.02B,$1.86B,1.11%,$0.03B,$0.39B,8.61%,$30,$2,$27,$0,$17,$20,$9,$-1,$8,$3,$5,$5,$5,$0,$0,$13,13,$0.41,$0.40,$81,$0,$0,$1373,$29,$347,$57,$39,$482,$1855,$1442,$192,$23,$215,$1657,$16,$133,$-10,$198,$1855,$10,$4,$-1,$4,$-1,$0,$-0,$-3,$-1,$13,$-1,$0,$-8,$0,$-57,$-57,$-3,$-68,$22,$2,$24,$3,$3,$-4,$44,$67,$12,$1,$-4
26,2012-03-31,19.01,$14.43,1.32,$8.64,2.2,$5.19,3.66,$1.57,12.11,$1.37B,$1.44B,0.95,$0.19B,$0.19B,0.98,$0.11B,$0.10B,90.09%,$0.11B,$0.03B,27.93%,$0.11B,0,0.00%,$0.11B,0,0.00%,$0.11B,$0.03B,26.13%,$0.11B,$0.02B,18.02%,$0.02B,$0.19B,10.74%,$0.02B,$0.15B,14.29%,$0.02B,$1.84B,1.13%,$0.03B,$0.38B,8.46%,$28,$2,$26,$0,$17,$20,$8,$-0,$8,$3,$5,$5,$5,$0,$0,$13,13,$0.39,$0.39,$68,$0,$0,$1371,$29,$343,$46,$36,$467,$1838,$1441,$187,$19,$206,$1647,$16,$130,$-10,$191,$1838,$5,$2,$1,$3,$-4,$0,$0,$-3,$-5,$3,$0,$0,$-2,$0,$-54,$-54,$-9,$-65,$17,$0,$17,$1,$1,$-2,$44,$60,$-1,$0,$-2
27,2011-12-31,16.39,$14.07,1.16,$8.56,1.91,$5.64,2.9,$1.55,10.57,$1.36B,$1.40B,0.97,$0.17B,$0.18B,0.92,$0.11B,$0.10B,89.81%,$0.11B,$0.03B,27.78%,$0.11B,0,0.00%,$0.11B,0,0.00%,$0.11B,$0.03B,25.93%,$0.11B,$0.02B,18.52%,$0.02B,$0.18B,11.03%,$0.02B,$0.14B,14.39%,$0.02B,$1.77B,1.15%,$0.03B,$0.36B,8.34%,$28,$3,$25,$0,$17,$21,$7,$-0,$7,$3,$5,$5,$5,$0,$0,$13,13,$0.38,$0.37,$71,$0,$0,$1361,$29,$290,$47,$33,$413,$1773,$1397,$170,$22,$192,$1589,$16,$126,$-11,$184,$1773,$20,$9,$-4,$5,$3,$0,$-2,$4,$2,$27,$0,$0,$-13,$0,$47,$47,$-103,$-69,$-24,$3,$-21,$9,$9,$-8,$42,$22,$-20,$1,$-8
28,2011-09-30,13.82,$14.30,0.97,$8.96,1.54,$5.53,2.5,$1.61,8.58,$1.34B,$1.38B,0.97,$0.18B,$0.19B,0.94,$0.11B,$0.10B,88.89%,$0.11B,$0.03B,28.70%,$0.11B,0,0.00%,$0.11B,0,0.00%,$0.11B,$0.03B,26.85%,$0.11B,$0.02B,18.52%,$0.02B,$0.19B,11.40%,$0.02B,$0.14B,14.55%,$0.02B,$1.76B,1.15%,$0.03B,$0.36B,8.61%,$28,$3,$25,$0,$16,$20,$8,$-1,$7,$2,$5,$5,$5,$0,$0,$13,13,$0.41,$0.41,$63,$0,$0,$1341,$30,$293,$46,$34,$416,$1757,$1376,$175,$19,$194,$1570,$16,$123,$-5,$187,$1757,$15,$6,$2,$9,$-0,$0,$-1,$-1,$-0,$23,$-0,$0,$-13,$0,$44,$44,$-85,$-55,$-19,$12,$-7,$8,$8,$-6,$10,$6,$-26,$1,$-6
29,2011-06-30,16.75,$14.17,1.18,$8.89,1.88,$4.82,3.48,$1.14,14.69,$1.31B,$1.35B,0.97,$0.19B,$0.18B,1.02,$0.11B,$0.09B,87.74%,$0.11B,$0.03B,24.53%,$0.11B,0,0.00%,$0.11B,0,0.00%,$0.11B,$0.02B,18.87%,$0.11B,$0.01B,13.21%,$0.01B,$0.18B,8.32%,$0.01B,$0.14B,10.39%,$0.01B,$1.74B,0.81%,$0.03B,$0.37B,6.96%,$27,$3,$24,$0,$16,$19,$8,$-0,$7,$2,$5,$5,$5,$0,$0,$13,13,$0.38,$0.38,$56,$0,$0,$1310,$29,$308,$47,$33,$431,$1741,$1350,$187,$20,$207,$1557,$16,$120,$-5,$183,$1741,$10,$4,$2,$6,$-1,$0,$0,$-1,$-2,$13,$0,$0,$-13,$0,$32,$32,$-59,$-40,$-7,$-1,$-8,$8,$8,$-4,$-4,$-7,$-34,$0,$-4
30,2011-03-31,16.89,$13.61,1.24,$8.78,1.92,$4.59,3.68,$1.01,16.72,$1.30B,$1.34B,0.97,$0.18B,$0.17B,1.07,$0.10B,$0.09B,86.87%,$0.10B,$0.02B,23.23%,$0.10B,0,0.00%,$0.10B,0,0.00%,$0.10B,$0.02B,17.17%,$0.10B,$0.01B,11.11%,$0.01B,$0.17B,7.05%,$0.01B,$0.14B,8.43%,$0.01B,$1.71B,0.68%,$0.02B,$0.35B,6.47%,$25,$3,$23,$0,$15,$18,$7,$-0,$7,$2,$5,$5,$5,$0,$0,$12,12,$0.38,$0.38,$81,$0,$0,$1297,$29,$308,$29,$36,$417,$1714,$1342,$182,$19,$201,$1543,$15,$117,$-7,$171,$1714,$5,$2,$1,$2,$3,$0,$-0,$-1,$2,$9,$-0,$0,$-2,$0,$27,$27,$-23,$2,$-13,$13,$1,$6,$6,$-2,$-25,$-20,$-9,$0,$-2
31,2010-12-31,14.23,$13.24,1.07,$9.09,1.56,$4.53,3.14,$0.88,16.17,$1.29B,$1.36B,0.95,$0.20B,$0.16B,1.21,$0.10B,$0.08B,85.26%,$0.10B,$0.02B,21.05%,$0.10B,0,0.00%,$0.10B,0,0.00%,$0.10B,$0.01B,13.68%,$0.10B,$0.01B,8.42%,$0.01B,$0.16B,5.72%,$0.01B,$0.13B,6.78%,$0.01B,$1.73B,0.54%,$0.02B,$0.36B,5.95%,$28,$3,$24,$0,$16,$20,$8,$0,$8,$3,$5,$5,$5,$0,$0,$11,11,$0.43,$0.43,$89,$0,$0,$1287,$29,$336,$30,$35,$445,$1732,$1355,$195,$21,$216,$1570,$15,$115,$-7,$161,$1732,$9,$5,$6,$11,$-3,$0,$-1,$5,$2,$22,$-1,$0,$45,$0,$-17,$-17,$-50,$-22,$-91,$-3,$-94,$27,$27,$-6,$83,$10,$10,$1,$-6
32,2010-09-30,13.92,$12.99,1.07,$8.85,1.57,$4.10,3.39,$0.72,19.33,$1.23B,$1.28B,0.97,$0.26B,$0.16B,1.63,$0.09B,$0.07B,84.09%,$0.09B,$0.02B,18.18%,$0.09B,0,0.00%,$0.09B,0,0.00%,$0.09B,$0.01B,10.23%,$0.09B,$0.01B,6.82%,$0.01B,$0.16B,4.78%,$0.01B,$0.13B,5.61%,$0.01B,$1.71B,0.44%,$0.02B,$0.42B,5.08%,$26,$4,$22,$0,$18,$22,$3,$-5,$-2,$-1,$-1,$-1,$-1,$0,$0,$12,12,$-0.08,$-0.08,$53,$0,$0,$1231,$29,$376,$28,$35,$483,$1714,$1275,$258,$23,$281,$1556,$15,$111,$-6,$158,$1714,$4,$4,$4,$8,$-2,$0,$-1,$3,$1,$13,$-0,$0,$45,$0,$-52,$-52,$-27,$-34,$-28,$-1,$-29,$27,$27,$-4,$1,$-5,$-26,$0,$-4
33,2010-06-30,13.46,$12.72,1.06,$9.12,1.48,$4.49,3.0,$1.10,12.24,$0.96B,$0.96B,1.0,$0.16B,$0.13B,1.22,$0.08B,$0.07B,83.13%,$0.08B,$0.02B,20.48%,$0.08B,0,0.00%,$0.08B,0,0.00%,$0.08B,$0.02B,18.07%,$0.08B,$0.01B,12.05%,$0.01B,$0.13B,8.97%,$0.01B,$0.12B,10.36%,$0.01B,$1.28B,0.81%,$0.02B,$0.30B,6.08%,$20,$3,$17,$0,$12,$15,$5,$-1,$4,$1,$2,$2,$2,$0,$0,$10,10,$0.25,$0.25,$59,$0,$0,$957,$22,$266,$15,$16,$324,$1281,$955,$164,$27,$191,$1146,$13,$113,$-6,$134,$1281,$5,$2,$3,$4,$-2,$0,$-0,$0,$-0,$9,$-0,$0,$-1,$0,$-42,$-42,$-20,$-64,$-5,$0,$-5,$27,$27,$-3,$16,$35,$-21,$0,$-3
34,2010-03-31,14.44,$11.86,1.22,$9.61,1.5,$4.02,3.6,$1.13,12.78,$0.98B,$0.92B,1.07,$0.17B,$0.11B,1.57,$0.09B,$0.07B,82.35%,$0.09B,$0.02B,18.82%,$0.09B,0,0.00%,$0.09B,0,0.00%,$0.09B,$0.02B,17.65%,$0.09B,$0.01B,11.76%,$0.01B,$0.11B,9.73%,$0.01B,$0.09B,11.36%,$0.01B,$1.22B,0.82%,$0.02B,$0.27B,5.85%,$21,$3,$18,$0,$14,$17,$4,$-0,$3,$1,$2,$2,$2,$0,$0,$9,9,$0.25,$0.25,$90,$0,$0,$980,$22,$185,$16,$14,$241,$1221,$916,$167,$32,$199,$1115,$12,$112,$-7,$106,$1221,$2,$1,$2,$3,$1,$0,$-1,$0,$1,$6,$0,$0,$-1,$0,$43,$43,$-11,$31,$-3,$0,$-3,$1,$1,$-1,$-23,$-26,$11,$0,$-1
35,2009-12-31,11.9,$11.72,1.02,$9.77,1.22,$4.36,2.73,$1.19,10.0,$0.96B,$0.94B,1.02,$0.17B,$0.10B,1.63,$0.09B,$0.07B,80.23%,$0.09B,$0.02B,18.60%,$0.09B,0,0.00%,$0.09B,0,0.00%,$0.09B,$0.02B,18.60%,$0.09B,$0.01B,12.79%,$0.01B,$0.10B,11.00%,$0.01B,$0.09B,12.83%,$0.01B,$1.24B,0.92%,$0.02B,$0.27B,5.91%,$21,$3,$17,$0,$13,$16,$4,$-0,$4,$1,$3,$3,$3,$0,$0,$9,9,$0.29,$0.29,$79,$0,$0,$962,$21,$219,$16,$15,$277,$1239,$940,$169,$26,$195,$1135,$12,$111,$-7,$104,$1239,$10,$4,$-1,$3,$3,$0,$-2,$-1,$1,$15,$-1,$0,$-0,$0,$-91,$-91,$20,$-71,$-1,$0,$-1,$4,$4,$-5,$68,$67,$10,$0,$-5
36,2009-09-30,13.65,$11.62,1.17,$9.74,1.4,$3.60,3.8,$1.01,13.51,$0.97B,$0.90B,1.07,$0.17B,$0.10B,1.69,$0.09B,$0.07B,78.82%,$0.09B,$0.01B,16.47%,$0.09B,0,0.00%,$0.09B,0,0.00%,$0.09B,$0.01B,15.29%,$0.09B,$0.01B,10.59%,$0.01B,$0.10B,9.28%,$0.01B,$0.09B,10.75%,$0.01B,$1.20B,0.76%,$0.01B,$0.27B,5.22%,$21,$4,$17,$0,$13,$17,$4,$-0,$4,$1,$3,$3,$3,$0,$0,$9,9,$0.30,$0.30,$81,$0,$0,$966,$21,$180,$14,$9,$230,$1196,$902,$172,$19,$191,$1093,$12,$110,$-6,$102,$1196,$8,$2,$4,$6,$-1,$-5,$-1,$6,$-0,$14,$-1,$0,$0,$0,$-58,$-58,$21,$-38,$2,$0,$2,$3,$3,$-4,$30,$31,$7,$0,$-4
37,2009-06-30,14.63,$11.33,1.29,$9.72,1.51,$2.88,5.07,$0.97,15.08,$0.98B,$0.90B,1.1,$0.18B,$0.10B,1.75,$0.08B,$0.07B,77.38%,$0.08B,$0.01B,16.67%,$0.08B,0,0.00%,$0.08B,0,0.00%,$0.08B,$0.01B,15.48%,$0.08B,$0.01B,9.52%,$0.01B,$0.10B,8.42%,$0.01B,$0.09B,9.64%,$0.01B,$1.20B,0.69%,$0.01B,$0.27B,5.31%,$22,$4,$18,$0,$14,$18,$4,$0,$4,$1,$2,$2,$2,$0,$0,$9,9,$0.28,$0.28,$106,$0,$0,$984,$21,$165,$14,$10,$215,$1200,$898,$175,$28,$202,$1100,$12,$108,$-7,$99,$1200,$5,$1,$3,$4,$-4,$-5,$-1,$3,$-5,$4,$-1,$0,$0,$0,$-33,$-33,$32,$-2,$5,$0,$5,$3,$3,$-2,$25,$30,$32,$0,$-2
38,2009-03-31,12.97,$10.99,1.18,$9.47,1.37,$2.85,4.55,$1.06,12.23,$1.00B,$0.89B,1.13,$0.17B,$0.10B,1.77,$0.08B,$0.06B,76.54%,$0.08B,$0.02B,18.52%,$0.08B,0,0.00%,$0.08B,0,0.00%,$0.08B,$0.01B,17.28%,$0.08B,$0.01B,11.11%,$0.01B,$0.10B,9.60%,$0.01B,$0.08B,10.65%,$0.01B,$1.17B,0.80%,$0.02B,$0.26B,5.68%,$22,$5,$17,$0,$13,$18,$4,$-0,$4,$1,$3,$3,$3,$0,$0,$9,9,$0.31,$0.31,$112,$0,$0,$1003,$21,$117,$13,$10,$167,$1170,$891,$167,$17,$184,$1075,$12,$107,$-8,$95,$1170,$3,$1,$2,$2,$-0,$0,$-0,$3,$4,$9,$-0,$0,$0,$0,$2,$2,$19,$20,$-2,$0,$-2,$0,$0,$-1,$17,$14,$43,$0,$-1
39,2008-12-31,15.35,$10.76,1.43,$9.24,1.66,$2.76,5.57,$1.09,14.09,$0.97B,$0.87B,1.11,$0.17B,$0.09B,1.84,$0.08B,$0.06B,74.68%,$0.08B,$0.02B,18.99%,$0.08B,0,0.00%,$0.08B,0,0.00%,$0.08B,$0.01B,17.72%,$0.08B,$0.01B,11.39%,$0.01B,$0.09B,9.65%,$0.01B,$0.08B,10.40%,$0.01B,$1.15B,0.83%,$0.02B,$0.26B,6.01%,$20,$5,$15,$0,$13,$18,$2,$-1,$1,$0,$1,$1,$1,$0,$0,$9,9,$0.12,$0.11,$69,$0,$0,$965,$21,$119,$13,$28,$186,$1151,$874,$170,$15,$185,$1059,$12,$106,$-8,$92,$1151,$9,$3,$5,$8,$2,$0,$-2,$-4,$-5,$13,$-6,$0,$-10,$0,$-59,$-59,$-105,$-180,$125,$0,$125,$1,$1,$-5,$20,$141,$-26,$0,$-5
40,2008-09-30,16.66,$10.97,1.52,$9.18,1.81,$3.41,4.89,$1.33,12.53,$0.95B,$0.86B,1.1,$0.16B,$0.09B,1.73,$0.08B,$0.06B,73.42%,$0.08B,$0.02B,22.78%,$0.08B,0,0.00%,$0.08B,0,0.00%,$0.08B,$0.02B,22.78%,$0.08B,$0.01B,13.92%,$0.01B,$0.09B,11.86%,$0.01B,$0.09B,12.43%,$0.01B,$1.13B,1.05%,$0.02B,$0.26B,8.26%,$20,$5,$15,$0,$11,$16,$4,$-0,$4,$2,$2,$2,$2,$0,$0,$9,9,$0.26,$0.26,$70,$0,$0,$945,$20,$117,$9,$37,$187,$1132,$861,$162,$15,$177,$1038,$12,$106,$-6,$94,$1132,$8,$1,$2,$4,$3,$-1,$-0,$-3,$-1,$11,$-4,$0,$-4,$0,$-72,$-72,$-77,$-158,$117,$0,$117,$1,$1,$-3,$7,$122,$-26,$0,$-3
41,2008-06-30,13.18,$10.97,1.2,$9.09,1.45,$3.72,3.54,$1.47,8.97,$0.88B,$0.76B,1.16,$0.18B,$0.09B,1.94,$0.08B,$0.06B,73.08%,$0.08B,$0.02B,24.36%,$0.08B,0,0.00%,$0.08B,0,0.00%,$0.08B,$0.02B,24.36%,$0.08B,$0.01B,15.38%,$0.01B,$0.09B,13.11%,$0.01B,$0.09B,13.52%,$0.01B,$1.05B,1.22%,$0.02B,$0.28B,9.84%,$19,$5,$15,$0,$10,$15,$5,$0,$5,$2,$3,$3,$3,$0,$0,$9,9,$0.37,$0.37,$27,$0,$0,$878,$18,$112,$3,$35,$172,$1049,$757,$182,$16,$198,$955,$11,$105,$-5,$94,$1049,$6,$1,$1,$2,$3,$0,$-3,$-4,$-3,$5,$-2,$0,$0,$0,$-60,$-60,$-52,$-114,$137,$0,$137,$1,$1,$-2,$-96,$40,$-69,$0,$-2
42,2008-03-31,16.3,$10.89,1.5,$8.95,1.82,$3.69,4.42,$1.46,11.16,$0.85B,$0.76B,1.12,$0.11B,$0.09B,1.19,$0.08B,$0.06B,72.73%,$0.08B,$0.02B,24.68%,$0.08B,0,0.00%,$0.08B,0,0.00%,$0.08B,$0.02B,24.68%,$0.08B,$0.01B,15.58%,$0.01B,$0.09B,13.41%,$0.01B,$0.09B,13.83%,$0.01B,$1.00B,1.27%,$0.02B,$0.20B,12.32%,$20,$5,$14,$0,$10,$15,$4,$-0,$4,$1,$3,$3,$3,$0,$0,$9,9,$0.34,$0.34,$34,$0,$0,$851,$17,$97,$3,$33,$153,$1004,$763,$111,$37,$148,$911,$11,$103,$-4,$93,$1004,$3,$0,$1,$1,$1,$0,$0,$2,$5,$9,$-1,$0,$0,$0,$-24,$-24,$-17,$-42,$66,$0,$66,$0,$0,$-1,$-92,$-28,$-61,$0,$-1
43,2007-12-31,17.05,$10.60,1.61,$8.79,1.94,$2.78,6.14,$1.58,10.79,$0.90B,$0.86B,1.05,$0.05B,$0.09B,0.5,$0.08B,$0.06B,75.00%,$0.08B,$0.02B,27.63%,$0.08B,0,0.00%,$0.08B,0,0.00%,$0.08B,$0.02B,27.63%,$0.08B,$0.01B,17.11%,$0.01B,$0.09B,14.81%,$0.01B,$0.09B,15.29%,$0.01B,$1.00B,1.46%,$0.02B,$0.14B,15.44%,$20,$6,$14,$0,$9,$15,$5,$0,$5,$2,$3,$3,$3,$0,$0,$9,9,$0.36,$0.36,$95,$0,$0,$900,$17,$54,$3,$26,$103,$1002,$856,$45,$11,$56,$912,$11,$101,$-4,$90,$1002,$14,$2,$-0,$1,$-1,$0,$2,$-3,$-2,$13,$-0,$0,$0,$0,$0,$0,$-139,$-139,$30,$0,$30,$-2,$-2,$-4,$135,$159,$33,$0,$-4
44,2007-09-30,16.26,$10.43,1.56,$8.47,1.92,$2.56,6.35,$1.59,10.23,$0.80B,$0.73B,1.1,$0.07B,$0.09B,0.77,$0.07B,$0.06B,76.71%,$0.07B,$0.02B,28.77%,$0.07B,0,0.00%,$0.07B,0,0.00%,$0.07B,$0.02B,28.77%,$0.07B,$0.01B,17.81%,$0.01B,$0.09B,15.16%,$0.01B,$0.09B,15.71%,$0.01B,$0.90B,1.53%,$0.02B,$0.16B,16.60%,$19,$5,$14,$0,$9,$14,$5,$0,$5,$2,$3,$3,$3,$0,$0,$9,9,$0.41,$0.40,$22,$0,$0,$799,$17,$44,$3,$29,$95,$895,$726,$69,$11,$80,$806,$11,$99,$-4,$89,$895,$11,$1,$-1,$-0,$-2,$0,$0,$-1,$-2,$9,$0,$0,$0,$0,$5,$5,$-109,$-104,$54,$0,$54,$-2,$-2,$-3,$7,$56,$-40,$0,$-3
45,2007-06-30,16.89,$10.11,1.67,$8.14,2.08,$1.96,8.63,$1.56,10.82,$0.77B,$0.73B,1.05,$0.04B,$0.09B,0.41,$0.07B,$0.06B,77.46%,$0.07B,$0.02B,29.58%,$0.07B,0,0.00%,$0.07B,0,0.00%,$0.07B,$0.02B,29.58%,$0.07B,$0.01B,18.31%,$0.01B,$0.09B,15.38%,$0.01B,$0.08B,15.95%,$0.01B,$0.87B,1.58%,$0.02B,$0.12B,17.50%,$18,$5,$14,$0,$9,$14,$5,$0,$5,$1,$3,$3,$3,$0,$0,$9,9,$0.36,$0.36,$26,$0,$0,$767,$17,$45,$3,$30,$97,$865,$733,$35,$10,$46,$778,$11,$97,$-5,$86,$865,$7,$1,$-1,$-0,$-3,$0,$-0,$-2,$-5,$2,$1,$0,$0,$0,$3,$3,$-73,$-69,$20,$0,$20,$-1,$-1,$-2,$14,$31,$-36,$0,$-2
46,2007-03-31,16.93,$9.97,1.7,$7.82,2.16,$1.60,10.56,$1.56,10.85,$0.73B,$0.67B,1.09,$0.05B,$0.09B,0.53,$0.07B,$0.05B,78.26%,$0.07B,$0.02B,30.43%,$0.07B,0,0.00%,$0.07B,0,0.00%,$0.07B,$0.02B,30.43%,$0.07B,$0.01B,18.84%,$0.01B,$0.09B,15.57%,$0.01B,$0.08B,16.15%,$0.01B,$0.81B,1.64%,$0.02B,$0.13B,18.14%,$19,$4,$15,$0,$9,$13,$6,$0,$6,$2,$4,$4,$4,$0,$0,$9,9,$0.46,$0.46,$33,$0,$0,$728,$16,$46,$3,$15,$83,$811,$669,$45,$12,$57,$725,$11,$95,$-4,$86,$811,$4,$0,$-1,$-1,$-3,$0,$0,$-3,$-4,$-1,$1,$0,$0,$0,$3,$3,$-10,$-7,$30,$0,$30,$0,$0,$-1,$-50,$-21,$-29,$0,$-1
47,2006-12-31,17.2,$9.59,1.79,$7.40,2.33,$1.71,10.04,$1.46,11.78,$0.74B,$0.72B,1.03,$0.02B,$0.08B,0.18,$0.07B,$0.05B,80.00%,$0.07B,$0.02B,30.77%,$0.07B,0,0.00%,$0.07B,0,0.00%,$0.07B,$0.02B,30.77%,$0.07B,$0.01B,18.46%,$0.01B,$0.08B,14.63%,$0.01B,$0.08B,15.19%,$0.01B,$0.83B,1.56%,$0.02B,$0.10B,19.05%,$17,$4,$13,$0,$8,$12,$5,$0,$5,$2,$3,$3,$3,$0,$0,$9,9,$0.36,$0.37,$62,$0,$0,$743,$17,$48,$3,$13,$84,$827,$719,$15,$11,$26,$745,$11,$92,$-4,$82,$827,$13,$1,$0,$2,$-2,$0,$2,$-2,$-1,$14,$-3,$0,$0,$0,$-15,$-15,$-89,$-107,$15,$0,$15,$-1,$-1,$-4,$79,$89,$-5,$0,$-4
