,Date,Stock Price,Book Value per Share,Price to Book Ratio,TTM Sales per Share,Price to Sales Ratio,TTM FCF per Share,Price to FCF Ratio,TTM Net EPS,PE Ratio,Current Assets,Current Liabilities,Current Ratio,Long Term Debt,Shareholder's Equity_x,Debt to Equity Ratio,TTM Revenue_x,TTM Gross Profit,Gross Margin,TTM Revenue_y,TTM Operating Income,Operating Margin,TTM Revenue_x,TTM EBIT,EBIT Margin,TTM Revenue_y,TTM EBITDA,EBITDA Margin,TTM Revenue_x,TTM Pre-Tax Income,Pre-Tax Margin,TTM Revenue_y,TTM Net Income_x,Net Margin,TTM Net Income_y,Shareholder's Equity_y,Return on Equity,TTM Net Income_x,Tangible Equity,Return on Tangible Equity,TTM Net Income_y,Total Assets,Return on Assets,TTM Net Income,LT Investments & Debt,Return on Investment,revenue,cost-goods-sold,gross-profit,research-development-expenses,selling-general-administrative-expenses,operating-expenses,operating-income,total-non-operating-income-expense,pre-tax-income,total-provision-income-taxes,income-after-taxes,income-from-continuous-operations,net-income,ebitda,ebit,basic-shares-outstanding,shares-outstanding,eps-basic-net-earnings-per-share,eps-earnings-per-share-diluted,cash-on-hand,inventory,other-current-assets,total-current-assets,net-property-plant-equipment,long-term-investments,goodwill-intangible-assets-total,other-long-term-assets,total-long-term-assets,total-assets,total-current-liabilities,long-term-debt,other-non-current-liabilities,total-long-term-liabilities,total-liabilities,common-stock-net,retained-earnings-accumulated-deficit,comprehensive-income,total-share-holder-equity,total-liabilities-share-holders-equity,net-income-loss,total-depreciation-amortization-cash-flow,other-non-cash-items,total-non-cash-items,change-in-accounts-receivable,change-in-inventories,change-in-accounts-payable,change-in-assets-liabilities,total-change-in-assets-liabilities,cash-flow-from-operating-activities,net-change-in-property-plant-equipment,net-change-in-intangible-assets,net-acquisitions-divestitures,net-change-in-short-term-investments,net-change-in-long-term-investments,net-change-in-investments-total,investing-activities-other,cash-flow-from-investing-activities,net-long-term-debt,net-current-debt,debt-issuance-retirement-net-total,net-common-equity-issued-repurchased,net-total-equity-issued-repurchased,total-common-preferred-stock-dividends-paid,financial-activities-other,cash-flow-from-financial-activities,net-cash-flow,stock-based-compensation,common-stock-dividends-paid
0,2018-09-30,16.9,$13.83,1.22,$3.35,5.04,$3.14,5.38,$0.41,41.22,$4.75B,$4.25B,1.12,$0.52B,$1.04B,0.5,$0.24B,$0.21B,87.50%,$0.24B,$0.06B,26.67%,$0.24B,0,0.00%,$0.24B,0,0.00%,$0.24B,$0.06B,25.83%,$0.24B,$0.03B,12.92%,$0.03B,$1.04B,3.02%,$0.03B,$0.88B,3.61%,$0.03B,$5.87B,0.53%,$0.06B,$1.55B,4.13%,$63,$8,$55,$0,$34,$44,$19,$-2,$17,$4,$12,$12,$12,$0,$0,$71,72,$0.17,$0.17,$843,$0,$0,$4745,$69,$749,$161,$144,$1123,$5868,$4247,$515,$68,$583,$4830,$1,$413,$-28,$1037,$5868,$34,$10,$9,$20,$18,$0,$-0,$-7,$12,$66,$-3,$0,$0,$-31,$144,$113,$86,$197,$-25,$0,$-25,$-11,$-11,$-31,$90,$22,$285,$10,$-31
1,2018-06-30,16.14,$13.65,1.18,$3.27,4.94,$3.09,5.22,$0.37,43.62,$4.59B,$4.16B,1.1,$0.52B,$1.02B,0.5,$0.23B,$0.20B,87.18%,$0.23B,$0.06B,25.64%,$0.23B,0,0.00%,$0.23B,0,0.00%,$0.23B,$0.06B,25.64%,$0.23B,$0.03B,11.97%,$0.03B,$1.02B,2.72%,$0.03B,$0.85B,3.27%,$0.03B,$5.77B,0.48%,$0.06B,$1.54B,3.86%,$60,$7,$53,$0,$34,$44,$16,$0,$16,$4,$12,$12,$12,$0,$0,$71,71,$0.16,$0.16,$587,$0,$0,$4585,$68,$816,$171,$129,$1185,$5770,$4161,$515,$72,$587,$4748,$1,$405,$-29,$1023,$5770,$22,$7,$8,$14,$11,$0,$-0,$-2,$10,$46,$-1,$0,$0,$-21,$68,$47,$-2,$44,$-25,$0,$-25,$-12,$-12,$-27,$4,$-60,$29,$7,$-27
2,2018-03-31,15.44,$13.50,1.14,$3.21,4.81,$3.06,5.04,$0.34,45.4,$4.58B,$4.19B,1.09,$0.52B,$1.02B,0.51,$0.23B,$0.20B,86.96%,$0.23B,$0.06B,25.22%,$0.23B,0,0.00%,$0.23B,0,0.00%,$0.23B,$0.06B,25.22%,$0.23B,$0.03B,10.87%,$0.03B,$1.02B,2.43%,$0.03B,$0.84B,2.91%,$0.03B,$5.79B,0.43%,$0.06B,$1.53B,3.71%,$57,$7,$50,$0,$35,$44,$13,$0,$13,$3,$10,$10,$10,$0,$0,$71,72,$0.13,$0.13,$603,$0,$0,$4581,$69,$843,$172,$124,$1208,$5789,$4188,$515,$70,$585,$4773,$1,$398,$-30,$1016,$5789,$10,$3,$5,$8,$4,$0,$-0,$-6,$0,$18,$-0,$0,$0,$-11,$36,$25,$25,$49,$-25,$0,$-25,$-10,$-10,$-23,$36,$-22,$45,$3,$-23
3,2017-12-31,16.01,$13.65,1.17,$3.19,5.03,$3.12,5.14,$0.32,50.03,$4.57B,$4.15B,1.1,$0.54B,$1.04B,0.52,$0.23B,$0.20B,87.22%,$0.23B,$0.06B,25.11%,$0.23B,0,0.00%,$0.23B,0,0.00%,$0.23B,$0.06B,25.11%,$0.23B,$0.02B,10.13%,$0.02B,$1.04B,2.23%,$0.02B,$0.86B,2.67%,$0.02B,$5.80B,0.39%,$0.06B,$1.58B,3.62%,$60,$8,$52,$0,$34,$44,$16,$0,$16,$19,$-3,$-3,$-3,$0,$0,$71,71,$-0.04,$-0.05,$558,$0,$0,$4566,$71,$871,$172,$120,$1233,$5799,$4150,$540,$73,$613,$4764,$1,$405,$-26,$1035,$5799,$24,$16,$44,$60,$19,$0,$0,$-2,$16,$99,$-2,$0,$0,$5,$195,$201,$-49,$150,$50,$0,$50,$3,$3,$-18,$-14,$21,$271,$15,$-18
4,2017-09-30,16.1,$13.71,1.17,$3.10,5.19,$2.59,6.23,$0.47,34.26,$4.48B,$4.17B,1.08,$0.54B,$1.04B,0.52,$0.22B,$0.19B,87.39%,$0.22B,$0.05B,24.32%,$0.22B,0,0.00%,$0.22B,0,0.00%,$0.22B,$0.05B,23.87%,$0.22B,$0.03B,15.32%,$0.03B,$1.04B,3.31%,$0.03B,$0.87B,3.98%,$0.03B,$5.82B,0.58%,$0.05B,$1.58B,3.47%,$57,$7,$49,$0,$32,$42,$15,$0,$15,$5,$9,$9,$9,$0,$0,$71,71,$0.13,$0.13,$477,$0,$0,$4483,$72,$951,$172,$140,$1334,$5818,$4171,$540,$68,$608,$4779,$1,$413,$-24,$1038,$5818,$27,$12,$12,$24,$16,$0,$0,$-8,$10,$61,$-1,$0,$0,$15,$109,$123,$-37,$85,$50,$0,$50,$2,$2,$-13,$6,$44,$190,$11,$-13
5,2017-06-30,14.49,$13.58,1.07,$3.06,4.73,$2.29,6.33,$0.48,30.19,$4.45B,$4.19B,1.06,$0.54B,$1.03B,0.53,$0.22B,$0.19B,88.13%,$0.22B,$0.05B,24.20%,$0.22B,0,0.00%,$0.22B,0,0.00%,$0.22B,$0.05B,24.20%,$0.22B,$0.04B,15.98%,$0.04B,$1.03B,3.42%,$0.04B,$0.86B,4.11%,$0.04B,$5.83B,0.61%,$0.05B,$1.57B,3.48%,$56,$7,$49,$0,$32,$42,$14,$0,$14,$5,$9,$9,$9,$0,$0,$71,71,$0.13,$0.13,$383,$0,$0,$4452,$73,$990,$172,$142,$1377,$5829,$4185,$540,$73,$614,$4799,$1,$408,$-24,$1030,$5829,$18,$8,$7,$16,$12,$0,$0,$-2,$10,$44,$-1,$0,$0,$-16,$100,$84,$-96,$-12,$50,$0,$50,$4,$4,$-9,$20,$65,$96,$7,$-9
6,2017-03-31,15.4,$13.46,1.14,$2.98,5.17,$2.00,7.69,$0.39,39.49,$4.45B,$4.22B,1.06,$0.54B,$1.03B,0.53,$0.21B,$0.19B,88.73%,$0.21B,$0.05B,24.41%,$0.21B,0,0.00%,$0.21B,0,0.00%,$0.21B,$0.04B,20.66%,$0.21B,$0.03B,13.62%,$0.03B,$1.03B,2.83%,$0.03B,$0.86B,3.41%,$0.03B,$5.86B,0.51%,$0.05B,$1.57B,3.52%,$54,$7,$48,$0,$33,$43,$12,$0,$12,$4,$8,$8,$8,$0,$0,$70,71,$0.11,$0.11,$420,$0,$0,$4450,$74,$1021,$173,$144,$1412,$5862,$4219,$540,$73,$613,$4832,$1,$403,$-25,$1030,$5862,$8,$4,$5,$9,$9,$0,$0,$-8,$4,$22,$-0,$0,$0,$-8,$62,$54,$-55,$-2,$50,$0,$50,$10,$10,$-4,$58,$113,$133,$4,$-4
7,2016-12-31,17.65,$13.40,1.32,$2.76,6.4,$1.82,9.7,$0.35,50.42,$4.27B,$4.16B,1.03,$0.49B,$1.01B,0.48,$0.20B,$0.18B,89.05%,$0.20B,$0.05B,23.88%,$0.20B,0,0.00%,$0.20B,0,0.00%,$0.20B,$0.04B,19.40%,$0.20B,$0.03B,12.94%,$0.03B,$1.01B,2.53%,$0.03B,$0.84B,3.00%,$0.03B,$5.74B,0.48%,$0.05B,$1.50B,3.44%,$55,$7,$48,$0,$32,$42,$13,$0,$12,$5,$8,$8,$8,$0,$0,$72,73,$0.09,$0.09,$287,$0,$0,$4271,$75,$1075,$174,$143,$1468,$5739,$4158,$490,$76,$567,$4725,$1,$400,$-26,$1014,$5739,$25,$18,$16,$34,$-3,$0,$1,$8,$5,$64,$-3,$0,$-80,$-1,$340,$339,$-548,$-292,$300,$0,$300,$-128,$-128,$-9,$117,$280,$53,$9,$-9
8,2016-09-30,14.05,$13.41,1.05,$2.54,5.54,$1.48,9.47,$0.31,45.33,$4.05B,$4.06B,1.0,$0.42B,$1.02B,0.41,$0.19B,$0.17B,89.36%,$0.19B,$0.04B,22.87%,$0.19B,0,0.00%,$0.19B,0,0.00%,$0.19B,$0.04B,18.62%,$0.19B,$0.02B,12.23%,$0.02B,$1.02B,2.18%,$0.02B,$0.85B,2.55%,$0.02B,$5.58B,0.44%,$0.04B,$1.44B,3.20%,$54,$6,$48,$0,$31,$40,$14,$1,$15,$5,$10,$10,$10,$0,$0,$71,72,$0.14,$0.14,$186,$0,$0,$4046,$77,$1131,$174,$152,$1534,$5580,$4063,$415,$78,$494,$4557,$1,$396,$-18,$1023,$5580,$18,$13,$5,$18,$-4,$0,$0,$5,$5,$41,$-3,$0,$-80,$9,$284,$293,$-425,$-214,$225,$0,$225,$-118,$-118,$-4,$22,$125,$-48,$5,$-4
9,2016-06-30,12.1,$13.31,0.91,$2.31,5.24,$1.32,9.15,$0.24,50.4,$3.87B,$4.04B,0.96,$0.37B,$1.03B,0.36,$0.18B,$0.16B,89.20%,$0.18B,$0.04B,21.59%,$0.18B,0,0.00%,$0.18B,0,0.00%,$0.18B,$0.03B,16.48%,$0.18B,$0.02B,10.80%,$0.02B,$1.03B,1.77%,$0.02B,$0.85B,2.03%,$0.02B,$5.51B,0.38%,$0.04B,$1.40B,2.90%,$50,$6,$45,$0,$28,$37,$13,$-9,$5,$2,$3,$3,$3,$0,$0,$71,72,$0.04,$0.04,$103,$0,$0,$3874,$78,$1236,$175,$152,$1640,$5514,$4041,$370,$77,$447,$4488,$1,$391,$-17,$1026,$5514,$8,$9,$3,$12,$-2,$0,$0,$8,$6,$25,$-2,$0,$-80,$-18,$209,$191,$-338,$-229,$180,$0,$180,$-107,$-107,$0,$-0,$73,$-130,$2,$0
10,2016-03-31,13.02,$13.64,0.95,$2.15,6.05,$1.15,11.32,$0.29,44.89,$3.23B,$3.51B,0.92,$0.19B,$1.05B,0.18,$0.17B,$0.15B,88.76%,$0.17B,$0.04B,20.71%,$0.17B,0,0.00%,$0.17B,0,0.00%,$0.17B,$0.03B,20.12%,$0.17B,$0.02B,13.61%,$0.02B,$1.05B,2.10%,$0.02B,$0.92B,2.38%,$0.02B,$4.82B,0.48%,$0.04B,$1.24B,2.73%,$42,$5,$38,$0,$27,$34,$8,$-1,$7,$2,$5,$5,$5,$0,$0,$76,77,$0.07,$0.07,$112,$0,$0,$3233,$72,$1264,$126,$119,$1582,$4815,$3510,$190,$67,$258,$3768,$1,$388,$-19,$1047,$4815,$5,$4,$1,$5,$1,$0,$-0,$-1,$0,$10,$-1,$0,$0,$-8,$110,$102,$-211,$-110,$0,$0,$0,$-80,$-80,$0,$58,$-22,$-122,$1,$0
11,2015-12-31,12.67,$13.45,0.94,$2.12,5.98,$1.04,12.16,$0.29,43.68,$3.14B,$3.45B,0.91,$0.19B,$1.12B,0.17,$0.17B,$0.15B,88.10%,$0.17B,$0.03B,20.24%,$0.17B,0,0.00%,$0.17B,0,0.00%,$0.17B,$0.03B,20.24%,$0.17B,$0.02B,13.69%,$0.02B,$1.12B,2.08%,$0.02B,$0.99B,2.35%,$0.02B,$4.83B,0.48%,$0.03B,$1.31B,2.62%,$42,$5,$37,$0,$26,$34,$8,$0,$8,$3,$5,$5,$5,$0,$0,$79,79,$0.06,$0.06,$234,$0,$0,$3144,$73,$1360,$126,$123,$1683,$4827,$3452,$190,$69,$259,$3711,$1,$383,$-23,$1116,$4827,$23,$17,$6,$23,$-1,$0,$-0,$-6,$-4,$42,$-2,$0,$-0,$-18,$143,$125,$-522,$-398,$0,$0,$0,$2,$2,$0,$54,$56,$-300,$3,$0
12,2015-09-30,12.62,$13.42,0.94,$2.08,6.07,$1.19,10.59,$0.29,43.52,$2.99B,$3.35B,0.89,$0.19B,$1.11B,0.17,$0.17B,$0.15B,87.95%,$0.17B,$0.03B,19.28%,$0.17B,0,0.00%,$0.17B,0,0.00%,$0.17B,$0.03B,19.28%,$0.17B,$0.02B,13.25%,$0.02B,$1.11B,2.24%,$0.02B,$0.99B,2.58%,$0.02B,$4.73B,0.46%,$0.03B,$1.30B,2.74%,$42,$5,$37,$0,$26,$33,$9,$0,$9,$3,$6,$6,$6,$0,$0,$79,79,$0.07,$0.07,$270,$0,$0,$2993,$78,$1408,$127,$122,$1735,$4728,$3353,$190,$73,$263,$3616,$1,$378,$-20,$1112,$4728,$18,$13,$-1,$11,$1,$0,$-0,$-3,$4,$33,$-4,$0,$-0,$-9,$94,$85,$-335,$-254,$0,$0,$0,$1,$1,$0,$-44,$-43,$-264,$2,$0
13,2015-06-30,11.88,$13.30,0.89,$2.07,5.73,$1.31,9.06,$0.30,39.36,$2.96B,$3.38B,0.88,$0.19B,$1.10B,0.17,$0.17B,$0.15B,87.95%,$0.17B,$0.03B,19.28%,$0.17B,0,0.00%,$0.17B,0,0.00%,$0.17B,$0.03B,19.28%,$0.17B,$0.02B,13.86%,$0.02B,$1.10B,2.69%,$0.02B,$0.98B,3.16%,$0.02B,$4.74B,0.49%,$0.03B,$1.29B,3.02%,$43,$5,$38,$0,$26,$33,$10,$0,$10,$3,$7,$7,$7,$0,$0,$78,79,$0.09,$0.09,$286,$0,$0,$2961,$79,$1444,$127,$125,$1776,$4736,$3375,$190,$69,$260,$3635,$1,$372,$-22,$1102,$4736,$12,$8,$-2,$6,$-2,$0,$-0,$-6,$-3,$15,$-3,$0,$0,$-0,$47,$47,$-285,$-241,$0,$0,$0,$1,$1,$0,$-22,$-22,$-248,$1,$0
14,2015-03-31,10.74,$13.24,0.81,$2.03,5.29,$1.42,7.54,$0.27,40.3,$2.94B,$3.42B,0.86,$0.19B,$1.10B,0.17,$0.16B,$0.14B,87.80%,$0.16B,$0.03B,17.07%,$0.16B,0,0.00%,$0.16B,0,0.00%,$0.16B,$0.03B,17.07%,$0.16B,$0.02B,12.80%,$0.02B,$1.10B,2.87%,$0.02B,$0.97B,3.48%,$0.02B,$4.77B,0.46%,$0.03B,$1.29B,2.94%,$41,$5,$36,$0,$26,$33,$7,$0,$7,$2,$5,$5,$5,$0,$0,$78,79,$0.07,$0.07,$307,$0,$0,$2937,$80,$1500,$128,$126,$1833,$4770,$3415,$190,$70,$260,$3676,$1,$365,$-20,$1095,$4770,$5,$4,$-1,$3,$-1,$0,$-0,$-6,$-5,$3,$-2,$0,$0,$-8,$6,$-3,$-243,$-248,$0,$0,$0,$-0,$-0,$0,$18,$18,$-227,$1,$0
15,2014-12-31,11.67,$7.39,1.58,$2.01,5.8,$1.45,8.05,$0.22,52.16,$2.92B,$3.88B,0.75,$0.19B,$0.61B,0.31,$0.16B,$0.14B,87.20%,$0.16B,$0.02B,14.02%,$0.16B,0,0.00%,$0.16B,0,0.00%,$0.16B,$0.02B,14.02%,$0.16B,$0.02B,10.98%,$0.02B,$0.61B,2.94%,$0.02B,$0.48B,3.72%,$0.02B,$4.75B,0.40%,$0.02B,$0.80B,2.71%,$40,$5,$35,$0,$26,$34,$6,$0,$6,$2,$4,$4,$4,$0,$0,$81,81,$0.05,$0.05,$534,$0,$0,$2918,$79,$1494,$128,$132,$1833,$4752,$3880,$190,$71,$261,$4141,$1,$360,$-23,$611,$4752,$18,$15,$7,$22,$23,$0,$-0,$0,$27,$68,$-15,$0,$0,$15,$79,$94,$-102,$-23,$-60,$0,$-60,$437,$437,$0,$-243,$134,$178,$3,$0
16,2014-09-30,12.15,$7.40,1.64,$2.02,6.02,$1.11,10.91,$0.20,60.74,$2.58B,$3.44B,0.75,$0.25B,$0.61B,0.41,$0.17B,$0.14B,86.14%,$0.17B,$0.02B,12.65%,$0.17B,0,0.00%,$0.17B,0,0.00%,$0.17B,$0.02B,12.65%,$0.17B,$0.02B,10.24%,$0.02B,$0.61B,2.77%,$0.02B,$0.48B,3.51%,$0.02B,$4.36B,0.38%,$0.02B,$0.86B,2.43%,$42,$6,$37,$0,$25,$33,$9,$0,$9,$3,$7,$7,$7,$0,$0,$80,81,$0.08,$0.08,$232,$0,$0,$2583,$79,$1437,$129,$132,$1777,$4360,$3443,$250,$55,$305,$3748,$1,$356,$-16,$612,$4360,$14,$12,$3,$14,$22,$0,$-0,$-2,$24,$52,$-12,$0,$0,$5,$142,$147,$-68,$68,$0,$0,$0,$-26,$-26,$0,$-217,$-243,$-123,$2,$0
17,2014-06-30,12.9,$7.37,1.75,$2.01,6.42,$0.85,15.14,$0.16,78.73,$2.58B,$3.51B,0.74,$0.25B,$0.61B,0.41,$0.17B,$0.14B,85.03%,$0.17B,$0.02B,9.58%,$0.17B,0,0.00%,$0.17B,0,0.00%,$0.17B,$0.02B,9.58%,$0.17B,$0.01B,8.38%,$0.01B,$0.61B,2.27%,$0.01B,$0.48B,2.88%,$0.01B,$4.43B,0.31%,$0.02B,$0.86B,1.85%,$41,$6,$36,$0,$27,$35,$6,$0,$6,$2,$5,$5,$5,$0,$0,$81,82,$0.06,$0.06,$254,$0,$0,$2584,$79,$1500,$129,$133,$1842,$4426,$3505,$250,$57,$308,$3813,$1,$349,$-13,$613,$4426,$7,$8,$4,$12,$11,$0,$0,$-0,$13,$32,$-10,$0,$0,$14,$77,$91,$-39,$41,$0,$0,$0,$-20,$-20,$0,$-155,$-175,$-102,$1,$0
18,2014-03-31,12.54,$7.31,1.72,$2.04,6.14,$0.66,18.96,$0.15,86.15,$2.65B,$3.62B,0.73,$0.25B,$0.61B,0.41,$0.17B,$0.15B,84.80%,$0.17B,$0.01B,7.60%,$0.17B,0,0.00%,$0.17B,0,0.00%,$0.17B,$0.01B,7.60%,$0.17B,$0.01B,7.02%,$0.01B,$0.61B,1.94%,$0.01B,$0.49B,2.46%,$0.01B,$4.54B,0.26%,$0.01B,$0.86B,1.49%,$41,$6,$35,$0,$30,$38,$2,$0,$2,$-0,$2,$2,$2,$0,$0,$82,82,$0.03,$0.03,$364,$0,$0,$2651,$77,$1542,$130,$138,$1887,$4537,$3617,$250,$56,$307,$3923,$1,$344,$-17,$614,$4537,$2,$4,$1,$5,$0,$0,$-0,$-0,$2,$10,$-7,$0,$0,$-7,$50,$43,$14,$51,$0,$0,$0,$-9,$-9,$0,$-43,$-52,$8,$1,$0
19,2013-12-31,10.38,$7.98,1.3,$2.08,4.99,$0.45,23.14,$0.15,67.13,$2.66B,$3.66B,0.73,$0.25B,$0.62B,0.41,$0.18B,$0.15B,85.14%,$0.18B,$0.02B,8.57%,$0.18B,0,0.00%,$0.18B,0,0.00%,$0.18B,$0.02B,8.57%,$0.18B,$0.01B,7.43%,$0.01B,$0.62B,2.09%,$0.01B,$0.49B,2.64%,$0.01B,$4.58B,0.28%,$0.02B,$0.87B,1.69%,$42,$6,$35,$0,$29,$38,$4,$0,$4,$1,$3,$3,$3,$0,$0,$83,84,$0.03,$0.03,$356,$0,$0,$2656,$72,$1580,$130,$145,$1928,$4583,$3660,$250,$58,$308,$3968,$1,$342,$-21,$615,$4583,$13,$19,$22,$41,$1,$0,$-0,$-11,$-14,$41,$-14,$0,$0,$3,$29,$32,$97,$114,$0,$0,$0,$-21,$-21,$0,$-267,$-289,$-134,$3,$0
20,2013-09-30,9.48,$7.22,1.31,$2.20,4.32,$0.81,11.71,$0.16,57.88,$2.68B,$3.75B,0.72,$0.25B,$0.62B,0.4,$0.18B,$0.15B,85.56%,$0.18B,$0.01B,7.78%,$0.18B,0,0.00%,$0.18B,0,0.00%,$0.18B,$0.02B,8.33%,$0.18B,$0.01B,7.78%,$0.01B,$0.62B,2.23%,$0.01B,$0.49B,2.82%,$0.01B,$4.69B,0.29%,$0.01B,$0.87B,1.57%,$43,$7,$36,$0,$30,$39,$4,$0,$4,$1,$4,$4,$4,$0,$0,$83,84,$0.05,$0.05,$384,$0,$0,$2681,$64,$1659,$130,$150,$2003,$4685,$3747,$250,$67,$318,$4065,$1,$339,$-23,$620,$4685,$10,$15,$12,$27,$0,$0,$-0,$-14,$-12,$25,$-5,$0,$0,$8,$-42,$-34,$99,$61,$0,$0,$0,$-11,$-11,$0,$-180,$-192,$-106,$2,$0
21,2013-06-30,7.99,$7.17,1.11,$2.28,3.51,$1.01,7.93,$0.16,48.77,$2.61B,$3.74B,0.7,$0.28B,$0.62B,0.44,$0.19B,$0.16B,85.56%,$0.19B,$0.02B,8.02%,$0.19B,0,0.00%,$0.19B,0,0.00%,$0.19B,$0.02B,8.56%,$0.19B,$0.01B,7.49%,$0.01B,$0.62B,2.22%,$0.01B,$0.49B,2.80%,$0.01B,$4.70B,0.29%,$0.02B,$0.90B,1.68%,$45,$6,$39,$0,$33,$42,$3,$0,$3,$0,$3,$3,$3,$0,$0,$84,84,$0.04,$0.04,$273,$0,$0,$2614,$65,$1739,$131,$152,$2087,$4701,$3738,$275,$67,$343,$4080,$1,$336,$-23,$621,$4701,$6,$10,$10,$20,$-1,$0,$-0,$-16,$-17,$10,$-4,$0,$0,$17,$-129,$-112,$59,$-57,$25,$0,$25,$-5,$-5,$0,$-190,$-170,$-217,$1,$0
22,2013-03-31,9.8,$7.29,1.34,$2.35,4.17,$1.17,8.34,$0.15,63.32,$2.69B,$3.79B,0.71,$0.28B,$0.63B,0.43,$0.19B,$0.16B,84.97%,$0.19B,$0.02B,8.81%,$0.19B,0,0.00%,$0.19B,0,0.00%,$0.19B,$0.02B,8.29%,$0.19B,$0.01B,6.74%,$0.01B,$0.63B,2.05%,$0.01B,$0.50B,2.59%,$0.01B,$4.76B,0.27%,$0.02B,$0.91B,1.89%,$45,$6,$39,$0,$32,$41,$4,$0,$4,$1,$3,$3,$3,$0,$0,$84,84,$0.04,$0.04,$325,$0,$0,$2690,$65,$1725,$131,$152,$2074,$4764,$3788,$275,$65,$341,$4129,$1,$333,$-9,$634,$4764,$3,$6,$5,$11,$-5,$0,$-0,$-22,$-26,$-12,$-2,$0,$0,$17,$-91,$-75,$40,$-37,$25,$0,$25,$-1,$-1,$0,$-139,$-116,$-165,$1,$0
23,2012-12-31,9.03,$7.27,1.24,$2.40,3.77,$1.51,6.0,$0.16,55.15,$2.90B,$3.93B,0.74,$0.25B,$0.63B,0.4,$0.20B,$0.17B,84.26%,$0.20B,$0.02B,8.63%,$0.20B,0,0.00%,$0.20B,0,0.00%,$0.20B,$0.02B,8.12%,$0.20B,$0.01B,7.11%,$0.01B,$0.63B,2.21%,$0.01B,$0.50B,2.78%,$0.01B,$5.01B,0.29%,$0.02B,$0.88B,1.91%,$47,$7,$40,$0,$33,$44,$3,$1,$4,$-0,$4,$4,$4,$0,$0,$77,77,$0.06,$0.06,$490,$0,$0,$2895,$64,$1761,$132,$154,$2111,$5006,$3928,$250,$195,$445,$4373,$1,$329,$-7,$634,$5006,$14,$22,$30,$52,$-1,$0,$-0,$-6,$-6,$59,$-7,$0,$2,$22,$-270,$-248,$286,$34,$0,$0,$0,$-9,$-9,$0,$57,$49,$142,$3,$0
24,2012-09-30,9.09,$7.30,1.25,$2.38,3.82,$1.87,4.86,$0.19,47.6,$2.91B,$3.85B,0.76,$0.25B,$0.64B,0.39,$0.20B,$0.17B,83.58%,$0.20B,$0.02B,8.96%,$0.20B,0,0.00%,$0.20B,0,0.00%,$0.20B,$0.02B,7.96%,$0.20B,$0.02B,7.96%,$0.02B,$0.64B,2.53%,$0.02B,$0.50B,3.17%,$0.02B,$4.82B,0.34%,$0.02B,$0.89B,2.03%,$50,$8,$42,$0,$34,$45,$5,$0,$5,$1,$4,$4,$4,$0,$0,$84,84,$0.05,$0.05,$460,$0,$0,$2913,$62,$1549,$134,$162,$1906,$4819,$3846,$250,$86,$336,$4182,$1,$326,$1,$636,$4819,$10,$15,$24,$39,$-2,$0,$-0,$-7,$-9,$40,$-4,$0,$2,$34,$-165,$-131,$237,$105,$0,$0,$0,$-9,$-9,$0,$-24,$-33,$112,$2,$0
25,2012-06-30,8.21,$7.21,1.14,$2.38,3.45,$2.22,3.7,$0.19,42.97,$2.99B,$3.85B,0.78,$0.29B,$0.63B,0.45,$0.20B,$0.17B,83.08%,$0.20B,$0.02B,8.46%,$0.20B,0,0.00%,$0.20B,0,0.00%,$0.20B,$0.02B,7.46%,$0.20B,$0.02B,7.96%,$0.02B,$0.63B,2.54%,$0.02B,$0.50B,3.17%,$0.02B,$4.85B,0.34%,$0.02B,$0.92B,1.92%,$51,$8,$43,$0,$34,$46,$5,$-3,$3,$0,$2,$2,$2,$0,$0,$85,85,$0.03,$0.03,$434,$0,$0,$2994,$62,$1492,$135,$167,$1857,$4851,$3846,$285,$89,$374,$4220,$1,$322,$-2,$631,$4851,$6,$9,$17,$26,$-3,$0,$-0,$-6,$-9,$23,$-3,$0,$2,$15,$-93,$-78,$136,$59,$35,$0,$35,$-6,$-6,$0,$-24,$5,$86,$1,$0
26,2012-03-31,8.31,$7.17,1.16,$2.37,3.51,$2.61,3.19,$0.19,42.91,$2.70B,$3.59B,0.75,$0.24B,$0.63B,0.37,$0.20B,$0.17B,82.09%,$0.20B,$0.02B,7.46%,$0.20B,0,0.00%,$0.20B,0,0.00%,$0.20B,$0.01B,6.97%,$0.20B,$0.02B,7.96%,$0.02B,$0.63B,2.55%,$0.02B,$0.51B,3.17%,$0.02B,$4.60B,0.35%,$0.02B,$0.87B,1.71%,$49,$8,$41,$0,$34,$45,$4,$0,$4,$0,$4,$4,$4,$0,$0,$85,85,$0.05,$0.05,$184,$0,$0,$2698,$60,$1564,$123,$153,$1899,$4597,$3588,$235,$141,$376,$3964,$1,$319,$-2,$633,$4597,$4,$4,$8,$12,$-4,$0,$-0,$1,$-2,$14,$-1,$0,$0,$27,$-199,$-172,$17,$-155,$-15,$0,$-15,$-1,$-1,$0,$-7,$-23,$-164,$1,$0
27,2011-12-31,7.95,$7.13,1.12,$2.42,3.29,$3.04,2.62,$0.14,57.53,$2.89B,$3.60B,0.8,$0.25B,$0.63B,0.4,$0.21B,$0.17B,81.46%,$0.21B,$0.01B,6.83%,$0.21B,0,0.00%,$0.21B,0,0.00%,$0.21B,$0.01B,4.39%,$0.21B,$0.01B,5.37%,$0.01B,$0.63B,1.77%,$0.01B,$0.51B,2.21%,$0.01B,$4.60B,0.23%,$0.01B,$0.88B,1.60%,$51,$9,$42,$0,$35,$46,$4,$0,$4,$-2,$6,$6,$6,$0,$0,$85,85,$0.06,$0.06,$348,$0,$0,$2886,$60,$1377,$124,$149,$1710,$4596,$3595,$250,$122,$372,$3967,$1,$315,$-1,$629,$4596,$11,$11,$36,$47,$2,$7,$0,$10,$33,$91,$-3,$0,$0,$-32,$362,$330,$190,$517,$-23,$0,$-23,$-3,$-3,$0,$-325,$-351,$258,$3,$0
28,2011-09-30,7.08,$7.11,1.0,$2.47,2.87,$2.57,2.76,$0.07,108.16,$3.05B,$3.60B,0.85,$0.25B,$0.63B,0.4,$0.21B,$0.17B,80.86%,$0.21B,$0.01B,6.22%,$0.21B,0,0.00%,$0.21B,0,0.00%,$0.21B,$0.01B,3.83%,$0.21B,$0.01B,2.39%,$0.01B,$0.63B,0.81%,$0.01B,$0.50B,1.01%,$0.01B,$4.63B,0.10%,$0.01B,$0.88B,1.48%,$50,$9,$41,$0,$34,$46,$4,$0,$4,$-0,$4,$4,$4,$0,$0,$85,85,$0.05,$0.05,$398,$0,$0,$3048,$60,$1249,$125,$151,$1585,$4633,$3602,$250,$152,$402,$4004,$1,$309,$5,$628,$4633,$5,$8,$32,$40,$2,$7,$0,$8,$23,$68,$-2,$0,$0,$-60,$557,$498,$87,$583,$-23,$0,$-23,$-2,$-2,$0,$-318,$-343,$308,$2,$0
29,2011-06-30,7.81,$7.03,1.11,$2.50,3.12,$1.63,4.8,$-0.23,0.0,$3.04B,$3.76B,0.81,$0.25B,$0.62B,0.4,$0.21B,$0.17B,79.72%,$0.21B,$-0.04B,-16.51%,$0.21B,0,0.00%,$0.21B,0,0.00%,$0.21B,$-0.04B,-18.87%,$0.21B,$-0.02B,-9.91%,$-0.02B,$0.62B,-3.38%,$-0.02B,$0.50B,-4.26%,$-0.02B,$4.71B,-0.43%,$-0.04B,$0.87B,-3.88%,$51,$10,$41,$0,$35,$48,$3,$-1,$2,$0,$2,$2,$2,$0,$0,$85,85,$0.03,$0.03,$347,$0,$0,$3043,$61,$1329,$126,$153,$1670,$4712,$3757,$250,$81,$331,$4088,$1,$305,$3,$624,$4712,$1,$5,$22,$27,$3,$7,$0,$9,$26,$54,$-1,$0,$0,$-35,$374,$339,$50,$387,$-23,$0,$-23,$0,$0,$0,$-162,$-185,$257,$1,$0
30,2011-03-31,8.2,$6.86,1.2,$2.58,3.18,$0.82,9.99,$-0.20,0.0,$3.01B,$3.96B,0.76,$0.26B,$0.61B,0.43,$0.22B,$0.17B,79.00%,$0.22B,$-0.03B,-13.70%,$0.22B,0,0.00%,$0.22B,0,0.00%,$0.22B,$-0.03B,-15.53%,$0.22B,$-0.02B,-7.76%,$-0.02B,$0.61B,-2.70%,$-0.02B,$0.48B,-3.39%,$-0.02B,$4.90B,-0.35%,$-0.03B,$0.87B,-3.17%,$53,$10,$43,$0,$37,$50,$3,$-4,$-1,$-0,$-1,$-1,$-1,$0,$0,$85,85,$-0.01,$-0.01,$266,$0,$0,$3013,$62,$1485,$127,$215,$1889,$4902,$3956,$260,$77,$338,$4293,$1,$303,$-9,$609,$4902,$-1,$3,$12,$14,$0,$6,$0,$31,$37,$50,$-1,$0,$0,$-6,$168,$162,$13,$175,$-13,$0,$-13,$0,$0,$0,$-37,$-50,$175,$1,$0
31,2010-12-31,8.4,$6.93,1.21,$2.63,3.2,$0.17,50.34,$-0.10,0.0,$2.87B,$3.94B,0.73,$0.27B,$0.62B,0.44,$0.22B,$0.18B,78.13%,$0.22B,$-0.02B,-10.71%,$0.22B,0,0.00%,$0.22B,0,0.00%,$0.22B,$-0.02B,-10.71%,$0.22B,$-0.01B,-3.57%,$-0.01B,$0.62B,-1.25%,$-0.01B,$0.49B,-1.57%,$-0.01B,$4.93B,-0.16%,$-0.02B,$0.89B,-2.42%,$55,$11,$44,$0,$38,$52,$3,$0,$3,$3,$-0,$-0,$-0,$0,$0,$85,85,$-0.01,$-0.01,$97,$0,$0,$2867,$64,$1652,$127,$219,$2063,$4930,$3942,$273,$99,$372,$4314,$1,$304,$-2,$616,$4930,$-9,$11,$66,$77,$-0,$25,$-1,$-16,$-8,$60,$-11,$0,$0,$-4,$-292,$-296,$-85,$-392,$-157,$0,$-157,$-10,$-10,$0,$410,$243,$-89,$3,$0
32,2010-09-30,8.53,$7.09,1.2,$2.64,3.24,$0.32,26.42,$-0.03,0.0,$2.96B,$3.86B,0.77,$0.34B,$0.63B,0.54,$0.23B,$0.17B,76.44%,$0.23B,$-0.02B,-9.33%,$0.23B,0,0.00%,$0.23B,0,0.00%,$0.23B,$-0.02B,-9.33%,$0.23B,$-0.00B,-0.89%,$-0.00B,$0.63B,-0.31%,$-0.00B,$0.51B,-0.39%,$-0.00B,$4.90B,-0.04%,$-0.02B,$0.98B,-2.02%,$53,$12,$41,$0,$81,$97,$-44,$0,$-44,$-22,$-22,$-22,$-22,$0,$0,$85,85,$-0.26,$-0.26,$216,$0,$0,$2958,$69,$1535,$128,$208,$1941,$4899,$3858,$343,$63,$407,$4265,$1,$305,$13,$634,$4899,$-9,$9,$66,$74,$1,$32,$-1,$-72,$-70,$-4,$-9,$0,$0,$2,$-160,$-157,$-49,$-216,$-87,$0,$-87,$-5,$-5,$0,$349,$257,$36,$2,$0
33,2010-06-30,9.4,$7.34,1.28,$2.66,3.54,$0.97,9.7,$0.29,32.31,$3.03B,$3.62B,0.84,$0.39B,$0.66B,0.6,$0.23B,$0.17B,74.89%,$0.23B,$0.03B,13.22%,$0.23B,0,0.00%,$0.23B,0,0.00%,$0.23B,$0.03B,13.22%,$0.23B,$0.03B,11.45%,$0.03B,$0.66B,4.04%,$0.03B,$0.53B,5.06%,$0.03B,$4.88B,0.56%,$0.03B,$1.05B,2.82%,$58,$13,$45,$0,$35,$50,$8,$0,$8,$2,$6,$6,$6,$0,$0,$86,86,$0.06,$0.06,$252,$0,$0,$3031,$71,$1376,$129,$269,$1846,$4876,$3617,$393,$206,$600,$4217,$1,$326,$14,$659,$4876,$13,$6,$11,$16,$-1,$6,$-1,$-41,$-37,$-8,$-8,$0,$0,$-36,$56,$19,$-28,$-16,$-37,$0,$-37,$-1,$-1,$0,$108,$70,$46,$1,$0
34,2010-03-31,9.02,$7.18,1.26,$2.60,3.46,$1.64,5.51,$0.23,39.68,$2.81B,$3.59B,0.78,$0.41B,$0.65B,0.63,$0.22B,$0.16B,72.97%,$0.22B,$0.02B,9.91%,$0.22B,0,0.00%,$0.22B,0,0.00%,$0.22B,$0.02B,9.91%,$0.22B,$0.02B,9.01%,$0.02B,$0.65B,3.15%,$0.02B,$0.52B,3.98%,$0.02B,$4.71B,0.44%,$0.02B,$1.06B,2.06%,$58,$14,$45,$0,$32,$49,$9,$0,$9,$2,$8,$8,$8,$0,$0,$86,86,$0.09,$0.09,$52,$0,$0,$2811,$67,$1553,$130,$149,$1899,$4710,$3589,$408,$66,$475,$4064,$1,$321,$7,$646,$4710,$8,$3,$3,$6,$-1,$28,$-0,$-46,$-18,$-4,$-2,$0,$0,$5,$-189,$-184,$1,$-185,$-22,$0,$-22,$0,$0,$0,$79,$58,$-131,$1,$0
35,2009-12-31,9.36,$7.08,1.32,$2.57,3.64,$1.94,4.82,$0.20,46.81,$2.98B,$3.51B,0.85,$0.43B,$0.64B,0.68,$0.22B,$0.15B,70.00%,$0.22B,$0.02B,8.64%,$0.22B,0,0.00%,$0.22B,0,0.00%,$0.22B,$0.02B,8.64%,$0.22B,$0.02B,7.73%,$0.02B,$0.64B,2.71%,$0.02B,$0.51B,3.43%,$0.02B,$4.67B,0.39%,$0.02B,$1.07B,1.78%,$56,$15,$41,$0,$32,$50,$6,$0,$6,$0,$6,$6,$6,$0,$0,$85,85,$0.07,$0.07,$212,$0,$0,$2975,$81,$1363,$131,$123,$1699,$4674,$3509,$434,$94,$527,$4037,$1,$313,$7,$637,$4674,$17,$12,$10,$21,$35,$-32,$-1,$32,$35,$74,$-11,$0,$0,$9,$-140,$-131,$-414,$-556,$-146,$0,$-146,$-4,$-4,$0,$768,$618,$135,$3,$0
36,2009-09-30,8.67,$7.02,1.24,$2.52,3.44,$1.13,7.68,$0.09,95.52,$2.88B,$3.28B,0.88,$0.44B,$0.64B,0.7,$0.22B,$0.15B,67.74%,$0.22B,$0.01B,3.23%,$0.22B,0,0.00%,$0.22B,0,0.00%,$0.22B,$0.01B,2.76%,$0.22B,$0.01B,3.69%,$0.01B,$0.64B,1.29%,$0.01B,$0.50B,1.64%,$0.01B,$4.45B,0.19%,$0.01B,$1.08B,0.64%,$55,$16,$39,$0,$28,$48,$7,$0,$7,$1,$6,$6,$6,$0,$0,$85,85,$0.06,$0.06,$148,$0,$0,$2876,$77,$1245,$132,$115,$1569,$4445,$3282,$444,$84,$528,$3810,$1,$307,$13,$635,$4445,$11,$9,$9,$18,$-2,$0,$-1,$23,$18,$47,$-5,$0,$0,$-7,$2,$-5,$-333,$-343,$-136,$0,$-136,$-4,$-4,$0,$541,$401,$104,$2,$0
37,2009-06-30,9.13,$6.85,1.33,$2.51,3.64,$0.66,13.81,$0.07,125.58,$2.71B,$3.04B,0.89,$0.44B,$0.62B,0.72,$0.22B,$0.14B,66.36%,$0.22B,$0.01B,2.76%,$0.22B,0,0.00%,$0.22B,0,0.00%,$0.22B,$0.01B,2.30%,$0.22B,$0.01B,2.76%,$0.01B,$0.62B,0.98%,$0.01B,$0.49B,1.25%,$0.01B,$4.19B,0.15%,$0.01B,$1.06B,0.54%,$53,$17,$37,$0,$34,$53,$-0,$0,$-0,$-0,$-0,$-0,$-0,$0,$0,$85,85,$0.00,$0.00,$42,$0,$0,$2712,$78,$1153,$134,$110,$1474,$4186,$3038,$444,$84,$528,$3566,$1,$301,$4,$620,$4186,$5,$5,$6,$12,$-0,$0,$-1,$31,$28,$45,$-3,$0,$0,$-65,$138,$73,$-274,$-204,$-136,$0,$-136,$-2,$-2,$0,$296,$157,$-2,$2,$0
38,2009-03-31,9.37,$6.86,1.37,$2.51,3.74,$0.11,88.7,$0.17,54.24,$2.60B,$2.92B,0.89,$0.44B,$0.62B,0.72,$0.22B,$0.14B,64.68%,$0.22B,$0.02B,8.72%,$0.22B,0,0.00%,$0.22B,0,0.00%,$0.22B,$0.02B,8.26%,$0.22B,$0.02B,6.88%,$0.02B,$0.62B,2.44%,$0.02B,$0.49B,3.13%,$0.02B,$4.05B,0.38%,$0.02B,$1.06B,1.69%,$56,$18,$37,$0,$28,$49,$6,$0,$6,$1,$5,$5,$5,$0,$0,$86,86,$0.06,$0.06,$73,$0,$0,$2598,$78,$1134,$135,$105,$1451,$4049,$2919,$444,$67,$510,$3429,$1,$301,$5,$620,$4049,$5,$3,$1,$4,$-1,$0,$-0,$12,$13,$22,$-1,$0,$0,$11,$81,$92,$-122,$-32,$-136,$0,$-136,$-2,$-2,$0,$177,$39,$29,$1,$0
39,2008-12-31,10.7,$6.75,1.59,$2.49,4.29,$-0.29,0.0,$0.18,58.85,$2.45B,$2.74B,0.89,$0.58B,$0.61B,0.95,$0.22B,$0.14B,63.30%,$0.22B,$0.02B,9.63%,$0.22B,0,0.00%,$0.22B,0,0.00%,$0.22B,$0.02B,9.17%,$0.22B,$0.02B,7.34%,$0.02B,$0.61B,2.61%,$0.02B,$0.48B,3.36%,$0.02B,$4.00B,0.42%,$0.02B,$1.19B,1.87%,$53,$19,$34,$0,$37,$59,$-6,$0,$-7,$-4,$-3,$-3,$-3,$0,$0,$87,87,$-0.03,$-0.03,$44,$0,$0,$2450,$78,$1218,$135,$120,$1552,$4002,$2742,$580,$70,$650,$3392,$1,$296,$-0,$611,$4002,$17,$13,$8,$22,$1,$0,$-0,$-38,$-37,$2,$-8,$0,$0,$-1,$-128,$-129,$-308,$-446,$173,$0,$173,$-19,$-19,$0,$277,$430,$-14,$0,$0
40,2008-09-30,12.03,$6.71,1.79,$2.65,4.53,$-0.15,0.0,$0.22,55.13,$2.38B,$2.64B,0.9,$0.54B,$0.61B,0.88,$0.22B,$0.13B,61.75%,$0.22B,$0.02B,10.60%,$0.22B,0,0.00%,$0.22B,0,0.00%,$0.22B,$0.02B,10.14%,$0.22B,$0.02B,8.76%,$0.02B,$0.61B,3.09%,$0.02B,$0.47B,3.98%,$0.02B,$3.84B,0.51%,$0.02B,$1.14B,2.12%,$55,$19,$36,$0,$27,$49,$6,$0,$6,$1,$4,$4,$4,$0,$0,$86,86,$0.05,$0.05,$62,$0,$0,$2377,$78,$1137,$135,$116,$1466,$3843,$2635,$536,$65,$601,$3236,$1,$299,$-8,$607,$3843,$19,$8,$-4,$4,$1,$0,$-1,$-20,$-19,$5,$-4,$0,$0,$0,$-74,$-74,$-206,$-283,$129,$0,$129,$-17,$-17,$0,$170,$282,$3,$2,$0
41,2008-06-30,10.53,$6.83,1.54,$2.64,4.0,$0.12,89.82,$0.11,96.49,$2.28B,$2.60B,0.87,$0.47B,$0.62B,0.76,$0.21B,$0.13B,60.38%,$0.21B,$0.01B,5.19%,$0.21B,0,0.00%,$0.21B,0,0.00%,$0.21B,$0.01B,4.72%,$0.21B,$0.01B,4.72%,$0.01B,$0.62B,1.62%,$0.01B,$0.48B,2.09%,$0.01B,$3.75B,0.28%,$0.01B,$1.09B,1.06%,$54,$20,$34,$0,$17,$41,$13,$0,$13,$4,$9,$9,$9,$0,$0,$87,87,$0.10,$0.10,$47,$0,$0,$2275,$78,$1152,$136,$107,$1473,$3748,$2601,$472,$57,$529,$3130,$1,$295,$-8,$618,$3748,$15,$4,$-2,$2,$2,$0,$-1,$-25,$-20,$-3,$-3,$0,$0,$7,$-97,$-90,$-117,$-209,$65,$0,$65,$0,$0,$0,$136,$201,$-12,$0,$0
