,Date,Stock Price,Book Value per Share,Price to Book Ratio,TTM Sales per Share,Price to Sales Ratio,TTM FCF per Share,Price to FCF Ratio,TTM Net EPS,PE Ratio,Current Assets,Current Liabilities,Current Ratio,Long Term Debt,Shareholder's Equity_x,Debt to Equity Ratio,TTM Revenue_x,TTM Gross Profit,Gross Margin,TTM Revenue_y,TTM Operating Income,Operating Margin,TTM Revenue_x,TTM EBIT,EBIT Margin,TTM Revenue_y,TTM EBITDA,EBITDA Margin,TTM Revenue_x,TTM Pre-Tax Income,Pre-Tax Margin,TTM Revenue_y,TTM Net Income_x,Net Margin,TTM Net Income_y,Shareholder's Equity_y,Return on Equity,TTM Net Income_x,Tangible Equity,Return on Tangible Equity,TTM Net Income_y,Total Assets,Return on Assets,TTM Net Income,LT Investments & Debt,Return on Investment,revenue,cost-goods-sold,gross-profit,research-development-expenses,selling-general-administrative-expenses,operating-expenses,operating-income,total-non-operating-income-expense,pre-tax-income,total-provision-income-taxes,income-after-taxes,income-from-continuous-operations,net-income,ebitda,ebit,basic-shares-outstanding,shares-outstanding,eps-basic-net-earnings-per-share,eps-earnings-per-share-diluted,cash-on-hand,inventory,other-current-assets,total-current-assets,net-property-plant-equipment,long-term-investments,goodwill-intangible-assets-total,other-long-term-assets,total-long-term-assets,total-assets,total-current-liabilities,long-term-debt,other-non-current-liabilities,total-long-term-liabilities,total-liabilities,common-stock-net,retained-earnings-accumulated-deficit,comprehensive-income,total-share-holder-equity,total-liabilities-share-holders-equity,net-income-loss,total-depreciation-amortization-cash-flow,other-non-cash-items,total-non-cash-items,change-in-accounts-receivable,change-in-inventories,change-in-accounts-payable,change-in-assets-liabilities,total-change-in-assets-liabilities,cash-flow-from-operating-activities,net-change-in-property-plant-equipment,net-change-in-intangible-assets,net-acquisitions-divestitures,net-change-in-short-term-investments,net-change-in-long-term-investments,net-change-in-investments-total,investing-activities-other,cash-flow-from-investing-activities,net-long-term-debt,net-current-debt,debt-issuance-retirement-net-total,net-common-equity-issued-repurchased,net-total-equity-issued-repurchased,total-common-preferred-stock-dividends-paid,financial-activities-other,cash-flow-from-financial-activities,net-cash-flow,stock-based-compensation,common-stock-dividends-paid
0,2018-07-31,5.62,$9.20,0.61,$46.57,0.12,$5.75,0.98,$-5.47,0.0,$0.87B,$0.66B,1.32,$0.13B,$0.43B,0.3,$2.19B,$0.56B,25.63%,$2.19B,$-0.26B,-11.76%,$2.19B,$-0.26B,-11.76%,$2.19B,$-0.19B,-8.60%,$2.19B,$-0.27B,-12.27%,$2.19B,$-0.26B,-11.76%,$-0.26B,$0.43B,-49.45%,$-0.26B,$0.17B,-150.95%,$-0.26B,$1.28B,-19.66%,$-0.26B,$0.56B,-41.79%,$337,$271,$67,$0,$99,$387,$-49,$-4,$-53,$-14,$-39,$-39,$-39,$-32,$-49,$47,47,$-0.82,$-0.82,$13,$730,$6,$868,$108,$0,$263,$42,$413,$1281,$657,$130,$59,$192,$849,$1,$-259,$0,$432,$1281,$-39,$17,$3,$20,$0,$0,$0,$-9,$-9,$-27,$-8,$0,$0,$0,$0,$0,$-1,$-9,$0,$34,$34,$0,$0,$0,$0,$34,$-3,$2,$0
1,2018-04-30,7.19,$9.48,0.76,$47.02,0.15,$5.13,1.4,$-5.40,0.0,$0.62B,$0.41B,1.5,$0.10B,$0.47B,0.21,$2.20B,$0.56B,25.32%,$2.20B,$-0.26B,-11.98%,$2.20B,$-0.26B,-11.98%,$2.20B,$-0.20B,-8.89%,$2.20B,$-0.27B,-12.43%,$2.20B,$-0.25B,-11.48%,$-0.25B,$0.47B,-43.47%,$-0.25B,$0.20B,-153.80%,$-0.25B,$1.04B,-18.18%,$-0.26B,$0.56B,-39.13%,$358,$229,$129,$0,$107,$352,$5,$-2,$3,$-14,$17,$17,$17,$22,$5,$47,47,$0.35,$0.36,$16,$444,$48,$619,$111,$0,$268,$40,$420,$1039,$413,$96,$59,$158,$571,$1,$-220,$0,$468,$1039,$-253,$67,$307,$374,$-14,$-7,$0,$-37,$-61,$60,$-43,$0,$-58,$0,$0,$0,$1,$-100,$0,$37,$37,$-2,$-2,$0,$0,$35,$-5,$8,$0
2,2018-01-31,6.65,$9.56,0.7,$46.71,0.14,$5.48,1.21,$-5.76,0.0,$0.95B,$0.74B,1.29,$0.11B,$0.45B,0.25,$2.19B,$0.55B,25.26%,$2.19B,$-0.27B,-12.11%,$2.19B,$-0.27B,-12.11%,$2.19B,$-0.20B,-9.09%,$2.19B,$-0.27B,-12.52%,$2.19B,$-0.27B,-12.33%,$-0.27B,$0.45B,-41.96%,$-0.27B,$0.18B,-170.89%,$-0.27B,$1.38B,-18.53%,$-0.27B,$0.56B,-36.45%,$603,$457,$147,$0,$112,$899,$-296,$-3,$-299,$-15,$-283,$-283,$-283,$-278,$-296,$47,47,$-6.04,$-6.04,$22,$614,$61,$954,$111,$0,$274,$42,$427,$1381,$741,$113,$73,$191,$932,$1,$-237,$0,$449,$1381,$-270,$50,$307,$357,$0,$0,$0,$54,$54,$141,$-30,$0,$-58,$0,$0,$0,$-1,$-90,$0,$-47,$-47,$-2,$-2,$0,$0,$-48,$3,$6,$0
3,2017-10-31,5.45,$15.56,0.35,$44.98,0.12,$5.63,0.97,$0.36,15.14,$0.78B,$0.64B,1.21,$0.04B,$0.73B,0.06,$2.11B,$0.52B,24.76%,$2.11B,$0.04B,1.71%,$2.11B,$0.04B,1.71%,$2.11B,$0.10B,4.65%,$2.11B,$0.03B,1.42%,$2.11B,$0.02B,0.81%,$0.02B,$0.73B,2.40%,$0.02B,$0.14B,9.76%,$0.02B,$1.53B,1.14%,$0.04B,$0.77B,4.71%,$887,$670,$217,$0,$116,$804,$83,$-2,$81,$33,$48,$48,$48,$100,$83,$47,47,$1.04,$1.03,$17,$516,$78,$778,$115,$0,$592,$42,$749,$1527,$643,$42,$96,$154,$797,$1,$46,$0,$730,$1527,$14,$32,$3,$36,$-67,$-107,$0,$-3,$150,$200,$-22,$0,$-58,$0,$0,$0,$-1,$-82,$0,$-118,$-118,$-2,$-2,$0,$0,$-119,$-2,$4,$0
4,2017-07-31,7.23,$14.64,0.49,$42.65,0.17,$5.34,1.35,$-0.04,0.0,$0.93B,$0.70B,1.32,$0.12B,$0.68B,0.18,$1.99B,$0.48B,23.95%,$1.99B,$0.01B,0.50%,$1.99B,$0.01B,0.50%,$1.99B,$0.07B,3.41%,$1.99B,$0.01B,0.25%,$1.99B,$-0.00B,-0.10%,$-0.00B,$0.68B,-0.28%,$-0.00B,$0.15B,-1.01%,$-0.00B,$1.62B,-0.14%,$0.01B,$0.80B,1.34%,$356,$291,$65,$0,$100,$411,$-56,$-3,$-59,$-24,$-35,$-35,$-35,$-40,$-56,$47,47,$-0.75,$-0.75,$14,$771,$7,$928,$113,$0,$536,$42,$691,$1619,$701,$120,$96,$236,$938,$0,$-2,$0,$681,$1619,$-35,$15,$5,$20,$0,$0,$0,$-42,$-42,$-56,$-8,$0,$0,$0,$0,$0,$-1,$-9,$0,$61,$61,$0,$0,$0,$0,$61,$-5,$2,$0
5,2017-04-30,10.41,$15.34,0.68,$40.17,0.26,$6.04,1.72,$0.11,94.64,$0.60B,$0.41B,1.46,$0.06B,$0.71B,0.08,$1.88B,$0.46B,24.48%,$1.88B,$0.01B,0.69%,$1.88B,$0.01B,0.69%,$1.88B,$0.07B,3.63%,$1.88B,$0.01B,0.59%,$1.88B,$0.01B,0.27%,$0.01B,$0.71B,0.71%,$0.01B,$0.17B,2.38%,$0.01B,$1.30B,0.36%,$0.01B,$0.77B,1.80%,$343,$219,$124,$0,$106,$338,$4,$-1,$3,$3,$0,$0,$0,$19,$4,$46,47,$0.01,$0.00,$19,$434,$53,$603,$117,$0,$539,$41,$697,$1300,$413,$60,$96,$173,$586,$0,$32,$0,$714,$1300,$5,$54,$-3,$52,$-6,$2,$0,$12,$11,$68,$-35,$0,$-187,$0,$0,$0,$-3,$-224,$0,$160,$160,$-9,$-9,$0,$-3,$147,$-9,$9,$0
6,2017-01-31,10.05,$15.41,0.65,$39.18,0.26,$6.02,1.67,$0.05,201.0,$0.88B,$0.69B,1.28,$0.00B,$0.71B,0.0,$1.83B,$0.44B,24.19%,$1.83B,$0.01B,0.27%,$1.83B,$0.01B,0.27%,$1.83B,$0.06B,3.17%,$1.83B,$0.00B,0.16%,$1.83B,$0.00B,0.11%,$0.00B,$0.71B,0.29%,$0.00B,$0.24B,0.89%,$0.00B,$1.50B,0.15%,$0.01B,$0.71B,0.71%,$522,$406,$116,$0,$97,$516,$5,$-1,$5,$1,$4,$4,$4,$19,$5,$46,47,$0.08,$0.08,$132,$494,$67,$880,$107,$0,$473,$39,$619,$1500,$688,$0,$76,$99,$787,$0,$32,$0,$713,$1500,$5,$40,$0,$40,$0,$0,$0,$100,$100,$145,$-26,$0,$-1,$0,$0,$0,$-6,$-34,$0,$0,$0,$-8,$-8,$0,$0,$-8,$103,$7,$0
7,2016-10-31,9.31,$15.26,0.61,$38.82,0.24,$5.25,1.77,$-0.10,0.0,$0.77B,$0.58B,1.32,$0.00B,$0.71B,0.0,$1.82B,$0.45B,24.52%,$1.82B,$-0.00B,-0.11%,$1.82B,$-0.00B,-0.11%,$1.82B,$0.05B,2.74%,$1.82B,$-0.00B,-0.27%,$1.82B,$-0.01B,-0.33%,$-0.01B,$0.71B,-0.85%,$-0.01B,$0.23B,-2.64%,$-0.01B,$1.39B,-0.45%,$-0.00B,$0.71B,-0.28%,$771,$599,$172,$0,$102,$714,$57,$-1,$56,$27,$29,$29,$29,$70,$57,$46,47,$0.63,$0.63,$177,$401,$87,$766,$108,$0,$476,$38,$623,$1389,$581,$0,$76,$102,$682,$0,$28,$0,$706,$1389,$1,$26,$0,$27,$-42,$-128,$0,$-1,$151,$179,$-17,$0,$-1,$0,$0,$0,$-5,$-23,$0,$0,$0,$-8,$-8,$0,$0,$-8,$148,$4,$0
8,2016-07-31,11.56,$14.66,0.79,$37.85,0.31,$2.95,3.92,$-0.04,0.0,$0.79B,$0.60B,1.31,$0.03B,$0.68B,0.04,$1.81B,$0.45B,24.89%,$1.81B,$0.00B,0.06%,$1.81B,$0.00B,0.06%,$1.81B,$0.05B,2.93%,$1.81B,$-0.00B,-0.11%,$1.81B,$-0.00B,-0.11%,$-0.00B,$0.68B,-0.28%,$-0.00B,$0.20B,-0.85%,$-0.00B,$1.41B,-0.15%,$0.00B,$0.70B,0.14%,$239,$192,$47,$0,$85,$292,$-53,$-1,$-53,$-26,$-28,$-28,$-28,$-40,$-53,$46,46,$-0.60,$-0.60,$9,$724,$8,$788,$107,$0,$479,$39,$625,$1413,$602,$25,$75,$136,$738,$0,$-1,$0,$676,$1413,$-28,$13,$8,$21,$0,$0,$0,$-18,$-18,$-25,$-6,$0,$-1,$0,$0,$0,$-6,$-13,$0,$25,$25,$-7,$-7,$0,$0,$18,$-20,$2,$0
