,Date,Stock Price,Book Value per Share,Price to Book Ratio,TTM Sales per Share,Price to Sales Ratio,TTM FCF per Share,Price to FCF Ratio,TTM Net EPS,PE Ratio,Current Assets,Current Liabilities,Current Ratio,Long Term Debt,Shareholder's Equity_x,Debt to Equity Ratio,TTM Revenue_x,TTM Gross Profit,Gross Margin,TTM Revenue_y,TTM Operating Income,Operating Margin,TTM Revenue_x,TTM EBIT,EBIT Margin,TTM Revenue_y,TTM EBITDA,EBITDA Margin,TTM Revenue_x,TTM Pre-Tax Income,Pre-Tax Margin,TTM Revenue_y,TTM Net Income_x,Net Margin,TTM Net Income_y,Shareholder's Equity_y,Return on Equity,TTM Net Income_x,Tangible Equity,Return on Tangible Equity,TTM Net Income_y,Total Assets,Return on Assets,TTM Net Income,LT Investments & Debt,Return on Investment,revenue,cost-goods-sold,gross-profit,research-development-expenses,selling-general-administrative-expenses,operating-expenses,operating-income,total-non-operating-income-expense,pre-tax-income,total-provision-income-taxes,income-after-taxes,income-from-continuous-operations,net-income,ebitda,ebit,basic-shares-outstanding,shares-outstanding,eps-basic-net-earnings-per-share,eps-earnings-per-share-diluted,cash-on-hand,inventory,other-current-assets,total-current-assets,net-property-plant-equipment,long-term-investments,goodwill-intangible-assets-total,other-long-term-assets,total-long-term-assets,total-assets,total-current-liabilities,long-term-debt,other-non-current-liabilities,total-long-term-liabilities,total-liabilities,common-stock-net,retained-earnings-accumulated-deficit,comprehensive-income,total-share-holder-equity,total-liabilities-share-holders-equity,net-income-loss,total-depreciation-amortization-cash-flow,other-non-cash-items,total-non-cash-items,change-in-accounts-receivable,change-in-inventories,change-in-accounts-payable,change-in-assets-liabilities,total-change-in-assets-liabilities,cash-flow-from-operating-activities,net-change-in-property-plant-equipment,net-change-in-intangible-assets,net-acquisitions-divestitures,net-change-in-short-term-investments,net-change-in-long-term-investments,net-change-in-investments-total,investing-activities-other,cash-flow-from-investing-activities,net-long-term-debt,net-current-debt,debt-issuance-retirement-net-total,net-common-equity-issued-repurchased,net-total-equity-issued-repurchased,total-common-preferred-stock-dividends-paid,financial-activities-other,cash-flow-from-financial-activities,net-cash-flow,stock-based-compensation,common-stock-dividends-paid
0,2018-07-31,59.25,$41.90,1.41,$25.07,2.36,$17.84,3.32,$5.31,11.16,$640.70B,$600.18B,1.07,$4.36B,$48.38B,0.09,$30.56B,$22.10B,72.33%,$30.56B,$8.58B,28.08%,$30.56B,0,0.00%,$30.56B,0,0.00%,$30.56B,$8.58B,28.08%,$30.56B,$6.47B,21.17%,$6.47B,$51.63B,13.16%,$6.47B,$40.21B,16.50%,$6.47B,$725.84B,0.90%,$8.58B,$55.99B,16.00%,$7841,$2335,$5506,$0,$3451,$5949,$1892,$0,$1892,$406,$1487,$1487,$1500,$0,$0,$1223,1240,$1.23,$1.19,$205568,$0,$0,$640704,$1991,$60507,$11416,$9718,$85133,$725837,$600181,$4360,$69671,$74031,$674212,$14024,$31168,$1386,$51625,$725837,$4948,$472,$-6417,$-5945,$-2807,$0,$-6287,$11984,$1526,$-5954,$-169,$0,$-1844,$6515,$-2526,$3989,$-387,$1589,$-179,$0,$-179,$1198,$933,$-2349,$6045,$4450,$133,$0,$-2349
1,2018-04-30,60.58,$41.29,1.47,$24.46,2.48,$33.27,1.82,$5.37,11.28,$641.68B,$609.61B,1.05,$4.44B,$46.17B,0.1,$29.68B,$21.82B,73.54%,$29.68B,$8.70B,29.31%,$29.68B,0,0.00%,$29.68B,0,0.00%,$29.68B,$8.70B,29.31%,$29.68B,$6.50B,21.90%,$6.50B,$49.49B,13.76%,$6.50B,$39.87B,17.16%,$6.50B,$726.13B,0.91%,$8.70B,$53.93B,16.72%,$7716,$2183,$5533,$0,$3179,$5523,$2193,$0,$2193,$487,$1707,$1707,$1601,$0,$0,$1198,1198,$1.33,$1.33,$222295,$0,$0,$641675,$1874,$61948,$9621,$9615,$84459,$726134,$609608,$4442,$62593,$67035,$676643,$12316,$31173,$1398,$49492,$726134,$3539,$316,$-4452,$-4136,$-1565,$0,$-4175,$16305,$9640,$8204,$-90,$0,$0,$-1986,$-4345,$-6332,$-326,$-6748,$-183,$0,$-183,$-64,$-335,$-1588,$270,$-1836,$-344,$0,$-1588
2,2018-01-31,64.85,$40.40,1.61,$23.35,2.78,$27.87,2.33,$5.25,12.35,$643.54B,$613.86B,1.05,$4.51B,$44.78B,0.1,$28.48B,$21.23B,74.54%,$28.48B,$8.30B,29.14%,$28.48B,0,0.00%,$28.48B,0,0.00%,$28.48B,$8.30B,29.14%,$28.48B,$6.37B,22.37%,$6.37B,$48.40B,13.83%,$6.37B,$38.87B,17.31%,$6.37B,$730.21B,0.91%,$8.30B,$52.91B,16.22%,$7620,$2013,$5607,$0,$3040,$5210,$2409,$0,$2409,$561,$1849,$1849,$1779,$0,$0,$1199,1215,$1.49,$1.47,$232550,$0,$0,$643535,$1830,$63016,$9531,$10926,$86678,$730213,$613863,$4509,$63442,$67952,$681814,$12401,$30615,$554,$48399,$730213,$1849,$157,$-2170,$-2012,$109,$0,$-2168,$17358,$14815,$6864,$-19,$0,$0,$344,$-6190,$-5846,$-91,$-5956,$-89,$0,$-89,$-92,$-92,$-774,$191,$-763,$6,$0,$-774
3,2017-10-31,62.32,$39.31,1.59,$22.54,2.77,$27.40,2.27,$4.97,12.54,$621.53B,$585.64B,1.06,$4.54B,$43.64B,0.1,$27.58B,$20.77B,75.33%,$27.58B,$7.86B,28.51%,$27.58B,0,0.00%,$27.58B,0,0.00%,$27.58B,$7.86B,28.51%,$27.58B,$6.03B,21.85%,$6.03B,$47.14B,13.44%,$6.03B,$37.88B,16.88%,$6.03B,$700.18B,0.88%,$7.86B,$51.68B,15.66%,$7382,$1926,$5457,$0,$3213,$5295,$2087,$0,$2087,$429,$1658,$1658,$1590,$0,$0,$1203,1223,$1.33,$1.31,$225313,$0,$0,$621529,$1821,$56499,$9261,$9763,$78655,$700184,$585635,$4540,$62865,$67406,$653041,$11968,$29160,$1295,$47143,$700184,$6306,$582,$-7645,$-7063,$-6839,$0,$-6678,$30029,$14972,$12687,$2,$0,$175,$-10715,$1239,$-9476,$-295,$-9593,$-1148,$0,$-1148,$-532,$221,$-2905,$1588,$-2243,$742,$0,$-2905
4,2017-07-31,59.6,$36.64,1.63,$21.98,2.71,$19.34,3.08,$4.86,12.26,$609.47B,$572.06B,1.07,$5.59B,$41.61B,0.13,$26.91B,$20.47B,76.07%,$26.91B,$7.72B,28.68%,$26.91B,0,0.00%,$26.91B,0,0.00%,$26.91B,$7.72B,28.68%,$26.91B,$5.89B,21.89%,$5.89B,$43.90B,13.40%,$5.89B,$34.86B,16.91%,$5.89B,$687.00B,0.87%,$7.72B,$49.49B,15.55%,$6958,$1732,$5226,$0,$3073,$4950,$2008,$0,$2008,$414,$1594,$1594,$1528,$0,$0,$1200,1219,$1.27,$1.26,$222606,$0,$0,$609465,$1689,$55245,$9044,$10247,$77534,$687000,$572063,$5591,$65443,$71034,$643098,$11813,$28116,$522,$43902,$687000,$4679,$429,$-5443,$-5014,$-9909,$0,$-4965,$32327,$16227,$12640,$144,$0,$0,$-11037,$954,$-10083,$-74,$-10013,$0,$0,$0,$-574,$-1010,$-2138,$748,$-2400,$2,$0,$-2138
5,2017-04-30,52.7,$37.36,1.41,$21.73,2.43,$27.12,1.94,$4.79,11.0,$613.69B,$574.01B,1.07,$5.72B,$42.64B,0.13,$26.62B,$20.36B,76.48%,$26.62B,$7.68B,28.86%,$26.62B,0,0.00%,$26.62B,0,0.00%,$26.62B,$7.68B,28.86%,$26.62B,$5.79B,21.76%,$5.79B,$44.91B,13.28%,$5.79B,$35.68B,16.79%,$5.79B,$692.16B,0.85%,$7.68B,$50.63B,15.57%,$6524,$1582,$4942,$0,$3004,$4727,$1797,$0,$1797,$249,$1548,$1548,$1476,$0,$0,$1206,1223,$1.22,$1.22,$233205,$0,$0,$613686,$1769,$55811,$9226,$10213,$78470,$692156,$574011,$5723,$67513,$73236,$647247,$11726,$27212,$2454,$44909,$692156,$3057,$282,$-3416,$-3134,$-1646,$0,$-3129,$5852,$348,$1543,$135,$0,$0,$-1360,$2830,$1470,$-194,$1411,$0,$0,$0,$-360,$-792,$-1413,$580,$-1624,$1464,$0,$-1413
6,2017-01-31,56.08,$35.88,1.56,$21.64,2.59,$36.11,1.55,$4.50,12.46,$587.00B,$557.10B,1.05,$5.63B,$40.92B,0.14,$26.54B,$20.39B,76.82%,$26.54B,$7.41B,27.93%,$26.54B,0,0.00%,$26.54B,0,0.00%,$26.54B,$7.41B,27.93%,$26.54B,$5.44B,20.50%,$5.44B,$43.36B,12.79%,$5.44B,$34.32B,16.21%,$5.44B,$664.98B,0.80%,$7.41B,$48.99B,15.36%,$6712,$1563,$5149,$0,$3040,$4743,$1969,$0,$1969,$463,$1506,$1506,$1431,$0,$0,$1209,1229,$1.18,$1.18,$220738,$0,$0,$586995,$1706,$57714,$9038,$8179,$77983,$664978,$557103,$5628,$58890,$64518,$621621,$11714,$26729,$1295,$43357,$664978,$1506,$140,$-1880,$-1740,$1484,$0,$-1678,$6783,$6167,$6221,$131,$0,$0,$-1607,$-1304,$-2910,$14,$-2765,$0,$0,$0,$0,$-259,$-700,$-1514,$-2473,$838,$0,$-700
7,2016-10-31,49.95,$36.11,1.38,$21.10,2.37,$38.73,1.29,$4.39,11.38,$595.35B,$561.39B,1.06,$5.76B,$40.90B,0.14,$25.85B,$19.88B,76.90%,$25.85B,$7.09B,27.43%,$25.85B,0,0.00%,$25.85B,0,0.00%,$25.85B,$7.09B,27.43%,$25.85B,$5.27B,20.39%,$5.27B,$43.61B,12.60%,$5.27B,$34.46B,15.97%,$5.27B,$676.05B,0.78%,$7.09B,$49.37B,14.90%,$6714,$1561,$5153,$0,$3071,$4772,$1942,$0,$1942,$409,$1533,$1533,$1454,$0,$0,$1204,1226,$1.20,$1.20,$224127,$0,$0,$595350,$1901,$58246,$9158,$9875,$80703,$676053,$561388,$5758,$65294,$71051,$632439,$11701,$26213,$1804,$43614,$676053,$5558,$516,$-7284,$-6768,$561,$0,$-5874,$9324,$2902,$3092,$-262,$0,$-792,$21458,$-22155,$-698,$-325,$-2077,$1079,$0,$1079,$235,$732,$-2714,$1,$-902,$99,$0,$-2714
8,2016-07-31,46.67,$35.37,1.32,$20.89,2.23,$45.34,1.03,$4.29,10.88,$619.06B,$583.05B,1.06,$5.86B,$40.23B,0.15,$25.60B,$19.82B,77.41%,$25.60B,$6.58B,25.68%,$25.60B,0,0.00%,$25.60B,0,0.00%,$25.60B,$6.89B,26.91%,$25.60B,$5.17B,20.18%,$5.17B,$42.62B,12.39%,$5.17B,$33.61B,15.73%,$5.17B,$698.81B,0.76%,$6.58B,$48.47B,13.92%,$6672,$1555,$5117,$0,$3008,$4696,$1976,$0,$1976,$466,$1510,$1510,$1433,$0,$0,$1203,1222,$1.19,$1.19,$246695,$0,$0,$619056,$1881,$57111,$9011,$10110,$79758,$698814,$583045,$5855,$67297,$73152,$656197,$11801,$26008,$1308,$42617,$698814,$4128,$386,$-5697,$-5311,$-864,$0,$-4556,$30377,$23788,$22550,$-227,$0,$-809,$3690,$-21092,$-17402,$-96,$-18534,$1102,$0,$1102,$86,$210,$-2061,$-2596,$-3345,$563,$0,$-2061
9,2016-04-30,47.16,$33.71,1.4,$20.28,2.33,$41.15,1.15,$4.26,11.07,$598.57B,$560.50B,1.07,$5.65B,$37.96B,0.15,$24.90B,$19.24B,77.24%,$24.90B,$6.46B,25.92%,$24.90B,0,0.00%,$24.90B,0,0.00%,$24.90B,$6.77B,27.18%,$24.90B,$5.18B,20.79%,$5.18B,$40.55B,12.41%,$5.18B,$31.85B,15.74%,$5.18B,$674.17B,0.76%,$6.46B,$46.20B,13.73%,$6440,$1473,$4967,$0,$3315,$4915,$1525,$0,$1525,$332,$1193,$1193,$1122,$0,$0,$1203,1228,$0.93,$0.93,$239354,$0,$0,$598567,$1745,$53218,$8694,$10238,$75607,$674174,$560503,$5649,$67475,$73124,$633627,$11446,$24676,$750,$40547,$674174,$2560,$247,$-3675,$-3428,$-3302,$0,$-2863,$21807,$14982,$12823,$-93,$0,$-791,$8531,$-19488,$-10957,$108,$-11733,$1089,$0,$1089,$-6,$374,$-1333,$-823,$-692,$221,$0,$-1333
10,2016-01-31,35.91,$33.72,1.07,$19.73,1.82,$33.24,1.08,$4.47,8.03,$600.63B,$549.88B,1.09,$5.66B,$38.17B,0.15,$24.24B,$18.68B,77.05%,$24.24B,$6.76B,27.88%,$24.24B,0,0.00%,$24.24B,0,0.00%,$24.24B,$7.06B,29.11%,$24.24B,$5.46B,22.54%,$5.46B,$40.56B,13.09%,$5.46B,$32.09B,16.60%,$5.46B,$670.21B,0.80%,$6.76B,$46.22B,14.42%,$6021,$1383,$4639,$0,$2877,$4376,$1646,$0,$1646,$324,$1322,$1322,$1261,$0,$0,$1203,1225,$1.05,$1.04,$245724,$0,$0,$600627,$1705,$47178,$8469,$10564,$69587,$670214,$549876,$5655,$74122,$79777,$629653,$11057,$23431,$2605,$40561,$670214,$1322,$116,$-1697,$-1581,$-3051,$0,$-1487,$10792,$5952,$9612,$-67,$0,$-1270,$2572,$-11323,$-8751,$-167,$-10256,$1068,$0,$1068,$-14,$241,$-635,$395,$1069,$571,$0,$-635
11,2015-10-31,40.29,$0.00,0.0,$20.12,2.0,$29.53,1.36,$4.48,8.99,$629.31B,$570.95B,1.1,$4.98B,$40.74B,0.12,$24.70B,$18.90B,76.52%,$24.70B,$6.83B,27.64%,$24.70B,0,0.00%,$24.70B,0,0.00%,$24.70B,$7.31B,29.58%,$24.70B,$5.52B,22.35%,$5.52B,$43.10B,12.95%,$5.52B,$33.87B,16.47%,$5.52B,$690.27B,0.79%,$6.83B,$48.08B,14.40%,$6467,$1374,$5093,$0,$3545,$5039,$1428,$0,$1741,$336,$1405,$1351,$1351,$0,$0,$1205,1227,$1.11,$1.10,$251392,$0,$0,$629306,$0,$38079,$9227,$11812,$59118,$690266,$570946,$4982,$71238,$76221,$647167,$12202,$25238,$0,$43100,$690266,$5813,$471,$0,$471,$0,$0,$0,$0,$8481,$11160,$-227,$0,$-565,$0,$0,$-9254,$-849,$-10895,$0,$0,$991,$0,$-688,$-2745,$2654,$212,$722,$0,$0
12,2015-07-31,41.62,$0.00,0.0,$20.27,2.05,$24.12,1.73,$4.35,9.57,$627.34B,$614.26B,1.02,$4.97B,$40.23B,0.12,$24.86B,$18.82B,75.67%,$24.86B,$6.84B,27.50%,$24.86B,0,0.00%,$24.86B,0,0.00%,$24.86B,$7.20B,28.96%,$24.86B,$5.38B,21.63%,$5.38B,$42.59B,12.47%,$5.38B,$33.72B,15.88%,$5.38B,$694.08B,0.76%,$6.84B,$47.56B,14.30%,$5976,$1439,$4537,$0,$2565,$4120,$1856,$0,$1858,$372,$1485,$1443,$1443,$0,$0,$1210,1231,$1.17,$1.16,$264611,$0,$0,$627344,$0,$36408,$8876,$19650,$64934,$694076,$614255,$4973,$32256,$37230,$651485,$12212,$24641,$0,$42591,$694076,$4319,$343,$0,$343,$0,$0,$0,$0,$-14850,$17338,$0,$0,$0,$0,$0,$-26839,$11452,$-15388,$0,$0,$0,$0,$64,$-2039,$626,$-1349,$877,$0,$0
13,2015-04-30,45.76,$0.00,0.0,$21.68,2.11,$9.52,4.8,$4.88,9.38,$603.35B,$595.97B,1.01,$4.91B,$38.41B,0.13,$26.56B,$20.25B,76.25%,$26.56B,$7.68B,28.93%,$26.56B,0,0.00%,$26.56B,0,0.00%,$26.56B,$8.07B,30.38%,$26.56B,$6.03B,22.72%,$6.03B,$40.75B,13.81%,$6.03B,$32.02B,17.68%,$6.03B,$669.73B,0.84%,$7.68B,$45.66B,15.93%,$5775,$1368,$4407,$0,$2464,$3947,$1828,$0,$1812,$374,$1438,$1409,$1409,$0,$0,$1210,1231,$1.15,$1.14,$254580,$0,$0,$603346,$0,$34938,$8738,$20960,$64637,$669729,$595970,$4907,$28098,$33005,$628974,$12149,$23987,$0,$40754,$669729,$2818,$226,$0,$226,$0,$0,$0,$0,$0,$3018,$0,$0,$0,$0,$0,$-19389,$17941,$-1448,$0,$989,$0,$0,$38,$-1348,$-1105,$-1426,$230,$0,$0
14,2015-01-31,39.03,$0.00,0.0,$22.71,1.72,$13.43,2.91,$5.02,7.77,$660.78B,$650.82B,1.02,$4.28B,$41.52B,0.1,$27.77B,$21.22B,76.41%,$27.77B,$8.18B,29.46%,$27.77B,0,0.00%,$27.77B,0,0.00%,$27.77B,$8.39B,30.20%,$27.77B,$6.23B,22.43%,$6.23B,$44.04B,14.08%,$6.23B,$34.52B,18.10%,$6.23B,$733.04B,0.85%,$8.18B,$48.32B,16.82%,$6481,$1618,$4863,$0,$3030,$4767,$1714,$0,$1896,$410,$1485,$1318,$1318,$0,$0,$1213,1221,$1.09,$1.08,$282229,$0,$0,$660776,$0,$38561,$9524,$22167,$70252,$733037,$650819,$4279,$33897,$38176,$688995,$13056,$25043,$0,$44041,$733037,$1485,$120,$0,$120,$0,$0,$0,$0,$0,$5034,$-50,$0,$0,$0,$0,$-11425,$8859,$-2616,$0,$0,$0,$0,$24,$-716,$-1130,$-1822,$907,$0,$0
15,2014-10-31,49.3,$0.00,0.0,$23.00,2.14,$10.47,4.71,$5.13,9.61,$669.36B,$657.74B,1.02,$4.47B,$42.49B,0.11,$28.11B,$21.46B,76.37%,$28.11B,$8.33B,29.64%,$28.11B,0,0.00%,$28.11B,0,0.00%,$28.11B,$8.54B,30.38%,$28.11B,$6.36B,22.63%,$6.36B,$45.19B,14.35%,$6.36B,$35.19B,18.52%,$6.36B,$739.76B,0.87%,$8.33B,$49.66B,16.99%,$6631,$1623,$5008,$0,$3448,$5192,$1439,$0,$1635,$338,$1297,$1208,$1208,$0,$0,$1217,1223,$0.97,$0.97,$279757,$0,$0,$669358,$0,$38677,$9994,$19648,$68319,$739763,$657738,$4473,$32367,$36839,$694577,$13985,$26269,$0,$45186,$739763,$6701,$483,$0,$483,$0,$0,$0,$0,$0,$4540,$-254,$0,$0,$0,$0,$-284,$0,$-538,$0,$0,$-918,$0,$-1056,$0,$-1869,$-3844,$348,$0,$0
16,2014-07-31,53.56,$0.00,0.0,$23.22,2.31,$14.75,3.63,$5.38,9.96,$660.17B,$652.11B,1.01,$4.51B,$42.09B,0.11,$28.29B,$21.48B,75.93%,$28.29B,$8.76B,30.94%,$28.29B,0,0.00%,$28.29B,0,0.00%,$28.29B,$8.97B,31.70%,$28.29B,$6.68B,23.60%,$6.68B,$44.80B,15.02%,$6.68B,$34.79B,19.44%,$6.68B,$731.91B,0.92%,$8.76B,$49.30B,17.69%,$7674,$1700,$5975,$0,$3148,$4971,$2703,$0,$2727,$553,$2174,$2099,$2099,$0,$0,$1217,1225,$1.70,$1.69,$272770,$0,$0,$660166,$0,$38879,$10005,$20796,$69680,$731908,$652111,$4506,$30494,$35000,$687110,$14001,$26092,$0,$44798,$731908,$0,$0,$0,$0,$0,$0,$0,$0,$0,$-628,$0,$0,$0,$0,$0,$0,$4080,$4080,$0,$0,$0,$0,$0,$0,$-3409,$-3409,$193,$0,$0
17,2014-04-30,47.11,$0.00,0.0,$22.73,2.07,$22.11,2.13,$4.99,9.44,$645.18B,$640.45B,1.01,$4.40B,$40.00B,0.11,$27.59B,$20.72B,75.09%,$27.59B,$8.06B,29.22%,$27.59B,0,0.00%,$27.59B,0,0.00%,$27.59B,$8.40B,30.45%,$27.59B,$6.20B,22.46%,$6.20B,$42.93B,14.00%,$6.20B,$33.17B,18.18%,$6.20B,$716.24B,0.85%,$8.06B,$47.33B,16.17%,$6986,$1611,$5375,$0,$2932,$4660,$2327,$0,$2130,$502,$1628,$1603,$1603,$0,$0,$1215,1222,$1.29,$1.28,$266279,$0,$0,$645183,$0,$38828,$9764,$20451,$69044,$716237,$640445,$4400,$28462,$32862,$673307,$13568,$24288,$0,$42930,$716237,$3174,$233,$0,$233,$0,$0,$0,$0,$-4685,$7869,$-101,$0,$14,$0,$0,$-23862,$18960,$-4990,$0,$0,$0,$0,$-337,$-1465,$-792,$-2593,$453,$0,$0
18,2014-01-31,42.08,$0.00,0.0,$22.67,1.86,$24.41,1.72,$4.90,8.59,$659.58B,$654.33B,1.01,$5.51B,$40.80B,0.14,$27.47B,$20.37B,74.17%,$27.47B,$7.63B,27.79%,$27.47B,0,0.00%,$27.47B,0,0.00%,$27.47B,$8.28B,30.13%,$27.47B,$6.08B,22.13%,$6.08B,$44.39B,13.69%,$6.08B,$34.25B,17.83%,$6.08B,$733.83B,0.83%,$7.63B,$49.90B,15.07%,$6816,$1710,$5106,$0,$3123,$4954,$1862,$0,$2047,$445,$1602,$1451,$1451,$0,$0,$1209,1217,$1.20,$1.19,$270728,$0,$0,$659581,$0,$40693,$10145,$21301,$72138,$733830,$654330,$5506,$29599,$35106,$689435,$13957,$24305,$0,$44394,$733830,$1602,$121,$0,$121,$0,$0,$0,$0,$-97,$1419,$-57,$0,$14,$0,$0,$-963,$-109,$-1115,$0,$0,$0,$0,$112,$-748,$380,$-257,$248,$0,$0
19,2013-10-31,46.19,$0.00,0.0,$22.81,2.02,$31.39,1.47,$4.93,9.37,$655.51B,$617.82B,1.06,$5.73B,$41.67B,0.14,$27.57B,$20.25B,73.46%,$27.57B,$7.61B,27.60%,$27.57B,0,0.00%,$27.57B,0,0.00%,$27.57B,$8.30B,30.11%,$27.57B,$6.15B,22.29%,$6.15B,$45.68B,13.93%,$6.15B,$35.18B,18.22%,$6.15B,$729.88B,0.84%,$7.61B,$51.41B,14.86%,$6818,$1790,$5028,$0,$3039,$4956,$1863,$0,$2065,$420,$1645,$1524,$1524,$0,$0,$1204,1210,$1.23,$1.22,$260878,$0,$0,$655507,$0,$38857,$10504,$22825,$72185,$729879,$617822,$5732,$60645,$66377,$684199,$14245,$24842,$0,$45680,$729879,$6572,$510,$0,$510,$0,$0,$0,$0,$1858,$9562,$-143,$0,$-3375,$0,$0,$668,$-318,$-3168,$0,$0,$-4131,$0,$938,$-3160,$-717,$-7070,$-576,$0,$0
20,2013-07-31,42.41,$0.00,0.0,$22.94,1.85,$31.21,1.36,$4.90,8.66,$645.40B,$609.17B,1.06,$6.81B,$39.73B,0.17,$27.57B,$20.91B,75.82%,$27.57B,$8.19B,29.71%,$27.57B,0,0.00%,$27.57B,0,0.00%,$27.57B,$8.10B,29.38%,$27.57B,$6.09B,22.07%,$6.09B,$43.99B,14.16%,$6.09B,$33.71B,18.40%,$6.09B,$720.64B,0.85%,$8.19B,$50.80B,16.01%,$6971,$1760,$5210,$0,$3073,$4961,$2010,$0,$2159,$443,$1716,$1618,$1618,$0,$0,$1198,1207,$1.31,$1.30,$259916,$0,$0,$645395,$0,$38978,$10276,$23833,$73087,$720643,$609174,$6812,$60672,$67485,$676658,$13768,$23777,$0,$43985,$720643,$4846,$377,$0,$377,$0,$0,$0,$0,$2853,$8391,$-124,$0,$-3272,$0,$0,$-685,$-213,$-4294,$0,$0,$-3649,$0,$903,$-2339,$167,$-4917,$-774,$0,$0
21,2013-04-30,42.41,$0.00,0.0,$23.17,1.83,$39.89,1.06,$5.29,8.02,$666.96B,$623.39B,1.07,$6.97B,$39.16B,0.18,$27.57B,$20.85B,75.61%,$27.57B,$8.76B,31.78%,$27.57B,0,0.00%,$27.57B,0,0.00%,$27.57B,$8.39B,30.44%,$27.57B,$6.54B,23.72%,$6.54B,$43.47B,15.78%,$6.54B,$33.18B,20.45%,$6.54B,$741.64B,0.93%,$8.76B,$50.44B,17.66%,$6863,$1835,$5028,$0,$3003,$4966,$1897,$0,$2004,$430,$1574,$1485,$1485,$0,$0,$1193,1213,$1.20,$1.19,$278839,$0,$0,$666961,$0,$39971,$10290,$22187,$72449,$741637,$623386,$6969,$67808,$74778,$698164,$13673,$23175,$0,$43473,$741637,$3172,$254,$0,$254,$0,$0,$0,$0,$6646,$10574,$-76,$0,$-3416,$0,$0,$2628,$-7352,$-8216,$0,$0,$-2960,$0,$637,$-1477,$948,$-2852,$-472,$0,$0
22,2013-01-31,42.88,$0.00,0.0,$22.70,1.89,$49.54,0.87,$5.22,8.22,$662.56B,$646.15B,1.03,$8.84B,$38.85B,0.23,$26.77B,$20.10B,75.08%,$26.77B,$8.50B,31.77%,$26.77B,0,0.00%,$26.77B,0,0.00%,$26.77B,$8.27B,30.91%,$26.77B,$6.48B,24.20%,$6.48B,$43.27B,16.28%,$6.48B,$32.85B,21.09%,$6.48B,$741.52B,0.95%,$8.50B,$52.11B,17.73%,$6914,$1931,$4983,$0,$3016,$5076,$1838,$0,$2073,$437,$1636,$1518,$1518,$0,$0,$1186,1204,$1.23,$1.22,$271225,$0,$0,$662556,$0,$43719,$10417,$22511,$76648,$741516,$646150,$8841,$43260,$52101,$698251,$13647,$22967,$0,$43265,$741516,$1636,$129,$0,$129,$0,$0,$0,$0,$4941,$9821,$-64,$0,$-3236,$0,$0,$-6725,$-99,$-10124,$0,$0,$-1309,$0,$294,$-736,$927,$-824,$-1133,$0,$0
23,2012-10-31,39.22,$0.00,0.0,$23.53,1.67,$48.47,0.81,$5.21,7.53,$564.47B,$545.76B,1.03,$10.10B,$36.84B,0.27,$27.02B,$19.90B,73.65%,$27.02B,$8.67B,32.08%,$27.02B,0,0.00%,$27.02B,0,0.00%,$27.02B,$8.01B,29.64%,$27.02B,$6.41B,23.71%,$6.41B,$41.20B,17.16%,$6.41B,$32.55B,22.10%,$6.41B,$665.17B,0.98%,$8.67B,$51.30B,19.27%,$6823,$1139,$5684,$0,$3118,$4377,$2446,$0,$1863,$317,$1546,$1465,$1465,$0,$0,$1166,1184,$1.21,$1.19,$201272,$0,$0,$564469,$0,$37957,$8655,$51840,$98452,$665171,$545755,$10099,$68116,$78215,$623970,$13083,$21883,$0,$41201,$665171,$6438,$448,$0,$448,$0,$0,$0,$0,$857,$8034,$969,$0,$-456,$0,$0,$-3063,$-8735,$-11285,$0,$0,$3216,$0,$4182,$-2860,$-461,$4077,$739,$0,$0
24,2012-07-31,37.25,$0.00,0.0,$23.77,1.57,$41.52,0.9,$5.10,7.3,$592.70B,$576.55B,1.03,$6.79B,$33.55B,0.2,$26.73B,$18.39B,68.80%,$26.73B,$7.45B,27.88%,$26.73B,0,0.00%,$26.73B,0,0.00%,$26.73B,$7.80B,29.17%,$26.73B,$6.14B,22.99%,$6.14B,$37.86B,17.30%,$6.14B,$29.30B,22.44%,$6.14B,$659.12B,0.97%,$7.45B,$44.65B,17.68%,$6973,$1820,$5153,$0,$2455,$4390,$2583,$0,$2452,$434,$2018,$2071,$2071,$0,$0,$1142,1160,$1.72,$1.69,$241913,$0,$0,$592695,$0,$34469,$8567,$21275,$64311,$659117,$576546,$6787,$37921,$44708,$621254,$10982,$20909,$0,$37863,$659117,$4867,$326,$0,$326,$0,$0,$0,$0,$11724,$16876,$1135,$0,$-455,$0,$0,$-16120,$-241,$-15680,$0,$0,$-20,$0,$2198,$-1954,$-655,$-431,$676,$0,$0
25,2012-04-30,38.76,$0.00,0.0,$24.26,1.6,$12.63,3.07,$4.55,8.52,$564.58B,$485.96B,1.16,$6.93B,$32.46B,0.21,$26.80B,$17.70B,66.03%,$26.80B,$6.71B,25.02%,$26.80B,0,0.00%,$26.80B,0,0.00%,$26.80B,$7.02B,26.20%,$26.80B,$5.36B,20.00%,$5.36B,$36.87B,15.70%,$5.36B,$28.19B,20.40%,$5.36B,$663.32B,0.88%,$6.71B,$43.80B,16.54%,$6058,$1780,$4278,$0,$2534,$4422,$1636,$0,$1885,$417,$1468,$1425,$1425,$0,$0,$1134,1168,$1.15,$1.12,$217615,$0,$0,$564579,$0,$33518,$8680,$53894,$96093,$663318,$485960,$6934,$133556,$140489,$626450,$11024,$20047,$0,$36869,$663318,$2912,$215,$0,$215,$0,$0,$0,$0,$18040,$21374,$9,$0,$-586,$0,$0,$1366,$-20073,$-19283,$0,$0,$-10,$0,$2052,$-1310,$-46,$686,$2736,$0,$0
26,2012-01-31,35.52,$0.00,0.0,$25.64,1.38,$-23.57,0.0,$4.82,7.37,$522.35B,$511.89B,1.02,$6.79B,$29.15B,0.23,$27.84B,$18.10B,65.00%,$27.84B,$7.11B,25.54%,$27.84B,0,0.00%,$27.84B,0,0.00%,$27.84B,$7.01B,25.19%,$27.84B,$5.49B,19.72%,$5.49B,$33.44B,16.76%,$5.49B,$25.93B,21.77%,$5.49B,$624.12B,0.94%,$7.11B,$40.23B,18.28%,$7170,$2382,$4788,$0,$2679,$5165,$2005,$0,$1811,$405,$1407,$1446,$1446,$0,$0,$1092,1092,$1.24,$1.21,$188055,$0,$0,$522354,$0,$34115,$7516,$57567,$99199,$624123,$511892,$6789,$71997,$78786,$590679,$8885,$18835,$0,$33444,$624123,$1407,$104,$0,$104,$0,$0,$0,$0,$5887,$7610,$67,$0,$-492,$0,$0,$-7221,$-40,$-7687,$0,$0,$0,$0,$171,$-609,$79,$-359,$-436,$0,$0
27,2011-10-31,36.04,$0.00,0.0,$25.29,1.42,$-41.38,0.0,$4.71,7.65,$457.44B,$472.63B,0.97,$6.01B,$29.43B,0.2,$27.19B,$17.62B,64.79%,$27.19B,$6.86B,25.22%,$27.19B,0,0.00%,$27.19B,0,0.00%,$27.19B,$6.77B,24.90%,$27.19B,$5.25B,19.31%,$5.25B,$33.87B,16.63%,$5.25B,$26.10B,21.00%,$5.25B,$583.37B,0.93%,$6.86B,$39.88B,18.28%,$6525,$2356,$4169,$0,$2941,$5297,$1228,$0,$1649,$335,$1314,$1201,$1201,$0,$0,$1086,1087,$1.08,$1.08,$154529,$0,$0,$457442,$0,$57343,$7772,$58222,$123337,$583367,$472631,$6007,$70858,$76865,$549496,$8454,$25010,$0,$33871,$583367,$5342,$417,$0,$417,$0,$0,$0,$0,$-5413,$1078,$-371,$0,$0,$0,$0,$1237,$-35120,$-34254,$0,$0,$0,$0,$746,$-2450,$35512,$33808,$572,$0,$0
28,2011-07-31,38.49,$0.00,0.0,$25.05,1.54,$-45.15,0.0,$4.62,8.33,$463.35B,$466.49B,0.99,$5.91B,$27.97B,0.21,$26.67B,$17.31B,64.93%,$26.67B,$7.06B,26.47%,$26.67B,0,0.00%,$26.67B,0,0.00%,$26.67B,$6.63B,24.86%,$26.67B,$5.13B,19.23%,$5.13B,$32.35B,17.09%,$5.13B,$24.87B,20.95%,$5.13B,$567.69B,0.93%,$7.06B,$38.25B,19.58%,$7047,$2586,$4461,$0,$2624,$5210,$1837,$0,$1676,$391,$1285,$1288,$1288,$0,$0,$1082,1084,$1.14,$1.14,$162243,$0,$0,$463345,$0,$52461,$7482,$41908,$101851,$567689,$466489,$5905,$62946,$68851,$535340,$8142,$24066,$0,$32349,$567689,$3952,$0,$0,$0,$0,$0,$0,$0,$-19081,$-14254,$-222,$0,$0,$0,$0,$-4610,$-22020,$-26852,$0,$7420,$-500,$0,$535,$-1797,$35480,$41138,$-84,$0,$0
29,2011-04-30,41.03,$0.00,0.0,$24.04,1.71,$-36.69,0.0,$4.41,9.3,$467.96B,$470.47B,1.0,$5.89B,$26.97B,0.22,$25.30B,$16.34B,64.56%,$25.30B,$6.40B,25.31%,$25.30B,0,0.00%,$25.30B,0,0.00%,$25.30B,$6.44B,25.44%,$25.30B,$4.85B,19.16%,$4.85B,$31.36B,16.98%,$4.85B,$23.96B,20.15%,$4.85B,$571.54B,0.90%,$6.40B,$37.25B,18.45%,$7101,$2420,$4681,$0,$2640,$5060,$2041,$0,$1877,$334,$1543,$1555,$1555,$0,$0,$1079,1080,$1.39,$1.39,$173545,$0,$0,$467957,$0,$52672,$7394,$41046,$101112,$571541,$470474,$5887,$63822,$69709,$540183,$7971,$23436,$0,$31358,$571541,$2693,$0,$0,$0,$0,$0,$0,$0,$-22347,$-19131,$-193,$0,$0,$0,$0,$-18725,$-15225,$-34143,$0,$6004,$-500,$0,$2595,$-1179,$46421,$53341,$-54,$0,$0
30,2011-01-31,37.73,$0.00,0.0,$23.10,1.63,$-31.54,0.0,$4.03,9.36,$448.63B,$451.76B,0.99,$5.91B,$24.11B,0.25,$24.01B,$15.49B,64.52%,$24.01B,$5.90B,24.55%,$24.01B,0,0.00%,$24.01B,0,0.00%,$24.01B,$6.13B,25.52%,$24.01B,$4.38B,18.25%,$4.38B,$28.71B,16.18%,$4.38B,$25.10B,18.54%,$4.38B,$541.27B,0.83%,$5.90B,$34.63B,17.66%,$6519,$2213,$4306,$0,$2555,$4768,$1751,$0,$1570,$370,$1200,$1207,$1207,$0,$0,$1044,1050,$1.11,$1.10,$156446,$0,$0,$448625,$0,$52220,$3611,$34343,$90174,$541268,$451756,$5913,$54885,$60798,$512554,$5933,$22533,$0,$28714,$541268,$1174,$0,$0,$0,$0,$0,$0,$0,$-12772,$-11243,$-74,$0,$0,$0,$0,$-6927,$-5244,$-12245,$0,$7857,$-500,$0,$166,$-563,$16520,$23480,$-50,$0,$0
31,2010-10-31,35.36,$0.00,0.0,$22.45,1.58,$-22.31,0.0,$3.82,9.26,$430.47B,$431.07B,1.0,$6.44B,$23.66B,0.27,$23.20B,$14.93B,64.36%,$23.20B,$5.51B,23.76%,$23.20B,0,0.00%,$23.20B,0,0.00%,$23.20B,$6.08B,26.22%,$23.20B,$4.14B,17.83%,$4.14B,$27.63B,15.76%,$4.14B,$23.99B,18.09%,$4.14B,$526.66B,0.79%,$5.51B,$34.07B,16.87%,$5998,$2132,$3866,$0,$2437,$4569,$1429,$0,$1505,$390,$1115,$1078,$1078,$0,$0,$1039,1040,$0.99,$0.99,$138631,$0,$0,$430471,$6274,$51879,$3639,$38218,$100010,$526657,$431071,$6439,$60937,$67955,$499026,$5750,$21932,$0,$27631,$526657,$4239,$334,$0,$334,$0,$0,$0,$0,$-8959,$-2945,$-304,$0,$0,$0,$0,$-1776,$-23653,$-25733,$0,$10976,$-11,$0,$1018,$-2224,$19430,$29189,$375,$0,$0
32,2010-07-31,32.83,$0.00,0.0,$21.96,1.5,$-30.13,0.0,$3.62,9.07,$429.25B,$434.03B,0.99,$6.42B,$22.50B,0.29,$22.63B,$14.50B,64.07%,$22.63B,$5.03B,22.23%,$22.63B,0,0.00%,$22.63B,0,0.00%,$22.63B,$5.83B,25.76%,$22.63B,$3.91B,17.29%,$3.91B,$26.48B,15.32%,$3.91B,$23.16B,17.63%,$3.91B,$523.42B,0.76%,$5.03B,$32.90B,15.74%,$5686,$2204,$3482,$0,$2299,$4503,$1183,$0,$1485,$399,$1086,$1008,$1008,$0,$0,$1034,1036,$0.93,$0.93,$142789,$0,$0,$429251,$0,$52005,$3312,$36455,$91772,$523424,$434034,$6424,$55921,$62915,$496949,$5521,$21397,$0,$26475,$523424,$3147,$0,$0,$0,$0,$0,$0,$0,$-9527,$-4847,$-215,$0,$0,$0,$0,$-8351,$-17901,$-26467,$0,$10880,$-11,$0,$813,$-1663,$21866,$31885,$434,$0,$0
33,2010-04-30,32.99,$0.00,0.0,$22.09,1.49,$-34.84,0.0,$3.48,9.48,$429.18B,$442.80B,0.97,$6.38B,$21.58B,0.3,$22.68B,$14.24B,62.79%,$22.68B,$4.56B,20.11%,$22.68B,0,0.00%,$22.68B,0,0.00%,$22.68B,$5.61B,24.72%,$22.68B,$3.76B,16.55%,$3.76B,$25.55B,15.16%,$3.76B,$22.30B,27.01%,$3.76B,$526.13B,0.74%,$4.56B,$31.93B,14.62%,$5809,$1971,$3838,$0,$2305,$4276,$1533,$0,$1568,$444,$1124,$1090,$1090,$0,$0,$1030,1031,$1.01,$1.01,$147911,$0,$0,$429179,$0,$54794,$3256,$36576,$94626,$526125,$442804,$6381,$50849,$57769,$500573,$5332,$20894,$0,$25552,$526125,$2085,$0,$0,$0,$0,$0,$0,$0,$-16391,$-13068,$-75,$0,$0,$0,$0,$-16206,$-9924,$-26205,$0,$13372,$-11,$0,$630,$-1105,$26931,$39817,$388,$0,$0
34,2010-01-31,27.02,$0.00,0.0,$21.44,1.26,$-32.55,0.0,$3.12,8.66,$408.18B,$425.40B,0.96,$6.45B,$21.65B,0.3,$21.93B,$12.77B,58.21%,$21.93B,$3.02B,13.75%,$21.93B,0,0.00%,$21.93B,0,0.00%,$21.93B,$5.26B,23.98%,$21.93B,$3.37B,15.35%,$3.37B,$25.36B,13.96%,$3.37B,$22.03B,25.49%,$3.37B,$507.63B,0.67%,$3.02B,$31.80B,9.83%,$5711,$1963,$3748,$0,$2380,$4343,$1368,$0,$1526,$512,$1014,$961,$961,$0,$0,$1025,1028,$0.89,$0.89,$132367,$0,$0,$408183,$0,$58075,$3325,$35721,$97121,$507626,$425400,$6445,$49863,$56869,$482269,$5096,$20353,$0,$25357,$507626,$988,$0,$0,$0,$0,$0,$0,$0,$-3160,$-1590,$-5,$0,$0,$0,$0,$-12996,$-3367,$-16368,$0,$1780,$-11,$0,$147,$-551,$16662,$18027,$29,$0,$0
35,2009-10-31,26.55,$0.00,0.0,$22.71,1.17,$-32.36,0.0,$3.04,8.73,$395.00B,$411.26B,0.96,$6.44B,$21.06B,0.31,$23.06B,$12.46B,54.01%,$23.06B,$2.79B,12.11%,$23.06B,0,0.00%,$23.06B,0,0.00%,$23.06B,$4.79B,20.79%,$23.06B,$3.26B,14.13%,$3.26B,$24.77B,13.88%,$3.26B,$21.30B,25.94%,$3.26B,$496.52B,0.65%,$2.79B,$31.22B,9.35%,$5425,$1994,$3431,$0,$2484,$4478,$947,$0,$1251,$321,$930,$854,$854,$0,$0,$1015,1028,$0.80,$0.79,$119118,$0,$0,$395003,$2372,$59227,$3469,$36445,$101513,$496516,$411258,$6444,$53488,$60486,$471744,$4946,$19916,$0,$24772,$496516,$3547,$330,$0,$330,$0,$0,$0,$0,$-17242,$-11047,$-199,$0,$0,$0,$0,$-5591,$-2339,$-8129,$0,$4274,$1641,$0,$1185,$-2176,$15242,$20166,$781,$0,$0
36,2009-07-31,26.86,$0.00,0.0,$23.64,1.14,$-1.65,0.0,$2.53,10.61,$371.56B,$394.52B,0.94,$6.46B,$19.69B,0.33,$23.82B,$11.32B,47.51%,$23.82B,$1.97B,8.29%,$23.82B,0,0.00%,$23.82B,0,0.00%,$23.82B,$3.89B,16.34%,$23.82B,$2.71B,11.38%,$2.71B,$23.40B,11.94%,$2.71B,$-10.02B,22.58%,$2.71B,$485.86B,0.54%,$1.97B,$29.86B,6.88%,$5737,$2511,$3226,$0,$2513,$5024,$713,$0,$1262,$303,$959,$850,$850,$0,$0,$1017,1020,$0.79,$0.79,$103511,$0,$0,$371564,$0,$66812,$3416,$41692,$111920,$485856,$394522,$6458,$60959,$67937,$492459,$4768,$19561,$0,$23397,$485856,$2645,$0,$0,$0,$0,$0,$0,$0,$-14068,$-9648,$-144,$0,$0,$0,$0,$7009,$492,$7357,$0,$2966,$1658,$0,$1034,$-1626,$-789,$3243,$734,$0,$0
37,2009-04-30,17.69,$0.00,0.0,$24.68,0.72,$17.64,1.0,$2.68,6.6,$406.63B,$415.68B,0.98,$6.86B,$19.20B,0.36,$24.70B,$11.19B,45.30%,$24.70B,$2.33B,9.44%,$24.70B,0,0.00%,$24.70B,0,0.00%,$24.70B,$3.94B,15.96%,$24.70B,$2.83B,11.44%,$2.83B,$22.91B,12.76%,$2.83B,$19.51B,14.71%,$2.83B,$513.57B,0.57%,$2.33B,$29.77B,8.50%,$5060,$2698,$2362,$0,$2375,$5073,$-13,$0,$1221,$319,$902,$701,$701,$0,$0,$1014,1016,$0.65,$0.65,$109894,$0,$0,$406634,$0,$51004,$3394,$50092,$104490,$513567,$415676,$6859,$67588,$74983,$490659,$4629,$19179,$0,$22908,$513567,$1714,$0,$0,$0,$0,$0,$0,$0,$-13108,$-10496,$-127,$0,$0,$0,$0,$1532,$-1534,$-129,$0,$9431,$2000,$0,$897,$-1078,$-222,$11028,$345,$0,$0
38,2009-01-31,14.7,$0.00,0.0,$26.51,0.55,$25.84,0.57,$3.00,4.9,$402.79B,$407.26B,0.99,$5.91B,$19.10B,0.31,$26.40B,$12.02B,45.52%,$26.40B,$3.60B,13.62%,$26.40B,0,0.00%,$26.40B,0,0.00%,$26.40B,$3.94B,14.93%,$26.40B,$3.10B,11.76%,$3.10B,$22.81B,14.45%,$3.10B,$19.43B,16.51%,$3.10B,$509.83B,0.64%,$3.60B,$28.72B,13.81%,$6842,$3404,$3438,$0,$2291,$5695,$1147,$0,$1060,$190,$870,$853,$853,$0,$0,$1001,1003,$0.81,$0.81,$98508,$0,$0,$402786,$0,$47054,$3381,$54186,$104621,$509829,$407255,$5907,$73305,$79761,$487016,$4496,$18853,$0,$22813,$509829,$842,$0,$0,$0,$0,$0,$0,$0,$-2257,$-1313,$-51,$0,$0,$0,$0,$5434,$-3612,$1771,$0,$-190,$1000,$0,$767,$-530,$-1073,$-26,$433,$0,$0
39,2008-10-31,20.18,$0.00,0.0,$26.37,0.77,$26.06,0.77,$3.02,6.68,$405.71B,$406.76B,1.0,$4.85B,$18.78B,0.26,$26.19B,$11.44B,43.70%,$26.19B,$3.52B,13.44%,$26.19B,0,0.00%,$26.19B,0,0.00%,$26.19B,$3.95B,15.08%,$26.19B,$3.09B,11.82%,$3.09B,$21.64B,14.86%,$3.09B,$19.09B,16.64%,$3.09B,$507.63B,0.66%,$3.52B,$26.49B,14.39%,$6178,$3888,$2290,$0,$2163,$6051,$127,$0,$348,$4,$345,$306,$306,$0,$0,$990,994,$0.28,$0.28,$105061,$0,$0,$405710,$2688,$39743,$2555,$56929,$101915,$507625,$406755,$4852,$73874,$79228,$485983,$3829,$18549,$0,$21642,$507625,$3140,$291,$0,$291,$0,$0,$0,$0,$16044,$20112,$-464,$0,$0,$0,$0,$-6515,$-44761,$-51740,$0,$1893,$2453,$0,$1419,$-2003,$28005,$31767,$436,$0,$0
40,2008-07-31,29.31,$0.00,0.0,$26.86,1.09,$7.85,3.73,$3.68,7.97,$375.52B,$381.38B,0.99,$3.51B,$18.63B,0.19,$26.65B,$12.24B,45.95%,$26.65B,$4.64B,17.41%,$26.65B,0,0.00%,$26.65B,0,0.00%,$26.65B,$4.78B,17.93%,$26.65B,$3.73B,14.00%,$3.73B,$21.17B,18.94%,$3.73B,$18.77B,20.97%,$3.73B,$458.25B,0.86%,$4.64B,$24.68B,20.63%,$6621,$3522,$3099,$0,$2030,$5552,$1070,$0,$1314,$284,$1030,$965,$965,$0,$0,$989,994,$0.94,$0.94,$105726,$0,$0,$375521,$0,$34850,$2399,$42956,$80206,$458245,$381383,$3506,$51736,$55693,$437077,$3694,$18615,$0,$21169,$458245,$2800,$0,$0,$0,$0,$0,$0,$0,$0,$9878,$-252,$0,$0,$0,$0,$-33329,$-2213,$-35794,$0,$-412,$1753,$0,$1053,$-1473,$25628,$26550,$769,$0,$0
41,2008-04-30,28.36,$0.00,0.0,$26.69,1.06,$-4.12,0.0,$3.71,7.64,$364.25B,$374.85B,0.97,$3.93B,$18.12B,0.22,$26.43B,$12.25B,46.34%,$26.43B,$4.95B,18.74%,$26.43B,0,0.00%,$26.43B,0,0.00%,$26.43B,$4.73B,17.90%,$26.43B,$3.75B,14.17%,$3.75B,$20.32B,19.72%,$3.75B,$17.91B,21.59%,$3.75B,$450.36B,0.90%,$4.95B,$24.25B,23.22%,$6761,$3571,$3190,$0,$1937,$5509,$1252,$0,$1219,$208,$1011,$980,$980,$0,$0,$986,992,$0.97,$0.97,$109409,$0,$0,$364247,$0,$34952,$2413,$46249,$83614,$450355,$374848,$3927,$50672,$55184,$430033,$3625,$18210,$0,$20323,$450355,$1806,$0,$0,$0,$0,$0,$0,$0,$-1292,$-2048,$-184,$0,$0,$0,$0,$-14504,$-3965,$-18653,$0,$-1604,$2183,$0,$635,$-964,$20847,$21097,$501,$0,$0
42,2008-01-31,28.27,$0.00,0.0,$25.64,1.1,$-12.97,0.0,$3.64,7.77,$368.75B,$379.24B,0.97,$2.17B,$18.29B,0.12,$25.38B,$11.80B,46.48%,$25.38B,$4.93B,19.43%,$25.38B,0,0.00%,$25.38B,0,0.00%,$25.38B,$4.68B,18.45%,$25.38B,$3.67B,14.47%,$3.67B,$20.17B,20.14%,$3.67B,$18.62B,21.76%,$3.67B,$453.47B,0.94%,$4.93B,$22.34B,24.56%,$6625,$3761,$2865,$0,$1796,$5557,$1069,$0,$1069,$195,$874,$843,$843,$0,$0,$985,992,$0.84,$0.83,$118532,$0,$0,$368747,$0,$34084,$1553,$46601,$82238,$453467,$379235,$2169,$51337,$54059,$433294,$3647,$17969,$0,$20173,$453467,$843,$0,$0,$0,$0,$0,$0,$0,$0,$-1037,$-96,$0,$0,$0,$0,$-12570,$-6281,$-18947,$0,$1476,$398,$0,$268,$-488,$18925,$20579,$684,$0,$0
43,2007-10-31,32.81,$0.00,0.0,$24.48,1.34,$-13.03,0.0,$3.68,8.92,$304.75B,$313.54B,0.97,$1.56B,$15.64B,0.1,$24.27B,$11.58B,47.70%,$24.27B,$4.96B,20.43%,$24.27B,0,0.00%,$24.27B,0,0.00%,$24.27B,$4.76B,19.61%,$24.27B,$3.71B,15.27%,$3.71B,$17.13B,21.20%,$3.71B,$15.85B,22.88%,$3.71B,$374.89B,1.02%,$4.96B,$18.69B,25.72%,$6640,$3551,$3089,$0,$1839,$5390,$1249,$0,$1177,$205,$972,$942,$942,$0,$0,$983,991,$0.94,$0.94,$97820,$0,$0,$304750,$0,$26556,$1282,$40229,$68066,$374886,$313541,$1558,$42204,$44214,$357755,$3249,$15906,$0,$17130,$374886,$3685,$243,$0,$243,$0,$0,$0,$0,$0,$1832,$-289,$0,$0,$0,$0,$-33913,$-6812,$-41013,$0,$-9,$-456,$0,$472,$-1613,$40892,$39286,$-129,$0,$0
44,2007-07-31,26.92,$0.00,0.0,$23.34,1.15,$-20.11,0.0,$3.53,7.63,$316.41B,$289.59B,1.09,$1.66B,$17.16B,0.1,$23.13B,$11.05B,47.79%,$23.13B,$4.72B,20.41%,$23.13B,0,0.00%,$23.13B,0,0.00%,$23.13B,$4.59B,19.84%,$23.13B,$3.56B,15.41%,$3.56B,$18.37B,20.89%,$3.56B,$17.04B,22.50%,$3.56B,$381.18B,1.01%,$4.72B,$20.03B,24.89%,$6404,$3300,$3104,$0,$1722,$5022,$1382,$0,$1267,$276,$991,$981,$981,$0,$0,$986,986,$0.98,$0.97,$108390,$0,$0,$316406,$0,$27142,$1333,$31018,$59493,$381179,$289590,$1657,$71091,$73220,$362810,$3289,$15847,$0,$18369,$381179,$2887,$0,$0,$0,$0,$0,$0,$0,$0,$-2035,$-215,$0,$0,$0,$0,$-26033,$-5738,$-31986,$0,$6131,$-467,$0,$143,$-1226,$29617,$34197,$84,$0,$0
45,2007-04-30,27.39,$0.00,0.0,$22.15,1.24,$-22.46,0.0,$3.40,8.06,$297.36B,$315.16B,0.94,$1.99B,$16.14B,0.12,$22.02B,$10.55B,47.91%,$22.02B,$4.43B,20.13%,$22.02B,0,0.00%,$22.02B,0,0.00%,$22.02B,$4.40B,20.00%,$22.02B,$3.42B,15.54%,$3.42B,$17.26B,21.02%,$3.42B,$15.98B,22.54%,$3.42B,$355.31B,1.01%,$4.43B,$19.24B,24.23%,$5710,$2973,$2737,$0,$1507,$4480,$1230,$0,$1170,$247,$923,$906,$906,$0,$0,$990,990,$0.91,$0.90,$110927,$0,$0,$297363,$0,$24705,$1275,$29971,$55951,$355306,$315161,$1986,$20476,$22889,$338050,$3054,$14466,$0,$17256,$355306,$1777,$0,$0,$0,$0,$0,$0,$0,$0,$-10848,$-142,$0,$0,$0,$0,$-13790,$-5455,$-19386,$0,$3700,$0,$0,$467,$-735,$27046,$30477,$217,$0,$0
46,2007-01-31,24.36,$0.00,0.0,$21.67,1.12,$-19.93,0.0,$3.39,7.19,$283.58B,$300.24B,0.94,$2.03B,$16.34B,0.12,$21.61B,$10.87B,50.30%,$21.61B,$4.87B,22.53%,$21.61B,0,0.00%,$21.61B,0,0.00%,$21.61B,$4.20B,19.46%,$21.61B,$3.41B,15.79%,$3.41B,$17.16B,21.96%,$3.41B,$15.92B,23.43%,$3.41B,$343.74B,1.04%,$4.87B,$19.19B,27.74%,$5520,$2872,$2648,$0,$1549,$4422,$1099,$0,$1146,$240,$906,$877,$877,$0,$0,$1000,1000,$0.88,$0.87,$99549,$0,$0,$283577,$0,$31392,$1247,$25491,$58130,$343740,$300244,$2029,$23879,$26333,$326577,$3052,$14198,$0,$17162,$343740,$884,$0,$0,$0,$0,$0,$0,$0,$0,$-1094,$-104,$0,$0,$0,$0,$-4473,$-1404,$-5981,$0,$12,$0,$0,$355,$-368,$7222,$7222,$198,$0,$0
47,2006-10-31,24.58,$0.00,0.0,$60.01,0.41,$-32.59,0.0,$3.25,7.56,$276.31B,$291.43B,0.95,$2.00B,$14.90B,0.13,$20.51B,$10.60B,51.68%,$20.51B,$4.75B,23.14%,$20.51B,0,0.00%,$20.51B,0,0.00%,$20.51B,$4.00B,19.49%,$20.51B,$2.61B,12.72%,$2.61B,$15.42B,17.72%,$2.61B,$14.40B,18.77%,$2.61B,$333.15B,0.84%,$4.75B,$17.42B,28.31%,$5492,$2929,$2563,$0,$1553,$4482,$1010,$0,$1006,$181,$825,$799,$799,$0,$0,$989,989,$0.80,$0.79,$75476,$0,$0,$276309,$0,$29018,$1026,$24811,$54854,$333146,$291429,$1996,$23915,$26294,$317723,$3011,$13926,$0,$15424,$333146,$3146,$202,$0,$202,$0,$0,$0,$0,$0,$-5242,$-225,$0,$0,$0,$0,$-38031,$-3308,$-41564,$0,$7247,$-264,$0,$-204,$-1330,$41215,$46664,$-194,$0,$0
