,Date,Stock Price,Book Value per Share,Price to Book Ratio,TTM Sales per Share,Price to Sales Ratio,TTM FCF per Share,Price to FCF Ratio,TTM Net EPS,PE Ratio,Current Assets,Current Liabilities,Current Ratio,Long Term Debt,Shareholder's Equity_x,Debt to Equity Ratio,TTM Revenue_x,TTM Gross Profit,Gross Margin,TTM Revenue_y,TTM Operating Income,Operating Margin,TTM Revenue_x,TTM EBIT,EBIT Margin,TTM Revenue_y,TTM EBITDA,EBITDA Margin,TTM Revenue_x,TTM Pre-Tax Income,Pre-Tax Margin,TTM Revenue_y,TTM Net Income_x,Net Margin,TTM Net Income_y,Shareholder's Equity_y,Return on Equity,TTM Net Income_x,Tangible Equity,Return on Tangible Equity,TTM Net Income_y,Total Assets,Return on Assets,TTM Net Income,LT Investments & Debt,Return on Investment,revenue,cost-goods-sold,gross-profit,research-development-expenses,selling-general-administrative-expenses,operating-expenses,operating-income,total-non-operating-income-expense,pre-tax-income,total-provision-income-taxes,income-after-taxes,income-from-continuous-operations,net-income,ebitda,ebit,basic-shares-outstanding,shares-outstanding,eps-basic-net-earnings-per-share,eps-earnings-per-share-diluted,cash-on-hand,inventory,other-current-assets,total-current-assets,net-property-plant-equipment,long-term-investments,goodwill-intangible-assets-total,other-long-term-assets,total-long-term-assets,total-assets,total-current-liabilities,long-term-debt,other-non-current-liabilities,total-long-term-liabilities,total-liabilities,common-stock-net,retained-earnings-accumulated-deficit,comprehensive-income,total-share-holder-equity,total-liabilities-share-holders-equity,net-income-loss,total-depreciation-amortization-cash-flow,other-non-cash-items,total-non-cash-items,change-in-accounts-receivable,change-in-inventories,change-in-accounts-payable,change-in-assets-liabilities,total-change-in-assets-liabilities,cash-flow-from-operating-activities,net-change-in-property-plant-equipment,net-change-in-intangible-assets,net-acquisitions-divestitures,net-change-in-short-term-investments,net-change-in-long-term-investments,net-change-in-investments-total,investing-activities-other,cash-flow-from-investing-activities,net-long-term-debt,net-current-debt,debt-issuance-retirement-net-total,net-common-equity-issued-repurchased,net-total-equity-issued-repurchased,total-common-preferred-stock-dividends-paid,financial-activities-other,cash-flow-from-financial-activities,net-cash-flow,stock-based-compensation,common-stock-dividends-paid
0,2018-09-30,12.2,$8.14,1.5,$3.43,3.55,$2.57,4.74,$0.67,18.21,$1.01B,$1.15B,0.88,$0.03B,$0.13B,0.19,$0.06B,$0.05B,90.91%,$0.06B,$0.02B,32.73%,$0.06B,0,0.00%,$0.06B,0,0.00%,$0.06B,$0.02B,32.73%,$0.06B,$0.01B,20.00%,$0.01B,$0.13B,8.49%,$0.01B,$0.13B,8.63%,$0.01B,$1.32B,0.86%,$0.02B,$0.16B,10.10%,$14,$1,$13,$0,$8,$9,$5,$0,$5,$1,$4,$4,$4,$0,$0,$16,16,$0.25,$0.25,$91,$0,$0,$1008,$13,$240,$2,$44,$307,$1315,$1145,$25,$13,$38,$1183,$52,$85,$-4,$133,$1315,$11,$3,$0,$3,$0,$0,$0,$1,$1,$15,$-0,$0,$0,$0,$19,$19,$-47,$-29,$-3,$0,$-3,$0,$0,$-2,$42,$38,$24,$0,$-2
1,2018-06-30,12.71,$7.97,1.59,$3.34,3.8,$2.27,5.6,$0.60,21.18,$0.97B,$1.06B,0.92,$0.09B,$0.13B,0.66,$0.05B,$0.05B,90.74%,$0.05B,$0.02B,31.48%,$0.05B,0,0.00%,$0.05B,0,0.00%,$0.05B,$0.02B,31.48%,$0.05B,$0.01B,18.52%,$0.01B,$0.13B,7.80%,$0.01B,$0.13B,7.92%,$0.01B,$1.28B,0.80%,$0.02B,$0.22B,9.56%,$14,$1,$13,$0,$8,$9,$5,$0,$5,$1,$4,$4,$4,$0,$0,$16,16,$0.22,$0.22,$40,$0,$0,$966,$14,$248,$2,$44,$316,$1282,$1055,$85,$11,$97,$1151,$52,$81,$-3,$130,$1282,$7,$2,$0,$2,$0,$0,$0,$-1,$-1,$8,$-0,$0,$0,$0,$12,$12,$-57,$-45,$58,$0,$58,$0,$0,$-1,$-48,$9,$-27,$0,$-1
2,2018-03-31,11.58,$7.83,1.48,$3.30,3.51,$2.11,5.5,$0.53,21.85,$0.92B,$1.05B,0.88,$0.06B,$0.13B,0.44,$0.05B,$0.05B,90.38%,$0.05B,$0.02B,28.85%,$0.05B,0,0.00%,$0.05B,0,0.00%,$0.05B,$0.02B,28.85%,$0.05B,$0.01B,15.38%,$0.01B,$0.13B,6.29%,$0.01B,$0.13B,6.39%,$0.01B,$1.25B,0.65%,$0.02B,$0.18B,9.24%,$14,$1,$12,$0,$8,$9,$4,$0,$4,$1,$3,$3,$3,$0,$0,$16,16,$0.20,$0.20,$34,$0,$0,$923,$14,$256,$2,$42,$322,$1246,$1049,$56,$13,$69,$1118,$52,$79,$-3,$128,$1246,$3,$1,$-0,$1,$0,$0,$0,$1,$1,$5,$-0,$0,$0,$0,$7,$7,$-20,$-13,$29,$0,$29,$0,$0,$-0,$-54,$-25,$-33,$0,$-0
3,2017-12-31,11.43,$7.82,1.46,$3.38,3.38,$2.05,5.57,$0.50,22.87,$0.94B,$1.10B,0.85,$0.03B,$0.13B,0.21,$0.05B,$0.05B,92.00%,$0.05B,$0.01B,28.00%,$0.05B,0,0.00%,$0.05B,0,0.00%,$0.05B,$0.01B,28.00%,$0.05B,$0.01B,14.00%,$0.01B,$0.13B,5.87%,$0.01B,$0.13B,5.97%,$0.01B,$1.27B,0.58%,$0.01B,$0.16B,9.49%,$13,$1,$12,$0,$8,$10,$4,$0,$4,$4,$0,$0,$0,$0,$0,$15,15,$-0.02,$-0.02,$67,$0,$0,$937,$15,$268,$2,$42,$333,$1269,$1103,$27,$12,$39,$1142,$52,$76,$-0,$127,$1269,$7,$4,$1,$5,$0,$0,$0,$1,$1,$14,$-1,$0,$0,$0,$-63,$-63,$-73,$-136,$-2,$0,$-2,$27,$27,$-2,$98,$121,$-1,$0,$-2
4,2017-09-30,11.37,$7.89,1.44,$3.38,3.36,$1.88,6.06,$0.67,16.98,$0.90B,$1.06B,0.85,$0.03B,$0.13B,0.22,$0.05B,$0.05B,91.84%,$0.05B,$0.01B,26.53%,$0.05B,0,0.00%,$0.05B,0,0.00%,$0.05B,$0.01B,26.53%,$0.05B,$0.01B,18.37%,$0.01B,$0.13B,8.11%,$0.01B,$0.13B,8.26%,$0.01B,$1.23B,0.76%,$0.01B,$0.16B,9.32%,$13,$1,$12,$0,$7,$9,$4,$0,$4,$1,$3,$3,$3,$0,$0,$16,16,$0.18,$0.18,$86,$0,$0,$901,$15,$263,$2,$42,$331,$1232,$1063,$28,$13,$41,$1103,$52,$76,$0,$128,$1232,$7,$3,$0,$3,$1,$0,$0,$-1,$-0,$10,$-0,$0,$0,$0,$-57,$-57,$-19,$-76,$-1,$0,$-1,$0,$27,$-1,$58,$83,$17,$0,$-1
5,2017-06-30,10.93,$7.75,1.41,$3.43,3.18,$1.60,6.83,$0.67,16.31,$0.90B,$1.05B,0.86,$0.03B,$0.13B,0.23,$0.05B,$0.04B,91.49%,$0.05B,$0.01B,25.53%,$0.05B,0,0.00%,$0.05B,0,0.00%,$0.05B,$0.01B,25.53%,$0.05B,$0.01B,17.02%,$0.01B,$0.13B,7.80%,$0.01B,$0.12B,7.96%,$0.01B,$1.21B,0.69%,$0.01B,$0.15B,9.13%,$12,$1,$11,$0,$8,$9,$3,$0,$3,$1,$2,$2,$2,$0,$0,$15,15,$0.15,$0.15,$97,$0,$0,$902,$15,$241,$2,$43,$310,$1212,$1046,$28,$11,$40,$1086,$52,$74,$1,$126,$1212,$4,$2,$1,$3,$0,$0,$0,$-2,$-2,$5,$-0,$0,$0,$0,$-33,$-33,$-10,$-44,$-1,$0,$-1,$27,$27,$-1,$41,$67,$28,$0,$-1
6,2017-03-31,10.55,$7.14,1.48,$3.41,3.09,$1.43,7.38,$0.63,16.75,$0.86B,$1.00B,0.86,$0.03B,$0.10B,0.3,$0.05B,$0.04B,91.30%,$0.05B,$0.01B,23.91%,$0.05B,0,0.00%,$0.05B,0,0.00%,$0.05B,$0.01B,23.91%,$0.05B,$0.01B,17.39%,$0.01B,$0.10B,8.51%,$0.01B,$0.09B,8.70%,$0.01B,$1.14B,0.72%,$0.01B,$0.13B,8.91%,$12,$1,$11,$0,$8,$9,$3,$0,$3,$1,$2,$2,$2,$0,$0,$13,14,$0.17,$0.17,$61,$0,$0,$861,$16,$213,$2,$41,$282,$1143,$1004,$29,$13,$42,$1046,$25,$72,$-0,$96,$1143,$2,$1,$0,$1,$0,$0,$0,$0,$0,$4,$-0,$0,$0,$0,$-6,$-6,$-4,$-11,$-0,$0,$-0,$0,$0,$-0,$-0,$-1,$-7,$0,$-0
7,2016-12-31,9.34,$7.00,1.33,$3.32,2.82,$1.73,5.41,$0.39,23.96,$0.86B,$1.01B,0.86,$0.03B,$0.09B,0.31,$0.05B,$0.04B,88.89%,$0.05B,$0.01B,15.56%,$0.05B,0,0.00%,$0.05B,0,0.00%,$0.05B,$0.01B,15.56%,$0.05B,$0.01B,11.11%,$0.01B,$0.09B,5.39%,$0.01B,$0.09B,5.52%,$0.01B,$1.14B,0.45%,$0.01B,$0.12B,5.71%,$12,$1,$11,$0,$8,$9,$3,$0,$3,$1,$2,$2,$2,$0,$0,$13,13,$0.17,$0.17,$68,$0,$0,$862,$16,$206,$2,$44,$279,$1141,$1005,$29,$13,$42,$1047,$25,$70,$-1,$94,$1141,$5,$4,$3,$7,$0,$0,$0,$-0,$-0,$12,$-3,$0,$142,$0,$-18,$-18,$-90,$31,$-76,$0,$-76,$0,$0,$-2,$52,$-26,$17,$0,$-2
8,2016-09-30,7.06,$7.02,1.01,$3.22,2.19,$1.78,3.97,$0.35,20.17,$0.85B,$0.98B,0.88,$0.03B,$0.09B,0.31,$0.04B,$0.04B,88.37%,$0.04B,$0.01B,13.95%,$0.04B,0,0.00%,$0.04B,0,0.00%,$0.04B,$0.01B,13.95%,$0.04B,$0.01B,11.63%,$0.01B,$0.09B,5.43%,$0.01B,$0.09B,5.54%,$0.01B,$1.11B,0.47%,$0.01B,$0.12B,4.26%,$11,$1,$10,$0,$7,$8,$3,$0,$3,$1,$2,$2,$2,$0,$0,$13,13,$0.18,$0.18,$85,$0,$0,$853,$16,$188,$2,$43,$258,$1111,$975,$29,$12,$41,$1017,$24,$68,$1,$94,$1111,$3,$3,$3,$6,$0,$0,$0,$-3,$-3,$6,$-2,$0,$142,$0,$6,$6,$-64,$82,$-76,$0,$-76,$0,$0,$-1,$23,$-54,$34,$0,$-1
9,2016-06-30,6.44,$6.88,0.94,$3.17,2.03,$1.99,3.24,$0.35,18.41,$0.81B,$0.94B,0.86,$0.03B,$0.09B,0.32,$0.04B,$0.04B,86.05%,$0.04B,$0.01B,16.28%,$0.04B,0,0.00%,$0.04B,0,0.00%,$0.04B,$0.01B,16.28%,$0.04B,$0.01B,11.63%,$0.01B,$0.09B,5.22%,$0.01B,$0.09B,5.29%,$0.01B,$1.07B,0.48%,$0.01B,$0.12B,4.42%,$11,$1,$10,$0,$8,$9,$2,$0,$2,$0,$2,$2,$2,$0,$0,$13,13,$0.11,$0.11,$66,$0,$0,$809,$16,$193,$2,$41,$261,$1070,$938,$30,$10,$40,$978,$24,$66,$2,$92,$1070,$1,$2,$3,$5,$0,$0,$0,$-2,$-2,$3,$-1,$0,$142,$0,$1,$1,$-39,$103,$-76,$0,$-76,$0,$0,$-1,$-15,$-92,$15,$0,$-1
10,2016-03-31,6.14,$6.75,0.91,$3.17,1.94,$2.06,2.98,$0.42,14.63,$0.80B,$0.94B,0.85,$0.03B,$0.09B,0.33,$0.04B,$0.04B,83.72%,$0.04B,$0.01B,18.60%,$0.04B,0,0.00%,$0.04B,0,0.00%,$0.04B,$0.01B,18.60%,$0.04B,$0.01B,11.63%,$0.01B,$0.09B,5.03%,$0.01B,$0.09B,5.06%,$0.01B,$1.08B,0.49%,$0.01B,$0.12B,4.46%,$11,$2,$9,$0,$10,$12,$-1,$0,$-1,$0,$-1,$-1,$-1,$0,$0,$13,13,$-0.07,$-0.07,$86,$0,$0,$799,$15,$210,$2,$42,$278,$1077,$938,$30,$19,$49,$986,$24,$65,$1,$91,$1077,$-1,$1,$3,$4,$0,$0,$0,$6,$6,$8,$-1,$0,$142,$0,$-15,$-15,$-10,$117,$-75,$0,$-75,$0,$0,$-0,$-15,$-91,$35,$0,$-0
11,2015-12-31,6.46,$6.76,0.96,$3.14,2.06,$1.57,4.11,$0.62,10.42,$0.76B,$0.80B,0.94,$0.11B,$0.09B,1.16,$0.04B,$0.04B,85.71%,$0.04B,$0.01B,28.57%,$0.04B,0,0.00%,$0.04B,0,0.00%,$0.04B,$0.01B,28.57%,$0.04B,$0.01B,19.05%,$0.01B,$0.09B,7.77%,$0.01B,$0.09B,7.77%,$0.01B,$1.02B,0.81%,$0.01B,$0.20B,5.98%,$10,$1,$9,$0,$7,$8,$2,$0,$2,$1,$2,$2,$2,$0,$0,$13,13,$0.13,$0.13,$51,$0,$0,$758,$11,$195,$0,$42,$258,$1015,$804,$105,$16,$121,$925,$24,$67,$-0,$91,$1015,$9,$3,$0,$4,$0,$0,$0,$-2,$-2,$10,$-1,$0,$0,$0,$28,$28,$-57,$-30,$20,$0,$20,$0,$-20,$-2,$14,$13,$-7,$0,$-2
12,2015-09-30,5.57,$8.13,0.69,$3.15,1.77,$1.69,3.29,$0.61,9.13,$0.73B,$0.78B,0.94,$0.09B,$0.09B,0.96,$0.04B,$0.04B,83.72%,$0.04B,$0.01B,25.58%,$0.04B,0,0.00%,$0.04B,0,0.00%,$0.04B,$0.01B,27.91%,$0.04B,$0.01B,18.60%,$0.01B,$0.11B,7.53%,$0.01B,$0.11B,7.53%,$0.01B,$0.99B,0.81%,$0.01B,$0.19B,5.53%,$11,$1,$9,$0,$6,$7,$4,$0,$4,$1,$3,$3,$2,$0,$0,$13,13,$0.18,$0.18,$25,$0,$0,$734,$11,$193,$0,$42,$257,$991,$780,$85,$17,$103,$882,$24,$65,$-1,$109,$991,$7,$2,$-0,$2,$0,$0,$0,$-2,$-2,$8,$-0,$0,$0,$0,$30,$30,$-59,$-30,$0,$0,$0,$0,$0,$-1,$-10,$-11,$-33,$0,$-1
13,2015-06-30,5.49,$7.99,0.69,$3.10,1.77,$1.69,3.24,$0.52,10.56,$0.72B,$0.76B,0.95,$0.10B,$0.09B,1.16,$0.04B,$0.04B,85.71%,$0.04B,$0.01B,21.43%,$0.04B,0,0.00%,$0.04B,0,0.00%,$0.04B,$0.01B,23.81%,$0.04B,$0.01B,16.67%,$0.01B,$0.11B,6.70%,$0.01B,$0.11B,6.70%,$0.01B,$0.98B,0.71%,$0.01B,$0.21B,4.53%,$11,$1,$9,$0,$6,$7,$3,$0,$3,$1,$2,$2,$2,$0,$0,$13,13,$0.18,$0.18,$33,$0,$0,$722,$11,$197,$0,$42,$261,$983,$760,$100,$16,$116,$877,$24,$63,$-1,$107,$983,$4,$2,$0,$2,$0,$0,$0,$-3,$-3,$3,$-0,$0,$0,$0,$26,$26,$-40,$-14,$15,$0,$15,$0,$0,$-1,$-29,$-15,$-26,$0,$-0
14,2015-03-31,5.34,$7.91,0.68,$3.13,1.7,$1.85,2.88,$0.50,10.68,$0.72B,$0.76B,0.94,$0.10B,$0.09B,1.17,$0.04B,$0.04B,88.10%,$0.04B,$0.01B,21.43%,$0.04B,0,0.00%,$0.04B,0,0.00%,$0.04B,$0.01B,23.81%,$0.04B,$0.01B,16.67%,$0.01B,$0.11B,6.80%,$0.01B,$0.11B,6.80%,$0.01B,$0.99B,0.71%,$0.01B,$0.21B,4.63%,$10,$1,$9,$0,$7,$8,$3,$0,$3,$1,$2,$2,$2,$0,$0,$13,13,$0.13,$0.13,$30,$0,$0,$718,$12,$203,$0,$42,$267,$985,$762,$100,$18,$118,$880,$24,$61,$0,$105,$985,$2,$1,$-0,$1,$0,$0,$0,$-1,$-1,$1,$-0,$0,$0,$0,$22,$22,$-39,$-18,$15,$0,$15,$0,$0,$-0,$-27,$-12,$-28,$0,$0
15,2014-12-31,5.65,$7.79,0.73,$3.03,1.87,$1.93,2.93,$0.41,13.78,$0.71B,$0.79B,0.9,$0.09B,$0.08B,1.02,$0.04B,$0.04B,90.24%,$0.04B,$0.01B,17.07%,$0.04B,0,0.00%,$0.04B,0,0.00%,$0.04B,$0.01B,19.51%,$0.04B,$0.01B,14.63%,$0.01B,$0.10B,5.88%,$0.01B,$0.10B,5.88%,$0.01B,$1.00B,0.61%,$0.01B,$0.19B,3.67%,$11,$1,$9,$0,$8,$9,$1,$0,$2,$-0,$2,$2,$2,$0,$0,$13,14,$0.12,$0.12,$58,$0,$0,$709,$12,$224,$0,$42,$289,$997,$789,$85,$19,$105,$894,$24,$60,$-0,$104,$997,$6,$3,$3,$6,$0,$0,$0,$2,$2,$14,$-3,$0,$0,$0,$33,$33,$-76,$-46,$-5,$0,$-5,$-5,$-5,$-2,$43,$32,$-0,$0,$-2
16,2014-09-30,5.76,$7.67,0.75,$2.91,1.98,$1.61,3.59,$0.43,13.4,$0.69B,$0.77B,0.89,$0.09B,$0.08B,1.1,$0.04B,$0.04B,92.50%,$0.04B,$0.01B,25.00%,$0.04B,0,0.00%,$0.04B,0,0.00%,$0.04B,$0.01B,25.00%,$0.04B,$0.01B,15.00%,$0.01B,$0.10B,5.91%,$0.01B,$0.10B,5.91%,$0.01B,$0.98B,0.62%,$0.01B,$0.19B,5.22%,$10,$1,$9,$0,$7,$8,$2,$0,$2,$1,$1,$1,$1,$0,$0,$13,13,$0.09,$0.09,$46,$0,$0,$686,$13,$226,$0,$53,$292,$978,$768,$90,$18,$108,$876,$24,$59,$-0,$102,$978,$4,$2,$3,$5,$0,$0,$0,$1,$1,$10,$-3,$0,$0,$0,$29,$29,$-64,$-37,$0,$0,$0,$-5,$-5,$-1,$21,$15,$-12,$0,$-1
17,2014-06-30,5.91,$7.57,0.78,$2.87,2.06,$1.34,4.42,$0.46,12.86,$0.68B,$0.76B,0.9,$0.09B,$0.08B,1.12,$0.04B,$0.04B,92.50%,$0.04B,$0.01B,27.50%,$0.04B,0,0.00%,$0.04B,0,0.00%,$0.04B,$0.01B,27.50%,$0.04B,$0.01B,17.50%,$0.01B,$0.10B,6.88%,$0.01B,$0.10B,6.88%,$0.01B,$0.96B,0.73%,$0.01B,$0.19B,5.74%,$11,$1,$10,$0,$7,$8,$3,$0,$3,$1,$2,$2,$2,$0,$0,$13,13,$0.16,$0.16,$67,$0,$0,$676,$12,$226,$0,$49,$287,$964,$755,$90,$18,$108,$863,$24,$58,$-1,$101,$964,$3,$1,$2,$3,$0,$0,$0,$1,$1,$7,$-2,$0,$0,$0,$32,$32,$-32,$-2,$0,$0,$0,$-4,$-4,$-1,$9,$3,$8,$0,$-1
18,2014-03-31,6.29,$7.44,0.85,$2.71,2.32,$1.07,5.9,$0.43,14.62,$0.67B,$0.76B,0.88,$0.09B,$0.08B,1.12,$0.04B,$0.04B,92.31%,$0.04B,$0.01B,28.21%,$0.04B,0,0.00%,$0.04B,0,0.00%,$0.04B,$0.01B,28.21%,$0.04B,$0.01B,17.95%,$0.01B,$0.10B,6.78%,$0.01B,$0.10B,6.78%,$0.01B,$0.97B,0.73%,$0.01B,$0.19B,5.35%,$9,$1,$9,$0,$7,$8,$1,$-0,$1,$0,$1,$1,$1,$0,$0,$14,14,$0.04,$0.04,$75,$0,$0,$672,$12,$241,$0,$45,$298,$970,$762,$90,$17,$107,$869,$26,$56,$-1,$101,$970,$1,$1,$1,$1,$0,$0,$0,$2,$2,$3,$-1,$0,$0,$0,$15,$15,$-13,$1,$0,$0,$0,$-3,$-3,$-0,$15,$12,$16,$0,$-0
19,2013-12-31,5.31,$7.28,0.73,$2.69,1.97,$1.04,5.13,$0.52,10.21,$0.64B,$0.75B,0.86,$0.09B,$0.08B,1.11,$0.04B,$0.04B,90.00%,$0.04B,$0.01B,32.50%,$0.04B,0,0.00%,$0.04B,0,0.00%,$0.04B,$0.01B,32.50%,$0.04B,$0.01B,20.00%,$0.01B,$0.10B,7.60%,$0.01B,$0.10B,7.60%,$0.01B,$0.96B,0.84%,$0.01B,$0.19B,5.90%,$10,$1,$9,$0,$5,$6,$4,$0,$4,$2,$2,$2,$2,$0,$0,$15,15,$0.14,$0.14,$59,$0,$0,$643,$11,$253,$0,$38,$314,$956,$746,$90,$18,$108,$855,$28,$56,$-2,$102,$956,$8,$2,$1,$3,$0,$0,$0,$-1,$-1,$10,$-2,$0,$0,$0,$-31,$-31,$68,$34,$-50,$-13,$-63,$-11,$-11,$-2,$45,$-31,$13,$0,$-2
20,2013-09-30,5.31,$7.11,0.75,$2.79,1.9,$3.17,1.68,$0.46,11.55,$0.63B,$0.73B,0.87,$0.09B,$0.08B,1.09,$0.04B,$0.04B,88.37%,$0.04B,$0.01B,25.58%,$0.04B,0,0.00%,$0.04B,0,0.00%,$0.04B,$0.01B,25.58%,$0.04B,$0.01B,16.28%,$0.01B,$0.10B,6.53%,$0.01B,$0.10B,6.53%,$0.01B,$0.93B,0.73%,$0.01B,$0.19B,4.68%,$10,$1,$9,$0,$6,$7,$3,$0,$3,$1,$2,$2,$2,$0,$0,$15,15,$0.12,$0.12,$49,$0,$0,$630,$11,$244,$0,$47,$302,$932,$726,$90,$13,$104,$829,$31,$54,$-3,$103,$932,$6,$1,$-2,$-1,$3,$0,$0,$-2,$0,$6,$-2,$0,$0,$0,$-22,$-22,$70,$46,$-50,$-13,$-63,$-8,$-8,$-2,$24,$-48,$4,$0,$-1
21,2013-06-30,4.62,$7.13,0.65,$2.82,1.64,$4.66,0.99,$0.43,10.75,$0.65B,$0.70B,0.93,$0.14B,$0.09B,1.62,$0.05B,$0.04B,88.89%,$0.05B,$0.01B,24.44%,$0.05B,0,0.00%,$0.05B,0,0.00%,$0.05B,$0.01B,24.44%,$0.05B,$0.01B,13.33%,$0.01B,$0.11B,5.49%,$0.01B,$0.11B,5.49%,$0.01B,$0.96B,0.62%,$0.01B,$0.25B,4.52%,$10,$1,$9,$0,$7,$7,$3,$0,$3,$1,$2,$2,$2,$0,$0,$15,15,$0.13,$0.13,$43,$0,$0,$648,$10,$253,$0,$45,$309,$957,$697,$140,$13,$153,$850,$34,$53,$-0,$107,$957,$4,$1,$-2,$-1,$2,$0,$0,$-3,$-0,$3,$-1,$0,$0,$0,$-28,$-28,$48,$19,$0,$-11,$-11,$-5,$-5,$-1,$-6,$-24,$-2,$0,$-1
22,2013-03-31,4.67,$7.11,0.66,$2.84,1.64,$5.34,0.87,$0.42,11.11,$0.67B,$0.71B,0.94,$0.14B,$0.09B,1.58,$0.05B,$0.04B,89.13%,$0.05B,$0.01B,23.91%,$0.05B,0,0.00%,$0.05B,0,0.00%,$0.05B,$0.01B,23.91%,$0.05B,$0.01B,13.04%,$0.01B,$0.11B,5.41%,$0.01B,$0.11B,5.45%,$0.01B,$0.98B,0.62%,$0.01B,$0.25B,4.60%,$10,$1,$9,$0,$7,$7,$3,$0,$3,$1,$2,$2,$2,$0,$0,$16,16,$0.13,$0.13,$68,$0,$0,$669,$10,$256,$0,$43,$309,$979,$714,$140,$15,$156,$870,$36,$52,$1,$109,$979,$2,$0,$-0,$0,$0,$0,$0,$0,$0,$3,$-1,$0,$0,$0,$-27,$-27,$52,$24,$0,$3,$3,$-3,$-3,$-1,$-3,$-4,$23,$0,$-0
23,2012-12-31,4.17,$6.91,0.6,$2.86,1.46,$5.53,0.75,$0.40,10.42,$0.70B,$0.71B,0.98,$0.14B,$0.09B,1.55,$0.05B,$0.04B,89.36%,$0.05B,$0.01B,23.40%,$0.05B,0,0.00%,$0.05B,0,0.00%,$0.05B,$0.01B,23.40%,$0.05B,$0.01B,12.77%,$0.01B,$0.11B,5.35%,$0.01B,$0.11B,5.44%,$0.01B,$0.98B,0.63%,$0.01B,$0.25B,4.65%,$13,$1,$11,$0,$9,$10,$2,$0,$2,$1,$1,$1,$1,$0,$0,$16,16,$0.08,$0.08,$45,$0,$0,$698,$10,$229,$0,$43,$281,$979,$714,$140,$14,$155,$869,$39,$50,$1,$110,$979,$8,$1,$5,$6,$27,$0,$0,$4,$31,$45,$-1,$0,$0,$0,$-19,$-19,$-67,$-88,$16,$-1,$15,$-4,$-4,$-3,$33,$41,$-2,$0,$-2
24,2012-09-30,4.03,$6.91,0.58,$2.42,1.67,$3.21,1.26,$0.44,9.17,$0.69B,$0.71B,0.97,$0.12B,$0.09B,1.26,$0.04B,$0.04B,87.50%,$0.04B,$0.01B,30.00%,$0.04B,0,0.00%,$0.04B,0,0.00%,$0.04B,$0.01B,30.00%,$0.04B,$0.01B,17.50%,$0.01B,$0.11B,6.18%,$0.01B,$0.11B,6.31%,$0.01B,$0.95B,0.74%,$0.01B,$0.23B,5.14%,$12,$1,$11,$0,$7,$9,$3,$0,$3,$1,$2,$2,$1,$0,$0,$16,16,$0.09,$0.09,$64,$0,$0,$686,$10,$214,$0,$37,$260,$946,$706,$115,$14,$130,$835,$40,$50,$2,$111,$946,$6,$1,$3,$4,$17,$0,$0,$3,$19,$30,$-1,$0,$0,$0,$-5,$-5,$-16,$-21,$-9,$0,$-9,$-4,$-4,$-2,$23,$9,$17,$0,$-1
25,2012-06-30,3.65,$6.98,0.52,$2.36,1.55,$0.91,4.01,$0.45,8.11,$0.69B,$0.72B,0.96,$0.12B,$0.09B,1.23,$0.04B,$0.03B,84.62%,$0.04B,$0.01B,30.77%,$0.04B,0,0.00%,$0.04B,0,0.00%,$0.04B,$0.01B,30.77%,$0.04B,$0.01B,20.51%,$0.01B,$0.11B,7.03%,$0.01B,$0.11B,7.24%,$0.01B,$0.96B,0.85%,$0.01B,$0.23B,5.08%,$11,$1,$10,$0,$7,$8,$3,$-0,$3,$1,$2,$2,$2,$0,$0,$16,16,$0.12,$0.12,$65,$0,$0,$688,$10,$225,$4,$36,$274,$963,$719,$115,$15,$130,$849,$40,$49,$1,$114,$963,$4,$1,$2,$2,$7,$0,$0,$1,$7,$14,$-1,$0,$0,$0,$4,$4,$-3,$1,$-9,$1,$-8,$-3,$-3,$-1,$15,$2,$17,$0,$-1
26,2012-03-31,3.92,$6.88,0.57,$2.51,1.56,$1.54,2.55,$0.40,9.81,$0.69B,$0.68B,1.02,$0.13B,$0.09B,1.34,$0.04B,$0.04B,83.33%,$0.04B,$0.01B,26.19%,$0.04B,0,0.00%,$0.04B,0,0.00%,$0.04B,$0.01B,26.19%,$0.04B,$0.01B,16.67%,$0.01B,$0.11B,6.24%,$0.01B,$0.11B,6.42%,$0.01B,$0.93B,0.76%,$0.01B,$0.24B,4.73%,$11,$2,$10,$0,$7,$9,$3,$0,$3,$1,$2,$2,$2,$0,$0,$17,17,$0.11,$0.11,$65,$0,$0,$690,$10,$193,$4,$34,$241,$931,$677,$125,$14,$140,$817,$41,$47,$2,$114,$931,$2,$1,$1,$1,$1,$0,$0,$2,$3,$6,$-0,$0,$0,$0,$11,$11,$4,$16,$1,$-0,$1,$-2,$-2,$-1,$-3,$-5,$16,$0,$-1
27,2011-12-31,2.95,$6.69,0.44,$2.68,1.1,$2.56,1.15,$0.37,7.98,$0.68B,$0.68B,0.99,$0.12B,$0.09B,1.33,$0.05B,$0.04B,82.22%,$0.05B,$0.01B,22.22%,$0.05B,0,0.00%,$0.05B,0,0.00%,$0.05B,$0.01B,22.22%,$0.05B,$0.01B,13.33%,$0.01B,$0.11B,5.44%,$0.01B,$0.11B,5.61%,$0.01B,$0.94B,0.66%,$0.01B,$0.24B,4.19%,$6,$1,$4,$0,$2,$3,$3,$0,$3,$1,$2,$2,$2,$0,$0,$17,17,$0.16,$0.16,$47,$0,$0,$676,$9,$204,$0,$36,$265,$941,$682,$124,$11,$145,$827,$43,$46,$2,$114,$941,$7,$2,$0,$3,$-6,$0,$0,$3,$-3,$6,$-1,$0,$0,$0,$-9,$-9,$4,$-6,$-32,$0,$-32,$-0,$3,$-3,$17,$-15,$-15,$0,$-2
28,2011-09-30,2.84,$6.64,0.43,$2.58,1.1,$2.57,1.11,$0.33,8.6,$0.71B,$0.68B,1.05,$0.13B,$0.09B,1.36,$0.04B,$0.04B,83.33%,$0.04B,$0.01B,19.05%,$0.04B,0,0.00%,$0.04B,0,0.00%,$0.04B,$0.01B,19.05%,$0.04B,$0.01B,11.90%,$0.01B,$0.11B,4.64%,$0.01B,$0.11B,4.82%,$0.01B,$0.93B,0.55%,$0.01B,$0.24B,3.28%,$11,$2,$9,$0,$7,$9,$3,$0,$3,$1,$2,$2,$2,$0,$0,$17,17,$0.06,$0.06,$58,$0,$0,$713,$10,$166,$4,$36,$215,$928,$678,$126,$11,$138,$815,$43,$45,$2,$113,$928,$5,$2,$12,$13,$-25,$0,$0,$-2,$-27,$-9,$-0,$0,$0,$0,$29,$29,$3,$32,$-30,$2,$-28,$0,$3,$-2,$0,$-27,$-4,$0,$-2
29,2011-06-30,3.64,$6.37,0.57,$2.91,1.25,$2.99,1.22,$0.31,11.73,$0.63B,$0.65B,0.98,$0.11B,$0.09B,1.17,$0.05B,$0.04B,83.33%,$0.05B,$0.01B,16.67%,$0.05B,0,0.00%,$0.05B,0,0.00%,$0.05B,$0.01B,16.67%,$0.05B,$0.00B,8.33%,$0.00B,$0.11B,3.78%,$0.00B,$0.10B,3.93%,$0.00B,$0.87B,0.44%,$0.01B,$0.22B,3.20%,$14,$2,$12,$0,$10,$12,$2,$-0,$2,$0,$1,$1,$1,$0,$0,$17,17,$0.07,$0.07,$48,$0,$0,$631,$10,$188,$4,$36,$238,$869,$645,$106,$9,$115,$760,$43,$43,$2,$108,$869,$3,$1,$4,$5,$17,$0,$0,$-1,$16,$25,$-0,$0,$0,$0,$31,$31,$3,$34,$-51,$2,$-49,$0,$0,$-1,$-23,$-74,$-15,$0,$-1
30,2011-03-31,3.62,$6.24,0.58,$2.91,1.24,$1.80,2.01,$0.32,11.31,$0.66B,$0.64B,1.02,$0.16B,$0.09B,1.75,$0.05B,$0.04B,83.33%,$0.05B,$0.01B,18.75%,$0.05B,0,0.00%,$0.05B,0,0.00%,$0.05B,$0.01B,16.67%,$0.05B,$0.00B,8.33%,$0.00B,$0.11B,3.83%,$0.00B,$0.10B,3.98%,$0.00B,$0.92B,0.43%,$0.01B,$0.26B,3.44%,$14,$2,$12,$0,$10,$12,$2,$-0,$2,$0,$2,$2,$1,$0,$0,$17,17,$0.08,$0.08,$68,$0,$0,$658,$10,$205,$4,$40,$258,$916,$643,$156,$10,$167,$809,$43,$43,$1,$106,$916,$2,$0,$3,$3,$24,$0,$0,$-6,$18,$23,$-0,$0,$0,$0,$5,$5,$-3,$2,$0,$1,$1,$0,$0,$-1,$-21,$-20,$5,$0,$-1
31,2010-12-31,3.63,$6.10,0.59,$3.64,1.0,$0.72,5.01,$0.39,9.3,$0.69B,$0.67B,1.04,$0.16B,$0.09B,1.8,$0.05B,$0.04B,81.25%,$0.05B,$0.01B,18.75%,$0.05B,0,0.00%,$0.05B,0,0.00%,$0.05B,$0.01B,16.67%,$0.05B,$0.00B,8.33%,$0.00B,$0.10B,3.90%,$0.00B,$0.10B,4.06%,$0.00B,$0.94B,0.44%,$0.01B,$0.26B,3.72%,$3,$2,$2,$0,$1,$3,$1,$-0,$1,$-0,$1,$1,$1,$0,$0,$15,15,$0.04,$0.04,$63,$0,$0,$694,$10,$189,$4,$42,$245,$939,$667,$156,$12,$168,$835,$43,$42,$-1,$104,$939,$5,$1,$9,$11,$-10,$0,$0,$-1,$-11,$6,$-1,$0,$0,$0,$-112,$-112,$-12,$-125,$71,$4,$75,$33,$33,$-3,$9,$113,$-6,$0,$-3
32,2010-09-30,3.26,$6.17,0.53,$4.96,0.66,$1.64,1.99,$0.44,7.41,$0.67B,$0.65B,1.02,$0.16B,$0.09B,1.78,$0.06B,$0.05B,82.76%,$0.06B,$0.01B,15.52%,$0.06B,0,0.00%,$0.06B,0,0.00%,$0.06B,$0.01B,13.79%,$0.06B,$0.00B,6.90%,$0.00B,$0.11B,4.27%,$0.00B,$0.10B,4.46%,$0.00B,$0.92B,0.46%,$0.01B,$0.26B,4.18%,$17,$3,$14,$0,$12,$14,$3,$-0,$3,$1,$2,$2,$1,$0,$0,$17,17,$0.08,$0.08,$71,$0,$0,$667,$10,$208,$4,$36,$258,$924,$651,$156,$12,$168,$819,$43,$41,$2,$105,$924,$5,$1,$-4,$-3,$-5,$0,$0,$3,$-3,$-1,$-1,$0,$0,$0,$-83,$-83,$-14,$-98,$71,$2,$73,$33,$33,$-3,$-0,$103,$3,$0,$-2
33,2010-06-30,3.98,$6.04,0.66,$5.52,0.72,$1.43,2.78,$0.53,7.52,$0.68B,$0.66B,1.03,$0.16B,$0.09B,1.87,$0.06B,$0.04B,80.00%,$0.06B,$0.01B,16.36%,$0.06B,0,0.00%,$0.06B,0,0.00%,$0.06B,$0.01B,14.55%,$0.06B,$0.00B,7.27%,$0.00B,$0.10B,4.73%,$0.00B,$0.10B,4.95%,$0.00B,$0.93B,0.47%,$0.01B,$0.26B,4.59%,$14,$3,$12,$0,$8,$11,$3,$-1,$2,$1,$2,$2,$1,$0,$0,$17,17,$0.08,$0.08,$76,$0,$0,$677,$10,$203,$4,$36,$253,$930,$656,$160,$10,$171,$827,$43,$40,$0,$103,$930,$3,$1,$3,$4,$0,$0,$0,$-3,$-2,$4,$-1,$0,$0,$0,$-95,$-95,$-14,$-109,$75,$4,$79,$33,$33,$-1,$3,$113,$8,$0,$-1
34,2010-03-31,3.93,$6.15,0.64,$6.27,0.63,$0.33,11.92,$0.61,6.44,$0.69B,$0.64B,1.08,$0.09B,$0.08B,1.05,$0.06B,$0.04B,78.18%,$0.06B,$0.01B,16.36%,$0.06B,0,0.00%,$0.06B,0,0.00%,$0.06B,$0.01B,16.36%,$0.06B,$0.00B,7.27%,$0.00B,$0.10B,5.30%,$0.00B,$0.09B,5.57%,$0.00B,$0.83B,0.49%,$0.01B,$0.18B,4.98%,$14,$3,$11,$0,$9,$12,$2,$-0,$2,$1,$1,$1,$1,$0,$0,$9,9,$0.15,$0.15,$90,$0,$0,$687,$10,$94,$4,$36,$144,$831,$638,$85,$10,$95,$733,$39,$40,$0,$98,$831,$1,$0,$1,$1,$0,$0,$0,$0,$0,$3,$-0,$0,$0,$0,$3,$3,$1,$4,$0,$9,$9,$29,$29,$-1,$-21,$15,$22,$0,$-1
35,2009-12-31,4.33,$7.90,0.55,$5.90,0.73,$0.50,8.64,$0.58,7.46,$0.69B,$0.65B,1.06,$0.09B,$0.05B,1.64,$0.05B,$0.04B,75.00%,$0.05B,$0.01B,17.31%,$0.05B,0,0.00%,$0.05B,0,0.00%,$0.05B,$0.01B,17.31%,$0.05B,$0.00B,7.69%,$0.00B,$0.07B,5.99%,$0.00B,$0.07B,6.25%,$0.00B,$0.81B,0.50%,$0.01B,$0.15B,4.87%,$13,$3,$11,$0,$9,$12,$1,$0,$1,$0,$1,$1,$1,$0,$0,$9,9,$0.13,$0.13,$68,$0,$0,$686,$10,$80,$4,$34,$128,$813,$650,$85,$9,$95,$745,$10,$39,$1,$69,$813,$6,$1,$6,$7,$4,$0,$0,$-6,$-2,$11,$-0,$0,$0,$0,$56,$56,$-99,$-44,$-62,$-4,$-66,$0,$0,$-3,$85,$16,$-17,$0,$-2
36,2009-09-30,4.46,$7.84,0.57,$5.48,0.82,$-0.88,0.0,$0.38,11.75,$0.67B,$0.62B,1.07,$0.12B,$0.05B,2.24,$0.05B,$0.03B,69.39%,$0.05B,$0.01B,12.24%,$0.05B,0,0.00%,$0.05B,0,0.00%,$0.05B,$0.01B,12.24%,$0.05B,$0.00B,4.08%,$0.00B,$0.07B,3.07%,$0.00B,$0.07B,3.15%,$0.00B,$0.82B,0.25%,$0.01B,$0.18B,3.07%,$14,$3,$10,$0,$7,$11,$3,$0,$3,$1,$2,$2,$1,$0,$0,$9,9,$0.17,$0.17,$76,$0,$0,$667,$10,$103,$4,$30,$147,$815,$622,$115,$9,$124,$746,$10,$38,$1,$68,$815,$5,$1,$3,$4,$-5,$0,$0,$-7,$-12,$-3,$-0,$0,$0,$0,$49,$49,$-78,$-29,$-20,$1,$-19,$0,$0,$-2,$44,$213,$-9,$0,$-2
37,2009-06-30,4.52,$7.67,0.59,$5.08,0.89,$-0.85,0.0,$0.29,15.57,$0.67B,$0.60B,1.12,$0.14B,$0.05B,2.7,$0.05B,$0.03B,66.67%,$0.05B,$0.00B,8.89%,$0.05B,0,0.00%,$0.05B,0,0.00%,$0.05B,$0.00B,8.89%,$0.05B,$0.00B,4.44%,$0.00B,$0.07B,3.35%,$0.00B,$0.06B,3.40%,$0.00B,$0.81B,0.27%,$0.00B,$0.20B,2.21%,$14,$3,$11,$0,$8,$11,$3,$0,$3,$1,$2,$2,$1,$0,$0,$9,9,$0.16,$0.16,$79,$0,$0,$667,$11,$96,$4,$30,$140,$807,$595,$135,$9,$145,$740,$10,$38,$0,$67,$807,$3,$1,$2,$2,$-9,$0,$0,$-3,$-13,$-7,$-0,$0,$0,$0,$58,$58,$-72,$-14,$-20,$25,$5,$0,$0,$-2,$12,$15,$-6,$0,$-1
38,2009-03-31,3.99,$7.28,0.55,$4.61,0.87,$0.20,19.69,$0.23,17.36,$0.62B,$0.56B,1.11,$0.14B,$0.05B,2.89,$0.04B,$0.03B,60.98%,$0.04B,$0.00B,4.88%,$0.04B,0,0.00%,$0.04B,0,0.00%,$0.04B,$0.00B,4.88%,$0.04B,$0.00B,4.88%,$0.00B,$0.06B,3.67%,$0.00B,$0.06B,3.67%,$0.00B,$0.77B,0.28%,$0.00B,$0.20B,1.18%,$11,$3,$7,$0,$5,$9,$2,$0,$2,$1,$1,$1,$1,$0,$0,$9,9,$0.12,$0.12,$96,$0,$0,$621,$11,$106,$0,$28,$145,$765,$559,$135,$8,$143,$702,$10,$37,$0,$63,$765,$1,$0,$1,$2,$0,$0,$0,$1,$1,$4,$-0,$0,$0,$0,$27,$27,$-9,$18,$0,$-3,$-3,$0,$0,$-1,$-7,$-11,$10,$0,$-1
39,2008-12-31,3.31,$7.18,0.46,$4.61,0.72,$-0.30,0.0,$0.25,13.25,$0.60B,$0.57B,1.06,$0.14B,$0.05B,2.94,$0.04B,$0.02B,58.54%,$0.04B,$0.00B,4.88%,$0.04B,0,0.00%,$0.04B,0,0.00%,$0.04B,$0.00B,4.88%,$0.04B,$0.00B,4.88%,$0.00B,$0.06B,3.98%,$0.00B,$0.06B,3.98%,$0.00B,$0.77B,0.29%,$0.00B,$0.20B,1.28%,$10,$4,$6,$0,$8,$12,$-2,$0,$-2,$-1,$-1,$-1,$-1,$0,$0,$9,9,$-0.07,$-0.07,$85,$0,$0,$604,$11,$132,$0,$28,$170,$774,$569,$135,$7,$143,$712,$10,$36,$-0,$63,$774,$2,$1,$7,$8,$0,$0,$0,$-11,$-10,$-0,$-1,$0,$0,$0,$-52,$-52,$-38,$-91,$60,$-2,$58,$-0,$17,$-3,$82,$154,$63,$0,$-3
40,2008-09-30,5.29,$5.23,1.01,$4.97,1.06,$0.26,20.63,$0.50,10.57,$0.54B,$0.52B,1.04,$0.08B,$0.05B,1.77,$0.04B,$0.03B,59.09%,$0.04B,$0.01B,11.36%,$0.04B,0,0.00%,$0.04B,0,0.00%,$0.04B,$0.01B,11.36%,$0.04B,$0.01B,11.36%,$0.01B,$0.05B,10.87%,$0.01B,$0.05B,10.87%,$0.01B,$0.65B,0.78%,$0.01B,$0.13B,3.63%,$10,$4,$6,$0,$5,$9,$1,$0,$1,$0,$1,$1,$1,$0,$0,$9,9,$0.08,$0.08,$33,$0,$0,$536,$11,$75,$0,$29,$114,$651,$517,$80,$8,$88,$605,$10,$37,$-1,$46,$651,$3,$1,$3,$4,$0,$0,$0,$-9,$-9,$-2,$-1,$0,$0,$0,$3,$3,$-20,$-18,$65,$-62,$3,$-0,$-0,$-2,$29,$30,$11,$0,$-2
41,2008-06-30,5.28,$5.28,1.0,$5.07,1.04,$0.79,6.72,$0.57,9.26,$0.54B,$0.48B,1.11,$0.11B,$0.05B,2.4,$0.05B,$0.03B,57.78%,$0.05B,$0.01B,13.33%,$0.05B,0,0.00%,$0.05B,0,0.00%,$0.05B,$0.01B,13.33%,$0.05B,$0.01B,11.11%,$0.01B,$0.05B,10.93%,$0.01B,$0.05B,10.93%,$0.01B,$0.65B,0.79%,$0.01B,$0.16B,4.49%,$10,$4,$6,$0,$5,$9,$1,$0,$1,$0,$1,$1,$1,$0,$0,$9,9,$0.10,$0.10,$28,$0,$0,$536,$11,$77,$0,$23,$111,$647,$483,$110,$7,$118,$601,$10,$37,$-1,$46,$647,$2,$1,$1,$1,$0,$0,$0,$-1,$-1,$2,$-1,$0,$0,$0,$31,$31,$-53,$-23,$35,$-1,$34,$-0,$-0,$-1,$-5,$27,$6,$0,$-1
42,2008-03-31,5.99,$5.33,1.12,$5.15,1.16,$0.74,8.14,$0.65,9.22,$0.55B,$0.50B,1.1,$0.10B,$0.05B,2.17,$0.05B,$0.03B,56.52%,$0.05B,$0.01B,15.22%,$0.05B,0,0.00%,$0.05B,0,0.00%,$0.05B,$0.01B,15.22%,$0.05B,$0.01B,13.04%,$0.01B,$0.05B,13.19%,$0.01B,$0.05B,13.19%,$0.01B,$0.65B,0.96%,$0.01B,$0.15B,5.71%,$11,$5,$6,$0,$4,$9,$2,$0,$2,$1,$1,$1,$1,$0,$0,$9,9,$0.14,$0.14,$39,$0,$0,$545,$11,$73,$0,$22,$106,$651,$497,$100,$8,$108,$605,$10,$37,$-0,$46,$651,$1,$0,$-0,$0,$0,$0,$0,$-1,$-1,$0,$-1,$0,$0,$0,$6,$6,$-21,$-15,$25,$-3,$22,$-0,$-0,$-1,$11,$31,$16,$0,$-1
43,2007-12-31,6.49,$5.27,1.23,$5.10,1.27,$0.80,8.1,$0.68,9.54,$0.51B,$0.49B,1.04,$0.08B,$0.05B,1.64,$0.05B,$0.03B,57.78%,$0.05B,$0.01B,15.56%,$0.05B,0,0.00%,$0.05B,0,0.00%,$0.05B,$0.01B,15.56%,$0.05B,$0.01B,13.33%,$0.01B,$0.05B,13.26%,$0.01B,$0.05B,13.26%,$0.01B,$0.62B,0.99%,$0.01B,$0.12B,6.31%,$13,$5,$8,$0,$8,$13,$1,$0,$1,$-1,$2,$2,$2,$0,$0,$9,9,$0.19,$0.18,$22,$0,$0,$509,$11,$78,$0,$20,$110,$618,$489,$75,$8,$83,$572,$10,$37,$-0,$46,$618,$6,$1,$1,$3,$0,$0,$0,$-1,$-1,$7,$-3,$0,$0,$0,$29,$29,$-78,$-52,$20,$-22,$-2,$-2,$-2,$-3,$34,$28,$-17,$0,$-3
44,2007-09-30,8.08,$5.10,1.59,$4.78,1.69,$0.30,26.86,$0.67,12.06,$0.48B,$0.50B,0.97,$0.07B,$0.05B,1.46,$0.04B,$0.02B,57.14%,$0.04B,$0.01B,19.05%,$0.04B,0,0.00%,$0.04B,0,0.00%,$0.04B,$0.01B,19.05%,$0.04B,$0.01B,14.29%,$0.01B,$0.05B,13.41%,$0.01B,$0.05B,13.41%,$0.01B,$0.62B,1.01%,$0.01B,$0.11B,7.60%,$11,$5,$6,$0,$4,$9,$2,$0,$2,$1,$1,$1,$1,$0,$0,$9,9,$0.15,$0.15,$20,$0,$0,$482,$10,$104,$0,$20,$134,$616,$499,$65,$7,$72,$571,$10,$36,$-1,$45,$616,$4,$1,$0,$1,$0,$0,$0,$-1,$-1,$5,$-3,$0,$0,$0,$2,$2,$-52,$-53,$10,$-10,$-0,$-1,$-1,$-2,$33,$29,$-19,$0,$-2
45,2007-06-30,7.89,$5.06,1.56,$4.69,1.68,$-0.19,0.0,$0.71,11.12,$0.47B,$0.49B,0.96,$0.07B,$0.05B,1.45,$0.04B,$0.02B,58.54%,$0.04B,$0.01B,21.95%,$0.04B,0,0.00%,$0.04B,0,0.00%,$0.04B,$0.01B,21.95%,$0.04B,$0.01B,17.07%,$0.01B,$0.05B,15.73%,$0.01B,$0.05B,15.73%,$0.01B,$0.61B,1.19%,$0.01B,$0.11B,8.47%,$11,$5,$6,$0,$4,$9,$2,$0,$2,$1,$2,$2,$2,$0,$0,$9,9,$0.18,$0.18,$32,$0,$0,$470,$10,$105,$0,$20,$135,$606,$488,$65,$7,$73,$560,$12,$35,$-2,$45,$606,$3,$-0,$-1,$-1,$0,$0,$0,$1,$1,$3,$-2,$0,$0,$0,$0,$0,$-29,$-31,$10,$10,$20,$0,$0,$-2,$2,$20,$-7,$0,$-2
46,2007-03-31,8.51,$5.10,1.67,$4.59,1.85,$-0.71,0.0,$0.72,11.82,$0.45B,$0.47B,0.95,$0.06B,$0.05B,1.22,$0.04B,$0.02B,60.00%,$0.04B,$0.01B,25.00%,$0.04B,0,0.00%,$0.04B,0,0.00%,$0.04B,$0.01B,25.00%,$0.04B,$0.01B,17.50%,$0.01B,$0.05B,16.09%,$0.01B,$0.05B,16.09%,$0.01B,$0.58B,1.21%,$0.01B,$0.10B,8.89%,$10,$4,$6,$0,$3,$8,$2,$0,$2,$1,$1,$1,$1,$0,$0,$9,9,$0.17,$0.17,$34,$0,$0,$445,$10,$104,$0,$19,$133,$578,$471,$55,$7,$62,$533,$12,$34,$-1,$45,$578,$1,$0,$0,$0,$0,$0,$0,$-0,$-0,$2,$-2,$0,$0,$0,$3,$3,$-2,$-1,$0,$-2,$-2,$0,$0,$-1,$-4,$-6,$-5,$0,$-1
47,2006-12-31,8.62,$4.96,1.74,$4.43,1.94,$-0.80,0.0,$0.73,11.81,$0.45B,$0.48B,0.94,$0.06B,$0.04B,1.26,$0.04B,$0.02B,61.54%,$0.04B,$0.01B,28.21%,$0.04B,0,0.00%,$0.04B,0,0.00%,$0.04B,$0.01B,28.21%,$0.04B,$0.01B,20.51%,$0.01B,$0.04B,18.93%,$0.01B,$0.04B,18.93%,$0.01B,$0.58B,1.42%,$0.01B,$0.10B,9.57%,$10,$4,$6,$0,$3,$8,$2,$0,$2,$1,$2,$2,$2,$0,$0,$9,9,$0.19,$0.19,$39,$0,$0,$448,$9,$106,$0,$20,$135,$583,$477,$55,$8,$63,$540,$12,$33,$-1,$44,$583,$7,$1,$-1,$0,$0,$0,$0,$-4,$-4,$3,$-4,$0,$0,$0,$-5,$-5,$-46,$-55,$-15,$14,$-1,$-0,$-0,$-3,$68,$64,$13,$0,$-3
