,Date,Stock Price,Book Value per Share,Price to Book Ratio,TTM Sales per Share,Price to Sales Ratio,TTM FCF per Share,Price to FCF Ratio,TTM Net EPS,PE Ratio,Current Assets,Current Liabilities,Current Ratio,Long Term Debt,Shareholder's Equity_x,Debt to Equity Ratio,TTM Revenue_x,TTM Gross Profit,Gross Margin,TTM Revenue_y,TTM Operating Income,Operating Margin,TTM Revenue_x,TTM EBIT,EBIT Margin,TTM Revenue_y,TTM EBITDA,EBITDA Margin,TTM Revenue_x,TTM Pre-Tax Income,Pre-Tax Margin,TTM Revenue_y,TTM Net Income_x,Net Margin,TTM Net Income_y,Shareholder's Equity_y,Return on Equity,TTM Net Income_x,Tangible Equity,Return on Tangible Equity,TTM Net Income_y,Total Assets,Return on Assets,TTM Net Income,LT Investments & Debt,Return on Investment,revenue,cost-goods-sold,gross-profit,research-development-expenses,selling-general-administrative-expenses,operating-expenses,operating-income,total-non-operating-income-expense,pre-tax-income,total-provision-income-taxes,income-after-taxes,income-from-continuous-operations,net-income,ebitda,ebit,basic-shares-outstanding,shares-outstanding,eps-basic-net-earnings-per-share,eps-earnings-per-share-diluted,cash-on-hand,inventory,other-current-assets,total-current-assets,net-property-plant-equipment,long-term-investments,goodwill-intangible-assets-total,other-long-term-assets,total-long-term-assets,total-assets,total-current-liabilities,long-term-debt,other-non-current-liabilities,total-long-term-liabilities,total-liabilities,common-stock-net,retained-earnings-accumulated-deficit,comprehensive-income,total-share-holder-equity,total-liabilities-share-holders-equity,net-income-loss,total-depreciation-amortization-cash-flow,other-non-cash-items,total-non-cash-items,change-in-accounts-receivable,change-in-inventories,change-in-accounts-payable,change-in-assets-liabilities,total-change-in-assets-liabilities,cash-flow-from-operating-activities,net-change-in-property-plant-equipment,net-change-in-intangible-assets,net-acquisitions-divestitures,net-change-in-short-term-investments,net-change-in-long-term-investments,net-change-in-investments-total,investing-activities-other,cash-flow-from-investing-activities,net-long-term-debt,net-current-debt,debt-issuance-retirement-net-total,net-common-equity-issued-repurchased,net-total-equity-issued-repurchased,total-common-preferred-stock-dividends-paid,financial-activities-other,cash-flow-from-financial-activities,net-cash-flow,stock-based-compensation,common-stock-dividends-paid
0,2018-09-30,46.1,$30.95,1.49,$89.03,0.52,$4.23,10.89,$2.59,17.8,$85.65B,$69.93B,1.23,$54.96B,$0.00B,0.0,$296.88B,$47.82B,16.11%,$296.88B,$18.07B,6.09%,$296.88B,$18.07B,6.09%,$296.88B,$33.09B,11.15%,$296.88B,$15.52B,5.23%,$296.88B,$8.64B,2.91%,$8.64B,$103.42B,8.48%,$8.64B,$74.29B,11.93%,$8.64B,$282.94B,3.11%,$18.07B,$158.38B,11.64%,$80803,$67253,$13550,$310,$2801,$74640,$6163,$-729,$5434,$2031,$3403,$3403,$3349,$10118,$6163,$3334,3353,$1.00,$1.00,$26292,$21894,$7040,$85652,$122661,$27554,$29126,$5722,$197290,$282942,$69927,$54960,$37321,$109595,$179522,$0,$0,$0,$103420,$282942,$14335,$12204,$-784,$11420,$0,$-5541,$0,$0,$-5541,$16044,$-10465,$0,$-454,$0,$-840,$-840,$47,$-11712,$1516,$428,$1944,$-339,$-339,$-5095,$0,$-3490,$617,$564,$-5095
1,2018-06-30,44.38,$30.57,1.45,$83.30,0.53,$3.03,14.63,$2.12,20.94,$76.69B,$69.53B,1.1,$49.73B,$0.00B,0.0,$276.88B,$44.73B,16.16%,$276.88B,$15.43B,5.57%,$276.88B,$15.43B,5.57%,$276.88B,$30.61B,11.06%,$276.88B,$13.04B,4.71%,$276.88B,$7.06B,2.55%,$7.06B,$101.77B,6.98%,$7.06B,$72.64B,9.89%,$7.06B,$275.63B,2.57%,$15.43B,$151.50B,9.96%,$76907,$64470,$12437,$164,$2929,$71351,$5556,$-566,$4990,$2117,$2873,$2873,$2799,$9448,$5556,$3324,3341,$0.84,$0.84,$22291,$21004,$5908,$76691,$124390,$27412,$29127,$5767,$198935,$275626,$69531,$49733,$37204,$104325,$173856,$0,$0,$0,$101770,$275626,$8901,$8249,$-982,$7267,$0,$-3968,$0,$0,$-3968,$9952,$-6880,$0,$126,$0,$-717,$-717,$33,$-7438,$-1851,$-57,$-1908,$-200,$-200,$-3626,$-1,$-5735,$-3390,$404,$-3626
2,2018-03-31,38.4,$30.77,1.25,$77.68,0.49,$1.96,19.57,$1.32,29.09,$72.20B,$63.81B,1.13,$53.16B,$0.00B,0.0,$257.34B,$41.00B,15.93%,$257.34B,$11.34B,4.41%,$257.34B,$11.34B,4.41%,$257.34B,$27.18B,10.56%,$257.34B,$8.98B,3.49%,$257.34B,$4.41B,1.71%,$4.41B,$102.17B,4.40%,$4.41B,$72.45B,6.24%,$4.41B,$275.29B,1.62%,$11.34B,$155.33B,7.29%,$69143,$57318,$11825,$514,$2794,$64648,$4495,$-584,$3911,$1380,$2531,$2531,$2469,$8852,$4495,$3320,3338,$0.74,$0.74,$22356,$20802,$3191,$72196,$129002,$27228,$29713,$5788,$203091,$275287,$63807,$53161,$38813,$109315,$173122,$0,$0,$0,$102165,$275287,$3911,$4357,$-291,$4066,$0,$-3398,$0,$0,$-3398,$3646,$-3501,$0,$82,$0,$-377,$-377,$9,$-3787,$-1035,$-349,$-1384,$-110,$-110,$-1842,$-1,$-3337,$-3333,$237,$-1842
3,2017-12-31,38.64,$30.42,1.27,$74.21,0.52,$1.45,26.58,$1.02,37.88,$74.97B,$64.73B,1.16,$55.49B,$0.00B,0.0,$244.58B,$38.86B,15.89%,$244.58B,$9.47B,3.87%,$244.58B,$9.47B,3.87%,$244.58B,$25.06B,10.25%,$244.58B,$7.18B,2.94%,$244.58B,$3.39B,1.39%,$3.39B,$100.40B,3.40%,$3.39B,$70.50B,4.84%,$3.39B,$276.52B,1.26%,$9.47B,$155.90B,6.10%,$70022,$60015,$10007,$521,$2981,$68166,$1856,$-674,$1182,$1119,$63,$63,$26,$4670,$1856,$3282,3303,$0.00,$0.02,$25711,$19011,$3032,$74968,$129471,$26230,$29906,$5222,$201547,$276515,$64726,$55491,$38775,$111385,$176111,$0,$0,$0,$100404,$276515,$7180,$15584,$3521,$19105,$0,$-848,$0,$-2504,$-3352,$18931,$-13626,$0,$151,$0,$-951,$-951,$349,$-14077,$2436,$-158,$2278,$-343,$-343,$-6294,$1063,$-3296,$2102,$661,$-6294
4,2017-09-30,34.3,$30.41,1.13,$69.59,0.49,$-1.63,0.0,$1.17,29.32,$70.48B,$59.57B,1.18,$56.89B,$0.00B,0.0,$226.68B,$36.30B,16.01%,$226.68B,$8.72B,3.85%,$226.68B,$8.72B,3.85%,$226.68B,$24.02B,10.60%,$226.68B,$6.62B,2.92%,$226.68B,$3.86B,1.70%,$3.86B,$100.14B,3.91%,$3.86B,$70.04B,5.57%,$3.86B,$271.49B,1.45%,$8.72B,$157.03B,5.69%,$60808,$50344,$10464,$297,$2634,$57287,$3521,$-566,$2955,$1198,$1757,$1757,$1769,$7642,$3521,$3293,3311,$0.54,$0.53,$25864,$18078,$2248,$70477,$130651,$23675,$30100,$5564,$199120,$271489,$59566,$56893,$38265,$111785,$171351,$0,$0,$0,$100138,$271489,$5998,$12770,$521,$13291,$0,$-3292,$0,$0,$-3292,$13028,$-11491,$0,$-6,$0,$-568,$-568,$341,$-11724,$4892,$139,$5031,$0,$0,$-4635,$81,$477,$2296,$495,$-4635
5,2017-06-30,29.91,$29.93,1.0,$66.46,0.45,$-2.98,0.0,$1.15,26.01,$64.72B,$54.84B,1.18,$55.62B,$0.00B,0.0,$213.92B,$33.17B,15.51%,$213.92B,$7.01B,3.28%,$213.92B,$7.01B,3.28%,$213.92B,$22.37B,10.46%,$213.92B,$4.99B,2.33%,$213.92B,$3.71B,1.73%,$3.71B,$98.46B,3.83%,$3.71B,$69.67B,5.47%,$3.71B,$263.12B,1.41%,$7.01B,$154.08B,4.65%,$57366,$48663,$8703,$850,$2540,$55897,$1469,$-541,$928,$772,$156,$156,$144,$6015,$1469,$3281,3297,$0.04,$0.04,$23347,$16449,$2218,$64718,$130715,$25006,$28794,$5522,$198397,$263115,$54842,$55619,$37756,$109812,$164654,$0,$0,$0,$98461,$263115,$3043,$8649,$580,$9229,$0,$-3597,$0,$0,$-3597,$7004,$-7504,$0,$48,$0,$-387,$-387,$33,$-7810,$3053,$16,$3069,$0,$0,$-2927,$81,$223,$-214,$318,$-2927
6,2017-03-31,28.81,$30.29,0.95,$64.24,0.45,$-3.64,0.0,$0.65,44.33,$67.01B,$56.13B,1.19,$54.47B,$0.00B,0.0,$203.83B,$28.29B,13.88%,$203.83B,$2.62B,1.29%,$203.83B,$2.62B,1.29%,$203.83B,$17.34B,8.51%,$203.83B,$0.69B,0.34%,$203.83B,$2.15B,1.05%,$2.15B,$99.28B,2.24%,$2.15B,$69.66B,3.23%,$2.15B,$264.96B,0.81%,$2.62B,$153.75B,1.77%,$56386,$46698,$9688,$412,$2353,$53758,$2628,$-513,$2115,$623,$1492,$1492,$1449,$6731,$2628,$3253,3270,$0.45,$0.44,$23833,$17236,$2467,$67006,$129817,$25260,$29622,$5211,$197953,$264959,$56126,$54472,$38977,$109551,$165677,$0,$0,$0,$99282,$264959,$2115,$4103,$352,$4455,$0,$-3600,$0,$0,$-3600,$2114,$-3635,$0,$31,$0,$-203,$-203,$14,$-3793,$2796,$315,$3111,$0,$0,$-1319,$30,$1822,$310,$162,$-1319
7,2016-12-31,30.12,$29.90,1.01,$59.30,0.51,$-3.89,0.0,$0.02,1505.85,$67.81B,$58.35B,1.16,$51.67B,$96.84B,0.53,$186.61B,$24.63B,13.20%,$186.61B,$-0.43B,-0.23%,$186.61B,$-0.43B,-0.23%,$186.61B,$14.08B,7.54%,$186.61B,$-2.30B,-1.23%,$186.61B,$0.11B,0.06%,$0.11B,$96.84B,0.12%,$0.11B,$67.47B,0.17%,$0.11B,$263.32B,0.04%,$-0.43B,$148.51B,-0.29%,$52121,$44677,$7444,$314,$2692,$51020,$1101,$-580,$617,$74,$543,$543,$496,$3635,$1101,$3124,3143,$0.17,$0.18,$23528,$17655,$3016,$67813,$129757,$23734,$29377,$5304,$195503,$263316,$58354,$51666,$40340,$108119,$166473,$5284,$75638,$-6878,$96843,$263316,$-2295,$14505,$3217,$17722,$0,$-3681,$0,$483,$-3198,$10691,$-15329,$0,$1258,$0,$-750,$-750,$68,$-14753,$5757,$51,$5808,$0,$0,$-4718,$887,$1977,$-2905,$779,$-4718
8,2016-09-30,27.33,$29.44,0.93,$58.84,0.46,$-1.90,0.0,$-1.22,0.0,$69.01B,$55.04B,1.25,$53.31B,$92.80B,0.57,$183.72B,$22.81B,12.42%,$183.72B,$-5.17B,-2.82%,$183.72B,$-5.17B,-2.82%,$183.72B,$9.55B,5.20%,$183.72B,$-7.01B,-3.82%,$183.72B,$-3.69B,-2.01%,$-3.69B,$92.80B,-3.86%,$-3.69B,$64.43B,-5.60%,$-3.69B,$262.22B,-1.41%,$-5.17B,$146.11B,-3.55%,$48043,$40710,$7333,$803,$2648,$46233,$1810,$-385,$1329,$-248,$1577,$1577,$1620,$5993,$1810,$3137,3153,$0.52,$0.51,$25566,$15897,$3644,$69007,$128262,$22571,$28367,$6473,$193209,$262216,$55041,$53308,$41869,$114378,$169419,$5154,$73327,$-6269,$92797,$262216,$-2912,$11971,$3617,$15588,$0,$-3591,$0,$0,$-3591,$8263,$-11062,$0,$1181,$0,$-487,$-487,$61,$-10307,$4421,$-324,$4097,$0,$0,$-3512,$761,$1346,$-869,$629,$-3512
9,2016-06-30,27.11,$0.00,0.0,$62.31,0.44,$-0.73,0.0,$-1.71,0.0,$72.57B,$58.21B,1.25,$50.61B,$94.11B,0.54,$192.98B,$23.65B,12.26%,$192.98B,$-5.65B,-2.93%,$192.98B,$-5.65B,-2.93%,$192.98B,$8.86B,4.59%,$192.98B,$-7.48B,-3.87%,$192.98B,$-5.26B,-2.73%,$-5.26B,$94.11B,-5.37%,$-5.26B,$64.38B,-7.77%,$-5.26B,$263.14B,-1.99%,$-5.65B,$144.72B,-3.85%,$47276,$43456,$3820,$350,$2697,$50192,$-2916,$-460,$-3376,$-1986,$-1390,$-1390,$-1419,$981,$-2916,$3114,3114,$-0.46,$-0.46,$23624,$16398,$7314,$72565,$125946,$20547,$29732,$6306,$190571,$263136,$58210,$50607,$42333,$110818,$169028,$5121,$74884,$-6403,$94108,$263136,$-4241,$7788,$5159,$12947,$0,$-2590,$0,$0,$-2590,$5755,$-8273,$0,$1202,$0,$-301,$-301,$52,$-7320,$571,$188,$759,$0,$0,$-2320,$438,$-1123,$-2872,$463,$-2320
10,2016-03-31,23.04,$31.32,0.74,$67.86,0.34,$0.05,426.72,$-3.16,0.0,$66.77B,$51.61B,1.29,$49.57B,$97.29B,0.51,$208.91B,$19.52B,9.35%,$208.91B,$-10.98B,-5.25%,$208.91B,$-10.98B,-5.25%,$208.91B,$4.21B,2.01%,$208.91B,$-12.71B,-6.09%,$208.91B,$-9.67B,-4.63%,$-9.67B,$97.29B,-9.53%,$-9.67B,$66.87B,-13.68%,$-9.67B,$258.85B,-3.58%,$-10.98B,$146.86B,-7.34%,$39166,$33136,$6030,$254,$2458,$39591,$-425,$-440,$-865,$-307,$-558,$-558,$-583,$3466,$-425,$3166,3185,$-0.19,$-0.19,$23197,$14277,$4603,$66771,$129253,$19753,$30423,$6232,$192077,$258848,$51613,$49572,$42046,$109946,$161559,$5088,$78061,$-6455,$97289,$258848,$-865,$3891,$845,$4736,$0,$-1727,$0,$0,$-1727,$1872,$-4143,$0,$911,$0,$-97,$-97,$46,$-3283,$-821,$-112,$-933,$0,$0,$-1108,$70,$-1971,$-3340,$259,$-1108
11,2015-12-31,23.37,$32.17,0.73,$74.05,0.32,$0.07,341.63,$-2.12,0.0,$70.60B,$54.72B,1.29,$46.22B,$98.39B,0.47,$225.98B,$23.12B,10.23%,$225.98B,$-7.92B,-3.50%,$225.98B,$-7.92B,-3.50%,$225.98B,$7.30B,3.23%,$225.98B,$-9.57B,-4.24%,$225.98B,$-6.48B,-2.87%,$-6.48B,$98.39B,-6.18%,$-6.48B,$68.10B,-8.79%,$-6.48B,$261.83B,-2.35%,$-7.92B,$144.61B,-5.18%,$49233,$43604,$5629,$923,$3082,$52876,$-3643,$-457,$-4100,$-776,$-3324,$-3324,$-3308,$-894,$-3643,$3054,3054,$-1.09,$-1.08,$26608,$14142,$4820,$70602,$129758,$18836,$30287,$5412,$191230,$261832,$54724,$46224,$44043,$108721,$163445,$5049,$81368,$-7267,$98387,$261832,$-9571,$15219,$14898,$30117,$0,$3375,$0,$-2532,$843,$19133,$-17582,$0,$1749,$0,$-1577,$-1577,$110,$-17300,$1747,$473,$2220,$0,$0,$-6750,$-5,$-4535,$-3374,$321,$-6750
12,2015-09-30,22.84,$33.62,0.68,$82.29,0.28,$3.46,6.6,$-2.49,0.0,$81.54B,$58.16B,1.4,$48.42B,$102.60B,0.47,$251.85B,$24.76B,9.83%,$251.85B,$-11.97B,-4.75%,$251.85B,$-11.97B,-4.75%,$251.85B,$2.68B,1.07%,$251.85B,$-13.55B,-5.38%,$251.85B,$-7.59B,-3.01%,$-7.59B,$102.60B,-6.99%,$-7.59B,$71.68B,-9.89%,$-7.59B,$273.30B,-2.70%,$-11.97B,$151.02B,-7.65%,$57301,$49130,$8171,$356,$2699,$55962,$1339,$-474,$865,$809,$56,$56,$46,$5310,$1339,$3055,3062,$0.02,$0.02,$31946,$16933,$3824,$81542,$130124,$19952,$30924,$5510,$191757,$273299,$58163,$48423,$44358,$112537,$170700,$5036,$84616,$-6251,$102599,$273299,$-5471,$12470,$10425,$22895,$0,$-2135,$0,$0,$-2135,$13327,$-12473,$0,$1544,$0,$-602,$-602,$109,$-11422,$5121,$597,$5718,$0,$0,$-5189,$0,$529,$1939,$154,$-5189
13,2015-06-30,29.38,$35.16,0.84,$94.31,0.31,$6.57,4.47,$-2.09,0.0,$90.95B,$65.37B,1.39,$47.99B,$107.35B,0.45,$289.31B,$28.56B,9.87%,$289.31B,$-10.34B,-3.57%,$289.31B,$-10.34B,-3.57%,$289.31B,$4.95B,1.71%,$289.31B,$-11.80B,-4.08%,$289.31B,$-6.34B,-2.19%,$-6.34B,$107.35B,-5.53%,$-6.34B,$76.10B,-7.72%,$-6.34B,$285.43B,-2.18%,$-10.34B,$155.35B,-6.38%,$63205,$63511,$-306,$902,$2989,$71453,$-8248,$-364,$-8612,$-2829,$-5783,$-5783,$-5824,$-3677,$-8248,$3050,3050,$-1.91,$-1.91,$32883,$20034,$3599,$90947,$130659,$21485,$31248,$4964,$194484,$285431,$65367,$47994,$44765,$112713,$178080,$5032,$87393,$-4220,$107351,$285431,$-6336,$8499,$10442,$18941,$0,$-3366,$0,$0,$-3366,$8144,$-8204,$0,$1311,$0,$-428,$-428,$48,$-7273,$5022,$712,$5734,$0,$0,$-3442,$0,$2292,$2826,$17,$-3442
14,2015-03-31,27.96,$36.66,0.76,$104.57,0.27,$8.51,3.29,$0.91,30.73,$87.43B,$60.77B,1.44,$49.19B,$111.51B,0.44,$321.93B,$42.36B,13.16%,$321.93B,$3.41B,1.06%,$321.93B,$3.41B,1.06%,$321.93B,$18.08B,5.62%,$321.93B,$1.96B,0.61%,$321.93B,$2.85B,0.89%,$2.85B,$111.51B,2.36%,$2.85B,$79.07B,3.25%,$2.85B,$282.41B,0.96%,$3.41B,$160.70B,2.03%,$56243,$46621,$9622,$172,$2783,$53609,$2634,$-358,$2276,$-375,$2651,$2651,$2602,$6562,$2634,$3037,3042,$0.86,$0.85,$32743,$18925,$4103,$87430,$129113,$20316,$32442,$5797,$194981,$282411,$60771,$49193,$36793,$110131,$170902,$5027,$92509,$-4908,$111509,$282411,$2276,$3928,$5,$3933,$0,$-3858,$0,$0,$-3858,$1858,$-3983,$0,$1087,$0,$-156,$-156,$3,$-3049,$5481,$725,$6206,$0,$0,$-1721,$0,$4485,$2671,$-238,$-1721
15,2014-12-31,26.85,$37.15,0.72,$116.08,0.23,$10.28,2.61,$1.20,22.38,$87.26B,$63.62B,1.37,$45.98B,$112.64B,0.41,$358.68B,$46.44B,12.95%,$358.68B,$6.41B,1.79%,$358.68B,$6.41B,1.79%,$358.68B,$21.58B,6.02%,$358.68B,$4.95B,1.38%,$358.68B,$3.78B,1.05%,$3.78B,$112.64B,3.01%,$3.78B,$79.87B,4.10%,$3.78B,$284.31B,1.24%,$6.41B,$158.62B,3.74%,$75096,$67825,$7271,$1455,$2879,$82793,$-7697,$-381,$-8078,$-3705,$-4373,$-4373,$-4409,$-5511,$-7697,$3064,3083,$-1.44,$-1.42,$30092,$18373,$5165,$87262,$130692,$20384,$32775,$5406,$197043,$284305,$63615,$45977,$36727,$108048,$171663,$43902,$92564,$-3409,$112642,$284305,$4950,$15163,$10503,$25666,$0,$10169,$0,$-3244,$6925,$32754,$-20726,$0,$1540,$0,$-515,$-515,$127,$-19574,$6112,$-693,$5419,$-4589,$-4589,$-6105,$9,$-5266,$7243,$379,$-6105
16,2014-09-30,30.09,$41.58,0.72,$121.68,0.25,$11.01,2.73,$2.98,10.1,$102.52B,$72.18B,1.42,$47.16B,$126.89B,0.37,$378.68B,$50.56B,13.35%,$378.68B,$15.69B,4.14%,$378.68B,$15.69B,4.14%,$378.68B,$31.59B,8.34%,$378.68B,$14.23B,3.76%,$378.68B,$9.23B,2.44%,$9.23B,$126.89B,7.09%,$9.23B,$93.44B,9.59%,$9.23B,$309.69B,2.97%,$15.69B,$174.05B,8.98%,$94767,$82798,$11969,$840,$3207,$91798,$2969,$-358,$2611,$1287,$1324,$1324,$1290,$7571,$2969,$3065,3083,$0.42,$0.42,$31025,$26581,$3935,$102517,$134726,$25720,$33454,$4533,$207175,$309692,$72176,$47157,$35434,$110622,$182798,$5046,$101575,$94,$126894,$309692,$13028,$12977,$1213,$14190,$0,$2083,$0,$0,$2083,$25507,$-15050,$0,$778,$0,$-322,$-322,$79,$-14515,$6270,$-507,$5763,$-3796,$-3796,$-4336,$0,$-2369,$8209,$437,$-4336
17,2014-06-30,35.68,$43.28,0.82,$122.01,0.29,$12.58,2.84,$3.67,9.72,$104.32B,$74.43B,1.4,$45.34B,$132.98B,0.34,$382.11B,$52.02B,13.61%,$382.11B,$18.29B,4.79%,$382.11B,$18.29B,4.79%,$382.11B,$33.35B,8.73%,$382.11B,$16.79B,4.39%,$382.11B,$11.44B,2.99%,$11.44B,$132.98B,8.72%,$11.44B,$98.85B,11.90%,$11.44B,$315.46B,3.68%,$18.29B,$178.31B,10.49%,$95827,$82332,$13495,$389,$3078,$90324,$5503,$-356,$5147,$1714,$3433,$3433,$3369,$9456,$5503,$3073,3093,$1.10,$1.09,$27882,$29442,$4327,$104319,$135854,$27813,$34128,$4592,$211136,$315455,$74431,$45336,$34428,$108046,$182477,$5077,$103931,$3592,$132978,$315455,$10417,$8375,$-836,$7539,$0,$339,$0,$0,$339,$16108,$-10185,$0,$587,$0,$-171,$-171,$70,$-9699,$3878,$20,$3898,$-2173,$-2173,$-3152,$0,$-1427,$4986,$284,$-3152
18,2014-03-31,32.16,$42.33,0.76,$121.08,0.27,$15.36,2.09,$3.22,9.99,$103.59B,$74.27B,1.4,$44.59B,$130.20B,0.34,$381.99B,$50.31B,13.17%,$381.99B,$17.27B,4.52%,$381.99B,$17.27B,4.52%,$381.99B,$31.83B,8.33%,$381.99B,$15.76B,4.12%,$381.99B,$10.12B,2.65%,$10.12B,$130.20B,7.75%,$10.12B,$96.34B,10.68%,$10.12B,$310.27B,3.28%,$17.27B,$174.79B,10.05%,$92988,$79285,$13703,$948,$3102,$87351,$5637,$-367,$5270,$1651,$3619,$3619,$3528,$10059,$5637,$3080,3099,$1.15,$1.14,$27786,$28843,$4380,$103588,$133199,$26738,$33864,$4360,$206686,$310274,$74270,$44586,$33324,$105804,$180074,$5084,$102535,$2611,$130200,$310274,$5270,$4422,$-326,$4096,$0,$-315,$0,$0,$-315,$8231,$-4913,$0,$16,$0,$-121,$-121,$17,$-5001,$4742,$77,$4819,$-1726,$-1726,$-1440,$0,$1653,$4838,$106,$-1440
19,2013-12-31,31.75,$38.31,0.83,$124.49,0.26,$18.97,1.67,$7.36,4.31,$96.84B,$72.81B,1.33,$40.81B,$130.39B,0.31,$396.22B,$63.29B,15.97%,$396.22B,$31.77B,8.02%,$396.22B,$31.77B,8.02%,$396.22B,$45.28B,11.43%,$396.22B,$30.22B,7.63%,$396.22B,$23.45B,5.92%,$23.45B,$130.41B,17.94%,$23.45B,$96.19B,24.91%,$23.45B,$305.69B,7.59%,$31.77B,$171.22B,18.66%,$95096,$83708,$11388,$2174,$3023,$93519,$1577,$-378,$1199,$101,$1098,$1098,$1043,$4500,$1577,$3155,3174,$0.40,$0.38,$22987,$29231,$2675,$96840,$133690,$27400,$34220,$4431,$208850,$305690,$72812,$40811,$34443,$102471,$175283,$5108,$103787,$3525,$130407,$305690,$30221,$13510,$-9481,$4029,$0,$-1193,$0,$-5650,$-6843,$21100,$-6405,$0,$3817,$0,$-5445,$-5445,$178,$-7855,$2855,$-2019,$836,$-5358,$-5358,$-5910,$32,$-10400,$2885,$297,$-5910
20,2013-09-30,27.13,$41.84,0.65,$125.80,0.22,$16.61,1.63,$7.70,3.52,$105.68B,$74.63B,1.42,$41.66B,$131.25B,0.32,$400.93B,$63.34B,15.80%,$400.93B,$33.96B,8.47%,$400.93B,$33.96B,8.47%,$400.93B,$47.20B,11.77%,$400.93B,$32.32B,8.06%,$400.93B,$23.90B,5.96%,$23.90B,$131.25B,18.66%,$23.90B,$93.35B,26.31%,$23.90B,$311.39B,7.77%,$33.96B,$172.92B,20.32%,$98203,$84768,$13435,$511,$3411,$92634,$5569,$-397,$5172,$1580,$3592,$3592,$3504,$9334,$5569,$3145,3161,$1.11,$1.11,$30035,$29389,$2877,$105684,$130153,$25719,$37897,$4470,$205705,$311389,$74634,$41664,$35387,$105504,$180138,$5181,$102646,$3735,$131251,$311389,$29022,$10587,$-11083,$-496,$0,$-7953,$0,$0,$-7953,$15686,$21,$0,$3879,$0,$-5107,$-5107,$126,$-1081,$4600,$-1751,$2849,$-3093,$-3093,$-4523,$29,$-4738,$9864,$374,$-4523
21,2013-06-30,26.59,$41.23,0.64,$124.33,0.21,$12.00,2.22,$8.29,3.21,$104.80B,$75.47B,1.39,$38.27B,$0.00B,0.0,$397.15B,$65.93B,16.60%,$397.15B,$36.83B,9.27%,$397.15B,$36.83B,9.27%,$397.15B,$49.68B,12.51%,$397.15B,$35.21B,8.87%,$397.15B,$25.67B,6.46%,$25.67B,$130.13B,20.55%,$25.67B,$92.84B,29.04%,$25.67B,$307.25B,8.41%,$36.83B,$168.40B,22.47%,$95704,$83925,$11779,$434,$3223,$91219,$4485,$-369,$4116,$1990,$2126,$2126,$2041,$7938,$4485,$3169,3185,$0.64,$0.64,$29025,$28314,$2748,$104796,$128370,$25375,$37296,$4407,$202456,$307252,$75474,$38265,$35227,$101645,$177119,$0,$0,$0,$130133,$307252,$23850,$6822,$-10962,$-4140,$0,$-7141,$0,$0,$-7141,$9354,$5596,$0,$3785,$0,$-4989,$-4989,$90,$4482,$1923,$-1873,$50,$-1835,$-1835,$-3136,$0,$-4921,$8678,$221,$-3136
22,2013-03-31,26.65,$41.06,0.65,$124.28,0.21,$7.07,3.77,$7.21,3.7,$108.50B,$78.59B,1.38,$37.52B,$131.09B,0.29,$397.87B,$63.86B,16.05%,$397.87B,$30.75B,7.73%,$397.87B,$30.75B,7.73%,$397.87B,$43.46B,10.92%,$397.87B,$29.11B,7.32%,$397.87B,$22.11B,5.56%,$22.11B,$131.09B,18.31%,$22.11B,$94.18B,26.02%,$22.11B,$310.81B,7.33%,$30.75B,$168.61B,19.18%,$107214,$80524,$26690,$322,$2954,$87076,$20138,$-404,$19734,$2792,$16942,$16942,$16863,$23507,$20138,$3191,3208,$5.28,$5.26,$28275,$28628,$7914,$108503,$126848,$26185,$36902,$5264,$202307,$310810,$78592,$37524,$34436,$101133,$179725,$5264,$101994,$4559,$131085,$310810,$19734,$3369,$-12500,$-9131,$0,$-5345,$0,$0,$-5345,$3967,$11051,$0,$1501,$0,$-4934,$-4934,$22,$7640,$-225,$-1491,$-1716,$55,$55,$-1653,$0,$-3314,$8044,$46,$-1653
23,2012-12-31,25.87,$37.55,0.69,$121.24,0.21,$2.15,12.04,$3.78,6.84,$111.38B,$77.18B,1.44,$38.77B,$119.73B,0.32,$388.07B,$53.22B,13.71%,$388.07B,$19.77B,5.09%,$388.07B,$19.77B,5.09%,$388.07B,$32.46B,8.36%,$388.07B,$18.13B,4.67%,$388.07B,$11.02B,2.84%,$11.02B,$119.75B,9.35%,$11.02B,$82.93B,13.32%,$11.02B,$300.47B,3.68%,$19.77B,$158.52B,12.55%,$99811,$88374,$11437,$309,$3389,$96044,$3767,$-467,$3300,$1750,$1550,$1550,$1487,$6425,$3767,$3171,3193,$0.47,$0.48,$19954,$28203,$23822,$111384,$125331,$14316,$36822,$5124,$189082,$300466,$77175,$38767,$35902,$103539,$180714,$5240,$87576,$5128,$119752,$300466,$18131,$12687,$3055,$15742,$0,$-1720,$0,$-5192,$-6912,$20479,$-13230,$0,$1490,$0,$-1580,$-1580,$245,$-13075,$3910,$-666,$3244,$122,$122,$-5376,$0,$-2010,$5458,$156,$-5376
24,2012-09-30,25.99,$37.41,0.69,$120.06,0.22,$2.30,11.31,$5.51,4.72,$99.79B,$79.65B,1.25,$41.40B,$118.77B,0.35,$384.61B,$60.63B,15.76%,$384.61B,$27.38B,7.12%,$384.61B,$27.38B,7.12%,$384.61B,$39.69B,10.32%,$384.61B,$25.95B,6.75%,$384.61B,$17.21B,4.48%,$17.21B,$118.77B,14.84%,$17.21B,$83.61B,21.10%,$17.21B,$302.26B,5.78%,$27.38B,$160.17B,17.68%,$94425,$78401,$16024,$290,$3627,$85985,$8440,$-376,$8064,$2717,$5347,$5347,$5281,$11811,$8440,$3173,3190,$1.66,$1.66,$16359,$28300,$11756,$99786,$119687,$33024,$35168,$6140,$202472,$302258,$79654,$41398,$35589,$103831,$183485,$5241,$88344,$4800,$118773,$302258,$14831,$10029,$2555,$12584,$0,$-8102,$0,$0,$-8102,$14100,$-12975,$0,$1423,$0,$-1106,$-1106,$175,$-12483,$4471,$2,$4473,$61,$61,$-4149,$0,$385,$1997,$265,$-4149
25,2012-06-30,24.59,$35.73,0.69,$121.02,0.2,$4.20,5.86,$5.44,4.52,$94.65B,$76.20B,1.24,$40.45B,$113.32B,0.36,$387.91B,$58.68B,15.13%,$387.91B,$26.67B,6.87%,$387.91B,$26.67B,6.87%,$387.91B,$38.28B,9.87%,$387.91B,$25.38B,6.54%,$387.91B,$16.98B,4.38%,$16.98B,$113.32B,14.91%,$16.98B,$79.15B,21.13%,$16.98B,$292.56B,5.76%,$26.67B,$153.77B,17.68%,$96421,$86715,$9706,$616,$3213,$98020,$-1599,$-390,$-1989,$-515,$-1474,$-1474,$-1520,$1718,$-1599,$3170,3214,$-0.48,$-0.48,$15185,$26434,$12680,$94647,$117565,$31458,$34176,$6444,$197911,$292558,$76197,$40449,$35993,$103038,$179235,$5238,$84133,$3938,$113323,$292558,$6767,$6658,$2883,$9541,$0,$-5201,$0,$0,$-5201,$7854,$-8602,$0,$1391,$0,$-723,$-723,$153,$-7781,$3821,$-92,$3729,$38,$38,$-2711,$0,$1056,$898,$133,$-2711
26,2012-03-31,26.97,$37.62,0.72,$123.64,0.22,$5.69,4.74,$7.67,3.52,$101.93B,$82.85B,1.23,$38.57B,$119.22B,0.32,$395.44B,$66.09B,16.71%,$395.44B,$37.34B,9.44%,$395.44B,$37.34B,9.44%,$395.44B,$48.91B,12.37%,$395.44B,$36.19B,9.15%,$395.44B,$24.21B,6.12%,$24.21B,$119.22B,21.50%,$24.21B,$85.01B,29.85%,$24.21B,$303.54B,8.22%,$37.34B,$157.79B,25.21%,$97417,$81368,$16049,$260,$3128,$88256,$9161,$-405,$8756,$2928,$5828,$5828,$5767,$12502,$9161,$3163,3207,$1.82,$1.80,$14395,$30154,$14284,$101934,$119991,$31752,$34210,$6612,$201610,$303544,$82854,$38573,$36129,$101470,$184324,$5234,$88955,$4976,$119220,$303544,$8756,$3341,$-1101,$2240,$0,$-6200,$0,$0,$-6200,$3406,$-4180,$0,$71,$0,$-249,$-249,$50,$-4308,$1397,$669,$2066,$21,$21,$-1213,$0,$874,$90,$34,$-1213
27,2011-12-31,25.35,$35.60,0.71,$121.14,0.21,$5.64,4.49,$8.09,3.13,$98.20B,$83.99B,1.17,$35.17B,$112.56B,0.31,$386.46B,$68.42B,17.70%,$386.46B,$39.82B,10.30%,$386.46B,$39.82B,10.30%,$386.46B,$51.17B,13.24%,$386.46B,$38.83B,10.05%,$386.46B,$25.70B,6.65%,$25.70B,$112.59B,23.66%,$25.70B,$78.50B,32.19%,$25.70B,$292.91B,8.85%,$39.82B,$147.75B,27.91%,$96343,$77491,$18852,$342,$3910,$84964,$11379,$-261,$11118,$3344,$7774,$7774,$7685,$13660,$11379,$3161,3203,$2.43,$2.40,$14465,$26073,$12277,$98198,$123431,$24229,$34082,$5777,$194709,$292907,$83994,$35169,$33849,$96328,$180322,$5203,$83079,$4509,$112585,$292907,$38228,$11357,$592,$11949,$0,$-4079,$0,$-15817,$-19896,$22218,$-14474,$0,$-11572,$0,$-910,$-910,$203,$-26753,$2498,$2222,$4720,$74,$74,$-4317,$0,$477,$-4551,$-88,$-4317
28,2011-09-30,21.19,$34.91,0.61,$117.57,0.18,$4.07,5.2,$7.47,2.84,$100.39B,$87.23B,1.15,$33.77B,$110.30B,0.31,$374.11B,$66.17B,17.69%,$374.11B,$37.34B,9.98%,$374.11B,$37.34B,9.98%,$374.11B,$48.92B,13.08%,$374.11B,$36.28B,9.70%,$374.11B,$23.58B,6.30%,$23.58B,$110.30B,22.58%,$23.58B,$78.73B,30.05%,$23.58B,$290.73B,8.27%,$37.34B,$144.06B,27.18%,$97732,$83655,$14077,$100,$3693,$90008,$7724,$-234,$7490,$2270,$5220,$5220,$5043,$10398,$7724,$3158,3198,$1.60,$1.58,$18284,$26601,$12471,$100387,$114809,$28380,$31565,$6256,$190344,$290731,$87225,$33767,$35336,$93211,$180436,$5222,$80699,$4535,$110295,$290731,$27716,$9076,$-2673,$6403,$0,$-11478,$0,$0,$-11478,$17144,$-9936,$0,$-5302,$0,$-531,$-531,$214,$-15555,$417,$647,$1064,$44,$44,$-3010,$0,$-1902,$-559,$117,$-3010
29,2011-06-30,25.76,$34.34,0.75,$110.55,0.23,$3.53,7.3,$6.41,4.02,$109.03B,$86.92B,1.25,$34.45B,$108.41B,0.32,$351.03B,$60.47B,17.23%,$351.03B,$31.54B,8.98%,$351.03B,$31.54B,8.98%,$351.03B,$43.25B,12.32%,$351.03B,$30.37B,8.65%,$351.03B,$20.32B,5.79%,$20.32B,$108.41B,20.43%,$20.32B,$82.17B,26.93%,$20.32B,$291.00B,7.34%,$31.54B,$142.85B,24.17%,$103946,$86837,$17109,$679,$3448,$94869,$9077,$-249,$8828,$3040,$5788,$5788,$5717,$12352,$9077,$3148,3186,$1.82,$1.79,$20162,$27477,$13963,$109031,$112205,$27942,$26238,$5788,$181964,$290995,$86924,$34445,$37642,$95663,$182587,$5218,$77073,$6027,$108408,$290995,$20226,$6402,$-1999,$4403,$0,$-11106,$0,$0,$-11106,$10252,$-6237,$0,$-4924,$0,$-354,$-354,$151,$-11364,$1889,$792,$2681,$30,$30,$-1705,$0,$1006,$193,$-11,$-1705
30,2011-03-31,25.43,$32.81,0.78,$101.85,0.25,$4.36,5.83,$-0.80,0.0,$107.33B,$88.94B,1.21,$32.85B,$103.18B,0.32,$322.95B,$25.48B,7.89%,$322.95B,$-1.67B,-0.52%,$322.95B,$-1.67B,-0.52%,$322.95B,$9.60B,2.97%,$322.95B,$-2.81B,-0.87%,$322.95B,$-2.55B,-0.79%,$-2.55B,$103.18B,-2.71%,$-2.55B,$79.98B,-3.59%,$-2.55B,$286.59B,-0.96%,$-1.67B,$136.03B,-1.37%,$88442,$70060,$18382,$399,$2907,$76805,$11637,$-239,$11398,$4083,$7315,$7315,$7254,$14764,$11637,$3136,3173,$2.31,$2.29,$20165,$28657,$10982,$107334,$111476,$28793,$23203,$5853,$179258,$286592,$88943,$32847,$39406,$94466,$183409,$5200,$72265,$5574,$103183,$286592,$11398,$3127,$-2944,$183,$0,$-7823,$0,$0,$-7823,$2404,$-3325,$0,$-1416,$0,$-165,$-165,$35,$-4871,$2295,$949,$3244,$12,$12,$-814,$0,$2442,$170,$-124,$-814
31,2010-12-31,25.22,$30.61,0.82,$97.47,0.26,$5.76,4.38,$-1.13,0.0,$94.21B,$83.88B,1.12,$30.71B,$95.87B,0.32,$308.93B,$22.86B,7.40%,$308.93B,$-3.70B,-1.20%,$308.93B,$-3.70B,-1.20%,$308.93B,$7.46B,2.42%,$308.93B,$-4.83B,-1.56%,$308.93B,$-3.72B,-1.20%,$-3.72B,$95.89B,-3.94%,$-3.72B,$73.00B,-5.18%,$-3.72B,$272.26B,-1.46%,$-3.70B,$126.60B,-3.08%,$83988,$67385,$16603,$431,$3409,$75083,$8905,$-346,$8559,$2896,$5663,$5663,$5566,$11407,$8905,$3132,3168,$1.78,$1.76,$20088,$26218,$8843,$94212,$110163,$29453,$22896,$5642,$178050,$272262,$83879,$30710,$41017,$92492,$176371,$5162,$65758,$4937,$95891,$272262,$-4825,$11164,$12795,$23959,$0,$-3895,$0,$4987,$1092,$13616,$-10929,$0,$6994,$0,$-526,$-526,$501,$-3960,$7232,$-3619,$3613,$169,$169,$-2942,$0,$840,$10217,$197,$-2942
32,2010-09-30,23.51,$28.86,0.81,$94.25,0.25,$7.69,3.06,$-1.53,0.0,$84.26B,$83.62B,1.01,$25.96B,$90.37B,0.29,$298.58B,$22.57B,7.56%,$298.58B,$-5.67B,-1.90%,$298.58B,$-5.67B,-1.90%,$298.58B,$5.72B,1.91%,$298.58B,$-6.75B,-2.26%,$298.58B,$-4.99B,-1.67%,$-4.99B,$90.37B,-5.20%,$-4.99B,$66.74B,-6.74%,$-4.99B,$257.11B,-2.03%,$-5.67B,$116.32B,-4.71%,$74652,$66275,$8377,$160,$3187,$72736,$1916,$-335,$1581,$-292,$1873,$1873,$1785,$4728,$1916,$3132,3170,$0.57,$0.56,$14354,$21957,$11402,$84260,$107396,$29548,$23628,$6204,$172853,$257113,$83624,$25957,$37318,$83123,$166747,$5183,$60379,$4959,$90366,$257113,$-13384,$8662,$12264,$20926,$0,$11307,$0,$0,$11307,$13794,$-8366,$0,$2184,$0,$-325,$-325,$392,$-6115,$2666,$-3086,$-420,$138,$138,$-2825,$0,$-3107,$4464,$125,$-2825
33,2010-06-30,16.49,$27.57,0.6,$92.20,0.18,$8.07,2.04,$-0.42,0.0,$77.25B,$80.31B,0.96,$22.26B,$86.36B,0.26,$291.78B,$28.67B,9.82%,$291.78B,$0.31B,0.11%,$291.78B,$0.31B,0.11%,$291.78B,$12.10B,4.15%,$291.78B,$-0.74B,-0.25%,$291.78B,$-1.44B,-0.49%,$-1.44B,$86.36B,-1.46%,$-1.44B,$63.91B,-1.87%,$-1.44B,$248.62B,-0.60%,$0.31B,$108.62B,0.25%,$75871,$93753,$-17882,$132,$2939,$100000,$-24129,$-214,$-24343,$-7295,$-17048,$-17048,$-17151,$-21296,$-24129,$3131,3172,$-5.48,$-5.41,$8964,$22106,$7452,$77249,$106494,$29801,$22448,$5696,$171366,$248615,$80306,$22259,$39633,$81947,$162253,$0,$0,$0,$86362,$248615,$-14965,$5850,$15357,$21207,$0,$11524,$0,$0,$11524,$14446,$-7818,$0,$-1181,$0,$-207,$-207,$259,$-8947,$-1589,$-2102,$-3691,$159,$159,$-2757,$0,$-6289,$-1029,$4,$-2757
34,2010-03-31,32.06,$33.53,0.96,$86.21,0.37,$6.92,4.63,$6.38,5.02,$69.70B,$61.78B,1.13,$23.80B,$104.98B,0.23,$272.47B,$60.43B,22.18%,$272.47B,$31.53B,11.57%,$272.47B,$31.53B,11.57%,$272.47B,$43.81B,16.08%,$272.47B,$30.37B,11.15%,$272.47B,$20.09B,7.37%,$20.09B,$104.98B,19.85%,$20.09B,$83.89B,25.05%,$20.09B,$240.64B,8.50%,$31.53B,$128.78B,24.96%,$74417,$58657,$15760,$120,$3020,$64811,$9606,$-228,$9378,$3190,$6188,$6188,$6079,$12623,$9606,$3128,3167,$1.94,$1.92,$6841,$23221,$5355,$69697,$108232,$30339,$21084,$6129,$170940,$240637,$61784,$23797,$20513,$73875,$135659,$0,$0,$0,$104978,$240637,$9378,$3017,$-1181,$1836,$0,$-1940,$0,$0,$-1940,$7693,$-4181,$0,$0,$0,$-88,$-88,$56,$-4213,$-2153,$-247,$-2400,$128,$128,$-2629,$0,$-4901,$-1498,$-146,$-2629
35,2009-12-31,32.07,$32.66,0.98,$77.97,0.41,$6.15,5.21,$5.26,6.1,$67.65B,$59.32B,1.14,$25.52B,$102.09B,0.25,$246.14B,$55.41B,22.51%,$246.14B,$26.43B,10.74%,$246.14B,$26.43B,10.74%,$246.14B,$38.53B,15.65%,$246.14B,$25.12B,10.21%,$246.14B,$16.58B,6.73%,$16.58B,$102.11B,16.96%,$16.58B,$81.95B,21.54%,$16.58B,$235.97B,7.15%,$26.43B,$127.63B,21.69%,$73636,$57325,$16311,$272,$3979,$66702,$6934,$-302,$6632,$2254,$4378,$4378,$4294,$9660,$6934,$3125,3162,$1.37,$1.36,$8339,$22605,$4967,$67653,$108275,$29826,$20168,$5372,$168315,$235968,$59320,$25518,$20345,$74535,$133855,$5158,$72655,$4811,$102113,$235968,$25124,$12106,$406,$12512,$0,$-5363,$0,$1767,$-3596,$27716,$-18935,$0,$967,$0,$-742,$-742,$577,$-18133,$5546,$-4405,$1141,$207,$207,$-10899,$0,$-9551,$142,$450,$-10899
36,2009-09-30,29.03,$32.27,0.9,$74.09,0.39,$3.40,8.55,$2.80,10.37,$66.68B,$58.30B,1.14,$27.07B,$100.80B,0.27,$233.60B,$42.18B,18.06%,$233.60B,$15.83B,6.78%,$233.60B,$15.83B,6.78%,$233.60B,$19.36B,8.29%,$233.60B,$14.58B,6.24%,$233.60B,$8.94B,3.83%,$8.94B,$100.80B,9.38%,$8.94B,$79.35B,12.00%,$8.94B,$235.15B,3.89%,$15.83B,$127.87B,13.49%,$67856,$53379,$14477,$378,$3420,$59955,$7901,$-311,$7590,$2235,$5355,$5355,$5336,$11117,$7901,$3122,3156,$1.71,$1.69,$9883,$18988,$5536,$66679,$106692,$30527,$21449,$5377,$168466,$235145,$58302,$27068,$20673,$76040,$134342,$0,$0,$0,$100803,$235145,$18492,$9380,$-908,$8472,$0,$-1176,$0,$0,$-1176,$20428,$-13826,$0,$427,$0,$-500,$-500,$339,$-13560,$6643,$-3848,$2795,$125,$125,$-8184,$0,$-5264,$1686,$322,$-8184
37,2009-06-30,25.58,$31.06,0.82,$85.81,0.3,$6.46,3.96,$4.33,5.91,$67.07B,$63.01B,1.07,$24.22B,$96.95B,0.25,$270.57B,$45.86B,16.95%,$270.57B,$20.45B,7.56%,$270.57B,$20.45B,7.56%,$270.57B,$23.52B,8.69%,$270.57B,$19.28B,7.12%,$270.57B,$11.65B,4.31%,$11.65B,$96.95B,12.04%,$11.65B,$75.69B,15.29%,$11.65B,$233.36B,4.95%,$20.45B,$121.17B,17.70%,$56561,$42677,$13884,$347,$3290,$49468,$7093,$-321,$6772,$2343,$4429,$4429,$4384,$10408,$7093,$3121,3155,$1.41,$1.39,$8959,$18650,$6760,$67074,$105779,$29333,$21255,$5726,$166285,$233359,$63007,$24222,$21860,$73403,$136410,$0,$0,$0,$96949,$233359,$10902,$6164,$-226,$5938,$0,$-1061,$0,$0,$-1061,$12329,$-9357,$0,$329,$0,$-300,$-300,$260,$-9068,$4883,$-2042,$2841,$62,$62,$-5424,$0,$-2521,$762,$187,$-5424
38,2009-03-31,21.13,$29.22,0.72,$102.90,0.21,$8.30,2.55,$5.97,3.54,$61.06B,$63.89B,0.96,$19.44B,$91.18B,0.21,$324.99B,$55.75B,17.15%,$324.99B,$28.09B,8.64%,$324.99B,$28.09B,8.64%,$324.99B,$30.73B,9.46%,$324.99B,$27.01B,8.31%,$324.99B,$16.62B,5.11%,$16.62B,$91.18B,16.77%,$16.62B,$70.88B,20.97%,$16.62B,$223.20B,6.71%,$28.09B,$110.62B,24.37%,$48085,$37345,$10740,$119,$3349,$43587,$4498,$-368,$4130,$1533,$2597,$2597,$2562,$7347,$4498,$3120,3153,$0.82,$0.81,$8360,$15292,$7753,$61057,$103316,$28794,$20296,$6286,$162146,$223203,$63894,$19438,$22351,$68130,$132024,$0,$0,$0,$91179,$223203,$4130,$2849,$286,$3135,$0,$32,$0,$0,$32,$5572,$-4506,$0,$0,$0,$-150,$-150,$164,$-4492,$2039,$-182,$1857,$35,$35,$-2730,$0,$-838,$163,$86,$-2730
39,2008-12-31,24.13,$29.51,0.82,$116.06,0.21,$10.08,2.39,$7.57,3.19,$66.38B,$69.79B,0.95,$17.46B,$92.09B,0.19,$367.05B,$64.36B,17.53%,$367.05B,$35.24B,9.60%,$367.05B,$35.24B,9.60%,$367.05B,$38.00B,10.35%,$367.05B,$34.28B,9.34%,$367.05B,$21.16B,5.76%,$21.16B,$92.11B,20.90%,$21.16B,$71.97B,25.80%,$21.16B,$228.24B,8.29%,$35.24B,$109.57B,30.25%,$61094,$58019,$3075,$239,$3745,$64757,$-3663,$-251,$-3914,$-712,$-3202,$-3202,$-3345,$-9515,$-3663,$3119,3147,$-1.07,$-1.06,$8197,$16821,$8510,$66384,$103200,$28681,$20138,$6392,$161854,$228238,$69793,$17464,$22243,$66336,$136129,$5155,$67080,$2353,$92109,$228238,$-3914,$2759,$2744,$5503,$0,$6945,$0,$-3662,$6945,$5619,$-5544,$0,$-175,$0,$-262,$-262,$163,$-5818,$3167,$1973,$5140,$64,$64,$-2812,$0,$2392,$2055,$93,$-2812
40,2008-09-30,25.39,$34.22,0.74,$121.94,0.21,$12.74,1.99,$9.59,2.65,$85.27B,$80.31B,1.06,$14.04B,$106.79B,0.13,$387.45B,$77.36B,19.97%,$387.45B,$46.21B,11.93%,$387.45B,$46.21B,11.93%,$387.45B,$57.84B,14.93%,$387.45B,$45.26B,11.68%,$387.45B,$28.90B,7.46%,$28.90B,$106.79B,28.37%,$28.90B,$86.18B,34.71%,$28.90B,$256.12B,11.24%,$46.21B,$120.83B,39.60%,$104829,$86669,$18160,$232,$3794,$92304,$12525,$-238,$12287,$4101,$8186,$8186,$8049,$15276,$12525,$3124,3155,$2.58,$2.55,$6142,$27277,$8384,$85272,$102889,$30311,$20606,$6503,$170850,$256122,$80305,$14042,$24331,$69027,$149332,$0,$0,$0,$106790,$256122,$38197,$8611,$-2826,$5785,$0,$-1597,$0,$0,$-1597,$32476,$-16196,$0,$-209,$0,$-828,$-828,$284,$-16949,$973,$-3288,$-2315,$-2631,$-2631,$-7955,$0,$-12901,$2580,$366,$-7955
41,2008-06-30,34.72,$33.97,1.02,$111.60,0.31,$10.55,3.29,$7.77,4.47,$107.85B,$101.04B,1.07,$13.55B,$106.45B,0.13,$355.46B,$73.01B,20.54%,$355.46B,$40.49B,11.39%,$355.46B,$40.49B,11.39%,$355.46B,$51.88B,14.59%,$355.46B,$39.61B,11.14%,$355.46B,$25.25B,7.10%,$25.25B,$106.45B,25.76%,$25.25B,$88.05B,31.45%,$25.25B,$283.81B,10.12%,$40.49B,$120.01B,36.01%,$110982,$87206,$23776,$118,$3977,$96255,$14727,$-221,$14506,$5036,$9470,$9470,$9357,$17621,$14727,$3137,3169,$2.98,$2.95,$3593,$35182,$16075,$107853,$101787,$31465,$18402,$13205,$175960,$283813,$101040,$13551,$32266,$76319,$177359,$0,$0,$0,$106454,$283813,$25910,$5860,$-2350,$3510,$0,$-6427,$0,$0,$-6427,$17612,$-8813,$0,$-209,$0,$-620,$-620,$334,$-9308,$641,$-1908,$-1267,$-1817,$-1817,$-5221,$0,$-8305,$31,$238,$-5221
42,2008-03-31,29.93,$31.64,0.95,$99.69,0.3,$10.02,2.99,$6.65,4.5,$88.25B,$82.94B,1.06,$16.05B,$99.54B,0.16,$318.87B,$66.54B,20.87%,$318.87B,$36.65B,11.49%,$318.87B,$36.65B,11.49%,$318.87B,$47.67B,14.95%,$318.87B,$35.83B,11.24%,$318.87B,$23.27B,7.30%,$23.27B,$99.54B,24.82%,$23.27B,$81.80B,30.44%,$23.27B,$252.40B,9.95%,$36.65B,$115.59B,33.97%,$90148,$70797,$19351,$293,$3896,$78498,$11650,$-246,$11404,$4192,$7212,$7212,$7094,$14616,$11650,$3146,3174,$2.26,$2.24,$4820,$26588,$8962,$88249,$99512,$29134,$17741,$6814,$164152,$252401,$82943,$16051,$24150,$69922,$152865,$0,$0,$0,$99536,$252401,$11404,$2966,$-799,$2167,$0,$-717,$0,$0,$-717,$10894,$-4159,$0,$0,$0,$-370,$-370,$122,$-4407,$1640,$-3424,$-1784,$-889,$-889,$-2590,$0,$-5263,$1258,$65,$-2590
43,2007-12-31,35.67,$30.01,1.19,$90.60,0.39,$9.33,3.82,$5.58,6.39,$80.20B,$77.23B,1.04,$15.65B,$94.63B,0.17,$291.44B,$60.74B,20.84%,$291.44B,$32.35B,11.10%,$291.44B,$32.35B,11.10%,$291.44B,$42.93B,14.73%,$291.44B,$31.61B,10.85%,$291.44B,$20.84B,7.15%,$20.84B,$94.65B,23.07%,$20.84B,$76.99B,28.44%,$20.84B,$236.08B,9.26%,$32.35B,$110.30B,31.28%,$81492,$65421,$16071,$201,$4212,$74185,$7307,$-242,$7065,$2561,$4504,$4504,$4397,$10327,$7307,$3194,3221,$1.39,$1.36,$3562,$26554,$7607,$80202,$97989,$24522,$17658,$4824,$155874,$236076,$77231,$15651,$20112,$64193,$141424,$5216,$64510,$6540,$94652,$236076,$31611,$10579,$-2507,$8072,$0,$-7255,$0,$1353,$-5902,$24709,$-16081,$0,$1293,$0,$-615,$-615,$566,$-14837,$4917,$1494,$6411,$-7113,$-7113,$-8333,$0,$-9035,$972,$420,$-8333
44,2007-09-30,33.53,$28.86,1.16,$83.98,0.4,$12.30,2.73,$5.85,5.73,$74.85B,$73.81B,1.01,$12.46B,$91.49B,0.14,$272.78B,$55.94B,20.51%,$272.78B,$29.50B,10.81%,$272.78B,$29.50B,10.81%,$272.78B,$39.50B,14.48%,$272.78B,$28.85B,10.58%,$272.78B,$19.32B,7.08%,$19.32B,$91.49B,21.95%,$19.32B,$74.39B,27.07%,$19.32B,$225.61B,8.76%,$29.50B,$103.95B,29.50%,$72838,$59028,$13810,$244,$4137,$66029,$6809,$-173,$6636,$2158,$4478,$4478,$4406,$9314,$6809,$3177,3183,$1.39,$1.38,$2410,$21784,$7326,$74847,$96934,$22994,$17109,$4136,$150764,$225611,$73805,$12456,$19060,$60312,$134117,$0,$0,$0,$91494,$225611,$24546,$7559,$-1730,$5829,$0,$0,$0,$-9955,$-9955,$20420,$-10958,$0,$1288,$0,$-289,$-289,$497,$-9462,$1382,$-631,$751,$-5761,$-5761,$-6209,$0,$-11219,$-180,$0,$-6209
45,2007-06-30,34.55,$28.04,1.23,$83.19,0.42,$14.65,2.36,$6.35,5.44,$74.20B,$73.07B,1.02,$12.19B,$89.42B,0.14,$272.94B,$59.23B,21.70%,$272.94B,$33.71B,12.35%,$272.94B,$33.71B,12.35%,$272.94B,$43.40B,15.90%,$272.94B,$33.12B,12.13%,$272.94B,$21.15B,7.75%,$21.15B,$89.42B,24.47%,$21.15B,$72.63B,30.16%,$21.15B,$221.89B,9.73%,$33.71B,$101.61B,34.44%,$74392,$57086,$17306,$155,$3565,$63513,$10879,$-155,$10724,$3283,$7441,$7441,$7376,$13414,$10879,$3198,3220,$2.30,$2.29,$2643,$20645,$7234,$74204,$95193,$22594,$16790,$4025,$147690,$221894,$73066,$12188,$19199,$59405,$132471,$0,$0,$0,$89423,$221894,$17910,$5054,$-1733,$3321,$0,$0,$0,$-7167,$-7167,$14064,$-6833,$0,$1315,$0,$-130,$-130,$452,$-5196,$1644,$-2057,$-413,$-4320,$-4320,$-4119,$0,$-8852,$53,$0,$-4119
46,2007-03-31,30.73,$26.67,1.15,$81.74,0.38,$16.44,1.87,$6.27,4.9,$72.91B,$73.51B,0.99,$12.13B,$85.75B,0.14,$272.26B,$58.97B,21.66%,$272.26B,$34.15B,12.54%,$272.26B,$34.15B,12.54%,$272.26B,$43.61B,16.02%,$272.26B,$33.60B,12.34%,$272.26B,$21.35B,7.84%,$21.35B,$85.75B,25.22%,$21.35B,$69.09B,31.11%,$21.35B,$216.86B,9.93%,$34.15B,$97.88B,35.76%,$62716,$49159,$13557,$156,$3457,$55359,$7357,$-171,$7186,$2440,$4746,$4746,$4664,$9876,$7357,$3231,3247,$1.44,$1.44,$1956,$19812,$8663,$72912,$92307,$22818,$16658,$3511,$143944,$216856,$73509,$12131,$17549,$57598,$131107,$0,$0,$0,$85749,$216856,$7186,$2519,$-669,$1850,$0,$0,$0,$-1058,$-1058,$7978,$-3335,$0,$-479,$0,$-53,$-53,$45,$-3822,$224,$-558,$-334,$-2402,$-2402,$-2065,$0,$-4801,$-634,$0,$-2065
47,2006-12-31,31.52,$26.28,1.2,$81.17,0.39,$16.78,1.88,$6.46,4.88,$75.34B,$75.35B,1.0,$11.09B,$85.44B,0.13,$274.32B,$60.22B,21.95%,$274.32B,$35.66B,13.00%,$274.32B,$35.66B,13.00%,$274.32B,$44.79B,16.33%,$274.32B,$35.14B,12.81%,$274.32B,$22.31B,8.13%,$22.31B,$85.47B,26.77%,$22.31B,$69.44B,32.95%,$22.31B,$217.60B,10.50%,$35.66B,$96.55B,38.13%,$62832,$51563,$11269,$408,$4205,$58381,$4451,$-149,$4302,$1347,$2955,$2955,$2878,$6892,$4451,$3338,3364,$0.90,$0.89,$2590,$18915,$11451,$75339,$90999,$22746,$16026,$4059,$142262,$217601,$75352,$11086,$18306,$56784,$132136,$5364,$58487,$4685,$85465,$217601,$35142,$9128,$-2745,$6383,$0,$995,$0,$-615,$380,$28172,$-9162,$0,$62,$0,$-607,$-607,$189,$-9518,$176,$3873,$4049,$-15151,$-15151,$-7969,$0,$-19071,$-370,$416,$-7969
