,Date,Stock Price,Book Value per Share,Price to Book Ratio,TTM Sales per Share,Price to Sales Ratio,TTM FCF per Share,Price to FCF Ratio,TTM Net EPS,PE Ratio,Current Assets,Current Liabilities,Current Ratio,Long Term Debt,Shareholder's Equity_x,Debt to Equity Ratio,TTM Revenue_x,TTM Gross Profit,Gross Margin,TTM Revenue_y,TTM Operating Income,Operating Margin,TTM Revenue_x,TTM EBIT,EBIT Margin,TTM Revenue_y,TTM EBITDA,EBITDA Margin,TTM Revenue_x,TTM Pre-Tax Income,Pre-Tax Margin,TTM Revenue_y,TTM Net Income_x,Net Margin,TTM Net Income_y,Shareholder's Equity_y,Return on Equity,TTM Net Income_x,Tangible Equity,Return on Tangible Equity,TTM Net Income_y,Total Assets,Return on Assets,TTM Net Income,LT Investments & Debt,Return on Investment,revenue,cost-goods-sold,gross-profit,research-development-expenses,selling-general-administrative-expenses,operating-expenses,operating-income,total-non-operating-income-expense,pre-tax-income,total-provision-income-taxes,income-after-taxes,income-from-continuous-operations,net-income,ebitda,ebit,basic-shares-outstanding,shares-outstanding,eps-basic-net-earnings-per-share,eps-earnings-per-share-diluted,cash-on-hand,inventory,other-current-assets,total-current-assets,net-property-plant-equipment,long-term-investments,goodwill-intangible-assets-total,other-long-term-assets,total-long-term-assets,total-assets,total-current-liabilities,long-term-debt,other-non-current-liabilities,total-long-term-liabilities,total-liabilities,common-stock-net,retained-earnings-accumulated-deficit,comprehensive-income,total-share-holder-equity,total-liabilities-share-holders-equity,net-income-loss,total-depreciation-amortization-cash-flow,other-non-cash-items,total-non-cash-items,change-in-accounts-receivable,change-in-inventories,change-in-accounts-payable,change-in-assets-liabilities,total-change-in-assets-liabilities,cash-flow-from-operating-activities,net-change-in-property-plant-equipment,net-change-in-intangible-assets,net-acquisitions-divestitures,net-change-in-short-term-investments,net-change-in-long-term-investments,net-change-in-investments-total,investing-activities-other,cash-flow-from-investing-activities,net-long-term-debt,net-current-debt,debt-issuance-retirement-net-total,net-common-equity-issued-repurchased,net-total-equity-issued-repurchased,total-common-preferred-stock-dividends-paid,financial-activities-other,cash-flow-from-financial-activities,net-cash-flow,stock-based-compensation,common-stock-dividends-paid
0,2018-09-30,13.65,$8.72,1.56,$5.00,2.73,$1.88,7.27,$0.29,47.07,$6.78B,$6.93B,0.98,$0.55B,$0.74B,0.74,$0.43B,$0.38B,88.03%,$0.43B,$0.09B,20.19%,$0.43B,0,0.00%,$0.43B,0,0.00%,$0.43B,$0.08B,18.78%,$0.43B,$0.02B,5.40%,$0.02B,$0.74B,3.02%,$0.02B,$0.65B,3.43%,$0.02B,$8.38B,0.27%,$0.09B,$1.29B,5.48%,$108,$16,$92,$0,$61,$78,$30,$-6,$24,$5,$19,$19,$17,$0,$0,$84,85,$0.20,$0.20,$93,$0,$0,$6778,$47,$1188,$89,$246,$1598,$8376,$6928,$548,$150,$710,$7638,$85,$65,$-28,$738,$8376,$47,$17,$11,$29,$2,$0,$0,$0,$2,$63,$-18,$0,$0,$0,$86,$86,$-182,$-114,$-22,$-133,$-155,$6,$-44,$-32,$254,$23,$-28,$5,$-31
1,2018-06-30,15.77,$8.69,1.82,$4.98,3.17,$2.06,7.65,$0.31,50.87,$7.10B,$6.68B,1.06,$1.16B,$0.73B,1.59,$0.42B,$0.38B,89.62%,$0.42B,$0.08B,19.81%,$0.42B,0,0.00%,$0.42B,0,0.00%,$0.42B,$0.08B,19.81%,$0.42B,$0.03B,5.90%,$0.03B,$0.73B,3.20%,$0.03B,$0.64B,3.72%,$0.03B,$8.72B,0.30%,$0.08B,$1.90B,5.00%,$104,$14,$90,$0,$64,$79,$25,$0,$25,$17,$7,$7,$3,$0,$0,$84,85,$0.03,$0.03,$365,$0,$0,$7097,$46,$1226,$90,$230,$1619,$8716,$6679,$1163,$129,$1303,$7982,$84,$57,$-23,$734,$8716,$29,$11,$10,$22,$0,$0,$0,$0,$0,$33,$-14,$0,$0,$0,$54,$54,$-229,$-190,$13,$347,$360,$5,$-45,$-22,$108,$401,$244,$3,$-20
2,2018-03-31,14.82,$9.38,1.58,$4.98,2.97,$2.27,6.51,$0.53,27.96,$6.64B,$6.67B,1.0,$0.72B,$0.74B,0.97,$0.42B,$0.39B,91.02%,$0.42B,$0.09B,21.75%,$0.42B,0,0.00%,$0.42B,0,0.00%,$0.42B,$0.09B,21.75%,$0.42B,$0.05B,10.64%,$0.05B,$0.79B,5.64%,$0.05B,$0.70B,6.73%,$0.05B,$8.32B,0.55%,$0.09B,$1.51B,5.79%,$108,$11,$97,$0,$68,$80,$28,$0,$28,$6,$22,$22,$23,$0,$0,$83,85,$0.27,$0.27,$77,$0,$0,$6644,$44,$1244,$91,$264,$1675,$8318,$6670,$718,$125,$859,$7529,$84,$62,$-21,$790,$8318,$22,$5,$2,$7,$1,$0,$0,$0,$1,$17,$-8,$0,$0,$0,$41,$41,$-97,$-65,$38,$-97,$-59,$1,$1,$-11,$73,$4,$-43,$2,$-10
3,2017-12-31,15.09,$9.33,1.62,$4.87,3.1,$2.32,6.52,$0.43,35.1,$6.59B,$6.57B,1.0,$0.80B,$0.74B,1.08,$0.41B,$0.38B,91.53%,$0.41B,$0.09B,20.82%,$0.41B,0,0.00%,$0.41B,0,0.00%,$0.41B,$0.09B,20.82%,$0.41B,$0.04B,8.72%,$0.04B,$0.79B,4.53%,$0.04B,$0.69B,5.56%,$0.04B,$8.31B,0.44%,$0.09B,$1.59B,5.20%,$106,$10,$96,$0,$67,$103,$3,$0,$3,$21,$-18,$-18,$-20,$0,$0,$82,85,$-0.26,$-0.24,$121,$0,$0,$6589,$38,$1305,$92,$260,$1723,$8312,$6572,$800,$136,$953,$7526,$84,$50,$-9,$786,$8312,$41,$46,$25,$71,$-1,$0,$0,$0,$-1,$102,$-14,$0,$0,$0,$93,$93,$-433,$-354,$-81,$-37,$-118,$4,$4,$-41,$421,$266,$14,$8,$-37
4,2017-09-30,16.05,$9.69,1.66,$4.85,3.31,$2.45,6.56,$0.86,18.67,$6.49B,$6.39B,1.02,$0.92B,$0.77B,1.2,$0.41B,$0.38B,92.18%,$0.41B,$0.11B,26.41%,$0.41B,0,0.00%,$0.41B,0,0.00%,$0.41B,$0.11B,26.41%,$0.41B,$0.07B,17.60%,$0.07B,$0.82B,9.10%,$0.07B,$0.65B,11.54%,$0.07B,$8.27B,0.88%,$0.11B,$1.73B,6.50%,$106,$9,$97,$0,$67,$78,$28,$0,$28,$8,$20,$20,$19,$0,$0,$83,85,$0.23,$0.22,$110,$0,$0,$6485,$37,$1336,$165,$201,$1784,$8269,$6392,$919,$127,$1062,$7454,$84,$76,$-5,$815,$8269,$59,$16,$4,$19,$2,$0,$0,$0,$2,$71,$-11,$0,$0,$0,$71,$71,$-343,$-282,$-31,$100,$69,$4,$4,$-30,$173,$216,$4,$6,$-28
5,2017-06-30,14.78,$9.52,1.55,$4.76,3.11,$2.52,5.86,$0.86,17.19,$6.34B,$6.45B,0.98,$0.73B,$0.75B,0.97,$0.40B,$0.37B,92.50%,$0.40B,$0.11B,27.00%,$0.40B,0,0.00%,$0.40B,0,0.00%,$0.40B,$0.11B,27.00%,$0.40B,$0.07B,18.00%,$0.07B,$0.80B,9.20%,$0.07B,$0.63B,11.77%,$0.07B,$8.11B,0.90%,$0.11B,$1.53B,6.84%,$103,$8,$95,$0,$60,$70,$33,$0,$33,$10,$23,$23,$23,$0,$0,$82,85,$0.28,$0.27,$97,$0,$0,$6338,$34,$1333,$166,$186,$1770,$8108,$6451,$725,$115,$858,$7308,$84,$67,$-6,$799,$8108,$39,$11,$-1,$10,$1,$0,$0,$0,$1,$43,$-6,$0,$0,$0,$74,$74,$-210,$-143,$-25,$-160,$-186,$2,$2,$-20,$294,$90,$-10,$4,$-18
6,2017-03-31,15.68,$9.29,1.69,$4.65,3.37,$2.57,6.11,$0.78,20.11,$6.37B,$6.31B,1.01,$0.99B,$0.73B,1.35,$0.39B,$0.36B,92.56%,$0.39B,$0.10B,25.64%,$0.39B,0,0.00%,$0.39B,0,0.00%,$0.39B,$0.10B,25.38%,$0.39B,$0.06B,16.41%,$0.06B,$0.78B,8.24%,$0.06B,$0.61B,10.64%,$0.06B,$8.22B,0.81%,$0.10B,$1.77B,6.30%,$98,$7,$90,$0,$67,$76,$22,$0,$22,$7,$15,$15,$14,$0,$0,$82,85,$0.18,$0.17,$165,$0,$0,$6371,$33,$1405,$168,$185,$1844,$8215,$6314,$992,$110,$1119,$7433,$84,$54,$-10,$782,$8215,$15,$5,$3,$8,$3,$0,$0,$0,$3,$15,$-3,$0,$0,$0,$-3,$-3,$-184,$-189,$11,$68,$79,$4,$4,$-10,$161,$233,$59,$2,$-9
7,2016-12-31,15.72,$9.18,1.71,$4.63,3.39,$2.65,5.94,$0.82,19.17,$6.18B,$6.23B,0.99,$0.84B,$0.72B,1.17,$0.39B,$0.36B,92.76%,$0.39B,$0.10B,26.61%,$0.39B,0,0.00%,$0.39B,0,0.00%,$0.39B,$0.10B,26.10%,$0.39B,$0.07B,17.57%,$0.07B,$0.77B,8.82%,$0.07B,$0.60B,11.47%,$0.07B,$7.97B,0.89%,$0.10B,$1.61B,6.90%,$102,$7,$95,$0,$60,$78,$25,$0,$25,$7,$18,$18,$16,$0,$0,$81,83,$0.19,$0.20,$107,$0,$0,$6180,$32,$1401,$169,$132,$1790,$7970,$6225,$841,$120,$977,$7202,$84,$48,$-13,$768,$7970,$72,$33,$-3,$30,$5,$0,$0,$0,$5,$106,$-9,$0,$0,$0,$-193,$-193,$-490,$-693,$-37,$391,$354,$-7,$-7,$-37,$144,$454,$-132,$4,$-33
8,2016-09-30,12.09,$9.39,1.29,$4.52,2.68,$2.54,4.76,$0.80,15.12,$5.89B,$6.02B,0.98,$0.63B,$0.73B,0.86,$0.38B,$0.35B,92.59%,$0.38B,$0.10B,26.46%,$0.38B,0,0.00%,$0.38B,0,0.00%,$0.38B,$0.10B,25.40%,$0.38B,$0.07B,17.46%,$0.07B,$0.78B,8.62%,$0.07B,$0.60B,11.31%,$0.07B,$7.68B,0.87%,$0.10B,$1.41B,7.05%,$97,$7,$90,$0,$60,$68,$28,$0,$28,$9,$20,$20,$19,$0,$0,$81,84,$0.23,$0.22,$68,$0,$0,$5894,$32,$1385,$180,$151,$1788,$7682,$6015,$629,$240,$885,$6900,$83,$39,$10,$781,$7682,$53,$17,$-1,$16,$3,$0,$0,$0,$3,$72,$-7,$0,$0,$0,$-135,$-135,$-147,$-289,$-34,$239,$206,$-7,$-7,$-28,$-126,$45,$-171,$2,$-25
9,2016-06-30,11.01,$9.28,1.19,$4.48,2.46,$2.52,4.37,$0.74,14.88,$5.84B,$5.76B,1.01,$0.78B,$0.73B,1.08,$0.37B,$0.35B,92.51%,$0.37B,$0.10B,25.40%,$0.37B,0,0.00%,$0.37B,0,0.00%,$0.37B,$0.09B,23.80%,$0.37B,$0.06B,16.31%,$0.06B,$0.77B,8.07%,$0.06B,$0.59B,10.67%,$0.06B,$7.58B,0.82%,$0.10B,$1.56B,6.82%,$93,$7,$86,$0,$60,$68,$25,$-1,$24,$8,$16,$16,$15,$0,$0,$81,84,$0.19,$0.18,$126,$0,$0,$5836,$32,$1341,$182,$152,$1744,$7580,$5759,$784,$246,$1046,$6805,$83,$29,$13,$774,$7580,$34,$11,$-1,$10,$4,$0,$0,$0,$4,$45,$-5,$0,$0,$0,$-84,$-84,$-31,$-120,$-18,$400,$382,$-5,$-5,$-18,$-396,$-38,$-113,$0,$-17
10,2016-03-31,10.61,$9.18,1.16,$4.50,2.36,$2.24,4.73,$0.74,14.34,$5.73B,$5.89B,0.97,$0.63B,$0.71B,0.88,$0.38B,$0.35B,92.55%,$0.38B,$0.10B,25.53%,$0.38B,0,0.00%,$0.38B,0,0.00%,$0.38B,$0.09B,23.94%,$0.38B,$0.06B,16.76%,$0.06B,$0.76B,8.46%,$0.06B,$0.58B,11.28%,$0.06B,$7.41B,0.86%,$0.10B,$1.39B,7.12%,$95,$7,$88,$0,$61,$69,$25,$-1,$24,$7,$17,$17,$18,$0,$0,$81,83,$0.22,$0.21,$114,$0,$0,$5730,$32,$1297,$184,$129,$1684,$7414,$5890,$630,$114,$761,$6652,$83,$22,$7,$762,$7414,$17,$5,$-0,$5,$3,$0,$0,$0,$3,$21,$-2,$0,$0,$0,$-48,$-48,$63,$13,$-7,$115,$108,$-2,$-2,$-9,$-255,$-158,$-125,$-0,$-8
11,2015-12-31,10.41,$8.95,1.16,$4.50,2.31,$2.13,4.88,$0.76,13.69,$5.92B,$6.10B,0.97,$0.57B,$0.70B,0.81,$0.38B,$0.35B,92.53%,$0.38B,$0.10B,25.87%,$0.38B,0,0.00%,$0.38B,0,0.00%,$0.38B,$0.09B,24.53%,$0.38B,$0.06B,16.80%,$0.06B,$0.75B,8.58%,$0.06B,$0.56B,11.53%,$0.06B,$7.54B,0.88%,$0.10B,$1.31B,7.36%,$93,$7,$86,$0,$62,$71,$22,$-2,$20,$6,$14,$14,$14,$0,$0,$81,83,$0.17,$0.17,$239,$0,$0,$5917,$31,$1236,$185,$122,$1626,$7543,$6099,$568,$111,$697,$6796,$83,$13,$-2,$747,$7543,$65,$22,$4,$26,$0,$0,$0,$0,$0,$94,$-5,$0,$0,$0,$-243,$-243,$-446,$-695,$51,$68,$119,$0,$0,$-33,$581,$667,$66,$10,$-30
12,2015-09-30,10.66,$8.86,1.2,$4.51,2.37,$2.27,4.7,$0.72,14.8,$5.61B,$5.74B,0.98,$0.57B,$0.69B,0.82,$0.37B,$0.35B,92.49%,$0.37B,$0.09B,25.20%,$0.37B,0,0.00%,$0.37B,0,0.00%,$0.37B,$0.09B,24.13%,$0.37B,$0.06B,16.35%,$0.06B,$0.74B,8.43%,$0.06B,$0.55B,11.42%,$0.06B,$7.18B,0.87%,$0.09B,$1.31B,7.31%,$93,$7,$86,$0,$61,$70,$23,$-2,$21,$8,$13,$13,$14,$0,$0,$81,83,$0.17,$0.16,$44,$0,$0,$5608,$31,$1180,$187,$129,$1573,$7181,$5744,$568,$110,$696,$6440,$84,$6,$1,$741,$7181,$48,$17,$9,$26,$0,$0,$0,$0,$0,$67,$-4,$0,$0,$0,$-179,$-179,$-335,$-518,$32,$125,$157,$1,$1,$-25,$190,$322,$-129,$8,$-22
13,2015-06-30,12.13,$8.72,1.39,$4.45,2.72,$2.53,4.8,$0.78,15.55,$5.50B,$5.56B,0.99,$0.65B,$0.68B,0.95,$0.37B,$0.34B,92.35%,$0.37B,$0.10B,26.78%,$0.37B,0,0.00%,$0.37B,0,0.00%,$0.37B,$0.10B,26.23%,$0.37B,$0.06B,17.49%,$0.06B,$0.73B,9.05%,$0.06B,$0.54B,12.02%,$0.06B,$7.05B,0.93%,$0.10B,$1.38B,7.86%,$95,$7,$88,$0,$61,$69,$26,$-0,$25,$8,$17,$17,$17,$0,$0,$81,83,$0.21,$0.20,$63,$0,$0,$5496,$31,$1156,$189,$126,$1549,$7046,$5556,$648,$95,$762,$6318,$84,$-1,$-3,$728,$7046,$35,$11,$4,$16,$-12,$0,$0,$0,$-12,$19,$-2,$0,$0,$0,$-160,$-160,$-189,$-352,$51,$216,$268,$-0,$-0,$-17,$-27,$224,$-110,$4,$-15
14,2015-03-31,10.91,$8.67,1.26,$4.40,2.48,$2.81,3.88,$0.85,12.83,$5.35B,$5.48B,0.98,$0.56B,$0.67B,0.83,$0.36B,$0.33B,92.46%,$0.36B,$0.10B,28.77%,$0.36B,0,0.00%,$0.36B,0,0.00%,$0.36B,$0.10B,28.49%,$0.36B,$0.07B,18.72%,$0.07B,$0.72B,9.70%,$0.07B,$0.53B,12.62%,$0.07B,$6.87B,1.00%,$0.10B,$1.28B,8.59%,$94,$7,$87,$0,$59,$68,$26,$0,$26,$9,$18,$18,$18,$0,$0,$81,83,$0.22,$0.21,$88,$0,$0,$5345,$31,$1140,$190,$118,$1525,$6870,$5476,$556,$98,$674,$6150,$83,$-19,$1,$720,$6870,$18,$6,$0,$6,$-3,$0,$0,$0,$-3,$10,$-1,$0,$0,$0,$-135,$-135,$-22,$-157,$10,$142,$152,$1,$1,$-8,$-82,$63,$-84,$2,$-7
15,2014-12-31,12.0,$8.48,1.41,$4.31,2.78,$2.96,4.05,$0.82,14.63,$5.40B,$5.48B,0.99,$0.48B,$0.66B,0.73,$0.35B,$0.32B,92.24%,$0.35B,$0.10B,28.74%,$0.35B,0,0.00%,$0.35B,0,0.00%,$0.35B,$0.10B,28.45%,$0.35B,$0.07B,18.68%,$0.07B,$0.70B,9.67%,$0.07B,$0.51B,12.32%,$0.07B,$6.80B,0.98%,$0.10B,$1.18B,8.57%,$91,$7,$84,$0,$64,$72,$19,$0,$18,$6,$12,$12,$12,$0,$0,$79,81,$0.14,$0.13,$173,$0,$0,$5402,$32,$1003,$192,$121,$1395,$6798,$5484,$477,$112,$610,$6094,$83,$-37,$-1,$704,$6798,$69,$19,$5,$24,$-0,$0,$0,$0,$-0,$107,$-10,$0,$-45,$0,$-162,$-162,$-152,$-368,$-7,$-62,$-69,$-0,$-0,$-29,$340,$242,$-19,$6,$-26
16,2014-09-30,10.97,$8.40,1.31,$4.27,2.57,$4.68,2.35,$0.89,12.32,$5.48B,$5.41B,1.01,$0.48B,$0.63B,0.76,$0.34B,$0.32B,92.11%,$0.34B,$0.11B,30.70%,$0.34B,0,0.00%,$0.34B,0,0.00%,$0.34B,$0.11B,30.70%,$0.34B,$0.07B,20.18%,$0.07B,$0.68B,10.54%,$0.07B,$0.55B,13.14%,$0.07B,$6.69B,1.05%,$0.11B,$1.15B,9.14%,$86,$7,$79,$0,$50,$58,$27,$0,$27,$9,$18,$18,$17,$0,$0,$79,81,$0.22,$0.22,$309,$0,$0,$5479,$29,$890,$128,$115,$1211,$6689,$5408,$478,$106,$605,$6013,$80,$-50,$-1,$676,$6689,$55,$14,$1,$15,$2,$0,$0,$0,$2,$87,$-5,$0,$0,$0,$-48,$-48,$-93,$-147,$4,$-29,$-25,$1,$1,$-22,$222,$177,$117,$4,$-19
17,2014-06-30,11.82,$8.24,1.43,$4.22,2.8,$6.33,1.87,$0.89,13.28,$5.20B,$5.09B,1.02,$0.52B,$0.62B,0.85,$0.34B,$0.31B,91.96%,$0.34B,$0.11B,31.25%,$0.34B,0,0.00%,$0.34B,0,0.00%,$0.34B,$0.11B,31.25%,$0.34B,$0.07B,20.83%,$0.07B,$0.66B,10.91%,$0.07B,$0.53B,13.70%,$0.07B,$6.39B,1.09%,$0.11B,$1.19B,9.20%,$87,$7,$81,$0,$48,$56,$31,$0,$31,$10,$21,$21,$20,$0,$0,$78,80,$0.26,$0.25,$139,$0,$0,$5200,$28,$857,$129,$124,$1189,$6389,$5089,$523,$93,$637,$5726,$80,$-68,$-2,$663,$6389,$37,$9,$0,$9,$3,$0,$0,$0,$3,$42,$-3,$0,$0,$0,$-13,$-13,$11,$-5,$9,$75,$84,$1,$1,$-15,$-160,$-90,$-53,$3,$-13
18,2014-03-31,11.82,$8.07,1.46,$4.30,2.75,$8.11,1.46,$0.73,16.2,$5.51B,$5.45B,1.01,$0.50B,$0.60B,0.84,$0.34B,$0.31B,91.79%,$0.34B,$0.10B,30.50%,$0.34B,0,0.00%,$0.34B,0,0.00%,$0.34B,$0.10B,30.50%,$0.34B,$0.06B,17.30%,$0.06B,$0.65B,9.39%,$0.06B,$0.52B,11.88%,$0.06B,$6.71B,0.93%,$0.10B,$1.15B,9.10%,$84,$7,$77,$0,$53,$60,$23,$0,$23,$7,$16,$16,$16,$0,$0,$78,80,$0.20,$0.20,$399,$0,$0,$5513,$29,$866,$130,$114,$1192,$6705,$5450,$501,$88,$609,$6059,$80,$-89,$-3,$646,$6705,$16,$5,$2,$6,$4,$0,$0,$0,$4,$22,$-2,$0,$0,$0,$-24,$-24,$-48,$-73,$-3,$36,$33,$2,$2,$-7,$230,$258,$207,$1,$-6
19,2013-12-31,10.95,$7.94,1.38,$4.32,2.53,$8.27,1.33,$0.68,16.11,$5.26B,$5.21B,1.01,$0.47B,$0.59B,0.81,$0.34B,$0.31B,91.47%,$0.34B,$0.10B,29.12%,$0.34B,0,0.00%,$0.34B,0,0.00%,$0.34B,$0.10B,29.12%,$0.34B,$0.06B,16.18%,$0.06B,$0.63B,8.80%,$0.06B,$0.50B,11.16%,$0.06B,$6.44B,0.88%,$0.10B,$1.11B,8.51%,$85,$7,$78,$0,$52,$60,$24,$0,$24,$8,$17,$17,$16,$0,$0,$77,79,$0.21,$0.20,$192,$0,$0,$5261,$29,$842,$131,$119,$1176,$6437,$5213,$474,$98,$591,$5803,$80,$-106,$-4,$634,$6437,$71,$19,$-4,$15,$23,$0,$0,$0,$23,$114,$115,$0,$0,$0,$-120,$-120,$-291,$-296,$-36,$-54,$-90,$4,$-18,$-22,$195,$65,$-117,$7,$-19
20,2013-09-30,9.57,$7.81,1.23,$4.36,2.19,$5.94,1.61,$0.63,15.19,$5.20B,$5.04B,1.03,$0.50B,$0.58B,0.87,$0.34B,$0.31B,90.91%,$0.34B,$0.10B,27.86%,$0.34B,0,0.00%,$0.34B,0,0.00%,$0.34B,$0.09B,27.57%,$0.34B,$0.05B,14.96%,$0.05B,$0.62B,8.26%,$0.05B,$0.49B,10.54%,$0.05B,$6.28B,0.82%,$0.10B,$1.13B,8.08%,$80,$7,$73,$0,$45,$53,$27,$0,$27,$9,$18,$18,$18,$0,$0,$78,79,$0.23,$0.22,$324,$0,$0,$5195,$29,$743,$132,$115,$1080,$6275,$5035,$502,$97,$617,$5652,$80,$-124,$-4,$623,$6275,$50,$15,$-6,$9,$27,$0,$0,$0,$27,$95,$117,$0,$0,$0,$-17,$-17,$-102,$-3,$-8,$-64,$-72,$4,$-18,$-15,$29,$-77,$15,$5,$-14
21,2013-06-30,9.12,$7.64,1.19,$4.45,2.05,$3.88,2.35,$0.60,15.2,$4.86B,$4.67B,1.04,$0.58B,$0.56B,1.04,$0.35B,$0.31B,90.17%,$0.35B,$0.09B,26.59%,$0.35B,0,0.00%,$0.35B,0,0.00%,$0.35B,$0.09B,25.43%,$0.35B,$0.05B,13.58%,$0.05B,$0.61B,7.64%,$0.05B,$0.48B,9.77%,$0.05B,$5.97B,0.75%,$0.09B,$1.19B,7.51%,$92,$7,$85,$0,$54,$62,$30,$0,$30,$11,$20,$20,$9,$0,$0,$77,78,$0.11,$0.11,$68,$0,$0,$4863,$29,$765,$133,$117,$1104,$5967,$4668,$582,$90,$690,$5358,$80,$-142,$-3,$609,$5967,$32,$10,$-2,$8,$18,$0,$0,$0,$18,$59,$119,$0,$0,$0,$-37,$-37,$-22,$59,$6,$0,$6,$3,$-19,$-9,$-337,$-359,$-241,$4,$-8
22,2013-03-31,8.43,$8.03,1.05,$4.38,1.92,$2.12,3.97,$0.66,12.77,$5.07B,$4.69B,1.08,$0.60B,$0.58B,1.03,$0.34B,$0.30B,89.09%,$0.34B,$0.08B,23.60%,$0.34B,0,0.00%,$0.34B,0,0.00%,$0.34B,$0.08B,22.42%,$0.34B,$0.05B,15.04%,$0.05B,$0.64B,8.33%,$0.05B,$0.50B,10.70%,$0.05B,$6.20B,0.81%,$0.08B,$1.23B,6.28%,$83,$8,$75,$0,$55,$65,$18,$0,$18,$6,$12,$12,$12,$0,$0,$77,78,$0.15,$0.15,$54,$0,$0,$5070,$29,$777,$134,$126,$1127,$6196,$4690,$595,$277,$872,$5562,$79,$-164,$2,$635,$6196,$12,$5,$4,$9,$20,$0,$0,$0,$20,$36,$-3,$0,$0,$0,$-39,$-39,$29,$-13,$-16,$116,$100,$2,$2,$-4,$-375,$-277,$-255,$2,$-4
23,2012-12-31,7.64,$7.66,1.0,$4.41,1.73,$1.95,3.93,$0.62,12.33,$5.37B,$5.00B,1.07,$0.55B,$0.55B,1.01,$0.34B,$0.30B,88.20%,$0.34B,$0.08B,22.12%,$0.34B,0,0.00%,$0.34B,0,0.00%,$0.34B,$0.07B,20.94%,$0.34B,$0.05B,13.86%,$0.05B,$0.60B,7.92%,$0.05B,$0.47B,10.27%,$0.05B,$6.47B,0.75%,$0.08B,$1.16B,5.78%,$86,$9,$77,$0,$55,$65,$20,$-2,$19,$7,$12,$12,$12,$0,$0,$76,77,$0.15,$0.14,$309,$0,$0,$5371,$27,$741,$135,$129,$1094,$6465,$5001,$552,$289,$861,$5862,$79,$-177,$2,$603,$6465,$53,$19,$-9,$10,$-18,$0,$0,$0,$-18,$52,$-7,$0,$6,$0,$138,$138,$-447,$-310,$-187,$26,$-162,$-14,$-14,$-3,$543,$364,$105,$8,$-3
24,2012-09-30,8.13,$7.80,1.04,$4.43,1.83,$2.38,3.41,$0.62,13.11,$5.12B,$4.86B,1.06,$0.71B,$0.56B,1.28,$0.34B,$0.30B,87.32%,$0.34B,$0.07B,21.83%,$0.34B,0,0.00%,$0.34B,0,0.00%,$0.34B,$0.07B,20.65%,$0.34B,$0.05B,13.86%,$0.05B,$0.62B,8.04%,$0.05B,$0.48B,10.51%,$0.05B,$6.27B,0.76%,$0.07B,$1.33B,5.58%,$85,$10,$75,$0,$49,$60,$24,$-4,$21,$5,$16,$16,$14,$0,$0,$76,77,$0.19,$0.19,$84,$0,$0,$5121,$28,$798,$135,$127,$1151,$6273,$4855,$712,$91,$803,$5658,$79,$-190,$4,$615,$6273,$37,$14,$-0,$14,$3,$0,$0,$0,$3,$52,$-5,$0,$5,$0,$86,$86,$-446,$-360,$-119,$191,$72,$-13,$-13,$-3,$131,$188,$-120,$6,$-2
25,2012-06-30,7.56,$7.55,1.0,$4.49,1.68,$2.48,3.04,$0.57,13.26,$5.13B,$4.78B,1.07,$0.79B,$0.54B,1.47,$0.34B,$0.30B,86.80%,$0.34B,$0.07B,19.35%,$0.34B,0,0.00%,$0.34B,0,0.00%,$0.34B,$0.06B,18.77%,$0.34B,$0.04B,12.61%,$0.04B,$0.60B,7.56%,$0.04B,$0.46B,10.04%,$0.04B,$6.26B,0.70%,$0.07B,$1.39B,5.03%,$85,$10,$75,$0,$55,$67,$18,$-1,$18,$5,$12,$12,$13,$0,$0,$76,77,$0.17,$0.17,$103,$0,$0,$5132,$29,$777,$137,$124,$1132,$6264,$4782,$791,$97,$888,$5669,$79,$-206,$3,$595,$6264,$21,$9,$14,$24,$1,$0,$0,$0,$1,$42,$-3,$0,$5,$0,$107,$107,$-441,$-332,$74,$70,$144,$-15,$-15,$-2,$62,$189,$-101,$4,$-2
26,2012-03-31,8.38,$7.19,1.17,$4.57,1.83,$2.51,3.34,$0.57,14.7,$4.91B,$4.71B,1.04,$0.76B,$0.50B,1.51,$0.35B,$0.30B,86.13%,$0.35B,$0.07B,20.23%,$0.35B,0,0.00%,$0.35B,0,0.00%,$0.35B,$0.06B,18.50%,$0.35B,$0.04B,12.43%,$0.04B,$0.56B,7.75%,$0.04B,$0.42B,10.44%,$0.04B,$6.15B,0.71%,$0.07B,$1.32B,5.48%,$83,$11,$72,$0,$58,$71,$13,$-0,$13,$4,$9,$9,$8,$0,$0,$76,76,$0.11,$0.11,$131,$0,$0,$4912,$29,$868,$138,$124,$1237,$6149,$4711,$761,$92,$876,$5587,$78,$-221,$4,$562,$6149,$9,$5,$6,$11,$9,$0,$0,$0,$9,$20,$-2,$0,$0,$0,$18,$18,$-199,$-184,$-12,$48,$36,$-15,$-15,$-1,$71,$91,$-72,$2,$-1
27,2011-12-31,6.71,$7.26,0.92,$4.63,1.45,$2.33,2.87,$0.45,14.9,$4.80B,$4.66B,1.03,$0.70B,$0.51B,1.39,$0.35B,$0.30B,85.39%,$0.35B,$0.06B,16.62%,$0.35B,0,0.00%,$0.35B,0,0.00%,$0.35B,$0.05B,14.33%,$0.35B,$0.04B,10.03%,$0.04B,$0.57B,6.42%,$0.04B,$0.43B,8.77%,$0.04B,$6.05B,0.58%,$0.06B,$1.27B,4.64%,$86,$12,$74,$0,$54,$67,$19,$-1,$18,$6,$13,$13,$12,$0,$0,$75,75,$0.16,$0.16,$203,$0,$0,$4796,$29,$888,$139,$120,$1254,$6049,$4661,$704,$95,$822,$5483,$78,$-230,$4,$566,$6049,$39,$18,$25,$43,$-2,$0,$0,$0,$-2,$86,$-9,$0,$3,$0,$-48,$-48,$-172,$-226,$-51,$-138,$-189,$2,$2,$-3,$40,$-150,$-290,$7,$-3
28,2011-09-30,4.96,$7.07,0.7,$4.70,1.06,$2.40,2.07,$0.16,31.0,$4.84B,$4.64B,1.04,$0.72B,$0.49B,1.45,$0.35B,$0.29B,84.24%,$0.35B,$0.02B,5.73%,$0.35B,0,0.00%,$0.35B,0,0.00%,$0.35B,$0.01B,3.72%,$0.35B,$0.01B,3.72%,$0.01B,$0.55B,2.44%,$0.01B,$0.41B,3.38%,$0.01B,$6.02B,0.21%,$0.02B,$1.27B,1.59%,$87,$12,$75,$0,$57,$71,$16,$-1,$15,$5,$11,$11,$10,$0,$0,$75,76,$0.14,$0.14,$330,$0,$0,$4835,$29,$893,$147,$120,$1188,$6023,$4642,$716,$91,$829,$5472,$78,$-243,$3,$552,$6023,$24,$14,$26,$40,$-4,$0,$0,$0,$-4,$61,$-7,$0,$3,$0,$-47,$-47,$-15,$-66,$-41,$-160,$-202,$-0,$-0,$-3,$46,$-159,$-164,$5,$-2
29,2011-06-30,5.54,$6.92,0.8,$4.76,1.16,$2.12,2.61,$-0.08,0.0,$4.90B,$4.67B,1.05,$0.71B,$0.48B,1.48,$0.35B,$0.29B,83.24%,$0.35B,$-0.02B,-4.26%,$0.35B,0,0.00%,$0.35B,0,0.00%,$0.35B,$-0.02B,-5.97%,$0.35B,$-0.00B,-1.14%,$-0.00B,$0.54B,-0.76%,$-0.00B,$0.39B,-1.05%,$-0.00B,$6.04B,-0.07%,$-0.02B,$1.25B,-1.19%,$90,$13,$77,$0,$53,$67,$22,$-4,$18,$4,$14,$14,$13,$0,$0,$75,75,$0.17,$0.17,$473,$0,$0,$4896,$27,$838,$148,$127,$1140,$6037,$4674,$712,$90,$824,$5498,$78,$-255,$3,$539,$6037,$13,$9,$16,$25,$5,$0,$0,$0,$5,$43,$-4,$0,$3,$0,$7,$7,$60,$66,$-45,$-146,$-191,$-1,$-1,$-2,$63,$-130,$-21,$3,$-2
30,2011-03-31,5.94,$6.78,0.88,$4.85,1.22,$1.86,3.19,$-0.32,0.0,$4.84B,$4.67B,1.04,$0.69B,$0.46B,1.48,$0.35B,$0.29B,82.00%,$0.35B,$-0.04B,-10.86%,$0.35B,0,0.00%,$0.35B,0,0.00%,$0.35B,$-0.04B,-11.43%,$0.35B,$-0.02B,-6.29%,$-0.02B,$0.52B,-4.16%,$-0.02B,$0.37B,-5.78%,$-0.02B,$5.98B,-0.37%,$-0.04B,$1.21B,-3.01%,$86,$13,$72,$0,$70,$85,$1,$-2,$-1,$-0,$-1,$-1,$-0,$0,$0,$75,75,$-0.01,$-0.01,$363,$0,$0,$4841,$26,$833,$149,$133,$1142,$5982,$4667,$688,$84,$793,$5460,$77,$-269,$1,$522,$5982,$-1,$5,$18,$22,$5,$0,$0,$0,$5,$6,$-1,$0,$3,$0,$8,$8,$15,$24,$-71,$-141,$-212,$0,$0,$-1,$52,$-161,$-131,$1,$-1
31,2010-12-31,5.5,$6.80,0.81,$4.90,1.12,$1.88,2.93,$-0.29,0.0,$4.91B,$4.75B,1.04,$0.77B,$0.46B,1.67,$0.36B,$0.29B,80.85%,$0.36B,$-0.03B,-8.73%,$0.36B,0,0.00%,$0.36B,0,0.00%,$0.36B,$-0.03B,-8.73%,$0.36B,$-0.02B,-5.63%,$-0.02B,$0.52B,-3.63%,$-0.02B,$0.37B,-4.97%,$-0.02B,$6.15B,-0.33%,$-0.03B,$1.29B,-2.40%,$86,$16,$70,$0,$89,$106,$-19,$0,$-19,$-8,$-11,$-11,$-10,$0,$0,$71,71,$-0.14,$-0.14,$494,$0,$0,$4910,$27,$844,$151,$140,$1242,$6153,$4745,$769,$100,$889,$5634,$76,$-269,$1,$519,$6153,$-11,$17,$71,$89,$4,$0,$0,$0,$4,$82,$-4,$0,$-32,$0,$88,$88,$-231,$-179,$11,$25,$36,$40,$-114,$-6,$228,$143,$46,$6,$-3
32,2010-09-30,5.48,$6.97,0.79,$5.28,1.04,$4.38,1.25,$0.27,20.3,$4.93B,$4.60B,1.07,$0.78B,$0.48B,1.64,$0.38B,$0.30B,80.00%,$0.38B,0,0.00%,$0.38B,0,0.00%,$0.38B,0,0.00%,$0.38B,0,0.00%,$0.38B,$0.02B,4.80%,$0.02B,$0.53B,3.08%,$0.02B,$0.39B,4.13%,$0.02B,$6.03B,0.30%,$0.00B,$1.31B,0.00%,$90,$17,$74,$0,$92,$110,$-19,$0,$-19,$-12,$-7,$-7,$-7,$0,$0,$74,74,$-0.10,$-0.10,$371,$0,$0,$4932,$27,$786,$146,$141,$1100,$6031,$4601,$778,$100,$896,$5498,$77,$-259,$5,$534,$6031,$-1,$13,$59,$72,$-38,$0,$0,$0,$-38,$36,$-3,$0,$-30,$0,$155,$155,$-244,$-122,$30,$-135,$-105,$38,$-116,$-5,$236,$10,$-76,$4,$-2
33,2010-06-30,5.38,$7.23,0.74,$5.40,1.0,$6.37,0.84,$-0.23,0.0,$4.77B,$4.52B,1.06,$0.70B,$0.48B,1.45,$0.38B,$0.29B,77.45%,$0.38B,$0.02B,5.31%,$0.38B,0,0.00%,$0.38B,0,0.00%,$0.38B,$0.02B,5.31%,$0.38B,$-0.02B,-4.24%,$-0.02B,$0.54B,-2.64%,$-0.02B,$0.39B,-3.51%,$-0.02B,$5.87B,-0.27%,$0.02B,$1.24B,1.48%,$88,$17,$71,$0,$70,$89,$-1,$0,$-1,$-1,$0,$0,$-5,$0,$0,$69,69,$-0.07,$-0.07,$236,$0,$0,$4768,$28,$781,$147,$144,$1100,$5868,$4521,$699,$87,$806,$5327,$75,$-252,$8,$541,$5868,$6,$9,$25,$34,$3,$0,$0,$0,$-15,$21,$-2,$0,$-30,$0,$162,$162,$-206,$-76,$-49,$-103,$-152,$30,$-124,$-4,$125,$-156,$-212,$2,$-1
34,2010-03-31,6.16,$8.81,0.7,$5.47,1.13,$7.81,0.79,$-0.40,0.0,$4.87B,$4.60B,1.06,$0.72B,$0.45B,1.58,$0.38B,$0.29B,75.33%,$0.38B,$0.02B,5.51%,$0.38B,0,0.00%,$0.38B,0,0.00%,$0.38B,$0.02B,5.51%,$0.38B,$-0.03B,-7.35%,$-0.03B,$0.61B,-4.43%,$-0.03B,$0.46B,-5.86%,$-0.03B,$6.03B,-0.44%,$0.02B,$1.33B,1.44%,$91,$19,$72,$0,$62,$83,$8,$0,$8,$2,$6,$6,$2,$0,$0,$68,76,$0.02,$0.02,$487,$0,$0,$4873,$28,$841,$149,$144,$1162,$6034,$4597,$718,$89,$827,$5424,$69,$-253,$7,$610,$6034,$5,$4,$9,$13,$3,$0,$0,$0,$-7,$7,$-1,$0,$-30,$0,$99,$99,$-54,$15,$-31,$-125,$-156,$2,$-48,$-2,$224,$18,$40,$1,$-1
35,2009-12-31,4.81,$9.48,0.51,$5.77,0.83,$7.14,0.67,$-0.50,0.0,$4.78B,$4.50B,1.06,$0.75B,$0.45B,1.68,$0.39B,$0.29B,73.83%,$0.39B,$0.02B,4.66%,$0.39B,0,0.00%,$0.39B,0,0.00%,$0.39B,$0.02B,4.66%,$0.39B,$-0.04B,-9.33%,$-0.04B,$0.65B,-5.58%,$-0.04B,$0.50B,-7.42%,$-0.04B,$6.05B,-0.55%,$0.02B,$1.40B,1.15%,$106,$23,$83,$0,$67,$94,$12,$0,$12,$0,$12,$12,$28,$0,$0,$67,67,$0.41,$0.41,$447,$0,$0,$4778,$28,$940,$150,$153,$1272,$6049,$4499,$749,$99,$900,$5398,$69,$-258,$8,$651,$6049,$5,$20,$146,$166,$2,$0,$0,$0,$2,$245,$-6,$0,$76,$0,$-92,$-92,$-154,$-175,$-133,$-185,$-318,$-6,$-6,$-11,$430,$96,$166,$7,$-3
36,2009-09-30,5.39,$9.03,0.6,$4.07,1.32,$1.76,3.05,$-1.39,0.0,$4.84B,$4.28B,1.13,$0.82B,$0.43B,1.92,$0.28B,$0.18B,66.91%,$0.28B,$0.04B,13.09%,$0.28B,0,0.00%,$0.28B,0,0.00%,$0.28B,$0.04B,13.09%,$0.28B,$-0.09B,-34.18%,$-0.09B,$0.62B,-14.59%,$-0.09B,$0.47B,-19.44%,$-0.09B,$5.87B,-1.36%,$0.04B,$1.44B,2.19%,$92,$25,$66,$0,$63,$90,$1,$0,$1,$1,$0,$0,$-41,$0,$0,$69,69,$-0.60,$-0.60,$479,$0,$0,$4835,$29,$692,$149,$124,$1035,$5870,$4280,$817,$82,$971,$5250,$69,$-300,$12,$619,$5870,$5,$13,$69,$81,$7,$0,$0,$0,$65,$171,$-4,$0,$103,$0,$162,$162,$-168,$93,$-84,$-289,$-373,$-1,$-1,$-8,$316,$-66,$198,$5,$-2
37,2009-06-30,3.72,$9.56,0.39,$4.65,0.8,$-2.72,0.0,$-6.71,0.0,$6.12B,$5.43B,1.13,$1.03B,$0.46B,2.24,$0.28B,$0.18B,65.48%,$0.28B,$-0.18B,-62.63%,$0.28B,0,0.00%,$0.28B,0,0.00%,$0.28B,$-0.18B,-62.63%,$0.28B,$-0.36B,-126.33%,$-0.36B,$0.65B,-56.69%,$-0.36B,$0.48B,-78.76%,$-0.36B,$7.26B,-4.94%,$-0.18B,$1.68B,-10.11%,$92,$25,$66,$0,$64,$92,$-0,$0,$-0,$-0,$-0,$-0,$-17,$0,$0,$68,68,$-0.24,$-0.24,$518,$0,$0,$6118,$36,$806,$168,$133,$1143,$7261,$5434,$1030,$98,$1179,$6613,$68,$-269,$8,$648,$7261,$-6,$8,$51,$60,$-1,$0,$0,$0,$50,$120,$-4,$0,$-1,$0,$83,$83,$-119,$-40,$-62,$-252,$-314,$0,$0,$-5,$314,$-5,$75,$3,$-1
38,2009-03-31,2.9,$9.75,0.3,$7.44,0.39,$-4.31,0.0,$-8.58,0.0,$5.99B,$5.26B,1.14,$1.11B,$0.48B,2.33,$0.35B,$0.24B,67.72%,$0.35B,$-0.26B,-73.49%,$0.35B,0,0.00%,$0.35B,0,0.00%,$0.35B,$-0.26B,-73.49%,$0.35B,$-0.42B,-120.75%,$-0.42B,$0.66B,-67.07%,$-0.42B,$0.49B,-108.48%,$-0.42B,$7.17B,-5.85%,$-0.26B,$1.77B,-13.70%,$96,$26,$70,$0,$63,$91,$5,$0,$5,$1,$4,$4,$-6,$0,$0,$65,65,$-0.09,$-0.09,$385,$0,$0,$5990,$36,$825,$171,$140,$1182,$7172,$5261,$1111,$87,$1251,$6511,$68,$-265,$11,$661,$7172,$3,$4,$-67,$-64,$1,$0,$0,$0,$26,$-36,$-2,$0,$-1,$0,$72,$72,$-62,$7,$-60,$-147,$-207,$1,$1,$-3,$130,$-78,$-108,$1,$-1
39,2008-12-31,5.65,$10.16,0.56,$10.25,0.55,$-3.88,0.0,$-8.76,0.0,$4.52B,$4.04B,1.12,$1.04B,$0.47B,2.2,$0.41B,$0.28B,67.72%,$0.41B,$-0.26B,-64.08%,$0.41B,0,0.00%,$0.41B,0,0.00%,$0.41B,$-0.26B,-64.08%,$0.41B,$-0.42B,-102.67%,$-0.42B,$0.65B,-67.52%,$-0.42B,$0.49B,-131.88%,$-0.42B,$7.28B,-5.96%,$-0.26B,$1.69B,-13.63%,$-5,$13,$-18,$0,$-58,$-35,$30,$0,$30,$-18,$48,$48,$-30,$0,$0,$48,48,$-0.64,$-0.64,$281,$0,$0,$4524,$29,$851,$155,$145,$2758,$7283,$4043,$1036,$89,$2591,$6634,$64,$-263,$11,$649,$7283,$-389,$143,$255,$399,$-15,$0,$0,$0,$-88,$-80,$-5,$0,$-4,$0,$-177,$-177,$-349,$-535,$-49,$129,$80,$139,$333,$-10,$338,$741,$126,$9,$-9
40,2008-09-30,7.21,$9.55,0.75,$9.23,0.78,$0.52,13.96,$-8.84,0.0,$5.81B,$5.05B,1.15,$1.28B,$0.55B,2.34,$0.37B,$0.25B,65.78%,$0.37B,$-0.34B,-91.71%,$0.37B,0,0.00%,$0.37B,0,0.00%,$0.37B,$-0.34B,-91.98%,$0.37B,$-0.42B,-113.37%,$-0.42B,$0.55B,-67.33%,$-0.42B,$0.34B,-170.80%,$-0.42B,$7.02B,-6.08%,$-0.34B,$1.83B,-16.96%,$98,$32,$66,$0,$190,$309,$-211,$0,$-211,$-59,$-152,$-152,$-302,$0,$0,$51,51,$-5.86,$-5.86,$220,$0,$0,$5808,$37,$844,$208,$125,$1214,$7022,$5053,$1280,$127,$1421,$6475,$57,$-234,$1,$547,$7022,$-360,$130,$200,$330,$2,$0,$0,$0,$-75,$-102,$-4,$0,$-4,$0,$-139,$-139,$-273,$-420,$-14,$275,$261,$125,$174,$-8,$87,$514,$-8,$73,$-8
41,2008-06-30,4.67,$16.63,0.28,$11.01,0.42,$4.03,1.16,$-2.48,0.0,$5.77B,$4.89B,1.18,$1.52B,$0.64B,2.37,$0.43B,$0.29B,66.51%,$0.43B,$-0.11B,-24.42%,$0.43B,0,0.00%,$0.43B,0,0.00%,$0.43B,$-0.11B,-24.65%,$0.43B,$-0.11B,-24.42%,$-0.11B,$0.64B,-15.78%,$-0.11B,$0.22B,-49.18%,$-0.11B,$7.18B,-1.53%,$-0.11B,$2.16B,-5.09%,$158,$41,$117,$0,$176,$238,$-79,$0,$-79,$1,$-80,$-80,$-81,$0,$0,$38,38,$-2.11,$-2.11,$164,$0,$0,$5772,$38,$798,$419,$155,$1410,$7183,$4892,$1518,$131,$1649,$6541,$39,$68,$0,$642,$7183,$-89,$46,$100,$146,$-6,$0,$0,$0,$-25,$8,$-3,$0,$-4,$0,$-83,$-83,$-357,$-448,$-136,$472,$336,$2,$2,$-8,$88,$418,$-22,$70,$-8
42,2008-03-31,8.63,$17.35,0.5,$10.53,0.82,$4.72,1.83,$-0.24,0.0,$5.53B,$4.71B,1.17,$1.41B,$0.67B,2.11,$0.41B,$0.27B,64.72%,$0.41B,$-0.02B,-4.87%,$0.41B,0,0.00%,$0.41B,0,0.00%,$0.41B,$-0.02B,-5.11%,$0.41B,$-0.02B,-4.62%,$-0.02B,$0.67B,-2.83%,$-0.02B,$0.23B,-8.78%,$-0.02B,$6.89B,-0.29%,$-0.02B,$2.08B,-1.03%,$161,$47,$114,$0,$94,$165,$-4,$0,$-4,$5,$-9,$-9,$-10,$0,$0,$37,37,$-0.26,$-0.26,$167,$0,$0,$5525,$38,$729,$440,$158,$1364,$6889,$4706,$1407,$109,$1515,$6221,$39,$152,$7,$668,$6889,$-9,$24,$9,$33,$-0,$0,$0,$0,$3,$-4,$-2,$0,$-4,$0,$-2,$-2,$-122,$-130,$46,$76,$121,$2,$2,$-4,$-5,$115,$-20,$2,$-4
43,2007-12-31,21.98,$17.68,1.24,$9.44,2.33,$4.80,4.58,$0.36,61.06,$5.48B,$4.65B,1.18,$1.36B,$0.66B,2.06,$0.38B,$0.24B,63.87%,$0.38B,$0.00B,1.05%,$0.38B,0,0.00%,$0.38B,0,0.00%,$0.38B,$0.00B,0.79%,$0.38B,$0.00B,1.05%,$0.00B,$0.66B,0.60%,$0.00B,$0.20B,1.92%,$0.00B,$6.82B,0.06%,$0.00B,$2.03B,0.22%,$-43,$8,$-51,$0,$-14,$6,$-49,$0,$-50,$-24,$-26,$-26,$-31,$0,$0,$37,38,$-0.85,$-0.80,$186,$0,$0,$5483,$39,$720,$458,$118,$1335,$6818,$4645,$1363,$139,$1510,$6156,$37,$167,$3,$662,$6818,$4,$41,$93,$135,$-2,$0,$0,$0,$-23,$109,$-9,$0,$-32,$0,$-71,$-71,$-804,$-917,$324,$203,$527,$-35,$-35,$-13,$280,$759,$-49,$10,$-13
44,2007-09-30,22.53,$18.46,1.22,$13.80,1.63,$3.67,6.14,$1.31,17.2,$5.30B,$4.47B,1.19,$1.30B,$0.69B,1.89,$0.55B,$0.39B,69.68%,$0.55B,$0.08B,13.90%,$0.55B,0,0.00%,$0.55B,0,0.00%,$0.55B,$0.08B,13.90%,$0.55B,$0.05B,9.21%,$0.05B,$0.69B,7.73%,$0.05B,$0.20B,25.34%,$0.05B,$6.60B,0.84%,$0.08B,$1.99B,4.58%,$154,$48,$106,$0,$75,$127,$27,$0,$27,$9,$17,$17,$17,$0,$0,$37,42,$0.47,$0.44,$255,$0,$0,$5303,$39,$621,$490,$142,$1292,$6596,$4472,$1304,$129,$1433,$5905,$37,$201,$0,$690,$6596,$35,$38,$6,$44,$4,$0,$0,$0,$-3,$70,$-9,$0,$-30,$0,$23,$23,$-484,$-501,$562,$-80,$482,$-33,$-33,$-10,$7,$446,$16,$0,$-10
45,2007-06-30,21.67,$17.84,1.21,$13.16,1.65,$3.62,5.99,$1.23,17.62,$4.76B,$4.13B,1.15,$1.04B,$0.66B,1.57,$0.52B,$0.37B,70.55%,$0.52B,$0.07B,13.58%,$0.52B,0,0.00%,$0.52B,0,0.00%,$0.52B,$0.07B,13.58%,$0.52B,$0.05B,9.18%,$0.05B,$0.66B,7.47%,$0.05B,$0.23B,24.62%,$0.05B,$5.94B,0.83%,$0.07B,$1.71B,4.64%,$139,$43,$97,$0,$69,$133,$6,$0,$6,$1,$5,$5,$5,$0,$0,$37,38,$0.13,$0.13,$164,$0,$0,$4764,$38,$576,$430,$132,$1176,$5939,$4128,$1044,$104,$1148,$5276,$37,$187,$-3,$664,$5939,$18,$27,$7,$34,$-2,$0,$0,$0,$-9,$38,$-7,$0,$-3,$0,$3,$3,$-299,$-306,$210,$132,$342,$4,$4,$-7,$-175,$164,$-104,$5,$-7
46,2007-03-31,22.44,$17.72,1.27,$12.31,1.82,$3.26,6.88,$1.43,15.69,$4.75B,$4.22B,1.13,$0.90B,$0.65B,1.39,$0.50B,$0.36B,71.77%,$0.50B,$0.08B,16.94%,$0.50B,0,0.00%,$0.50B,0,0.00%,$0.50B,$0.08B,16.94%,$0.50B,$0.06B,11.09%,$0.06B,$0.65B,8.78%,$0.06B,$0.20B,31.47%,$0.06B,$5.87B,0.98%,$0.08B,$1.56B,5.84%,$132,$40,$92,$0,$68,$112,$20,$0,$20,$7,$13,$13,$13,$0,$0,$36,41,$0.36,$0.34,$278,$0,$0,$4750,$37,$512,$454,$118,$1121,$5872,$4221,$904,$95,$999,$5220,$37,$186,$-1,$651,$5872,$13,$5,$4,$8,$-3,$0,$0,$0,$-3,$0,$-3,$0,$-3,$0,$71,$71,$-146,$-82,$162,$-65,$98,$2,$2,$-3,$24,$120,$39,$3,$-3
47,2006-12-31,22.61,$17.36,1.3,$11.81,1.91,$3.46,6.54,$1.44,15.7,$4.56B,$4.16B,1.1,$0.84B,$0.64B,1.32,$0.47B,$0.35B,73.62%,$0.47B,$0.08B,17.87%,$0.47B,0,0.00%,$0.47B,0,0.00%,$0.47B,$0.08B,17.87%,$0.47B,$0.06B,11.70%,$0.06B,$0.64B,9.13%,$0.06B,$0.17B,32.54%,$0.06B,$5.76B,1.01%,$0.08B,$1.47B,6.20%,$129,$39,$91,$0,$63,$106,$24,$0,$24,$8,$16,$16,$16,$0,$0,$35,40,$0.43,$0.39,$239,$0,$0,$4564,$36,$578,$461,$125,$1200,$5764,$4155,$837,$136,$973,$5128,$37,$176,$-2,$635,$5764,$54,$17,$16,$33,$9,$0,$0,$0,$-20,$74,$-15,$0,$-28,$0,$7,$7,$-710,$-747,$46,$165,$211,$7,$7,$-11,$332,$539,$-133,$10,$-11
