,Date,Stock Price,Book Value per Share,Price to Book Ratio,TTM Sales per Share,Price to Sales Ratio,TTM FCF per Share,Price to FCF Ratio,TTM Net EPS,PE Ratio,Current Assets,Current Liabilities,Current Ratio,Long Term Debt,Shareholder's Equity_x,Debt to Equity Ratio,TTM Revenue_x,TTM Gross Profit,Gross Margin,TTM Revenue_y,TTM Operating Income,Operating Margin,TTM Revenue_x,TTM EBIT,EBIT Margin,TTM Revenue_y,TTM EBITDA,EBITDA Margin,TTM Revenue_x,TTM Pre-Tax Income,Pre-Tax Margin,TTM Revenue_y,TTM Net Income_x,Net Margin,TTM Net Income_y,Shareholder's Equity_y,Return on Equity,TTM Net Income_x,Tangible Equity,Return on Tangible Equity,TTM Net Income_y,Total Assets,Return on Assets,TTM Net Income,LT Investments & Debt,Return on Investment,revenue,cost-goods-sold,gross-profit,research-development-expenses,selling-general-administrative-expenses,operating-expenses,operating-income,total-non-operating-income-expense,pre-tax-income,total-provision-income-taxes,income-after-taxes,income-from-continuous-operations,net-income,ebitda,ebit,basic-shares-outstanding,shares-outstanding,eps-basic-net-earnings-per-share,eps-earnings-per-share-diluted,cash-on-hand,inventory,other-current-assets,total-current-assets,net-property-plant-equipment,long-term-investments,goodwill-intangible-assets-total,other-long-term-assets,total-long-term-assets,total-assets,total-current-liabilities,long-term-debt,other-non-current-liabilities,total-long-term-liabilities,total-liabilities,common-stock-net,retained-earnings-accumulated-deficit,comprehensive-income,total-share-holder-equity,total-liabilities-share-holders-equity,net-income-loss,total-depreciation-amortization-cash-flow,other-non-cash-items,total-non-cash-items,change-in-accounts-receivable,change-in-inventories,change-in-accounts-payable,change-in-assets-liabilities,total-change-in-assets-liabilities,cash-flow-from-operating-activities,net-change-in-property-plant-equipment,net-change-in-intangible-assets,net-acquisitions-divestitures,net-change-in-short-term-investments,net-change-in-long-term-investments,net-change-in-investments-total,investing-activities-other,cash-flow-from-investing-activities,net-long-term-debt,net-current-debt,debt-issuance-retirement-net-total,net-common-equity-issued-repurchased,net-total-equity-issued-repurchased,total-common-preferred-stock-dividends-paid,financial-activities-other,cash-flow-from-financial-activities,net-cash-flow,stock-based-compensation,common-stock-dividends-paid
0,2018-09-30,10.16,$5.49,1.85,$16.06,0.63,$-1.64,0.0,$0.51,19.92,$0.25B,$0.11B,2.18,$0.00B,$0.15B,0.0,$0.46B,$0.24B,51.85%,$0.46B,$0.01B,2.18%,$0.46B,$0.01B,2.18%,$0.46B,$0.02B,3.49%,$0.46B,$0.01B,2.40%,$0.46B,$0.02B,3.70%,$0.02B,$0.15B,12.39%,$0.02B,$0.14B,13.77%,$0.02B,$0.28B,6.10%,$0.01B,$0.15B,7.29%,$115,$54,$60,$0,$56,$111,$4,$0,$4,$-0,$4,$4,$4,$5,$4,$27,28,$0.16,$0.16,$191,$0,$0,$245,$15,$0,$13,$3,$31,$276,$112,$0,$15,$15,$127,$1,$453,$0,$149,$276,$24,$5,$24,$30,$-28,$0,$0,$-22,$-64,$-11,$-2,$-1,$0,$0,$-0,$-0,$0,$-2,$0,$0,$0,$-2,$-2,$0,$-2,$-4,$-17,$4,$0
1,2018-06-30,6.53,$5.34,1.22,$15.92,0.41,$-1.85,0.0,$0.51,12.8,$0.25B,$0.12B,2.06,$0.00B,$0.14B,0.0,$0.46B,$0.24B,51.84%,$0.46B,$0.00B,0.86%,$0.46B,$0.00B,0.86%,$0.46B,$0.01B,2.59%,$0.46B,$0.01B,1.30%,$0.46B,$0.01B,2.81%,$0.01B,$0.14B,9.45%,$0.01B,$0.13B,10.55%,$0.01B,$0.28B,4.56%,$0.00B,$0.14B,2.91%,$121,$54,$67,$0,$52,$109,$12,$0,$12,$-5,$17,$17,$17,$13,$12,$27,27,$0.63,$0.63,$194,$0,$0,$248,$9,$0,$14,$4,$27,$275,$121,$0,$11,$11,$131,$1,$448,$0,$144,$275,$20,$4,$16,$19,$-21,$0,$0,$-16,$-48,$-9,$-1,$-0,$0,$0,$-0,$-0,$0,$-2,$0,$0,$0,$-2,$-2,$0,$-1,$-3,$-14,$2,$0
2,2018-03-31,6.74,$4.68,1.44,$15.67,0.43,$-1.93,0.0,$0.09,74.89,$0.25B,$0.13B,1.92,$0.00B,$0.13B,0.0,$0.47B,$0.24B,50.54%,$0.47B,$-0.00B,-0.43%,$0.47B,$-0.00B,-0.43%,$0.47B,$0.01B,1.50%,$0.47B,$0.00B,0.21%,$0.47B,$0.00B,0.43%,$0.00B,$0.13B,1.44%,$0.00B,$0.11B,1.61%,$0.00B,$0.28B,0.68%,$-0.00B,$0.13B,-1.44%,$118,$57,$61,$0,$61,$118,$0,$0,$1,$-2,$2,$2,$2,$2,$0,$27,28,$0.08,$0.08,$191,$0,$0,$246,$10,$0,$14,$5,$29,$275,$128,$0,$19,$19,$147,$1,$431,$0,$128,$275,$2,$2,$7,$9,$-16,$0,$0,$-6,$-26,$-15,$-1,$-0,$0,$0,$-0,$-0,$0,$-1,$0,$0,$0,$0,$0,$0,$-1,$-1,$-17,$1,$0
3,2017-12-31,8.3,$4.73,1.75,$14.40,0.58,$-1.65,0.0,$0.24,34.58,$0.26B,$0.14B,1.84,$0.00B,$0.13B,0.0,$0.48B,$0.24B,50.42%,$0.48B,$0.01B,1.67%,$0.48B,$0.01B,1.67%,$0.48B,$0.02B,3.56%,$0.48B,$0.01B,2.09%,$0.48B,$0.01B,2.09%,$0.01B,$0.13B,7.07%,$0.01B,$0.11B,7.92%,$0.01B,$0.29B,3.34%,$0.01B,$0.13B,5.65%,$105,$55,$50,$0,$54,$111,$-6,$0,$-6,$-0,$-6,$-6,$-6,$-4,$-6,$32,33,$-0.12,$-0.12,$208,$0,$0,$257,$10,$0,$15,$5,$30,$288,$139,$0,$20,$20,$159,$1,$432,$0,$128,$288,$11,$9,$42,$50,$-33,$0,$0,$-19,$-65,$-4,$-3,$-1,$0,$0,$48,$48,$0,$44,$0,$0,$0,$-165,$-165,$0,$-2,$-166,$-127,$4,$0
4,2017-09-30,9.6,$5.14,1.87,$13.78,0.7,$-1.22,0.0,$0.14,68.57,$0.27B,$0.13B,2.06,$0.00B,$0.15B,0.0,$0.49B,$0.25B,50.10%,$0.49B,$-0.00B,-0.81%,$0.49B,$-0.00B,-0.81%,$0.49B,$0.01B,1.22%,$0.49B,$-0.00B,-0.41%,$0.49B,$0.00B,0.41%,$0.00B,$0.15B,1.11%,$0.00B,$0.14B,1.22%,$0.00B,$0.30B,0.58%,$-0.00B,$0.15B,-2.23%,$119,$58,$62,$0,$55,$121,$-2,$0,$-1,$-1,$0,$0,$0,$1,$-2,$29,30,$0.00,$0.00,$212,$0,$0,$271,$11,$0,$15,$5,$31,$302,$132,$0,$21,$21,$152,$1,$438,$0,$150,$302,$16,$7,$33,$40,$-32,$0,$0,$-27,$-73,$-17,$-3,$-0,$0,$0,$23,$23,$0,$19,$0,$0,$0,$-148,$-148,$0,$-2,$-150,$-147,$3,$0
5,2017-06-30,14.76,$5.12,2.88,$12.71,1.16,$-0.87,0.0,$-0.06,0.0,$0.28B,$0.13B,2.09,$0.00B,$0.15B,0.0,$0.51B,$0.26B,50.29%,$0.51B,$-0.01B,-2.15%,$0.51B,$-0.01B,-2.15%,$0.51B,$-0.00B,-0.20%,$0.51B,$-0.01B,-1.76%,$0.51B,$-0.01B,-1.37%,$-0.01B,$0.15B,-3.25%,$-0.01B,$0.13B,-3.54%,$-0.01B,$0.30B,-1.82%,$-0.01B,$0.15B,-5.11%,$125,$61,$63,$0,$57,$118,$6,$0,$7,$0,$6,$6,$6,$8,$6,$29,30,$0.22,$0.21,$218,$0,$0,$275,$12,$0,$16,$2,$29,$304,$131,$0,$24,$24,$155,$1,$437,$0,$149,$304,$16,$5,$19,$23,$-23,$0,$0,$-16,$-51,$-12,$-2,$-0,$0,$0,$23,$23,$0,$20,$0,$0,$0,$-148,$-148,$0,$-2,$-150,$-141,$2,$0
6,2017-03-31,10.67,$4.84,2.2,$11.48,0.93,$-0.51,0.0,$-0.20,0.0,$0.27B,$0.14B,1.96,$0.00B,$0.14B,0.0,$0.52B,$0.27B,50.76%,$0.52B,$-0.01B,-2.67%,$0.52B,$-0.01B,-2.67%,$0.52B,$-0.00B,-0.38%,$0.52B,$-0.01B,-2.29%,$0.52B,$-0.01B,-1.91%,$-0.01B,$0.14B,-3.95%,$-0.01B,$0.12B,-4.26%,$-0.01B,$0.31B,-2.33%,$-0.01B,$0.14B,-5.53%,$129,$63,$66,$0,$57,$120,$10,$0,$10,$0,$10,$10,$10,$12,$10,$42,43,$0.23,$0.23,$217,$0,$0,$273,$12,$0,$17,$2,$32,$305,$139,$0,$27,$27,$166,$1,$431,$0,$139,$305,$10,$2,$9,$11,$-16,$0,$0,$-6,$-33,$-12,$-1,$-0,$0,$0,$18,$18,$0,$16,$0,$0,$0,$-151,$-151,$0,$-1,$-152,$-147,$1,$0
7,2016-12-31,10.13,$6.04,1.68,$11.37,0.89,$-0.67,0.0,$-0.65,0.0,$0.43B,$0.15B,2.83,$0.00B,$0.28B,0.0,$0.53B,$0.26B,49.81%,$0.53B,$-0.04B,-7.58%,$0.53B,$-0.04B,-7.58%,$0.53B,$-0.03B,-5.11%,$0.53B,$-0.04B,-7.20%,$0.53B,$-0.03B,-5.68%,$-0.03B,$0.28B,-10.27%,$-0.03B,$0.26B,-10.99%,$-0.03B,$0.46B,-6.34%,$-0.04B,$0.28B,-13.70%,$120,$64,$56,$0,$58,$138,$-18,$0,$-18,$-4,$-14,$-14,$-14,$-15,$-18,$46,46,$-0.30,$-0.30,$382,$0,$0,$432,$12,$0,$17,$2,$32,$463,$153,$0,$30,$30,$183,$1,$421,$-0,$281,$463,$-30,$13,$64,$77,$-35,$0,$0,$-6,$-36,$11,$-2,$-1,$0,$0,$17,$17,$0,$15,$0,$0,$0,$2,$2,$0,$-2,$-0,$26,$7,$0
8,2016-09-30,6.87,$6.30,1.09,$11.66,0.59,$-0.51,0.0,$-0.50,0.0,$0.38B,$0.15B,2.64,$0.00B,$0.29B,0.0,$0.54B,$0.27B,50.65%,$0.54B,$-0.03B,-5.19%,$0.54B,$-0.03B,-5.19%,$0.54B,$-0.01B,-2.60%,$0.54B,$-0.03B,-4.64%,$0.54B,$-0.02B,-4.27%,$-0.02B,$0.29B,-7.72%,$-0.02B,$0.27B,-8.28%,$-0.02B,$0.46B,-4.75%,$-0.03B,$0.29B,-9.40%,$137,$64,$72,$0,$64,$145,$-9,$1,$-8,$1,$-9,$-9,$-9,$-6,$-9,$46,46,$-0.20,$-0.20,$312,$0,$0,$382,$16,$45,$18,$3,$82,$464,$145,$0,$28,$28,$173,$1,$435,$0,$292,$464,$-16,$10,$37,$48,$-30,$0,$0,$-20,$-44,$-13,$-2,$-1,$0,$0,$-6,$-6,$0,$-8,$0,$0,$0,$0,$0,$0,$-2,$-2,$-22,$6,$0
9,2016-06-30,7.24,$6.47,1.12,$11.78,0.61,$0.12,61.3,$-1.67,0.0,$0.40B,$0.16B,2.53,$0.00B,$0.30B,0.0,$0.54B,$0.27B,50.28%,$0.54B,$-0.05B,-9.76%,$0.54B,$-0.05B,-9.76%,$0.54B,$-0.04B,-7.00%,$0.54B,$-0.05B,-9.39%,$0.54B,$-0.08B,-14.18%,$-0.08B,$0.30B,-25.52%,$-0.08B,$0.28B,-27.40%,$-0.08B,$0.49B,-15.56%,$-0.05B,$0.30B,-17.56%,$138,$66,$72,$0,$64,$135,$3,$1,$4,$1,$3,$3,$3,$7,$3,$46,47,$0.07,$0.07,$322,$0,$0,$395,$17,$45,$19,$4,$92,$486,$156,$0,$31,$31,$187,$1,$445,$0,$300,$486,$-7,$7,$21,$28,$-22,$0,$0,$-15,$-25,$-4,$-1,$-0,$0,$0,$-13,$-13,$0,$-15,$0,$0,$0,$0,$0,$0,$-2,$-2,$-20,$4,$0
10,2016-03-31,10.08,$6.37,1.58,$12.07,0.84,$0.49,20.4,$-1.75,0.0,$0.38B,$0.15B,2.47,$0.00B,$0.30B,0.0,$0.55B,$0.28B,50.18%,$0.55B,$-0.06B,-10.33%,$0.55B,$-0.06B,-10.33%,$0.55B,$-0.04B,-7.25%,$0.55B,$-0.06B,-9.96%,$0.55B,$-0.08B,-14.67%,$-0.08B,$0.30B,-25.39%,$-0.08B,$0.28B,-27.25%,$-0.08B,$0.48B,-15.76%,$-0.06B,$0.30B,-17.87%,$133,$70,$63,$0,$65,$149,$-16,$1,$-16,$-6,$-10,$-10,$-10,$-13,$-16,$46,46,$-0.22,$-0.22,$302,$0,$0,$379,$20,$50,$20,$5,$102,$481,$153,$0,$33,$33,$186,$1,$441,$0,$295,$481,$-10,$4,$12,$15,$-20,$0,$0,$-14,$-26,$-20,$-0,$-0,$0,$0,$-20,$-20,$0,$-21,$0,$0,$0,$0,$0,$0,$-1,$-1,$-42,$2,$0
11,2015-12-31,7.61,$6.62,1.15,$12.31,0.62,$1.07,7.09,$-1.54,0.0,$0.40B,$0.17B,2.4,$0.00B,$0.30B,0.0,$0.56B,$0.28B,50.00%,$0.56B,$-0.04B,-7.47%,$0.56B,$-0.04B,-7.47%,$0.56B,$-0.02B,-4.09%,$0.56B,$-0.04B,-7.12%,$0.56B,$-0.07B,-12.63%,$-0.07B,$0.30B,-21.07%,$-0.07B,$0.28B,-22.59%,$-0.07B,$0.51B,-13.29%,$-0.04B,$0.30B,-12.46%,$131,$66,$66,$0,$63,$137,$-6,$1,$-5,$1,$-7,$-7,$-7,$-2,$-6,$46,46,$-0.15,$-0.15,$326,$0,$0,$403,$22,$48,$21,$5,$103,$507,$168,$0,$35,$35,$203,$1,$451,$-0,$304,$507,$-70,$20,$143,$164,$-32,$0,$0,$-43,$-74,$19,$-2,$-2,$0,$0,$56,$56,$0,$51,$0,$0,$0,$1,$1,$0,$3,$4,$74,$10,$0
12,2015-09-30,7.62,$6.73,1.13,$12.60,0.6,$0.77,9.84,$-1.51,0.0,$0.37B,$0.16B,2.24,$0.00B,$0.31B,0.0,$0.58B,$0.29B,49.65%,$0.58B,$-0.05B,-8.13%,$0.58B,$-0.05B,-8.13%,$0.58B,$-0.03B,-4.50%,$0.58B,$-0.05B,-7.79%,$0.58B,$-0.07B,-11.94%,$-0.07B,$0.31B,-19.57%,$-0.07B,$0.29B,-20.97%,$-0.07B,$0.51B,-12.61%,$-0.05B,$0.31B,-13.33%,$141,$69,$72,$0,$61,$175,$-34,$0,$-34,$29,$-63,$-63,$-63,$-30,$-34,$46,46,$-1.37,$-1.37,$289,$0,$0,$367,$31,$71,$22,$2,$138,$505,$164,$0,$33,$33,$197,$1,$458,$-0,$308,$505,$-64,$16,$109,$125,$-34,$0,$0,$-8,$-44,$17,$-2,$-2,$0,$0,$30,$30,$-6,$19,$0,$0,$0,$0,$0,$0,$-1,$-0,$36,$7,$0
13,2015-06-30,9.56,$8.07,1.18,$13.02,0.73,$0.78,12.21,$0.00,0.0,$0.38B,$0.16B,2.38,$0.00B,$0.37B,0.0,$0.60B,$0.30B,49.67%,$0.60B,$-0.00B,-0.33%,$0.60B,$-0.00B,-0.33%,$0.60B,$0.02B,3.50%,$0.60B,$0.00B,0.17%,$0.60B,0,0.00%,$0.00B,$0.37B,0.00%,$0.00B,$0.35B,0.00%,$0.00B,$0.56B,0.00%,$-0.00B,$0.37B,-0.54%,$147,$71,$76,$0,$62,$148,$-1,$0,$-0,$0,$-1,$-1,$-1,$5,$-1,$46,46,$-0.01,$-0.01,$304,$0,$0,$379,$71,$59,$23,$2,$183,$563,$159,$0,$34,$34,$193,$1,$521,$-0,$369,$563,$-1,$11,$36,$46,$-22,$0,$0,$-9,$-31,$15,$-2,$-1,$0,$0,$50,$50,$-7,$40,$0,$0,$0,$0,$0,$0,$-1,$-1,$54,$6,$0
14,2015-03-31,9.65,$8.03,1.2,$13.49,0.72,$0.29,33.12,$0.29,33.28,$0.35B,$0.17B,2.11,$0.00B,$0.37B,0.0,$0.63B,$0.32B,50.72%,$0.63B,$0.02B,3.36%,$0.63B,$0.02B,3.36%,$0.63B,$0.04B,7.04%,$0.63B,$0.02B,3.84%,$0.63B,$0.01B,2.24%,$0.01B,$0.37B,3.83%,$0.01B,$0.34B,4.11%,$0.01B,$0.56B,2.50%,$0.02B,$0.37B,5.75%,$143,$75,$67,$0,$69,$144,$-1,$1,$-1,$-0,$-0,$-0,$-0,$4,$-1,$45,45,$-0.01,$-0.01,$274,$0,$0,$349,$76,$82,$24,$3,$213,$562,$166,$0,$30,$30,$196,$1,$521,$-0,$367,$562,$-0,$5,$11,$16,$-18,$0,$0,$-1,$-9,$7,$-2,$-1,$0,$0,$30,$30,$0,$28,$0,$0,$0,$0,$0,$0,$-1,$-1,$34,$2,$0
15,2014-12-31,11.32,$8.06,1.4,$13.86,0.82,$-0.27,0.0,$0.20,56.6,$0.31B,$0.16B,1.94,$0.00B,$0.37B,0.0,$0.64B,$0.32B,50.70%,$0.64B,$0.01B,2.19%,$0.64B,$0.01B,2.19%,$0.64B,$0.04B,5.95%,$0.64B,$0.02B,2.82%,$0.64B,$0.01B,1.56%,$0.01B,$0.37B,2.78%,$0.01B,$0.34B,3.00%,$0.01B,$0.56B,1.79%,$0.01B,$0.37B,3.89%,$147,$75,$72,$0,$66,$158,$-11,$1,$-10,$-5,$-5,$-5,$-5,$-5,$-11,$45,47,$-0.12,$-0.11,$245,$0,$0,$311,$78,$112,$25,$2,$247,$558,$160,$0,$32,$32,$192,$1,$522,$-0,$366,$558,$10,$24,$46,$70,$-27,$0,$0,$-26,$-65,$14,$-11,$-4,$0,$0,$-18,$-18,$0,$-33,$0,$0,$0,$3,$3,$0,$-1,$2,$-17,$11,$0
16,2014-09-30,11.16,$8.12,1.37,$13.61,0.82,$0.95,11.81,$0.20,55.8,$0.33B,$0.17B,1.97,$0.00B,$0.37B,0.0,$0.65B,$0.33B,50.31%,$0.65B,$0.02B,2.29%,$0.65B,$0.02B,2.29%,$0.65B,$0.04B,5.96%,$0.65B,$0.02B,2.91%,$0.65B,$0.01B,1.53%,$0.01B,$0.37B,2.82%,$0.01B,$0.34B,3.05%,$0.01B,$0.57B,1.78%,$0.02B,$0.37B,4.23%,$163,$80,$83,$0,$72,$152,$11,$1,$12,$5,$6,$6,$6,$17,$11,$45,46,$0.14,$0.14,$265,$0,$0,$332,$88,$93,$26,$2,$236,$568,$168,$0,$31,$31,$200,$1,$527,$-0,$369,$568,$15,$18,$31,$49,$-30,$0,$0,$-9,$-40,$25,$-10,$-3,$0,$0,$-38,$-38,$-0,$-50,$0,$0,$0,$3,$3,$0,$-1,$2,$-24,$8,$0
17,2014-06-30,13.28,$7.96,1.67,$13.35,0.99,$1.51,8.79,$0.24,55.33,$0.33B,$0.16B,2.03,$0.00B,$0.36B,0.0,$0.67B,$0.35B,51.19%,$0.67B,$0.02B,3.56%,$0.67B,$0.02B,3.56%,$0.67B,$0.05B,7.12%,$0.67B,$0.03B,4.01%,$0.67B,$0.02B,2.67%,$0.02B,$0.36B,4.51%,$0.02B,$0.33B,4.79%,$0.02B,$0.56B,2.94%,$0.02B,$0.36B,6.02%,$172,$77,$95,$0,$72,$149,$22,$1,$23,$10,$13,$13,$13,$28,$22,$45,47,$0.29,$0.28,$264,$0,$0,$331,$89,$78,$26,$3,$224,$555,$163,$0,$32,$32,$195,$1,$521,$-0,$360,$555,$9,$12,$18,$30,$-16,$0,$0,$-18,$-43,$-4,$-6,$-2,$0,$0,$-52,$-52,$-0,$-61,$0,$0,$0,$3,$3,$0,$-0,$3,$-62,$5,$0
18,2014-03-31,14.89,$7.61,1.96,$13.14,1.13,$2.30,6.47,$0.15,99.27,$0.34B,$0.18B,1.92,$0.00B,$0.34B,0.0,$0.70B,$0.34B,49.50%,$0.70B,$0.02B,3.02%,$0.70B,$0.02B,3.02%,$0.70B,$0.05B,6.47%,$0.70B,$0.02B,3.45%,$0.70B,$0.02B,2.45%,$0.02B,$0.34B,3.86%,$0.02B,$0.32B,4.04%,$0.02B,$0.55B,2.57%,$0.02B,$0.34B,4.76%,$157,$83,$74,$0,$82,$165,$-8,$0,$-7,$-3,$-4,$-4,$-4,$-2,$-8,$45,45,$-0.10,$-0.10,$265,$0,$0,$341,$90,$64,$27,$3,$213,$554,$177,$0,$33,$33,$210,$1,$508,$0,$344,$554,$-4,$6,$9,$15,$-14,$0,$0,$-23,$-27,$-16,$-3,$-1,$0,$0,$-3,$-3,$0,$-7,$0,$0,$0,$2,$2,$0,$-0,$2,$-22,$2,$0
19,2013-12-31,17.71,$7.70,2.3,$13.51,1.31,$3.07,5.76,$0.68,26.04,$0.38B,$0.19B,1.96,$0.00B,$0.35B,0.0,$0.75B,$0.39B,51.40%,$0.75B,$0.07B,9.19%,$0.75B,$0.07B,9.19%,$0.75B,$0.09B,12.38%,$0.75B,$0.07B,9.59%,$0.75B,$0.05B,6.13%,$0.05B,$0.35B,9.53%,$0.05B,$0.32B,9.85%,$0.05B,$0.57B,6.47%,$0.07B,$0.35B,14.30%,$162,$85,$77,$0,$80,$172,$-10,$1,$-9,$-4,$-5,$-5,$-5,$-4,$-10,$54,55,$-0.09,$-0.09,$315,$0,$0,$378,$91,$41,$27,$3,$192,$570,$192,$0,$33,$33,$225,$1,$512,$0,$345,$570,$46,$24,$55,$79,$-16,$0,$0,$-34,$-39,$86,$-15,$-20,$0,$0,$150,$150,$0,$115,$0,$0,$0,$-190,$-190,$0,$-8,$-197,$4,$14,$0
20,2013-09-30,18.04,$10.03,1.8,$14.28,1.26,$4.03,4.48,$1.09,16.55,$0.55B,$0.19B,2.95,$0.00B,$0.55B,0.0,$0.80B,$0.42B,52.51%,$0.80B,$0.11B,13.82%,$0.80B,$0.11B,13.82%,$0.80B,$0.14B,16.96%,$0.80B,$0.11B,14.20%,$0.80B,$0.07B,8.92%,$0.07B,$0.55B,13.73%,$0.07B,$0.53B,14.05%,$0.07B,$0.77B,9.41%,$0.11B,$0.55B,21.28%,$183,$84,$99,$0,$80,$163,$20,$1,$20,$6,$14,$14,$14,$26,$20,$54,56,$0.26,$0.25,$467,$0,$0,$545,$95,$86,$12,$2,$220,$766,$185,$0,$35,$35,$220,$1,$517,$0,$546,$766,$51,$19,$42,$61,$-19,$0,$0,$-40,$-50,$62,$-12,$-4,$0,$0,$135,$135,$0,$120,$0,$0,$0,$2,$2,$0,$-0,$2,$183,$11,$0
21,2013-06-30,12.18,$9.74,1.25,$15.45,0.79,$4.51,2.7,$1.47,8.29,$0.53B,$0.19B,2.81,$0.00B,$0.53B,0.0,$0.86B,$0.48B,55.88%,$0.86B,$0.14B,16.07%,$0.86B,$0.14B,16.07%,$0.86B,$0.16B,18.98%,$0.86B,$0.14B,16.53%,$0.86B,$0.09B,10.13%,$0.09B,$0.53B,17.41%,$0.09B,$0.52B,17.80%,$0.09B,$0.76B,11.60%,$0.14B,$0.53B,27.61%,$193,$100,$94,$0,$75,$174,$19,$1,$20,$8,$12,$12,$12,$25,$19,$54,56,$0.22,$0.22,$450,$0,$0,$534,$95,$86,$12,$2,$221,$755,$190,$0,$37,$37,$227,$1,$503,$0,$528,$755,$37,$13,$32,$45,$-13,$0,$0,$-35,$-43,$39,$-7,$-2,$0,$0,$83,$83,$0,$74,$0,$0,$0,$1,$1,$0,$0,$1,$114,$7,$0
22,2013-03-31,10.23,$9.45,1.08,$16.41,0.62,$4.98,2.05,$2.12,4.83,$0.52B,$0.21B,2.53,$0.00B,$0.51B,0.0,$0.92B,$0.56B,60.70%,$0.92B,$0.19B,20.41%,$0.92B,$0.19B,20.41%,$0.92B,$0.21B,23.25%,$0.92B,$0.19B,20.85%,$0.92B,$0.12B,12.88%,$0.12B,$0.51B,24.58%,$0.12B,$0.50B,25.12%,$0.12B,$0.76B,15.86%,$0.19B,$0.51B,38.96%,$213,$97,$116,$0,$76,$173,$40,$1,$41,$16,$25,$25,$25,$46,$40,$54,55,$0.46,$0.45,$428,$0,$0,$522,$95,$96,$11,$2,$233,$755,$207,$0,$36,$36,$243,$1,$491,$0,$511,$755,$25,$6,$17,$23,$-10,$0,$0,$-32,$-26,$22,$-3,$-1,$0,$0,$49,$49,$0,$45,$0,$0,$0,$0,$0,$0,$0,$0,$67,$4,$0
23,2012-12-31,10.3,$8.93,1.15,$16.84,0.61,$5.15,2.0,$2.28,4.52,$0.48B,$0.22B,2.16,$0.00B,$0.48B,0.0,$0.94B,$0.60B,63.56%,$0.94B,$0.19B,20.34%,$0.94B,$0.19B,20.34%,$0.94B,$0.22B,23.09%,$0.94B,$0.20B,20.76%,$0.94B,$0.12B,12.82%,$0.12B,$0.48B,26.84%,$0.12B,$0.47B,27.42%,$0.12B,$0.74B,16.66%,$0.19B,$0.48B,42.60%,$207,$97,$109,$0,$78,$175,$31,$1,$32,$12,$20,$20,$20,$38,$31,$53,56,$0.36,$0.36,$393,$0,$0,$484,$96,$122,$11,$2,$259,$742,$224,$0,$35,$35,$259,$1,$466,$0,$483,$742,$121,$26,$46,$73,$-62,$0,$0,$6,$-44,$150,$-25,$-5,$0,$0,$8,$8,$0,$-23,$0,$0,$0,$3,$3,$0,$-2,$2,$129,$14,$0
24,2012-09-30,10.15,$8.84,1.15,$16.70,0.61,$6.10,1.66,$2.40,4.23,$0.46B,$0.24B,1.96,$0.00B,$0.48B,0.0,$0.94B,$0.59B,63.09%,$0.94B,$0.19B,20.64%,$0.94B,$0.19B,20.64%,$0.94B,$0.22B,23.19%,$0.94B,$0.20B,20.96%,$0.94B,$0.12B,12.98%,$0.12B,$0.48B,29.15%,$0.12B,$0.47B,29.76%,$0.12B,$0.75B,17.57%,$0.19B,$0.48B,46.36%,$246,$85,$161,$0,$114,$198,$48,$1,$49,$18,$30,$30,$30,$54,$48,$53,56,$0.57,$0.54,$325,$0,$0,$464,$98,$147,$10,$2,$284,$747,$236,$0,$34,$34,$270,$1,$463,$0,$477,$747,$101,$20,$38,$58,$-68,$0,$0,$-11,$-62,$97,$-21,$-4,$0,$0,$-22,$-22,$0,$-47,$0,$0,$0,$3,$3,$0,$-2,$1,$51,$10,$0
25,2012-06-30,21.8,$8.51,2.56,$16.60,1.31,$6.93,3.15,$2.62,8.32,$0.47B,$0.25B,1.86,$0.00B,$0.45B,0.0,$0.94B,$0.61B,64.57%,$0.94B,$0.22B,23.05%,$0.94B,$0.22B,23.05%,$0.94B,$0.24B,25.40%,$0.94B,$0.22B,23.27%,$0.94B,$0.14B,14.51%,$0.14B,$0.45B,35.79%,$0.14B,$0.44B,36.51%,$0.14B,$0.73B,20.96%,$0.22B,$0.45B,56.84%,$250,$80,$170,$0,$102,$182,$68,$1,$69,$26,$43,$43,$43,$75,$68,$53,56,$0.81,$0.76,$340,$0,$0,$468,$95,$130,$9,$2,$263,$732,$251,$0,$31,$31,$283,$1,$432,$0,$449,$732,$71,$13,$25,$38,$-47,$0,$0,$-6,$-35,$74,$-15,$-3,$0,$0,$-20,$-20,$0,$-38,$0,$0,$0,$2,$2,$0,$6,$8,$44,$7,$0
26,2012-03-31,24.75,$7.54,3.28,$16.30,1.52,$7.67,3.23,$2.68,9.24,$0.44B,$0.26B,1.7,$0.00B,$0.39B,0.0,$0.93B,$0.61B,66.13%,$0.93B,$0.23B,24.92%,$0.93B,$0.23B,24.92%,$0.93B,$0.25B,26.86%,$0.93B,$0.23B,25.03%,$0.93B,$0.15B,15.64%,$0.15B,$0.39B,42.09%,$0.15B,$0.39B,42.90%,$0.15B,$0.68B,23.91%,$0.23B,$0.39B,67.05%,$241,$81,$160,$0,$115,$197,$45,$1,$46,$17,$28,$28,$28,$51,$45,$52,56,$0.55,$0.51,$327,$0,$0,$443,$92,$115,$8,$3,$241,$684,$261,$0,$29,$29,$290,$1,$384,$0,$394,$684,$28,$6,$12,$19,$-37,$0,$0,$1,$-12,$35,$-7,$-2,$0,$0,$-8,$-8,$0,$-17,$0,$0,$0,$1,$1,$0,$4,$4,$23,$2,$0
27,2011-12-31,23.0,$6.84,3.36,$15.92,1.44,$8.47,2.71,$3.01,7.64,$0.37B,$0.24B,1.59,$0.00B,$0.35B,0.0,$0.92B,$0.63B,68.52%,$0.92B,$0.27B,29.73%,$0.92B,$0.27B,29.73%,$0.92B,$0.29B,31.37%,$0.92B,$0.27B,29.84%,$0.92B,$0.17B,18.69%,$0.17B,$0.35B,53.90%,$0.17B,$0.35B,54.85%,$0.17B,$0.61B,29.78%,$0.27B,$0.35B,85.74%,$203,$101,$102,$0,$69,$171,$33,$1,$33,$12,$21,$21,$21,$38,$33,$52,57,$0.41,$0.39,$288,$0,$0,$373,$90,$120,$7,$4,$241,$614,$235,$0,$25,$25,$260,$1,$351,$-1,$354,$614,$171,$17,$40,$57,$-43,$0,$0,$4,$-12,$216,$-34,$-4,$0,$0,$-170,$-170,$0,$-208,$0,$0,$0,$-86,$-86,$0,$19,$-67,$-59,$11,$0
28,2011-09-30,17.44,$6.32,2.76,$15.59,1.12,$8.04,2.17,$3.05,5.72,$0.36B,$0.22B,1.64,$0.00B,$0.32B,0.0,$0.90B,$0.63B,69.91%,$0.90B,$0.28B,31.42%,$0.90B,$0.28B,31.42%,$0.90B,$0.30B,32.85%,$0.90B,$0.29B,31.53%,$0.90B,$0.18B,19.47%,$0.18B,$0.32B,61.06%,$0.18B,$0.32B,62.08%,$0.18B,$0.57B,32.68%,$0.28B,$0.32B,98.53%,$243,$70,$173,$0,$103,$173,$70,$1,$70,$27,$44,$44,$44,$74,$70,$52,56,$0.85,$0.78,$249,$0,$0,$359,$82,$96,$6,$9,$207,$566,$219,$0,$24,$24,$243,$1,$328,$-1,$323,$566,$150,$11,$35,$46,$-70,$0,$0,$-8,$-47,$149,$-24,$-2,$0,$0,$-77,$-77,$0,$-104,$0,$0,$0,$-88,$-88,$0,$16,$-72,$-27,$8,$0
29,2011-06-30,25.0,$5.89,4.25,$14.50,1.72,$7.46,3.35,$2.88,8.68,$0.39B,$0.23B,1.68,$0.00B,$0.31B,0.0,$0.85B,$0.60B,70.42%,$0.85B,$0.28B,32.39%,$0.85B,$0.28B,32.39%,$0.85B,$0.29B,33.80%,$0.85B,$0.28B,32.63%,$0.85B,$0.17B,19.72%,$0.17B,$0.31B,64.86%,$0.17B,$0.30B,65.95%,$0.17B,$0.56B,33.72%,$0.28B,$0.31B,106.56%,$240,$62,$178,$0,$95,$157,$83,$1,$83,$31,$52,$52,$52,$86,$83,$53,58,$0.99,$0.90,$289,$0,$0,$388,$76,$69,$5,$9,$174,$562,$231,$0,$23,$23,$254,$1,$284,$0,$307,$562,$106,$7,$18,$25,$-44,$0,$0,$9,$-15,$116,$-12,$-1,$0,$0,$-39,$-39,$0,$-52,$0,$0,$0,$-52,$-52,$0,$10,$-42,$22,$5,$0
30,2011-03-31,17.1,$5.42,3.16,$13.22,1.29,$6.22,2.75,$2.56,6.68,$0.39B,$0.25B,1.58,$0.00B,$0.29B,0.0,$0.79B,$0.55B,70.36%,$0.79B,$0.25B,32.06%,$0.79B,$0.25B,32.06%,$0.79B,$0.26B,33.46%,$0.79B,$0.26B,32.44%,$0.79B,$0.15B,19.21%,$0.15B,$0.29B,64.60%,$0.15B,$0.28B,65.65%,$0.15B,$0.56B,33.31%,$0.25B,$0.29B,107.81%,$229,$56,$174,$0,$88,$143,$86,$1,$87,$33,$54,$54,$54,$89,$86,$53,59,$1.02,$0.92,$300,$0,$0,$394,$68,$65,$5,$8,$161,$555,$249,$0,$21,$21,$270,$1,$232,$0,$285,$555,$54,$3,$10,$13,$-28,$0,$0,$16,$15,$81,$-5,$-1,$0,$0,$-44,$-44,$0,$-50,$0,$0,$0,$-12,$-12,$0,$4,$-9,$23,$2,$0
31,2010-12-31,19.0,$4.51,4.21,$11.89,1.6,$5.76,3.3,$2.13,8.92,$0.36B,$0.21B,1.67,$0.00B,$0.24B,0.0,$0.71B,$0.50B,69.57%,$0.71B,$0.22B,30.29%,$0.71B,$0.22B,30.29%,$0.71B,$0.23B,31.70%,$0.71B,$0.22B,30.58%,$0.71B,$0.13B,17.81%,$0.13B,$0.24B,62.10%,$0.13B,$0.23B,63.26%,$0.13B,$0.47B,31.28%,$0.22B,$0.24B,105.62%,$192,$86,$107,$0,$62,$148,$45,$0,$45,$19,$26,$26,$26,$48,$45,$54,60,$0.49,$0.46,$279,$0,$0,$357,$67,$20,$4,$5,$114,$471,$214,$0,$19,$19,$233,$1,$178,$0,$238,$471,$128,$9,$35,$45,$-54,$0,$0,$49,$18,$190,$-27,$-1,$0,$0,$-67,$-67,$0,$-94,$-1,$0,$-1,$-39,$-39,$0,$7,$-33,$63,$8,$0
32,2010-09-30,15.46,$3.94,3.93,$11.58,1.34,$5.40,2.86,$2.01,7.69,$0.32B,$0.18B,1.77,$0.00B,$0.21B,0.0,$0.65B,$0.48B,74.12%,$0.65B,$0.21B,31.39%,$0.65B,$0.21B,31.39%,$0.65B,$0.21B,32.77%,$0.65B,$0.21B,31.70%,$0.65B,$0.12B,18.53%,$0.12B,$0.21B,67.69%,$0.12B,$0.20B,69.14%,$0.12B,$0.41B,33.43%,$0.21B,$0.21B,114.69%,$191,$50,$141,$0,$78,$128,$62,$0,$63,$27,$36,$36,$36,$65,$62,$53,59,$0.68,$0.61,$230,$0,$0,$321,$61,$0,$4,$5,$84,$405,$181,$0,$18,$18,$199,$1,$152,$0,$206,$405,$101,$6,$29,$35,$-60,$0,$0,$28,$-21,$115,$-19,$-1,$0,$0,$-21,$-21,$0,$-40,$-1,$0,$-1,$-40,$-40,$0,$4,$-37,$38,$6,$0
33,2010-06-30,15.81,$3.77,4.19,$10.49,1.51,$5.42,2.91,$1.77,8.93,$0.30B,$0.16B,1.9,$0.00B,$0.21B,0.0,$0.59B,$0.44B,74.19%,$0.59B,$0.18B,30.90%,$0.59B,$0.18B,30.90%,$0.59B,$0.19B,32.09%,$0.59B,$0.18B,31.07%,$0.59B,$0.11B,18.17%,$0.11B,$0.21B,69.48%,$0.11B,$0.20B,71.10%,$0.11B,$0.38B,32.33%,$0.18B,$0.21B,118.18%,$174,$43,$131,$0,$71,$115,$59,$0,$60,$24,$35,$35,$35,$61,$59,$55,61,$0.65,$0.58,$206,$0,$0,$304,$56,$0,$3,$5,$78,$382,$160,$0,$15,$15,$175,$1,$116,$0,$206,$382,$65,$4,$19,$23,$-55,$0,$0,$4,$-43,$45,$-12,$-0,$0,$0,$25,$25,$0,$13,$-1,$0,$-1,$2,$2,$0,$1,$2,$60,$4,$0
34,2010-03-31,24.58,$3.07,8.0,$9.75,2.52,$6.11,4.02,$1.21,20.31,$0.30B,$0.19B,1.59,$0.00B,$0.17B,0.0,$0.53B,$0.39B,73.95%,$0.53B,$0.13B,23.76%,$0.53B,$0.13B,23.76%,$0.53B,$0.13B,24.90%,$0.53B,$0.13B,23.76%,$0.53B,$0.07B,13.88%,$0.07B,$0.17B,59.23%,$0.07B,$0.16B,60.96%,$0.07B,$0.37B,24.89%,$0.13B,$0.17B,101.21%,$156,$39,$117,$0,$67,$106,$50,$0,$50,$21,$30,$30,$30,$52,$50,$54,60,$0.55,$0.49,$222,$0,$0,$295,$50,$0,$3,$5,$71,$366,$185,$0,$13,$13,$198,$1,$81,$0,$168,$366,$30,$2,$10,$12,$-24,$0,$0,$19,$13,$55,$-4,$0,$0,$0,$0,$0,$0,$-4,$-1,$0,$-1,$1,$1,$0,$0,$0,$51,$2,$0
