,Date,Stock Price,Book Value per Share,Price to Book Ratio,TTM Sales per Share,Price to Sales Ratio,TTM FCF per Share,Price to FCF Ratio,TTM Net EPS,PE Ratio,Current Assets,Current Liabilities,Current Ratio,Long Term Debt,Shareholder's Equity_x,Debt to Equity Ratio,TTM Revenue_x,TTM Gross Profit,Gross Margin,TTM Revenue_y,TTM Operating Income,Operating Margin,TTM Revenue_x,TTM EBIT,EBIT Margin,TTM Revenue_y,TTM EBITDA,EBITDA Margin,TTM Revenue_x,TTM Pre-Tax Income,Pre-Tax Margin,TTM Revenue_y,TTM Net Income_x,Net Margin,TTM Net Income_y,Shareholder's Equity_y,Return on Equity,TTM Net Income_x,Tangible Equity,Return on Tangible Equity,TTM Net Income_y,Total Assets,Return on Assets,TTM Net Income,LT Investments & Debt,Return on Investment,revenue,cost-goods-sold,gross-profit,research-development-expenses,selling-general-administrative-expenses,operating-expenses,operating-income,total-non-operating-income-expense,pre-tax-income,total-provision-income-taxes,income-after-taxes,income-from-continuous-operations,net-income,ebitda,ebit,basic-shares-outstanding,shares-outstanding,eps-basic-net-earnings-per-share,eps-earnings-per-share-diluted,cash-on-hand,inventory,other-current-assets,total-current-assets,net-property-plant-equipment,long-term-investments,goodwill-intangible-assets-total,other-long-term-assets,total-long-term-assets,total-assets,total-current-liabilities,long-term-debt,other-non-current-liabilities,total-long-term-liabilities,total-liabilities,common-stock-net,retained-earnings-accumulated-deficit,comprehensive-income,total-share-holder-equity,total-liabilities-share-holders-equity,net-income-loss,total-depreciation-amortization-cash-flow,other-non-cash-items,total-non-cash-items,change-in-accounts-receivable,change-in-inventories,change-in-accounts-payable,change-in-assets-liabilities,total-change-in-assets-liabilities,cash-flow-from-operating-activities,net-change-in-property-plant-equipment,net-change-in-intangible-assets,net-acquisitions-divestitures,net-change-in-short-term-investments,net-change-in-long-term-investments,net-change-in-investments-total,investing-activities-other,cash-flow-from-investing-activities,net-long-term-debt,net-current-debt,debt-issuance-retirement-net-total,net-common-equity-issued-repurchased,net-total-equity-issued-repurchased,total-common-preferred-stock-dividends-paid,financial-activities-other,cash-flow-from-financial-activities,net-cash-flow,stock-based-compensation,common-stock-dividends-paid
0,2018-06-30,45.21,$51.71,0.87,$23.06,1.96,$16.79,2.69,$2.80,16.15,$33.11B,$41.25B,0.8,$0.00B,$5.24B,0.0,$2.35B,$2.11B,89.70%,$2.35B,$0.45B,18.94%,$2.35B,0,0.00%,$2.35B,0,0.00%,$2.35B,$0.45B,18.94%,$2.35B,$0.29B,12.17%,$0.29B,$5.29B,5.51%,$0.29B,$4.47B,6.57%,$0.29B,$47.54B,0.63%,$0.45B,$5.29B,8.58%,$716,$67,$649,$0,$395,$464,$251,$0,$251,$-29,$280,$280,$279,$0,$0,$102,102,$2.74,$2.73,$9071,$0,$0,$33110,$548,$10806,$822,$2248,$14425,$47535,$41247,$0,$998,$998,$42246,$1,$1515,$-497,$5290,$47535,$371,$15,$-97,$-82,$-148,$219,$0,$11,$82,$371,$-26,$0,$0,$-3372,$-489,$-3861,$-204,$-4092,$0,$-155,$-155,$9,$9,$-53,$3919,$3720,$-1,$5,$-53
1,2018-03-31,41.4,$49.56,0.84,$21.40,1.93,$16.91,2.45,$1.01,40.99,$31.35B,$39.27B,0.8,$0.00B,$5.02B,0.0,$2.18B,$1.95B,89.45%,$2.18B,$0.33B,14.95%,$2.18B,0,0.00%,$2.18B,0,0.00%,$2.18B,$0.33B,14.95%,$2.18B,$0.10B,4.68%,$0.10B,$5.07B,1.97%,$0.10B,$4.24B,2.35%,$0.10B,$45.76B,0.23%,$0.33B,$5.07B,6.29%,$567,$60,$507,$0,$391,$453,$113,$0,$113,$22,$91,$91,$90,$0,$0,$102,102,$0.89,$0.89,$7306,$0,$0,$31346,$544,$10691,$827,$2349,$14411,$45757,$39265,$0,$1427,$1427,$40692,$1,$1262,$-463,$5065,$45757,$91,$8,$43,$51,$21,$94,$-11,$-57,$47,$190,$-10,$0,$0,$-1729,$-294,$-2023,$-42,$-2074,$0,$106,$106,$5,$5,$-26,$1677,$1762,$-123,$3,$-26
2,2017-12-31,35.1,$50.00,0.7,$21.00,1.67,$16.80,2.09,$1.01,34.76,$30.01B,$37.48B,0.8,$0.00B,$5.05B,0.0,$2.15B,$1.92B,89.56%,$2.15B,$0.34B,15.80%,$2.15B,0,0.00%,$2.15B,0,0.00%,$2.15B,$0.34B,15.80%,$2.15B,$0.10B,4.85%,$0.10B,$5.10B,1.99%,$0.10B,$4.27B,2.38%,$0.10B,$44.28B,0.25%,$0.34B,$5.10B,6.50%,$531,$58,$473,$0,$391,$452,$80,$0,$80,$182,$-102,$-102,$-103,$0,$0,$102,102,$-1.00,$-1.00,$5692,$0,$0,$30011,$547,$10449,$831,$2439,$14266,$44277,$37477,$0,$1696,$1696,$39173,$1,$1195,$-351,$5104,$44277,$108,$35,$291,$326,$-267,$502,$3,$-35,$201,$636,$-53,$0,$0,$-2365,$-2094,$-4459,$-837,$-5349,$0,$-34,$-34,$-69,$-69,$-96,$4952,$4754,$40,$0,$-96
3,2017-09-30,35.3,$51.80,0.68,$19.77,1.79,$15.91,2.22,$1.97,17.92,$29.17B,$36.40B,0.8,$0.00B,$5.24B,0.0,$2.03B,$1.80B,89.04%,$2.03B,$0.25B,12.44%,$2.03B,0,0.00%,$2.03B,0,0.00%,$2.03B,$0.25B,12.44%,$2.03B,$0.20B,9.98%,$0.20B,$5.29B,3.86%,$0.20B,$4.44B,4.61%,$0.20B,$42.60B,0.50%,$0.25B,$5.29B,4.81%,$536,$58,$479,$0,$476,$536,$1,$0,$1,$-20,$21,$21,$20,$0,$0,$102,102,$0.19,$0.19,$6052,$0,$0,$29172,$533,$9328,$845,$2723,$13429,$42601,$36396,$0,$920,$920,$37316,$1,$1351,$-291,$5285,$42601,$210,$26,$332,$358,$-428,$499,$-9,$15,$76,$644,$-40,$0,$0,$-2598,$-1118,$-3716,$-432,$-4189,$0,$90,$90,$-70,$-70,$-69,$3750,$3700,$155,$0,$-69
4,2017-06-30,40.72,$51.75,0.79,$19.17,2.12,$13.49,3.02,$2.22,18.34,$27.66B,$35.09B,0.79,$0.00B,$5.23B,0.0,$1.97B,$1.75B,88.95%,$1.97B,$0.31B,15.92%,$1.97B,0,0.00%,$1.97B,0,0.00%,$1.97B,$0.31B,15.92%,$1.97B,$0.23B,11.56%,$0.23B,$5.28B,4.33%,$0.23B,$4.42B,5.13%,$0.23B,$41.24B,0.57%,$0.31B,$5.28B,5.97%,$546,$54,$491,$0,$357,$414,$132,$0,$132,$36,$96,$96,$95,$0,$0,$102,102,$0.94,$0.94,$4676,$0,$0,$27660,$547,$9676,$856,$2503,$13583,$41243,$35090,$0,$874,$874,$35965,$1,$1357,$-303,$5278,$41243,$189,$15,$181,$196,$-317,$334,$-0,$-22,$-5,$381,$-25,$0,$0,$-1332,$-1208,$-2541,$-196,$-2762,$0,$-88,$-88,$-72,$-72,$-43,$2624,$2421,$40,$0,$-43
5,2017-03-31,39.5,$50.91,0.78,$18.86,2.09,$12.94,3.05,$2.13,18.54,$26.87B,$34.21B,0.79,$0.00B,$5.14B,0.0,$1.95B,$1.73B,88.97%,$1.95B,$0.30B,15.55%,$1.95B,0,0.00%,$1.95B,0,0.00%,$1.95B,$0.30B,15.55%,$1.95B,$0.22B,11.34%,$0.22B,$5.19B,4.18%,$0.22B,$4.33B,4.96%,$0.22B,$40.26B,0.57%,$0.30B,$5.19B,5.74%,$532,$54,$478,$0,$350,$406,$126,$0,$126,$33,$93,$93,$92,$0,$0,$103,103,$0.89,$0.89,$4045,$0,$0,$26872,$549,$9460,$864,$2514,$13387,$40259,$34206,$0,$863,$863,$35069,$1,$1287,$-320,$5190,$40259,$93,$8,$-45,$-37,$-34,$177,$-11,$-1,$131,$187,$-16,$0,$0,$-766,$-1011,$-1777,$18,$-1775,$0,$-62,$-62,$-74,$-74,$-16,$1715,$1563,$-25,$0,$-16
6,2016-12-31,42.23,$50.08,0.84,$18.70,2.26,$12.68,3.33,$2.05,20.6,$26.21B,$32.55B,0.81,$0.00B,$5.15B,0.0,$1.93B,$1.72B,88.98%,$1.93B,$0.29B,15.21%,$1.93B,0,0.00%,$1.93B,0,0.00%,$1.93B,$0.29B,15.21%,$1.93B,$0.21B,11.02%,$0.21B,$5.20B,4.02%,$0.21B,$4.33B,4.77%,$0.21B,$38.66B,0.56%,$0.29B,$5.20B,5.55%,$411,$56,$355,$0,$359,$418,$-7,$0,$-7,$-2,$-5,$-5,$-5,$0,$0,$103,103,$-0.04,$-0.04,$3312,$0,$0,$26207,$544,$8476,$869,$2565,$12454,$38662,$32552,$0,$912,$912,$33464,$1,$1220,$-320,$5198,$38662,$217,$22,$-38,$-16,$-270,$754,$0,$-95,$389,$589,$-91,$0,$0,$-710,$-2065,$-2775,$-578,$-3444,$0,$-372,$-372,$7,$7,$-66,$3285,$2853,$-1,$0,$-66
7,2016-09-30,36.71,$51.85,0.71,$19.90,1.84,$13.88,2.65,$3.42,10.73,$27.21B,$32.69B,0.83,$0.00B,$5.33B,0.0,$2.06B,$1.85B,89.98%,$2.06B,$0.42B,20.57%,$2.06B,0,0.00%,$2.06B,0,0.00%,$2.06B,$0.42B,20.53%,$2.06B,$0.35B,17.22%,$0.35B,$5.38B,6.71%,$0.35B,$4.71B,7.98%,$0.35B,$39.05B,0.95%,$0.42B,$5.38B,8.02%,$483,$54,$430,$0,$360,$421,$63,$0,$63,$16,$47,$47,$46,$0,$0,$103,103,$0.44,$0.44,$4387,$0,$0,$27207,$538,$8096,$675,$2539,$11848,$39054,$32692,$0,$980,$982,$33674,$1,$1259,$-157,$5380,$39054,$221,$11,$259,$270,$-526,$578,$-12,$-90,$-49,$442,$-78,$0,$0,$-1783,$-1351,$-3134,$-255,$-3467,$0,$-62,$-62,$4,$4,$-49,$3120,$3012,$-13,$0,$-49
8,2016-06-30,28.04,$51.68,0.54,$20.39,1.38,$14.04,2.0,$3.80,7.38,$25.95B,$31.17B,0.83,$0.00B,$5.31B,0.0,$2.11B,$1.90B,90.36%,$2.11B,$0.47B,22.28%,$2.11B,0,0.00%,$2.11B,0,0.00%,$2.11B,$0.47B,22.19%,$2.11B,$0.39B,18.67%,$0.39B,$5.36B,7.57%,$0.39B,$4.47B,8.97%,$0.39B,$37.61B,1.08%,$0.47B,$5.36B,9.03%,$523,$52,$471,$0,$347,$401,$121,$0,$121,$32,$89,$89,$88,$0,$0,$103,103,$0.85,$0.85,$3223,$0,$0,$25945,$536,$7511,$886,$2729,$11661,$37606,$31167,$0,$1078,$1080,$32246,$1,$1229,$-146,$5360,$37606,$174,$5,$170,$175,$-365,$393,$-1,$-13,$14,$363,$-58,$0,$0,$-605,$-954,$-1559,$-245,$-1862,$0,$2,$2,$3,$3,$-33,$1529,$1501,$2,$0,$-33
9,2016-03-31,27.24,$50.64,0.54,$20.68,1.32,$12.66,2.15,$8.74,3.12,$25.24B,$29.88B,0.85,$0.00B,$5.20B,0.0,$2.13B,$1.93B,90.67%,$2.13B,$0.42B,19.60%,$2.13B,0,0.00%,$2.13B,0,0.00%,$2.13B,$0.41B,19.22%,$2.13B,$0.90B,42.29%,$0.90B,$5.25B,17.73%,$0.90B,$4.36B,20.72%,$0.90B,$36.15B,2.50%,$0.42B,$5.25B,8.21%,$516,$52,$464,$0,$344,$398,$117,$0,$117,$32,$85,$85,$84,$0,$0,$103,103,$0.81,$0.81,$2398,$0,$0,$25238,$527,$6913,$890,$2578,$10909,$36147,$29877,$0,$1018,$1020,$30897,$1,$1156,$-182,$5250,$36147,$85,$4,$-40,$-36,$-40,$177,$-12,$6,$130,$178,$-34,$0,$0,$263,$-404,$-142,$-184,$-359,$0,$-76,$-76,$2,$2,$-16,$318,$227,$46,$0,$-16
10,2015-12-31,26.84,$49.27,0.54,$20.58,1.3,$11.10,2.42,$8.65,3.1,$25.21B,$29.64B,0.85,$0.00B,$5.06B,0.0,$2.12B,$1.93B,90.86%,$2.12B,$0.42B,19.70%,$2.12B,0,0.00%,$2.12B,0,0.00%,$2.12B,$0.40B,18.80%,$2.12B,$0.89B,42.04%,$0.89B,$5.11B,18.31%,$0.89B,$4.21B,21.16%,$0.89B,$35.76B,2.48%,$0.42B,$5.11B,8.58%,$534,$49,$485,$0,$361,$412,$122,$-1,$121,$-17,$137,$137,$136,$0,$0,$103,103,$1.32,$1.32,$2615,$0,$0,$25208,$503,$6336,$896,$2820,$10554,$35762,$29636,$0,$1019,$1021,$30656,$1,$1088,$-257,$5105,$35762,$895,$-15,$-1017,$-1032,$-308,$1084,$1,$30,$807,$670,$-50,$-2,$714,$-358,$-269,$-627,$203,$238,$0,$-1118,$-1118,$5,$5,$-19,$206,$-926,$-17,$0,$-19
11,2015-09-30,28.47,$48.76,0.58,$20.22,1.41,$13.21,2.15,$7.83,3.64,$25.75B,$29.48B,0.87,$0.00B,$5.00B,0.0,$2.08B,$1.87B,89.92%,$2.08B,$0.36B,17.38%,$2.08B,0,0.00%,$2.08B,0,0.00%,$2.08B,$0.33B,15.84%,$2.08B,$0.80B,38.60%,$0.80B,$5.05B,17.25%,$0.80B,$4.47B,19.77%,$0.80B,$35.53B,2.28%,$0.36B,$5.05B,7.77%,$532,$51,$482,$0,$370,$424,$109,$-0,$108,$23,$86,$86,$85,$0,$0,$103,103,$0.82,$0.82,$2867,$0,$0,$25749,$495,$5986,$576,$2725,$9782,$35531,$29475,$0,$1005,$1006,$30481,$1,$993,$-190,$5050,$35531,$758,$-15,$-296,$-311,$-824,$783,$-11,$25,$-27,$421,$-41,$-2,$653,$-586,$278,$-309,$298,$599,$0,$-790,$-790,$2,$2,$-3,$-289,$-1080,$-61,$0,$-3
12,2015-06-30,27.05,$47.82,0.57,$20.15,1.34,$17.19,1.57,$7.61,3.55,$26.86B,$30.78B,0.87,$0.00B,$4.90B,0.0,$2.08B,$1.84B,88.69%,$2.08B,$0.32B,15.45%,$2.08B,0,0.00%,$2.08B,0,0.00%,$2.08B,$0.28B,13.53%,$2.08B,$0.78B,37.60%,$0.78B,$4.95B,17.46%,$0.78B,$4.37B,20.03%,$0.78B,$36.75B,2.24%,$0.32B,$4.95B,7.18%,$551,$48,$503,$0,$430,$481,$70,$-6,$64,$-534,$597,$597,$597,$0,$0,$103,103,$5.80,$5.79,$3954,$0,$0,$26860,$497,$6059,$580,$2754,$9890,$36750,$30777,$0,$1022,$1023,$31800,$1,$924,$-219,$4950,$36750,$672,$-13,$-349,$-362,$-593,$481,$0,$-6,$-117,$192,$-31,$-2,$717,$-1433,$145,$-1287,$368,$-236,$0,$-525,$-525,$1,$1,$-2,$746,$219,$176,$0,$-2
13,2015-03-31,32.23,$42.30,0.76,$19.52,1.65,$18.57,1.74,$-3.16,0.0,$26.11B,$30.17B,0.87,$0.00B,$4.33B,0.0,$2.01B,$1.34B,66.77%,$2.01B,$-0.08B,-3.88%,$2.01B,0,0.00%,$2.01B,0,0.00%,$2.01B,$-0.12B,-5.82%,$2.01B,$-0.33B,-16.32%,$-0.33B,$4.38B,-7.63%,$-0.33B,$3.81B,-8.85%,$-0.33B,$35.63B,-0.94%,$-0.08B,$4.38B,-1.81%,$505,$47,$458,$0,$340,$389,$117,$-11,$106,$33,$73,$73,$74,$0,$0,$103,103,$0.72,$0.72,$2937,$0,$0,$26108,$492,$5962,$567,$2495,$9517,$35625,$30165,$0,$1081,$1083,$31248,$1,$328,$-194,$4377,$35625,$75,$-5,$80,$75,$-281,$178,$-10,$-46,$-160,$-10,$-7,$-2,$711,$-485,$138,$-346,$165,$520,$0,$-661,$-661,$0,$0,$-1,$266,$-395,$115,$0,$-1
14,2014-12-31,31.91,$41.24,0.77,$19.61,1.63,$20.24,1.58,$-3.05,0.0,$23.79B,$27.81B,0.86,$0.00B,$4.22B,0.0,$2.02B,$1.33B,65.89%,$2.02B,$-0.11B,-5.20%,$2.02B,0,0.00%,$2.02B,0,0.00%,$2.02B,$-0.13B,-6.58%,$2.02B,$-0.32B,-15.69%,$-0.32B,$4.27B,-7.22%,$-0.32B,$3.62B,-8.50%,$-0.32B,$33.10B,-0.90%,$-0.11B,$4.27B,-2.39%,$495,$65,$430,$0,$362,$429,$66,$-14,$52,$12,$40,$40,$48,$0,$0,$103,103,$0.47,$0.47,$2342,$0,$0,$23793,$495,$5580,$652,$2576,$9303,$33097,$27812,$0,$1012,$1017,$28829,$1,$254,$-230,$4267,$33097,$-313,$522,$-329,$193,$-264,$1105,$-1,$153,$994,$873,$-37,$0,$-212,$-964,$346,$-618,$892,$25,$0,$-1045,$-1045,$-1,$-1,$-4,$109,$-941,$-42,$0,$-4
15,2014-09-30,27.59,$41.55,0.66,$20.43,1.35,$19.78,1.39,$-1.98,0.0,$23.10B,$27.84B,0.83,$0.00B,$4.25B,0.0,$2.11B,$1.42B,67.19%,$2.11B,$-0.00B,-0.19%,$2.11B,0,0.00%,$2.11B,0,0.00%,$2.11B,$-0.02B,-0.85%,$2.11B,$-0.20B,-9.64%,$-0.20B,$4.30B,-4.53%,$-0.20B,$3.80B,-5.39%,$-0.20B,$34.10B,-0.57%,$-0.00B,$4.30B,-0.09%,$526,$75,$451,$0,$381,$458,$68,$-8,$59,$27,$33,$33,$62,$0,$0,$103,103,$0.60,$0.60,$1520,$0,$0,$23100,$497,$6002,$499,$2872,$10999,$34099,$27842,$0,$852,$1959,$29801,$1,$229,$-150,$4298,$34099,$-362,$528,$332,$860,$-705,$883,$-12,$154,$320,$817,$-27,$0,$-234,$-195,$-178,$-373,$616,$-18,$0,$-674,$-674,$-2,$-2,$-3,$-212,$-891,$-92,$0,$-3
16,2014-06-30,32.03,$41.17,0.78,$22.06,1.45,$18.12,1.77,$-0.36,0.0,$24.22B,$29.37B,0.83,$0.00B,$4.21B,0.0,$2.27B,$1.58B,69.60%,$2.27B,$0.17B,7.52%,$2.27B,0,0.00%,$2.27B,0,0.00%,$2.27B,$0.17B,7.30%,$2.27B,$-0.04B,-1.63%,$-0.04B,$4.26B,-0.82%,$-0.04B,$3.61B,-1.00%,$-0.04B,$36.59B,-0.10%,$0.17B,$4.26B,3.79%,$484,$481,$3,$0,$331,$813,$-329,$-5,$-334,$-4,$-330,$-330,$-512,$0,$0,$103,103,$-4.98,$-4.98,$2375,$0,$0,$24219,$492,$5936,$653,$3459,$12369,$36588,$29367,$0,$881,$2960,$32327,$1,$168,$-130,$4260,$36588,$-425,$540,$222,$762,$-461,$460,$1,$-21,$-22,$315,$-12,$0,$0,$-808,$-111,$-920,$353,$-579,$0,$-31,$-31,$2,$2,$-2,$253,$222,$-42,$0,$-2
17,2014-03-31,29.04,$45.87,0.63,$24.16,1.2,$19.09,1.52,$7.81,3.72,$26.31B,$30.98B,0.85,$0.00B,$4.70B,0.0,$2.49B,$2.20B,88.43%,$2.49B,$0.58B,23.09%,$2.49B,0,0.00%,$2.49B,0,0.00%,$2.49B,$0.58B,23.09%,$2.49B,$0.80B,32.21%,$0.80B,$4.75B,17.86%,$0.80B,$3.90B,21.81%,$0.80B,$36.74B,2.21%,$0.58B,$4.75B,12.81%,$515,$68,$447,$0,$355,$425,$90,$0,$90,$23,$67,$67,$85,$0,$0,$103,103,$0.83,$0.83,$2370,$0,$0,$26306,$514,$6074,$847,$3003,$10438,$36744,$30981,$0,$1017,$1017,$31998,$1,$680,$-156,$4746,$36744,$86,$-25,$110,$85,$-223,$219,$-3,$-4,$-11,$160,$-5,$0,$0,$-764,$-143,$-907,$85,$-826,$0,$70,$70,$2,$2,$-1,$560,$631,$-35,$0,$-1
18,2013-12-31,26.93,$44.74,0.6,$23.68,1.14,$19.79,1.36,$5.80,4.64,$25.69B,$30.36B,0.85,$0.00B,$4.58B,0.0,$2.44B,$2.14B,87.54%,$2.44B,$0.31B,12.63%,$2.44B,0,0.00%,$2.44B,0,0.00%,$2.44B,$0.31B,12.63%,$2.44B,$0.60B,24.44%,$0.60B,$4.63B,13.87%,$0.60B,$3.77B,16.93%,$0.60B,$35.75B,1.64%,$0.31B,$4.63B,7.17%,$581,$66,$514,$0,$346,$414,$167,$0,$167,$25,$141,$141,$162,$0,$0,$103,103,$1.58,$1.57,$1621,$0,$0,$25688,$520,$5617,$854,$3071,$10062,$35749,$30356,$0,$767,$767,$31123,$1,$594,$-189,$4626,$35749,$599,$-21,$53,$32,$-1227,$1431,$-2,$-13,$188,$819,$-28,$-0,$0,$227,$457,$684,$-353,$303,$0,$-818,$-818,$6,$6,$-4,$-323,$-1138,$-16,$0,$-4
19,2013-09-30,24.6,$42.52,0.58,$22.67,1.08,$16.88,1.46,$5.04,4.88,$25.65B,$30.56B,0.84,$0.00B,$4.34B,0.0,$2.33B,$2.03B,86.80%,$2.33B,$0.21B,8.87%,$2.33B,0,0.00%,$2.33B,0,0.00%,$2.33B,$0.21B,8.87%,$2.33B,$0.52B,22.16%,$0.52B,$4.39B,12.41%,$0.52B,$3.54B,15.25%,$0.52B,$36.05B,1.41%,$0.21B,$4.39B,4.97%,$693,$75,$618,$0,$372,$449,$243,$0,$243,$18,$226,$226,$228,$0,$0,$103,103,$2.22,$2.22,$1669,$0,$0,$25654,$520,$5476,$856,$3547,$10398,$36052,$30559,$0,$1099,$1099,$31658,$1,$445,$-257,$4394,$36052,$436,$-4,$11,$8,$-976,$1193,$-9,$-17,$191,$635,$-18,$-0,$0,$124,$322,$446,$-201,$227,$0,$-292,$-292,$5,$5,$-3,$-642,$-933,$-71,$0,$-3
20,2013-06-30,28.46,$40.62,0.7,$21.48,1.33,$13.43,2.12,$3.27,8.7,$26.03B,$31.45B,0.83,$0.00B,$4.15B,0.0,$2.21B,$1.88B,85.36%,$2.21B,$0.03B,1.22%,$2.21B,0,0.00%,$2.21B,0,0.00%,$2.21B,$0.03B,1.22%,$2.21B,$0.34B,15.19%,$0.34B,$4.20B,8.20%,$0.34B,$3.50B,10.13%,$0.34B,$36.69B,0.91%,$0.03B,$4.20B,0.66%,$701,$78,$623,$0,$546,$627,$75,$0,$75,$-237,$312,$312,$327,$0,$0,$103,103,$3.18,$3.17,$1754,$0,$0,$26031,$527,$5475,$697,$3954,$10653,$36685,$31454,$0,$1035,$1035,$32490,$1,$217,$-226,$4195,$36685,$207,$0,$82,$82,$-738,$858,$-3,$10,$128,$417,$-14,$-0,$0,$14,$24,$37,$-480,$-457,$0,$247,$247,$3,$3,$-2,$-260,$-11,$-51,$0,$-2
21,2013-03-31,25.87,$38.47,0.67,$20.04,1.29,$11.06,2.34,$0.71,36.43,$26.40B,$31.98B,0.83,$0.00B,$3.92B,0.0,$2.06B,$1.71B,83.27%,$2.06B,$-0.06B,-2.92%,$2.06B,0,0.00%,$2.06B,0,0.00%,$2.06B,$-0.06B,-2.92%,$2.06B,$0.07B,3.55%,$0.07B,$3.97B,1.81%,$0.07B,$3.27B,2.27%,$0.07B,$36.94B,0.20%,$-0.06B,$3.97B,-1.48%,$464,$84,$380,$0,$555,$641,$-177,$0,$-177,$-57,$-120,$-120,$-121,$0,$0,$103,103,$-1.18,$-1.18,$1886,$0,$0,$26401,$533,$5661,$700,$3648,$10542,$36943,$31983,$0,$989,$989,$32972,$1,$-109,$-122,$3971,$36943,$-120,$0,$288,$288,$-357,$423,$-0,$1,$67,$235,$-8,$-0,$0,$-259,$-250,$-509,$-443,$-960,$0,$531,$531,$2,$2,$-1,$-4,$528,$-197,$0,$-1
22,2012-12-31,19.48,$39.84,0.49,$21.03,0.93,$11.19,1.74,$2.39,8.15,$26.33B,$31.43B,0.84,$0.00B,$4.06B,0.0,$2.16B,$1.79B,83.16%,$2.16B,$0.18B,8.44%,$2.16B,0,0.00%,$2.16B,0,0.00%,$2.16B,$0.18B,8.44%,$2.16B,$0.24B,11.18%,$0.24B,$4.11B,5.96%,$0.24B,$3.25B,7.58%,$0.24B,$36.51B,0.66%,$0.18B,$4.11B,4.50%,$475,$71,$404,$0,$338,$409,$66,$0,$66,$20,$46,$46,$83,$0,$0,$102,103,$0.82,$0.81,$1839,$0,$0,$26328,$536,$5412,$856,$3375,$10179,$36508,$31431,$0,$966,$966,$32398,$1,$12,$-103,$4110,$36508,$245,$52,$232,$284,$-1326,$1388,$-9,$-58,$-5,$524,$-35,$-2,$1,$291,$436,$727,$-454,$237,$0,$108,$108,$9,$9,$-4,$-970,$-857,$-96,$0,$-4
23,2012-09-30,16.35,$39.47,0.41,$22.97,0.71,$12.70,1.29,$1.58,10.35,$25.86B,$31.34B,0.83,$0.00B,$4.02B,0.0,$2.35B,$1.95B,82.96%,$2.35B,$0.12B,5.06%,$2.35B,0,0.00%,$2.35B,0,0.00%,$2.35B,$0.12B,5.06%,$2.35B,$0.16B,6.80%,$0.16B,$4.07B,4.01%,$0.16B,$3.21B,5.11%,$0.16B,$36.50B,0.43%,$0.12B,$4.07B,2.98%,$566,$91,$476,$0,$411,$504,$63,$0,$63,$15,$47,$47,$46,$0,$0,$102,102,$0.45,$0.45,$1630,$0,$0,$25864,$526,$5456,$863,$3795,$10640,$36503,$31337,$0,$1098,$1098,$32434,$1,$-54,$-59,$4069,$36503,$161,$51,$185,$236,$-935,$849,$-8,$-29,$-122,$275,$-14,$-2,$0,$451,$319,$769,$-169,$585,$0,$702,$702,$8,$8,$-2,$-1625,$-918,$-58,$0,$-2
24,2012-06-30,15.57,$39.11,0.4,$23.45,0.66,$10.32,1.51,$1.43,10.89,$26.16B,$31.04B,0.84,$0.00B,$3.97B,0.0,$2.40B,$1.97B,81.97%,$2.40B,$0.09B,3.71%,$2.40B,0,0.00%,$2.40B,0,0.00%,$2.40B,$0.09B,3.71%,$2.40B,$0.14B,5.87%,$0.14B,$4.02B,3.54%,$0.14B,$3.16B,4.53%,$0.14B,$36.61B,0.38%,$0.09B,$4.02B,2.24%,$551,$99,$452,$0,$461,$563,$-12,$0,$-12,$-78,$66,$66,$65,$0,$0,$102,102,$0.63,$0.63,$1883,$0,$0,$26163,$527,$5376,$863,$3683,$10449,$36612,$31035,$0,$1556,$1556,$32591,$1,$-100,$-57,$4021,$36612,$114,$61,$94,$155,$-569,$543,$-4,$-74,$-104,$165,$-6,$-1,$0,$426,$290,$717,$-31,$679,$0,$-336,$-336,$3,$3,$-2,$-529,$-863,$-20,$0,$-2
25,2012-03-31,19.21,$38.62,0.5,$24.25,0.79,$7.84,2.45,$1.90,10.11,$26.44B,$31.91B,0.83,$0.00B,$3.92B,0.0,$2.48B,$2.02B,81.22%,$2.48B,$0.17B,7.01%,$2.48B,0,0.00%,$2.48B,0,0.00%,$2.48B,$0.17B,7.01%,$2.48B,$0.19B,7.50%,$0.19B,$3.97B,4.69%,$0.19B,$3.10B,5.92%,$0.19B,$37.05B,0.49%,$0.17B,$3.97B,4.39%,$564,$102,$461,$0,$394,$499,$65,$0,$65,$16,$48,$48,$47,$0,$0,$102,102,$0.46,$0.46,$2181,$0,$0,$26440,$534,$5459,$866,$3751,$10609,$37049,$31906,$0,$1176,$1176,$33082,$10,$-165,$-44,$3967,$37049,$48,$35,$112,$147,$-253,$271,$-2,$28,$44,$239,$-0,$-0,$0,$72,$-135,$-63,$98,$35,$0,$408,$408,$2,$2,$-1,$-746,$-337,$-62,$0,$-1
26,2011-12-31,13.03,$38.20,0.34,$25.11,0.52,$4.90,2.66,$1.50,8.68,$26.85B,$32.24B,0.83,$0.00B,$3.87B,0.0,$2.57B,$2.06B,80.33%,$2.57B,$0.27B,10.36%,$2.57B,0,0.00%,$2.57B,0,0.00%,$2.57B,$0.27B,10.36%,$2.57B,$0.15B,5.77%,$0.15B,$3.92B,3.77%,$0.15B,$3.06B,4.78%,$0.15B,$37.35B,0.39%,$0.27B,$3.92B,6.78%,$672,$109,$563,$0,$557,$668,$3,$0,$3,$0,$3,$3,$2,$0,$0,$102,102,$0.01,$0.01,$2348,$0,$0,$26847,$538,$5315,$864,$3784,$10502,$37348,$32236,$0,$1194,$1194,$33430,$1,$-213,$-43,$3919,$37348,$151,$37,$511,$548,$-979,$1143,$-12,$-174,$-23,$677,$-35,$-2,$-1,$-397,$837,$441,$496,$899,$0,$-2676,$-2676,$7,$7,$-4,$1180,$-1493,$83,$0,$-4
27,2011-09-30,14.06,$39.17,0.36,$25.47,0.55,$-0.12,0.0,$-0.70,0.0,$27.03B,$33.27B,0.81,$0.00B,$3.96B,0.0,$2.51B,$1.96B,78.11%,$2.51B,$0.02B,0.96%,$2.51B,0,0.00%,$2.51B,0,0.00%,$2.51B,$0.02B,0.96%,$2.51B,$-0.27B,-10.89%,$-0.27B,$4.01B,-7.01%,$-0.27B,$3.14B,-8.90%,$-0.27B,$38.18B,-0.71%,$0.02B,$4.01B,0.62%,$614,$122,$492,$0,$456,$581,$33,$0,$33,$6,$28,$28,$27,$0,$0,$102,102,$0.26,$0.26,$2109,$0,$0,$27026,$537,$5529,$870,$4218,$11153,$38179,$33272,$0,$894,$894,$34166,$10,$-202,$56,$4013,$38179,$148,$13,$429,$442,$-769,$493,$-7,$-264,$-547,$43,$-26,$-1,$-1,$-290,$388,$98,$451,$522,$0,$-1645,$-1645,$5,$5,$-3,$1193,$-450,$115,$0,$-3
28,2011-06-30,25.87,$38.71,0.67,$32.65,0.79,$2.50,10.33,$3.80,6.81,$27.79B,$34.11B,0.82,$0.00B,$3.91B,0.0,$3.24B,$2.65B,81.76%,$3.24B,$0.59B,18.11%,$3.24B,0,0.00%,$3.24B,0,0.00%,$3.24B,$0.59B,18.11%,$3.24B,$0.19B,5.99%,$0.19B,$3.96B,4.95%,$0.19B,$3.26B,6.27%,$0.19B,$39.01B,0.49%,$0.59B,$3.96B,14.96%,$631,$132,$499,$0,$424,$558,$73,$0,$73,$-38,$111,$111,$110,$0,$0,$102,102,$1.07,$1.07,$2758,$0,$0,$27794,$538,$5694,$702,$4286,$11219,$39013,$34105,$0,$944,$944,$35049,$10,$-228,$35,$3964,$39013,$121,$-37,$204,$168,$-511,$319,$-1,$-221,$-414,$-80,$-16,$-1,$0,$-405,$-106,$-511,$356,$-171,$0,$-813,$-813,$4,$4,$-2,$1198,$387,$136,$0,$-2
29,2011-03-31,27.37,$37.18,0.74,$34.57,0.79,$6.67,4.1,$-0.20,0.0,$27.30B,$33.92B,0.81,$0.00B,$3.76B,0.0,$3.30B,$2.66B,80.70%,$3.30B,$0.50B,15.06%,$3.30B,0,0.00%,$3.30B,0,0.00%,$3.30B,$0.50B,15.06%,$3.30B,$0.04B,1.21%,$0.04B,$3.81B,1.04%,$0.04B,$2.93B,1.34%,$0.04B,$38.83B,0.10%,$0.50B,$3.81B,12.96%,$650,$142,$508,$0,$348,$492,$157,$0,$157,$147,$10,$10,$9,$0,$0,$102,102,$0.10,$0.10,$2061,$0,$0,$27300,$544,$6003,$871,$4111,$11529,$38830,$33924,$0,$1100,$1100,$35025,$10,$-338,$-13,$3805,$38830,$10,$-74,$195,$121,$-234,$206,$-4,$-167,$-199,$-51,$-11,$-0,$0,$18,$-478,$-461,$324,$-148,$0,$-224,$-224,$2,$2,$-1,$434,$211,$12,$0,$-1
30,2010-12-31,29.43,$37.16,0.79,$37.37,0.79,$9.73,3.03,$-1.60,0.0,$27.64B,$33.71B,0.82,$0.00B,$3.75B,0.0,$3.24B,$2.58B,79.82%,$3.24B,$0.25B,7.60%,$3.24B,0,0.00%,$3.24B,0,0.00%,$3.24B,$0.25B,7.60%,$3.24B,$-0.05B,-1.67%,$-0.05B,$3.80B,-1.54%,$-0.05B,$2.93B,-2.02%,$-0.05B,$38.82B,-0.14%,$0.25B,$3.80B,7.02%,$613,$153,$460,$0,$697,$852,$-239,$0,$-239,$-12,$-227,$-227,$-419,$0,$0,$89,89,$-1.32,$-1.32,$1978,$0,$0,$27644,$545,$5523,$873,$4230,$11171,$38815,$33709,$0,$1305,$1305,$35014,$10,$-347,$-6,$3801,$38815,$137,$-119,$432,$313,$-966,$721,$-30,$-13,$-287,$163,$-52,$-1,$904,$120,$1649,$1769,$1458,$4077,$0,$-4013,$-4013,$1101,$1101,$-0,$-1553,$-4465,$-225,$0,$-0
31,2010-09-30,27.18,$40.29,0.67,$45.54,0.6,$23.16,1.17,$-2.70,0.0,$29.21B,$35.44B,0.82,$0.00B,$4.07B,0.0,$3.24B,$2.57B,79.28%,$3.24B,$0.30B,9.39%,$3.24B,0,0.00%,$3.24B,0,0.00%,$3.24B,$0.28B,8.61%,$3.24B,$-0.52B,-16.05%,$-0.52B,$4.12B,-16.30%,$-0.52B,$3.25B,-21.90%,$-0.52B,$40.73B,-1.37%,$0.30B,$4.12B,9.53%,$1347,$165,$1183,$0,$584,$751,$596,$0,$596,$102,$494,$494,$494,$0,$0,$102,102,$4.80,$4.80,$3088,$0,$0,$29214,$532,$6114,$872,$3993,$11511,$40725,$35435,$0,$1170,$1170,$36605,$10,$-120,$86,$4120,$40725,$365,$-102,$100,$-2,$-663,$566,$-35,$32,$-100,$312,$-27,$-1,$904,$-925,$1101,$176,$1299,$2351,$0,$-3261,$-3261,$1102,$1102,$0,$-600,$-2759,$-97,$0,$0
32,2010-06-30,25.12,$35.35,0.71,$46.79,0.54,$36.30,0.69,$6.50,3.86,$29.94B,$37.66B,0.8,$0.00B,$3.57B,0.0,$2.51B,$1.82B,72.64%,$2.51B,$-0.41B,-16.23%,$2.51B,0,0.00%,$2.51B,0,0.00%,$2.51B,$-0.43B,-17.23%,$2.51B,$-0.42B,-16.67%,$-0.42B,$3.62B,-14.69%,$-0.42B,$2.86B,-20.05%,$-0.42B,$42.35B,-1.14%,$-0.41B,$3.62B,-14.30%,$691,$178,$513,$0,$528,$708,$-17,$0,$-17,$27,$-44,$-44,$-44,$0,$0,$85,85,$-2.80,$-2.80,$3591,$0,$0,$29935,$574,$6843,$755,$4240,$12413,$42348,$37660,$0,$1073,$1073,$38733,$10,$-614,$74,$3615,$42348,$-130,$-17,$449,$432,$-410,$397,$-18,$-12,$-42,$293,$-18,$-0,$261,$-1345,$369,$-975,$1017,$285,$0,$-410,$-410,$1102,$1102,$0,$-1202,$-511,$67,$0,$0
33,2010-03-31,27.27,$38.89,0.7,$63.41,0.43,$47.59,0.57,$2.00,13.64,$24.02B,$30.40B,0.79,$0.00B,$2.44B,0.0,$2.51B,$1.82B,72.30%,$2.51B,$-0.56B,-22.32%,$2.51B,0,0.00%,$2.51B,0,0.00%,$2.51B,$-0.59B,-23.32%,$2.51B,$-0.58B,-23.16%,$-0.58B,$2.49B,-21.82%,$-0.58B,$1.67B,-30.14%,$-0.58B,$33.83B,-1.65%,$-0.56B,$2.49B,-21.03%,$585,$158,$427,$0,$519,$679,$-94,$0,$-94,$-9,$-85,$-85,$-85,$0,$0,$64,64,$-1.30,$-1.30,$1977,$0,$0,$24016,$579,$6902,$819,$1515,$9816,$33832,$30404,$0,$941,$941,$31345,$6,$-378,$4,$2487,$33832,$-85,$30,$211,$241,$-198,$222,$-16,$-15,$-7,$165,$-8,$-0,$0,$-2,$176,$174,$398,$564,$0,$-250,$-250,$-0,$-0,$0,$-565,$-815,$-85,$0,$0
34,2009-12-31,21.18,$39.70,0.53,$83.49,0.25,$45.86,0.46,$0.60,35.3,$24.69B,$31.21B,0.79,$0.00B,$2.49B,0.0,$2.75B,$2.00B,72.57%,$2.75B,$-0.54B,-19.51%,$2.75B,0,0.00%,$2.75B,0,0.00%,$2.75B,$-0.56B,-20.42%,$2.75B,$-0.57B,-20.86%,$-0.57B,$2.54B,-20.30%,$-0.57B,$1.72B,-26.92%,$-0.57B,$34.74B,-1.59%,$-0.54B,$2.54B,-18.99%,$616,$171,$445,$0,$623,$797,$-181,$0,$-206,$7,$-213,$-213,$-885,$0,$0,$41,41,$-1.50,$-1.50,$2143,$0,$0,$24685,$585,$7072,$818,$1576,$10051,$34736,$31214,$0,$984,$984,$32198,$6,$-293,$-29,$2539,$34736,$-574,$145,$1083,$1229,$-1374,$1542,$-48,$-223,$-103,$629,$-29,$-1,$0,$-208,$1434,$1226,$1459,$2654,$0,$-1669,$-1669,$-0,$-0,$-71,$-1651,$-3391,$-108,$0,$-71
35,2009-09-30,26.52,$42.88,0.62,$92.69,0.29,$72.85,0.36,$-21.60,0.0,$25.42B,$31.84B,0.8,$0.00B,$2.69B,0.0,$2.82B,$1.98B,70.31%,$2.82B,$-0.66B,-23.45%,$2.82B,0,0.00%,$2.82B,0,0.00%,$2.82B,$-0.68B,-23.94%,$2.82B,$-0.41B,-14.44%,$-0.41B,$2.74B,-13.52%,$-0.41B,$2.09B,-17.62%,$-0.41B,$35.64B,-1.09%,$-0.66B,$2.74B,-21.96%,$615,$178,$436,$0,$549,$730,$-115,$0,$-115,$6,$-122,$-122,$596,$0,$0,$43,43,$14.00,$14.00,$2152,$0,$0,$25416,$590,$7381,$653,$1598,$10222,$35638,$31844,$0,$1052,$1052,$32895,$6,$-70,$-39,$2742,$35638,$-361,$124,$662,$787,$-1069,$1302,$-58,$96,$272,$698,$-20,$-1,$0,$-304,$1142,$837,$1062,$1879,$0,$-1491,$-1491,$-0,$-0,$-71,$-1192,$-2755,$-178,$0,$-71
36,2009-06-30,20.62,$102.81,0.2,$104.67,0.2,$85.80,0.24,$-59.80,0.0,$25.94B,$32.50B,0.8,$0.00B,$1.41B,0.0,$2.95B,$2.06B,69.83%,$2.95B,$-0.61B,-20.67%,$2.95B,0,0.00%,$2.95B,0,0.00%,$2.95B,$-0.62B,-21.14%,$2.95B,$-1.68B,-57.11%,$-1.68B,$2.90B,-54.70%,$-1.68B,$2.24B,-71.01%,$-1.68B,$36.50B,-4.39%,$-0.61B,$2.90B,-19.79%,$697,$188,$509,$0,$678,$868,$-171,$0,$-171,$5,$-177,$-177,$-208,$0,$0,$28,28,$-7.40,$-7.40,$2101,$0,$0,$25939,$614,$7781,$656,$1505,$10559,$36499,$32501,$0,$1084,$1098,$33599,$3,$-659,$-117,$2900,$36499,$-236,$61,$421,$482,$-799,$911,$-30,$110,$191,$438,$-29,$-1,$0,$-157,$654,$497,$1033,$1500,$0,$-1356,$-1356,$-0,$-0,$-71,$-634,$-2061,$-123,$0,$-71
37,2009-03-31,20.24,$111.05,0.18,$108.48,0.19,$73.56,0.28,$-51.80,0.0,$27.32B,$33.46B,0.82,$0.00B,$1.65B,0.0,$3.05B,$2.12B,69.32%,$3.05B,$-0.39B,-12.82%,$3.05B,0,0.00%,$3.05B,0,0.00%,$3.05B,$-0.41B,-13.27%,$3.05B,$-1.46B,-47.75%,$-1.46B,$3.13B,-44.44%,$-1.46B,$2.48B,-56.86%,$-1.46B,$37.71B,-3.67%,$-0.39B,$3.13B,-11.93%,$824,$217,$607,$0,$674,$893,$-70,$0,$-70,$-27,$-43,$-43,$-77,$0,$0,$28,28,$-2.70,$-2.70,$2826,$0,$0,$27315,$624,$7505,$657,$1596,$10395,$37709,$33460,$0,$1105,$1117,$34578,$1692,$-451,$-91,$3132,$37709,$-53,$30,$142,$171,$-377,$212,$-14,$100,$-78,$41,$-20,$-0,$0,$-631,$943,$312,$658,$950,$0,$-633,$-633,$-0,$-0,$-43,$-397,$-1072,$-82,$0,$-43
38,2008-12-31,47.93,$115.90,0.41,$110.52,0.43,$68.96,0.7,$-45.50,0.0,$27.61B,$34.49B,0.8,$0.00B,$1.79B,0.0,$3.10B,$2.11B,67.94%,$3.10B,$-0.21B,-6.60%,$3.10B,0,0.00%,$3.10B,0,0.00%,$3.10B,$-0.22B,-7.06%,$3.10B,$-1.28B,-41.24%,$-1.28B,$3.27B,-38.06%,$-1.28B,$2.43B,-48.54%,$-1.28B,$38.88B,-3.15%,$-0.21B,$3.27B,-6.10%,$683,$253,$430,$0,$720,$988,$-305,$0,$-319,$309,$-628,$-628,$-718,$0,$0,$28,28,$-25.50,$-25.50,$2226,$0,$0,$27612,$621,$8437,$839,$1362,$11271,$38883,$34494,$0,$1096,$1121,$35614,$1774,$-374,$-29,$3268,$38883,$-1244,$169,$1681,$1851,$-1099,$1754,$-58,$38,$636,$1258,$-86,$-42,$0,$212,$1101,$1313,$1495,$2680,$0,$-4371,$-4371,$17,$1342,$-189,$-754,$-3972,$-34,$1,$-189
39,2008-09-30,75.99,$106.76,0.71,$107.15,0.71,$50.99,1.49,$-30.60,0.0,$27.79B,$36.39B,0.76,$0.00B,$2.42B,0.0,$3.01B,$2.17B,72.12%,$3.01B,$0.07B,2.20%,$3.01B,0,0.00%,$3.01B,0,0.00%,$3.01B,$0.06B,1.83%,$3.01B,$-0.86B,-28.58%,$-0.86B,$3.01B,-24.96%,$-0.86B,$2.33B,-31.80%,$-0.86B,$40.39B,-2.04%,$0.07B,$3.01B,1.92%,$743,$231,$512,$0,$571,$806,$-63,$0,$-63,$148,$-211,$-211,$-680,$0,$0,$28,28,$-24.20,$-24.20,$1938,$0,$0,$27793,$620,$8518,$676,$1815,$12598,$40390,$36391,$0,$811,$992,$37383,$1772,$384,$-92,$3007,$40390,$-541,$159,$899,$1058,$-917,$1604,$-49,$-279,$359,$876,$-63,$-4,$0,$697,$750,$1447,$1092,$2472,$0,$-2832,$-2832,$15,$405,$-155,$-401,$-2983,$365,$1,$-155
40,2008-06-30,59.8,$131.89,0.45,$110.31,0.54,$40.46,1.48,$-5.20,0.0,$29.26B,$37.12B,0.79,$0.00B,$3.12B,0.0,$3.09B,$2.17B,70.06%,$3.09B,$0.23B,7.51%,$3.09B,0,0.00%,$3.09B,0,0.00%,$3.09B,$0.22B,7.15%,$3.09B,$-0.15B,-4.72%,$-0.15B,$3.71B,-4.01%,$-0.15B,$3.01B,-5.08%,$-0.15B,$41.68B,-0.33%,$0.23B,$3.71B,6.37%,$801,$235,$566,$0,$517,$754,$47,$0,$47,$-13,$59,$59,$18,$0,$0,$28,28,$0.60,$0.60,$2285,$0,$0,$29264,$633,$8176,$693,$2913,$12415,$41679,$37116,$0,$857,$857,$37973,$1768,$1086,$-90,$3706,$41679,$128,$109,$229,$338,$-714,$732,$-53,$-288,$-323,$142,$-78,$-3,$0,$109,$1110,$1219,$1164,$2301,$0,$-1477,$-1477,$10,$400,$-99,$-1199,$-2374,$69,$1,$-99
41,2008-03-31,104.02,$123.75,0.84,$117.14,0.89,$46.33,2.25,$-3.20,0.0,$29.81B,$37.36B,0.8,$0.00B,$3.29B,0.0,$3.28B,$2.17B,66.34%,$3.28B,$0.28B,8.67%,$3.28B,0,0.00%,$3.28B,0,0.00%,$3.28B,$0.27B,8.33%,$3.28B,$-0.09B,-2.81%,$-0.09B,$3.47B,-2.53%,$-0.09B,$2.77B,-3.22%,$-0.09B,$41.82B,-0.20%,$0.28B,$3.47B,7.80%,$877,$276,$601,$0,$482,$761,$116,$0,$116,$17,$99,$99,$100,$0,$0,$28,28,$3.60,$3.60,$2246,$0,$0,$29813,$640,$8287,$698,$2385,$12009,$41822,$37359,$0,$991,$991,$38350,$1765,$1113,$44,$3472,$41822,$103,$56,$83,$139,$-346,$134,$-21,$-50,$-283,$-41,$-68,$-2,$0,$105,$1080,$1185,$1359,$2475,$0,$-1081,$-1081,$5,$5,$-48,$-1347,$-2470,$-36,$0,$-48
42,2007-12-31,93.16,$127.91,0.73,$122.60,0.76,$43.20,2.16,$-2.70,0.0,$31.96B,$39.90B,0.8,$0.00B,$3.40B,0.0,$3.43B,$2.18B,63.63%,$3.43B,$0.30B,8.84%,$3.43B,0,0.00%,$3.43B,0,0.00%,$3.43B,$0.29B,8.52%,$3.43B,$-0.08B,-2.22%,$-0.08B,$3.58B,-2.05%,$-0.08B,$2.69B,-2.62%,$-0.08B,$44.41B,-0.16%,$0.30B,$3.58B,8.18%,$585,$96,$489,$0,$309,$619,$-34,$0,$-45,$27,$-71,$-71,$-297,$0,$0,$28,28,$-10.60,$-10.60,$2593,$0,$0,$31956,$588,$9216,$897,$1755,$12456,$44411,$39895,$0,$934,$934,$40830,$1762,$1319,$-47,$3582,$44411,$-64,$473,$264,$737,$-1176,$1223,$5,$-20,$32,$704,$-41,$-27,$720,$-639,$1300,$661,$-889,$424,$0,$-3976,$-3976,$18,$18,$-191,$2890,$-1259,$-131,$2,$-191
43,2007-09-30,106.21,$136.04,0.78,$113.72,0.93,$50.11,2.12,$9.90,10.73,$34.73B,$42.62B,0.82,$0.00B,$3.62B,0.0,$3.18B,$2.04B,64.34%,$3.18B,$0.51B,16.05%,$3.18B,0,0.00%,$3.18B,0,0.00%,$3.18B,$0.51B,16.05%,$3.18B,$0.28B,8.75%,$0.28B,$3.80B,7.48%,$0.28B,$3.03B,9.58%,$0.28B,$47.28B,0.59%,$0.51B,$3.80B,13.73%,$827,$318,$509,$0,$403,$723,$103,$0,$103,$23,$80,$80,$33,$0,$0,$28,28,$1.20,$1.20,$2006,$0,$0,$34727,$581,$9337,$769,$1866,$12553,$47280,$42619,$0,$858,$858,$43476,$1758,$1689,$-161,$3804,$47280,$230,$189,$162,$351,$-1086,$1003,$5,$52,$-27,$553,$-40,$-26,$-2,$-267,$1069,$802,$-1030,$-296,$0,$-2519,$-2519,$12,$12,$-143,$2151,$-498,$-241,$1,$-143
44,2007-06-30,137.14,$132.36,1.04,$119.04,1.15,$71.91,1.91,$11.50,11.93,$34.20B,$42.50B,0.81,$0.00B,$3.51B,0.0,$3.32B,$2.07B,62.23%,$3.32B,$0.52B,15.56%,$3.32B,0,0.00%,$3.32B,0,0.00%,$3.32B,$0.52B,15.56%,$3.32B,$0.32B,9.75%,$0.32B,$3.70B,8.82%,$0.32B,$2.93B,11.35%,$0.32B,$46.99B,0.69%,$0.52B,$3.70B,14.08%,$988,$413,$575,$0,$473,$890,$99,$0,$99,$24,$75,$75,$72,$0,$0,$28,28,$2.60,$2.60,$2014,$0,$0,$34201,$588,$9564,$771,$1862,$12784,$46985,$42495,$0,$794,$794,$43288,$1756,$1701,$-275,$3697,$46985,$194,$128,$60,$187,$-691,$646,$-14,$-67,$-126,$255,$-28,$-24,$-2,$-207,$674,$467,$-280,$134,$0,$-1427,$-1427,$8,$8,$-95,$937,$-577,$-188,$1,$-95
45,2007-03-31,140.0,$133.88,1.05,$117.63,1.19,$86.97,1.61,$12.30,11.38,$34.38B,$42.58B,0.81,$0.00B,$3.55B,0.0,$3.28B,$2.04B,62.27%,$3.28B,$0.54B,16.40%,$3.28B,0,0.00%,$3.28B,0,0.00%,$3.28B,$0.54B,16.40%,$3.28B,$0.35B,10.55%,$0.35B,$3.74B,9.57%,$0.35B,$2.96B,12.36%,$0.35B,$47.17B,0.73%,$0.54B,$3.74B,14.89%,$1026,$419,$607,$0,$469,$890,$135,$0,$135,$17,$119,$119,$116,$0,$0,$28,28,$4.10,$4.10,$2042,$0,$0,$34381,$591,$9719,$774,$1700,$12784,$47165,$42581,$0,$847,$847,$43428,$1755,$1674,$-204,$3736,$47165,$119,$63,$-22,$41,$-727,$346,$-0,$38,$-343,$-183,$-12,$-1,$-2,$-272,$617,$345,$93,$423,$0,$-691,$-691,$4,$4,$-48,$298,$-436,$-197,$0,$-48
46,2006-12-31,150.3,$129.88,1.16,$115.77,1.3,$121.53,1.24,$12.40,12.12,$33.85B,$42.97B,0.79,$0.00B,$3.43B,0.0,$3.23B,$2.03B,62.77%,$3.23B,$0.56B,17.33%,$3.23B,0,0.00%,$3.23B,0,0.00%,$3.23B,$0.56B,17.33%,$3.23B,$0.35B,10.73%,$0.35B,$3.62B,9.74%,$0.35B,$2.68B,12.63%,$0.35B,$47.40B,0.72%,$0.56B,$3.62B,15.74%,$336,$-17,$353,$0,$177,$163,$173,$0,$173,$52,$122,$122,$57,$0,$0,$28,28,$2.00,$2.00,$1634,$0,$0,$33849,$595,$10240,$940,$1780,$13555,$47404,$42972,$0,$811,$812,$43784,$1753,$1594,$-234,$3620,$47404,$358,$328,$235,$563,$-1423,$1369,$32,$-30,$-51,$870,$-17,$-24,$-3,$381,$1915,$2297,$-958,$1295,$0,$-3789,$-3789,$55,$55,$-188,$1790,$-2133,$44,$3,$-188
