,Date,Stock Price,Book Value per Share,Price to Book Ratio,TTM Sales per Share,Price to Sales Ratio,TTM FCF per Share,Price to FCF Ratio,TTM Net EPS,PE Ratio,Current Assets,Current Liabilities,Current Ratio,Long Term Debt,Shareholder's Equity_x,Debt to Equity Ratio,TTM Revenue_x,TTM Gross Profit,Gross Margin,TTM Revenue_y,TTM Operating Income,Operating Margin,TTM Revenue_x,TTM EBIT,EBIT Margin,TTM Revenue_y,TTM EBITDA,EBITDA Margin,TTM Revenue_x,TTM Pre-Tax Income,Pre-Tax Margin,TTM Revenue_y,TTM Net Income_x,Net Margin,TTM Net Income_y,Shareholder's Equity_y,Return on Equity,TTM Net Income_x,Tangible Equity,Return on Tangible Equity,TTM Net Income_y,Total Assets,Return on Assets,TTM Net Income,LT Investments & Debt,Return on Investment,revenue,cost-goods-sold,gross-profit,research-development-expenses,selling-general-administrative-expenses,operating-expenses,operating-income,total-non-operating-income-expense,pre-tax-income,total-provision-income-taxes,income-after-taxes,income-from-continuous-operations,net-income,ebitda,ebit,basic-shares-outstanding,shares-outstanding,eps-basic-net-earnings-per-share,eps-earnings-per-share-diluted,cash-on-hand,inventory,other-current-assets,total-current-assets,net-property-plant-equipment,long-term-investments,goodwill-intangible-assets-total,other-long-term-assets,total-long-term-assets,total-assets,total-current-liabilities,long-term-debt,other-non-current-liabilities,total-long-term-liabilities,total-liabilities,common-stock-net,retained-earnings-accumulated-deficit,comprehensive-income,total-share-holder-equity,total-liabilities-share-holders-equity,net-income-loss,total-depreciation-amortization-cash-flow,other-non-cash-items,total-non-cash-items,change-in-accounts-receivable,change-in-inventories,change-in-accounts-payable,change-in-assets-liabilities,total-change-in-assets-liabilities,cash-flow-from-operating-activities,net-change-in-property-plant-equipment,net-change-in-intangible-assets,net-acquisitions-divestitures,net-change-in-short-term-investments,net-change-in-long-term-investments,net-change-in-investments-total,investing-activities-other,cash-flow-from-investing-activities,net-long-term-debt,net-current-debt,debt-issuance-retirement-net-total,net-common-equity-issued-repurchased,net-total-equity-issued-repurchased,total-common-preferred-stock-dividends-paid,financial-activities-other,cash-flow-from-financial-activities,net-cash-flow,stock-based-compensation,common-stock-dividends-paid
0,2018-09-30,16.35,$7.05,2.32,$10.67,1.53,$4.26,3.84,$0.64,25.55,$0.06B,$0.04B,1.63,$0.01B,$0.14B,0.07,$0.21B,$0.07B,33.17%,$0.21B,$0.01B,3.85%,$0.21B,$0.01B,3.85%,$0.21B,$0.02B,9.13%,$0.21B,$0.01B,3.85%,$0.21B,$0.01B,5.77%,$0.01B,$0.14B,8.97%,$0.01B,$0.10B,12.00%,$0.01B,$0.20B,6.05%,$0.01B,$0.15B,5.37%,$53,$36,$17,$0,$17,$53,$-0,$-0,$-0,$-0,$0,$0,$0,$3,$-0,$19,20,$0.00,$0.00,$12,$17,$1,$59,$104,$0,$33,$0,$137,$197,$36,$10,$2,$24,$60,$0,$-7,$0,$137,$197,$5,$8,$0,$8,$-1,$-3,$0,$2,$4,$17,$17,$0,$0,$0,$0,$0,$1,$17,$-23,$0,$-23,$0,$0,$0,$-0,$-22,$12,$1,$0
1,2018-06-30,20.65,$7.02,2.94,$10.88,1.9,$2.88,7.17,$0.73,28.29,$0.06B,$0.04B,1.57,$0.01B,$0.14B,0.07,$0.21B,$0.07B,33.49%,$0.21B,$0.01B,5.19%,$0.21B,$0.01B,5.19%,$0.21B,$0.02B,9.91%,$0.21B,$0.01B,5.19%,$0.21B,$0.01B,6.60%,$0.01B,$0.14B,10.77%,$0.01B,$0.10B,14.51%,$0.01B,$0.20B,6.93%,$0.01B,$0.15B,7.38%,$62,$40,$22,$0,$16,$56,$6,$-0,$6,$2,$4,$4,$4,$9,$6,$19,20,$0.23,$0.23,$6,$15,$2,$59,$105,$0,$33,$0,$138,$198,$38,$10,$2,$24,$62,$0,$-7,$-0,$136,$198,$5,$5,$-0,$5,$-9,$-0,$0,$2,$-1,$8,$19,$0,$0,$0,$0,$0,$1,$19,$-23,$0,$-23,$0,$0,$0,$-0,$-22,$5,$1,$0
2,2018-03-31,18.6,$6.79,2.74,$10.84,1.72,$1.88,9.91,$0.59,31.53,$0.05B,$0.03B,1.53,$0.01B,$0.13B,0.08,$0.21B,$0.07B,31.75%,$0.21B,$0.01B,3.79%,$0.21B,$0.01B,3.79%,$0.21B,$0.02B,8.06%,$0.21B,$0.01B,3.79%,$0.21B,$0.01B,5.69%,$0.01B,$0.13B,9.52%,$0.01B,$0.10B,12.94%,$0.01B,$0.19B,5.86%,$0.01B,$0.14B,5.41%,$47,$32,$15,$0,$15,$47,$0,$-0,$0,$0,$0,$0,$0,$3,$0,$19,19,$0.01,$0.01,$3,$16,$3,$50,$104,$0,$34,$0,$138,$188,$33,$10,$2,$24,$57,$0,$-12,$-0,$131,$188,$0,$3,$-1,$2,$-0,$-2,$0,$1,$0,$3,$21,$0,$0,$0,$0,$0,$1,$22,$-22,$0,$-22,$0,$0,$0,$0,$-22,$2,$0,$0
3,2017-12-31,19.2,$6.77,2.83,$10.70,1.79,$0.70,27.55,$0.49,39.18,$0.07B,$0.03B,2.21,$0.03B,$0.13B,0.25,$0.21B,$0.07B,31.25%,$0.21B,$0.01B,2.40%,$0.21B,$0.01B,2.40%,$0.21B,$0.01B,6.73%,$0.21B,$0.01B,2.40%,$0.21B,$0.01B,4.81%,$0.01B,$0.13B,8.15%,$0.01B,$0.10B,11.11%,$0.01B,$0.21B,4.81%,$0.01B,$0.16B,3.36%,$46,$31,$15,$0,$13,$44,$2,$-0,$2,$-6,$8,$8,$8,$4,$2,$19,19,$0.40,$0.40,$1,$14,$27,$69,$106,$0,$34,$0,$140,$210,$31,$33,$2,$47,$79,$0,$-11,$-0,$131,$210,$10,$10,$-3,$8,$-4,$6,$0,$-3,$-1,$17,$-18,$0,$0,$0,$-2,$-2,$0,$-20,$4,$0,$4,$0,$0,$0,$-0,$4,$0,$1,$0
4,2017-09-30,17.55,$6.34,2.77,$10.72,1.64,$0.35,50.78,$0.09,195.0,$0.07B,$0.05B,1.56,$0.02B,$0.12B,0.19,$0.21B,$0.06B,30.29%,$0.21B,$0.00B,1.92%,$0.21B,$0.00B,1.92%,$0.21B,$0.01B,6.25%,$0.21B,$0.00B,1.44%,$0.21B,$0.00B,0.96%,$0.00B,$0.12B,1.67%,$0.00B,$0.09B,2.29%,$0.00B,$0.21B,0.97%,$0.00B,$0.15B,2.75%,$57,$37,$19,$0,$16,$54,$3,$-0,$3,$1,$2,$2,$2,$5,$3,$19,19,$0.09,$0.09,$0,$18,$25,$72,$106,$0,$34,$0,$140,$212,$46,$24,$2,$44,$90,$0,$-19,$-0,$122,$212,$2,$8,$2,$10,$-5,$1,$0,$0,$11,$22,$-16,$0,$0,$0,$-2,$-2,$0,$-18,$-4,$0,$-4,$0,$0,$0,$-0,$-4,$-0,$1,$0
5,2017-06-30,16.85,$6.23,2.7,$10.66,1.58,$-0.47,0.0,$0.03,561.67,$0.07B,$0.05B,1.52,$0.02B,$0.12B,0.18,$0.21B,$0.06B,29.61%,$0.21B,$0.00B,0.97%,$0.21B,$0.00B,0.97%,$0.21B,$0.01B,5.83%,$0.21B,$0.00B,0.49%,$0.21B,$0.00B,0.49%,$0.00B,$0.12B,0.84%,$0.00B,$0.09B,1.15%,$0.00B,$0.21B,0.49%,$0.00B,$0.14B,1.37%,$61,$42,$18,$0,$16,$58,$3,$-0,$3,$1,$2,$2,$2,$5,$3,$19,19,$0.09,$0.09,$2,$15,$27,$72,$105,$0,$32,$0,$137,$209,$47,$22,$2,$42,$89,$0,$-21,$-0,$120,$209,$-0,$5,$1,$7,$-3,$3,$0,$-1,$6,$12,$-5,$0,$0,$0,$0,$0,$0,$-5,$-6,$0,$-6,$0,$0,$0,$0,$-6,$2,$1,$0
6,2017-03-31,13.35,$6.14,2.17,$10.77,1.24,$-1.45,0.0,$0.06,222.5,$0.05B,$0.04B,1.3,$0.03B,$0.12B,0.23,$0.21B,$0.06B,30.43%,$0.21B,$0.00B,1.45%,$0.21B,$0.00B,1.45%,$0.21B,$0.01B,6.76%,$0.21B,$0.00B,0.97%,$0.21B,$0.00B,0.48%,$0.00B,$0.12B,0.84%,$0.00B,$0.09B,1.16%,$0.00B,$0.20B,0.49%,$0.00B,$0.15B,2.04%,$44,$32,$13,$0,$15,$47,$-3,$-0,$-3,$-1,$-2,$-2,$-2,$0,$-3,$19,19,$-0.09,$-0.09,$0,$21,$4,$47,$120,$0,$32,$0,$153,$200,$36,$27,$2,$45,$82,$0,$-23,$-0,$118,$200,$-2,$3,$-1,$2,$2,$-2,$0,$-1,$3,$3,$-2,$0,$0,$0,$0,$0,$0,$-2,$-1,$0,$-1,$0,$0,$0,$0,$-1,$-0,$0,$0
7,2016-12-31,16.9,$6.21,2.72,$10.52,1.61,$-1.59,0.0,$-0.02,0.0,$0.05B,$0.03B,1.4,$0.03B,$0.12B,0.23,$0.20B,$0.06B,29.21%,$0.20B,$0.00B,0.50%,$0.20B,$0.00B,0.50%,$0.20B,$0.01B,5.45%,$0.20B,0,0.00%,$0.20B,0,0.00%,$0.00B,$0.12B,0.00%,$0.00B,$0.09B,0.00%,$0.00B,$0.20B,0.00%,$0.00B,$0.15B,0.68%,$46,$32,$13,$0,$13,$45,$1,$-0,$0,$0,$0,$0,$0,$3,$1,$19,19,$0.00,$0.00,$0,$19,$2,$46,$122,$0,$32,$0,$154,$200,$33,$28,$2,$48,$81,$0,$-21,$-0,$120,$200,$-0,$11,$2,$13,$-5,$-2,$0,$0,$-5,$7,$-16,$0,$0,$0,$0,$0,$-1,$-17,$9,$0,$9,$0,$0,$0,$-0,$9,$-0,$1,$0
8,2016-09-30,18.83,$6.17,3.05,$10.71,1.76,$-1.36,0.0,$0.05,376.6,$0.05B,$0.03B,1.44,$0.03B,$0.12B,0.24,$0.21B,$0.06B,29.76%,$0.21B,$0.00B,0.98%,$0.21B,$0.00B,0.98%,$0.21B,$0.01B,6.34%,$0.21B,$0.00B,0.98%,$0.21B,$0.00B,0.49%,$0.00B,$0.12B,0.85%,$0.00B,$0.09B,1.16%,$0.00B,$0.20B,0.50%,$0.00B,$0.15B,1.39%,$55,$38,$17,$0,$16,$54,$1,$-0,$1,$0,$1,$1,$1,$4,$1,$19,19,$0.03,$0.03,$0,$21,$2,$49,$122,$0,$32,$0,$155,$204,$34,$29,$2,$51,$85,$0,$-21,$-1,$119,$204,$-0,$8,$1,$9,$-5,$-3,$0,$1,$-6,$3,$-12,$0,$0,$0,$0,$0,$-1,$-13,$10,$0,$10,$0,$0,$0,$-0,$10,$-1,$1,$0
9,2016-06-30,11.52,$6.12,1.88,$10.70,1.08,$-0.93,0.0,$0.06,192.0,$0.06B,$0.04B,1.41,$0.03B,$0.12B,0.26,$0.21B,$0.06B,29.76%,$0.21B,$0.00B,0.98%,$0.21B,$0.00B,0.98%,$0.21B,$0.01B,6.34%,$0.21B,$0.00B,0.98%,$0.21B,$0.00B,0.49%,$0.00B,$0.12B,0.85%,$0.00B,$0.09B,1.16%,$0.00B,$0.21B,0.51%,$0.00B,$0.15B,1.43%,$62,$42,$20,$0,$17,$58,$4,$-0,$4,$2,$2,$2,$2,$7,$4,$19,19,$0.12,$0.12,$0,$23,$3,$56,$122,$0,$32,$0,$153,$209,$40,$30,$2,$52,$91,$0,$-21,$-1,$118,$209,$-1,$5,$-0,$5,$-8,$-5,$0,$0,$-6,$-2,$-9,$0,$0,$0,$0,$0,$0,$-9,$11,$0,$11,$0,$0,$0,$-0,$11,$-1,$0,$0
10,2016-03-31,8.23,$6.01,1.37,$10.52,0.78,$-0.56,0.0,$0.01,823.0,$0.05B,$0.03B,1.35,$0.03B,$0.12B,0.23,$0.20B,$0.06B,29.70%,$0.20B,0,0.00%,$0.20B,0,0.00%,$0.20B,$0.01B,5.45%,$0.20B,0,0.00%,$0.20B,0,0.00%,$0.00B,$0.12B,0.00%,$0.00B,$0.08B,0.00%,$0.00B,$0.20B,0.00%,$0.00B,$0.14B,0.00%,$39,$31,$9,$0,$14,$44,$-5,$-0,$-5,$-2,$-3,$-3,$-3,$-3,$-5,$19,19,$-0.17,$-0.17,$1,$20,$3,$45,$121,$0,$31,$0,$152,$197,$33,$27,$2,$48,$81,$0,$-24,$-1,$115,$197,$-3,$3,$-2,$1,$2,$-2,$0,$-1,$0,$-2,$0,$0,$0,$0,$0,$0,$-6,$-6,$8,$0,$8,$0,$0,$0,$0,$8,$0,$0,$0
11,2015-12-31,8.37,$6.19,1.35,$10.65,0.79,$-0.72,0.0,$0.12,69.75,$0.04B,$0.03B,1.34,$0.02B,$0.12B,0.16,$0.21B,$0.06B,30.24%,$0.21B,$0.00B,1.46%,$0.21B,$0.00B,1.46%,$0.21B,$0.01B,6.83%,$0.21B,$0.00B,1.46%,$0.21B,$0.00B,0.98%,$0.00B,$0.12B,1.72%,$0.00B,$0.09B,2.32%,$0.00B,$0.19B,1.06%,$0.00B,$0.14B,2.23%,$49,$34,$15,$0,$13,$47,$2,$-0,$2,$1,$1,$1,$1,$5,$2,$19,19,$0.07,$0.07,$1,$18,$2,$42,$117,$0,$31,$0,$148,$190,$32,$19,$1,$40,$72,$0,$-21,$-0,$119,$190,$2,$10,$2,$12,$-7,$1,$0,$-0,$-2,$12,$-15,$0,$0,$0,$0,$0,$-1,$-16,$5,$0,$5,$0,$0,$0,$-0,$5,$-0,$1,$0
12,2015-09-30,7.97,$6.11,1.3,$10.57,0.75,$-0.82,0.0,$0.09,88.56,$0.04B,$0.03B,1.32,$0.02B,$0.12B,0.14,$0.20B,$0.06B,30.05%,$0.20B,$0.00B,0.99%,$0.20B,$0.00B,0.99%,$0.20B,$0.01B,6.40%,$0.20B,$0.00B,0.99%,$0.20B,$0.00B,0.99%,$0.00B,$0.12B,1.73%,$0.00B,$0.09B,2.34%,$0.00B,$0.19B,1.08%,$0.00B,$0.13B,1.51%,$55,$38,$17,$0,$15,$53,$1,$-0,$1,$0,$1,$1,$1,$4,$1,$19,19,$0.04,$0.04,$2,$18,$4,$44,$113,$0,$30,$0,$143,$187,$34,$16,$1,$36,$70,$0,$-22,$-0,$117,$187,$1,$7,$1,$8,$-7,$1,$0,$1,$-1,$8,$-9,$0,$0,$0,$0,$0,$0,$-9,$2,$0,$2,$0,$0,$0,$-0,$2,$1,$1,$0
13,2015-06-30,11.06,$6.06,1.82,$10.44,1.06,$-0.87,0.0,$0.08,138.25,$0.05B,$0.03B,1.42,$0.02B,$0.12B,0.16,$0.20B,$0.06B,29.50%,$0.20B,$0.00B,1.00%,$0.20B,$0.00B,1.00%,$0.20B,$0.01B,6.00%,$0.20B,$0.00B,1.00%,$0.20B,$0.00B,1.00%,$0.00B,$0.12B,1.74%,$0.00B,$0.09B,2.36%,$0.00B,$0.19B,1.09%,$0.00B,$0.14B,1.53%,$59,$40,$19,$0,$16,$56,$2,$-0,$2,$1,$1,$1,$1,$5,$2,$19,19,$0.07,$0.07,$1,$19,$5,$48,$110,$0,$30,$0,$140,$189,$34,$18,$1,$38,$72,$0,$-23,$-0,$116,$189,$0,$5,$1,$6,$-10,$0,$0,$-0,$-5,$1,$-5,$0,$0,$0,$0,$0,$0,$-5,$5,$0,$5,$0,$0,$0,$-0,$5,$0,$1,$0
14,2015-03-31,13.64,$5.99,2.28,$10.36,1.32,$-0.48,0.0,$0.11,124.0,$0.05B,$0.03B,1.35,$0.02B,$0.11B,0.16,$0.20B,$0.06B,29.80%,$0.20B,$0.00B,1.52%,$0.20B,$0.00B,1.52%,$0.20B,$0.01B,6.57%,$0.20B,$0.00B,1.52%,$0.20B,$0.00B,1.52%,$0.00B,$0.11B,2.63%,$0.00B,$0.08B,3.57%,$0.00B,$0.19B,1.66%,$0.00B,$0.13B,2.34%,$42,$31,$11,$0,$13,$44,$-2,$-0,$-2,$-1,$-1,$-1,$-1,$0,$-2,$19,19,$-0.06,$-0.06,$1,$24,$4,$46,$111,$0,$30,$0,$141,$187,$34,$18,$1,$38,$72,$0,$-24,$-0,$114,$187,$-1,$2,$-0,$2,$-2,$-4,$0,$-0,$-3,$-2,$-3,$0,$0,$0,$0,$0,$0,$-3,$5,$0,$5,$0,$0,$0,$0,$5,$0,$0,$0
15,2014-12-31,13.34,$6.04,2.21,$10.49,1.27,$-0.23,0.0,$0.16,83.38,$0.04B,$0.03B,1.27,$0.01B,$0.12B,0.12,$0.20B,$0.06B,30.00%,$0.20B,$0.01B,2.50%,$0.20B,$0.01B,2.50%,$0.20B,$0.02B,7.50%,$0.20B,$0.01B,2.50%,$0.20B,$0.00B,2.00%,$0.00B,$0.12B,3.53%,$0.00B,$0.09B,4.80%,$0.00B,$0.18B,2.25%,$0.01B,$0.13B,3.99%,$47,$34,$14,$0,$12,$46,$1,$-0,$1,$1,$1,$1,$1,$4,$1,$19,19,$0.04,$0.04,$1,$19,$4,$38,$110,$0,$30,$0,$141,$179,$30,$14,$1,$33,$63,$0,$-23,$-0,$115,$179,$3,$9,$1,$10,$-0,$-2,$0,$-0,$-3,$10,$-16,$0,$0,$0,$0,$0,$0,$-16,$3,$0,$3,$0,$0,$0,$0,$4,$-2,$1,$0
16,2014-09-30,14.4,$6.00,2.4,$10.33,1.39,$-0.01,0.0,$0.16,90.0,$0.04B,$0.03B,1.14,$0.01B,$0.11B,0.1,$0.20B,$0.06B,29.44%,$0.20B,$0.01B,2.54%,$0.20B,$0.01B,2.54%,$0.20B,$0.01B,7.11%,$0.20B,$0.01B,2.54%,$0.20B,$0.00B,2.03%,$0.00B,$0.11B,3.56%,$0.00B,$0.08B,4.86%,$0.00B,$0.18B,2.28%,$0.01B,$0.13B,4.05%,$52,$37,$15,$0,$14,$51,$1,$-0,$1,$0,$1,$1,$1,$3,$1,$19,19,$0.03,$0.03,$1,$19,$3,$37,$110,$0,$30,$0,$140,$177,$32,$11,$1,$30,$62,$0,$-23,$-0,$114,$177,$2,$6,$1,$7,$0,$-2,$0,$1,$1,$11,$-13,$0,$0,$0,$0,$0,$0,$-13,$0,$0,$0,$0,$0,$0,$0,$1,$-1,$1,$0
17,2014-06-30,11.06,$5.95,1.86,$10.19,1.09,$0.10,105.53,$0.23,48.09,$0.05B,$0.04B,1.21,$0.01B,$0.11B,0.1,$0.19B,$0.06B,29.90%,$0.19B,$0.01B,3.61%,$0.19B,$0.01B,3.61%,$0.19B,$0.02B,8.25%,$0.19B,$0.01B,3.61%,$0.19B,$0.01B,2.58%,$0.01B,$0.11B,4.49%,$0.01B,$0.08B,6.15%,$0.01B,$0.18B,2.87%,$0.01B,$0.13B,5.70%,$57,$38,$19,$0,$15,$53,$3,$-0,$3,$1,$2,$2,$2,$6,$3,$19,19,$0.10,$0.10,$6,$20,$4,$45,$106,$0,$30,$0,$136,$182,$38,$12,$1,$31,$68,$0,$-24,$-0,$113,$182,$2,$4,$-0,$4,$-2,$-3,$0,$0,$2,$8,$-5,$0,$0,$0,$0,$0,$0,$-5,$1,$0,$1,$0,$0,$0,$0,$1,$4,$0,$0
18,2014-03-31,15.27,$5.85,2.61,$9.80,1.56,$-0.10,0.0,$0.19,80.37,$0.04B,$0.03B,1.2,$0.01B,$0.11B,0.1,$0.19B,$0.05B,29.03%,$0.19B,$0.01B,3.23%,$0.19B,$0.01B,3.23%,$0.19B,$0.01B,7.53%,$0.19B,$0.01B,3.23%,$0.19B,$0.00B,2.15%,$0.00B,$0.11B,3.64%,$0.00B,$0.08B,5.00%,$0.00B,$0.17B,2.34%,$0.01B,$0.12B,4.94%,$44,$32,$12,$0,$12,$44,$-0,$-0,$-0,$-0,$-0,$-0,$-0,$2,$-0,$19,19,$-0.01,$-0.01,$3,$18,$4,$38,$104,$0,$30,$0,$134,$172,$32,$11,$1,$29,$61,$0,$-26,$-0,$111,$172,$-0,$2,$-1,$2,$0,$-1,$0,$-0,$1,$3,$-2,$0,$0,$0,$0,$0,$0,$-2,$-0,$0,$-0,$0,$0,$0,$0,$-0,$0,$0,$0
19,2013-12-31,16.42,$5.86,2.8,$9.43,1.74,$-0.28,0.0,$0.11,149.27,$0.04B,$0.03B,1.2,$0.01B,$0.11B,0.1,$0.18B,$0.05B,28.49%,$0.18B,$0.00B,1.68%,$0.18B,$0.00B,1.68%,$0.18B,$0.01B,6.15%,$0.18B,$0.00B,1.68%,$0.18B,$0.00B,1.12%,$0.00B,$0.11B,1.83%,$0.00B,$0.08B,2.54%,$0.00B,$0.17B,1.18%,$0.00B,$0.12B,2.48%,$44,$33,$12,$0,$10,$43,$1,$-0,$1,$1,$1,$1,$1,$3,$1,$19,19,$0.03,$0.03,$3,$17,$3,$35,$104,$0,$31,$0,$135,$170,$30,$11,$1,$29,$59,$0,$-26,$0,$111,$170,$2,$8,$1,$9,$-1,$-6,$0,$2,$-3,$8,$-10,$0,$0,$0,$0,$0,$0,$-10,$-1,$0,$-1,$0,$0,$0,$0,$-1,$-2,$1,$0
20,2013-09-30,13.44,$5.82,2.31,$9.32,1.44,$0.00,0.0,$0.08,168.0,$0.04B,$0.03B,1.17,$0.01B,$0.11B,0.11,$0.18B,$0.05B,28.25%,$0.18B,$0.00B,1.69%,$0.18B,$0.00B,1.69%,$0.18B,$0.01B,6.21%,$0.18B,$0.00B,1.69%,$0.18B,$0.00B,0.56%,$0.00B,$0.11B,0.92%,$0.00B,$0.08B,1.28%,$0.00B,$0.17B,0.59%,$0.00B,$0.12B,2.49%,$49,$35,$15,$0,$12,$46,$3,$-0,$3,$1,$2,$2,$2,$5,$3,$19,19,$0.10,$0.10,$5,$15,$3,$37,$105,$0,$30,$0,$135,$172,$32,$12,$1,$30,$62,$0,$-27,$0,$110,$172,$1,$6,$1,$7,$-2,$-4,$0,$2,$-1,$8,$-7,$0,$0,$0,$0,$0,$0,$-7,$-0,$0,$-0,$0,$0,$0,$0,$-0,$-0,$1,$0
21,2013-06-30,8.24,$5.71,1.44,$9.09,0.91,$0.11,72.15,$0.03,274.67,$0.04B,$0.03B,1.07,$0.01B,$0.11B,0.11,$0.17B,$0.05B,28.32%,$0.17B,$0.00B,1.16%,$0.17B,$0.00B,1.16%,$0.17B,$0.01B,5.20%,$0.17B,$0.00B,1.16%,$0.17B,0,0.00%,$0.00B,$0.11B,0.00%,$0.00B,$0.08B,0.00%,$0.00B,$0.17B,0.00%,$0.00B,$0.12B,1.67%,$49,$34,$15,$0,$13,$47,$2,$-0,$2,$1,$1,$1,$1,$4,$2,$19,19,$0.06,$0.06,$4,$15,$4,$35,$105,$0,$30,$0,$136,$171,$33,$12,$1,$30,$63,$0,$-28,$-0,$108,$171,$-1,$4,$0,$4,$-1,$-3,$0,$1,$1,$4,$-5,$0,$0,$0,$0,$0,$0,$-5,$-0,$0,$-0,$0,$0,$0,$0,$-0,$-1,$0,$0
22,2013-03-31,7.44,$5.64,1.32,$8.84,0.84,$0.40,18.54,0,0.0,$0.03B,$0.03B,1.07,$0.01B,$0.11B,0.12,$0.17B,$0.05B,27.98%,$0.17B,$0.00B,0.60%,$0.17B,$0.00B,0.60%,$0.17B,$0.01B,4.76%,$0.17B,$0.00B,0.60%,$0.17B,0,0.00%,$0.00B,$0.11B,0.00%,$0.00B,$0.08B,0.00%,$0.00B,$0.17B,0.00%,$0.00B,$0.12B,0.84%,$37,$28,$9,$0,$12,$39,$-3,$-0,$-3,$-1,$-2,$-2,$-2,$-1,$-3,$19,19,$-0.09,$-0.09,$2,$14,$4,$32,$103,$0,$30,$0,$134,$166,$30,$12,$1,$29,$59,$0,$-30,$-0,$107,$166,$-2,$2,$-1,$1,$-0,$-2,$0,$0,$-1,$-1,$-2,$0,$0,$0,$0,$0,$0,$-2,$-0,$0,$-0,$0,$0,$0,$0,$-0,$-3,$0,$0
23,2012-12-31,6.48,$5.73,1.13,$8.94,0.72,$0.72,8.98,$0.13,49.85,$0.03B,$0.03B,1.19,$0.01B,$0.11B,0.12,$0.17B,$0.05B,29.59%,$0.17B,$0.01B,2.96%,$0.17B,$0.01B,2.96%,$0.17B,$0.01B,7.10%,$0.17B,$0.01B,2.96%,$0.17B,$0.00B,1.78%,$0.00B,$0.11B,2.81%,$0.00B,$0.08B,3.92%,$0.00B,$0.17B,1.82%,$0.01B,$0.12B,4.18%,$42,$31,$11,$0,$10,$41,$1,$-0,$1,$0,$0,$0,$0,$3,$1,$19,19,$0.01,$0.01,$5,$12,$4,$32,$103,$0,$30,$0,$133,$166,$27,$12,$1,$30,$57,$0,$-28,$-0,$108,$166,$3,$7,$1,$9,$2,$-2,$0,$-1,$2,$13,$-9,$0,$0,$0,$0,$0,$0,$-9,$-1,$0,$-1,$0,$0,$0,$0,$-0,$4,$1,$0
24,2012-09-30,7.85,$5.71,1.37,$8.57,0.92,$0.42,18.52,$0.13,60.38,$0.03B,$0.03B,1.13,$0.01B,$0.11B,0.12,$0.16B,$0.05B,30.25%,$0.16B,$0.01B,3.09%,$0.16B,$0.01B,3.09%,$0.16B,$0.01B,6.79%,$0.16B,$0.00B,2.47%,$0.16B,$0.00B,1.85%,$0.00B,$0.11B,2.83%,$0.00B,$0.08B,3.97%,$0.00B,$0.17B,1.84%,$0.01B,$0.12B,4.21%,$45,$31,$14,$0,$12,$43,$2,$-0,$2,$1,$1,$1,$1,$3,$2,$19,19,$0.05,$0.05,$3,$11,$3,$31,$104,$0,$31,$0,$135,$166,$28,$13,$1,$30,$58,$0,$-28,$-0,$108,$166,$2,$6,$1,$6,$1,$-2,$0,$0,$1,$10,$-8,$0,$0,$0,$0,$0,$0,$-7,$-0,$0,$-0,$0,$0,$0,$0,$-0,$3,$1,$0
25,2012-06-30,8.18,$5.63,1.45,$8.36,0.98,$0.22,37.06,$0.15,54.53,$0.03B,$0.03B,1.12,$0.01B,$0.11B,0.12,$0.16B,$0.05B,30.57%,$0.16B,$0.01B,3.18%,$0.16B,$0.01B,3.18%,$0.16B,$0.01B,7.64%,$0.16B,$0.00B,2.55%,$0.16B,$0.00B,1.91%,$0.00B,$0.11B,2.86%,$0.00B,$0.08B,4.03%,$0.00B,$0.17B,1.86%,$0.01B,$0.12B,4.24%,$44,$31,$13,$0,$12,$43,$1,$-0,$1,$0,$1,$1,$1,$3,$1,$19,19,$0.03,$0.03,$5,$11,$3,$33,$102,$0,$31,$0,$133,$165,$29,$13,$1,$30,$59,$0,$-29,$-0,$106,$165,$1,$4,$1,$5,$2,$-1,$0,$-0,$3,$9,$-5,$0,$0,$0,$0,$0,$0,$-4,$-0,$0,$-0,$0,$0,$0,$0,$-0,$5,$0,$0
26,2012-03-31,7.66,$5.59,1.37,$8.21,0.93,$-0.02,0.0,$0.55,13.93,$0.03B,$0.03B,1.12,$0.01B,$0.11B,0.12,$0.15B,$0.05B,31.17%,$0.15B,$0.01B,4.55%,$0.15B,$0.01B,4.55%,$0.15B,$0.01B,9.09%,$0.15B,$0.02B,10.39%,$0.15B,$0.01B,6.49%,$0.01B,$0.11B,9.59%,$0.01B,$0.08B,13.61%,$0.01B,$0.16B,6.22%,$0.01B,$0.12B,5.93%,$38,$27,$12,$0,$10,$37,$1,$-0,$1,$0,$1,$1,$1,$3,$1,$19,19,$0.04,$0.04,$3,$12,$3,$31,$101,$0,$31,$0,$132,$163,$28,$13,$1,$30,$57,$0,$-30,$-0,$105,$163,$1,$2,$0,$2,$2,$-3,$0,$-0,$2,$5,$-2,$0,$0,$0,$0,$0,$0,$-2,$-0,$0,$-0,$0,$0,$0,$0,$-0,$3,$0,$0
27,2011-12-31,6.02,$5.55,1.09,$7.88,0.76,$-0.20,0.0,$0.51,11.8,$0.03B,$0.03B,1.09,$0.01B,$0.11B,0.13,$0.15B,$0.05B,30.41%,$0.15B,$0.01B,4.05%,$0.15B,$0.01B,4.05%,$0.15B,$0.01B,8.78%,$0.15B,$0.02B,10.14%,$0.15B,$0.01B,6.08%,$0.01B,$0.11B,8.87%,$0.01B,$0.07B,12.72%,$0.01B,$0.16B,5.63%,$0.01B,$0.12B,5.06%,$35,$25,$10,$0,$9,$34,$1,$-0,$0,$0,$0,$0,$0,$2,$1,$19,19,$0.01,$0.01,$1,$9,$3,$27,$101,$0,$31,$0,$132,$159,$25,$13,$1,$29,$54,$0,$-30,$-0,$105,$159,$10,$7,$-6,$1,$-2,$-1,$0,$1,$-4,$7,$-8,$0,$16,$0,$0,$0,$-0,$7,$-13,$0,$-13,$0,$0,$0,$0,$-13,$1,$0,$0
28,2011-09-30,5.61,$5.52,1.02,$7.76,0.72,$0.25,22.8,$0.46,12.2,$0.03B,$0.03B,1.06,$0.01B,$0.10B,0.13,$0.14B,$0.04B,30.07%,$0.14B,$0.00B,2.80%,$0.14B,$0.00B,2.80%,$0.14B,$0.01B,8.39%,$0.14B,$0.01B,9.79%,$0.14B,$0.01B,5.59%,$0.01B,$0.10B,8.10%,$0.01B,$0.07B,11.72%,$0.01B,$0.16B,5.01%,$0.00B,$0.12B,3.37%,$40,$28,$13,$0,$11,$38,$2,$-0,$2,$1,$1,$1,$1,$4,$2,$19,19,$0.07,$0.07,$1,$10,$2,$27,$101,$0,$31,$0,$132,$158,$25,$13,$1,$29,$54,$0,$-31,$-0,$104,$158,$9,$5,$-6,$-0,$-1,$-1,$0,$1,$-4,$5,$-7,$0,$15,$0,$0,$0,$0,$9,$-13,$0,$-13,$0,$0,$0,$0,$-13,$0,$0,$0
29,2011-06-30,8.61,$5.45,1.58,$7.75,1.11,$0.75,11.52,$0.41,21.0,$0.03B,$0.03B,1.15,$0.02B,$0.10B,0.16,$0.14B,$0.04B,27.86%,$0.14B,$0.00B,2.14%,$0.14B,$0.00B,2.14%,$0.14B,$0.01B,7.14%,$0.14B,$0.01B,9.29%,$0.14B,$0.01B,5.00%,$0.01B,$0.10B,7.49%,$0.01B,$0.07B,10.37%,$0.01B,$0.16B,4.52%,$0.00B,$0.12B,2.62%,$41,$28,$13,$0,$11,$39,$3,$10,$13,$5,$8,$8,$8,$5,$3,$19,19,$0.43,$0.43,$6,$10,$3,$33,$99,$0,$31,$0,$130,$163,$29,$16,$1,$31,$60,$0,$-32,$-0,$103,$163,$8,$4,$-7,$-3,$-2,$-1,$0,$0,$-1,$4,$-4,$0,$15,$0,$0,$0,$0,$11,$-9,$0,$-9,$0,$0,$0,$0,$-9,$6,$0,$0
30,2011-03-31,9.1,$5.01,1.82,$7.74,1.18,$1.09,8.36,$0.08,113.75,$0.03B,$0.03B,0.86,$0.03B,$0.09B,0.27,$0.14B,$0.04B,26.47%,$0.14B,$0.00B,2.21%,$0.14B,$0.00B,2.21%,$0.14B,$0.01B,7.35%,$0.14B,$0.00B,2.21%,$0.14B,$0.00B,0.74%,$0.00B,$0.09B,1.13%,$0.00B,$0.06B,1.49%,$0.00B,$0.16B,0.67%,$0.00B,$0.12B,2.73%,$32,$23,$9,$0,$9,$32,$-0,$0,$0,$0,$0,$0,$0,$2,$-0,$19,19,$0.00,$0.00,$0,$10,$4,$25,$99,$6,$31,$0,$135,$160,$29,$25,$1,$37,$66,$0,$-40,$-0,$94,$160,$0,$2,$-0,$2,$0,$-2,$0,$-0,$-0,$1,$-2,$0,$0,$0,$0,$0,$0,$-2,$0,$0,$0,$0,$0,$0,$0,$0,$-0,$0,$0
31,2010-12-31,7.39,$5.01,1.48,$7.64,0.97,$1.22,6.04,$0.09,82.11,$0.02B,$0.03B,0.84,$0.03B,$0.09B,0.26,$0.13B,$0.03B,25.95%,$0.13B,$0.00B,3.05%,$0.13B,$0.00B,3.05%,$0.13B,$0.01B,7.63%,$0.13B,$0.00B,2.29%,$0.13B,$0.00B,0.76%,$0.00B,$0.09B,1.17%,$0.00B,$0.06B,1.47%,$0.00B,$0.16B,0.69%,$0.00B,$0.12B,3.77%,$30,$23,$8,$0,$8,$31,$-1,$-0,$-1,$-0,$-1,$-1,$-1,$1,$-1,$18,18,$-0.03,$-0.03,$0,$9,$3,$24,$99,$5,$31,$0,$135,$158,$28,$25,$1,$36,$64,$0,$-40,$-1,$94,$158,$2,$7,$0,$7,$2,$1,$0,$1,$2,$11,$-5,$0,$-6,$0,$0,$0,$0,$-10,$-0,$0,$-0,$0,$0,$0,$-0,$-0,$0,$0,$0
32,2010-09-30,7.59,$4.84,1.57,$7.63,0.99,$1.26,6.01,$0.14,54.21,$0.03B,$0.03B,0.88,$0.02B,$0.08B,0.21,$0.13B,$0.03B,24.62%,$0.13B,$0.01B,3.85%,$0.13B,$0.01B,3.85%,$0.13B,$0.01B,8.46%,$0.13B,$0.00B,3.08%,$0.13B,$0.00B,1.54%,$0.00B,$0.08B,2.44%,$0.00B,$0.07B,2.90%,$0.00B,$0.14B,1.42%,$0.01B,$0.10B,4.88%,$37,$28,$9,$0,$8,$36,$1,$-0,$1,$0,$0,$0,$0,$2,$1,$17,17,$0.02,$0.02,$0,$9,$2,$25,$94,$6,$13,$0,$113,$138,$29,$17,$1,$27,$55,$0,$-39,$-1,$83,$138,$2,$5,$1,$6,$-2,$0,$0,$2,$0,$9,$-2,$0,$0,$0,$0,$0,$0,$-1,$-8,$0,$-8,$0,$0,$0,$-0,$-7,$0,$0,$0
33,2010-06-30,4.6,$4.83,0.95,$7.37,0.62,$1.08,4.26,$0.11,41.82,$0.03B,$0.03B,0.89,$0.02B,$0.08B,0.23,$0.13B,$0.03B,24.00%,$0.13B,$0.01B,4.00%,$0.13B,$0.01B,4.00%,$0.13B,$0.01B,8.80%,$0.13B,$0.00B,2.40%,$0.13B,$0.00B,1.60%,$0.00B,$0.08B,2.46%,$0.00B,$0.07B,2.93%,$0.00B,$0.14B,1.41%,$0.01B,$0.10B,4.77%,$37,$27,$10,$0,$8,$34,$3,$0,$3,$1,$2,$2,$2,$5,$3,$17,17,$0.10,$0.10,$0,$9,$2,$28,$95,$6,$13,$0,$114,$142,$31,$19,$1,$28,$60,$0,$-40,$-1,$83,$142,$2,$4,$1,$5,$-4,$-0,$0,$-0,$0,$7,$-1,$0,$0,$0,$0,$0,$0,$-1,$-6,$0,$-6,$0,$0,$0,$0,$-6,$0,$0,$0
34,2010-03-31,2.48,$4.73,0.52,$7.30,0.34,$0.82,3.02,$0.11,22.55,$0.03B,$0.03B,0.92,$0.02B,$0.08B,0.29,$0.12B,$0.03B,23.39%,$0.12B,$0.00B,3.23%,$0.12B,$0.00B,3.23%,$0.12B,$0.01B,8.06%,$0.12B,$0.00B,1.61%,$0.12B,$0.00B,1.61%,$0.00B,$0.08B,2.48%,$0.00B,$0.07B,2.96%,$0.00B,$0.14B,1.39%,$0.00B,$0.10B,3.73%,$27,$21,$7,$0,$6,$27,$1,$-0,$0,$0,$0,$0,$0,$2,$1,$17,17,$0.01,$0.01,$1,$10,$4,$27,$96,$6,$13,$0,$115,$142,$29,$24,$1,$32,$61,$0,$-41,$-1,$81,$142,$0,$2,$0,$2,$-0,$-1,$0,$-0,$0,$2,$-1,$0,$0,$0,$0,$0,$0,$-1,$-1,$0,$-1,$0,$0,$0,$0,$-1,$1,$0,$0
35,2009-12-31,2.4,$4.72,0.51,$7.33,0.33,$0.74,3.26,$0.10,24.0,$0.03B,$0.03B,0.91,$0.03B,$0.08B,0.31,$0.13B,$0.03B,21.60%,$0.13B,$0.00B,1.60%,$0.13B,$0.00B,1.60%,$0.13B,$0.01B,7.20%,$0.13B,$0.00B,0.80%,$0.13B,$0.00B,0.80%,$0.00B,$0.08B,1.25%,$0.00B,$0.07B,1.50%,$0.00B,$0.14B,0.69%,$0.00B,$0.11B,1.84%,$29,$23,$6,$0,$6,$29,$-0,$-0,$-0,$-0,$0,$0,$0,$2,$-0,$17,17,$0.00,$0.00,$0,$9,$4,$26,$97,$6,$13,$0,$116,$142,$28,$25,$1,$33,$61,$0,$-42,$-0,$81,$142,$1,$7,$-1,$7,$1,$-0,$0,$1,$1,$9,$-2,$0,$0,$0,$0,$0,$0,$-2,$-7,$0,$-7,$0,$0,$0,$0,$-7,$0,$0,$0
36,2009-09-30,3.73,$4.71,0.79,$7.83,0.48,$-0.54,0.0,$-2.26,0.0,$0.03B,$0.03B,0.99,$0.03B,$0.08B,0.35,$0.12B,$0.03B,21.77%,$0.12B,$-0.03B,-24.19%,$0.12B,$-0.03B,-24.19%,$0.12B,$-0.02B,-18.55%,$0.12B,$-0.03B,-25.81%,$0.12B,$-0.03B,-23.39%,$-0.03B,$0.08B,-36.59%,$-0.03B,$0.07B,-43.77%,$-0.03B,$0.14B,-19.69%,$-0.03B,$0.11B,-27.21%,$32,$25,$7,$0,$7,$31,$1,$-0,$0,$0,$0,$0,$0,$2,$1,$17,17,$0.01,$0.01,$1,$10,$4,$26,$99,$6,$13,$0,$118,$143,$26,$28,$1,$37,$63,$0,$-42,$-1,$80,$143,$1,$6,$0,$6,$3,$-1,$0,$-0,$-1,$6,$-2,$0,$0,$0,$0,$0,$0,$-2,$-4,$0,$-4,$0,$0,$0,$0,$-3,$1,$0,$0
37,2009-06-30,2.04,$4.72,0.43,$7.82,0.26,$-1.21,0.0,$-2.32,0.0,$0.03B,$0.03B,1.02,$0.03B,$0.08B,0.38,$0.12B,$0.03B,21.95%,$0.12B,$-0.03B,-26.02%,$0.12B,$-0.03B,-26.02%,$0.12B,$-0.02B,-19.51%,$0.12B,$-0.03B,-27.64%,$0.12B,$-0.03B,-24.39%,$-0.03B,$0.08B,-34.58%,$-0.03B,$0.07B,-45.11%,$-0.03B,$0.15B,-19.23%,$-0.03B,$0.11B,-27.23%,$36,$27,$9,$0,$6,$33,$2,$-0,$2,$0,$2,$2,$2,$4,$2,$17,17,$0.10,$0.10,$0,$11,$4,$30,$100,$5,$13,$0,$119,$149,$29,$31,$1,$39,$68,$0,$-42,$-0,$80,$149,$1,$4,$0,$4,$-1,$-1,$0,$-0,$-2,$3,$-1,$0,$0,$0,$0,$0,$0,$-1,$-1,$0,$-1,$0,$0,$0,$0,$-1,$0,$0,$0
38,2009-03-31,1.16,$4.62,0.25,$7.01,0.17,$-1.55,0.0,$-2.58,0.0,$0.03B,$0.03B,0.95,$0.03B,$0.08B,0.4,$0.10B,$0.02B,19.39%,$0.10B,$-0.04B,-36.73%,$0.10B,$-0.04B,-36.73%,$0.10B,$-0.03B,-29.59%,$0.10B,$-0.04B,-38.78%,$0.10B,$-0.03B,-33.67%,$-0.03B,$0.08B,-40.62%,$-0.03B,$0.07B,-51.36%,$-0.03B,$0.15B,-24.22%,$-0.04B,$0.11B,-34.53%,$28,$22,$5,$0,$6,$28,$-1,$-0,$-1,$0,$-1,$-1,$-1,$1,$-1,$17,17,$-0.06,$-0.06,$0,$11,$4,$30,$101,$5,$13,$0,$119,$149,$32,$31,$1,$40,$71,$0,$-44,$-1,$78,$149,$-1,$2,$0,$2,$-1,$-1,$0,$0,$0,$1,$-1,$0,$0,$0,$0,$0,$0,$-1,$-0,$0,$-0,$0,$0,$0,$0,$-0,$0,$0,$0
39,2008-12-31,1.2,$4.68,0.26,$6.50,0.18,$-1.51,0.0,$-2.65,0.0,$0.03B,$0.03B,0.97,$0.03B,$0.08B,0.4,$0.08B,$0.01B,17.72%,$0.08B,$-0.04B,-45.57%,$0.08B,$-0.04B,-45.57%,$0.08B,$-0.03B,-37.97%,$0.08B,$-0.04B,-48.10%,$0.08B,$-0.03B,-41.77%,$-0.03B,$0.08B,-43.00%,$-0.03B,$0.07B,-52.38%,$-0.03B,$0.15B,-28.21%,$-0.04B,$0.11B,-39.24%,$28,$22,$6,$0,$8,$60,$-32,$-1,$-33,$-3,$-30,$-30,$-30,$-30,$-32,$13,13,$-2.33,$-2.33,$0,$10,$4,$28,$101,$5,$14,$0,$120,$148,$29,$32,$2,$40,$69,$0,$-43,$-1,$79,$148,$-33,$5,$26,$32,$2,$-2,$0,$-0,$-4,$-5,$-6,$0,$2,$0,$0,$0,$0,$-4,$3,$0,$3,$0,$0,$0,$-0,$3,$-6,$0,$0
40,2008-09-30,3.63,$6.48,0.56,$5.47,0.66,$-0.55,0.0,$-0.40,0.0,$0.03B,$0.03B,0.91,$0.03B,$0.11B,0.26,$0.06B,$0.01B,13.11%,$0.06B,$-0.01B,-8.20%,$0.06B,$-0.01B,-8.20%,$0.06B,0,0.00%,$0.06B,$-0.01B,-9.84%,$0.06B,$-0.00B,-6.56%,$-0.00B,$0.11B,-5.56%,$-0.00B,$0.07B,-6.50%,$-0.00B,$0.18B,-4.09%,$-0.01B,$0.14B,-6.33%,$31,$25,$7,$0,$8,$33,$-1,$-0,$-2,$-1,$-1,$-1,$-1,$1,$-1,$17,17,$-0.07,$-0.07,$0,$9,$4,$27,$103,$7,$42,$0,$151,$178,$30,$28,$1,$39,$68,$0,$-12,$-0,$110,$178,$-3,$3,$-2,$2,$3,$-1,$0,$0,$-1,$-2,$-5,$0,$2,$0,$0,$0,$0,$-3,$-1,$0,$-1,$0,$0,$0,$-0,$-0,$-5,$0,$0
41,2008-06-30,4.61,$6.92,0.67,$4.93,0.94,$0.04,105.01,$-0.36,0.0,$0.01B,$0.01B,1.27,$0.00B,$0.06B,0.0,$0.04B,$0.00B,4.88%,$0.04B,$-0.00B,-9.76%,$0.04B,$-0.00B,-9.76%,$0.04B,$-0.00B,-2.44%,$0.04B,$-0.00B,-9.76%,$0.04B,$-0.00B,-7.32%,$-0.00B,$0.06B,-5.02%,$-0.00B,$0.06B,-5.02%,$-0.00B,$0.07B,-4.17%,$-0.00B,$0.06B,-6.58%,$11,$10,$1,$0,$2,$13,$-2,$0,$-2,$-1,$-1,$-1,$-1,$-1,$-2,$8,8,$-0.16,$-0.16,$3,$3,$2,$13,$56,$0,$0,$0,$57,$70,$10,$0,$0,$1,$11,$0,$-11,$0,$58,$70,$-2,$1,$-1,$1,$1,$0,$0,$0,$2,$0,$-2,$0,$0,$0,$0,$0,$0,$-2,$-0,$0,$-0,$0,$0,$0,$0,$0,$-2,$0,$0
42,2008-03-31,4.83,$7.12,0.68,$5.00,0.97,$0.28,17.44,$-0.14,0.0,$0.02B,$0.01B,1.43,$0.00B,$0.06B,0.0,$0.04B,$0.00B,7.14%,$0.04B,$-0.00B,-2.38%,$0.04B,$-0.00B,-2.38%,$0.04B,$0.00B,4.76%,$0.04B,$-0.00B,-2.38%,$0.04B,$-0.00B,-2.38%,$-0.00B,$0.06B,-1.65%,$-0.00B,$0.06B,-1.65%,$-0.00B,$0.07B,-1.37%,$-0.00B,$0.06B,-1.60%,$9,$9,$0,$0,$2,$10,$-1,$0,$-1,$-0,$-1,$-1,$-1,$-0,$-1,$8,8,$-0.07,$-0.07,$6,$3,$1,$15,$56,$1,$0,$0,$57,$72,$10,$0,$0,$2,$12,$0,$-10,$0,$60,$72,$-1,$1,$-0,$0,$1,$-0,$0,$1,$2,$2,$-1,$0,$0,$0,$0,$0,$0,$-1,$-0,$0,$-0,$0,$0,$0,$0,$0,$1,$0,$0
43,2007-12-31,6.65,$7.19,0.92,$4.91,1.35,$0.05,134.89,$-0.11,0.0,$0.02B,$0.01B,1.62,$0.00B,$0.06B,0.0,$0.04B,$0.00B,9.52%,$0.04B,$-0.00B,-2.38%,$0.04B,$-0.00B,-2.38%,$0.04B,$0.00B,4.76%,$0.04B,$-0.00B,-2.38%,$0.04B,0,0.00%,$0.00B,$0.06B,0.00%,$0.00B,$0.06B,0.00%,$0.00B,$0.07B,0.00%,$-0.00B,$0.06B,-1.57%,$10,$9,$0,$0,$2,$11,$-1,$0,$-1,$-0,$-1,$-1,$-1,$-0,$-1,$8,8,$-0.10,$-0.10,$6,$3,$1,$15,$56,$0,$0,$0,$56,$71,$9,$0,$0,$2,$11,$0,$-9,$0,$60,$71,$-1,$3,$-0,$3,$-2,$-1,$0,$1,$-0,$2,$-1,$0,$0,$0,$0,$0,$0,$-1,$-5,$0,$-5,$0,$0,$0,$0,$-5,$-4,$0,$0
44,2007-09-30,6.27,$7.29,0.86,$4.69,1.34,$0.36,17.27,$-0.01,0.0,$0.02B,$0.01B,2.15,$0.00B,$0.06B,0.07,$0.04B,$0.01B,12.50%,$0.04B,0,0.00%,$0.04B,0,0.00%,$0.04B,$0.00B,7.50%,$0.04B,0,0.00%,$0.04B,$0.00B,2.50%,$0.00B,$0.06B,1.65%,$0.00B,$0.06B,1.65%,$0.00B,$0.08B,1.34%,$0.00B,$0.07B,0.00%,$11,$10,$1,$0,$2,$12,$-0,$0,$-0,$-0,$-0,$-0,$-0,$0,$-0,$8,8,$-0.03,$-0.03,$11,$3,$0,$18,$57,$0,$0,$0,$57,$75,$8,$4,$0,$6,$14,$0,$-8,$0,$61,$75,$-0,$2,$0,$2,$0,$0,$0,$-0,$-0,$2,$-1,$0,$0,$0,$0,$0,$0,$-1,$-0,$0,$-0,$0,$0,$0,$0,$-0,$1,$0,$0
45,2007-06-30,7.96,$7.33,1.09,$4.50,1.77,$0.51,15.67,$0.06,132.68,$0.02B,$0.01B,2.14,$0.00B,$0.06B,0.07,$0.04B,$0.01B,15.38%,$0.04B,$0.00B,2.56%,$0.04B,$0.00B,2.56%,$0.04B,$0.00B,10.26%,$0.04B,$0.00B,2.56%,$0.04B,$0.00B,2.56%,$0.00B,$0.06B,1.65%,$0.00B,$0.06B,1.65%,$0.00B,$0.08B,1.34%,$0.00B,$0.07B,1.54%,$12,$10,$2,$0,$2,$11,$1,$0,$1,$0,$1,$1,$1,$2,$1,$8,9,$0.06,$0.06,$9,$3,$0,$17,$57,$1,$0,$0,$58,$75,$8,$4,$0,$6,$14,$0,$-8,$0,$61,$75,$0,$1,$-0,$1,$0,$0,$0,$-1,$-1,$0,$-1,$0,$0,$0,$0,$0,$0,$-1,$-0,$0,$-0,$0,$0,$0,$0,$-0,$-0,$0,$0
46,2007-03-31,7.24,$7.28,1.0,$4.31,1.68,$0.64,11.25,$0.10,72.4,$0.02B,$0.01B,2.01,$0.00B,$0.06B,0.07,$0.04B,$0.01B,16.22%,$0.04B,$0.00B,2.70%,$0.04B,$0.00B,2.70%,$0.04B,$0.00B,10.81%,$0.04B,$0.00B,2.70%,$0.04B,$0.00B,2.70%,$0.00B,$0.06B,1.65%,$0.00B,$0.06B,1.65%,$0.00B,$0.07B,1.35%,$0.00B,$0.07B,1.54%,$9,$8,$1,$0,$2,$9,$-1,$0,$-1,$-0,$-0,$-0,$-0,$0,$-1,$8,8,$-0.04,$-0.04,$8,$3,$0,$15,$58,$0,$0,$0,$58,$74,$8,$4,$0,$6,$13,$0,$-9,$0,$60,$74,$-0,$1,$-1,$0,$0,$0,$0,$-1,$-1,$-1,$-0,$0,$0,$0,$0,$0,$0,$-0,$-0,$0,$-0,$0,$0,$0,$0,$-0,$-1,$0,$0
47,2006-12-31,5.2,$7.33,0.71,$4.22,1.23,$0.73,7.15,$0.14,37.14,$0.02B,$0.01B,2.17,$0.00B,$0.06B,0.07,$0.04B,$0.01B,16.67%,$0.04B,$0.00B,2.78%,$0.04B,$0.00B,2.78%,$0.04B,$0.00B,11.11%,$0.04B,$0.00B,2.78%,$0.04B,0,0.00%,$0.00B,$0.06B,0.00%,$0.00B,$0.06B,0.00%,$0.00B,$0.07B,0.00%,$0.00B,$0.07B,1.54%,$8,$8,$1,$0,$2,$9,$-0,$0,$-0,$-0,$-0,$-0,$-0,$1,$-0,$8,9,$0.01,$0.01,$9,$3,$0,$15,$58,$0,$0,$0,$58,$74,$7,$4,$0,$6,$13,$0,$-8,$0,$61,$74,$1,$3,$0,$3,$-1,$0,$-0,$1,$1,$5,$-1,$0,$0,$0,$0,$0,$0,$-1,$-0,$0,$-0,$0,$0,$0,$0,$-0,$3,$0,$0
