,Date,Stock Price,Book Value per Share,Price to Book Ratio,TTM Sales per Share,Price to Sales Ratio,TTM FCF per Share,Price to FCF Ratio,TTM Net EPS,PE Ratio,Current Assets,Current Liabilities,Current Ratio,Long Term Debt,Shareholder's Equity_x,Debt to Equity Ratio,TTM Revenue_x,TTM Gross Profit,Gross Margin,TTM Revenue_y,TTM Operating Income,Operating Margin,TTM Revenue_x,TTM EBIT,EBIT Margin,TTM Revenue_y,TTM EBITDA,EBITDA Margin,TTM Revenue_x,TTM Pre-Tax Income,Pre-Tax Margin,TTM Revenue_y,TTM Net Income_x,Net Margin,TTM Net Income_y,Shareholder's Equity_y,Return on Equity,TTM Net Income_x,Tangible Equity,Return on Tangible Equity,TTM Net Income_y,Total Assets,Return on Assets,TTM Net Income,LT Investments & Debt,Return on Investment,revenue,cost-goods-sold,gross-profit,research-development-expenses,selling-general-administrative-expenses,operating-expenses,operating-income,total-non-operating-income-expense,pre-tax-income,total-provision-income-taxes,income-after-taxes,income-from-continuous-operations,net-income,ebitda,ebit,basic-shares-outstanding,shares-outstanding,eps-basic-net-earnings-per-share,eps-earnings-per-share-diluted,cash-on-hand,inventory,other-current-assets,total-current-assets,net-property-plant-equipment,long-term-investments,goodwill-intangible-assets-total,other-long-term-assets,total-long-term-assets,total-assets,total-current-liabilities,long-term-debt,other-non-current-liabilities,total-long-term-liabilities,total-liabilities,common-stock-net,retained-earnings-accumulated-deficit,comprehensive-income,total-share-holder-equity,total-liabilities-share-holders-equity,net-income-loss,total-depreciation-amortization-cash-flow,other-non-cash-items,total-non-cash-items,change-in-accounts-receivable,change-in-inventories,change-in-accounts-payable,change-in-assets-liabilities,total-change-in-assets-liabilities,cash-flow-from-operating-activities,net-change-in-property-plant-equipment,net-change-in-intangible-assets,net-acquisitions-divestitures,net-change-in-short-term-investments,net-change-in-long-term-investments,net-change-in-investments-total,investing-activities-other,cash-flow-from-investing-activities,net-long-term-debt,net-current-debt,debt-issuance-retirement-net-total,net-common-equity-issued-repurchased,net-total-equity-issued-repurchased,total-common-preferred-stock-dividends-paid,financial-activities-other,cash-flow-from-financial-activities,net-cash-flow,stock-based-compensation,common-stock-dividends-paid
0,2018-09-30,5.48,$2.89,1.89,$11.79,0.46,$-0.84,0.0,$-0.89,0.0,$4.64B,$3.87B,1.2,$4.32B,$2.35B,1.84,$9.77B,$1.59B,16.29%,$9.77B,$-0.16B,-1.61%,$9.77B,$-0.16B,-1.61%,$9.77B,$0.38B,3.86%,$9.77B,$-0.85B,-8.71%,$9.77B,$-0.93B,-9.56%,$-0.93B,$2.35B,-30.45%,$-0.93B,$0.39B,-98.60%,$-0.93B,$11.31B,-7.18%,$-0.16B,$6.67B,-2.12%,$2227,$1871,$356,$0,$353,$2250,$-24,$-127,$-151,$55,$-206,$-206,$-203,$85,$-24,$811,811,$-0.25,$-0.25,$1267,$1774,$359,$4636,$3282,$90,$1953,$302,$6671,$11308,$3873,$4322,$710,$5088,$8961,$3165,$-475,$-512,$2347,$11308,$-595,$380,$741,$1121,$146,$-204,$-174,$-339,$-571,$36,$-277,$-4,$0,$0,$21,$21,$-72,$-332,$-114,$-19,$-133,$0,$0,$0,$0,$-133,$-403,$0,$0
1,2018-06-30,4.68,$3.30,1.42,$12.45,0.38,$-1.13,0.0,$-0.84,0.0,$5.38B,$4.96B,1.08,$4.18B,$2.68B,1.56,$10.30B,$1.85B,17.92%,$10.30B,$0.04B,0.42%,$10.30B,$0.04B,0.42%,$10.30B,$0.64B,6.16%,$10.30B,$-0.63B,-6.15%,$10.30B,$-0.69B,-6.70%,$-0.69B,$2.68B,-19.87%,$-0.69B,$0.63B,-54.23%,$-0.69B,$12.67B,-4.93%,$0.04B,$6.85B,0.53%,$2277,$2093,$184,$0,$385,$2495,$-218,$-219,$-437,$1,$-438,$-438,$-441,$-96,$-218,$817,817,$-0.54,$-0.54,$1716,$1808,$420,$5375,$3583,$102,$2049,$1060,$7295,$12671,$4962,$4178,$814,$5032,$9994,$3468,$-470,$-501,$2676,$12671,$-470,$272,$556,$828,$50,$-88,$-120,$-165,$-323,$91,$-208,$-4,$0,$0,$29,$29,$-106,$-288,$113,$-14,$99,$0,$0,$0,$0,$99,$-73,$0,$0
2,2018-03-31,6.92,$0.00,0.0,$12.79,0.54,$-1.48,0.0,$-0.37,0.0,$5.86B,$5.41B,1.08,$3.97B,$3.58B,1.11,$10.53B,$2.18B,20.66%,$10.53B,$0.29B,2.78%,$10.53B,$0.29B,2.78%,$10.53B,$0.91B,8.60%,$10.53B,$-0.38B,-3.61%,$10.53B,$-0.30B,-2.86%,$-0.30B,$3.58B,-8.09%,$-0.30B,$1.35B,-20.48%,$-0.30B,$13.87B,-2.07%,$0.29B,$7.55B,3.30%,$2529,$2055,$474,$0,$391,$2440,$89,$-158,$-68,$-33,$-35,$-35,$-38,$240,$89,$884,884,$-0.04,$-0.04,$1821,$1985,$462,$5856,$4018,$139,$2226,$1131,$8017,$13873,$5412,$3969,$862,$4881,$10293,$3842,$-12,$-428,$3580,$13873,$-35,$150,$25,$175,$57,$14,$-156,$9,$-77,$60,$-136,$-2,$0,$0,$-11,$-11,$-94,$-243,$24,$0,$24,$0,$0,$0,$0,$24,$-153,$0,$0
3,2017-12-31,11.26,$4.52,2.49,$13.08,0.86,$-1.99,0.0,$-0.43,0.0,$6.01B,$4.67B,1.29,$4.83B,$3.67B,1.32,$10.48B,$2.16B,20.62%,$10.48B,$0.22B,2.13%,$10.48B,$0.22B,2.13%,$10.48B,$0.82B,7.86%,$10.48B,$-0.42B,-4.03%,$10.48B,$-0.35B,-3.37%,$-0.35B,$3.67B,-9.36%,$-0.35B,$1.41B,-22.70%,$-0.35B,$14.17B,-2.42%,$0.22B,$8.50B,2.41%,$2733,$2156,$577,$0,$462,$2737,$-4,$-191,$-195,$50,$-245,$-245,$-252,$148,$-4,$804,804,$-0.31,$-0.31,$2022,$2023,$314,$6009,$4101,$200,$2254,$377,$8157,$14166,$4669,$4827,$952,$5828,$10497,$3903,$32,$-440,$3668,$14166,$-353,$601,$616,$1216,$-181,$11,$52,$-473,$-592,$204,$-454,$-16,$-351,$0,$81,$81,$23,$-717,$218,$0,$218,$160,$160,$0,$0,$378,$-108,$0,$0
4,2017-09-30,14.41,$4.89,2.95,$12.83,1.12,$-1.87,0.0,$-0.30,0.0,$6.83B,$4.50B,1.52,$5.78B,$3.97B,1.46,$10.28B,$2.09B,20.35%,$10.28B,$0.28B,2.74%,$10.28B,$0.28B,2.74%,$10.28B,$0.82B,8.02%,$10.28B,$-0.35B,-3.42%,$10.28B,$-0.23B,-2.26%,$-0.23B,$3.97B,-6.22%,$-0.23B,$1.69B,-14.51%,$-0.23B,$15.27B,-1.65%,$0.28B,$9.74B,3.09%,$2762,$2151,$611,$0,$415,$2586,$176,$-110,$66,$22,$44,$44,$41,$343,$176,$811,811,$0.05,$0.05,$2762,$2098,$268,$6827,$4181,$203,$2273,$347,$8446,$15273,$4501,$5777,$916,$6805,$11306,$3941,$282,$-416,$3967,$15273,$-101,$449,$148,$597,$-230,$12,$21,$-221,$-417,$-106,$-372,$-16,$-354,$0,$74,$74,$9,$-659,$1264,$0,$1264,$161,$161,$0,$0,$1425,$658,$0,$0
5,2017-06-30,11.79,$4.58,2.57,$12.40,0.95,$-1.55,0.0,$-0.34,0.0,$6.81B,$4.20B,1.62,$6.11B,$3.66B,1.67,$10.14B,$2.06B,20.33%,$10.14B,$0.25B,2.45%,$10.14B,$0.25B,2.45%,$10.14B,$0.77B,7.57%,$10.14B,$-0.41B,-3.99%,$10.14B,$-0.27B,-2.63%,$-0.27B,$3.66B,-7.18%,$-0.27B,$1.42B,-16.25%,$-0.27B,$14.99B,-1.96%,$0.25B,$9.77B,2.82%,$2502,$1989,$513,$0,$397,$2470,$32,$-215,$-183,$-131,$-52,$-52,$-52,$174,$32,$802,802,$-0.07,$-0.07,$2780,$2065,$379,$6811,$4184,$188,$2244,$369,$8176,$14987,$4197,$6107,$917,$7130,$11327,$3884,$281,$-408,$3660,$14987,$-140,$282,$169,$450,$-126,$12,$24,$-178,$-268,$-135,$-263,$-14,$-261,$0,$70,$70,$-94,$-561,$1332,$0,$1332,$0,$0,$0,$0,$1332,$671,$0,$0
6,2017-03-31,12.25,$4.75,2.58,$12.30,1.0,$-1.51,0.0,$-0.26,0.0,$6.03B,$3.93B,1.54,$5.22B,$3.80B,1.38,$10.07B,$2.10B,20.82%,$10.07B,$0.37B,3.63%,$10.07B,$0.37B,3.63%,$10.07B,$0.87B,8.63%,$10.07B,$-0.22B,-2.13%,$10.07B,$-0.21B,-2.05%,$-0.21B,$3.80B,-5.54%,$-0.21B,$1.70B,-11.88%,$-0.21B,$13.81B,-1.61%,$0.37B,$9.02B,4.46%,$2486,$2024,$461,$0,$386,$2466,$19,$-129,$-110,$-19,$-91,$-91,$-90,$159,$19,$787,787,$-0.11,$-0.11,$2175,$2056,$341,$6028,$4041,$167,$2099,$377,$7777,$13805,$3926,$5224,$728,$6084,$10010,$3966,$340,$-419,$3795,$13805,$-90,$139,$-19,$120,$-17,$-7,$-108,$-151,$-282,$-332,$-137,$-13,$-8,$0,$33,$33,$0,$-125,$444,$0,$444,$0,$0,$0,$0,$444,$-16,$0,$0
7,2016-12-31,14.76,$4.31,3.42,$11.73,1.26,$-1.13,0.0,$-0.14,0.0,$5.42B,$3.62B,1.5,$4.51B,$3.50B,1.29,$9.67B,$2.16B,22.31%,$9.67B,$0.51B,5.29%,$9.67B,$0.51B,5.29%,$9.67B,$0.97B,10.04%,$9.67B,$-0.09B,-0.95%,$9.67B,$-0.11B,-1.10%,$-0.11B,$3.50B,-2.89%,$-0.11B,$1.59B,-5.91%,$-0.11B,$12.31B,-0.88%,$0.51B,$8.01B,6.62%,$2529,$2022,$507,$0,$423,$2473,$55,$-180,$-125,$1,$-126,$-126,$-131,$148,$55,$802,802,$-0.16,$-0.16,$2064,$1845,$219,$5417,$3631,$168,$1913,$376,$6895,$12312,$3624,$4506,$634,$5185,$8809,$3572,$387,$-370,$3503,$12312,$-107,$460,$-6,$453,$357,$-214,$243,$-311,$76,$522,$-669,$-18,$-823,$0,$-43,$-43,$361,$-1193,$1558,$0,$1558,$-154,$-154,$-337,$0,$1067,$285,$0,$-337
8,2016-09-30,17.06,$4.90,3.48,$11.33,1.51,$-0.11,0.0,$0.32,53.31,$5.88B,$4.19B,1.41,$4.46B,$3.92B,1.14,$9.51B,$2.39B,25.17%,$9.51B,$0.75B,7.84%,$9.51B,$0.75B,7.84%,$9.51B,$1.11B,11.69%,$9.51B,$0.16B,1.68%,$9.51B,$0.28B,2.90%,$0.28B,$3.92B,7.26%,$0.28B,$1.87B,13.44%,$0.28B,$13.30B,2.34%,$0.75B,$8.37B,9.74%,$2624,$2043,$581,$0,$430,$2482,$142,$-128,$13,$8,$5,$5,$6,$287,$142,$885,885,$0.01,$0.01,$2025,$2144,$372,$5883,$3877,$157,$2044,$454,$7417,$13300,$4186,$4455,$699,$5200,$9385,$3843,$553,$-363,$3915,$13300,$27,$367,$-129,$238,$420,$-382,$293,$-140,$191,$346,$-593,$-15,$-845,$0,$-54,$-54,$340,$-1166,$1586,$0,$1586,$-166,$-166,$-346,$0,$1073,$127,$0,$-346
9,2016-06-30,13.75,$4.60,2.99,$11.27,1.22,$0.17,80.93,$0.49,28.06,$5.16B,$3.72B,1.39,$3.77B,$3.67B,1.03,$9.36B,$2.57B,27.48%,$9.36B,$0.85B,9.08%,$9.36B,$0.85B,9.08%,$9.36B,$1.07B,11.44%,$9.36B,$0.33B,3.57%,$9.36B,$0.43B,4.62%,$0.43B,$3.67B,15.33%,$0.43B,$1.78B,27.30%,$0.43B,$11.87B,5.10%,$0.85B,$7.45B,15.28%,$2432,$1884,$548,$0,$392,$2282,$150,$-143,$7,$2,$5,$5,$9,$275,$150,$805,805,$0.01,$0.01,$1514,$1820,$454,$5156,$3533,$119,$1893,$419,$6712,$11868,$3723,$3773,$648,$4472,$8195,$3559,$507,$-276,$3673,$11868,$20,$221,$-286,$-65,$271,$-187,$90,$-15,$159,$-10,$-349,$-14,$-789,$0,$-0,$-0,$338,$-814,$1073,$0,$1073,$-154,$-154,$-189,$0,$730,$-209,$0,$-189
10,2016-03-31,14.04,$4.41,3.18,$11.46,1.22,$2.40,5.84,$0.88,15.95,$4.79B,$2.94B,1.63,$3.53B,$3.56B,0.99,$9.73B,$3.40B,34.95%,$9.73B,$1.67B,17.14%,$9.73B,$1.67B,17.14%,$9.73B,$1.88B,19.34%,$9.73B,$0.79B,8.13%,$9.73B,$0.77B,7.90%,$0.77B,$3.56B,21.44%,$0.77B,$1.94B,32.61%,$0.77B,$10.66B,8.19%,$1.67B,$7.09B,26.36%,$2087,$1565,$522,$0,$345,$1922,$165,$-152,$13,$2,$11,$11,$10,$261,$165,$807,807,$0.01,$0.01,$1668,$1545,$329,$4793,$3101,$144,$1623,$364,$5867,$10659,$2944,$3531,$580,$4158,$7101,$3202,$580,$-224,$3558,$10659,$10,$96,$-86,$10,$247,$-96,$-8,$-97,$47,$-28,$-150,$-6,$-548,$0,$-0,$-0,$341,$-364,$737,$0,$737,$-46,$-46,$-170,$0,$520,$71,$0,$-170
11,2015-09-30,17.3,$4.89,3.54,$12.57,1.38,$3.89,4.44,$1.19,14.54,$5.56B,$3.04B,1.83,$3.65B,$4.07B,0.9,$10.86B,$3.61B,33.24%,$10.86B,$1.60B,14.74%,$10.86B,$1.60B,14.74%,$10.86B,$2.13B,19.57%,$10.86B,$1.09B,10.02%,$10.86B,$1.03B,9.52%,$1.03B,$4.07B,23.55%,$1.03B,$2.63B,33.84%,$1.03B,$11.43B,9.90%,$1.60B,$7.72B,22.37%,$2367,$1623,$743,$0,$395,$2078,$289,$-162,$127,$-67,$194,$194,$251,$289,$289,$857,857,$0.29,$0.29,$2409,$1564,$181,$5557,$3264,$150,$1439,$394,$5872,$11429,$3039,$3649,$632,$4322,$7361,$3561,$1491,$-291,$4068,$11429,$432,$278,$893,$1171,$-178,$-382,$416,$-376,$-520,$1084,$-365,$-7,$540,$0,$3,$3,$-98,$72,$-95,$0,$-95,$-686,$-686,$-254,$0,$-1036,$491,$0,$-254
12,2015-03-31,19.1,$0.00,0.0,$13.33,1.43,$3.90,4.9,$1.04,18.37,$0.00B,$0.00B,0.0,$0.00B,$0.00B,0.0,$11.56B,$3.39B,29.34%,$11.56B,$1.28B,11.08%,$11.56B,$1.28B,11.08%,$11.56B,$1.68B,14.51%,$11.56B,$1.10B,9.47%,$11.56B,$0.90B,7.80%,$0.90B,$0.00B,17.76%,$0.90B,$0.00B,25.28%,$0.90B,$0.00B,7.95%,$1.28B,$0.00B,16.47%,$2477,$1717,$760,$0,$419,$2231,$246,$-58,$187,$25,$162,$162,$163,$246,$246,$855,855,$0.19,$0.19,$0,$0,$0,$0,$0,$0,$0,$0,$0,$0,$0,$0,$0,$0,$0,$0,$0,$0,$0,$0,$0,$0,$0,$0,$0,$0,$0,$0,$0,$0,$0,$0,$0,$0,$0,$0,$0,$0,$0,$0,$0,$0,$0,$0,$0,$0,$0,$0,$0
13,2014-12-31,22.37,$0.00,0.0,$14.21,1.57,$4.28,5.22,$1.02,21.93,$7.47B,$4.09B,1.83,$3.78B,$6.70B,0.56,$12.38B,$3.62B,29.23%,$12.38B,$1.46B,11.77%,$12.38B,$1.46B,11.77%,$12.38B,$1.98B,16.01%,$12.38B,$1.06B,8.59%,$12.38B,$0.88B,7.10%,$0.88B,$6.70B,13.16%,$0.88B,$4.86B,18.82%,$0.88B,$15.43B,5.97%,$1.46B,$10.49B,14.35%,$2794,$1420,$1374,$0,$407,$1827,$967,$-11,$464,$81,$383,$344,$344,$1085,$967,$869,869,$0.40,$0.40,$2818,$1740,$1086,$7473,$0,$214,$1850,$995,$3364,$15427,$4089,$3782,$814,$4634,$8723,$5324,$1686,$0,$6704,$15427,$912,$526,$0,$526,$0,$0,$0,$0,$1399,$2137,$-585,$0,$-204,$0,$0,$-0,$-29,$-818,$0,$0,$175,$0,$-107,$-310,$0,$-243,$1230,$0,$0
14,2014-09-30,22.79,$0.00,0.0,$15.01,1.52,$3.47,6.58,$0.72,31.65,$6.53B,$3.66B,1.78,$3.63B,$6.79B,0.53,$13.08B,$3.03B,23.19%,$13.08B,$0.55B,4.17%,$13.08B,$0.55B,4.17%,$13.08B,$1.12B,8.58%,$13.08B,$0.68B,5.22%,$13.08B,$0.62B,4.77%,$0.62B,$6.79B,9.29%,$0.62B,$4.74B,13.52%,$0.62B,$14.93B,4.26%,$0.55B,$10.42B,5.40%,$3225,$2492,$734,$0,$635,$3127,$99,$-88,$310,$37,$274,$276,$276,$506,$99,$871,871,$0.32,$0.32,$2361,$2028,$242,$6525,$0,$50,$2051,$970,$3322,$14926,$3660,$3629,$837,$4476,$8136,$5504,$332,$0,$6790,$14926,$533,$407,$0,$407,$0,$0,$0,$0,$144,$1474,$-368,$0,$0,$0,$0,$-4,$-151,$-523,$0,$0,$1762,$0,$0,$-321,$-1721,$-280,$736,$0,$0
15,2014-06-30,22.93,$0.00,0.0,$15.29,1.5,$2.97,7.73,$0.55,41.7,$6.44B,$3.91B,1.65,$3.41B,$6.80B,0.5,$13.32B,$3.28B,24.64%,$13.32B,$0.79B,5.96%,$13.32B,$0.79B,5.96%,$13.32B,$1.07B,8.00%,$13.32B,$0.52B,3.91%,$13.32B,$0.48B,3.60%,$0.48B,$6.80B,7.20%,$0.48B,$4.66B,10.56%,$0.48B,$14.96B,3.33%,$0.79B,$10.21B,7.99%,$3061,$2537,$523,$0,$555,$3092,$-31,$-230,$134,$14,$120,$118,$118,$-160,$-31,$871,871,$0.14,$0.14,$2295,$1953,$274,$6440,$0,$52,$2141,$1006,$3417,$14961,$3911,$3414,$830,$4250,$8161,$5598,$1161,$0,$6801,$14961,$637,$0,$0,$0,$0,$0,$0,$0,$323,$960,$-223,$0,$0,$0,$0,$0,$-102,$-326,$0,$0,$215,$0,$15,$-164,$0,$66,$652,$0,$0
16,2014-03-31,18.99,$0.00,0.0,$15.62,1.22,$2.55,7.46,$0.52,36.53,$5.55B,$3.31B,1.68,$3.07B,$6.43B,0.48,$13.60B,$3.35B,24.64%,$13.60B,$0.75B,5.51%,$13.60B,$0.75B,5.51%,$13.60B,$1.29B,9.50%,$13.60B,$0.51B,3.71%,$13.60B,$0.45B,3.33%,$0.45B,$6.43B,6.74%,$0.45B,$4.43B,9.92%,$0.45B,$13.56B,3.13%,$0.75B,$9.50B,7.46%,$3296,$2310,$986,$0,$564,$2874,$422,$-83,$155,$19,$135,$141,$141,$550,$422,$871,871,$0.16,$0.16,$1636,$1296,$1349,$5550,$0,$75,$2001,$905,$3207,$13564,$3312,$3069,$745,$3821,$7133,$5284,$122,$0,$6431,$13564,$134,$128,$0,$128,$0,$0,$0,$0,$100,$402,$-70,$0,$0,$0,$0,$1,$-54,$-123,$0,$0,$-29,$0,$12,$-155,$0,$-172,$79,$0,$0
17,2013-12-31,19.67,$0.00,0.0,$16.01,1.23,$2.24,8.78,$0.57,34.51,$6.17B,$3.93B,1.57,$3.49B,$6.85B,0.51,$13.96B,$3.26B,23.35%,$13.96B,$0.64B,4.57%,$13.96B,$0.64B,4.57%,$13.96B,$1.19B,8.50%,$13.96B,$0.57B,4.05%,$13.96B,$0.49B,3.54%,$0.49B,$6.85B,7.06%,$0.49B,$4.63B,10.41%,$0.49B,$15.09B,3.31%,$0.64B,$10.34B,6.15%,$3501,$2711,$791,$0,$734,$3445,$56,$-110,$84,$-5,$89,$89,$89,$226,$56,$852,872,$0.10,$0.10,$1677,$1450,$881,$6172,$0,$50,$2218,$1295,$3873,$15090,$3932,$3489,$810,$4308,$8240,$5808,$1171,$0,$6850,$15090,$495,$548,$0,$548,$0,$0,$0,$0,$-210,$1547,$-701,$0,$-34,$0,$0,$58,$-28,$-705,$0,$0,$-71,$0,$-12,$-270,$0,$-353,$558,$0,$0
18,2013-09-30,23.12,$0.00,0.0,$16.76,1.38,$1.63,14.15,$0.80,28.9,$5.41B,$3.37B,1.61,$3.17B,$6.51B,0.49,$14.58B,$3.61B,24.73%,$14.58B,$0.94B,6.45%,$14.58B,$0.94B,6.45%,$14.58B,$1.46B,10.02%,$14.58B,$0.74B,5.08%,$14.58B,$0.69B,4.73%,$0.69B,$6.51B,9.64%,$0.69B,$4.43B,14.23%,$0.69B,$13.99B,4.57%,$0.94B,$9.68B,8.89%,$3463,$2482,$982,$0,$634,$3116,$347,$-56,$148,$19,$129,$131,$131,$450,$347,$871,871,$0.15,$0.15,$1222,$1598,$716,$5407,$0,$67,$2081,$1118,$3558,$13987,$3367,$3170,$930,$4110,$7477,$5458,$181,$0,$6511,$13987,$374,$379,$0,$379,$0,$0,$0,$0,$-183,$999,$-326,$0,$0,$0,$0,$42,$-219,$-503,$0,$0,$-102,$0,$-18,$-254,$0,$-374,$151,$0,$0
19,2013-06-30,20.28,$0.00,0.0,$16.61,1.22,$1.04,19.48,$0.70,28.98,$5.82B,$3.65B,1.6,$3.56B,$7.08B,0.5,$14.59B,$3.30B,22.63%,$14.59B,$0.63B,4.34%,$14.59B,$0.63B,4.34%,$14.59B,$1.16B,7.96%,$14.59B,$0.65B,4.45%,$14.59B,$0.60B,4.13%,$0.60B,$7.08B,8.28%,$0.60B,$4.77B,12.25%,$0.60B,$15.34B,3.89%,$0.63B,$10.64B,5.91%,$3335,$2743,$591,$0,$668,$3411,$-76,$-126,$118,$17,$101,$92,$92,$65,$-76,$867,867,$0.11,$0.11,$1240,$1526,$1450,$5815,$0,$44,$2311,$1300,$3999,$15342,$3646,$3560,$1042,$4614,$8260,$6052,$72,$0,$7082,$15342,$275,$277,$0,$277,$0,$0,$0,$0,$-298,$610,$-242,$0,$0,$0,$0,$37,$-169,$-374,$0,$0,$-110,$0,$8,$-107,$-5,$-214,$47,$0,$0
20,2013-03-31,20.64,$0.00,0.0,$16.64,1.24,$0.72,28.8,$0.59,34.98,$5.50B,$3.46B,1.59,$3.32B,$7.53B,0.44,$14.64B,$3.35B,22.90%,$14.64B,$0.76B,5.18%,$14.64B,$0.76B,5.18%,$14.64B,$1.26B,8.58%,$14.64B,$0.53B,3.60%,$14.64B,$0.51B,3.51%,$0.51B,$7.53B,7.03%,$0.51B,$5.14B,10.42%,$0.51B,$15.23B,3.28%,$0.76B,$10.84B,7.13%,$3658,$2763,$895,$0,$584,$3347,$311,$-51,$215,$37,$179,$182,$182,$446,$311,$876,876,$0.21,$0.21,$963,$1600,$1400,$5498,$0,$53,$2383,$1504,$4276,$15230,$3458,$3315,$918,$4246,$7703,$6245,$166,$0,$7527,$15230,$180,$136,$0,$136,$0,$0,$0,$0,$-118,$274,$-209,$0,$0,$0,$0,$-11,$-77,$-297,$0,$0,$-152,$0,$-3,$-88,$0,$-243,$-275,$0,$0
21,2012-12-31,19.61,$0.00,0.0,$16.42,1.19,$0.76,25.9,$0.48,40.86,$5.97B,$3.84B,1.55,$3.64B,$7.50B,0.49,$14.35B,$2.99B,20.86%,$14.35B,$0.37B,2.61%,$14.35B,$0.37B,2.61%,$14.35B,$0.87B,6.07%,$14.35B,$0.42B,2.93%,$14.35B,$0.41B,2.88%,$0.41B,$7.50B,5.53%,$0.41B,$5.06B,8.16%,$0.41B,$15.84B,2.57%,$0.37B,$11.15B,3.52%,$4122,$2986,$1137,$0,$778,$3764,$358,$-7,$259,$-28,$286,$285,$285,$500,$358,$866,866,$0.33,$0.33,$1331,$2260,$724,$5967,$0,$57,$2446,$1285,$4161,$15842,$3843,$3644,$837,$4495,$8338,$6415,$1164,$0,$7504,$15842,$419,$498,$0,$498,$0,$0,$0,$0,$-223,$1258,$-944,$0,$0,$0,$0,$-281,$3,$-1222,$0,$0,$469,$0,$7,$-226,$-17,$232,$290,$0,$0
22,2012-09-30,16.07,$0.00,0.0,$16.18,0.99,$0.41,39.13,$0.23,69.88,$5.61B,$3.68B,1.53,$3.20B,$7.02B,0.46,$14.13B,$2.87B,20.29%,$14.13B,$0.17B,1.19%,$14.13B,$0.17B,1.19%,$14.13B,$0.52B,3.70%,$14.13B,$0.34B,2.40%,$14.13B,$0.19B,1.37%,$0.19B,$7.02B,2.52%,$0.19B,$4.71B,3.69%,$0.19B,$15.62B,1.17%,$0.17B,$10.21B,1.58%,$3479,$2800,$679,$0,$639,$3439,$40,$-58,$57,$13,$44,$44,$44,$151,$40,$910,910,$0.05,$0.05,$1046,$1698,$1526,$5614,$0,$62,$2305,$1193,$4953,$15615,$3680,$3196,$761,$4917,$8597,$0,$894,$0,$7018,$15615,$124,$355,$0,$355,$0,$0,$0,$0,$-81,$820,$-657,$0,$0,$0,$0,$4,$-186,$-839,$0,$0,$290,$0,$0,$-217,$0,$73,$69,$0,$0
23,2012-06-30,14.11,$0.00,0.0,$16.53,0.85,$0.23,61.04,$0.42,33.6,$5.95B,$3.94B,1.51,$3.18B,$7.21B,0.44,$14.28B,$2.92B,20.48%,$14.28B,$0.19B,1.34%,$14.28B,$0.19B,1.34%,$14.28B,$0.44B,3.05%,$14.28B,$0.45B,3.13%,$14.28B,$0.36B,2.53%,$0.36B,$7.21B,4.43%,$0.36B,$4.82B,6.43%,$0.36B,$16.07B,2.09%,$0.19B,$10.40B,1.74%,$3385,$2743,$642,$0,$592,$3335,$50,$-175,$-4,$-9,$6,$3,$3,$160,$50,$872,872,$0.00,$0.00,$1408,$1538,$1562,$5950,$0,$202,$2395,$1071,$5089,$16068,$3939,$3184,$783,$4917,$8857,$0,$922,$0,$7211,$16068,$82,$245,$0,$245,$0,$0,$0,$0,$-83,$563,$-475,$0,$-5,$0,$0,$-26,$-100,$-606,$0,$0,$582,$0,$0,$0,$-174,$408,$379,$0,$0
24,2012-03-31,18.52,$0.00,0.0,$17.17,1.08,$-0.13,0.0,$0.78,23.75,$5.91B,$4.20B,1.41,$2.55B,$8.14B,0.31,$14.84B,$3.26B,21.97%,$14.84B,$0.46B,3.13%,$14.84B,$0.46B,3.13%,$14.84B,$0.75B,5.02%,$14.84B,$0.74B,4.97%,$14.84B,$0.67B,4.51%,$0.67B,$8.14B,7.82%,$0.67B,$5.66B,11.22%,$0.67B,$16.78B,3.77%,$0.46B,$10.69B,4.05%,$3365,$2829,$535,$0,$609,$3439,$-74,$-42,$109,$23,$87,$81,$81,$60,$-74,$850,850,$0.10,$0.10,$1147,$1732,$1504,$5914,$0,$129,$2482,$1035,$5123,$16782,$4203,$2547,$863,$4439,$8642,$7060,$81,$0,$8140,$16782,$87,$135,$0,$135,$0,$0,$0,$0,$133,$349,$-252,$0,$0,$0,$0,$-15,$-67,$-334,$0,$0,$100,$0,$0,$0,$-193,$-93,$-92,$0,$0
25,2011-12-31,18.1,$0.00,0.0,$15.23,1.19,$-0.38,0.0,$0.94,19.25,$6.68B,$4.80B,1.39,$2.76B,$8.48B,0.33,$13.24B,$1.80B,13.59%,$13.24B,$-1.00B,-7.58%,$13.24B,$-1.00B,-7.58%,$13.24B,$-0.72B,-5.47%,$13.24B,$0.91B,6.90%,$13.24B,$0.82B,6.19%,$0.82B,$8.48B,9.49%,$0.82B,$5.84B,13.60%,$0.82B,$18.01B,4.61%,$-1.00B,$11.24B,-8.62%,$3899,$2889,$1010,$0,$858,$3748,$152,$-66,$177,$123,$55,$66,$66,$152,$152,$863,863,$0.08,$0.08,$1646,$1609,$1466,$6682,$0,$104,$2635,$1125,$5443,$18011,$4798,$2764,$897,$4737,$9535,$0,$1057,$0,$8476,$18011,$821,$532,$0,$532,$0,$0,$0,$0,$-1350,$686,$-672,$0,$-138,$0,$0,$15,$-331,$-1127,$0,$0,$156,$0,$-43,$0,$-309,$-196,$-567,$0,$0
26,2011-09-30,16.05,$0.00,0.0,$15.09,1.06,$1.03,15.64,$1.11,14.46,$6.84B,$4.33B,1.58,$3.09B,$8.75B,0.35,$13.19B,$1.67B,12.67%,$13.19B,$-0.73B,-5.51%,$13.19B,$-0.73B,-5.51%,$13.19B,$-0.31B,-2.34%,$13.19B,$1.02B,7.71%,$13.19B,$0.97B,7.36%,$0.97B,$8.75B,11.45%,$0.97B,$6.13B,16.42%,$0.97B,$18.19B,5.63%,$-0.73B,$11.83B,-6.32%,$3629,$2892,$737,$0,$673,$3565,$64,$-152,$165,$-54,$220,$211,$211,$64,$64,$869,869,$0.24,$0.24,$2123,$1772,$1437,$6844,$0,$115,$2617,$1145,$5591,$18189,$4334,$3086,$959,$5109,$9444,$7688,$1469,$0,$8745,$18189,$0,$0,$0,$0,$0,$0,$0,$0,$0,$0,$0,$0,$0,$0,$0,$0,$0,$0,$0,$0,$0,$0,$0,$0,$0,$0,$0,$0,$0
27,2011-06-30,15.87,$0.00,0.0,$14.70,1.08,$1.31,12.1,$1.00,15.87,$6.90B,$4.01B,1.72,$3.11B,$8.92B,0.35,$12.83B,$1.85B,14.39%,$12.83B,$-0.58B,-4.55%,$12.83B,$-0.58B,-4.55%,$12.83B,$-0.03B,-0.26%,$12.83B,$1.03B,8.03%,$12.83B,$0.87B,6.77%,$0.87B,$8.92B,10.55%,$0.87B,$6.26B,14.82%,$0.87B,$18.13B,5.34%,$-0.58B,$12.03B,-5.19%,$3950,$2970,$979,$0,$658,$3628,$322,$-35,$287,$-26,$313,$312,$312,$469,$322,$873,873,$0.36,$0.36,$2406,$1510,$1436,$6896,$0,$116,$2658,$1120,$5481,$18130,$4011,$3106,$1007,$5197,$9209,$7819,$1038,$0,$8922,$18130,$553,$279,$0,$279,$0,$0,$0,$0,$-946,$4,$-233,$0,$0,$0,$0,$2,$-154,$-384,$0,$0,$405,$0,$-24,$0,$-131,$250,$-211,$0,$0
28,2011-03-31,17.27,$0.00,0.0,$13.72,1.26,$1.71,10.08,$0.72,23.99,$6.15B,$3.29B,1.87,$3.06B,$8.43B,0.36,$12.00B,$1.73B,14.43%,$12.00B,$-0.71B,-5.93%,$12.00B,$-0.71B,-5.93%,$12.00B,$-0.20B,-1.66%,$12.00B,$0.83B,6.90%,$12.00B,$0.63B,5.25%,$0.63B,$8.43B,8.01%,$0.63B,$5.88B,11.05%,$0.63B,$16.77B,4.14%,$-0.71B,$11.49B,-6.50%,$1763,$2690,$-927,$0,$615,$3305,$-1542,$-30,$284,$52,$232,$231,$231,$-1409,$-1542,$872,873,$0.26,$0.26,$1996,$1453,$1254,$6147,$0,$127,$2550,$1001,$5148,$16768,$3288,$3058,$986,$5050,$8338,$7490,$870,$0,$8430,$16768,$231,$132,$0,$132,$0,$0,$0,$0,$-402,$37,$-157,$0,$0,$0,$0,$1,$-10,$-166,$0,$0,$143,$0,$0,$0,$-126,$17,$-130,$0,$0
29,2010-12-31,15.27,$0.00,0.0,$15.43,0.99,$1.80,8.47,$0.49,31.17,$5.62B,$3.25B,1.73,$2.84B,$7.78B,0.37,$13.50B,$3.83B,28.34%,$13.50B,$1.40B,10.38%,$13.50B,$1.40B,10.38%,$13.50B,$1.88B,13.92%,$13.50B,$0.57B,4.24%,$13.50B,$0.43B,3.18%,$0.43B,$7.78B,5.59%,$0.43B,$5.36B,7.61%,$0.43B,$15.84B,2.96%,$1.40B,$10.62B,12.92%,$3844,$2961,$882,$0,$452,$3413,$430,$-66,$280,$48,$232,$216,$216,$567,$430,$879,879,$0.25,$0.25,$1812,$1219,$1128,$5624,$0,$226,$2424,$756,$4826,$15841,$3246,$2840,$1038,$4811,$8057,$7112,$608,$0,$7784,$15841,$459,$480,$0,$480,$0,$0,$0,$0,$626,$1845,$-591,$0,$0,$0,$0,$0,$-37,$-628,$0,$0,$-816,$0,$0,$0,$-88,$-904,$235,$0,$0
30,2010-09-30,13.93,$0.00,0.0,$15.16,0.92,$0.27,51.97,$0.26,53.59,$5.46B,$2.81B,1.94,$3.12B,$7.78B,0.4,$12.69B,$3.91B,30.81%,$12.69B,$1.25B,9.81%,$12.69B,$1.25B,9.81%,$12.69B,$1.62B,12.78%,$12.69B,$0.30B,2.40%,$12.69B,$0.23B,1.78%,$0.23B,$7.78B,3.05%,$0.23B,$5.92B,4.05%,$0.23B,$14.33B,1.64%,$1.25B,$10.91B,11.74%,$3273,$2361,$912,$0,$707,$3067,$206,$-26,$179,$61,$118,$109,$109,$340,$206,$864,864,$0.13,$0.13,$1756,$1685,$710,$5460,$0,$284,$1861,$619,$3485,$14329,$2810,$3123,$404,$3737,$6547,$0,$182,$0,$7782,$14329,$215,$343,$0,$343,$0,$0,$0,$0,$-190,$498,$-252,$0,$0,$0,$0,$1055,$-170,$634,$0,$0,$-837,$0,$0,$-88,$-1,$-926,$166,$0,$0
31,2010-06-30,11.9,$0.00,0.0,$15.01,0.79,$-0.46,0.0,$0.28,43.26,$5.32B,$2.66B,2.0,$3.28B,$7.45B,0.44,$12.51B,$3.84B,30.70%,$12.51B,$1.30B,10.37%,$12.51B,$1.30B,10.37%,$12.51B,$1.69B,13.53%,$12.51B,$0.25B,2.02%,$12.51B,$0.24B,1.92%,$0.24B,$7.45B,3.32%,$0.24B,$5.64B,4.25%,$0.24B,$13.98B,1.76%,$1.30B,$10.73B,12.39%,$3116,$2252,$864,$0,$668,$2921,$195,$-96,$85,$7,$78,$74,$74,$303,$195,$880,880,$0.08,$0.08,$1811,$1591,$699,$5322,$0,$326,$1810,$605,$3468,$13980,$2658,$3278,$410,$3873,$6531,$0,$72,$0,$7448,$13980,$103,$208,$0,$208,$0,$0,$0,$0,$-190,$343,$-220,$0,$-3,$0,$0,$663,$-6,$433,$0,$0,$-749,$0,$0,$-56,$-1,$-806,$-30,$0,$0
32,2010-03-31,12.29,$0.00,0.0,$13.55,0.91,$-0.71,0.0,$0.28,43.91,$5.40B,$2.64B,2.05,$3.43B,$7.71B,0.45,$11.10B,$3.66B,32.99%,$11.10B,$1.50B,13.52%,$11.10B,$1.50B,13.52%,$11.10B,$1.85B,16.66%,$11.10B,$0.25B,2.24%,$11.10B,$0.24B,2.13%,$0.24B,$7.71B,4.03%,$0.24B,$5.63B,5.21%,$0.24B,$13.91B,2.07%,$1.50B,$11.14B,17.34%,$3270,$2101,$1169,$0,$599,$2700,$570,$-86,$28,$-4,$32,$30,$30,$670,$570,$877,877,$0.03,$0.03,$1878,$1705,$677,$5397,$0,$352,$1723,$599,$3361,$13905,$2638,$3430,$320,$3912,$6550,$0,$29,$0,$7705,$13905,$29,$100,$0,$100,$0,$0,$0,$0,$-236,$5,$-46,$0,$-0,$0,$0,$214,$-48,$119,$0,$0,$-404,$0,$0,$-56,$-0,$-461,$-348,$0,$0
33,2009-12-31,11.72,$0.00,0.0,$11.33,1.03,$-0.76,0.0,$0.12,97.66,$5.31B,$2.99B,1.78,$2.99B,$6.68B,0.45,$9.08B,$2.85B,31.32%,$9.08B,$1.04B,11.47%,$9.08B,$1.04B,11.47%,$9.08B,$1.34B,14.79%,$9.08B,$0.17B,1.87%,$9.08B,$0.10B,1.08%,$0.10B,$6.68B,2.26%,$0.10B,$5.10B,2.90%,$0.10B,$13.07B,1.07%,$1.04B,$9.67B,15.59%,$3033,$2068,$965,$0,$691,$2759,$274,$-34,$12,$22,$-10,$13,$13,$309,$274,$740,740,$0.02,$0.02,$2157,$1576,$668,$5310,$0,$353,$1575,$536,$3046,$13071,$2987,$2991,$283,$3405,$6392,$0,$368,$0,$6679,$13071,$61,$300,$0,$300,$0,$0,$0,$0,$105,$237,$-319,$0,$293,$0,$0,$-481,$-115,$-622,$0,$0,$-1833,$0,$2689,$-13,$-47,$797,$338,$0,$0
34,2009-09-30,11.86,$0.00,0.0,$8.96,1.32,$-0.65,0.0,$0.09,131.73,$5.93B,$2.99B,1.98,$3.29B,$7.08B,0.47,$7.43B,$2.32B,31.25%,$7.43B,$0.93B,12.57%,$7.43B,$0.93B,12.57%,$7.43B,$1.20B,16.14%,$7.43B,$0.90B,12.08%,$7.43B,$0.08B,1.02%,$0.08B,$7.08B,2.34%,$0.08B,$6.21B,3.09%,$0.08B,$13.71B,1.02%,$0.93B,$10.36B,17.43%,$3095,$2251,$844,$0,$584,$2836,$259,$121,$128,$13,$115,$123,$123,$411,$259,$851,851,$0.15,$0.15,$2215,$1815,$739,$5934,$0,$2040,$869,$541,$4018,$13706,$2991,$3289,$294,$3640,$6631,$6695,$51,$0,$7075,$13706,$62,$266,$0,$266,$0,$0,$0,$0,$-213,$-167,$-208,$0,$275,$0,$0,$-607,$-124,$-665,$0,$0,$-1838,$0,$0,$-13,$2794,$943,$38,$0,$0
35,2009-06-30,8.5,$0.00,0.0,$9.51,0.89,$-0.21,0.0,$-0.09,0.0,$2.49B,$1.45B,1.72,$1.52B,$1.94B,0.78,$6.18B,$1.89B,30.66%,$6.18B,$0.78B,12.61%,$6.18B,$0.78B,12.61%,$6.18B,$0.89B,14.46%,$6.18B,$0.72B,11.62%,$6.18B,$-0.06B,-1.00%,$-0.06B,$1.94B,-3.15%,$-0.06B,$1.19B,-4.51%,$-0.06B,$5.03B,-1.15%,$0.78B,$3.46B,23.92%,$1706,$1020,$685,$0,$287,$1307,$398,$81,$81,$18,$63,$70,$70,$460,$398,$819,819,$0.09,$0.09,$693,$740,$474,$2485,$0,$0,$746,$153,$1094,$5032,$1445,$1521,$94,$1647,$3092,$1666,$-57,$0,$1940,$5032,$-47,$114,$0,$114,$0,$0,$0,$0,$91,$37,$-131,$0,$0,$0,$0,$69,$-45,$-108,$0,$0,$-74,$0,$0,$-12,$0,$-86,$-200,$0,$0
36,2009-03-31,5.52,$0.00,0.0,$9.88,0.56,$-0.09,0.0,$-0.84,0.0,$2.46B,$1.36B,1.81,$1.56B,$1.68B,0.93,$6.50B,$1.90B,29.28%,$6.50B,$0.78B,11.98%,$6.50B,$0.78B,11.98%,$6.50B,$0.83B,12.78%,$6.50B,$-0.18B,-2.72%,$6.50B,$-0.68B,-10.50%,$-0.68B,$1.68B,-34.55%,$-0.68B,$1.01B,-43.50%,$-0.68B,$4.73B,-12.70%,$0.78B,$3.25B,27.00%,$1249,$898,$351,$0,$240,$1137,$111,$-44,$-51,$47,$-98,$-108,$-108,$163,$111,$829,829,$-0.13,$-0.13,$783,$696,$387,$2457,$0,$0,$671,$126,$1013,$4729,$1355,$1564,$98,$1689,$3045,$0,$0,$0,$1684,$4729,$-98,$52,$0,$52,$0,$0,$0,$0,$-60,$-10,$-65,$0,$0,$0,$0,$10,$0,$-55,$0,$0,$5,$0,$0,$-11,$0,$-5,$-71,$0,$0
37,2008-12-31,5.87,$0.00,0.0,$10.11,0.58,$0.00,0.0,$-0.68,0.0,$3.33B,$1.72B,1.94,$2.07B,$2.29B,0.91,$6.67B,$1.86B,27.91%,$6.67B,$0.72B,10.79%,$6.67B,$0.72B,10.79%,$6.67B,$0.72B,10.79%,$6.67B,$-0.10B,-1.54%,$6.67B,$-0.55B,-8.18%,$-0.55B,$2.29B,-25.23%,$-0.55B,$1.43B,-28.36%,$-0.55B,$6.25B,-9.98%,$0.72B,$4.36B,26.85%,$1383,$940,$443,$0,$277,$1217,$166,$583,$740,$191,$549,$-9,$-9,$166,$166,$800,800,$-0.01,$-0.01,$1101,$941,$525,$3334,$0,$1,$861,$248,$1290,$6249,$1716,$2072,$133,$2244,$3960,$0,$392,$0,$2290,$6249,$30,$335,$0,$335,$0,$0,$0,$0,$-417,$354,$-353,$0,$-443,$0,$0,$54,$-164,$-906,$0,$668,$0,$0,$0,$-64,$19,$623,$70,$0,$0
38,2008-09-30,8.71,$0.00,0.0,$9.85,0.89,$-0.18,0.0,$-0.61,0.0,$2.94B,$1.60B,1.84,$0.00B,$1.96B,0.0,$6.37B,$2.50B,39.24%,$6.37B,$1.63B,25.66%,$6.37B,$1.63B,25.66%,$6.37B,$1.67B,26.29%,$6.37B,$0.24B,3.72%,$6.37B,$-0.50B,-7.84%,$-0.50B,$1.96B,-24.85%,$-0.50B,$1.86B,-25.60%,$-0.50B,$5.47B,-10.50%,$1.63B,$1.96B,75.49%,$1839,$1424,$415,$0,$311,$1736,$104,$-156,$-52,$-43,$-10,$-15,$-15,$104,$104,$439,439,$-0.04,$-0.04,$0,$0,$0,$2944,$0,$105,$95,$581,$782,$5465,$1603,$0,$1903,$1904,$3506,$0,$442,$0,$1959,$5465,$0,$0,$0,$0,$0,$0,$0,$0,$0,$0,$0,$0,$0,$0,$0,$0,$0,$0,$0,$0,$0,$0,$0,$0,$0,$0,$0,$0,$0
39,2008-06-30,12.13,$0.00,0.0,$7.03,1.72,$-0.37,0.0,$-0.50,0.0,$2.63B,$1.59B,1.66,$0.00B,$1.98B,0.0,$5.45B,$2.40B,44.00%,$5.45B,$1.67B,30.66%,$5.45B,$1.67B,30.66%,$5.45B,$1.71B,31.39%,$5.45B,$0.36B,6.56%,$5.45B,$-0.43B,-7.96%,$-0.43B,$1.98B,-23.88%,$-0.43B,$1.98B,-24.34%,$-0.43B,$5.07B,-10.73%,$1.67B,$1.98B,84.69%,$2031,$1336,$695,$0,$296,$1632,$398,$-895,$-814,$-282,$-531,$-551,$-551,$398,$398,$828,828,$-0.67,$-0.67,$0,$0,$0,$2632,$0,$109,$0,$575,$771,$5065,$1587,$0,$1503,$1503,$3090,$0,$-110,$0,$1975,$5065,$0,$0,$0,$0,$0,$0,$0,$0,$0,$0,$0,$0,$0,$0,$0,$0,$0,$0,$0,$0,$0,$0,$0,$0,$0,$0,$0,$0,$0
40,2008-03-31,10.05,$0.00,0.0,$6.82,1.48,$-0.37,0.0,$0.27,37.94,$2.30B,$1.44B,1.6,$0.00B,$2.43B,0.0,$4.20B,$2.49B,59.13%,$4.20B,$2.06B,48.88%,$4.20B,$2.06B,48.88%,$4.20B,$2.10B,49.83%,$4.20B,$1.95B,46.46%,$4.20B,$0.15B,3.64%,$0.15B,$2.43B,11.56%,$0.15B,$2.43B,11.87%,$0.15B,$5.10B,5.50%,$2.06B,$2.43B,138.80%,$1418,$1109,$309,$0,$257,$1366,$52,$-29,$23,$-9,$32,$29,$29,$52,$52,$816,816,$0.04,$0.04,$0,$0,$0,$2304,$0,$862,$0,$268,$1278,$5096,$1444,$0,$1219,$1219,$2664,$0,$421,$0,$2433,$5096,$0,$0,$0,$0,$0,$0,$0,$0,$0,$0,$0,$0,$0,$0,$0,$0,$0,$0,$0,$0,$0,$0,$0,$0,$0,$0,$0,$0,$0
41,2007-12-31,10.72,$0.00,0.0,$6.18,1.73,$-0.37,0.0,$0.28,38.97,$1.94B,$1.00B,1.94,$0.63B,$1.67B,0.38,$3.52B,$2.91B,82.68%,$3.52B,$2.73B,77.73%,$3.52B,$2.73B,77.73%,$3.52B,$2.77B,78.87%,$3.52B,$2.66B,75.65%,$3.52B,$0.15B,4.38%,$0.15B,$1.67B,21.52%,$0.15B,$1.53B,22.62%,$0.15B,$3.38B,10.23%,$2.73B,$2.29B,313.33%,$1080,$0,$1080,$0,$0,$0,$1080,$0,$1080,$0,$1080,$38,$38,$1120,$1080,$737,737,$0.05,$0.05,$915,$446,$168,$1944,$0,$33,$140,$117,$329,$3376,$1002,$626,$68,$710,$1712,$0,$375,$0,$1665,$3376,$166,$151,$0,$151,$0,$0,$0,$0,$-115,$174,$-307,$0,$-134,$0,$0,$33,$-22,$-429,$0,$0,$227,$0,$464,$0,$-39,$653,$398,$0,$0
42,2007-09-30,9.56,$0.00,0.0,$4.72,2.03,$-0.19,0.0,$0.22,42.96,$1.31B,$0.70B,1.86,$0.00B,$1.20B,0.0,$2.44B,$1.83B,75.00%,$2.44B,$1.65B,67.86%,$2.44B,$1.65B,67.86%,$2.44B,$1.65B,67.86%,$2.44B,$1.58B,64.86%,$2.44B,$0.12B,4.76%,$0.12B,$1.20B,21.40%,$0.12B,$1.20B,22.22%,$0.12B,$2.65B,9.52%,$1.65B,$1.20B,239.39%,$925,$608,$316,$0,$174,$783,$142,$-15,$69,$16,$53,$50,$50,$142,$142,$671,671,$0.08,$0.08,$0,$0,$0,$1308,$0,$12,$0,$129,$269,$2646,$704,$0,$721,$744,$1448,$0,$361,$0,$1198,$2646,$117,$112,$0,$112,$0,$0,$0,$0,$-77,$127,$-254,$0,$-85,$0,$0,$208,$-13,$-143,$0,$0,$6,$0,$-40,$0,$0,$-34,$-50,$0,$0
43,2007-06-30,8.32,$0.00,0.0,$4.55,1.83,0,0.0,$0.13,66.55,$0.00B,$0.00B,0.0,$0.00B,$0.00B,0.0,$2.15B,$2.15B,100.00%,$2.15B,$2.15B,100.00%,$2.15B,$2.15B,100.00%,$2.15B,$2.15B,100.00%,$2.15B,$2.15B,100.00%,$2.15B,$0.05B,2.51%,$0.05B,$0.00B,22.27%,$0.05B,$0.00B,24.27%,$0.05B,$0.00B,9.70%,$2.15B,$0.00B,549.87%,$781,$0,$781,$0,$0,$0,$781,$0,$781,$0,$781,$36,$36,$781,$781,$350,350,$0.10,$0.10,$0,$0,$0,$0,$0,$0,$0,$0,$0,$0,$0,$0,$0,$0,$0,$0,$0,$0,$0,$0,$0,$0,$0,$0,$0,$0,$0,$0,$0,$0,$0,$0,$0,$0,$0,$0,$0,$0,$0,$0,$0,$0,$0,$0,$0,$0,$0,$0,$0
44,2007-03-31,5.75,$0.00,0.0,$3.25,1.77,0,0.0,$0.03,176.78,$0.00B,$0.00B,0.0,$0.00B,$0.00B,0.0,$1.85B,$1.85B,100.00%,$1.85B,$1.85B,100.00%,$1.85B,$1.85B,100.00%,$1.85B,$1.85B,100.00%,$1.85B,$1.85B,100.00%,$1.85B,$0.02B,1.24%,$0.02B,$0.00B,9.48%,$0.02B,$0.00B,10.34%,$0.02B,$0.00B,4.13%,$1.85B,$0.00B,473.15%,$730,$0,$730,$0,$0,$0,$730,$0,$730,$0,$730,$30,$30,$730,$730,$660,660,$0.05,$0.05,$0,$0,$0,$0,$0,$0,$0,$0,$0,$0,$0,$0,$0,$0,$0,$0,$0,$0,$0,$0,$0,$0,$0,$0,$0,$0,$0,$0,$0,$0,$0,$0,$0,$0,$0,$0,$0,$0,$0,$0,$0,$0,$0,$0,$0,$0,$0,$0,$0
