,Date,Stock Price,Book Value per Share,Price to Book Ratio,TTM Sales per Share,Price to Sales Ratio,TTM FCF per Share,Price to FCF Ratio,TTM Net EPS,PE Ratio,Current Assets,Current Liabilities,Current Ratio,Long Term Debt,Shareholder's Equity_x,Debt to Equity Ratio,TTM Revenue_x,TTM Gross Profit,Gross Margin,TTM Revenue_y,TTM Operating Income,Operating Margin,TTM Revenue_x,TTM EBIT,EBIT Margin,TTM Revenue_y,TTM EBITDA,EBITDA Margin,TTM Revenue_x,TTM Pre-Tax Income,Pre-Tax Margin,TTM Revenue_y,TTM Net Income_x,Net Margin,TTM Net Income_y,Shareholder's Equity_y,Return on Equity,TTM Net Income_x,Tangible Equity,Return on Tangible Equity,TTM Net Income_y,Total Assets,Return on Assets,TTM Net Income,LT Investments & Debt,Return on Investment,revenue,cost-goods-sold,gross-profit,research-development-expenses,selling-general-administrative-expenses,operating-expenses,operating-income,total-non-operating-income-expense,pre-tax-income,total-provision-income-taxes,income-after-taxes,income-from-continuous-operations,net-income,ebitda,ebit,basic-shares-outstanding,shares-outstanding,eps-basic-net-earnings-per-share,eps-earnings-per-share-diluted,cash-on-hand,inventory,other-current-assets,total-current-assets,net-property-plant-equipment,long-term-investments,goodwill-intangible-assets-total,other-long-term-assets,total-long-term-assets,total-assets,total-current-liabilities,long-term-debt,other-non-current-liabilities,total-long-term-liabilities,total-liabilities,common-stock-net,retained-earnings-accumulated-deficit,comprehensive-income,total-share-holder-equity,total-liabilities-share-holders-equity,net-income-loss,total-depreciation-amortization-cash-flow,other-non-cash-items,total-non-cash-items,change-in-accounts-receivable,change-in-inventories,change-in-accounts-payable,change-in-assets-liabilities,total-change-in-assets-liabilities,cash-flow-from-operating-activities,net-change-in-property-plant-equipment,net-change-in-intangible-assets,net-acquisitions-divestitures,net-change-in-short-term-investments,net-change-in-long-term-investments,net-change-in-investments-total,investing-activities-other,cash-flow-from-investing-activities,net-long-term-debt,net-current-debt,debt-issuance-retirement-net-total,net-common-equity-issued-repurchased,net-total-equity-issued-repurchased,total-common-preferred-stock-dividends-paid,financial-activities-other,cash-flow-from-financial-activities,net-cash-flow,stock-based-compensation,common-stock-dividends-paid
0,2018-07-31,13.7,$6.67,2.06,$19.17,0.71,$0.39,35.57,$0.34,40.29,$0.06B,$0.02B,3.01,$0.00B,$0.06B,0.0,$0.17B,$0.06B,33.53%,$0.17B,$0.01B,4.62%,$0.17B,$0.01B,4.62%,$0.17B,$0.01B,6.94%,$0.17B,$0.01B,8.09%,$0.17B,$0.01B,4.05%,$0.01B,$0.06B,12.23%,$0.01B,$0.06B,12.23%,$0.01B,$0.10B,7.24%,$0.01B,$0.06B,13.97%,$38,$26,$12,$0,$11,$37,$2,$0,$2,$0,$1,$1,$1,$2,$2,$9,9,$0.16,$0.16,$13,$25,$0,$56,$26,$0,$0,$12,$44,$100,$19,$0,$21,$21,$40,$9,$64,$-21,$60,$100,$4,$3,$-2,$0,$1,$-2,$1,$-1,$0,$5,$-4,$0,$0,$0,$0,$0,$0,$-4,$-0,$0,$-0,$0,$0,$0,$0,$-0,$1,$0,$0
1,2018-04-30,15.03,$6.51,2.31,$18.96,0.79,$0.66,22.88,$0.56,26.84,$0.06B,$0.02B,3.54,$0.00B,$0.06B,0.0,$0.17B,$0.06B,34.88%,$0.17B,$0.01B,5.23%,$0.17B,$0.01B,5.23%,$0.17B,$0.01B,8.14%,$0.17B,$0.02B,8.72%,$0.17B,$0.01B,4.65%,$0.01B,$0.06B,14.95%,$0.01B,$0.06B,14.95%,$0.01B,$0.10B,8.31%,$0.01B,$0.06B,16.82%,$38,$26,$12,$0,$12,$37,$0,$6,$6,$2,$5,$5,$5,$1,$0,$9,9,$0.52,$0.52,$14,$24,$0,$55,$22,$0,$0,$13,$42,$97,$16,$0,$22,$22,$38,$9,$62,$-21,$59,$97,$3,$2,$-3,$-1,$3,$-1,$-1,$-2,$-2,$1,$1,$0,$0,$0,$0,$0,$0,$1,$-0,$0,$-0,$0,$0,$0,$0,$-0,$2,$0,$0
2,2018-01-31,16.51,$6.00,2.75,$18.55,0.89,$1.19,13.89,$0.19,86.89,$0.05B,$0.02B,3.26,$0.00B,$0.05B,0.0,$0.17B,$0.06B,36.31%,$0.17B,$0.01B,6.55%,$0.17B,$0.01B,6.55%,$0.17B,$0.02B,9.52%,$0.17B,$0.01B,6.55%,$0.17B,$0.00B,2.38%,$0.00B,$0.05B,8.08%,$0.00B,$0.05B,8.08%,$0.00B,$0.09B,4.20%,$0.01B,$0.05B,22.22%,$41,$27,$14,$0,$12,$39,$2,$0,$2,$4,$-2,$-2,$-2,$3,$2,$9,9,$-0.18,$-0.18,$7,$24,$0,$50,$21,$0,$0,$14,$42,$92,$15,$0,$22,$22,$38,$9,$58,$-21,$54,$92,$-2,$1,$3,$4,$1,$-1,$-0,$-4,$-4,$-1,$-4,$0,$0,$0,$0,$0,$0,$-4,$-0,$0,$-0,$0,$0,$0,$0,$-0,$-5,$0,$0
3,2017-10-31,12.8,$6.17,2.07,$18.42,0.69,$2.33,5.48,$0.64,20.0,$0.06B,$0.02B,3.44,$0.00B,$0.06B,0.0,$0.17B,$0.06B,37.13%,$0.17B,$0.01B,7.19%,$0.17B,$0.01B,7.19%,$0.17B,$0.02B,10.18%,$0.17B,$0.01B,7.19%,$0.17B,$0.01B,4.79%,$0.01B,$0.06B,17.30%,$0.01B,$0.06B,17.30%,$0.01B,$0.10B,8.47%,$0.01B,$0.06B,25.95%,$56,$37,$20,$0,$15,$52,$4,$0,$4,$1,$3,$3,$3,$6,$4,$9,9,$0.33,$0.33,$12,$23,$0,$56,$19,$0,$0,$13,$42,$98,$16,$0,$25,$25,$42,$9,$57,$-18,$56,$98,$9,$3,$-1,$3,$-2,$1,$1,$6,$5,$17,$-12,$0,$0,$0,$0,$0,$0,$-12,$-0,$0,$-0,$0,$0,$0,$0,$-0,$5,$0,$0
4,2017-07-31,11.16,$4.93,2.26,$16.93,0.66,$1.90,5.88,$0.93,12.0,$0.05B,$0.02B,3.47,$0.00B,$0.05B,0.0,$0.15B,$0.06B,38.31%,$0.15B,$0.01B,7.14%,$0.15B,$0.01B,7.14%,$0.15B,$0.02B,9.74%,$0.15B,$0.01B,7.14%,$0.15B,$0.01B,5.19%,$0.01B,$0.05B,19.05%,$0.01B,$0.05B,19.05%,$0.01B,$0.10B,8.72%,$0.01B,$0.05B,26.19%,$37,$23,$14,$0,$11,$34,$3,$0,$3,$1,$2,$2,$2,$4,$3,$9,9,$0.22,$0.22,$11,$20,$0,$51,$18,$0,$0,$15,$47,$98,$15,$0,$38,$38,$53,$9,$54,$-27,$45,$98,$6,$2,$-0,$2,$-2,$4,$0,$1,$6,$13,$-10,$0,$0,$0,$0,$0,$0,$-10,$-0,$0,$-0,$0,$0,$0,$0,$-0,$4,$0,$0
5,2017-04-30,12.42,$4.70,2.64,$16.19,0.77,$2.21,5.63,$0.91,13.65,$0.05B,$0.01B,3.52,$0.00B,$0.04B,0.0,$0.15B,$0.06B,38.78%,$0.15B,$0.01B,6.80%,$0.15B,$0.01B,6.80%,$0.15B,$0.01B,9.52%,$0.15B,$0.01B,6.80%,$0.15B,$0.01B,5.44%,$0.01B,$0.04B,19.51%,$0.01B,$0.04B,19.51%,$0.01B,$0.09B,9.07%,$0.01B,$0.04B,24.39%,$34,$21,$13,$0,$11,$32,$2,$0,$2,$1,$1,$1,$1,$3,$2,$9,9,$0.15,$0.15,$14,$18,$0,$47,$16,$0,$0,$14,$45,$93,$13,$0,$36,$36,$50,$9,$52,$-27,$43,$93,$4,$1,$-0,$1,$3,$6,$0,$-1,$9,$14,$-8,$0,$0,$0,$0,$0,$0,$-8,$-0,$0,$-0,$0,$0,$0,$0,$-0,$7,$0,$0
6,2017-01-31,12.0,$4.56,2.63,$15.86,0.76,$1.98,6.07,$0.92,13.05,$0.05B,$0.01B,3.86,$0.00B,$0.04B,0.0,$0.14B,$0.06B,38.89%,$0.14B,$0.01B,6.94%,$0.14B,$0.01B,6.94%,$0.14B,$0.01B,9.72%,$0.14B,$0.01B,6.94%,$0.14B,$0.01B,5.56%,$0.01B,$0.04B,20.00%,$0.01B,$0.04B,20.00%,$0.01B,$0.09B,9.44%,$0.01B,$0.04B,25.00%,$40,$25,$15,$0,$11,$37,$3,$0,$3,$1,$2,$2,$2,$4,$3,$9,9,$0.27,$0.27,$12,$19,$0,$50,$11,$0,$0,$14,$39,$89,$13,$0,$35,$35,$48,$9,$51,$-27,$41,$89,$2,$1,$-0,$0,$-0,$5,$-0,$-2,$4,$7,$-1,$0,$0,$0,$0,$0,$0,$-1,$-0,$0,$-0,$0,$0,$0,$0,$-0,$6,$0,$0
7,2016-10-31,11.4,$4.29,2.66,$15.43,0.74,$2.12,5.37,$0.86,13.26,$0.05B,$0.01B,3.98,$0.00B,$0.04B,0.0,$0.14B,$0.06B,39.29%,$0.14B,$0.01B,7.14%,$0.14B,$0.01B,7.14%,$0.14B,$0.01B,10.00%,$0.14B,$0.01B,7.14%,$0.14B,$0.01B,5.71%,$0.01B,$0.04B,20.51%,$0.01B,$0.04B,20.51%,$0.01B,$0.09B,9.79%,$0.01B,$0.04B,25.64%,$43,$26,$17,$0,$14,$40,$3,$0,$3,$0,$3,$3,$3,$4,$3,$9,9,$0.29,$0.29,$7,$24,$0,$49,$10,$0,$0,$14,$39,$87,$12,$0,$36,$36,$48,$9,$48,$-27,$39,$87,$8,$3,$-0,$3,$-3,$-4,$-2,$4,$-6,$5,$-3,$0,$0,$0,$0,$0,$0,$-3,$-0,$0,$-0,$-0,$-0,$0,$0,$-0,$1,$0,$0
8,2016-07-31,13.64,$4.49,3.03,$15.38,0.89,$2.65,5.14,$1.77,7.71,$0.05B,$0.02B,3.09,$0.00B,$0.04B,0.0,$0.14B,$0.05B,38.57%,$0.14B,$0.01B,7.14%,$0.14B,$0.01B,7.14%,$0.14B,$0.01B,10.00%,$0.14B,$0.01B,7.14%,$0.14B,$0.02B,11.43%,$0.02B,$0.04B,41.83%,$0.02B,$0.04B,41.83%,$0.02B,$0.08B,20.32%,$0.01B,$0.04B,26.14%,$30,$18,$12,$0,$10,$28,$2,$0,$2,$0,$2,$2,$2,$3,$2,$9,9,$0.20,$0.20,$12,$22,$0,$49,$11,$0,$0,$24,$35,$84,$16,$0,$27,$27,$43,$9,$45,$-22,$41,$84,$5,$2,$0,$2,$-0,$-2,$0,$1,$1,$9,$-2,$0,$0,$0,$0,$0,$0,$-2,$-0,$0,$-0,$-0,$-0,$0,$0,$-0,$6,$0,$0
9,2016-04-30,12.23,$4.29,2.85,$15.00,0.81,$3.03,4.04,$1.77,6.91,$0.05B,$0.01B,3.26,$0.00B,$0.04B,0.0,$0.14B,$0.05B,38.97%,$0.14B,$0.01B,7.35%,$0.14B,$0.01B,7.35%,$0.14B,$0.01B,10.29%,$0.14B,$0.01B,7.35%,$0.14B,$0.02B,11.76%,$0.02B,$0.04B,45.07%,$0.02B,$0.04B,45.07%,$0.02B,$0.08B,21.99%,$0.01B,$0.04B,28.17%,$31,$19,$12,$0,$10,$29,$2,$0,$2,$1,$1,$1,$1,$3,$2,$9,9,$0.16,$0.16,$10,$19,$0,$45,$10,$0,$0,$24,$34,$79,$14,$0,$26,$26,$40,$9,$44,$-22,$39,$79,$3,$1,$-0,$1,$-0,$1,$-1,$0,$1,$6,$-1,$0,$0,$0,$0,$0,$0,$-1,$-0,$0,$-0,$-0,$-0,$0,$0,$-0,$4,$0,$0
10,2016-01-31,8.71,$4.13,2.11,$14.50,0.6,$3.36,2.59,$1.85,4.71,$0.04B,$0.01B,3.17,$0.00B,$0.04B,0.0,$0.13B,$0.05B,38.64%,$0.13B,$0.01B,7.58%,$0.13B,$0.01B,7.58%,$0.13B,$0.01B,10.61%,$0.13B,$0.01B,7.58%,$0.13B,$0.02B,12.88%,$0.02B,$0.04B,51.91%,$0.02B,$0.04B,51.91%,$0.02B,$0.08B,25.19%,$0.01B,$0.04B,30.53%,$36,$22,$14,$0,$11,$33,$3,$0,$3,$1,$2,$2,$2,$4,$3,$9,9,$0.21,$0.21,$13,$16,$0,$43,$10,$0,$0,$24,$34,$77,$13,$0,$26,$26,$39,$9,$42,$-22,$37,$77,$2,$1,$1,$1,$1,$4,$-1,$0,$4,$7,$-1,$0,$0,$0,$0,$0,$0,$-1,$-0,$0,$-0,$-0,$-0,$0,$0,$-0,$7,$0,$0
11,2015-10-31,9.1,$3.93,2.32,$14.33,0.64,$3.14,2.9,$1.69,5.38,$0.04B,$0.01B,2.87,$0.00B,$0.04B,0.0,$0.13B,$0.05B,35.88%,$0.13B,$0.01B,5.34%,$0.13B,$0.01B,5.34%,$0.13B,$0.01B,8.40%,$0.13B,$0.01B,5.34%,$0.13B,$0.02B,11.45%,$0.02B,$0.04B,50.00%,$0.02B,$0.04B,50.00%,$0.02B,$0.08B,24.00%,$0.01B,$0.04B,23.33%,$43,$26,$16,$0,$13,$39,$3,$0,$3,$-7,$11,$11,$11,$4,$3,$9,9,$1.21,$1.21,$6,$20,$0,$41,$10,$0,$0,$14,$35,$75,$14,$0,$25,$25,$40,$9,$40,$-22,$36,$75,$15,$3,$6,$9,$-7,$1,$0,$0,$-17,$7,$-1,$0,$0,$0,$0,$0,$0,$-1,$-0,$0,$-0,$-0,$-0,$0,$0,$-0,$6,$0,$0
12,2015-07-31,8.77,$3.25,2.7,$14.23,0.62,$1.62,5.42,$0.39,22.49,$0.04B,$0.01B,2.7,$0.00B,$0.03B,0.0,$0.13B,$0.04B,33.08%,$0.13B,$0.00B,2.31%,$0.13B,$0.00B,2.31%,$0.13B,$0.01B,5.38%,$0.13B,$0.00B,2.31%,$0.13B,$0.00B,2.31%,$0.00B,$0.03B,11.01%,$0.00B,$0.03B,11.01%,$0.00B,$0.06B,5.15%,$0.00B,$0.03B,11.01%,$26,$16,$11,$0,$9,$24,$2,$0,$2,$0,$2,$2,$2,$3,$2,$9,9,$0.20,$0.20,$10,$16,$0,$36,$10,$0,$0,$14,$24,$60,$13,$0,$17,$17,$31,$9,$29,$-17,$30,$60,$5,$2,$-0,$2,$1,$5,$-1,$-1,$4,$10,$-1,$0,$0,$0,$0,$0,$0,$-1,$-0,$0,$-0,$-0,$-0,$0,$0,$-0,$10,$0,$0
13,2015-04-30,8.29,$3.06,2.71,$14.38,0.58,$-0.25,0.0,$-0.07,0.0,$0.03B,$0.01B,2.61,$0.00B,$0.03B,0.0,$0.13B,$0.04B,29.55%,$0.13B,$-0.00B,-0.76%,$0.13B,$-0.00B,-0.76%,$0.13B,$0.00B,1.52%,$0.13B,$-0.00B,-0.76%,$0.13B,$-0.00B,-0.76%,$-0.00B,$0.03B,-3.67%,$-0.00B,$0.03B,-3.67%,$-0.00B,$0.06B,-1.73%,$-0.00B,$0.03B,-3.67%,$27,$16,$10,$0,$8,$24,$2,$0,$2,$0,$2,$2,$2,$3,$2,$9,9,$0.24,$0.24,$8,$16,$0,$34,$11,$0,$0,$14,$25,$58,$13,$0,$18,$18,$31,$9,$28,$-17,$28,$58,$3,$1,$0,$2,$0,$6,$-1,$-1,$4,$8,$-0,$0,$0,$0,$0,$0,$0,$-0,$-0,$0,$-0,$-0,$-0,$0,$0,$-0,$7,$0,$0
14,2015-01-31,7.51,$2.82,2.66,$14.87,0.5,$-1.38,0.0,$-0.45,0.0,$0.03B,$0.01B,2.41,$0.00B,$0.03B,0.0,$0.14B,$0.04B,27.94%,$0.14B,$-0.00B,-2.94%,$0.14B,$-0.00B,-2.94%,$0.14B,$-0.00B,-1.47%,$0.14B,$-0.00B,-2.94%,$0.14B,$-0.00B,-2.94%,$-0.00B,$0.03B,-14.16%,$-0.00B,$0.03B,-14.16%,$-0.00B,$0.06B,-6.84%,$-0.00B,$0.03B,-14.16%,$35,$25,$10,$0,$9,$34,$0,$0,$0,$0,$0,$0,$0,$1,$0,$9,9,$0.05,$0.05,$5,$14,$0,$32,$12,$0,$0,$14,$25,$57,$13,$0,$18,$18,$31,$9,$25,$-17,$26,$57,$0,$1,$1,$1,$-2,$7,$-1,$-1,$3,$5,$-0,$0,$0,$0,$0,$0,$0,$-0,$-0,$0,$-0,$-0,$-0,$0,$0,$-0,$5,$0,$0
15,2014-10-31,8.25,$2.77,2.98,$14.62,0.56,$-1.55,0.0,$-0.47,0.0,$0.03B,$0.01B,2.24,$0.00B,$0.03B,0.0,$0.13B,$0.04B,28.57%,$0.13B,$-0.00B,-3.01%,$0.13B,$-0.00B,-3.01%,$0.13B,$-0.00B,-1.50%,$0.13B,$-0.00B,-3.01%,$0.13B,$-0.00B,-3.01%,$-0.00B,$0.03B,-13.22%,$-0.00B,$0.03B,-13.22%,$-0.00B,$0.06B,-6.67%,$-0.00B,$0.03B,-13.22%,$42,$30,$12,$0,$13,$43,$-1,$0,$-1,$-0,$-1,$-1,$-1,$0,$-1,$9,9,$-0.11,$-0.11,$0,$21,$0,$32,$12,$0,$0,$14,$26,$58,$14,$0,$19,$19,$33,$9,$25,$-17,$25,$58,$-4,$3,$-1,$2,$4,$-2,$1,$-2,$-1,$-4,$-4,$0,$0,$0,$0,$0,$0,$-4,$-0,$0,$-0,$-0,$-0,$0,$0,$-0,$-8,$0,$0
16,2014-07-31,7.77,$3.28,2.37,$14.45,0.54,$-0.76,0.0,$-0.25,0.0,$0.03B,$0.01B,2.3,$0.00B,$0.03B,0.0,$0.13B,$0.04B,30.53%,$0.13B,$-0.00B,-1.53%,$0.13B,$-0.00B,-1.53%,$0.13B,0,0.00%,$0.13B,$-0.00B,-1.53%,$0.13B,$-0.00B,-1.53%,$-0.00B,$0.03B,-6.20%,$-0.00B,$0.03B,-6.20%,$-0.00B,$0.06B,-3.24%,$-0.00B,$0.03B,-6.20%,$28,$20,$7,$0,$10,$30,$-2,$0,$-2,$0,$-2,$-2,$-2,$-2,$-2,$9,9,$-0.26,$-0.26,$1,$20,$0,$32,$12,$0,$0,$14,$26,$58,$14,$0,$14,$14,$28,$9,$26,$-14,$30,$58,$-3,$2,$1,$3,$0,$-1,$-0,$-1,$-4,$-4,$-3,$0,$0,$0,$0,$0,$0,$-3,$-0,$0,$-0,$-0,$-0,$0,$0,$-0,$-7,$0,$0
17,2014-04-30,10.07,$3.54,2.85,$14.59,0.69,$-0.27,0.0,$0.01,0.0,$0.04B,$0.01B,2.46,$0.00B,$0.03B,0.0,$0.13B,$0.04B,31.82%,$0.13B,0,0.00%,$0.13B,0,0.00%,$0.13B,$0.00B,1.52%,$0.13B,0,0.00%,$0.13B,0,0.00%,$0.00B,$0.03B,0.00%,$0.00B,$0.03B,0.00%,$0.00B,$0.06B,0.00%,$0.00B,$0.03B,0.00%,$31,$22,$9,$0,$10,$33,$-1,$0,$-1,$0,$-1,$-1,$-1,$-1,$-1,$9,9,$-0.14,$-0.14,$5,$19,$0,$35,$12,$0,$0,$13,$26,$61,$14,$0,$14,$14,$29,$9,$28,$-14,$32,$61,$-1,$1,$-2,$-1,$4,$0,$-0,$-2,$1,$-1,$-2,$0,$0,$0,$0,$0,$0,$-2,$-0,$0,$-0,$-0,$-0,$0,$0,$-0,$-3,$0,$0
18,2014-01-31,9.55,$3.69,2.59,$14.29,0.67,$-0.29,0.0,$0.16,59.69,$0.04B,$0.02B,2.65,$0.00B,$0.03B,0.0,$0.13B,$0.04B,33.08%,$0.13B,$0.00B,0.77%,$0.13B,$0.00B,0.77%,$0.13B,$0.00B,3.08%,$0.13B,$0.00B,0.77%,$0.13B,$0.00B,0.77%,$0.00B,$0.03B,3.67%,$0.00B,$0.03B,3.67%,$0.00B,$0.06B,1.58%,$0.00B,$0.03B,3.67%,$32,$22,$10,$0,$10,$32,$0,$0,$0,$0,$0,$0,$0,$1,$0,$9,9,$0.03,$0.03,$11,$17,$0,$39,$11,$0,$0,$13,$24,$63,$15,$0,$15,$15,$30,$9,$29,$-14,$34,$63,$0,$1,$0,$1,$2,$2,$-0,$-1,$2,$4,$-0,$0,$0,$0,$0,$0,$0,$-0,$-0,$0,$-0,$-0,$-0,$0,$0,$-0,$3,$0,$0
19,2013-10-31,10.09,$3.66,2.75,$14.09,0.72,$-0.97,0.0,$0.32,31.53,$0.04B,$0.02B,2.58,$0.00B,$0.03B,0.0,$0.13B,$0.05B,34.88%,$0.13B,$0.00B,2.33%,$0.13B,$0.00B,2.33%,$0.13B,$0.01B,3.88%,$0.13B,$0.00B,2.33%,$0.13B,$0.00B,2.33%,$0.00B,$0.03B,12.50%,$0.00B,$0.03B,12.50%,$0.00B,$0.07B,4.76%,$0.00B,$0.03B,12.50%,$40,$26,$14,$0,$13,$39,$1,$0,$1,$-0,$1,$1,$1,$2,$1,$9,9,$0.12,$0.12,$8,$19,$0,$40,$11,$0,$0,$13,$24,$65,$16,$0,$16,$16,$31,$9,$29,$-14,$33,$65,$3,$2,$-1,$1,$-0,$-2,$0,$-1,$-0,$4,$-4,$0,$0,$0,$0,$0,$0,$-4,$-0,$0,$-0,$-0,$-0,$-0,$0,$-1,$-1,$0,$-0
20,2013-07-31,7.38,$2.34,3.15,$14.31,0.52,$-0.82,0.0,$0.42,17.57,$0.04B,$0.01B,2.74,$0.00B,$0.02B,0.0,$0.13B,$0.05B,35.88%,$0.13B,$0.00B,3.05%,$0.13B,$0.00B,3.05%,$0.13B,$0.01B,4.58%,$0.13B,$0.00B,3.05%,$0.13B,$0.00B,3.05%,$0.00B,$0.02B,19.28%,$0.00B,$0.02B,19.28%,$0.00B,$0.06B,6.43%,$0.00B,$0.02B,19.28%,$29,$20,$9,$0,$9,$29,$0,$0,$0,$0,$-0,$-0,$-0,$0,$0,$9,9,$0.00,$0.00,$6,$20,$0,$39,$11,$0,$0,$13,$24,$63,$14,$0,$27,$27,$41,$9,$28,$-25,$21,$63,$2,$1,$1,$2,$-1,$-2,$-0,$0,$-3,$1,$-3,$0,$0,$0,$0,$0,$0,$-3,$-0,$0,$-0,$-0,$-0,$-0,$0,$-1,$-3,$0,$-0
21,2013-04-30,7.58,$2.35,3.23,$14.14,0.54,$-0.35,0.0,$0.51,14.86,$0.04B,$0.01B,2.85,$0.00B,$0.02B,0.0,$0.13B,$0.05B,36.92%,$0.13B,$0.01B,3.85%,$0.13B,$0.01B,3.85%,$0.13B,$0.01B,5.38%,$0.13B,$0.01B,3.85%,$0.13B,$0.01B,3.85%,$0.01B,$0.02B,22.73%,$0.01B,$0.02B,22.73%,$0.01B,$0.06B,8.16%,$0.01B,$0.02B,22.73%,$29,$19,$10,$0,$10,$28,$0,$0,$0,$0,$0,$0,$0,$1,$0,$9,9,$0.01,$0.01,$6,$22,$0,$40,$9,$0,$0,$13,$22,$62,$14,$0,$27,$27,$41,$9,$28,$-25,$21,$62,$2,$1,$-0,$1,$1,$-4,$-1,$0,$-4,$-1,$-1,$0,$0,$0,$0,$0,$0,$-1,$-0,$0,$-0,$-0,$-0,$-0,$0,$-1,$-3,$0,$-0
22,2013-01-31,6.5,$2.34,2.78,$13.99,0.46,$-0.04,0.0,$0.61,10.66,$0.04B,$0.01B,2.82,$0.00B,$0.02B,0.0,$0.13B,$0.05B,37.50%,$0.13B,$0.01B,4.69%,$0.13B,$0.01B,4.69%,$0.13B,$0.01B,5.47%,$0.13B,$0.01B,4.69%,$0.13B,$0.01B,4.69%,$0.01B,$0.02B,26.09%,$0.01B,$0.02B,26.09%,$0.01B,$0.06B,10.04%,$0.01B,$0.02B,26.09%,$31,$19,$12,$0,$10,$29,$2,$0,$2,$0,$2,$2,$2,$2,$2,$9,9,$0.19,$0.19,$6,$21,$0,$40,$9,$0,$0,$13,$22,$62,$14,$0,$26,$26,$41,$9,$28,$-25,$21,$62,$2,$0,$-0,$0,$0,$-3,$-0,$-1,$-4,$-2,$-1,$0,$0,$0,$0,$0,$0,$-1,$-0,$0,$-0,$-0,$-0,$-0,$0,$-1,$-4,$0,$-0
23,2012-10-31,6.9,$2.20,3.14,$13.86,0.5,$0.33,20.78,$0.39,17.69,$0.04B,$0.02B,2.7,$0.00B,$0.02B,0.0,$0.13B,$0.05B,35.43%,$0.13B,$0.00B,3.15%,$0.13B,$0.00B,3.15%,$0.13B,$0.01B,3.94%,$0.13B,$0.00B,3.15%,$0.13B,$0.00B,3.15%,$0.00B,$0.02B,16.84%,$0.00B,$0.02B,16.84%,$0.00B,$0.06B,6.87%,$0.00B,$0.02B,16.84%,$42,$27,$16,$0,$13,$40,$2,$0,$2,$0,$2,$2,$2,$3,$2,$9,9,$0.23,$0.23,$10,$17,$0,$40,$9,$0,$0,$12,$21,$62,$15,$0,$27,$27,$41,$9,$27,$-25,$20,$62,$4,$2,$-1,$1,$-2,$-0,$0,$-2,$-2,$2,$-1,$0,$0,$0,$0,$0,$0,$-1,$-0,$0,$-0,$-0,$-0,$0,$0,$-0,$0,$0,$0
24,2012-07-31,7.74,$2.86,2.71,$13.30,0.58,$-0.20,0.0,$0.06,129.06,$0.04B,$0.01B,2.84,$0.00B,$0.03B,0.0,$0.12B,$0.04B,32.52%,$0.12B,$0.00B,0.81%,$0.12B,$0.00B,0.81%,$0.12B,$0.00B,0.81%,$0.12B,$0.00B,0.81%,$0.12B,$0.00B,0.81%,$0.00B,$0.03B,4.00%,$0.00B,$0.03B,4.00%,$0.00B,$0.06B,1.75%,$0.00B,$0.03B,4.00%,$28,$18,$10,$0,$9,$27,$1,$0,$1,$0,$1,$1,$1,$1,$1,$9,9,$0.09,$0.09,$11,$15,$0,$38,$9,$0,$0,$12,$21,$59,$13,$0,$20,$20,$33,$9,$25,$-17,$26,$59,$2,$1,$-0,$1,$-0,$1,$0,$-2,$-1,$2,$-0,$0,$0,$0,$0,$0,$0,$-0,$-0,$0,$-0,$-0,$-0,$0,$0,$-0,$2,$0,$0
25,2012-04-30,9.64,$2.77,3.47,$13.13,0.73,$-0.95,0.0,$-0.08,0.0,$0.04B,$0.01B,3.07,$0.00B,$0.03B,0.0,$0.12B,$0.04B,31.15%,$0.12B,$-0.00B,-0.82%,$0.12B,$-0.00B,-0.82%,$0.12B,0,0.00%,$0.12B,$-0.00B,-0.82%,$0.12B,0,0.00%,$0.00B,$0.03B,0.00%,$0.00B,$0.03B,0.00%,$0.00B,$0.06B,0.00%,$-0.00B,$0.03B,-3.67%,$27,$18,$10,$0,$9,$26,$1,$0,$1,$0,$1,$1,$1,$1,$1,$9,9,$0.11,$0.11,$9,$16,$0,$36,$7,$0,$0,$12,$20,$56,$12,$0,$19,$19,$30,$9,$24,$-17,$25,$56,$1,$1,$-0,$1,$0,$1,$0,$-1,$-1,$0,$-0,$0,$0,$0,$0,$0,$0,$-0,$0,$0,$0,$-0,$-0,$0,$0,$-0,$-0,$0,$0
26,2012-01-31,11.08,$2.67,4.16,$12.86,0.86,$-1.37,0.0,$-0.20,0.0,$0.04B,$0.01B,2.8,$0.00B,$0.02B,0.0,$0.12B,$0.04B,30.00%,$0.12B,$-0.00B,-1.67%,$0.12B,$-0.00B,-1.67%,$0.12B,$-0.00B,-0.83%,$0.12B,$-0.00B,-1.67%,$0.12B,$-0.00B,-0.83%,$-0.00B,$0.02B,-3.33%,$-0.00B,$0.02B,-3.33%,$-0.00B,$0.06B,-1.73%,$-0.00B,$0.02B,-6.67%,$30,$21,$9,$0,$9,$30,$-0,$0,$-0,$0,$-0,$-0,$-0,$0,$-0,$9,9,$-0.03,$-0.03,$10,$16,$0,$37,$8,$0,$0,$12,$20,$56,$13,$0,$19,$19,$32,$9,$23,$-17,$24,$56,$-0,$0,$-0,$0,$1,$1,$0,$-1,$1,$1,$-0,$0,$0,$0,$0,$0,$0,$-0,$0,$0,$0,$-0,$-0,$0,$0,$-0,$0,$0,$0
27,2011-10-31,9.58,$2.70,3.55,$12.72,0.75,$-1.73,0.0,$-0.04,0.0,$0.04B,$0.01B,2.81,$0.00B,$0.03B,0.0,$0.12B,$0.04B,31.09%,$0.12B,$-0.00B,-0.84%,$0.12B,$-0.00B,-0.84%,$0.12B,0,0.00%,$0.12B,$-0.00B,-0.84%,$0.12B,0,0.00%,$0.00B,$0.03B,0.00%,$0.00B,$0.03B,0.00%,$0.00B,$0.06B,0.00%,$-0.00B,$0.03B,-3.03%,$38,$27,$11,$0,$12,$39,$-1,$0,$-1,$-0,$-1,$-1,$-1,$-1,$-1,$9,9,$-0.11,$-0.11,$9,$17,$0,$37,$8,$0,$0,$12,$20,$57,$13,$0,$19,$19,$32,$9,$23,$-17,$25,$57,$-0,$2,$-3,$-2,$-2,$-1,$1,$-2,$-0,$-2,$-2,$0,$0,$0,$0,$0,$0,$-2,$0,$0,$0,$-1,$-1,$-1,$0,$-2,$-6,$0,$-1
28,2011-07-31,10.97,$3.78,2.9,$12.37,0.89,$-0.96,0.0,$0.26,42.19,$0.04B,$0.01B,3.24,$0.00B,$0.04B,0.0,$0.12B,$0.04B,33.62%,$0.12B,$0.00B,0.86%,$0.12B,$0.00B,0.86%,$0.12B,$0.00B,2.59%,$0.12B,$0.00B,0.86%,$0.12B,$0.00B,2.59%,$0.00B,$0.04B,8.39%,$0.00B,$0.04B,8.39%,$0.00B,$0.06B,5.04%,$0.00B,$0.04B,2.80%,$27,$18,$8,$0,$9,$27,$-1,$0,$-1,$-0,$-0,$-0,$-0,$-0,$-1,$9,9,$-0.05,$-0.05,$9,$18,$0,$38,$8,$0,$0,$12,$20,$58,$12,$0,$11,$11,$23,$9,$24,$-8,$35,$58,$1,$1,$-0,$1,$-1,$-2,$-0,$-2,$-6,$-4,$-2,$0,$0,$0,$0,$0,$0,$-2,$0,$0,$0,$-1,$-1,$-1,$0,$-2,$-7,$0,$-1
29,2011-04-30,10.17,$3.87,2.62,$12.39,0.82,$-0.04,0.0,$0.23,44.2,$0.04B,$0.01B,3.48,$0.00B,$0.04B,0.0,$0.12B,$0.04B,35.34%,$0.12B,$0.00B,1.72%,$0.12B,$0.00B,1.72%,$0.12B,$0.00B,2.59%,$0.12B,$0.00B,1.72%,$0.12B,$0.00B,1.72%,$0.00B,$0.04B,5.63%,$0.00B,$0.04B,5.63%,$0.00B,$0.06B,3.35%,$0.00B,$0.04B,5.63%,$25,$17,$8,$0,$9,$25,$-0,$0,$-0,$0,$-0,$-0,$-0,$0,$-0,$9,9,$-0.02,$-0.02,$11,$18,$0,$40,$8,$0,$0,$12,$19,$60,$12,$0,$12,$12,$24,$9,$25,$-8,$36,$60,$1,$1,$-0,$1,$-1,$-2,$0,$-2,$-5,$-3,$-1,$0,$0,$0,$0,$0,$0,$-1,$0,$0,$0,$-0,$-0,$-1,$0,$-1,$-5,$0,$-1
30,2011-01-31,11.89,$3.90,3.05,$12.56,0.95,$0.83,14.26,$0.44,27.03,$0.04B,$0.01B,3.66,$0.00B,$0.04B,0.0,$0.12B,$0.05B,38.14%,$0.12B,$0.00B,3.39%,$0.12B,$0.00B,3.39%,$0.12B,$0.01B,5.08%,$0.12B,$0.00B,3.39%,$0.12B,$0.00B,3.39%,$0.00B,$0.04B,11.35%,$0.00B,$0.04B,11.35%,$0.00B,$0.06B,6.72%,$0.00B,$0.04B,11.35%,$29,$19,$10,$0,$9,$28,$1,$0,$1,$-0,$1,$1,$1,$1,$1,$9,9,$0.13,$0.13,$12,$16,$0,$40,$8,$0,$0,$12,$19,$59,$11,$0,$12,$12,$23,$9,$25,$-8,$36,$59,$1,$0,$-0,$0,$-2,$0,$0,$-2,$-4,$-2,$-0,$0,$0,$0,$0,$0,$0,$-0,$0,$0,$0,$-0,$-0,$-1,$0,$-1,$-4,$0,$-1
31,2010-10-31,12.1,$3.88,3.12,$12.60,0.96,$1.38,8.8,$0.46,26.3,$0.04B,$0.01B,3.56,$0.00B,$0.04B,0.0,$0.12B,$0.05B,39.83%,$0.12B,$0.01B,4.24%,$0.12B,$0.01B,4.24%,$0.12B,$0.01B,5.93%,$0.12B,$0.01B,4.24%,$0.12B,$0.00B,3.39%,$0.00B,$0.04B,11.59%,$0.00B,$0.04B,11.59%,$0.00B,$0.06B,6.75%,$0.01B,$0.04B,14.49%,$35,$21,$13,$0,$12,$33,$1,$0,$1,$-0,$2,$2,$2,$2,$1,$9,9,$0.19,$0.19,$16,$16,$0,$41,$8,$0,$0,$11,$19,$61,$12,$0,$13,$13,$24,$9,$24,$-8,$36,$61,$4,$2,$0,$3,$2,$-1,$-1,$-1,$-2,$5,$-2,$0,$0,$0,$0,$0,$0,$-2,$0,$0,$0,$-0,$-0,$-1,$0,$-1,$2,$0,$-1
32,2010-07-31,14.34,$3.62,3.96,$13.06,1.1,$1.93,7.45,$0.61,23.51,$0.04B,$0.01B,3.42,$0.00B,$0.03B,0.0,$0.12B,$0.05B,41.80%,$0.12B,$0.01B,5.74%,$0.12B,$0.01B,5.74%,$0.12B,$0.01B,7.38%,$0.12B,$0.01B,5.74%,$0.12B,$0.01B,4.10%,$0.01B,$0.03B,14.93%,$0.01B,$0.03B,14.93%,$0.01B,$0.06B,8.51%,$0.01B,$0.03B,20.90%,$27,$17,$10,$0,$10,$27,$0,$0,$0,$1,$-1,$-1,$-1,$0,$0,$9,9,$-0.08,$-0.08,$16,$14,$0,$41,$8,$0,$0,$11,$18,$59,$12,$0,$14,$14,$26,$9,$23,$-9,$34,$59,$3,$2,$-0,$1,$-1,$1,$-0,$1,$0,$4,$-1,$0,$0,$0,$0,$0,$0,$-1,$0,$0,$0,$-0,$-0,$-1,$0,$-1,$2,$0,$-1
33,2010-04-30,12.62,$3.70,3.41,$12.96,0.97,$2.26,5.58,$0.80,15.78,$0.04B,$0.01B,3.68,$0.00B,$0.04B,0.0,$0.12B,$0.05B,42.98%,$0.12B,$0.01B,6.61%,$0.12B,$0.01B,6.61%,$0.12B,$0.01B,9.09%,$0.12B,$0.01B,6.61%,$0.12B,$0.01B,5.79%,$0.01B,$0.04B,21.54%,$0.01B,$0.04B,21.54%,$0.01B,$0.06B,12.12%,$0.01B,$0.04B,24.62%,$27,$15,$12,$0,$10,$25,$2,$0,$2,$0,$2,$2,$2,$3,$2,$9,9,$0.20,$0.20,$17,$14,$0,$40,$8,$0,$0,$11,$19,$59,$11,$0,$14,$14,$24,$9,$23,$-9,$35,$59,$3,$1,$-0,$1,$2,$2,$-1,$-0,$0,$5,$-1,$0,$0,$0,$0,$0,$0,$-1,$0,$0,$0,$-0,$-0,$-1,$0,$-1,$3,$0,$-1
34,2010-01-31,9.7,$3.50,2.77,$12.81,0.76,$2.38,4.08,$0.72,13.47,$0.04B,$0.01B,3.29,$0.00B,$0.03B,0.0,$0.12B,$0.05B,41.67%,$0.12B,$0.01B,5.83%,$0.12B,$0.01B,5.83%,$0.12B,$0.01B,8.33%,$0.12B,$0.01B,5.83%,$0.12B,$0.01B,5.00%,$0.01B,$0.03B,18.90%,$0.01B,$0.03B,18.90%,$0.01B,$0.06B,10.62%,$0.01B,$0.03B,22.05%,$29,$17,$12,$0,$10,$27,$2,$0,$2,$0,$1,$1,$1,$2,$2,$9,9,$0.15,$0.15,$15,$14,$0,$39,$8,$0,$0,$11,$19,$58,$12,$0,$13,$13,$25,$9,$22,$-9,$33,$58,$1,$1,$-0,$1,$1,$1,$-1,$-0,$1,$3,$-0,$0,$0,$0,$0,$0,$0,$-0,$0,$0,$0,$-0,$-0,$-1,$0,$-1,$1,$0,$-1
35,2009-10-31,8.13,$3.47,2.35,$13.02,0.62,$2.58,3.16,$0.73,11.14,$0.04B,$0.01B,3.03,$0.00B,$0.03B,0.0,$0.12B,$0.05B,40.65%,$0.12B,$0.01B,4.88%,$0.12B,$0.01B,4.88%,$0.12B,$0.01B,8.13%,$0.12B,$0.01B,4.88%,$0.12B,$0.01B,4.88%,$0.01B,$0.03B,20.34%,$0.01B,$0.03B,20.34%,$0.01B,$0.06B,10.86%,$0.01B,$0.03B,20.34%,$39,$23,$17,$0,$13,$36,$3,$0,$3,$0,$3,$3,$3,$4,$3,$9,9,$0.34,$0.34,$14,$16,$0,$40,$8,$0,$0,$11,$19,$59,$13,$0,$13,$13,$26,$9,$21,$-9,$32,$59,$7,$3,$0,$3,$-1,$0,$1,$0,$-0,$9,$-1,$0,$0,$0,$0,$0,$0,$-1,$0,$0,$0,$-1,$-1,$0,$0,$-1,$8,$0,$0
36,2009-07-31,8.65,$3.20,2.7,$12.84,0.67,$1.48,5.86,$-0.15,0.0,$0.04B,$0.01B,3.14,$0.00B,$0.03B,0.0,$0.12B,$0.05B,37.70%,$0.12B,$0.00B,0.82%,$0.12B,$0.00B,0.82%,$0.12B,$0.01B,4.10%,$0.12B,$0.00B,0.82%,$0.12B,$-0.00B,-1.64%,$-0.00B,$0.03B,-6.72%,$-0.00B,$0.03B,-6.72%,$-0.00B,$0.06B,-3.74%,$0.00B,$0.03B,3.36%,$26,$15,$11,$0,$10,$25,$1,$0,$1,$0,$1,$1,$1,$2,$1,$9,9,$0.11,$0.11,$12,$15,$0,$36,$9,$0,$0,$10,$19,$55,$11,$0,$13,$13,$25,$9,$18,$-8,$30,$55,$4,$2,$-0,$2,$2,$1,$1,$-1,$2,$8,$-1,$0,$0,$0,$0,$0,$0,$-1,$0,$0,$0,$-0,$-0,$0,$0,$-0,$6,$0,$0
37,2009-04-30,4.63,$3.40,1.36,$12.86,0.36,$0.56,8.32,$-0.92,0.0,$0.04B,$0.01B,3.09,$0.00B,$0.03B,0.0,$0.12B,$0.04B,35.77%,$0.12B,$-0.00B,-1.63%,$0.12B,$-0.00B,-1.63%,$0.12B,$0.00B,1.63%,$0.12B,$-0.00B,-1.63%,$0.12B,$-0.01B,-7.32%,$-0.01B,$0.03B,-28.57%,$-0.01B,$0.03B,-28.57%,$-0.01B,$0.05B,-16.59%,$-0.00B,$0.03B,-6.35%,$26,$15,$10,$0,$9,$25,$1,$0,$1,$0,$1,$1,$1,$2,$1,$9,9,$0.11,$0.11,$11,$15,$0,$35,$9,$0,$0,$10,$19,$54,$11,$0,$11,$11,$22,$9,$17,$-5,$32,$54,$3,$1,$-0,$1,$1,$1,$1,$-0,$2,$6,$-1,$0,$0,$0,$0,$0,$0,$-1,$0,$0,$0,$-0,$-0,$0,$0,$-0,$5,$0,$0
38,2009-01-31,3.62,$2.58,1.4,$12.71,0.29,$0.04,100.95,$-1.12,0.0,$0.03B,$0.01B,2.99,$0.00B,$0.02B,0.0,$0.12B,$0.04B,35.25%,$0.12B,$-0.00B,-3.28%,$0.12B,$-0.00B,-3.28%,$0.12B,$-0.00B,-0.82%,$0.12B,$-0.00B,-3.28%,$0.12B,$-0.01B,-9.02%,$-0.01B,$0.02B,-31.88%,$-0.01B,$0.02B,-31.88%,$-0.01B,$0.05B,-19.38%,$-0.00B,$0.02B,-11.59%,$32,$20,$12,$0,$10,$30,$1,$0,$1,$0,$1,$1,$1,$2,$1,$9,9,$0.16,$0.16,$10,$13,$0,$33,$10,$0,$0,$10,$20,$53,$11,$0,$17,$17,$29,$9,$16,$-12,$24,$53,$1,$1,$0,$1,$-0,$3,$0,$-0,$2,$5,$-0,$0,$0,$0,$0,$0,$0,$-0,$0,$0,$0,$-0,$-0,$0,$0,$-0,$4,$0,$0
39,2008-10-31,4.15,$3.45,1.2,$12.54,0.33,$0.05,90.03,$-1.31,0.0,$0.03B,$0.01B,2.78,$0.00B,$0.03B,0.0,$0.12B,$0.04B,33.88%,$0.12B,$-0.01B,-4.13%,$0.12B,$-0.01B,-4.13%,$0.12B,$-0.00B,-2.48%,$0.12B,$-0.01B,-4.13%,$0.12B,$-0.01B,-9.92%,$-0.01B,$0.03B,-30.00%,$-0.01B,$0.03B,-30.00%,$-0.01B,$0.05B,-19.83%,$-0.01B,$0.03B,-12.50%,$38,$25,$13,$0,$14,$40,$-2,$0,$-2,$3,$-5,$-5,$-5,$-1,$-2,$10,10,$-0.53,$-0.53,$6,$16,$0,$32,$10,$0,$0,$10,$20,$52,$11,$0,$8,$8,$19,$9,$14,$-2,$33,$52,$-12,$3,$-2,$1,$-0,$2,$0,$-1,$11,$-0,$-2,$0,$0,$0,$0,$0,$0,$-2,$0,$0,$0,$-3,$-3,$0,$0,$-3,$-5,$0,$0
40,2008-07-31,5.94,$3.88,1.53,$12.40,0.48,$1.35,4.4,$-0.77,0.0,$0.04B,$0.01B,3.09,$0.00B,$0.04B,0.0,$0.12B,$0.04B,34.71%,$0.12B,$-0.00B,-2.48%,$0.12B,$-0.00B,-2.48%,$0.12B,$-0.00B,-0.83%,$0.12B,$-0.00B,-2.48%,$0.12B,$-0.01B,-5.79%,$-0.01B,$0.04B,-15.82%,$-0.01B,$0.04B,-15.82%,$-0.01B,$0.06B,-10.85%,$-0.00B,$0.04B,-6.78%,$27,$18,$9,$0,$10,$29,$-2,$0,$-2,$4,$-6,$-6,$-6,$-1,$-2,$9,9,$-0.66,$-0.66,$6,$18,$0,$36,$11,$0,$0,$12,$22,$58,$12,$0,$10,$10,$22,$9,$19,$-4,$37,$58,$-7,$2,$-0,$2,$1,$-0,$1,$-1,$5,$-1,$-2,$0,$0,$0,$0,$0,$0,$-2,$0,$0,$0,$-3,$-3,$0,$0,$-3,$-5,$0,$0
41,2008-04-30,5.98,$4.69,1.28,$12.28,0.49,$2.80,2.14,$-0.11,0.0,$0.04B,$0.01B,3.3,$0.00B,$0.04B,0.0,$0.12B,$0.04B,35.54%,$0.12B,$-0.00B,-0.83%,$0.12B,$-0.00B,-0.83%,$0.12B,$0.00B,0.83%,$0.12B,$-0.00B,-0.83%,$0.12B,$-0.00B,-0.83%,$-0.00B,$0.04B,-2.11%,$-0.00B,$0.04B,-2.11%,$-0.00B,$0.06B,-1.49%,$-0.00B,$0.04B,-2.11%,$25,$16,$9,$0,$9,$26,$-1,$0,$-1,$-0,$-1,$-1,$-1,$-1,$-1,$10,10,$-0.08,$-0.08,$9,$18,$0,$37,$11,$0,$0,$16,$26,$64,$11,$0,$8,$8,$19,$10,$26,$-2,$44,$64,$-1,$1,$-0,$1,$2,$0,$1,$-0,$1,$1,$-1,$0,$0,$0,$0,$0,$0,$-1,$0,$0,$0,$-3,$-3,$0,$0,$-3,$-2,$0,$0
42,2008-01-31,6.1,$4.62,1.32,$12.51,0.49,$4.22,1.45,$-0.06,0.0,$0.04B,$0.01B,3.65,$0.00B,$0.05B,0.0,$0.12B,$0.04B,35.48%,$0.12B,0,0.00%,$0.12B,0,0.00%,$0.12B,$0.00B,1.61%,$0.12B,0,0.00%,$0.12B,0,0.00%,$0.00B,$0.05B,0.00%,$0.00B,$0.05B,0.00%,$0.00B,$0.07B,0.00%,$0.00B,$0.05B,0.00%,$31,$21,$10,$0,$10,$32,$-0,$0,$-0,$-0,$-0,$-0,$-0,$0,$-0,$10,10,$-0.03,$-0.03,$16,$13,$0,$40,$11,$0,$0,$17,$28,$68,$11,$0,$12,$12,$23,$10,$26,$-5,$46,$68,$-0,$1,$-0,$1,$0,$5,$0,$0,$4,$5,$-0,$0,$0,$0,$0,$0,$0,$-0,$0,$0,$0,$-0,$-0,$0,$0,$-0,$4,$0,$0
43,2007-10-31,6.89,$5.05,1.36,$12.59,0.55,$3.91,1.76,$-0.03,0.0,$0.04B,$0.01B,3.48,$0.00B,$0.05B,0.0,$0.13B,$0.05B,36.00%,$0.13B,0,0.00%,$0.13B,0,0.00%,$0.13B,$0.00B,2.40%,$0.13B,0,0.00%,$0.13B,0,0.00%,$0.00B,$0.05B,0.00%,$0.00B,$0.05B,0.00%,$0.00B,$0.07B,0.00%,$0.00B,$0.05B,0.00%,$38,$25,$14,$0,$13,$39,$-0,$0,$-0,$-0,$-0,$-0,$-0,$1,$-0,$10,10,$0.00,$0.00,$11,$18,$0,$41,$11,$0,$0,$11,$26,$68,$12,$0,$6,$6,$18,$10,$27,$-1,$50,$68,$-0,$3,$-1,$3,$2,$1,$-1,$8,$10,$12,$-2,$0,$0,$0,$0,$0,$0,$-2,$0,$0,$0,$-1,$-1,$0,$0,$-1,$10,$0,$0
44,2007-07-31,7.43,$5.05,1.47,$13.08,0.57,$2.32,3.2,$0.08,92.92,$0.04B,$0.01B,3.78,$0.00B,$0.05B,0.0,$0.13B,$0.05B,36.15%,$0.13B,$0.00B,0.77%,$0.13B,$0.00B,0.77%,$0.13B,$0.00B,3.08%,$0.13B,$0.00B,0.77%,$0.13B,$0.00B,0.77%,$0.00B,$0.05B,2.00%,$0.00B,$0.05B,2.00%,$0.00B,$0.07B,1.41%,$0.00B,$0.05B,2.00%,$27,$17,$10,$0,$9,$27,$0,$0,$0,$0,$0,$0,$0,$1,$0,$10,10,$0.00,$0.00,$13,$19,$0,$43,$12,$0,$0,$14,$26,$69,$11,$0,$7,$7,$19,$10,$27,$-1,$50,$69,$-0,$2,$-0,$2,$3,$1,$-1,$11,$11,$13,$-1,$0,$0,$0,$0,$0,$0,$-1,$0,$0,$0,$-0,$-0,$0,$0,$-0,$12,$0,$0
45,2007-04-30,7.28,$5.08,1.43,$13.22,0.55,$0.76,9.63,$0.10,72.77,$0.04B,$0.01B,3.71,$0.00B,$0.05B,0.0,$0.13B,$0.05B,36.64%,$0.13B,$0.00B,0.76%,$0.13B,$0.00B,0.76%,$0.13B,$0.00B,3.05%,$0.13B,$0.00B,0.76%,$0.13B,$0.00B,0.76%,$0.00B,$0.05B,2.00%,$0.00B,$0.05B,2.00%,$0.00B,$0.07B,1.40%,$0.00B,$0.05B,2.00%,$28,$18,$10,$0,$10,$28,$-0,$0,$-0,$-0,$-0,$-0,$-0,$0,$-0,$10,10,$-0.03,$-0.03,$16,$16,$0,$43,$12,$0,$0,$14,$26,$70,$12,$0,$7,$7,$19,$10,$27,$-1,$50,$70,$-0,$2,$-0,$2,$2,$3,$-1,$11,$14,$15,$-1,$0,$0,$0,$0,$0,$0,$-1,$0,$0,$0,$-0,$-0,$0,$0,$-0,$14,$0,$0
46,2007-01-31,7.51,$5.06,1.48,$13.25,0.57,$0.15,48.59,$0.14,53.65,$0.04B,$0.01B,3.64,$0.00B,$0.05B,0.0,$0.13B,$0.05B,37.40%,$0.13B,$0.00B,0.76%,$0.13B,$0.00B,0.76%,$0.13B,$0.01B,3.82%,$0.13B,$0.00B,0.76%,$0.13B,$0.00B,0.76%,$0.00B,$0.05B,2.01%,$0.00B,$0.05B,2.01%,$0.00B,$0.07B,1.38%,$0.00B,$0.05B,2.01%,$32,$22,$11,$0,$10,$32,$0,$0,$0,$0,$0,$0,$0,$1,$0,$10,10,$0.00,$0.00,$18,$15,$0,$44,$13,$0,$0,$14,$27,$71,$12,$0,$8,$8,$20,$10,$27,$-1,$50,$71,$0,$1,$-0,$1,$2,$4,$-1,$-4,$1,$2,$-0,$0,$0,$0,$0,$0,$0,$-0,$0,$0,$0,$-0,$-0,$0,$0,$-0,$1,$0,$0
47,2006-10-31,6.01,$5.04,1.19,$13.47,0.45,$0.37,16.06,$0.13,46.24,$0.05B,$0.01B,3.23,$0.00B,$0.05B,0.0,$0.13B,$0.05B,36.57%,$0.13B,$0.00B,0.75%,$0.13B,$0.00B,0.75%,$0.13B,$0.01B,3.73%,$0.13B,$0.00B,0.75%,$0.13B,$0.00B,0.75%,$0.00B,$0.05B,2.03%,$0.00B,$0.05B,2.03%,$0.00B,$0.07B,1.38%,$0.00B,$0.05B,2.03%,$43,$27,$16,$0,$14,$42,$1,$0,$1,$0,$1,$1,$1,$2,$1,$10,10,$0.11,$0.11,$13,$20,$0,$46,$13,$0,$0,$11,$27,$73,$14,$0,$9,$9,$23,$10,$27,$-1,$50,$73,$1,$4,$1,$5,$-1,$2,$0,$-10,$-9,$-3,$-2,$0,$0,$0,$1,$1,$0,$-2,$0,$0,$0,$-0,$-0,$0,$0,$-0,$-5,$0,$0
