,Date,Stock Price,Book Value per Share,Price to Book Ratio,TTM Sales per Share,Price to Sales Ratio,TTM FCF per Share,Price to FCF Ratio,TTM Net EPS,PE Ratio,Current Assets,Current Liabilities,Current Ratio,Long Term Debt,Shareholder's Equity_x,Debt to Equity Ratio,TTM Revenue_x,TTM Gross Profit,Gross Margin,TTM Revenue_y,TTM Operating Income,Operating Margin,TTM Revenue_x,TTM EBIT,EBIT Margin,TTM Revenue_y,TTM EBITDA,EBITDA Margin,TTM Revenue_x,TTM Pre-Tax Income,Pre-Tax Margin,TTM Revenue_y,TTM Net Income_x,Net Margin,TTM Net Income_y,Shareholder's Equity_y,Return on Equity,TTM Net Income_x,Tangible Equity,Return on Tangible Equity,TTM Net Income_y,Total Assets,Return on Assets,TTM Net Income,LT Investments & Debt,Return on Investment,revenue,cost-goods-sold,gross-profit,research-development-expenses,selling-general-administrative-expenses,operating-expenses,operating-income,total-non-operating-income-expense,pre-tax-income,total-provision-income-taxes,income-after-taxes,income-from-continuous-operations,net-income,ebitda,ebit,basic-shares-outstanding,shares-outstanding,eps-basic-net-earnings-per-share,eps-earnings-per-share-diluted,cash-on-hand,inventory,other-current-assets,total-current-assets,net-property-plant-equipment,long-term-investments,goodwill-intangible-assets-total,other-long-term-assets,total-long-term-assets,total-assets,total-current-liabilities,long-term-debt,other-non-current-liabilities,total-long-term-liabilities,total-liabilities,common-stock-net,retained-earnings-accumulated-deficit,comprehensive-income,total-share-holder-equity,total-liabilities-share-holders-equity,net-income-loss,total-depreciation-amortization-cash-flow,other-non-cash-items,total-non-cash-items,change-in-accounts-receivable,change-in-inventories,change-in-accounts-payable,change-in-assets-liabilities,total-change-in-assets-liabilities,cash-flow-from-operating-activities,net-change-in-property-plant-equipment,net-change-in-intangible-assets,net-acquisitions-divestitures,net-change-in-short-term-investments,net-change-in-long-term-investments,net-change-in-investments-total,investing-activities-other,cash-flow-from-investing-activities,net-long-term-debt,net-current-debt,debt-issuance-retirement-net-total,net-common-equity-issued-repurchased,net-total-equity-issued-repurchased,total-common-preferred-stock-dividends-paid,financial-activities-other,cash-flow-from-financial-activities,net-cash-flow,stock-based-compensation,common-stock-dividends-paid
0,2018-09-30,33.45,$5.27,6.34,$11.87,2.82,$1.89,17.69,$0.63,53.1,$1.26B,$0.56B,2.24,$0.23B,$0.83B,0.27,$1.87B,$0.88B,46.96%,$1.87B,$0.25B,13.18%,$1.87B,$0.25B,13.18%,$1.87B,$0.31B,16.54%,$1.87B,$0.23B,12.43%,$1.87B,$0.10B,5.23%,$0.10B,$0.83B,12.51%,$0.10B,$0.46B,22.29%,$0.10B,$1.89B,5.24%,$0.25B,$1.05B,23.60%,$467,$244,$223,$42,$107,$398,$69,$-4,$65,$21,$44,$44,$43,$85,$69,$156,157,$0.28,$0.28,$270,$519,$149,$1262,$261,$0,$367,$0,$628,$1889,$563,$225,$276,$501,$1064,$2,$0,$13,$825,$1889,$103,$48,$28,$77,$-7,$-55,$-1,$-0,$-72,$107,$-29,$0,$-55,$117,$0,$117,$0,$33,$-1,$-175,$-176,$9,$9,$-19,$-3,$-189,$-54,$8,$-19
1,2018-06-30,29.04,$5.02,5.78,$11.65,2.49,$1.56,18.65,$0.58,50.07,$1.18B,$0.53B,2.22,$0.21B,$0.79B,0.26,$1.84B,$0.86B,46.45%,$1.84B,$0.23B,12.43%,$1.84B,$0.23B,12.43%,$1.84B,$0.29B,15.90%,$1.84B,$0.22B,11.67%,$1.84B,$0.09B,4.99%,$0.09B,$0.79B,12.07%,$0.09B,$0.42B,21.94%,$0.09B,$1.81B,4.88%,$0.23B,$0.99B,21.03%,$444,$239,$205,$44,$111,$395,$49,$-6,$43,$12,$32,$32,$31,$65,$49,$156,157,$0.20,$0.20,$259,$509,$135,$1182,$259,$0,$365,$0,$624,$1806,$532,$206,$284,$489,$1021,$2,$0,$15,$785,$1806,$59,$32,$22,$55,$37,$-45,$-14,$4,$-34,$80,$-17,$0,$-38,$117,$0,$117,$0,$62,$-1,$-195,$-196,$7,$7,$-13,$-2,$-204,$-66,$5,$-13
2,2018-03-31,29.88,$5.06,5.9,$11.42,2.62,$1.17,25.62,$0.53,56.38,$1.24B,$0.56B,2.22,$0.21B,$0.79B,0.26,$1.81B,$0.84B,46.09%,$1.81B,$0.22B,11.85%,$1.81B,$0.22B,11.85%,$1.81B,$0.28B,15.38%,$1.81B,$0.20B,11.14%,$1.81B,$0.08B,4.63%,$0.08B,$0.79B,11.10%,$0.08B,$0.47B,20.25%,$0.08B,$1.83B,4.39%,$0.22B,$1.00B,18.86%,$432,$232,$199,$43,$110,$394,$38,$-2,$36,$8,$27,$27,$27,$54,$38,$156,157,$0.17,$0.17,$284,$518,$125,$1241,$270,$0,$320,$0,$590,$1831,$559,$206,$276,$482,$1040,$2,$0,$51,$790,$1831,$27,$16,$14,$29,$10,$-32,$-14,$26,$-13,$44,$-9,$0,$-0,$117,$0,$117,$0,$108,$-0,$-195,$-195,$3,$3,$-6,$0,$-199,$-41,$3,$-6
3,2017-12-31,34.23,$4.71,7.27,$11.06,3.09,$1.11,30.73,$0.49,69.85,$1.36B,$0.53B,2.59,$0.42B,$0.73B,0.57,$1.77B,$0.81B,46.01%,$1.77B,$0.22B,12.17%,$1.77B,$0.22B,12.17%,$1.77B,$0.28B,15.73%,$1.77B,$0.20B,11.21%,$1.77B,$0.08B,4.47%,$0.08B,$0.73B,10.64%,$0.08B,$0.41B,19.92%,$0.08B,$1.95B,4.12%,$0.22B,$1.15B,18.38%,$531,$277,$253,$44,$113,$440,$91,$-2,$89,$92,$-3,$-3,$-3,$106,$91,$158,159,$-0.02,$-0.02,$439,$486,$114,$1359,$267,$0,$323,$0,$590,$1949,$525,$416,$275,$691,$1215,$2,$0,$27,$734,$1949,$80,$64,$51,$115,$-56,$-7,$34,$-17,$-41,$154,$-32,$0,$-66,$68,$0,$68,$0,$-30,$-1,$4,$3,$-132,$-132,$-26,$-4,$-159,$-17,$11,$-26
4,2017-09-30,29.64,$4.74,6.26,$10.63,2.79,$0.93,31.86,$0.94,31.53,$1.34B,$0.51B,2.6,$0.48B,$0.74B,0.65,$1.71B,$0.78B,45.72%,$1.71B,$0.20B,11.78%,$1.71B,$0.20B,11.78%,$1.71B,$0.26B,15.42%,$1.71B,$0.20B,11.55%,$1.71B,$0.15B,8.85%,$0.15B,$0.74B,20.63%,$0.15B,$0.38B,36.19%,$0.15B,$1.96B,8.03%,$0.20B,$1.22B,17.42%,$436,$237,$199,$41,$103,$384,$51,$-4,$47,$10,$38,$38,$37,$68,$51,$158,159,$0.23,$0.23,$429,$515,$123,$1337,$260,$0,$364,$0,$625,$1962,$514,$481,$228,$708,$1222,$2,$0,$11,$740,$1962,$83,$48,$10,$58,$-8,$-38,$-9,$-30,$-90,$51,$-24,$0,$-66,$16,$0,$16,$0,$-75,$-1,$69,$68,$-114,$-114,$-19,$-4,$-70,$-78,$8,$-19
5,2017-06-30,28.69,$4.80,5.97,$10.32,2.78,$0.86,33.48,$1.00,28.69,$1.30B,$0.49B,2.63,$0.43B,$0.76B,0.56,$1.66B,$0.77B,46.03%,$1.66B,$0.20B,11.78%,$1.66B,$0.20B,11.78%,$1.66B,$0.26B,15.32%,$1.66B,$0.19B,11.60%,$1.66B,$0.16B,9.68%,$0.16B,$0.76B,22.29%,$0.16B,$0.40B,37.84%,$0.16B,$1.91B,8.75%,$0.20B,$1.19B,17.65%,$415,$230,$185,$40,$103,$380,$35,$-5,$30,$6,$24,$24,$23,$51,$35,$160,160,$0.15,$0.15,$440,$505,$114,$1300,$253,$0,$361,$0,$613,$1913,$494,$431,$226,$656,$1150,$2,$0,$-13,$763,$1913,$46,$31,$5,$36,$17,$-37,$-24,$-15,$-66,$15,$-14,$0,$-59,$-49,$0,$-49,$0,$-122,$-0,$19,$19,$-33,$-33,$-13,$-4,$-31,$-125,$5,$-13
6,2017-03-31,23.18,$4.57,5.07,$10.03,2.31,$0.77,29.93,$0.94,24.65,$1.26B,$0.52B,2.46,$0.39B,$0.73B,0.53,$1.62B,$0.75B,46.33%,$1.62B,$0.18B,11.17%,$1.62B,$0.18B,11.17%,$1.62B,$0.24B,14.68%,$1.62B,$0.18B,11.17%,$1.62B,$0.15B,9.44%,$0.15B,$0.73B,21.89%,$0.15B,$0.40B,35.98%,$0.15B,$1.84B,8.54%,$0.18B,$1.12B,17.08%,$385,$209,$176,$38,$98,$347,$38,$-6,$32,$10,$22,$22,$22,$53,$38,$160,161,$0.14,$0.13,$465,$476,$98,$1264,$241,$0,$335,$0,$576,$1840,$515,$385,$209,$593,$1108,$2,$0,$-60,$732,$1840,$22,$15,$7,$22,$26,$-31,$-3,$3,$-11,$33,$-5,$0,$-40,$-27,$0,$-27,$0,$-71,$-0,$-27,$-27,$1,$1,$-6,$0,$-32,$-65,$3,$-6
7,2016-12-31,21.0,$4.34,4.84,$9.91,2.12,$0.47,44.55,$0.95,22.11,$1.28B,$0.53B,2.43,$0.39B,$0.69B,0.57,$1.61B,$0.74B,46.06%,$1.61B,$0.18B,10.99%,$1.61B,$0.18B,10.99%,$1.61B,$0.23B,14.40%,$1.61B,$0.18B,10.99%,$1.61B,$0.16B,9.62%,$0.16B,$0.69B,22.36%,$0.16B,$0.49B,35.67%,$0.16B,$1.81B,8.77%,$0.18B,$1.09B,17.21%,$470,$250,$220,$38,$100,$393,$77,$12,$88,$19,$69,$69,$69,$91,$77,$161,162,$0.43,$0.43,$500,$440,$91,$1276,$239,$0,$200,$17,$533,$1808,$525,$392,$40,$591,$1115,$2,$885,$-76,$693,$1808,$155,$54,$11,$65,$-8,$-43,$-20,$9,$-89,$131,$-36,$0,$-24,$39,$0,$39,$0,$-22,$-0,$146,$146,$-149,$-149,$-27,$1,$-28,$75,$9,$-27
8,2016-09-30,22.42,$4.37,5.13,$9.84,2.28,$1.05,21.45,$0.88,25.48,$1.27B,$0.55B,2.29,$0.35B,$0.70B,0.49,$1.62B,$0.73B,45.34%,$1.62B,$0.17B,10.56%,$1.62B,$0.17B,10.56%,$1.62B,$0.23B,13.90%,$1.62B,$0.16B,9.64%,$1.62B,$0.15B,9.08%,$0.15B,$0.70B,20.90%,$0.15B,$0.41B,33.16%,$0.15B,$1.80B,8.41%,$0.17B,$1.05B,16.98%,$394,$209,$185,$38,$97,$348,$46,$-3,$43,$-4,$47,$47,$47,$60,$46,$161,162,$0.29,$0.29,$442,$483,$119,$1267,$239,$0,$292,$0,$531,$1798,$553,$345,$200,$544,$1097,$2,$0,$-15,$701,$1798,$85,$40,$-0,$40,$15,$-73,$-12,$4,$-86,$40,$-25,$0,$-1,$45,$0,$45,$0,$19,$0,$99,$99,$-133,$-133,$-19,$-0,$-54,$11,$7,$-19
9,2016-06-30,22.47,$4.15,5.41,$9.75,2.3,$1.29,17.37,$0.66,34.05,$1.22B,$0.54B,2.27,$0.32B,$0.67B,0.48,$1.62B,$0.72B,44.23%,$1.62B,$0.15B,9.44%,$1.62B,$0.15B,9.44%,$1.62B,$0.21B,12.77%,$1.62B,$0.14B,8.45%,$1.62B,$0.11B,6.91%,$0.11B,$0.67B,15.56%,$0.11B,$0.40B,23.48%,$0.11B,$1.72B,6.37%,$0.15B,$0.99B,15.33%,$372,$202,$170,$37,$101,$351,$20,$-3,$18,$3,$15,$15,$15,$34,$20,$161,162,$0.09,$0.09,$420,$471,$117,$1215,$237,$0,$268,$0,$505,$1721,$535,$323,$192,$515,$1050,$2,$0,$-29,$670,$1721,$38,$27,$18,$45,$30,$-60,$-12,$-5,$-79,$4,$-16,$0,$-1,$17,$0,$17,$0,$-1,$0,$77,$77,$-108,$-108,$-13,$0,$-44,$-35,$4,$-13
10,2016-03-31,27.63,$4.36,6.33,$9.79,2.82,$1.44,19.13,$0.70,39.47,$1.23B,$0.54B,2.26,$0.28B,$0.71B,0.4,$1.65B,$0.72B,43.53%,$1.65B,$0.17B,10.03%,$1.65B,$0.17B,10.03%,$1.65B,$0.22B,13.25%,$1.65B,$0.14B,8.75%,$1.65B,$0.12B,7.23%,$0.12B,$0.71B,15.98%,$0.12B,$0.43B,23.32%,$0.12B,$1.74B,6.67%,$0.17B,$0.99B,16.47%,$375,$209,$167,$36,$93,$341,$34,$-6,$28,$5,$24,$24,$24,$47,$34,$163,164,$0.14,$0.14,$421,$460,$111,$1225,$239,$0,$275,$0,$514,$1740,$542,$282,$207,$489,$1031,$2,$0,$-12,$709,$1740,$24,$13,$6,$19,$7,$-29,$-9,$-13,$-57,$-14,$-7,$0,$0,$0,$0,$0,$0,$-7,$0,$36,$36,$-71,$-71,$-7,$0,$-42,$-57,$2,$-7
11,2015-12-31,23.91,$4.43,5.4,$9.59,2.49,$1.70,14.06,$0.60,39.85,$1.23B,$0.56B,2.22,$0.27B,$0.73B,0.36,$1.62B,$0.71B,43.66%,$1.62B,$0.15B,8.99%,$1.62B,$0.15B,8.99%,$1.62B,$0.20B,12.32%,$1.62B,$0.13B,7.88%,$1.62B,$0.10B,6.28%,$0.10B,$0.73B,13.64%,$0.10B,$0.53B,19.53%,$0.10B,$1.73B,5.69%,$0.15B,$1.00B,14.27%,$478,$267,$212,$37,$103,$408,$71,$-3,$67,$5,$62,$62,$61,$84,$71,$168,169,$0.36,$0.36,$468,$422,$107,$1232,$231,$0,$205,$9,$499,$1730,$555,$265,$32,$443,$997,$2,$757,$-44,$733,$1730,$105,$53,$25,$78,$45,$-5,$13,$-29,$46,$229,$-33,$0,$-29,$-41,$0,$-41,$0,$-102,$-1,$-88,$-88,$-79,$-79,$-1,$-1,$-169,$-54,$8,$-1
12,2015-09-30,16.19,$4.57,3.54,$9.76,1.66,$1.03,15.64,$0.39,41.51,$1.39B,$0.68B,2.05,$0.24B,$0.77B,0.31,$1.65B,$0.71B,43.11%,$1.65B,$0.12B,7.26%,$1.65B,$0.12B,7.26%,$1.65B,$0.17B,10.46%,$1.65B,$0.11B,6.35%,$1.65B,$0.07B,4.05%,$0.07B,$0.77B,8.84%,$0.07B,$0.54B,12.64%,$0.07B,$1.84B,3.67%,$0.12B,$1.01B,11.37%,$396,$229,$168,$34,$96,$368,$28,$-5,$24,$11,$13,$13,$12,$42,$28,$168,169,$0.07,$0.07,$532,$478,$134,$1386,$232,$0,$224,$0,$457,$1843,$676,$241,$158,$399,$1075,$2,$0,$-8,$768,$1843,$43,$40,$29,$69,$38,$-41,$5,$-30,$-33,$80,$-22,$0,$0,$-37,$0,$-37,$0,$-59,$-0,$17,$17,$-18,$-18,$0,$0,$-1,$12,$6,$0
13,2015-06-30,20.11,$4.56,4.41,$9.89,2.03,$0.82,24.55,$0.35,57.46,$1.36B,$0.65B,2.08,$0.24B,$0.77B,0.32,$1.68B,$0.71B,42.43%,$1.68B,$0.10B,5.78%,$1.68B,$0.10B,5.78%,$1.68B,$0.15B,9.18%,$1.68B,$0.09B,5.36%,$1.68B,$0.06B,3.64%,$0.06B,$0.77B,7.93%,$0.06B,$0.54B,11.38%,$0.06B,$1.82B,3.31%,$0.10B,$1.01B,8.86%,$396,$227,$169,$38,$99,$364,$32,$-6,$25,$2,$23,$23,$22,$45,$32,$168,170,$0.13,$0.13,$494,$486,$134,$1355,$233,$0,$233,$0,$466,$1820,$652,$241,$160,$401,$1053,$2,$0,$0,$768,$1820,$30,$27,$14,$41,$43,$-39,$-7,$-25,$-45,$26,$-13,$0,$0,$-9,$0,$-9,$0,$-22,$-0,$10,$10,$-11,$-11,$0,$0,$-1,$1,$4,$0
14,2015-03-31,18.2,$4.27,4.26,$10.25,1.77,$0.84,21.74,$0.32,56.87,$1.31B,$0.54B,2.41,$0.35B,$0.72B,0.49,$1.74B,$0.74B,42.78%,$1.74B,$0.10B,5.75%,$1.74B,$0.10B,5.75%,$1.74B,$0.16B,9.14%,$1.74B,$0.10B,5.64%,$1.74B,$0.06B,3.16%,$0.06B,$0.72B,6.89%,$0.06B,$0.48B,9.78%,$0.06B,$1.77B,2.91%,$0.10B,$1.08B,8.68%,$354,$193,$160,$37,$95,$338,$15,$-4,$12,$5,$7,$7,$7,$29,$15,$168,170,$0.04,$0.04,$492,$474,$111,$1305,$229,$0,$239,$0,$468,$1773,$541,$354,$157,$511,$1051,$2,$0,$-36,$722,$1773,$7,$14,$11,$24,$52,$-37,$-7,$-5,$-4,$27,$-6,$0,$0,$0,$0,$0,$0,$-6,$-0,$0,$-0,$3,$3,$0,$1,$4,$15,$2,$0
15,2014-12-31,19.33,$4.58,4.22,$10.67,1.81,$0.77,25.11,$0.33,58.58,$1.37B,$0.58B,2.35,$0.35B,$0.77B,0.46,$1.81B,$0.76B,42.23%,$1.81B,$0.11B,5.86%,$1.81B,$0.11B,5.86%,$1.81B,$0.17B,9.18%,$1.81B,$0.10B,5.64%,$1.81B,$0.06B,3.15%,$0.06B,$0.77B,6.83%,$0.06B,$0.56B,9.58%,$0.06B,$1.87B,2.92%,$0.11B,$1.13B,8.92%,$508,$292,$216,$0,$293,$464,$45,$-1,$44,$17,$27,$27,$26,$57,$45,$168,170,$0.16,$0.15,$498,$477,$89,$1366,$250,$0,$212,$7,$499,$1865,$583,$354,$35,$510,$1093,$2,$656,$28,$772,$1865,$60,$60,$34,$94,$-15,$5,$9,$-44,$-39,$114,$-31,$25,$-4,$-193,$0,$-193,$0,$-202,$-1,$0,$-1,$8,$8,$0,$-0,$7,$-119,$9,$0
16,2014-09-30,18.24,$4.83,3.78,$10.95,1.67,$0.85,21.54,$0.39,46.78,$1.40B,$0.61B,2.3,$0.36B,$0.81B,0.44,$1.85B,$0.78B,42.31%,$1.85B,$0.12B,6.58%,$1.85B,$0.12B,6.58%,$1.85B,$0.19B,10.04%,$1.85B,$0.11B,6.04%,$1.85B,$0.07B,3.56%,$0.07B,$0.81B,7.73%,$0.07B,$0.57B,10.83%,$0.07B,$1.91B,3.33%,$0.12B,$1.17B,10.09%,$420,$253,$167,$42,$108,$415,$5,$4,$9,$3,$6,$6,$6,$23,$5,$168,170,$0.03,$0.03,$442,$567,$122,$1400,$265,$0,$246,$0,$511,$1911,$610,$355,$133,$488,$1098,$2,$0,$99,$813,$1911,$33,$48,$32,$79,$22,$-47,$25,$-52,$-68,$45,$-24,$13,$-4,$-121,$0,$-121,$0,$-136,$-1,$0,$-1,$7,$7,$0,$-0,$6,$-110,$7,$0
17,2014-06-30,23.91,$5.27,4.54,$11.08,2.16,$0.56,42.52,$0.46,51.98,$1.47B,$0.63B,2.33,$0.36B,$0.89B,0.4,$1.87B,$0.81B,43.27%,$1.87B,$0.15B,7.96%,$1.87B,$0.15B,7.96%,$1.87B,$0.21B,11.22%,$1.87B,$0.13B,6.94%,$1.87B,$0.08B,4.11%,$0.08B,$0.89B,9.10%,$0.08B,$0.64B,12.91%,$0.08B,$2.00B,3.87%,$0.15B,$1.24B,12.41%,$457,$257,$201,$45,$115,$422,$35,$-2,$33,$16,$17,$17,$16,$50,$35,$168,170,$0.10,$0.10,$458,$612,$116,$1465,$293,$0,$245,$0,$539,$2004,$629,$355,$135,$490,$1119,$2,$0,$182,$885,$2004,$27,$30,$22,$52,$29,$-38,$9,$-39,$-47,$32,$-16,$1,$0,$-68,$0,$-68,$0,$-83,$-1,$0,$-1,$5,$5,$0,$-1,$3,$-49,$5,$0
18,2014-03-31,22.45,$5.17,4.34,$11.08,2.03,$0.14,160.16,$0.50,44.91,$1.48B,$0.67B,2.2,$0.35B,$0.87B,0.41,$1.87B,$0.81B,43.37%,$1.87B,$0.16B,8.45%,$1.87B,$0.16B,8.45%,$1.87B,$0.22B,11.71%,$1.87B,$0.13B,7.11%,$1.87B,$0.08B,4.49%,$0.08B,$0.87B,10.43%,$0.08B,$0.61B,15.14%,$0.08B,$2.03B,4.33%,$0.16B,$1.22B,13.68%,$424,$244,$180,$46,$110,$403,$21,$-5,$16,$6,$10,$10,$9,$36,$21,$167,169,$0.05,$0.05,$454,$621,$107,$1477,$297,$0,$254,$0,$551,$2028,$671,$354,$134,$488,$1159,$2,$0,$185,$868,$2028,$10,$15,$11,$26,$13,$-38,$22,$-8,$-17,$19,$-9,$1,$0,$0,$0,$0,$0,$-8,$-0,$0,$-0,$3,$3,$0,$-0,$3,$15,$2,$0
19,2013-12-31,19.48,$5.07,3.84,$10.92,1.78,$-0.11,0.0,$0.48,40.58,$1.43B,$0.65B,2.21,$0.35B,$0.85B,0.42,$1.84B,$0.81B,43.83%,$1.84B,$0.15B,8.10%,$1.84B,$0.15B,8.10%,$1.84B,$0.21B,11.42%,$1.84B,$0.13B,6.80%,$1.84B,$0.08B,4.35%,$0.08B,$0.85B,10.50%,$0.08B,$0.62B,15.66%,$0.08B,$1.99B,4.25%,$0.15B,$1.21B,13.47%,$552,$316,$236,$49,$118,$491,$61,$-7,$54,$18,$36,$36,$35,$77,$61,$167,169,$0.21,$0.21,$439,$590,$86,$1432,$300,$0,$233,$5,$556,$1988,$649,$354,$38,$490,$1138,$2,$599,$182,$850,$1988,$82,$61,$48,$109,$-19,$6,$7,$-11,$-46,$145,$-49,$1,$-12,$0,$0,$0,$0,$-60,$-2,$20,$18,$8,$8,$0,$0,$27,$128,$7,$0
20,2013-09-30,20.35,$4.66,4.37,$10.73,1.9,$-0.30,0.0,$0.35,58.13,$1.37B,$0.65B,2.12,$0.36B,$0.78B,0.45,$1.80B,$0.81B,44.96%,$1.80B,$0.13B,7.04%,$1.80B,$0.13B,7.04%,$1.80B,$0.19B,10.48%,$1.80B,$0.11B,5.88%,$1.80B,$0.06B,3.22%,$0.06B,$0.78B,7.98%,$0.06B,$0.52B,12.19%,$0.06B,$1.94B,3.13%,$0.13B,$1.14B,11.91%,$439,$246,$193,$46,$106,$408,$32,$-5,$27,$10,$17,$17,$17,$47,$32,$167,169,$0.10,$0.10,$307,$632,$136,$1373,$297,$0,$266,$0,$563,$1936,$647,$355,$154,$509,$1156,$2,$0,$151,$781,$1936,$46,$45,$21,$66,$-10,$-35,$6,$-32,$-99,$14,$-41,$1,$-12,$0,$0,$0,$0,$-52,$-1,$20,$19,$8,$8,$0,$-2,$25,$-4,$5,$0
21,2013-06-30,15.91,$4.32,3.68,$10.81,1.47,$-0.17,0.0,$0.49,32.47,$1.26B,$0.60B,2.1,$0.34B,$0.72B,0.46,$1.81B,$0.83B,45.67%,$1.81B,$0.16B,8.55%,$1.81B,$0.16B,8.55%,$1.81B,$0.22B,11.91%,$1.81B,$0.14B,7.56%,$1.81B,$0.08B,4.47%,$0.08B,$0.72B,11.48%,$0.08B,$0.47B,17.99%,$0.08B,$1.80B,4.46%,$0.16B,$1.06B,15.03%,$455,$253,$202,$47,$107,$411,$44,$-8,$36,$12,$23,$23,$23,$59,$44,$167,168,$0.14,$0.14,$251,$602,$111,$1264,$288,$0,$250,$0,$538,$1802,$603,$335,$141,$476,$1079,$2,$0,$114,$723,$1802,$29,$30,$16,$46,$-21,$-22,$-14,$-30,$-100,$-25,$-31,$1,$-2,$0,$0,$0,$0,$-32,$-1,$0,$-1,$5,$5,$0,$-1,$3,$-60,$3,$0
22,2013-03-31,18.82,$4.15,4.54,$10.62,1.77,$0.24,79.47,$0.41,45.9,$1.28B,$0.64B,1.99,$0.34B,$0.69B,0.48,$1.78B,$0.81B,45.76%,$1.78B,$0.13B,7.48%,$1.78B,$0.13B,7.48%,$1.78B,$0.19B,10.91%,$1.78B,$0.12B,6.75%,$1.78B,$0.07B,3.82%,$0.07B,$0.69B,9.92%,$0.07B,$0.44B,16.09%,$0.07B,$1.81B,3.77%,$0.13B,$1.03B,13.46%,$393,$219,$175,$49,$107,$381,$12,$-4,$8,$3,$6,$6,$5,$27,$12,$166,168,$0.03,$0.03,$269,$622,$113,$1278,$280,$0,$255,$0,$534,$1812,$643,$336,$141,$476,$1119,$2,$0,$109,$693,$1812,$6,$15,$6,$21,$9,$-37,$-8,$-5,$-45,$-18,$-14,$1,$-1,$0,$0,$0,$0,$-14,$-1,$0,$-1,$4,$4,$0,$-3,$0,$-41,$2,$0
23,2012-12-31,15.01,$4.26,3.52,$10.71,1.4,$0.39,38.25,$0.47,31.94,$1.31B,$0.68B,1.92,$0.34B,$0.71B,0.47,$1.79B,$0.83B,46.26%,$1.79B,$0.16B,8.65%,$1.79B,$0.16B,8.65%,$1.79B,$0.22B,12.00%,$1.79B,$0.14B,7.76%,$1.79B,$0.08B,4.35%,$0.08B,$0.71B,11.51%,$0.08B,$0.48B,19.20%,$0.08B,$1.86B,4.33%,$0.16B,$1.05B,16.19%,$517,$277,$241,$50,$123,$478,$39,$-5,$35,$21,$13,$13,$13,$56,$39,$166,167,$0.08,$0.07,$311,$612,$93,$1310,$284,$0,$233,$13,$547,$1856,$682,$336,$22,$465,$1147,$2,$519,$138,$710,$1856,$78,$59,$54,$113,$2,$-50,$5,$-2,$-58,$133,$-70,$3,$-27,$0,$0,$0,$0,$-93,$-83,$117,$33,$5,$5,$0,$-3,$34,$65,$8,$0
24,2012-09-30,12.9,$4.18,3.08,$10.47,1.23,$0.21,60.81,$0.62,20.8,$1.25B,$0.69B,1.81,$0.30B,$0.70B,0.43,$1.75B,$0.81B,46.06%,$1.75B,$0.17B,9.71%,$1.75B,$0.17B,9.71%,$1.75B,$0.23B,12.91%,$1.75B,$0.16B,8.91%,$1.75B,$0.10B,5.94%,$0.10B,$0.70B,15.85%,$0.10B,$0.41B,27.08%,$0.10B,$1.80B,5.89%,$0.17B,$0.99B,18.74%,$448,$238,$210,$45,$102,$388,$60,$-3,$58,$18,$40,$40,$40,$74,$60,$166,167,$0.24,$0.24,$242,$633,$105,$1245,$273,$0,$283,$0,$555,$1800,$687,$298,$120,$418,$1104,$2,$506,$0,$696,$1800,$65,$43,$28,$71,$25,$-73,$-11,$-24,$-93,$42,$-47,$3,$-22,$0,$0,$0,$0,$-66,$-45,$79,$33,$4,$4,$0,$-4,$33,$-4,$6,$0
25,2012-06-30,13.11,$3.86,3.4,$10.30,1.27,$-0.01,0.0,$0.50,26.23,$1.21B,$0.75B,1.61,$0.24B,$0.64B,0.38,$1.72B,$0.79B,45.64%,$1.72B,$0.15B,8.60%,$1.72B,$0.15B,8.60%,$1.72B,$0.20B,11.80%,$1.72B,$0.14B,7.97%,$1.72B,$0.08B,4.88%,$0.08B,$0.64B,13.27%,$0.08B,$0.36B,22.80%,$0.08B,$1.75B,4.85%,$0.15B,$0.89B,18.06%,$421,$233,$188,$52,$111,$399,$22,$-3,$19,$9,$10,$10,$10,$37,$22,$166,167,$0.06,$0.06,$240,$620,$103,$1212,$259,$0,$279,$0,$538,$1750,$752,$243,$113,$357,$1109,$2,$467,$0,$642,$1750,$25,$29,$19,$47,$37,$-59,$-4,$12,$-30,$42,$-29,$0,$-22,$0,$0,$0,$0,$-50,$-26,$44,$17,$3,$3,$0,$-3,$18,$-6,$4,$0
26,2012-03-31,15.08,$3.99,3.78,$10.18,1.48,$-0.43,0.0,$0.57,26.46,$1.25B,$0.77B,1.61,$0.24B,$0.66B,0.37,$1.70B,$0.78B,45.94%,$1.70B,$0.17B,9.71%,$1.70B,$0.17B,9.71%,$1.70B,$0.22B,12.88%,$1.70B,$0.15B,8.88%,$1.70B,$0.10B,5.65%,$0.10B,$0.66B,15.23%,$0.10B,$0.37B,26.03%,$0.10B,$1.80B,5.58%,$0.17B,$0.91B,21.40%,$406,$215,$190,$48,$104,$371,$34,$-8,$27,$12,$15,$15,$15,$48,$34,$166,167,$0.09,$0.09,$233,$648,$103,$1245,$262,$0,$290,$0,$552,$1797,$772,$243,$120,$364,$1135,$2,$0,$0,$662,$1797,$15,$14,$9,$23,$29,$-53,$-9,$13,$-33,$5,$-11,$0,$-22,$0,$0,$0,$0,$-33,$-8,$24,$16,$2,$2,$0,$-3,$15,$-17,$2,$0
27,2011-12-31,12.24,$3.77,3.25,$9.89,1.24,$-0.63,0.0,$0.55,22.25,$1.19B,$0.76B,1.58,$0.22B,$0.63B,0.35,$1.65B,$0.75B,45.61%,$1.65B,$0.16B,9.51%,$1.65B,$0.16B,9.51%,$1.65B,$0.21B,12.66%,$1.65B,$0.15B,8.78%,$1.65B,$0.09B,5.57%,$0.09B,$0.63B,15.14%,$0.09B,$0.39B,26.04%,$0.09B,$1.71B,5.49%,$0.16B,$0.84B,22.19%,$475,$257,$218,$45,$117,$421,$54,$-1,$52,$13,$40,$40,$39,$67,$54,$165,167,$0.24,$0.23,$246,$576,$78,$1194,$249,$0,$237,$14,$516,$1711,$756,$219,$15,$330,$1086,$2,$442,$143,$625,$1711,$94,$53,$34,$87,$-53,$-103,$23,$40,$-94,$88,$-54,$0,$-14,$0,$0,$0,$0,$-69,$-29,$31,$1,$3,$3,$0,$-1,$3,$16,$8,$0
28,2011-09-30,13.33,$3.64,3.67,$9.56,1.39,$-0.07,0.0,$0.50,26.66,$1.17B,$0.92B,1.27,$0.04B,$0.60B,0.07,$1.59B,$0.73B,45.92%,$1.59B,$0.16B,9.74%,$1.59B,$0.16B,9.74%,$1.59B,$0.21B,12.88%,$1.59B,$0.15B,9.11%,$1.59B,$0.08B,5.15%,$0.08B,$0.60B,14.06%,$0.08B,$0.35B,24.89%,$0.08B,$1.67B,5.01%,$0.16B,$0.64B,23.85%,$418,$229,$189,$44,$102,$381,$38,$2,$39,$19,$20,$20,$20,$51,$38,$166,167,$0.12,$0.12,$199,$601,$98,$1169,$249,$0,$252,$0,$501,$1670,$920,$41,$107,$148,$1067,$2,$0,$0,$603,$1670,$54,$40,$27,$67,$-39,$-106,$18,$7,$-126,$-4,$-38,$0,$-1,$0,$0,$0,$0,$-40,$-22,$31,$10,$3,$3,$0,$-2,$11,$-35,$6,$0
29,2011-06-30,20.06,$3.80,5.27,$8.92,2.25,$0.45,45.06,$0.55,36.47,$1.17B,$0.90B,1.29,$0.06B,$0.63B,0.1,$1.48B,$0.69B,46.43%,$1.48B,$0.16B,10.51%,$1.48B,$0.16B,10.51%,$1.48B,$0.20B,13.68%,$1.48B,$0.14B,9.70%,$1.48B,$0.09B,6.00%,$0.09B,$0.63B,16.01%,$0.09B,$0.36B,26.23%,$0.09B,$1.70B,5.79%,$0.16B,$0.69B,24.53%,$401,$218,$184,$44,$98,$363,$39,$-6,$33,$10,$23,$23,$22,$53,$39,$165,167,$0.13,$0.13,$173,$619,$102,$1167,$266,$0,$267,$0,$533,$1700,$902,$60,$107,$167,$1069,$2,$0,$0,$631,$1700,$34,$26,$20,$46,$-28,$-82,$13,$-8,$-106,$-26,$-31,$0,$-1,$0,$0,$0,$0,$-33,$-14,$-0,$-14,$3,$3,$0,$-3,$-14,$-61,$4,$0
30,2011-03-31,20.54,$3.45,5.95,$8.34,2.46,$1.04,19.75,$0.56,36.68,$1.12B,$0.87B,1.28,$0.08B,$0.57B,0.14,$1.38B,$0.64B,46.24%,$1.38B,$0.16B,11.20%,$1.38B,$0.16B,11.20%,$1.38B,$0.20B,14.09%,$1.38B,$0.15B,10.48%,$1.38B,$0.09B,6.50%,$0.09B,$0.57B,17.95%,$0.09B,$0.31B,27.71%,$0.09B,$1.62B,6.44%,$0.16B,$0.65B,26.19%,$357,$195,$162,$45,$89,$331,$26,$-5,$21,$9,$12,$12,$11,$38,$26,$165,167,$0.07,$0.07,$196,$572,$97,$1116,$247,$0,$261,$0,$508,$1624,$871,$79,$102,$181,$1052,$2,$0,$0,$572,$1624,$12,$12,$5,$17,$-10,$-44,$14,$-18,$-58,$-29,$-10,$0,$-0,$0,$0,$0,$0,$-10,$-6,$0,$-6,$3,$3,$0,$-1,$-4,$-37,$2,$0
31,2010-12-31,16.36,$3.19,5.12,$7.87,2.08,$1.28,12.81,$0.59,27.72,$1.05B,$0.83B,1.26,$0.09B,$0.53B,0.16,$1.31B,$0.60B,46.28%,$1.31B,$0.16B,11.95%,$1.31B,$0.16B,11.95%,$1.31B,$0.19B,14.71%,$1.31B,$0.15B,11.57%,$1.31B,$0.10B,7.28%,$0.10B,$0.53B,20.52%,$0.10B,$0.29B,28.49%,$0.10B,$1.55B,7.41%,$0.16B,$0.61B,27.81%,$416,$220,$196,$45,$99,$365,$52,$0,$52,$22,$30,$30,$29,$63,$52,$164,166,$0.17,$0.17,$233,$511,$65,$1051,$234,$0,$234,$18,$499,$1550,$832,$87,$17,$191,$1022,$2,$349,$152,$527,$1550,$97,$36,$30,$66,$-27,$-68,$30,$39,$-6,$156,$-29,$0,$-270,$0,$0,$0,$0,$-299,$-22,$185,$163,$6,$6,$0,$-1,$168,$23,$7,$0
32,2010-09-30,13.82,$3.00,4.61,$7.59,1.82,$1.32,10.47,$0.67,20.63,$0.95B,$0.59B,1.61,$0.09B,$0.49B,0.19,$1.26B,$0.59B,47.17%,$1.26B,$0.18B,14.34%,$1.26B,$0.18B,14.34%,$1.26B,$0.22B,17.13%,$1.26B,$0.17B,13.71%,$1.26B,$0.11B,8.76%,$0.11B,$0.49B,25.23%,$0.11B,$0.39B,31.27%,$0.11B,$1.28B,9.26%,$0.18B,$0.59B,33.26%,$310,$164,$147,$33,$72,$271,$39,$-1,$38,$10,$28,$28,$27,$49,$39,$165,166,$0.17,$0.17,$191,$488,$80,$954,$219,$0,$104,$0,$323,$1277,$592,$94,$97,$192,$783,$2,$0,$0,$494,$1277,$67,$24,$20,$44,$-11,$-76,$11,$29,$-48,$63,$-21,$0,$-38,$0,$0,$0,$0,$-58,$-16,$-1,$-16,$3,$3,$0,$-1,$-15,$-19,$5,$0
33,2010-06-30,11.98,$2.50,4.78,$7.32,1.64,$1.42,8.44,$0.60,19.97,$0.84B,$0.54B,1.54,$0.10B,$0.41B,0.25,$1.21B,$0.56B,46.61%,$1.21B,$0.17B,13.80%,$1.21B,$0.17B,13.80%,$1.21B,$0.20B,16.45%,$1.21B,$0.16B,13.06%,$1.21B,$0.10B,8.18%,$0.10B,$0.41B,24.38%,$0.10B,$0.31B,30.21%,$0.10B,$1.14B,8.61%,$0.17B,$0.51B,32.25%,$301,$166,$135,$31,$64,$263,$38,$-4,$34,$11,$23,$23,$23,$45,$38,$164,166,$0.14,$0.14,$190,$425,$59,$835,$199,$0,$107,$0,$306,$1141,$543,$102,$83,$185,$728,$2,$0,$0,$413,$1141,$39,$15,$9,$24,$9,$-49,$9,$20,$-10,$53,$-11,$0,$-38,$0,$0,$0,$0,$-49,$-10,$-0,$-10,$2,$2,$0,$-1,$-9,$-20,$3,$0
34,2010-03-31,14.43,$2.54,5.69,$7.04,2.05,$1.43,10.08,$0.54,26.73,$0.87B,$0.54B,1.61,$0.11B,$0.42B,0.26,$1.16B,$0.54B,46.47%,$1.16B,$0.15B,12.82%,$1.16B,$0.15B,12.82%,$1.16B,$0.18B,15.58%,$1.16B,$0.14B,12.13%,$1.16B,$0.09B,7.66%,$0.09B,$0.42B,23.00%,$0.09B,$0.35B,28.14%,$0.09B,$1.16B,7.83%,$0.15B,$0.53B,29.49%,$278,$151,$126,$33,$66,$251,$27,$-0,$27,$11,$16,$16,$16,$35,$27,$164,166,$0.10,$0.10,$207,$431,$62,$874,$212,$0,$73,$0,$285,$1160,$544,$110,$88,$198,$742,$2,$0,$0,$418,$1160,$16,$8,$-3,$5,$5,$-32,$6,$6,$-16,$6,$-5,$0,$0,$0,$0,$0,$0,$-5,$-4,$-0,$-4,$2,$2,$0,$-2,$-4,$-4,$2,$0
35,2009-12-31,11.88,$2.55,4.66,$6.76,1.76,$1.49,7.99,$0.49,24.25,$0.87B,$0.54B,1.62,$0.12B,$0.42B,0.28,$1.12B,$0.52B,46.37%,$1.12B,$0.14B,12.20%,$1.12B,$0.14B,12.20%,$1.12B,$0.17B,14.98%,$1.12B,$0.13B,11.48%,$1.12B,$0.08B,7.26%,$0.08B,$0.42B,22.69%,$0.08B,$0.37B,28.37%,$0.08B,$1.17B,7.29%,$0.14B,$0.54B,27.70%,$366,$182,$184,$35,$74,$290,$76,$-3,$73,$30,$44,$44,$44,$86,$76,$164,165,$0.27,$0.26,$209,$423,$50,$874,$223,$0,$52,$9,$299,$1172,$541,$116,$10,$213,$754,$2,$254,$154,$419,$1172,$81,$30,$29,$59,$-9,$-4,$6,$18,$10,$150,$-16,$0,$-2,$0,$0,$0,$0,$-18,$-22,$-62,$-85,$2,$2,$0,$-1,$-84,$41,$6,$0
36,2009-09-30,10.51,$2.28,4.62,$6.45,1.63,$1.04,10.13,$0.39,26.96,$0.82B,$0.52B,1.57,$0.12B,$0.37B,0.32,$1.06B,$0.48B,45.39%,$1.06B,$0.11B,10.24%,$1.06B,$0.11B,10.24%,$1.06B,$0.14B,12.97%,$1.06B,$0.10B,9.12%,$1.06B,$0.06B,5.92%,$0.06B,$0.37B,19.06%,$0.06B,$0.29B,24.32%,$0.06B,$1.12B,5.74%,$0.11B,$0.49B,22.65%,$265,$146,$119,$32,$61,$239,$26,$-2,$24,$8,$16,$16,$16,$33,$26,$164,165,$0.10,$0.10,$151,$444,$73,$819,$226,$0,$79,$0,$306,$1124,$521,$120,$109,$230,$751,$2,$0,$0,$374,$1124,$37,$21,$-4,$17,$27,$8,$1,$-23,$13,$67,$-9,$0,$-2,$0,$0,$0,$0,$-11,$-20,$-52,$-72,$1,$1,$0,$-1,$-72,$-18,$5,$0
37,2009-06-30,9.12,$2.05,4.45,$6.30,1.45,$0.56,16.36,$0.40,22.81,$0.79B,$0.52B,1.52,$0.13B,$0.34B,0.38,$1.04B,$0.48B,45.63%,$1.04B,$0.10B,9.41%,$1.04B,$0.10B,9.41%,$1.04B,$0.13B,12.30%,$1.04B,$0.09B,8.55%,$1.04B,$0.07B,6.24%,$0.07B,$0.34B,20.93%,$0.07B,$0.26B,27.37%,$0.07B,$1.09B,5.99%,$0.10B,$0.46B,20.69%,$253,$141,$111,$31,$60,$232,$20,$-3,$17,$5,$13,$13,$13,$27,$20,$163,165,$0.08,$0.08,$154,$436,$66,$789,$221,$0,$77,$0,$298,$1088,$519,$128,$104,$232,$751,$2,$0,$0,$337,$1088,$21,$14,$-0,$14,$40,$-5,$-2,$-17,$17,$51,$-7,$0,$-1,$0,$0,$0,$0,$-8,$-16,$-36,$-52,$0,$0,$0,$-1,$-52,$-14,$3,$0
38,2009-03-31,6.07,$1.82,3.34,$6.65,0.91,$0.23,25.84,$0.45,13.49,$0.77B,$0.49B,1.57,$0.17B,$0.30B,0.58,$1.10B,$0.49B,44.91%,$1.10B,$0.11B,9.64%,$1.10B,$0.11B,9.64%,$1.10B,$0.14B,12.45%,$1.10B,$0.10B,9.45%,$1.10B,$0.07B,6.73%,$0.07B,$0.30B,24.38%,$0.07B,$0.22B,32.07%,$0.07B,$1.06B,6.69%,$0.11B,$0.47B,22.13%,$231,$128,$103,$29,$59,$216,$14,$0,$14,$6,$9,$9,$8,$21,$14,$163,164,$0.05,$0.05,$150,$420,$61,$774,$209,$0,$76,$0,$285,$1059,$492,$173,$97,$269,$761,$2,$0,$0,$298,$1059,$9,$7,$-2,$5,$21,$-17,$7,$-11,$-1,$13,$-4,$0,$-1,$0,$0,$0,$0,$-5,$-2,$-16,$-18,$0,$0,$0,$-0,$-18,$-18,$2,$0
39,2008-12-31,3.98,$1.91,2.09,$6.71,0.59,$0.23,17.03,$0.40,9.95,$0.82B,$0.52B,1.58,$0.18B,$0.31B,0.59,$1.11B,$0.51B,45.62%,$1.11B,$0.11B,9.76%,$1.11B,$0.11B,9.76%,$1.11B,$0.14B,12.56%,$1.11B,$0.09B,8.49%,$1.11B,$0.07B,5.87%,$0.07B,$0.31B,21.56%,$0.07B,$0.26B,28.54%,$0.07B,$1.12B,5.46%,$0.11B,$0.50B,22.69%,$315,$165,$150,$33,$64,$266,$49,$-7,$42,$16,$26,$26,$26,$57,$49,$163,166,$0.16,$0.15,$168,$425,$34,$821,$221,$0,$52,$8,$296,$1116,$520,$183,$13,$284,$804,$2,$173,$138,$313,$1116,$65,$30,$27,$57,$33,$-17,$-39,$7,$-16,$107,$-47,$0,$-5,$10,$0,$10,$-7,$-49,$140,$33,$173,$4,$4,$-386,$-24,$-234,$-166,$5,$-386
40,2008-09-30,13.13,$1.79,7.32,$6.91,1.9,$0.37,35.52,$0.46,28.55,$0.77B,$0.51B,1.52,$0.17B,$0.29B,0.58,$1.14B,$0.53B,46.17%,$1.14B,$0.13B,10.99%,$1.14B,$0.13B,10.99%,$1.14B,$0.15B,13.54%,$1.14B,$0.12B,10.55%,$1.14B,$0.08B,6.95%,$0.08B,$0.29B,20.68%,$0.08B,$0.21B,25.50%,$0.08B,$1.08B,6.37%,$0.13B,$0.46B,24.37%,$242,$131,$111,$33,$63,$227,$15,$1,$16,$-2,$18,$18,$18,$23,$15,$163,166,$0.11,$0.11,$87,$457,$71,$772,$219,$0,$86,$0,$306,$1078,$509,$170,$103,$274,$783,$2,$0,$0,$294,$1078,$39,$22,$-4,$18,$42,$-36,$-15,$-30,$-38,$19,$-40,$0,$-4,$10,$0,$10,$-7,$-41,$169,$4,$173,$4,$4,$-409,$-3,$-236,$-248,$3,$-409
41,2008-06-30,12.66,$1.89,6.71,$6.92,1.83,$0.58,22.02,$0.43,29.44,$0.86B,$0.58B,1.49,$0.18B,$0.31B,0.57,$1.14B,$0.53B,46.17%,$1.14B,$0.14B,12.31%,$1.14B,$0.14B,12.31%,$1.14B,$0.16B,14.16%,$1.14B,$0.14B,11.87%,$1.14B,$0.09B,7.74%,$0.09B,$0.31B,23.90%,$0.09B,$0.23B,28.95%,$0.09B,$1.17B,8.04%,$0.14B,$0.49B,30.35%,$312,$182,$130,$37,$64,$283,$28,$4,$32,$10,$22,$22,$22,$36,$28,$162,166,$0.13,$0.13,$132,$488,$76,$859,$236,$0,$76,$0,$312,$1171,$576,$176,$110,$286,$863,$2,$0,$0,$309,$1171,$21,$15,$-3,$12,$41,$-7,$-13,$-36,$-15,$18,$-27,$0,$-7,$10,$0,$10,$-3,$-28,$160,$33,$193,$1,$1,$-409,$-3,$-218,$-207,$2,$-409
42,2008-03-31,15.16,$1.77,8.55,$6.49,2.34,$0.65,23.28,$0.35,43.32,$1.09B,$0.83B,1.31,$0.17B,$0.29B,0.59,$1.06B,$0.50B,46.57%,$1.06B,$0.13B,12.61%,$1.06B,$0.13B,12.61%,$1.06B,$0.15B,13.83%,$1.06B,$0.13B,11.95%,$1.06B,$0.08B,7.90%,$0.08B,$0.29B,24.24%,$0.08B,$0.21B,29.19%,$0.08B,$1.40B,9.17%,$0.13B,$0.46B,33.52%,$238,$124,$114,$31,$61,$223,$16,$-12,$4,$4,$-1,$-1,$-1,$23,$16,$162,162,$0.00,$0.00,$321,$512,$89,$1086,$232,$0,$79,$0,$311,$1397,$832,$169,$106,$276,$1108,$2,$0,$0,$290,$1397,$-1,$7,$-7,$0,$17,$-25,$15,$16,$23,$22,$-13,$0,$-2,$0,$0,$0,$-16,$-31,$150,$209,$359,$0,$0,$-409,$-3,$-53,$-34,$1,$-409
43,2007-12-31,13.1,$3.89,3.37,$6.29,2.08,$0.70,18.65,$0.39,33.6,$1.03B,$0.56B,1.84,$0.01B,$0.64B,0.01,$1.03B,$0.48B,46.08%,$1.03B,$0.14B,13.36%,$1.03B,$0.14B,13.36%,$1.03B,$0.14B,13.94%,$1.03B,$0.14B,13.84%,$1.03B,$0.10B,9.58%,$0.10B,$0.64B,30.21%,$0.10B,$0.59B,35.90%,$0.10B,$1.31B,14.49%,$0.14B,$0.64B,40.09%,$345,$175,$170,$30,$66,$278,$66,$1,$68,$27,$40,$40,$40,$72,$66,$161,164,$0.25,$0.24,$345,$446,$58,$1034,$208,$0,$47,$22,$277,$1311,$561,$9,$45,$115,$676,$2,$283,$149,$635,$1311,$99,$28,$1,$29,$-30,$-4,$2,$10,$-21,$108,$-26,$0,$-4,$3,$0,$3,$-5,$-32,$-7,$-11,$-18,$20,$20,$-85,$1,$-82,$21,$2,$-85
44,2007-09-30,8.67,$2.26,3.83,$7.64,1.14,$0.59,14.79,$0.26,33.35,$0.34B,$0.21B,1.63,$0.02B,$0.24B,0.08,$1.24B,$0.57B,46.00%,$1.24B,$0.16B,13.24%,$1.24B,$0.16B,13.24%,$1.24B,$0.16B,13.24%,$1.24B,$0.17B,13.56%,$1.24B,$0.13B,10.09%,$0.13B,$0.24B,57.67%,$0.13B,$0.19B,75.64%,$0.13B,$0.50B,26.97%,$0.16B,$0.26B,69.27%,$242,$131,$111,$27,$54,$212,$30,$2,$31,$5,$27,$27,$27,$30,$30,$162,164,$0.16,$0.16,$39,$184,$28,$343,$101,$0,$54,$0,$155,$498,$210,$18,$31,$49,$260,$1,$0,$0,$239,$498,$59,$23,$-12,$11,$-3,$-35,$6,$-5,$-36,$33,$-20,$0,$-3,$2,$0,$2,$-0,$-21,$-6,$-6,$-12,$19,$19,$-43,$0,$-36,$-4,$1,$-43
45,2007-06-30,8.88,$2.10,4.22,$7.19,1.24,$0.63,14.05,$0.21,42.27,$0.31B,$0.19B,1.64,$0.02B,$0.22B,0.08,$1.10B,$0.51B,45.83%,$1.10B,$0.14B,12.79%,$1.10B,$0.14B,12.79%,$1.10B,$0.14B,12.79%,$1.10B,$0.14B,12.98%,$1.10B,$0.10B,9.17%,$0.10B,$0.22B,50.25%,$0.10B,$0.17B,67.11%,$0.10B,$0.46B,22.89%,$0.14B,$0.24B,63.16%,$238,$138,$100,$28,$50,$217,$22,$2,$24,$6,$18,$18,$18,$22,$22,$162,164,$0.11,$0.11,$42,$170,$25,$312,$95,$0,$54,$0,$149,$460,$190,$18,$32,$49,$239,$1,$0,$0,$222,$460,$17,$0,$0,$0,$0,$0,$0,$0,$0,$17,$-13,$0,$-2,$-0,$0,$-0,$0,$-16,$0,$-15,$-15,$18,$18,$-38,$0,$-34,$-30,$0,$-38
46,2007-03-31,10.37,$2.04,5.09,$6.72,1.54,$0.63,16.48,$0.17,60.97,$0.32B,$0.20B,1.6,$0.02B,$0.22B,0.11,$0.96B,$0.45B,46.78%,$0.96B,$0.12B,12.66%,$0.96B,$0.12B,12.66%,$0.96B,$0.12B,12.66%,$0.96B,$0.12B,12.86%,$0.96B,$0.09B,8.92%,$0.09B,$0.22B,43.00%,$0.09B,$0.16B,55.22%,$0.09B,$0.46B,20.42%,$0.12B,$0.24B,54.59%,$208,$113,$95,$26,$49,$188,$20,$1,$20,$6,$14,$14,$14,$20,$20,$160,163,$0.09,$0.09,$56,$158,$23,$319,$91,$0,$53,$0,$144,$463,$200,$23,$26,$49,$249,$1,$0,$0,$215,$463,$0,$0,$0,$0,$0,$0,$0,$0,$0,$22,$-4,$0,$-2,$-0,$0,$-0,$-1,$-7,$0,$-12,$-12,$18,$18,$0,$0,$6,$23,$0,$0
47,2006-12-31,7.4,$1.87,3.96,$6.39,1.16,$0.55,13.4,$0.14,52.85,$0.30B,$0.20B,1.51,$0.02B,$0.19B,0.12,$0.85B,$0.40B,47.00%,$0.85B,$0.11B,12.57%,$0.85B,$0.11B,12.57%,$0.85B,$0.11B,12.57%,$0.85B,$0.11B,13.04%,$0.85B,$0.08B,8.81%,$0.08B,$0.19B,37.64%,$0.08B,$0.15B,46.44%,$0.08B,$0.43B,18.84%,$0.11B,$0.21B,48.04%,$551,$287,$264,$66,$107,$460,$92,$1,$93,$27,$66,$66,$66,$92,$92,$159,160,$0.38,$0.38,$52,$135,$19,$295,$90,$0,$45,$3,$138,$433,$195,$23,$12,$47,$242,$1,$17,$24,$191,$433,$74,$26,$6,$32,$0,$-6,$-7,$-8,$-21,$86,$-25,$0,$-20,$43,$0,$43,$-3,$-5,$-14,$11,$-3,$2,$2,$-104,$0,$-105,$-0,$2,$-104
