,Date,Stock Price,Book Value per Share,Price to Book Ratio,TTM Sales per Share,Price to Sales Ratio,TTM FCF per Share,Price to FCF Ratio,TTM Net EPS,PE Ratio,Current Assets,Current Liabilities,Current Ratio,Long Term Debt,Shareholder's Equity_x,Debt to Equity Ratio,TTM Revenue_x,TTM Gross Profit,Gross Margin,TTM Revenue_y,TTM Operating Income,Operating Margin,TTM Revenue_x,TTM EBIT,EBIT Margin,TTM Revenue_y,TTM EBITDA,EBITDA Margin,TTM Revenue_x,TTM Pre-Tax Income,Pre-Tax Margin,TTM Revenue_y,TTM Net Income_x,Net Margin,TTM Net Income_y,Shareholder's Equity_y,Return on Equity,TTM Net Income_x,Tangible Equity,Return on Tangible Equity,TTM Net Income_y,Total Assets,Return on Assets,TTM Net Income,LT Investments & Debt,Return on Investment,revenue,cost-goods-sold,gross-profit,research-development-expenses,selling-general-administrative-expenses,operating-expenses,operating-income,total-non-operating-income-expense,pre-tax-income,total-provision-income-taxes,income-after-taxes,income-from-continuous-operations,net-income,ebitda,ebit,basic-shares-outstanding,shares-outstanding,eps-basic-net-earnings-per-share,eps-earnings-per-share-diluted,cash-on-hand,inventory,other-current-assets,total-current-assets,net-property-plant-equipment,long-term-investments,goodwill-intangible-assets-total,other-long-term-assets,total-long-term-assets,total-assets,total-current-liabilities,long-term-debt,other-non-current-liabilities,total-long-term-liabilities,total-liabilities,common-stock-net,retained-earnings-accumulated-deficit,comprehensive-income,total-share-holder-equity,total-liabilities-share-holders-equity,net-income-loss,total-depreciation-amortization-cash-flow,other-non-cash-items,total-non-cash-items,change-in-accounts-receivable,change-in-inventories,change-in-accounts-payable,change-in-assets-liabilities,total-change-in-assets-liabilities,cash-flow-from-operating-activities,net-change-in-property-plant-equipment,net-change-in-intangible-assets,net-acquisitions-divestitures,net-change-in-short-term-investments,net-change-in-long-term-investments,net-change-in-investments-total,investing-activities-other,cash-flow-from-investing-activities,net-long-term-debt,net-current-debt,debt-issuance-retirement-net-total,net-common-equity-issued-repurchased,net-total-equity-issued-repurchased,total-common-preferred-stock-dividends-paid,financial-activities-other,cash-flow-from-financial-activities,net-cash-flow,stock-based-compensation,common-stock-dividends-paid
0,2018-06-30,32.62,$10.10,3.23,$11.34,2.88,$1.92,16.95,$1.75,18.64,$0.54B,$0.17B,3.29,$0.19B,$0.71B,0.27,$0.80B,$0.32B,40.20%,$0.80B,$0.09B,11.11%,$0.80B,$0.09B,11.11%,$0.80B,$0.12B,15.48%,$0.80B,$0.08B,10.11%,$0.80B,$0.12B,15.36%,$0.12B,$0.71B,18.60%,$0.12B,$0.33B,41.59%,$0.12B,$1.09B,12.57%,$0.09B,$0.91B,11.02%,$160,$97,$63,$12,$46,$156,$4,$-2,$1,$3,$-1,$-2,$10,$37,$4,$71,71,$0.15,$0.15,$221,$132,$0,$542,$62,$48,$388,$6,$550,$1091,$165,$194,$7,$213,$378,$1,$-997,$18,$713,$1091,$106,$28,$-39,$-11,$-33,$-22,$17,$-4,$-52,$43,$-9,$0,$-83,$0,$-50,$-50,$0,$-142,$197,$0,$197,$1,$1,$-21,$-0,$176,$78,$15,$-21
1,2018-03-31,27.0,$9.89,2.73,$10.77,2.51,$2.23,12.13,$1.68,16.07,$0.53B,$0.16B,3.34,$0.20B,$0.70B,0.28,$0.76B,$0.31B,40.13%,$0.76B,$0.08B,10.66%,$0.76B,$0.08B,10.66%,$0.76B,$0.11B,14.87%,$0.76B,$0.08B,9.87%,$0.76B,$0.12B,15.39%,$0.12B,$0.70B,18.56%,$0.12B,$0.32B,40.28%,$0.12B,$1.07B,13.11%,$0.08B,$0.89B,11.13%,$223,$134,$89,$14,$48,$197,$27,$-2,$25,$3,$21,$23,$23,$33,$27,$71,71,$0.32,$0.32,$235,$127,$0,$530,$61,$46,$377,$6,$537,$1067,$158,$195,$7,$210,$369,$1,$-1013,$24,$698,$1067,$84,$18,$-44,$-26,$-17,$-16,$15,$-20,$-34,$23,$-5,$0,$-65,$0,$-49,$-49,$0,$-120,$197,$0,$197,$1,$1,$-14,$-0,$184,$92,$10,$-14
2,2017-12-31,23.69,$8.89,2.67,$10.25,2.31,$2.52,9.42,$0.93,25.47,$0.50B,$0.15B,3.33,$0.20B,$0.63B,0.31,$0.72B,$0.29B,39.61%,$0.72B,$0.07B,9.97%,$0.72B,$0.07B,9.97%,$0.72B,$0.10B,14.13%,$0.72B,$0.07B,9.42%,$0.72B,$0.06B,8.86%,$0.06B,$0.63B,10.69%,$0.06B,$0.25B,22.80%,$0.06B,$0.99B,7.94%,$0.07B,$0.82B,11.12%,$207,$123,$84,$13,$47,$183,$24,$-2,$22,$-44,$66,$67,$67,$29,$24,$70,71,$0.95,$0.95,$218,$115,$0,$497,$60,$45,$378,$6,$491,$988,$149,$195,$7,$212,$362,$1,$-1073,$19,$626,$988,$16,$9,$2,$11,$-16,$-6,$4,$5,$-24,$3,$-3,$0,$-65,$0,$-27,$-27,$0,$-94,$198,$0,$198,$0,$0,$-7,$-0,$190,$101,$5,$-7
3,2017-09-30,30.03,$8.70,3.45,$9.86,3.04,$2.72,11.04,$0.90,33.37,$0.35B,$0.15B,2.4,$0.00B,$0.61B,0.0,$0.69B,$0.27B,38.67%,$0.69B,$0.06B,9.24%,$0.69B,$0.06B,9.24%,$0.69B,$0.09B,13.42%,$0.69B,$0.07B,9.52%,$0.69B,$0.06B,8.95%,$0.06B,$0.61B,10.68%,$0.06B,$0.29B,21.87%,$0.06B,$0.77B,8.47%,$0.06B,$0.61B,11.02%,$189,$114,$75,$13,$41,$168,$21,$-4,$17,$3,$14,$16,$16,$25,$21,$70,71,$0.23,$0.23,$102,$106,$0,$352,$58,$31,$317,$6,$415,$767,$147,$0,$6,$12,$159,$1,$-1082,$15,$608,$767,$63,$28,$6,$34,$-11,$-13,$8,$2,$-1,$96,$-13,$-0,$-45,$0,$3,$3,$0,$-54,$0,$0,$0,$2,$2,$-28,$-0,$-26,$17,$17,$-28
4,2017-06-30,21.38,$8.46,2.53,$9.58,2.23,$1.96,10.89,$0.80,26.72,$0.37B,$0.15B,2.52,$0.00B,$0.59B,0.0,$0.67B,$0.25B,37.52%,$0.67B,$0.06B,8.52%,$0.67B,$0.06B,8.52%,$0.67B,$0.09B,12.71%,$0.67B,$0.06B,8.82%,$0.67B,$0.06B,8.37%,$0.06B,$0.59B,9.88%,$0.06B,$0.30B,20.11%,$0.06B,$0.75B,7.87%,$0.06B,$0.59B,10.05%,$182,$108,$74,$13,$44,$164,$17,$0,$17,$2,$15,$17,$17,$26,$17,$70,70,$0.25,$0.24,$117,$105,$0,$365,$53,$35,$286,$6,$381,$747,$145,$0,$6,$12,$157,$1,$-1093,$15,$590,$747,$45,$21,$2,$23,$-15,$-13,$9,$12,$-7,$61,$-7,$0,$-5,$0,$3,$3,$0,$-9,$0,$0,$0,$1,$1,$-21,$-0,$-20,$32,$11,$-21
5,2017-03-31,22.0,$8.19,2.68,$9.14,2.41,$1.29,17.12,$0.67,32.83,$0.34B,$0.14B,2.41,$0.00B,$0.57B,0.0,$0.64B,$0.23B,36.69%,$0.64B,$0.05B,7.24%,$0.64B,$0.05B,7.24%,$0.64B,$0.08B,11.81%,$0.64B,$0.05B,7.56%,$0.64B,$0.05B,7.56%,$0.05B,$0.57B,8.64%,$0.05B,$0.28B,18.03%,$0.05B,$0.72B,6.90%,$0.05B,$0.57B,8.28%,$182,$110,$72,$12,$40,$163,$19,$-0,$19,$4,$15,$17,$17,$22,$19,$70,70,$0.25,$0.25,$105,$99,$0,$337,$53,$34,$290,$6,$385,$722,$140,$0,$7,$12,$152,$1,$-1103,$10,$571,$722,$28,$14,$1,$14,$-10,$-7,$10,$12,$1,$43,$-5,$0,$-5,$0,$-0,$-0,$0,$-11,$0,$0,$0,$1,$1,$-14,$-0,$-13,$19,$7,$-14
6,2016-12-31,16.69,$7.95,2.1,$8.70,1.92,$0.66,25.36,$-0.75,0.0,$0.31B,$0.13B,2.39,$0.00B,$0.55B,0.0,$0.60B,$0.22B,35.77%,$0.60B,$0.03B,4.16%,$0.60B,$0.03B,4.16%,$0.60B,$0.05B,8.99%,$0.60B,$0.03B,4.49%,$0.60B,$-0.05B,-8.32%,$-0.05B,$0.55B,-9.14%,$-0.05B,$0.26B,-19.42%,$-0.05B,$0.69B,-7.29%,$0.03B,$0.55B,4.57%,$169,$105,$65,$11,$38,$155,$15,$-0,$15,$3,$11,$14,$14,$20,$15,$70,70,$0.20,$0.20,$84,$93,$0,$306,$54,$31,$294,$5,$386,$692,$128,$0,$7,$11,$139,$1,$-1110,$5,$553,$692,$14,$7,$-2,$5,$-11,$-3,$13,$7,$-0,$19,$-4,$0,$-5,$0,$-0,$-0,$0,$-9,$0,$0,$0,$0,$0,$-7,$-0,$-7,$-2,$2,$-7
7,2016-09-30,13.22,$8.05,1.64,$8.17,1.62,$0.23,58.53,$-1.02,0.0,$0.30B,$0.12B,2.5,$0.00B,$0.55B,0.0,$0.56B,$0.20B,35.47%,$0.56B,$0.00B,0.71%,$0.56B,$0.00B,0.71%,$0.56B,$0.03B,5.70%,$0.56B,$0.00B,0.71%,$0.56B,$-0.07B,-12.30%,$-0.07B,$0.55B,-12.24%,$-0.07B,$0.27B,-25.18%,$-0.07B,$0.69B,-9.85%,$0.00B,$0.55B,0.71%,$160,$103,$57,$11,$32,$147,$13,$2,$15,$3,$12,$14,$14,$17,$13,$69,70,$0.20,$0.20,$85,$93,$0,$299,$55,$6,$284,$40,$387,$686,$120,$0,$7,$12,$132,$1,$-1117,$15,$554,$686,$-69,$28,$80,$109,$-2,$9,$-5,$-4,$0,$40,$-10,$0,$-125,$0,$126,$126,$-2,$-11,$0,$0,$0,$2,$2,$-28,$-1,$-26,$4,$12,$-28
8,2016-06-30,10.81,$7.91,1.37,$7.99,1.35,$0.20,54.73,$-1.07,0.0,$0.29B,$0.12B,2.4,$0.00B,$0.54B,0.0,$0.55B,$0.20B,35.52%,$0.55B,$0.00B,0.73%,$0.55B,$0.00B,0.73%,$0.55B,$0.03B,5.83%,$0.55B,$0.00B,0.36%,$0.55B,$-0.07B,-13.30%,$-0.07B,$0.54B,-12.52%,$-0.07B,$0.26B,-22.79%,$-0.07B,$0.68B,-10.16%,$0.00B,$0.54B,0.69%,$158,$101,$57,$12,$32,$147,$10,$-0,$10,$1,$9,$11,$11,$16,$10,$69,69,$0.16,$0.16,$66,$98,$3,$293,$55,$33,$288,$13,$389,$682,$122,$0,$7,$17,$139,$1,$-1121,$13,$543,$682,$-80,$22,$79,$101,$3,$2,$-5,$3,$-4,$16,$-9,$0,$-125,$0,$126,$126,$-1,$-10,$0,$0,$0,$1,$1,$-21,$-1,$-20,$-15,$8,$-21
9,2016-03-31,9.94,$7.84,1.27,$7.97,1.25,$0.33,30.36,$-1.08,0.0,$0.30B,$0.13B,2.3,$0.00B,$0.54B,0.0,$0.55B,$0.19B,35.16%,$0.55B,$0.01B,1.10%,$0.55B,$0.01B,1.10%,$0.55B,$0.03B,6.04%,$0.55B,$0.01B,0.92%,$0.55B,$-0.07B,-13.55%,$-0.07B,$0.54B,-12.23%,$-0.07B,$0.25B,-19.97%,$-0.07B,$0.68B,-9.99%,$0.01B,$0.54B,0.99%,$148,$93,$54,$13,$32,$139,$8,$-0,$8,$0,$8,$9,$9,$1,$8,$69,69,$0.12,$0.12,$62,$101,$3,$296,$55,$31,$292,$10,$389,$684,$128,$0,$7,$18,$146,$1,$-1122,$11,$538,$684,$-89,$14,$79,$93,$-1,$-0,$-7,$13,$-4,$0,$-6,$0,$-125,$0,$126,$126,$-1,$-6,$0,$0,$0,$1,$1,$-14,$0,$-13,$-19,$7,$-14
10,2015-12-31,10.1,$9.06,1.11,$8.04,1.26,$0.43,23.49,$0.18,56.11,$0.30B,$0.12B,2.56,$0.00B,$0.62B,0.0,$0.55B,$0.19B,34.73%,$0.55B,$0.02B,2.73%,$0.55B,$0.02B,2.73%,$0.55B,$0.04B,7.64%,$0.55B,$0.02B,2.73%,$0.55B,$0.01B,2.36%,$0.01B,$0.62B,2.07%,$0.01B,$0.33B,3.08%,$0.01B,$0.75B,1.71%,$0.02B,$0.62B,2.38%,$135,$88,$47,$13,$33,$142,$-6,$-0,$-6,$78,$-85,$-84,$-84,$-2,$-6,$69,69,$-1.22,$-1.22,$56,$100,$3,$297,$55,$33,$296,$10,$452,$749,$116,$0,$7,$13,$129,$1,$-1032,$5,$620,$749,$-5,$7,$1,$7,$0,$0,$-8,$7,$-15,$-12,$-2,$0,$-125,$0,$123,$123,$-0,$-5,$0,$0,$0,$0,$0,$-7,$0,$-7,$-25,$5,$-7
11,2015-09-30,10.98,$9.35,1.17,$8.10,1.35,$0.67,16.39,$0.21,52.29,$0.36B,$0.11B,3.15,$0.00B,$0.63B,0.0,$0.55B,$0.19B,34.18%,$0.55B,$0.02B,3.07%,$0.55B,$0.02B,3.07%,$0.55B,$0.04B,7.96%,$0.55B,$0.02B,3.25%,$0.55B,$0.02B,2.71%,$0.02B,$0.63B,2.38%,$0.02B,$0.46B,3.31%,$0.02B,$0.76B,1.97%,$0.02B,$0.63B,2.67%,$120,$79,$41,$13,$34,$128,$-8,$0,$-8,$-3,$-5,$-5,$-5,$17,$-8,$68,68,$-0.07,$-0.07,$151,$101,$3,$356,$42,$88,$177,$9,$403,$759,$113,$0,$7,$14,$127,$1,$-1020,$6,$632,$759,$14,$26,$12,$39,$-5,$-6,$8,$-10,$-9,$44,$-16,$0,$-13,$0,$11,$11,$0,$-18,$0,$0,$0,$2,$2,$-27,$-9,$-34,$-13,$12,$-27
12,2015-06-30,10.63,$9.35,1.14,$7.79,1.37,$0.98,10.84,$0.11,96.66,$0.37B,$0.12B,3.11,$0.01B,$0.63B,0.01,$0.53B,$0.18B,33.40%,$0.53B,$0.01B,1.13%,$0.53B,$0.01B,1.13%,$0.53B,$0.03B,6.23%,$0.53B,$0.01B,1.70%,$0.53B,$0.01B,1.51%,$0.01B,$0.63B,1.26%,$0.01B,$0.46B,1.75%,$0.01B,$0.77B,1.05%,$0.01B,$0.64B,0.94%,$146,$93,$53,$13,$28,$136,$10,$-2,$8,$2,$6,$7,$7,$17,$10,$67,69,$0.10,$0.10,$141,$95,$0,$371,$46,$100,$175,$9,$400,$770,$119,$7,$7,$20,$139,$1,$-1020,$8,$631,$770,$8,$20,$8,$27,$-19,$-2,$12,$-7,$-14,$21,$-6,$0,$-17,$0,$11,$11,$0,$-13,$-0,$0,$-0,$1,$1,$-20,$0,$-20,$-14,$10,$-20
13,2015-03-31,10.71,$9.32,1.15,$7.41,1.45,$1.30,8.23,$0.36,29.75,$0.36B,$0.11B,3.36,$0.01B,$0.63B,0.01,$0.50B,$0.17B,33.27%,$0.50B,$-0.01B,-1.99%,$0.50B,$-0.01B,-1.99%,$0.50B,$0.02B,3.19%,$0.50B,$-0.01B,-1.59%,$0.50B,$0.02B,4.78%,$0.02B,$0.63B,3.75%,$0.02B,$0.45B,5.17%,$0.02B,$0.76B,3.11%,$-0.01B,$0.64B,-1.54%,$145,$94,$51,$13,$28,$135,$10,$1,$11,$3,$7,$8,$8,$10,$10,$67,69,$0.11,$0.11,$143,$91,$0,$361,$47,$92,$178,$9,$396,$757,$108,$7,$8,$21,$128,$1,$-1021,$9,$629,$757,$-0,$13,$5,$18,$-13,$2,$8,$-9,$-13,$5,$-4,$0,$-17,$0,$12,$12,$0,$-9,$-0,$0,$-0,$1,$1,$-13,$0,$-13,$-21,$7,$-13
14,2014-12-31,11.64,$9.37,1.24,$7.24,1.61,$1.77,6.58,$0.37,31.47,$0.34B,$0.11B,3.24,$0.01B,$0.63B,0.01,$0.49B,$0.17B,33.74%,$0.49B,$-0.01B,-2.25%,$0.49B,$-0.01B,-2.25%,$0.49B,$0.01B,2.86%,$0.49B,$-0.01B,-1.84%,$0.49B,$0.02B,4.91%,$0.02B,$0.63B,3.74%,$0.02B,$0.45B,5.09%,$0.02B,$0.76B,3.10%,$-0.01B,$0.64B,-1.69%,$139,$93,$46,$13,$30,$136,$3,$1,$4,$2,$3,$3,$3,$0,$3,$67,68,$0.04,$0.04,$136,$95,$0,$340,$48,$109,$180,$7,$418,$757,$105,$7,$9,$22,$127,$1,$-1017,$12,$631,$757,$-3,$7,$-0,$7,$5,$-0,$2,$2,$-1,$3,$-2,$0,$-15,$0,$7,$7,$0,$-10,$-0,$0,$-0,$0,$0,$-7,$0,$-7,$-16,$3,$-7
15,2014-09-30,9.52,$9.61,0.99,$7.16,1.33,$1.86,5.12,$0.46,20.69,$0.37B,$0.11B,3.29,$0.01B,$0.64B,0.01,$0.48B,$0.17B,34.58%,$0.48B,$-0.00B,-0.83%,$0.48B,$-0.00B,-0.83%,$0.48B,$0.02B,4.35%,$0.48B,$-0.00B,-0.41%,$0.48B,$0.03B,6.21%,$0.03B,$0.64B,4.67%,$0.03B,$0.47B,6.35%,$0.03B,$0.78B,3.91%,$-0.00B,$0.65B,-0.62%,$123,$84,$39,$13,$29,$129,$-6,$1,$-5,$-3,$-2,$-3,$-3,$6,$-6,$67,67,$-0.04,$-0.04,$162,$94,$0,$374,$50,$112,$169,$5,$404,$778,$114,$7,$10,$21,$135,$1,$-1007,$16,$643,$778,$32,$25,$-17,$8,$12,$10,$-12,$-6,$14,$54,$-6,$0,$50,$0,$-62,$-62,$0,$-18,$-0,$0,$-0,$2,$2,$-23,$-3,$-24,$11,$11,$-23
16,2014-06-30,9.67,$9.85,0.98,$6.92,1.4,$2.13,4.54,$0.55,17.57,$0.39B,$0.12B,3.38,$0.01B,$0.66B,0.01,$0.46B,$0.16B,34.48%,$0.46B,$-0.01B,-1.29%,$0.46B,$-0.01B,-1.29%,$0.46B,$0.02B,4.09%,$0.46B,$-0.00B,-0.65%,$0.46B,$0.04B,7.76%,$0.04B,$0.66B,5.63%,$0.04B,$0.48B,7.62%,$0.04B,$0.80B,4.75%,$-0.01B,$0.67B,-0.93%,$123,$81,$41,$14,$26,$123,$-1,$-0,$-1,$-1,$0,$0,$0,$0,$-1,$67,68,$0.00,$0.00,$173,$103,$0,$393,$52,$102,$176,$5,$403,$796,$116,$8,$13,$22,$138,$1,$-1001,$24,$658,$796,$31,$18,$-16,$2,$10,$1,$-16,$10,$7,$40,$-3,$0,$48,$0,$-38,$-38,$0,$6,$0,$0,$0,$1,$1,$-16,$0,$-15,$33,$9,$-16
17,2014-03-31,9.73,$9.50,1.02,$6.85,1.42,$2.03,4.78,$0.21,46.32,$0.37B,$0.11B,3.27,$0.01B,$0.63B,0.01,$0.46B,$0.16B,33.84%,$0.46B,$0.00B,0.44%,$0.46B,$0.00B,0.44%,$0.46B,$0.03B,5.90%,$0.46B,$0.01B,1.31%,$0.46B,$0.01B,3.06%,$0.01B,$0.63B,2.22%,$0.01B,$0.48B,3.02%,$0.01B,$0.77B,1.90%,$0.00B,$0.64B,0.32%,$117,$77,$41,$13,$30,$123,$-6,$0,$-6,$-3,$-3,$-3,$24,$8,$-6,$67,68,$0.37,$0.36,$136,$94,$28,$369,$53,$87,$153,$8,$398,$767,$113,$8,$11,$20,$133,$1,$-1020,$22,$634,$767,$7,$12,$8,$20,$-6,$0,$0,$15,$9,$36,$-3,$0,$0,$0,$-21,$-21,$0,$-24,$0,$0,$0,$1,$1,$-11,$0,$-10,$2,$7,$-11
18,2013-12-31,9.27,$9.49,0.98,$6.65,1.39,$1.81,5.11,$0.15,61.77,$0.32B,$0.09B,3.75,$0.00B,$0.63B,0.0,$0.44B,$0.14B,32.65%,$0.44B,$-0.00B,-0.68%,$0.44B,$-0.00B,-0.68%,$0.44B,$0.02B,4.99%,$0.44B,0,0.00%,$0.44B,$0.01B,2.27%,$0.01B,$0.63B,1.59%,$0.01B,$0.45B,2.19%,$0.01B,$0.73B,1.38%,$-0.00B,$0.63B,-0.48%,$126,$82,$44,$12,$29,$124,$2,$0,$3,$1,$2,$2,$3,$7,$2,$67,68,$0.05,$0.05,$123,$97,$0,$321,$46,$78,$179,$7,$409,$730,$86,$0,$11,$12,$97,$1,$-1018,$22,$633,$730,$3,$6,$4,$10,$2,$1,$-5,$-3,$-5,$8,$-1,$0,$0,$0,$-7,$-7,$0,$-8,$0,$0,$0,$0,$0,$-5,$0,$-5,$-5,$3,$-5
19,2013-09-30,8.16,$9.50,0.86,$6.40,1.28,$1.77,4.61,$-0.04,0.0,$0.36B,$0.09B,3.83,$0.00B,$0.63B,0.0,$0.42B,$0.13B,31.28%,$0.42B,$-0.02B,-4.03%,$0.42B,$-0.02B,-4.03%,$0.42B,$0.01B,2.13%,$0.42B,$-0.02B,-3.55%,$0.42B,$-0.00B,-0.47%,$-0.00B,$0.63B,-0.32%,$-0.00B,$0.48B,-0.44%,$-0.00B,$0.74B,-0.28%,$-0.02B,$0.63B,-2.70%,$117,$76,$41,$13,$26,$116,$1,$1,$2,$1,$1,$2,$3,$4,$1,$66,67,$0.05,$0.05,$129,$94,$28,$355,$48,$70,$158,$7,$382,$737,$93,$0,$10,$12,$104,$1,$-1016,$23,$633,$737,$-2,$25,$3,$28,$6,$15,$3,$13,$28,$54,$10,$0,$-68,$0,$54,$54,$-3,$-7,$0,$0,$0,$2,$2,$-21,$0,$-19,$28,$8,$-21
20,2013-06-30,8.45,$9.39,0.9,$6.17,1.37,$1.20,7.03,$1.64,5.15,$0.31B,$0.08B,3.7,$0.00B,$0.62B,0.0,$0.41B,$0.12B,30.22%,$0.41B,$-0.03B,-7.62%,$0.41B,$-0.03B,-7.62%,$0.41B,$-0.01B,-1.47%,$0.41B,$-0.03B,-7.13%,$0.41B,$0.11B,26.54%,$0.11B,$0.62B,17.03%,$0.11B,$0.45B,23.08%,$0.11B,$0.72B,14.85%,$-0.03B,$0.62B,-4.89%,$104,$70,$34,$12,$24,$107,$-3,$1,$-2,$-0,$-2,$1,$6,$8,$-3,$66,66,$0.10,$0.10,$103,$93,$0,$311,$55,$71,$177,$10,$409,$720,$84,$0,$11,$13,$97,$1,$-1017,$17,$624,$720,$-8,$19,$6,$25,$-4,$17,$-1,$5,$13,$30,$0,$0,$-59,$0,$56,$56,$-3,$-6,$0,$0,$0,$1,$1,$-16,$0,$-15,$7,$6,$-16
21,2013-03-31,8.77,$9.43,0.93,$6.65,1.32,$1.15,7.63,$1.74,5.04,$0.31B,$0.08B,3.76,$0.00B,$0.63B,0.0,$0.44B,$0.13B,30.50%,$0.44B,$-0.03B,-5.73%,$0.44B,$-0.03B,-5.73%,$0.44B,$0.00B,0.00%,$0.44B,$-0.02B,-5.28%,$0.44B,$0.11B,26.15%,$0.11B,$0.63B,18.70%,$0.11B,$0.45B,25.04%,$0.11B,$0.72B,16.09%,$-0.03B,$0.63B,-4.10%,$111,$75,$36,$11,$22,$109,$2,$1,$3,$-2,$4,$5,$2,$3,$2,$66,67,$0.02,$0.02,$106,$97,$0,$307,$59,$68,$179,$9,$415,$722,$82,$0,$12,$13,$94,$1,$-1013,$18,$627,$722,$-10,$13,$2,$15,$9,$14,$-3,$-1,$12,$17,$1,$0,$-59,$0,$60,$60,$-2,$-1,$0,$0,$0,$1,$1,$-11,$0,$-10,$5,$5,$-11
22,2012-12-31,6.88,$9.61,0.72,$7.10,0.97,$1.15,6.01,$1.89,3.64,$0.30B,$0.07B,4.05,$0.00B,$0.64B,0.0,$0.47B,$0.15B,31.76%,$0.47B,$-0.01B,-3.00%,$0.47B,$-0.01B,-3.00%,$0.47B,$0.01B,2.36%,$0.47B,$-0.01B,-2.36%,$0.47B,$0.13B,26.82%,$0.13B,$0.64B,21.42%,$0.13B,$0.46B,28.36%,$0.13B,$0.73B,18.19%,$-0.01B,$0.64B,-2.40%,$109,$76,$33,$11,$24,$113,$-3,$0,$-3,$0,$-3,$-3,$-1,$-6,$-3,$66,66,$-0.01,$-0.01,$104,$105,$0,$301,$65,$69,$181,$7,$424,$725,$74,$0,$12,$13,$88,$1,$-1007,$24,$637,$725,$-9,$7,$-2,$5,$20,$7,$-11,$-1,$9,$5,$-1,$0,$-56,$0,$57,$57,$-1,$0,$0,$0,$0,$0,$0,$-5,$0,$-5,$0,$3,$-5
23,2012-09-30,6.8,$9.79,0.69,$7.45,0.91,$1.12,6.05,$2.08,3.27,$0.35B,$0.08B,4.28,$0.00B,$0.65B,0.0,$0.49B,$0.16B,32.58%,$0.49B,0,0.00%,$0.49B,0,0.00%,$0.49B,$0.02B,4.92%,$0.49B,$0.00B,0.82%,$0.49B,$0.14B,28.07%,$0.14B,$0.65B,24.77%,$0.14B,$0.52B,32.46%,$0.14B,$0.74B,20.71%,$0.00B,$0.65B,0.00%,$98,$69,$29,$12,$26,$111,$-13,$0,$-13,$-4,$-9,$-9,$-9,$-11,$-13,$66,66,$-0.14,$-0.14,$141,$103,$0,$347,$64,$91,$128,$6,$394,$742,$81,$0,$10,$11,$93,$1,$-993,$24,$649,$742,$137,$24,$-107,$-83,$-1,$6,$-11,$1,$-18,$36,$-9,$0,$-9,$0,$-3,$-3,$0,$-21,$0,$0,$0,$2,$2,$-21,$0,$-19,$-4,$9,$-21
24,2012-06-30,7.91,$7.94,1.0,$8.11,0.98,$1.96,4.04,$0.50,15.82,$0.35B,$0.10B,3.58,$0.00B,$0.53B,0.0,$0.53B,$0.18B,34.15%,$0.53B,$0.02B,4.53%,$0.53B,$0.02B,4.53%,$0.53B,$0.05B,9.06%,$0.53B,$0.03B,5.28%,$0.53B,$0.03B,6.42%,$0.03B,$0.53B,6.53%,$0.03B,$0.40B,8.73%,$0.03B,$0.65B,5.35%,$0.02B,$0.53B,4.61%,$89,$64,$25,$9,$22,$106,$-17,$1,$-16,$-127,$111,$111,$116,$14,$-17,$65,66,$1.79,$1.77,$150,$107,$0,$354,$65,$90,$130,$6,$291,$645,$99,$0,$13,$21,$120,$1,$-1103,$13,$526,$645,$21,$18,$5,$23,$-10,$1,$6,$-5,$-11,$33,$-6,$0,$-9,$0,$1,$1,$0,$-14,$0,$0,$0,$1,$1,$-16,$0,$-15,$3,$7,$-16
25,2012-03-31,10.24,$7.88,1.3,$8.83,1.16,$2.59,3.95,$1.40,7.32,$0.35B,$0.09B,3.73,$0.00B,$0.52B,0.0,$0.58B,$0.19B,33.33%,$0.58B,$0.04B,6.60%,$0.58B,$0.04B,6.60%,$0.58B,$0.06B,10.59%,$0.58B,$0.09B,15.28%,$0.58B,$0.09B,16.15%,$0.09B,$0.52B,17.97%,$0.09B,$0.39B,23.06%,$0.09B,$0.64B,14.75%,$0.04B,$0.52B,7.34%,$140,$94,$46,$12,$25,$132,$8,$0,$9,$1,$8,$8,$8,$14,$8,$65,66,$0.12,$0.12,$153,$105,$0,$349,$67,$86,$132,$3,$288,$637,$93,$0,$14,$21,$114,$1,$-1109,$17,$522,$637,$13,$12,$3,$15,$-3,$4,$6,$-5,$-6,$22,$-4,$0,$-9,$0,$23,$23,$0,$10,$0,$0,$0,$1,$1,$-10,$0,$-10,$22,$5,$-10
26,2011-12-31,8.47,$7.77,1.09,$9.67,0.88,$2.88,2.94,$1.67,5.07,$0.32B,$0.08B,3.75,$0.00B,$0.52B,0.0,$0.63B,$0.21B,32.70%,$0.63B,$0.06B,9.05%,$0.63B,$0.06B,9.05%,$0.63B,$0.08B,12.38%,$0.63B,$0.11B,16.83%,$0.63B,$0.11B,17.46%,$0.11B,$0.52B,22.09%,$0.11B,$0.38B,27.33%,$0.11B,$0.62B,17.96%,$0.06B,$0.52B,11.45%,$139,$91,$48,$13,$24,$131,$8,$0,$9,$-1,$9,$10,$10,$7,$8,$65,66,$0.15,$0.15,$130,$103,$0,$316,$67,$101,$134,$3,$306,$622,$84,$0,$15,$23,$107,$1,$-1113,$16,$515,$622,$3,$6,$1,$7,$4,$6,$-6,$-3,$-4,$5,$-2,$0,$-9,$0,$1,$1,$0,$-9,$0,$0,$0,$0,$0,$-5,$0,$-5,$-10,$2,$-5
27,2011-09-30,6.67,$7.83,0.85,$10.60,0.63,$3.08,2.16,$1.98,3.37,$0.32B,$0.10B,3.35,$0.00B,$0.52B,0.0,$0.69B,$0.22B,32.41%,$0.69B,$0.08B,11.63%,$0.69B,$0.08B,11.63%,$0.69B,$0.10B,14.39%,$0.69B,$0.13B,18.60%,$0.69B,$0.13B,18.90%,$0.13B,$0.52B,27.50%,$0.13B,$0.39B,32.81%,$0.13B,$0.64B,21.99%,$0.08B,$0.52B,16.92%,$120,$80,$40,$12,$27,$119,$1,$1,$2,$0,$2,$3,$3,$13,$1,$65,65,$0.04,$0.04,$126,$108,$0,$321,$69,$116,$129,$3,$316,$637,$96,$0,$15,$22,$118,$1,$-1108,$17,$519,$637,$130,$20,$-43,$-24,$10,$-19,$-15,$6,$-19,$88,$-6,$0,$-88,$0,$10,$10,$0,$-84,$0,$0,$0,$1,$1,$-5,$0,$-4,$-1,$7,$-5
28,2011-06-30,8.81,$7.78,1.13,$11.42,0.77,$2.21,3.98,$2.17,4.06,$0.39B,$0.09B,4.27,$0.00B,$0.51B,0.0,$0.74B,$0.23B,31.26%,$0.74B,$0.10B,12.86%,$0.74B,$0.10B,12.86%,$0.74B,$0.11B,15.43%,$0.74B,$0.14B,19.35%,$0.74B,$0.14B,19.22%,$0.14B,$0.51B,32.25%,$0.14B,$0.45B,37.25%,$0.14B,$0.63B,25.29%,$0.10B,$0.51B,21.58%,$131,$84,$47,$11,$28,$124,$7,$1,$8,$-3,$11,$13,$13,$27,$7,$65,65,$0.21,$0.21,$199,$94,$0,$385,$58,$118,$62,$3,$241,$626,$90,$0,$17,$22,$112,$1,$-1117,$24,$514,$626,$118,$14,$-43,$-29,$-0,$-11,$-12,$2,$-22,$67,$0,$0,$-3,$0,$8,$8,$0,$5,$0,$0,$0,$1,$1,$0,$0,$1,$73,$5,$0
29,2011-03-31,11.14,$6.72,1.66,$11.00,1.01,$1.43,7.81,$1.41,7.9,$0.36B,$0.10B,3.59,$0.00B,$0.44B,0.0,$0.71B,$0.22B,30.99%,$0.71B,$0.09B,12.68%,$0.71B,$0.09B,12.68%,$0.71B,$0.11B,15.21%,$0.71B,$0.09B,12.82%,$0.71B,$0.09B,12.96%,$0.09B,$0.44B,22.93%,$0.09B,$0.39B,26.84%,$0.09B,$0.57B,17.42%,$0.09B,$0.44B,22.43%,$186,$129,$57,$10,$25,$164,$22,$46,$69,$3,$65,$67,$67,$31,$22,$65,65,$1.03,$1.03,$123,$127,$0,$355,$60,$89,$57,$3,$210,$565,$99,$0,$16,$22,$121,$1,$-1184,$22,$444,$565,$50,$9,$3,$12,$-6,$-10,$-5,$3,$-23,$39,$-3,$0,$0,$0,$-37,$-37,$0,$-41,$0,$1,$1,$0,$0,$0,$0,$1,$-0,$4,$0
30,2010-12-31,7.36,$6.32,1.16,$10.35,0.71,$1.00,7.33,$1.33,5.53,$0.34B,$0.10B,3.31,$0.00B,$0.41B,0.0,$0.67B,$0.20B,29.62%,$0.67B,$0.07B,10.98%,$0.67B,$0.07B,10.98%,$0.67B,$0.09B,13.83%,$0.67B,$0.08B,12.33%,$0.67B,$0.09B,12.93%,$0.09B,$0.41B,22.89%,$0.09B,$0.36B,27.19%,$0.09B,$0.54B,17.03%,$0.07B,$0.41B,19.43%,$193,$131,$62,$9,$25,$166,$27,$0,$27,$1,$26,$27,$27,$28,$27,$65,65,$0.41,$0.41,$113,$127,$0,$336,$62,$77,$58,$3,$200,$537,$102,$0,$15,$21,$123,$1,$-1210,$20,$414,$537,$23,$5,$1,$6,$5,$-11,$-3,$2,$-11,$18,$-2,$0,$0,$0,$-13,$-13,$0,$-15,$0,$0,$0,$0,$0,$0,$0,$0,$2,$1,$0
31,2010-09-30,5.45,$5.95,0.91,$9.26,0.59,$0.77,7.06,$0.93,5.86,$0.33B,$0.11B,3.03,$0.00B,$0.39B,0.0,$0.59B,$0.17B,27.99%,$0.59B,$0.05B,7.93%,$0.59B,$0.05B,7.93%,$0.59B,$0.07B,11.30%,$0.59B,$0.06B,9.44%,$0.59B,$0.06B,10.12%,$0.06B,$0.39B,17.03%,$0.06B,$0.33B,20.55%,$0.06B,$0.52B,12.55%,$0.05B,$0.39B,13.34%,$178,$121,$57,$9,$24,$155,$24,$0,$24,$1,$23,$23,$23,$28,$24,$64,64,$0.37,$0.36,$109,$116,$0,$327,$64,$65,$59,$3,$191,$518,$108,$0,$15,$21,$129,$1,$-1234,$20,$389,$518,$60,$19,$6,$25,$-53,$-31,$39,$-7,$-57,$28,$-3,$7,$0,$0,$-33,$-33,$0,$-29,$0,$0,$0,$1,$1,$0,$0,$1,$-0,$7,$0
32,2010-06-30,6.27,$5.48,1.14,$7.44,0.84,$-0.69,0.0,$0.32,19.6,$0.31B,$0.11B,2.72,$0.00B,$0.36B,0.0,$0.48B,$0.12B,25.89%,$0.48B,$0.01B,2.11%,$0.48B,$0.01B,2.11%,$0.48B,$-0.04B,-8.84%,$0.48B,$0.02B,4.00%,$0.48B,$0.02B,4.42%,$0.02B,$0.36B,6.27%,$0.02B,$0.30B,7.67%,$0.02B,$0.49B,4.65%,$0.01B,$0.36B,2.99%,$182,$126,$55,$8,$25,$159,$22,$1,$23,$-1,$24,$25,$25,$21,$22,$64,64,$0.39,$0.38,$104,$117,$0,$306,$66,$59,$60,$3,$187,$493,$112,$0,$3,$22,$135,$1,$-1258,$15,$358,$493,$35,$14,$-2,$12,$-34,$-34,$44,$-1,$-29,$18,$-2,$7,$0,$0,$-28,$-28,$0,$-23,$0,$0,$0,$1,$1,$0,$0,$1,$-5,$5,$0
33,2010-03-31,7.16,$5.27,1.36,$5.70,1.26,$-1.93,0.0,$-0.35,0.0,$0.27B,$0.11B,2.53,$0.00B,$0.34B,0.0,$0.36B,$0.08B,22.38%,$0.36B,$-0.03B,-9.12%,$0.36B,$-0.03B,-9.12%,$0.36B,$-0.08B,-23.20%,$0.36B,$-0.02B,-6.35%,$0.36B,$-0.02B,-6.08%,$-0.02B,$0.34B,-6.70%,$-0.02B,$0.28B,-8.26%,$-0.02B,$0.47B,-5.08%,$-0.03B,$0.34B,-10.05%,$157,$111,$46,$8,$21,$140,$17,$0,$17,$-0,$17,$17,$17,$15,$17,$64,64,$0.26,$0.26,$84,$104,$0,$269,$68,$70,$61,$3,$203,$472,$106,$0,$4,$23,$130,$1,$-1274,$17,$342,$472,$18,$9,$-4,$6,$-29,$-20,$40,$-3,$-15,$9,$-1,$7,$0,$0,$-27,$-27,$0,$-21,$0,$0,$0,$1,$1,$0,$0,$1,$-11,$4,$0
34,2009-12-31,6.96,$4.95,1.41,$3.98,1.75,$-2.79,0.0,$-3.11,0.0,$0.24B,$0.09B,2.78,$0.00B,$0.32B,0.0,$0.25B,$0.01B,5.58%,$0.25B,$-0.20B,-78.09%,$0.25B,$-0.20B,-78.09%,$0.25B,$-0.17B,-68.53%,$0.25B,$-0.19B,-76.89%,$0.25B,$-0.20B,-78.09%,$-0.20B,$0.32B,-58.86%,$-0.20B,$0.26B,-72.53%,$-0.20B,$0.43B,-45.98%,$-0.20B,$0.32B,-58.86%,$148,$109,$39,$8,$21,$138,$10,$8,$18,$-3,$21,$21,$21,$3,$10,$64,64,$0.33,$0.33,$85,$90,$0,$239,$71,$56,$61,$3,$191,$430,$86,$0,$5,$24,$110,$1,$-1295,$17,$320,$430,$-3,$5,$2,$7,$-15,$-5,$20,$0,$-3,$1,$-0,$0,$0,$0,$-14,$-14,$0,$-14,$0,$0,$0,$0,$0,$0,$0,$0,$-13,$2,$0
35,2009-09-30,6.27,$4.96,1.26,$3.48,1.8,$-3.10,0.0,$-3.63,0.0,$0.22B,$0.07B,3.14,$0.00B,$0.32B,0.0,$0.22B,$-0.01B,-2.75%,$0.22B,$-0.23B,-105.05%,$0.22B,$-0.23B,-105.05%,$0.22B,$-0.20B,-92.20%,$0.22B,$-0.23B,-103.67%,$0.22B,$-0.23B,-104.59%,$-0.23B,$0.32B,-59.84%,$-0.23B,$0.26B,-78.62%,$-0.23B,$0.41B,-48.25%,$-0.23B,$0.32B,-60.10%,$106,$80,$26,$8,$19,$108,$-2,$-0,$-2,$1,$-3,$-3,$-3,$-81,$-2,$63,63,$-0.04,$-0.04,$88,$85,$0,$221,$75,$52,$62,$3,$192,$413,$70,$0,$15,$23,$94,$1,$-1293,$16,$320,$413,$-228,$26,$115,$141,$30,$22,$-11,$4,$31,$-56,$-11,$0,$0,$0,$17,$17,$1,$6,$0,$0,$0,$1,$1,$0,$0,$1,$-50,$6,$0
36,2009-06-30,3.64,$5.17,0.7,$4.12,0.88,$-2.17,0.0,$-6.85,0.0,$0.22B,$0.06B,3.5,$0.00B,$0.33B,0.0,$0.26B,$0.00B,1.92%,$0.26B,$-0.43B,-165.13%,$0.26B,$-0.43B,-165.13%,$0.26B,$-0.33B,-126.05%,$0.26B,$-0.43B,-164.75%,$0.26B,$-0.43B,-164.75%,$-0.43B,$0.33B,-98.51%,$-0.43B,$0.27B,-135.75%,$-0.43B,$0.42B,-80.34%,$-0.43B,$0.33B,-98.74%,$64,$52,$12,$7,$19,$79,$-15,$1,$-14,$-0,$-14,$-14,$-14,$-21,$-15,$63,63,$-0.22,$-0.22,$88,$91,$0,$217,$78,$55,$63,$4,$200,$417,$62,$0,$5,$23,$85,$1,$-1278,$16,$332,$417,$-213,$93,$42,$134,$38,$14,$-22,$5,$26,$-53,$-10,$-0,$0,$0,$6,$6,$0,$-4,$0,$0,$0,$1,$1,$0,$0,$1,$-57,$5,$0
37,2009-03-31,3.74,$5.60,0.67,$5.41,0.69,$-1.35,0.0,$-6.61,0.0,$0.23B,$0.07B,3.3,$0.00B,$0.36B,0.0,$0.34B,$0.03B,8.80%,$0.34B,$-0.42B,-121.70%,$0.34B,$-0.42B,-121.70%,$0.34B,$-0.31B,-90.62%,$0.34B,$-0.42B,-121.70%,$0.34B,$-0.41B,-121.41%,$-0.41B,$0.36B,-76.03%,$-0.41B,$0.30B,-120.17%,$-0.41B,$0.45B,-63.38%,$-0.42B,$0.36B,-76.22%,$44,$40,$4,$8,$20,$70,$-26,$1,$-25,$0,$-25,$-26,$-26,$-73,$-26,$63,63,$-0.41,$-0.41,$89,$99,$0,$225,$82,$71,$64,$3,$220,$445,$68,$0,$6,$17,$85,$1,$-1252,$20,$360,$445,$-188,$88,$39,$128,$41,$7,$-21,$3,$23,$-37,$-9,$0,$0,$0,$-14,$-14,$0,$-23,$0,$0,$0,$1,$1,$0,$0,$1,$-61,$3,$0
38,2008-12-31,4.72,$8.05,0.59,$7.12,0.66,$-0.70,0.0,$-4.31,0.0,$0.28B,$0.09B,3.25,$0.00B,$0.51B,0.0,$0.45B,$0.09B,20.80%,$0.45B,$-0.27B,-59.73%,$0.45B,$-0.27B,-59.73%,$0.45B,$-0.24B,-51.99%,$0.45B,$-0.27B,-59.96%,$0.45B,$-0.27B,-59.51%,$-0.27B,$0.51B,-41.53%,$-0.27B,$0.34B,-73.30%,$-0.27B,$0.62B,-34.96%,$-0.27B,$0.51B,-41.68%,$37,$65,$-28,$8,$25,$190,$-153,$0,$-152,$0,$-153,$-153,$-153,$-26,$-153,$63,63,$-2.43,$-2.43,$112,$110,$0,$277,$83,$78,$174,$3,$338,$615,$85,$0,$7,$18,$104,$1,$-1100,$21,$512,$615,$-35,$8,$2,$11,$26,$-3,$-8,$-0,$11,$-13,$-5,$0,$0,$0,$-12,$-12,$0,$-18,$0,$0,$0,$0,$0,$0,$0,$0,$-32,$2,$0
39,2008-09-30,6.78,$8.52,0.8,$8.09,0.84,$-0.56,0.0,$-3.77,0.0,$0.34B,$0.10B,3.29,$0.00B,$0.54B,0.0,$0.53B,$0.13B,23.91%,$0.53B,$-0.24B,-45.35%,$0.53B,$-0.24B,-45.35%,$0.53B,$-0.20B,-38.71%,$0.53B,$-0.24B,-44.97%,$0.53B,$-0.24B,-44.59%,$-0.24B,$0.54B,-32.29%,$-0.24B,$0.36B,-59.87%,$-0.24B,$0.66B,-27.47%,$-0.24B,$0.54B,-32.84%,$73,$67,$6,$9,$28,$108,$-35,$-0,$-35,$0,$-35,$-35,$-35,$-209,$-35,$63,63,$-0.56,$-0.56,$143,$106,$0,$339,$82,$60,$178,$5,$325,$664,$103,$0,$8,$19,$122,$1,$-1065,$18,$542,$664,$-236,$34,$214,$248,$39,$-1,$-21,$4,$2,$14,$-23,$0,$1,$0,$39,$39,$-0,$17,$0,$0,$0,$-88,$-88,$0,$0,$-88,$-58,$7,$0
40,2008-06-30,6.71,$12.03,0.56,$8.68,0.77,$0.29,22.77,$-0.34,0.0,$0.35B,$0.11B,3.37,$0.00B,$0.76B,0.0,$0.59B,$0.14B,24.36%,$0.59B,$-0.03B,-4.60%,$0.59B,$-0.03B,-4.60%,$0.59B,$0.01B,1.19%,$0.59B,$-0.02B,-3.58%,$0.59B,$-0.02B,-3.41%,$-0.02B,$0.76B,-2.48%,$-0.02B,$0.38B,-4.79%,$-0.02B,$0.89B,-2.12%,$-0.03B,$0.76B,-3.34%,$107,$84,$23,$9,$26,$324,$-217,$-1,$-218,$-1,$-217,$-216,$-216,$-1,$-217,$65,65,$-3.34,$-3.34,$144,$111,$0,$354,$84,$61,$383,$6,$535,$889,$105,$0,$9,$20,$125,$1,$-849,$26,$764,$889,$-20,$26,$8,$34,$32,$-5,$-18,$1,$-7,$7,$-17,$-0,$2,$0,$38,$38,$0,$22,$0,$0,$0,$-89,$-89,$0,$0,$-89,$-58,$6,$0
41,2008-03-31,7.89,$12.18,0.65,$9.21,0.86,$0.97,8.17,$0.13,60.68,$0.38B,$0.12B,3.28,$0.00B,$0.77B,0.0,$0.65B,$0.17B,26.19%,$0.65B,$-0.00B,-0.46%,$0.65B,$-0.00B,-0.46%,$0.65B,$0.03B,4.59%,$0.65B,$0.01B,1.84%,$0.65B,$0.01B,1.99%,$0.01B,$0.77B,1.52%,$0.01B,$0.39B,2.80%,$0.01B,$0.91B,1.30%,$-0.00B,$0.77B,-0.35%,$124,$95,$29,$10,$26,$134,$-10,$-0,$-10,$1,$-11,$-10,$-10,$1,$-10,$62,62,$-0.17,$-0.17,$155,$113,$0,$379,$83,$54,$388,$7,$531,$910,$115,$0,$10,$21,$136,$1,$-839,$26,$773,$910,$-10,$17,$7,$24,$15,$-7,$-10,$6,$-9,$5,$-11,$-0,$0,$0,$37,$37,$0,$26,$0,$0,$0,$-89,$-89,$0,$0,$-89,$-55,$5,$0
42,2007-12-31,10.72,$12.16,0.88,$9.49,1.13,$1.13,9.49,$1.69,6.34,$0.42B,$0.11B,3.99,$0.00B,$0.83B,0.0,$0.70B,$0.20B,28.14%,$0.70B,$0.02B,3.00%,$0.70B,$0.02B,3.00%,$0.70B,$0.05B,7.57%,$0.70B,$0.04B,5.29%,$0.70B,$0.13B,18.43%,$0.13B,$0.83B,14.36%,$0.13B,$0.44B,25.68%,$0.13B,$0.96B,12.34%,$0.02B,$0.83B,2.34%,$148,$111,$36,$12,$30,$155,$-8,$-0,$-8,$1,$-9,$-9,$-8,$5,$-8,$64,64,$-0.13,$-0.13,$200,$107,$0,$419,$81,$60,$392,$7,$540,$959,$105,$0,$10,$22,$126,$1,$-830,$20,$832,$959,$-1,$9,$1,$10,$14,$-2,$-14,$3,$-15,$-6,$-5,$-0,$0,$0,$16,$16,$0,$11,$0,$0,$0,$-29,$-29,$0,$0,$-29,$-24,$2,$0
43,2007-09-30,11.56,$12.21,0.95,$9.90,1.17,$1.18,9.75,$2.00,5.78,$0.48B,$0.13B,3.62,$0.00B,$0.86B,0.0,$0.74B,$0.22B,29.48%,$0.74B,$0.04B,5.52%,$0.74B,$0.04B,5.52%,$0.74B,$0.07B,9.69%,$0.74B,$0.06B,7.40%,$0.74B,$0.15B,20.46%,$0.15B,$0.86B,16.95%,$0.15B,$0.46B,30.52%,$0.15B,$1.02B,14.40%,$0.04B,$0.86B,4.57%,$148,$109,$38,$12,$29,$152,$-4,$3,$-1,$1,$-2,$-1,$-1,$2,$-4,$69,69,$-0.02,$-0.02,$248,$105,$0,$480,$81,$50,$396,$8,$535,$1015,$133,$0,$12,$22,$155,$1,$-829,$18,$860,$1015,$151,$31,$-77,$-46,$-1,$-4,$-15,$-2,$-33,$73,$-21,$0,$131,$0,$-29,$-29,$-0,$81,$-2,$0,$-2,$-101,$-101,$0,$0,$-103,$52,$9,$0
44,2007-06-30,14.73,$12.65,1.16,$10.23,1.44,$1.13,13.03,$2.24,6.58,$0.60B,$0.14B,4.4,$0.00B,$0.97B,0.0,$0.76B,$0.24B,31.32%,$0.76B,$0.06B,7.60%,$0.76B,$0.06B,7.60%,$0.76B,$0.09B,11.80%,$0.76B,$0.07B,9.04%,$0.76B,$0.17B,22.15%,$0.17B,$0.97B,19.17%,$0.17B,$0.57B,35.21%,$0.17B,$1.12B,16.09%,$0.06B,$0.97B,6.58%,$167,$127,$40,$13,$29,$172,$-5,$3,$-2,$-0,$-2,$-1,$-1,$22,$-5,$73,74,$0.02,$0.01,$361,$108,$0,$600,$78,$31,$396,$11,$516,$1115,$136,$0,$13,$13,$150,$1,$-828,$16,$966,$1115,$153,$24,$-82,$-58,$-5,$-9,$-14,$-3,$-42,$53,$-15,$0,$130,$0,$10,$10,$0,$125,$0,$0,$0,$8,$8,$0,$0,$8,$187,$6,$0
45,2007-03-31,13.92,$12.35,1.13,$9.91,1.4,$0.83,16.73,$2.17,6.41,$0.58B,$0.14B,4.06,$0.00B,$0.94B,0.0,$0.74B,$0.24B,32.20%,$0.74B,$0.06B,7.61%,$0.74B,$0.06B,7.61%,$0.74B,$0.09B,11.96%,$0.74B,$0.06B,8.15%,$0.74B,$0.16B,22.15%,$0.16B,$0.94B,19.53%,$0.16B,$0.54B,38.76%,$0.16B,$1.09B,15.46%,$0.06B,$0.94B,6.71%,$190,$133,$57,$13,$30,$176,$14,$9,$23,$1,$23,$23,$23,$24,$14,$75,76,$0.30,$0.30,$313,$105,$0,$578,$80,$29,$400,$6,$515,$1093,$142,$0,$14,$14,$156,$1,$-850,$15,$936,$1093,$130,$16,$-78,$-62,$-22,$-6,$-15,$-4,$-50,$18,$-12,$0,$119,$0,$8,$8,$-0,$115,$0,$0,$0,$4,$4,$0,$0,$4,$137,$4,$0
46,2006-12-31,11.69,$10.92,1.07,$9.31,1.25,$0.78,14.91,$0.82,14.25,$0.44B,$0.16B,2.68,$0.00B,$0.83B,0.0,$0.69B,$0.22B,32.03%,$0.69B,$0.05B,6.52%,$0.69B,$0.05B,6.52%,$0.69B,$0.08B,11.16%,$0.69B,$0.05B,7.25%,$0.69B,$0.06B,8.55%,$0.06B,$0.83B,7.47%,$0.06B,$0.42B,15.89%,$0.06B,$1.00B,5.57%,$0.05B,$0.83B,5.69%,$195,$132,$62,$13,$31,$179,$16,$2,$17,$1,$16,$16,$108,$24,$16,$75,75,$1.44,$1.43,$168,$106,$0,$436,$76,$38,$402,$6,$564,$1000,$162,$0,$11,$12,$175,$1,$-958,$17,$825,$1000,$22,$8,$2,$10,$-14,$-5,$-4,$2,$-36,$-3,$-4,$0,$-0,$0,$25,$25,$0,$21,$0,$0,$0,$0,$0,$0,$0,$0,$18,$2,$0
