,Date,Stock Price,Book Value per Share,Price to Book Ratio,TTM Sales per Share,Price to Sales Ratio,TTM FCF per Share,Price to FCF Ratio,TTM Net EPS,PE Ratio,Current Assets,Current Liabilities,Current Ratio,Long Term Debt,Shareholder's Equity_x,Debt to Equity Ratio,TTM Revenue_x,TTM Gross Profit,Gross Margin,TTM Revenue_y,TTM Operating Income,Operating Margin,TTM Revenue_x,TTM EBIT,EBIT Margin,TTM Revenue_y,TTM EBITDA,EBITDA Margin,TTM Revenue_x,TTM Pre-Tax Income,Pre-Tax Margin,TTM Revenue_y,TTM Net Income_x,Net Margin,TTM Net Income_y,Shareholder's Equity_y,Return on Equity,TTM Net Income_x,Tangible Equity,Return on Tangible Equity,TTM Net Income_y,Total Assets,Return on Assets,TTM Net Income,LT Investments & Debt,Return on Investment,revenue,cost-goods-sold,gross-profit,research-development-expenses,selling-general-administrative-expenses,operating-expenses,operating-income,total-non-operating-income-expense,pre-tax-income,total-provision-income-taxes,income-after-taxes,income-from-continuous-operations,net-income,ebitda,ebit,basic-shares-outstanding,shares-outstanding,eps-basic-net-earnings-per-share,eps-earnings-per-share-diluted,cash-on-hand,inventory,other-current-assets,total-current-assets,net-property-plant-equipment,long-term-investments,goodwill-intangible-assets-total,other-long-term-assets,total-long-term-assets,total-assets,total-current-liabilities,long-term-debt,other-non-current-liabilities,total-long-term-liabilities,total-liabilities,common-stock-net,retained-earnings-accumulated-deficit,comprehensive-income,total-share-holder-equity,total-liabilities-share-holders-equity,net-income-loss,total-depreciation-amortization-cash-flow,other-non-cash-items,total-non-cash-items,change-in-accounts-receivable,change-in-inventories,change-in-accounts-payable,change-in-assets-liabilities,total-change-in-assets-liabilities,cash-flow-from-operating-activities,net-change-in-property-plant-equipment,net-change-in-intangible-assets,net-acquisitions-divestitures,net-change-in-short-term-investments,net-change-in-long-term-investments,net-change-in-investments-total,investing-activities-other,cash-flow-from-investing-activities,net-long-term-debt,net-current-debt,debt-issuance-retirement-net-total,net-common-equity-issued-repurchased,net-total-equity-issued-repurchased,total-common-preferred-stock-dividends-paid,financial-activities-other,cash-flow-from-financial-activities,net-cash-flow,stock-based-compensation,common-stock-dividends-paid
0,2018-09-30,12.13,$27.24,0.45,$40.49,0.3,$-2.67,0.0,$-8.00,0.0,$0.73B,$0.33B,2.21,$1.40B,$0.98B,1.44,$1.44B,$0.26B,18.36%,$1.44B,$-0.25B,-17.04%,$1.44B,$-0.25B,-17.04%,$1.44B,$-0.12B,-8.14%,$1.44B,$-0.35B,-24.41%,$1.44B,$-0.29B,-19.82%,$-0.29B,$0.98B,-25.12%,$-0.29B,$0.96B,-25.57%,$-0.29B,$2.86B,-9.47%,$-0.25B,$2.37B,-9.92%,$351,$292,$58,$0,$39,$480,$-130,$-30,$-159,$-16,$-144,$-144,$-144,$-98,$-130,$36,36,$-4.03,$-4.03,$308,$118,$24,$728,$1886,$111,$19,$117,$2133,$2861,$329,$1399,$32,$1556,$1886,$0,$616,$-322,$975,$2861,$-176,$65,$102,$167,$7,$-4,$8,$-2,$-18,$-27,$-9,$0,$0,$0,$0,$0,$0,$-9,$-30,$0,$-30,$3,$3,$-1,$-4,$-31,$-72,$4,$-1
1,2018-06-30,14.11,$31.47,0.45,$41.26,0.34,$-2.17,0.0,$-4.85,0.0,$0.78B,$0.34B,2.32,$1.41B,$1.13B,1.25,$1.46B,$0.28B,19.16%,$1.46B,$-0.13B,-8.76%,$1.46B,$-0.13B,-8.76%,$1.46B,$0.00B,0.00%,$1.46B,$-0.22B,-15.13%,$1.46B,$-0.17B,-11.77%,$-0.17B,$1.13B,-14.35%,$-0.17B,$1.11B,-14.59%,$-0.17B,$3.05B,-5.61%,$-0.13B,$2.54B,-5.15%,$368,$296,$72,$0,$40,$372,$-4,$-31,$-35,$-3,$-32,$-32,$-32,$29,$-4,$36,36,$-0.90,$-0.90,$317,$126,$24,$775,$2020,$115,$19,$119,$2273,$3048,$335,$1410,$32,$1588,$1922,$0,$760,$-314,$1126,$3048,$-32,$32,$1,$34,$-20,$-1,$3,$-6,$-46,$-44,$-1,$0,$0,$0,$0,$0,$0,$-1,$-14,$0,$-14,$3,$3,$0,$-4,$-15,$-64,$2,$0
2,2018-03-31,13.0,$33.30,0.39,$40.93,0.32,$-1.52,0.0,$-5.52,0.0,$0.83B,$0.36B,2.3,$1.43B,$1.18B,1.21,$1.45B,$0.26B,18.13%,$1.45B,$-0.15B,-10.31%,$1.45B,$-0.15B,-10.31%,$1.45B,$-0.02B,-1.59%,$1.45B,$-0.23B,-15.78%,$1.45B,$-0.20B,-13.49%,$-0.20B,$1.18B,-15.85%,$-0.20B,$1.16B,-16.11%,$-0.20B,$3.17B,-6.35%,$-0.15B,$2.61B,-6.06%,$358,$298,$60,$0,$46,$466,$-108,$-27,$-134,$-33,$-101,$-101,$-101,$-76,$-108,$35,35,$-2.86,$-2.86,$380,$130,$30,$834,$2068,$126,$20,$117,$2331,$3165,$363,$1430,$37,$1619,$1982,$0,$794,$-286,$1183,$3165,$-198,$126,$73,$199,$-32,$-2,$-3,$11,$-20,$-20,$2,$0,$0,$0,$0,$0,$94,$97,$215,$0,$215,$0,$0,$-3,$-23,$189,$284,$10,$-3
3,2017-12-31,13.47,$35.45,0.38,$40.37,0.33,$-4.03,0.0,$-4.90,0.0,$0.54B,$0.37B,1.45,$1.10B,$1.25B,0.88,$1.42B,$0.25B,17.85%,$1.42B,$-0.06B,-4.29%,$1.42B,$-0.06B,-4.29%,$1.42B,$0.06B,4.15%,$1.42B,$-0.13B,-9.14%,$1.42B,$-0.17B,-12.09%,$-0.17B,$1.25B,-13.67%,$-0.17B,$1.23B,-13.89%,$-0.17B,$2.97B,-5.62%,$-0.06B,$2.36B,-2.53%,$361,$287,$74,$0,$43,$364,$-3,$-20,$-23,$-13,$-10,$-10,$-8,$28,$-3,$35,35,$-0.23,$-0.23,$118,$134,$31,$541,$2079,$211,$20,$115,$2426,$2967,$373,$1103,$38,$1341,$1713,$0,$895,$-307,$1254,$2967,$-97,$94,$8,$103,$-4,$-5,$-15,$14,$-15,$-9,$12,$0,$0,$0,$0,$0,$94,$107,$-71,$0,$-71,$0,$0,$-2,$-12,$-86,$21,$9,$-2
4,2017-09-30,9.35,$34.87,0.27,$39.78,0.24,$-7.51,0.0,$-5.29,0.0,$0.55B,$0.41B,1.34,$1.20B,$1.23B,0.97,$1.40B,$0.25B,17.51%,$1.40B,$-0.08B,-5.50%,$1.40B,$-0.08B,-5.50%,$1.40B,$0.04B,3.00%,$1.40B,$-0.14B,-9.79%,$1.40B,$-0.19B,-13.30%,$-0.19B,$1.23B,-14.44%,$-0.19B,$1.21B,-14.67%,$-0.19B,$3.09B,-6.00%,$-0.08B,$2.43B,-3.19%,$374,$300,$74,$0,$49,$387,$-13,$-16,$-29,$2,$-31,$-31,$-31,$19,$-13,$35,35,$-0.88,$-0.88,$97,$132,$35,$546,$2197,$211,$20,$114,$2543,$3089,$406,$1199,$32,$1449,$1855,$0,$903,$-307,$1233,$3089,$-87,$63,$16,$79,$-25,$-2,$-5,$7,$-27,$-35,$18,$0,$0,$0,$0,$0,$0,$18,$20,$0,$20,$0,$0,$-2,$-7,$10,$1,$7,$-2
5,2017-06-30,7.65,$35.43,0.22,$39.40,0.19,$-8.77,0.0,$-5.26,0.0,$0.52B,$0.39B,1.32,$1.18B,$1.25B,0.94,$1.38B,$0.23B,16.93%,$1.38B,$-0.09B,-6.58%,$1.38B,$-0.09B,-6.58%,$1.38B,$0.03B,1.88%,$1.38B,$-0.14B,-10.35%,$1.38B,$-0.19B,-13.39%,$-0.19B,$1.25B,-13.87%,$-0.19B,$1.23B,-14.11%,$-0.19B,$3.07B,-5.91%,$-0.09B,$2.43B,-3.72%,$352,$298,$54,$0,$47,$377,$-25,$-18,$-42,$13,$-56,$-56,$-55,$6,$-25,$35,35,$-1.57,$-1.57,$79,$130,$35,$519,$2211,$205,$20,$116,$2552,$3071,$394,$1175,$26,$1426,$1820,$0,$934,$-318,$1251,$3071,$-56,$31,$12,$43,$-22,$-4,$-3,$-1,$-38,$-51,$29,$0,$0,$0,$0,$0,$0,$29,$2,$0,$2,$0,$0,$-2,$-1,$-1,$-18,$4,$-2
6,2017-03-31,15.06,$36.75,0.41,$39.96,0.38,$-8.85,0.0,$-4.86,0.0,$0.51B,$0.42B,1.22,$1.15B,$1.29B,0.89,$1.40B,$0.25B,17.66%,$1.40B,$-0.09B,-6.58%,$1.40B,$-0.09B,-6.58%,$1.40B,$0.03B,2.00%,$1.40B,$-0.14B,-10.29%,$1.40B,$-0.17B,-12.22%,$-0.17B,$1.29B,-12.36%,$-0.17B,$1.27B,-12.57%,$-0.17B,$3.11B,-5.40%,$-0.09B,$2.45B,-3.70%,$336,$285,$52,$0,$46,$356,$-20,$-17,$-36,$44,$-80,$-80,$-78,$6,$-20,$35,35,$-2.23,$-2.23,$97,$125,$38,$508,$2254,$210,$20,$122,$2606,$3114,$416,$1151,$29,$1403,$1820,$0,$992,$-328,$1294,$3114,$-177,$120,$55,$176,$24,$-2,$15,$-4,$13,$12,$-117,$0,$0,$0,$0,$0,$0,$-116,$138,$0,$138,$0,$0,$-12,$-19,$107,$-8,$12,$-12
7,2016-12-31,20.19,$39.12,0.52,$41.30,0.49,$-11.41,0.0,$-3.36,0.0,$0.50B,$0.53B,0.94,$0.99B,$1.37B,0.72,$1.45B,$0.28B,19.03%,$1.45B,$-0.11B,-7.61%,$1.45B,$-0.11B,-7.61%,$1.45B,$0.01B,0.97%,$1.45B,$-0.15B,-10.59%,$1.45B,$-0.12B,-8.17%,$-0.12B,$1.37B,-8.21%,$-0.12B,$1.35B,-8.36%,$-0.12B,$3.13B,-3.68%,$-0.11B,$2.36B,-4.37%,$337,$273,$65,$0,$45,$357,$-19,$-11,$-30,$-4,$-26,$-26,$-22,$11,$-19,$35,35,$-0.62,$-0.62,$71,$124,$38,$502,$2263,$207,$19,$141,$2629,$3131,$534,$990,$26,$1224,$1758,$0,$1072,$-327,$1373,$3131,$-97,$94,$14,$108,$16,$-3,$-7,$-10,$-25,$-14,$-105,$0,$0,$0,$0,$0,$0,$-105,$117,$0,$117,$0,$0,$-10,$-15,$92,$-33,$10,$-10
8,2016-09-30,13.75,$40.35,0.34,$43.58,0.32,$-15.61,0.0,$-2.65,0.0,$0.53B,$0.40B,1.32,$1.14B,$1.42B,0.81,$1.53B,$0.32B,20.81%,$1.53B,$-0.07B,-4.52%,$1.53B,$-0.07B,-4.52%,$1.53B,$0.06B,3.73%,$1.53B,$-0.11B,-7.20%,$1.53B,$-0.09B,-6.09%,$-0.09B,$1.42B,-6.28%,$-0.09B,$1.39B,-6.44%,$-0.09B,$3.20B,-2.85%,$-0.07B,$2.56B,-2.65%,$357,$295,$63,$0,$51,$384,$-27,$-8,$-35,$-5,$-30,$-30,$-30,$3,$-27,$35,35,$-0.85,$-0.85,$101,$127,$40,$526,$2291,$206,$29,$146,$2672,$3198,$399,$1140,$25,$1383,$1782,$0,$1097,$-307,$1416,$3198,$-71,$64,$2,$67,$24,$-1,$18,$-10,$33,$29,$-90,$0,$0,$0,$0,$0,$0,$-90,$75,$0,$75,$0,$0,$-5,$-14,$56,$-4,$6,$-5
9,2016-06-30,11.12,$41.45,0.27,$46.19,0.24,$-15.95,0.0,$-3.01,0.0,$0.60B,$0.39B,1.57,$1.12B,$1.45B,0.77,$1.62B,$0.37B,22.74%,$1.62B,$-0.07B,-4.45%,$1.62B,$-0.07B,-4.45%,$1.62B,$0.06B,3.83%,$1.62B,$-0.12B,-7.60%,$1.62B,$-0.11B,-6.49%,$-0.11B,$1.45B,-6.94%,$-0.11B,$1.43B,-7.13%,$-0.11B,$3.22B,-3.22%,$-0.07B,$2.58B,-2.77%,$369,$302,$67,$0,$53,$396,$-26,$-17,$-43,$-2,$-41,$-41,$-41,$8,$-26,$35,35,$-1.17,$-1.17,$123,$138,$41,$604,$2238,$207,$29,$140,$2614,$3218,$385,$1123,$27,$1379,$1765,$0,$1129,$-301,$1453,$3218,$-41,$35,$3,$38,$-18,$-2,$5,$-8,$-12,$-15,$-10,$0,$0,$0,$0,$0,$0,$-10,$56,$0,$56,$0,$0,$-2,$-14,$40,$18,$4,$-2
10,2016-03-31,18.36,$43.17,0.43,$49.03,0.37,$-16.47,0.0,$-2.11,0.0,$0.59B,$0.39B,1.52,$1.07B,$1.51B,0.71,$1.72B,$0.41B,23.66%,$1.72B,$-0.04B,-2.39%,$1.72B,$-0.04B,-2.39%,$1.72B,$0.10B,5.65%,$1.72B,$-0.08B,-4.60%,$1.72B,$-0.07B,-4.31%,$-0.07B,$1.51B,-4.77%,$-0.07B,$1.48B,-4.93%,$-0.07B,$3.26B,-2.27%,$-0.04B,$2.58B,-1.58%,$382,$301,$80,$0,$50,$420,$-38,$-7,$-45,$-12,$-33,$-33,$-25,$-8,$-38,$35,35,$-0.73,$-0.73,$104,$143,$44,$593,$2283,$195,$30,$162,$2670,$3263,$390,$1072,$33,$1363,$1753,$0,$1172,$-290,$1510,$3263,$-77,$138,$58,$196,$47,$-3,$13,$-23,$-0,$118,$-312,$0,$0,$0,$0,$0,$-4,$-317,$252,$0,$252,$0,$0,$-38,$-24,$189,$0,$21,$-38
11,2015-12-31,25.01,$44.07,0.57,$50.76,0.49,$-8.92,0.0,$-0.96,0.0,$0.61B,$0.36B,1.68,$1.18B,$1.54B,0.76,$1.78B,$0.46B,25.95%,$1.78B,$0.03B,1.40%,$1.78B,$0.03B,1.40%,$1.78B,$0.17B,9.59%,$1.78B,$-0.01B,-0.78%,$1.78B,$-0.03B,-1.91%,$-0.03B,$1.54B,-2.15%,$-0.03B,$1.49B,-2.24%,$-0.03B,$3.35B,-1.04%,$0.03B,$2.72B,0.98%,$420,$312,$108,$0,$60,$398,$22,$-9,$13,$10,$4,$4,$3,$54,$22,$35,35,$0.09,$0.09,$132,$147,$53,$612,$2315,$204,$53,$169,$2740,$3352,$364,$1176,$33,$1448,$1812,$0,$1200,$-278,$1540,$3352,$-44,$108,$33,$141,$32,$-6,$-3,$-19,$-41,$56,$-324,$0,$0,$0,$0,$0,$0,$-324,$343,$0,$343,$0,$0,$-36,$-15,$292,$28,$17,$-36
12,2015-09-30,24.98,$44.29,0.56,$52.00,0.48,$0.73,34.31,$-1.08,0.0,$0.63B,$0.38B,1.66,$0.97B,$1.55B,0.63,$1.82B,$0.49B,26.92%,$1.82B,$0.01B,0.66%,$1.82B,$0.01B,0.66%,$1.82B,$0.15B,8.28%,$1.82B,$-0.03B,-1.43%,$1.82B,$-0.04B,-2.08%,$-0.04B,$1.55B,-2.35%,$-0.04B,$1.50B,-2.45%,$-0.04B,$3.20B,-1.18%,$0.01B,$2.52B,0.48%,$447,$334,$113,$0,$53,$477,$-30,$-19,$-48,$-3,$-46,$-46,$-42,$8,$-30,$35,35,$-1.21,$-1.21,$139,$146,$41,$634,$2156,$196,$52,$163,$2567,$3201,$381,$973,$27,$1273,$1654,$0,$1209,$-274,$1547,$3201,$-47,$75,$47,$122,$33,$-3,$25,$-31,$-17,$58,$-131,$0,$0,$0,$0,$0,$0,$-131,$138,$0,$138,$0,$0,$-24,$-10,$104,$35,$10,$-24
13,2015-06-30,50.41,$46.21,1.09,$52.54,0.96,$8.32,6.06,$0.86,58.62,$0.63B,$0.37B,1.69,$0.92B,$1.61B,0.57,$1.85B,$0.52B,27.95%,$1.85B,$0.09B,4.64%,$1.85B,$0.09B,4.64%,$1.85B,$0.22B,11.66%,$1.85B,$0.06B,3.02%,$1.85B,$0.03B,1.62%,$0.03B,$1.61B,1.80%,$0.03B,$1.54B,1.87%,$0.03B,$3.24B,0.93%,$0.09B,$2.53B,3.43%,$467,$362,$105,$0,$61,$462,$5,$-4,$1,$3,$-2,$-2,$-10,$43,$5,$35,35,$-0.27,$-0.27,$120,$152,$39,$630,$2146,$223,$78,$165,$2613,$3243,$373,$918,$31,$1256,$1629,$0,$1263,$-256,$1614,$3243,$-2,$38,$4,$42,$6,$-5,$15,$-20,$-24,$16,$-58,$0,$0,$0,$0,$0,$0,$-58,$79,$0,$79,$0,$0,$-12,$-10,$58,$16,$4,$-12
14,2015-03-31,51.21,$46.47,1.1,$52.31,0.98,$5.18,9.89,$2.36,21.7,$0.64B,$0.44B,1.47,$0.85B,$1.62B,0.52,$1.86B,$0.56B,30.07%,$1.86B,$0.15B,7.85%,$1.86B,$0.15B,7.85%,$1.86B,$0.27B,14.25%,$1.86B,$0.11B,6.02%,$1.86B,$0.08B,4.52%,$0.08B,$1.62B,4.90%,$0.08B,$1.54B,5.08%,$0.08B,$3.23B,2.54%,$0.15B,$2.46B,5.72%,$450,$314,$137,$0,$59,$423,$28,$-8,$20,$4,$16,$16,$15,$66,$28,$35,36,$0.45,$0.44,$104,$147,$58,$638,$2157,$216,$76,$144,$2593,$3231,$435,$846,$40,$1177,$1612,$0,$1284,$-270,$1619,$3231,$89,$119,$59,$178,$24,$-21,$-5,$-41,$-13,$253,$-183,$0,$-20,$0,$0,$0,$0,$-203,$-6,$0,$-6,$-76,$-76,$-45,$-2,$-128,$-100,$16,$-45
15,2014-12-31,61.55,$48.75,1.26,$51.65,1.19,$3.35,18.38,$2.76,22.3,$0.63B,$0.37B,1.69,$0.80B,$1.69B,0.48,$1.85B,$0.56B,30.27%,$1.85B,$0.17B,8.92%,$1.85B,$0.17B,8.92%,$1.85B,$0.27B,14.76%,$1.85B,$0.13B,6.97%,$1.85B,$0.10B,5.35%,$0.10B,$1.69B,5.66%,$0.10B,$1.64B,5.85%,$0.10B,$3.18B,2.96%,$0.17B,$2.50B,6.39%,$460,$324,$136,$0,$73,$451,$9,$-8,$1,$1,$0,$0,$-1,$34,$9,$35,35,$-0.03,$-0.03,$121,$139,$26,$632,$2129,$257,$54,$108,$2548,$3180,$373,$804,$84,$1113,$1486,$0,$1281,$-185,$1694,$3180,$73,$80,$38,$118,$-11,$-16,$19,$-26,$-29,$162,$-91,$0,$0,$0,$0,$0,$0,$-91,$348,$0,$348,$-79,$-79,$-34,$-375,$-139,$-83,$14,$-34
16,2014-09-30,62.59,$49.78,1.26,$49.73,1.26,$0.44,141.44,$3.30,18.97,$0.79B,$0.44B,1.8,$0.77B,$1.76B,0.44,$1.80B,$0.54B,29.86%,$1.80B,$0.19B,10.32%,$1.80B,$0.19B,10.32%,$1.80B,$0.29B,16.26%,$1.80B,$0.15B,8.32%,$1.80B,$0.12B,6.60%,$0.12B,$1.76B,6.74%,$0.12B,$1.70B,6.94%,$0.12B,$3.28B,3.53%,$0.19B,$2.52B,7.13%,$476,$336,$140,$0,$62,$432,$44,$-10,$34,$6,$28,$28,$26,$73,$44,$35,36,$0.74,$0.73,$264,$143,$32,$786,$2086,$259,$56,$91,$2492,$3278,$436,$766,$81,$1085,$1521,$0,$1293,$-167,$1757,$3278,$73,$56,$12,$68,$-3,$-12,$-2,$-13,$-39,$101,$96,$0,$0,$0,$0,$0,$0,$96,$-63,$0,$-63,$-42,$-42,$-23,$-2,$-130,$60,$8,$-23
17,2014-06-30,74.76,$50.15,1.49,$47.78,1.56,$-3.42,0.0,$5.58,13.4,$0.68B,$0.47B,1.45,$0.94B,$1.78B,0.53,$1.74B,$0.52B,29.95%,$1.74B,$0.20B,11.24%,$1.74B,$0.20B,11.24%,$1.74B,$0.30B,17.15%,$1.74B,$0.27B,15.32%,$1.74B,$0.20B,11.70%,$0.20B,$1.78B,11.55%,$0.20B,$1.73B,11.84%,$0.20B,$3.54B,6.10%,$0.20B,$2.73B,7.47%,$473,$326,$146,$0,$60,$407,$65,$-8,$57,$12,$45,$45,$44,$92,$65,$36,36,$1.24,$1.23,$134,$151,$30,$680,$2442,$266,$58,$94,$2860,$3541,$470,$941,$84,$1287,$1757,$0,$1278,$-147,$1783,$3541,$45,$26,$8,$34,$-1,$-11,$8,$-14,$-42,$37,$-194,$0,$0,$0,$0,$0,$0,$-194,$112,$0,$112,$-19,$-19,$-11,$0,$82,$-71,$4,$-11
18,2014-03-31,69.73,$49.19,1.42,$45.51,1.53,$-2.91,0.0,$5.09,13.7,$0.72B,$0.46B,1.58,$0.83B,$1.76B,0.47,$1.67B,$0.48B,28.94%,$1.67B,$0.19B,11.20%,$1.67B,$0.19B,11.20%,$1.67B,$0.29B,17.20%,$1.67B,$0.25B,14.68%,$1.67B,$0.19B,11.20%,$0.19B,$1.76B,10.83%,$0.19B,$1.70B,11.06%,$0.19B,$3.40B,5.80%,$0.19B,$2.58B,7.28%,$441,$303,$138,$0,$64,$394,$47,$-10,$37,$6,$32,$32,$30,$74,$47,$36,37,$0.85,$0.83,$204,$137,$29,$722,$2269,$263,$57,$89,$2677,$3398,$458,$827,$100,$1184,$1642,$0,$1245,$-157,$1757,$3398,$188,$100,$-61,$39,$4,$13,$-5,$-17,$6,$232,$-226,$0,$-40,$0,$0,$0,$0,$-266,$21,$0,$21,$-62,$-62,$-36,$88,$10,$-11,$15,$-36
19,2013-12-31,69.07,$48.33,1.43,$44.23,1.56,$-2.79,0.0,$5.37,12.86,$0.80B,$0.32B,2.5,$0.83B,$1.76B,0.47,$1.62B,$0.47B,28.95%,$1.62B,$0.20B,12.53%,$1.62B,$0.20B,12.53%,$1.62B,$0.30B,18.70%,$1.62B,$0.26B,16.11%,$1.62B,$0.20B,12.16%,$0.20B,$1.76B,11.65%,$0.20B,$1.73B,11.86%,$0.20B,$3.28B,6.33%,$0.20B,$2.60B,8.07%,$412,$298,$114,$0,$49,$383,$30,$-8,$22,$3,$19,$19,$19,$54,$30,$36,37,$0.52,$0.51,$323,$161,$22,$802,$2130,$255,$30,$59,$2475,$3277,$321,$833,$89,$1193,$1514,$0,$1224,$-184,$1763,$3277,$156,$73,$-78,$-5,$32,$-1,$-32,$-18,$-14,$137,$-169,$0,$0,$0,$0,$0,$0,$-169,$52,$0,$52,$-2,$-2,$-27,$94,$117,$108,$11,$-27
20,2013-09-30,66.75,$48.10,1.39,$43.64,1.53,$-4.49,0.0,$5.86,11.39,$0.77B,$0.25B,3.09,$0.82B,$1.76B,0.47,$1.60B,$0.48B,30.01%,$1.60B,$0.25B,15.48%,$1.60B,$0.25B,15.48%,$1.60B,$0.35B,21.87%,$1.60B,$0.28B,17.73%,$1.60B,$0.21B,13.41%,$0.21B,$1.76B,12.94%,$0.21B,$1.73B,13.17%,$0.21B,$3.17B,7.00%,$0.25B,$2.59B,10.02%,$417,$293,$124,$0,$46,$363,$54,$97,$151,$41,$110,$110,$111,$79,$54,$36,37,$3.04,$3.01,$314,$159,$27,$771,$2035,$272,$30,$58,$2395,$3166,$249,$824,$50,$1156,$1406,$0,$1214,$-188,$1760,$3166,$137,$48,$-82,$-34,$29,$-0,$-3,$-2,$30,$132,$-72,$0,$0,$0,$0,$0,$0,$-72,$42,$0,$42,$12,$12,$-18,$-11,$25,$98,$7,$-18
21,2013-06-30,59.7,$44.78,1.33,$42.33,1.41,$-2.90,0.0,$3.67,16.27,$0.63B,$0.21B,2.97,$0.88B,$1.63B,0.54,$1.55B,$0.46B,29.64%,$1.55B,$0.24B,15.53%,$1.55B,$0.24B,15.53%,$1.55B,$0.34B,22.14%,$1.55B,$0.17B,11.07%,$1.55B,$0.13B,8.61%,$0.13B,$1.63B,8.27%,$0.13B,$1.60B,8.42%,$0.13B,$3.06B,4.49%,$0.24B,$2.51B,10.03%,$399,$292,$107,$0,$40,$343,$56,$-22,$35,$8,$27,$27,$27,$80,$56,$36,37,$0.74,$0.74,$160,$158,$14,$632,$2063,$277,$29,$57,$2426,$3058,$213,$883,$54,$1218,$1431,$0,$1113,$-204,$1628,$3058,$27,$24,$22,$45,$-7,$-4,$4,$-10,$-36,$36,$-178,$0,$0,$0,$0,$0,$0,$-178,$102,$0,$102,$3,$3,$-9,$-10,$85,$-56,$3,$-9
22,2013-03-31,60.03,$44.56,1.35,$41.37,1.45,$0.66,91.0,$3.58,16.77,$0.68B,$0.24B,2.82,$0.77B,$1.61B,0.48,$1.51B,$0.45B,29.89%,$1.51B,$0.22B,14.84%,$1.51B,$0.22B,14.84%,$1.51B,$0.32B,21.47%,$1.51B,$0.17B,11.00%,$1.51B,$0.13B,8.61%,$0.13B,$1.61B,8.19%,$0.13B,$1.58B,8.35%,$0.13B,$2.95B,4.51%,$0.22B,$2.38B,9.61%,$392,$268,$124,$0,$49,$329,$63,$-10,$53,$13,$40,$40,$40,$90,$63,$36,36,$1.11,$1.10,$216,$154,$8,$676,$1921,$272,$29,$53,$2275,$2951,$240,$765,$57,$1100,$1340,$0,$1095,$-200,$1611,$2951,$132,$100,$5,$105,$-3,$-1,$26,$-30,$30,$267,$-257,$0,$0,$0,$-51,$-51,$0,$-308,$12,$0,$12,$14,$14,$-29,$-10,$-13,$-46,$12,$-29
23,2012-12-31,48.69,$44.86,1.09,$40.38,1.21,$4.32,11.28,$2.86,17.02,$0.71B,$0.35B,2.05,$0.77B,$1.62B,0.48,$1.48B,$0.44B,29.56%,$1.48B,$0.19B,12.68%,$1.48B,$0.19B,12.68%,$1.48B,$0.29B,19.39%,$1.48B,$0.13B,8.81%,$1.48B,$0.10B,7.05%,$0.10B,$1.62B,6.65%,$0.10B,$1.59B,6.77%,$0.10B,$3.05B,3.68%,$0.19B,$2.39B,8.12%,$388,$264,$124,$0,$42,$314,$74,$-30,$44,$8,$37,$37,$36,$100,$74,$36,37,$1.01,$1.00,$232,$169,$15,$714,$1984,$267,$30,$55,$2337,$3051,$348,$770,$52,$1086,$1434,$0,$1062,$-154,$1617,$3051,$91,$72,$16,$88,$7,$-10,$3,$-4,$23,$203,$-296,$0,$0,$0,$-51,$-51,$0,$-348,$126,$0,$126,$10,$10,$-22,$-10,$105,$-30,$9,$-22
24,2012-09-30,45.69,$43.93,1.04,$38.78,1.18,$8.16,5.6,$2.56,17.85,$0.81B,$0.22B,3.76,$0.72B,$1.58B,0.45,$1.42B,$0.41B,28.91%,$1.42B,$0.16B,11.07%,$1.42B,$0.16B,11.07%,$1.42B,$0.25B,17.84%,$1.42B,$0.12B,8.46%,$1.42B,$0.09B,6.63%,$0.09B,$1.58B,6.10%,$0.09B,$1.55B,6.22%,$0.09B,$2.79B,3.41%,$0.16B,$2.30B,6.85%,$366,$263,$103,$0,$38,$318,$47,$-9,$39,$8,$30,$30,$30,$72,$47,$36,36,$0.83,$0.82,$348,$159,$20,$812,$1684,$215,$30,$45,$1974,$2785,$216,$716,$17,$989,$1205,$0,$1032,$-155,$1580,$2785,$55,$46,$4,$51,$21,$-0,$-3,$1,$30,$135,$-17,$0,$0,$0,$-7,$-7,$0,$-24,$-24,$0,$-24,$8,$8,$-14,$0,$-30,$87,$6,$-14
25,2012-06-30,36.6,$43.11,0.85,$37.72,0.97,$4.04,9.05,$1.81,20.22,$0.71B,$0.21B,3.33,$0.72B,$1.54B,0.47,$1.38B,$0.38B,27.26%,$1.38B,$0.12B,8.68%,$1.38B,$0.12B,8.68%,$1.38B,$0.22B,15.69%,$1.38B,$0.08B,5.93%,$1.38B,$0.07B,4.84%,$0.07B,$1.54B,4.39%,$0.07B,$1.51B,4.47%,$0.07B,$2.74B,2.45%,$0.12B,$2.26B,5.25%,$363,$263,$100,$0,$35,$323,$40,$-10,$30,$6,$24,$24,$24,$62,$40,$36,36,$0.66,$0.65,$227,$158,$18,$707,$1757,$201,$29,$46,$2033,$2740,$212,$720,$15,$987,$1199,$0,$1010,$-159,$1541,$2740,$24,$22,$6,$28,$-10,$-2,$1,$3,$3,$55,$-66,$0,$0,$0,$-1,$-1,$0,$-67,$-22,$0,$-22,$0,$0,$-7,$0,$-28,$-34,$3,$-7
26,2012-03-31,42.74,$42.56,1.0,$36.44,1.17,$3.84,11.12,$1.73,24.7,$0.74B,$0.20B,3.7,$0.74B,$1.52B,0.49,$1.34B,$0.37B,27.44%,$1.34B,$0.12B,8.65%,$1.34B,$0.12B,8.65%,$1.34B,$0.22B,16.03%,$1.34B,$0.08B,5.97%,$1.34B,$0.06B,4.77%,$0.06B,$1.52B,4.19%,$0.06B,$1.49B,4.27%,$0.06B,$2.74B,2.35%,$0.12B,$2.27B,5.08%,$358,$249,$109,$0,$35,$332,$26,$-9,$17,$2,$15,$15,$14,$52,$26,$36,37,$0.40,$0.39,$262,$158,$19,$736,$1723,$205,$30,$46,$2004,$2740,$199,$743,$17,$1019,$1219,$0,$993,$-159,$1522,$2740,$65,$100,$58,$157,$-13,$7,$3,$-3,$9,$231,$-87,$0,$0,$0,$-2,$-2,$0,$-89,$47,$0,$47,$-20,$-20,$-22,$-1,$4,$145,$12,$-22
27,2011-12-31,42.3,$42.70,0.99,$35.13,1.2,$0.81,52.33,$2.18,19.4,$0.69B,$0.16B,4.17,$0.82B,$1.52B,0.54,$1.29B,$0.35B,26.76%,$1.29B,$0.14B,10.83%,$1.29B,$0.14B,10.83%,$1.29B,$0.24B,18.64%,$1.29B,$0.10B,7.81%,$1.29B,$0.08B,6.26%,$0.08B,$1.52B,5.31%,$0.08B,$1.49B,5.41%,$0.08B,$2.77B,2.99%,$0.14B,$2.34B,6.16%,$331,$234,$98,$0,$32,$288,$44,$-10,$34,$7,$26,$26,$26,$67,$44,$36,37,$0.71,$0.70,$245,$157,$31,$686,$1819,$200,$29,$32,$2080,$2766,$164,$818,$14,$1078,$1243,$0,$985,$-144,$1523,$2766,$51,$73,$38,$111,$22,$7,$-16,$10,$32,$194,$-147,$0,$0,$0,$0,$0,$0,$-147,$124,$0,$124,$-22,$-22,$-16,$-1,$84,$129,$10,$-16
28,2011-09-30,37.75,$42.17,0.9,$34.72,1.09,$-0.21,0.0,$2.61,14.46,$0.61B,$0.17B,3.61,$0.75B,$1.53B,0.49,$1.28B,$0.34B,26.88%,$1.28B,$0.14B,11.17%,$1.28B,$0.14B,11.17%,$1.28B,$0.24B,18.98%,$1.28B,$0.10B,7.58%,$1.28B,$0.10B,7.58%,$0.10B,$1.53B,6.40%,$0.10B,$1.50B,6.54%,$0.10B,$2.70B,3.62%,$0.14B,$2.28B,6.39%,$331,$261,$70,$0,$29,$321,$10,$-9,$1,$-2,$3,$3,$3,$36,$10,$36,37,$0.07,$0.07,$140,$157,$32,$611,$1823,$202,$29,$34,$2089,$2700,$169,$751,$13,$1006,$1176,$0,$964,$-144,$1525,$2700,$24,$50,$27,$77,$-6,$8,$5,$4,$16,$117,$-149,$0,$0,$0,$0,$0,$12,$-137,$56,$0,$56,$2,$2,$-11,$-0,$47,$24,$7,$-11
29,2011-06-30,45.23,$42.08,1.07,$34.23,1.32,$1.28,35.3,$3.60,12.56,$0.62B,$0.17B,3.63,$0.72B,$1.54B,0.47,$1.26B,$0.37B,29.48%,$1.26B,$0.19B,14.82%,$1.26B,$0.19B,14.82%,$1.26B,$0.28B,22.35%,$1.26B,$0.14B,10.94%,$1.26B,$0.13B,10.54%,$0.13B,$1.54B,8.92%,$0.13B,$1.51B,9.11%,$0.13B,$2.70B,5.01%,$0.19B,$2.26B,8.50%,$321,$230,$91,$0,$40,$285,$36,$-9,$28,$7,$21,$21,$21,$60,$36,$36,37,$0.58,$0.57,$117,$198,$34,$624,$1802,$210,$30,$36,$2077,$2701,$172,$721,$15,$990,$1162,$0,$967,$-130,$1539,$2701,$21,$24,$5,$29,$11,$-5,$-6,$3,$3,$53,$-71,$0,$0,$0,$0,$0,$0,$-71,$24,$0,$24,$1,$1,$-5,$0,$20,$1,$5,$-5
30,2011-03-31,41.78,$41.83,1.0,$33.62,1.24,$1.79,23.41,$3.60,11.61,$0.63B,$0.18B,3.49,$0.70B,$1.52B,0.46,$1.23B,$0.37B,30.01%,$1.23B,$0.19B,15.49%,$1.23B,$0.19B,15.49%,$1.23B,$0.28B,22.87%,$1.23B,$0.14B,11.27%,$1.23B,$0.13B,10.79%,$0.13B,$1.52B,9.18%,$0.13B,$1.49B,9.38%,$0.13B,$2.68B,5.10%,$0.19B,$2.22B,8.88%,$310,$223,$87,$0,$25,$260,$50,$-12,$38,$7,$31,$31,$31,$78,$50,$36,37,$0.87,$0.84,$116,$196,$32,$629,$1768,$209,$32,$38,$2047,$2675,$180,$698,$30,$977,$1157,$0,$952,$-130,$1519,$2675,$133,$93,$5,$98,$-53,$-5,$5,$-16,$-79,$151,$-118,$0,$0,$0,$1,$1,$4,$-113,$-13,$0,$-13,$2,$2,$0,$-4,$-15,$39,$13,$0
31,2010-12-31,41.83,$40.68,1.03,$33.00,1.27,$-0.03,0.0,$3.54,11.82,$0.59B,$0.16B,3.6,$0.72B,$1.48B,0.49,$1.21B,$0.37B,30.46%,$1.21B,$0.18B,15.27%,$1.21B,$0.18B,15.27%,$1.21B,$0.27B,21.99%,$1.21B,$0.13B,10.95%,$1.21B,$0.13B,10.79%,$0.13B,$1.48B,9.23%,$0.13B,$1.44B,9.44%,$0.13B,$2.64B,5.08%,$0.18B,$2.19B,8.71%,$318,$221,$96,$0,$34,$271,$47,$-16,$30,$-12,$42,$42,$42,$69,$47,$36,37,$1.15,$1.13,$101,$196,$0,$589,$1788,$206,$32,$24,$2049,$2639,$164,$717,$32,$999,$1163,$0,$921,$-139,$1476,$2639,$102,$64,$1,$65,$-27,$-6,$-4,$-10,$-52,$115,$-106,$0,$0,$0,$1,$1,$1,$-103,$6,$0,$6,$1,$1,$0,$-5,$3,$23,$11,$0
32,2010-09-30,31.87,$39.59,0.8,$32.75,0.97,$-0.63,0.0,$3.15,10.12,$0.59B,$0.19B,3.16,$0.70B,$1.43B,0.49,$1.19B,$0.36B,30.00%,$1.19B,$0.18B,14.87%,$1.19B,$0.18B,14.87%,$1.19B,$0.26B,21.60%,$1.19B,$0.14B,11.34%,$1.19B,$0.12B,9.66%,$0.12B,$1.43B,8.32%,$0.12B,$1.40B,8.54%,$0.12B,$2.61B,4.54%,$0.18B,$2.13B,8.51%,$313,$214,$98,$0,$31,$259,$54,$-11,$42,$3,$39,$39,$39,$75,$54,$36,37,$1.07,$1.06,$109,$193,$0,$594,$1752,$206,$32,$22,$2012,$2607,$188,$697,$29,$986,$1174,$0,$879,$-137,$1433,$2607,$60,$42,$7,$49,$-25,$-3,$10,$-19,$-40,$69,$-47,$0,$0,$0,$1,$1,$1,$-44,$2,$0,$2,$0,$0,$0,$-1,$1,$31,$8,$0
33,2010-06-30,25.97,$37.86,0.69,$32.31,0.8,$-0.45,0.0,$3.01,8.63,$0.54B,$0.17B,3.26,$0.70B,$1.37B,0.51,$1.17B,$0.35B,30.03%,$1.17B,$0.18B,15.14%,$1.17B,$0.18B,15.14%,$1.17B,$0.26B,21.81%,$1.17B,$0.14B,11.80%,$1.17B,$0.11B,9.07%,$0.11B,$1.37B,7.80%,$0.11B,$1.34B,8.03%,$0.11B,$2.51B,4.24%,$0.18B,$2.07B,8.59%,$292,$203,$89,$0,$31,$253,$40,$-10,$29,$9,$21,$21,$21,$60,$40,$36,36,$0.58,$0.57,$74,$186,$0,$541,$1712,$201,$31,$20,$1964,$2505,$166,$697,$20,$969,$1135,$0,$841,$-158,$1370,$2505,$21,$20,$8,$28,$-20,$-1,$-1,$-3,$-23,$26,$-25,$0,$0,$0,$1,$1,$1,$-23,$-5,$0,$-5,$0,$0,$0,$-0,$-5,$-4,$4,$0
34,2010-03-31,33.33,$37.73,0.88,$32.38,1.03,$-0.75,0.0,$3.10,10.75,$0.52B,$0.17B,3.11,$0.70B,$1.36B,0.52,$1.17B,$0.35B,29.56%,$1.17B,$0.18B,15.60%,$1.17B,$0.18B,15.60%,$1.17B,$0.26B,22.19%,$1.17B,$0.14B,12.25%,$1.17B,$0.11B,9.08%,$0.11B,$1.36B,7.90%,$0.11B,$1.33B,8.16%,$0.11B,$2.50B,4.26%,$0.18B,$2.06B,8.89%,$282,$198,$84,$0,$30,$240,$43,$-12,$31,$3,$29,$29,$28,$61,$43,$33,36,$0.80,$0.78,$78,$187,$0,$516,$1719,$205,$32,$22,$1978,$2495,$166,$701,$21,$972,$1138,$0,$820,$-148,$1357,$2495,$113,$78,$10,$88,$22,$-18,$-2,$0,$-6,$195,$-228,$0,$0,$0,$-184,$-184,$0,$-412,$-11,$0,$-11,$4,$4,$-6,$-8,$-22,$-223,$14,$0
35,2009-12-31,33.97,$38.21,0.89,$32.52,1.04,$-6.36,0.0,$3.06,11.1,$0.55B,$0.19B,2.95,$0.70B,$1.37B,0.51,$1.16B,$0.35B,29.74%,$1.16B,$0.19B,16.12%,$1.16B,$0.19B,16.12%,$1.16B,$0.27B,22.84%,$1.16B,$0.15B,13.10%,$1.16B,$0.10B,8.71%,$0.10B,$1.37B,7.70%,$0.10B,$1.33B,7.98%,$0.10B,$2.53B,4.12%,$0.19B,$2.07B,9.25%,$303,$218,$86,$0,$31,$264,$40,$-7,$33,$6,$27,$27,$27,$61,$40,$36,36,$0.74,$0.74,$107,$187,$0,$552,$1707,$204,$47,$23,$1981,$2534,$188,$698,$27,$974,$1161,$0,$796,$-103,$1372,$2534,$85,$60,$8,$68,$1,$-11,$5,$13,$10,$163,$-175,$0,$-179,$0,$0,$0,$0,$-354,$-10,$0,$-10,$1,$1,$-6,$0,$-15,$-194,$10,$0
36,2009-09-30,26.23,$37.36,0.7,$32.10,0.82,$-11.56,0.0,$3.66,7.17,$0.60B,$0.17B,3.62,$0.71B,$1.34B,0.53,$1.14B,$0.34B,29.56%,$1.14B,$0.22B,19.21%,$1.14B,$0.22B,19.21%,$1.14B,$0.29B,25.79%,$1.14B,$0.18B,16.05%,$1.14B,$0.12B,10.35%,$0.12B,$1.34B,9.31%,$0.12B,$1.29B,9.64%,$0.12B,$2.48B,4.91%,$0.22B,$2.05B,11.02%,$292,$200,$92,$0,$30,$238,$54,$-9,$45,$11,$34,$34,$30,$73,$54,$30,36,$0.98,$0.92,$143,$188,$0,$600,$1600,$204,$47,$25,$1876,$2476,$166,$710,$20,$970,$1136,$0,$769,$-105,$1340,$2476,$58,$38,$5,$43,$14,$-13,$3,$0,$-7,$94,$-65,$0,$-179,$0,$0,$0,$0,$-244,$-9,$0,$-9,$1,$1,$-6,$0,$-14,$-158,$7,$0
37,2009-06-30,26.17,$44.26,0.59,$32.21,0.81,$-18.13,0.0,$3.52,7.44,$0.61B,$0.20B,3.11,$0.72B,$1.08B,0.66,$1.14B,$0.32B,28.42%,$1.14B,$0.21B,18.16%,$1.14B,$0.21B,18.16%,$1.14B,$0.28B,24.56%,$1.14B,$0.18B,15.53%,$1.14B,$0.11B,9.82%,$0.11B,$1.30B,9.12%,$0.11B,$1.25B,9.40%,$0.11B,$2.46B,4.74%,$0.21B,$2.01B,10.60%,$290,$207,$83,$0,$29,$246,$45,$-11,$34,$10,$24,$24,$21,$64,$45,$29,36,$0.71,$0.66,$138,$184,$0,$613,$1574,$200,$47,$24,$1845,$2458,$197,$715,$18,$962,$1160,$0,$739,$-115,$1299,$2458,$24,$19,$1,$20,$10,$-6,$6,$-6,$-9,$35,$-46,$0,$-179,$0,$0,$0,$24,$-201,$-1,$0,$-1,$0,$0,$-3,$0,$-4,$-163,$4,$0
38,2009-03-31,18.93,$42.47,0.45,$33.09,0.57,$-20.81,0.0,$3.61,5.24,$0.70B,$0.16B,4.54,$0.72B,$1.01B,0.71,$1.13B,$0.31B,27.51%,$1.13B,$0.20B,17.72%,$1.13B,$0.20B,17.72%,$1.13B,$0.27B,23.81%,$1.13B,$0.18B,15.61%,$1.13B,$0.11B,9.70%,$0.11B,$1.24B,9.13%,$0.11B,$1.19B,9.35%,$0.11B,$2.34B,4.71%,$0.20B,$1.95B,10.40%,$275,$191,$84,$0,$25,$227,$48,$-8,$40,$14,$26,$26,$23,$67,$48,$28,35,$0.84,$0.75,$301,$165,$0,$703,$1541,$20,$45,$25,$1631,$2335,$155,$718,$17,$943,$1098,$0,$718,$-152,$1236,$2335,$125,$68,$-8,$60,$-18,$-23,$-5,$-15,$-58,$128,$-353,$0,$-17,$0,$0,$0,$0,$-370,$91,$0,$91,$225,$225,$-13,$-6,$298,$11,$10,$0
39,2008-12-31,23.67,$41.02,0.58,$33.66,0.7,$-21.62,0.0,$3.88,6.1,$0.75B,$0.18B,4.14,$0.74B,$0.97B,0.76,$1.12B,$0.31B,27.35%,$1.12B,$0.20B,17.78%,$1.12B,$0.20B,17.78%,$1.12B,$0.27B,23.86%,$1.12B,$0.17B,14.92%,$1.12B,$0.11B,9.92%,$0.11B,$1.19B,9.75%,$0.11B,$1.16B,9.94%,$0.11B,$2.34B,4.94%,$0.20B,$1.94B,10.84%,$283,$205,$78,$0,$26,$211,$72,$-9,$64,$16,$48,$48,$44,$90,$72,$29,36,$1.51,$1.32,$365,$158,$0,$753,$1505,$19,$37,$29,$1591,$2344,$182,$741,$15,$968,$1150,$0,$697,$-144,$1194,$2344,$99,$49,$-16,$33,$-9,$-17,$6,$-29,$-28,$104,$-301,$0,$-16,$0,$0,$0,$0,$-317,$94,$0,$94,$225,$225,$-9,$-4,$306,$75,$8,$0
40,2008-09-30,29.89,$40.62,0.74,$34.29,0.87,$-22.90,0.0,$3.20,9.34,$0.83B,$0.16B,5.28,$0.73B,$0.96B,0.76,$1.10B,$0.30B,26.87%,$1.10B,$0.16B,14.94%,$1.10B,$0.16B,14.94%,$1.10B,$0.23B,20.58%,$1.10B,$0.14B,12.84%,$1.10B,$0.08B,7.65%,$0.08B,$1.18B,7.78%,$0.08B,$1.17B,7.90%,$0.08B,$2.31B,3.91%,$0.16B,$1.91B,9.41%,$292,$213,$79,$0,$26,$249,$42,$-4,$39,$10,$29,$29,$24,$59,$42,$29,36,$0.83,$0.77,$399,$167,$0,$826,$1405,$34,$17,$26,$1481,$2307,$157,$726,$16,$969,$1125,$0,$652,$-109,$1182,$2307,$52,$31,$9,$40,$-11,$-11,$-5,$-7,$-37,$55,$-261,$0,$0,$0,$0,$0,$0,$-261,$111,$0,$111,$225,$225,$-6,$-4,$326,$109,$5,$0
41,2008-06-30,43.72,$41.56,1.05,$34.65,1.26,$-22.86,0.0,$3.54,12.35,$0.96B,$0.16B,5.98,$0.73B,$0.99B,0.74,$1.07B,$0.30B,28.05%,$1.07B,$0.17B,16.14%,$1.07B,$0.17B,16.14%,$1.07B,$0.23B,21.48%,$1.07B,$0.15B,14.45%,$1.07B,$0.09B,8.54%,$0.09B,$1.21B,8.93%,$0.09B,$1.19B,9.10%,$0.09B,$2.36B,4.44%,$0.17B,$1.94B,10.50%,$284,$213,$71,$0,$27,$245,$39,$-5,$34,$11,$23,$23,$19,$54,$39,$25,32,$0.78,$0.72,$527,$175,$0,$957,$1319,$35,$17,$27,$1398,$2355,$160,$726,$15,$987,$1147,$0,$628,$-55,$1209,$2355,$23,$15,$7,$22,$1,$1,$1,$-6,$-16,$30,$-123,$0,$0,$0,$0,$0,$0,$-123,$113,$0,$113,$225,$225,$-3,$-3,$332,$237,$2,$0
42,2008-03-31,47.41,$40.44,1.17,$33.29,1.42,$-23.98,0.0,$3.54,13.39,$0.71B,$0.17B,4.28,$0.60B,$0.75B,0.81,$1.01B,$0.29B,28.23%,$1.01B,$0.16B,15.99%,$1.01B,$0.16B,15.99%,$1.01B,$0.22B,21.22%,$1.01B,$0.15B,15.00%,$1.01B,$0.09B,9.08%,$0.09B,$0.97B,9.76%,$0.09B,$0.95B,9.99%,$0.09B,$1.98B,4.79%,$0.16B,$1.57B,10.66%,$260,$182,$78,$0,$32,$214,$46,$-16,$30,$4,$26,$26,$24,$64,$46,$24,31,$1.00,$0.88,$290,$176,$0,$706,$1173,$52,$16,$30,$1271,$1977,$165,$600,$15,$845,$1010,$0,$607,$-49,$967,$1977,$104,$54,$11,$65,$-33,$-19,$7,$-1,$-82,$88,$-311,$0,$7,$0,$-2,$-2,$-4,$-310,$341,$0,$341,$6,$6,$-13,$-5,$329,$106,$10,$0
43,2007-12-31,50.04,$40.14,1.25,$31.68,1.58,$-22.56,0.0,$3.33,15.03,$0.71B,$0.17B,4.16,$0.60B,$0.74B,0.82,$0.94B,$0.26B,27.45%,$0.94B,$0.15B,15.43%,$0.94B,$0.15B,15.43%,$0.94B,$0.19B,20.32%,$0.94B,$0.16B,17.02%,$0.94B,$0.09B,9.79%,$0.09B,$0.96B,10.01%,$0.09B,$0.94B,10.23%,$0.09B,$1.96B,5.10%,$0.15B,$1.56B,10.29%,$262,$194,$67,$0,$22,$225,$37,$2,$38,$12,$26,$26,$17,$49,$37,$24,31,$0.71,$0.66,$315,$175,$0,$710,$1150,$54,$16,$31,$1250,$1960,$171,$600,$15,$830,$1001,$0,$583,$-30,$959,$1960,$77,$36,$16,$53,$-41,$-17,$-5,$-19,$-72,$58,$-266,$0,$7,$0,$-2,$-2,$-4,$-265,$342,$0,$342,$0,$5,$-9,$-4,$334,$131,$7,$0
44,2007-09-30,38.61,$39.71,0.97,$32.04,1.21,$-21.00,0.0,$2.98,12.96,$0.69B,$0.18B,3.73,$0.55B,$0.72B,0.77,$0.89B,$0.24B,27.11%,$0.89B,$0.13B,14.40%,$0.89B,$0.13B,14.40%,$0.89B,$0.17B,19.46%,$0.89B,$0.14B,15.75%,$0.89B,$0.08B,9.22%,$0.08B,$0.94B,9.20%,$0.08B,$0.91B,9.42%,$0.08B,$1.90B,4.85%,$0.13B,$1.49B,9.92%,$260,$177,$83,$0,$20,$210,$50,$2,$52,$18,$33,$33,$31,$62,$50,$24,30,$1.30,$1.12,$276,$176,$0,$686,$1100,$54,$29,$30,$1213,$1899,$184,$551,$15,$773,$957,$0,$566,$-21,$942,$1899,$57,$24,$12,$36,$-29,$-13,$5,$-13,$-49,$43,$-218,$0,$-13,$0,$-2,$-2,$-4,$-237,$293,$0,$293,$1,$1,$-6,$-4,$283,$92,$4,$0
45,2007-06-30,43.77,$38.06,1.15,$32.74,1.34,$-17.38,0.0,$2.65,16.52,$0.73B,$0.17B,4.25,$0.55B,$0.68B,0.81,$0.85B,$0.21B,24.85%,$0.85B,$0.11B,12.78%,$0.85B,$0.11B,12.78%,$0.85B,$0.15B,17.94%,$0.85B,$0.12B,13.72%,$0.85B,$0.07B,8.21%,$0.07B,$0.90B,8.19%,$0.07B,$0.88B,8.39%,$0.07B,$1.84B,4.42%,$0.11B,$1.46B,9.27%,$231,$173,$58,$0,$18,$202,$29,$3,$32,$9,$22,$22,$20,$40,$29,$24,30,$0.83,$0.75,$340,$170,$0,$734,$1017,$48,$27,$18,$1110,$1844,$173,$553,$15,$769,$942,$0,$535,$-27,$903,$1844,$23,$11,$7,$18,$-30,$-8,$0,$-3,$-43,$-2,$-121,$0,$-13,$0,$0,$0,$0,$-134,$297,$0,$297,$1,$1,$-3,$-4,$291,$155,$2,$0
46,2007-03-31,32.2,$36.96,0.87,$34.50,0.93,$-13.80,0.0,$2.63,12.24,$0.54B,$0.17B,3.19,$0.25B,$0.65B,0.39,$0.84B,$0.21B,24.91%,$0.84B,$0.11B,13.17%,$0.84B,$0.11B,13.17%,$0.84B,$0.15B,18.27%,$0.84B,$0.11B,13.17%,$0.84B,$0.07B,7.95%,$0.07B,$0.87B,8.67%,$0.07B,$0.87B,8.90%,$0.07B,$1.51B,4.67%,$0.11B,$1.13B,10.91%,$187,$138,$50,$0,$15,$158,$29,$9,$38,$12,$25,$25,$24,$40,$29,$23,27,$1.02,$0.91,$184,$158,$0,$536,$892,$47,$7,$11,$970,$1506,$168,$254,$17,$466,$634,$0,$516,$-36,$872,$1506,$74,$43,$12,$54,$-1,$-10,$-11,$-7,$-24,$104,$-264,$0,$0,$0,$0,$0,$0,$-264,$-6,$0,$-6,$4,$227,$-6,$0,$216,$62,$5,$0
47,2006-12-31,31.88,$36.08,0.88,$33.60,0.95,$-8.52,0.0,$2.58,12.36,$0.57B,$0.17B,3.32,$0.24B,$0.63B,0.38,$0.80B,$0.20B,24.44%,$0.80B,$0.10B,12.03%,$0.80B,$0.10B,12.03%,$0.80B,$0.14B,17.29%,$0.80B,$0.09B,11.28%,$0.80B,$0.06B,7.64%,$0.06B,$0.85B,8.85%,$0.06B,$0.83B,9.18%,$0.06B,$1.52B,4.52%,$0.10B,$1.09B,10.30%,$211,$161,$50,$0,$19,$191,$20,$-2,$18,$8,$10,$10,$7,$31,$20,$24,24,$0.31,$0.31,$220,$161,$0,$574,$825,$43,$20,$10,$944,$1518,$173,$238,$17,$496,$669,$0,$491,$-32,$849,$1518,$47,$32,$15,$47,$-4,$-11,$-16,$-1,$-26,$68,$-192,$0,$0,$0,$0,$0,$0,$-192,$-6,$0,$-6,$3,$226,$-3,$-0,$218,$97,$3,$0
