,Date,Stock Price,Book Value per Share,Price to Book Ratio,TTM Sales per Share,Price to Sales Ratio,TTM FCF per Share,Price to FCF Ratio,TTM Net EPS,PE Ratio,Current Assets,Current Liabilities,Current Ratio,Long Term Debt,Shareholder's Equity_x,Debt to Equity Ratio,TTM Revenue_x,TTM Gross Profit,Gross Margin,TTM Revenue_y,TTM Operating Income,Operating Margin,TTM Revenue_x,TTM EBIT,EBIT Margin,TTM Revenue_y,TTM EBITDA,EBITDA Margin,TTM Revenue_x,TTM Pre-Tax Income,Pre-Tax Margin,TTM Revenue_y,TTM Net Income_x,Net Margin,TTM Net Income_y,Shareholder's Equity_y,Return on Equity,TTM Net Income_x,Tangible Equity,Return on Tangible Equity,TTM Net Income_y,Total Assets,Return on Assets,TTM Net Income,LT Investments & Debt,Return on Investment,revenue,cost-goods-sold,gross-profit,research-development-expenses,selling-general-administrative-expenses,operating-expenses,operating-income,total-non-operating-income-expense,pre-tax-income,total-provision-income-taxes,income-after-taxes,income-from-continuous-operations,net-income,ebitda,ebit,basic-shares-outstanding,shares-outstanding,eps-basic-net-earnings-per-share,eps-earnings-per-share-diluted,cash-on-hand,inventory,other-current-assets,total-current-assets,net-property-plant-equipment,long-term-investments,goodwill-intangible-assets-total,other-long-term-assets,total-long-term-assets,total-assets,total-current-liabilities,long-term-debt,other-non-current-liabilities,total-long-term-liabilities,total-liabilities,common-stock-net,retained-earnings-accumulated-deficit,comprehensive-income,total-share-holder-equity,total-liabilities-share-holders-equity,net-income-loss,total-depreciation-amortization-cash-flow,other-non-cash-items,total-non-cash-items,change-in-accounts-receivable,change-in-inventories,change-in-accounts-payable,change-in-assets-liabilities,total-change-in-assets-liabilities,cash-flow-from-operating-activities,net-change-in-property-plant-equipment,net-change-in-intangible-assets,net-acquisitions-divestitures,net-change-in-short-term-investments,net-change-in-long-term-investments,net-change-in-investments-total,investing-activities-other,cash-flow-from-investing-activities,net-long-term-debt,net-current-debt,debt-issuance-retirement-net-total,net-common-equity-issued-repurchased,net-total-equity-issued-repurchased,total-common-preferred-stock-dividends-paid,financial-activities-other,cash-flow-from-financial-activities,net-cash-flow,stock-based-compensation,common-stock-dividends-paid
0,2018-06-30,12.75,$20.92,0.61,$8.16,1.56,$-0.05,0.0,$2.26,5.64,$0.04B,$0.02B,1.67,$0.82B,$0.30B,2.72,$0.12B,$0.12B,100.00%,$0.12B,$0.02B,12.93%,$0.12B,$0.02B,12.93%,$0.12B,$0.05B,46.55%,$0.12B,$0.06B,55.17%,$0.12B,$0.03B,26.72%,$0.03B,$0.30B,11.57%,$0.03B,$0.30B,11.57%,$0.03B,$1.15B,2.92%,$0.02B,$1.12B,1.44%,$30,$0,$30,$0,$2,$27,$3,$-9,$-6,$0,$-6,$-6,$-5,$14,$3,$14,14,$-0.33,$-0.33,$33,$0,$0,$38,$1054,$0,$0,$52,$1107,$1145,$23,$821,$0,$821,$843,$0,$-19,$2,$301,$1145,$52,$30,$-67,$-36,$0,$0,$0,$14,$14,$30,$-20,$0,$0,$0,$-10,$-10,$-2,$-32,$19,$0,$19,$12,$12,$-8,$-7,$15,$13,$0,$-8
1,2018-03-31,11.57,$21.46,0.54,$7.99,1.45,$-5.63,0.0,$2.35,4.92,$0.04B,$0.02B,2.58,$0.78B,$0.29B,2.68,$0.11B,$0.11B,100.00%,$0.11B,$0.02B,14.16%,$0.11B,$0.02B,14.16%,$0.11B,$0.05B,46.02%,$0.11B,$0.07B,58.41%,$0.11B,$0.03B,29.20%,$0.03B,$0.29B,13.13%,$0.03B,$0.29B,13.13%,$0.03B,$1.09B,3.24%,$0.02B,$1.07B,1.60%,$30,$0,$30,$0,$2,$26,$4,$46,$50,$-0,$50,$50,$25,$14,$4,$14,14,$1.77,$1.75,$39,$0,$0,$44,$993,$0,$0,$52,$1045,$1089,$17,$780,$0,$780,$797,$0,$-11,$2,$291,$1089,$58,$19,$-67,$-48,$0,$0,$0,$15,$9,$20,$38,$0,$0,$0,$-10,$-10,$-2,$25,$-8,$0,$-8,$1,$1,$-5,$-15,$-27,$19,$0,$-5
2,2017-12-31,11.41,$18.25,0.63,$7.71,1.48,$-4.32,0.0,$0.30,38.04,$0.03B,$0.02B,1.33,$0.75B,$0.24B,3.08,$0.11B,$0.11B,100.00%,$0.11B,$0.02B,13.89%,$0.11B,$0.02B,13.89%,$0.11B,$0.05B,45.37%,$0.11B,$0.01B,11.11%,$0.11B,$0.00B,3.70%,$0.00B,$0.24B,1.72%,$0.00B,$0.24B,1.72%,$0.00B,$1.01B,0.41%,$0.02B,$0.99B,1.59%,$28,$0,$28,$0,$2,$24,$4,$4,$8,$0,$8,$8,$6,$13,$4,$14,14,$0.45,$0.45,$22,$0,$0,$27,$932,$0,$0,$54,$986,$1013,$20,$749,$0,$749,$769,$0,$-33,$1,$243,$1013,$8,$9,$-12,$-3,$0,$0,$0,$5,$3,$8,$-17,$0,$0,$0,$0,$0,$-2,$-18,$15,$0,$15,$0,$0,$-3,$-1,$11,$1,$0,$-3
3,2017-09-30,10.21,$17.75,0.58,$7.56,1.35,$4.36,2.34,$0.98,10.42,$0.02B,$0.02B,1.08,$0.74B,$0.24B,3.1,$0.11B,$0.11B,100.00%,$0.11B,$0.02B,14.15%,$0.11B,$0.02B,14.15%,$0.11B,$0.05B,44.34%,$0.11B,$0.04B,34.91%,$0.11B,$0.01B,13.21%,$0.01B,$0.24B,6.17%,$0.01B,$0.24B,6.17%,$0.01B,$0.99B,1.52%,$0.02B,$0.97B,1.66%,$28,$0,$28,$0,$2,$25,$4,$8,$12,$0,$12,$12,$5,$13,$4,$14,14,$0.38,$0.38,$19,$0,$0,$24,$911,$0,$0,$59,$970,$994,$22,$735,$0,$735,$757,$0,$-37,$1,$237,$994,$36,$33,$-51,$-18,$0,$0,$0,$-5,$-5,$13,$-71,$0,$0,$0,$-7,$-7,$1,$-77,$54,$0,$54,$-0,$-0,$0,$-5,$49,$-15,$0,$0
4,2017-06-30,7.36,$17.54,0.42,$7.38,1.0,$-1.68,0.0,$0.80,9.2,$0.04B,$0.02B,2.5,$0.73B,$0.23B,3.11,$0.10B,$0.10B,98.08%,$0.10B,$0.01B,13.46%,$0.10B,$0.01B,13.46%,$0.10B,$0.05B,43.27%,$0.10B,$0.03B,30.77%,$0.10B,$0.01B,11.54%,$0.01B,$0.23B,5.50%,$0.01B,$0.23B,5.50%,$0.01B,$0.98B,1.34%,$0.01B,$0.96B,1.60%,$27,$0,$27,$0,$2,$23,$4,$-7,$-4,$0,$-4,$-4,$-3,$12,$4,$14,14,$-0.24,$-0.24,$16,$0,$0,$43,$890,$0,$0,$47,$937,$979,$17,$728,$0,$728,$745,$0,$-40,$1,$234,$979,$24,$24,$-35,$-11,$0,$0,$0,$-4,$-6,$6,$-75,$0,$0,$0,$-0,$-0,$2,$-74,$48,$0,$48,$-0,$-0,$0,$2,$50,$-18,$0,$0
5,2017-03-31,7.78,$16.25,0.48,$7.21,1.08,$-0.52,0.0,$1.43,5.44,$0.06B,$0.01B,4.13,$0.64B,$0.22B,2.95,$0.10B,$0.10B,97.03%,$0.10B,$0.01B,12.87%,$0.10B,$0.01B,12.87%,$0.10B,$0.04B,41.58%,$0.10B,$0.04B,42.57%,$0.10B,$0.02B,19.80%,$0.02B,$0.22B,9.64%,$0.02B,$0.22B,9.64%,$0.02B,$0.87B,2.36%,$0.01B,$0.86B,1.57%,$25,$0,$25,$0,$2,$22,$3,$-6,$-4,$1,$-5,$-5,$-4,$11,$3,$14,14,$-0.30,$-0.30,$50,$0,$0,$56,$781,$0,$0,$34,$815,$871,$13,$640,$0,$640,$654,$0,$-37,$2,$217,$871,$28,$15,$-35,$-20,$0,$0,$0,$9,$4,$12,$63,$0,$0,$0,$-1,$-1,$1,$63,$-41,$0,$-41,$-0,$-0,$0,$-17,$-59,$16,$0,$0
6,2016-12-31,7.67,$16.60,0.46,$7.28,1.05,$-7.32,0.0,$3.49,2.2,$0.06B,$0.02B,3.38,$0.61B,$0.22B,2.78,$0.10B,$0.10B,96.08%,$0.10B,$0.02B,14.71%,$0.10B,$0.02B,14.71%,$0.10B,$0.04B,42.16%,$0.10B,$0.07B,66.67%,$0.10B,$0.05B,48.04%,$0.05B,$0.22B,24.72%,$0.05B,$0.22B,24.72%,$0.05B,$0.85B,6.00%,$0.02B,$0.83B,1.88%,$26,$0,$26,$0,$3,$21,$4,$28,$33,$0,$32,$32,$16,$11,$4,$14,14,$1.13,$1.13,$58,$0,$0,$64,$746,$0,$0,$39,$785,$849,$19,$611,$0,$611,$629,$40,$-32,$2,$220,$849,$32,$7,$-35,$-28,$0,$0,$0,$4,$4,$8,$105,$0,$0,$0,$-1,$-1,$1,$105,$-69,$0,$-69,$-0,$-0,$0,$-19,$-88,$24,$0,$0
7,2016-09-30,7.49,$15.24,0.49,$7.01,1.07,$-17.06,0.0,$2.22,3.37,$0.05B,$0.02B,2.62,$0.65B,$0.20B,3.24,$0.10B,$0.09B,95.92%,$0.10B,$0.02B,15.31%,$0.10B,$0.02B,15.31%,$0.10B,$0.04B,42.86%,$0.10B,$0.03B,34.69%,$0.10B,$0.03B,31.63%,$0.03B,$0.20B,16.94%,$0.03B,$0.20B,16.94%,$0.03B,$0.88B,3.76%,$0.02B,$0.85B,1.88%,$26,$1,$24,$0,$2,$23,$3,$3,$7,$0,$6,$6,$3,$11,$3,$14,14,$0.22,$0.22,$35,$0,$0,$54,$794,$0,$0,$27,$821,$875,$21,$653,$0,$653,$673,$40,$-48,$-2,$202,$875,$45,$27,$-59,$-32,$0,$0,$0,$-7,$-3,$10,$-152,$0,$0,$0,$0,$0,$16,$-136,$139,$0,$139,$-2,$-2,$0,$1,$138,$12,$0,$0
8,2016-06-30,6.69,$14.43,0.46,$6.75,0.99,$-11.79,0.0,$2.25,2.97,$0.09B,$0.02B,5.69,$0.58B,$0.19B,3.04,$0.09B,$0.09B,95.74%,$0.09B,$0.01B,12.77%,$0.09B,$0.01B,12.77%,$0.09B,$0.04B,40.43%,$0.09B,$0.04B,38.30%,$0.09B,$0.03B,32.98%,$0.03B,$0.19B,17.97%,$0.03B,$0.19B,17.97%,$0.03B,$0.79B,3.82%,$0.01B,$0.77B,1.60%,$24,$1,$23,$0,$2,$22,$3,$5,$7,$0,$7,$7,$5,$9,$3,$14,14,$0.39,$0.39,$44,$0,$0,$91,$669,$0,$0,$23,$697,$788,$16,$581,$0,$581,$597,$40,$-51,$-1,$191,$788,$39,$20,$-50,$-30,$0,$0,$0,$-3,$-2,$7,$-59,$0,$0,$0,$0,$0,$17,$-42,$63,$0,$63,$-2,$-2,$0,$-4,$57,$22,$0,$0
9,2016-03-31,6.51,$13.51,0.48,$6.41,1.01,$-10.51,0.0,$1.68,3.87,$0.06B,$0.01B,4.28,$0.56B,$0.18B,3.11,$0.09B,$0.09B,95.56%,$0.09B,$0.01B,13.33%,$0.09B,$0.01B,13.33%,$0.09B,$0.04B,42.22%,$0.09B,$0.03B,30.00%,$0.09B,$0.02B,25.56%,$0.02B,$0.18B,14.13%,$0.02B,$0.18B,14.13%,$0.02B,$0.75B,2.86%,$0.01B,$0.74B,1.63%,$26,$1,$25,$0,$2,$21,$5,$16,$21,$0,$21,$21,$25,$12,$5,$14,14,$1.76,$1.76,$42,$0,$0,$61,$669,$0,$0,$16,$692,$753,$14,$559,$0,$559,$573,$40,$-57,$-0,$180,$753,$32,$13,$-39,$-26,$0,$0,$0,$3,$3,$9,$-31,$0,$0,$0,$0,$0,$14,$-16,$37,$0,$37,$-2,$-2,$0,$-9,$26,$19,$0,$0
10,2015-12-31,5.94,$11.83,0.5,$5.93,1.0,$-10.51,0.0,$-0.13,0.0,$0.04B,$0.02B,2.02,$0.67B,$0.16B,4.2,$0.08B,$0.08B,96.39%,$0.08B,$0.01B,12.05%,$0.08B,$0.01B,12.05%,$0.08B,$0.04B,42.17%,$0.08B,$0.01B,8.43%,$0.08B,$-0.00B,-3.61%,$-0.00B,$0.16B,-1.91%,$-0.00B,$0.16B,-1.91%,$-0.00B,$0.88B,-0.37%,$0.01B,$0.83B,1.37%,$22,$1,$22,$0,$2,$19,$4,$-5,$-1,$0,$-1,$-1,$-2,$10,$4,$14,14,$-0.14,$-0.14,$43,$0,$0,$43,$793,$0,$0,$29,$838,$880,$21,$667,$34,$701,$722,$40,$-81,$-0,$159,$880,$-3,$7,$-1,$6,$0,$0,$0,$-1,$-1,$2,$-25,$0,$0,$0,$0,$0,$-1,$-27,$29,$0,$29,$0,$0,$0,$2,$30,$6,$0,$0
11,2015-09-30,6.64,$11.93,0.56,$5.73,1.16,$-9.53,0.0,$-0.17,0.0,$0.02B,$0.02B,1.49,$0.51B,$0.16B,3.17,$0.08B,$0.08B,95.06%,$0.08B,$0.01B,11.11%,$0.08B,$0.01B,11.11%,$0.08B,$0.03B,40.74%,$0.08B,$0.00B,4.94%,$0.08B,$-0.00B,-3.70%,$-0.00B,$0.16B,-1.91%,$-0.00B,$0.16B,-1.91%,$-0.00B,$0.82B,-0.39%,$0.01B,$0.67B,1.29%,$22,$2,$20,$0,$2,$22,$0,$9,$9,$0,$9,$9,$3,$7,$0,$14,14,$0.24,$0.24,$22,$0,$0,$22,$616,$0,$0,$20,$799,$821,$15,$507,$0,$646,$661,$40,$-79,$-0,$160,$821,$-2,$24,$-15,$9,$0,$0,$0,$-1,$1,$8,$-77,$0,$0,$0,$2,$2,$8,$-67,$58,$0,$58,$-2,$-2,$0,$-4,$51,$-8,$0,$0
12,2015-06-30,6.58,$11.33,0.58,$5.19,1.27,$-22.40,0.0,$-0.68,0.0,$0.04B,$0.02B,1.96,$0.56B,$0.15B,3.71,$0.07B,$0.07B,95.95%,$0.07B,$0.01B,14.86%,$0.07B,$0.01B,14.86%,$0.07B,$0.03B,45.95%,$0.07B,$-0.01B,-6.76%,$0.07B,$-0.01B,-13.51%,$-0.01B,$0.15B,-6.29%,$-0.01B,$0.15B,-6.29%,$-0.01B,$0.77B,-1.33%,$0.01B,$0.72B,1.56%,$20,$1,$19,$0,$2,$17,$3,$-5,$-2,$0,$-2,$-2,$-3,$9,$3,$14,14,$-0.18,$-0.18,$38,$0,$0,$38,$692,$0,$0,$22,$729,$767,$19,$564,$31,$595,$614,$40,$-83,$-0,$152,$767,$-7,$17,$-3,$14,$0,$0,$0,$5,$5,$12,$-47,$0,$0,$0,$2,$2,$6,$-39,$27,$0,$27,$-2,$-2,$0,$-5,$20,$-7,$0,$0
13,2015-03-31,6.68,$11.60,0.58,$5.03,1.33,$-35.16,0.0,$-0.52,0.0,$0.04B,$0.02B,2.13,$0.55B,$0.16B,3.56,$0.07B,$0.07B,95.83%,$0.07B,$0.01B,12.50%,$0.07B,$0.01B,12.50%,$0.07B,$0.03B,43.06%,$0.07B,$-0.01B,-9.72%,$0.07B,$-0.01B,-9.72%,$-0.01B,$0.16B,-4.26%,$-0.01B,$0.16B,-4.26%,$-0.01B,$0.76B,-0.95%,$0.01B,$0.71B,1.31%,$19,$1,$19,$0,$2,$16,$3,$-2,$1,$0,$1,$1,$-1,$9,$3,$14,14,$-0.05,$-0.05,$41,$0,$0,$41,$683,$0,$0,$21,$719,$760,$19,$554,$31,$585,$604,$40,$-80,$-0,$156,$760,$-4,$11,$-3,$8,$0,$0,$0,$7,$11,$15,$-36,$0,$0,$0,$2,$2,$5,$-29,$18,$0,$18,$-2,$-2,$0,$-7,$9,$-5,$0,$0
14,2014-12-31,6.53,$11.92,0.55,$4.73,1.38,$-42.25,0.0,$-0.65,0.0,$0.04B,$0.02B,2.43,$0.54B,$0.16B,3.4,$0.07B,$0.06B,94.12%,$0.07B,$0.01B,10.29%,$0.07B,$0.01B,10.29%,$0.07B,$0.03B,39.71%,$0.07B,$-0.01B,-17.65%,$0.07B,$-0.01B,-13.24%,$-0.01B,$0.16B,-5.38%,$-0.01B,$0.16B,-5.38%,$-0.01B,$0.75B,-1.28%,$0.01B,$0.70B,1.06%,$20,$1,$19,$0,$2,$17,$3,$-6,$-4,$0,$-4,$-4,$-2,$8,$3,$14,14,$-0.18,$-0.18,$36,$0,$0,$36,$670,$0,$0,$29,$714,$750,$15,$540,$37,$577,$592,$40,$-80,$-0,$159,$750,$-4,$5,$0,$5,$0,$0,$0,$6,$6,$8,$-17,$0,$0,$0,$-9,$-9,$3,$-23,$9,$0,$9,$-2,$-2,$0,$-3,$4,$-12,$0,$0
15,2014-09-30,7.02,$12.35,0.57,$4.33,1.62,$-47.77,0.0,$-0.66,0.0,$0.06B,$0.02B,3.66,$0.52B,$0.17B,3.08,$0.06B,$0.06B,93.55%,$0.06B,$0.00B,6.45%,$0.06B,$0.00B,6.45%,$0.06B,$0.02B,37.10%,$0.06B,$-0.01B,-20.97%,$0.06B,$-0.01B,-16.13%,$-0.01B,$0.17B,-5.91%,$-0.01B,$0.17B,-5.91%,$-0.01B,$0.74B,-1.49%,$0.00B,$0.69B,0.63%,$15,$1,$14,$0,$2,$13,$2,$-1,$0,$0,$0,$0,$-4,$8,$2,$14,14,$-0.27,$-0.27,$56,$0,$0,$56,$636,$0,$0,$28,$679,$735,$15,$520,$31,$551,$566,$41,$-77,$-0,$169,$735,$-16,$18,$-0,$18,$0,$0,$0,$-14,$-7,$-5,$-248,$0,$0,$0,$29,$29,$0,$-219,$169,$0,$169,$0,$0,$0,$21,$190,$-34,$0,$0
16,2014-06-30,6.91,$12.65,0.55,$3.43,2.01,$-37.28,0.0,$-0.05,0.0,$0.06B,$0.01B,4.48,$0.49B,$0.17B,2.83,$0.05B,$0.05B,93.88%,$0.05B,$-0.01B,-10.20%,$0.05B,$-0.01B,-10.20%,$0.05B,$0.01B,22.45%,$0.05B,$-0.02B,-36.73%,$0.05B,$-0.00B,-2.04%,$-0.00B,$0.17B,-0.59%,$-0.00B,$0.17B,-0.59%,$-0.00B,$0.70B,-0.16%,$-0.01B,$0.66B,-0.85%,$18,$1,$17,$0,$2,$17,$1,$-5,$-4,$0,$-4,$-4,$-0,$6,$1,$14,14,$-0.02,$-0.02,$55,$0,$0,$57,$611,$0,$0,$19,$644,$700,$13,$489,$26,$515,$528,$41,$-73,$-0,$173,$700,$-11,$12,$-0,$12,$0,$0,$0,$-5,$-0,$0,$-218,$0,$0,$0,$29,$29,$8,$-182,$138,$0,$138,$0,$0,$0,$16,$154,$-27,$0,$0
17,2014-03-31,6.67,$12.41,0.54,$3.04,2.2,$-33.39,0.0,$0.01,667.48,$0.09B,$0.01B,10.32,$0.43B,$0.17B,2.56,$0.04B,$0.04B,93.02%,$0.04B,$-0.00B,-9.30%,$0.04B,$-0.00B,-9.30%,$0.04B,$0.01B,20.93%,$0.04B,$-0.01B,-32.56%,$0.04B,0,0.00%,$0.00B,$0.17B,0.00%,$0.00B,$0.17B,0.00%,$0.00B,$0.63B,0.00%,$-0.00B,$0.60B,-0.74%,$15,$1,$14,$0,$2,$14,$1,$-5,$-4,$0,$-4,$-4,$-3,$5,$1,$14,14,$-0.18,$-0.18,$48,$0,$0,$85,$519,$0,$0,$16,$549,$634,$8,$431,$27,$458,$466,$41,$-73,$0,$168,$634,$-7,$8,$0,$8,$0,$0,$0,$-2,$-1,$-0,$-123,$0,$0,$0,$13,$13,$9,$-100,$80,$0,$80,$0,$0,$0,$8,$88,$-12,$0,$0
18,2013-12-31,6.62,$12.30,0.54,$2.70,2.46,$-30.44,0.0,$0.26,25.46,$0.10B,$0.01B,12.49,$0.41B,$0.17B,2.45,$0.04B,$0.04B,94.74%,$0.04B,$-0.00B,-5.26%,$0.04B,$-0.00B,-5.26%,$0.04B,$0.01B,23.68%,$0.04B,$-0.01B,-23.68%,$0.04B,$0.00B,10.53%,$0.00B,$0.17B,2.52%,$0.00B,$0.17B,2.52%,$0.00B,$0.61B,0.76%,$-0.00B,$0.57B,-0.41%,$14,$2,$13,$0,$2,$14,$0,$-5,$-5,$0,$-5,$-5,$-3,$4,$0,$14,14,$-0.19,$-0.19,$77,$0,$0,$98,$480,$0,$0,$16,$516,$614,$8,$407,$27,$439,$447,$41,$-70,$0,$167,$614,$-4,$4,$0,$4,$0,$0,$0,$-2,$-1,$-1,$-87,$0,$0,$0,$10,$10,$4,$-72,$61,$0,$61,$0,$0,$0,$4,$65,$-8,$0,$0
19,2013-09-30,6.71,$12.21,0.55,$2.26,2.96,$-28.93,0.0,$0.36,18.65,$0.09B,$0.01B,11.53,$0.35B,$0.17B,2.12,$0.03B,$0.03B,93.75%,$0.03B,$-0.00B,-3.13%,$0.03B,$-0.00B,-3.13%,$0.03B,$0.01B,21.88%,$0.03B,$-0.01B,-18.75%,$0.03B,$0.01B,18.75%,$0.01B,$0.17B,3.89%,$0.01B,$0.17B,3.89%,$0.01B,$0.55B,1.25%,$-0.00B,$0.52B,-0.22%,$2,$0,$2,$0,$0,$9,$-7,$2,$-5,$0,$-5,$-5,$5,$-4,$-7,$14,14,$0.33,$0.33,$90,$0,$0,$90,$403,$0,$0,$14,$460,$549,$8,$351,$26,$376,$384,$41,$-68,$-0,$165,$549,$2,$8,$-8,$-0,$0,$0,$0,$-2,$-1,$1,$-103,$0,$0,$1,$-109,$-107,$31,$-179,$144,$0,$144,$0,$0,$0,$14,$158,$-21,$0,$0
20,2013-06-30,6.55,$11.39,0.58,$2.63,2.49,$-31.38,0.0,$0.14,46.81,$0.13B,$0.01B,23.74,$0.32B,$0.15B,2.04,$0.04B,$0.03B,89.19%,$0.04B,$0.01B,16.22%,$0.04B,$0.01B,16.22%,$0.04B,$0.01B,29.73%,$0.04B,0,0.00%,$0.04B,$0.00B,8.11%,$0.00B,$0.15B,2.00%,$0.00B,$0.15B,2.00%,$0.00B,$0.50B,0.68%,$0.01B,$0.47B,1.47%,$12,$1,$11,$0,$2,$10,$2,$-3,$-0,$0,$-0,$-0,$1,$4,$2,$14,14,$0.04,$0.04,$61,$0,$0,$128,$349,$0,$0,$12,$374,$502,$5,$315,$27,$342,$348,$41,$-72,$0,$154,$502,$-2,$5,$-2,$3,$0,$0,$0,$-1,$0,$2,$-162,$0,$0,$1,$-30,$-29,$17,$-174,$108,$0,$108,$0,$0,$0,$7,$115,$-58,$0,$0
21,2013-03-31,6.57,$11.08,0.59,$2.17,3.02,$-27.08,0.0,$0.09,73.02,$0.15B,$0.00B,40.55,$0.26B,$0.15B,1.72,$0.03B,$0.03B,87.10%,$0.03B,$0.00B,12.90%,$0.03B,$0.00B,12.90%,$0.03B,$0.01B,25.81%,$0.03B,$-0.00B,-3.23%,$0.03B,$0.00B,6.45%,$0.00B,$0.15B,1.36%,$0.00B,$0.15B,1.36%,$0.00B,$0.44B,0.50%,$0.00B,$0.41B,1.09%,$10,$1,$10,$0,$2,$7,$3,$-2,$1,$0,$1,$1,$1,$5,$3,$14,14,$0.07,$0.07,$58,$0,$0,$148,$269,$0,$0,$11,$292,$440,$4,$258,$28,$287,$290,$41,$-73,$-0,$150,$440,$-2,$3,$-1,$2,$0,$0,$0,$1,$0,$1,$-81,$0,$0,$1,$-54,$-53,$16,$-118,$51,$0,$51,$0,$0,$0,$4,$55,$-62,$0,$0
22,2012-12-31,6.09,$10.95,0.56,$1.72,3.54,$-27.07,0.0,$-0.05,0.0,$0.15B,$0.01B,33.32,$0.25B,$0.15B,1.71,$0.03B,$0.02B,72.00%,$0.03B,$-0.00B,-4.00%,$0.03B,$-0.00B,-4.00%,$0.03B,$0.00B,4.00%,$0.03B,$-0.00B,-16.00%,$0.03B,0,0.00%,$0.00B,$0.15B,0.00%,$0.00B,$0.15B,0.00%,$0.00B,$0.43B,0.00%,$-0.00B,$0.40B,-0.30%,$8,$1,$7,$0,$2,$7,$1,$-3,$-2,$0,$-2,$-2,$-1,$2,$1,$14,14,$-0.09,$-0.09,$83,$0,$0,$154,$255,$0,$0,$11,$279,$432,$5,$252,$28,$280,$285,$40,$-74,$0,$148,$432,$-2,$2,$-0,$1,$0,$0,$0,$1,$1,$0,$-66,$0,$0,$0,$-34,$-34,$7,$-93,$46,$0,$46,$0,$0,$0,$2,$47,$-46,$0,$0
23,2012-09-30,6.09,$10.91,0.56,$1.38,4.4,$-22.37,0.0,$0.32,19.02,$0.17B,$0.00B,39.86,$0.21B,$0.15B,1.41,$0.02B,$0.01B,70.00%,$0.02B,$-0.00B,-10.00%,$0.02B,$-0.00B,-10.00%,$0.02B,$-0.00B,-5.00%,$0.02B,$0.00B,5.00%,$0.02B,$0.01B,25.00%,$0.01B,$0.15B,3.48%,$0.01B,$0.15B,3.48%,$0.01B,$0.39B,1.65%,$-0.00B,$0.35B,-0.70%,$7,$2,$5,$0,$2,$7,$-0,$1,$1,$0,$1,$1,$2,$0,$-0,$14,14,$0.12,$0.12,$135,$0,$0,$171,$190,$0,$0,$12,$215,$386,$4,$207,$28,$235,$239,$40,$-73,$0,$147,$386,$2,$1,$-5,$-4,$0,$0,$0,$-8,$-5,$-7,$-132,$0,$0,$2,$46,$48,$-53,$-137,$155,$0,$155,$-1,$-1,$0,$24,$178,$34,$0,$0
24,2012-06-30,6.09,$10.76,0.57,$1.20,5.09,$-12.71,0.0,$0.33,18.44,$0.14B,$0.00B,48.8,$0.16B,$0.15B,1.13,$0.02B,$0.01B,76.47%,$0.02B,$-0.00B,-5.88%,$0.02B,$-0.00B,-5.88%,$0.02B,0,0.00%,$0.02B,$0.00B,11.76%,$0.02B,$0.01B,29.41%,$0.01B,$0.15B,3.55%,$0.01B,$0.15B,3.55%,$0.01B,$0.33B,1.96%,$-0.00B,$0.31B,-0.41%,$6,$1,$5,$0,$2,$5,$0,$-1,$-1,$0,$-1,$-1,$-0,$1,$0,$14,14,$-0.01,$-0.01,$75,$0,$0,$140,$167,$0,$0,$14,$190,$330,$3,$163,$19,$182,$185,$42,$-74,$0,$145,$330,$1,$1,$-4,$-3,$0,$0,$0,$-6,$-4,$-7,$-93,$0,$0,$2,$-2,$-1,$-29,$-122,$111,$0,$111,$-1,$-1,$0,$17,$128,$-1,$0,$0
25,2012-03-31,6.54,$10.71,0.61,$1.18,5.54,$-5.57,0.0,$0.57,11.48,$0.15B,$0.00B,138.63,$0.14B,$0.14B,0.96,$0.02B,$0.01B,81.25%,$0.02B,$0.00B,6.25%,$0.02B,$0.00B,6.25%,$0.02B,$0.00B,6.25%,$0.02B,$0.01B,31.25%,$0.02B,$0.01B,50.00%,$0.01B,$0.14B,5.79%,$0.01B,$0.14B,5.79%,$0.01B,$0.30B,3.65%,$0.00B,$0.28B,0.47%,$4,$3,$1,$0,$2,$6,$-2,$0,$-2,$0,$-2,$-2,$-1,$-2,$-2,$14,14,$-0.07,$-0.07,$73,$0,$0,$145,$132,$0,$0,$14,$154,$299,$1,$138,$16,$154,$155,$42,$-74,$1,$144,$299,$1,$0,$-4,$-3,$0,$0,$0,$-2,$-4,$-6,$-72,$0,$0,$1,$4,$5,$-32,$-99,$79,$0,$79,$-1,$-1,$0,$21,$99,$-7,$0,$0
26,2011-12-31,5.94,$9.97,0.6,$1.32,4.48,$0.32,18.52,$0.77,7.71,$0.13B,$0.00B,109.08,$0.06B,$0.14B,0.4,$0.02B,$0.02B,94.44%,$0.02B,$0.01B,27.78%,$0.02B,$0.01B,27.78%,$0.02B,$0.01B,27.78%,$0.02B,$0.01B,44.44%,$0.02B,$0.01B,61.11%,$0.01B,$0.14B,8.18%,$0.01B,$0.14B,8.18%,$0.01B,$0.20B,5.78%,$0.01B,$0.20B,2.68%,$3,$1,$3,$0,$2,$3,$-0,$3,$3,$0,$3,$3,$4,$0,$-0,$14,14,$0.28,$0.28,$80,$0,$0,$132,$60,$0,$0,$6,$66,$198,$1,$56,$2,$58,$59,$42,$-73,$1,$139,$198,$3,$0,$-3,$-3,$0,$0,$0,$0,$0,$0,$-0,$0,$0,$-0,$29,$29,$1,$29,$4,$0,$4,$-1,$-1,$0,$0,$3,$33,$0,$0
27,2011-09-30,5.82,$10.00,0.58,$1.27,4.57,$0.22,26.58,$0.45,12.94,$0.12B,$0.00B,128.62,$0.05B,$0.14B,0.38,$0.02B,$0.02B,94.12%,$0.02B,$0.00B,23.53%,$0.02B,$0.00B,23.53%,$0.02B,$0.00B,23.53%,$0.02B,$0.00B,23.53%,$0.02B,$0.01B,35.29%,$0.01B,$0.14B,4.55%,$0.01B,$0.14B,4.55%,$0.01B,$0.19B,3.21%,$0.00B,$0.19B,2.18%,$4,$1,$4,$0,$2,$4,$1,$1,$2,$0,$2,$2,$2,$1,$1,$14,14,$0.13,$0.13,$47,$0,$0,$122,$59,$0,$0,$8,$69,$191,$1,$52,$3,$54,$55,$45,$-77,$0,$136,$191,$5,$0,$-4,$-4,$0,$0,$0,$0,$1,$1,$-2,$0,$0,$8,$-22,$-15,$3,$-14,$-3,$0,$-3,$-1,$-1,$0,$2,$-2,$-14,$0,$0
28,2011-06-30,5.91,$9.78,0.6,$1.09,5.4,$0.69,8.55,$0.24,24.61,$0.13B,$0.00B,99.68,$0.05B,$0.13B,0.38,$0.02B,$0.01B,86.67%,$0.02B,$0.00B,13.33%,$0.02B,$0.00B,13.33%,$0.02B,$0.00B,13.33%,$0.02B,$0.00B,6.67%,$0.02B,$0.00B,20.00%,$0.00B,$0.13B,2.30%,$0.00B,$0.13B,2.30%,$0.00B,$0.19B,1.62%,$0.00B,$0.19B,1.10%,$5,$1,$5,$0,$2,$3,$2,$0,$2,$0,$2,$2,$3,$2,$2,$14,14,$0.23,$0.23,$30,$0,$0,$125,$56,$0,$0,$7,$63,$188,$1,$51,$2,$53,$55,$45,$-79,$1,$134,$188,$3,$0,$-4,$-4,$0,$0,$0,$-0,$0,$-0,$1,$0,$0,$7,$-39,$-31,$2,$-28,$-5,$0,$-5,$-1,$-1,$0,$2,$-4,$-32,$0,$0
29,2011-03-31,6.06,$9.49,0.64,$0.88,6.88,$0.10,60.75,$-0.20,0.0,$0.12B,$0.00B,106.63,$0.05B,$0.13B,0.39,$0.01B,$0.01B,75.00%,$0.01B,$-0.00B,-8.33%,$0.01B,$-0.00B,-8.33%,$0.01B,$-0.00B,-8.33%,$0.01B,$-0.01B,-41.67%,$0.01B,$-0.00B,-25.00%,$-0.00B,$0.13B,-2.32%,$-0.00B,$0.13B,-2.32%,$-0.00B,$0.18B,-1.62%,$-0.00B,$0.18B,-0.55%,$6,$1,$5,$0,$2,$3,$2,$-2,$1,$0,$1,$1,$2,$2,$2,$14,14,$0.13,$0.13,$26,$0,$0,$123,$55,$0,$0,$6,$61,$184,$1,$50,$4,$54,$55,$45,$-82,$1,$129,$184,$1,$0,$-2,$-2,$0,$0,$0,$0,$3,$2,$2,$0,$0,$6,$-41,$-35,$1,$-32,$-6,$0,$-6,$-1,$-1,$0,$0,$-7,$-37,$0,$0
30,2010-12-31,6.7,$9.42,0.71,$0.62,10.83,$-0.37,0.0,$-0.43,0.0,$0.12B,$0.00B,90.15,$0.05B,$0.13B,0.42,$0.01B,$0.01B,62.50%,$0.01B,$-0.01B,-62.50%,$0.01B,$-0.01B,-62.50%,$0.01B,$-0.00B,-50.00%,$0.01B,$-0.01B,-100.00%,$0.01B,$-0.01B,-75.00%,$-0.01B,$0.13B,-4.61%,$-0.01B,$0.13B,-4.61%,$-0.01B,$0.19B,-3.23%,$-0.01B,$0.18B,-2.74%,$2,$1,$2,$0,$1,$3,$-1,$0,$-1,$0,$-1,$-1,$-1,$-1,$-1,$14,14,$-0.04,$-0.04,$47,$0,$0,$121,$57,$0,$0,$7,$64,$185,$1,$54,$2,$55,$57,$45,$-84,$2,$128,$185,$-1,$0,$-0,$-0,$0,$0,$0,$0,$1,$-0,$-1,$0,$0,$1,$-20,$-19,$-0,$-20,$-0,$0,$-0,$-1,$-1,$0,$0,$-1,$-21,$0,$0
31,2010-09-30,5.98,$9.49,0.63,$0.59,10.21,$0.15,40.31,$-0.58,0.0,$0.12B,$0.00B,92.42,$0.05B,$0.13B,0.41,$0.01B,$0.00B,50.00%,$0.01B,$-0.01B,-112.50%,$0.01B,$-0.01B,-112.50%,$0.01B,$-0.01B,-87.50%,$0.01B,$-0.01B,-125.00%,$0.01B,$-0.01B,-100.00%,$-0.01B,$0.13B,-6.07%,$-0.01B,$0.13B,-6.07%,$-0.01B,$0.19B,-4.31%,$-0.01B,$0.18B,-4.92%,$2,$0,$1,$0,$1,$3,$-1,$0,$-1,$0,$-1,$-1,$-1,$-1,$-1,$14,14,$-0.08,$-0.08,$69,$0,$0,$123,$56,$0,$0,$7,$63,$186,$1,$53,$2,$55,$56,$45,$-83,$2,$130,$186,$-9,$2,$3,$5,$0,$0,$0,$-0,$-1,$-6,$12,$0,$0,$0,$24,$24,$1,$36,$2,$0,$2,$-2,$-2,$0,$2,$2,$33,$0,$0
32,2010-06-30,5.52,$9.54,0.58,$0.63,8.71,$-0.52,0.0,$-0.20,0.0,$0.12B,$0.00B,133.62,$0.05B,$0.13B,0.39,$0.01B,$0.00B,50.00%,$0.01B,$-0.01B,-112.50%,$0.01B,$-0.01B,-112.50%,$0.01B,$-0.01B,-87.50%,$0.01B,$-0.00B,-50.00%,$0.01B,$-0.00B,-50.00%,$-0.00B,$0.13B,-3.06%,$-0.00B,$0.13B,-3.06%,$-0.00B,$0.19B,-2.13%,$-0.01B,$0.18B,-4.97%,$2,$1,$1,$0,$2,$4,$-1,$-3,$-4,$0,$-4,$-4,$-3,$-1,$-1,$14,14,$-0.21,$-0.21,$58,$0,$0,$123,$55,$0,$0,$7,$62,$185,$1,$51,$2,$53,$54,$45,$-82,$1,$131,$185,$-8,$1,$3,$4,$0,$0,$0,$-1,$-2,$-6,$-1,$0,$0,$2,$28,$30,$1,$29,$1,$0,$1,$-2,$-2,$0,$2,$1,$25,$0,$0
33,2010-03-31,6.19,$9.65,0.64,$0.64,9.59,$0.67,9.22,$-0.44,0.0,$0.12B,$0.00B,107.98,$0.05B,$0.13B,0.38,$0.01B,$0.00B,50.00%,$0.01B,$-0.01B,-137.50%,$0.01B,$-0.01B,-137.50%,$0.01B,$-0.01B,-100.00%,$0.01B,$-0.00B,-37.50%,$0.01B,$-0.01B,-75.00%,$-0.01B,$0.13B,-4.60%,$-0.01B,$0.13B,-4.60%,$-0.01B,$0.19B,-3.15%,$-0.01B,$0.18B,-6.01%,$2,$1,$1,$0,$2,$4,$-2,$-0,$-2,$0,$-2,$-2,$-1,$-1,$-2,$14,14,$-0.10,$-0.10,$57,$0,$0,$120,$59,$0,$0,$7,$66,$186,$1,$51,$2,$52,$53,$45,$-79,$1,$132,$186,$-5,$1,$1,$2,$0,$0,$0,$1,$-1,$-3,$0,$0,$0,$3,$26,$29,$0,$30,$1,$0,$1,$-2,$-2,$0,$-0,$-1,$26,$0,$0
34,2009-12-31,4.77,$9.76,0.49,$0.77,6.23,$-0.50,0.0,$-3.96,0.0,$0.12B,$0.00B,80.52,$0.05B,$0.13B,0.38,$0.01B,$0.00B,44.44%,$0.01B,$-0.03B,-311.11%,$0.01B,$-0.03B,-311.11%,$0.01B,$-0.03B,-277.78%,$0.01B,$-0.02B,-255.56%,$0.01B,$-0.05B,-522.22%,$-0.05B,$0.13B,-35.88%,$-0.05B,$0.13B,-35.88%,$-0.05B,$0.19B,-24.13%,$-0.03B,$0.18B,-14.97%,$2,$1,$1,$0,$1,$7,$-5,$2,$-3,$0,$-3,$-3,$-3,$-4,$-5,$13,13,$-0.19,$-0.19,$64,$0,$0,$117,$61,$0,$0,$8,$69,$186,$1,$50,$1,$51,$53,$45,$-78,$1,$134,$186,$-3,$0,$1,$2,$0,$0,$0,$-0,$-2,$-3,$9,$0,$0,$3,$24,$28,$0,$37,$0,$0,$0,$-1,$-1,$0,$-0,$-1,$32,$0,$0
35,2009-09-30,5.34,$11.20,0.48,$1.04,5.12,$-1.04,0.0,$-4.08,0.0,$0.11B,$0.00B,53.16,$0.05B,$0.13B,0.39,$0.01B,$0.01B,50.00%,$0.01B,$-0.02B,-183.33%,$0.01B,$-0.02B,-183.33%,$0.01B,$-0.02B,-166.67%,$0.01B,$-0.02B,-158.33%,$0.01B,$-0.05B,-400.00%,$-0.05B,$0.13B,-33.74%,$-0.05B,$0.13B,-33.74%,$-0.05B,$0.19B,-22.80%,$-0.02B,$0.18B,-10.89%,$2,$1,$1,$0,$2,$4,$-1,$6,$5,$0,$5,$5,$3,$-1,$-1,$12,12,$0.28,$0.28,$35,$0,$0,$114,$70,$0,$0,$9,$79,$193,$2,$50,$15,$65,$67,$38,$-75,$3,$126,$193,$-48,$2,$41,$43,$0,$0,$0,$-1,$-2,$-7,$5,$0,$0,$-2,$11,$9,$4,$18,$-7,$0,$-7,$-17,$-17,$0,$3,$-21,$-10,$0,$0
36,2009-06-30,3.52,$11.49,0.31,$1.21,2.92,$2.23,1.58,$-4.19,0.0,$0.11B,$0.00B,42.62,$0.06B,$0.13B,0.46,$0.01B,$0.01B,50.00%,$0.01B,$-0.02B,-164.29%,$0.01B,$-0.02B,-164.29%,$0.01B,$-0.02B,-150.00%,$0.01B,$-0.02B,-121.43%,$0.01B,$-0.05B,-350.00%,$-0.05B,$0.13B,-31.11%,$-0.05B,$0.13B,-31.11%,$-0.05B,$0.20B,-21.33%,$-0.02B,$0.19B,-10.44%,$2,$1,$1,$0,$2,$5,$-3,$-0,$-3,$0,$-3,$-3,$-5,$-2,$-3,$12,12,$-0.45,$-0.45,$31,$0,$0,$113,$68,$0,$0,$16,$84,$197,$3,$59,$1,$65,$68,$38,$-66,$1,$130,$197,$-51,$1,$46,$47,$0,$0,$0,$-2,$-4,$-8,$16,$0,$0,$-4,$-4,$-8,$4,$12,$-3,$0,$-3,$-16,$-16,$0,$2,$-17,$-13,$0,$0
37,2009-03-31,2.78,$11.78,0.24,$1.47,1.89,$2.16,1.28,$-4.22,0.0,$0.13B,$0.00B,43.94,$0.07B,$0.13B,0.49,$0.02B,$0.01B,52.94%,$0.02B,$-0.03B,-158.82%,$0.02B,$-0.03B,-158.82%,$0.02B,$-0.03B,-152.94%,$0.02B,$-0.01B,-82.35%,$0.02B,$-0.05B,-294.12%,$-0.05B,$0.13B,-28.29%,$-0.05B,$0.13B,-28.29%,$-0.05B,$0.20B,-19.74%,$-0.03B,$0.20B,-11.13%,$3,$2,$1,$0,$2,$22,$-19,$-3,$-22,$0,$-22,$-22,$-42,$-18,$-19,$12,12,$-3.62,$-3.62,$18,$0,$0,$127,$60,$0,$0,$15,$76,$203,$3,$65,$1,$66,$69,$38,$-60,$0,$134,$203,$-46,$1,$44,$45,$0,$0,$0,$0,$-1,$-2,$-14,$0,$0,$0,$6,$6,$2,$-5,$3,$0,$3,$-16,$-16,$0,$-0,$-14,$-22,$0,$0
38,2008-12-31,2.89,$15.61,0.19,$1.65,1.75,$3.85,0.75,$-0.60,0.0,$0.15B,$0.00B,42.33,$0.07B,$0.18B,0.36,$0.02B,$0.01B,57.89%,$0.02B,$-0.01B,-68.42%,$0.02B,$-0.01B,-68.42%,$0.02B,$-0.01B,-68.42%,$0.02B,$0.01B,36.84%,$0.02B,$-0.01B,-42.11%,$-0.01B,$0.18B,-4.00%,$-0.01B,$0.18B,-4.00%,$-0.01B,$0.25B,-2.80%,$-0.01B,$0.24B,-4.77%,$5,$2,$3,$0,$2,$4,$1,$-0,$1,$0,$1,$1,$-4,$1,$1,$12,12,$-0.31,$-0.31,$18,$0,$0,$149,$82,$0,$0,$18,$100,$249,$4,$65,$2,$67,$70,$38,$-18,$3,$179,$249,$-4,$0,$4,$4,$0,$0,$0,$-0,$-0,$-0,$-1,$0,$0,$0,$-10,$-10,$0,$-11,$3,$0,$3,$-16,$-16,$0,$-1,$-13,$-24,$0,$0
39,2008-09-30,6.72,$16.23,0.41,$1.90,3.54,$4.09,1.64,$-0.01,0.0,$0.18B,$0.00B,50.31,$0.06B,$0.19B,0.33,$0.02B,$0.01B,59.09%,$0.02B,$-0.01B,-50.00%,$0.02B,$-0.01B,-50.00%,$0.02B,$-0.01B,-50.00%,$0.02B,$0.01B,40.91%,$0.02B,$-0.00B,-4.55%,$-0.00B,$0.19B,-0.47%,$-0.00B,$0.19B,-0.47%,$-0.00B,$0.27B,-0.33%,$-0.01B,$0.25B,-3.80%,$4,$2,$2,$0,$2,$6,$-2,$8,$7,$0,$7,$7,$2,$-2,$-2,$12,12,$0.18,$0.18,$46,$0,$0,$175,$77,$0,$0,$18,$95,$270,$3,$62,$18,$80,$83,$38,$-14,$7,$187,$270,$-0,$0,$3,$4,$0,$0,$0,$1,$-1,$3,$32,$0,$0,$26,$-6,$21,$2,$55,$-17,$0,$-17,$-22,$-22,$0,$0,$-40,$19,$0,$0
40,2008-06-30,8.28,$17.95,0.46,$2.37,3.5,$3.11,2.66,$-0.51,0.0,$0.20B,$0.00B,60.39,$0.07B,$0.21B,0.34,$0.03B,$0.02B,62.96%,$0.03B,$-0.01B,-48.15%,$0.03B,$-0.01B,-48.15%,$0.03B,$-0.01B,-51.85%,$0.03B,$-0.00B,-3.70%,$0.03B,$-0.01B,-22.22%,$-0.01B,$0.21B,-2.66%,$-0.01B,$0.21B,-2.66%,$-0.01B,$0.29B,-1.88%,$-0.01B,$0.28B,-4.25%,$5,$2,$3,$0,$2,$12,$-7,$6,$-0,$0,$-0,$-0,$-6,$-7,$-7,$12,12,$-0.48,$-0.48,$35,$0,$0,$202,$68,$0,$0,$21,$89,$291,$3,$71,$10,$81,$84,$38,$-1,$14,$207,$291,$-2,$0,$6,$6,$0,$0,$0,$1,$-0,$3,$4,$0,$0,$16,$-3,$12,$1,$18,$-8,$0,$-8,$-14,$-14,$0,$-0,$-23,$-2,$0,$0
41,2008-03-31,9.25,$19.65,0.47,$2.88,3.21,$4.05,2.29,$0.82,11.29,$0.23B,$0.00B,87.63,$0.09B,$0.23B,0.41,$0.03B,$0.02B,66.67%,$0.03B,$-0.00B,-3.03%,$0.03B,$-0.00B,-3.03%,$0.03B,$-0.00B,-9.09%,$0.03B,$0.01B,24.24%,$0.03B,$0.01B,27.27%,$0.01B,$0.23B,3.83%,$0.01B,$0.23B,3.83%,$0.01B,$0.33B,2.73%,$-0.00B,$0.32B,-0.32%,$5,$2,$3,$0,$2,$10,$-5,$4,$-1,$0,$-1,$-1,$-0,$-5,$-5,$12,12,$0.00,$0.00,$47,$0,$0,$231,$76,$0,$0,$24,$100,$331,$3,$92,$9,$101,$104,$38,$12,$21,$227,$331,$3,$0,$-0,$-0,$0,$0,$0,$0,$-2,$1,$3,$0,$0,$5,$-14,$-9,$1,$-6,$13,$0,$13,$-7,$-7,$0,$-0,$6,$1,$0,$0
42,2007-12-31,9.65,$20.56,0.47,$3.42,2.82,$4.77,2.02,$2.70,3.57,$0.27B,$0.01B,48.97,$0.08B,$0.23B,0.34,$0.04B,$0.03B,69.23%,$0.04B,$0.01B,25.64%,$0.04B,$0.01B,25.64%,$0.04B,$0.01B,17.95%,$0.04B,$0.03B,76.92%,$0.04B,$0.03B,76.92%,$0.03B,$0.23B,12.49%,$0.03B,$0.23B,12.49%,$0.03B,$0.32B,8.80%,$0.01B,$0.31B,3.06%,$8,$2,$5,$0,$2,$4,$3,$-0,$3,$0,$3,$3,$3,$3,$3,$11,11,$0.28,$0.28,$48,$0,$0,$270,$30,$0,$0,$25,$55,$324,$6,$79,$7,$86,$92,$37,$19,$23,$233,$324,$3,$-0,$-0,$-1,$0,$0,$0,$-0,$-2,$1,$0,$0,$0,$0,$0,$0,$0,$1,$0,$0,$0,$-3,$-3,$0,$-0,$-4,$-2,$0,$0
43,2007-09-30,10.53,$21.21,0.5,$4.23,2.49,$5.70,1.85,$3.37,3.12,$0.29B,$0.00B,80.25,$0.08B,$0.24B,0.34,$0.04B,$0.03B,68.18%,$0.04B,$0.01B,29.55%,$0.04B,$0.01B,29.55%,$0.04B,$0.01B,20.45%,$0.04B,$0.04B,79.55%,$0.04B,$0.04B,79.55%,$0.04B,$0.24B,14.37%,$0.04B,$0.24B,14.37%,$0.04B,$0.33B,9.87%,$0.01B,$0.31B,3.82%,$9,$2,$6,$0,$2,$12,$-4,$0,$-3,$0,$-3,$-3,$-3,$-5,$-4,$11,11,$-0.34,$-0.35,$52,$0,$0,$291,$13,$0,$0,$24,$37,$328,$4,$79,$10,$89,$93,$37,$23,$25,$235,$328,$35,$-3,$-7,$-11,$0,$0,$0,$-1,$-3,$21,$1,$0,$0,$25,$-124,$-100,$147,$48,$-121,$0,$-121,$-17,$-17,$0,$77,$-61,$9,$0,$0
44,2007-06-30,15.3,$22.30,0.69,$4.90,3.12,$5.58,2.74,$4.46,3.43,$0.31B,$0.01B,40.9,$0.08B,$0.24B,0.31,$0.05B,$0.03B,65.96%,$0.05B,$0.02B,48.94%,$0.05B,$0.02B,48.94%,$0.05B,$0.02B,34.04%,$0.05B,$0.04B,93.62%,$0.05B,$0.04B,93.62%,$0.04B,$0.24B,19.71%,$0.04B,$0.24B,19.71%,$0.04B,$0.34B,12.06%,$0.02B,$0.32B,6.57%,$11,$2,$8,$0,$1,$6,$5,$4,$9,$0,$9,$9,$9,$4,$5,$11,11,$0.85,$0.85,$48,$0,$0,$308,$3,$0,$0,$24,$27,$335,$8,$76,$7,$83,$91,$36,$34,$27,$244,$335,$39,$-2,$-16,$-18,$0,$0,$0,$-1,$-4,$17,$1,$0,$0,$24,$24,$49,$-3,$46,$-124,$0,$-124,$-13,$-13,$0,$77,$-60,$3,$0,$0
45,2007-03-31,17.38,$22.80,0.76,$5.21,3.33,$5.65,3.08,$4.23,4.11,$0.35B,$0.01B,44.51,$0.11B,$0.25B,0.45,$0.05B,$0.03B,63.04%,$0.05B,$0.02B,47.83%,$0.05B,$0.02B,47.83%,$0.05B,$0.02B,36.96%,$0.05B,$0.04B,86.96%,$0.05B,$0.04B,86.96%,$0.04B,$0.25B,20.15%,$0.04B,$0.25B,20.15%,$0.04B,$0.38B,11.01%,$0.02B,$0.36B,6.31%,$11,$3,$8,$0,$2,$5,$6,$15,$21,$0,$21,$21,$21,$5,$6,$11,11,$1.88,$1.88,$59,$0,$0,$350,$3,$0,$0,$23,$26,$376,$8,$112,$7,$119,$127,$36,$31,$35,$249,$376,$29,$-2,$-13,$-15,$0,$0,$0,$-1,$-4,$11,$1,$0,$0,$19,$-10,$9,$2,$12,$-88,$0,$-88,$-7,$-7,$0,$77,$-18,$4,$0,$0
46,2006-12-31,15.6,$22.61,0.69,$5.24,2.98,$5.36,2.91,$2.87,5.43,$0.36B,$0.01B,34.05,$0.12B,$0.25B,0.49,$0.04B,$0.03B,60.47%,$0.04B,$0.02B,46.51%,$0.04B,$0.02B,46.51%,$0.04B,$0.02B,37.21%,$0.04B,$0.02B,53.49%,$0.04B,$0.02B,53.49%,$0.02B,$0.25B,13.39%,$0.02B,$0.25B,13.39%,$0.02B,$0.38B,6.72%,$0.02B,$0.37B,6.08%,$13,$5,$8,$0,$2,$7,$6,$2,$8,$0,$8,$8,$8,$5,$6,$9,9,$0.95,$0.95,$70,$0,$0,$362,$3,$0,$0,$15,$18,$380,$11,$119,$5,$124,$134,$36,$17,$48,$246,$380,$8,$-1,$2,$1,$0,$0,$0,$-1,$-1,$9,$1,$0,$0,$0,$-3,$-3,$0,$-2,$-81,$0,$-81,$-3,$-3,$0,$77,$-8,$-1,$0,$0
