,Date,Stock Price,Book Value per Share,Price to Book Ratio,TTM Sales per Share,Price to Sales Ratio,TTM FCF per Share,Price to FCF Ratio,TTM Net EPS,PE Ratio,Current Assets,Current Liabilities,Current Ratio,Long Term Debt,Shareholder's Equity_x,Debt to Equity Ratio,TTM Revenue_x,TTM Gross Profit,Gross Margin,TTM Revenue_y,TTM Operating Income,Operating Margin,TTM Revenue_x,TTM EBIT,EBIT Margin,TTM Revenue_y,TTM EBITDA,EBITDA Margin,TTM Revenue_x,TTM Pre-Tax Income,Pre-Tax Margin,TTM Revenue_y,TTM Net Income_x,Net Margin,TTM Net Income_y,Shareholder's Equity_y,Return on Equity,TTM Net Income_x,Tangible Equity,Return on Tangible Equity,TTM Net Income_y,Total Assets,Return on Assets,TTM Net Income,LT Investments & Debt,Return on Investment,revenue,cost-goods-sold,gross-profit,research-development-expenses,selling-general-administrative-expenses,operating-expenses,operating-income,total-non-operating-income-expense,pre-tax-income,total-provision-income-taxes,income-after-taxes,income-from-continuous-operations,net-income,ebitda,ebit,basic-shares-outstanding,shares-outstanding,eps-basic-net-earnings-per-share,eps-earnings-per-share-diluted,cash-on-hand,inventory,other-current-assets,total-current-assets,net-property-plant-equipment,long-term-investments,goodwill-intangible-assets-total,other-long-term-assets,total-long-term-assets,total-assets,total-current-liabilities,long-term-debt,other-non-current-liabilities,total-long-term-liabilities,total-liabilities,common-stock-net,retained-earnings-accumulated-deficit,comprehensive-income,total-share-holder-equity,total-liabilities-share-holders-equity,net-income-loss,total-depreciation-amortization-cash-flow,other-non-cash-items,total-non-cash-items,change-in-accounts-receivable,change-in-inventories,change-in-accounts-payable,change-in-assets-liabilities,total-change-in-assets-liabilities,cash-flow-from-operating-activities,net-change-in-property-plant-equipment,net-change-in-intangible-assets,net-acquisitions-divestitures,net-change-in-short-term-investments,net-change-in-long-term-investments,net-change-in-investments-total,investing-activities-other,cash-flow-from-investing-activities,net-long-term-debt,net-current-debt,debt-issuance-retirement-net-total,net-common-equity-issued-repurchased,net-total-equity-issued-repurchased,total-common-preferred-stock-dividends-paid,financial-activities-other,cash-flow-from-financial-activities,net-cash-flow,stock-based-compensation,common-stock-dividends-paid
0,2018-09-30,31.98,$9.96,3.21,$6.58,4.86,$2.94,10.88,$1.99,16.07,$54.95B,$31.14B,1.76,$14.97B,$4.69B,3.19,$3.00B,$2.11B,70.30%,$3.00B,$0.85B,28.37%,$3.00B,0,0.00%,$3.00B,0,0.00%,$3.00B,$0.85B,28.37%,$3.00B,$0.66B,22.08%,$0.66B,$4.69B,13.43%,$0.66B,$4.61B,13.70%,$0.66B,$57.04B,1.14%,$0.85B,$19.66B,4.93%,$1019,$322,$697,$0,$409,$761,$258,$0,$258,$60,$198,$198,$198,$0,$0,$429,429,$0.46,$0.46,$11194,$0,$0,$54945,$360,$49,$90,$1013,$2093,$57038,$31142,$14970,$6182,$21202,$52344,$1337,$457,$0,$4694,$57038,$656,$87,$-1421,$-1335,$222,$0,$0,$-1510,$-1287,$1233,$-56,$-23,$0,$0,$0,$0,$0,$-79,$-199,$0,$-199,$0,$0,$-635,$0,$-834,$382,$0,$-635
1,2018-06-30,31.43,$10.34,3.04,$6.27,5.01,$-2.04,0.0,$1.95,16.12,$57.67B,$33.30B,1.73,$15.32B,$4.87B,3.15,$2.95B,$2.16B,73.01%,$2.95B,$0.91B,30.71%,$2.95B,0,0.00%,$2.95B,0,0.00%,$2.95B,$0.90B,30.44%,$2.95B,$0.69B,23.20%,$0.69B,$4.87B,13.78%,$0.69B,$4.77B,14.06%,$0.69B,$60.14B,1.18%,$0.91B,$20.19B,5.37%,$1034,$317,$717,$0,$389,$736,$298,$0,$298,$61,$237,$237,$236,$0,$0,$471,471,$0.50,$0.50,$12182,$0,$0,$57668,$369,$48,$98,$1350,$2475,$60143,$33295,$15318,$6625,$21979,$55274,$1426,$342,$0,$4869,$60143,$491,$62,$-1029,$-967,$213,$0,$0,$-1735,$-1522,$550,$-23,$-16,$0,$0,$0,$0,$0,$-39,$-208,$0,$-208,$0,$0,$-678,$0,$-886,$-250,$0,$-678
2,2018-03-31,32.12,$11.59,2.77,$8.28,3.88,$-5.18,0.0,$1.93,16.64,$59.18B,$34.25B,1.73,$15.50B,$5.46B,2.84,$3.90B,$2.80B,71.85%,$3.90B,$1.15B,29.56%,$3.90B,0,0.00%,$3.90B,0,0.00%,$3.90B,$1.14B,29.33%,$3.90B,$0.89B,22.77%,$0.89B,$5.46B,18.31%,$0.89B,$5.36B,18.68%,$0.89B,$61.94B,1.58%,$1.15B,$20.96B,7.08%,$1076,$308,$768,$0,$401,$742,$334,$-0,$334,$76,$258,$258,$257,$0,$0,$471,471,$0.55,$0.55,$12370,$0,$0,$59178,$395,$48,$106,$1577,$2760,$61938,$34245,$15501,$6711,$22231,$56476,$1515,$852,$0,$5461,$61938,$258,$33,$-527,$-494,$261,$0,$0,$-282,$-22,$259,$-6,$-9,$0,$0,$0,$0,$0,$-14,$-7,$0,$-7,$0,$0,$0,$0,$-7,$209,$0,$0
3,2017-12-31,29.97,$10.02,2.99,$8.05,3.72,$-7.04,0.0,$1.86,16.11,$51.53B,$29.52B,1.75,$3.61B,$4.72B,0.77,$3.79B,$2.70B,71.06%,$3.79B,$1.09B,28.73%,$3.79B,0,0.00%,$3.79B,0,0.00%,$3.79B,$1.08B,28.47%,$3.79B,$0.85B,22.27%,$0.85B,$4.72B,18.33%,$0.85B,$4.63B,18.71%,$0.85B,$53.74B,1.56%,$1.09B,$8.33B,7.03%,$-126,$-56,$-71,$0,$-37,$-88,$-38,$1,$-38,$-0,$-37,$-37,$-28,$0,$0,$471,471,$-0.05,$-0.05,$11130,$0,$0,$51532,$364,$41,$95,$1147,$2203,$53735,$29523,$3612,$6288,$9914,$49014,$1337,$653,$0,$4722,$53735,$863,$117,$-1914,$-1797,$165,$0,$0,$-1831,$-1666,$-625,$-61,$-49,$0,$0,$-0,$-0,$0,$-110,$0,$0,$0,$0,$0,$-496,$0,$-496,$-1278,$0,$-496
4,2017-09-30,28.47,$10.25,2.78,$9.33,3.05,$-3.72,0.0,$1.75,16.27,$53.81B,$31.78B,1.69,$13.28B,$4.83B,2.75,$4.40B,$3.08B,70.11%,$4.40B,$1.24B,28.14%,$4.40B,0,0.00%,$4.40B,0,0.00%,$4.40B,$1.23B,27.92%,$4.40B,$0.96B,21.78%,$0.96B,$4.83B,21.85%,$0.96B,$4.74B,22.30%,$0.96B,$56.24B,1.81%,$1.24B,$18.11B,7.12%,$969,$227,$742,$0,$399,$656,$313,$-8,$305,$60,$245,$245,$220,$0,$0,$471,471,$0.47,$0.47,$10688,$0,$0,$53812,$363,$43,$95,$1321,$2432,$56244,$31780,$13282,$6342,$19635,$51415,$1426,$482,$0,$4829,$56244,$715,$89,$-1281,$-1192,$-9,$0,$0,$-1463,$-1471,$-1043,$-14,$-36,$0,$0,$0,$0,$0,$-50,$-13,$0,$-13,$0,$0,$-529,$0,$-542,$-1679,$0,$-529
5,2017-06-30,24.35,$9.31,2.61,$9.33,2.61,$-2.03,0.0,$1.68,14.5,$49.82B,$28.88B,1.73,$13.32B,$4.39B,3.03,$4.40B,$2.99B,68.02%,$4.40B,$1.15B,26.22%,$4.40B,0,0.00%,$4.40B,0,0.00%,$4.40B,$1.15B,26.18%,$4.40B,$0.92B,20.95%,$0.92B,$4.39B,21.74%,$0.92B,$4.30B,22.19%,$0.92B,$52.21B,1.76%,$1.15B,$17.70B,6.77%,$1981,$618,$1363,$0,$764,$1437,$544,$-1,$543,$103,$441,$441,$439,$0,$0,$471,471,$0.93,$0.93,$10289,$0,$0,$49824,$368,$38,$89,$1349,$2386,$52210,$28883,$13315,$5612,$18939,$47822,$1337,$307,$0,$4388,$52210,$441,$55,$-1187,$-1132,$56,$0,$0,$-919,$-863,$-931,$-20,$-18,$0,$0,$0,$0,$0,$-37,$0,$0,$0,$0,$0,$-496,$0,$-496,$-1457,$0,$-496
6,2017-03-31,23.02,$9.55,2.41,$7.20,3.2,$1.83,12.55,$1.57,14.66,$52.46B,$30.16B,1.74,$13.36B,$4.50B,2.97,$3.40B,$2.27B,66.71%,$3.40B,$0.82B,24.03%,$3.40B,0,0.00%,$3.40B,0,0.00%,$3.40B,$0.82B,24.00%,$3.40B,$0.66B,19.32%,$0.66B,$4.50B,15.75%,$0.66B,$4.41B,16.36%,$0.66B,$55.06B,1.24%,$0.82B,$17.85B,4.87%,$970,$308,$662,$0,$365,$699,$271,$-0,$270,$56,$215,$215,$214,$0,$0,$472,472,$0.45,$0.45,$12488,$0,$0,$52458,$374,$37,$89,$1553,$2605,$55063,$30163,$13355,$7029,$20402,$50565,$1337,$645,$0,$4498,$55063,$215,$26,$-333,$-307,$-480,$0,$0,$-1179,$-1659,$-617,$-6,$-9,$0,$0,$0,$0,$0,$-16,$-12,$0,$-12,$0,$0,$0,$0,$-12,$-689,$0,$0
7,2016-12-31,20.07,$8.11,2.48,$6.99,2.87,$1.27,15.8,$1.50,13.38,$46.13B,$26.90B,1.72,$12.02B,$3.82B,3.15,$3.30B,$2.19B,66.30%,$3.30B,$0.76B,23.15%,$3.30B,0,0.00%,$3.30B,0,0.00%,$3.30B,$0.76B,23.15%,$3.30B,$0.62B,18.76%,$0.62B,$3.82B,15.31%,$0.62B,$3.74B,15.89%,$0.62B,$48.14B,1.21%,$0.76B,$15.84B,4.84%,$479,$162,$317,$0,$190,$369,$110,$-0,$110,$25,$85,$85,$85,$0,$0,$471,471,$0.18,$0.18,$11789,$0,$0,$46129,$335,$31,$76,$1101,$2010,$48139,$26898,$12016,$5395,$17421,$44319,$1159,$482,$0,$3820,$48139,$622,$85,$-1493,$-1408,$-340,$0,$0,$-1219,$-1560,$957,$-80,$-35,$0,$0,$-1,$-1,$0,$-117,$0,$0,$0,$0,$0,$-438,$0,$-438,$207,$0,$-438
8,2016-09-30,18.99,$9.00,2.11,$7.68,2.47,$1.27,14.97,$1.40,13.56,$51.34B,$30.06B,1.71,$12.49B,$4.24B,2.95,$3.63B,$2.37B,65.33%,$3.63B,$0.78B,21.57%,$3.63B,0,0.00%,$3.63B,0,0.00%,$3.63B,$0.72B,19.88%,$3.63B,$0.65B,17.98%,$0.65B,$4.24B,15.98%,$0.65B,$4.15B,16.59%,$0.65B,$53.70B,1.27%,$0.78B,$16.72B,5.09%,$967,$319,$649,$0,$396,$739,$228,$-0,$228,$44,$184,$184,$183,$0,$0,$471,471,$0.39,$0.39,$12255,$0,$0,$51338,$351,$35,$85,$1367,$2362,$53700,$30060,$12485,$6898,$19401,$49462,$1337,$382,$0,$4239,$53700,$668,$70,$-1248,$-1178,$-399,$0,$0,$-1576,$-1974,$-225,$-37,$-31,$0,$0,$-2,$-2,$0,$-70,$-6,$0,$-6,$0,$0,$-505,$0,$-511,$-994,$0,$-505
9,2016-06-30,17.78,$8.76,2.03,$7.83,2.27,$2.05,8.68,$1.40,12.7,$51.50B,$30.51B,1.69,$12.55B,$4.13B,3.04,$3.70B,$2.42B,65.43%,$3.70B,$0.85B,22.96%,$3.70B,0,0.00%,$3.70B,0,0.00%,$3.70B,$0.70B,18.99%,$3.70B,$0.66B,17.72%,$0.66B,$4.13B,16.44%,$0.66B,$3.76B,17.06%,$0.66B,$54.19B,1.30%,$0.85B,$16.67B,5.90%,$984,$343,$640,$0,$409,$776,$208,$-0,$208,$32,$176,$176,$175,$0,$0,$474,474,$0.37,$0.37,$13090,$0,$0,$51498,$350,$33,$83,$1714,$2687,$54186,$30511,$12548,$7264,$19830,$50340,$1344,$255,$0,$4125,$54465,$440,$45,$-825,$-780,$-338,$0,$0,$-69,$-408,$896,$-20,$-21,$0,$0,$-2,$-2,$0,$-42,$-6,$0,$-6,$0,$0,$-505,$0,$-511,$122,$0,$-505
10,2016-03-31,16.84,$8.48,1.99,$7.94,2.12,$1.43,11.76,$1.50,11.22,$46.53B,$27.72B,1.68,$9.86B,$3.99B,2.47,$3.74B,$2.48B,66.27%,$3.74B,$0.93B,24.85%,$3.74B,0,0.00%,$3.74B,0,0.00%,$3.74B,$0.76B,20.22%,$3.74B,$0.70B,18.72%,$0.70B,$3.99B,17.62%,$0.70B,$3.92B,17.93%,$0.70B,$48.79B,1.41%,$0.93B,$13.86B,6.80%,$870,$288,$582,$0,$343,$652,$218,$-0,$218,$42,$176,$176,$176,$0,$0,$471,471,$0.37,$0.37,$11609,$0,$0,$46527,$328,$29,$72,$1376,$2260,$48787,$27723,$9862,$7199,$17071,$44794,$1248,$563,$0,$3993,$48787,$218,$20,$-466,$-446,$-29,$0,$0,$-1432,$-1462,$-882,$-5,$-7,$0,$0,$0,$0,$0,$-12,$-7,$0,$-7,$0,$0,$0,$0,$-7,$-1037,$0,$0
11,2015-12-31,15.35,$0.00,0.0,$7.92,1.94,$3.92,3.92,$1.43,10.73,$46.49B,$27.61B,1.68,$10.26B,$3.96B,2.59,$3.74B,$2.56B,68.56%,$3.74B,$0.99B,26.36%,$3.74B,0,0.00%,$3.74B,0,0.00%,$3.74B,$0.75B,19.99%,$3.74B,$0.68B,18.12%,$0.68B,$3.96B,16.76%,$0.68B,$3.89B,17.04%,$0.68B,$48.94B,1.35%,$0.99B,$14.22B,7.23%,$805,$307,$498,$0,$352,$677,$128,$0,$67,$-2,$68,$118,$118,$0,$0,$473,473,$0.25,$0.25,$11820,$0,$0,$46489,$610,$29,$72,$2007,$2718,$48937,$27605,$10264,$7109,$17372,$44978,$1259,$497,$0,$3960,$48937,$746,$76,$0,$76,$0,$0,$0,$0,$-1321,$972,$-92,$0,$0,$0,$0,$-0,$-39,$-131,$0,$0,$0,$0,$0,$-467,$0,$-467,$661,$0,$0
12,2015-09-30,15.85,$0.00,0.0,$9.13,1.74,$2.95,5.38,$1.66,9.55,$44.55B,$30.08B,1.48,$8.92B,$3.86B,2.32,$4.30B,$2.88B,66.84%,$4.30B,$1.08B,25.19%,$4.30B,0,0.00%,$4.30B,0,0.00%,$4.30B,$0.97B,22.44%,$4.30B,$0.59B,13.64%,$0.59B,$3.86B,13.85%,$0.59B,$3.79B,14.07%,$0.59B,$49.87B,1.14%,$1.08B,$12.78B,7.82%,$1038,$339,$699,$0,$386,$743,$295,$0,$209,$25,$183,$186,$186,$0,$0,$471,471,$0.39,$0.39,$9264,$0,$0,$44553,$0,$2760,$64,$2190,$5014,$49874,$30075,$8923,$7022,$15945,$46020,$1280,$367,$0,$3855,$49874,$621,$53,$0,$53,$0,$0,$0,$0,$-875,$145,$-39,$0,$0,$0,$0,$0,$-22,$-61,$0,$0,$-15,$0,$0,$-462,$0,$-477,$-185,$0,$0
13,2015-06-30,17.62,$0.00,0.0,$8.81,2.0,$2.78,6.33,$1.66,10.61,$48.44B,$33.89B,1.43,$9.73B,$4.09B,2.38,$4.15B,$2.76B,66.51%,$4.15B,$0.94B,22.65%,$4.15B,0,0.00%,$4.15B,0,0.00%,$4.15B,$0.92B,22.12%,$4.15B,$1.09B,26.22%,$1.09B,$4.09B,25.07%,$1.09B,$4.02B,25.44%,$1.09B,$50.76B,2.10%,$0.94B,$13.82B,6.67%,$1026,$326,$699,$0,$391,$737,$288,$0,$262,$34,$228,$220,$220,$0,$0,$467,467,$0.47,$0.47,$11634,$0,$0,$48439,$0,$30,$65,$1902,$1996,$50762,$33885,$9731,$3060,$12791,$46676,$1395,$369,$0,$4086,$50762,$471,$40,$0,$40,$0,$0,$0,$0,$0,$598,$-22,$0,$0,$0,$0,$0,$-13,$-35,$0,$0,$0,$0,$0,$-528,$-8,$-536,$93,$0,$0
14,2015-03-31,17.9,$0.00,0.0,$9.12,1.96,$0.48,37.09,$1.81,9.89,$46.26B,$34.89B,1.33,$9.41B,$4.26B,2.21,$4.31B,$2.88B,66.78%,$4.31B,$1.04B,24.09%,$4.31B,0,0.00%,$4.31B,0,0.00%,$4.31B,$0.99B,22.96%,$4.31B,$1.16B,26.88%,$1.16B,$4.26B,26.18%,$1.16B,$4.20B,26.62%,$1.16B,$50.66B,2.25%,$1.04B,$13.67B,7.29%,$868,$202,$666,$0,$373,$594,$274,$0,$209,$50,$159,$153,$153,$0,$0,$477,477,$0.32,$0.32,$9509,$0,$0,$46255,$0,$2465,$63,$1545,$4073,$50658,$34888,$9412,$2098,$11510,$46398,$1425,$880,$0,$4260,$50658,$209,$19,$0,$19,$0,$0,$0,$0,$0,$292,$-5,$0,$0,$0,$0,$0,$-4,$-9,$0,$0,$0,$0,$0,$0,$0,$0,$305,$0,$0
15,2014-12-31,16.28,$0.00,0.0,$9.89,1.65,$-1.05,0.0,$2.04,7.98,$50.10B,$38.45B,1.3,$10.41B,$4.76B,2.19,$4.66B,$3.02B,64.84%,$4.66B,$1.14B,24.51%,$4.66B,0,0.00%,$4.66B,0,0.00%,$4.66B,$1.08B,23.25%,$4.66B,$1.26B,27.11%,$1.26B,$4.76B,28.30%,$1.26B,$4.68B,28.86%,$1.26B,$54.96B,2.46%,$1.14B,$15.17B,8.04%,$1372,$559,$813,$0,$566,$1145,$227,$0,$286,$22,$264,$28,$28,$0,$0,$471,471,$0.48,$0.48,$10157,$0,$0,$50102,$0,$3005,$74,$1400,$4479,$54962,$38451,$10413,$1340,$11753,$50204,$1604,$2354,$0,$4757,$54962,$1083,$80,$0,$80,$0,$0,$0,$0,$-733,$524,$-106,$0,$0,$0,$0,$-11,$-49,$-167,$0,$0,$-16,$0,$0,$-477,$0,$-493,$-73,$0,$0
16,2014-09-30,18.24,$0.00,0.0,$9.92,1.84,$0.18,102.07,$2.27,8.04,$46.34B,$35.51B,1.31,$9.51B,$4.27B,2.23,$4.66B,$3.17B,68.10%,$4.66B,$1.44B,30.98%,$4.66B,0,0.00%,$4.66B,0,0.00%,$4.66B,$1.21B,25.96%,$4.66B,$1.57B,33.62%,$1.57B,$4.27B,35.21%,$1.57B,$4.22B,36.03%,$1.57B,$50.57B,3.06%,$1.44B,$13.79B,10.17%,$888,$303,$585,$0,$426,$737,$152,$0,$162,$-32,$195,$688,$688,$0,$0,$471,471,$0.39,$0.39,$9433,$0,$0,$46344,$0,$2801,$52,$1052,$3905,$50568,$35512,$9514,$1268,$10782,$46294,$1515,$490,$0,$4274,$50568,$762,$57,$0,$57,$0,$0,$0,$0,$-628,$76,$-46,$0,$0,$0,$0,$0,$-34,$-80,$0,$0,$0,$0,$0,$-451,$-13,$-463,$-399,$0,$0
17,2014-06-30,21.84,$0.00,0.0,$10.46,2.09,$2.85,7.67,$2.31,9.45,$45.95B,$34.22B,1.34,$9.88B,$4.40B,2.25,$4.92B,$3.27B,66.60%,$4.92B,$1.47B,29.84%,$4.92B,0,0.00%,$4.92B,0,0.00%,$4.92B,$1.29B,26.20%,$4.92B,$1.08B,21.95%,$1.08B,$4.40B,23.97%,$1.08B,$4.30B,24.63%,$1.08B,$49.75B,2.09%,$1.47B,$14.29B,10.30%,$1180,$367,$813,$0,$400,$794,$385,$0,$332,$45,$287,$289,$289,$0,$0,$471,471,$0.62,$0.62,$7716,$0,$0,$45947,$0,$2419,$107,$958,$3484,$49754,$34224,$9884,$1244,$11128,$45352,$1604,$380,$0,$4402,$49754,$635,$51,$0,$51,$0,$0,$0,$0,$0,$-504,$0,$0,$0,$0,$0,$0,$-49,$-49,$0,$0,$0,$0,$0,$-0,$-477,$-477,$3360,$0,$0
18,2014-03-31,18.57,$0.00,0.0,$10.04,1.85,$5.06,3.67,$2.05,9.06,$45.51B,$35.05B,1.3,$9.19B,$4.42B,2.08,$4.72B,$3.10B,65.66%,$4.72B,$1.21B,25.59%,$4.72B,0,0.00%,$4.72B,0,0.00%,$4.72B,$1.18B,25.00%,$4.72B,$0.96B,20.32%,$0.96B,$4.42B,21.13%,$0.96B,$4.31B,21.76%,$0.96B,$50.23B,1.83%,$1.21B,$13.61B,8.47%,$1219,$409,$810,$0,$407,$841,$378,$0,$303,$47,$256,$258,$258,$0,$0,$471,471,$0.55,$0.55,$8011,$0,$0,$45511,$0,$3338,$111,$955,$4404,$50234,$35051,$9188,$1578,$10767,$45818,$1604,$736,$0,$4417,$50234,$303,$24,$0,$24,$0,$0,$0,$0,$127,$-434,$-5,$0,$0,$0,$0,$-5,$0,$-10,$0,$0,$0,$0,$0,$0,$-0,$-0,$-432,$0,$0
19,2013-12-31,18.67,$0.00,0.0,$9.69,1.93,$5.68,3.29,$1.86,10.04,$48.86B,$37.63B,1.3,$10.40B,$4.71B,2.21,$4.56B,$2.97B,65.17%,$4.56B,$1.01B,22.03%,$4.56B,0,0.00%,$4.56B,0,0.00%,$4.56B,$1.08B,23.63%,$4.56B,$0.87B,19.11%,$0.87B,$4.71B,18.94%,$0.87B,$4.58B,19.55%,$0.87B,$54.03B,1.64%,$1.01B,$15.11B,6.96%,$1374,$408,$966,$0,$412,$845,$529,$0,$413,$80,$333,$332,$332,$0,$0,$467,467,$0.71,$0.71,$7950,$0,$0,$48855,$0,$3421,$133,$1264,$4819,$54034,$37628,$10397,$1300,$11697,$49325,$1783,$619,$0,$4708,$54034,$1077,$122,$0,$122,$0,$0,$0,$0,$-1811,$1071,$-81,$0,$0,$0,$0,$178,$-37,$60,$0,$0,$282,$0,$0,$-481,$-63,$-262,$828,$0,$0
20,2013-09-30,20.82,$0.00,0.0,$11.22,1.86,$-1.72,0.0,$1.65,12.62,$47.09B,$36.96B,1.27,$9.50B,$4.48B,2.12,$5.30B,$3.69B,69.76%,$5.30B,$1.58B,29.82%,$5.30B,0,0.00%,$5.30B,0,0.00%,$5.30B,$0.86B,16.17%,$5.30B,$0.78B,14.67%,$0.78B,$4.48B,17.02%,$0.78B,$4.35B,17.62%,$0.78B,$52.09B,1.48%,$1.58B,$13.98B,11.11%,$1143,$458,$685,$0,$478,$968,$175,$0,$240,$37,$203,$200,$200,$0,$0,$471,471,$0.43,$0.43,$7331,$0,$0,$47094,$0,$3356,$130,$1187,$4673,$52091,$36962,$9502,$1146,$10648,$47610,$1783,$375,$0,$4481,$52091,$644,$93,$0,$93,$0,$0,$0,$0,$1987,$1320,$-33,$0,$0,$0,$0,$-3,$-16,$-51,$0,$0,$-75,$0,$0,$-481,$0,$-556,$700,$0,$0
21,2013-06-30,19.37,$0.00,0.0,$11.04,1.75,$-8.37,0.0,$1.45,13.36,$48.37B,$38.10B,1.27,$9.82B,$4.55B,2.16,$5.21B,$3.71B,71.26%,$5.21B,$1.54B,29.64%,$5.21B,0,0.00%,$5.21B,0,0.00%,$5.21B,$0.75B,14.46%,$5.21B,$0.68B,13.13%,$0.68B,$4.55B,15.05%,$0.68B,$4.40B,15.61%,$0.68B,$53.55B,1.30%,$1.54B,$14.36B,10.85%,$984,$347,$638,$0,$480,$859,$126,$0,$224,$43,$181,$169,$169,$0,$0,$471,471,$0.36,$0.36,$7773,$0,$0,$48367,$0,$3221,$149,$1479,$4849,$53554,$38097,$9819,$1093,$10912,$49009,$1872,$245,$0,$4545,$53554,$424,$65,$0,$65,$0,$0,$0,$0,$-949,$558,$-21,$0,$0,$0,$0,$0,$-7,$-28,$0,$0,$-82,$0,$0,$-505,$0,$-587,$-67,$0,$0
22,2013-03-31,21.68,$0.00,0.0,$11.32,1.92,$-10.72,0.0,$1.53,14.18,$46.36B,$36.47B,1.27,$9.66B,$4.68B,2.06,$5.37B,$3.81B,71.05%,$5.37B,$1.69B,31.54%,$5.37B,0,0.00%,$5.37B,0,0.00%,$5.37B,$0.77B,14.35%,$5.37B,$0.73B,13.53%,$0.73B,$4.68B,16.36%,$0.73B,$4.52B,16.98%,$0.73B,$52.48B,1.40%,$1.69B,$14.34B,12.22%,$1061,$377,$684,$0,$476,$886,$175,$0,$201,$30,$171,$171,$171,$0,$0,$475,475,$0.36,$0.36,$7129,$0,$0,$46363,$0,$3951,$162,$1666,$5779,$52478,$36465,$9660,$1672,$11332,$47797,$1872,$690,$0,$4681,$52478,$201,$33,$0,$33,$0,$0,$0,$0,$-702,$-143,$-6,$0,$0,$0,$0,$0,$-0,$-6,$0,$0,$-42,$0,$0,$0,$0,$-42,$-200,$0,$0
23,2012-12-31,21.7,$0.00,0.0,$11.78,1.84,$-10.41,0.0,$1.69,12.85,$45.83B,$36.24B,1.27,$9.60B,$4.56B,2.11,$5.57B,$3.91B,70.19%,$5.57B,$1.80B,32.33%,$5.57B,0,0.00%,$5.57B,0,0.00%,$5.57B,$0.85B,15.30%,$5.57B,$0.80B,14.35%,$0.80B,$4.56B,18.40%,$0.80B,$4.37B,19.12%,$0.80B,$52.00B,1.56%,$1.80B,$14.16B,12.29%,$2107,$420,$1687,$0,$548,$1004,$1103,$0,$191,$0,$191,$237,$237,$0,$0,$471,471,$0.50,$0.50,$7159,$0,$0,$45834,$0,$3851,$183,$1791,$5825,$51999,$36238,$9600,$1605,$11205,$47443,$1872,$815,$0,$4557,$51999,$852,$118,$0,$118,$0,$0,$0,$0,$-1477,$-2423,$-63,$0,$0,$0,$0,$1,$-89,$-151,$0,$0,$0,$0,$0,$-548,$-9,$-557,$-3139,$0,$0
24,2012-09-30,21.47,$0.00,0.0,$9.00,2.39,$1.73,12.43,$1.60,13.38,$46.37B,$36.63B,1.27,$9.65B,$4.39B,2.2,$4.26B,$2.47B,57.99%,$4.26B,$0.11B,2.58%,$4.26B,0,0.00%,$4.26B,0,0.00%,$4.26B,$0.42B,9.88%,$4.26B,$0.76B,17.79%,$0.76B,$4.39B,18.13%,$0.76B,$4.24B,18.83%,$0.76B,$52.37B,1.51%,$0.11B,$14.04B,0.77%,$1057,$354,$703,$0,$534,$917,$140,$0,$137,$26,$111,$107,$107,$0,$0,$471,471,$0.23,$0.23,$8443,$0,$0,$46371,$0,$3650,$158,$1879,$5687,$52374,$36634,$9650,$1698,$11348,$47982,$1872,$404,$0,$4393,$52374,$680,$85,$0,$85,$0,$0,$0,$0,$-1114,$-1823,$-26,$0,$0,$0,$0,$1,$-41,$-66,$0,$0,$-53,$0,$0,$-557,$0,$-610,$6239,$0,$0
25,2012-06-30,22.72,$0.00,0.0,$9.36,2.43,$5.65,4.02,$1.68,13.5,$45.04B,$36.18B,1.25,$8.70B,$4.12B,2.11,$4.43B,$2.63B,59.36%,$4.43B,$0.34B,7.77%,$4.43B,0,0.00%,$4.43B,0,0.00%,$4.43B,$0.46B,10.46%,$4.43B,$0.80B,17.98%,$0.80B,$4.12B,19.77%,$0.80B,$3.97B,20.56%,$0.80B,$50.60B,1.61%,$0.34B,$12.82B,2.46%,$1140,$402,$738,$0,$435,$866,$274,$0,$241,$28,$213,$211,$211,$0,$0,$481,481,$0.44,$0.44,$9034,$0,$0,$45037,$0,$3558,$147,$1553,$5257,$50598,$36178,$8703,$1597,$10300,$46478,$1783,$2164,$0,$4120,$50598,$517,$53,$0,$53,$0,$0,$0,$0,$-181,$-563,$-17,$0,$0,$0,$0,$0,$-17,$-35,$0,$0,$-38,$0,$0,$-531,$0,$-568,$-1182,$0,$0
26,2012-03-31,24.35,$0.00,0.0,$9.39,2.59,$5.22,4.67,$1.88,12.93,$39.94B,$31.46B,1.27,$13.24B,$4.30B,3.08,$4.42B,$2.58B,58.33%,$4.42B,$0.53B,12.01%,$4.42B,0,0.00%,$4.42B,0,0.00%,$4.42B,$0.56B,12.69%,$4.42B,$0.89B,20.07%,$0.89B,$4.30B,22.22%,$0.89B,$4.14B,23.11%,$0.89B,$50.30B,1.78%,$0.53B,$17.54B,3.75%,$1264,$485,$780,$0,$472,$981,$283,$0,$283,$39,$244,$244,$244,$0,$0,$470,470,$0.52,$0.52,$4126,$0,$0,$39940,$0,$5435,$163,$4445,$10042,$50303,$31463,$13242,$1296,$14539,$46001,$1825,$2331,$0,$4301,$50303,$0,$0,$0,$0,$0,$0,$0,$0,$0,$0,$0,$0,$0,$0,$0,$0,$0,$0,$0,$0,$0,$0,$0,$0,$0,$0,$0,$0,$0
27,2011-12-31,21.41,$0.00,0.0,$9.68,2.21,$5.22,4.11,$1.88,11.4,$39.21B,$33.02B,1.19,$8.89B,$3.91B,2.27,$4.55B,$2.88B,63.31%,$4.55B,$0.99B,21.65%,$4.55B,0,0.00%,$4.55B,0,0.00%,$4.55B,$1.02B,22.31%,$4.55B,$0.88B,19.41%,$0.88B,$3.91B,22.48%,$0.88B,$3.76B,23.38%,$0.88B,$47.38B,1.79%,$0.99B,$12.80B,7.47%,$800,$551,$250,$0,$779,$1387,$-587,$0,$-240,$34,$-274,$196,$196,$0,$0,$471,471,$0.42,$0.42,$6712,$0,$0,$39212,$0,$3209,$155,$4505,$7870,$47376,$33021,$8885,$1559,$10444,$43465,$1713,$2029,$0,$3911,$47376,$1016,$112,$0,$112,$0,$0,$0,$0,$4109,$3269,$-38,$0,$0,$0,$0,$0,$-72,$-109,$0,$0,$0,$0,$0,$-601,$-7,$-608,$2403,$0,$0
28,2011-09-30,20.78,$0.00,0.0,$9.53,2.18,$-1.88,0.0,$1.89,11.0,$38.25B,$30.64B,1.25,$9.01B,$3.77B,2.39,$4.49B,$3.10B,69.14%,$4.49B,$1.86B,41.54%,$4.49B,0,0.00%,$4.49B,0,0.00%,$4.49B,$1.55B,34.47%,$4.49B,$0.89B,19.82%,$0.89B,$3.77B,22.66%,$0.89B,$3.62B,23.57%,$0.89B,$49.31B,1.83%,$1.86B,$12.78B,14.16%,$1223,$363,$860,$0,$486,$849,$374,$0,$179,$32,$147,$145,$145,$0,$0,$470,470,$0.31,$0.31,$5060,$0,$0,$38251,$0,$39,$149,$10575,$10763,$49308,$30635,$9006,$5896,$14902,$45537,$0,$1993,$0,$3771,$49308,$0,$0,$0,$0,$0,$0,$0,$0,$0,$0,$0,$0,$0,$0,$0,$0,$0,$0,$0,$0,$0,$0,$0,$0,$0,$0,$0,$0,$0
29,2011-06-30,26.53,$0.00,0.0,$9.09,2.92,$-1.88,0.0,$2.13,12.46,$43.84B,$36.61B,1.2,$9.52B,$3.99B,2.39,$4.29B,$3.02B,70.42%,$4.29B,$1.78B,41.49%,$4.29B,0,0.00%,$4.29B,0,0.00%,$4.29B,$1.66B,38.65%,$4.29B,$1.00B,23.38%,$1.00B,$3.99B,25.79%,$1.00B,$3.83B,26.83%,$1.00B,$51.81B,2.11%,$1.78B,$13.51B,13.77%,$1133,$445,$688,$0,$199,$671,$461,$0,$339,$41,$299,$302,$302,$0,$0,$473,473,$0.64,$0.64,$8130,$0,$0,$43838,$0,$5534,$152,$1968,$7654,$51807,$36611,$9523,$1688,$11211,$47822,$1872,$1956,$0,$3985,$51807,$643,$55,$0,$55,$0,$0,$0,$0,$-382,$-780,$2,$0,$0,$0,$0,$0,$-23,$-21,$0,$0,$120,$0,$0,$-601,$0,$-481,$-1364,$0,$0
30,2011-03-31,23.65,$0.00,0.0,$8.81,2.68,$-0.24,0.0,$2.03,11.63,$40.14B,$30.57B,1.31,$9.67B,$4.06B,2.38,$4.15B,$3.08B,74.08%,$4.15B,$1.64B,39.56%,$4.15B,0,0.00%,$4.15B,0,0.00%,$4.15B,$1.64B,39.56%,$4.15B,$0.96B,23.01%,$0.96B,$4.06B,33.01%,$0.96B,$3.91B,39.14%,$0.96B,$49.34B,2.29%,$1.64B,$13.74B,17.20%,$1398,$314,$1085,$0,$318,$660,$738,$0,$738,$56,$683,$241,$241,$0,$0,$469,469,$0.52,$0.52,$5911,$0,$0,$40139,$0,$42,$154,$8686,$8881,$49338,$30574,$9672,$5028,$14700,$45274,$0,$2280,$0,$4064,$49338,$0,$0,$0,$0,$0,$0,$0,$0,$0,$0,$0,$0,$0,$0,$0,$0,$0,$0,$0,$0,$0,$0,$0,$0,$0,$0,$0,$0,$0
31,2010-12-31,25.48,$0.00,0.0,$7.68,3.32,$-0.24,0.0,$2.00,12.75,$39.23B,$30.46B,1.29,$8.71B,$3.88B,2.25,$3.63B,$2.68B,73.90%,$3.63B,$1.19B,32.72%,$3.63B,0,0.00%,$3.63B,0,0.00%,$3.63B,$1.19B,32.72%,$3.63B,$0.94B,25.96%,$0.94B,$3.88B,34.42%,$0.94B,$3.72B,41.22%,$0.94B,$44.18B,2.38%,$1.19B,$12.59B,17.02%,$731,$263,$468,$0,$153,$441,$290,$0,$290,$93,$196,$201,$201,$0,$0,$471,471,$0.43,$0.43,$8623,$0,$0,$39227,$0,$2963,$156,$1526,$4645,$44181,$30457,$8714,$1134,$9848,$40305,$1783,$1937,$0,$3876,$44181,$1186,$99,$0,$99,$0,$0,$0,$0,$508,$-128,$17,$0,$0,$0,$0,$-0,$-57,$-40,$0,$0,$0,$0,$0,$-518,$0,$-518,$-799,$0,$0
32,2010-09-30,26.32,$0.00,0.0,$7.10,3.71,$5.06,5.2,$2.14,12.27,$34.91B,$26.99B,1.29,$8.23B,$3.63B,2.26,$3.36B,$2.53B,75.39%,$3.36B,$1.12B,33.46%,$3.36B,0,0.00%,$3.36B,0,0.00%,$3.36B,$1.12B,33.46%,$3.36B,$1.01B,30.13%,$1.01B,$3.63B,40.04%,$1.01B,$3.49B,48.64%,$1.01B,$44.74B,2.67%,$1.12B,$11.86B,19.04%,$1028,$248,$780,$0,$465,$736,$291,$0,$291,$29,$262,$259,$259,$0,$0,$474,474,$0.55,$0.55,$4151,$0,$0,$34908,$0,$149,$145,$9205,$9499,$44739,$26989,$8228,$5827,$14116,$41105,$0,$1819,$0,$3633,$44739,$0,$0,$0,$0,$0,$0,$0,$0,$0,$0,$0,$0,$0,$0,$0,$0,$0,$0,$0,$0,$0,$0,$0,$0,$0,$0,$0,$0,$0
33,2010-06-30,18.29,$0.00,0.0,$6.55,2.79,$5.06,3.61,$2.02,9.03,$28.39B,$29.75B,0.95,$0.00B,$0.00B,0.0,$3.12B,$2.41B,77.41%,$3.12B,$1.10B,35.23%,$3.12B,0,0.00%,$3.12B,0,0.00%,$3.12B,$1.10B,35.23%,$3.12B,$0.96B,30.83%,$0.96B,$0.00B,41.10%,$0.96B,$-1.36B,50.63%,$0.96B,$28.39B,2.70%,$1.10B,$0.00B,22.45%,$994,$252,$742,$0,$393,$671,$323,$0,$323,$48,$275,$254,$254,$0,$0,$471,471,$0.54,$0.54,$0,$0,$0,$28390,$0,$0,$0,$0,$0,$28390,$29749,$0,$0,$0,$29749,$0,$0,$0,$0,$29749,$0,$0,$0,$0,$0,$0,$0,$0,$0,$0,$0,$0,$0,$0,$0,$0,$0,$0,$0,$0,$0,$0,$0,$0,$0,$0,$0,$0,$0
34,2010-03-31,17.88,$0.00,0.0,$6.42,2.79,$5.06,3.53,$1.91,9.34,$31.18B,$28.30B,1.1,$0.00B,$3.43B,0.0,$3.04B,$2.36B,77.73%,$3.04B,$1.04B,34.08%,$3.04B,0,0.00%,$3.04B,0,0.00%,$3.04B,$1.04B,34.08%,$3.04B,$0.91B,29.84%,$0.91B,$3.43B,29.38%,$0.91B,$3.28B,30.73%,$0.91B,$40.90B,2.37%,$1.04B,$3.43B,14.91%,$872,$184,$689,$0,$382,$591,$282,$0,$282,$0,$282,$227,$227,$0,$0,$472,472,$0.48,$0.48,$3745,$0,$0,$31179,$0,$22,$145,$9194,$9360,$40899,$28295,$0,$9178,$9178,$37473,$0,$1979,$0,$3426,$40899,$0,$0,$0,$0,$0,$0,$0,$0,$0,$0,$0,$0,$0,$0,$0,$0,$0,$0,$0,$0,$0,$0,$0,$0,$0,$0,$0,$0,$0
35,2009-12-31,16.97,$0.00,0.0,$6.27,2.71,$5.06,3.35,$1.71,9.91,$32.62B,$28.01B,1.17,$5.26B,$3.04B,1.73,$2.96B,$2.35B,79.28%,$2.96B,$0.95B,31.97%,$2.96B,0,0.00%,$2.96B,0,0.00%,$2.96B,$0.95B,31.97%,$2.96B,$0.81B,27.41%,$0.81B,$3.04B,27.02%,$0.81B,$2.90B,28.27%,$0.81B,$37.39B,2.14%,$0.95B,$8.31B,11.56%,$462,$143,$319,$0,$77,$235,$227,$0,$227,$39,$188,$271,$271,$0,$0,$473,473,$0.57,$0.57,$8492,$0,$0,$32616,$0,$3308,$139,$998,$4444,$37391,$28005,$5264,$1080,$6344,$34349,$1604,$1339,$0,$3042,$37391,$946,$84,$0,$84,$0,$0,$0,$0,$2785,$2382,$10,$0,$0,$0,$0,$0,$-61,$-51,$0,$0,$0,$0,$10,$-393,$74,$-310,$2138,$0,$0
36,2009-09-30,15.08,$0.00,0.0,$6.14,2.45,0,0.0,$1.40,10.76,$26.59B,$23.04B,1.15,$4.94B,$2.89B,1.71,$2.89B,$2.29B,79.07%,$2.89B,$0.73B,25.40%,$2.89B,0,0.00%,$2.89B,0,0.00%,$2.89B,$0.73B,25.40%,$2.89B,$0.66B,22.87%,$0.66B,$2.89B,23.14%,$0.66B,$2.77B,24.21%,$0.66B,$35.66B,1.79%,$0.73B,$7.83B,9.47%,$789,$125,$663,$0,$373,$523,$266,$0,$266,$45,$221,$209,$209,$0,$0,$489,489,$0.43,$0.43,$2388,$0,$0,$26585,$0,$42,$118,$8579,$8740,$35664,$23040,$4943,$4796,$9739,$32779,$0,$893,$0,$2885,$35664,$0,$0,$0,$0,$0,$0,$0,$0,$0,$0,$0,$0,$0,$0,$0,$0,$0,$0,$0,$0,$0,$0,$0,$0,$0,$0,$0,$0,$0
37,2009-06-30,12.23,$0.00,0.0,$6.65,1.84,0,0.0,$1.34,9.11,$29.03B,$25.20B,1.15,$5.25B,$2.99B,1.75,$3.21B,$2.06B,64.12%,$3.21B,$0.68B,21.15%,$3.21B,0,0.00%,$3.21B,0,0.00%,$3.21B,$0.68B,21.15%,$3.21B,$0.65B,20.12%,$0.65B,$2.99B,23.00%,$0.65B,$2.86B,24.11%,$0.65B,$38.81B,1.75%,$0.68B,$8.24B,8.99%,$917,$224,$692,$0,$407,$656,$261,$0,$261,$44,$217,$200,$200,$0,$0,$463,463,$0.43,$0.43,$2737,$0,$0,$29028,$0,$14,$139,$9249,$9402,$38811,$25204,$5245,$5307,$10613,$35817,$0,$1350,$0,$2994,$38811,$0,$0,$0,$0,$0,$0,$0,$0,$0,$0,$0,$0,$0,$0,$0,$0,$0,$0,$0,$0,$0,$0,$0,$0,$0,$0,$0,$0,$0
38,2009-03-31,8.5,$0.00,0.0,$7.00,1.21,0,0.0,$1.23,6.9,$29.69B,$26.39B,1.13,$5.27B,$3.09B,1.71,$3.39B,$1.93B,56.98%,$3.39B,$0.60B,17.67%,$3.39B,0,0.00%,$3.39B,0,0.00%,$3.39B,$0.60B,17.67%,$3.39B,$0.60B,17.59%,$0.60B,$3.09B,22.04%,$0.60B,$2.95B,23.09%,$0.60B,$39.97B,1.64%,$0.60B,$8.35B,8.22%,$791,$119,$672,$0,$460,$600,$192,$0,$192,$33,$159,$131,$131,$0,$0,$464,464,$0.28,$0.28,$2184,$0,$0,$29689,$0,$29,$136,$9726,$9892,$39974,$26387,$5265,$5179,$10500,$36888,$0,$1562,$0,$3086,$39974,$0,$0,$0,$0,$0,$0,$0,$0,$0,$0,$0,$0,$0,$0,$0,$0,$0,$0,$0,$0,$0,$0,$0,$0,$0,$0,$0,$0,$0
39,2008-12-31,8.67,$0.00,0.0,$7.93,1.09,0,0.0,$1.32,6.59,$26.00B,$20.04B,1.3,$4.14B,$2.46B,1.68,$3.69B,$1.87B,50.75%,$3.69B,$0.62B,16.72%,$3.69B,0,0.00%,$3.69B,0,0.00%,$3.69B,$0.62B,16.72%,$3.69B,$0.62B,16.72%,$0.62B,$2.46B,22.57%,$0.62B,$2.35B,23.64%,$0.62B,$32.96B,1.68%,$0.62B,$6.60B,10.28%,$393,$135,$258,$0,$238,$378,$15,$0,$15,$1,$14,$121,$121,$0,$0,$462,462,$0.26,$0.26,$3668,$0,$0,$25998,$0,$2624,$114,$3821,$6559,$32962,$20037,$4135,$6291,$10464,$30502,$0,$644,$0,$2461,$32962,$0,$0,$0,$0,$0,$0,$0,$0,$0,$0,$0,$0,$0,$0,$0,$0,$0,$0,$0,$0,$0,$0,$0,$0,$0,$0,$0,$0,$0
40,2008-09-30,10.59,$0.00,0.0,$9.79,1.08,0,0.0,$1.36,7.79,$28.56B,$24.16B,1.18,$4.29B,$2.67B,1.61,$4.56B,$2.30B,50.37%,$4.56B,$0.80B,17.54%,$4.56B,0,0.00%,$4.56B,0,0.00%,$4.56B,$0.80B,17.54%,$4.56B,$0.64B,13.98%,$0.64B,$2.67B,22.44%,$0.64B,$2.55B,23.21%,$0.64B,$35.46B,1.69%,$0.80B,$6.97B,12.17%,$1104,$672,$433,$0,$197,$894,$210,$0,$210,$36,$175,$193,$193,$0,$0,$522,522,$0.37,$0.37,$4089,$0,$0,$28564,$0,$2550,$126,$3763,$6439,$35463,$24155,$4294,$4297,$8634,$32789,$0,$1249,$0,$2674,$35463,$0,$0,$0,$0,$0,$0,$0,$0,$0,$0,$0,$0,$0,$0,$0,$0,$0,$0,$0,$0,$0,$0,$0,$0,$0,$0,$0,$0,$0
41,2008-06-30,10.65,$0.00,0.0,$9.70,1.1,0,0.0,$1.34,7.92,$27.67B,$27.25B,1.02,$4.62B,$2.60B,1.78,$4.42B,$2.32B,52.51%,$4.42B,$0.79B,17.74%,$4.42B,0,0.00%,$4.42B,0,0.00%,$4.42B,$0.79B,17.74%,$4.42B,$0.61B,13.88%,$0.61B,$2.60B,21.70%,$0.61B,$2.48B,22.20%,$0.61B,$36.70B,1.66%,$0.79B,$7.22B,11.30%,$1101,$533,$568,$0,$362,$920,$182,$0,$182,$29,$153,$151,$151,$0,$0,$472,472,$0.32,$0.32,$2462,$0,$0,$27668,$0,$36,$118,$8400,$8554,$36701,$27251,$4624,$2186,$6853,$34104,$0,$1200,$0,$2597,$36701,$0,$0,$0,$0,$0,$0,$0,$0,$0,$0,$0,$0,$0,$0,$0,$0,$0,$0,$0,$0,$0,$0,$0,$0,$0,$0,$0,$0,$0
42,2008-03-31,12.31,$0.00,0.0,$9.10,1.35,0,0.0,$1.35,9.14,$30.93B,$27.78B,1.11,$0.00B,$3.18B,0.0,$4.10B,$2.18B,53.11%,$4.10B,$0.78B,19.06%,$4.10B,0,0.00%,$4.10B,0,0.00%,$4.10B,$0.78B,19.06%,$4.10B,$0.61B,14.82%,$0.61B,$3.18B,22.02%,$0.61B,$3.05B,22.28%,$0.61B,$41.49B,1.72%,$0.78B,$3.18B,11.29%,$1087,$476,$611,$0,$376,$878,$209,$0,$209,$35,$174,$151,$151,$0,$0,$414,414,$0.37,$0.37,$2902,$0,$0,$30933,$0,$25,$132,$9837,$9994,$41490,$27780,$0,$10478,$10526,$38306,$0,$1631,$0,$3184,$41490,$0,$0,$0,$0,$0,$0,$0,$0,$0,$0,$0,$0,$0,$0,$0,$0,$0,$0,$0,$0,$0,$0,$0,$0,$0,$0,$0,$0,$0
43,2007-12-31,12.01,$0.00,0.0,$7.77,1.55,0,0.0,$1.27,9.48,$31.33B,$22.16B,1.41,$5.98B,$2.90B,2.06,$3.67B,$1.98B,53.86%,$3.67B,$0.73B,20.01%,$3.67B,0,0.00%,$3.67B,0,0.00%,$3.67B,$0.73B,20.01%,$3.67B,$0.60B,16.38%,$0.60B,$2.90B,23.33%,$0.60B,$2.90B,23.33%,$0.60B,$36.75B,1.86%,$0.73B,$8.88B,9.58%,$1264,$581,$683,$0,$456,$1066,$198,$0,$198,$29,$170,$142,$142,$0,$0,$465,465,$0.30,$0.30,$4633,$0,$0,$31329,$0,$1655,$0,$3270,$4925,$36753,$22161,$5983,$4792,$10816,$33852,$0,$0,$0,$2900,$36753,$0,$0,$0,$0,$0,$0,$0,$0,$0,$0,$0,$0,$0,$0,$0,$0,$0,$0,$0,$0,$0,$0,$0,$0,$0,$0,$0,$0,$0
44,2007-09-30,11.91,$0.00,0.0,$6.20,1.92,$1.54,7.74,$1.21,9.89,$27.94B,$19.65B,1.42,$5.86B,$2.64B,2.22,$2.98B,$1.63B,54.54%,$2.98B,$0.69B,23.13%,$2.98B,0,0.00%,$2.98B,0,0.00%,$2.98B,$0.69B,23.13%,$2.98B,$0.58B,19.48%,$0.58B,$2.64B,23.78%,$0.58B,$2.64B,23.78%,$0.58B,$32.74B,1.93%,$0.69B,$8.49B,9.93%,$972,$511,$461,$0,$241,$776,$196,$0,$196,$29,$166,$170,$170,$0,$0,$481,481,$0.35,$0.35,$3359,$0,$0,$27941,$0,$1674,$0,$2661,$4335,$32744,$19652,$5858,$3636,$9532,$30109,$0,$0,$0,$2635,$32744,$0,$0,$0,$0,$0,$0,$0,$0,$0,$0,$0,$0,$0,$0,$0,$0,$0,$0,$0,$0,$0,$0,$0,$0,$0,$0,$0,$0,$0
45,2007-06-30,11.67,$0.00,0.0,$5.63,2.07,$1.54,7.58,$1.16,10.04,$26.66B,$19.25B,1.39,$4.82B,$2.33B,2.07,$2.75B,$1.58B,57.32%,$2.75B,$0.67B,24.35%,$2.75B,0,0.00%,$2.75B,0,0.00%,$2.75B,$0.67B,24.35%,$2.75B,$0.57B,20.76%,$0.57B,$2.33B,24.45%,$0.57B,$2.33B,24.45%,$0.57B,$30.73B,1.99%,$0.67B,$7.15B,10.46%,$780,$356,$424,$0,$225,$601,$179,$0,$179,$26,$153,$145,$145,$0,$0,$448,448,$0.32,$0.32,$3283,$0,$0,$26655,$0,$1288,$0,$2359,$3648,$30733,$19250,$4820,$3382,$8236,$28405,$0,$0,$0,$2328,$30733,$0,$0,$0,$0,$0,$0,$0,$0,$0,$0,$0,$0,$0,$0,$0,$0,$0,$0,$0,$0,$0,$0,$0,$0,$0,$0,$0,$0,$0
46,2007-03-31,11.33,$0.00,0.0,$3.89,2.92,$1.54,7.36,$0.84,13.5,$25.70B,$18.53B,1.39,$3.67B,$2.44B,1.5,$2.65B,$1.53B,57.58%,$2.65B,$0.67B,25.19%,$2.65B,0,0.00%,$2.65B,0,0.00%,$2.65B,$0.67B,25.19%,$2.65B,$0.57B,21.61%,$0.57B,$2.44B,25.48%,$0.57B,$2.44B,25.48%,$0.57B,$28.80B,2.06%,$0.67B,$6.12B,10.44%,$653,$246,$408,$0,$229,$493,$161,$0,$161,$27,$134,$144,$144,$0,$0,$507,507,$0.29,$0.29,$3436,$0,$0,$25699,$0,$682,$0,$2006,$2688,$28799,$18525,$3673,$3181,$6887,$26357,$0,$134,$0,$2442,$28799,$0,$0,$0,$0,$0,$0,$0,$0,$0,$0,$0,$0,$0,$0,$0,$0,$0,$0,$0,$0,$0,$0,$0,$0,$0,$0,$0,$0,$0
47,2006-12-31,10.94,$0.00,0.0,$2.60,4.21,$1.54,7.11,$0.55,19.74,$26.13B,$18.83B,1.39,$3.67B,$2.37B,1.55,$2.54B,$1.48B,58.09%,$2.54B,$0.65B,25.76%,$2.54B,0,0.00%,$2.54B,0,0.00%,$2.54B,$0.65B,25.76%,$2.54B,$0.55B,21.70%,$0.55B,$2.37B,24.88%,$0.55B,$2.37B,24.88%,$0.55B,$28.20B,1.99%,$0.65B,$6.04B,9.72%,$578,$244,$334,$0,$160,$424,$154,$0,$154,$26,$128,$122,$122,$0,$0,$502,502,$0.24,$0.24,$4057,$0,$0,$26125,$0,$668,$0,$969,$1637,$28203,$18825,$3672,$2330,$6004,$25836,$1448,$543,$0,$2366,$28203,$534,$72,$0,$72,$0,$0,$0,$0,$-248,$815,$-42,$0,$0,$0,$0,$-2247,$52,$-2237,$0,$342,$-803,$0,$0,$-292,$1891,$1138,$-297,$0,$0
