,Date,Stock Price,Book Value per Share,Price to Book Ratio,TTM Sales per Share,Price to Sales Ratio,TTM FCF per Share,Price to FCF Ratio,TTM Net EPS,PE Ratio,Current Assets,Current Liabilities,Current Ratio,Long Term Debt,Shareholder's Equity_x,Debt to Equity Ratio,TTM Revenue_x,TTM Gross Profit,Gross Margin,TTM Revenue_y,TTM Operating Income,Operating Margin,TTM Revenue_x,TTM EBIT,EBIT Margin,TTM Revenue_y,TTM EBITDA,EBITDA Margin,TTM Revenue_x,TTM Pre-Tax Income,Pre-Tax Margin,TTM Revenue_y,TTM Net Income_x,Net Margin,TTM Net Income_y,Shareholder's Equity_y,Return on Equity,TTM Net Income_x,Tangible Equity,Return on Tangible Equity,TTM Net Income_y,Total Assets,Return on Assets,TTM Net Income,LT Investments & Debt,Return on Investment,revenue,cost-goods-sold,gross-profit,research-development-expenses,selling-general-administrative-expenses,operating-expenses,operating-income,total-non-operating-income-expense,pre-tax-income,total-provision-income-taxes,income-after-taxes,income-from-continuous-operations,net-income,ebitda,ebit,basic-shares-outstanding,shares-outstanding,eps-basic-net-earnings-per-share,eps-earnings-per-share-diluted,cash-on-hand,inventory,other-current-assets,total-current-assets,net-property-plant-equipment,long-term-investments,goodwill-intangible-assets-total,other-long-term-assets,total-long-term-assets,total-assets,total-current-liabilities,long-term-debt,other-non-current-liabilities,total-long-term-liabilities,total-liabilities,common-stock-net,retained-earnings-accumulated-deficit,comprehensive-income,total-share-holder-equity,total-liabilities-share-holders-equity,net-income-loss,total-depreciation-amortization-cash-flow,other-non-cash-items,total-non-cash-items,change-in-accounts-receivable,change-in-inventories,change-in-accounts-payable,change-in-assets-liabilities,total-change-in-assets-liabilities,cash-flow-from-operating-activities,net-change-in-property-plant-equipment,net-change-in-intangible-assets,net-acquisitions-divestitures,net-change-in-short-term-investments,net-change-in-long-term-investments,net-change-in-investments-total,investing-activities-other,cash-flow-from-investing-activities,net-long-term-debt,net-current-debt,debt-issuance-retirement-net-total,net-common-equity-issued-repurchased,net-total-equity-issued-repurchased,total-common-preferred-stock-dividends-paid,financial-activities-other,cash-flow-from-financial-activities,net-cash-flow,stock-based-compensation,common-stock-dividends-paid
0,2018-09-30,8.81,$6.12,1.44,$5.65,1.56,$5.89,1.5,$0.64,13.77,$30.24B,$135.66B,0.22,$2.57B,$23.29B,0.11,$21.59B,$13.00B,60.21%,$21.59B,$7.12B,32.99%,$21.59B,0,0.00%,$21.59B,0,0.00%,$21.59B,$3.31B,15.31%,$21.59B,$3.55B,16.43%,$3.55B,$23.29B,13.82%,$3.55B,$15.69B,20.87%,$3.55B,$178.78B,1.81%,$7.12B,$25.86B,25.71%,$5085,$1833,$3251,$0,$1270,$3214,$1870,$-764,$1107,$284,$823,$823,$809,$0,$0,$3815,3818,$0.10,$0.10,$30243,$0,$0,$30243,$1615,$129306,$7599,$2756,$148532,$178775,$135660,$2571,$16837,$19828,$155488,$14478,$2257,$-501,$23287,$178775,$2295,$330,$3200,$3530,$0,$0,$0,$-1295,$-1295,$3785,$-183,$-20,$-37,$0,$0,$0,$111,$-130,$-287,$-600,$-887,$-55,$-55,$-1414,$36,$-2320,$1334,$0,$-1414
1,2018-06-30,7.46,$6.52,1.14,$6.18,1.21,$7.94,0.94,$0.73,10.22,$47.35B,$161.79B,0.29,$0.00B,$24.85B,0.0,$23.70B,$14.17B,59.79%,$23.70B,$7.94B,33.49%,$23.70B,0,0.00%,$23.70B,0,0.00%,$23.70B,$3.97B,16.75%,$23.70B,$3.47B,14.66%,$3.47B,$24.85B,12.86%,$3.47B,$16.53B,19.47%,$3.47B,$193.82B,1.72%,$7.94B,$24.85B,27.29%,$4452,$2245,$2207,$0,$1142,$3507,$945,$-977,$-32,$-845,$813,$813,$800,$0,$0,$3815,3815,$0.10,$0.10,$47353,$0,$0,$47353,$1794,$125505,$8318,$2685,$146466,$193819,$161787,$0,$6676,$7187,$168974,$15863,$1587,$-497,$24845,$193819,$1612,$240,$2519,$2760,$1667,$0,$0,$-2001,$-334,$3350,$-134,$91,$-31,$0,$0,$0,$83,$10,$-240,$-1532,$-1772,$-31,$-31,$-1382,$0,$-3185,$175,$0,$-1382
2,2018-03-31,11.9,$7.14,1.67,$6.62,1.8,$9.92,1.2,$0.70,17.01,$57.81B,$169.84B,0.34,$2.76B,$27.25B,0.1,$25.36B,$15.18B,59.86%,$25.36B,$8.56B,33.76%,$25.36B,0,0.00%,$25.36B,0,0.00%,$25.36B,$4.67B,18.39%,$25.36B,$3.36B,13.26%,$3.36B,$27.25B,12.14%,$3.36B,$17.96B,18.44%,$3.36B,$207.71B,1.65%,$8.56B,$30.01B,28.12%,$6293,$2226,$4066,$0,$1482,$3842,$2451,$-950,$1500,$615,$885,$885,$871,$0,$0,$3827,3827,$0.11,$0.11,$57814,$0,$0,$57814,$1977,$127607,$9292,$2816,$149897,$207711,$169844,$2755,$6950,$10614,$180459,$17573,$871,$-175,$27253,$207711,$885,$133,$1162,$1295,$0,$0,$0,$-1194,$-1194,$350,$-80,$-80,$-34,$0,$0,$0,$25,$-170,$-69,$1025,$956,$29,$29,$-1367,$-0,$-383,$-203,$0,$-1367
3,2017-12-31,9.22,$7.14,1.29,$6.96,1.32,$11.41,0.81,$0.63,14.63,$149.50B,$164.43B,0.91,$2.81B,$27.28B,0.1,$26.68B,$15.26B,57.19%,$26.68B,$8.55B,32.06%,$26.68B,0,0.00%,$26.68B,0,0.00%,$26.68B,$4.55B,17.04%,$26.68B,$2.79B,10.47%,$2.79B,$27.28B,10.02%,$2.79B,$17.82B,15.24%,$2.79B,$202.23B,1.39%,$8.55B,$30.08B,27.93%,$5759,$2284,$3475,$0,$1486,$3903,$1856,$-1125,$730,$-34,$764,$764,$1067,$0,$0,$3822,3825,$0.37,$0.37,$48545,$0,$0,$149501,$2039,$30411,$9459,$2702,$52733,$202234,$164430,$2805,$6942,$10529,$174958,$17852,$2795,$-243,$27276,$202234,$2862,$521,$5002,$5522,$-11054,$0,$0,$19515,$8460,$15751,$-335,$-231,$-86,$0,$0,$0,$197,$-455,$-195,$-11697,$-11892,$-119,$-119,$-1770,$-93,$-13874,$1422,$0,$-1770
4,2017-09-30,8.29,$7.51,1.1,$7.15,1.16,$7.82,1.06,$0.55,15.08,$150.78B,$166.72B,0.9,$2.69B,$28.68B,0.09,$27.43B,$14.97B,54.57%,$27.43B,$8.39B,30.57%,$27.43B,0,0.00%,$27.43B,0,0.00%,$27.43B,$4.02B,14.67%,$27.43B,$3.02B,11.00%,$3.02B,$28.68B,11.11%,$3.02B,$19.04B,16.96%,$3.02B,$206.03B,1.54%,$8.39B,$31.37B,28.12%,$7191,$2772,$4419,$0,$1603,$4507,$2684,$-913,$1771,$1017,$754,$754,$735,$0,$0,$3850,3850,$0.19,$0.19,$54800,$0,$0,$150781,$2010,$32925,$9633,$2437,$55247,$206028,$166716,$2693,$7062,$10636,$177353,$18029,$2055,$-76,$28675,$206028,$2105,$388,$3896,$4284,$-6362,$0,$0,$12565,$6203,$11722,$-201,$-171,$51,$0,$0,$0,$78,$-243,$-169,$-10894,$-11064,$-81,$-81,$-1645,$6,$-12784,$-1305,$0,$-1645
5,2017-06-30,7.11,$7.22,0.98,$7.09,1.0,$5.02,1.42,$0.55,12.93,$145.33B,$159.67B,0.91,$2.78B,$27.60B,0.1,$27.15B,$13.73B,50.58%,$27.15B,$7.48B,27.54%,$27.15B,0,0.00%,$27.15B,0,0.00%,$27.15B,$3.21B,11.83%,$27.15B,$2.62B,9.65%,$2.62B,$27.60B,9.77%,$2.62B,$18.13B,14.94%,$2.62B,$197.45B,1.37%,$7.48B,$30.38B,25.37%,$6121,$2897,$3223,$0,$1522,$4548,$1573,$-910,$664,$-42,$706,$706,$689,$0,$0,$3826,3830,$0.09,$0.09,$51270,$0,$0,$145329,$2016,$29768,$9471,$2412,$52125,$197454,$159667,$2783,$6771,$10189,$169856,$17767,$1301,$-375,$27598,$197454,$1331,$253,$2643,$2896,$-3012,$0,$0,$9975,$6963,$10856,$-36,$-110,$-3,$0,$0,$0,$-14,$-162,$-14957,$6993,$-7964,$-51,$-51,$-1445,$3,$-9457,$1238,$0,$-1445
6,2017-03-31,8.29,$7.31,1.13,$7.44,1.11,$2.59,3.2,$0.44,18.84,$152.76B,$161.10B,0.95,$2.70B,$28.00B,0.1,$28.53B,$14.61B,51.20%,$28.53B,$8.66B,30.34%,$28.53B,0,0.00%,$28.53B,0,0.00%,$28.53B,$4.47B,15.67%,$28.53B,$2.18B,7.64%,$2.18B,$28.00B,8.38%,$2.18B,$18.36B,12.84%,$2.18B,$198.86B,1.18%,$8.66B,$30.70B,29.64%,$7613,$3469,$4144,$0,$1576,$5172,$2441,$-1059,$1382,$743,$639,$639,$303,$0,$0,$3827,3831,$0.08,$0.08,$57985,$0,$0,$152761,$2075,$23689,$9640,$2510,$46099,$198860,$161098,$2703,$6317,$9767,$170865,$18143,$624,$-82,$27995,$198860,$639,$127,$1422,$1549,$-1117,$0,$0,$5069,$3953,$6033,$-54,$-47,$-1,$0,$0,$0,$23,$-79,$-72,$-4073,$-4145,$25,$25,$-1337,$0,$-5458,$456,$0,$-1337
7,2016-12-31,8.06,$6.36,1.27,$7.14,1.13,$1.21,6.68,$0.40,20.16,$141.41B,$148.87B,0.95,$2.52B,$24.32B,0.1,$27.35B,$14.00B,51.19%,$27.35B,$8.54B,31.24%,$27.35B,0,0.00%,$27.35B,0,0.00%,$27.35B,$4.70B,17.17%,$27.35B,$2.10B,7.69%,$2.10B,$24.32B,8.62%,$2.10B,$15.65B,13.28%,$2.10B,$181.88B,1.21%,$8.54B,$26.83B,30.51%,$6506,$3322,$3184,$0,$1384,$4819,$1687,$-1480,$206,$-235,$442,$442,$1290,$0,$0,$3829,3832,$0.34,$0.34,$56534,$0,$0,$141411,$1906,$19804,$8669,$2701,$40469,$181881,$148868,$2517,$5816,$8696,$157565,$16342,$2103,$-386,$24316,$181881,$2140,$425,$5005,$5430,$-2902,$0,$0,$-1456,$-4358,$1935,$-238,$-192,$-114,$0,$0,$0,$180,$-364,$-2599,$-1678,$-4276,$-26,$-26,$-921,$7,$-5216,$-4301,$0,$-921
8,2016-09-30,6.08,$7.13,0.85,$6.98,0.87,$1.00,6.05,$0.33,18.41,$143.56B,$152.06B,0.94,$2.67B,$27.31B,0.1,$26.78B,$13.74B,51.30%,$26.78B,$8.43B,31.48%,$26.78B,0,0.00%,$26.78B,0,0.00%,$26.78B,$4.88B,18.24%,$26.78B,$2.51B,9.36%,$2.51B,$27.31B,10.27%,$2.51B,$18.02B,15.93%,$2.51B,$188.70B,1.44%,$8.43B,$29.98B,29.31%,$6910,$3729,$3181,$0,$1289,$5133,$1776,$-817,$959,$250,$710,$710,$338,$0,$0,$3828,3832,$0.09,$0.09,$56295,$0,$0,$143559,$2070,$23364,$9285,$2460,$45145,$188704,$152059,$2671,$6265,$9339,$161398,$17579,$1809,$-265,$27307,$188704,$1834,$338,$3301,$3639,$1834,$0,$0,$-5371,$-3537,$915,$-185,$-148,$-96,$0,$0,$0,$63,$-366,$-3393,$-1250,$-4643,$-6,$-6,$-994,$8,$-5635,$-5415,$0,$-994
9,2016-06-30,5.13,$6.40,0.8,$6.16,0.83,$1.23,4.19,$0.30,17.1,$132.13B,$137.77B,0.96,$4.82B,$24.50B,0.2,$23.64B,$11.20B,47.37%,$23.64B,$6.07B,25.68%,$23.64B,0,0.00%,$23.64B,0,0.00%,$23.64B,$2.36B,9.99%,$23.64B,$2.40B,10.17%,$2.40B,$24.50B,10.26%,$2.40B,$15.92B,16.08%,$2.40B,$172.92B,1.40%,$6.07B,$29.31B,21.37%,$7500,$3401,$4099,$0,$1241,$4748,$2752,$-830,$1923,$1404,$519,$519,$250,$0,$0,$3828,3833,$0.07,$0.07,$49111,$0,$0,$132132,$1945,$21025,$8573,$2019,$40784,$172916,$137766,$4815,$5565,$10654,$148420,$16279,$1030,$-336,$24496,$172916,$1041,$207,$2739,$2945,$1300,$0,$0,$-3146,$-1846,$1627,$-120,$-95,$0,$0,$0,$0,$49,$-166,$-687,$-1316,$-2004,$-7,$-7,$-794,$-12,$-2817,$-2165,$0,$-794
10,2016-03-31,4.19,$5.60,0.75,$5.95,0.7,$0.85,4.9,$0.43,9.73,$113.65B,$121.40B,0.94,$4.47B,$21.43B,0.21,$22.83B,$11.28B,49.38%,$22.83B,$5.73B,25.11%,$22.83B,0,0.00%,$22.83B,0,0.00%,$22.83B,$1.41B,6.18%,$22.83B,$2.94B,12.86%,$2.94B,$21.43B,12.12%,$2.94B,$13.74B,19.03%,$2.94B,$152.34B,1.69%,$5.73B,$25.90B,19.60%,$6434,$2897,$3537,$0,$1119,$4106,$2328,$-719,$1609,$1138,$470,$470,$225,$0,$0,$3831,3836,$0.06,$0.06,$38702,$0,$0,$113654,$1778,$19825,$7692,$2114,$38683,$152337,$121396,$4466,$4836,$9512,$130908,$14649,$464,$-568,$21429,$152337,$470,$91,$1231,$1322,$2605,$0,$0,$-3491,$-886,$744,$-51,$-46,$0,$0,$0,$0,$17,$-80,$-74,$-1431,$-1505,$0,$0,$-714,$-23,$-2241,$-1943,$0,$-714
11,2015-12-31,3.31,$6.36,0.52,$5.31,0.62,$0.30,10.89,$0.43,7.69,$136.78B,$148.39B,0.92,$5.51B,$24.37B,0.23,$21.17B,$9.41B,44.44%,$21.17B,$3.55B,16.79%,$21.17B,0,0.00%,$21.17B,0,0.00%,$21.17B,$-0.98B,-4.63%,$21.17B,$2.99B,14.11%,$2.99B,$24.37B,11.53%,$2.99B,$15.27B,18.32%,$2.99B,$184.83B,1.62%,$3.55B,$29.89B,11.40%,$5939,$3016,$2923,$0,$1269,$4365,$1575,$-1181,$393,$64,$329,$329,$1694,$0,$0,$3839,3843,$0.44,$0.45,$43279,$0,$0,$136783,$2139,$24649,$9102,$2441,$48044,$184827,$148391,$5513,$6300,$12062,$160453,$17402,$2987,$-1261,$24374,$184827,$3002,$455,$2246,$2701,$-9287,$0,$0,$5471,$-3816,$1229,$-310,$-217,$262,$0,$0,$0,$33,$-232,$-252,$2876,$2624,$-75,$-75,$-1219,$1,$1331,$2971,$0,$-1219
12,2015-09-30,2.68,$6.11,0.44,$5.55,0.48,$-0.57,0.0,$0.46,5.82,$129.92B,$139.65B,0.93,$5.09B,$23.42B,0.22,$22.13B,$9.74B,44.02%,$22.13B,$3.33B,15.07%,$22.13B,0,0.00%,$22.13B,0,0.00%,$22.13B,$-1.10B,-4.95%,$22.13B,$1.29B,5.82%,$1.29B,$23.42B,4.56%,$1.29B,$14.85B,7.28%,$1.29B,$174.18B,0.66%,$3.33B,$28.51B,9.92%,$3766,$3127,$639,$0,$1121,$4350,$-585,$-979,$-1563,$-2053,$489,$489,$234,$0,$0,$3839,3840,$0.06,$0.06,$39213,$0,$0,$129918,$1930,$22817,$8563,$2363,$44263,$174180,$139649,$5090,$5782,$11114,$150763,$16245,$2353,$-956,$23417,$174180,$2362,$333,$1422,$1754,$-12701,$0,$0,$10465,$-2236,$1729,$-145,$-195,$244,$0,$0,$0,$105,$10,$-206,$3325,$3119,$-50,$-50,$-275,$70,$2865,$4604,$0,$-275
13,2015-06-30,4.38,$7.22,0.61,$6.39,0.69,$-0.46,0.0,$0.46,9.53,$132.92B,$145.00B,0.92,$5.04B,$27.71B,0.18,$25.60B,$12.56B,49.05%,$25.60B,$5.39B,21.07%,$25.60B,0,0.00%,$25.60B,0,0.00%,$25.60B,$0.70B,2.73%,$25.60B,$1.32B,5.16%,$1.32B,$27.71B,4.25%,$1.32B,$17.84B,6.83%,$1.32B,$184.29B,0.64%,$5.39B,$32.75B,14.70%,$6693,$2517,$4176,$0,$1626,$4277,$2416,$-1445,$971,$-636,$1607,$1607,$783,$0,$0,$3842,3843,$0.20,$0.20,$38366,$0,$0,$132923,$2211,$30022,$9875,$1990,$51364,$184287,$144995,$5036,$6430,$11578,$156573,$18571,$2139,$-626,$27714,$184287,$2140,$263,$415,$678,$-6266,$0,$0,$3712,$-2554,$163,$-80,$-246,$0,$0,$0,$0,$118,$-207,$-125,$2833,$2708,$-14,$-14,$-263,$4,$2435,$2391,$0,$-263
14,2015-03-31,3.54,$7.31,0.49,$6.57,0.54,$-2.23,0.0,$0.34,10.43,$140.26B,$153.42B,0.91,$5.50B,$28.08B,0.2,$26.29B,$12.55B,47.75%,$26.29B,$5.38B,20.48%,$26.29B,0,0.00%,$26.29B,0,0.00%,$26.29B,$0.87B,3.32%,$26.29B,$0.85B,3.24%,$0.85B,$28.08B,2.59%,$0.85B,$17.27B,4.17%,$0.85B,$193.86B,0.40%,$5.38B,$33.58B,13.81%,$4774,$3104,$1670,$0,$1383,$4626,$148,$-930,$-782,$-1358,$576,$576,$276,$0,$0,$3844,4602,$0.07,$0.06,$40409,$0,$0,$140263,$2433,$29009,$10809,$2330,$53592,$193855,$153422,$5503,$6721,$12353,$165775,$20002,$568,$-818,$28080,$193855,$576,$139,$1161,$1301,$-8047,$0,$0,$4548,$-3499,$-1675,$-29,$-219,$0,$0,$0,$0,$110,$-139,$-49,$1749,$1701,$-4,$-4,$-284,$3,$1416,$-397,$0,$-284
15,2014-12-31,3.98,$8.69,0.46,$23.07,0.17,$-17.22,0.0,$1.78,2.24,$161.32B,$175.11B,0.92,$6.01B,$33.62B,0.18,$28.48B,$14.93B,52.44%,$28.48B,$7.57B,26.57%,$28.48B,0,0.00%,$28.48B,0,0.00%,$28.48B,$2.75B,9.67%,$28.48B,$1.17B,4.10%,$1.17B,$33.62B,3.42%,$1.17B,$20.71B,5.51%,$1.17B,$222.30B,0.55%,$7.57B,$39.63B,18.80%,$6894,$3639,$3255,$0,$1751,$5538,$1355,$-1077,$278,$-284,$562,$562,$-6,$0,$0,$3851,3853,$-1.34,$-1.34,$48248,$0,$0,$161315,$3021,$32646,$12914,$3439,$60980,$222295,$175107,$6011,$7421,$13566,$188673,$24273,$2406,$-770,$33621,$222295,$2439,$582,$5562,$6144,$-16268,$0,$0,$6180,$-10087,$-1749,$-693,$-248,$-440,$0,$0,$0,$32,$-1349,$1498,$-940,$557,$-2760,$-2760,$-938,$6,$-3135,$-6233,$0,$-938
16,2014-09-30,5.17,$9.07,0.57,$21.29,0.24,$-16.58,0.0,$1.70,3.04,$168.42B,$170.37B,0.99,$5.95B,$34.88B,0.17,$26.59B,$13.67B,51.40%,$26.59B,$5.91B,22.22%,$26.59B,0,0.00%,$26.59B,0,0.00%,$26.59B,$2.17B,8.16%,$26.59B,$1.80B,6.77%,$1.80B,$34.88B,5.11%,$1.80B,$21.50B,8.13%,$1.80B,$219.05B,0.86%,$5.91B,$40.83B,11.59%,$7237,$3783,$3454,$0,$1815,$5762,$1475,$-1244,$231,$-353,$584,$584,$267,$0,$0,$3845,3979,$0.07,$0.07,$50903,$0,$0,$168423,$2946,$21453,$13378,$3611,$50624,$219046,$170370,$5951,$7092,$13794,$184164,$25091,$1864,$-485,$34883,$219046,$1890,$437,$4315,$4752,$-7314,$0,$0,$3150,$-4163,$2323,$-262,$-188,$-458,$0,$0,$0,$-25,$-933,$1538,$368,$1906,$-2689,$-2689,$-922,$28,$-1678,$-288,$0,$-922
17,2014-06-30,5.44,$9.19,0.59,$45.31,0.12,$14.11,0.39,$3.04,1.79,$157.91B,$161.76B,0.98,$6.50B,$35.32B,0.18,$24.83B,$13.03B,52.47%,$24.83B,$5.28B,21.25%,$24.83B,0,0.00%,$24.83B,0,0.00%,$24.83B,$2.70B,10.88%,$24.83B,$2.12B,8.53%,$2.12B,$35.32B,5.97%,$2.12B,$22.26B,9.40%,$2.12B,$211.53B,1.05%,$5.28B,$41.82B,9.20%,$7383,$3209,$4174,$0,$1627,$4978,$2405,$-1258,$1147,$456,$692,$692,$316,$0,$0,$3841,3844,$0.08,$0.08,$49907,$0,$0,$157906,$2953,$25436,$13063,$3500,$53619,$211525,$161757,$6498,$7135,$14447,$176203,$25523,$1307,$-501,$35321,$211525,$1328,$278,$2874,$3151,$-2864,$0,$0,$-8092,$-10956,$-6609,$-86,$-112,$0,$0,$0,$0,$24,$-174,$2440,$-984,$1455,$-2729,$-2729,$-655,$-20,$-1950,$-8732,$0,$-655
18,2014-03-31,4.36,$8.43,0.52,$55.61,0.08,$18.85,0.23,$3.84,1.13,$140.49B,$147.77B,0.95,$6.08B,$32.63B,0.19,$22.31B,$11.21B,50.24%,$22.31B,$3.02B,13.55%,$22.31B,0,0.00%,$22.31B,0,0.00%,$22.31B,$1.74B,7.80%,$22.31B,$2.49B,11.17%,$2.49B,$32.63B,6.83%,$2.49B,$20.33B,10.71%,$2.49B,$194.13B,1.23%,$3.02B,$38.71B,4.63%,$6963,$2912,$4051,$0,$1591,$4631,$2332,$-1235,$1097,$496,$601,$601,$591,$0,$0,$397,397,$1.49,$1.49,$39835,$0,$0,$140488,$2850,$26888,$12303,$3531,$53638,$194126,$147765,$6081,$6943,$13730,$161495,$24092,$591,$-743,$32631,$194126,$601,$128,$1260,$1389,$-6803,$0,$0,$-1161,$-7965,$-6065,$-30,$-43,$0,$0,$0,$0,$7,$-66,$2328,$-1749,$579,$-2598,$-2598,$-618,$1,$-2637,$-8768,$0,$-618
19,2013-12-31,4.68,$0.00,0.0,$51.45,0.09,$46.17,0.1,$2.32,2.02,$158.96B,$120.17B,1.32,$44.52B,$38.06B,1.17,$20.68B,$10.08B,48.73%,$20.68B,$1.78B,8.62%,$20.68B,0,0.00%,$20.68B,0,0.00%,$20.68B,$1.87B,9.06%,$20.68B,$2.30B,11.12%,$2.30B,$38.06B,6.01%,$2.30B,$24.51B,9.38%,$2.30B,$211.17B,1.11%,$1.78B,$82.58B,2.33%,$5005,$3019,$1986,$0,$2151,$5310,$-305,$0,$-305,$31,$-336,$-336,$626,$0,$0,$0,0,$0.00,$0.00,$38339,$0,$0,$158956,$0,$22070,$13547,$13386,$49003,$211168,$120166,$44518,$8425,$52943,$173110,$29194,$0,$0,$38058,$211168,$2726,$584,$0,$584,$0,$0,$0,$0,$847,$10126,$-762,$0,$-76,$0,$0,$0,$-242,$-1080,$0,$-20682,$0,$0,$21243,$-954,$-90,$-484,$8562,$0,$0
20,2013-09-30,5.29,$0.00,0.0,$60.84,0.09,$48.42,0.11,$3.27,1.62,$147.70B,$119.22B,1.24,$30.44B,$35.75B,0.85,$19.62B,$9.85B,50.17%,$19.62B,$2.31B,11.79%,$19.62B,0,0.00%,$19.62B,0,0.00%,$19.62B,$2.41B,12.29%,$19.62B,$2.07B,10.56%,$2.07B,$35.75B,5.28%,$2.07B,$22.99B,8.37%,$2.07B,$192.77B,0.99%,$2.31B,$66.19B,3.10%,$5478,$2661,$2816,$0,$1846,$4633,$844,$0,$763,$172,$591,$584,$584,$0,$0,$212,212,$1.40,$1.40,$42433,$0,$0,$147702,$0,$16912,$12763,$12595,$42270,$192772,$119222,$30436,$7365,$37801,$157023,$27434,$7661,$0,$35749,$192772,$1930,$408,$0,$408,$0,$0,$0,$0,$817,$7002,$-388,$0,$-112,$0,$0,$0,$-104,$-604,$0,$0,$-613,$0,$-50,$-898,$-34,$-1596,$4802,$0,$0
21,2013-06-30,4.67,$0.00,0.0,$49.53,0.09,$33.45,0.14,$3.60,1.3,$159.12B,$129.55B,1.23,$34.52B,$39.36B,0.88,$19.93B,$10.29B,51.60%,$19.93B,$2.31B,11.61%,$19.93B,0,0.00%,$19.93B,0,0.00%,$19.93B,$2.60B,13.05%,$19.93B,$2.21B,11.10%,$2.21B,$39.36B,5.48%,$2.21B,$25.21B,8.82%,$2.21B,$211.67B,1.05%,$2.31B,$73.88B,3.06%,$4864,$2507,$2356,$0,$2046,$4713,$151,$0,$186,$-533,$718,$690,$690,$0,$0,$398,398,$0.88,$0.88,$46344,$0,$0,$159117,$0,$21391,$14151,$14036,$49578,$211669,$129552,$34515,$8242,$42757,$172309,$30422,$1449,$0,$39360,$211669,$1484,$312,$0,$312,$0,$0,$0,$0,$-3004,$1405,$-211,$0,$-78,$0,$0,$0,$-75,$-364,$0,$0,$2377,$0,$-12,$-556,$-1602,$208,$1250,$0,$0
22,2013-03-31,5.43,$0.00,0.0,$52.56,0.1,$33.43,0.16,$4.51,1.2,$160.57B,$128.25B,1.25,$42.79B,$39.98B,1.07,$21.14B,$11.30B,53.45%,$21.14B,$3.11B,14.72%,$21.14B,0,0.00%,$21.14B,0,0.00%,$21.14B,$2.61B,12.34%,$21.14B,$2.27B,10.73%,$2.27B,$39.98B,5.56%,$2.27B,$25.33B,9.09%,$2.27B,$214.19B,1.08%,$3.11B,$82.76B,4.13%,$5328,$2411,$2917,$0,$1668,$4236,$1092,$0,$1229,$439,$790,$400,$400,$0,$0,$398,398,$0.04,$0.04,$42833,$0,$0,$160573,$0,$21979,$14653,$13993,$50625,$214192,$128246,$42786,$3182,$45968,$174214,$31392,$784,$0,$39978,$214192,$790,$158,$0,$158,$0,$0,$0,$0,$2635,$4871,$-107,$0,$0,$0,$0,$0,$-105,$-212,$0,$0,$873,$0,$9,$-573,$19,$327,$4986,$0,$0
23,2012-12-31,5.44,$0.00,0.0,$55.16,0.1,$25.72,0.21,$6.66,0.82,$161.71B,$123.16B,1.31,$33.94B,$41.99B,0.81,$22.21B,$11.41B,51.39%,$22.21B,$2.32B,10.44%,$22.21B,0,0.00%,$22.21B,0,0.00%,$22.21B,$2.84B,12.78%,$22.21B,$2.78B,12.52%,$2.78B,$41.99B,6.61%,$2.78B,$25.51B,10.94%,$2.78B,$216.78B,1.30%,$2.32B,$75.93B,3.13%,$3952,$2196,$1756,$0,$1292,$3725,$227,$0,$233,$-129,$362,$399,$399,$0,$0,$421,421,$0.95,$0.95,$44877,$0,$0,$161714,$0,$22971,$16484,$12548,$52003,$216775,$123161,$33941,$17683,$51624,$174784,$32244,$2805,$0,$41990,$216775,$2810,$943,$0,$943,$0,$0,$0,$0,$-8256,$2359,$-1415,$0,$0,$0,$0,$0,$7,$-1408,$0,$5630,$0,$0,$161,$-1285,$0,$4506,$5457,$0,$0
24,2012-09-30,5.39,$0.00,0.0,$56.43,0.1,$5.16,1.05,$6.99,0.77,$150.61B,$125.26B,1.2,$30.18B,$40.07B,0.75,$22.51B,$10.35B,45.97%,$22.51B,$3.21B,14.26%,$22.51B,0,0.00%,$22.51B,0,0.00%,$22.51B,$4.04B,17.95%,$22.51B,$3.38B,15.03%,$3.38B,$40.07B,7.82%,$3.38B,$24.31B,13.00%,$3.38B,$203.91B,1.54%,$3.21B,$70.25B,4.33%,$5790,$2535,$3256,$0,$2172,$4946,$844,$0,$953,$228,$724,$723,$723,$0,$0,$398,398,$1.73,$1.73,$39596,$0,$0,$150613,$0,$20456,$15762,$14310,$50528,$203913,$125264,$30180,$8396,$38576,$163840,$30948,$1318,$0,$40073,$203913,$2297,$666,$0,$666,$0,$0,$0,$0,$-2383,$6897,$-432,$0,$0,$0,$0,$0,$-662,$-1093,$0,$3478,$0,$0,$-27,$-1232,$-0,$2218,$8022,$0,$0
25,2012-06-30,5.57,$0.00,0.0,$59.39,0.09,$-29.57,0.0,$7.92,0.7,$153.05B,$127.78B,1.2,$31.23B,$41.11B,0.76,$23.70B,$10.14B,42.79%,$23.70B,$2.62B,11.05%,$23.70B,0,0.00%,$23.70B,0,0.00%,$23.70B,$3.34B,14.10%,$23.70B,$3.77B,15.91%,$3.77B,$41.11B,8.36%,$3.77B,$24.71B,13.95%,$3.77B,$208.70B,1.62%,$2.62B,$72.34B,3.45%,$6071,$2701,$3370,$0,$2198,$5122,$949,$0,$193,$-555,$748,$746,$746,$0,$0,$398,398,$1.79,$1.79,$41620,$0,$0,$153046,$0,$21710,$16401,$14874,$52985,$208696,$127779,$31228,$8582,$39811,$167589,$32100,$874,$0,$41107,$208696,$1631,$443,$0,$443,$0,$0,$0,$0,$-2721,$1444,$-253,$0,$0,$0,$0,$0,$-475,$-729,$0,$0,$4157,$0,$-28,$-573,$-1,$3556,$4271,$0,$0
26,2012-03-31,6.55,$0.00,0.0,$65.77,0.1,$-49.49,0.0,$7.80,0.84,$168.07B,$137.58B,1.22,$32.35B,$45.02B,0.72,$26.26B,$11.68B,44.49%,$26.26B,$3.83B,14.57%,$26.26B,0,0.00%,$26.26B,0,0.00%,$26.26B,$5.06B,19.25%,$26.26B,$4.33B,16.50%,$4.33B,$45.02B,9.28%,$4.33B,$27.12B,15.68%,$4.33B,$224.34B,1.78%,$3.83B,$77.37B,5.01%,$6392,$3363,$3029,$0,$2487,$6094,$298,$0,$1458,$482,$976,$913,$913,$0,$0,$400,400,$2.19,$2.19,$45564,$0,$0,$168066,$0,$21338,$17896,$14174,$53408,$224340,$137575,$32354,$9393,$41747,$179322,$35489,$974,$0,$45018,$224340,$976,$243,$0,$243,$0,$0,$0,$0,$-1038,$1808,$-109,$0,$0,$0,$0,$0,$-139,$-248,$0,$3701,$0,$0,$-20,$-636,$-1,$3045,$4605,$0,$0
27,2011-12-31,5.82,$0.00,0.0,$77.54,0.08,$-59.55,0.0,$7.30,0.8,$176.87B,$143.67B,1.23,$29.73B,$46.87B,0.63,$30.94B,$16.63B,53.73%,$30.94B,$5.39B,17.42%,$30.94B,0,0.00%,$30.94B,0,0.00%,$30.94B,$5.35B,17.30%,$30.94B,$4.66B,15.06%,$4.66B,$46.87B,9.99%,$4.66B,$27.99B,17.08%,$4.66B,$240.21B,1.90%,$5.39B,$76.61B,7.30%,$4254,$3562,$692,$0,$-657,$3135,$1119,$0,$1436,$441,$995,$1001,$1001,$0,$0,$399,399,$1.28,$1.28,$55075,$0,$0,$176871,$0,$27050,$18883,$14399,$60332,$240212,$143673,$29734,$19931,$49665,$193338,$37625,$2747,$0,$46874,$240212,$4659,$878,$0,$878,$0,$0,$0,$0,$-17330,$-6674,$-635,$0,$0,$0,$0,$0,$762,$127,$0,$0,$8774,$0,$-68,$-2359,$2,$6349,$-198,$0,$0
28,2011-09-30,5.16,$0.00,0.0,$83.34,0.06,$-57.83,0.0,$8.76,0.59,$174.73B,$153.77B,1.14,$30.06B,$47.50B,0.63,$33.26B,$19.76B,59.43%,$33.26B,$5.67B,17.04%,$33.26B,0,0.00%,$33.26B,0,0.00%,$33.26B,$5.56B,16.73%,$33.26B,$4.75B,14.29%,$4.75B,$47.50B,10.47%,$4.75B,$28.31B,18.15%,$4.75B,$256.05B,1.99%,$5.67B,$77.56B,8.16%,$6984,$3935,$3050,$0,$2574,$6731,$254,$0,$254,$-858,$1112,$1111,$1111,$0,$0,$399,399,$2.66,$2.66,$54946,$0,$0,$174726,$0,$27552,$19196,$31672,$78420,$256045,$153774,$30057,$24709,$54766,$208540,$38646,$2192,$0,$47504,$256045,$3675,$651,$0,$651,$0,$0,$0,$0,$-14670,$-6978,$-402,$0,$0,$0,$0,$-4,$-487,$-893,$0,$0,$0,$0,$-62,$-2447,$9152,$6643,$-1228,$0,$0
29,2011-06-30,8.19,$0.00,0.0,$79.67,0.1,$-29.27,0.0,$8.76,0.94,$170.26B,$157.71B,1.08,$26.90B,$47.24B,0.57,$31.79B,$19.61B,61.69%,$31.79B,$5.91B,18.58%,$31.79B,0,0.00%,$31.79B,0,0.00%,$31.79B,$6.97B,21.92%,$31.79B,$4.75B,14.95%,$4.75B,$47.24B,10.80%,$4.75B,$27.11B,18.97%,$4.75B,$255.31B,2.10%,$5.91B,$74.14B,9.23%,$8630,$3717,$4913,$0,$2534,$6475,$2154,$0,$1907,$600,$1307,$1307,$1307,$0,$0,$399,399,$1.67,$1.67,$55651,$0,$0,$170256,$0,$35193,$20130,$26860,$82183,$255311,$157712,$26898,$23463,$50361,$208073,$39303,$1350,$0,$47238,$255311,$2607,$436,$0,$436,$0,$0,$0,$0,$-11993,$-6511,$-243,$0,$0,$0,$0,$0,$-258,$-501,$0,$0,$0,$0,$0,$-1315,$7318,$6004,$-1008,$0,$0
30,2011-03-31,8.4,$0.00,0.0,$71.82,0.12,$-11.55,0.0,$9.46,0.89,$153.09B,$141.80B,1.08,$22.17B,$44.91B,0.49,$28.66B,$17.97B,62.70%,$28.66B,$4.99B,17.41%,$28.66B,0,0.00%,$28.66B,0,0.00%,$28.66B,$6.28B,21.91%,$28.66B,$4.44B,15.48%,$4.44B,$44.91B,10.51%,$4.44B,$25.71B,18.58%,$4.44B,$230.82B,2.10%,$4.99B,$67.08B,8.51%,$11075,$3104,$7972,$0,$5906,$9213,$1863,$0,$1756,$511,$1245,$1240,$1240,$0,$0,$399,399,$1.69,$1.69,$45639,$0,$0,$153090,$0,$31597,$19205,$24172,$74974,$230815,$141799,$22169,$21935,$44104,$185903,$37650,$883,$0,$44912,$230815,$1245,$203,$0,$203,$0,$0,$0,$0,$-5049,$-2214,$-105,$0,$0,$0,$0,$0,$-121,$-227,$0,$0,$0,$0,$0,$-1258,$3810,$2553,$112,$0,$0
31,2010-12-31,9.25,$0.00,0.0,$44.07,0.21,$-5.74,0.0,$7.77,1.19,$143.08B,$150.48B,0.95,$17.00B,$41.88B,0.41,$22.83B,$13.32B,58.36%,$22.83B,$4.31B,18.88%,$22.83B,0,0.00%,$22.83B,0,0.00%,$22.83B,$5.71B,24.99%,$22.83B,$4.18B,18.31%,$4.18B,$41.88B,10.23%,$4.18B,$23.63B,18.25%,$4.18B,$213.86B,2.12%,$4.31B,$58.88B,7.89%,$6566,$2739,$3827,$0,$2226,$5171,$1395,$0,$1647,$516,$1131,$1095,$1095,$0,$0,$399,399,$2.74,$2.74,$43698,$0,$0,$143078,$0,$27157,$18244,$22799,$68200,$213858,$150481,$16999,$4501,$21501,$171982,$35752,$4214,$0,$41876,$213858,$4214,$706,$0,$706,$0,$0,$0,$0,$-16028,$-5894,$-731,$0,$0,$0,$0,$0,$-620,$-1351,$0,$0,$-1447,$0,$0,$-1561,$4897,$1889,$-5356,$0,$0
32,2010-09-30,9.19,$0.00,0.0,$58.15,0.16,$-17.76,0.0,$7.12,1.29,$138.49B,$128.74B,1.08,$13.99B,$41.93B,0.33,$23.10B,$16.33B,70.70%,$23.10B,$9.75B,42.21%,$23.10B,0,0.00%,$23.10B,0,0.00%,$23.10B,$10.89B,47.16%,$23.10B,$4.00B,17.33%,$4.00B,$41.93B,10.21%,$4.00B,$23.76B,18.37%,$4.00B,$205.21B,2.17%,$9.75B,$55.92B,18.88%,$5519,$2620,$2899,$0,$2227,$5024,$495,$0,$1659,$549,$1110,$1110,$1110,$0,$0,$399,399,$2.66,$2.66,$41372,$0,$0,$138488,$0,$23564,$18171,$22569,$64304,$205210,$128736,$13987,$20554,$34541,$163277,$35940,$2086,$0,$41933,$205210,$3135,$509,$0,$509,$0,$0,$0,$0,$-3221,$4497,$-479,$0,$0,$0,$0,$0,$-314,$-793,$0,$0,$0,$0,$0,$-1572,$284,$-1288,$2416,$0,$0
