,Date,Stock Price,Book Value per Share,Price to Book Ratio,TTM Sales per Share,Price to Sales Ratio,TTM FCF per Share,Price to FCF Ratio,TTM Net EPS,PE Ratio,Current Assets,Current Liabilities,Current Ratio,Long Term Debt,Shareholder's Equity_x,Debt to Equity Ratio,TTM Revenue_x,TTM Gross Profit,Gross Margin,TTM Revenue_y,TTM Operating Income,Operating Margin,TTM Revenue_x,TTM EBIT,EBIT Margin,TTM Revenue_y,TTM EBITDA,EBITDA Margin,TTM Revenue_x,TTM Pre-Tax Income,Pre-Tax Margin,TTM Revenue_y,TTM Net Income_x,Net Margin,TTM Net Income_y,Shareholder's Equity_y,Return on Equity,TTM Net Income_x,Tangible Equity,Return on Tangible Equity,TTM Net Income_y,Total Assets,Return on Assets,TTM Net Income,LT Investments & Debt,Return on Investment,revenue,cost-goods-sold,gross-profit,research-development-expenses,selling-general-administrative-expenses,operating-expenses,operating-income,total-non-operating-income-expense,pre-tax-income,total-provision-income-taxes,income-after-taxes,income-from-continuous-operations,net-income,ebitda,ebit,basic-shares-outstanding,shares-outstanding,eps-basic-net-earnings-per-share,eps-earnings-per-share-diluted,cash-on-hand,inventory,other-current-assets,total-current-assets,net-property-plant-equipment,long-term-investments,goodwill-intangible-assets-total,other-long-term-assets,total-long-term-assets,total-assets,total-current-liabilities,long-term-debt,other-non-current-liabilities,total-long-term-liabilities,total-liabilities,common-stock-net,retained-earnings-accumulated-deficit,comprehensive-income,total-share-holder-equity,total-liabilities-share-holders-equity,net-income-loss,total-depreciation-amortization-cash-flow,other-non-cash-items,total-non-cash-items,change-in-accounts-receivable,change-in-inventories,change-in-accounts-payable,change-in-assets-liabilities,total-change-in-assets-liabilities,cash-flow-from-operating-activities,net-change-in-property-plant-equipment,net-change-in-intangible-assets,net-acquisitions-divestitures,net-change-in-short-term-investments,net-change-in-long-term-investments,net-change-in-investments-total,investing-activities-other,cash-flow-from-investing-activities,net-long-term-debt,net-current-debt,debt-issuance-retirement-net-total,net-common-equity-issued-repurchased,net-total-equity-issued-repurchased,total-common-preferred-stock-dividends-paid,financial-activities-other,cash-flow-from-financial-activities,net-cash-flow,stock-based-compensation,common-stock-dividends-paid
0,2018-09-30,58.49,$12.60,4.64,$3.97,14.75,$4.45,13.14,$2.18,26.83,$0.09B,$0.00B,48.42,$0.00B,$0.09B,0.0,$0.03B,$0.03B,100.00%,$0.03B,$0.02B,72.41%,$0.03B,$0.02B,72.41%,$0.03B,$0.02B,79.31%,$0.03B,$0.02B,72.41%,$0.03B,$0.02B,55.17%,$0.02B,$0.09B,19.45%,$0.02B,$0.09B,19.69%,$0.02B,$0.09B,18.60%,$0.02B,$0.09B,25.15%,$8,$0,$8,$0,$2,$2,$6,$0,$6,$1,$5,$5,$5,$6,$6,$7,7,$0.69,$0.69,$72,$0,$0,$88,$0,$5,$0,$0,$6,$94,$2,$0,$0,$0,$2,$0,$66,$0,$92,$94,$14,$2,$0,$2,$-2,$0,$0,$-0,$-4,$12,$0,$0,$0,$58,$-65,$-6,$0,$-6,$0,$0,$0,$0,$0,$0,$0,$0,$6,$0,$0
1,2018-06-30,44.86,$12.00,3.74,$3.75,11.97,$4.06,11.04,$1.86,24.12,$0.08B,$0.00B,34.01,$0.00B,$0.09B,0.0,$0.03B,$0.03B,100.00%,$0.03B,$0.02B,67.86%,$0.03B,$0.02B,67.86%,$0.03B,$0.02B,78.57%,$0.03B,$0.02B,67.86%,$0.03B,$0.01B,50.00%,$0.01B,$0.09B,18.54%,$0.01B,$0.09B,18.79%,$0.01B,$0.09B,17.39%,$0.02B,$0.09B,24.76%,$7,$0,$7,$0,$2,$2,$5,$0,$5,$1,$4,$4,$4,$6,$5,$7,7,$0.60,$0.59,$67,$0,$0,$81,$0,$7,$0,$0,$8,$89,$2,$0,$0,$0,$2,$0,$60,$0,$87,$89,$8,$1,$0,$1,$-1,$0,$0,$-0,$-2,$8,$0,$0,$0,$-3,$0,$-3,$0,$-3,$0,$0,$0,$1,$1,$0,$0,$1,$6,$0,$0
2,2018-03-31,44.34,$11.37,3.9,$3.67,12.09,$3.82,11.61,$1.63,27.2,$0.08B,$0.01B,18.33,$0.00B,$0.08B,0.0,$0.03B,$0.03B,100.00%,$0.03B,$0.02B,64.29%,$0.03B,$0.02B,64.29%,$0.03B,$0.02B,71.43%,$0.03B,$0.02B,64.29%,$0.03B,$0.01B,46.43%,$0.01B,$0.08B,18.77%,$0.01B,$0.08B,18.98%,$0.01B,$0.09B,17.16%,$0.02B,$0.08B,25.53%,$7,$0,$7,$0,$2,$2,$5,$0,$5,$1,$4,$4,$4,$6,$5,$7,7,$0.55,$0.54,$61,$0,$0,$83,$0,$3,$0,$0,$4,$86,$5,$0,$0,$0,$5,$0,$56,$0,$82,$86,$4,$1,$0,$1,$-7,$0,$0,$-0,$-6,$-1,$0,$0,$0,$6,$0,$6,$0,$6,$0,$0,$0,$0,$0,$0,$0,$0,$5,$0,$0
3,2017-12-31,43.33,$9.39,4.61,$3.75,11.57,$4.39,9.87,$1.55,27.95,$0.07B,$0.00B,31.04,$0.01B,$0.07B,0.08,$0.03B,$0.03B,100.00%,$0.03B,$0.02B,62.07%,$0.03B,$0.02B,62.07%,$0.03B,$0.02B,68.97%,$0.03B,$0.02B,62.07%,$0.03B,$0.01B,41.38%,$0.01B,$0.07B,18.82%,$0.01B,$0.07B,19.05%,$0.01B,$0.08B,16.84%,$0.02B,$0.07B,27.69%,$7,$0,$7,$0,$2,$2,$5,$0,$5,$2,$3,$3,$3,$5,$5,$7,7,$0.36,$0.36,$59,$0,$0,$66,$0,$6,$0,$0,$9,$75,$2,$5,$0,$5,$7,$0,$42,$0,$68,$75,$11,$2,$2,$4,$-1,$0,$0,$-2,$-2,$13,$0,$0,$0,$-10,$0,$-10,$0,$-10,$0,$0,$0,$-0,$-0,$0,$0,$-0,$3,$0,$0
4,2017-09-30,46.52,$9.03,5.15,$3.74,12.44,$4.84,9.61,$1.59,29.26,$0.06B,$0.00B,30.82,$0.00B,$0.07B,0.0,$0.03B,$0.03B,100.00%,$0.03B,$0.02B,58.62%,$0.03B,$0.02B,58.62%,$0.03B,$0.02B,68.97%,$0.03B,$0.02B,58.62%,$0.03B,$0.01B,41.38%,$0.01B,$0.07B,19.75%,$0.01B,$0.06B,19.92%,$0.01B,$0.07B,17.45%,$0.02B,$0.07B,27.98%,$7,$0,$7,$0,$2,$3,$4,$0,$4,$1,$3,$3,$3,$5,$4,$7,7,$0.38,$0.37,$55,$0,$0,$62,$0,$7,$0,$0,$11,$72,$2,$0,$0,$6,$8,$0,$39,$0,$65,$72,$9,$2,$0,$2,$-1,$0,$0,$-1,$-1,$9,$0,$0,$0,$44,$-51,$-7,$0,$-7,$0,$0,$0,$-0,$-0,$0,$0,$-0,$2,$0,$0
5,2017-06-30,49.51,$8.66,5.71,$3.79,13.05,$5.59,8.86,$1.64,30.19,$0.06B,$0.00B,23.01,$0.00B,$0.06B,0.0,$0.03B,$0.03B,100.00%,$0.03B,$0.02B,62.07%,$0.03B,$0.02B,62.07%,$0.03B,$0.02B,68.97%,$0.03B,$0.02B,62.07%,$0.03B,$0.01B,41.38%,$0.01B,$0.06B,20.78%,$0.01B,$0.06B,20.87%,$0.01B,$0.07B,18.11%,$0.02B,$0.06B,31.17%,$7,$0,$7,$0,$2,$3,$4,$0,$4,$1,$3,$3,$3,$4,$4,$7,7,$0.37,$0.36,$51,$0,$0,$58,$0,$7,$0,$0,$12,$70,$3,$0,$0,$6,$8,$0,$37,$0,$62,$70,$6,$1,$0,$1,$-1,$0,$0,$-1,$-1,$6,$0,$0,$0,$-5,$0,$-5,$0,$-5,$0,$0,$0,$-0,$-0,$0,$0,$-0,$1,$0,$0
6,2017-03-31,54.8,$8.32,6.58,$3.75,14.6,$6.02,9.1,$1.63,33.62,$0.06B,$0.00B,21.19,$0.00B,$0.06B,0.0,$0.03B,$0.03B,100.00%,$0.03B,$0.02B,64.29%,$0.03B,$0.02B,64.29%,$0.03B,$0.02B,71.43%,$0.03B,$0.02B,64.29%,$0.03B,$0.01B,42.86%,$0.01B,$0.06B,21.92%,$0.01B,$0.06B,22.02%,$0.01B,$0.07B,18.90%,$0.02B,$0.06B,32.88%,$8,$0,$8,$0,$2,$3,$5,$0,$5,$2,$3,$3,$3,$6,$5,$7,7,$0.47,$0.46,$48,$0,$0,$55,$0,$8,$0,$0,$13,$68,$3,$0,$0,$6,$9,$0,$34,$0,$60,$68,$3,$1,$0,$1,$-1,$0,$0,$-0,$-1,$3,$0,$0,$0,$1,$0,$1,$0,$1,$0,$0,$0,$0,$0,$0,$0,$0,$4,$0,$0
7,2016-12-31,55.7,$7.87,7.08,$3.61,15.44,$6.59,8.46,$1.56,35.71,$0.06B,$0.00B,27.75,$0.00B,$0.06B,0.0,$0.03B,$0.03B,100.00%,$0.03B,$0.02B,62.96%,$0.03B,$0.02B,62.96%,$0.03B,$0.02B,70.37%,$0.03B,$0.02B,62.96%,$0.03B,$0.01B,44.44%,$0.01B,$0.06B,23.19%,$0.01B,$0.06B,23.30%,$0.01B,$0.07B,19.75%,$0.02B,$0.06B,32.85%,$7,$0,$7,$0,$2,$2,$4,$0,$4,$2,$3,$3,$3,$5,$4,$7,7,$0.41,$0.40,$49,$0,$0,$55,$0,$4,$0,$0,$9,$65,$2,$0,$0,$6,$8,$0,$31,$0,$56,$65,$11,$2,$-3,$-1,$-1,$0,$0,$7,$6,$16,$0,$0,$0,$-17,$0,$-17,$0,$-17,$0,$0,$0,$-0,$-0,$0,$0,$-0,$-0,$0,$0
8,2016-09-30,45.67,$7.44,6.14,$3.54,12.89,$5.80,7.88,$1.52,30.05,$0.06B,$0.00B,21.55,$0.00B,$0.05B,0.0,$0.03B,$0.03B,100.00%,$0.03B,$0.02B,65.38%,$0.03B,$0.02B,65.38%,$0.03B,$0.02B,69.23%,$0.03B,$0.02B,65.38%,$0.03B,$0.01B,46.15%,$0.01B,$0.05B,24.49%,$0.01B,$0.05B,24.62%,$0.01B,$0.06B,21.43%,$0.02B,$0.05B,34.69%,$7,$0,$7,$0,$2,$2,$5,$0,$5,$2,$3,$3,$3,$5,$5,$7,7,$0.43,$0.42,$50,$0,$0,$55,$0,$1,$0,$0,$7,$62,$3,$0,$0,$7,$9,$0,$28,$0,$53,$62,$8,$1,$-3,$-1,$-1,$0,$0,$7,$8,$15,$0,$0,$0,$-15,$0,$-15,$0,$-15,$0,$0,$0,$-0,$-0,$0,$0,$-0,$-0,$0,$0
9,2016-06-30,39.94,$7.12,5.61,$3.46,11.55,$4.62,8.64,$1.49,26.81,$0.05B,$0.00B,29.24,$0.00B,$0.05B,0.0,$0.03B,$0.03B,100.00%,$0.03B,$0.02B,64.00%,$0.03B,$0.02B,64.00%,$0.03B,$0.02B,72.00%,$0.03B,$0.02B,64.00%,$0.03B,$0.01B,48.00%,$0.01B,$0.05B,25.95%,$0.01B,$0.05B,26.09%,$0.01B,$0.06B,23.41%,$0.02B,$0.05B,34.59%,$6,$0,$6,$0,$2,$2,$4,$0,$4,$1,$3,$3,$3,$4,$4,$7,7,$0.37,$0.35,$44,$0,$0,$51,$0,$2,$0,$0,$8,$59,$2,$0,$0,$7,$9,$0,$25,$0,$50,$59,$5,$1,$-3,$-2,$-2,$0,$0,$8,$6,$9,$0,$0,$0,$-7,$0,$-7,$0,$-7,$0,$0,$0,$-1,$-1,$0,$0,$-0,$2,$0,$0
10,2016-03-31,34.82,$6.78,5.14,$3.26,10.69,$3.95,8.83,$1.38,25.23,$0.05B,$0.00B,22.09,$0.00B,$0.05B,0.0,$0.02B,$0.02B,100.00%,$0.02B,$0.02B,62.50%,$0.02B,$0.02B,62.50%,$0.02B,$0.02B,70.83%,$0.02B,$0.02B,62.50%,$0.02B,$0.01B,45.83%,$0.01B,$0.05B,25.58%,$0.01B,$0.05B,25.73%,$0.01B,$0.06B,23.91%,$0.02B,$0.05B,34.88%,$7,$0,$7,$0,$2,$2,$4,$0,$4,$1,$3,$3,$3,$5,$4,$7,7,$0.40,$0.39,$42,$0,$0,$48,$0,$2,$0,$0,$9,$57,$2,$0,$0,$7,$9,$0,$22,$0,$48,$57,$3,$0,$-3,$-2,$-1,$0,$0,$8,$7,$7,$0,$0,$0,$-3,$0,$-3,$0,$-3,$0,$0,$0,$-0,$-0,$0,$0,$-0,$4,$0,$0
11,2015-12-31,42.97,$6.48,6.63,$3.13,13.72,$3.21,13.4,$1.31,32.8,$0.04B,$0.00B,45.74,$0.00B,$0.05B,0.0,$0.02B,$0.02B,100.00%,$0.02B,$0.02B,65.22%,$0.02B,$0.02B,65.22%,$0.02B,$0.02B,69.57%,$0.02B,$0.02B,65.22%,$0.02B,$0.01B,43.48%,$0.01B,$0.05B,25.32%,$0.01B,$0.05B,25.48%,$0.01B,$0.05B,24.69%,$0.02B,$0.05B,37.97%,$6,$0,$6,$0,$2,$2,$4,$0,$4,$1,$3,$3,$3,$4,$4,$7,7,$0.38,$0.37,$33,$0,$0,$38,$0,$4,$0,$0,$7,$46,$1,$0,$0,$0,$1,$0,$19,$0,$45,$46,$10,$1,$1,$1,$0,$0,$0,$-1,$-1,$11,$0,$0,$0,$-20,$0,$-20,$0,$-20,$0,$0,$0,$1,$1,$0,$4,$5,$-5,$0,$0
12,2015-09-30,43.54,$6.08,7.16,$2.94,14.78,$2.61,16.66,$1.22,35.68,$0.04B,$0.00B,48.2,$0.00B,$0.04B,0.0,$0.02B,$0.02B,100.00%,$0.02B,$0.01B,63.64%,$0.02B,$0.01B,63.64%,$0.02B,$0.02B,68.18%,$0.02B,$0.01B,63.64%,$0.02B,$0.01B,40.91%,$0.01B,$0.04B,25.17%,$0.01B,$0.04B,25.35%,$0.01B,$0.04B,24.49%,$0.01B,$0.04B,39.16%,$6,$0,$6,$0,$2,$2,$4,$0,$4,$1,$3,$3,$3,$5,$4,$7,7,$0.42,$0.39,$31,$0,$0,$38,$0,$2,$0,$0,$5,$43,$1,$0,$0,$0,$1,$0,$17,$0,$42,$43,$7,$1,$1,$1,$-1,$0,$0,$-0,$-2,$6,$0,$0,$0,$-13,$0,$-13,$0,$-13,$0,$0,$0,$2,$2,$0,$3,$5,$-2,$0,$0
13,2015-06-30,51.6,$5.44,9.48,$2.65,19.47,$2.32,22.21,$1.03,50.1,$0.03B,$0.00B,34.15,$0.00B,$0.04B,0.0,$0.02B,$0.02B,100.00%,$0.02B,$0.01B,60.00%,$0.02B,$0.01B,60.00%,$0.02B,$0.01B,60.00%,$0.02B,$0.01B,60.00%,$0.02B,$0.01B,35.00%,$0.01B,$0.04B,22.05%,$0.01B,$0.04B,22.22%,$0.01B,$0.04B,21.37%,$0.01B,$0.04B,37.80%,$5,$0,$5,$0,$2,$2,$3,$0,$3,$1,$2,$2,$2,$3,$3,$7,7,$0.26,$0.24,$28,$0,$0,$33,$0,$1,$0,$0,$6,$38,$1,$0,$0,$0,$1,$0,$14,$0,$37,$38,$4,$0,$0,$1,$-0,$0,$0,$-0,$-0,$4,$0,$0,$0,$-9,$0,$-9,$0,$-9,$0,$0,$0,$1,$1,$0,$2,$3,$-1,$0,$0
14,2015-03-31,39.15,$5.00,7.84,$2.38,16.48,$2.18,17.94,$0.87,45.0,$0.03B,$0.00B,31.82,$0.00B,$0.03B,0.0,$0.02B,$0.02B,100.00%,$0.02B,$0.01B,55.56%,$0.02B,$0.01B,55.56%,$0.02B,$0.01B,55.56%,$0.02B,$0.01B,55.56%,$0.02B,$0.01B,33.33%,$0.01B,$0.03B,21.05%,$0.01B,$0.03B,21.24%,$0.01B,$0.04B,20.34%,$0.01B,$0.03B,35.09%,$6,$0,$6,$0,$2,$2,$4,$0,$4,$1,$2,$2,$2,$4,$4,$7,7,$0.35,$0.32,$24,$0,$0,$29,$0,$1,$0,$0,$6,$35,$1,$0,$0,$0,$1,$0,$12,$0,$34,$35,$2,$0,$0,$0,$-1,$0,$0,$-0,$-1,$2,$0,$0,$0,$-2,$0,$-2,$0,$-2,$0,$0,$0,$-0,$-0,$0,$1,$1,$1,$0,$0
15,2014-12-31,38.62,$4.50,8.59,$1.99,19.4,$2.47,15.66,$0.66,58.52,$0.03B,$0.00B,37.47,$0.00B,$0.03B,0.0,$0.02B,$0.02B,100.00%,$0.02B,$0.01B,46.67%,$0.02B,$0.01B,46.67%,$0.02B,$0.01B,46.67%,$0.02B,$0.01B,46.67%,$0.02B,$0.01B,33.33%,$0.01B,$0.03B,19.42%,$0.01B,$0.03B,19.42%,$0.01B,$0.03B,18.52%,$0.01B,$0.03B,27.18%,$5,$0,$5,$0,$1,$2,$3,$0,$3,$1,$2,$2,$2,$3,$3,$6,7,$0.30,$0.27,$21,$0,$0,$25,$0,$1,$0,$0,$6,$31,$1,$0,$0,$0,$1,$0,$10,$0,$30,$31,$5,$0,$0,$1,$2,$0,$0,$-1,$1,$6,$0,$0,$0,$-5,$0,$-5,$0,$-5,$0,$0,$0,$1,$1,$0,$2,$3,$4,$0,$0
16,2014-09-30,35.3,$4.00,8.82,$1.92,18.41,$2.26,15.65,$0.64,55.16,$0.02B,$0.00B,33.2,$0.00B,$0.03B,0.0,$0.01B,$0.01B,100.00%,$0.01B,$0.01B,50.00%,$0.01B,$0.01B,50.00%,$0.01B,$0.01B,50.00%,$0.01B,$0.01B,50.00%,$0.01B,$0.01B,35.71%,$0.01B,$0.03B,21.05%,$0.01B,$0.03B,21.05%,$0.01B,$0.03B,20.00%,$0.01B,$0.03B,29.47%,$4,$0,$4,$0,$2,$2,$2,$0,$2,$1,$1,$1,$1,$2,$2,$6,7,$0.21,$0.20,$18,$0,$0,$22,$0,$0,$0,$0,$5,$27,$1,$0,$0,$0,$1,$0,$8,$0,$26,$27,$3,$0,$0,$0,$2,$0,$0,$-0,$1,$4,$0,$0,$0,$-1,$0,$-1,$0,$-1,$0,$0,$0,$-1,$-1,$0,$1,$1,$4,$0,$0
17,2014-06-30,26.96,$3.76,7.17,$1.81,14.92,$2.19,12.32,$0.61,44.2,$0.02B,$0.00B,23.47,$0.00B,$0.02B,0.0,$0.01B,$0.01B,100.00%,$0.01B,$0.01B,53.85%,$0.01B,$0.01B,53.85%,$0.01B,$0.01B,53.85%,$0.01B,$0.01B,53.85%,$0.01B,$0.01B,38.46%,$0.01B,$0.02B,22.47%,$0.01B,$0.02B,22.47%,$0.01B,$0.03B,21.28%,$0.01B,$0.02B,31.46%,$3,$0,$3,$0,$1,$2,$1,$0,$1,$0,$1,$1,$1,$1,$1,$6,7,$0.09,$0.08,$17,$0,$0,$20,$0,$0,$0,$0,$5,$25,$1,$0,$0,$0,$1,$0,$6,$0,$24,$25,$1,$0,$0,$0,$3,$0,$0,$-0,$2,$3,$0,$0,$0,$-1,$0,$-1,$0,$-1,$0,$0,$0,$-1,$-1,$0,$1,$1,$3,$0,$0
18,2014-03-31,25.92,$3.67,7.07,$1.90,13.65,$2.27,11.44,$0.68,38.12,$0.02B,$0.00B,19.08,$0.00B,$0.02B,0.0,$0.01B,$0.01B,100.00%,$0.01B,$0.01B,61.54%,$0.01B,$0.01B,61.54%,$0.01B,$0.01B,61.54%,$0.01B,$0.01B,61.54%,$0.01B,$0.01B,38.46%,$0.01B,$0.02B,23.53%,$0.01B,$0.02B,23.81%,$0.01B,$0.03B,22.22%,$0.01B,$0.02B,37.65%,$3,$0,$3,$0,$1,$2,$1,$0,$1,$0,$1,$1,$1,$1,$1,$6,7,$0.12,$0.11,$17,$0,$0,$20,$0,$0,$0,$0,$5,$25,$1,$0,$0,$0,$1,$0,$6,$0,$23,$25,$1,$0,$0,$0,$3,$0,$0,$-0,$3,$4,$0,$0,$0,$-1,$0,$-1,$0,$-1,$0,$0,$0,$-0,$-0,$0,$0,$0,$3,$0,$0
19,2013-12-31,21.67,$3.51,6.17,$2.08,10.43,$2.27,9.55,$0.76,28.51,$0.02B,$0.00B,23.38,$0.00B,$0.02B,0.0,$0.01B,$0.01B,100.00%,$0.01B,$0.01B,64.29%,$0.01B,$0.01B,64.29%,$0.01B,$0.01B,64.29%,$0.01B,$0.01B,64.29%,$0.01B,$0.01B,35.71%,$0.01B,$0.02B,24.69%,$0.01B,$0.02B,25.32%,$0.01B,$0.02B,23.53%,$0.01B,$0.02B,44.44%,$4,$0,$4,$0,$1,$1,$3,$0,$3,$1,$2,$2,$2,$3,$3,$6,7,$0.27,$0.25,$13,$0,$0,$18,$0,$0,$0,$0,$5,$23,$1,$0,$0,$0,$1,$0,$5,$0,$22,$23,$5,$0,$0,$0,$0,$0,$0,$-1,$-1,$5,$0,$0,$0,$-2,$0,$-2,$0,$-2,$0,$0,$0,$-1,$-1,$0,$0,$-0,$2,$0,$0
20,2013-09-30,19.47,$3.23,6.03,$2.00,9.74,$1.75,11.14,$0.67,29.06,$0.02B,$0.00B,22.72,$0.00B,$0.02B,0.0,$0.01B,$0.01B,100.00%,$0.01B,$0.01B,57.14%,$0.01B,$0.01B,57.14%,$0.01B,$0.01B,57.14%,$0.01B,$0.01B,57.14%,$0.01B,$0.00B,28.57%,$0.00B,$0.02B,21.05%,$0.00B,$0.02B,21.62%,$0.00B,$0.02B,20.00%,$0.01B,$0.02B,42.11%,$3,$0,$3,$0,$1,$1,$2,$0,$2,$1,$1,$1,$1,$2,$2,$6,7,$0.19,$0.17,$11,$0,$0,$17,$0,$0,$0,$0,$4,$21,$1,$0,$0,$0,$1,$0,$3,$0,$20,$21,$4,$0,$0,$0,$0,$0,$0,$-0,$-0,$3,$0,$0,$0,$-2,$0,$-2,$0,$-2,$0,$0,$0,$-1,$-1,$0,$0,$-1,$1,$0,$0
21,2013-06-30,15.6,$3.08,5.06,$1.90,8.23,$1.62,9.62,$0.57,27.37,$0.02B,$0.00B,13.7,$0.00B,$0.02B,0.0,$0.01B,$0.01B,100.00%,$0.01B,$0.01B,53.85%,$0.01B,$0.01B,53.85%,$0.01B,$0.01B,53.85%,$0.01B,$0.01B,53.85%,$0.01B,$0.00B,23.08%,$0.00B,$0.02B,16.44%,$0.00B,$0.02B,17.14%,$0.00B,$0.02B,15.58%,$0.01B,$0.02B,38.36%,$3,$0,$3,$0,$1,$2,$2,$0,$2,$1,$1,$1,$1,$2,$2,$6,7,$0.16,$0.15,$12,$0,$0,$16,$0,$0,$0,$0,$4,$21,$1,$0,$0,$0,$1,$0,$2,$0,$20,$21,$2,$0,$0,$0,$1,$0,$0,$-0,$1,$4,$0,$0,$0,$-3,$0,$-3,$0,$-3,$0,$0,$0,$-0,$-0,$0,$0,$-0,$1,$0,$0
22,2013-03-31,17.05,$2.93,5.81,$1.80,9.47,$1.41,12.09,$0.52,32.79,$0.02B,$0.00B,12.17,$0.00B,$0.02B,0.0,$0.01B,$0.01B,100.00%,$0.01B,$0.01B,46.15%,$0.01B,$0.01B,46.15%,$0.01B,$0.01B,46.15%,$0.01B,$0.01B,46.15%,$0.01B,$0.00B,23.08%,$0.00B,$0.02B,17.39%,$0.00B,$0.02B,17.91%,$0.00B,$0.02B,16.44%,$0.01B,$0.02B,34.78%,$4,$0,$4,$0,$2,$2,$2,$0,$2,$1,$1,$1,$1,$2,$2,$6,7,$0.21,$0.19,$12,$0,$0,$16,$0,$0,$0,$0,$4,$20,$1,$0,$0,$0,$1,$0,$1,$0,$19,$20,$1,$0,$0,$0,$2,$0,$0,$-0,$2,$4,$0,$0,$0,$0,$0,$0,$0,$0,$0,$0,$0,$-0,$-0,$0,$0,$-0,$4,$0,$0
23,2012-12-31,14.95,$2.74,5.45,$1.60,9.35,$1.44,10.42,$0.44,33.98,$0.01B,$0.00B,19.15,$0.00B,$0.02B,0.0,$0.01B,$0.01B,100.00%,$0.01B,$0.01B,41.67%,$0.01B,$0.01B,41.67%,$0.01B,$0.01B,41.67%,$0.01B,$0.01B,41.67%,$0.01B,$0.00B,25.00%,$0.00B,$0.02B,18.18%,$0.00B,$0.02B,18.75%,$0.00B,$0.02B,16.67%,$0.01B,$0.02B,30.30%,$4,$0,$4,$0,$1,$1,$2,$0,$2,$1,$1,$1,$1,$2,$2,$6,7,$0.17,$0.15,$9,$0,$0,$14,$0,$0,$0,$0,$5,$18,$1,$0,$0,$0,$1,$0,$-0,$0,$17,$18,$3,$-0,$2,$2,$-2,$0,$0,$-2,$-4,$1,$0,$0,$0,$-0,$0,$-0,$0,$-0,$0,$0,$0,$-1,$-1,$0,$0,$-1,$0,$0,$0
24,2012-09-30,19.42,$2.61,7.43,$1.47,13.2,$1.20,16.14,$0.29,66.97,$0.01B,$0.00B,14.23,$0.00B,$0.02B,0.0,$0.01B,$0.01B,100.00%,$0.01B,$0.00B,36.36%,$0.01B,$0.00B,36.36%,$0.01B,$0.00B,36.36%,$0.01B,$0.00B,36.36%,$0.01B,$0.00B,18.18%,$0.00B,$0.02B,12.50%,$0.00B,$0.02B,12.90%,$0.00B,$0.02B,11.43%,$0.00B,$0.02B,25.00%,$2,$0,$2,$0,$1,$2,$1,$0,$1,$0,$0,$0,$0,$1,$1,$6,7,$0.07,$0.07,$9,$0,$0,$13,$0,$0,$0,$0,$5,$18,$1,$0,$0,$0,$1,$0,$-1,$0,$17,$18,$2,$0,$1,$1,$0,$0,$0,$-0,$-0,$3,$0,$-2,$0,$-0,$0,$-0,$0,$-2,$0,$0,$0,$-1,$-1,$0,$0,$-0,$1,$0,$0
25,2012-06-30,18.78,$2.55,7.36,$1.39,13.5,$0.94,19.98,$0.26,72.23,$0.01B,$0.00B,11.62,$0.00B,$0.02B,0.0,$0.01B,$0.01B,100.00%,$0.01B,$0.00B,27.27%,$0.01B,$0.00B,27.27%,$0.01B,$0.00B,27.27%,$0.01B,$0.00B,27.27%,$0.01B,$0.00B,18.18%,$0.00B,$0.02B,13.11%,$0.00B,$0.02B,13.33%,$0.00B,$0.02B,11.94%,$0.00B,$0.02B,19.67%,$3,$0,$3,$0,$1,$2,$1,$0,$1,$0,$1,$1,$1,$1,$1,$6,7,$0.11,$0.10,$9,$0,$0,$13,$0,$0,$0,$0,$5,$17,$1,$0,$0,$0,$1,$0,$-2,$0,$16,$17,$1,$0,$1,$1,$0,$0,$0,$-0,$0,$2,$0,$-2,$0,$0,$0,$0,$0,$-2,$0,$0,$0,$-0,$-0,$0,$0,$-0,$1,$0,$0
26,2012-03-31,15.82,$2.46,6.42,$1.72,9.22,$0.92,17.16,$0.52,30.42,$0.01B,$0.00B,4.93,$0.00B,$0.02B,0.0,$0.01B,$0.01B,100.00%,$0.01B,$0.01B,38.46%,$0.01B,$0.01B,38.46%,$0.01B,$0.01B,38.46%,$0.01B,$0.01B,38.46%,$0.01B,$0.00B,30.77%,$0.00B,$0.02B,27.59%,$0.00B,$0.02B,28.07%,$0.00B,$0.02B,24.24%,$0.01B,$0.02B,34.48%,$3,$0,$3,$0,$1,$1,$1,$0,$1,$1,$1,$1,$1,$1,$1,$6,7,$0.12,$0.11,$11,$0,$0,$14,$0,$0,$0,$0,$5,$19,$3,$0,$0,$0,$3,$0,$-3,$0,$16,$19,$1,$0,$0,$0,$1,$0,$0,$-0,$3,$4,$0,$-2,$0,$0,$0,$0,$0,$-2,$0,$0,$0,$-0,$-0,$0,$0,$-0,$3,$0,$0
27,2011-12-31,16.62,$2.35,7.08,$1.60,10.37,$0.43,38.89,$0.92,18.07,$0.01B,$0.00B,11.72,$0.00B,$0.02B,0.0,$0.01B,$0.01B,100.00%,$0.01B,$0.00B,33.33%,$0.01B,$0.00B,33.33%,$0.01B,$0.00B,33.33%,$0.01B,$0.00B,33.33%,$0.01B,$0.01B,58.33%,$0.01B,$0.02B,52.83%,$0.01B,$0.02B,53.85%,$0.01B,$0.02B,45.16%,$0.00B,$0.02B,30.19%,$3,$0,$3,$0,$1,$1,$1,$0,$1,$1,$0,$0,$0,$1,$1,$6,7,$0.01,$0.04,$8,$0,$0,$13,$0,$0,$0,$0,$3,$16,$1,$0,$0,$0,$1,$0,$-3,$0,$15,$16,$7,$0,$-3,$-2,$-1,$0,$0,$-1,$-5,$-1,$0,$0,$0,$0,$0,$0,$0,$0,$0,$0,$0,$-1,$-1,$0,$2,$1,$1,$1,$0
28,2011-09-30,16.14,$2.17,7.42,$1.41,11.45,$0.39,41.88,$0.93,17.35,$0.01B,$0.00B,9.84,$0.00B,$0.01B,0.0,$0.01B,$0.01B,100.00%,$0.01B,$0.00B,30.00%,$0.01B,$0.00B,30.00%,$0.01B,$0.00B,30.00%,$0.01B,$0.00B,30.00%,$0.01B,$0.01B,70.00%,$0.01B,$0.01B,62.22%,$0.01B,$0.01B,63.64%,$0.01B,$0.02B,48.28%,$0.00B,$0.01B,26.67%,$2,$0,$2,$0,$1,$1,$0,$0,$0,$0,$0,$0,$0,$0,$0,$6,7,$0.04,$0.04,$9,$0,$0,$12,$0,$0,$0,$0,$3,$15,$1,$0,$0,$0,$2,$0,$-3,$0,$14,$15,$7,$0,$-3,$-3,$0,$0,$0,$-1,$-3,$1,$0,$0,$0,$0,$0,$0,$0,$0,$0,$0,$0,$-0,$-0,$0,$0,$0,$1,$0,$0
29,2011-06-30,22.4,$2.11,10.6,$1.30,17.25,$0.27,83.96,$0.81,27.65,$0.01B,$0.00B,5.91,$0.00B,$0.01B,0.0,$0.01B,$0.01B,100.00%,$0.01B,$0.00B,22.22%,$0.01B,$0.00B,22.22%,$0.01B,$0.00B,33.33%,$0.01B,$0.00B,33.33%,$0.01B,$0.01B,77.78%,$0.01B,$0.01B,75.68%,$0.01B,$0.01B,77.78%,$0.01B,$0.02B,50.91%,$0.00B,$0.01B,21.62%,$5,$0,$5,$0,$1,$2,$3,$0,$3,$1,$3,$3,$3,$3,$3,$6,7,$0.40,$0.36,$10,$0,$0,$13,$0,$0,$0,$0,$3,$16,$2,$0,$0,$0,$3,$0,$-4,$0,$13,$16,$6,$0,$-3,$-3,$1,$0,$0,$-0,$-1,$2,$0,$0,$0,$0,$0,$0,$0,$0,$0,$0,$0,$-0,$-0,$0,$0,$0,$3,$0,$0
30,2011-03-31,25.5,$1.67,15.25,$0.74,34.62,$0.12,213.39,$0.30,85.0,$0.01B,$0.00B,3.34,$0.00B,$0.01B,0.0,$0.01B,$0.01B,100.00%,$0.01B,$-0.00B,-40.00%,$0.01B,$-0.00B,-40.00%,$0.01B,$-0.00B,-20.00%,$0.01B,$-0.00B,-20.00%,$0.01B,$0.00B,60.00%,$0.00B,$0.01B,40.00%,$0.00B,$0.01B,41.38%,$0.00B,$0.02B,23.53%,$-0.00B,$0.01B,-26.67%,$2,$0,$2,$0,$2,$2,$0,$0,$0,$-4,$4,$4,$4,$0,$0,$6,7,$0.59,$0.51,$9,$0,$0,$12,$0,$0,$0,$0,$3,$15,$4,$0,$0,$1,$4,$0,$-6,$0,$11,$15,$4,$0,$-3,$-3,$1,$0,$0,$-0,$0,$1,$0,$0,$0,$0,$0,$0,$0,$0,$0,$0,$0,$0,$0,$0,$0,$0,$1,$0,$0
31,2010-12-31,25.6,$1.06,24.05,$0.91,28.23,$0.47,54.71,$-0.25,0.0,$0.01B,$0.00B,2.46,$0.00B,$0.01B,0.0,$0.01B,$0.01B,100.00%,$0.01B,$-0.00B,-33.33%,$0.01B,$-0.00B,-33.33%,$0.01B,$-0.00B,-16.67%,$0.01B,$-0.00B,-16.67%,$0.01B,$-0.00B,-16.67%,$-0.00B,$0.01B,-15.38%,$-0.00B,$0.01B,-16.00%,$-0.00B,$0.01B,-8.16%,$-0.00B,$0.01B,-30.77%,$1,$0,$1,$-0,$2,$1,$-0,$0,$0,$-0,$0,$0,$0,$-0,$-0,$6,6,$0.03,$0.03,$8,$0,$0,$10,$0,$0,$0,$0,$1,$12,$4,$0,$0,$1,$5,$0,$-10,$0,$7,$12,$-2,$0,$2,$2,$-0,$0,$0,$-1,$-1,$-1,$0,$0,$0,$-1,$0,$-1,$0,$-1,$0,$0,$0,$0,$0,$0,$0,$0,$-1,$2,$0
32,2010-09-30,26.92,$1.02,26.44,$0.85,31.73,$1.22,22.02,$-0.36,0.0,$0.01B,$0.01B,2.26,$0.00B,$0.01B,0.0,$0.01B,$0.01B,100.00%,$0.01B,$-0.00B,-50.00%,$0.01B,$-0.00B,-50.00%,$0.01B,$-0.00B,-33.33%,$0.01B,$-0.00B,-33.33%,$0.01B,$-0.00B,-33.33%,$-0.00B,$0.01B,-32.00%,$-0.00B,$0.01B,-33.33%,$-0.00B,$0.01B,-16.33%,$-0.00B,$0.01B,-48.00%,$1,$0,$1,$0,$1,$2,$-1,$0,$-0,$0,$-0,$-0,$-0,$-0,$-1,$6,6,$-0.08,$-0.08,$9,$0,$0,$10,$0,$0,$0,$0,$1,$12,$5,$0,$0,$1,$5,$0,$-10,$0,$6,$12,$-2,$0,$2,$2,$0,$0,$0,$-1,$-0,$-0,$0,$0,$0,$-1,$0,$-1,$0,$-1,$0,$0,$0,$0,$0,$0,$0,$0,$-1,$2,$0
33,2010-06-30,19.88,$1.03,19.24,$0.83,24.06,$2.00,9.93,$-0.34,0.0,$0.01B,$0.01B,2.18,$0.00B,$0.01B,0.0,$0.01B,$0.01B,100.00%,$0.01B,$-0.00B,-33.33%,$0.01B,$-0.00B,-33.33%,$0.01B,$-0.00B,-33.33%,$0.01B,$-0.00B,-33.33%,$0.01B,$-0.00B,-33.33%,$-0.00B,$0.01B,-32.00%,$-0.00B,$0.01B,-33.33%,$-0.00B,$0.01B,-16.33%,$-0.00B,$0.01B,-32.00%,$1,$0,$1,$0,$2,$2,$-1,$0,$-1,$0,$-1,$-1,$-1,$-1,$-1,$6,6,$-0.15,$-0.15,$10,$0,$0,$11,$0,$0,$0,$0,$1,$12,$5,$0,$0,$1,$6,$0,$-10,$0,$6,$12,$-1,$0,$1,$1,$1,$0,$0,$-1,$1,$1,$0,$0,$0,$0,$0,$0,$0,$0,$0,$0,$0,$0,$0,$0,$0,$0,$1,$1,$0
34,2010-03-31,27.75,$1.04,26.57,$0.89,31.07,$2.71,10.23,$-0.20,0.0,$0.01B,$0.01B,2.08,$0.00B,$0.01B,0.0,$0.01B,$0.01B,100.00%,$0.01B,$-0.00B,-16.67%,$0.01B,$-0.00B,-16.67%,$0.01B,$-0.00B,-16.67%,$0.01B,$-0.00B,-16.67%,$0.01B,$-0.00B,-16.67%,$-0.00B,$0.01B,-16.00%,$-0.00B,$0.01B,-16.67%,$-0.00B,$0.01B,-8.16%,$-0.00B,$0.01B,-16.00%,$3,$0,$3,$1,$2,$3,$-0,$0,$-0,$0,$-0,$-0,$-0,$-0,$-0,$6,6,$-0.04,$-0.04,$11,$0,$0,$12,$0,$0,$0,$0,$1,$13,$6,$0,$0,$1,$7,$0,$-9,$0,$7,$13,$-0,$0,$1,$1,$1,$0,$0,$-0,$2,$3,$0,$0,$0,$0,$0,$0,$0,$0,$0,$0,$0,$0,$0,$0,$0,$0,$3,$1,$0
35,2009-12-31,29.35,$0.98,29.85,$0.52,56.19,$3.33,8.82,$-0.32,0.0,$0.01B,$0.01B,2.28,$0.00B,$0.01B,0.0,$0.00B,$0.00B,100.00%,$0.00B,$-0.00B,-66.67%,$0.00B,$-0.00B,-66.67%,$0.00B,$-0.00B,-66.67%,$0.00B,$-0.00B,-66.67%,$0.00B,$-0.00B,-66.67%,$-0.00B,$0.01B,-33.33%,$-0.00B,$0.01B,-34.78%,$-0.00B,$0.01B,-16.67%,$-0.00B,$0.01B,-33.33%,$1,$0,$1,$0,$1,$1,$-1,$0,$-1,$-0,$-1,$-1,$-1,$-1,$-1,$6,6,$-0.09,$-0.09,$8,$0,$0,$10,$0,$0,$0,$0,$1,$12,$5,$0,$0,$1,$6,$0,$-8,$0,$6,$12,$-2,$0,$1,$2,$6,$0,$0,$-2,$4,$4,$0,$0,$0,$-4,$0,$-4,$0,$-4,$0,$0,$0,$0,$0,$0,$0,$0,$0,$1,$0
36,2009-09-30,32.01,$1.03,31.23,$1.46,22.0,$2.26,14.17,$0.57,56.16,$0.01B,$0.00B,6.35,$0.00B,$0.01B,0.0,$0.01B,$0.01B,100.00%,$0.01B,$0.01B,55.56%,$0.01B,$0.01B,55.56%,$0.01B,$0.01B,55.56%,$0.01B,$0.01B,55.56%,$0.01B,$0.00B,44.44%,$0.00B,$0.01B,66.67%,$0.00B,$0.01B,69.57%,$0.00B,$0.01B,32.65%,$0.01B,$0.01B,83.33%,$1,$0,$1,$0,$1,$1,$-0,$0,$-0,$-0,$-0,$-0,$-0,$-0,$-0,$6,6,$-0.06,$-0.06,$9,$0,$0,$11,$0,$0,$0,$0,$1,$12,$2,$0,$3,$4,$6,$0,$-8,$0,$6,$12,$-1,$0,$1,$1,$6,$0,$0,$-1,$5,$5,$0,$0,$0,$-4,$0,$-4,$0,$-4,$0,$0,$0,$0,$0,$0,$0,$0,$1,$1,$0
37,2009-06-30,23.83,$1.00,23.86,$1.38,17.32,$1.15,20.75,$0.63,37.83,$0.01B,$0.00B,6.16,$0.00B,$0.01B,0.0,$0.01B,$0.01B,100.00%,$0.01B,$0.00B,50.00%,$0.01B,$0.00B,50.00%,$0.01B,$0.00B,50.00%,$0.01B,$0.01B,62.50%,$0.01B,$0.00B,50.00%,$0.00B,$0.01B,88.89%,$0.00B,$0.01B,94.12%,$0.00B,$0.01B,36.36%,$0.00B,$0.01B,88.89%,$1,$0,$1,$0,$1,$1,$-0,$0,$-0,$0,$-0,$-0,$-0,$-0,$-0,$6,6,$-0.01,$-0.01,$10,$0,$0,$11,$0,$0,$0,$0,$1,$12,$2,$0,$3,$4,$6,$0,$-7,$0,$6,$12,$-1,$0,$1,$1,$6,$0,$0,$-1,$5,$5,$0,$0,$0,$0,$0,$0,$0,$0,$0,$0,$0,$0,$0,$0,$0,$0,$6,$1,$0
38,2009-03-31,20.5,$0.92,22.23,$1.25,16.43,$0.06,341.1,$0.64,32.03,$0.01B,$0.00B,5.24,$0.00B,$0.01B,0.0,$0.01B,$0.01B,100.00%,$0.01B,$0.00B,42.86%,$0.01B,$0.00B,42.86%,$0.01B,$0.00B,42.86%,$0.01B,$0.00B,57.14%,$0.01B,$0.00B,42.86%,$0.00B,$0.01B,109.09%,$0.00B,$0.01B,120.00%,$0.00B,$0.01B,31.58%,$0.00B,$0.01B,109.09%,$0,$0,$0,$0,$1,$1,$-1,$-0,$-1,$0,$-1,$-1,$-1,$-1,$-1,$6,6,$-0.16,$-0.16,$11,$0,$0,$11,$0,$0,$0,$0,$1,$12,$2,$0,$3,$5,$7,$0,$-7,$0,$6,$12,$-1,$0,$0,$0,$7,$0,$0,$-0,$7,$6,$0,$0,$0,$1,$0,$1,$0,$1,$0,$0,$0,$0,$0,$0,$0,$0,$7,$0,$0
39,2008-12-31,21.4,$1.03,20.81,$1.26,16.96,$-1.03,0.0,$0.80,26.75,$0.01B,$0.00B,5.73,$0.00B,$0.01B,0.0,$0.01B,$0.01B,100.00%,$0.01B,$0.00B,57.14%,$0.01B,$0.00B,57.14%,$0.01B,$0.00B,57.14%,$0.01B,$0.01B,71.43%,$0.01B,$0.00B,57.14%,$0.00B,$0.01B,1600.00%,$0.00B,$0.01B,1600.00%,$0.00B,$0.01B,53.33%,$0.00B,$0.01B,1600.00%,$7,$0,$7,$0,$1,$2,$6,$0,$6,$0,$5,$5,$5,$6,$6,$6,7,$0.90,$0.81,$4,$0,$0,$11,$0,$0,$0,$0,$1,$13,$2,$0,$3,$5,$7,$0,$-6,$0,$6,$13,$4,$0,$1,$2,$-7,$0,$0,$-1,$-8,$-3,$0,$-1,$0,$0,$0,$0,$0,$-1,$0,$0,$0,$6,$6,$0,$1,$8,$3,$1,$0
40,2008-09-30,19.0,$0.03,553.94,$0.28,67.16,$-1.23,0.0,0,0.0,$0.01B,$0.00B,1.26,$0.00B,$0.00B,0.0,$0.00B,0,nan%,$0.00B,$-0.00B,inf%,$0.00B,$-0.00B,inf%,$0.00B,$-0.00B,inf%,$0.00B,$-0.00B,inf%,$0.00B,$-0.00B,inf%,$-0.00B,$0.00B,100.00%,$-0.00B,$0.00B,100.00%,$-0.00B,$0.01B,-66.67%,$-0.00B,$0.00B,133.33%,$0,$0,$0,$0,$1,$1,$-1,$0,$-0,$-0,$-0,$-0,$-0,$-1,$-1,$6,6,$-0.04,$-0.04,$5,$0,$0,$5,$0,$0,$0,$0,$1,$7,$4,$0,$0,$2,$7,$0,$-12,$0,$0,$7,$-1,$0,$1,$1,$0,$0,$0,$-1,$-2,$-2,$0,$-1,$0,$-0,$0,$-0,$0,$-2,$0,$0,$0,$6,$6,$0,$1,$7,$4,$1,$0
41,2008-06-30,16.25,$-0.23,-71.24,$0.29,55.28,$-1.37,0.0,0,0.0,$0.01B,$0.01B,1.02,$0.00B,$-0.00B,0.0,$0.00B,0,nan%,$0.00B,$-0.00B,inf%,$0.00B,$-0.00B,inf%,$0.00B,$-0.00B,inf%,$0.00B,$-0.00B,inf%,$0.00B,$-0.00B,inf%,$-0.00B,$-0.00B,94.12%,$-0.00B,$-0.00B,94.12%,$-0.00B,$0.01B,-123.08%,$-0.00B,$-0.00B,94.12%,$0,$0,$0,$0,$1,$1,$-1,$0,$-1,$0,$-1,$-1,$-1,$-1,$-1,$6,6,$-0.14,$-0.14,$5,$0,$0,$5,$0,$1,$0,$0,$1,$6,$5,$0,$0,$3,$7,$0,$-11,$-0,$-1,$6,$-1,$0,$1,$1,$0,$0,$0,$-1,$-1,$-1,$0,$0,$0,$-0,$0,$-0,$0,$-0,$0,$0,$0,$5,$5,$0,$1,$6,$5,$1,$0
42,2008-03-31,12.0,$-0.66,-18.28,$0.29,41.5,$-1.51,0.0,0,0.0,$0.00B,$0.01B,0.52,$0.00B,$-0.00B,0.0,$0.00B,0,nan%,$0.00B,$-0.00B,inf%,$0.00B,$-0.00B,inf%,$0.00B,$-0.00B,inf%,$0.00B,$-0.00B,inf%,$0.00B,$-0.00B,inf%,$-0.00B,$-0.00B,60.00%,$-0.00B,$-0.00B,60.00%,$-0.00B,$0.00B,-120.00%,$-0.00B,$-0.00B,80.00%,$0,$0,$0,$0,$1,$1,$-0,$0,$-0,$0,$-0,$-0,$-0,$-0,$-0,$6,6,$-0.08,$-0.08,$3,$0,$0,$3,$0,$2,$0,$0,$2,$4,$5,$0,$0,$3,$8,$0,$-11,$-0,$-4,$4,$-0,$0,$0,$0,$0,$0,$0,$-0,$0,$-0,$0,$0,$0,$-1,$0,$-1,$0,$-1,$0,$0,$0,$2,$2,$0,$1,$3,$2,$0,$0
43,2007-12-31,10.0,$-1.23,-8.14,$0.29,34.87,$-1.65,0.0,0,0.0,$0.00B,$0.00B,0.43,$0.00B,$-0.01B,0.0,$0.00B,0,nan%,$0.00B,$-0.01B,inf%,$0.00B,$-0.01B,inf%,$0.00B,$-0.01B,inf%,$0.00B,$-0.00B,inf%,$0.00B,$-0.00B,inf%,$-0.00B,$-0.01B,80.00%,$-0.00B,$-0.01B,80.00%,$-0.00B,$0.00B,-160.00%,$-0.01B,$-0.01B,100.00%,$0,$0,$0,$2,$1,$2,$-2,$-0,$-2,$0,$-2,$-2,$-2,$-2,$-2,$5,5,$-0.42,$-0.42,$1,$0,$0,$1,$0,$0,$0,$0,$0,$1,$3,$0,$2,$5,$8,$0,$-10,$0,$-7,$1,$-5,$0,$0,$0,$-0,$0,$0,$-1,$1,$-3,$0,$0,$0,$-1,$0,$-1,$0,$-1,$0,$0,$0,$0,$0,$0,$0,$0,$-4,$1,$0
44,2007-09-30,5.8,$-0.86,-6.71,$0.37,15.49,$-1.39,0.0,0,0.0,$0.00B,$0.00B,0.58,$0.00B,$-0.01B,0.0,$0.00B,$0.00B,100.00%,$0.00B,$-0.00B,-400.00%,$0.00B,$-0.00B,-400.00%,$0.00B,$-0.00B,-300.00%,$0.00B,$-0.00B,-300.00%,$0.00B,$-0.00B,-300.00%,$-0.00B,$-0.01B,75.00%,$-0.00B,$-0.01B,75.00%,$-0.00B,$0.00B,-85.71%,$-0.00B,$-0.01B,100.00%,$0,$0,$0,$0,$1,$1,$-1,$0,$-1,$0,$-1,$-1,$-1,$-1,$-1,$5,5,$-0.14,$-0.14,$2,$0,$0,$2,$0,$0,$0,$0,$0,$2,$4,$0,$0,$3,$7,$0,$-8,$0,$-5,$2,$-2,$0,$0,$0,$-0,$0,$0,$-1,$-0,$-3,$0,$0,$0,$0,$0,$0,$0,$0,$0,$0,$0,$0,$0,$0,$0,$0,$-2,$0,$0
45,2007-06-30,4.65,$-0.77,-6.03,$0.37,12.41,$-1.14,0.0,0,0.0,$0.00B,$0.00B,0.82,$0.00B,$-0.00B,0.0,$0.00B,$0.00B,100.00%,$0.00B,$-0.00B,-400.00%,$0.00B,$-0.00B,-400.00%,$0.00B,$-0.00B,-300.00%,$0.00B,$-0.00B,-200.00%,$0.00B,$-0.00B,-200.00%,$-0.00B,$-0.00B,57.14%,$-0.00B,$-0.00B,57.14%,$-0.00B,$0.00B,-42.11%,$-0.00B,$-0.00B,114.29%,$0,$0,$0,$0,$1,$1,$-1,$0,$-0,$0,$-0,$-0,$-0,$-1,$-1,$5,5,$-0.09,$-0.09,$3,$0,$0,$3,$0,$0,$0,$0,$0,$3,$3,$0,$0,$4,$7,$0,$-7,$0,$-4,$3,$-2,$0,$-0,$-0,$0,$0,$0,$-0,$-0,$-2,$0,$0,$0,$0,$0,$0,$0,$0,$0,$0,$0,$0,$0,$0,$0,$0,$-2,$0,$0
46,2007-03-31,4.4,$-0.72,-6.11,$0.37,11.75,$-0.87,0.0,0,0.0,$0.00B,$0.00B,1.01,$0.00B,$-0.00B,0.0,$0.00B,$0.00B,100.00%,$0.00B,$-0.00B,-400.00%,$0.00B,$-0.00B,-400.00%,$0.00B,$-0.00B,-300.00%,$0.00B,$-0.00B,-300.00%,$0.00B,$-0.00B,-300.00%,$-0.00B,$-0.00B,100.00%,$-0.00B,$-0.00B,100.00%,$-0.00B,$0.00B,-50.00%,$-0.00B,$-0.00B,133.33%,$0,$0,$0,$0,$1,$1,$-1,$0,$-1,$0,$-1,$-1,$-1,$-1,$-1,$5,5,$-0.21,$-0.21,$4,$0,$0,$4,$0,$0,$0,$0,$0,$4,$4,$0,$0,$4,$8,$0,$-7,$0,$-4,$4,$-1,$0,$-0,$-0,$0,$0,$0,$0,$0,$-1,$0,$0,$0,$0,$0,$0,$0,$0,$0,$0,$0,$0,$0,$0,$0,$0,$-1,$0,$0
47,2006-12-31,3.8,$-0.61,-6.24,$0.37,10.34,$-0.56,0.0,0,0.0,$0.00B,$0.00B,1.19,$0.00B,$-0.00B,0.0,$0.00B,$0.00B,100.00%,$0.00B,$-0.00B,-400.00%,$0.00B,$-0.00B,-400.00%,$0.00B,$-0.00B,-300.00%,$0.00B,$-0.00B,-300.00%,$0.00B,$-0.00B,-100.00%,$-0.00B,$-0.00B,40.00%,$-0.00B,$-0.00B,40.00%,$-0.00B,$0.01B,-13.33%,$-0.00B,$-0.00B,160.00%,$1,$0,$1,$0,$1,$2,$-1,$-0,$-1,$0,$-1,$-1,$-1,$-0,$-1,$5,5,$-0.13,$-0.13,$4,$0,$0,$4,$0,$0,$0,$0,$0,$5,$4,$0,$0,$4,$8,$0,$-6,$0,$-3,$5,$-3,$0,$2,$3,$-0,$0,$0,$-1,$-1,$-2,$0,$0,$0,$0,$0,$0,$6,$6,$0,$-0,$-0,$0,$0,$0,$-0,$-0,$4,$1,$0
