,Date,Stock Price,Book Value per Share,Price to Book Ratio,TTM Sales per Share,Price to Sales Ratio,TTM FCF per Share,Price to FCF Ratio,TTM Net EPS,PE Ratio,Current Assets,Current Liabilities,Current Ratio,Long Term Debt,Shareholder's Equity_x,Debt to Equity Ratio,TTM Revenue_x,TTM Gross Profit,Gross Margin,TTM Revenue_y,TTM Operating Income,Operating Margin,TTM Revenue_x,TTM EBIT,EBIT Margin,TTM Revenue_y,TTM EBITDA,EBITDA Margin,TTM Revenue_x,TTM Pre-Tax Income,Pre-Tax Margin,TTM Revenue_y,TTM Net Income_x,Net Margin,TTM Net Income_y,Shareholder's Equity_y,Return on Equity,TTM Net Income_x,Tangible Equity,Return on Tangible Equity,TTM Net Income_y,Total Assets,Return on Assets,TTM Net Income,LT Investments & Debt,Return on Investment,revenue,cost-goods-sold,gross-profit,research-development-expenses,selling-general-administrative-expenses,operating-expenses,operating-income,total-non-operating-income-expense,pre-tax-income,total-provision-income-taxes,income-after-taxes,income-from-continuous-operations,net-income,ebitda,ebit,basic-shares-outstanding,shares-outstanding,eps-basic-net-earnings-per-share,eps-earnings-per-share-diluted,cash-on-hand,inventory,other-current-assets,total-current-assets,net-property-plant-equipment,long-term-investments,goodwill-intangible-assets-total,other-long-term-assets,total-long-term-assets,total-assets,total-current-liabilities,long-term-debt,other-non-current-liabilities,total-long-term-liabilities,total-liabilities,common-stock-net,retained-earnings-accumulated-deficit,comprehensive-income,total-share-holder-equity,total-liabilities-share-holders-equity,net-income-loss,total-depreciation-amortization-cash-flow,other-non-cash-items,total-non-cash-items,change-in-accounts-receivable,change-in-inventories,change-in-accounts-payable,change-in-assets-liabilities,total-change-in-assets-liabilities,cash-flow-from-operating-activities,net-change-in-property-plant-equipment,net-change-in-intangible-assets,net-acquisitions-divestitures,net-change-in-short-term-investments,net-change-in-long-term-investments,net-change-in-investments-total,investing-activities-other,cash-flow-from-investing-activities,net-long-term-debt,net-current-debt,debt-issuance-retirement-net-total,net-common-equity-issued-repurchased,net-total-equity-issued-repurchased,total-common-preferred-stock-dividends-paid,financial-activities-other,cash-flow-from-financial-activities,net-cash-flow,stock-based-compensation,common-stock-dividends-paid
0,2018-09-30,38.5,$5.99,6.43,$6.92,5.57,$0.70,54.85,$0.47,81.91,$3.97B,$5.08B,0.78,$4.81B,$8.29B,0.58,$9.67B,$6.91B,71.49%,$9.67B,$1.51B,15.58%,$9.67B,$1.51B,15.58%,$9.67B,$1.51B,15.58%,$9.67B,$1.35B,14.00%,$9.67B,$0.67B,6.93%,$0.67B,$8.29B,8.91%,$0.67B,$-5.60B,-11.90%,$0.67B,$20.38B,3.43%,$1.51B,$13.10B,12.48%,$2393,$672,$1721,$289,$887,$2004,$389,$68,$456,$24,$432,$432,$432,$389,$389,$1383,1404,$0.31,$0.31,$168,$1134,$1045,$3971,$1730,$0,$13885,$794,$16409,$20379,$5082,$4806,$1774,$7008,$12090,$16,$-7339,$25,$8289,$20379,$0,$0,$0,$0,$0,$0,$0,$0,$0,$291,$-210,$0,$-968,$0,$-148,$-148,$0,$-1326,$371,$596,$967,$94,$94,$0,$-54,$1007,$-37,$0,$0
1,2018-06-30,32.7,$5.61,5.83,$6.81,4.8,$1.00,32.56,$0.36,90.83,$3.93B,$4.75B,0.83,$4.81B,$7.74B,0.62,$9.50B,$6.78B,71.35%,$9.50B,$1.50B,15.74%,$9.50B,$1.50B,15.74%,$9.50B,$1.50B,15.74%,$9.50B,$1.21B,12.71%,$9.50B,$0.52B,5.48%,$0.52B,$7.74B,7.09%,$0.52B,$-5.43B,-9.47%,$0.52B,$19.62B,2.72%,$1.50B,$12.55B,12.67%,$2490,$739,$1751,$275,$903,$2099,$391,$-45,$347,$-209,$556,$556,$555,$391,$391,$1381,1399,$0.40,$0.40,$208,$1087,$1001,$3929,$1715,$0,$13176,$796,$15687,$19615,$4753,$4808,$1945,$7117,$11871,$16,$-7770,$-16,$7744,$19615,$0,$0,$0,$0,$0,$0,$0,$0,$0,$-210,$-134,$0,$-418,$0,$-112,$-112,$0,$-664,$382,$472,$854,$53,$53,$0,$-52,$856,$-23,$0,$0
2,2018-03-31,27.32,$5.10,5.36,$6.65,4.11,$1.33,20.55,$0.07,390.29,$4.08B,$4.99B,0.82,$4.80B,$7.03B,0.68,$9.27B,$6.65B,71.78%,$9.27B,$1.33B,14.34%,$9.27B,$1.33B,14.34%,$9.27B,$1.33B,14.34%,$9.27B,$0.95B,10.26%,$9.27B,$0.11B,1.21%,$0.11B,$7.03B,1.55%,$0.11B,$-5.67B,-2.02%,$0.11B,$19.20B,0.60%,$1.33B,$11.83B,11.38%,$2379,$672,$1707,$261,$878,$1971,$408,$-84,$323,$26,$297,$297,$298,$408,$408,$1377,1397,$0.22,$0.21,$287,$1113,$1048,$4080,$1700,$0,$12697,$725,$15122,$19202,$4988,$4803,$2254,$7185,$12172,$16,$-8326,$-128,$7030,$19202,$0,$0,$0,$0,$0,$0,$0,$0,$0,$193,$-60,$0,$-9,$0,$-103,$-103,$0,$-173,$388,$-246,$142,$38,$38,$0,$-50,$130,$151,$0,$0
3,2017-12-31,24.79,$5.11,4.86,$6.50,3.81,$1.15,21.58,$0.07,354.14,$3.82B,$5.65B,0.68,$3.82B,$7.01B,0.54,$9.05B,$6.46B,71.34%,$9.05B,$1.29B,14.20%,$9.05B,$1.29B,14.20%,$9.05B,$1.29B,14.20%,$9.05B,$0.93B,10.31%,$9.05B,$0.10B,1.15%,$0.10B,$7.01B,1.44%,$0.10B,$-5.82B,-1.91%,$0.10B,$19.04B,0.56%,$1.29B,$10.83B,10.83%,$2409,$674,$1735,$264,$903,$2090,$319,$-92,$228,$842,$-614,$-614,$-615,$319,$319,$1370,1393,$-0.45,$-0.44,$188,$1078,$942,$3822,$1697,$0,$12835,$688,$15220,$19042,$5654,$3815,$2370,$6376,$12030,$16,$-8390,$-59,$7012,$19042,$104,$848,$407,$1255,$-30,$-107,$0,$8,$66,$1426,$-319,$0,$-560,$0,$-131,$-131,$0,$-1010,$-1000,$1123,$123,$85,$85,$0,$-98,$110,$530,$127,$0
4,2017-09-30,29.17,$5.53,5.28,$6.36,4.59,$0.96,30.39,$0.61,47.82,$3.48B,$4.83B,0.72,$4.42B,$7.59B,0.58,$8.83B,$6.29B,71.27%,$8.83B,$1.11B,12.53%,$8.83B,$1.11B,12.53%,$8.83B,$1.11B,12.53%,$8.83B,$0.79B,8.99%,$8.83B,$0.84B,9.55%,$0.84B,$7.59B,11.79%,$0.84B,$-5.08B,-15.45%,$0.84B,$18.64B,4.62%,$1.11B,$12.00B,9.07%,$2222,$637,$1585,$254,$816,$1845,$377,$-68,$309,$26,$283,$283,$283,$377,$377,$1372,1394,$0.21,$0.20,$210,$1077,$645,$3478,$1678,$0,$12665,$815,$15158,$18636,$4828,$4416,$1738,$6220,$11048,$16,$-7785,$-51,$7588,$18636,$0,$0,$0,$0,$0,$0,$0,$0,$0,$742,$-240,$0,$-392,$0,$-89,$-89,$0,$-721,$-1030,$1193,$163,$79,$79,$0,$-64,$178,$202,$0,$0
5,2017-06-30,27.72,$5.28,5.25,$6.29,4.41,$0.84,33.15,$0.58,47.79,$3.22B,$4.30B,0.75,$4.82B,$7.24B,0.67,$8.71B,$6.22B,71.38%,$8.71B,$1.08B,12.36%,$8.71B,$1.08B,12.36%,$8.71B,$1.08B,12.36%,$8.71B,$0.74B,8.52%,$8.71B,$0.79B,9.04%,$0.79B,$7.24B,11.46%,$0.79B,$-5.56B,-13.94%,$0.79B,$18.38B,4.37%,$1.08B,$12.05B,8.90%,$2257,$632,$1625,$244,$832,$2032,$225,$-134,$91,$-55,$146,$146,$146,$225,$225,$1370,1391,$0.11,$0.11,$195,$1023,$485,$3222,$1651,$0,$12792,$717,$15160,$18382,$4300,$4817,$1972,$6847,$11147,$16,$-8068,$-53,$7235,$18382,$0,$0,$0,$0,$0,$0,$0,$0,$0,$290,$-180,$0,$-392,$0,$-47,$-47,$0,$-619,$-618,$953,$335,$44,$44,$0,$-62,$317,$-11,$0,$0
6,2017-03-31,24.87,$5.15,4.83,$6.24,3.99,$1.07,23.19,$0.32,77.72,$3.03B,$3.49B,0.87,$5.51B,$7.05B,0.78,$8.58B,$6.08B,70.86%,$8.58B,$0.52B,6.04%,$8.58B,$0.52B,6.04%,$8.58B,$0.52B,6.04%,$8.58B,$0.25B,2.96%,$8.58B,$0.44B,5.07%,$0.44B,$7.05B,6.57%,$0.44B,$-5.37B,-7.49%,$0.44B,$17.94B,2.43%,$0.52B,$12.56B,4.34%,$2160,$650,$1510,$235,$811,$1796,$364,$-59,$305,$15,$290,$290,$290,$364,$364,$1365,1390,$0.21,$0.21,$156,$971,$405,$3026,$1652,$0,$12423,$842,$14917,$17943,$3490,$5509,$1872,$7400,$10890,$16,$-8215,$-46,$7053,$17943,$0,$0,$0,$0,$0,$0,$0,$0,$0,$-7,$-112,$0,$0,$0,$-28,$-28,$0,$-140,$-250,$281,$31,$33,$33,$0,$-79,$-15,$-161,$0,$0
7,2016-12-31,21.63,$4.94,4.38,$6.12,3.54,$1.22,17.72,$0.26,83.19,$3.24B,$3.59B,0.9,$5.42B,$6.73B,0.81,$8.39B,$5.96B,71.09%,$8.39B,$0.45B,5.33%,$8.39B,$0.45B,5.33%,$8.39B,$0.45B,5.33%,$8.39B,$0.18B,2.11%,$8.39B,$0.35B,4.14%,$0.35B,$6.73B,5.36%,$0.35B,$-5.83B,-5.80%,$0.35B,$18.10B,1.95%,$0.45B,$12.15B,3.80%,$2191,$618,$1573,$256,$852,$2051,$140,$-51,$89,$-35,$124,$124,$124,$140,$140,$1358,1377,$0.09,$0.08,$196,$955,$541,$3239,$1630,$0,$12561,$666,$14857,$18096,$3587,$5420,$2338,$7776,$11363,$16,$-8581,$1,$6733,$18096,$347,$826,$-197,$629,$-216,$40,$0,$-171,$206,$1182,$-347,$0,$-408,$0,$-132,$-132,$0,$-887,$-250,$60,$-190,$111,$111,$0,$-127,$-206,$87,$116,$0
8,2016-09-30,23.8,$4.76,5.0,$6.00,3.97,$0.95,25.17,$0.06,396.67,$3.18B,$3.02B,1.06,$5.17B,$6.48B,0.8,$8.17B,$5.79B,70.88%,$8.17B,$0.08B,0.98%,$8.17B,$0.08B,0.98%,$8.17B,$0.08B,0.98%,$8.17B,$-0.25B,-3.05%,$8.17B,$0.08B,0.99%,$0.08B,$6.48B,1.27%,$0.08B,$-5.85B,-1.32%,$0.08B,$17.70B,0.45%,$0.08B,$11.65B,0.68%,$2105,$594,$1511,$232,$792,$1757,$348,$-91,$257,$29,$228,$228,$228,$348,$348,$1361,1380,$0.17,$0.17,$237,$998,$477,$3181,$1500,$0,$12336,$680,$14516,$17697,$3016,$5171,$3002,$8199,$11215,$19,$-8706,$-99,$6482,$17697,$0,$0,$0,$0,$0,$0,$0,$0,$0,$506,$-180,$0,$-70,$0,$-105,$-105,$0,$-355,$-285,$0,$-285,$108,$108,$0,$-57,$-234,$-82,$0,$0
9,2016-06-30,23.37,$4.58,5.1,$5.88,3.97,$0.79,29.57,$-0.26,0.0,$3.33B,$3.18B,1.05,$5.17B,$6.22B,0.83,$7.96B,$5.63B,70.78%,$7.96B,$-0.57B,-7.13%,$7.96B,$-0.57B,-7.13%,$7.96B,$-0.57B,-7.13%,$7.96B,$-0.87B,-10.97%,$7.96B,$-0.35B,-4.34%,$-0.35B,$6.22B,-5.43%,$-0.35B,$-6.19B,5.54%,$-0.35B,$17.84B,-1.92%,$-0.57B,$11.39B,-4.78%,$2126,$639,$1487,$222,$799,$2460,$-334,$-63,$-397,$-190,$-207,$-207,$-207,$-334,$-334,$1357,1357,$-0.15,$-0.15,$438,$981,$446,$3330,$1487,$0,$12405,$616,$14508,$17838,$3182,$5173,$3239,$8436,$11618,$18,$-8934,$-70,$6220,$17838,$0,$0,$0,$0,$0,$0,$0,$0,$0,$537,$-109,$0,$0,$0,$-41,$-41,$0,$-150,$-285,$0,$-285,$73,$73,$0,$-56,$-268,$119,$0,$0
10,2016-03-31,18.81,$4.77,3.95,$5.67,3.32,$0.31,61.33,$-0.03,0.0,$3.16B,$2.61B,1.21,$5.42B,$6.46B,0.84,$7.67B,$5.45B,70.99%,$7.67B,$-0.01B,-0.18%,$7.67B,$-0.01B,-0.18%,$7.67B,$-0.01B,-0.18%,$7.67B,$-0.37B,-4.84%,$7.67B,$-0.04B,-0.47%,$-0.04B,$6.46B,-0.56%,$-0.04B,$-6.08B,0.61%,$-0.04B,$17.72B,-0.20%,$-0.01B,$11.88B,-0.12%,$1964,$573,$1391,$210,$735,$1671,$293,$-65,$228,$26,$202,$202,$202,$293,$293,$1350,1370,$0.15,$0.15,$338,$1022,$437,$3164,$1464,$0,$12539,$551,$14554,$17718,$2608,$5424,$2934,$8653,$11261,$16,$-8725,$35,$6457,$17718,$0,$0,$0,$0,$0,$0,$0,$0,$0,$116,$-30,$0,$0,$0,$-18,$-18,$0,$-48,$0,$0,$0,$27,$27,$0,$-78,$-51,$19,$0,$0
11,2015-12-31,18.44,$4.69,3.93,$5.56,3.32,$0.06,298.87,$-0.18,0.0,$3.47B,$2.43B,1.43,$5.67B,$6.32B,0.9,$7.48B,$5.30B,70.94%,$7.48B,$-0.28B,-3.78%,$7.48B,$-0.28B,-3.78%,$7.48B,$-0.28B,-3.78%,$7.48B,$-0.65B,-8.69%,$7.48B,$-0.24B,-3.20%,$-0.24B,$6.32B,-3.70%,$-0.24B,$-6.35B,4.28%,$-0.24B,$18.13B,-1.37%,$-0.28B,$11.99B,-2.45%,$1978,$574,$1404,$243,$794,$2205,$-227,$-110,$-337,$-195,$-142,$-142,$-142,$-227,$-227,$1341,1341,$-0.11,$-0.11,$319,$1016,$365,$3471,$1490,$0,$12667,$505,$14662,$18133,$2430,$5674,$2974,$9383,$11813,$16,$-8927,$88,$6320,$18133,$-239,$788,$-184,$604,$-17,$3,$0,$360,$326,$691,$-247,$0,$-1734,$0,$-266,$-266,$61,$-2186,$1385,$0,$1385,$114,$114,$0,$-222,$1276,$-223,$107,$0
12,2015-09-30,16.41,$4.77,3.44,$5.51,2.98,$0.49,33.26,$-0.01,0.0,$3.46B,$2.24B,1.55,$5.80B,$6.41B,0.9,$7.39B,$5.23B,70.77%,$7.39B,$-0.55B,-7.43%,$7.39B,$-0.55B,-7.43%,$7.39B,$-0.55B,-7.43%,$7.39B,$-0.87B,-11.74%,$7.39B,$-0.40B,-5.36%,$-0.40B,$6.41B,-6.10%,$-0.40B,$-6.29B,7.54%,$-0.40B,$18.22B,-2.30%,$-0.55B,$12.21B,-4.93%,$1888,$539,$1349,$221,$746,$2187,$-299,$-68,$-367,$-169,$-198,$-198,$-198,$-299,$-299,$1344,1344,$-0.15,$-0.15,$350,$1086,$385,$3462,$1479,$0,$12696,$578,$14753,$18215,$2238,$5796,$3001,$9567,$11805,$16,$-8785,$81,$6410,$18215,$0,$0,$0,$0,$0,$0,$0,$0,$0,$271,$-162,$0,$-1642,$0,$-209,$-209,$-3,$-2016,$1580,$0,$1580,$97,$97,$0,$-164,$1513,$-237,$0,$0
13,2015-06-30,17.7,$4.90,3.61,$5.47,3.23,$0.89,19.8,$0.17,104.12,$3.77B,$1.94B,1.95,$5.07B,$6.58B,0.77,$7.34B,$5.17B,70.45%,$7.34B,$-0.19B,-2.53%,$7.34B,$-0.19B,-2.53%,$7.34B,$-0.19B,-2.53%,$7.34B,$-0.50B,-6.77%,$7.34B,$-0.16B,-2.11%,$-0.16B,$6.58B,-2.36%,$-0.16B,$-4.79B,3.15%,$-0.16B,$17.12B,-0.92%,$-0.19B,$11.65B,-1.72%,$1843,$540,$1303,$220,$718,$1624,$219,$-114,$105,$3,$102,$102,$102,$219,$219,$1341,1362,$0.08,$0.08,$903,$968,$391,$3773,$1451,$0,$11372,$527,$13350,$17123,$1937,$5069,$2638,$8606,$10543,$16,$-8587,$104,$6580,$17123,$0,$0,$0,$0,$0,$0,$0,$0,$0,$-137,$-92,$0,$-65,$0,$-140,$-140,$0,$-297,$831,$0,$831,$70,$70,$0,$-149,$752,$316,$0,$0
14,2015-03-31,17.75,$4.85,3.66,$5.51,3.22,$1.33,13.36,$0.09,197.22,$3.19B,$2.46B,1.3,$3.85B,$6.50B,0.59,$7.37B,$5.18B,70.26%,$7.37B,$-0.47B,-6.43%,$7.37B,$-0.47B,-6.43%,$7.37B,$-0.47B,-6.43%,$7.37B,$-0.71B,-9.57%,$7.37B,$-0.25B,-3.43%,$-0.25B,$6.50B,-3.86%,$-0.25B,$-4.89B,5.13%,$-0.25B,$16.47B,-1.52%,$-0.47B,$10.35B,-4.47%,$1768,$520,$1248,$192,$685,$1744,$24,$-75,$-51,$-50,$-1,$-1,$-1,$24,$24,$1334,1334,$0.00,$0.00,$242,$958,$489,$3189,$1458,$0,$11395,$430,$13283,$16472,$2463,$3845,$2700,$7508,$9971,$16,$-8690,$142,$6501,$16472,$0,$0,$0,$0,$0,$0,$0,$0,$0,$-197,$-46,$0,$0,$0,$-2,$-2,$-3,$-51,$0,$0,$0,$54,$54,$0,$-148,$-94,$-345,$0,$0
15,2014-12-31,13.25,$4.86,2.72,$5.50,2.41,$1.61,8.21,$0.19,69.74,$3.61B,$2.85B,1.27,$3.84B,$6.46B,0.6,$7.38B,$5.17B,70.05%,$7.38B,$-0.30B,-4.08%,$7.38B,$-0.30B,-4.08%,$7.38B,$-0.30B,-4.08%,$7.38B,$-0.51B,-6.90%,$7.38B,$-0.12B,-1.61%,$-0.12B,$6.46B,-1.81%,$-0.12B,$-5.05B,2.40%,$-0.12B,$17.02B,-0.72%,$-0.30B,$10.30B,-2.81%,$1887,$560,$1327,$208,$777,$2380,$-493,$-61,$-554,$-255,$-299,$-299,$-299,$-493,$-493,$1324,1324,$-0.22,$-0.22,$587,$946,$443,$3606,$1507,$0,$11504,$407,$13418,$17024,$2846,$3841,$2666,$7721,$10567,$16,$-8689,$144,$6457,$17024,$-119,$920,$-494,$426,$53,$-81,$0,$370,$962,$1269,$-259,$0,$-500,$0,$14,$14,$0,$-745,$0,$0,$0,$-65,$-65,$0,$-85,$-150,$370,$103,$0
16,2014-09-30,11.81,$5.05,2.34,$5.45,2.17,$1.54,7.69,$0.21,56.24,$3.18B,$1.82B,1.75,$4.25B,$6.70B,0.63,$7.33B,$5.13B,69.91%,$7.33B,$0.32B,4.35%,$7.33B,$0.32B,4.35%,$7.33B,$0.32B,4.35%,$7.33B,$0.10B,1.42%,$7.33B,$0.29B,3.93%,$0.29B,$6.70B,4.38%,$0.29B,$-4.93B,-5.80%,$0.29B,$16.72B,1.74%,$0.32B,$10.95B,2.95%,$1846,$550,$1296,$212,$762,$1782,$64,$-61,$3,$-40,$43,$43,$43,$64,$64,$1326,1348,$0.03,$0.03,$246,$989,$0,$3175,$1522,$0,$11633,$388,$13543,$16718,$1820,$4249,$2724,$8197,$10017,$16,$-8389,$110,$6701,$16718,$0,$0,$0,$0,$0,$0,$0,$0,$0,$829,$-180,$0,$-475,$0,$5,$5,$-12,$-662,$0,$0,$0,$-73,$-73,$0,$-63,$-136,$29,$0,$0
17,2014-06-30,12.77,$4.94,2.58,$5.37,2.38,$1.60,8.0,$0.18,70.94,$3.21B,$1.77B,1.81,$4.25B,$6.54B,0.65,$7.22B,$5.05B,70.00%,$7.22B,$0.36B,4.96%,$7.22B,$0.36B,4.96%,$7.22B,$0.36B,4.96%,$7.22B,$0.06B,0.84%,$7.22B,$0.24B,3.32%,$0.24B,$6.54B,3.67%,$0.24B,$-4.85B,-4.84%,$0.24B,$16.48B,1.45%,$0.36B,$10.80B,3.32%,$1873,$563,$1310,$206,$768,$1942,$-69,$-35,$-104,$-108,$4,$4,$4,$-69,$-69,$1323,1345,$0.00,$0.00,$357,$949,$0,$3214,$1534,$0,$11394,$335,$13263,$16477,$1773,$4252,$2606,$8160,$9933,$16,$-8432,$42,$6544,$16477,$0,$0,$0,$0,$0,$0,$0,$0,$0,$483,$-124,$0,$-60,$0,$5,$5,$-10,$-189,$0,$0,$0,$-92,$-92,$0,$-62,$-154,$140,$0,$0
18,2014-03-31,13.52,$4.94,2.74,$5.31,2.55,$1.72,7.85,$0.28,48.29,$2.94B,$1.72B,1.71,$4.25B,$6.53B,0.65,$7.16B,$5.02B,70.19%,$7.16B,$0.65B,9.04%,$7.16B,$0.65B,9.04%,$7.16B,$0.65B,9.04%,$7.16B,$0.32B,4.43%,$7.16B,$0.37B,5.11%,$0.37B,$6.53B,5.58%,$0.37B,$-4.97B,-7.33%,$0.37B,$16.34B,2.19%,$0.65B,$10.78B,6.07%,$1774,$537,$1237,$191,$706,$1577,$197,$-51,$146,$13,$133,$133,$133,$197,$197,$1322,1349,$0.10,$0.10,$191,$926,$0,$2936,$1539,$0,$11499,$361,$13399,$16335,$1719,$4245,$2398,$8082,$9801,$16,$-8436,$72,$6534,$16335,$0,$0,$0,$0,$0,$0,$0,$0,$0,$198,$-59,$0,$4,$0,$-10,$-10,$0,$-65,$0,$0,$0,$-101,$-101,$0,$-59,$-160,$-26,$0,$0
19,2013-12-31,12.02,$4.95,2.43,$5.30,2.27,$1.76,6.84,$-0.08,0.0,$3.01B,$1.82B,1.65,$4.24B,$6.54B,0.65,$7.14B,$4.97B,69.56%,$7.14B,$0.12B,1.68%,$7.14B,$0.12B,1.68%,$7.14B,$0.12B,1.68%,$7.14B,$-0.22B,-3.12%,$7.14B,$-0.12B,-1.69%,$-0.12B,$6.54B,-1.85%,$-0.12B,$-5.10B,2.39%,$-0.12B,$16.57B,-0.72%,$0.12B,$10.78B,1.13%,$1838,$556,$1282,$217,$748,$1711,$127,$-68,$59,$-49,$108,$108,$108,$127,$127,$1341,1341,$0.07,$0.07,$217,$897,$302,$3011,$1546,$0,$11643,$371,$13560,$16571,$1824,$4237,$2569,$8208,$10032,$16,$-8570,$106,$6539,$16571,$-121,$1165,$-117,$1048,$-101,$-7,$0,$300,$183,$1110,$-192,$0,$-244,$0,$-44,$-44,$5,$-475,$-170,$0,$-170,$-426,$-426,$0,$-28,$-624,$10,$105,$0
20,2013-09-30,11.74,$4.90,2.39,$5.22,2.25,$1.83,6.4,$-0.12,0.0,$3.53B,$1.90B,1.85,$4.25B,$6.56B,0.65,$7.13B,$4.93B,69.12%,$7.13B,$0.11B,1.54%,$7.13B,$0.11B,1.54%,$7.13B,$0.11B,1.54%,$7.13B,$-0.23B,-3.24%,$7.13B,$-0.17B,-2.36%,$-0.17B,$6.56B,-2.53%,$-0.17B,$-4.93B,3.27%,$-0.17B,$16.92B,-0.99%,$0.11B,$10.81B,1.02%,$1735,$510,$1225,$217,$686,$1632,$103,$-143,$-40,$-35,$-5,$-5,$-5,$103,$103,$1340,1340,$0.00,$0.00,$571,$895,$0,$3525,$1530,$0,$11489,$373,$13392,$16917,$1902,$4246,$2583,$8452,$10354,$16,$-8678,$56,$6563,$16917,$0,$0,$0,$0,$0,$0,$0,$0,$0,$835,$-108,$0,$30,$0,$-26,$-26,$-8,$-112,$-10,$0,$-10,$-216,$-216,$0,$-133,$-359,$364,$0,$0
21,2013-06-30,9.27,$4.93,1.88,$5.17,1.79,$1.81,5.11,$-0.64,0.0,$3.50B,$2.48B,1.41,$3.65B,$6.60B,0.55,$7.13B,$4.88B,68.45%,$7.13B,$-0.59B,-8.24%,$7.13B,$-0.59B,-8.24%,$7.13B,$-0.59B,-8.24%,$7.13B,$-0.85B,-11.99%,$7.13B,$-0.83B,-11.61%,$-0.83B,$6.60B,-12.34%,$-0.83B,$-4.98B,16.02%,$-0.83B,$17.00B,-4.88%,$-0.59B,$10.25B,-5.43%,$1809,$530,$1279,$223,$708,$1589,$220,$-68,$152,$22,$130,$130,$130,$220,$220,$1344,1359,$0.10,$0.10,$530,$842,$0,$3498,$1524,$0,$11579,$395,$13498,$16996,$2477,$3647,$2558,$7916,$10393,$16,$-8673,$82,$6603,$16996,$0,$0,$0,$0,$0,$0,$0,$0,$0,$584,$-51,$0,$30,$0,$-15,$-15,$-3,$-39,$0,$0,$0,$-181,$-181,$0,$-40,$-221,$323,$0,$0
22,2013-03-31,7.81,$4.82,1.62,$5.13,1.52,$1.77,4.4,$-3.13,0.0,$3.10B,$1.64B,1.9,$4.25B,$6.50B,0.65,$7.14B,$4.85B,67.86%,$7.14B,$-4.39B,-61.51%,$7.14B,$-4.39B,-61.51%,$7.14B,$-4.39B,-61.51%,$7.14B,$-4.62B,-64.73%,$7.14B,$-4.54B,-63.48%,$-4.54B,$6.50B,-64.95%,$-4.54B,$-5.23B,87.79%,$-4.54B,$16.76B,-26.43%,$-4.39B,$10.75B,-39.11%,$1761,$578,$1183,$204,$672,$2091,$-330,$-64,$-394,$-40,$-354,$-354,$-354,$-330,$-330,$1352,1352,$-0.26,$-0.26,$268,$851,$0,$3102,$1537,$0,$11729,$395,$13661,$16763,$1636,$4250,$2664,$8624,$10260,$16,$-8803,$45,$6503,$16763,$0,$0,$0,$0,$0,$0,$0,$0,$0,$187,$0,$0,$0,$0,$-11,$-11,$0,$-11,$0,$0,$0,$-90,$-90,$0,$-24,$-114,$61,$0,$0
23,2012-12-31,5.73,$5.07,1.13,$5.11,1.12,$1.74,3.3,$-2.79,0.0,$3.02B,$1.77B,1.71,$4.25B,$6.87B,0.62,$7.25B,$4.90B,67.60%,$7.25B,$-3.87B,-53.36%,$7.25B,$-3.87B,-53.36%,$7.25B,$-3.87B,-53.36%,$7.25B,$-4.11B,-56.66%,$7.25B,$-4.07B,-56.12%,$-4.07B,$6.87B,-49.58%,$-4.07B,$-5.39B,80.61%,$-4.07B,$17.15B,-22.27%,$-3.87B,$11.12B,-31.05%,$1820,$582,$1238,$238,$667,$1703,$117,$-66,$51,$-10,$61,$61,$61,$117,$117,$1407,1407,$0.02,$0.02,$207,$884,$0,$3022,$1564,$0,$12262,$306,$14132,$17154,$1772,$4252,$2547,$8512,$10284,$15,$-8449,$-33,$6870,$17154,$-4068,$5175,$-131,$5044,$37,$66,$0,$312,$304,$1280,$-210,$0,$-356,$0,$-22,$-22,$9,$-579,$-156,$-9,$-165,$-579,$-579,$0,$-20,$-764,$-60,$108,$0
24,2012-09-30,5.74,$4.97,1.15,$5.03,1.14,$1.45,3.96,$-2.76,0.0,$3.17B,$1.82B,1.75,$4.25B,$6.83B,0.62,$7.28B,$4.85B,66.65%,$7.28B,$-3.81B,-52.41%,$7.28B,$-3.81B,-52.41%,$7.28B,$-3.81B,-52.41%,$7.28B,$-4.06B,-55.76%,$7.28B,$-4.02B,-55.27%,$-4.02B,$6.83B,-43.13%,$-4.02B,$-5.05B,81.77%,$-4.02B,$16.90B,-20.84%,$-3.81B,$11.08B,-28.08%,$1735,$558,$1177,$220,$618,$2329,$-594,$-69,$-663,$1,$-664,$-664,$-664,$-594,$-594,$1393,1393,$-0.48,$-0.48,$352,$911,$0,$3173,$1624,$0,$11878,$223,$13725,$16898,$1815,$4252,$2298,$8255,$10070,$15,$-8510,$-112,$6828,$16898,$0,$0,$0,$0,$0,$0,$0,$0,$0,$891,$-164,$0,$-124,$0,$-18,$-18,$0,$-306,$-9,$-9,$-18,$-480,$-480,$0,$-4,$-502,$85,$0,$0
25,2012-06-30,5.67,$5.46,1.04,$5.01,1.13,$1.21,4.67,$-2.15,0.0,$3.11B,$1.79B,1.73,$4.25B,$7.73B,0.55,$7.42B,$4.87B,65.63%,$7.42B,$-3.05B,-41.07%,$7.42B,$-3.05B,-41.07%,$7.42B,$-3.05B,-41.07%,$7.42B,$-3.28B,-44.28%,$7.42B,$-3.22B,-43.37%,$-3.22B,$7.73B,-30.63%,$-3.22B,$-5.00B,66.19%,$-3.22B,$17.82B,-15.73%,$-3.05B,$11.98B,-20.64%,$1828,$578,$1250,$213,$696,$5415,$-3587,$-31,$-3618,$-40,$-3578,$-3578,$-3578,$-3587,$-3587,$1423,1423,$-2.51,$-2.51,$371,$898,$0,$3111,$1632,$0,$12723,$352,$14707,$17818,$1794,$4253,$2240,$8296,$10090,$15,$-7846,$-87,$7728,$17818,$0,$0,$0,$0,$0,$0,$0,$0,$0,$619,$-118,$0,$-134,$0,$-1,$-1,$0,$-253,$-269,$251,$-18,$-241,$-241,$0,$-4,$-263,$104,$0,$0
26,2012-03-31,5.98,$7.95,0.75,$5.02,1.19,$0.95,6.27,$0.34,17.59,$3.09B,$1.67B,1.85,$4.26B,$11.40B,0.37,$7.56B,$4.90B,64.84%,$7.56B,$0.78B,10.29%,$7.56B,$0.78B,10.29%,$7.56B,$0.78B,10.29%,$7.56B,$0.49B,6.51%,$7.56B,$0.51B,6.72%,$0.51B,$11.40B,4.44%,$0.51B,$-4.75B,-10.51%,$0.51B,$21.19B,2.38%,$0.78B,$15.65B,4.96%,$1866,$631,$1235,$215,$707,$1670,$196,$-73,$123,$10,$113,$113,$113,$196,$196,$1445,1454,$0.08,$0.08,$284,$889,$0,$3091,$1669,$0,$16144,$281,$18094,$21185,$1669,$4255,$1988,$8120,$9789,$15,$-4268,$-79,$11396,$21185,$0,$0,$0,$0,$0,$0,$0,$0,$0,$212,$-66,$0,$0,$0,$0,$0,$0,$-66,$-120,$120,$0,$-129,$-129,$0,$-3,$-132,$17,$0,$0
27,2011-12-31,5.34,$7.83,0.68,$4.99,1.07,$0.75,7.17,$0.27,19.78,$3.11B,$1.81B,1.72,$4.26B,$11.35B,0.38,$7.62B,$4.96B,65.11%,$7.62B,$0.90B,11.86%,$7.62B,$0.90B,11.86%,$7.62B,$0.90B,11.86%,$7.62B,$0.64B,8.42%,$7.62B,$0.44B,5.79%,$0.44B,$11.35B,3.85%,$0.44B,$-4.88B,-8.92%,$0.44B,$21.29B,2.04%,$0.90B,$15.61B,5.72%,$1848,$660,$1188,$231,$653,$1677,$171,$-71,$100,$-7,$107,$107,$107,$171,$171,$1509,1519,$0.07,$0.07,$267,$931,$0,$3105,$1670,$0,$16234,$281,$18185,$21290,$1807,$4257,$2008,$8130,$9937,$15,$-4381,$-138,$11353,$21290,$441,$1435,$-631,$804,$42,$-54,$0,$46,$-237,$1008,$-288,$0,$1070,$0,$-11,$-11,$5,$776,$-1250,$0,$-1250,$-471,$-471,$0,$-7,$-1728,$54,$128,$0
28,2011-09-30,5.91,$7.68,0.77,$5.09,1.16,$0.31,19.11,$0.35,16.89,$3.21B,$1.89B,1.7,$4.26B,$11.52B,0.37,$7.78B,$5.12B,65.82%,$7.78B,$1.08B,13.90%,$7.78B,$1.08B,13.90%,$7.78B,$1.08B,13.90%,$7.78B,$0.77B,9.93%,$7.78B,$0.57B,7.33%,$0.57B,$11.52B,4.99%,$0.57B,$-4.81B,-11.33%,$0.57B,$21.50B,2.61%,$1.08B,$15.78B,6.78%,$1874,$680,$1194,$229,$665,$1700,$174,$-63,$111,$-31,$142,$142,$142,$174,$174,$1514,1524,$0.09,$0.09,$276,$972,$5,$3213,$1684,$0,$16333,$272,$18289,$21502,$1887,$4259,$1981,$8094,$9981,$15,$-4488,$-132,$11521,$21502,$0,$0,$0,$0,$0,$0,$0,$0,$0,$659,$-221,$0,$1056,$0,$-8,$-8,$0,$827,$-1675,$425,$-1250,$-170,$-170,$0,$0,$-1420,$63,$0,$0
29,2011-06-30,6.91,$7.55,0.92,$5.11,1.35,$-0.20,0.0,$0.38,18.18,$3.15B,$1.89B,1.66,$4.20B,$11.54B,0.36,$7.82B,$5.22B,66.73%,$7.82B,$1.16B,14.81%,$7.82B,$1.16B,14.81%,$7.82B,$1.16B,14.81%,$7.82B,$0.82B,10.54%,$7.82B,$0.62B,7.90%,$0.62B,$11.54B,5.46%,$0.62B,$-4.90B,-11.68%,$0.62B,$21.56B,2.80%,$1.16B,$15.74B,7.22%,$1975,$688,$1287,$223,$694,$1738,$237,$-79,$158,$12,$146,$146,$146,$237,$237,$1529,1536,$0.10,$0.10,$154,$927,$7,$3149,$1702,$0,$16442,$266,$18410,$21559,$1892,$4197,$2014,$8127,$10019,$15,$-4630,$-123,$11540,$21559,$0,$0,$0,$0,$0,$0,$0,$0,$0,$293,$-152,$0,$1047,$0,$-9,$-9,$0,$886,$-1500,$250,$-1250,$9,$9,$0,$0,$-1241,$-59,$0,$0
30,2011-03-31,7.19,$7.44,0.97,$5.09,1.41,$-0.37,0.0,$0.34,21.15,$3.57B,$2.04B,1.75,$4.67B,$11.37B,0.41,$7.77B,$5.20B,66.97%,$7.77B,$1.15B,14.82%,$7.77B,$1.15B,14.82%,$7.77B,$1.15B,14.82%,$7.77B,$0.79B,10.10%,$7.77B,$0.57B,7.33%,$0.57B,$11.37B,5.11%,$0.57B,$-5.19B,-10.19%,$0.57B,$22.07B,2.54%,$1.15B,$16.04B,7.14%,$1925,$631,$1294,$212,$647,$1603,$322,$-49,$273,$227,$46,$46,$46,$322,$322,$1527,1536,$0.03,$0.03,$595,$899,$7,$3569,$1708,$0,$16554,$239,$18501,$22070,$2040,$4670,$2003,$8661,$10701,$15,$-4776,$-119,$11369,$22070,$0,$0,$0,$0,$0,$0,$0,$0,$0,$-97,$-69,$0,$1046,$0,$-9,$-9,$0,$968,$-750,$250,$-500,$9,$9,$0,$0,$-491,$382,$0,$0
31,2010-12-31,7.57,$7.43,1.02,$5.13,1.48,$-0.50,0.0,$-0.72,0.0,$3.62B,$2.61B,1.39,$4.93B,$11.30B,0.44,$7.81B,$5.21B,66.71%,$7.81B,$-0.66B,-8.40%,$7.81B,$-0.66B,-8.40%,$7.81B,$-0.66B,-8.40%,$7.81B,$-1.06B,-13.62%,$7.81B,$-1.07B,-13.64%,$-1.07B,$11.30B,-9.68%,$-1.07B,$-5.23B,18.13%,$-1.07B,$22.13B,-4.71%,$-0.66B,$16.23B,-4.04%,$2002,$659,$1343,$224,$722,$1654,$348,$-118,$230,$-6,$236,$236,$236,$348,$348,$1518,1518,$0.16,$0.17,$213,$894,$576,$3615,$1697,$0,$16529,$287,$18513,$22128,$2609,$4934,$1645,$8223,$10832,$15,$-4822,$-129,$11296,$22128,$-1065,$2698,$65,$2763,$52,$-5,$0,$-272,$-1373,$325,$-267,$0,$-205,$0,$0,$0,$4,$-468,$-1712,$1173,$-539,$31,$31,$0,$0,$-508,$-651,$150,$0
32,2010-09-30,6.13,$7.26,0.84,$5.19,1.18,$-0.19,0.0,$-1.58,0.0,$3.56B,$2.96B,1.2,$5.13B,$11.04B,0.47,$7.88B,$5.23B,66.38%,$7.88B,$-2.24B,-28.35%,$7.88B,$-2.24B,-28.35%,$7.88B,$-2.24B,-28.35%,$7.88B,$-2.64B,-33.49%,$7.88B,$-2.38B,-30.15%,$-2.38B,$11.04B,-21.12%,$-2.38B,$-5.85B,38.70%,$-2.38B,$22.49B,-10.17%,$-2.24B,$16.17B,-13.36%,$1916,$623,$1293,$230,$673,$1665,$251,$-88,$163,$-27,$190,$190,$190,$251,$251,$1520,1529,$0.13,$0.12,$624,$923,$0,$3556,$1712,$0,$16883,$335,$18930,$22486,$2955,$5133,$1436,$8493,$11448,$15,$-5058,$0,$11038,$22486,$0,$0,$0,$0,$0,$0,$0,$0,$0,$-124,$-209,$0,$-4,$0,$-4,$-4,$0,$-217,$-1100,$1173,$73,$28,$28,$0,$0,$101,$-240,$0,$0
33,2010-06-30,5.8,$7.18,0.81,$5.28,1.1,$0.65,8.87,$-1.57,0.0,$3.99B,$3.72B,1.07,$5.18B,$10.89B,0.48,$7.99B,$5.34B,66.77%,$7.99B,$-2.44B,-30.47%,$7.99B,$-2.44B,-30.47%,$7.99B,$-2.44B,-30.47%,$7.99B,$-2.85B,-35.62%,$7.99B,$-2.66B,-33.30%,$-2.66B,$10.89B,-22.52%,$-2.66B,$-6.11B,43.07%,$-2.66B,$23.02B,-10.94%,$-2.44B,$16.08B,-13.95%,$1928,$654,$1274,$232,$691,$1697,$231,$-112,$119,$21,$98,$98,$98,$231,$231,$1517,1525,$0.06,$0.06,$811,$885,$0,$3987,$1708,$0,$16998,$326,$19032,$23019,$3723,$5183,$1238,$8403,$12126,$15,$-5248,$0,$10893,$23019,$0,$0,$0,$0,$0,$0,$0,$0,$0,$2,$-131,$0,$-4,$0,$-3,$-3,$0,$-138,$-900,$973,$73,$14,$14,$0,$0,$87,$-53,$0,$0
34,2010-03-31,7.22,$7.11,1.02,$5.38,1.34,$1.10,6.57,$-1.53,0.0,$3.75B,$2.91B,1.29,$5.67B,$10.78B,0.53,$8.14B,$5.51B,67.66%,$8.14B,$-2.39B,-29.38%,$8.14B,$-2.39B,-29.38%,$8.14B,$-2.39B,-29.38%,$8.14B,$-2.79B,-34.23%,$8.14B,$-2.60B,-31.96%,$-2.60B,$10.78B,-20.89%,$-2.60B,$-6.32B,42.29%,$-2.60B,$22.85B,-10.36%,$-2.39B,$16.45B,-13.09%,$1960,$663,$1297,$253,$679,$3446,$-1486,$-89,$-1575,$14,$-1589,$-1589,$-1589,$-1486,$-1486,$1515,1515,$-1.05,$-1.05,$519,$906,$0,$3747,$1712,$0,$17097,$297,$19106,$22853,$2913,$5671,$1518,$9159,$12072,$15,$-5346,$-18,$10781,$22853,$0,$0,$0,$0,$0,$0,$0,$0,$0,$-284,$-70,$0,$0,$0,$-4,$-4,$0,$-74,$-200,$200,$0,$14,$14,$0,$0,$14,$-345,$0,$0
35,2009-12-31,9.0,$8.14,1.11,$5.43,1.66,$1.47,6.14,$-0.49,0.0,$4.60B,$3.02B,1.52,$5.92B,$12.30B,0.48,$8.19B,$5.61B,68.54%,$8.19B,$-0.89B,-10.92%,$8.19B,$-0.89B,-10.92%,$8.19B,$-0.89B,-10.92%,$8.19B,$-1.31B,-15.97%,$8.19B,$-1.03B,-12.52%,$-1.03B,$12.30B,-7.84%,$-1.03B,$-6.30B,16.70%,$-1.03B,$25.18B,-3.95%,$-0.89B,$18.22B,-4.70%,$2079,$710,$1369,$257,$689,$3310,$-1231,$-116,$-1347,$-271,$-1076,$-1076,$-1076,$-1231,$-1231,$1508,1508,$-0.71,$-0.71,$864,$891,$578,$4599,$1722,$0,$18603,$253,$20578,$25177,$3022,$5915,$2064,$9854,$12876,$15,$-3757,$-43,$12301,$25177,$-1025,$846,$89,$935,$1,$-92,$0,$554,$925,$835,$-307,$0,$-527,$0,$-50,$-50,$91,$-793,$-2825,$1972,$-853,$33,$33,$0,$0,$-820,$-777,$144,$0
36,2009-09-30,10.59,$8.80,1.2,$5.38,1.97,$1.69,6.28,$-1.40,0.0,$4.96B,$3.18B,1.56,$5.77B,$13.30B,0.43,$8.11B,$5.62B,69.23%,$8.11B,$-2.08B,-25.63%,$8.11B,$-2.08B,-25.63%,$8.11B,$-2.08B,-25.63%,$8.11B,$-2.49B,-30.65%,$8.11B,$-2.33B,-28.74%,$-2.33B,$13.30B,-17.54%,$-2.33B,$-5.99B,37.69%,$-2.33B,$26.23B,-8.82%,$-2.08B,$19.07B,-10.68%,$2025,$629,$1396,$258,$716,$1974,$51,$-95,$-44,$50,$-94,$-94,$-94,$51,$51,$1509,1509,$-0.06,$-0.06,$1381,$942,$0,$4962,$1731,$0,$19287,$249,$21267,$26229,$3176,$5774,$1849,$9756,$12932,$15,$-2681,$0,$13297,$26229,$0,$0,$0,$0,$0,$0,$0,$0,$0,$1164,$-225,$0,$-521,$0,$13,$13,$0,$-733,$-725,$0,$-725,$32,$32,$0,$0,$-693,$-260,$0,$0
37,2009-06-30,10.14,$8.90,1.14,$5.36,1.89,$1.77,5.72,$-1.57,0.0,$4.80B,$2.75B,1.74,$5.92B,$13.41B,0.44,$8.06B,$5.54B,68.73%,$8.06B,$-2.10B,-26.07%,$8.06B,$-2.10B,-26.07%,$8.06B,$-2.10B,-26.07%,$8.06B,$-2.51B,-31.13%,$8.06B,$-2.31B,-28.66%,$-2.31B,$13.41B,-16.64%,$-2.31B,$-5.99B,36.12%,$-2.31B,$26.19B,-8.46%,$-2.10B,$19.33B,-10.35%,$2074,$630,$1444,$263,$724,$1799,$275,$-95,$180,$22,$158,$158,$158,$275,$275,$1507,1515,$0.10,$0.10,$1194,$878,$0,$4796,$1719,$0,$19406,$272,$21397,$26193,$2750,$5920,$1944,$10029,$12779,$15,$-2588,$0,$13414,$26193,$0,$0,$0,$0,$0,$0,$0,$0,$0,$680,$-134,$0,$-35,$0,$-471,$-471,$0,$-640,$-500,$0,$-500,$13,$13,$0,$0,$-487,$-447,$0,$0
38,2009-03-31,7.95,$8.81,0.9,$5.33,1.49,$1.67,4.76,$-1.60,0.0,$4.57B,$2.43B,1.88,$6.24B,$13.28B,0.47,$8.01B,$5.52B,68.85%,$8.01B,$-2.07B,-25.88%,$8.01B,$-2.07B,-25.88%,$8.01B,$-2.07B,-25.88%,$8.01B,$-2.59B,-32.32%,$8.01B,$-2.37B,-29.59%,$-2.37B,$13.28B,-16.42%,$-2.37B,$-6.26B,35.48%,$-2.37B,$26.11B,-8.40%,$-2.07B,$19.52B,-9.81%,$2010,$607,$1403,$257,$697,$1999,$11,$-108,$-97,$-84,$-13,$-13,$-13,$11,$11,$1505,1505,$-0.01,$-0.01,$897,$852,$0,$4574,$1708,$0,$19539,$284,$21531,$26105,$2431,$6242,$1911,$10398,$12829,$15,$-2745,$0,$13276,$26105,$0,$0,$0,$0,$0,$0,$0,$0,$0,$261,$-60,$0,$-506,$0,$50,$50,$-1,$-517,$-500,$0,$-500,$12,$12,$0,$0,$-488,$-744,$0,$0
39,2008-12-31,7.74,$8.77,0.88,$5.36,1.44,$1.68,4.61,$-1.37,0.0,$5.45B,$3.23B,1.69,$6.74B,$13.17B,0.51,$8.05B,$5.58B,69.33%,$8.05B,$-1.51B,-18.70%,$8.05B,$-1.51B,-18.70%,$8.05B,$-1.51B,-18.70%,$8.05B,$-2.03B,-25.23%,$8.05B,$-2.04B,-25.29%,$-2.04B,$13.17B,-13.60%,$-2.04B,$-6.49B,29.11%,$-2.04B,$27.14B,-6.95%,$-1.51B,$19.92B,-6.86%,$2002,$630,$1372,$257,$721,$4418,$-2416,$-109,$-2525,$-143,$-2382,$-2382,$-2382,$-2416,$-2416,$1499,1499,$-1.61,$-1.60,$1641,$853,$0,$5452,$1728,$0,$19665,$294,$21687,$27139,$3233,$6743,$1727,$10732,$13965,$15,$-2732,$-53,$13174,$27139,$-2036,$3654,$-333,$3321,$96,$-120,$0,$-437,$-69,$1216,$-360,$0,$591,$0,$93,$93,$0,$324,$-1175,$-250,$-1425,$71,$71,$0,$4,$-1350,$189,$138,$0
40,2008-09-30,12.27,$10.45,1.17,$5.47,2.24,$1.51,8.12,$-0.06,0.0,$5.29B,$3.54B,1.49,$6.77B,$15.69B,0.43,$8.20B,$5.73B,69.82%,$8.20B,$0.48B,5.88%,$8.20B,$0.48B,5.88%,$8.20B,$0.48B,5.88%,$8.20B,$-0.10B,-1.23%,$8.20B,$-0.11B,-1.37%,$-0.11B,$15.69B,-0.72%,$-0.11B,$-6.85B,1.52%,$-0.11B,$29.83B,-0.37%,$0.48B,$22.46B,2.12%,$1978,$655,$1323,$252,$661,$1950,$28,$-96,$-68,$6,$-74,$-74,$-74,$28,$28,$1501,1501,$-0.04,$-0.04,$1734,$854,$0,$5287,$1716,$120,$22538,$165,$24539,$29826,$3538,$6767,$1507,$10598,$14136,$15,$-337,$0,$15690,$29826,$0,$0,$0,$0,$0,$0,$0,$0,$0,$1162,$-98,$0,$596,$0,$-26,$-26,$0,$472,$-1425,$0,$-1425,$68,$68,$0,$4,$-1353,$282,$0,$0
41,2008-06-30,12.29,$10.43,1.18,$5.53,2.22,$1.06,11.63,$-0.20,0.0,$5.17B,$3.04B,1.7,$7.01B,$15.64B,0.45,$8.27B,$5.88B,71.04%,$8.27B,$0.31B,3.71%,$8.27B,$0.31B,3.71%,$8.27B,$0.31B,3.71%,$8.27B,$-0.29B,-3.53%,$8.27B,$-0.31B,-3.75%,$-0.31B,$15.64B,-2.01%,$-0.31B,$-7.13B,3.95%,$-0.31B,$29.90B,-1.01%,$0.31B,$22.65B,1.34%,$2024,$604,$1420,$253,$703,$1721,$303,$-203,$100,$2,$98,$98,$98,$303,$303,$1498,1505,$0.07,$0.07,$1616,$812,$0,$5168,$1738,$122,$22760,$113,$24733,$29901,$3035,$7014,$1965,$11231,$14266,$15,$-275,$0,$15635,$29901,$0,$0,$0,$0,$0,$0,$0,$0,$0,$524,$-136,$0,$598,$0,$-11,$-11,$47,$498,$-912,$0,$-912,$48,$48,$0,$4,$-860,$164,$0,$0
42,2008-03-31,12.87,$10.29,1.25,$5.57,2.31,$0.78,16.57,$-0.19,0.0,$5.24B,$3.39B,1.55,$7.31B,$15.39B,0.48,$8.32B,$5.96B,71.70%,$8.32B,$0.28B,3.41%,$8.32B,$0.28B,3.41%,$8.32B,$0.28B,3.41%,$8.32B,$-0.27B,-3.20%,$8.32B,$-0.29B,-3.52%,$-0.29B,$15.39B,-1.90%,$-0.29B,$-7.51B,3.63%,$-0.29B,$30.35B,-0.94%,$0.28B,$22.70B,1.22%,$2046,$580,$1466,$244,$707,$1466,$580,$-118,$462,$140,$322,$322,$322,$580,$580,$1494,1500,$0.22,$0.21,$1739,$781,$0,$5241,$1736,$321,$22905,$143,$25105,$30346,$3393,$7311,$2021,$11562,$14955,$15,$-373,$0,$15391,$30346,$0,$0,$0,$0,$0,$0,$0,$0,$0,$266,$-57,$0,$646,$0,$31,$31,$0,$620,$-625,$0,$-625,$26,$26,$0,$0,$-599,$287,$0,$0
43,2007-12-31,11.63,$10.12,1.15,$5.60,2.08,$0.53,21.79,$-0.33,0.0,$5.94B,$3.25B,1.83,$7.93B,$15.10B,0.53,$8.36B,$6.02B,71.98%,$8.36B,$-0.01B,-0.17%,$8.36B,$-0.01B,-0.17%,$8.36B,$-0.01B,-0.17%,$8.36B,$-0.57B,-6.81%,$8.36B,$-0.50B,-5.92%,$-0.50B,$15.10B,-3.20%,$-0.50B,$-7.97B,5.97%,$-0.50B,$31.20B,-1.59%,$-0.01B,$23.03B,-0.06%,$2152,$636,$1516,$256,$754,$2581,$-429,$-166,$-595,$-137,$-458,$-458,$-458,$-429,$-429,$1487,1487,$-0.31,$-0.31,$1452,$725,$1119,$5941,$1715,$317,$23067,$157,$25256,$31197,$3250,$7933,$2633,$12850,$16100,$15,$-693,$9,$15097,$31197,$-495,$939,$443,$1382,$-72,$-30,$0,$104,$47,$934,$-333,$0,$-261,$0,$120,$120,$0,$-474,$-1000,$246,$-754,$72,$72,$0,$2,$-680,$-216,$122,$0
44,2007-09-30,13.95,$10.50,1.33,$5.77,2.42,$1.32,10.53,$0.17,82.06,$4.69B,$3.38B,1.39,$7.90B,$15.52B,0.51,$8.27B,$6.04B,73.01%,$8.27B,$0.70B,8.45%,$8.27B,$0.70B,8.45%,$8.27B,$0.70B,8.45%,$8.27B,$0.20B,2.36%,$8.27B,$0.24B,2.90%,$0.24B,$15.52B,1.54%,$0.24B,$-8.76B,-2.98%,$0.24B,$31.33B,0.77%,$0.70B,$23.42B,2.91%,$2048,$575,$1473,$271,$767,$2195,$-147,$-112,$-259,$13,$-272,$-272,$-272,$-147,$-147,$1490,1490,$-0.18,$-0.18,$1237,$814,$196,$4687,$1764,$435,$24272,$176,$26647,$31334,$3376,$7903,$2114,$12441,$15817,$15,$-239,$0,$15517,$31334,$0,$0,$0,$0,$0,$0,$0,$0,$0,$626,$-245,$0,$-293,$0,$102,$102,$0,$-436,$-754,$0,$-754,$130,$130,$0,$0,$-624,$-431,$0,$0
45,2007-06-30,15.34,$10.62,1.44,$5.76,2.66,$1.92,7.99,$0.40,38.35,$4.94B,$2.97B,1.66,$8.25B,$15.80B,0.52,$8.25B,$5.96B,72.27%,$8.25B,$1.04B,12.62%,$8.25B,$1.04B,12.62%,$8.25B,$1.04B,12.62%,$8.25B,$0.51B,6.12%,$8.25B,$0.59B,7.13%,$0.59B,$15.80B,3.81%,$0.59B,$-8.01B,-7.34%,$0.59B,$31.27B,1.90%,$1.04B,$24.05B,4.31%,$2071,$563,$1508,$275,$803,$1791,$280,$-154,$126,$11,$115,$115,$115,$280,$280,$1485,1500,$0.08,$0.08,$1514,$837,$0,$4936,$1779,$535,$23816,$199,$26329,$31265,$2969,$8250,$1561,$12494,$15463,$15,$33,$0,$15802,$31265,$0,$0,$0,$0,$0,$0,$0,$0,$0,$152,$-186,$0,$-213,$0,$-52,$-52,$49,$-402,$-4,$0,$-4,$98,$98,$0,$0,$94,$-154,$0,$0
46,2007-03-31,14.54,$10.49,1.39,$5.97,2.44,$2.60,5.59,$-2.89,0.0,$4.58B,$2.37B,1.93,$8.90B,$15.55B,0.57,$8.29B,$5.89B,71.03%,$8.29B,$-3.16B,-38.18%,$8.29B,$-3.16B,-38.18%,$8.29B,$-3.16B,-38.18%,$8.29B,$-3.81B,-45.94%,$8.29B,$-3.79B,-45.72%,$-3.79B,$15.55B,-24.95%,$-3.79B,$-8.41B,46.09%,$-3.79B,$31.07B,-12.29%,$-3.16B,$24.45B,-13.14%,$2086,$568,$1518,$289,$787,$1804,$282,$-123,$159,$39,$120,$120,$120,$282,$282,$1481,1498,$0.08,$0.08,$1340,$793,$0,$4584,$1748,$563,$23960,$214,$26485,$31069,$2370,$8898,$1607,$13150,$15520,$15,$-80,$0,$15549,$31069,$0,$0,$0,$0,$0,$0,$0,$0,$0,$-59,$-96,$0,$-211,$0,$7,$7,$0,$-300,$0,$0,$0,$31,$31,$0,$0,$31,$-328,$0,$0
47,2006-12-31,17.18,$10.37,1.66,$6.53,2.63,$3.33,5.16,$-2.57,0.0,$6.03B,$2.63B,2.29,$8.90B,$15.30B,0.58,$7.82B,$5.61B,71.78%,$7.82B,$-2.95B,-37.71%,$7.82B,$-2.95B,-37.71%,$7.82B,$-2.95B,-37.71%,$7.82B,$-3.54B,-45.20%,$7.82B,$-3.58B,-45.74%,$-3.58B,$15.30B,-28.69%,$-3.58B,$-7.08B,60.78%,$-3.58B,$30.88B,-14.12%,$-2.95B,$24.19B,-15.05%,$2065,$526,$1539,$267,$812,$1781,$284,$-115,$169,$-108,$277,$277,$277,$284,$284,$1274,1274,$-0.05,$-0.05,$1668,$684,$1447,$6030,$1644,$596,$22378,$234,$24852,$30882,$2631,$8895,$1488,$12953,$15584,$15,$-174,$57,$15298,$30882,$-3577,$781,$4283,$5064,$64,$-53,$0,$114,$358,$1845,$-323,$0,$-9181,$159,$33,$192,$0,$-9312,$7034,$-146,$6888,$1545,$1545,$0,$6,$8439,$979,$113,$0
