,Date,Stock Price,Book Value per Share,Price to Book Ratio,TTM Sales per Share,Price to Sales Ratio,TTM FCF per Share,Price to FCF Ratio,TTM Net EPS,PE Ratio,Current Assets,Current Liabilities,Current Ratio,Long Term Debt,Shareholder's Equity_x,Debt to Equity Ratio,TTM Revenue_x,TTM Gross Profit,Gross Margin,TTM Revenue_y,TTM Operating Income,Operating Margin,TTM Revenue_x,TTM EBIT,EBIT Margin,TTM Revenue_y,TTM EBITDA,EBITDA Margin,TTM Revenue_x,TTM Pre-Tax Income,Pre-Tax Margin,TTM Revenue_y,TTM Net Income_x,Net Margin,TTM Net Income_y,Shareholder's Equity_y,Return on Equity,TTM Net Income_x,Tangible Equity,Return on Tangible Equity,TTM Net Income_y,Total Assets,Return on Assets,TTM Net Income,LT Investments & Debt,Return on Investment,revenue,cost-goods-sold,gross-profit,research-development-expenses,selling-general-administrative-expenses,operating-expenses,operating-income,total-non-operating-income-expense,pre-tax-income,total-provision-income-taxes,income-after-taxes,income-from-continuous-operations,net-income,ebitda,ebit,basic-shares-outstanding,shares-outstanding,eps-basic-net-earnings-per-share,eps-earnings-per-share-diluted,cash-on-hand,inventory,other-current-assets,total-current-assets,net-property-plant-equipment,long-term-investments,goodwill-intangible-assets-total,other-long-term-assets,total-long-term-assets,total-assets,total-current-liabilities,long-term-debt,other-non-current-liabilities,total-long-term-liabilities,total-liabilities,common-stock-net,retained-earnings-accumulated-deficit,comprehensive-income,total-share-holder-equity,total-liabilities-share-holders-equity,net-income-loss,total-depreciation-amortization-cash-flow,other-non-cash-items,total-non-cash-items,change-in-accounts-receivable,change-in-inventories,change-in-accounts-payable,change-in-assets-liabilities,total-change-in-assets-liabilities,cash-flow-from-operating-activities,net-change-in-property-plant-equipment,net-change-in-intangible-assets,net-acquisitions-divestitures,net-change-in-short-term-investments,net-change-in-long-term-investments,net-change-in-investments-total,investing-activities-other,cash-flow-from-investing-activities,net-long-term-debt,net-current-debt,debt-issuance-retirement-net-total,net-common-equity-issued-repurchased,net-total-equity-issued-repurchased,total-common-preferred-stock-dividends-paid,financial-activities-other,cash-flow-from-financial-activities,net-cash-flow,stock-based-compensation,common-stock-dividends-paid
0,2018-03-31,16.16,$6.86,2.36,$15.86,1.02,$3.13,5.16,$1.37,11.8,$11.08B,$13.51B,0.82,$15.91B,$13.67B,1.16,$31.47B,$4.49B,14.25%,$31.47B,$4.49B,14.25%,$31.47B,$4.49B,14.25%,$31.47B,$9.15B,29.07%,$31.47B,$3.47B,11.03%,$31.47B,$2.70B,8.56%,$2.70B,$13.67B,23.87%,$2.70B,$-5.50B,-34.10%,$2.70B,$56.73B,4.69%,$4.49B,$29.58B,16.42%,$8297,$6828,$1470,$0,$0,$6828,$1470,$-281,$1188,$208,$980,$980,$980,$2648,$1470,$1982,1992,$0.16,$0.16,$4710,$317,$622,$11077,$22554,$121,$19167,$1741,$45652,$56728,$13512,$15912,$3403,$29546,$43058,$662,$2334,$0,$13670,$56728,$3471,$4662,$1057,$5719,$-207,$-19,$0,$-1343,$-2653,$6537,$-4433,$0,$-31,$-1983,$0,$-1983,$34,$-6412,$3130,$0,$3130,$-223,$-223,$-2021,$-986,$-100,$-16,$0,$-2021
1,2017-12-31,18.22,$0.00,0.0,$15.52,1.17,$4.08,4.47,$1.11,16.41,$13.16B,$13.39B,0.98,$17.61B,$10.84B,1.62,$30.84B,$3.77B,12.24%,$30.84B,$3.77B,12.24%,$30.84B,$3.77B,12.24%,$30.84B,$8.67B,28.12%,$30.84B,$2.80B,9.07%,$30.84B,$2.16B,6.99%,$2.16B,$10.84B,20.36%,$2.16B,$-8.50B,-24.74%,$2.16B,$59.90B,3.77%,$3.77B,$28.45B,14.55%,$7923,$6789,$1133,$0,$0,$6789,$1133,$-257,$876,$211,$665,$665,$665,$2317,$1133,$2004,2004,$0.33,$0.33,$6536,$354,$1119,$13164,$22395,$117,$19341,$2165,$46731,$59895,$13394,$17608,$3648,$35658,$49052,$662,$-705,$0,$10842,$59895,$2314,$3484,$828,$4312,$0,$0,$0,$-648,$-1078,$5549,$-3314,$0,$-28,$-3241,$0,$-3241,$4,$-6578,$3853,$0,$3853,$-228,$-228,$-1385,$-625,$1614,$559,$84,$-1385
2,2017-09-30,18.88,$0.00,0.0,$15.34,1.23,$4.42,4.27,$1.02,18.51,$10.62B,$13.82B,0.77,$15.08B,$10.33B,1.46,$30.53B,$3.55B,11.61%,$30.53B,$3.55B,11.61%,$30.53B,$3.55B,11.61%,$30.53B,$8.25B,27.03%,$30.53B,$2.57B,8.43%,$30.53B,$1.96B,6.41%,$1.96B,$10.33B,19.38%,$1.96B,$-8.91B,-21.54%,$1.96B,$56.68B,3.51%,$3.55B,$25.41B,14.49%,$7788,$6676,$1113,$0,$0,$6676,$1113,$-241,$872,$186,$686,$686,$686,$2307,$1113,$1977,1977,$0.35,$0.35,$3829,$318,$1414,$10619,$21887,$109,$19244,$2190,$46066,$56684,$13820,$15083,$3456,$32535,$46355,$653,$-1169,$0,$10330,$56684,$1419,$2300,$533,$2833,$0,$0,$0,$-631,$-868,$3384,$-2165,$0,$-24,$-1360,$0,$-1360,$3,$-3547,$1999,$0,$1999,$-229,$-229,$-1359,$-512,$-101,$-288,$52,$-1359
3,2017-06-30,18.41,$0.00,0.0,$15.38,1.2,$4.86,3.79,$1.04,17.71,$11.15B,$13.43B,0.83,$15.50B,$10.31B,1.5,$30.64B,$3.58B,11.67%,$30.64B,$3.58B,11.67%,$30.64B,$3.58B,11.67%,$30.64B,$8.13B,26.52%,$30.64B,$2.58B,8.43%,$30.64B,$2.01B,6.57%,$2.01B,$10.31B,20.77%,$2.01B,$-8.70B,-20.80%,$2.01B,$56.65B,3.59%,$3.58B,$25.82B,14.91%,$7465,$6695,$770,$0,$0,$6695,$770,$-235,$535,$170,$364,$364,$364,$1876,$770,$1965,1965,$0.19,$0.19,$4759,$308,$1050,$11152,$21257,$100,$19017,$2342,$45496,$56648,$13426,$15503,$3419,$32909,$46335,$638,$-891,$0,$10313,$56648,$535,$1106,$258,$1365,$0,$0,$0,$-113,$-217,$1682,$-1003,$0,$-24,$-2186,$0,$-2186,$0,$-3213,$1952,$0,$1952,$-256,$-256,$-1,$-219,$1476,$-64,$23,$-1
4,2017-03-31,19.06,$5.47,3.49,$15.73,1.21,$4.97,3.84,$1.27,15.01,$8.99B,$14.28B,0.63,$13.18B,$10.90B,1.21,$31.46B,$4.14B,13.16%,$31.46B,$4.14B,13.16%,$31.46B,$4.14B,13.16%,$31.46B,$8.81B,28.01%,$31.46B,$3.08B,9.78%,$31.46B,$2.49B,7.93%,$2.49B,$10.90B,23.18%,$2.49B,$-8.75B,-26.59%,$2.49B,$55.39B,4.33%,$4.14B,$24.08B,16.48%,$7661,$6904,$757,$0,$0,$6904,$757,$-243,$513,$71,$442,$442,$442,$2170,$757,$1988,1999,$0.22,$0.22,$2677,$297,$905,$8988,$21568,$98,$19647,$2377,$46405,$55393,$14282,$13179,$3534,$30214,$44497,$652,$-850,$0,$10896,$55393,$3077,$4670,$1089,$5759,$220,$-43,$0,$-1,$-744,$8071,$-4077,$0,$7,$1860,$63,$1923,$-20,$-2168,$-2356,$0,$-2356,$-178,$-178,$-1876,$-1476,$-5885,$68,$0,$-1876
5,2016-12-31,21.85,$0.00,0.0,$16.73,1.31,$5.35,4.09,$1.60,13.66,$9.65B,$13.24B,0.73,$13.70B,$8.86B,1.55,$32.23B,$5.04B,15.64%,$32.23B,$5.04B,15.64%,$32.23B,$5.04B,15.64%,$32.23B,$9.50B,29.48%,$32.23B,$3.91B,12.14%,$32.23B,$3.20B,9.92%,$3.20B,$8.86B,26.63%,$3.20B,$-9.98B,-35.02%,$3.20B,$54.31B,5.32%,$5.04B,$22.56B,18.48%,$7620,$6713,$906,$0,$0,$6713,$906,$-252,$654,$189,$465,$465,$465,$1899,$906,$1970,2022,$0.24,$0.23,$3474,$293,$813,$9646,$20213,$85,$18842,$2805,$44662,$54308,$13243,$13697,$3235,$32203,$45446,$620,$-2427,$0,$8862,$54308,$2380,$3256,$807,$4063,$0,$0,$0,$-270,$-745,$5699,$-2752,$0,$67,$726,$2,$729,$-20,$-1976,$-2098,$0,$-2098,$-174,$-174,$-1187,$-431,$-3891,$-123,$62,$-1187
6,2016-09-30,23.81,$0.00,0.0,$21.33,1.12,$6.46,3.68,$2.79,8.53,$10.76B,$14.51B,0.74,$14.79B,$8.71B,1.7,$31.70B,$5.68B,17.92%,$31.70B,$5.68B,17.92%,$31.70B,$5.68B,17.92%,$31.70B,$10.03B,31.63%,$31.70B,$4.58B,14.44%,$31.70B,$3.95B,12.45%,$3.95B,$8.71B,36.35%,$3.95B,$-11.29B,-58.63%,$3.95B,$58.33B,7.01%,$5.68B,$23.51B,22.43%,$7889,$6746,$1143,$0,$0,$6746,$1143,$-261,$881,$138,$743,$743,$743,$2180,$1143,$1985,1985,$0.38,$0.38,$3877,$355,$1187,$10760,$21342,$84,$20006,$3089,$47565,$58325,$14509,$14793,$3598,$35103,$49613,$655,$-3236,$0,$8712,$58325,$1823,$2264,$566,$2830,$0,$0,$0,$-338,$-624,$4029,$-1920,$0,$14,$754,$60,$814,$-21,$-1112,$-512,$0,$-512,$-192,$-192,$-1249,$-931,$-2884,$72,$43,$-1249
7,2016-06-30,25.45,$0.00,0.0,$21.44,1.19,$5.69,4.47,$2.90,8.78,$11.66B,$15.45B,0.76,$15.75B,$14.56B,1.08,$30.72B,$5.80B,18.87%,$30.72B,$5.80B,18.87%,$30.72B,$5.80B,18.87%,$30.72B,$10.09B,32.82%,$30.72B,$4.69B,15.27%,$30.72B,$4.02B,13.08%,$4.02B,$14.56B,44.11%,$4.02B,$-7.50B,-85.99%,$4.02B,$62.34B,7.79%,$5.80B,$30.32B,25.49%,$8287,$6952,$1334,$0,$0,$6952,$1334,$-306,$1029,$185,$844,$844,$844,$2561,$1334,$1993,1993,$0.42,$0.42,$4143,$310,$872,$11663,$23128,$92,$22060,$2943,$50672,$62335,$15452,$15754,$3838,$32318,$47771,$716,$-766,$0,$14564,$62335,$1029,$1227,$330,$1557,$0,$0,$0,$-524,$-672,$1914,$-1020,$0,$-6,$768,$0,$768,$4,$-254,$-560,$0,$-560,$-247,$-247,$-4,$-914,$-1725,$-29,$24,$-4
8,2016-03-31,29.31,$7.96,3.68,$21.20,1.38,$4.94,5.94,$2.94,9.97,$12.44B,$16.84B,0.74,$16.87B,$15.87B,1.06,$29.12B,$5.71B,19.62%,$29.12B,$5.71B,19.62%,$29.12B,$5.71B,19.62%,$29.12B,$9.73B,33.43%,$29.12B,$4.63B,15.91%,$29.12B,$3.96B,13.59%,$3.96B,$15.87B,68.24%,$3.96B,$-7.73B,-108.62%,$3.96B,$65.12B,8.64%,$5.71B,$32.74B,31.26%,$8436,$6778,$1658,$0,$0,$6778,$1658,$-308,$1350,$207,$1144,$1144,$1144,$2862,$1658,$1731,1749,$-0.12,$-0.11,$5222,$289,$615,$12437,$24479,$107,$23602,$2235,$52686,$65123,$16843,$16868,$3853,$32409,$49252,$763,$-255,$0,$15871,$65123,$4631,$4021,$1141,$5162,$-200,$0,$0,$-1402,$-1875,$7919,$-3760,$0,$-5166,$1018,$26,$1044,$15,$-7867,$2660,$0,$2660,$-344,$-344,$-1644,$-609,$64,$80,$0,$-1644
9,2015-12-31,31.63,$0.00,0.0,$20.76,1.52,$5.00,6.33,$3.00,10.56,$10.06B,$11.12B,0.9,$10.43B,$4.30B,2.43,$27.86B,$5.70B,20.45%,$27.86B,$5.70B,20.45%,$27.86B,$5.70B,20.45%,$27.86B,$9.62B,34.54%,$27.86B,$4.59B,16.48%,$27.86B,$3.89B,13.96%,$3.89B,$4.30B,180.13%,$3.89B,$-0.42B,-145.93%,$3.89B,$39.52B,9.60%,$5.70B,$14.73B,41.93%,$7090,$5544,$1546,$0,$0,$5544,$1546,$-228,$1318,$101,$1217,$1217,$1217,$2425,$1546,$838,847,$1.45,$1.44,$4179,$154,$659,$10056,$20836,$98,$4712,$1820,$29459,$39515,$11119,$10431,$3370,$24100,$35219,$641,$2049,$0,$4296,$39515,$3266,$2818,$838,$3656,$0,$0,$0,$-1728,$-1975,$4946,$-2767,$0,$-8,$1764,$0,$1764,$37,$-974,$-1948,$0,$-1948,$-304,$-304,$-1086,$-742,$-4079,$-102,$70,$-1086
10,2015-09-30,28.87,$0.00,0.0,$16.70,1.73,$4.29,6.72,$2.09,13.84,$9.21B,$10.42B,0.88,$11.48B,$1.71B,6.7,$27.86B,$5.58B,20.03%,$27.86B,$5.58B,20.03%,$27.86B,$5.58B,20.03%,$27.86B,$9.49B,34.07%,$27.86B,$4.37B,15.70%,$27.86B,$3.56B,12.76%,$3.56B,$1.71B,359.45%,$3.56B,$-3.05B,-91.72%,$3.56B,$39.39B,8.71%,$5.58B,$13.19B,43.34%,$6911,$5651,$1260,$0,$0,$5651,$1260,$-265,$995,$181,$814,$814,$814,$2237,$1260,$1667,1694,$0.49,$0.48,$2822,$174,$958,$9211,$21089,$98,$4767,$1742,$30177,$39388,$10423,$11480,$3506,$27250,$37673,$649,$-2737,$0,$1714,$39388,$1975,$1939,$597,$2536,$0,$0,$0,$-2032,$-2131,$2379,$-1892,$0,$-3,$3400,$26,$3427,$8,$1539,$-1968,$0,$-1968,$-259,$-259,$-1093,$-494,$-3814,$96,$50,$-1093
11,2015-06-30,31.52,$0.00,0.0,$17.20,1.83,$4.86,6.48,$2.06,15.34,$9.89B,$11.01B,0.9,$11.11B,$1.32B,8.41,$28.37B,$5.62B,19.81%,$28.37B,$5.62B,19.81%,$28.37B,$5.62B,19.81%,$28.37B,$9.58B,33.77%,$28.37B,$4.32B,15.22%,$28.37B,$3.49B,12.29%,$3.49B,$1.32B,854.41%,$3.49B,$-3.38B,-76.79%,$3.49B,$39.28B,8.45%,$5.62B,$12.43B,44.66%,$6678,$5431,$1247,$0,$0,$5431,$1247,$-279,$968,$185,$783,$783,$783,$2209,$1247,$1675,1703,$0.47,$0.46,$4027,$162,$516,$9886,$20764,$95,$4696,$1325,$29398,$39284,$11005,$11109,$3480,$26959,$37964,$642,$0,$0,$1320,$39284,$968,$962,$308,$1270,$0,$0,$0,$-1764,$-1794,$444,$-959,$0,$-2,$2565,$26,$2591,$5,$1636,$-731,$0,$-731,$-286,$-286,$-2,$-505,$-1524,$542,$29,$-2
12,2015-03-31,28.98,$0.80,36.2,$17.76,1.63,$5.44,5.33,$2.07,14.0,$12.06B,$12.44B,0.97,$12.70B,$1.30B,9.74,$29.02B,$5.62B,19.36%,$29.02B,$5.62B,19.36%,$29.02B,$5.62B,19.36%,$29.02B,$9.71B,33.47%,$29.02B,$4.27B,14.71%,$29.02B,$3.45B,11.87%,$3.45B,$1.30B,-4719.18%,$3.45B,$-3.81B,-67.30%,$3.45B,$43.88B,8.23%,$5.62B,$14.00B,43.99%,$7179,$5534,$1645,$0,$0,$5534,$1645,$-336,$1310,$235,$1074,$1074,$1074,$2751,$1645,$1611,1638,$0.65,$0.65,$6386,$152,$347,$12057,$21794,$113,$5116,$1988,$31824,$43881,$12439,$12697,$3673,$30138,$42577,$676,$-3199,$0,$1304,$43881,$4269,$4096,$1317,$5413,$-221,$-21,$0,$-1143,$-1943,$7740,$-3741,$0,$-26,$-2863,$42,$-2821,$29,$-6558,$-1117,$0,$-1117,$1422,$1422,$-1491,$-473,$-1659,$-447,$0,$-1491
13,2014-12-31,27.56,$0.00,0.0,$18.13,1.52,$5.37,5.14,$2.06,13.41,$10.05B,$11.45B,0.88,$12.25B,$-0.38B,-32.1,$29.67B,$5.54B,18.66%,$29.67B,$5.54B,18.66%,$29.67B,$5.54B,18.66%,$29.67B,$9.50B,32.03%,$29.67B,$4.17B,14.06%,$29.67B,$3.30B,11.12%,$3.30B,$-0.38B,-520.30%,$3.30B,$-5.26B,-58.64%,$3.30B,$40.75B,8.09%,$5.54B,$11.87B,45.43%,$7087,$5660,$1427,$0,$0,$5660,$1427,$-328,$1099,$215,$884,$884,$884,$2294,$1427,$1617,1641,$0.55,$0.54,$4375,$163,$353,$10051,$21512,$108,$4881,$1481,$30703,$40754,$11445,$12252,$3452,$29691,$41136,$646,$0,$0,$-382,$40754,$2855,$2990,$1048,$4038,$0,$0,$0,$-814,$-1267,$5627,$-2564,$0,$-24,$-632,$41,$-591,$21,$-3158,$-1085,$0,$-1085,$-86,$-86,$-963,$-512,$-2645,$-173,$86,$-963
14,2014-09-30,27.09,$0.00,0.0,$18.35,1.48,$4.87,5.56,$2.06,13.18,$9.24B,$11.78B,0.78,$12.64B,$-0.61B,-20.72,$30.03B,$5.44B,18.11%,$30.03B,$5.44B,18.11%,$30.03B,$5.44B,18.11%,$30.03B,$9.72B,32.36%,$30.03B,$4.07B,13.56%,$30.03B,$3.21B,10.70%,$3.21B,$-0.61B,-348.12%,$3.21B,$-5.71B,-53.95%,$3.21B,$41.01B,7.96%,$5.44B,$12.03B,46.32%,$7421,$6121,$1300,$0,$0,$6121,$1300,$-359,$941,$196,$745,$745,$745,$2325,$1300,$1594,1622,$0.47,$0.46,$3008,$194,$570,$9239,$22771,$100,$5098,$1098,$31767,$41006,$11784,$12639,$3395,$29832,$41616,$682,$0,$0,$-610,$41006,$1853,$2122,$740,$2862,$0,$0,$0,$-1183,$-1569,$3146,$-1756,$0,$-7,$1039,$43,$1083,$3,$-677,$-1131,$0,$-1131,$-8,$-8,$-1009,$-411,$-2560,$-89,$60,$-1009
15,2014-06-30,28.36,$0.00,0.0,$17.97,1.58,$4.65,6.1,$2.20,12.89,$9.93B,$11.81B,0.84,$13.77B,$-0.60B,-22.8,$29.57B,$5.23B,17.69%,$29.57B,$5.23B,17.69%,$29.57B,$5.23B,17.69%,$29.57B,$9.54B,32.27%,$29.57B,$3.91B,13.21%,$29.57B,$3.42B,11.56%,$3.42B,$-0.60B,-302.70%,$3.42B,$-5.69B,-55.90%,$3.42B,$41.85B,8.66%,$5.23B,$13.17B,46.75%,$7328,$6084,$1244,$0,$0,$6084,$1244,$-325,$919,$177,$742,$742,$742,$2341,$1244,$1576,1635,$0.47,$0.45,$3785,$162,$579,$9925,$23081,$93,$5088,$848,$31923,$41848,$11811,$13774,$3369,$30641,$42452,$687,$0,$0,$-604,$41848,$919,$1097,$355,$1452,$0,$0,$0,$-836,$-1028,$1343,$-892,$0,$-3,$234,$42,$276,$0,$-619,$-264,$0,$-264,$-231,$-231,$-2,$-364,$-860,$-145,$30,$-2
16,2014-03-31,27.59,$-0.58,-47.79,$17.64,1.56,$4.42,6.25,$2.05,13.49,$9.07B,$12.22B,0.74,$12.63B,$-0.94B,-13.41,$29.08B,$5.00B,17.20%,$29.08B,$5.00B,17.20%,$29.08B,$5.00B,17.20%,$29.08B,$9.29B,31.93%,$29.08B,$3.68B,12.64%,$29.08B,$3.21B,11.04%,$3.21B,$-0.94B,-432.33%,$3.21B,$-5.85B,-56.37%,$3.21B,$39.59B,8.33%,$5.00B,$11.68B,44.58%,$7834,$6268,$1566,$0,$0,$6268,$1566,$-352,$1214,$285,$929,$929,$929,$2542,$1566,$1571,1646,$0.59,$0.57,$3925,$130,$353,$9072,$22004,$83,$4908,$857,$30513,$39585,$12222,$12625,$3197,$28305,$40527,$649,$-2671,$0,$-941,$39585,$3676,$4285,$1386,$5671,$-412,$25,$0,$-531,$-1722,$7625,$-3730,$0,$-38,$-1975,$5,$-1970,$14,$-5724,$693,$0,$693,$-361,$-361,$-1237,$-1308,$-2213,$-374,$0,$-1237
17,2013-12-31,27.28,$0.00,0.0,$17.40,1.57,$4.80,5.68,$2.05,13.31,$7.79B,$12.27B,0.63,$11.62B,$-1.54B,-7.56,$28.67B,$4.53B,15.81%,$28.67B,$4.53B,15.81%,$28.67B,$4.53B,15.81%,$28.67B,$8.88B,30.98%,$28.67B,$3.53B,12.32%,$28.67B,$3.29B,11.47%,$3.29B,$-1.54B,-538.57%,$3.29B,$-6.58B,-58.49%,$3.29B,$39.01B,8.55%,$4.53B,$10.08B,39.56%,$7445,$6116,$1329,$0,$0,$6116,$1329,$-330,$999,$201,$798,$798,$798,$2508,$1329,$1565,1644,$0.51,$0.49,$2122,$217,$393,$7787,$22519,$92,$5044,$796,$31220,$39007,$12273,$11622,$3194,$28272,$40545,$661,$0,$0,$-1538,$39007,$2534,$3309,$1083,$4392,$0,$0,$0,$-1400,$-1750,$5176,$-2917,$0,$-32,$-528,$5,$-523,$6,$-3466,$-144,$0,$-144,$-274,$-274,$-827,$-1182,$-2427,$-766,$79,$-827
18,2013-09-30,23.69,$0.00,0.0,$17.07,1.39,$5.20,4.56,$2.00,11.87,$7.43B,$12.51B,0.59,$11.26B,$-1.44B,-7.84,$28.12B,$4.18B,14.85%,$28.12B,$4.18B,14.85%,$28.12B,$4.18B,14.85%,$28.12B,$8.52B,30.30%,$28.12B,$3.54B,12.59%,$28.12B,$3.26B,11.58%,$3.26B,$-1.44B,-1025.51%,$3.26B,$-6.34B,-62.11%,$3.26B,$37.49B,8.42%,$4.18B,$9.82B,34.63%,$6961,$5868,$1093,$0,$0,$5868,$1093,$-319,$773,$-177,$950,$950,$950,$2152,$1093,$1572,1657,$0.61,$0.57,$1919,$205,$508,$7429,$21675,$143,$4909,$944,$30064,$37493,$12512,$11259,$3111,$26417,$38928,$632,$0,$0,$-1435,$37493,$1469,$2130,$698,$2827,$0,$0,$0,$-1207,$-1336,$2961,$-1913,$0,$-31,$-595,$3,$-592,$5,$-2531,$353,$0,$353,$-155,$-155,$-787,$-738,$-1327,$-936,$53,$-787
19,2013-06-30,19.75,$0.00,0.0,$17.21,1.15,$5.27,3.74,$1.96,10.1,$7.73B,$11.89B,0.65,$12.33B,$0.95B,13.05,$28.25B,$4.11B,14.56%,$28.25B,$4.11B,14.56%,$28.25B,$4.11B,14.56%,$28.25B,$8.53B,30.21%,$28.25B,$3.72B,13.17%,$28.25B,$3.22B,11.39%,$3.22B,$0.95B,1194.80%,$3.22B,$-3.99B,-69.87%,$3.22B,$38.04B,8.26%,$4.11B,$13.27B,31.37%,$6835,$5822,$1012,$0,$0,$5822,$1012,$-323,$690,$158,$532,$532,$532,$2083,$1012,$1573,1648,$0.34,$0.32,$2071,$181,$582,$7726,$21657,$128,$4939,$1384,$30315,$38041,$11893,$12326,$3063,$25203,$37096,$627,$0,$0,$945,$38041,$690,$1071,$350,$1421,$0,$0,$0,$-1098,$-1115,$995,$-922,$0,$-6,$-711,$3,$-708,$2,$-1635,$359,$0,$359,$-100,$-100,$-2,$-490,$-232,$-882,$28,$-2
20,2013-03-31,17.66,$0.00,0.0,$17.53,1.01,$5.45,3.24,$2.06,8.57,$7.31B,$11.94B,0.61,$13.09B,$-0.41B,-31.59,$28.37B,$3.97B,14.01%,$28.37B,$3.97B,14.01%,$28.37B,$3.97B,14.01%,$28.37B,$8.47B,29.85%,$28.37B,$3.95B,13.94%,$28.37B,$3.39B,11.93%,$3.39B,$-0.41B,474.59%,$3.39B,$-5.57B,-81.79%,$3.39B,$39.25B,8.60%,$3.97B,$12.67B,28.80%,$7429,$6329,$1100,$0,$0,$6329,$1100,$-680,$1069,$148,$922,$1008,$1008,$2140,$1100,$1562,1643,$0.65,$0.62,$2300,$163,$269,$7305,$78164,$145,$5151,$1998,$87732,$39247,$11937,$13085,$12728,$27724,$39662,$645,$-2672,$0,$-414,$39247,$3954,$4494,$0,$4494,$0,$0,$0,$0,$-922,$8371,$-3854,$0,$-76,$0,$0,$402,$-304,$-3832,$0,$0,$-1149,$0,$-305,$-1080,$-1056,$-3590,$942,$0,$0
21,2012-12-31,15.98,$0.00,0.0,$17.79,0.9,$3.67,4.35,$1.96,8.15,$8.60B,$13.26B,0.65,$12.85B,$-0.37B,-35.08,$28.78B,$4.83B,16.77%,$28.78B,$4.83B,16.77%,$28.78B,$4.83B,16.77%,$28.78B,$8.28B,28.77%,$28.78B,$4.00B,13.90%,$28.78B,$3.22B,11.19%,$3.22B,$-0.37B,240.63%,$3.22B,$-5.07B,-92.75%,$3.22B,$39.85B,8.23%,$4.83B,$12.48B,34.02%,$6895,$5923,$972,$0,$0,$5923,$972,$-69,$1009,$231,$777,$766,$766,$2144,$972,$1561,1641,$0.49,$0.47,$3557,$188,$122,$8599,$0,$1503,$4699,$296,$8513,$39850,$13258,$12846,$12506,$26958,$40216,$655,$0,$0,$-366,$39850,$2913,$3455,$0,$3455,$0,$0,$0,$0,$-859,$5905,$-2997,$0,$18,$0,$0,$435,$-1860,$-4404,$0,$-74,$784,$0,$-212,$-721,$-927,$-1150,$337,$0,$0
22,2012-09-30,15.44,$0.00,0.0,$18.20,0.85,$1.90,8.12,$1.97,7.84,$7.84B,$12.93B,0.61,$13.10B,$0.91B,14.37,$29.44B,$4.95B,16.82%,$29.44B,$4.95B,16.82%,$29.44B,$4.95B,16.82%,$29.44B,$7.24B,24.58%,$29.44B,$4.02B,13.65%,$29.44B,$3.23B,10.98%,$3.23B,$0.91B,207.58%,$3.23B,$-3.79B,-96.96%,$3.23B,$38.58B,8.21%,$4.95B,$14.01B,33.55%,$7087,$6059,$1028,$0,$0,$6059,$1028,$76,$951,$58,$893,$911,$911,$2166,$1028,$1567,1635,$0.58,$0.56,$2490,$174,$130,$7838,$0,$333,$4703,$1777,$8253,$38581,$12931,$13099,$10034,$24738,$37670,$645,$0,$0,$912,$38581,$1874,$2283,$0,$2283,$0,$0,$0,$0,$-1351,$3180,$-2022,$0,$17,$0,$0,$250,$-1185,$-2940,$0,$346,$776,$0,$-109,$-703,$-566,$-256,$-27,$0,$0
23,2012-06-30,13.42,$0.00,0.0,$18.52,0.72,$2.46,5.45,$1.93,6.97,$9.05B,$14.49B,0.63,$13.31B,$2.72B,4.89,$29.54B,$4.26B,14.41%,$29.54B,$4.26B,14.41%,$29.54B,$4.26B,14.41%,$29.54B,$6.60B,22.35%,$29.54B,$3.99B,13.49%,$29.54B,$3.11B,10.54%,$3.11B,$2.72B,161.53%,$3.11B,$-2.13B,-100.60%,$3.11B,$39.84B,7.82%,$4.26B,$16.03B,27.39%,$6957,$6083,$874,$0,$0,$6083,$874,$-93,$925,$211,$714,$700,$700,$2019,$874,$1557,1557,$0.45,$0.43,$3140,$171,$0,$9053,$0,$2054,$4854,$296,$8121,$39842,$14487,$13313,$7536,$22634,$37121,$646,$2059,$0,$2721,$39842,$925,$1145,$0,$1145,$0,$0,$0,$0,$-963,$1390,$-1047,$0,$0,$0,$0,$-1622,$29,$-2640,$0,$1251,$-3,$0,$-124,$-2,$141,$1264,$8,$0,$0
24,2012-03-31,14.63,$0.00,0.0,$19.06,0.77,$2.73,5.37,$1.93,7.6,$7.24B,$14.78B,0.49,$12.13B,$2.09B,5.81,$30.37B,$4.27B,14.07%,$30.37B,$4.27B,14.07%,$30.37B,$4.27B,14.07%,$30.37B,$6.68B,21.98%,$30.37B,$3.91B,12.86%,$30.37B,$3.07B,10.12%,$3.07B,$2.09B,149.17%,$3.07B,$-2.91B,-98.98%,$3.07B,$38.24B,7.73%,$4.27B,$14.22B,26.39%,$7843,$5891,$1952,$0,$0,$5891,$1952,$-583,$1116,$16,$1100,$845,$845,$1952,$1952,$1544,1641,$0.55,$0.52,$1348,$166,$219,$7235,$76634,$353,$4993,$1685,$84664,$38240,$14778,$12134,$7483,$21373,$36152,$651,$142,$0,$2089,$38240,$3904,$4746,$0,$4746,$0,$0,$0,$0,$-3925,$5681,$-4088,$0,$13,$0,$0,$-806,$14,$-4867,$0,$0,$789,$0,$34,$-942,$-695,$-814,$-3,$0,$0
25,2011-12-31,11.99,$0.00,0.0,$19.63,0.61,$3.76,3.19,$1.89,6.36,$8.61B,$11.74B,0.73,$14.28B,$0.51B,28.1,$30.82B,$2.54B,8.25%,$30.82B,$2.54B,8.25%,$30.82B,$2.54B,8.25%,$30.82B,$6.21B,20.15%,$30.82B,$3.51B,11.40%,$30.82B,$3.00B,9.74%,$3.00B,$0.51B,129.47%,$3.00B,$-4.51B,-101.62%,$3.00B,$40.92B,7.57%,$2.54B,$14.78B,14.81%,$7553,$6454,$1099,$0,$0,$6454,$1099,$-30,$1026,$252,$774,$777,$777,$1099,$1099,$1558,1637,$0.50,$0.48,$2677,$182,$0,$8609,$0,$1848,$5016,$584,$9622,$40923,$11741,$14275,$12564,$28674,$40415,$642,$-149,$0,$508,$40923,$0,$0,$0,$0,$0,$0,$0,$0,$0,$0,$0,$0,$0,$0,$0,$0,$0,$0,$0,$0,$0,$0,$0,$0,$0,$0,$0,$0,$0
26,2011-09-30,10.62,$0.00,0.0,$20.30,0.52,$5.48,1.94,$1.76,6.04,$7.76B,$11.79B,0.66,$14.72B,$2.39B,6.16,$31.41B,$2.45B,7.80%,$31.41B,$2.45B,7.80%,$31.41B,$2.45B,7.80%,$31.41B,$7.35B,23.40%,$31.41B,$3.18B,10.14%,$31.41B,$2.79B,8.87%,$2.79B,$2.39B,115.58%,$2.79B,$-2.83B,-93.53%,$2.79B,$40.28B,7.06%,$2.45B,$17.11B,14.09%,$7184,$6853,$331,$0,$0,$6853,$331,$-118,$919,$222,$696,$791,$791,$1531,$331,$1544,1544,$0.51,$0.51,$1823,$187,$0,$7762,$0,$2210,$5223,$359,$9182,$40277,$11792,$14719,$9458,$26095,$37887,$658,$1714,$0,$2391,$40277,$1723,$2405,$0,$2405,$0,$0,$0,$0,$-745,$3954,$-1992,$0,$0,$0,$0,$-1099,$34,$-3058,$0,$411,$-111,$0,$13,$-621,$-559,$-867,$31,$0,$0
27,2011-06-30,12.66,$0.00,0.0,$20.75,0.61,$5.61,2.26,$1.66,7.63,$7.51B,$11.47B,0.65,$15.37B,$3.26B,4.72,$32.20B,$3.37B,10.45%,$32.20B,$3.37B,10.45%,$32.20B,$3.37B,10.45%,$32.20B,$8.25B,25.63%,$32.20B,$3.03B,9.42%,$32.20B,$2.64B,8.19%,$2.64B,$3.26B,155.95%,$2.64B,$-2.18B,-70.01%,$2.64B,$39.69B,6.53%,$3.37B,$18.63B,20.26%,$7793,$6903,$890,$0,$0,$6903,$890,$-26,$844,$215,$628,$661,$661,$2095,$890,$1555,1555,$0.43,$0.43,$979,$207,$153,$7505,$0,$116,$5433,$1917,$8458,$39694,$11469,$15370,$7618,$24970,$36439,$666,$2545,$0,$3255,$39694,$844,$1206,$0,$1206,$0,$0,$0,$0,$-628,$1760,$-1008,$0,$0,$0,$0,$0,$-574,$-1583,$0,$-86,$-23,$0,$0,$-2,$-261,$-372,$-191,$0,$0
28,2011-03-31,11.65,$0.00,0.0,$21.02,0.55,$5.90,1.98,$1.54,7.59,$6.29B,$11.26B,0.56,$15.00B,$3.12B,4.8,$31.88B,$3.26B,10.24%,$31.88B,$3.26B,10.24%,$31.88B,$3.26B,10.24%,$31.88B,$8.03B,25.20%,$31.88B,$2.75B,8.63%,$31.88B,$2.40B,7.52%,$2.40B,$3.12B,7001.46%,$2.40B,$-2.30B,-44.36%,$2.40B,$37.69B,5.81%,$3.26B,$18.13B,22.35%,$8286,$8064,$222,$0,$0,$8064,$222,$-202,$723,$-95,$818,$774,$774,$1484,$222,$1548,1548,$0.50,$0.48,$765,$194,$0,$6294,$0,$1098,$5426,$720,$7983,$37688,$11257,$15003,$6364,$23307,$34564,$653,$2329,$0,$3124,$37688,$2749,$4769,$0,$4769,$0,$0,$0,$0,$-1377,$7310,$-4211,$0,$-13,$0,$0,$0,$728,$-3495,$0,$-3170,$0,$0,$13,$-869,$-1575,$-5602,$-1792,$0,$0
29,2010-12-31,11.05,$0.00,0.0,$22.08,0.5,$6.76,1.63,$1.31,8.44,$8.09B,$12.74B,0.64,$14.79B,$0.88B,16.91,$31.95B,$3.36B,10.53%,$31.95B,$3.36B,10.53%,$31.95B,$3.36B,10.53%,$31.95B,$8.20B,25.66%,$31.95B,$2.44B,7.62%,$31.95B,$1.95B,6.10%,$1.95B,$0.88B,-108.08%,$1.95B,$-4.61B,-26.52%,$1.95B,$40.15B,4.51%,$3.36B,$15.67B,26.27%,$8146,$7140,$1006,$0,$0,$7140,$1006,$-133,$698,$149,$549,$561,$561,$2241,$1006,$1542,1542,$0.37,$0.35,$2307,$210,$0,$8090,$0,$1221,$5482,$793,$9082,$40148,$12740,$14792,$9479,$26533,$39273,$645,$191,$0,$875,$40148,$1933,$3507,$0,$3507,$0,$0,$0,$0,$-323,$5630,$-2977,$0,$-13,$0,$0,$0,$-740,$-3730,$0,$-2202,$195,$0,$3,$-565,$-1207,$-3776,$-1879,$0,$0
30,2010-09-30,8.38,$0.00,0.0,$21.17,0.4,$5.98,1.4,$1.11,7.55,$10.94B,$16.08B,0.68,$14.53B,$-0.49B,-29.48,$31.94B,$2.97B,9.31%,$31.94B,$2.97B,9.31%,$31.94B,$2.97B,9.31%,$31.94B,$7.64B,23.92%,$31.94B,$2.06B,6.46%,$31.94B,$1.67B,5.22%,$1.67B,$-0.49B,-48.63%,$1.67B,$-5.97B,-18.51%,$1.67B,$44.00B,3.78%,$2.97B,$14.04B,25.79%,$7979,$6731,$1248,$0,$0,$6731,$1248,$-214,$769,$152,$617,$640,$640,$2433,$1248,$1565,1565,$0.41,$0.41,$4826,$197,$0,$10938,$0,$2416,$5480,$446,$10503,$43997,$16075,$14528,$11634,$28416,$44490,$632,$-1162,$0,$-493,$43997,$1211,$2272,$0,$2272,$0,$0,$0,$0,$-403,$4081,$-1879,$0,$-3,$0,$0,$0,$-3170,$-5051,$0,$16,$0,$0,$3,$-549,$-324,$-854,$-1831,$0,$0
31,2010-06-30,7.13,$0.00,0.0,$21.51,0.33,$5.64,1.26,$1.16,6.14,$10.11B,$15.36B,0.66,$13.93B,$-3.37B,-4.13,$32.42B,$2.61B,8.05%,$32.42B,$2.61B,8.05%,$32.42B,$2.61B,8.05%,$32.42B,$7.41B,22.85%,$32.42B,$1.75B,5.39%,$32.42B,$1.74B,5.37%,$1.74B,$-3.37B,-36.41%,$1.74B,$-8.74B,-16.60%,$1.74B,$43.21B,3.86%,$2.61B,$10.56B,22.54%,$7464,$6677,$787,$0,$0,$6677,$787,$-233,$560,$136,$424,$423,$423,$1875,$787,$1411,1411,$0.30,$0.30,$4351,$175,$0,$10110,$0,$1850,$5374,$755,$11288,$43208,$15357,$13926,$15123,$31220,$46577,$609,$-4006,$0,$-3369,$43208,$560,$1088,$0,$1088,$0,$0,$0,$0,$-224,$1990,$-910,$0,$0,$0,$0,$0,$-2733,$-3643,$0,$306,$0,$0,$1,$-1,$-449,$-143,$-1802,$0,$0
32,2010-03-31,6.94,$0.00,0.0,$22.33,0.31,$5.07,1.37,$1.11,6.25,$10.03B,$16.63B,0.6,$15.20B,$-4.23B,-3.59,$33.06B,$2.55B,7.70%,$33.06B,$2.55B,7.70%,$33.06B,$2.55B,7.70%,$33.06B,$7.40B,22.38%,$33.06B,$1.61B,4.86%,$33.06B,$1.65B,4.99%,$1.65B,$-4.23B,-31.91%,$1.65B,$-10.09B,-15.09%,$1.65B,$45.78B,3.64%,$2.55B,$10.97B,20.69%,$8361,$8037,$323,$0,$0,$8037,$323,$-613,$408,$78,$330,$326,$326,$1650,$323,$1305,1305,$0.25,$0.25,$2966,$171,$996,$10033,$0,$102,$5862,$2565,$12034,$45782,$16633,$15200,$15816,$33379,$50012,$651,$-6232,$0,$-4230,$45782,$1607,$4851,$0,$4851,$0,$0,$0,$0,$-1215,$7702,$-3959,$0,$-109,$0,$0,$0,$-362,$-4430,$0,$-279,$-490,$0,$6,$-423,$-1550,$-2736,$525,$0,$0
33,2009-12-31,8.06,$0.00,0.0,$21.30,0.38,$4.05,1.99,$-0.10,0.0,$8.18B,$13.89B,0.59,$16.18B,$-5.63B,-2.88,$33.04B,$-0.10B,-0.30%,$33.04B,$-0.10B,-0.30%,$33.04B,$-0.10B,-0.30%,$33.04B,$8.40B,25.43%,$33.04B,$-1.38B,-4.17%,$33.04B,$-0.16B,-0.50%,$-0.16B,$-5.63B,4.06%,$-0.16B,$-11.24B,1.65%,$-0.16B,$43.64B,-0.35%,$-0.10B,$10.55B,-0.66%,$8140,$7525,$615,$0,$0,$7525,$615,$-413,$327,$49,$279,$279,$279,$1683,$615,$1858,1858,$0.15,$0.15,$1984,$183,$0,$8181,$0,$1895,$5614,$922,$12288,$43638,$13894,$16180,$16679,$35373,$49266,$639,$-6303,$0,$-5628,$43638,$1184,$3525,$0,$3525,$0,$0,$0,$0,$-1024,$4527,$-2789,$0,$-20,$0,$0,$0,$-872,$-3682,$0,$-274,$0,$0,$2,$-136,$-1701,$-2109,$-1289,$0,$0
34,2009-09-30,7.59,$0.00,0.0,$35.28,0.22,$4.28,1.77,$0.08,94.86,$9.36B,$12.26B,0.76,$20.16B,$-5.91B,-3.41,$33.18B,$-0.73B,-2.20%,$33.18B,$-0.73B,-2.20%,$33.18B,$-0.73B,-2.20%,$33.18B,$6.70B,20.20%,$33.18B,$-1.52B,-4.58%,$33.18B,$-0.30B,-0.89%,$-0.30B,$-5.91B,19.01%,$-0.30B,$-11.90B,3.82%,$-0.30B,$47.83B,-0.61%,$-0.73B,$14.24B,-3.99%,$8457,$7573,$885,$0,$0,$7573,$885,$-451,$451,$-251,$703,$714,$714,$2200,$885,$1557,1557,$0.46,$0.46,$2144,$189,$190,$9362,$0,$95,$5989,$3465,$13871,$47825,$12255,$20156,$18631,$41483,$53738,$670,$-6583,$0,$-5913,$47825,$898,$2457,$0,$2457,$0,$0,$0,$0,$-1147,$3695,$-2024,$0,$-21,$0,$0,$0,$-1226,$-3272,$0,$-1134,$381,$0,$2,$-141,$-737,$-1630,$-1226,$0,$0
35,2009-06-30,6.08,$0.00,0.0,$36.48,0.17,$3.28,1.85,$0.12,50.64,$9.14B,$12.77B,0.72,$18.39B,$-4.91B,-3.74,$34.78B,$-0.55B,-1.58%,$34.78B,$-0.55B,-1.58%,$34.78B,$-0.55B,-1.58%,$34.78B,$5.57B,16.02%,$34.78B,$-0.99B,-2.86%,$34.78B,$-0.25B,-0.72%,$-0.25B,$-4.91B,-14.28%,$-0.25B,$-10.49B,5.32%,$-0.25B,$44.10B,-0.51%,$-0.55B,$13.48B,-2.52%,$8104,$7380,$724,$0,$0,$7380,$724,$-303,$421,$90,$331,$331,$331,$1866,$724,$1325,1325,$0.25,$0.25,$2333,$198,$0,$9142,$0,$1989,$5577,$540,$11582,$44099,$12774,$18390,$15372,$36237,$49011,$632,$-5574,$0,$-4912,$44099,$421,$1143,$0,$1143,$0,$0,$0,$0,$-927,$1299,$-1050,$0,$-19,$0,$0,$0,$-1304,$-2372,$0,$-263,$791,$0,$2,$-3,$-441,$85,$-1034,$0,$0
36,2009-03-31,4.04,$0.00,0.0,$35.46,0.11,$2.65,1.52,$0.38,10.77,$10.35B,$16.10B,0.64,$21.29B,$0.29B,73.17,$36.93B,$0.22B,0.61%,$36.93B,$0.22B,0.61%,$36.93B,$0.22B,0.61%,$36.93B,$5.20B,14.08%,$36.93B,$-0.23B,-0.63%,$36.93B,$0.44B,1.18%,$0.44B,$0.29B,9.94%,$0.44B,$-6.23B,-17.95%,$0.44B,$50.40B,0.84%,$0.22B,$21.58B,0.90%,$8335,$10658,$-2323,$0,$0,$10658,$-2323,$12,$-2576,$-325,$-2250,$-1488,$-1488,$2653,$-2323,$1551,1551,$-0.96,$-0.96,$2939,$208,$0,$10353,$0,$4550,$6522,$554,$13526,$50401,$16101,$21289,$9745,$34009,$50110,$702,$-2851,$0,$291,$50401,$-231,$4976,$0,$4976,$0,$0,$0,$0,$1952,$8102,$-5231,$0,$-391,$0,$0,$0,$535,$-5086,$0,$1369,$-1486,$0,$684,$-2104,$-1673,$-3211,$-102,$0,$0
37,2008-12-31,7.23,$0.00,0.0,$37.08,0.19,$3.73,1.94,$1.89,3.83,$11.55B,$16.52B,0.7,$19.72B,$4.33B,4.56,$39.32B,$3.44B,8.74%,$39.32B,$3.44B,8.74%,$39.32B,$3.44B,8.74%,$39.32B,$3.44B,8.74%,$39.32B,$3.33B,8.47%,$39.32B,$2.77B,7.03%,$2.77B,$4.33B,39.40%,$2.77B,$-2.28B,1676.36%,$2.77B,$49.97B,5.16%,$3.44B,$24.04B,12.63%,$8279,$8296,$-17,$0,$0,$8296,$-17,$-90,$183,$30,$153,$148,$148,$-17,$-17,$451,451,$0.33,$0.33,$3308,$222,$0,$11547,$0,$4388,$6603,$2827,$13818,$49966,$16520,$19716,$6279,$29120,$45639,$643,$3683,$0,$4326,$49966,$4386,$0,$0,$0,$0,$0,$0,$0,$0,$4208,$-3683,$0,$-340,$0,$0,$0,$-566,$-4589,$0,$2173,$0,$0,$-329,$-1270,$-1202,$-629,$-905,$0,$0
38,2008-09-30,10.08,$0.00,0.0,$25.00,0.4,$3.05,3.3,$2.14,4.72,$11.89B,$18.17B,0.65,$20.42B,$7.30B,2.8,$41.14B,$4.06B,9.86%,$41.14B,$4.06B,9.86%,$41.14B,$4.06B,9.86%,$41.14B,$4.06B,9.86%,$41.14B,$4.06B,9.87%,$41.14B,$3.55B,8.63%,$3.55B,$7.30B,43.49%,$3.55B,$0.21B,261.05%,$3.55B,$52.68B,6.46%,$4.06B,$27.72B,14.38%,$10060,$8992,$1068,$0,$0,$8992,$1068,$-292,$979,$220,$759,$759,$759,$1068,$1068,$1518,1518,$0.50,$0.50,$2305,$309,$0,$11888,$0,$899,$7087,$3728,$11714,$52682,$18169,$20423,$3018,$27216,$45386,$774,$6522,$0,$7296,$52682,$3058,$0,$0,$0,$0,$0,$0,$0,$0,$3054,$-2937,$0,$-355,$0,$0,$0,$457,$-2834,$0,$1796,$0,$0,$-396,$-1493,$-840,$-933,$-704,$0,$0
39,2008-06-30,12.95,$0.00,0.0,$19.01,0.68,$3.01,4.31,$1.68,7.71,$12.75B,$17.61B,0.72,$20.87B,$5.60B,3.73,$41.38B,$3.89B,9.41%,$41.38B,$3.89B,9.41%,$41.38B,$3.89B,9.41%,$41.38B,$3.89B,9.41%,$41.38B,$3.96B,9.57%,$41.38B,$3.48B,8.40%,$3.48B,$5.60B,38.96%,$3.48B,$-1.40B,145.89%,$3.48B,$52.98B,6.21%,$3.89B,$26.47B,13.95%,$10254,$8758,$1496,$0,$0,$8758,$1496,$16,$1183,$-16,$1199,$1016,$1016,$1496,$1496,$2012,2012,$0.51,$0.51,$2670,$302,$0,$12751,$0,$635,$6991,$1921,$10075,$52980,$17614,$20872,$5431,$29771,$47385,$805,$4790,$0,$5595,$52980,$0,$0,$0,$0,$0,$0,$0,$0,$0,$763,$-1649,$0,$-185,$0,$0,$0,$280,$-1554,$0,$1258,$0,$0,$-528,$-4,$-586,$140,$-655,$0,$0
40,2008-03-31,14.05,$0.00,0.0,$20.12,0.7,$3.48,4.03,$1.93,7.3,$13.10B,$19.49B,0.67,$19.72B,$10.86B,1.82,$41.12B,$3.57B,8.69%,$41.12B,$3.57B,8.69%,$41.12B,$3.57B,8.69%,$41.12B,$3.57B,8.69%,$41.12B,$3.97B,9.65%,$41.12B,$3.67B,8.92%,$3.67B,$10.86B,35.29%,$3.67B,$4.12B,87.17%,$3.67B,$58.94B,6.49%,$3.57B,$30.58B,12.76%,$10725,$9836,$889,$0,$0,$9836,$889,$204,$984,$132,$851,$843,$843,$889,$889,$1532,1532,$0.55,$0.55,$3920,$245,$0,$13098,$0,$685,$6737,$7683,$15104,$58939,$19486,$19715,$3785,$28592,$48078,$843,$10018,$0,$10861,$58939,$10415,$0,$0,$0,$0,$0,$0,$0,$0,$11016,$-6532,$0,$-731,$0,$0,$0,$-94,$-7357,$0,$4709,$0,$0,$-2837,$-2482,$-2261,$-2871,$837,$0,$0
41,2007-12-31,17.58,$0.00,0.0,$19.51,0.9,$2.90,6.06,$1.93,9.13,$13.58B,$19.37B,0.7,$19.20B,$8.89B,2.16,$40.73B,$3.87B,9.51%,$40.73B,$3.87B,9.51%,$40.73B,$3.87B,9.51%,$40.73B,$9.40B,23.08%,$40.73B,$4.16B,10.21%,$40.73B,$3.71B,9.11%,$3.71B,$8.89B,38.35%,$3.71B,$2.50B,93.80%,$3.71B,$55.03B,6.98%,$3.87B,$28.09B,15.27%,$10104,$9501,$603,$0,$0,$9501,$603,$-125,$914,$168,$746,$931,$931,$603,$603,$1611,1611,$0.58,$0.58,$3628,$292,$0,$13575,$0,$194,$6389,$3577,$10215,$55033,$19368,$19198,$3836,$26775,$46143,$883,$8006,$0,$8890,$55033,$0,$0,$0,$0,$0,$0,$0,$0,$0,$5886,$-5100,$0,$0,$0,$0,$0,$-311,$-5411,$0,$-2448,$8000,$0,$-1926,$-1654,$-2002,$-31,$470,$0,$0
42,2007-09-30,20.07,$0.00,0.0,$19.24,1.04,$2.90,6.92,$1.89,10.62,$14.17B,$22.03B,0.64,$16.13B,$10.33B,1.56,$40.62B,$4.39B,10.82%,$40.62B,$4.39B,10.82%,$40.62B,$4.39B,10.82%,$40.62B,$7.29B,17.94%,$40.62B,$4.47B,11.00%,$40.62B,$3.69B,9.08%,$3.69B,$10.33B,40.66%,$3.69B,$4.30B,92.29%,$3.69B,$56.91B,7.17%,$4.39B,$26.46B,19.06%,$10297,$9392,$905,$0,$0,$9392,$905,$-26,$879,$194,$685,$685,$685,$905,$905,$16143,16143,$0.05,$0.05,$4220,$271,$0,$14171,$0,$125,$6033,$5889,$12102,$56905,$22027,$16130,$4004,$24547,$46574,$873,$9458,$0,$10331,$56905,$0,$0,$0,$0,$0,$0,$0,$0,$0,$3795,$-3268,$0,$-449,$0,$0,$0,$-703,$-4420,$0,$6118,$-1487,$0,$-1348,$-1589,$-689,$1004,$386,$0,$0
43,2007-06-30,20.6,$0.00,0.0,$24.33,0.85,$3.56,5.79,$2.40,8.6,$13.77B,$19.89B,0.69,$15.37B,$11.47B,1.34,$39.58B,$4.63B,11.69%,$39.58B,$4.63B,11.69%,$39.58B,$4.63B,11.69%,$39.58B,$10.16B,25.66%,$39.58B,$4.77B,12.05%,$39.58B,$3.89B,9.84%,$3.89B,$11.47B,54.01%,$3.89B,$5.90B,140.50%,$3.89B,$54.94B,7.98%,$4.63B,$26.84B,22.66%,$9991,$8815,$1175,$0,$0,$8815,$1175,$-115,$1191,$-16,$1207,$1207,$1207,$1175,$1175,$1609,1609,$0.75,$0.75,$4456,$278,$169,$13774,$0,$0,$5572,$5516,$11142,$54937,$19886,$15370,$3918,$23580,$43466,$858,$0,$0,$11471,$54937,$921,$0,$0,$0,$0,$0,$0,$0,$0,$1683,$-1626,$0,$-326,$0,$0,$-157,$151,$-1957,$0,$1274,$1673,$0,$-730,$-4,$-510,$1703,$1423,$0,$0
44,2007-03-31,18.57,$0.00,0.0,$23.36,0.79,$3.74,4.97,$2.15,8.66,$11.01B,$18.21B,0.61,$12.09B,$8.02B,1.51,$38.48B,$4.57B,11.86%,$38.48B,$4.57B,11.86%,$38.48B,$4.57B,11.86%,$38.48B,$10.09B,26.23%,$38.48B,$4.70B,12.22%,$38.48B,$3.54B,9.19%,$3.54B,$8.02B,66.50%,$3.54B,$3.13B,241.92%,$3.54B,$45.73B,7.60%,$4.57B,$20.11B,25.50%,$10341,$9150,$1191,$0,$0,$9150,$1191,$309,$1175,$308,$867,$889,$889,$6719,$1191,$1616,1616,$0.55,$0.55,$2041,$252,$1005,$11008,$0,$178,$4892,$1037,$6328,$45725,$18205,$12091,$4157,$19498,$37703,$818,$7146,$0,$8023,$45725,$4702,$5528,$0,$5528,$0,$0,$0,$0,$-509,$9863,$-6075,$0,$-538,$0,$0,$49,$818,$-5745,$0,$-926,$0,$0,$-528,$-2001,$-2031,$-5486,$-1439,$0,$0
45,2006-12-31,18.53,$0.00,0.0,$22.20,0.83,$4.01,4.62,$2.00,9.29,$13.98B,$19.76B,0.71,$12.36B,$6.46B,1.92,$37.14B,$28.16B,75.83%,$37.14B,$10.39B,27.97%,$37.14B,$10.39B,27.97%,$37.14B,$15.54B,41.84%,$37.14B,$4.42B,11.89%,$37.14B,$3.33B,8.97%,$3.33B,$6.46B,82.75%,$3.33B,$2.66B,502.53%,$3.33B,$48.20B,7.23%,$10.39B,$18.82B,60.53%,$9986,$8863,$1123,$0,$0,$8863,$1123,$161,$1224,$-1569,$2794,$907,$907,$-1513,$1123,$1664,1664,$0.55,$0.55,$1813,$243,$399,$13975,$0,$0,$3799,$236,$4930,$48197,$19762,$12360,$6572,$21980,$41742,$828,$0,$0,$6455,$48197,$5896,$0,$0,$0,$0,$0,$0,$0,$0,$5359,$-4547,$0,$-142,$0,$0,$128,$132,$-4428,$0,$1977,$-1765,$0,$-395,$-1222,$-1303,$-2707,$-1830,$0,$0
