,Date,Stock Price,Book Value per Share,Price to Book Ratio,TTM Sales per Share,Price to Sales Ratio,TTM FCF per Share,Price to FCF Ratio,TTM Net EPS,PE Ratio,Current Assets,Current Liabilities,Current Ratio,Long Term Debt,Shareholder's Equity_x,Debt to Equity Ratio,TTM Revenue_x,TTM Gross Profit,Gross Margin,TTM Revenue_y,TTM Operating Income,Operating Margin,TTM Revenue_x,TTM EBIT,EBIT Margin,TTM Revenue_y,TTM EBITDA,EBITDA Margin,TTM Revenue_x,TTM Pre-Tax Income,Pre-Tax Margin,TTM Revenue_y,TTM Net Income_x,Net Margin,TTM Net Income_y,Shareholder's Equity_y,Return on Equity,TTM Net Income_x,Tangible Equity,Return on Tangible Equity,TTM Net Income_y,Total Assets,Return on Assets,TTM Net Income,LT Investments & Debt,Return on Investment,revenue,cost-goods-sold,gross-profit,research-development-expenses,selling-general-administrative-expenses,operating-expenses,operating-income,total-non-operating-income-expense,pre-tax-income,total-provision-income-taxes,income-after-taxes,income-from-continuous-operations,net-income,ebitda,ebit,basic-shares-outstanding,shares-outstanding,eps-basic-net-earnings-per-share,eps-earnings-per-share-diluted,cash-on-hand,inventory,other-current-assets,total-current-assets,net-property-plant-equipment,long-term-investments,goodwill-intangible-assets-total,other-long-term-assets,total-long-term-assets,total-assets,total-current-liabilities,long-term-debt,other-non-current-liabilities,total-long-term-liabilities,total-liabilities,common-stock-net,retained-earnings-accumulated-deficit,comprehensive-income,total-share-holder-equity,total-liabilities-share-holders-equity,net-income-loss,total-depreciation-amortization-cash-flow,other-non-cash-items,total-non-cash-items,change-in-accounts-receivable,change-in-inventories,change-in-accounts-payable,change-in-assets-liabilities,total-change-in-assets-liabilities,cash-flow-from-operating-activities,net-change-in-property-plant-equipment,net-change-in-intangible-assets,net-acquisitions-divestitures,net-change-in-short-term-investments,net-change-in-long-term-investments,net-change-in-investments-total,investing-activities-other,cash-flow-from-investing-activities,net-long-term-debt,net-current-debt,debt-issuance-retirement-net-total,net-common-equity-issued-repurchased,net-total-equity-issued-repurchased,total-common-preferred-stock-dividends-paid,financial-activities-other,cash-flow-from-financial-activities,net-cash-flow,stock-based-compensation,common-stock-dividends-paid
0,2018-09-30,2.91,$4.36,0.67,$3.10,0.94,$-0.23,0.0,$0.06,48.5,$0.18B,$0.32B,0.55,$1.53B,$2.42B,0.64,$0.83B,$0.58B,70.19%,$0.83B,$0.10B,11.54%,$0.83B,$0.10B,11.54%,$0.83B,$0.45B,54.21%,$0.83B,$-0.13B,-16.11%,$0.83B,$-0.02B,-1.92%,$-0.02B,$2.42B,-0.93%,$-0.02B,$2.42B,-0.93%,$-0.02B,$4.97B,-0.42%,$0.10B,$3.95B,3.08%,$264,$67,$197,$0,$13,$216,$48,$-30,$18,$-3,$21,$21,$21,$156,$48,$375,379,$0.05,$0.05,$35,$0,$4,$175,$4793,$0,$0,$0,$4793,$4968,$320,$1533,$431,$2234,$2554,$4364,$-2374,$413,$2415,$4968,$-72,$279,$53,$332,$0,$0,$0,$-18,$-18,$242,$-238,$0,$0,$0,$0,$0,$64,$-174,$-33,$0,$-33,$-0,$-0,$0,$0,$-34,$35,$11,$0
1,2018-06-30,3.33,$6.28,0.53,$3.07,1.08,$-0.51,0.0,$-0.02,0.0,$0.12B,$0.21B,0.57,$1.35B,$1.49B,0.91,$0.73B,$0.49B,66.99%,$0.73B,$0.03B,4.68%,$0.73B,$0.03B,4.68%,$0.73B,$0.39B,53.37%,$0.73B,$-0.17B,-23.93%,$0.73B,$-0.04B,-6.05%,$-0.04B,$1.49B,-2.96%,$-0.04B,$1.49B,-2.96%,$-0.04B,$3.47B,-1.27%,$0.03B,$2.84B,1.20%,$210,$60,$149,$1,$11,$174,$36,$-101,$-65,$-19,$-46,$-46,$-46,$121,$36,$237,237,$-0.19,$-0.19,$0,$0,$8,$118,$3351,$0,$0,$0,$3351,$3470,$208,$1354,$294,$1775,$1983,$3451,$-2425,$449,$1486,$3470,$-94,$171,$67,$238,$0,$0,$0,$-18,$-18,$126,$-132,$0,$0,$0,$0,$0,$11,$-122,$-4,$0,$-4,$0,$0,$0,$0,$-4,$0,$6,$0
2,2018-03-31,2.74,$6.45,0.42,$2.86,0.96,$-0.78,0.0,$0.20,13.7,$0.10B,$0.18B,0.57,$1.36B,$1.53B,0.89,$0.68B,$0.44B,64.79%,$0.68B,$-0.03B,-3.99%,$0.68B,$-0.03B,-3.99%,$0.68B,$0.34B,50.00%,$0.68B,$-0.12B,-17.75%,$0.68B,$0.01B,1.33%,$0.01B,$1.53B,0.61%,$0.01B,$1.53B,0.61%,$0.01B,$3.51B,0.26%,$-0.03B,$2.89B,-0.96%,$175,$59,$116,$2,$12,$172,$3,$-71,$-68,$-18,$-50,$-50,$-50,$89,$3,$236,236,$-0.21,$-0.21,$0,$0,$13,$101,$3407,$0,$0,$0,$3407,$3507,$177,$1363,$294,$1805,$1982,$3522,$-2429,$424,$1526,$3507,$-50,$86,$28,$114,$0,$0,$0,$5,$5,$69,$-72,$0,$0,$0,$0,$0,$6,$-66,$-3,$0,$-3,$0,$0,$0,$0,$-3,$0,$3,$0
3,2017-12-31,3.0,$6.27,0.48,$2.77,1.08,$-1.03,0.0,$0.45,6.67,$0.10B,$0.15B,0.67,$1.30B,$1.48B,0.88,$0.66B,$0.42B,64.27%,$0.66B,$-0.05B,-6.87%,$0.66B,$-0.05B,-6.87%,$0.66B,$0.33B,49.92%,$0.66B,$-0.05B,-8.24%,$0.66B,$0.07B,10.23%,$0.07B,$1.48B,4.56%,$0.07B,$1.48B,4.56%,$0.07B,$3.37B,1.94%,$-0.05B,$2.78B,-1.60%,$183,$61,$122,$2,$10,$174,$9,$-28,$-19,$-78,$59,$59,$59,$85,$9,$235,237,$0.25,$0.25,$0,$0,$14,$101,$3271,$0,$0,$0,$3271,$3373,$152,$1301,$285,$1743,$1896,$3428,$-2320,$357,$1477,$3373,$67,$372,$-176,$196,$-1,$0,$24,$-31,$-7,$251,$-298,$0,$0,$0,$0,$0,$26,$-272,$19,$0,$19,$0,$0,$0,$0,$19,$-2,$12,$0
4,2017-09-30,3.01,$6.22,0.48,$2.62,1.15,$-0.51,0.0,$-1.20,0.0,$0.09B,$0.12B,0.74,$1.35B,$1.47B,0.92,$0.60B,$0.38B,62.91%,$0.60B,$-0.38B,-63.08%,$0.60B,$-0.38B,-63.08%,$0.60B,$0.01B,0.99%,$0.60B,$-0.42B,-69.70%,$0.60B,$-0.26B,-43.21%,$-0.26B,$1.47B,-17.73%,$-0.26B,$1.47B,-17.73%,$-0.26B,$3.47B,-7.51%,$-0.38B,$2.82B,-13.53%,$159,$59,$100,$0,$11,$173,$-14,$-8,$-22,$-15,$-7,$-7,$-7,$93,$-14,$235,235,$-0.03,$-0.03,$0,$0,$2,$86,$3387,$0,$0,$0,$3387,$3474,$117,$1354,$294,$1891,$2008,$3546,$370,$-2461,$1466,$3474,$9,$296,$-115,$181,$0,$0,$0,$-3,$-3,$183,$-246,$0,$6,$0,$0,$0,$25,$-214,$30,$0,$30,$0,$0,$0,$0,$30,$-2,$10,$0
5,2017-06-30,2.43,$6.13,0.4,$2.50,0.97,$0.17,14.05,$-1.32,0.0,$0.10B,$0.10B,0.98,$1.33B,$1.44B,0.93,$0.56B,$0.35B,61.74%,$0.56B,$-0.43B,-75.80%,$0.56B,$-0.43B,-75.80%,$0.56B,$-0.06B,-10.32%,$0.56B,$-0.44B,-79.00%,$0.56B,$-0.28B,-50.53%,$-0.28B,$1.44B,-18.66%,$-0.28B,$1.44B,-18.66%,$-0.28B,$3.41B,-7.97%,$-0.43B,$2.76B,-14.81%,$159,$59,$100,$3,$15,$184,$-25,$14,$-11,$-18,$7,$7,$7,$71,$-25,$234,237,$0.03,$0.03,$2,$0,$16,$101,$3303,$0,$0,$3,$3306,$3407,$103,$1329,$294,$1869,$1973,$3296,$-2286,$409,$1435,$3407,$15,$188,$-84,$104,$0,$0,$0,$-4,$-4,$112,$-184,$0,$0,$0,$0,$0,$12,$-172,$60,$0,$60,$0,$0,$0,$0,$60,$-0,$8,$0
6,2017-03-31,3.42,$6.38,0.54,$2.39,1.43,$0.48,7.11,$-1.67,0.0,$0.10B,$0.12B,0.87,$1.37B,$1.49B,0.92,$0.52B,$0.32B,61.11%,$0.52B,$-0.44B,-83.91%,$0.52B,$-0.44B,-83.91%,$0.52B,$-0.07B,-12.45%,$0.52B,$-0.54B,-103.26%,$0.52B,$-0.36B,-68.58%,$-0.36B,$1.49B,-22.56%,$-0.36B,$1.49B,-22.56%,$-0.36B,$3.55B,-9.67%,$-0.44B,$2.86B,-14.74%,$154,$55,$99,$1,$13,$169,$-15,$13,$-2,$-10,$8,$8,$8,$78,$-15,$234,236,$0.04,$0.04,$2,$0,$7,$102,$3450,$0,$0,$2,$3451,$3553,$117,$1371,$299,$1943,$2060,$3349,$-2330,$462,$1493,$3553,$8,$92,$-42,$50,$0,$0,$0,$4,$4,$61,$-123,$0,$0,$0,$0,$0,$7,$-116,$54,$0,$54,$0,$0,$0,$0,$54,$0,$3,$0
7,2016-12-31,4.88,$6.40,0.76,$2.15,2.27,$0.68,7.15,$-1.71,0.0,$0.09B,$0.11B,0.78,$1.33B,$1.50B,0.89,$0.46B,$0.25B,55.16%,$0.46B,$-0.51B,-112.53%,$0.46B,$-0.51B,-112.53%,$0.46B,$-0.13B,-28.13%,$0.46B,$-0.57B,-125.93%,$0.46B,$-0.37B,-80.44%,$-0.37B,$1.50B,-22.52%,$-0.37B,$1.50B,-22.52%,$-0.37B,$3.47B,-9.73%,$-0.51B,$2.82B,-17.08%,$132,$51,$81,$1,$10,$459,$-327,$-59,$-386,$-117,$-269,$-269,$-269,$-236,$-327,$212,212,$-1.12,$-1.12,$2,$0,$2,$88,$3381,$0,$0,$0,$3381,$3469,$114,$1325,$253,$1861,$1975,$3340,$-2337,$476,$1495,$3469,$-366,$384,$180,$564,$0,$0,$0,$-18,$-18,$187,$-118,$0,$0,$0,$0,$0,$-103,$-221,$-46,$0,$-46,$83,$83,$0,$0,$37,$2,$10,$0
8,2016-09-30,4.25,$7.87,0.54,$1.06,4.02,$0.48,8.83,$-1.94,0.0,$0.10B,$0.11B,0.87,$1.40B,$1.66B,0.84,$0.23B,$0.03B,14.35%,$0.23B,$-0.91B,-395.65%,$0.23B,$-0.91B,-395.65%,$0.23B,$-0.48B,-208.26%,$0.23B,$-0.68B,-297.39%,$0.23B,$-0.35B,-153.91%,$-0.35B,$1.66B,-20.52%,$-0.35B,$1.66B,-20.52%,$-0.35B,$3.83B,-8.92%,$-0.91B,$3.06B,-29.08%,$117,$50,$67,$1,$13,$176,$-59,$15,$-45,$-14,$-30,$-30,$-30,$29,$-59,$211,211,$-0.29,$-0.29,$1,$0,$14,$97,$3735,$0,$0,$1,$3736,$3832,$112,$1398,$256,$2056,$2168,$3309,$-2098,$440,$1664,$3832,$-96,$293,$-46,$247,$0,$0,$0,$9,$9,$160,$-72,$0,$0,$0,$0,$0,$-119,$-191,$34,$0,$34,$0,$0,$0,$0,$34,$0,$10,$0
9,2016-06-30,5.79,$8.04,0.72,$1.28,4.52,$0.68,8.52,$-3.70,0.0,$0.10B,$0.12B,0.83,$1.45B,$1.70B,0.86,$0.27B,$0.06B,20.44%,$0.27B,$-1.28B,-466.06%,$0.27B,$-1.28B,-466.06%,$0.27B,$-0.83B,-301.46%,$0.27B,$-1.11B,-403.28%,$0.27B,$-0.72B,-262.77%,$-0.72B,$1.70B,-39.27%,$-0.72B,$1.70B,-39.27%,$-0.72B,$3.95B,-17.40%,$-1.28B,$3.14B,-39.59%,$119,$47,$72,$1,$13,$156,$-37,$-68,$-106,$-38,$-67,$-67,$-67,$64,$-37,$211,211,$-0.32,$-0.32,$0,$0,$19,$98,$3850,$0,$0,$1,$3851,$3949,$118,$1450,$271,$2137,$2255,$3337,$-2079,$429,$1695,$3949,$-67,$205,$-41,$164,$0,$0,$0,$-4,$-4,$93,$-91,$0,$0,$0,$0,$0,$-81,$-172,$81,$0,$81,$0,$0,$0,$0,$81,$0,$6,$0
10,2016-03-31,3.97,$7.82,0.51,$2.07,1.92,$1.17,3.4,$-3.49,0.0,$0.12B,$0.17B,0.69,$1.32B,$1.65B,0.8,$0.44B,$0.18B,41.06%,$0.44B,$-1.20B,-274.54%,$0.44B,$-1.20B,-274.54%,$0.44B,$-0.72B,-163.99%,$0.44B,$-1.03B,-236.47%,$0.44B,$-0.68B,-154.82%,$-0.68B,$1.65B,-33.27%,$-0.68B,$1.65B,-34.17%,$-0.68B,$3.79B,-15.31%,$-1.20B,$2.97B,-35.24%,$87,$56,$31,$1,$14,$175,$-89,$53,$-36,$-36,$0,$0,$0,$15,$-89,$211,212,$0.00,$0.00,$0,$0,$59,$116,$3670,$0,$0,$4,$3674,$3789,$168,$1318,$231,$1973,$2141,$3134,$-1889,$399,$1648,$3789,$0,$103,$-72,$32,$0,$0,$0,$15,$15,$47,$-60,$0,$0,$0,$0,$0,$-23,$-83,$37,$0,$37,$0,$0,$0,$0,$37,$0,$3,$0
11,2015-12-31,3.24,$8.98,0.36,$3.71,0.87,$1.54,2.1,$-4.75,0.0,$0.16B,$0.21B,0.77,$1.45B,$1.89B,0.77,$0.70B,$0.40B,57.90%,$0.70B,$-1.02B,-145.98%,$0.70B,$-1.02B,-145.98%,$0.70B,$-0.50B,-71.41%,$0.70B,$-1.16B,-166.24%,$0.70B,$-0.89B,-127.73%,$-0.89B,$1.89B,-41.74%,$-0.89B,$1.89B,-43.96%,$-0.89B,$4.30B,-18.69%,$-1.02B,$3.35B,-28.02%,$-93,$44,$-137,$2,$6,$632,$-725,$-129,$-497,$-169,$-328,$-257,$-257,$-587,$-725,$198,198,$-1.21,$-1.21,$0,$0,$84,$161,$4137,$0,$0,$3,$4140,$4301,$210,$1454,$232,$2199,$2409,$3367,$-2031,$553,$1892,$4301,$-888,$519,$766,$1284,$0,$0,$0,$34,$34,$431,$-406,$0,$0,$0,$0,$0,$-62,$-468,$-352,$0,$-352,$475,$475,$-86,$0,$36,$-1,$12,$-86
12,2015-09-30,3.2,$9.98,0.32,$6.43,0.5,$2.50,1.28,$-5.00,0.0,$0.14B,$0.21B,0.65,$1.35B,$2.10B,0.64,$1.17B,$0.80B,68.29%,$1.17B,$-0.21B,-18.08%,$1.17B,$-0.21B,-18.08%,$1.17B,$0.33B,27.85%,$1.17B,$-0.94B,-80.81%,$1.17B,$-0.92B,-79.01%,$-0.92B,$2.10B,-41.45%,$-0.92B,$2.10B,-44.72%,$-0.92B,$4.51B,-18.10%,$-0.21B,$3.45B,-5.52%,$161,$71,$90,$2,$13,$588,$-426,$-40,$-466,$-70,$-396,$-396,$-396,$-318,$-426,$208,208,$-1.90,$-1.90,$0,$0,$59,$135,$4366,$0,$0,$7,$4374,$4508,$209,$1350,$206,$2202,$2411,$3277,$-1667,$471,$2098,$4508,$-551,$381,$546,$927,$0,$0,$0,$40,$40,$416,$-289,$0,$0,$0,$0,$0,$-81,$-369,$-375,$0,$-375,$464,$464,$-84,$-53,$-48,$-1,$15,$-84
13,2015-06-30,15.26,$0.00,0.0,$9.04,1.69,$2.33,6.55,$-2.32,0.0,$0.16B,$0.25B,0.65,$1.35B,$2.48B,0.55,$1.57B,$1.16B,73.44%,$1.57B,$0.48B,30.69%,$1.57B,$0.48B,30.69%,$1.57B,$1.07B,67.92%,$1.57B,$-0.31B,-19.44%,$1.57B,$-0.40B,-25.22%,$-0.40B,$2.48B,-16.90%,$-0.40B,$2.26B,-19.54%,$-0.40B,$5.03B,-7.29%,$0.48B,$3.83B,11.87%,$281,$86,$195,$2,$19,$238,$43,$120,$-32,$-10,$-22,$-22,$-22,$175,$43,$207,207,$-0.11,$-0.11,$46,$0,$0,$163,$0,$6,$214,$0,$220,$5034,$251,$1351,$231,$2306,$2557,$3445,$-1318,$0,$2477,$5034,$-165,$273,$0,$273,$0,$0,$0,$0,$11,$306,$-203,$0,$0,$0,$0,$0,$-88,$-291,$0,$-8,$-393,$0,$0,$0,$384,$-17,$-1,$0,$0
14,2015-03-31,15.26,$0.00,0.0,$10.90,1.4,$1.51,10.08,$-1.96,0.0,$0.24B,$0.31B,0.77,$1.83B,$2.05B,0.89,$1.73B,$1.29B,74.75%,$1.73B,$0.66B,37.95%,$1.73B,$0.66B,37.95%,$1.73B,$1.20B,69.50%,$1.73B,$-0.22B,-12.82%,$1.73B,$-0.34B,-19.70%,$-0.34B,$2.05B,-14.64%,$-0.34B,$1.84B,-17.78%,$-0.34B,$5.19B,-6.01%,$0.66B,$3.89B,15.53%,$347,$92,$255,$2,$20,$254,$92,$-93,$-162,$-20,$-142,$-214,$-214,$233,$92,$169,169,$-1.26,$-1.26,$114,$0,$0,$237,$0,$2,$217,$0,$218,$5188,$307,$1833,$251,$2828,$3136,$2914,$-1237,$0,$2052,$5188,$-142,$141,$0,$141,$0,$0,$0,$0,$21,$169,$-117,$0,$-7,$0,$0,$0,$-65,$-189,$0,$80,$-8,$0,$0,$-32,$-17,$22,$3,$0,$0
15,2014-12-31,15.8,$0.00,0.0,$11.63,1.36,$0.83,18.95,$-0.35,0.0,$0.39B,$0.43B,0.9,$1.87B,$2.27B,0.82,$1.74B,$1.29B,74.19%,$1.74B,$0.71B,40.67%,$1.74B,$0.71B,40.67%,$1.74B,$1.19B,68.61%,$1.74B,$0.00B,0.12%,$1.74B,$-0.08B,-4.78%,$-0.08B,$2.27B,-3.94%,$-0.08B,$2.05B,-4.76%,$-0.08B,$5.65B,-1.65%,$0.71B,$4.14B,18.96%,$378,$121,$257,$1,$19,$298,$80,$-311,$-283,$47,$-330,$-290,$-290,$235,$80,$168,168,$-1.72,$-1.72,$201,$0,$0,$385,$0,$0,$222,$0,$223,$5646,$426,$1869,$259,$2948,$3374,$3245,$-1182,$0,$2271,$5646,$-120,$486,$0,$486,$0,$0,$0,$0,$26,$883,$-702,$0,$-1705,$0,$0,$0,$263,$-2144,$0,$261,$52,$0,$1280,$-278,$-70,$1244,$-16,$0,$0
16,2014-09-30,35.3,$0.00,0.0,$11.75,3.0,$0.76,46.66,$1.59,22.2,$0.29B,$0.49B,0.59,$1.83B,$2.60B,0.7,$1.66B,$1.23B,74.14%,$1.66B,$0.72B,43.38%,$1.66B,$0.72B,43.38%,$1.66B,$1.14B,68.70%,$1.66B,$0.33B,19.82%,$1.66B,$0.24B,14.20%,$0.24B,$2.60B,12.68%,$0.24B,$1.98B,15.32%,$0.24B,$5.92B,5.50%,$0.72B,$4.42B,22.69%,$568,$119,$449,$2,$22,$300,$268,$27,$171,$38,$133,$129,$129,$426,$268,$166,168,$0.78,$0.77,$46,$0,$0,$291,$0,$22,$618,$4,$643,$5919,$491,$1825,$241,$2833,$3324,$3255,$-778,$0,$2595,$5919,$211,$331,$0,$331,$0,$0,$0,$0,$-53,$571,$-496,$0,$-1716,$0,$0,$0,$294,$-1917,$0,$-205,$-729,$0,$1288,$0,$978,$1332,$-14,$0,$0
17,2014-06-30,42.37,$0.00,0.0,$11.62,3.65,$0.57,73.85,$1.49,28.43,$0.29B,$0.51B,0.56,$2.08B,$2.40B,0.86,$1.49B,$1.08B,72.45%,$1.49B,$0.66B,44.24%,$1.49B,$0.66B,44.24%,$1.49B,$0.99B,66.42%,$1.49B,$0.26B,17.63%,$1.49B,$0.19B,12.73%,$0.19B,$2.40B,12.53%,$0.19B,$1.81B,14.16%,$0.19B,$5.95B,5.50%,$0.66B,$4.48B,26.01%,$438,$106,$333,$4,$21,$221,$217,$-61,$52,$18,$34,$34,$34,$309,$217,$136,136,$0.25,$0.25,$20,$1,$0,$286,$0,$17,$589,$4,$609,$5948,$508,$2075,$218,$3041,$3548,$3197,$-798,$0,$2400,$5948,$78,$173,$0,$173,$0,$0,$0,$0,$-75,$251,$-295,$0,$0,$0,$0,$0,$-1688,$-1982,$0,$0,$0,$0,$4,$-117,$1844,$1731,$-0,$0,$0
18,2014-03-31,37.21,$0.00,0.0,$11.05,3.37,$0.51,73.39,$1.52,24.48,$0.30B,$0.30B,1.01,$0.69B,$1.17B,0.59,$1.38B,$0.97B,70.09%,$1.38B,$0.56B,40.39%,$1.38B,$0.56B,40.39%,$1.38B,$0.88B,63.66%,$1.38B,$0.26B,18.79%,$1.38B,$0.19B,13.80%,$0.19B,$1.17B,15.59%,$0.19B,$1.14B,16.06%,$0.19B,$2.61B,7.27%,$0.56B,$1.86B,29.53%,$352,$103,$249,$10,$18,$211,$141,$-9,$62,$18,$43,$44,$44,$221,$141,$126,126,$0.35,$0.35,$33,$2,$102,$302,$0,$0,$34,$0,$34,$2611,$300,$689,$205,$1140,$1440,$1858,$-737,$0,$1171,$2611,$43,$80,$0,$80,$0,$0,$0,$0,$-51,$110,$-157,$0,$0,$0,$0,$0,$30,$-127,$0,$70,$0,$0,$2,$-55,$-16,$2,$-15,$0,$0
19,2013-12-31,34.87,$0.00,0.0,$10.47,3.33,$0.62,56.43,$1.25,27.9,$0.24B,$0.26B,0.91,$0.66B,$1.25B,0.53,$1.31B,$0.88B,67.66%,$1.31B,$0.48B,36.63%,$1.31B,$0.48B,36.63%,$1.31B,$0.80B,61.15%,$1.31B,$0.21B,16.25%,$1.31B,$0.16B,12.03%,$0.16B,$1.25B,12.59%,$0.16B,$1.21B,12.97%,$0.16B,$2.62B,5.99%,$0.48B,$1.90B,25.27%,$297,$102,$196,$2,$16,$206,$92,$-10,$43,$12,$31,$28,$28,$181,$92,$125,125,$0.23,$0.22,$28,$1,$72,$238,$0,$0,$37,$0,$37,$2621,$262,$656,$216,$1114,$1375,$1947,$-754,$0,$1246,$2621,$160,$320,$0,$320,$0,$0,$0,$0,$3,$620,$-495,$0,$0,$0,$0,$0,$51,$-444,$0,$104,$0,$0,$10,$-231,$-42,$-159,$16,$0,$0
20,2013-09-30,35.99,$0.00,0.0,$10.41,3.46,$2.25,16.01,$1.28,28.12,$0.20B,$0.26B,0.75,$0.67B,$1.25B,0.53,$1.29B,$0.68B,52.71%,$1.29B,$0.48B,36.84%,$1.29B,$0.48B,36.84%,$1.29B,$0.79B,61.07%,$1.29B,$0.20B,15.33%,$1.29B,$0.16B,12.38%,$0.16B,$1.25B,12.69%,$0.16B,$1.21B,13.07%,$0.16B,$2.64B,6.15%,$0.48B,$1.91B,25.31%,$405,$102,$303,$2,$19,$194,$210,$-26,$106,$22,$84,$84,$84,$280,$210,$124,124,$0.67,$0.67,$10,$0,$0,$198,$0,$1,$36,$0,$38,$2638,$262,$665,$237,$1128,$1391,$1895,$-698,$0,$1247,$2638,$129,$231,$0,$231,$0,$0,$0,$0,$-21,$442,$-410,$0,$-3,$0,$0,$0,$50,$-363,$0,$123,$0,$0,$7,$-170,$-39,$-79,$-1,$0,$0
21,2013-06-30,30.94,$0.00,0.0,$9.23,3.35,$2.33,13.27,$0.83,37.28,$0.21B,$0.30B,0.7,$0.66B,$1.24B,0.53,$1.14B,$0.59B,51.45%,$1.14B,$0.33B,29.15%,$1.14B,$0.33B,29.15%,$1.14B,$0.65B,56.98%,$1.14B,$0.13B,11.59%,$1.14B,$0.10B,9.04%,$0.10B,$1.24B,8.06%,$0.10B,$1.20B,8.31%,$0.10B,$2.65B,3.95%,$0.33B,$1.90B,17.60%,$330,$108,$222,$2,$20,$214,$116,$-9,$49,$14,$35,$35,$35,$199,$116,$125,125,$0.28,$0.28,$15,$1,$0,$212,$0,$0,$37,$0,$37,$2646,$303,$660,$242,$1107,$1409,$1889,$-714,$0,$1237,$2646,$45,$161,$0,$161,$0,$0,$0,$0,$-19,$250,$-298,$0,$0,$0,$0,$0,$73,$-225,$0,$107,$0,$0,$5,$-113,$-22,$-23,$1,$0,$0
22,2013-03-31,35.4,$0.00,0.0,$8.93,3.96,$2.85,12.43,$1.85,19.13,$0.18B,$0.27B,0.69,$0.60B,$1.26B,0.47,$1.10B,$0.60B,55.02%,$1.10B,$0.30B,27.46%,$1.10B,$0.30B,27.46%,$1.10B,$0.61B,55.20%,$1.10B,$0.33B,30.11%,$1.10B,$0.23B,20.71%,$0.23B,$1.26B,17.49%,$0.23B,$1.22B,18.01%,$0.23B,$2.59B,8.65%,$0.30B,$1.86B,15.72%,$273,$111,$162,$4,$20,$213,$60,$0,$14,$4,$10,$10,$10,$138,$60,$122,124,$0.08,$0.08,$9,$2,$0,$183,$0,$0,$37,$0,$37,$2587,$267,$596,$273,$1061,$1328,$1891,$-680,$0,$1259,$2587,$10,$78,$0,$78,$0,$0,$0,$0,$-13,$94,$-127,$0,$0,$0,$0,$0,$61,$-65,$0,$39,$0,$0,$4,$-57,$-16,$-30,$-2,$0,$0
23,2012-12-31,35.96,$0.00,0.0,$9.57,3.76,$3.17,11.33,$2.13,16.88,$0.19B,$0.22B,0.89,$0.56B,$1.30B,0.43,$1.17B,$0.73B,62.23%,$1.17B,$0.37B,31.76%,$1.17B,$0.37B,31.76%,$1.17B,$0.67B,57.42%,$1.17B,$0.38B,32.36%,$1.17B,$0.26B,22.32%,$0.26B,$1.30B,20.25%,$0.26B,$1.26B,20.86%,$0.26B,$2.54B,10.00%,$0.37B,$1.86B,19.40%,$284,$290,$-6,$3,$-182,$194,$90,$-67,$29,$-4,$33,$31,$31,$172,$90,$121,123,$0.25,$0.25,$2,$1,$20,$194,$0,$0,$38,$0,$38,$2540,$219,$558,$273,$1020,$1239,$1861,$-614,$0,$1300,$2540,$259,$298,$0,$298,$0,$0,$0,$0,$12,$578,$-254,$0,$0,$0,$0,$0,$-35,$-289,$0,$-196,$137,$0,$22,$-215,$-35,$-287,$-6,$0,$0
24,2012-09-30,38.87,$0.00,0.0,$10.40,3.74,$1.63,23.85,$2.37,16.4,$0.42B,$0.26B,1.63,$0.62B,$1.31B,0.48,$1.25B,$1.02B,81.63%,$1.25B,$0.44B,35.22%,$1.25B,$0.44B,35.22%,$1.25B,$0.73B,58.23%,$1.25B,$0.42B,33.23%,$1.25B,$0.29B,22.92%,$0.29B,$1.31B,22.71%,$0.29B,$1.28B,23.40%,$0.29B,$2.67B,11.09%,$0.44B,$1.94B,23.19%,$252,$45,$208,$3,$67,$186,$66,$-75,$40,$13,$27,$27,$27,$140,$66,$120,122,$0.22,$0.22,$199,$1,$24,$421,$0,$0,$38,$1,$39,$2666,$258,$624,$280,$1095,$1353,$1831,$-568,$0,$1313,$2666,$228,$215,$0,$215,$0,$0,$0,$0,$-16,$418,$-376,$0,$318,$0,$0,$0,$7,$-52,$0,$-131,$138,$0,$19,$-162,$-33,$-169,$191,$0,$0
25,2012-06-30,33.99,$0.00,0.0,$10.92,3.11,$1.80,18.91,$2.58,13.18,$0.53B,$0.25B,2.14,$0.69B,$1.32B,0.52,$1.31B,$1.07B,81.50%,$1.31B,$0.48B,36.85%,$1.31B,$0.48B,36.85%,$1.31B,$0.76B,58.10%,$1.31B,$0.45B,34.63%,$1.31B,$0.31B,23.78%,$0.31B,$1.32B,25.10%,$0.31B,$1.28B,25.89%,$0.31B,$2.71B,12.23%,$0.48B,$2.01B,25.48%,$287,$47,$239,$4,$80,$201,$85,$167,$247,$91,$156,$159,$159,$155,$85,$120,122,$1.32,$1.30,$310,$1,$34,$532,$0,$0,$37,$0,$38,$2707,$248,$688,$276,$1139,$1387,$1762,$-508,$0,$1320,$2707,$198,$142,$0,$142,$0,$0,$0,$0,$-10,$271,$-256,$0,$298,$0,$0,$0,$17,$59,$0,$83,$0,$0,$15,$-108,$-18,$-28,$302,$0,$0
26,2012-03-31,41.28,$0.00,0.0,$11.52,3.58,$2.29,18.04,$2.20,18.76,$0.19B,$0.28B,0.69,$0.62B,$1.20B,0.52,$1.36B,$1.10B,80.70%,$1.36B,$0.54B,39.55%,$1.36B,$0.54B,39.55%,$1.36B,$0.81B,59.21%,$1.36B,$0.34B,24.58%,$1.36B,$0.26B,19.15%,$0.26B,$1.20B,21.63%,$0.26B,$1.17B,22.34%,$0.26B,$2.49B,10.63%,$0.54B,$1.82B,29.24%,$342,$58,$284,$2,$80,$212,$129,$-70,$61,$18,$43,$43,$43,$202,$129,$119,120,$0.36,$0.36,$3,$1,$9,$193,$0,$0,$38,$0,$46,$2486,$280,$621,$274,$1004,$1284,$1728,$-590,$0,$1202,$2486,$43,$72,$0,$72,$0,$0,$0,$0,$2,$151,$-143,$0,$4,$0,$0,$0,$26,$-113,$0,$18,$0,$0,$9,$-55,$-15,$-43,$-5,$0,$0
27,2011-12-31,43.96,$0.00,0.0,$11.88,3.7,$2.18,20.21,$1.85,23.76,$0.23B,$0.28B,0.82,$0.62B,$1.22B,0.51,$1.32B,$1.07B,80.89%,$1.32B,$0.52B,39.27%,$1.32B,$0.52B,39.27%,$1.32B,$0.77B,58.31%,$1.32B,$0.27B,20.62%,$1.32B,$0.22B,16.54%,$0.22B,$1.22B,18.55%,$0.22B,$1.18B,19.18%,$0.22B,$2.49B,8.94%,$0.52B,$1.84B,28.70%,$371,$80,$291,$4,$56,$210,$161,$-182,$68,$12,$56,$58,$58,$232,$161,$118,118,$0.49,$0.49,$8,$1,$11,$229,$0,$0,$38,$0,$49,$2491,$280,$617,$278,$990,$1270,$1700,$-562,$0,$1221,$2491,$220,$251,$0,$251,$0,$0,$0,$0,$-11,$579,$-451,$0,$-73,$0,$0,$0,$-3,$-527,$0,$4,$148,$0,$46,$-207,$-35,$-44,$8,$0,$0
28,2011-09-30,32.4,$0.00,0.0,$11.13,2.91,$2.80,11.58,$1.86,17.42,$0.23B,$0.26B,0.88,$0.68B,$1.21B,0.56,$1.22B,$1.00B,81.62%,$1.22B,$0.50B,41.01%,$1.22B,$0.50B,41.01%,$1.22B,$0.75B,61.36%,$1.22B,$0.24B,19.69%,$1.22B,$0.22B,17.97%,$0.22B,$1.21B,19.56%,$0.22B,$1.17B,20.24%,$0.22B,$2.48B,9.46%,$0.50B,$1.90B,29.31%,$308,$55,$252,$3,$77,$201,$107,$9,$77,$24,$53,$51,$51,$171,$107,$116,119,$0.44,$0.43,$0,$1,$48,$232,$0,$0,$39,$139,$186,$2484,$263,$684,$243,$1008,$1272,$1665,$-553,$0,$1213,$2484,$163,$181,$0,$181,$0,$0,$0,$0,$-2,$424,$-363,$0,$-121,$0,$0,$0,$11,$-474,$0,$58,$149,$0,$34,$-160,$-32,$50,$0,$0,$0
29,2011-06-30,41.81,$0.00,0.0,$10.65,3.93,$3.55,11.79,$1.73,24.16,$0.22B,$0.29B,0.74,$0.63B,$1.19B,0.53,$1.15B,$0.95B,82.15%,$1.15B,$0.44B,38.13%,$1.15B,$0.44B,38.13%,$1.15B,$0.69B,59.79%,$1.15B,$0.20B,17.50%,$1.15B,$0.20B,17.68%,$0.20B,$1.19B,19.15%,$0.20B,$1.15B,19.84%,$0.20B,$2.36B,9.28%,$0.44B,$1.82B,27.61%,$342,$70,$273,$3,$68,$200,$142,$-19,$129,$18,$110,$109,$109,$202,$142,$116,116,$0.94,$0.92,$2,$0,$17,$217,$0,$0,$39,$3,$50,$2360,$293,$625,$195,$877,$1170,$1647,$-540,$0,$1190,$2360,$111,$117,$0,$117,$0,$0,$0,$0,$0,$275,$-203,$0,$-161,$0,$0,$0,$18,$-346,$0,$17,$151,$0,$29,$-108,$-17,$73,$0,$0,$0
30,2011-03-31,44.19,$0.00,0.0,$9.80,4.51,$3.59,12.29,$1.09,40.54,$0.20B,$0.33B,0.61,$0.60B,$1.10B,0.55,$1.04B,$0.86B,82.57%,$1.04B,$0.37B,35.15%,$1.04B,$0.37B,35.15%,$1.04B,$0.62B,59.67%,$1.04B,$0.10B,9.39%,$1.04B,$0.13B,12.16%,$0.13B,$1.10B,12.49%,$0.13B,$1.06B,12.97%,$0.13B,$2.47B,6.00%,$0.37B,$1.70B,24.33%,$303,$48,$255,$4,$84,$194,$110,$-52,$-1,$-2,$1,$1,$1,$167,$110,$95,95,$0.01,$0.01,$4,$0,$14,$199,$0,$0,$38,$3,$270,$2467,$329,$600,$183,$1040,$1369,$1576,$-568,$0,$1098,$2467,$1,$57,$0,$57,$0,$0,$0,$0,$2,$122,$-126,$0,$-119,$0,$0,$0,$24,$-221,$0,$-1,$148,$0,$20,$-53,$-11,$103,$4,$0,$0
31,2010-12-31,35.04,$0.00,0.0,$10.21,3.43,$4.04,8.67,$1.61,21.76,$0.17B,$0.22B,0.77,$0.44B,$1.00B,0.44,$1.04B,$0.86B,82.34%,$1.04B,$0.39B,37.52%,$1.04B,$0.39B,37.52%,$1.04B,$0.65B,62.67%,$1.04B,$0.15B,14.40%,$1.04B,$0.17B,16.41%,$0.17B,$1.00B,17.31%,$0.17B,$0.96B,17.97%,$0.17B,$1.99B,8.74%,$0.39B,$1.44B,28.63%,$271,$52,$219,$0,$9,$128,$143,$-127,$36,$-21,$57,$59,$59,$211,$143,$113,113,$0.52,$0.50,$0,$2,$19,$168,$0,$0,$37,$148,$185,$1988,$220,$441,$222,$769,$989,$1350,$-356,$0,$999,$1988,$172,$263,$0,$263,$0,$0,$0,$0,$-10,$429,$-236,$0,$-40,$0,$0,$0,$-51,$-326,$0,$47,$0,$0,$-183,$0,$25,$-112,$-10,$0,$0
32,2010-09-30,26.83,$0.00,0.0,$9.82,2.73,$2.38,11.28,$1.35,19.87,$0.15B,$0.21B,0.73,$0.45B,$0.98B,0.46,$1.00B,$0.82B,82.43%,$1.00B,$0.32B,31.93%,$1.00B,$0.32B,31.93%,$1.00B,$0.57B,56.73%,$1.00B,$0.14B,13.55%,$1.00B,$0.14B,13.86%,$0.14B,$0.98B,14.36%,$0.14B,$0.94B,14.91%,$0.14B,$1.98B,7.36%,$0.32B,$1.42B,25.21%,$238,$36,$201,$0,$90,$193,$45,$2,$38,$4,$34,$35,$35,$110,$45,$113,113,$0.31,$0.30,$1,$0,$21,$151,$0,$0,$36,$148,$184,$1975,$207,$447,$240,$793,$1000,$1309,$-347,$0,$975,$1975,$116,$195,$0,$195,$0,$0,$0,$0,$4,$319,$-177,$0,$-39,$0,$0,$0,$-42,$-258,$0,$51,$0,$0,$17,$-137,$0,$-69,$-9,$0,$0
33,2010-06-30,21.77,$0.00,0.0,$9.44,2.31,$0.97,22.55,$1.39,15.66,$0.18B,$0.22B,0.82,$0.48B,$0.99B,0.48,$0.95B,$0.78B,81.94%,$0.95B,$0.33B,35.06%,$0.95B,$0.33B,35.06%,$0.95B,$0.57B,60.51%,$0.95B,$0.14B,14.57%,$0.95B,$0.14B,14.78%,$0.14B,$0.99B,14.79%,$0.14B,$0.96B,15.36%,$0.14B,$2.04B,7.76%,$0.33B,$1.47B,28.34%,$232,$45,$187,$0,$53,$163,$69,$-47,$25,$-8,$32,$32,$32,$135,$69,$110,110,$0.29,$0.28,$3,$1,$30,$181,$0,$0,$37,$149,$185,$2037,$222,$479,$236,$822,$1043,$1301,$-326,$0,$994,$2037,$83,$130,$0,$130,$0,$0,$0,$0,$-9,$200,$-126,$0,$-77,$0,$0,$0,$6,$-197,$0,$72,$0,$0,$11,$-94,$0,$-10,$-7,$0,$0
34,2010-03-31,24.28,$0.00,0.0,$8.98,2.7,$0.61,39.87,$1.35,17.99,$0.19B,$0.47B,0.41,$0.14B,$0.98B,0.15,$0.89B,$0.73B,82.08%,$0.89B,$0.32B,35.61%,$0.89B,$0.32B,35.61%,$0.89B,$0.54B,60.92%,$0.89B,$0.13B,14.89%,$0.89B,$0.13B,14.89%,$0.13B,$0.98B,14.56%,$0.13B,$0.95B,15.12%,$0.13B,$1.83B,7.93%,$0.32B,$1.13B,29.86%,$301,$50,$251,$0,$54,$167,$134,$-2,$51,$1,$50,$45,$45,$197,$134,$84,84,$0.54,$0.53,$1,$1,$38,$193,$0,$0,$36,$4,$40,$1827,$474,$144,$226,$370,$844,$1269,$-296,$0,$983,$1827,$50,$63,$0,$63,$0,$0,$0,$0,$-12,$90,$-57,$0,$0,$0,$0,$0,$-3,$-60,$0,$-2,$0,$0,$9,$-47,$0,$-40,$-9,$0,$0
35,2009-12-31,19.79,$0.00,0.0,$6.49,3.05,$0.11,174.33,$0.75,26.38,$0.16B,$0.43B,0.37,$0.13B,$0.89B,0.15,$0.70B,$0.56B,80.03%,$0.70B,$0.18B,25.53%,$0.70B,$0.18B,25.53%,$0.70B,$0.39B,55.06%,$0.70B,$0.06B,8.42%,$0.70B,$0.08B,11.55%,$0.08B,$0.89B,9.53%,$0.08B,$0.86B,9.91%,$0.08B,$1.66B,5.11%,$0.18B,$1.02B,17.67%,$225,$43,$182,$0,$50,$156,$70,$-42,$21,$-2,$23,$26,$26,$123,$70,$108,112,$0.24,$0.24,$9,$1,$27,$158,$0,$0,$33,$3,$36,$1658,$428,$132,$207,$340,$768,$1141,$-265,$0,$891,$1658,$77,$209,$0,$209,$0,$0,$0,$0,$-25,$267,$-262,$0,$0,$0,$0,$0,$-6,$-267,$0,$56,$-41,$0,$119,$-120,$-5,$10,$9,$0,$0
36,2009-09-30,15.18,$0.00,0.0,$6.15,2.47,$1.95,7.8,$0.95,15.98,$0.15B,$0.41B,0.37,$0.15B,$0.92B,0.16,$0.64B,$0.51B,78.97%,$0.64B,$0.14B,21.50%,$0.64B,$0.14B,21.50%,$0.64B,$0.35B,54.05%,$0.64B,$0.09B,13.24%,$0.64B,$0.10B,15.26%,$0.10B,$0.92B,11.58%,$0.10B,$0.88B,12.05%,$0.10B,$1.70B,6.13%,$0.14B,$1.06B,13.40%,$189,$33,$156,$0,$44,$131,$59,$-17,$41,$4,$37,$37,$37,$118,$59,$107,111,$0.34,$0.34,$2,$2,$33,$154,$0,$0,$34,$7,$42,$1695,$413,$145,$220,$365,$777,$1155,$-258,$0,$918,$1695,$54,$155,$0,$155,$0,$0,$0,$0,$-38,$175,$-192,$0,$0,$0,$0,$0,$-10,$-202,$0,$61,$-42,$0,$110,$-95,$-6,$28,$2,$0,$0
37,2009-06-30,11.4,$0.00,0.0,$7.93,1.44,$3.54,3.22,$1.95,5.85,$0.14B,$0.28B,0.48,$0.19B,$0.86B,0.22,$0.80B,$0.65B,80.42%,$0.80B,$0.26B,32.54%,$0.80B,$0.26B,32.54%,$0.80B,$0.47B,58.35%,$0.80B,$0.21B,25.56%,$0.80B,$0.19B,24.06%,$0.19B,$0.86B,22.99%,$0.19B,$0.83B,23.97%,$0.19B,$1.53B,12.04%,$0.26B,$1.05B,25.23%,$178,$33,$144,$0,$41,$122,$55,$-22,$20,$-3,$24,$25,$25,$106,$55,$106,107,$0.24,$0.24,$2,$1,$30,$135,$0,$0,$32,$3,$36,$1527,$282,$186,$198,$384,$666,$1078,$-244,$0,$861,$1527,$16,$96,$0,$96,$0,$0,$0,$0,$-23,$103,$-69,$0,$0,$0,$0,$0,$-20,$-89,$0,$-47,$0,$0,$101,$-61,$-5,$-12,$2,$0,$0
38,2009-03-31,8.02,$0.00,0.0,$9.76,0.82,$4.56,1.76,$2.09,3.84,$0.13B,$0.36B,0.37,$0.19B,$0.73B,0.26,$0.95B,$0.77B,80.38%,$0.95B,$0.37B,38.82%,$0.95B,$0.37B,38.82%,$0.95B,$0.58B,60.55%,$0.95B,$0.21B,22.25%,$0.95B,$0.20B,21.20%,$0.20B,$0.73B,24.60%,$0.20B,$0.70B,25.71%,$0.20B,$1.46B,12.30%,$0.37B,$0.92B,36.37%,$109,$30,$79,$0,$40,$115,$-5,$-30,$-23,$-16,$-7,$-7,$-7,$39,$-5,$98,98,$-0.07,$-0.07,$50,$1,$0,$130,$0,$0,$30,$0,$31,$1460,$357,$189,$185,$373,$730,$917,$-221,$0,$730,$1460,$-7,$45,$0,$45,$0,$0,$0,$0,$-18,$29,$-38,$0,$0,$0,$0,$0,$-10,$-48,$0,$51,$0,$0,$1,$-32,$0,$20,$1,$0,$0
39,2008-12-31,7.58,$0.00,0.0,$11.54,0.66,$5.42,1.4,$2.57,2.95,$0.16B,$0.39B,0.42,$0.22B,$0.88B,0.25,$1.11B,$0.90B,81.30%,$1.11B,$0.49B,44.35%,$1.11B,$0.49B,44.35%,$1.11B,$0.70B,63.60%,$1.11B,$0.27B,24.57%,$1.11B,$0.25B,22.13%,$0.25B,$0.88B,31.03%,$0.25B,$0.84B,32.57%,$0.25B,$1.71B,15.04%,$0.49B,$1.09B,49.73%,$166,$37,$128,$0,$48,$137,$29,$-33,$47,$4,$43,$43,$43,$84,$29,$97,99,$0.45,$0.44,$0,$0,$81,$164,$0,$0,$36,$0,$36,$1711,$392,$215,$228,$443,$835,$1067,$-212,$0,$875,$1711,$245,$213,$0,$213,$0,$0,$0,$0,$37,$445,$-258,$0,$0,$0,$0,$0,$19,$-240,$0,$-31,$0,$0,$10,$-184,$0,$-205,$0,$0,$0
40,2008-09-30,15.08,$0.00,0.0,$12.11,1.24,$4.95,3.05,$2.62,5.75,$0.13B,$0.38B,0.34,$0.19B,$0.89B,0.21,$1.14B,$0.97B,84.69%,$1.14B,$0.58B,50.66%,$1.14B,$0.58B,50.66%,$1.14B,$0.78B,68.33%,$1.14B,$0.24B,20.65%,$1.14B,$0.24B,21.35%,$0.24B,$0.89B,34.29%,$0.24B,$0.85B,36.20%,$0.24B,$1.72B,15.95%,$0.58B,$1.08B,64.33%,$349,$55,$294,$0,$53,$167,$182,$-21,$161,$28,$133,$132,$132,$239,$182,$96,100,$1.39,$1.34,$0,$2,$10,$129,$0,$0,$39,$0,$39,$1716,$379,$190,$255,$445,$824,$1075,$-202,$0,$892,$1716,$200,$158,$0,$158,$0,$0,$0,$0,$-1,$359,$-214,$0,$0,$0,$0,$0,$14,$-200,$0,$-40,$0,$0,$10,$0,$-128,$-158,$0,$0,$0
41,2008-06-30,20.38,$0.00,0.0,$10.08,2.02,$4.31,4.73,$1.67,12.2,$0.16B,$0.43B,0.37,$0.19B,$0.79B,0.24,$0.93B,$0.80B,86.27%,$0.93B,$0.42B,45.84%,$0.93B,$0.42B,45.84%,$0.93B,$0.62B,67.03%,$0.93B,$0.11B,12.00%,$0.93B,$0.15B,15.89%,$0.15B,$0.79B,23.11%,$0.15B,$0.75B,24.55%,$0.15B,$1.68B,10.16%,$0.42B,$0.98B,51.35%,$329,$64,$265,$0,$50,$164,$164,$-137,$27,$-7,$35,$34,$34,$215,$164,$88,95,$0.39,$0.38,$0,$1,$28,$160,$0,$0,$37,$0,$37,$1683,$432,$190,$260,$462,$895,$1042,$-273,$0,$788,$1683,$70,$101,$0,$101,$0,$0,$0,$0,$-4,$220,$-94,$0,$0,$0,$0,$0,$5,$-89,$0,$-61,$0,$0,$8,$-78,$0,$-131,$0,$0,$0
42,2008-03-31,12.89,$0.00,0.0,$8.02,1.61,$3.50,3.69,$1.63,7.91,$0.12B,$0.39B,0.32,$0.20B,$0.60B,0.32,$0.71B,$0.64B,90.03%,$0.71B,$0.29B,40.45%,$0.71B,$0.29B,40.45%,$0.71B,$0.48B,66.71%,$0.71B,$0.11B,14.89%,$0.71B,$0.14B,19.80%,$0.14B,$0.60B,24.06%,$0.14B,$0.57B,25.69%,$0.14B,$1.40B,10.28%,$0.29B,$0.80B,36.90%,$263,$50,$213,$0,$47,$147,$116,$-16,$37,$0,$37,$36,$36,$166,$116,$85,91,$0.42,$0.41,$0,$2,$13,$123,$0,$0,$38,$0,$38,$1404,$386,$195,$198,$415,$802,$834,$-251,$0,$603,$1404,$36,$51,$0,$51,$0,$0,$0,$0,$20,$120,$-51,$0,$0,$0,$0,$0,$8,$-44,$0,$-44,$0,$0,$4,$-37,$0,$-77,$0,$0,$0
43,2007-12-31,10.82,$0.00,0.0,$6.48,1.67,$2.91,3.71,$1.47,7.36,$0.12B,$0.37B,0.31,$0.18B,$0.56B,0.32,$0.56B,$0.53B,95.00%,$0.56B,$0.20B,35.54%,$0.56B,$0.20B,35.54%,$0.56B,$0.38B,67.50%,$0.56B,$0.09B,15.89%,$0.56B,$0.13B,22.32%,$0.13B,$0.56B,22.85%,$0.13B,$0.53B,24.51%,$0.13B,$1.32B,9.68%,$0.20B,$0.74B,26.56%,$202,$6,$196,$0,$37,$84,$117,$66,$11,$-23,$34,$42,$42,$161,$117,$84,90,$0.50,$0.49,$0,$6,$11,$115,$0,$0,$35,$0,$35,$1317,$370,$178,$186,$384,$754,$769,$-224,$0,$563,$1317,$124,$179,$0,$179,$0,$0,$0,$0,$3,$268,$-141,$0,$-228,$0,$0,$0,$-9,$-378,$0,$107,$0,$0,$138,$0,$-135,$109,$0,$0,$0
44,2007-09-30,11.2,$0.00,0.0,$5.57,2.01,$3.18,3.52,$1.21,9.25,$0.09B,$0.37B,0.25,$0.20B,$0.59B,0.33,$0.46B,$0.43B,93.91%,$0.46B,$0.10B,21.74%,$0.46B,$0.10B,21.74%,$0.46B,$0.28B,59.78%,$0.46B,$0.09B,20.22%,$0.46B,$0.10B,21.96%,$0.10B,$0.59B,19.39%,$0.10B,$0.55B,20.89%,$0.10B,$1.39B,8.19%,$0.10B,$0.79B,13.59%,$131,$6,$124,$0,$46,$104,$27,$-25,$36,$-2,$38,$35,$35,$78,$27,$84,89,$0.42,$0.39,$0,$11,$1,$93,$0,$0,$38,$0,$38,$1386,$372,$196,$208,$424,$796,$811,$-239,$0,$590,$1386,$92,$136,$0,$136,$0,$0,$0,$0,$0,$186,$-114,$0,$-241,$0,$0,$0,$-2,$-357,$0,$132,$0,$0,$146,$0,$-107,$170,$0,$0,$0
45,2007-06-30,10.7,$0.00,0.0,$5.59,1.91,$3.52,3.04,$1.29,8.3,$0.09B,$0.36B,0.24,$0.21B,$0.59B,0.35,$0.45B,$0.42B,93.76%,$0.45B,$0.11B,24.94%,$0.45B,$0.11B,24.94%,$0.45B,$0.28B,61.25%,$0.45B,$0.10B,22.72%,$0.45B,$0.10B,23.16%,$0.10B,$0.59B,21.19%,$0.10B,$0.55B,22.95%,$0.10B,$1.38B,8.97%,$0.11B,$0.80B,15.73%,$116,$8,$108,$0,$38,$88,$28,$-17,$22,$-10,$32,$28,$28,$70,$28,$77,82,$0.37,$0.34,$0,$10,$1,$85,$0,$0,$38,$0,$38,$1382,$355,$208,$210,$438,$794,$803,$-231,$0,$588,$1382,$55,$84,$0,$84,$0,$0,$0,$0,$1,$113,$-71,$0,$-240,$0,$0,$0,$-10,$-320,$0,$130,$0,$0,$145,$0,$-68,$208,$0,$0,$0
46,2007-03-31,9.22,$0.00,0.0,$5.41,1.71,$3.64,2.53,$1.58,5.84,$0.08B,$0.24B,0.33,$0.23B,$0.45B,0.5,$0.43B,$0.40B,93.74%,$0.43B,$0.11B,24.59%,$0.43B,$0.11B,24.59%,$0.43B,$0.26B,61.25%,$0.43B,$0.12B,26.68%,$0.43B,$0.13B,29.23%,$0.13B,$0.45B,27.63%,$0.13B,$0.41B,30.13%,$0.13B,$1.08B,11.57%,$0.11B,$0.67B,15.53%,$111,$7,$104,$0,$35,$84,$27,$-27,$20,$-5,$25,$20,$20,$69,$27,$75,81,$0.27,$0.25,$0,$10,$0,$79,$0,$0,$38,$0,$38,$1082,$240,$225,$150,$395,$635,$652,$-220,$0,$447,$1082,$24,$41,$0,$41,$0,$0,$0,$0,$1,$60,$-45,$0,$0,$0,$0,$0,$3,$-42,$0,$14,$0,$0,$2,$0,$-34,$-18,$0,$0,$0
