,Date,Stock Price,Book Value per Share,Price to Book Ratio,TTM Sales per Share,Price to Sales Ratio,TTM FCF per Share,Price to FCF Ratio,TTM Net EPS,PE Ratio,Current Assets,Current Liabilities,Current Ratio,Long Term Debt,Shareholder's Equity_x,Debt to Equity Ratio,TTM Revenue_x,TTM Gross Profit,Gross Margin,TTM Revenue_y,TTM Operating Income,Operating Margin,TTM Revenue_x,TTM EBIT,EBIT Margin,TTM Revenue_y,TTM EBITDA,EBITDA Margin,TTM Revenue_x,TTM Pre-Tax Income,Pre-Tax Margin,TTM Revenue_y,TTM Net Income_x,Net Margin,TTM Net Income_y,Shareholder's Equity_y,Return on Equity,TTM Net Income_x,Tangible Equity,Return on Tangible Equity,TTM Net Income_y,Total Assets,Return on Assets,TTM Net Income,LT Investments & Debt,Return on Investment,revenue,cost-goods-sold,gross-profit,research-development-expenses,selling-general-administrative-expenses,operating-expenses,operating-income,total-non-operating-income-expense,pre-tax-income,total-provision-income-taxes,income-after-taxes,income-from-continuous-operations,net-income,ebitda,ebit,basic-shares-outstanding,shares-outstanding,eps-basic-net-earnings-per-share,eps-earnings-per-share-diluted,cash-on-hand,inventory,other-current-assets,total-current-assets,net-property-plant-equipment,long-term-investments,goodwill-intangible-assets-total,other-long-term-assets,total-long-term-assets,total-assets,total-current-liabilities,long-term-debt,other-non-current-liabilities,total-long-term-liabilities,total-liabilities,common-stock-net,retained-earnings-accumulated-deficit,comprehensive-income,total-share-holder-equity,total-liabilities-share-holders-equity,net-income-loss,total-depreciation-amortization-cash-flow,other-non-cash-items,total-non-cash-items,change-in-accounts-receivable,change-in-inventories,change-in-accounts-payable,change-in-assets-liabilities,total-change-in-assets-liabilities,cash-flow-from-operating-activities,net-change-in-property-plant-equipment,net-change-in-intangible-assets,net-acquisitions-divestitures,net-change-in-short-term-investments,net-change-in-long-term-investments,net-change-in-investments-total,investing-activities-other,cash-flow-from-investing-activities,net-long-term-debt,net-current-debt,debt-issuance-retirement-net-total,net-common-equity-issued-repurchased,net-total-equity-issued-repurchased,total-common-preferred-stock-dividends-paid,financial-activities-other,cash-flow-from-financial-activities,net-cash-flow,stock-based-compensation,common-stock-dividends-paid
0,2018-06-30,50.45,$0.00,0.0,0,0.0,0,0.0,0,0.0,$17.61B,$21.84B,0.81,$58.83B,$85.22B,0.69,$0.00B,0,nan%,$0.00B,0,nan%,$0.00B,0,nan%,$0.00B,0,nan%,$0.00B,0,nan%,$0.00B,0,nan%,$0.00B,$85.22B,0.00%,$0.00B,$-78.10B,0.00%,$0.00B,$193.94B,0.00%,$0.00B,$144.05B,0.00%,$0,$0,$0,$0,$0,$0,$0,$0,$0,$0,$0,$0,$0,$0,$0,$0,0,$0.00,$0.00,$3148,$8627,$268,$17607,$0,$2484,$163328,$3349,$169737,$193944,$21844,$58829,$4076,$86875,$108719,$836,$51184,$0,$85224,$193944,$6040,$595,$0,$595,$0,$0,$0,$0,$-372,$5251,$-267,$0,$0,$0,$0,$-122,$1,$-388,$0,$0,$-1929,$0,$-195,$-3008,$-984,$-6115,$-1454,$0,$0
1,2017-12-31,65.31,$0.00,0.0,0,0.0,0,0.0,0,0.0,$18.00B,$20.03B,0.9,$56.74B,$78.65B,0.72,$0.00B,0,nan%,$0.00B,0,nan%,$0.00B,0,nan%,$0.00B,0,nan%,$0.00B,0,nan%,$0.00B,0,nan%,$0.00B,$78.65B,0.00%,$0.00B,$-73.15B,0.00%,$0.00B,$181.77B,0.00%,$0.00B,$135.39B,0.00%,$0,$0,$0,$0,$0,$0,$0,$0,$0,$0,$0,$0,$0,$0,$0,$0,0,$0.00,$0.00,$4325,$7558,$300,$17999,$0,$2087,$151801,$3182,$157479,$181770,$20033,$56742,$4269,$83086,$103120,$791,$47664,$0,$78650,$181770,$8346,$1162,$0,$1162,$0,$0,$0,$0,$-1733,$6891,$-897,$0,$-22756,$0,$0,$-112,$-134,$-23900,$0,$0,$25918,$0,$-264,$-4681,$-1951,$19021,$1509,$0,$0
2,2017-06-30,65.42,$0.00,0.0,0,0.0,0,0.0,0,0.0,$14.67B,$16.88B,0.87,$19.29B,$10.11B,1.91,$0.00B,0,nan%,$0.00B,0,nan%,$0.00B,0,nan%,$0.00B,0,nan%,$0.00B,0,nan%,$0.00B,0,nan%,$0.00B,$10.11B,0.00%,$0.00B,$-5.46B,0.00%,$0.00B,$50.11B,0.00%,$0.00B,$29.41B,0.00%,$0,$0,$0,$0,$0,$0,$0,$0,$0,$0,$0,$0,$0,$0,$0,$0,0,$0.00,$0.00,$2615,$6620,$445,$14673,$0,$12126,$15572,$2492,$30788,$50111,$16875,$19291,$2989,$23122,$39997,$648,$4333,$0,$10114,$50111,$0,$0,$0,$0,$0,$0,$0,$0,$0,$2182,$-224,$0,$0,$0,$0,$-73,$-83,$-380,$0,$0,$1885,$0,$-275,$-2922,$-620,$-1932,$-308,$0,$0
3,2016-12-31,52.49,$0.00,0.0,0,0.0,0,0.0,0,0.0,$16.75B,$16.07B,1.04,$22.35B,$11.39B,1.96,$0.00B,0,nan%,$0.00B,0,nan%,$0.00B,0,nan%,$0.00B,0,nan%,$0.00B,0,nan%,$0.00B,0,nan%,$0.00B,$11.39B,0.00%,$0.00B,$-5.03B,0.00%,$0.00B,$53.90B,0.00%,$0.00B,$33.74B,0.00%,$0,$0,$0,$0,$0,$0,$0,$0,$0,$0,$0,$0,$0,$0,$0,$0,0,$0.00,$0.00,$3007,$7851,$534,$16750,$0,$12943,$16422,$2236,$32192,$53904,$16068,$22346,$3213,$26443,$42512,$687,$4515,$0,$11393,$53904,$6309,$823,$0,$823,$0,$0,$0,$0,$-500,$6248,$-668,$0,$0,$0,$0,$-164,$-35,$-867,$0,$0,$-493,$0,$-87,$-4143,$-1008,$-5732,$-107,$0,$0
4,2015-12-31,49.61,$0.00,0.0,0,0.0,0,0.0,0,0.0,$15.01B,$13.77B,1.09,$22.64B,$7.69B,2.94,$0.00B,0,nan%,$0.00B,0,nan%,$0.00B,0,nan%,$0.00B,0,nan%,$0.00B,0,nan%,$0.00B,0,nan%,$0.00B,$7.69B,0.00%,$0.00B,$-8.26B,0.00%,$0.00B,$48.19B,0.00%,$0.00B,$30.33B,0.00%,$0,$0,$0,$0,$0,$0,$0,$0,$0,$0,$0,$0,$0,$0,$0,$0,0,$0.00,$0.00,$3055,$6493,$350,$15005,$0,$10664,$15956,$1442,$28561,$48185,$13770,$22638,$3223,$26721,$40491,$775,$2682,$0,$7694,$48185,$6967,$654,$0,$654,$0,$0,$0,$0,$-755,$7217,$-573,$0,$-754,$0,$0,$-4692,$-83,$-6102,$0,$0,$7496,$0,$-64,$-4594,$-3173,$-335,$364,$0,$0
5,2015-06-30,47.99,$0.00,0.0,0,0.0,0,0.0,0,0.0,$12.52B,$10.09B,1.24,$21.66B,$9.58B,2.26,$0.00B,0,nan%,$0.00B,0,nan%,$0.00B,0,nan%,$0.00B,0,nan%,$0.00B,0,nan%,$0.00B,0,nan%,$0.00B,$9.58B,0.00%,$0.00B,$-5.95B,0.00%,$0.00B,$43.95B,0.00%,$0.00B,$31.23B,0.00%,$0,$0,$0,$0,$0,$0,$0,$0,$0,$0,$0,$0,$0,$0,$0,$0,0,$0.00,$0.00,$2248,$5772,$529,$12523,$0,$10160,$15523,$984,$27087,$43949,$10093,$21658,$1836,$24280,$34373,$777,$3798,$0,$9576,$43949,$0,$0,$0,$0,$0,$0,$0,$0,$0,$2077,$-221,$0,$0,$0,$0,$-4708,$-31,$-4960,$0,$0,$5904,$0,$-66,$-3068,$-250,$2520,$-517,$0,$0
6,2014-12-31,46.51,$0.00,0.0,0,0.0,0,0.0,0,0.0,$15.05B,$14.45B,1.04,$16.12B,$9.58B,1.68,$0.00B,0,nan%,$0.00B,0,nan%,$0.00B,0,nan%,$0.00B,0,nan%,$0.00B,0,nan%,$0.00B,0,nan%,$0.00B,$9.58B,0.00%,$0.00B,$-8.22B,0.00%,$0.00B,$43.13B,0.00%,$0.00B,$25.70B,0.00%,$0,$0,$0,$0,$0,$0,$0,$0,$0,$0,$0,$0,$0,$0,$0,$0,0,$0.00,$0.00,$3530,$6812,$53,$15050,$0,$4488,$17806,$318,$23124,$43126,$14452,$16117,$2159,$19092,$33544,$836,$2601,$0,$9582,$43126,$7492,$209,$0,$209,$0,$0,$0,$0,$-798,$6124,$-770,$0,$155,$0,$0,$5,$-165,$-775,$0,$0,$0,$0,$-1391,$-4880,$557,$-5714,$-468,$0,$0
7,2014-06-30,50.7,$0.00,0.0,0,0.0,0,0.0,0,0.0,$14.52B,$15.45B,0.94,$15.20B,$9.68B,1.57,$0.00B,0,nan%,$0.00B,0,nan%,$0.00B,0,nan%,$0.00B,0,nan%,$0.00B,0,nan%,$0.00B,0,nan%,$0.00B,$9.68B,0.00%,$0.00B,$-8.72B,0.00%,$0.00B,$43.22B,0.00%,$0.00B,$24.88B,0.00%,$0,$0,$0,$0,$0,$0,$0,$0,$0,$0,$0,$0,$0,$0,$0,$0,0,$0.00,$0.00,$3167,$6782,$54,$14523,$0,$4255,$18399,$463,$23574,$43216,$15448,$15196,$2087,$18089,$33537,$853,$2333,$0,$9679,$43216,$0,$0,$0,$0,$0,$0,$0,$0,$0,$0,$0,$0,$0,$0,$0,$0,$0,$0,$0,$0,$0,$0,$0,$0,$0,$0,$0,$0,$0
8,2013-12-31,44.37,$0.00,0.0,0,0.0,0,0.0,0,0.0,$14.89B,$13.20B,1.13,$15.20B,$10.85B,1.4,$0.00B,0,nan%,$0.00B,0,nan%,$0.00B,0,nan%,$0.00B,0,nan%,$0.00B,0,nan%,$0.00B,0,nan%,$0.00B,$10.85B,0.00%,$0.00B,$-6.68B,0.00%,$0.00B,$42.06B,0.00%,$0.00B,$26.06B,0.00%,$0,$0,$0,$0,$0,$0,$0,$0,$0,$0,$0,$0,$0,$0,$0,$0,0,$0.00,$0.00,$3868,$6325,$52,$14894,$0,$3831,$17534,$479,$22231,$42063,$13201,$15204,$2003,$18011,$31212,$793,$3752,$0,$10852,$42063,$8647,$191,$0,$191,$0,$0,$0,$0,$-879,$6941,$-627,$0,$271,$0,$0,$-47,$-120,$-524,$0,$0,$1576,$0,$-2476,$-4500,$-807,$-6208,$-99,$0,$0
9,2013-06-30,41.96,$0.00,0.0,0,0.0,0,0.0,0,0.0,$14.29B,$12.82B,1.11,$15.59B,$11.16B,1.4,$0.00B,0,nan%,$0.00B,0,nan%,$0.00B,0,nan%,$0.00B,0,nan%,$0.00B,0,nan%,$0.00B,0,nan%,$0.00B,$11.16B,0.00%,$0.00B,$-7.16B,0.00%,$0.00B,$42.81B,0.00%,$0.00B,$26.75B,0.00%,$0,$0,$0,$0,$0,$0,$0,$0,$0,$0,$0,$0,$0,$0,$0,$0,0,$0.00,$0.00,$3218,$6215,$91,$14285,$0,$4341,$18318,$476,$23568,$42809,$12818,$15588,$2400,$18829,$31647,$779,$2833,$0,$11162,$42809,$0,$0,$0,$0,$0,$0,$0,$0,$0,$0,$0,$0,$0,$0,$0,$0,$0,$0,$0,$0,$0,$0,$0,$0,$0,$0,$0,$0,$0
10,2012-12-31,40.19,$0.00,0.0,0,0.0,0,0.0,0,0.0,$14.56B,$12.91B,1.13,$14.40B,$12.33B,1.17,$0.00B,0,nan%,$0.00B,0,nan%,$0.00B,0,nan%,$0.00B,0,nan%,$0.00B,0,nan%,$0.00B,0,nan%,$0.00B,$12.33B,0.00%,$0.00B,$-6.23B,0.00%,$0.00B,$43.32B,0.00%,$0.00B,$26.73B,0.00%,$0,$0,$0,$0,$0,$0,$0,$0,$0,$0,$0,$0,$0,$0,$0,$0,0,$0.00,$0.00,$3603,$6382,$100,$14561,$0,$3752,$18562,$850,$23681,$43316,$12906,$14397,$2890,$18080,$30986,$804,$3571,$0,$12330,$43316,$8579,$753,$0,$753,$0,$0,$0,$0,$-713,$7017,$-964,$0,$396,$0,$0,$38,$-105,$-634,$0,$0,$1138,$0,$-2178,$-4434,$-794,$-6267,$-163,$0,$0
11,2012-06-30,40.04,$0.00,0.0,0,0.0,0,0.0,0,0.0,$13.95B,$12.09B,1.15,$15.09B,$11.92B,1.27,$0.00B,0,nan%,$0.00B,0,nan%,$0.00B,0,nan%,$0.00B,0,nan%,$0.00B,0,nan%,$0.00B,0,nan%,$0.00B,$11.92B,0.00%,$0.00B,$-6.76B,0.00%,$0.00B,$42.65B,0.00%,$0.00B,$27.01B,0.00%,$0,$0,$0,$0,$0,$0,$0,$0,$0,$0,$0,$0,$0,$0,$0,$0,0,$0.00,$0.00,$3132,$6309,$234,$13950,$0,$4349,$18679,$572,$24080,$42653,$12092,$15085,$2767,$18641,$30733,$803,$2850,$0,$11920,$42653,$0,$0,$0,$0,$0,$0,$0,$0,$0,$0,$0,$0,$0,$0,$0,$0,$0,$0,$0,$0,$0,$0,$0,$0,$0,$0,$0,$0,$0
12,2011-12-31,36.18,$0.00,0.0,0,0.0,0,0.0,0,0.0,$13.63B,$12.59B,1.08,$13.65B,$13.60B,1.0,$0.00B,0,nan%,$0.00B,0,nan%,$0.00B,0,nan%,$0.00B,0,nan%,$0.00B,0,nan%,$0.00B,0,nan%,$0.00B,$13.60B,0.00%,$0.00B,$-5.64B,0.00%,$0.00B,$43.51B,0.00%,$0.00B,$27.25B,0.00%,$0,$0,$0,$0,$0,$0,$0,$0,$0,$0,$0,$0,$0,$0,$0,$0,0,$0.00,$0.00,$3612,$5612,$518,$13629,$0,$4256,$19240,$945,$24992,$43510,$12590,$13653,$2779,$17324,$29914,$812,$4229,$0,$13596,$43510,$7574,$1311,$0,$1311,$0,$0,$0,$0,$-103,$7326,$-746,$0,$-359,$0,$0,$5,$-42,$-1142,$0,$0,$91,$0,$-1409,$-3783,$-1393,$-6493,$-387,$0,$0
13,2011-06-30,33.11,$0.00,0.0,0,0.0,0,0.0,0,0.0,$13.60B,$13.49B,1.01,$14.22B,$14.75B,0.96,$0.00B,0,nan%,$0.00B,0,nan%,$0.00B,0,nan%,$0.00B,0,nan%,$0.00B,0,nan%,$0.00B,0,nan%,$0.00B,$14.75B,0.00%,$0.00B,$-5.92B,0.00%,$0.00B,$45.37B,0.00%,$0.00B,$28.97B,0.00%,$0,$0,$0,$0,$0,$0,$0,$0,$0,$0,$0,$0,$0,$0,$0,$0,0,$0.00,$0.00,$2877,$6239,$374,$13596,$0,$4632,$20677,$871,$26778,$45373,$13492,$14216,$2053,$17129,$30620,$826,$4665,$0,$14753,$45373,$0,$0,$0,$0,$0,$0,$0,$0,$0,$0,$0,$0,$0,$0,$0,$0,$0,$0,$0,$0,$0,$0,$0,$0,$0,$0,$0,$0,$0
14,2010-12-31,28.31,$0.00,0.0,0,0.0,0,0.0,0,0.0,$13.33B,$11.82B,1.13,$13.79B,$14.76B,0.93,$0.00B,0,nan%,$0.00B,0,nan%,$0.00B,0,nan%,$0.00B,0,nan%,$0.00B,0,nan%,$0.00B,0,nan%,$0.00B,$14.76B,0.00%,$0.00B,$-4.50B,0.00%,$0.00B,$43.08B,0.00%,$0.00B,$28.55B,0.00%,$0,$0,$0,$0,$0,$0,$0,$0,$0,$0,$0,$0,$0,$0,$0,$0,0,$0.00,$0.00,$3601,$5579,$427,$13332,$0,$4122,$19264,$906,$24928,$43080,$11821,$13787,$1921,$16494,$28316,$782,$4933,$0,$14764,$43080,$6677,$1387,$0,$1387,$0,$0,$0,$0,$-71,$6943,$-674,$0,$19,$0,$0,$-2,$-40,$-697,$0,$0,$-1067,$0,$-91,$-3236,$-1580,$-5975,$315,$0,$0
15,2010-06-30,22.72,$0.00,0.0,0,0.0,0,0.0,0,0.0,$11.87B,$11.28B,1.05,$12.91B,$12.99B,0.99,$5.55B,$0.50B,9.05%,$5.55B,$1.30B,23.48%,$5.55B,$1.30B,23.48%,$5.55B,$1.30B,23.48%,$5.55B,$1.12B,20.20%,$5.55B,$0.73B,13.12%,$0.73B,$12.99B,5.93%,$0.73B,$-5.23B,-10.10%,$0.73B,$39.80B,1.70%,$1.30B,$25.90B,4.84%,$0,$0,$0,$0,$0,$0,$0,$0,$0,$0,$0,$0,$0,$0,$0,$0,0,$0.00,$0.00,$2320,$5254,$622,$11874,$0,$4091,$18215,$701,$23541,$39799,$11277,$12914,$1886,$15537,$26814,$755,$3460,$0,$12985,$39799,$0,$0,$0,$0,$0,$0,$0,$0,$0,$0,$0,$0,$0,$0,$0,$0,$0,$0,$0,$0,$0,$0,$0,$0,$0,$0,$0,$0,$0
16,2009-12-31,22.48,$0.00,0.0,$2.88,7.81,0,0.0,$0.63,35.68,$12.69B,$10.83B,1.17,$15.21B,$12.39B,1.23,$11.71B,$5.02B,42.88%,$11.71B,$2.87B,24.54%,$11.71B,$2.87B,24.54%,$11.71B,$2.87B,24.54%,$11.71B,$3.00B,25.64%,$11.71B,$2.08B,17.74%,$2.08B,$12.39B,23.02%,$2.08B,$-6.77B,-35.18%,$2.08B,$41.68B,6.33%,$2.87B,$27.60B,14.06%,$0,$0,$0,$0,$0,$0,$0,$0,$0,$0,$0,$0,$0,$0,$0,$0,0,$0.00,$0.00,$3718,$5107,$199,$12694,$0,$4134,$19155,$432,$24270,$41678,$10830,$15209,$2423,$18457,$29287,$792,$5011,$0,$12390,$41678,$0,$0,$0,$0,$0,$0,$0,$0,$0,$6073,$-644,$0,$291,$0,$0,$61,$-631,$-922,$0,$-2902,$0,$0,$-407,$-2816,$792,$-5332,$-377,$0,$0
17,2009-06-30,19.11,$0.00,0.0,$5.60,3.42,$1.11,17.28,$1.26,15.17,$11.57B,$11.81B,0.98,$12.96B,$10.83B,1.2,$17.46B,$9.03B,51.74%,$17.46B,$4.51B,25.85%,$17.46B,$4.51B,25.85%,$17.46B,$4.51B,25.85%,$17.46B,$4.89B,28.01%,$17.46B,$3.45B,19.77%,$3.45B,$10.83B,37.54%,$3.45B,$-6.88B,-64.86%,$3.45B,$38.43B,10.46%,$4.51B,$23.78B,21.80%,$0,$0,$0,$0,$0,$0,$0,$0,$0,$0,$0,$0,$0,$0,$0,$0,0,$0.00,$0.00,$2143,$5343,$621,$11570,$0,$3660,$17707,$622,$22536,$38434,$11811,$12957,$1999,$15796,$27608,$783,$2511,$0,$10827,$38434,$0,$0,$0,$0,$0,$0,$0,$0,$0,$0,$0,$0,$0,$0,$0,$0,$0,$0,$0,$0,$0,$0,$0,$0,$0,$0,$0,$0,$0
18,2008-12-31,17.54,$0.00,0.0,$11.77,1.49,$1.11,15.86,$1.85,9.48,$16.22B,$16.51B,0.98,$17.51B,$12.88B,1.36,$30.86B,$21.13B,68.48%,$30.86B,$14.44B,46.80%,$30.86B,$14.44B,46.80%,$30.86B,$14.44B,46.80%,$30.86B,$6.61B,21.43%,$30.86B,$4.73B,15.33%,$4.73B,$12.88B,72.95%,$4.73B,$-9.97B,-131.38%,$4.73B,$51.11B,20.24%,$14.44B,$30.39B,97.86%,$5550,$5048,$502,$0,$-1060,$4247,$1303,$-182,$1121,$393,$728,$728,$728,$1303,$1303,$0,0,$0.00,$0.00,$5209,$5893,$672,$16216,$0,$5111,$22850,$497,$29185,$51107,$16511,$17506,$2595,$21715,$38226,$939,$4699,$0,$12881,$51107,$0,$0,$0,$0,$0,$0,$0,$0,$0,$6565,$-716,$0,$-3894,$0,$0,$20,$163,$-4426,$0,$0,$5170,$0,$-939,$-2584,$-2341,$-694,$1929,$0,$0
19,2008-09-30,20.48,$0.00,0.0,$14.30,1.43,$3.15,6.51,$2.30,8.9,$0.00B,$0.00B,0.0,$0.00B,$0.00B,0.0,$30.84B,$24.67B,79.99%,$30.84B,$14.29B,46.32%,$30.84B,$14.29B,46.32%,$30.84B,$14.29B,46.32%,$30.84B,$6.81B,22.08%,$30.84B,$4.99B,16.17%,$4.99B,$0.00B,74.36%,$4.99B,$0.00B,-289.69%,$4.99B,$0.00B,24.98%,$14.29B,$0.00B,104.80%,$6160,$1641,$4519,$0,$2753,$4589,$1571,$311,$1882,$533,$1349,$1349,$1349,$1571,$1571,$2141,2141,$0.63,$0.63,$0,$0,$0,$0,$0,$0,$0,$0,$0,$0,$0,$0,$0,$0,$0,$0,$0,$0,$0,$0,$0,$0,$0,$0,$0,$0,$0,$0,$0,$0,$0,$0,$0,$0,$0,$0,$0,$0,$0,$0,$0,$0,$0,$0,$0,$0,$0,$0,$0
20,2008-06-30,22.61,$0.00,0.0,$12.75,1.77,$3.15,7.18,$1.98,11.45,$14.54B,$11.21B,1.3,$15.57B,$13.06B,1.19,$30.07B,$24.16B,80.35%,$30.07B,$14.45B,48.05%,$30.07B,$14.45B,48.05%,$30.07B,$14.45B,48.05%,$30.07B,$6.64B,22.08%,$30.07B,$4.89B,16.25%,$4.89B,$13.06B,72.86%,$4.89B,$-4.44B,-283.88%,$4.89B,$42.40B,24.47%,$14.45B,$28.63B,106.00%,$5750,$1737,$4013,$0,$2195,$4112,$1639,$248,$1887,$532,$1355,$1374,$1374,$1639,$1639,$2115,2115,$0.65,$0.63,$5139,$5200,$747,$14536,$0,$4471,$17496,$432,$22938,$42396,$11211,$15569,$1404,$18125,$29335,$998,$3658,$0,$13061,$42396,$3094,$0,$0,$0,$0,$0,$0,$0,$0,$2536,$-197,$0,$-4,$0,$0,$32,$-1582,$-1751,$0,$4644,$0,$0,$-485,$-1881,$-1130,$1148,$2112,$0,$0
21,2008-03-31,24.73,$0.00,0.0,$11.25,2.2,$2.52,9.8,$1.63,15.17,$0.00B,$0.00B,0.0,$0.00B,$0.00B,0.0,$29.27B,$23.57B,80.51%,$29.27B,$14.23B,48.61%,$29.27B,$14.23B,48.61%,$29.27B,$14.23B,48.61%,$29.27B,$6.44B,22.01%,$29.27B,$4.67B,15.96%,$4.67B,$0.00B,69.17%,$4.67B,$0.00B,-444.11%,$4.67B,$0.00B,25.77%,$14.23B,$0.00B,113.95%,$13395,$1298,$12097,$0,$2008,$3469,$9926,$166,$1723,$443,$1280,$1280,$1280,$9926,$9926,$2169,2169,$0.59,$0.59,$0,$0,$0,$0,$0,$0,$0,$0,$0,$0,$0,$0,$0,$0,$0,$0,$0,$0,$0,$0,$0,$0,$0,$0,$0,$0,$0,$0,$0,$0,$0,$0,$0,$0,$0,$0,$0,$0,$0,$0,$0,$0,$0,$0,$0,$0,$0,$0,$0
22,2007-12-31,25.01,$0.00,0.0,$6.14,4.08,$2.52,9.91,$1.30,19.31,$10.67B,$9.11B,1.17,$12.13B,$13.77B,0.88,$20.24B,$14.63B,72.29%,$20.24B,$5.53B,27.34%,$20.24B,$5.53B,27.34%,$20.24B,$5.53B,27.34%,$20.24B,$6.16B,30.44%,$20.24B,$4.44B,21.96%,$4.44B,$13.77B,65.78%,$4.44B,$-2.45B,-422.34%,$4.44B,$37.48B,24.51%,$5.53B,$25.90B,44.30%,$5534,$1494,$4039,$0,$2678,$4384,$1150,$194,$1318,$333,$985,$984,$984,$1150,$1150,$2186,2186,$0.45,$0.45,$2667,$3972,$334,$10665,$0,$4584,$16218,$724,$22051,$37475,$9109,$12130,$1445,$14599,$23708,$1013,$4946,$0,$13767,$37475,$0,$0,$0,$0,$0,$0,$0,$0,$0,$5203,$-740,$0,$222,$0,$0,$146,$128,$-244,$0,$0,$22,$0,$-1529,$-2397,$-1341,$-5245,$-192,$0,$0
23,2007-09-30,22.91,$0.00,0.0,$5.79,3.96,$2.16,10.63,$1.27,18.11,$0.00B,$0.00B,0.0,$0.00B,$0.00B,0.0,$19.51B,$14.15B,72.50%,$19.51B,$5.60B,28.71%,$19.51B,$5.60B,28.71%,$19.51B,$5.60B,28.71%,$19.51B,$6.15B,31.51%,$19.51B,$4.38B,22.47%,$4.38B,$0.00B,68.56%,$4.38B,$0.00B,-546.46%,$4.38B,$0.00B,25.87%,$5.60B,$0.00B,48.05%,$5392,$1380,$4012,$0,$2124,$3658,$1734,$141,$1712,$422,$1289,$1249,$1249,$1734,$1734,$4062,4062,$0.31,$0.31,$0,$0,$0,$0,$0,$0,$0,$0,$0,$0,$0,$0,$0,$0,$0,$0,$0,$0,$0,$0,$0,$0,$0,$0,$0,$0,$0,$0,$0,$0,$0,$0,$0,$0,$0,$0,$0,$0,$0,$0,$0,$0,$0,$0,$0,$0,$0,$0,$0
24,2007-06-30,21.75,$0.00,0.0,$5.49,3.96,$2.16,10.09,$1.17,18.67,$10.21B,$8.85B,1.15,$10.80B,$13.25B,0.82,$18.70B,$13.34B,71.33%,$18.70B,$4.96B,26.53%,$18.70B,$4.96B,26.53%,$18.70B,$4.96B,26.53%,$18.70B,$5.63B,30.13%,$18.70B,$4.05B,21.64%,$4.05B,$13.25B,63.30%,$4.05B,$-1.76B,-504.58%,$4.05B,$35.04B,23.88%,$4.96B,$24.05B,42.55%,$4949,$1530,$3418,$0,$1836,$3529,$1419,$270,$1689,$439,$1251,$1159,$1159,$1419,$1419,$4070,4070,$0.29,$0.29,$2453,$4383,$389,$10209,$0,$4429,$15009,$514,$20477,$35037,$8847,$10798,$1536,$12938,$21785,$1010,$11670,$0,$13252,$35037,$0,$0,$0,$0,$0,$0,$0,$0,$0,$2219,$-258,$0,$-12,$0,$0,$73,$95,$-101,$0,$0,$288,$0,$-730,$-1794,$-391,$-2628,$-490,$0,$0
25,2007-03-31,19.83,$0.00,0.0,$5.33,3.72,$1.94,10.23,$1.13,17.63,$0.00B,$0.00B,0.0,$0.00B,$0.00B,0.0,$18.34B,$13.05B,71.16%,$18.34B,$4.78B,26.06%,$18.34B,$4.78B,26.06%,$18.34B,$4.78B,26.06%,$18.34B,$5.36B,29.24%,$18.34B,$3.96B,21.61%,$3.96B,$0.00B,66.14%,$3.96B,$0.00B,-408.14%,$3.96B,$0.00B,23.57%,$4.78B,$0.00B,42.32%,$4361,$1202,$3160,$0,$1786,$3132,$1229,$211,$1440,$389,$1051,$1051,$1051,$1229,$1229,$4084,4114,$0.26,$0.26,$0,$0,$0,$0,$0,$0,$0,$0,$0,$0,$0,$0,$0,$0,$0,$0,$0,$0,$0,$0,$0,$0,$0,$0,$0,$0,$0,$0,$0,$0,$0,$0,$0,$0,$0,$0,$0,$0,$0,$0,$0,$0,$0,$0,$0,$0,$0,$0,$0
26,2006-12-31,17.37,$0.00,0.0,$5.18,3.36,$1.94,8.96,$1.07,16.31,$9.94B,$8.21B,1.21,$10.26B,$12.33B,0.83,$18.01B,$12.73B,70.71%,$18.01B,$4.53B,25.17%,$18.01B,$4.53B,25.17%,$18.01B,$4.53B,25.17%,$18.01B,$5.09B,28.29%,$18.01B,$3.77B,20.94%,$3.77B,$12.33B,62.93%,$3.77B,$-1.45B,-388.36%,$3.77B,$32.76B,22.43%,$4.53B,$22.59B,40.14%,$4811,$1254,$3557,$0,$2142,$3591,$1220,$102,$1307,$379,$928,$925,$925,$1220,$1220,$2203,2203,$0.42,$0.42,$2919,$3789,$337,$9936,$0,$3929,$13778,$547,$18758,$32761,$8207,$10262,$1421,$12228,$20435,$953,$3793,$0,$12326,$32761,$0,$0,$0,$0,$0,$0,$0,$0,$0,$4353,$-665,$0,$-74,$0,$0,$-68,$227,$-581,$0,$0,$-689,$0,$-1047,$-2114,$-461,$-4311,$-715,$0,$0
