,Date,Stock Price,Book Value per Share,Price to Book Ratio,TTM Sales per Share,Price to Sales Ratio,TTM FCF per Share,Price to FCF Ratio,TTM Net EPS,PE Ratio,Current Assets,Current Liabilities,Current Ratio,Long Term Debt,Shareholder's Equity_x,Debt to Equity Ratio,TTM Revenue_x,TTM Gross Profit,Gross Margin,TTM Revenue_y,TTM Operating Income,Operating Margin,TTM Revenue_x,TTM EBIT,EBIT Margin,TTM Revenue_y,TTM EBITDA,EBITDA Margin,TTM Revenue_x,TTM Pre-Tax Income,Pre-Tax Margin,TTM Revenue_y,TTM Net Income_x,Net Margin,TTM Net Income_y,Shareholder's Equity_y,Return on Equity,TTM Net Income_x,Tangible Equity,Return on Tangible Equity,TTM Net Income_y,Total Assets,Return on Assets,TTM Net Income,LT Investments & Debt,Return on Investment,revenue,cost-goods-sold,gross-profit,research-development-expenses,selling-general-administrative-expenses,operating-expenses,operating-income,total-non-operating-income-expense,pre-tax-income,total-provision-income-taxes,income-after-taxes,income-from-continuous-operations,net-income,ebitda,ebit,basic-shares-outstanding,shares-outstanding,eps-basic-net-earnings-per-share,eps-earnings-per-share-diluted,cash-on-hand,inventory,other-current-assets,total-current-assets,net-property-plant-equipment,long-term-investments,goodwill-intangible-assets-total,other-long-term-assets,total-long-term-assets,total-assets,total-current-liabilities,long-term-debt,other-non-current-liabilities,total-long-term-liabilities,total-liabilities,common-stock-net,retained-earnings-accumulated-deficit,comprehensive-income,total-share-holder-equity,total-liabilities-share-holders-equity,net-income-loss,total-depreciation-amortization-cash-flow,other-non-cash-items,total-non-cash-items,change-in-accounts-receivable,change-in-inventories,change-in-accounts-payable,change-in-assets-liabilities,total-change-in-assets-liabilities,cash-flow-from-operating-activities,net-change-in-property-plant-equipment,net-change-in-intangible-assets,net-acquisitions-divestitures,net-change-in-short-term-investments,net-change-in-long-term-investments,net-change-in-investments-total,investing-activities-other,cash-flow-from-investing-activities,net-long-term-debt,net-current-debt,debt-issuance-retirement-net-total,net-common-equity-issued-repurchased,net-total-equity-issued-repurchased,total-common-preferred-stock-dividends-paid,financial-activities-other,cash-flow-from-financial-activities,net-cash-flow,stock-based-compensation,common-stock-dividends-paid
0,2018-09-30,87.57,$0.00,0.0,$32.30,2.71,$6.25,14.02,$3.52,24.88,$0.00B,$0.00B,0.0,$0.00B,$0.00B,0.0,$54.97B,$34.64B,63.01%,$54.97B,$17.36B,31.57%,$54.97B,$17.36B,31.57%,$54.97B,$17.36B,31.57%,$54.97B,$9.75B,17.74%,$54.97B,$6.95B,12.63%,$6.95B,$0.00B,17.83%,$6.95B,$0.00B,-13.03%,$6.95B,$0.00B,5.75%,$17.36B,$0.00B,18.48%,$13282,$4982,$8300,$0,$4173,$8974,$4308,$-2405,$1904,$650,$1254,$1254,$956,$4308,$4308,$1992,1166,$0.48,$0.82,$0,$0,$0,$0,$0,$0,$0,$0,$0,$0,$0,$0,$0,$0,$0,$0,$0,$0,$0,$0,$0,$0,$0,$0,$0,$0,$0,$0,$0,$0,$0,$0,$0,$0,$0,$0,$0,$0,$0,$0,$0,$0,$0,$0,$0,$0,$0,$0,$0
1,2018-06-30,100.76,$44.63,2.26,$30.30,3.33,$6.25,16.13,$4.08,24.7,$20.44B,$30.65B,0.67,$110.95B,$75.56B,1.47,$56.43B,$35.53B,62.97%,$56.43B,$17.73B,31.42%,$56.43B,$17.73B,31.42%,$56.43B,$17.73B,31.42%,$56.43B,$11.48B,20.35%,$56.43B,$8.04B,14.26%,$8.04B,$75.56B,20.65%,$8.04B,$-106.58B,-15.09%,$8.04B,$237.40B,6.65%,$17.73B,$186.51B,18.88%,$14014,$5196,$8818,$0,$4493,$9506,$4508,$-1498,$3009,$761,$2248,$2248,$1937,$4508,$4508,$1975,2012,$0.98,$0.98,$8617,$4200,$0,$20443,$25451,$6460,$182144,$19,$216955,$237397,$30653,$110949,$6968,$131180,$161833,$1736,$26017,$-17910,$75564,$237397,$3595,$2113,$4641,$6754,$-339,$-440,$-1519,$-282,$-2580,$3222,$-1972,$0,$-172,$1366,$0,$1366,$-472,$-1250,$1703,$0,$1703,$0,$0,$-5132,$-1210,$-4640,$-2457,$167,$-5132
2,2018-03-31,107.22,$0.00,0.0,$30.40,3.53,$6.84,15.68,$3.86,27.78,$0.00B,$0.00B,0.0,$0.00B,$0.00B,0.0,$56.60B,$35.45B,62.64%,$56.60B,$17.56B,31.03%,$56.60B,$17.56B,31.03%,$56.60B,$17.56B,31.03%,$56.60B,$10.88B,19.22%,$56.60B,$7.61B,13.44%,$7.61B,$0.00B,18.59%,$7.61B,$0.00B,-14.44%,$7.61B,$0.00B,6.11%,$17.56B,$0.00B,18.44%,$13073,$4988,$8085,$0,$4298,$9137,$3936,$-1914,$2020,$673,$1347,$1347,$1018,$3936,$3936,$1958,1958,$0.52,$0.52,$0,$0,$0,$0,$0,$0,$0,$0,$0,$0,$0,$0,$0,$0,$0,$0,$0,$0,$0,$0,$0,$0,$0,$0,$0,$0,$0,$0,$0,$0,$0,$0,$0,$0,$0,$0,$0,$0,$0,$0,$0,$0,$0,$0,$0,$0,$0,$0,$0
3,2017-12-31,108.8,$49.90,2.18,$30.25,3.6,$6.84,15.91,$4.05,26.86,$23.96B,$36.21B,0.66,$108.95B,$80.22B,1.36,$56.44B,$35.06B,62.11%,$56.44B,$17.35B,30.73%,$56.44B,$17.35B,30.73%,$56.44B,$17.35B,30.73%,$56.44B,$11.08B,19.62%,$56.44B,$8.00B,14.17%,$8.00B,$80.22B,19.54%,$8.00B,$-106.59B,-15.18%,$8.00B,$246.13B,6.42%,$17.35B,$189.17B,18.21%,$14600,$5167,$9433,$0,$4668,$9996,$4604,$-1734,$2817,$-567,$3384,$3384,$3034,$4604,$4604,$1971,2010,$1.55,$1.20,$12234,$4119,$0,$23960,$27184,$5388,$186814,$22,$222166,$246126,$36211,$108949,$7639,$129695,$165906,$1736,$28394,$-14784,$80220,$246126,$9183,$4276,$8208,$12484,$67,$-213,$365,$-616,$-397,$15430,$-4124,$0,$11141,$4550,$0,$4550,$-3713,$7854,$-9981,$0,$-9981,$0,$0,$-9275,$-1748,$-21004,$1961,$351,$-9275
4,2017-09-30,114.47,$0.00,0.0,$31.08,3.68,$4.26,26.88,$2.72,42.08,$0.00B,$0.00B,0.0,$0.00B,$0.00B,0.0,$56.05B,$34.42B,61.41%,$56.05B,$16.57B,29.56%,$56.05B,$16.57B,29.56%,$56.05B,$16.57B,29.56%,$56.05B,$9.75B,17.40%,$56.05B,$5.36B,9.57%,$5.36B,$0.00B,13.01%,$5.36B,$0.00B,-10.55%,$5.36B,$0.00B,4.22%,$16.57B,$0.00B,17.12%,$14740,$5546,$9194,$0,$4652,$10059,$4681,$-1043,$3638,$1494,$2144,$2144,$2055,$4681,$4681,$1976,1569,$1.04,$1.31,$0,$0,$0,$0,$0,$0,$0,$0,$0,$0,$0,$0,$0,$0,$0,$0,$0,$0,$0,$0,$0,$0,$0,$0,$0,$0,$0,$0,$0,$0,$0,$0,$0,$0,$0,$0,$0,$0,$0,$0,$0,$0,$0,$0,$0,$0,$0,$0,$0
5,2017-06-30,105.89,$43.18,2.45,$38.24,2.77,$4.26,24.87,$2.02,52.42,$30.48B,$36.99B,0.82,$108.28B,$83.48B,1.3,$52.42B,$31.94B,60.94%,$52.42B,$15.10B,28.80%,$52.42B,$15.10B,28.80%,$52.42B,$15.10B,28.80%,$52.42B,$7.29B,13.91%,$52.42B,$3.86B,7.37%,$3.86B,$83.48B,9.37%,$3.86B,$-104.13B,-7.60%,$3.86B,$251.94B,3.04%,$15.10B,$191.76B,15.60%,$14182,$5444,$8738,$0,$4551,$9844,$4338,$-1934,$2404,$575,$1829,$1829,$1502,$4338,$4338,$1970,2009,$0.76,$0.76,$10762,$4279,$0,$30481,$26372,$5047,$187607,$13,$221456,$251937,$36986,$108281,$6293,$131473,$168459,$1736,$26877,$-12996,$83479,$251937,$3600,$2109,$4270,$6379,$303,$-244,$-2411,$-288,$-2640,$4018,$-1579,$0,$-3969,$2792,$0,$2792,$8870,$6114,$-5239,$0,$-5239,$0,$0,$-4475,$-361,$-10075,$-1246,$163,$-4475
6,2017-03-31,103.28,$0.00,0.0,$37.57,2.75,$3.66,28.25,$1.35,76.5,$0.00B,$0.00B,0.0,$0.00B,$0.00B,0.0,$49.04B,$29.79B,60.74%,$49.04B,$13.98B,28.51%,$49.04B,$13.98B,28.51%,$49.04B,$13.98B,28.51%,$49.04B,$5.79B,11.82%,$49.04B,$2.51B,5.13%,$2.51B,$0.00B,8.44%,$2.51B,$0.00B,-6.43%,$2.51B,$0.00B,2.25%,$13.98B,$0.00B,16.74%,$12922,$5229,$7693,$0,$4228,$9200,$3722,$-1560,$2217,$418,$1799,$1799,$1405,$3722,$3722,$1979,1979,$0.71,$0.71,$0,$0,$0,$0,$0,$0,$0,$0,$0,$0,$0,$0,$0,$0,$0,$0,$0,$0,$0,$0,$0,$0,$0,$0,$0,$0,$0,$0,$0,$0,$0,$0,$0,$0,$0,$0,$0,$0,$0,$0,$0,$0,$0,$0,$0,$0,$0,$0,$0
7,2016-12-31,99.22,$50.65,1.96,$36.74,2.7,$3.66,27.14,$0.72,137.8,$43.02B,$40.37B,1.07,$113.94B,$81.43B,1.4,$45.52B,$27.71B,60.89%,$45.52B,$12.95B,28.46%,$45.52B,$12.95B,28.46%,$45.52B,$12.95B,28.46%,$45.52B,$4.33B,9.52%,$45.52B,$1.24B,2.73%,$1.24B,$81.43B,4.17%,$1.24B,$-99.23B,-3.18%,$1.24B,$256.59B,1.11%,$12.95B,$195.37B,15.50%,$14202,$5407,$8795,$0,$4811,$10378,$3824,$-2329,$1495,$553,$942,$942,$400,$3824,$3824,$1717,1755,$0.21,$-0.29,$15209,$3889,$0,$43017,$26219,$4552,$180653,$10,$213569,$256586,$40369,$113941,$6148,$134792,$175161,$1736,$28214,$-15626,$81425,$256586,$2769,$3477,$10095,$13572,$-714,$-364,$1251,$-470,$-297,$10110,$-4768,$0,$-49616,$-5812,$0,$-5812,$119,$-60077,$62675,$0,$62675,$0,$0,$-8450,$-3494,$50731,$1485,$231,$-8450
8,2016-09-30,121.62,$0.00,0.0,$35.08,3.47,$6.48,18.77,$1.91,63.68,$0.00B,$0.00B,0.0,$0.00B,$0.00B,0.0,$42.04B,$25.61B,60.92%,$42.04B,$12.41B,29.53%,$42.04B,$12.41B,29.53%,$42.04B,$12.41B,29.53%,$42.04B,$6.25B,14.86%,$42.04B,$3.13B,7.44%,$3.13B,$0.00B,15.00%,$3.13B,$0.00B,-11.79%,$3.13B,$0.00B,3.84%,$12.41B,$0.00B,21.77%,$11109,$4393,$6716,$0,$3649,$7895,$3214,$-2039,$1175,$225,$950,$950,$557,$3214,$3214,$1638,671,$0.34,$0.83,$0,$0,$0,$0,$0,$0,$0,$0,$0,$0,$0,$0,$0,$0,$0,$0,$0,$0,$0,$0,$0,$0,$0,$0,$0,$0,$0,$0,$0,$0,$0,$0,$0,$0,$0,$0,$0,$0,$0,$0,$0,$0,$0,$0,$0,$0,$0,$0,$0
9,2016-06-30,121.87,$23.48,5.19,$26.96,4.52,$6.48,18.81,$2.41,50.57,$74.43B,$35.35B,2.11,$101.05B,$37.74B,2.68,$42.31B,$25.83B,61.05%,$42.31B,$12.83B,30.33%,$42.31B,$12.83B,30.33%,$42.31B,$12.83B,30.33%,$42.31B,$7.64B,18.06%,$42.31B,$3.95B,9.33%,$3.95B,$37.74B,18.92%,$3.95B,$-57.11B,-14.88%,$3.95B,$191.13B,4.85%,$12.83B,$138.78B,22.51%,$10806,$4225,$6581,$0,$3619,$7585,$3221,$-2315,$907,$497,$410,$410,$152,$3221,$3221,$1689,1689,$0.09,$0.09,$63576,$3282,$0,$74433,$19309,$548,$94844,$5,$116696,$191129,$35347,$101045,$5110,$118045,$153392,$1736,$32587,$0,$37737,$191129,$829,$1559,$5005,$6564,$-359,$-330,$-984,$-265,$-1938,$2453,$-1419,$0,$-1035,$-55903,$0,$-55903,$58,$-58299,$58801,$0,$58801,$0,$0,$-3929,$75,$54947,$-915,$110,$-3929
10,2016-03-31,113.29,$0.00,0.0,$27.33,4.15,$7.77,14.59,$3.50,32.37,$0.00B,$0.00B,0.0,$0.00B,$0.00B,0.0,$42.55B,$25.84B,60.72%,$42.55B,$12.99B,30.54%,$42.55B,$12.99B,30.54%,$42.55B,$12.99B,30.54%,$42.55B,$9.53B,22.39%,$42.55B,$5.72B,13.45%,$5.72B,$0.00B,23.56%,$5.72B,$0.00B,-23.96%,$5.72B,$0.00B,8.39%,$12.99B,$0.00B,28.13%,$9400,$3778,$5622,$0,$3092,$6707,$2693,$-1936,$757,$338,$419,$419,$132,$2693,$2693,$1650,1650,$0.08,$0.08,$0,$0,$0,$0,$0,$0,$0,$0,$0,$0,$0,$0,$0,$0,$0,$0,$0,$0,$0,$0,$0,$0,$0,$0,$0,$0,$0,$0,$0,$0,$0,$0,$0,$0,$0,$0,$0,$0,$0,$0,$0,$0,$0,$0,$0,$0,$0,$0,$0
11,2015-12-31,113.6,$0.00,0.0,$27.98,4.06,$7.77,14.63,$5.05,22.49,$18.29B,$28.46B,0.64,$43.54B,$45.72B,0.95,$43.60B,$26.47B,60.70%,$43.60B,$13.51B,30.99%,$43.60B,$13.51B,30.99%,$43.60B,$13.51B,30.99%,$43.60B,$12.46B,28.58%,$43.60B,$8.27B,18.97%,$8.27B,$45.72B,34.06%,$8.27B,$-49.02B,-34.62%,$8.27B,$134.64B,12.12%,$13.51B,$89.26B,29.26%,$10723,$4031,$6692,$0,$3474,$7438,$3285,$122,$3408,$674,$2734,$2734,$2288,$3285,$3285,$1638,1668,$1.40,$1.13,$10246,$2862,$0,$18294,$18952,$555,$94738,$2,$116341,$134635,$28456,$43541,$4958,$60460,$88916,$1736,$35949,$0,$45719,$134635,$9867,$3153,$3706,$6859,$-138,$-424,$2348,$-449,$1337,$14121,$-4337,$0,$-918,$123,$0,$123,$202,$-4930,$457,$0,$457,$-995,$-995,$-7966,$-777,$-9281,$-1406,$221,$-7966
12,2015-09-30,95.25,$0.00,0.0,$28.51,3.34,$1.90,50.15,$5.18,18.39,$0.00B,$0.00B,0.0,$0.00B,$0.00B,0.0,$45.12B,$27.05B,59.95%,$45.12B,$14.12B,31.30%,$45.12B,$14.12B,31.30%,$45.12B,$14.12B,31.30%,$45.12B,$12.75B,28.26%,$45.12B,$8.48B,18.80%,$8.48B,$0.00B,65.97%,$8.48B,$0.00B,-72.89%,$8.48B,$0.00B,24.53%,$14.12B,$0.00B,59.15%,$11376,$4444,$6932,$0,$3527,$7742,$3634,$-1067,$2567,$795,$1772,$1772,$1375,$3634,$3634,$1637,1348,$0.84,$1.02,$0,$0,$0,$0,$0,$0,$0,$0,$0,$0,$0,$0,$0,$0,$0,$0,$0,$0,$0,$0,$0,$0,$0,$0,$0,$0,$0,$0,$0,$0,$0,$0,$0,$0,$0,$0,$0,$0,$0,$0,$0,$0,$0,$0,$0,$0,$0,$0,$0
13,2015-06-30,108.11,$32.17,3.36,$27.56,3.92,$3.83,28.24,$6.07,17.81,$17.61B,$25.87B,0.68,$44.07B,$51.44B,0.86,$45.95B,$27.45B,59.75%,$45.95B,$14.54B,31.66%,$45.95B,$14.54B,31.66%,$45.95B,$14.54B,31.66%,$45.95B,$14.04B,30.57%,$45.95B,$9.93B,21.61%,$9.93B,$51.44B,36.53%,$9.93B,$-46.56B,-41.73%,$9.93B,$138.36B,13.78%,$14.54B,$95.51B,29.09%,$11052,$4462,$6590,$0,$3441,$7670,$3382,$-587,$2795,$532,$2263,$2263,$1929,$3382,$3382,$1635,1635,$1.18,$1.18,$6784,$3112,$0,$17613,$19295,$274,$98000,$12,$120742,$138355,$25866,$44067,$4800,$61046,$86912,$1736,$35419,$0,$51443,$138355,$5361,$1527,$1302,$2829,$-273,$-322,$-370,$-194,$-1159,$4714,$-1609,$0,$-220,$-117,$0,$-117,$183,$-1763,$1507,$0,$1507,$-997,$-997,$-4556,$-377,$-4423,$-1925,$106,$-4556
14,2015-03-31,107.21,$0.00,0.0,$22.12,4.85,$2.22,48.24,$9.53,11.25,$0.00B,$0.00B,0.0,$0.00B,$0.00B,0.0,$45.48B,$27.00B,59.36%,$45.48B,$14.34B,31.53%,$45.48B,$14.34B,31.53%,$45.48B,$14.34B,31.53%,$45.48B,$19.61B,43.11%,$45.48B,$15.46B,33.98%,$15.46B,$0.00B,56.61%,$15.46B,$0.00B,-63.97%,$15.46B,$0.00B,21.43%,$14.34B,$0.00B,28.45%,$10453,$4200,$6253,$0,$3290,$7240,$3213,$478,$3691,$593,$3098,$3098,$2681,$3213,$3213,$1645,1645,$1.63,$1.63,$0,$0,$0,$0,$0,$0,$0,$0,$0,$0,$0,$0,$0,$0,$0,$0,$0,$0,$0,$0,$0,$0,$0,$0,$0,$0,$0,$0,$0,$0,$0,$0,$0,$0,$0,$0,$0,$0,$0,$0,$0,$0,$0,$0,$0,$0,$0,$0,$0
15,2014-09-30,96.38,$0.00,0.0,$21.92,4.4,$4.38,22.01,$9.13,10.56,$0.00B,$0.00B,0.0,$0.00B,$0.00B,0.0,$44.90B,$26.41B,58.82%,$44.90B,$14.04B,31.26%,$44.90B,$14.04B,31.26%,$44.90B,$15.39B,34.28%,$44.90B,$18.57B,41.36%,$44.90B,$14.72B,32.77%,$14.72B,$0.00B,39.00%,$14.72B,$0.00B,-45.02%,$14.72B,$0.00B,14.70%,$14.04B,$0.00B,20.37%,$12239,$4966,$7273,$0,$3659,$8344,$3895,$-195,$3700,$684,$3016,$3016,$2499,$3895,$3895,$1633,1760,$1.53,$1.42,$0,$0,$0,$0,$0,$0,$0,$0,$0,$0,$0,$0,$0,$0,$0,$0,$0,$0,$0,$0,$0,$0,$0,$0,$0,$0,$0,$0,$0,$0,$0,$0,$0,$0,$0,$0,$0,$0,$0,$0,$0,$0,$0,$0,$0,$0,$0,$0,$0
16,2014-06-30,99.94,$35.63,2.8,$20.83,4.8,$4.38,22.83,$8.66,11.54,$19.41B,$26.12B,0.74,$47.21B,$57.25B,0.83,$41.99B,$24.62B,58.62%,$41.99B,$13.03B,31.03%,$41.99B,$13.03B,31.03%,$41.99B,$14.38B,34.25%,$41.99B,$17.53B,41.74%,$41.99B,$13.90B,33.11%,$13.90B,$57.25B,36.85%,$13.90B,$-48.59B,-42.54%,$13.90B,$149.90B,13.89%,$13.03B,$104.46B,18.91%,$12201,$4867,$7334,$0,$3796,$8147,$4054,$-196,$3858,$647,$3211,$3211,$2818,$4054,$4054,$1629,1629,$1.73,$1.73,$8845,$3593,$0,$19408,$21550,$320,$105843,$7,$130487,$149895,$26120,$47214,$6202,$66525,$92645,$1736,$32199,$0,$57250,$149895,$5010,$1550,$1892,$3442,$-673,$-532,$84,$-210,$-1331,$4721,$-1579,$0,$-5499,$-33,$0,$-33,$-356,$-7467,$5667,$0,$5667,$72,$72,$-4299,$-228,$1212,$-1451,$123,$-4299
17,2013-06-30,76.41,$32.41,2.36,$19.53,3.91,$8.24,9.28,$8.09,9.45,$15.12B,$20.41B,0.74,$45.20B,$51.97B,0.87,$39.66B,$23.16B,58.40%,$39.66B,$12.19B,30.72%,$39.66B,$12.19B,30.72%,$39.66B,$16.32B,41.15%,$39.66B,$16.70B,42.11%,$39.66B,$12.94B,32.61%,$12.94B,$51.97B,38.40%,$12.94B,$-48.06B,-44.53%,$12.94B,$138.66B,14.26%,$12.19B,$97.17B,19.75%,$10587,$4451,$6136,$0,$3172,$7408,$3179,$5179,$8358,$516,$7842,$7842,$7458,$3179,$3179,$1607,8019,$4.64,$0.93,$6920,$3219,$0,$15124,$20374,$456,$100026,$12,$123539,$138663,$20406,$45199,$8991,$66290,$86696,$1735,$27388,$0,$51967,$138663,$10369,$1395,$-4332,$-2937,$-343,$-199,$-997,$-282,$-1821,$3684,$-1329,$0,$-16880,$6700,$0,$6700,$4576,$-6933,$6309,$0,$6309,$41,$41,$-4562,$1511,$3299,$-360,$105,$-4562
18,2012-06-30,65.93,$26.08,2.53,$24.63,2.68,$7.94,8.3,$4.45,14.82,$10.86B,$20.44B,0.53,$32.27B,$41.72B,0.77,$39.29B,$22.86B,58.17%,$39.29B,$12.26B,31.19%,$39.29B,$12.26B,31.19%,$39.29B,$15.02B,38.22%,$39.29B,$10.81B,27.52%,$39.29B,$7.07B,17.99%,$7.07B,$41.72B,34.16%,$7.07B,$-34.09B,-41.49%,$7.07B,$111.86B,12.61%,$12.26B,$74.00B,32.76%,$9871,$4203,$5668,$0,$2904,$6962,$2909,$-256,$2653,$305,$2348,$2348,$1940,$4262,$2909,$1590,1603,$1.22,$1.21,$3793,$2626,$0,$10857,$15858,$6852,$75810,$11,$101006,$111863,$20439,$32273,$6339,$49702,$70141,$1734,$18127,$0,$41722,$111863,$4539,$1353,$1444,$2797,$-114,$-227,$-815,$-453,$-1609,$4595,$-1139,$0,$-1346,$9,$0,$9,$-59,$-2535,$-315,$0,$-315,$95,$95,$-3079,$-214,$-3513,$-1639,$98,$-3079
19,2012-03-31,58.9,$0.00,0.0,$24.65,2.39,$7.67,7.68,$4.12,14.3,$0.00B,$0.00B,0.0,$0.00B,$0.00B,0.0,$39.37B,$22.81B,57.93%,$39.37B,$12.40B,31.50%,$39.37B,$12.40B,31.50%,$39.37B,$15.19B,38.57%,$39.37B,$10.44B,26.53%,$39.37B,$6.58B,16.71%,$6.58B,$0.00B,64.10%,$6.58B,$0.00B,-77.25%,$6.58B,$0.00B,23.41%,$12.40B,$0.00B,65.58%,$9332,$3855,$5477,$0,$2590,$6445,$2887,$-230,$2657,$437,$2220,$1688,$1688,$2887,$2887,$1592,1592,$1.06,$1.06,$0,$0,$0,$0,$0,$0,$0,$0,$0,$0,$0,$0,$0,$0,$0,$0,$0,$0,$0,$0,$0,$0,$0,$0,$0,$0,$0,$0,$0,$0,$0,$0,$0,$0,$0,$0,$0,$0,$0,$0,$0,$0,$0,$0,$0,$0,$0,$0,$0
20,2011-12-31,49.4,$0.00,0.0,$24.49,2.02,$7.67,6.44,$3.67,13.46,$12.32B,$19.64B,0.63,$34.60B,$41.06B,0.84,$39.05B,$22.44B,57.46%,$39.05B,$12.27B,31.43%,$39.05B,$12.27B,31.43%,$39.05B,$15.06B,38.56%,$39.05B,$9.69B,24.80%,$39.05B,$5.86B,15.00%,$5.86B,$41.06B,57.04%,$5.86B,$-34.06B,-68.75%,$5.86B,$112.43B,20.83%,$12.27B,$75.65B,64.88%,$9873,$3990,$5883,$0,$2672,$6662,$3211,$-176,$3036,$1464,$1572,$1850,$1850,$5994,$3211,$1595,1595,$1.16,$1.16,$5423,$2466,$0,$12323,$16022,$6940,$75120,$10,$100104,$112427,$19644,$34598,$5850,$51727,$71371,$1734,$17744,$0,$41056,$112427,$7959,$2783,$4737,$2783,$174,$-157,$1392,$-710,$699,$12486,$-3256,$0,$14,$539,$0,$539,$-28,$-2731,$-4558,$0,$-4558,$155,$155,$-3088,$-1505,$-8996,$815,$203,$-3088
21,2011-09-30,42.91,$0.00,0.0,$24.27,1.77,$6.79,6.32,$3.12,13.75,$0.00B,$0.00B,0.0,$0.00B,$0.00B,0.0,$38.65B,$21.83B,56.50%,$38.65B,$11.87B,30.71%,$38.65B,$11.87B,30.71%,$38.65B,$14.66B,37.92%,$38.65B,$8.75B,22.65%,$38.65B,$4.97B,12.87%,$4.97B,$0.00B,51.27%,$4.97B,$0.00B,-53.68%,$4.97B,$0.00B,17.40%,$11.87B,$0.00B,58.78%,$10217,$4389,$5828,$0,$2580,$6969,$3248,$-781,$2467,$-434,$2901,$1591,$1591,$1873,$3248,$1591,1591,$1.00,$1.00,$0,$0,$0,$0,$0,$0,$0,$0,$0,$0,$0,$0,$0,$0,$0,$0,$0,$0,$0,$0,$0,$0,$0,$0,$0,$0,$0,$0,$0,$0,$0,$0,$0,$0,$0,$0,$0,$0,$0,$0,$0,$0,$0,$0,$0,$0,$0,$0,$0
22,2011-06-30,46.98,$0.00,0.0,$23.69,1.98,$6.79,6.92,$3.02,15.56,$0.00B,$0.00B,0.0,$0.00B,$0.00B,0.0,$37.75B,$21.20B,56.15%,$37.75B,$11.52B,30.51%,$37.75B,$11.52B,30.51%,$37.75B,$14.38B,38.10%,$37.75B,$8.69B,23.03%,$37.75B,$4.82B,12.76%,$4.82B,$0.00B,49.65%,$4.82B,$0.00B,-51.98%,$4.82B,$0.00B,16.85%,$11.52B,$0.00B,57.04%,$9952,$4332,$5620,$0,$2696,$6894,$3058,$-774,$2284,$369,$1915,$1915,$1450,$4433,$3058,$1611,1611,$0.90,$0.90,$0,$0,$0,$0,$0,$0,$0,$0,$0,$0,$0,$0,$0,$0,$0,$0,$0,$0,$0,$0,$3386,$1375,$2499,$3874,$-164,$-220,$-180,$-393,$-957,$4543,$-1508,$0,$-261,$338,$0,$338,$-38,$-1469,$-548,$0,$-548,$128,$128,$-2237,$-553,$-3210,$-68,$98,$-2237
23,2011-03-31,45.45,$0.00,0.0,$23.27,1.95,$7.06,6.44,$2.84,16.0,$0.00B,$0.00B,0.0,$0.00B,$0.00B,0.0,$36.97B,$20.64B,55.83%,$36.97B,$11.20B,30.29%,$36.97B,$11.20B,30.29%,$36.97B,$13.99B,37.83%,$36.97B,$8.38B,22.67%,$36.97B,$4.52B,12.21%,$4.52B,$0.00B,24.46%,$4.52B,$0.00B,-23.58%,$4.52B,$0.00B,8.00%,$11.20B,$0.00B,27.99%,$9003,$3899,$5104,$0,$2349,$6248,$2755,$-857,$1898,$427,$1471,$964,$964,$2755,$2755,$1580,1580,$0.61,$0.61,$0,$0,$0,$0,$0,$0,$0,$0,$0,$0,$0,$0,$0,$0,$0,$0,$0,$0,$0,$0,$0,$0,$0,$0,$0,$0,$0,$0,$0,$0,$0,$0,$0,$0,$0,$0,$0,$0,$0,$0,$0,$0,$0,$0,$0,$0,$0,$0,$0
24,2010-12-31,45.38,$0.00,0.0,$22.83,1.99,$7.06,6.43,$2.53,17.94,$12.60B,$15.72B,0.8,$41.96B,$38.80B,1.08,$36.30B,$20.15B,55.50%,$36.30B,$10.91B,30.07%,$36.30B,$10.91B,30.07%,$36.30B,$13.70B,37.75%,$36.30B,$7.68B,21.16%,$36.30B,$4.03B,11.09%,$4.03B,$38.80B,21.81%,$4.03B,$-37.06B,-21.02%,$4.03B,$114.34B,7.13%,$10.91B,$80.76B,27.28%,$9473,$4191,$5282,$0,$2476,$6667,$2806,$-701,$2105,$1258,$847,$968,$968,$5594,$2806,$1587,1587,$0.61,$0.61,$5152,$2409,$32,$12597,$30296,$7538,$75857,$1713,$116148,$114342,$15720,$41961,$5953,$59823,$75543,$1733,$13656,$0,$38799,$114342,$5762,$2788,$5715,$2788,$-190,$-134,$550,$-519,$-293,$9905,$-2123,$0,$118,$-588,$0,$-588,$47,$-2546,$-4290,$0,$-4294,$215,$215,$-1924,$-754,$-6757,$836,$156,$-1924
25,2010-09-30,46.7,$0.00,0.0,$22.74,2.05,$7.05,6.62,$2.73,17.11,$0.00B,$0.00B,0.0,$0.00B,$0.00B,0.0,$36.12B,$19.86B,54.98%,$36.12B,$11.81B,32.70%,$36.12B,$11.81B,32.70%,$36.12B,$11.81B,32.70%,$36.12B,$7.63B,21.13%,$36.12B,$4.34B,12.01%,$4.34B,$0.00B,25.44%,$4.34B,$0.00B,-21.25%,$4.34B,$0.00B,7.75%,$11.81B,$0.00B,29.62%,$9323,$4130,$5193,$0,$2296,$6426,$2897,$-490,$2407,$547,$1860,$1434,$1434,$1602,$2897,$1593,1593,$0.90,$0.90,$0,$0,$0,$0,$0,$0,$0,$0,$0,$0,$0,$0,$0,$0,$0,$0,$0,$0,$0,$0,$0,$0,$0,$0,$0,$0,$0,$0,$0,$0,$0,$0,$0,$0,$0,$0,$0,$0,$0,$0,$0,$0,$0,$0,$0,$0,$0,$0,$0
26,2010-06-30,38.17,$0.00,0.0,$23.08,1.65,$7.05,5.41,$2.81,13.58,$11.73B,$14.73B,0.8,$44.24B,$35.03B,1.26,$36.56B,$19.92B,54.49%,$36.56B,$11.76B,32.16%,$36.56B,$11.76B,32.16%,$36.56B,$13.05B,35.70%,$36.56B,$7.67B,20.98%,$36.56B,$4.45B,12.17%,$4.45B,$35.03B,26.10%,$4.45B,$-39.55B,-21.80%,$4.45B,$111.50B,7.95%,$11.76B,$79.28B,29.49%,$9174,$4112,$5062,$0,$2322,$6434,$2740,$-770,$1970,$470,$1500,$1149,$1149,$4035,$2740,$1596,1596,$0.72,$0.72,$4698,$2350,$321,$11729,$0,$7085,$74579,$1764,$84285,$111495,$14734,$44244,$5642,$61729,$76463,$1732,$11246,$0,$35032,$111495,$2345,$1295,$0,$1295,$0,$0,$0,$0,$-860,$4133,$-692,$0,$22,$0,$0,$4,$31,$-635,$0,$0,$-1340,$0,$34,$-1031,$-264,$-2601,$1003,$0,$0
