,Date,Stock Price,Book Value per Share,Price to Book Ratio,TTM Sales per Share,Price to Sales Ratio,TTM FCF per Share,Price to FCF Ratio,TTM Net EPS,PE Ratio,Current Assets,Current Liabilities,Current Ratio,Long Term Debt,Shareholder's Equity_x,Debt to Equity Ratio,TTM Revenue_x,TTM Gross Profit,Gross Margin,TTM Revenue_y,TTM Operating Income,Operating Margin,TTM Revenue_x,TTM EBIT,EBIT Margin,TTM Revenue_y,TTM EBITDA,EBITDA Margin,TTM Revenue_x,TTM Pre-Tax Income,Pre-Tax Margin,TTM Revenue_y,TTM Net Income_x,Net Margin,TTM Net Income_y,Shareholder's Equity_y,Return on Equity,TTM Net Income_x,Tangible Equity,Return on Tangible Equity,TTM Net Income_y,Total Assets,Return on Assets,TTM Net Income,LT Investments & Debt,Return on Investment,revenue,cost-goods-sold,gross-profit,research-development-expenses,selling-general-administrative-expenses,operating-expenses,operating-income,total-non-operating-income-expense,pre-tax-income,total-provision-income-taxes,income-after-taxes,income-from-continuous-operations,net-income,ebitda,ebit,basic-shares-outstanding,shares-outstanding,eps-basic-net-earnings-per-share,eps-earnings-per-share-diluted,cash-on-hand,inventory,other-current-assets,total-current-assets,net-property-plant-equipment,long-term-investments,goodwill-intangible-assets-total,other-long-term-assets,total-long-term-assets,total-assets,total-current-liabilities,long-term-debt,other-non-current-liabilities,total-long-term-liabilities,total-liabilities,common-stock-net,retained-earnings-accumulated-deficit,comprehensive-income,total-share-holder-equity,total-liabilities-share-holders-equity,net-income-loss,total-depreciation-amortization-cash-flow,other-non-cash-items,total-non-cash-items,change-in-accounts-receivable,change-in-inventories,change-in-accounts-payable,change-in-assets-liabilities,total-change-in-assets-liabilities,cash-flow-from-operating-activities,net-change-in-property-plant-equipment,net-change-in-intangible-assets,net-acquisitions-divestitures,net-change-in-short-term-investments,net-change-in-long-term-investments,net-change-in-investments-total,investing-activities-other,cash-flow-from-investing-activities,net-long-term-debt,net-current-debt,debt-issuance-retirement-net-total,net-common-equity-issued-repurchased,net-total-equity-issued-repurchased,total-common-preferred-stock-dividends-paid,financial-activities-other,cash-flow-from-financial-activities,net-cash-flow,stock-based-compensation,common-stock-dividends-paid
0,2018-09-30,2.48,$2.47,1.0,$12.85,0.19,$-1.64,0.0,$-1.55,0.0,$0.00B,$0.02B,0.13,$0.00B,$0.01B,0.0,$0.04B,$0.03B,70.00%,$0.04B,$-0.01B,-12.50%,$0.04B,$-0.01B,-12.50%,$0.04B,$-0.00B,-7.50%,$0.04B,$-0.01B,-20.00%,$0.04B,$-0.01B,-15.00%,$-0.01B,$0.01B,-60.00%,$-0.01B,$-0.01B,88.89%,$-0.01B,$0.03B,-20.00%,$-0.01B,$0.01B,-48.78%,$10,$3,$7,$0,$1,$11,$-1,$-1,$-2,$-0,$-1,$-1,$-1,$0,$-1,$4,4,$-0.34,$-0.34,$1,$0,$0,$2,$10,$1,$17,$0,$28,$30,$17,$0,$0,$4,$21,$0,$-55,$-0,$9,$30,$-5,$2,$1,$4,$0,$0,$0,$-0,$1,$0,$-2,$0,$-0,$0,$0,$0,$0,$-2,$-0,$0,$-0,$2,$2,$0,$1,$2,$1,$0,$0
1,2018-06-30,3.09,$2.85,1.08,$14.41,0.21,$-1.77,0.0,$-1.55,0.0,$0.01B,$0.02B,0.33,$0.00B,$0.01B,0.0,$0.04B,$0.03B,68.29%,$0.04B,$-0.01B,-12.20%,$0.04B,$-0.01B,-12.20%,$0.04B,$-0.00B,-9.76%,$0.04B,$-0.01B,-19.51%,$0.04B,$-0.01B,-17.07%,$-0.01B,$0.01B,-63.64%,$-0.01B,$-0.01B,112.00%,$-0.01B,$0.03B,-22.95%,$-0.01B,$0.01B,-37.74%,$10,$3,$7,$0,$1,$11,$-0,$-1,$-1,$-0,$-1,$-1,$-1,$0,$-0,$3,3,$-0.23,$-0.23,$2,$0,$2,$5,$8,$1,$16,$0,$25,$31,$16,$0,$0,$4,$20,$0,$-54,$-0,$11,$31,$-3,$2,$1,$3,$-0,$0,$0,$-1,$0,$-0,$-1,$0,$-0,$0,$0,$0,$0,$-1,$-0,$0,$-0,$2,$2,$0,$1,$2,$1,$0,$0
2,2018-03-31,3.7,$2.82,1.31,$15.86,0.23,$-1.98,0.0,$-1.90,0.0,$0.00B,$0.02B,0.23,$0.00B,$0.01B,0.0,$0.04B,$0.03B,66.67%,$0.04B,$-0.01B,-14.29%,$0.04B,$-0.01B,-14.29%,$0.04B,$-0.00B,-9.52%,$0.04B,$-0.01B,-21.43%,$0.04B,$-0.01B,-19.05%,$-0.01B,$0.01B,-66.67%,$-0.01B,$-0.01B,133.33%,$-0.01B,$0.03B,-25.81%,$-0.01B,$0.01B,-37.50%,$10,$3,$7,$0,$1,$12,$-2,$-1,$-3,$-0,$-3,$-3,$-3,$-2,$-2,$3,3,$-0.83,$-0.83,$1,$0,$2,$4,$8,$1,$16,$0,$25,$29,$15,$0,$0,$4,$20,$0,$-53,$-0,$9,$29,$-3,$1,$1,$2,$0,$0,$0,$-0,$1,$0,$-0,$0,$-0,$0,$0,$0,$0,$-0,$-0,$0,$-0,$0,$0,$0,$0,$0,$0,$0,$0
3,2017-12-31,2.63,$3.77,0.7,$17.17,0.15,$-2.43,0.0,$-1.87,0.0,$0.00B,$0.02B,0.12,$0.00B,$0.01B,0.02,$0.04B,$0.03B,66.67%,$0.04B,$-0.01B,-11.90%,$0.04B,$-0.01B,-11.90%,$0.04B,$-0.00B,-4.76%,$0.04B,$-0.01B,-19.05%,$0.04B,$-0.01B,-16.67%,$-0.01B,$0.01B,-53.85%,$-0.01B,$-0.01B,121.74%,$-0.01B,$0.03B,-21.88%,$-0.01B,$0.01B,-25.97%,$10,$3,$7,$0,$1,$12,$-2,$-1,$-2,$-1,$-2,$-2,$-1,$-1,$-2,$3,3,$-0.43,$-0.43,$0,$0,$0,$2,$9,$1,$19,$0,$28,$30,$15,$0,$0,$4,$19,$0,$-49,$-1,$11,$30,$-7,$3,$2,$5,$0,$0,$0,$0,$1,$-1,$-2,$0,$0,$0,$0,$0,$0,$-1,$0,$0,$0,$1,$1,$0,$0,$2,$0,$0,$0
4,2017-09-30,2.61,$4.99,0.52,$17.72,0.15,$-2.28,0.0,$-2.18,0.0,$0.00B,$0.01B,0.36,$0.01B,$0.01B,0.67,$0.04B,$0.03B,66.67%,$0.04B,$-0.00B,-9.52%,$0.04B,$-0.00B,-9.52%,$0.04B,$-0.00B,-2.38%,$0.04B,$-0.01B,-19.05%,$0.04B,$-0.01B,-19.05%,$-0.01B,$0.01B,-58.18%,$-0.01B,$-0.01B,152.38%,$-0.01B,$0.03B,-24.43%,$-0.00B,$0.02B,-19.28%,$11,$4,$7,$0,$1,$12,$-1,$-0,$-2,$0,$-2,$-2,$-2,$-1,$-1,$3,3,$-0.70,$-0.70,$1,$0,$1,$2,$9,$1,$19,$0,$29,$32,$6,$8,$0,$13,$19,$0,$-47,$-1,$13,$32,$-6,$2,$2,$4,$0,$0,$0,$0,$1,$0,$-1,$0,$0,$0,$0,$0,$0,$-1,$1,$0,$1,$0,$0,$0,$0,$2,$0,$0,$0
5,2017-06-30,3.12,$5.85,0.53,$18.43,0.17,$-2.08,0.0,$-2.58,0.0,$0.00B,$0.01B,0.4,$0.01B,$0.02B,0.53,$0.04B,$0.03B,66.67%,$0.04B,$-0.00B,-9.52%,$0.04B,$-0.00B,-9.52%,$0.04B,0,0.00%,$0.04B,$-0.01B,-16.67%,$0.04B,$-0.01B,-16.67%,$-0.01B,$0.02B,-49.12%,$-0.01B,$-0.00B,147.37%,$-0.01B,$0.03B,-21.05%,$-0.00B,$0.02B,-20.51%,$11,$4,$7,$0,$1,$12,$-1,$-1,$-2,$0,$-2,$-2,$-2,$-0,$-1,$2,2,$-0.81,$-0.81,$1,$1,$1,$2,$10,$1,$19,$1,$31,$33,$6,$8,$0,$12,$18,$0,$-45,$-1,$15,$33,$-4,$2,$1,$3,$0,$-0,$0,$0,$1,$-0,$-1,$0,$0,$0,$0,$0,$0,$-1,$1,$0,$1,$0,$0,$0,$0,$2,$0,$0,$0
6,2017-03-31,3.6,$5.87,0.61,$19.00,0.19,$-1.62,0.0,$-4.40,0.0,$0.00B,$0.01B,0.25,$0.01B,$0.01B,0.72,$0.04B,$0.03B,66.67%,$0.04B,$-0.00B,-7.14%,$0.04B,$-0.00B,-7.14%,$0.04B,$0.00B,2.38%,$0.04B,$-0.01B,-14.29%,$0.04B,$-0.01B,-23.81%,$-0.01B,$0.01B,-70.18%,$-0.01B,$-0.01B,210.53%,$-0.01B,$0.03B,-29.20%,$-0.00B,$0.02B,-16.67%,$10,$3,$7,$0,$1,$11,$-1,$-1,$-2,$0,$-2,$-2,$-2,$-0,$-1,$2,2,$-0.79,$-0.79,$0,$1,$0,$2,$11,$1,$19,$0,$32,$33,$6,$9,$0,$14,$20,$0,$-44,$-1,$13,$33,$-2,$1,$0,$1,$0,$0,$0,$0,$-0,$-1,$-0,$0,$0,$0,$0,$0,$0,$-0,$0,$0,$0,$0,$0,$0,$0,$1,$0,$0,$0
7,2016-12-31,4.2,$6.41,0.66,$19.28,0.22,$-1.21,0.0,$-4.30,0.0,$0.00B,$0.01B,0.15,$0.00B,$0.01B,0.29,$0.04B,$0.03B,66.67%,$0.04B,$-0.00B,-7.14%,$0.04B,$-0.00B,-7.14%,$0.04B,$0.00B,2.38%,$0.04B,$-0.01B,-11.90%,$0.04B,$-0.01B,-21.43%,$-0.01B,$0.01B,-56.25%,$-0.01B,$-0.01B,276.92%,$-0.01B,$0.03B,-24.83%,$-0.00B,$0.02B,-16.90%,$10,$3,$7,$0,$1,$11,$-1,$-1,$-2,$0,$-2,$-2,$-2,$-0,$-1,$2,2,$-0.72,$-0.72,$0,$1,$0,$2,$12,$1,$19,$0,$32,$33,$12,$4,$0,$8,$20,$0,$-42,$-1,$14,$33,$-9,$3,$5,$9,$-0,$0,$0,$-1,$0,$-1,$-1,$0,$-0,$0,$0,$0,$0,$-1,$-0,$0,$-0,$0,$0,$0,$1,$1,$-1,$0,$0
8,2016-09-30,5.5,$7.03,0.78,$20.91,0.26,$-5.37,0.0,$-4.60,0.0,$0.00B,$0.02B,0.14,$0.00B,$0.02B,0.02,$0.04B,$0.03B,65.85%,$0.04B,$-0.00B,-7.32%,$0.04B,$-0.00B,-7.32%,$0.04B,$0.00B,4.88%,$0.04B,$-0.00B,-9.76%,$0.04B,$-0.01B,-21.95%,$-0.01B,$0.02B,-50.00%,$-0.01B,$-0.00B,600.00%,$-0.01B,$0.03B,-23.38%,$-0.00B,$0.02B,-15.79%,$11,$4,$7,$0,$1,$11,$-1,$-0,$-1,$0,$-1,$-1,$-1,$0,$-1,$2,2,$-0.41,$-0.41,$1,$1,$0,$2,$12,$1,$19,$0,$32,$34,$15,$0,$0,$4,$19,$0,$-40,$-1,$15,$34,$-8,$3,$6,$8,$-0,$0,$0,$-1,$-1,$0,$-1,$0,$-0,$0,$0,$0,$0,$-1,$-0,$0,$-0,$0,$0,$0,$1,$1,$-0,$0,$0
9,2016-06-30,4.3,$7.04,0.61,$22.18,0.19,$-9.22,0.0,$-7.30,0.0,$0.00B,$0.02B,0.25,$0.00B,$0.02B,0.02,$0.04B,$0.03B,66.67%,$0.04B,$-0.00B,-7.69%,$0.04B,$-0.00B,-7.69%,$0.04B,$0.00B,2.56%,$0.04B,$-0.01B,-12.82%,$0.04B,$-0.01B,-33.33%,$-0.01B,$0.02B,-64.20%,$-0.01B,$-0.00B,-2600.00%,$-0.01B,$0.04B,-31.90%,$-0.00B,$0.02B,-13.04%,$11,$3,$7,$0,$1,$11,$-0,$-0,$-1,$0,$-1,$-1,$-5,$1,$-0,$2,2,$-2.35,$-2.35,$1,$1,$2,$4,$12,$1,$19,$0,$32,$37,$17,$0,$0,$4,$21,$0,$-40,$-1,$15,$37,$-7,$2,$5,$7,$0,$0,$0,$-1,$-0,$0,$-0,$0,$-0,$0,$0,$0,$0,$-0,$-0,$0,$-0,$0,$0,$0,$0,$-0,$-0,$0,$0
10,2016-03-31,8.1,$9.55,0.85,$24.09,0.34,$-12.04,0.0,$-7.30,0.0,$0.00B,$0.02B,0.19,$0.00B,$0.02B,0.02,$0.04B,$0.03B,67.57%,$0.04B,$-0.01B,-13.51%,$0.04B,$-0.01B,-13.51%,$0.04B,0,0.00%,$0.04B,$-0.01B,-18.92%,$0.04B,$-0.01B,-32.43%,$-0.01B,$0.02B,-54.55%,$-0.01B,$0.00B,-800.00%,$-0.01B,$0.04B,-28.40%,$-0.01B,$0.02B,-19.42%,$10,$3,$7,$0,$2,$11,$-1,$0,$-1,$0,$-1,$-1,$-1,$0,$-1,$2,2,$-0.70,$-0.70,$1,$1,$0,$3,$16,$1,$20,$1,$38,$41,$18,$0,$0,$3,$21,$0,$-34,$-1,$20,$41,$-2,$1,$1,$2,$-0,$0,$0,$-1,$0,$0,$-0,$0,$-0,$0,$0,$0,$0,$-0,$-0,$0,$-0,$0,$0,$0,$0,$-0,$-0,$0,$0
11,2015-12-31,9.99,$10.20,0.98,$29.86,0.33,$-14.21,0.0,$-9.30,0.0,$0.00B,$0.02B,0.24,$0.00B,$0.02B,0.05,$0.04B,$0.02B,66.67%,$0.04B,$-0.01B,-16.67%,$0.04B,$-0.01B,-16.67%,$0.04B,$-0.00B,-2.78%,$0.04B,$-0.01B,-22.22%,$0.04B,$-0.01B,-36.11%,$-0.01B,$0.02B,-57.78%,$-0.01B,$0.00B,-866.67%,$-0.01B,$0.04B,-30.41%,$-0.01B,$0.02B,-21.62%,$9,$3,$6,$0,$1,$9,$-1,$-1,$-1,$0,$-1,$-1,$-2,$1,$-1,$1,1,$0.10,$0.10,$1,$1,$1,$4,$12,$1,$19,$1,$38,$42,$16,$1,$0,$4,$20,$0,$-33,$-1,$22,$42,$-14,$4,$7,$11,$0,$0,$0,$-1,$-2,$-5,$-2,$0,$-9,$0,$0,$0,$0,$-10,$2,$0,$2,$15,$15,$0,$0,$17,$1,$0,$0
12,2015-09-30,11.0,$11.35,0.97,$37.32,0.29,$-13.99,0.0,$-12.40,0.0,$0.00B,$0.01B,0.37,$0.01B,$0.02B,0.33,$0.04B,$0.02B,66.67%,$0.04B,$-0.01B,-19.44%,$0.04B,$-0.01B,-19.44%,$0.04B,$-0.00B,-8.33%,$0.04B,$-0.01B,-27.78%,$0.04B,$-0.01B,-38.89%,$-0.01B,$0.02B,-67.47%,$-0.01B,$0.00B,inf%,$-0.01B,$0.04B,-33.94%,$-0.01B,$0.03B,-25.69%,$9,$3,$6,$0,$2,$10,$-1,$-1,$-2,$0,$-2,$-2,$-5,$-1,$-1,$1,1,$-3.00,$-3.00,$2,$1,$0,$3,$18,$2,$20,$0,$40,$43,$8,$8,$0,$10,$18,$0,$-31,$-1,$24,$43,$-12,$2,$6,$8,$0,$0,$0,$-1,$-1,$-5,$-1,$0,$-9,$0,$0,$0,$0,$-10,$2,$0,$2,$15,$15,$0,$0,$17,$2,$0,$0
13,2015-06-30,24.7,$15.80,1.56,$45.11,0.55,$-13.62,0.0,$-10.10,0.0,$0.00B,$0.01B,0.32,$0.01B,$0.02B,0.23,$0.04B,$0.02B,66.67%,$0.04B,$-0.01B,-19.44%,$0.04B,$-0.01B,-19.44%,$0.04B,$-0.00B,-5.56%,$0.04B,$-0.01B,-22.22%,$0.04B,$-0.01B,-27.78%,$-0.01B,$0.02B,-50.63%,$-0.01B,$0.00B,800.00%,$-0.01B,$0.04B,-24.69%,$-0.01B,$0.03B,-26.92%,$9,$3,$6,$0,$2,$10,$-2,$-1,$-3,$-0,$-3,$-3,$-4,$-0,$-2,$1,1,$-2.90,$-2.90,$3,$1,$0,$4,$15,$2,$22,$0,$38,$43,$14,$5,$0,$7,$21,$0,$-26,$-3,$22,$43,$-6,$2,$1,$3,$0,$0,$0,$-1,$-1,$-3,$-1,$0,$-4,$0,$0,$0,$0,$-5,$1,$0,$1,$9,$9,$0,$0,$10,$3,$0,$0
14,2015-03-31,23.9,$17.60,1.36,$48.54,0.49,$-14.78,0.0,$-9.90,0.0,$0.01B,$0.01B,0.43,$0.01B,$0.02B,0.36,$0.03B,$0.02B,64.71%,$0.03B,$-0.01B,-17.65%,$0.03B,$-0.01B,-17.65%,$0.03B,$-0.00B,-8.82%,$0.03B,$-0.01B,-17.65%,$0.03B,$-0.01B,-20.59%,$-0.01B,$0.02B,-38.36%,$-0.01B,$0.00B,1400.00%,$-0.01B,$0.04B,-18.92%,$-0.01B,$0.03B,-25.53%,$9,$3,$6,$0,$2,$11,$-2,$-1,$-2,$-0,$-2,$-2,$-2,$-1,$-2,$1,1,$-2.70,$-2.70,$3,$1,$0,$5,$15,$2,$22,$0,$39,$43,$11,$8,$0,$11,$22,$0,$-23,$-3,$22,$43,$-2,$1,$0,$1,$0,$0,$0,$-1,$-0,$-2,$-0,$0,$-4,$0,$0,$0,$0,$-4,$2,$0,$2,$7,$7,$0,$0,$9,$3,$0,$0
15,2014-12-31,17.25,$20.65,0.84,$46.98,0.37,$-14.10,0.0,$-9.60,0.0,$0.00B,$0.01B,0.13,$0.01B,$0.02B,0.44,$0.03B,$0.02B,63.33%,$0.03B,$-0.01B,-20.00%,$0.03B,$-0.01B,-20.00%,$0.03B,$-0.00B,-10.00%,$0.03B,$-0.01B,-16.67%,$0.03B,$-0.01B,-20.00%,$-0.01B,$0.02B,-36.36%,$-0.01B,$-0.00B,inf%,$-0.01B,$0.04B,-18.32%,$-0.01B,$0.02B,-29.63%,$9,$3,$6,$0,$2,$11,$-2,$-1,$-3,$-0,$-2,$-2,$-3,$-1,$-2,$1,1,$-4.70,$-4.70,$0,$1,$0,$1,$13,$2,$19,$0,$34,$36,$11,$7,$0,$9,$21,$0,$-21,$-2,$15,$36,$-7,$3,$1,$4,$-0,$0,$0,$1,$1,$-1,$-2,$0,$-0,$0,$0,$0,$0,$-2,$2,$0,$2,$1,$1,$0,$0,$3,$-0,$1,$0
16,2014-09-30,20.7,$29.32,0.71,$40.92,0.51,$-23.94,0.0,$-5.40,0.0,$0.00B,$0.01B,0.18,$0.01B,$0.02B,0.31,$0.02B,$0.02B,62.50%,$0.02B,$-0.01B,-25.00%,$0.02B,$-0.01B,-25.00%,$0.02B,$-0.00B,-16.67%,$0.02B,$-0.00B,-16.67%,$0.02B,$-0.01B,-20.83%,$-0.01B,$0.02B,-32.26%,$-0.01B,$-0.00B,-400.00%,$-0.01B,$0.04B,-17.39%,$-0.01B,$0.03B,-33.33%,$9,$3,$6,$0,$1,$10,$-1,$0,$-0,$-0,$-0,$-0,$-1,$0,$-1,$1,1,$-0.80,$-0.80,$0,$1,$0,$2,$15,$2,$22,$0,$39,$40,$11,$6,$0,$9,$20,$0,$-18,$0,$20,$40,$-3,$2,$0,$3,$-0,$0,$0,$-1,$2,$1,$-4,$0,$0,$0,$0,$0,$0,$-4,$1,$0,$1,$1,$1,$0,$0,$2,$-0,$0,$0
17,2014-06-30,26.21,$23.94,1.09,$31.21,0.84,$-24.92,0.0,$-8.40,0.0,$0.00B,$0.01B,0.17,$0.00B,$0.02B,0.08,$0.02B,$0.01B,58.82%,$0.02B,$-0.01B,-35.29%,$0.02B,$-0.01B,-35.29%,$0.02B,$-0.00B,-23.53%,$0.02B,$-0.01B,-29.41%,$0.02B,$-0.01B,-29.41%,$-0.01B,$0.02B,-39.22%,$-0.01B,$0.00B,-181.82%,$-0.01B,$0.03B,-21.98%,$-0.01B,$0.02B,-44.44%,$7,$2,$4,$0,$1,$8,$-1,$-0,$-1,$0,$-1,$-1,$-1,$-1,$-1,$1,1,$-2.20,$-2.20,$0,$0,$0,$2,$13,$2,$13,$1,$28,$29,$9,$1,$0,$4,$14,$0,$-17,$-0,$16,$29,$-3,$1,$0,$2,$0,$0,$0,$-0,$0,$-1,$-2,$0,$0,$0,$0,$0,$0,$-2,$1,$0,$1,$0,$0,$0,$1,$2,$-0,$0,$0
18,2014-03-31,37.6,$23.84,1.58,$25.37,1.48,$-24.10,0.0,$-8.10,0.0,$0.00B,$0.01B,0.28,$0.00B,$0.02B,0.06,$0.01B,$0.01B,58.33%,$0.01B,$-0.01B,-50.00%,$0.01B,$-0.01B,-50.00%,$0.01B,$-0.00B,-33.33%,$0.01B,$-0.01B,-41.67%,$0.01B,$-0.01B,-41.67%,$-0.01B,$0.02B,-51.28%,$-0.01B,$0.00B,-181.82%,$-0.01B,$0.03B,-28.17%,$-0.01B,$0.02B,-58.54%,$5,$2,$3,$0,$2,$7,$-2,$0,$-1,$-0,$-1,$-1,$-1,$-1,$-2,$1,1,$-2.50,$-2.50,$0,$0,$0,$2,$9,$3,$13,$0,$24,$26,$7,$1,$0,$4,$11,$0,$-16,$-0,$15,$26,$-1,$1,$0,$1,$0,$0,$0,$-0,$-0,$-1,$-0,$0,$0,$0,$-0,$-0,$0,$-0,$1,$0,$1,$0,$0,$0,$0,$1,$-0,$0,$0
19,2013-12-31,53.7,$20.86,2.57,$20.92,2.57,$-24.30,0.0,$-7.70,0.0,$0.00B,$0.01B,0.31,$0.00B,$0.01B,0.08,$0.01B,$0.01B,55.56%,$0.01B,$-0.01B,-55.56%,$0.01B,$-0.01B,-55.56%,$0.01B,$-0.00B,-44.44%,$0.01B,$-0.01B,-55.56%,$0.01B,$-0.01B,-55.56%,$-0.01B,$0.01B,-68.97%,$-0.01B,$0.00B,-153.85%,$-0.01B,$0.02B,-38.46%,$-0.01B,$0.01B,-66.67%,$3,$1,$2,$0,$2,$5,$-2,$-0,$-2,$0,$-2,$-2,$-2,$-2,$-2,$0,0,$-4.30,$-4.30,$0,$0,$0,$2,$6,$3,$10,$0,$18,$20,$6,$1,$0,$3,$9,$0,$-14,$-0,$11,$20,$-5,$1,$1,$2,$0,$0,$0,$-0,$0,$-3,$-4,$0,$0,$0,$-1,$-1,$-0,$-4,$3,$0,$3,$3,$3,$0,$0,$6,$-1,$1,$0
20,2013-09-30,48.8,$20.60,2.37,$18.68,2.61,$-19.24,0.0,$-10.10,0.0,$0.00B,$0.01B,0.82,$0.00B,$0.01B,0.03,$0.01B,$0.01B,62.50%,$0.01B,$-0.00B,-50.00%,$0.01B,$-0.00B,-50.00%,$0.01B,$-0.00B,-37.50%,$0.01B,$-0.00B,-50.00%,$0.01B,$-0.00B,-50.00%,$-0.00B,$0.01B,-66.67%,$-0.00B,$0.01B,-94.12%,$-0.00B,$0.02B,-40.00%,$-0.00B,$0.01B,-66.67%,$2,$1,$1,$0,$1,$3,$-1,$-0,$-1,$0,$-1,$-1,$-1,$-0,$-1,$0,0,$-3.80,$-3.80,$3,$0,$0,$4,$5,$2,$4,$0,$12,$16,$5,$0,$0,$2,$7,$0,$-12,$-0,$9,$16,$-3,$1,$0,$1,$0,$0,$0,$-0,$0,$-2,$-0,$0,$0,$0,$0,$0,$-3,$-3,$3,$0,$3,$0,$0,$0,$0,$4,$-1,$0,$0
21,2013-06-30,30.0,$11.19,2.68,$19.04,1.58,$-23.03,0.0,$-8.30,0.0,$0.00B,$0.01B,0.8,$0.00B,$0.00B,0.01,$0.01B,$0.01B,62.50%,$0.01B,$-0.00B,-50.00%,$0.01B,$-0.00B,-50.00%,$0.01B,$-0.00B,-50.00%,$0.01B,$-0.00B,-50.00%,$0.01B,$-0.00B,-50.00%,$-0.00B,$0.00B,-76.19%,$-0.00B,$0.00B,-94.12%,$-0.00B,$0.01B,-50.00%,$-0.00B,$0.00B,-76.19%,$2,$1,$1,$0,$1,$2,$-1,$-0,$-1,$0,$-1,$-1,$-1,$-1,$-1,$0,0,$-1.90,$-1.90,$3,$0,$0,$4,$2,$2,$1,$0,$5,$9,$5,$0,$0,$0,$5,$0,$-11,$-0,$4,$9,$-1,$0,$-0,$0,$0,$0,$0,$-0,$0,$-1,$-0,$0,$0,$0,$0,$0,$-3,$-3,$0,$0,$0,$0,$0,$0,$2,$3,$-1,$0,$0
22,2013-03-31,18.8,$0.00,0.0,$26.00,0.72,$-29.97,0.0,$-11.30,0.0,$0.00B,$0.00B,0.7,$0.00B,$0.01B,0.01,$0.01B,$0.01B,62.50%,$0.01B,$-0.00B,-50.00%,$0.01B,$-0.00B,-50.00%,$0.01B,$-0.00B,-50.00%,$0.01B,$-0.00B,-50.00%,$0.01B,$-0.00B,-50.00%,$-0.00B,$0.01B,-61.54%,$-0.00B,$0.00B,-72.73%,$-0.00B,$0.01B,-48.48%,$-0.00B,$0.01B,-61.54%,$2,$1,$1,$0,$1,$2,$-1,$0,$-1,$0,$-1,$-1,$-1,$-1,$-1,$0,0,$-2.00,$-2.00,$0,$0,$0,$1,$0,$2,$1,$0,$3,$7,$2,$0,$0,$0,$2,$0,$-10,$0,$5,$7,$-1,$0,$-0,$0,$0,$0,$0,$-0,$0,$-1,$-0,$0,$0,$0,$0,$0,$-0,$-0,$-0,$0,$-0,$0,$0,$0,$-0,$-0,$-1,$0,$0
23,2012-12-31,36.4,$14.95,2.44,$26.99,1.35,$-30.75,0.0,$-11.60,0.0,$0.00B,$0.00B,1.15,$0.00B,$0.01B,0.01,$0.01B,$0.00B,57.14%,$0.01B,$-0.00B,-42.86%,$0.01B,$-0.00B,-42.86%,$0.01B,$-0.00B,-42.86%,$0.01B,$-0.00B,-57.14%,$0.01B,$-0.00B,-57.14%,$-0.00B,$0.01B,-72.73%,$-0.00B,$0.01B,-88.89%,$-0.00B,$0.01B,-50.00%,$-0.00B,$0.01B,-54.55%,$2,$0,$2,$0,$3,$3,$-1,$-0,$-1,$-0,$-1,$-1,$-1,$-1,$-1,$0,0,$-2.40,$-2.40,$1,$0,$0,$2,$2,$2,$1,$0,$6,$8,$2,$0,$0,$0,$2,$0,$-9,$-0,$6,$8,$-3,$1,$0,$1,$-0,$-0,$0,$-0,$0,$-2,$-1,$0,$0,$0,$-1,$-1,$-0,$-3,$-1,$0,$-1,$7,$7,$0,$0,$6,$1,$0,$0
24,2012-09-30,36.4,$0.00,0.0,$29.92,1.22,$-33.22,0.0,$-9.20,0.0,$0.00B,$0.00B,1.74,$0.00B,$0.01B,0.01,$0.01B,$0.00B,33.33%,$0.01B,$-0.00B,-50.00%,$0.01B,$-0.00B,-50.00%,$0.01B,$-0.00B,-50.00%,$0.01B,$-0.00B,-66.67%,$0.01B,$-0.00B,-66.67%,$-0.00B,$0.01B,-100.00%,$-0.00B,$0.01B,-123.08%,$-0.00B,$0.01B,-55.17%,$-0.00B,$0.01B,-70.59%,$2,$1,$1,$0,$1,$2,$-1,$-0,$-1,$0,$-1,$-1,$-1,$-1,$-1,$0,0,$-2.00,$-2.00,$2,$0,$0,$3,$0,$2,$1,$0,$3,$8,$1,$0,$0,$0,$2,$0,$-8,$0,$6,$8,$-2,$0,$-0,$0,$-0,$-0,$0,$-0,$0,$-2,$-1,$0,$0,$0,$-1,$-1,$-0,$-3,$-1,$0,$-1,$7,$7,$0,$-0,$6,$2,$0,$0
25,2012-06-30,43.9,$0.00,0.0,$25.20,1.74,$-26.60,0.0,$-9.20,0.0,$0.00B,$0.00B,3.99,$0.00B,$0.01B,0.03,$0.00B,$0.00B,25.00%,$0.00B,$-0.00B,-50.00%,$0.00B,$-0.00B,-50.00%,$0.00B,$-0.00B,-50.00%,$0.00B,$-0.00B,-75.00%,$0.00B,$-0.00B,-75.00%,$-0.00B,$0.01B,-120.00%,$-0.00B,$0.01B,-150.00%,$-0.00B,$0.01B,-52.17%,$-0.00B,$0.01B,-66.67%,$2,$1,$1,$0,$1,$2,$-1,$-0,$-1,$0,$-1,$-1,$-1,$-1,$-1,$0,0,$-5.60,$-5.60,$4,$0,$0,$4,$0,$2,$1,$0,$3,$10,$1,$0,$0,$0,$1,$0,$-7,$0,$9,$10,$-2,$0,$-0,$0,$-0,$-0,$0,$0,$1,$-1,$-1,$0,$0,$0,$-1,$-1,$-0,$-2,$-1,$0,$-1,$7,$7,$0,$-0,$6,$3,$0,$0
26,2012-03-31,65.0,$0.00,0.0,$14.01,4.64,$-17.17,0.0,$-6.10,0.0,$0.00B,$0.01B,0.13,$0.00B,$0.00B,0.22,$0.00B,0,0.00%,$0.00B,$-0.00B,-50.00%,$0.00B,$-0.00B,-50.00%,$0.00B,$-0.00B,-50.00%,$0.00B,$-0.00B,-100.00%,$0.00B,$-0.00B,-100.00%,$-0.00B,$0.00B,-400.00%,$-0.00B,$0.00B,-800.00%,$-0.00B,$0.01B,-53.33%,$-0.00B,$0.00B,-100.00%,$1,$1,$0,$0,$0,$2,$-0,$-0,$-1,$0,$-1,$-1,$-1,$-0,$-0,$0,0,$-2.30,$-2.30,$0,$0,$0,$1,$0,$2,$1,$0,$3,$6,$5,$0,$0,$0,$5,$0,$-7,$0,$1,$6,$-1,$0,$0,$0,$0,$0,$0,$0,$0,$-0,$-0,$0,$0,$0,$0,$-0,$-0,$-1,$0,$1,$0,$0,$0,$0,$0,$1,$0,$0,$0
27,2011-12-31,74.0,$3.84,19.26,$10.66,6.94,$-14.80,0.0,$-2.70,0.0,$0.00B,$0.00B,0.17,$0.00B,$0.00B,0.15,$0.00B,0,0.00%,$0.00B,$-0.00B,-100.00%,$0.00B,$-0.00B,-100.00%,$0.00B,$-0.00B,-100.00%,$0.00B,$-0.00B,-100.00%,$0.00B,$-0.00B,-100.00%,$-0.00B,$0.00B,-200.00%,$-0.00B,$0.00B,-200.00%,$-0.00B,$0.01B,-36.36%,$-0.00B,$0.00B,-100.00%,$1,$1,$0,$0,$1,$2,$-1,$-0,$-1,$0,$-1,$-1,$-1,$-1,$-1,$0,0,$-7.10,$-7.10,$0,$0,$0,$1,$2,$2,$0,$0,$4,$5,$4,$0,$0,$0,$4,$0,$-6,$0,$0,$6,$-1,$0,$0,$0,$-0,$-0,$0,$-0,$-0,$-1,$-0,$0,$-0,$0,$-1,$-1,$0,$-2,$3,$3,$0,$0,$0,$0,$0,$3,$0,$0,$0
28,2011-09-30,65.0,$0.00,0.0,$2.39,27.17,$-2.81,0.0,$-2.70,0.0,$0.00B,$0.00B,0.3,$0.00B,$0.00B,0.59,$0.00B,0,nan%,$0.00B,0,nan%,$0.00B,0,nan%,$0.00B,0,nan%,$0.00B,$-0.00B,inf%,$0.00B,$-0.00B,inf%,$-0.00B,$0.00B,-200.00%,$-0.00B,$0.00B,-200.00%,$-0.00B,$0.00B,-57.14%,$0.00B,$0.00B,0.00%,$-0,$0,$-0,$0,$0,$0,$-0,$-0,$-0,$0,$-0,$-0,$-0,$-0,$-0,$0,0,$-2.00,$-2.00,$0,$0,$0,$0,$0,$2,$0,$0,$2,$2,$2,$0,$0,$0,$2,$0,$-5,$0,$0,$2,$-0,$0,$0,$0,$0,$0,$0,$0,$-0,$-0,$0,$0,$0,$0,$0,$-1,$0,$-1,$0,$1,$0,$0,$0,$0,$0,$1,$0,$0,$0
29,2011-06-30,59.8,$0.00,0.0,$2.46,24.3,$-3.83,0.0,$-1.40,0.0,$0.00B,$0.00B,0.35,$0.00B,$0.00B,0.0,$0.00B,0,nan%,$0.00B,0,nan%,$0.00B,0,nan%,$0.00B,0,nan%,$0.00B,$-0.00B,inf%,$0.00B,$-0.00B,inf%,$-0.00B,$0.00B,-200.00%,$-0.00B,$0.00B,-200.00%,$-0.00B,$0.00B,-57.14%,$0.00B,$0.00B,0.00%,$0,$0,$0,$0,$0,$0,$-0,$0,$-0,$0,$-0,$-0,$-0,$-0,$-0,$0,0,$-1.80,$-1.80,$0,$0,$0,$0,$0,$1,$0,$0,$1,$2,$1,$0,$0,$0,$1,$0,$-5,$0,$1,$2,$0,$0,$0,$0,$0,$0,$0,$0,$-0,$-0,$0,$0,$0,$0,$0,$0,$0,$0,$0,$-0,$0,$0,$0,$0,$0,$0,$-0,$0,$0
30,2011-03-31,64.0,$0.00,0.0,$2.41,26.54,$-3.10,0.0,$-0.20,0.0,$0.00B,$0.00B,0.64,$0.00B,$0.00B,0.0,$0.00B,0,nan%,$0.00B,0,nan%,$0.00B,0,nan%,$0.00B,0,nan%,$0.00B,$-0.00B,inf%,$0.00B,$-0.00B,inf%,$-0.00B,$0.00B,-200.00%,$-0.00B,$0.00B,-200.00%,$-0.00B,$0.00B,-57.14%,$0.00B,$0.00B,0.00%,$0,$0,$0,$0,$0,$0,$0,$0,$0,$0,$0,$0,$0,$0,$0,$0,0,$1.10,$1.10,$0,$0,$0,$0,$0,$1,$0,$0,$1,$2,$1,$0,$0,$0,$1,$0,$-5,$0,$1,$2,$0,$0,$0,$0,$0,$0,$0,$0,$-0,$-0,$0,$0,$0,$0,$0,$0,$0,$0,$0,$-0,$0,$0,$0,$0,$0,$-0,$0,$0,$0
31,2010-12-31,42.5,$0.00,0.0,$0.41,104.89,$-4.20,0.0,$-2.60,0.0,$0.00B,$0.00B,0.23,$0.00B,$0.00B,7.56,$0.00B,0,nan%,$0.00B,0,nan%,$0.00B,0,nan%,$0.00B,0,nan%,$0.00B,$-0.00B,inf%,$0.00B,$-0.00B,inf%,$-0.00B,$0.00B,-400.00%,$-0.00B,$0.00B,-400.00%,$-0.00B,$0.00B,-66.67%,$0.00B,$0.00B,0.00%,$0,$0,$0,$0,$0,$0,$-0,$-0,$-1,$0,$-1,$-1,$-1,$-0,$-0,$0,0,$0.00,$0.00,$0,$0,$0,$0,$0,$1,$0,$0,$1,$1,$1,$1,$0,$1,$1,$0,$-5,$0,$0,$1,$-1,$0,$0,$0,$0,$0,$0,$0,$0,$-1,$-0,$0,$0,$0,$0,$0,$-0,$0,$0,$1,$0,$0,$0,$0,$0,$1,$0,$0,$0
32,2010-09-30,40.0,$0.00,0.0,$0.41,98.72,$-4.20,0.0,$-2.60,0.0,$0.00B,$0.00B,0.09,$0.00B,$0.00B,1.01,$0.00B,0,nan%,$0.00B,0,nan%,$0.00B,0,nan%,$0.00B,0,nan%,$0.00B,$-0.00B,inf%,$0.00B,$-0.00B,inf%,$-0.00B,$0.00B,-200.00%,$-0.00B,$0.00B,-200.00%,$-0.00B,$0.00B,-66.67%,$0.00B,$0.00B,0.00%,$0,$0,$0,$0,$0,$0,$-0,$0,$-0,$0,$-0,$-0,$-0,$-0,$-0,$0,0,$-0.70,$-0.70,$0,$0,$0,$0,$0,$1,$0,$0,$1,$2,$1,$0,$0,$0,$1,$0,$-4,$0,$0,$2,$-0,$0,$0,$0,$0,$0,$0,$0,$0,$-1,$-0,$0,$0,$0,$0,$0,$-0,$0,$0,$0,$0,$0,$0,$0,$0,$0,$0,$0,$0
33,2010-06-30,40.0,$0.00,0.0,$0.36,110.99,$-1.24,0.0,$-1.90,0.0,$0.00B,$0.00B,0.1,$0.00B,$0.00B,0.51,$0.00B,0,nan%,$0.00B,0,nan%,$0.00B,0,nan%,$0.00B,0,nan%,$0.00B,$-0.00B,inf%,$0.00B,$-0.00B,inf%,$-0.00B,$0.00B,-133.33%,$-0.00B,$0.00B,-133.33%,$-0.00B,$0.00B,-66.67%,$0.00B,$0.00B,0.00%,$0,$0,$0,$0,$0,$0,$-0,$0,$-0,$0,$-0,$-0,$-0,$-0,$-0,$0,0,$-0.60,$-0.60,$0,$0,$0,$0,$0,$2,$0,$0,$2,$2,$1,$0,$0,$0,$1,$0,$-4,$0,$1,$2,$0,$0,$0,$0,$0,$0,$0,$0,$0,$0,$0,$0,$0,$0,$0,$0,$0,$0,$0,$0,$0,$0,$0,$0,$0,$0,$0,$0,$0
34,2010-03-31,42.5,$0.00,0.0,$0.14,299.02,$-1.24,0.0,$-1.30,0.0,$0.00B,$0.00B,0.24,$0.00B,$0.00B,0.57,$0.00B,0,nan%,$0.00B,0,nan%,$0.00B,0,nan%,$0.00B,0,nan%,$0.00B,$-0.00B,inf%,$0.00B,$-0.00B,inf%,$-0.00B,$0.00B,-133.33%,$-0.00B,$0.00B,-133.33%,$-0.00B,$0.00B,-57.14%,$0.00B,$0.00B,0.00%,$0,$0,$0,$0,$0,$0,$-0,$-0,$-0,$0,$-0,$-0,$-0,$-0,$-0,$0,0,$-1.30,$-1.30,$0,$0,$0,$0,$0,$1,$0,$0,$1,$1,$1,$0,$0,$0,$1,$0,$-4,$0,$0,$1,$-0,$0,$0,$0,$0,$0,$0,$0,$0,$-0,$-0,$0,$0,$0,$0,$0,$0,$0,$0,$0,$0,$0,$0,$0,$0,$0,$0,$0,$0
35,2009-12-31,40.0,$0.00,0.0,0,0.0,0,0.0,0,0.0,$0.00B,$0.00B,0.09,$0.00B,$0.00B,0.0,$0.00B,0,nan%,$0.00B,0,nan%,$0.00B,0,nan%,$0.00B,0,nan%,$0.00B,$-0.00B,inf%,$0.00B,$-0.00B,inf%,$-0.00B,$0.00B,-100.00%,$-0.00B,$0.00B,-100.00%,$-0.00B,$0.00B,-50.00%,$0.00B,$0.00B,0.00%,$0,$0,$0,$0,$0,$0,$-0,$-1,$-1,$0,$-1,$-1,$-1,$-0,$-0,$0,0,$0.00,$0.00,$0,$0,$0,$0,$0,$1,$0,$0,$1,$1,$1,$0,$0,$0,$1,$0,$-4,$0,$1,$1,$-1,$0,$0,$0,$0,$0,$0,$0,$-0,$-1,$-0,$0,$0,$0,$0,$1,$0,$1,$0,$-0,$0,$0,$0,$0,$0,$-0,$-0,$0,$0
36,2009-09-30,39.9,$0.00,0.0,0,0.0,0,0.0,0,0.0,$0.00B,$0.00B,0.72,$0.00B,$0.00B,0.0,$0.00B,0,nan%,$0.00B,0,nan%,$0.00B,0,nan%,$0.00B,0,nan%,$0.00B,0,nan%,$0.00B,0,nan%,$0.00B,$0.00B,0.00%,$0.00B,$0.00B,0.00%,$0.00B,$0.00B,0.00%,$0.00B,$0.00B,0.00%,$0,$0,$0,$0,$0,$0,$-0,$-0,$-0,$0,$-0,$-0,$-0,$-0,$-0,$0,0,$0.00,$0.00,$0,$0,$0,$1,$0,$2,$0,$0,$2,$2,$1,$0,$0,$0,$1,$0,$-3,$0,$1,$2,$-0,$0,$0,$0,$0,$0,$0,$0,$-0,$-0,$-0,$0,$0,$0,$0,$1,$-0,$1,$0,$-0,$0,$0,$0,$0,$0,$-0,$0,$0,$0
37,2009-06-30,54.0,$0.00,0.0,0,0.0,0,0.0,0,0.0,$0.00B,$0.00B,0.92,$0.00B,$0.00B,0.0,$0.00B,0,nan%,$0.00B,0,nan%,$0.00B,0,nan%,$0.00B,0,nan%,$0.00B,0,nan%,$0.00B,0,nan%,$0.00B,$0.00B,0.00%,$0.00B,$0.00B,0.00%,$0.00B,$0.00B,0.00%,$0.00B,$0.00B,0.00%,$0,$0,$0,$0,$0,$0,$-0,$0,$0,$0,$0,$0,$0,$-0,$-0,$0,0,$0.00,$0.00,$1,$0,$0,$1,$0,$1,$0,$0,$2,$3,$1,$0,$0,$0,$1,$0,$-3,$0,$1,$3,$-0,$0,$0,$0,$0,$0,$0,$0,$-0,$-0,$-0,$0,$0,$0,$0,$1,$-0,$0,$0,$0,$0,$0,$0,$0,$0,$0,$0,$0,$0
38,2009-03-31,45.0,$0.00,0.0,0,0.0,0,0.0,0,0.0,$0.00B,$0.00B,0.03,$0.00B,$0.00B,0.0,$0.00B,0,nan%,$0.00B,0,nan%,$0.00B,0,nan%,$0.00B,0,nan%,$0.00B,0,nan%,$0.00B,0,nan%,$0.00B,$0.00B,0.00%,$0.00B,$0.00B,0.00%,$0.00B,$0.00B,0.00%,$0.00B,$0.00B,0.00%,$0,$0,$0,$0,$0,$0,$-0,$0,$-0,$0,$-0,$-0,$-0,$-0,$-0,$0,0,$0.00,$0.00,$0,$0,$0,$0,$0,$2,$0,$0,$2,$2,$1,$0,$0,$0,$1,$0,$-2,$0,$1,$2,$-0,$0,$0,$0,$0,$0,$0,$0,$-0,$-0,$-0,$0,$0,$0,$0,$0,$0,$0,$0,$0,$0,$0,$0,$0,$0,$0,$0,$0,$0
39,2008-12-31,57.5,$0.00,0.0,0,0.0,0,0.0,0,0.0,$0.00B,$0.00B,0.03,$0.00B,$0.00B,0.0,$0.00B,0,nan%,$0.00B,0,nan%,$0.00B,0,nan%,$0.00B,0,nan%,$0.00B,0,nan%,$0.00B,0,nan%,$0.00B,$0.00B,0.00%,$0.00B,$0.00B,0.00%,$0.00B,$0.00B,0.00%,$0.00B,$0.00B,0.00%,$0,$0,$0,$0,$0,$0,$-0,$-0,$-0,$0,$-0,$-0,$-0,$-0,$-0,$0,0,$0.00,$0.00,$0,$0,$0,$0,$0,$2,$0,$0,$2,$2,$1,$0,$0,$0,$1,$0,$-2,$0,$2,$2,$-1,$0,$0,$0,$0,$0,$0,$0,$0,$-1,$-0,$0,$0,$0,$0,$-0,$-0,$-0,$0,$0,$0,$0,$1,$0,$0,$1,$0,$0,$0
40,2008-09-30,70.0,$0.00,0.0,0,0.0,0,0.0,0,0.0,$0.00B,$0.00B,0.03,$0.00B,$0.00B,0.0,$0.00B,0,nan%,$0.00B,0,nan%,$0.00B,0,nan%,$0.00B,0,nan%,$0.00B,0,nan%,$0.00B,0,nan%,$0.00B,$0.00B,0.00%,$0.00B,$0.00B,0.00%,$0.00B,$0.00B,0.00%,$0.00B,$0.00B,0.00%,$0,$0,$0,$0,$0,$0,$-0,$0,$-0,$0,$-0,$-0,$-0,$-0,$-0,$0,0,$0.00,$0.00,$0,$0,$0,$0,$0,$2,$0,$0,$3,$3,$1,$0,$0,$0,$1,$0,$-2,$0,$2,$3,$-1,$0,$0,$0,$0,$0,$0,$0,$-0,$-1,$-0,$0,$0,$0,$0,$-0,$0,$-0,$0,$0,$0,$0,$1,$0,$0,$1,$0,$0,$0
41,2008-06-30,70.0,$0.00,0.0,0,0.0,0,0.0,0,0.0,$0.00B,$0.00B,0.42,$0.00B,$0.00B,0.0,$0.00B,0,nan%,$0.00B,0,nan%,$0.00B,0,nan%,$0.00B,0,nan%,$0.00B,0,nan%,$0.00B,0,nan%,$0.00B,$0.00B,0.00%,$0.00B,$0.00B,0.00%,$0.00B,$0.00B,0.00%,$0.00B,$0.00B,0.00%,$0,$0,$0,$0,$0,$0,$-0,$-0,$-0,$0,$-0,$-0,$-0,$-0,$-0,$0,0,$0.00,$0.00,$0,$0,$0,$0,$0,$3,$0,$0,$3,$4,$1,$0,$0,$0,$1,$0,$-1,$0,$3,$4,$-1,$0,$0,$0,$0,$0,$0,$0,$1,$-1,$-0,$0,$0,$0,$0,$0,$0,$-0,$0,$0,$0,$0,$1,$0,$0,$1,$0,$0,$0
42,2008-03-31,65.0,$0.00,0.0,0,0.0,0,0.0,0,0.0,$0.00B,$0.00B,0.1,$0.00B,$0.00B,0.0,$0.00B,0,nan%,$0.00B,0,nan%,$0.00B,0,nan%,$0.00B,0,nan%,$0.00B,0,nan%,$0.00B,0,nan%,$0.00B,$0.00B,0.00%,$0.00B,$0.00B,0.00%,$0.00B,$0.00B,0.00%,$0.00B,$0.00B,0.00%,$0,$0,$0,$0,$0,$0,$-0,$-0,$-0,$0,$-0,$-0,$-0,$-0,$-0,$0,0,$0.00,$0.00,$0,$0,$0,$0,$0,$4,$0,$0,$4,$4,$0,$0,$0,$0,$0,$0,$-1,$0,$4,$4,$-0,$0,$0,$0,$0,$0,$0,$0,$-0,$-0,$-0,$0,$0,$0,$0,$0,$0,$-0,$0,$0,$0,$0,$0,$0,$0,$0,$0,$0,$0
43,2007-12-31,52.0,$0.00,0.0,0,0.0,0,0.0,0,0.0,$0.00B,$0.00B,0.14,$0.00B,$0.00B,0.0,$0.00B,0,nan%,$0.00B,0,nan%,$0.00B,0,nan%,$0.00B,0,nan%,$0.00B,0,nan%,$0.00B,0,nan%,$0.00B,$0.00B,0.00%,$0.00B,$0.00B,0.00%,$0.00B,$0.00B,0.00%,$0.00B,$0.00B,0.00%,$0,$0,$0,$0,$0,$0,$-0,$0,$-0,$0,$-0,$-0,$-0,$-0,$-0,$0,0,$0.00,$0.00,$0,$0,$0,$0,$0,$4,$0,$0,$4,$4,$0,$0,$0,$0,$0,$0,$-1,$0,$3,$4,$0,$0,$0,$0,$0,$0,$0,$0,$-0,$-1,$-0,$0,$0,$0,$0,$0,$0,$0,$0,$-0,$0,$0,$0,$0,$0,$0,$-0,$0,$0
44,2007-09-30,99.0,$0.00,0.0,0,0.0,0,0.0,0,0.0,$0.00B,$0.00B,2.56,$0.00B,$0.01B,0.0,$0.00B,0,nan%,$0.00B,0,nan%,$0.00B,0,nan%,$0.00B,0,nan%,$0.00B,0,nan%,$0.00B,0,nan%,$0.00B,$0.01B,0.00%,$0.00B,$0.01B,0.00%,$0.00B,$0.01B,0.00%,$0.00B,$0.01B,0.00%,$0,$0,$0,$0,$0,$0,$0,$-0,$0,$0,$0,$0,$0,$0,$0,$0,0,$0.00,$0.00,$0,$0,$0,$0,$0,$5,$0,$0,$5,$5,$0,$0,$0,$0,$0,$0,$-1,$0,$5,$5,$2,$0,$0,$0,$0,$0,$0,$0,$-1,$-0,$-0,$0,$0,$0,$0,$0,$0,$0,$0,$-0,$0,$0,$0,$0,$0,$0,$0,$0,$0
