,Date,Stock Price,Book Value per Share,Price to Book Ratio,TTM Sales per Share,Price to Sales Ratio,TTM FCF per Share,Price to FCF Ratio,TTM Net EPS,PE Ratio,Current Assets,Current Liabilities,Current Ratio,Long Term Debt,Shareholder's Equity_x,Debt to Equity Ratio,TTM Revenue_x,TTM Gross Profit,Gross Margin,TTM Revenue_y,TTM Operating Income,Operating Margin,TTM Revenue_x,TTM EBIT,EBIT Margin,TTM Revenue_y,TTM EBITDA,EBITDA Margin,TTM Revenue_x,TTM Pre-Tax Income,Pre-Tax Margin,TTM Revenue_y,TTM Net Income_x,Net Margin,TTM Net Income_y,Shareholder's Equity_y,Return on Equity,TTM Net Income_x,Tangible Equity,Return on Tangible Equity,TTM Net Income_y,Total Assets,Return on Assets,TTM Net Income,LT Investments & Debt,Return on Investment,revenue,cost-goods-sold,gross-profit,research-development-expenses,selling-general-administrative-expenses,operating-expenses,operating-income,total-non-operating-income-expense,pre-tax-income,total-provision-income-taxes,income-after-taxes,income-from-continuous-operations,net-income,ebitda,ebit,basic-shares-outstanding,shares-outstanding,eps-basic-net-earnings-per-share,eps-earnings-per-share-diluted,cash-on-hand,inventory,other-current-assets,total-current-assets,net-property-plant-equipment,long-term-investments,goodwill-intangible-assets-total,other-long-term-assets,total-long-term-assets,total-assets,total-current-liabilities,long-term-debt,other-non-current-liabilities,total-long-term-liabilities,total-liabilities,common-stock-net,retained-earnings-accumulated-deficit,comprehensive-income,total-share-holder-equity,total-liabilities-share-holders-equity,net-income-loss,total-depreciation-amortization-cash-flow,other-non-cash-items,total-non-cash-items,change-in-accounts-receivable,change-in-inventories,change-in-accounts-payable,change-in-assets-liabilities,total-change-in-assets-liabilities,cash-flow-from-operating-activities,net-change-in-property-plant-equipment,net-change-in-intangible-assets,net-acquisitions-divestitures,net-change-in-short-term-investments,net-change-in-long-term-investments,net-change-in-investments-total,investing-activities-other,cash-flow-from-investing-activities,net-long-term-debt,net-current-debt,debt-issuance-retirement-net-total,net-common-equity-issued-repurchased,net-total-equity-issued-repurchased,total-common-preferred-stock-dividends-paid,financial-activities-other,cash-flow-from-financial-activities,net-cash-flow,stock-based-compensation,common-stock-dividends-paid
0,2018-09-30,31.05,$19.90,1.56,$7.86,3.95,$12.26,2.53,$1.76,17.64,$5.76B,$6.65B,0.87,$0.22B,$0.97B,0.23,$0.37B,$0.34B,89.81%,$0.37B,$0.13B,35.12%,$0.37B,0,0.00%,$0.37B,0,0.00%,$0.37B,$0.13B,35.12%,$0.37B,$0.09B,23.06%,$0.09B,$0.97B,9.04%,$0.09B,$0.67B,13.29%,$0.09B,$7.89B,1.10%,$0.13B,$1.19B,11.15%,$95,$12,$83,$0,$45,$59,$36,$0,$36,$9,$27,$27,$27,$0,$0,$49,49,$0.55,$0.55,$161,$0,$0,$5764,$119,$1497,$302,$191,$2125,$7889,$6651,$220,$46,$266,$6917,$0,$-88,$-13,$972,$7889,$74,$10,$9,$19,$62,$0,$2,$-12,$55,$147,$-10,$0,$0,$0,$-195,$-195,$-100,$-305,$-26,$-49,$-74,$0,$0,$-29,$69,$-34,$-193,$3,$-29
1,2018-06-30,31.52,$19.62,1.61,$7.76,4.06,$13.17,2.39,$1.62,19.46,$5.77B,$6.55B,0.88,$0.23B,$0.96B,0.24,$0.36B,$0.33B,91.14%,$0.36B,$0.12B,34.07%,$0.36B,0,0.00%,$0.36B,0,0.00%,$0.36B,$0.12B,34.07%,$0.36B,$0.08B,21.61%,$0.08B,$0.96B,8.50%,$0.08B,$0.65B,12.45%,$0.08B,$7.78B,1.03%,$0.12B,$1.18B,10.77%,$93,$10,$83,$0,$48,$60,$34,$0,$34,$9,$25,$25,$25,$0,$0,$49,49,$0.51,$0.51,$231,$0,$0,$5767,$120,$1385,$303,$184,$2009,$7776,$6554,$225,$39,$264,$6818,$0,$-105,$-11,$957,$7776,$47,$7,$7,$14,$61,$0,$2,$-13,$51,$112,$-9,$0,$0,$0,$-75,$-75,$-35,$-119,$0,$-134,$-134,$0,$0,$-19,$38,$-116,$-123,$2,$-19
2,2018-03-31,29.34,$19.34,1.52,$7.57,3.88,$14.42,2.04,$1.54,19.05,$5.88B,$6.57B,0.9,$0.23B,$0.94B,0.24,$0.33B,$0.31B,92.22%,$0.33B,$0.11B,34.13%,$0.33B,0,0.00%,$0.33B,0,0.00%,$0.33B,$0.11B,34.13%,$0.33B,$0.07B,20.66%,$0.07B,$0.94B,8.30%,$0.07B,$0.64B,11.76%,$0.07B,$7.78B,0.98%,$0.11B,$1.17B,10.73%,$91,$9,$82,$0,$51,$61,$30,$0,$30,$8,$22,$22,$22,$0,$0,$49,49,$0.45,$0.45,$368,$0,$0,$5875,$119,$1286,$305,$177,$1903,$7779,$6566,$225,$45,$270,$6837,$0,$-119,$-10,$942,$7779,$22,$3,$5,$8,$66,$0,$2,$-8,$64,$93,$-5,$0,$0,$0,$29,$29,$-10,$15,$0,$-289,$-289,$0,$0,$-10,$205,$-94,$14,$1,$-10
3,2017-12-31,29.38,$19.21,1.53,$7.39,3.97,$17.37,1.69,$1.48,19.85,$5.91B,$6.65B,0.89,$0.23B,$0.94B,0.24,$0.31B,$0.29B,93.51%,$0.31B,$0.11B,35.06%,$0.31B,0,0.00%,$0.31B,0,0.00%,$0.31B,$0.11B,35.06%,$0.31B,$0.06B,20.13%,$0.06B,$0.94B,8.31%,$0.06B,$0.63B,11.31%,$0.06B,$7.86B,0.96%,$0.11B,$1.16B,11.26%,$94,$8,$87,$0,$54,$64,$31,$0,$31,$18,$12,$12,$12,$0,$0,$43,43,$0.23,$0.22,$353,$0,$0,$5914,$117,$1322,$308,$183,$1947,$7861,$6651,$225,$50,$275,$6926,$0,$-132,$-3,$935,$7861,$63,$8,$20,$29,$160,$0,$0,$1,$162,$253,$-13,$0,$27,$0,$-144,$-144,$-164,$-294,$89,$59,$148,$1,$1,$-31,$110,$227,$187,$3,$-31
4,2017-09-30,30.6,$18.37,1.67,$7.08,4.32,$11.02,2.78,$1.53,20.0,$5.39B,$5.81B,0.93,$0.23B,$0.84B,0.27,$0.28B,$0.27B,94.31%,$0.28B,$0.10B,33.81%,$0.28B,0,0.00%,$0.28B,0,0.00%,$0.28B,$0.10B,33.81%,$0.28B,$0.06B,21.71%,$0.06B,$0.84B,9.22%,$0.06B,$0.59B,11.97%,$0.06B,$6.91B,1.05%,$0.10B,$1.06B,11.11%,$83,$7,$77,$0,$47,$55,$28,$0,$28,$10,$19,$19,$19,$0,$0,$45,46,$0.41,$0.41,$214,$0,$0,$5389,$101,$990,$248,$163,$1525,$6914,$5805,$225,$47,$273,$6078,$0,$-136,$0,$836,$6914,$50,$8,$-0,$7,$112,$0,$2,$7,$122,$179,$-11,$0,$30,$0,$-14,$-14,$-94,$-89,$59,$58,$116,$0,$0,$-22,$-137,$-43,$48,$2,$-22
5,2017-06-30,28.43,$16.03,1.77,$7.02,4.05,$6.36,4.47,$1.52,18.7,$4.33B,$4.62B,0.94,$0.25B,$0.61B,0.41,$0.27B,$0.25B,95.11%,$0.27B,$0.09B,34.21%,$0.27B,0,0.00%,$0.27B,0,0.00%,$0.27B,$0.09B,34.21%,$0.27B,$0.06B,21.43%,$0.06B,$0.61B,9.48%,$0.06B,$0.49B,11.86%,$0.06B,$5.53B,1.04%,$0.09B,$0.86B,11.72%,$66,$4,$62,$0,$36,$41,$25,$0,$25,$9,$16,$16,$16,$0,$0,$38,39,$0.43,$0.43,$294,$0,$0,$4334,$79,$855,$119,$126,$1198,$5531,$4623,$249,$46,$295,$4918,$0,$-146,$0,$613,$5531,$32,$6,$3,$9,$82,$0,$0,$12,$95,$135,$-5,$0,$0,$0,$-42,$-42,$-29,$-76,$98,$-36,$63,$0,$0,$-14,$19,$68,$127,$1,$-14
6,2017-03-31,28.33,$15.75,1.8,$6.99,4.05,$1.27,22.33,$1.44,19.67,$4.36B,$4.65B,0.94,$0.15B,$0.60B,0.25,$0.26B,$0.25B,95.75%,$0.26B,$0.09B,32.82%,$0.26B,0,0.00%,$0.26B,0,0.00%,$0.26B,$0.09B,32.82%,$0.26B,$0.05B,20.46%,$0.05B,$0.60B,8.91%,$0.05B,$0.48B,11.19%,$0.05B,$5.44B,0.97%,$0.09B,$0.75B,11.39%,$65,$3,$62,$0,$37,$41,$24,$0,$24,$9,$15,$15,$15,$0,$0,$38,39,$0.40,$0.39,$440,$0,$0,$4360,$78,$744,$120,$117,$1078,$5439,$4649,$151,$37,$188,$4837,$0,$-156,$-0,$602,$5439,$15,$3,$1,$4,$154,$0,$-0,$7,$168,$187,$-2,$0,$0,$0,$69,$69,$17,$84,$0,$-101,$-101,$0,$0,$-7,$110,$2,$273,$1,$-7
7,2016-12-31,29.48,$15.54,1.9,$6.92,4.26,$-3.29,0.0,$1.41,20.91,$4.25B,$4.64B,0.92,$0.15B,$0.59B,0.25,$0.24B,$0.23B,96.25%,$0.24B,$0.08B,32.08%,$0.24B,0,0.00%,$0.24B,0,0.00%,$0.24B,$0.08B,32.08%,$0.24B,$0.05B,20.00%,$0.05B,$0.59B,8.88%,$0.05B,$0.47B,10.89%,$0.05B,$5.43B,0.94%,$0.08B,$0.75B,11.20%,$67,$3,$64,$0,$45,$49,$18,$0,$18,$6,$11,$11,$11,$0,$0,$35,35,$0.31,$0.29,$167,$0,$0,$4254,$78,$808,$121,$144,$1171,$5425,$4638,$151,$42,$192,$4831,$0,$-164,$0,$594,$5425,$50,$12,$9,$21,$-83,$0,$0,$-8,$-91,$-21,$-7,$0,$26,$0,$127,$127,$3,$150,$0,$-116,$-116,$-0,$-0,$-23,$-143,$-281,$-153,$2,$-23
8,2016-09-30,21.49,$15.60,1.38,$6.67,3.22,$-0.54,0.0,$1.47,14.62,$4.39B,$4.80B,0.92,$0.15B,$0.60B,0.25,$0.22B,$0.21B,96.82%,$0.22B,$0.08B,34.55%,$0.22B,0,0.00%,$0.22B,0,0.00%,$0.22B,$0.08B,34.55%,$0.22B,$0.05B,21.82%,$0.05B,$0.60B,9.90%,$0.05B,$0.47B,11.78%,$0.05B,$5.59B,1.01%,$0.08B,$0.75B,12.10%,$68,$3,$65,$0,$40,$44,$24,$0,$24,$8,$15,$15,$15,$0,$0,$38,39,$0.40,$0.40,$361,$0,$0,$4387,$80,$825,$122,$157,$1205,$5592,$4796,$151,$50,$201,$4996,$0,$-169,$7,$596,$5592,$38,$10,$2,$12,$-86,$0,$-0,$6,$-82,$-32,$-6,$0,$26,$0,$105,$105,$66,$191,$0,$79,$79,$-0,$-0,$-16,$-180,$-117,$42,$1,$-16
9,2016-06-30,20.19,$15.41,1.31,$6.47,3.12,$1.66,12.18,$1.43,14.12,$4.28B,$4.72B,0.91,$0.15B,$0.59B,0.26,$0.20B,$0.19B,96.97%,$0.20B,$0.07B,34.34%,$0.20B,0,0.00%,$0.20B,0,0.00%,$0.20B,$0.07B,34.34%,$0.20B,$0.04B,21.72%,$0.04B,$0.59B,9.62%,$0.04B,$0.47B,10.98%,$0.04B,$5.51B,1.00%,$0.07B,$0.74B,11.75%,$59,$3,$57,$0,$36,$40,$19,$0,$19,$7,$12,$12,$12,$0,$0,$35,35,$0.35,$0.35,$267,$0,$0,$4281,$81,$852,$123,$150,$1229,$5510,$4724,$151,$47,$198,$4922,$0,$-177,$8,$588,$5510,$23,$7,$-3,$4,$-88,$0,$-0,$5,$-84,$-58,$-4,$0,$26,$0,$88,$88,$78,$188,$-5,$-35,$-40,$-0,$-0,$-10,$-132,$-182,$-52,$1,$-10
10,2016-03-31,19.17,$13.35,1.44,$6.36,3.02,$3.89,4.93,$1.41,13.6,$2.86B,$3.35B,0.86,$0.14B,$0.38B,0.35,$0.19B,$0.18B,96.76%,$0.19B,$0.07B,35.14%,$0.19B,0,0.00%,$0.19B,0,0.00%,$0.19B,$0.07B,35.14%,$0.19B,$0.04B,22.16%,$0.04B,$0.38B,9.98%,$0.04B,$0.35B,10.87%,$0.04B,$3.89B,1.05%,$0.07B,$0.52B,12.25%,$46,$2,$45,$0,$28,$30,$16,$0,$16,$6,$10,$10,$10,$0,$0,$29,29,$0.36,$0.36,$321,$0,$0,$2861,$63,$828,$32,$89,$1029,$3891,$3348,$135,$24,$159,$3507,$0,$-185,$6,$383,$3891,$10,$4,$2,$6,$-4,$0,$-0,$-4,$-9,$7,$-1,$0,$0,$0,$63,$63,$52,$114,$0,$-7,$-7,$0,$0,$-5,$-107,$-119,$2,$0,$-5
11,2015-12-31,19.14,$13.01,1.47,$6.27,3.05,$3.79,5.06,$1.32,14.5,$2.91B,$3.46B,0.84,$0.14B,$0.37B,0.36,$0.18B,$0.18B,96.72%,$0.18B,$0.06B,33.33%,$0.18B,0,0.00%,$0.18B,0,0.00%,$0.18B,$0.06B,33.33%,$0.18B,$0.04B,21.31%,$0.04B,$0.37B,9.18%,$0.04B,$0.34B,9.99%,$0.04B,$4.00B,0.99%,$0.06B,$0.51B,11.35%,$47,$2,$46,$0,$29,$31,$17,$0,$17,$6,$11,$11,$11,$0,$0,$29,29,$0.36,$0.37,$319,$0,$0,$2909,$63,$885,$33,$88,$1090,$3999,$3462,$135,$29,$164,$3626,$0,$-190,$2,$373,$3999,$39,$16,$6,$22,$3,$0,$0,$-3,$0,$62,$-4,$0,$12,$0,$-25,$-25,$-117,$-134,$0,$4,$4,$-6,$-79,$-19,$146,$53,$-20,$1,$-19
12,2015-09-30,18.28,$15.48,1.18,$6.10,3.0,$4.02,4.55,$1.20,15.23,$2.71B,$3.29B,0.82,$0.11B,$0.37B,0.28,$0.18B,$0.17B,96.63%,$0.18B,$0.06B,31.46%,$0.18B,0,0.00%,$0.18B,0,0.00%,$0.18B,$0.06B,31.46%,$0.18B,$0.04B,19.66%,$0.04B,$0.44B,7.95%,$0.04B,$0.41B,8.60%,$0.04B,$3.86B,0.91%,$0.06B,$0.55B,10.27%,$46,$2,$44,$0,$27,$30,$16,$0,$16,$5,$11,$11,$10,$0,$0,$29,29,$0.36,$0.36,$175,$0,$0,$2709,$64,$953,$34,$85,$1155,$3864,$3287,$105,$27,$132,$3419,$0,$-196,$7,$444,$3864,$28,$12,$-0,$12,$-4,$0,$-0,$-2,$-2,$39,$-3,$0,$12,$0,$-84,$-84,$-54,$-129,$0,$-22,$-22,$-6,$-6,$-14,$-32,$-74,$-164,$1,$-14
13,2015-06-30,18.0,$15.28,1.18,$5.97,3.02,$4.28,4.21,$1.14,15.79,$2.76B,$3.31B,0.83,$0.11B,$0.37B,0.28,$0.17B,$0.17B,96.55%,$0.17B,$0.05B,31.03%,$0.17B,0,0.00%,$0.17B,0,0.00%,$0.17B,$0.05B,31.03%,$0.17B,$0.03B,19.54%,$0.03B,$0.44B,7.78%,$0.03B,$0.41B,8.40%,$0.03B,$3.89B,0.91%,$0.05B,$0.55B,10.06%,$46,$2,$44,$0,$28,$30,$16,$0,$16,$6,$10,$10,$10,$0,$0,$29,29,$0.34,$0.33,$289,$0,$0,$2756,$65,$924,$35,$84,$1129,$3885,$3310,$105,$28,$133,$3443,$0,$-202,$5,$443,$3885,$18,$9,$0,$9,$-12,$0,$-0,$-2,$-10,$16,$-2,$0,$12,$0,$-56,$-56,$21,$-26,$0,$-25,$-25,$0,$0,$-9,$-7,$-41,$-50,$1,$-9
14,2015-03-31,18.19,$15.19,1.2,$5.84,3.11,$4.50,4.05,$1.08,16.84,$2.87B,$3.37B,0.85,$0.11B,$0.37B,0.29,$0.17B,$0.16B,96.47%,$0.17B,$0.05B,29.41%,$0.17B,0,0.00%,$0.17B,0,0.00%,$0.17B,$0.05B,29.41%,$0.17B,$0.03B,18.82%,$0.03B,$0.44B,7.39%,$0.03B,$0.40B,7.95%,$0.03B,$3.94B,0.87%,$0.05B,$0.55B,9.61%,$44,$2,$43,$0,$30,$33,$12,$0,$12,$4,$8,$8,$8,$0,$0,$29,29,$0.26,$0.26,$429,$0,$0,$2866,$65,$867,$35,$84,$1071,$3937,$3368,$105,$25,$130,$3497,$0,$-207,$8,$440,$3937,$8,$5,$1,$6,$-7,$0,$-0,$-4,$-10,$4,$-1,$0,$12,$0,$8,$8,$45,$64,$0,$-15,$-15,$0,$0,$-5,$41,$21,$89,$0,$-5
15,2014-12-31,17.55,$14.98,1.17,$5.74,3.06,$4.95,3.54,$1.08,16.25,$2.71B,$3.10B,0.87,$0.11B,$0.36B,0.29,$0.17B,$0.16B,96.41%,$0.17B,$0.05B,29.94%,$0.17B,0,0.00%,$0.17B,0,0.00%,$0.17B,$0.05B,29.94%,$0.17B,$0.03B,19.16%,$0.03B,$0.43B,7.48%,$0.03B,$0.41B,8.02%,$0.03B,$3.67B,0.90%,$0.05B,$0.54B,9.95%,$42,$2,$41,$0,$28,$30,$12,$0,$12,$5,$8,$8,$7,$0,$0,$29,29,$0.26,$0.25,$339,$0,$0,$2708,$64,$761,$27,$83,$958,$3666,$3100,$105,$27,$132,$3232,$0,$-210,$6,$434,$3666,$33,$16,$15,$31,$3,$0,$0,$1,$4,$68,$-4,$0,$0,$0,$76,$76,$-124,$-51,$50,$27,$77,$0,$0,$-17,$32,$91,$108,$1,$-17
16,2014-09-30,14.89,$14.86,1.0,$5.71,2.61,$6.13,2.43,$1.05,14.18,$2.51B,$2.98B,0.84,$0.09B,$0.36B,0.24,$0.17B,$0.16B,96.39%,$0.17B,$0.05B,28.92%,$0.17B,0,0.00%,$0.17B,0,0.00%,$0.17B,$0.05B,28.92%,$0.17B,$0.03B,18.67%,$0.03B,$0.43B,7.33%,$0.03B,$0.40B,7.87%,$0.03B,$3.52B,0.88%,$0.05B,$0.52B,9.89%,$42,$2,$40,$0,$26,$28,$14,$0,$14,$5,$9,$9,$9,$0,$0,$29,29,$0.31,$0.31,$180,$0,$0,$2513,$64,$805,$28,$88,$1008,$3521,$2983,$85,$23,$108,$3091,$0,$-213,$6,$430,$3521,$25,$12,$15,$27,$2,$0,$-0,$-7,$-6,$46,$-3,$0,$0,$0,$33,$33,$-87,$-56,$30,$-15,$15,$0,$0,$-13,$-44,$-42,$-52,$1,$-13
17,2014-06-30,15.39,$14.75,1.04,$5.76,2.67,$7.32,2.1,$0.99,15.55,$2.46B,$3.00B,0.82,$0.06B,$0.35B,0.16,$0.17B,$0.16B,96.41%,$0.17B,$0.05B,27.54%,$0.17B,0,0.00%,$0.17B,0,0.00%,$0.17B,$0.05B,27.54%,$0.17B,$0.03B,17.37%,$0.03B,$0.43B,6.92%,$0.03B,$0.40B,7.45%,$0.03B,$3.51B,0.82%,$0.05B,$0.48B,9.70%,$42,$2,$40,$0,$27,$29,$12,$0,$12,$4,$8,$8,$8,$0,$0,$29,29,$0.27,$0.27,$182,$0,$0,$2459,$65,$842,$29,$87,$1049,$3507,$3002,$55,$24,$79,$3081,$0,$-218,$7,$427,$3507,$16,$8,$10,$18,$-6,$0,$0,$-4,$-12,$22,$-2,$0,$0,$0,$2,$2,$-24,$-24,$0,$-32,$-32,$0,$0,$-8,$-8,$-48,$-50,$0,$-8
18,2014-03-31,15.23,$14.53,1.05,$5.82,2.62,$7.95,1.92,$0.96,15.87,$2.47B,$3.04B,0.81,$0.06B,$0.35B,0.16,$0.17B,$0.16B,96.43%,$0.17B,$0.05B,26.79%,$0.17B,0,0.00%,$0.17B,0,0.00%,$0.17B,$0.05B,26.79%,$0.17B,$0.03B,16.67%,$0.03B,$0.42B,6.75%,$0.03B,$0.39B,7.29%,$0.03B,$3.54B,0.79%,$0.05B,$0.48B,9.58%,$41,$2,$40,$0,$27,$29,$12,$0,$12,$4,$8,$8,$8,$0,$0,$29,29,$0.27,$0.27,$289,$0,$0,$2474,$65,$855,$30,$87,$1068,$3542,$3044,$55,$22,$77,$3122,$0,$-222,$5,$420,$3542,$8,$4,$4,$8,$7,$0,$0,$-6,$1,$17,$-1,$0,$0,$0,$-13,$-13,$55,$41,$0,$-55,$-55,$0,$0,$-4,$58,$-1,$57,$0,$-4
19,2013-12-31,15.13,$14.36,1.05,$5.91,2.56,$8.19,1.85,$0.87,17.39,$2.48B,$3.04B,0.82,$0.06B,$0.34B,0.16,$0.17B,$0.16B,95.32%,$0.17B,$0.04B,25.15%,$0.17B,0,0.00%,$0.17B,0,0.00%,$0.17B,$0.04B,25.15%,$0.17B,$0.03B,15.20%,$0.03B,$0.42B,6.29%,$0.03B,$0.39B,6.81%,$0.03B,$3.54B,0.73%,$0.04B,$0.47B,9.15%,$41,$2,$40,$0,$29,$31,$10,$0,$10,$4,$7,$7,$6,$0,$0,$29,29,$0.21,$0.20,$232,$0,$0,$2479,$66,$842,$30,$86,$1060,$3540,$3041,$55,$28,$83,$3124,$0,$-226,$4,$415,$3540,$29,$17,$18,$35,$26,$0,$0,$8,$34,$98,$0,$0,$0,$0,$136,$136,$-255,$-119,$-7,$33,$26,$0,$0,$-14,$-111,$-99,$-120,$1,$-14
20,2013-09-30,13.49,$14.33,0.94,$6.09,2.22,$6.20,2.18,$0.81,16.65,$2.40B,$3.04B,0.79,$0.06B,$0.34B,0.16,$0.18B,$0.17B,94.32%,$0.18B,$0.04B,22.73%,$0.18B,0,0.00%,$0.18B,0,0.00%,$0.18B,$0.04B,22.73%,$0.18B,$0.02B,13.64%,$0.02B,$0.41B,5.83%,$0.02B,$0.38B,6.33%,$0.02B,$3.53B,0.67%,$0.04B,$0.47B,8.51%,$43,$2,$41,$0,$29,$31,$12,$0,$12,$4,$8,$8,$7,$0,$0,$29,29,$0.24,$0.24,$199,$0,$0,$2401,$67,$908,$31,$87,$1131,$3532,$3036,$55,$26,$81,$3118,$0,$-228,$6,$414,$3532,$22,$13,$12,$26,$23,$0,$-0,$7,$29,$77,$1,$0,$0,$0,$74,$74,$-205,$-130,$-7,$17,$10,$0,$0,$-10,$-101,$-100,$-153,$1,$-10
21,2013-06-30,11.56,$14.19,0.81,$6.15,1.88,$4.79,2.41,$0.72,16.05,$2.36B,$3.02B,0.78,$0.06B,$0.34B,0.16,$0.18B,$0.17B,93.26%,$0.18B,$0.04B,19.66%,$0.18B,0,0.00%,$0.18B,0,0.00%,$0.18B,$0.04B,19.66%,$0.18B,$0.02B,11.80%,$0.02B,$0.41B,5.09%,$0.02B,$0.38B,5.54%,$0.02B,$3.51B,0.59%,$0.04B,$0.47B,7.40%,$43,$2,$41,$0,$29,$32,$11,$0,$11,$4,$7,$7,$7,$0,$0,$29,29,$0.24,$0.24,$251,$0,$0,$2362,$69,$922,$32,$87,$1150,$3511,$3019,$55,$27,$82,$3101,$0,$-232,$6,$410,$3511,$14,$9,$9,$18,$-1,$0,$-0,$7,$7,$39,$-1,$0,$0,$0,$62,$62,$-88,$-27,$-7,$9,$2,$0,$0,$-5,$-109,$-112,$-100,$0,$-5
22,2013-03-31,11.63,$14.32,0.81,$6.22,1.87,$3.97,2.93,$0.63,18.45,$2.46B,$3.15B,0.78,$0.06B,$0.34B,0.18,$0.18B,$0.17B,92.22%,$0.18B,$0.03B,17.22%,$0.18B,0,0.00%,$0.18B,0,0.00%,$0.18B,$0.03B,17.22%,$0.18B,$0.02B,10.00%,$0.02B,$0.41B,4.35%,$0.02B,$0.38B,4.74%,$0.02B,$3.65B,0.50%,$0.03B,$0.48B,6.49%,$44,$3,$41,$0,$31,$34,$10,$0,$10,$3,$6,$6,$6,$0,$0,$29,29,$0.18,$0.18,$448,$0,$0,$2461,$70,$953,$33,$95,$1188,$3648,$3148,$61,$26,$87,$3235,$0,$-235,$13,$414,$3648,$6,$5,$5,$9,$9,$0,$-0,$-1,$8,$24,$-0,$0,$0,$0,$45,$45,$2,$46,$-1,$-8,$-9,$0,$0,$-1,$37,$27,$96,$0,$-1
23,2012-12-31,11.83,$14.15,0.84,$6.36,1.86,$3.26,3.63,$0.69,17.14,$2.38B,$3.12B,0.76,$0.06B,$0.34B,0.18,$0.18B,$0.17B,91.85%,$0.18B,$0.03B,17.39%,$0.18B,0,0.00%,$0.18B,0,0.00%,$0.18B,$0.03B,17.39%,$0.18B,$0.02B,10.33%,$0.02B,$0.41B,4.59%,$0.02B,$0.38B,5.02%,$0.02B,$3.62B,0.53%,$0.03B,$0.47B,6.66%,$46,$3,$43,$0,$35,$39,$7,$0,$7,$3,$5,$5,$4,$0,$0,$29,29,$0.12,$0.12,$351,$0,$0,$2376,$71,$1001,$33,$96,$1242,$3618,$3119,$62,$28,$90,$3209,$0,$-240,$14,$409,$3618,$22,$18,$25,$44,$-25,$0,$0,$8,$-17,$49,$-9,$0,$0,$0,$-177,$-177,$-19,$-204,$-12,$11,$-1,$0,$0,$-24,$217,$192,$36,$1,$-24
24,2012-09-30,12.11,$14.45,0.84,$6.39,1.9,$5.87,2.06,$0.69,17.55,$2.31B,$3.02B,0.77,$0.06B,$0.35B,0.18,$0.18B,$0.17B,90.76%,$0.18B,$0.03B,17.93%,$0.18B,0,0.00%,$0.18B,0,0.00%,$0.18B,$0.03B,17.93%,$0.18B,$0.02B,10.87%,$0.02B,$0.42B,4.84%,$0.02B,$0.38B,5.29%,$0.02B,$3.53B,0.57%,$0.03B,$0.48B,6.82%,$45,$3,$41,$0,$33,$37,$7,$0,$7,$2,$5,$5,$4,$0,$0,$29,29,$0.15,$0.15,$328,$0,$0,$2314,$72,$964,$34,$106,$1215,$3530,$3024,$62,$26,$88,$3112,$0,$-234,$16,$417,$3530,$17,$14,$20,$34,$-9,$0,$-1,$1,$-8,$43,$-7,$0,$0,$0,$-134,$-134,$3,$-138,$-12,$4,$-8,$0,$0,$-13,$129,$108,$13,$1,$-13
25,2012-06-30,11.87,$14.37,0.83,$6.49,1.83,$7.08,1.68,$0.78,15.21,$2.29B,$3.01B,0.76,$0.07B,$0.34B,0.2,$0.19B,$0.17B,89.84%,$0.19B,$0.04B,20.32%,$0.19B,0,0.00%,$0.19B,0,0.00%,$0.19B,$0.04B,20.32%,$0.19B,$0.02B,12.30%,$0.02B,$0.42B,5.60%,$0.02B,$0.38B,6.13%,$0.02B,$3.53B,0.66%,$0.04B,$0.48B,7.85%,$45,$4,$41,$0,$33,$38,$7,$0,$7,$2,$5,$5,$4,$0,$0,$29,29,$0.15,$0.15,$320,$0,$0,$2291,$70,$981,$35,$105,$1233,$3525,$3014,$69,$26,$96,$3110,$0,$-234,$14,$415,$3525,$13,$9,$15,$24,$-20,$0,$-0,$1,$-18,$18,$-3,$0,$0,$0,$-151,$-151,$33,$-122,$-5,$-9,$-14,$0,$0,$-9,$132,$109,$5,$0,$-9
26,2012-03-31,12.03,$14.29,0.84,$6.58,1.83,$8.89,1.35,$0.84,14.32,$2.34B,$3.03B,0.77,$0.07B,$0.34B,0.22,$0.19B,$0.17B,88.95%,$0.19B,$0.04B,22.11%,$0.19B,0,0.00%,$0.19B,0,0.00%,$0.19B,$0.04B,22.11%,$0.19B,$0.03B,13.16%,$0.03B,$0.41B,6.03%,$0.03B,$0.38B,6.62%,$0.03B,$3.54B,0.72%,$0.04B,$0.49B,8.58%,$48,$4,$44,$0,$31,$37,$11,$0,$11,$4,$8,$8,$7,$0,$0,$29,29,$0.24,$0.24,$385,$0,$0,$2337,$69,$941,$36,$109,$1200,$3537,$3025,$74,$25,$99,$3124,$0,$-235,$13,$413,$3537,$8,$4,$9,$13,$-14,$0,$-0,$-3,$-17,$4,$-1,$0,$0,$0,$-111,$-111,$49,$-63,$0,$17,$17,$0,$0,$-4,$117,$129,$70,$0,$-4
27,2011-12-31,12.11,$14.17,0.85,$6.78,1.79,$10.68,1.13,$0.87,13.92,$2.31B,$2.89B,0.8,$0.07B,$0.34B,0.22,$0.19B,$0.17B,88.02%,$0.19B,$0.04B,22.92%,$0.19B,0,0.00%,$0.19B,0,0.00%,$0.19B,$0.04B,22.92%,$0.19B,$0.03B,13.02%,$0.03B,$0.41B,5.99%,$0.03B,$0.37B,6.58%,$0.03B,$3.40B,0.73%,$0.04B,$0.48B,8.86%,$46,$5,$41,$0,$32,$38,$8,$0,$8,$3,$6,$6,$5,$0,$0,$28,28,$0.15,$0.15,$315,$0,$0,$2308,$69,$832,$37,$108,$1094,$3402,$2891,$74,$27,$102,$2993,$0,$-238,$13,$409,$3402,$30,$16,$33,$48,$34,$0,$0,$3,$38,$116,$-2,$0,$0,$0,$-234,$-234,$249,$13,$-23,$-11,$-34,$0,$-27,$-18,$-153,$-233,$-104,$0,$-18
28,2011-09-30,10.45,$14.11,0.74,$7.61,1.37,$10.55,0.99,$0.99,10.56,$2.33B,$2.89B,0.81,$0.08B,$0.34B,0.22,$0.20B,$0.18B,87.50%,$0.20B,$0.05B,23.50%,$0.20B,0,0.00%,$0.20B,0,0.00%,$0.20B,$0.05B,23.50%,$0.20B,$0.03B,13.00%,$0.03B,$0.41B,6.18%,$0.03B,$0.37B,6.82%,$0.03B,$3.39B,0.74%,$0.05B,$0.48B,9.30%,$48,$5,$42,$0,$30,$36,$12,$0,$12,$4,$8,$8,$7,$0,$0,$29,29,$0.24,$0.24,$289,$0,$0,$2325,$70,$795,$38,$115,$1068,$3393,$2886,$75,$24,$99,$2985,$0,$-239,$13,$407,$3393,$24,$11,$26,$38,$13,$0,$-2,$-1,$11,$72,$-1,$0,$0,$0,$-193,$-193,$227,$32,$-23,$-9,$-32,$0,$-27,$-14,$-160,$-234,$-130,$0,$-14
29,2011-06-30,12.61,$14.88,0.85,$8.37,1.51,$9.71,1.3,$0.96,13.14,$2.46B,$2.94B,0.84,$0.08B,$0.33B,0.23,$0.21B,$0.18B,86.34%,$0.21B,$0.04B,20.98%,$0.21B,0,0.00%,$0.21B,0,0.00%,$0.21B,$0.04B,20.98%,$0.21B,$0.02B,11.71%,$0.02B,$0.43B,5.96%,$0.02B,$0.39B,6.62%,$0.02B,$3.47B,0.68%,$0.04B,$0.51B,8.67%,$48,$6,$42,$0,$29,$36,$11,$0,$11,$4,$7,$7,$6,$0,$0,$29,29,$0.21,$0.21,$357,$0,$0,$2456,$71,$743,$38,$107,$1015,$3471,$2941,$75,$26,$100,$3041,$0,$-242,$11,$430,$3471,$17,$7,$17,$25,$25,$0,$-1,$2,$26,$68,$-1,$0,$0,$0,$-142,$-142,$161,$18,$-23,$-12,$-36,$0,$0,$-10,$-103,$-148,$-62,$0,$-10
30,2011-03-31,12.02,$14.68,0.82,$9.18,1.31,$8.76,1.37,$0.96,12.52,$2.57B,$2.98B,0.86,$0.09B,$0.32B,0.28,$0.21B,$0.18B,84.83%,$0.21B,$0.04B,18.96%,$0.21B,0,0.00%,$0.21B,0,0.00%,$0.21B,$0.04B,18.96%,$0.21B,$0.02B,10.43%,$0.02B,$0.42B,5.81%,$0.02B,$0.39B,6.51%,$0.02B,$3.52B,0.61%,$0.04B,$0.52B,8.32%,$50,$7,$44,$0,$30,$37,$13,$0,$13,$4,$9,$9,$7,$0,$0,$27,27,$0.27,$0.27,$412,$0,$0,$2570,$73,$665,$39,$110,$948,$3518,$2975,$91,$28,$119,$3094,$0,$-245,$8,$424,$3518,$9,$4,$8,$12,$29,$0,$-1,$1,$31,$52,$-1,$0,$0,$0,$-68,$-68,$102,$34,$-7,$-18,$-25,$0,$0,$-5,$-62,$-92,$-7,$0,$-5
31,2010-12-31,11.02,$15.94,0.69,$9.90,1.11,$7.87,1.4,$0.81,13.61,$2.71B,$3.06B,0.89,$0.10B,$0.29B,0.34,$0.22B,$0.18B,82.57%,$0.22B,$0.03B,14.68%,$0.22B,0,0.00%,$0.22B,0,0.00%,$0.22B,$0.03B,14.68%,$0.22B,$0.02B,8.26%,$0.02B,$0.42B,5.07%,$0.02B,$0.38B,5.76%,$0.02B,$3.61B,0.50%,$0.03B,$0.52B,6.86%,$54,$8,$47,$0,$35,$43,$11,$0,$11,$4,$7,$7,$6,$0,$0,$22,22,$0.27,$0.27,$419,$0,$0,$2712,$73,$599,$40,$116,$893,$3605,$3055,$98,$31,$129,$3184,$0,$-249,$9,$421,$3605,$23,$15,$42,$57,$-21,$0,$0,$28,$7,$88,$-2,$0,$0,$0,$-33,$-33,$387,$352,$-39,$-3,$-42,$52,$84,$-16,$-255,$-228,$212,$-0,$-16
32,2010-09-30,10.58,$15.20,0.7,$11.75,0.9,$7.42,1.43,$-0.93,0.0,$2.66B,$3.06B,0.87,$0.11B,$0.24B,0.45,$0.22B,$0.18B,79.91%,$0.22B,$-0.02B,-9.82%,$0.22B,0,0.00%,$0.22B,0,0.00%,$0.22B,$-0.02B,-9.38%,$0.22B,$-0.02B,-7.59%,$-0.02B,$0.34B,-5.12%,$-0.02B,$0.30B,-5.89%,$-0.02B,$3.53B,-0.46%,$-0.02B,$0.44B,-4.86%,$53,$9,$44,$0,$36,$45,$8,$0,$8,$2,$6,$6,$5,$0,$0,$22,22,$0.21,$0.21,$222,$0,$0,$2657,$74,$552,$41,$151,$876,$3533,$3059,$108,$30,$138,$3197,$0,$-253,$13,$337,$3533,$16,$11,$38,$49,$-22,$0,$-4,$-1,$-27,$38,$-2,$0,$0,$0,$22,$22,$253,$274,$-30,$-8,$-37,$0,$0,$-12,$-247,$-296,$15,$0,$-12
33,2010-06-30,10.45,$15.05,0.69,$14.46,0.72,$8.99,1.16,$-24.92,0.0,$2.81B,$3.22B,0.87,$0.11B,$0.23B,0.48,$0.23B,$0.18B,77.59%,$0.23B,$-0.36B,-156.47%,$0.23B,0,0.00%,$0.23B,0,0.00%,$0.23B,$-0.36B,-156.03%,$0.23B,$-0.31B,-131.90%,$-0.31B,$0.33B,-93.22%,$-0.31B,$0.29B,-107.56%,$-0.31B,$3.70B,-8.06%,$-0.36B,$0.45B,-77.77%,$54,$11,$44,$0,$34,$46,$8,$0,$8,$3,$6,$6,$4,$0,$0,$22,22,$0.21,$0.21,$279,$0,$0,$2806,$75,$563,$42,$152,$893,$3699,$3220,$113,$33,$146,$3366,$0,$-255,$12,$333,$3699,$10,$8,$26,$33,$-12,$0,$-2,$2,$-12,$31,$-1,$0,$0,$0,$10,$10,$157,$166,$-24,$-3,$-27,$0,$0,$-8,$-91,$-125,$72,$0,$-8
34,2010-03-31,10.12,$14.85,0.68,$17.45,0.58,$8.29,1.22,$-26.84,0.0,$2.83B,$3.21B,0.88,$0.13B,$0.23B,0.56,$0.24B,$0.18B,74.90%,$0.24B,$-0.40B,-165.84%,$0.24B,0,0.00%,$0.24B,0,0.00%,$0.24B,$-0.40B,-165.43%,$0.24B,$-0.33B,-135.80%,$-0.33B,$0.33B,-87.48%,$-0.33B,$0.29B,-117.75%,$-0.33B,$3.70B,-8.37%,$-0.40B,$0.46B,-75.68%,$57,$12,$45,$0,$39,$52,$5,$0,$5,$1,$4,$4,$3,$0,$0,$22,22,$0.12,$0.12,$219,$0,$0,$2831,$76,$530,$43,$157,$872,$3702,$3212,$128,$33,$161,$3374,$0,$-257,$9,$329,$3702,$4,$4,$13,$17,$0,$0,$-2,$1,$1,$22,$-0,$0,$0,$0,$39,$39,$65,$103,$-9,$-9,$-18,$0,$0,$-4,$-92,$-114,$12,$0,$-4
35,2009-12-31,8.8,$14.82,0.59,$20.27,0.43,$4.28,2.06,$-26.51,0.0,$2.90B,$3.31B,0.88,$0.14B,$0.23B,0.6,$0.25B,$0.18B,72.40%,$0.25B,$-0.40B,-160.00%,$0.25B,0,0.00%,$0.25B,0,0.00%,$0.25B,$-0.40B,-159.60%,$0.25B,$-0.33B,-130.80%,$-0.33B,$0.33B,-75.52%,$-0.33B,$0.28B,-115.55%,$-0.33B,$3.82B,-7.91%,$-0.40B,$0.47B,-66.33%,$60,$14,$46,$0,$88,$103,$-43,$0,$-42,$-14,$-28,$-28,$-29,$0,$0,$14,14,$1.47,$1.47,$207,$0,$0,$2900,$78,$570,$44,$157,$915,$3815,$3313,$137,$36,$173,$3487,$0,$-257,$9,$328,$3815,$-323,$226,$204,$430,$-15,$0,$0,$-40,$-55,$51,$-4,$0,$0,$0,$59,$59,$224,$279,$-52,$-124,$-176,$117,$217,$-19,$-336,$-313,$17,$-0,$-19
36,2009-09-30,10.54,$17.15,0.61,$21.40,0.49,$6.94,1.52,$-28.28,0.0,$3.07B,$3.44B,0.89,$0.18B,$0.22B,0.78,$0.26B,$0.18B,69.41%,$0.26B,$-0.44B,-173.33%,$0.26B,0,0.00%,$0.26B,0,0.00%,$0.26B,$-0.44B,-174.12%,$0.26B,$-0.36B,-140.78%,$-0.36B,$0.32B,-77.25%,$-0.36B,$0.28B,-137.28%,$-0.36B,$3.97B,-8.36%,$-0.44B,$0.50B,-68.24%,$61,$16,$45,$0,$169,$394,$-333,$0,$-333,$-51,$-282,$-282,$-284,$0,$0,$12,12,$-23.76,$-23.76,$183,$0,$0,$3067,$80,$601,$45,$180,$907,$3974,$3442,$175,$34,$209,$3651,$0,$-226,$11,$323,$3974,$-296,$221,$188,$409,$-15,$0,$-5,$-1,$-72,$41,$-3,$0,$0,$0,$49,$49,$88,$134,$-14,$-107,$-121,$78,$178,$-15,$-224,$-182,$-7,$0,$-15
37,2009-06-30,16.27,$44.31,0.37,$22.21,0.73,$8.17,1.99,$-3.75,0.0,$3.16B,$3.53B,0.9,$0.18B,$0.43B,0.42,$0.27B,$0.18B,67.55%,$0.27B,$-0.10B,-36.60%,$0.27B,0,0.00%,$0.27B,0,0.00%,$0.27B,$-0.10B,-37.36%,$0.27B,$-0.07B,-24.91%,$-0.07B,$0.53B,-12.88%,$-0.07B,$0.27B,-26.29%,$-0.07B,$4.28B,-1.50%,$-0.10B,$0.71B,-13.88%,$65,$19,$46,$0,$77,$97,$-32,$0,$-32,$-13,$-19,$-19,$-20,$0,$0,$12,12,$-1.71,$-1.71,$91,$0,$0,$3164,$80,$649,$255,$129,$1112,$4277,$3528,$180,$39,$219,$3748,$0,$61,$9,$529,$4277,$-13,$8,$61,$69,$-30,$0,$-1,$-2,$-46,$10,$-2,$0,$0,$0,$0,$0,$57,$55,$-9,$-82,$-91,$0,$100,$-11,$-163,$-164,$-99,$0,$-11
38,2009-03-31,17.02,$46.21,0.37,$22.47,0.76,$9.86,1.73,$-1.65,0.0,$3.31B,$3.69B,0.9,$0.19B,$0.45B,0.41,$0.27B,$0.18B,66.42%,$0.27B,$-0.06B,-22.01%,$0.27B,0,0.00%,$0.27B,0,0.00%,$0.27B,$-0.06B,-22.76%,$0.27B,$-0.04B,-15.30%,$-0.04B,$0.55B,-8.06%,$-0.04B,$0.30B,-16.99%,$-0.04B,$4.47B,-0.94%,$-0.06B,$0.74B,-8.41%,$64,$21,$44,$0,$35,$57,$8,$0,$8,$2,$6,$6,$6,$0,$0,$12,12,$0.45,$0.45,$138,$0,$0,$3311,$81,$708,$256,$114,$1159,$4470,$3692,$188,$39,$227,$3919,$0,$84,$10,$552,$4470,$6,$4,$12,$16,$-54,$0,$0,$-2,$-56,$-35,$-1,$0,$0,$0,$-55,$-55,$29,$-27,$-2,$-64,$-66,$0,$100,$-7,$-16,$10,$-52,$0,$-7
39,2008-12-31,39.31,$38.02,1.03,$23.11,1.7,$13.71,2.87,$-1.26,0.0,$3.35B,$3.77B,0.89,$0.19B,$0.46B,0.42,$0.28B,$0.18B,64.62%,$0.28B,$-0.05B,-18.77%,$0.28B,0,0.00%,$0.28B,0,0.00%,$0.28B,$-0.05B,-19.49%,$0.28B,$-0.04B,-13.36%,$-0.04B,$0.46B,-7.38%,$-0.04B,$0.20B,-16.23%,$-0.04B,$4.46B,-0.85%,$-0.05B,$0.64B,-7.50%,$65,$23,$42,$0,$103,$150,$-85,$0,$-87,$-25,$-61,$-61,$-61,$0,$0,$12,12,$-5.16,$-5.16,$190,$0,$0,$3349,$82,$654,$257,$118,$1111,$4460,$3773,$189,$43,$233,$4005,$0,$86,$10,$455,$4460,$-38,$37,$74,$111,$8,$0,$0,$1,$9,$81,$-9,$0,$0,$0,$-36,$-35,$-269,$-313,$-16,$52,$36,$-10,$-10,$-29,$299,$297,$65,$0,$-29
40,2008-09-30,39.06,$43.08,0.91,$26.04,1.5,$10.00,3.91,$2.34,16.69,$3.27B,$3.60B,0.91,$0.19B,$0.51B,0.37,$0.29B,$0.18B,63.45%,$0.29B,$0.04B,13.10%,$0.29B,0,0.00%,$0.29B,0,0.00%,$0.29B,$0.04B,13.10%,$0.29B,$0.03B,9.66%,$0.03B,$0.51B,5.38%,$0.03B,$0.24B,11.63%,$0.03B,$4.34B,0.66%,$0.04B,$0.70B,5.30%,$71,$23,$47,$0,$34,$59,$12,$0,$12,$3,$9,$9,$9,$0,$0,$12,12,$0.75,$0.75,$93,$0,$0,$3274,$82,$620,$278,$85,$1065,$4339,$3598,$190,$38,$228,$3825,$0,$154,$1,$514,$4339,$23,$8,$19,$27,$5,$0,$-2,$-0,$9,$60,$-7,$0,$0,$0,$-14,$-13,$-200,$-221,$-16,$86,$70,$-10,$-10,$-22,$91,$129,$-32,$0,$-22
41,2008-06-30,27.78,$42.93,0.65,$26.93,1.03,$7.61,3.65,$2.67,10.4,$3.24B,$3.51B,0.92,$0.21B,$0.51B,0.4,$0.29B,$0.18B,61.86%,$0.29B,$0.04B,14.78%,$0.29B,0,0.00%,$0.29B,0,0.00%,$0.29B,$0.04B,14.78%,$0.29B,$0.03B,10.65%,$0.03B,$0.51B,5.89%,$0.03B,$0.24B,12.51%,$0.03B,$4.27B,0.73%,$0.04B,$0.72B,5.95%,$68,$23,$45,$0,$38,$62,$6,$0,$6,$1,$5,$5,$5,$0,$0,$12,12,$0.39,$0.39,$125,$0,$0,$3243,$82,$581,$279,$81,$1023,$4265,$3509,$207,$36,$243,$3752,$0,$153,$2,$514,$4265,$15,$5,$11,$17,$-2,$0,$-1,$2,$3,$34,$-6,$0,$0,$0,$27,$28,$-121,$-99,$1,$121,$122,$-10,$-10,$-14,$-33,$64,$-1,$0,$-14
42,2008-03-31,43.95,$43.73,1.01,$27.85,1.58,$6.48,6.78,$3.39,12.96,$3.21B,$3.51B,0.92,$0.18B,$0.52B,0.35,$0.27B,$0.16B,59.78%,$0.27B,$0.05B,18.08%,$0.27B,0,0.00%,$0.27B,0,0.00%,$0.27B,$0.05B,18.08%,$0.27B,$0.03B,12.55%,$0.03B,$0.52B,7.63%,$0.03B,$0.24B,15.28%,$0.03B,$4.25B,0.89%,$0.05B,$0.71B,7.66%,$73,$27,$45,$0,$29,$58,$15,$0,$15,$5,$10,$10,$10,$0,$0,$12,12,$0.84,$0.84,$123,$0,$0,$3212,$81,$601,$280,$78,$1040,$4252,$3507,$183,$39,$222,$3729,$0,$155,$7,$523,$4252,$10,$3,$1,$4,$-6,$0,$-1,$0,$-1,$13,$-3,$0,$0,$0,$15,$16,$-75,$-62,$-23,$45,$22,$-9,$-9,$-7,$41,$47,$-2,$0,$-7
43,2007-12-31,40.87,$43.64,0.94,$28.26,1.45,$7.64,5.35,$3.63,11.26,$3.14B,$3.42B,0.92,$0.21B,$0.53B,0.39,$0.24B,$0.14B,58.61%,$0.24B,$0.05B,18.44%,$0.24B,0,0.00%,$0.24B,0,0.00%,$0.24B,$0.05B,18.44%,$0.24B,$0.03B,13.11%,$0.03B,$0.53B,8.84%,$0.03B,$0.25B,16.47%,$0.03B,$4.19B,0.95%,$0.05B,$0.74B,8.02%,$78,$31,$47,$0,$40,$73,$5,$0,$5,$0,$4,$4,$4,$0,$0,$9,9,$0.09,$0.12,$126,$0,$0,$3136,$80,$610,$280,$85,$1057,$4193,$3421,$206,$36,$242,$3663,$0,$157,$4,$530,$4193,$31,$7,$9,$16,$-6,$0,$0,$-5,$-11,$37,$-14,$0,$-27,$39,$100,$139,$-99,$-2,$-21,$37,$16,$-11,$-11,$-19,$41,$27,$62,$1,$-19
44,2007-09-30,44.69,$44.14,1.01,$26.61,1.68,$8.55,5.22,$4.29,10.42,$3.15B,$3.53B,0.89,$0.19B,$0.54B,0.36,$0.21B,$0.12B,57.94%,$0.21B,$0.05B,23.83%,$0.21B,0,0.00%,$0.21B,0,0.00%,$0.21B,$0.05B,23.83%,$0.21B,$0.04B,16.36%,$0.04B,$0.54B,12.69%,$0.04B,$0.26B,21.37%,$0.04B,$4.29B,1.19%,$0.05B,$0.73B,10.71%,$72,$29,$43,$0,$25,$55,$17,$0,$17,$5,$12,$12,$12,$0,$0,$10,11,$1.11,$1.08,$151,$0,$0,$3154,$70,$698,$275,$92,$1134,$4288,$3526,$191,$33,$224,$3750,$0,$159,$5,$538,$4288,$27,$3,$0,$4,$3,$0,$0,$-6,$-2,$29,$-7,$0,$53,$-4,$20,$16,$-74,$-12,$-21,$-31,$-52,$-7,$-7,$-13,$99,$28,$45,$1,$-13
45,2007-06-30,40.41,$26.80,1.51,$26.11,1.55,$9.25,4.37,$4.29,9.42,$2.03B,$2.10B,0.97,$0.20B,$0.19B,1.02,$0.19B,$0.11B,57.75%,$0.19B,$0.05B,24.60%,$0.19B,0,0.00%,$0.19B,0,0.00%,$0.19B,$0.05B,24.60%,$0.19B,$0.03B,16.58%,$0.03B,$0.19B,16.64%,$0.03B,$0.13B,24.22%,$0.03B,$2.50B,1.25%,$0.05B,$0.39B,11.71%,$48,$21,$27,$0,$15,$36,$12,$0,$12,$4,$8,$8,$8,$0,$0,$7,7,$1.11,$1.11,$70,$0,$0,$2029,$41,$323,$58,$49,$471,$2500,$2096,$195,$17,$212,$2308,$0,$152,$5,$192,$2500,$16,$2,$-1,$1,$-6,$0,$-1,$1,$-6,$11,$-2,$0,$0,$-14,$43,$29,$-21,$5,$-17,$-27,$-44,$0,$0,$-9,$29,$-24,$-7,$0,$-9
46,2007-03-31,42.94,$26.23,1.64,$25.43,1.69,$9.42,4.56,$4.17,10.3,$2.04B,$2.10B,0.97,$0.20B,$0.19B,1.09,$0.18B,$0.11B,58.79%,$0.18B,$0.05B,24.73%,$0.18B,0,0.00%,$0.18B,0,0.00%,$0.18B,$0.05B,24.73%,$0.18B,$0.03B,16.48%,$0.03B,$0.19B,16.51%,$0.03B,$0.13B,24.34%,$0.03B,$2.51B,1.23%,$0.05B,$0.39B,11.38%,$46,$20,$26,$0,$15,$35,$11,$0,$11,$3,$8,$8,$8,$0,$0,$7,7,$1.08,$1.08,$107,$0,$0,$2036,$40,$328,$58,$48,$475,$2511,$2099,$204,$20,$224,$2323,$0,$148,$5,$188,$2511,$8,$1,$-0,$0,$4,$0,$-1,$-0,$7,$15,$-1,$0,$0,$-58,$37,$-20,$-0,$-21,$-8,$-23,$-31,$0,$0,$-5,$28,$-8,$-14,$0,$-5
47,2006-12-31,45.74,$25.91,1.77,$24.47,1.87,$8.86,5.16,$4.05,11.29,$2.00B,$2.10B,0.95,$0.21B,$0.19B,1.14,$0.18B,$0.11B,60.57%,$0.18B,$0.04B,25.14%,$0.18B,0,0.00%,$0.18B,0,0.00%,$0.18B,$0.04B,25.14%,$0.18B,$0.03B,16.57%,$0.03B,$0.19B,16.32%,$0.03B,$0.13B,24.37%,$0.03B,$2.51B,1.22%,$0.04B,$0.40B,11.20%,$48,$20,$28,$0,$17,$37,$11,$0,$11,$3,$7,$7,$7,$0,$0,$7,7,$1.02,$1.02,$63,$0,$0,$1997,$41,$366,$58,$48,$513,$2510,$2095,$212,$18,$230,$2324,$0,$145,$5,$185,$2510,$29,$6,$-3,$3,$-5,$0,$0,$4,$-1,$31,$-7,$0,$0,$2,$-33,$-31,$-205,$-242,$-6,$30,$23,$-1,$-1,$-14,$205,$214,$2,$1,$-14
