,Date,Stock Price,Book Value per Share,Price to Book Ratio,TTM Sales per Share,Price to Sales Ratio,TTM FCF per Share,Price to FCF Ratio,TTM Net EPS,PE Ratio,Current Assets,Current Liabilities,Current Ratio,Long Term Debt,Shareholder's Equity_x,Debt to Equity Ratio,TTM Revenue_x,TTM Gross Profit,Gross Margin,TTM Revenue_y,TTM Operating Income,Operating Margin,TTM Revenue_x,TTM EBIT,EBIT Margin,TTM Revenue_y,TTM EBITDA,EBITDA Margin,TTM Revenue_x,TTM Pre-Tax Income,Pre-Tax Margin,TTM Revenue_y,TTM Net Income_x,Net Margin,TTM Net Income_y,Shareholder's Equity_y,Return on Equity,TTM Net Income_x,Tangible Equity,Return on Tangible Equity,TTM Net Income_y,Total Assets,Return on Assets,TTM Net Income,LT Investments & Debt,Return on Investment,revenue,cost-goods-sold,gross-profit,research-development-expenses,selling-general-administrative-expenses,operating-expenses,operating-income,total-non-operating-income-expense,pre-tax-income,total-provision-income-taxes,income-after-taxes,income-from-continuous-operations,net-income,ebitda,ebit,basic-shares-outstanding,shares-outstanding,eps-basic-net-earnings-per-share,eps-earnings-per-share-diluted,cash-on-hand,inventory,other-current-assets,total-current-assets,net-property-plant-equipment,long-term-investments,goodwill-intangible-assets-total,other-long-term-assets,total-long-term-assets,total-assets,total-current-liabilities,long-term-debt,other-non-current-liabilities,total-long-term-liabilities,total-liabilities,common-stock-net,retained-earnings-accumulated-deficit,comprehensive-income,total-share-holder-equity,total-liabilities-share-holders-equity,net-income-loss,total-depreciation-amortization-cash-flow,other-non-cash-items,total-non-cash-items,change-in-accounts-receivable,change-in-inventories,change-in-accounts-payable,change-in-assets-liabilities,total-change-in-assets-liabilities,cash-flow-from-operating-activities,net-change-in-property-plant-equipment,net-change-in-intangible-assets,net-acquisitions-divestitures,net-change-in-short-term-investments,net-change-in-long-term-investments,net-change-in-investments-total,investing-activities-other,cash-flow-from-investing-activities,net-long-term-debt,net-current-debt,debt-issuance-retirement-net-total,net-common-equity-issued-repurchased,net-total-equity-issued-repurchased,total-common-preferred-stock-dividends-paid,financial-activities-other,cash-flow-from-financial-activities,net-cash-flow,stock-based-compensation,common-stock-dividends-paid
0,2018-09-30,42.78,$20.02,2.14,$50.15,0.85,$3.34,12.82,$2.65,16.14,$3.49B,$2.10B,1.66,$2.09B,$4.17B,0.5,$10.54B,$2.26B,21.40%,$10.54B,$1.14B,10.79%,$10.54B,$1.14B,10.79%,$10.54B,$1.57B,14.89%,$10.54B,$1.14B,10.77%,$10.54B,$0.56B,5.26%,$0.56B,$4.17B,13.82%,$0.56B,$1.86B,33.19%,$0.56B,$9.72B,5.65%,$1.14B,$6.26B,18.59%,$2479,$1963,$516,$0,$231,$2201,$278,$5,$283,$67,$216,$216,$204,$386,$278,$207,209,$0.98,$0.98,$362,$810,$65,$3491,$2828,$610,$2307,$481,$6226,$9716,$2100,$2086,$1092,$3447,$5546,$3,$5127,$-609,$4170,$9716,$737,$326,$14,$340,$-111,$-80,$0,$-75,$-521,$556,$-389,$0,$0,$0,$-4,$-4,$0,$-393,$5,$-30,$-25,$-150,$-150,$-106,$-43,$-323,$-184,$38,$-106
1,2018-06-30,43.16,$19.41,2.22,$49.72,0.87,$3.65,11.82,$2.55,16.93,$3.54B,$2.24B,1.59,$2.10B,$4.05B,0.52,$10.48B,$2.26B,21.58%,$10.48B,$1.14B,10.83%,$10.48B,$1.14B,10.83%,$10.48B,$1.56B,14.91%,$10.48B,$1.13B,10.75%,$10.48B,$0.54B,5.11%,$0.54B,$4.05B,13.56%,$0.54B,$1.73B,33.76%,$0.54B,$9.78B,5.44%,$1.14B,$6.16B,18.73%,$2694,$2115,$579,$0,$236,$2381,$313,$2,$315,$30,$284,$284,$272,$422,$313,$209,210,$1.30,$1.30,$362,$800,$66,$3544,$2826,$611,$2320,$477,$6234,$9777,$2236,$2103,$1100,$3487,$5723,$3,$4959,$-568,$4054,$9777,$521,$218,$-9,$210,$-159,$-62,$0,$-46,$-426,$305,$-264,$0,$0,$0,$-3,$-3,$0,$-267,$5,$1,$6,$-111,$-111,$-71,$-40,$-216,$-183,$22,$-71
2,2018-03-31,50.06,$19.11,2.62,$48.19,1.04,$4.14,12.08,$2.25,22.25,$3.70B,$2.44B,1.52,$2.13B,$4.02B,0.53,$10.18B,$2.20B,21.58%,$10.18B,$1.12B,11.01%,$10.18B,$1.12B,11.01%,$10.18B,$1.54B,15.12%,$10.18B,$1.11B,10.90%,$10.18B,$0.48B,4.68%,$0.48B,$4.02B,12.32%,$0.48B,$1.64B,31.12%,$0.48B,$10.04B,4.89%,$1.12B,$6.15B,18.78%,$2784,$2193,$592,$0,$253,$2451,$334,$-2,$332,$95,$237,$237,$225,$443,$334,$209,211,$1.07,$1.07,$410,$800,$70,$3698,$2924,$582,$2376,$456,$6337,$10035,$2437,$2132,$1151,$3582,$6019,$3,$4722,$-430,$4016,$10035,$237,$109,$19,$128,$-187,$-28,$0,$-10,$-330,$35,$-160,$0,$0,$0,$-1,$-1,$0,$-161,$2,$117,$120,$-55,$-55,$-36,$-32,$-4,$-136,$15,$-36
3,2017-12-31,50.74,$18.15,2.8,$46.32,1.1,$4.41,11.52,$2.07,24.51,$3.54B,$2.43B,1.46,$2.10B,$3.83B,0.55,$9.80B,$2.12B,21.63%,$9.80B,$1.08B,11.00%,$9.80B,$1.08B,11.00%,$9.80B,$1.49B,15.15%,$9.80B,$1.06B,10.85%,$9.80B,$0.44B,4.49%,$0.44B,$3.83B,11.80%,$0.44B,$1.45B,30.37%,$0.44B,$9.79B,4.63%,$1.08B,$5.93B,18.56%,$2586,$2017,$569,$0,$239,$2374,$213,$-7,$206,$338,$-132,$-132,$-146,$319,$213,$210,212,$-0.69,$-0.69,$545,$766,$67,$3543,$2864,$547,$2375,$459,$6244,$9788,$2425,$2104,$1131,$3537,$5962,$3,$4531,$-490,$3826,$9788,$483,$408,$434,$842,$-168,$-85,$0,$-82,$-145,$1180,$-560,$0,$-186,$0,$-3,$-3,$-4,$-752,$-16,$-88,$-105,$-100,$-100,$-124,$-34,$-363,$102,$53,$-124
4,2017-09-30,50.72,$18.57,2.73,$44.58,1.14,$3.96,12.81,$1.38,36.75,$3.40B,$2.38B,1.43,$2.09B,$3.92B,0.53,$9.47B,$2.05B,21.66%,$9.47B,$1.16B,12.24%,$9.47B,$1.16B,12.24%,$9.47B,$1.56B,16.47%,$9.47B,$1.15B,12.09%,$9.47B,$0.77B,8.12%,$0.77B,$3.92B,21.38%,$0.77B,$1.53B,56.13%,$0.77B,$9.82B,8.31%,$1.16B,$6.01B,20.47%,$2416,$1895,$522,$0,$225,$2142,$275,$-1,$274,$79,$195,$195,$185,$380,$275,$210,211,$0.88,$0.88,$414,$773,$0,$3401,$2754,$560,$2392,$710,$6415,$9816,$2381,$2092,$1125,$3519,$5900,$3,$4713,$-546,$3916,$9816,$615,$302,$55,$357,$-232,$-71,$0,$-77,$-348,$624,$-388,$0,$-181,$0,$-2,$-2,$0,$-571,$-15,$125,$110,$-100,$-100,$-89,$-28,$-106,$-29,$36,$-89
5,2017-06-30,41.81,$17.49,2.39,$43.49,0.96,$3.99,10.48,$0.89,46.98,$3.19B,$2.11B,1.52,$2.08B,$3.69B,0.56,$9.27B,$2.00B,21.59%,$9.27B,$1.03B,11.15%,$9.27B,$1.03B,11.15%,$9.27B,$1.43B,15.42%,$9.27B,$1.01B,10.93%,$9.27B,$0.67B,7.20%,$0.67B,$3.69B,18.70%,$0.67B,$1.50B,48.32%,$0.67B,$9.29B,7.37%,$1.03B,$5.77B,18.37%,$2390,$1877,$513,$0,$215,$2092,$298,$-1,$297,$76,$221,$221,$212,$398,$298,$211,211,$1.01,$1.00,$387,$701,$0,$3193,$2664,$529,$2189,$714,$6095,$9289,$2106,$2078,$1122,$3491,$5597,$3,$4557,$-606,$3692,$9289,$421,$197,$53,$250,$-174,$-31,$0,$-45,$-271,$399,$-253,$0,$0,$0,$-2,$-2,$0,$-255,$-13,$-32,$-45,$-85,$-85,$-59,$-26,$-214,$-57,$24,$-59
6,2017-03-31,41.11,$16.40,2.51,$42.94,0.96,$3.91,10.5,$0.65,63.25,$3.11B,$2.15B,1.44,$2.04B,$3.48B,0.59,$9.21B,$1.99B,21.56%,$9.21B,$1.01B,10.91%,$9.21B,$1.01B,10.91%,$9.21B,$1.40B,15.19%,$9.21B,$0.98B,10.60%,$9.21B,$0.62B,6.72%,$0.62B,$3.48B,17.28%,$0.62B,$1.32B,45.17%,$0.62B,$9.08B,6.89%,$1.01B,$5.52B,17.77%,$2407,$1891,$516,$0,$219,$2116,$292,$-6,$286,$86,$200,$200,$189,$389,$292,$212,212,$0.89,$0.89,$358,$657,$0,$3107,$2553,$530,$2164,$730,$5976,$9084,$2151,$2040,$1121,$3453,$5604,$3,$4375,$-674,$3480,$9084,$200,$97,$24,$122,$-215,$-6,$0,$-7,$-261,$60,$-131,$0,$0,$0,$-2,$-2,$0,$-133,$-6,$74,$68,$-31,$-31,$-30,$-23,$-16,$-85,$13,$-30
7,2016-12-31,38.67,$15.56,2.49,$42.00,0.92,$3.93,9.83,$0.51,75.82,$2.91B,$2.09B,1.39,$2.04B,$3.30B,0.62,$9.07B,$1.93B,21.31%,$9.07B,$0.98B,10.77%,$9.07B,$0.98B,10.77%,$9.07B,$1.37B,15.09%,$9.07B,$0.94B,10.41%,$9.07B,$0.59B,6.55%,$0.59B,$3.30B,16.26%,$0.59B,$1.14B,42.32%,$0.59B,$8.84B,6.64%,$0.98B,$5.35B,16.99%,$2259,$1758,$501,$0,$217,$1965,$294,$-7,$288,$93,$195,$195,$183,$394,$294,$214,215,$0.88,$0.86,$444,$641,$0,$2912,$2502,$502,$2166,$753,$5923,$8835,$2092,$2044,$1103,$3441,$5533,$3,$4215,$-722,$3302,$8835,$637,$391,$124,$515,$-138,$-37,$0,$-63,$-116,$1036,$-501,$0,$86,$0,$0,$0,$11,$-404,$-189,$-129,$-318,$-288,$-288,$-113,$-14,$-734,$-134,$44,$-113
8,2016-09-30,34.35,$17.80,1.93,$40.92,0.84,$2.74,12.56,$2.46,13.96,$3.29B,$2.45B,1.35,$2.09B,$3.79B,0.55,$8.94B,$1.88B,21.03%,$8.94B,$0.83B,9.31%,$8.94B,$0.83B,9.31%,$8.94B,$1.21B,13.52%,$8.94B,$0.80B,8.96%,$8.94B,$0.50B,5.64%,$0.50B,$3.79B,13.49%,$0.50B,$1.57B,34.71%,$0.50B,$9.01B,5.64%,$0.83B,$5.88B,14.23%,$2214,$1743,$471,$0,$210,$2064,$150,$-8,$142,$49,$93,$93,$83,$248,$150,$213,214,$0.39,$0.39,$519,$687,$172,$3289,$2519,$513,$2225,$462,$5718,$9007,$2445,$2090,$388,$2772,$5217,$3,$4538,$-571,$3791,$9007,$442,$291,$124,$415,$-176,$-46,$0,$5,$-264,$593,$-348,$0,$5,$0,$0,$0,$0,$-342,$-12,$52,$40,$-250,$-250,$-84,$-16,$-310,$-59,$27,$-84
9,2016-06-30,28.72,$17.53,1.64,$38.90,0.74,$1.82,15.82,$2.77,10.37,$3.21B,$2.40B,1.34,$2.12B,$3.76B,0.56,$8.61B,$1.81B,20.99%,$8.61B,$0.92B,10.68%,$8.61B,$0.92B,10.68%,$8.61B,$1.28B,14.82%,$8.61B,$0.89B,10.37%,$8.61B,$0.58B,6.72%,$0.58B,$3.76B,15.48%,$0.58B,$1.46B,33.77%,$0.58B,$8.99B,6.71%,$0.92B,$5.88B,15.96%,$2329,$1833,$497,$0,$202,$2060,$269,$-10,$260,$84,$175,$175,$164,$368,$269,$216,217,$0.76,$0.76,$495,$745,$0,$3207,$2503,$509,$2292,$478,$5782,$8989,$2400,$2120,$411,$2833,$5233,$3,$4482,$-594,$3756,$8989,$349,$193,$29,$223,$-123,$-14,$0,$-16,$-209,$362,$-229,$0,$0,$0,$0,$0,$0,$-229,$-9,$65,$56,$-184,$-184,$-56,$-27,$-211,$-83,$20,$-56
10,2016-03-31,37.21,$17.28,2.15,$37.11,1.0,$1.35,27.54,$2.66,13.99,$3.18B,$2.31B,1.38,$2.13B,$3.76B,0.57,$8.31B,$1.74B,20.92%,$8.31B,$0.89B,10.75%,$8.31B,$0.89B,10.75%,$8.31B,$1.23B,14.81%,$8.31B,$0.87B,10.47%,$8.31B,$0.56B,6.76%,$0.56B,$3.76B,15.05%,$0.56B,$1.45B,28.28%,$0.56B,$8.94B,6.77%,$0.89B,$5.89B,15.78%,$2269,$1804,$464,$0,$188,$2004,$264,$-11,$254,$80,$173,$173,$164,$359,$264,$217,218,$0.75,$0.75,$392,$756,$0,$3182,$2499,$488,$2313,$459,$5758,$8941,$2310,$2132,$424,$2869,$5180,$3,$4346,$-541,$3761,$8941,$173,$94,$18,$112,$-156,$-18,$0,$-8,$-251,$34,$-103,$0,$0,$0,$0,$0,$0,$-103,$-9,$20,$11,$-80,$-80,$-28,$-28,$-125,$-185,$10,$-28
11,2015-12-31,41.73,$16.56,2.52,$35.45,1.18,$1.19,34.95,$2.70,15.46,$3.14B,$2.36B,1.33,$2.11B,$3.63B,0.58,$8.02B,$1.70B,21.23%,$8.02B,$0.89B,11.08%,$8.02B,$0.89B,11.08%,$8.02B,$1.21B,15.06%,$8.02B,$0.88B,10.92%,$8.02B,$0.58B,7.19%,$0.58B,$3.63B,15.66%,$0.58B,$1.33B,25.95%,$0.58B,$8.83B,7.26%,$0.89B,$5.74B,16.14%,$2123,$1676,$447,$0,$178,$1974,$149,$-4,$145,$42,$103,$103,$93,$233,$149,$224,226,$0.42,$0.42,$578,$724,$0,$3135,$2448,$461,$2302,$480,$5691,$8826,$2357,$2109,$415,$2837,$5194,$3,$4210,$-610,$3632,$8826,$614,$320,$115,$436,$-82,$-53,$0,$-105,$-182,$868,$-577,$0,$-1200,$0,$0,$0,$18,$-1759,$1539,$-317,$1223,$-350,$-350,$-117,$-20,$737,$-220,$40,$-117
12,2015-09-30,40.02,$16.90,2.37,$34.74,1.15,$0.95,42.16,$2.75,14.55,$3.30B,$1.54B,2.14,$1.74B,$3.79B,0.46,$7.89B,$1.67B,21.15%,$7.89B,$0.95B,12.06%,$7.89B,$0.95B,12.06%,$7.89B,$1.27B,16.10%,$7.89B,$0.95B,11.99%,$7.89B,$0.62B,7.91%,$0.62B,$3.79B,16.87%,$0.62B,$2.60B,25.21%,$0.62B,$7.69B,8.26%,$0.95B,$5.52B,18.39%,$1884,$1486,$398,$0,$148,$1647,$237,$-4,$233,$67,$166,$166,$157,$315,$237,$225,226,$0.70,$0.70,$1033,$523,$0,$3301,$2185,$439,$1184,$579,$4386,$7687,$1540,$1735,$318,$2359,$3899,$3,$4114,$-577,$3788,$7687,$511,$236,$58,$294,$-170,$-45,$0,$-81,$-335,$470,$-419,$0,$-13,$0,$0,$0,$3,$-428,$1005,$-531,$474,$-130,$-130,$-106,$2,$240,$236,$31,$-106
13,2015-06-30,54.54,$16.58,3.29,$35.29,1.55,$1.37,39.8,$2.78,19.62,$3.40B,$1.64B,2.08,$1.73B,$3.75B,0.46,$8.04B,$1.70B,21.09%,$8.04B,$0.95B,11.85%,$8.04B,$0.95B,11.85%,$8.04B,$1.28B,15.86%,$8.04B,$0.96B,11.92%,$8.04B,$0.63B,7.89%,$0.63B,$3.75B,17.13%,$0.63B,$2.57B,25.66%,$0.63B,$7.77B,8.51%,$0.95B,$5.48B,19.36%,$2032,$1603,$429,$0,$167,$1789,$243,$-5,$238,$80,$157,$157,$148,$323,$243,$225,227,$0.66,$0.65,$1108,$526,$0,$3401,$2161,$438,$1185,$582,$4365,$7766,$1636,$1732,$337,$2379,$4015,$3,$3985,$-540,$3752,$7766,$345,$158,$33,$191,$-175,$-41,$0,$-49,$-216,$319,$-285,$0,$-13,$0,$0,$0,$3,$-295,$1000,$-539,$461,$-63,$-63,$-77,$0,$322,$310,$21,$-77
14,2015-03-31,57.91,$15.74,3.68,$35.89,1.61,$1.52,38.12,$2.96,19.56,$3.33B,$1.60B,2.08,$1.73B,$3.56B,0.49,$8.21B,$1.74B,21.21%,$8.21B,$0.99B,12.08%,$8.21B,$0.99B,12.08%,$8.21B,$1.32B,16.06%,$8.21B,$1.01B,12.25%,$8.21B,$0.68B,8.24%,$0.68B,$3.56B,18.09%,$0.68B,$2.39B,27.13%,$0.68B,$7.52B,9.17%,$0.99B,$5.29B,21.08%,$1984,$1555,$429,$0,$168,$1725,$260,$0,$260,$72,$188,$188,$179,$337,$260,$226,227,$0.79,$0.79,$1036,$506,$0,$3325,$2050,$423,$1169,$556,$4197,$7523,$1602,$1731,$313,$2359,$3960,$3,$3867,$-617,$3563,$7523,$188,$77,$9,$86,$-202,$-31,$0,$-33,$-241,$33,$-140,$0,$-13,$0,$0,$0,$1,$-152,$1010,$-512,$497,$-34,$-34,$-45,$-2,$417,$238,$11,$-45
15,2014-12-31,52.5,$16.30,3.22,$36.24,1.45,$1.64,31.94,$2.86,18.36,$2.97B,$2.17B,1.37,$0.72B,$3.69B,0.19,$8.31B,$1.76B,21.16%,$8.31B,$0.96B,11.61%,$8.31B,$0.96B,11.61%,$8.31B,$1.29B,15.58%,$8.31B,$0.98B,11.80%,$8.31B,$0.66B,7.90%,$0.66B,$3.69B,17.35%,$0.66B,$2.33B,26.07%,$0.66B,$7.23B,8.95%,$0.96B,$4.41B,21.10%,$1992,$1579,$413,$0,$169,$1780,$212,$3,$215,$67,$147,$147,$140,$296,$212,$227,229,$0.62,$0.61,$798,$506,$0,$2971,$2094,$403,$1357,$403,$4257,$7228,$2168,$716,$326,$1369,$3537,$3,$3717,$-384,$3691,$7228,$688,$330,$118,$449,$-249,$-40,$0,$-146,$-334,$802,$-563,$0,$-111,$0,$0,$0,$8,$-665,$-301,$493,$192,$-140,$-140,$-137,$-117,$-202,$-142,$32,$-137
16,2014-09-30,50.15,$16.71,3.0,$35.69,1.41,$1.90,26.37,$2.87,17.47,$2.95B,$2.12B,1.39,$0.71B,$3.80B,0.19,$8.20B,$1.75B,21.36%,$8.20B,$0.94B,11.47%,$8.20B,$0.94B,11.47%,$8.20B,$1.26B,15.41%,$8.20B,$0.96B,11.70%,$8.20B,$0.66B,8.01%,$0.66B,$3.80B,17.45%,$0.66B,$2.59B,25.85%,$0.66B,$7.28B,9.06%,$0.94B,$4.51B,20.30%,$2032,$1608,$425,$0,$175,$1794,$238,$7,$245,$72,$173,$173,$167,$320,$238,$227,229,$0.73,$0.73,$783,$532,$0,$2952,$2067,$461,$1211,$592,$4331,$7282,$2123,$706,$358,$1359,$3482,$3,$3607,$-200,$3800,$7282,$540,$247,$103,$350,$-226,$-51,$0,$-111,$-344,$546,$-398,$0,$-106,$0,$0,$0,$3,$-501,$-315,$370,$55,$-74,$-74,$-107,$-24,$-150,$-157,$24,$-107
17,2014-06-30,62.01,$17.05,3.64,$34.64,1.79,$2.19,28.26,$2.87,21.65,$3.04B,$2.17B,1.4,$0.70B,$3.89B,0.18,$7.97B,$1.71B,21.40%,$7.97B,$0.93B,11.64%,$7.97B,$0.93B,11.64%,$7.97B,$1.24B,15.57%,$7.97B,$0.94B,11.83%,$7.97B,$0.66B,8.24%,$0.66B,$3.89B,17.88%,$0.66B,$2.65B,26.76%,$0.66B,$7.46B,9.16%,$0.93B,$4.60B,20.10%,$2197,$1724,$473,$0,$181,$1916,$281,$5,$285,$85,$200,$200,$190,$366,$281,$228,230,$0.84,$0.83,$771,$528,$0,$3037,$2089,$470,$1244,$617,$4420,$7457,$2171,$704,$381,$1393,$3563,$3,$3470,$-19,$3894,$7457,$367,$165,$72,$237,$-266,$-18,$0,$-77,$-278,$326,$-257,$0,$-106,$0,$0,$0,$2,$-362,$-322,$305,$-18,$-12,$-12,$-76,$-23,$-129,$-168,$16,$-76
18,2014-03-31,58.36,$16.35,3.57,$33.23,1.76,$2.35,24.86,$2.79,20.95,$3.02B,$1.91B,1.58,$1.03B,$3.74B,0.28,$7.67B,$1.63B,21.25%,$7.67B,$0.89B,11.61%,$7.67B,$0.89B,11.61%,$7.67B,$1.19B,15.57%,$7.67B,$0.91B,11.80%,$7.67B,$0.64B,8.36%,$0.64B,$3.74B,18.24%,$0.64B,$2.49B,27.70%,$0.64B,$7.36B,9.18%,$0.89B,$4.77B,19.73%,$2084,$1638,$446,$0,$174,$1851,$233,$2,$235,$68,$167,$167,$159,$313,$233,$227,229,$0.70,$0.69,$808,$517,$0,$3021,$2028,$440,$1245,$624,$4337,$7358,$1911,$1028,$368,$1710,$3621,$3,$3308,$-17,$3737,$7358,$167,$80,$49,$129,$-247,$-8,$0,$-34,$-250,$46,$-126,$0,$-106,$0,$0,$0,$2,$-231,$-0,$111,$111,$9,$9,$-42,$-22,$56,$-131,$8,$-42
19,2013-12-31,52.96,$15.94,3.32,$32.08,1.65,$2.39,22.16,$2.71,19.58,$2.80B,$1.62B,1.72,$1.02B,$3.63B,0.28,$7.44B,$1.56B,20.97%,$7.44B,$0.86B,11.50%,$7.44B,$0.86B,11.50%,$7.44B,$1.15B,15.52%,$7.44B,$0.87B,11.70%,$7.44B,$0.62B,8.39%,$0.62B,$3.63B,18.51%,$0.62B,$2.44B,28.51%,$0.62B,$6.92B,9.21%,$0.86B,$4.65B,19.65%,$1885,$1479,$407,$0,$167,$1698,$188,$6,$194,$45,$149,$149,$141,$265,$188,$229,231,$0.62,$0.62,$940,$458,$0,$2799,$1939,$405,$1197,$577,$4119,$6917,$1624,$1021,$327,$1661,$3285,$3,$3177,$-14,$3632,$6917,$651,$299,$41,$340,$-92,$-15,$0,$-169,$-273,$719,$-418,$0,$0,$0,$0,$0,$33,$-385,$213,$-44,$168,$-226,$-226,$-70,$-8,$-135,$224,$37,$-70
20,2013-09-30,47.9,$15.09,3.17,$31.01,1.54,$3.03,15.8,$2.60,18.42,$2.91B,$1.68B,1.74,$1.02B,$3.44B,0.3,$7.27B,$1.50B,20.58%,$7.27B,$0.84B,11.53%,$7.27B,$0.84B,11.53%,$7.27B,$1.13B,15.57%,$7.27B,$0.85B,11.71%,$7.27B,$0.60B,8.31%,$0.60B,$3.44B,18.59%,$0.60B,$2.24B,29.16%,$0.60B,$6.96B,9.08%,$0.84B,$4.45B,20.04%,$1806,$1427,$380,$0,$158,$1581,$226,$4,$229,$56,$173,$173,$167,$297,$226,$228,230,$0.73,$0.72,$920,$455,$0,$2906,$1875,$402,$1190,$590,$4058,$6964,$1675,$1019,$329,$1855,$3530,$1,$3066,$-91,$3435,$6964,$502,$223,$-8,$215,$-195,$-13,$0,$-53,$-201,$515,$-298,$0,$0,$0,$0,$0,$23,$-275,$195,$14,$209,$-200,$-200,$-39,$-29,$-59,$205,$29,$-39
21,2013-06-30,40.6,$14.22,2.85,$30.33,1.34,$3.19,12.75,$2.30,17.65,$2.74B,$1.72B,1.59,$0.91B,$3.26B,0.28,$7.16B,$1.46B,20.39%,$7.16B,$0.78B,10.83%,$7.16B,$0.78B,10.83%,$7.16B,$1.07B,14.92%,$7.16B,$0.79B,11.06%,$7.16B,$0.54B,7.52%,$0.54B,$3.26B,16.99%,$0.54B,$2.08B,26.99%,$0.54B,$6.71B,8.28%,$0.78B,$4.17B,19.08%,$1894,$1497,$397,$0,$156,$1651,$243,$3,$247,$67,$180,$180,$174,$319,$243,$229,232,$0.76,$0.75,$817,$439,$0,$2737,$1796,$392,$1172,$608,$3969,$6705,$1717,$913,$317,$1733,$3449,$1,$2927,$-188,$3256,$6705,$329,$151,$-14,$137,$-221,$-9,$0,$-11,$-166,$300,$-195,$0,$0,$0,$0,$0,$16,$-179,$89,$77,$166,$-131,$-131,$-9,$-29,$-2,$101,$22,$-9
22,2013-03-31,36.45,$13.68,2.66,$29.82,1.22,$3.23,11.27,$2.05,17.78,$2.60B,$1.58B,1.64,$0.97B,$3.16B,0.31,$7.12B,$1.45B,20.31%,$7.12B,$0.73B,10.20%,$7.12B,$0.73B,10.20%,$7.12B,$1.01B,14.24%,$7.12B,$0.74B,10.39%,$7.12B,$0.49B,6.81%,$0.49B,$3.16B,15.71%,$0.49B,$1.99B,25.32%,$0.49B,$6.53B,7.61%,$0.73B,$4.13B,18.19%,$1851,$1476,$375,$0,$159,$1653,$199,$1,$200,$51,$149,$149,$142,$273,$199,$230,233,$0.62,$0.61,$695,$450,$0,$2602,$1765,$378,$1170,$615,$3927,$6529,$1583,$971,$309,$1784,$3367,$1,$2753,$-189,$3162,$6529,$149,$75,$-17,$58,$-197,$-19,$0,$-1,$-190,$16,$-87,$0,$0,$0,$0,$0,$14,$-74,$145,$-11,$134,$-39,$-39,$-9,$-27,$60,$-20,$15,$-9
23,2012-12-31,33.75,$13.61,2.48,$29.36,1.15,$3.29,10.27,$2.08,16.23,$2.47B,$1.60B,1.54,$0.82B,$3.15B,0.26,$7.18B,$1.47B,20.42%,$7.18B,$0.75B,10.50%,$7.18B,$0.75B,10.50%,$7.18B,$1.04B,14.51%,$7.18B,$0.76B,10.59%,$7.18B,$0.50B,6.97%,$0.50B,$3.15B,16.83%,$0.50B,$1.97B,27.87%,$0.50B,$6.40B,7.94%,$0.75B,$3.97B,19.58%,$1719,$1375,$344,$0,$156,$1548,$171,$4,$175,$48,$127,$127,$121,$243,$171,$225,243,$0.51,$0.53,$716,$448,$0,$2473,$1788,$383,$1181,$576,$3928,$6401,$1603,$824,$318,$1652,$3255,$1,$2611,$-121,$3146,$6401,$522,$289,$93,$382,$44,$-5,$0,$-82,$-26,$879,$-407,$0,$57,$0,$0,$0,$5,$-345,$68,$13,$80,$-244,$-244,$-22,$-3,$-189,$356,$57,$-22
24,2012-09-30,32.57,$13.27,2.45,$29.18,1.12,$2.57,12.68,$2.07,15.77,$2.49B,$1.57B,1.59,$0.87B,$3.11B,0.28,$7.24B,$1.48B,20.49%,$7.24B,$0.77B,10.69%,$7.24B,$0.77B,10.69%,$7.24B,$1.07B,14.76%,$7.24B,$0.77B,10.65%,$7.24B,$0.50B,6.94%,$0.50B,$3.11B,17.90%,$0.50B,$1.93B,30.93%,$0.50B,$6.35B,8.09%,$0.77B,$3.97B,21.15%,$1695,$1352,$344,$0,$151,$1532,$163,$7,$170,$64,$106,$106,$101,$233,$163,$229,237,$0.44,$0.43,$622,$475,$0,$2494,$1699,$381,$1172,$601,$3853,$6347,$1568,$866,$357,$1673,$3241,$1,$2490,$-121,$3106,$6347,$396,$217,$82,$299,$-82,$-39,$0,$-55,$-152,$543,$-283,$0,$57,$0,$0,$0,$4,$-222,$110,$35,$145,$-150,$-150,$-21,$-25,$-51,$262,$41,$-21
25,2012-06-30,30.91,$12.82,2.41,$29.03,1.06,$2.25,13.73,$2.22,13.95,$2.42B,$1.51B,1.6,$0.96B,$2.94B,0.33,$7.34B,$1.49B,20.31%,$7.34B,$0.81B,11.04%,$7.34B,$0.81B,11.04%,$7.34B,$1.11B,15.12%,$7.34B,$0.79B,10.82%,$7.34B,$0.54B,7.40%,$0.54B,$2.94B,20.54%,$0.54B,$1.77B,37.31%,$0.54B,$6.22B,8.85%,$0.81B,$3.89B,23.15%,$1856,$1473,$383,$0,$153,$1663,$194,$1,$195,$69,$126,$126,$121,$265,$194,$224,243,$0.54,$0.50,$482,$473,$0,$2421,$1673,$364,$1162,$602,$3800,$6221,$1513,$956,$366,$1773,$3286,$1,$2389,$-183,$2935,$6221,$290,$147,$52,$199,$-162,$-27,$0,$-24,$-179,$310,$-188,$0,$2,$0,$0,$0,$3,$-184,$204,$-9,$194,$-152,$-152,$-14,$-18,$10,$122,$31,$-14
26,2012-03-31,39.74,$11.87,3.35,$28.49,1.4,$2.10,18.92,$2.37,16.77,$2.41B,$1.88B,1.28,$0.85B,$2.72B,0.31,$7.30B,$1.46B,20.06%,$7.30B,$0.84B,11.56%,$7.30B,$0.84B,11.56%,$7.30B,$1.15B,15.76%,$7.30B,$0.82B,11.18%,$7.30B,$0.58B,8.00%,$0.58B,$2.72B,23.04%,$0.58B,$1.52B,44.02%,$0.58B,$6.28B,9.51%,$0.84B,$3.57B,24.96%,$1913,$1517,$396,$0,$169,$1687,$226,$-5,$221,$58,$164,$164,$158,$301,$226,$217,255,$0.73,$0.64,$397,$481,$0,$2410,$1696,$346,$1201,$629,$3871,$6281,$1881,$849,$373,$1679,$3561,$1,$2268,$-95,$2721,$6281,$164,$76,$-9,$67,$-168,$-20,$0,$-7,$-200,$31,$-95,$0,$2,$0,$0,$0,$1,$-92,$92,$-12,$80,$47,$47,$-12,$-18,$97,$37,$21,$-12
27,2011-12-31,30.04,$11.30,2.66,$27.65,1.09,$1.92,15.62,$2.23,13.47,$2.14B,$1.91B,1.12,$0.75B,$2.45B,0.31,$7.12B,$1.41B,19.83%,$7.12B,$0.80B,11.20%,$7.12B,$0.80B,11.20%,$7.12B,$1.10B,15.47%,$7.12B,$0.77B,10.75%,$7.12B,$0.55B,7.74%,$0.55B,$2.45B,22.55%,$0.55B,$1.27B,44.90%,$0.55B,$5.96B,9.08%,$0.80B,$3.20B,23.50%,$1774,$1414,$360,$0,$147,$1583,$191,$-6,$185,$58,$127,$127,$122,$269,$191,$218,257,$0.56,$0.49,$360,$454,$0,$2138,$1664,$345,$1186,$625,$3821,$5959,$1905,$751,$392,$1600,$3506,$1,$2110,$-151,$2453,$5959,$571,$303,$34,$338,$-151,$-39,$0,$-49,$-200,$708,$-394,$0,$-204,$0,$0,$0,$33,$-565,$56,$68,$123,$-305,$-305,$-14,$-24,$-220,$-90,$22,$-14
28,2011-09-30,28.52,$11.24,2.54,$26.66,1.07,$1.71,16.67,$2.18,13.11,$2.27B,$1.92B,1.18,$0.87B,$2.47B,0.35,$6.87B,$1.36B,19.74%,$6.87B,$0.76B,11.10%,$6.87B,$0.76B,11.10%,$6.87B,$1.06B,15.35%,$6.87B,$0.73B,10.56%,$6.87B,$0.54B,7.87%,$0.54B,$2.47B,22.47%,$0.54B,$1.26B,44.73%,$0.54B,$6.09B,9.06%,$0.76B,$3.33B,22.24%,$1792,$1441,$351,$0,$151,$1593,$199,$-6,$193,$46,$147,$147,$142,$274,$199,$218,256,$0.65,$0.58,$377,$482,$0,$2268,$1637,$355,$1204,$631,$3827,$6094,$1924,$867,$402,$1705,$3629,$1,$1988,$-85,$2466,$6094,$443,$225,$-30,$196,$-192,$-48,$0,$-20,$-166,$473,$-274,$0,$-202,$0,$0,$0,$7,$-469,$162,$29,$191,$-225,$-225,$-10,$-24,$-69,$-73,$16,$-10
29,2011-06-30,38.07,$11.40,3.34,$25.18,1.51,$1.42,26.77,$2.04,18.71,$2.31B,$1.94B,1.19,$0.92B,$2.50B,0.37,$6.49B,$1.28B,19.70%,$6.49B,$0.69B,10.58%,$6.49B,$0.69B,10.58%,$6.49B,$0.97B,14.99%,$6.49B,$0.65B,10.00%,$6.49B,$0.51B,7.79%,$0.51B,$2.50B,21.38%,$0.51B,$1.26B,42.51%,$0.51B,$6.23B,8.66%,$0.69B,$3.42B,20.00%,$1819,$1462,$357,$0,$158,$1591,$228,$-11,$217,$50,$167,$167,$162,$306,$228,$218,256,$0.75,$0.66,$372,$496,$0,$2306,$1681,$337,$1241,$661,$3920,$6226,$1937,$920,$421,$1791,$3728,$1,$1847,$66,$2499,$6226,$297,$150,$-24,$126,$-156,$-31,$0,$-9,$-173,$250,$-160,$0,$-202,$0,$0,$0,$6,$-356,$214,$37,$251,$-231,$-231,$-9,$5,$17,$-78,$11,$-9
30,2011-03-31,37.55,$10.75,3.49,$23.59,1.59,$1.46,25.67,$1.72,21.83,$2.15B,$1.53B,1.41,$1.26B,$2.35B,0.54,$6.10B,$1.20B,19.64%,$6.10B,$0.58B,9.45%,$6.10B,$0.58B,9.45%,$6.10B,$0.85B,13.99%,$6.10B,$0.55B,8.96%,$6.10B,$0.43B,7.00%,$0.43B,$2.35B,18.92%,$0.43B,$1.12B,38.13%,$0.43B,$6.01B,7.73%,$0.58B,$3.61B,17.50%,$1730,$1388,$343,$0,$165,$1551,$179,$-9,$170,$41,$129,$129,$125,$252,$179,$221,260,$0.57,$0.50,$223,$491,$0,$2154,$1623,$320,$1232,$679,$3853,$6007,$1533,$1260,$414,$2121,$3653,$1,$1685,$31,$2354,$6007,$129,$73,$-26,$47,$-180,$-34,$0,$-5,$-218,$-41,$-70,$0,$-204,$0,$0,$0,$6,$-268,$203,$42,$245,$-154,$-154,$0,$-13,$79,$-227,$5,$0
31,2010-12-31,34.1,$10.28,3.32,$21.91,1.56,$1.93,17.71,$1.54,22.21,$2.06B,$1.39B,1.48,$1.05B,$2.31B,0.46,$5.65B,$1.09B,19.33%,$5.65B,$0.50B,8.92%,$5.65B,$0.50B,8.92%,$5.65B,$0.78B,13.73%,$5.65B,$0.48B,8.46%,$5.65B,$0.38B,6.69%,$0.38B,$2.31B,16.96%,$0.38B,$1.20B,33.16%,$0.38B,$5.56B,7.18%,$0.50B,$3.36B,16.04%,$1533,$1227,$306,$0,$148,$1376,$157,$-11,$146,$31,$116,$116,$112,$223,$157,$228,259,$0.50,$0.45,$450,$431,$0,$2060,$1543,$308,$1114,$531,$3495,$5555,$1392,$1052,$363,$1853,$3245,$1,$1560,$-54,$2310,$5555,$396,$271,$-22,$250,$-239,$-79,$0,$5,$-107,$539,$-277,$0,$-165,$0,$0,$0,$12,$-430,$256,$-30,$226,$-259,$-259,$-11,$30,$-13,$93,$23,$-11
32,2010-09-30,24.8,$10.13,2.45,$21.11,1.17,$1.68,14.77,$1.32,18.86,$2.10B,$1.42B,1.48,$1.05B,$2.31B,0.45,$5.32B,$1.00B,18.80%,$5.32B,$0.41B,7.78%,$5.32B,$0.41B,7.78%,$5.32B,$0.69B,13.05%,$5.32B,$0.39B,7.41%,$5.32B,$0.32B,6.00%,$0.32B,$2.31B,14.45%,$0.32B,$1.19B,28.20%,$0.32B,$5.58B,6.28%,$0.41B,$3.35B,13.57%,$1411,$1138,$273,$0,$150,$1288,$123,$-7,$116,$4,$112,$112,$107,$192,$123,$226,256,$0.48,$0.44,$432,$442,$0,$2104,$1509,$310,$1120,$535,$3474,$5578,$1422,$1045,$349,$1851,$3273,$1,$1449,$-40,$2305,$5578,$281,$206,$-16,$190,$-271,$-86,$0,$-9,$-158,$313,$-188,$0,$-160,$0,$0,$0,$5,$-342,$247,$-5,$242,$-157,$-157,$-8,$30,$107,$75,$16,$-8
33,2010-06-30,17.6,$9.03,1.95,$19.97,0.88,$1.61,10.92,$0.96,18.43,$1.70B,$1.38B,1.23,$0.78B,$2.06B,0.38,$4.94B,$0.88B,17.81%,$4.94B,$0.32B,6.46%,$4.94B,$0.32B,6.46%,$4.94B,$0.60B,12.16%,$4.94B,$0.30B,6.08%,$4.94B,$0.23B,4.64%,$0.23B,$2.06B,10.53%,$0.23B,$0.98B,20.62%,$0.23B,$4.97B,4.69%,$0.32B,$2.84B,10.82%,$1422,$1146,$275,$0,$138,$1304,$117,$-4,$114,$26,$88,$88,$83,$186,$117,$231,258,$0.36,$0.34,$188,$379,$0,$1702,$1406,$290,$1081,$490,$3267,$4969,$1382,$781,$299,$1529,$2911,$1,$1342,$-194,$2058,$4969,$169,$137,$-4,$133,$-231,$-51,$0,$-25,$-94,$208,$-107,$0,$-160,$0,$0,$0,$4,$-263,$-11,$68,$57,$-131,$-131,$-8,$0,$-82,$-170,$11,$-8
34,2010-03-31,17.99,$9.53,1.89,$18.39,0.98,$1.59,11.33,$0.46,39.11,$1.76B,$1.19B,1.48,$0.77B,$2.24B,0.35,$4.43B,$0.72B,16.26%,$4.43B,$0.15B,3.43%,$4.43B,$0.15B,3.43%,$4.43B,$0.43B,9.75%,$4.43B,$0.13B,3.00%,$4.43B,$0.11B,2.48%,$0.11B,$2.24B,5.05%,$0.11B,$1.20B,9.80%,$0.11B,$4.97B,2.29%,$0.15B,$3.02B,5.15%,$1287,$1048,$239,$0,$130,$1180,$107,$-4,$102,$21,$81,$81,$76,$175,$107,$233,259,$0.33,$0.32,$374,$350,$0,$1759,$1436,$265,$1041,$465,$3207,$4966,$1185,$774,$296,$1538,$2723,$1,$1263,$-61,$2243,$4966,$81,$68,$-10,$58,$-129,$-48,$0,$-11,$-75,$64,$-55,$0,$5,$0,$0,$0,$2,$-48,$-3,$14,$11,$15,$15,$-5,$0,$22,$17,$5,$-5
35,2009-12-31,15.65,$9.51,1.65,$16.96,0.92,$1.68,9.31,$0.12,136.13,$1.55B,$1.05B,1.48,$0.77B,$2.22B,0.35,$3.96B,$0.56B,14.16%,$3.96B,$0.05B,1.29%,$3.96B,$0.05B,1.29%,$3.96B,$0.33B,8.23%,$3.96B,$0.02B,0.45%,$3.96B,$0.03B,0.68%,$0.03B,$2.22B,1.28%,$0.03B,$1.16B,2.55%,$0.03B,$4.81B,0.58%,$0.05B,$3.00B,1.81%,$1198,$985,$213,$0,$144,$1131,$67,$-5,$62,$6,$57,$57,$53,$141,$67,$233,234,$0.23,$0.23,$357,$314,$0,$1552,$1490,$257,$1061,$451,$3260,$4811,$1046,$773,$296,$1543,$2589,$1,$1193,$15,$2223,$4811,$36,$274,$24,$298,$-107,$143,$0,$-111,$17,$351,$-172,$0,$-6,$0,$0,$0,$23,$-155,$217,$-115,$102,$40,$40,$-23,$-75,$45,$254,$22,$-23
36,2009-09-30,14.26,$9.30,1.53,$15.85,0.9,$1.05,13.59,$-0.46,0.0,$1.51B,$1.06B,1.43,$0.77B,$2.17B,0.36,$3.70B,$0.42B,11.42%,$3.70B,$-0.15B,-4.01%,$3.70B,$-0.15B,-4.01%,$3.70B,$0.13B,3.41%,$3.70B,$-0.18B,-4.82%,$3.70B,$-0.11B,-2.90%,$-0.11B,$2.17B,-5.17%,$-0.11B,$1.10B,-10.54%,$-0.11B,$4.79B,-2.33%,$-0.15B,$2.94B,-5.51%,$1028,$876,$152,$0,$126,$1000,$28,$-6,$22,$2,$20,$20,$17,$98,$28,$233,235,$0.08,$0.08,$259,$315,$0,$1505,$1525,$247,$1069,$446,$3286,$4791,$1055,$771,$311,$1566,$2621,$1,$1156,$22,$2171,$4791,$-20,$200,$29,$230,$-94,$146,$0,$-58,$17,$226,$-127,$0,$-8,$0,$0,$0,$21,$-114,$219,$-109,$110,$37,$37,$-23,$-92,$32,$155,$18,$-23
37,2009-06-30,16.09,$8.93,1.8,$17.15,0.94,$0.63,25.74,$-1.10,0.0,$1.40B,$0.99B,1.42,$0.77B,$2.08B,0.37,$3.98B,$0.47B,11.85%,$3.98B,$-0.28B,-7.03%,$3.98B,$-0.28B,-7.03%,$3.98B,$0.14B,3.54%,$3.98B,$-0.30B,-7.63%,$3.98B,$-0.25B,-6.38%,$-0.25B,$2.08B,-12.19%,$-0.25B,$1.03B,-24.67%,$-0.25B,$4.61B,-5.49%,$-0.28B,$2.85B,-10.71%,$916,$800,$116,$0,$115,$966,$-50,$-4,$-53,$-19,$-34,$-34,$-36,$18,$-50,$233,233,$-0.16,$-0.16,$257,$314,$0,$1395,$1502,$233,$1057,$424,$3216,$4611,$985,$766,$304,$1543,$2528,$1,$1141,$-31,$2083,$4611,$-40,$130,$53,$183,$-19,$135,$0,$-33,$31,$174,$-88,$0,$-8,$0,$0,$0,$14,$-82,$224,$-87,$137,$34,$34,$-22,$-91,$57,$154,$13,$-22
38,2009-03-31,9.57,$8.53,1.12,$19.63,0.49,$0.70,13.63,$-0.57,0.0,$1.19B,$1.11B,1.07,$0.47B,$1.99B,0.24,$4.59B,$0.64B,13.85%,$4.59B,$-0.11B,-2.42%,$4.59B,$-0.11B,-2.42%,$4.59B,$0.32B,7.04%,$4.59B,$-0.13B,-2.81%,$4.59B,$-0.13B,-2.84%,$-0.13B,$1.99B,-5.90%,$-0.13B,$0.95B,-11.88%,$-0.13B,$4.35B,-2.69%,$-0.11B,$2.45B,-4.19%,$820,$740,$80,$0,$74,$814,$6,$-18,$-13,$-7,$-6,$-6,$-7,$69,$6,$232,232,$-0.03,$-0.03,$91,$352,$0,$1188,$1510,$243,$1038,$374,$3165,$4354,$1111,$467,$322,$1256,$2367,$1,$1180,$-118,$1987,$4354,$-6,$63,$38,$101,$-38,$83,$0,$-22,$-26,$68,$-39,$0,$0,$0,$0,$0,$5,$-33,$-117,$70,$-47,$1,$1,$-18,$18,$-47,$-13,$5,$-18
39,2008-12-31,10.19,$8.82,1.16,$22.42,0.45,$0.57,17.84,$-0.17,0.0,$1.31B,$1.25B,1.05,$0.46B,$2.04B,0.23,$5.26B,$0.84B,15.94%,$5.26B,$0.01B,0.15%,$5.26B,$0.01B,0.15%,$5.26B,$0.45B,8.57%,$5.26B,$0.01B,0.25%,$5.26B,$-0.03B,-0.65%,$-0.03B,$2.04B,-1.46%,$-0.03B,$0.99B,-2.89%,$-0.03B,$4.64B,-0.67%,$0.01B,$2.50B,0.29%,$932,$858,$74,$0,$93,$1064,$-132,$-1,$-134,$-54,$-79,$-79,$-81,$-59,$-132,$232,232,$-0.35,$-0.34,$103,$451,$0,$1308,$1586,$267,$1052,$431,$3336,$4644,$1250,$460,$353,$1357,$2607,$1,$1201,$-86,$2038,$4644,$-19,$444,$71,$514,$164,$-26,$0,$-13,$-94,$401,$-370,$0,$6,$15,$0,$15,$6,$-344,$-7,$115,$108,$-39,$-39,$-64,$-141,$-136,$-85,$21,$-64
40,2008-09-30,15.26,$9.62,1.59,$24.23,0.63,$1.75,8.72,$0.49,31.46,$1.63B,$1.37B,1.19,$0.43B,$2.23B,0.19,$5.71B,$1.02B,17.93%,$5.71B,$0.26B,4.49%,$5.71B,$0.26B,4.49%,$5.71B,$0.70B,12.29%,$5.71B,$0.27B,4.80%,$5.71B,$0.12B,2.07%,$0.12B,$2.23B,4.93%,$0.12B,$1.16B,9.68%,$0.12B,$4.89B,2.29%,$0.26B,$2.66B,8.93%,$1317,$1115,$202,$0,$135,$1421,$-104,$0,$-104,$24,$-128,$-128,$-130,$113,$-104,$232,232,$-0.56,$-0.56,$136,$500,$0,$1625,$1611,$249,$1068,$333,$3261,$4886,$1368,$431,$393,$1291,$2659,$1,$1295,$41,$2227,$4886,$60,$370,$8,$378,$-81,$-71,$0,$-32,$-173,$265,$-266,$0,$-53,$15,$0,$15,$4,$-300,$-7,$81,$73,$-32,$-32,$-51,$0,$-10,$-53,$13,$-51
41,2008-06-30,20.61,$10.99,1.88,$24.12,0.85,$2.48,8.31,$1.40,14.75,$1.81B,$1.35B,1.34,$0.43B,$2.56B,0.17,$5.70B,$1.05B,18.41%,$5.70B,$0.46B,8.03%,$5.70B,$0.46B,8.03%,$5.70B,$0.75B,13.15%,$5.70B,$0.48B,8.38%,$5.70B,$0.33B,5.80%,$0.33B,$2.56B,13.86%,$0.33B,$1.28B,27.59%,$0.33B,$5.44B,6.45%,$0.46B,$2.99B,15.84%,$1517,$1238,$279,$0,$160,$1398,$119,$3,$122,$30,$92,$92,$88,$200,$119,$233,237,$0.38,$0.37,$226,$498,$0,$1812,$1702,$254,$1271,$403,$3629,$5441,$1348,$431,$570,$1538,$2887,$1,$1440,$217,$2555,$5441,$188,$153,$9,$162,$-110,$-30,$0,$-22,$-83,$267,$-162,$0,$0,$15,$0,$15,$2,$-146,$-7,$-7,$-14,$-21,$-21,$-38,$0,$-73,$37,$7,$-38
42,2008-03-31,19.94,$10.68,1.87,$23.51,0.85,$2.46,8.09,$1.35,14.77,$1.77B,$1.34B,1.32,$0.45B,$2.48B,0.18,$5.55B,$1.02B,18.36%,$5.55B,$0.45B,8.16%,$5.55B,$0.45B,8.16%,$5.55B,$0.73B,13.06%,$5.55B,$0.47B,8.45%,$5.55B,$0.32B,5.75%,$0.32B,$2.48B,14.15%,$0.32B,$1.28B,28.71%,$0.32B,$5.29B,6.42%,$0.45B,$2.93B,16.23%,$1499,$1215,$284,$0,$156,$1374,$125,$5,$129,$34,$96,$96,$89,$197,$125,$232,237,$0.38,$0.38,$215,$472,$0,$1767,$1672,$272,$1200,$376,$3520,$5287,$1336,$447,$395,$1471,$2808,$1,$1370,$213,$2479,$5287,$89,$72,$14,$86,$-111,$-5,$0,$5,$-100,$75,$-75,$0,$0,$4,$0,$4,$0,$-71,$-5,$79,$74,$-11,$-11,$-21,$0,$42,$15,$6,$-21
43,2007-12-31,22.38,$9.99,2.24,$22.63,0.99,$2.57,8.7,$1.23,18.27,$1.58B,$1.08B,1.46,$0.57B,$2.32B,0.25,$5.33B,$0.95B,17.85%,$5.33B,$0.42B,7.84%,$5.33B,$0.42B,7.84%,$5.33B,$0.68B,12.80%,$5.33B,$0.43B,8.07%,$5.33B,$0.29B,5.40%,$0.29B,$2.32B,13.56%,$0.29B,$1.15B,28.61%,$0.29B,$4.96B,5.97%,$0.42B,$2.89B,15.52%,$1373,$1115,$258,$0,$136,$1257,$116,$11,$127,$48,$79,$99,$71,$191,$116,$232,236,$0.31,$0.31,$203,$448,$0,$1580,$1609,$255,$1168,$346,$3378,$4959,$1084,$573,$363,$1554,$2637,$1,$1296,$127,$2321,$4959,$317,$265,$-26,$239,$-6,$-35,$0,$10,$48,$604,$-294,$0,$0,$47,$0,$47,$17,$-229,$-9,$-93,$-102,$-1,$-1,$-57,$-139,$-298,$65,$16,$-57
44,2007-09-30,21.12,$9.46,2.23,$21.99,0.96,$2.01,10.52,$1.10,19.2,$1.64B,$1.03B,1.58,$0.56B,$2.20B,0.26,$5.16B,$0.91B,17.55%,$5.16B,$0.31B,6.09%,$5.16B,$0.31B,6.09%,$5.16B,$0.58B,11.17%,$5.16B,$0.31B,6.07%,$5.16B,$0.26B,5.00%,$0.26B,$2.20B,12.82%,$0.26B,$1.08B,28.18%,$0.26B,$4.85B,5.45%,$0.31B,$2.76B,12.17%,$1314,$1085,$229,$0,$134,$1215,$98,$2,$100,$11,$89,$83,$83,$162,$98,$232,236,$0.36,$0.35,$176,$451,$0,$1636,$1525,$243,$1113,$337,$3219,$4854,$1034,$564,$325,$1625,$2659,$1,$1235,$69,$2195,$4854,$217,$190,$-6,$184,$-84,$-44,$0,$10,$-35,$366,$-195,$0,$0,$24,$0,$24,$7,$-164,$-4,$-117,$-121,$-3,$-3,$-46,$0,$-170,$14,$13,$-46
45,2007-06-30,19.82,$8.74,2.27,$20.99,0.94,$1.62,12.22,$0.92,21.6,$1.58B,$1.05B,1.51,$0.56B,$2.03B,0.28,$4.90B,$0.86B,17.52%,$4.90B,$0.28B,5.65%,$4.90B,$0.28B,5.65%,$4.90B,$0.53B,10.89%,$4.90B,$0.27B,5.55%,$4.90B,$0.21B,4.36%,$0.21B,$2.03B,11.08%,$0.21B,$0.93B,25.51%,$0.21B,$4.78B,4.64%,$0.28B,$2.58B,11.13%,$1364,$1117,$248,$0,$135,$1251,$114,$-1,$113,$31,$83,$76,$76,$175,$114,$232,236,$0.33,$0.32,$177,$425,$0,$1582,$1477,$219,$1095,$403,$3194,$4776,$1048,$558,$315,$1702,$2751,$1,$1162,$-27,$2025,$4776,$134,$126,$15,$141,$-90,$-30,$0,$5,$-52,$223,$-123,$0,$0,$2,$0,$2,$2,$-118,$1,$-66,$-65,$1,$1,$-35,$0,$-99,$-5,$9,$-35
46,2007-03-31,17.33,$8.41,2.06,$20.24,0.86,$1.57,11.03,$0.90,19.31,$1.54B,$1.05B,1.46,$0.58B,$1.95B,0.3,$4.71B,$0.84B,17.88%,$4.71B,$0.27B,5.73%,$4.71B,$0.27B,5.73%,$4.71B,$0.53B,11.23%,$4.71B,$0.27B,5.63%,$4.71B,$0.21B,4.42%,$0.21B,$1.95B,11.02%,$0.21B,$0.86B,25.87%,$0.21B,$4.71B,4.63%,$0.27B,$2.53B,11.17%,$1278,$1062,$216,$0,$127,$1188,$90,$0,$90,$24,$66,$58,$58,$154,$90,$232,234,$0.25,$0.25,$176,$425,$0,$1535,$1461,$216,$1091,$404,$3171,$4705,$1052,$582,$302,$1701,$2753,$1,$1096,$-40,$1952,$4705,$58,$64,$4,$68,$-45,$-35,$0,$-13,$-44,$83,$-58,$0,$0,$2,$0,$2,$2,$-54,$13,$-40,$-27,$13,$13,$-21,$0,$-35,$-5,$4,$-21
47,2006-12-31,13.53,$8.13,1.66,$19.79,0.68,$1.37,9.87,$0.91,14.83,$1.44B,$1.04B,1.39,$0.57B,$1.88B,0.3,$4.59B,$0.85B,18.51%,$4.59B,$0.27B,5.97%,$4.59B,$0.27B,5.97%,$4.59B,$0.53B,11.56%,$4.59B,$0.27B,5.89%,$4.59B,$0.21B,4.60%,$0.21B,$1.88B,11.51%,$0.21B,$0.79B,27.65%,$0.21B,$4.58B,4.83%,$0.27B,$2.45B,11.69%,$1202,$990,$212,$0,$128,$1190,$12,$-2,$10,$-38,$48,$41,$41,$85,$12,$230,232,$0.18,$0.18,$182,$387,$0,$1438,$1461,$198,$1087,$401,$3147,$4584,$1035,$569,$281,$1674,$2709,$1,$1064,$-60,$1875,$4584,$212,$257,$81,$338,$-57,$-33,$0,$-9,$-107,$442,$-268,$0,$-64,$-13,$0,$-13,$4,$-341,$-8,$-28,$-35,$27,$27,$-52,$0,$-60,$34,$13,$-52
