,Date,Stock Price,Book Value per Share,Price to Book Ratio,TTM Sales per Share,Price to Sales Ratio,TTM FCF per Share,Price to FCF Ratio,TTM Net EPS,PE Ratio,Current Assets,Current Liabilities,Current Ratio,Long Term Debt,Shareholder's Equity_x,Debt to Equity Ratio,TTM Revenue_x,TTM Gross Profit,Gross Margin,TTM Revenue_y,TTM Operating Income,Operating Margin,TTM Revenue_x,TTM EBIT,EBIT Margin,TTM Revenue_y,TTM EBITDA,EBITDA Margin,TTM Revenue_x,TTM Pre-Tax Income,Pre-Tax Margin,TTM Revenue_y,TTM Net Income_x,Net Margin,TTM Net Income_y,Shareholder's Equity_y,Return on Equity,TTM Net Income_x,Tangible Equity,Return on Tangible Equity,TTM Net Income_y,Total Assets,Return on Assets,TTM Net Income,LT Investments & Debt,Return on Investment,revenue,cost-goods-sold,gross-profit,research-development-expenses,selling-general-administrative-expenses,operating-expenses,operating-income,total-non-operating-income-expense,pre-tax-income,total-provision-income-taxes,income-after-taxes,income-from-continuous-operations,net-income,ebitda,ebit,basic-shares-outstanding,shares-outstanding,eps-basic-net-earnings-per-share,eps-earnings-per-share-diluted,cash-on-hand,inventory,other-current-assets,total-current-assets,net-property-plant-equipment,long-term-investments,goodwill-intangible-assets-total,other-long-term-assets,total-long-term-assets,total-assets,total-current-liabilities,long-term-debt,other-non-current-liabilities,total-long-term-liabilities,total-liabilities,common-stock-net,retained-earnings-accumulated-deficit,comprehensive-income,total-share-holder-equity,total-liabilities-share-holders-equity,net-income-loss,total-depreciation-amortization-cash-flow,other-non-cash-items,total-non-cash-items,change-in-accounts-receivable,change-in-inventories,change-in-accounts-payable,change-in-assets-liabilities,total-change-in-assets-liabilities,cash-flow-from-operating-activities,net-change-in-property-plant-equipment,net-change-in-intangible-assets,net-acquisitions-divestitures,net-change-in-short-term-investments,net-change-in-long-term-investments,net-change-in-investments-total,investing-activities-other,cash-flow-from-investing-activities,net-long-term-debt,net-current-debt,debt-issuance-retirement-net-total,net-common-equity-issued-repurchased,net-total-equity-issued-repurchased,total-common-preferred-stock-dividends-paid,financial-activities-other,cash-flow-from-financial-activities,net-cash-flow,stock-based-compensation,common-stock-dividends-paid
0,2018-09-30,62.54,$3.98,15.73,$17.44,3.59,$0.04,1756.74,$1.88,33.27,$0.69B,$0.36B,1.9,$0.76B,$0.39B,1.93,$1.75B,$0.49B,28.14%,$1.75B,$0.28B,16.10%,$1.75B,$0.31B,17.58%,$1.75B,$0.37B,20.89%,$1.75B,$0.31B,17.41%,$1.75B,$0.19B,10.79%,$0.19B,$0.39B,53.54%,$0.19B,$-0.13B,-969.23%,$0.19B,$1.74B,11.23%,$0.28B,$1.15B,29.78%,$426,$326,$99,$4,$54,$375,$50,$34,$85,$6,$78,$78,$78,$75,$60,$99,100,$0.78,$0.78,$73,$0,$371,$685,$389,$71,$519,$27,$1051,$1736,$360,$756,$105,$983,$1343,$1,$1160,$4,$393,$1736,$205,$44,$3,$46,$3,$0,$2,$-222,$-260,$-8,$-60,$0,$-213,$0,$-9,$-9,$5,$-277,$276,$0,$276,$-59,$-59,$-48,$-15,$154,$-140,$9,$-48
1,2018-06-30,62.16,$3.90,15.96,$17.38,3.58,$1.67,37.13,$1.56,39.85,$0.89B,$0.31B,2.88,$0.67B,$0.39B,1.72,$1.75B,$0.51B,29.28%,$1.75B,$0.30B,17.13%,$1.75B,$0.32B,18.22%,$1.75B,$0.38B,21.49%,$1.75B,$0.29B,16.68%,$1.75B,$0.16B,9.05%,$0.16B,$0.39B,47.63%,$0.16B,$0.07B,2430.77%,$0.16B,$1.74B,9.41%,$0.30B,$1.06B,34.81%,$439,$318,$121,$4,$52,$367,$72,$8,$79,$18,$61,$61,$61,$92,$78,$100,101,$0.61,$0.60,$325,$0,$350,$891,$357,$67,$319,$24,$852,$1742,$309,$666,$99,$1045,$1354,$1,$1098,$1,$388,$1742,$127,$28,$-0,$28,$-11,$0,$-4,$-112,$-138,$17,$-34,$0,$0,$0,$-9,$-9,$1,$-41,$700,$-510,$190,$3,$3,$-32,$-13,$148,$113,$6,$-32
2,2018-03-31,63.22,$3.46,18.25,$17.11,3.69,$2.19,28.83,$1.57,40.27,$0.70B,$0.33B,2.15,$0.47B,$0.35B,1.37,$1.72B,$0.52B,30.42%,$1.72B,$0.31B,18.18%,$1.72B,$0.33B,19.17%,$1.72B,$0.39B,22.49%,$1.72B,$0.30B,17.48%,$1.72B,$0.16B,9.21%,$0.16B,$0.35B,52.54%,$0.16B,$0.02B,-585.19%,$0.16B,$1.54B,9.57%,$0.31B,$0.82B,39.81%,$457,$327,$130,$4,$54,$378,$80,$5,$85,$19,$66,$66,$66,$101,$87,$100,101,$0.67,$0.66,$150,$0,$371,$703,$350,$56,$324,$22,$837,$1540,$327,$471,$100,$867,$1194,$1,$1053,$4,$345,$1540,$66,$14,$3,$17,$17,$0,$11,$-124,$-102,$-19,$-18,$0,$0,$0,$2,$2,$0,$-16,$-7,$0,$-7,$3,$3,$-16,$-5,$-25,$-62,$4,$-16
3,2017-12-31,60.05,$2.87,20.89,$16.82,3.57,$1.87,32.04,$1.46,41.13,$0.87B,$0.53B,1.65,$0.48B,$0.29B,1.68,$1.69B,$0.52B,30.65%,$1.69B,$0.31B,18.26%,$1.69B,$0.32B,19.09%,$1.69B,$0.38B,22.47%,$1.69B,$0.30B,17.49%,$1.69B,$0.15B,8.77%,$0.15B,$0.29B,55.64%,$0.15B,$-0.04B,-238.71%,$0.15B,$1.71B,8.86%,$0.31B,$0.77B,40.17%,$430,$287,$143,$2,$64,$350,$80,$-24,$56,$72,$-16,$-16,$-16,$98,$83,$99,100,$-0.16,$-0.15,$213,$0,$451,$873,$349,$53,$329,$23,$839,$1712,$528,$481,$100,$898,$1427,$1,$991,$9,$286,$1712,$148,$57,$124,$180,$-43,$0,$-7,$-45,$-107,$222,$-97,$0,$-1,$0,$7,$7,$0,$-91,$-28,$0,$-28,$17,$17,$-42,$-9,$-61,$78,$15,$-42
4,2017-09-30,55.51,$3.10,17.89,$16.42,3.38,$2.43,22.85,$1.96,28.32,$0.83B,$0.46B,1.81,$0.49B,$0.31B,1.59,$1.66B,$0.49B,29.38%,$1.66B,$0.27B,16.50%,$1.66B,$0.29B,17.34%,$1.66B,$0.34B,20.65%,$1.66B,$0.28B,17.04%,$1.66B,$0.20B,11.92%,$0.20B,$0.31B,85.34%,$0.20B,$-0.02B,-208.42%,$0.20B,$1.72B,12.10%,$0.27B,$0.80B,37.18%,$419,$302,$117,$3,$51,$353,$67,$4,$71,$24,$47,$47,$47,$84,$70,$99,100,$0.47,$0.46,$213,$0,$443,$831,$313,$49,$331,$24,$893,$1724,$460,$489,$121,$955,$1415,$1,$1018,$11,$308,$1724,$164,$42,$29,$72,$-18,$0,$-11,$-50,$-91,$145,$-49,$0,$0,$0,$11,$11,$0,$-38,$-21,$0,$-21,$16,$16,$-31,$-8,$-44,$79,$10,$-31
5,2017-06-30,48.21,$2.66,18.11,$15.89,3.03,$2.07,23.3,$1.89,25.51,$0.75B,$0.39B,1.9,$0.49B,$0.26B,1.85,$1.62B,$0.48B,29.53%,$1.62B,$0.27B,16.58%,$1.62B,$0.29B,17.57%,$1.62B,$0.34B,20.90%,$1.62B,$0.27B,16.83%,$1.62B,$0.19B,11.84%,$0.19B,$0.26B,103.92%,$0.19B,$-0.06B,-165.52%,$0.19B,$1.63B,12.41%,$0.27B,$0.75B,39.96%,$410,$278,$132,$1,$48,$325,$85,$3,$88,$27,$61,$61,$61,$103,$89,$99,100,$0.62,$0.61,$159,$0,$430,$746,$298,$50,$328,$20,$879,$1625,$393,$489,$119,$968,$1360,$1,$982,$6,$264,$1625,$117,$28,$9,$37,$-0,$0,$-27,$-42,$-90,$64,$-29,$0,$0,$0,$8,$8,$0,$-20,$74,$-87,$-14,$15,$15,$-20,$-7,$-27,$23,$7,$-20
6,2017-03-31,46.97,$2.08,22.55,$15.62,3.01,$2.24,21.01,$1.83,25.66,$0.74B,$0.38B,1.94,$0.54B,$0.21B,2.63,$1.61B,$0.48B,29.99%,$1.61B,$0.27B,16.85%,$1.61B,$0.29B,17.91%,$1.61B,$0.34B,21.19%,$1.61B,$0.27B,16.91%,$1.61B,$0.19B,11.71%,$0.19B,$0.21B,98.57%,$0.19B,$-0.12B,-226.35%,$0.19B,$1.62B,12.68%,$0.27B,$0.75B,43.47%,$428,$303,$125,$2,$51,$352,$76,$4,$80,$25,$56,$56,$56,$94,$80,$99,101,$0.56,$0.55,$114,$0,$412,$744,$297,$53,$325,$18,$874,$1618,$382,$543,$117,$1029,$1412,$1,$932,$5,$206,$1618,$56,$14,$6,$20,$-41,$0,$-14,$-43,$-130,$-55,$-14,$0,$0,$0,$-2,$-2,$1,$-15,$43,$0,$43,$10,$10,$-9,$-5,$39,$-30,$3,$-9
7,2016-12-31,39.09,$1.51,25.81,$14.82,2.64,$2.70,14.49,$1.74,22.47,$0.69B,$0.44B,1.58,$0.50B,$0.15B,3.31,$1.55B,$0.48B,30.63%,$1.55B,$0.24B,15.41%,$1.55B,$0.26B,16.44%,$1.55B,$0.31B,19.73%,$1.55B,$0.26B,16.63%,$1.55B,$0.18B,11.80%,$0.18B,$0.15B,88.30%,$0.18B,$-0.18B,-418.29%,$0.18B,$1.58B,12.82%,$0.24B,$0.65B,41.62%,$404,$289,$114,$1,$70,$358,$46,$-2,$44,$9,$34,$34,$34,$62,$49,$102,104,$0.35,$0.34,$146,$0,$386,$694,$300,$52,$326,$15,$886,$1580,$440,$498,$116,$990,$1429,$1,$885,$4,$150,$1580,$184,$51,$16,$67,$29,$0,$20,$-91,$-11,$240,$-53,$0,$-118,$0,$-19,$-19,$9,$-180,$234,$0,$234,$-275,$-275,$-37,$-10,$-89,$-29,$15,$-37
8,2016-09-30,37.7,$1.20,31.53,$14.31,2.63,$3.38,11.17,$1.40,26.93,$0.62B,$0.38B,1.62,$0.42B,$0.12B,3.57,$1.51B,$0.43B,28.13%,$1.51B,$0.20B,13.43%,$1.51B,$0.22B,14.43%,$1.51B,$0.27B,17.87%,$1.51B,$0.22B,14.43%,$1.51B,$0.15B,9.79%,$0.15B,$0.12B,61.73%,$0.15B,$-0.11B,1116.98%,$0.15B,$1.37B,10.75%,$0.20B,$0.54B,36.79%,$380,$271,$108,$2,$49,$317,$62,$-2,$61,$19,$41,$41,$41,$80,$67,$103,104,$0.40,$0.39,$66,$0,$371,$617,$264,$55,$226,$27,$748,$1365,$381,$423,$82,$865,$1247,$1,$858,$5,$119,$1365,$149,$37,$-10,$27,$-4,$0,$3,$-114,$-84,$92,$-31,$0,$0,$0,$-19,$-19,$10,$-40,$150,$0,$150,$-274,$-274,$-28,$-10,$-163,$-110,$8,$-28
9,2016-06-30,35.07,$2.83,12.41,$13.98,2.51,$4.51,7.78,$1.97,17.8,$0.67B,$0.39B,1.72,$0.27B,$0.29B,0.93,$1.49B,$0.43B,28.52%,$1.49B,$0.27B,18.26%,$1.49B,$0.29B,19.33%,$1.49B,$0.34B,22.82%,$1.49B,$0.32B,21.14%,$1.49B,$0.21B,14.16%,$0.21B,$0.29B,72.08%,$0.21B,$0.07B,319.70%,$0.21B,$1.40B,15.20%,$0.27B,$0.56B,47.61%,$402,$265,$137,$2,$52,$314,$88,$-0,$88,$29,$58,$58,$58,$106,$93,$104,105,$0.56,$0.56,$118,$0,$391,$665,$263,$53,$226,$19,$737,$1401,$388,$272,$82,$721,$1109,$1,$827,$5,$292,$1401,$108,$25,$-10,$14,$23,$0,$10,$-113,$-50,$73,$-18,$0,$0,$0,$-21,$-21,$10,$-29,$-8,$0,$-8,$-67,$-67,$-19,$-9,$-102,$-57,$6,$-19
10,2016-03-31,32.81,$2.57,12.76,$13.48,2.43,$4.39,7.48,$1.26,26.04,$0.63B,$0.37B,1.7,$0.28B,$0.27B,1.03,$1.45B,$0.40B,27.40%,$1.45B,$0.20B,13.56%,$1.45B,$0.21B,14.53%,$1.45B,$0.27B,18.96%,$1.45B,$0.24B,16.33%,$1.45B,$0.14B,9.41%,$0.14B,$0.27B,47.89%,$0.14B,$0.04B,240.71%,$0.14B,$1.37B,9.91%,$0.20B,$0.54B,34.19%,$365,$249,$116,$2,$45,$322,$43,$23,$65,$15,$50,$50,$50,$58,$46,$104,106,$0.48,$0.47,$87,$0,$358,$634,$265,$45,$227,$17,$731,$1366,$373,$275,$76,$725,$1098,$1,$779,$5,$268,$1366,$50,$12,$-11,$1,$-3,$0,$1,$-87,$-63,$-13,$-10,$0,$0,$0,$-4,$-4,$0,$-14,$-4,$0,$-4,$-43,$-43,$-10,$-5,$-61,$-87,$2,$-10
11,2015-12-31,30.98,$2.66,11.66,$13.17,2.35,$4.45,6.96,$1.22,25.39,$0.65B,$0.35B,1.83,$0.28B,$0.28B,1.0,$1.42B,$0.39B,27.42%,$1.42B,$0.21B,14.63%,$1.42B,$0.22B,15.55%,$1.42B,$0.30B,21.06%,$1.42B,$0.22B,15.62%,$1.42B,$0.13B,9.26%,$0.13B,$0.28B,27.36%,$0.13B,$0.05B,69.87%,$0.13B,$1.38B,7.58%,$0.21B,$0.56B,26.90%,$364,$300,$64,$2,$55,$354,$10,$-5,$4,$4,$1,$1,$-1,$26,$12,$107,108,$0.00,$0.00,$174,$0,$298,$647,$269,$38,$227,$13,$728,$1375,$354,$278,$85,$742,$1096,$1,$739,$1,$280,$1375,$131,$79,$78,$156,$40,$0,$-24,$44,$47,$335,$-68,$0,$0,$0,$-7,$-7,$4,$-72,$0,$0,$0,$-62,$-62,$-34,$-318,$-414,$-158,$32,$-34
12,2015-09-30,25.65,$3.10,8.27,$10.60,2.42,$2.01,12.73,$0.25,102.6,$0.71B,$0.38B,1.87,$0.29B,$0.33B,0.87,$1.14B,$0.26B,22.98%,$1.14B,$0.11B,9.30%,$1.14B,$0.12B,10.35%,$1.14B,$0.23B,20.18%,$1.14B,$0.12B,10.26%,$1.14B,$0.03B,2.54%,$0.03B,$0.33B,4.38%,$0.03B,$0.10B,7.83%,$0.03B,$1.41B,1.38%,$0.11B,$0.62B,11.10%,$359,$251,$108,$2,$48,$228,$131,$27,$158,$52,$107,$107,$104,$150,$137,$107,108,$0.97,$0.96,$156,$11,$289,$705,$262,$40,$227,$44,$705,$1411,$378,$289,$82,$701,$1079,$1,$746,$1,$331,$1411,$132,$65,$55,$120,$-0,$0,$-34,$33,$-12,$239,$-52,$0,$0,$0,$-4,$-4,$2,$-55,$0,$0,$0,$-14,$-14,$-28,$-312,$-355,$-177,$25,$-28
13,2015-06-30,23.62,$2.39,9.89,$10.42,2.27,$-1.02,0.0,$-0.14,0.0,$0.63B,$0.34B,1.82,$0.32B,$0.26B,1.23,$1.12B,$0.25B,22.27%,$1.12B,$0.01B,0.89%,$1.12B,$0.02B,1.79%,$1.12B,$0.14B,12.70%,$1.12B,$0.01B,0.89%,$1.12B,$-0.01B,-1.25%,$-0.01B,$0.26B,-1.62%,$-0.01B,$0.03B,-2.79%,$-0.01B,$1.34B,-0.58%,$0.01B,$0.57B,0.86%,$357,$249,$108,$4,$55,$346,$12,$-3,$9,$9,$-0,$-0,$-17,$40,$15,$107,107,$-0.16,$-0.16,$67,$11,$357,$628,$265,$39,$228,$50,$709,$1337,$344,$315,$88,$736,$1081,$1,$649,$5,$257,$1337,$28,$52,$53,$105,$47,$0,$-18,$-51,$-50,$83,$-41,$0,$0,$0,$-6,$-6,$4,$-43,$30,$0,$30,$3,$3,$-22,$-313,$-301,$-266,$22,$-22
14,2015-03-31,23.04,$9.79,2.35,$10.38,2.22,$-2.74,0.0,$0.26,88.61,$1.42B,$0.73B,1.94,$0.28B,$1.05B,0.27,$1.12B,$0.25B,21.91%,$1.12B,$0.03B,2.23%,$1.12B,$0.05B,4.01%,$1.12B,$0.16B,14.25%,$1.12B,$0.03B,2.49%,$1.12B,$0.03B,2.58%,$0.03B,$1.05B,2.67%,$0.03B,$0.57B,4.46%,$0.03B,$2.79B,1.06%,$0.03B,$1.33B,1.83%,$335,$228,$108,$4,$50,$282,$54,$-4,$50,$16,$34,$34,$45,$82,$56,$107,107,$0.42,$0.42,$336,$110,$445,$1421,$429,$142,$482,$68,$1371,$2792,$734,$281,$115,$1011,$1745,$1,$677,$-5,$1047,$2792,$45,$26,$8,$35,$17,$0,$-41,$-47,$-75,$5,$-21,$0,$0,$0,$-6,$-6,$4,$-24,$-4,$0,$-4,$2,$2,$-11,$-0,$-13,$-39,$7,$-11
15,2014-12-31,21.69,$9.51,2.28,$13.22,1.64,$-3.81,0.0,$0.25,86.74,$1.47B,$0.82B,1.8,$0.29B,$1.01B,0.28,$1.45B,$0.30B,20.55%,$1.45B,$0.03B,1.72%,$1.45B,$0.06B,4.00%,$1.45B,$0.16B,11.31%,$1.45B,$0.03B,2.21%,$1.45B,$0.03B,2.00%,$0.03B,$1.01B,2.58%,$0.03B,$0.78B,4.04%,$0.03B,$2.86B,1.09%,$0.03B,$1.30B,1.87%,$89,$150,$-62,$0,$27,$179,$-91,$-9,$-100,$-30,$-70,$-70,$-103,$-42,$-90,$108,109,$-0.95,$-0.95,$179,$10,$323,$1474,$308,$39,$230,$50,$1383,$2857,$820,$285,$99,$1023,$1843,$1,$642,$4,$1014,$2857,$21,$106,$190,$296,$-50,$0,$-81,$-123,$-237,$81,$-76,$-1,$-128,$0,$12,$12,$-8,$-200,$300,$-2,$298,$-145,$-145,$-43,$-11,$99,$-33,$23,$-43
16,2014-09-30,19.75,$10.70,1.85,$4.24,4.66,$-3.20,0.0,$2.70,7.32,$1.37B,$0.71B,1.93,$0.30B,$1.14B,0.26,$0.44B,$0.31B,70.75%,$0.44B,$0.18B,41.27%,$0.44B,$0.21B,48.07%,$0.44B,$0.29B,65.53%,$0.44B,$0.18B,39.91%,$0.44B,$0.30B,67.57%,$0.30B,$1.14B,25.60%,$0.30B,$0.63B,41.03%,$0.30B,$2.66B,11.47%,$0.18B,$1.44B,13.92%,$337,$243,$95,$4,$55,$303,$35,$16,$51,$11,$40,$40,$61,$62,$39,$107,107,$0.57,$0.57,$259,$117,$407,$1372,$463,$146,$510,$48,$1285,$2657,$711,$299,$115,$806,$1517,$1,$757,$17,$1140,$2657,$125,$57,$32,$90,$-62,$0,$-115,$-124,$-300,$-85,$-56,$-1,$-128,$0,$6,$6,$4,$-175,$304,$-2,$303,$-146,$-146,$-33,$-5,$119,$-149,$12,$-33
17,2014-06-30,23.08,$10.57,2.18,$8.03,2.87,$-2.35,0.0,$2.67,8.64,$1.33B,$0.70B,1.91,$0.26B,$1.14B,0.23,$0.88B,$0.41B,46.99%,$0.88B,$0.23B,26.05%,$0.88B,$0.27B,31.06%,$0.88B,$0.35B,39.25%,$0.88B,$0.21B,23.44%,$0.88B,$0.30B,33.79%,$0.30B,$1.14B,26.06%,$0.30B,$0.62B,40.24%,$0.30B,$2.63B,11.34%,$0.23B,$1.40B,18.95%,$362,$258,$105,$27,$53,$335,$27,$-0,$27,$8,$19,$19,$26,$58,$40,$110,110,$0.24,$0.24,$260,$113,$412,$1330,$470,$163,$517,$50,$1296,$2626,$696,$260,$110,$793,$1489,$1,$706,$22,$1137,$2626,$65,$35,$7,$42,$-7,$6,$-129,$-79,$-214,$-108,$-38,$-1,$-127,$0,$2,$2,$6,$-158,$264,$-1,$263,$-96,$-96,$-22,$-5,$140,$-130,$7,$-22
18,2014-03-31,23.53,$10.84,2.17,$12.61,1.87,$-1.22,0.0,$3.08,7.64,$1.34B,$0.81B,1.66,$0.02B,$1.20B,0.01,$1.40B,$0.51B,36.21%,$1.40B,$0.30B,21.45%,$1.40B,$0.35B,24.95%,$1.40B,$0.42B,30.01%,$1.40B,$0.28B,19.81%,$1.40B,$0.34B,24.52%,$0.34B,$1.20B,31.22%,$0.34B,$0.84B,46.58%,$0.34B,$2.50B,13.01%,$0.30B,$1.21B,27.22%,$662,$502,$160,$24,$95,$608,$54,$1,$54,$13,$41,$41,$45,$86,$69,$110,111,$0.41,$0.41,$250,$110,$487,$1339,$448,$190,$362,$42,$1161,$2500,$808,$15,$114,$494,$1302,$1,$691,$22,$1197,$2500,$41,$17,$4,$21,$18,$3,$-82,$-107,$-176,$-114,$-21,$0,$0,$0,$-0,$-0,$10,$-11,$15,$0,$15,$-13,$-13,$-11,$1,$-9,$-138,$5,$-11
19,2013-12-31,24.16,$10.71,2.26,$13.66,1.77,$-0.40,0.0,$3.08,7.84,$1.44B,$0.93B,1.55,$0.00B,$1.18B,0.0,$1.55B,$0.53B,34.54%,$1.55B,$0.31B,19.86%,$1.55B,$0.36B,23.03%,$1.55B,$0.43B,27.62%,$1.55B,$0.29B,18.43%,$1.55B,$0.35B,22.38%,$0.35B,$1.18B,32.98%,$0.35B,$0.82B,50.57%,$0.35B,$2.61B,12.79%,$0.31B,$1.18B,29.25%,$-920,$-872,$-48,$5,$-115,$-986,$66,$-22,$44,$31,$13,$13,$166,$83,$64,$112,113,$1.49,$1.47,$403,$113,$419,$1437,$447,$189,$363,$45,$1172,$2609,$927,$0,$119,$499,$1426,$1,$657,$28,$1183,$2609,$333,$71,$-49,$21,$20,$12,$55,$-267,$-216,$138,$-65,$-2,$0,$0,$71,$71,$16,$20,$0,$0,$0,$-153,$-153,$-38,$-0,$-191,$-37,$29,$-38
20,2013-09-30,23.75,$9.39,2.53,$29.09,0.82,$-0.22,0.0,$1.93,12.31,$1.43B,$0.99B,1.44,$0.00B,$1.04B,0.0,$3.33B,$0.77B,23.21%,$3.33B,$0.31B,9.22%,$3.33B,$0.38B,11.29%,$3.33B,$0.44B,13.27%,$3.33B,$0.31B,9.16%,$3.33B,$0.22B,6.57%,$0.22B,$1.04B,21.81%,$0.22B,$0.68B,34.34%,$0.22B,$2.74B,7.92%,$0.31B,$1.04B,30.56%,$775,$578,$196,$24,$103,$693,$82,$-1,$81,$24,$57,$57,$60,$118,$100,$111,112,$0.54,$0.54,$312,$114,$425,$1430,$444,$206,$364,$82,$1310,$2740,$992,$0,$108,$707,$1699,$1,$502,$30,$1041,$2740,$172,$51,$9,$61,$-45,$11,$5,$-205,$-238,$-6,$-45,$-2,$0,$0,$40,$40,$15,$8,$0,$0,$0,$-136,$-136,$-27,$-0,$-163,$-164,$13,$-27
21,2013-06-30,21.1,$8.89,2.37,$28.92,0.73,$-0.92,0.0,$1.73,12.2,$1.42B,$1.02B,1.4,$0.00B,$0.99B,0.0,$3.36B,$0.78B,23.22%,$3.36B,$0.31B,9.19%,$3.36B,$0.38B,11.15%,$3.36B,$0.44B,13.11%,$3.36B,$0.28B,8.35%,$3.36B,$0.21B,6.24%,$0.21B,$0.99B,20.82%,$0.21B,$0.62B,31.67%,$0.21B,$2.73B,7.56%,$0.31B,$0.99B,30.63%,$886,$686,$200,$1,$107,$787,$99,$1,$99,$30,$70,$70,$73,$134,$117,$112,113,$0.65,$0.65,$360,$112,$395,$1417,$444,$205,$366,$84,$1308,$2725,$1015,$0,$107,$723,$1738,$1,$451,$24,$987,$2725,$115,$34,$-1,$33,$-37,$12,$6,$-130,$-136,$12,$-33,$-2,$0,$0,$17,$17,$13,$-6,$0,$1,$1,$-124,$-124,$-18,$-0,$-142,$-141,$9,$-18
22,2013-03-31,19.9,$8.70,2.29,$28.20,0.71,$-1.70,0.0,$1.62,12.29,$1.44B,$1.01B,1.43,$0.00B,$0.99B,0.0,$3.33B,$0.81B,24.44%,$3.33B,$0.32B,9.61%,$3.33B,$0.39B,11.56%,$3.33B,$0.45B,13.57%,$3.33B,$0.30B,8.89%,$3.33B,$0.21B,6.42%,$0.21B,$0.99B,21.25%,$0.21B,$0.62B,31.32%,$0.21B,$2.75B,7.66%,$0.32B,$0.99B,31.76%,$805,$620,$186,$28,$104,$745,$60,$1,$61,$16,$45,$45,$47,$92,$75,$114,115,$0.41,$0.41,$415,$117,$387,$1440,$445,$194,$368,$86,$1309,$2749,$1009,$0,$105,$754,$1764,$1,$387,$28,$986,$2749,$45,$17,$0,$18,$-14,$6,$20,$-123,$-89,$-26,$-19,$-2,$0,$0,$-7,$-7,$1,$-27,$0,$-0,$-0,$-56,$-56,$-9,$-0,$-66,$-122,$4,$-9
23,2012-12-31,18.3,$8.70,2.1,$27.62,0.66,$-2.35,0.0,$1.60,11.44,$1.52B,$1.08B,1.41,$0.00B,$1.00B,0.0,$3.29B,$0.83B,25.21%,$3.29B,$0.35B,10.51%,$3.29B,$0.41B,12.58%,$3.29B,$0.48B,14.64%,$3.29B,$0.32B,9.72%,$3.29B,$0.23B,6.90%,$0.23B,$1.00B,22.98%,$0.23B,$0.63B,33.05%,$0.23B,$2.84B,8.14%,$0.35B,$1.00B,35.00%,$865,$674,$191,$29,$115,$800,$66,$-2,$64,$27,$37,$37,$39,$98,$84,$118,119,$0.33,$0.33,$533,$124,$358,$1521,$447,$190,$368,$86,$1319,$2840,$1079,$0,$107,$758,$1837,$1,$349,$33,$1003,$2840,$218,$70,$140,$210,$-52,$-16,$30,$-179,$-242,$185,$-87,$0,$-0,$0,$-25,$-25,$1,$-111,$0,$-1,$-1,$-94,$-94,$-9,$-4,$-108,$-32,$32,$-9
24,2012-09-30,17.73,$8.89,1.99,$27.12,0.65,$-2.25,0.0,$1.81,9.8,$1.49B,$1.02B,1.47,$0.00B,$1.06B,0.0,$3.23B,$0.74B,23.05%,$3.23B,$0.23B,7.22%,$3.23B,$0.31B,9.45%,$3.23B,$0.32B,9.82%,$3.23B,$0.21B,6.35%,$3.23B,$0.16B,4.99%,$0.16B,$1.06B,17.02%,$0.16B,$0.78B,24.10%,$0.16B,$2.80B,5.80%,$0.23B,$1.06B,24.61%,$808,$604,$204,$28,$103,$723,$84,$-28,$57,$7,$49,$49,$51,$117,$99,$119,119,$0.43,$0.43,$401,$132,$415,$1489,$432,$203,$280,$175,$1315,$2804,$1016,$0,$112,$730,$1746,$1,$418,$-496,$1058,$2804,$181,$55,$3,$58,$-62,$-25,$38,$-294,$-318,$-79,$-59,$0,$0,$0,$-76,$-76,$-1,$-135,$0,$-2,$-2,$2,$2,$0,$-4,$-3,$-215,$14,$0
25,2012-06-30,17.06,$8.27,2.06,$26.32,0.65,$-1.85,0.0,$1.86,9.17,$1.46B,$1.09B,1.35,$0.00B,$0.98B,0.0,$3.13B,$0.71B,22.76%,$3.13B,$0.21B,6.62%,$3.13B,$0.29B,9.14%,$3.13B,$0.32B,10.10%,$3.13B,$0.21B,6.65%,$3.13B,$0.16B,4.99%,$0.16B,$0.98B,17.28%,$0.16B,$0.70B,24.87%,$0.16B,$2.78B,5.75%,$0.21B,$0.98B,22.90%,$853,$620,$233,$34,$106,$743,$110,$4,$114,$39,$74,$74,$77,$145,$127,$119,119,$0.65,$0.65,$419,$116,$404,$1459,$425,$191,$279,$209,$1322,$2781,$1085,$1,$135,$715,$1799,$1,$377,$-520,$982,$2781,$131,$37,$-2,$35,$-43,$-10,$18,$-254,$-241,$-75,$-42,$0,$0,$0,$-92,$-92,$5,$-129,$0,$-0,$-0,$1,$1,$0,$-4,$-2,$-208,$9,$0
26,2012-03-31,17.93,$7.67,2.34,$25.53,0.7,$-1.59,0.0,$1.71,10.48,$1.41B,$1.08B,1.31,$0.00B,$0.91B,0.0,$3.03B,$0.64B,21.28%,$3.03B,$0.16B,5.29%,$3.03B,$0.24B,7.96%,$3.03B,$0.29B,9.65%,$3.03B,$0.16B,5.32%,$3.03B,$0.13B,4.13%,$0.13B,$0.91B,14.45%,$0.13B,$0.63B,21.13%,$0.13B,$2.74B,4.70%,$0.16B,$0.91B,18.47%,$766,$564,$202,$29,$104,$679,$86,$-1,$85,$28,$57,$57,$60,$122,$104,$118,119,$0.51,$0.50,$420,$114,$381,$1409,$427,$182,$277,$205,$1327,$2736,$1075,$1,$134,$753,$1828,$1,$313,$-519,$909,$2736,$57,$18,$28,$46,$-28,$-6,$-10,$-166,$-207,$-103,$-21,$0,$0,$0,$-49,$-49,$2,$-69,$0,$-0,$-0,$1,$1,$0,$1,$3,$-166,$4,$0
27,2011-12-31,16.8,$7.07,2.38,$24.95,0.67,$-1.41,0.0,$1.43,11.75,$1.49B,$1.16B,1.29,$0.00B,$0.84B,0.0,$2.95B,$0.57B,19.24%,$2.95B,$0.10B,3.25%,$2.95B,$0.17B,5.89%,$2.95B,$0.25B,8.37%,$2.95B,$0.10B,3.22%,$2.95B,$0.08B,2.68%,$0.08B,$0.84B,9.54%,$0.08B,$0.56B,14.22%,$0.08B,$2.79B,3.03%,$0.10B,$0.84B,11.58%,$801,$696,$105,$32,$146,$848,$-47,$-4,$-51,$-22,$-29,$-29,$-27,$-67,$-25,$118,118,$-0.23,$-0.23,$545,$107,$349,$1487,$422,$167,$276,$194,$1302,$2789,$1155,$1,$132,$799,$1954,$1,$131,$27,$835,$2789,$71,$73,$207,$280,$-27,$-6,$48,$-201,$-177,$174,$-64,$0,$-12,$0,$-36,$-36,$-42,$-154,$0,$-1,$-1,$4,$4,$0,$4,$8,$24,$18,$0
28,2011-09-30,13.61,$7.51,1.81,$24.18,0.56,$-1.24,0.0,$1.34,10.16,$1.33B,$1.03B,1.29,$0.00B,$0.89B,0.0,$2.86B,$0.63B,22.20%,$2.86B,$0.20B,7.07%,$2.86B,$0.28B,9.94%,$2.86B,$0.36B,12.43%,$2.86B,$0.20B,7.04%,$2.86B,$0.15B,5.11%,$0.15B,$0.89B,18.30%,$0.15B,$0.62B,27.70%,$0.15B,$2.55B,5.76%,$0.20B,$0.89B,25.30%,$708,$536,$172,$35,$102,$650,$58,$2,$60,$20,$40,$40,$46,$116,$80,$118,119,$0.39,$0.39,$346,$108,$349,$1329,$408,$183,$270,$185,$1216,$2545,$1029,$1,$137,$631,$1660,$1,$202,$-413,$885,$2545,$100,$115,$40,$154,$-64,$-8,$34,$-237,$-300,$-46,$-44,$0,$0,$0,$-13,$-13,$-32,$-89,$0,$-0,$-0,$4,$4,$0,$4,$8,$-130,$13,$0
29,2011-06-30,19.29,$7.07,2.73,$23.59,0.82,$-1.22,0.0,$1.26,15.31,$1.29B,$1.04B,1.24,$0.00B,$0.83B,0.0,$2.78B,$0.63B,22.51%,$2.78B,$0.21B,7.52%,$2.78B,$0.29B,10.28%,$2.78B,$0.36B,12.94%,$2.78B,$0.20B,7.16%,$2.78B,$0.14B,4.89%,$0.14B,$0.83B,18.12%,$0.14B,$0.56B,28.44%,$0.14B,$2.58B,5.45%,$0.21B,$0.83B,27.82%,$752,$588,$165,$23,$97,$689,$63,$3,$67,$20,$46,$46,$46,$121,$82,$118,118,$0.39,$0.39,$307,$105,$351,$1290,$417,$221,$272,$183,$1289,$2578,$1044,$1,$137,$703,$1747,$1,$156,$-410,$832,$2578,$60,$79,$25,$104,$-72,$-3,$16,$-151,$-216,$-52,$-32,$0,$0,$0,$-53,$-53,$-9,$-94,$0,$-2,$-2,$4,$4,$0,$4,$7,$-133,$10,$0
