,Date,Stock Price,Book Value per Share,Price to Book Ratio,TTM Sales per Share,Price to Sales Ratio,TTM FCF per Share,Price to FCF Ratio,TTM Net EPS,PE Ratio,Current Assets,Current Liabilities,Current Ratio,Long Term Debt,Shareholder's Equity_x,Debt to Equity Ratio,TTM Revenue_x,TTM Gross Profit,Gross Margin,TTM Revenue_y,TTM Operating Income,Operating Margin,TTM Revenue_x,TTM EBIT,EBIT Margin,TTM Revenue_y,TTM EBITDA,EBITDA Margin,TTM Revenue_x,TTM Pre-Tax Income,Pre-Tax Margin,TTM Revenue_y,TTM Net Income_x,Net Margin,TTM Net Income_y,Shareholder's Equity_y,Return on Equity,TTM Net Income_x,Tangible Equity,Return on Tangible Equity,TTM Net Income_y,Total Assets,Return on Assets,TTM Net Income,LT Investments & Debt,Return on Investment,revenue,cost-goods-sold,gross-profit,research-development-expenses,selling-general-administrative-expenses,operating-expenses,operating-income,total-non-operating-income-expense,pre-tax-income,total-provision-income-taxes,income-after-taxes,income-from-continuous-operations,net-income,ebitda,ebit,basic-shares-outstanding,shares-outstanding,eps-basic-net-earnings-per-share,eps-earnings-per-share-diluted,cash-on-hand,inventory,other-current-assets,total-current-assets,net-property-plant-equipment,long-term-investments,goodwill-intangible-assets-total,other-long-term-assets,total-long-term-assets,total-assets,total-current-liabilities,long-term-debt,other-non-current-liabilities,total-long-term-liabilities,total-liabilities,common-stock-net,retained-earnings-accumulated-deficit,comprehensive-income,total-share-holder-equity,total-liabilities-share-holders-equity,net-income-loss,total-depreciation-amortization-cash-flow,other-non-cash-items,total-non-cash-items,change-in-accounts-receivable,change-in-inventories,change-in-accounts-payable,change-in-assets-liabilities,total-change-in-assets-liabilities,cash-flow-from-operating-activities,net-change-in-property-plant-equipment,net-change-in-intangible-assets,net-acquisitions-divestitures,net-change-in-short-term-investments,net-change-in-long-term-investments,net-change-in-investments-total,investing-activities-other,cash-flow-from-investing-activities,net-long-term-debt,net-current-debt,debt-issuance-retirement-net-total,net-common-equity-issued-repurchased,net-total-equity-issued-repurchased,total-common-preferred-stock-dividends-paid,financial-activities-other,cash-flow-from-financial-activities,net-cash-flow,stock-based-compensation,common-stock-dividends-paid
0,2018-09-30,38.08,$21.74,1.75,$9.82,3.88,$-10.21,0.0,$2.68,14.21,$5.24B,$5.39B,0.97,$10.36B,$14.55B,0.71,$8.26B,$8.26B,100.00%,$8.26B,$4.22B,51.13%,$8.26B,$4.42B,53.49%,$8.26B,$4.48B,54.18%,$8.26B,$4.96B,60.06%,$8.26B,$1.86B,22.48%,$1.86B,$14.55B,13.30%,$1.86B,$12.41B,15.74%,$1.86B,$30.46B,6.04%,$4.22B,$24.92B,16.73%,$1927,$0,$1927,$0,$976,$1018,$909,$67,$976,$27,$949,$949,$443,$965,$950,$682,1206,$0.65,$0.64,$2347,$0,$0,$5240,$0,$22095,$2145,$269,$25221,$30460,$5392,$10361,$0,$10515,$15907,$7024,$0,$-37,$14553,$30460,$3342,$43,$-1921,$-1878,$-462,$97,$-248,$-2191,$-2804,$-1340,$-9,$0,$0,$0,$0,$0,$0,$-9,$2211,$0,$2211,$-312,$-312,$-2766,$616,$-251,$-1590,$283,$-2766
1,2018-06-30,31.65,$21.49,1.47,$9.67,3.27,$-10.13,0.0,$2.60,12.17,$4.93B,$5.06B,0.97,$10.38B,$14.48B,0.72,$8.07B,$8.07B,100.00%,$8.07B,$4.15B,51.38%,$8.07B,$4.34B,53.79%,$8.07B,$4.39B,54.45%,$8.07B,$4.88B,60.47%,$8.07B,$1.79B,22.21%,$1.79B,$14.48B,13.14%,$1.79B,$12.32B,15.55%,$1.79B,$30.08B,5.77%,$4.15B,$24.86B,16.26%,$2633,$0,$2633,$0,$977,$1016,$1616,$74,$1690,$139,$1551,$1551,$742,$1670,$1656,$682,682,$1.09,$1.09,$1999,$0,$0,$4933,$0,$22008,$2159,$253,$25143,$30075,$5062,$10378,$0,$10537,$15599,$7105,$0,$-58,$14477,$30075,$2393,$29,$-1216,$-1187,$-338,$69,$-445,$-3152,$-3867,$-2661,$-9,$0,$0,$0,$0,$0,$0,$-9,$2214,$0,$2214,$-87,$-87,$-1828,$422,$720,$-1938,$209,$-1828
2,2018-03-31,31.08,$19.97,1.56,$7.09,4.38,$-6.58,0.0,$2.02,15.39,$5.04B,$4.96B,1.02,$9.45B,$13.32B,0.71,$6.97B,$6.97B,100.00%,$6.97B,$3.19B,45.68%,$6.97B,$3.38B,48.49%,$6.97B,$3.43B,49.20%,$6.97B,$3.96B,56.72%,$6.97B,$1.39B,19.89%,$1.39B,$13.32B,10.44%,$1.39B,$11.14B,12.36%,$1.39B,$27.93B,4.47%,$3.19B,$22.77B,12.56%,$1769,$0,$1769,$0,$944,$983,$786,$111,$897,$54,$842,$842,$368,$839,$825,$674,1211,$0.55,$0.53,$2450,$0,$0,$5041,$0,$19764,$2174,$236,$22892,$27933,$4959,$9450,$0,$9659,$14618,$6541,$0,$-27,$13316,$27933,$842,$14,$-592,$-577,$-54,$40,$-380,$-1641,$-2035,$-1770,$-5,$0,$0,$0,$0,$0,$0,$-5,$1244,$0,$1244,$-12,$-12,$-1186,$222,$267,$-1486,$92,$-1186
3,2017-12-31,30.37,$20.49,1.48,$7.22,4.2,$-4.67,0.0,$2.18,13.93,$6.83B,$5.76B,1.19,$14.93B,$13.51B,1.11,$7.12B,$7.12B,100.00%,$7.12B,$3.39B,47.65%,$7.12B,$3.59B,50.41%,$7.12B,$3.64B,51.07%,$7.12B,$4.12B,57.83%,$7.12B,$1.47B,20.66%,$1.47B,$13.51B,11.15%,$1.47B,$11.32B,13.17%,$1.47B,$34.42B,4.72%,$3.39B,$28.45B,13.37%,$1933,$0,$1933,$0,$945,$1020,$913,$486,$1399,$597,$803,$803,$304,$1002,$988,$665,666,$0.45,$0.48,$3922,$0,$0,$6825,$0,$24434,$2188,$243,$27591,$34416,$5759,$14934,$0,$15145,$20904,$6669,$0,$-34,$13512,$34416,$3374,$47,$-2336,$-2289,$-16,$99,$-765,$-2851,$-3533,$-2449,$-24,$0,$-169,$0,$0,$0,$5,$-188,$5834,$0,$5834,$-30,$-30,$-3657,$624,$2771,$155,$339,$-3657
4,2017-09-30,31.24,$20.16,1.55,$5.63,5.54,$-1.42,0.0,$2.31,13.52,$5.91B,$5.64B,1.05,$12.66B,$13.26B,0.95,$6.76B,$6.76B,100.00%,$6.76B,$3.22B,47.73%,$6.76B,$3.39B,50.14%,$6.76B,$3.44B,50.87%,$6.76B,$3.54B,52.35%,$6.76B,$1.54B,22.72%,$1.54B,$13.26B,11.91%,$1.54B,$11.31B,14.05%,$1.54B,$31.76B,5.26%,$3.22B,$25.92B,13.67%,$1735,$0,$1735,$0,$863,$905,$831,$63,$894,$60,$835,$835,$378,$883,$872,$667,1201,$0.57,$0.55,$2981,$0,$0,$5914,$0,$22385,$1948,$253,$25848,$31762,$5644,$12656,$0,$12858,$18502,$6620,$0,$-34,$13260,$31762,$2571,$33,$-1752,$-1719,$-245,$5,$-751,$-1092,$-2083,$-1231,$-20,$0,$0,$0,$0,$0,$0,$-20,$3680,$0,$3680,$-29,$-29,$-2845,$469,$1274,$129,$263,$-2845
5,2017-06-30,30.73,$19.99,1.54,$5.39,5.7,$0.16,196.7,$2.22,13.84,$6.09B,$5.62B,1.08,$11.25B,$13.07B,0.86,$6.45B,$6.45B,100.00%,$6.45B,$3.05B,47.29%,$6.45B,$3.21B,49.75%,$6.45B,$3.27B,50.68%,$6.45B,$3.36B,52.09%,$6.45B,$1.47B,22.78%,$1.47B,$13.07B,11.65%,$1.47B,$11.11B,13.82%,$1.47B,$30.13B,5.38%,$3.05B,$24.32B,13.89%,$1536,$0,$1536,$0,$840,$881,$655,$110,$765,$30,$735,$735,$337,$707,$696,$665,1200,$0.51,$0.50,$3272,$0,$0,$6092,$0,$20549,$1959,$234,$24035,$30128,$5622,$11249,$0,$11440,$17062,$6558,$0,$-47,$13066,$30128,$1737,$22,$-1201,$-1179,$60,$30,$-727,$-344,$-980,$-422,$-14,$0,$0,$0,$0,$0,$0,$-14,$2423,$0,$2423,$-13,$-13,$-1967,$333,$776,$412,$180,$-1967
6,2017-03-31,26.61,$19.89,1.34,$5.10,5.21,$0.71,37.35,$2.01,13.24,$6.71B,$5.34B,1.26,$9.89B,$12.91B,0.77,$6.11B,$6.11B,100.00%,$6.11B,$2.88B,47.09%,$6.11B,$3.03B,49.62%,$6.11B,$3.10B,50.80%,$6.11B,$3.11B,50.87%,$6.11B,$1.33B,21.81%,$1.33B,$12.91B,10.80%,$1.33B,$10.94B,12.88%,$1.33B,$28.34B,5.21%,$2.88B,$22.81B,13.98%,$1915,$0,$1915,$0,$882,$922,$993,$66,$1059,$57,$1002,$1002,$452,$1044,$1033,$661,1200,$0.68,$0.68,$3765,$0,$0,$6708,$0,$18138,$1970,$257,$21629,$28337,$5343,$9892,$0,$10080,$15423,$6714,$0,$-55,$12914,$28337,$1002,$11,$-730,$-719,$206,$56,$-723,$731,$270,$552,$-10,$0,$0,$0,$0,$0,$0,$-10,$871,$0,$871,$-13,$-13,$-733,$187,$313,$871,$91,$-733
7,2016-12-31,23.86,$19.16,1.25,$4.29,5.56,$0.44,54.66,$1.55,15.39,$5.18B,$4.95B,1.05,$8.94B,$12.33B,0.73,$5.13B,$5.13B,100.00%,$5.13B,$2.20B,42.89%,$5.13B,$2.35B,45.85%,$5.13B,$2.43B,47.49%,$5.13B,$2.38B,46.48%,$5.13B,$1.04B,20.29%,$1.04B,$12.33B,8.64%,$1.04B,$10.35B,10.37%,$1.04B,$26.40B,4.34%,$2.20B,$21.27B,11.33%,$1569,$0,$1569,$0,$783,$824,$745,$74,$818,$48,$770,$770,$368,$802,$786,$649,1195,$0.56,$0.56,$2961,$0,$0,$5176,$0,$17695,$1981,$265,$21227,$26403,$4947,$8942,$0,$9127,$14074,$6524,$0,$-63,$12330,$26403,$2250,$83,$-1362,$-1279,$29,$163,$-176,$-1529,$-1512,$-541,$-22,$0,$0,$0,$0,$0,$-7,$-29,$2900,$0,$2900,$-28,$-28,$-2553,$250,$570,$-0,$324,$-2553
8,2016-09-30,22.15,$19.05,1.16,$3.73,5.94,$2.88,7.7,$1.23,18.01,$4.80B,$4.75B,1.01,$7.31B,$12.16B,0.6,$4.45B,$4.45B,100.00%,$4.45B,$1.79B,40.29%,$4.45B,$1.94B,43.63%,$4.45B,$2.04B,45.70%,$4.45B,$2.01B,45.03%,$4.45B,$0.87B,19.60%,$0.87B,$12.16B,7.29%,$0.87B,$10.16B,8.78%,$0.87B,$24.41B,3.79%,$1.79B,$19.47B,9.63%,$1432,$0,$1432,$0,$736,$774,$658,$61,$719,$28,$692,$692,$313,$717,$695,$651,1196,$0.48,$0.47,$2980,$0,$0,$4797,$0,$15958,$1997,$373,$19616,$24414,$4753,$7307,$0,$7501,$12254,$6345,$0,$-47,$12160,$24414,$1479,$67,$-838,$-771,$167,$129,$-167,$-175,$-46,$662,$-18,$0,$0,$0,$0,$0,$6,$-13,$987,$0,$987,$-26,$-26,$-1835,$170,$-705,$-55,$242,$-1835
9,2016-06-30,21.01,$18.85,1.11,$2.55,8.23,$4.41,4.76,$0.36,58.37,$4.26B,$4.13B,1.03,$6.80B,$11.94B,0.57,$3.03B,$3.03B,100.00%,$3.03B,$0.67B,22.12%,$3.03B,$0.82B,27.00%,$3.03B,$0.92B,30.30%,$3.03B,$0.80B,26.51%,$3.03B,$0.31B,10.06%,$0.31B,$11.94B,2.53%,$0.31B,$9.92B,3.06%,$0.31B,$23.04B,1.34%,$0.67B,$18.74B,3.64%,$1192,$0,$1192,$0,$676,$713,$480,$31,$511,$47,$463,$463,$199,$540,$517,$647,1194,$0.31,$0.30,$2276,$0,$0,$4258,$0,$15137,$2018,$344,$18784,$23042,$4128,$6798,$0,$6972,$11100,$6208,$0,$-46,$11941,$23042,$788,$46,$-372,$-327,$88,$108,$-234,$-176,$-214,$247,$-16,$0,$0,$0,$0,$0,$6,$-10,$572,$0,$572,$-14,$-14,$-1237,$101,$-579,$-342,$164,$-1237
10,2016-03-31,23.78,$18.58,1.28,$3.49,6.82,$6.71,3.54,$0.27,88.07,$3.77B,$3.73B,1.01,$6.41B,$11.73B,0.55,$3.07B,$3.07B,100.00%,$3.07B,$0.50B,16.37%,$3.07B,$0.65B,21.20%,$3.07B,$0.75B,24.49%,$3.07B,$0.69B,22.37%,$3.07B,$0.24B,7.83%,$0.24B,$11.73B,1.92%,$0.24B,$9.69B,2.31%,$0.24B,$22.05B,1.03%,$0.50B,$18.14B,2.69%,$932,$0,$932,$0,$580,$618,$315,$19,$334,$9,$325,$325,$160,$375,$352,$645,1194,$0.25,$0.23,$1966,$0,$0,$3767,$0,$14625,$2041,$316,$18284,$22051,$3733,$6407,$0,$6584,$10317,$6136,$0,$-46,$11734,$22051,$325,$23,$-94,$-71,$103,$92,$-268,$39,$-34,$220,$-10,$0,$0,$0,$0,$0,$6,$-4,$137,$0,$137,$-13,$-13,$-814,$9,$-681,$-465,$80,$-814
11,2015-12-31,24.23,$19.29,1.26,$6.69,3.62,$7.29,3.32,$1.04,23.3,$4.48B,$4.14B,1.08,$6.16B,$12.05B,0.51,$4.65B,$4.65B,100.00%,$4.65B,$1.56B,33.51%,$4.65B,$1.70B,36.57%,$4.65B,$1.80B,38.79%,$4.65B,$1.82B,39.07%,$4.65B,$0.71B,15.26%,$0.71B,$12.05B,5.28%,$0.71B,$9.98B,6.30%,$0.71B,$22.53B,2.75%,$1.56B,$18.21B,7.68%,$897,$0,$897,$0,$518,$557,$341,$100,$441,$46,$395,$395,$201,$403,$379,$634,1188,$0.30,$0.23,$2629,$0,$0,$4483,$0,$14324,$2064,$377,$18043,$22526,$4138,$6158,$0,$6341,$10479,$6322,$0,$-53,$12047,$22526,$1624,$101,$-738,$-637,$-311,$-97,$-577,$2396,$1410,$2397,$-59,$0,$0,$0,$0,$0,$6,$-53,$1906,$0,$1906,$-61,$-61,$-4174,$410,$-1919,$425,$630,$-4174
12,2015-09-30,25.39,$20.08,1.26,$9.23,2.75,$7.97,3.18,$1.70,14.93,$4.41B,$4.75B,0.93,$6.20B,$12.49B,0.5,$5.77B,$5.77B,100.00%,$5.77B,$2.41B,41.84%,$5.77B,$2.55B,44.25%,$5.77B,$2.66B,46.05%,$5.77B,$2.71B,47.00%,$5.77B,$1.06B,18.35%,$1.06B,$12.49B,7.49%,$1.06B,$10.32B,8.88%,$1.06B,$23.62B,3.78%,$2.41B,$18.69B,11.13%,$12,$0,$12,$0,$440,$477,$-465,$-17,$-482,$2,$-484,$-484,$-255,$-399,$-429,$639,639,$-0.40,$-0.40,$2320,$0,$0,$4410,$0,$15299,$2168,$369,$19209,$23619,$4748,$6201,$0,$6384,$11132,$6567,$0,$-50,$12487,$23619,$1230,$78,$-1149,$-1071,$-311,$18,$-572,$2090,$1224,$1383,$-59,$0,$0,$0,$0,$0,$6,$-53,$1822,$0,$1822,$-58,$-58,$-3403,$277,$-1362,$-32,$561,$-3403
13,2015-06-30,32.16,$22.24,1.45,$11.94,2.69,$9.23,3.49,$2.51,12.81,$4.92B,$4.89B,1.01,$5.88B,$13.72B,0.43,$7.44B,$7.44B,100.00%,$7.44B,$3.50B,47.10%,$7.44B,$3.64B,48.92%,$7.44B,$3.74B,50.25%,$7.44B,$3.83B,51.46%,$7.44B,$1.57B,21.04%,$1.57B,$13.72B,10.79%,$1.57B,$11.52B,12.76%,$1.57B,$24.68B,5.26%,$3.50B,$19.59B,15.58%,$1225,$0,$1225,$0,$877,$914,$311,$82,$393,$43,$350,$350,$134,$372,$348,$632,634,$0.21,$0.21,$3001,$0,$0,$4920,$0,$15920,$2197,$338,$19764,$24684,$4893,$5878,$0,$6075,$10968,$7176,$0,$-36,$13715,$24684,$1714,$48,$-1861,$-1813,$-57,$7,$-553,$2302,$1700,$1600,$-17,$0,$0,$0,$0,$0,$6,$-11,$1468,$0,$1468,$-36,$-36,$-2468,$197,$-838,$752,$483,$-2468
14,2015-03-31,29.96,$25.35,1.18,$13.71,2.19,$9.73,3.08,$3.15,9.51,$5.59B,$5.30B,1.05,$9.15B,$15.44B,0.59,$8.47B,$8.47B,100.00%,$8.47B,$4.36B,51.48%,$8.47B,$4.49B,52.99%,$8.47B,$4.59B,54.17%,$8.47B,$4.74B,55.97%,$8.47B,$1.95B,23.00%,$1.95B,$15.44B,13.48%,$1.95B,$13.22B,15.98%,$1.95B,$32.41B,6.26%,$4.36B,$24.60B,18.78%,$2512,$0,$2512,$0,$1111,$1143,$1370,$94,$1463,$99,$1364,$1364,$629,$1426,$1401,$625,631,$1.01,$1.00,$3185,$0,$0,$5590,$0,$22896,$2221,$458,$26817,$32407,$5302,$9151,$0,$11661,$16963,$7501,$0,$-42,$15444,$32407,$1364,$25,$-1626,$-1601,$-49,$54,$-620,$1331,$716,$479,$-3,$0,$0,$0,$0,$0,$6,$3,$473,$0,$473,$-28,$-28,$-1200,$-4,$-759,$-277,$272,$-1200
15,2014-12-31,25.51,$25.00,1.02,$12.25,2.08,$10.59,2.41,$2.59,9.85,$4.91B,$5.21B,0.94,$8.95B,$14.89B,0.6,$7.49B,$7.49B,100.00%,$7.49B,$3.63B,48.48%,$7.49B,$3.75B,50.10%,$7.49B,$3.85B,51.46%,$7.49B,$3.99B,53.27%,$7.49B,$1.59B,21.18%,$1.59B,$14.89B,11.54%,$1.59B,$12.65B,13.84%,$1.59B,$31.50B,5.19%,$3.63B,$23.85B,15.94%,$2021,$0,$2021,$0,$788,$823,$1198,$140,$1338,$75,$1263,$1263,$551,$1258,$1233,$609,613,$0.90,$0.88,$3221,$0,$0,$4908,$0,$22766,$2246,$325,$26589,$31497,$5210,$8954,$0,$11396,$16605,$7081,$0,$-21,$14892,$31497,$3696,$102,$-2893,$-2791,$459,$-321,$-270,$882,$750,$1655,$-30,$0,$0,$0,$0,$0,$6,$-24,$818,$0,$818,$-36,$-36,$-3331,$1499,$-1050,$580,$735,$-3331
16,2014-09-30,23.39,$23.57,0.99,$13.54,1.73,$13.90,1.68,$2.74,8.54,$4.54B,$6.19B,0.73,$7.94B,$13.95B,0.57,$8.17B,$8.17B,100.00%,$8.17B,$3.81B,46.62%,$8.17B,$3.92B,48.01%,$8.17B,$4.03B,49.27%,$8.17B,$4.23B,51.80%,$8.17B,$1.66B,20.25%,$1.66B,$13.95B,12.61%,$1.66B,$11.68B,15.30%,$1.66B,$30.51B,5.50%,$3.81B,$21.88B,16.85%,$1679,$0,$1679,$0,$1024,$1055,$624,$9,$633,$79,$554,$554,$251,$681,$656,$612,615,$0.41,$0.41,$2555,$0,$0,$4539,$0,$22121,$2271,$361,$25975,$30514,$6186,$7937,$0,$10380,$16566,$6712,$0,$-9,$13948,$30514,$2432,$77,$-1894,$-1817,$364,$-216,$-61,$1366,$1452,$2068,$-21,$0,$0,$0,$0,$0,$6,$-16,$-520,$0,$-520,$-34,$-34,$-2436,$1049,$-1941,$112,$584,$-2436
17,2014-06-30,24.47,$22.99,1.06,$12.86,1.9,$15.15,1.61,$2.62,9.34,$4.65B,$5.22B,0.89,$9.03B,$13.53B,0.67,$7.71B,$7.71B,100.00%,$7.71B,$3.62B,46.89%,$7.71B,$3.73B,48.31%,$7.71B,$3.83B,49.63%,$7.71B,$4.12B,53.42%,$7.71B,$1.58B,20.43%,$1.58B,$13.53B,12.87%,$1.58B,$11.23B,15.91%,$1.58B,$30.06B,5.35%,$3.62B,$22.56B,16.10%,$2258,$0,$2258,$0,$1060,$1090,$1168,$139,$1307,$83,$1223,$1223,$517,$1223,$1198,$607,610,$0.85,$0.85,$2515,$0,$0,$4646,$0,$21627,$2296,$303,$25413,$30059,$5218,$9031,$0,$11315,$16533,$6739,$0,$6,$13527,$30059,$1878,$52,$-1795,$-1744,$525,$-293,$-436,$1912,$1709,$1843,$-14,$0,$0,$0,$0,$0,$6,$-8,$-474,$0,$-474,$-25,$-25,$-1573,$628,$-1445,$391,$382,$-1573
18,2014-03-31,24.06,$21.56,1.12,$11.62,2.07,$14.41,1.67,$2.13,11.3,$4.23B,$5.05B,0.84,$10.20B,$12.60B,0.81,$6.89B,$6.89B,100.00%,$6.89B,$2.97B,43.15%,$6.89B,$3.08B,44.68%,$6.89B,$3.18B,46.10%,$6.89B,$3.38B,49.02%,$6.89B,$1.27B,18.41%,$1.27B,$12.60B,11.17%,$1.27B,$10.27B,14.05%,$1.27B,$30.03B,4.40%,$2.97B,$22.80B,13.42%,$1527,$0,$1527,$0,$863,$888,$639,$70,$709,$54,$655,$655,$266,$690,$663,$602,606,$0.44,$0.44,$2161,$0,$0,$4226,$0,$21906,$2322,$348,$25802,$30029,$5053,$10204,$0,$12381,$17433,$6343,$0,$2,$12595,$30029,$655,$26,$-455,$-429,$641,$-82,$-252,$448,$754,$980,$-6,$0,$0,$0,$0,$0,$6,$-0,$-393,$0,$-393,$-19,$-19,$-967,$355,$-1024,$-44,$195,$-967
19,2013-12-31,22.38,$21.70,1.03,$11.22,1.99,$14.67,1.53,$1.98,11.3,$4.11B,$4.52B,0.91,$10.78B,$12.43B,0.87,$6.61B,$6.61B,100.00%,$6.61B,$2.75B,41.53%,$6.61B,$2.86B,43.18%,$6.61B,$2.95B,44.60%,$6.61B,$3.15B,47.63%,$6.61B,$1.17B,17.71%,$1.17B,$12.43B,11.00%,$1.17B,$10.08B,14.06%,$1.17B,$29.68B,4.13%,$2.75B,$23.21B,12.54%,$2709,$0,$2709,$0,$1303,$1330,$1379,$206,$1585,$91,$1494,$1494,$621,$1433,$1407,$587,591,$1.06,$1.04,$2027,$0,$0,$4107,$0,$21730,$2348,$284,$25571,$29679,$4518,$10783,$0,$12733,$17251,$6303,$0,$3,$12427,$29679,$2893,$96,$-2043,$-1947,$191,$131,$-533,$2814,$2602,$3548,$-26,$0,$-146,$0,$0,$0,$6,$-166,$-2042,$0,$-2042,$-24,$-24,$-2313,$1120,$-3260,$122,$855,$-2313
20,2013-09-30,17.54,$18.25,0.96,$8.89,1.97,$9.72,1.8,$1.13,15.52,$3.92B,$4.66B,0.84,$10.87B,$10.39B,1.05,$5.12B,$5.12B,100.00%,$5.12B,$1.70B,33.16%,$5.12B,$1.81B,35.25%,$5.12B,$1.90B,37.05%,$5.12B,$1.75B,34.20%,$5.12B,$0.66B,12.81%,$0.66B,$10.39B,6.59%,$0.66B,$8.01B,8.58%,$0.66B,$28.04B,2.33%,$1.70B,$21.26B,7.79%,$1217,$0,$1217,$0,$760,$786,$430,$88,$518,$57,$461,$461,$171,$481,$457,$590,593,$0.29,$0.29,$2108,$0,$0,$3918,$0,$20151,$2375,$312,$24117,$28035,$4660,$10870,$0,$12988,$17648,$5670,$0,$2,$10387,$28035,$1399,$69,$-896,$-827,$87,$-41,$-278,$2394,$2161,$2733,$-19,$0,$-146,$0,$0,$0,$6,$-159,$-1539,$0,$-1539,$-21,$-21,$-1715,$880,$-2394,$179,$572,$-1715
21,2013-06-30,14.69,$17.75,0.83,$9.08,1.62,$5.75,2.56,$1.08,13.61,$3.95B,$4.38B,0.9,$11.36B,$10.02B,1.13,$5.13B,$5.13B,100.00%,$5.13B,$1.64B,31.99%,$5.13B,$1.74B,33.93%,$5.13B,$1.84B,35.84%,$5.13B,$1.47B,28.66%,$5.13B,$0.61B,11.98%,$0.61B,$10.02B,6.33%,$0.61B,$7.77B,8.29%,$0.61B,$27.74B,2.18%,$1.64B,$21.39B,7.43%,$1440,$0,$1440,$0,$888,$915,$526,$41,$567,$56,$511,$511,$211,$574,$553,$584,587,$0.36,$0.36,$2014,$0,$0,$3947,$0,$19898,$2258,$348,$23795,$27743,$4378,$11364,$0,$13342,$17720,$5538,$0,$1,$10022,$27743,$938,$44,$-737,$-693,$82,$-214,$-378,$1605,$1095,$1341,$-15,$0,$0,$0,$0,$0,$6,$-9,$-752,$0,$-752,$-15,$-15,$-1208,$596,$-1380,$-49,$379,$-1208
22,2013-03-31,13.6,$17.33,0.78,$7.81,1.74,$4.10,3.31,$0.58,23.45,$4.08B,$4.60B,0.89,$12.01B,$9.73B,1.23,$4.31B,$4.31B,100.00%,$4.31B,$1.00B,23.21%,$4.31B,$1.09B,25.20%,$4.31B,$1.20B,27.85%,$4.31B,$1.04B,24.07%,$4.31B,$0.33B,7.60%,$0.33B,$9.73B,3.47%,$0.33B,$7.45B,4.60%,$0.33B,$27.98B,1.18%,$1.00B,$21.73B,4.54%,$1246,$0,$1246,$0,$808,$835,$411,$67,$479,$51,$428,$428,$168,$461,$438,$582,586,$0.29,$0.29,$2315,$0,$0,$4080,$0,$19955,$2279,$343,$23898,$27978,$4604,$12007,$0,$13646,$18251,$5478,$0,$-2,$9727,$27978,$428,$23,$-286,$-263,$223,$-62,$-439,$1218,$940,$1104,$-7,$0,$0,$0,$0,$0,$6,$-1,$-414,$0,$-414,$-10,$-10,$-759,$186,$-997,$106,$195,$-759
23,2012-12-31,10.48,$17.36,0.6,$7.52,1.39,$2.47,4.25,$0.40,26.19,$4.12B,$4.52B,0.91,$13.19B,$9.66B,1.37,$4.02B,$4.02B,100.00%,$4.02B,$0.76B,18.86%,$4.02B,$0.83B,20.70%,$4.02B,$0.97B,24.16%,$4.02B,$1.02B,25.26%,$4.02B,$0.22B,5.42%,$0.22B,$9.66B,2.33%,$0.22B,$7.36B,3.10%,$0.22B,$28.93B,0.80%,$0.76B,$22.85B,3.42%,$1217,$0,$1217,$0,$860,$886,$331,$-144,$187,$66,$121,$121,$106,$381,$357,$534,539,$0.19,$0.20,$2362,$0,$0,$4120,$0,$20847,$2302,$376,$24811,$28932,$4523,$13194,$0,$14750,$19273,$5465,$0,$2,$9659,$28932,$830,$139,$-199,$-60,$-134,$20,$-497,$423,$-187,$583,$-37,$0,$-188,$0,$0,$0,$2,$-223,$-281,$0,$-281,$-22,$-22,$-876,$774,$-405,$-45,$950,$-876
24,2012-09-30,9.53,$17.89,0.53,$7.19,1.33,$3.69,2.58,$-0.04,0.0,$3.12B,$4.01B,0.78,$12.95B,$9.39B,1.38,$3.72B,$3.72B,100.00%,$3.72B,$0.47B,12.67%,$3.72B,$0.54B,14.39%,$3.72B,$0.73B,19.72%,$3.72B,$1.53B,41.27%,$3.72B,$0.09B,2.39%,$0.09B,$9.39B,0.99%,$0.09B,$7.07B,1.34%,$0.09B,$27.80B,0.35%,$0.47B,$22.34B,2.27%,$1223,$0,$1223,$0,$832,$851,$372,$-136,$236,$39,$197,$197,$129,$421,$391,$545,547,$0.24,$0.24,$1742,$0,$0,$3117,$0,$20767,$2326,$375,$24683,$27800,$4014,$12945,$0,$14396,$18410,$5365,$0,$1,$9391,$27800,$708,$115,$-420,$-304,$-84,$-32,$-479,$548,$-48,$356,$-27,$0,$-157,$0,$0,$0,$2,$-182,$9,$0,$9,$-21,$-21,$-670,$586,$-96,$79,$691,$-670
25,2012-06-30,8.66,$17.33,0.5,$4.70,1.84,$4.59,1.89,$-0.53,0.0,$2.75B,$3.65B,0.75,$12.23B,$9.01B,1.36,$2.37B,$2.37B,100.00%,$2.37B,$-0.57B,-23.88%,$2.37B,$-0.51B,-21.39%,$2.37B,$-0.30B,-12.53%,$2.37B,$0.30B,12.83%,$2.37B,$-0.32B,-13.29%,$-0.32B,$9.01B,-3.66%,$-0.32B,$6.65B,-5.04%,$-0.32B,$26.14B,-1.30%,$-0.57B,$21.23B,-2.90%,$627,$0,$627,$0,$726,$740,$-113,$248,$136,$41,$94,$94,$-75,$-62,$-99,$529,529,$-0.14,$-0.14,$1360,$0,$0,$2746,$0,$19351,$2356,$459,$23396,$26143,$3652,$12227,$0,$13485,$17137,$5380,$0,$2,$9005,$26143,$512,$85,$-297,$-212,$-151,$15,$-453,$636,$47,$346,$-21,$0,$-157,$0,$0,$0,$-0,$-178,$-259,$0,$-259,$-17,$-17,$-532,$297,$-510,$-342,$467,$-532
26,2012-03-31,10.48,$18.63,0.56,$6.21,1.69,$4.71,2.23,$-0.21,0.0,$2.66B,$3.64B,0.73,$12.88B,$9.41B,1.37,$3.05B,$3.05B,100.00%,$3.05B,$-0.13B,-4.26%,$3.05B,$-0.07B,-2.29%,$3.05B,$0.14B,4.72%,$3.05B,$0.42B,13.67%,$3.05B,$-0.15B,-5.05%,$-0.15B,$9.41B,-1.82%,$-0.15B,$7.01B,-2.52%,$-0.15B,$26.55B,-0.66%,$-0.13B,$22.29B,-0.70%,$952,$0,$952,$0,$769,$784,$168,$288,$456,$39,$418,$418,$58,$231,$183,$507,517,$0.12,$0.11,$1259,$0,$0,$2658,$0,$19749,$2393,$456,$23888,$26546,$3639,$12883,$0,$13501,$17140,$5145,$0,$3,$9406,$26546,$418,$48,$-289,$-241,$-136,$90,$-572,$576,$-42,$134,$-13,$0,$-157,$0,$0,$0,$-0,$-170,$-149,$0,$-149,$-9,$-9,$-327,$157,$-327,$-363,$222,$-327
27,2011-12-31,9.08,$16.67,0.54,$6.89,1.32,$5.43,1.67,$-0.23,0.0,$2.89B,$3.69B,0.78,$8.97B,$8.16B,1.1,$3.25B,$3.25B,100.00%,$3.25B,$-0.14B,-4.18%,$3.25B,$-0.08B,-2.37%,$3.25B,$0.13B,4.00%,$3.25B,$0.08B,2.40%,$3.25B,$-0.17B,-5.20%,$-0.17B,$8.16B,-2.09%,$-0.17B,$5.86B,-2.97%,$-0.17B,$21.91B,-0.79%,$-0.14B,$17.13B,-0.81%,$915,$0,$915,$0,$855,$871,$44,$662,$706,$250,$455,$455,$-23,$143,$60,$476,476,$-0.07,$-0.06,$1619,$0,$0,$2886,$0,$15128,$2299,$337,$19023,$21909,$3687,$8969,$0,$10061,$13749,$4669,$0,$2,$8160,$21909,$-268,$208,$564,$772,$85,$104,$-207,$614,$596,$1100,$-36,$0,$-24,$0,$0,$0,$0,$-60,$-709,$0,$-709,$-37,$-37,$-1311,$1183,$-874,$166,$1396,$-1311
28,2011-09-30,7.71,$16.28,0.47,$7.95,0.97,$2.02,3.81,$-0.01,0.0,$3.04B,$3.87B,0.79,$9.62B,$7.85B,1.23,$3.42B,$3.42B,100.00%,$3.42B,$-0.09B,-2.51%,$3.42B,$-0.03B,-0.82%,$3.42B,$0.14B,4.00%,$3.42B,$-0.43B,-12.54%,$3.42B,$-0.16B,-4.59%,$-0.16B,$7.85B,-1.98%,$-0.16B,$5.47B,-2.85%,$-0.16B,$22.07B,-0.76%,$-0.09B,$17.47B,-0.53%,$-124,$0,$-124,$0,$527,$541,$-665,$-329,$-994,$-8,$-987,$-987,$-275,$-609,$-651,$487,487,$-0.56,$-0.56,$1855,$0,$0,$3040,$0,$14848,$2382,$331,$19029,$22069,$3874,$9623,$0,$10347,$14220,$4131,$0,$2,$7848,$22069,$-724,$125,$866,$991,$112,$210,$-345,$514,$491,$758,$-26,$0,$-24,$0,$0,$0,$0,$-49,$-524,$0,$-524,$-34,$-34,$-887,$741,$-705,$4,$1075,$-887
29,2011-06-30,10.57,$17.78,0.59,$10.32,1.02,$1.29,8.2,$0.12,88.07,$2.81B,$3.67B,0.77,$9.38B,$8.51B,1.1,$4.33B,$4.33B,100.00%,$4.33B,$0.44B,10.09%,$4.33B,$0.49B,11.39%,$4.33B,$0.66B,15.18%,$4.33B,$0.71B,16.35%,$4.33B,$0.07B,1.71%,$0.07B,$8.51B,0.96%,$0.07B,$6.08B,1.40%,$0.07B,$22.33B,0.38%,$0.44B,$17.88B,2.83%,$1308,$0,$1308,$0,$971,$985,$323,$-75,$249,$64,$185,$185,$86,$379,$338,$476,484,$0.18,$0.18,$1525,$0,$0,$2810,$0,$15319,$2424,$340,$19521,$22331,$3673,$9377,$0,$10153,$13825,$4603,$0,$3,$8506,$22331,$263,$82,$-163,$-81,$64,$59,$-347,$415,$190,$373,$-17,$0,$-23,$0,$0,$0,$0,$-40,$-244,$0,$-244,$-31,$-31,$-697,$486,$-486,$-154,$835,$-697
30,2011-03-31,11.35,$16.92,0.67,$9.17,1.24,$0.58,19.7,$-0.61,0.0,$2.48B,$3.49B,0.71,$7.33B,$7.76B,0.94,$3.57B,$3.57B,100.00%,$3.57B,$-0.46B,-12.99%,$3.57B,$-0.42B,-11.62%,$3.57B,$-0.25B,-7.03%,$3.57B,$-0.18B,-4.98%,$3.57B,$-0.21B,-5.74%,$-0.21B,$7.76B,-2.82%,$-0.21B,$5.32B,-4.30%,$-0.21B,$19.25B,-1.13%,$-0.46B,$15.09B,-3.27%,$1153,$0,$1153,$0,$977,$991,$162,$-45,$117,$39,$78,$78,$43,$217,$176,$448,458,$0.10,$0.09,$1334,$0,$0,$2483,$0,$12676,$2442,$253,$16766,$19249,$3493,$7325,$0,$7996,$11489,$4418,$0,$3,$7760,$19249,$78,$41,$-45,$-4,$130,$55,$-261,$444,$367,$442,$-6,$0,$0,$0,$0,$0,$0,$-5,$-171,$0,$-171,$-7,$-7,$-507,$116,$-569,$-133,$426,$-507
31,2010-12-31,8.82,$18.39,0.48,$8.75,1.01,$-0.34,0.0,$-1.06,0.0,$2.85B,$3.33B,0.86,$7.26B,$7.65B,0.95,$3.12B,$3.12B,100.00%,$3.12B,$-1.03B,-32.86%,$3.12B,$-0.98B,-31.52%,$3.12B,$-0.82B,-26.32%,$3.12B,$-0.52B,-16.77%,$3.12B,$-0.37B,-11.83%,$-0.37B,$7.65B,-5.32%,$-0.37B,$5.17B,-8.39%,$-0.37B,$18.85B,-2.22%,$-1.03B,$14.91B,-7.87%,$1084,$0,$1084,$0,$975,$990,$94,$104,$199,$60,$139,$139,$-11,$150,$109,$364,364,$0.01,$0.01,$1560,$0,$0,$2852,$0,$11974,$2483,$293,$15993,$18845,$3330,$7262,$0,$7862,$11192,$4359,$0,$4,$7653,$18845,$-607,$162,$917,$1080,$-105,$-4,$-56,$-679,$-844,$-372,$-54,$0,$-22,$0,$0,$0,$-0,$-76,$562,$0,$562,$-25,$-25,$-713,$261,$85,$-363,$2440,$-713
32,2010-09-30,7.85,$19.13,0.41,$8.28,0.95,$2.18,3.61,$-1.48,0.0,$2.78B,$3.35B,0.83,$6.74B,$7.07B,0.95,$2.76B,$2.76B,100.00%,$2.76B,$-1.56B,-56.67%,$2.76B,$-1.53B,-55.43%,$2.76B,$-1.37B,-49.64%,$2.76B,$-1.09B,-39.38%,$2.76B,$-0.50B,-18.15%,$-0.50B,$7.07B,-7.67%,$-0.50B,$4.55B,-12.66%,$-0.50B,$17.74B,-3.51%,$-1.56B,$13.80B,-14.27%,$784,$0,$784,$0,$914,$926,$-142,$285,$143,$-4,$148,$148,$-44,$-89,$-130,$370,370,$-0.12,$-0.12,$1695,$0,$0,$2778,$0,$11027,$2524,$295,$14963,$17741,$3349,$6736,$0,$7323,$10673,$4132,$0,$6,$7068,$17741,$-746,$121,$932,$1053,$-67,$114,$81,$-120,$9,$316,$-31,$0,$-22,$0,$0,$0,$0,$-52,$295,$0,$295,$-22,$-22,$-566,$118,$-175,$64,$1924,$-566
33,2010-06-30,5.86,$18.54,0.32,$8.21,0.71,$1.02,5.75,$-1.97,0.0,$2.06B,$2.99B,0.69,$6.35B,$6.58B,0.97,$2.57B,$2.57B,100.00%,$2.57B,$-1.92B,-74.74%,$2.57B,$-1.90B,-73.69%,$2.57B,$-1.74B,-67.51%,$2.57B,$-1.66B,-64.40%,$2.57B,$-0.63B,-24.60%,$-0.63B,$6.58B,-10.35%,$-0.63B,$4.02B,-18.04%,$-0.63B,$16.47B,-5.26%,$-1.92B,$12.94B,-21.29%,$550,$0,$550,$0,$1120,$1128,$-578,$-59,$-637,$19,$-656,$-656,$-193,$-529,$-570,$354,354,$-0.55,$-0.55,$897,$0,$0,$2061,$0,$10501,$2564,$260,$14412,$16473,$2994,$6353,$0,$6895,$9889,$3839,$0,$2,$6584,$16473,$-894,$80,$1013,$1094,$-155,$26,$159,$-203,$-173,$27,$-19,$0,$-21,$0,$0,$0,$0,$-40,$-50,$0,$-50,$-21,$-21,$-451,$90,$-432,$-445,$1467,$-451
34,2010-03-31,8.51,$18.83,0.45,$8.14,1.05,$3.46,2.46,$-2.02,0.0,$2.02B,$2.52B,0.8,$3.97B,$6.45B,0.62,$2.43B,$2.43B,100.00%,$2.43B,$-1.99B,-81.93%,$2.43B,$-1.97B,-81.14%,$2.43B,$-1.81B,-74.68%,$2.43B,$-1.61B,-66.16%,$2.43B,$-0.60B,-24.87%,$-0.60B,$6.45B,-10.47%,$-0.60B,$3.87B,-19.31%,$-0.60B,$13.49B,-6.14%,$-1.99B,$10.42B,-27.97%,$701,$0,$701,$0,$1094,$1101,$-399,$172,$-228,$10,$-237,$-237,$-121,$-353,$-392,$333,333,$-0.36,$-0.36,$904,$0,$0,$2022,$0,$7672,$2584,$184,$11465,$13486,$2517,$3973,$0,$4518,$7036,$3737,$0,$2,$6451,$13486,$-237,$40,$321,$361,$-65,$0,$-7,$-31,$-103,$21,$-7,$0,$0,$0,$0,$0,$-0,$-7,$-26,$0,$-26,$-9,$-9,$-307,$4,$-338,$-325,$723,$-307
35,2009-12-31,7.82,$18.81,0.42,$6.20,1.26,$5.43,1.44,$-2.50,0.0,$2.10B,$2.21B,0.95,$0.66B,$6.02B,0.11,$1.77B,$1.77B,100.00%,$1.77B,$-2.47B,-139.20%,$1.77B,$-2.46B,-138.47%,$1.77B,$-2.30B,-129.61%,$1.77B,$-2.29B,-129.22%,$1.77B,$-0.72B,-40.33%,$-0.72B,$6.02B,-13.12%,$-0.72B,$3.39B,-25.85%,$-0.72B,$9.41B,-8.53%,$-2.47B,$6.68B,-42.39%,$725,$0,$725,$0,$1163,$1170,$-445,$79,$-365,$18,$-383,$-383,$-143,$-399,$-438,$289,289,$-0.43,$-0.43,$1038,$0,$0,$2104,$0,$3565,$2623,$173,$7305,$9409,$2208,$658,$0,$1184,$3392,$3377,$0,$2,$6017,$9409,$-2391,$158,$2689,$2847,$502,$-1,$-1249,$702,$-45,$412,$-24,$0,$0,$0,$0,$0,$5,$-19,$270,$0,$270,$-57,$-57,$-353,$196,$56,$448,$3048,$-353
36,2009-09-30,8.29,$17.96,0.46,$-0.79,0.0,$17.56,0.47,$-3.57,0.0,$1.16B,$2.17B,0.53,$0.67B,$5.42B,0.12,$0.44B,$0.44B,100.00%,$0.44B,$-3.63B,-829.75%,$0.44B,$-3.61B,-826.54%,$0.44B,$-3.45B,-790.39%,$0.44B,$-2.33B,-533.64%,$0.44B,$-0.99B,-225.86%,$-0.99B,$5.42B,-18.33%,$-0.99B,$2.76B,-37.08%,$-0.99B,$8.73B,-11.75%,$-3.63B,$6.09B,-63.74%,$597,$0,$597,$0,$1093,$1098,$-501,$74,$-427,$53,$-480,$-480,$-176,$-456,$-496,$292,292,$-0.60,$-0.60,$560,$0,$0,$1158,$0,$3812,$2663,$160,$7572,$8730,$2172,$673,$0,$1139,$3312,$3340,$0,$-0,$5418,$8730,$-2007,$119,$2140,$2258,$582,$-1,$-1261,$334,$-346,$-94,$-18,$0,$0,$0,$0,$0,$1,$-17,$272,$0,$272,$-56,$-56,$-252,$130,$94,$-17,$2239,$-252
37,2009-06-30,6.01,$18.83,0.32,$-3.43,0.0,$20.36,0.3,$-4.23,0.0,$1.46B,$1.97B,0.74,$0.08B,$5.20B,0.02,$-0.32B,$-0.32B,100.00%,$-0.32B,$-4.42B,1380.63%,$-0.32B,$-4.40B,1375.94%,$-0.32B,$-4.25B,1326.88%,$-0.32B,$-3.75B,1171.56%,$-0.32B,$-1.15B,359.69%,$-1.15B,$5.20B,-23.10%,$-1.15B,$2.49B,-51.78%,$-1.15B,$7.70B,-12.51%,$-4.42B,$5.27B,-82.34%,$406,$0,$406,$0,$1052,$1052,$-645,$58,$-587,$11,$-598,$-598,$-164,$-606,$-645,$276,276,$-0.60,$-0.60,$855,$0,$0,$1463,$0,$2527,$2702,$158,$6236,$7699,$1971,$78,$0,$533,$2504,$3351,$0,$1,$5195,$7699,$-1528,$79,$1617,$1696,$567,$0,$-1158,$1116,$525,$693,$-13,$0,$0,$0,$0,$0,$1,$-11,$-309,$0,$-309,$-56,$-56,$-128,$93,$-400,$281,$1501,$-128
38,2009-03-31,4.03,$18.98,0.21,$-3.56,0.0,$18.83,0.21,$-4.23,0.0,$1.52B,$2.00B,0.76,$0.08B,$5.16B,0.02,$-0.37B,$-0.37B,100.00%,$-0.37B,$-4.58B,1231.99%,$-0.37B,$-4.56B,1226.34%,$-0.37B,$-4.40B,1183.87%,$-0.37B,$-3.78B,1016.67%,$-0.37B,$-1.14B,307.53%,$-1.14B,$5.16B,-24.42%,$-1.14B,$2.42B,-61.00%,$-1.14B,$7.68B,-10.74%,$-4.58B,$5.25B,-89.13%,$45,$0,$45,$0,$921,$922,$-877,$-35,$-912,$18,$-930,$-930,$-232,$-837,$-876,$275,275,$-0.84,$-0.84,$844,$0,$0,$1523,$0,$2397,$2742,$167,$6151,$7675,$1996,$82,$0,$514,$2511,$3434,$0,$-3,$5164,$7675,$-930,$40,$974,$1014,$515,$0,$-1053,$1010,$472,$556,$-4,$0,$0,$0,$0,$0,$2,$-2,$-305,$0,$-305,$-28,$-28,$-40,$92,$-281,$273,$738,$-40
39,2008-12-31,3.63,$21.08,0.17,$-3.46,0.0,$17.24,0.21,$-4.36,0.0,$2.81B,$2.98B,0.94,$0.39B,$5.76B,0.07,$-0.35B,$-0.35B,100.00%,$-0.35B,$-4.74B,1360.92%,$-0.35B,$-4.71B,1354.31%,$-0.35B,$-4.56B,1310.34%,$-0.35B,$-4.12B,1182.47%,$-0.35B,$-1.16B,334.20%,$-1.16B,$5.76B,-26.26%,$-1.16B,$2.98B,-73.98%,$-1.16B,$9.49B,-9.66%,$-4.74B,$6.14B,-95.11%,$-611,$0,$-611,$0,$983,$992,$-1603,$1197,$-406,$9,$-415,$-415,$-415,$-1555,$-1595,$137,137,$-3.04,$-3.04,$1411,$0,$0,$2811,$0,$2831,$2781,$220,$6678,$9489,$2984,$387,$0,$749,$3733,$3509,$0,$-0,$5756,$9489,$-5594,$153,$5902,$6055,$-141,$-872,$979,$1463,$1429,$1890,$-50,$0,$-337,$0,$0,$0,$5,$-382,$192,$0,$192,$-32,$-32,$-2445,$411,$-1874,$-365,$3303,$-2445
40,2008-09-30,8.12,$14.64,0.55,$2.33,3.48,$0.39,20.86,$-2.99,0.0,$2.77B,$2.31B,1.2,$0.99B,$3.81B,0.26,$0.61B,$0.61B,100.00%,$0.61B,$-3.85B,-633.72%,$0.61B,$-3.83B,-630.59%,$0.61B,$-3.67B,-602.96%,$0.61B,$-3.87B,-636.51%,$0.61B,$-0.92B,-150.99%,$-0.92B,$3.81B,-22.68%,$-0.92B,$1.00B,-68.79%,$-0.92B,$11.95B,-7.08%,$-3.85B,$4.80B,-84.99%,$-160,$0,$-160,$0,$1127,$1133,$-1293,$-551,$-1844,$-21,$-1822,$-1822,$-340,$-1248,$-1287,$271,271,$-1.26,$-1.26,$1279,$0,$0,$2768,$0,$5468,$2813,$161,$9181,$11949,$2313,$986,$0,$5822,$8135,$3814,$0,$-0,$3814,$11949,$-3671,$114,$3817,$3931,$363,$0,$-250,$320,$433,$692,$-38,$0,$-337,$0,$0,$0,$-4,$-378,$779,$0,$779,$-19,$-19,$-1020,$212,$-48,$266,$2495,$-1020
41,2008-06-30,9.48,$15.36,0.62,$4.95,1.92,$-6.30,0.0,$-2.16,0.0,$2.45B,$3.30B,0.74,$0.38B,$4.00B,0.09,$1.30B,$1.30B,100.00%,$1.30B,$-3.08B,-238.15%,$1.30B,$-3.07B,-236.99%,$1.30B,$-2.89B,-222.78%,$1.30B,$-2.13B,-164.71%,$1.30B,$-0.69B,-53.36%,$-0.69B,$4.00B,-16.56%,$-0.69B,$1.10B,-43.26%,$-0.69B,$13.49B,-5.23%,$-3.08B,$4.38B,-69.32%,$354,$0,$354,$0,$1158,$1164,$-810,$190,$-620,$-26,$-595,$-595,$-157,$-764,$-804,$264,264,$-0.59,$-0.59,$297,$0,$0,$2450,$0,$7196,$2896,$148,$11040,$13490,$3304,$378,$0,$6185,$9489,$4000,$0,$1,$4001,$13490,$-1849,$74,$1868,$1942,$488,$0,$-152,$-158,$177,$271,$-23,$0,$-337,$0,$0,$0,$-9,$-369,$171,$0,$171,$-17,$-17,$-884,$178,$-553,$-651,$1720,$-884
42,2008-03-31,8.13,$15.94,0.51,$3.60,2.26,$-7.24,0.0,$-1.56,0.0,$2.28B,$2.73B,0.83,$0.45B,$4.15B,0.11,$1.89B,$1.89B,100.00%,$1.89B,$-1.80B,-95.03%,$1.89B,$-1.78B,-93.77%,$1.89B,$-1.63B,-86.16%,$1.89B,$-0.74B,-39.14%,$1.89B,$0.24B,12.68%,$0.24B,$4.15B,5.57%,$0.24B,$1.21B,12.67%,$0.24B,$13.22B,1.65%,$-1.80B,$4.60B,-39.64%,$69,$0,$69,$0,$1095,$1098,$-1030,$-216,$-1245,$9,$-1254,$-1254,$-251,$-993,$-1027,$263,263,$-0.95,$-0.95,$790,$0,$0,$2275,$0,$7059,$2937,$174,$10942,$13216,$2733,$452,$0,$6338,$9071,$4145,$0,$1,$4145,$13216,$-1254,$34,$1268,$1301,$449,$0,$-103,$-278,$68,$115,$-7,$0,$-337,$0,$0,$0,$-45,$-389,$244,$0,$244,$0,$0,$-183,$17,$78,$-196,$915,$-183
