,Date,Stock Price,Book Value per Share,Price to Book Ratio,TTM Sales per Share,Price to Sales Ratio,TTM FCF per Share,Price to FCF Ratio,TTM Net EPS,PE Ratio,Current Assets,Current Liabilities,Current Ratio,Long Term Debt,Shareholder's Equity_x,Debt to Equity Ratio,TTM Revenue_x,TTM Gross Profit,Gross Margin,TTM Revenue_y,TTM Operating Income,Operating Margin,TTM Revenue_x,TTM EBIT,EBIT Margin,TTM Revenue_y,TTM EBITDA,EBITDA Margin,TTM Revenue_x,TTM Pre-Tax Income,Pre-Tax Margin,TTM Revenue_y,TTM Net Income_x,Net Margin,TTM Net Income_y,Shareholder's Equity_y,Return on Equity,TTM Net Income_x,Tangible Equity,Return on Tangible Equity,TTM Net Income_y,Total Assets,Return on Assets,TTM Net Income,LT Investments & Debt,Return on Investment,revenue,cost-goods-sold,gross-profit,research-development-expenses,selling-general-administrative-expenses,operating-expenses,operating-income,total-non-operating-income-expense,pre-tax-income,total-provision-income-taxes,income-after-taxes,income-from-continuous-operations,net-income,ebitda,ebit,basic-shares-outstanding,shares-outstanding,eps-basic-net-earnings-per-share,eps-earnings-per-share-diluted,cash-on-hand,inventory,other-current-assets,total-current-assets,net-property-plant-equipment,long-term-investments,goodwill-intangible-assets-total,other-long-term-assets,total-long-term-assets,total-assets,total-current-liabilities,long-term-debt,other-non-current-liabilities,total-long-term-liabilities,total-liabilities,common-stock-net,retained-earnings-accumulated-deficit,comprehensive-income,total-share-holder-equity,total-liabilities-share-holders-equity,net-income-loss,total-depreciation-amortization-cash-flow,other-non-cash-items,total-non-cash-items,change-in-accounts-receivable,change-in-inventories,change-in-accounts-payable,change-in-assets-liabilities,total-change-in-assets-liabilities,cash-flow-from-operating-activities,net-change-in-property-plant-equipment,net-change-in-intangible-assets,net-acquisitions-divestitures,net-change-in-short-term-investments,net-change-in-long-term-investments,net-change-in-investments-total,investing-activities-other,cash-flow-from-investing-activities,net-long-term-debt,net-current-debt,debt-issuance-retirement-net-total,net-common-equity-issued-repurchased,net-total-equity-issued-repurchased,total-common-preferred-stock-dividends-paid,financial-activities-other,cash-flow-from-financial-activities,net-cash-flow,stock-based-compensation,common-stock-dividends-paid
0,2018-09-30,33.51,$27.64,1.21,$6.46,5.19,$6.19,5.41,$2.48,13.51,$12.26B,$0.00B,0.0,$8.99B,$3.31B,2.72,$0.70B,$0.70B,100.00%,$0.70B,$0.59B,85.04%,$0.70B,$0.59B,85.04%,$0.70B,$0.57B,82.45%,$0.70B,$0.27B,38.85%,$0.70B,$0.27B,38.71%,$0.27B,$3.31B,8.83%,$0.27B,$3.31B,8.83%,$0.27B,$12.42B,2.33%,$0.59B,$12.30B,5.16%,$203,$0,$203,$0,$27,$27,$176,$-98,$78,$0,$78,$78,$78,$172,$176,$116,116,$0.67,$0.67,$87,$0,$0,$12264,$0,$0,$0,$156,$156,$12419,$0,$8988,$123,$9111,$9111,$1,$-566,$-33,$3308,$12419,$212,$-15,$20,$6,$0,$0,$0,$5,$5,$223,$0,$0,$0,$-96,$2503,$2408,$-4619,$-2211,$1817,$0,$1817,$370,$370,$-203,$-19,$1965,$-16,$20,$-203
1,2018-06-30,31.43,$27.18,1.16,$6.25,5.03,$6.14,5.12,$2.42,12.99,$12.32B,$0.00B,0.0,$9.24B,$3.03B,3.05,$0.64B,$0.64B,100.00%,$0.64B,$0.54B,84.80%,$0.64B,$0.54B,84.80%,$0.64B,$0.52B,81.82%,$0.64B,$0.25B,39.18%,$0.64B,$0.25B,39.03%,$0.25B,$3.03B,8.74%,$0.25B,$3.03B,8.74%,$0.25B,$12.38B,2.28%,$0.54B,$12.27B,5.01%,$191,$0,$191,$0,$31,$31,$160,$-88,$73,$0,$73,$73,$72,$155,$160,$109,109,$0.66,$0.66,$107,$0,$0,$12322,$0,$0,$0,$61,$61,$12382,$0,$9238,$116,$9354,$9354,$1,$-570,$-32,$3029,$12382,$134,$-11,$14,$3,$0,$0,$0,$-2,$-2,$135,$0,$0,$0,$0,$1966,$1966,$-4120,$-2154,$2065,$0,$2065,$102,$102,$-134,$-17,$2017,$5,$14,$-134
2,2018-03-31,30.82,$27.05,1.14,$5.83,5.28,$6.06,5.08,$2.29,13.46,$11.16B,$0.00B,0.0,$8.18B,$2.93B,2.79,$0.57B,$0.57B,100.00%,$0.57B,$0.49B,84.67%,$0.57B,$0.49B,84.67%,$0.57B,$0.47B,81.71%,$0.57B,$0.23B,39.72%,$0.57B,$0.23B,39.72%,$0.23B,$2.93B,8.39%,$0.23B,$2.93B,8.39%,$0.23B,$11.21B,2.23%,$0.49B,$11.10B,4.80%,$155,$0,$155,$0,$24,$24,$131,$-70,$61,$0,$61,$61,$61,$126,$131,$108,108,$0.56,$0.56,$74,$0,$0,$11156,$0,$0,$0,$55,$55,$11211,$0,$8175,$110,$8285,$8285,$1,$-573,$-22,$2927,$11211,$61,$-5,$7,$2,$0,$0,$0,$9,$9,$73,$0,$0,$0,$0,$0,$0,$-967,$-967,$936,$0,$936,$0,$0,$-67,$-11,$858,$-28,$7,$-67
3,2017-12-31,30.95,$27.04,1.14,$5.65,5.48,$6.00,5.16,$2.27,13.63,$10.16B,$0.00B,0.0,$7.20B,$2.92B,2.47,$0.54B,$0.54B,100.00%,$0.54B,$0.45B,84.20%,$0.54B,$0.45B,84.20%,$0.54B,$0.44B,81.23%,$0.54B,$0.22B,40.52%,$0.54B,$0.22B,40.52%,$0.22B,$2.92B,8.35%,$0.22B,$2.92B,8.35%,$0.22B,$10.26B,2.25%,$0.45B,$10.12B,4.75%,$146,$0,$146,$0,$22,$22,$124,$-66,$58,$0,$58,$58,$58,$120,$124,$96,96,$0.59,$0.59,$103,$0,$0,$10159,$0,$0,$0,$100,$100,$10259,$0,$7201,$141,$7341,$7341,$1,$-567,$-30,$2917,$10259,$218,$-16,$24,$8,$0,$0,$0,$2,$2,$227,$0,$0,$0,$0,$0,$0,$-781,$-781,$440,$0,$440,$392,$392,$-235,$-21,$575,$27,$24,$-235
4,2017-09-30,29.27,$26.64,1.1,$5.36,5.46,$6.14,4.77,$2.25,13.01,$9.73B,$0.00B,0.0,$7.15B,$2.53B,2.83,$0.51B,$0.51B,100.00%,$0.51B,$0.43B,83.86%,$0.51B,$0.43B,83.86%,$0.51B,$0.41B,80.51%,$0.51B,$0.21B,41.93%,$0.51B,$0.21B,41.93%,$0.21B,$2.53B,8.50%,$0.21B,$2.53B,8.50%,$0.21B,$9.78B,2.29%,$0.43B,$9.68B,4.63%,$146,$0,$146,$0,$21,$21,$126,$-68,$58,$0,$58,$58,$58,$121,$126,$95,95,$0.61,$0.61,$94,$0,$0,$9731,$0,$0,$0,$46,$46,$9777,$0,$7149,$102,$7251,$7251,$1,$-558,$-32,$2526,$9777,$160,$-13,$18,$5,$0,$0,$0,$11,$11,$177,$0,$0,$0,$0,$1976,$1976,$-2296,$-320,$341,$0,$341,$0,$0,$-176,$-8,$157,$19,$18,$-176
5,2017-06-30,29.23,$26.43,1.11,$5.18,5.64,$6.28,4.66,$2.33,12.55,$9.66B,$0.00B,0.0,$7.10B,$2.51B,2.83,$0.49B,$0.49B,100.00%,$0.49B,$0.41B,83.06%,$0.49B,$0.41B,83.06%,$0.49B,$0.39B,79.39%,$0.49B,$0.22B,45.31%,$0.49B,$0.22B,44.90%,$0.22B,$2.51B,8.80%,$0.22B,$2.51B,8.80%,$0.22B,$9.72B,2.44%,$0.41B,$9.60B,4.59%,$127,$0,$127,$0,$22,$22,$105,$-54,$51,$0,$51,$51,$51,$102,$105,$95,95,$0.53,$0.53,$68,$0,$0,$9655,$0,$0,$0,$64,$64,$9719,$0,$7096,$117,$7213,$7213,$1,$-557,$-41,$2506,$9719,$102,$-7,$12,$5,$0,$0,$0,$4,$4,$111,$0,$0,$0,$0,$1097,$1097,$-1443,$-346,$351,$0,$351,$0,$0,$-117,$-10,$224,$-8,$12,$-117
6,2017-03-31,28.09,$26.32,1.07,$5.23,5.37,$6.42,4.37,$2.47,11.37,$8.79B,$0.00B,0.0,$6.28B,$2.50B,2.52,$0.49B,$0.49B,100.00%,$0.49B,$0.41B,83.16%,$0.49B,$0.41B,83.16%,$0.49B,$0.39B,78.90%,$0.49B,$0.24B,48.68%,$0.49B,$0.23B,47.06%,$0.23B,$2.50B,9.28%,$0.23B,$2.50B,9.28%,$0.23B,$8.96B,2.59%,$0.41B,$8.78B,4.66%,$119,$0,$119,$0,$20,$20,$98,$-47,$51,$0,$51,$51,$51,$94,$98,$95,95,$0.54,$0.54,$64,$0,$0,$8786,$0,$0,$0,$169,$169,$8955,$0,$6282,$177,$6459,$6459,$1,$-549,$-52,$2496,$8955,$51,$-4,$6,$2,$0,$0,$0,$4,$4,$57,$0,$0,$0,$0,$0,$0,$-124,$-124,$118,$0,$118,$0,$0,$-59,$-4,$55,$-11,$6,$-59
7,2016-12-31,26.75,$26.38,1.01,$5.29,5.05,$6.52,4.1,$2.54,10.53,$8.77B,$0.00B,0.0,$6.23B,$2.49B,2.5,$0.50B,$0.50B,100.00%,$0.50B,$0.42B,83.50%,$0.50B,$0.42B,83.50%,$0.50B,$0.39B,79.07%,$0.50B,$0.25B,49.50%,$0.50B,$0.24B,47.89%,$0.24B,$2.49B,9.51%,$0.24B,$2.49B,9.51%,$0.24B,$8.81B,2.62%,$0.42B,$8.73B,4.63%,$116,$0,$116,$0,$20,$20,$97,$-43,$53,$-0,$53,$53,$53,$92,$97,$94,94,$0.56,$0.56,$76,$0,$0,$8769,$0,$0,$0,$44,$44,$8813,$0,$6231,$88,$6319,$6319,$1,$-541,$-56,$2494,$8813,$246,$-21,$15,$-6,$0,$0,$0,$-4,$-4,$237,$0,$0,$0,$0,$0,$0,$434,$434,$-430,$0,$-430,$0,$0,$-233,$-36,$-700,$-30,$22,$-233
8,2016-09-30,25.67,$26.67,0.96,$5.63,4.56,$6.10,4.21,$2.67,9.61,$8.44B,$0.00B,0.0,$5.90B,$2.51B,2.35,$0.51B,$0.51B,100.00%,$0.51B,$0.42B,83.30%,$0.51B,$0.42B,83.30%,$0.51B,$0.40B,78.98%,$0.51B,$0.26B,50.88%,$0.51B,$0.25B,49.12%,$0.25B,$2.51B,9.98%,$0.25B,$2.51B,9.98%,$0.25B,$8.51B,2.71%,$0.42B,$8.40B,4.65%,$128,$0,$128,$0,$21,$21,$107,$-40,$67,$0,$66,$66,$65,$101,$107,$94,94,$0.69,$0.69,$95,$0,$0,$8443,$0,$0,$0,$68,$68,$8511,$0,$5896,$110,$6006,$6006,$1,$-536,$-46,$2505,$8511,$193,$-16,$9,$-7,$0,$0,$0,$2,$2,$188,$0,$0,$0,$0,$3055,$3055,$-2265,$790,$-800,$0,$-800,$0,$0,$-175,$-15,$-990,$-11,$17,$-175
9,2016-06-30,23.62,$26.72,0.88,$5.75,4.11,$5.23,4.52,$2.70,8.75,$9.27B,$0.00B,0.0,$6.79B,$2.51B,2.71,$0.52B,$0.52B,100.00%,$0.52B,$0.44B,84.01%,$0.52B,$0.44B,84.01%,$0.52B,$0.41B,79.77%,$0.52B,$0.26B,50.10%,$0.52B,$0.25B,48.55%,$0.25B,$2.51B,10.06%,$0.25B,$2.51B,10.06%,$0.25B,$9.49B,2.63%,$0.44B,$9.30B,4.61%,$130,$0,$130,$0,$23,$23,$108,$-39,$69,$-0,$69,$69,$63,$102,$108,$94,94,$0.67,$0.67,$182,$0,$0,$9273,$0,$0,$0,$215,$215,$9488,$0,$6786,$193,$6979,$6979,$1,$-542,$-42,$2509,$9488,$127,$-11,$6,$-4,$0,$0,$0,$1,$1,$123,$0,$0,$0,$0,$1324,$1324,$-1380,$-56,$142,$0,$142,$0,$0,$-116,$-18,$8,$76,$10,$-116
10,2016-03-31,22.42,$26.64,0.84,$5.35,4.19,$4.00,5.61,$2.39,9.38,$9.43B,$0.10B,94.55,$6.95B,$2.50B,2.78,$0.47B,$0.47B,100.00%,$0.47B,$0.39B,82.09%,$0.47B,$0.39B,82.09%,$0.47B,$0.37B,78.25%,$0.47B,$0.22B,47.76%,$0.47B,$0.22B,46.48%,$0.22B,$2.50B,8.72%,$0.22B,$2.50B,8.72%,$0.22B,$9.56B,2.22%,$0.39B,$9.46B,3.96%,$123,$0,$123,$0,$20,$20,$103,$-45,$57,$0,$57,$57,$57,$98,$103,$94,94,$0.61,$0.61,$111,$0,$0,$9425,$0,$0,$0,$130,$130,$9555,$100,$6953,$0,$6953,$7053,$1,$-547,$-33,$2502,$9555,$57,$-5,$11,$7,$0,$0,$0,$2,$2,$66,$0,$0,$0,$0,$0,$0,$-146,$-146,$163,$0,$163,$0,$0,$-58,$-14,$92,$14,$5,$-58
11,2015-12-31,21.83,$26.74,0.82,$5.13,4.26,$3.85,5.67,$2.38,9.17,$9.18B,$0.00B,0.0,$6.78B,$2.51B,2.71,$0.41B,$0.41B,100.00%,$0.41B,$0.33B,80.93%,$0.41B,$0.33B,80.93%,$0.41B,$0.32B,77.26%,$0.41B,$0.21B,52.08%,$0.41B,$0.20B,47.92%,$0.20B,$2.51B,8.71%,$0.20B,$2.51B,8.71%,$0.20B,$9.38B,2.25%,$0.33B,$9.28B,3.84%,$128,$0,$128,$0,$22,$22,$106,$-40,$66,$0,$66,$66,$65,$101,$106,$82,82,$0.73,$0.73,$106,$0,$0,$9183,$0,$0,$0,$194,$194,$9377,$0,$6777,$94,$6871,$6871,$1,$-546,$-33,$2506,$9377,$212,$-15,$-8,$-23,$0,$0,$0,$-17,$-17,$171,$0,$0,$0,$0,$0,$0,$-4823,$-4823,$3873,$0,$3873,$1030,$1030,$-167,$-42,$4694,$43,$21,$-167
12,2015-09-30,21.88,$26.82,0.82,$4.76,4.59,$3.42,6.4,$2.05,10.67,$9.84B,$0.10B,103.46,$7.26B,$2.50B,2.9,$0.34B,$0.34B,100.00%,$0.34B,$0.27B,79.94%,$0.34B,$0.27B,79.94%,$0.34B,$0.26B,75.81%,$0.34B,$0.17B,50.74%,$0.34B,$0.15B,44.84%,$0.15B,$2.50B,7.60%,$0.15B,$2.50B,7.60%,$0.15B,$9.85B,2.03%,$0.27B,$9.76B,3.65%,$138,$0,$138,$0,$19,$19,$119,$-51,$68,$0,$68,$68,$67,$113,$119,$93,93,$0.72,$0.72,$148,$0,$0,$9844,$0,$0,$0,$7,$7,$9852,$95,$7257,$0,$7257,$7352,$1,$-553,$-28,$2500,$9852,$146,$-11,$-8,$-19,$0,$0,$0,$-23,$-23,$105,$0,$0,$0,$0,$1584,$1584,$-6778,$-5194,$4298,$0,$4298,$1030,$1030,$-109,$-45,$5174,$87,$14,$-109
13,2015-06-30,21.69,$26.77,0.81,$4.30,5.04,$3.47,6.26,$1.78,12.19,$10.46B,$0.08B,125.73,$7.89B,$2.50B,3.16,$0.25B,$0.25B,100.00%,$0.25B,$0.19B,77.29%,$0.25B,$0.19B,77.29%,$0.25B,$0.18B,72.91%,$0.25B,$0.13B,50.60%,$0.25B,$0.11B,42.63%,$0.11B,$2.50B,6.11%,$0.11B,$2.50B,6.11%,$0.11B,$10.47B,1.77%,$0.19B,$10.38B,3.24%,$80,$0,$80,$0,$24,$24,$57,$-24,$33,$0,$32,$32,$29,$55,$57,$81,81,$0.36,$0.36,$111,$0,$0,$10459,$0,$0,$0,$7,$7,$10466,$83,$7887,$0,$7887,$7971,$1,$-562,$-19,$2495,$10466,$79,$-4,$-12,$-16,$0,$0,$0,$-56,$-56,$6,$0,$0,$0,$0,$686,$686,$-6409,$-5723,$4853,$0,$4853,$1030,$1030,$-61,$-54,$5768,$52,$11,$-61
14,2015-03-31,21.72,$25.71,0.84,$4.20,5.18,$4.10,5.3,$2.12,10.24,$5.07B,$0.06B,80.72,$3.52B,$1.50B,2.34,$0.21B,$0.21B,100.00%,$0.21B,$0.16B,75.12%,$0.21B,$0.16B,75.12%,$0.21B,$0.15B,69.95%,$0.21B,$0.13B,61.97%,$0.21B,$0.11B,52.11%,$0.11B,$1.50B,7.66%,$0.11B,$1.50B,7.66%,$0.11B,$5.09B,2.54%,$0.16B,$5.02B,3.71%,$63,$0,$63,$0,$14,$14,$49,$-3,$46,$0,$46,$46,$35,$47,$49,$59,59,$0.60,$0.60,$45,$0,$0,$5074,$0,$0,$0,$12,$12,$5086,$63,$3520,$0,$3520,$3583,$1,$-543,$-32,$1503,$5086,$46,$-2,$-15,$-18,$0,$0,$0,$2,$4,$32,$0,$0,$0,$0,$0,$0,$-564,$-564,$528,$0,$528,$0,$0,$-30,$1,$499,$-33,$6,$0
15,2014-12-31,21.9,$25.76,0.85,$4.00,5.48,$3.94,5.56,$1.86,11.77,$4.49B,$0.06B,73.62,$3.01B,$1.50B,2.01,$0.18B,$0.18B,100.00%,$0.18B,$0.14B,75.00%,$0.18B,$0.14B,75.00%,$0.18B,$0.13B,69.02%,$0.18B,$0.10B,54.35%,$0.18B,$0.09B,48.37%,$0.09B,$1.50B,6.72%,$0.09B,$1.50B,6.72%,$0.09B,$4.57B,2.32%,$0.14B,$4.51B,3.68%,$58,$0,$58,$0,$12,$12,$46,$-21,$25,$0,$25,$25,$21,$42,$46,$48,48,$0.37,$0.37,$63,$0,$0,$4492,$0,$0,$0,$81,$81,$4573,$61,$3011,$0,$3011,$3072,$1,$-548,$-15,$1501,$4573,$100,$-10,$-5,$-15,$0,$0,$0,$-5,$-5,$81,$0,$0,$0,$0,$0,$0,$-2413,$-2413,$1682,$0,$1682,$766,$766,$-84,$-30,$2334,$-1,$10,$-84
16,2014-09-30,20.01,$26.18,0.76,$4.24,4.71,$3.82,5.24,$1.73,11.57,$4.08B,$0.08B,49.19,$2.51B,$1.51B,1.66,$0.15B,$0.15B,100.00%,$0.15B,$0.11B,72.55%,$0.15B,$0.11B,72.55%,$0.15B,$0.10B,67.97%,$0.15B,$0.09B,55.56%,$0.15B,$0.08B,49.02%,$0.08B,$1.51B,6.58%,$0.08B,$1.51B,6.58%,$0.08B,$4.10B,2.31%,$0.11B,$4.02B,3.52%,$50,$0,$50,$0,$9,$9,$42,$-18,$23,$-0,$24,$24,$22,$39,$42,$49,49,$0.45,$0.45,$74,$0,$0,$4083,$0,$0,$0,$15,$15,$4098,$83,$2506,$0,$2506,$2589,$1,$-539,$-6,$1510,$4098,$75,$-6,$-11,$-17,$-8,$0,$0,$0,$-1,$57,$0,$0,$0,$0,$0,$0,$-1867,$-1867,$1140,$0,$1140,$763,$763,$-55,$-26,$1822,$11,$7,$-55
17,2014-06-30,21.03,$26.45,0.8,$3.87,5.43,$3.15,6.67,$1.57,13.39,$3.74B,$0.07B,52.43,$2.40B,$1.28B,1.87,$0.12B,$0.12B,100.00%,$0.12B,$0.08B,68.85%,$0.12B,$0.08B,68.85%,$0.12B,$0.08B,63.93%,$0.12B,$0.07B,59.02%,$0.12B,$0.06B,50.00%,$0.06B,$1.28B,6.34%,$0.06B,$1.28B,6.34%,$0.06B,$3.76B,2.34%,$0.08B,$3.68B,3.35%,$42,$0,$42,$0,$20,$20,$23,$16,$38,$-0,$38,$38,$33,$21,$23,$48,48,$0.70,$0.70,$132,$0,$0,$3741,$0,$0,$0,$14,$14,$3755,$71,$2401,$0,$2401,$2473,$0,$-532,$3,$1282,$3755,$52,$-4,$-11,$-15,$-5,$0,$0,$0,$-3,$34,$0,$0,$0,$0,$272,$272,$-1721,$-1449,$1016,$0,$1016,$511,$511,$-32,$-12,$1483,$68,$5,$-32
18,2014-03-31,20.51,$25.67,0.8,$3.47,5.9,$2.80,7.33,$1.09,18.81,$2.87B,$0.07B,43.04,$1.78B,$1.01B,1.77,$0.09B,$0.09B,100.00%,$0.09B,$0.06B,74.42%,$0.09B,$0.06B,74.42%,$0.09B,$0.06B,68.60%,$0.09B,$0.04B,47.67%,$0.09B,$0.03B,36.05%,$0.03B,$1.01B,3.68%,$0.03B,$1.01B,3.68%,$0.03B,$2.89B,1.60%,$0.06B,$2.79B,3.49%,$34,$0,$34,$0,$7,$7,$27,$-13,$14,$1,$13,$13,$13,$25,$27,$38,38,$0.34,$0.34,$82,$0,$0,$2871,$0,$0,$0,$23,$23,$2894,$67,$1780,$39,$1819,$1886,$0,$-542,$1,$1008,$2894,$13,$-2,$3,$1,$-2,$0,$0,$0,$0,$15,$0,$0,$0,$0,$0,$0,$-657,$-657,$421,$0,$421,$256,$256,$-13,$-3,$661,$18,$2,$-13
19,2013-12-31,19.03,$25.65,0.74,$3.07,6.2,$2.65,7.18,$-0.28,0.0,$2.19B,$0.10B,22.55,$1.36B,$0.76B,1.8,$0.05B,$0.05B,100.00%,$0.05B,$0.04B,67.92%,$0.05B,$0.04B,67.92%,$0.05B,$0.03B,64.15%,$0.05B,$0.03B,47.17%,$0.05B,$0.02B,28.30%,$0.02B,$0.76B,2.38%,$0.02B,$0.76B,2.38%,$0.02B,$2.21B,1.14%,$0.04B,$2.12B,3.04%,$27,$0,$27,$0,$8,$8,$19,$-9,$10,$1,$10,$10,$7,$19,$19,$19,19,$1.33,$1.33,$62,$0,$0,$2190,$0,$0,$0,$22,$22,$2213,$97,$1359,$0,$1359,$1456,$0,$-536,$1,$757,$2213,$25,$-1,$6,$5,$0,$0,$0,$0,$-2,$29,$0,$0,$0,$0,$0,$0,$-1782,$-1782,$1249,$0,$1249,$634,$634,$-8,$-84,$1791,$37,$6,$-8
20,2013-09-30,17.39,$27.90,0.62,$4.25,4.09,$3.84,4.53,$40.08,0.43,$1.55B,$0.05B,32.67,$0.65B,$0.80B,0.81,$0.03B,$0.03B,100.00%,$0.03B,$0.02B,57.58%,$0.03B,$0.02B,57.58%,$0.03B,$0.02B,57.58%,$0.03B,$0.14B,421.21%,$0.03B,$0.11B,342.42%,$0.11B,$0.80B,23.53%,$0.11B,$0.80B,23.53%,$0.11B,$1.58B,13.49%,$0.02B,$1.46B,2.73%,$19,$0,$19,$0,$4,$4,$15,$-5,$10,$-0,$11,$11,$8,$13,$15,$29,29,$0.29,$0.29,$87,$0,$0,$1552,$0,$0,$0,$26,$26,$1577,$47,$652,$74,$726,$774,$0,$-530,$0,$804,$1577,$16,$-2,$-4,$-5,$1,$0,$0,$0,$4,$14,$0,$0,$0,$0,$0,$0,$-1196,$-1196,$558,$0,$558,$634,$634,$0,$-16,$1176,$-5,$2,$0
21,2013-06-30,16.87,$27.83,0.61,$6.42,2.63,$8.05,2.1,$42.59,0.4,$1.06B,$0.04B,28.85,$0.17B,$0.80B,0.22,$0.02B,$0.02B,100.00%,$0.02B,$0.01B,33.33%,$0.02B,$0.01B,33.33%,$0.02B,$0.01B,47.62%,$0.02B,$0.14B,676.19%,$0.02B,$0.11B,533.33%,$0.11B,$0.80B,38.79%,$0.11B,$0.80B,38.79%,$0.11B,$1.09B,19.02%,$0.01B,$0.98B,2.04%,$6,$0,$6,$0,$3,$3,$3,$5,$7,$1,$7,$7,$3,$2,$3,$12,12,$0.22,$0.22,$82,$0,$0,$1064,$0,$0,$0,$23,$23,$1087,$37,$174,$74,$249,$285,$0,$-530,$0,$802,$1087,$5,$-0,$-4,$-4,$2,$0,$0,$0,$3,$4,$0,$0,$0,$0,$0,$0,$-663,$-663,$80,$0,$80,$634,$634,$0,$-11,$703,$44,$2,$0
22,2013-03-31,18.64,$554.99,0.03,$8.70,2.14,$10.36,1.8,$43.27,0.43,$0.33B,$0.03B,10.84,$0.03B,$0.16B,0.18,$0.02B,$0.02B,100.00%,$0.02B,$0.01B,40.91%,$0.02B,$0.01B,40.91%,$0.02B,$0.01B,63.64%,$0.02B,$0.14B,631.82%,$0.02B,$0.11B,504.55%,$0.11B,$0.16B,118.40%,$0.11B,$0.16B,118.40%,$0.11B,$0.37B,23.97%,$0.01B,$0.19B,8.35%,$1,$0,$1,$0,$2,$2,$-1,$-1,$-2,$0,$-2,$-2,$-3,$-0,$-1,$3,3,$-1.03,$-1.03,$28,$0,$0,$333,$0,$0,$0,$32,$32,$365,$31,$29,$143,$172,$203,$0,$-533,$0,$162,$365,$-2,$0,$1,$1,$1,$0,$0,$0,$1,$1,$0,$0,$0,$0,$0,$0,$3,$3,$-2,$0,$-2,$0,$0,$0,$-1,$-3,$-0,$1,$0
23,2012-12-31,14.34,$52.43,0.27,$68.78,0.21,$15.37,0.93,$71.70,0.2,$0.18B,$0.02B,8.35,$0.01B,$0.15B,0.06,$0.04B,$0.04B,100.00%,$0.04B,$0.02B,66.67%,$0.04B,$0.02B,66.67%,$0.04B,$0.04B,102.78%,$0.04B,$0.28B,783.33%,$0.04B,$0.18B,502.78%,$0.18B,$0.15B,314.78%,$0.18B,$0.15B,314.78%,$0.18B,$0.32B,34.59%,$0.02B,$0.16B,34.04%,$7,$0,$7,$0,$4,$4,$2,$122,$124,$-0,$124,$124,$105,$4,$2,$2,2,$-218.26,$-204.54,$30,$0,$0,$177,$0,$0,$0,$145,$145,$322,$21,$8,$139,$148,$169,$0,$-536,$0,$153,$322,$280,$12,$-280,$-269,$-2,$0,$0,$0,$-4,$7,$0,$0,$21,$0,$0,$0,$168,$190,$-176,$0,$-176,$10,$10,$-49,$-0,$-216,$-19,$4,$-49
24,2012-09-30,12.27,$16.86,0.73,$72.34,0.17,$24.69,0.5,$27.40,0.45,$0.04B,$0.02B,2.18,$0.01B,$0.04B,0.22,$0.04B,$0.04B,100.00%,$0.04B,$0.05B,109.09%,$0.04B,$0.05B,109.09%,$0.04B,$0.06B,136.36%,$0.04B,$0.14B,325.00%,$0.04B,$0.07B,154.55%,$0.07B,$0.04B,-523.08%,$0.07B,$0.04B,-523.08%,$0.07B,$0.58B,8.67%,$0.05B,$0.05B,83.84%,$7,$0,$7,$0,$4,$4,$3,$10,$13,$0,$13,$13,$7,$4,$3,$2,2,$3.02,$2.84,$39,$0,$0,$39,$0,$0,$0,$539,$542,$581,$18,$8,$517,$525,$543,$0,$-591,$-31,$38,$581,$157,$10,$-154,$-144,$-5,$0,$0,$1,$-1,$12,$0,$0,$0,$0,$40,$40,$86,$126,$-134,$0,$-134,$0,$0,$0,$-0,$-134,$4,$2,$0
25,2012-06-30,9.37,$9.88,0.95,$81.49,0.12,$28.00,0.33,$30.60,0.31,$0.04B,$0.01B,2.94,$0.01B,$0.02B,0.44,$0.07B,$0.07B,100.00%,$0.07B,$0.07B,104.55%,$0.07B,$0.07B,104.55%,$0.07B,$0.08B,124.24%,$0.07B,$0.14B,209.09%,$0.07B,$0.08B,113.64%,$0.08B,$0.02B,-149.25%,$0.08B,$0.02B,-149.25%,$0.08B,$0.58B,7.32%,$0.07B,$0.03B,85.71%,$7,$0,$7,$0,$2,$2,$5,$-2,$4,$0,$4,$4,$2,$6,$5,$2,2,$1.00,$0.93,$35,$0,$0,$36,$0,$0,$0,$545,$548,$584,$12,$10,$540,$550,$562,$0,$-598,$-34,$22,$584,$144,$9,$-145,$-135,$-4,$0,$0,$3,$-2,$7,$0,$0,$0,$0,$28,$28,$77,$106,$-112,$0,$-112,$0,$0,$0,$-0,$-112,$-0,$1,$0
26,2012-03-31,12.27,$7.64,1.61,$93.94,0.13,$30.81,0.4,$28.90,0.42,$0.05B,$0.01B,3.88,$0.03B,$0.02B,1.49,$0.09B,$0.09B,100.00%,$0.09B,$0.09B,100.00%,$0.09B,$0.09B,100.00%,$0.09B,$0.11B,115.96%,$0.09B,$0.14B,150.00%,$0.09B,$0.07B,75.53%,$0.07B,$0.02B,-83.78%,$0.07B,$0.02B,-83.78%,$0.07B,$0.61B,4.83%,$0.09B,$0.04B,78.66%,$15,$0,$15,$0,$1,$1,$14,$128,$141,$0,$141,$141,$67,$23,$14,$0,0,$291.40,$273.90,$37,$0,$0,$54,$0,$0,$0,$548,$551,$606,$14,$25,$549,$575,$589,$0,$-601,$-35,$17,$606,$141,$9,$-146,$-138,$-3,$0,$0,$2,$-2,$1,$0,$0,$0,$0,$21,$21,$84,$105,$-104,$0,$-104,$0,$0,$0,$-0,$-104,$2,$0,$0
27,2011-12-31,7.32,$-58.05,-0.13,$50.23,0.15,$27.40,0.27,$111.90,0.07,$0.98B,$0.01B,82.44,$0.24B,$-0.13B,-1.85,$0.12B,$0.12B,100.00%,$0.12B,$0.11B,92.37%,$0.12B,$0.11B,92.37%,$0.12B,$0.12B,100.00%,$0.12B,$0.25B,215.25%,$0.12B,$0.26B,219.49%,$0.26B,$-0.13B,-215.83%,$0.26B,$-0.13B,-215.83%,$0.26B,$1.37B,11.31%,$0.11B,$0.11B,10.18%,$15,$0,$15,$0,$-11,$-11,$26,$-41,$-15,$0,$-15,$-15,$-8,$27,$26,$2,2,$-4.78,$-7.52,$48,$0,$0,$983,$0,$0,$0,$382,$384,$1366,$12,$238,$1245,$1483,$1495,$0,$-667,$-41,$-129,$1366,$252,$10,$-231,$-221,$1,$0,$0,$-1,$-2,$29,$0,$0,$0,$0,$94,$94,$1999,$2093,$-2100,$0,$-2100,$0,$0,$0,$-12,$-2112,$10,$4,$0
28,2011-09-30,7.26,$-49.91,-0.15,$57.21,0.13,$31.63,0.23,$120.00,0.06,$0.07B,$0.01B,7.96,$0.25B,$-0.11B,-2.26,$0.13B,$0.13B,100.00%,$0.13B,$0.12B,91.67%,$0.13B,$0.12B,91.67%,$0.13B,$0.13B,96.97%,$0.13B,$0.28B,210.61%,$0.13B,$0.28B,209.85%,$0.28B,$-0.11B,-145.41%,$0.28B,$-0.11B,-145.41%,$0.28B,$1.54B,9.30%,$0.12B,$0.14B,10.46%,$29,$0,$29,$0,$5,$5,$24,$-16,$8,$-0,$8,$8,$14,$26,$24,$2,2,$6.00,$5.70,$42,$0,$0,$67,$0,$0,$0,$1471,$1473,$1540,$8,$250,$1392,$1642,$1651,$0,$-659,$-38,$-111,$1540,$268,$8,$-257,$-249,$3,$0,$0,$-0,$0,$19,$0,$0,$0,$0,$71,$71,$1876,$1947,$-1951,$0,$-1951,$0,$0,$0,$-12,$-1962,$4,$0,$0
29,2011-06-30,12.59,$-52.30,-0.24,$64.52,0.2,$36.22,0.35,$53.80,0.23,$0.07B,$0.01B,7.18,$0.31B,$-0.12B,-2.62,$0.15B,$0.15B,100.00%,$0.15B,$0.14B,92.47%,$0.15B,$0.14B,92.47%,$0.15B,$0.14B,96.58%,$0.15B,$0.14B,93.15%,$0.15B,$0.13B,87.67%,$0.13B,$-0.12B,-47.50%,$0.13B,$-0.12B,-47.50%,$0.13B,$2.37B,3.50%,$0.14B,$0.19B,6.23%,$35,$0,$35,$0,$5,$5,$30,$-23,$7,$1,$6,$6,$-2,$33,$30,$2,2,$-0.80,$-0.80,$39,$0,$0,$67,$0,$0,$0,$2296,$2298,$2365,$9,$305,$2168,$2472,$2482,$0,$-668,$-40,$-116,$2365,$260,$6,$-254,$-249,$3,$0,$0,$-0,$1,$12,$0,$0,$0,$0,$31,$31,$1680,$1712,$-1709,$0,$-1709,$0,$0,$0,$-12,$-1720,$4,$0,$0
30,2011-03-31,7.45,$-55.90,-0.13,$67.68,0.11,$39.67,0.19,$55.90,0.13,$0.62B,$0.01B,66.81,$3.97B,$-0.12B,-31.95,$0.15B,$0.15B,100.00%,$0.15B,$0.14B,92.81%,$0.15B,$0.14B,92.81%,$0.15B,$0.15B,94.77%,$0.15B,$0.13B,86.27%,$0.15B,$0.13B,86.93%,$0.13B,$-0.12B,-42.36%,$0.13B,$-0.12B,-42.36%,$0.13B,$3.89B,3.18%,$0.14B,$3.85B,4.39%,$39,$0,$39,$0,$10,$10,$29,$226,$254,$0,$254,$254,$255,$32,$29,$2,2,$113.50,$110.40,$32,$0,$0,$624,$0,$0,$0,$3266,$3267,$3891,$9,$3973,$33,$4006,$4015,$0,$-666,$-42,$-124,$3891,$254,$3,$-249,$-246,$1,$0,$0,$-1,$-4,$4,$0,$0,$0,$0,$8,$8,$226,$235,$-224,$0,$-224,$0,$0,$0,$-11,$-235,$3,$0,$0
31,2010-12-31,5.04,$-187.33,-0.03,$70.75,0.07,$41.40,0.12,$-82.90,0.0,$0.64B,$0.01B,94.99,$0.86B,$-0.41B,-2.1,$0.16B,$0.16B,100.00%,$0.16B,$0.15B,96.23%,$0.16B,$0.15B,96.23%,$0.16B,$0.16B,97.48%,$0.16B,$-0.19B,-116.35%,$0.16B,$-0.19B,-116.35%,$-0.19B,$-0.41B,52.00%,$-0.19B,$-0.41B,52.00%,$-0.19B,$4.12B,-4.25%,$0.15B,$0.45B,4.49%,$29,$0,$29,$0,$-8,$-8,$38,$-29,$9,$-1,$10,$10,$10,$37,$38,$2,2,$4.50,$4.50,$24,$0,$0,$639,$0,$0,$0,$3481,$3482,$4121,$7,$862,$3663,$4525,$4532,$0,$-920,$-50,$-411,$4121,$-185,$2,$219,$221,$1,$0,$0,$1,$1,$36,$0,$0,$0,$0,$56,$56,$273,$329,$-369,$0,$-369,$0,$0,$0,$0,$-369,$-4,$0,$0
32,2010-09-30,5.27,$-194.26,-0.03,$71.72,0.07,$42.88,0.12,$-261.40,0.0,$0.70B,$0.01B,58.54,$4.61B,$-0.43B,-10.8,$0.16B,$0.16B,100.00%,$0.16B,$0.14B,88.27%,$0.16B,$0.14B,88.27%,$0.16B,$0.15B,90.74%,$0.16B,$-0.59B,-361.11%,$0.16B,$-0.59B,-361.11%,$-0.59B,$-0.43B,198.14%,$-0.59B,$-0.43B,198.14%,$-0.59B,$4.24B,-15.35%,$0.14B,$4.18B,3.80%,$43,$0,$43,$0,$5,$5,$38,$-172,$-134,$1,$-135,$-135,$-135,$39,$38,$2,2,$-60.20,$-60.20,$24,$0,$0,$697,$0,$0,$0,$3537,$3539,$4236,$12,$4609,$41,$4651,$4663,$0,$-930,$-56,$-427,$4236,$-195,$3,$218,$221,$0,$0,$0,$2,$2,$28,$0,$0,$0,$0,$36,$36,$203,$239,$-271,$0,$-271,$0,$0,$0,$0,$-271,$-4,$0,$0
33,2010-06-30,5.37,$-133.69,-0.04,$67.01,0.08,$43.68,0.12,$-248.70,0.0,$0.75B,$0.01B,59.41,$4.75B,$-0.29B,-16.17,$0.15B,$0.15B,100.00%,$0.15B,$0.13B,86.84%,$0.15B,$0.13B,86.84%,$0.15B,$0.14B,89.47%,$0.15B,$-0.56B,-366.45%,$0.15B,$-0.56B,-365.79%,$-0.56B,$-0.29B,411.09%,$-0.56B,$-0.29B,411.09%,$-0.56B,$4.50B,-16.59%,$0.13B,$4.45B,3.99%,$42,$0,$42,$0,$5,$5,$37,$-34,$3,$0,$3,$3,$3,$37,$37,$2,2,$1.30,$1.30,$26,$0,$0,$752,$0,$0,$0,$3749,$3751,$4503,$13,$4747,$37,$4784,$4797,$0,$-796,$-58,$-294,$4503,$-61,$2,$76,$79,$0,$0,$0,$1,$2,$20,$0,$0,$0,$0,$11,$11,$98,$109,$-131,$0,$-131,$0,$0,$0,$0,$-131,$-1,$0,$0
34,2010-03-31,5.04,$-132.71,-0.04,$63.68,0.08,$42.88,0.12,$-252.90,0.0,$0.77B,$0.01B,89.69,$4.82B,$-0.29B,-16.59,$0.14B,$0.14B,100.00%,$0.14B,$0.12B,86.11%,$0.14B,$0.12B,86.11%,$0.14B,$0.13B,88.89%,$0.14B,$-0.57B,-393.06%,$0.14B,$-0.57B,-392.36%,$-0.57B,$-0.29B,-2658.82%,$-0.57B,$-0.29B,-2658.82%,$-0.57B,$4.57B,-19.78%,$0.12B,$4.53B,4.41%,$45,$0,$45,$0,$5,$5,$40,$-103,$-63,$0,$-63,$-63,$-63,$42,$40,$2,2,$-28.40,$-28.40,$26,$0,$0,$768,$0,$0,$0,$3803,$3804,$4572,$9,$4821,$33,$4854,$4863,$0,$-798,$-52,$-291,$4572,$-63,$2,$72,$74,$-0,$0,$0,$0,$-3,$8,$0,$0,$0,$0,$3,$3,$42,$45,$-55,$0,$-55,$0,$0,$0,$0,$-55,$-2,$0,$0
35,2009-12-31,4.13,$-77.33,-0.05,$60.53,0.07,$42.29,0.1,$-257.30,0.0,$0.80B,$0.01B,79.59,$2.07B,$-0.17B,-12.21,$0.14B,$0.14B,100.00%,$0.14B,$0.11B,83.09%,$0.14B,$0.11B,83.09%,$0.14B,$0.11B,83.82%,$0.14B,$-0.58B,-424.26%,$0.14B,$-0.58B,-422.79%,$-0.58B,$-0.17B,-327.17%,$-0.58B,$-0.17B,-327.17%,$-0.58B,$1.94B,-24.32%,$0.11B,$1.90B,4.87%,$32,$0,$32,$0,$4,$4,$28,$-419,$-391,$-0,$-390,$-390,$-390,$29,$28,$2,2,$-174.40,$-174.40,$28,$0,$0,$798,$0,$0,$0,$1137,$1139,$1937,$10,$2065,$31,$2096,$2106,$0,$-689,$-39,$-169,$1937,$-576,$1,$614,$615,$2,$0,$0,$1,$1,$40,$0,$0,$0,$0,$18,$18,$105,$122,$-198,$0,$-198,$0,$0,$0,$19,$-179,$-17,$0,$0
36,2009-09-30,9.89,$96.73,0.1,$69.30,0.14,$50.14,0.2,$-106.20,0.0,$1.63B,$0.01B,167.67,$2.13B,$0.21B,10.0,$0.15B,$0.15B,100.00%,$0.15B,$0.13B,83.55%,$0.15B,$0.13B,83.55%,$0.15B,$0.13B,82.24%,$0.15B,$-0.24B,-154.61%,$0.15B,$-0.24B,-155.26%,$-0.24B,$0.21B,-74.16%,$-0.24B,$0.21B,-74.16%,$-0.24B,$2.39B,-9.11%,$0.13B,$2.35B,5.00%,$33,$0,$33,$0,$5,$6,$27,$-134,$-106,$0,$-106,$-106,$-106,$28,$27,$2,2,$-47.50,$-47.50,$29,$0,$0,$1633,$0,$0,$0,$756,$757,$2391,$10,$2133,$35,$2168,$2177,$0,$-299,$-48,$213,$2391,$-186,$0,$214,$214,$1,$0,$0,$2,$2,$30,$0,$0,$0,$0,$11,$11,$54,$65,$-128,$0,$-128,$0,$0,$0,$16,$-112,$-17,$1,$0
37,2009-06-30,4.72,$150.53,0.03,$76.40,0.06,$56.16,0.08,$-52.60,0.0,$2.51B,$0.01B,322.21,$2.15B,$0.33B,6.49,$0.17B,$0.17B,100.00%,$0.17B,$0.14B,85.03%,$0.17B,$0.14B,85.03%,$0.17B,$0.14B,81.44%,$0.17B,$-0.12B,-68.86%,$0.17B,$-0.12B,-69.46%,$-0.12B,$0.33B,-30.17%,$-0.12B,$0.33B,-30.17%,$-0.12B,$2.53B,-4.20%,$0.14B,$2.49B,5.24%,$34,$0,$34,$0,$5,$5,$29,$-36,$-6,$0,$-6,$-6,$-6,$29,$29,$2,2,$-2.90,$-2.90,$20,$0,$0,$2508,$0,$0,$0,$18,$20,$2528,$8,$2154,$34,$2188,$2196,$0,$-193,$-35,$332,$2528,$-80,$-0,$99,$98,$1,$0,$0,$2,$-0,$18,$0,$0,$0,$0,$8,$8,$36,$44,$-107,$0,$-107,$0,$0,$0,$19,$-88,$-26,$1,$0
38,2009-03-31,3.58,$148.37,0.02,$85.93,0.04,$60.57,0.06,$-65.60,0.0,$2.58B,$0.01B,387.23,$2.22B,$0.33B,6.79,$0.19B,$0.19B,100.00%,$0.19B,$0.16B,86.10%,$0.19B,$0.16B,86.10%,$0.19B,$0.15B,82.35%,$0.19B,$-0.14B,-77.01%,$0.19B,$-0.15B,-77.54%,$-0.15B,$0.33B,-34.38%,$-0.15B,$0.33B,-34.38%,$-0.15B,$2.60B,-4.98%,$0.16B,$2.55B,5.63%,$37,$0,$37,$0,$8,$8,$29,$-103,$-74,$-0,$-73,$-73,$-73,$28,$29,$2,2,$-32.80,$-32.80,$18,$0,$0,$2576,$0,$0,$0,$25,$26,$2602,$7,$2221,$47,$2268,$2275,$0,$-186,$-46,$327,$2602,$-73,$-1,$82,$81,$1,$0,$0,$2,$-1,$7,$0,$0,$0,$0,$4,$4,$0,$4,$-56,$0,$-56,$0,$0,$0,$19,$-38,$-27,$0,$0
39,2008-12-31,11.71,$181.89,0.06,$101.96,0.11,$64.12,0.18,$-24.60,0.0,$2.81B,$0.01B,244.4,$2.38B,$0.40B,5.92,$0.21B,$0.21B,100.00%,$0.21B,$0.18B,88.04%,$0.21B,$0.18B,88.04%,$0.21B,$0.18B,85.17%,$0.21B,$-0.06B,-26.79%,$0.21B,$-0.06B,-27.27%,$-0.06B,$0.40B,-12.24%,$-0.06B,$0.40B,-12.24%,$-0.06B,$2.84B,-1.85%,$0.18B,$2.78B,6.07%,$48,$0,$48,$0,$6,$6,$42,$-91,$-49,$2,$-51,$-51,$-51,$40,$42,$2,2,$-25.70,$-25.70,$64,$0,$0,$2805,$0,$0,$0,$31,$32,$2838,$11,$2377,$48,$2425,$2436,$0,$-115,$-41,$401,$2838,$-58,$-6,$116,$110,$4,$0,$0,$4,$2,$54,$0,$0,$0,$0,$30,$30,$125,$155,$-218,$0,$-218,$123,$123,$-96,$1,$-189,$20,$3,$-96
40,2008-09-30,50.43,$216.60,0.23,$118.31,0.43,$84.96,0.59,$14.60,3.45,$3.04B,$0.03B,113.55,$2.54B,$0.48B,5.31,$0.23B,$0.23B,100.00%,$0.23B,$0.20B,88.26%,$0.23B,$0.20B,88.26%,$0.23B,$0.20B,86.52%,$0.23B,$0.02B,9.13%,$0.23B,$0.02B,10.00%,$0.02B,$0.48B,4.92%,$0.02B,$0.48B,4.92%,$0.02B,$3.07B,0.72%,$0.20B,$3.02B,6.51%,$48,$0,$48,$0,$6,$6,$42,$-29,$14,$0,$14,$14,$14,$39,$42,$2,2,$6.10,$6.10,$133,$0,$0,$3041,$0,$0,$0,$22,$26,$3068,$27,$2541,$22,$2562,$2589,$0,$-64,$-12,$478,$3068,$-6,$-4,$53,$49,$3,$0,$0,$4,$1,$43,$0,$0,$0,$0,$27,$27,$75,$102,$-98,$0,$-98,$123,$123,$-83,$1,$-56,$89,$3,$-83
41,2008-06-30,59.83,$217.44,0.28,$133.99,0.45,$103.30,0.58,$17.20,3.48,$3.11B,$0.03B,103.38,$2.61B,$0.48B,5.43,$0.25B,$0.25B,100.00%,$0.25B,$0.22B,88.71%,$0.25B,$0.22B,88.71%,$0.25B,$0.22B,88.71%,$0.25B,$0.02B,8.87%,$0.25B,$0.02B,9.68%,$0.02B,$0.48B,5.24%,$0.02B,$0.48B,5.24%,$0.02B,$3.14B,0.75%,$0.22B,$3.09B,7.03%,$54,$0,$54,$0,$6,$6,$48,$-82,$-35,$0,$-35,$-35,$-35,$47,$48,$2,2,$-15.90,$-15.90,$110,$0,$0,$3111,$0,$0,$0,$24,$28,$3139,$30,$2610,$18,$2628,$2659,$0,$-64,$-9,$481,$3139,$-20,$-1,$51,$50,$3,$0,$0,$0,$-3,$27,$-0,$0,$0,$0,$15,$15,$68,$84,$-102,$0,$-102,$123,$123,$-65,$2,$-42,$69,$2,$-65
42,2008-03-31,80.5,$232.04,0.35,$148.72,0.54,$117.65,0.68,$47.40,1.7,$3.28B,$0.03B,110.65,$2.74B,$0.50B,5.44,$0.26B,$0.26B,100.00%,$0.26B,$0.23B,88.64%,$0.26B,$0.23B,88.64%,$0.26B,$0.24B,89.77%,$0.26B,$0.08B,31.06%,$0.26B,$0.08B,31.82%,$0.08B,$0.50B,18.64%,$0.08B,$0.50B,18.64%,$0.08B,$3.31B,2.62%,$0.23B,$3.24B,7.44%,$59,$0,$59,$0,$7,$7,$52,$-38,$14,$-1,$15,$15,$15,$52,$52,$2,2,$8.20,$8.20,$138,$0,$0,$3278,$0,$0,$0,$25,$29,$3307,$30,$2736,$37,$2774,$2803,$0,$-12,$-26,$503,$3307,$15,$-0,$0,$0,$1,$0,$0,$2,$-3,$12,$-0,$0,$0,$0,$4,$4,$-4,$-0,$19,$0,$19,$113,$113,$-47,$1,$85,$97,$1,$-47
43,2007-12-31,88.94,$232.08,0.38,$149.50,0.59,$120.35,0.74,$47.60,1.87,$3.18B,$0.07B,48.43,$2.72B,$0.41B,6.65,$0.27B,$0.27B,100.00%,$0.27B,$0.23B,87.92%,$0.27B,$0.23B,87.92%,$0.27B,$0.24B,89.43%,$0.27B,$0.08B,31.32%,$0.27B,$0.08B,31.70%,$0.08B,$0.41B,19.47%,$0.08B,$0.41B,19.47%,$0.08B,$3.21B,2.70%,$0.23B,$3.13B,7.61%,$69,$0,$69,$0,$8,$9,$61,$-32,$28,$-0,$29,$29,$29,$61,$61,$2,2,$16.20,$16.30,$32,$0,$0,$3181,$0,$0,$0,$27,$30,$3211,$66,$2716,$21,$2738,$2803,$0,$-9,$-9,$408,$3211,$84,$4,$-8,$-4,$-0,$0,$0,$-0,$2,$82,$0,$0,$-2,$0,$-46,$-46,$-306,$-354,$340,$0,$340,$1,$1,$-66,$-3,$271,$-0,$5,$-66
44,2007-09-30,95.05,$251.52,0.38,$144.37,0.66,$114.60,0.83,$40.50,2.35,$3.03B,$0.03B,96.47,$2.62B,$0.44B,5.95,$0.25B,$0.25B,100.00%,$0.25B,$0.22B,88.00%,$0.25B,$0.22B,88.00%,$0.25B,$0.23B,90.40%,$0.25B,$0.07B,28.00%,$0.25B,$0.07B,28.00%,$0.07B,$0.44B,16.06%,$0.07B,$0.44B,16.06%,$0.07B,$3.10B,2.36%,$0.22B,$3.06B,7.50%,$66,$0,$66,$0,$7,$7,$59,$-44,$15,$-0,$15,$15,$15,$60,$59,$2,2,$8.80,$8.70,$28,$0,$0,$3028,$0,$0,$0,$68,$71,$3100,$31,$2621,$7,$2628,$2659,$0,$9,$8,$440,$3100,$56,$4,$5,$9,$-0,$0,$0,$-0,$3,$67,$-1,$0,$-2,$0,$-81,$-81,$-250,$-333,$320,$0,$320,$-1,$-1,$-52,$-3,$263,$-2,$0,$-52
45,2007-06-30,89.38,$258.19,0.35,$137.30,0.65,$110.21,0.81,$40.40,2.21,$3.13B,$0.03B,103.17,$2.70B,$0.45B,5.98,$0.23B,$0.23B,100.00%,$0.23B,$0.20B,87.45%,$0.23B,$0.20B,87.45%,$0.23B,$0.21B,89.61%,$0.23B,$0.07B,29.00%,$0.23B,$0.07B,29.44%,$0.07B,$0.45B,16.46%,$0.07B,$0.45B,16.46%,$0.07B,$3.19B,2.46%,$0.20B,$3.16B,7.41%,$70,$0,$70,$0,$8,$8,$62,$-36,$25,$0,$25,$25,$25,$64,$62,$2,2,$14.50,$14.30,$28,$0,$0,$3133,$0,$0,$0,$52,$56,$3189,$30,$2703,$4,$2706,$2737,$0,$8,$22,$452,$3189,$40,$3,$4,$7,$-1,$0,$0,$-1,$1,$48,$-0,$0,$-2,$0,$-83,$-83,$-563,$-648,$640,$0,$640,$-1,$-1,$-38,$-2,$598,$-2,$0,$-38
46,2007-03-31,116.63,$244.08,0.48,$128.27,0.91,$103.62,1.13,$35.20,3.31,$2.89B,$0.03B,115.81,$2.48B,$0.43B,5.82,$0.21B,$0.21B,100.00%,$0.21B,$0.18B,86.06%,$0.21B,$0.18B,86.06%,$0.21B,$0.18B,88.46%,$0.21B,$0.06B,26.44%,$0.21B,$0.06B,27.40%,$0.06B,$0.43B,14.62%,$0.06B,$0.43B,14.62%,$0.06B,$2.94B,2.27%,$0.18B,$2.91B,7.23%,$60,$0,$60,$0,$7,$8,$51,$-37,$15,$-0,$15,$15,$15,$52,$51,$2,2,$8.50,$8.40,$23,$0,$0,$2893,$0,$0,$0,$44,$47,$2940,$25,$2481,$8,$2489,$2514,$0,$-3,$10,$426,$2940,$15,$1,$2,$3,$-0,$0,$0,$1,$-2,$16,$-0,$0,$0,$0,$-29,$-29,$-271,$-301,$309,$0,$309,$-2,$-2,$-24,$-2,$280,$-4,$0,$-24
47,2006-12-31,125.61,$244.79,0.51,$115.68,1.09,$98.89,1.27,$33.90,3.71,$2.61B,$0.04B,68.53,$2.18B,$0.43B,5.11,$0.18B,$0.18B,100.00%,$0.18B,$0.16B,85.64%,$0.18B,$0.16B,85.64%,$0.18B,$0.16B,87.85%,$0.18B,$0.05B,27.62%,$0.18B,$0.05B,29.28%,$0.05B,$0.43B,14.31%,$0.05B,$0.43B,14.31%,$0.05B,$2.65B,2.35%,$0.16B,$2.60B,6.97%,$54,$0,$54,$0,$6,$7,$48,$-32,$15,$-0,$15,$15,$15,$50,$48,$2,2,$9.20,$9.20,$28,$0,$0,$2608,$0,$0,$0,$37,$40,$2649,$38,$2178,$6,$2184,$2222,$0,$-4,$13,$426,$2649,$54,$4,$5,$9,$-5,$0,$0,$6,$1,$65,$0,$0,$0,$0,$-329,$-329,$-834,$-1164,$1062,$0,$1062,$86,$86,$-44,$-4,$1100,$1,$4,$-44
