,Date,Stock Price,Book Value per Share,Price to Book Ratio,TTM Sales per Share,Price to Sales Ratio,TTM FCF per Share,Price to FCF Ratio,TTM Net EPS,PE Ratio,Current Assets,Current Liabilities,Current Ratio,Long Term Debt,Shareholder's Equity_x,Debt to Equity Ratio,TTM Revenue_x,TTM Gross Profit,Gross Margin,TTM Revenue_y,TTM Operating Income,Operating Margin,TTM Revenue_x,TTM EBIT,EBIT Margin,TTM Revenue_y,TTM EBITDA,EBITDA Margin,TTM Revenue_x,TTM Pre-Tax Income,Pre-Tax Margin,TTM Revenue_y,TTM Net Income_x,Net Margin,TTM Net Income_y,Shareholder's Equity_y,Return on Equity,TTM Net Income_x,Tangible Equity,Return on Tangible Equity,TTM Net Income_y,Total Assets,Return on Assets,TTM Net Income,LT Investments & Debt,Return on Investment,revenue,cost-goods-sold,gross-profit,research-development-expenses,selling-general-administrative-expenses,operating-expenses,operating-income,total-non-operating-income-expense,pre-tax-income,total-provision-income-taxes,income-after-taxes,income-from-continuous-operations,net-income,ebitda,ebit,basic-shares-outstanding,shares-outstanding,eps-basic-net-earnings-per-share,eps-earnings-per-share-diluted,cash-on-hand,inventory,other-current-assets,total-current-assets,net-property-plant-equipment,long-term-investments,goodwill-intangible-assets-total,other-long-term-assets,total-long-term-assets,total-assets,total-current-liabilities,long-term-debt,other-non-current-liabilities,total-long-term-liabilities,total-liabilities,common-stock-net,retained-earnings-accumulated-deficit,comprehensive-income,total-share-holder-equity,total-liabilities-share-holders-equity,net-income-loss,total-depreciation-amortization-cash-flow,other-non-cash-items,total-non-cash-items,change-in-accounts-receivable,change-in-inventories,change-in-accounts-payable,change-in-assets-liabilities,total-change-in-assets-liabilities,cash-flow-from-operating-activities,net-change-in-property-plant-equipment,net-change-in-intangible-assets,net-acquisitions-divestitures,net-change-in-short-term-investments,net-change-in-long-term-investments,net-change-in-investments-total,investing-activities-other,cash-flow-from-investing-activities,net-long-term-debt,net-current-debt,debt-issuance-retirement-net-total,net-common-equity-issued-repurchased,net-total-equity-issued-repurchased,total-common-preferred-stock-dividends-paid,financial-activities-other,cash-flow-from-financial-activities,net-cash-flow,stock-based-compensation,common-stock-dividends-paid
0,2018-09-30,44.15,$19.11,2.31,$9.67,4.57,$5.41,8.16,0.0,0.0,$4.36B,$1.71B,2.55,$2.51B,$7.90B,0.32,$4.01B,$3.42B,85.21%,$4.01B,$0.84B,21.03%,$4.01B,$0.84B,21.03%,$4.01B,$1.19B,29.78%,$4.01B,$0.76B,18.83%,$4.01B,$0.41B,10.23%,$0.41B,$7.90B,5.99%,$0.41B,$1.11B,836.73%,$0.41B,$13.10B,3.14%,$0.84B,$10.41B,9.01%,$895,$138,$757,$158,$351,$728,$167,$-19,$148,$19,$129,$129,$127,$244,$167,$413,416,$0.31,$0.31,$2931,$0,$924,$4362,$213,$0,$6790,$633,$8741,$13103,$1710,$2506,$395,$3491,$5201,$59,$9156,$-463,$7902,$13103,$295,$163,$57,$220,$279,$0,$0,$-284,$-264,$251,$-24,$0,$-25,$0,$0,$0,$-1,$-50,$-259,$0,$-259,$-59,$-59,$-214,$-26,$-558,$-475,$68,$-214
1,2018-06-30,35.44,$19.02,1.86,$10.00,3.54,$5.62,6.31,0.0,0.0,$4.76B,$2.15B,2.21,$2.51B,$7.86B,0.32,$4.15B,$3.55B,85.49%,$4.15B,$0.96B,23.10%,$4.15B,$0.96B,23.10%,$4.15B,$1.33B,31.97%,$4.15B,$0.87B,20.85%,$4.15B,$0.46B,11.19%,$0.46B,$7.86B,7.30%,$0.46B,$1.07B,-99.57%,$0.46B,$13.59B,3.60%,$0.96B,$10.37B,10.80%,$938,$146,$792,$162,$339,$836,$102,$-20,$82,$-84,$166,$166,$164,$188,$102,$413,415,$0.40,$0.40,$3328,$0,$909,$4762,$222,$0,$6792,$653,$8832,$13594,$2154,$2510,$409,$3579,$5733,$59,$9134,$-440,$7861,$13594,$166,$86,$28,$114,$262,$0,$0,$-109,$-18,$262,$-12,$0,$-25,$0,$0,$0,$0,$-37,$-4,$0,$-4,$-66,$-66,$-107,$-22,$-199,$-78,$33,$-107
2,2018-03-31,33.46,$14.31,2.34,$10.20,3.28,$5.70,5.87,0.0,0.0,$4.41B,$3.32B,1.33,$2.51B,$5.90B,0.43,$4.24B,$3.64B,85.83%,$4.24B,$1.12B,26.42%,$4.24B,$1.12B,26.42%,$4.24B,$1.50B,35.35%,$4.24B,$1.02B,24.11%,$4.24B,$0.48B,11.24%,$0.48B,$5.90B,8.13%,$0.48B,$-0.91B,-48.47%,$0.48B,$13.06B,3.78%,$1.12B,$8.41B,13.27%,$1083,$154,$929,$166,$390,$816,$267,$-24,$243,$36,$207,$207,$212,$361,$267,$414,415,$0.51,$0.50,$3405,$0,$210,$4408,$237,$0,$6804,$154,$8652,$13060,$3321,$2514,$399,$3844,$7165,$59,$6971,$-290,$5895,$13060,$476,$378,$168,$546,$-10,$0,$0,$66,$176,$1198,$-48,$0,$-15,$0,$0,$0,$-2,$-65,$-19,$0,$-19,$-147,$-147,$-428,$-86,$-680,$635,$120,$-428
3,2017-12-31,32.61,$13.88,2.35,$10.03,3.25,$5.41,6.02,0.0,0.0,$3.83B,$3.09B,1.24,$2.52B,$5.72B,0.44,$4.16B,$3.57B,85.71%,$4.16B,$1.07B,25.62%,$4.16B,$1.07B,25.62%,$4.16B,$1.43B,34.41%,$4.16B,$0.98B,23.44%,$4.16B,$0.43B,10.23%,$0.43B,$5.72B,7.34%,$0.43B,$-1.08B,-40.70%,$0.43B,$12.53B,3.41%,$1.07B,$8.24B,12.63%,$1093,$155,$938,$157,$383,$786,$307,$-25,$282,$375,$-93,$-93,$-93,$401,$307,$413,413,$-0.23,$-0.23,$2971,$0,$136,$3826,$230,$0,$6799,$156,$8707,$12533,$3090,$2518,$429,$3720,$6810,$59,$6871,$-342,$5723,$12533,$269,$284,$137,$421,$58,$0,$0,$-294,$-40,$650,$-34,$0,$-15,$0,$0,$0,$-2,$-51,$-14,$0,$-14,$-138,$-138,$-321,$-72,$-545,$202,$89,$-321
4,2017-09-30,32.45,$14.35,2.26,$9.81,3.31,$5.44,5.97,0.0,0.0,$3.46B,$2.80B,1.24,$2.52B,$5.94B,0.42,$4.08B,$3.50B,85.73%,$4.08B,$1.07B,26.19%,$4.08B,$1.07B,26.19%,$4.08B,$1.42B,34.70%,$4.08B,$0.99B,24.18%,$4.08B,$0.73B,17.78%,$0.73B,$5.94B,12.57%,$0.73B,$-0.95B,-79.39%,$0.73B,$12.31B,5.99%,$1.07B,$8.45B,12.92%,$1034,$147,$887,$161,$341,$752,$282,$-24,$258,$74,$184,$184,$181,$376,$282,$415,416,$0.44,$0.44,$2822,$0,$178,$3457,$230,$0,$6883,$160,$8856,$12313,$2799,$2517,$222,$3579,$6378,$59,$7070,$-351,$5935,$12313,$362,$190,$51,$241,$317,$0,$0,$-457,$-268,$335,$-22,$0,$-15,$0,$0,$0,$-1,$-38,$-9,$0,$-9,$-85,$-85,$-215,$-72,$-381,$52,$61,$-215
5,2017-06-30,33.25,$14.10,2.36,$9.78,3.4,$4.99,6.67,0.0,0.0,$3.61B,$2.72B,1.33,$2.77B,$5.87B,0.47,$4.06B,$3.49B,85.87%,$4.06B,$1.11B,27.23%,$4.06B,$1.11B,27.23%,$4.06B,$1.44B,35.35%,$4.06B,$1.03B,25.46%,$4.06B,$0.75B,18.54%,$0.75B,$5.87B,13.29%,$0.75B,$-1.00B,-92.42%,$0.75B,$12.48B,6.44%,$1.11B,$8.64B,13.78%,$1025,$144,$881,$158,$353,$762,$263,$-25,$238,$60,$178,$178,$176,$359,$263,$415,417,$0.42,$0.42,$2971,$0,$180,$3612,$234,$0,$6864,$154,$8864,$12476,$2717,$2770,$219,$3890,$6607,$59,$6994,$-399,$5869,$12476,$178,$96,$41,$137,$308,$0,$0,$-162,$-17,$298,$-12,$0,$-6,$0,$0,$0,$0,$-18,$-5,$0,$-5,$1,$1,$-107,$-55,$-166,$202,$32,$-107
6,2017-03-31,30.35,$13.76,2.21,$9.73,3.12,$4.75,6.39,0.0,0.0,$3.73B,$3.01B,1.24,$2.77B,$5.69B,0.49,$4.04B,$3.46B,85.80%,$4.04B,$1.14B,28.12%,$4.04B,$1.14B,28.12%,$4.04B,$1.46B,36.05%,$4.04B,$1.07B,26.59%,$4.04B,$0.78B,19.20%,$0.78B,$5.69B,13.95%,$0.78B,$-1.17B,-106.13%,$0.78B,$12.61B,6.85%,$1.14B,$8.46B,14.72%,$1012,$149,$863,$158,$399,$797,$215,$-17,$198,$41,$157,$157,$162,$297,$215,$414,415,$0.38,$0.38,$2771,$0,$198,$3733,$237,$0,$6857,$149,$8877,$12610,$3006,$2773,$229,$3915,$6921,$59,$6923,$-483,$5689,$12610,$775,$320,$92,$412,$-85,$0,$0,$75,$-109,$1078,$-47,$0,$-1288,$0,$0,$0,$-2,$-1337,$844,$0,$844,$-78,$-78,$-428,$-17,$321,$-41,$108,$-428
7,2016-12-31,30.16,$13.49,2.24,$9.66,3.12,$4.65,6.49,0.0,0.0,$3.52B,$2.62B,1.34,$1.95B,$5.58B,0.35,$4.03B,$3.46B,85.77%,$4.03B,$1.20B,29.73%,$4.03B,$1.20B,29.73%,$4.03B,$1.52B,37.79%,$4.03B,$1.14B,28.24%,$4.03B,$0.79B,19.51%,$0.79B,$5.58B,14.37%,$0.79B,$-0.54B,-127.92%,$0.79B,$11.02B,7.18%,$1.20B,$7.52B,16.15%,$1007,$142,$865,$144,$355,$699,$308,$-16,$292,$84,$208,$208,$206,$383,$308,$413,414,$0.50,$0.50,$2828,$0,$136,$3519,$219,$0,$6118,$113,$7503,$11022,$2619,$1946,$222,$2827,$5446,$59,$6872,$-518,$5576,$11022,$618,$238,$62,$300,$57,$0,$0,$-297,$-260,$658,$-30,$0,$-48,$0,$0,$0,$-1,$-79,$-5,$0,$-5,$-78,$-78,$-321,$-8,$-412,$16,$80,$-321
8,2016-09-30,31.15,$13.38,2.33,$9.68,3.22,$4.39,7.1,0.0,0.0,$3.18B,$2.41B,1.32,$1.95B,$5.53B,0.35,$4.06B,$3.48B,85.71%,$4.06B,$1.18B,29.16%,$4.06B,$1.18B,29.16%,$4.06B,$1.53B,37.59%,$4.06B,$1.13B,27.71%,$4.06B,$0.80B,19.80%,$0.80B,$5.53B,14.92%,$0.80B,$-0.55B,-114.25%,$0.80B,$10.69B,7.37%,$1.18B,$7.48B,16.13%,$1018,$139,$879,$136,$319,$698,$320,$-14,$306,$94,$212,$212,$209,$397,$320,$414,415,$0.50,$0.50,$2585,$0,$148,$3178,$222,$0,$6083,$120,$7509,$10687,$2408,$1946,$221,$2750,$5158,$59,$6771,$-435,$5529,$10687,$410,$163,$47,$210,$176,$0,$0,$-545,$-479,$141,$-16,$0,$-1,$0,$0,$0,$0,$-17,$-4,$0,$-4,$-78,$-78,$-214,$-23,$-319,$-227,$54,$-214
9,2016-06-30,30.69,$13.10,2.34,$9.53,3.22,$4.56,6.72,0.0,0.0,$3.35B,$2.64B,1.27,$1.95B,$5.43B,0.36,$4.05B,$3.46B,85.45%,$4.05B,$1.12B,27.75%,$4.05B,$1.12B,27.75%,$4.05B,$1.48B,36.67%,$4.05B,$1.07B,26.34%,$4.05B,$0.77B,19.00%,$0.77B,$5.43B,14.15%,$0.77B,$-0.66B,-114.82%,$0.77B,$10.91B,7.01%,$1.12B,$7.37B,15.37%,$999,$143,$856,$148,$330,$707,$292,$-15,$277,$79,$198,$198,$198,$378,$292,$414,415,$0.47,$0.47,$2776,$0,$144,$3350,$229,$0,$6084,$114,$7557,$10907,$2638,$1946,$240,$2842,$5480,$59,$6666,$-445,$5427,$10907,$198,$86,$32,$118,$193,$0,$0,$-220,$-122,$194,$-8,$0,$-1,$0,$0,$0,$0,$-9,$-4,$0,$-4,$-40,$-40,$-107,$-26,$-177,$-36,$29,$-107
10,2016-03-31,28.55,$13.03,2.19,$9.35,3.05,$4.52,6.32,0.0,0.0,$3.56B,$2.89B,1.23,$1.95B,$5.38B,0.36,$4.03B,$3.44B,85.52%,$4.03B,$1.14B,28.20%,$4.03B,$1.14B,28.20%,$4.03B,$1.50B,37.19%,$4.03B,$1.08B,26.93%,$4.03B,$0.78B,19.45%,$0.78B,$5.38B,14.21%,$0.78B,$-0.71B,-148.72%,$0.78B,$11.20B,7.17%,$1.14B,$7.33B,15.74%,$1009,$150,$859,$140,$343,$730,$279,$-15,$264,$93,$171,$171,$174,$366,$279,$426,427,$0.42,$0.41,$2812,$0,$124,$3561,$242,$0,$6086,$113,$7643,$11204,$2894,$1947,$245,$2932,$5826,$59,$6575,$-416,$5378,$11204,$783,$362,$-28,$334,$54,$0,$0,$-57,$-51,$1066,$-48,$0,$-644,$48,$0,$48,$-1,$-645,$691,$0,$691,$-703,$-703,$-429,$-34,$-475,$8,$97,$-429
11,2015-12-31,26.25,$12.67,2.07,$9.31,2.82,$4.35,6.04,0.0,0.0,$3.45B,$2.70B,1.28,$1.96B,$5.23B,0.37,$4.04B,$3.44B,85.19%,$4.04B,$1.07B,26.42%,$4.04B,$1.07B,26.42%,$4.04B,$1.44B,35.68%,$4.04B,$1.02B,25.30%,$4.04B,$0.76B,18.82%,$0.76B,$5.23B,13.64%,$0.76B,$-0.90B,-192.53%,$0.76B,$10.86B,7.00%,$1.07B,$7.18B,15.03%,$1034,$148,$886,$133,$367,$741,$293,$-15,$278,$59,$219,$219,$223,$385,$293,$420,421,$0.53,$0.53,$2353,$0,$142,$3454,$249,$0,$6123,$110,$7403,$10857,$2699,$1956,$255,$2931,$5630,$59,$6506,$-469,$5227,$10857,$609,$275,$12,$287,$50,$0,$0,$-343,$-333,$563,$-34,$0,$-648,$48,$0,$48,$0,$-634,$692,$0,$692,$-700,$-700,$-325,$-20,$-353,$-451,$70,$-325
12,2015-09-30,24.86,$13.13,1.89,$9.32,2.67,$4.22,5.89,0.0,0.0,$3.42B,$2.56B,1.34,$1.65B,$5.70B,0.29,$4.10B,$3.49B,85.16%,$4.10B,$1.09B,26.66%,$4.10B,$1.09B,26.66%,$4.10B,$1.47B,35.82%,$4.10B,$1.05B,25.63%,$4.10B,$0.76B,18.53%,$0.76B,$5.70B,13.32%,$0.76B,$-0.42B,-401.59%,$0.76B,$10.89B,6.98%,$1.09B,$7.35B,15.49%,$1005,$148,$857,$151,$347,$746,$259,$-12,$247,$75,$172,$172,$174,$355,$259,$436,437,$0.39,$0.39,$2458,$0,$183,$3422,$246,$0,$6120,$113,$7471,$10893,$2562,$1649,$264,$2629,$5191,$59,$6387,$-439,$5702,$10893,$386,$183,$17,$200,$231,$0,$0,$-513,$-355,$231,$-23,$0,$-647,$48,$0,$48,$0,$-622,$394,$0,$394,$-111,$-111,$-220,$-24,$39,$-346,$45,$-220
13,2015-06-30,26.41,$13.13,2.01,$9.47,2.79,$4.20,6.3,0.0,0.0,$3.75B,$2.69B,1.39,$1.25B,$5.73B,0.22,$4.17B,$3.55B,85.16%,$4.17B,$1.15B,27.65%,$4.17B,$1.15B,27.65%,$4.17B,$1.54B,36.95%,$4.17B,$1.11B,26.64%,$4.17B,$0.84B,20.17%,$0.84B,$5.73B,14.73%,$0.84B,$-0.08B,-828.57%,$0.84B,$10.71B,7.65%,$1.15B,$6.98B,16.57%,$977,$137,$840,$136,$316,$673,$304,$-9,$295,$88,$207,$207,$212,$391,$304,$436,438,$0.48,$0.48,$2816,$0,$162,$3745,$252,$0,$5817,$105,$6962,$10707,$2686,$1250,$264,$2288,$4974,$59,$6323,$-386,$5733,$10707,$212,$87,$11,$98,$228,$0,$0,$-261,$-122,$188,$-13,$0,$-37,$0,$0,$0,$0,$-50,$-5,$0,$-5,$-46,$-46,$-110,$-39,$-200,$12,$22,$-110
14,2015-03-31,29.17,$12.92,2.26,$9.66,3.02,$4.12,7.07,0.0,0.0,$3.99B,$2.94B,1.36,$1.25B,$5.63B,0.22,$4.26B,$3.63B,85.10%,$4.26B,$1.16B,27.26%,$4.26B,$1.16B,27.26%,$4.26B,$1.56B,36.70%,$4.26B,$1.12B,26.16%,$4.26B,$0.85B,19.85%,$0.85B,$5.63B,14.86%,$0.85B,$-0.18B,-587.50%,$0.85B,$10.97B,7.53%,$1.16B,$6.87B,16.73%,$1023,$165,$858,$160,$386,$812,$211,$-9,$202,$57,$145,$145,$151,$310,$211,$439,441,$0.34,$0.33,$2804,$0,$212,$3986,$252,$0,$5806,$106,$6987,$10973,$2938,$1247,$255,$2410,$5348,$59,$6221,$-418,$5625,$10973,$846,$402,$-15,$387,$79,$0,$0,$-135,$-203,$1030,$-53,$0,$-38,$0,$0,$0,$0,$-91,$-508,$0,$-508,$-189,$-189,$-444,$164,$-977,$-448,$87,$-444
15,2014-12-31,27.03,$13.09,2.07,$9.76,2.77,$3.87,6.98,0.0,0.0,$3.84B,$2.86B,1.34,$1.25B,$5.74B,0.22,$4.32B,$3.68B,85.22%,$4.32B,$1.14B,26.28%,$4.32B,$1.14B,26.28%,$4.32B,$1.54B,35.55%,$4.32B,$1.08B,25.05%,$4.32B,$0.80B,18.55%,$0.80B,$5.74B,14.12%,$0.80B,$-0.07B,-429.45%,$0.80B,$10.92B,6.98%,$1.14B,$6.99B,16.39%,$1091,$158,$933,$143,$373,$773,$318,$-12,$306,$88,$218,$218,$222,$411,$318,$440,441,$0.50,$0.50,$2683,$0,$161,$3840,$264,$0,$5809,$114,$7075,$10915,$2864,$1252,$254,$2315,$5179,$59,$6180,$-333,$5736,$10915,$695,$303,$-24,$279,$91,$0,$0,$-454,$-429,$545,$-46,$0,$-32,$0,$0,$0,$0,$-78,$-507,$0,$-507,$-100,$-100,$-333,$81,$-859,$-569,$65,$-333
16,2014-09-30,24.6,$13.04,1.89,$9.81,2.51,$3.67,6.7,0.0,0.0,$4.23B,$3.29B,1.29,$1.25B,$5.74B,0.22,$4.36B,$3.71B,85.18%,$4.36B,$1.14B,26.12%,$4.36B,$1.14B,26.12%,$4.36B,$1.56B,35.69%,$4.36B,$1.08B,24.84%,$4.36B,$0.81B,18.62%,$0.81B,$5.74B,14.33%,$0.81B,$-0.07B,-358.50%,$0.81B,$11.37B,6.94%,$1.14B,$7.00B,16.46%,$1079,$159,$920,$150,$340,$759,$320,$-12,$308,$73,$235,$235,$256,$429,$320,$440,441,$0.58,$0.58,$3193,$0,$199,$4231,$278,$0,$5811,$116,$7141,$11372,$3290,$1253,$262,$2339,$5629,$59,$6069,$-255,$5743,$11372,$473,$210,$-29,$181,$263,$0,$0,$-542,$-422,$232,$-34,$0,$-12,$0,$0,$0,$0,$-46,$-5,$0,$-5,$-36,$-36,$-222,$56,$-207,$-59,$42,$-222
17,2014-06-30,25.08,$12.87,1.95,$9.82,2.55,$3.24,7.75,0.0,0.0,$4.30B,$3.56B,1.21,$1.25B,$5.67B,0.22,$4.39B,$3.74B,85.27%,$4.39B,$1.16B,26.54%,$4.39B,$1.16B,26.54%,$4.39B,$1.58B,35.98%,$4.39B,$1.11B,25.24%,$4.39B,$0.80B,18.15%,$0.80B,$5.67B,14.09%,$0.80B,$-0.25B,-294.00%,$0.80B,$11.67B,6.77%,$1.16B,$6.92B,16.55%,$1069,$153,$916,$150,$338,$756,$313,$-14,$299,$87,$212,$212,$217,$414,$313,$440,441,$0.49,$0.49,$3255,$0,$154,$4298,$291,$0,$5922,$119,$7368,$11666,$3562,$1254,$310,$2436,$5998,$59,$5924,$-161,$5668,$11666,$217,$101,$-5,$96,$251,$0,$0,$-288,$-147,$166,$-21,$0,$-11,$0,$0,$0,$0,$-32,$-2,$0,$-2,$-38,$-38,$-111,$11,$-140,$3,$20,$-111
18,2014-03-31,26.81,$12.70,2.11,$9.82,2.73,$2.83,9.48,0.0,0.0,$4.56B,$3.92B,1.16,$1.25B,$5.57B,0.23,$4.41B,$3.76B,85.29%,$4.41B,$1.07B,24.25%,$4.41B,$1.07B,24.25%,$4.41B,$1.49B,33.66%,$4.41B,$1.02B,23.03%,$4.41B,$0.91B,20.72%,$0.91B,$5.57B,16.20%,$0.91B,$-0.35B,-327.89%,$0.91B,$12.02B,7.82%,$1.07B,$6.82B,15.23%,$1084,$169,$915,$156,$424,$899,$185,$-15,$170,$69,$101,$101,$107,$283,$185,$446,448,$0.26,$0.25,$3252,$0,$192,$4559,$295,$0,$5922,$118,$7457,$12016,$3922,$1252,$333,$2524,$6446,$59,$5818,$-171,$5570,$12016,$914,$415,$12,$427,$42,$0,$0,$-133,$-368,$973,$-93,$0,$-133,$-9,$191,$182,$49,$5,$483,$0,$483,$-414,$-414,$-453,$-37,$-421,$659,$81,$-453
19,2013-12-31,28.9,$12.84,2.25,$9.62,3.01,$3.39,8.53,0.0,0.0,$4.19B,$3.54B,1.19,$1.25B,$5.69B,0.22,$4.34B,$3.71B,85.41%,$4.34B,$1.10B,25.37%,$4.34B,$1.10B,25.37%,$4.34B,$1.56B,36.04%,$4.34B,$1.05B,24.22%,$4.34B,$1.06B,24.35%,$1.06B,$5.69B,18.84%,$1.06B,$-0.23B,-359.22%,$1.06B,$11.78B,9.08%,$1.10B,$6.94B,15.72%,$1128,$165,$963,$144,$376,$807,$321,$-15,$306,$81,$225,$225,$232,$430,$321,$446,448,$0.51,$0.51,$2982,$0,$156,$4190,$290,$0,$5922,$172,$7587,$11777,$3537,$1253,$315,$2550,$6087,$59,$5823,$-185,$5690,$11777,$807,$317,$-16,$301,$133,$0,$0,$-462,$-613,$495,$-79,$0,$-127,$175,$0,$175,$-1,$-32,$486,$0,$486,$-266,$-266,$-341,$-31,$-152,$381,$63,$-341
20,2013-09-30,25.28,$12.71,1.99,$9.74,2.6,$3.95,6.4,0.0,0.0,$3.91B,$2.86B,1.37,$1.77B,$5.68B,0.31,$4.41B,$3.78B,85.66%,$4.41B,$1.15B,26.09%,$4.41B,$1.15B,26.09%,$4.41B,$1.61B,36.51%,$4.41B,$1.10B,25.03%,$4.41B,$1.07B,24.35%,$1.07B,$5.68B,19.36%,$1.07B,$-0.25B,-309.22%,$1.07B,$11.60B,9.26%,$1.15B,$7.44B,16.57%,$1105,$159,$946,$142,$339,$760,$345,$-13,$332,$101,$231,$231,$240,$451,$345,$448,450,$0.53,$0.53,$2799,$0,$166,$3911,$306,$0,$5920,$168,$7684,$11595,$2855,$1768,$319,$3065,$5920,$59,$5704,$-175,$5675,$11595,$575,$208,$-22,$186,$259,$0,$0,$-615,$-685,$76,$-70,$0,$-125,$175,$0,$175,$0,$-20,$490,$0,$490,$-145,$-145,$-228,$-34,$83,$197,$40,$-228
21,2013-06-30,24.19,$12.50,1.94,$9.79,2.47,$4.29,5.64,0.0,0.0,$3.62B,$3.08B,1.18,$1.27B,$5.63B,0.23,$4.45B,$3.82B,85.86%,$4.45B,$1.14B,25.64%,$4.45B,$1.14B,25.64%,$4.45B,$1.60B,35.97%,$4.45B,$1.10B,24.65%,$4.45B,$1.05B,23.64%,$1.05B,$5.63B,19.30%,$1.05B,$-0.29B,-252.37%,$1.05B,$11.37B,9.18%,$1.14B,$6.90B,16.96%,$1095,$156,$939,$132,$360,$876,$219,$-11,$208,$-122,$330,$330,$335,$321,$219,$450,451,$0.73,$0.73,$2461,$0,$243,$3624,$298,$0,$5916,$160,$7742,$11366,$3079,$1271,$322,$2657,$5736,$59,$5578,$-198,$5630,$11366,$335,$102,$-30,$72,$316,$0,$0,$-352,$-404,$3,$-38,$0,$-122,$184,$0,$184,$0,$24,$-4,$0,$-4,$-21,$-21,$-114,$1,$-138,$-132,$20,$-114
22,2013-03-31,21.09,$12.16,1.73,$9.81,2.15,$4.63,4.55,0.0,0.0,$4.13B,$3.54B,1.17,$1.27B,$5.45B,0.23,$4.50B,$3.88B,86.03%,$4.50B,$1.30B,28.95%,$4.50B,$1.30B,28.95%,$4.50B,$1.77B,39.23%,$4.50B,$1.26B,27.98%,$4.50B,$0.96B,21.20%,$0.96B,$5.45B,17.66%,$0.96B,$-0.41B,-212.10%,$0.96B,$11.82B,8.33%,$1.30B,$6.72B,19.50%,$1012,$153,$859,$115,$373,$796,$216,$-11,$205,$-3,$208,$208,$250,$362,$216,$456,457,$0.53,$0.52,$2776,$0,$148,$4126,$311,$0,$5864,$195,$7689,$11815,$3541,$1274,$457,$2824,$6365,$59,$5357,$-155,$5450,$11815,$955,$463,$91,$554,$35,$0,$0,$-93,$-150,$1359,$-206,$0,$-76,$-346,$163,$-183,$1,$-464,$-13,$0,$-13,$-466,$-466,$-463,$4,$-938,$-86,$77,$-463
23,2012-12-31,18.23,$12.01,1.52,$9.97,1.83,$4.65,3.92,0.0,0.0,$3.80B,$3.34B,1.14,$1.28B,$5.41B,0.24,$4.65B,$4.01B,86.22%,$4.65B,$1.37B,29.39%,$4.65B,$1.37B,29.39%,$4.65B,$1.78B,38.39%,$4.65B,$1.32B,28.44%,$4.65B,$0.92B,19.72%,$0.92B,$5.41B,16.98%,$0.92B,$-0.44B,-198.48%,$0.92B,$11.56B,7.96%,$1.37B,$6.70B,20.44%,$1195,$164,$1031,$120,$427,$825,$370,$-12,$358,$107,$251,$251,$248,$475,$370,$452,453,$0.55,$0.55,$2548,$0,$143,$3803,$339,$0,$5856,$243,$7755,$11558,$3341,$1282,$521,$2804,$6145,$59,$5229,$-119,$5413,$11558,$713,$317,$137,$454,$105,$0,$0,$-405,$-329,$838,$-163,$0,$-18,$-183,$0,$-183,$2,$-362,$-9,$0,$-9,$-399,$-399,$-349,$4,$-753,$-326,$62,$-349
24,2012-09-30,21.12,$11.74,1.8,$9.94,2.13,$4.27,4.94,0.0,0.0,$3.20B,$3.13B,1.02,$1.28B,$5.33B,0.24,$4.71B,$4.08B,86.51%,$4.71B,$1.41B,29.87%,$4.71B,$1.41B,29.87%,$4.71B,$1.82B,38.70%,$4.71B,$1.37B,29.00%,$4.71B,$0.93B,19.75%,$0.93B,$5.33B,17.01%,$0.93B,$-0.53B,-243.24%,$0.93B,$11.14B,8.05%,$1.41B,$6.61B,20.83%,$1152,$157,$995,$123,$415,$815,$337,$-10,$327,$105,$222,$222,$220,$444,$337,$458,459,$0.48,$0.48,$2248,$0,$144,$3204,$350,$0,$5856,$249,$7936,$11140,$3133,$1280,$527,$2677,$5810,$59,$5092,$-118,$5330,$11140,$462,$212,$67,$279,$306,$0,$0,$-690,$-469,$272,$-110,$0,$-12,$-154,$0,$-154,$2,$-274,$-6,$0,$-6,$-322,$-322,$-235,$32,$-531,$-593,$44,$-235
25,2012-06-30,22.0,$11.74,1.87,$9.86,2.23,$4.32,5.09,0.0,0.0,$3.42B,$3.15B,1.08,$1.28B,$5.44B,0.24,$4.76B,$4.12B,86.54%,$4.76B,$1.40B,29.49%,$4.76B,$1.40B,29.49%,$4.76B,$1.81B,38.04%,$4.76B,$1.37B,28.71%,$4.76B,$0.95B,19.89%,$0.95B,$5.44B,17.04%,$0.95B,$-0.42B,-309.73%,$0.95B,$11.36B,8.13%,$1.40B,$6.72B,20.51%,$1145,$155,$990,$125,$415,$764,$381,$-11,$370,$130,$240,$240,$237,$486,$381,$465,467,$0.51,$0.51,$2541,$0,$151,$3419,$363,$0,$5855,$247,$7940,$11359,$3154,$1283,$560,$2768,$5922,$59,$4986,$-134,$5437,$11359,$240,$105,$62,$167,$398,$0,$0,$-406,$-224,$183,$-58,$0,$-5,$0,$0,$0,$2,$-61,$5,$0,$5,$-69,$-69,$-119,$0,$-183,$-138,$23,$-119
26,2012-03-31,22.16,$11.58,1.91,$9.73,2.28,$4.20,5.28,0.0,0.0,$3.97B,$3.75B,1.06,$1.29B,$5.40B,0.24,$4.78B,$4.14B,86.59%,$4.78B,$1.37B,28.56%,$4.78B,$1.37B,28.56%,$4.78B,$1.76B,36.91%,$4.78B,$1.33B,27.83%,$4.78B,$0.95B,19.90%,$0.95B,$5.40B,16.90%,$0.95B,$-0.46B,-489.58%,$0.95B,$12.00B,8.08%,$1.37B,$6.68B,19.73%,$1153,$164,$989,$125,$481,$876,$277,$-11,$266,$70,$196,$196,$211,$378,$277,$486,487,$0.45,$0.45,$2679,$0,$153,$3965,$386,$0,$5856,$250,$8032,$11997,$3751,$1287,$546,$2849,$6600,$59,$4865,$-108,$5397,$11997,$951,$399,$72,$471,$-45,$0,$0,$93,$66,$1488,$-252,$0,$-380,$-108,$287,$179,$-2,$-455,$-268,$0,$-268,$-1013,$-1013,$-192,$143,$-1330,$-370,$89,$-192
27,2011-12-31,16.1,$11.94,1.35,$9.58,1.68,$3.86,4.17,0.0,0.0,$3.60B,$3.30B,1.09,$1.29B,$5.73B,0.23,$4.75B,$4.13B,86.79%,$4.75B,$1.39B,29.18%,$4.75B,$1.39B,29.18%,$4.75B,$1.78B,37.53%,$4.75B,$1.35B,28.46%,$4.75B,$0.93B,19.52%,$0.93B,$5.73B,16.33%,$0.93B,$-0.13B,-966.67%,$0.93B,$11.79B,7.81%,$1.39B,$7.02B,19.89%,$1263,$160,$1103,$126,$455,$850,$413,$-9,$404,$141,$263,$263,$263,$516,$413,$483,484,$0.54,$0.54,$2460,$0,$146,$3604,$387,$79,$5856,$264,$8187,$11791,$3301,$1291,$555,$2762,$6063,$59,$4771,$-131,$5728,$11791,$740,$298,$134,$432,$12,$0,$0,$-393,$-443,$729,$-190,$0,$-366,$-102,$99,$-3,$-1,$-560,$-131,$0,$-131,$-541,$-541,$-75,$0,$-747,$-691,$61,$-75
28,2011-09-30,15.42,$11.58,1.33,$9.24,1.67,$3.84,4.02,0.0,0.0,$3.21B,$3.05B,1.06,$1.29B,$5.67B,0.23,$4.64B,$4.02B,86.65%,$4.64B,$1.31B,28.18%,$4.64B,$1.31B,28.18%,$4.64B,$1.70B,36.66%,$4.64B,$1.27B,27.42%,$4.64B,$0.87B,18.66%,$0.87B,$5.67B,15.39%,$0.87B,$-0.22B,-649.16%,$0.87B,$11.46B,7.27%,$1.31B,$6.96B,18.74%,$1200,$162,$1038,$140,$474,$867,$333,$-6,$327,$91,$236,$236,$236,$431,$333,$493,494,$0.47,$0.47,$2292,$0,$189,$3214,$398,$90,$5885,$271,$8248,$11462,$3045,$1292,$532,$2750,$5795,$59,$4532,$-133,$5667,$11462,$477,$195,$159,$354,$255,$0,$0,$-527,$-498,$333,$-136,$0,$-362,$-71,$70,$-1,$-1,$-500,$-189,$0,$-189,$-342,$-342,$-50,$0,$-581,$-846,$41,$-50
29,2011-06-30,18.1,$11.47,1.58,$8.95,2.02,$3.70,4.89,0.0,0.0,$3.84B,$3.33B,1.16,$1.29B,$5.72B,0.23,$4.52B,$3.93B,86.78%,$4.52B,$1.28B,28.19%,$4.52B,$1.28B,28.19%,$4.52B,$1.66B,36.75%,$4.52B,$1.23B,27.28%,$4.52B,$0.85B,18.81%,$0.85B,$5.72B,15.40%,$0.85B,$0.03B,-549.92%,$0.85B,$11.85B,7.14%,$1.28B,$7.01B,18.37%,$1163,$155,$1008,$118,$440,$821,$342,$-9,$333,$105,$228,$228,$241,$439,$342,$500,501,$0.48,$0.47,$2845,$0,$192,$3841,$426,$105,$5695,$261,$8011,$11852,$3326,$1288,$540,$2803,$6129,$59,$4321,$-48,$5723,$11852,$241,$97,$87,$184,$274,$0,$0,$-225,$-282,$143,$-69,$0,$-29,$-37,$29,$-8,$-1,$-107,$-184,$0,$-184,$-144,$-144,$-25,$0,$-353,$-288,$25,$-25
30,2011-03-31,19.12,$11.19,1.71,$8.72,2.19,$3.66,5.23,0.0,0.0,$4.37B,$3.92B,1.11,$1.28B,$5.62B,0.23,$4.43B,$3.85B,86.88%,$4.43B,$1.25B,28.31%,$4.43B,$1.25B,28.31%,$4.43B,$1.63B,36.87%,$4.43B,$1.21B,27.30%,$4.43B,$0.83B,18.67%,$0.83B,$5.62B,15.40%,$0.83B,$-0.07B,-297.48%,$0.83B,$12.41B,7.02%,$1.25B,$6.90B,18.31%,$1128,$151,$977,$108,$462,$829,$299,$-10,$289,$102,$187,$187,$188,$398,$299,$506,507,$0.37,$0.37,$3124,$0,$152,$4369,$437,$104,$5686,$246,$8042,$12411,$3921,$1282,$555,$2870,$6791,$59,$4106,$-65,$5620,$12411,$827,$379,$228,$607,$140,$0,$0,$-133,$-57,$1377,$-262,$0,$-239,$-209,$28,$-181,$-18,$-700,$-13,$0,$-13,$-225,$-225,$-82,$0,$-320,$466,$80,$-82
31,2010-12-31,19.3,$10.84,1.78,$8.36,2.31,$3.47,5.57,0.0,0.0,$3.80B,$3.21B,1.18,$1.54B,$5.47B,0.28,$4.30B,$3.75B,87.40%,$4.30B,$1.17B,27.22%,$4.30B,$1.17B,27.22%,$4.30B,$1.52B,35.41%,$4.30B,$0.36B,8.41%,$4.30B,$0.74B,17.23%,$0.74B,$5.47B,14.20%,$0.74B,$-0.28B,-177.88%,$0.74B,$11.89B,6.36%,$1.17B,$7.00B,17.31%,$1144,$151,$993,$110,$455,$812,$332,$-10,$322,$126,$196,$196,$200,$431,$332,$505,506,$0.39,$0.39,$2577,$0,$159,$3796,$439,$108,$5742,$198,$8095,$11891,$3213,$1539,$536,$3213,$6426,$59,$3938,$-79,$5465,$11891,$639,$280,$253,$533,$105,$0,$0,$-333,$-429,$743,$-189,$0,$-239,$-168,$0,$-168,$-17,$-613,$-9,$0,$-9,$-181,$-181,$-61,$0,$-251,$-65,$61,$-61
32,2010-09-30,16.65,$10.47,1.59,$8.20,2.03,$3.37,4.94,0.0,0.0,$3.66B,$2.99B,1.22,$1.55B,$5.29B,0.29,$4.27B,$3.74B,87.62%,$4.27B,$1.19B,27.78%,$4.27B,$1.19B,27.78%,$4.27B,$1.52B,35.64%,$4.27B,$0.37B,8.57%,$4.27B,$0.80B,18.65%,$0.80B,$5.29B,15.63%,$0.80B,$-0.30B,-169.57%,$0.80B,$11.50B,6.92%,$1.19B,$6.84B,17.88%,$1088,$141,$947,$125,$413,$786,$302,$-12,$290,$71,$219,$219,$222,$394,$302,$507,508,$0.43,$0.43,$2525,$0,$235,$3655,$449,$0,$5594,$209,$7844,$11499,$2992,$1552,$516,$3217,$6209,$59,$3759,$-88,$5290,$11499,$439,$181,$232,$413,$273,$0,$0,$-539,$-601,$251,$-120,$0,$-18,$0,$0,$0,$-16,$-154,$-7,$0,$-7,$-151,$-151,$-41,$0,$-199,$-58,$40,$-41
33,2010-06-30,14.47,$9.99,1.45,$8.02,1.8,$3.58,4.05,0.0,0.0,$3.59B,$3.04B,1.18,$1.54B,$5.10B,0.3,$4.25B,$3.73B,87.79%,$4.25B,$1.22B,28.79%,$4.25B,$1.22B,28.79%,$4.25B,$1.55B,36.52%,$4.25B,$0.39B,9.24%,$4.25B,$0.79B,18.65%,$0.79B,$5.10B,15.92%,$0.79B,$-0.47B,-148.78%,$0.79B,$11.29B,6.90%,$1.22B,$6.65B,18.97%,$1069,$138,$931,$128,$407,$748,$321,$-13,$308,$87,$221,$221,$217,$410,$321,$510,511,$0.42,$0.42,$2476,$0,$219,$3593,$438,$0,$5567,$190,$7698,$11291,$3038,$1543,$513,$3151,$6189,$59,$3557,$-163,$5102,$11291,$217,$89,$145,$234,$320,$0,$0,$-356,$-329,$122,$-67,$0,$-9,$0,$0,$0,$-16,$-92,$-3,$0,$-3,$-51,$-51,$-21,$0,$-75,$-107,$19,$-21
34,2010-03-31,18.43,$9.79,1.88,$7.86,2.34,$3.84,4.8,0.0,0.0,$3.99B,$3.58B,1.11,$1.53B,$4.99B,0.31,$4.23B,$3.71B,87.86%,$4.23B,$1.23B,29.05%,$4.23B,$1.23B,29.05%,$4.23B,$1.55B,36.65%,$4.23B,$0.39B,9.30%,$4.23B,$0.77B,18.24%,$0.77B,$4.99B,15.87%,$0.77B,$-0.62B,-127.81%,$0.77B,$11.89B,6.70%,$1.23B,$6.52B,19.59%,$994,$111,$883,$139,$452,$780,$214,$-14,$-559,$110,$0,$90,$101,$286,$214,$515,533,$0.20,$0.20,$2583,$0,$116,$3990,$452,$0,$5605,$232,$7898,$11888,$3581,$1530,$601,$3320,$6901,$59,$3361,$-126,$4987,$11888,$771,$321,$167,$488,$8,$0,$0,$95,$77,$1336,$-267,$0,$-617,$0,$0,$0,$-4,$-888,$-461,$0,$-461,$-216,$-216,$-83,$55,$-705,$-129,$102,$-83
35,2009-12-31,17.6,$9.75,1.81,$7.68,2.29,$3.65,4.83,0.0,0.0,$4.22B,$3.23B,1.31,$1.53B,$5.02B,0.31,$4.14B,$3.65B,88.27%,$4.14B,$1.18B,28.49%,$4.14B,$1.18B,28.49%,$4.14B,$1.50B,36.20%,$4.14B,$1.09B,26.46%,$4.14B,$0.74B,17.78%,$0.74B,$5.02B,15.63%,$0.74B,$-0.49B,-83.48%,$0.74B,$11.39B,6.48%,$1.18B,$6.55B,19.46%,$1122,$139,$983,$117,$444,$772,$350,$-23,$327,$71,$256,$256,$257,$433,$350,$515,535,$0.49,$0.49,$2624,$0,$144,$4218,$454,$0,$5513,$779,$7176,$11394,$3226,$1530,$491,$3148,$6374,$59,$3280,$-111,$5020,$11394,$670,$249,$130,$379,$13,$0,$0,$-311,$-325,$724,$-190,$0,$-203,$0,$0,$0,$-3,$-396,$-459,$0,$-459,$-84,$-84,$-63,$49,$-557,$-88,$75,$-63
36,2009-09-30,17.2,$9.31,1.85,$7.52,2.29,$3.39,5.08,0.0,0.0,$4.36B,$3.69B,1.18,$1.29B,$4.81B,0.27,$4.06B,$3.56B,87.87%,$4.06B,$1.14B,28.04%,$4.06B,$1.14B,28.04%,$4.06B,$1.45B,35.71%,$4.06B,$1.06B,26.14%,$4.06B,$0.69B,16.92%,$0.69B,$4.81B,15.19%,$0.69B,$-0.56B,-66.80%,$0.69B,$11.40B,6.11%,$1.14B,$6.10B,19.59%,$1067,$131,$936,$114,$403,$728,$339,$-22,$317,$99,$218,$218,$218,$424,$339,$518,542,$0.42,$0.41,$3025,$0,$134,$4359,$462,$0,$5366,$733,$7042,$11401,$3691,$1291,$423,$2900,$6591,$59,$3044,$-109,$4810,$11401,$413,$166,$117,$283,$190,$0,$0,$-351,$-314,$382,$-129,$0,$-5,$0,$0,$0,$-2,$-136,$-4,$0,$-4,$-43,$-43,$-42,$0,$-89,$313,$53,$-42
37,2009-06-30,13.61,$8.91,1.53,$7.61,1.79,$3.21,4.23,0.0,0.0,$4.30B,$3.78B,1.14,$1.29B,$4.62B,0.28,$4.10B,$3.57B,87.18%,$4.10B,$1.13B,27.55%,$4.10B,$1.13B,27.55%,$4.10B,$1.44B,35.12%,$4.10B,$1.06B,25.89%,$4.10B,$0.67B,16.36%,$0.67B,$4.62B,15.46%,$0.67B,$-0.75B,-55.79%,$0.67B,$11.34B,6.05%,$1.13B,$5.91B,19.16%,$1044,$132,$912,$117,$390,$719,$325,$-17,$308,$113,$195,$195,$195,$406,$325,$516,540,$0.37,$0.37,$2979,$0,$126,$4300,$466,$0,$5366,$725,$7042,$11342,$3784,$1288,$417,$2938,$6722,$59,$2847,$-140,$4620,$11342,$195,$81,$34,$115,$239,$0,$0,$-135,$-48,$262,$-62,$0,$-3,$0,$0,$0,$-2,$-67,$-1,$0,$-1,$0,$0,$-21,$0,$-22,$266,$27,$-21
38,2009-03-31,13.72,$8.48,1.62,$7.70,1.78,$2.84,4.83,0.0,0.0,$4.15B,$4.00B,1.04,$1.29B,$4.36B,0.3,$4.14B,$3.59B,86.78%,$4.14B,$1.11B,26.85%,$4.14B,$1.11B,26.85%,$4.14B,$1.41B,34.00%,$4.14B,$1.05B,25.35%,$4.14B,$0.67B,16.22%,$0.67B,$4.36B,16.12%,$0.67B,$-1.73B,-49.07%,$0.67B,$11.24B,6.11%,$1.11B,$5.65B,18.68%,$902,$83,$819,$121,$384,$738,$164,$-22,$142,$87,$55,$55,$65,$234,$164,$513,537,$0.12,$0.14,$2712,$0,$85,$4149,$442,$0,$6089,$165,$7092,$11241,$4002,$1287,$429,$2877,$6879,$59,$2673,$-183,$4362,$11241,$671,$296,$110,$406,$195,$0,$0,$-20,$107,$1184,$-212,$0,$-70,$0,$0,$0,$-2,$-284,$-679,$0,$-679,$3,$3,$-83,$0,$-759,$-83,$92,$-83
39,2008-12-31,14.4,$8.30,1.73,$8.13,1.77,$2.73,5.29,0.0,0.0,$3.84B,$3.99B,0.96,$1.29B,$4.27B,0.3,$4.32B,$3.69B,85.49%,$4.32B,$1.10B,25.39%,$4.32B,$1.10B,25.39%,$4.32B,$1.43B,32.98%,$4.32B,$1.02B,23.49%,$4.32B,$0.66B,15.18%,$0.66B,$4.27B,16.41%,$0.66B,$-1.08B,-48.73%,$0.66B,$10.89B,5.90%,$1.10B,$5.56B,18.23%,$1042,$146,$896,$115,$417,$733,$309,$-16,$293,$85,$208,$208,$208,$384,$309,$514,538,$0.40,$0.39,$2369,$0,$139,$3840,$452,$0,$5348,$721,$7052,$10892,$3993,$1292,$267,$2630,$6623,$59,$2733,$-174,$4269,$10892,$606,$226,$193,$419,$175,$0,$0,$-505,$-461,$564,$-166,$0,$-54,$0,$0,$0,$7,$-213,$-501,$0,$-501,$3,$3,$-62,$0,$-560,$-426,$68,$-62
40,2008-09-30,15.48,$7.95,1.95,$8.24,1.88,$2.46,6.3,0.0,0.0,$3.69B,$3.09B,1.19,$2.35B,$4.09B,0.58,$4.38B,$3.74B,85.45%,$4.38B,$1.04B,23.68%,$4.38B,$1.04B,23.68%,$4.38B,$1.36B,31.03%,$4.38B,$0.96B,21.95%,$4.38B,$0.61B,13.95%,$0.61B,$4.09B,15.86%,$0.61B,$-1.25B,-40.89%,$0.61B,$10.79B,5.59%,$1.04B,$6.44B,16.98%,$1107,$164,$943,$120,$421,$777,$330,$-13,$317,$115,$202,$202,$202,$414,$330,$514,538,$0.39,$0.39,$2400,$0,$146,$3685,$468,$0,$5337,$725,$7109,$10794,$3094,$2351,$273,$3615,$6709,$59,$2540,$-148,$4085,$10794,$398,$151,$170,$321,$299,$0,$0,$-505,$-447,$272,$-114,$0,$-21,$0,$0,$0,$7,$-128,$-356,$0,$-356,$7,$7,$-41,$0,$-390,$-396,$48,$-41
41,2008-06-30,17.87,$7.65,2.34,$8.17,2.19,$2.30,7.77,0.0,0.0,$3.82B,$3.33B,1.15,$2.22B,$3.93B,0.57,$4.34B,$3.71B,85.41%,$4.34B,$0.95B,21.92%,$4.34B,$0.95B,21.92%,$4.34B,$1.26B,28.95%,$4.34B,$0.88B,20.17%,$4.34B,$0.55B,12.58%,$0.55B,$3.93B,14.73%,$0.55B,$-1.41B,-33.19%,$0.55B,$11.01B,5.10%,$0.95B,$6.15B,16.02%,$1087,$154,$933,$123,$419,$779,$308,$-11,$297,$101,$196,$196,$196,$375,$308,$512,536,$0.38,$0.37,$2411,$0,$124,$3818,$486,$0,$5341,$735,$7187,$11005,$3332,$2219,$282,$3744,$7076,$59,$2352,$-95,$3929,$11005,$196,$67,$106,$173,$283,$0,$0,$-307,$-315,$54,$-57,$0,$-20,$0,$0,$0,$2,$-75,$-352,$0,$-352,$5,$5,$-21,$0,$-368,$-385,$31,$-21
42,2008-03-31,17.38,$7.28,2.39,$8.01,2.17,$2.19,7.92,0.0,0.0,$4.47B,$4.28B,1.04,$2.22B,$3.71B,0.6,$4.28B,$3.64B,85.04%,$4.28B,$0.85B,19.97%,$4.28B,$0.85B,19.97%,$4.28B,$1.16B,27.12%,$4.28B,$0.78B,18.12%,$4.28B,$0.48B,11.20%,$0.48B,$3.71B,13.46%,$0.48B,$-1.64B,-26.70%,$0.48B,$11.76B,4.57%,$0.85B,$5.93B,14.72%,$1085,$163,$922,$136,$495,$935,$150,$-42,$108,$58,$50,$50,$50,$252,$150,$514,515,$0.08,$0.11,$2796,$0,$79,$4468,$496,$0,$5351,$743,$7288,$11756,$4278,$2221,$312,$3769,$8047,$59,$2173,$-101,$3709,$11756,$479,$306,$101,$407,$111,$0,$0,$239,$217,$1103,$-229,$0,$-8,$0,$0,$0,$18,$-219,$-9,$0,$-9,$-478,$-478,$-82,$-3,$-572,$520,$104,$-82
43,2007-12-31,19.24,$7.23,2.66,$7.67,2.51,$2.00,9.62,0.0,0.0,$2.87B,$3.42B,0.84,$2.23B,$3.68B,0.61,$4.20B,$3.43B,81.61%,$4.20B,$0.69B,16.49%,$4.20B,$0.69B,16.49%,$4.20B,$1.02B,24.30%,$4.20B,$0.64B,15.25%,$4.20B,$0.41B,9.75%,$0.41B,$3.68B,11.53%,$0.41B,$-1.67B,-22.64%,$0.41B,$10.14B,3.93%,$0.69B,$5.91B,11.78%,$1100,$156,$944,$135,$456,$851,$249,$-10,$239,$76,$163,$163,$163,$318,$249,$510,536,$0.32,$0.31,$2078,$0,$97,$2867,$478,$0,$5355,$736,$7277,$10144,$3421,$2229,$294,$3039,$6460,$59,$2159,$-100,$3684,$10144,$429,$204,$149,$353,$107,$0,$0,$-349,$-369,$413,$-160,$0,$-27,$-3,$0,$-3,$28,$-162,$-8,$0,$-8,$-481,$-481,$-63,$-3,$-555,$-198,$96,$-63
44,2007-09-30,19.81,$6.84,2.9,$7.44,2.66,$2.20,8.99,0.0,0.0,$2.57B,$3.36B,0.76,$2.26B,$3.50B,0.65,$4.10B,$3.34B,81.53%,$4.10B,$0.54B,13.13%,$4.10B,$0.54B,13.13%,$4.10B,$0.92B,22.35%,$4.10B,$0.47B,11.49%,$4.10B,$0.30B,7.22%,$0.30B,$3.50B,8.38%,$0.30B,$-1.86B,-16.23%,$0.30B,$9.92B,2.85%,$0.54B,$5.76B,9.03%,$1067,$160,$907,$126,$468,$823,$244,$-13,$231,$94,$137,$137,$137,$311,$244,$512,537,$0.27,$0.26,$1890,$0,$89,$2567,$488,$0,$5355,$736,$7355,$9922,$3358,$2261,$290,$3064,$6422,$59,$2016,$-95,$3500,$9922,$266,$135,$132,$267,$332,$0,$0,$-417,$-353,$180,$-107,$0,$-27,$-3,$0,$-3,$21,$-116,$-5,$0,$-5,$-487,$-487,$-42,$-3,$-537,$-387,$61,$-42
45,2007-06-30,19.86,$6.55,3.03,$7.14,2.78,$1.80,11.02,0.0,0.0,$2.67B,$3.58B,0.74,$2.26B,$3.35B,0.67,$4.02B,$3.35B,83.23%,$4.02B,$0.37B,9.31%,$4.02B,$0.37B,9.31%,$4.02B,$0.81B,20.03%,$4.02B,$0.31B,7.66%,$4.02B,$0.21B,5.27%,$0.21B,$3.35B,5.96%,$0.21B,$-2.01B,-11.70%,$0.21B,$10.07B,2.04%,$0.37B,$5.60B,6.17%,$1025,$161,$864,$129,$438,$814,$211,$-14,$197,$68,$129,$129,$129,$279,$211,$525,551,$0.25,$0.24,$1733,$0,$88,$2668,$474,$0,$5355,$733,$7399,$10067,$3584,$2257,$355,$3136,$6720,$59,$1900,$-99,$3347,$10067,$129,$68,$63,$131,$233,$0,$0,$-188,$-273,$-13,$-48,$0,$-16,$-4,$0,$-4,$25,$-43,$-3,$0,$-3,$-492,$-492,$-21,$0,$-516,$-546,$27,$-21
46,2007-03-31,19.89,$6.96,2.86,$6.87,2.89,$1.72,11.55,0.0,0.0,$3.96B,$4.01B,0.99,$2.57B,$3.65B,0.7,$3.94B,$3.36B,85.21%,$3.94B,$0.21B,5.43%,$3.94B,$0.21B,5.43%,$3.94B,$0.72B,18.16%,$3.94B,$0.15B,3.91%,$3.94B,$0.12B,2.99%,$0.12B,$3.65B,3.06%,$0.12B,$-1.69B,-7.80%,$0.12B,$11.52B,1.14%,$0.21B,$6.23B,3.42%,$1005,$295,$710,$68,$573,$1017,$-12,$-15,$-27,$-7,$-20,$-20,$-20,$112,$-12,$544,569,$-0.03,$-0.02,$2280,$0,$71,$3956,$469,$0,$5345,$769,$7561,$11517,$4007,$2572,$79,$3856,$7863,$59,$1744,$-96,$3654,$11517,$118,$502,$-86,$416,$274,$0,$0,$379,$534,$1068,$-213,$0,$-212,$0,$0,$0,$223,$-202,$746,$0,$746,$-1173,$-1173,$-88,$0,$-515,$444,$116,$-88
47,2006-12-31,17.36,$6.91,2.51,$6.64,2.62,$2.12,8.18,0.0,0.0,$2.68B,$3.36B,0.8,$2.62B,$3.62B,0.72,$3.87B,$3.27B,84.59%,$3.87B,$0.18B,4.65%,$3.87B,$0.18B,4.65%,$3.87B,$0.71B,18.38%,$3.87B,$0.13B,3.23%,$3.87B,$0.10B,2.51%,$0.10B,$3.62B,2.35%,$0.10B,$-1.74B,-7.90%,$0.10B,$10.11B,0.96%,$0.18B,$6.25B,2.84%,$1002,$141,$861,$132,$479,$907,$95,$-25,$70,$18,$52,$52,$50,$214,$95,$524,549,$0.10,$0.09,$1842,$0,$66,$2675,$469,$0,$5366,$822,$7434,$10109,$3364,$2624,$70,$3121,$6485,$59,$1821,$-120,$3624,$10109,$138,$378,$-249,$129,$43,$0,$0,$179,$280,$547,$-176,$0,$-173,$44,$0,$44,$199,$-106,$748,$0,$748,$-1190,$-1190,$-67,$0,$-509,$2,$84,$-67
