,Date,Stock Price,Book Value per Share,Price to Book Ratio,TTM Sales per Share,Price to Sales Ratio,TTM FCF per Share,Price to FCF Ratio,TTM Net EPS,PE Ratio,Current Assets,Current Liabilities,Current Ratio,Long Term Debt,Shareholder's Equity_x,Debt to Equity Ratio,TTM Revenue_x,TTM Gross Profit,Gross Margin,TTM Revenue_y,TTM Operating Income,Operating Margin,TTM Revenue_x,TTM EBIT,EBIT Margin,TTM Revenue_y,TTM EBITDA,EBITDA Margin,TTM Revenue_x,TTM Pre-Tax Income,Pre-Tax Margin,TTM Revenue_y,TTM Net Income_x,Net Margin,TTM Net Income_y,Shareholder's Equity_y,Return on Equity,TTM Net Income_x,Tangible Equity,Return on Tangible Equity,TTM Net Income_y,Total Assets,Return on Assets,TTM Net Income,LT Investments & Debt,Return on Investment,revenue,cost-goods-sold,gross-profit,research-development-expenses,selling-general-administrative-expenses,operating-expenses,operating-income,total-non-operating-income-expense,pre-tax-income,total-provision-income-taxes,income-after-taxes,income-from-continuous-operations,net-income,ebitda,ebit,basic-shares-outstanding,shares-outstanding,eps-basic-net-earnings-per-share,eps-earnings-per-share-diluted,cash-on-hand,inventory,other-current-assets,total-current-assets,net-property-plant-equipment,long-term-investments,goodwill-intangible-assets-total,other-long-term-assets,total-long-term-assets,total-assets,total-current-liabilities,long-term-debt,other-non-current-liabilities,total-long-term-liabilities,total-liabilities,common-stock-net,retained-earnings-accumulated-deficit,comprehensive-income,total-share-holder-equity,total-liabilities-share-holders-equity,net-income-loss,total-depreciation-amortization-cash-flow,other-non-cash-items,total-non-cash-items,change-in-accounts-receivable,change-in-inventories,change-in-accounts-payable,change-in-assets-liabilities,total-change-in-assets-liabilities,cash-flow-from-operating-activities,net-change-in-property-plant-equipment,net-change-in-intangible-assets,net-acquisitions-divestitures,net-change-in-short-term-investments,net-change-in-long-term-investments,net-change-in-investments-total,investing-activities-other,cash-flow-from-investing-activities,net-long-term-debt,net-current-debt,debt-issuance-retirement-net-total,net-common-equity-issued-repurchased,net-total-equity-issued-repurchased,total-common-preferred-stock-dividends-paid,financial-activities-other,cash-flow-from-financial-activities,net-cash-flow,stock-based-compensation,common-stock-dividends-paid
0,2018-09-30,438.07,$101.67,4.31,$63.11,6.94,$79.34,5.52,$30.77,14.24,$6.18B,$0.17B,36.75,$3.88B,$1.96B,1.98,$1.23B,$1.23B,100.00%,$1.23B,$0.85B,68.94%,$1.23B,$0.85B,68.94%,$1.23B,$0.87B,70.49%,$1.23B,$0.68B,54.96%,$1.23B,$0.60B,48.70%,$0.60B,$1.96B,34.40%,$0.60B,$1.96B,34.40%,$0.60B,$6.24B,10.58%,$0.85B,$5.84B,16.16%,$332,$0,$332,$0,$72,$86,$247,$-48,$198,$47,$151,$151,$151,$252,$247,$19,19,$7.76,$7.75,$600,$0,$0,$6178,$39,$0,$0,$28,$66,$6244,$168,$3877,$0,$4113,$4281,$0,$1811,$-1,$1963,$6244,$422,$14,$95,$109,$0,$0,$0,$6,$-30,$501,$-22,$0,$0,$-11,$0,$-11,$-977,$-1010,$823,$-14,$809,$-2,$-2,$0,$-18,$789,$280,$8,$0
1,2018-06-30,353.4,$93.71,3.77,$60.69,5.82,$75.75,4.67,$28.21,12.53,$5.82B,$0.17B,33.69,$3.67B,$1.81B,2.03,$1.18B,$1.18B,100.00%,$1.18B,$0.80B,67.43%,$1.18B,$0.80B,67.43%,$1.18B,$0.82B,68.95%,$1.18B,$0.64B,53.98%,$1.18B,$0.55B,46.45%,$0.55B,$1.81B,34.56%,$0.55B,$1.81B,34.56%,$0.55B,$5.87B,10.35%,$0.80B,$5.48B,16.46%,$315,$0,$315,$0,$70,$71,$244,$-46,$198,$47,$151,$151,$151,$249,$244,$19,19,$7.76,$7.75,$448,$0,$0,$5818,$23,$0,$0,$33,$56,$5874,$173,$3666,$0,$3892,$4065,$0,$1660,$-1,$1810,$5874,$271,$9,$69,$78,$0,$0,$0,$1,$-39,$310,$-5,$0,$0,$-9,$0,$-9,$-750,$-764,$611,$-14,$597,$-2,$-2,$0,$-11,$584,$130,$5,$0
2,2018-03-31,330.41,$85.79,3.85,$58.67,5.63,$73.24,4.51,$25.55,12.93,$5.48B,$0.25B,22.16,$3.42B,$1.66B,2.07,$1.14B,$1.14B,100.00%,$1.14B,$0.75B,65.27%,$1.14B,$0.75B,65.27%,$1.14B,$0.76B,66.75%,$1.14B,$0.60B,52.23%,$1.14B,$0.50B,43.48%,$0.50B,$1.66B,34.32%,$0.50B,$1.66B,34.32%,$0.50B,$5.53B,9.90%,$0.75B,$5.08B,16.43%,$296,$0,$296,$0,$75,$98,$197,$-40,$158,$38,$120,$120,$120,$202,$197,$19,19,$6.18,$6.17,$431,$0,$0,$5484,$20,$0,$0,$30,$51,$5534,$248,$3423,$0,$3630,$3877,$0,$1509,$-1,$1657,$5534,$120,$4,$46,$50,$0,$0,$0,$3,$38,$207,$-1,$0,$0,$-6,$0,$-6,$-454,$-460,$368,$9,$377,$-2,$-2,$0,$-6,$369,$116,$3,$0
3,2017-12-31,323.48,$79.53,4.07,$56.78,5.7,$70.68,4.58,$24.10,13.42,$4.93B,$0.21B,24.0,$3.06B,$1.54B,1.99,$1.11B,$1.11B,100.00%,$1.11B,$0.73B,65.50%,$1.11B,$0.73B,65.50%,$1.11B,$0.74B,66.94%,$1.11B,$0.58B,52.52%,$1.11B,$0.47B,42.34%,$0.47B,$1.54B,35.47%,$0.47B,$1.54B,35.47%,$0.47B,$4.99B,9.84%,$0.73B,$4.59B,17.09%,$287,$0,$287,$0,$66,$128,$160,$-37,$122,$-55,$177,$177,$177,$164,$160,$19,20,$9.11,$9.04,$310,$0,$0,$4932,$21,$0,$0,$33,$54,$4986,$206,$3057,$0,$3244,$3450,$0,$1390,$-0,$1536,$4986,$470,$16,$59,$76,$0,$0,$0,$-7,$20,$566,$-8,$0,$0,$-1,$0,$-1,$-893,$-903,$457,$14,$471,$-124,$-124,$0,$-17,$330,$-6,$15,$0
4,2017-09-30,280.17,$70.01,4.0,$54.65,5.13,$66.75,4.2,$19.33,14.49,$4.78B,$0.27B,17.63,$2.87B,$1.35B,2.12,$1.08B,$1.08B,100.00%,$1.08B,$0.74B,68.58%,$1.08B,$0.74B,68.58%,$1.08B,$0.76B,70.06%,$1.08B,$0.60B,55.89%,$1.08B,$0.38B,35.31%,$0.38B,$1.35B,30.86%,$0.38B,$1.35B,30.86%,$0.38B,$4.83B,8.31%,$0.74B,$4.22B,18.27%,$284,$0,$284,$0,$62,$88,$196,$-36,$160,$59,$101,$101,$101,$200,$196,$19,19,$5.19,$5.19,$325,$0,$0,$4782,$20,$0,$0,$25,$45,$4827,$271,$2870,$0,$3204,$3475,$0,$1213,$0,$1352,$4827,$293,$12,$137,$149,$0,$0,$0,$2,$-28,$415,$-7,$0,$0,$-1,$0,$-1,$-633,$-640,$268,$131,$398,$-124,$-124,$0,$-10,$265,$39,$8,$0
5,2017-06-30,257.14,$64.64,3.98,$52.12,4.93,$63.41,4.06,$18.35,14.01,$4.68B,$0.14B,33.28,$3.01B,$1.25B,2.42,$1.04B,$1.04B,100.00%,$1.04B,$0.71B,68.33%,$1.04B,$0.71B,68.33%,$1.04B,$0.73B,69.87%,$1.04B,$0.58B,55.66%,$1.04B,$0.37B,35.12%,$0.37B,$1.25B,30.81%,$0.37B,$1.25B,30.81%,$0.37B,$4.73B,8.32%,$0.71B,$4.26B,18.30%,$276,$0,$276,$0,$61,$83,$193,$-36,$157,$58,$99,$99,$99,$197,$193,$19,19,$5.09,$5.09,$388,$0,$0,$4680,$20,$0,$0,$28,$48,$4728,$141,$3014,$0,$3339,$3480,$0,$1113,$0,$1248,$4728,$192,$8,$99,$108,$0,$0,$0,$-1,$-39,$261,$-5,$0,$0,$-1,$0,$-1,$-439,$-446,$413,$0,$413,$-124,$-124,$0,$-3,$286,$102,$5,$0
6,2017-03-31,199.41,$60.01,3.32,$49.64,4.02,$61.33,3.25,$17.43,11.44,$4.51B,$0.31B,14.64,$2.77B,$1.16B,2.38,$1.01B,$1.01B,100.00%,$1.01B,$0.69B,68.16%,$1.01B,$0.69B,68.16%,$1.01B,$0.70B,69.75%,$1.01B,$0.56B,55.52%,$1.01B,$0.35B,35.02%,$0.35B,$1.16B,30.73%,$0.35B,$1.16B,30.73%,$0.35B,$4.56B,8.34%,$0.69B,$3.94B,18.37%,$263,$0,$263,$0,$65,$85,$178,$-34,$144,$51,$93,$93,$93,$182,$178,$20,20,$4.73,$4.72,$375,$0,$0,$4514,$20,$0,$0,$23,$43,$4557,$308,$2771,$0,$3085,$3393,$0,$1031,$-0,$1164,$4557,$93,$4,$63,$67,$0,$0,$0,$3,$1,$162,$-3,$0,$0,$-1,$0,$-1,$-270,$-274,$168,$134,$302,$-106,$-106,$0,$5,$201,$89,$3,$0
7,2016-12-31,217.51,$59.05,3.68,$47.48,4.58,$57.70,3.77,$16.34,13.31,$4.17B,$0.17B,24.92,$2.60B,$1.17B,2.22,$0.97B,$0.97B,100.00%,$0.97B,$0.65B,67.42%,$0.97B,$0.65B,67.42%,$0.97B,$0.67B,69.07%,$0.97B,$0.53B,54.85%,$0.97B,$0.33B,34.33%,$0.33B,$1.17B,30.21%,$0.33B,$1.17B,30.21%,$0.33B,$4.22B,8.30%,$0.65B,$3.78B,18.34%,$256,$0,$256,$0,$55,$83,$173,$-32,$142,$54,$88,$88,$88,$177,$173,$20,20,$4.34,$4.30,$285,$0,$0,$4174,$18,$0,$0,$26,$45,$4218,$168,$2604,$0,$2877,$3044,$0,$1042,$-0,$1174,$4218,$333,$15,$122,$137,$0,$0,$0,$-6,$37,$507,$-6,$0,$0,$3,$0,$3,$-933,$-936,$594,$-58,$536,$-122,$-122,$0,$23,$437,$8,$7,$0
8,2016-09-30,201.07,$57.34,3.51,$45.30,4.44,$52.19,3.85,$15.85,12.69,$4.06B,$0.22B,18.34,$2.43B,$1.17B,2.08,$0.93B,$0.93B,100.00%,$0.93B,$0.64B,68.13%,$0.93B,$0.64B,68.13%,$0.93B,$0.65B,69.85%,$0.93B,$0.52B,55.36%,$0.93B,$0.33B,34.87%,$0.33B,$1.17B,31.23%,$0.33B,$1.17B,31.23%,$0.33B,$4.09B,8.56%,$0.64B,$3.59B,18.92%,$247,$0,$247,$0,$56,$78,$168,$-32,$137,$51,$86,$86,$86,$172,$168,$20,20,$4.22,$4.21,$286,$0,$0,$4055,$18,$0,$0,$20,$38,$4093,$221,$2425,$0,$2706,$2927,$0,$1035,$0,$1166,$4093,$245,$12,$101,$112,$0,$0,$0,$1,$6,$364,$-4,$0,$0,$2,$0,$2,$-791,$-793,$414,$28,$442,$-41,$-41,$0,$28,$429,$-1,$6,$0
9,2016-06-30,185.08,$53.04,3.49,$43.24,4.28,$48.72,3.8,$15.17,12.2,$3.98B,$0.14B,28.0,$2.54B,$1.08B,2.35,$0.90B,$0.90B,100.00%,$0.90B,$0.61B,68.60%,$0.90B,$0.61B,68.60%,$0.90B,$0.63B,70.28%,$0.90B,$0.50B,55.53%,$0.90B,$0.31B,34.97%,$0.31B,$1.08B,31.87%,$0.31B,$1.08B,31.87%,$0.31B,$4.02B,8.65%,$0.61B,$3.62B,19.11%,$239,$0,$239,$0,$55,$73,$166,$-31,$135,$50,$85,$85,$85,$170,$166,$20,20,$4.17,$4.17,$439,$0,$0,$3984,$19,$0,$0,$22,$41,$4024,$142,$2538,$0,$2804,$2946,$0,$950,$0,$1078,$4024,$159,$8,$60,$68,$0,$0,$0,$-1,$1,$229,$-3,$0,$0,$2,$0,$2,$-540,$-540,$529,$-58,$471,$-41,$-41,$0,$34,$464,$152,$4,$0
10,2016-03-31,181.55,$48.77,3.72,$41.23,4.4,$46.59,3.9,$14.54,12.49,$3.67B,$0.17B,21.8,$2.29B,$0.99B,2.31,$0.86B,$0.86B,100.00%,$0.86B,$0.59B,69.15%,$0.86B,$0.59B,69.15%,$0.86B,$0.61B,70.90%,$0.86B,$0.48B,55.76%,$0.86B,$0.30B,35.16%,$0.30B,$0.99B,32.61%,$0.30B,$0.99B,32.61%,$0.30B,$3.70B,8.89%,$0.59B,$3.28B,19.83%,$228,$0,$228,$0,$59,$81,$147,$-29,$118,$44,$74,$74,$74,$151,$147,$20,20,$3.64,$3.63,$284,$0,$0,$3667,$19,$0,$0,$18,$37,$3704,$168,$2292,$0,$2544,$2713,$0,$865,$0,$991,$3704,$74,$4,$28,$31,$0,$0,$0,$2,$-14,$92,$-2,$0,$0,$-0,$0,$-0,$-342,$-344,$281,$-21,$259,$-41,$-41,$0,$37,$255,$3,$2,$0
11,2015-12-31,214.02,$46.10,4.64,$39.38,5.44,$47.74,4.48,$14.32,14.95,$3.33B,$0.19B,17.97,$2.01B,$0.93B,2.17,$0.83B,$0.83B,100.00%,$0.83B,$0.58B,70.79%,$0.83B,$0.58B,70.79%,$0.83B,$0.60B,72.61%,$0.83B,$0.47B,57.45%,$0.83B,$0.30B,36.36%,$0.30B,$0.93B,34.38%,$0.30B,$0.93B,34.38%,$0.30B,$3.37B,9.22%,$0.58B,$2.94B,20.39%,$218,$0,$218,$0,$50,$64,$154,$-28,$126,$46,$80,$80,$80,$158,$154,$21,21,$3.86,$3.80,$222,$0,$0,$3334,$19,$0,$0,$20,$39,$3373,$186,$2010,$0,$2259,$2445,$0,$827,$-0,$928,$3373,$300,$14,$90,$104,$0,$0,$0,$-1,$1,$404,$-4,$0,$0,$4,$0,$4,$-640,$-640,$394,$-62,$332,$-87,$-87,$0,$-10,$235,$-0,$12,$0
12,2015-09-30,196.87,$45.21,4.35,$37.28,5.28,$44.82,4.39,$13.93,14.13,$3.32B,$0.13B,26.25,$2.08B,$0.93B,2.24,$0.79B,$0.79B,100.00%,$0.79B,$0.57B,71.84%,$0.79B,$0.57B,71.84%,$0.79B,$0.58B,73.61%,$0.79B,$0.46B,58.59%,$0.79B,$0.29B,36.99%,$0.29B,$0.93B,35.91%,$0.29B,$0.93B,35.91%,$0.29B,$3.38B,9.44%,$0.57B,$3.01B,20.97%,$210,$0,$210,$0,$50,$64,$147,$-29,$118,$44,$74,$74,$74,$150,$147,$21,21,$3.53,$3.53,$361,$0,$0,$3321,$20,$0,$0,$35,$55,$3376,$127,$2081,$0,$2318,$2444,$0,$833,$0,$931,$3376,$220,$11,$61,$72,$0,$0,$0,$3,$9,$300,$-3,$0,$0,$3,$0,$3,$-493,$-493,$448,$-120,$329,$-1,$-1,$0,$-6,$321,$128,$10,$0
13,2015-06-30,246.18,$41.46,5.94,$35.55,6.92,$42.83,5.75,$13.78,17.87,$3.08B,$0.16B,19.62,$1.89B,$0.85B,2.22,$0.76B,$0.76B,100.00%,$0.76B,$0.56B,73.30%,$0.76B,$0.56B,73.30%,$0.76B,$0.58B,75.26%,$0.76B,$0.46B,60.34%,$0.76B,$0.29B,38.35%,$0.29B,$0.85B,38.03%,$0.29B,$0.85B,38.03%,$0.29B,$3.13B,9.96%,$0.56B,$2.75B,21.87%,$203,$0,$203,$0,$49,$57,$146,$-29,$117,$43,$74,$74,$74,$150,$146,$21,21,$3.54,$3.54,$231,$0,$0,$3076,$20,$0,$0,$36,$56,$3133,$157,$1893,$0,$2122,$2279,$0,$759,$0,$854,$3133,$146,$7,$37,$44,$0,$0,$0,$1,$0,$190,$-2,$0,$0,$1,$0,$1,$-356,$-358,$260,$-95,$166,$-1,$-1,$0,$-1,$163,$-5,$7,$0
14,2015-03-31,195.0,$37.74,5.17,$33.79,5.77,$41.44,4.71,$13.30,14.66,$3.07B,$0.15B,21.08,$1.98B,$0.78B,2.55,$0.74B,$0.74B,100.00%,$0.74B,$0.55B,73.95%,$0.74B,$0.55B,73.95%,$0.74B,$0.56B,75.84%,$0.74B,$0.45B,61.13%,$0.74B,$0.29B,38.87%,$0.29B,$0.78B,39.71%,$0.29B,$0.78B,39.71%,$0.29B,$3.13B,10.23%,$0.55B,$2.76B,22.56%,$194,$0,$194,$0,$51,$57,$137,$-24,$113,$42,$72,$72,$72,$141,$137,$21,21,$3.42,$3.41,$339,$0,$0,$3073,$21,$0,$0,$34,$54,$3127,$146,$1984,$0,$2204,$2350,$0,$685,$0,$777,$3127,$72,$4,$17,$21,$0,$0,$0,$4,$25,$117,$-1,$0,$0,$0,$0,$0,$-268,$-269,$351,$-120,$231,$-1,$-1,$0,$2,$232,$80,$4,$0
15,2014-12-31,136.41,$34.09,4.0,$32.04,4.26,$39.78,3.43,$12.01,11.36,$2.73B,$0.24B,11.54,$1.63B,$0.70B,2.33,$0.72B,$0.72B,100.00%,$0.72B,$0.54B,74.59%,$0.72B,$0.54B,74.59%,$0.72B,$0.55B,76.38%,$0.72B,$0.42B,58.01%,$0.72B,$0.27B,36.74%,$0.27B,$0.70B,37.48%,$0.27B,$0.70B,37.48%,$0.27B,$2.79B,9.93%,$0.54B,$2.34B,23.70%,$185,$0,$185,$0,$47,$46,$139,$-23,$116,$43,$73,$73,$73,$142,$139,$22,22,$3.40,$3.36,$217,$0,$0,$2732,$21,$0,$0,$33,$54,$2785,$237,$1633,$0,$1846,$2083,$0,$613,$-0,$702,$2785,$266,$13,$106,$119,$0,$0,$0,$-4,$-20,$365,$-4,$0,$0,$0,$0,$0,$-359,$-363,$347,$17,$364,$-343,$-343,$0,$-21,$0,$2,$15,$0
16,2014-09-30,126.07,$34.66,3.64,$31.05,4.06,$36.95,3.41,$11.36,11.1,$2.67B,$0.13B,20.27,$1.65B,$0.75B,2.21,$0.71B,$0.71B,100.00%,$0.71B,$0.53B,74.51%,$0.71B,$0.53B,74.51%,$0.71B,$0.55B,76.33%,$0.71B,$0.41B,57.14%,$0.71B,$0.26B,36.27%,$0.26B,$0.75B,35.89%,$0.26B,$0.75B,35.89%,$0.26B,$2.72B,10.00%,$0.53B,$2.40B,24.13%,$182,$0,$182,$0,$39,$44,$138,$-23,$115,$41,$74,$74,$74,$142,$138,$22,22,$3.38,$3.38,$261,$0,$0,$2670,$22,$0,$0,$31,$53,$2723,$132,$1651,$0,$1842,$1974,$0,$666,$-0,$749,$2723,$193,$10,$79,$88,$0,$0,$0,$-0,$-11,$270,$-4,$0,$0,$2,$0,$2,$-302,$-304,$366,$-94,$272,$-218,$-218,$0,$-20,$34,$0,$10,$0
17,2014-06-30,123.1,$31.16,3.95,$30.04,4.1,$33.92,3.63,$10.73,11.47,$2.58B,$0.22B,11.77,$1.55B,$0.67B,2.3,$0.71B,$0.71B,100.00%,$0.71B,$0.52B,74.18%,$0.71B,$0.52B,74.18%,$0.71B,$0.54B,76.03%,$0.71B,$0.40B,56.03%,$0.71B,$0.25B,35.46%,$0.25B,$0.67B,35.36%,$0.25B,$0.67B,35.36%,$0.25B,$2.63B,9.98%,$0.52B,$2.22B,24.75%,$180,$0,$180,$0,$42,$46,$134,$-24,$109,$40,$69,$69,$69,$137,$134,$23,23,$3.06,$3.06,$218,$0,$0,$2578,$23,$0,$0,$27,$50,$2628,$219,$1549,$0,$1736,$1955,$0,$592,$0,$673,$2628,$119,$6,$69,$75,$0,$0,$0,$1,$-20,$174,$-3,$0,$0,$-1,$0,$-1,$-200,$-204,$263,$3,$266,$-218,$-218,$0,$-16,$32,$3,$8,$0
18,2014-03-31,142.15,$31.76,4.48,$29.16,4.88,$32.11,4.43,$10.23,13.9,$2.53B,$0.23B,10.91,$1.44B,$0.72B,2.02,$0.69B,$0.69B,100.00%,$0.69B,$0.51B,73.92%,$0.69B,$0.51B,73.92%,$0.69B,$0.53B,75.79%,$0.69B,$0.38B,55.19%,$0.69B,$0.24B,35.01%,$0.24B,$0.72B,34.60%,$0.24B,$0.72B,34.60%,$0.24B,$2.57B,10.01%,$0.51B,$2.16B,25.20%,$177,$0,$177,$0,$43,$48,$129,$-49,$80,$30,$50,$50,$50,$132,$129,$23,24,$2.12,$2.12,$205,$0,$0,$2525,$23,$0,$0,$26,$49,$2574,$232,$1442,$0,$1627,$1859,$0,$637,$-0,$715,$2574,$50,$3,$59,$62,$0,$0,$0,$1,$-18,$94,$-2,$0,$0,$1,$0,$1,$-145,$-146,$153,$13,$166,$-103,$-103,$0,$-9,$54,$1,$4,$0
19,2013-12-31,129.99,$32.69,3.98,$28.38,4.58,$31.49,4.13,$10.59,12.27,$2.38B,$0.24B,10.08,$1.29B,$0.75B,1.72,$0.68B,$0.68B,100.00%,$0.68B,$0.50B,73.90%,$0.68B,$0.50B,73.90%,$0.68B,$0.52B,75.81%,$0.68B,$0.40B,58.36%,$0.68B,$0.25B,37.24%,$0.25B,$0.75B,37.37%,$0.25B,$0.75B,37.37%,$0.25B,$2.43B,10.83%,$0.50B,$2.04B,25.68%,$175,$0,$175,$0,$40,$45,$131,$-27,$104,$38,$66,$66,$66,$134,$131,$24,24,$2.80,$2.75,$169,$0,$0,$2383,$22,$0,$0,$28,$50,$2433,$237,$1290,$0,$1447,$1683,$0,$687,$-0,$750,$2433,$253,$13,$39,$53,$0,$0,$0,$-2,$20,$326,$-6,$0,$0,$-8,$0,$-8,$-320,$-334,$83,$59,$142,$-135,$-135,$0,$-4,$3,$-5,$9,$0
20,2013-09-30,110.81,$29.97,3.7,$27.30,4.06,$29.86,3.71,$10.19,10.87,$2.34B,$0.20B,11.5,$1.35B,$0.69B,1.95,$0.67B,$0.67B,100.00%,$0.67B,$0.49B,73.42%,$0.67B,$0.49B,73.42%,$0.67B,$0.50B,75.38%,$0.67B,$0.39B,57.81%,$0.67B,$0.25B,37.24%,$0.25B,$0.69B,38.29%,$0.25B,$0.69B,38.29%,$0.25B,$2.39B,10.92%,$0.49B,$2.04B,25.60%,$173,$0,$173,$0,$37,$43,$129,$-27,$102,$37,$65,$65,$65,$133,$129,$24,24,$2.75,$2.75,$172,$0,$0,$2336,$22,$0,$0,$27,$49,$2385,$203,$1346,$0,$1492,$1695,$0,$629,$-0,$690,$2385,$187,$10,$21,$30,$0,$0,$0,$0,$4,$221,$-4,$0,$0,$-6,$0,$-6,$-271,$-281,$139,$44,$183,$-127,$-127,$0,$-2,$55,$-5,$6,$0
21,2013-06-30,105.05,$28.09,3.74,$26.26,4.0,$29.18,3.6,$9.56,10.99,$2.27B,$0.26B,8.6,$1.26B,$0.65B,1.92,$0.65B,$0.65B,100.00%,$0.65B,$0.47B,72.27%,$0.65B,$0.47B,72.27%,$0.65B,$0.48B,74.11%,$0.65B,$0.37B,56.55%,$0.65B,$0.24B,36.36%,$0.24B,$0.65B,37.78%,$0.24B,$0.65B,37.78%,$0.24B,$2.32B,10.73%,$0.47B,$1.91B,25.53%,$169,$0,$169,$0,$40,$45,$124,$-27,$97,$36,$62,$62,$62,$127,$124,$24,24,$2.57,$2.56,$173,$0,$0,$2267,$22,$0,$0,$26,$48,$2315,$264,$1256,$0,$1398,$1661,$0,$595,$-0,$654,$2315,$122,$6,$9,$15,$0,$0,$0,$2,$3,$141,$-3,$0,$0,$-2,$0,$-2,$-195,$-200,$49,$107,$157,$-96,$-96,$0,$-2,$59,$0,$5,$0
22,2013-03-31,122.14,$26.48,4.61,$25.05,4.88,$29.05,4.2,$9.18,13.31,$2.20B,$0.25B,8.94,$1.24B,$0.63B,1.99,$0.63B,$0.63B,100.00%,$0.63B,$0.46B,72.63%,$0.63B,$0.46B,72.63%,$0.63B,$0.47B,74.53%,$0.63B,$0.36B,56.80%,$0.63B,$0.23B,36.55%,$0.23B,$0.63B,38.74%,$0.23B,$0.63B,38.74%,$0.23B,$2.25B,10.89%,$0.46B,$1.87B,25.87%,$165,$0,$165,$0,$39,$45,$120,$-25,$95,$35,$61,$61,$61,$123,$120,$24,24,$2.49,$2.48,$172,$0,$0,$2201,$22,$0,$0,$26,$48,$2248,$246,$1240,$0,$1378,$1624,$0,$570,$0,$625,$2248,$61,$3,$-4,$-1,$0,$0,$0,$2,$21,$81,$-1,$0,$0,$-1,$0,$-1,$-125,$-127,$33,$72,$105,$-60,$-60,$0,$-0,$45,$-1,$2,$0
23,2012-12-31,101.68,$25.79,3.94,$23.72,4.29,$29.03,3.5,$8.62,11.8,$2.08B,$0.16B,13.38,$1.21B,$0.62B,1.94,$0.61B,$0.61B,100.00%,$0.61B,$0.44B,72.58%,$0.61B,$0.44B,72.58%,$0.61B,$0.45B,74.38%,$0.61B,$0.34B,56.32%,$0.61B,$0.22B,36.12%,$0.22B,$0.62B,37.72%,$0.22B,$0.62B,37.72%,$0.22B,$2.13B,10.74%,$0.44B,$1.83B,26.14%,$159,$0,$159,$0,$37,$44,$116,$-24,$91,$31,$60,$60,$60,$119,$116,$25,26,$2.42,$2.36,$148,$0,$0,$2082,$22,$0,$0,$29,$51,$2133,$156,$1207,$0,$1356,$1511,$0,$568,$-0,$622,$2133,$220,$12,$61,$73,$0,$0,$0,$1,$16,$309,$-9,$0,$0,$-46,$0,$-46,$-347,$-401,$253,$-0,$253,$-152,$-152,$0,$-5,$97,$4,$12,$0
24,2012-09-30,85.51,$24.35,3.51,$22.69,3.77,$27.44,3.12,$8.13,10.52,$2.05B,$0.22B,9.16,$1.15B,$0.60B,1.92,$0.59B,$0.59B,100.00%,$0.59B,$0.43B,72.96%,$0.59B,$0.43B,72.96%,$0.59B,$0.44B,74.66%,$0.59B,$0.33B,56.46%,$0.59B,$0.21B,35.71%,$0.21B,$0.60B,37.32%,$0.21B,$0.60B,37.32%,$0.21B,$2.10B,10.74%,$0.43B,$1.74B,26.69%,$156,$0,$156,$0,$37,$47,$109,$-25,$84,$31,$53,$53,$53,$112,$109,$25,25,$2.13,$2.12,$173,$0,$0,$2050,$22,$0,$0,$31,$53,$2103,$224,$1146,$0,$1282,$1506,$0,$548,$0,$598,$2103,$160,$9,$38,$47,$0,$0,$0,$0,$12,$219,$-7,$0,$0,$1,$0,$1,$-359,$-365,$192,$72,$264,$-113,$-113,$0,$-4,$148,$1,$9,$0
25,2012-06-30,84.43,$22.02,3.83,$21.56,3.92,$26.58,3.18,$7.92,10.66,$1.95B,$0.21B,9.33,$1.12B,$0.54B,2.07,$0.57B,$0.57B,100.00%,$0.57B,$0.42B,74.56%,$0.57B,$0.42B,74.56%,$0.57B,$0.43B,76.15%,$0.57B,$0.33B,57.77%,$0.57B,$0.21B,36.57%,$0.21B,$0.54B,38.58%,$0.21B,$0.54B,38.58%,$0.21B,$2.00B,11.21%,$0.42B,$1.66B,27.91%,$152,$0,$152,$0,$35,$38,$114,$-25,$89,$33,$57,$57,$57,$117,$114,$26,26,$2.18,$2.18,$134,$0,$0,$1951,$22,$0,$0,$30,$52,$2003,$209,$1119,$0,$1253,$1463,$0,$495,$0,$540,$2003,$107,$6,$24,$29,$0,$0,$0,$1,$15,$152,$-6,$0,$0,$-0,$0,$-0,$-249,$-255,$165,$-31,$134,$-28,$-28,$0,$-2,$104,$0,$5,$0
26,2012-03-31,101.01,$22.34,4.52,$20.70,4.88,$26.24,3.85,$7.46,13.54,$1.90B,$0.29B,6.48,$0.96B,$0.57B,1.68,$0.54B,$0.54B,100.00%,$0.54B,$0.40B,73.71%,$0.54B,$0.40B,73.71%,$0.54B,$0.41B,75.37%,$0.54B,$0.31B,56.80%,$0.54B,$0.20B,35.85%,$0.20B,$0.57B,38.09%,$0.20B,$0.57B,38.09%,$0.20B,$1.96B,11.20%,$0.40B,$1.53B,28.45%,$142,$0,$142,$0,$35,$40,$103,$-24,$79,$29,$50,$50,$50,$105,$103,$26,26,$1.92,$1.92,$166,$0,$0,$1904,$21,$0,$0,$30,$51,$1955,$294,$959,$0,$1089,$1382,$0,$532,$0,$573,$1955,$50,$3,$12,$15,$0,$0,$0,$1,$24,$89,$-4,$0,$0,$0,$0,$0,$-200,$-204,$5,$130,$135,$-20,$-20,$0,$-1,$115,$0,$1,$0
27,2011-12-31,82.28,$21.07,3.9,$19.77,4.16,$26.07,3.16,$7.11,11.57,$1.71B,$0.14B,12.11,$0.95B,$0.54B,1.77,$0.53B,$0.53B,100.00%,$0.53B,$0.38B,73.00%,$0.53B,$0.38B,73.00%,$0.53B,$0.39B,74.90%,$0.53B,$0.30B,56.46%,$0.53B,$0.19B,35.74%,$0.19B,$0.54B,40.21%,$0.19B,$0.54B,40.21%,$0.19B,$1.76B,11.56%,$0.38B,$1.49B,29.23%,$138,$0,$138,$0,$29,$35,$103,$-23,$80,$30,$50,$50,$50,$105,$103,$26,27,$1.91,$1.87,$110,$0,$0,$1709,$19,$0,$0,$31,$49,$1759,$141,$954,$0,$1077,$1219,$0,$501,$0,$540,$1759,$188,$10,$46,$56,$0,$0,$0,$-2,$32,$276,$-6,$0,$0,$0,$0,$0,$-448,$-454,$405,$-93,$312,$-128,$-128,$0,$-5,$179,$1,$2,$0
28,2011-09-30,64.36,$19.22,3.35,$18.44,3.49,$22.52,2.86,$6.89,9.34,$1.62B,$0.19B,8.49,$0.87B,$0.49B,1.76,$0.50B,$0.50B,100.00%,$0.50B,$0.37B,73.16%,$0.50B,$0.37B,73.16%,$0.50B,$0.38B,75.15%,$0.50B,$0.29B,56.86%,$0.50B,$0.19B,36.78%,$0.19B,$0.49B,41.02%,$0.19B,$0.49B,41.02%,$0.19B,$1.67B,12.15%,$0.37B,$1.36B,30.77%,$134,$0,$134,$0,$28,$32,$102,$-23,$79,$29,$50,$50,$50,$104,$102,$26,26,$1.92,$1.91,$96,$0,$0,$1622,$17,$0,$0,$32,$49,$1671,$191,$870,$0,$986,$1177,$0,$455,$0,$493,$1671,$138,$7,$33,$40,$0,$0,$0,$-4,$24,$202,$-4,$0,$0,$-0,$0,$-0,$-354,$-358,$321,$-37,$283,$-124,$-124,$0,$-4,$156,$-0,$2,$0
29,2011-06-30,84.47,$17.24,4.9,$17.24,4.9,$20.17,4.19,$6.46,13.08,$1.53B,$0.22B,6.86,$0.81B,$0.44B,1.83,$0.48B,$0.48B,100.00%,$0.48B,$0.35B,72.56%,$0.48B,$0.35B,72.56%,$0.48B,$0.36B,74.84%,$0.48B,$0.27B,56.55%,$0.48B,$0.18B,36.80%,$0.18B,$0.44B,40.81%,$0.18B,$0.44B,40.81%,$0.18B,$1.58B,12.42%,$0.35B,$1.25B,31.57%,$130,$0,$130,$0,$28,$37,$93,$-23,$71,$26,$45,$45,$45,$96,$93,$26,26,$1.73,$1.72,$93,$0,$0,$1533,$17,$0,$0,$31,$48,$1582,$223,$807,$0,$916,$1140,$0,$405,$-0,$442,$1582,$88,$5,$20,$25,$0,$0,$0,$-3,$27,$140,$-3,$0,$0,$0,$0,$0,$-257,$-260,$258,$-10,$249,$-124,$-124,$0,$-3,$122,$2,$1,$0
30,2011-03-31,70.96,$15.45,4.59,$15.80,4.49,$18.08,3.93,$6.29,11.28,$1.44B,$0.24B,5.99,$0.75B,$0.40B,1.91,$0.46B,$0.46B,100.00%,$0.46B,$0.34B,73.65%,$0.46B,$0.34B,73.65%,$0.46B,$0.35B,76.03%,$0.46B,$0.27B,57.88%,$0.46B,$0.18B,39.09%,$0.18B,$0.40B,38.61%,$0.18B,$0.40B,38.61%,$0.18B,$1.49B,13.47%,$0.34B,$1.15B,32.14%,$124,$0,$124,$0,$28,$37,$86,$-19,$67,$24,$43,$43,$43,$89,$86,$27,27,$1.59,$1.57,$87,$0,$0,$1440,$17,$0,$0,$35,$52,$1492,$241,$754,$0,$856,$1097,$0,$360,$-0,$395,$1492,$43,$2,$4,$7,$0,$0,$0,$-8,$36,$86,$-2,$0,$0,$0,$0,$0,$-158,$-160,$204,$-4,$201,$-125,$-125,$0,$-1,$75,$1,$1,$0
31,2010-12-31,62.77,$17.38,3.61,$14.58,4.31,$17.12,3.67,$5.73,10.95,$1.30B,$0.21B,6.14,$0.55B,$0.47B,1.16,$0.44B,$0.44B,100.00%,$0.44B,$0.32B,73.30%,$0.44B,$0.32B,73.30%,$0.44B,$0.34B,76.02%,$0.44B,$0.25B,57.24%,$0.44B,$0.17B,38.46%,$0.17B,$0.47B,33.81%,$0.17B,$0.47B,33.81%,$0.17B,$1.34B,13.30%,$0.32B,$1.02B,31.64%,$115,$0,$115,$0,$27,$29,$87,$-18,$69,$22,$47,$47,$47,$89,$87,$29,30,$1.69,$1.63,$71,$0,$0,$1301,$16,$0,$0,$26,$42,$1344,$212,$549,$0,$657,$869,$0,$443,$-0,$474,$1344,$170,$11,$30,$41,$0,$0,$0,$-1,$-10,$201,$-4,$0,$0,$2,$0,$2,$-162,$-163,$139,$39,$178,$-199,$-199,$0,$-15,$-36,$2,$4,$0
32,2010-09-30,60.56,$15.64,3.87,$13.89,4.36,$15.52,3.9,$5.31,11.4,$1.24B,$0.18B,7.05,$0.58B,$0.42B,1.36,$0.43B,$0.43B,100.00%,$0.43B,$0.31B,73.54%,$0.43B,$0.31B,73.54%,$0.43B,$0.33B,76.58%,$0.43B,$0.25B,58.08%,$0.43B,$0.16B,38.17%,$0.16B,$0.42B,32.04%,$0.16B,$0.42B,32.04%,$0.16B,$1.28B,13.19%,$0.31B,$1.00B,31.55%,$112,$0,$112,$0,$28,$28,$83,$-18,$65,$23,$42,$42,$42,$86,$83,$28,28,$1.50,$1.48,$61,$0,$0,$1244,$16,$0,$0,$24,$40,$1284,$176,$577,$0,$683,$860,$0,$397,$-0,$424,$1284,$123,$9,$24,$32,$0,$0,$0,$1,$-5,$151,$-1,$0,$0,$2,$0,$2,$-110,$-109,$167,$5,$172,$-201,$-201,$0,$-13,$-42,$-1,$3,$0
33,2010-06-30,48.77,$18.75,2.6,$13.15,3.71,$14.29,3.41,$5.12,9.53,$1.21B,$0.08B,14.52,$0.49B,$0.58B,0.84,$0.42B,$0.42B,100.00%,$0.42B,$0.31B,73.98%,$0.42B,$0.31B,73.98%,$0.42B,$0.32B,77.35%,$0.42B,$0.25B,59.04%,$0.42B,$0.16B,39.04%,$0.16B,$0.58B,31.41%,$0.16B,$0.58B,31.41%,$0.16B,$1.26B,13.40%,$0.31B,$1.07B,31.71%,$112,$0,$112,$0,$25,$27,$85,$-19,$67,$18,$49,$49,$49,$88,$85,$31,32,$1.57,$1.55,$68,$0,$0,$1210,$18,$0,$0,$26,$45,$1255,$83,$489,$0,$590,$673,$0,$555,$-0,$582,$1255,$81,$6,$17,$23,$0,$0,$0,$-2,$-2,$102,$-2,$0,$0,$0,$0,$0,$-74,$-76,$79,$-93,$-14,$-2,$-2,$0,$-11,$-27,$-1,$2,$0
34,2010-03-31,41.24,$17.11,2.41,$12.55,3.29,$13.66,3.02,$4.72,8.74,$1.18B,$0.14B,8.51,$0.47B,$0.53B,0.89,$0.40B,$0.40B,100.00%,$0.40B,$0.29B,73.67%,$0.40B,$0.29B,73.67%,$0.40B,$0.30B,76.96%,$0.40B,$0.24B,59.49%,$0.40B,$0.15B,37.72%,$0.15B,$0.53B,31.57%,$0.15B,$0.53B,31.57%,$0.15B,$1.23B,12.54%,$0.29B,$1.00B,31.59%,$103,$0,$103,$0,$27,$34,$69,$-17,$52,$20,$32,$32,$32,$73,$69,$31,32,$1.03,$1.01,$92,$0,$0,$1181,$18,$0,$0,$28,$47,$1228,$139,$470,$0,$558,$697,$0,$506,$-1,$531,$1228,$32,$3,$2,$5,$0,$0,$0,$-6,$31,$68,$-1,$0,$0,$0,$0,$0,$-49,$-50,$60,$-69,$-9,$-2,$-2,$0,$-7,$-18,$-1,$1,$0
35,2009-12-31,42.1,$16.05,2.62,$12.10,3.48,$13.11,3.21,$4.64,9.07,$1.14B,$0.18B,6.54,$0.41B,$0.50B,0.82,$0.38B,$0.38B,100.00%,$0.38B,$0.28B,73.95%,$0.38B,$0.28B,73.95%,$0.38B,$0.29B,76.58%,$0.38B,$0.23B,60.26%,$0.38B,$0.15B,38.42%,$0.15B,$0.50B,33.86%,$0.15B,$0.50B,33.86%,$0.15B,$1.18B,12.42%,$0.28B,$0.91B,31.40%,$100,$0,$100,$0,$28,$23,$77,$-14,$64,$24,$40,$40,$40,$80,$77,$31,32,$1.32,$1.25,$88,$0,$0,$1142,$19,$0,$0,$16,$35,$1176,$175,$410,$0,$503,$678,$0,$474,$-1,$498,$1176,$146,$10,$12,$22,$0,$0,$0,$1,$-8,$160,$-3,$0,$0,$0,$0,$0,$-22,$-25,$-171,$36,$-135,$1,$1,$0,$-3,$-137,$-1,$7,$0
36,2009-09-30,32.19,$14.57,2.21,$11.71,2.75,$13.07,2.46,$3.97,8.11,$1.14B,$0.18B,6.22,$0.44B,$0.45B,0.98,$0.37B,$0.37B,100.00%,$0.37B,$0.25B,67.76%,$0.37B,$0.25B,67.76%,$0.37B,$0.26B,71.31%,$0.37B,$0.20B,53.28%,$0.37B,$0.13B,34.15%,$0.13B,$0.45B,31.95%,$0.13B,$0.45B,31.95%,$0.13B,$1.18B,10.72%,$0.25B,$0.89B,27.63%,$100,$0,$100,$0,$28,$25,$76,$-13,$62,$21,$41,$41,$41,$80,$76,$31,32,$1.33,$1.29,$80,$0,$0,$1142,$19,$0,$0,$17,$36,$1178,$184,$442,$0,$543,$726,$0,$434,$-1,$452,$1178,$106,$7,$23,$30,$0,$0,$0,$-1,$-7,$129,$-2,$0,$0,$1,$0,$1,$-28,$-29,$-139,$41,$-97,$0,$0,$0,$-4,$-101,$-2,$5,$0
37,2009-06-30,21.85,$13.19,1.66,$11.11,1.97,$12.42,1.76,$3.35,6.52,$1.14B,$0.20B,5.7,$0.48B,$0.41B,1.17,$0.35B,$0.35B,100.00%,$0.35B,$0.22B,62.43%,$0.35B,$0.22B,62.43%,$0.35B,$0.23B,65.32%,$0.35B,$0.17B,47.98%,$0.35B,$0.11B,30.35%,$0.11B,$0.41B,29.31%,$0.11B,$0.41B,29.31%,$0.11B,$1.17B,9.02%,$0.22B,$0.88B,23.83%,$92,$0,$92,$0,$27,$23,$69,$-12,$57,$21,$36,$36,$36,$71,$69,$31,31,$1.18,$1.15,$80,$0,$0,$1137,$20,$0,$0,$15,$34,$1171,$199,$476,$0,$565,$764,$0,$393,$-2,$407,$1171,$65,$3,$13,$15,$0,$0,$0,$-1,$1,$82,$-1,$0,$0,$0,$0,$0,$-31,$-32,$-104,$53,$-52,$-0,$-0,$0,$0,$-51,$-2,$3,$0
38,2009-03-31,21.49,$11.94,1.8,$10.59,2.03,$11.93,1.8,$2.53,8.49,$1.14B,$0.20B,5.64,$0.53B,$0.37B,1.43,$0.33B,$0.33B,100.00%,$0.33B,$0.17B,52.58%,$0.33B,$0.17B,52.58%,$0.33B,$0.18B,55.62%,$0.33B,$0.13B,37.99%,$0.33B,$0.08B,24.01%,$0.08B,$0.37B,23.87%,$0.08B,$0.37B,23.87%,$0.08B,$1.18B,6.81%,$0.17B,$0.90B,18.67%,$88,$0,$88,$0,$29,$29,$59,$-13,$46,$17,$29,$29,$29,$60,$59,$30,31,$0.95,$0.93,$90,$0,$0,$1138,$20,$0,$0,$18,$39,$1177,$202,$528,$0,$607,$809,$0,$357,$-2,$368,$1177,$29,$1,$5,$7,$0,$0,$0,$-5,$14,$49,$-1,$0,$0,$0,$0,$0,$-37,$-38,$-53,$38,$-15,$-0,$-0,$0,$0,$-15,$-3,$1,$0
39,2008-12-31,13.7,$11.01,1.24,$10.06,1.36,$11.20,1.22,$2.17,6.31,$1.11B,$0.15B,7.56,$0.58B,$0.34B,1.72,$0.31B,$0.31B,100.00%,$0.31B,$0.15B,49.04%,$0.31B,$0.15B,49.04%,$0.31B,$0.16B,52.24%,$0.31B,$0.11B,34.29%,$0.31B,$0.07B,21.79%,$0.07B,$0.34B,21.90%,$0.07B,$0.34B,21.90%,$0.07B,$1.14B,5.99%,$0.15B,$0.92B,16.78%,$86,$0,$86,$0,$28,$42,$44,$-14,$30,$11,$19,$19,$19,$50,$44,$30,31,$0.61,$0.59,$87,$0,$0,$1105,$21,$0,$0,$14,$35,$1139,$146,$580,$0,$655,$802,$0,$328,$-3,$338,$1139,$67,$10,$62,$72,$0,$0,$0,$-1,$21,$160,$-6,$0,$0,$-0,$0,$-0,$-260,$-266,$85,$25,$110,$2,$2,$0,$-3,$109,$2,$4,$0
40,2008-09-30,17.0,$10.46,1.63,$9.32,1.82,$9.15,1.86,$1.97,8.63,$1.13B,$0.16B,6.97,$0.61B,$0.32B,1.91,$0.29B,$0.29B,100.00%,$0.29B,$0.14B,47.40%,$0.29B,$0.14B,47.40%,$0.29B,$0.14B,49.48%,$0.29B,$0.10B,32.87%,$0.29B,$0.06B,21.11%,$0.06B,$0.32B,20.87%,$0.06B,$0.32B,20.87%,$0.06B,$1.17B,5.62%,$0.14B,$0.93B,15.70%,$80,$0,$80,$0,$28,$36,$44,$-11,$33,$13,$20,$20,$21,$45,$44,$30,31,$0.68,$0.67,$88,$0,$0,$1134,$22,$0,$0,$15,$36,$1170,$163,$609,$0,$688,$851,$0,$310,$-0,$320,$1170,$49,$4,$49,$53,$0,$0,$0,$-2,$9,$110,$-5,$0,$0,$-1,$0,$-1,$-267,$-273,$113,$47,$160,$2,$2,$0,$1,$163,$0,$3,$0
41,2008-06-30,25.56,$9.75,2.62,$8.69,2.94,$7.92,3.23,$1.77,14.44,$1.12B,$0.12B,9.3,$0.67B,$0.30B,2.23,$0.27B,$0.27B,100.00%,$0.27B,$0.12B,45.56%,$0.27B,$0.12B,45.56%,$0.27B,$0.13B,47.78%,$0.27B,$0.08B,30.74%,$0.27B,$0.06B,20.37%,$0.06B,$0.30B,20.02%,$0.06B,$0.30B,20.02%,$0.06B,$1.15B,5.44%,$0.12B,$0.96B,15.07%,$75,$0,$75,$0,$28,$49,$26,$-10,$16,$6,$10,$10,$10,$28,$26,$30,31,$0.34,$0.33,$91,$0,$0,$1116,$22,$0,$0,$14,$36,$1152,$120,$665,$0,$734,$854,$0,$289,$-0,$298,$1152,$28,$3,$30,$32,$0,$0,$0,$-2,$8,$68,$-4,$0,$0,$-1,$0,$-1,$-238,$-243,$169,$2,$171,$2,$2,$0,$1,$174,$-1,$2,$0
42,2008-03-31,15.53,$9.38,1.66,$8.14,1.91,$7.56,2.05,$1.83,8.49,$1.04B,$0.17B,6.07,$0.55B,$0.29B,1.93,$0.25B,$0.25B,100.00%,$0.25B,$0.13B,50.20%,$0.25B,$0.13B,50.20%,$0.25B,$0.13B,52.17%,$0.25B,$0.09B,34.39%,$0.25B,$0.06B,22.53%,$0.06B,$0.29B,21.90%,$0.06B,$0.29B,21.90%,$0.06B,$1.08B,6.08%,$0.13B,$0.84B,17.04%,$71,$0,$71,$0,$30,$32,$39,$-11,$28,$10,$18,$18,$18,$40,$39,$30,31,$0.59,$0.57,$86,$0,$0,$1038,$21,$0,$0,$20,$42,$1080,$171,$551,$0,$623,$794,$0,$279,$0,$286,$1080,$18,$1,$10,$11,$0,$0,$0,$-8,$-1,$28,$-2,$0,$0,$0,$0,$0,$-135,$-137,$56,$51,$107,$1,$1,$0,$0,$109,$-1,$1,$0
43,2007-12-31,20.67,$8.78,2.35,$7.69,2.69,$7.73,2.67,$1.75,11.81,$0.91B,$0.12B,7.83,$0.50B,$0.27B,1.87,$0.24B,$0.24B,100.00%,$0.24B,$0.12B,49.79%,$0.24B,$0.12B,49.79%,$0.24B,$0.12B,51.88%,$0.24B,$0.08B,34.31%,$0.24B,$0.05B,22.59%,$0.05B,$0.27B,22.00%,$0.05B,$0.27B,22.00%,$0.05B,$0.94B,6.20%,$0.12B,$0.76B,17.11%,$63,$0,$63,$0,$29,$35,$28,$-10,$18,$6,$12,$12,$12,$30,$28,$30,31,$0.42,$0.41,$78,$0,$0,$909,$20,$0,$0,$13,$33,$942,$116,$496,$0,$561,$677,$0,$261,$0,$265,$942,$55,$4,$45,$49,$0,$0,$0,$1,$-6,$98,$-8,$0,$0,$0,$0,$0,$-233,$-240,$141,$-2,$139,$-7,$-7,$0,$3,$135,$-8,$5,$0
44,2007-09-30,23.1,$8.28,2.79,$7.24,3.19,$7.24,3.19,$1.62,14.26,$0.84B,$0.12B,7.13,$0.45B,$0.25B,1.81,$0.23B,$0.23B,100.00%,$0.23B,$0.11B,48.28%,$0.23B,$0.11B,48.28%,$0.23B,$0.12B,50.00%,$0.23B,$0.08B,32.76%,$0.23B,$0.05B,21.55%,$0.05B,$0.25B,21.57%,$0.05B,$0.25B,21.57%,$0.05B,$0.87B,6.12%,$0.11B,$0.70B,17.33%,$61,$0,$61,$0,$25,$31,$30,$-9,$21,$8,$13,$13,$15,$31,$30,$30,31,$0.49,$0.47,$73,$0,$0,$841,$19,$0,$0,$11,$30,$871,$118,$453,$0,$503,$621,$0,$249,$-0,$250,$871,$42,$3,$22,$25,$0,$0,$0,$3,$5,$72,$-6,$0,$0,$0,$0,$0,$-163,$-168,$99,$-1,$98,$-7,$-7,$0,$2,$93,$-3,$2,$0
45,2007-06-30,26.83,$7.91,3.39,$6.86,3.91,$6.94,3.87,$1.59,16.87,$0.83B,$0.13B,6.6,$0.44B,$0.24B,1.84,$0.23B,$0.23B,100.00%,$0.23B,$0.11B,49.56%,$0.23B,$0.11B,49.56%,$0.23B,$0.12B,51.33%,$0.23B,$0.08B,34.96%,$0.23B,$0.05B,22.12%,$0.05B,$0.24B,22.62%,$0.05B,$0.24B,22.62%,$0.05B,$0.86B,6.36%,$0.11B,$0.68B,18.78%,$58,$0,$58,$0,$25,$28,$30,$-9,$20,$8,$12,$12,$12,$31,$30,$30,31,$0.41,$0.39,$78,$0,$0,$827,$17,$0,$0,$13,$30,$857,$125,$441,$0,$491,$617,$0,$237,$-0,$240,$857,$28,$2,$16,$18,$0,$0,$0,$1,$11,$57,$-3,$0,$0,$-0,$0,$-0,$-153,$-156,$87,$6,$93,$-1,$-1,$0,$1,$93,$-7,$2,$0
46,2007-03-31,27.19,$7.49,3.63,$6.55,4.15,$6.52,4.17,$1.70,15.99,$0.78B,$0.12B,6.46,$0.41B,$0.23B,1.81,$0.22B,$0.22B,100.00%,$0.22B,$0.12B,51.57%,$0.22B,$0.12B,51.57%,$0.22B,$0.12B,53.36%,$0.22B,$0.09B,38.57%,$0.22B,$0.06B,25.11%,$0.06B,$0.23B,23.68%,$0.06B,$0.23B,23.68%,$0.06B,$0.81B,7.62%,$0.12B,$0.64B,20.75%,$57,$0,$57,$0,$22,$26,$31,$-8,$23,$8,$15,$15,$15,$32,$31,$30,31,$0.51,$0.49,$58,$0,$0,$781,$16,$0,$0,$15,$32,$813,$121,$410,$0,$465,$586,$0,$225,$-0,$227,$813,$15,$1,$15,$16,$0,$0,$0,$-2,$1,$32,$-1,$0,$0,$-0,$0,$-0,$-95,$-96,$56,$-2,$55,$0,$0,$0,$0,$56,$-8,$0,$0
47,2006-12-31,33.33,$6.97,4.78,$6.09,5.47,$6.38,5.23,$1.66,20.08,$0.70B,$0.12B,5.96,$0.35B,$0.21B,1.68,$0.22B,$0.22B,100.00%,$0.22B,$0.12B,52.51%,$0.22B,$0.12B,52.51%,$0.22B,$0.12B,54.34%,$0.22B,$0.09B,41.10%,$0.22B,$0.06B,26.48%,$0.06B,$0.21B,23.08%,$0.06B,$0.21B,23.08%,$0.06B,$0.73B,8.38%,$0.12B,$0.56B,22.92%,$56,$0,$56,$0,$32,$35,$21,$-8,$12,$4,$9,$9,$8,$22,$21,$33,35,$0.31,$0.28,$58,$0,$0,$695,$16,$0,$0,$14,$30,$725,$117,$354,$0,$398,$515,$0,$209,$-0,$210,$725,$59,$5,$11,$16,$0,$0,$0,$-3,$11,$86,$-2,$0,$0,$-0,$0,$-0,$-106,$-108,$242,$2,$244,$-235,$-235,$0,$14,$23,$1,$0,$0
