,Date,Stock Price,Book Value per Share,Price to Book Ratio,TTM Sales per Share,Price to Sales Ratio,TTM FCF per Share,Price to FCF Ratio,TTM Net EPS,PE Ratio,Current Assets,Current Liabilities,Current Ratio,Long Term Debt,Shareholder's Equity_x,Debt to Equity Ratio,TTM Revenue_x,TTM Gross Profit,Gross Margin,TTM Revenue_y,TTM Operating Income,Operating Margin,TTM Revenue_x,TTM EBIT,EBIT Margin,TTM Revenue_y,TTM EBITDA,EBITDA Margin,TTM Revenue_x,TTM Pre-Tax Income,Pre-Tax Margin,TTM Revenue_y,TTM Net Income_x,Net Margin,TTM Net Income_y,Shareholder's Equity_y,Return on Equity,TTM Net Income_x,Tangible Equity,Return on Tangible Equity,TTM Net Income_y,Total Assets,Return on Assets,TTM Net Income,LT Investments & Debt,Return on Investment,revenue,cost-goods-sold,gross-profit,research-development-expenses,selling-general-administrative-expenses,operating-expenses,operating-income,total-non-operating-income-expense,pre-tax-income,total-provision-income-taxes,income-after-taxes,income-from-continuous-operations,net-income,ebitda,ebit,basic-shares-outstanding,shares-outstanding,eps-basic-net-earnings-per-share,eps-earnings-per-share-diluted,cash-on-hand,inventory,other-current-assets,total-current-assets,net-property-plant-equipment,long-term-investments,goodwill-intangible-assets-total,other-long-term-assets,total-long-term-assets,total-assets,total-current-liabilities,long-term-debt,other-non-current-liabilities,total-long-term-liabilities,total-liabilities,common-stock-net,retained-earnings-accumulated-deficit,comprehensive-income,total-share-holder-equity,total-liabilities-share-holders-equity,net-income-loss,total-depreciation-amortization-cash-flow,other-non-cash-items,total-non-cash-items,change-in-accounts-receivable,change-in-inventories,change-in-accounts-payable,change-in-assets-liabilities,total-change-in-assets-liabilities,cash-flow-from-operating-activities,net-change-in-property-plant-equipment,net-change-in-intangible-assets,net-acquisitions-divestitures,net-change-in-short-term-investments,net-change-in-long-term-investments,net-change-in-investments-total,investing-activities-other,cash-flow-from-investing-activities,net-long-term-debt,net-current-debt,debt-issuance-retirement-net-total,net-common-equity-issued-repurchased,net-total-equity-issued-repurchased,total-common-preferred-stock-dividends-paid,financial-activities-other,cash-flow-from-financial-activities,net-cash-flow,stock-based-compensation,common-stock-dividends-paid
0,2018-03-31,2.1,$5.41,0.39,$19.66,0.11,$3.32,0.63,$0.27,7.78,$0.05B,$0.04B,1.22,$0.00B,$0.01B,0.0,$0.05B,$0.01B,13.33%,$0.05B,$0.00B,4.44%,$0.05B,$0.00B,4.44%,$0.05B,$0.00B,6.67%,$0.05B,$-0.00B,-4.44%,$0.05B,$-0.00B,-4.44%,$-0.00B,$0.01B,-17.02%,$-0.00B,$0.01B,-17.02%,$-0.00B,$0.06B,-2.85%,$0.00B,$0.01B,17.02%,$12,$10,$2,$0,$2,$12,$1,$-0,$0,$0,$0,$0,$0,$1,$1,$2,2,$0.15,$0.15,$1,$1,$0,$54,$3,$0,$0,$0,$3,$57,$44,$0,$0,$0,$44,$0,$-41,$8,$13,$57,$0,$1,$-1,$0,$-1,$0,$-15,$18,$2,$2,$-0,$0,$0,$0,$0,$0,$0,$-0,$0,$-6,$-6,$0,$0,$0,$4,$-2,$1,$0,$0
1,2017-12-31,4.3,$4.94,0.87,$20.22,0.21,$4.61,0.93,$0.27,15.93,$0.06B,$0.06B,1.16,$0.00B,$0.01B,0.0,$0.05B,$0.01B,10.64%,$0.05B,$0.00B,4.26%,$0.05B,$0.00B,4.26%,$0.05B,$0.00B,6.38%,$0.05B,$-0.00B,-4.26%,$0.05B,$-0.00B,-4.26%,$-0.00B,$0.01B,-17.78%,$-0.00B,$0.01B,-17.78%,$-0.00B,$0.07B,-2.57%,$0.00B,$0.01B,17.78%,$10,$8,$2,$1,$1,$10,$1,$-0,$0,$0,$0,$0,$0,$1,$1,$2,2,$0.20,$0.20,$1,$1,$0,$64,$3,$0,$0,$0,$3,$67,$55,$0,$0,$0,$55,$0,$-41,$8,$12,$67,$-0,$1,$-1,$-0,$1,$-0,$-6,$8,$3,$2,$-0,$0,$0,$0,$0,$0,$0,$-0,$0,$-6,$-6,$0,$0,$0,$4,$-2,$1,$0,$0
2,2017-09-30,1.65,$4.55,0.36,$21.99,0.08,$3.25,0.51,$-2.09,0.0,$0.07B,$0.07B,1.11,$0.00B,$0.01B,0.0,$0.05B,$0.00B,3.85%,$0.05B,$-0.00B,-7.69%,$0.05B,$-0.00B,-7.69%,$0.05B,$-0.00B,-5.77%,$0.05B,$-0.01B,-13.46%,$0.05B,$-0.01B,-13.46%,$-0.01B,$0.01B,-65.12%,$-0.01B,$0.01B,-65.12%,$-0.01B,$0.08B,-8.26%,$-0.00B,$0.01B,-37.21%,$14,$12,$1,$0,$1,$14,$-0,$-0,$-1,$0,$-1,$-1,$-1,$0,$-0,$2,2,$-0.24,$-0.24,$3,$0,$0,$73,$3,$0,$0,$0,$3,$77,$66,$0,$0,$0,$66,$0,$-42,$7,$11,$77,$-1,$0,$0,$0,$-2,$0,$4,$-0,$2,$2,$-0,$0,$0,$0,$0,$0,$0,$-0,$0,$-3,$-3,$0,$0,$0,$2,$-1,$1,$0,$0
3,2017-06-30,2.5,$4.67,0.54,$19.23,0.13,$4.10,0.61,$-4.19,0.0,$0.08B,$0.07B,1.11,$0.00B,$0.01B,0.0,$0.05B,0,0.00%,$0.05B,$-0.01B,-20.00%,$0.05B,$-0.01B,-20.00%,$0.05B,$-0.01B,-17.78%,$0.05B,$-0.01B,-24.44%,$0.05B,$-0.01B,-24.44%,$-0.01B,$0.01B,-91.67%,$-0.01B,$0.01B,-91.67%,$-0.01B,$0.08B,-12.43%,$-0.01B,$0.01B,-75.00%,$9,$8,$1,$0,$1,$9,$0,$-1,$-1,$0,$-1,$-1,$-1,$1,$0,$2,2,$-0.53,$-0.52,$4,$1,$0,$77,$4,$0,$0,$0,$4,$80,$69,$0,$0,$0,$69,$0,$-41,$7,$11,$80,$-11,$1,$4,$5,$-14,$0,$0,$20,$8,$2,$-0,$0,$0,$0,$0,$0,$0,$-0,$0,$-2,$-2,$0,$0,$0,$-0,$-2,$-1,$0,$0
4,2017-03-31,2.75,$4.45,0.62,$18.43,0.15,$6.04,0.46,$-9.09,0.0,$0.08B,$0.08B,1.09,$0.00B,$0.01B,0.0,$0.04B,$-0.00B,-4.65%,$0.04B,$-0.02B,-39.53%,$0.04B,$-0.02B,-39.53%,$0.04B,$-0.02B,-39.53%,$0.04B,$-0.02B,-44.19%,$0.04B,$-0.02B,-46.51%,$-0.02B,$0.01B,-137.93%,$-0.02B,$0.01B,-137.93%,$-0.02B,$0.09B,-21.68%,$-0.02B,$0.01B,-117.24%,$14,$12,$1,$0,$2,$13,$1,$-0,$0,$0,$0,$0,$0,$1,$1,$2,2,$0.16,$0.15,$5,$1,$0,$83,$4,$0,$0,$0,$4,$87,$76,$0,$0,$0,$76,$0,$-41,$7,$11,$87,$-10,$1,$4,$5,$-18,$0,$18,$12,$11,$5,$-0,$0,$0,$0,$0,$0,$0,$-0,$0,$-5,$-5,$0,$0,$0,$0,$-5,$0,$0,$0
5,2016-12-31,2.19,$4.28,0.51,$20.10,0.11,$5.46,0.4,$-10.45,0.0,$0.09B,$0.08B,1.07,$0.00B,$0.01B,0.0,$0.05B,$-0.00B,-8.89%,$0.05B,$-0.02B,-44.44%,$0.05B,$-0.02B,-44.44%,$0.05B,$-0.02B,-44.44%,$0.05B,$-0.02B,-48.89%,$0.05B,$-0.02B,-51.11%,$-0.02B,$0.01B,-116.46%,$-0.02B,$0.01B,-116.46%,$-0.02B,$0.10B,-23.65%,$-0.02B,$0.01B,-101.27%,$15,$16,$-1,$1,$1,$20,$-5,$-0,$-5,$0,$-5,$-5,$-5,$-5,$-5,$2,2,$-2.16,$-2.16,$9,$1,$0,$91,$4,$0,$0,$0,$4,$95,$84,$0,$0,$0,$84,$0,$-42,$7,$10,$95,$-10,$1,$5,$5,$-11,$0,$10,$6,$4,$-1,$-0,$0,$0,$0,$0,$0,$0,$-0,$0,$5,$5,$0,$0,$0,$-1,$3,$2,$0,$0
6,2016-09-30,2.94,$6.71,0.44,$21.72,0.14,$5.43,0.54,$-9.09,0.0,$0.09B,$0.08B,1.15,$0.00B,$0.02B,0.0,$0.05B,$-0.00B,-2.13%,$0.05B,$-0.02B,-34.04%,$0.05B,$-0.02B,-34.04%,$0.05B,$-0.02B,-34.04%,$0.05B,$-0.02B,-40.43%,$0.05B,$-0.02B,-42.55%,$-0.02B,$0.02B,-76.92%,$-0.02B,$0.02B,-76.92%,$-0.02B,$0.09B,-19.46%,$-0.02B,$0.02B,-61.54%,$7,$8,$-1,$0,$2,$12,$-5,$-0,$-5,$0,$-5,$-5,$-5,$-5,$-5,$2,2,$-2.34,$-2.34,$13,$1,$0,$88,$4,$0,$0,$0,$4,$92,$76,$0,$0,$0,$76,$0,$-37,$8,$16,$92,$-5,$0,$2,$3,$-2,$0,$1,$6,$6,$4,$-0,$0,$0,$-0,$0,$-0,$0,$-0,$0,$4,$4,$0,$0,$0,$-0,$4,$7,$0,$0
7,2016-06-30,2.53,$9.69,0.26,$24.61,0.1,$7.30,0.35,$-7.25,0.0,$0.09B,$0.07B,1.22,$0.00B,$0.02B,0.0,$0.05B,$0.00B,3.77%,$0.05B,$-0.01B,-22.64%,$0.05B,$-0.01B,-22.64%,$0.05B,$-0.01B,-20.75%,$0.05B,$-0.02B,-28.30%,$0.05B,$-0.02B,-30.19%,$-0.02B,$0.02B,-51.20%,$-0.02B,$0.02B,-51.20%,$-0.02B,$0.10B,-14.92%,$-0.01B,$0.02B,-38.40%,$7,$8,$-1,$0,$2,$15,$-8,$-1,$-9,$0,$-10,$-10,$-10,$-8,$-8,$2,2,$-4.74,$-4.74,$5,$1,$0,$91,$5,$0,$0,$0,$5,$95,$74,$0,$0,$0,$74,$0,$-31,$8,$21,$95,$-16,$2,$9,$11,$-31,$-0,$33,$9,$11,$6,$-0,$0,$0,$0,$5,$5,$0,$5,$-1,$-18,$-19,$0,$0,$0,$6,$-12,$-2,$0,$0
8,2016-03-31,1.85,$14.74,0.13,$27.25,0.07,$-1.98,0.0,$-3.69,0.0,$0.10B,$0.08B,1.32,$0.00B,$0.03B,0.0,$0.06B,$0.00B,7.02%,$0.06B,$-0.01B,-10.53%,$0.06B,$-0.01B,-10.53%,$0.06B,$-0.01B,-8.77%,$0.06B,$-0.01B,-14.04%,$0.06B,$-0.01B,-14.04%,$-0.01B,$0.03B,-22.22%,$-0.01B,$0.03B,-22.22%,$-0.01B,$0.11B,-6.93%,$-0.01B,$0.03B,-16.67%,$16,$17,$-1,$0,$2,$18,$-2,$-0,$-3,$0,$-3,$-3,$-3,$-2,$-2,$2,2,$-1.21,$-1.21,$7,$1,$0,$99,$8,$0,$0,$0,$8,$107,$75,$0,$0,$0,$75,$0,$-21,$8,$32,$107,$-5,$2,$2,$4,$-8,$-0,$12,$3,$6,$4,$-0,$0,$0,$0,$5,$5,$0,$5,$-1,$-15,$-15,$0,$0,$0,$4,$-11,$-2,$0,$0
9,2015-12-31,1.52,$15.85,0.1,$22.36,0.07,$-10.23,0.0,$-2.01,0.0,$0.11B,$0.08B,1.31,$0.00B,$0.04B,0.0,$0.05B,$0.01B,10.87%,$0.05B,$-0.00B,-4.35%,$0.05B,$-0.00B,-4.35%,$0.05B,$-0.00B,-2.17%,$0.05B,$-0.00B,-8.70%,$0.05B,$-0.00B,-8.70%,$-0.00B,$0.04B,-10.39%,$-0.00B,$0.04B,-10.39%,$-0.00B,$0.12B,-3.28%,$-0.00B,$0.04B,-5.19%,$17,$15,$2,$0,$2,$18,$-1,$-0,$-2,$0,$-2,$-2,$-2,$-1,$-1,$2,2,$-0.80,$-0.80,$10,$2,$0,$107,$9,$0,$0,$0,$9,$117,$82,$0,$0,$0,$82,$0,$-18,$8,$35,$117,$-3,$1,$3,$4,$-5,$-0,$8,$-6,$-2,$-1,$-0,$0,$0,$5,$0,$5,$0,$5,$-0,$-7,$-7,$0,$0,$0,$2,$-5,$-1,$0,$0
10,2015-09-30,2.95,$16.98,0.17,$23.57,0.13,$-19.82,0.0,$-2.69,0.0,$0.10B,$0.07B,1.36,$0.00B,$0.04B,0.0,$0.05B,$0.01B,10.64%,$0.05B,$-0.00B,-8.51%,$0.05B,$-0.00B,-8.51%,$0.05B,$-0.00B,-6.38%,$0.05B,$-0.01B,-10.64%,$0.05B,$-0.01B,-10.64%,$-0.01B,$0.04B,-12.50%,$-0.01B,$0.04B,-12.50%,$-0.01B,$0.11B,-3.92%,$-0.00B,$0.04B,-10.00%,$13,$12,$2,$0,$2,$14,$-1,$-0,$-1,$0,$-1,$-1,$-1,$-0,$-1,$2,2,$-0.50,$-0.50,$14,$1,$0,$100,$9,$0,$0,$0,$10,$110,$73,$0,$0,$0,$73,$0,$-16,$9,$37,$110,$-1,$1,$1,$2,$-0,$0,$3,$4,$7,$8,$0,$0,$0,$0,$0,$0,$0,$0,$-0,$-12,$-12,$0,$0,$0,$3,$-9,$-1,$0,$0
11,2015-06-30,3.83,$18.20,0.21,$30.44,0.13,$-27.43,0.0,$-2.14,0.0,$0.12B,$0.09B,1.32,$0.00B,$0.04B,0.0,$0.06B,$0.01B,9.09%,$0.06B,$-0.00B,-5.45%,$0.06B,$-0.00B,-5.45%,$0.06B,$-0.00B,-5.45%,$0.06B,$-0.00B,-7.27%,$0.06B,$-0.00B,-7.27%,$-0.00B,$0.04B,-9.70%,$-0.00B,$0.04B,-9.70%,$-0.00B,$0.13B,-2.96%,$-0.00B,$0.04B,-7.23%,$11,$10,$1,$0,$2,$14,$-2,$0,$-2,$0,$-2,$-2,$-2,$-2,$-2,$2,2,$-1.07,$-1.19,$19,$1,$0,$116,$10,$0,$0,$0,$12,$128,$88,$0,$0,$0,$88,$0,$-15,$10,$40,$128,$-4,$2,$-1,$1,$-12,$0,$14,$-11,$-9,$-13,$0,$0,$0,$0,$9,$9,$0,$9,$-2,$-11,$-13,$1,$1,$0,$3,$-9,$-13,$1,$0
12,2015-03-31,3.86,$19.98,0.19,$37.74,0.1,$-16.27,0.0,$-1.01,0.0,$0.12B,$0.09B,1.32,$0.00B,$0.04B,0.0,$0.06B,$0.01B,9.38%,$0.06B,$-0.00B,-1.56%,$0.06B,$-0.00B,-1.56%,$0.06B,0,0.00%,$0.06B,$-0.00B,-1.56%,$0.06B,$-0.00B,-3.13%,$-0.00B,$0.04B,-4.85%,$-0.00B,$0.04B,-4.85%,$-0.00B,$0.13B,-1.42%,$-0.00B,$0.04B,-2.38%,$5,$5,$-0,$0,$3,$3,$2,$-0,$1,$0,$1,$1,$1,$2,$2,$2,2,$0.47,$0.47,$24,$2,$0,$120,$11,$0,$0,$0,$13,$133,$91,$0,$0,$0,$91,$0,$-13,$10,$42,$133,$-2,$2,$-3,$-2,$8,$-0,$-7,$-10,$-10,$-14,$0,$0,$0,$9,$0,$9,$0,$9,$-1,$-6,$-7,$1,$1,$0,$2,$-3,$-8,$0,$0
13,2014-12-31,4.33,$19.46,0.22,$40.00,0.11,$-0.65,0.0,$-4.87,0.0,$0.13B,$0.10B,1.28,$0.00B,$0.04B,0.0,$0.07B,$0.01B,9.09%,$0.07B,$-0.01B,-10.61%,$0.07B,$-0.01B,-10.61%,$0.07B,$-0.01B,-9.09%,$0.07B,$-0.01B,-9.09%,$0.07B,$-0.01B,-12.12%,$-0.01B,$0.04B,-19.63%,$-0.01B,$0.04B,-19.63%,$-0.01B,$0.14B,-5.60%,$-0.01B,$0.04B,-16.67%,$18,$16,$2,$0,$3,$21,$-3,$0,$-3,$0,$-3,$-3,$-3,$-3,$-3,$2,2,$-1.60,$-1.48,$17,$2,$0,$125,$11,$0,$0,$0,$13,$139,$98,$0,$0,$0,$98,$0,$-14,$10,$41,$139,$-3,$1,$1,$2,$-2,$-1,$-6,$-11,$-19,$-20,$-0,$0,$0,$12,$0,$12,$0,$12,$-1,$-8,$-9,$1,$1,$0,$2,$-5,$-12,$0,$0
14,2014-09-30,3.89,$22.25,0.17,$38.96,0.1,$15.78,0.25,$-7.22,0.0,$0.13B,$0.10B,1.3,$0.00B,$0.04B,0.01,$0.06B,$0.01B,10.00%,$0.06B,$-0.01B,-18.33%,$0.06B,$-0.01B,-18.33%,$0.06B,$-0.01B,-15.00%,$0.06B,$-0.01B,-15.00%,$0.06B,$-0.01B,-18.33%,$-0.01B,$0.04B,-26.19%,$-0.01B,$0.04B,-26.19%,$-0.01B,$0.14B,-7.57%,$-0.01B,$0.04B,-25.14%,$21,$19,$2,$1,$3,$22,$-0,$1,$0,$0,$0,$0,$0,$0,$-0,$2,2,$0.05,$0.05,$24,$2,$0,$126,$12,$0,$0,$0,$14,$140,$97,$1,$0,$1,$98,$0,$-11,$10,$42,$140,$0,$1,$-1,$-0,$-2,$-0,$-1,$-4,$-7,$-7,$-0,$0,$0,$4,$0,$4,$0,$4,$-0,$-14,$-14,$1,$1,$0,$4,$-9,$-12,$0,$0
15,2014-06-30,3.98,$27.17,0.15,$32.75,0.12,$17.94,0.22,$-11.19,0.0,$0.14B,$0.11B,1.23,$0.00B,$0.04B,0.03,$0.05B,$0.01B,10.20%,$0.05B,$-0.02B,-34.69%,$0.05B,$-0.02B,-34.69%,$0.05B,$-0.02B,-30.61%,$0.05B,$-0.02B,-30.61%,$0.05B,$-0.02B,-34.69%,$-0.02B,$0.04B,-38.42%,$-0.02B,$0.04B,-38.42%,$-0.02B,$0.15B,-11.33%,$-0.02B,$0.04B,-36.56%,$20,$18,$2,$1,$2,$20,$-0,$1,$1,$1,$-0,$-0,$-0,$1,$-0,$1,1,$-0.06,$-0.06,$44,$2,$0,$137,$13,$0,$0,$0,$16,$153,$111,$1,$0,$1,$112,$0,$-11,$10,$40,$153,$-17,$2,$11,$13,$5,$-0,$-1,$6,$11,$7,$-0,$0,$0,$-10,$0,$-10,$0,$-10,$-2,$23,$21,$0,$0,$0,$-7,$14,$11,$0,$0
16,2014-03-31,5.25,$27.22,0.19,$29.52,0.18,$2.18,2.41,$-15.09,0.0,$0.12B,$0.10B,1.26,$0.00B,$0.04B,0.04,$0.04B,$0.01B,13.64%,$0.04B,$-0.03B,-56.82%,$0.04B,$-0.03B,-56.82%,$0.04B,$-0.02B,-52.27%,$0.04B,$-0.02B,-52.27%,$0.04B,$-0.02B,-52.27%,$-0.02B,$0.04B,-47.42%,$-0.02B,$0.04B,-47.42%,$-0.02B,$0.14B,-15.51%,$-0.03B,$0.04B,-49.02%,$7,$7,$-0,$0,$3,$11,$-4,$0,$-4,$1,$-5,$-5,$-5,$-4,$-4,$1,1,$-3.39,$-3.39,$43,$1,$0,$121,$14,$0,$0,$0,$17,$139,$96,$2,$0,$2,$98,$0,$-11,$10,$40,$139,$-17,$1,$11,$12,$13,$-0,$-7,$12,$18,$13,$0,$0,$0,$-21,$0,$-21,$0,$-21,$-2,$16,$14,$0,$0,$0,$-4,$10,$2,$0,$0
17,2013-12-31,4.88,$30.85,0.16,$29.65,0.16,$-5.44,0.0,$-17.58,0.0,$0.13B,$0.10B,1.29,$0.00B,$0.05B,0.05,$0.04B,$0.01B,13.64%,$0.04B,$-0.03B,-68.18%,$0.04B,$-0.03B,-68.18%,$0.04B,$-0.03B,-61.36%,$0.04B,$-0.03B,-63.64%,$0.04B,$-0.03B,-61.36%,$-0.03B,$0.05B,-50.00%,$-0.03B,$0.05B,-50.00%,$-0.03B,$0.15B,-18.65%,$-0.03B,$0.05B,-52.63%,$12,$10,$2,$0,$3,$18,$-7,$1,$-6,$0,$-6,$-6,$-6,$-6,$-7,$1,1,$-3.83,$-3.83,$39,$1,$0,$130,$15,$0,$0,$0,$19,$149,$100,$2,$0,$2,$103,$0,$-6,$11,$46,$149,$-12,$1,$9,$10,$6,$0,$-4,$10,$11,$9,$0,$0,$0,$-20,$0,$-20,$0,$-19,$-1,$15,$14,$0,$0,$0,$-5,$8,$-2,$0,$0
18,2013-09-30,4.13,$34.50,0.12,$36.21,0.11,$-9.16,0.0,$-16.15,0.0,$0.14B,$0.11B,1.32,$0.00B,$0.05B,0.06,$0.05B,$0.01B,12.96%,$0.05B,$-0.03B,-50.00%,$0.05B,$-0.03B,-50.00%,$0.05B,$-0.02B,-44.44%,$0.05B,$-0.03B,-48.15%,$0.05B,$-0.03B,-46.30%,$-0.03B,$0.05B,-41.67%,$-0.03B,$0.05B,-41.67%,$-0.03B,$0.16B,-17.42%,$-0.03B,$0.05B,-43.20%,$10,$9,$1,$0,$3,$17,$-6,$1,$-6,$0,$-6,$-6,$-6,$-6,$-6,$1,1,$-3.92,$-3.92,$31,$1,$0,$138,$15,$0,$0,$2,$21,$159,$105,$3,$0,$3,$108,$0,$-0,$10,$51,$159,$-6,$0,$4,$5,$5,$0,$-3,$-4,$-2,$-3,$-0,$0,$0,$-6,$0,$-6,$0,$-6,$-1,$19,$18,$0,$0,$0,$-6,$12,$3,$0,$0
19,2013-06-30,3.88,$38.13,0.1,$50.10,0.08,$-7.99,0.0,$-15.83,0.0,$0.12B,$0.09B,1.44,$0.00B,$0.06B,0.06,$0.08B,$0.01B,17.33%,$0.08B,$-0.03B,-36.00%,$0.08B,$-0.03B,-36.00%,$0.08B,$-0.02B,-30.67%,$0.08B,$-0.03B,-33.33%,$0.08B,$-0.02B,-32.00%,$-0.02B,$0.06B,-36.64%,$-0.02B,$0.06B,-36.64%,$-0.02B,$0.15B,-16.55%,$-0.03B,$0.06B,-40.15%,$15,$12,$3,$1,$3,$23,$-8,$1,$-7,$-1,$-6,$-6,$-6,$-7,$-8,$1,1,$-3.99,$-3.99,$16,$1,$0,$123,$14,$0,$0,$4,$22,$146,$86,$4,$0,$4,$89,$0,$5,$10,$57,$146,$-24,$3,$25,$28,$5,$1,$-8,$-17,$-22,$-17,$0,$0,$0,$-5,$0,$-5,$0,$-5,$-1,$24,$23,$0,$0,$0,$0,$23,$2,$0,$0
20,2013-03-31,4.92,$41.58,0.12,$66.26,0.07,$-2.90,0.0,$-15.61,0.0,$0.10B,$0.06B,1.64,$0.00B,$0.06B,0.06,$0.10B,$0.02B,18.18%,$0.10B,$-0.03B,-30.30%,$0.10B,$-0.03B,-30.30%,$0.10B,$-0.03B,-26.26%,$0.10B,$-0.02B,-24.24%,$0.10B,$-0.02B,-24.24%,$-0.02B,$0.06B,-33.80%,$-0.02B,$0.06B,-33.80%,$-0.02B,$0.13B,-16.05%,$-0.03B,$0.07B,-41.67%,$7,$7,$0,$0,$4,$16,$-9,$0,$-9,$0,$-9,$-9,$-9,$-8,$-9,$1,1,$-5.91,$-5.91,$7,$1,$0,$97,$16,$0,$0,$6,$28,$125,$59,$4,$0,$4,$63,$0,$11,$9,$62,$125,$-18,$3,$19,$22,$-1,$1,$-3,$2,$-2,$2,$0,$0,$0,$0,$0,$0,$0,$0,$-0,$-4,$-4,$0,$0,$0,$2,$-2,$-0,$0,$0
21,2012-12-31,5.88,$47.23,0.12,$74.13,0.08,$-10.70,0.0,$-12.60,0.0,$0.11B,$0.07B,1.44,$0.00B,$0.07B,0.0,$0.11B,$0.02B,18.02%,$0.11B,$-0.03B,-23.42%,$0.11B,$-0.03B,-23.42%,$0.11B,$-0.02B,-19.82%,$0.11B,$-0.02B,-18.02%,$0.11B,$-0.02B,-17.12%,$-0.02B,$0.07B,-24.76%,$-0.02B,$0.07B,-24.76%,$-0.02B,$0.14B,-11.91%,$-0.03B,$0.07B,-33.88%,$22,$18,$3,$0,$2,$26,$-4,$0,$-4,$-0,$-4,$-4,$-4,$-3,$-4,$1,1,$-2.36,$-2.36,$12,$1,$0,$107,$18,$0,$0,$14,$38,$144,$74,$0,$0,$0,$74,$0,$20,$9,$70,$144,$-9,$2,$14,$16,$-12,$1,$6,$2,$-3,$4,$0,$0,$0,$0,$0,$0,$0,$0,$0,$-1,$-1,$0,$0,$0,$1,$0,$4,$0,$0
22,2012-09-30,5.04,$0.00,0.0,$88.26,0.06,$-15.46,0.0,$-10.20,0.0,$0.14B,$0.09B,1.53,$0.00B,$0.07B,0.0,$0.13B,$0.03B,18.94%,$0.13B,$-0.02B,-17.42%,$0.13B,$-0.02B,-17.42%,$0.13B,$-0.02B,-14.39%,$0.13B,$-0.02B,-11.36%,$0.13B,$-0.02B,-11.36%,$-0.02B,$0.07B,-18.46%,$-0.02B,$0.07B,-18.46%,$-0.02B,$0.17B,-9.10%,$-0.02B,$0.07B,-28.31%,$31,$23,$7,$0,$3,$37,$-6,$1,$-5,$1,$-5,$-5,$-5,$-5,$-6,$1,1,$-3.62,$-3.62,$12,$1,$16,$141,$0,$0,$0,$5,$6,$165,$92,$0,$0,$0,$92,$0,$30,$0,$73,$165,$-5,$1,$10,$10,$-9,$1,$4,$-2,$-6,$-1,$-0,$0,$0,$0,$0,$0,$0,$-0,$0,$5,$5,$0,$0,$0,$-2,$3,$2,$0,$0
23,2012-06-30,19.68,$53.16,0.37,$97.56,0.2,$-10.76,0.0,$-4.56,0.0,$0.14B,$0.09B,1.61,$0.00B,$0.08B,0.0,$0.15B,$0.03B,19.86%,$0.15B,$-0.02B,-10.96%,$0.15B,$-0.02B,-10.96%,$0.15B,$-0.01B,-8.22%,$0.15B,$-0.01B,-4.11%,$0.15B,$-0.01B,-4.79%,$-0.01B,$0.08B,-8.26%,$-0.01B,$0.08B,-8.26%,$-0.01B,$0.16B,-4.32%,$-0.02B,$0.08B,-18.88%,$39,$31,$8,$3,$17,$50,$-11,$3,$-6,$-1,$-6,$-6,$-6,$-10,$-11,$1,1,$-3.72,$-3.72,$9,$2,$0,$137,$21,$0,$0,$1,$27,$164,$85,$0,$0,$0,$85,$0,$29,$9,$79,$164,$-6,$4,$23,$4,$-46,$-1,$15,$1,$-31,$-10,$1,$0,$0,$12,$0,$12,$0,$13,$0,$3,$0,$0,$0,$0,$-6,$-2,$1,$0,$0
24,2012-03-31,28.92,$0.00,0.0,$104.58,0.28,$-7.30,0.0,$3.84,7.53,$0.13B,$0.08B,1.66,$0.00B,$0.09B,0.0,$0.16B,$0.03B,20.51%,$0.16B,$-0.00B,-1.92%,$0.16B,$-0.00B,-1.92%,$0.16B,$0.00B,0.64%,$0.16B,$0.01B,3.85%,$0.16B,$0.01B,3.85%,$0.01B,$0.09B,7.00%,$0.01B,$0.09B,7.00%,$0.01B,$0.17B,3.82%,$-0.00B,$0.09B,-3.50%,$19,$17,$2,$1,$3,$24,$-5,$1,$-5,$-0,$-4,$-4,$-4,$-4,$-5,$1,1,$-2.88,$-2.88,$13,$2,$14,$132,$0,$0,$0,$6,$6,$165,$79,$0,$1,$1,$80,$0,$41,$0,$85,$165,$-1,$3,$12,$15,$-27,$-0,$8,$-5,$-24,$-9,$-0,$0,$0,$0,$12,$12,$0,$12,$0,$7,$7,$0,$0,$0,$-8,$-1,$2,$0,$0
25,2011-12-31,28.56,$0.00,0.0,$106.96,0.27,$-2.52,0.0,$9.00,3.17,$0.13B,$0.08B,1.72,$0.00B,$0.09B,0.0,$0.16B,$0.03B,21.25%,$0.16B,$0.00B,1.88%,$0.16B,$0.00B,1.88%,$0.16B,$0.01B,4.38%,$0.16B,$0.02B,9.38%,$0.16B,$0.01B,8.75%,$0.01B,$0.09B,16.82%,$0.01B,$0.09B,16.82%,$0.01B,$0.17B,9.38%,$0.00B,$0.09B,3.60%,$43,$35,$8,$2,$4,$44,$-1,$2,$1,$0,$0,$0,$0,$0,$-1,$1,1,$0.24,$0.24,$18,$2,$8,$131,$0,$0,$0,$7,$7,$165,$76,$0,$1,$1,$77,$0,$45,$0,$88,$165,$4,$2,$9,$11,$-25,$-1,$6,$0,$-17,$-3,$-0,$0,$0,$0,$6,$6,$0,$6,$0,$6,$6,$0,$0,$0,$-7,$-1,$2,$0,$0
26,2011-09-30,18.6,$0.00,0.0,$101.09,0.18,$-2.16,0.0,$11.16,1.67,$0.12B,$0.07B,1.79,$0.00B,$0.09B,0.0,$0.15B,$0.03B,21.71%,$0.15B,$0.01B,5.26%,$0.15B,$0.01B,5.26%,$0.15B,$0.01B,7.89%,$0.15B,$0.02B,11.84%,$0.15B,$0.02B,11.18%,$0.02B,$0.09B,21.59%,$0.02B,$0.09B,21.59%,$0.02B,$0.15B,12.19%,$0.01B,$0.09B,10.16%,$45,$34,$11,$0,$10,$44,$1,$3,$4,$1,$3,$3,$3,$2,$1,$1,1,$2.04,$2.04,$9,$2,$4,$119,$0,$0,$0,$2,$2,$154,$66,$0,$0,$0,$67,$0,$45,$0,$87,$154,$3,$1,$0,$1,$0,$0,$0,$0,$-5,$6,$-0,$0,$0,$0,$0,$7,$0,$7,$0,$-11,$0,$0,$0,$0,$-0,$-11,$2,$0,$0
27,2011-06-30,20.16,$0.00,0.0,$91.69,0.22,$-6.84,0.0,$11.28,1.79,$0.11B,$0.06B,1.77,$0.00B,$0.08B,0.0,$0.14B,$0.03B,18.84%,$0.14B,$0.01B,6.52%,$0.14B,$0.01B,6.52%,$0.14B,$0.01B,9.42%,$0.14B,$0.02B,13.04%,$0.14B,$0.02B,12.32%,$0.02B,$0.08B,23.13%,$0.02B,$0.08B,23.13%,$0.02B,$0.15B,13.20%,$0.01B,$0.08B,12.24%,$49,$39,$11,$0,$9,$48,$2,$5,$6,$-1,$7,$7,$7,$3,$2,$1,1,$4.68,$4.68,$15,$1,$5,$108,$0,$0,$0,$7,$7,$145,$61,$0,$1,$1,$62,$0,$41,$0,$83,$145,$17,$4,$0,$4,$0,$0,$0,$0,$-30,$-3,$-1,$0,$0,$0,$0,$-12,$0,$-13,$0,$15,$0,$0,$0,$0,$-1,$14,$-2,$0,$0
28,2011-03-31,41.76,$0.00,0.0,$79.15,0.53,$-9.00,0.0,$11.40,3.66,$0.10B,$0.06B,1.72,$0.00B,$0.08B,0.0,$0.12B,$0.02B,18.33%,$0.12B,$0.01B,10.00%,$0.12B,$0.01B,10.00%,$0.12B,$0.02B,13.33%,$0.12B,$0.02B,16.67%,$0.12B,$0.02B,14.17%,$0.02B,$0.08B,25.00%,$0.02B,$0.08B,25.00%,$0.02B,$0.13B,14.91%,$0.01B,$0.08B,17.65%,$23,$19,$4,$0,$3,$22,$1,$3,$4,$1,$4,$4,$4,$2,$1,$1,2,$2.40,$2.28,$15,$2,$4,$96,$0,$0,$0,$8,$8,$133,$56,$0,$2,$2,$59,$0,$35,$0,$75,$133,$10,$3,$0,$3,$0,$0,$0,$0,$-17,$-2,$-0,$0,$0,$0,$0,$-12,$0,$-12,$0,$12,$0,$0,$0,$0,$0,$12,$0,$0,$0
29,2010-12-31,56.16,$0.00,0.0,$76.06,0.74,$-7.58,0.0,$10.92,5.14,$0.09B,$0.05B,1.7,$0.00B,$0.07B,0.0,$0.11B,$0.02B,19.47%,$0.11B,$0.01B,12.39%,$0.11B,$0.01B,12.39%,$0.11B,$0.02B,15.04%,$0.11B,$0.02B,16.81%,$0.11B,$0.02B,13.27%,$0.02B,$0.07B,24.00%,$0.02B,$0.07B,24.00%,$0.02B,$0.13B,14.63%,$0.01B,$0.07B,22.40%,$35,$28,$7,$0,$3,$30,$4,$0,$4,$1,$3,$3,$3,$5,$4,$1,2,$2.16,$2.16,$15,$2,$4,$87,$0,$0,$0,$9,$9,$126,$51,$0,$4,$4,$55,$0,$31,$0,$70,$126,$7,$2,$0,$2,$0,$0,$0,$0,$-14,$-2,$-0,$0,$0,$0,$0,$-12,$0,$-12,$0,$12,$0,$0,$0,$0,$0,$12,$-0,$0,$0
30,2010-09-30,41.76,$0.00,0.0,$72.97,0.57,$-5.34,0.0,$14.77,2.83,$0.07B,$0.04B,1.68,$0.00B,$0.07B,0.0,$0.10B,$0.02B,19.23%,$0.10B,$0.01B,13.46%,$0.10B,$0.01B,13.46%,$0.10B,$0.02B,16.35%,$0.10B,$0.02B,23.08%,$0.10B,$0.02B,19.23%,$0.02B,$0.07B,36.36%,$0.02B,$0.07B,36.36%,$0.02B,$0.11B,22.41%,$0.01B,$0.07B,25.45%,$31,$27,$4,$0,$2,$29,$2,$2,$4,$1,$3,$3,$3,$3,$2,$1,2,$2.28,$2.16,$13,$2,$4,$71,$0,$0,$0,$6,$6,$111,$42,$0,$3,$3,$45,$0,$28,$0,$66,$111,$3,$1,$0,$1,$0,$0,$0,$0,$-6,$-2,$1,$0,$0,$0,$0,$0,$0,$1,$0,$10,$0,$0,$0,$0,$0,$11,$9,$0,$0
31,2010-06-30,42.48,$0.00,0.0,$73.64,0.58,$-2.99,0.0,$7.32,5.8,$0.05B,$0.02B,2.13,$0.00B,$0.06B,0.0,$0.09B,$0.02B,20.65%,$0.09B,$0.01B,15.22%,$0.09B,$0.01B,15.22%,$0.09B,$0.02B,18.48%,$0.09B,$0.02B,17.39%,$0.09B,$0.01B,13.04%,$0.01B,$0.06B,26.09%,$0.01B,$0.06B,26.09%,$0.01B,$0.09B,15.69%,$0.01B,$0.06B,30.43%,$31,$24,$7,$0,$2,$26,$5,$4,$8,$1,$7,$7,$7,$6,$5,$1,1,$4.80,$4.80,$3,$2,$3,$46,$0,$0,$0,$5,$5,$86,$22,$0,$3,$3,$24,$0,$24,$0,$61,$86,$13,$3,$0,$3,$0,$0,$0,$0,$-19,$-0,$-7,$0,$0,$0,$0,$0,$0,$-7,$0,$-5,$0,$0,$12,$-1,$0,$7,$-0,$0,$0
32,2010-03-31,61.8,$0.00,0.0,$65.96,0.94,$3.34,18.5,$7.32,8.44,$0.04B,$0.03B,1.49,$0.00B,$0.05B,0.0,$0.08B,$0.02B,22.67%,$0.08B,$0.01B,18.67%,$0.08B,$0.01B,18.67%,$0.08B,$0.02B,22.67%,$0.08B,$0.01B,18.67%,$0.08B,$0.01B,14.67%,$0.01B,$0.05B,27.67%,$0.01B,$0.05B,27.67%,$0.01B,$0.09B,15.94%,$0.01B,$0.05B,35.22%,$16,$12,$4,$0,$2,$14,$3,$0,$3,$1,$2,$2,$2,$3,$3,$1,1,$1.92,$1.80,$6,$2,$5,$43,$0,$0,$0,$20,$20,$87,$29,$0,$5,$5,$34,$0,$17,$0,$53,$87,$6,$2,$0,$2,$0,$0,$0,$0,$-4,$4,$-5,$0,$0,$0,$0,$0,$-5,$-9,$0,$-4,$0,$0,$11,$-0,$0,$7,$2,$0,$0
33,2009-12-31,59.76,$0.00,0.0,$61.87,0.97,$3.66,16.32,$7.20,8.3,$0.03B,$0.03B,1.23,$0.00B,$0.04B,0.0,$0.07B,$0.02B,25.00%,$0.07B,$0.01B,20.59%,$0.07B,$0.01B,20.59%,$0.07B,$0.02B,26.47%,$0.07B,$0.01B,20.59%,$0.07B,$0.01B,16.18%,$0.01B,$0.04B,32.12%,$0.01B,$0.04B,32.12%,$0.01B,$0.07B,18.72%,$0.01B,$0.04B,40.88%,$26,$21,$5,$0,$1,$22,$4,$5,$9,$1,$8,$8,$8,$5,$4,$1,1,$7.44,$6.00,$2,$2,$6,$34,$0,$0,$0,$18,$18,$73,$28,$0,$6,$6,$33,$0,$15,$0,$40,$73,$3,$2,$0,$2,$0,$0,$0,$0,$-4,$1,$-0,$0,$0,$0,$0,$0,$0,$-0,$0,$-4,$0,$0,$1,$-0,$0,$-3,$-2,$0,$0
34,2009-09-30,84.6,$0.00,0.0,$42.19,2.01,$3.12,27.11,$1.20,70.47,$0.03B,$0.02B,1.43,$0.00B,$0.02B,0.0,$0.05B,$0.02B,30.19%,$0.05B,$0.01B,24.53%,$0.05B,$0.01B,24.53%,$0.05B,$0.02B,32.08%,$0.05B,$0.01B,16.98%,$0.05B,$0.01B,11.32%,$0.01B,$0.03B,19.05%,$0.01B,$0.03B,19.05%,$0.01B,$0.06B,11.71%,$0.01B,$0.03B,41.27%,$19,$16,$3,$0,$1,$17,$2,$-6,$-4,$1,$-5,$-5,$-5,$3,$2,$1,1,$-5.28,$-5.28,$2,$2,$5,$28,$0,$0,$0,$11,$11,$60,$19,$0,$10,$10,$30,$0,$9,$0,$30,$60,$-5,$1,$0,$1,$0,$0,$0,$0,$-2,$2,$-0,$0,$0,$0,$0,$0,$0,$-0,$0,$-4,$0,$0,$1,$-0,$0,$-3,$-1,$0,$0
