,Date,Stock Price,Book Value per Share,Price to Book Ratio,TTM Sales per Share,Price to Sales Ratio,TTM FCF per Share,Price to FCF Ratio,TTM Net EPS,PE Ratio,Current Assets,Current Liabilities,Current Ratio,Long Term Debt,Shareholder's Equity_x,Debt to Equity Ratio,TTM Revenue_x,TTM Gross Profit,Gross Margin,TTM Revenue_y,TTM Operating Income,Operating Margin,TTM Revenue_x,TTM EBIT,EBIT Margin,TTM Revenue_y,TTM EBITDA,EBITDA Margin,TTM Revenue_x,TTM Pre-Tax Income,Pre-Tax Margin,TTM Revenue_y,TTM Net Income_x,Net Margin,TTM Net Income_y,Shareholder's Equity_y,Return on Equity,TTM Net Income_x,Tangible Equity,Return on Tangible Equity,TTM Net Income_y,Total Assets,Return on Assets,TTM Net Income,LT Investments & Debt,Return on Investment,revenue,cost-goods-sold,gross-profit,research-development-expenses,selling-general-administrative-expenses,operating-expenses,operating-income,total-non-operating-income-expense,pre-tax-income,total-provision-income-taxes,income-after-taxes,income-from-continuous-operations,net-income,ebitda,ebit,basic-shares-outstanding,shares-outstanding,eps-basic-net-earnings-per-share,eps-earnings-per-share-diluted,cash-on-hand,inventory,other-current-assets,total-current-assets,net-property-plant-equipment,long-term-investments,goodwill-intangible-assets-total,other-long-term-assets,total-long-term-assets,total-assets,total-current-liabilities,long-term-debt,other-non-current-liabilities,total-long-term-liabilities,total-liabilities,common-stock-net,retained-earnings-accumulated-deficit,comprehensive-income,total-share-holder-equity,total-liabilities-share-holders-equity,net-income-loss,total-depreciation-amortization-cash-flow,other-non-cash-items,total-non-cash-items,change-in-accounts-receivable,change-in-inventories,change-in-accounts-payable,change-in-assets-liabilities,total-change-in-assets-liabilities,cash-flow-from-operating-activities,net-change-in-property-plant-equipment,net-change-in-intangible-assets,net-acquisitions-divestitures,net-change-in-short-term-investments,net-change-in-long-term-investments,net-change-in-investments-total,investing-activities-other,cash-flow-from-investing-activities,net-long-term-debt,net-current-debt,debt-issuance-retirement-net-total,net-common-equity-issued-repurchased,net-total-equity-issued-repurchased,total-common-preferred-stock-dividends-paid,financial-activities-other,cash-flow-from-financial-activities,net-cash-flow,stock-based-compensation,common-stock-dividends-paid
0,2018-09-30,20.32,$6.55,3.1,$8.57,2.37,$1.00,20.37,$0.84,24.19,$1.65B,$1.22B,1.35,$0.90B,$1.75B,0.51,$2.30B,$0.70B,30.38%,$2.30B,$0.35B,15.30%,$2.30B,$0.35B,15.30%,$2.30B,$0.48B,20.99%,$2.30B,$0.29B,12.65%,$2.30B,$0.27B,11.78%,$0.27B,$1.75B,15.25%,$0.27B,$0.90B,28.44%,$0.27B,$4.46B,6.12%,$0.35B,$2.64B,13.02%,$569,$415,$154,$22,$67,$494,$76,$-15,$60,$12,$49,$49,$46,$111,$76,$267,269,$0.18,$0.18,$396,$440,$357,$1645,$1365,$202,$845,$364,$2817,$4462,$1219,$897,$133,$1496,$2715,$489,$1055,$126,$1747,$4462,$103,$68,$14,$82,$-1,$-41,$0,$-45,$-73,$112,$-70,$-29,$-26,$0,$-7,$-7,$8,$-124,$6,$0,$6,$-28,$-28,$-37,$-0,$-59,$-82,$2,$-37
1,2018-06-30,20.77,$6.70,3.1,$8.36,2.49,$0.87,23.98,$1.03,20.17,$1.63B,$1.15B,1.42,$0.93B,$1.80B,0.52,$2.25B,$0.70B,30.93%,$2.25B,$0.36B,16.15%,$2.25B,$0.36B,16.15%,$2.25B,$0.49B,21.98%,$2.25B,$0.30B,13.53%,$2.25B,$0.28B,12.33%,$0.28B,$1.80B,15.73%,$0.28B,$0.98B,28.67%,$0.28B,$4.49B,6.37%,$0.36B,$2.72B,13.46%,$560,$390,$169,$24,$80,$483,$76,$-12,$64,$8,$55,$55,$54,$108,$76,$267,267,$0.20,$0.20,$401,$423,$362,$1634,$1410,$203,$814,$382,$2854,$4488,$1154,$928,$142,$1540,$2693,$495,$1052,$172,$1795,$4488,$55,$32,$-0,$32,$-13,$-23,$0,$-55,$-111,$-24,$-39,$-14,$0,$0,$-5,$-5,$0,$-58,$20,$0,$20,$-1,$-1,$-18,$-0,$0,$-86,$-4,$-18
2,2018-03-31,18.51,$6.90,2.68,$8.19,2.26,$0.91,20.31,$1.01,18.33,$1.61B,$1.03B,1.56,$0.95B,$1.85B,0.51,$2.21B,$0.68B,30.99%,$2.21B,$0.36B,16.31%,$2.21B,$0.36B,16.31%,$2.21B,$0.49B,22.16%,$2.21B,$0.30B,13.55%,$2.21B,$0.27B,12.23%,$0.27B,$1.85B,15.81%,$0.27B,$1.02B,28.68%,$0.27B,$4.46B,6.41%,$0.36B,$2.79B,13.68%,$618,$412,$206,$18,$89,$507,$111,$-19,$92,$11,$81,$81,$78,$140,$111,$268,269,$0.29,$0.29,$487,$293,$313,$1608,$1407,$200,$824,$376,$2854,$4462,$1030,$946,$141,$1585,$2616,$494,$1078,$205,$1846,$4462,$278,$130,$-54,$76,$0,$2,$0,$6,$-39,$315,$-140,$-12,$-97,$0,$-9,$-9,$126,$-132,$-16,$0,$-16,$-23,$-23,$-70,$-2,$-111,$83,$18,$-70
3,2017-12-31,18.41,$6.43,2.86,$7.95,2.31,$0.86,21.48,$0.91,20.23,$1.53B,$1.01B,1.52,$0.94B,$1.72B,0.54,$2.15B,$0.66B,30.58%,$2.15B,$0.33B,15.15%,$2.15B,$0.33B,15.15%,$2.15B,$0.46B,21.31%,$2.15B,$0.27B,12.63%,$2.15B,$0.24B,11.28%,$0.24B,$1.72B,14.73%,$0.24B,$0.91B,26.82%,$0.24B,$4.31B,5.88%,$0.33B,$2.66B,12.69%,$554,$385,$170,$23,$78,$466,$89,$-13,$75,$-19,$94,$94,$93,$124,$89,$268,268,$0.35,$0.35,$438,$291,$291,$1531,$1359,$197,$813,$374,$2779,$4310,$1006,$936,$146,$1585,$2590,$494,$1021,$137,$1720,$4310,$199,$101,$-40,$61,$2,$-3,$0,$45,$-51,$209,$-94,$-10,$-98,$0,$-9,$-9,$112,$-99,$-10,$0,$-10,$-25,$-25,$-53,$-1,$-89,$21,$6,$-53
4,2017-09-30,17.32,$6.28,2.76,$7.78,2.23,$0.69,24.94,$0.75,23.09,$1.52B,$0.90B,1.69,$0.93B,$1.69B,0.55,$2.10B,$0.64B,30.21%,$2.10B,$0.31B,14.75%,$2.10B,$0.31B,14.75%,$2.10B,$0.43B,20.55%,$2.10B,$0.26B,12.18%,$2.10B,$0.20B,9.51%,$0.20B,$1.69B,12.56%,$0.20B,$0.95B,22.75%,$0.20B,$4.14B,4.99%,$0.31B,$2.62B,12.37%,$515,$365,$150,$24,$60,$428,$87,$-14,$73,$20,$53,$53,$52,$122,$87,$272,272,$0.19,$0.19,$456,$309,$272,$1524,$1262,$223,$731,$371,$2619,$4143,$904,$931,$137,$1554,$2458,$501,$1002,$116,$1685,$4143,$106,$66,$-20,$46,$26,$-1,$0,$-13,$-89,$62,$-56,$-7,$-20,$0,$-3,$-3,$105,$19,$-3,$0,$-3,$-9,$-9,$-35,$-2,$-49,$29,$2,$-35
5,2017-06-30,16.96,$5.87,2.89,$7.69,2.2,$0.63,27.06,$0.70,24.22,$1.39B,$0.88B,1.58,$0.89B,$1.58B,0.56,$2.07B,$0.63B,30.28%,$2.07B,$0.28B,13.55%,$2.07B,$0.28B,13.55%,$2.07B,$0.39B,19.00%,$2.07B,$0.23B,10.99%,$2.07B,$0.19B,8.92%,$0.19B,$1.58B,11.98%,$0.19B,$0.88B,22.17%,$0.19B,$3.94B,4.68%,$0.28B,$2.47B,11.42%,$520,$362,$158,$24,$71,$447,$73,$-13,$59,$11,$49,$49,$47,$103,$73,$269,270,$0.18,$0.18,$346,$299,$285,$1389,$1190,$289,$698,$346,$2555,$3944,$882,$885,$133,$1482,$2363,$466,$902,$152,$1581,$3944,$49,$31,$-16,$15,$20,$-2,$0,$-37,$-78,$-14,$-37,$-4,$0,$0,$0,$0,$13,$-28,$-2,$0,$-2,$5,$5,$-16,$-0,$-13,$-54,$-1,$-16
6,2017-03-31,14.98,$5.91,2.54,$7.64,1.96,$0.80,18.85,$0.71,21.1,$1.46B,$0.97B,1.51,$0.92B,$1.59B,0.58,$2.06B,$0.62B,29.95%,$2.06B,$0.28B,13.45%,$2.06B,$0.28B,13.45%,$2.06B,$0.39B,18.79%,$2.06B,$0.22B,10.83%,$2.06B,$0.19B,9.27%,$0.19B,$1.59B,12.57%,$0.19B,$0.87B,23.83%,$0.19B,$4.08B,4.85%,$0.28B,$2.51B,11.34%,$556,$378,$178,$24,$83,$480,$76,$-12,$64,$11,$53,$53,$50,$108,$76,$269,270,$0.20,$0.19,$402,$317,$257,$1462,$1206,$300,$719,$359,$2617,$4079,$970,$920,$135,$1524,$2494,$469,$908,$148,$1585,$4079,$196,$110,$38,$148,$-27,$-42,$0,$78,$10,$354,$-194,$-10,$-4,$0,$-8,$-8,$18,$-197,$-55,$0,$-55,$-22,$-22,$-61,$1,$-138,$15,$22,$-61
7,2016-12-31,13.64,$5.65,2.41,$7.55,1.81,$0.75,18.18,$0.68,20.05,$1.33B,$0.86B,1.56,$0.92B,$1.52B,0.6,$2.04B,$0.60B,29.21%,$2.04B,$0.29B,14.14%,$2.04B,$0.29B,14.14%,$2.04B,$0.40B,19.83%,$2.04B,$0.22B,10.75%,$2.04B,$0.18B,9.03%,$0.18B,$1.52B,12.32%,$0.18B,$0.82B,23.65%,$0.18B,$3.87B,4.76%,$0.29B,$2.43B,11.95%,$511,$362,$149,$22,$67,$438,$74,$-14,$60,$8,$52,$52,$51,$99,$74,$269,270,$0.19,$0.19,$330,$315,$234,$1332,$1165,$292,$702,$349,$2542,$3873,$855,$917,$123,$1501,$2356,$459,$856,$145,$1517,$3873,$140,$78,$16,$94,$-1,$-37,$0,$66,$-35,$200,$-128,$-7,$-4,$0,$-7,$-7,$11,$-134,$-48,$0,$-48,$-21,$-21,$-45,$-0,$-113,$-52,$10,$-45
8,2016-09-30,13.84,$5.57,2.48,$7.37,1.88,$1.02,13.51,$0.65,21.29,$1.32B,$0.84B,1.57,$0.94B,$1.50B,0.63,$1.99B,$0.57B,28.77%,$1.99B,$0.28B,13.93%,$1.99B,$0.28B,13.93%,$1.99B,$0.39B,19.37%,$1.99B,$0.21B,10.46%,$1.99B,$0.18B,8.85%,$0.18B,$1.50B,11.90%,$0.18B,$0.78B,22.98%,$0.18B,$3.92B,4.55%,$0.28B,$2.44B,11.56%,$487,$344,$143,$20,$65,$429,$58,$-14,$45,$7,$37,$37,$37,$84,$58,$269,270,$0.14,$0.14,$279,$307,$233,$1319,$1189,$298,$721,$352,$2600,$3920,$841,$939,$123,$1582,$2423,$469,$805,$165,$1496,$3920,$91,$53,$13,$65,$0,$0,$0,$-64,$-71,$85,$-97,$-4,$-8,$0,$-7,$-7,$6,$-110,$-62,$27,$-36,$-17,$-17,$-30,$0,$-83,$-109,$3,$-30
9,2016-06-30,11.7,$5.49,2.13,$7.34,1.59,$1.16,10.06,$0.71,16.48,$1.30B,$0.83B,1.57,$0.92B,$1.48B,0.62,$1.97B,$0.55B,27.93%,$1.97B,$0.27B,13.79%,$1.97B,$0.27B,13.79%,$1.97B,$0.39B,19.92%,$1.97B,$0.21B,10.54%,$1.97B,$0.19B,9.73%,$0.19B,$1.48B,13.14%,$0.19B,$0.75B,25.49%,$0.19B,$3.87B,5.01%,$0.27B,$2.40B,11.47%,$506,$358,$147,$19,$63,$437,$69,$-15,$54,$-0,$54,$54,$53,$96,$69,$269,270,$0.19,$0.19,$288,$266,$256,$1301,$1173,$292,$728,$334,$2567,$3868,$831,$918,$148,$1558,$2389,$472,$804,$147,$1479,$3868,$54,$27,$3,$30,$-10,$-3,$0,$29,$-42,$42,$-48,$-2,$-8,$0,$-5,$-5,$2,$-61,$-61,$0,$-61,$-9,$-9,$-15,$0,$-85,$-109,$-1,$-15
10,2016-03-31,11.16,$5.50,2.03,$7.20,1.55,$0.97,11.53,$0.66,16.9,$1.34B,$0.91B,1.47,$0.89B,$1.48B,0.6,$1.92B,$0.53B,27.71%,$1.92B,$0.26B,13.33%,$1.92B,$0.26B,13.33%,$1.92B,$0.39B,20.36%,$1.92B,$0.20B,10.36%,$1.92B,$0.18B,9.11%,$0.18B,$1.48B,12.11%,$0.18B,$0.77B,23.37%,$0.18B,$3.82B,4.59%,$0.26B,$2.37B,10.82%,$533,$377,$156,$19,$65,$446,$87,$-26,$60,$14,$46,$46,$43,$125,$87,$270,270,$0.15,$0.15,$389,$213,$260,$1337,$1125,$279,$710,$331,$2481,$3817,$911,$889,$111,$1424,$2335,$460,$801,$169,$1482,$3817,$183,$134,$-5,$128,$-15,$-5,$0,$-5,$-47,$264,$-116,$-12,$34,$0,$3,$3,$11,$-80,$-15,$-18,$-32,$6,$6,$-43,$0,$-70,$119,$6,$-43
11,2015-12-31,10.63,$5.40,1.97,$7.14,1.49,$0.72,14.82,$0.69,15.41,$1.36B,$0.95B,1.43,$0.92B,$1.46B,0.63,$1.90B,$0.53B,27.89%,$1.90B,$0.30B,15.97%,$1.90B,$0.30B,15.97%,$1.90B,$0.41B,21.56%,$1.90B,$0.21B,11.07%,$1.90B,$0.18B,9.70%,$0.18B,$1.46B,12.77%,$0.18B,$0.77B,24.99%,$0.18B,$3.87B,4.74%,$0.30B,$2.38B,12.56%,$462,$336,$126,$15,$61,$398,$63,$-14,$49,$6,$43,$43,$43,$80,$63,$269,270,$0.16,$0.16,$423,$201,$259,$1357,$1168,$282,$692,$343,$2511,$3868,$951,$921,$119,$1459,$2410,$449,$737,$217,$1458,$3868,$133,$96,$-11,$85,$27,$-7,$0,$6,$3,$221,$-75,$-7,$32,$0,$4,$4,$10,$-36,$-8,$-17,$-25,$11,$11,$-28,$0,$-43,$158,$4,$-28
12,2015-09-30,10.13,$0.00,0.0,$7.12,1.42,$0.19,53.15,$0.69,14.68,$1.26B,$0.90B,1.4,$0.91B,$1.43B,0.64,$1.88B,$0.48B,25.40%,$1.88B,$0.24B,12.70%,$1.88B,$0.24B,12.70%,$1.88B,$0.37B,19.66%,$1.88B,$0.22B,11.69%,$1.88B,$0.18B,9.72%,$0.18B,$1.43B,12.78%,$0.18B,$0.73B,25.66%,$0.18B,$3.79B,4.68%,$0.24B,$2.34B,9.79%,$472,$350,$122,$16,$53,$419,$53,$-9,$45,$-13,$58,$58,$53,$92,$53,$265,265,$0.20,$0.20,$307,$476,$99,$1260,$0,$274,$700,$355,$1355,$3790,$898,$913,$271,$1467,$2365,$451,$727,$0,$1425,$3790,$92,$79,$0,$79,$0,$0,$0,$0,$-46,$61,$-36,$0,$33,$0,$0,$0,$-8,$-11,$0,$0,$-10,$0,$9,$-19,$-5,$-25,$36,$0,$0
13,2015-06-30,11.32,$0.00,0.0,$7.07,1.6,$-0.10,0.0,$0.63,17.97,$1.27B,$0.83B,1.53,$0.96B,$1.42B,0.68,$1.88B,$0.46B,24.52%,$1.88B,$0.22B,11.67%,$1.88B,$0.22B,11.67%,$1.88B,$0.35B,18.87%,$1.88B,$0.23B,11.99%,$1.88B,$0.17B,8.96%,$0.17B,$1.42B,11.82%,$0.17B,$0.73B,24.39%,$0.17B,$3.77B,4.25%,$0.22B,$2.37B,8.82%,$453,$325,$128,$17,$58,$400,$53,$-8,$45,$8,$37,$37,$36,$94,$53,$261,261,$0.14,$0.14,$251,$482,$119,$1273,$0,$267,$684,$334,$1311,$3767,$831,$959,$270,$1520,$2352,$472,$741,$0,$1416,$3767,$37,$41,$0,$41,$0,$0,$0,$0,$-92,$-38,$-19,$0,$-1,$0,$0,$0,$2,$-17,$0,$21,$1,$0,$9,$-10,$-3,$18,$-37,$0,$0
14,2015-03-31,11.01,$0.00,0.0,$7.18,1.53,$-0.01,0.0,$0.64,17.21,$1.38B,$0.92B,1.5,$1.09B,$1.47B,0.75,$1.90B,$0.46B,23.95%,$1.90B,$0.22B,11.45%,$1.90B,$0.22B,11.45%,$1.90B,$0.35B,18.54%,$1.90B,$0.23B,12.13%,$1.90B,$0.17B,8.93%,$0.17B,$1.47B,12.10%,$0.17B,$0.72B,25.86%,$0.17B,$4.10B,4.28%,$0.22B,$2.56B,8.76%,$510,$357,$153,$16,$4,$377,$134,$-56,$71,$17,$55,$51,$52,$143,$134,$267,267,$0.19,$0.19,$318,$209,$399,$1377,$1979,$299,$744,$367,$3418,$4104,$916,$1094,$307,$1722,$2638,$493,$755,$0,$1466,$4104,$180,$136,$0,$136,$0,$0,$0,$0,$-69,$237,$-157,$0,$-2,$0,$0,$-0,$1,$-158,$0,$-26,$-9,$0,$11,$-41,$0,$-64,$16,$0,$0
15,2014-12-31,12.23,$0.00,0.0,$7.32,1.67,$0.17,69.91,$0.66,18.53,$1.33B,$0.86B,1.54,$1.07B,$1.42B,0.76,$1.93B,$0.46B,23.74%,$1.93B,$0.15B,7.83%,$1.93B,$0.15B,7.83%,$1.93B,$0.32B,16.54%,$1.93B,$0.22B,11.61%,$1.93B,$0.17B,8.97%,$0.17B,$1.42B,12.44%,$0.17B,$0.67B,27.80%,$0.17B,$3.98B,4.38%,$0.15B,$2.49B,6.12%,$447,$372,$75,$12,$64,$448,$-1,$0,$59,$12,$47,$42,$42,$41,$-1,$265,265,$0.16,$0.16,$261,$481,$120,$1329,$0,$261,$745,$369,$1403,$3983,$862,$1073,$291,$1702,$2564,$500,$759,$0,$1419,$3983,$124,$126,$0,$126,$0,$0,$0,$0,$-117,$98,$-94,$0,$-2,$0,$0,$-3,$-21,$-119,$0,$0,$1,$0,$0,$-31,$16,$-13,$-44,$0,$0
16,2014-09-30,11.35,$0.00,0.0,$7.45,1.52,$0.41,27.77,$0.66,17.19,$1.29B,$0.82B,1.58,$1.13B,$1.38B,0.82,$1.95B,$0.50B,25.68%,$1.95B,$0.19B,9.71%,$1.95B,$0.19B,9.71%,$1.95B,$0.35B,18.13%,$1.95B,$0.22B,11.35%,$1.95B,$0.17B,8.89%,$0.17B,$1.38B,12.65%,$0.17B,$0.63B,29.59%,$0.17B,$3.95B,4.43%,$0.19B,$2.51B,7.75%,$466,$362,$104,$15,$56,$432,$33,$-4,$50,$12,$38,$37,$38,$76,$33,$268,268,$0.14,$0.14,$266,$498,$122,$1294,$0,$245,$756,$367,$1398,$3947,$817,$1126,$288,$1748,$2565,$494,$741,$0,$1382,$3947,$78,$84,$0,$84,$0,$0,$0,$0,$-127,$15,$-69,$0,$-2,$0,$0,$-2,$-20,$-93,$0,$0,$61,$0,$6,$-21,$4,$50,$-32,$0,$0
17,2014-06-30,12.22,$0.00,0.0,$7.53,1.62,$0.93,13.08,$0.66,18.51,$1.28B,$0.84B,1.53,$1.04B,$1.35B,0.77,$1.95B,$0.52B,26.77%,$1.95B,$0.20B,10.38%,$1.95B,$0.20B,10.38%,$1.95B,$0.36B,18.60%,$1.95B,$0.22B,11.10%,$1.95B,$0.17B,8.84%,$0.17B,$1.35B,12.93%,$0.17B,$0.61B,31.84%,$0.17B,$3.84B,4.48%,$0.20B,$2.39B,8.51%,$481,$357,$124,$13,$59,$429,$52,$-3,$51,$11,$40,$38,$38,$93,$52,$261,261,$0.15,$0.15,$267,$479,$120,$1281,$0,$217,$745,$364,$1356,$3843,$837,$1039,$277,$1654,$2491,$486,$728,$0,$1352,$3843,$40,$41,$0,$41,$0,$0,$0,$0,$0,$3,$-36,$0,$0,$0,$0,$0,$-14,$-50,$0,$0,$0,$0,$0,$-10,$42,$33,$-29,$0,$0
18,2014-03-31,12.21,$0.00,0.0,$7.70,1.59,$1.02,11.99,$0.68,17.96,$1.28B,$0.92B,1.4,$1.06B,$1.41B,0.75,$1.98B,$0.53B,26.94%,$1.98B,$0.20B,9.87%,$1.98B,$0.20B,9.87%,$1.98B,$0.35B,17.87%,$1.98B,$0.21B,10.63%,$1.98B,$0.18B,9.01%,$0.18B,$1.41B,13.75%,$0.18B,$0.58B,36.25%,$0.18B,$4.03B,4.67%,$0.20B,$2.47B,8.30%,$535,$381,$155,$18,$70,$469,$67,$0,$64,$9,$55,$55,$55,$109,$67,$261,261,$0.21,$0.21,$304,$452,$96,$1284,$0,$230,$828,$380,$1468,$4027,$917,$1063,$287,$1701,$2618,$492,$737,$0,$1409,$4027,$182,$159,$0,$159,$0,$0,$0,$0,$-27,$262,$-135,$0,$-4,$0,$0,$18,$-68,$-189,$0,$0,$15,$0,$21,$-38,$-44,$-46,$50,$0,$0
19,2013-12-31,11.76,$0.00,0.0,$7.89,1.49,$0.75,15.62,$0.64,18.38,$1.19B,$0.83B,1.43,$1.06B,$1.33B,0.8,$2.02B,$0.54B,26.62%,$2.02B,$0.24B,11.85%,$2.02B,$0.24B,11.85%,$2.02B,$0.40B,19.68%,$2.02B,$0.20B,9.87%,$2.02B,$0.17B,8.23%,$0.17B,$1.33B,13.55%,$0.17B,$0.52B,38.65%,$0.17B,$3.80B,4.40%,$0.24B,$2.38B,10.44%,$465,$348,$117,$15,$65,$429,$37,$-5,$56,$11,$45,$42,$42,$75,$37,$256,256,$0.16,$0.16,$262,$439,$95,$1185,$0,$212,$801,$366,$1413,$3799,$827,$1058,$251,$1647,$2474,$471,$722,$0,$1326,$3799,$125,$116,$0,$116,$0,$0,$0,$0,$-54,$145,$-81,$0,$-3,$0,$0,$16,$-50,$-118,$0,$0,$5,$0,$8,$-29,$-18,$-34,$6,$0,$0
20,2013-09-30,10.05,$0.00,0.0,$8.14,1.23,$0.34,29.2,$0.63,15.95,$1.17B,$0.83B,1.41,$1.02B,$1.23B,0.82,$2.07B,$0.57B,27.30%,$2.07B,$0.27B,13.12%,$2.07B,$0.27B,13.12%,$2.07B,$0.43B,20.89%,$2.07B,$0.19B,9.17%,$2.07B,$0.16B,7.81%,$0.16B,$1.23B,13.82%,$0.16B,$0.45B,42.74%,$0.16B,$3.67B,4.28%,$0.27B,$2.25B,12.07%,$465,$340,$125,$14,$64,$419,$46,$-6,$45,$8,$37,$37,$37,$85,$46,$255,255,$0.14,$0.14,$282,$424,$70,$1166,$0,$192,$785,$346,$1356,$3672,$827,$1016,$265,$1611,$2438,$468,$690,$0,$1234,$3672,$80,$77,$0,$77,$0,$0,$0,$0,$-17,$130,$-46,$0,$-0,$0,$0,$2,$-20,$-65,$0,$-15,$10,$0,$6,$-19,$-26,$-43,$26,$0,$0
21,2013-06-30,9.48,$0.00,0.0,$8.29,1.14,$-0.44,0.0,$0.63,15.04,$1.21B,$0.84B,1.45,$1.09B,$1.21B,0.9,$2.13B,$0.59B,27.61%,$2.13B,$0.28B,13.17%,$2.13B,$0.28B,13.17%,$2.13B,$0.44B,20.74%,$2.13B,$0.20B,9.17%,$2.13B,$0.16B,7.62%,$0.16B,$1.21B,14.44%,$0.16B,$0.41B,47.79%,$0.16B,$3.75B,4.28%,$0.28B,$2.30B,12.72%,$510,$374,$135,$17,$74,$465,$45,$-9,$45,$0,$44,$44,$44,$84,$45,$253,253,$0.17,$0.17,$261,$452,$85,$1208,$0,$209,$797,$351,$1389,$3752,$836,$1089,$289,$1708,$2544,$468,$668,$0,$1208,$3752,$44,$39,$0,$39,$0,$0,$0,$0,$-67,$16,$-28,$0,$0,$0,$0,$0,$-24,$-52,$0,$53,$1,$0,$3,$-10,$-18,$29,$-1,$0,$0
22,2013-03-31,8.89,$0.00,0.0,$8.09,1.1,$-0.84,0.0,$0.54,16.47,$1.33B,$1.00B,1.33,$1.10B,$1.13B,0.97,$2.10B,$0.62B,29.36%,$2.10B,$0.29B,13.63%,$2.10B,$0.29B,13.63%,$2.10B,$0.44B,21.07%,$2.10B,$0.18B,8.48%,$2.10B,$0.14B,6.63%,$0.14B,$1.13B,12.87%,$0.14B,$0.34B,44.55%,$0.14B,$3.88B,3.70%,$0.29B,$2.23B,13.38%,$577,$417,$160,$18,$31,$466,$111,$-65,$53,$7,$46,$43,$43,$153,$111,$257,257,$0.17,$0.17,$302,$434,$198,$1333,$0,$0,$799,$208,$1045,$3876,$1002,$1096,$318,$1740,$2742,$471,$625,$0,$1134,$3876,$142,$157,$0,$157,$0,$0,$0,$0,$-62,$204,$-147,$0,$-286,$0,$0,$0,$-72,$-504,$0,$18,$360,$0,$4,$-37,$-38,$306,$6,$0,$0
23,2012-12-31,9.2,$0.00,0.0,$7.82,1.18,$-0.65,0.0,$0.58,15.85,$1.31B,$0.98B,1.34,$1.12B,$1.11B,1.01,$2.02B,$0.63B,31.09%,$2.02B,$0.26B,13.02%,$2.02B,$0.26B,13.02%,$2.02B,$0.41B,20.30%,$2.02B,$0.20B,9.65%,$2.02B,$0.15B,7.33%,$0.15B,$1.11B,13.97%,$0.15B,$0.32B,41.51%,$0.15B,$3.85B,4.12%,$0.26B,$2.24B,13.05%,$521,$374,$146,$14,$62,$450,$70,$-29,$47,$9,$38,$38,$38,$111,$70,$252,252,$0.15,$0.15,$308,$427,$190,$1309,$0,$0,$791,$206,$1036,$3848,$978,$1123,$310,$1757,$2735,$472,$608,$0,$1113,$3848,$97,$115,$0,$115,$0,$0,$0,$0,$-110,$76,$-117,$0,$-287,$0,$0,$0,$-52,$-456,$0,$133,$332,$0,$3,$-27,$-44,$398,$18,$0,$0
24,2012-09-30,9.64,$0.00,0.0,$7.54,1.28,$-0.42,0.0,$0.61,15.8,$1.22B,$0.98B,1.24,$1.01B,$1.03B,0.98,$1.95B,$0.63B,32.36%,$1.95B,$0.26B,13.47%,$1.95B,$0.26B,13.47%,$1.95B,$0.40B,20.58%,$1.95B,$0.21B,10.75%,$1.95B,$0.16B,7.99%,$0.16B,$1.03B,15.04%,$0.16B,$0.29B,39.22%,$0.16B,$3.66B,4.57%,$0.26B,$2.04B,13.95%,$518,$372,$146,$15,$77,$464,$54,$-3,$50,$13,$37,$37,$37,$93,$54,$263,263,$0.14,$0.14,$230,$435,$189,$1220,$0,$0,$743,$190,$970,$3661,$982,$1008,$327,$1648,$2629,$465,$566,$0,$1032,$3661,$59,$74,$0,$74,$0,$0,$0,$0,$-156,$-29,$-91,$0,$-266,$0,$0,$0,$-35,$-392,$0,$0,$183,$0,$2,$-18,$200,$367,$-58,$0,$0
25,2012-06-30,8.68,$0.00,0.0,$7.22,1.2,$0.00,0.0,$0.62,14.01,$1.24B,$1.02B,1.21,$1.00B,$1.04B,0.96,$1.86B,$0.61B,32.69%,$1.86B,$0.25B,13.66%,$1.86B,$0.25B,13.66%,$1.86B,$0.38B,20.65%,$1.86B,$0.21B,11.29%,$1.86B,$0.16B,8.44%,$0.16B,$1.04B,15.20%,$0.16B,$0.30B,35.56%,$0.16B,$3.66B,4.78%,$0.25B,$2.04B,14.00%,$482,$318,$164,$14,$99,$431,$51,$-17,$28,$6,$21,$21,$21,$85,$51,$266,266,$0.08,$0.08,$257,$427,$174,$1240,$0,$0,$739,$185,$955,$3660,$1022,$1000,$297,$1597,$2619,$455,$559,$0,$1041,$3660,$21,$35,$0,$35,$0,$0,$0,$0,$-119,$-73,$-46,$0,$-262,$0,$0,$0,$-16,$-324,$0,$124,$274,$0,$2,$-8,$-22,$369,$-28,$0,$0
26,2012-03-31,9.14,$0.00,0.0,$7.09,1.29,$0.04,248.35,$0.71,12.87,$1.16B,$0.89B,1.3,$0.69B,$1.05B,0.66,$1.81B,$0.58B,31.93%,$1.81B,$0.26B,14.20%,$1.81B,$0.26B,14.20%,$1.81B,$0.38B,21.10%,$1.81B,$0.24B,13.31%,$1.81B,$0.18B,9.94%,$0.18B,$1.05B,17.62%,$0.18B,$0.51B,34.87%,$0.18B,$3.21B,5.81%,$0.26B,$1.74B,15.20%,$499,$326,$172,$15,$70,$411,$88,$-11,$70,$18,$52,$52,$52,$121,$88,$253,253,$0.21,$0.21,$290,$402,$155,$1157,$0,$0,$537,$186,$748,$3209,$890,$691,$297,$1268,$2159,$458,$562,$0,$1051,$3209,$183,$127,$0,$127,$0,$0,$0,$0,$-72,$236,$-132,$0,$-127,$0,$0,$0,$-83,$-343,$0,$14,$160,$0,$4,$-34,$-29,$116,$11,$0,$0
27,2011-12-31,8.63,$0.00,0.0,$6.98,1.24,$0.14,62.47,$0.70,12.33,$1.10B,$0.86B,1.28,$0.70B,$1.02B,0.68,$1.79B,$0.88B,49.41%,$1.79B,$0.65B,36.17%,$1.79B,$0.65B,36.17%,$1.79B,$0.74B,41.48%,$1.79B,$0.23B,13.08%,$1.79B,$0.18B,10.01%,$0.18B,$1.02B,16.71%,$0.18B,$0.49B,29.47%,$0.18B,$3.13B,5.97%,$0.65B,$1.72B,38.60%,$454,$304,$150,$17,$63,$384,$70,$-13,$62,$15,$47,$46,$46,$103,$70,$253,253,$0.18,$0.18,$245,$402,$141,$1104,$0,$0,$537,$172,$735,$3127,$863,$696,$280,$1240,$2103,$455,$538,$0,$1024,$3127,$130,$93,$0,$93,$0,$0,$0,$0,$-97,$113,$-94,$0,$-128,$0,$0,$0,$-66,$-288,$0,$14,$157,$0,$2,$-25,$-11,$138,$-35,$0,$0
28,2011-09-30,8.25,$0.00,0.0,$6.80,1.21,$-0.01,0.0,$0.68,12.14,$1.08B,$0.85B,1.27,$0.74B,$1.02B,0.73,$1.75B,$1.15B,65.66%,$1.75B,$0.99B,56.69%,$1.75B,$0.99B,56.69%,$1.75B,$1.09B,62.23%,$1.75B,$0.23B,13.03%,$1.75B,$0.17B,9.94%,$0.17B,$1.02B,15.54%,$0.17B,$0.46B,24.54%,$0.17B,$3.15B,6.04%,$0.99B,$1.75B,59.76%,$425,$303,$122,$16,$61,$380,$45,$-13,$50,$11,$40,$38,$38,$75,$45,$258,258,$0.15,$0.15,$232,$397,$134,$1078,$0,$0,$552,$175,$754,$3153,$846,$737,$289,$1291,$2137,$457,$506,$0,$1016,$3153,$84,$60,$0,$60,$0,$0,$0,$0,$-95,$42,$-51,$0,$-129,$0,$0,$0,$-56,$-236,$0,$15,$157,$0,$2,$-17,$-20,$137,$-50,$0,$0
29,2011-06-30,11.88,$0.00,0.0,$6.65,1.79,$-0.08,0.0,$0.69,17.22,$1.05B,$0.84B,1.25,$0.55B,$1.00B,0.55,$1.71B,$1.41B,82.57%,$1.71B,$1.33B,77.89%,$1.71B,$1.33B,77.89%,$1.71B,$1.41B,82.57%,$1.71B,$0.23B,13.45%,$1.71B,$0.18B,10.29%,$0.18B,$1.00B,15.14%,$0.18B,$0.60B,21.69%,$0.18B,$2.90B,6.41%,$1.33B,$1.55B,82.01%,$432,$298,$134,$16,$64,$378,$54,$-5,$59,$14,$45,$44,$44,$83,$54,$256,256,$0.17,$0.17,$187,$406,$132,$1054,$0,$0,$394,$184,$600,$2904,$843,$551,$247,$1066,$1909,$458,$514,$0,$995,$2904,$45,$30,$0,$30,$0,$0,$0,$0,$-165,$-91,$-15,$0,$0,$0,$0,$0,$-31,$-45,$0,$51,$-2,$0,$1,$-9,$-3,$37,$-99,$0,$0
30,2011-03-31,11.7,$0.00,0.0,$6.35,1.84,$0.08,155.83,$0.67,17.47,$1.01B,$0.75B,1.34,$0.44B,$1.25B,0.35,$1.63B,$1.63B,100.00%,$1.63B,$1.63B,100.00%,$1.63B,$1.63B,100.00%,$1.63B,$1.71B,104.47%,$1.63B,$0.23B,13.78%,$1.63B,$0.17B,10.41%,$0.17B,$1.25B,14.12%,$0.17B,$0.88B,19.48%,$0.17B,$2.81B,6.40%,$1.63B,$1.69B,99.85%,$478,$0,$478,$0,$0,$0,$478,$-7,$63,$13,$50,$51,$51,$481,$478,$257,258,$0.20,$0.20,$272,$328,$114,$1006,$0,$0,$371,$274,$645,$2812,$751,$437,$117,$812,$1563,$439,$1033,$0,$1249,$2812,$167,$74,$0,$74,$0,$0,$0,$0,$-37,$243,$-112,$0,$-75,$0,$0,$0,$-47,$-234,$0,$0,$0,$0,$3,$-37,$-7,$-42,$-36,$0,$0
31,2010-12-31,10.11,$0.00,0.0,$6.04,1.68,$0.11,93.13,$0.63,16.05,$0.93B,$0.66B,1.41,$0.44B,$1.22B,0.36,$1.55B,$1.55B,100.00%,$1.55B,$1.55B,100.00%,$1.55B,$1.55B,100.00%,$1.55B,$1.64B,105.48%,$1.55B,$0.23B,14.51%,$1.55B,$0.16B,10.25%,$0.16B,$1.22B,13.60%,$0.16B,$0.89B,18.45%,$0.16B,$2.66B,6.15%,$1.55B,$1.66B,97.07%,$415,$0,$415,$0,$0,$0,$415,$-8,$56,$15,$40,$41,$41,$450,$415,$257,258,$0.16,$0.16,$188,$392,$89,$929,$0,$0,$325,$263,$587,$2659,$658,$438,$107,$784,$1442,$0,$998,$0,$1218,$2659,$119,$70,$0,$70,$0,$0,$0,$0,$-135,$56,$-75,$0,$-25,$0,$0,$0,$-35,$-135,$0,$0,$-2,$0,$2,$-27,$-13,$-40,$-121,$0,$0
32,2010-09-30,9.01,$0.00,0.0,$5.82,1.55,$0.35,25.74,$0.61,14.78,$0.90B,$0.68B,1.32,$0.42B,$1.19B,0.35,$1.49B,$1.49B,100.00%,$1.49B,$1.49B,100.00%,$1.49B,$1.49B,100.00%,$1.49B,$1.57B,105.29%,$1.49B,$0.22B,14.74%,$1.49B,$0.15B,10.25%,$0.15B,$1.19B,13.40%,$0.15B,$0.87B,18.02%,$0.15B,$2.60B,6.03%,$1.49B,$1.61B,95.35%,$385,$0,$385,$0,$0,$0,$385,$-7,$52,$14,$38,$40,$40,$398,$385,$257,257,$0.16,$0.16,$201,$364,$76,$899,$0,$0,$316,$236,$551,$2600,$681,$421,$93,$730,$1411,$0,$943,$0,$1189,$2600,$76,$35,$0,$35,$0,$0,$0,$0,$-108,$23,$-51,$0,$-20,$0,$0,$0,$-19,$-89,$0,$0,$0,$0,$1,$-17,$-21,$-37,$-100,$0,$0
33,2010-06-30,7.59,$0.00,0.0,$5.67,1.34,$0.62,12.21,$0.59,12.87,$0.88B,$0.68B,1.29,$0.43B,$1.16B,0.37,$1.45B,$1.45B,100.00%,$1.45B,$1.45B,100.00%,$1.45B,$1.45B,100.00%,$1.45B,$1.54B,105.92%,$1.45B,$0.22B,14.93%,$1.45B,$0.15B,10.32%,$0.15B,$1.16B,13.52%,$0.15B,$0.85B,17.93%,$0.15B,$2.56B,6.04%,$1.45B,$1.59B,94.86%,$355,$0,$355,$0,$0,$0,$355,$-7,$54,$15,$38,$38,$38,$377,$355,$257,257,$0.15,$0.15,$195,$364,$67,$881,$0,$0,$314,$230,$544,$2558,$681,$432,$86,$718,$1399,$0,$925,$0,$1160,$2558,$38,$22,$0,$22,$0,$0,$0,$0,$-108,$-43,$-22,$0,$-19,$0,$0,$0,$-8,$-49,$0,$0,$-2,$0,$0,$-7,$-9,$-18,$-109,$0,$0
34,2010-03-31,8.49,$0.00,0.0,$5.66,1.5,$0.73,11.69,$0.54,15.72,$0.93B,$0.71B,1.3,$0.42B,$1.11B,0.38,$1.45B,$1.45B,100.00%,$1.45B,$1.45B,100.00%,$1.45B,$1.45B,100.00%,$1.45B,$1.53B,105.80%,$1.45B,$0.20B,13.54%,$1.45B,$0.14B,9.46%,$0.14B,$1.11B,12.76%,$0.14B,$0.84B,16.63%,$0.14B,$2.52B,5.68%,$1.45B,$1.54B,97.02%,$396,$0,$396,$0,$0,$0,$396,$-11,$63,$19,$44,$40,$40,$411,$396,$256,256,$0.16,$0.16,$301,$334,$63,$925,$0,$0,$276,$216,$492,$2520,$713,$424,$79,$696,$1409,$0,$883,$0,$1111,$2520,$139,$83,$0,$83,$0,$0,$0,$0,$-3,$257,$-117,$0,$-33,$0,$0,$0,$-27,$-177,$0,$0,$69,$0,$7,$-29,$17,$65,$113,$0,$0
35,2009-12-31,7.12,$0.00,0.0,$5.60,1.27,$0.15,46.23,$0.55,12.94,$0.90B,$0.73B,1.24,$0.42B,$1.11B,0.38,$1.43B,$1.43B,100.00%,$1.43B,$1.43B,100.00%,$1.43B,$1.43B,100.00%,$1.43B,$1.52B,106.30%,$1.43B,$0.19B,13.51%,$1.43B,$0.14B,9.87%,$0.14B,$1.11B,13.22%,$0.14B,$0.84B,16.94%,$0.14B,$2.48B,5.92%,$1.43B,$1.53B,97.98%,$357,$0,$357,$0,$0,$0,$357,$-10,$51,$16,$36,$35,$35,$386,$357,$256,256,$0.14,$0.14,$221,$364,$53,$900,$0,$0,$265,$197,$463,$2478,$726,$419,$38,$645,$1370,$0,$838,$0,$1108,$2478,$98,$68,$0,$68,$0,$0,$0,$0,$-61,$112,$-70,$0,$-28,$0,$0,$0,$-18,$-116,$0,$0,$57,$0,$6,$-21,$19,$60,$37,$0,$0
36,2009-09-30,7.29,$0.00,0.0,$5.58,1.31,$-0.07,0.0,$0.58,12.57,$0.86B,$0.70B,1.24,$0.41B,$1.06B,0.39,$1.42B,$1.42B,100.00%,$1.42B,$1.42B,100.00%,$1.42B,$1.42B,100.00%,$1.42B,$1.50B,105.13%,$1.42B,$0.20B,14.26%,$1.42B,$0.15B,10.53%,$0.15B,$1.06B,14.60%,$0.15B,$0.82B,18.47%,$0.15B,$2.38B,6.48%,$1.42B,$1.47B,102.65%,$345,$0,$345,$0,$0,$0,$345,$-8,$49,$13,$36,$37,$37,$365,$345,$256,256,$0.14,$0.14,$234,$328,$39,$861,$0,$0,$237,$189,$426,$2382,$695,$414,$30,$627,$1322,$0,$779,$0,$1060,$2382,$60,$39,$0,$39,$0,$0,$0,$0,$-22,$88,$-45,$0,$-21,$0,$0,$0,$-10,$-76,$0,$0,$56,$0,$3,$-14,$14,$59,$56,$0,$0
37,2009-06-30,5.08,$0.00,0.0,$5.76,0.88,$-0.45,0.0,$0.62,8.19,$0.78B,$0.64B,1.22,$0.42B,$1.02B,0.41,$1.47B,$1.47B,100.00%,$1.47B,$1.47B,100.00%,$1.47B,$1.47B,100.00%,$1.47B,$1.54B,104.42%,$1.47B,$0.22B,15.10%,$1.47B,$0.16B,10.88%,$0.16B,$1.02B,15.90%,$0.16B,$0.80B,20.00%,$0.16B,$2.27B,7.02%,$1.47B,$1.43B,109.95%,$350,$0,$350,$0,$0,$0,$350,$-29,$33,$10,$23,$25,$25,$370,$350,$255,255,$0.10,$0.10,$166,$317,$43,$783,$0,$0,$221,$179,$400,$2270,$640,$418,$29,$613,$1254,$372,$707,$0,$1016,$2270,$23,$20,$0,$20,$0,$0,$0,$0,$-58,$-17,$-21,$0,$-15,$0,$0,$0,$-4,$-40,$0,$15,$52,$0,$2,$-7,$-1,$60,$-2,$0,$0
38,2009-03-31,5.21,$0.00,0.0,$5.92,0.88,$-0.56,0.0,$0.70,7.45,$0.81B,$0.80B,1.01,$0.32B,$1.08B,0.29,$1.51B,$1.51B,100.00%,$1.51B,$1.51B,100.00%,$1.51B,$1.51B,100.00%,$1.51B,$1.57B,104.31%,$1.51B,$0.26B,16.91%,$1.51B,$0.18B,12.00%,$0.18B,$1.08B,18.16%,$0.18B,$0.87B,23.33%,$0.18B,$2.40B,7.99%,$1.51B,$1.40B,116.20%,$377,$0,$377,$0,$0,$0,$377,$-4,$60,$18,$42,$44,$44,$398,$377,$255,255,$0.17,$0.17,$175,$300,$43,$807,$0,$0,$212,$213,$425,$2400,$799,$318,$36,$521,$1319,$386,$730,$0,$1081,$2400,$179,$65,$1,$66,$0,$0,$0,$0,$-85,$175,$-183,$0,$-37,$0,$0,$0,$-16,$-235,$0,$0,$-25,$0,$8,$-27,$33,$-10,$-54,$0,$0
39,2008-12-31,5.64,$0.00,0.0,$5.87,0.96,$-0.26,0.0,$0.67,8.42,$0.79B,$0.76B,1.03,$0.29B,$0.95B,0.3,$1.50B,$1.50B,100.00%,$1.50B,$1.50B,100.00%,$1.50B,$1.50B,100.00%,$1.50B,$1.54B,102.94%,$1.50B,$0.26B,17.38%,$1.50B,$0.17B,11.50%,$0.17B,$0.95B,17.98%,$0.17B,$0.76B,23.06%,$0.17B,$2.21B,7.77%,$1.50B,$1.24B,118.38%,$352,$0,$352,$0,$0,$0,$352,$-5,$61,$16,$44,$44,$44,$364,$352,$255,255,$0.17,$0.17,$164,$293,$56,$788,$0,$0,$192,$188,$380,$2205,$764,$290,$46,$488,$1252,$355,$638,$0,$953,$2205,$123,$44,$1,$45,$0,$0,$0,$0,$-75,$103,$-117,$0,$-32,$0,$0,$0,$-11,$-160,$0,$-18,$14,$0,$7,$0,$-8,$-5,$-48,$0,$0
40,2008-09-30,6.8,$0.00,0.0,$5.81,1.17,$-0.21,0.0,$0.65,10.47,$0.78B,$0.75B,1.04,$0.30B,$0.98B,0.31,$1.48B,$1.48B,100.00%,$1.48B,$1.48B,100.00%,$1.48B,$1.48B,100.00%,$1.48B,$1.51B,102.16%,$1.48B,$0.26B,17.34%,$1.48B,$0.17B,11.27%,$0.17B,$0.98B,17.78%,$0.17B,$0.78B,22.78%,$0.17B,$2.24B,7.62%,$1.48B,$1.27B,117.02%,$391,$0,$391,$0,$0,$0,$391,$-5,$68,$21,$47,$47,$47,$403,$391,$255,255,$0.18,$0.18,$144,$322,$69,$782,$0,$0,$200,$194,$394,$2238,$752,$298,$44,$511,$1263,$412,$696,$0,$975,$2238,$91,$32,$1,$33,$0,$0,$0,$0,$-114,$30,$-86,$0,$-37,$0,$0,$0,$-7,$-130,$0,$0,$8,$0,$8,$-14,$-1,$1,$-102,$0,$0
41,2008-06-30,9.53,$0.00,0.0,$5.61,1.7,$0.27,35.25,$0.62,15.37,$0.74B,$0.72B,1.02,$0.30B,$0.98B,0.31,$1.43B,$1.43B,100.00%,$1.43B,$1.43B,100.00%,$1.43B,$1.43B,100.00%,$1.43B,$1.47B,102.80%,$1.43B,$0.24B,17.00%,$1.43B,$0.16B,10.99%,$0.16B,$0.98B,17.56%,$0.16B,$0.70B,22.53%,$0.16B,$2.22B,7.44%,$1.43B,$1.28B,116.44%,$388,$0,$388,$0,$0,$0,$388,$-4,$66,$20,$47,$47,$46,$408,$388,$254,255,$0.18,$0.18,$146,$274,$78,$737,$0,$0,$280,$134,$414,$2222,$723,$299,$44,$521,$1244,$424,$676,$0,$978,$2222,$46,$20,$1,$21,$0,$0,$0,$0,$-98,$-28,$-38,$0,$-38,$0,$0,$0,$-3,$-80,$0,$0,$3,$0,$8,$-7,$-1,$3,$-107,$0,$0
42,2008-03-31,9.52,$0.00,0.0,$5.38,1.77,$0.43,22.1,$0.58,16.42,$0.80B,$0.72B,1.12,$0.34B,$0.92B,0.37,$1.38B,$1.38B,100.00%,$1.38B,$1.38B,100.00%,$1.38B,$1.38B,100.00%,$1.38B,$1.42B,102.68%,$1.38B,$0.23B,16.45%,$1.38B,$0.15B,10.72%,$0.15B,$0.92B,17.70%,$0.15B,$0.75B,22.04%,$0.15B,$2.19B,7.37%,$1.38B,$1.26B,118.02%,$365,$0,$365,$0,$0,$0,$365,$-5,$65,$18,$47,$47,$35,$365,$365,$254,255,$0.14,$0.14,$248,$223,$83,$802,$0,$0,$172,$197,$369,$2188,$715,$342,$30,$552,$1267,$407,$626,$0,$921,$2188,$148,$76,$12,$88,$0,$0,$0,$0,$-15,$253,$-184,$0,$-41,$0,$0,$0,$-25,$-250,$0,$0,$101,$0,$13,$-10,$-6,$99,$102,$0,$0
43,2007-12-31,11.25,$0.00,0.0,$5.09,2.21,$0.16,70.83,$0.56,20.08,$0.77B,$0.63B,1.23,$0.37B,$0.88B,0.42,$1.30B,$1.30B,100.00%,$1.30B,$1.30B,100.00%,$1.30B,$1.30B,100.00%,$1.30B,$1.34B,102.84%,$1.30B,$0.20B,15.66%,$1.30B,$0.14B,10.90%,$0.14B,$0.88B,18.01%,$0.14B,$0.71B,22.27%,$0.14B,$2.11B,7.50%,$1.30B,$1.25B,119.30%,$338,$0,$338,$0,$0,$0,$338,$-5,$58,$17,$41,$39,$39,$338,$338,$254,255,$0.15,$0.15,$205,$217,$81,$773,$0,$0,$173,$199,$372,$2114,$631,$369,$34,$599,$1230,$0,$624,$0,$884,$2114,$0,$0,$0,$0,$0,$0,$0,$0,$0,$0,$0,$0,$0,$0,$0,$0,$0,$0,$0,$0,$0,$0,$0,$0,$0,$0,$0,$0,$0
44,2007-09-30,11.29,$0.00,0.0,$4.91,2.3,$0.16,71.09,$0.51,22.14,$0.63B,$0.57B,1.11,$0.32B,$0.79B,0.41,$1.25B,$1.25B,100.00%,$1.25B,$1.25B,100.00%,$1.25B,$1.25B,100.00%,$1.25B,$1.29B,102.95%,$1.25B,$0.18B,14.53%,$1.25B,$0.13B,10.30%,$0.13B,$0.79B,17.40%,$0.13B,$0.63B,21.26%,$0.13B,$1.92B,7.22%,$1.25B,$1.12B,123.97%,$338,$0,$338,$0,$0,$0,$338,$-5,$54,$17,$37,$37,$37,$358,$338,$254,255,$0.15,$0.15,$138,$189,$55,$632,$0,$0,$164,$214,$378,$1917,$571,$322,$30,$553,$1124,$399,$549,$0,$794,$1917,$74,$37,$0,$38,$0,$0,$0,$0,$-62,$66,$0,$0,$-39,$0,$0,$0,$-128,$-167,$0,$14,$89,$0,$13,$-5,$-4,$107,$-6,$0,$0
45,2007-06-30,11.2,$0.00,0.0,$4.58,2.45,$-0.12,0.0,$0.47,23.84,$0.63B,$0.54B,1.15,$0.30B,$0.75B,0.4,$1.17B,$1.17B,100.00%,$1.17B,$1.17B,100.00%,$1.17B,$1.17B,100.00%,$1.17B,$1.18B,101.46%,$1.17B,$0.17B,14.33%,$1.17B,$0.12B,10.30%,$0.12B,$0.75B,17.02%,$0.12B,$0.60B,20.47%,$0.12B,$1.82B,6.99%,$1.17B,$1.05B,121.96%,$339,$0,$339,$0,$0,$0,$339,$-2,$50,$15,$35,$37,$37,$356,$339,$261,261,$0.14,$0.14,$123,$195,$55,$625,$0,$0,$151,$195,$345,$1819,$543,$299,$20,$530,$1072,$378,$490,$0,$746,$1819,$35,$17,$0,$17,$0,$0,$0,$0,$-89,$-26,$0,$0,$-35,$0,$0,$0,$-37,$-72,$0,$14,$73,$0,$11,$-2,$-4,$90,$-14,$0,$0
46,2007-03-31,9.46,$0.00,0.0,$4.33,2.18,$-0.02,0.0,$0.44,21.5,$0.55B,$0.55B,1.01,$0.23B,$0.73B,0.31,$1.09B,$1.09B,100.00%,$1.09B,$1.09B,100.00%,$1.09B,$1.09B,100.00%,$1.09B,$1.09B,100.00%,$1.09B,$0.16B,14.40%,$1.09B,$0.11B,10.28%,$0.11B,$0.73B,16.62%,$0.11B,$0.61B,19.74%,$0.11B,$1.72B,6.79%,$1.09B,$0.96B,120.68%,$288,$0,$288,$0,$0,$0,$288,$-3,$42,$12,$30,$30,$29,$288,$288,$251,254,$0.12,$0.12,$132,$179,$46,$550,$0,$0,$117,$185,$302,$1719,$546,$225,$15,$444,$990,$353,$448,$0,$729,$1719,$0,$0,$0,$0,$0,$0,$0,$0,$0,$0,$0,$0,$0,$0,$0,$0,$0,$0,$0,$0,$0,$0,$0,$0,$0,$0,$0,$0,$0
47,2006-12-31,7.7,$0.00,0.0,$4.24,1.81,$0.36,21.1,$0.36,21.38,$0.55B,$0.54B,1.02,$0.23B,$0.70B,0.33,$1.05B,$1.05B,100.00%,$1.05B,$1.05B,100.00%,$1.05B,$1.05B,100.00%,$1.05B,$1.05B,100.00%,$1.05B,$0.12B,11.35%,$1.05B,$0.09B,8.68%,$0.09B,$0.70B,14.38%,$0.09B,$0.59B,17.12%,$0.09B,$1.69B,5.76%,$1.05B,$0.93B,121.75%,$288,$0,$288,$0,$0,$0,$288,$-3,$36,$10,$26,$26,$26,$288,$288,$251,251,$0.10,$0.10,$99,$75,$87,$550,$0,$0,$109,$166,$275,$1687,$540,$230,$18,$451,$990,$347,$421,$0,$697,$1687,$0,$0,$0,$0,$0,$0,$0,$0,$0,$0,$0,$0,$0,$0,$0,$0,$0,$0,$0,$0,$0,$0,$0,$0,$0,$0,$0,$0,$0
