,Date,Stock Price,Book Value per Share,Price to Book Ratio,TTM Sales per Share,Price to Sales Ratio,TTM FCF per Share,Price to FCF Ratio,TTM Net EPS,PE Ratio,Current Assets,Current Liabilities,Current Ratio,Long Term Debt,Shareholder's Equity_x,Debt to Equity Ratio,TTM Revenue_x,TTM Gross Profit,Gross Margin,TTM Revenue_y,TTM Operating Income,Operating Margin,TTM Revenue_x,TTM EBIT,EBIT Margin,TTM Revenue_y,TTM EBITDA,EBITDA Margin,TTM Revenue_x,TTM Pre-Tax Income,Pre-Tax Margin,TTM Revenue_y,TTM Net Income_x,Net Margin,TTM Net Income_y,Shareholder's Equity_y,Return on Equity,TTM Net Income_x,Tangible Equity,Return on Tangible Equity,TTM Net Income_y,Total Assets,Return on Assets,TTM Net Income,LT Investments & Debt,Return on Investment,revenue,cost-goods-sold,gross-profit,research-development-expenses,selling-general-administrative-expenses,operating-expenses,operating-income,total-non-operating-income-expense,pre-tax-income,total-provision-income-taxes,income-after-taxes,income-from-continuous-operations,net-income,ebitda,ebit,basic-shares-outstanding,shares-outstanding,eps-basic-net-earnings-per-share,eps-earnings-per-share-diluted,cash-on-hand,inventory,other-current-assets,total-current-assets,net-property-plant-equipment,long-term-investments,goodwill-intangible-assets-total,other-long-term-assets,total-long-term-assets,total-assets,total-current-liabilities,long-term-debt,other-non-current-liabilities,total-long-term-liabilities,total-liabilities,common-stock-net,retained-earnings-accumulated-deficit,comprehensive-income,total-share-holder-equity,total-liabilities-share-holders-equity,net-income-loss,total-depreciation-amortization-cash-flow,other-non-cash-items,total-non-cash-items,change-in-accounts-receivable,change-in-inventories,change-in-accounts-payable,change-in-assets-liabilities,total-change-in-assets-liabilities,cash-flow-from-operating-activities,net-change-in-property-plant-equipment,net-change-in-intangible-assets,net-acquisitions-divestitures,net-change-in-short-term-investments,net-change-in-long-term-investments,net-change-in-investments-total,investing-activities-other,cash-flow-from-investing-activities,net-long-term-debt,net-current-debt,debt-issuance-retirement-net-total,net-common-equity-issued-repurchased,net-total-equity-issued-repurchased,total-common-preferred-stock-dividends-paid,financial-activities-other,cash-flow-from-financial-activities,net-cash-flow,stock-based-compensation,common-stock-dividends-paid
0,2018-09-30,54.0,$19.71,2.74,$445.41,0.12,$21.33,2.53,$2.32,23.28,$24.45B,$23.06B,1.06,$8.00B,$5.91B,1.35,$139.38B,$7.18B,5.15%,$139.38B,$0.68B,0.49%,$139.38B,$0.68B,0.49%,$139.38B,$1.73B,1.24%,$139.38B,$0.33B,0.24%,$139.38B,$0.73B,0.53%,$0.73B,$5.91B,10.82%,$0.73B,$-6.18B,-11.35%,$0.73B,$40.01B,1.79%,$0.68B,$13.91B,4.44%,$35213,$33546,$1667,$0,$1155,$34397,$816,$-80,$736,$142,$594,$594,$593,$1061,$816,$305,306,$1.95,$1.94,$2045,$12481,$0,$24445,$2436,$394,$12093,$643,$15566,$40011,$23057,$7999,$0,$11041,$34098,$2590,$5097,$-96,$5913,$40011,$594,$245,$-469,$-224,$-302,$-178,$559,$0,$-5,$365,$682,$0,$0,$1,$-4,$-3,$0,$679,$-1,$0,$-1,$-600,$-600,$-150,$-13,$-764,$282,$19,$-150
1,2018-06-30,48.83,$19.61,2.49,$432.98,0.11,$21.41,2.28,$0.74,65.99,$24.55B,$22.89B,1.07,$8.01B,$6.06B,1.32,$136.81B,$7.18B,5.25%,$136.81B,$0.13B,0.09%,$136.81B,$0.13B,0.09%,$136.81B,$1.16B,0.85%,$136.81B,$-0.23B,-0.17%,$136.81B,$0.26B,0.19%,$0.26B,$6.06B,3.67%,$0.26B,$-6.17B,-3.67%,$0.26B,$39.95B,0.62%,$0.13B,$14.07B,0.80%,$35349,$33614,$1735,$0,$1271,$36430,$-1081,$-106,$-1187,$-21,$-1166,$-1166,$-1167,$-828,$-1081,$313,315,$-3.70,$-3.69,$1763,$12308,$0,$24553,$2487,$50,$12229,$632,$15398,$39951,$22893,$8012,$0,$10999,$33892,$2730,$4645,$-92,$6059,$39951,$259,$1032,$607,$1639,$-871,$-1211,$2574,$0,$870,$2768,$-384,$0,$-5280,$-9,$65,$56,$0,$-5608,$-951,$-50,$-1001,$-550,$-550,$-581,$-144,$-2276,$-5116,$85,$-581
2,2018-03-31,62.07,$24.24,2.56,$423.78,0.15,$16.33,3.8,$5.36,11.58,$23.51B,$21.43B,1.1,$9.03B,$7.54B,1.2,$134.43B,$7.07B,5.26%,$134.43B,$1.65B,1.22%,$134.43B,$1.65B,1.22%,$134.43B,$2.62B,1.95%,$134.43B,$1.33B,0.99%,$134.43B,$1.70B,1.26%,$1.70B,$7.54B,23.67%,$1.70B,$-6.76B,-28.14%,$1.70B,$41.03B,4.09%,$1.65B,$16.57B,10.14%,$33633,$31720,$1913,$0,$1132,$33087,$546,$-82,$464,$209,$255,$255,$255,$805,$546,$313,315,$0.81,$0.81,$2175,$11962,$0,$23513,$2521,$0,$14299,$698,$17518,$41031,$21427,$9027,$0,$12066,$33493,$2710,$5958,$-5,$7538,$41031,$1425,$779,$208,$987,$-632,$-865,$1635,$0,$-198,$2214,$-246,$0,$-5280,$0,$58,$58,$0,$-5468,$-400,$-50,$-450,$-450,$-450,$-436,$-131,$-1467,$-4704,$64,$-436
3,2017-12-31,60.23,$24.19,2.49,$417.08,0.14,$10.61,5.68,$5.75,10.48,$25.19B,$23.13B,1.09,$9.06B,$7.62B,1.19,$132.61B,$6.89B,5.19%,$132.61B,$1.70B,1.28%,$132.61B,$1.70B,1.28%,$132.61B,$2.60B,1.96%,$132.61B,$1.43B,1.08%,$132.61B,$1.82B,1.37%,$1.82B,$7.62B,26.22%,$1.82B,$-6.75B,-36.50%,$1.82B,$42.91B,4.58%,$1.70B,$16.68B,11.39%,$35186,$33325,$1861,$0,$1131,$34787,$399,$-82,$317,$-736,$1053,$1053,$1053,$690,$399,$315,316,$3.35,$3.33,$1249,$12087,$0,$25188,$2547,$0,$14366,$804,$17717,$42905,$23125,$9057,$0,$12161,$35286,$2694,$5848,$-95,$7619,$42905,$1170,$520,$165,$685,$-617,$-995,$2107,$0,$-395,$1460,$-168,$0,$-6140,$0,$59,$59,$0,$-6249,$-400,$155,$-245,$-150,$-150,$-296,$-139,$-830,$-5630,$40,$-296
4,2017-09-30,65.3,$21.25,3.07,$409.65,0.16,$7.92,8.25,$3.44,18.98,$23.73B,$22.41B,1.06,$9.07B,$6.70B,1.35,$130.58B,$6.63B,5.07%,$130.58B,$1.85B,1.41%,$130.58B,$1.85B,1.41%,$130.58B,$2.62B,2.01%,$130.58B,$1.61B,1.23%,$130.58B,$1.09B,0.84%,$1.09B,$6.70B,16.50%,$1.09B,$-8.23B,-27.07%,$1.09B,$41.94B,2.89%,$1.85B,$15.76B,13.59%,$32641,$30969,$1672,$0,$1062,$32379,$262,$-84,$178,$61,$117,$117,$115,$491,$262,$316,318,$0.36,$0.36,$1181,$12121,$0,$23725,$2651,$0,$14926,$638,$18215,$41940,$22407,$9068,$0,$12838,$35245,$2674,$4943,$-86,$6695,$41940,$117,$229,$40,$269,$-359,$-381,$1296,$0,$795,$1181,$-66,$0,$-6139,$64,$-3,$61,$0,$-6144,$-402,$-6,$-408,$-150,$-150,$-150,$-36,$-744,$-5698,$17,$-150
5,2017-06-30,75.51,$21.61,3.49,$406.50,0.19,$4.42,17.07,$4.04,18.69,$28.35B,$21.22B,1.34,$9.07B,$6.83B,1.33,$129.98B,$6.54B,5.03%,$129.98B,$2.12B,1.63%,$129.98B,$2.12B,1.63%,$129.98B,$2.84B,2.18%,$129.98B,$1.92B,1.48%,$129.98B,$1.29B,0.99%,$1.29B,$6.83B,19.54%,$1.29B,$-2.38B,-47.56%,$1.29B,$40.11B,3.58%,$2.12B,$15.90B,16.94%,$32966,$31342,$1624,$0,$985,$32528,$438,$-63,$375,$97,$278,$278,$274,$630,$438,$317,320,$0.86,$0.85,$6879,$11301,$0,$28345,$1879,$0,$9207,$681,$11767,$40112,$21221,$9068,$0,$12063,$33284,$2697,$4967,$-125,$6828,$40112,$1294,$717,$467,$1184,$-665,$-673,$564,$0,$-1294,$1184,$-387,$0,$-129,$-194,$305,$111,$0,$-405,$4861,$3,$4864,$-600,$-600,$-577,$59,$3746,$4523,$96,$-577
6,2017-03-31,78.56,$21.09,3.72,$398.59,0.2,$9.53,8.25,$4.20,18.7,$22.28B,$19.80B,1.13,$4.85B,$6.67B,0.73,$128.39B,$6.59B,5.13%,$128.39B,$2.30B,1.79%,$128.39B,$2.30B,1.79%,$128.39B,$3.00B,2.34%,$128.39B,$2.13B,1.66%,$128.39B,$1.35B,1.05%,$1.35B,$6.67B,20.62%,$1.35B,$-2.62B,-47.61%,$1.35B,$34.17B,3.91%,$2.30B,$11.52B,20.15%,$31821,$30093,$1728,$0,$960,$31216,$605,$-41,$564,$182,$382,$382,$381,$791,$605,$316,318,$1.21,$1.20,$1368,$11641,$0,$22283,$1849,$0,$9287,$755,$11891,$34174,$19796,$4854,$0,$7713,$27509,$2684,$4842,$-136,$6665,$34174,$1016,$525,$138,$663,$-107,$-1010,$225,$0,$-1219,$460,$-293,$0,$-112,$0,$-24,$-24,$0,$-429,$-60,$25,$-35,$-600,$-600,$-435,$56,$-1014,$-988,$73,$-435
7,2016-12-31,68.95,$20.07,3.44,$391.16,0.18,$15.18,4.54,$4.17,16.54,$23.15B,$21.01B,1.1,$4.86B,$6.34B,0.77,$127.24B,$6.55B,5.15%,$127.24B,$2.35B,1.85%,$127.24B,$2.35B,1.85%,$127.24B,$3.03B,2.38%,$127.24B,$2.17B,1.71%,$127.24B,$1.35B,1.06%,$1.35B,$6.34B,20.65%,$1.35B,$-2.94B,-48.66%,$1.35B,$35.02B,3.93%,$2.35B,$11.20B,20.42%,$33150,$31548,$1602,$0,$910,$32608,$542,$-51,$491,$167,$324,$324,$324,$708,$542,$318,319,$1.02,$1.02,$1881,$11915,$0,$23153,$1856,$0,$9276,$736,$11868,$35021,$21014,$4859,$0,$7666,$28680,$2672,$4604,$-170,$6341,$35021,$634,$339,$91,$430,$-146,$-1294,$1563,$0,$-406,$658,$-213,$0,$-10,$0,$-14,$-14,$0,$-237,$-60,$33,$-27,$-600,$-600,$-293,$34,$-886,$-475,$47,$-293
8,2016-09-30,73.98,$20.41,3.62,$381.95,0.19,$17.51,4.23,$4.13,17.91,$22.28B,$20.00B,1.11,$4.92B,$6.53B,0.75,$125.53B,$6.55B,5.22%,$125.53B,$2.37B,1.89%,$125.53B,$2.37B,1.89%,$125.53B,$3.05B,2.43%,$125.53B,$2.20B,1.75%,$125.53B,$1.35B,1.08%,$1.35B,$6.53B,20.38%,$1.35B,$-2.90B,-51.27%,$1.35B,$34.41B,3.98%,$2.37B,$11.45B,20.29%,$32039,$30449,$1590,$0,$920,$31504,$535,$-41,$494,$184,$310,$310,$309,$708,$535,$320,322,$0.97,$0.96,$2001,$10917,$0,$22283,$1823,$0,$9427,$873,$12123,$34406,$20001,$4916,$0,$7874,$27875,$2958,$6582,$-116,$6531,$34406,$310,$173,$33,$206,$-306,$-298,$279,$0,$-412,$104,$-100,$0,$-9,$34,$-35,$-1,$0,$-110,$-1,$25,$24,$-250,$-250,$-149,$25,$-350,$-355,$23,$-149
9,2016-06-30,73.85,$20.41,3.62,$367.21,0.2,$17.09,4.32,$4.32,17.09,$21.96B,$19.70B,1.11,$4.95B,$6.57B,0.75,$121.55B,$6.54B,5.38%,$121.55B,$2.46B,2.02%,$121.55B,$2.46B,2.02%,$121.55B,$3.10B,2.55%,$121.55B,$2.28B,1.87%,$121.55B,$1.43B,1.17%,$1.43B,$6.57B,21.49%,$1.43B,$-2.86B,-65.63%,$1.43B,$34.12B,4.29%,$2.46B,$11.52B,20.88%,$31384,$29718,$1666,$0,$970,$30764,$620,$-44,$576,$241,$335,$335,$332,$796,$620,$327,330,$1.02,$1.02,$2356,$10615,$0,$21956,$1796,$0,$9426,$944,$12166,$34122,$19701,$4952,$0,$7850,$27551,$3010,$6419,$-116,$6571,$34122,$1431,$641,$276,$917,$-866,$-1179,$2815,$0,$623,$2971,$-465,$0,$-3601,$-200,$186,$-14,$0,$-4080,$-6,$26,$20,$-651,$-651,$-512,$4,$-1139,$-2260,$111,$-512
10,2016-03-31,77.13,$20.64,3.74,$354.34,0.22,$16.34,4.72,$4.18,18.45,$22.29B,$19.39B,1.15,$5.20B,$6.73B,0.77,$117.71B,$6.34B,5.38%,$117.71B,$2.40B,2.04%,$117.71B,$2.40B,2.04%,$117.71B,$2.98B,2.53%,$117.71B,$2.22B,1.89%,$117.71B,$1.39B,1.18%,$1.39B,$6.73B,21.19%,$1.39B,$-2.42B,-99.21%,$1.39B,$34.06B,4.31%,$2.40B,$11.93B,20.38%,$30662,$28973,$1689,$0,$914,$30006,$656,$-44,$612,$226,$386,$386,$386,$815,$656,$328,331,$1.18,$1.17,$2598,$10910,$0,$22291,$1683,$0,$9150,$931,$11764,$34055,$19385,$5195,$0,$7940,$27325,$2995,$6231,$-84,$6730,$34055,$1096,$465,$134,$599,$-721,$-1457,$2839,$0,$635,$2330,$-284,$0,$-3383,$0,$-14,$-14,$0,$-3681,$-5,$34,$29,$-300,$-300,$-386,$-3,$-660,$-2018,$82,$-386
11,2015-12-31,83.62,$20.39,4.1,$337.68,0.25,$14.75,5.67,$4.10,20.4,$21.83B,$18.88B,1.16,$5.17B,$6.73B,0.77,$112.42B,$6.11B,5.43%,$112.42B,$2.33B,2.07%,$112.42B,$2.33B,2.07%,$112.42B,$2.87B,2.55%,$112.42B,$2.17B,1.93%,$112.42B,$1.37B,1.22%,$1.37B,$6.73B,21.16%,$1.37B,$-2.39B,-192.28%,$1.37B,$33.51B,4.46%,$2.33B,$11.90B,20.63%,$31445,$29836,$1609,$0,$922,$30882,$563,$-43,$520,$194,$326,$326,$326,$732,$563,$329,332,$0.99,$0.98,$2324,$11007,$0,$21829,$1651,$0,$9113,$914,$11678,$33507,$18879,$5171,$0,$7900,$26779,$2973,$5972,$-97,$6728,$33507,$710,$306,$94,$400,$-393,$-1565,$2431,$0,$301,$1411,$-175,$0,$-3284,$0,$-12,$-12,$0,$-3471,$-4,$39,$35,$0,$0,$-259,$2,$-222,$-2292,$56,$-259
12,2015-09-30,71.65,$19.84,3.61,$319.43,0.22,$13.81,5.19,$3.98,18.0,$21.22B,$17.78B,1.19,$5.23B,$6.53B,0.8,$106.52B,$5.95B,5.59%,$106.52B,$2.32B,2.17%,$106.52B,$2.32B,2.17%,$106.52B,$2.80B,2.62%,$106.52B,$2.10B,1.97%,$106.52B,$1.33B,1.25%,$1.33B,$6.53B,21.10%,$1.33B,$-1.04B,-2229.29%,$1.33B,$31.22B,4.57%,$2.32B,$11.76B,21.47%,$28055,$26476,$1579,$0,$842,$27435,$620,$-52,$568,$184,$384,$384,$383,$757,$620,$328,331,$1.17,$1.15,$2974,$9758,$0,$21218,$1546,$0,$7564,$894,$10004,$31222,$17782,$5231,$0,$6913,$24695,$2957,$5774,$-68,$6527,$31222,$384,$137,$46,$183,$-348,$-495,$425,$0,$-619,$-52,$-83,$0,$-1399,$25,$-21,$4,$0,$-1478,$-4,$36,$32,$0,$0,$-131,$-13,$-112,$-1642,$30,$-131
13,2015-06-30,77.63,$19.07,4.07,$305.46,0.25,$14.30,5.43,$3.61,21.5,$21.75B,$17.24B,1.26,$5.21B,$6.26B,0.83,$102.53B,$5.71B,5.57%,$102.53B,$2.16B,2.11%,$102.53B,$2.16B,2.11%,$102.53B,$2.61B,2.55%,$102.53B,$1.97B,1.92%,$102.53B,$1.22B,1.19%,$1.22B,$6.26B,19.45%,$1.22B,$0.24B,429.71%,$1.22B,$30.14B,4.38%,$2.16B,$11.47B,21.20%,$27549,$26091,$1458,$0,$847,$26991,$558,$-35,$523,$231,$292,$292,$295,$673,$558,$332,335,$0.90,$0.89,$4616,$9211,$0,$21752,$1506,$0,$6018,$866,$8390,$30142,$17243,$5211,$0,$6643,$23886,$3003,$5521,$-23,$6256,$30142,$1215,$451,$422,$873,$-870,$-779,$1948,$0,$452,$2540,$-247,$0,$-503,$0,$-99,$-99,$0,$-849,$1451,$-12,$1439,$-1036,$-1036,$-460,$117,$60,$1751,$110,$-460
14,2015-03-31,83.39,$19.24,4.33,$289.58,0.29,$14.04,5.94,$3.41,24.45,$19.63B,$16.40B,1.2,$3.72B,$6.37B,0.58,$97.88B,$5.51B,5.63%,$97.88B,$1.99B,2.03%,$97.88B,$1.99B,2.03%,$97.88B,$2.44B,2.49%,$97.88B,$1.80B,1.84%,$97.88B,$1.15B,1.18%,$1.15B,$6.37B,18.37%,$1.15B,$0.34B,324.16%,$1.15B,$27.89B,4.32%,$1.99B,$10.09B,20.47%,$25375,$23916,$1459,$0,$803,$24784,$591,$-33,$558,$193,$365,$365,$365,$707,$591,$330,334,$1.10,$1.09,$3183,$9163,$0,$19631,$1407,$0,$6033,$817,$8257,$27888,$16395,$3720,$0,$5124,$21519,$2992,$5353,$-53,$6369,$27888,$920,$336,$158,$494,$-718,$-850,$1657,$0,$258,$1672,$-139,$0,$-266,$0,$19,$19,$0,$-386,$-39,$-9,$-48,$-686,$-686,$-346,$112,$-968,$318,$80,$-346
15,2014-12-31,74.3,$18.48,4.02,$275.36,0.27,$14.27,5.21,$3.23,23.0,$19.16B,$16.03B,1.2,$3.71B,$6.10B,0.61,$93.93B,$5.35B,5.69%,$93.93B,$1.91B,2.03%,$93.93B,$1.91B,2.03%,$93.93B,$2.35B,2.50%,$93.93B,$1.75B,1.86%,$93.93B,$1.10B,1.18%,$1.10B,$6.10B,17.46%,$1.10B,$0.22B,217.86%,$1.10B,$27.25B,4.26%,$1.91B,$9.81B,19.55%,$25537,$24083,$1454,$0,$815,$24991,$546,$-95,$451,$162,$289,$289,$289,$658,$546,$331,334,$0.87,$0.86,$2881,$9408,$0,$19155,$1415,$0,$5876,$802,$8093,$27248,$16030,$3706,$0,$5118,$21148,$2973,$5100,$-3,$6100,$27248,$555,$220,$116,$336,$-291,$-1137,$1438,$0,$123,$1014,$-83,$0,$-33,$0,$16,$16,$0,$-100,$-38,$-18,$-56,$-686,$-686,$-233,$77,$-898,$16,$53,$-233
16,2014-09-30,68.66,$18.73,3.67,$263.18,0.26,$14.08,4.88,$3.17,21.66,$17.54B,$14.90B,1.18,$3.16B,$6.26B,0.51,$90.63B,$5.24B,5.78%,$90.63B,$1.88B,2.07%,$90.63B,$1.88B,2.07%,$90.63B,$2.33B,2.57%,$90.63B,$1.79B,1.98%,$90.63B,$1.09B,1.21%,$1.09B,$6.26B,16.96%,$1.09B,$0.33B,154.16%,$1.09B,$25.71B,4.31%,$1.88B,$9.42B,19.05%,$24070,$22729,$1341,$0,$775,$23604,$466,$-31,$435,$169,$266,$266,$266,$574,$466,$336,340,$0.79,$0.78,$2469,$8069,$0,$17538,$1434,$0,$5923,$816,$8173,$25711,$14896,$3164,$0,$4559,$19455,$2948,$4925,$46,$6256,$25711,$266,$108,$32,$140,$-291,$199,$-157,$0,$-345,$61,$-36,$0,$-61,$16,$0,$16,$0,$-81,$0,$40,$40,$-360,$-360,$-119,$63,$-376,$-396,$25,$-119
17,2014-06-30,62.55,$18.99,3.29,$263.67,0.24,$16.69,3.75,$3.38,18.51,$17.94B,$15.12B,1.19,$3.17B,$6.40B,0.5,$91.08B,$5.16B,5.67%,$91.08B,$1.89B,2.07%,$91.08B,$1.89B,2.07%,$91.08B,$2.34B,2.57%,$91.08B,$1.80B,1.97%,$91.08B,$1.17B,1.28%,$1.17B,$6.40B,18.06%,$1.17B,$0.53B,144.40%,$1.17B,$26.03B,4.68%,$1.89B,$9.57B,18.83%,$22894,$21639,$1255,$0,$794,$22507,$387,$-30,$357,$124,$233,$233,$234,$502,$387,$341,345,$0.69,$0.68,$2865,$8266,$0,$17939,$1459,$0,$5870,$765,$8094,$26033,$15115,$3171,$0,$4517,$19632,$2980,$4774,$70,$6401,$26033,$1166,$459,$144,$603,$925,$142,$-196,$0,$755,$2524,$-249,$0,$-519,$0,$-82,$-82,$0,$-850,$-2,$114,$112,$-673,$-673,$-415,$266,$-710,$964,$96,$-415
18,2014-03-31,63.53,$19.16,3.32,$271.21,0.23,$14.55,4.37,$0.98,64.83,$16.94B,$13.15B,1.29,$3.68B,$6.53B,0.56,$93.61B,$5.15B,5.50%,$93.61B,$1.06B,1.13%,$93.61B,$1.06B,1.13%,$93.61B,$1.52B,1.63%,$93.61B,$0.96B,1.03%,$93.61B,$0.35B,0.37%,$0.35B,$6.53B,5.47%,$0.35B,$0.94B,44.77%,$0.35B,$24.70B,1.40%,$1.06B,$10.21B,10.53%,$21427,$20130,$1297,$0,$736,$20919,$508,$-1,$507,$192,$315,$315,$315,$618,$508,$342,347,$0.92,$0.91,$3041,$8030,$0,$16936,$1404,$0,$5593,$768,$7765,$24701,$13147,$3679,$0,$5022,$18169,$2959,$4657,$70,$6532,$24701,$932,$344,$78,$422,$1473,$350,$-1392,$0,$454,$1808,$-138,$0,$-168,$0,$20,$20,$0,$-286,$-1,$65,$64,$-170,$-170,$-312,$36,$-382,$1140,$72,$-312
19,2013-12-31,60.39,$19.21,3.14,$280.63,0.22,$13.58,4.45,$1.07,56.44,$17.25B,$13.36B,1.29,$3.68B,$6.59B,0.56,$96.74B,$5.15B,5.32%,$96.74B,$1.02B,1.06%,$96.74B,$1.02B,1.06%,$96.74B,$1.48B,1.53%,$96.74B,$0.90B,0.93%,$96.74B,$0.38B,0.39%,$0.38B,$6.59B,5.87%,$0.38B,$1.03B,58.49%,$0.38B,$25.01B,1.49%,$1.02B,$10.27B,10.11%,$22240,$20895,$1345,$0,$766,$21721,$519,$-27,$492,$217,$275,$275,$278,$636,$519,$342,346,$0.81,$0.80,$2741,$8478,$0,$17248,$1407,$0,$5556,$798,$7761,$25009,$13362,$3679,$0,$5058,$18420,$2961,$4446,$99,$6589,$25009,$617,$234,$83,$317,$1420,$-100,$-1088,$0,$54,$988,$-90,$0,$-50,$0,$0,$0,$0,$-140,$-1,$73,$72,$89,$89,$-208,$39,$-8,$840,$48,$-208
20,2013-09-30,46.93,$18.47,2.54,$289.91,0.16,$12.08,3.89,$1.15,40.81,$16.04B,$12.51B,1.28,$3.69B,$6.30B,0.59,$99.73B,$5.03B,5.04%,$99.73B,$1.01B,1.01%,$99.73B,$1.01B,1.01%,$99.73B,$1.44B,1.44%,$99.73B,$0.89B,0.89%,$99.73B,$0.40B,0.40%,$0.40B,$6.30B,6.27%,$0.40B,$0.73B,43.95%,$0.40B,$23.82B,1.59%,$1.01B,$9.99B,10.32%,$24523,$23259,$1264,$0,$732,$24052,$471,$-29,$442,$102,$340,$340,$339,$588,$471,$340,344,$1.00,$0.99,$2753,$7275,$0,$16037,$1445,$0,$5570,$764,$7779,$23816,$12507,$3693,$0,$5012,$17519,$2941,$4273,$92,$6297,$23816,$339,$117,$37,$154,$1395,$1098,$-1852,$0,$458,$951,$-26,$0,$-25,$0,$0,$0,$0,$-51,$0,$20,$20,$25,$25,$-105,$12,$-48,$852,$24,$-105
21,2013-06-30,42.23,$17.63,2.4,$293.88,0.14,$10.96,3.85,$0.95,44.45,$17.77B,$14.59B,1.22,$3.69B,$5.98B,0.62,$101.09B,$4.92B,4.87%,$101.09B,$1.00B,0.99%,$101.09B,$1.00B,0.99%,$101.09B,$1.39B,1.38%,$101.09B,$0.89B,0.88%,$101.09B,$0.33B,0.33%,$0.33B,$5.98B,5.21%,$0.33B,$0.40B,28.00%,$0.33B,$25.82B,1.31%,$1.00B,$9.66B,10.52%,$25420,$24173,$1247,$0,$774,$25862,$-442,$-39,$-481,$105,$-586,$-586,$-585,$-320,$-442,$341,344,$-1.72,$-1.70,$1901,$8373,$0,$17770,$1489,$0,$5574,$986,$8049,$25819,$14590,$3686,$0,$5254,$19844,$2953,$4038,$68,$5975,$25819,$334,$397,$1005,$1402,$216,$-370,$426,$0,$-9,$1727,$-195,$0,$-2239,$0,$59,$59,$0,$-2375,$981,$-1,$980,$-329,$-329,$-353,$-23,$275,$-373,$93,$-353
22,2013-03-31,37.0,$19.97,1.85,$296.67,0.12,$9.13,4.05,$3.35,11.05,$17.93B,$14.47B,1.24,$3.71B,$6.83B,0.54,$102.44B,$4.81B,4.70%,$102.44B,$1.84B,1.80%,$102.44B,$1.84B,1.80%,$102.44B,$2.20B,2.15%,$102.44B,$1.75B,1.70%,$102.44B,$1.16B,1.13%,$1.16B,$6.83B,17.86%,$1.16B,$0.42B,74.30%,$1.16B,$26.72B,4.60%,$1.84B,$10.54B,19.99%,$24552,$23261,$1291,$0,$712,$24077,$475,$-28,$447,$101,$346,$346,$345,$574,$475,$341,345,$1.01,$1.00,$2305,$8328,$0,$17927,$1470,$0,$6413,$913,$8796,$26723,$14474,$3714,$0,$5419,$19893,$2936,$4742,$56,$6830,$26723,$920,$275,$114,$389,$81,$-343,$214,$0,$118,$1427,$-103,$0,$-2219,$0,$65,$65,$0,$-2257,$1280,$-11,$1269,$-137,$-137,$-258,$-13,$861,$31,$68,$-258
23,2012-12-31,36.37,$19.18,1.9,$302.64,0.12,$8.52,4.27,$3.30,11.02,$17.86B,$14.20B,1.26,$2.42B,$6.54B,0.37,$104.80B,$4.73B,4.51%,$104.80B,$1.89B,1.81%,$104.80B,$1.89B,1.81%,$104.80B,$2.24B,2.14%,$104.80B,$1.81B,1.73%,$104.80B,$1.14B,1.09%,$1.14B,$6.54B,18.08%,$1.14B,$2.11B,59.62%,$1.14B,$24.64B,4.65%,$1.89B,$8.97B,21.79%,$25232,$24008,$1224,$0,$699,$24726,$506,$-23,$483,$180,$303,$303,$303,$594,$506,$340,343,$0.89,$0.88,$2255,$8452,$0,$17861,$1475,$0,$4428,$878,$6781,$24642,$14202,$2423,$0,$3898,$18100,$2929,$4491,$74,$6542,$24642,$575,$176,$61,$237,$228,$-536,$31,$0,$-374,$438,$-62,$0,$-126,$0,$71,$71,$0,$-117,$-6,$17,$11,$-174,$-174,$-165,$-12,$-340,$-19,$46,$-165
24,2012-09-30,33.96,$18.47,1.84,$306.66,0.11,$8.25,4.12,$3.17,10.71,$18.01B,$14.67B,1.23,$2.41B,$6.28B,0.38,$106.65B,$4.62B,4.33%,$106.65B,$1.84B,1.72%,$106.65B,$1.84B,1.72%,$106.65B,$2.17B,2.04%,$106.65B,$1.75B,1.64%,$106.65B,$1.10B,1.03%,$1.10B,$6.28B,17.87%,$1.10B,$1.84B,60.91%,$1.10B,$24.82B,4.50%,$1.84B,$8.69B,21.65%,$25889,$24730,$1159,$0,$690,$25432,$457,$-18,$439,$167,$272,$272,$271,$545,$457,$341,344,$0.80,$0.79,$2440,$8105,$0,$18007,$1511,$0,$4441,$861,$6813,$24820,$14669,$2408,$0,$3870,$18539,$2927,$4282,$61,$6281,$24820,$271,$88,$27,$115,$-71,$-207,$464,$0,$182,$568,$-26,$0,$-100,$0,$23,$23,$0,$-103,$-4,$-10,$-14,$-179,$-179,$-84,$-22,$-299,$166,$24,$-84
25,2012-06-30,36.38,$18.20,2.0,$308.17,0.12,$7.99,4.55,$3.06,11.89,$17.51B,$14.17B,1.24,$2.42B,$6.24B,0.39,$107.55B,$4.54B,4.22%,$107.55B,$1.79B,1.67%,$107.55B,$1.79B,1.67%,$107.55B,$2.12B,1.97%,$107.55B,$1.70B,1.58%,$107.55B,$1.07B,0.99%,$1.07B,$6.24B,17.72%,$1.07B,$1.85B,62.25%,$1.07B,$24.26B,4.44%,$1.79B,$8.66B,21.62%,$26764,$25628,$1136,$0,$710,$26360,$404,$-27,$377,$140,$237,$237,$237,$490,$404,$345,349,$0.69,$0.68,$2274,$7864,$0,$17510,$1551,$0,$4392,$807,$6750,$24260,$14174,$2418,$0,$3842,$18016,$2930,$4093,$37,$6244,$24260,$1069,$325,$216,$541,$-129,$-495,$319,$0,$-434,$1176,$-260,$0,$-174,$0,$57,$57,$0,$-377,$245,$13,$258,$-408,$-408,$-300,$-4,$-454,$345,$85,$-300
26,2012-03-31,37.13,$18.04,2.06,$307.30,0.12,$8.50,4.37,$2.95,12.59,$18.07B,$14.85B,1.22,$2.21B,$6.24B,0.35,$107.55B,$4.45B,4.14%,$107.55B,$1.75B,1.62%,$107.55B,$1.75B,1.62%,$107.55B,$2.06B,1.92%,$107.55B,$1.66B,1.55%,$107.55B,$1.04B,0.96%,$1.04B,$6.24B,17.45%,$1.04B,$1.87B,62.66%,$1.04B,$24.64B,4.36%,$1.75B,$8.45B,21.49%,$26918,$25711,$1207,$0,$683,$26391,$527,$-17,$510,$178,$332,$332,$333,$610,$527,$345,349,$0.96,$0.95,$2410,$8220,$0,$18070,$1517,$0,$4371,$684,$6572,$24642,$14846,$2208,$0,$3556,$18402,$2922,$3939,$72,$6240,$24642,$832,$239,$38,$277,$-310,$-870,$1212,$0,$174,$1283,$-158,$0,$-143,$0,$35,$35,$0,$-266,$-45,$8,$-37,$-277,$-277,$-226,$3,$-537,$480,$63,$-226
27,2011-12-31,34.8,$17.15,2.03,$304.05,0.11,$8.37,4.16,$2.70,12.89,$17.78B,$14.62B,1.22,$2.21B,$5.93B,0.37,$106.70B,$4.40B,4.13%,$106.70B,$1.67B,1.56%,$106.70B,$1.67B,1.56%,$106.70B,$2.00B,1.87%,$106.70B,$1.58B,1.48%,$106.70B,$0.95B,0.89%,$0.95B,$5.93B,16.38%,$0.95B,$1.68B,61.87%,$0.95B,$24.26B,4.06%,$1.67B,$8.14B,20.78%,$27078,$25964,$1114,$0,$640,$26629,$449,$-23,$426,$162,$264,$264,$262,$527,$449,$345,349,$0.76,$0.75,$1798,$8889,$0,$17779,$1514,$0,$4244,$726,$6484,$24263,$14624,$2211,$0,$3712,$18336,$2900,$3680,$55,$5928,$24263,$499,$156,$48,$204,$167,$-1553,$1118,$0,$-313,$390,$-101,$0,$-7,$0,$24,$24,$0,$-84,$-1,$4,$3,$-289,$-289,$-152,$0,$-438,$-132,$42,$-152
28,2011-09-30,35.7,$16.55,2.16,$298.81,0.12,$8.22,4.34,$2.56,13.94,$16.72B,$13.80B,1.21,$2.20B,$5.71B,0.38,$105.00B,$4.28B,4.08%,$105.00B,$1.56B,1.49%,$105.00B,$1.56B,1.49%,$105.00B,$1.89B,1.80%,$105.00B,$1.48B,1.41%,$105.00B,$0.90B,0.86%,$0.90B,$5.71B,15.92%,$0.90B,$1.47B,64.53%,$0.90B,$23.18B,3.91%,$1.56B,$7.91B,19.68%,$26792,$25708,$1084,$0,$644,$26380,$412,$-27,$385,$148,$237,$237,$237,$490,$412,$345,349,$0.69,$0.68,$2011,$7497,$0,$16723,$1494,$0,$4249,$717,$6460,$23183,$13797,$2195,$0,$3673,$17469,$2887,$3493,$60,$5714,$23183,$237,$78,$22,$100,$-69,$-161,$410,$0,$167,$504,$-45,$0,$-7,$0,$10,$10,$0,$-42,$0,$-5,$-5,$-282,$-282,$-77,$-17,$-381,$81,$20,$-77
29,2011-06-30,38.52,$16.62,2.32,$291.48,0.13,$7.35,5.24,$2.72,14.16,$16.32B,$13.37B,1.22,$2.18B,$5.85B,0.37,$102.64B,$4.16B,4.05%,$102.64B,$1.51B,1.48%,$102.64B,$1.51B,1.48%,$102.64B,$1.83B,1.78%,$102.64B,$1.52B,1.48%,$102.64B,$0.96B,0.93%,$0.96B,$5.85B,17.31%,$0.96B,$1.59B,59.36%,$0.96B,$22.85B,4.27%,$1.51B,$8.02B,19.54%,$26763,$25720,$1043,$0,$670,$26404,$359,$-18,$341,$134,$207,$207,$203,$433,$359,$349,353,$0.58,$0.57,$1929,$7334,$0,$16316,$1512,$0,$4259,$759,$6530,$22846,$13370,$2175,$0,$3627,$16997,$2898,$3331,$77,$5849,$22846,$959,$313,$169,$482,$-457,$-665,$1356,$0,$-46,$1395,$-288,$0,$-2300,$0,$560,$560,$0,$-2028,$266,$46,$312,$-207,$-207,$-274,$-24,$-193,$-826,$80,$-274
30,2011-03-31,34.72,$16.15,2.15,$283.42,0.12,$9.40,3.69,$2.77,12.53,$16.69B,$13.76B,1.21,$2.36B,$5.66B,0.42,$100.34B,$4.02B,4.01%,$100.34B,$1.49B,1.48%,$100.34B,$1.49B,1.48%,$100.34B,$1.79B,1.78%,$100.34B,$1.49B,1.48%,$100.34B,$0.98B,0.98%,$0.98B,$5.66B,18.14%,$0.98B,$1.39B,49.60%,$0.98B,$23.20B,4.50%,$1.49B,$8.02B,19.76%,$26071,$24909,$1162,$0,$670,$25624,$447,$-22,$425,$176,$250,$250,$246,$545,$447,$349,353,$0.71,$0.70,$1962,$7718,$0,$16685,$1470,$0,$4266,$776,$6511,$23197,$13761,$2362,$0,$3779,$17540,$2887,$3190,$67,$5657,$23197,$756,$239,$21,$260,$-579,$-1048,$1986,$0,$258,$1275,$-183,$0,$-2295,$0,$550,$550,$0,$-1928,$266,$42,$308,$-234,$-234,$-206,$-9,$-141,$-794,$60,$-206
31,2010-12-31,32.19,$15.52,2.07,$276.83,0.12,$10.94,2.94,$2.68,12.01,$16.28B,$13.63B,1.19,$2.38B,$5.42B,0.44,$98.61B,$3.87B,3.92%,$98.61B,$1.41B,1.43%,$98.61B,$1.41B,1.43%,$98.61B,$1.68B,1.70%,$98.61B,$1.42B,1.44%,$98.61B,$0.96B,0.97%,$0.96B,$5.42B,17.94%,$0.96B,$1.14B,39.78%,$0.96B,$22.85B,4.49%,$1.41B,$7.80B,19.19%,$25372,$24378,$994,$0,$607,$25028,$344,$-16,$328,$113,$215,$215,$215,$417,$344,$348,351,$0.62,$0.61,$1348,$8314,$0,$16277,$1485,$0,$4283,$805,$6573,$22850,$13631,$2380,$0,$3797,$17428,$2877,$3024,$39,$5421,$22850,$510,$142,$-22,$120,$-109,$-1600,$1763,$0,$-269,$361,$-123,$0,$-2295,$0,$565,$565,$0,$-1853,$485,$0,$485,$-259,$-259,$-138,$-3,$85,$-1407,$42,$-138
32,2010-09-30,27.62,$15.02,1.84,$273.51,0.1,$12.63,2.19,$2.72,10.15,$15.92B,$12.45B,1.28,$1.91B,$5.24B,0.36,$98.16B,$3.83B,3.91%,$98.16B,$1.43B,1.46%,$98.16B,$1.43B,1.46%,$98.16B,$1.69B,1.72%,$98.16B,$1.46B,1.49%,$98.16B,$0.98B,0.99%,$0.98B,$5.24B,18.48%,$0.98B,$2.34B,34.23%,$0.98B,$20.97B,4.70%,$1.43B,$7.15B,19.82%,$24438,$23475,$962,$0,$582,$24074,$364,$60,$424,$130,$294,$294,$295,$432,$364,$349,352,$0.84,$0.84,$2712,$7088,$0,$15918,$1475,$0,$2897,$682,$5054,$20973,$12452,$1906,$0,$3282,$15734,$2866,$2876,$37,$5239,$20973,$295,$69,$-50,$19,$-272,$-732,$1033,$0,$-96,$217,$-62,$0,$-560,$0,$706,$706,$0,$84,$-0,$0,$-0,$-261,$-261,$-70,$-12,$-344,$-43,$21,$-70
33,2010-06-30,27.93,$14.80,1.89,$273.08,0.1,$13.23,2.11,$1.77,15.78,$14.92B,$11.54B,1.29,$1.90B,$5.28B,0.36,$98.50B,$3.78B,3.84%,$98.50B,$1.31B,1.33%,$98.50B,$1.31B,1.33%,$98.50B,$1.56B,1.58%,$98.50B,$1.21B,1.23%,$98.50B,$0.64B,0.65%,$0.64B,$5.28B,12.34%,$0.64B,$3.02B,21.90%,$0.64B,$19.99B,3.11%,$1.31B,$7.17B,18.17%,$24460,$23555,$904,$0,$577,$24126,$334,$-25,$309,$115,$194,$194,$223,$394,$334,$359,361,$0.63,$0.62,$2755,$6356,$0,$14919,$1469,$692,$2253,$658,$5071,$19990,$11538,$1896,$0,$3177,$14714,$2890,$2647,$70,$5276,$19990,$642,$254,$363,$617,$21,$477,$451,$0,$875,$2134,$-260,$0,$126,$0,$271,$271,$-10,$127,$-1552,$0,$-1552,$-190,$-190,$-253,$1268,$-727,$1534,$100,$-253
34,2010-03-31,29.77,$14.82,2.01,$272.67,0.11,$10.81,2.75,$1.90,15.67,$16.08B,$12.75B,1.26,$1.88B,$5.36B,0.35,$98.39B,$3.82B,3.88%,$98.39B,$1.28B,1.30%,$98.39B,$1.28B,1.30%,$98.39B,$1.53B,1.56%,$98.39B,$1.19B,1.21%,$98.39B,$0.69B,0.70%,$0.69B,$5.36B,11.41%,$0.69B,$3.10B,18.26%,$0.69B,$21.27B,3.16%,$1.28B,$7.24B,15.24%,$24343,$23333,$1010,$0,$629,$23977,$366,$-3,$363,$138,$225,$225,$222,$435,$366,$359,362,$0.62,$0.61,$2639,$7215,$0,$16077,$1406,$805,$2262,$720,$5193,$21270,$12747,$1876,$0,$3162,$15909,$2897,$2464,$172,$5361,$21270,$419,$194,$259,$454,$-365,$-381,$1723,$0,$937,$1810,$-136,$0,$-19,$0,$271,$271,$-10,$106,$-1552,$0,$-1552,$-26,$-26,$-190,$1269,$-498,$1417,$79,$-190
35,2009-12-31,26.51,$14.46,1.83,$272.14,0.1,$7.98,3.32,$2.16,12.27,$15.46B,$12.20B,1.27,$2.10B,$5.23B,0.4,$98.14B,$3.80B,3.87%,$98.14B,$1.30B,1.32%,$98.14B,$1.30B,1.32%,$98.14B,$1.53B,1.56%,$98.14B,$1.17B,1.20%,$98.14B,$0.78B,0.80%,$0.78B,$5.23B,11.46%,$0.78B,$2.93B,21.82%,$0.78B,$20.82B,3.41%,$1.30B,$7.33B,13.59%,$24920,$23962,$958,$0,$605,$24553,$367,$-2,$365,$135,$230,$230,$235,$426,$367,$359,361,$0.65,$0.65,$1747,$7961,$0,$15458,$1423,$897,$2295,$748,$5363,$20822,$12203,$2099,$0,$3392,$15595,$2893,$2307,$200,$5226,$20822,$196,$126,$226,$352,$269,$-1127,$1499,$0,$382,$931,$-76,$0,$-32,$0,$135,$135,$-10,$18,$-1551,$0,$-1551,$-22,$-22,$-127,$1278,$-423,$525,$42,$-127
36,2009-09-30,21.92,$13.63,1.61,$270.04,0.08,$5.87,3.73,$2.39,9.17,$15.09B,$12.15B,1.24,$2.10B,$4.94B,0.43,$97.34B,$3.76B,3.86%,$97.34B,$1.24B,1.27%,$97.34B,$1.24B,1.27%,$97.34B,$1.49B,1.53%,$97.34B,$1.08B,1.11%,$97.34B,$0.87B,0.89%,$0.87B,$4.94B,11.45%,$0.87B,$2.67B,25.88%,$0.87B,$20.44B,3.60%,$1.24B,$7.05B,11.74%,$24781,$23872,$909,$0,$586,$24541,$240,$-65,$175,$237,$-62,$-62,$-38,$306,$240,$359,359,$-0.11,$-0.11,$1585,$6862,$0,$15089,$1439,$902,$2269,$735,$5346,$20435,$12147,$2104,$0,$3347,$15494,$2929,$2124,$77,$4941,$20435,$-38,$66,$219,$285,$-716,$-28,$1003,$0,$159,$406,$-32,$0,$-32,$0,$0,$0,$-10,$-74,$-1201,$0,$-1201,$30,$30,$-64,$1266,$31,$363,$22,$-64
37,2009-06-30,17.88,$24.24,0.74,$265.94,0.07,$4.25,4.21,$3.19,5.61,$20.98B,$12.28B,1.71,$3.27B,$8.73B,0.38,$95.99B,$3.75B,3.90%,$95.99B,$1.29B,1.34%,$95.99B,$1.29B,1.34%,$95.99B,$1.51B,1.58%,$95.99B,$1.16B,1.21%,$95.99B,$1.15B,1.20%,$1.15B,$8.73B,13.88%,$1.15B,$6.46B,37.31%,$1.15B,$25.12B,4.59%,$1.29B,$12.00B,11.02%,$24347,$23403,$944,$0,$592,$24041,$307,$-17,$290,$88,$202,$202,$273,$364,$307,$358,362,$0.75,$0.74,$1222,$6833,$0,$20982,$1465,$0,$2267,$406,$4137,$25119,$12275,$3272,$0,$4119,$16394,$3032,$5954,$82,$8725,$25119,$1152,$226,$404,$630,$-714,$-431,$768,$0,$-357,$1424,$-421,$0,$8,$0,$0,$0,$-129,$-543,$-301,$0,$-301,$39,$39,$-200,$-6,$-468,$413,$110,$-200
38,2009-03-31,18.32,$23.40,0.78,$262.22,0.07,$5.32,3.44,$3.35,5.47,$16.31B,$11.93B,1.37,$3.30B,$8.44B,0.39,$94.54B,$4.26B,4.50%,$94.54B,$1.51B,1.60%,$94.54B,$1.51B,1.60%,$94.54B,$1.61B,1.71%,$94.54B,$1.35B,1.43%,$94.54B,$1.20B,1.27%,$1.20B,$8.44B,14.86%,$1.20B,$2.29B,64.00%,$1.20B,$25.54B,4.85%,$1.51B,$11.74B,13.05%,$24089,$23102,$987,$0,$573,$23708,$381,$-37,$344,$129,$215,$215,$313,$434,$381,$358,361,$0.88,$0.87,$1769,$8070,$0,$16305,$1724,$934,$6142,$430,$9230,$25535,$11927,$3303,$0,$5174,$17100,$3007,$5744,$33,$8435,$25535,$878,$169,$441,$610,$-982,$-1344,$1635,$0,$-660,$829,$-179,$0,$-19,$0,$0,$0,$-72,$-269,$-283,$0,$-283,$39,$39,$-150,$-3,$-397,$163,$83,$-150
39,2008-12-31,19.98,$22.60,0.88,$259.08,0.08,$6.38,3.13,$3.47,5.76,$15.54B,$11.64B,1.34,$3.39B,$8.13B,0.42,$93.36B,$4.74B,5.08%,$93.36B,$1.70B,1.82%,$93.36B,$1.70B,1.82%,$93.36B,$1.85B,1.98%,$93.36B,$1.55B,1.66%,$93.36B,$1.24B,1.33%,$1.24B,$8.13B,15.90%,$1.24B,$1.95B,71.88%,$1.24B,$25.02B,5.13%,$1.70B,$11.52B,15.03%,$24118,$23203,$915,$0,$579,$23805,$313,$-42,$271,$102,$169,$169,$317,$382,$313,$357,360,$0.89,$0.88,$1161,$8536,$0,$15537,$1730,$947,$6183,$619,$9478,$25015,$11639,$3389,$0,$5248,$16887,$3005,$5481,$41,$8128,$25015,$566,$116,$576,$692,$-239,$-1820,$1299,$0,$-1046,$211,$-118,$0,$-6,$0,$0,$0,$-52,$-176,$-283,$101,$-182,$21,$21,$-100,$0,$-261,$-226,$50,$-100
40,2008-09-30,28.44,$22.03,1.29,$256.00,0.11,$6.72,4.23,$3.48,8.17,$15.23B,$11.43B,1.33,$3.60B,$7.92B,0.45,$92.52B,$5.18B,5.60%,$92.52B,$1.91B,2.06%,$92.52B,$1.91B,2.06%,$92.52B,$2.08B,2.25%,$92.52B,$1.75B,1.89%,$92.52B,$1.25B,1.35%,$1.25B,$7.92B,16.55%,$1.25B,$1.65B,79.87%,$1.25B,$24.65B,5.25%,$1.91B,$11.52B,17.24%,$23437,$22536,$901,$0,$590,$23151,$287,$-32,$255,$83,$172,$172,$249,$334,$287,$357,361,$0.70,$0.69,$1057,$7692,$0,$15226,$1750,$936,$6265,$468,$9419,$24645,$11426,$3597,$0,$5301,$16727,$2963,$5215,$136,$7918,$24645,$249,$47,$297,$344,$-858,$-864,$978,$0,$-749,$-155,$-57,$0,$-6,$0,$0,$0,$-32,$-95,$-143,$1,$-141,$18,$18,$-50,$2,$-172,$-421,$21,$-50
41,2008-06-30,29.68,$21.70,1.37,$250.45,0.12,$8.17,3.63,$3.61,8.22,$14.28B,$10.39B,1.37,$3.69B,$7.75B,0.48,$91.06B,$5.62B,6.17%,$91.06B,$2.11B,2.32%,$91.06B,$2.11B,2.32%,$91.06B,$2.33B,2.56%,$91.06B,$1.94B,2.13%,$91.06B,$1.30B,1.43%,$1.30B,$7.75B,17.75%,$1.30B,$1.59B,89.08%,$1.30B,$23.45B,5.56%,$2.11B,$11.44B,19.56%,$22894,$21440,$1455,$0,$895,$22367,$527,$-47,$480,$164,$316,$316,$318,$462,$527,$356,360,$0.89,$0.88,$1675,$6758,$0,$14276,$1714,$917,$6157,$384,$9172,$23448,$10388,$3687,$0,$5313,$15701,$3001,$5016,$211,$7748,$23448,$1301,$220,$143,$363,$-296,$634,$-848,$0,$-122,$1542,$-156,$0,$44,$0,$132,$132,$-747,$-726,$296,$0,$296,$-954,$-954,$-173,$27,$-803,$12,$108,$-173
42,2008-03-31,30.13,$20.73,1.45,$241.59,0.12,$6.51,4.63,$5.03,5.99,$14.91B,$11.14B,1.34,$3.45B,$7.39B,0.47,$90.33B,$5.47B,6.06%,$90.33B,$1.98B,2.19%,$90.33B,$1.98B,2.19%,$90.33B,$2.34B,2.59%,$90.33B,$1.84B,2.03%,$90.33B,$1.89B,2.09%,$1.89B,$7.39B,26.05%,$1.89B,$1.71B,130.72%,$1.89B,$23.60B,8.09%,$1.98B,$10.84B,18.58%,$22910,$21442,$1468,$0,$855,$22333,$576,$-31,$545,$180,$366,$366,$356,$669,$576,$356,360,$1.00,$0.99,$1910,$7257,$0,$14907,$1680,$878,$5681,$458,$8696,$23603,$11142,$3450,$0,$5068,$16210,$2949,$4748,$203,$7393,$23603,$983,$285,$57,$342,$-295,$114,$-217,$-84,$-55,$1270,$-241,$0,$-39,$0,$132,$132,$0,$-148,$-16,$202,$186,$-972,$-972,$-130,$15,$-901,$220,$87,$-130
43,2007-12-31,33.06,$19.84,1.67,$233.40,0.14,$6.62,4.99,$4.09,8.08,$14.72B,$11.41B,1.29,$3.40B,$7.11B,0.48,$89.29B,$5.39B,6.04%,$89.29B,$1.39B,1.56%,$89.29B,$1.39B,1.56%,$89.29B,$1.74B,1.95%,$89.29B,$1.25B,1.40%,$89.29B,$1.55B,1.73%,$1.55B,$7.11B,21.05%,$1.55B,$1.30B,82.35%,$1.55B,$23.47B,6.59%,$1.39B,$10.51B,13.10%,$23283,$21928,$1355,$0,$829,$22764,$519,$-50,$469,$144,$325,$325,$325,$616,$519,$359,365,$0.91,$0.89,$1563,$7637,$0,$14722,$1681,$856,$5813,$395,$8745,$23467,$11411,$3397,$0,$4948,$16359,$2936,$4437,$155,$7108,$23467,$627,$192,$11,$203,$-151,$-254,$-180,$-59,$-447,$383,$-165,$0,$-39,$0,$132,$132,$0,$-72,$-13,$519,$506,$-868,$-868,$-88,$14,$-435,$-124,$55,$-88
44,2007-09-30,35.73,$19.50,1.83,$222.60,0.16,$7.24,4.94,$5.00,7.15,$14.33B,$11.11B,1.29,$3.35B,$7.07B,0.47,$87.79B,$5.34B,6.08%,$87.79B,$1.39B,1.58%,$87.79B,$1.39B,1.58%,$87.79B,$1.72B,1.96%,$87.79B,$1.26B,1.44%,$87.79B,$1.96B,2.23%,$1.96B,$7.07B,25.14%,$1.96B,$1.25B,73.07%,$1.96B,$23.00B,8.30%,$1.39B,$10.42B,12.64%,$21973,$20631,$1342,$0,$830,$21484,$490,$-43,$447,$144,$303,$303,$302,$585,$490,$363,370,$0.83,$0.82,$1659,$7151,$0,$14333,$1683,$831,$5823,$329,$8665,$22998,$11114,$3348,$0,$4816,$15930,$3958,$11659,$146,$7068,$22998,$302,$95,$2,$97,$-192,$233,$-63,$-24,$10,$409,$-89,$0,$-88,$0,$132,$132,$0,$-45,$-13,$232,$219,$-569,$-569,$-44,$12,$-383,$-19,$26,$-44
45,2007-06-30,40.28,$20.04,2.01,$213.94,0.19,$7.88,5.11,$4.84,8.32,$14.55B,$11.46B,1.27,$3.46B,$7.38B,0.47,$86.76B,$5.20B,5.99%,$86.76B,$1.35B,1.55%,$86.76B,$1.35B,1.55%,$86.76B,$1.66B,1.92%,$86.76B,$1.23B,1.41%,$86.76B,$1.93B,2.23%,$1.93B,$7.38B,23.71%,$1.93B,$1.52B,60.05%,$1.93B,$23.15B,8.13%,$1.35B,$10.83B,12.11%,$22166,$20856,$1309,$0,$798,$21772,$394,$-18,$375,$157,$219,$219,$902,$471,$394,$395,405,$2.33,$2.26,$1796,$7383,$0,$14545,$1647,$821,$5861,$281,$8609,$23154,$11460,$3457,$0,$4317,$15777,$3931,$11540,$121,$7377,$23154,$1931,$315,$-574,$-259,$-781,$220,$224,$-131,$-438,$1234,$-347,$0,$-1630,$0,$367,$367,$3147,$1537,$669,$-39,$631,$-3109,$-3109,$-144,$-16,$-2639,$132,$138,$-144
46,2007-03-31,41.53,$20.34,2.04,$207.87,0.2,$9.87,4.21,$3.27,12.7,$17.26B,$12.95B,1.33,$2.90B,$7.87B,0.37,$85.46B,$5.09B,5.96%,$85.46B,$1.43B,1.67%,$85.46B,$1.43B,1.67%,$85.46B,$1.75B,2.04%,$85.46B,$1.31B,1.53%,$85.46B,$1.35B,1.58%,$1.35B,$7.87B,16.03%,$1.35B,$3.46B,34.72%,$1.35B,$24.29B,5.67%,$1.43B,$10.77B,12.78%,$21867,$20480,$1388,$0,$782,$21877,$-10,$-32,$-42,$-37,$-5,$-5,$19,$72,$-10,$395,395,$0.05,$0.05,$1504,$7487,$0,$17262,$1534,$785,$4407,$304,$7030,$24292,$12945,$2899,$0,$3477,$16423,$3636,$10681,$127,$7869,$24292,$1029,$237,$-167,$70,$-820,$11,$493,$-77,$311,$1410,$-239,$0,$-149,$0,$198,$198,$-80,$-270,$119,$255,$373,$-1706,$-1706,$-110,$-18,$-1461,$-321,$109,$-110
47,2006-12-31,36.63,$22.18,1.65,$199.73,0.18,$10.14,3.61,$3.56,10.29,$17.18B,$11.70B,1.47,$2.94B,$8.91B,0.33,$83.80B,$4.96B,5.91%,$83.80B,$1.97B,2.36%,$83.80B,$1.97B,2.36%,$83.80B,$2.28B,2.72%,$83.80B,$1.86B,2.22%,$83.80B,$1.48B,1.76%,$1.48B,$8.91B,17.18%,$1.48B,$4.52B,37.29%,$1.48B,$24.14B,6.25%,$1.97B,$11.84B,17.51%,$21785,$20485,$1300,$0,$756,$21273,$512,$-32,$480,$164,$316,$316,$739,$589,$512,$402,411,$1.84,$1.80,$1801,$7309,$0,$17178,$1519,$759,$4391,$290,$6959,$24137,$11703,$2936,$0,$3527,$15229,$3355,$10693,$90,$8908,$24137,$1010,$155,$-289,$-134,$-592,$184,$76,$-44,$-237,$640,$-141,$0,$-121,$0,$31,$31,$-8,$-238,$163,$4,$166,$-670,$-670,$-73,$-7,$-584,$-183,$70,$-73
