,Date,Stock Price,Book Value per Share,Price to Book Ratio,TTM Sales per Share,Price to Sales Ratio,TTM FCF per Share,Price to FCF Ratio,TTM Net EPS,PE Ratio,Current Assets,Current Liabilities,Current Ratio,Long Term Debt,Shareholder's Equity_x,Debt to Equity Ratio,TTM Revenue_x,TTM Gross Profit,Gross Margin,TTM Revenue_y,TTM Operating Income,Operating Margin,TTM Revenue_x,TTM EBIT,EBIT Margin,TTM Revenue_y,TTM EBITDA,EBITDA Margin,TTM Revenue_x,TTM Pre-Tax Income,Pre-Tax Margin,TTM Revenue_y,TTM Net Income_x,Net Margin,TTM Net Income_y,Shareholder's Equity_y,Return on Equity,TTM Net Income_x,Tangible Equity,Return on Tangible Equity,TTM Net Income_y,Total Assets,Return on Assets,TTM Net Income,LT Investments & Debt,Return on Investment,revenue,cost-goods-sold,gross-profit,research-development-expenses,selling-general-administrative-expenses,operating-expenses,operating-income,total-non-operating-income-expense,pre-tax-income,total-provision-income-taxes,income-after-taxes,income-from-continuous-operations,net-income,ebitda,ebit,basic-shares-outstanding,shares-outstanding,eps-basic-net-earnings-per-share,eps-earnings-per-share-diluted,cash-on-hand,inventory,other-current-assets,total-current-assets,net-property-plant-equipment,long-term-investments,goodwill-intangible-assets-total,other-long-term-assets,total-long-term-assets,total-assets,total-current-liabilities,long-term-debt,other-non-current-liabilities,total-long-term-liabilities,total-liabilities,common-stock-net,retained-earnings-accumulated-deficit,comprehensive-income,total-share-holder-equity,total-liabilities-share-holders-equity,net-income-loss,total-depreciation-amortization-cash-flow,other-non-cash-items,total-non-cash-items,change-in-accounts-receivable,change-in-inventories,change-in-accounts-payable,change-in-assets-liabilities,total-change-in-assets-liabilities,cash-flow-from-operating-activities,net-change-in-property-plant-equipment,net-change-in-intangible-assets,net-acquisitions-divestitures,net-change-in-short-term-investments,net-change-in-long-term-investments,net-change-in-investments-total,investing-activities-other,cash-flow-from-investing-activities,net-long-term-debt,net-current-debt,debt-issuance-retirement-net-total,net-common-equity-issued-repurchased,net-total-equity-issued-repurchased,total-common-preferred-stock-dividends-paid,financial-activities-other,cash-flow-from-financial-activities,net-cash-flow,stock-based-compensation,common-stock-dividends-paid
0,2018-09-30,31.65,$25.60,1.24,$33.57,0.94,$4.72,6.71,$1.97,16.07,$18.96B,$9.27B,2.05,$3.98B,$27.65B,0.14,$36.31B,$17.11B,47.14%,$36.31B,$2.92B,8.04%,$36.31B,$2.92B,8.04%,$36.31B,$5.18B,14.25%,$36.31B,$3.18B,8.76%,$36.31B,$2.13B,5.88%,$2.13B,$27.65B,7.72%,$2.13B,$15.71B,13.68%,$2.13B,$45.03B,4.66%,$2.92B,$31.62B,9.15%,$8338,$4495,$3843,$697,$2532,$7724,$615,$-12,$603,$154,$449,$449,$416,$1170,$615,$1080,1080,$0.39,$0.39,$4829,$5943,$0,$18957,$9881,$451,$11933,$3637,$26073,$45029,$9271,$3978,$1038,$8114,$17384,$1573,$30935,$-1614,$27645,$45029,$1719,$1673,$-72,$1601,$239,$-883,$-1,$-142,$-1161,$1743,$-1110,$0,$-120,$0,$-4,$-4,$6,$-1228,$-492,$11,$-481,$-0,$-0,$-1603,$-33,$-2118,$-1679,$0,$-1603
1,2018-06-30,32.69,$26.01,1.26,$34.14,0.96,$6.60,4.95,$2.11,15.49,$19.73B,$9.73B,2.03,$4.08B,$28.08B,0.15,$36.92B,$17.61B,47.70%,$36.92B,$3.03B,8.20%,$36.92B,$3.03B,8.20%,$36.92B,$5.34B,14.46%,$36.92B,$3.37B,9.13%,$36.92B,$2.29B,6.19%,$2.29B,$28.08B,8.31%,$2.29B,$16.10B,14.95%,$2.29B,$46.11B,4.94%,$3.03B,$32.16B,9.45%,$9259,$4893,$4366,$701,$2763,$8358,$901,$112,$1013,$266,$747,$747,$715,$1463,$901,$1080,1080,$0.66,$0.66,$5882,$5514,$0,$19733,$10148,$457,$11986,$3610,$26376,$46110,$9725,$4082,$1048,$8304,$18029,$1608,$31991,$-2159,$28081,$46110,$1298,$1118,$-68,$1051,$90,$-442,$92,$-116,$-660,$1517,$-800,$0,$-24,$0,$-5,$-5,$4,$-826,$-487,$19,$-468,$-0,$-0,$-844,$-17,$-1329,$-776,$0,$-844
2,2018-03-31,36.45,$25.26,1.44,$33.77,1.08,$7.74,4.71,$2.03,17.96,$19.30B,$9.64B,2.0,$4.54B,$27.27B,0.17,$36.59B,$17.70B,48.38%,$36.59B,$2.99B,8.18%,$36.59B,$2.99B,8.18%,$36.59B,$5.34B,14.58%,$36.59B,$3.25B,8.89%,$36.59B,$2.19B,5.99%,$2.19B,$27.27B,8.06%,$2.19B,$15.12B,14.75%,$2.19B,$45.80B,4.73%,$2.99B,$31.81B,9.32%,$8839,$4747,$4091,$726,$2656,$8129,$709,$80,$789,$239,$550,$550,$525,$1266,$709,$1080,1080,$0.49,$0.49,$5539,$5414,$0,$19301,$10139,$453,$12153,$3538,$26501,$45801,$9635,$4544,$1121,$8896,$18531,$1608,$31277,$-2223,$27270,$45801,$550,$557,$-65,$492,$181,$-352,$70,$-88,$-559,$388,$-430,$0,$-24,$0,$-10,$-10,$5,$-459,$-26,$17,$-9,$-0,$-0,$-844,$-27,$-881,$-1114,$0,$-844
3,2017-12-31,37.4,$25.52,1.47,$33.53,1.12,$8.79,4.25,$1.99,18.79,$19.87B,$9.87B,2.01,$4.39B,$27.56B,0.16,$36.31B,$17.73B,48.84%,$36.31B,$2.95B,8.12%,$36.31B,$2.95B,8.12%,$36.31B,$5.28B,14.55%,$36.31B,$3.15B,8.67%,$36.31B,$2.15B,5.93%,$2.15B,$27.56B,8.02%,$2.15B,$15.47B,14.83%,$2.15B,$46.27B,4.66%,$2.95B,$31.95B,9.24%,$9869,$5056,$4813,$765,$3054,$9176,$693,$84,$777,$253,$524,$524,$478,$1276,$693,$1085,1085,$0.44,$0.44,$6442,$5073,$0,$19871,$10027,$430,$12083,$3538,$26394,$46265,$9874,$4390,$1191,$8834,$18709,$1555,$30521,$-1275,$27556,$46265,$2277,$2331,$37,$2368,$32,$26,$44,$5,$684,$5256,$-1451,$0,$-58,$0,$-19,$-19,$60,$-1469,$-1113,$50,$-1062,$-445,$-445,$-1450,$-73,$-3030,$815,$0,$-1450
4,2017-09-30,33.61,$25.10,1.34,$32.43,1.04,$7.81,4.3,$1.80,18.67,$19.39B,$9.55B,2.03,$5.08B,$27.10B,0.19,$35.17B,$17.09B,48.59%,$35.17B,$2.98B,8.49%,$35.17B,$2.98B,8.49%,$35.17B,$5.21B,14.82%,$35.17B,$3.03B,8.61%,$35.17B,$2.08B,5.92%,$2.08B,$27.10B,7.76%,$2.08B,$14.46B,14.49%,$2.08B,$46.67B,4.48%,$2.98B,$32.18B,9.25%,$8950,$4610,$4340,$733,$2883,$8226,$724,$66,$790,$191,$599,$599,$567,$1333,$724,$1080,1080,$0.53,$0.53,$5956,$5589,$0,$19385,$10196,$552,$12642,$3583,$27289,$46673,$9551,$5080,$1256,$10020,$19571,$1573,$30372,$-1500,$27103,$46673,$1765,$1749,$-115,$1634,$540,$-465,$88,$-8,$477,$3731,$-1058,$0,$-59,$0,$-4,$-4,$-68,$-1189,$-482,$34,$-448,$-450,$-450,$-1466,$-65,$-2429,$150,$0,$-1466
5,2017-06-30,33.31,$0.00,0.0,$31.13,1.07,$7.00,4.76,$1.50,22.21,$19.45B,$9.43B,2.06,$5.54B,$26.91B,0.21,$33.85B,$16.44B,48.56%,$33.85B,$2.65B,7.83%,$33.85B,$2.65B,7.83%,$33.85B,$4.95B,14.64%,$33.85B,$2.68B,7.92%,$33.85B,$1.75B,5.18%,$1.75B,$26.91B,6.50%,$1.75B,$14.41B,10.85%,$1.75B,$46.89B,3.82%,$2.65B,$32.45B,8.52%,$8932,$4472,$4460,$724,$2869,$8065,$867,$29,$896,$250,$646,$646,$623,$1460,$867,$1088,1088,$0.57,$0.57,$6402,$5372,$0,$19451,$10440,$636,$12503,$3550,$27437,$46888,$9433,$5544,$1263,$10547,$19980,$1573,$30535,$-1819,$26908,$46888,$1166,$1140,$-58,$1081,$523,$-329,$189,$11,$384,$2782,$-826,$0,$-50,$0,$3,$3,$-97,$-971,$-15,$21,$6,$-450,$-450,$-737,$-34,$-1216,$573,$0,$-737
6,2017-03-31,30.02,$0.00,0.0,$30.25,0.99,$6.42,4.68,$1.41,21.29,$18.37B,$9.05B,2.03,$5.42B,$25.76B,0.21,$32.92B,$16.00B,48.60%,$32.92B,$2.42B,7.36%,$32.92B,$2.42B,7.36%,$32.92B,$4.75B,14.42%,$32.92B,$2.54B,7.71%,$32.92B,$1.63B,4.94%,$1.63B,$25.76B,6.02%,$1.63B,$13.73B,9.11%,$1.63B,$45.00B,3.62%,$2.42B,$31.18B,8.14%,$8560,$4439,$4121,$715,$2740,$7894,$666,$21,$686,$179,$508,$508,$485,$1213,$666,$1077,1077,$0.45,$0.45,$5805,$5008,$0,$18366,$10323,$641,$12027,$3384,$26636,$45002,$9051,$5421,$1194,$10190,$19241,$1538,$29249,$-2101,$25761,$45002,$508,$547,$-36,$510,$473,$-173,$202,$10,$513,$1473,$-383,$0,$-45,$0,$4,$4,$-17,$-441,$7,$5,$11,$-0,$-0,$-721,$-25,$-734,$215,$0,$-721
7,2016-12-31,27.02,$25.23,1.07,$28.85,0.94,$5.92,4.56,$1.19,22.7,$19.32B,$9.05B,2.14,$5.62B,$27.55B,0.2,$31.29B,$15.40B,49.21%,$31.29B,$2.11B,6.73%,$31.29B,$2.11B,6.73%,$31.29B,$4.41B,14.08%,$31.29B,$2.25B,7.19%,$31.29B,$1.39B,4.43%,$1.39B,$27.55B,5.10%,$1.39B,$14.83B,7.10%,$1.39B,$47.27B,3.14%,$2.11B,$33.17B,7.37%,$8725,$4559,$4166,$668,$2771,$7998,$727,$-71,$656,$204,$452,$452,$406,$1206,$727,$1092,1092,$0.37,$0.37,$5827,$5159,$0,$19318,$10994,$678,$12721,$3295,$27957,$47274,$9047,$5624,$1307,$10677,$19724,$1608,$30827,$-1839,$27551,$47274,$1490,$2301,$106,$2407,$-38,$57,$523,$50,$392,$4603,$-1847,$0,$-5976,$0,$-31,$-31,$153,$-7702,$5609,$-741,$4868,$-0,$-0,$-1507,$-88,$3272,$-31,$0,$-1507
8,2016-09-30,27.24,$25.37,1.07,$28.89,0.94,$5.11,5.33,$1.45,18.78,$16.76B,$13.33B,1.26,$0.01B,$27.70B,0.0,$31.33B,$15.63B,49.88%,$31.33B,$2.28B,7.27%,$31.33B,$2.28B,7.27%,$31.33B,$4.72B,15.06%,$31.33B,$2.51B,8.02%,$31.33B,$1.56B,4.98%,$1.56B,$27.70B,5.80%,$1.56B,$21.66B,7.46%,$1.56B,$44.40B,3.76%,$2.28B,$27.71B,8.47%,$7633,$3942,$3691,$715,$2583,$7240,$392,$51,$444,$181,$263,$263,$239,$1075,$392,$1092,1092,$0.22,$0.22,$5316,$4846,$0,$16755,$11172,$7124,$6043,$3033,$27640,$44395,$13325,$7,$746,$3366,$16690,$1713,$32398,$-3097,$27704,$44395,$1098,$1821,$-15,$1806,$854,$-499,$309,$63,$471,$3365,$-1542,$0,$-91,$0,$-6562,$-6562,$111,$-8084,$-2,$5978,$5976,$-0,$-0,$-1605,$-94,$4276,$-972,$0,$-1605
9,2016-06-30,26.84,$24.77,1.08,$28.85,0.93,$4.63,5.8,$1.61,16.67,$16.49B,$12.66B,1.3,$0.01B,$27.05B,0.0,$31.29B,$15.78B,50.45%,$31.29B,$2.52B,8.06%,$31.29B,$2.52B,8.06%,$31.29B,$4.85B,15.49%,$31.29B,$2.67B,8.54%,$31.29B,$1.72B,5.51%,$1.72B,$27.05B,6.54%,$1.72B,$21.21B,8.43%,$1.72B,$42.92B,4.37%,$2.52B,$27.06B,9.56%,$8000,$3979,$4021,$712,$2671,$7362,$638,$115,$753,$232,$522,$522,$497,$1252,$638,$1092,1092,$0.46,$0.46,$5502,$4457,$0,$16485,$10774,$6693,$5849,$2861,$26432,$42918,$12661,$7,$721,$3203,$15864,$1625,$31285,$-2718,$27054,$42918,$793,$1138,$2,$1140,$630,$-289,$245,$36,$284,$2243,$-917,$0,$-86,$0,$-6187,$-6187,$-28,$-7218,$-2,$5673,$5671,$-0,$-0,$-762,$-74,$4835,$-599,$0,$-762
10,2016-03-31,27.25,$24.16,1.13,$28.84,0.95,$4.24,6.43,$1.64,16.62,$16.23B,$12.52B,1.3,$0.01B,$26.38B,0.0,$31.28B,$15.89B,50.82%,$31.28B,$2.74B,8.77%,$31.28B,$2.74B,8.77%,$31.28B,$4.99B,15.96%,$31.28B,$2.77B,8.85%,$31.28B,$1.79B,5.71%,$1.79B,$26.38B,6.82%,$1.79B,$20.34B,8.82%,$1.79B,$42.10B,4.69%,$2.74B,$26.39B,10.46%,$6936,$3415,$3521,$686,$2486,$6587,$349,$49,$398,$144,$254,$254,$244,$873,$349,$1059,1059,$0.23,$0.23,$5239,$4536,$0,$16229,$10453,$6299,$6044,$2827,$25872,$42101,$12521,$7,$768,$3196,$15716,$1520,$28805,$-1039,$26384,$42101,$254,$524,$10,$534,$621,$-334,$100,$18,$145,$997,$-453,$0,$-25,$0,$-5787,$-5787,$-1,$-6266,$-1,$5742,$5741,$-0,$-0,$-713,$-63,$4965,$-458,$0,$-713
11,2015-12-31,27.54,$24.20,1.14,$28.88,0.95,$4.06,6.79,$1.67,16.49,$17.08B,$6.77B,2.52,$0.01B,$26.43B,0.0,$31.54B,$16.06B,50.90%,$31.54B,$2.95B,9.35%,$31.54B,$2.95B,9.35%,$31.54B,$5.22B,16.54%,$31.54B,$2.88B,9.14%,$31.54B,$1.83B,5.79%,$1.83B,$26.43B,7.04%,$1.83B,$20.45B,8.63%,$1.83B,$36.75B,5.00%,$2.95B,$26.44B,11.35%,$8758,$4365,$4393,$700,$2793,$7858,$900,$16,$916,$299,$617,$617,$580,$1517,$900,$1092,1092,$0.53,$0.53,$5430,$4166,$0,$17075,$10123,$563,$5977,$2768,$19676,$36751,$6767,$7,$1086,$3552,$10319,$1451,$27931,$-247,$26431,$36751,$1920,$2269,$101,$2370,$189,$118,$-143,$38,$-83,$3940,$-2068,$0,$-2088,$0,$-4,$-4,$395,$-3765,$-5,$0,$-5,$7,$7,$-1450,$-296,$-1745,$-1751,$0,$-1450
12,2015-09-30,25.91,$23.41,1.11,$29.43,0.88,$5.50,4.71,$1.51,17.16,$16.77B,$7.14B,2.35,$0.01B,$25.57B,0.0,$32.31B,$16.28B,50.38%,$32.31B,$2.93B,9.06%,$32.31B,$2.93B,9.06%,$32.31B,$5.26B,16.27%,$32.31B,$2.93B,9.05%,$32.31B,$1.85B,5.74%,$1.85B,$25.57B,6.91%,$1.85B,$19.77B,8.03%,$1.85B,$36.07B,4.89%,$2.93B,$25.58B,10.91%,$7591,$3744,$3848,$675,$2539,$6958,$634,$-27,$606,$178,$429,$429,$403,$1203,$634,$1092,1092,$0.37,$0.37,$4895,$4880,$0,$16772,$10103,$523,$5801,$2631,$19301,$36073,$7144,$8,$1049,$3361,$10505,$1433,$27035,$-196,$25568,$36073,$1296,$1652,$-16,$1636,$756,$-628,$82,$43,$41,$2713,$-1417,$0,$-1979,$0,$-8,$-8,$416,$-2989,$-4,$0,$-3,$7,$7,$-1433,$-292,$-1722,$-2159,$0,$-1433
13,2015-06-30,28.99,$24.19,1.2,$30.05,0.96,$6.40,4.53,$1.61,18.0,$17.47B,$7.46B,2.34,$0.01B,$26.42B,0.0,$33.10B,$16.58B,50.08%,$33.10B,$2.98B,9.02%,$33.10B,$2.98B,9.02%,$33.10B,$5.36B,16.19%,$33.10B,$3.09B,9.33%,$33.10B,$2.01B,6.07%,$2.01B,$26.42B,7.25%,$2.01B,$20.44B,8.00%,$2.01B,$37.29B,5.16%,$2.98B,$26.43B,10.75%,$7990,$3859,$4131,$686,$2586,$7131,$859,$-12,$847,$265,$581,$581,$559,$1400,$859,$1092,1092,$0.51,$0.51,$5290,$4850,$0,$17473,$10344,$598,$5977,$2655,$19821,$37294,$7462,$9,$1077,$3414,$10876,$1433,$27295,$371,$26419,$37294,$867,$1082,$5,$1088,$500,$-463,$137,$30,$-86,$1843,$-946,$0,$-1979,$0,$-7,$-7,$424,$-2509,$-2,$0,$-2,$7,$7,$-761,$-257,$-1013,$-1784,$0,$-761
14,2015-03-31,31.63,$23.31,1.36,$30.89,1.02,$7.21,4.39,$1.82,17.38,$18.95B,$7.28B,2.6,$0.01B,$25.46B,0.0,$34.19B,$17.18B,50.26%,$34.19B,$3.21B,9.38%,$34.19B,$3.21B,9.38%,$34.19B,$5.66B,16.55%,$34.19B,$3.39B,9.91%,$34.19B,$2.24B,6.56%,$2.24B,$25.46B,7.88%,$2.24B,$24.02B,8.31%,$2.24B,$35.99B,5.66%,$3.21B,$25.47B,11.27%,$7203,$3519,$3684,$666,$2462,$6646,$556,$-41,$515,$222,$293,$293,$285,$1097,$556,$1092,1092,$0.26,$0.26,$7016,$4728,$0,$18945,$10525,$561,$1439,$4269,$17042,$35987,$7277,$10,$957,$3255,$10532,$1468,$27393,$-187,$25455,$35987,$293,$541,$2,$543,$566,$-442,$227,$10,$95,$835,$-469,$0,$-37,$0,$-9,$-9,$231,$-283,$-1,$0,$-1,$3,$3,$-780,$-17,$-795,$-427,$0,$-780
15,2014-12-31,28.32,$27.33,1.04,$31.74,0.89,$7.53,3.76,$1.97,14.37,$22.72B,$8.75B,2.6,$0.01B,$29.84B,0.0,$35.41B,$17.68B,49.94%,$35.41B,$3.45B,9.75%,$35.41B,$3.45B,9.75%,$35.41B,$5.96B,16.82%,$35.41B,$3.64B,10.28%,$35.41B,$2.42B,6.83%,$2.42B,$29.84B,8.26%,$2.42B,$28.15B,8.69%,$2.42B,$42.38B,5.98%,$3.45B,$29.85B,11.78%,$9530,$4912,$4618,$735,$3005,$8652,$879,$78,$957,$311,$646,$646,$607,$1557,$879,$1113,1113,$0.55,$0.55,$8706,$5018,$0,$22723,$12061,$619,$1684,$5006,$19653,$42376,$8753,$11,$1106,$3786,$12539,$1660,$31544,$269,$29837,$42376,$2520,$2503,$198,$2702,$89,$561,$-234,$-60,$495,$5547,$-2036,$0,$-520,$0,$22,$22,$-23,$-2558,$-7,$-1,$-8,$-1423,$-1423,$-1385,$-42,$-2858,$529,$0,$-1385
16,2014-09-30,28.53,$26.46,1.08,$32.36,0.88,$6.85,4.16,$2.05,13.92,$21.05B,$7.90B,2.67,$0.01B,$29.26B,0.0,$36.42B,$18.05B,49.54%,$36.42B,$3.54B,9.73%,$36.42B,$3.54B,9.73%,$36.42B,$6.17B,16.95%,$36.42B,$3.72B,10.21%,$36.42B,$2.48B,6.80%,$2.48B,$29.26B,8.32%,$2.48B,$27.88B,8.74%,$2.48B,$40.06B,6.06%,$3.54B,$29.27B,11.91%,$8373,$4231,$4142,$721,$2731,$7684,$690,$80,$770,$194,$575,$575,$559,$1304,$690,$1106,1106,$0.51,$0.51,$7601,$5460,$0,$21050,$11979,$591,$1383,$4766,$19008,$40058,$7896,$13,$910,$2904,$10800,$1678,$31227,$-412,$29258,$40058,$1852,$1825,$49,$1874,$737,$-136,$31,$-64,$464,$3826,$-1512,$0,$-512,$0,$22,$22,$-220,$-2221,$-6,$-0,$-6,$-960,$-960,$-1400,$-41,$-2407,$-783,$0,$-1400
17,2014-06-30,28.67,$26.46,1.08,$32.82,0.87,$6.20,4.63,$2.09,13.72,$21.34B,$7.95B,2.69,$0.01B,$29.26B,0.0,$37.27B,$18.42B,49.42%,$37.27B,$3.77B,10.11%,$37.27B,$3.77B,10.11%,$37.27B,$6.48B,17.40%,$37.27B,$3.84B,10.30%,$37.27B,$2.51B,6.73%,$2.51B,$29.26B,8.46%,$2.51B,$27.87B,8.89%,$2.51B,$40.12B,6.12%,$3.77B,$29.27B,12.69%,$9083,$4344,$4738,$753,$2902,$7999,$1083,$63,$1146,$339,$808,$808,$792,$1699,$1083,$1113,1113,$0.71,$0.71,$8053,$5228,$0,$21335,$12190,$566,$1390,$4348,$18784,$40119,$7947,$11,$905,$2910,$10858,$1713,$32012,$-1160,$29261,$40119,$1303,$1210,$50,$1261,$592,$26,$109,$-67,$515,$2886,$-1079,$0,$-111,$0,$-2,$-2,$-201,$-1392,$-4,$-0,$-5,$-980,$-980,$-724,$-20,$-1729,$-433,$0,$-724
18,2014-03-31,27.19,$25.74,1.06,$33.13,0.82,$5.44,4.99,$1.95,13.95,$20.88B,$7.67B,2.72,$0.01B,$28.85B,0.0,$37.95B,$18.50B,48.75%,$37.95B,$3.68B,9.69%,$37.95B,$3.68B,9.69%,$37.95B,$6.41B,16.88%,$37.95B,$3.69B,9.73%,$37.95B,$2.39B,6.30%,$2.39B,$28.85B,8.09%,$2.39B,$27.46B,8.50%,$2.39B,$39.43B,5.78%,$3.68B,$28.86B,12.44%,$8423,$4237,$4185,$726,$2658,$7621,$802,$-33,$768,$278,$491,$491,$462,$1397,$802,$1131,1131,$0.41,$0.41,$7498,$5331,$0,$20882,$12178,$662,$1391,$4132,$18544,$39425,$7674,$11,$906,$2901,$10575,$1695,$30901,$-952,$28851,$39425,$491,$595,$67,$662,$597,$-67,$65,$-61,$253,$1283,$-539,$0,$-10,$0,$-1,$-1,$2,$-548,$-4,$-0,$-4,$-485,$-485,$-717,$-13,$-1220,$-600,$0,$-717
19,2013-12-31,28.02,$27.78,1.01,$33.41,0.84,$4.72,5.93,$1.92,14.59,$23.55B,$8.74B,2.7,$0.02B,$31.59B,0.0,$38.43B,$18.52B,48.20%,$38.43B,$3.47B,9.04%,$38.43B,$3.47B,9.04%,$38.43B,$6.31B,16.41%,$38.43B,$3.58B,9.32%,$38.43B,$2.37B,6.18%,$2.37B,$31.59B,7.92%,$2.37B,$30.09B,8.33%,$2.37B,$43.70B,5.62%,$3.47B,$31.60B,11.58%,$10543,$5563,$4980,$788,$3224,$9575,$968,$67,$1036,$331,$705,$705,$662,$1772,$968,$1148,1148,$0.58,$0.58,$8619,$5704,$0,$23545,$13171,$725,$1494,$4566,$20155,$43700,$8738,$15,$994,$3375,$12112,$1800,$33091,$-831,$31588,$43700,$2467,$2834,$290,$3124,$464,$881,$-1119,$-160,$-192,$5229,$-2384,$0,$-51,$0,$-16,$-16,$-127,$-2577,$-9,$-6,$-14,$-515,$-515,$-1603,$-156,$-2288,$1259,$0,$-1603
20,2013-09-30,27.53,$25.48,1.08,$30.75,0.9,$2.79,9.87,$1.90,14.49,$21.40B,$8.22B,2.61,$0.01B,$28.97B,0.0,$38.83B,$18.06B,46.52%,$38.83B,$2.65B,6.83%,$38.83B,$2.65B,6.83%,$38.83B,$5.54B,14.26%,$38.83B,$3.65B,9.40%,$38.83B,$2.42B,6.22%,$2.42B,$28.97B,7.87%,$2.42B,$27.57B,8.28%,$2.42B,$40.86B,5.53%,$2.65B,$28.99B,8.64%,$9223,$4707,$4516,$782,$2819,$8308,$915,$-26,$889,$275,$614,$614,$594,$1616,$915,$1149,1149,$0.52,$0.52,$7021,$6138,$0,$21402,$12824,$649,$1407,$4385,$19454,$40856,$8217,$14,$905,$3667,$11883,$1765,$31805,$-2181,$28973,$40856,$1729,$2031,$55,$2085,$1010,$-48,$-602,$-114,$-122,$3468,$-1813,$0,$-50,$0,$-2,$-2,$-231,$-2097,$-7,$2,$-6,$-505,$-505,$-1572,$-59,$-2142,$-264,$0,$-1572
21,2013-06-30,28.28,$24.95,1.13,$31.50,0.9,$1.73,16.34,$1.93,14.65,$21.96B,$8.97B,2.45,$0.02B,$28.77B,0.0,$39.86B,$18.50B,46.42%,$39.86B,$2.65B,6.64%,$39.86B,$2.65B,6.64%,$39.86B,$5.67B,14.23%,$39.86B,$3.73B,9.35%,$39.86B,$2.46B,6.18%,$2.46B,$28.77B,7.77%,$2.46B,$27.37B,8.17%,$2.46B,$41.51B,5.43%,$2.65B,$28.78B,8.34%,$9765,$4944,$4821,$784,$3044,$8772,$993,$5,$999,$305,$693,$693,$672,$1622,$993,$1153,1153,$0.58,$0.58,$7627,$5883,$0,$21960,$12969,$613,$1396,$4359,$19546,$41506,$8966,$17,$889,$3772,$12739,$1765,$31212,$-2284,$28768,$41506,$1115,$1330,$41,$1371,$721,$185,$-562,$-9,$-130,$2201,$-1199,$0,$-50,$0,$3,$3,$-160,$-1407,$-2,$-6,$-8,$0,$0,$-815,$-39,$-862,$415,$0,$-815
22,2013-03-31,30.99,$26.48,1.17,$32.59,0.95,$1.30,23.91,$1.90,16.31,$22.02B,$8.36B,2.63,$0.02B,$30.53B,0.0,$41.48B,$19.25B,46.42%,$41.48B,$2.83B,6.81%,$41.48B,$2.83B,6.81%,$41.48B,$6.02B,14.52%,$41.48B,$3.81B,9.18%,$41.48B,$2.45B,5.90%,$2.45B,$30.53B,7.43%,$2.45B,$29.03B,7.82%,$2.45B,$42.88B,5.18%,$2.83B,$30.55B,8.57%,$8902,$4695,$4206,$801,$2808,$8304,$597,$60,$657,$202,$455,$455,$446,$1298,$597,$1153,1153,$0.39,$0.39,$6874,$6416,$0,$22018,$13963,$618,$1497,$4559,$20864,$42882,$8361,$19,$950,$3994,$12355,$1905,$33777,$-3070,$30527,$42882,$455,$701,$28,$729,$967,$-77,$-475,$-12,$-174,$604,$-676,$0,$-54,$0,$14,$14,$-84,$-800,$-5,$-6,$-11,$-0,$-0,$-880,$-25,$-916,$-803,$0,$-880
23,2012-12-31,33.12,$0.00,0.0,$33.36,0.99,$1.15,28.8,$2.15,15.41,$26.03B,$10.56B,2.47,$0.03B,$34.43B,0.0,$42.69B,$19.81B,46.41%,$42.69B,$3.24B,7.58%,$42.69B,$3.24B,7.58%,$42.69B,$6.46B,15.14%,$42.69B,$4.28B,10.03%,$42.69B,$2.75B,6.44%,$2.75B,$34.43B,8.19%,$2.75B,$32.73B,8.63%,$2.75B,$49.44B,5.66%,$3.24B,$34.46B,9.63%,$10936,$6416,$4519,$919,$3452,$10787,$148,$145,$1105,$303,$801,$703,$703,$1000,$148,$1674,1674,$0.42,$0.42,$8687,$6895,$3278,$26028,$42748,$708,$1697,$5257,$50409,$49444,$10555,$26,$4433,$4460,$15015,$2185,$39237,$0,$34429,$49444,$2906,$3227,$0,$3227,$0,$0,$0,$0,$-1678,$4801,$-3892,$0,$-9,$0,$0,$-11,$1252,$-2659,$0,$-63,$-39,$0,$-1875,$-1780,$-240,$-3997,$-1332,$0,$0
24,2012-09-30,26.5,$0.00,0.0,$36.72,0.72,$3.01,8.79,$2.36,11.23,$24.58B,$10.52B,2.34,$0.03B,$33.14B,0.0,$44.12B,$20.73B,46.99%,$44.12B,$3.49B,7.91%,$44.12B,$3.49B,7.91%,$44.12B,$6.74B,15.28%,$44.12B,$4.45B,10.08%,$44.12B,$2.84B,6.43%,$2.84B,$33.14B,8.42%,$2.84B,$31.48B,8.87%,$2.84B,$47.80B,5.81%,$3.49B,$33.17B,10.35%,$10256,$5297,$4958,$929,$3121,$9347,$909,$55,$964,$308,$656,$643,$643,$1753,$909,$1169,1169,$0.55,$0.55,$7897,$7578,$3217,$24578,$0,$681,$1660,$5156,$7497,$47800,$10518,$27,$4113,$4140,$14657,$2241,$39465,$0,$33142,$47800,$2153,$2375,$0,$2375,$0,$0,$0,$0,$-1053,$3408,$-2961,$0,$-9,$0,$0,$-10,$993,$-1988,$0,$-58,$-42,$0,$-1923,$-1825,$-167,$-4014,$-2636,$0,$0
25,2012-06-30,33.06,$0.00,0.0,$37.84,0.87,$4.64,7.13,$2.65,12.48,$25.97B,$11.12B,2.34,$0.03B,$33.65B,0.0,$45.77B,$21.65B,47.30%,$45.77B,$4.17B,9.12%,$45.77B,$4.17B,9.12%,$45.77B,$7.48B,16.34%,$45.77B,$5.02B,10.97%,$45.77B,$3.20B,7.00%,$3.20B,$33.65B,9.40%,$3.20B,$31.95B,9.90%,$3.20B,$48.88B,6.47%,$4.17B,$33.68B,12.22%,$11382,$5814,$5569,$979,$3418,$10210,$1172,$-89,$1083,$410,$673,$655,$655,$1972,$1172,$1190,1190,$0.55,$0.55,$9514,$6864,$3242,$25966,$0,$669,$1699,$5037,$7405,$48879,$11122,$32,$4077,$4109,$15231,$2212,$39236,$0,$33648,$48879,$1478,$1530,$0,$1530,$0,$0,$0,$0,$-545,$2557,$-2040,$0,$-9,$0,$0,$630,$4,$-1415,$0,$-46,$-10,$0,$-1265,$-913,$-140,$-2374,$-1255,$0,$0
26,2012-03-31,38.75,$0.00,0.0,$36.66,1.06,$5.09,7.62,$2.64,14.68,$25.86B,$11.00B,2.35,$0.04B,$33.11B,0.0,$44.72B,$21.25B,47.51%,$44.72B,$3.97B,8.88%,$44.72B,$3.97B,8.88%,$44.72B,$7.31B,16.34%,$44.72B,$4.95B,11.06%,$44.72B,$3.21B,7.19%,$3.21B,$33.11B,9.35%,$3.21B,$31.40B,9.86%,$3.21B,$48.17B,6.47%,$3.97B,$33.14B,11.53%,$10113,$5346,$4767,$878,$2880,$9104,$1008,$123,$1131,$355,$776,$750,$750,$1738,$1008,$1191,1191,$0.63,$0.63,$9476,$6754,$3382,$25861,$0,$704,$1703,$4986,$7393,$48167,$10997,$39,$4026,$4066,$15062,$2131,$37169,$0,$33105,$48167,$776,$730,$0,$730,$0,$0,$0,$0,$-518,$684,$-933,$0,$-9,$0,$0,$-8,$-0,$-950,$0,$23,$-1,$0,$-610,$-879,$-134,$-1601,$-1558,$0,$0
27,2011-12-31,35.8,$0.00,0.0,$36.34,0.99,$5.51,6.5,$2.55,14.04,$27.61B,$11.46B,2.41,$0.04B,$34.79B,0.0,$44.72B,$21.37B,47.80%,$44.72B,$3.96B,8.84%,$44.72B,$3.96B,8.84%,$44.72B,$7.31B,16.34%,$44.72B,$4.80B,10.74%,$44.72B,$3.13B,7.00%,$3.13B,$34.79B,9.05%,$3.13B,$33.02B,9.56%,$3.13B,$50.39B,6.32%,$3.96B,$34.83B,11.41%,$12369,$6933,$5436,$1150,$3885,$11968,$401,$-24,$1270,$390,$879,$788,$788,$1277,$401,$1250,1250,$0.63,$0.63,$11522,$6112,$3137,$27606,$0,$664,$1770,$5087,$7520,$50394,$11460,$43,$4101,$4144,$15603,$2241,$39222,$0,$34791,$50394,$3258,$3351,$0,$3351,$0,$0,$0,$0,$-1067,$6020,$-3011,$0,$0,$0,$0,$-3,$-276,$-3289,$0,$32,$-51,$0,$-1279,$-1959,$-45,$-3301,$-863,$0,$0
28,2011-09-30,36.24,$0.00,0.0,$38.72,0.94,$9.41,3.85,$2.54,14.27,$27.57B,$12.45B,2.22,$0.06B,$34.87B,0.0,$45.53B,$20.71B,45.48%,$45.53B,$2.31B,5.08%,$45.53B,$2.31B,5.08%,$45.53B,$5.84B,12.83%,$45.53B,$4.85B,10.65%,$45.53B,$3.01B,6.61%,$3.01B,$34.87B,8.71%,$3.01B,$33.06B,9.20%,$3.01B,$50.78B,6.11%,$2.31B,$34.93B,6.68%,$11908,$6031,$5877,$1013,$3272,$10316,$1592,$-56,$1536,$516,$1020,$1011,$1011,$2491,$1592,$1204,1204,$0.84,$0.84,$11144,$6728,$3457,$27568,$0,$734,$1812,$5227,$7773,$50779,$12447,$64,$3401,$3465,$15912,$2270,$39701,$0,$34867,$50779,$2467,$2474,$0,$2474,$0,$0,$0,$0,$-50,$4449,$-2034,$0,$0,$0,$0,$-6,$-583,$-2623,$0,$97,$-43,$0,$-1297,$-1984,$-40,$-3267,$-1675,$0,$0
29,2011-06-30,38.11,$0.00,0.0,$37.67,1.01,$11.12,3.43,$2.36,16.15,$26.61B,$11.11B,2.4,$0.07B,$34.70B,0.0,$44.49B,$20.15B,45.29%,$44.49B,$1.96B,4.41%,$44.49B,$1.96B,4.41%,$44.49B,$5.52B,12.40%,$44.49B,$4.61B,10.36%,$44.49B,$2.81B,6.32%,$2.81B,$34.70B,8.20%,$2.81B,$32.84B,8.68%,$2.81B,$49.32B,5.79%,$1.96B,$34.77B,5.72%,$10328,$5161,$5167,$939,$3259,$9360,$968,$40,$1008,$324,$684,$665,$665,$1799,$968,$1231,1231,$0.54,$0.54,$11443,$5910,$3181,$26610,$0,$763,$1857,$5221,$7842,$49318,$11113,$69,$3436,$3505,$14617,$2158,$37680,$0,$34700,$49318,$1375,$1575,$0,$1575,$0,$0,$0,$0,$-626,$2356,$-1269,$0,$0,$0,$0,$-2,$365,$-905,$0,$81,$-22,$0,$-615,$-986,$-19,$-1561,$99,$0,$0
30,2011-03-31,34.19,$0.00,0.0,$38.17,0.9,$12.56,2.72,$2.44,14.01,$25.42B,$10.31B,2.47,$0.05B,$34.02B,0.0,$45.19B,$20.39B,45.11%,$45.19B,$2.29B,5.06%,$45.19B,$2.29B,5.06%,$45.19B,$5.79B,12.82%,$45.19B,$4.88B,10.80%,$45.19B,$2.92B,6.45%,$2.92B,$34.02B,8.63%,$2.92B,$32.15B,9.15%,$2.92B,$47.77B,6.12%,$2.29B,$34.06B,6.75%,$10111,$5216,$4894,$845,$3056,$9117,$994,$-6,$988,$314,$674,$668,$668,$1738,$994,$1237,1237,$0.54,$0.54,$11116,$5252,$3064,$25415,$0,$790,$1870,$5202,$7862,$47768,$10310,$46,$3397,$3443,$13753,$2106,$36130,$0,$34015,$47768,$674,$744,$0,$744,$0,$0,$0,$0,$-294,$867,$-601,$0,$0,$0,$0,$9,$32,$-560,$0,$100,$-11,$0,$-0,$-962,$-16,$-890,$-289,$0,$0
31,2010-12-31,40.49,$0.00,0.0,$36.52,1.11,$13.31,3.04,$2.39,16.94,$26.30B,$11.07B,2.38,$0.05B,$34.69B,0.0,$43.21B,$19.45B,45.03%,$43.21B,$2.23B,5.15%,$43.21B,$2.23B,5.15%,$43.21B,$5.64B,13.04%,$43.21B,$4.85B,11.23%,$43.21B,$2.86B,6.61%,$2.86B,$34.69B,8.65%,$2.86B,$32.80B,9.14%,$2.86B,$49.18B,6.14%,$2.23B,$34.74B,6.72%,$13184,$8415,$4769,$1288,$4721,$14424,$-1241,$1,$1319,$433,$886,$666,$666,$-188,$-1241,$1074,1074,$0.62,$0.62,$11573,$4750,$3096,$26302,$0,$1007,$1889,$5147,$8042,$49183,$11073,$51,$3372,$3423,$14496,$2158,$37323,$0,$34687,$49183,$3120,$3410,$0,$3410,$0,$0,$0,$0,$2037,$9190,$-2418,$0,$-687,$0,$0,$-110,$-1008,$-4224,$0,$-925,$2,$0,$-756,$-1680,$-97,$-3456,$562,$0,$0
32,2010-09-30,36.34,$0.00,0.0,$32.22,1.13,$9.58,3.79,$2.30,15.8,$25.42B,$11.20B,2.27,$0.06B,$33.71B,0.0,$39.85B,$18.50B,46.42%,$39.85B,$3.31B,8.31%,$39.85B,$3.31B,8.31%,$39.85B,$6.49B,16.29%,$39.85B,$4.61B,11.57%,$39.85B,$2.84B,7.14%,$2.84B,$33.71B,8.84%,$2.84B,$31.76B,9.30%,$2.84B,$47.98B,6.36%,$3.31B,$33.77B,10.27%,$10871,$5550,$5320,$918,$3160,$9628,$1243,$52,$1296,$475,$821,$812,$812,$2169,$1243,$1230,1230,$0.66,$0.66,$9741,$5604,$3623,$25415,$0,$968,$1944,$4949,$7861,$47983,$11201,$62,$3015,$3077,$14278,$2081,$35406,$0,$33705,$47983,$2339,$2358,$0,$2358,$0,$0,$0,$0,$1119,$6184,$-1608,$0,$-662,$0,$0,$-137,$-489,$-2895,$0,$-881,$-3,$0,$-392,$-1620,$-294,$-3190,$-424,$0,$0
33,2010-06-30,29.02,$0.00,0.0,$30.34,0.96,$6.95,4.18,$1.97,14.73,$23.62B,$9.97B,2.37,$0.06B,$32.69B,0.0,$37.58B,$17.06B,45.39%,$37.58B,$2.74B,7.28%,$37.58B,$2.74B,7.28%,$37.58B,$5.98B,15.92%,$37.58B,$4.02B,10.70%,$37.58B,$2.44B,6.49%,$2.44B,$32.69B,7.73%,$2.44B,$30.75B,8.11%,$2.44B,$45.65B,5.68%,$2.74B,$32.75B,8.66%,$11027,$5625,$5402,$931,$3182,$9738,$1289,$-9,$1280,$498,$782,$769,$769,$2073,$1289,$1240,1240,$0.62,$0.62,$9170,$4861,$3360,$23618,$0,$982,$1934,$4756,$7672,$45647,$9965,$62,$2935,$2997,$12962,$1986,$33168,$0,$32685,$45647,$1449,$1431,$0,$1431,$0,$0,$0,$0,$589,$3961,$-1085,$0,$-631,$0,$0,$-299,$4,$-2011,$0,$-871,$4,$0,$-57,$-772,$-16,$-1711,$-265,$0,$0
34,2010-03-31,35.4,$0.00,0.0,$28.05,1.26,$4.64,7.63,$1.48,23.92,$21.75B,$9.47B,2.3,$0.06B,$31.05B,0.0,$34.82B,$15.26B,43.81%,$34.82B,$1.92B,5.50%,$34.82B,$1.92B,5.50%,$34.82B,$5.22B,14.99%,$34.82B,$3.11B,8.93%,$34.82B,$1.83B,5.27%,$1.83B,$31.05B,5.94%,$1.83B,$29.76B,6.20%,$1.83B,$43.36B,4.44%,$1.92B,$31.10B,6.19%,$8124,$4161,$3963,$763,$2267,$7190,$934,$22,$955,$324,$632,$611,$611,$1582,$934,$1247,1247,$0.49,$0.49,$7906,$4906,$3079,$21751,$0,$1015,$1284,$5327,$7626,$43364,$9469,$58,$2791,$2849,$12317,$1879,$30749,$0,$31046,$43364,$632,$648,$0,$648,$0,$0,$0,$0,$447,$1738,$-536,$0,$-569,$0,$0,$-90,$1,$-1195,$0,$-598,$6,$0,$-0,$-730,$-15,$-1336,$-855,$0,$0
35,2009-12-31,32.42,$0.00,0.0,$27.35,1.19,$3.24,9.99,$1.14,28.44,$21.93B,$8.52B,2.58,$0.05B,$31.30B,0.0,$33.71B,$14.34B,42.54%,$33.71B,$1.19B,3.52%,$33.71B,$1.19B,3.52%,$33.71B,$4.61B,13.68%,$33.71B,$2.39B,7.08%,$33.71B,$1.40B,4.17%,$1.40B,$31.30B,4.63%,$1.40B,$30.02B,4.84%,$1.40B,$41.82B,3.50%,$1.19B,$31.35B,3.90%,$9825,$6014,$3812,$907,$3058,$9979,$-154,$59,$1080,$391,$689,$652,$652,$668,$-154,$1233,1233,$0.53,$0.53,$8849,$4057,$2977,$21932,$0,$1240,$1276,$3571,$6087,$41821,$8518,$53,$1952,$2005,$10523,$1900,$31211,$0,$31298,$41821,$1470,$3428,$0,$3428,$0,$0,$0,$0,$966,$6644,$-3468,$0,$-32,$0,$0,$-545,$21,$-4024,$0,$-3,$-32,$0,$-0,$-1476,$-36,$-1548,$1259,$0,$0
36,2009-09-30,30.26,$0.00,0.0,$28.34,1.07,$2.44,12.42,$0.72,42.02,$20.50B,$8.05B,2.55,$0.07B,$31.17B,0.0,$34.82B,$13.08B,37.56%,$34.82B,$-1.74B,-5.00%,$34.82B,$-1.74B,-5.00%,$34.82B,$2.18B,6.27%,$34.82B,$2.10B,6.02%,$34.82B,$0.88B,2.53%,$0.88B,$31.17B,2.95%,$0.88B,$29.81B,3.09%,$0.88B,$41.14B,2.17%,$-1.74B,$31.23B,-5.83%,$8604,$4722,$3881,$819,$2396,$7937,$667,$40,$706,$273,$433,$408,$408,$1658,$667,$1237,1237,$0.33,$0.33,$7339,$4744,$2950,$20498,$0,$1007,$1356,$3760,$6123,$41135,$8047,$65,$1857,$1922,$9969,$1942,$31223,$0,$31166,$41135,$808,$2606,$0,$2606,$0,$0,$0,$0,$512,$4161,$-2815,$0,$-33,$0,$0,$-352,$20,$-3180,$0,$-2,$-22,$0,$-0,$-1509,$-38,$-1571,$-506,$0,$0
37,2009-06-30,24.61,$0.00,0.0,$28.87,0.85,$2.08,11.81,$1.02,24.13,$19.07B,$7.26B,2.63,$0.07B,$29.91B,0.0,$35.69B,$13.77B,38.57%,$35.69B,$-1.17B,-3.27%,$35.69B,$-1.17B,-3.27%,$35.69B,$2.66B,7.44%,$35.69B,$2.59B,7.26%,$35.69B,$1.27B,3.56%,$1.27B,$29.91B,4.37%,$1.27B,$28.63B,4.52%,$1.27B,$39.01B,3.13%,$-1.17B,$29.99B,-4.00%,$8269,$4670,$3599,$842,$2289,$7801,$468,$-98,$370,$181,$189,$163,$163,$1312,$468,$1250,1250,$0.13,$0.13,$6571,$4417,$2741,$19070,$0,$902,$1280,$3659,$5842,$39007,$7256,$71,$1766,$1837,$9093,$1820,$29598,$0,$29914,$39007,$352,$1615,$0,$1615,$0,$0,$0,$0,$-410,$1966,$-1948,$0,$-31,$0,$0,$-104,$-192,$-2274,$0,$-2,$-10,$0,$-0,$-707,$-23,$-743,$-788,$0,$0
38,2009-03-31,21.62,$0.00,0.0,$29.98,0.72,$2.83,7.63,$1.64,13.18,$18.86B,$7.58B,2.49,$0.08B,$28.91B,0.0,$37.29B,$14.71B,39.44%,$37.29B,$-0.69B,-1.86%,$37.29B,$-0.69B,-1.86%,$37.29B,$3.01B,8.06%,$37.29B,$3.85B,10.33%,$37.29B,$2.06B,5.54%,$2.06B,$28.91B,7.20%,$2.06B,$27.68B,7.36%,$2.06B,$38.28B,5.00%,$-0.69B,$28.99B,-2.41%,$7011,$3961,$3049,$743,$2102,$6806,$204,$24,$229,$69,$160,$181,$181,$975,$204,$1207,1207,$0.15,$0.15,$5936,$5102,$2864,$18855,$0,$836,$1230,$3500,$5566,$38277,$7576,$76,$1716,$1792,$9368,$1783,$28837,$0,$28909,$38277,$160,$771,$0,$771,$0,$0,$0,$0,$-535,$535,$-1059,$0,$-2,$0,$0,$2,$18,$-1041,$0,$1,$-10,$0,$-0,$-693,$-23,$-724,$-1041,$0,$0
39,2008-12-31,23.39,$0.00,0.0,$32.21,0.73,$3.04,7.69,$2.34,9.99,$22.69B,$10.37B,2.19,$0.09B,$29.23B,0.0,$40.35B,$16.66B,41.28%,$40.35B,$0.81B,2.01%,$40.35B,$0.81B,2.01%,$40.35B,$4.56B,11.31%,$40.35B,$5.29B,13.10%,$40.35B,$2.95B,7.31%,$2.95B,$29.23B,10.32%,$2.95B,$27.92B,10.44%,$2.95B,$43.63B,6.98%,$0.81B,$29.32B,2.83%,$10931,$8382,$2549,$1576,$4054,$14013,$-3081,$-198,$791,$247,$544,$128,$128,$-1762,$-3081,$1219,1219,$0.11,$0.11,$7548,$5571,$3029,$22691,$0,$976,$1309,$3736,$6021,$43626,$10374,$93,$1830,$4024,$14397,$1920,$31611,$0,$29228,$43626,$3397,$3751,$0,$3751,$0,$0,$0,$0,$-262,$6777,$-4623,$0,$-66,$0,$0,$-423,$-80,$-5192,$0,$-29,$-94,$0,$-1100,$-1594,$-234,$-3050,$-2915,$0,$0
40,2008-09-30,27.64,$0.00,0.0,$32.14,0.86,$3.98,6.94,$3.13,8.83,$22.33B,$10.13B,2.2,$0.09B,$28.21B,0.0,$40.51B,$18.41B,45.46%,$40.51B,$3.82B,9.43%,$40.51B,$3.82B,9.43%,$40.51B,$7.28B,17.97%,$40.51B,$6.63B,16.36%,$40.51B,$3.94B,9.73%,$3.94B,$28.21B,14.16%,$3.94B,$28.21B,14.16%,$3.94B,$41.27B,9.50%,$3.82B,$28.30B,13.67%,$9481,$4912,$4569,$833,$2492,$8238,$1243,$-41,$1202,$381,$821,$798,$798,$2131,$1243,$1267,1267,$0.63,$0.63,$7145,$6385,$2950,$22330,$0,$1147,$0,$4368,$5515,$41267,$10131,$92,$864,$2925,$13056,$1680,$28064,$0,$28211,$41267,$2861,$2432,$0,$2432,$0,$0,$0,$0,$-778,$4187,$-3253,$0,$-42,$0,$0,$-369,$-44,$-3708,$0,$-25,$-80,$0,$-191,$-1394,$-154,$-1846,$-1992,$0,$0
41,2008-06-30,37.49,$0.00,0.0,$31.74,1.18,$4.62,8.11,$3.21,11.68,$23.43B,$10.69B,2.19,$0.10B,$28.38B,0.0,$40.16B,$18.44B,45.91%,$40.16B,$4.09B,10.19%,$40.16B,$4.09B,10.19%,$40.16B,$7.55B,18.79%,$40.16B,$6.84B,17.02%,$40.16B,$4.06B,10.11%,$4.06B,$28.38B,15.08%,$4.06B,$28.38B,15.08%,$4.06B,$42.06B,10.02%,$4.09B,$28.47B,15.15%,$9863,$5324,$4539,$905,$2694,$8922,$941,$117,$1628,$578,$1050,$957,$957,$1663,$941,$1276,1276,$0.75,$0.75,$8371,$5794,$2628,$23432,$0,$1218,$0,$4345,$5562,$42058,$10685,$96,$908,$2997,$13682,$1648,$26910,$0,$28377,$42058,$2023,$1544,$0,$1544,$0,$0,$0,$0,$-406,$3166,$-2193,$0,$-2,$0,$0,$-448,$-89,$-2732,$0,$-25,$21,$0,$-0,$-714,$-83,$-802,$-736,$0,$0
42,2008-03-31,33.95,$0.00,0.0,$30.88,1.1,$5.15,6.59,$3.22,10.54,$22.73B,$10.54B,2.16,$0.10B,$28.47B,0.0,$39.31B,$18.42B,46.85%,$39.31B,$4.48B,11.39%,$39.31B,$4.48B,11.39%,$39.31B,$7.83B,19.92%,$39.31B,$6.82B,17.35%,$39.31B,$4.09B,10.41%,$4.09B,$28.47B,15.70%,$4.09B,$28.47B,15.70%,$4.09B,$42.11B,10.39%,$4.48B,$28.57B,17.12%,$10075,$5077,$4999,$796,$2495,$8367,$1708,$-42,$1666,$560,$1106,$1066,$1066,$2530,$1708,$1255,1255,$0.85,$0.85,$7285,$5818,$2827,$22726,$0,$1240,$0,$4467,$5707,$42113,$10541,$104,$927,$3104,$13645,$1747,$27452,$0,$28468,$42113,$1066,$822,$0,$822,$0,$0,$0,$0,$-659,$1075,$-1355,$0,$-2,$0,$0,$-439,$-99,$-1895,$0,$-26,$22,$0,$-0,$-757,$-88,$-849,$-2368,$0,$0
43,2007-12-31,33.55,$0.00,0.0,$29.50,1.14,$5.60,5.99,$3.21,10.45,$23.48B,$11.31B,2.08,$0.08B,$26.30B,0.0,$38.05B,$17.94B,47.15%,$38.05B,$4.53B,11.90%,$38.05B,$4.53B,11.90%,$38.05B,$7.60B,19.98%,$38.05B,$6.92B,18.17%,$38.05B,$4.14B,10.88%,$4.14B,$26.30B,16.49%,$4.14B,$26.30B,16.49%,$4.14B,$40.61B,10.90%,$4.53B,$26.38B,17.97%,$11086,$6781,$4305,$1122,$3256,$11159,$-73,$68,$2130,$726,$1404,$1121,$1121,$955,$-73,$1246,1246,$0.90,$0.90,$8685,$5071,$2575,$23479,$0,$811,$0,$4041,$4852,$40614,$11310,$78,$918,$3002,$14313,$1572,$24481,$0,$26301,$40614,$4395,$3075,$0,$3075,$0,$0,$0,$0,$238,$7553,$-4182,$0,$-141,$0,$0,$410,$20,$-3892,$0,$-3,$-94,$0,$-4053,$-1185,$-105,$-5439,$-1900,$0,$0
44,2007-09-30,39.37,$0.00,0.0,$28.08,1.4,$4.79,8.21,$3.08,12.78,$20.74B,$9.91B,2.09,$0.05B,$24.52B,0.0,$36.98B,$17.42B,47.10%,$36.98B,$4.40B,11.89%,$36.98B,$4.40B,11.89%,$36.98B,$7.21B,19.51%,$36.98B,$6.79B,18.36%,$36.98B,$4.05B,10.95%,$4.05B,$24.52B,16.05%,$4.05B,$24.52B,16.05%,$4.05B,$37.35B,10.66%,$4.40B,$24.57B,17.34%,$9138,$4543,$4594,$783,$2297,$7623,$1515,$-103,$1412,$466,$946,$916,$916,$2398,$1515,$1290,1290,$0.71,$0.71,$6979,$5285,$2524,$20738,$0,$866,$0,$3827,$4693,$37351,$9914,$54,$946,$2919,$12832,$1519,$22543,$0,$24518,$37351,$3135,$2047,$0,$2047,$0,$0,$0,$0,$-49,$4892,$-3118,$0,$-109,$0,$0,$107,$155,$-2965,$0,$-4,$-94,$0,$-3915,$-1144,$-83,$-5241,$-3385,$0,$0
45,2007-06-30,42.52,$0.00,0.0,$27.32,1.56,$4.40,9.67,$3.11,13.67,$22.10B,$9.60B,2.3,$0.13B,$25.00B,0.01,$36.21B,$16.96B,46.83%,$36.21B,$4.35B,12.00%,$36.21B,$4.35B,12.00%,$36.21B,$6.93B,19.14%,$36.21B,$6.91B,19.07%,$36.21B,$4.12B,11.36%,$4.12B,$25.00B,16.35%,$4.12B,$25.00B,16.35%,$4.12B,$37.47B,10.93%,$4.35B,$25.13B,17.18%,$9015,$4496,$4519,$791,$2399,$7687,$1329,$137,$1612,$571,$1041,$991,$991,$1947,$1329,$1313,1313,$0.76,$0.76,$9197,$4675,$2295,$22096,$0,$947,$0,$3557,$4504,$37468,$9600,$132,$914,$2873,$12473,$1420,$21122,$0,$24995,$37468,$2075,$1165,$0,$1165,$0,$0,$0,$0,$314,$3580,$-1884,$0,$-102,$0,$0,$271,$13,$-1702,$0,$-3,$-84,$0,$-1628,$-541,$-19,$-2275,$-381,$0,$0
46,2007-03-31,38.66,$0.00,0.0,$27.35,1.41,$3.98,9.7,$3.06,12.63,$21.05B,$9.03B,2.33,$0.13B,$24.59B,0.01,$36.15B,$16.88B,46.69%,$36.15B,$4.48B,12.40%,$36.15B,$4.48B,12.40%,$36.15B,$6.93B,19.18%,$36.15B,$6.78B,18.77%,$36.15B,$4.05B,11.19%,$4.05B,$24.59B,16.23%,$4.05B,$24.59B,16.23%,$4.05B,$36.51B,10.87%,$4.48B,$24.73B,17.88%,$8812,$4289,$4523,$618,$2147,$7054,$1758,$4,$1761,$615,$1147,$1112,$1112,$2304,$1758,$1324,1324,$0.84,$0.84,$8215,$4706,$2344,$21046,$0,$934,$0,$3385,$4318,$36507,$9032,$134,$898,$2884,$11915,$1480,$20967,$0,$24592,$36507,$1112,$546,$0,$546,$0,$0,$0,$0,$-232,$1295,$-995,$0,$-26,$0,$0,$-37,$5,$-1052,$0,$1,$-6,$0,$-1696,$-564,$-19,$-2285,$-2039,$0,$0
47,2006-12-31,40.75,$0.00,0.0,$26.66,1.53,$3.82,10.67,$2.92,13.96,$25.04B,$10.47B,2.39,$0.14B,$26.88B,0.01,$35.28B,$16.41B,46.51%,$35.28B,$4.23B,11.98%,$35.28B,$4.23B,11.98%,$35.28B,$6.59B,18.67%,$35.28B,$6.47B,18.35%,$35.28B,$3.86B,10.95%,$3.86B,$26.88B,15.80%,$3.86B,$26.88B,15.80%,$3.86B,$40.70B,10.56%,$4.23B,$27.02B,17.17%,$10014,$6232,$3782,$1485,$2500,$10217,$-204,$22,$2004,$692,$1311,$1032,$1032,$564,$-204,$1340,1340,$0.77,$0.77,$10495,$4852,$2837,$25041,$0,$994,$0,$3265,$4258,$40697,$10470,$142,$1255,$3348,$13818,$1571,$21705,$0,$26879,$40697,$4098,$2361,$0,$2361,$0,$0,$0,$0,$-93,$6257,$-3711,$0,$-22,$0,$0,$-436,$23,$-4147,$0,$-7,$-43,$0,$-4,$-939,$26,$-967,$1356,$0,$0
