,Date,Stock Price,Book Value per Share,Price to Book Ratio,TTM Sales per Share,Price to Sales Ratio,TTM FCF per Share,Price to FCF Ratio,TTM Net EPS,PE Ratio,Current Assets,Current Liabilities,Current Ratio,Long Term Debt,Shareholder's Equity_x,Debt to Equity Ratio,TTM Revenue_x,TTM Gross Profit,Gross Margin,TTM Revenue_y,TTM Operating Income,Operating Margin,TTM Revenue_x,TTM EBIT,EBIT Margin,TTM Revenue_y,TTM EBITDA,EBITDA Margin,TTM Revenue_x,TTM Pre-Tax Income,Pre-Tax Margin,TTM Revenue_y,TTM Net Income_x,Net Margin,TTM Net Income_y,Shareholder's Equity_y,Return on Equity,TTM Net Income_x,Tangible Equity,Return on Tangible Equity,TTM Net Income_y,Total Assets,Return on Assets,TTM Net Income,LT Investments & Debt,Return on Investment,revenue,cost-goods-sold,gross-profit,research-development-expenses,selling-general-administrative-expenses,operating-expenses,operating-income,total-non-operating-income-expense,pre-tax-income,total-provision-income-taxes,income-after-taxes,income-from-continuous-operations,net-income,ebitda,ebit,basic-shares-outstanding,shares-outstanding,eps-basic-net-earnings-per-share,eps-earnings-per-share-diluted,cash-on-hand,inventory,other-current-assets,total-current-assets,net-property-plant-equipment,long-term-investments,goodwill-intangible-assets-total,other-long-term-assets,total-long-term-assets,total-assets,total-current-liabilities,long-term-debt,other-non-current-liabilities,total-long-term-liabilities,total-liabilities,common-stock-net,retained-earnings-accumulated-deficit,comprehensive-income,total-share-holder-equity,total-liabilities-share-holders-equity,net-income-loss,total-depreciation-amortization-cash-flow,other-non-cash-items,total-non-cash-items,change-in-accounts-receivable,change-in-inventories,change-in-accounts-payable,change-in-assets-liabilities,total-change-in-assets-liabilities,cash-flow-from-operating-activities,net-change-in-property-plant-equipment,net-change-in-intangible-assets,net-acquisitions-divestitures,net-change-in-short-term-investments,net-change-in-long-term-investments,net-change-in-investments-total,investing-activities-other,cash-flow-from-investing-activities,net-long-term-debt,net-current-debt,debt-issuance-retirement-net-total,net-common-equity-issued-repurchased,net-total-equity-issued-repurchased,total-common-preferred-stock-dividends-paid,financial-activities-other,cash-flow-from-financial-activities,net-cash-flow,stock-based-compensation,common-stock-dividends-paid
0,2018-09-30,53.54,$13.45,3.98,$49.82,1.07,$7.54,7.11,$3.02,17.73,$0.16B,$0.34B,0.45,$0.02B,$0.61B,0.03,$2.34B,$0.40B,17.03%,$2.34B,$0.13B,5.35%,$2.34B,$0.13B,5.35%,$2.34B,$0.22B,9.41%,$2.34B,$0.12B,4.92%,$2.34B,$0.14B,5.99%,$0.14B,$0.61B,23.01%,$0.14B,$0.59B,23.99%,$0.14B,$1.31B,10.70%,$0.13B,$0.63B,19.89%,$581,$482,$99,$0,$37,$547,$33,$-3,$30,$2,$28,$28,$28,$58,$33,$45,46,$0.63,$0.61,$13,$40,$0,$155,$940,$0,$26,$187,$1153,$1308,$344,$20,$204,$351,$695,$1,$1383,$-0,$613,$1308,$83,$72,$19,$91,$36,$3,$-8,$13,$8,$182,$-79,$-3,$0,$0,$0,$0,$-24,$-106,$10,$0,$10,$-54,$-54,$-41,$15,$-70,$7,$16,$-41
1,2018-06-30,54.7,$13.37,4.09,$48.98,1.12,$7.01,7.81,$2.97,18.42,$0.17B,$0.36B,0.48,$0.02B,$0.61B,0.03,$2.31B,$0.40B,17.09%,$2.31B,$0.13B,5.45%,$2.31B,$0.13B,5.45%,$2.31B,$0.22B,9.48%,$2.31B,$0.12B,5.11%,$2.31B,$0.14B,5.97%,$0.14B,$0.61B,22.96%,$0.14B,$0.59B,23.93%,$0.14B,$1.31B,10.61%,$0.13B,$0.63B,20.21%,$593,$489,$104,$0,$41,$559,$35,$-3,$32,$3,$28,$28,$28,$58,$35,$45,47,$0.62,$0.61,$29,$35,$0,$169,$936,$0,$25,$177,$1138,$1307,$355,$20,$191,$339,$694,$1,$1370,$-1,$613,$1307,$54,$48,$14,$62,$38,$8,$-5,$6,$24,$141,$-52,$-1,$0,$0,$0,$0,$-13,$-66,$10,$0,$10,$-36,$-36,$-27,$1,$-51,$23,$11,$-27
2,2018-03-31,47.65,$13.00,3.66,$47.86,1.0,$6.53,7.29,$3.14,15.17,$0.16B,$0.34B,0.48,$0.03B,$0.59B,0.05,$2.29B,$0.40B,17.57%,$2.29B,$0.14B,6.16%,$2.29B,$0.14B,6.16%,$2.29B,$0.24B,10.27%,$2.29B,$0.14B,5.90%,$2.29B,$0.15B,6.47%,$0.15B,$0.59B,24.34%,$0.15B,$0.57B,25.34%,$0.15B,$1.29B,11.40%,$0.14B,$0.62B,22.54%,$591,$495,$96,$0,$39,$559,$32,$-2,$30,$4,$26,$26,$26,$56,$32,$46,47,$0.57,$0.56,$25,$41,$0,$164,$935,$0,$24,$164,$1123,$1287,$344,$30,$188,$349,$693,$1,$1355,$-0,$594,$1287,$26,$24,$7,$31,$45,$2,$-4,$5,$18,$75,$-31,$-0,$0,$0,$0,$0,$0,$-31,$20,$0,$20,$-34,$-34,$-13,$2,$-25,$19,$6,$-13
3,2017-12-31,47.32,$13.37,3.54,$46.63,1.01,$6.17,7.67,$3.29,14.38,$0.21B,$0.40B,0.52,$0.01B,$0.61B,0.02,$2.26B,$0.41B,18.19%,$2.26B,$0.15B,6.77%,$2.26B,$0.15B,6.77%,$2.26B,$0.25B,10.88%,$2.26B,$0.15B,6.50%,$2.26B,$0.16B,6.95%,$0.16B,$0.61B,25.47%,$0.16B,$0.59B,26.50%,$0.16B,$1.33B,12.11%,$0.15B,$0.62B,24.42%,$572,$473,$99,$0,$35,$547,$25,$-2,$23,$-35,$58,$58,$58,$48,$25,$47,48,$1.24,$1.22,$6,$43,$0,$209,$935,$0,$24,$165,$1124,$1333,$398,$10,$180,$322,$720,$1,$1346,$-0,$614,$1333,$157,$93,$2,$95,$-7,$-8,$4,$-14,$-13,$239,$-121,$-2,$0,$0,$0,$0,$-18,$-140,$10,$0,$10,$-114,$-114,$-50,$8,$-146,$-48,$16,$-50
4,2017-09-30,41.1,$12.65,3.25,$46.97,0.87,$7.78,5.28,$2.71,15.17,$0.17B,$0.32B,0.51,$0.03B,$0.58B,0.05,$2.29B,$0.43B,18.73%,$2.29B,$0.18B,7.64%,$2.29B,$0.18B,7.64%,$2.29B,$0.27B,11.74%,$2.29B,$0.17B,7.38%,$2.29B,$0.13B,5.72%,$0.13B,$0.58B,21.34%,$0.13B,$0.56B,22.19%,$0.13B,$1.28B,10.19%,$0.18B,$0.61B,28.17%,$555,$459,$96,$0,$35,$521,$34,$-2,$33,$6,$26,$26,$26,$57,$34,$47,48,$0.57,$0.56,$20,$44,$0,$165,$933,$0,$24,$154,$1111,$1275,$323,$30,$181,$369,$692,$1,$1301,$-0,$583,$1275,$100,$69,$18,$87,$33,$-9,$-2,$-2,$-33,$154,$-73,$-1,$0,$0,$0,$0,$-9,$-83,$30,$0,$30,$-98,$-98,$-37,$0,$-105,$-34,$15,$-37
5,2017-06-30,48.77,$13.43,3.63,$46.66,1.05,$9.22,5.29,$2.85,17.11,$0.21B,$0.33B,0.64,$0.00B,$0.64B,0.0,$2.30B,$0.44B,19.29%,$2.30B,$0.19B,8.32%,$2.30B,$0.19B,8.32%,$2.30B,$0.28B,12.37%,$2.30B,$0.18B,8.01%,$2.30B,$0.14B,6.10%,$0.14B,$0.64B,22.75%,$0.14B,$0.62B,23.65%,$0.14B,$1.30B,11.04%,$0.19B,$0.64B,31.03%,$570,$459,$111,$0,$35,$520,$50,$-2,$49,$10,$38,$38,$38,$74,$50,$48,49,$0.80,$0.78,$66,$40,$0,$210,$913,$0,$23,$152,$1089,$1299,$330,$0,$169,$329,$659,$1,$1288,$0,$641,$1299,$73,$46,$14,$60,$31,$-5,$4,$-3,$-19,$114,$-44,$-1,$0,$0,$0,$0,$-9,$-53,$0,$0,$0,$-23,$-23,$-23,$-2,$-48,$12,$10,$-23
6,2017-03-31,61.18,$13.10,4.67,$46.31,1.32,$10.17,6.02,$2.85,21.47,$0.20B,$0.32B,0.62,$0.00B,$0.63B,0.0,$2.29B,$0.45B,19.56%,$2.29B,$0.20B,8.58%,$2.29B,$0.20B,8.58%,$2.29B,$0.29B,12.56%,$2.29B,$0.19B,8.23%,$2.29B,$0.14B,6.17%,$0.14B,$0.63B,23.33%,$0.14B,$0.60B,24.26%,$0.14B,$1.28B,11.33%,$0.20B,$0.63B,32.42%,$563,$459,$105,$0,$36,$520,$44,$-1,$42,$7,$35,$35,$35,$67,$44,$48,49,$0.74,$0.71,$66,$39,$0,$202,$911,$0,$23,$141,$1075,$1277,$323,$0,$170,$326,$649,$1,$1262,$0,$628,$1277,$35,$23,$9,$32,$35,$-4,$-4,$-3,$-19,$48,$-19,$-0,$0,$0,$0,$0,$-0,$-20,$0,$0,$0,$-4,$-4,$-12,$-1,$-17,$12,$5,$-12
7,2016-12-31,57.59,$12.65,4.55,$45.93,1.25,$10.78,5.34,$2.82,20.42,$0.22B,$0.38B,0.59,$0.00B,$0.60B,0.0,$2.28B,$0.45B,19.77%,$2.28B,$0.20B,8.83%,$2.28B,$0.20B,8.83%,$2.28B,$0.29B,12.74%,$2.28B,$0.19B,8.44%,$2.28B,$0.14B,6.15%,$0.14B,$0.60B,23.57%,$0.14B,$0.58B,24.52%,$0.14B,$1.29B,11.44%,$0.20B,$0.60B,33.84%,$603,$487,$117,$0,$39,$556,$47,$-2,$45,$13,$32,$32,$32,$71,$47,$48,49,$0.69,$0.67,$54,$35,$0,$221,$910,$0,$23,$139,$1072,$1293,$377,$0,$160,$314,$690,$1,$1238,$0,$603,$1293,$139,$88,$38,$126,$7,$-1,$1,$-13,$51,$316,$-116,$-2,$0,$0,$0,$0,$-42,$-159,$0,$0,$0,$-118,$-118,$-42,$14,$-147,$10,$21,$-42
8,2016-09-30,47.93,$12.36,3.88,$44.12,1.09,$8.57,5.59,$2.70,17.75,$0.18B,$0.30B,0.6,$0.00B,$0.59B,0.0,$2.20B,$0.44B,19.82%,$2.20B,$0.19B,8.77%,$2.20B,$0.19B,8.77%,$2.20B,$0.28B,12.73%,$2.20B,$0.18B,8.36%,$2.20B,$0.14B,6.14%,$0.14B,$0.59B,22.86%,$0.14B,$0.57B,23.78%,$0.14B,$1.20B,11.17%,$0.19B,$0.59B,32.68%,$560,$450,$110,$0,$36,$510,$50,$-2,$48,$13,$35,$35,$35,$72,$50,$48,49,$0.72,$0.70,$66,$36,$0,$183,$903,$0,$23,$96,$1021,$1204,$304,$0,$156,$311,$615,$1,$1217,$0,$590,$1204,$107,$65,$28,$93,$42,$-2,$-5,$3,$25,$225,$-71,$-1,$0,$0,$0,$0,$0,$-72,$0,$0,$0,$-100,$-100,$-31,$-0,$-131,$22,$16,$-31
9,2016-06-30,45.88,$12.36,3.71,$43.15,1.06,$6.47,7.09,$2.52,18.21,$0.20B,$0.30B,0.65,$0.00B,$0.60B,0.0,$2.17B,$0.43B,19.70%,$2.17B,$0.18B,8.26%,$2.17B,$0.18B,8.26%,$2.17B,$0.27B,12.23%,$2.17B,$0.17B,7.89%,$2.17B,$0.13B,5.81%,$0.13B,$0.60B,21.43%,$0.13B,$0.57B,22.28%,$0.13B,$1.20B,10.49%,$0.18B,$0.60B,30.44%,$559,$444,$115,$0,$36,$504,$55,$-2,$53,$14,$39,$39,$39,$77,$55,$48,50,$0.80,$0.78,$80,$35,$0,$198,$889,$0,$23,$95,$1006,$1204,$304,$0,$147,$303,$607,$1,$1194,$0,$597,$1204,$73,$43,$20,$63,$45,$-1,$-6,$3,$23,$158,$-40,$-1,$0,$0,$0,$0,$0,$-41,$0,$0,$0,$-63,$-63,$-20,$1,$-82,$36,$11,$-20
10,2016-03-31,50.4,$12.02,4.19,$42.40,1.19,$5.31,9.49,$2.43,20.74,$0.19B,$0.31B,0.62,$0.00B,$0.59B,0.0,$2.14B,$0.42B,19.75%,$2.14B,$0.17B,8.14%,$2.14B,$0.17B,8.14%,$2.14B,$0.26B,12.12%,$2.14B,$0.17B,7.77%,$2.14B,$0.12B,5.71%,$0.12B,$0.59B,21.18%,$0.12B,$0.56B,22.02%,$0.12B,$1.19B,10.22%,$0.17B,$0.59B,29.88%,$554,$446,$108,$0,$35,$505,$49,$-2,$46,$12,$34,$34,$34,$70,$49,$49,50,$0.70,$0.68,$54,$36,$0,$190,$886,$0,$22,$94,$1003,$1193,$306,$0,$143,$301,$607,$1,$1165,$0,$586,$1193,$34,$21,$15,$37,$43,$-2,$-1,$1,$12,$82,$-22,$-1,$0,$0,$0,$0,$0,$-23,$0,$0,$0,$-38,$-38,$-10,$-1,$-49,$10,$5,$-10
11,2015-12-31,43.6,$12.00,3.63,$41.48,1.05,$4.92,8.86,$2.31,18.87,$0.23B,$0.35B,0.64,$0.00B,$0.59B,0.0,$2.10B,$0.41B,19.56%,$2.10B,$0.17B,7.90%,$2.10B,$0.17B,7.90%,$2.10B,$0.25B,11.95%,$2.10B,$0.16B,7.57%,$2.10B,$0.12B,5.52%,$0.12B,$0.59B,20.85%,$0.12B,$0.57B,21.70%,$0.12B,$1.23B,9.85%,$0.17B,$0.59B,29.19%,$527,$423,$103,$0,$36,$488,$39,$-2,$37,$10,$27,$27,$27,$61,$39,$49,51,$0.55,$0.53,$44,$34,$0,$225,$892,$0,$22,$94,$1008,$1233,$350,$0,$139,$295,$645,$1,$1141,$0,$589,$1233,$117,$86,$42,$128,$-9,$-1,$-13,$-10,$3,$248,$-154,$-2,$0,$0,$0,$0,$0,$-156,$0,$0,$0,$-81,$-81,$-36,$11,$-106,$-14,$20,$-36
12,2015-09-30,50.81,$11.76,4.32,$40.75,1.25,$5.50,9.23,$2.25,22.58,$0.19B,$0.29B,0.65,$0.00B,$0.58B,0.0,$2.07B,$0.40B,19.24%,$2.07B,$0.16B,7.81%,$2.07B,$0.16B,7.81%,$2.07B,$0.25B,11.86%,$2.07B,$0.16B,7.47%,$2.07B,$0.11B,5.45%,$0.11B,$0.58B,20.61%,$0.11B,$0.56B,21.45%,$0.11B,$1.18B,9.74%,$0.16B,$0.58B,28.89%,$527,$426,$101,$0,$33,$491,$36,$-1,$35,$9,$26,$26,$26,$57,$36,$49,51,$0.54,$0.52,$30,$37,$0,$187,$874,$0,$22,$93,$988,$1176,$291,$0,$136,$306,$596,$1,$1123,$0,$580,$1176,$89,$64,$21,$85,$32,$-3,$-15,$-8,$-13,$161,$-109,$-1,$0,$0,$0,$0,$0,$-110,$0,$0,$0,$-67,$-67,$-26,$13,$-80,$-28,$15,$-26
13,2015-06-30,51.17,$11.22,4.56,$40.14,1.27,$5.90,8.67,$2.21,23.16,$0.21B,$0.30B,0.7,$0.03B,$0.55B,0.05,$2.05B,$0.39B,18.91%,$2.05B,$0.16B,7.82%,$2.05B,$0.16B,7.82%,$2.05B,$0.24B,11.93%,$2.05B,$0.15B,7.48%,$2.05B,$0.11B,5.43%,$0.11B,$0.55B,20.79%,$0.11B,$0.53B,21.65%,$0.11B,$1.18B,9.71%,$0.16B,$0.57B,28.95%,$529,$419,$110,$0,$35,$479,$50,$-1,$48,$14,$35,$35,$35,$71,$50,$48,50,$0.72,$0.69,$62,$36,$0,$208,$851,$0,$22,$94,$967,$1175,$298,$25,$132,$327,$626,$1,$1107,$0,$549,$1175,$63,$42,$12,$55,$35,$-3,$-9,$-14,$3,$121,$-59,$-1,$0,$0,$0,$0,$0,$-60,$25,$0,$25,$-72,$-72,$-16,$6,$-57,$4,$10,$-16
14,2015-03-31,46.14,$10.43,4.42,$39.28,1.17,$5.93,7.78,$2.11,21.87,$0.19B,$0.30B,0.63,$0.03B,$0.51B,0.05,$2.01B,$0.37B,18.48%,$2.01B,$0.15B,7.60%,$2.01B,$0.15B,7.60%,$2.01B,$0.24B,11.72%,$2.01B,$0.15B,7.25%,$2.01B,$0.11B,5.27%,$0.11B,$0.51B,20.23%,$0.11B,$0.49B,21.06%,$0.11B,$1.13B,9.47%,$0.15B,$0.53B,28.19%,$518,$421,$97,$0,$33,$477,$41,$-2,$39,$11,$28,$28,$28,$62,$41,$49,51,$0.58,$0.56,$39,$33,$0,$189,$829,$0,$21,$90,$940,$1129,$298,$25,$128,$324,$622,$1,$1080,$0,$507,$1129,$28,$21,$7,$28,$35,$1,$-1,$-10,$9,$65,$-24,$-1,$0,$0,$0,$0,$0,$-25,$25,$0,$25,$-79,$-79,$-8,$4,$-59,$-19,$5,$-8
15,2014-12-31,46.9,$11.16,4.2,$38.26,1.23,$6.01,7.8,$1.98,23.69,$0.22B,$0.32B,0.7,$0.00B,$0.56B,0.0,$1.98B,$0.36B,18.32%,$1.98B,$0.15B,7.34%,$1.98B,$0.15B,7.34%,$1.98B,$0.23B,11.49%,$1.98B,$0.14B,7.03%,$1.98B,$0.10B,5.11%,$0.10B,$0.56B,19.31%,$0.10B,$0.54B,20.08%,$0.10B,$1.16B,9.14%,$0.15B,$0.56B,26.77%,$500,$409,$91,$0,$29,$465,$35,$-2,$33,$8,$24,$24,$24,$56,$35,$50,52,$0.50,$0.46,$58,$33,$0,$224,$828,$0,$21,$88,$937,$1161,$322,$0,$128,$283,$605,$1,$1060,$0,$557,$1161,$101,$83,$19,$102,$-12,$2,$18,$1,$36,$240,$-114,$-2,$0,$0,$0,$0,$0,$-116,$0,$0,$0,$-118,$-118,$-30,$20,$-128,$-4,$17,$-30
16,2014-09-30,42.26,$10.57,4.0,$37.31,1.13,$5.39,7.84,$2.12,19.94,$0.17B,$0.26B,0.66,$0.03B,$0.52B,0.05,$1.95B,$0.37B,18.76%,$1.95B,$0.15B,7.89%,$1.95B,$0.15B,7.89%,$1.95B,$0.24B,12.10%,$1.95B,$0.15B,7.64%,$1.95B,$0.11B,5.64%,$0.11B,$0.52B,20.83%,$0.11B,$0.50B,21.62%,$0.11B,$1.11B,10.03%,$0.15B,$0.55B,28.17%,$499,$410,$89,$0,$30,$465,$34,$-1,$33,$9,$24,$24,$24,$55,$34,$49,51,$0.49,$0.48,$22,$37,$0,$174,$824,$0,$21,$87,$932,$1106,$263,$25,$125,$320,$583,$1,$1044,$0,$523,$1106,$77,$62,$13,$74,$19,$-2,$15,$-0,$10,$161,$-88,$-1,$0,$0,$0,$0,$0,$-89,$25,$0,$25,$-128,$-128,$-22,$14,$-111,$-40,$12,$-22
17,2014-06-30,42.95,$10.25,4.19,$36.11,1.19,$5.48,7.84,$2.14,20.07,$0.16B,$0.26B,0.64,$0.03B,$0.51B,0.05,$1.92B,$0.37B,19.20%,$1.92B,$0.16B,8.27%,$1.92B,$0.16B,8.27%,$1.92B,$0.24B,12.43%,$1.92B,$0.15B,8.01%,$1.92B,$0.11B,5.88%,$0.11B,$0.51B,20.81%,$0.11B,$0.49B,21.54%,$0.11B,$1.08B,10.32%,$0.16B,$0.53B,28.62%,$496,$401,$95,$0,$29,$454,$43,$-2,$41,$11,$30,$30,$30,$63,$43,$49,51,$0.61,$0.59,$26,$36,$0,$163,$811,$0,$19,$87,$917,$1081,$255,$25,$120,$316,$571,$1,$1028,$0,$509,$1081,$53,$41,$8,$49,$25,$-1,$12,$-1,$20,$122,$-58,$-1,$0,$0,$0,$0,$0,$-58,$25,$0,$25,$-119,$-119,$-14,$9,$-100,$-36,$8,$-14
18,2014-03-31,43.94,$10.04,4.38,$34.98,1.26,$5.15,8.53,$2.07,21.22,$0.17B,$0.26B,0.64,$0.03B,$0.50B,0.05,$1.90B,$0.37B,19.30%,$1.90B,$0.16B,8.28%,$1.90B,$0.16B,8.28%,$1.90B,$0.24B,12.45%,$1.90B,$0.15B,8.07%,$1.90B,$0.11B,5.91%,$0.11B,$0.50B,19.50%,$0.11B,$0.48B,20.14%,$0.11B,$1.07B,10.13%,$0.16B,$0.53B,27.05%,$481,$394,$87,$0,$31,$448,$33,$-1,$32,$9,$23,$23,$23,$53,$33,$51,53,$0.44,$0.43,$31,$35,$0,$167,$803,$0,$19,$85,$907,$1074,$258,$25,$115,$313,$571,$1,$1005,$0,$503,$1074,$23,$20,$5,$25,$25,$1,$14,$-1,$29,$77,$-30,$-0,$0,$0,$0,$0,$0,$-30,$25,$0,$25,$-98,$-98,$-7,$3,$-77,$-30,$4,$-7
19,2013-12-31,44.39,$11.15,3.98,$34.40,1.29,$4.83,9.2,$2.11,21.04,$0.23B,$0.26B,0.86,$0.00B,$0.58B,0.0,$1.88B,$0.37B,19.49%,$1.88B,$0.16B,8.57%,$1.88B,$0.16B,8.57%,$1.88B,$0.24B,12.73%,$1.88B,$0.16B,8.31%,$1.88B,$0.11B,6.07%,$0.11B,$0.58B,19.19%,$0.11B,$0.56B,19.79%,$0.11B,$1.12B,10.31%,$0.16B,$0.58B,27.10%,$475,$380,$95,$0,$29,$431,$44,$-1,$43,$10,$33,$33,$33,$65,$44,$52,54,$0.65,$0.61,$62,$35,$0,$226,$795,$0,$19,$84,$898,$1124,$264,$0,$111,$283,$547,$1,$989,$0,$577,$1124,$114,$79,$21,$100,$-2,$-7,$-12,$-7,$-10,$205,$-106,$-2,$0,$0,$0,$0,$0,$-108,$0,$0,$0,$-111,$-111,$-27,$19,$-119,$-22,$14,$-27
20,2013-09-30,40.3,$11.14,3.62,$34.08,1.18,$4.99,8.08,$1.89,21.32,$0.22B,$0.24B,0.91,$0.00B,$0.58B,0.0,$1.87B,$0.36B,19.22%,$1.87B,$0.15B,7.76%,$1.87B,$0.15B,7.76%,$1.87B,$0.22B,11.83%,$1.87B,$0.14B,7.49%,$1.87B,$0.10B,5.51%,$0.10B,$0.58B,17.32%,$0.10B,$0.57B,17.86%,$0.10B,$1.10B,9.39%,$0.15B,$0.58B,24.38%,$470,$377,$92,$0,$29,$431,$39,$-1,$38,$10,$27,$27,$27,$58,$39,$52,55,$0.52,$0.50,$83,$37,$0,$216,$784,$0,$18,$82,$885,$1101,$237,$0,$106,$281,$518,$1,$964,$0,$583,$1101,$81,$58,$18,$76,$21,$-8,$-3,$2,$-7,$150,$-67,$-1,$0,$0,$0,$0,$0,$-68,$0,$0,$0,$-73,$-73,$-20,$10,$-83,$-1,$10,$-20
21,2013-06-30,38.29,$11.76,3.25,$33.71,1.14,$4.56,8.39,$1.88,20.37,$0.26B,$0.22B,1.2,$0.00B,$0.63B,0.0,$1.85B,$0.35B,18.90%,$1.85B,$0.15B,7.83%,$1.85B,$0.15B,7.83%,$1.85B,$0.22B,11.93%,$1.85B,$0.14B,7.56%,$1.85B,$0.10B,5.56%,$0.10B,$0.63B,17.37%,$0.10B,$0.62B,17.91%,$0.10B,$1.13B,9.50%,$0.15B,$0.63B,24.45%,$470,$378,$92,$0,$28,$429,$41,$-1,$40,$11,$29,$29,$29,$60,$41,$53,55,$0.54,$0.52,$131,$36,$0,$262,$766,$0,$18,$79,$863,$1125,$218,$0,$99,$272,$491,$1,$944,$0,$634,$1125,$54,$38,$11,$50,$24,$-7,$-11,$2,$-15,$89,$-38,$-1,$0,$0,$0,$0,$0,$-38,$0,$0,$0,$4,$4,$-13,$5,$-3,$47,$7,$-13
22,2013-03-31,35.18,$10.98,3.2,$33.43,1.05,$4.36,8.08,$1.88,18.72,$0.21B,$0.22B,0.94,$0.00B,$0.58B,0.0,$1.84B,$0.35B,18.89%,$1.84B,$0.15B,7.89%,$1.84B,$0.15B,7.89%,$1.84B,$0.22B,11.98%,$1.84B,$0.14B,7.62%,$1.84B,$0.10B,5.55%,$0.10B,$0.58B,17.75%,$0.10B,$0.56B,18.30%,$0.10B,$1.07B,9.66%,$0.15B,$0.58B,25.23%,$463,$376,$87,$0,$29,$426,$37,$-1,$35,$10,$25,$25,$25,$56,$37,$52,54,$0.48,$0.47,$87,$34,$0,$211,$763,$0,$18,$79,$860,$1071,$224,$0,$95,$266,$489,$1,$922,$0,$582,$1071,$25,$19,$4,$24,$28,$-5,$-12,$1,$-4,$45,$-15,$-0,$0,$0,$0,$0,$0,$-15,$0,$0,$0,$-22,$-22,$-6,$2,$-27,$4,$3,$-6
23,2012-12-31,29.71,$10.86,2.74,$32.73,0.91,$4.24,7.0,$1.78,16.69,$0.23B,$0.25B,0.91,$0.00B,$0.58B,0.0,$1.81B,$0.34B,18.73%,$1.81B,$0.14B,7.62%,$1.81B,$0.14B,7.62%,$1.81B,$0.21B,11.77%,$1.81B,$0.13B,7.40%,$1.81B,$0.10B,5.41%,$0.10B,$0.58B,17.39%,$0.10B,$0.56B,17.93%,$0.10B,$1.09B,9.44%,$0.14B,$0.58B,24.49%,$465,$377,$88,$0,$27,$437,$28,$-1,$27,$5,$22,$22,$22,$47,$28,$53,55,$0.42,$0.40,$84,$29,$0,$230,$764,$0,$18,$80,$862,$1092,$253,$0,$91,$259,$512,$1,$903,$0,$580,$1092,$98,$74,$4,$79,$-19,$-1,$11,$-10,$18,$195,$-86,$-2,$0,$0,$0,$0,$0,$-88,$0,$0,$0,$-62,$-62,$-13,$3,$-72,$35,$11,$-13
24,2012-09-30,32.35,$10.72,3.02,$32.52,0.99,$4.32,7.49,$1.92,16.85,$0.19B,$0.20B,0.93,$0.00B,$0.58B,0.0,$1.82B,$0.34B,18.54%,$1.82B,$0.15B,8.12%,$1.82B,$0.15B,8.12%,$1.82B,$0.22B,12.29%,$1.82B,$0.15B,7.95%,$1.82B,$0.11B,5.81%,$0.11B,$0.58B,19.12%,$0.11B,$0.56B,19.70%,$0.11B,$1.05B,10.38%,$0.15B,$0.58B,26.70%,$454,$371,$83,$0,$22,$414,$39,$-2,$38,$10,$27,$27,$27,$58,$39,$53,55,$0.51,$0.49,$56,$31,$0,$186,$767,$0,$18,$78,$863,$1049,$200,$0,$91,$273,$473,$1,$887,$0,$576,$1049,$76,$56,$10,$66,$1,$-3,$-2,$-3,$-17,$125,$-65,$-2,$0,$0,$0,$0,$0,$-66,$0,$0,$0,$-48,$-48,$-6,$4,$-51,$8,$8,$-6
25,2012-06-30,28.82,$10.41,2.77,$31.78,0.91,$4.47,6.45,$1.79,16.1,$0.17B,$0.19B,0.89,$0.00B,$0.56B,0.0,$1.80B,$0.33B,18.40%,$1.80B,$0.14B,7.73%,$1.80B,$0.14B,7.73%,$1.80B,$0.21B,11.90%,$1.80B,$0.14B,7.56%,$1.80B,$0.10B,5.56%,$0.10B,$0.56B,18.41%,$0.10B,$0.55B,18.86%,$0.10B,$1.01B,9.99%,$0.14B,$0.56B,25.59%,$455,$366,$89,$0,$26,$414,$41,$-1,$40,$12,$28,$28,$28,$59,$41,$53,55,$0.53,$0.52,$48,$31,$0,$165,$756,$0,$16,$76,$848,$1013,$186,$0,$86,$266,$452,$1,$866,$0,$561,$1013,$49,$37,$12,$49,$8,$-3,$-14,$-2,$-24,$74,$-34,$-1,$0,$0,$0,$0,$0,$-36,$0,$0,$0,$-40,$-40,$0,$1,$-38,$0,$6,$0
26,2012-03-31,26.5,$9.94,2.67,$30.88,0.86,$4.84,5.48,$1.69,15.68,$0.15B,$0.20B,0.75,$0.00B,$0.54B,0.0,$1.78B,$0.32B,18.03%,$1.78B,$0.13B,7.49%,$1.78B,$0.13B,7.49%,$1.78B,$0.21B,11.72%,$1.78B,$0.13B,7.32%,$1.78B,$0.10B,5.46%,$0.10B,$0.54B,17.89%,$0.10B,$0.52B,18.23%,$0.10B,$1.00B,9.73%,$0.13B,$0.54B,24.53%,$436,$356,$79,$0,$29,$406,$30,$-1,$29,$8,$21,$21,$21,$49,$30,$54,56,$0.39,$0.37,$41,$33,$0,$153,$757,$0,$16,$75,$848,$1000,$203,$0,$86,$261,$463,$1,$838,$0,$537,$1000,$21,$18,$7,$25,$16,$-5,$1,$-2,$-4,$41,$-16,$-1,$0,$0,$0,$0,$0,$-18,$0,$0,$0,$-32,$-32,$0,$1,$-31,$-7,$3,$0
27,2011-12-31,26.46,$9.93,2.67,$29.98,0.88,$5.09,5.2,$1.66,15.94,$0.18B,$0.22B,0.79,$0.00B,$0.54B,0.0,$1.76B,$0.31B,17.86%,$1.76B,$0.13B,7.57%,$1.76B,$0.13B,7.57%,$1.76B,$0.21B,11.72%,$1.76B,$0.13B,7.34%,$1.76B,$0.10B,5.46%,$0.10B,$0.54B,17.45%,$0.10B,$0.53B,17.69%,$0.10B,$1.02B,9.62%,$0.13B,$0.54B,24.18%,$478,$391,$87,$0,$24,$440,$38,$-1,$38,$8,$30,$30,$30,$58,$38,$56,58,$0.54,$0.52,$48,$28,$0,$176,$759,$0,$15,$73,$846,$1023,$223,$0,$83,$257,$480,$1,$817,$0,$543,$1023,$96,$72,$20,$92,$0,$-5,$4,$-9,$8,$196,$-77,$-1,$0,$0,$0,$0,$0,$-78,$0,$0,$0,$-156,$-156,$0,$4,$-152,$-33,$10,$0
28,2011-09-30,22.23,$9.62,2.31,$28.66,0.78,$5.11,4.35,$1.48,15.02,$0.13B,$0.19B,0.68,$0.00B,$0.53B,0.0,$1.70B,$0.30B,17.74%,$1.70B,$0.13B,7.42%,$1.70B,$0.13B,7.42%,$1.70B,$0.20B,11.61%,$1.70B,$0.12B,7.07%,$1.70B,$0.09B,5.19%,$0.09B,$0.53B,15.65%,$0.09B,$0.53B,15.85%,$0.09B,$0.97B,8.79%,$0.13B,$0.53B,22.41%,$430,$355,$76,$0,$23,$400,$30,$-1,$29,$8,$21,$21,$21,$48,$30,$56,57,$0.37,$0.36,$20,$34,$0,$128,$753,$0,$5,$82,$840,$968,$188,$0,$81,$248,$436,$1,$787,$0,$532,$968,$66,$53,$15,$67,$10,$-11,$3,$3,$-11,$122,$-50,$-1,$0,$0,$0,$0,$0,$-51,$0,$0,$0,$-136,$-136,$0,$3,$-133,$-62,$9,$0
29,2011-06-30,28.29,$9.76,2.9,$28.17,1.0,$5.21,5.42,$1.49,18.98,$0.16B,$0.19B,0.82,$0.00B,$0.56B,0.0,$1.69B,$0.30B,17.80%,$1.69B,$0.13B,7.54%,$1.69B,$0.13B,7.54%,$1.69B,$0.20B,11.75%,$1.69B,$0.12B,7.12%,$1.69B,$0.09B,5.28%,$0.09B,$0.56B,15.69%,$0.09B,$0.55B,15.89%,$0.09B,$1.00B,8.81%,$0.13B,$0.56B,22.00%,$431,$353,$78,$0,$24,$396,$35,$-1,$34,$9,$25,$25,$25,$53,$35,$57,59,$0.44,$0.42,$59,$32,$0,$156,$751,$0,$5,$84,$839,$996,$192,$0,$82,$247,$439,$1,$766,$0,$557,$996,$45,$35,$10,$45,$18,$-9,$6,$1,$4,$94,$-30,$-0,$0,$0,$0,$0,$0,$-31,$0,$0,$0,$-88,$-88,$0,$1,$-86,$-23,$6,$0
30,2011-03-31,27.13,$9.75,2.78,$27.70,0.98,$5.08,5.34,$1.39,19.52,$0.17B,$0.19B,0.88,$0.00B,$0.57B,0.0,$1.67B,$0.30B,18.05%,$1.67B,$0.13B,7.71%,$1.67B,$0.13B,7.71%,$1.67B,$0.20B,11.95%,$1.67B,$0.11B,6.75%,$1.67B,$0.08B,4.96%,$0.08B,$0.57B,14.70%,$0.08B,$0.56B,14.87%,$0.08B,$1.01B,8.15%,$0.13B,$0.57B,21.78%,$419,$345,$73,$0,$24,$389,$30,$-1,$28,$8,$20,$20,$20,$47,$30,$58,60,$0.35,$0.34,$76,$27,$0,$169,$749,$0,$5,$83,$836,$1005,$192,$0,$81,$245,$437,$1,$742,$0,$568,$1005,$20,$17,$5,$22,$19,$-4,$4,$0,$10,$53,$-11,$-0,$0,$0,$0,$0,$0,$-11,$0,$0,$0,$-48,$-48,$0,$0,$-47,$-5,$3,$0
31,2010-12-31,27.65,$9.92,2.79,$27.45,1.01,$5.03,5.49,$1.36,20.33,$0.20B,$0.20B,0.96,$0.00B,$0.59B,0.0,$1.66B,$0.30B,18.14%,$1.66B,$0.13B,7.72%,$1.66B,$0.13B,7.72%,$1.66B,$0.20B,12.06%,$1.66B,$0.11B,6.69%,$1.66B,$0.08B,4.94%,$0.08B,$0.59B,14.75%,$0.08B,$0.58B,14.94%,$0.08B,$1.04B,7.95%,$0.13B,$0.59B,21.04%,$417,$342,$74,$0,$25,$386,$31,$-2,$29,$7,$22,$22,$22,$49,$31,$59,60,$0.38,$0.35,$82,$23,$0,$195,$755,$0,$14,$72,$842,$1037,$203,$0,$79,$242,$445,$1,$721,$0,$592,$1037,$82,$72,$11,$83,$-5,$-1,$-1,$-7,$2,$167,$-42,$-2,$0,$0,$0,$0,$0,$-44,$-100,$0,$-100,$-22,$-22,$0,$6,$-115,$8,$11,$0
32,2010-09-30,23.87,$9.36,2.55,$27.22,0.88,$5.65,4.22,$1.00,23.87,$0.15B,$0.17B,0.89,$0.04B,$0.55B,0.07,$1.64B,$0.30B,18.20%,$1.64B,$0.10B,5.84%,$1.64B,$0.10B,5.84%,$1.64B,$0.17B,10.35%,$1.64B,$0.08B,4.63%,$1.64B,$0.06B,3.65%,$0.06B,$0.55B,11.18%,$0.06B,$0.55B,11.27%,$0.06B,$1.00B,5.80%,$0.10B,$0.59B,15.63%,$418,$344,$75,$0,$24,$387,$31,$-2,$29,$7,$22,$22,$22,$49,$31,$58,60,$0.38,$0.37,$60,$30,$0,$153,$761,$0,$4,$82,$848,$1001,$173,$40,$76,$276,$449,$1,$699,$0,$552,$1001,$60,$54,$14,$69,$13,$-8,$-4,$-3,$-18,$110,$-29,$0,$0,$0,$0,$0,$0,$-29,$-60,$0,$-60,$-38,$-38,$0,$4,$-95,$-14,$9,$0
33,2010-06-30,20.07,$9.14,2.19,$26.86,0.75,$6.32,3.18,$0.90,22.3,$0.18B,$0.18B,0.98,$0.07B,$0.55B,0.13,$1.63B,$0.30B,18.14%,$1.63B,$0.09B,5.66%,$1.63B,$0.09B,5.66%,$1.63B,$0.17B,10.27%,$1.63B,$0.07B,4.24%,$1.63B,$0.05B,3.32%,$0.05B,$0.55B,10.26%,$0.05B,$0.54B,10.34%,$0.05B,$1.03B,5.13%,$0.09B,$0.62B,14.57%,$419,$339,$80,$0,$24,$382,$37,$-10,$27,$8,$19,$19,$19,$55,$37,$59,61,$0.32,$0.32,$86,$27,$0,$178,$770,$0,$4,$81,$855,$1033,$182,$70,$76,$305,$487,$1,$677,$0,$547,$1033,$38,$36,$12,$49,$18,$-5,$-2,$-5,$-10,$76,$-18,$0,$0,$0,$0,$0,$0,$-18,$-30,$0,$-30,$-18,$-18,$0,$3,$-46,$13,$7,$0
34,2010-03-31,24.4,$8.83,2.76,$26.77,0.91,$6.81,3.58,$0.86,28.37,$0.19B,$0.19B,1.01,$0.10B,$0.53B,0.19,$1.62B,$0.29B,17.89%,$1.62B,$0.08B,5.20%,$1.62B,$0.08B,5.20%,$1.62B,$0.16B,9.91%,$1.62B,$0.06B,3.96%,$1.62B,$0.05B,3.22%,$0.05B,$0.53B,10.16%,$0.05B,$0.53B,10.25%,$0.05B,$1.05B,4.86%,$0.08B,$0.63B,12.94%,$405,$333,$72,$0,$23,$377,$29,$-3,$26,$7,$19,$19,$19,$47,$29,$60,61,$0.31,$0.31,$107,$24,$0,$190,$777,$0,$4,$82,$864,$1054,$188,$100,$80,$333,$522,$1,$658,$-5,$532,$1054,$19,$18,$4,$22,$18,$-2,$-2,$0,$6,$46,$-7,$0,$0,$0,$0,$0,$0,$-7,$0,$0,$0,$-7,$-7,$0,$0,$-7,$33,$4,$0
35,2009-12-31,19.47,$8.56,2.27,$26.70,0.73,$6.66,2.92,$0.72,27.04,$0.17B,$0.20B,0.86,$0.10B,$0.52B,0.19,$1.60B,$0.28B,17.28%,$1.60B,$0.07B,4.55%,$1.60B,$0.07B,4.55%,$1.60B,$0.15B,9.36%,$1.60B,$0.05B,3.18%,$1.60B,$0.04B,2.68%,$0.04B,$0.52B,8.69%,$0.04B,$0.51B,8.76%,$0.04B,$1.05B,3.96%,$0.07B,$0.62B,10.90%,$401,$329,$72,$0,$26,$401,$-1,$-5,$-6,$-6,$-0,$-0,$-0,$19,$-1,$59,60,$0.00,$-0.01,$74,$22,$0,$172,$788,$0,$4,$82,$875,$1047,$200,$100,$79,$330,$531,$1,$640,$-5,$516,$1047,$43,$75,$44,$119,$7,$1,$-4,$-4,$37,$199,$-37,$-2,$0,$0,$1,$1,$0,$-38,$-175,$0,$-175,$2,$2,$0,$6,$-168,$-7,$15,$0
36,2009-09-30,16.7,$8.47,1.97,$26.29,0.64,$5.29,3.16,$0.84,19.88,$0.17B,$0.19B,0.89,$0.15B,$0.51B,0.29,$1.60B,$0.26B,16.48%,$1.60B,$0.09B,5.37%,$1.60B,$0.09B,5.37%,$1.60B,$0.16B,10.11%,$1.60B,$0.07B,4.12%,$1.60B,$0.05B,3.12%,$0.05B,$0.51B,10.43%,$0.05B,$0.51B,10.53%,$0.05B,$1.08B,4.51%,$0.09B,$0.66B,12.32%,$401,$330,$71,$0,$24,$373,$27,$-5,$22,$6,$16,$16,$16,$46,$27,$59,60,$0.27,$0.27,$82,$29,$0,$165,$825,$0,$4,$83,$912,$1077,$187,$150,$82,$381,$568,$1,$640,$-6,$510,$1077,$43,$56,$12,$68,$19,$-6,$-10,$1,$36,$146,$-24,$0,$0,$0,$1,$1,$0,$-23,$-125,$0,$-125,$1,$1,$0,$3,$-121,$2,$10,$0
37,2009-06-30,15.6,$8.13,1.92,$26.13,0.6,$4.20,3.72,$0.76,20.53,$0.18B,$0.18B,0.98,$0.20B,$0.49B,0.41,$1.61B,$0.26B,15.94%,$1.61B,$0.08B,4.98%,$1.61B,$0.08B,4.98%,$1.61B,$0.16B,9.65%,$1.61B,$0.06B,3.80%,$1.61B,$0.05B,2.86%,$0.05B,$0.49B,9.87%,$0.05B,$0.48B,9.96%,$0.05B,$1.10B,4.13%,$0.08B,$0.69B,11.17%,$408,$334,$74,$0,$26,$379,$29,$-7,$22,$6,$17,$17,$17,$48,$29,$59,60,$0.28,$0.28,$96,$29,$0,$177,$836,$0,$4,$82,$923,$1099,$181,$200,$80,$429,$611,$1,$623,$-7,$489,$1099,$27,$37,$9,$46,$23,$-5,$-6,$0,$31,$104,$-17,$0,$0,$0,$1,$1,$0,$-16,$-75,$0,$-75,$0,$0,$0,$2,$-73,$15,$7,$0
38,2009-03-31,10.32,$7.75,1.33,$25.51,0.4,$3.25,3.18,$0.77,13.41,$0.18B,$0.17B,1.04,$0.25B,$0.47B,0.54,$1.61B,$0.26B,15.89%,$1.61B,$0.08B,5.05%,$1.61B,$0.08B,5.05%,$1.61B,$0.16B,9.66%,$1.61B,$0.07B,4.11%,$1.61B,$0.05B,2.99%,$0.05B,$0.47B,10.18%,$0.05B,$0.46B,10.27%,$0.05B,$1.12B,4.27%,$0.08B,$0.72B,10.94%,$393,$333,$60,$0,$21,$375,$18,$-5,$13,$3,$10,$10,$10,$37,$18,$59,60,$0.17,$0.17,$89,$26,$0,$180,$852,$0,$4,$81,$938,$1117,$172,$250,$84,$480,$652,$1,$607,$-10,$465,$1117,$10,$19,$3,$22,$20,$-3,$-4,$4,$9,$41,$-11,$0,$0,$0,$1,$1,$0,$-10,$-25,$0,$-25,$0,$0,$0,$2,$-23,$8,$3,$0
39,2008-12-31,9.11,$7.57,1.2,$24.65,0.37,$3.01,3.03,$0.81,11.24,$0.19B,$0.19B,1.02,$0.28B,$0.45B,0.61,$1.61B,$0.26B,16.19%,$1.61B,$0.09B,5.42%,$1.61B,$0.09B,5.42%,$1.61B,$0.16B,9.96%,$1.61B,$0.07B,4.61%,$1.61B,$0.05B,3.24%,$0.05B,$0.45B,10.64%,$0.05B,$0.45B,10.73%,$0.05B,$1.14B,4.55%,$0.09B,$0.73B,11.39%,$400,$342,$59,$0,$22,$388,$12,$-4,$9,$2,$7,$7,$7,$31,$12,$64,64,$0.13,$0.13,$81,$23,$0,$190,$860,$0,$4,$88,$952,$1143,$186,$275,$85,$504,$690,$1,$597,$-10,$453,$1143,$52,$73,$37,$110,$27,$1,$-20,$6,$7,$169,$-85,$0,$0,$0,$11,$11,$0,$-73,$100,$0,$100,$-170,$-170,$0,$18,$-52,$43,$13,$0
40,2008-09-30,13.18,$7.58,1.74,$23.93,0.55,$1.00,13.17,$0.88,14.98,$0.14B,$0.16B,0.84,$0.28B,$0.46B,0.6,$1.61B,$0.28B,17.12%,$1.61B,$0.10B,6.02%,$1.61B,$0.10B,6.02%,$1.61B,$0.17B,10.42%,$1.61B,$0.08B,5.21%,$1.61B,$0.06B,3.60%,$0.06B,$0.46B,11.23%,$0.06B,$0.45B,11.32%,$0.06B,$1.09B,5.07%,$0.10B,$0.73B,12.66%,$405,$343,$63,$0,$21,$384,$21,$-4,$17,$6,$12,$12,$12,$39,$21,$62,62,$0.19,$0.19,$56,$29,$0,$136,$860,$0,$4,$93,$957,$1093,$163,$275,$77,$471,$634,$1,$590,$-3,$458,$1093,$45,$55,$8,$62,$43,$-5,$-25,$4,$7,$115,$-57,$0,$0,$0,$11,$11,$0,$-45,$100,$0,$100,$-161,$-161,$0,$10,$-51,$18,$11,$0
41,2008-06-30,14.35,$7.88,1.82,$22.63,0.63,$-0.72,0.0,$0.95,15.1,$0.18B,$0.17B,1.11,$0.28B,$0.51B,0.54,$1.58B,$0.29B,18.00%,$1.58B,$0.10B,6.57%,$1.58B,$0.10B,6.57%,$1.58B,$0.17B,10.93%,$1.58B,$0.09B,5.87%,$1.58B,$0.07B,4.11%,$0.07B,$0.51B,11.81%,$0.07B,$0.51B,11.89%,$0.07B,$1.14B,5.69%,$0.10B,$0.79B,13.52%,$407,$334,$73,$0,$20,$377,$30,$-3,$27,$7,$19,$19,$19,$48,$30,$65,66,$0.29,$0.29,$95,$30,$0,$184,$861,$0,$4,$95,$960,$1144,$165,$275,$74,$469,$634,$1,$578,$-2,$510,$1144,$33,$36,$3,$39,$43,$-6,$-21,$-3,$0,$73,$-40,$0,$0,$0,$11,$11,$0,$-28,$100,$0,$100,$-95,$-95,$0,$8,$13,$57,$7,$0
42,2008-03-31,19.65,$7.97,2.47,$21.58,0.91,$-1.49,0.0,$0.99,19.85,$0.23B,$0.19B,1.25,$0.28B,$0.53B,0.52,$1.55B,$0.29B,18.53%,$1.55B,$0.11B,7.04%,$1.55B,$0.11B,7.04%,$1.55B,$0.18B,11.36%,$1.55B,$0.10B,6.46%,$1.55B,$0.07B,4.52%,$0.07B,$0.53B,12.37%,$0.07B,$0.53B,12.46%,$0.07B,$1.19B,6.24%,$0.11B,$0.81B,14.47%,$394,$329,$65,$0,$20,$370,$24,$-3,$21,$6,$14,$14,$14,$42,$24,$68,69,$0.21,$0.21,$130,$27,$0,$234,$861,$0,$4,$92,$957,$1191,$188,$275,$78,$469,$657,$1,$559,$-7,$534,$1191,$14,$18,$3,$21,$40,$-3,$-20,$-1,$3,$38,$-20,$0,$0,$0,$11,$11,$0,$-8,$100,$0,$100,$-44,$-44,$0,$6,$62,$92,$5,$0
43,2007-12-31,21.38,$8.14,2.63,$20.41,1.05,$-1.65,0.0,$1.02,20.96,$0.18B,$0.22B,0.84,$0.18B,$0.56B,0.31,$1.51B,$0.29B,18.85%,$1.51B,$0.11B,7.28%,$1.51B,$0.11B,7.28%,$1.51B,$0.18B,11.57%,$1.51B,$0.11B,6.94%,$1.51B,$0.07B,4.89%,$0.07B,$0.56B,13.06%,$0.07B,$0.56B,13.15%,$0.07B,$1.15B,6.87%,$0.11B,$0.74B,15.21%,$406,$332,$75,$0,$24,$384,$22,$-3,$19,$6,$13,$13,$13,$39,$22,$72,74,$0.19,$0.18,$42,$24,$0,$181,$862,$7,$3,$91,$965,$1146,$217,$175,$75,$366,$583,$1,$544,$-3,$563,$1146,$74,$64,$18,$83,$-18,$-3,$12,$-30,$4,$160,$-211,$0,$0,$0,$78,$78,$0,$-133,$175,$0,$175,$-241,$-241,$0,$31,$-35,$-8,$18,$0
44,2007-09-30,21.16,$8.34,2.54,$19.42,1.09,$-1.38,0.0,$1.09,19.42,$0.16B,$0.16B,0.98,$0.15B,$0.60B,0.25,$1.47B,$0.28B,19.22%,$1.47B,$0.11B,7.63%,$1.47B,$0.11B,7.63%,$1.47B,$0.17B,11.86%,$1.47B,$0.11B,7.50%,$1.47B,$0.08B,5.52%,$0.08B,$0.60B,13.41%,$0.08B,$0.59B,13.50%,$0.08B,$1.09B,7.71%,$0.11B,$0.75B,15.63%,$376,$303,$72,$0,$20,$348,$28,$-2,$26,$8,$19,$19,$19,$44,$28,$71,72,$0.26,$0.26,$38,$28,$0,$158,$813,$22,$3,$89,$928,$1086,$161,$150,$67,$330,$491,$1,$531,$-1,$595,$1086,$61,$47,$13,$60,$-1,$-7,$-12,$-22,$-34,$86,$-144,$0,$0,$0,$52,$52,$0,$-91,$150,$0,$150,$-192,$-192,$0,$25,$-17,$-22,$13,$0
45,2007-06-30,22.11,$7.91,2.8,$18.36,1.2,$-0.97,0.0,$1.06,20.86,$0.16B,$0.17B,0.94,$0.15B,$0.57B,0.26,$1.42B,$0.27B,19.21%,$1.42B,$0.11B,7.70%,$1.42B,$0.11B,7.70%,$1.42B,$0.17B,11.86%,$1.42B,$0.11B,7.77%,$1.42B,$0.08B,5.65%,$0.08B,$0.57B,12.78%,$0.08B,$0.57B,12.86%,$0.08B,$1.07B,7.80%,$0.11B,$0.72B,15.55%,$373,$298,$75,$0,$20,$338,$35,$-1,$34,$10,$24,$24,$24,$51,$35,$72,73,$0.33,$0.33,$62,$27,$0,$158,$796,$29,$3,$80,$907,$1065,$168,$150,$65,$326,$495,$1,$513,$0,$571,$1065,$42,$31,$10,$41,$21,$-6,$-3,$-11,$2,$85,$-105,$0,$0,$0,$0,$0,$0,$-104,$150,$0,$150,$-193,$-193,$0,$20,$-24,$-43,$9,$0
46,2007-03-31,24.03,$7.27,3.31,$17.29,1.39,$-0.65,0.0,$1.03,23.33,$0.16B,$0.15B,1.04,$0.15B,$0.54B,0.28,$1.37B,$0.26B,19.25%,$1.37B,$0.11B,7.83%,$1.37B,$0.11B,7.83%,$1.37B,$0.16B,11.93%,$1.37B,$0.11B,8.05%,$1.37B,$0.08B,5.78%,$0.08B,$0.54B,12.19%,$0.08B,$0.53B,12.26%,$0.08B,$1.01B,7.95%,$0.11B,$0.69B,15.61%,$357,$293,$63,$0,$19,$331,$25,$1,$26,$8,$18,$18,$18,$41,$25,$77,78,$0.24,$0.24,$70,$23,$0,$156,$749,$32,$3,$71,$855,$1011,$150,$150,$62,$323,$473,$1,$489,$-0,$538,$1011,$18,$15,$6,$21,$25,$-2,$-13,$-3,$0,$40,$-32,$0,$0,$0,$18,$18,$0,$-14,$150,$0,$150,$-196,$-196,$0,$6,$-41,$-15,$4,$0
47,2006-12-31,22.18,$9.09,2.44,$16.54,1.34,$-0.80,0.0,$1.03,21.54,$0.20B,$0.16B,1.24,$0.00B,$0.71B,0.0,$1.32B,$0.26B,19.60%,$1.32B,$0.11B,8.21%,$1.32B,$0.11B,8.21%,$1.32B,$0.16B,12.16%,$1.32B,$0.11B,8.59%,$1.32B,$0.08B,6.08%,$0.08B,$0.71B,11.71%,$0.08B,$0.71B,11.77%,$0.08B,$1.04B,8.18%,$0.11B,$0.71B,15.81%,$361,$289,$72,$0,$22,$337,$24,$1,$24,$4,$20,$20,$20,$38,$24,$78,79,$0.27,$0.25,$101,$21,$0,$202,$732,$33,$3,$69,$837,$1040,$163,$0,$54,$165,$328,$1,$472,$-1,$712,$1040,$81,$53,$23,$76,$-25,$-2,$13,$-19,$-5,$153,$-186,$0,$0,$0,$59,$59,$0,$-127,$0,$0,$0,$-40,$-40,$0,$29,$-12,$14,$18,$0
