,Date,Stock Price,Book Value per Share,Price to Book Ratio,TTM Sales per Share,Price to Sales Ratio,TTM FCF per Share,Price to FCF Ratio,TTM Net EPS,PE Ratio,Current Assets,Current Liabilities,Current Ratio,Long Term Debt,Shareholder's Equity_x,Debt to Equity Ratio,TTM Revenue_x,TTM Gross Profit,Gross Margin,TTM Revenue_y,TTM Operating Income,Operating Margin,TTM Revenue_x,TTM EBIT,EBIT Margin,TTM Revenue_y,TTM EBITDA,EBITDA Margin,TTM Revenue_x,TTM Pre-Tax Income,Pre-Tax Margin,TTM Revenue_y,TTM Net Income_x,Net Margin,TTM Net Income_y,Shareholder's Equity_y,Return on Equity,TTM Net Income_x,Tangible Equity,Return on Tangible Equity,TTM Net Income_y,Total Assets,Return on Assets,TTM Net Income,LT Investments & Debt,Return on Investment,revenue,cost-goods-sold,gross-profit,research-development-expenses,selling-general-administrative-expenses,operating-expenses,operating-income,total-non-operating-income-expense,pre-tax-income,total-provision-income-taxes,income-after-taxes,income-from-continuous-operations,net-income,ebitda,ebit,basic-shares-outstanding,shares-outstanding,eps-basic-net-earnings-per-share,eps-earnings-per-share-diluted,cash-on-hand,inventory,other-current-assets,total-current-assets,net-property-plant-equipment,long-term-investments,goodwill-intangible-assets-total,other-long-term-assets,total-long-term-assets,total-assets,total-current-liabilities,long-term-debt,other-non-current-liabilities,total-long-term-liabilities,total-liabilities,common-stock-net,retained-earnings-accumulated-deficit,comprehensive-income,total-share-holder-equity,total-liabilities-share-holders-equity,net-income-loss,total-depreciation-amortization-cash-flow,other-non-cash-items,total-non-cash-items,change-in-accounts-receivable,change-in-inventories,change-in-accounts-payable,change-in-assets-liabilities,total-change-in-assets-liabilities,cash-flow-from-operating-activities,net-change-in-property-plant-equipment,net-change-in-intangible-assets,net-acquisitions-divestitures,net-change-in-short-term-investments,net-change-in-long-term-investments,net-change-in-investments-total,investing-activities-other,cash-flow-from-investing-activities,net-long-term-debt,net-current-debt,debt-issuance-retirement-net-total,net-common-equity-issued-repurchased,net-total-equity-issued-repurchased,total-common-preferred-stock-dividends-paid,financial-activities-other,cash-flow-from-financial-activities,net-cash-flow,stock-based-compensation,common-stock-dividends-paid
0,2018-07-31,33.49,$17.07,1.96,$67.02,0.5,$7.98,4.2,$2.22,15.09,$1.03B,$0.60B,1.73,$0.20B,$0.74B,0.27,$2.82B,$1.18B,41.83%,$2.82B,$0.14B,5.08%,$2.82B,$0.14B,5.08%,$2.82B,$0.21B,7.32%,$2.82B,$0.13B,4.58%,$2.82B,$0.10B,3.37%,$0.10B,$0.74B,13.36%,$0.10B,$0.38B,25.96%,$0.10B,$1.69B,6.22%,$0.14B,$0.94B,15.74%,$776,$465,$311,$0,$266,$736,$40,$-1,$39,$9,$29,$29,$29,$47,$40,$43,44,$0.68,$0.67,$103,$716,$0,$1034,$208,$0,$362,$90,$659,$1694,$596,$198,$110,$360,$956,$0,$612,$-17,$737,$1694,$41,$30,$10,$40,$4,$-141,$125,$-6,$10,$91,$-22,$0,$-17,$0,$0,$0,$0,$-38,$0,$0,$0,$-8,$-8,$-6,$0,$-14,$39,$8,$-6
1,2018-04-30,32.66,$16.54,1.98,$66.37,0.49,$8.40,3.89,$2.08,15.7,$0.86B,$0.44B,1.98,$0.20B,$0.71B,0.28,$2.79B,$1.17B,42.07%,$2.79B,$0.14B,4.99%,$2.79B,$0.14B,4.99%,$2.79B,$0.20B,7.32%,$2.79B,$0.12B,4.45%,$2.79B,$0.09B,3.19%,$0.09B,$0.71B,12.95%,$0.09B,$0.37B,25.63%,$0.09B,$1.50B,5.93%,$0.14B,$0.91B,15.72%,$707,$414,$293,$0,$259,$674,$32,$-1,$32,$8,$24,$24,$23,$38,$32,$42,42,$0.55,$0.55,$96,$580,$0,$864,$209,$0,$340,$89,$638,$1502,$438,$198,$100,$350,$788,$0,$591,$-16,$714,$1502,$17,$15,$5,$20,$27,$-11,$-4,$-4,$14,$51,$-9,$0,$0,$0,$0,$0,$0,$-9,$0,$0,$0,$-6,$-6,$-3,$0,$-9,$32,$4,$-3
2,2018-01-31,29.51,$16.71,1.77,$66.36,0.44,$8.66,3.41,$2.03,14.54,$0.85B,$0.43B,1.97,$0.20B,$0.72B,0.28,$2.79B,$1.17B,41.92%,$2.79B,$0.14B,4.99%,$2.79B,$0.14B,4.99%,$2.79B,$0.21B,7.36%,$2.79B,$0.12B,4.41%,$2.79B,$0.09B,3.09%,$0.09B,$0.72B,12.95%,$0.09B,$0.38B,26.56%,$0.09B,$1.49B,5.82%,$0.14B,$0.92B,16.14%,$632,$357,$275,$0,$250,$609,$23,$-1,$22,$5,$17,$17,$17,$52,$23,$42,42,$0.40,$0.40,$64,$569,$0,$847,$213,$0,$339,$91,$643,$1489,$430,$197,$90,$340,$770,$0,$596,$-15,$719,$1489,$87,$66,$16,$82,$-1,$18,$6,$-30,$22,$191,$-51,$0,$0,$0,$0,$0,$0,$-51,$-110,$0,$-110,$-10,$-10,$-12,$0,$-132,$9,$11,$-12
3,2017-10-31,27.16,$15.71,1.73,$64.79,0.42,$8.26,3.29,$1.40,19.4,$0.80B,$0.42B,1.93,$0.20B,$0.68B,0.29,$2.72B,$1.14B,41.72%,$2.72B,$0.10B,3.64%,$2.72B,$0.10B,3.64%,$2.72B,$0.16B,6.02%,$2.72B,$0.09B,3.20%,$2.72B,$0.06B,2.17%,$0.06B,$0.68B,9.25%,$0.06B,$0.34B,19.90%,$0.06B,$1.43B,4.00%,$0.10B,$0.87B,11.86%,$702,$409,$293,$0,$257,$667,$35,$-9,$26,$6,$20,$20,$22,$69,$35,$42,42,$0.47,$0.46,$31,$598,$0,$804,$215,$0,$340,$68,$623,$1427,$417,$197,$87,$335,$752,$0,$574,$-28,$675,$1427,$67,$49,$12,$62,$20,$-12,$-43,$1,$-7,$122,$-39,$0,$0,$0,$0,$0,$0,$-39,$-90,$0,$-90,$-8,$-8,$-9,$0,$-108,$-24,$8,$-9
4,2017-07-31,27.04,$14.92,1.81,$63.79,0.42,$8.38,3.23,$1.41,19.18,$0.96B,$0.61B,1.57,$0.20B,$0.64B,0.31,$2.68B,$1.11B,41.53%,$2.68B,$0.10B,3.77%,$2.68B,$0.10B,3.77%,$2.68B,$0.17B,6.16%,$2.68B,$0.09B,3.36%,$2.68B,$0.06B,2.24%,$0.06B,$0.64B,9.51%,$0.06B,$0.30B,17.52%,$0.06B,$1.58B,4.16%,$0.10B,$0.84B,12.20%,$775,$458,$317,$0,$264,$722,$53,$-4,$49,$14,$34,$34,$33,$45,$53,$42,42,$0.80,$0.80,$53,$722,$0,$956,$218,$0,$341,$70,$629,$1584,$608,$197,$85,$335,$943,$0,$542,$-28,$641,$1584,$33,$33,$9,$42,$9,$-134,$136,$10,$40,$114,$-27,$0,$0,$0,$0,$0,$0,$-27,$-75,$0,$-75,$-8,$-8,$-6,$0,$-90,$-2,$6,$-6
5,2017-04-30,28.49,$14.46,1.97,$62.42,0.46,$8.14,3.5,$1.46,19.52,$0.78B,$0.46B,1.71,$0.20B,$0.62B,0.32,$2.63B,$1.09B,41.36%,$2.63B,$0.11B,4.00%,$2.63B,$0.11B,4.00%,$2.63B,$0.17B,6.32%,$2.63B,$0.09B,3.50%,$2.63B,$0.06B,2.40%,$0.06B,$0.62B,10.09%,$0.06B,$0.28B,16.20%,$0.06B,$1.41B,4.49%,$0.11B,$0.82B,12.78%,$677,$389,$287,$0,$256,$649,$28,$-2,$27,$9,$18,$18,$17,$39,$28,$42,42,$0.41,$0.41,$72,$565,$0,$782,$218,$0,$342,$67,$627,$1410,$456,$197,$83,$331,$788,$0,$528,$-30,$622,$1410,$15,$16,$4,$20,$46,$21,$-41,$11,$31,$65,$-12,$0,$0,$0,$0,$0,$0,$-12,$-25,$0,$-25,$-8,$-8,$-3,$0,$-36,$16,$3,$-3
6,2017-01-31,30.33,$14.30,2.12,$61.11,0.5,$7.98,3.8,$1.52,19.95,$0.84B,$0.53B,1.6,$0.20B,$0.61B,0.32,$2.58B,$1.06B,41.22%,$2.58B,$0.11B,4.30%,$2.58B,$0.11B,4.30%,$2.58B,$0.17B,6.55%,$2.58B,$0.10B,3.72%,$2.58B,$0.07B,2.56%,$0.07B,$0.61B,10.63%,$0.07B,$0.27B,15.05%,$0.07B,$1.48B,4.87%,$0.11B,$0.81B,13.57%,$632,$361,$271,$0,$247,$608,$23,$-2,$21,$6,$15,$15,$14,$11,$23,$42,42,$0.35,$0.35,$55,$586,$0,$844,$219,$0,$344,$34,$632,$1475,$528,$197,$32,$333,$861,$0,$522,$-30,$614,$1475,$66,$58,$18,$76,$5,$14,$16,$20,$41,$184,$-60,$0,$-260,$0,$0,$0,$0,$-319,$110,$0,$110,$-27,$-27,$-12,$2,$73,$-63,$8,$-12
7,2016-10-31,24.61,$15.07,1.63,$60.22,0.41,$6.81,3.61,$1.94,12.69,$0.87B,$0.35B,2.46,$0.20B,$0.65B,0.3,$2.55B,$1.05B,41.19%,$2.55B,$0.13B,5.22%,$2.55B,$0.13B,5.22%,$2.55B,$0.19B,7.38%,$2.55B,$0.12B,4.67%,$2.55B,$0.09B,3.33%,$0.09B,$0.65B,13.75%,$0.09B,$0.52B,17.39%,$0.09B,$1.30B,6.47%,$0.13B,$0.84B,16.32%,$639,$379,$261,$0,$243,$645,$-5,$-4,$-10,$-3,$-6,$-6,$-5,$70,$-5,$42,42,$-0.16,$-0.16,$173,$525,$0,$869,$192,$0,$128,$115,$435,$1304,$354,$197,$58,$303,$657,$0,$531,$-6,$647,$1304,$72,$42,$7,$49,$14,$23,$-26,$23,$16,$137,$-49,$0,$0,$0,$0,$0,$0,$-49,$0,$0,$0,$-27,$-27,$-9,$3,$-33,$55,$6,$-9
8,2016-07-31,25.83,$14.32,1.8,$59.92,0.43,$5.61,4.6,$1.91,13.52,$0.99B,$0.50B,1.98,$0.20B,$0.62B,0.32,$2.55B,$1.04B,41.01%,$2.55B,$0.13B,5.11%,$2.55B,$0.13B,5.11%,$2.55B,$0.18B,7.19%,$2.55B,$0.11B,4.44%,$2.55B,$0.08B,3.30%,$0.08B,$0.62B,13.84%,$0.08B,$0.49B,17.63%,$0.08B,$1.42B,6.45%,$0.13B,$0.81B,16.18%,$732,$438,$294,$0,$238,$677,$55,$-3,$52,$18,$35,$35,$34,$46,$55,$42,42,$0.81,$0.81,$166,$649,$0,$989,$187,$0,$129,$115,$431,$1420,$501,$197,$61,$305,$806,$0,$499,$-5,$615,$1420,$38,$27,$3,$31,$9,$-101,$121,$26,$40,$109,$-31,$0,$0,$0,$0,$0,$0,$-31,$0,$0,$0,$-27,$-27,$-6,$3,$-30,$48,$4,$-6
9,2016-04-30,24.67,$14.01,1.76,$60.18,0.41,$5.68,4.34,$1.83,13.48,$0.79B,$0.32B,2.53,$0.20B,$0.61B,0.32,$2.56B,$1.05B,40.88%,$2.56B,$0.13B,5.23%,$2.56B,$0.13B,5.23%,$2.56B,$0.19B,7.26%,$2.56B,$0.11B,4.18%,$2.56B,$0.08B,3.12%,$0.08B,$0.61B,13.44%,$0.08B,$0.48B,17.24%,$0.08B,$1.23B,6.14%,$0.13B,$0.81B,16.92%,$623,$363,$260,$0,$227,$591,$32,$-3,$29,$9,$20,$20,$20,$42,$32,$42,42,$0.46,$0.46,$150,$488,$0,$794,$186,$0,$130,$116,$432,$1226,$315,$197,$60,$304,$618,$0,$483,$-4,$608,$1226,$18,$14,$-0,$13,$37,$61,$-49,$17,$34,$65,$-18,$0,$0,$0,$0,$0,$0,$-18,$0,$0,$0,$-16,$-16,$-3,$3,$-16,$31,$2,$-3
10,2016-01-31,26.24,$13.80,1.9,$60.64,0.43,$4.77,5.5,$1.86,14.11,$0.88B,$0.39B,2.24,$0.20B,$0.60B,0.33,$2.58B,$1.05B,40.65%,$2.58B,$0.14B,5.24%,$2.58B,$0.14B,5.24%,$2.58B,$0.19B,7.25%,$2.58B,$0.11B,4.19%,$2.58B,$0.08B,3.18%,$0.08B,$0.60B,14.10%,$0.08B,$0.47B,18.23%,$0.08B,$1.30B,6.38%,$0.14B,$0.80B,17.35%,$585,$337,$248,$0,$219,$556,$29,$-3,$25,$8,$18,$18,$17,$30,$29,$42,43,$0.41,$0.41,$118,$547,$0,$875,$179,$0,$131,$52,$428,$1303,$390,$197,$35,$311,$701,$0,$468,$-6,$602,$1303,$82,$53,$27,$80,$-17,$-5,$22,$0,$-13,$149,$-74,$0,$0,$0,$0,$0,$0,$-74,$200,$0,$200,$-210,$-210,$-12,$-1,$-23,$51,$7,$-12
11,2015-10-31,29.75,$13.77,2.16,$60.93,0.49,$4.63,6.42,$1.97,15.1,$0.82B,$0.36B,2.31,$0.20B,$0.60B,0.33,$2.58B,$1.05B,40.52%,$2.58B,$0.13B,5.07%,$2.58B,$0.13B,5.07%,$2.58B,$0.18B,7.08%,$2.58B,$0.11B,4.14%,$2.58B,$0.08B,3.25%,$0.08B,$0.60B,14.82%,$0.08B,$0.47B,19.38%,$0.08B,$1.26B,6.65%,$0.13B,$0.80B,17.17%,$609,$361,$248,$0,$231,$592,$17,$-4,$13,$2,$12,$12,$14,$65,$17,$42,43,$0.26,$0.25,$86,$544,$0,$820,$163,$0,$132,$142,$437,$1257,$355,$196,$61,$300,$655,$0,$460,$3,$602,$1257,$70,$39,$13,$52,$-12,$-2,$-16,$-7,$-38,$84,$-45,$0,$0,$0,$0,$0,$0,$-45,$200,$0,$200,$-210,$-210,$-9,$-1,$-19,$19,$5,$-9
12,2015-07-31,32.1,$13.02,2.46,$61.00,0.53,$4.38,7.32,$1.94,16.55,$1.00B,$0.56B,1.79,$0.20B,$0.57B,0.34,$2.58B,$1.05B,40.63%,$2.58B,$0.13B,5.11%,$2.58B,$0.13B,5.11%,$2.58B,$0.19B,7.16%,$2.58B,$0.11B,4.22%,$2.58B,$0.08B,3.21%,$0.08B,$0.57B,15.05%,$0.08B,$0.44B,19.89%,$0.08B,$1.42B,6.63%,$0.13B,$0.77B,17.64%,$729,$440,$288,$0,$236,$676,$52,$-6,$46,$12,$34,$34,$33,$49,$52,$42,42,$0.78,$0.78,$171,$641,$0,$997,$151,$0,$133,$143,$426,$1423,$557,$196,$60,$297,$854,$0,$429,$3,$569,$1423,$36,$26,$10,$36,$-8,$-98,$167,$-10,$29,$101,$-20,$0,$0,$0,$0,$0,$0,$-20,$39,$0,$39,$-9,$-9,$-6,$-42,$-18,$62,$4,$-6
13,2015-04-30,28.79,$12.67,2.27,$61.01,0.47,$3.43,8.39,$1.97,14.61,$0.73B,$0.31B,2.36,$0.20B,$0.55B,0.36,$2.58B,$1.05B,40.55%,$2.58B,$0.13B,4.92%,$2.58B,$0.13B,4.92%,$2.58B,$0.18B,7.01%,$2.58B,$0.11B,4.34%,$2.58B,$0.08B,3.25%,$0.08B,$0.55B,15.66%,$0.08B,$0.42B,20.93%,$0.08B,$1.16B,6.89%,$0.13B,$0.75B,17.30%,$638,$375,$263,$0,$227,$602,$36,$-13,$23,$6,$17,$17,$16,$43,$36,$42,42,$0.38,$0.38,$66,$499,$0,$732,$153,$0,$134,$142,$429,$1161,$310,$197,$59,$297,$607,$0,$415,$4,$554,$1161,$19,$13,$-0,$13,$10,$45,$-44,$-0,$-10,$22,$-14,$0,$0,$0,$0,$0,$0,$-14,$0,$0,$0,$-9,$-9,$-3,$2,$-9,$-1,$2,$-3
14,2015-01-31,27.46,$12.38,2.22,$60.86,0.45,$3.90,7.04,$1.88,14.61,$0.79B,$0.37B,2.14,$0.20B,$0.54B,0.36,$2.57B,$1.04B,40.45%,$2.57B,$0.13B,4.90%,$2.57B,$0.13B,4.90%,$2.57B,$0.18B,7.00%,$2.57B,$0.11B,4.24%,$2.57B,$0.08B,3.11%,$0.08B,$0.54B,15.35%,$0.08B,$0.41B,20.79%,$0.08B,$1.21B,6.64%,$0.13B,$0.74B,17.51%,$602,$354,$249,$0,$218,$572,$30,$-4,$26,$7,$19,$19,$19,$26,$30,$42,42,$0.44,$0.44,$67,$543,$0,$790,$150,$0,$135,$59,$424,$1214,$370,$197,$39,$303,$673,$0,$399,$3,$542,$1214,$83,$54,$3,$57,$-9,$-8,$-8,$-19,$-21,$119,$-50,$-65,$10,$0,$-7,$-7,$0,$-112,$-7,$0,$-7,$0,$0,$-12,$-2,$-20,$-15,$6,$-12
15,2014-10-31,25.66,$12.36,2.08,$60.71,0.42,$3.59,7.14,$1.66,15.46,$0.78B,$0.39B,2.01,$0.20B,$0.54B,0.37,$2.56B,$1.03B,40.45%,$2.56B,$0.12B,4.81%,$2.56B,$0.12B,4.81%,$2.56B,$0.18B,7.00%,$2.56B,$0.10B,3.99%,$2.56B,$0.07B,2.70%,$0.07B,$0.54B,13.66%,$0.07B,$0.41B,17.97%,$0.07B,$1.21B,5.80%,$0.12B,$0.74B,17.47%,$615,$368,$247,$0,$231,$603,$13,$-0,$12,$-4,$16,$16,$16,$67,$13,$42,42,$0.38,$0.38,$39,$568,$0,$783,$151,$0,$136,$140,$427,$1210,$389,$199,$43,$280,$669,$0,$386,$16,$541,$1210,$67,$40,$4,$44,$-9,$-20,$-24,$-4,$-43,$69,$-40,$-65,$0,$0,$-7,$-7,$0,$-112,$7,$0,$7,$0,$0,$-9,$2,$1,$-43,$5,$-9
16,2014-07-31,27.13,$11.65,2.33,$60.31,0.45,$3.42,7.94,$1.54,17.62,$0.87B,$0.50B,1.74,$0.20B,$0.51B,0.39,$2.53B,$1.02B,40.36%,$2.53B,$0.12B,4.55%,$2.53B,$0.12B,4.55%,$2.53B,$0.17B,6.76%,$2.53B,$0.09B,3.72%,$2.53B,$0.06B,2.53%,$0.06B,$0.51B,13.26%,$0.06B,$0.37B,16.98%,$0.06B,$1.29B,5.52%,$0.12B,$0.71B,16.87%,$729,$439,$291,$0,$238,$676,$53,$-5,$48,$15,$33,$33,$32,$45,$53,$42,42,$0.76,$0.75,$47,$658,$0,$869,$148,$0,$137,$135,$420,$1289,$501,$199,$43,$279,$780,$0,$356,$17,$509,$1289,$34,$27,$0,$27,$4,$-110,$115,$-5,$6,$66,$-26,$-65,$0,$0,$0,$0,$0,$-91,$-7,$0,$-7,$-1,$-1,$-6,$2,$-12,$-36,$3,$-6
17,2014-04-30,22.65,$11.28,2.01,$60.19,0.38,$2.58,8.76,$1.48,15.3,$0.69B,$0.34B,2.05,$0.20B,$0.49B,0.4,$2.52B,$1.02B,40.38%,$2.52B,$0.11B,4.25%,$2.52B,$0.11B,4.25%,$2.52B,$0.16B,6.48%,$2.52B,$0.09B,3.42%,$2.52B,$0.06B,2.46%,$0.06B,$0.49B,13.42%,$0.06B,$0.36B,16.69%,$0.06B,$1.11B,5.48%,$0.11B,$0.69B,16.19%,$636,$376,$260,$0,$228,$605,$31,$-5,$26,$8,$18,$18,$17,$42,$31,$42,42,$0.41,$0.41,$37,$513,$0,$693,$142,$0,$138,$136,$416,$1109,$337,$199,$42,$279,$616,$0,$341,$17,$493,$1109,$15,$13,$-1,$13,$23,$35,$-31,$-2,$9,$36,$-9,$-65,$0,$0,$0,$0,$0,$-74,$-7,$0,$-7,$-1,$-1,$-3,$2,$-9,$-46,$2,$-3
18,2014-01-31,22.68,$11.00,2.06,$60.42,0.38,$2.35,9.65,$0.87,26.07,$0.79B,$0.39B,2.05,$0.20B,$0.48B,0.42,$2.51B,$1.01B,40.33%,$2.51B,$0.10B,3.94%,$2.51B,$0.10B,3.94%,$2.51B,$0.16B,6.21%,$2.51B,$0.08B,3.10%,$2.51B,$0.04B,1.43%,$0.04B,$0.48B,8.14%,$0.04B,$0.40B,9.84%,$0.04B,$1.15B,3.19%,$0.10B,$0.68B,15.44%,$591,$349,$242,$0,$214,$562,$29,$-5,$23,$8,$15,$15,$15,$25,$29,$42,42,$0.35,$0.35,$83,$548,$0,$793,$144,$0,$74,$53,$357,$1149,$387,$199,$38,$285,$672,$0,$328,$17,$477,$1149,$38,$58,$46,$104,$-18,$-45,$13,$5,$-37,$104,$-49,$0,$69,$0,$0,$0,$0,$20,$-98,$0,$-98,$1,$1,$-12,$3,$-106,$14,$6,$-12
19,2013-10-31,21.44,$10.46,2.05,$61.18,0.35,$4.32,4.96,$0.81,26.46,$0.75B,$0.35B,2.12,$0.20B,$0.45B,0.44,$2.53B,$1.02B,40.27%,$2.53B,$0.10B,3.99%,$2.53B,$0.10B,3.99%,$2.53B,$0.16B,6.24%,$2.53B,$0.08B,3.12%,$2.53B,$0.04B,1.38%,$0.04B,$0.45B,8.15%,$0.04B,$0.38B,9.96%,$0.04B,$1.09B,3.09%,$0.10B,$0.65B,16.08%,$600,$359,$241,$0,$231,$590,$10,$-5,$5,$-1,$6,$6,$5,$59,$10,$41,42,$0.15,$0.16,$42,$545,$0,$752,$148,$0,$75,$112,$335,$1087,$354,$199,$44,$281,$635,$0,$325,$-0,$452,$1087,$32,$43,$24,$67,$-0,$-41,$-13,$-7,$-37,$62,$-42,$0,$69,$0,$0,$0,$0,$28,$-105,$0,$-105,$-2,$-2,$-9,$3,$-114,$-26,$4,$-9
20,2013-07-31,22.64,$9.87,2.29,$61.36,0.37,$6.26,3.62,$0.74,30.59,$0.84B,$0.48B,1.76,$0.20B,$0.43B,0.47,$2.53B,$1.02B,40.42%,$2.53B,$0.10B,3.84%,$2.53B,$0.10B,3.84%,$2.53B,$0.15B,6.10%,$2.53B,$0.08B,2.97%,$2.53B,$0.03B,1.27%,$0.03B,$0.43B,7.54%,$0.03B,$0.35B,9.28%,$0.03B,$1.18B,2.77%,$0.10B,$0.63B,15.56%,$703,$425,$278,$0,$234,$658,$45,$-5,$40,$12,$27,$27,$27,$37,$45,$41,42,$0.63,$0.63,$53,$616,$0,$843,$148,$0,$77,$114,$338,$1181,$480,$199,$39,$275,$755,$0,$301,$-0,$426,$1181,$4,$29,$21,$49,$-9,$-113,$97,$-6,$-18,$35,$-30,$0,$69,$0,$0,$0,$0,$39,$-82,$0,$-82,$-3,$-3,$-6,$3,$-88,$-15,$3,$-6
21,2013-04-30,16.05,$9.57,1.68,$60.29,0.27,$8.40,1.91,$0.33,48.64,$0.72B,$0.40B,1.83,$0.20B,$0.41B,0.48,$2.47B,$0.99B,40.26%,$2.47B,$0.08B,3.36%,$2.47B,$0.08B,3.36%,$2.47B,$0.14B,5.67%,$2.47B,$0.06B,2.43%,$2.47B,$0.01B,0.57%,$0.01B,$0.41B,3.34%,$0.01B,$0.33B,4.12%,$0.01B,$1.10B,1.19%,$0.08B,$0.61B,13.42%,$622,$367,$255,$0,$231,$599,$23,$-5,$18,$4,$14,$14,$15,$35,$23,$41,42,$0.36,$0.35,$45,$486,$12,$722,$137,$0,$81,$116,$373,$1095,$395,$199,$45,$287,$682,$0,$288,$0,$413,$1095,$-11,$14,$18,$32,$16,$17,$-27,$-1,$5,$26,$-8,$0,$2,$0,$0,$0,$0,$-7,$-39,$0,$-39,$-2,$-2,$-3,$2,$-42,$-24,$2,$-3
22,2013-01-31,16.3,$9.93,1.64,$60.70,0.27,$9.76,1.67,$0.63,25.87,$0.78B,$0.47B,1.64,$0.20B,$0.43B,0.47,$2.48B,$0.99B,39.87%,$2.48B,$0.08B,3.03%,$2.48B,$0.08B,3.03%,$2.48B,$0.13B,5.33%,$2.48B,$0.05B,2.10%,$2.48B,$0.03B,1.09%,$0.03B,$0.43B,6.43%,$0.03B,$0.35B,7.95%,$0.03B,$1.17B,2.28%,$0.08B,$0.63B,12.13%,$589,$349,$240,$0,$214,$568,$21,$-6,$15,$8,$7,$7,$-11,$27,$21,$41,41,$-0.26,$-0.26,$68,$504,$0,$775,$145,$0,$80,$64,$399,$1174,$472,$199,$30,$276,$748,$0,$302,$1,$426,$1174,$27,$57,$13,$70,$28,$29,$32,$-3,$100,$198,$-64,$-5,$0,$0,$0,$0,$0,$-69,$-96,$0,$-96,$-2,$-2,$-12,$1,$-109,$21,$6,$-12
23,2012-10-31,14.86,$10.07,1.48,$57.08,0.26,$6.70,2.22,$0.33,45.03,$0.75B,$0.44B,1.7,$0.20B,$0.43B,0.46,$2.34B,$0.95B,40.47%,$2.34B,$0.05B,2.14%,$2.34B,$0.05B,2.14%,$2.34B,$0.11B,4.57%,$2.34B,$0.03B,1.20%,$2.34B,$0.02B,0.68%,$0.02B,$0.43B,3.84%,$0.02B,$0.35B,4.98%,$0.02B,$1.16B,1.34%,$0.05B,$0.63B,8.13%,$619,$371,$247,$0,$232,$606,$12,$-6,$6,$1,$5,$5,$4,$55,$12,$41,41,$0.09,$0.10,$41,$512,$0,$753,$140,$0,$81,$135,$411,$1164,$443,$199,$52,$289,$732,$0,$301,$10,$432,$1164,$23,$42,$13,$55,$15,$23,$-7,$18,$66,$144,$-45,$0,$-5,$0,$0,$0,$0,$-50,$-91,$0,$-91,$-2,$-2,$-9,$1,$-101,$-7,$5,$-9
24,2012-07-31,12.9,$9.51,1.36,$57.65,0.22,$3.83,3.37,$0.56,23.04,$0.85B,$0.56B,1.52,$0.20B,$0.41B,0.49,$2.36B,$0.94B,40.03%,$2.36B,$0.04B,1.74%,$2.36B,$0.04B,1.74%,$2.36B,$0.10B,4.24%,$2.36B,$0.02B,0.76%,$2.36B,$0.02B,1.02%,$0.02B,$0.41B,5.80%,$0.02B,$0.33B,7.93%,$0.02B,$1.25B,1.98%,$0.04B,$0.61B,6.70%,$696,$417,$279,$0,$236,$655,$41,$-5,$36,$11,$24,$24,$24,$23,$41,$41,41,$0.57,$0.56,$47,$586,$0,$852,$134,$0,$78,$136,$402,$1254,$559,$199,$51,$287,$846,$0,$280,$9,$408,$1254,$-1,$28,$11,$39,$19,$-59,$0,$3,$83,$119,$-27,$0,$0,$0,$0,$0,$0,$-27,$-85,$0,$-85,$-2,$-2,$-6,$1,$-92,$-0,$3,$-6
25,2012-04-30,8.49,$9.64,0.88,$58.63,0.14,$2.08,4.08,$0.51,16.65,$0.74B,$0.44B,1.67,$0.20B,$0.41B,0.48,$2.41B,$0.95B,39.35%,$2.41B,$0.03B,1.28%,$2.41B,$0.03B,1.28%,$2.41B,$0.09B,3.81%,$2.41B,$0.01B,0.29%,$2.41B,$0.02B,0.91%,$0.02B,$0.41B,5.37%,$0.02B,$0.33B,8.02%,$0.02B,$1.14B,1.78%,$0.03B,$0.61B,5.10%,$565,$337,$228,$0,$212,$556,$9,$-6,$3,$1,$2,$2,$-3,$27,$9,$41,41,$-0.06,$-0.06,$40,$476,$0,$738,$125,$0,$82,$137,$403,$1141,$442,$199,$48,$286,$728,$0,$285,$10,$413,$1141,$2,$14,$2,$16,$14,$49,$-8,$6,$62,$80,$-7,$0,$0,$0,$0,$0,$0,$-7,$-77,$0,$-77,$-2,$-2,$-3,$1,$-81,$-8,$1,$-3
26,2012-01-31,8.74,$9.86,0.89,$58.35,0.15,$0.15,56.87,$0.55,15.89,$0.82B,$0.53B,1.55,$0.20B,$0.41B,0.48,$2.44B,$0.96B,39.57%,$2.44B,$0.03B,1.23%,$2.44B,$0.03B,1.23%,$2.44B,$0.09B,3.78%,$2.44B,$0.01B,0.21%,$2.44B,$0.02B,0.99%,$0.02B,$0.41B,5.84%,$0.02B,$0.27B,9.48%,$0.02B,$1.23B,1.90%,$0.03B,$0.61B,5.02%,$598,$364,$234,$0,$211,$586,$13,$-6,$7,$3,$4,$4,$2,$2,$13,$40,41,$0.04,$0.04,$48,$562,$0,$815,$131,$0,$141,$72,$412,$1227,$525,$199,$27,$289,$814,$0,$287,$10,$414,$1227,$24,$61,$-6,$55,$-26,$4,$14,$2,$-29,$48,$-39,$0,$-101,$0,$0,$0,$3,$-137,$52,$0,$52,$-25,$-25,$-12,$-5,$10,$-79,$6,$-12
27,2011-10-31,8.18,$9.99,0.82,$61.04,0.13,$-1.42,0.0,$0.84,9.73,$0.81B,$0.54B,1.51,$0.20B,$0.42B,0.47,$2.56B,$0.99B,38.79%,$2.56B,$0.05B,1.91%,$2.56B,$0.05B,1.91%,$2.56B,$0.11B,4.30%,$2.56B,$0.02B,0.94%,$2.56B,$0.03B,1.33%,$0.03B,$0.42B,8.26%,$0.03B,$0.28B,12.53%,$0.03B,$1.23B,2.74%,$0.05B,$0.62B,8.37%,$481,$274,$206,$0,$203,$494,$-13,$-5,$-18,$-9,$-9,$-9,$-7,$48,$-13,$41,42,$-0.17,$-0.20,$42,$580,$0,$811,$137,$0,$143,$138,$417,$1228,$538,$199,$39,$271,$808,$0,$298,$6,$420,$1228,$33,$46,$-6,$40,$-27,$-15,$0,$26,$-60,$13,$-31,$0,$-101,$0,$0,$0,$3,$-129,$73,$0,$73,$1,$1,$-9,$-32,$32,$-85,$5,$-9
28,2011-07-31,9.18,$9.31,0.99,$60.27,0.15,$-2.70,0.0,$0.47,19.53,$0.90B,$0.69B,1.31,$0.20B,$0.39B,0.51,$2.56B,$1.00B,38.99%,$2.56B,$0.05B,1.95%,$2.56B,$0.05B,1.95%,$2.56B,$0.11B,4.22%,$2.56B,$0.03B,1.01%,$2.56B,$0.02B,0.82%,$0.02B,$0.39B,5.13%,$0.02B,$0.22B,7.33%,$0.02B,$1.35B,1.75%,$0.05B,$0.59B,8.75%,$714,$437,$276,$0,$239,$681,$32,$-7,$26,$8,$18,$18,$32,$15,$32,$40,41,$0.80,$0.79,$63,$628,$0,$898,$139,$0,$174,$139,$452,$1351,$686,$199,$43,$275,$960,$0,$267,$8,$391,$1351,$-1,$31,$5,$35,$-24,$-56,$115,$8,$9,$43,$-22,$0,$-157,$0,$0,$0,$3,$-175,$101,$0,$101,$-22,$-22,$-6,$-6,$66,$-64,$3,$-6
29,2011-04-30,11.41,$9.43,1.21,$59.24,0.19,$-3.16,0.0,$0.70,16.3,$0.79B,$0.59B,1.34,$0.15B,$0.42B,0.36,$2.53B,$1.00B,39.69%,$2.53B,$0.06B,2.49%,$2.53B,$0.06B,2.49%,$2.53B,$0.12B,4.67%,$2.53B,$0.04B,1.62%,$2.53B,$0.03B,1.23%,$0.03B,$0.42B,7.57%,$0.03B,$0.25B,9.94%,$0.03B,$1.24B,2.74%,$0.06B,$0.57B,11.26%,$621,$387,$234,$0,$234,$622,$-1,$-7,$-8,$-3,$-5,$-5,$-5,$27,$-1,$42,42,$-0.11,$-0.11,$54,$535,$0,$791,$141,$0,$173,$135,$450,$1241,$592,$150,$44,$229,$821,$0,$275,$8,$420,$1241,$4,$15,$3,$18,$-10,$39,$0,$0,$-17,$4,$-10,$0,$-157,$0,$0,$0,$3,$-163,$90,$0,$90,$0,$0,$-3,$-2,$86,$-72,$2,$-3
30,2011-01-31,11.36,$9.47,1.2,$59.07,0.19,$-2.29,0.0,$0.85,13.36,$0.81B,$0.51B,1.58,$0.15B,$0.42B,0.36,$2.51B,$1.00B,40.04%,$2.51B,$0.07B,2.87%,$2.51B,$0.07B,2.87%,$2.51B,$0.13B,4.99%,$2.51B,$0.05B,2.12%,$2.51B,$0.04B,1.48%,$0.04B,$0.42B,9.04%,$0.04B,$0.35B,11.00%,$0.04B,$1.15B,3.49%,$0.07B,$0.57B,12.87%,$620,$372,$248,$0,$234,$607,$12,$-7,$5,$2,$3,$3,$4,$20,$12,$42,43,$0.08,$0.08,$127,$524,$0,$808,$136,$0,$71,$70,$340,$1148,$512,$150,$24,$220,$732,$0,$274,$6,$416,$1148,$37,$53,$34,$86,$-30,$-67,$-11,$-9,$-120,$-2,$-55,$0,$0,$0,$0,$0,$0,$-55,$104,$0,$104,$1,$1,$-12,$-35,$57,$1,$6,$-12
31,2010-10-31,10.48,$9.34,1.12,$58.43,0.18,$0.69,15.17,$0.89,11.78,$0.73B,$0.44B,1.66,$0.15B,$0.41B,0.37,$2.47B,$1.00B,40.55%,$2.47B,$0.08B,3.04%,$2.47B,$0.08B,3.04%,$2.47B,$0.13B,5.15%,$2.47B,$0.06B,2.27%,$2.47B,$0.04B,1.58%,$0.04B,$0.41B,9.55%,$0.04B,$0.34B,11.69%,$0.04B,$1.07B,3.77%,$0.08B,$0.56B,13.43%,$605,$369,$235,$0,$227,$599,$6,$-5,$1,$-3,$3,$3,$3,$46,$6,$42,42,$0.08,$0.08,$30,$540,$0,$733,$137,$0,$72,$123,$332,$1065,$441,$150,$29,$214,$655,$0,$274,$2,$410,$1065,$34,$39,$5,$43,$-47,$-83,$-5,$16,$-109,$-33,$-41,$0,$0,$0,$0,$0,$0,$-41,$19,$0,$19,$1,$1,$-9,$-32,$-22,$-96,$4,$-9
32,2010-07-31,12.96,$8.93,1.45,$56.64,0.23,$2.86,4.54,$0.85,15.25,$0.75B,$0.47B,1.59,$0.15B,$0.39B,0.38,$2.38B,$0.98B,41.12%,$2.38B,$0.08B,3.20%,$2.38B,$0.08B,3.20%,$2.38B,$0.13B,5.43%,$2.38B,$0.06B,2.40%,$2.38B,$0.04B,1.52%,$0.04B,$0.39B,8.85%,$0.04B,$0.32B,10.89%,$0.04B,$1.08B,3.59%,$0.08B,$0.54B,13.65%,$716,$434,$282,$0,$247,$683,$33,$-5,$28,$10,$18,$18,$19,$25,$33,$42,43,$0.42,$0.42,$31,$578,$0,$748,$136,$0,$74,$119,$329,$1077,$470,$150,$28,$216,$686,$0,$258,$2,$392,$1077,$15,$25,$5,$31,$-22,$-121,$117,$8,$-19,$27,$-25,$0,$0,$0,$0,$0,$0,$-25,$-59,$0,$-59,$1,$1,$-6,$-33,$-97,$-95,$3,$-6
33,2010-04-30,16.6,$9.68,1.71,$55.15,0.3,$3.31,5.02,$0.63,26.35,$0.63B,$0.32B,1.97,$0.15B,$0.42B,0.36,$2.30B,$0.94B,40.96%,$2.30B,$0.06B,2.56%,$2.30B,$0.06B,2.56%,$2.30B,$0.11B,4.91%,$2.30B,$0.04B,1.74%,$2.30B,$0.03B,1.17%,$0.03B,$0.42B,6.65%,$0.03B,$0.35B,8.23%,$0.03B,$0.95B,2.73%,$0.06B,$0.57B,10.62%,$586,$347,$238,$0,$224,$574,$12,$-5,$7,$3,$5,$5,$5,$34,$12,$42,42,$0.12,$0.12,$59,$431,$0,$626,$137,$0,$76,$116,$329,$954,$318,$150,$28,$216,$534,$0,$256,$1,$420,$954,$11,$13,$2,$15,$-3,$26,$12,$-6,$17,$42,$-11,$0,$0,$0,$0,$0,$0,$-11,$-95,$0,$-95,$0,$0,$-3,$-0,$-98,$-66,$1,$-3
34,2010-01-31,10.77,$9.59,1.12,$53.87,0.2,$3.44,3.13,$0.22,48.94,$0.71B,$0.41B,1.71,$0.15B,$0.41B,0.37,$2.24B,$0.90B,40.26%,$2.24B,$0.03B,1.38%,$2.24B,$0.03B,1.38%,$2.24B,$0.09B,3.79%,$2.24B,$0.01B,0.49%,$2.24B,$0.01B,0.40%,$0.01B,$0.41B,2.26%,$0.01B,$0.33B,2.82%,$0.01B,$1.04B,0.92%,$0.03B,$0.56B,5.65%,$598,$350,$248,$0,$225,$576,$21,$-4,$17,$6,$11,$11,$10,$22,$21,$42,42,$0.23,$0.23,$126,$457,$0,$708,$142,$0,$77,$56,$332,$1040,$414,$150,$26,$215,$629,$0,$249,$0,$411,$1040,$10,$53,$26,$79,$-1,$11,$25,$-10,$28,$118,$-50,$0,$0,$0,$0,$0,$0,$-50,$-18,$0,$-18,$0,$0,$-12,$-0,$-30,$39,$5,$-12
35,2009-10-31,9.05,$9.41,0.96,$52.83,0.17,$0.79,11.53,$-3.58,0.0,$0.59B,$0.32B,1.89,$0.15B,$0.40B,0.37,$2.20B,$0.87B,39.35%,$2.20B,$-0.18B,-8.33%,$2.20B,$-0.18B,-8.33%,$2.20B,$0.02B,0.96%,$2.20B,$-0.20B,-9.24%,$2.20B,$-0.15B,-6.78%,$-0.15B,$0.40B,-37.56%,$-0.15B,$0.33B,-47.23%,$-0.15B,$0.94B,-15.26%,$-0.18B,$0.55B,-33.47%,$566,$334,$232,$0,$218,$557,$9,$-5,$4,$-0,$5,$5,$5,$48,$9,$42,42,$0.12,$0.10,$34,$450,$0,$594,$149,$0,$79,$117,$345,$940,$315,$150,$31,$221,$536,$0,$247,$-4,$404,$940,$6,$40,$7,$48,$-1,$18,$0,$13,$5,$58,$-40,$0,$0,$0,$0,$0,$0,$-40,$-63,$0,$-63,$0,$0,$-9,$-0,$-72,$-53,$3,$-9
36,2009-07-31,6.71,$9.06,0.74,$53.00,0.13,$-0.12,0.0,$-3.71,0.0,$0.68B,$0.42B,1.63,$0.15B,$0.39B,0.39,$2.20B,$0.85B,38.75%,$2.20B,$-0.20B,-9.26%,$2.20B,$-0.20B,-9.26%,$2.20B,$0.00B,0.05%,$2.20B,$-0.22B,-10.12%,$2.20B,$-0.16B,-7.03%,$-0.16B,$0.39B,-35.53%,$-0.16B,$0.31B,-48.14%,$-0.16B,$1.03B,-15.23%,$-0.20B,$0.54B,-34.80%,$626,$367,$259,$0,$222,$591,$34,$-5,$29,$12,$17,$17,$16,$9,$34,$42,42,$0.38,$0.38,$37,$527,$0,$678,$156,$0,$81,$111,$347,$1025,$415,$150,$30,$222,$637,$0,$234,$-4,$388,$1025,$-11,$27,$5,$32,$12,$-59,$81,$0,$29,$50,$-29,$0,$0,$0,$0,$0,$0,$-29,$-65,$0,$-65,$0,$0,$-6,$-0,$-71,$-50,$2,$-6
37,2009-04-30,5.51,$9.16,0.6,$54.38,0.1,$0.00,0.0,$-3.56,0.0,$0.57B,$0.30B,1.91,$0.15B,$0.39B,0.38,$2.26B,$0.87B,38.61%,$2.26B,$-0.19B,-8.58%,$2.26B,$-0.19B,-8.58%,$2.26B,$0.01B,0.53%,$2.26B,$-0.21B,-9.33%,$2.26B,$-0.15B,-6.59%,$-0.15B,$0.39B,-31.07%,$-0.15B,$0.31B,-44.91%,$-0.15B,$0.91B,-14.13%,$-0.19B,$0.54B,-30.82%,$512,$308,$204,$0,$207,$517,$-5,$-5,$-10,$-6,$-4,$-4,$-4,$6,$-5,$42,42,$-0.10,$-0.10,$46,$408,$0,$570,$156,$0,$82,$106,$344,$914,$299,$150,$30,$222,$521,$0,$241,$-6,$393,$914,$-7,$13,$3,$16,$16,$58,$-19,$-3,$40,$49,$-13,$0,$0,$0,$0,$0,$0,$-13,$-74,$0,$-74,$0,$0,$-3,$-0,$-77,$-41,$1,$-3
38,2009-01-31,3.92,$9.50,0.41,$54.79,0.07,$-0.34,0.0,$-3.21,0.0,$0.68B,$0.40B,1.7,$0.15B,$0.40B,0.37,$2.28B,$0.88B,38.71%,$2.28B,$-0.17B,-7.60%,$2.28B,$-0.17B,-7.64%,$2.28B,$0.03B,1.45%,$2.28B,$-0.19B,-8.30%,$2.28B,$-0.13B,-5.89%,$-0.13B,$0.40B,-25.68%,$-0.13B,$0.32B,-39.33%,$-0.13B,$1.03B,-12.31%,$-0.17B,$0.55B,-25.75%,$539,$331,$208,$0,$213,$546,$-7,$-5,$-12,$-5,$-7,$-7,$-8,$-42,$-7,$42,42,$-0.18,$-0.18,$87,$466,$0,$681,$157,$0,$84,$41,$345,$1026,$402,$150,$30,$222,$624,$0,$252,$-6,$402,$1026,$-135,$206,$-45,$161,$36,$-29,$-27,$7,$8,$34,$-77,$0,$0,$0,$-8,$-8,$3,$-81,$98,$0,$98,$0,$0,$-12,$-7,$79,$27,$3,$-12
39,2008-10-31,8.73,$13.27,0.66,$55.26,0.16,$1.57,5.56,$0.80,10.91,$0.63B,$0.31B,2.04,$0.15B,$0.56B,0.27,$2.33B,$0.91B,39.12%,$2.33B,$0.05B,2.15%,$2.33B,$0.05B,2.11%,$2.33B,$0.11B,4.60%,$2.33B,$0.04B,1.55%,$2.33B,$0.03B,1.42%,$0.03B,$0.56B,5.88%,$0.03B,$0.35B,9.52%,$0.03B,$1.11B,2.98%,$0.05B,$0.71B,7.03%,$521,$327,$194,$0,$214,$726,$-205,$-4,$-210,$-56,$-154,$-154,$-153,$28,$-205,$42,42,$-3.68,$-3.68,$36,$469,$0,$629,$156,$6,$211,$105,$478,$1107,$309,$150,$42,$237,$546,$0,$408,$6,$562,$1107,$19,$42,$4,$46,$17,$-37,$-4,$1,$-24,$42,$-61,$0,$0,$0,$0,$0,$0,$-61,$9,$0,$9,$0,$0,$-9,$0,$1,$-24,$1,$-9
40,2008-07-31,13.31,$13.25,1.0,$54.59,0.24,$2.68,4.97,$1.16,11.47,$0.70B,$0.38B,1.86,$0.15B,$0.56B,0.27,$2.34B,$0.92B,39.40%,$2.34B,$0.08B,3.42%,$2.34B,$0.08B,3.38%,$2.34B,$0.14B,5.77%,$2.34B,$0.07B,2.86%,$2.34B,$0.05B,2.14%,$0.05B,$0.56B,8.80%,$0.05B,$0.35B,14.16%,$0.05B,$1.17B,4.50%,$0.08B,$0.71B,11.13%,$632,$383,$248,$0,$219,$619,$13,$-4,$9,$-1,$10,$10,$10,$20,$13,$42,42,$0.25,$0.25,$64,$503,$0,$699,$149,$6,$214,$104,$473,$1171,$376,$150,$43,$235,$610,$0,$400,$15,$561,$1171,$9,$28,$1,$30,$8,$-68,$69,$-2,$26,$64,$-38,$0,$0,$0,$0,$0,$0,$-38,$-15,$0,$-15,$0,$0,$-6,$0,$-21,$5,$-0,$-6
41,2008-04-30,13.69,$13.29,1.03,$53.85,0.25,$2.16,6.35,$1.33,10.29,$0.59B,$0.25B,2.32,$0.15B,$0.56B,0.27,$2.35B,$0.93B,39.61%,$2.35B,$0.09B,3.96%,$2.35B,$0.09B,3.92%,$2.35B,$0.15B,6.22%,$2.35B,$0.08B,3.41%,$2.35B,$0.06B,2.47%,$0.06B,$0.56B,10.21%,$0.06B,$0.35B,16.47%,$0.06B,$1.05B,5.25%,$0.09B,$0.71B,12.95%,$569,$346,$223,$0,$208,$564,$5,$-3,$2,$-0,$2,$2,$2,$27,$5,$42,42,$0.05,$0.05,$63,$404,$0,$586,$145,$7,$215,$97,$464,$1050,$252,$150,$44,$235,$487,$0,$401,$15,$562,$1050,$7,$13,$1,$14,$43,$32,$-38,$-23,$16,$36,$-15,$0,$0,$0,$0,$0,$0,$-15,$-15,$0,$-15,$0,$0,$-3,$0,$-18,$3,$-0,$-3
42,2008-01-31,14.03,$13.35,1.05,$53.18,0.26,$1.41,9.94,$1.38,10.17,$0.64B,$0.30B,2.1,$0.15B,$0.56B,0.27,$2.36B,$0.94B,40.00%,$2.36B,$0.10B,4.07%,$2.36B,$0.10B,4.07%,$2.36B,$0.15B,6.31%,$2.36B,$0.08B,3.56%,$2.36B,$0.06B,2.58%,$0.06B,$0.56B,10.82%,$0.06B,$0.34B,17.54%,$0.06B,$1.10B,5.54%,$0.10B,$0.71B,13.45%,$554,$338,$216,$0,$211,$541,$14,$-4,$10,$3,$7,$7,$7,$32,$13,$41,41,$0.17,$0.17,$60,$436,$0,$637,$142,$7,$217,$26,$463,$1100,$304,$150,$32,$237,$541,$0,$397,$16,$559,$1100,$60,$52,$1,$53,$16,$-13,$-13,$13,$-28,$86,$-47,$0,$-3,$0,$-11,$-11,$2,$-59,$14,$0,$14,$-32,$-32,$-12,$6,$-24,$6,$8,$-12
43,2007-10-31,16.58,$13.39,1.24,$54.81,0.3,$2.39,6.93,$1.36,12.22,$0.65B,$0.29B,2.27,$0.15B,$0.59B,0.25,$2.43B,$0.98B,40.16%,$2.43B,$0.10B,4.12%,$2.43B,$0.10B,4.12%,$2.43B,$0.16B,6.55%,$2.43B,$0.09B,3.58%,$2.43B,$0.06B,2.51%,$0.06B,$0.59B,10.99%,$0.06B,$0.38B,17.98%,$0.06B,$1.12B,5.54%,$0.10B,$0.74B,14.18%,$571,$349,$223,$0,$185,$553,$18,$-4,$15,$1,$14,$14,$14,$56,$18,$43,44,$0.31,$0.31,$80,$441,$0,$647,$146,$7,$216,$105,$473,$1120,$285,$150,$52,$243,$528,$0,$386,$22,$592,$1120,$46,$39,$9,$47,$36,$-16,$-21,$3,$-26,$67,$-39,$0,$-3,$0,$-7,$-7,$1,$-48,$-1,$0,$-1,$9,$9,$-9,$6,$4,$26,$8,$-9
44,2007-07-31,16.97,$12.67,1.34,$55.83,0.3,$3.08,5.51,$1.37,12.42,$0.68B,$0.35B,1.97,$0.15B,$0.56B,0.27,$2.46B,$0.99B,40.06%,$2.46B,$0.10B,4.03%,$2.46B,$0.10B,4.03%,$2.46B,$0.16B,6.34%,$2.46B,$0.09B,3.46%,$2.46B,$0.06B,2.48%,$0.06B,$0.56B,11.47%,$0.06B,$0.34B,19.32%,$0.06B,$1.15B,5.62%,$0.10B,$0.71B,14.52%,$646,$386,$260,$0,$217,$603,$43,$-3,$40,$13,$27,$27,$27,$31,$43,$44,44,$0.62,$0.61,$64,$475,$0,$683,$142,$0,$216,$106,$464,$1147,$347,$150,$53,$240,$587,$0,$362,$16,$560,$1147,$19,$25,$5,$31,$22,$-52,$31,$-3,$-21,$29,$-25,$0,$-3,$0,$-1,$-1,$0,$-29,$0,$-1,$-1,$9,$9,$-6,$6,$7,$11,$6,$-6
45,2007-04-30,21.81,$12.31,1.77,$56.14,0.39,$3.29,6.62,$1.49,14.6,$0.58B,$0.25B,2.29,$0.15B,$0.54B,0.28,$2.46B,$0.98B,39.74%,$2.46B,$0.11B,4.35%,$2.46B,$0.11B,4.35%,$2.46B,$0.16B,6.58%,$2.46B,$0.09B,3.74%,$2.46B,$0.07B,2.68%,$0.07B,$0.54B,12.96%,$0.07B,$0.33B,22.58%,$0.07B,$1.04B,6.15%,$0.11B,$0.69B,16.23%,$577,$346,$231,$0,$213,$559,$18,$-3,$15,$5,$10,$10,$10,$30,$18,$44,45,$0.23,$0.22,$61,$398,$0,$577,$138,$0,$215,$106,$459,$1036,$252,$150,$54,$240,$492,$0,$355,$14,$544,$1036,$10,$12,$2,$15,$48,$24,$-55,$-3,$-22,$-0,$-10,$0,$0,$0,$0,$0,$0,$-10,$0,$9,$9,$7,$7,$-3,$3,$16,$7,$3,$-3
46,2007-01-31,29.22,$12.10,2.41,$56.68,0.52,$3.79,7.71,$1.51,19.39,$0.64B,$0.34B,1.91,$0.15B,$0.52B,0.29,$2.47B,$0.97B,39.30%,$2.47B,$0.11B,4.41%,$2.47B,$0.11B,4.41%,$2.47B,$0.16B,6.52%,$2.47B,$0.09B,3.72%,$2.47B,$0.07B,2.67%,$0.07B,$0.52B,13.57%,$0.07B,$0.31B,24.63%,$0.07B,$1.10B,6.20%,$0.11B,$0.67B,17.12%,$566,$337,$230,$0,$212,$549,$17,$-3,$14,$5,$10,$10,$10,$42,$17,$43,45,$0.22,$0.22,$54,$421,$0,$638,$138,$0,$216,$29,$461,$1099,$335,$150,$34,$241,$575,$0,$350,$12,$524,$1099,$66,$51,$13,$64,$25,$-7,$13,$-22,$22,$152,$-71,$0,$-23,$0,$0,$0,$0,$-94,$-49,$0,$-49,$11,$11,$-9,$8,$-40,$19,$10,$-9
47,2006-10-31,20.91,$17.39,1.2,$56.13,0.37,$4.49,4.66,$1.51,13.84,$0.63B,$0.32B,1.97,$0.15B,$0.50B,0.3,$2.43B,$0.95B,39.06%,$2.43B,$0.11B,4.56%,$2.43B,$0.11B,4.56%,$2.43B,$0.16B,6.66%,$2.43B,$0.09B,3.82%,$2.43B,$0.07B,2.67%,$0.07B,$0.50B,14.01%,$0.07B,$0.28B,26.00%,$0.07B,$1.06B,6.22%,$0.11B,$0.65B,18.08%,$639,$385,$254,$0,$224,$617,$22,$-3,$18,$5,$14,$14,$14,$53,$22,$42,44,$0.32,$0.31,$48,$434,$0,$626,$126,$0,$217,$86,$429,$1056,$318,$150,$51,$237,$556,$0,$343,$5,$500,$1056,$52,$31,$11,$42,$31,$-20,$0,$1,$1,$95,$-38,$0,$-23,$0,$0,$0,$0,$-60,$0,$-30,$-30,$8,$8,$-7,$7,$-22,$13,$7,$-7
