,Date,Stock Price,Book Value per Share,Price to Book Ratio,TTM Sales per Share,Price to Sales Ratio,TTM FCF per Share,Price to FCF Ratio,TTM Net EPS,PE Ratio,Current Assets,Current Liabilities,Current Ratio,Long Term Debt,Shareholder's Equity_x,Debt to Equity Ratio,TTM Revenue_x,TTM Gross Profit,Gross Margin,TTM Revenue_y,TTM Operating Income,Operating Margin,TTM Revenue_x,TTM EBIT,EBIT Margin,TTM Revenue_y,TTM EBITDA,EBITDA Margin,TTM Revenue_x,TTM Pre-Tax Income,Pre-Tax Margin,TTM Revenue_y,TTM Net Income_x,Net Margin,TTM Net Income_y,Shareholder's Equity_y,Return on Equity,TTM Net Income_x,Tangible Equity,Return on Tangible Equity,TTM Net Income_y,Total Assets,Return on Assets,TTM Net Income,LT Investments & Debt,Return on Investment,revenue,cost-goods-sold,gross-profit,research-development-expenses,selling-general-administrative-expenses,operating-expenses,operating-income,total-non-operating-income-expense,pre-tax-income,total-provision-income-taxes,income-after-taxes,income-from-continuous-operations,net-income,ebitda,ebit,basic-shares-outstanding,shares-outstanding,eps-basic-net-earnings-per-share,eps-earnings-per-share-diluted,cash-on-hand,inventory,other-current-assets,total-current-assets,net-property-plant-equipment,long-term-investments,goodwill-intangible-assets-total,other-long-term-assets,total-long-term-assets,total-assets,total-current-liabilities,long-term-debt,other-non-current-liabilities,total-long-term-liabilities,total-liabilities,common-stock-net,retained-earnings-accumulated-deficit,comprehensive-income,total-share-holder-equity,total-liabilities-share-holders-equity,net-income-loss,total-depreciation-amortization-cash-flow,other-non-cash-items,total-non-cash-items,change-in-accounts-receivable,change-in-inventories,change-in-accounts-payable,change-in-assets-liabilities,total-change-in-assets-liabilities,cash-flow-from-operating-activities,net-change-in-property-plant-equipment,net-change-in-intangible-assets,net-acquisitions-divestitures,net-change-in-short-term-investments,net-change-in-long-term-investments,net-change-in-investments-total,investing-activities-other,cash-flow-from-investing-activities,net-long-term-debt,net-current-debt,debt-issuance-retirement-net-total,net-common-equity-issued-repurchased,net-total-equity-issued-repurchased,total-common-preferred-stock-dividends-paid,financial-activities-other,cash-flow-from-financial-activities,net-cash-flow,stock-based-compensation,common-stock-dividends-paid
0,2018-09-30,8.35,$3.03,2.76,$4.96,1.68,$1.14,7.3,$0.20,41.75,$0.07B,$0.05B,1.51,$0.00B,$0.05B,0.0,$0.08B,$0.05B,63.75%,$0.08B,$0.01B,16.25%,$0.08B,$0.01B,16.25%,$0.08B,$0.05B,61.25%,$0.08B,$0.01B,17.50%,$0.08B,$0.01B,7.50%,$0.01B,$0.05B,14.04%,$0.01B,$0.01B,400.00%,$0.01B,$0.14B,4.25%,$0.01B,$0.05B,30.41%,$19,$7,$12,$1,$7,$15,$4,$0,$5,$1,$3,$3,$3,$5,$4,$16,16,$0.20,$0.20,$62,$2,$2,$69,$2,$0,$41,$1,$75,$144,$46,$0,$49,$49,$95,$112,$39,$0,$49,$144,$9,$3,$3,$6,$0,$-0,$-0,$-5,$-6,$10,$-0,$0,$-0,$0,$0,$0,$0,$-0,$0,$0,$0,$-0,$-0,$0,$0,$-0,$9,$3,$0
1,2018-06-30,8.5,$2.79,3.05,$5.10,1.67,$0.55,15.54,$0.35,24.29,$0.07B,$0.05B,1.42,$0.00B,$0.05B,0.0,$0.08B,$0.05B,63.86%,$0.08B,$0.01B,15.66%,$0.08B,$0.01B,15.66%,$0.08B,$0.02B,20.48%,$0.08B,$0.01B,15.66%,$0.08B,$0.01B,6.02%,$0.01B,$0.05B,12.42%,$0.01B,$0.00B,-250.00%,$0.01B,$0.14B,3.55%,$0.01B,$0.05B,32.30%,$20,$7,$13,$1,$7,$15,$5,$0,$5,$1,$4,$4,$4,$6,$5,$16,16,$0.25,$0.25,$59,$2,$2,$66,$2,$0,$41,$1,$76,$142,$47,$0,$51,$51,$97,$112,$36,$0,$45,$142,$6,$2,$2,$4,$0,$0,$-1,$-3,$-4,$6,$-0,$0,$0,$0,$0,$0,$0,$-0,$0,$0,$0,$-0,$-0,$0,$0,$-0,$6,$2,$0
2,2018-03-31,8.4,$2.48,3.38,$5.26,1.6,$-0.11,0.0,$-0.00,0.0,$0.06B,$0.05B,1.33,$0.00B,$0.04B,0.0,$0.09B,$0.05B,63.53%,$0.09B,$0.01B,10.59%,$0.09B,$0.01B,10.59%,$0.09B,$0.05B,52.94%,$0.09B,$0.01B,10.59%,$0.09B,$-0.00B,-1.18%,$-0.00B,$0.04B,-2.65%,$-0.00B,$-0.00B,20.00%,$-0.00B,$0.14B,-0.70%,$0.01B,$0.04B,23.84%,$20,$7,$13,$1,$9,$17,$3,$0,$3,$1,$2,$2,$2,$4,$3,$16,16,$0.12,$0.12,$54,$2,$2,$61,$3,$0,$42,$1,$77,$138,$46,$0,$52,$52,$98,$112,$31,$0,$40,$138,$2,$1,$1,$2,$0,$0,$-2,$-1,$-3,$1,$-0,$0,$0,$0,$0,$0,$0,$-0,$0,$0,$0,$-0,$-0,$0,$0,$-0,$1,$1,$0
3,2017-12-31,8.45,$2.26,3.74,$5.47,1.54,$-0.44,0.0,$-1.56,0.0,$0.06B,$0.05B,1.22,$0.00B,$0.04B,0.0,$0.09B,$0.06B,62.50%,$0.09B,$-0.03B,-32.95%,$0.09B,$-0.03B,-32.95%,$0.09B,$0.01B,9.09%,$0.09B,$-0.03B,-32.95%,$0.09B,$-0.03B,-29.55%,$-0.03B,$0.04B,-70.75%,$-0.03B,$-0.01B,385.19%,$-0.03B,$0.14B,-17.90%,$-0.03B,$0.04B,-78.91%,$21,$7,$13,$1,$11,$19,$1,$0,$1,$4,$-3,$-3,$-3,$34,$1,$16,16,$-0.16,$-0.16,$53,$2,$2,$63,$3,$0,$42,$1,$78,$141,$52,$0,$14,$53,$104,$112,$29,$0,$37,$141,$-25,$36,$1,$37,$1,$2,$1,$-12,$-10,$2,$-1,$0,$-1,$0,$0,$0,$0,$-1,$0,$0,$0,$-0,$-0,$0,$0,$-0,$0,$3,$0
4,2017-09-30,7.15,$2.39,2.99,$5.67,1.26,$0.38,18.91,$-1.47,0.0,$0.06B,$0.05B,1.18,$0.00B,$0.04B,0.0,$0.09B,$0.06B,62.64%,$0.09B,$-0.03B,-32.97%,$0.09B,$-0.03B,-32.97%,$0.09B,$-0.02B,-26.37%,$0.09B,$-0.03B,-32.97%,$0.09B,$-0.02B,-26.37%,$-0.02B,$0.04B,-57.14%,$-0.02B,$-0.01B,246.15%,$-0.02B,$0.14B,-15.61%,$-0.03B,$0.04B,-71.43%,$22,$8,$14,$1,$9,$18,$4,$0,$4,$2,$2,$2,$2,$-27,$4,$16,16,$0.15,$0.15,$52,$2,$1,$62,$3,$0,$43,$1,$82,$143,$52,$0,$13,$53,$105,$112,$32,$0,$39,$143,$-22,$3,$28,$31,$1,$2,$1,$-7,$-8,$0,$-0,$0,$-1,$0,$0,$0,$0,$-1,$0,$0,$0,$-0,$-0,$0,$0,$-0,$-1,$2,$0
5,2017-06-30,7.2,$2.19,3.28,$5.87,1.23,$1.21,5.95,$-1.41,0.0,$0.06B,$0.06B,1.1,$0.00B,$0.04B,0.0,$0.09B,$0.06B,61.70%,$0.09B,$-0.03B,-30.85%,$0.09B,$-0.03B,-30.85%,$0.09B,$0.01B,10.64%,$0.09B,$-0.03B,-30.85%,$0.09B,$-0.02B,-24.47%,$-0.02B,$0.04B,-48.94%,$-0.02B,$-0.01B,176.92%,$-0.02B,$0.15B,-14.13%,$-0.03B,$0.04B,-61.70%,$22,$8,$14,$1,$12,$21,$1,$0,$1,$3,$-1,$-1,$-2,$34,$1,$16,16,$-0.10,$-0.10,$47,$3,$4,$63,$3,$0,$44,$1,$83,$147,$57,$0,$13,$54,$111,$112,$29,$0,$35,$147,$-25,$34,$-6,$28,$1,$2,$-1,$-9,$-8,$-4,$-0,$0,$-1,$0,$0,$0,$0,$-1,$0,$0,$0,$-0,$-0,$0,$0,$-0,$-5,$1,$0
6,2017-03-31,8.55,$2.23,3.83,$6.07,1.41,$2.00,4.28,$-1.13,0.0,$0.07B,$0.06B,1.1,$0.00B,$0.04B,0.0,$0.10B,$0.06B,60.82%,$0.10B,$-0.03B,-26.80%,$0.10B,$-0.03B,-26.80%,$0.10B,$-0.02B,-18.56%,$0.10B,$-0.03B,-26.80%,$0.10B,$-0.02B,-18.56%,$-0.02B,$0.04B,-34.62%,$-0.02B,$-0.01B,105.88%,$-0.02B,$0.15B,-10.64%,$-0.03B,$0.04B,-50.00%,$23,$9,$14,$1,$15,$58,$-35,$-0,$-35,$-11,$-23,$-23,$-23,$-33,$-35,$16,16,$-1.44,$-1.44,$49,$3,$2,$65,$4,$0,$43,$1,$85,$150,$59,$0,$12,$55,$114,$112,$31,$0,$36,$150,$-23,$2,$23,$24,$0,$1,$-0,$-2,$-5,$-4,$-0,$0,$-0,$0,$0,$0,$0,$-0,$0,$0,$0,$0,$0,$0,$0,$0,$-4,$1,$0
7,2016-12-31,6.85,$3.63,1.89,$6.14,1.12,$2.69,2.54,$0.36,19.03,$0.07B,$0.06B,1.1,$0.00B,$0.06B,0.0,$0.10B,$0.06B,61.22%,$0.10B,$0.01B,13.27%,$0.10B,$0.01B,13.27%,$0.10B,$0.02B,20.41%,$0.10B,$0.01B,13.27%,$0.10B,$0.01B,6.12%,$0.01B,$0.06B,10.76%,$0.01B,$-0.02B,-26.97%,$0.01B,$0.18B,3.42%,$0.01B,$0.06B,23.32%,$24,$9,$15,$2,$12,$24,$-0,$0,$-0,$1,$-1,$-1,$-1,$2,$-0,$16,16,$-0.08,$-0.09,$53,$4,$2,$67,$4,$0,$76,$1,$107,$175,$61,$0,$11,$55,$116,$112,$54,$0,$58,$175,$5,$6,$7,$13,$0,$2,$2,$-8,$-2,$15,$-1,$0,$-40,$-0,$0,$-0,$0,$-41,$0,$0,$0,$-0,$-0,$0,$0,$-0,$-26,$4,$0
8,2016-09-30,6.09,$3.72,1.64,$6.10,1.0,$3.21,1.9,$0.56,10.88,$0.07B,$0.06B,1.09,$0.00B,$0.06B,0.0,$0.10B,$0.06B,62.63%,$0.10B,$0.02B,20.20%,$0.10B,$0.02B,20.20%,$0.10B,$0.03B,26.26%,$0.10B,$0.02B,20.20%,$0.10B,$0.01B,9.09%,$0.01B,$0.06B,16.90%,$0.01B,$-0.02B,-58.06%,$0.01B,$0.18B,5.18%,$0.02B,$0.06B,37.56%,$25,$10,$15,$1,$10,$19,$5,$-0,$5,$2,$3,$3,$3,$7,$5,$16,16,$0.21,$0.21,$52,$4,$3,$66,$4,$0,$77,$1,$113,$179,$61,$0,$13,$59,$120,$112,$55,$0,$59,$179,$6,$4,$4,$8,$1,$2,$1,$-8,$-1,$13,$-0,$0,$-40,$-0,$0,$-0,$0,$-40,$0,$0,$0,$0,$0,$0,$0,$0,$-27,$3,$0
9,2016-06-30,6.29,$3.46,1.82,$6.08,1.03,$3.51,1.79,$0.55,11.44,$0.06B,$0.06B,1.02,$0.00B,$0.06B,0.0,$0.10B,$0.06B,64.65%,$0.10B,$0.02B,22.22%,$0.10B,$0.02B,22.22%,$0.10B,$0.03B,27.27%,$0.10B,$0.02B,22.22%,$0.10B,$0.01B,9.09%,$0.01B,$0.06B,17.56%,$0.01B,$-0.02B,-109.09%,$0.01B,$0.17B,5.20%,$0.02B,$0.06B,42.93%,$25,$10,$15,$1,$10,$21,$4,$0,$4,$2,$3,$3,$3,$6,$4,$16,16,$0.18,$0.18,$47,$4,$3,$60,$4,$0,$79,$1,$113,$173,$58,$0,$12,$60,$118,$112,$52,$0,$55,$173,$3,$2,$5,$7,$1,$2,$0,$-5,$-2,$8,$-0,$0,$-40,$-0,$0,$-0,$0,$-40,$0,$0,$0,$0,$0,$0,$0,$0,$-32,$2,$0
10,2016-03-31,6.56,$3.22,2.03,$5.92,1.11,$3.74,1.75,$0.76,8.63,$0.06B,$0.06B,0.97,$0.00B,$0.05B,0.0,$0.10B,$0.07B,66.67%,$0.10B,$0.02B,24.24%,$0.10B,$0.02B,24.24%,$0.10B,$0.03B,28.28%,$0.10B,$0.02B,24.24%,$0.10B,$0.01B,13.13%,$0.01B,$0.05B,25.37%,$0.01B,$-0.03B,866.67%,$0.01B,$0.17B,7.41%,$0.02B,$0.05B,46.83%,$24,$8,$15,$1,$10,$19,$4,$0,$4,$4,$1,$1,$1,$5,$4,$16,16,$0.05,$0.05,$46,$5,$2,$59,$4,$0,$80,$1,$115,$174,$61,$0,$12,$61,$123,$112,$49,$0,$51,$174,$1,$1,$3,$4,$1,$1,$3,$-2,$2,$7,$-0,$0,$-40,$0,$0,$0,$0,$-40,$0,$0,$0,$0,$0,$0,$0,$0,$-33,$1,$0
11,2015-12-31,9.45,$3.05,3.09,$5.83,1.62,$3.69,2.56,$0.78,12.12,$0.10B,$0.06B,1.59,$0.00B,$0.05B,0.0,$0.10B,$0.07B,66.34%,$0.10B,$0.02B,23.76%,$0.10B,$0.02B,23.76%,$0.10B,$0.03B,27.72%,$0.10B,$0.02B,23.76%,$0.10B,$0.01B,12.87%,$0.01B,$0.05B,25.24%,$0.01B,$0.01B,113.04%,$0.01B,$0.17B,7.14%,$0.02B,$0.05B,46.60%,$25,$8,$17,$1,$9,$18,$7,$0,$7,$5,$2,$2,$2,$8,$7,$17,17,$0.14,$0.13,$79,$6,$3,$95,$3,$0,$39,$1,$74,$169,$60,$0,$11,$61,$121,$112,$48,$0,$48,$169,$14,$4,$16,$20,$1,$-0,$-2,$-6,$-8,$25,$-1,$0,$0,$0,$0,$0,$0,$-1,$0,$0,$0,$-20,$-20,$0,$-2,$-22,$3,$5,$0
12,2015-09-30,8.91,$3.15,2.83,$5.83,1.53,$3.54,2.52,$0.45,19.8,$0.10B,$0.06B,1.63,$0.00B,$0.05B,0.0,$0.10B,$0.07B,65.69%,$0.10B,$0.02B,19.61%,$0.10B,$0.02B,19.61%,$0.10B,$0.02B,23.53%,$0.10B,$0.02B,19.61%,$0.10B,$0.01B,6.86%,$0.01B,$0.05B,13.53%,$0.01B,$0.01B,63.64%,$0.01B,$0.18B,3.72%,$0.02B,$0.05B,38.65%,$25,$8,$17,$1,$9,$18,$7,$0,$7,$4,$3,$3,$3,$8,$7,$17,17,$0.20,$0.20,$80,$6,$2,$102,$4,$0,$39,$1,$75,$176,$62,$0,$12,$63,$125,$112,$46,$0,$51,$176,$12,$3,$9,$12,$1,$-1,$-2,$-7,$-4,$19,$-1,$0,$0,$0,$0,$0,$0,$-1,$0,$0,$0,$-14,$-14,$0,$-2,$-15,$4,$4,$0
13,2015-06-30,7.43,$3.18,2.34,$5.75,1.29,$3.62,2.05,$0.25,29.72,$0.11B,$0.07B,1.69,$0.00B,$0.06B,0.0,$0.10B,$0.07B,64.08%,$0.10B,$0.01B,11.65%,$0.10B,$0.01B,11.65%,$0.10B,$0.02B,15.53%,$0.10B,$0.01B,11.65%,$0.10B,$0.00B,3.88%,$0.00B,$0.06B,7.73%,$0.00B,$0.02B,38.10%,$0.00B,$0.18B,2.09%,$0.01B,$0.06B,23.19%,$25,$9,$17,$1,$9,$19,$6,$-0,$6,$-1,$7,$7,$7,$7,$6,$18,18,$0.39,$0.39,$83,$7,$2,$109,$4,$0,$40,$1,$74,$183,$65,$0,$11,$64,$129,$112,$43,$0,$55,$183,$8,$2,$6,$8,$2,$-1,$-2,$-5,$-2,$14,$-1,$0,$0,$0,$0,$0,$0,$-1,$0,$0,$0,$-5,$-5,$0,$-2,$-7,$6,$3,$0
14,2015-03-31,6.84,$2.89,2.37,$5.97,1.15,$3.91,1.75,$-0.01,0.0,$0.12B,$0.08B,1.55,$0.00B,$0.05B,0.0,$0.11B,$0.07B,62.62%,$0.11B,$0.01B,8.41%,$0.11B,$0.01B,8.41%,$0.11B,$0.01B,13.08%,$0.11B,$0.01B,8.41%,$0.11B,$-0.00B,-0.93%,$-0.00B,$0.05B,-1.98%,$-0.00B,$0.01B,-12.50%,$-0.00B,$0.20B,-0.52%,$0.01B,$0.05B,17.82%,$26,$9,$16,$1,$10,$21,$4,$-0,$4,$3,$1,$1,$1,$5,$4,$18,18,$0.07,$0.07,$83,$7,$1,$123,$4,$0,$41,$1,$78,$200,$79,$0,$15,$69,$148,$112,$36,$0,$52,$200,$1,$1,$2,$3,$1,$-1,$-0,$3,$3,$8,$-1,$0,$0,$0,$0,$0,$0,$-1,$0,$0,$0,$0,$0,$0,$0,$0,$7,$1,$0
15,2014-12-31,8.12,$2.75,2.96,$6.52,1.25,$4.24,1.92,$0.22,36.91,$0.12B,$0.08B,1.5,$0.00B,$0.05B,0.0,$0.12B,$0.07B,62.93%,$0.12B,$0.01B,11.21%,$0.12B,$0.01B,11.21%,$0.12B,$0.02B,15.52%,$0.12B,$0.01B,11.21%,$0.12B,$0.00B,2.59%,$0.00B,$0.05B,6.15%,$0.00B,$0.01B,63.16%,$0.00B,$0.19B,1.60%,$0.01B,$0.05B,26.67%,$26,$9,$17,$1,$12,$22,$3,$-0,$3,$7,$-4,$-4,$-4,$4,$3,$18,18,$-0.22,$-0.22,$76,$6,$1,$116,$4,$0,$42,$1,$79,$194,$77,$0,$13,$68,$145,$112,$35,$0,$49,$194,$4,$5,$20,$25,$-1,$-1,$1,$-2,$-4,$25,$-2,$0,$-0,$0,$9,$9,$0,$6,$0,$0,$0,$0,$0,$0,$-2,$-1,$30,$7,$0
16,2014-09-30,9.85,$2.88,3.42,$7.15,1.38,$4.86,2.03,$2.93,3.36,$0.11B,$0.07B,1.55,$0.00B,$0.05B,0.0,$0.13B,$0.08B,62.50%,$0.13B,$0.02B,15.63%,$0.13B,$0.02B,15.63%,$0.13B,$0.03B,19.53%,$0.13B,$0.02B,15.63%,$0.13B,$0.05B,40.63%,$0.05B,$0.05B,113.66%,$0.05B,$0.01B,20800.00%,$0.05B,$0.19B,28.65%,$0.02B,$0.05B,43.72%,$26,$9,$16,$1,$16,$27,$-1,$-0,$-1,$-1,$-0,$-0,$-0,$0,$-1,$18,18,$0.00,$0.00,$76,$3,$3,$109,$4,$0,$43,$1,$78,$187,$70,$0,$6,$65,$135,$112,$38,$0,$51,$187,$8,$4,$7,$11,$1,$1,$1,$-1,$5,$24,$-2,$0,$-0,$0,$9,$9,$0,$7,$0,$0,$0,$0,$0,$0,$-2,$-1,$29,$6,$0
17,2014-06-30,15.12,$2.80,5.4,$7.61,1.99,$5.20,2.91,$3.41,4.43,$0.11B,$0.07B,1.48,$0.00B,$0.05B,0.0,$0.14B,$0.09B,63.04%,$0.14B,$0.03B,24.64%,$0.14B,$0.03B,24.64%,$0.14B,$0.04B,28.26%,$0.14B,$0.03B,24.64%,$0.14B,$0.06B,44.20%,$0.06B,$0.05B,186.26%,$0.06B,$0.01B,-451.85%,$0.06B,$0.19B,36.09%,$0.03B,$0.05B,103.82%,$29,$11,$18,$1,$13,$26,$3,$0,$3,$1,$2,$2,$2,$5,$3,$18,18,$0.13,$0.13,$72,$4,$3,$105,$3,$0,$45,$1,$81,$186,$71,$0,$6,$66,$136,$112,$38,$0,$50,$186,$8,$3,$3,$6,$-1,$1,$1,$4,$6,$20,$-2,$0,$0,$0,$9,$9,$0,$7,$0,$0,$0,$0,$0,$0,$-2,$-1,$26,$4,$0
18,2014-03-31,21.23,$2.53,8.4,$7.73,2.74,$5.16,4.12,$3.63,5.85,$0.10B,$0.07B,1.39,$0.00B,$0.05B,0.0,$0.14B,$0.09B,63.38%,$0.14B,$0.04B,28.87%,$0.14B,$0.04B,28.87%,$0.14B,$0.05B,31.69%,$0.14B,$0.04B,28.87%,$0.14B,$0.07B,46.48%,$0.07B,$0.05B,382.61%,$0.07B,$-0.00B,-223.73%,$0.07B,$0.18B,42.58%,$0.04B,$0.05B,237.68%,$35,$13,$22,$2,$13,$28,$8,$-0,$8,$2,$5,$5,$5,$9,$8,$18,18,$0.30,$0.30,$67,$3,$1,$101,$3,$0,$47,$1,$80,$181,$72,$0,$7,$63,$136,$112,$36,$-1,$45,$181,$5,$1,$3,$5,$-1,$1,$1,$4,$4,$14,$-1,$0,$0,$0,$0,$0,$0,$-1,$0,$0,$0,$0,$0,$0,$0,$0,$13,$3,$0
19,2013-12-31,11.91,$2.10,5.67,$7.73,1.54,$5.32,2.24,$3.84,3.1,$0.09B,$0.07B,1.35,$0.00B,$0.04B,0.0,$0.14B,$0.09B,65.28%,$0.14B,$0.05B,33.33%,$0.14B,$0.05B,33.33%,$0.14B,$0.05B,36.11%,$0.14B,$0.05B,33.33%,$0.14B,$0.07B,49.31%,$0.07B,$0.04B,4733.33%,$0.07B,$-0.01B,-156.91%,$0.07B,$0.17B,49.91%,$0.05B,$0.04B,3200.00%,$38,$14,$24,$2,$12,$28,$10,$-0,$10,$-35,$45,$45,$45,$11,$10,$18,18,$2.47,$2.47,$55,$4,$1,$92,$2,$0,$48,$1,$80,$172,$68,$0,$6,$66,$134,$112,$31,$-1,$37,$172,$70,$5,$-20,$-15,$1,$1,$-0,$-20,$-20,$35,$-0,$0,$-0,$-0,$13,$12,$0,$12,$0,$0,$0,$-19,$-19,$0,$-2,$-20,$27,$3,$0
20,2013-09-30,12.87,$-0.05,-237.45,$7.73,1.66,$6.68,1.93,$2.51,5.13,$0.08B,$0.08B,1.02,$0.00B,$-0.00B,0.0,$0.15B,$0.10B,65.99%,$0.15B,$0.05B,36.73%,$0.15B,$0.05B,36.73%,$0.15B,$0.06B,39.46%,$0.15B,$0.05B,34.69%,$0.15B,$0.05B,32.65%,$0.05B,$-0.00B,-342.86%,$0.05B,$-0.05B,-79.01%,$0.05B,$0.14B,37.07%,$0.05B,$-0.00B,-385.71%,$36,$12,$23,$1,$10,$23,$13,$-0,$13,$4,$9,$9,$9,$14,$13,$19,19,$0.48,$0.48,$60,$5,$1,$79,$2,$0,$45,$1,$58,$137,$78,$0,$3,$60,$138,$108,$-15,$-2,$-1,$137,$25,$3,$-2,$2,$6,$1,$-0,$-2,$2,$29,$-0,$0,$-0,$0,$13,$13,$0,$12,$0,$0,$0,$-6,$-6,$0,$-2,$-7,$34,$2,$0
21,2013-06-30,14.19,$-0.67,-21.33,$7.91,1.79,$7.40,1.92,$2.81,5.05,$0.07B,$0.08B,0.84,$0.00B,$-0.01B,0.0,$0.15B,$0.10B,64.47%,$0.15B,$0.05B,34.21%,$0.15B,$0.05B,34.21%,$0.15B,$0.06B,36.84%,$0.15B,$0.05B,34.87%,$0.15B,$0.05B,35.53%,$0.05B,$-0.01B,-240.00%,$0.05B,$-0.06B,-76.87%,$0.05B,$0.13B,43.81%,$0.05B,$-0.01B,-231.11%,$33,$12,$21,$2,$9,$23,$10,$0,$10,$3,$7,$7,$7,$11,$10,$19,19,$0.35,$0.35,$49,$6,$1,$71,$2,$0,$46,$1,$59,$130,$84,$0,$3,$58,$142,$108,$-23,$-3,$-12,$130,$16,$3,$3,$5,$-0,$-1,$-1,$-2,$-3,$18,$-0,$0,$-0,$0,$13,$13,$0,$12,$0,$0,$0,$-6,$-6,$0,$-2,$-7,$24,$0,$0
22,2013-03-31,14.0,$-0.97,-14.46,$8.01,1.75,$8.15,1.72,$2.97,4.71,$0.07B,$0.09B,0.77,$0.00B,$-0.02B,0.0,$0.16B,$0.10B,63.92%,$0.16B,$0.05B,32.91%,$0.16B,$0.05B,32.91%,$0.16B,$0.06B,35.44%,$0.16B,$0.05B,33.54%,$0.16B,$0.06B,36.08%,$0.06B,$-0.02B,-182.40%,$0.06B,$-0.07B,-72.84%,$0.06B,$0.13B,47.50%,$0.05B,$-0.02B,-166.40%,$37,$11,$26,$1,$10,$22,$15,$-0,$15,$5,$10,$10,$10,$16,$15,$19,19,$0.51,$0.51,$49,$5,$1,$69,$2,$0,$48,$1,$60,$130,$90,$0,$4,$58,$147,$108,$-30,$-2,$-18,$130,$10,$1,$2,$3,$-0,$0,$4,$3,$4,$17,$-0,$0,$-0,$0,$11,$11,$0,$10,$0,$0,$0,$-6,$-6,$0,$0,$-6,$21,$0,$0
23,2012-12-31,18.2,$-1.32,-13.75,$7.81,2.33,$8.41,2.17,$2.85,6.39,$0.06B,$0.08B,0.7,$0.00B,$-0.03B,0.0,$0.16B,$0.10B,61.01%,$0.16B,$0.04B,27.04%,$0.16B,$0.04B,27.04%,$0.16B,$0.05B,28.93%,$0.16B,$0.05B,28.93%,$0.16B,$0.06B,34.59%,$0.06B,$-0.03B,-171.88%,$0.06B,$-0.07B,-70.06%,$0.06B,$0.12B,45.08%,$0.04B,$-0.03B,-134.38%,$41,$14,$27,$1,$10,$25,$16,$-3,$13,$-9,$22,$22,$22,$17,$16,$20,20,$1.12,$1.07,$38,$5,$1,$59,$2,$0,$48,$1,$61,$121,$84,$0,$3,$61,$146,$108,$-40,$-1,$-25,$121,$56,$3,$-1,$2,$-6,$3,$-4,$10,$7,$65,$-0,$0,$-6,$-129,$130,$1,$0,$-5,$0,$0,$0,$-53,$-53,$0,$-2,$-55,$6,$3,$0
24,2012-09-30,24.53,$-1.81,-13.57,$6.87,3.57,$6.19,3.96,$1.68,14.6,$0.06B,$0.09B,0.66,$0.00B,$-0.04B,0.0,$0.15B,$0.08B,57.24%,$0.15B,$0.02B,14.48%,$0.15B,$0.02B,14.48%,$0.15B,$0.02B,16.55%,$0.15B,$0.03B,19.31%,$0.15B,$0.03B,18.62%,$0.03B,$-0.04B,-83.72%,$0.03B,$-0.08B,-34.73%,$0.03B,$0.11B,22.59%,$0.02B,$-0.04B,-65.12%,$41,$17,$24,$1,$12,$30,$11,$4,$15,$0,$15,$15,$15,$12,$11,$19,20,$0.78,$0.77,$34,$7,$2,$58,$2,$0,$49,$1,$53,$112,$89,$0,$3,$58,$146,$108,$-62,$-1,$-35,$112,$34,$2,$3,$5,$-4,$2,$-3,$10,$6,$44,$-0,$0,$-6,$-77,$92,$15,$0,$9,$0,$0,$0,$-39,$-39,$0,$-2,$-41,$12,$2,$0
25,2012-06-30,19.0,$-2.42,-7.84,$5.89,3.22,$4.21,4.52,$1.07,17.76,$0.07B,$0.11B,0.63,$0.00B,$-0.05B,0.0,$0.13B,$0.07B,55.04%,$0.13B,$0.01B,5.43%,$0.13B,$0.01B,5.43%,$0.13B,$0.01B,7.75%,$0.13B,$0.01B,9.30%,$0.13B,$0.01B,8.53%,$0.01B,$-0.05B,-43.14%,$0.01B,$-0.09B,-15.77%,$0.01B,$0.12B,9.22%,$0.01B,$-0.05B,-27.45%,$39,$15,$24,$1,$13,$28,$10,$-0,$10,$0,$10,$10,$10,$11,$10,$20,21,$0.51,$0.50,$40,$8,$2,$68,$3,$0,$44,$1,$48,$117,$108,$0,$3,$56,$164,$106,$-77,$-0,$-47,$117,$18,$1,$3,$4,$-4,$1,$-2,$17,$13,$36,$-0,$0,$-1,$-43,$61,$18,$0,$16,$0,$0,$0,$-30,$-30,$0,$-2,$-31,$21,$0,$0
26,2012-03-31,21.7,$-1.01,-21.47,$5.26,4.13,$2.70,8.04,$0.70,31.22,$0.09B,$0.11B,0.86,$0.00B,$-0.02B,0.0,$0.12B,$0.06B,53.78%,$0.12B,$-0.00B,-0.84%,$0.12B,$-0.00B,-0.84%,$0.12B,$0.00B,1.68%,$0.12B,$0.01B,4.20%,$0.12B,$0.00B,3.36%,$0.00B,$-0.02B,-25.81%,$0.00B,$-0.07B,-6.67%,$0.00B,$0.14B,3.38%,$-0.00B,$-0.02B,6.45%,$38,$16,$22,$1,$16,$32,$6,$2,$8,$0,$8,$8,$8,$6,$6,$21,21,$0.39,$0.39,$60,$7,$2,$90,$3,$0,$45,$1,$48,$138,$105,$0,$4,$55,$160,$106,$-87,$-0,$-21,$138,$8,$1,$1,$1,$-4,$1,$-4,$18,$15,$24,$0,$0,$-1,$-24,$23,$-1,$0,$-2,$0,$0,$0,$-3,$-3,$0,$0,$-3,$19,$0,$0
27,2011-12-31,13.66,$-1.25,-10.97,$4.75,2.88,$1.81,7.55,$0.38,35.95,$0.06B,$0.09B,0.73,$0.00B,$-0.03B,0.0,$0.11B,$0.06B,53.15%,$0.11B,$-0.01B,-4.50%,$0.11B,$-0.01B,-4.50%,$0.11B,$-0.00B,-0.90%,$0.11B,$-0.00B,-0.90%,$0.11B,$-0.00B,-1.80%,$-0.00B,$-0.03B,19.51%,$-0.00B,$-0.07B,4.60%,$-0.00B,$0.11B,-2.38%,$-0.01B,$-0.03B,48.78%,$27,$14,$13,$1,$18,$33,$-6,$1,$-5,$-0,$-5,$-5,$-6,$-5,$-6,$23,23,$-0.25,$-0.25,$35,$9,$2,$63,$3,$0,$44,$1,$48,$111,$87,$0,$4,$50,$137,$105,$-95,$-1,$-26,$111,$-1,$4,$16,$21,$-15,$-6,$4,$24,$6,$25,$-1,$0,$-2,$-35,$28,$-7,$0,$-9,$0,$0,$0,$-32,$-32,$0,$0,$-32,$-16,$2,$0
28,2011-09-30,11.6,$-0.35,-33.02,$6.27,1.85,$1.72,6.73,$0.37,31.35,$0.06B,$0.07B,0.94,$0.00B,$-0.01B,0.0,$0.14B,$0.08B,52.82%,$0.14B,$-0.00B,-1.41%,$0.14B,$-0.00B,-1.41%,$0.14B,$0.00B,1.41%,$0.14B,$0.00B,1.41%,$0.14B,$0.00B,1.41%,$0.00B,$-0.01B,-53.33%,$0.00B,$-0.05B,-5.56%,$0.00B,$0.11B,2.35%,$-0.00B,$-0.01B,53.33%,$25,$13,$12,$1,$15,$28,$-3,$2,$-1,$0,$-1,$-1,$-1,$-2,$-3,$22,22,$-0.04,$-0.04,$33,$8,$2,$63,$3,$0,$44,$1,$49,$111,$67,$0,$12,$52,$119,$75,$-86,$-1,$-8,$111,$4,$3,$10,$13,$-11,$-5,$1,$5,$-10,$7,$-1,$0,$-2,$-29,$22,$-7,$0,$-9,$0,$0,$0,$-16,$-16,$0,$0,$-16,$-18,$1,$0
29,2011-06-30,12.32,$-0.31,-39.98,$6.80,1.81,$2.24,5.49,$0.25,50.27,$0.06B,$0.07B,0.99,$0.00B,$-0.01B,0.0,$0.15B,$0.08B,53.74%,$0.15B,$0.00B,1.36%,$0.15B,$0.00B,1.36%,$0.15B,$0.01B,4.08%,$0.15B,$0.00B,2.72%,$0.15B,$0.00B,2.72%,$0.00B,$-0.01B,-228.57%,$0.00B,$-0.05B,-12.21%,$0.00B,$0.11B,4.66%,$0.00B,$-0.01B,-114.29%,$29,$12,$17,$1,$14,$27,$2,$1,$3,$0,$3,$3,$3,$3,$2,$23,23,$0.13,$0.13,$40,$6,$2,$64,$3,$0,$45,$2,$50,$114,$65,$0,$12,$56,$121,$78,$-90,$2,$-7,$114,$5,$2,$5,$7,$-6,$-3,$2,$2,$-6,$6,$-1,$0,$-2,$-12,$12,$-0,$0,$-2,$0,$0,$0,$-13,$-13,$0,$0,$-13,$-9,$0,$0
30,2011-03-31,10.8,$0.00,0.0,$6.67,1.62,$2.56,4.23,$0.14,80.0,$0.00B,$0.00B,0.0,$0.00B,$0.00B,0.0,$0.15B,$0.08B,53.02%,$0.15B,$0.00B,0.67%,$0.15B,$0.00B,0.67%,$0.15B,$0.00B,2.68%,$0.15B,$0.00B,1.34%,$0.15B,$0.00B,1.34%,$0.00B,$0.00B,inf%,$0.00B,$0.00B,-10.13%,$0.00B,$0.00B,3.49%,$0.00B,$0.00B,inf%,$30,$13,$17,$1,$14,$28,$2,$-1,$2,$0,$2,$2,$2,$3,$2,$23,24,$0.08,$0.08,$0,$0,$0,$0,$0,$0,$0,$0,$0,$0,$0,$0,$0,$0,$0,$0,$0,$0,$0,$0,$2,$1,$4,$5,$-4,$-1,$3,$3,$-0,$6,$-0,$0,$-0,$-1,$0,$-1,$0,$-1,$0,$0,$0,$-6,$-6,$0,$0,$-6,$-1,$0,$0
31,2010-12-31,12.56,$-0.01,-2369.81,$5.41,2.32,$2.31,5.44,$-0.08,0.0,$0.07B,$0.07B,0.97,$0.00B,$0.00B,0.0,$0.12B,$0.06B,52.07%,$0.12B,$-0.00B,-1.65%,$0.12B,$-0.00B,-1.65%,$0.12B,0,0.00%,$0.12B,$-0.00B,-0.83%,$0.12B,$-0.00B,-0.83%,$-0.00B,$0.00B,-57.14%,$-0.00B,$-0.04B,5.56%,$-0.00B,$0.12B,-1.65%,$-0.00B,$0.00B,-114.29%,$58,$29,$29,$1,$31,$61,$-3,$1,$-2,$-0,$-2,$-2,$-2,$-2,$-3,$22,22,$-0.14,$-0.14,$48,$3,$2,$69,$4,$0,$40,$2,$45,$115,$72,$0,$9,$43,$115,$92,$-95,$1,$-0,$115,$-2,$3,$13,$16,$-7,$1,$-4,$18,$9,$23,$-3,$0,$7,$-44,$40,$-4,$0,$0,$-5,$0,$-5,$-3,$-3,$0,$0,$-8,$15,$5,$0
32,2010-09-30,13.25,$-0.02,-619.16,$2.75,4.82,$1.35,9.82,$0.24,56.38,$0.07B,$0.07B,0.99,$0.00B,$0.00B,0.0,$0.18B,$0.09B,48.57%,$0.18B,$-0.02B,-11.43%,$0.18B,$-0.02B,-11.43%,$0.18B,$-0.02B,-10.86%,$0.18B,$-0.02B,-10.29%,$0.18B,$-0.02B,-10.86%,$-0.02B,$0.00B,180.95%,$-0.02B,$-0.04B,74.51%,$-0.02B,$0.11B,-37.25%,$-0.02B,$0.00B,190.48%,$30,$14,$16,$1,$14,$29,$1,$0,$1,$0,$1,$1,$1,$2,$1,$18,18,$0.05,$0.05,$43,$3,$2,$69,$4,$0,$39,$2,$44,$114,$70,$0,$10,$44,$114,$0,$-94,$2,$-0,$114,$-1,$2,$9,$11,$-6,$1,$-2,$15,$6,$16,$-1,$0,$8,$-38,$32,$-5,$0,$1,$-5,$0,$-5,$-4,$-4,$0,$0,$-9,$8,$5,$0
33,2010-06-30,3.08,$0.00,0.0,$1.11,2.78,$0.55,5.62,$-0.11,0.0,$0.00B,$0.00B,0.0,$0.00B,$0.00B,0.0,$0.15B,$0.07B,47.62%,$0.15B,$-0.02B,-14.97%,$0.15B,$-0.02B,-14.97%,$0.15B,$-0.02B,-14.97%,$0.15B,$-0.02B,-13.61%,$0.15B,$-0.02B,-14.29%,$-0.02B,$0.00B,247.06%,$-0.02B,$0.00B,152.73%,$-0.02B,$0.00B,-80.77%,$-0.02B,$0.00B,258.82%,$31,$14,$17,$1,$15,$29,$1,$-1,$1,$0,$1,$1,$1,$1,$1,$28,28,$0.03,$0.03,$0,$0,$0,$0,$0,$0,$0,$0,$0,$0,$0,$0,$0,$0,$0,$0,$0,$0,$0,$0,$-2,$1,$7,$8,$-2,$1,$0,$10,$9,$16,$-1,$0,$-0,$-22,$13,$-9,$0,$-10,$-5,$0,$-5,$-4,$-4,$0,$0,$-9,$-2,$5,$0
34,2010-03-31,3.4,$0.00,0.0,0,0.0,0,0.0,$-0.56,0.0,$0.01B,$0.01B,2.5,$0.00B,$0.01B,0.0,$0.12B,$0.05B,46.15%,$0.12B,$-0.02B,-20.51%,$0.12B,$-0.02B,-20.51%,$0.12B,$-0.02B,-20.51%,$0.12B,$-0.02B,-18.80%,$0.12B,$-0.02B,-19.66%,$-0.02B,$0.01B,353.85%,$-0.02B,$0.01B,195.74%,$-0.02B,$0.01B,-77.97%,$-0.02B,$0.01B,369.23%,$2,$1,$1,$1,$2,$3,$-1,$-0,$-1,$0,$-1,$-1,$-1,$-1,$-1,$0,0,$0.00,$0.00,$2,$1,$7,$11,$0,$0,$0,$1,$2,$13,$5,$0,$1,$1,$6,$0,$-88,$0,$7,$13,$0,$0,$0,$0,$0,$0,$0,$0,$0,$0,$0,$0,$0,$0,$0,$0,$0,$0,$0,$0,$0,$0,$0,$0,$0,$0,$0,$0,$0
35,2009-12-31,4.13,$-2.80,-1.47,0,0.0,0,0.0,$-0.95,0.0,$0.05B,$0.10B,0.55,$0.00B,$-0.05B,0.0,$0.12B,$0.05B,46.55%,$0.12B,$-0.03B,-21.55%,$0.12B,$-0.03B,-21.55%,$0.12B,$-0.03B,-21.55%,$0.12B,$-0.02B,-18.97%,$0.12B,$-0.02B,-19.83%,$-0.02B,$-0.05B,278.79%,$-0.02B,$-0.07B,170.37%,$-0.02B,$0.08B,-87.62%,$-0.03B,$-0.05B,303.03%,$112,$62,$51,$3,$69,$134,$-21,$2,$-19,$0,$-19,$-19,$-20,$-21,$-21,$0,0,$0.00,$0.00,$28,$4,$2,$54,$2,$0,$21,$1,$23,$77,$97,$0,$6,$29,$126,$1,$-93,$0,$-49,$77,$-23,$3,$-1,$2,$-6,$2,$-2,$19,$44,$24,$-1,$0,$-2,$-88,$81,$-7,$0,$-10,$-7,$0,$-7,$3,$3,$0,$0,$-4,$10,$0,$0
36,2009-09-30,5.05,$0.00,0.0,0,0.0,0,0.0,$-1.25,0.0,$0.01B,$0.01B,2.57,$0.00B,$0.01B,0.0,$0.00B,$0.00B,75.00%,$0.00B,$-0.00B,-100.00%,$0.00B,$-0.00B,-100.00%,$0.00B,$-0.00B,-100.00%,$0.00B,$-0.00B,-75.00%,$0.00B,$-0.00B,-75.00%,$-0.00B,$0.01B,-75.00%,$-0.00B,$0.01B,-75.00%,$-0.00B,$0.01B,-42.86%,$-0.00B,$0.01B,-100.00%,$2,$1,$1,$1,$1,$3,$-1,$0,$-1,$0,$-1,$-1,$-1,$-1,$-1,$0,0,$0.00,$0.00,$5,$0,$6,$12,$0,$0,$0,$1,$1,$14,$5,$0,$1,$1,$6,$0,$-88,$0,$8,$14,$-17,$2,$-1,$1,$-6,$1,$1,$17,$34,$18,$-1,$0,$-2,$-76,$66,$-10,$0,$-12,$-7,$0,$-7,$3,$3,$0,$0,$-4,$2,$0,$0
37,2009-06-30,3.5,$0.00,0.0,0,0.0,0,0.0,$1.48,2.37,$0.01B,$0.01B,2.67,$0.00B,$0.01B,0.0,$0.00B,$0.00B,100.00%,$0.00B,$0.00B,133.33%,$0.00B,$0.00B,133.33%,$0.00B,$0.00B,133.33%,$0.00B,$0.01B,166.67%,$0.00B,$0.01B,166.67%,$0.01B,$0.01B,111.11%,$0.01B,$0.01B,142.86%,$0.01B,$0.01B,64.52%,$0.00B,$0.01B,88.89%,$1,$0,$1,$1,$1,$2,$-1,$-0,$-1,$0,$-1,$-1,$-1,$-1,$-1,$0,0,$0.00,$0.00,$4,$0,$7,$12,$0,$0,$0,$1,$1,$14,$5,$0,$1,$1,$6,$0,$-87,$-0,$8,$14,$0,$0,$0,$0,$0,$0,$0,$0,$0,$0,$0,$0,$0,$0,$0,$0,$0,$0,$0,$0,$0,$0,$0,$0,$0,$0,$0,$0,$0
38,2009-03-31,1.02,$0.00,0.0,0,0.0,0,0.0,$1.90,0.54,$0.00B,$0.00B,0.0,$0.00B,$0.00B,0.0,$0.00B,$0.00B,100.00%,$0.00B,$0.01B,250.00%,$0.00B,$0.01B,250.00%,$0.00B,$0.01B,250.00%,$0.00B,$0.01B,300.00%,$0.00B,$0.01B,300.00%,$0.01B,$0.00B,184.62%,$0.01B,$0.00B,600.00%,$0.01B,$0.00B,88.89%,$0.01B,$0.00B,153.85%,$1,$0,$1,$1,$1,$3,$-2,$0,$-1,$0,$-1,$-1,$-1,$-2,$-2,$0,0,$0.00,$0.00,$0,$0,$0,$0,$0,$0,$0,$0,$0,$0,$0,$0,$0,$0,$0,$0,$0,$0,$0,$0,$0,$0,$0,$0,$0,$0,$0,$0,$0,$0,$0,$0,$0,$0,$0,$0,$0,$0,$0,$0,$0,$0,$0,$0,$0,$0,$0,$0,$0
39,2008-12-31,0.45,$0.00,0.0,0,0.0,0,0.0,$2.43,0.19,$0.00B,$0.00B,0.0,$0.00B,$0.00B,0.0,$0.00B,$0.00B,100.00%,$0.00B,$0.01B,700.00%,$0.00B,$0.01B,700.00%,$0.00B,$0.01B,700.00%,$0.00B,$0.01B,700.00%,$0.00B,$0.01B,700.00%,$0.01B,$0.00B,215.38%,$0.01B,$0.00B,700.00%,$0.01B,$0.00B,103.70%,$0.01B,$0.00B,215.38%,$0,$0,$0,$0,$0,$0,$0,$0,$0,$0,$0,$0,$0,$0,$0,$0,0,$0.00,$0.00,$0,$0,$0,$0,$0,$0,$0,$0,$0,$0,$0,$0,$0,$0,$0,$0,$0,$0,$0,$0,$0,$0,$0,$0,$0,$0,$0,$0,$0,$0,$0,$0,$0,$0,$0,$0,$0,$0,$0,$0,$0,$0,$0,$0,$0,$0,$0,$0,$0
40,2008-09-30,0.73,$0.00,0.0,0,0.0,0,0.0,$1.73,0.42,$0.01B,$0.01B,1.98,$0.00B,$0.01B,0.0,$0.00B,$0.00B,66.67%,$0.00B,$0.01B,166.67%,$0.00B,$0.01B,166.67%,$0.00B,$0.01B,166.67%,$0.00B,$0.01B,166.67%,$0.00B,$0.01B,166.67%,$0.01B,$0.01B,74.07%,$0.01B,$0.01B,250.00%,$0.01B,$0.02B,42.55%,$0.01B,$0.01B,74.07%,$1,$1,$1,$1,$2,$-5,$7,$0,$7,$0,$7,$7,$7,$7,$7,$0,0,$0.00,$0.00,$4,$0,$5,$11,$1,$0,$4,$1,$6,$17,$6,$0,$1,$1,$7,$0,$-85,$0,$10,$17,$0,$0,$0,$0,$0,$0,$0,$0,$0,$0,$0,$0,$0,$0,$0,$0,$0,$0,$0,$0,$0,$0,$0,$0,$0,$0,$0,$0,$0
41,2008-06-30,1.28,$0.00,0.0,0,0.0,0,0.0,$-1.30,0.0,$0.00B,$0.01B,0.66,$0.00B,$0.00B,0.0,$0.01B,$0.00B,40.00%,$0.01B,$-0.00B,-80.00%,$0.01B,$-0.00B,-80.00%,$0.01B,$-0.00B,-80.00%,$0.01B,$-0.00B,-80.00%,$0.01B,$-0.00B,-80.00%,$-0.00B,$0.00B,-48.48%,$-0.00B,$-0.00B,-200.00%,$-0.00B,$0.01B,-30.19%,$-0.00B,$0.00B,-48.48%,$0,$0,$0,$0,$0,$0,$0,$0,$0,$0,$0,$0,$0,$0,$0,$0,0,$0.00,$0.00,$3,$0,$0,$4,$1,$0,$5,$1,$6,$10,$6,$0,$1,$1,$8,$0,$-92,$0,$3,$10,$0,$0,$0,$0,$0,$0,$0,$0,$0,$0,$0,$0,$0,$0,$0,$0,$0,$0,$0,$0,$0,$0,$0,$0,$0,$0,$0,$0,$0
42,2007-12-31,2.05,$0.00,0.0,0,0.0,0,0.0,$-1.30,0.0,$0.00B,$0.00B,0.0,$0.00B,$0.00B,0.0,$0.01B,$0.00B,42.86%,$0.01B,$-0.01B,-85.71%,$0.01B,$-0.01B,-85.71%,$0.01B,$-0.01B,-85.71%,$0.01B,$-0.01B,-85.71%,$0.01B,$-0.01B,-85.71%,$-0.01B,$0.00B,-48.98%,$-0.01B,$0.00B,-126.32%,$-0.01B,$0.00B,-35.29%,$-0.01B,$0.00B,-48.98%,$0,$0,$0,$0,$0,$0,$0,$0,$0,$0,$0,$0,$0,$0,$0,$0,0,$0.00,$0.00,$0,$0,$0,$0,$0,$0,$0,$0,$0,$0,$0,$0,$0,$0,$0,$0,$0,$0,$0,$0,$0,$0,$0,$0,$0,$0,$0,$0,$0,$0,$0,$0,$0,$0,$0,$0,$0,$0,$0,$0,$0,$0,$0,$0,$0,$0,$0,$0,$0
43,2007-09-30,4.98,$0.00,0.0,0,0.0,0,0.0,$-1.30,0.0,$0.01B,$0.00B,1.97,$0.00B,$0.01B,0.0,$0.01B,$0.00B,44.44%,$0.01B,$-0.01B,-77.78%,$0.01B,$-0.01B,-77.78%,$0.01B,$-0.01B,-77.78%,$0.01B,$-0.01B,-77.78%,$0.01B,$-0.01B,-77.78%,$-0.01B,$0.01B,-45.16%,$-0.01B,$0.00B,-127.27%,$-0.01B,$0.02B,-31.82%,$-0.01B,$0.01B,-45.16%,$2,$1,$1,$1,$1,$4,$-2,$0,$-2,$0,$-2,$-2,$-2,$-2,$-2,$0,0,$0.00,$0.00,$6,$0,$0,$8,$1,$0,$10,$1,$12,$20,$4,$0,$2,$2,$6,$0,$-80,$0,$14,$20,$0,$0,$0,$0,$0,$0,$0,$0,$0,$0,$0,$0,$0,$0,$0,$0,$0,$0,$0,$0,$0,$0,$0,$0,$0,$0,$0,$0,$0
44,2007-06-30,7.25,$0.00,0.0,0,0.0,0,0.0,$-0.60,0.0,$0.01B,$0.01B,2.06,$0.00B,$0.02B,0.0,$0.01B,$0.00B,44.44%,$0.01B,$-0.01B,-77.78%,$0.01B,$-0.01B,-77.78%,$0.01B,$-0.01B,-77.78%,$0.01B,$-0.01B,-77.78%,$0.01B,$-0.01B,-77.78%,$-0.01B,$0.02B,-45.16%,$-0.01B,$0.01B,-127.27%,$-0.01B,$0.02B,-30.77%,$-0.01B,$0.02B,-45.16%,$3,$1,$1,$1,$2,$5,$-2,$0,$-2,$0,$-2,$-2,$-2,$-2,$-2,$0,0,$0.00,$0.00,$6,$1,$2,$11,$1,$0,$10,$1,$12,$23,$5,$0,$2,$2,$7,$0,$-77,$0,$16,$23,$0,$0,$0,$0,$0,$0,$0,$0,$0,$0,$0,$0,$0,$0,$0,$0,$0,$0,$0,$0,$0,$0,$0,$0,$0,$0,$0,$0,$0
45,2006-12-31,10.5,$6.28,1.67,0,0.0,0,0.0,0,0.0,$0.01B,$0.00B,2.9,$0.00B,$0.02B,0.0,$0.01B,$0.00B,50.00%,$0.01B,$-0.01B,-87.50%,$0.01B,$-0.01B,-87.50%,$0.01B,$-0.01B,-87.50%,$0.01B,$-0.01B,-87.50%,$0.01B,$-0.01B,-87.50%,$-0.01B,$0.02B,-49.12%,$-0.01B,$0.01B,-175.00%,$-0.01B,$0.03B,-31.82%,$-0.01B,$0.02B,-49.12%,$2,$1,$1,$1,$2,$4,$-2,$0,$-2,$0,$-2,$-2,$-2,$-2,$-2,$0,0,$0.00,$0.00,$6,$1,$3,$13,$1,$0,$10,$1,$12,$25,$4,$0,$2,$2,$6,$0,$-74,$0,$19,$25,$-7,$1,$0,$2,$-1,$1,$-0,$0,$-2,$-7,$-0,$0,$0,$-3,$0,$-3,$1,$-2,$-1,$0,$-1,$12,$12,$0,$0,$11,$1,$1,$0
