,Date,Stock Price,Book Value per Share,Price to Book Ratio,TTM Sales per Share,Price to Sales Ratio,TTM FCF per Share,Price to FCF Ratio,TTM Net EPS,PE Ratio,Current Assets,Current Liabilities,Current Ratio,Long Term Debt,Shareholder's Equity_x,Debt to Equity Ratio,TTM Revenue_x,TTM Gross Profit,Gross Margin,TTM Revenue_y,TTM Operating Income,Operating Margin,TTM Revenue_x,TTM EBIT,EBIT Margin,TTM Revenue_y,TTM EBITDA,EBITDA Margin,TTM Revenue_x,TTM Pre-Tax Income,Pre-Tax Margin,TTM Revenue_y,TTM Net Income_x,Net Margin,TTM Net Income_y,Shareholder's Equity_y,Return on Equity,TTM Net Income_x,Tangible Equity,Return on Tangible Equity,TTM Net Income_y,Total Assets,Return on Assets,TTM Net Income,LT Investments & Debt,Return on Investment,revenue,cost-goods-sold,gross-profit,research-development-expenses,selling-general-administrative-expenses,operating-expenses,operating-income,total-non-operating-income-expense,pre-tax-income,total-provision-income-taxes,income-after-taxes,income-from-continuous-operations,net-income,ebitda,ebit,basic-shares-outstanding,shares-outstanding,eps-basic-net-earnings-per-share,eps-earnings-per-share-diluted,cash-on-hand,inventory,other-current-assets,total-current-assets,net-property-plant-equipment,long-term-investments,goodwill-intangible-assets-total,other-long-term-assets,total-long-term-assets,total-assets,total-current-liabilities,long-term-debt,other-non-current-liabilities,total-long-term-liabilities,total-liabilities,common-stock-net,retained-earnings-accumulated-deficit,comprehensive-income,total-share-holder-equity,total-liabilities-share-holders-equity,net-income-loss,total-depreciation-amortization-cash-flow,other-non-cash-items,total-non-cash-items,change-in-accounts-receivable,change-in-inventories,change-in-accounts-payable,change-in-assets-liabilities,total-change-in-assets-liabilities,cash-flow-from-operating-activities,net-change-in-property-plant-equipment,net-change-in-intangible-assets,net-acquisitions-divestitures,net-change-in-short-term-investments,net-change-in-long-term-investments,net-change-in-investments-total,investing-activities-other,cash-flow-from-investing-activities,net-long-term-debt,net-current-debt,debt-issuance-retirement-net-total,net-common-equity-issued-repurchased,net-total-equity-issued-repurchased,total-common-preferred-stock-dividends-paid,financial-activities-other,cash-flow-from-financial-activities,net-cash-flow,stock-based-compensation,common-stock-dividends-paid
0,2018-08-31,49.45,$19.85,2.49,$32.63,1.52,$7.88,6.28,$3.19,15.5,$0.59B,$0.10B,5.88,$0.00B,$0.97B,0.0,$1.58B,$0.40B,25.30%,$1.58B,$0.14B,8.86%,$1.58B,$0.14B,8.86%,$1.58B,$0.20B,12.40%,$1.58B,$0.16B,9.99%,$1.58B,$0.15B,9.74%,$0.15B,$0.97B,16.99%,$0.15B,$0.90B,18.25%,$0.15B,$1.15B,13.65%,$0.14B,$0.97B,15.40%,$341,$283,$57,$0,$45,$328,$13,$4,$16,$4,$13,$13,$12,$26,$13,$48,49,$0.26,$0.26,$321,$171,$0,$591,$422,$69,$61,$9,$561,$1152,$101,$1,$9,$86,$187,$1,$933,$-0,$966,$1152,$13,$14,$-5,$8,$0,$0,$0,$0,$0,$21,$-9,$0,$0,$10,$-4,$6,$1,$-2,$-1,$0,$-1,$0,$0,$-17,$0,$-18,$1,$0,$-17
1,2018-05-31,47.67,$19.65,2.43,$31.04,1.54,$7.05,6.76,$2.60,18.34,$0.59B,$0.11B,5.45,$0.00B,$0.96B,0.0,$1.50B,$0.36B,23.95%,$1.50B,$0.10B,6.85%,$1.50B,$0.10B,6.85%,$1.50B,$0.16B,10.58%,$1.50B,$0.12B,7.78%,$1.50B,$0.13B,8.38%,$0.13B,$0.96B,14.45%,$0.13B,$0.89B,15.57%,$0.13B,$1.15B,11.53%,$0.10B,$0.96B,11.76%,$443,$302,$141,$0,$49,$352,$91,$3,$94,$22,$72,$72,$72,$107,$91,$48,48,$1.48,$1.48,$331,$169,$0,$588,$425,$67,$62,$9,$563,$1150,$108,$3,$8,$87,$195,$1,$925,$-1,$956,$1150,$126,$56,$-33,$22,$31,$-8,$0,$0,$52,$200,$-19,$0,$0,$-148,$-4,$-152,$7,$-164,$-5,$0,$-5,$-1,$-1,$0,$0,$-6,$31,$3,$0
2,2018-02-28,42.27,$18.50,2.28,$27.58,1.53,$0.98,43.3,$0.61,69.29,$0.57B,$0.18B,3.17,$0.00B,$0.90B,0.0,$1.34B,$0.23B,17.30%,$1.34B,$-0.03B,-1.95%,$1.34B,$-0.03B,-1.95%,$1.34B,$0.03B,2.25%,$1.34B,$-0.01B,-0.75%,$1.34B,$0.03B,2.25%,$0.03B,$0.90B,3.55%,$0.03B,$0.84B,3.84%,$0.03B,$1.14B,2.82%,$-0.03B,$0.90B,-3.06%,$436,$316,$120,$0,$44,$360,$76,$12,$88,$-8,$96,$96,$96,$90,$76,$48,48,$1.99,$1.99,$283,$165,$0,$573,$433,$70,$63,$5,$571,$1144,$181,$3,$8,$63,$244,$1,$870,$-1,$900,$1144,$54,$40,$52,$92,$0,$0,$0,$0,$0,$146,$-13,$0,$0,$-42,$-4,$-46,$6,$-53,$-4,$0,$-4,$-1,$-1,$0,$0,$-5,$89,$0,$0
3,2017-11-30,49.36,$16.55,2.98,$24.92,1.98,$-4.08,0.0,$-1.29,0.0,$0.49B,$0.18B,2.78,$0.00B,$0.80B,0.01,$1.21B,$0.15B,12.44%,$1.21B,$-0.11B,-8.87%,$1.21B,$-0.11B,-8.87%,$1.21B,$-0.05B,-4.31%,$1.21B,$-0.09B,-7.79%,$1.21B,$-0.06B,-5.14%,$-0.06B,$0.80B,-7.41%,$-0.06B,$0.74B,-8.03%,$-0.06B,$1.07B,-5.91%,$-0.11B,$0.81B,-12.70%,$361,$279,$82,$0,$42,$402,$-40,$0,$-40,$-14,$-26,$-26,$-26,$-27,$-40,$48,48,$-0.54,$-0.54,$209,$163,$0,$486,$443,$69,$63,$5,$580,$1066,$175,$4,$8,$87,$262,$1,$774,$-0,$804,$1066,$-42,$27,$80,$107,$0,$0,$0,$0,$0,$65,$-10,$0,$0,$-51,$-3,$-54,$3,$-60,$-2,$0,$-2,$-0,$-0,$0,$0,$-2,$2,$0,$0
4,2017-08-31,36.17,$17.08,2.12,$22.70,1.59,$-7.51,0.0,$-1.23,0.0,$0.42B,$0.06B,6.67,$0.01B,$0.83B,0.01,$1.10B,$0.07B,6.55%,$1.10B,$-0.11B,-9.55%,$1.10B,$-0.11B,-9.55%,$1.10B,$-0.05B,-4.64%,$1.10B,$-0.09B,-8.28%,$1.10B,$-0.06B,-5.37%,$-0.06B,$0.83B,-6.93%,$-0.06B,$0.77B,-7.49%,$-0.06B,$1.01B,-5.63%,$-0.11B,$0.84B,-12.23%,$263,$246,$17,$0,$42,$287,$-24,$-0,$-25,$-8,$-16,$-16,$-16,$-11,$-24,$48,48,$-0.33,$-0.33,$126,$159,$0,$421,$452,$69,$64,$5,$590,$1011,$63,$5,$8,$118,$182,$1,$800,$-0,$829,$1011,$-16,$13,$-18,$-5,$0,$0,$0,$0,$0,$-21,$-6,$0,$0,$31,$-1,$30,$0,$24,$-1,$0,$-1,$-0,$-0,$0,$0,$-1,$1,$0,$0
5,2017-05-31,36.91,$17.38,2.12,$22.23,1.66,$-8.37,0.0,$-1.54,0.0,$0.44B,$0.07B,6.74,$0.01B,$0.84B,0.01,$1.08B,$0.05B,4.18%,$1.08B,$-0.13B,-12.17%,$1.08B,$-0.13B,-12.17%,$1.08B,$-0.08B,-7.34%,$1.08B,$-0.12B,-10.69%,$1.08B,$-0.07B,-6.88%,$-0.07B,$0.84B,-8.55%,$-0.07B,$0.78B,-9.13%,$-0.07B,$1.03B,-6.95%,$-0.13B,$0.85B,-14.99%,$275,$263,$12,$0,$48,$313,$-38,$5,$-33,$-9,$-25,$-25,$-24,$-22,$-38,$48,48,$-0.51,$-0.51,$156,$161,$0,$436,$458,$66,$65,$8,$597,$1033,$65,$6,$8,$124,$189,$1,$816,$-0,$844,$1033,$-74,$53,$20,$73,$-37,$2,$0,$0,$-44,$-46,$-67,$0,$-86,$218,$-20,$199,$7,$53,$-17,$0,$-17,$-2,$-2,$-0,$0,$-18,$-11,$3,$-0
6,2017-02-28,37.65,$17.88,2.11,$22.82,1.65,$0.47,79.71,$-1.04,0.0,$0.49B,$0.09B,5.24,$0.01B,$0.87B,0.01,$1.10B,$0.07B,6.70%,$1.10B,$-0.09B,-8.42%,$1.10B,$-0.09B,-8.42%,$1.10B,$-0.04B,-3.53%,$1.10B,$-0.08B,-7.34%,$1.10B,$-0.05B,-4.53%,$-0.05B,$0.87B,-5.65%,$-0.05B,$0.80B,-5.98%,$-0.05B,$1.09B,-4.61%,$-0.09B,$0.88B,-10.42%,$307,$267,$39,$0,$44,$312,$-5,$9,$4,$0,$4,$4,$4,$8,$-5,$48,48,$0.09,$0.09,$190,$164,$0,$485,$461,$69,$65,$5,$600,$1085,$93,$7,$7,$124,$217,$1,$841,$0,$868,$1085,$-50,$36,$-43,$-7,$0,$0,$0,$0,$0,$-57,$-55,$0,$-69,$202,$-18,$185,$5,$67,$-5,$0,$-5,$-2,$-2,$-0,$0,$-6,$3,$0,$-0
7,2016-11-30,40.38,$17.82,2.27,$25.79,1.57,$8.58,4.71,$0.20,201.91,$0.49B,$0.08B,5.87,$0.01B,$0.87B,0.01,$1.25B,$0.17B,13.47%,$1.25B,$-0.00B,-0.16%,$1.25B,$-0.00B,-0.16%,$1.25B,$0.05B,4.01%,$1.25B,$0.01B,1.04%,$1.25B,$0.01B,0.80%,$0.01B,$0.87B,1.12%,$0.01B,$0.80B,1.17%,$0.01B,$1.06B,0.91%,$-0.00B,$0.87B,-0.22%,$254,$250,$4,$0,$42,$292,$-38,$1,$-37,$-14,$-23,$-23,$-23,$-26,$-38,$48,48,$-0.48,$-0.48,$198,$162,$0,$485,$449,$64,$61,$5,$578,$1063,$83,$7,$8,$115,$198,$1,$837,$-0,$865,$1063,$-54,$23,$-39,$-16,$0,$0,$0,$0,$0,$-70,$-40,$0,$-69,$180,$-11,$169,$2,$62,$-3,$0,$-3,$-0,$-0,$-0,$0,$-3,$-12,$0,$-0
8,2016-08-31,45.58,$18.29,2.49,$31.82,1.43,$16.39,2.78,$2.94,15.5,$0.57B,$0.08B,7.64,$0.01B,$0.89B,0.01,$1.54B,$0.38B,24.43%,$1.54B,$0.20B,13.13%,$1.54B,$0.20B,13.13%,$1.54B,$0.25B,16.44%,$1.54B,$0.22B,14.17%,$1.54B,$0.14B,9.23%,$0.14B,$0.89B,15.80%,$0.14B,$0.85B,16.43%,$0.14B,$1.08B,12.61%,$0.20B,$0.90B,22.09%,$240,$249,$-10,$0,$40,$290,$-50,$2,$-49,$-18,$-31,$-31,$-31,$-39,$-50,$48,48,$-0.64,$-0.64,$307,$155,$0,$574,$405,$58,$34,$5,$502,$1076,$75,$8,$6,$113,$189,$1,$860,$0,$887,$1076,$-31,$11,$-26,$-14,$0,$0,$0,$0,$0,$-45,$-24,$0,$0,$84,$-6,$78,$1,$56,$-2,$0,$-2,$-0,$-0,$-0,$0,$-2,$9,$0,$-0
9,2016-05-31,44.15,$18.90,2.34,$39.43,1.12,$20.69,2.13,$6.53,6.76,$0.63B,$0.08B,7.51,$0.01B,$0.92B,0.01,$1.91B,$0.65B,34.00%,$1.91B,$0.47B,24.72%,$1.91B,$0.47B,24.72%,$1.91B,$0.52B,27.40%,$1.91B,$0.49B,25.56%,$1.91B,$0.32B,16.55%,$0.32B,$0.92B,36.01%,$0.32B,$0.88B,37.52%,$0.32B,$1.11B,27.70%,$0.47B,$0.93B,52.47%,$303,$262,$41,$0,$42,$303,$-0,$1,$1,$1,$-0,$-0,$-0,$18,$-0,$48,48,$-0.01,$-0.01,$390,$155,$0,$626,$392,$54,$34,$5,$485,$1112,$83,$9,$6,$111,$194,$1,$890,$-0,$917,$1112,$318,$51,$15,$66,$21,$-9,$0,$0,$4,$388,$-73,$0,$0,$-117,$-34,$-151,$5,$-219,$-25,$0,$-25,$-2,$-2,$-122,$0,$-149,$20,$3,$-122
10,2016-02-29,52.5,$18.87,2.78,$41.48,1.27,$16.56,3.17,$7.49,7.01,$0.65B,$0.13B,5.13,$0.02B,$0.92B,0.02,$2.01B,$0.72B,35.69%,$2.01B,$0.54B,26.78%,$2.01B,$0.54B,26.78%,$2.01B,$0.58B,28.92%,$2.01B,$0.56B,27.73%,$2.01B,$0.36B,18.02%,$0.36B,$0.92B,43.91%,$0.36B,$0.88B,45.91%,$0.36B,$1.12B,33.05%,$0.54B,$0.94B,63.00%,$450,$317,$133,$0,$47,$364,$86,$12,$98,$33,$64,$64,$64,$97,$86,$48,48,$1.33,$1.33,$387,$154,$0,$654,$382,$48,$35,$5,$470,$1124,$128,$21,$6,$81,$208,$1,$891,$-1,$916,$1124,$318,$33,$-19,$14,$0,$0,$0,$0,$0,$333,$-52,$0,$0,$-130,$-29,$-160,$5,$-207,$-24,$0,$-24,$-2,$-2,$-100,$0,$-126,$-1,$0,$-100
11,2015-11-30,52.79,$18.05,2.93,$41.22,1.28,$12.34,4.28,$7.21,7.32,$0.74B,$0.25B,3.02,$0.02B,$0.88B,0.03,$2.00B,$0.70B,34.90%,$2.00B,$0.52B,26.24%,$2.00B,$0.52B,26.24%,$2.00B,$0.57B,28.34%,$2.00B,$0.54B,26.84%,$2.00B,$0.35B,17.48%,$0.35B,$0.88B,45.70%,$0.35B,$0.84B,48.01%,$0.35B,$1.19B,33.57%,$0.52B,$0.90B,65.60%,$546,$334,$212,$0,$45,$380,$166,$2,$168,$58,$110,$110,$109,$177,$166,$48,48,$2.27,$2.26,$420,$158,$0,$740,$372,$40,$35,$5,$453,$1192,$245,$23,$6,$72,$317,$1,$848,$-0,$875,$1192,$254,$22,$24,$46,$0,$0,$0,$0,$0,$300,$-34,$0,$0,$-156,$-20,$-175,$1,$-208,$-22,$0,$-22,$-0,$-0,$-64,$0,$-86,$6,$0,$-64
12,2015-08-31,50.55,$16.53,3.06,$37.75,1.34,$7.35,6.88,$5.71,8.85,$0.69B,$0.25B,2.78,$0.04B,$0.80B,0.04,$1.83B,$0.58B,31.58%,$1.83B,$0.41B,22.62%,$1.83B,$0.41B,22.62%,$1.83B,$0.46B,24.86%,$1.83B,$0.43B,23.22%,$1.83B,$0.28B,15.14%,$0.28B,$0.80B,39.30%,$0.28B,$0.77B,41.53%,$0.28B,$1.14B,28.89%,$0.41B,$0.84B,55.53%,$610,$347,$263,$0,$43,$390,$220,$1,$221,$77,$144,$144,$143,$231,$220,$48,48,$2.97,$2.95,$356,$149,$0,$694,$364,$37,$36,$5,$442,$1136,$250,$35,$6,$85,$335,$1,$775,$-0,$802,$1136,$144,$11,$-1,$10,$0,$0,$0,$0,$0,$154,$-15,$0,$0,$-37,$-18,$-55,$0,$-70,$-8,$0,$-8,$0,$0,$-15,$0,$-24,$61,$0,$-15
13,2015-05-31,53.64,$14.53,3.69,$32.55,1.65,$4.84,11.08,$3.33,16.11,$0.51B,$0.10B,5.01,$0.04B,$0.71B,0.06,$1.58B,$0.40B,25.11%,$1.58B,$0.24B,14.90%,$1.58B,$0.24B,14.90%,$1.58B,$0.27B,17.37%,$1.58B,$0.25B,15.66%,$1.58B,$0.16B,10.27%,$0.16B,$0.71B,24.63%,$0.16B,$0.67B,26.15%,$0.16B,$0.93B,18.37%,$0.24B,$0.75B,33.48%,$403,$294,$109,$0,$43,$337,$66,$4,$70,$24,$46,$46,$46,$76,$66,$48,48,$0.96,$0.95,$259,$146,$0,$509,$359,$19,$37,$5,$420,$929,$102,$41,$6,$123,$224,$1,$680,$0,$705,$929,$162,$41,$5,$46,$-19,$-0,$0,$0,$-13,$195,$-80,$0,$0,$-56,$-8,$-64,$2,$-142,$-10,$0,$-10,$1,$1,$-50,$0,$-60,$-6,$2,$-50
14,2015-02-28,35.3,$13.88,2.54,$31.92,1.11,$3.81,9.26,$3.03,11.65,$0.49B,$0.14B,3.63,$0.04B,$0.67B,0.06,$1.55B,$0.38B,24.45%,$1.55B,$0.22B,14.04%,$1.55B,$0.22B,14.04%,$1.55B,$0.26B,16.49%,$1.55B,$0.23B,14.62%,$1.55B,$0.15B,9.51%,$0.15B,$0.67B,23.32%,$0.15B,$0.64B,24.86%,$0.15B,$0.90B,17.24%,$0.22B,$0.72B,32.04%,$438,$325,$113,$0,$40,$366,$72,$5,$77,$26,$51,$51,$51,$82,$72,$48,48,$1.06,$1.05,$238,$146,$0,$494,$349,$16,$37,$5,$407,$901,$136,$43,$5,$92,$228,$1,$649,$0,$673,$901,$116,$30,$-10,$20,$0,$0,$0,$0,$0,$136,$-60,$0,$0,$-30,$-8,$-39,$1,$-97,$-8,$0,$-8,$0,$0,$-33,$0,$-41,$-1,$0,$-33
15,2014-11-30,39.02,$13.20,2.96,$31.08,1.26,$2.87,13.59,$2.87,13.62,$0.47B,$0.14B,3.35,$0.05B,$0.64B,0.07,$1.50B,$0.36B,23.74%,$1.50B,$0.19B,12.77%,$1.50B,$0.19B,12.77%,$1.50B,$0.23B,15.23%,$1.50B,$0.21B,13.83%,$1.50B,$0.14B,9.24%,$0.14B,$0.64B,22.97%,$0.14B,$0.60B,24.57%,$0.14B,$0.87B,16.81%,$0.19B,$0.69B,29.32%,$379,$286,$93,$0,$37,$323,$56,$1,$57,$20,$37,$37,$37,$66,$56,$48,48,$0.76,$0.76,$201,$147,$0,$471,$339,$15,$38,$5,$398,$869,$141,$46,$4,$89,$230,$1,$615,$1,$639,$869,$65,$20,$-17,$3,$0,$0,$0,$0,$0,$68,$-43,$0,$0,$3,$-8,$-5,$1,$-47,$-5,$0,$-5,$0,$0,$-20,$0,$-26,$-5,$0,$-20
16,2014-08-31,36.69,$12.69,2.89,$30.59,1.2,$1.98,18.51,$2.65,13.87,$0.45B,$0.12B,3.66,$0.05B,$0.61B,0.08,$1.48B,$0.34B,22.92%,$1.48B,$0.18B,11.97%,$1.48B,$0.18B,11.97%,$1.48B,$0.21B,14.40%,$1.48B,$0.19B,12.98%,$1.48B,$0.13B,8.65%,$0.13B,$0.61B,22.01%,$0.13B,$0.58B,23.58%,$0.13B,$0.83B,16.05%,$0.18B,$0.66B,28.01%,$357,$276,$81,$0,$40,$316,$41,$2,$43,$15,$28,$28,$28,$50,$41,$48,48,$0.57,$0.57,$211,$145,$0,$450,$326,$10,$39,$5,$380,$829,$123,$48,$4,$93,$216,$0,$591,$1,$614,$829,$28,$9,$1,$10,$0,$0,$0,$0,$0,$38,$-20,$0,$0,$-2,$-3,$-5,$1,$-24,$-3,$0,$-3,$0,$0,$-11,$0,$-13,$0,$0,$-11
17,2014-05-31,32.17,$12.30,2.62,$29.84,1.08,$1.21,26.59,$2.26,14.26,$0.45B,$0.12B,3.68,$0.05B,$0.60B,0.09,$1.44B,$0.30B,21.01%,$1.44B,$0.15B,10.19%,$1.44B,$0.15B,10.19%,$1.44B,$0.18B,12.69%,$1.44B,$0.16B,11.30%,$1.44B,$0.11B,7.56%,$0.11B,$0.60B,19.48%,$0.11B,$0.56B,20.90%,$0.11B,$0.81B,14.12%,$0.15B,$0.65B,24.06%,$372,$280,$91,$0,$44,$324,$48,$1,$49,$17,$32,$32,$31,$57,$48,$48,48,$0.66,$0.65,$209,$146,$0,$445,$315,$7,$40,$5,$366,$812,$121,$51,$4,$96,$217,$0,$573,$1,$595,$812,$110,$37,$6,$44,$-2,$9,$0,$0,$-30,$124,$-58,$0,$-12,$-34,$0,$-34,$5,$-99,$-11,$0,$-11,$0,$0,$-25,$0,$-35,$-10,$1,$-25
18,2014-02-28,24.0,$11.84,2.03,$28.92,0.83,$0.50,47.54,$1.53,15.74,$0.44B,$0.13B,3.42,$0.05B,$0.57B,0.09,$1.40B,$0.26B,18.84%,$1.40B,$0.09B,6.59%,$1.40B,$0.09B,6.59%,$1.40B,$0.13B,9.17%,$1.40B,$0.11B,7.66%,$1.40B,$0.07B,5.30%,$0.07B,$0.57B,13.70%,$0.07B,$0.53B,14.71%,$0.07B,$0.80B,9.79%,$0.09B,$0.63B,15.52%,$396,$304,$92,$0,$45,$349,$47,$12,$59,$16,$43,$43,$43,$56,$47,$48,48,$0.89,$0.89,$191,$149,$0,$440,$307,$6,$39,$5,$357,$797,$129,$53,$5,$96,$224,$0,$552,$0,$573,$797,$78,$27,$-35,$-7,$0,$0,$0,$0,$0,$71,$-40,$0,$-12,$-15,$0,$-15,$4,$-63,$-8,$0,$-8,$0,$0,$-10,$0,$-18,$-10,$0,$-10
19,2013-11-30,24.91,$11.27,2.21,$28.21,0.88,$0.36,69.05,$1.28,19.54,$0.42B,$0.12B,3.58,$0.05B,$0.54B,0.09,$1.36B,$0.24B,17.50%,$1.36B,$0.08B,5.59%,$1.36B,$0.08B,5.59%,$1.36B,$0.11B,8.16%,$1.36B,$0.09B,6.91%,$1.36B,$0.06B,4.56%,$0.06B,$0.54B,11.76%,$0.06B,$0.51B,12.63%,$0.06B,$0.75B,8.32%,$0.08B,$0.59B,13.09%,$354,$280,$75,$0,$34,$313,$41,$0,$41,$15,$26,$26,$26,$50,$41,$48,48,$0.54,$0.54,$162,$143,$0,$418,$277,$18,$36,$4,$335,$753,$117,$50,$4,$93,$209,$0,$523,$0,$544,$753,$35,$18,$-44,$-26,$0,$0,$0,$0,$0,$9,$-27,$0,$0,$7,$0,$7,$4,$-16,$-6,$0,$-6,$0,$0,$-2,$0,$-7,$-14,$0,$-2
20,2013-08-31,20.66,$10.90,1.9,$27.73,0.75,$0.60,34.24,$1.04,19.96,$0.40B,$0.11B,3.78,$0.05B,$0.53B,0.1,$1.34B,$0.21B,16.03%,$1.34B,$0.06B,4.12%,$1.34B,$0.06B,4.12%,$1.34B,$0.09B,6.74%,$1.34B,$0.08B,5.62%,$1.34B,$0.05B,3.75%,$0.05B,$0.53B,9.69%,$0.05B,$0.49B,10.43%,$0.05B,$0.73B,6.73%,$0.06B,$0.58B,9.61%,$320,$275,$45,$0,$34,$308,$11,$3,$14,$5,$9,$9,$9,$20,$11,$48,48,$0.18,$0.18,$164,$145,$0,$399,$270,$17,$36,$4,$327,$726,$105,$52,$4,$95,$201,$0,$506,$0,$526,$726,$9,$9,$-26,$-17,$0,$0,$0,$0,$0,$-8,$-11,$0,$0,$16,$0,$16,$4,$8,$-3,$0,$-3,$0,$0,$0,$0,$-3,$-3,$0,$0
21,2013-05-31,20.26,$10.75,1.88,$26.81,0.76,$0.49,41.56,$1.05,19.29,$0.42B,$0.13B,3.19,$0.06B,$0.52B,0.11,$1.29B,$0.21B,16.61%,$1.29B,$0.06B,4.66%,$1.29B,$0.06B,4.66%,$1.29B,$0.09B,7.30%,$1.29B,$0.08B,5.90%,$1.29B,$0.05B,3.88%,$0.05B,$0.52B,9.88%,$0.05B,$0.48B,10.62%,$0.05B,$0.75B,6.76%,$0.06B,$0.57B,10.62%,$326,$274,$51,$0,$31,$333,$-7,$-0,$-7,$-4,$-4,$-4,$-4,$2,$-7,$48,48,$-0.08,$-0.08,$183,$148,$0,$415,$266,$20,$37,$7,$331,$746,$130,$55,$4,$97,$228,$0,$499,$0,$518,$746,$51,$34,$-8,$27,$-22,$-6,$0,$0,$-20,$58,$-26,$0,$-75,$6,$0,$6,$6,$-88,$-11,$0,$-11,$0,$0,$-31,$0,$-41,$-72,$0,$-31
22,2013-02-28,18.15,$10.82,1.68,$25.78,0.7,$1.34,13.5,$1.91,9.5,$0.42B,$0.13B,3.2,$0.06B,$0.52B,0.11,$1.24B,$0.20B,16.49%,$1.24B,$0.08B,6.39%,$1.24B,$0.08B,6.39%,$1.24B,$0.11B,9.05%,$1.24B,$0.14B,11.40%,$1.24B,$0.09B,7.36%,$0.09B,$0.52B,18.33%,$0.09B,$0.48B,19.67%,$0.09B,$0.76B,12.39%,$0.08B,$0.58B,14.17%,$360,$293,$67,$0,$36,$329,$31,$15,$46,$15,$31,$31,$31,$39,$31,$48,48,$0.64,$0.64,$187,$147,$0,$421,$269,$20,$38,$7,$334,$755,$132,$57,$4,$102,$233,$0,$503,$0,$521,$755,$54,$25,$-37,$-12,$0,$0,$0,$0,$0,$43,$-19,$0,$-75,$14,$0,$14,$6,$-74,$-8,$0,$-8,$0,$0,$-20,$0,$-28,$-60,$0,$-20
23,2012-11-30,20.51,$10.41,1.97,$24.64,0.83,$2.23,9.19,$1.82,11.27,$0.41B,$0.14B,2.9,$0.06B,$0.50B,0.12,$1.18B,$0.20B,17.10%,$1.18B,$0.08B,7.03%,$1.18B,$0.08B,7.03%,$1.18B,$0.12B,9.74%,$1.18B,$0.14B,11.52%,$1.18B,$0.09B,7.28%,$0.09B,$0.50B,17.93%,$0.09B,$0.46B,19.22%,$0.09B,$0.74B,11.95%,$0.08B,$0.56B,15.28%,$329,$278,$51,$0,$31,$309,$20,$2,$22,$8,$14,$14,$14,$29,$20,$48,48,$0.30,$0.30,$163,$144,$0,$409,$271,$19,$38,$7,$335,$744,$141,$59,$3,$102,$244,$0,$482,$-0,$500,$744,$24,$16,$-31,$-15,$0,$0,$0,$0,$0,$9,$-15,$0,$-75,$56,$0,$56,$5,$-28,$-6,$0,$-6,$0,$0,$-16,$0,$-21,$-41,$0,$-16
24,2012-08-31,17.87,$10.16,1.76,$23.85,0.75,$2.96,6.04,$2.01,8.92,$0.42B,$0.12B,3.41,$0.06B,$0.49B,0.13,$1.14B,$0.21B,18.56%,$1.14B,$0.10B,8.67%,$1.14B,$0.10B,8.67%,$1.14B,$0.13B,11.30%,$1.14B,$0.15B,13.13%,$1.14B,$0.10B,8.32%,$0.10B,$0.49B,20.47%,$0.10B,$0.46B,21.91%,$0.10B,$0.71B,13.46%,$0.10B,$0.55B,18.68%,$273,$228,$45,$0,$29,$257,$16,$-1,$15,$5,$10,$10,$9,$24,$16,$48,48,$0.20,$0.20,$209,$129,$0,$418,$238,$18,$30,$7,$295,$713,$123,$62,$3,$104,$227,$0,$472,$0,$486,$713,$10,$8,$-35,$-27,$0,$0,$0,$0,$0,$-18,$-7,$0,$-16,$-15,$0,$-15,$5,$-34,$-3,$0,$-3,$0,$0,$-12,$0,$-15,$-67,$0,$-12
25,2012-05-31,15.6,$10.02,1.56,$23.24,0.67,$3.51,4.44,$1.88,8.32,$0.44B,$0.14B,3.14,$0.07B,$0.48B,0.14,$1.11B,$0.20B,18.06%,$1.11B,$0.09B,8.00%,$1.11B,$0.09B,8.00%,$1.11B,$0.12B,10.69%,$1.11B,$0.14B,12.58%,$1.11B,$0.09B,8.00%,$0.09B,$0.48B,19.87%,$0.09B,$0.45B,21.34%,$0.09B,$0.73B,12.91%,$0.09B,$0.54B,17.22%,$275,$234,$41,$0,$29,$263,$12,$46,$58,$20,$37,$37,$37,$20,$12,$48,48,$0.79,$0.78,$261,$117,$0,$442,$223,$22,$30,$6,$284,$726,$141,$65,$3,$106,$247,$0,$466,$-0,$479,$726,$90,$31,$-42,$-11,$4,$-7,$0,$0,$19,$98,$-26,$0,$0,$-45,$0,$-45,$44,$-27,$-12,$0,$-12,$0,$0,$-20,$0,$-32,$39,$-1,$-20
26,2012-02-29,16.72,$9.50,1.76,$22.56,0.74,$2.91,5.75,$1.25,13.43,$0.42B,$0.13B,3.11,$0.07B,$0.45B,0.15,$1.08B,$0.20B,18.61%,$1.08B,$0.09B,8.43%,$1.08B,$0.09B,8.43%,$1.08B,$0.12B,11.11%,$1.08B,$0.09B,8.70%,$1.08B,$0.06B,5.46%,$0.06B,$0.45B,13.63%,$0.06B,$0.42B,14.69%,$0.06B,$0.70B,8.83%,$0.09B,$0.52B,18.04%,$304,$239,$65,$0,$30,$269,$35,$6,$41,$14,$26,$26,$26,$42,$35,$48,48,$0.55,$0.55,$226,$119,$0,$417,$222,$16,$31,$6,$278,$695,$134,$67,$4,$108,$242,$0,$441,$-1,$454,$695,$53,$23,$10,$32,$0,$0,$0,$0,$0,$85,$-19,$0,$0,$-27,$0,$-27,$5,$-42,$-9,$0,$-9,$0,$0,$-11,$0,$-20,$23,$0,$-11
27,2011-11-30,14.58,$9.15,1.59,$21.95,0.66,$2.49,5.85,$1.40,10.41,$0.41B,$0.14B,2.9,$0.07B,$0.44B,0.16,$1.05B,$0.20B,19.22%,$1.05B,$0.10B,9.04%,$1.05B,$0.10B,9.04%,$1.05B,$0.13B,11.89%,$1.05B,$0.10B,9.90%,$1.05B,$0.07B,6.37%,$0.07B,$0.44B,15.86%,$0.07B,$0.41B,17.16%,$0.07B,$0.69B,10.14%,$0.10B,$0.51B,18.96%,$290,$229,$61,$0,$26,$255,$36,$0,$36,$13,$23,$23,$23,$43,$36,$48,48,$0.49,$0.49,$200,$114,$0,$409,$223,$17,$31,$6,$280,$689,$141,$70,$4,$111,$252,$0,$424,$-0,$437,$689,$26,$15,$-0,$15,$0,$0,$0,$0,$0,$41,$-12,$0,$0,$10,$0,$10,$4,$1,$-6,$0,$-6,$0,$0,$-3,$0,$-10,$33,$0,$-3
28,2011-08-31,13.96,$8.83,1.58,$20.79,0.67,$1.85,7.54,$1.23,11.35,$0.37B,$0.11B,3.28,$0.07B,$0.42B,0.18,$1.00B,$0.19B,18.67%,$1.00B,$0.08B,8.23%,$1.00B,$0.08B,8.23%,$1.00B,$0.11B,11.24%,$1.00B,$0.09B,9.04%,$1.00B,$0.06B,5.92%,$0.06B,$0.42B,14.36%,$0.06B,$0.39B,15.61%,$0.06B,$0.65B,9.11%,$0.08B,$0.50B,16.52%,$244,$210,$34,$0,$28,$238,$6,$-1,$5,$2,$3,$3,$3,$14,$6,$48,48,$0.07,$0.07,$177,$116,$0,$368,$222,$16,$32,$7,$279,$647,$112,$74,$4,$113,$226,$0,$408,$0,$422,$647,$3,$8,$-4,$3,$0,$0,$0,$0,$0,$6,$-5,$0,$0,$24,$0,$24,$4,$24,$-3,$0,$-3,$0,$0,$-2,$0,$-5,$25,$0,$-2
29,2011-05-31,12.78,$8.78,1.46,$19.67,0.65,$1.72,7.41,$1.27,10.1,$0.36B,$0.11B,3.3,$0.08B,$0.42B,0.18,$0.94B,$0.19B,19.64%,$0.94B,$0.08B,8.92%,$0.94B,$0.08B,8.92%,$0.94B,$0.11B,12.10%,$0.94B,$0.09B,9.77%,$0.94B,$0.06B,6.48%,$0.06B,$0.42B,15.24%,$0.06B,$0.39B,16.62%,$0.06B,$0.64B,9.55%,$0.08B,$0.50B,17.04%,$242,$201,$41,$0,$28,$229,$14,$-2,$12,$6,$6,$6,$7,$21,$14,$48,48,$0.15,$0.16,$176,$110,$0,$355,$225,$19,$32,$7,$286,$641,$107,$76,$3,$114,$222,$0,$406,$-0,$419,$641,$58,$31,$-1,$30,$-22,$-16,$0,$0,$-26,$62,$-19,$0,$0,$-20,$0,$-20,$8,$-31,$-49,$0,$-49,$0,$0,$-25,$0,$-73,$-42,$-2,$-25
30,2011-02-28,12.18,$8.64,1.41,$19.26,0.63,$2.97,4.1,$1.56,7.83,$0.38B,$0.12B,3.08,$0.10B,$0.41B,0.23,$0.92B,$0.20B,21.58%,$0.92B,$0.10B,11.17%,$0.92B,$0.10B,11.17%,$0.92B,$0.14B,14.64%,$0.92B,$0.11B,12.15%,$0.92B,$0.08B,8.13%,$0.08B,$0.41B,19.24%,$0.08B,$0.38B,21.08%,$0.08B,$0.67B,11.79%,$0.10B,$0.51B,21.03%,$275,$209,$66,$0,$27,$236,$39,$12,$51,$17,$33,$33,$34,$47,$39,$48,48,$0.71,$0.70,$213,$103,$0,$383,$225,$19,$33,$7,$284,$666,$124,$95,$4,$130,$254,$0,$402,$0,$412,$666,$52,$23,$-15,$8,$0,$0,$0,$0,$0,$60,$-14,$0,$0,$-28,$0,$-28,$3,$-39,$-26,$0,$-26,$0,$0,$-14,$0,$-39,$-19,$0,$-14
31,2010-11-30,12.84,$8.17,1.57,$19.20,0.67,$3.90,3.3,$1.58,8.12,$0.35B,$0.12B,3.02,$0.10B,$0.39B,0.25,$0.92B,$0.21B,22.66%,$0.92B,$0.11B,12.42%,$0.92B,$0.11B,12.42%,$0.92B,$0.15B,15.80%,$0.92B,$0.11B,12.42%,$0.92B,$0.08B,8.28%,$0.08B,$0.39B,20.15%,$0.08B,$0.36B,22.19%,$0.08B,$0.64B,11.98%,$0.11B,$0.49B,23.73%,$235,$189,$45,$0,$22,$212,$23,$-0,$22,$8,$14,$14,$15,$30,$23,$48,48,$0.32,$0.32,$168,$97,$0,$351,$228,$18,$34,$6,$285,$637,$116,$98,$4,$131,$247,$0,$379,$0,$390,$637,$19,$16,$-27,$-11,$0,$0,$0,$0,$0,$8,$-10,$0,$0,$-2,$0,$-2,$1,$-10,$-22,$0,$-22,$0,$0,$-9,$0,$-31,$-33,$0,$-9
32,2010-08-31,12.4,$7.97,1.55,$19.11,0.65,$4.50,2.75,$1.60,7.75,$0.32B,$0.10B,3.35,$0.10B,$0.38B,0.27,$0.91B,$0.21B,23.03%,$0.91B,$0.12B,12.72%,$0.91B,$0.12B,12.72%,$0.91B,$0.15B,16.23%,$0.91B,$0.12B,12.83%,$0.91B,$0.08B,8.44%,$0.08B,$0.38B,21.12%,$0.08B,$0.35B,23.39%,$0.08B,$0.61B,12.17%,$0.12B,$0.48B,24.60%,$190,$158,$33,$0,$25,$182,$8,$-1,$7,$3,$5,$5,$5,$16,$8,$48,48,$0.10,$0.10,$170,$92,$0,$319,$233,$17,$34,$7,$291,$610,$95,$102,$4,$134,$229,$0,$369,$0,$380,$610,$5,$8,$-11,$-3,$0,$0,$0,$0,$0,$2,$-6,$0,$0,$12,$0,$12,$1,$7,$-18,$0,$-18,$0,$0,$-7,$0,$-25,$-17,$0,$-7
33,2010-05-31,13.4,$7.91,1.69,$19.07,0.7,$4.41,3.04,$1.42,9.43,$0.34B,$0.12B,2.87,$0.11B,$0.38B,0.28,$0.91B,$0.20B,21.43%,$0.91B,$0.10B,11.32%,$0.91B,$0.10B,11.32%,$0.91B,$0.13B,14.73%,$0.91B,$0.10B,11.32%,$0.91B,$0.07B,7.47%,$0.07B,$0.38B,19.36%,$0.07B,$0.34B,21.55%,$0.07B,$0.63B,10.93%,$0.10B,$0.48B,22.65%,$222,$167,$55,$0,$22,$190,$33,$-0,$32,$12,$21,$21,$21,$42,$33,$48,48,$0.44,$0.44,$199,$94,$0,$338,$234,$18,$35,$7,$293,$631,$118,$105,$3,$136,$254,$0,$366,$0,$377,$631,$66,$32,$-2,$30,$13,$5,$0,$0,$21,$117,$-14,$0,$-1,$-51,$0,$-51,$4,$-62,$-4,$0,$-4,$0,$0,$-19,$0,$-23,$33,$-1,$-19
34,2010-02-28,13.08,$7.60,1.72,$18.91,0.69,$4.05,3.23,$1.20,10.95,$0.37B,$0.15B,2.36,$0.11B,$0.36B,0.3,$0.90B,$0.18B,19.73%,$0.90B,$0.09B,9.42%,$0.90B,$0.09B,9.42%,$0.90B,$0.12B,12.86%,$0.90B,$0.09B,9.53%,$0.90B,$0.06B,6.32%,$0.06B,$0.36B,16.75%,$0.06B,$0.33B,18.77%,$0.06B,$0.66B,9.34%,$0.09B,$0.47B,19.04%,$271,$196,$75,$0,$25,$221,$50,$3,$53,$19,$34,$34,$35,$57,$50,$48,48,$0.73,$0.73,$207,$95,$0,$365,$236,$20,$36,$1,$294,$659,$154,$108,$3,$142,$297,$0,$352,$0,$362,$659,$45,$22,$37,$60,$0,$0,$0,$0,$0,$104,$-14,$0,$-1,$-18,$0,$-18,$1,$-33,$10,$0,$10,$0,$0,$-8,$0,$3,$74,$0,$-8
35,2009-11-30,11.14,$7.13,1.56,$18.90,0.59,$3.68,3.03,$1.12,9.99,$0.33B,$0.15B,2.29,$0.11B,$0.34B,0.33,$0.90B,$0.17B,18.98%,$0.90B,$0.08B,8.88%,$0.90B,$0.08B,8.88%,$0.90B,$0.11B,12.43%,$0.90B,$0.08B,8.77%,$0.90B,$0.05B,5.88%,$0.05B,$0.34B,16.01%,$0.05B,$0.30B,17.95%,$0.05B,$0.63B,8.95%,$0.08B,$0.45B,18.18%,$229,$182,$47,$0,$21,$204,$25,$-1,$25,$9,$16,$16,$16,$33,$25,$48,48,$0.34,$0.34,$152,$99,$0,$334,$239,$19,$37,$2,$296,$630,$146,$112,$3,$145,$291,$0,$329,$0,$339,$630,$11,$15,$11,$26,$0,$0,$0,$0,$0,$37,$-10,$0,$-1,$7,$0,$7,$-0,$-3,$14,$0,$14,$0,$0,$-3,$0,$11,$44,$0,$-3
36,2009-08-31,11.59,$6.87,1.69,$19.10,0.61,$3.64,3.18,$0.78,14.86,$0.27B,$0.12B,2.22,$0.09B,$0.33B,0.27,$0.91B,$0.18B,20.00%,$0.91B,$0.10B,10.77%,$0.91B,$0.10B,10.77%,$0.91B,$0.13B,14.18%,$0.91B,$0.10B,10.66%,$0.91B,$0.06B,7.03%,$0.06B,$0.33B,19.86%,$0.06B,$0.29B,22.03%,$0.06B,$0.57B,11.16%,$0.10B,$0.42B,22.82%,$188,$169,$18,$0,$24,$193,$-5,$-2,$-7,$-2,$-5,$-5,$-4,$2,$-5,$48,48,$-0.08,$-0.08,$91,$96,$0,$272,$240,$18,$37,$2,$297,$569,$123,$88,$3,$119,$242,$0,$317,$0,$327,$569,$-4,$7,$-9,$-2,$0,$0,$0,$0,$0,$-5,$-4,$0,$-1,$9,$0,$9,$-1,$4,$-11,$0,$-11,$0,$0,$-3,$0,$-14,$-15,$0,$-3
37,2009-05-31,9.85,$7.00,1.41,$19.51,0.5,$4.16,2.37,$1.10,8.99,$0.24B,$0.10B,2.33,$0.12B,$0.33B,0.35,$0.93B,$0.21B,22.07%,$0.93B,$0.12B,13.02%,$0.93B,$0.12B,13.02%,$0.93B,$0.15B,16.25%,$0.93B,$0.12B,13.02%,$0.93B,$0.08B,8.50%,$0.08B,$0.33B,25.34%,$0.08B,$0.30B,27.84%,$0.08B,$0.58B,14.08%,$0.12B,$0.45B,28.64%,$214,$176,$38,$0,$23,$198,$15,$0,$15,$5,$10,$10,$10,$24,$15,$48,48,$0.21,$0.22,$82,$98,$0,$242,$250,$51,$38,$2,$341,$583,$104,$116,$4,$146,$250,$0,$321,$0,$333,$583,$80,$30,$5,$35,$-5,$-3,$0,$0,$-3,$111,$-26,$0,$-91,$-6,$0,$-6,$1,$-122,$18,$0,$18,$0,$0,$-35,$0,$-17,$-28,$-3,$-35
38,2009-02-28,8.86,$6.84,1.3,$19.98,0.44,$5.09,1.74,$1.65,5.37,$0.25B,$0.11B,2.15,$0.12B,$0.33B,0.37,$0.95B,$0.24B,25.13%,$0.95B,$0.16B,16.61%,$0.95B,$0.16B,16.61%,$0.95B,$0.19B,19.45%,$0.95B,$0.16B,16.93%,$0.95B,$0.11B,11.15%,$0.11B,$0.33B,35.63%,$0.11B,$0.29B,38.48%,$0.11B,$0.59B,19.61%,$0.16B,$0.44B,39.21%,$270,$202,$68,$0,$23,$225,$45,$1,$46,$15,$31,$31,$31,$53,$45,$48,48,$0.65,$0.65,$82,$99,$0,$246,$251,$50,$33,$8,$342,$588,$114,$119,$4,$148,$262,$0,$314,$0,$325,$588,$70,$20,$1,$22,$0,$0,$0,$0,$0,$91,$-19,$0,$-91,$1,$0,$1,$0,$-109,$22,$0,$22,$0,$0,$-25,$0,$-3,$-21,$0,$-25
39,2008-11-30,9.89,$6.40,1.54,$20.17,0.49,$5.65,1.75,$2.21,4.47,$0.20B,$0.12B,1.76,$0.11B,$0.30B,0.35,$0.96B,$0.28B,28.78%,$0.96B,$0.20B,20.75%,$0.96B,$0.20B,20.75%,$0.96B,$0.23B,23.46%,$0.96B,$0.20B,21.17%,$0.96B,$0.13B,13.76%,$0.13B,$0.30B,47.35%,$0.13B,$0.28B,50.05%,$0.13B,$0.55B,25.45%,$0.20B,$0.41B,52.47%,$238,$180,$58,$0,$15,$195,$43,$-0,$43,$15,$28,$28,$27,$50,$43,$48,48,$0.58,$0.57,$39,$92,$0,$203,$221,$54,$20,$56,$351,$554,$115,$105,$4,$134,$250,$0,$293,$0,$304,$554,$39,$13,$-12,$1,$0,$0,$0,$0,$0,$40,$-15,$0,$-90,$3,$0,$3,$-0,$-102,$9,$0,$9,$0,$0,$-16,$0,$-7,$-69,$0,$-16
40,2008-08-31,15.39,$6.00,2.57,$19.89,0.77,$6.14,2.51,$3.06,5.04,$0.22B,$0.10B,2.15,$0.10B,$0.29B,0.36,$0.95B,$0.29B,31.11%,$0.95B,$0.22B,22.75%,$0.95B,$0.22B,22.75%,$0.95B,$0.24B,25.40%,$0.95B,$0.22B,23.39%,$0.95B,$0.15B,15.34%,$0.15B,$0.29B,56.59%,$0.15B,$0.26B,59.12%,$0.15B,$0.52B,29.44%,$0.22B,$0.39B,60.44%,$207,$166,$41,$0,$23,$189,$18,$-1,$17,$6,$11,$11,$11,$24,$18,$47,48,$0.24,$0.24,$76,$87,$0,$222,$218,$53,$22,$5,$297,$519,$103,$102,$4,$130,$234,$0,$275,$-1,$285,$519,$11,$6,$3,$10,$0,$0,$0,$0,$0,$21,$-6,$0,$-30,$3,$0,$3,$-3,$-35,$6,$0,$6,$0,$0,$-12,$0,$-6,$-19,$0,$-12
41,2008-05-31,11.99,$5.81,2.06,$19.30,0.62,$6.36,1.89,$3.20,3.75,$0.22B,$0.10B,2.18,$0.10B,$0.28B,0.35,$0.92B,$0.30B,32.61%,$0.92B,$0.22B,24.43%,$0.92B,$0.22B,24.43%,$0.92B,$0.25B,27.15%,$0.92B,$0.23B,25.19%,$0.92B,$0.15B,16.58%,$0.15B,$0.28B,66.52%,$0.15B,$0.26B,68.62%,$0.15B,$0.50B,32.94%,$0.22B,$0.37B,68.24%,$236,$164,$72,$0,$20,$184,$52,$3,$55,$18,$37,$37,$37,$58,$52,$47,47,$0.77,$0.77,$95,$77,$0,$224,$206,$54,$14,$3,$277,$501,$103,$95,$4,$123,$226,$0,$268,$-1,$276,$501,$152,$25,$1,$26,$-13,$-15,$0,$0,$-20,$158,$-29,$0,$0,$-3,$0,$-3,$1,$-31,$-28,$0,$-28,$1,$1,$-20,$0,$-47,$80,$5,$-20
42,2008-02-29,12.92,$5.26,2.46,$17.93,0.72,$4.41,2.93,$2.82,4.59,$0.23B,$0.13B,1.77,$0.10B,$0.25B,0.4,$0.85B,$0.27B,31.49%,$0.85B,$0.20B,23.38%,$0.85B,$0.20B,23.38%,$0.85B,$0.22B,26.20%,$0.85B,$0.20B,23.85%,$0.85B,$0.13B,15.63%,$0.13B,$0.25B,67.00%,$0.13B,$0.25B,68.56%,$0.13B,$0.50B,31.11%,$0.20B,$0.35B,65.95%,$278,$173,$105,$0,$19,$192,$86,$2,$88,$31,$57,$57,$57,$93,$86,$47,47,$1.21,$1.21,$86,$75,$0,$226,$205,$0,$4,$7,$275,$501,$128,$100,$2,$124,$251,$0,$241,$0,$250,$501,$115,$19,$-15,$4,$0,$0,$0,$0,$0,$120,$-21,$0,$0,$-8,$0,$-8,$0,$-29,$-20,$0,$-20,$1,$1,$-1,$0,$-20,$71,$0,$-1
43,2007-11-30,9.22,$4.51,2.05,$15.80,0.58,$2.77,3.33,$1.98,4.66,$0.23B,$0.11B,2.06,$0.10B,$0.21B,0.48,$0.75B,$0.21B,27.67%,$0.75B,$0.14B,18.72%,$0.75B,$0.14B,18.72%,$0.75B,$0.16B,20.99%,$0.75B,$0.14B,19.12%,$0.75B,$0.09B,12.43%,$0.09B,$0.21B,54.55%,$0.09B,$0.21B,56.02%,$0.09B,$0.45B,23.88%,$0.14B,$0.32B,50.91%,$224,$148,$76,$0,$17,$165,$59,$2,$61,$21,$40,$40,$40,$65,$59,$47,47,$0.85,$0.85,$88,$69,$0,$227,$200,$0,$4,$7,$222,$449,$110,$102,$2,$125,$235,$0,$205,$0,$214,$449,$58,$12,$-11,$1,$0,$0,$0,$0,$0,$59,$-10,$0,$0,$-20,$0,$-20,$-0,$-30,$-15,$0,$-15,$1,$1,$-1,$0,$-15,$14,$0,$-1
44,2007-08-31,7.41,$3.67,2.02,$14.00,0.53,$1.54,4.8,$1.27,5.83,$0.18B,$0.10B,1.93,$0.10B,$0.17B,0.6,$0.66B,$0.16B,23.56%,$0.66B,$0.09B,13.75%,$0.66B,$0.09B,13.75%,$0.66B,$0.10B,15.41%,$0.66B,$0.09B,13.90%,$0.66B,$0.06B,8.91%,$0.06B,$0.17B,40.14%,$0.06B,$0.17B,41.40%,$0.06B,$0.40B,16.54%,$0.09B,$0.28B,36.25%,$179,$133,$46,$0,$19,$152,$27,$0,$27,$9,$18,$18,$18,$33,$27,$47,47,$0.38,$0.38,$70,$66,$0,$183,$196,$0,$4,$3,$212,$395,$95,$103,$2,$127,$221,$0,$165,$0,$174,$395,$18,$6,$6,$12,$0,$0,$0,$0,$0,$30,$-4,$0,$0,$-7,$0,$-7,$-1,$-12,$-9,$0,$-9,$0,$0,$-0,$0,$-9,$8,$0,$-0
45,2007-05-31,4.99,$3.30,1.51,$12.69,0.39,$0.95,5.26,$0.78,6.44,$0.16B,$0.08B,2.06,$0.11B,$0.16B,0.7,$0.60B,$0.12B,19.73%,$0.60B,$0.06B,9.70%,$0.60B,$0.06B,9.70%,$0.60B,$0.06B,10.54%,$0.60B,$0.06B,9.53%,$0.60B,$0.04B,6.02%,$0.04B,$0.16B,27.27%,$0.04B,$0.15B,28.18%,$0.04B,$0.37B,10.75%,$0.06B,$0.27B,24.68%,$170,$129,$41,$0,$15,$143,$27,$1,$27,$9,$18,$18,$18,$32,$27,$47,47,$0.39,$0.39,$55,$62,$0,$156,$194,$8,$4,$3,$208,$365,$76,$109,$2,$133,$209,$0,$148,$0,$156,$365,$37,$21,$3,$25,$-8,$0,$0,$0,$-1,$60,$-23,$0,$-12,$-15,$0,$-15,$0,$-49,$-8,$0,$-8,$0,$0,$-1,$0,$-9,$2,$2,$-1
46,2007-02-28,4.81,$2.92,1.65,$11.84,0.41,$0.41,11.79,$0.39,12.5,$0.15B,$0.08B,1.77,$0.10B,$0.14B,0.76,$0.56B,$0.09B,16.88%,$0.56B,$0.03B,6.10%,$0.56B,$0.03B,6.10%,$0.56B,$0.03B,6.10%,$0.56B,$0.03B,5.75%,$0.56B,$0.02B,3.23%,$0.02B,$0.14B,14.63%,$0.02B,$0.13B,15.16%,$0.02B,$0.35B,5.57%,$0.03B,$0.24B,15.04%,$175,$131,$44,$0,$17,$148,$27,$0,$28,$10,$17,$17,$17,$27,$27,$47,47,$0.37,$0.37,$44,$63,$0,$149,$185,$0,$4,$3,$200,$349,$84,$104,$4,$127,$212,$0,$130,$0,$138,$349,$18,$16,$2,$19,$0,$0,$0,$0,$0,$37,$-17,$0,$-1,$-4,$0,$-4,$-0,$-22,$-13,$0,$-13,$0,$0,$-1,$0,$-13,$2,$0,$-1
47,2006-11-30,3.1,$2.56,1.21,$10.87,0.29,$0.15,20.15,$0.19,16.75,$0.13B,$0.07B,1.72,$0.10B,$0.12B,0.83,$0.51B,$0.08B,14.84%,$0.51B,$0.02B,3.32%,$0.51B,$0.02B,3.32%,$0.51B,$0.02B,3.32%,$0.51B,$0.01B,2.73%,$0.51B,$0.01B,1.76%,$0.01B,$0.12B,7.59%,$0.01B,$0.12B,7.86%,$0.01B,$0.32B,2.85%,$0.02B,$0.22B,7.75%,$138,$113,$25,$0,$14,$127,$10,$-1,$10,$3,$6,$6,$6,$10,$10,$47,47,$0.14,$0.14,$21,$60,$0,$128,$175,$0,$4,$3,$190,$318,$74,$100,$4,$123,$198,$0,$113,$0,$120,$318,$0,$0,$0,$0,$0,$0,$0,$0,$0,$2,$-12,$0,$0,$15,$0,$15,$-0,$3,$-6,$0,$-6,$0,$0,$-1,$0,$-7,$-2,$0,$-1
