,Date,Stock Price,Book Value per Share,Price to Book Ratio,TTM Sales per Share,Price to Sales Ratio,TTM FCF per Share,Price to FCF Ratio,TTM Net EPS,PE Ratio,Current Assets,Current Liabilities,Current Ratio,Long Term Debt,Shareholder's Equity_x,Debt to Equity Ratio,TTM Revenue_x,TTM Gross Profit,Gross Margin,TTM Revenue_y,TTM Operating Income,Operating Margin,TTM Revenue_x,TTM EBIT,EBIT Margin,TTM Revenue_y,TTM EBITDA,EBITDA Margin,TTM Revenue_x,TTM Pre-Tax Income,Pre-Tax Margin,TTM Revenue_y,TTM Net Income_x,Net Margin,TTM Net Income_y,Shareholder's Equity_y,Return on Equity,TTM Net Income_x,Tangible Equity,Return on Tangible Equity,TTM Net Income_y,Total Assets,Return on Assets,TTM Net Income,LT Investments & Debt,Return on Investment,revenue,cost-goods-sold,gross-profit,research-development-expenses,selling-general-administrative-expenses,operating-expenses,operating-income,total-non-operating-income-expense,pre-tax-income,total-provision-income-taxes,income-after-taxes,income-from-continuous-operations,net-income,ebitda,ebit,basic-shares-outstanding,shares-outstanding,eps-basic-net-earnings-per-share,eps-earnings-per-share-diluted,cash-on-hand,inventory,other-current-assets,total-current-assets,net-property-plant-equipment,long-term-investments,goodwill-intangible-assets-total,other-long-term-assets,total-long-term-assets,total-assets,total-current-liabilities,long-term-debt,other-non-current-liabilities,total-long-term-liabilities,total-liabilities,common-stock-net,retained-earnings-accumulated-deficit,comprehensive-income,total-share-holder-equity,total-liabilities-share-holders-equity,net-income-loss,total-depreciation-amortization-cash-flow,other-non-cash-items,total-non-cash-items,change-in-accounts-receivable,change-in-inventories,change-in-accounts-payable,change-in-assets-liabilities,total-change-in-assets-liabilities,cash-flow-from-operating-activities,net-change-in-property-plant-equipment,net-change-in-intangible-assets,net-acquisitions-divestitures,net-change-in-short-term-investments,net-change-in-long-term-investments,net-change-in-investments-total,investing-activities-other,cash-flow-from-investing-activities,net-long-term-debt,net-current-debt,debt-issuance-retirement-net-total,net-common-equity-issued-repurchased,net-total-equity-issued-repurchased,total-common-preferred-stock-dividends-paid,financial-activities-other,cash-flow-from-financial-activities,net-cash-flow,stock-based-compensation,common-stock-dividends-paid
0,2018-09-30,8.1,$2.71,2.99,$8.94,0.91,$-1.67,0.0,$-0.51,0.0,$0.16B,$0.14B,1.18,$0.00B,$0.14B,0.0,$0.46B,$0.20B,42.46%,$0.46B,$-0.03B,-5.60%,$0.46B,$-0.03B,-5.60%,$0.46B,$-0.02B,-3.45%,$0.46B,$-0.03B,-5.82%,$0.46B,$-0.03B,-5.82%,$-0.03B,$0.14B,-19.01%,$-0.03B,$0.03B,-103.85%,$-0.03B,$0.30B,-9.40%,$-0.03B,$0.14B,-18.31%,$115,$62,$53,$21,$31,$114,$1,$0,$1,$0,$1,$1,$1,$3,$1,$53,54,$0.02,$0.02,$53,$30,$0,$162,$21,$0,$116,$2,$139,$301,$137,$0,$2,$20,$157,$1,$-679,$-1,$144,$301,$-14,$7,$1,$8,$13,$-1,$-5,$-1,$10,$5,$-6,$0,$10,$0,$0,$0,$0,$5,$0,$-0,$-0,$4,$4,$0,$-0,$4,$13,$8,$0
1,2018-06-30,7.8,$2.66,2.93,$9.37,0.83,$-2.37,0.0,$-0.88,0.0,$0.15B,$0.12B,1.23,$0.00B,$0.14B,0.0,$0.48B,$0.19B,39.54%,$0.48B,$-0.04B,-9.21%,$0.48B,$-0.04B,-9.21%,$0.48B,$-0.03B,-7.11%,$0.48B,$-0.05B,-9.62%,$0.48B,$-0.05B,-9.62%,$-0.05B,$0.14B,-32.06%,$-0.05B,$0.03B,-167.27%,$-0.05B,$0.28B,-15.75%,$-0.04B,$0.14B,-30.66%,$112,$61,$51,$22,$31,$115,$-3,$0,$-3,$0,$-3,$-3,$-3,$-1,$-3,$52,52,$-0.05,$-0.05,$48,$20,$0,$149,$16,$0,$116,$2,$134,$282,$121,$0,$2,$21,$141,$1,$-680,$-0,$141,$282,$-15,$5,$-1,$4,$11,$10,$-10,$0,$8,$-3,$-3,$0,$10,$0,$0,$0,$0,$7,$0,$0,$0,$4,$4,$0,$-0,$4,$8,$5,$0
2,2018-03-31,6.85,$2.67,2.57,$9.76,0.7,$-2.79,0.0,$-1.21,0.0,$0.14B,$0.11B,1.24,$0.00B,$0.14B,0.0,$0.49B,$0.18B,36.79%,$0.49B,$-0.06B,-12.20%,$0.49B,$-0.06B,-12.20%,$0.49B,$-0.05B,-9.96%,$0.49B,$-0.06B,-12.60%,$0.49B,$-0.06B,-12.60%,$-0.06B,$0.14B,-41.47%,$-0.06B,$0.02B,-185.07%,$-0.06B,$0.27B,-20.41%,$-0.06B,$0.14B,-40.13%,$99,$57,$42,$26,$29,$111,$-11,$-1,$-12,$0,$-12,$-12,$-12,$-8,$-11,$52,52,$-0.23,$-0.23,$43,$27,$0,$138,$15,$0,$116,$2,$133,$271,$111,$0,$1,$22,$133,$1,$-677,$0,$138,$271,$-12,$3,$-4,$-1,$25,$2,$-18,$-2,$7,$-6,$-2,$0,$10,$0,$0,$0,$0,$8,$0,$0,$0,$0,$0,$0,$-0,$0,$3,$3,$0
3,2017-12-31,5.95,$2.81,2.11,$10.20,0.58,$-3.15,0.0,$-1.65,0.0,$0.16B,$0.13B,1.27,$0.00B,$0.15B,0.0,$0.51B,$0.17B,33.86%,$0.51B,$-0.08B,-16.05%,$0.51B,$-0.08B,-16.05%,$0.51B,$-0.07B,-13.89%,$0.51B,$-0.08B,-16.24%,$0.51B,$-0.08B,-16.24%,$-0.08B,$0.15B,-51.71%,$-0.08B,$0.03B,-186.52%,$-0.08B,$0.30B,-25.66%,$-0.08B,$0.15B,-51.09%,$138,$87,$51,$28,$33,$151,$-13,$0,$-13,$0,$-13,$-13,$-13,$-10,$-13,$50,50,$-0.26,$-0.26,$40,$32,$0,$162,$16,$0,$116,$1,$133,$295,$128,$0,$1,$22,$150,$1,$-667,$-0,$145,$295,$-83,$11,$13,$24,$-29,$13,$12,$21,$-3,$-63,$-8,$0,$0,$28,$0,$28,$0,$20,$0,$30,$30,$5,$5,$0,$-3,$32,$-11,$12,$0
4,2017-09-30,5.05,$2.98,1.69,$10.16,0.5,$-1.44,0.0,$-1.63,0.0,$0.19B,$0.15B,1.26,$0.00B,$0.15B,0.0,$0.51B,$0.17B,34.46%,$0.51B,$-0.08B,-16.04%,$0.51B,$-0.08B,-16.04%,$0.51B,$-0.07B,-13.86%,$0.51B,$-0.08B,-16.24%,$0.51B,$-0.08B,-16.04%,$-0.08B,$0.15B,-45.63%,$-0.08B,$0.03B,-131.71%,$-0.08B,$0.32B,-23.93%,$-0.08B,$0.15B,-45.63%,$129,$84,$45,$33,$29,$146,$-17,$-0,$-18,$0,$-18,$-18,$-18,$-15,$-17,$50,50,$-0.35,$-0.35,$71,$36,$0,$186,$17,$0,$116,$1,$134,$320,$147,$0,$1,$22,$169,$1,$-654,$-0,$150,$320,$-70,$8,$9,$18,$7,$8,$6,$13,$24,$-29,$-7,$0,$0,$21,$0,$21,$0,$14,$0,$30,$30,$1,$1,$0,$-3,$28,$14,$9,$0
5,2017-06-30,6.85,$3.29,2.08,$10.06,0.68,$-0.74,0.0,$-1.27,0.0,$0.19B,$0.14B,1.37,$0.00B,$0.17B,0.0,$0.50B,$0.18B,36.82%,$0.50B,$-0.06B,-12.68%,$0.50B,$-0.06B,-12.68%,$0.50B,$-0.05B,-10.26%,$0.50B,$-0.06B,-12.68%,$0.50B,$-0.06B,-12.47%,$-0.06B,$0.17B,-31.84%,$-0.06B,$0.05B,-79.23%,$-0.06B,$0.33B,-18.26%,$-0.06B,$0.17B,-32.35%,$126,$83,$43,$33,$28,$145,$-19,$-0,$-19,$0,$-19,$-19,$-19,$-16,$-19,$50,50,$-0.38,$-0.38,$50,$40,$0,$194,$18,$0,$116,$1,$135,$329,$142,$0,$1,$22,$164,$1,$-637,$-0,$165,$329,$-52,$6,$6,$12,$-2,$5,$4,$9,$19,$-21,$-5,$0,$0,$15,$0,$15,$0,$10,$0,$0,$0,$1,$1,$0,$-3,$-2,$-13,$6,$0
6,2017-03-31,7.25,$3.67,1.98,$9.76,0.74,$-0.17,0.0,$-1.01,0.0,$0.22B,$0.15B,1.47,$0.00B,$0.18B,0.0,$0.48B,$0.19B,39.75%,$0.48B,$-0.05B,-10.46%,$0.48B,$-0.05B,-10.46%,$0.48B,$-0.04B,-7.95%,$0.48B,$-0.05B,-10.46%,$0.48B,$-0.05B,-10.25%,$-0.05B,$0.18B,-23.67%,$-0.05B,$0.07B,-54.60%,$-0.05B,$0.35B,-14.70%,$-0.05B,$0.18B,-24.15%,$118,$83,$34,$34,$33,$150,$-33,$0,$-33,$1,$-33,$-33,$-33,$-30,$-33,$50,50,$-0.67,$-0.67,$52,$47,$0,$215,$18,$0,$116,$1,$135,$350,$146,$0,$1,$22,$168,$1,$-618,$-1,$182,$350,$-33,$3,$4,$7,$-13,$-2,$0,$10,$3,$-23,$-2,$0,$0,$3,$0,$3,$0,$0,$0,$0,$0,$0,$0,$0,$-1,$-1,$-24,$4,$0
7,2016-12-31,7.7,$4.31,1.79,$9.41,0.82,$0.42,18.19,$-0.56,0.0,$0.22B,$0.12B,1.81,$0.00B,$0.21B,0.0,$0.46B,$0.20B,43.89%,$0.46B,$-0.03B,-6.11%,$0.46B,$-0.03B,-6.11%,$0.46B,$-0.01B,-2.84%,$0.46B,$-0.03B,-6.11%,$0.46B,$-0.03B,-5.90%,$-0.03B,$0.21B,-12.54%,$-0.03B,$0.10B,-27.84%,$-0.03B,$0.36B,-8.42%,$-0.03B,$0.21B,-13.01%,$132,$80,$52,$31,$33,$144,$-12,$1,$-12,$-0,$-11,$-11,$-11,$-9,$-12,$49,49,$-0.23,$-0.23,$78,$45,$0,$219,$18,$0,$116,$2,$136,$355,$121,$0,$1,$21,$143,$1,$-584,$-1,$213,$355,$-27,$15,$14,$29,$-4,$3,$4,$-15,$23,$24,$-10,$0,$0,$22,$0,$22,$0,$12,$0,$0,$0,$-7,$-7,$0,$-2,$-9,$27,$14,$0
8,2016-09-30,7.35,$4.48,1.64,$8.74,0.84,$-0.12,0.0,$-0.52,0.0,$0.19B,$0.09B,2.24,$0.00B,$0.22B,0.0,$0.43B,$0.20B,45.48%,$0.43B,$-0.03B,-6.03%,$0.43B,$-0.03B,-6.03%,$0.43B,$-0.01B,-1.39%,$0.43B,$-0.03B,-5.80%,$0.43B,$-0.03B,-6.03%,$-0.03B,$0.22B,-11.76%,$-0.03B,$0.10B,-25.74%,$-0.03B,$0.32B,-8.31%,$-0.03B,$0.22B,-11.76%,$121,$68,$54,$28,$29,$120,$1,$0,$1,$0,$1,$1,$1,$4,$1,$49,49,$0.01,$0.01,$61,$40,$0,$189,$16,$0,$118,$1,$135,$324,$85,$0,$1,$21,$105,$1,$-573,$-0,$219,$324,$-16,$12,$10,$22,$-10,$7,$-0,$-12,$-1,$5,$-5,$0,$0,$20,$0,$20,$0,$15,$0,$0,$0,$-10,$-10,$0,$-2,$-12,$8,$10,$0
9,2016-06-30,6.91,$4.38,1.58,$8.44,0.82,$-0.26,0.0,$-0.51,0.0,$0.17B,$0.07B,2.41,$0.00B,$0.21B,0.0,$0.42B,$0.20B,46.21%,$0.42B,$-0.03B,-6.16%,$0.42B,$-0.03B,-6.16%,$0.42B,$-0.00B,-0.47%,$0.42B,$-0.03B,-5.92%,$0.42B,$-0.03B,-6.16%,$-0.03B,$0.21B,-11.28%,$-0.03B,$0.10B,-24.07%,$-0.03B,$0.30B,-8.18%,$-0.03B,$0.21B,-11.28%,$107,$57,$50,$25,$31,$113,$-6,$0,$-6,$0,$-6,$-6,$-6,$-3,$-6,$48,48,$-0.12,$-0.12,$64,$41,$0,$169,$16,$0,$119,$1,$135,$304,$70,$0,$1,$21,$91,$1,$-573,$-0,$214,$304,$-17,$9,$6,$14,$-2,$7,$-6,$-0,$8,$5,$-3,$0,$0,$12,$0,$12,$0,$9,$0,$0,$0,$-10,$-10,$0,$-2,$-11,$2,$6,$0
10,2016-03-31,7.09,$4.50,1.58,$8.13,0.87,$-0.50,0.0,$-0.50,0.0,$0.16B,$0.07B,2.52,$0.00B,$0.22B,0.0,$0.41B,$0.19B,46.62%,$0.41B,$-0.03B,-6.28%,$0.41B,$-0.03B,-6.28%,$0.41B,$0.00B,0.72%,$0.41B,$-0.03B,-6.04%,$0.41B,$-0.03B,-6.28%,$-0.03B,$0.22B,-10.72%,$-0.03B,$0.10B,-22.32%,$-0.03B,$0.30B,-7.91%,$-0.03B,$0.22B,-10.72%,$98,$53,$45,$23,$32,$109,$-11,$0,$-11,$0,$-11,$-11,$-11,$-5,$-11,$49,49,$-0.22,$-0.22,$64,$41,$0,$163,$17,$0,$119,$1,$137,$300,$65,$0,$1,$21,$86,$1,$-568,$-0,$215,$300,$-11,$5,$3,$8,$3,$7,$-8,$-2,$8,$5,$-1,$0,$0,$7,$0,$7,$0,$6,$0,$0,$0,$-13,$-13,$0,$-0,$-13,$-2,$3,$0
11,2015-12-31,7.87,$4.76,1.65,$7.87,1.0,$-0.84,0.0,$-0.51,0.0,$0.18B,$0.07B,2.72,$0.00B,$0.24B,0.0,$0.41B,$0.19B,46.68%,$0.41B,$-0.03B,-6.63%,$0.41B,$-0.03B,-6.63%,$0.41B,$0.00B,0.98%,$0.41B,$-0.03B,-6.39%,$0.41B,$-0.03B,-6.63%,$-0.03B,$0.24B,-10.60%,$-0.03B,$0.11B,-21.64%,$-0.03B,$0.32B,-7.93%,$-0.03B,$0.24B,-10.60%,$105,$58,$47,$23,$31,$115,$-10,$0,$-9,$0,$-10,$-10,$-10,$-2,$-10,$51,51,$-0.19,$-0.19,$74,$48,$0,$183,$17,$0,$123,$1,$141,$324,$67,$0,$1,$21,$88,$1,$-557,$-0,$236,$324,$-26,$30,$14,$44,$-16,$-1,$-4,$3,$-23,$-5,$-7,$0,$0,$12,$0,$12,$0,$5,$0,$-0,$-0,$-22,$-22,$0,$-2,$-24,$-25,$14,$0
12,2015-09-30,7.79,$5.01,1.55,$8.02,0.97,$-0.08,0.0,$-0.35,0.0,$0.20B,$0.07B,2.97,$0.00B,$0.26B,0.0,$0.41B,$0.19B,46.86%,$0.41B,$-0.02B,-4.83%,$0.41B,$-0.02B,-4.83%,$0.41B,$0.01B,2.66%,$0.41B,$-0.02B,-4.83%,$0.41B,$-0.02B,-4.83%,$-0.02B,$0.26B,-7.58%,$-0.02B,$0.13B,-15.47%,$-0.02B,$0.34B,-5.68%,$-0.02B,$0.26B,-7.58%,$112,$59,$53,$22,$28,$111,$1,$0,$1,$0,$1,$1,$1,$8,$1,$52,52,$0.02,$0.02,$94,$44,$0,$197,$18,$0,$127,$1,$147,$344,$66,$0,$2,$21,$88,$1,$-547,$-0,$257,$344,$-17,$22,$11,$33,$-17,$3,$-7,$5,$-17,$-1,$-6,$0,$0,$5,$0,$5,$0,$-1,$0,$0,$0,$-8,$-8,$0,$-2,$-10,$-13,$11,$0
13,2015-06-30,7.61,$5.02,1.52,$7.94,0.96,$0.15,50.26,$-0.45,0.0,$0.20B,$0.06B,3.04,$0.00B,$0.26B,0.0,$0.41B,$0.19B,45.59%,$0.41B,$-0.03B,-6.13%,$0.41B,$-0.03B,-6.13%,$0.41B,$0.01B,1.47%,$0.41B,$-0.03B,-6.13%,$0.41B,$-0.03B,-6.13%,$-0.03B,$0.26B,-9.36%,$-0.03B,$0.13B,-19.57%,$-0.03B,$0.35B,-7.02%,$-0.03B,$0.26B,-9.36%,$99,$51,$48,$23,$29,$105,$-6,$0,$-6,$0,$-6,$-6,$-6,$2,$-6,$52,52,$-0.11,$-0.11,$99,$41,$0,$195,$19,$0,$132,$1,$152,$347,$64,$0,$2,$21,$85,$1,$-548,$0,$262,$347,$-18,$15,$8,$23,$-11,$6,$-5,$1,$-12,$-7,$-4,$0,$0,$3,$0,$3,$0,$-1,$0,$0,$0,$0,$0,$0,$-2,$-1,$-9,$8,$0
14,2015-03-31,8.39,$5.10,1.64,$7.97,1.05,$0.25,33.07,$-0.42,0.0,$0.19B,$0.06B,3.1,$0.00B,$0.26B,0.0,$0.41B,$0.18B,44.72%,$0.41B,$-0.02B,-5.65%,$0.41B,$-0.02B,-5.65%,$0.41B,$0.01B,1.72%,$0.41B,$-0.02B,-5.65%,$0.41B,$-0.02B,-5.65%,$-0.02B,$0.26B,-8.56%,$-0.02B,$0.13B,-18.36%,$-0.02B,$0.35B,-6.39%,$-0.02B,$0.26B,-8.56%,$91,$49,$42,$22,$30,$103,$-12,$0,$-12,$0,$-12,$-12,$-12,$-4,$-12,$52,52,$-0.23,$-0.23,$98,$41,$0,$190,$19,$0,$137,$1,$157,$347,$61,$0,$2,$22,$83,$1,$-543,$0,$264,$347,$-12,$7,$4,$11,$-8,$6,$-11,$2,$-11,$-12,$-2,$0,$0,$-6,$0,$-6,$0,$-7,$0,$0,$0,$1,$1,$0,$-1,$0,$-19,$4,$0
15,2014-12-31,10.02,$5.28,1.9,$7.91,1.27,$0.38,26.69,$-0.39,0.0,$0.21B,$0.08B,2.74,$0.00B,$0.27B,0.0,$0.40B,$0.18B,44.03%,$0.40B,$-0.02B,-5.22%,$0.40B,$-0.02B,-5.22%,$0.40B,$0.01B,1.99%,$0.40B,$-0.02B,-5.22%,$0.40B,$-0.02B,-5.22%,$-0.02B,$0.27B,-7.79%,$-0.02B,$0.13B,-17.32%,$-0.02B,$0.37B,-5.78%,$-0.02B,$0.27B,-7.79%,$112,$60,$51,$21,$31,$114,$-3,$0,$-3,$0,$-3,$-3,$-3,$5,$-3,$51,51,$-0.05,$-0.05,$112,$47,$0,$207,$20,$0,$141,$1,$163,$370,$76,$0,$2,$22,$98,$1,$-531,$0,$273,$370,$-21,$28,$16,$44,$13,$4,$0,$-11,$14,$38,$-12,$0,$0,$-63,$0,$-63,$0,$-75,$0,$0,$0,$6,$6,$0,$-3,$4,$-34,$16,$0
16,2014-09-30,9.57,$5.25,1.82,$7.62,1.26,$0.55,17.53,$-0.49,0.0,$0.19B,$0.07B,2.71,$0.00B,$0.27B,0.0,$0.38B,$0.17B,43.23%,$0.38B,$-0.03B,-6.77%,$0.38B,$-0.03B,-6.77%,$0.38B,$0.00B,0.52%,$0.38B,$-0.02B,-6.25%,$0.38B,$-0.02B,-6.25%,$-0.02B,$0.27B,-8.90%,$-0.02B,$0.12B,-20.51%,$-0.02B,$0.36B,-6.54%,$-0.03B,$0.27B,-9.64%,$106,$61,$45,$20,$26,$110,$-4,$0,$-4,$0,$-4,$-4,$-4,$3,$-4,$51,51,$-0.08,$-0.08,$88,$44,$0,$193,$20,$0,$146,$1,$168,$360,$71,$0,$2,$21,$91,$1,$-528,$0,$269,$360,$-18,$21,$12,$33,$1,$7,$-10,$-4,$-1,$15,$-9,$0,$0,$-49,$0,$-49,$0,$-58,$0,$0,$0,$3,$3,$0,$-3,$0,$-43,$12,$0
17,2014-06-30,8.18,$5.29,1.55,$7.57,1.08,$1.06,7.72,$-0.40,0.0,$0.19B,$0.07B,2.62,$0.00B,$0.27B,0.0,$0.38B,$0.17B,43.98%,$0.38B,$-0.02B,-5.76%,$0.38B,$-0.02B,-5.76%,$0.38B,$0.01B,1.57%,$0.38B,$-0.02B,-5.24%,$0.38B,$-0.02B,-4.97%,$-0.02B,$0.27B,-7.01%,$-0.02B,$0.12B,-16.70%,$-0.02B,$0.36B,-5.07%,$-0.02B,$0.27B,-8.12%,$98,$54,$44,$20,$26,$102,$-4,$0,$-4,$0,$-4,$-4,$-4,$3,$-4,$51,51,$-0.08,$-0.08,$79,$46,$0,$193,$17,$0,$151,$2,$169,$363,$74,$0,$1,$20,$93,$1,$-524,$0,$269,$363,$-14,$14,$8,$22,$-4,$5,$-10,$-2,$-9,$-1,$-4,$0,$0,$-47,$0,$-47,$0,$-51,$0,$0,$0,$3,$3,$0,$-1,$1,$-50,$8,$0
18,2014-03-31,8.43,$5.31,1.59,$7.56,1.12,$1.56,5.4,$-0.42,0.0,$0.19B,$0.07B,2.52,$0.00B,$0.27B,0.0,$0.38B,$0.17B,44.18%,$0.38B,$-0.02B,-6.08%,$0.38B,$-0.02B,-6.08%,$0.38B,$0.01B,1.32%,$0.38B,$-0.02B,-5.56%,$0.38B,$-0.02B,-5.29%,$-0.02B,$0.27B,-7.37%,$-0.02B,$0.11B,-18.31%,$-0.02B,$0.36B,-5.22%,$-0.02B,$0.27B,-8.48%,$86,$49,$37,$20,$25,$96,$-10,$-0,$-10,$0,$-10,$-10,$-10,$-3,$-10,$50,50,$-0.20,$-0.20,$75,$45,$0,$187,$17,$0,$155,$2,$174,$361,$74,$0,$1,$20,$94,$1,$-520,$0,$267,$361,$-10,$7,$4,$11,$-1,$6,$-12,$-2,$-6,$-5,$-2,$0,$0,$0,$0,$0,$0,$-2,$0,$0,$0,$0,$0,$0,$-0,$-0,$-8,$4,$0
19,2013-12-31,9.64,$5.45,1.77,$7.70,1.25,$1.75,5.5,$-0.35,0.0,$0.20B,$0.09B,2.27,$0.00B,$0.27B,0.0,$0.38B,$0.17B,44.65%,$0.38B,$-0.02B,-4.96%,$0.38B,$-0.02B,-4.96%,$0.38B,$0.01B,2.61%,$0.38B,$-0.02B,-4.44%,$0.38B,$-0.02B,-4.18%,$-0.02B,$0.27B,-5.89%,$-0.02B,$0.11B,-15.27%,$-0.02B,$0.38B,-4.11%,$-0.02B,$0.27B,-7.00%,$94,$54,$40,$19,$26,$102,$-8,$2,$-6,$-0,$-6,$-6,$-6,$-1,$-8,$49,49,$-0.13,$-0.13,$83,$51,$0,$204,$17,$0,$160,$2,$179,$384,$90,$0,$1,$20,$110,$1,$-510,$0,$274,$384,$-17,$29,$19,$48,$16,$-6,$6,$-2,$11,$41,$-7,$0,$0,$0,$0,$0,$0,$-7,$0,$0,$0,$6,$6,$0,$-4,$2,$36,$20,$0
20,2013-09-30,12.73,$5.51,2.31,$7.70,1.65,$1.43,8.9,$-0.36,0.0,$0.21B,$0.10B,2.11,$0.00B,$0.27B,0.0,$0.38B,$0.17B,44.21%,$0.38B,$-0.02B,-5.00%,$0.38B,$-0.02B,-5.00%,$0.38B,$0.01B,2.63%,$0.38B,$-0.02B,-4.74%,$0.38B,$-0.02B,-4.47%,$-0.02B,$0.27B,-6.29%,$-0.02B,$0.11B,-17.17%,$-0.02B,$0.39B,-4.38%,$-0.02B,$0.27B,-7.03%,$104,$56,$47,$20,$25,$104,$-0,$-0,$-0,$-1,$1,$1,$1,$7,$-0,$50,51,$0.01,$0.01,$80,$39,$0,$207,$18,$0,$165,$2,$185,$392,$98,$0,$1,$20,$118,$1,$-503,$0,$274,$392,$-11,$22,$16,$37,$5,$4,$1,$1,$10,$37,$-5,$0,$0,$0,$0,$0,$0,$-5,$0,$0,$0,$3,$3,$0,$-2,$1,$32,$15,$0
21,2013-06-30,10.1,$5.45,1.85,$7.35,1.37,$1.17,8.65,$-0.52,0.0,$0.21B,$0.11B,1.93,$0.00B,$0.27B,0.0,$0.36B,$0.16B,43.42%,$0.36B,$-0.03B,-7.28%,$0.36B,$-0.03B,-7.28%,$0.36B,$0.00B,0.84%,$0.36B,$-0.03B,-7.00%,$0.36B,$-0.03B,-7.00%,$-0.03B,$0.27B,-9.29%,$-0.03B,$0.10B,-26.81%,$-0.03B,$0.40B,-6.55%,$-0.03B,$0.27B,-9.66%,$94,$52,$43,$20,$25,$99,$-5,$-0,$-5,$0,$-5,$-5,$-5,$2,$-5,$49,49,$-0.10,$-0.10,$69,$37,$0,$207,$19,$0,$169,$2,$189,$396,$107,$0,$1,$19,$126,$1,$-504,$0,$270,$396,$-11,$15,$11,$25,$-3,$6,$-0,$6,$9,$23,$-3,$0,$0,$0,$0,$0,$0,$-3,$0,$0,$0,$3,$3,$0,$-0,$2,$22,$10,$0
22,2013-03-31,8.15,$5.47,1.49,$7.08,1.15,$1.01,8.08,$-0.57,0.0,$0.19B,$0.10B,1.93,$0.00B,$0.27B,0.0,$0.34B,$0.15B,42.40%,$0.34B,$-0.03B,-8.19%,$0.34B,$-0.03B,-8.19%,$0.34B,$0.00B,0.29%,$0.34B,$-0.03B,-7.89%,$0.34B,$-0.03B,-7.89%,$-0.03B,$0.27B,-9.99%,$-0.03B,$0.09B,-30.17%,$-0.03B,$0.39B,-7.20%,$-0.03B,$0.27B,-10.36%,$91,$49,$41,$20,$24,$96,$-6,$-0,$-6,$0,$-6,$-6,$-6,$2,$-6,$49,49,$-0.13,$-0.13,$48,$39,$0,$190,$19,$0,$174,$2,$195,$385,$99,$0,$2,$18,$117,$1,$-499,$0,$268,$385,$-6,$7,$5,$13,$-11,$4,$-3,$6,$-4,$2,$0,$0,$-1,$0,$0,$0,$0,$-1,$0,$0,$0,$0,$0,$0,$0,$0,$1,$5,$0
23,2012-12-31,7.69,$5.50,1.4,$6.87,1.12,$1.18,6.52,$-0.60,0.0,$0.18B,$0.09B,1.91,$0.00B,$0.27B,0.0,$0.33B,$0.14B,41.82%,$0.33B,$-0.03B,-8.79%,$0.33B,$-0.03B,-8.79%,$0.33B,$-0.00B,-0.91%,$0.33B,$-0.03B,-8.48%,$0.33B,$-0.03B,-8.79%,$-0.03B,$0.27B,-10.67%,$-0.03B,$0.09B,-33.53%,$-0.03B,$0.38B,-7.87%,$-0.03B,$0.27B,-10.67%,$91,$54,$37,$17,$24,$99,$-8,$1,$-7,$-0,$-7,$-7,$-7,$-1,$-8,$48,48,$-0.13,$-0.13,$47,$43,$0,$177,$21,$0,$178,$2,$201,$378,$92,$0,$1,$17,$109,$1,$-493,$0,$269,$378,$-28,$26,$17,$43,$-13,$11,$3,$13,$13,$28,$-10,$0,$-12,$0,$0,$0,$0,$-22,$0,$0,$0,$4,$4,$0,$-2,$3,$8,$17,$0
24,2012-09-30,6.4,$5.58,1.15,$6.98,0.92,$0.97,6.57,$-0.57,0.0,$0.17B,$0.08B,2.04,$0.00B,$0.27B,0.0,$0.33B,$0.14B,41.69%,$0.33B,$-0.03B,-7.85%,$0.33B,$-0.03B,-7.85%,$0.33B,$-0.00B,-0.30%,$0.33B,$-0.03B,-7.85%,$0.33B,$-0.03B,-8.16%,$-0.03B,$0.27B,-9.86%,$-0.03B,$0.09B,-32.14%,$-0.03B,$0.37B,-7.43%,$-0.03B,$0.27B,-9.50%,$81,$48,$34,$16,$22,$88,$-7,$-0,$-7,$0,$-7,$-7,$-7,$-0,$-7,$48,48,$-0.15,$-0.15,$57,$30,$0,$165,$17,$0,$183,$2,$202,$368,$81,$0,$1,$16,$97,$1,$-486,$0,$270,$368,$-22,$19,$13,$33,$-9,$15,$2,$8,$14,$25,$-8,$0,$0,$0,$0,$0,$0,$-8,$0,$0,$0,$2,$2,$0,$-1,$2,$18,$13,$0
25,2012-06-30,8.22,$5.68,1.45,$7.07,1.16,$0.68,12.14,$-0.57,0.0,$0.16B,$0.08B,2.05,$0.00B,$0.27B,0.0,$0.33B,$0.14B,40.72%,$0.33B,$-0.03B,-7.78%,$0.33B,$-0.03B,-7.78%,$0.33B,0,0.00%,$0.33B,$-0.03B,-7.78%,$0.33B,$-0.03B,-8.08%,$-0.03B,$0.27B,-9.81%,$-0.03B,$0.09B,-33.23%,$-0.03B,$0.37B,-7.46%,$-0.03B,$0.27B,-9.45%,$79,$46,$33,$16,$21,$86,$-7,$-0,$-7,$0,$-7,$-7,$-7,$-0,$-7,$48,48,$-0.15,$-0.15,$53,$33,$0,$160,$18,$0,$188,$2,$208,$368,$78,$0,$1,$16,$94,$1,$-479,$0,$274,$368,$-15,$13,$9,$21,$-9,$11,$6,$5,$11,$18,$-6,$0,$0,$0,$0,$0,$0,$-6,$0,$0,$0,$2,$2,$0,$-0,$2,$14,$9,$0
26,2012-03-31,8.53,$5.73,1.49,$7.56,1.13,$0.35,24.17,$-0.80,0.0,$0.15B,$0.07B,2.13,$0.00B,$0.27B,0.0,$0.35B,$0.13B,37.68%,$0.35B,$-0.04B,-10.48%,$0.35B,$-0.04B,-10.48%,$0.35B,$-0.01B,-2.55%,$0.35B,$-0.04B,-10.48%,$0.35B,$-0.04B,-10.76%,$-0.04B,$0.27B,-13.72%,$-0.04B,$0.08B,-48.41%,$-0.04B,$0.36B,-10.50%,$-0.04B,$0.27B,-13.36%,$79,$45,$34,$17,$22,$86,$-7,$-0,$-7,$0,$-8,$-8,$-8,$-2,$-7,$48,48,$-0.16,$-0.16,$50,$37,$0,$148,$17,$0,$192,$2,$212,$360,$70,$0,$1,$16,$86,$1,$-472,$0,$274,$360,$-8,$6,$4,$10,$-1,$8,$-0,$5,$11,$14,$-3,$0,$0,$0,$0,$0,$0,$-3,$0,$0,$0,$0,$0,$0,$0,$0,$11,$4,$0
27,2011-12-31,6.47,$5.80,1.12,$7.65,0.85,$0.16,41.21,$-1.19,0.0,$0.14B,$0.07B,2.18,$0.00B,$0.28B,0.0,$0.35B,$0.12B,34.49%,$0.35B,$-0.05B,-15.36%,$0.35B,$-0.05B,-15.36%,$0.35B,$-0.03B,-7.54%,$0.35B,$-0.05B,-15.36%,$0.35B,$-0.05B,-15.36%,$-0.05B,$0.28B,-18.69%,$-0.05B,$0.08B,-66.67%,$-0.05B,$0.36B,-14.33%,$-0.05B,$0.28B,-18.69%,$92,$55,$37,$17,$22,$97,$-5,$-0,$-5,$0,$-5,$-5,$-5,$1,$-5,$46,46,$-0.07,$-0.07,$40,$45,$0,$144,$16,$0,$196,$2,$215,$358,$66,$0,$2,$15,$81,$1,$-464,$0,$277,$358,$-53,$26,$24,$50,$14,$9,$-8,$3,$17,$15,$-7,$0,$-61,$32,$0,$32,$0,$-36,$0,$0,$0,$5,$5,$0,$-10,$-6,$-27,$22,$0
28,2011-09-30,7.8,$5.84,1.33,$8.72,0.89,$0.12,66.21,$-1.10,0.0,$0.14B,$0.07B,1.99,$0.00B,$0.28B,0.0,$0.35B,$0.12B,35.07%,$0.35B,$-0.05B,-14.20%,$0.35B,$-0.05B,-14.20%,$0.35B,$-0.03B,-7.25%,$0.35B,$-0.05B,-14.20%,$0.35B,$-0.05B,-14.20%,$-0.05B,$0.28B,-18.63%,$-0.05B,$0.08B,-53.55%,$-0.05B,$0.36B,-14.21%,$-0.05B,$0.28B,-18.63%,$84,$52,$32,$17,$18,$91,$-7,$-0,$-7,$0,$-7,$-7,$-7,$1,$-7,$47,47,$-0.15,$-0.15,$33,$44,$0,$141,$17,$0,$201,$2,$220,$361,$71,$0,$2,$14,$85,$1,$-459,$0,$276,$361,$-47,$20,$20,$39,$12,$10,$-10,$2,$17,$9,$-6,$0,$-61,$30,$0,$30,$0,$-37,$0,$0,$0,$3,$3,$0,$-10,$-8,$-36,$17,$0
29,2011-06-30,20.82,$6.01,3.46,$8.96,2.32,$0.18,112.72,$-1.09,0.0,$0.14B,$0.07B,1.92,$0.00B,$0.28B,0.0,$0.34B,$0.12B,35.12%,$0.34B,$-0.05B,-13.99%,$0.34B,$-0.05B,-13.99%,$0.34B,$-0.03B,-8.33%,$0.34B,$-0.05B,-13.99%,$0.34B,$-0.05B,-13.99%,$-0.05B,$0.28B,-19.30%,$-0.05B,$0.08B,-44.76%,$-0.05B,$0.37B,-14.69%,$-0.05B,$0.28B,-19.30%,$98,$68,$30,$19,$21,$115,$-18,$0,$-18,$0,$-18,$-18,$-18,$-9,$-18,$46,46,$-0.38,$-0.38,$29,$38,$0,$141,$18,$0,$206,$2,$227,$368,$74,$0,$2,$14,$87,$1,$-452,$0,$281,$368,$-40,$12,$15,$27,$2,$15,$-11,$5,$14,$1,$-5,$0,$-61,$23,$0,$23,$0,$-42,$0,$0,$0,$3,$3,$0,$-9,$-6,$-48,$13,$0
30,2011-03-31,20.31,$6.63,3.06,$8.76,2.32,$0.18,113.46,$-0.80,0.0,$0.16B,$0.08B,1.98,$0.00B,$0.30B,0.0,$0.31B,$0.12B,37.42%,$0.31B,$-0.03B,-10.00%,$0.31B,$-0.03B,-10.00%,$0.31B,$-0.02B,-5.81%,$0.31B,$-0.03B,-10.32%,$0.31B,$-0.03B,-10.32%,$-0.03B,$0.30B,-14.40%,$-0.03B,$0.09B,-27.18%,$-0.03B,$0.39B,-10.88%,$-0.03B,$0.30B,-13.95%,$71,$51,$20,$15,$21,$94,$-23,$0,$-23,$0,$-23,$-23,$-23,$-19,$-23,$41,41,$-0.55,$-0.55,$40,$49,$0,$156,$19,$0,$215,$2,$236,$392,$79,$0,$2,$13,$92,$1,$-434,$0,$300,$392,$-23,$4,$8,$12,$4,$4,$-6,$3,$13,$3,$-2,$0,$-61,$23,$0,$23,$0,$-40,$0,$0,$0,$0,$0,$0,$0,$0,$-37,$8,$0
31,2010-12-31,16.9,$5.05,3.35,$17.80,0.95,$0.95,17.7,$-0.57,0.0,$0.18B,$0.05B,3.52,$0.00B,$0.20B,0.0,$0.29B,$0.11B,39.37%,$0.29B,$-0.02B,-5.92%,$0.29B,$-0.02B,-5.92%,$0.29B,$-0.01B,-1.74%,$0.29B,$-0.02B,-6.27%,$0.29B,$-0.02B,-6.62%,$-0.02B,$0.20B,-9.88%,$-0.02B,$0.13B,-15.35%,$-0.02B,$0.26B,-7.20%,$-0.02B,$0.20B,-8.67%,$92,$53,$39,$16,$22,$93,$-1,$0,$-1,$-0,$-1,$-1,$-1,$2,$-1,$30,30,$1.85,$1.85,$98,$25,$0,$177,$12,$0,$66,$2,$80,$258,$50,$0,$1,$12,$62,$1,$-412,$0,$195,$258,$-19,$12,$26,$38,$4,$-6,$-4,$-1,$-10,$9,$-6,$0,$0,$3,$0,$3,$0,$-2,$-20,$0,$-20,$58,$58,$0,$-10,$28,$34,$26,$0
