,Date,Stock Price,Book Value per Share,Price to Book Ratio,TTM Sales per Share,Price to Sales Ratio,TTM FCF per Share,Price to FCF Ratio,TTM Net EPS,PE Ratio,Current Assets,Current Liabilities,Current Ratio,Long Term Debt,Shareholder's Equity_x,Debt to Equity Ratio,TTM Revenue_x,TTM Gross Profit,Gross Margin,TTM Revenue_y,TTM Operating Income,Operating Margin,TTM Revenue_x,TTM EBIT,EBIT Margin,TTM Revenue_y,TTM EBITDA,EBITDA Margin,TTM Revenue_x,TTM Pre-Tax Income,Pre-Tax Margin,TTM Revenue_y,TTM Net Income_x,Net Margin,TTM Net Income_y,Shareholder's Equity_y,Return on Equity,TTM Net Income_x,Tangible Equity,Return on Tangible Equity,TTM Net Income_y,Total Assets,Return on Assets,TTM Net Income,LT Investments & Debt,Return on Investment,revenue,cost-goods-sold,gross-profit,research-development-expenses,selling-general-administrative-expenses,operating-expenses,operating-income,total-non-operating-income-expense,pre-tax-income,total-provision-income-taxes,income-after-taxes,income-from-continuous-operations,net-income,ebitda,ebit,basic-shares-outstanding,shares-outstanding,eps-basic-net-earnings-per-share,eps-earnings-per-share-diluted,cash-on-hand,inventory,other-current-assets,total-current-assets,net-property-plant-equipment,long-term-investments,goodwill-intangible-assets-total,other-long-term-assets,total-long-term-assets,total-assets,total-current-liabilities,long-term-debt,other-non-current-liabilities,total-long-term-liabilities,total-liabilities,common-stock-net,retained-earnings-accumulated-deficit,comprehensive-income,total-share-holder-equity,total-liabilities-share-holders-equity,net-income-loss,total-depreciation-amortization-cash-flow,other-non-cash-items,total-non-cash-items,change-in-accounts-receivable,change-in-inventories,change-in-accounts-payable,change-in-assets-liabilities,total-change-in-assets-liabilities,cash-flow-from-operating-activities,net-change-in-property-plant-equipment,net-change-in-intangible-assets,net-acquisitions-divestitures,net-change-in-short-term-investments,net-change-in-long-term-investments,net-change-in-investments-total,investing-activities-other,cash-flow-from-investing-activities,net-long-term-debt,net-current-debt,debt-issuance-retirement-net-total,net-common-equity-issued-repurchased,net-total-equity-issued-repurchased,total-common-preferred-stock-dividends-paid,financial-activities-other,cash-flow-from-financial-activities,net-cash-flow,stock-based-compensation,common-stock-dividends-paid
0,2018-09-30,8.57,$2.60,3.29,$3.17,2.7,$-0.01,0.0,$0.44,19.48,$0.11B,$0.03B,3.2,$0.00B,$0.10B,0.0,$0.12B,$0.06B,48.70%,$0.12B,$0.02B,16.52%,$0.12B,$0.02B,16.52%,$0.12B,$0.02B,16.52%,$0.12B,$0.02B,16.52%,$0.12B,$0.02B,13.91%,$0.02B,$0.10B,18.03%,$0.02B,$0.09B,18.08%,$0.02B,$0.13B,13.31%,$0.02B,$0.10B,21.41%,$32,$16,$16,$4,$7,$27,$6,$0,$6,$1,$5,$5,$5,$6,$6,$36,37,$0.14,$0.14,$48,$26,$4,$108,$16,$0,$1,$0,$21,$130,$34,$0,$0,$1,$35,$0,$16,$0,$95,$130,$0,$0,$0,$0,$0,$0,$0,$0,$0,$0,$0,$0,$0,$0,$0,$0,$0,$0,$0,$0,$0,$0,$0,$0,$0,$0,$0,$0,$0
1,2018-06-30,7.35,$2.45,3.01,$2.95,2.49,$-0.01,0.0,$0.62,11.85,$0.10B,$0.03B,3.15,$0.00B,$0.09B,0.0,$0.11B,$0.05B,48.60%,$0.11B,$0.02B,14.95%,$0.11B,$0.02B,14.95%,$0.11B,$0.02B,14.95%,$0.11B,$0.02B,14.95%,$0.11B,$0.02B,21.50%,$0.02B,$0.09B,26.67%,$0.02B,$0.09B,26.67%,$0.02B,$0.12B,19.49%,$0.02B,$0.09B,18.55%,$30,$16,$15,$3,$7,$26,$5,$0,$5,$1,$4,$4,$4,$5,$5,$36,37,$0.12,$0.12,$41,$24,$3,$100,$16,$0,$0,$0,$21,$121,$32,$0,$0,$1,$33,$0,$10,$0,$88,$121,$8,$1,$1,$2,$-9,$-3,$5,$-1,$-8,$2,$-1,$-0,$0,$0,$0,$0,$0,$-1,$0,$0,$0,$1,$1,$-5,$0,$-4,$-3,$0,$-5
2,2018-03-31,6.64,$2.46,2.7,$2.76,2.4,$0.17,38.52,$0.39,17.02,$0.10B,$0.03B,3.48,$0.00B,$0.09B,0.0,$0.10B,$0.05B,48.00%,$0.10B,0,0.00%,$0.10B,0,0.00%,$0.10B,0,0.00%,$0.10B,0,0.00%,$0.10B,$0.02B,15.00%,$0.02B,$0.09B,18.18%,$0.02B,$0.09B,18.18%,$0.02B,$0.12B,12.61%,$0.00B,$0.09B,0.00%,$27,$14,$13,$4,$6,$24,$4,$0,$4,$0,$4,$4,$4,$4,$4,$36,36,$0.10,$0.10,$47,$22,$3,$95,$15,$0,$0,$0,$21,$117,$27,$0,$0,$1,$28,$0,$11,$0,$88,$117,$0,$0,$0,$0,$0,$0,$0,$0,$0,$0,$0,$0,$0,$0,$0,$0,$0,$0,$0,$0,$0,$0,$0,$0,$0,$0,$0,$0,$0
3,2017-12-31,5.62,$2.35,2.39,$2.61,2.15,$0.17,32.64,$0.38,14.8,$0.09B,$0.03B,3.28,$0.00B,$0.08B,0.0,$0.09B,$0.05B,47.87%,$0.09B,$-0.00B,-3.19%,$0.09B,$-0.00B,-3.19%,$0.09B,$-0.00B,-3.19%,$0.09B,$-0.00B,-3.19%,$0.09B,$0.01B,14.89%,$0.01B,$0.08B,17.55%,$0.01B,$0.08B,17.61%,$0.01B,$0.11B,11.81%,$-0.00B,$0.08B,-3.76%,$26,$14,$12,$3,$5,$22,$4,$0,$4,$0,$3,$3,$3,$4,$4,$35,36,$0.14,$0.14,$44,$21,$3,$91,$16,$0,$0,$0,$22,$113,$28,$0,$0,$1,$29,$0,$8,$0,$84,$113,$14,$2,$-11,$-8,$-0,$-5,$0,$2,$-4,$2,$-3,$-0,$30,$0,$0,$0,$0,$27,$0,$0,$0,$1,$1,$-5,$0,$-4,$24,$1,$-5
4,2017-09-30,4.92,$2.41,2.05,$2.29,2.15,$-0.31,0.0,$0.37,13.31,$0.10B,$0.04B,2.81,$0.00B,$0.09B,0.0,$0.08B,$0.04B,50.00%,$0.08B,$-0.01B,-7.32%,$0.08B,$-0.01B,-7.32%,$0.08B,$-0.01B,-7.32%,$0.08B,$-0.01B,-8.54%,$0.08B,$0.01B,17.07%,$0.01B,$0.09B,18.18%,$0.01B,$0.09B,18.24%,$0.01B,$0.12B,11.99%,$-0.01B,$0.09B,-7.79%,$24,$12,$12,$3,$6,$21,$3,$0,$3,$0,$3,$3,$12,$3,$3,$35,36,$0.33,$0.32,$22,$22,$2,$98,$16,$0,$0,$0,$23,$121,$35,$0,$0,$1,$36,$0,$10,$0,$85,$121,$0,$0,$0,$0,$0,$0,$0,$0,$0,$0,$0,$0,$0,$0,$0,$0,$0,$0,$0,$0,$0,$0,$0,$0,$0,$0,$0,$0,$0
5,2017-06-30,4.65,$2.07,2.25,$2.22,2.09,$-0.31,0.0,$0.08,58.06,$0.10B,$0.05B,2.01,$0.00B,$0.07B,0.0,$0.08B,$0.03B,41.77%,$0.08B,$-0.01B,-11.39%,$0.08B,$-0.01B,-11.39%,$0.08B,$-0.01B,-11.39%,$0.08B,$-0.01B,-12.66%,$0.08B,$0.00B,3.80%,$0.00B,$0.07B,4.08%,$0.00B,$0.07B,4.11%,$0.00B,$0.13B,2.68%,$-0.01B,$0.07B,-12.24%,$23,$12,$11,$3,$6,$34,$-11,$-0,$-11,$-5,$-6,$-6,$-4,$-11,$-11,$35,35,$-0.16,$-0.16,$27,$21,$2,$103,$16,$0,$0,$0,$23,$125,$51,$0,$0,$1,$52,$0,$0,$-2,$73,$125,$-1,$1,$-4,$-3,$1,$-5,$2,$15,$14,$10,$-2,$-0,$-0,$0,$0,$0,$0,$-2,$0,$0,$0,$0,$0,$0,$0,$0,$7,$0,$0
6,2017-03-31,3.66,$2.17,1.69,$2.14,1.71,$-0.53,0.0,$0.23,15.93,$0.09B,$0.04B,2.52,$0.00B,$0.08B,0.0,$0.08B,$0.03B,42.11%,$0.08B,$0.00B,3.95%,$0.08B,$0.00B,3.95%,$0.08B,$0.00B,3.95%,$0.08B,$0.00B,2.63%,$0.08B,$0.01B,10.53%,$0.01B,$0.08B,11.00%,$0.01B,$0.08B,11.11%,$0.01B,$0.12B,7.27%,$0.00B,$0.08B,4.12%,$21,$11,$10,$3,$5,$20,$1,$-0,$1,$0,$1,$1,$3,$1,$1,$35,35,$0.09,$0.09,$24,$29,$3,$93,$15,$0,$1,$0,$22,$115,$37,$0,$0,$1,$38,$0,$2,$0,$77,$115,$0,$0,$0,$0,$0,$0,$0,$0,$0,$0,$0,$0,$0,$0,$0,$0,$0,$0,$0,$0,$0,$0,$0,$0,$0,$0,$0,$0,$0
7,2016-12-31,3.16,$2.08,1.52,$2.33,1.36,$-0.53,0.0,$0.14,22.6,$0.09B,$0.03B,2.72,$0.00B,$0.07B,0.0,$0.08B,$0.03B,40.51%,$0.08B,$0.00B,2.53%,$0.08B,$0.00B,2.53%,$0.08B,$0.00B,2.53%,$0.08B,$0.00B,1.27%,$0.08B,$0.01B,6.33%,$0.01B,$0.07B,7.09%,$0.01B,$0.07B,7.17%,$0.01B,$0.11B,4.52%,$0.00B,$0.07B,2.84%,$14,$6,$8,$2,$5,$13,$1,$-0,$0,$-0,$0,$0,$3,$1,$1,$35,35,$0.07,$0.07,$20,$17,$2,$86,$14,$0,$1,$0,$20,$106,$32,$0,$0,$1,$32,$0,$-1,$0,$73,$106,$5,$2,$-1,$1,$-7,$2,$0,$-18,$-23,$-17,$-1,$-0,$-0,$8,$0,$8,$0,$6,$0,$0,$0,$0,$0,$0,$-0,$-0,$-11,$0,$0
8,2016-09-30,2.89,$2.13,1.36,$2.71,1.07,$-0.01,0.0,$-0.27,0.0,$0.08B,$0.03B,2.77,$0.00B,$0.07B,0.0,$0.09B,$0.04B,38.46%,$0.09B,$-0.01B,-14.29%,$0.09B,$-0.01B,-14.29%,$0.09B,$-0.01B,-14.29%,$0.09B,$-0.01B,-14.29%,$0.09B,$-0.01B,-10.99%,$-0.01B,$0.07B,-14.44%,$-0.01B,$0.07B,-14.65%,$-0.01B,$0.10B,-8.85%,$-0.01B,$0.07B,-18.77%,$21,$17,$4,$3,$5,$21,$0,$-0,$0,$0,$0,$0,$1,$0,$0,$35,35,$0.03,$0.03,$20,$25,$2,$80,$14,$0,$1,$0,$21,$101,$29,$0,$0,$1,$30,$0,$-4,$0,$71,$101,$0,$0,$0,$0,$0,$0,$0,$0,$0,$0,$0,$0,$0,$0,$0,$0,$0,$0,$0,$0,$0,$0,$0,$0,$0,$0,$0,$0,$0
9,2016-06-30,2.02,$1.97,1.02,$2.87,0.7,$-0.01,0.0,$-0.27,0.0,$0.10B,$0.04B,2.25,$0.00B,$0.07B,0.0,$0.10B,$0.04B,44.79%,$0.10B,$-0.01B,-11.46%,$0.10B,$-0.01B,-11.46%,$0.10B,$-0.01B,-11.46%,$0.10B,$-0.01B,-12.50%,$0.10B,$-0.01B,-10.42%,$-0.01B,$0.07B,-13.99%,$-0.01B,$0.07B,-14.29%,$-0.01B,$0.12B,-8.68%,$-0.01B,$0.07B,-15.38%,$20,$10,$10,$3,$6,$19,$1,$-0,$1,$0,$1,$1,$1,$1,$1,$35,35,$0.03,$0.03,$32,$29,$2,$97,$14,$0,$1,$0,$21,$118,$43,$0,$5,$6,$49,$0,$-5,$0,$70,$118,$0,$0,$0,$0,$0,$0,$0,$0,$0,$0,$0,$0,$0,$0,$0,$0,$0,$0,$0,$0,$0,$0,$0,$0,$0,$0,$0,$0,$0
10,2016-03-31,1.9,$1.93,0.99,$3.08,0.62,$-0.01,0.0,$-0.29,0.0,$0.10B,$0.04B,2.23,$0.00B,$0.07B,0.0,$0.10B,$0.04B,43.56%,$0.10B,$-0.01B,-10.89%,$0.10B,$-0.01B,-10.89%,$0.10B,$-0.01B,-10.89%,$0.10B,$-0.01B,-11.88%,$0.10B,$-0.01B,-9.90%,$-0.01B,$0.07B,-13.61%,$-0.01B,$0.07B,-13.94%,$-0.01B,$0.12B,-8.77%,$-0.01B,$0.07B,-14.97%,$24,$14,$10,$4,$6,$24,$0,$-0,$0,$0,$0,$0,$0,$0,$0,$35,31,$0.00,$0.00,$34,$29,$2,$97,$14,$0,$1,$0,$20,$117,$43,$0,$5,$6,$49,$0,$-6,$0,$68,$117,$0,$0,$0,$0,$0,$0,$0,$0,$0,$0,$0,$0,$0,$0,$0,$0,$0,$0,$0,$0,$0,$0,$0,$0,$0,$0,$0,$0,$0
11,2015-12-31,2.09,$1.93,1.08,$3.01,0.69,$-0.01,0.0,$-0.29,0.0,$0.10B,$0.04B,2.25,$0.00B,$0.07B,0.0,$0.10B,$0.04B,44.44%,$0.10B,$-0.01B,-10.10%,$0.10B,$-0.01B,-10.10%,$0.10B,$-0.01B,-10.10%,$0.10B,$-0.01B,-12.12%,$0.10B,$-0.01B,-10.10%,$-0.01B,$0.07B,-13.70%,$-0.01B,$0.07B,-14.13%,$-0.01B,$0.12B,-9.17%,$-0.01B,$0.07B,-13.70%,$26,$15,$11,$4,$6,$40,$-14,$-0,$-14,$-3,$-12,$-12,$-12,$-14,$-14,$33,33,$-0.35,$-0.35,$39,$28,$2,$96,$14,$0,$1,$0,$21,$116,$43,$0,$5,$6,$48,$0,$-6,$0,$68,$116,$-10,$2,$-0,$2,$-5,$-4,$2,$16,$10,$2,$-2,$-0,$0,$1,$0,$1,$0,$-0,$0,$0,$0,$0,$0,$0,$12,$12,$13,$0,$0
12,2015-09-30,2.48,$2.26,1.1,$2.91,0.85,$0.18,14.06,$0.05,49.62,$0.08B,$0.03B,3.25,$0.00B,$0.08B,0.0,$0.09B,$0.04B,44.68%,$0.09B,$0.00B,4.26%,$0.09B,$0.00B,4.26%,$0.09B,$0.00B,4.26%,$0.09B,$0.00B,2.13%,$0.09B,$0.00B,2.13%,$0.00B,$0.08B,2.76%,$0.00B,$0.08B,2.87%,$0.00B,$0.11B,1.92%,$0.00B,$0.08B,5.52%,$26,$15,$12,$4,$6,$25,$2,$-0,$1,$0,$1,$1,$1,$2,$2,$35,35,$0.03,$0.03,$29,$28,$2,$84,$13,$0,$2,$8,$26,$110,$26,$0,$4,$5,$31,$0,$6,$0,$80,$110,$0,$0,$0,$0,$0,$0,$0,$0,$0,$0,$0,$0,$0,$0,$0,$0,$0,$0,$0,$0,$0,$0,$0,$0,$0,$0,$0,$0,$0
13,2015-06-30,2.64,$2.23,1.18,$2.90,0.91,$0.18,14.98,$0.04,66.12,$0.09B,$0.03B,2.92,$0.00B,$0.08B,0.0,$0.09B,$0.04B,44.44%,$0.09B,$0.00B,3.33%,$0.09B,$0.00B,3.33%,$0.09B,$0.00B,3.33%,$0.09B,$0.00B,2.22%,$0.09B,$0.00B,2.22%,$0.00B,$0.08B,2.90%,$0.00B,$0.08B,3.02%,$0.00B,$0.11B,1.99%,$0.00B,$0.08B,4.35%,$25,$15,$11,$4,$6,$24,$1,$-0,$1,$0,$1,$1,$1,$1,$1,$33,33,$0.02,$0.02,$24,$28,$3,$87,$13,$0,$2,$8,$26,$113,$30,$0,$4,$5,$35,$0,$5,$0,$78,$113,$0,$0,$0,$0,$0,$0,$0,$0,$0,$0,$0,$0,$0,$0,$0,$0,$0,$0,$0,$0,$0,$0,$0,$0,$0,$0,$0,$0,$0
14,2015-03-31,3.07,$2.16,1.42,$2.88,1.07,$0.18,17.38,$0.09,34.09,$0.07B,$0.03B,2.72,$0.00B,$0.07B,0.0,$0.09B,$0.04B,45.45%,$0.09B,$0.01B,5.68%,$0.09B,$0.01B,5.68%,$0.09B,$0.01B,5.68%,$0.09B,$0.00B,3.41%,$0.09B,$0.00B,3.41%,$0.00B,$0.07B,4.56%,$0.00B,$0.06B,4.78%,$0.00B,$0.10B,3.13%,$0.01B,$0.07B,7.60%,$22,$12,$10,$3,$5,$21,$1,$-1,$0,$0,$0,$0,$0,$1,$1,$30,31,$0.00,$0.00,$15,$27,$2,$71,$13,$0,$2,$8,$26,$97,$26,$0,$4,$5,$31,$0,$4,$0,$66,$97,$0,$0,$0,$0,$0,$0,$0,$0,$0,$0,$0,$0,$0,$0,$0,$0,$0,$0,$0,$0,$0,$0,$0,$0,$0,$0,$0,$0,$0
15,2014-12-31,2.89,$2.16,1.34,$2.89,1.0,$0.18,16.4,$0.11,26.32,$0.08B,$0.03B,3.01,$0.00B,$0.07B,0.0,$0.09B,$0.04B,45.45%,$0.09B,$0.01B,5.68%,$0.09B,$0.01B,5.68%,$0.09B,$0.01B,5.68%,$0.09B,$0.00B,4.55%,$0.09B,$0.00B,4.55%,$0.00B,$0.07B,6.15%,$0.00B,$0.06B,6.45%,$0.00B,$0.10B,4.24%,$0.01B,$0.07B,7.69%,$21,$11,$9,$4,$5,$20,$0,$-0,$0,$-0,$0,$0,$0,$0,$0,$30,31,$0.00,$0.00,$27,$25,$2,$78,$13,$0,$2,$1,$19,$97,$26,$0,$4,$5,$31,$0,$4,$0,$66,$97,$3,$2,$1,$3,$5,$-6,$2,$-1,$-0,$6,$-1,$-0,$0,$-3,$0,$-3,$0,$-3,$0,$0,$0,$0,$0,$0,$-0,$-0,$2,$0,$0
16,2014-09-30,3.78,$2.15,1.76,$2.99,1.26,$0.09,40.68,$0.13,29.07,$0.08B,$0.02B,3.12,$0.00B,$0.07B,0.0,$0.09B,$0.04B,42.22%,$0.09B,$0.01B,5.56%,$0.09B,$0.01B,5.56%,$0.09B,$0.01B,5.56%,$0.09B,$0.00B,4.44%,$0.09B,$0.01B,5.56%,$0.01B,$0.07B,7.81%,$0.01B,$0.06B,8.20%,$0.01B,$0.10B,5.38%,$0.01B,$0.07B,7.81%,$22,$12,$10,$4,$5,$21,$1,$-0,$1,$0,$1,$1,$1,$1,$1,$30,31,$0.02,$0.02,$24,$22,$3,$75,$13,$0,$3,$1,$20,$95,$24,$0,$4,$5,$29,$0,$4,$0,$66,$95,$0,$0,$0,$0,$0,$0,$0,$0,$0,$0,$0,$0,$0,$0,$0,$0,$0,$0,$0,$0,$0,$0,$0,$0,$0,$0,$0,$0,$0
17,2014-06-30,3.07,$2.13,1.44,$2.98,1.03,$0.09,33.02,$0.11,27.89,$0.07B,$0.02B,3.04,$0.00B,$0.07B,0.0,$0.09B,$0.04B,42.22%,$0.09B,$0.01B,5.56%,$0.09B,$0.01B,5.56%,$0.09B,$0.01B,5.56%,$0.09B,$0.00B,3.33%,$0.09B,$0.00B,4.44%,$0.00B,$0.07B,6.40%,$0.00B,$0.06B,6.75%,$0.00B,$0.09B,4.31%,$0.01B,$0.07B,8.00%,$23,$12,$11,$4,$5,$21,$3,$-0,$2,$0,$2,$2,$2,$3,$3,$30,31,$0.07,$0.07,$20,$19,$2,$74,$14,$0,$3,$1,$20,$94,$24,$0,$4,$5,$29,$0,$3,$0,$65,$94,$0,$0,$0,$0,$0,$0,$0,$0,$0,$0,$0,$0,$0,$0,$0,$0,$0,$0,$0,$0,$0,$0,$0,$0,$0,$0,$0,$0,$0
18,2014-03-31,3.55,$2.06,1.72,$2.96,1.2,$0.09,38.2,$0.05,70.97,$0.07B,$0.02B,3.0,$0.00B,$0.06B,0.0,$0.09B,$0.04B,41.57%,$0.09B,$0.00B,3.37%,$0.09B,$0.00B,3.37%,$0.09B,$0.00B,3.37%,$0.09B,$0.00B,1.12%,$0.09B,$0.00B,2.25%,$0.00B,$0.06B,3.27%,$0.00B,$0.06B,3.46%,$0.00B,$0.09B,2.13%,$0.00B,$0.06B,4.90%,$22,$12,$10,$3,$6,$21,$1,$-0,$1,$0,$1,$1,$1,$1,$1,$30,31,$0.02,$0.02,$23,$17,$2,$70,$14,$0,$3,$1,$21,$91,$23,$0,$4,$5,$28,$0,$1,$0,$63,$91,$0,$0,$0,$0,$0,$0,$0,$0,$0,$0,$0,$0,$0,$0,$0,$0,$0,$0,$0,$0,$0,$0,$0,$0,$0,$0,$0,$0,$0
19,2013-12-31,3.89,$2.04,1.91,$2.84,1.37,$0.09,41.93,$0.00,0.0,$0.07B,$0.02B,3.02,$0.00B,$0.06B,0.0,$0.09B,$0.04B,41.18%,$0.09B,$0.00B,2.35%,$0.09B,$0.00B,2.35%,$0.09B,$0.00B,2.35%,$0.09B,$-0.00B,-1.18%,$0.09B,0,0.00%,$0.00B,$0.06B,0.00%,$0.00B,$0.06B,0.00%,$0.00B,$0.09B,0.00%,$0.00B,$0.06B,3.31%,$23,$17,$7,$4,$7,$24,$-0,$-0,$-0,$-1,$1,$1,$1,$-0,$-0,$30,30,$0.02,$0.02,$22,$18,$2,$71,$14,$0,$3,$1,$21,$92,$23,$0,$6,$7,$30,$0,$1,$0,$62,$92,$0,$3,$2,$4,$-4,$5,$0,$-1,$0,$5,$-2,$-0,$0,$1,$0,$1,$0,$-1,$-6,$0,$-6,$1,$1,$0,$-1,$-6,$-2,$0,$0
20,2013-09-30,1.63,$2.00,0.82,$2.66,0.62,$0.06,25.63,$-0.13,0.0,$0.07B,$0.02B,3.16,$0.00B,$0.06B,0.0,$0.08B,$0.03B,42.50%,$0.08B,$-0.00B,-3.75%,$0.08B,$-0.00B,-3.75%,$0.08B,$-0.00B,-3.75%,$0.08B,$-0.00B,-5.00%,$0.08B,$-0.00B,-5.00%,$-0.00B,$0.06B,-6.67%,$-0.00B,$0.06B,-7.17%,$-0.00B,$0.09B,-4.11%,$-0.00B,$0.06B,-4.98%,$22,$12,$10,$4,$6,$21,$1,$-1,$-0,$0,$-0,$-0,$-0,$1,$1,$30,30,$0.00,$0.00,$21,$20,$2,$69,$15,$0,$4,$1,$25,$94,$22,$0,$11,$12,$34,$0,$0,$0,$60,$94,$0,$0,$0,$0,$0,$0,$0,$0,$0,$0,$0,$0,$0,$0,$0,$0,$0,$0,$0,$0,$0,$0,$0,$0,$0,$0,$0,$0,$0
21,2013-06-30,2.31,$2.00,1.15,$2.72,0.85,$0.06,36.18,$-0.05,0.0,$0.07B,$0.03B,2.73,$0.00B,$0.06B,0.0,$0.08B,$0.04B,42.68%,$0.08B,$-0.00B,-1.22%,$0.08B,$-0.00B,-1.22%,$0.08B,$-0.00B,-1.22%,$0.08B,$-0.00B,-1.22%,$0.08B,$-0.00B,-2.44%,$-0.00B,$0.06B,-3.28%,$-0.00B,$0.06B,-3.59%,$-0.00B,$0.10B,-1.98%,$-0.00B,$0.06B,-1.63%,$22,$12,$10,$4,$5,$21,$1,$-1,$0,$0,$0,$0,$0,$1,$1,$30,30,$0.01,$0.01,$20,$20,$3,$72,$16,$0,$4,$1,$26,$98,$26,$0,$10,$11,$38,$0,$0,$0,$60,$98,$0,$0,$0,$0,$0,$0,$0,$0,$0,$0,$0,$0,$0,$0,$0,$0,$0,$0,$0,$0,$0,$0,$0,$0,$0,$0,$0,$0,$0
22,2013-03-31,1.38,$1.99,0.69,$2.82,0.49,$0.06,21.71,$0.02,69.25,$0.07B,$0.03B,2.62,$0.00B,$0.06B,0.01,$0.09B,$0.04B,43.53%,$0.09B,$0.00B,1.18%,$0.09B,$0.00B,1.18%,$0.09B,$0.00B,1.18%,$0.09B,$0.00B,1.18%,$0.09B,0,0.00%,$0.00B,$0.06B,0.00%,$0.00B,$0.06B,0.00%,$0.00B,$0.10B,0.00%,$0.00B,$0.06B,1.62%,$18,$10,$8,$4,$5,$18,$-0,$-1,$-1,$0,$-1,$-1,$-1,$-0,$-0,$30,30,$-0.03,$-0.03,$23,$19,$3,$71,$15,$0,$4,$1,$27,$98,$27,$0,$11,$12,$39,$0,$-0,$0,$60,$98,$0,$0,$0,$0,$0,$0,$0,$0,$0,$0,$0,$0,$0,$0,$0,$0,$0,$0,$0,$0,$0,$0,$0,$0,$0,$0,$0,$0,$0
23,2012-12-31,1.35,$2.02,0.67,$2.82,0.48,$0.06,21.1,0,0.0,$0.07B,$0.03B,2.59,$0.00B,$0.06B,0.01,$0.09B,$0.04B,43.53%,$0.09B,0,0.00%,$0.09B,0,0.00%,$0.09B,0,0.00%,$0.09B,$0.00B,1.18%,$0.09B,0,0.00%,$0.00B,$0.06B,0.00%,$0.00B,$0.06B,0.00%,$0.00B,$0.10B,0.00%,$0.00B,$0.06B,0.00%,$18,$12,$6,$3,$5,$23,$-5,$2,$-3,$-0,$-3,$-3,$-3,$-5,$-5,$30,30,$-0.11,$-0.11,$26,$18,$2,$70,$16,$0,$5,$1,$29,$99,$27,$1,$10,$11,$39,$0,$1,$0,$60,$99,$0,$2,$3,$5,$2,$0,$1,$-5,$-2,$4,$-2,$-0,$0,$-3,$-1,$-4,$0,$-6,$-5,$4,$-1,$0,$0,$0,$-1,$-1,$-3,$0,$0
24,2012-09-30,1.69,$2.13,0.8,$2.94,0.58,$0.29,5.82,$0.05,33.85,$0.08B,$0.04B,2.39,$0.00B,$0.06B,0.01,$0.09B,$0.04B,44.32%,$0.09B,$0.00B,4.55%,$0.09B,$0.00B,4.55%,$0.09B,$0.00B,4.55%,$0.09B,$0.00B,2.27%,$0.09B,$0.00B,1.14%,$0.00B,$0.06B,1.64%,$0.00B,$0.06B,1.89%,$0.00B,$0.11B,0.93%,$0.00B,$0.06B,6.45%,$24,$12,$11,$3,$5,$21,$3,$-1,$3,$0,$2,$2,$2,$3,$3,$30,30,$0.08,$0.08,$25,$27,$4,$84,$14,$0,$8,$0,$25,$109,$35,$1,$9,$11,$46,$0,$4,$0,$64,$109,$0,$0,$0,$0,$0,$0,$0,$0,$0,$0,$0,$0,$0,$0,$0,$0,$0,$0,$0,$0,$0,$0,$0,$0,$0,$0,$0,$0,$0
25,2012-06-30,2.18,$2.04,1.07,$3.14,0.69,$0.29,7.49,$0.06,36.31,$0.08B,$0.04B,2.27,$0.00B,$0.06B,0.02,$0.09B,$0.04B,44.68%,$0.09B,$0.01B,5.32%,$0.09B,$0.01B,5.32%,$0.09B,$0.01B,5.32%,$0.09B,$0.00B,2.13%,$0.09B,$0.00B,2.13%,$0.00B,$0.06B,3.31%,$0.00B,$0.05B,3.81%,$0.00B,$0.11B,1.86%,$0.01B,$0.06B,8.06%,$25,$13,$12,$3,$5,$22,$3,$-1,$2,$0,$2,$2,$2,$3,$3,$30,30,$0.08,$0.08,$22,$26,$4,$83,$14,$0,$8,$0,$25,$108,$37,$1,$9,$11,$47,$0,$0,$2,$61,$108,$0,$0,$0,$0,$0,$0,$0,$0,$0,$0,$0,$0,$0,$0,$0,$0,$0,$0,$0,$0,$0,$0,$0,$0,$0,$0,$0,$0,$0
26,2012-03-31,2.4,$1.97,1.22,$3.26,0.74,$0.29,8.26,$0.05,48.09,$0.08B,$0.04B,2.21,$0.00B,$0.06B,0.03,$0.10B,$0.04B,43.88%,$0.10B,$0.01B,5.10%,$0.10B,$0.01B,5.10%,$0.10B,$0.01B,5.10%,$0.10B,$0.00B,2.04%,$0.10B,$0.00B,2.04%,$0.00B,$0.06B,3.33%,$0.00B,$0.05B,3.85%,$0.00B,$0.11B,1.87%,$0.01B,$0.06B,8.13%,$18,$11,$8,$3,$5,$19,$-1,$-0,$-1,$0,$-1,$-1,$-1,$-1,$-1,$30,30,$-0.05,$-0.05,$26,$25,$4,$81,$14,$0,$8,$0,$25,$107,$37,$2,$9,$11,$48,$0,$-1,$0,$59,$107,$0,$0,$0,$0,$0,$0,$0,$0,$0,$0,$0,$0,$0,$0,$0,$0,$0,$0,$0,$0,$0,$0,$0,$0,$0,$0,$0,$0,$0
27,2011-12-31,1.68,$2.02,0.83,$3.56,0.47,$0.29,5.78,$0.18,9.35,$0.08B,$0.03B,2.42,$0.00B,$0.06B,0.04,$0.11B,$0.05B,44.86%,$0.11B,$0.01B,8.41%,$0.11B,$0.01B,8.41%,$0.11B,$0.01B,8.41%,$0.11B,$0.01B,5.61%,$0.11B,$0.01B,4.67%,$0.01B,$0.06B,8.40%,$0.01B,$0.05B,9.71%,$0.01B,$0.11B,4.76%,$0.01B,$0.06B,14.81%,$21,$13,$8,$3,$6,$22,$-1,$-1,$-2,$0,$-2,$-2,$-2,$-1,$-1,$30,30,$-0.06,$-0.06,$26,$24,$3,$80,$15,$0,$8,$0,$25,$105,$33,$2,$9,$12,$45,$0,$1,$0,$60,$105,$5,$2,$0,$3,$3,$-0,$-3,$2,$2,$10,$-1,$-0,$0,$-4,$0,$-4,$5,$-0,$-2,$6,$4,$0,$0,$0,$-1,$3,$13,$0,$0
28,2011-09-30,1.73,$2.08,0.83,$3.70,0.47,$-0.06,0.0,$0.28,6.18,$0.09B,$0.04B,2.21,$0.00B,$0.06B,0.03,$0.11B,$0.05B,46.85%,$0.11B,$0.01B,10.81%,$0.11B,$0.01B,10.81%,$0.11B,$0.01B,10.81%,$0.11B,$0.01B,9.01%,$0.11B,$0.01B,7.21%,$0.01B,$0.06B,13.79%,$0.01B,$0.05B,16.00%,$0.01B,$0.11B,7.79%,$0.01B,$0.06B,20.34%,$30,$16,$14,$4,$6,$26,$4,$-1,$3,$0,$3,$3,$3,$4,$4,$30,30,$0.09,$0.09,$19,$25,$2,$85,$15,$0,$8,$0,$26,$110,$38,$2,$8,$10,$49,$0,$0,$3,$62,$110,$0,$0,$0,$0,$0,$0,$0,$0,$0,$0,$0,$0,$0,$0,$0,$0,$0,$0,$0,$0,$0,$0,$0,$0,$0,$0,$0,$0,$0
29,2011-06-30,3.17,$1.99,1.6,$3.51,0.91,$-0.06,0.0,$0.26,12.21,$0.07B,$0.04B,2.02,$0.00B,$0.06B,0.01,$0.11B,$0.05B,46.67%,$0.11B,$0.01B,9.52%,$0.11B,$0.01B,9.52%,$0.11B,$0.01B,9.52%,$0.11B,$0.01B,8.57%,$0.11B,$0.01B,6.67%,$0.01B,$0.06B,16.47%,$0.01B,$0.05B,19.18%,$0.01B,$0.11B,9.30%,$0.01B,$0.06B,23.26%,$29,$16,$13,$4,$7,$26,$3,$-0,$2,$0,$2,$2,$2,$3,$3,$30,30,$0.07,$0.07,$12,$25,$2,$74,$15,$0,$8,$6,$31,$105,$37,$1,$8,$9,$46,$0,$0,$-0,$59,$105,$0,$0,$0,$0,$0,$0,$0,$0,$0,$0,$0,$0,$0,$0,$0,$0,$0,$0,$0,$0,$0,$0,$0,$0,$0,$0,$0,$0,$0
30,2011-03-31,3.84,$1.93,1.99,$3.24,1.19,$-0.06,0.0,$0.21,18.29,$0.07B,$0.03B,2.01,$0.00B,$0.06B,0.01,$0.10B,$0.05B,46.39%,$0.10B,$0.01B,8.25%,$0.10B,$0.01B,8.25%,$0.10B,$0.01B,8.25%,$0.10B,$0.01B,8.25%,$0.10B,$0.01B,5.15%,$0.01B,$0.06B,18.02%,$0.01B,$0.05B,21.05%,$0.01B,$0.10B,10.20%,$0.01B,$0.06B,28.57%,$27,$15,$13,$4,$6,$25,$3,$-0,$3,$0,$2,$2,$2,$3,$3,$29,30,$0.08,$0.08,$9,$24,$2,$69,$15,$0,$8,$6,$31,$100,$34,$1,$7,$9,$43,$0,$0,$-2,$57,$100,$0,$0,$0,$0,$0,$0,$0,$0,$0,$0,$0,$0,$0,$0,$0,$0,$0,$0,$0,$0,$0,$0,$0,$0,$0,$0,$0,$0,$0
31,2010-12-31,2.73,$1.84,1.48,$2.93,0.93,$-0.06,0.0,$0.10,27.31,$0.07B,$0.03B,1.98,$0.00B,$0.05B,0.01,$0.09B,$0.04B,44.32%,$0.09B,$0.01B,5.68%,$0.09B,$0.01B,5.68%,$0.09B,$0.01B,5.68%,$0.09B,$0.00B,4.55%,$0.09B,$0.00B,2.27%,$0.00B,$0.05B,14.81%,$0.00B,$0.05B,17.39%,$0.00B,$0.10B,8.33%,$0.01B,$0.06B,36.36%,$25,$14,$12,$4,$6,$24,$2,$-0,$2,$0,$1,$1,$1,$2,$2,$29,30,$0.04,$0.03,$10,$24,$2,$65,$15,$0,$8,$6,$31,$96,$33,$1,$8,$9,$42,$0,$-5,$0,$54,$96,$3,$2,$0,$3,$-11,$-7,$5,$7,$-6,$-0,$-2,$-0,$0,$0,$0,$0,$-5,$-7,$-2,$3,$1,$0,$0,$0,$-0,$1,$-6,$0,$0
32,2010-09-30,2.41,$0.00,0.0,$2.68,0.9,$0.11,21.5,$-0.08,0.0,$0.00B,$0.00B,0.0,$0.00B,$0.00B,0.0,$0.08B,$0.03B,38.75%,$0.08B,0,0.00%,$0.08B,0,0.00%,$0.08B,0,0.00%,$0.08B,$-0.00B,-2.50%,$0.08B,$-0.00B,-3.75%,$-0.00B,$0.00B,-23.53%,$-0.00B,$0.00B,-27.91%,$-0.00B,$0.00B,-15.19%,$0.00B,$0.00B,0.00%,$24,$13,$11,$3,$5,$22,$2,$-0,$2,$0,$2,$2,$2,$2,$2,$29,30,$0.07,$0.07,$0,$0,$0,$0,$0,$0,$0,$0,$0,$0,$0,$0,$0,$0,$0,$0,$0,$0,$0,$0,$0,$0,$0,$0,$0,$0,$0,$0,$0,$0,$0,$0,$0,$0,$0,$0,$0,$0,$0,$0,$0,$0,$0,$0,$0,$0,$0,$0,$0
33,2010-06-30,2.34,$0.00,0.0,$2.38,0.98,$0.11,20.81,$-0.16,0.0,$0.00B,$0.00B,0.0,$0.00B,$0.00B,0.0,$0.07B,$0.03B,36.62%,$0.07B,$-0.00B,-2.82%,$0.07B,$-0.00B,-2.82%,$0.07B,$-0.00B,-2.82%,$0.07B,$-0.00B,-5.63%,$0.07B,$-0.01B,-7.04%,$-0.01B,$0.00B,-18.87%,$-0.01B,$0.00B,-20.41%,$-0.01B,$0.00B,-12.99%,$-0.00B,$0.00B,-7.55%,$21,$12,$9,$3,$4,$20,$1,$-1,$1,$0,$0,$0,$0,$1,$1,$29,30,$0.02,$0.02,$0,$0,$0,$0,$0,$0,$0,$0,$0,$0,$0,$0,$0,$0,$0,$0,$0,$0,$0,$0,$0,$0,$0,$0,$0,$0,$0,$0,$0,$0,$0,$0,$0,$0,$0,$0,$0,$0,$0,$0,$0,$0,$0,$0,$0,$0,$0,$0,$0
34,2010-03-31,2.92,$0.00,0.0,$2.12,1.38,$0.11,26.03,$-0.25,0.0,$0.00B,$0.00B,0.0,$0.00B,$0.00B,0.0,$0.06B,$0.02B,33.33%,$0.06B,$-0.01B,-7.94%,$0.06B,$-0.01B,-7.94%,$0.06B,$-0.01B,-7.94%,$0.06B,$-0.01B,-11.11%,$0.06B,$-0.01B,-11.11%,$-0.01B,$0.00B,-17.39%,$-0.01B,$0.00B,-18.30%,$-0.01B,$0.00B,-12.17%,$-0.01B,$0.00B,-12.27%,$18,$11,$7,$3,$4,$18,$-0,$-0,$-1,$0,$-1,$-1,$-1,$-0,$-0,$29,29,$-0.03,$-0.03,$0,$0,$0,$0,$0,$0,$0,$0,$0,$0,$0,$0,$0,$0,$0,$0,$0,$0,$0,$0,$0,$0,$0,$0,$0,$0,$0,$0,$0,$0,$0,$0,$0,$0,$0,$0,$0,$0,$0,$0,$0,$0,$0,$0,$0,$0,$0,$0,$0
35,2009-12-31,2.4,$1.75,1.38,$1.83,1.31,$0.11,21.41,$-0.41,0.0,$0.05B,$0.02B,2.66,$0.00B,$0.05B,0.0,$0.05B,$0.02B,31.48%,$0.05B,$-0.01B,-18.52%,$0.05B,$-0.01B,-18.52%,$0.05B,$-0.01B,-18.52%,$0.05B,$-0.01B,-20.37%,$0.05B,$-0.01B,-20.37%,$-0.01B,$0.05B,-20.18%,$-0.01B,$0.04B,-20.95%,$-0.01B,$0.08B,-14.43%,$-0.01B,$0.05B,-18.02%,$17,$13,$4,$3,$4,$20,$-3,$-1,$-4,$0,$-4,$-4,$-4,$-3,$-3,$29,29,$-0.13,$-0.13,$16,$14,$2,$51,$15,$0,$8,$0,$29,$79,$19,$0,$9,$9,$28,$0,$-8,$0,$51,$79,$-12,$2,$1,$3,$-1,$14,$-1,$1,$12,$4,$-0,$-0,$-0,$0,$0,$0,$0,$-0,$-2,$-2,$-4,$0,$0,$0,$0,$-3,$-0,$0,$0
36,2009-09-30,0.99,$1.89,0.53,$1.66,0.6,$-0.13,0.0,$-0.46,0.0,$0.05B,$0.02B,2.91,$0.00B,$0.06B,0.0,$0.05B,$0.02B,32.65%,$0.05B,$-0.01B,-26.53%,$0.05B,$-0.01B,-26.53%,$0.05B,$-0.01B,-26.53%,$0.05B,$-0.01B,-24.49%,$0.05B,$-0.01B,-24.49%,$-0.01B,$0.06B,-20.87%,$-0.01B,$0.06B,-20.96%,$-0.01B,$0.08B,-15.43%,$-0.01B,$0.06B,-22.13%,$15,$8,$6,$3,$4,$15,$-0,$-0,$-0,$0,$-0,$-0,$-0,$-0,$-0,$29,29,$-0.01,$-0.01,$14,$14,$2,$47,$16,$0,$0,$5,$29,$75,$16,$0,$4,$4,$20,$0,$-4,$0,$55,$75,$0,$0,$0,$0,$0,$0,$0,$0,$0,$0,$0,$0,$0,$0,$0,$0,$0,$0,$0,$0,$0,$0,$0,$0,$0,$0,$0,$0,$0
37,2009-06-30,0.47,$1.89,0.25,$1.80,0.26,$-0.13,0.0,$-0.59,0.0,$0.04B,$0.02B,2.91,$0.00B,$0.06B,0.03,$0.05B,$0.02B,32.08%,$0.05B,$-0.02B,-32.08%,$0.05B,$-0.02B,-32.08%,$0.05B,$-0.02B,-32.08%,$0.05B,$-0.02B,-30.19%,$0.05B,$-0.02B,-30.19%,$-0.02B,$0.06B,-26.34%,$-0.02B,$0.06B,-26.45%,$-0.02B,$0.08B,-19.34%,$-0.02B,$0.06B,-27.20%,$13,$8,$4,$2,$4,$15,$-2,$0,$-2,$0,$-2,$-2,$-2,$-2,$-2,$29,29,$-0.07,$-0.07,$12,$14,$2,$44,$16,$0,$0,$5,$32,$76,$15,$2,$4,$6,$21,$0,$-3,$0,$55,$76,$0,$0,$0,$0,$0,$0,$0,$0,$0,$0,$0,$0,$0,$0,$0,$0,$0,$0,$0,$0,$0,$0,$0,$0,$0,$0,$0,$0,$0
38,2009-03-31,0.34,$1.97,0.17,$2.12,0.16,$-0.13,0.0,$-0.54,0.0,$0.04B,$0.02B,2.53,$0.00B,$0.06B,0.03,$0.06B,$0.02B,34.92%,$0.06B,$-0.02B,-23.81%,$0.06B,$-0.02B,-23.81%,$0.06B,$-0.02B,-23.81%,$0.06B,$-0.01B,-22.22%,$0.06B,$-0.01B,-22.22%,$-0.01B,$0.06B,-21.46%,$-0.01B,$0.06B,-21.54%,$-0.01B,$0.08B,-15.64%,$-0.02B,$0.06B,-22.30%,$9,$6,$3,$3,$6,$14,$-5,$-0,$-5,$0,$-5,$-5,$-5,$-5,$-5,$29,29,$-0.19,$-0.19,$11,$12,$2,$41,$16,$0,$0,$1,$34,$75,$16,$2,$0,$2,$18,$0,$-1,$0,$57,$75,$0,$0,$0,$0,$0,$0,$0,$0,$0,$0,$0,$0,$0,$0,$0,$0,$0,$0,$0,$0,$0,$0,$0,$0,$0,$0,$0,$0,$0
39,2008-12-31,0.33,$2.15,0.15,$2.50,0.13,$-0.13,0.0,$-0.33,0.0,$0.05B,$0.02B,2.32,$0.00B,$0.06B,0.03,$0.08B,$0.03B,37.33%,$0.08B,$-0.01B,-13.33%,$0.08B,$-0.01B,-13.33%,$0.08B,$-0.01B,-13.33%,$0.08B,$-0.01B,-10.67%,$0.08B,$-0.01B,-12.00%,$-0.01B,$0.06B,-13.00%,$-0.01B,$0.06B,-13.04%,$-0.01B,$0.09B,-9.42%,$-0.01B,$0.06B,-13.94%,$12,$9,$3,$3,$5,$18,$-6,$1,$-5,$1,$-5,$-5,$-5,$-6,$-6,$30,30,$-0.18,$-0.18,$16,$10,$2,$46,$16,$0,$1,$0,$38,$85,$20,$2,$0,$2,$22,$0,$4,$0,$63,$85,$-10,$2,$2,$4,$4,$2,$-3,$1,$3,$-3,$-1,$-0,$0,$0,$2,$2,$0,$1,$-2,$2,$-0,$-1,$-1,$0,$0,$-1,$-3,$0,$0
40,2008-09-30,0.81,$2.33,0.35,$2.79,0.29,$-0.15,0.0,$-0.13,0.0,$0.08B,$0.03B,3.17,$0.00B,$0.07B,0.02,$0.08B,$0.03B,40.48%,$0.08B,$-0.00B,-4.76%,$0.08B,$-0.00B,-4.76%,$0.08B,$-0.00B,-4.76%,$0.08B,$-0.00B,-3.57%,$0.08B,$-0.00B,-4.76%,$-0.00B,$0.07B,-5.57%,$-0.00B,$0.07B,-5.57%,$-0.00B,$0.10B,-4.05%,$-0.00B,$0.07B,-5.35%,$19,$13,$7,$3,$7,$23,$-4,$-0,$-4,$0,$-4,$-4,$-4,$-4,$-4,$30,30,$-0.14,$-0.14,$17,$36,$3,$79,$14,$0,$0,$1,$16,$95,$25,$2,$0,$2,$27,$0,$10,$0,$68,$95,$0,$0,$0,$0,$0,$0,$0,$0,$0,$0,$0,$0,$0,$0,$0,$0,$0,$0,$0,$0,$0,$0,$0,$0,$0,$0,$0,$0,$0
41,2008-06-30,0.98,$2.42,0.4,$2.82,0.35,$-0.15,0.0,$0.01,0.0,$0.09B,$0.03B,3.3,$0.00B,$0.07B,0.05,$0.09B,$0.04B,41.18%,$0.09B,0,0.00%,$0.09B,0,0.00%,$0.09B,0,0.00%,$0.09B,$0.00B,1.18%,$0.09B,0,0.00%,$0.00B,$0.07B,0.00%,$0.00B,$0.07B,0.00%,$0.00B,$0.10B,0.00%,$0.00B,$0.08B,0.00%,$23,$14,$9,$3,$6,$23,$-0,$0,$-0,$0,$-0,$-0,$-0,$-0,$-0,$30,30,$-0.02,$-0.02,$21,$33,$3,$85,$15,$1,$0,$1,$17,$103,$26,$3,$0,$4,$30,$0,$14,$0,$73,$103,$0,$0,$0,$0,$0,$0,$0,$0,$0,$0,$0,$0,$0,$0,$0,$0,$0,$0,$0,$0,$0,$0,$0,$0,$0,$0,$0,$0,$0
42,2008-03-31,1.23,$2.44,0.5,$2.57,0.48,$-0.15,0.0,$-0.08,0.0,$0.08B,$0.02B,3.69,$0.00B,$0.07B,0.05,$0.08B,$0.03B,41.56%,$0.08B,$-0.00B,-3.90%,$0.08B,$-0.00B,-3.90%,$0.08B,$-0.00B,-3.90%,$0.08B,$-0.00B,-2.60%,$0.08B,$-0.00B,-3.90%,$-0.00B,$0.07B,-4.11%,$-0.00B,$0.07B,-4.11%,$-0.00B,$0.10B,-3.08%,$-0.00B,$0.08B,-3.88%,$21,$12,$9,$3,$6,$21,$0,$0,$1,$0,$0,$0,$0,$0,$0,$30,30,$0.02,$0.02,$21,$32,$3,$82,$15,$1,$0,$1,$17,$99,$22,$3,$0,$4,$26,$0,$14,$0,$73,$99,$0,$0,$0,$0,$0,$0,$0,$0,$0,$0,$0,$0,$0,$0,$0,$0,$0,$0,$0,$0,$0,$0,$0,$0,$0,$0,$0,$0,$0
43,2007-12-31,1.65,$2.50,0.66,$2.35,0.7,$-0.15,0.0,$-0.24,0.0,$0.08B,$0.02B,3.68,$0.00B,$0.07B,0.05,$0.07B,$0.03B,41.43%,$0.07B,$-0.01B,-10.00%,$0.07B,$-0.01B,-10.00%,$0.07B,$-0.01B,-10.00%,$0.07B,$-0.01B,-10.00%,$0.07B,$-0.01B,-10.00%,$-0.01B,$0.07B,-9.49%,$-0.01B,$0.07B,-9.49%,$-0.01B,$0.10B,-7.11%,$-0.01B,$0.08B,-8.95%,$21,$12,$9,$3,$6,$21,$0,$0,$0,$0,$-0,$-0,$-0,$0,$0,$30,30,$0.00,$0.00,$20,$34,$3,$81,$15,$1,$0,$1,$18,$98,$22,$3,$0,$4,$26,$0,$14,$0,$73,$98,$-8,$1,$1,$2,$5,$5,$-4,$-2,$4,$-1,$-3,$-0,$0,$0,$-0,$-0,$0,$-4,$0,$0,$0,$0,$0,$0,$0,$0,$-5,$0,$0
44,2007-09-30,2.87,$2.41,1.19,$2.36,1.21,$-0.03,0.0,$-0.32,0.0,$0.08B,$0.02B,4.31,$0.01B,$0.07B,0.07,$0.07B,$0.03B,41.43%,$0.07B,$-0.01B,-12.86%,$0.07B,$-0.01B,-12.86%,$0.07B,$-0.01B,-12.86%,$0.07B,$-0.01B,-14.29%,$0.07B,$-0.01B,-12.86%,$-0.01B,$0.07B,-11.92%,$-0.01B,$0.07B,-11.92%,$-0.01B,$0.10B,-8.85%,$-0.01B,$0.08B,-11.18%,$20,$13,$8,$2,$5,$20,$0,$-0,$0,$0,$0,$0,$0,$0,$0,$30,30,$0.00,$0.00,$19,$35,$2,$81,$15,$0,$0,$1,$16,$97,$19,$5,$0,$5,$24,$0,$14,$0,$73,$97,$0,$0,$0,$0,$0,$0,$0,$0,$0,$0,$0,$0,$0,$0,$0,$0,$0,$0,$0,$0,$0,$0,$0,$0,$0,$0,$0,$0,$0
45,2007-06-30,2.86,$2.41,1.18,$2.54,1.13,$-0.03,0.0,$-0.19,0.0,$0.08B,$0.02B,4.68,$0.01B,$0.07B,0.07,$0.08B,$0.04B,46.05%,$0.08B,$-0.00B,-5.26%,$0.08B,$-0.00B,-5.26%,$0.08B,$-0.00B,-5.26%,$0.08B,$-0.01B,-7.89%,$0.08B,$-0.01B,-6.58%,$-0.01B,$0.07B,-6.43%,$-0.01B,$0.07B,-6.43%,$-0.01B,$0.10B,-4.71%,$-0.00B,$0.08B,-4.83%,$15,$9,$6,$3,$6,$18,$-3,$-0,$-3,$0,$-3,$-3,$-3,$-3,$-3,$30,30,$-0.11,$-0.11,$16,$39,$2,$80,$14,$0,$0,$1,$15,$95,$17,$5,$0,$5,$22,$0,$14,$0,$73,$95,$0,$0,$0,$0,$0,$0,$0,$0,$0,$0,$0,$0,$0,$0,$0,$0,$0,$0,$0,$0,$0,$0,$0,$0,$0,$0,$0,$0,$0
46,2007-03-31,3.67,$2.53,1.45,$2.94,1.25,$-0.03,0.0,$0.09,40.82,$0.09B,$0.02B,3.94,$0.01B,$0.08B,0.07,$0.09B,$0.04B,49.44%,$0.09B,$0.00B,4.49%,$0.09B,$0.00B,4.49%,$0.09B,$0.00B,4.49%,$0.09B,$0.00B,2.25%,$0.09B,$0.00B,3.37%,$0.00B,$0.08B,3.80%,$0.00B,$0.08B,3.80%,$0.00B,$0.10B,2.72%,$0.00B,$0.08B,4.76%,$14,$8,$6,$4,$7,$19,$-4,$0,$-4,$0,$-4,$-4,$-4,$-4,$-4,$30,30,$-0.14,$-0.14,$19,$44,$2,$92,$12,$0,$0,$1,$13,$104,$23,$5,$0,$5,$29,$0,$17,$0,$76,$104,$0,$0,$0,$0,$0,$0,$0,$0,$0,$0,$0,$0,$0,$0,$0,$0,$0,$0,$0,$0,$0,$0,$0,$0,$0,$0,$0,$0,$0
47,2006-12-31,4.1,$2.67,1.54,$3.36,1.22,$-0.03,0.0,$0.39,10.5,$0.10B,$0.03B,3.89,$0.01B,$0.08B,0.06,$0.10B,$0.05B,51.00%,$0.10B,$0.01B,12.00%,$0.10B,$0.01B,12.00%,$0.10B,$0.01B,12.00%,$0.10B,$0.01B,11.00%,$0.10B,$0.01B,11.00%,$0.01B,$0.08B,14.81%,$0.01B,$0.08B,14.81%,$0.01B,$0.11B,10.45%,$0.01B,$0.09B,15.14%,$21,$12,$9,$4,$8,$23,$-2,$-0,$-3,$-0,$-2,$-2,$-2,$-2,$-2,$29,30,$-0.08,$-0.08,$25,$41,$2,$99,$11,$0,$0,$1,$12,$111,$25,$5,$0,$5,$31,$0,$22,$-0,$80,$111,$12,$1,$1,$2,$-3,$-16,$3,$4,$-13,$1,$-2,$-0,$0,$0,$0,$0,$0,$-2,$0,$0,$0,$15,$15,$0,$0,$15,$15,$1,$0
