,Date,Stock Price,Book Value per Share,Price to Book Ratio,TTM Sales per Share,Price to Sales Ratio,TTM FCF per Share,Price to FCF Ratio,TTM Net EPS,PE Ratio,Current Assets,Current Liabilities,Current Ratio,Long Term Debt,Shareholder's Equity_x,Debt to Equity Ratio,TTM Revenue_x,TTM Gross Profit,Gross Margin,TTM Revenue_y,TTM Operating Income,Operating Margin,TTM Revenue_x,TTM EBIT,EBIT Margin,TTM Revenue_y,TTM EBITDA,EBITDA Margin,TTM Revenue_x,TTM Pre-Tax Income,Pre-Tax Margin,TTM Revenue_y,TTM Net Income_x,Net Margin,TTM Net Income_y,Shareholder's Equity_y,Return on Equity,TTM Net Income_x,Tangible Equity,Return on Tangible Equity,TTM Net Income_y,Total Assets,Return on Assets,TTM Net Income,LT Investments & Debt,Return on Investment,revenue,cost-goods-sold,gross-profit,research-development-expenses,selling-general-administrative-expenses,operating-expenses,operating-income,total-non-operating-income-expense,pre-tax-income,total-provision-income-taxes,income-after-taxes,income-from-continuous-operations,net-income,ebitda,ebit,basic-shares-outstanding,shares-outstanding,eps-basic-net-earnings-per-share,eps-earnings-per-share-diluted,cash-on-hand,inventory,other-current-assets,total-current-assets,net-property-plant-equipment,long-term-investments,goodwill-intangible-assets-total,other-long-term-assets,total-long-term-assets,total-assets,total-current-liabilities,long-term-debt,other-non-current-liabilities,total-long-term-liabilities,total-liabilities,common-stock-net,retained-earnings-accumulated-deficit,comprehensive-income,total-share-holder-equity,total-liabilities-share-holders-equity,net-income-loss,total-depreciation-amortization-cash-flow,other-non-cash-items,total-non-cash-items,change-in-accounts-receivable,change-in-inventories,change-in-accounts-payable,change-in-assets-liabilities,total-change-in-assets-liabilities,cash-flow-from-operating-activities,net-change-in-property-plant-equipment,net-change-in-intangible-assets,net-acquisitions-divestitures,net-change-in-short-term-investments,net-change-in-long-term-investments,net-change-in-investments-total,investing-activities-other,cash-flow-from-investing-activities,net-long-term-debt,net-current-debt,debt-issuance-retirement-net-total,net-common-equity-issued-repurchased,net-total-equity-issued-repurchased,total-common-preferred-stock-dividends-paid,financial-activities-other,cash-flow-from-financial-activities,net-cash-flow,stock-based-compensation,common-stock-dividends-paid
0,2018-09-30,32.14,$6.68,4.81,$111.61,0.29,$71.13,0.45,$1.89,17.01,$2.18B,$1.91B,1.14,$14.46B,$0.52B,27.75,$9.09B,$4.47B,49.19%,$9.09B,$0.55B,6.05%,$9.09B,$0.86B,9.44%,$9.09B,$3.13B,34.38%,$9.09B,$0.27B,2.91%,$9.09B,$0.37B,4.09%,$0.37B,$0.52B,77.46%,$0.37B,$-1.39B,-25.94%,$0.37B,$19.74B,1.92%,$0.55B,$14.98B,3.76%,$2778,$1294,$1484,$0,$336,$2364,$414,$-59,$355,$142,$213,$213,$213,$1109,$499,$79,80,$2.71,$2.68,$605,$0,$657,$2180,$719,$0,$1908,$13869,$17561,$19741,$1908,$14460,$2852,$17312,$19220,$1,$-1103,$-78,$521,$19741,$152,$1747,$-12,$1735,$-140,$0,$0,$132,$208,$2095,$-157,$0,$6688,$0,$-10057,$-10057,$-151,$-3677,$1626,$-4,$1622,$-143,$-143,$0,$-25,$1454,$-133,$18,$0
1,2018-06-30,32.5,$4.65,6.99,$109.43,0.3,$69.41,0.47,$4.80,6.77,$2.22B,$1.86B,1.2,$15.32B,$0.37B,41.18,$9.07B,$4.49B,49.47%,$9.07B,$0.55B,6.09%,$9.07B,$0.85B,9.41%,$9.07B,$3.13B,34.54%,$9.07B,$0.27B,3.02%,$9.07B,$0.40B,4.46%,$0.40B,$0.37B,89.73%,$0.40B,$-1.52B,-27.50%,$0.40B,$20.92B,2.08%,$0.55B,$15.69B,3.81%,$2328,$1175,$1153,$0,$321,$2238,$90,$-52,$38,$12,$26,$26,$26,$778,$170,$81,82,$0.33,$0.32,$489,$0,$832,$2223,$715,$0,$1892,$14969,$18696,$20919,$1856,$15320,$3371,$18691,$20547,$1,$-1316,$-72,$372,$20919,$-61,$1137,$7,$1144,$-68,$0,$0,$14,$38,$1121,$-115,$0,$-28,$0,$-22,$-22,$-3583,$-3748,$2489,$-2,$2487,$-78,$-78,$0,$-20,$2389,$-240,$12,$0
2,2018-03-31,46.84,$5.62,8.34,$107.13,0.44,$69.42,0.67,$4.52,10.36,$2.12B,$1.80B,1.18,$13.96B,$0.46B,30.69,$8.98B,$4.46B,49.70%,$8.98B,$0.53B,5.86%,$8.98B,$0.82B,9.13%,$8.98B,$3.08B,34.31%,$8.98B,$0.25B,2.75%,$8.98B,$0.38B,4.24%,$0.38B,$0.46B,96.64%,$0.38B,$-1.48B,-24.91%,$0.38B,$19.22B,1.96%,$0.53B,$14.42B,3.67%,$1968,$1092,$876,$0,$296,$2042,$-74,$-55,$-129,$-42,$-87,$-87,$-87,$527,$-2,$81,81,$-1.08,$-1.08,$544,$0,$699,$2123,$716,$0,$1934,$13482,$17099,$19222,$1803,$13963,$3001,$16964,$18767,$1,$-1344,$-22,$455,$19222,$-87,$529,$9,$538,$16,$0,$0,$-29,$52,$503,$-57,$0,$-10,$0,$0,$0,$-1669,$-1736,$1047,$-1,$1046,$-14,$-14,$0,$-8,$1024,$-200,$5,$0
3,2017-12-31,43.88,$7.07,6.2,$104.30,0.42,$68.64,0.64,$4.35,10.09,$2.07B,$1.65B,1.26,$12.79B,$0.57B,22.33,$8.85B,$4.38B,49.46%,$8.85B,$0.49B,5.54%,$8.85B,$0.78B,8.77%,$8.85B,$3.02B,34.09%,$8.85B,$0.21B,2.38%,$8.85B,$0.36B,4.08%,$0.36B,$0.57B,114.33%,$0.36B,$-1.35B,-22.67%,$0.36B,$17.70B,1.87%,$0.49B,$13.37B,3.49%,$2019,$1059,$960,$0,$245,$1899,$120,$-119,$1,$-219,$220,$220,$220,$712,$191,$83,85,$2.57,$2.55,$611,$0,$533,$2066,$704,$0,$1923,$12075,$15633,$17699,$1645,$12794,$2687,$15481,$17126,$1,$-1222,$-24,$573,$17699,$361,$2240,$-124,$2116,$-59,$0,$0,$197,$171,$2648,$-197,$0,$9579,$0,$-11599,$-11599,$13,$-2204,$-70,$-4,$-74,$-210,$-210,$0,$-24,$-308,$181,$13,$0
4,2017-09-30,38.06,$4.89,7.78,$100.63,0.38,$66.00,0.58,$1.35,28.19,$2.42B,$1.89B,1.28,$14.13B,$0.40B,35.24,$8.71B,$4.29B,49.31%,$8.71B,$0.40B,4.60%,$8.71B,$0.69B,7.87%,$8.71B,$2.90B,33.30%,$8.71B,$0.17B,1.92%,$8.71B,$0.11B,1.26%,$0.11B,$0.40B,48.30%,$0.11B,$-1.53B,-6.59%,$0.11B,$19.87B,0.57%,$0.40B,$14.53B,2.91%,$2752,$1256,$1496,$0,$320,$2336,$416,$-52,$364,$119,$245,$245,$245,$1115,$494,$83,84,$2.96,$2.91,$814,$0,$750,$2419,$693,$0,$1928,$13267,$17454,$19873,$1892,$14131,$3449,$17580,$19472,$1,$-1442,$-44,$401,$19873,$141,$1719,$64,$1783,$-112,$0,$0,$139,$117,$2041,$-138,$0,$6855,$0,$-9672,$-9672,$-21,$-2976,$1339,$-3,$1336,$-144,$-144,$0,$-17,$1175,$281,$8,$0
5,2017-06-30,27.27,$1.78,15.29,$96.80,0.28,$64.98,0.42,$0.72,37.88,$2.38B,$1.88B,1.27,$14.91B,$0.15B,100.73,$8.61B,$4.24B,49.18%,$8.61B,$0.39B,4.54%,$8.61B,$0.67B,7.83%,$8.61B,$2.86B,33.23%,$8.61B,$0.15B,1.72%,$8.61B,$0.07B,0.86%,$0.07B,$0.15B,30.08%,$0.07B,$-1.76B,-4.50%,$0.07B,$20.83B,0.38%,$0.39B,$15.06B,2.86%,$2238,$1108,$1130,$0,$293,$2174,$64,$-53,$11,$8,$3,$3,$3,$726,$137,$84,85,$0.04,$0.04,$776,$0,$837,$2375,$684,$0,$1910,$14221,$18457,$20832,$1875,$14908,$3901,$18809,$20684,$1,$-1687,$-78,$148,$20832,$-104,$1098,$61,$1159,$-36,$0,$0,$99,$84,$1139,$-86,$0,$-14,$0,$-33,$-33,$-3053,$-3186,$2265,$-1,$2264,$-109,$-109,$0,$-16,$2139,$128,$7,$0
6,2017-03-31,29.58,$1.66,17.83,$94.12,0.31,$63.03,0.47,$1.06,27.91,$2.29B,$2.06B,1.11,$13.01B,$0.14B,92.25,$8.62B,$4.23B,49.04%,$8.62B,$0.47B,5.41%,$8.62B,$0.75B,8.69%,$8.62B,$2.92B,33.91%,$8.62B,$0.20B,2.32%,$8.62B,$0.11B,1.24%,$0.11B,$0.14B,36.43%,$0.11B,$-1.73B,-6.72%,$0.11B,$18.98B,0.56%,$0.47B,$13.15B,3.41%,$1839,$1049,$790,$0,$262,$1949,$-110,$-55,$-165,$-58,$-107,$-107,$-107,$463,$-46,$86,86,$-1.25,$-1.25,$923,$0,$651,$2292,$684,$0,$1872,$12499,$16686,$18978,$2063,$13007,$3767,$16774,$18837,$1,$-1690,$-126,$141,$18978,$-107,$509,$28,$537,$30,$0,$0,$-6,$17,$447,$-42,$0,$0,$0,$-33,$-33,$-984,$-1059,$1023,$0,$1023,$-61,$-61,$0,$-12,$950,$350,$1,$0
7,2016-12-31,36.68,$2.57,14.27,$92.19,0.4,$62.79,0.58,$1.78,20.61,$1.82B,$1.77B,1.03,$12.12B,$0.22B,54.85,$8.66B,$4.28B,49.39%,$8.66B,$0.56B,6.46%,$8.66B,$0.84B,9.74%,$8.66B,$3.01B,34.76%,$8.66B,$0.28B,3.22%,$8.66B,$0.16B,1.88%,$0.16B,$0.22B,46.41%,$0.16B,$-1.66B,-10.53%,$0.16B,$17.64B,0.85%,$0.56B,$12.34B,4.05%,$1879,$1001,$878,$0,$238,$1848,$31,$-74,$-43,$-12,$-31,$-31,$-31,$596,$100,$92,93,$-0.40,$-0.38,$490,$0,$519,$1817,$685,$0,$1877,$11771,$15826,$17643,$1767,$12122,$3533,$15655,$17422,$1,$-1639,$-154,$221,$17643,$163,$2167,$95,$2262,$-65,$0,$0,$273,$215,$2640,$-190,$0,$10449,$0,$-12461,$-12461,$20,$-2182,$-10,$4,$-6,$-398,$-398,$0,$-45,$-449,$3,$27,$0
8,2016-09-30,34.21,$5.33,6.42,$90.17,0.38,$59.65,0.57,$2.07,16.53,$2.44B,$2.05B,1.19,$13.63B,$0.47B,28.75,$8.68B,$4.30B,49.48%,$8.68B,$0.60B,6.90%,$8.68B,$0.89B,10.19%,$8.68B,$3.04B,34.99%,$8.68B,$0.33B,3.75%,$8.68B,$0.19B,2.18%,$0.19B,$0.47B,46.58%,$0.19B,$-1.42B,-12.62%,$0.19B,$19.48B,0.98%,$0.60B,$14.10B,4.31%,$2656,$1219,$1437,$0,$315,$2250,$406,$-61,$345,$136,$209,$209,$209,$1077,$483,$90,92,$2.32,$2.28,$985,$0,$635,$2442,$671,$0,$1898,$13021,$17033,$19475,$2051,$13628,$3322,$16950,$19001,$1,$-1608,$-47,$474,$19475,$194,$1671,$16,$1687,$-149,$0,$0,$256,$230,$2111,$-125,$0,$-4,$0,$0,$0,$-2626,$-2755,$1496,$1,$1497,$-299,$-299,$0,$-35,$1163,$533,$21,$0
9,2016-06-30,32.23,$3.68,8.75,$86.01,0.37,$56.40,0.57,$1.56,20.66,$2.14B,$1.77B,1.21,$14.67B,$0.34B,43.27,$8.60B,$4.23B,49.22%,$8.60B,$0.57B,6.60%,$8.60B,$0.85B,9.90%,$8.60B,$2.99B,34.70%,$8.60B,$0.29B,3.41%,$8.60B,$0.16B,1.91%,$0.16B,$0.34B,37.51%,$0.16B,$-1.56B,-11.21%,$0.16B,$20.48B,0.86%,$0.57B,$15.01B,4.09%,$2243,$1122,$1121,$0,$312,$2104,$139,$-76,$63,$27,$36,$36,$36,$786,$212,$94,95,$0.39,$0.38,$527,$0,$856,$2143,$683,$0,$1900,$14267,$18340,$20483,$1771,$14667,$3706,$18373,$20144,$1,$-1817,$-73,$339,$20483,$-15,$1077,$12,$1089,$-106,$0,$0,$103,$5,$1079,$-89,$0,$5415,$0,$-8500,$-8500,$93,$-3081,$2274,$0,$2274,$-183,$-183,$0,$-27,$2064,$75,$14,$0
10,2016-03-31,27.36,$3.91,7.01,$82.79,0.33,$54.87,0.5,$2.52,10.86,$2.18B,$1.90B,1.15,$13.37B,$0.37B,36.04,$8.53B,$4.19B,49.15%,$8.53B,$0.60B,7.03%,$8.53B,$0.89B,10.38%,$8.53B,$3.00B,35.19%,$8.53B,$0.31B,3.66%,$8.53B,$0.27B,3.18%,$0.27B,$0.37B,54.04%,$0.27B,$-1.55B,-19.32%,$0.27B,$19.31B,1.42%,$0.60B,$13.74B,4.30%,$1881,$1040,$841,$0,$269,$1898,$-17,$-69,$-86,$-35,$-51,$-51,$-51,$551,$48,$96,96,$-0.53,$-0.53,$876,$0,$644,$2182,$687,$0,$1924,$12959,$17126,$19308,$1901,$13372,$3664,$17036,$18937,$1,$-1853,$-77,$371,$19308,$-51,$503,$4,$507,$-11,$0,$0,$58,$16,$472,$-40,$0,$-1,$0,$0,$0,$-1163,$-1204,$1243,$1,$1244,$-95,$-95,$0,$-11,$1138,$424,$7,$0
11,2015-12-31,36.29,$4.48,8.1,$80.70,0.45,$54.74,0.66,$2.96,12.26,$1.63B,$1.51B,1.08,$12.30B,$0.44B,28.01,$8.50B,$4.22B,49.61%,$8.50B,$0.69B,8.06%,$8.50B,$0.97B,11.46%,$8.50B,$3.07B,36.12%,$8.50B,$0.38B,4.49%,$8.50B,$0.31B,3.68%,$0.31B,$0.44B,58.07%,$0.31B,$-1.45B,-24.05%,$0.31B,$17.63B,1.68%,$0.69B,$12.73B,5.04%,$1902,$1005,$897,$0,$250,$1831,$71,$-67,$4,$9,$-5,$-5,$-5,$624,$142,$103,105,$-0.05,$-0.04,$452,$0,$507,$1627,$681,$0,$1890,$11948,$16007,$17634,$1511,$12295,$1022,$15684,$17195,$1,$-1802,$-147,$439,$17634,$313,$2097,$49,$2146,$-42,$0,$0,$264,$168,$2627,$-199,$0,$9424,$0,$-11928,$-11928,$18,$-2685,$566,$-22,$544,$-436,$-436,$0,$-36,$72,$-36,$28,$0
12,2015-09-30,43.68,$5.94,7.35,$79.64,0.55,$53.29,0.82,$3.23,13.52,$2.12B,$1.79B,1.18,$13.50B,$0.60B,22.5,$8.49B,$4.23B,49.84%,$8.49B,$0.70B,8.19%,$8.49B,$0.98B,11.57%,$8.49B,$3.08B,36.27%,$8.49B,$0.41B,4.84%,$8.49B,$0.34B,4.02%,$0.34B,$0.60B,57.26%,$0.34B,$-1.29B,-28.31%,$0.34B,$18.90B,1.85%,$0.70B,$14.10B,5.18%,$2577,$1202,$1375,$0,$314,$2202,$375,$-63,$312,$128,$184,$184,$184,$1024,$450,$103,104,$1.80,$1.77,$585,$0,$684,$2118,$642,$0,$1886,$13120,$16784,$18902,$1791,$13501,$3010,$16511,$18302,$1,$-1797,$-142,$600,$18902,$318,$1615,$-13,$1602,$-131,$0,$0,$234,$118,$2038,$-126,$0,$-225,$0,$0,$0,$-3066,$-3417,$1686,$-23,$1663,$-270,$-270,$0,$-24,$1369,$-39,$22,$0
13,2015-06-30,44.08,$5.71,7.72,$77.99,0.57,$52.55,0.84,$3.20,13.78,$2.12B,$1.73B,1.23,$14.61B,$0.60B,24.51,$8.45B,$4.23B,50.04%,$8.45B,$0.69B,8.18%,$8.45B,$0.98B,11.59%,$8.45B,$3.08B,36.42%,$8.45B,$0.41B,4.79%,$8.45B,$0.35B,4.13%,$0.35B,$0.60B,55.53%,$0.35B,$-1.32B,-31.87%,$0.35B,$20.40B,1.91%,$0.69B,$15.20B,5.21%,$2173,$1092,$1081,$0,$281,$2002,$171,$-89,$82,$-61,$143,$143,$143,$804,$246,$106,107,$1.36,$1.34,$529,$0,$763,$2121,$637,$0,$1917,$14463,$18278,$20399,$1729,$14606,$3468,$18074,$19803,$1,$-1981,$-108,$596,$20399,$134,$1041,$-15,$1026,$-68,$0,$0,$79,$-133,$1027,$-80,$0,$-222,$0,$0,$0,$-3415,$-3717,$2766,$-13,$2753,$-114,$-114,$0,$-24,$2615,$-95,$13,$0
14,2015-03-31,59.02,$4.91,12.01,$77.39,0.76,$52.07,1.13,$2.10,28.1,$2.08B,$1.73B,1.2,$11.82B,$0.52B,22.69,$8.47B,$4.24B,50.01%,$8.47B,$0.69B,8.12%,$8.47B,$0.97B,11.50%,$8.47B,$3.06B,36.13%,$8.47B,$0.37B,4.38%,$8.47B,$0.23B,2.74%,$0.23B,$0.52B,35.90%,$0.23B,$-1.15B,-23.02%,$0.23B,$17.49B,1.28%,$0.69B,$12.34B,5.22%,$1850,$985,$865,$0,$248,$1782,$68,$-84,$-16,$-7,$-9,$-9,$-9,$619,$136,$106,106,$-0.09,$-0.09,$854,$0,$517,$2077,$629,$0,$1669,$11793,$15415,$17492,$1733,$11822,$1180,$15238,$16971,$1,$-2124,$-116,$521,$17492,$-9,$483,$-18,$465,$0,$0,$0,$82,$47,$503,$-41,$0,$-36,$0,$0,$0,$-697,$-774,$579,$-7,$572,$-33,$-33,$0,$-12,$527,$230,$6,$0
15,2014-12-31,66.33,$6.27,10.57,$77.10,0.86,$50.97,1.3,$2.23,29.74,$1.68B,$1.52B,1.11,$11.38B,$0.67B,17.11,$8.49B,$4.23B,49.90%,$8.49B,$0.70B,8.20%,$8.49B,$0.98B,11.53%,$8.49B,$3.04B,35.82%,$8.49B,$0.39B,4.62%,$8.49B,$0.25B,2.89%,$0.25B,$0.67B,35.42%,$0.25B,$-1.06B,-25.62%,$0.25B,$16.84B,1.35%,$0.70B,$12.05B,5.32%,$1887,$978,$909,$0,$247,$1806,$81,$-48,$33,$10,$23,$23,$23,$631,$150,$105,111,$0.20,$0.21,$624,$0,$456,$1679,$638,$0,$1728,$11286,$15163,$16842,$1519,$11381,$3277,$14658,$16177,$1,$-2115,$-22,$665,$16842,$245,$2061,$139,$2200,$-60,$0,$0,$160,$134,$2579,$-182,$0,$9250,$0,$-11875,$-11875,$0,$-2807,$519,$5,$524,$-297,$-297,$0,$-45,$182,$-69,$25,$0
16,2014-09-30,54.89,$7.08,7.75,$76.64,0.72,$48.16,1.14,$1.76,31.19,$2.14B,$1.77B,1.21,$12.75B,$0.73B,17.41,$8.45B,$4.18B,49.49%,$8.45B,$0.78B,9.21%,$8.45B,$1.06B,12.55%,$8.45B,$3.07B,36.39%,$8.45B,$0.32B,3.80%,$8.45B,$0.19B,2.30%,$0.19B,$0.73B,27.01%,$0.19B,$-0.85B,-21.53%,$0.19B,$18.30B,1.08%,$0.78B,$13.48B,6.02%,$2542,$1168,$1374,$0,$298,$2171,$371,$-65,$306,$114,$192,$192,$192,$1024,$448,$104,110,$1.84,$1.74,$713,$0,$590,$2135,$623,$0,$1580,$12916,$16161,$18296,$1767,$12747,$3050,$15797,$17564,$1,$-2138,$49,$732,$18296,$222,$1580,$-12,$1568,$-102,$0,$0,$0,$59,$2067,$-127,$0,$-149,$0,$0,$0,$-3277,$-3553,$1757,$-3,$1754,$-204,$-204,$0,$-30,$1520,$20,$0,$0
17,2014-06-30,59.69,$6.39,9.34,$74.12,0.81,$44.72,1.33,$1.04,57.39,$2.13B,$1.73B,1.24,$14.15B,$0.67B,21.21,$8.30B,$4.06B,48.90%,$8.30B,$0.75B,9.05%,$8.30B,$1.03B,12.39%,$8.30B,$3.00B,36.17%,$8.30B,$0.25B,2.95%,$8.30B,$0.12B,1.45%,$0.12B,$0.67B,16.30%,$0.12B,$-0.97B,-13.45%,$0.12B,$19.99B,0.67%,$0.75B,$14.81B,5.90%,$2194,$1105,$1089,$0,$287,$2026,$168,$-120,$48,$22,$26,$26,$26,$787,$240,$105,111,$0.25,$0.24,$537,$0,$666,$2132,$628,$0,$1639,$14400,$17857,$19989,$1725,$14147,$1380,$17597,$19322,$1,$-2330,$125,$667,$19989,$30,$1004,$-24,$980,$-131,$0,$0,$107,$1,$1011,$-80,$0,$-125,$0,$0,$0,$-3863,$-4068,$3067,$0,$3067,$-146,$-146,$0,$-22,$2899,$-156,$0,$0
18,2014-03-31,48.7,$6.66,7.32,$72.82,0.67,$43.87,1.11,$0.54,90.19,$2.16B,$1.87B,1.16,$11.30B,$0.70B,16.08,$8.11B,$3.97B,48.90%,$8.11B,$0.73B,8.94%,$8.11B,$1.00B,12.28%,$8.11B,$2.93B,36.09%,$8.11B,$0.16B,1.96%,$8.11B,$0.07B,0.81%,$0.07B,$0.70B,9.03%,$0.07B,$-0.94B,-7.53%,$0.07B,$17.37B,0.38%,$0.73B,$12.01B,5.89%,$1862,$1000,$862,$0,$248,$1786,$76,$-71,$5,$1,$4,$4,$4,$597,$140,$107,109,$0.03,$0.03,$841,$0,$501,$2162,$613,$0,$1645,$11685,$15207,$17369,$1867,$11302,$3497,$14799,$16666,$1,$-2356,$120,$703,$17369,$4,$457,$-11,$446,$-27,$0,$0,$37,$-60,$390,$-36,$0,$-124,$0,$0,$0,$-797,$-957,$785,$11,$796,$-67,$-67,$0,$-13,$716,$148,$0,$0
19,2013-12-31,40.42,$7.24,5.59,$71.38,0.57,$43.20,0.94,$0.07,577.43,$1.94B,$1.57B,1.24,$10.64B,$0.77B,13.8,$7.94B,$3.86B,48.67%,$7.94B,$0.71B,8.92%,$7.94B,$0.97B,12.25%,$7.94B,$2.84B,35.82%,$7.94B,$0.10B,1.22%,$7.94B,$0.02B,0.20%,$0.02B,$0.77B,2.20%,$0.02B,$-0.84B,-1.87%,$0.02B,$16.28B,0.09%,$0.71B,$11.41B,5.81%,$1849,$994,$855,$0,$247,$1686,$163,$-201,$-38,$-10,$-28,$-28,$-28,$666,$232,$108,111,$-0.25,$-0.18,$693,$0,$455,$1944,$614,$0,$1614,$10813,$14340,$16284,$1568,$10642,$3303,$13945,$15513,$1,$-2360,$117,$771,$16284,$16,$1871,$231,$2102,$-66,$0,$0,$243,$135,$2253,$-152,$0,$-537,$0,$0,$0,$-1545,$-2234,$202,$-36,$166,$-22,$-22,$0,$-68,$76,$87,$20,$0
20,2013-09-30,28.83,$7.47,3.86,$68.74,0.42,$38.79,0.74,$-0.10,0.0,$2.01B,$1.86B,1.08,$11.84B,$0.80B,14.73,$7.79B,$3.76B,48.34%,$7.79B,$0.68B,8.77%,$7.79B,$0.94B,12.12%,$7.79B,$2.77B,35.53%,$7.79B,$0.07B,0.92%,$7.79B,$-0.00B,-0.03%,$-0.00B,$0.80B,-0.28%,$-0.00B,$-0.81B,0.27%,$-0.00B,$17.80B,-0.01%,$0.68B,$12.64B,5.72%,$2395,$1142,$1253,$0,$274,$2051,$344,$-114,$230,$112,$118,$118,$118,$952,$416,$108,116,$1.09,$1.02,$589,$0,$575,$2008,$570,$0,$1617,$12258,$15796,$17804,$1861,$11839,$3300,$15139,$17000,$1,$-2332,$110,$804,$17804,$44,$1437,$23,$1460,$-150,$0,$0,$0,$-67,$1743,$-92,$0,$-531,$0,$0,$0,$-2595,$-3218,$1568,$-32,$1536,$-10,$-10,$0,$-60,$1466,$-17,$0,$0
21,2013-06-30,28.75,$5.95,4.83,$66.52,0.43,$36.81,0.78,$1.26,22.82,$1.95B,$1.82B,1.07,$12.55B,$0.65B,19.43,$7.56B,$3.65B,48.21%,$7.56B,$0.69B,9.07%,$7.56B,$0.95B,12.59%,$7.56B,$2.69B,35.52%,$7.56B,$0.10B,1.35%,$7.56B,$0.16B,2.12%,$0.16B,$0.65B,22.16%,$0.16B,$-0.91B,-26.85%,$0.16B,$18.50B,0.96%,$0.69B,$13.20B,5.88%,$2002,$1007,$995,$0,$274,$1860,$142,$-180,$-38,$-10,$-28,$-28,$-28,$711,$208,$108,108,$-0.26,$-0.26,$1194,$0,$599,$1946,$560,$0,$1554,$13107,$16550,$18496,$1822,$12552,$3476,$16028,$17850,$1,$-2450,$50,$646,$18496,$-74,$901,$-2,$899,$-113,$0,$0,$175,$49,$874,$-56,$0,$-476,$0,$0,$0,$-2926,$-3458,$2523,$10,$2533,$11,$11,$0,$-46,$2498,$-103,$0,$0
22,2013-03-31,27.83,$6.42,4.34,$63.36,0.44,$34.78,0.8,$2.18,12.77,$1.87B,$1.58B,1.19,$10.78B,$0.69B,15.53,$7.43B,$3.56B,47.99%,$7.43B,$0.78B,10.52%,$7.43B,$1.06B,14.29%,$7.43B,$2.70B,36.36%,$7.43B,$0.27B,3.62%,$7.43B,$0.27B,3.60%,$0.27B,$0.69B,39.26%,$0.27B,$-0.86B,-52.12%,$0.27B,$16.56B,1.67%,$0.78B,$11.47B,6.91%,$1691,$931,$760,$0,$224,$1632,$59,$-116,$-57,$-11,$-46,$-46,$-46,$514,$116,$108,108,$-0.43,$-0.43,$569,$0,$558,$1871,$559,$0,$1556,$11225,$14686,$16557,$1575,$10780,$3508,$14288,$15863,$1,$-2422,$87,$694,$16557,$-46,$398,$0,$398,$-57,$0,$0,$61,$-52,$300,$-21,$0,$-476,$0,$0,$0,$-711,$-1208,$920,$-31,$889,$9,$9,$0,$-25,$873,$-37,$0,$0
23,2012-12-31,19.82,$7.07,2.8,$62.99,0.31,$34.39,0.58,$2.39,8.29,$1.71B,$1.48B,1.16,$9.65B,$0.76B,12.75,$7.36B,$3.53B,48.02%,$7.36B,$0.80B,10.90%,$7.36B,$1.10B,14.94%,$7.36B,$2.72B,36.96%,$7.36B,$0.30B,4.08%,$7.36B,$0.29B,3.94%,$0.29B,$0.76B,47.14%,$0.29B,$-0.35B,-63.22%,$0.29B,$15.22B,1.88%,$0.80B,$10.41B,7.35%,$1698,$942,$756,$0,$229,$1560,$138,$-201,$-63,$-17,$-46,$-46,$-46,$589,$204,$107,122,$-0.42,$-0.40,$606,$0,$405,$1710,$529,$0,$1106,$10419,$13508,$15218,$1478,$9654,$3329,$12983,$14461,$1,$-2376,$110,$757,$15218,$290,$1620,$31,$1651,$-65,$0,$0,$224,$-52,$1889,$-132,$0,$-69,$0,$0,$0,$-1872,$-2073,$269,$10,$279,$14,$14,$0,$-43,$250,$72,$0,$0
24,2012-09-30,15.38,$7.40,2.08,$64.52,0.24,$34.32,0.45,$1.20,12.82,$1.93B,$1.66B,1.16,$10.76B,$0.79B,13.6,$7.29B,$3.55B,48.69%,$7.29B,$0.79B,10.82%,$7.29B,$1.10B,15.10%,$7.29B,$2.74B,37.56%,$7.29B,$0.16B,2.24%,$7.29B,$0.17B,2.28%,$0.17B,$0.79B,31.38%,$0.17B,$-0.27B,-31.03%,$0.17B,$16.38B,1.12%,$0.79B,$11.55B,7.44%,$2170,$1036,$1134,$0,$244,$1823,$347,$-87,$260,$-20,$280,$280,$280,$872,$424,$107,118,$2.62,$2.38,$554,$0,$527,$1926,$499,$0,$1056,$11630,$14450,$16376,$1657,$10761,$3167,$13928,$15585,$1,$-2330,$103,$791,$16376,$336,$1235,$-107,$1128,$-146,$0,$0,$0,$-130,$1524,$-82,$0,$-5,$0,$0,$0,$-2925,$-3012,$1518,$1,$1519,$12,$12,$0,$-28,$1503,$20,$0,$0
25,2012-06-30,15.2,$4.48,3.4,$58.72,0.26,$31.74,0.48,$-0.53,0.0,$1.77B,$1.60B,1.11,$11.27B,$0.48B,23.57,$6.74B,$3.26B,48.28%,$6.74B,$0.69B,10.26%,$6.74B,$1.00B,14.85%,$6.74B,$2.63B,38.99%,$6.74B,$0.04B,0.58%,$6.74B,$-0.03B,-0.47%,$-0.03B,$0.48B,-6.82%,$-0.03B,$-0.57B,6.83%,$-0.03B,$15.98B,-0.23%,$0.69B,$11.75B,6.92%,$1866,$953,$913,$0,$233,$1629,$237,$-108,$129,$50,$79,$79,$79,$725,$317,$107,122,$0.74,$0.66,$454,$0,$557,$1766,$487,$0,$1051,$12204,$14217,$15983,$1595,$11267,$2643,$13910,$15505,$1,$-2610,$75,$478,$15983,$56,$787,$-99,$688,$-83,$0,$0,$52,$-22,$722,$-49,$0,$4072,$0,$-6938,$-6938,$-50,$-2965,$2171,$-1,$2170,$12,$12,$0,$-20,$2162,$-80,$0,$0
26,2012-03-31,14.15,$4.09,3.46,$54.36,0.26,$31.53,0.45,$-0.77,0.0,$1.72B,$1.67B,1.03,$9.53B,$0.44B,21.9,$6.29B,$3.03B,48.17%,$6.29B,$0.63B,9.94%,$6.29B,$0.92B,14.66%,$6.29B,$2.53B,40.25%,$6.29B,$-0.00B,-0.02%,$6.29B,$-0.06B,-0.94%,$-0.06B,$0.44B,-12.22%,$-0.06B,$-0.65B,17.76%,$-0.06B,$14.19B,-0.45%,$0.63B,$9.96B,6.65%,$1623,$893,$730,$0,$219,$1543,$80,$-106,$-26,$-3,$-23,$-23,$-23,$533,$154,$106,106,$-0.22,$-0.22,$606,$0,$443,$1721,$485,$0,$1083,$10388,$12466,$14187,$1670,$9525,$2557,$12082,$13752,$1,$-2689,$122,$435,$14187,$-23,$379,$-39,$340,$-28,$0,$0,$29,$-64,$253,$-20,$0,$2143,$0,$0,$0,$-3090,$-967,$804,$-12,$792,$6,$6,$0,$-15,$783,$72,$0,$0
27,2011-12-31,10.72,$3.91,2.74,$50.59,0.21,$31.85,0.34,$-0.49,0.0,$1.54B,$1.47B,1.05,$8.73B,$0.41B,21.19,$5.90B,$2.88B,48.73%,$5.90B,$0.61B,10.25%,$5.90B,$0.89B,15.10%,$5.90B,$2.46B,41.68%,$5.90B,$0.04B,0.61%,$5.90B,$-0.03B,-0.49%,$-0.03B,$0.41B,-6.00%,$-0.03B,$-0.65B,14.46%,$-0.03B,$12.94B,-0.24%,$0.61B,$9.14B,6.78%,$1630,$858,$772,$0,$243,$1505,$125,$-325,$-200,$-30,$-170,$-170,$-170,$608,$206,$105,105,$-1.62,$-1.41,$534,$0,$380,$1541,$493,$0,$1066,$9394,$11397,$12938,$1470,$8732,$1342,$11056,$12526,$1,$-2666,$78,$412,$12938,$-29,$1568,$-85,$1483,$29,$0,$0,$93,$124,$1578,$-65,$0,$-841,$0,$-8259,$-8259,$6792,$-2373,$631,$-97,$534,$0,$0,$0,$-110,$424,$-377,$0,$0
28,2011-09-30,9.67,$5.23,1.85,$44.78,0.22,$29.93,0.32,$0.90,10.74,$2.16B,$1.06B,2.04,$8.63B,$0.55B,15.63,$5.50B,$2.67B,48.56%,$5.50B,$0.49B,8.88%,$5.50B,$0.77B,13.96%,$5.50B,$2.30B,41.83%,$5.50B,$0.20B,3.66%,$5.50B,$0.12B,2.13%,$0.12B,$0.55B,24.22%,$0.12B,$0.00B,-158.64%,$0.12B,$12.31B,1.01%,$0.49B,$9.18B,5.75%,$1623,$783,$840,$0,$190,$1373,$250,$-114,$136,$54,$82,$82,$82,$763,$324,$105,129,$0.78,$0.65,$1397,$0,$256,$2156,$394,$0,$551,$8576,$10155,$12311,$1059,$8625,$2075,$10700,$11759,$1,$-2496,$81,$552,$12311,$141,$1166,$-224,$942,$-36,$0,$0,$84,$189,$1272,$-30,$0,$0,$0,$0,$0,$-2744,$-2774,$1661,$0,$1661,$0,$0,$0,$-52,$1609,$91,$0,$0
29,2011-06-30,17.09,$5.05,3.39,$44.13,0.39,$30.55,0.56,$0.98,17.44,$1.91B,$1.01B,1.88,$8.78B,$0.53B,16.5,$5.39B,$2.64B,48.95%,$5.39B,$0.45B,8.38%,$5.39B,$0.74B,13.67%,$5.39B,$2.21B,41.00%,$5.39B,$0.21B,3.88%,$5.39B,$0.13B,2.32%,$0.13B,$0.53B,28.52%,$0.13B,$-0.03B,-104.60%,$0.13B,$12.44B,1.12%,$0.45B,$9.31B,5.54%,$1412,$725,$687,$0,$169,$1242,$170,$-81,$89,$37,$52,$52,$52,$627,$238,$105,129,$0.49,$0.42,$1051,$0,$306,$1906,$405,$0,$560,$8931,$10535,$12441,$1012,$8779,$2118,$10897,$11909,$1,$-2578,$148,$532,$12441,$59,$727,$-148,$579,$-24,$0,$0,$4,$64,$702,$-17,$0,$3039,$0,$-5242,$-5242,$-469,$-2689,$1756,$0,$1756,$0,$0,$0,$-40,$1716,$-266,$0,$0
30,2011-03-31,17.91,$4.16,4.31,$43.40,0.41,$30.27,0.59,$0.78,22.96,$1.68B,$0.91B,1.85,$7.60B,$0.44B,17.36,$5.27B,$2.60B,49.44%,$5.27B,$0.35B,6.70%,$5.27B,$0.65B,12.27%,$5.27B,$2.09B,39.64%,$5.27B,$0.15B,2.83%,$5.27B,$0.10B,1.88%,$0.10B,$0.44B,27.39%,$0.10B,$-0.12B,-51.03%,$0.10B,$11.04B,0.90%,$0.35B,$8.04B,4.48%,$1235,$659,$576,$0,$154,$1175,$60,$-49,$11,$4,$7,$7,$7,$461,$123,$105,107,$0.07,$0.06,$913,$0,$289,$1681,$413,$0,$559,$7755,$9359,$11040,$911,$7603,$2088,$9691,$10602,$1,$-2630,$112,$438,$11040,$7,$338,$-39,$299,$-1,$0,$0,$2,$-29,$277,$-8,$0,$1674,$0,$-2331,$-2331,$-195,$-860,$589,$0,$589,$0,$0,$0,$-3,$586,$2,$0,$0
31,2010-12-31,15.56,$3.95,3.94,$43.08,0.36,$30.42,0.51,$0.35,44.46,$1.64B,$0.93B,1.76,$7.01B,$0.41B,17.1,$5.19B,$2.57B,49.55%,$5.19B,$0.31B,5.94%,$5.19B,$0.61B,11.80%,$5.19B,$2.03B,39.13%,$5.19B,$0.07B,1.39%,$5.19B,$0.05B,1.04%,$0.05B,$0.41B,17.50%,$0.05B,$-0.15B,-21.93%,$0.05B,$10.33B,0.50%,$0.31B,$7.42B,4.04%,$1226,$660,$566,$0,$139,$1218,$8,$-43,$-35,$-11,$-24,$-24,$-24,$448,$82,$103,127,$-0.23,$-0.09,$911,$0,$282,$1638,$425,$0,$557,$7120,$8689,$10327,$933,$7009,$1975,$8984,$9917,$1,$-2637,$92,$410,$10327,$54,$1417,$-44,$1373,$-20,$0,$0,$229,$213,$1640,$-61,$0,$6317,$0,$-8031,$-8031,$172,$-1603,$561,$-110,$451,$0,$0,$0,$-71,$380,$429,$0,$0
32,2010-09-30,11.65,$3.61,3.22,$44.75,0.26,$32.16,0.36,$0.11,105.91,$1.35B,$0.94B,1.44,$7.40B,$0.37B,19.83,$5.12B,$2.55B,49.74%,$5.12B,$0.27B,5.27%,$5.12B,$0.58B,11.31%,$5.12B,$1.95B,38.09%,$5.12B,$0.02B,0.37%,$5.12B,$0.03B,0.57%,$0.03B,$0.37B,11.09%,$0.03B,$-0.18B,-9.91%,$0.03B,$10.70B,0.27%,$0.27B,$7.77B,3.63%,$1512,$705,$807,$0,$156,$1299,$213,$-69,$144,$54,$90,$90,$90,$672,$293,$103,127,$0.88,$0.73,$940,$0,$300,$1347,$418,$0,$555,$7837,$9354,$10701,$937,$7396,$1995,$9391,$10328,$1,$-2613,$42,$373,$10701,$78,$1051,$0,$1051,$-34,$0,$0,$185,$165,$1338,$-39,$0,$4445,$0,$0,$0,$-6422,$-2016,$791,$67,$858,$0,$0,$0,$-45,$813,$141,$0,$0
33,2010-06-30,9.82,$2.18,4.5,$46.83,0.21,$33.68,0.29,$-0.08,0.0,$1.77B,$1.37B,1.29,$8.08B,$0.23B,35.92,$5.07B,$2.47B,48.76%,$5.07B,$0.18B,3.51%,$5.07B,$0.48B,9.50%,$5.07B,$1.86B,36.73%,$5.07B,$-0.04B,-0.83%,$5.07B,$-0.00B,-0.08%,$-0.00B,$0.23B,-1.77%,$-0.00B,$-0.33B,1.22%,$-0.00B,$11.70B,-0.04%,$0.18B,$8.31B,2.49%,$1294,$639,$655,$0,$143,$1222,$72,$-43,$29,$3,$26,$26,$26,$507,$148,$103,127,$0.25,$0.22,$458,$0,$908,$1774,$419,$0,$551,$8351,$9924,$11698,$1372,$8083,$2018,$10101,$11473,$1,$-2703,$-28,$225,$11698,$-12,$672,$0,$672,$-26,$0,$0,$0,$42,$660,$-23,$0,$3127,$0,$-5448,$-5448,$117,$-2227,$1384,$202,$1586,$0,$0,$0,$-38,$1548,$-24,$0,$0
34,2010-03-31,11.5,$2.20,5.23,$49.44,0.23,$35.24,0.33,$-0.36,0.0,$1.69B,$1.33B,1.28,$6.75B,$0.23B,29.88,$5.09B,$2.48B,48.76%,$5.09B,$0.15B,2.93%,$5.09B,$0.45B,8.80%,$5.09B,$1.88B,36.94%,$5.09B,$-0.07B,-1.43%,$5.09B,$-0.04B,-0.71%,$-0.04B,$0.23B,-18.00%,$-0.04B,$-0.33B,10.22%,$-0.04B,$10.26B,-0.35%,$0.15B,$6.98B,2.15%,$1153,$612,$541,$0,$131,$1138,$15,$-81,$-66,$-28,$-38,$-38,$-38,$402,$89,$103,103,$-0.37,$-0.37,$470,$0,$858,$1693,$431,$0,$556,$6967,$8564,$10257,$1328,$6752,$1951,$8703,$10031,$1,$-2729,$3,$226,$10257,$-38,$313,$0,$313,$-5,$0,$0,$0,$6,$280,$-7,$0,$1832,$0,$-2487,$-2487,$167,$-495,$285,$-47,$238,$0,$0,$0,$-38,$200,$-12,$0,$0
35,2009-12-31,13.12,$2.17,6.05,$49.94,0.26,$35.73,0.37,$-0.47,0.0,$1.73B,$1.28B,1.35,$6.49B,$0.22B,29.25,$5.13B,$2.50B,48.63%,$5.13B,$0.11B,2.12%,$5.13B,$0.40B,7.85%,$5.13B,$1.89B,36.83%,$5.13B,$-0.08B,-1.50%,$5.13B,$-0.05B,-0.92%,$-0.05B,$0.22B,-30.42%,$-0.05B,$-0.33B,11.94%,$-0.05B,$10.09B,-0.46%,$0.11B,$6.72B,1.58%,$1160,$617,$543,$0,$130,$1190,$-30,$-58,$-88,$-39,$-49,$-49,$-49,$369,$49,$102,102,$-0.47,$-0.46,$482,$0,$851,$1730,$442,$0,$554,$6770,$8363,$10093,$1284,$6493,$2094,$8587,$9871,$1,$-2691,$-37,$222,$10093,$-47,$1487,$-57,$1430,$52,$0,$0,$0,$43,$1491,$-39,$0,$7144,$0,$-6775,$-6775,$-164,$166,$-1286,$-107,$-1393,$62,$62,$0,$-134,$-1465,$224,$0,$0
36,2009-09-30,13.36,$2.24,5.97,$50.96,0.26,$37.43,0.36,$-1.20,0.0,$1.13B,$0.86B,1.32,$6.39B,$0.23B,27.9,$5.23B,$2.50B,47.82%,$5.23B,$0.00B,0.08%,$5.23B,$0.31B,5.85%,$5.23B,$0.61B,11.64%,$5.23B,$-0.15B,-2.92%,$5.23B,$-0.12B,-2.27%,$-0.12B,$0.23B,-97.34%,$-0.12B,$-0.32B,28.15%,$-0.12B,$9.96B,-1.12%,$0.00B,$6.62B,0.06%,$1465,$731,$734,$0,$155,$1344,$121,$-38,$83,$26,$57,$57,$57,$585,$196,$102,105,$0.55,$0.54,$470,$0,$263,$1129,$439,$0,$553,$7295,$8833,$9962,$858,$6389,$2486,$8875,$9733,$1,$-2642,$-71,$229,$9962,$2,$1167,$0,$1167,$25,$0,$0,$0,$47,$1250,$-19,$0,$5424,$0,$-5000,$-5000,$15,$420,$-1515,$36,$-1479,$0,$0,$0,$-8,$-1487,$212,$0,$0
37,2009-06-30,5.65,$1.20,4.7,$53.68,0.11,$38.96,0.15,$-11.65,0.0,$1.21B,$0.88B,1.37,$7.23B,$0.12B,58.76,$5.47B,$2.62B,47.95%,$5.47B,$-0.00B,-0.07%,$5.47B,$0.30B,5.43%,$5.47B,$1.94B,35.53%,$5.47B,$-1.42B,-26.01%,$5.47B,$-1.18B,-21.62%,$-1.18B,$0.12B,-738.75%,$-1.18B,$-0.42B,306.61%,$-1.18B,$10.81B,-10.56%,$-0.00B,$7.35B,-0.05%,$1312,$648,$664,$0,$133,$1269,$43,$-45,$-2,$4,$-6,$-6,$-6,$524,$114,$102,102,$-0.06,$-0.06,$434,$0,$385,$1205,$460,$0,$546,$8028,$9604,$10809,$878,$7228,$2580,$9808,$10686,$1,$-2699,$-117,$123,$10809,$-55,$778,$0,$778,$16,$0,$0,$0,$-46,$688,$-14,$0,$3966,$0,$-3949,$-3949,$66,$69,$-742,$144,$-598,$0,$0,$0,$-2,$-600,$176,$0,$0
38,2009-03-31,0.91,$0.43,2.11,$56.62,0.02,$40.30,0.02,$-11.44,0.0,$1.09B,$0.89B,1.22,$6.79B,$0.04B,154.3,$5.73B,$2.72B,47.51%,$5.73B,$0.01B,0.19%,$5.73B,$0.32B,5.49%,$5.73B,$2.01B,35.11%,$5.73B,$-1.40B,-24.33%,$5.73B,$-1.16B,-20.25%,$-1.16B,$0.04B,-235.26%,$-1.16B,$-0.50B,317.21%,$-1.16B,$10.26B,-9.60%,$0.01B,$6.83B,0.13%,$1194,$640,$554,$0,$133,$1219,$-25,$-45,$-70,$-21,$-49,$-49,$-49,$412,$44,$102,102,$-0.48,$-0.48,$345,$0,$355,$1086,$475,$0,$539,$7597,$9169,$10255,$889,$6789,$2533,$9322,$10211,$1,$-2693,$-196,$44,$10255,$-49,$368,$0,$368,$13,$0,$0,$0,$-11,$328,$-8,$0,$2229,$0,$-1559,$-1559,$113,$775,$-1000,$-16,$-1016,$0,$0,$0,$0,$-1016,$87,$0,$0
39,2008-12-31,0.7,$0.91,0.77,$58.94,0.01,$40.77,0.02,$-11.07,0.0,$1.07B,$0.91B,1.18,$7.81B,$0.09B,84.01,$5.98B,$2.84B,47.41%,$5.98B,$0.05B,0.80%,$5.98B,$0.37B,6.17%,$5.98B,$2.10B,35.03%,$5.98B,$-1.34B,-22.44%,$5.98B,$-1.12B,-18.78%,$-1.12B,$0.09B,-136.78%,$-1.12B,$-0.45B,321.83%,$-1.12B,$11.32B,-8.62%,$0.05B,$7.91B,0.50%,$1261,$711,$550,$0,$144,$1396,$-135,$-29,$-164,$-43,$-121,$-121,$-121,$-912,$-48,$102,102,$-1.17,$-1.17,$258,$0,$380,$1073,$485,$0,$542,$8715,$10245,$11318,$911,$7813,$2501,$10314,$11225,$1,$-2644,$-194,$93,$11318,$-1124,$1727,$1021,$2748,$50,$0,$0,$0,$17,$1704,$-83,$0,$-88,$0,$0,$0,$-1925,$-2096,$406,$152,$558,$-33,$-33,$0,$-62,$463,$44,$0,$0
40,2008-09-30,5.74,$3.74,1.53,$60.01,0.1,$40.58,0.14,$-20.03,0.0,$1.17B,$0.98B,1.2,$8.63B,$0.38B,22.71,$6.11B,$2.97B,48.63%,$6.11B,$-0.95B,-15.47%,$6.11B,$-0.63B,-10.38%,$6.11B,$3.53B,57.82%,$6.11B,$-2.33B,-38.19%,$6.11B,$-2.06B,-33.70%,$-2.06B,$0.38B,-176.78%,$-2.06B,$-0.18B,662.59%,$-2.06B,$12.40B,-15.44%,$-0.95B,$9.01B,-9.70%,$1701,$847,$854,$0,$171,$1588,$113,$-1299,$-1186,$-180,$-1006,$-1006,$-1006,$1919,$187,$102,102,$-9.91,$-9.91,$374,$0,$439,$1173,$498,$0,$555,$9766,$11231,$12404,$981,$8630,$2413,$11043,$12024,$1,$-2523,$-21,$380,$12404,$-1003,$2591,$0,$2591,$24,$0,$0,$0,$-182,$1418,$-65,$0,$4933,$0,$-7023,$-7023,$-340,$-2495,$902,$388,$1290,$-33,$-33,$0,$-8,$1249,$160,$0,$0
41,2008-06-30,8.37,$14.35,0.58,$59.64,0.14,$39.66,0.21,$-9.14,0.0,$1.23B,$1.06B,1.17,$9.28B,$1.46B,6.37,$6.13B,$3.00B,48.98%,$6.13B,$-0.91B,-14.82%,$6.13B,$-0.58B,-9.38%,$6.13B,$2.33B,37.96%,$6.13B,$-1.03B,-16.83%,$6.13B,$-0.95B,-15.51%,$-0.95B,$1.46B,-55.36%,$-0.95B,$-0.35B,264.62%,$-0.95B,$14.39B,-6.81%,$-0.91B,$10.74B,-8.80%,$1577,$811,$766,$0,$173,$1519,$58,$-33,$25,$10,$15,$15,$15,$594,$132,$100,100,$0.15,$0.15,$262,$0,$492,$1232,$505,$0,$1802,$10598,$13160,$14392,$1055,$9284,$2596,$11880,$12935,$1,$-1516,$55,$1457,$14392,$4,$859,$0,$859,$-24,$0,$0,$0,$-4,$840,$-47,$0,$3956,$0,$-6202,$-6202,$-341,$-2634,$1658,$226,$1884,$-33,$-33,$0,$-8,$1843,$48,$0,$0
42,2008-03-31,10.62,$13.40,0.79,$58.34,0.18,$38.60,0.28,$-9.06,0.0,$1.21B,$1.10B,1.1,$9.02B,$1.36B,6.65,$6.07B,$2.97B,48.90%,$6.07B,$-0.90B,-14.77%,$6.07B,$-0.57B,-9.33%,$6.07B,$2.30B,37.90%,$6.07B,$-1.02B,-16.83%,$6.07B,$-0.94B,-15.51%,$-0.94B,$1.36B,-47.42%,$-0.94B,$-0.43B,250.93%,$-0.94B,$14.06B,-6.62%,$-0.90B,$10.38B,-8.49%,$1445,$778,$667,$0,$167,$1433,$12,$-30,$-18,$-6,$-12,$-12,$-12,$495,$98,$103,103,$-0.11,$-0.11,$219,$0,$539,$1207,$503,$0,$1785,$10271,$12856,$14063,$1095,$9021,$2590,$11611,$12706,$1,$-1532,$-26,$1357,$14063,$-12,$397,$0,$397,$-16,$0,$0,$0,$3,$395,$-23,$0,$2074,$0,$-3682,$-3682,$-348,$-1979,$1529,$97,$1626,$-33,$-33,$0,$-4,$1589,$5,$0,$0
43,2007-12-31,13.0,$14.09,0.92,$57.53,0.23,$38.24,0.34,$-8.83,0.0,$1.22B,$1.10B,1.1,$7.38B,$1.47B,5.04,$5.99B,$2.95B,49.33%,$5.99B,$-0.87B,-14.53%,$5.99B,$-0.56B,-9.27%,$5.99B,$2.29B,38.24%,$5.99B,$-0.99B,-16.57%,$5.99B,$-0.92B,-15.30%,$-0.92B,$1.47B,-40.59%,$-0.92B,$-0.30B,235.17%,$-0.92B,$12.47B,-6.45%,$-0.87B,$8.85B,-8.19%,$1386,$702,$684,$0,$155,$2514,$-1128,$-26,$-1154,$-109,$-1045,$-1045,$-1056,$524,$-1051,$103,103,$-10.24,$-10.22,$214,$0,$570,$1218,$500,$0,$1760,$8762,$11256,$12474,$1104,$7383,$2522,$9905,$11009,$1,$-1520,$32,$1465,$12474,$-916,$2844,$-88,$2756,$-6,$0,$0,$0,$-88,$1714,$-94,$0,$-11,$0,$46,$46,$-1858,$-1917,$284,$-86,$198,$50,$50,$0,$-9,$239,$42,$0,$0
44,2007-09-30,22.89,$24.87,0.92,$57.33,0.4,$24.08,0.95,$1.35,16.96,$1.42B,$1.27B,1.12,$8.73B,$2.59B,3.38,$5.93B,$2.92B,49.17%,$5.93B,$0.32B,5.34%,$5.93B,$0.62B,10.49%,$5.93B,$2.25B,37.93%,$5.93B,$0.15B,2.60%,$5.93B,$0.14B,2.41%,$0.14B,$2.59B,5.72%,$0.14B,$-0.37B,-32.65%,$0.14B,$14.91B,0.99%,$0.32B,$11.31B,2.94%,$1719,$835,$884,$0,$176,$1569,$150,$-34,$116,$53,$63,$63,$103,$713,$246,$104,105,$1.00,$0.99,$302,$0,$640,$1420,$502,$0,$2953,$9905,$13491,$14911,$1271,$8725,$2330,$11055,$12326,$1,$-464,$84,$2585,$14911,$140,$1269,$-42,$1227,$-41,$0,$0,$0,$-7,$1372,$-70,$0,$5776,$0,$-8416,$-8416,$-125,$-2835,$1383,$160,$1543,$49,$49,$0,$-5,$1587,$130,$0,$0
45,2007-06-30,28.43,$24.28,1.17,$56.53,0.5,$11.24,2.53,$-9.70,0.0,$1.21B,$1.12B,1.08,$9.16B,$2.53B,3.62,$5.78B,$2.82B,48.81%,$5.78B,$0.24B,4.08%,$5.78B,$0.53B,9.21%,$5.78B,$2.08B,36.04%,$5.78B,$-0.42B,-7.32%,$5.78B,$-0.97B,-16.84%,$-0.97B,$2.53B,-39.12%,$-0.97B,$-0.41B,217.55%,$-0.97B,$15.38B,-6.83%,$0.24B,$11.69B,2.23%,$1516,$785,$731,$0,$168,$1446,$70,$-35,$35,$12,$23,$23,$24,$567,$141,$103,105,$0.23,$0.23,$227,$0,$540,$1209,$497,$0,$2939,$10562,$14167,$15376,$1121,$9156,$2569,$11725,$12846,$1,$-568,$117,$2530,$15376,$36,$802,$-1,$801,$-14,$0,$0,$0,$-55,$771,$-51,$0,$3750,$0,$-6374,$-6374,$-92,$-2767,$1886,$129,$2015,$39,$39,$0,$-6,$2048,$55,$0,$0
46,2007-03-31,27.32,$23.97,1.14,$56.59,0.48,$5.40,5.05,$-17.43,0.0,$1.11B,$1.05B,1.06,$8.19B,$2.45B,3.35,$5.72B,$2.82B,49.24%,$5.72B,$0.18B,3.22%,$5.72B,$0.48B,8.47%,$5.72B,$1.98B,34.69%,$5.72B,$-0.57B,-9.94%,$5.72B,$-2.05B,-35.88%,$-2.05B,$2.45B,-45.78%,$-2.05B,$-0.49B,690.57%,$-2.05B,$14.08B,-10.69%,$0.18B,$10.64B,1.39%,$1365,$711,$654,$0,$159,$1327,$38,$-27,$11,$-1,$12,$12,$13,$485,$109,$102,103,$0.13,$0.12,$254,$0,$431,$1112,$486,$0,$2932,$9408,$12963,$14075,$1050,$8192,$2387,$10579,$11629,$1,$-591,$64,$2446,$14075,$13,$376,$-1,$375,$-2,$0,$0,$0,$-39,$355,$-20,$0,$0,$0,$106,$106,$-1477,$-1391,$1052,$54,$1106,$13,$13,$0,$-1,$1118,$82,$0,$0
47,2006-12-31,21.69,$24.14,0.9,$56.62,0.38,$3.22,6.74,$-16.85,0.0,$1.81B,$1.88B,0.96,$7.08B,$2.44B,2.9,$5.69B,$2.80B,49.25%,$5.69B,$0.13B,2.34%,$5.69B,$0.45B,7.96%,$5.69B,$1.92B,33.75%,$5.69B,$-0.68B,-11.90%,$5.69B,$-1.99B,-35.05%,$-1.99B,$2.44B,-30.02%,$-1.99B,$-0.49B,157.82%,$-1.99B,$13.27B,-8.18%,$0.13B,$9.53B,0.79%,$1332,$684,$648,$0,$148,$1273,$59,$-67,$-8,$-12,$4,$4,$3,$485,$126,$101,101,$0.07,$0.07,$172,$0,$1264,$1806,$486,$0,$2932,$7821,$11465,$13271,$1884,$7083,$1861,$8944,$10828,$1,$-586,$68,$2443,$13271,$-1994,$1467,$1200,$2667,$-33,$0,$0,$0,$-421,$252,$-95,$0,$-118,$0,$0,$0,$-540,$-753,$-4059,$-282,$-4341,$-197,$-197,$-113,$-53,$-4704,$-374,$0,$-113
