,Date,Stock Price,Book Value per Share,Price to Book Ratio,TTM Sales per Share,Price to Sales Ratio,TTM FCF per Share,Price to FCF Ratio,TTM Net EPS,PE Ratio,Current Assets,Current Liabilities,Current Ratio,Long Term Debt,Shareholder's Equity_x,Debt to Equity Ratio,TTM Revenue_x,TTM Gross Profit,Gross Margin,TTM Revenue_y,TTM Operating Income,Operating Margin,TTM Revenue_x,TTM EBIT,EBIT Margin,TTM Revenue_y,TTM EBITDA,EBITDA Margin,TTM Revenue_x,TTM Pre-Tax Income,Pre-Tax Margin,TTM Revenue_y,TTM Net Income_x,Net Margin,TTM Net Income_y,Shareholder's Equity_y,Return on Equity,TTM Net Income_x,Tangible Equity,Return on Tangible Equity,TTM Net Income_y,Total Assets,Return on Assets,TTM Net Income,LT Investments & Debt,Return on Investment,revenue,cost-goods-sold,gross-profit,research-development-expenses,selling-general-administrative-expenses,operating-expenses,operating-income,total-non-operating-income-expense,pre-tax-income,total-provision-income-taxes,income-after-taxes,income-from-continuous-operations,net-income,ebitda,ebit,basic-shares-outstanding,shares-outstanding,eps-basic-net-earnings-per-share,eps-earnings-per-share-diluted,cash-on-hand,inventory,other-current-assets,total-current-assets,net-property-plant-equipment,long-term-investments,goodwill-intangible-assets-total,other-long-term-assets,total-long-term-assets,total-assets,total-current-liabilities,long-term-debt,other-non-current-liabilities,total-long-term-liabilities,total-liabilities,common-stock-net,retained-earnings-accumulated-deficit,comprehensive-income,total-share-holder-equity,total-liabilities-share-holders-equity,net-income-loss,total-depreciation-amortization-cash-flow,other-non-cash-items,total-non-cash-items,change-in-accounts-receivable,change-in-inventories,change-in-accounts-payable,change-in-assets-liabilities,total-change-in-assets-liabilities,cash-flow-from-operating-activities,net-change-in-property-plant-equipment,net-change-in-intangible-assets,net-acquisitions-divestitures,net-change-in-short-term-investments,net-change-in-long-term-investments,net-change-in-investments-total,investing-activities-other,cash-flow-from-investing-activities,net-long-term-debt,net-current-debt,debt-issuance-retirement-net-total,net-common-equity-issued-repurchased,net-total-equity-issued-repurchased,total-common-preferred-stock-dividends-paid,financial-activities-other,cash-flow-from-financial-activities,net-cash-flow,stock-based-compensation,common-stock-dividends-paid
0,2018-09-30,8.22,$6.84,1.2,$3.84,2.14,$1.68,4.89,$0.29,28.34,$0.42B,$0.39B,1.07,$0.03B,$0.05B,0.53,$0.02B,$0.02B,77.27%,$0.02B,$0.00B,18.18%,$0.02B,0,0.00%,$0.02B,0,0.00%,$0.02B,$0.00B,18.18%,$0.02B,$0.00B,13.64%,$0.00B,$0.05B,7.74%,$0.00B,$0.05B,7.74%,$0.00B,$0.47B,0.67%,$0.00B,$0.08B,5.67%,$6,$1,$5,$0,$3,$4,$1,$-0,$1,$0,$1,$1,$1,$0,$0,$7,7,$0.13,$0.13,$37,$0,$0,$415,$6,$32,$0,$12,$50,$465,$387,$26,$3,$29,$416,$18,$6,$-1,$49,$465,$2,$1,$0,$1,$-0,$0,$0,$0,$0,$3,$0,$0,$0,$0,$-0,$-0,$-34,$-34,$-8,$0,$-8,$18,$18,$0,$46,$57,$26,$0,$0
1,2018-06-30,8.24,$6.73,1.22,$4.03,2.04,$1.68,4.89,$0.23,35.83,$0.42B,$0.39B,1.07,$0.03B,$0.05B,0.54,$0.02B,$0.02B,76.19%,$0.02B,$0.00B,19.05%,$0.02B,0,0.00%,$0.02B,0,0.00%,$0.02B,$0.00B,19.05%,$0.02B,$0.00B,9.52%,$0.00B,$0.05B,5.88%,$0.00B,$0.05B,5.88%,$0.00B,$0.47B,0.46%,$0.00B,$0.07B,5.99%,$6,$1,$4,$0,$3,$5,$1,$-0,$1,$0,$1,$1,$1,$0,$0,$7,7,$0.08,$0.08,$51,$0,$0,$422,$6,$30,$0,$12,$49,$471,$394,$26,$3,$29,$423,$18,$5,$-1,$48,$471,$1,$0,$0,$1,$-0,$0,$0,$0,$0,$2,$0,$0,$0,$0,$2,$2,$-27,$-25,$-8,$0,$-8,$18,$18,$0,$53,$64,$40,$0,$0
2,2018-03-31,9.29,$6.30,1.47,$4.16,2.23,$1.60,5.79,$0.19,48.89,$0.40B,$0.37B,1.07,$0.04B,$0.03B,1.4,$0.02B,$0.02B,80.00%,$0.02B,$0.00B,15.00%,$0.02B,0,0.00%,$0.02B,0,0.00%,$0.02B,$0.00B,15.00%,$0.02B,$0.00B,5.00%,$0.00B,$0.03B,3.39%,$0.00B,$0.03B,3.42%,$0.00B,$0.45B,0.24%,$0.00B,$0.07B,4.80%,$5,$1,$4,$0,$3,$4,$1,$0,$1,$0,$1,$1,$1,$0,$0,$5,5,$0.12,$0.12,$34,$0,$0,$398,$6,$30,$0,$12,$49,$447,$373,$41,$3,$44,$417,$12,$5,$-1,$29,$447,$1,$0,$0,$0,$-0,$0,$0,$-0,$0,$1,$-0,$0,$0,$0,$1,$1,$-20,$-19,$7,$0,$7,$0,$0,$0,$32,$40,$21,$0,$0
3,2017-12-31,9.55,$6.25,1.53,$3.98,2.4,$1.41,6.76,$0.11,86.82,$0.36B,$0.34B,1.05,$0.03B,$0.03B,1.15,$0.02B,$0.02B,78.95%,$0.02B,$0.00B,10.53%,$0.02B,0,0.00%,$0.02B,0,0.00%,$0.02B,$0.00B,10.53%,$0.02B,0,0.00%,$0.00B,$0.03B,0.00%,$0.00B,$0.03B,0.00%,$0.00B,$0.41B,0.00%,$0.00B,$0.06B,3.39%,$5,$1,$4,$0,$4,$4,$1,$0,$1,$1,$-0,$-0,$-0,$0,$0,$5,5,$-0.08,$-0.06,$11,$0,$0,$357,$6,$32,$0,$11,$50,$407,$341,$33,$3,$37,$377,$12,$5,$-1,$29,$407,$0,$1,$2,$3,$-0,$0,$0,$0,$0,$3,$0,$0,$0,$0,$-5,$-5,$-47,$-52,$9,$0,$9,$0,$0,$0,$22,$31,$-17,$0,$0
4,2017-09-30,8.18,$6.39,1.28,$3.80,2.15,$1.44,5.7,$0.22,37.18,$0.35B,$0.34B,1.04,$0.03B,$0.03B,1.01,$0.02B,$0.02B,83.33%,$0.02B,$0.00B,11.11%,$0.02B,0,0.00%,$0.02B,0,0.00%,$0.02B,$0.00B,11.11%,$0.02B,0,0.00%,$0.00B,$0.03B,0.00%,$0.00B,$0.03B,0.00%,$0.00B,$0.40B,0.00%,$0.00B,$0.06B,3.54%,$5,$1,$4,$0,$3,$4,$1,$0,$1,$0,$0,$0,$0,$0,$0,$5,5,$0.08,$0.07,$15,$0,$0,$353,$7,$30,$0,$11,$47,$400,$338,$30,$3,$32,$371,$12,$5,$-0,$30,$400,$1,$1,$1,$2,$-0,$0,$0,$-0,$-0,$2,$0,$0,$0,$0,$-2,$-2,$-38,$-39,$6,$0,$6,$0,$0,$0,$19,$25,$-12,$0,$0
5,2017-06-30,7.48,$6.35,1.18,$3.72,2.01,$1.61,4.64,$0.16,46.75,$0.34B,$0.33B,1.03,$0.03B,$0.03B,0.91,$0.02B,$0.02B,88.24%,$0.02B,$0.00B,5.88%,$0.02B,0,0.00%,$0.02B,0,0.00%,$0.02B,$0.00B,5.88%,$0.02B,0,0.00%,$0.00B,$0.03B,0.00%,$0.00B,$0.03B,0.00%,$0.00B,$0.39B,0.00%,$0.00B,$0.06B,1.89%,$5,$1,$4,$0,$3,$4,$0,$0,$0,$0,$0,$0,$0,$0,$0,$5,5,$0.04,$0.04,$20,$0,$0,$342,$7,$31,$0,$11,$48,$390,$331,$27,$2,$29,$361,$12,$5,$-0,$30,$390,$0,$0,$1,$1,$-0,$0,$-0,$-0,$-1,$1,$-0,$0,$0,$0,$-2,$-2,$-22,$-24,$3,$0,$3,$0,$0,$0,$12,$15,$-8,$0,$0
6,2017-03-31,7.94,$6.31,1.26,$3.70,2.15,$1.93,4.12,$0.20,39.71,$0.34B,$0.32B,1.04,$0.03B,$0.03B,0.92,$0.02B,$0.02B,93.75%,$0.02B,$0.00B,12.50%,$0.02B,0,0.00%,$0.02B,0,0.00%,$0.02B,$0.00B,12.50%,$0.02B,0,0.00%,$0.00B,$0.03B,0.00%,$0.00B,$0.03B,0.00%,$0.00B,$0.38B,0.00%,$0.00B,$0.06B,3.96%,$4,$1,$3,$0,$3,$4,$0,$0,$0,$0,$0,$0,$0,$0,$0,$5,5,$0.05,$0.04,$27,$0,$0,$336,$7,$28,$0,$12,$47,$382,$324,$27,$3,$30,$353,$12,$4,$-0,$29,$382,$0,$0,$0,$1,$0,$0,$0,$-1,$-0,$0,$-0,$0,$0,$0,$0,$0,$-9,$-9,$3,$0,$3,$0,$0,$0,$5,$8,$-1,$0,$0
7,2016-12-31,6.4,$6.24,1.03,$3.71,1.72,$2.01,3.18,$0.24,26.67,$0.33B,$0.32B,1.05,$0.02B,$0.03B,0.83,$0.02B,$0.02B,100.00%,$0.02B,$0.00B,18.75%,$0.02B,0,0.00%,$0.02B,0,0.00%,$0.02B,$0.00B,18.75%,$0.02B,0,0.00%,$0.00B,$0.03B,0.00%,$0.00B,$0.03B,0.00%,$0.00B,$0.38B,0.00%,$0.00B,$0.05B,6.15%,$4,$1,$4,$0,$3,$4,$1,$0,$1,$0,$0,$0,$0,$0,$0,$5,5,$0.06,$0.07,$28,$0,$0,$334,$6,$28,$0,$7,$41,$375,$319,$24,$3,$27,$346,$12,$4,$-0,$29,$375,$1,$1,$1,$2,$0,$0,$0,$-0,$0,$3,$0,$0,$0,$0,$-4,$-4,$-17,$-21,$11,$-2,$8,$0,$-3,$-0,$34,$39,$21,$0,$0
8,2016-09-30,6.1,$6.82,0.89,$3.68,1.66,$1.89,3.22,$0.22,27.73,$0.33B,$0.32B,1.03,$0.01B,$0.03B,0.45,$0.02B,$0.02B,100.00%,$0.02B,$0.00B,12.50%,$0.02B,0,0.00%,$0.02B,0,0.00%,$0.02B,$0.00B,12.50%,$0.02B,0,0.00%,$0.00B,$0.03B,0.00%,$0.00B,$0.03B,0.00%,$0.00B,$0.37B,0.00%,$0.00B,$0.05B,4.30%,$4,$1,$4,$0,$3,$4,$0,$0,$0,$0,$0,$0,$0,$0,$0,$5,5,$0.01,$0.01,$33,$0,$0,$332,$6,$28,$0,$7,$40,$372,$323,$14,$3,$17,$340,$12,$4,$0,$32,$372,$1,$0,$1,$1,$0,$0,$0,$-0,$-0,$2,$1,$0,$0,$0,$-3,$-3,$-10,$-12,$1,$-2,$-1,$0,$0,$-0,$38,$37,$27,$0,$0
9,2016-06-30,5.9,$6.83,0.86,$3.65,1.62,$1.53,3.86,$0.29,20.34,$0.33B,$0.32B,1.03,$0.02B,$0.03B,0.53,$0.02B,$0.02B,100.00%,$0.02B,$0.00B,18.75%,$0.02B,0,0.00%,$0.02B,0,0.00%,$0.02B,$0.00B,18.75%,$0.02B,0,0.00%,$0.00B,$0.03B,0.00%,$0.00B,$0.03B,0.00%,$0.00B,$0.37B,0.00%,$0.00B,$0.05B,7.02%,$4,$1,$4,$0,$3,$4,$1,$0,$1,$0,$0,$0,$0,$0,$0,$5,5,$0.09,$0.08,$43,$0,$0,$333,$6,$28,$0,$7,$41,$374,$324,$15,$3,$18,$342,$12,$4,$0,$32,$374,$1,$0,$1,$1,$0,$0,$0,$-0,$-0,$2,$1,$0,$0,$0,$-3,$-3,$-1,$-4,$2,$-2,$-0,$0,$0,$-0,$39,$38,$36,$0,$0
10,2016-03-31,5.9,$6.68,0.88,$3.55,1.66,$1.12,5.25,$0.27,21.85,$0.33B,$0.32B,1.01,$0.02B,$0.03B,0.64,$0.02B,$0.02B,93.75%,$0.02B,$0.00B,18.75%,$0.02B,0,0.00%,$0.02B,0,0.00%,$0.02B,$0.00B,18.75%,$0.02B,0,0.00%,$0.00B,$0.03B,0.00%,$0.00B,$0.03B,0.00%,$0.00B,$0.37B,0.00%,$0.00B,$0.05B,6.78%,$4,$1,$4,$0,$3,$4,$1,$0,$1,$0,$0,$0,$0,$0,$0,$5,5,$0.08,$0.08,$30,$0,$0,$325,$6,$34,$0,$8,$48,$373,$321,$18,$3,$21,$342,$12,$3,$-0,$31,$373,$0,$0,$0,$0,$0,$0,$0,$-0,$-0,$0,$0,$0,$0,$0,$-10,$-10,$-6,$-15,$5,$-2,$3,$0,$0,$-0,$36,$38,$24,$0,$0
11,2015-12-31,6.2,$6.56,0.95,$3.41,1.82,$1.07,5.78,$0.22,28.18,$0.30B,$0.29B,1.03,$0.01B,$0.03B,0.44,$0.02B,$0.01B,87.50%,$0.02B,$0.00B,12.50%,$0.02B,0,0.00%,$0.02B,0,0.00%,$0.02B,$0.00B,12.50%,$0.02B,0,0.00%,$0.00B,$0.03B,0.00%,$0.00B,$0.03B,0.00%,$0.00B,$0.33B,0.00%,$0.00B,$0.04B,6.25%,$4,$1,$4,$0,$3,$4,$0,$0,$0,$0,$0,$0,$0,$0,$0,$5,5,$0.00,$0.01,$6,$0,$0,$296,$6,$24,$0,$8,$38,$334,$287,$13,$3,$16,$304,$12,$3,$-0,$30,$334,$1,$0,$1,$2,$-0,$0,$-0,$-1,$-1,$2,$1,$0,$0,$0,$2,$2,$-47,$-44,$-9,$2,$-7,$0,$0,$-0,$48,$41,$-1,$0,$0
12,2015-09-30,5.6,$6.58,0.85,$3.27,1.71,$1.14,4.92,$1.27,4.41,$0.29B,$0.30B,0.97,$0.00B,$0.03B,0.01,$0.02B,$0.01B,87.50%,$0.02B,$0.01B,37.50%,$0.02B,0,0.00%,$0.02B,0,0.00%,$0.02B,$0.01B,37.50%,$0.02B,$0.01B,31.25%,$0.01B,$0.03B,21.98%,$0.01B,$0.03B,22.22%,$0.01B,$0.33B,2.09%,$0.01B,$0.03B,17.65%,$4,$1,$4,$0,$3,$3,$1,$0,$1,$0,$0,$0,$0,$0,$0,$5,5,$0.08,$0.08,$8,$0,$0,$292,$6,$24,$0,$10,$41,$332,$301,$0,$0,$0,$302,$12,$3,$-0,$31,$332,$1,$0,$0,$1,$-0,$0,$-0,$-0,$-0,$1,$0,$0,$0,$0,$2,$2,$-42,$-40,$-10,$0,$-10,$0,$0,$-0,$48,$38,$-0,$0,$0
13,2015-06-30,5.13,$6.48,0.79,$3.14,1.63,$1.39,3.69,$1.34,3.83,$0.29B,$0.28B,1.04,$0.02B,$0.03B,0.85,$0.02B,$0.01B,81.25%,$0.02B,$0.01B,37.50%,$0.02B,0,0.00%,$0.02B,0,0.00%,$0.02B,$0.01B,37.50%,$0.02B,$0.01B,37.50%,$0.01B,$0.03B,40.00%,$0.01B,$0.03B,40.00%,$0.01B,$0.33B,3.83%,$0.01B,$0.05B,22.86%,$4,$1,$3,$0,$3,$3,$1,$0,$1,$0,$0,$0,$0,$0,$0,$5,5,$0.07,$0.06,$16,$0,$0,$292,$6,$25,$0,$10,$42,$333,$280,$23,$0,$23,$303,$12,$3,$-0,$30,$333,$1,$0,$0,$0,$-0,$0,$-0,$-0,$-0,$1,$0,$0,$0,$0,$1,$1,$-34,$-33,$1,$0,$1,$0,$0,$-0,$39,$40,$7,$0,$0
14,2015-03-31,5.37,$0.00,0.0,$3.05,1.76,$1.86,2.89,$1.41,3.81,$0.00B,$0.00B,0.0,$0.00B,$0.00B,0.0,$0.02B,$0.01B,81.25%,$0.02B,$0.01B,37.50%,$0.02B,0,0.00%,$0.02B,0,0.00%,$0.02B,$0.01B,37.50%,$0.02B,$0.01B,43.75%,$0.01B,$0.00B,93.33%,$0.01B,$0.00B,93.33%,$0.01B,$0.00B,9.56%,$0.01B,$0.00B,46.15%,$4,$1,$3,$0,$3,$3,$0,$0,$0,$0,$0,$0,$0,$0,$0,$5,5,$0.03,$0.03,$0,$0,$0,$0,$0,$0,$0,$0,$0,$0,$0,$0,$0,$0,$0,$0,$0,$0,$0,$0,$0,$0,$0,$0,$-0,$0,$-0,$-0,$-0,$0,$0,$0,$0,$0,$1,$1,$-14,$-13,$-10,$0,$-10,$0,$0,$-0,$23,$12,$-1,$0,$0
15,2014-12-31,5.05,$6.43,0.79,$3.01,1.68,$1.82,2.77,$1.49,3.39,$0.25B,$0.24B,1.06,$0.02B,$0.03B,0.82,$0.02B,$0.01B,86.67%,$0.02B,$0.01B,60.00%,$0.02B,0,0.00%,$0.02B,0,0.00%,$0.02B,$0.01B,60.00%,$0.02B,$0.01B,53.33%,$0.01B,$0.03B,106.67%,$0.01B,$0.03B,106.67%,$0.01B,$0.29B,10.92%,$0.01B,$0.05B,69.23%,$4,$0,$4,$0,$0,$0,$4,$0,$4,$0,$4,$5,$5,$0,$0,$5,5,$1.10,$1.10,$9,$0,$0,$251,$6,$26,$0,$9,$42,$293,$237,$22,$4,$26,$263,$12,$2,$0,$30,$293,$7,$0,$-4,$0,$0,$0,$0,$0,$0,$4,$-0,$0,$0,$0,$0,$0,$-40,$-19,$10,$-0,$10,$0,$0,$-0,$17,$18,$2,$0,$0
16,2014-09-30,4.95,$0.00,0.0,$3.01,1.65,$2.05,2.42,$0.31,15.97,$0.00B,$0.00B,0.0,$0.00B,$0.00B,0.0,$0.02B,$0.01B,73.33%,$0.02B,$0.01B,33.33%,$0.02B,0,0.00%,$0.02B,0,0.00%,$0.02B,$0.01B,60.00%,$0.02B,$0.00B,20.00%,$0.00B,$0.00B,54.55%,$0.00B,$0.00B,54.55%,$0.00B,$0.00B,4.51%,$0.01B,$0.00B,43.48%,$4,$0,$3,$0,$2,$3,$1,$-0,$1,$0,$1,$1,$1,$0,$0,$5,5,$0.15,$0.15,$0,$0,$0,$0,$0,$0,$0,$0,$0,$0,$0,$0,$0,$0,$0,$0,$0,$0,$0,$0,$2,$0,$0,$1,$0,$0,$-0,$0,$0,$3,$-0,$0,$0,$0,$1,$1,$-3,$-2,$-2,$-0,$-2,$0,$0,$-0,$3,$1,$2,$0,$0
17,2014-06-30,5.0,$0.00,0.0,$3.02,1.66,$1.49,3.35,$0.20,25.0,$0.00B,$0.00B,0.0,$0.00B,$0.00B,0.0,$0.02B,$0.01B,80.00%,$0.02B,$0.01B,53.33%,$0.02B,0,0.00%,$0.02B,0,0.00%,$0.02B,$0.01B,80.00%,$0.02B,$0.00B,13.33%,$0.00B,$0.00B,36.36%,$0.00B,$0.00B,36.36%,$0.00B,$0.00B,3.01%,$0.01B,$0.00B,69.57%,$4,$0,$3,$0,$2,$3,$1,$-0,$1,$0,$1,$1,$1,$0,$0,$5,5,$0.13,$0.13,$0,$0,$0,$0,$0,$0,$0,$0,$0,$0,$0,$0,$0,$0,$0,$0,$0,$0,$0,$0,$1,$0,$0,$1,$0,$0,$-0,$-0,$-0,$2,$1,$0,$0,$0,$1,$1,$2,$4,$-3,$-0,$-3,$0,$0,$-0,$2,$-1,$4,$0,$0
18,2014-03-31,4.22,$0.00,0.0,$3.00,1.41,$0.90,4.71,$-0.25,0.0,$0.00B,$0.00B,0.0,$0.00B,$0.00B,0.0,$0.01B,$0.01B,85.71%,$0.01B,$0.01B,71.43%,$0.01B,0,0.00%,$0.01B,0,0.00%,$0.01B,$0.01B,100.00%,$0.01B,0,0.00%,$0.00B,$0.00B,0.00%,$0.00B,$0.00B,0.00%,$0.00B,$0.00B,0.00%,$0.01B,$0.00B,86.96%,$3,$0,$3,$0,$0,$0,$3,$0,$3,$0,$3,$1,$1,$0,$0,$5,5,$0.11,$0.11,$0,$0,$0,$0,$0,$0,$0,$0,$0,$0,$0,$0,$0,$0,$0,$0,$0,$0,$0,$0,$0,$0,$0,$0,$0,$0,$0,$0,$0,$0,$0,$0,$0,$0,$0,$0,$0,$0,$0,$0,$0,$0,$0,$0,$0,$0,$0,$0,$0
19,2013-12-31,3.31,$4.80,0.69,$2.98,1.11,$0.90,3.7,$-0.35,0.0,$0.45B,$0.46B,0.97,$0.02B,$0.02B,1.19,$0.01B,$0.01B,85.71%,$0.01B,$0.01B,50.00%,$0.01B,0,0.00%,$0.01B,0,0.00%,$0.01B,$0.01B,78.57%,$0.01B,$-0.00B,-7.14%,$-0.00B,$0.02B,-8.51%,$-0.00B,$0.02B,-8.51%,$-0.00B,$0.27B,-0.74%,$0.01B,$0.05B,39.44%,$4,$2,$2,$0,$2,$3,$0,$0,$4,$0,$4,$-0,$-0,$0,$0,$5,5,$-0.08,$-0.08,$7,$0,$0,$448,$6,$26,$0,$11,$43,$266,$462,$23,$0,$23,$244,$12,$-4,$-1,$22,$266,$-1,$1,$4,$1,$-0,$0,$-0,$1,$1,$4,$-0,$0,$0,$0,$-2,$-2,$-16,$-8,$2,$0,$2,$0,$0,$-0,$-10,$-2,$-6,$0,$0
20,2013-09-30,2.93,$0.00,0.0,$3.02,0.97,$1.11,2.64,$-0.44,0.0,$0.00B,$0.00B,0.0,$0.00B,$0.00B,0.0,$0.01B,$0.01B,100.00%,$0.01B,$0.01B,78.57%,$0.01B,0,0.00%,$0.01B,0,0.00%,$0.01B,$0.01B,78.57%,$0.01B,$-0.00B,-14.29%,$-0.00B,$0.00B,-16.00%,$-0.00B,$0.00B,-16.00%,$-0.00B,$0.00B,-1.46%,$0.01B,$0.00B,64.71%,$4,$0,$4,$0,$0,$0,$4,$0,$4,$0,$4,$0,$0,$0,$0,$5,5,$0.04,$0.04,$0,$0,$0,$0,$0,$0,$0,$0,$0,$0,$0,$0,$0,$0,$0,$0,$0,$0,$0,$0,$0,$0,$0,$0,$0,$0,$0,$0,$0,$0,$0,$0,$0,$0,$0,$0,$0,$0,$0,$0,$0,$0,$0,$0,$0,$0,$0,$0,$0
21,2013-06-30,2.46,$0.00,0.0,$3.05,0.81,$1.11,2.22,$-0.51,0.0,$0.00B,$0.00B,0.0,$0.00B,$0.00B,0.0,$0.01B,$0.01B,100.00%,$0.01B,$0.01B,78.57%,$0.01B,0,0.00%,$0.01B,0,0.00%,$0.01B,$0.01B,78.57%,$0.01B,$-0.00B,-14.29%,$-0.00B,$0.00B,-16.00%,$-0.00B,$0.00B,-16.00%,$-0.00B,$0.00B,-1.46%,$0.01B,$0.00B,64.71%,$3,$0,$3,$0,$0,$0,$3,$0,$3,$0,$3,$-1,$-1,$0,$0,$5,5,$-0.32,$-0.32,$0,$0,$0,$0,$0,$0,$0,$0,$0,$0,$0,$0,$0,$0,$0,$0,$0,$0,$0,$0,$0,$0,$0,$0,$0,$0,$0,$0,$0,$0,$0,$0,$0,$0,$0,$0,$0,$0,$0,$0,$0,$0,$0,$0,$0,$0,$0,$0,$0
22,2013-03-31,3.1,$0.00,0.0,$3.11,1.0,$1.11,2.8,$-0.12,0.0,$0.21B,$0.24B,0.88,$0.00B,$0.00B,0.0,$0.02B,$0.02B,100.00%,$0.02B,$0.01B,80.00%,$0.02B,0,0.00%,$0.02B,0,0.00%,$0.02B,$0.01B,80.00%,$0.02B,$-0.00B,-6.67%,$-0.00B,$0.03B,-8.00%,$-0.00B,$0.03B,-8.00%,$-0.00B,$0.28B,-0.73%,$0.01B,$0.03B,70.59%,$3,$1,$3,$0,$3,$3,$0,$0,$0,$0,$0,$0,$0,$0,$0,$5,5,$0.01,$0.01,$0,$0,$0,$211,$0,$0,$0,$0,$0,$276,$241,$0,$0,$0,$251,$0,$0,$0,$25,$276,$0,$0,$0,$0,$0,$0,$0,$0,$0,$0,$0,$0,$0,$0,$0,$0,$0,$0,$0,$0,$0,$0,$0,$0,$0,$0,$0,$0,$0
23,2012-12-31,2.34,$5.38,0.43,$3.15,0.74,$1.11,2.11,$-0.01,0.0,$0.45B,$0.47B,0.96,$0.02B,$0.02B,0.82,$0.02B,$0.02B,100.00%,$0.02B,$0.02B,100.00%,$0.02B,0,0.00%,$0.02B,0,0.00%,$0.02B,$0.02B,100.00%,$0.02B,0,0.00%,$0.00B,$0.03B,0.00%,$0.00B,$0.03B,0.00%,$0.00B,$0.27B,0.00%,$0.02B,$0.04B,148.84%,$4,$0,$4,$0,$0,$0,$4,$0,$4,$0,$4,$-1,$-1,$0,$0,$5,5,$-0.17,$-0.17,$16,$0,$0,$450,$6,$26,$0,$11,$44,$271,$471,$18,$0,$18,$246,$12,$-3,$0,$25,$271,$0,$1,$4,$1,$-0,$0,$-0,$1,$1,$5,$-0,$0,$0,$0,$4,$4,$-28,$-8,$-4,$0,$-4,$0,$-1,$-0,$19,$4,$1,$0,$0
24,2012-09-30,2.63,$0.00,0.0,$2.78,0.94,$0.71,3.68,$-0.14,0.0,$0.00B,$0.00B,0.0,$0.00B,$0.00B,0.0,$0.01B,$0.01B,92.86%,$0.01B,$0.01B,78.57%,$0.01B,0,0.00%,$0.01B,0,0.00%,$0.01B,$0.01B,78.57%,$0.01B,0,0.00%,$0.00B,$0.00B,0.00%,$0.00B,$0.00B,0.00%,$0.00B,$0.00B,0.00%,$0.01B,$0.00B,83.02%,$4,$0,$4,$0,$0,$0,$4,$0,$4,$0,$4,$-0,$-0,$0,$0,$5,5,$-0.03,$-0.03,$0,$0,$0,$0,$0,$0,$0,$0,$0,$0,$0,$0,$0,$0,$0,$0,$0,$0,$0,$0,$0,$0,$0,$0,$0,$0,$0,$0,$0,$0,$0,$0,$0,$0,$0,$0,$0,$0,$0,$0,$0,$0,$0,$0,$0,$0,$0,$0,$0
25,2012-06-30,3.0,$0.00,0.0,$2.76,1.09,$0.71,4.2,$-0.04,0.0,$0.00B,$0.00B,0.0,$0.00B,$0.00B,0.0,$0.01B,$0.01B,85.71%,$0.01B,$0.01B,50.00%,$0.01B,0,0.00%,$0.01B,0,0.00%,$0.01B,$0.01B,50.00%,$0.01B,0,0.00%,$0.00B,$0.00B,0.00%,$0.00B,$0.00B,0.00%,$0.00B,$0.00B,0.00%,$0.01B,$0.00B,35.00%,$4,$0,$4,$0,$0,$0,$4,$0,$4,$0,$4,$0,$0,$0,$0,$5,5,$0.07,$0.07,$0,$0,$0,$0,$0,$0,$0,$0,$0,$0,$0,$0,$0,$0,$0,$0,$0,$0,$0,$0,$0,$0,$0,$0,$0,$0,$0,$0,$0,$0,$0,$0,$0,$0,$0,$0,$0,$0,$0,$0,$0,$0,$0,$0,$0,$0,$0,$0,$0
26,2012-03-31,2.3,$0.00,0.0,$2.72,0.85,$0.71,3.22,$-0.28,0.0,$0.00B,$0.00B,0.0,$0.00B,$0.00B,0.0,$0.01B,$0.01B,76.92%,$0.01B,$0.00B,15.38%,$0.01B,0,0.00%,$0.01B,0,0.00%,$0.01B,$0.00B,15.38%,$0.01B,$-0.00B,-7.69%,$-0.00B,$0.00B,-5.00%,$-0.00B,$0.00B,-5.00%,$-0.00B,$0.00B,-0.49%,$0.00B,$0.00B,7.48%,$4,$0,$4,$0,$0,$0,$4,$0,$4,$0,$4,$1,$1,$0,$0,$5,5,$0.12,$0.12,$0,$0,$0,$0,$0,$0,$0,$0,$0,$0,$0,$0,$0,$0,$0,$0,$0,$0,$0,$0,$0,$0,$0,$0,$0,$0,$0,$0,$0,$0,$0,$0,$0,$0,$0,$0,$0,$0,$0,$0,$0,$0,$0,$0,$0,$0,$0,$0,$0
27,2011-12-31,2.33,$5.62,0.41,$2.71,0.86,$0.71,3.26,$-0.50,0.0,$0.43B,$0.45B,0.96,$0.03B,$0.02B,1.19,$0.01B,$0.01B,66.67%,$0.01B,$-0.00B,-16.67%,$0.01B,0,0.00%,$0.01B,0,0.00%,$0.01B,$-0.00B,-16.67%,$0.01B,$-0.00B,-16.67%,$-0.00B,$0.03B,-7.48%,$-0.00B,$0.03B,-7.48%,$-0.00B,$0.27B,-0.73%,$-0.00B,$0.05B,-5.97%,$2,$1,$1,$0,$2,$3,$-1,$0,$-1,$0,$-1,$-1,$-1,$0,$0,$5,5,$-0.30,$-0.30,$19,$0,$0,$431,$7,$30,$1,$8,$45,$266,$451,$26,$0,$26,$240,$12,$-3,$0,$26,$266,$-2,$0,$4,$0,$0,$0,$-0,$1,$1,$3,$-0,$0,$0,$0,$-0,$-0,$-14,$-5,$-2,$0,$-2,$5,$5,$-0,$-7,$-0,$-2,$0,$0
28,2011-09-30,3.0,$0.00,0.0,$3.76,0.8,0,0.0,$-0.39,0.0,$0.20B,$0.23B,0.88,$0.00B,$0.00B,0.0,$0.01B,$0.01B,78.57%,$0.01B,$0.00B,21.43%,$0.01B,0,0.00%,$0.01B,0,0.00%,$0.01B,$0.00B,21.43%,$0.01B,$-0.00B,-7.14%,$-0.00B,$0.03B,-3.85%,$-0.00B,$0.03B,-3.85%,$-0.00B,$0.27B,-0.37%,$0.00B,$0.03B,11.54%,$4,$1,$3,$0,$2,$3,$0,$0,$0,$0,$0,$0,$0,$0,$0,$5,5,$0.07,$0.07,$0,$0,$0,$201,$0,$0,$0,$0,$0,$270,$227,$0,$0,$0,$243,$0,$0,$0,$27,$270,$0,$0,$0,$0,$0,$0,$0,$0,$0,$0,$0,$0,$0,$0,$0,$0,$0,$0,$0,$0,$0,$0,$0,$0,$0,$0,$0,$0,$0
29,2011-06-30,2.95,$0.00,0.0,$5.35,0.55,0,0.0,$-0.61,0.0,$0.20B,$0.23B,0.87,$0.00B,$0.00B,0.0,$0.02B,$0.01B,81.25%,$0.02B,$0.01B,31.25%,$0.02B,0,0.00%,$0.02B,0,0.00%,$0.02B,$0.00B,18.75%,$0.02B,$-0.00B,-6.25%,$-0.00B,$0.03B,-4.00%,$-0.00B,$0.03B,-4.00%,$-0.00B,$0.28B,-0.37%,$0.01B,$0.03B,20.00%,$3,$1,$2,$0,$3,$4,$-1,$0,$-1,$0,$-1,$-1,$-1,$0,$0,$5,5,$-0.17,$-0.17,$0,$0,$0,$202,$0,$0,$0,$0,$0,$277,$233,$0,$0,$0,$251,$0,$0,$0,$27,$277,$0,$0,$0,$0,$0,$0,$0,$0,$0,$0,$0,$0,$0,$0,$0,$0,$0,$0,$0,$0,$0,$0,$0,$0,$0,$0,$0,$0,$0
30,2011-03-31,3.19,$0.00,0.0,$6.12,0.52,0,0.0,$-0.28,0.0,$0.20B,$0.23B,0.85,$0.00B,$0.00B,0.0,$0.02B,$0.01B,82.35%,$0.02B,$0.01B,41.18%,$0.02B,0,0.00%,$0.02B,0,0.00%,$0.02B,$0.00B,23.53%,$0.02B,0,0.00%,$0.00B,$0.03B,0.00%,$0.00B,$0.03B,0.00%,$0.00B,$0.28B,0.00%,$0.01B,$0.03B,29.17%,$3,$1,$2,$0,$3,$4,$-0,$0,$-0,$0,$-0,$-0,$-0,$0,$0,$5,5,$-0.10,$-0.10,$0,$0,$0,$197,$0,$0,$0,$0,$0,$277,$232,$0,$0,$0,$250,$0,$0,$0,$27,$277,$0,$0,$0,$0,$0,$0,$0,$0,$0,$0,$0,$0,$0,$0,$0,$0,$0,$0,$0,$0,$0,$0,$0,$0,$0,$0,$0,$0,$0
31,2010-12-31,3.45,$0.00,0.0,$6.94,0.5,0,0.0,$-0.03,0.0,$0.20B,$0.23B,0.88,$0.00B,$0.00B,0.0,$0.02B,$0.02B,88.89%,$0.02B,$0.01B,61.11%,$0.02B,0,0.00%,$0.02B,0,0.00%,$0.02B,$0.01B,44.44%,$0.02B,0,0.00%,$0.00B,$0.02B,0.00%,$0.00B,$0.02B,0.00%,$0.00B,$0.27B,0.00%,$0.01B,$0.02B,63.77%,$4,$0,$4,$0,$0,$0,$4,$0,$4,$0,$4,$-0,$-0,$0,$0,$3,3,$-0.19,$-0.19,$0,$0,$0,$200,$0,$0,$0,$0,$0,$268,$228,$0,$0,$0,$245,$0,$0,$0,$23,$268,$0,$0,$0,$0,$0,$0,$0,$0,$0,$0,$0,$0,$0,$0,$0,$0,$0,$0,$0,$0,$0,$0,$0,$0,$0,$0,$0,$0,$0
32,2010-09-30,5.85,$0.00,0.0,$7.09,0.82,0,0.0,$-0.39,0.0,$0.21B,$0.23B,0.92,$0.00B,$0.00B,0.0,$0.02B,$0.02B,88.89%,$0.02B,$0.01B,61.11%,$0.02B,0,0.00%,$0.02B,0,0.00%,$0.02B,$0.01B,44.44%,$0.02B,$-0.00B,-5.56%,$-0.00B,$0.02B,-8.70%,$-0.00B,$0.02B,-8.70%,$-0.00B,$0.27B,-0.74%,$0.01B,$0.02B,95.65%,$6,$1,$5,$0,$3,$4,$2,$0,$-0,$0,$-0,$-0,$-0,$0,$0,$3,3,$-0.15,$-0.15,$0,$0,$0,$208,$0,$0,$0,$0,$0,$269,$227,$0,$0,$0,$246,$0,$0,$0,$23,$269,$0,$0,$0,$0,$0,$0,$0,$0,$0,$0,$0,$0,$0,$0,$0,$0,$0,$0,$0,$0,$0,$0,$0,$0,$0,$0,$0,$0,$0
33,2010-06-30,4.55,$0.00,0.0,$6.12,0.74,0,0.0,$-0.76,0.0,$0.21B,$0.23B,0.91,$0.00B,$0.00B,0.0,$0.01B,$0.01B,92.86%,$0.01B,$0.01B,78.57%,$0.01B,0,0.00%,$0.01B,0,0.00%,$0.01B,$0.01B,71.43%,$0.01B,$-0.00B,-14.29%,$-0.00B,$0.02B,-34.78%,$-0.00B,$0.02B,-34.78%,$-0.00B,$0.27B,-2.92%,$0.01B,$0.02B,191.30%,$4,$1,$3,$0,$2,$3,$1,$0,$0,$0,$0,$0,$0,$0,$0,$3,3,$0.16,$0.16,$0,$0,$0,$210,$0,$0,$0,$0,$0,$274,$232,$0,$0,$0,$251,$0,$0,$0,$23,$274,$0,$0,$0,$0,$0,$0,$0,$0,$0,$0,$0,$0,$0,$0,$0,$0,$0,$0,$0,$0,$0,$0,$0,$0,$0,$0,$0,$0,$0
34,2010-03-31,5.0,$0.00,0.0,$5.95,0.84,0,0.0,$-1.05,0.0,$0.00B,$0.00B,0.0,$0.00B,$0.00B,0.0,$0.01B,$0.01B,91.67%,$0.01B,$0.01B,83.33%,$0.01B,0,0.00%,$0.01B,0,0.00%,$0.01B,$0.01B,83.33%,$0.01B,$-0.00B,-16.67%,$-0.00B,$0.00B,-40.00%,$-0.00B,$0.00B,-40.00%,$-0.00B,$0.00B,-4.68%,$0.01B,$0.00B,200.00%,$4,$0,$4,$0,$0,$0,$4,$0,$4,$0,$4,$0,$0,$0,$0,$3,3,$0.15,$0.15,$0,$0,$0,$0,$0,$0,$0,$0,$0,$0,$0,$0,$0,$0,$0,$0,$0,$0,$0,$0,$0,$0,$0,$0,$0,$0,$0,$0,$0,$0,$0,$0,$0,$0,$0,$0,$0,$0,$0,$0,$0,$0,$0,$0,$0,$0,$0,$0,$0
35,2009-12-31,5.0,$0.00,0.0,$5.73,0.87,0,0.0,$-1.22,0.0,$0.00B,$0.00B,0.0,$0.00B,$0.00B,0.0,$0.01B,$0.01B,80.00%,$0.01B,$0.01B,60.00%,$0.01B,0,0.00%,$0.01B,0,0.00%,$0.01B,$0.01B,60.00%,$0.01B,$-0.00B,-20.00%,$-0.00B,$0.00B,-40.00%,$-0.00B,$0.00B,-40.00%,$-0.00B,$0.00B,-4.68%,$0.01B,$0.00B,120.00%,$4,$0,$4,$0,$0,$0,$4,$0,$4,$0,$4,$-1,$-1,$0,$0,$2,2,$-0.55,$-0.55,$0,$0,$0,$0,$0,$0,$0,$0,$0,$0,$0,$0,$0,$0,$0,$0,$0,$0,$0,$0,$0,$0,$0,$0,$0,$0,$0,$0,$0,$0,$0,$0,$0,$0,$0,$0,$0,$0,$0,$0,$0,$0,$0,$0,$0,$0,$0,$0,$0
36,2009-09-30,5.9,$0.00,0.0,$5.51,1.07,0,0.0,$-0.98,0.0,$0.00B,$0.00B,0.0,$0.00B,$0.00B,0.0,$0.01B,$0.01B,62.50%,$0.01B,0,0.00%,$0.01B,0,0.00%,$0.01B,0,0.00%,$0.01B,$0.00B,12.50%,$0.01B,$-0.00B,-25.00%,$-0.00B,$0.00B,-22.22%,$-0.00B,$0.00B,-21.62%,$-0.00B,$0.00B,-2.42%,$0.00B,$0.00B,0.00%,$2,$0,$2,$0,$0,$0,$2,$0,$2,$0,$2,$-1,$-1,$0,$0,$2,2,$-0.52,$-0.52,$0,$0,$0,$0,$0,$0,$0,$0,$0,$0,$0,$0,$0,$0,$0,$0,$0,$0,$0,$0,$0,$0,$0,$0,$0,$0,$0,$0,$0,$0,$0,$0,$0,$0,$0,$0,$0,$0,$0,$0,$0,$0,$0,$0,$0,$0,$0,$0,$0
37,2009-06-30,7.24,$0.00,0.0,$4.91,1.48,0,0.0,$-0.46,0.0,$0.14B,$0.14B,1.07,$0.00B,$0.00B,0.0,$0.01B,$0.00B,42.86%,$0.01B,$-0.00B,-28.57%,$0.01B,0,0.00%,$0.01B,0,0.00%,$0.01B,$-0.00B,-14.29%,$0.01B,$-0.00B,-14.29%,$-0.00B,$0.02B,-7.55%,$-0.00B,$0.02B,-7.41%,$-0.00B,$0.17B,-0.82%,$-0.00B,$0.02B,-15.09%,$2,$1,$1,$0,$2,$3,$-0,$0,$-0,$-0,$-0,$-0,$-0,$0,$0,$2,2,$-0.13,$-0.13,$0,$0,$0,$144,$0,$0,$0,$0,$0,$171,$135,$0,$0,$0,$152,$0,$0,$0,$20,$171,$0,$0,$0,$0,$0,$0,$0,$0,$0,$0,$0,$0,$0,$0,$0,$0,$0,$0,$0,$0,$0,$0,$0,$0,$0,$0,$0,$0,$0
38,2009-03-31,4.8,$0.00,0.0,$4.94,0.97,0,0.0,$-0.32,0.0,$0.00B,$0.00B,0.0,$0.00B,$0.00B,0.0,$0.01B,$0.00B,42.86%,$0.01B,$-0.00B,-28.57%,$0.01B,0,0.00%,$0.01B,0,0.00%,$0.01B,$-0.00B,-14.29%,$0.01B,$-0.00B,-14.29%,$-0.00B,$0.00B,-8.00%,$-0.00B,$0.00B,-7.84%,$-0.00B,$0.00B,-0.86%,$-0.00B,$0.00B,-16.00%,$2,$1,$1,$0,$1,$2,$0,$0,$0,$0,$0,$0,$0,$0,$0,$2,2,$-0.02,$-0.02,$0,$0,$0,$0,$0,$0,$0,$0,$0,$0,$0,$0,$0,$0,$0,$0,$0,$0,$0,$0,$0,$0,$0,$0,$0,$0,$0,$0,$0,$0,$0,$0,$0,$0,$0,$0,$0,$0,$0,$0,$0,$0,$0,$0,$0,$0,$0,$0,$0
39,2008-12-31,6.15,$0.00,0.0,$4.99,1.23,0,0.0,$-0.25,0.0,$0.15B,$0.13B,1.15,$0.00B,$0.00B,0.0,$0.01B,$0.00B,37.50%,$0.01B,$-0.00B,-25.00%,$0.01B,0,0.00%,$0.01B,0,0.00%,$0.01B,$-0.00B,-12.50%,$0.01B,$-0.00B,-12.50%,$-0.00B,$0.02B,-5.97%,$-0.00B,$0.02B,-5.88%,$-0.00B,$0.16B,-0.66%,$-0.00B,$0.02B,-11.94%,$2,$1,$1,$0,$3,$4,$-2,$0,$-1,$0,$-1,$-1,$-1,$0,$0,$2,2,$-0.31,$-0.31,$0,$0,$0,$145,$0,$0,$0,$0,$0,$160,$126,$0,$0,$0,$144,$0,$0,$0,$16,$160,$0,$0,$0,$0,$0,$0,$0,$0,$0,$0,$0,$0,$0,$0,$0,$0,$0,$0,$0,$0,$0,$0,$0,$0,$0,$0,$0,$0,$0
40,2008-09-30,11.07,$0.00,0.0,$5.12,2.16,0,0.0,$0.16,69.19,$0.14B,$0.12B,1.13,$0.00B,$0.00B,0.0,$0.01B,$0.01B,55.56%,$0.01B,$0.00B,33.33%,$0.01B,0,0.00%,$0.01B,0,0.00%,$0.01B,$0.00B,33.33%,$0.01B,0,0.00%,$0.00B,$0.02B,0.00%,$0.00B,$0.02B,0.00%,$0.00B,$0.15B,0.00%,$0.00B,$0.02B,23.53%,$1,$1,$0,$0,$0,$1,$0,$0,$-0,$-0,$0,$0,$0,$0,$0,$2,2,$0.00,$0.00,$0,$0,$0,$139,$0,$0,$0,$0,$0,$154,$123,$0,$0,$0,$137,$0,$0,$0,$17,$154,$0,$0,$0,$0,$0,$0,$0,$0,$0,$0,$0,$0,$0,$0,$0,$0,$0,$0,$0,$0,$0,$0,$0,$0,$0,$0,$0,$0,$0
41,2008-06-30,9.53,$0.00,0.0,$5.81,1.64,0,0.0,$0.29,33.17,$0.14B,$0.12B,1.16,$0.00B,$0.00B,0.0,$0.01B,$0.01B,63.64%,$0.01B,$0.00B,27.27%,$0.01B,0,0.00%,$0.01B,0,0.00%,$0.01B,$0.00B,27.27%,$0.01B,0,0.00%,$0.00B,$0.02B,0.00%,$0.00B,$0.02B,0.00%,$0.00B,$0.15B,0.00%,$0.00B,$0.02B,34.29%,$2,$1,$1,$0,$1,$2,$0,$0,$0,$-0,$0,$0,$0,$0,$0,$2,2,$0.01,$0.01,$0,$0,$0,$137,$0,$0,$0,$0,$0,$149,$118,$0,$0,$0,$133,$0,$0,$0,$17,$149,$0,$0,$0,$0,$0,$0,$0,$0,$0,$0,$0,$0,$0,$0,$0,$0,$0,$0,$0,$0,$0,$0,$0,$0,$0,$0,$0,$0,$0
42,2008-03-31,13.22,$0.00,0.0,$5.85,2.26,0,0.0,$0.45,29.38,$0.13B,$0.11B,1.15,$0.00B,$0.00B,0.0,$0.01B,$0.01B,75.00%,$0.01B,$0.01B,50.00%,$0.01B,0,0.00%,$0.01B,0,0.00%,$0.01B,$0.01B,50.00%,$0.01B,0,0.00%,$0.00B,$0.02B,0.00%,$0.00B,$0.02B,0.00%,$0.00B,$0.14B,0.00%,$0.01B,$0.02B,133.33%,$3,$1,$1,$0,$1,$2,$0,$0,$0,$0,$0,$0,$0,$0,$0,$2,2,$0.05,$0.05,$0,$0,$0,$130,$0,$0,$0,$0,$0,$144,$112,$0,$0,$0,$127,$0,$0,$0,$17,$144,$0,$0,$0,$0,$0,$0,$0,$0,$0,$0,$0,$0,$0,$0,$0,$0,$0,$0,$0,$0,$0,$0,$0,$0,$0,$0,$0,$0,$0
43,2007-12-31,14.5,$0.00,0.0,$5.80,2.5,0,0.0,$0.57,25.32,$0.00B,$0.00B,0.0,$0.00B,$0.00B,0.0,$0.01B,$0.01B,90.91%,$0.01B,$0.01B,54.55%,$0.01B,0,0.00%,$0.01B,0,0.00%,$0.01B,$0.01B,54.55%,$0.01B,0,0.00%,$0.00B,$0.00B,0.00%,$0.00B,$0.00B,0.00%,$0.00B,$0.00B,0.00%,$0.01B,$0.00B,141.18%,$3,$0,$3,$0,$0,$0,$3,$0,$3,$0,$3,$0,$0,$0,$0,$2,2,$0.10,$0.10,$0,$0,$0,$0,$0,$0,$0,$0,$0,$0,$0,$0,$0,$0,$0,$0,$0,$0,$0,$0,$0,$0,$0,$0,$0,$0,$0,$0,$0,$0,$0,$0,$0,$0,$0,$0,$0,$0,$0,$0,$0,$0,$0,$0,$0,$0,$0,$0,$0
44,2007-09-30,15.71,$0.00,0.0,$5.65,2.78,0,0.0,$0.66,23.67,$0.11B,$0.10B,1.11,$0.00B,$0.00B,0.0,$0.01B,$0.01B,90.00%,$0.01B,$0.01B,50.00%,$0.01B,0,0.00%,$0.01B,0,0.00%,$0.01B,$0.01B,50.00%,$0.01B,0,0.00%,$0.00B,$0.00B,0.00%,$0.00B,$0.00B,0.00%,$0.00B,$0.13B,0.00%,$0.01B,$0.00B,62.50%,$3,$1,$2,$0,$1,$2,$0,$0,$0,$0,$0,$0,$0,$0,$0,$2,2,$0.13,$0.13,$0,$0,$0,$113,$0,$0,$0,$0,$0,$127,$101,$0,$0,$0,$126,$0,$0,$0,$1,$127,$0,$0,$0,$0,$0,$0,$0,$0,$0,$0,$0,$0,$0,$0,$0,$0,$0,$0,$0,$0,$0,$0,$0,$0,$0,$0,$0,$0,$0
45,2007-06-30,16.75,$0.00,0.0,$5.79,2.89,0,0.0,$0.77,21.82,$0.00B,$0.00B,0.0,$0.00B,$0.00B,0.0,$0.01B,$0.01B,90.00%,$0.01B,$0.01B,60.00%,$0.01B,0,0.00%,$0.01B,0,0.00%,$0.01B,$0.01B,60.00%,$0.01B,0,0.00%,$0.00B,$0.00B,0.00%,$0.00B,$0.00B,0.00%,$0.00B,$0.00B,0.00%,$0.01B,$0.00B,52.17%,$3,$0,$3,$0,$0,$0,$3,$0,$3,$0,$3,$0,$0,$0,$0,$2,2,$0.18,$0.17,$0,$0,$0,$0,$0,$0,$0,$0,$0,$0,$0,$0,$0,$0,$0,$0,$0,$0,$0,$0,$0,$0,$0,$0,$0,$0,$0,$0,$0,$0,$0,$0,$0,$0,$0,$0,$0,$0,$0,$0,$0,$0,$0,$0,$0,$0,$0,$0,$0
46,2007-03-31,17.69,$0.00,0.0,$5.72,3.09,0,0.0,$0.83,21.19,$0.10B,$0.09B,1.04,$0.00B,$0.00B,0.0,$0.01B,$0.01B,88.89%,$0.01B,$0.00B,44.44%,$0.01B,0,0.00%,$0.01B,0,0.00%,$0.01B,$0.00B,44.44%,$0.01B,0,0.00%,$0.00B,$0.02B,0.00%,$0.00B,$0.02B,0.00%,$0.00B,$0.12B,0.00%,$0.00B,$0.02B,26.67%,$2,$1,$2,$0,$1,$2,$0,$0,$0,$0,$0,$0,$0,$0,$0,$2,2,$0.18,$0.17,$0,$0,$0,$97,$0,$0,$0,$0,$0,$116,$93,$0,$0,$0,$101,$0,$0,$0,$16,$116,$0,$0,$0,$0,$0,$0,$0,$0,$0,$0,$0,$0,$0,$0,$0,$0,$0,$0,$0,$0,$0,$0,$0,$0,$0,$0,$0,$0,$0
47,2006-12-31,18.09,$0.00,0.0,$5.61,3.23,0,0.0,$0.86,21.03,$0.10B,$0.09B,1.02,$0.00B,$0.00B,0.0,$0.01B,$0.01B,88.89%,$0.01B,$0.01B,66.67%,$0.01B,0,0.00%,$0.01B,0,0.00%,$0.01B,$0.01B,66.67%,$0.01B,0,0.00%,$0.00B,$0.02B,0.00%,$0.00B,$0.02B,0.00%,$0.00B,$0.12B,0.00%,$0.01B,$0.02B,54.55%,$2,$0,$2,$0,$0,$0,$2,$0,$2,$0,$2,$0,$0,$0,$0,$2,2,$0.19,$0.19,$0,$0,$0,$95,$0,$0,$0,$0,$0,$117,$94,$0,$0,$0,$102,$0,$0,$0,$15,$117,$0,$0,$0,$0,$0,$0,$0,$0,$0,$0,$0,$0,$0,$0,$0,$0,$0,$0,$0,$0,$0,$0,$0,$0,$0,$0,$0,$0,$0
