,Date,Stock Price,Book Value per Share,Price to Book Ratio,TTM Sales per Share,Price to Sales Ratio,TTM FCF per Share,Price to FCF Ratio,TTM Net EPS,PE Ratio,Current Assets,Current Liabilities,Current Ratio,Long Term Debt,Shareholder's Equity_x,Debt to Equity Ratio,TTM Revenue_x,TTM Gross Profit,Gross Margin,TTM Revenue_y,TTM Operating Income,Operating Margin,TTM Revenue_x,TTM EBIT,EBIT Margin,TTM Revenue_y,TTM EBITDA,EBITDA Margin,TTM Revenue_x,TTM Pre-Tax Income,Pre-Tax Margin,TTM Revenue_y,TTM Net Income_x,Net Margin,TTM Net Income_y,Shareholder's Equity_y,Return on Equity,TTM Net Income_x,Tangible Equity,Return on Tangible Equity,TTM Net Income_y,Total Assets,Return on Assets,TTM Net Income,LT Investments & Debt,Return on Investment,revenue,cost-goods-sold,gross-profit,research-development-expenses,selling-general-administrative-expenses,operating-expenses,operating-income,total-non-operating-income-expense,pre-tax-income,total-provision-income-taxes,income-after-taxes,income-from-continuous-operations,net-income,ebitda,ebit,basic-shares-outstanding,shares-outstanding,eps-basic-net-earnings-per-share,eps-earnings-per-share-diluted,cash-on-hand,inventory,other-current-assets,total-current-assets,net-property-plant-equipment,long-term-investments,goodwill-intangible-assets-total,other-long-term-assets,total-long-term-assets,total-assets,total-current-liabilities,long-term-debt,other-non-current-liabilities,total-long-term-liabilities,total-liabilities,common-stock-net,retained-earnings-accumulated-deficit,comprehensive-income,total-share-holder-equity,total-liabilities-share-holders-equity,net-income-loss,total-depreciation-amortization-cash-flow,other-non-cash-items,total-non-cash-items,change-in-accounts-receivable,change-in-inventories,change-in-accounts-payable,change-in-assets-liabilities,total-change-in-assets-liabilities,cash-flow-from-operating-activities,net-change-in-property-plant-equipment,net-change-in-intangible-assets,net-acquisitions-divestitures,net-change-in-short-term-investments,net-change-in-long-term-investments,net-change-in-investments-total,investing-activities-other,cash-flow-from-investing-activities,net-long-term-debt,net-current-debt,debt-issuance-retirement-net-total,net-common-equity-issued-repurchased,net-total-equity-issued-repurchased,total-common-preferred-stock-dividends-paid,financial-activities-other,cash-flow-from-financial-activities,net-cash-flow,stock-based-compensation,common-stock-dividends-paid
0,2018-06-30,97.4,$15.25,6.39,$10.96,8.89,$11.43,8.52,$1.53,63.52,$1.66B,$3.64B,0.46,$0.09B,$0.44B,0.19,$0.32B,$0.30B,93.38%,$0.32B,$0.07B,20.82%,$0.32B,0,0.00%,$0.32B,0,0.00%,$0.32B,$0.06B,17.67%,$0.32B,$0.05B,14.20%,$0.05B,$0.44B,10.23%,$0.05B,$0.30B,15.41%,$0.05B,$4.17B,0.94%,$0.07B,$0.53B,12.57%,$85,$12,$73,$0,$68,$83,$2,$0,$2,$-8,$9,$9,$9,$0,$0,$36,36,$0.24,$0.24,$71,$0,$0,$1664,$20,$2159,$145,$157,$2505,$4169,$3640,$86,$0,$86,$3725,$0,$206,$-29,$444,$4169,$43,$28,$33,$61,$2,$0,$1,$1,$8,$112,$-5,$0,$0,$0,$93,$93,$-314,$-225,$-415,$-962,$-1377,$2,$2,$-4,$296,$-1083,$-1196,$8,$-4
1,2018-03-31,109.07,$15.25,7.15,$10.77,10.13,$10.49,10.39,$1.65,66.24,$1.62B,$3.77B,0.43,$0.09B,$0.44B,0.19,$0.31B,$0.29B,93.55%,$0.31B,$0.07B,22.90%,$0.31B,0,0.00%,$0.31B,0,0.00%,$0.31B,$0.06B,19.68%,$0.31B,$0.05B,15.48%,$0.05B,$0.44B,11.00%,$0.05B,$0.30B,16.90%,$0.05B,$4.30B,1.01%,$0.07B,$0.53B,13.56%,$67,$6,$62,$0,$53,$60,$7,$0,$7,$0,$7,$7,$7,$0,$0,$29,29,$0.23,$0.23,$108,$0,$0,$1616,$20,$2327,$146,$172,$2686,$4302,$3772,$86,$0,$86,$3858,$0,$201,$-21,$444,$4302,$36,$19,$26,$45,$2,$0,$-1,$-14,$23,$104,$-4,$0,$0,$0,$-63,$-63,$-223,$-290,$-385,$-704,$-1089,$2,$2,$-3,$115,$-975,$-1160,$6,$-3
2,2017-12-31,92.44,$15.10,6.12,$10.54,8.77,$9.41,9.83,$1.71,54.06,$2.82B,$4.90B,0.58,$0.09B,$0.44B,0.2,$0.30B,$0.28B,93.98%,$0.30B,$0.07B,24.75%,$0.30B,0,0.00%,$0.30B,0,0.00%,$0.30B,$0.06B,21.40%,$0.30B,$0.05B,16.39%,$0.05B,$0.44B,11.44%,$0.05B,$0.29B,18.06%,$0.05B,$5.42B,1.05%,$0.07B,$0.52B,14.30%,$131,$6,$125,$0,$84,$93,$38,$0,$38,$7,$31,$31,$31,$0,$0,$29,29,$1.08,$1.08,$1300,$0,$0,$2822,$21,$2293,$149,$128,$2596,$5418,$4895,$86,$0,$86,$4980,$0,$171,$6,$438,$5418,$5,$10,$11,$21,$-2,$0,$2,$-1,$-15,$10,$-3,$0,$0,$0,$11,$11,$-184,$-175,$-205,$114,$-91,$2,$2,$-1,$289,$198,$33,$3,$-1
3,2017-09-30,78.11,$15.05,5.19,$10.02,7.79,$8.84,8.84,$1.60,48.92,$2.61B,$4.71B,0.55,$0.09B,$0.43B,0.2,$0.28B,$0.27B,94.31%,$0.28B,$0.07B,23.49%,$0.28B,0,0.00%,$0.28B,0,0.00%,$0.28B,$0.06B,19.93%,$0.28B,$0.05B,16.01%,$0.05B,$0.43B,10.92%,$0.05B,$0.28B,18.07%,$0.05B,$5.23B,1.03%,$0.07B,$0.52B,13.13%,$60,$5,$55,$0,$43,$50,$10,$0,$10,$6,$5,$5,$5,$0,$0,$29,29,$0.16,$0.16,$1268,$0,$0,$2605,$19,$2318,$151,$126,$2624,$5228,$4708,$86,$0,$86,$4794,$0,$167,$9,$434,$5228,$45,$55,$13,$69,$-2,$0,$1,$-24,$6,$120,$-7,$0,$-29,$0,$-228,$-228,$-436,$-700,$308,$-6,$302,$2,$2,$-5,$775,$1074,$494,$10,$-5
4,2017-06-30,88.49,$15.34,5.77,$9.52,9.29,$7.59,11.67,$1.77,50.09,$1.30B,$3.50B,0.37,$0.09B,$0.43B,0.22,$0.26B,$0.25B,95.06%,$0.26B,$0.06B,23.57%,$0.26B,0,0.00%,$0.26B,0,0.00%,$0.26B,$0.06B,23.57%,$0.26B,$0.05B,18.63%,$0.05B,$0.43B,12.65%,$0.05B,$0.27B,19.98%,$0.05B,$4.02B,1.21%,$0.06B,$0.52B,12.93%,$59,$4,$54,$0,$41,$48,$11,$0,$1,$-1,$2,$2,$2,$0,$0,$28,28,$0.08,$0.08,$66,$0,$0,$1303,$20,$2407,$164,$120,$2717,$4020,$3497,$93,$0,$93,$3589,$0,$167,$7,$430,$4020,$43,$35,$16,$51,$-5,$0,$2,$-24,$-11,$83,$-6,$0,$-29,$0,$-314,$-314,$-327,$-677,$-100,$-718,$-818,$2,$2,$-4,$706,$-114,$-708,$8,$-4
5,2017-03-31,87.86,$14.68,5.99,$9.14,9.61,$6.59,13.33,$1.77,49.73,$1.23B,$3.48B,0.35,$0.09B,$0.41B,0.23,$0.25B,$0.24B,95.97%,$0.25B,$0.06B,24.19%,$0.25B,0,0.00%,$0.25B,0,0.00%,$0.25B,$0.06B,24.19%,$0.25B,$0.05B,19.35%,$0.05B,$0.41B,13.22%,$0.05B,$0.25B,19.59%,$0.05B,$3.99B,1.25%,$0.06B,$0.50B,12.99%,$60,$4,$56,$0,$42,$47,$12,$0,$12,$3,$10,$10,$10,$0,$0,$28,28,$0.35,$0.35,$67,$0,$0,$1231,$20,$2449,$165,$110,$2755,$3986,$3481,$92,$0,$92,$3574,$0,$158,$0,$412,$3986,$33,$25,$8,$33,$-4,$0,$-0,$-40,$4,$71,$-4,$0,$-29,$0,$-362,$-362,$-227,$-623,$-100,$-500,$-600,$7,$7,$-2,$442,$-154,$-707,$0,$-2
6,2016-12-31,102.0,$13.32,7.66,$7.29,13.99,$5.74,17.78,$1.19,85.96,$1.83B,$3.75B,0.49,$0.09B,$0.37B,0.25,$0.19B,$0.18B,96.32%,$0.19B,$0.04B,19.47%,$0.19B,0,0.00%,$0.19B,0,0.00%,$0.19B,$0.04B,19.47%,$0.19B,$0.03B,15.79%,$0.03B,$0.37B,8.87%,$0.03B,$0.20B,12.26%,$0.03B,$4.21B,0.83%,$0.04B,$0.46B,8.83%,$120,$4,$116,$0,$69,$79,$41,$0,$41,$8,$32,$32,$32,$0,$0,$28,28,$1.15,$1.14,$696,$0,$0,$1832,$20,$2081,$172,$96,$2381,$4213,$3749,$92,$0,$92,$3842,$0,$127,$-5,$372,$4213,$1,$9,$1,$10,$-5,$0,$1,$-27,$-17,$-5,$-3,$0,$-29,$0,$4,$4,$-189,$-216,$-100,$-991,$-1091,$3,$3,$-1,$1233,$144,$-78,$0,$-1
7,2016-09-30,60.0,$13.10,4.58,$7.15,8.39,$5.81,10.33,$1.30,46.04,$1.71B,$3.57B,0.48,$0.09B,$0.34B,0.28,$0.18B,$0.18B,97.27%,$0.18B,$0.04B,21.31%,$0.18B,0,0.00%,$0.18B,0,0.00%,$0.18B,$0.04B,21.31%,$0.18B,$0.03B,18.03%,$0.03B,$0.34B,10.39%,$0.03B,$0.27B,13.20%,$0.03B,$4.01B,1.00%,$0.04B,$0.43B,9.93%,$42,$3,$39,$0,$36,$40,$2,$0,$2,$0,$1,$1,$1,$0,$0,$27,27,$0.05,$0.05,$774,$0,$0,$1710,$19,$2137,$66,$75,$2296,$4006,$3574,$92,$0,$97,$3671,$0,$127,$23,$335,$4006,$33,$36,$4,$39,$-4,$0,$1,$-2,$6,$78,$-7,$0,$0,$0,$-504,$-504,$-228,$-738,$175,$451,$626,$14,$14,$-4,$771,$1406,$746,$0,$-4
8,2016-06-30,50.34,$13.01,3.87,$7.09,7.1,$5.27,9.55,$1.28,39.33,$0.92B,$2.69B,0.34,$0.12B,$0.33B,0.36,$0.17B,$0.17B,98.27%,$0.17B,$0.04B,21.97%,$0.17B,0,0.00%,$0.17B,0,0.00%,$0.17B,$0.04B,20.81%,$0.17B,$0.03B,18.50%,$0.03B,$0.33B,10.60%,$0.03B,$0.27B,13.73%,$0.03B,$3.14B,1.09%,$0.04B,$0.45B,10.59%,$41,$2,$39,$0,$31,$34,$7,$0,$7,$1,$6,$6,$6,$0,$0,$25,25,$0.24,$0.24,$37,$0,$0,$916,$19,$2073,$67,$69,$2228,$3144,$2692,$119,$0,$119,$2811,$0,$122,$26,$333,$3144,$27,$27,$4,$31,$-5,$0,$0,$-4,$-8,$50,$-5,$0,$0,$0,$-408,$-408,$-162,$-576,$100,$-105,$-5,$14,$14,$-3,$529,$535,$9,$1,$-3
9,2016-03-31,44.93,$12.28,3.66,$6.81,6.6,$5.50,8.17,$1.15,38.96,$0.84B,$2.74B,0.31,$0.02B,$0.31B,0.06,$0.16B,$0.16B,98.11%,$0.16B,$0.03B,20.75%,$0.16B,0,0.00%,$0.16B,0,0.00%,$0.16B,$0.03B,19.50%,$0.16B,$0.03B,17.61%,$0.03B,$0.31B,10.34%,$0.03B,$0.25B,13.11%,$0.03B,$3.07B,1.03%,$0.03B,$0.33B,10.91%,$45,$1,$44,$0,$33,$35,$10,$0,$10,$1,$9,$9,$9,$0,$0,$26,26,$0.35,$0.35,$39,$0,$0,$839,$18,$2063,$68,$82,$2233,$3072,$2739,$19,$0,$20,$2758,$0,$115,$14,$313,$3072,$18,$18,$0,$18,$-2,$0,$-0,$-6,$6,$42,$-4,$0,$0,$0,$-441,$-441,$-83,$-528,$-0,$-77,$-77,$14,$14,$-2,$563,$498,$12,$0,$-2
10,2015-12-31,45.12,$11.37,3.97,$5.97,7.56,$5.96,7.56,$0.86,52.67,$1.05B,$2.60B,0.4,$0.07B,$0.29B,0.24,$0.13B,$0.13B,97.66%,$0.13B,$0.02B,16.41%,$0.13B,0,0.00%,$0.13B,0,0.00%,$0.13B,$0.02B,14.84%,$0.13B,$0.02B,14.84%,$0.02B,$0.29B,7.71%,$0.02B,$0.22B,9.46%,$0.02B,$2.96B,0.75%,$0.02B,$0.36B,7.56%,$62,$1,$61,$0,$42,$44,$18,$0,$18,$4,$14,$14,$14,$0,$0,$25,26,$0.56,$0.56,$293,$0,$0,$1052,$18,$1756,$69,$58,$1909,$2960,$2601,$69,$0,$70,$2671,$0,$101,$4,$290,$2960,$4,$9,$-1,$8,$-3,$0,$-0,$-2,$-16,$-4,$-2,$0,$0,$0,$-129,$-129,$-32,$-162,$50,$-542,$-492,$14,$14,$-1,$912,$432,$265,$0,$-1
11,2015-09-30,40.91,$11.08,3.69,$5.99,6.83,$6.84,5.98,$0.89,46.15,$0.75B,$2.24B,0.34,$0.02B,$0.27B,0.07,$0.12B,$0.12B,97.50%,$0.12B,$0.02B,17.50%,$0.12B,0,0.00%,$0.12B,0,0.00%,$0.12B,$0.02B,15.83%,$0.12B,$0.02B,15.83%,$0.02B,$0.27B,8.64%,$0.02B,$0.20B,10.22%,$0.02B,$2.53B,0.82%,$0.02B,$0.29B,8.81%,$35,$1,$34,$0,$30,$32,$4,$0,$4,$-0,$4,$4,$4,$0,$0,$25,25,$0.16,$0.16,$28,$0,$0,$753,$17,$1626,$71,$56,$1777,$2530,$2239,$19,$0,$20,$2258,$0,$98,$2,$271,$2530,$18,$29,$-2,$27,$-2,$0,$-0,$-1,$4,$49,$-3,$0,$-116,$0,$-186,$-186,$-150,$-454,$-0,$64,$63,$52,$52,$-3,$291,$403,$-2,$0,$-3
12,2015-06-30,41.91,$10.04,4.17,$5.82,7.2,$5.90,7.11,$0.85,49.12,$0.69B,$2.08B,0.33,$0.02B,$0.21B,0.08,$0.11B,$0.11B,97.37%,$0.11B,$0.02B,16.67%,$0.11B,0,0.00%,$0.11B,0,0.00%,$0.11B,$0.02B,16.67%,$0.11B,$0.02B,14.91%,$0.02B,$0.21B,8.67%,$0.02B,$0.19B,9.51%,$0.02B,$2.31B,0.78%,$0.02B,$0.23B,8.90%,$31,$1,$31,$0,$25,$26,$6,$0,$4,$-0,$5,$5,$5,$0,$0,$20,20,$0.21,$0.21,$20,$0,$0,$691,$17,$1515,$22,$55,$1619,$2310,$2083,$17,$0,$18,$2101,$0,$95,$-5,$209,$2310,$13,$20,$-2,$18,$-3,$0,$-0,$3,$11,$43,$-1,$0,$-92,$0,$-91,$-91,$-96,$-280,$0,$59,$59,$26,$26,$-3,$147,$228,$-9,$0,$-3
13,2015-03-31,38.67,$10.40,3.72,$5.70,6.78,$5.35,7.23,$0.86,44.97,$0.66B,$2.04B,0.32,$0.02B,$0.22B,0.08,$0.11B,$0.11B,97.22%,$0.11B,$0.02B,17.59%,$0.11B,0,0.00%,$0.11B,0,0.00%,$0.11B,$0.02B,17.59%,$0.11B,$0.02B,14.81%,$0.02B,$0.22B,8.60%,$0.02B,$0.19B,9.22%,$0.02B,$2.28B,0.77%,$0.02B,$0.23B,9.34%,$31,$1,$30,$0,$25,$26,$5,$0,$5,$0,$5,$5,$5,$0,$0,$21,21,$0.22,$0.22,$25,$0,$0,$661,$18,$1527,$22,$45,$1614,$2275,$2041,$17,$0,$18,$2059,$0,$91,$5,$216,$2275,$9,$12,$-1,$11,$-1,$0,$-0,$1,$19,$39,$-0,$0,$-92,$0,$-80,$-80,$-52,$-224,$-0,$-208,$-208,$26,$26,$-2,$364,$180,$-5,$0,$-2
14,2014-12-31,33.99,$9.86,3.45,$5.50,6.18,$3.84,8.84,$0.82,41.45,$0.66B,$1.91B,0.35,$0.02B,$0.18B,0.09,$0.10B,$0.10B,98.04%,$0.10B,$0.02B,17.65%,$0.10B,0,0.00%,$0.10B,0,0.00%,$0.10B,$0.02B,17.65%,$0.10B,$0.02B,14.71%,$0.02B,$0.18B,8.77%,$0.02B,$0.16B,9.19%,$0.02B,$2.11B,0.75%,$0.02B,$0.20B,9.56%,$31,$0,$30,$0,$24,$24,$6,$0,$6,$1,$5,$5,$5,$0,$0,$20,20,$0.26,$0.26,$52,$0,$0,$660,$18,$1357,$22,$46,$1448,$2108,$1907,$17,$0,$18,$1924,$0,$87,$2,$184,$2108,$4,$6,$-0,$5,$-1,$0,$-0,$-0,$2,$11,$1,$0,$-92,$0,$89,$89,$-23,$-26,$-0,$-385,$-385,$1,$1,$-1,$422,$37,$23,$0,$-1
15,2014-09-30,34.07,$9.44,3.61,$5.40,6.31,$3.37,10.12,$0.84,40.4,$0.54B,$1.86B,0.29,$0.02B,$0.18B,0.1,$0.10B,$0.10B,98.00%,$0.10B,$0.02B,19.00%,$0.10B,0,0.00%,$0.10B,0,0.00%,$0.10B,$0.02B,19.00%,$0.10B,$0.02B,15.00%,$0.02B,$0.18B,9.33%,$0.02B,$0.17B,9.49%,$0.02B,$2.05B,0.78%,$0.02B,$0.19B,10.67%,$27,$1,$26,$0,$22,$23,$4,$0,$4,$0,$4,$4,$4,$0,$0,$19,19,$0.19,$0.19,$30,$0,$0,$538,$16,$1444,$3,$46,$1516,$2054,$1862,$17,$0,$18,$1879,$0,$84,$-3,$175,$2054,$16,$18,$-2,$16,$-3,$0,$0,$-1,$-6,$26,$-1,$0,$0,$0,$-252,$-252,$-114,$-368,$0,$281,$281,$2,$2,$-3,$51,$332,$-10,$0,$-3
16,2014-06-30,38.52,$9.19,4.19,$5.40,7.13,$0.37,104.36,$0.86,44.79,$0.52B,$1.74B,0.3,$0.02B,$0.17B,0.1,$0.10B,$0.10B,97.96%,$0.10B,$0.02B,20.41%,$0.10B,0,0.00%,$0.10B,0,0.00%,$0.10B,$0.02B,20.41%,$0.10B,$0.02B,15.31%,$0.02B,$0.17B,9.82%,$0.02B,$0.17B,9.98%,$0.02B,$1.92B,0.82%,$0.02B,$0.19B,11.76%,$25,$1,$25,$0,$21,$22,$4,$0,$4,$0,$3,$3,$3,$0,$0,$18,19,$0.18,$0.18,$31,$0,$0,$517,$17,$1335,$2,$45,$1407,$1923,$1736,$17,$0,$18,$1754,$0,$81,$-5,$169,$1923,$12,$14,$-1,$12,$-2,$0,$0,$-0,$2,$27,$-1,$0,$0,$0,$-142,$-142,$-93,$-235,$0,$169,$169,$1,$1,$-2,$31,$199,$-9,$0,$-2
17,2014-03-31,43.04,$8.47,5.08,$5.46,7.88,$-2.98,0.0,$0.85,50.44,$0.48B,$1.72B,0.28,$0.02B,$0.16B,0.11,$0.10B,$0.10B,98.96%,$0.10B,$0.02B,20.83%,$0.10B,0,0.00%,$0.10B,0,0.00%,$0.10B,$0.02B,20.83%,$0.10B,$0.02B,15.63%,$0.02B,$0.16B,10.53%,$0.02B,$0.15B,10.71%,$0.02B,$1.89B,0.85%,$0.02B,$0.17B,12.54%,$25,$1,$24,$0,$19,$20,$5,$0,$5,$1,$4,$4,$4,$0,$0,$18,19,$0.23,$0.23,$39,$0,$0,$478,$17,$1335,$2,$46,$1412,$1891,$1717,$17,$0,$18,$1735,$0,$78,$-15,$156,$1891,$8,$9,$-1,$8,$-1,$0,$-0,$-2,$-8,$8,$0,$0,$0,$0,$-154,$-154,$-46,$-200,$0,$11,$11,$1,$1,$-2,$180,$191,$-1,$0,$-2
18,2013-12-31,38.59,$7.81,4.94,$5.61,6.88,$-6.40,0.0,$0.82,47.06,$0.45B,$1.65B,0.27,$0.02B,$0.14B,0.12,$0.10B,$0.09B,97.92%,$0.10B,$0.02B,19.79%,$0.10B,0,0.00%,$0.10B,0,0.00%,$0.10B,$0.02B,19.79%,$0.10B,$0.01B,14.58%,$0.01B,$0.14B,10.05%,$0.01B,$0.14B,10.22%,$0.01B,$1.81B,0.81%,$0.02B,$0.16B,12.14%,$25,$1,$25,$0,$20,$21,$5,$0,$5,$0,$4,$4,$4,$0,$0,$18,19,$0.23,$0.22,$32,$0,$0,$448,$17,$1275,$2,$46,$1359,$1807,$1647,$17,$0,$18,$1664,$0,$74,$-24,$143,$1807,$4,$4,$-1,$4,$-1,$0,$-0,$-2,$-4,$4,$-0,$0,$0,$0,$-106,$-106,$-23,$-129,$0,$51,$51,$1,$1,$-1,$66,$117,$-8,$0,$-1
19,2013-09-30,36.24,$7.85,4.62,$5.67,6.39,$-7.34,0.0,$0.79,45.68,$0.43B,$1.53B,0.28,$0.02B,$0.14B,0.12,$0.09B,$0.09B,97.87%,$0.09B,$0.02B,19.15%,$0.09B,0,0.00%,$0.09B,0,0.00%,$0.09B,$0.02B,19.15%,$0.09B,$0.01B,13.83%,$0.01B,$0.14B,9.29%,$0.01B,$0.14B,9.42%,$0.01B,$1.69B,0.76%,$0.02B,$0.16B,11.37%,$25,$1,$24,$0,$19,$20,$5,$0,$5,$1,$4,$4,$4,$0,$0,$18,19,$0.22,$0.22,$40,$0,$0,$433,$18,$1179,$2,$59,$1259,$1692,$1531,$17,$0,$18,$1549,$0,$71,$-20,$143,$1692,$13,$21,$-3,$18,$-2,$0,$0,$-10,$-55,$-23,$-5,$0,$0,$0,$-122,$-122,$-71,$-199,$-4,$173,$169,$15,$15,$-3,$-65,$117,$-105,$0,$-3
20,2013-06-30,24.97,$7.74,3.23,$6.37,3.92,$1.61,15.55,$0.69,36.01,$0.38B,$1.51B,0.25,$0.02B,$0.13B,0.14,$0.09B,$0.09B,96.77%,$0.09B,$0.02B,16.13%,$0.09B,0,0.00%,$0.09B,0,0.00%,$0.09B,$0.02B,16.13%,$0.09B,$0.01B,12.90%,$0.01B,$0.13B,8.53%,$0.01B,$0.13B,8.65%,$0.01B,$1.66B,0.70%,$0.02B,$0.15B,9.38%,$23,$1,$23,$0,$18,$18,$5,$-0,$5,$1,$3,$3,$3,$0,$0,$17,17,$0.20,$0.19,$26,$0,$0,$378,$18,$1204,$2,$56,$1282,$1660,$1514,$17,$0,$18,$1532,$0,$69,$-18,$128,$1660,$10,$16,$-2,$13,$-2,$0,$0,$-22,$-51,$-28,$-4,$0,$0,$0,$-139,$-139,$-29,$-173,$-4,$52,$48,$1,$1,$-2,$36,$82,$-119,$0,$-2
21,2013-03-31,25.07,$8.69,2.88,$7.09,3.54,$4.97,5.05,$0.69,36.16,$0.44B,$1.58B,0.28,$0.02B,$0.14B,0.12,$0.09B,$0.09B,95.70%,$0.09B,$0.01B,15.05%,$0.09B,0,0.00%,$0.09B,0,0.00%,$0.09B,$0.01B,15.05%,$0.09B,$0.01B,10.75%,$0.01B,$0.14B,7.39%,$0.01B,$0.14B,7.50%,$0.01B,$1.74B,0.60%,$0.01B,$0.16B,9.00%,$23,$1,$23,$0,$18,$19,$5,$0,$5,$1,$4,$4,$4,$0,$0,$17,17,$0.22,$0.22,$89,$0,$0,$435,$18,$1239,$2,$44,$1305,$1740,$1579,$17,$1,$18,$1597,$0,$66,$0,$143,$1740,$6,$10,$-2,$8,$-2,$0,$0,$-2,$-59,$-45,$-4,$0,$0,$0,$-140,$-140,$-21,$-165,$-4,$-19,$-23,$1,$1,$-1,$177,$154,$-56,$0,$-1
22,2012-12-31,21.44,$8.88,2.42,$9.43,2.27,$8.34,2.57,$1.54,13.96,$0.37B,$1.60B,0.23,$0.02B,$0.15B,0.15,$0.11B,$0.10B,96.19%,$0.11B,$0.03B,24.76%,$0.11B,0,0.00%,$0.11B,0,0.00%,$0.11B,$0.03B,24.76%,$0.11B,$0.02B,16.19%,$0.02B,$0.15B,14.02%,$0.02B,$0.14B,14.23%,$0.02B,$1.76B,1.04%,$0.03B,$0.17B,18.25%,$25,$1,$24,$0,$20,$21,$4,$-0,$4,$1,$3,$3,$3,$0,$0,$16,17,$0.19,$0.19,$33,$0,$0,$365,$18,$1335,$2,$43,$1398,$1763,$1596,$21,$0,$22,$1617,$0,$63,$6,$146,$1763,$3,$5,$-2,$3,$-2,$0,$0,$-0,$-18,$-12,$-1,$0,$0,$0,$-224,$-224,$-6,$-231,$208,$-14,$194,$1,$1,$-1,$-64,$130,$-112,$0,$-1
23,2012-09-30,22.68,$8.93,2.54,$10.69,2.12,$9.37,2.42,$1.67,13.58,$0.49B,$1.48B,0.33,$0.02B,$0.15B,0.15,$0.11B,$0.10B,96.26%,$0.11B,$0.03B,25.23%,$0.11B,0,0.00%,$0.11B,0,0.00%,$0.11B,$0.03B,25.23%,$0.11B,$0.02B,15.89%,$0.02B,$0.15B,16.00%,$0.02B,$0.14B,16.27%,$0.02B,$1.65B,1.11%,$0.03B,$0.17B,21.18%,$23,$1,$22,$0,$18,$19,$4,$0,$4,$1,$3,$3,$3,$0,$0,$16,16,$0.19,$0.19,$145,$0,$0,$485,$18,$1119,$2,$26,$1164,$1649,$1480,$21,$2,$23,$1503,$0,$61,$9,$146,$1649,$17,$20,$-13,$8,$-0,$0,$-0,$5,$55,$80,$-4,$0,$0,$0,$-494,$-494,$-16,$-514,$0,$18,$18,$48,$48,$-2,$238,$303,$-132,$0,$-2
24,2012-06-30,18.42,$9.16,2.01,$11.17,1.65,$4.26,4.33,$1.81,10.18,$0.51B,$1.40B,0.37,$0.02B,$0.11B,0.2,$0.11B,$0.11B,96.33%,$0.11B,$0.03B,25.69%,$0.11B,0,0.00%,$0.11B,0,0.00%,$0.11B,$0.03B,25.69%,$0.11B,$0.02B,15.60%,$0.02B,$0.11B,18.89%,$0.02B,$0.10B,19.26%,$0.02B,$1.53B,1.18%,$0.03B,$0.13B,25.17%,$22,$1,$21,$0,$18,$19,$2,$0,$2,$1,$2,$2,$2,$0,$0,$10,10,$0.06,$0.06,$166,$0,$0,$512,$18,$971,$2,$27,$1017,$1529,$1399,$21,$3,$24,$1423,$0,$60,$4,$106,$1529,$15,$14,$-11,$3,$-1,$0,$-0,$2,$1,$19,$-4,$0,$0,$0,$-350,$-350,$-16,$-370,$0,$19,$19,$14,$14,$-1,$209,$241,$-110,$0,$-1
25,2012-03-31,19.41,$9.09,2.14,$11.05,1.76,$4.47,4.35,$1.48,13.12,$0.57B,$1.48B,0.39,$0.02B,$0.09B,0.24,$0.11B,$0.10B,96.19%,$0.11B,$0.02B,20.95%,$0.11B,0,0.00%,$0.11B,0,0.00%,$0.11B,$0.02B,20.95%,$0.11B,$0.01B,13.33%,$0.01B,$0.09B,16.87%,$0.01B,$0.09B,17.18%,$0.01B,$1.60B,1.06%,$0.02B,$0.11B,20.61%,$23,$1,$22,$0,$18,$19,$4,$0,$4,$1,$2,$2,$2,$0,$0,$11,11,$0.22,$0.22,$236,$0,$0,$572,$17,$975,$2,$31,$1025,$1598,$1484,$21,$5,$27,$1510,$0,$58,$-0,$87,$1598,$13,$8,$-11,$-3,$-1,$0,$-0,$-3,$-4,$6,$-2,$0,$0,$0,$-355,$-355,$-6,$-363,$0,$6,$6,$1,$1,$-1,$311,$316,$-41,$0,$-1
26,2011-12-31,15.3,$8.94,1.71,$10.31,1.48,$4.66,3.28,$0.74,20.68,$0.49B,$1.25B,0.39,$0.02B,$0.09B,0.25,$0.10B,$0.09B,95.88%,$0.10B,$0.01B,10.31%,$0.10B,0,0.00%,$0.10B,0,0.00%,$0.10B,$0.01B,10.31%,$0.10B,$0.01B,7.22%,$0.01B,$0.09B,8.81%,$0.01B,$0.08B,8.97%,$0.01B,$1.36B,0.57%,$0.01B,$0.11B,9.46%,$37,$1,$36,$0,$20,$21,$16,$0,$16,$6,$10,$10,$10,$0,$0,$10,10,$1.04,$1.03,$157,$0,$0,$487,$17,$824,$2,$30,$872,$1359,$1249,$21,$3,$25,$1274,$0,$48,$8,$86,$1359,$3,$3,$-0,$3,$1,$0,$-0,$1,$-2,$3,$-1,$0,$0,$0,$-198,$-198,$-7,$-206,$0,$-1,$-1,$1,$1,$-0,$83,$83,$-120,$0,$-0
27,2011-09-30,17.2,$8.53,2.02,$10.33,1.66,$4.51,3.81,$0.49,34.86,$0.60B,$1.17B,0.52,$0.02B,$0.08B,0.26,$0.10B,$0.09B,95.88%,$0.10B,$0.01B,7.22%,$0.10B,0,0.00%,$0.10B,0,0.00%,$0.10B,$0.01B,7.22%,$0.10B,$0.01B,5.15%,$0.01B,$0.08B,6.60%,$0.01B,$0.08B,6.71%,$0.01B,$1.28B,0.43%,$0.01B,$0.10B,6.68%,$25,$1,$24,$0,$19,$20,$5,$0,$5,$2,$3,$3,$3,$0,$0,$10,10,$0.32,$0.32,$277,$0,$0,$603,$17,$624,$1,$30,$672,$1275,$1170,$21,$4,$25,$1195,$0,$45,$6,$81,$1275,$5,$11,$-2,$9,$2,$0,$-0,$1,$8,$22,$-2,$0,$0,$0,$-108,$-108,$46,$-64,$-11,$-1,$-12,$1,$1,$-2,$244,$231,$189,$0,$-2
28,2011-06-30,17.23,$8.35,2.06,$10.93,1.58,$6.05,2.85,$0.51,34.0,$0.39B,$0.96B,0.4,$0.03B,$0.08B,0.4,$0.10B,$0.10B,96.04%,$0.10B,$0.01B,7.92%,$0.10B,0,0.00%,$0.10B,0,0.00%,$0.10B,$0.01B,7.92%,$0.10B,$0.01B,4.95%,$0.01B,$0.08B,6.80%,$0.01B,$0.08B,6.94%,$0.01B,$1.07B,0.45%,$0.01B,$0.11B,7.60%,$24,$1,$23,$0,$19,$20,$3,$0,$3,$1,$2,$2,$2,$0,$0,$9,9,$0.24,$0.24,$65,$0,$0,$389,$18,$635,$1,$32,$686,$1074,$961,$31,$4,$35,$996,$0,$44,$6,$78,$1074,$2,$9,$-1,$8,$-0,$0,$-0,$-1,$6,$17,$-1,$0,$0,$0,$-118,$-118,$51,$-69,$-1,$1,$-0,$0,$0,$-1,$31,$30,$-22,$0,$-1
29,2011-03-31,14.79,$7.80,1.9,$11.96,1.24,$7.90,1.87,$0.99,14.99,$0.50B,$1.08B,0.47,$0.03B,$0.07B,0.44,$0.11B,$0.11B,95.50%,$0.11B,$0.02B,14.41%,$0.11B,0,0.00%,$0.11B,0,0.00%,$0.11B,$0.02B,14.41%,$0.11B,$0.01B,9.01%,$0.01B,$0.07B,13.99%,$0.01B,$0.07B,14.39%,$0.01B,$1.18B,0.93%,$0.02B,$0.11B,16.33%,$19,$1,$18,$0,$19,$20,$-2,$0,$-2,$-1,$-1,$-1,$-1,$0,$0,$9,9,$-0.11,$-0.11,$159,$0,$0,$501,$18,$631,$1,$32,$683,$1183,$1075,$32,$3,$36,$1110,$0,$45,$-0,$73,$1183,$3,$7,$-1,$6,$0,$0,$-0,$-3,$-2,$7,$-1,$0,$0,$0,$-124,$-124,$38,$-87,$0,$3,$3,$0,$0,$-1,$150,$152,$71,$0,$-1
30,2010-12-31,12.27,$7.58,1.62,$14.24,0.86,$9.87,1.24,$1.27,9.63,$0.55B,$1.02B,0.54,$0.03B,$0.07B,0.46,$0.13B,$0.13B,96.15%,$0.13B,$0.02B,15.38%,$0.13B,0,0.00%,$0.13B,0,0.00%,$0.13B,$0.02B,15.38%,$0.13B,$0.01B,9.23%,$0.01B,$0.07B,17.52%,$0.01B,$0.07B,18.18%,$0.01B,$1.13B,1.17%,$0.02B,$0.10B,17.51%,$29,$1,$28,$0,$23,$25,$4,$0,$4,$2,$3,$3,$3,$0,$0,$9,9,$0.29,$0.29,$200,$0,$0,$554,$19,$525,$1,$31,$576,$1130,$1023,$32,$4,$36,$1059,$0,$43,$-0,$71,$1130,$1,$3,$-1,$2,$-0,$0,$-0,$0,$-1,$1,$-0,$0,$0,$-6,$-16,$-23,$25,$3,$0,$-2,$-2,$0,$0,$-0,$105,$102,$106,$0,$-0
31,2010-09-30,28.22,$7.72,3.66,$15.44,1.83,$9.67,2.92,$1.35,20.95,$0.47B,$0.92B,0.51,$0.03B,$0.07B,0.45,$0.14B,$0.13B,95.59%,$0.14B,$0.02B,14.71%,$0.14B,0,0.00%,$0.14B,0,0.00%,$0.14B,$0.02B,14.71%,$0.14B,$0.01B,8.82%,$0.01B,$0.07B,19.20%,$0.01B,$0.07B,20.17%,$0.01B,$1.03B,1.23%,$0.02B,$0.10B,18.43%,$25,$1,$24,$0,$20,$23,$2,$0,$2,$1,$1,$1,$1,$0,$0,$9,9,$0.08,$0.08,$88,$0,$0,$466,$19,$512,$3,$29,$563,$1030,$921,$32,$4,$36,$958,$0,$42,$2,$72,$1030,$12,$11,$14,$25,$-3,$0,$-0,$-2,$-3,$35,$-1,$0,$0,$0,$-141,$-141,$12,$-130,$-78,$2,$-76,$10,$10,$-2,$244,$177,$81,$0,$-2
32,2010-06-30,26.35,$7.55,3.49,$15.23,1.73,$8.43,3.12,$1.01,26.17,$0.40B,$0.77B,0.53,$0.01B,$0.07B,0.15,$0.13B,$0.12B,94.66%,$0.13B,$0.02B,11.45%,$0.13B,0,0.00%,$0.13B,0,0.00%,$0.13B,$0.02B,11.45%,$0.13B,$0.01B,6.87%,$0.01B,$0.07B,16.00%,$0.01B,$0.07B,16.82%,$0.01B,$0.96B,0.97%,$0.02B,$0.08B,12.32%,$28,$1,$27,$0,$23,$25,$4,$0,$4,$1,$2,$2,$2,$0,$0,$9,9,$0.29,$0.27,$17,$0,$0,$404,$21,$505,$3,$29,$558,$961,$768,$10,$113,$123,$892,$0,$40,$3,$70,$961,$10,$9,$13,$21,$-0,$0,$-0,$-2,$4,$35,$-2,$0,$0,$0,$-130,$-130,$1,$-130,$9,$2,$11,$9,$9,$-1,$88,$107,$11,$0,$-1
33,2010-03-31,22.08,$6.63,3.33,$15.45,1.43,$7.84,2.82,$0.31,72.0,$0.41B,$0.81B,0.51,$0.11B,$0.06B,1.78,$0.13B,$0.12B,94.49%,$0.13B,$0.01B,3.94%,$0.13B,0,0.00%,$0.13B,0,0.00%,$0.13B,$0.01B,3.94%,$0.13B,$0.00B,1.57%,$0.00B,$0.06B,4.02%,$0.00B,$0.06B,4.23%,$0.00B,$0.98B,0.23%,$0.01B,$0.17B,3.72%,$29,$1,$27,$0,$22,$23,$6,$0,$6,$2,$4,$4,$4,$0,$0,$9,10,$0.38,$0.37,$17,$0,$0,$411,$21,$510,$3,$37,$571,$982,$808,$109,$4,$113,$921,$0,$37,$-3,$61,$982,$6,$6,$12,$18,$0,$0,$-0,$-9,$-1,$24,$-1,$0,$0,$0,$-142,$-142,$-4,$-147,$-2,$1,$-1,$9,$9,$-1,$126,$133,$10,$0,$-1
34,2009-12-31,18.17,$5.87,3.1,$15.73,1.15,$7.94,2.29,$-0.12,0.0,$0.51B,$0.83B,0.62,$0.03B,$0.05B,0.72,$0.12B,$0.12B,93.50%,$0.12B,$-0.00B,-0.81%,$0.12B,0,0.00%,$0.12B,0,0.00%,$0.12B,$-0.00B,-0.81%,$0.12B,$-0.00B,-1.63%,$-0.00B,$0.05B,-4.30%,$-0.00B,$0.04B,-4.52%,$-0.00B,$0.92B,-0.23%,$-0.00B,$0.08B,-0.76%,$48,$1,$47,$0,$38,$40,$8,$0,$8,$3,$5,$5,$5,$0,$0,$9,9,$0.59,$0.58,$83,$0,$0,$513,$22,$344,$2,$35,$403,$916,$832,$34,$4,$38,$870,$0,$32,$-4,$47,$916,$1,$3,$3,$6,$0,$0,$-0,$-6,$-7,$0,$-1,$0,$0,$0,$25,$25,$-31,$-7,$-77,$4,$-73,$0,$0,$-0,$157,$84,$77,$0,$-0
35,2009-09-30,20.62,$5.99,3.44,$14.97,1.38,$13.22,1.56,$-0.19,0.0,$0.41B,$0.67B,0.61,$0.11B,$0.05B,2.33,$0.12B,$0.11B,93.10%,$0.12B,$-0.00B,-1.72%,$0.12B,0,0.00%,$0.12B,0,0.00%,$0.12B,$-0.00B,-1.72%,$0.12B,$-0.00B,-1.72%,$-0.00B,$0.05B,-4.28%,$-0.00B,$0.05B,-4.47%,$-0.00B,$0.84B,-0.24%,$-0.00B,$0.16B,-1.44%,$31,$2,$29,$0,$27,$29,$2,$0,$2,$1,$1,$1,$1,$0,$0,$8,8,$0.15,$0.15,$6,$0,$0,$408,$22,$372,$2,$31,$427,$835,$673,$110,$4,$114,$787,$0,$32,$-2,$47,$835,$-1,$6,$19,$25,$-0,$0,$-0,$-0,$-1,$23,$-4,$0,$0,$5,$-156,$-151,$13,$-142,$-32,$1,$-31,$1,$1,$-1,$154,$123,$3,$0,$-1
36,2009-06-30,18.49,$5.64,3.28,$14.57,1.27,$5.97,3.1,$-0.33,0.0,$0.47B,$0.68B,0.69,$0.09B,$0.04B,1.97,$0.11B,$0.10B,92.04%,$0.11B,$-0.00B,-3.54%,$0.11B,0,0.00%,$0.11B,0,0.00%,$0.11B,$-0.00B,-3.54%,$0.11B,$-0.00B,-3.54%,$-0.00B,$0.04B,-8.60%,$-0.00B,$0.04B,-8.99%,$-0.00B,$0.82B,-0.49%,$-0.00B,$0.13B,-2.72%,$23,$2,$21,$0,$22,$24,$-1,$0,$-1,$-0,$-1,$-1,$-1,$0,$0,$8,8,$-0.09,$-0.09,$15,$0,$0,$469,$22,$294,$3,$32,$351,$820,$684,$87,$4,$91,$775,$0,$33,$-5,$44,$820,$-1,$4,$18,$22,$1,$0,$0,$3,$4,$26,$-3,$0,$0,$-5,$-83,$-88,$4,$-87,$-55,$3,$-52,$0,$0,$-1,$117,$64,$2,$0,$-1
37,2009-03-31,8.92,$6.17,1.45,$13.61,0.66,$-0.14,0.0,$-0.05,0.0,$0.49B,$0.73B,0.67,$0.11B,$0.05B,2.31,$0.11B,$0.10B,90.57%,$0.11B,$-0.00B,-0.94%,$0.11B,0,0.00%,$0.11B,0,0.00%,$0.11B,$-0.00B,-0.94%,$0.11B,$-0.00B,-0.94%,$-0.00B,$0.05B,-2.09%,$-0.00B,$0.05B,-2.19%,$-0.00B,$0.89B,-0.12%,$-0.00B,$0.16B,-0.64%,$25,$2,$23,$0,$27,$29,$-4,$0,$-4,$-1,$-3,$-3,$-3,$0,$0,$8,8,$-0.33,$-0.33,$17,$0,$0,$490,$23,$342,$2,$33,$401,$890,$727,$111,$4,$116,$842,$0,$37,$-5,$48,$890,$2,$2,$12,$14,$0,$0,$0,$1,$7,$23,$-2,$0,$0,$5,$-131,$-126,$-7,$-136,$-31,$17,$-14,$0,$0,$-1,$141,$126,$14,$0,$-1
38,2008-12-31,7.54,$6.15,1.23,$10.77,0.7,$-4.76,0.0,$0.18,41.14,$0.59B,$0.75B,0.79,$0.06B,$0.05B,1.3,$0.08B,$0.07B,86.90%,$0.08B,$-0.00B,-1.19%,$0.08B,0,0.00%,$0.08B,0,0.00%,$0.08B,$-0.00B,-1.19%,$0.08B,$0.00B,1.19%,$0.00B,$0.05B,2.04%,$0.00B,$0.05B,2.13%,$0.00B,$0.86B,0.13%,$-0.00B,$0.11B,-0.75%,$44,$2,$42,$0,$40,$42,$2,$0,$2,$1,$1,$1,$1,$0,$0,$8,8,$0.15,$0.15,$129,$0,$0,$588,$22,$216,$2,$31,$271,$859,$745,$62,$4,$67,$811,$0,$36,$-4,$48,$859,$1,$1,$2,$3,$1,$0,$0,$39,$38,$42,$-1,$0,$0,$5,$-3,$2,$-18,$-17,$-80,$17,$-63,$0,$0,$-0,$166,$102,$126,$0,$-0
39,2008-09-30,14.05,$5.79,2.43,$9.61,1.46,$-14.04,0.0,$-0.00,0.0,$0.44B,$0.52B,0.86,$0.14B,$0.05B,3.11,$0.08B,$0.06B,82.67%,$0.08B,$-0.00B,-4.00%,$0.08B,0,0.00%,$0.08B,0,0.00%,$0.08B,$-0.00B,-4.00%,$0.08B,$-0.00B,-1.33%,$-0.00B,$0.05B,-2.03%,$-0.00B,$0.04B,-2.12%,$-0.00B,$0.71B,-0.13%,$-0.00B,$0.19B,-2.19%,$24,$3,$22,$0,$21,$23,$1,$0,$1,$0,$1,$1,$1,$0,$0,$8,8,$0.09,$0.09,$8,$0,$0,$444,$22,$212,$2,$30,$266,$710,$518,$142,$4,$147,$665,$0,$34,$-5,$46,$710,$-1,$3,$9,$12,$-0,$0,$-0,$-24,$-44,$-33,$-5,$0,$0,$70,$-53,$17,$-56,$-44,$64,$5,$69,$1,$1,$-1,$-10,$59,$-18,$0,$-1
40,2008-06-30,20.94,$6.34,3.31,$8.91,2.35,$-9.62,0.0,$0.31,67.55,$0.46B,$0.61B,0.75,$0.12B,$0.05B,2.49,$0.07B,$0.06B,80.00%,$0.07B,$0.00B,1.43%,$0.07B,0,0.00%,$0.07B,0,0.00%,$0.07B,$0.00B,1.43%,$0.07B,$0.00B,4.29%,$0.00B,$0.05B,6.03%,$0.00B,$0.05B,6.25%,$0.00B,$0.78B,0.39%,$0.00B,$0.17B,0.82%,$20,$3,$17,$0,$20,$23,$-3,$0,$-3,$-1,$-2,$-2,$-3,$0,$0,$8,8,$-0.38,$-0.36,$28,$0,$0,$455,$22,$241,$2,$62,$327,$782,$605,$123,$4,$127,$732,$0,$38,$-4,$49,$782,$1,$2,$6,$8,$0,$0,$-0,$-5,$-30,$-21,$-4,$0,$18,$75,$-80,$-5,$-67,$-59,$45,$53,$98,$0,$0,$-1,$-12,$85,$6,$0,$-1
41,2008-03-31,14.15,$6.79,2.08,$8.76,1.61,$-6.28,0.0,$0.67,21.23,$0.47B,$0.69B,0.69,$0.01B,$0.05B,0.2,$0.07B,$0.05B,78.26%,$0.07B,$0.01B,8.70%,$0.07B,0,0.00%,$0.07B,0,0.00%,$0.07B,$0.01B,8.70%,$0.07B,$0.01B,8.70%,$0.01B,$0.05B,12.18%,$0.01B,$0.05B,12.70%,$0.01B,$0.81B,0.82%,$0.01B,$0.06B,5.31%,$18,$3,$15,$0,$15,$18,$-1,$0,$-1,$-0,$-0,$-0,$-0,$0,$0,$8,8,$-0.05,$-0.05,$65,$0,$0,$472,$22,$257,$2,$57,$338,$811,$688,$10,$59,$70,$758,$0,$38,$-1,$53,$811,$2,$2,$6,$8,$0,$0,$-0,$-2,$-22,$-11,$-4,$0,$18,$75,$-91,$-16,$-50,$-51,$-13,$82,$69,$0,$0,$-1,$38,$106,$44,$0,$-1
42,2007-12-31,33.39,$6.25,5.34,$7.74,4.32,$-4.19,0.0,$0.36,93.63,$0.42B,$0.60B,0.71,$0.08B,$0.05B,1.55,$0.06B,$0.05B,73.77%,$0.06B,$0.01B,8.20%,$0.06B,0,0.00%,$0.06B,0,0.00%,$0.06B,$0.01B,8.20%,$0.06B,$0.00B,6.56%,$0.00B,$0.05B,8.47%,$0.00B,$0.05B,8.94%,$0.00B,$0.76B,0.56%,$0.01B,$0.12B,4.50%,$22,$4,$19,$0,$17,$20,$2,$0,$2,$1,$1,$1,$3,$0,$0,$8,8,$0.39,$0.39,$29,$0,$0,$420,$21,$220,$2,$56,$342,$761,$595,$75,$4,$117,$713,$0,$36,$-2,$49,$761,$-1,$1,$0,$1,$0,$0,$-0,$-42,$-30,$-29,$-2,$0,$-12,$60,$-56,$4,$-32,$-41,$-3,$6,$3,$0,$0,$-0,$64,$66,$-4,$0,$-0
43,2007-09-30,32.22,$6.19,5.2,$7.63,4.22,$-0.08,0.0,$0.02,1610.78,$0.45B,$0.53B,0.85,$0.08B,$0.05B,1.63,$0.06B,$0.04B,71.67%,$0.06B,$0.00B,3.33%,$0.06B,0,0.00%,$0.06B,0,0.00%,$0.06B,$0.00B,3.33%,$0.06B,$0.00B,3.33%,$0.00B,$0.05B,4.35%,$0.00B,$0.05B,4.65%,$0.00B,$0.69B,0.28%,$0.00B,$0.13B,1.74%,$15,$4,$11,$0,$13,$16,$-1,$0,$-1,$-0,$-1,$-1,$-1,$0,$0,$8,8,$-0.10,$-0.10,$86,$0,$0,$448,$20,$163,$2,$19,$238,$686,$529,$78,$0,$109,$638,$0,$37,$-3,$48,$686,$1,$3,$-0,$2,$-0,$0,$-0,$-2,$-2,$2,$-5,$0,$-34,$-69,$16,$-53,$20,$-72,$-21,$-15,$-36,$2,$2,$-1,$17,$-19,$-88,$0,$-1
44,2007-06-30,30.45,$6.12,4.98,$7.26,4.2,$1.05,29.07,$0.03,911.58,$0.45B,$0.53B,0.85,$0.09B,$0.05B,1.94,$0.06B,$0.04B,69.64%,$0.06B,$0.00B,1.79%,$0.06B,0,0.00%,$0.06B,0,0.00%,$0.06B,$0.00B,1.79%,$0.06B,$0.00B,1.79%,$0.00B,$0.05B,2.21%,$0.00B,$0.04B,2.37%,$0.00B,$0.67B,0.14%,$0.00B,$0.14B,0.84%,$15,$4,$11,$0,$10,$14,$1,$0,$1,$0,$1,$1,$1,$0,$0,$8,8,$0.08,$0.10,$83,$0,$0,$450,$19,$175,$3,$20,$217,$667,$528,$92,$0,$92,$620,$0,$36,$-2,$47,$667,$1,$2,$1,$3,$0,$0,$-0,$-1,$0,$3,$-3,$0,$-30,$-39,$18,$-21,$12,$-41,$-15,$-15,$-30,$0,$0,$-1,$-8,$-40,$-77,$0,$-1
45,2007-03-31,24.81,$5.82,4.26,$7.23,3.43,$1.45,17.13,$0.06,436.88,$0.51B,$0.59B,0.86,$0.01B,$0.05B,0.23,$0.06B,$0.04B,67.27%,$0.06B,$0.00B,1.82%,$0.06B,0,0.00%,$0.06B,0,0.00%,$0.06B,$0.00B,1.82%,$0.06B,0,0.00%,$0.00B,$0.05B,0.00%,$0.00B,$0.04B,0.00%,$0.00B,$0.73B,0.00%,$0.00B,$0.06B,0.79%,$17,$4,$13,$0,$9,$13,$4,$0,$4,$2,$2,$2,$3,$0,$0,$8,8,$0.34,$0.32,$129,$0,$0,$508,$18,$180,$3,$19,$221,$729,$589,$10,$85,$96,$685,$0,$34,$-2,$45,$729,$-2,$1,$5,$6,$0,$0,$0,$-1,$-1,$3,$-1,$0,$3,$-94,$13,$-81,$3,$-77,$-13,$-10,$-23,$0,$0,$-1,$12,$-11,$-85,$0,$-1
46,2006-12-31,23.83,$5.73,4.16,$7.08,3.37,$1.76,13.51,$0.01,1778.08,$0.53B,$0.62B,0.86,$0.10B,$0.04B,2.2,$0.05B,$0.03B,64.15%,$0.05B,0,0.00%,$0.05B,0,0.00%,$0.05B,0,0.00%,$0.05B,0,0.00%,$0.05B,$-0.00B,-1.89%,$-0.00B,$0.04B,-2.30%,$-0.00B,$0.04B,-2.45%,$-0.00B,$0.76B,-0.13%,$0.00B,$0.14B,0.00%,$14,$4,$10,$0,$9,$13,$1,$0,$1,$0,$1,$1,$1,$0,$0,$8,8,$0.10,$0.09,$151,$0,$0,$526,$18,$186,$3,$21,$229,$755,$615,$96,$0,$96,$711,$0,$34,$-3,$44,$755,$-3,$1,$5,$5,$0,$0,$0,$-1,$-2,$1,$-1,$0,$5,$-44,$6,$-38,$10,$-24,$-13,$-5,$-18,$0,$0,$-0,$33,$15,$-8,$0,$-0
