,Date,Stock Price,Book Value per Share,Price to Book Ratio,TTM Sales per Share,Price to Sales Ratio,TTM FCF per Share,Price to FCF Ratio,TTM Net EPS,PE Ratio,Current Assets,Current Liabilities,Current Ratio,Long Term Debt,Shareholder's Equity_x,Debt to Equity Ratio,TTM Revenue_x,TTM Gross Profit,Gross Margin,TTM Revenue_y,TTM Operating Income,Operating Margin,TTM Revenue_x,TTM EBIT,EBIT Margin,TTM Revenue_y,TTM EBITDA,EBITDA Margin,TTM Revenue_x,TTM Pre-Tax Income,Pre-Tax Margin,TTM Revenue_y,TTM Net Income_x,Net Margin,TTM Net Income_y,Shareholder's Equity_y,Return on Equity,TTM Net Income_x,Tangible Equity,Return on Tangible Equity,TTM Net Income_y,Total Assets,Return on Assets,TTM Net Income,LT Investments & Debt,Return on Investment,revenue,cost-goods-sold,gross-profit,research-development-expenses,selling-general-administrative-expenses,operating-expenses,operating-income,total-non-operating-income-expense,pre-tax-income,total-provision-income-taxes,income-after-taxes,income-from-continuous-operations,net-income,ebitda,ebit,basic-shares-outstanding,shares-outstanding,eps-basic-net-earnings-per-share,eps-earnings-per-share-diluted,cash-on-hand,inventory,other-current-assets,total-current-assets,net-property-plant-equipment,long-term-investments,goodwill-intangible-assets-total,other-long-term-assets,total-long-term-assets,total-assets,total-current-liabilities,long-term-debt,other-non-current-liabilities,total-long-term-liabilities,total-liabilities,common-stock-net,retained-earnings-accumulated-deficit,comprehensive-income,total-share-holder-equity,total-liabilities-share-holders-equity,net-income-loss,total-depreciation-amortization-cash-flow,other-non-cash-items,total-non-cash-items,change-in-accounts-receivable,change-in-inventories,change-in-accounts-payable,change-in-assets-liabilities,total-change-in-assets-liabilities,cash-flow-from-operating-activities,net-change-in-property-plant-equipment,net-change-in-intangible-assets,net-acquisitions-divestitures,net-change-in-short-term-investments,net-change-in-long-term-investments,net-change-in-investments-total,investing-activities-other,cash-flow-from-investing-activities,net-long-term-debt,net-current-debt,debt-issuance-retirement-net-total,net-common-equity-issued-repurchased,net-total-equity-issued-repurchased,total-common-preferred-stock-dividends-paid,financial-activities-other,cash-flow-from-financial-activities,net-cash-flow,stock-based-compensation,common-stock-dividends-paid
0,2018-09-30,65.12,$18.64,3.49,$11.91,5.47,$8.74,7.45,$2.29,28.44,$0.90B,$1.40B,0.64,$0.00B,$0.23B,0.0,$0.15B,$0.15B,97.32%,$0.15B,$0.04B,24.83%,$0.15B,0,0.00%,$0.15B,0,0.00%,$0.15B,$0.04B,24.83%,$0.15B,$0.03B,19.46%,$0.03B,$0.23B,12.85%,$0.03B,$0.22B,13.71%,$0.03B,$1.68B,1.77%,$0.04B,$0.23B,16.39%,$39,$1,$38,$0,$28,$30,$9,$0,$9,$1,$8,$8,$8,$0,$0,$12,12,$0.62,$0.61,$180,$0,$0,$896,$23,$446,$14,$299,$782,$1678,$1404,$0,$45,$45,$1449,$7,$73,$-23,$229,$1678,$23,$9,$2,$11,$0,$0,$0,$8,$8,$39,$-4,$0,$0,$0,$6,$6,$-62,$-60,$0,$28,$28,$-1,$-1,$-9,$-44,$-27,$-48,$2,$-9
1,2018-06-30,68.82,$18.43,3.73,$11.62,5.92,$7.96,8.64,$2.23,30.8,$0.83B,$1.30B,0.64,$0.00B,$0.23B,0.0,$0.15B,$0.14B,97.24%,$0.15B,$0.04B,25.52%,$0.15B,0,0.00%,$0.15B,0,0.00%,$0.15B,$0.04B,25.52%,$0.15B,$0.03B,19.31%,$0.03B,$0.23B,12.47%,$0.03B,$0.21B,13.33%,$0.03B,$1.57B,1.74%,$0.04B,$0.23B,16.48%,$37,$1,$36,$0,$27,$28,$9,$0,$9,$1,$8,$8,$8,$0,$0,$12,12,$0.61,$0.60,$126,$0,$0,$831,$22,$441,$14,$262,$739,$1570,$1299,$0,$44,$44,$1344,$7,$69,$-21,$227,$1570,$16,$6,$2,$7,$0,$0,$0,$6,$8,$25,$-3,$0,$0,$0,$16,$16,$-43,$-30,$0,$-37,$-37,$-1,$-1,$-6,$-53,$-97,$-102,$1,$-6
2,2018-03-31,59.27,$18.10,3.27,$11.37,5.21,$7.74,7.66,$2.16,27.41,$0.89B,$1.39B,0.64,$0.00B,$0.22B,0.0,$0.14B,$0.14B,97.89%,$0.14B,$0.04B,26.06%,$0.14B,0,0.00%,$0.14B,0,0.00%,$0.14B,$0.04B,26.06%,$0.14B,$0.03B,19.01%,$0.03B,$0.22B,12.11%,$0.03B,$0.21B,12.93%,$0.03B,$1.65B,1.67%,$0.04B,$0.22B,16.59%,$37,$1,$36,$0,$26,$27,$10,$0,$10,$2,$8,$8,$8,$0,$0,$12,12,$0.66,$0.65,$200,$0,$0,$891,$22,$455,$14,$268,$759,$1651,$1387,$0,$42,$42,$1428,$7,$64,$-21,$222,$1651,$8,$3,$1,$4,$0,$0,$0,$8,$9,$18,$-1,$0,$0,$0,$4,$4,$-34,$-32,$0,$28,$28,$-1,$-1,$-3,$-39,$-15,$-29,$1,$-3
3,2017-12-31,57.74,$18.32,3.15,$11.06,5.22,$6.77,8.53,$2.02,28.57,$0.90B,$1.39B,0.65,$0.00B,$0.23B,0.0,$0.14B,$0.14B,97.83%,$0.14B,$0.04B,25.36%,$0.14B,0,0.00%,$0.14B,0,0.00%,$0.14B,$0.04B,25.36%,$0.14B,$0.03B,18.12%,$0.03B,$0.23B,11.33%,$0.03B,$0.21B,12.11%,$0.03B,$1.66B,1.60%,$0.04B,$0.23B,15.86%,$36,$1,$35,$0,$26,$27,$9,$0,$9,$4,$5,$5,$5,$0,$0,$12,12,$0.44,$0.43,$228,$0,$0,$904,$22,$471,$15,$246,$753,$1657,$1394,$0,$38,$38,$1432,$7,$59,$-13,$225,$1657,$25,$11,$6,$18,$0,$0,$0,$3,$0,$39,$-4,$0,$0,$0,$-81,$-81,$-55,$-140,$0,$20,$20,$-2,$-2,$-11,$56,$62,$-39,$2,$-11
4,2017-09-30,56.99,$18.23,3.13,$10.77,5.29,$6.43,8.87,$2.11,27.02,$0.89B,$1.30B,0.69,$0.00B,$0.22B,0.0,$0.13B,$0.13B,98.51%,$0.13B,$0.03B,25.37%,$0.13B,0,0.00%,$0.13B,0,0.00%,$0.13B,$0.03B,25.37%,$0.13B,$0.03B,19.40%,$0.03B,$0.22B,12.01%,$0.03B,$0.21B,12.86%,$0.03B,$1.56B,1.70%,$0.03B,$0.22B,15.70%,$35,$1,$34,$0,$25,$26,$9,$0,$9,$2,$7,$7,$7,$0,$0,$12,12,$0.56,$0.55,$242,$0,$0,$890,$21,$457,$15,$174,$667,$1557,$1296,$0,$36,$36,$1333,$6,$130,$-9,$224,$1557,$20,$8,$2,$10,$0,$0,$0,$-0,$0,$28,$-3,$0,$0,$0,$-64,$-64,$-8,$-74,$0,$45,$45,$-2,$-2,$-8,$-13,$21,$-25,$2,$-8
5,2017-06-30,58.74,$17.96,3.27,$10.56,5.56,$6.18,9.5,$2.05,28.59,$0.96B,$1.33B,0.72,$0.00B,$0.22B,0.0,$0.13B,$0.13B,99.24%,$0.13B,$0.03B,25.19%,$0.13B,0,0.00%,$0.13B,0,0.00%,$0.13B,$0.03B,25.19%,$0.13B,$0.03B,19.08%,$0.03B,$0.22B,11.71%,$0.03B,$0.21B,12.52%,$0.03B,$1.59B,1.64%,$0.03B,$0.22B,15.46%,$34,$0,$34,$0,$25,$25,$9,$0,$9,$2,$7,$7,$7,$0,$0,$12,12,$0.53,$0.52,$301,$0,$0,$963,$21,$432,$15,$163,$631,$1593,$1334,$0,$37,$37,$1372,$6,$126,$-9,$221,$1593,$13,$5,$1,$7,$0,$0,$0,$3,$4,$21,$-2,$0,$0,$0,$-37,$-37,$-13,$-51,$0,$87,$87,$0,$0,$-5,$-18,$64,$34,$1,$-5
6,2017-03-31,58.93,$17.31,3.41,$10.35,5.69,$5.83,10.11,$2.00,29.47,$0.81B,$1.20B,0.67,$0.00B,$0.21B,0.0,$0.13B,$0.13B,99.22%,$0.13B,$0.03B,25.00%,$0.13B,0,0.00%,$0.13B,0,0.00%,$0.13B,$0.03B,25.00%,$0.13B,$0.02B,18.75%,$0.02B,$0.21B,11.39%,$0.02B,$0.20B,12.18%,$0.02B,$1.45B,1.59%,$0.03B,$0.21B,15.18%,$33,$0,$32,$0,$24,$25,$8,$0,$8,$2,$6,$6,$6,$0,$0,$12,12,$0.51,$0.51,$144,$0,$0,$809,$21,$426,$15,$176,$638,$1447,$1202,$0,$32,$32,$1234,$6,$122,$-13,$213,$1447,$6,$3,$1,$3,$0,$0,$0,$3,$3,$6,$-1,$0,$0,$0,$-35,$-35,$-27,$-63,$0,$-19,$-19,$0,$0,$-3,$-44,$-66,$-123,$1,$-3
7,2016-12-31,65.37,$18.59,3.52,$10.13,6.45,$5.94,11.01,$1.95,33.44,$0.92B,$1.26B,0.73,$0.00B,$0.21B,0.0,$0.13B,$0.13B,100.00%,$0.13B,$0.03B,25.60%,$0.13B,0,0.00%,$0.13B,0,0.00%,$0.13B,$0.03B,25.60%,$0.13B,$0.02B,19.20%,$0.02B,$0.21B,11.44%,$0.02B,$0.19B,12.24%,$0.02B,$1.51B,1.61%,$0.03B,$0.21B,15.26%,$32,$1,$32,$0,$23,$24,$8,$0,$8,$2,$6,$6,$6,$0,$0,$12,12,$0.53,$0.52,$267,$0,$0,$921,$21,$391,$14,$158,$583,$1505,$1264,$0,$33,$33,$1297,$6,$118,$-15,$208,$1505,$24,$9,$0,$10,$0,$0,$0,$0,$0,$35,$-5,$0,$0,$0,$-31,$-31,$-6,$-42,$0,$65,$65,$-9,$-9,$-10,$-26,$20,$14,$2,$-10
8,2016-09-30,50.17,$17.27,2.9,$9.91,5.06,$5.67,8.84,$1.92,26.16,$0.98B,$1.31B,0.75,$0.00B,$0.21B,0.0,$0.12B,$0.12B,99.19%,$0.12B,$0.03B,25.20%,$0.12B,0,0.00%,$0.12B,0,0.00%,$0.12B,$0.03B,26.02%,$0.12B,$0.02B,19.51%,$0.02B,$0.21B,11.46%,$0.02B,$0.20B,12.26%,$0.02B,$1.55B,1.63%,$0.03B,$0.21B,14.80%,$32,$1,$32,$0,$23,$24,$8,$0,$8,$2,$6,$6,$6,$0,$0,$12,12,$0.51,$0.50,$303,$0,$0,$977,$21,$383,$14,$153,$570,$1548,$1307,$0,$29,$29,$1335,$6,$115,$-4,$212,$1548,$18,$7,$-0,$7,$0,$0,$0,$-1,$0,$26,$-4,$0,$0,$0,$-6,$-6,$-32,$-41,$0,$106,$106,$-9,$-9,$-7,$-23,$66,$50,$1,$-7
9,2016-06-30,45.61,$17.11,2.67,$9.78,4.66,$5.59,8.15,$1.88,24.24,$0.96B,$1.28B,0.75,$0.00B,$0.21B,0.0,$0.12B,$0.12B,99.18%,$0.12B,$0.03B,25.41%,$0.12B,0,0.00%,$0.12B,0,0.00%,$0.12B,$0.03B,26.23%,$0.12B,$0.02B,19.67%,$0.02B,$0.21B,11.64%,$0.02B,$0.20B,12.48%,$0.02B,$1.52B,1.66%,$0.03B,$0.21B,15.03%,$31,$1,$31,$0,$23,$24,$8,$0,$8,$2,$6,$6,$6,$0,$0,$12,12,$0.48,$0.47,$274,$0,$0,$962,$21,$368,$14,$157,$560,$1521,$1282,$0,$29,$29,$1311,$6,$111,$-2,$210,$1521,$12,$5,$-0,$4,$0,$0,$0,$2,$3,$18,$-3,$0,$0,$0,$13,$13,$-51,$-40,$0,$74,$74,$-9,$-9,$-5,$-16,$44,$21,$1,$-5
10,2016-03-31,45.98,$16.86,2.73,$9.65,4.76,$5.45,8.44,$1.85,24.91,$0.82B,$1.14B,0.72,$0.00B,$0.21B,0.0,$0.12B,$0.12B,98.36%,$0.12B,$0.03B,24.59%,$0.12B,0,0.00%,$0.12B,0,0.00%,$0.12B,$0.03B,25.41%,$0.12B,$0.02B,19.67%,$0.02B,$0.21B,11.82%,$0.02B,$0.20B,12.70%,$0.02B,$1.38B,1.70%,$0.03B,$0.21B,14.78%,$30,$1,$30,$0,$22,$22,$8,$0,$8,$2,$6,$6,$6,$0,$0,$12,13,$0.47,$0.46,$145,$0,$0,$819,$20,$373,$14,$151,$558,$1377,$1143,$0,$25,$25,$1168,$6,$107,$-5,$209,$1377,$6,$2,$-1,$1,$0,$0,$0,$1,$1,$7,$-1,$0,$0,$0,$5,$5,$-31,$-27,$0,$-41,$-41,$-4,$-4,$-2,$-41,$-88,$-108,$0,$-2
11,2015-12-31,45.0,$16.64,2.7,$9.62,4.68,$5.61,8.02,$1.82,24.75,$1.01B,$1.22B,0.82,$0.00B,$0.21B,0.0,$0.12B,$0.12B,98.36%,$0.12B,$0.03B,23.77%,$0.12B,0,0.00%,$0.12B,0,0.00%,$0.12B,$0.03B,24.59%,$0.12B,$0.02B,19.67%,$0.02B,$0.21B,11.96%,$0.02B,$0.19B,12.85%,$0.02B,$1.46B,1.70%,$0.03B,$0.21B,14.45%,$30,$1,$29,$0,$22,$23,$7,$0,$8,$2,$6,$6,$6,$0,$0,$12,13,$0.50,$0.48,$253,$0,$0,$1006,$20,$376,$14,$40,$449,$1456,$1224,$0,$24,$24,$1248,$6,$104,$-7,$207,$1456,$23,$9,$-2,$7,$0,$0,$0,$4,$4,$33,$-6,$0,$0,$0,$-23,$-23,$26,$-4,$0,$-78,$-78,$-11,$-11,$-10,$28,$-71,$-41,$2,$-10
12,2015-09-30,42.78,$15.97,2.68,$9.61,4.45,$5.65,7.57,$1.78,24.01,$0.89B,$1.20B,0.74,$0.00B,$0.20B,0.0,$0.12B,$0.12B,99.18%,$0.12B,$0.03B,24.59%,$0.12B,0,0.00%,$0.12B,0,0.00%,$0.12B,$0.03B,24.59%,$0.12B,$0.02B,19.67%,$0.02B,$0.20B,12.06%,$0.02B,$0.19B,12.97%,$0.02B,$1.43B,1.68%,$0.03B,$0.20B,15.08%,$31,$0,$31,$0,$23,$23,$8,$0,$8,$2,$6,$6,$6,$0,$0,$12,13,$0.47,$0.46,$226,$0,$0,$885,$19,$363,$14,$152,$548,$1434,$1203,$0,$31,$31,$1234,$6,$100,$-12,$199,$1434,$17,$6,$-3,$4,$0,$0,$0,$4,$5,$26,$-4,$0,$0,$0,$-11,$-11,$10,$-6,$0,$-30,$-30,$-9,$-9,$-7,$-41,$-88,$-68,$2,$-7
13,2015-06-30,48.74,$15.72,3.1,$9.51,5.13,$5.81,8.39,$1.82,26.81,$0.82B,$1.14B,0.72,$0.00B,$0.20B,0.0,$0.12B,$0.12B,99.17%,$0.12B,$0.03B,24.79%,$0.12B,0,0.00%,$0.12B,0,0.00%,$0.12B,$0.03B,24.79%,$0.12B,$0.02B,19.83%,$0.02B,$0.20B,11.94%,$0.02B,$0.18B,12.85%,$0.02B,$1.37B,1.68%,$0.03B,$0.20B,14.93%,$31,$1,$30,$0,$23,$23,$7,$0,$7,$2,$6,$6,$6,$0,$0,$13,13,$0.45,$0.44,$159,$0,$0,$822,$19,$348,$14,$164,$545,$1367,$1140,$0,$29,$29,$1169,$6,$97,$-13,$197,$1367,$11,$4,$-3,$2,$0,$0,$0,$2,$2,$17,$-3,$0,$0,$0,$2,$2,$-6,$-7,$0,$-71,$-71,$-6,$-6,$-5,$-64,$-145,$-136,$1,$-5
14,2015-03-31,48.48,$15.87,3.06,$9.43,5.14,$5.96,8.14,$1.85,26.14,$0.88B,$1.17B,0.75,$0.00B,$0.20B,0.0,$0.12B,$0.12B,99.17%,$0.12B,$0.03B,25.83%,$0.12B,0,0.00%,$0.12B,0,0.00%,$0.12B,$0.03B,25.83%,$0.12B,$0.02B,20.00%,$0.02B,$0.20B,11.85%,$0.02B,$0.19B,12.77%,$0.02B,$1.40B,1.68%,$0.03B,$0.20B,15.31%,$30,$1,$30,$0,$22,$23,$7,$0,$7,$2,$6,$6,$6,$0,$0,$13,13,$0.44,$0.44,$209,$0,$0,$880,$18,$323,$14,$166,$521,$1401,$1172,$0,$29,$29,$1201,$6,$94,$-9,$200,$1401,$6,$2,$-0,$2,$0,$0,$0,$1,$1,$10,$-2,$0,$0,$0,$34,$34,$-20,$13,$0,$-99,$-99,$-3,$-3,$-2,$-4,$-108,$-86,$1,$-2
15,2014-12-31,45.79,$15.84,2.89,$9.34,4.9,$5.92,7.73,$1.87,24.45,$0.95B,$1.27B,0.75,$0.00B,$0.20B,0.0,$0.12B,$0.12B,99.16%,$0.12B,$0.03B,26.89%,$0.12B,0,0.00%,$0.12B,0,0.00%,$0.12B,$0.03B,26.89%,$0.12B,$0.02B,20.17%,$0.02B,$0.20B,11.91%,$0.02B,$0.19B,12.83%,$0.02B,$1.50B,1.70%,$0.03B,$0.20B,15.88%,$30,$1,$30,$0,$22,$22,$8,$0,$8,$2,$6,$6,$6,$0,$0,$13,13,$0.46,$0.45,$294,$0,$0,$952,$17,$356,$14,$162,$549,$1501,$1274,$0,$27,$27,$1300,$6,$91,$-10,$200,$1501,$24,$8,$1,$10,$0,$0,$0,$2,$2,$35,$-6,$0,$0,$0,$-35,$-35,$-60,$-101,$0,$111,$111,$-2,$-2,$-9,$35,$135,$69,$2,$-9
16,2014-09-30,35.45,$16.33,2.17,$9.23,3.84,$5.57,6.37,$1.84,19.3,$0.90B,$1.23B,0.74,$0.00B,$0.21B,0.0,$0.12B,$0.12B,98.31%,$0.12B,$0.03B,26.27%,$0.12B,0,0.00%,$0.12B,0,0.00%,$0.12B,$0.03B,26.27%,$0.12B,$0.02B,19.49%,$0.02B,$0.21B,11.56%,$0.02B,$0.19B,12.47%,$0.02B,$1.45B,1.68%,$0.03B,$0.21B,15.58%,$30,$1,$30,$0,$21,$22,$8,$0,$8,$2,$6,$6,$6,$0,$0,$13,13,$0.51,$0.50,$239,$0,$0,$904,$16,$340,$14,$176,$546,$1450,$1231,$0,$12,$12,$1243,$6,$87,$-1,$207,$1450,$18,$6,$2,$8,$0,$0,$0,$2,$2,$28,$-5,$0,$0,$0,$-18,$-18,$-89,$-111,$0,$102,$102,$-1,$-1,$-7,$2,$96,$13,$2,$-7
17,2014-06-30,42.18,$15.97,2.64,$9.19,4.59,$5.15,8.19,$1.82,23.2,$0.84B,$1.14B,0.74,$0.00B,$0.20B,0.0,$0.12B,$0.12B,97.46%,$0.12B,$0.03B,26.27%,$0.12B,0,0.00%,$0.12B,0,0.00%,$0.12B,$0.03B,26.27%,$0.12B,$0.02B,19.49%,$0.02B,$0.20B,11.98%,$0.02B,$0.19B,12.96%,$0.02B,$1.35B,1.72%,$0.03B,$0.20B,16.15%,$30,$1,$29,$0,$21,$22,$8,$0,$8,$2,$6,$6,$6,$0,$0,$13,13,$0.47,$0.47,$182,$0,$0,$836,$15,$327,$15,$159,$516,$1352,$1137,$0,$12,$12,$1149,$6,$83,$-1,$203,$1352,$12,$4,$1,$5,$0,$0,$0,$0,$1,$19,$-3,$0,$0,$0,$-5,$-5,$-60,$-68,$0,$42,$42,$0,$0,$-5,$-31,$6,$-44,$1,$-5
18,2014-03-31,43.78,$15.48,2.83,$9.22,4.75,$4.89,8.95,$1.82,24.08,$0.85B,$1.14B,0.75,$0.00B,$0.20B,0.0,$0.12B,$0.12B,97.46%,$0.12B,$0.03B,26.27%,$0.12B,0,0.00%,$0.12B,0,0.00%,$0.12B,$0.03B,26.27%,$0.12B,$0.02B,19.49%,$0.02B,$0.20B,12.43%,$0.02B,$0.18B,13.49%,$0.02B,$1.34B,1.72%,$0.03B,$0.20B,16.76%,$29,$1,$29,$0,$21,$22,$8,$0,$8,$2,$6,$6,$6,$0,$0,$13,13,$0.46,$0.46,$199,$0,$0,$852,$13,$325,$15,$136,$490,$1342,$1136,$0,$10,$10,$1146,$6,$79,$-3,$196,$1342,$6,$2,$1,$2,$0,$0,$0,$1,$1,$9,$-1,$0,$0,$0,$-5,$-5,$-36,$-42,$0,$11,$11,$0,$0,$-2,$-2,$7,$-26,$1,$-2
19,2013-12-31,56.96,$15.03,3.79,$9.24,6.17,$4.49,12.69,$1.84,31.02,$0.87B,$1.13B,0.77,$0.00B,$0.19B,0.0,$0.12B,$0.12B,97.46%,$0.12B,$0.03B,26.27%,$0.12B,0,0.00%,$0.12B,0,0.00%,$0.12B,$0.03B,26.27%,$0.12B,$0.02B,19.49%,$0.02B,$0.19B,12.78%,$0.02B,$0.18B,13.92%,$0.02B,$1.33B,1.74%,$0.03B,$0.19B,17.22%,$29,$1,$28,$0,$21,$22,$7,$0,$7,$2,$5,$5,$5,$0,$0,$13,13,$0.41,$0.41,$225,$0,$0,$866,$13,$318,$15,$114,$460,$1326,$1126,$0,$9,$9,$1136,$6,$76,$-6,$190,$1326,$23,$7,$-1,$6,$0,$0,$0,$3,$2,$29,$-5,$0,$0,$0,$10,$10,$20,$25,$0,$21,$21,$0,$0,$-9,$18,$30,$84,$2,$-9
20,2013-09-30,44.99,$14.11,3.19,$9.27,4.85,$5.15,8.74,$1.85,24.38,$0.86B,$1.13B,0.77,$0.00B,$0.18B,0.0,$0.12B,$0.12B,97.46%,$0.12B,$0.03B,26.27%,$0.12B,0,0.00%,$0.12B,0,0.00%,$0.12B,$0.03B,26.27%,$0.12B,$0.02B,19.49%,$0.02B,$0.18B,13.07%,$0.02B,$0.16B,14.29%,$0.02B,$1.33B,1.75%,$0.03B,$0.18B,17.61%,$30,$1,$29,$0,$21,$22,$8,$0,$8,$2,$6,$6,$6,$0,$0,$13,13,$0.49,$0.48,$240,$0,$0,$864,$13,$309,$15,$129,$466,$1329,$1126,$0,$25,$25,$1151,$6,$73,$-14,$179,$1329,$18,$5,$-1,$4,$0,$0,$0,$2,$1,$22,$-3,$0,$0,$0,$22,$22,$27,$45,$0,$42,$42,$0,$0,$-6,$-4,$32,$99,$1,$-6
21,2013-06-30,38.73,$13.81,2.8,$9.21,4.21,$5.58,6.94,$1.84,21.02,$0.93B,$1.15B,0.81,$0.00B,$0.18B,0.0,$0.12B,$0.11B,97.44%,$0.12B,$0.03B,26.50%,$0.12B,0,0.00%,$0.12B,0,0.00%,$0.12B,$0.03B,26.50%,$0.12B,$0.02B,19.66%,$0.02B,$0.18B,13.14%,$0.02B,$0.16B,14.40%,$0.02B,$1.35B,1.73%,$0.03B,$0.18B,17.71%,$30,$1,$29,$0,$21,$22,$8,$0,$8,$2,$6,$6,$6,$0,$0,$13,13,$0.48,$0.47,$270,$0,$0,$928,$12,$276,$15,$117,$420,$1349,$1147,$0,$27,$27,$1174,$6,$69,$-14,$175,$1349,$12,$3,$-2,$2,$0,$0,$0,$1,$2,$15,$-2,$0,$0,$0,$54,$54,$6,$58,$0,$83,$83,$0,$0,$-4,$-23,$56,$129,$1,$-4
22,2013-03-31,35.18,$13.97,2.52,$9.19,3.83,$5.87,5.99,$1.84,19.1,$0.84B,$1.08B,0.77,$0.00B,$0.18B,0.0,$0.12B,$0.11B,97.44%,$0.12B,$0.03B,26.50%,$0.12B,0,0.00%,$0.12B,0,0.00%,$0.12B,$0.03B,26.50%,$0.12B,$0.02B,19.66%,$0.02B,$0.18B,13.28%,$0.02B,$0.16B,14.56%,$0.02B,$1.28B,1.75%,$0.03B,$0.18B,17.89%,$29,$1,$29,$0,$20,$21,$8,$0,$8,$2,$6,$6,$6,$0,$0,$13,13,$0.48,$0.47,$166,$0,$0,$835,$12,$308,$15,$110,$445,$1280,$1079,$0,$25,$25,$1104,$6,$65,$-8,$176,$1280,$6,$2,$-1,$1,$0,$0,$0,$1,$1,$4,$-2,$0,$0,$0,$32,$32,$0,$31,$0,$20,$20,$0,$0,$-2,$-28,$-10,$25,$0,$-2
23,2012-12-31,35.16,$13.80,2.55,$9.21,3.82,$6.42,5.48,$1.83,19.2,$0.82B,$1.09B,0.75,$0.00B,$0.17B,0.0,$0.12B,$0.11B,97.44%,$0.12B,$0.03B,26.50%,$0.12B,0,0.00%,$0.12B,0,0.00%,$0.12B,$0.03B,26.50%,$0.12B,$0.02B,19.66%,$0.02B,$0.17B,13.53%,$0.02B,$0.16B,14.86%,$0.02B,$1.29B,1.75%,$0.03B,$0.17B,18.24%,$29,$1,$28,$0,$21,$22,$7,$0,$7,$2,$5,$5,$5,$0,$0,$13,13,$0.43,$0.42,$141,$0,$0,$816,$11,$342,$15,$103,$471,$1287,$1086,$0,$27,$27,$1113,$6,$61,$-6,$174,$1287,$23,$7,$2,$9,$0,$0,$0,$-2,$-1,$35,$-3,$0,$-8,$0,$-33,$-33,$-21,$-65,$0,$-72,$-72,$0,$0,$-7,$15,$-65,$-95,$1,$-7
24,2012-09-30,31.79,$13.87,2.29,$9.12,3.48,$5.76,5.51,$1.85,17.17,$0.89B,$1.20B,0.74,$0.00B,$0.18B,0.0,$0.12B,$0.11B,97.41%,$0.12B,$0.03B,26.72%,$0.12B,0,0.00%,$0.12B,0,0.00%,$0.12B,$0.03B,26.72%,$0.12B,$0.02B,19.83%,$0.02B,$0.18B,13.79%,$0.02B,$0.16B,15.01%,$0.02B,$1.39B,1.74%,$0.03B,$0.18B,18.59%,$29,$1,$28,$0,$20,$21,$8,$0,$8,$2,$6,$6,$6,$0,$0,$13,13,$0.48,$0.48,$220,$0,$0,$889,$9,$368,$15,$110,$503,$1391,$1197,$0,$19,$19,$1217,$5,$103,$-2,$175,$1391,$18,$5,$-1,$4,$0,$0,$0,$1,$2,$25,$-1,$0,$-8,$0,$-57,$-57,$-24,$-89,$0,$54,$54,$0,$0,$-5,$-0,$48,$-16,$1,$-5
25,2012-06-30,30.36,$13.41,2.26,$9.16,3.31,$5.58,5.44,$1.85,16.39,$0.84B,$1.10B,0.76,$0.00B,$0.17B,0.0,$0.12B,$0.11B,97.41%,$0.12B,$0.03B,26.72%,$0.12B,0,0.00%,$0.12B,0,0.00%,$0.12B,$0.03B,26.72%,$0.12B,$0.02B,19.83%,$0.02B,$0.17B,14.09%,$0.02B,$0.15B,15.16%,$0.02B,$1.29B,1.74%,$0.03B,$0.17B,18.99%,$30,$1,$29,$0,$21,$22,$8,$0,$8,$2,$6,$6,$6,$0,$0,$13,13,$0.48,$0.47,$157,$0,$0,$837,$9,$323,$16,$106,$454,$1291,$1104,$0,$19,$19,$1123,$5,$98,$-4,$168,$1291,$12,$3,$-1,$2,$0,$0,$0,$0,$1,$17,$-1,$0,$-8,$0,$-13,$-13,$-31,$-53,$0,$-2,$-2,$0,$0,$-4,$-37,$-43,$-79,$1,$-4
26,2012-03-31,29.99,$13.00,2.31,$9.11,3.29,$5.41,5.55,$1.84,16.3,$0.84B,$1.09B,0.77,$0.00B,$0.16B,0.0,$0.12B,$0.11B,96.52%,$0.12B,$0.03B,26.96%,$0.12B,0,0.00%,$0.12B,0,0.00%,$0.12B,$0.03B,26.96%,$0.12B,$0.02B,20.00%,$0.02B,$0.16B,14.44%,$0.02B,$0.15B,15.38%,$0.02B,$1.27B,1.74%,$0.03B,$0.16B,19.47%,$29,$1,$29,$0,$20,$21,$8,$0,$8,$2,$6,$6,$6,$0,$0,$13,13,$0.47,$0.46,$159,$0,$0,$837,$9,$309,$15,$103,$437,$1274,$1091,$0,$19,$19,$1110,$5,$94,$-4,$163,$1274,$6,$2,$1,$3,$0,$0,$0,$0,$0,$10,$-0,$0,$-8,$0,$-1,$-1,$-23,$-32,$0,$-20,$-20,$0,$0,$-2,$-33,$-55,$-77,$0,$-2
27,2011-12-31,27.2,$14.09,1.93,$8.99,3.03,$5.30,5.13,$1.83,14.88,$0.90B,$1.14B,0.78,$0.00B,$0.16B,0.0,$0.11B,$0.11B,95.61%,$0.11B,$0.03B,27.19%,$0.11B,0,0.00%,$0.11B,0,0.00%,$0.11B,$0.03B,27.19%,$0.11B,$0.02B,20.18%,$0.02B,$0.16B,14.81%,$0.02B,$0.15B,15.59%,$0.02B,$1.32B,1.76%,$0.03B,$0.16B,19.97%,$28,$1,$27,$0,$20,$21,$7,$0,$7,$2,$5,$5,$5,$0,$0,$12,13,$0.44,$0.44,$236,$0,$0,$895,$10,$311,$8,$97,$425,$1319,$1144,$0,$15,$15,$1159,$5,$90,$-3,$161,$1319,$23,$5,$6,$10,$0,$0,$0,$-7,$-7,$26,$-2,$0,$0,$0,$-37,$-37,$8,$-31,$0,$79,$79,$0,$0,$-6,$30,$102,$97,$1,$-6
28,2011-09-30,21.1,$12.83,1.64,$8.96,2.35,$5.22,4.04,$1.80,11.75,$1.01B,$1.23B,0.82,$0.00B,$0.16B,0.0,$0.11B,$0.11B,95.58%,$0.11B,$0.03B,27.43%,$0.11B,0,0.00%,$0.11B,0,0.00%,$0.11B,$0.03B,27.43%,$0.11B,$0.02B,20.35%,$0.02B,$0.16B,15.28%,$0.02B,$0.15B,16.11%,$0.02B,$1.41B,1.81%,$0.03B,$0.16B,20.60%,$29,$1,$28,$0,$19,$21,$8,$0,$8,$2,$6,$6,$6,$0,$0,$12,13,$0.49,$0.48,$335,$0,$0,$1014,$10,$275,$8,$99,$392,$1406,$1233,$0,$12,$12,$1245,$5,$120,$1,$161,$1406,$18,$3,$3,$6,$0,$0,$0,$0,$1,$23,$-2,$0,$0,$0,$-4,$-4,$-15,$-21,$0,$167,$167,$0,$0,$-5,$31,$194,$196,$1,$-5
29,2011-06-30,25.54,$12.13,2.1,$8.82,2.9,$5.20,4.91,$1.76,14.53,$0.91B,$1.12B,0.81,$0.00B,$0.15B,0.0,$0.11B,$0.11B,95.50%,$0.11B,$0.03B,27.93%,$0.11B,0,0.00%,$0.11B,0,0.00%,$0.11B,$0.03B,27.93%,$0.11B,$0.02B,20.72%,$0.02B,$0.15B,15.67%,$0.02B,$0.14B,16.55%,$0.02B,$1.29B,1.88%,$0.03B,$0.15B,21.12%,$29,$1,$27,$0,$19,$21,$8,$0,$8,$2,$6,$6,$6,$0,$0,$12,12,$0.46,$0.46,$204,$0,$0,$910,$10,$264,$8,$96,$378,$1288,$1122,$0,$13,$13,$1136,$5,$116,$-2,$152,$1288,$11,$2,$2,$4,$0,$0,$0,$0,$-0,$15,$-1,$0,$0,$0,$1,$1,$-34,$-34,$0,$84,$84,$0,$0,$-3,$3,$84,$65,$1,$-3
30,2011-03-31,26.47,$11.77,2.25,$8.60,3.08,$5.14,5.15,$1.69,15.66,$0.84B,$1.04B,0.8,$0.00B,$0.15B,0.0,$0.11B,$0.10B,96.30%,$0.11B,$0.03B,27.78%,$0.11B,0,0.00%,$0.11B,0,0.00%,$0.11B,$0.03B,27.78%,$0.11B,$0.02B,20.37%,$0.02B,$0.15B,15.36%,$0.02B,$0.14B,16.24%,$0.02B,$1.20B,1.85%,$0.03B,$0.15B,20.94%,$28,$1,$27,$0,$19,$20,$8,$0,$8,$2,$6,$6,$6,$0,$0,$12,13,$0.46,$0.46,$139,$0,$0,$836,$10,$268,$8,$78,$364,$1200,$1040,$0,$13,$13,$1053,$5,$111,$-2,$147,$1200,$6,$1,$1,$2,$0,$0,$0,$0,$2,$9,$-0,$0,$0,$0,$-3,$-3,$-9,$-12,$0,$-2,$-2,$0,$0,$-2,$7,$3,$-0,$0,$-2
31,2010-12-31,25.45,$12.51,2.03,$8.39,3.04,$4.97,5.12,$1.62,15.76,$0.87B,$1.04B,0.84,$0.00B,$0.14B,0.0,$0.11B,$0.10B,96.19%,$0.11B,$0.03B,27.62%,$0.11B,0,0.00%,$0.11B,0,0.00%,$0.11B,$0.03B,27.62%,$0.11B,$0.02B,20.00%,$0.02B,$0.14B,15.00%,$0.02B,$0.13B,15.88%,$0.02B,$1.19B,1.82%,$0.03B,$0.14B,20.71%,$27,$1,$26,$0,$19,$20,$7,$0,$7,$2,$5,$5,$5,$0,$0,$12,13,$0.41,$0.41,$139,$0,$0,$869,$10,$265,$8,$37,$319,$1188,$1035,$0,$11,$11,$1046,$5,$107,$-3,$142,$1188,$20,$4,$7,$11,$0,$0,$0,$-4,$-5,$24,$-1,$0,$0,$0,$-45,$-45,$-78,$-125,$0,$86,$86,$-0,$-0,$-5,$80,$160,$60,$1,$-5
32,2010-09-30,22.92,$11.66,1.96,$8.20,2.79,$4.61,4.97,$1.56,14.73,$0.89B,$1.06B,0.84,$0.00B,$0.15B,0.0,$0.10B,$0.10B,95.15%,$0.10B,$0.03B,27.18%,$0.10B,0,0.00%,$0.10B,0,0.00%,$0.10B,$0.03B,27.18%,$0.10B,$0.02B,19.42%,$0.02B,$0.15B,14.60%,$0.02B,$0.14B,15.47%,$0.02B,$1.22B,1.80%,$0.03B,$0.15B,20.44%,$27,$1,$26,$0,$18,$19,$8,$0,$8,$2,$6,$6,$6,$0,$0,$12,12,$0.45,$0.44,$209,$0,$0,$888,$10,$238,$8,$73,$329,$1217,$1056,$0,$15,$15,$1072,$5,$104,$4,$146,$1217,$15,$3,$4,$7,$0,$0,$0,$1,$-1,$22,$-1,$0,$0,$0,$-9,$-9,$-66,$-75,$0,$125,$125,$0,$0,$-4,$63,$184,$130,$1,$-4
33,2010-06-30,22.78,$11.01,2.07,$7.96,2.86,$4.23,5.39,$1.46,15.63,$0.82B,$0.99B,0.83,$0.00B,$0.14B,0.0,$0.10B,$0.09B,94.00%,$0.10B,$0.03B,26.00%,$0.10B,0,0.00%,$0.10B,0,0.00%,$0.10B,$0.03B,26.00%,$0.10B,$0.02B,18.00%,$0.02B,$0.14B,13.61%,$0.02B,$0.13B,14.46%,$0.02B,$1.15B,1.69%,$0.03B,$0.14B,19.66%,$26,$1,$25,$0,$18,$19,$7,$0,$7,$2,$5,$5,$5,$0,$0,$12,13,$0.39,$0.39,$154,$0,$0,$824,$10,$233,$8,$71,$321,$1145,$992,$0,$16,$16,$1008,$5,$99,$0,$138,$1145,$10,$2,$1,$3,$0,$0,$0,$0,$0,$13,$-1,$0,$0,$0,$-8,$-8,$-51,$-60,$0,$97,$97,$0,$0,$-3,$26,$121,$74,$1,$-3
34,2010-03-31,20.63,$10.77,1.92,$7.74,2.67,$4.14,4.99,$1.36,15.17,$0.77B,$0.92B,0.83,$0.00B,$0.13B,0.0,$0.10B,$0.09B,93.81%,$0.10B,$0.02B,24.74%,$0.10B,0,0.00%,$0.10B,0,0.00%,$0.10B,$0.02B,24.74%,$0.10B,$0.02B,17.53%,$0.02B,$0.13B,13.41%,$0.02B,$0.13B,14.29%,$0.02B,$1.07B,1.68%,$0.02B,$0.13B,18.82%,$25,$1,$24,$0,$17,$18,$7,$0,$7,$2,$5,$5,$5,$0,$0,$12,13,$0.38,$0.38,$111,$0,$0,$767,$10,$226,$8,$62,$307,$1073,$924,$0,$15,$15,$939,$5,$96,$1,$134,$1073,$5,$1,$1,$2,$0,$0,$0,$0,$-0,$6,$-0,$0,$0,$0,$0,$0,$-29,$-29,$0,$50,$50,$0,$0,$-1,$6,$54,$32,$0,$-1
35,2009-12-31,20.04,$10.37,1.93,$7.60,2.64,$4.08,4.91,$1.30,15.42,$0.74B,$0.87B,0.85,$0.00B,$0.13B,0.0,$0.10B,$0.09B,93.68%,$0.10B,$0.02B,23.16%,$0.10B,0,0.00%,$0.10B,0,0.00%,$0.10B,$0.02B,23.16%,$0.10B,$0.02B,16.84%,$0.02B,$0.13B,13.14%,$0.02B,$0.12B,14.07%,$0.02B,$1.01B,1.65%,$0.02B,$0.13B,17.85%,$25,$1,$23,$0,$18,$19,$6,$0,$6,$1,$4,$4,$4,$0,$0,$12,12,$0.35,$0.34,$79,$0,$0,$736,$10,$225,$8,$34,$277,$1013,$868,$0,$15,$15,$883,$5,$92,$-0,$130,$1013,$16,$4,$3,$7,$0,$0,$0,$-3,$-3,$19,$-1,$0,$0,$0,$-24,$-24,$-51,$-76,$0,$-49,$-49,$0,$0,$-5,$160,$106,$50,$2,$-5
36,2009-09-30,19.59,$10.15,1.93,$7.57,2.59,$4.30,4.56,$1.37,14.25,$0.76B,$0.89B,0.86,$0.00B,$0.13B,0.0,$0.10B,$0.09B,94.74%,$0.10B,$0.02B,24.21%,$0.10B,0,0.00%,$0.10B,0,0.00%,$0.10B,$0.02B,24.21%,$0.10B,$0.02B,17.89%,$0.02B,$0.13B,14.69%,$0.02B,$0.12B,15.78%,$0.02B,$1.03B,1.82%,$0.02B,$0.13B,19.49%,$24,$1,$22,$0,$17,$18,$6,$0,$6,$1,$4,$4,$4,$0,$0,$12,12,$0.35,$0.35,$129,$0,$0,$761,$11,$223,$8,$31,$272,$1033,$888,$0,$19,$19,$907,$5,$89,$0,$127,$1033,$12,$3,$3,$6,$0,$0,$0,$1,$-0,$17,$-1,$0,$0,$0,$-18,$-18,$-26,$-45,$0,$-42,$-42,$0,$0,$-4,$173,$127,$100,$1,$-4
37,2009-06-30,21.39,$9.45,2.26,$7.66,2.79,$4.31,4.97,$1.45,14.75,$0.70B,$0.80B,0.88,$0.00B,$0.12B,0.03,$0.10B,$0.09B,95.83%,$0.10B,$0.02B,25.00%,$0.10B,0,0.00%,$0.10B,0,0.00%,$0.10B,$0.02B,25.00%,$0.10B,$0.02B,18.75%,$0.02B,$0.12B,16.25%,$0.02B,$0.11B,17.52%,$0.02B,$0.94B,1.96%,$0.02B,$0.12B,21.05%,$23,$1,$22,$0,$17,$18,$5,$0,$5,$1,$4,$4,$4,$0,$0,$12,13,$0.30,$0.29,$82,$0,$0,$704,$11,$182,$8,$34,$234,$939,$798,$3,$21,$24,$822,$5,$86,$-4,$116,$939,$8,$2,$1,$3,$0,$0,$0,$0,$-0,$12,$-1,$0,$0,$0,$17,$17,$-16,$1,$0,$-42,$-42,$0,$0,$-2,$84,$39,$52,$1,$-2
38,2009-03-31,21.1,$9.29,2.27,$7.72,2.73,$4.40,4.79,$1.52,13.9,$0.64B,$0.75B,0.85,$0.00B,$0.11B,0.03,$0.10B,$0.09B,95.88%,$0.10B,$0.03B,25.77%,$0.10B,0,0.00%,$0.10B,0,0.00%,$0.10B,$0.03B,25.77%,$0.10B,$0.02B,19.59%,$0.02B,$0.11B,17.72%,$0.02B,$0.11B,19.14%,$0.02B,$0.89B,2.09%,$0.03B,$0.12B,22.57%,$23,$1,$22,$0,$17,$18,$5,$0,$5,$1,$4,$4,$4,$0,$0,$12,12,$0.32,$0.32,$21,$0,$0,$639,$11,$197,$8,$32,$249,$887,$751,$3,$19,$22,$773,$5,$84,$-3,$114,$887,$4,$1,$1,$2,$0,$0,$0,$0,$1,$6,$-0,$0,$0,$0,$4,$4,$-10,$-7,$0,$-39,$-39,$0,$0,$-1,$33,$-7,$-8,$0,$-1
39,2008-12-31,19.72,$8.70,2.27,$7.74,2.55,$4.22,4.67,$1.53,12.93,$0.64B,$0.76B,0.84,$0.00B,$0.11B,0.03,$0.10B,$0.09B,94.90%,$0.10B,$0.03B,26.53%,$0.10B,0,0.00%,$0.10B,0,0.00%,$0.10B,$0.03B,26.53%,$0.10B,$0.02B,19.39%,$0.02B,$0.11B,18.14%,$0.02B,$0.10B,19.64%,$0.02B,$0.89B,2.11%,$0.03B,$0.11B,23.96%,$25,$1,$24,$0,$17,$18,$7,$0,$7,$2,$5,$5,$5,$0,$0,$12,13,$0.43,$0.42,$29,$0,$0,$637,$12,$193,$8,$36,$248,$885,$757,$3,$19,$22,$779,$5,$81,$-7,$106,$885,$19,$4,$4,$9,$0,$0,$0,$-4,$-3,$22,$-1,$0,$0,$0,$-22,$-22,$-106,$-129,$0,$-35,$-35,$-4,$-4,$-4,$4,$-39,$-147,$1,$-4
40,2008-09-30,23.12,$8.81,2.62,$7.74,2.98,$4.28,5.4,$1.49,15.54,$0.70B,$0.84B,0.84,$0.00B,$0.11B,0.03,$0.10B,$0.09B,93.88%,$0.10B,$0.03B,26.53%,$0.10B,0,0.00%,$0.10B,0,0.00%,$0.10B,$0.03B,26.53%,$0.10B,$0.02B,19.39%,$0.02B,$0.11B,18.45%,$0.02B,$0.10B,20.00%,$0.02B,$0.96B,2.10%,$0.03B,$0.11B,24.30%,$25,$1,$24,$0,$17,$18,$7,$0,$7,$2,$5,$5,$5,$0,$0,$12,13,$0.43,$0.42,$105,$0,$0,$704,$12,$201,$8,$31,$253,$957,$835,$3,$12,$15,$850,$5,$77,$-2,$107,$957,$14,$3,$1,$4,$0,$0,$0,$-1,$-0,$17,$-1,$0,$0,$0,$-30,$-30,$-97,$-128,$0,$75,$75,$-4,$-4,$-3,$-27,$40,$-71,$1,$-3
41,2008-06-30,20.59,$8.41,2.45,$7.71,2.67,$4.24,4.86,$1.44,14.27,$0.65B,$0.79B,0.82,$0.00B,$0.10B,0.03,$0.10B,$0.09B,92.86%,$0.10B,$0.03B,26.53%,$0.10B,0,0.00%,$0.10B,0,0.00%,$0.10B,$0.03B,26.53%,$0.10B,$0.02B,19.39%,$0.02B,$0.10B,19.05%,$0.02B,$0.09B,20.71%,$0.02B,$0.91B,2.11%,$0.03B,$0.11B,25.06%,$24,$1,$23,$0,$17,$18,$6,$0,$6,$2,$5,$5,$5,$0,$0,$12,13,$0.38,$0.36,$63,$0,$0,$646,$12,$207,$8,$32,$259,$906,$785,$4,$15,$18,$803,$5,$73,$-2,$102,$906,$9,$2,$2,$4,$0,$0,$0,$1,$1,$14,$-1,$0,$0,$0,$-36,$-36,$-81,$-118,$0,$34,$34,$-4,$-4,$-2,$-37,$-9,$-113,$0,$-2
42,2008-03-31,20.21,$8.47,2.39,$7.73,2.61,$4.18,4.83,$1.42,14.26,$0.60B,$0.74B,0.81,$0.00B,$0.10B,0.04,$0.10B,$0.09B,91.84%,$0.10B,$0.03B,26.53%,$0.10B,0,0.00%,$0.10B,0,0.00%,$0.10B,$0.03B,26.53%,$0.10B,$0.02B,18.37%,$0.02B,$0.10B,18.65%,$0.02B,$0.10B,20.34%,$0.02B,$0.86B,1.98%,$0.03B,$0.11B,25.87%,$24,$1,$22,$0,$17,$18,$6,$0,$6,$2,$4,$4,$4,$0,$0,$12,13,$0.33,$0.32,$42,$0,$0,$598,$13,$208,$8,$31,$260,$858,$738,$4,$11,$15,$753,$5,$70,$-0,$104,$858,$4,$1,$1,$2,$0,$0,$0,$0,$-1,$3,$-0,$0,$0,$0,$-34,$-34,$-53,$-87,$0,$2,$2,$0,$0,$-1,$-51,$-51,$-134,$0,$-1
43,2007-12-31,21.3,$8.11,2.63,$7.76,2.75,$4.41,4.83,$1.43,14.91,$0.68B,$0.79B,0.86,$0.00B,$0.10B,0.04,$0.10B,$0.09B,91.84%,$0.10B,$0.03B,26.53%,$0.10B,0,0.00%,$0.10B,0,0.00%,$0.10B,$0.03B,26.53%,$0.10B,$0.02B,18.37%,$0.02B,$0.10B,19.51%,$0.02B,$0.09B,21.36%,$0.02B,$0.90B,1.98%,$0.03B,$0.10B,27.01%,$25,$2,$23,$0,$16,$18,$7,$0,$7,$2,$5,$5,$5,$0,$0,$12,13,$0.40,$0.38,$176,$0,$0,$680,$13,$172,$8,$30,$223,$903,$787,$4,$13,$16,$804,$5,$67,$-2,$99,$903,$18,$3,$3,$6,$0,$0,$0,$-1,$-0,$24,$-2,$0,$0,$0,$-68,$-68,$1,$-69,$0,$45,$45,$0,$0,$-4,$-16,$25,$-20,$1,$-4
44,2007-09-30,20.73,$7.70,2.69,$7.69,2.7,$3.70,5.61,$1.34,15.49,$0.72B,$0.82B,0.87,$0.00B,$0.09B,0.04,$0.10B,$0.09B,91.75%,$0.10B,$0.03B,25.77%,$0.10B,0,0.00%,$0.10B,0,0.00%,$0.10B,$0.03B,25.77%,$0.10B,$0.02B,17.53%,$0.02B,$0.09B,19.21%,$0.02B,$0.09B,21.18%,$0.02B,$0.93B,1.89%,$0.03B,$0.10B,27.03%,$25,$2,$23,$0,$16,$18,$7,$0,$7,$2,$5,$5,$5,$0,$0,$12,13,$0.38,$0.38,$196,$0,$0,$717,$13,$162,$8,$33,$216,$933,$821,$4,$14,$17,$839,$5,$92,$-3,$94,$933,$13,$2,$2,$4,$0,$0,$0,$2,$2,$18,$-2,$0,$0,$0,$-60,$-60,$-16,$-78,$0,$84,$84,$0,$0,$-3,$-21,$60,$-1,$0,$-3
45,2007-06-30,20.94,$7.30,2.87,$7.57,2.77,$3.28,6.39,$1.28,16.4,$0.75B,$0.83B,0.91,$0.00B,$0.09B,0.04,$0.10B,$0.09B,91.58%,$0.10B,$0.02B,25.26%,$0.10B,0,0.00%,$0.10B,0,0.00%,$0.10B,$0.02B,25.26%,$0.10B,$0.02B,16.84%,$0.02B,$0.09B,18.60%,$0.02B,$0.08B,20.65%,$0.02B,$0.94B,1.81%,$0.02B,$0.09B,26.67%,$24,$2,$22,$0,$16,$18,$6,$0,$6,$2,$4,$4,$4,$0,$0,$12,13,$0.35,$0.34,$221,$0,$0,$751,$13,$133,$8,$31,$185,$936,$828,$4,$14,$18,$846,$5,$88,$-4,$89,$936,$8,$1,$2,$3,$0,$0,$0,$1,$1,$13,$-1,$0,$0,$0,$-32,$-32,$-24,$-57,$0,$92,$92,$0,$0,$-2,$-23,$68,$24,$0,$-2
46,2007-03-31,19.43,$7.11,2.73,$7.37,2.64,$2.84,6.85,$1.22,15.86,$0.68B,$0.76B,0.9,$0.00B,$0.09B,0.04,$0.09B,$0.09B,91.40%,$0.09B,$0.02B,25.81%,$0.09B,0,0.00%,$0.09B,0,0.00%,$0.09B,$0.02B,25.81%,$0.09B,$0.02B,17.20%,$0.02B,$0.09B,19.10%,$0.02B,$0.08B,21.05%,$0.02B,$0.86B,1.86%,$0.02B,$0.09B,27.35%,$24,$2,$22,$0,$15,$18,$6,$0,$6,$2,$4,$4,$4,$0,$0,$12,13,$0.34,$0.34,$143,$0,$0,$679,$13,$130,$9,$31,$182,$862,$758,$4,$13,$17,$775,$5,$85,$-3,$87,$862,$4,$1,$1,$2,$0,$0,$0,$0,$1,$6,$-0,$0,$0,$0,$-28,$-28,$-30,$-58,$0,$15,$15,$0,$0,$-1,$-16,$-2,$-54,$0,$-1
47,2006-12-31,20.75,$7.57,2.74,$7.18,2.89,$2.73,7.61,$1.21,17.16,$0.70B,$0.76B,0.93,$0.00B,$0.08B,0.04,$0.09B,$0.08B,92.22%,$0.09B,$0.02B,26.67%,$0.09B,0,0.00%,$0.09B,0,0.00%,$0.09B,$0.02B,26.67%,$0.09B,$0.02B,17.78%,$0.02B,$0.08B,19.57%,$0.02B,$0.08B,21.40%,$0.02B,$0.86B,1.89%,$0.02B,$0.09B,27.99%,$24,$2,$22,$0,$16,$18,$6,$0,$6,$2,$4,$4,$4,$0,$0,$12,13,$0.30,$0.29,$197,$0,$0,$703,$13,$103,$9,$31,$155,$858,$758,$4,$12,$16,$775,$5,$82,$-3,$84,$858,$15,$2,$-0,$2,$0,$0,$0,$2,$4,$15,$-3,$0,$-3,$0,$-7,$-7,$23,$10,$0,$23,$23,$-1,$-1,$-4,$3,$21,$47,$0,$-4
