,Date,Stock Price,Book Value per Share,Price to Book Ratio,TTM Sales per Share,Price to Sales Ratio,TTM FCF per Share,Price to FCF Ratio,TTM Net EPS,PE Ratio,Current Assets,Current Liabilities,Current Ratio,Long Term Debt,Shareholder's Equity_x,Debt to Equity Ratio,TTM Revenue_x,TTM Gross Profit,Gross Margin,TTM Revenue_y,TTM Operating Income,Operating Margin,TTM Revenue_x,TTM EBIT,EBIT Margin,TTM Revenue_y,TTM EBITDA,EBITDA Margin,TTM Revenue_x,TTM Pre-Tax Income,Pre-Tax Margin,TTM Revenue_y,TTM Net Income_x,Net Margin,TTM Net Income_y,Shareholder's Equity_y,Return on Equity,TTM Net Income_x,Tangible Equity,Return on Tangible Equity,TTM Net Income_y,Total Assets,Return on Assets,TTM Net Income,LT Investments & Debt,Return on Investment,revenue,cost-goods-sold,gross-profit,research-development-expenses,selling-general-administrative-expenses,operating-expenses,operating-income,total-non-operating-income-expense,pre-tax-income,total-provision-income-taxes,income-after-taxes,income-from-continuous-operations,net-income,ebitda,ebit,basic-shares-outstanding,shares-outstanding,eps-basic-net-earnings-per-share,eps-earnings-per-share-diluted,cash-on-hand,inventory,other-current-assets,total-current-assets,net-property-plant-equipment,long-term-investments,goodwill-intangible-assets-total,other-long-term-assets,total-long-term-assets,total-assets,total-current-liabilities,long-term-debt,other-non-current-liabilities,total-long-term-liabilities,total-liabilities,common-stock-net,retained-earnings-accumulated-deficit,comprehensive-income,total-share-holder-equity,total-liabilities-share-holders-equity,net-income-loss,total-depreciation-amortization-cash-flow,other-non-cash-items,total-non-cash-items,change-in-accounts-receivable,change-in-inventories,change-in-accounts-payable,change-in-assets-liabilities,total-change-in-assets-liabilities,cash-flow-from-operating-activities,net-change-in-property-plant-equipment,net-change-in-intangible-assets,net-acquisitions-divestitures,net-change-in-short-term-investments,net-change-in-long-term-investments,net-change-in-investments-total,investing-activities-other,cash-flow-from-investing-activities,net-long-term-debt,net-current-debt,debt-issuance-retirement-net-total,net-common-equity-issued-repurchased,net-total-equity-issued-repurchased,total-common-preferred-stock-dividends-paid,financial-activities-other,cash-flow-from-financial-activities,net-cash-flow,stock-based-compensation,common-stock-dividends-paid
0,2018-07-31,109.38,$35.49,3.08,$235.32,0.46,$-5.99,0.0,$8.77,12.47,$0.41B,$0.53B,0.77,$1.29B,$1.30B,1.0,$8.89B,$1.82B,20.43%,$8.89B,$0.27B,3.00%,$8.89B,$0.27B,3.00%,$8.89B,$0.49B,5.55%,$8.89B,$0.21B,2.39%,$8.89B,$0.33B,3.72%,$0.33B,$1.30B,26.20%,$0.33B,$1.16B,29.44%,$0.33B,$3.53B,9.55%,$0.27B,$2.59B,10.43%,$2588,$2067,$522,$0,$359,$2485,$104,$-14,$89,$19,$70,$70,$70,$162,$104,$37,37,$1.92,$1.90,$45,$264,$0,$407,$2945,$0,$141,$33,$3118,$3525,$526,$1292,$43,$1700,$2226,$7,$1291,$0,$1299,$3525,$70,$59,$20,$79,$-1,$-22,$10,$-6,$1,$150,$-96,$0,$-1,$0,$0,$0,$0,$-96,$-0,$-12,$-12,$-37,$-37,$-10,$-3,$-62,$-9,$10,$-10
1,2018-04-30,96.34,$34.47,2.79,$219.23,0.44,$-6.76,0.0,$8.33,11.57,$0.40B,$0.51B,0.78,$1.29B,$1.27B,1.02,$8.39B,$1.77B,21.09%,$8.39B,$0.27B,3.17%,$8.39B,$0.27B,3.17%,$8.39B,$0.49B,5.79%,$8.39B,$0.22B,2.56%,$8.39B,$0.32B,3.79%,$0.32B,$1.27B,25.84%,$0.32B,$1.13B,29.08%,$0.32B,$3.47B,9.42%,$0.27B,$2.56B,10.78%,$2089,$1684,$405,$0,$316,$2057,$32,$-13,$19,$-0,$19,$19,$19,$89,$32,$38,38,$0.51,$0.52,$54,$242,$0,$397,$2903,$0,$140,$30,$3073,$3470,$508,$1292,$41,$1691,$2199,$0,$1271,$0,$1271,$3470,$318,$221,$-77,$144,$-2,$-38,$15,$-2,$-42,$420,$-572,$0,$-37,$0,$0,$0,$0,$-609,$384,$39,$423,$-213,$-213,$-39,$-4,$167,$-23,$19,$-39
2,2018-01-31,120.47,$35.43,3.4,$211.10,0.57,$-2.01,0.0,$8.58,14.04,$0.48B,$0.46B,1.03,$1.30B,$1.33B,0.98,$8.15B,$1.76B,21.63%,$8.15B,$0.29B,3.53%,$8.15B,$0.29B,3.53%,$8.15B,$0.50B,6.17%,$8.15B,$0.24B,2.93%,$8.15B,$0.33B,4.04%,$0.33B,$1.33B,27.18%,$0.33B,$1.19B,30.60%,$0.33B,$3.45B,10.08%,$0.29B,$2.63B,12.25%,$2055,$1635,$420,$0,$323,$2015,$40,$-13,$26,$-167,$193,$193,$193,$97,$40,$38,38,$5.13,$5.08,$139,$256,$0,$476,$2805,$0,$138,$35,$2977,$3453,$461,$1299,$22,$1662,$2123,$2,$1328,$0,$1330,$3453,$299,$164,$-97,$66,$2,$-53,$-13,$-8,$-69,$296,$-423,$0,$-26,$0,$0,$0,$0,$-449,$392,$-1,$391,$-143,$-143,$-29,$-4,$215,$62,$16,$-29
3,2017-10-31,113.72,$30.74,3.7,$201.60,0.56,$1.16,97.91,$4.08,27.87,$0.58B,$0.47B,1.23,$1.30B,$1.15B,1.13,$7.86B,$1.73B,22.04%,$7.86B,$0.29B,3.74%,$7.86B,$0.29B,3.74%,$7.86B,$0.50B,6.40%,$7.86B,$0.25B,3.17%,$7.86B,$0.16B,2.02%,$0.16B,$1.15B,13.45%,$0.16B,$1.02B,15.16%,$0.16B,$3.42B,5.06%,$0.29B,$2.45B,13.20%,$2154,$1686,$468,$0,$323,$2063,$91,$-13,$78,$29,$49,$49,$49,$145,$91,$38,38,$1.29,$1.28,$285,$242,$0,$576,$2682,$0,$137,$24,$2844,$3420,$468,$1300,$21,$1798,$2266,$0,$1154,$0,$1154,$3420,$106,$107,$36,$143,$1,$-39,$0,$2,$-7,$242,$-247,$0,$-23,$0,$0,$0,$0,$-269,$392,$-1,$391,$-132,$-132,$-19,$-4,$236,$208,$14,$-19
4,2017-07-31,105.71,$30.78,3.43,$193.60,0.55,$2.25,46.9,$4.24,24.93,$0.44B,$0.44B,0.99,$1.06B,$1.17B,0.91,$7.63B,$1.71B,22.40%,$7.63B,$0.30B,3.97%,$7.63B,$0.30B,3.97%,$7.63B,$0.51B,6.63%,$7.63B,$0.26B,3.41%,$7.63B,$0.17B,2.19%,$0.17B,$1.17B,14.00%,$0.17B,$1.03B,15.73%,$0.17B,$3.16B,5.52%,$0.30B,$2.22B,14.15%,$2094,$1617,$477,$0,$321,$1991,$103,$-11,$92,$35,$57,$57,$57,$155,$103,$38,39,$1.48,$1.46,$159,$226,$0,$439,$2562,$0,$133,$24,$2718,$3157,$442,$1057,$20,$1549,$1991,$0,$1167,$0,$1167,$3157,$57,$52,$26,$78,$-1,$-24,$-20,$1,$-17,$117,$-90,$0,$-3,$0,$0,$0,$0,$-93,$150,$-1,$149,$-78,$-78,$-9,$-3,$59,$82,$10,$-9
5,2017-04-30,110.71,$30.71,3.6,$189.40,0.58,$3.57,31.0,$4.48,24.71,$0.35B,$0.43B,0.82,$0.91B,$1.19B,0.76,$7.51B,$1.68B,22.41%,$7.51B,$0.31B,4.16%,$7.51B,$0.31B,4.16%,$7.51B,$0.51B,6.78%,$7.51B,$0.27B,3.58%,$7.51B,$0.18B,2.36%,$0.18B,$1.19B,14.89%,$0.18B,$1.06B,16.73%,$0.18B,$3.02B,5.98%,$0.31B,$2.10B,14.92%,$1846,$1448,$398,$0,$293,$1793,$54,$-10,$43,$13,$30,$30,$30,$106,$54,$39,40,$0.78,$0.76,$77,$202,$0,$351,$2513,$0,$133,$23,$2669,$3020,$427,$907,$39,$1402,$1829,$40,$1151,$0,$1191,$3020,$177,$198,$58,$256,$-16,$4,$40,$-12,$26,$459,$-429,$0,$-25,$0,$0,$0,$0,$-455,$85,$1,$86,$-46,$-46,$-37,$-7,$-4,$1,$11,$-37
6,2017-01-31,113.27,$31.01,3.65,$182.91,0.62,$4.96,22.83,$4.91,23.07,$0.38B,$0.39B,0.97,$0.92B,$1.22B,0.75,$7.24B,$1.67B,23.08%,$7.24B,$0.34B,4.67%,$7.24B,$0.34B,4.67%,$7.24B,$0.53B,7.29%,$7.24B,$0.30B,4.09%,$7.24B,$0.19B,2.68%,$0.19B,$1.22B,16.70%,$0.19B,$1.09B,18.79%,$0.19B,$2.98B,6.72%,$0.34B,$2.13B,16.55%,$1770,$1380,$390,$0,$292,$1724,$46,$-11,$36,$13,$23,$23,$23,$97,$46,$39,40,$0.58,$0.58,$116,$210,$0,$376,$2450,$0,$130,$20,$2601,$2976,$387,$915,$21,$1374,$1761,$86,$1130,$0,$1216,$2976,$147,$146,$36,$181,$-7,$-4,$-21,$-5,$-13,$316,$-323,$0,$-14,$0,$0,$0,$0,$-336,$92,$0,$92,$2,$2,$-27,$-7,$60,$40,$7,$-27
7,2016-10-31,111.15,$30.60,3.63,$177.98,0.62,$6.16,18.06,$5.30,20.97,$0.43B,$0.39B,1.1,$0.92B,$1.20B,0.76,$7.04B,$1.65B,23.48%,$7.04B,$0.36B,5.11%,$7.04B,$0.36B,5.11%,$7.04B,$0.54B,7.71%,$7.04B,$0.32B,4.52%,$7.04B,$0.21B,2.97%,$0.21B,$1.20B,18.69%,$0.21B,$1.07B,21.11%,$0.21B,$2.95B,7.44%,$0.36B,$2.11B,18.19%,$1920,$1477,$444,$0,$295,$1821,$100,$-10,$89,$32,$57,$57,$57,$148,$100,$39,40,$1.46,$1.44,$178,$208,$0,$426,$2377,$0,$130,$20,$2526,$2952,$387,$915,$21,$1366,$1753,$83,$1116,$0,$1199,$2952,$125,$95,$25,$120,$-5,$-3,$-3,$-5,$-4,$240,$-202,$0,$-6,$0,$0,$0,$0,$-207,$92,$0,$92,$2,$2,$-18,$-6,$70,$102,$5,$-18
8,2016-07-31,131.09,$29.33,4.47,$178.39,0.73,$6.28,20.87,$5.86,22.37,$0.44B,$0.42B,1.04,$0.87B,$1.15B,0.76,$7.04B,$1.65B,23.45%,$7.04B,$0.39B,5.58%,$7.04B,$0.39B,5.58%,$7.04B,$0.57B,8.09%,$7.04B,$0.35B,5.00%,$7.04B,$0.23B,3.28%,$0.23B,$1.15B,21.57%,$0.23B,$1.02B,24.50%,$0.23B,$2.89B,8.47%,$0.39B,$2.02B,20.57%,$1970,$1520,$450,$0,$292,$1858,$112,$-11,$101,$34,$67,$67,$67,$158,$112,$39,40,$1.72,$1.70,$189,$206,$0,$435,$2303,$0,$129,$19,$2451,$2886,$420,$872,$20,$1317,$1737,$80,$1069,$0,$1149,$2886,$67,$46,$14,$60,$-4,$-1,$17,$-3,$34,$161,$-81,$0,$-3,$0,$0,$0,$0,$-84,$50,$0,$50,$2,$2,$-9,$-6,$37,$114,$2,$-9
9,2016-04-30,109.75,$27.74,3.96,$180.69,0.61,$4.43,24.79,$5.73,19.15,$0.33B,$0.39B,0.84,$0.82B,$1.08B,0.76,$7.12B,$1.61B,22.64%,$7.12B,$0.39B,5.46%,$7.12B,$0.39B,5.46%,$7.12B,$0.56B,7.86%,$7.12B,$0.35B,4.90%,$7.12B,$0.23B,3.17%,$0.23B,$1.08B,22.21%,$0.23B,$0.96B,25.39%,$0.23B,$2.73B,8.54%,$0.39B,$1.91B,21.04%,$1583,$1195,$388,$0,$263,$1503,$80,$-10,$70,$23,$47,$47,$47,$125,$80,$39,39,$1.19,$1.19,$76,$205,$0,$326,$2252,$0,$129,$19,$2400,$2726,$388,$823,$19,$1255,$1643,$73,$1011,$0,$1083,$2726,$226,$171,$64,$235,$-5,$-7,$3,$-1,$12,$472,$-388,$0,$-7,$0,$0,$0,$0,$-395,$-15,$0,$-15,$4,$4,$-34,$-5,$-50,$27,$7,$-34
10,2016-01-31,118.08,$26.71,4.42,$182.83,0.65,$2.04,57.88,$5.59,21.12,$0.31B,$0.36B,0.85,$0.83B,$1.04B,0.8,$7.19B,$1.57B,21.85%,$7.19B,$0.38B,5.30%,$7.19B,$0.38B,5.30%,$7.19B,$0.55B,7.63%,$7.19B,$0.34B,4.74%,$7.19B,$0.22B,3.06%,$0.22B,$1.04B,22.78%,$0.22B,$0.92B,26.24%,$0.22B,$2.67B,8.52%,$0.38B,$1.87B,21.16%,$1566,$1195,$371,$0,$260,$1498,$68,$-10,$58,$19,$38,$38,$38,$112,$68,$39,39,$0.98,$0.97,$54,$190,$0,$305,$2220,$0,$128,$18,$2366,$2671,$360,$830,$20,$1268,$1627,$71,$972,$0,$1043,$2671,$179,$125,$48,$173,$-1,$8,$-33,$-2,$-2,$350,$-309,$0,$-4,$0,$0,$0,$0,$-313,$-8,$3,$-5,$4,$4,$-25,$-5,$-31,$5,$6,$-25
11,2015-10-31,103.68,$25.88,4.01,$185.86,0.56,$-0.27,0.0,$5.63,18.42,$0.32B,$0.40B,0.81,$0.83B,$1.01B,0.82,$7.30B,$1.55B,21.26%,$7.30B,$0.39B,5.27%,$7.30B,$0.39B,5.27%,$7.30B,$0.55B,7.52%,$7.30B,$0.35B,4.73%,$7.30B,$0.22B,3.03%,$0.22B,$1.01B,24.16%,$0.22B,$0.88B,28.05%,$0.22B,$2.63B,8.80%,$0.39B,$1.84B,21.96%,$1925,$1482,$443,$0,$268,$1791,$133,$-10,$123,$44,$79,$79,$79,$175,$133,$39,39,$2.03,$2.00,$66,$204,$0,$322,$2163,$0,$127,$19,$2308,$2631,$399,$831,$20,$1222,$1621,$67,$943,$0,$1009,$2631,$141,$81,$-0,$81,$-9,$-7,$2,$-1,$28,$250,$-207,$0,$0,$0,$0,$0,$0,$-207,$-8,$0,$-8,$2,$2,$-16,$-4,$-26,$17,$3,$-16
12,2015-07-31,99.57,$24.00,4.15,$192.10,0.52,$-1.62,0.0,$4.91,20.28,$0.32B,$0.39B,0.81,$0.84B,$0.94B,0.9,$7.53B,$1.48B,19.67%,$7.53B,$0.34B,4.53%,$7.53B,$0.34B,4.53%,$7.53B,$0.50B,6.66%,$7.53B,$0.30B,4.00%,$7.53B,$0.19B,2.55%,$0.19B,$0.94B,22.26%,$0.19B,$0.81B,26.10%,$0.19B,$2.55B,7.83%,$0.34B,$1.77B,20.01%,$2049,$1637,$411,$0,$264,$1940,$108,$-10,$98,$36,$62,$62,$62,$148,$108,$39,39,$1.59,$1.57,$47,$215,$0,$316,$2092,$0,$127,$19,$2238,$2554,$389,$838,$20,$1230,$1618,$64,$872,$0,$936,$2554,$62,$40,$-1,$38,$-11,$-18,$3,$-3,$5,$105,$-99,$0,$0,$0,$0,$0,$0,$-99,$-0,$0,$-0,$2,$2,$-8,$-2,$-8,$-2,$2,$-8
13,2015-04-30,79.88,$22.51,3.55,$198.82,0.4,$-1.07,0.0,$4.68,17.07,$0.31B,$0.37B,0.84,$0.84B,$0.88B,0.96,$7.77B,$1.44B,18.54%,$7.77B,$0.32B,4.16%,$7.77B,$0.32B,4.16%,$7.77B,$0.48B,6.18%,$7.77B,$0.28B,3.64%,$7.77B,$0.18B,2.32%,$0.18B,$0.88B,22.05%,$0.18B,$0.75B,26.11%,$0.18B,$2.47B,7.46%,$0.32B,$1.71B,19.43%,$1654,$1307,$347,$0,$233,$1582,$72,$-10,$62,$20,$41,$41,$41,$114,$72,$39,39,$1.06,$1.05,$49,$197,$0,$305,$2019,$0,$127,$18,$2165,$2470,$365,$838,$19,$1230,$1595,$56,$819,$0,$875,$2470,$181,$156,$54,$210,$3,$10,$-33,$-1,$-42,$349,$-358,$0,$-41,$0,$0,$0,$0,$-399,$-1,$0,$-1,$11,$11,$-30,$-3,$-23,$-73,$7,$-30
14,2015-01-31,88.52,$21.60,4.1,$205.92,0.43,$-0.60,0.0,$4.22,20.98,$0.26B,$0.33B,0.79,$0.85B,$0.84B,1.01,$8.03B,$1.38B,17.14%,$8.03B,$0.29B,3.60%,$8.03B,$0.29B,3.60%,$8.03B,$0.44B,5.46%,$8.03B,$0.25B,3.10%,$8.03B,$0.16B,1.99%,$0.16B,$0.84B,20.69%,$0.16B,$0.71B,24.68%,$0.16B,$2.39B,6.75%,$0.29B,$1.69B,17.80%,$1672,$1321,$351,$0,$239,$1600,$72,$-10,$62,$22,$39,$39,$39,$112,$72,$39,39,$1.01,$1.01,$44,$168,$0,$256,$1987,$0,$127,$17,$2131,$2388,$325,$846,$20,$1223,$1548,$54,$785,$0,$839,$2388,$139,$114,$31,$146,$4,$39,$-81,$-2,$-45,$240,$-290,$0,$-37,$0,$0,$0,$0,$-327,$-0,$19,$18,$11,$11,$-22,$3,$9,$-78,$6,$-22
15,2014-10-31,79.21,$20.66,3.83,$209.16,0.38,$-0.08,0.0,$3.59,22.06,$0.32B,$0.40B,0.81,$0.85B,$0.80B,1.06,$8.15B,$1.30B,15.99%,$8.15B,$0.25B,3.02%,$8.15B,$0.25B,3.02%,$8.15B,$0.39B,4.77%,$8.15B,$0.21B,2.53%,$8.15B,$0.13B,1.64%,$0.13B,$0.80B,18.13%,$0.13B,$0.67B,21.76%,$0.13B,$2.40B,5.75%,$0.25B,$1.65B,15.46%,$2150,$1779,$371,$0,$245,$2061,$89,$-10,$79,$29,$50,$50,$50,$127,$89,$39,39,$1.29,$1.28,$72,$200,$0,$324,$1934,$0,$127,$17,$2078,$2402,$400,$846,$20,$1202,$1602,$46,$754,$0,$800,$2402,$100,$74,$6,$80,$-5,$8,$-25,$-1,$4,$183,$-194,$0,$-34,$0,$0,$0,$0,$-228,$-0,$0,$-0,$9,$9,$-15,$1,$-5,$-50,$3,$-15
16,2014-07-31,63.86,$19.46,3.28,$205.95,0.31,$0.78,81.57,$3.37,18.95,$0.39B,$0.42B,0.92,$0.85B,$0.75B,1.14,$8.02B,$1.25B,15.60%,$8.02B,$0.23B,2.83%,$8.02B,$0.23B,2.83%,$8.02B,$0.37B,4.55%,$8.02B,$0.19B,2.33%,$8.02B,$0.12B,1.53%,$0.12B,$0.75B,17.27%,$0.12B,$0.63B,20.83%,$0.12B,$2.39B,5.40%,$0.23B,$1.61B,14.61%,$2291,$1920,$371,$0,$244,$2201,$90,$-11,$80,$30,$50,$50,$50,$127,$90,$39,39,$1.30,$1.28,$117,$218,$0,$389,$1853,$0,$127,$16,$1996,$2386,$424,$854,$19,$1210,$1633,$40,$712,$0,$752,$2386,$50,$36,$5,$42,$-4,$-11,$5,$-1,$25,$116,$-88,$0,$-31,$0,$0,$0,$0,$-119,$-0,$0,$-0,$4,$4,$-7,$1,$-2,$-5,$2,$-7
17,2014-04-30,66.07,$18.26,3.62,$201.67,0.33,$1.77,37.38,$3.46,19.1,$0.39B,$0.39B,1.0,$0.85B,$0.70B,1.21,$7.84B,$1.22B,15.58%,$7.84B,$0.23B,2.97%,$7.84B,$0.23B,2.97%,$7.84B,$0.37B,4.66%,$7.84B,$0.19B,2.46%,$7.84B,$0.13B,1.62%,$0.13B,$0.70B,18.47%,$0.13B,$0.58B,22.32%,$0.13B,$2.31B,5.70%,$0.23B,$1.56B,15.37%,$1920,$1636,$284,$0,$210,$1882,$38,$-10,$28,$7,$21,$21,$21,$73,$38,$38,39,$0.54,$0.53,$122,$205,$0,$390,$1779,$0,$120,$16,$1915,$2305,$391,$854,$23,$1211,$1602,$34,$669,$0,$703,$2305,$127,$131,$24,$155,$-5,$-14,$18,$-0,$32,$314,$-305,$0,$-32,$0,$0,$0,$0,$-337,$184,$-59,$125,$3,$3,$-27,$2,$103,$80,$6,$-27
18,2014-01-31,65.9,$18.23,3.61,$199.12,0.33,$1.14,57.8,$3.47,18.99,$0.35B,$0.32B,1.08,$0.85B,$0.70B,1.22,$7.73B,$1.19B,15.43%,$7.73B,$0.23B,2.96%,$7.73B,$0.23B,2.96%,$7.73B,$0.36B,4.61%,$7.73B,$0.19B,2.46%,$7.73B,$0.12B,1.58%,$0.12B,$0.70B,18.42%,$0.12B,$0.58B,22.38%,$0.12B,$2.23B,5.68%,$0.23B,$1.56B,15.89%,$1790,$1513,$277,$0,$215,$1761,$29,$-10,$19,$7,$13,$13,$13,$62,$29,$38,39,$0.33,$0.33,$102,$191,$0,$346,$1745,$0,$120,$15,$1881,$2226,$320,$854,$25,$1205,$1524,$32,$670,$0,$702,$2226,$106,$96,$15,$111,$-4,$0,$-31,$-1,$-6,$211,$-240,$0,$-27,$0,$0,$0,$0,$-267,$192,$-59,$133,$3,$3,$-20,$2,$117,$61,$4,$-20
19,2013-10-31,69.76,$17.99,3.88,$196.17,0.36,$0.76,92.01,$3.49,19.99,$0.35B,$0.34B,1.03,$0.80B,$0.69B,1.16,$7.60B,$1.17B,15.34%,$7.60B,$0.23B,3.05%,$7.60B,$0.23B,3.05%,$7.60B,$0.35B,4.66%,$7.60B,$0.19B,2.55%,$7.60B,$0.12B,1.63%,$0.12B,$0.69B,19.60%,$0.12B,$0.57B,23.98%,$0.12B,$2.19B,5.98%,$0.23B,$1.50B,17.02%,$2016,$1697,$319,$0,$217,$1946,$70,$-10,$60,$21,$39,$39,$39,$103,$70,$38,39,$1.03,$1.01,$113,$200,$0,$353,$1699,$0,$120,$15,$1834,$2186,$343,$804,$24,$1151,$1494,$30,$662,$0,$692,$2186,$93,$63,$12,$75,$-5,$-9,$-3,$-1,$17,$185,$-162,$0,$-25,$0,$0,$0,$0,$-187,$142,$-59,$83,$3,$3,$-14,$1,$73,$72,$2,$-14
20,2013-07-31,63.24,$17.01,3.72,$193.78,0.33,$0.15,417.99,$3.28,19.28,$0.44B,$0.40B,1.1,$0.80B,$0.65B,1.23,$7.50B,$1.13B,15.02%,$7.50B,$0.22B,2.99%,$7.50B,$0.22B,2.99%,$7.50B,$0.34B,4.53%,$7.50B,$0.19B,2.49%,$7.50B,$0.12B,1.57%,$0.12B,$0.65B,19.58%,$0.12B,$0.54B,24.03%,$0.12B,$2.19B,5.92%,$0.22B,$1.46B,17.27%,$2115,$1772,$342,$0,$216,$2019,$96,$-10,$86,$33,$54,$54,$54,$127,$96,$38,39,$1.40,$1.39,$191,$206,$0,$438,$1625,$0,$115,$15,$1755,$2192,$397,$804,$23,$1142,$1539,$26,$628,$0,$653,$2192,$54,$31,$3,$34,$-5,$-16,$20,$-2,$50,$138,$-72,$0,$-2,$0,$0,$0,$0,$-74,$150,$-59,$91,$1,$1,$-7,$0,$85,$150,$1,$-7
21,2013-04-30,55.15,$15.70,3.51,$187.76,0.29,$-0.64,0.0,$2.86,19.28,$0.27B,$0.40B,0.69,$0.65B,$0.60B,1.08,$7.25B,$1.07B,14.77%,$7.25B,$0.20B,2.74%,$7.25B,$0.20B,2.74%,$7.25B,$0.31B,4.29%,$7.25B,$0.16B,2.25%,$7.25B,$0.10B,1.42%,$0.10B,$0.60B,17.89%,$0.10B,$0.49B,22.09%,$0.10B,$1.98B,5.40%,$0.20B,$1.26B,16.10%,$1809,$1553,$255,$0,$191,$1774,$34,$-9,$25,$9,$16,$16,$16,$64,$34,$38,39,$0.43,$0.43,$41,$190,$0,$273,$1582,$0,$115,$14,$1711,$1984,$398,$653,$21,$984,$1382,$23,$579,$0,$602,$1984,$104,$112,$39,$151,$1,$-16,$22,$-1,$32,$286,$-302,$0,$-30,$0,$0,$0,$0,$-331,$-11,$59,$48,$5,$5,$-25,$2,$30,$-15,$4,$-25
22,2013-01-31,51.97,$15.22,3.41,$186.58,0.28,$1.22,42.48,$2.86,18.17,$0.26B,$0.37B,0.71,$0.66B,$0.58B,1.13,$7.20B,$1.06B,14.75%,$7.20B,$0.21B,2.90%,$7.20B,$0.21B,2.90%,$7.20B,$0.32B,4.39%,$7.20B,$0.17B,2.40%,$7.20B,$0.11B,1.53%,$0.11B,$0.58B,19.94%,$0.11B,$0.47B,24.73%,$0.11B,$1.93B,5.93%,$0.21B,$1.24B,17.19%,$1662,$1413,$250,$0,$190,$1631,$32,$-9,$23,$7,$15,$15,$15,$60,$32,$38,39,$0.40,$0.40,$27,$185,$0,$261,$1545,$0,$115,$14,$1674,$1934,$366,$661,$22,$985,$1351,$21,$562,$0,$583,$1934,$87,$82,$35,$117,$2,$-12,$-14,$-1,$-10,$195,$-239,$0,$-25,$0,$0,$0,$0,$-264,$-6,$59,$53,$4,$4,$-19,$2,$40,$-29,$3,$-19
23,2012-10-31,48.8,$14.95,3.27,$184.60,0.26,$3.43,14.22,$2.89,16.89,$0.26B,$0.32B,0.83,$0.66B,$0.57B,1.15,$7.11B,$1.04B,14.62%,$7.11B,$0.21B,2.98%,$7.11B,$0.21B,2.98%,$7.11B,$0.32B,4.43%,$7.11B,$0.18B,2.47%,$7.11B,$0.11B,1.57%,$0.11B,$0.57B,21.23%,$0.11B,$0.47B,26.49%,$0.11B,$1.86B,6.22%,$0.21B,$1.23B,17.75%,$1912,$1632,$279,$0,$190,$1850,$62,$-9,$53,$21,$33,$33,$33,$89,$62,$38,39,$0.86,$0.85,$39,$178,$0,$260,$1484,$0,$105,$13,$1602,$1862,$315,$660,$21,$974,$1289,$19,$553,$0,$573,$1862,$72,$54,$24,$78,$0,$-7,$4,$-1,$9,$159,$-159,$0,$-3,$0,$0,$0,$0,$-162,$-5,$0,$-5,$4,$4,$-13,$2,$-13,$-17,$2,$-13
24,2012-07-31,56.08,$14.22,3.94,$181.57,0.31,$5.40,10.39,$3.02,18.57,$0.31B,$0.33B,0.92,$0.67B,$0.55B,1.23,$6.98B,$1.02B,14.66%,$6.98B,$0.22B,3.12%,$6.98B,$0.22B,3.12%,$6.98B,$0.32B,4.54%,$6.98B,$0.18B,2.61%,$6.98B,$0.12B,1.68%,$0.12B,$0.55B,23.28%,$0.12B,$0.44B,29.40%,$0.12B,$1.85B,6.65%,$0.22B,$1.21B,18.58%,$1868,$1581,$287,$0,$189,$1797,$71,$-9,$62,$23,$39,$39,$39,$98,$71,$38,39,$1.02,$1.01,$90,$179,$0,$306,$1422,$0,$104,$13,$1539,$1845,$332,$668,$20,$969,$1301,$18,$527,$0,$545,$1845,$39,$27,$6,$32,$0,$-8,$9,$-2,$35,$107,$-71,$0,$0,$0,$0,$0,$0,$-71,$-0,$0,$-0,$3,$3,$-6,$1,$-2,$34,$1,$-6
25,2012-04-30,53.03,$13.27,4.0,$182.01,0.29,$7.50,7.07,$3.04,17.44,$0.28B,$0.31B,0.91,$0.67B,$0.51B,1.32,$6.99B,$1.00B,14.37%,$6.99B,$0.22B,3.13%,$6.99B,$0.22B,3.13%,$6.99B,$0.32B,4.51%,$6.99B,$0.18B,2.63%,$6.99B,$0.12B,1.67%,$0.12B,$0.51B,24.57%,$0.12B,$0.40B,31.47%,$0.12B,$1.78B,6.78%,$0.22B,$1.17B,19.05%,$1753,$1507,$245,$0,$176,$1709,$44,$-9,$35,$12,$23,$23,$23,$69,$44,$38,38,$0.60,$0.60,$56,$171,$0,$279,$1379,$0,$104,$12,$1496,$1775,$307,$668,$19,$962,$1269,$12,$494,$0,$506,$1775,$117,$97,$59,$156,$-2,$-9,$-5,$0,$23,$295,$-239,$0,$-39,$0,$0,$0,$0,$-278,$-1,$-1,$-2,$3,$3,$-23,$1,$-20,$-4,$4,$-23
26,2012-01-31,47.81,$12.75,3.75,$172.77,0.28,$7.20,6.64,$3.04,15.73,$0.26B,$0.28B,0.92,$0.67B,$0.49B,1.39,$6.79B,$0.98B,14.38%,$6.79B,$0.22B,3.24%,$6.79B,$0.22B,3.24%,$6.79B,$0.31B,4.61%,$6.79B,$0.19B,2.73%,$6.79B,$0.12B,1.72%,$0.12B,$0.49B,25.96%,$0.12B,$0.38B,33.40%,$0.12B,$1.72B,6.94%,$0.22B,$1.16B,19.53%,$1579,$1350,$229,$0,$169,$1544,$35,$-9,$26,$9,$17,$17,$17,$59,$35,$38,38,$0.44,$0.43,$46,$162,$0,$260,$1348,$0,$104,$12,$1464,$1724,$282,$673,$20,$956,$1238,$9,$476,$0,$486,$1724,$94,$71,$48,$119,$3,$0,$-30,$-1,$11,$224,$-183,$0,$-38,$0,$0,$0,$0,$-221,$-1,$-1,$-2,$2,$2,$-17,$1,$-16,$-13,$3,$-17
27,2011-10-31,46.37,$12.43,3.73,$167.64,0.28,$6.88,6.74,$2.95,15.72,$0.28B,$0.29B,0.97,$0.67B,$0.47B,1.42,$6.58B,$0.95B,14.44%,$6.58B,$0.22B,3.27%,$6.58B,$0.22B,3.27%,$6.58B,$0.31B,4.64%,$6.58B,$0.18B,2.74%,$6.58B,$0.11B,1.72%,$0.11B,$0.47B,26.56%,$0.11B,$0.37B,34.27%,$0.11B,$1.70B,6.90%,$0.22B,$1.15B,19.49%,$1783,$1520,$263,$0,$172,$1715,$68,$-9,$59,$21,$38,$38,$38,$91,$68,$38,38,$0.99,$0.98,$86,$160,$0,$279,$1303,$0,$104,$12,$1419,$1698,$289,$673,$19,$937,$1225,$8,$466,$0,$473,$1698,$77,$47,$28,$75,$0,$2,$-12,$-1,$37,$189,$-114,$0,$-38,$0,$0,$0,$0,$-152,$-1,$-1,$-1,$2,$2,$-11,$0,$-11,$27,$2,$-11
28,2011-07-31,41.99,$11.55,3.63,$152.92,0.27,$6.76,6.21,$2.48,16.93,$0.34B,$0.34B,0.98,$0.68B,$0.44B,1.54,$6.15B,$0.91B,14.87%,$6.15B,$0.20B,3.27%,$6.15B,$0.20B,3.27%,$6.15B,$0.29B,4.69%,$6.15B,$0.16B,2.54%,$6.15B,$0.10B,1.58%,$0.10B,$0.44B,24.16%,$0.10B,$0.34B,30.84%,$0.10B,$1.71B,6.10%,$0.20B,$1.12B,18.61%,$1874,$1607,$267,$0,$171,$1801,$72,$-9,$64,$24,$39,$39,$39,$96,$72,$38,38,$1.04,$1.03,$139,$164,$0,$339,$1254,$0,$104,$12,$1370,$1709,$344,$679,$19,$925,$1269,$6,$434,$0,$440,$1709,$39,$23,$10,$34,$-2,$-2,$30,$-1,$90,$163,$-47,$0,$-31,$0,$0,$0,$0,$-78,$-0,$-1,$-1,$1,$1,$-6,$0,$-5,$79,$0,$-6
29,2011-04-30,36.3,$10.64,3.41,$130.62,0.28,$5.01,7.25,$2.18,16.65,$0.29B,$0.30B,1.0,$0.68B,$0.40B,1.68,$5.64B,$0.88B,15.63%,$5.64B,$0.19B,3.39%,$5.64B,$0.19B,3.39%,$5.64B,$0.27B,4.86%,$5.64B,$0.15B,2.68%,$5.64B,$0.10B,1.69%,$0.10B,$0.40B,18.77%,$0.10B,$0.32B,22.04%,$0.10B,$1.61B,6.23%,$0.19B,$1.08B,18.32%,$1549,$1332,$217,$0,$150,$1505,$45,$-9,$36,$13,$23,$23,$23,$67,$45,$42,43,$0.66,$0.64,$60,$159,$0,$294,$1217,$0,$88,$12,$1317,$1611,$295,$679,$17,$913,$1207,$4,$400,$0,$404,$1611,$95,$83,$74,$157,$-8,$-27,$70,$-0,$10,$261,$-212,$0,$-114,$0,$0,$0,$0,$-326,$500,$1,$500,$-497,$-497,$-20,$-11,$-28,$-92,$2,$-20
30,2011-01-31,39.38,$10.15,3.88,$117.33,0.34,$5.54,7.1,$2.01,19.59,$0.27B,$0.26B,1.03,$0.68B,$0.39B,1.76,$5.27B,$0.85B,16.20%,$5.27B,$0.18B,3.46%,$5.27B,$0.18B,3.46%,$5.27B,$0.26B,4.96%,$5.27B,$0.15B,2.81%,$5.27B,$0.09B,1.79%,$0.09B,$0.39B,15.38%,$0.09B,$0.30B,17.29%,$0.09B,$1.53B,6.40%,$0.18B,$1.06B,17.90%,$1374,$1172,$203,$0,$152,$1344,$30,$-9,$21,$8,$13,$13,$13,$51,$30,$38,38,$0.34,$0.34,$64,$135,$0,$265,$1172,$0,$86,$12,$1270,$1534,$258,$679,$17,$892,$1149,$3,$382,$0,$385,$1534,$72,$61,$52,$113,$-4,$-3,$14,$-1,$-2,$182,$-154,$0,$-101,$0,$0,$0,$0,$-255,$500,$9,$509,$-498,$-498,$-15,$-11,$-14,$-87,$1,$-15
31,2010-10-31,38.3,$9.93,3.86,$103.21,0.37,$6.05,6.33,$2.01,19.06,$0.35B,$0.26B,1.34,$0.68B,$0.38B,1.8,$5.01B,$0.83B,16.52%,$5.01B,$0.18B,3.64%,$5.01B,$0.18B,3.64%,$5.01B,$0.26B,5.17%,$5.01B,$0.16B,3.10%,$5.01B,$0.10B,1.96%,$0.10B,$0.38B,13.68%,$0.10B,$0.31B,14.93%,$0.10B,$1.50B,6.89%,$0.18B,$1.06B,18.36%,$1350,$1122,$227,$0,$153,$1295,$54,$-20,$35,$13,$22,$22,$22,$74,$54,$42,43,$0.51,$0.51,$188,$122,$0,$349,$1075,$0,$68,$11,$1154,$1504,$260,$679,$16,$867,$1127,$2,$375,$0,$377,$1504,$59,$40,$28,$68,$-3,$3,$29,$-1,$39,$166,$-87,$0,$-27,$0,$0,$0,$0,$-114,$504,$0,$504,$-498,$-498,$-10,$-11,$-15,$37,$1,$-10
32,2010-07-31,35.22,$22.68,1.55,$94.13,0.37,$5.36,6.57,$2.16,16.31,$0.35B,$0.31B,1.12,$0.11B,$0.86B,0.13,$4.81B,$0.81B,16.75%,$4.81B,$0.19B,3.85%,$4.81B,$0.19B,3.85%,$4.81B,$0.26B,5.40%,$4.81B,$0.17B,3.62%,$4.81B,$0.11B,2.29%,$0.11B,$0.86B,13.41%,$0.11B,$0.80B,14.38%,$0.11B,$1.45B,7.96%,$0.19B,$0.97B,19.18%,$1362,$1128,$234,$0,$152,$1300,$62,$-3,$59,$22,$37,$37,$37,$82,$62,$51,51,$0.73,$0.73,$198,$123,$0,$347,$1031,$0,$58,$11,$1099,$1446,$309,$110,$15,$279,$588,$66,$792,$0,$858,$1446,$37,$20,$-0,$20,$-1,$2,$19,$-2,$47,$104,$-39,$0,$-0,$0,$0,$0,$0,$-39,$-14,$0,$-14,$1,$1,$-5,$0,$-18,$46,$1,$-5
33,2010-04-30,35.48,$16.19,2.19,$90.83,0.39,$4.96,7.16,$2.30,15.42,$0.31B,$0.24B,1.29,$0.16B,$0.82B,0.19,$4.64B,$0.79B,17.08%,$4.64B,$0.19B,4.16%,$4.64B,$0.19B,4.16%,$4.64B,$0.27B,5.74%,$4.64B,$0.18B,3.92%,$4.64B,$0.12B,2.52%,$0.12B,$0.82B,14.69%,$0.12B,$0.77B,15.76%,$0.12B,$1.39B,8.70%,$0.19B,$0.98B,20.27%,$1180,$991,$189,$0,$135,$1144,$36,$-3,$33,$11,$22,$22,$22,$54,$36,$51,51,$0.43,$0.42,$152,$125,$0,$310,$1011,$0,$58,$10,$1079,$1389,$241,$155,$15,$324,$564,$64,$760,$0,$824,$1389,$117,$74,$20,$94,$-1,$-16,$30,$0,$3,$214,$-127,$0,$-46,$0,$0,$0,$0,$-173,$-19,$0,$-19,$1,$1,$-17,$0,$-35,$6,$2,$-17
34,2010-01-31,28.11,$15.83,1.78,$85.08,0.33,$4.00,7.04,$2.18,12.9,$0.30B,$0.22B,1.34,$0.16B,$0.81B,0.19,$4.34B,$0.78B,17.86%,$4.34B,$0.19B,4.29%,$4.34B,$0.19B,4.29%,$4.34B,$0.26B,5.97%,$4.34B,$0.18B,4.06%,$4.34B,$0.11B,2.56%,$0.11B,$0.81B,14.41%,$0.11B,$0.75B,15.46%,$0.11B,$1.35B,8.45%,$0.19B,$0.96B,20.01%,$1114,$938,$177,$0,$128,$1084,$30,$-3,$28,$10,$17,$17,$17,$49,$30,$51,51,$0.34,$0.34,$153,$113,$0,$299,$988,$0,$56,$10,$1053,$1352,$222,$156,$16,$324,$546,$64,$742,$0,$806,$1352,$95,$55,$19,$74,$-1,$-5,$16,$-0,$-5,$164,$-100,$0,$-28,$0,$0,$0,$0,$-129,$-17,$0,$-17,$1,$1,$-13,$0,$-28,$7,$2,$-13
35,2009-10-31,28.81,$15.57,1.85,$79.93,0.36,$2.91,9.9,$2.12,13.59,$0.32B,$0.23B,1.42,$0.16B,$0.79B,0.2,$4.08B,$0.76B,18.63%,$4.08B,$0.18B,4.44%,$4.08B,$0.18B,4.44%,$4.08B,$0.25B,6.18%,$4.08B,$0.17B,4.17%,$4.08B,$0.11B,2.65%,$0.11B,$0.79B,14.47%,$0.11B,$0.74B,15.54%,$0.11B,$1.34B,8.45%,$0.18B,$0.95B,19.92%,$1155,$949,$206,$0,$131,$1098,$57,$-3,$54,$21,$34,$34,$34,$75,$57,$51,51,$0.66,$0.66,$178,$118,$0,$324,$957,$0,$52,$9,$1018,$1342,$229,$158,$15,$321,$550,$63,$729,$0,$793,$1342,$78,$37,$15,$52,$-1,$-11,$26,$-0,$-1,$129,$-70,$0,$-5,$0,$0,$0,$0,$-75,$-15,$0,$-15,$1,$1,$-9,$0,$-22,$32,$1,$-9
36,2009-07-31,25.0,$14.98,1.67,$84.60,0.3,$2.00,12.49,$2.00,12.5,$0.31B,$0.22B,1.37,$0.16B,$0.76B,0.21,$4.31B,$0.74B,17.26%,$4.31B,$0.17B,3.94%,$4.31B,$0.17B,3.94%,$4.31B,$0.24B,5.59%,$4.31B,$0.16B,3.71%,$4.31B,$0.10B,2.34%,$0.10B,$0.76B,13.98%,$0.10B,$0.71B,15.04%,$0.10B,$1.30B,8.10%,$0.17B,$0.92B,19.14%,$1188,$968,$220,$0,$132,$1118,$70,$-3,$67,$23,$44,$44,$44,$88,$70,$51,51,$0.87,$0.87,$171,$116,$0,$307,$932,$0,$51,$9,$992,$1299,$224,$156,$15,$312,$537,$62,$700,$0,$762,$1299,$44,$18,$8,$26,$1,$-9,$10,$-1,$4,$74,$-31,$0,$-1,$0,$0,$0,$0,$-31,$-14,$0,$-14,$1,$1,$-4,$0,$-18,$25,$1,$-4
37,2009-04-30,24.18,$14.18,1.7,$92.11,0.26,$1.87,12.96,$1.70,14.22,$0.29B,$0.22B,1.29,$0.17B,$0.72B,0.23,$4.69B,$0.72B,15.42%,$4.69B,$0.15B,3.18%,$4.69B,$0.15B,3.18%,$4.69B,$0.22B,4.67%,$4.69B,$0.14B,2.96%,$4.69B,$0.09B,1.83%,$0.09B,$0.72B,12.28%,$0.09B,$0.67B,13.23%,$0.09B,$1.26B,6.96%,$0.15B,$0.89B,17.14%,$883,$711,$172,$0,$125,$854,$29,$-3,$27,$11,$16,$16,$16,$47,$29,$51,51,$0.30,$0.29,$146,$107,$0,$285,$918,$0,$51,$9,$978,$1263,$221,$168,$16,$320,$542,$61,$660,$0,$721,$1263,$86,$69,$21,$90,$6,$19,$-48,$1,$-5,$171,$-133,$0,$-12,$0,$0,$0,$0,$-145,$-21,$0,$-21,$1,$1,$-15,$1,$-34,$-9,$1,$-15
38,2009-01-31,19.26,$13.94,1.38,$98.75,0.19,$3.06,6.29,$1.67,11.53,$0.25B,$0.19B,1.31,$0.17B,$0.71B,0.24,$5.03B,$0.71B,14.14%,$5.03B,$0.14B,2.86%,$5.03B,$0.14B,2.86%,$5.03B,$0.21B,4.26%,$5.03B,$0.13B,2.67%,$5.03B,$0.08B,1.67%,$0.08B,$0.71B,12.32%,$0.08B,$0.66B,13.29%,$0.08B,$1.21B,6.86%,$0.14B,$0.88B,16.86%,$849,$688,$161,$0,$119,$824,$25,$-3,$22,$8,$14,$14,$14,$42,$25,$51,51,$0.28,$0.28,$127,$99,$0,$251,$899,$0,$51,$9,$959,$1210,$192,$169,$17,$309,$501,$60,$648,$0,$709,$1210,$70,$52,$13,$65,$8,$25,$-66,$-0,$-29,$105,$-97,$0,$-10,$0,$0,$0,$0,$-108,$-15,$0,$-15,$1,$1,$-11,$0,$-25,$-27,$1,$-11
39,2008-10-31,27.27,$13.73,1.99,$104.76,0.26,$3.94,6.92,$1.65,16.53,$0.28B,$0.21B,1.32,$0.17B,$0.70B,0.24,$5.33B,$0.71B,13.31%,$5.33B,$0.14B,2.64%,$5.33B,$0.14B,2.64%,$5.33B,$0.21B,3.96%,$5.33B,$0.13B,2.48%,$5.33B,$0.08B,1.56%,$0.08B,$0.70B,12.51%,$0.08B,$0.65B,13.50%,$0.08B,$1.21B,6.82%,$0.14B,$0.87B,16.78%,$1391,$1199,$191,$0,$127,$1344,$46,$-2,$44,$17,$27,$27,$27,$64,$46,$51,51,$0.54,$0.54,$138,$108,$0,$277,$878,$0,$50,$9,$937,$1214,$210,$169,$16,$306,$516,$60,$638,$0,$698,$1214,$56,$35,$8,$43,$-0,$16,$-45,$-0,$-26,$72,$-60,$0,$-8,$0,$0,$0,$0,$-68,$-15,$0,$-15,$1,$1,$-8,$0,$-21,$-17,$1,$-8
40,2008-07-31,22.16,$13.26,1.67,$100.84,0.22,$4.80,4.62,$1.65,13.43,$0.34B,$0.28B,1.23,$0.17B,$0.67B,0.25,$5.13B,$0.70B,13.60%,$5.13B,$0.14B,2.75%,$5.13B,$0.14B,2.75%,$5.13B,$0.21B,4.11%,$5.13B,$0.13B,2.57%,$5.13B,$0.08B,1.64%,$0.08B,$0.67B,13.02%,$0.08B,$0.62B,14.07%,$0.08B,$1.26B,6.94%,$0.14B,$0.84B,17.06%,$1567,$1368,$199,$0,$133,$1518,$49,$-3,$46,$18,$29,$29,$29,$66,$49,$51,51,$0.57,$0.57,$171,$139,$0,$342,$857,$0,$49,$9,$915,$1257,$279,$170,$16,$305,$584,$59,$615,$0,$673,$1257,$29,$17,$7,$24,$-4,$-15,$12,$-1,$8,$61,$-25,$0,$-4,$0,$0,$0,$0,$-29,$-12,$0,$-12,$0,$0,$-4,$0,$-15,$17,$1,$-4
41,2008-04-30,19.88,$12.76,1.56,$95.19,0.21,$4.84,4.1,$1.67,11.9,$0.31B,$0.26B,1.21,$0.18B,$0.65B,0.28,$4.84B,$0.69B,14.19%,$4.84B,$0.14B,2.93%,$4.84B,$0.14B,2.93%,$4.84B,$0.21B,4.38%,$4.84B,$0.13B,2.77%,$4.84B,$0.09B,1.76%,$0.09B,$0.65B,13.57%,$0.09B,$0.60B,14.67%,$0.09B,$1.22B,7.16%,$0.14B,$0.83B,17.48%,$1220,$1060,$160,$0,$119,$1196,$24,$-3,$22,$7,$14,$14,$14,$42,$24,$51,51,$0.28,$0.28,$155,$125,$0,$313,$849,$0,$48,$9,$906,$1219,$259,$181,$15,$313,$572,$58,$590,$0,$647,$1219,$85,$68,$4,$72,$-3,$-14,$29,$-1,$20,$177,$-79,$0,$-9,$0,$0,$0,$0,$-88,$-31,$0,$-31,$2,$2,$-13,$1,$-42,$47,$1,$-13
42,2008-01-31,23.28,$12.53,1.86,$91.02,0.26,$3.42,6.82,$1.72,13.54,$0.28B,$0.23B,1.21,$0.19B,$0.64B,0.29,$4.63B,$0.68B,14.70%,$4.63B,$0.15B,3.20%,$4.63B,$0.15B,3.20%,$4.63B,$0.22B,4.67%,$4.63B,$0.14B,2.98%,$4.63B,$0.09B,1.90%,$0.09B,$0.64B,14.48%,$0.09B,$0.59B,15.69%,$0.09B,$1.18B,7.55%,$0.15B,$0.82B,18.54%,$1155,$994,$160,$0,$121,$1132,$22,$-2,$20,$7,$13,$13,$13,$39,$22,$51,51,$0.26,$0.26,$133,$117,$0,$278,$847,$0,$47,$9,$903,$1181,$229,$187,$14,$317,$546,$57,$579,$0,$635,$1181,$70,$51,$3,$54,$-1,$-7,$-6,$-1,$-3,$122,$-69,$0,$0,$0,$0,$0,$0,$-69,$-21,$0,$-21,$2,$2,$-10,$1,$-28,$26,$1,$-10
43,2007-10-31,25.46,$12.33,2.07,$86.48,0.29,$2.13,11.96,$1.68,15.15,$0.28B,$0.25B,1.15,$0.19B,$0.63B,0.3,$4.39B,$0.66B,15.03%,$4.39B,$0.15B,3.32%,$4.39B,$0.15B,3.32%,$4.39B,$0.21B,4.85%,$4.39B,$0.14B,3.07%,$4.39B,$0.09B,1.96%,$0.09B,$0.63B,14.58%,$0.09B,$0.58B,15.82%,$0.09B,$1.18B,7.61%,$0.15B,$0.81B,18.90%,$1189,$1010,$179,$0,$115,$1143,$46,$-2,$44,$16,$28,$28,$28,$64,$46,$51,51,$0.55,$0.54,$146,$114,$0,$283,$845,$0,$47,$9,$901,$1184,$246,$187,$14,$314,$559,$56,$569,$0,$625,$1184,$58,$34,$-1,$33,$-0,$-4,$1,$-2,$13,$103,$-47,$0,$0,$0,$0,$0,$0,$-47,$-13,$0,$-13,$1,$1,$-7,$0,$-18,$39,$1,$-7
44,2007-07-31,22.22,$11.83,1.88,$82.96,0.27,$0.73,30.64,$1.48,15.01,$0.27B,$0.25B,1.08,$0.19B,$0.60B,0.31,$4.21B,$0.63B,14.88%,$4.21B,$0.13B,3.07%,$4.21B,$0.13B,3.07%,$4.21B,$0.19B,4.61%,$4.21B,$0.12B,2.80%,$4.21B,$0.08B,1.78%,$0.08B,$0.60B,13.11%,$0.08B,$0.55B,14.23%,$0.08B,$1.17B,6.85%,$0.13B,$0.79B,17.29%,$1279,$1091,$188,$0,$122,$1229,$50,$-2,$48,$18,$30,$30,$30,$67,$50,$51,51,$0.59,$0.59,$132,$116,$0,$272,$839,$0,$47,$9,$894,$1166,$253,$187,$13,$314,$567,$55,$545,$0,$599,$1166,$30,$16,$-1,$16,$-2,$-7,$-1,$-1,$16,$62,$-23,$0,$0,$0,$0,$0,$0,$-23,$-12,$0,$-12,$1,$1,$-3,$0,$-15,$25,$0,$-3
45,2007-04-30,22.35,$11.31,1.98,$79.43,0.28,$-0.18,0.0,$1.22,18.32,$0.24B,$0.23B,1.03,$0.20B,$0.57B,0.35,$4.03B,$0.58B,14.51%,$4.03B,$0.11B,2.71%,$4.03B,$0.11B,2.71%,$4.03B,$0.17B,4.30%,$4.03B,$0.10B,2.41%,$4.03B,$0.06B,1.54%,$0.06B,$0.57B,11.13%,$0.06B,$0.53B,11.93%,$0.06B,$1.13B,5.91%,$0.11B,$0.77B,15.40%,$1004,$851,$153,$0,$107,$975,$30,$-3,$26,$8,$18,$18,$17,$46,$30,$50,51,$0.33,$0.33,$107,$110,$0,$241,$833,$0,$47,$9,$889,$1129,$234,$200,$8,$323,$557,$54,$519,$0,$572,$1129,$62,$64,$4,$68,$-2,$-10,$-12,$2,$-17,$113,$-88,$0,$-67,$0,$0,$0,$0,$-155,$77,$0,$77,$3,$3,$-10,$1,$71,$32,$1,$-10
46,2007-01-31,22.64,$11.16,2.03,$76.85,0.29,$0.34,67.15,$1.10,20.58,$0.15B,$0.21B,0.74,$0.16B,$0.56B,0.28,$3.89B,$0.55B,14.23%,$3.89B,$0.10B,2.54%,$3.89B,$0.10B,2.54%,$3.89B,$0.16B,4.19%,$3.89B,$0.09B,2.26%,$3.89B,$0.06B,1.41%,$0.06B,$0.56B,10.09%,$0.06B,$0.52B,10.67%,$0.06B,$1.04B,5.42%,$0.10B,$0.72B,14.73%,$919,$780,$140,$0,$103,$899,$20,$-3,$17,$6,$11,$11,$11,$36,$20,$50,51,$0.22,$0.22,$33,$97,$0,$153,$836,$0,$46,$9,$890,$1043,$207,$155,$9,$273,$480,$52,$512,$0,$564,$1043,$46,$48,$4,$51,$2,$3,$-44,$0,$-43,$54,$-66,$0,$-67,$0,$0,$0,$0,$-133,$33,$8,$42,$2,$2,$-8,$0,$36,$-43,$0,$-8
47,2006-10-31,21.49,$10.98,1.96,$74.51,0.29,$0.41,52.13,$1.02,21.07,$0.15B,$0.22B,0.72,$0.15B,$0.55B,0.28,$3.77B,$0.53B,14.10%,$3.77B,$0.09B,2.46%,$3.77B,$0.09B,2.46%,$3.77B,$0.16B,4.11%,$3.77B,$0.08B,2.17%,$3.77B,$0.05B,1.35%,$0.05B,$0.55B,9.57%,$0.05B,$0.51B,9.91%,$0.05B,$1.04B,5.17%,$0.09B,$0.71B,14.33%,$1006,$861,$145,$0,$100,$977,$29,$-3,$27,$10,$17,$17,$17,$45,$29,$50,51,$0.34,$0.34,$32,$101,$0,$154,$833,$0,$43,$8,$885,$1039,$215,$153,$8,$269,$485,$51,$503,$0,$554,$1039,$34,$31,$2,$33,$1,$-2,$-34,$-0,$-35,$32,$-47,$0,$-67,$0,$0,$0,$0,$-114,$34,$8,$42,$1,$1,$-5,$0,$38,$-43,$0,$-5
