,Date,Stock Price,Book Value per Share,Price to Book Ratio,TTM Sales per Share,Price to Sales Ratio,TTM FCF per Share,Price to FCF Ratio,TTM Net EPS,PE Ratio,Current Assets,Current Liabilities,Current Ratio,Long Term Debt,Shareholder's Equity_x,Debt to Equity Ratio,TTM Revenue_x,TTM Gross Profit,Gross Margin,TTM Revenue_y,TTM Operating Income,Operating Margin,TTM Revenue_x,TTM EBIT,EBIT Margin,TTM Revenue_y,TTM EBITDA,EBITDA Margin,TTM Revenue_x,TTM Pre-Tax Income,Pre-Tax Margin,TTM Revenue_y,TTM Net Income_x,Net Margin,TTM Net Income_y,Shareholder's Equity_y,Return on Equity,TTM Net Income_x,Tangible Equity,Return on Tangible Equity,TTM Net Income_y,Total Assets,Return on Assets,TTM Net Income,LT Investments & Debt,Return on Investment,revenue,cost-goods-sold,gross-profit,research-development-expenses,selling-general-administrative-expenses,operating-expenses,operating-income,total-non-operating-income-expense,pre-tax-income,total-provision-income-taxes,income-after-taxes,income-from-continuous-operations,net-income,ebitda,ebit,basic-shares-outstanding,shares-outstanding,eps-basic-net-earnings-per-share,eps-earnings-per-share-diluted,cash-on-hand,inventory,other-current-assets,total-current-assets,net-property-plant-equipment,long-term-investments,goodwill-intangible-assets-total,other-long-term-assets,total-long-term-assets,total-assets,total-current-liabilities,long-term-debt,other-non-current-liabilities,total-long-term-liabilities,total-liabilities,common-stock-net,retained-earnings-accumulated-deficit,comprehensive-income,total-share-holder-equity,total-liabilities-share-holders-equity,net-income-loss,total-depreciation-amortization-cash-flow,other-non-cash-items,total-non-cash-items,change-in-accounts-receivable,change-in-inventories,change-in-accounts-payable,change-in-assets-liabilities,total-change-in-assets-liabilities,cash-flow-from-operating-activities,net-change-in-property-plant-equipment,net-change-in-intangible-assets,net-acquisitions-divestitures,net-change-in-short-term-investments,net-change-in-long-term-investments,net-change-in-investments-total,investing-activities-other,cash-flow-from-investing-activities,net-long-term-debt,net-current-debt,debt-issuance-retirement-net-total,net-common-equity-issued-repurchased,net-total-equity-issued-repurchased,total-common-preferred-stock-dividends-paid,financial-activities-other,cash-flow-from-financial-activities,net-cash-flow,stock-based-compensation,common-stock-dividends-paid
0,2018-09-30,152.49,$26.93,5.66,$88.40,1.73,$16.88,9.04,$6.26,24.36,$38.45B,$26.03B,1.48,$25.44B,$15.89B,1.6,$53.28B,$17.51B,32.87%,$53.28B,$7.74B,14.53%,$53.28B,$8.44B,15.84%,$53.28B,$11.23B,21.07%,$53.28B,$7.57B,14.20%,$53.28B,$3.80B,7.13%,$3.80B,$15.89B,25.39%,$3.80B,$7.68B,57.31%,$3.80B,$78.21B,4.87%,$7.74B,$41.33B,19.85%,$13510,$9022,$4488,$479,$1299,$11375,$2135,$0,$2135,$415,$1720,$1727,$1727,$3018,$2320,$592,599,$2.92,$2.88,$8007,$11814,$0,$38454,$13607,$0,$8209,$2278,$39755,$78209,$26033,$25441,$3799,$36286,$62319,$5715,$30384,$-1568,$15890,$78209,$5099,$2065,$630,$2695,$-725,$-1822,$496,$-818,$-3319,$4475,$-1397,$0,$14,$-644,$-411,$-1055,$24,$-2414,$1431,$-465,$966,$-1708,$-1708,$-1444,$-32,$-2218,$-274,$0,$-1444
1,2018-06-30,134.84,$25.14,5.36,$84.88,1.59,$19.06,7.07,$5.15,26.18,$38.64B,$28.30B,1.37,$23.70B,$14.94B,1.59,$51.18B,$16.76B,32.75%,$51.18B,$7.12B,13.91%,$51.18B,$7.79B,15.22%,$51.18B,$10.60B,20.72%,$51.18B,$6.95B,13.59%,$51.18B,$3.13B,6.12%,$3.13B,$14.94B,20.99%,$3.13B,$6.65B,47.88%,$3.13B,$78.99B,4.01%,$7.12B,$38.64B,18.34%,$14011,$9422,$4589,$462,$1440,$11844,$2167,$19,$2186,$490,$1696,$1705,$1707,$3035,$2349,$596,604,$2.86,$2.82,$8654,$11255,$0,$38641,$13752,$0,$8288,$2278,$40346,$78987,$28300,$23699,$3954,$35745,$64045,$5746,$28657,$-1496,$14942,$78987,$3372,$1367,$446,$1813,$-703,$-1208,$545,$63,$-2102,$3083,$-989,$0,$12,$-614,$-498,$-1112,$21,$-2068,$-129,$1487,$1358,$-994,$-994,$-933,$-4,$-573,$374,$0,$-933
2,2018-03-31,145.73,$25.54,5.71,$80.72,1.81,$21.24,6.86,$3.68,39.6,$37.36B,$27.40B,1.36,$23.17B,$15.27B,1.52,$48.50B,$15.69B,32.34%,$48.50B,$6.13B,12.65%,$48.50B,$6.79B,13.99%,$48.50B,$9.64B,19.87%,$48.50B,$5.93B,12.22%,$48.50B,$2.23B,4.59%,$2.23B,$15.27B,15.15%,$2.23B,$6.73B,35.32%,$2.23B,$78.01B,2.85%,$6.13B,$38.44B,15.88%,$12859,$8566,$4293,$443,$1276,$10751,$2108,$26,$2134,$472,$1662,$1667,$1665,$2955,$2274,$598,608,$2.78,$2.74,$7888,$10947,$0,$37357,$13912,$0,$8539,$2156,$40657,$78014,$27402,$23165,$3942,$35340,$62742,$5640,$27929,$-1016,$15272,$78014,$1667,$681,$148,$829,$-326,$-803,$486,$126,$-1561,$935,$-499,$0,$12,$119,$-448,$-329,$16,$-800,$-868,$1151,$283,$-351,$-351,$-467,$-3,$-538,$-393,$0,$-467
3,2017-12-31,155.11,$23.03,6.73,$76.13,2.04,$22.66,6.84,$1.26,123.1,$36.24B,$26.93B,1.35,$23.85B,$13.77B,1.73,$45.46B,$14.41B,31.70%,$45.46B,$4.41B,9.69%,$45.46B,$5.05B,11.11%,$45.46B,$7.93B,17.44%,$45.46B,$4.08B,8.98%,$45.46B,$0.75B,1.66%,$0.75B,$13.77B,5.27%,$0.75B,$5.46B,12.67%,$0.75B,$76.96B,0.97%,$4.41B,$37.61B,11.49%,$12896,$8754,$4142,$561,$1558,$11563,$1333,$-222,$1111,$2418,$-1307,$-1299,$-1299,$2219,$1495,$592,599,$-2.21,$-2.18,$8261,$10018,$0,$36244,$14155,$0,$8311,$2027,$40718,$76962,$26931,$23847,$4053,$36265,$63196,$5593,$26301,$-1192,$13766,$76962,$759,$2877,$2260,$5137,$-1151,$-1295,$1478,$-588,$-194,$5702,$-1172,$0,$100,$192,$-175,$17,$61,$-994,$679,$-3058,$-2379,$566,$566,$-1831,$-9,$-3653,$1093,$0,$-1831
4,2017-09-30,122.03,$26.38,4.63,$70.99,1.72,$21.28,5.74,$1.44,84.74,$37.19B,$25.90B,1.44,$24.84B,$15.70B,1.58,$42.14B,$12.30B,29.20%,$42.14B,$1.81B,4.30%,$42.14B,$2.44B,5.80%,$42.14B,$5.97B,14.17%,$42.14B,$1.62B,3.85%,$42.14B,$0.88B,2.09%,$0.88B,$15.70B,6.23%,$0.88B,$7.33B,15.21%,$0.88B,$78.56B,1.14%,$1.81B,$40.53B,4.77%,$11413,$7678,$3735,$461,$1254,$9904,$1509,$14,$1523,$470,$1053,$1061,$1059,$2395,$1672,$593,600,$1.79,$1.77,$9591,$10212,$0,$37185,$14187,$0,$8371,$1811,$41375,$78560,$25903,$24835,$3152,$36960,$62863,$5460,$28530,$-1233,$15697,$78560,$2058,$2153,$596,$2749,$-455,$-1489,$1371,$-152,$358,$5165,$-773,$0,$93,$384,$-210,$174,$73,$-433,$1110,$-2403,$-1293,$353,$353,$-1367,$-7,$-2314,$2458,$0,$-1367
5,2017-06-30,104.39,$23.82,4.38,$67.51,1.55,$17.94,5.82,$0.15,695.94,$36.99B,$28.13B,1.32,$23.82B,$14.08B,1.69,$39.89B,$11.20B,28.08%,$39.89B,$0.78B,1.96%,$39.89B,$1.40B,3.51%,$39.89B,$4.97B,12.45%,$39.89B,$0.48B,1.21%,$39.89B,$0.11B,0.27%,$0.11B,$14.08B,0.75%,$0.11B,$5.71B,1.89%,$0.11B,$78.51B,0.14%,$0.78B,$37.89B,2.08%,$11331,$7816,$3515,$458,$1304,$10147,$1184,$-25,$1159,$361,$798,$803,$802,$2066,$1346,$590,595,$1.36,$1.35,$10232,$9388,$0,$36991,$14420,$0,$8374,$1722,$41519,$78510,$28133,$23815,$3235,$36298,$64431,$5316,$27471,$-1471,$14079,$78510,$997,$1430,$490,$1920,$-442,$-688,$1113,$132,$1007,$3924,$-561,$0,$91,$327,$-41,$286,$25,$-159,$640,$-505,$135,$83,$83,$-906,$-6,$-694,$3084,$0,$-906
6,2017-03-31,89.38,$23.19,3.85,$66.05,1.35,$14.98,5.97,$-0.27,0.0,$35.55B,$27.64B,1.29,$23.73B,$13.66B,1.74,$38.90B,$10.61B,27.28%,$38.90B,$0.38B,0.99%,$38.90B,$0.99B,2.54%,$38.90B,$4.59B,11.79%,$38.90B,$0.06B,0.16%,$38.90B,$-0.15B,-0.38%,$-0.15B,$13.66B,-1.01%,$-0.15B,$5.32B,-2.58%,$-0.15B,$77.55B,-0.19%,$0.38B,$37.39B,1.01%,$9822,$6801,$3021,$425,$1061,$9442,$380,$-91,$289,$90,$199,$194,$192,$1249,$539,$588,593,$0.33,$0.32,$9472,$9082,$0,$35548,$14727,$0,$8338,$1626,$42001,$77549,$27635,$23725,$3238,$36254,$63889,$5222,$27584,$-1827,$13660,$77549,$194,$710,$302,$1012,$-353,$-444,$732,$-91,$336,$1542,$-275,$0,$0,$167,$6,$173,$9,$-93,$737,$618,$1355,$-19,$-19,$-452,$-6,$878,$2336,$0,$-452
7,2016-12-31,88.63,$22.53,3.93,$65.59,1.35,$12.71,6.97,$-0.13,0.0,$31.97B,$26.13B,1.22,$22.82B,$13.21B,1.73,$38.54B,$10.23B,26.54%,$38.54B,$0.50B,1.29%,$38.54B,$1.09B,2.84%,$38.54B,$4.72B,12.26%,$38.54B,$0.14B,0.36%,$38.54B,$-0.07B,-0.17%,$-0.07B,$13.21B,-0.45%,$-0.07B,$4.84B,-1.13%,$-0.07B,$74.70B,-0.09%,$0.50B,$36.03B,1.29%,$9574,$7541,$2033,$522,$1483,$10836,$-1262,$-86,$-1348,$-180,$-1168,$-1167,$-1171,$261,$-1113,$584,584,$-1.99,$-1.98,$7168,$8614,$0,$31967,$15322,$0,$8369,$1671,$42737,$74704,$26132,$22818,$3184,$35359,$61491,$5277,$27377,$-2039,$13213,$74704,$-59,$3629,$1410,$5039,$829,$1109,$-200,$-173,$656,$5636,$-2029,$0,$0,$157,$112,$269,$0,$-1760,$-1450,$140,$-1310,$-23,$-23,$-1799,$-8,$-3140,$708,$0,$-1799
8,2016-09-30,84.09,$26.86,3.13,$67.55,1.24,$13.52,6.22,$1.72,48.89,$32.00B,$25.29B,1.27,$23.62B,$15.72B,1.5,$39.99B,$10.99B,27.47%,$39.99B,$1.59B,3.96%,$39.99B,$2.18B,5.45%,$39.99B,$5.21B,13.02%,$39.99B,$1.24B,3.10%,$39.99B,$1.01B,2.53%,$1.01B,$15.72B,6.55%,$1.01B,$6.54B,16.65%,$1.01B,$76.40B,1.30%,$1.59B,$39.34B,3.99%,$9160,$6527,$2633,$453,$992,$8679,$481,$-98,$383,$96,$287,$283,$283,$1389,$628,$585,590,$0.48,$0.48,$6113,$9478,$0,$31999,$15680,$0,$9178,$2029,$44403,$76402,$25290,$23622,$3276,$35397,$60687,$5266,$29450,$-1527,$15715,$76402,$1108,$2255,$640,$2895,$1128,$331,$-163,$-444,$-28,$3975,$-1628,$0,$0,$112,$-107,$5,$5,$-1618,$-1172,$-111,$-1283,$-54,$-54,$-1348,$-8,$-2693,$-347,$0,$-1348
9,2016-06-30,71.13,$26.19,2.72,$70.44,1.01,$14.82,4.8,$1.86,38.24,$33.61B,$27.18B,1.24,$23.98B,$15.30B,1.57,$41.80B,$11.44B,27.38%,$41.80B,$2.03B,4.85%,$41.80B,$2.62B,6.26%,$41.80B,$5.64B,13.50%,$41.80B,$1.64B,3.92%,$41.80B,$1.29B,3.08%,$1.29B,$15.30B,8.31%,$1.29B,$5.97B,21.16%,$1.29B,$78.30B,1.64%,$2.03B,$39.28B,5.05%,$10342,$7419,$2923,$468,$1123,$9557,$785,$-46,$739,$184,$555,$553,$550,$1687,$933,$584,589,$0.94,$0.93,$6764,$9458,$0,$33606,$15916,$0,$9329,$2044,$44694,$78300,$27183,$23980,$3301,$35814,$62997,$5277,$29167,$-1633,$15303,$78300,$825,$1494,$368,$1862,$573,$305,$208,$-227,$117,$2804,$-1222,$0,$0,$-135,$-86,$-221,$-14,$-1457,$-490,$391,$-99,$-47,$-47,$-898,$0,$-1044,$304,$0,$-898
10,2016-03-31,71.12,$26.98,2.64,$73.04,0.97,$15.82,4.5,$2.09,34.03,$33.75B,$26.22B,1.29,$24.47B,$15.75B,1.55,$43.77B,$12.16B,27.79%,$43.77B,$2.58B,5.89%,$43.77B,$3.17B,7.23%,$43.77B,$6.20B,14.16%,$43.77B,$2.04B,4.65%,$43.77B,$1.54B,3.51%,$1.54B,$15.75B,9.65%,$1.54B,$6.30B,23.59%,$1.54B,$78.31B,1.94%,$2.58B,$40.22B,6.21%,$9461,$6822,$2639,$508,$1088,$8967,$494,$-129,$365,$92,$273,$272,$271,$1386,$646,$583,588,$0.46,$0.46,$5886,$9849,$0,$33748,$15935,$0,$9451,$2001,$44559,$78307,$26215,$24470,$3269,$36339,$62554,$5247,$29517,$-1493,$15753,$78307,$272,$740,$269,$1009,$14,$-74,$211,$-123,$-791,$490,$-567,$0,$0,$43,$-25,$18,$-23,$-572,$-495,$486,$-9,$-45,$-45,$-448,$-1,$-503,$-574,$0,$-448
11,2015-12-31,62.34,$25.56,2.44,$77.67,0.8,$16.95,3.68,$3.44,18.12,$33.51B,$26.24B,1.28,$25.17B,$14.89B,1.69,$47.01B,$13.47B,28.64%,$47.01B,$3.79B,8.05%,$47.01B,$4.37B,9.30%,$47.01B,$7.42B,15.78%,$47.01B,$3.44B,7.32%,$47.01B,$2.51B,5.34%,$2.51B,$14.89B,15.45%,$2.51B,$5.45B,36.63%,$2.51B,$78.34B,3.12%,$3.79B,$40.05B,8.92%,$11030,$8240,$2790,$572,$1255,$11205,$-175,$-72,$-247,$-158,$-89,$-90,$-94,$746,$-28,$594,601,$-0.11,$-0.10,$6460,$9700,$0,$33508,$16090,$0,$9436,$1998,$44834,$78342,$26242,$25169,$3203,$37215,$63457,$5238,$29246,$-2035,$14885,$78342,$2523,$3046,$325,$3371,$764,$2274,$-1165,$-480,$805,$6699,$-2501,$0,$178,$-546,$-534,$-1080,$-114,$-3517,$-3160,$3022,$-138,$-1992,$-1992,$-1757,$-7,$-3894,$-881,$0,$-1757
12,2015-09-30,59.31,$27.43,2.16,$81.98,0.72,$18.84,3.15,$4.82,12.31,$35.28B,$25.83B,1.37,$25.21B,$15.97B,1.58,$50.23B,$13.47B,26.82%,$50.23B,$3.01B,5.99%,$50.23B,$3.60B,7.17%,$50.23B,$6.67B,13.28%,$50.23B,$2.70B,5.37%,$50.23B,$2.12B,4.22%,$2.12B,$15.97B,12.66%,$2.12B,$6.58B,29.20%,$2.12B,$78.97B,2.58%,$3.01B,$41.18B,6.91%,$10962,$7872,$3090,$513,$1129,$10037,$925,$-142,$783,$218,$565,$562,$559,$1825,$1067,$588,595,$0.95,$0.94,$6046,$11150,$0,$35280,$15955,$231,$9387,$1740,$43689,$78969,$25833,$25208,$3322,$37168,$63001,$5190,$35191,$-6843,$15968,$78969,$2613,$2272,$323,$2595,$614,$840,$-893,$-176,$-344,$4864,$-1724,$0,$174,$-149,$-198,$-347,$-76,$-1973,$-2690,$1922,$-768,$-1991,$-1991,$-1309,$13,$-4055,$-1295,$0,$-1309
13,2015-06-30,76.27,$28.48,2.68,$85.30,0.89,$20.77,3.67,$5.83,13.08,$38.23B,$25.61B,1.49,$27.45B,$17.16B,1.6,$52.81B,$14.29B,27.07%,$52.81B,$3.48B,6.58%,$52.81B,$4.09B,7.73%,$52.81B,$7.19B,13.62%,$52.81B,$3.29B,6.24%,$52.81B,$2.58B,4.88%,$2.58B,$17.16B,14.75%,$2.58B,$7.75B,32.90%,$2.58B,$82.24B,3.09%,$3.48B,$44.61B,7.72%,$12317,$8674,$3643,$510,$1318,$10984,$1333,$-197,$1136,$335,$801,$803,$802,$2242,$1481,$603,611,$1.33,$1.31,$7821,$11681,$0,$38227,$16136,$229,$9413,$1776,$44015,$82242,$25606,$27445,$3271,$39475,$65081,$5142,$34823,$-6729,$17161,$82242,$2051,$1514,$142,$1656,$383,$332,$-326,$134,$-349,$3358,$-1104,$0,$168,$-26,$-54,$-80,$-75,$-1091,$-2398,$1972,$-426,$-492,$-492,$-846,$11,$-1753,$480,$0,$-846
14,2015-03-31,71.37,$28.23,2.53,$87.30,0.82,$21.84,3.27,$6.24,11.44,$38.49B,$26.57B,1.45,$26.80B,$17.04B,1.57,$54.65B,$14.60B,26.73%,$54.65B,$3.62B,6.62%,$54.65B,$4.23B,7.74%,$54.65B,$7.37B,13.48%,$54.65B,$3.58B,6.55%,$54.65B,$2.78B,5.08%,$2.78B,$17.04B,15.06%,$2.78B,$7.66B,32.50%,$2.78B,$82.49B,3.27%,$3.62B,$43.84B,7.88%,$12702,$8760,$3942,$524,$1249,$11000,$1702,$65,$1767,$521,$1246,$1248,$1245,$2605,$1852,$605,613,$2.06,$2.03,$7563,$12099,$0,$38491,$16277,$230,$9383,$1802,$43999,$82490,$26566,$26803,$3206,$38886,$65452,$5101,$34998,$-7101,$17038,$82490,$1248,$753,$-88,$665,$6,$-89,$228,$204,$-643,$1270,$-659,$0,$167,$162,$-16,$146,$-38,$-384,$-790,$950,$160,$-368,$-368,$-424,$10,$-622,$222,$0,$-424
15,2014-12-31,80.96,$27.76,2.92,$87.28,0.93,$22.94,3.53,$5.87,13.79,$38.87B,$27.88B,1.39,$27.78B,$16.83B,1.65,$55.18B,$14.47B,26.21%,$55.18B,$3.31B,6.01%,$55.18B,$3.94B,7.14%,$55.18B,$7.10B,12.87%,$55.18B,$3.15B,5.71%,$55.18B,$2.45B,4.44%,$2.45B,$16.83B,12.74%,$2.45B,$7.06B,26.97%,$2.45B,$84.68B,2.87%,$3.31B,$44.61B,7.09%,$14244,$11450,$2794,$823,$2354,$15195,$-951,$-40,$-991,$-509,$-482,$-480,$-486,$-2,$-797,$617,629,$-0.76,$-0.74,$7341,$12205,$0,$38867,$16577,$257,$9770,$1798,$45814,$84681,$27877,$27784,$3231,$39978,$67855,$5016,$33887,$-6431,$16826,$84681,$2468,$3163,$2140,$5303,$163,$101,$222,$-1091,$286,$8057,$-2475,$0,$199,$-1260,$-45,$-1305,$-46,$-3627,$1401,$1043,$2444,$-3999,$-3999,$-1620,$179,$-2996,$1260,$0,$-1620
16,2014-09-30,86.94,$31.21,2.79,$86.50,1.01,$24.07,3.61,$6.18,14.07,$39.04B,$27.59B,1.42,$28.18B,$18.90B,1.49,$55.34B,$15.53B,28.07%,$55.34B,$5.72B,10.33%,$55.34B,$6.36B,11.50%,$55.34B,$9.55B,17.26%,$55.34B,$5.53B,9.99%,$55.34B,$3.94B,7.12%,$3.94B,$18.90B,19.45%,$3.94B,$8.89B,39.77%,$3.94B,$84.49B,4.61%,$5.72B,$47.08B,12.03%,$13549,$9634,$3915,$533,$1446,$12157,$1392,$-11,$1381,$364,$1017,$1021,$1017,$2347,$1549,$612,623,$1.66,$1.63,$6082,$13328,$0,$39042,$16431,$265,$10011,$1814,$45446,$84488,$27589,$28180,$3284,$38003,$65592,$4968,$33977,$-4357,$18896,$84488,$2948,$2368,$327,$2695,$393,$-859,$518,$-113,$543,$6186,$-1701,$0,$196,$-1046,$-440,$-1486,$-12,$-3003,$1210,$791,$2001,$-4020,$-4020,$-1197,$157,$-3059,$1,$0,$-1197
17,2014-06-30,94.8,$33.33,2.84,$85.34,1.11,$24.60,3.85,$6.00,15.8,$41.28B,$29.74B,1.39,$27.31B,$20.92B,1.31,$55.22B,$15.27B,27.65%,$55.22B,$5.73B,10.37%,$55.22B,$6.39B,11.58%,$55.22B,$9.57B,17.32%,$55.22B,$5.41B,9.80%,$55.22B,$3.87B,7.01%,$3.87B,$20.92B,19.27%,$3.87B,$10.56B,40.47%,$3.87B,$87.83B,4.49%,$5.73B,$48.23B,12.24%,$14150,$10197,$3953,$516,$1437,$12675,$1475,$-55,$1420,$419,$1001,$1002,$999,$2417,$1628,$626,638,$1.60,$1.57,$7927,$13055,$0,$41276,$16690,$259,$10367,$1832,$46551,$87827,$29741,$27307,$3259,$37163,$66904,$4890,$32961,$-3683,$20923,$87827,$1927,$1570,$240,$1810,$251,$-439,$438,$-143,$397,$4134,$-1093,$0,$139,$-937,$-466,$-1403,$-25,$-2382,$607,$1749,$2356,$-1544,$-1544,$-757,$126,$181,$1846,$0,$-757
18,2014-03-31,86.18,$32.63,2.64,$85.23,1.01,$23.99,3.59,$5.88,14.66,$37.97B,$27.30B,1.39,$26.80B,$20.37B,1.32,$55.69B,$15.16B,27.23%,$55.69B,$5.81B,10.43%,$55.69B,$6.51B,11.68%,$55.69B,$9.65B,17.33%,$55.69B,$5.34B,9.59%,$55.69B,$3.83B,6.88%,$3.83B,$20.37B,19.87%,$3.83B,$9.87B,44.05%,$3.83B,$84.40B,4.46%,$5.81B,$47.17B,12.74%,$13241,$9437,$3804,$508,$1292,$11843,$1398,$-56,$1342,$418,$924,$925,$922,$2339,$1558,$627,639,$1.47,$1.44,$5345,$12888,$0,$37968,$16716,$266,$10495,$1762,$46429,$84397,$27295,$26801,$3217,$36733,$64028,$4773,$32775,$-3801,$20369,$84397,$925,$781,$115,$896,$-37,$-270,$403,$105,$76,$1897,$-555,$0,$13,$-399,$5,$-394,$-12,$-948,$-630,$944,$314,$-1646,$-1646,$-383,$64,$-1651,$-736,$0,$-383
19,2013-12-31,78.25,$32.73,2.39,$84.19,0.93,$22.44,3.49,$5.75,13.61,$38.34B,$27.30B,1.4,$26.72B,$20.88B,1.28,$55.66B,$14.93B,26.82%,$55.66B,$5.63B,10.11%,$55.66B,$6.36B,11.42%,$55.66B,$9.44B,16.96%,$55.66B,$5.13B,9.21%,$55.66B,$3.79B,6.81%,$3.79B,$20.88B,20.19%,$3.79B,$10.33B,46.61%,$3.79B,$84.90B,4.35%,$5.63B,$47.60B,12.46%,$14402,$10541,$3861,$467,$1417,$12950,$1452,$-65,$1387,$376,$1011,$1006,$1003,$2451,$1627,$645,659,$1.57,$1.54,$6081,$12625,$0,$38335,$17075,$272,$10552,$1745,$46561,$84896,$27297,$26719,$3029,$36721,$64018,$4709,$31854,$-3898,$20878,$84896,$3803,$3087,$482,$3569,$835,$2658,$134,$-421,$2819,$10191,$-3602,$0,$365,$-1635,$-148,$-1783,$-26,$-5046,$-1542,$-69,$-1611,$-1872,$-1872,$-1111,$83,$-4511,$591,$0,$-1111
20,2013-09-30,71.37,$28.56,2.5,$86.33,0.83,$14.27,5.0,$5.25,13.59,$40.09B,$29.12B,1.38,$26.02B,$18.18B,1.43,$57.33B,$15.24B,26.59%,$57.33B,$5.21B,9.09%,$57.33B,$5.96B,10.40%,$57.33B,$9.55B,16.66%,$57.33B,$4.65B,8.12%,$57.33B,$3.48B,6.08%,$3.48B,$18.18B,19.42%,$3.48B,$7.49B,48.34%,$3.48B,$87.27B,3.95%,$5.21B,$44.19B,11.69%,$13423,$9774,$3649,$469,$1319,$12022,$1401,$-140,$1261,$310,$951,$950,$946,$2358,$1579,$639,652,$1.48,$1.45,$6357,$13392,$0,$40088,$16588,$278,$10686,$1733,$47184,$87272,$29119,$26015,$3176,$39976,$69095,$4657,$31614,$-6247,$18177,$87272,$2797,$2263,$377,$2640,$992,$1911,$157,$-159,$2174,$7611,$-2570,$0,$168,$-1439,$-208,$-1647,$-29,$-4078,$-1771,$1736,$-35,$-1923,$-1923,$-730,$60,$-2628,$867,$0,$-730
21,2013-06-30,70.1,$27.30,2.57,$90.33,0.78,$7.33,9.56,$6.34,11.06,$40.81B,$29.92B,1.36,$25.68B,$17.68B,1.45,$60.35B,$16.40B,27.18%,$60.35B,$6.41B,10.62%,$60.35B,$7.18B,11.89%,$60.35B,$10.71B,17.74%,$60.35B,$5.84B,9.68%,$60.35B,$4.24B,7.02%,$4.24B,$17.68B,23.69%,$4.24B,$7.10B,61.11%,$4.24B,$87.38B,4.76%,$6.41B,$43.36B,14.34%,$14621,$10773,$3848,$548,$1421,$13064,$1557,$-204,$1353,$387,$966,$965,$960,$2503,$1742,$650,663,$1.48,$1.45,$6110,$13889,$0,$40805,$16352,$288,$10578,$1729,$46570,$87375,$29919,$25680,$3232,$39778,$69697,$4591,$30668,$-6698,$17678,$87375,$1847,$1484,$236,$1720,$231,$1364,$305,$-165,$1026,$4593,$-1839,$0,$100,$-907,$-86,$-993,$-68,$-2800,$-1117,$1217,$100,$-944,$-944,$-342,$54,$-1132,$620,$0,$-342
22,2013-03-31,73.43,$27.86,2.64,$94.22,0.78,$3.51,20.92,$7.43,9.88,$42.15B,$28.97B,1.46,$27.24B,$18.32B,1.49,$63.10B,$17.65B,27.96%,$63.10B,$7.47B,11.83%,$63.10B,$8.25B,13.07%,$63.10B,$11.71B,18.55%,$63.10B,$7.07B,11.20%,$63.10B,$4.98B,7.88%,$4.98B,$18.32B,28.50%,$4.98B,$7.60B,79.44%,$4.98B,$88.74B,5.57%,$7.47B,$45.56B,16.73%,$13210,$9639,$3571,$562,$1390,$11992,$1218,$-91,$1127,$246,$881,$882,$880,$2130,$1407,$656,672,$1.34,$1.31,$5982,$15074,$0,$42145,$16276,$270,$10715,$1734,$46598,$88743,$28974,$27240,$3212,$41451,$70425,$4510,$30438,$-6669,$18318,$88743,$882,$723,$98,$821,$209,$308,$118,$-51,$-279,$1424,$-1056,$0,$98,$-430,$-25,$-455,$-46,$-1459,$117,$387,$504,$8,$8,$0,$33,$545,$492,$0,$0
23,2012-12-31,75.66,$26.84,2.82,$98.39,0.77,$2.11,35.79,$8.49,8.91,$42.14B,$29.42B,1.43,$27.75B,$17.58B,1.58,$65.88B,$18.82B,28.57%,$65.88B,$8.57B,13.01%,$65.88B,$9.37B,14.22%,$65.88B,$12.76B,19.37%,$65.88B,$8.24B,12.50%,$65.88B,$5.68B,8.62%,$5.68B,$17.58B,34.16%,$5.68B,$6.62B,107.72%,$5.68B,$88.97B,6.45%,$8.57B,$45.33B,19.79%,$16075,$11899,$4176,$613,$1591,$15037,$1038,$-126,$912,$214,$698,$700,$697,$2559,$1236,$653,670,$1.07,$1.03,$5490,$15547,$0,$42138,$16461,$272,$10958,$1785,$46832,$88970,$29415,$27752,$3136,$41973,$71388,$4481,$29558,$-6433,$17582,$88970,$5722,$3393,$-191,$3202,$-15,$-1149,$-1868,$-344,$-3740,$5184,$-3959,$0,$1199,$-2883,$-714,$-3597,$167,$-6190,$4968,$466,$5434,$52,$52,$-1617,$-263,$3606,$2433,$0,$-1617
24,2012-09-30,71.79,$27.43,2.62,$100.27,0.72,$6.87,10.45,$9.77,7.35,$44.64B,$31.75B,1.41,$26.53B,$17.94B,1.48,$67.04B,$19.12B,28.52%,$67.04B,$9.50B,14.16%,$67.04B,$10.30B,15.36%,$67.04B,$13.06B,19.48%,$67.04B,$9.30B,13.87%,$67.04B,$6.53B,9.74%,$6.53B,$17.94B,42.23%,$6.53B,$6.40B,163.77%,$6.53B,$90.54B,7.58%,$9.50B,$44.46B,22.91%,$16445,$11639,$4806,$634,$1471,$13849,$2596,$-146,$2450,$753,$1697,$1702,$1699,$3513,$2793,$654,669,$2.60,$2.54,$5689,$17550,$0,$44639,$15509,$199,$11538,$2205,$45902,$90541,$31746,$26526,$3625,$40859,$72605,$4449,$29541,$-5988,$17936,$90541,$5022,$2070,$-267,$1803,$136,$-3118,$-334,$320,$-3607,$3218,$-2686,$0,$1009,$-2159,$-598,$-2757,$82,$-4352,$4905,$166,$5071,$41,$41,$-937,$-284,$3891,$2632,$0,$-937
25,2012-06-30,70.41,$24.46,2.88,$99.28,0.71,$11.99,5.87,$8.94,7.88,$44.29B,$31.27B,1.42,$27.26B,$15.98B,1.71,$66.31B,$18.58B,28.02%,$66.31B,$8.66B,13.06%,$66.31B,$9.47B,14.29%,$66.31B,$12.18B,18.36%,$66.31B,$8.49B,12.80%,$66.31B,$5.97B,9.01%,$5.97B,$15.98B,41.09%,$5.97B,$4.43B,208.48%,$5.97B,$88.84B,7.20%,$8.66B,$43.24B,21.34%,$17374,$12280,$5094,$632,$1517,$14758,$2616,$-40,$2576,$872,$1704,$1709,$1699,$3503,$2814,$653,670,$2.60,$2.54,$5103,$17344,$0,$44294,$14928,$124,$11556,$2146,$44544,$88838,$31273,$27261,$3697,$41584,$72857,$4373,$27842,$-6150,$15981,$88838,$3320,$1350,$-59,$1291,$37,$-2939,$299,$637,$-2633,$1978,$-1752,$0,$308,$-1559,$-539,$-2098,$38,$-3504,$4014,$553,$4567,$25,$25,$-598,$-293,$3701,$2046,$0,$-598
26,2012-03-31,87.95,$23.02,3.82,$94.66,0.93,$15.26,5.76,$7.92,11.1,$40.21B,$28.85B,1.39,$25.19B,$15.02B,1.68,$63.17B,$17.41B,27.56%,$63.17B,$7.64B,12.10%,$63.17B,$8.47B,13.41%,$63.17B,$11.08B,17.54%,$63.17B,$7.26B,11.49%,$63.17B,$5.29B,8.37%,$5.29B,$15.02B,38.05%,$5.29B,$3.65B,123.82%,$5.29B,$83.91B,6.68%,$7.64B,$40.21B,19.30%,$15981,$11237,$4744,$587,$1340,$13658,$2323,$-25,$2298,$689,$1609,$1611,$1586,$3188,$2527,$650,670,$2.44,$2.37,$2864,$16511,$0,$40209,$14571,$139,$11368,$2208,$43699,$83908,$28849,$25191,$3582,$40043,$68892,$4351,$26815,$-6033,$15016,$83908,$1611,$661,$-18,$643,$150,$-2038,$517,$463,$-1939,$315,$-884,$0,$0,$-616,$-74,$-690,$38,$-1536,$289,$856,$1145,$7,$7,$-298,$137,$991,$-193,$0,$-298
27,2011-12-31,74.47,$19.97,3.73,$90.29,0.82,$16.57,4.49,$7.39,10.08,$37.90B,$28.36B,1.34,$24.94B,$12.93B,1.93,$60.14B,$16.56B,27.54%,$60.14B,$7.15B,11.89%,$60.14B,$7.98B,13.27%,$60.14B,$10.51B,17.47%,$60.14B,$6.73B,11.18%,$60.14B,$4.93B,8.19%,$4.93B,$12.93B,37.02%,$4.93B,$1.48B,86.81%,$4.93B,$81.22B,6.59%,$7.15B,$37.87B,18.97%,$17243,$12763,$4480,$604,$1487,$15283,$1960,$18,$1978,$416,$1562,$1562,$1547,$2858,$2163,$645,666,$2.40,$2.33,$3057,$14544,$0,$37900,$14395,$133,$11448,$2107,$43318,$81218,$28357,$24944,$3559,$39932,$68289,$4273,$25219,$-6328,$12929,$81218,$4981,$2527,$457,$2984,$-1409,$-2927,$1555,$899,$-1008,$6957,$-2570,$0,$376,$-920,$-8273,$-9193,$-40,$-11427,$4914,$-37,$4877,$123,$123,$-1159,$178,$4019,$-535,$0,$-1159
28,2011-09-30,60.37,$21.98,2.75,$84.09,0.72,$15.97,3.78,$6.54,9.23,$36.86B,$25.22B,1.46,$26.78B,$14.21B,1.88,$55.70B,$15.54B,27.89%,$55.70B,$6.48B,11.64%,$55.70B,$7.33B,13.15%,$55.70B,$9.77B,17.55%,$55.70B,$5.98B,10.73%,$55.70B,$4.35B,7.81%,$4.35B,$14.21B,33.99%,$4.35B,$1.91B,60.67%,$4.35B,$77.77B,6.17%,$6.48B,$40.99B,17.98%,$15716,$11455,$4261,$584,$1360,$13957,$1759,$-125,$1634,$474,$1160,$1154,$1141,$2628,$1970,$647,666,$1.76,$1.71,$3229,$14412,$0,$36864,$13397,$121,$12307,$1544,$40903,$77767,$25218,$26781,$3570,$38336,$63554,$4229,$24251,$-4019,$14213,$77767,$3419,$1832,$558,$2390,$-254,$-2716,$1308,$959,$-294,$5515,$-1577,$0,$21,$-482,$-7449,$-7931,$37,$-9450,$4964,$-766,$4198,$110,$110,$-862,$166,$3612,$-363,$0,$-862
29,2011-06-30,86.67,$20.80,4.17,$77.58,1.12,$13.72,6.32,$6.05,14.33,$40.76B,$23.51B,1.73,$25.93B,$13.44B,1.93,$51.12B,$14.66B,28.68%,$51.12B,$5.91B,11.56%,$51.12B,$6.77B,13.25%,$51.12B,$9.13B,17.85%,$51.12B,$5.45B,10.66%,$51.12B,$4.00B,7.82%,$4.00B,$13.44B,34.15%,$4.00B,$10.05B,48.22%,$4.00B,$73.61B,6.02%,$5.91B,$39.36B,17.72%,$14230,$10303,$3927,$584,$1257,$12629,$1601,$-251,$1350,$318,$1032,$1022,$1015,$2409,$1810,$646,667,$1.57,$1.52,$10715,$11359,$0,$40755,$12430,$123,$3385,$1567,$32856,$73611,$23510,$25926,$2841,$36665,$60175,$4165,$23081,$-3544,$13436,$73611,$2265,$1174,$337,$1511,$45,$-1850,$1056,$399,$-482,$3294,$-883,$0,$21,$-209,$-77,$-286,$-38,$-1186,$5204,$36,$5240,$96,$96,$-565,$157,$4928,$7123,$0,$-565
30,2011-03-31,90.28,$19.66,4.59,$72.34,1.25,$12.64,7.14,$5.62,16.06,$34.61B,$23.15B,1.5,$19.90B,$12.67B,1.57,$47.30B,$13.77B,29.11%,$47.30B,$5.29B,11.18%,$47.30B,$6.17B,13.05%,$47.30B,$8.49B,17.95%,$47.30B,$5.04B,10.66%,$47.30B,$3.69B,7.81%,$3.69B,$12.67B,34.60%,$3.69B,$9.27B,49.85%,$3.69B,$66.39B,5.89%,$5.29B,$32.57B,17.12%,$12949,$9057,$3892,$525,$1099,$11116,$1833,$-70,$1763,$512,$1251,$1243,$1225,$2611,$2036,$641,665,$1.91,$1.84,$4869,$10676,$0,$34608,$12219,$140,$3402,$1546,$31779,$66387,$23147,$19895,$2700,$30568,$53715,$4044,$22640,$-3724,$12672,$66387,$1243,$575,$0,$575,$-17,$-1185,$364,$271,$-1053,$765,$-458,$0,$21,$-13,$-14,$-27,$30,$-434,$-470,$1460,$990,$58,$58,$-281,$123,$890,$1277,$0,$-281
31,2010-12-31,75.59,$17.01,4.44,$65.67,1.15,$13.00,5.81,$4.14,18.26,$31.81B,$22.02B,1.45,$20.44B,$10.86B,1.88,$42.59B,$12.22B,28.70%,$42.59B,$3.96B,9.31%,$42.59B,$4.88B,11.45%,$42.59B,$7.17B,16.84%,$42.59B,$3.75B,8.81%,$42.59B,$2.70B,6.34%,$2.70B,$10.86B,27.67%,$2.70B,$7.45B,40.59%,$2.70B,$64.02B,4.44%,$3.96B,$31.30B,13.04%,$12807,$9349,$3458,$543,$1109,$11516,$1291,$-59,$1232,$233,$999,$988,$968,$2126,$1511,$632,650,$1.54,$1.48,$3592,$9587,$0,$31810,$12539,$164,$3419,$1538,$32210,$64020,$22020,$20437,$2654,$31136,$53156,$3888,$21384,$-4051,$10864,$64020,$2758,$2296,$469,$2765,$-2320,$-2667,$2570,$939,$-514,$5009,$-1117,$0,$0,$505,$-1115,$-610,$132,$-1595,$-4137,$291,$-3846,$296,$296,$-1084,$21,$-4613,$-1275,$0,$-1084
32,2010-09-30,63.15,$15.56,4.06,$58.59,1.08,$15.44,4.09,$3.03,20.84,$28.58B,$20.18B,1.42,$20.34B,$9.88B,2.06,$37.68B,$10.81B,28.69%,$37.68B,$2.80B,7.43%,$37.68B,$3.73B,9.90%,$37.68B,$6.12B,16.23%,$37.68B,$2.65B,7.02%,$37.68B,$1.96B,5.21%,$1.96B,$9.88B,21.24%,$1.96B,$6.42B,31.11%,$1.96B,$61.64B,3.28%,$2.80B,$30.21B,9.26%,$11134,$7752,$3382,$510,$1148,$9947,$1187,$-84,$1103,$295,$808,$801,$792,$1979,$1414,$633,652,$1.25,$1.22,$2265,$9006,$0,$28577,$12065,$160,$3458,$1551,$33065,$61642,$20178,$20337,$2678,$31589,$51767,$3757,$20955,$-4412,$9875,$61642,$1770,$1681,$345,$2026,$-1337,$-2086,$1966,$-46,$-849,$2947,$-564,$0,$0,$316,$-1099,$-783,$130,$-1217,$-3288,$-330,$-3618,$193,$193,$-804,$-43,$-4272,$-2602,$0,$-804
33,2010-06-30,47.88,$14.71,3.26,$52.99,0.9,$17.79,2.69,$2.45,19.54,$27.38B,$19.78B,1.38,$20.23B,$9.27B,2.18,$33.84B,$9.47B,27.98%,$33.84B,$1.89B,5.58%,$33.84B,$2.85B,8.42%,$33.84B,$5.23B,15.46%,$33.84B,$1.80B,5.30%,$33.84B,$1.58B,4.66%,$1.58B,$9.27B,17.91%,$1.58B,$6.50B,26.08%,$1.58B,$58.79B,2.64%,$1.89B,$29.50B,6.20%,$10409,$7372,$3037,$450,$1059,$9432,$977,$-31,$946,$209,$737,$733,$707,$1773,$1211,$630,647,$1.12,$1.09,$3597,$7339,$0,$27376,$11763,$154,$2777,$1524,$31417,$58793,$19784,$20226,$2102,$29737,$49521,$3636,$20133,$-4045,$9272,$58793,$969,$1116,$176,$1292,$-1096,$-1020,$1319,$125,$-350,$1911,$-269,$0,$0,$149,$-161,$-12,$6,$-275,$-2220,$-136,$-2356,$84,$84,$-527,$13,$-2786,$-1270,$0,$-527
34,2010-03-31,49.79,$14.37,3.46,$49.77,1.0,$19.08,2.61,$1.96,25.4,$26.41B,$18.42B,1.43,$21.55B,$9.02B,2.39,$31.41B,$8.66B,27.56%,$31.41B,$1.26B,4.01%,$31.41B,$2.26B,7.19%,$31.41B,$4.62B,14.69%,$31.41B,$1.25B,3.98%,$31.41B,$1.24B,3.95%,$1.24B,$9.02B,14.89%,$1.24B,$6.25B,22.24%,$1.24B,$58.84B,2.05%,$1.26B,$30.57B,4.09%,$8238,$5894,$2344,$402,$932,$7730,$508,$-39,$469,$231,$238,$236,$233,$1295,$741,$626,644,$0.37,$0.36,$3538,$6990,$0,$26412,$12057,$133,$2772,$2025,$32424,$58836,$18417,$21548,$2116,$31397,$49814,$3482,$19941,$-3886,$9022,$58836,$236,$554,$94,$648,$-373,$-644,$698,$102,$-168,$716,$-185,$0,$0,$201,$-104,$97,$33,$-55,$-2018,$331,$-1687,$26,$26,$-262,$-13,$-1936,$-1329,$0,$-262
35,2009-12-31,44.83,$14.12,3.17,$52.29,0.86,$19.35,2.32,$1.41,31.8,$27.22B,$18.98B,1.43,$21.85B,$8.82B,2.48,$32.40B,$8.51B,26.27%,$32.40B,$0.58B,1.78%,$32.40B,$1.62B,5.01%,$32.40B,$3.96B,12.22%,$32.40B,$0.57B,1.76%,$32.40B,$0.90B,2.76%,$0.90B,$8.82B,11.69%,$0.90B,$6.09B,18.23%,$0.90B,$60.04B,1.45%,$0.58B,$30.67B,1.88%,$7898,$5852,$2046,$355,$942,$7770,$128,$0,$128,$-91,$219,$206,$232,$1069,$366,$615,626,$0.38,$0.38,$4867,$6360,$0,$27217,$12386,$105,$2734,$1632,$32821,$60038,$18975,$21847,$2496,$32240,$51215,$3439,$19711,$-3764,$8823,$60038,$827,$2336,$137,$2473,$4014,$2501,$-1878,$-399,$3199,$6499,$-1230,$0,$0,$2281,$-77,$2204,$-128,$846,$-396,$-3884,$-4280,$89,$89,$-1029,$5,$-5215,$2131,$0,$-1029
36,2009-09-30,40.1,$12.98,3.09,$60.25,0.67,$13.75,2.92,$2.13,18.82,$26.22B,$17.96B,1.46,$23.07B,$8.08B,2.85,$37.42B,$9.32B,24.91%,$37.42B,$0.91B,2.42%,$37.42B,$2.01B,5.38%,$37.42B,$4.17B,11.15%,$37.42B,$0.80B,2.15%,$37.42B,$1.32B,3.54%,$1.32B,$8.08B,18.93%,$1.32B,$5.34B,31.21%,$1.32B,$60.84B,2.08%,$0.91B,$31.15B,3.00%,$7298,$5255,$2043,$327,$907,$7021,$277,$-25,$252,$-139,$391,$392,$404,$1094,$533,$622,636,$0.65,$0.64,$4188,$6815,$0,$26223,$12250,$101,$2746,$2113,$34615,$60838,$17957,$23069,$2260,$34799,$52756,$3392,$20026,$-4740,$8082,$60838,$621,$1633,$62,$1695,$3964,$1985,$-2352,$-875,$2202,$4518,$-699,$0,$0,$2157,$-89,$2068,$-89,$1280,$53,$-3686,$-3633,$50,$50,$-766,$2,$-4347,$1452,$0,$-766
37,2009-06-30,25.49,$11.87,2.15,$69.55,0.37,$10.28,2.48,$2.88,8.85,$27.38B,$19.49B,1.41,$23.56B,$7.38B,3.19,$43.10B,$10.56B,24.49%,$43.10B,$1.80B,4.18%,$43.10B,$2.94B,6.83%,$43.10B,$5.04B,11.70%,$43.10B,$1.81B,4.20%,$43.10B,$1.79B,4.15%,$1.79B,$7.38B,24.21%,$1.79B,$4.63B,38.64%,$1.79B,$62.09B,2.77%,$1.80B,$30.93B,6.05%,$7975,$5752,$2223,$351,$914,$7628,$347,$54,$401,$40,$361,$360,$371,$1157,$619,$612,620,$0.61,$0.60,$3991,$7160,$0,$27383,$12226,$92,$2749,$2067,$34709,$62092,$19490,$23558,$2268,$35227,$54717,$3347,$19579,$-4906,$7375,$62092,$229,$1072,$59,$1131,$3133,$1631,$-2181,$-604,$1443,$2803,$-430,$0,$0,$1412,$-81,$1331,$-53,$848,$1459,$-3365,$-1906,$31,$31,$-505,$-4,$-2384,$1255,$0,$-505
38,2009-03-31,21.3,$10.53,2.02,$78.12,0.27,$7.78,2.74,$4.02,5.3,$29.67B,$22.09B,1.34,$23.47B,$6.34B,3.7,$48.75B,$11.92B,24.45%,$48.75B,$2.98B,6.11%,$48.75B,$4.13B,8.47%,$48.75B,$6.17B,12.66%,$48.75B,$2.95B,6.05%,$48.75B,$2.52B,5.18%,$2.52B,$6.34B,31.90%,$2.52B,$3.59B,48.37%,$2.52B,$64.44B,3.93%,$2.98B,$29.80B,10.33%,$9225,$7027,$2198,$388,$882,$9400,$-175,$-37,$-212,$-80,$-132,$-131,$-112,$638,$104,$602,602,$-0.19,$-0.19,$3566,$7992,$0,$29672,$12342,$92,$2748,$1735,$34768,$64440,$22089,$23466,$2281,$36015,$58104,$3086,$19694,$-5332,$6336,$64440,$-131,$534,$0,$534,$1622,$764,$-1406,$-167,$492,$895,$-237,$0,$0,$688,$29,$717,$23,$503,$1497,$-1779,$-282,$0,$0,$-253,$0,$-535,$830,$0,$-253
39,2008-12-31,33.67,$10.29,3.27,$81.29,0.41,$6.97,4.83,$5.66,5.95,$31.89B,$25.63B,1.24,$22.83B,$6.19B,3.69,$51.32B,$12.91B,25.15%,$51.32B,$4.45B,8.67%,$51.32B,$5.60B,10.91%,$51.32B,$7.58B,14.77%,$51.32B,$4.50B,8.77%,$51.32B,$3.56B,6.93%,$3.56B,$6.19B,41.21%,$3.56B,$3.42B,59.09%,$3.56B,$67.78B,5.68%,$4.45B,$29.02B,15.82%,$12923,$10066,$2857,$507,$1305,$12466,$457,$-95,$362,$-296,$658,$663,$661,$1283,$756,$611,628,$1.11,$1.08,$2736,$8781,$0,$31885,$12524,$94,$2772,$1453,$35897,$67782,$25625,$22834,$2634,$35967,$61592,$3057,$19826,$-5579,$6190,$67782,$3585,$1980,$355,$2335,$-545,$-833,$-129,$-555,$-1248,$4672,$-2904,$0,$0,$-3365,$-99,$-3464,$197,$-6171,$3491,$2036,$5527,$-1665,$-1665,$-953,$46,$2955,$1614,$0,$-953
40,2008-09-30,44.49,$15.99,2.78,$79.12,0.56,$12.23,3.64,$6.08,7.32,$30.52B,$27.36B,1.12,$19.79B,$9.65B,2.05,$50.55B,$13.28B,26.27%,$50.55B,$5.25B,10.38%,$50.55B,$6.39B,12.65%,$50.55B,$8.34B,16.50%,$50.55B,$5.46B,10.80%,$50.55B,$3.87B,7.66%,$3.87B,$9.65B,41.48%,$3.87B,$6.88B,56.89%,$3.87B,$64.23B,6.48%,$5.25B,$29.44B,19.03%,$12981,$9704,$3277,$437,$1061,$11808,$1173,$87,$1260,$395,$865,$876,$868,$1965,$1464,$607,625,$1.43,$1.39,$2138,$9290,$0,$30524,$11817,$100,$2770,$1972,$33705,$64229,$27360,$19794,$2170,$27224,$54584,$2993,$19673,$-1912,$9645,$64229,$2922,$1453,$58,$1511,$-676,$-1380,$0,$113,$-1153,$3280,$-1690,$0,$0,$-3056,$-117,$-3173,$116,$-4747,$3132,$1608,$4740,$-1588,$-1588,$-700,$45,$2497,$1016,$0,$-700
41,2008-06-30,54.78,$15.56,3.52,$75.68,0.72,$15.43,3.55,$6.09,9.0,$27.86B,$26.39B,1.06,$17.64B,$9.47B,1.86,$49.01B,$13.17B,26.88%,$49.01B,$5.39B,10.99%,$49.01B,$6.53B,13.33%,$49.01B,$8.43B,17.20%,$49.01B,$5.49B,11.21%,$49.01B,$3.93B,8.02%,$3.93B,$9.47B,43.32%,$3.93B,$6.98B,59.19%,$3.93B,$60.45B,6.85%,$5.39B,$27.11B,20.22%,$13624,$10036,$3588,$415,$1074,$12099,$1525,$13,$1538,$434,$1104,$1114,$1106,$2284,$1804,$614,636,$1.80,$1.74,$782,$8303,$0,$27858,$10394,$641,$2486,$2051,$32595,$60453,$26394,$17643,$2110,$24589,$50983,$2897,$18918,$-1615,$9470,$60453,$2046,$952,$184,$1136,$-1137,$-1009,$0,$-154,$-1277,$1905,$-1064,$0,$0,$-1655,$-168,$-1823,$56,$-2831,$2628,$-431,$2197,$-1246,$-1246,$-444,$53,$560,$-340,$0,$-444
42,2008-03-31,57.83,$14.99,3.86,$71.38,0.81,$17.48,3.31,$5.59,10.35,$26.91B,$24.32B,1.11,$17.65B,$9.22B,1.92,$46.74B,$12.64B,27.04%,$46.74B,$5.07B,10.86%,$46.74B,$6.22B,13.31%,$46.74B,$8.08B,17.28%,$46.74B,$5.16B,11.04%,$46.74B,$3.65B,7.80%,$3.65B,$9.22B,42.10%,$3.65B,$6.80B,58.35%,$3.65B,$58.20B,6.55%,$5.07B,$26.87B,19.28%,$11796,$8609,$3187,$369,$959,$10503,$1293,$48,$1341,$420,$921,$932,$922,$2049,$1577,$618,638,$1.49,$1.45,$777,$8082,$0,$26907,$10050,$563,$2417,$1986,$31297,$58204,$24316,$17654,$2062,$24670,$48986,$2754,$18289,$-1710,$9218,$58204,$922,$472,$128,$600,$-455,$-864,$0,$40,$-816,$706,$-523,$0,$0,$-715,$-75,$-790,$192,$-1121,$400,$516,$916,$-665,$-665,$-223,$13,$41,$-345,$0,$-223
43,2007-12-31,53.29,$14.42,3.7,$67.94,0.78,$18.63,2.86,$5.37,9.92,$25.48B,$22.25B,1.15,$17.83B,$9.00B,1.98,$44.96B,$12.33B,27.43%,$44.96B,$4.92B,10.95%,$44.96B,$6.05B,13.46%,$44.96B,$7.85B,17.46%,$44.96B,$4.99B,11.10%,$44.96B,$3.54B,7.88%,$3.54B,$9.00B,43.02%,$3.54B,$6.56B,60.81%,$3.54B,$56.13B,6.54%,$4.92B,$26.83B,19.13%,$12144,$8920,$3224,$357,$1025,$10889,$1255,$65,$1320,$330,$990,$1012,$975,$2044,$1548,$638,660,$1.55,$1.50,$1122,$7204,$0,$25477,$9997,$598,$2438,$1922,$30655,$56132,$22245,$17829,$2003,$24891,$47136,$2744,$17398,$-1808,$8996,$56132,$3578,$1797,$162,$1959,$899,$-745,$387,$1646,$2418,$7955,$-2632,$0,$0,$-2095,$-142,$-2237,$461,$-4408,$151,$-353,$-202,$-2077,$-2077,$-845,$135,$-2989,$592,$0,$-845
44,2007-09-30,57.34,$13.54,4.24,$65.62,0.87,$15.96,3.59,$5.19,11.05,$24.92B,$21.07B,1.18,$17.15B,$8.61B,1.99,$43.82B,$12.14B,27.71%,$43.82B,$4.81B,10.98%,$43.82B,$5.92B,13.51%,$43.82B,$7.60B,17.35%,$43.82B,$4.80B,10.95%,$43.82B,$3.45B,7.87%,$3.45B,$8.61B,44.79%,$3.45B,$6.22B,64.75%,$3.45B,$54.80B,6.51%,$4.81B,$25.76B,19.13%,$11442,$8270,$3172,$357,$938,$10129,$1313,$-18,$1295,$395,$900,$927,$927,$2054,$1602,$638,660,$1.45,$1.40,$910,$7187,$0,$24922,$9436,$551,$2393,$1842,$29877,$54799,$21073,$17153,$2055,$25118,$46191,$2759,$16877,$-2481,$8608,$54799,$2566,$1301,$38,$1339,$850,$-715,$0,$1122,$1525,$5430,$-1638,$0,$0,$-1089,$-220,$-1309,$336,$-2611,$-417,$-374,$-791,$-1174,$-1174,$-617,$143,$-2439,$380,$0,$-617
45,2007-06-30,57.0,$12.25,4.65,$63.81,0.89,$13.62,4.19,$4.93,11.56,$24.13B,$19.81B,1.22,$17.96B,$7.83B,2.29,$42.89B,$11.88B,27.69%,$42.89B,$4.58B,10.67%,$42.89B,$5.66B,13.20%,$42.89B,$7.31B,17.05%,$42.89B,$4.58B,10.68%,$42.89B,$3.29B,7.67%,$3.29B,$7.83B,42.17%,$3.29B,$5.43B,60.95%,$3.29B,$53.51B,6.34%,$4.58B,$25.79B,17.95%,$11356,$8300,$3056,$350,$968,$10143,$1213,$-10,$1203,$385,$818,$823,$823,$1929,$1492,$641,663,$1.28,$1.24,$562,$7106,$0,$24130,$9127,$551,$2404,$1766,$29376,$53506,$19805,$17955,$2009,$25870,$45675,$2655,$15951,$-2621,$7831,$53506,$1639,$849,$0,$849,$927,$-691,$0,$498,$748,$3236,$-995,$0,$0,$-1039,$-272,$-1311,$285,$-2021,$-194,$86,$-108,$-794,$-794,$-386,$97,$-1191,$32,$0,$-386
46,2007-03-31,48.59,$11.70,4.15,$62.08,0.78,$11.91,4.08,$5.21,9.33,$23.96B,$19.95B,1.2,$17.02B,$7.49B,2.27,$42.14B,$12.01B,28.49%,$42.14B,$4.84B,11.49%,$42.14B,$5.91B,14.01%,$42.14B,$7.52B,17.84%,$42.14B,$4.84B,11.49%,$42.14B,$3.51B,8.34%,$3.51B,$7.49B,43.90%,$3.51B,$5.09B,62.99%,$3.51B,$52.25B,6.89%,$4.84B,$24.51B,19.22%,$10016,$7136,$2880,$340,$890,$8876,$1140,$32,$1172,$375,$797,$816,$816,$1823,$1411,$644,665,$1.27,$1.23,$607,$7131,$0,$23958,$8892,$554,$2400,$1819,$28290,$52248,$19950,$17017,$1916,$24806,$44756,$2518,$15550,$-2787,$7492,$52248,$816,$412,$1,$413,$739,$-734,$0,$256,$120,$1349,$-398,$0,$0,$-154,$-215,$-369,$140,$-627,$-1153,$1107,$-46,$-438,$-438,$-193,$26,$-651,$77,$0,$-193
47,2006-12-31,44.23,$10.62,4.16,$60.46,0.73,$10.81,4.09,$5.18,8.54,$23.66B,$19.82B,1.19,$17.68B,$6.86B,2.58,$41.52B,$11.97B,28.83%,$41.52B,$4.92B,11.85%,$41.52B,$5.94B,14.32%,$41.52B,$7.55B,18.18%,$41.52B,$4.86B,11.71%,$41.52B,$3.54B,8.52%,$3.54B,$6.86B,42.26%,$3.54B,$4.57B,58.19%,$3.54B,$51.45B,7.08%,$4.92B,$24.54B,19.56%,$11003,$7971,$3032,$368,$1016,$9857,$1146,$-19,$1127,$252,$875,$882,$882,$1797,$1415,$659,684,$1.36,$1.31,$530,$6351,$0,$23663,$8851,$562,$2291,$1742,$27786,$51449,$19822,$17680,$1209,$24768,$44590,$2465,$14593,$-2847,$6859,$51449,$3537,$1602,$197,$1799,$-148,$-827,$0,$768,$463,$5799,$-2103,$0,$0,$-1361,$-655,$-2016,$323,$-3796,$894,$-136,$758,$-2794,$-2794,$-726,$169,$-2593,$-578,$0,$-726
