,Date,Stock Price,Book Value per Share,Price to Book Ratio,TTM Sales per Share,Price to Sales Ratio,TTM FCF per Share,Price to FCF Ratio,TTM Net EPS,PE Ratio,Current Assets,Current Liabilities,Current Ratio,Long Term Debt,Shareholder's Equity_x,Debt to Equity Ratio,TTM Revenue_x,TTM Gross Profit,Gross Margin,TTM Revenue_y,TTM Operating Income,Operating Margin,TTM Revenue_x,TTM EBIT,EBIT Margin,TTM Revenue_y,TTM EBITDA,EBITDA Margin,TTM Revenue_x,TTM Pre-Tax Income,Pre-Tax Margin,TTM Revenue_y,TTM Net Income_x,Net Margin,TTM Net Income_y,Shareholder's Equity_y,Return on Equity,TTM Net Income_x,Tangible Equity,Return on Tangible Equity,TTM Net Income_y,Total Assets,Return on Assets,TTM Net Income,LT Investments & Debt,Return on Investment,revenue,cost-goods-sold,gross-profit,research-development-expenses,selling-general-administrative-expenses,operating-expenses,operating-income,total-non-operating-income-expense,pre-tax-income,total-provision-income-taxes,income-after-taxes,income-from-continuous-operations,net-income,ebitda,ebit,basic-shares-outstanding,shares-outstanding,eps-basic-net-earnings-per-share,eps-earnings-per-share-diluted,cash-on-hand,inventory,other-current-assets,total-current-assets,net-property-plant-equipment,long-term-investments,goodwill-intangible-assets-total,other-long-term-assets,total-long-term-assets,total-assets,total-current-liabilities,long-term-debt,other-non-current-liabilities,total-long-term-liabilities,total-liabilities,common-stock-net,retained-earnings-accumulated-deficit,comprehensive-income,total-share-holder-equity,total-liabilities-share-holders-equity,net-income-loss,total-depreciation-amortization-cash-flow,other-non-cash-items,total-non-cash-items,change-in-accounts-receivable,change-in-inventories,change-in-accounts-payable,change-in-assets-liabilities,total-change-in-assets-liabilities,cash-flow-from-operating-activities,net-change-in-property-plant-equipment,net-change-in-intangible-assets,net-acquisitions-divestitures,net-change-in-short-term-investments,net-change-in-long-term-investments,net-change-in-investments-total,investing-activities-other,cash-flow-from-investing-activities,net-long-term-debt,net-current-debt,debt-issuance-retirement-net-total,net-common-equity-issued-repurchased,net-total-equity-issued-repurchased,total-common-preferred-stock-dividends-paid,financial-activities-other,cash-flow-from-financial-activities,net-cash-flow,stock-based-compensation,common-stock-dividends-paid
0,2018-09-30,31.64,$8.93,3.54,$29.96,1.06,$6.00,5.28,$0.56,56.5,$0.32B,$0.37B,0.87,$0.84B,$0.41B,2.03,$1.38B,$0.47B,33.84%,$1.38B,$0.08B,6.09%,$1.38B,$0.08B,6.09%,$1.38B,$0.28B,20.00%,$1.38B,$0.03B,2.10%,$1.38B,$0.03B,1.88%,$0.03B,$0.41B,6.43%,$0.03B,$-0.51B,-4.72%,$0.03B,$1.78B,1.42%,$0.08B,$1.25B,6.51%,$340,$226,$115,$0,$42,$313,$28,$-11,$17,$8,$9,$9,$9,$75,$28,$46,46,$0.19,$0.19,$114,$15,$0,$323,$457,$0,$924,$72,$1461,$1784,$372,$836,$60,$1000,$1372,$0,$122,$-33,$412,$1784,$10,$144,$27,$171,$17,$-3,$2,$-16,$4,$185,$-73,$0,$0,$0,$0,$0,$0,$-73,$-91,$0,$-91,$0,$0,$0,$-5,$-96,$15,$11,$0
1,2018-06-30,24.18,$8.64,2.8,$31.45,0.77,$4.94,4.9,$-3.47,0.0,$0.32B,$0.36B,0.89,$0.88B,$0.40B,2.21,$1.44B,$0.49B,34.26%,$1.44B,$-0.11B,-7.84%,$1.44B,$-0.11B,-7.84%,$1.44B,$0.28B,19.07%,$1.44B,$-0.17B,-11.65%,$1.44B,$-0.16B,-11.03%,$-0.16B,$0.40B,-40.64%,$-0.16B,$-0.54B,27.38%,$-0.16B,$1.80B,-8.54%,$-0.11B,$1.28B,-8.65%,$341,$225,$116,$0,$41,$324,$17,$-10,$6,$3,$4,$4,$4,$65,$17,$46,46,$0.08,$0.08,$113,$15,$0,$323,$461,$0,$938,$71,$1478,$1800,$361,$878,$64,$1042,$1403,$0,$114,$-37,$397,$1800,$1,$97,$19,$116,$16,$-2,$2,$-14,$-7,$110,$-47,$0,$0,$0,$0,$0,$0,$-47,$-45,$0,$-45,$0,$0,$0,$-3,$-48,$14,$6,$0
2,2018-03-31,22.31,$9.12,2.45,$32.43,0.69,$4.15,5.37,$-3.22,0.0,$0.35B,$0.39B,0.91,$0.92B,$0.42B,2.19,$1.49B,$0.51B,34.05%,$1.49B,$-0.10B,-6.46%,$1.49B,$-0.10B,-6.46%,$1.49B,$0.29B,19.72%,$1.49B,$-0.15B,-10.36%,$1.49B,$-0.15B,-9.96%,$-0.15B,$0.42B,-35.32%,$-0.15B,$-0.56B,24.11%,$-0.15B,$1.90B,-7.71%,$-0.10B,$1.33B,-7.07%,$336,$228,$108,$0,$42,$324,$12,$-15,$-3,$-0,$-3,$-3,$-3,$60,$12,$46,46,$-0.06,$-0.06,$120,$16,$0,$351,$488,$0,$975,$75,$1544,$1895,$386,$916,$71,$1090,$1476,$0,$110,$-9,$419,$1895,$-3,$48,$10,$58,$13,$-1,$-12,$-24,$-6,$49,$-21,$0,$0,$0,$0,$0,$0,$-21,$-7,$0,$-7,$0,$0,$0,$-2,$-9,$20,$2,$0
3,2017-12-31,18.52,$8.54,2.17,$32.95,0.56,$3.18,5.83,$-3.18,0.0,$0.32B,$0.38B,0.82,$0.92B,$0.39B,2.35,$1.51B,$0.51B,33.75%,$1.51B,$-0.10B,-6.90%,$1.51B,$-0.10B,-6.90%,$1.51B,$0.28B,18.83%,$1.51B,$-0.16B,-10.28%,$1.51B,$-0.15B,-9.68%,$-0.15B,$0.39B,-34.03%,$-0.15B,$-0.59B,22.28%,$-0.15B,$1.86B,-7.52%,$-0.10B,$1.31B,-7.49%,$363,$235,$128,$0,$43,$336,$27,$-18,$9,$-7,$16,$16,$16,$76,$27,$46,46,$0.34,$0.34,$100,$14,$0,$315,$498,$0,$985,$58,$1547,$1863,$383,$918,$75,$1090,$1472,$0,$107,$-34,$390,$1863,$-145,$387,$36,$423,$7,$-2,$-25,$-42,$-60,$218,$-144,$0,$-487,$0,$0,$0,$0,$-631,$406,$0,$406,$0,$0,$0,$-14,$391,$-22,$14,$0
4,2017-09-30,23.01,$7.86,2.93,$31.76,0.72,$4.71,4.88,$-2.99,0.0,$0.33B,$0.41B,0.82,$0.95B,$0.36B,2.64,$1.46B,$0.49B,33.75%,$1.46B,$-0.10B,-6.60%,$1.46B,$-0.10B,-6.60%,$1.46B,$0.28B,18.97%,$1.46B,$-0.14B,-9.55%,$1.46B,$-0.14B,-9.42%,$-0.14B,$0.36B,-30.73%,$-0.14B,$-0.63B,24.64%,$-0.14B,$1.89B,-7.54%,$-0.10B,$1.31B,-7.38%,$402,$260,$142,$0,$46,$571,$-169,$-11,$-180,$-4,$-176,$-176,$-176,$74,$-169,$46,46,$-3.84,$-3.84,$105,$16,$0,$334,$504,$0,$991,$52,$1555,$1889,$407,$950,$72,$1123,$1530,$0,$91,$-45,$359,$1889,$-161,$338,$29,$367,$-0,$-4,$-21,$-30,$-33,$172,$-111,$0,$-485,$0,$0,$0,$0,$-596,$441,$0,$441,$0,$0,$0,$-14,$427,$-0,$10,$0
5,2017-06-30,32.86,$11.13,2.95,$30.11,1.09,$6.38,5.15,$1.45,22.66,$0.30B,$0.38B,0.79,$0.97B,$0.51B,1.92,$1.38B,$0.47B,33.96%,$1.38B,$0.12B,8.40%,$1.38B,$0.12B,8.40%,$1.38B,$0.28B,20.35%,$1.38B,$0.08B,5.58%,$1.38B,$0.07B,4.78%,$0.07B,$0.51B,14.42%,$0.07B,$-0.67B,-14.26%,$0.07B,$2.04B,3.94%,$0.12B,$1.48B,9.69%,$385,$258,$128,$0,$43,$351,$34,$-15,$20,$5,$15,$15,$15,$83,$34,$46,46,$0.33,$0.33,$100,$14,$0,$299,$505,$0,$1182,$39,$1736,$2035,$378,$973,$68,$1149,$1527,$0,$267,$-68,$508,$2035,$14,$95,$11,$106,$2,$-1,$-25,$-22,$-24,$96,$-70,$0,$-485,$0,$0,$0,$0,$-554,$469,$0,$469,$0,$0,$0,$-13,$456,$-6,$6,$0
6,2017-03-31,46.75,$10.07,4.64,$28.86,1.62,$7.67,6.1,$1.56,29.97,$0.27B,$0.36B,0.77,$1.00B,$0.46B,2.17,$1.32B,$0.46B,34.47%,$1.32B,$0.12B,9.09%,$1.32B,$0.12B,9.09%,$1.32B,$0.27B,20.61%,$1.32B,$0.09B,6.59%,$1.32B,$0.07B,5.38%,$0.07B,$0.46B,16.77%,$0.07B,$-0.72B,-19.18%,$0.07B,$1.98B,4.79%,$0.12B,$1.46B,11.52%,$358,$247,$111,$0,$42,$353,$4,$-8,$-4,$-3,$-1,$-1,$-1,$51,$4,$45,45,$-0.02,$-0.02,$87,$13,$0,$273,$481,$0,$1181,$39,$1710,$1983,$356,$996,$66,$1167,$1524,$0,$252,$-98,$459,$1983,$-1,$47,$0,$47,$0,$-1,$-24,$-9,$-24,$23,$-39,$0,$-485,$0,$0,$0,$0,$-523,$491,$0,$491,$0,$0,$0,$-8,$483,$-18,$2,$0
7,2016-12-31,54.57,$10.08,5.41,$27.64,1.97,$8.80,6.2,$1.92,28.42,$0.27B,$0.31B,0.86,$0.50B,$0.46B,1.1,$1.27B,$0.45B,35.65%,$1.27B,$0.15B,11.54%,$1.27B,$0.15B,11.54%,$1.27B,$0.29B,22.61%,$1.27B,$0.11B,9.01%,$1.27B,$0.09B,6.88%,$0.09B,$0.46B,21.72%,$0.09B,$-0.20B,-32.28%,$0.09B,$1.37B,6.65%,$0.15B,$0.96B,16.12%,$310,$200,$110,$0,$38,$275,$35,$-9,$25,$0,$25,$25,$25,$68,$35,$45,46,$0.55,$0.54,$106,$13,$0,$270,$393,$0,$654,$35,$1095,$1365,$314,$503,$19,$594,$908,$0,$253,$-107,$457,$1365,$88,$139,$33,$173,$-16,$-1,$15,$-35,$10,$270,$-126,$0,$-13,$0,$0,$0,$0,$-139,$-76,$0,$-76,$-3,$-3,$0,$0,$-79,$47,$21,$0
8,2016-09-30,44.6,$8.98,4.97,$27.56,1.62,$8.16,5.46,$1.71,26.08,$0.24B,$0.31B,0.78,$0.49B,$0.41B,1.19,$1.26B,$0.45B,35.69%,$1.26B,$0.14B,11.45%,$1.26B,$0.14B,11.45%,$1.26B,$0.29B,22.66%,$1.26B,$0.11B,8.98%,$1.26B,$0.08B,6.12%,$0.08B,$0.41B,20.33%,$0.08B,$-0.26B,-25.43%,$0.08B,$1.31B,5.94%,$0.14B,$0.89B,16.00%,$328,$208,$120,$0,$40,$285,$43,$-8,$36,$8,$27,$27,$27,$79,$43,$45,46,$0.61,$0.60,$95,$11,$0,$244,$375,$0,$666,$20,$1069,$1313,$313,$486,$48,$594,$906,$0,$228,$-126,$407,$1313,$63,$106,$32,$138,$-4,$-0,$5,$-11,$13,$214,$-76,$0,$-10,$0,$0,$0,$0,$-86,$-90,$0,$-90,$-3,$-3,$0,$0,$-93,$33,$16,$0
9,2016-06-30,39.81,$8.19,4.86,$27.26,1.46,$6.11,6.52,$1.59,25.04,$0.19B,$0.29B,0.66,$0.49B,$0.37B,1.33,$1.24B,$0.44B,35.54%,$1.24B,$0.14B,11.60%,$1.24B,$0.14B,11.60%,$1.24B,$0.28B,22.88%,$1.24B,$0.11B,8.94%,$1.24B,$0.07B,5.80%,$0.07B,$0.37B,19.85%,$0.07B,$-0.30B,-21.65%,$0.07B,$1.27B,5.51%,$0.14B,$0.86B,15.62%,$324,$210,$114,$0,$38,$286,$38,$-8,$30,$10,$20,$20,$20,$74,$38,$45,46,$0.45,$0.44,$49,$8,$0,$192,$371,$0,$673,$18,$1074,$1267,$291,$491,$57,$606,$897,$0,$221,$-128,$370,$1267,$35,$70,$16,$86,$-2,$3,$5,$-13,$3,$125,$-40,$0,$-5,$0,$0,$0,$0,$-45,$-82,$0,$-82,$-4,$-4,$0,$-0,$-86,$-7,$9,$0
10,2016-03-31,35.99,$8.14,4.42,$26.88,1.34,$4.92,7.32,$1.48,24.32,$0.20B,$0.28B,0.71,$0.54B,$0.37B,1.47,$1.22B,$0.43B,35.22%,$1.22B,$0.14B,11.30%,$1.22B,$0.14B,11.30%,$1.22B,$0.28B,22.60%,$1.22B,$0.10B,8.52%,$1.22B,$0.07B,5.49%,$0.07B,$0.37B,18.91%,$0.07B,$-0.32B,-19.62%,$0.07B,$1.29B,5.13%,$0.14B,$0.91B,14.68%,$303,$196,$107,$0,$37,$273,$30,$-7,$23,$8,$15,$15,$15,$65,$30,$45,46,$0.34,$0.34,$54,$10,$0,$195,$369,$0,$687,$23,$1092,$1287,$276,$540,$47,$643,$919,$0,$201,$-104,$368,$1287,$15,$35,$6,$41,$-2,$1,$-5,$-2,$-11,$45,$-9,$0,$-3,$0,$0,$0,$0,$-12,$-30,$0,$-30,$-4,$-4,$0,$-0,$-34,$-1,$3,$0
11,2015-12-31,33.65,$8.23,4.09,$26.47,1.27,$4.12,8.17,$1.48,22.74,$0.21B,$0.28B,0.77,$0.57B,$0.37B,1.54,$1.20B,$0.42B,34.75%,$1.20B,$0.14B,11.67%,$1.20B,$0.14B,11.67%,$1.20B,$0.28B,22.92%,$1.20B,$0.10B,8.67%,$1.20B,$0.07B,5.58%,$0.07B,$0.37B,20.07%,$0.07B,$-0.33B,-18.73%,$0.07B,$1.32B,5.21%,$0.14B,$0.94B,14.94%,$303,$196,$108,$0,$40,$270,$33,$-9,$24,$10,$15,$15,$15,$67,$33,$45,45,$0.34,$0.33,$58,$11,$0,$214,$375,$0,$700,$19,$1106,$1320,$278,$568,$31,$673,$950,$0,$186,$-88,$370,$1320,$66,$135,$20,$155,$17,$-5,$-8,$-1,$36,$257,$-142,$0,$-67,$0,$0,$0,$0,$-210,$-47,$0,$-47,$-4,$-4,$0,$2,$-49,$-6,$19,$0
12,2015-09-30,32.7,$7.63,4.29,$26.12,1.25,$3.35,9.75,$1.27,25.75,$0.23B,$0.27B,0.86,$0.64B,$0.34B,1.86,$1.18B,$0.40B,34.12%,$1.18B,$0.13B,11.09%,$1.18B,$0.13B,11.09%,$1.18B,$0.26B,22.35%,$1.18B,$0.10B,8.04%,$1.18B,$0.06B,4.83%,$0.06B,$0.34B,18.21%,$0.06B,$-0.38B,-15.16%,$0.06B,$1.36B,4.49%,$0.13B,$0.98B,14.13%,$311,$199,$112,$0,$36,$268,$43,$-9,$34,$13,$22,$22,$22,$78,$43,$45,45,$0.49,$0.48,$69,$11,$0,$228,$376,$0,$720,$21,$1129,$1357,$265,$636,$46,$750,$1015,$0,$171,$-90,$343,$1357,$51,$102,$7,$108,$-2,$-5,$-8,$-8,$-12,$147,$-104,$0,$-67,$0,$0,$0,$0,$-171,$16,$0,$16,$-4,$-4,$0,$1,$13,$-13,$14,$0
13,2015-06-30,37.05,$7.49,4.94,$25.18,1.47,$3.29,11.26,$0.97,38.2,$0.20B,$0.22B,0.9,$0.60B,$0.34B,1.78,$1.14B,$0.38B,33.54%,$1.14B,$0.12B,10.56%,$1.14B,$0.12B,10.56%,$1.14B,$0.25B,22.01%,$1.14B,$0.07B,6.43%,$1.14B,$0.04B,3.79%,$0.04B,$0.34B,14.36%,$0.04B,$-0.34B,-12.52%,$0.04B,$1.26B,3.55%,$0.12B,$0.94B,13.48%,$304,$201,$103,$0,$34,$272,$32,$-8,$23,$9,$15,$15,$15,$66,$32,$45,45,$0.33,$0.33,$43,$9,$0,$200,$356,$0,$675,$18,$1060,$1260,$221,$599,$32,$702,$924,$0,$149,$-69,$336,$1260,$30,$67,$13,$80,$-3,$-4,$0,$-4,$-23,$87,$-56,$0,$-16,$0,$0,$0,$0,$-73,$-19,$0,$-19,$-3,$-3,$0,$1,$-22,$-7,$9,$0
14,2015-03-31,37.6,$6.38,5.89,$24.28,1.55,$2.96,12.7,$0.95,39.58,$0.18B,$0.20B,0.87,$0.61B,$0.29B,2.13,$1.09B,$0.37B,33.61%,$1.09B,$0.11B,10.35%,$1.09B,$0.11B,10.35%,$1.09B,$0.24B,21.98%,$1.09B,$0.07B,6.50%,$1.09B,$0.04B,3.85%,$0.04B,$0.29B,14.75%,$0.04B,$-0.38B,-12.76%,$0.04B,$1.21B,3.61%,$0.11B,$0.90B,13.39%,$282,$188,$94,$0,$31,$250,$32,$-9,$23,$8,$15,$15,$15,$64,$32,$45,45,$0.34,$0.34,$38,$8,$0,$177,$333,$0,$670,$18,$1032,$1210,$203,$611,$45,$720,$924,$0,$134,$-99,$286,$1210,$15,$32,$2,$34,$9,$-2,$-23,$1,$-18,$31,$-32,$0,$-8,$0,$0,$0,$0,$-40,$-1,$0,$-1,$-3,$-3,$0,$0,$-4,$-15,$4,$0
15,2014-12-31,38.58,$6.43,6.0,$23.52,1.64,$2.93,13.17,$0.82,47.05,$0.20B,$0.25B,0.79,$0.61B,$0.29B,2.14,$1.06B,$0.35B,33.36%,$1.06B,$0.11B,9.95%,$1.06B,$0.11B,9.95%,$1.06B,$0.23B,21.71%,$1.06B,$0.06B,5.97%,$1.06B,$0.04B,3.51%,$0.04B,$0.29B,13.33%,$0.04B,$-0.40B,-11.95%,$0.04B,$1.26B,3.29%,$0.11B,$0.90B,13.05%,$284,$190,$94,$0,$33,$260,$24,$-9,$15,$10,$5,$5,$5,$56,$24,$44,45,$0.12,$0.12,$52,$6,$0,$197,$336,$0,$690,$23,$1058,$1256,$251,$613,$38,$718,$969,$0,$119,$-83,$287,$1256,$35,$124,$37,$161,$-12,$-2,$-5,$-9,$-8,$189,$-110,$0,$-227,$0,$0,$0,$0,$-337,$116,$0,$116,$-6,$-6,$0,$-11,$99,$-55,$17,$0
16,2014-09-30,35.2,$6.48,5.43,$22.62,1.56,$3.69,9.54,$0.87,40.46,$0.28B,$0.19B,1.45,$0.54B,$0.29B,1.88,$1.01B,$0.34B,33.17%,$1.01B,$0.10B,9.58%,$1.01B,$0.10B,9.58%,$1.01B,$0.22B,21.42%,$1.01B,$0.06B,5.63%,$1.01B,$0.04B,3.85%,$0.04B,$0.29B,14.58%,$0.04B,$-0.25B,-13.59%,$0.04B,$1.12B,3.62%,$0.10B,$0.83B,12.70%,$266,$176,$90,$0,$28,$234,$32,$-20,$12,$4,$8,$8,$8,$64,$32,$44,45,$0.18,$0.18,$157,$6,$0,$279,$286,$0,$536,$8,$842,$1121,$192,$541,$29,$641,$833,$0,$113,$-70,$289,$1121,$30,$92,$21,$113,$-8,$-3,$-12,$-11,$-41,$103,$-63,$-2,$-9,$0,$0,$0,$0,$-74,$46,$-1,$44,$-6,$-6,$0,$-12,$26,$54,$11,$0
17,2014-06-30,34.08,$6.22,5.48,$21.85,1.56,$4.62,7.38,$0.50,68.16,$0.21B,$0.21B,1.0,$0.47B,$0.28B,1.71,$0.98B,$0.32B,32.27%,$0.98B,$0.08B,8.61%,$0.98B,$0.08B,8.61%,$0.98B,$0.20B,20.18%,$0.98B,$0.06B,6.05%,$0.98B,$0.02B,2.36%,$0.02B,$0.28B,9.26%,$0.02B,$-0.28B,-7.34%,$0.02B,$1.07B,2.22%,$0.08B,$0.75B,11.60%,$260,$171,$89,$0,$28,$235,$25,$-4,$21,$8,$13,$13,$14,$56,$25,$44,45,$0.31,$0.31,$89,$7,$0,$209,$284,$0,$558,$8,$862,$1072,$208,$474,$42,$586,$795,$0,$105,$-69,$277,$1072,$23,$60,$6,$67,$-5,$-3,$-16,$-6,$-33,$57,$-42,$0,$-9,$0,$0,$0,$0,$-51,$-23,$-2,$-25,$-6,$-6,$0,$-1,$-32,$-26,$7,$0
18,2014-03-31,38.85,$5.77,6.73,$20.71,1.88,$5.49,7.08,$0.52,74.71,$0.20B,$0.21B,0.97,$0.48B,$0.26B,1.88,$0.92B,$0.30B,32.03%,$0.92B,$0.09B,9.42%,$0.92B,$0.09B,9.42%,$0.92B,$0.19B,20.67%,$0.92B,$0.06B,6.82%,$0.92B,$0.02B,2.60%,$0.02B,$0.26B,10.41%,$0.02B,$-0.31B,-8.18%,$0.02B,$1.06B,2.50%,$0.09B,$0.74B,12.96%,$245,$167,$79,$0,$25,$221,$24,$-9,$15,$6,$9,$9,$10,$53,$24,$44,45,$0.22,$0.21,$89,$6,$0,$202,$273,$0,$562,$7,$853,$1055,$209,$484,$37,$589,$798,$0,$91,$-71,$257,$1055,$9,$29,$3,$32,$-6,$-1,$-19,$1,$-27,$15,$-17,$0,$-9,$0,$0,$0,$0,$-26,$-9,$-1,$-10,$-6,$-6,$0,$0,$-15,$-26,$3,$0
19,2013-12-31,43.45,$5.57,7.8,$19.68,2.21,$6.13,7.09,$0.52,83.56,$0.21B,$0.22B,0.96,$0.49B,$0.25B,1.98,$0.88B,$0.28B,32.04%,$0.88B,$0.08B,9.46%,$0.88B,$0.08B,9.46%,$0.88B,$0.18B,20.52%,$0.88B,$0.06B,7.18%,$0.88B,$0.02B,2.62%,$0.02B,$0.25B,11.11%,$0.02B,$-0.31B,-8.36%,$0.02B,$1.06B,2.60%,$0.08B,$0.74B,13.49%,$242,$164,$78,$0,$26,$226,$16,$-7,$9,$3,$6,$6,$7,$44,$16,$44,45,$0.16,$0.17,$102,$5,$0,$207,$271,$0,$560,$9,$849,$1056,$215,$489,$39,$594,$809,$0,$82,$-73,$247,$1056,$21,$98,$28,$126,$-11,$-2,$13,$7,$37,$184,$-72,$-6,$-190,$0,$0,$0,$0,$-267,$129,$0,$129,$11,$11,$0,$16,$155,$73,$12,$0
20,2013-09-30,37.11,$4.74,7.82,$18.77,1.98,$4.68,7.93,$0.60,61.85,$0.14B,$0.19B,0.78,$0.46B,$0.21B,2.14,$0.83B,$0.27B,32.17%,$0.83B,$0.09B,10.68%,$0.83B,$0.09B,10.68%,$0.83B,$0.18B,21.73%,$0.83B,$0.07B,8.52%,$0.83B,$0.03B,3.36%,$0.03B,$0.21B,15.34%,$0.03B,$-0.35B,-10.91%,$0.03B,$0.97B,3.45%,$0.09B,$0.67B,15.99%,$229,$160,$69,$0,$21,$210,$19,$-5,$14,$23,$-9,$-9,$-8,$44,$19,$44,44,$-0.19,$-0.19,$46,$5,$0,$143,$252,$0,$566,$3,$824,$967,$185,$456,$51,$569,$754,$0,$74,$-80,$213,$967,$15,$70,$29,$98,$-3,$-1,$1,$7,$9,$122,$-42,$-4,$-187,$0,$0,$0,$0,$-233,$99,$0,$99,$-2,$-2,$0,$16,$114,$5,$9,$0
21,2013-06-30,27.6,$4.56,6.06,$18.15,1.52,$3.28,8.4,$1.07,25.79,$0.12B,$0.13B,0.9,$0.33B,$0.21B,1.63,$0.80B,$0.26B,32.50%,$0.80B,$0.10B,11.83%,$0.80B,$0.10B,11.83%,$0.80B,$0.18B,22.91%,$0.80B,$0.08B,9.71%,$0.80B,$0.05B,6.10%,$0.05B,$0.21B,30.34%,$0.05B,$-0.20B,-20.94%,$0.05B,$0.76B,6.40%,$0.10B,$0.54B,18.39%,$208,$138,$70,$0,$19,$180,$28,$-3,$25,$10,$15,$15,$15,$50,$28,$44,45,$0.34,$0.33,$27,$5,$0,$116,$222,$0,$407,$3,$640,$756,$128,$334,$49,$423,$551,$0,$83,$-86,$205,$756,$24,$44,$12,$57,$-4,$-2,$2,$4,$-0,$80,$-26,$-3,$-30,$0,$0,$0,$0,$-59,$-19,$0,$-19,$-3,$-3,$0,$10,$-13,$8,$6,$0
22,2013-03-31,27.46,$3.64,7.55,$17.88,1.54,$2.18,12.58,$0.95,28.91,$0.11B,$0.12B,0.93,$0.35B,$0.16B,2.16,$0.79B,$0.25B,31.77%,$0.79B,$0.09B,11.31%,$0.79B,$0.09B,11.31%,$0.79B,$0.18B,22.36%,$0.79B,$0.07B,8.77%,$0.79B,$0.04B,5.46%,$0.04B,$0.16B,30.99%,$0.04B,$-0.23B,-17.27%,$0.04B,$0.76B,5.62%,$0.09B,$0.52B,17.69%,$198,$134,$64,$0,$19,$178,$20,$-5,$15,$6,$9,$9,$9,$42,$20,$44,44,$0.21,$0.21,$30,$4,$0,$113,$226,$0,$395,$3,$645,$758,$121,$352,$82,$474,$595,$0,$67,$-103,$163,$758,$9,$22,$6,$28,$-4,$-0,$-3,$11,$4,$41,$-15,$-1,$-13,$0,$0,$0,$0,$-29,$-1,$0,$-1,$-4,$-4,$0,$4,$-1,$12,$3,$0
23,2012-12-31,23.74,$3.33,7.12,$17.82,1.33,$1.53,15.48,$0.96,24.73,$0.12B,$0.13B,0.88,$0.35B,$0.15B,2.38,$0.78B,$0.25B,31.41%,$0.78B,$0.09B,11.67%,$0.78B,$0.09B,11.67%,$0.78B,$0.18B,22.44%,$0.78B,$0.07B,8.97%,$0.78B,$0.04B,5.64%,$0.04B,$0.15B,34.31%,$0.04B,$-0.24B,-17.22%,$0.04B,$0.77B,5.80%,$0.09B,$0.50B,18.27%,$198,$134,$65,$0,$18,$176,$22,$-5,$17,$6,$11,$11,$12,$45,$22,$43,44,$0.24,$0.25,$22,$4,$0,$116,$236,$0,$388,$2,$653,$769,$132,$353,$93,$489,$620,$0,$58,$-105,$149,$769,$43,$84,$40,$124,$-4,$-2,$-12,$-7,$-31,$136,$-90,$-3,$-21,$0,$0,$0,$0,$-114,$-16,$-0,$-17,$3,$3,$0,$0,$-14,$8,$11,$0
24,2012-09-30,29.76,$2.91,10.23,$17.36,1.71,$1.61,18.52,$0.89,33.44,$0.10B,$0.13B,0.78,$0.38B,$0.13B,2.93,$0.76B,$0.24B,31.22%,$0.76B,$0.09B,11.38%,$0.76B,$0.09B,11.38%,$0.76B,$0.17B,21.96%,$0.76B,$0.07B,8.73%,$0.76B,$0.04B,5.56%,$0.04B,$0.13B,35.22%,$0.04B,$-0.26B,-15.95%,$0.04B,$0.78B,5.64%,$0.09B,$0.51B,17.44%,$199,$137,$62,$0,$15,$174,$25,$-4,$21,$8,$13,$13,$13,$47,$25,$44,44,$0.29,$0.28,$15,$6,$0,$99,$238,$0,$391,$18,$682,$780,$126,$379,$103,$525,$651,$0,$47,$-109,$129,$780,$32,$61,$30,$91,$-6,$-3,$-10,$-3,$-29,$94,$-76,$-5,$-18,$0,$0,$0,$0,$-98,$10,$-0,$9,$1,$1,$0,$0,$10,$6,$9,$0
25,2012-06-30,30.21,$2.57,11.74,$16.66,1.81,$1.99,15.17,$1.66,18.2,$0.10B,$0.13B,0.72,$0.37B,$0.11B,3.28,$0.72B,$0.23B,31.72%,$0.72B,$0.08B,11.63%,$0.72B,$0.08B,11.63%,$0.72B,$0.16B,22.02%,$0.72B,$0.06B,8.59%,$0.72B,$0.07B,10.25%,$0.07B,$0.11B,65.63%,$0.07B,$-0.26B,-27.66%,$0.07B,$0.75B,10.35%,$0.08B,$0.49B,17.45%,$192,$133,$59,$0,$17,$170,$22,$-6,$16,$6,$10,$10,$9,$42,$22,$43,44,$0.22,$0.21,$10,$3,$0,$95,$227,$0,$376,$18,$657,$752,$132,$372,$94,$507,$638,$0,$34,$-107,$114,$752,$20,$40,$19,$58,$-8,$-2,$-10,$-1,$-22,$56,$-51,$-4,$-0,$0,$0,$0,$0,$-55,$3,$-0,$3,$-2,$-2,$0,$0,$1,$1,$6,$0
26,2012-03-31,26.25,$2.74,9.57,$15.72,1.67,$2.07,12.68,$1.65,15.91,$0.10B,$0.13B,0.77,$0.37B,$0.12B,3.09,$0.68B,$0.22B,32.35%,$0.68B,$0.08B,12.26%,$0.68B,$0.08B,12.26%,$0.68B,$0.15B,22.60%,$0.68B,$0.06B,9.01%,$0.68B,$0.07B,10.78%,$0.07B,$0.12B,73.00%,$0.07B,$-0.26B,-29.86%,$0.07B,$0.73B,11.27%,$0.08B,$0.50B,18.99%,$191,$132,$59,$0,$16,$169,$22,$-6,$16,$6,$10,$10,$10,$41,$22,$43,44,$0.22,$0.22,$11,$6,$0,$102,$209,$0,$379,$18,$631,$734,$133,$374,$68,$479,$613,$0,$24,$-88,$121,$734,$10,$19,$9,$28,$-7,$-3,$-7,$2,$-20,$19,$-21,$-0,$-0,$0,$0,$0,$0,$-22,$4,$-0,$4,$-0,$-0,$0,$0,$4,$1,$3,$0
27,2011-12-31,27.06,$2.57,10.52,$14.60,1.85,$2.16,12.52,$1.58,17.13,$0.09B,$0.14B,0.68,$0.37B,$0.11B,3.26,$0.62B,$0.21B,32.85%,$0.62B,$0.08B,12.50%,$0.62B,$0.08B,12.50%,$0.62B,$0.14B,23.08%,$0.62B,$0.06B,9.13%,$0.62B,$0.07B,11.06%,$0.07B,$0.11B,81.66%,$0.07B,$-0.27B,-30.73%,$0.07B,$0.71B,11.91%,$0.08B,$0.48B,19.95%,$174,$118,$56,$0,$16,$157,$17,$-4,$13,$5,$8,$8,$10,$36,$17,$42,43,$0.19,$0.18,$10,$4,$0,$94,$191,$0,$383,$21,$618,$713,$140,$369,$57,$460,$600,$0,$14,$-84,$113,$713,$70,$67,$-5,$62,$-18,$-2,$5,$-23,$-18,$113,$-64,$-2,$-168,$0,$0,$0,$0,$-234,$117,$-1,$116,$8,$8,$0,$-1,$124,$2,$9,$0
28,2011-09-30,22.92,$2.35,9.74,$13.82,1.66,$2.41,9.5,$1.59,14.42,$0.08B,$0.11B,0.67,$0.36B,$0.10B,3.49,$0.59B,$0.19B,32.99%,$0.59B,$0.08B,13.16%,$0.59B,$0.08B,13.16%,$0.59B,$0.14B,23.93%,$0.59B,$0.06B,9.40%,$0.59B,$0.07B,11.28%,$0.07B,$0.10B,98.14%,$0.07B,$-0.28B,-32.08%,$0.07B,$0.66B,12.82%,$0.08B,$0.46B,22.35%,$165,$110,$55,$0,$14,$142,$23,$-6,$17,$-30,$47,$47,$45,$40,$23,$43,43,$1.06,$1.05,$9,$2,$0,$75,$174,$0,$382,$20,$586,$662,$112,$359,$54,$446,$558,$0,$6,$-83,$103,$662,$62,$48,$-11,$37,$-12,$-1,$-2,$-20,$-30,$69,$-35,$-2,$-144,$0,$0,$0,$0,$-181,$108,$-1,$107,$7,$7,$0,$-1,$113,$2,$7,$0
29,2011-06-30,23.45,$1.45,16.13,$13.32,1.76,$2.47,9.48,$0.95,24.68,$0.06B,$0.10B,0.66,$0.24B,$0.06B,3.87,$0.56B,$0.18B,32.85%,$0.56B,$0.07B,13.11%,$0.56B,$0.07B,13.11%,$0.56B,$0.13B,24.06%,$0.56B,$0.04B,6.28%,$0.56B,$0.04B,7.36%,$0.04B,$0.06B,85.86%,$0.04B,$-0.17B,-21.49%,$0.04B,$0.48B,8.84%,$0.07B,$0.31B,23.93%,$147,$98,$49,$0,$13,$127,$21,$-5,$15,$7,$9,$9,$8,$36,$21,$42,43,$0.20,$0.20,$7,$2,$0,$64,$162,$0,$235,$20,$418,$481,$96,$244,$33,$323,$418,$0,$-41,$-70,$63,$481,$15,$31,$17,$47,$-6,$-0,$-4,$-21,$-32,$31,$-23,$-2,$0,$0,$0,$0,$0,$-25,$-8,$-1,$-9,$4,$4,$0,$0,$-5,$1,$5,$0
30,2011-03-31,20.35,$1.38,14.75,$13.10,1.55,$3.06,6.65,$0.94,21.65,$0.06B,$0.09B,0.64,$0.25B,$0.06B,4.24,$0.54B,$0.18B,32.60%,$0.54B,$0.07B,12.89%,$0.54B,$0.07B,12.89%,$0.54B,$0.13B,24.13%,$0.54B,$0.03B,5.52%,$0.54B,$0.04B,7.55%,$0.04B,$0.06B,130.16%,$0.04B,$-0.18B,-19.57%,$0.04B,$0.46B,8.88%,$0.07B,$0.31B,23.06%,$138,$93,$45,$0,$13,$121,$17,$-5,$12,$5,$7,$7,$6,$32,$17,$42,42,$0.15,$0.15,$7,$2,$0,$57,$161,$0,$238,$5,$405,$462,$89,$252,$19,$314,$402,$0,$-49,$-60,$59,$462,$7,$15,$7,$23,$-3,$-0,$-3,$-4,$-14,$15,$-14,$-1,$0,$0,$0,$0,$0,$-15,$0,$-1,$-1,$2,$2,$0,$0,$1,$0,$2,$0
31,2010-12-31,17.7,$1.03,17.13,$12.97,1.36,$3.04,5.81,$0.88,20.11,$0.06B,$0.10B,0.56,$0.25B,$0.04B,5.69,$0.53B,$0.17B,32.27%,$0.53B,$0.07B,12.57%,$0.53B,$0.07B,12.57%,$0.53B,$0.13B,24.02%,$0.53B,$0.02B,4.50%,$0.53B,$0.04B,7.32%,$0.04B,$0.04B,240.00%,$0.04B,$-0.20B,-17.12%,$0.04B,$0.46B,8.51%,$0.07B,$0.30B,22.22%,$135,$91,$44,$0,$12,$119,$16,$-4,$11,$3,$8,$8,$7,$32,$16,$40,41,$0.19,$0.19,$8,$2,$0,$55,$156,$0,$239,$4,$400,$455,$99,$252,$23,$312,$411,$0,$-56,$-65,$44,$455,$41,$62,$4,$66,$7,$0,$6,$-6,$-2,$105,$-48,$-3,$0,$0,$0,$0,$0,$-51,$-63,$1,$-62,$6,$6,$0,$-5,$-62,$-7,$6,$0
32,2010-09-30,15.42,$0.60,25.76,$12.82,1.2,$2.88,5.35,$0.72,21.42,$0.04B,$0.09B,0.45,$0.28B,$0.03B,11.08,$0.52B,$0.17B,31.93%,$0.52B,$0.06B,12.05%,$0.52B,$0.06B,12.05%,$0.52B,$0.12B,23.71%,$0.52B,$0.02B,3.06%,$0.52B,$0.03B,6.31%,$0.03B,$0.03B,660.00%,$0.03B,$-0.22B,-13.59%,$0.03B,$0.46B,7.18%,$0.06B,$0.31B,20.76%,$137,$91,$45,$0,$12,$118,$19,$-22,$-3,$-24,$21,$21,$20,$34,$19,$41,41,$0.49,$0.49,$6,$2,$0,$42,$157,$0,$244,$4,$415,$457,$94,$279,$33,$338,$432,$0,$-64,$-69,$25,$457,$33,$46,$0,$46,$4,$0,$5,$-4,$-6,$73,$-37,$-3,$0,$0,$0,$0,$0,$-40,$-36,$-0,$-36,$0,$0,$0,$-5,$-41,$-8,$5,$0
33,2010-06-30,12.96,$-0.05,-254.12,$12.71,1.02,$2.74,4.73,$0.46,28.17,$0.08B,$0.10B,0.75,$0.31B,$-0.00B,-142.92,$0.52B,$0.16B,31.65%,$0.52B,$0.06B,11.65%,$0.52B,$0.06B,11.65%,$0.52B,$0.12B,23.50%,$0.52B,$0.03B,5.24%,$0.52B,$0.02B,3.69%,$0.02B,$-0.00B,-584.62%,$0.02B,$-0.25B,-7.45%,$0.02B,$0.47B,4.13%,$0.06B,$0.30B,19.67%,$133,$90,$43,$0,$10,$115,$18,$-8,$10,$2,$8,$8,$8,$33,$18,$40,41,$0.20,$0.19,$43,$2,$0,$76,$148,$0,$244,$5,$397,$473,$101,$305,$30,$374,$475,$0,$-85,$-73,$-2,$473,$12,$30,$7,$37,$8,$1,$6,$-4,$3,$53,$-21,$-0,$0,$0,$0,$0,$0,$-21,$-1,$0,$-1,$-1,$-1,$0,$0,$-2,$30,$3,$0
34,2010-03-31,12.57,$-0.05,-230.64,$12.61,1.0,$2.52,4.98,$0.33,38.09,$0.05B,$0.09B,0.59,$0.31B,$-0.00B,-133.88,$0.51B,$0.16B,31.16%,$0.51B,$0.05B,10.45%,$0.51B,$0.05B,10.45%,$0.51B,$0.11B,22.49%,$0.51B,$0.02B,4.14%,$0.51B,$0.01B,2.56%,$0.01B,$-0.00B,-247.62%,$0.01B,$-0.25B,-4.95%,$0.01B,$0.45B,2.84%,$0.05B,$0.30B,17.18%,$128,$88,$40,$0,$11,$114,$14,$-8,$6,$1,$4,$4,$4,$29,$14,$40,41,$0.10,$0.09,$14,$2,$0,$52,$145,$0,$248,$4,$397,$449,$89,$305,$20,$363,$452,$0,$-93,$-64,$-2,$449,$4,$15,$3,$18,$1,$0,$2,$-1,$-13,$9,$-9,$-0,$0,$0,$0,$0,$0,$-9,$-1,$0,$-1,$-0,$-0,$0,$0,$-1,$0,$1,$0
35,2009-12-31,11.06,$-0.03,-351.11,$12.44,0.89,$2.56,4.32,$0.11,100.55,$0.05B,$0.10B,0.52,$0.31B,$-0.00B,-236.38,$0.49B,$0.15B,30.16%,$0.49B,$0.04B,8.70%,$0.49B,$0.04B,8.70%,$0.49B,$0.10B,21.05%,$0.49B,$0.01B,2.23%,$0.49B,$0.00B,0.81%,$0.00B,$-0.00B,-38.10%,$0.00B,$-0.26B,-1.47%,$0.00B,$0.46B,0.86%,$0.04B,$0.30B,13.67%,$125,$86,$39,$0,$11,$113,$12,$-9,$3,$1,$2,$2,$1,$28,$12,$39,40,$0.04,$0.05,$14,$3,$0,$53,$147,$0,$254,$6,$407,$460,$102,$305,$18,$360,$462,$0,$-97,$-58,$-1,$460,$6,$61,$11,$72,$-2,$-1,$-4,$4,$-3,$75,$-26,$-0,$0,$0,$0,$0,$0,$-26,$-43,$-0,$-43,$2,$2,$0,$-0,$-42,$7,$5,$0
36,2009-09-30,7.82,$-0.20,-38.37,$12.36,0.63,$0.22,35.86,$-1.41,0.0,$0.05B,$0.09B,0.53,$0.32B,$-0.01B,-38.5,$0.49B,$0.14B,28.34%,$0.49B,$-0.02B,-3.90%,$0.49B,$-0.02B,-3.90%,$0.49B,$0.09B,18.89%,$0.49B,$-0.05B,-10.27%,$0.49B,$-0.06B,-11.50%,$-0.06B,$-0.01B,367.21%,$-0.06B,$-0.27B,19.89%,$-0.06B,$0.46B,-11.95%,$-0.02B,$0.31B,-5.94%,$129,$88,$41,$0,$9,$112,$16,$-8,$8,$1,$7,$7,$6,$31,$16,$39,40,$0.16,$0.15,$9,$3,$0,$46,$147,$0,$260,$4,$411,$457,$88,$319,$20,$377,$465,$0,$-98,$-61,$-8,$457,$4,$45,$8,$53,$0,$-0,$-4,$2,$-9,$48,$-19,$-0,$0,$0,$0,$0,$0,$-19,$-27,$-0,$-27,$1,$1,$0,$-0,$-27,$3,$3,$0
37,2009-06-30,3.81,$-0.25,-15.03,$12.42,0.31,$-1.58,0.0,$-1.67,0.0,$0.05B,$0.10B,0.49,$0.33B,$-0.01B,-31.87,$0.49B,$0.13B,26.19%,$0.49B,$-0.03B,-6.39%,$0.49B,$-0.03B,-6.39%,$0.49B,$0.08B,16.49%,$0.49B,$-0.06B,-12.99%,$0.49B,$-0.07B,-13.61%,$-0.07B,$-0.01B,-880.00%,$-0.07B,$-0.28B,23.61%,$-0.07B,$0.47B,-13.29%,$-0.03B,$0.32B,-8.90%,$125,$87,$38,$0,$11,$114,$11,$-7,$4,$1,$3,$3,$2,$26,$11,$39,40,$0.06,$0.06,$10,$3,$0,$48,$151,$0,$265,$4,$420,$468,$98,$327,$18,$381,$478,$0,$-105,$-54,$-10,$468,$-2,$30,$6,$36,$2,$-0,$-6,$5,$-1,$33,$-11,$-0,$0,$0,$0,$0,$0,$-11,$-19,$-0,$-19,$-0,$-0,$0,$-0,$-19,$3,$2,$0
38,2009-03-31,1.77,$-0.56,-3.17,$12.55,0.14,$-3.04,0.0,$-1.82,0.0,$0.05B,$0.08B,0.6,$0.35B,$-0.02B,-15.42,$0.49B,$0.12B,24.23%,$0.49B,$-0.04B,-7.80%,$0.49B,$-0.04B,-7.80%,$0.49B,$0.07B,14.99%,$0.49B,$-0.07B,-14.58%,$0.49B,$-0.07B,-14.78%,$-0.07B,$-0.02B,-200.00%,$-0.07B,$-0.29B,26.33%,$-0.07B,$0.47B,-13.62%,$-0.04B,$0.33B,-9.98%,$115,$84,$31,$0,$11,$111,$4,$-8,$-4,$1,$-5,$-5,$-5,$19,$4,$39,39,$-0.13,$-0.13,$12,$3,$0,$51,$147,$0,$267,$4,$418,$469,$84,$349,$24,$407,$492,$0,$-106,$-65,$-23,$469,$-5,$15,$4,$18,$2,$-0,$-2,$4,$-6,$7,$-5,$-0,$0,$0,$0,$0,$0,$-5,$5,$-0,$4,$-0,$-0,$0,$-0,$4,$6,$1,$0
39,2008-12-31,1.29,$-0.49,-2.65,$12.72,0.1,$-4.02,0.0,$-1.81,0.0,$0.05B,$0.10B,0.52,$0.35B,$-0.02B,-17.47,$0.49B,$0.11B,23.12%,$0.49B,$-0.04B,-7.71%,$0.49B,$-0.04B,-7.71%,$0.49B,$0.07B,14.60%,$0.49B,$-0.07B,-14.40%,$0.49B,$-0.07B,-14.60%,$-0.07B,$-0.02B,-112.94%,$-0.07B,$-0.29B,26.74%,$-0.07B,$0.48B,-12.81%,$-0.04B,$0.33B,-9.34%,$118,$91,$28,$0,$10,$168,$-50,$-9,$-58,$1,$-59,$-59,$-59,$16,$-50,$39,39,$-1.52,$-1.52,$6,$3,$0,$51,$153,$0,$272,$4,$429,$481,$99,$345,$24,$402,$501,$0,$-102,$-64,$-20,$481,$-72,$110,$2,$112,$-4,$-1,$-5,$-9,$-24,$16,$-59,$-1,$-0,$0,$0,$0,$0,$-60,$38,$-3,$34,$2,$2,$0,$-2,$35,$-10,$4,$0
40,2008-09-30,7.86,$2.04,3.85,$17.19,0.46,$-3.78,0.0,$-2.53,0.0,$0.05B,$0.10B,0.51,$0.34B,$0.08B,4.12,$0.49B,$0.11B,22.61%,$0.49B,$0.01B,2.65%,$0.49B,$0.01B,2.65%,$0.49B,$0.07B,14.46%,$0.49B,$-0.02B,-4.07%,$0.49B,$-0.06B,-11.61%,$-0.06B,$0.08B,-59.69%,$-0.06B,$-0.26B,21.84%,$-0.06B,$0.57B,-9.67%,$0.01B,$0.43B,3.03%,$127,$97,$30,$0,$10,$124,$4,$-8,$-5,$0,$-5,$-5,$-4,$19,$4,$39,39,$-0.11,$-0.11,$4,$2,$0,$49,$170,$0,$343,$5,$519,$568,$97,$342,$15,$388,$485,$0,$-43,$-19,$83,$568,$-14,$44,$1,$45,$-3,$0,$-11,$-6,$-20,$11,$-53,$-1,$-0,$0,$0,$0,$0,$-54,$34,$-3,$31,$2,$2,$0,$-2,$31,$-12,$2,$0
