,Date,Stock Price,Book Value per Share,Price to Book Ratio,TTM Sales per Share,Price to Sales Ratio,TTM FCF per Share,Price to FCF Ratio,TTM Net EPS,PE Ratio,Current Assets,Current Liabilities,Current Ratio,Long Term Debt,Shareholder's Equity_x,Debt to Equity Ratio,TTM Revenue_x,TTM Gross Profit,Gross Margin,TTM Revenue_y,TTM Operating Income,Operating Margin,TTM Revenue_x,TTM EBIT,EBIT Margin,TTM Revenue_y,TTM EBITDA,EBITDA Margin,TTM Revenue_x,TTM Pre-Tax Income,Pre-Tax Margin,TTM Revenue_y,TTM Net Income_x,Net Margin,TTM Net Income_y,Shareholder's Equity_y,Return on Equity,TTM Net Income_x,Tangible Equity,Return on Tangible Equity,TTM Net Income_y,Total Assets,Return on Assets,TTM Net Income,LT Investments & Debt,Return on Investment,revenue,cost-goods-sold,gross-profit,research-development-expenses,selling-general-administrative-expenses,operating-expenses,operating-income,total-non-operating-income-expense,pre-tax-income,total-provision-income-taxes,income-after-taxes,income-from-continuous-operations,net-income,ebitda,ebit,basic-shares-outstanding,shares-outstanding,eps-basic-net-earnings-per-share,eps-earnings-per-share-diluted,cash-on-hand,inventory,other-current-assets,total-current-assets,net-property-plant-equipment,long-term-investments,goodwill-intangible-assets-total,other-long-term-assets,total-long-term-assets,total-assets,total-current-liabilities,long-term-debt,other-non-current-liabilities,total-long-term-liabilities,total-liabilities,common-stock-net,retained-earnings-accumulated-deficit,comprehensive-income,total-share-holder-equity,total-liabilities-share-holders-equity,net-income-loss,total-depreciation-amortization-cash-flow,other-non-cash-items,total-non-cash-items,change-in-accounts-receivable,change-in-inventories,change-in-accounts-payable,change-in-assets-liabilities,total-change-in-assets-liabilities,cash-flow-from-operating-activities,net-change-in-property-plant-equipment,net-change-in-intangible-assets,net-acquisitions-divestitures,net-change-in-short-term-investments,net-change-in-long-term-investments,net-change-in-investments-total,investing-activities-other,cash-flow-from-investing-activities,net-long-term-debt,net-current-debt,debt-issuance-retirement-net-total,net-common-equity-issued-repurchased,net-total-equity-issued-repurchased,total-common-preferred-stock-dividends-paid,financial-activities-other,cash-flow-from-financial-activities,net-cash-flow,stock-based-compensation,common-stock-dividends-paid
0,2018-07-31,24.9,$13.43,1.85,$34.81,0.72,$5.74,4.33,$0.69,36.09,$0.38B,$0.14B,2.73,$0.00B,$0.33B,0.0,$0.85B,$0.31B,36.71%,$0.85B,$0.02B,2.59%,$0.85B,$0.02B,2.59%,$0.85B,$0.04B,4.59%,$0.85B,$0.03B,3.18%,$0.85B,$0.02B,2.00%,$0.02B,$0.33B,5.04%,$0.02B,$0.33B,5.04%,$0.02B,$0.52B,3.24%,$0.02B,$0.33B,6.52%,$190,$123,$67,$0,$62,$189,$1,$1,$3,$-1,$4,$4,$4,$10,$1,$24,24,$0.16,$0.16,$229,$104,$0,$378,$102,$0,$0,$22,$137,$515,$138,$0,$45,$45,$184,$1,$228,$-0,$331,$515,$30,$8,$3,$12,$-7,$17,$0,$11,$15,$56,$-2,$0,$0,$-68,$0,$-68,$-0,$-70,$0,$0,$0,$-10,$-10,$-16,$0,$-26,$-40,$2,$-16
1,2018-04-30,15.99,$13.59,1.18,$34.37,0.47,$4.95,3.23,$0.40,39.98,$0.38B,$0.13B,2.89,$0.00B,$0.34B,0.0,$0.85B,$0.30B,35.26%,$0.85B,$0.01B,1.53%,$0.85B,$0.01B,1.53%,$0.85B,$0.03B,3.54%,$0.85B,$0.02B,2.00%,$0.85B,$0.01B,1.18%,$0.01B,$0.34B,2.89%,$0.01B,$0.34B,2.89%,$0.01B,$0.52B,1.88%,$0.01B,$0.34B,3.76%,$209,$130,$79,$0,$69,$203,$6,$1,$8,$1,$6,$6,$6,$30,$6,$24,24,$0.26,$0.26,$222,$108,$0,$379,$106,$0,$0,$21,$140,$518,$131,$0,$46,$46,$177,$1,$240,$-1,$341,$518,$23,$4,$1,$5,$-9,$14,$0,$11,$3,$32,$-1,$0,$0,$-28,$0,$-28,$-0,$-29,$0,$0,$0,$-1,$-1,$-8,$0,$-9,$-6,$1,$-8
2,2018-01-31,11.41,$13.16,0.87,$33.84,0.34,$4.14,2.75,$0.31,36.8,$0.37B,$0.14B,2.68,$0.00B,$0.33B,0.0,$0.85B,$0.30B,34.94%,$0.85B,$0.01B,1.41%,$0.85B,$0.01B,1.41%,$0.85B,$0.03B,3.53%,$0.85B,$0.02B,1.88%,$0.85B,$0.01B,1.06%,$0.01B,$0.33B,2.53%,$0.01B,$0.33B,2.53%,$0.01B,$0.52B,1.65%,$0.01B,$0.33B,3.38%,$238,$142,$96,$0,$66,$212,$26,$1,$27,$3,$23,$23,$23,$-5,$26,$24,24,$0.94,$0.94,$201,$122,$0,$372,$109,$0,$0,$22,$144,$516,$139,$0,$51,$51,$190,$1,$226,$-0,$326,$516,$9,$20,$20,$39,$2,$24,$0,$-7,$-12,$36,$-11,$0,$0,$79,$0,$79,$-1,$67,$0,$0,$0,$-38,$-38,$-34,$0,$-72,$31,$4,$-34
3,2017-10-31,12.09,$14.08,0.86,$33.50,0.36,$4.82,2.51,$0.45,26.87,$0.39B,$0.15B,2.64,$0.00B,$0.35B,0.0,$0.86B,$0.29B,33.96%,$0.86B,$-0.00B,-0.35%,$0.86B,$-0.00B,-0.35%,$0.86B,$0.02B,1.98%,$0.86B,$0.00B,0.23%,$0.86B,$0.01B,1.28%,$0.01B,$0.35B,2.97%,$0.01B,$0.35B,2.97%,$0.01B,$0.55B,1.93%,$-0.00B,$0.35B,-0.81%,$213,$142,$71,$0,$76,$222,$-9,$2,$-8,$8,$-16,$-16,$-15,$4,$-9,$25,25,$-0.59,$-0.59,$219,$128,$0,$393,$120,$0,$0,$22,$155,$548,$149,$0,$47,$47,$196,$1,$253,$0,$352,$548,$24,$15,$8,$23,$-0,$18,$0,$-1,$-9,$38,$-9,$0,$0,$63,$0,$63,$-1,$54,$0,$0,$0,$-35,$-35,$-25,$0,$-61,$31,$3,$-25
4,2017-07-31,15.6,$14.25,1.09,$33.57,0.46,$4.44,3.51,$0.64,24.38,$0.39B,$0.14B,2.85,$0.00B,$0.36B,0.0,$0.88B,$0.30B,34.36%,$0.88B,$0.00B,0.00%,$0.88B,$0.00B,0.00%,$0.88B,$0.02B,2.40%,$0.88B,$0.01B,0.57%,$0.88B,$0.02B,1.83%,$0.02B,$0.36B,4.16%,$0.02B,$0.36B,4.16%,$0.02B,$0.55B,2.73%,$0.00B,$0.36B,0.00%,$190,$124,$66,$0,$62,$192,$-1,$1,$-0,$-3,$3,$3,$3,$1,$-1,$25,25,$0.11,$0.11,$241,$106,$0,$392,$122,$0,$0,$23,$158,$549,$138,$0,$49,$49,$186,$1,$264,$0,$363,$549,$21,$10,$5,$15,$1,$39,$0,$1,$7,$43,$-6,$0,$0,$41,$0,$41,$-1,$34,$0,$0,$0,$-29,$-29,$-17,$0,$-46,$31,$2,$-17
5,2017-04-30,20.36,$14.75,1.38,$34.13,0.6,$4.63,4.4,$1.24,16.42,$0.41B,$0.14B,2.87,$0.00B,$0.38B,0.0,$0.91B,$0.33B,35.79%,$0.91B,$0.02B,2.20%,$0.91B,$0.02B,2.20%,$0.91B,$0.04B,4.63%,$0.91B,$0.03B,2.75%,$0.91B,$0.03B,3.63%,$0.03B,$0.38B,8.16%,$0.03B,$0.38B,8.16%,$0.03B,$0.57B,5.39%,$0.02B,$0.38B,4.94%,$207,$141,$66,$0,$64,$210,$-3,$1,$-2,$-1,$-1,$-1,$-1,$30,$-3,$25,25,$-0.03,$-0.03,$235,$132,$0,$414,$125,$0,$0,$23,$160,$574,$144,$0,$50,$50,$194,$1,$283,$0,$380,$574,$22,$5,$2,$7,$-2,$14,$0,$1,$-14,$16,$-3,$0,$0,$23,$0,$23,$-1,$19,$0,$0,$0,$-20,$-20,$-9,$0,$-29,$6,$0,$-9
6,2017-01-31,22.6,$14.43,1.57,$35.41,0.64,$5.27,4.29,$1.68,13.46,$0.44B,$0.17B,2.58,$0.00B,$0.38B,0.0,$0.96B,$0.36B,37.13%,$0.96B,$0.04B,4.39%,$0.96B,$0.04B,4.39%,$0.96B,$0.07B,6.80%,$0.96B,$0.05B,5.13%,$0.96B,$0.05B,4.81%,$0.05B,$0.38B,11.00%,$0.05B,$0.38B,11.00%,$0.05B,$0.61B,7.29%,$0.04B,$0.38B,10.05%,$240,$146,$94,$0,$64,$215,$25,$1,$26,$4,$22,$22,$22,$-18,$25,$26,26,$0.85,$0.85,$252,$146,$0,$444,$126,$0,$0,$22,$163,$606,$172,$0,$51,$51,$222,$1,$288,$-0,$384,$606,$47,$23,$19,$41,$5,$-5,$0,$-10,$-16,$72,$-27,$0,$0,$12,$0,$12,$0,$-15,$0,$0,$0,$-42,$-42,$-35,$-0,$-77,$-20,$4,$-35
7,2016-10-31,26.14,$15.34,1.7,$36.35,0.72,$6.05,4.32,$2.58,10.13,$0.44B,$0.15B,2.88,$0.00B,$0.41B,0.0,$0.99B,$0.38B,38.64%,$0.99B,$0.08B,8.32%,$0.99B,$0.08B,8.32%,$0.99B,$0.11B,10.65%,$0.99B,$0.09B,8.92%,$0.99B,$0.07B,7.20%,$0.07B,$0.41B,16.70%,$0.07B,$0.41B,16.70%,$0.07B,$0.62B,11.09%,$0.08B,$0.41B,19.28%,$220,$155,$65,$0,$83,$244,$-24,$1,$-22,$-10,$-13,$-13,$-13,$8,$-24,$27,27,$-0.44,$-0.44,$247,$153,$0,$443,$142,$0,$0,$22,$175,$618,$154,$0,$52,$52,$206,$1,$316,$1,$412,$618,$60,$17,$5,$22,$3,$-12,$0,$-3,$-35,$46,$-24,$0,$0,$6,$0,$6,$-0,$-19,$0,$0,$0,$-36,$-36,$-27,$0,$-62,$-34,$3,$-27
8,2016-07-31,31.2,$15.92,1.96,$36.76,0.85,$6.51,4.79,$2.58,12.09,$0.49B,$0.16B,3.11,$0.00B,$0.44B,0.0,$1.00B,$0.39B,38.92%,$1.00B,$0.09B,8.88%,$1.00B,$0.09B,8.88%,$1.00B,$0.11B,11.18%,$1.00B,$0.09B,9.38%,$1.00B,$0.07B,7.09%,$0.07B,$0.44B,16.74%,$0.07B,$0.44B,16.74%,$0.07B,$0.65B,11.09%,$0.09B,$0.44B,20.98%,$209,$134,$76,$0,$68,$207,$2,$1,$3,$-5,$8,$8,$8,$22,$2,$27,27,$0.30,$0.30,$310,$134,$0,$485,$134,$0,$0,$22,$167,$652,$156,$0,$53,$53,$210,$1,$348,$1,$442,$652,$52,$11,$2,$13,$2,$7,$0,$-1,$-10,$55,$-10,$0,$0,$-44,$0,$-44,$-0,$-54,$0,$0,$0,$-7,$-7,$-17,$0,$-25,$-24,$2,$-17
9,2016-04-30,31.64,$15.70,2.02,$37.13,0.85,$6.47,4.89,$2.57,12.31,$0.48B,$0.16B,2.95,$0.00B,$0.43B,0.0,$1.01B,$0.40B,39.15%,$1.01B,$0.10B,9.47%,$1.01B,$0.10B,9.47%,$1.01B,$0.12B,11.83%,$1.01B,$0.10B,9.96%,$1.01B,$0.07B,6.90%,$0.07B,$0.43B,16.80%,$0.07B,$0.43B,16.80%,$0.07B,$0.65B,11.06%,$0.10B,$0.43B,23.04%,$239,$149,$90,$0,$68,$222,$17,$1,$18,$2,$16,$16,$16,$53,$17,$27,27,$0.57,$0.57,$303,$134,$0,$481,$135,$0,$0,$22,$168,$649,$163,$0,$51,$51,$215,$1,$341,$1,$434,$649,$36,$6,$2,$7,$-1,$7,$0,$-0,$-7,$36,$-6,$0,$0,$-26,$0,$-26,$-0,$-32,$0,$0,$0,$-7,$-7,$-8,$0,$-15,$-11,$0,$-8
10,2016-01-31,34.59,$14.81,2.34,$36.91,0.94,$6.28,5.5,$2.39,14.47,$0.47B,$0.18B,2.63,$0.00B,$0.41B,0.0,$1.01B,$0.39B,39.01%,$1.01B,$0.10B,9.50%,$1.01B,$0.10B,9.50%,$1.01B,$0.12B,11.88%,$1.01B,$0.10B,9.80%,$1.01B,$0.07B,6.44%,$0.07B,$0.41B,15.89%,$0.07B,$0.41B,15.89%,$0.07B,$0.64B,10.38%,$0.10B,$0.41B,23.47%,$288,$164,$124,$0,$71,$241,$47,$3,$50,$14,$36,$36,$35,$22,$47,$27,27,$1.29,$1.29,$287,$141,$0,$472,$138,$0,$0,$22,$170,$642,$179,$0,$50,$50,$230,$1,$321,$1,$413,$642,$67,$23,$1,$24,$4,$-4,$0,$2,$3,$94,$-27,$0,$0,$-50,$0,$-50,$-5,$-82,$0,$0,$0,$-6,$-6,$-34,$0,$-39,$-27,$4,$-34
11,2015-10-31,32.13,$14.61,2.2,$36.46,0.88,$7.03,4.57,$2.30,13.97,$0.45B,$0.17B,2.6,$0.00B,$0.41B,0.0,$1.00B,$0.39B,39.20%,$1.00B,$0.09B,9.10%,$1.00B,$0.09B,9.10%,$1.00B,$0.11B,11.40%,$1.00B,$0.09B,9.30%,$1.00B,$0.06B,6.20%,$0.06B,$0.41B,15.47%,$0.06B,$0.41B,15.47%,$0.06B,$0.62B,10.04%,$0.09B,$0.41B,22.71%,$250,$159,$91,$0,$69,$235,$16,$1,$17,$5,$12,$12,$12,$15,$16,$27,27,$0.42,$0.42,$265,$136,$0,$452,$140,$0,$0,$22,$166,$618,$174,$0,$37,$37,$211,$1,$317,$1,$408,$618,$55,$17,$-2,$15,$2,$1,$0,$-0,$-13,$58,$-22,$0,$0,$-50,$0,$-50,$-5,$-78,$0,$0,$0,$-6,$-6,$-25,$0,$-31,$-51,$3,$-25
12,2015-07-31,32.4,$14.67,2.21,$36.11,0.9,$8.29,3.91,$2.20,14.73,$0.46B,$0.18B,2.65,$0.00B,$0.41B,0.0,$0.99B,$0.39B,39.05%,$0.99B,$0.09B,8.88%,$0.99B,$0.09B,8.88%,$0.99B,$0.11B,11.20%,$0.99B,$0.09B,9.18%,$0.99B,$0.06B,6.05%,$0.06B,$0.41B,15.26%,$0.06B,$0.41B,15.26%,$0.06B,$0.62B,9.86%,$0.09B,$0.41B,22.38%,$225,$140,$85,$0,$71,$217,$9,$1,$9,$1,$8,$8,$8,$30,$9,$27,27,$0.30,$0.30,$288,$123,$0,$463,$135,$0,$0,$21,$160,$623,$175,$0,$37,$37,$212,$1,$323,$1,$412,$623,$47,$11,$-2,$9,$3,$14,$0,$-1,$0,$56,$-11,$0,$0,$-49,$0,$-49,$-3,$-63,$0,$0,$0,$-0,$-0,$-17,$0,$-17,$-24,$2,$-17
13,2015-04-30,32.92,$14.36,2.29,$35.96,0.92,$9.26,3.56,$2.20,14.96,$0.47B,$0.19B,2.52,$0.00B,$0.40B,0.0,$0.99B,$0.39B,39.25%,$0.99B,$0.09B,8.92%,$0.99B,$0.09B,8.92%,$0.99B,$0.11B,11.16%,$0.99B,$0.09B,9.23%,$0.99B,$0.06B,6.09%,$0.06B,$0.40B,15.58%,$0.06B,$0.40B,15.58%,$0.06B,$0.62B,10.03%,$0.09B,$0.40B,22.86%,$251,$154,$97,$0,$67,$227,$24,$1,$25,$9,$16,$16,$15,$53,$24,$27,27,$0.56,$0.56,$276,$134,$0,$466,$133,$0,$0,$18,$156,$622,$185,$0,$34,$34,$219,$1,$316,$0,$403,$622,$31,$5,$-1,$4,$2,$4,$0,$-3,$-5,$30,$-5,$0,$0,$-15,$0,$-15,$-2,$-21,$0,$0,$0,$-0,$-0,$-8,$0,$-9,$0,$1,$-8
14,2015-01-31,35.23,$13.62,2.59,$35.63,0.99,$10.02,3.52,$2.13,16.54,$0.45B,$0.19B,2.34,$0.00B,$0.38B,0.0,$0.99B,$0.39B,39.11%,$0.99B,$0.09B,8.92%,$0.99B,$0.09B,8.92%,$0.99B,$0.11B,11.14%,$0.99B,$0.09B,9.22%,$0.99B,$0.06B,5.98%,$0.06B,$0.38B,15.62%,$0.06B,$0.38B,15.62%,$0.06B,$0.61B,10.03%,$0.09B,$0.38B,23.30%,$284,$163,$121,$0,$69,$236,$47,$1,$48,$17,$31,$31,$30,$16,$47,$27,27,$1.11,$1.11,$261,$138,$0,$454,$135,$0,$0,$15,$154,$608,$194,$0,$34,$34,$228,$1,$293,$1,$380,$608,$61,$22,$6,$28,$-3,$13,$0,$-6,$29,$117,$-29,$0,$0,$-1,$0,$-1,$2,$-28,$0,$0,$0,$-42,$-42,$-34,$0,$-75,$15,$4,$-34
15,2014-10-31,29.42,$13.53,2.17,$34.50,0.85,$8.95,3.29,$1.93,15.24,$0.43B,$0.17B,2.48,$0.00B,$0.38B,0.0,$0.97B,$0.37B,38.76%,$0.97B,$0.08B,8.50%,$0.97B,$0.08B,8.50%,$0.97B,$0.11B,10.98%,$0.97B,$0.09B,8.91%,$0.97B,$0.05B,5.49%,$0.05B,$0.38B,13.93%,$0.05B,$0.38B,13.93%,$0.05B,$0.58B,9.05%,$0.08B,$0.38B,21.55%,$240,$151,$89,$0,$73,$230,$11,$1,$11,$2,$9,$9,$9,$12,$11,$28,28,$0.35,$0.35,$246,$128,$0,$425,$146,$0,$0,$10,$157,$582,$172,$0,$33,$33,$205,$1,$292,$1,$378,$582,$51,$16,$4,$20,$-2,$23,$0,$-0,$19,$91,$-21,$0,$0,$3,$0,$3,$-1,$-19,$0,$0,$0,$-42,$-42,$-26,$0,$-67,$4,$3,$-26
16,2014-07-31,25.24,$13.58,1.86,$33.60,0.75,$8.20,3.08,$1.90,13.28,$0.42B,$0.17B,2.51,$0.00B,$0.38B,0.0,$0.95B,$0.37B,38.53%,$0.95B,$0.08B,8.63%,$0.95B,$0.08B,8.63%,$0.95B,$0.11B,11.05%,$0.95B,$0.09B,8.95%,$0.95B,$0.05B,5.47%,$0.05B,$0.38B,13.58%,$0.05B,$0.38B,13.58%,$0.05B,$0.58B,8.92%,$0.08B,$0.38B,21.41%,$216,$136,$80,$0,$68,$210,$6,$1,$7,$1,$6,$6,$6,$29,$6,$27,27,$0.20,$0.20,$255,$116,$0,$423,$146,$0,$0,$10,$157,$580,$169,$0,$32,$32,$201,$1,$295,$1,$379,$580,$46,$11,$3,$14,$-2,$35,$0,$-1,$25,$85,$-14,$0,$0,$3,$0,$3,$-1,$-13,$0,$0,$0,$-42,$-42,$-17,$0,$-59,$13,$2,$-17
17,2014-04-30,23.07,$13.33,1.73,$32.66,0.71,$7.83,2.94,$1.85,12.47,$0.43B,$0.18B,2.39,$0.00B,$0.37B,0.0,$0.94B,$0.36B,38.03%,$0.94B,$0.08B,8.55%,$0.94B,$0.08B,8.55%,$0.94B,$0.10B,10.90%,$0.94B,$0.08B,8.87%,$0.94B,$0.05B,5.56%,$0.05B,$0.37B,13.53%,$0.05B,$0.37B,13.53%,$0.05B,$0.58B,8.97%,$0.08B,$0.37B,20.82%,$246,$149,$97,$0,$68,$222,$24,$1,$25,$9,$16,$16,$15,$53,$24,$27,27,$0.56,$0.56,$243,$130,$0,$429,$143,$0,$0,$9,$154,$583,$180,$0,$30,$30,$210,$1,$291,$1,$374,$583,$30,$5,$1,$7,$-2,$21,$0,$-5,$18,$55,$-7,$0,$0,$1,$0,$1,$-1,$-7,$0,$0,$0,$-39,$-39,$-9,$0,$-48,$0,$1,$-9
18,2014-01-31,22.41,$13.38,1.68,$31.97,0.7,$7.62,2.94,$1.86,12.05,$0.45B,$0.18B,2.52,$0.00B,$0.39B,0.0,$0.92B,$0.35B,37.89%,$0.92B,$0.08B,8.79%,$0.92B,$0.08B,8.79%,$0.92B,$0.10B,11.07%,$0.92B,$0.08B,9.12%,$0.92B,$0.05B,5.86%,$0.05B,$0.39B,14.09%,$0.05B,$0.39B,14.09%,$0.05B,$0.60B,9.41%,$0.08B,$0.39B,21.14%,$285,$164,$120,$0,$67,$237,$47,$1,$48,$18,$30,$30,$29,$12,$47,$28,28,$1.04,$1.04,$245,$151,$0,$447,$141,$0,$0,$8,$150,$597,$177,$0,$29,$29,$206,$1,$309,$1,$391,$597,$54,$22,$3,$24,$-0,$-10,$0,$3,$14,$93,$-32,$0,$0,$-3,$0,$-3,$1,$-33,$0,$0,$0,$-6,$-6,$-6,$0,$-12,$48,$3,$-6
19,2013-10-31,23.98,$13.27,1.81,$32.55,0.74,$6.67,3.6,$2.00,11.99,$0.42B,$0.15B,2.77,$0.00B,$0.39B,0.0,$0.94B,$0.36B,37.85%,$0.94B,$0.09B,9.38%,$0.94B,$0.09B,9.38%,$0.94B,$0.11B,11.51%,$0.94B,$0.09B,9.70%,$0.94B,$0.06B,6.18%,$0.06B,$0.39B,15.60%,$0.06B,$0.39B,15.60%,$0.06B,$0.57B,10.39%,$0.09B,$0.39B,23.67%,$218,$141,$77,$0,$66,$213,$5,$1,$6,$2,$4,$4,$3,$11,$5,$29,29,$0.13,$0.13,$238,$131,$0,$421,$143,$0,$0,$8,$151,$572,$152,$0,$28,$32,$184,$1,$307,$1,$388,$572,$50,$15,$5,$20,$-2,$10,$0,$3,$5,$76,$-24,$0,$0,$-0,$0,$-0,$1,$-23,$0,$0,$0,$-5,$-5,$-4,$0,$-10,$43,$2,$-4
20,2013-07-31,22.48,$13.11,1.71,$32.50,0.69,$6.13,3.67,$1.99,11.3,$0.42B,$0.15B,2.71,$0.00B,$0.38B,0.0,$0.94B,$0.35B,37.67%,$0.94B,$0.09B,9.39%,$0.94B,$0.09B,9.39%,$0.94B,$0.11B,11.53%,$0.94B,$0.09B,9.82%,$0.94B,$0.06B,6.19%,$0.06B,$0.38B,15.47%,$0.06B,$0.38B,15.47%,$0.06B,$0.57B,10.36%,$0.09B,$0.38B,23.47%,$201,$129,$72,$0,$61,$195,$6,$1,$6,$2,$5,$5,$5,$26,$6,$29,29,$0.17,$0.17,$251,$111,$0,$418,$140,$0,$0,$10,$150,$567,$154,$0,$27,$30,$184,$1,$304,$0,$384,$567,$46,$9,$2,$12,$-1,$30,$0,$-3,$17,$74,$-11,$0,$0,$1,$0,$1,$1,$-8,$0,$0,$0,$-6,$-6,$-3,$0,$-8,$57,$1,$-3
21,2013-04-30,19.14,$12.63,1.51,$32.56,0.59,$5.67,3.38,$2.07,9.24,$0.41B,$0.16B,2.54,$0.00B,$0.37B,0.0,$0.94B,$0.36B,38.13%,$0.94B,$0.09B,9.90%,$0.94B,$0.09B,9.90%,$0.94B,$0.11B,12.14%,$0.94B,$0.10B,10.33%,$0.94B,$0.06B,6.39%,$0.06B,$0.37B,15.80%,$0.06B,$0.37B,15.80%,$0.06B,$0.56B,10.69%,$0.09B,$0.37B,24.49%,$232,$145,$87,$0,$59,$209,$22,$1,$23,$8,$15,$15,$15,$53,$22,$29,29,$0.51,$0.51,$231,$126,$0,$413,$137,$0,$0,$11,$148,$560,$162,$0,$25,$28,$191,$1,$290,$1,$370,$560,$31,$5,$-0,$5,$-0,$14,$0,$-3,$12,$48,$-6,$0,$0,$-2,$0,$-2,$1,$-6,$0,$0,$0,$-6,$-6,$-1,$0,$-7,$34,$0,$-1
22,2013-01-31,21.93,$11.79,1.86,$32.80,0.67,$5.90,3.72,$2.11,10.39,$0.39B,$0.16B,2.45,$0.00B,$0.35B,0.0,$0.94B,$0.36B,38.45%,$0.94B,$0.10B,10.06%,$0.94B,$0.10B,10.06%,$0.94B,$0.12B,12.39%,$0.94B,$0.10B,10.49%,$0.94B,$0.06B,6.46%,$0.06B,$0.35B,15.82%,$0.06B,$0.35B,15.82%,$0.06B,$0.53B,10.72%,$0.10B,$0.35B,24.64%,$270,$157,$113,$0,$59,$222,$48,$1,$49,$18,$31,$31,$31,$18,$48,$29,29,$1.05,$1.05,$195,$141,$0,$390,$134,$0,$0,$8,$142,$533,$160,$0,$24,$28,$187,$1,$267,$1,$345,$533,$62,$22,$2,$24,$2,$-10,$0,$-7,$-7,$79,$-45,$0,$0,$48,$0,$48,$0,$3,$0,$0,$0,$0,$0,$-87,$1,$-86,$-4,$3,$-87
23,2012-10-31,20.78,$13.71,1.52,$32.41,0.64,$6.29,3.31,$2.19,9.49,$0.44B,$0.15B,3.03,$0.00B,$0.40B,0.0,$0.93B,$0.36B,38.59%,$0.93B,$0.10B,10.50%,$0.93B,$0.10B,10.50%,$0.93B,$0.12B,12.75%,$0.93B,$0.10B,10.93%,$0.93B,$0.06B,6.86%,$0.06B,$0.40B,16.37%,$0.06B,$0.40B,16.37%,$0.06B,$0.58B,11.16%,$0.10B,$0.40B,25.06%,$235,$151,$83,$0,$66,$222,$12,$1,$13,$5,$8,$8,$7,$11,$12,$29,29,$0.27,$0.27,$261,$131,$0,$442,$131,$0,$0,$7,$138,$580,$146,$0,$25,$33,$179,$1,$325,$1,$401,$580,$54,$17,$4,$21,$-1,$-0,$0,$2,$-7,$67,$-31,$0,$0,$3,$0,$3,$-1,$-28,$0,$0,$0,$0,$0,$-21,$0,$-21,$18,$2,$-21
24,2012-07-31,20.34,$13.78,1.48,$32.29,0.63,$6.46,3.15,$2.24,9.08,$0.44B,$0.14B,3.2,$0.00B,$0.40B,0.0,$0.93B,$0.36B,38.82%,$0.93B,$0.10B,10.75%,$0.93B,$0.10B,10.75%,$0.93B,$0.12B,13.01%,$0.93B,$0.10B,11.18%,$0.93B,$0.07B,6.99%,$0.07B,$0.40B,17.05%,$0.07B,$0.40B,17.05%,$0.07B,$0.57B,11.55%,$0.10B,$0.40B,26.23%,$200,$130,$70,$0,$58,$194,$6,$1,$7,$2,$5,$5,$5,$32,$6,$29,29,$0.16,$0.16,$283,$107,$0,$441,$126,$0,$0,$7,$133,$573,$138,$0,$24,$32,$170,$1,$327,$1,$403,$573,$49,$12,$3,$14,$-1,$23,$0,$1,$7,$71,$-20,$0,$0,$-5,$0,$-5,$0,$-25,$0,$0,$0,$-0,$-0,$-14,$0,$-14,$31,$1,$-14
25,2012-04-30,20.05,$13.46,1.49,$32.33,0.62,$6.48,3.09,$2.26,8.87,$0.46B,$0.17B,2.78,$0.00B,$0.39B,0.0,$0.93B,$0.36B,38.69%,$0.93B,$0.10B,10.72%,$0.93B,$0.10B,10.72%,$0.93B,$0.12B,13.08%,$0.93B,$0.10B,11.15%,$0.93B,$0.07B,7.07%,$0.07B,$0.39B,17.69%,$0.07B,$0.39B,17.69%,$0.07B,$0.59B,11.86%,$0.10B,$0.39B,26.81%,$234,$142,$92,$0,$59,$207,$27,$1,$28,$10,$17,$17,$17,$56,$27,$29,29,$0.59,$0.59,$288,$121,$0,$463,$120,$0,$0,$7,$127,$590,$167,$0,$22,$30,$197,$1,$318,$1,$393,$590,$32,$6,$1,$7,$-1,$10,$0,$-0,$19,$58,$-9,$0,$0,$-6,$0,$-6,$0,$-16,$0,$0,$0,$0,$0,$-7,$0,$-6,$36,$1,$-7
26,2012-01-31,19.15,$12.57,1.52,$32.19,0.59,$6.12,3.13,$2.21,8.67,$0.43B,$0.16B,2.73,$0.00B,$0.37B,0.0,$0.93B,$0.36B,38.41%,$0.93B,$0.10B,10.41%,$0.93B,$0.10B,10.41%,$0.93B,$0.12B,12.66%,$0.93B,$0.10B,10.73%,$0.93B,$0.06B,6.87%,$0.06B,$0.37B,17.57%,$0.06B,$0.37B,17.57%,$0.06B,$0.55B,11.73%,$0.10B,$0.37B,26.63%,$275,$158,$118,$0,$61,$225,$50,$1,$51,$20,$32,$32,$32,$20,$50,$29,29,$1.09,$1.09,$246,$130,$0,$429,$115,$0,$0,$7,$122,$551,$157,$0,$20,$27,$184,$1,$293,$1,$367,$551,$65,$22,$3,$24,$-5,$14,$0,$-2,$-8,$81,$-36,$0,$0,$-23,$0,$-23,$-0,$-60,$0,$0,$0,$-10,$-10,$-26,$0,$-35,$-14,$3,$-26
27,2011-10-31,18.14,$12.41,1.46,$32.26,0.56,$6.62,2.74,$2.13,8.52,$0.42B,$0.15B,2.81,$0.00B,$0.36B,0.0,$0.94B,$0.36B,38.50%,$0.94B,$0.10B,10.59%,$0.94B,$0.10B,10.59%,$0.94B,$0.12B,12.83%,$0.94B,$0.10B,10.91%,$0.94B,$0.06B,6.84%,$0.06B,$0.36B,17.98%,$0.06B,$0.36B,17.98%,$0.06B,$0.54B,11.83%,$0.10B,$0.36B,27.81%,$224,$145,$80,$0,$59,$210,$15,$1,$16,$5,$10,$10,$10,$13,$15,$29,29,$0.35,$0.35,$248,$127,$0,$420,$110,$0,$0,$7,$117,$537,$150,$0,$15,$25,$175,$1,$289,$1,$362,$537,$55,$16,$4,$20,$0,$17,$0,$0,$-6,$68,$-27,$0,$0,$-106,$0,$-106,$82,$-51,$0,$0,$0,$-10,$-10,$-19,$0,$-29,$-12,$2,$-19
28,2011-07-31,19.5,$12.54,1.55,$32.38,0.6,$6.78,2.88,$2.15,9.07,$0.44B,$0.16B,2.81,$0.00B,$0.37B,0.0,$0.94B,$0.36B,38.66%,$0.94B,$0.10B,10.54%,$0.94B,$0.10B,10.54%,$0.94B,$0.12B,12.78%,$0.94B,$0.10B,10.86%,$0.94B,$0.06B,6.82%,$0.06B,$0.37B,18.42%,$0.06B,$0.37B,18.42%,$0.06B,$0.55B,11.96%,$0.10B,$0.37B,28.49%,$197,$126,$71,$0,$58,$189,$8,$1,$9,$3,$6,$6,$6,$33,$8,$29,29,$0.21,$0.21,$273,$117,$0,$435,$104,$0,$0,$9,$114,$548,$155,$0,$14,$24,$179,$1,$298,$1,$370,$548,$49,$11,$3,$13,$1,$27,$0,$-2,$6,$67,$-16,$0,$0,$-8,$0,$-8,$0,$-24,$0,$0,$0,$-3,$-3,$-12,$0,$-15,$29,$1,$-12
29,2011-04-30,17.73,$12.16,1.46,$32.32,0.55,$6.76,2.62,$2.08,8.52,$0.44B,$0.16B,2.68,$0.00B,$0.36B,0.0,$0.94B,$0.36B,38.85%,$0.94B,$0.10B,10.46%,$0.94B,$0.10B,10.46%,$0.94B,$0.12B,12.59%,$0.94B,$0.10B,10.78%,$0.94B,$0.06B,6.72%,$0.06B,$0.36B,18.72%,$0.06B,$0.36B,18.72%,$0.06B,$0.55B,12.03%,$0.10B,$0.36B,29.12%,$237,$145,$92,$0,$59,$209,$27,$1,$28,$10,$18,$18,$18,$52,$27,$29,29,$0.61,$0.61,$266,$125,$0,$440,$98,$0,$0,$8,$106,$546,$164,$0,$15,$24,$188,$1,$287,$1,$358,$546,$31,$5,$1,$7,$-1,$19,$0,$-2,$6,$43,$-4,$0,$0,$2,$0,$2,$0,$-3,$0,$0,$0,$-2,$-2,$-5,$0,$-8,$33,$1,$-5
30,2011-01-31,16.86,$11.32,1.49,$31.89,0.53,$6.44,2.62,$1.96,8.6,$0.43B,$0.17B,2.45,$0.00B,$0.33B,0.0,$0.93B,$0.36B,39.03%,$0.93B,$0.09B,9.73%,$0.93B,$0.09B,9.73%,$0.93B,$0.11B,11.89%,$0.93B,$0.09B,10.16%,$0.93B,$0.06B,6.27%,$0.06B,$0.33B,17.78%,$0.06B,$0.33B,17.78%,$0.06B,$0.53B,11.32%,$0.09B,$0.33B,27.59%,$274,$158,$115,$0,$63,$227,$47,$1,$47,$17,$31,$31,$30,$22,$47,$29,29,$1.04,$1.04,$235,$144,$0,$425,$100,$0,$0,$8,$107,$533,$174,$0,$15,$25,$199,$1,$264,$0,$334,$533,$59,$22,$10,$32,$-2,$-14,$0,$0,$-11,$79,$-20,$0,$0,$-34,$0,$-34,$-2,$-56,$0,$0,$0,$-5,$-5,$-21,$0,$-26,$-2,$2,$-21
31,2010-10-31,18.12,$11.12,1.63,$31.66,0.57,$6.94,2.61,$1.94,9.34,$0.41B,$0.16B,2.51,$0.00B,$0.33B,0.0,$0.92B,$0.36B,38.74%,$0.92B,$0.08B,8.81%,$0.92B,$0.08B,8.81%,$0.92B,$0.10B,10.99%,$0.92B,$0.09B,9.25%,$0.92B,$0.05B,5.88%,$0.05B,$0.33B,17.12%,$0.05B,$0.33B,17.12%,$0.05B,$0.51B,10.82%,$0.08B,$0.33B,25.67%,$227,$145,$82,$0,$60,$210,$17,$1,$18,$7,$11,$11,$10,$13,$17,$29,29,$0.37,$0.37,$227,$129,$0,$405,$100,$0,$0,$7,$108,$513,$162,$0,$16,$23,$185,$1,$259,$1,$328,$513,$48,$16,$4,$20,$-1,$1,$0,$0,$-8,$60,$-14,$0,$0,$-40,$0,$-40,$1,$-54,$0,$0,$0,$-5,$-5,$-16,$0,$-20,$-14,$2,$-16
32,2010-07-31,15.83,$11.07,1.43,$31.39,0.5,$7.13,2.22,$1.81,8.75,$0.40B,$0.15B,2.59,$0.00B,$0.33B,0.0,$0.91B,$0.35B,38.49%,$0.91B,$0.08B,8.33%,$0.91B,$0.08B,8.33%,$0.91B,$0.10B,10.64%,$0.91B,$0.08B,8.77%,$0.91B,$0.05B,5.59%,$0.05B,$0.33B,16.69%,$0.05B,$0.33B,16.69%,$0.05B,$0.50B,10.54%,$0.08B,$0.33B,24.88%,$201,$127,$74,$0,$61,$193,$8,$1,$9,$3,$6,$6,$6,$31,$8,$29,29,$0.20,$0.20,$237,$105,$0,$395,$101,$0,$0,$7,$108,$503,$152,$0,$16,$24,$177,$1,$258,$1,$326,$503,$42,$11,$3,$13,$-1,$24,$0,$-2,$5,$60,$-9,$0,$0,$-18,$0,$-18,$0,$-27,$0,$0,$0,$-5,$-5,$-10,$0,$-15,$18,$1,$-10
33,2010-04-30,16.03,$10.70,1.5,$31.15,0.51,$7.01,2.29,$1.83,8.76,$0.39B,$0.16B,2.45,$0.00B,$0.32B,0.0,$0.91B,$0.34B,37.90%,$0.91B,$0.07B,8.07%,$0.91B,$0.07B,8.07%,$0.91B,$0.09B,10.39%,$0.91B,$0.08B,8.51%,$0.91B,$0.05B,5.64%,$0.05B,$0.32B,17.22%,$0.05B,$0.32B,17.22%,$0.05B,$0.50B,10.82%,$0.07B,$0.32B,24.64%,$235,$141,$93,$0,$62,$209,$26,$1,$27,$10,$17,$17,$17,$44,$26,$29,29,$0.58,$0.58,$223,$115,$0,$391,$101,$0,$0,$8,$109,$500,$160,$0,$16,$24,$183,$1,$249,$0,$317,$500,$25,$5,$1,$7,$-1,$15,$0,$-2,$2,$33,$-4,$0,$0,$-19,$0,$-19,$0,$-23,$0,$0,$0,$-3,$-3,$-5,$0,$-7,$3,$0,$-5
34,2010-01-31,13.69,$9.85,1.39,$30.45,0.45,$6.91,1.98,$1.55,8.83,$0.37B,$0.17B,2.2,$0.00B,$0.29B,0.0,$0.88B,$0.33B,37.33%,$0.88B,$0.06B,7.13%,$0.88B,$0.06B,7.13%,$0.88B,$0.08B,9.50%,$0.88B,$0.07B,7.58%,$0.88B,$0.05B,5.09%,$0.05B,$0.29B,15.73%,$0.05B,$0.29B,15.73%,$0.05B,$0.48B,9.76%,$0.06B,$0.29B,22.03%,$262,$150,$112,$0,$68,$223,$39,$1,$40,$15,$25,$25,$25,$13,$39,$29,29,$0.85,$0.85,$201,$119,$0,$371,$103,$0,$0,$7,$110,$481,$168,$0,$17,$21,$190,$1,$225,$1,$291,$481,$45,$22,$7,$29,$0,$-4,$0,$1,$11,$85,$-10,$0,$0,$-55,$0,$-55,$7,$-58,$0,$0,$0,$1,$1,$-19,$0,$-18,$8,$2,$-19
35,2009-10-31,13.08,$9.75,1.34,$30.14,0.43,$6.13,2.13,$1.43,9.15,$0.34B,$0.14B,2.36,$0.00B,$0.29B,0.0,$0.88B,$0.32B,36.57%,$0.88B,$0.06B,6.74%,$0.88B,$0.06B,6.74%,$0.88B,$0.08B,9.26%,$0.88B,$0.06B,7.31%,$0.88B,$0.04B,4.80%,$0.04B,$0.29B,15.07%,$0.04B,$0.29B,15.07%,$0.04B,$0.45B,9.34%,$0.06B,$0.29B,21.17%,$221,$144,$77,$0,$64,$213,$8,$1,$9,$2,$7,$7,$6,$9,$8,$29,29,$0.22,$0.23,$183,$101,$0,$336,$109,$0,$0,$7,$116,$452,$142,$0,$18,$21,$163,$1,$223,$0,$288,$452,$38,$16,$5,$21,$1,$11,$0,$-1,$1,$61,$-9,$0,$0,$-54,$0,$-54,$6,$-57,$0,$0,$0,$1,$1,$-15,$0,$-14,$-10,$2,$-15
36,2009-07-31,13.08,$9.79,1.34,$29.75,0.44,$5.67,2.31,$1.36,9.62,$0.33B,$0.14B,2.36,$0.00B,$0.29B,0.0,$0.86B,$0.31B,35.53%,$0.86B,$0.06B,6.37%,$0.86B,$0.06B,6.37%,$0.86B,$0.08B,8.91%,$0.86B,$0.06B,7.06%,$0.86B,$0.04B,4.63%,$0.04B,$0.29B,14.69%,$0.04B,$0.29B,14.69%,$0.04B,$0.45B,9.01%,$0.06B,$0.29B,20.20%,$194,$125,$69,$0,$61,$191,$3,$1,$4,$1,$3,$3,$3,$28,$3,$29,29,$0.10,$0.10,$183,$94,$0,$333,$111,$0,$0,$7,$118,$452,$141,$0,$19,$21,$162,$1,$380,$0,$289,$452,$35,$11,$3,$14,$1,$18,$0,$-4,$4,$54,$-6,$0,$0,$-52,$0,$-52,$0,$-58,$0,$0,$0,$0,$0,$-10,$0,$-9,$-13,$1,$-10
37,2009-04-30,12.55,$9.36,1.34,$29.92,0.42,$5.69,2.21,$1.21,10.37,$0.34B,$0.16B,2.1,$0.00B,$0.28B,0.0,$0.87B,$0.31B,35.40%,$0.87B,$0.05B,5.63%,$0.87B,$0.05B,5.63%,$0.87B,$0.07B,8.16%,$0.87B,$0.06B,6.32%,$0.87B,$0.04B,4.02%,$0.04B,$0.28B,13.11%,$0.04B,$0.28B,13.11%,$0.04B,$0.46B,7.97%,$0.05B,$0.28B,18.35%,$228,$143,$85,$0,$56,$205,$23,$1,$24,$7,$17,$17,$17,$34,$23,$29,29,$0.57,$0.56,$167,$114,$0,$338,$114,$0,$0,$7,$121,$459,$161,$0,$19,$22,$182,$1,$368,$0,$276,$459,$19,$6,$1,$7,$1,$-2,$0,$-3,$4,$30,$-4,$0,$0,$-22,$0,$-22,$0,$-26,$0,$0,$0,$0,$0,$-5,$0,$-5,$-0,$0,$-5
38,2009-01-31,8.53,$8.91,0.96,$29.46,0.29,$5.38,1.59,$1.15,7.42,$0.32B,$0.15B,2.09,$0.00B,$0.26B,0.0,$0.86B,$0.30B,34.50%,$0.86B,$0.05B,5.24%,$0.86B,$0.05B,5.24%,$0.86B,$0.07B,7.93%,$0.86B,$0.05B,6.06%,$0.86B,$0.03B,3.85%,$0.03B,$0.26B,12.55%,$0.03B,$0.26B,12.55%,$0.03B,$0.44B,7.65%,$0.05B,$0.26B,17.11%,$241,$142,$99,$0,$65,$212,$29,$1,$30,$11,$19,$19,$19,$10,$29,$29,29,$0.64,$0.64,$145,$112,$0,$315,$116,$0,$0,$4,$120,$435,$151,$0,$20,$23,$174,$1,$354,$0,$262,$435,$34,$23,$11,$34,$-3,$6,$0,$1,$4,$72,$-19,$0,$0,$-10,$0,$-10,$0,$-29,$0,$-1,$-1,$-2,$-2,$-19,$0,$-22,$21,$2,$-19
39,2008-10-31,9.89,$8.91,1.11,$28.92,0.34,$5.36,1.84,$0.96,10.3,$0.30B,$0.15B,2.1,$0.00B,$0.26B,0.0,$0.86B,$0.29B,33.33%,$0.86B,$0.04B,4.31%,$0.86B,$0.04B,4.31%,$0.86B,$0.06B,6.88%,$0.86B,$0.04B,5.01%,$0.86B,$0.03B,3.26%,$0.03B,$0.26B,10.80%,$0.03B,$0.26B,10.80%,$0.03B,$0.43B,6.55%,$0.04B,$0.26B,14.27%,$212,$145,$67,$0,$57,$208,$4,$1,$6,$2,$4,$4,$3,$5,$4,$29,29,$0.13,$0.13,$136,$110,$0,$304,$121,$0,$0,$4,$125,$429,$145,$0,$21,$23,$167,$1,$355,$0,$262,$429,$30,$17,$7,$24,$-1,$8,$0,$0,$2,$56,$-17,$0,$0,$-8,$0,$-8,$0,$-25,$0,$0,$0,$-2,$-2,$-15,$0,$-16,$14,$2,$-15
40,2008-07-31,11.3,$9.06,1.25,$28.42,0.4,$5.40,2.09,$1.02,11.08,$0.31B,$0.14B,2.16,$0.00B,$0.27B,0.0,$0.86B,$0.29B,33.60%,$0.86B,$0.04B,4.65%,$0.86B,$0.04B,4.65%,$0.86B,$0.06B,7.09%,$0.86B,$0.05B,5.35%,$0.86B,$0.03B,3.49%,$0.03B,$0.27B,11.26%,$0.03B,$0.27B,11.26%,$0.03B,$0.43B,6.93%,$0.04B,$0.27B,15.01%,$183,$127,$56,$0,$51,$184,$-1,$2,$1,$0,$1,$1,$1,$22,$-1,$29,29,$0.03,$0.03,$153,$97,$0,$309,$120,$0,$0,$4,$124,$433,$143,$0,$21,$22,$166,$1,$359,$0,$268,$433,$29,$11,$5,$16,$-0,$22,$0,$-0,$14,$59,$-11,$0,$0,$-15,$0,$-15,$0,$-26,$0,$0,$0,$0,$0,$-10,$0,$-9,$24,$1,$-10
41,2008-04-30,10.78,$8.80,1.23,$27.28,0.4,$5.23,2.06,$1.00,10.78,$0.30B,$0.14B,2.09,$0.00B,$0.26B,0.0,$0.85B,$0.28B,32.67%,$0.85B,$0.04B,4.60%,$0.85B,$0.04B,4.60%,$0.85B,$0.06B,7.19%,$0.85B,$0.05B,5.54%,$0.85B,$0.03B,3.66%,$0.03B,$0.26B,11.21%,$0.03B,$0.26B,11.21%,$0.03B,$0.43B,7.05%,$0.04B,$0.26B,14.10%,$234,$148,$86,$0,$64,$217,$17,$2,$18,$6,$12,$12,$12,$31,$17,$29,29,$0.41,$0.41,$127,$113,$0,$301,$123,$0,$0,$5,$127,$428,$144,$0,$22,$24,$168,$1,$352,$0,$260,$428,$17,$6,$2,$7,$-1,$5,$0,$0,$-1,$23,$-6,$0,$0,$8,$0,$8,$0,$2,$0,$-0,$-0,$0,$0,$-5,$0,$-5,$21,$1,$-5
42,2008-01-31,10.12,$8.42,1.2,$26.55,0.38,$5.71,1.77,$1.01,10.02,$0.29B,$0.15B,1.97,$0.00B,$0.25B,0.0,$0.85B,$0.27B,32.39%,$0.85B,$0.04B,4.85%,$0.85B,$0.04B,4.85%,$0.85B,$0.06B,7.45%,$0.85B,$0.05B,5.79%,$0.85B,$0.03B,3.90%,$0.03B,$0.25B,11.60%,$0.03B,$0.25B,11.60%,$0.03B,$0.42B,7.36%,$0.04B,$0.25B,14.41%,$229,$142,$87,$0,$56,$204,$25,$2,$27,$10,$17,$17,$17,$1,$25,$29,29,$0.57,$0.57,$115,$119,$0,$293,$123,$0,$0,$5,$128,$421,$149,$0,$23,$24,$173,$1,$340,$1,$247,$421,$32,$22,$-7,$16,$-2,$-3,$0,$-1,$26,$74,$-18,$0,$0,$6,$0,$6,$0,$-12,$0,$-1,$-1,$-50,$-50,$-20,$6,$-65,$-3,$2,$-20
43,2007-10-31,12.28,$9.18,1.34,$27.15,0.45,$4.91,2.5,$1.47,8.36,$0.32B,$0.13B,2.52,$0.00B,$0.29B,0.0,$0.87B,$0.29B,33.53%,$0.87B,$0.06B,6.91%,$0.87B,$0.06B,6.91%,$0.87B,$0.08B,9.45%,$0.87B,$0.07B,8.18%,$0.87B,$0.05B,5.53%,$0.05B,$0.29B,16.44%,$0.05B,$0.29B,16.44%,$0.05B,$0.45B,10.64%,$0.06B,$0.29B,20.55%,$212,$155,$57,$0,$56,$217,$-4,$2,$-3,$-1,$-2,$-2,$-2,$7,$-4,$31,31,$-0.06,$-0.05,$147,$114,$0,$320,$125,$0,$0,$5,$130,$450,$127,$0,$23,$32,$159,$1,$347,$0,$291,$450,$34,$17,$-2,$15,$-0,$2,$0,$-1,$9,$58,$-14,$0,$0,$-28,$0,$-28,$0,$-42,$0,$-1,$-1,$-10,$-10,$-15,$5,$-20,$-5,$1,$-15
44,2007-07-31,12.56,$9.48,1.32,$27.37,0.46,$3.91,3.21,$1.56,8.05,$0.33B,$0.12B,2.74,$0.00B,$0.31B,0.0,$0.87B,$0.30B,33.87%,$0.87B,$0.07B,7.44%,$0.87B,$0.07B,7.44%,$0.87B,$0.09B,9.95%,$0.87B,$0.08B,8.70%,$0.87B,$0.05B,5.84%,$0.05B,$0.31B,17.82%,$0.05B,$0.31B,17.82%,$0.05B,$0.46B,11.53%,$0.07B,$0.31B,22.71%,$185,$126,$59,$0,$51,$183,$2,$2,$4,$1,$3,$3,$3,$22,$2,$32,32,$0.09,$0.09,$170,$99,$0,$330,$127,$0,$0,$4,$131,$461,$120,$0,$23,$32,$152,$1,$349,$0,$308,$461,$31,$11,$-3,$8,$-1,$17,$0,$-1,$19,$58,$-10,$0,$0,$-52,$0,$-52,$0,$-61,$0,$-1,$-1,$4,$4,$-10,$5,$-1,$-5,$1,$-10
45,2007-04-30,13.02,$10.30,1.26,$27.33,0.48,$2.90,4.5,$1.55,8.4,$0.33B,$0.14B,2.4,$0.00B,$0.29B,0.0,$0.87B,$0.30B,34.02%,$0.87B,$0.07B,7.59%,$0.87B,$0.07B,7.59%,$0.87B,$0.09B,10.00%,$0.87B,$0.08B,8.74%,$0.87B,$0.05B,5.75%,$0.05B,$0.29B,18.13%,$0.05B,$0.29B,18.13%,$0.05B,$0.46B,11.66%,$0.07B,$0.29B,23.93%,$222,$148,$74,$0,$52,$206,$16,$2,$19,$6,$13,$13,$13,$33,$16,$32,32,$0.39,$0.39,$154,$117,$0,$330,$127,$0,$0,$4,$131,$462,$137,$0,$23,$32,$170,$1,$342,$0,$292,$462,$19,$5,$1,$6,$0,$-1,$0,$-0,$14,$39,$-4,$0,$0,$-34,$0,$-34,$0,$-38,$0,$-0,$-0,$0,$0,$-5,$0,$-5,$-4,$0,$-5
46,2007-01-31,13.5,$8.77,1.54,$27.53,0.49,$2.31,5.84,$1.61,8.39,$0.30B,$0.12B,2.43,$0.00B,$0.28B,0.0,$0.88B,$0.30B,34.59%,$0.88B,$0.07B,7.99%,$0.88B,$0.07B,7.99%,$0.88B,$0.09B,10.27%,$0.88B,$0.08B,9.13%,$0.88B,$0.05B,5.94%,$0.05B,$0.28B,19.48%,$0.05B,$0.28B,19.48%,$0.05B,$0.43B,12.38%,$0.07B,$0.28B,26.22%,$227,$143,$84,$0,$51,$200,$27,$2,$29,$11,$19,$19,$19,$20,$27,$31,32,$0.60,$0.59,$124,$116,$0,$300,$128,$0,$0,$4,$133,$432,$123,$0,$24,$32,$156,$1,$328,$0,$277,$432,$51,$21,$6,$27,$1,$-13,$0,$2,$-20,$59,$-28,$0,$0,$-12,$0,$-12,$0,$-40,$0,$1,$1,$1,$1,$-18,$1,$-16,$3,$1,$-18
47,2006-10-31,13.61,$8.49,1.6,$27.22,0.5,$1.21,11.27,$1.58,8.61,$0.27B,$0.12B,2.38,$0.00B,$0.27B,0.0,$0.87B,$0.30B,34.99%,$0.87B,$0.07B,8.31%,$0.87B,$0.07B,8.31%,$0.87B,$0.09B,10.62%,$0.87B,$0.08B,9.12%,$0.87B,$0.05B,5.89%,$0.05B,$0.27B,19.79%,$0.05B,$0.27B,19.79%,$0.05B,$0.42B,12.33%,$0.07B,$0.27B,27.93%,$234,$160,$74,$0,$54,$219,$15,$4,$19,$6,$13,$13,$13,$12,$15,$31,32,$0.39,$0.41,$108,$110,$0,$274,$130,$0,$0,$11,$141,$415,$115,$0,$23,$32,$148,$1,$320,$0,$268,$415,$39,$16,$4,$20,$2,$-7,$0,$-0,$-24,$34,$-23,$0,$0,$-0,$0,$-0,$0,$-23,$0,$1,$1,$1,$1,$-14,$0,$-12,$-0,$1,$-14
