,Date,Stock Price,Book Value per Share,Price to Book Ratio,TTM Sales per Share,Price to Sales Ratio,TTM FCF per Share,Price to FCF Ratio,TTM Net EPS,PE Ratio,Current Assets,Current Liabilities,Current Ratio,Long Term Debt,Shareholder's Equity_x,Debt to Equity Ratio,TTM Revenue_x,TTM Gross Profit,Gross Margin,TTM Revenue_y,TTM Operating Income,Operating Margin,TTM Revenue_x,TTM EBIT,EBIT Margin,TTM Revenue_y,TTM EBITDA,EBITDA Margin,TTM Revenue_x,TTM Pre-Tax Income,Pre-Tax Margin,TTM Revenue_y,TTM Net Income_x,Net Margin,TTM Net Income_y,Shareholder's Equity_y,Return on Equity,TTM Net Income_x,Tangible Equity,Return on Tangible Equity,TTM Net Income_y,Total Assets,Return on Assets,TTM Net Income,LT Investments & Debt,Return on Investment,revenue,cost-goods-sold,gross-profit,research-development-expenses,selling-general-administrative-expenses,operating-expenses,operating-income,total-non-operating-income-expense,pre-tax-income,total-provision-income-taxes,income-after-taxes,income-from-continuous-operations,net-income,ebitda,ebit,basic-shares-outstanding,shares-outstanding,eps-basic-net-earnings-per-share,eps-earnings-per-share-diluted,cash-on-hand,inventory,other-current-assets,total-current-assets,net-property-plant-equipment,long-term-investments,goodwill-intangible-assets-total,other-long-term-assets,total-long-term-assets,total-assets,total-current-liabilities,long-term-debt,other-non-current-liabilities,total-long-term-liabilities,total-liabilities,common-stock-net,retained-earnings-accumulated-deficit,comprehensive-income,total-share-holder-equity,total-liabilities-share-holders-equity,net-income-loss,total-depreciation-amortization-cash-flow,other-non-cash-items,total-non-cash-items,change-in-accounts-receivable,change-in-inventories,change-in-accounts-payable,change-in-assets-liabilities,total-change-in-assets-liabilities,cash-flow-from-operating-activities,net-change-in-property-plant-equipment,net-change-in-intangible-assets,net-acquisitions-divestitures,net-change-in-short-term-investments,net-change-in-long-term-investments,net-change-in-investments-total,investing-activities-other,cash-flow-from-investing-activities,net-long-term-debt,net-current-debt,debt-issuance-retirement-net-total,net-common-equity-issued-repurchased,net-total-equity-issued-repurchased,total-common-preferred-stock-dividends-paid,financial-activities-other,cash-flow-from-financial-activities,net-cash-flow,stock-based-compensation,common-stock-dividends-paid
0,2018-09-30,41.44,$23.76,1.74,$8.47,4.89,$8.81,4.71,$2.85,14.54,$14.17B,$13.59B,1.04,$0.53B,$2.12B,0.25,$0.69B,$0.59B,84.80%,$0.69B,$0.34B,48.63%,$0.69B,0,0.00%,$0.69B,0,0.00%,$0.69B,$0.33B,48.19%,$0.69B,$0.23B,33.86%,$0.23B,$2.12B,11.46%,$0.23B,$1.74B,14.09%,$0.23B,$16.46B,1.46%,$0.34B,$2.64B,12.73%,$185,$32,$153,$0,$53,$96,$89,$-0,$88,$19,$70,$70,$70,$0,$0,$81,82,$0.86,$0.85,$582,$0,$0,$14165,$103,$1620,$380,$195,$2297,$16462,$13592,$526,$227,$753,$14345,$1,$1439,$-24,$2117,$16462,$207,$13,$8,$21,$0,$0,$0,$11,$11,$239,$-4,$0,$0,$0,$-34,$-34,$-768,$-806,$-123,$-100,$-223,$3,$3,$-58,$887,$609,$42,$6,$-58
1,2018-06-30,40.49,$25.41,1.59,$8.27,4.9,$7.44,5.44,$2.61,15.51,$13.70B,$13.18B,1.04,$0.69B,$2.07B,0.34,$0.67B,$0.58B,86.03%,$0.67B,$0.34B,49.78%,$0.67B,0,0.00%,$0.67B,0,0.00%,$0.67B,$0.33B,49.03%,$0.67B,$0.21B,31.80%,$0.21B,$2.07B,10.68%,$0.21B,$1.69B,13.18%,$0.21B,$16.20B,1.35%,$0.34B,$2.76B,12.62%,$175,$27,$148,$0,$56,$89,$86,$-2,$85,$11,$74,$74,$74,$0,$0,$81,82,$0.91,$0.90,$404,$0,$0,$13698,$102,$1825,$380,$193,$2499,$16198,$13177,$692,$264,$956,$14133,$1,$1389,$-23,$2065,$16198,$137,$5,$8,$13,$-0,$0,$0,$-0,$-0,$150,$-3,$0,$0,$0,$-205,$-205,$-472,$-680,$70,$-50,$20,$2,$2,$-39,$411,$394,$-136,$4,$-39
2,2018-03-31,39.75,$24.75,1.61,$7.88,5.04,$7.24,5.49,$2.35,16.92,$13.67B,$13.13B,1.04,$0.54B,$2.01B,0.27,$0.64B,$0.56B,86.72%,$0.64B,$0.32B,49.38%,$0.64B,0,0.00%,$0.64B,0,0.00%,$0.64B,$0.31B,48.75%,$0.64B,$0.19B,29.84%,$0.19B,$2.01B,9.73%,$0.19B,$1.63B,12.06%,$0.19B,$15.88B,1.24%,$0.32B,$2.55B,12.19%,$165,$24,$141,$0,$52,$82,$83,$-0,$83,$19,$64,$64,$64,$0,$0,$81,82,$0.79,$0.78,$724,$0,$0,$13673,$102,$1554,$380,$173,$2209,$15882,$13127,$537,$209,$745,$13873,$1,$1335,$-21,$2010,$15882,$64,$3,$5,$8,$16,$0,$0,$-3,$13,$85,$-1,$0,$0,$0,$43,$43,$-140,$-97,$-105,$0,$-105,$2,$2,$-19,$319,$196,$184,$1,$-19
3,2017-12-31,41.69,$24.39,1.71,$7.57,5.51,$6.86,6.07,$2.18,19.12,$13.35B,$12.80B,1.04,$0.64B,$1.97B,0.33,$0.61B,$0.53B,86.95%,$0.61B,$0.30B,49.27%,$0.61B,0,0.00%,$0.61B,0,0.00%,$0.61B,$0.30B,48.61%,$0.61B,$0.18B,28.71%,$0.18B,$1.97B,9.15%,$0.18B,$1.59B,11.38%,$0.18B,$15.64B,1.17%,$0.30B,$2.62B,11.91%,$166,$23,$144,$0,$82,$88,$78,$-1,$77,$51,$26,$26,$26,$0,$0,$80,81,$0.32,$0.31,$540,$0,$0,$13350,$103,$1630,$380,$177,$2290,$15640,$12803,$642,$222,$864,$13667,$1,$1282,$-3,$1973,$15640,$176,$15,$27,$42,$33,$0,$0,$-3,$31,$249,$2,$0,$-118,$796,$40,$837,$-946,$-225,$125,$-250,$-125,$4,$4,$-70,$196,$5,$29,$6,$-70
4,2017-09-30,39.52,$24.36,1.62,$7.26,5.45,$6.65,5.94,$2.46,16.07,$13.27B,$12.67B,1.05,$0.73B,$1.97B,0.37,$0.59B,$0.51B,86.52%,$0.59B,$0.29B,49.15%,$0.59B,0,0.00%,$0.59B,0,0.00%,$0.59B,$0.29B,48.63%,$0.59B,$0.20B,33.79%,$0.20B,$1.97B,10.48%,$0.20B,$1.59B,13.10%,$0.20B,$15.73B,1.35%,$0.29B,$2.70B,11.70%,$167,$21,$146,$0,$52,$79,$88,$-3,$85,$35,$50,$50,$50,$0,$0,$81,81,$0.62,$0.61,$741,$0,$0,$13268,$108,$1698,$382,$274,$2461,$15728,$12674,$732,$354,$1086,$13760,$1,$1275,$-0,$1969,$15728,$150,$9,$8,$17,$-44,$0,$0,$1,$-43,$124,$-1,$0,$-14,$0,$24,$24,$-684,$-675,$215,$-250,$-35,$3,$3,$-50,$68,$-15,$-566,$4,$-50
5,2017-06-30,37.09,$23.76,1.56,$6.87,5.4,$7.24,5.12,$2.43,15.26,$12.05B,$11.62B,1.04,$0.61B,$1.90B,0.32,$0.55B,$0.47B,85.87%,$0.55B,$0.26B,47.46%,$0.55B,0,0.00%,$0.55B,0,0.00%,$0.55B,$0.26B,47.46%,$0.55B,$0.19B,35.14%,$0.19B,$1.90B,10.52%,$0.19B,$1.52B,13.20%,$0.19B,$14.34B,1.36%,$0.26B,$2.51B,10.72%,$142,$18,$124,$0,$50,$75,$67,$0,$67,$15,$51,$51,$51,$0,$0,$80,81,$0.64,$0.64,$554,$0,$0,$12053,$104,$1675,$375,$131,$2284,$14337,$11623,$612,$204,$816,$12439,$1,$1242,$-1,$1898,$14337,$100,$6,$13,$20,$8,$0,$0,$2,$10,$130,$-2,$0,$0,$0,$-68,$-68,$-368,$-438,$125,$-200,$-75,$2,$2,$-34,$-216,$-323,$-631,$3,$-34
6,2017-03-31,36.61,$23.28,1.57,$6.76,5.42,$6.77,5.4,$2.23,16.42,$12.12B,$11.75B,1.03,$0.46B,$1.86B,0.25,$0.54B,$0.46B,85.21%,$0.54B,$0.24B,44.73%,$0.54B,0,0.00%,$0.54B,0,0.00%,$0.54B,$0.24B,44.73%,$0.54B,$0.18B,32.90%,$0.18B,$1.86B,9.84%,$0.18B,$1.48B,12.41%,$0.18B,$14.22B,1.26%,$0.24B,$2.32B,9.96%,$138,$19,$119,$0,$44,$68,$69,$0,$69,$21,$49,$49,$49,$0,$0,$80,80,$0.61,$0.61,$821,$0,$0,$12119,$105,$1491,$375,$134,$2105,$14224,$11749,$462,$156,$617,$12366,$1,$1208,$-4,$1858,$14224,$49,$3,$13,$16,$2,$0,$0,$-13,$-11,$54,$-1,$0,$0,$0,$86,$86,$-170,$-85,$-25,$-200,$-225,$1,$1,$-17,$-92,$-333,$-365,$1,$-17
7,2016-12-31,36.76,$22.97,1.6,$6.66,5.52,$6.61,5.56,$2.19,16.78,$12.32B,$12.04B,1.02,$0.49B,$1.83B,0.27,$0.53B,$0.45B,84.80%,$0.53B,$0.24B,45.40%,$0.53B,0,0.00%,$0.53B,0,0.00%,$0.53B,$0.24B,45.40%,$0.53B,$0.18B,32.83%,$0.18B,$1.83B,9.84%,$0.18B,$1.45B,12.47%,$0.18B,$14.52B,1.26%,$0.24B,$2.32B,9.94%,$139,$21,$118,$0,$89,$74,$64,$0,$64,$16,$48,$48,$48,$0,$0,$79,80,$0.61,$0.60,$1185,$0,$0,$12319,$106,$1583,$375,$138,$2201,$14521,$12037,$487,$169,$655,$12692,$1,$1175,$-4,$1829,$14521,$175,$43,$-1,$41,$21,$0,$0,$-3,$18,$234,$-4,$0,$0,$-430,$194,$-236,$-1044,$-1284,$75,$-50,$25,$-45,$-45,$-59,$1166,$1087,$38,$5,$-59
8,2016-09-30,29.57,$22.74,1.3,$6.51,4.54,$5.86,5.04,$2.10,14.08,$11.93B,$11.30B,1.06,$0.84B,$1.79B,0.47,$0.52B,$0.44B,84.70%,$0.52B,$0.24B,45.12%,$0.52B,0,0.00%,$0.52B,0,0.00%,$0.52B,$0.24B,45.12%,$0.52B,$0.17B,32.12%,$0.17B,$1.79B,9.55%,$0.17B,$1.42B,12.15%,$0.17B,$14.10B,1.24%,$0.24B,$2.63B,9.84%,$133,$20,$113,$0,$45,$71,$62,$0,$62,$16,$46,$46,$46,$0,$0,$79,80,$0.58,$0.58,$996,$0,$0,$11933,$107,$1543,$375,$141,$2166,$14099,$11302,$837,$166,$1003,$12305,$1,$1144,$2,$1793,$14099,$127,$38,$7,$45,$3,$0,$0,$-5,$-2,$171,$-3,$0,$0,$-255,$248,$-7,$-847,$-856,$425,$-50,$375,$-53,$-53,$-43,$430,$710,$24,$4,$-43
9,2016-06-30,26.94,$22.31,1.21,$6.38,4.22,$5.24,5.14,$1.99,13.54,$11.39B,$10.90B,1.05,$0.69B,$1.76B,0.39,$0.52B,$0.44B,84.69%,$0.52B,$0.23B,43.60%,$0.52B,0,0.00%,$0.52B,0,0.00%,$0.52B,$0.23B,43.60%,$0.52B,$0.16B,31.01%,$0.16B,$1.76B,9.18%,$0.16B,$1.38B,11.70%,$0.16B,$13.49B,1.21%,$0.23B,$2.45B,10.11%,$131,$20,$111,$0,$36,$84,$47,$0,$47,$12,$35,$35,$35,$0,$0,$79,80,$0.44,$0.44,$936,$0,$0,$11390,$107,$1458,$375,$162,$2103,$13493,$10897,$692,$145,$837,$11734,$1,$1112,$1,$1759,$13493,$81,$33,$-7,$25,$-8,$0,$0,$-7,$-15,$91,$-2,$0,$0,$-170,$319,$149,$-350,$-203,$280,$0,$280,$-53,$-53,$-28,$-38,$161,$49,$3,$-28
10,2016-03-31,26.91,$22.00,1.22,$6.19,4.34,$5.16,5.21,$2.11,12.75,$10.91B,$10.75B,1.01,$0.61B,$1.74B,0.35,$0.50B,$0.43B,84.69%,$0.50B,$0.23B,46.32%,$0.50B,0,0.00%,$0.50B,0,0.00%,$0.50B,$0.23B,46.32%,$0.50B,$0.17B,33.80%,$0.17B,$1.74B,9.88%,$0.17B,$1.36B,12.51%,$0.17B,$13.26B,1.33%,$0.23B,$2.35B,11.00%,$130,$20,$110,$0,$38,$61,$69,$0,$69,$23,$46,$46,$46,$0,$0,$80,80,$0.58,$0.57,$625,$0,$0,$10906,$108,$1715,$376,$157,$2356,$13262,$10751,$612,$164,$776,$11527,$1,$1092,$-1,$1735,$13262,$46,$5,$5,$9,$-7,$0,$0,$-7,$-15,$41,$-1,$0,$0,$104,$95,$200,$-174,$24,$200,$0,$200,$-54,$-54,$-14,$-185,$-53,$13,$2,$-14
11,2015-12-31,29.56,$21.63,1.37,$5.99,4.93,$5.35,5.52,$1.99,14.85,$10.81B,$10.95B,0.99,$0.41B,$1.75B,0.24,$0.49B,$0.41B,84.77%,$0.49B,$0.22B,45.47%,$0.49B,0,0.00%,$0.49B,0,0.00%,$0.49B,$0.22B,45.47%,$0.49B,$0.16B,32.92%,$0.16B,$1.75B,9.44%,$0.16B,$1.37B,11.87%,$0.16B,$13.25B,1.28%,$0.22B,$2.16B,10.54%,$129,$20,$109,$0,$74,$71,$58,$0,$58,$17,$41,$41,$41,$0,$0,$81,81,$0.51,$0.50,$717,$0,$0,$10811,$109,$1787,$376,$172,$2443,$13254,$10949,$413,$144,$557,$11506,$1,$1060,$-8,$1748,$13254,$161,$38,$2,$40,$-9,$0,$0,$-16,$-25,$177,$-3,$0,$7,$-47,$-317,$-364,$-817,$-1178,$-150,$-50,$-200,$-50,$-50,$-45,$1300,$1004,$3,$5,$-45
12,2015-09-30,28.12,$21.38,1.32,$5.83,4.82,$5.03,5.59,$1.92,14.65,$10.51B,$10.67B,0.99,$0.21B,$1.73B,0.12,$0.47B,$0.40B,84.71%,$0.47B,$0.22B,46.71%,$0.47B,0,0.00%,$0.47B,0,0.00%,$0.47B,$0.22B,46.71%,$0.47B,$0.16B,32.91%,$0.16B,$1.73B,9.34%,$0.16B,$1.36B,11.69%,$0.16B,$12.75B,1.29%,$0.22B,$1.95B,10.49%,$126,$19,$107,$0,$41,$75,$51,$0,$51,$12,$38,$38,$38,$0,$0,$81,82,$0.47,$0.47,$566,$0,$0,$10511,$110,$1566,$377,$185,$2239,$12750,$10674,$213,$131,$344,$11018,$1,$1033,$-3,$1732,$12750,$120,$26,$18,$44,$-30,$0,$0,$-9,$-39,$124,$-3,$0,$7,$120,$-91,$29,$-692,$-659,$-350,$-50,$-400,$-44,$-44,$-31,$1029,$554,$20,$4,$-31
13,2015-06-30,30.31,$20.86,1.45,$5.74,5.28,$4.80,6.31,$1.90,15.95,$9.61B,$9.77B,0.98,$0.35B,$1.67B,0.21,$0.46B,$0.39B,84.35%,$0.46B,$0.23B,49.35%,$0.46B,0,0.00%,$0.46B,0,0.00%,$0.46B,$0.23B,49.35%,$0.46B,$0.15B,33.26%,$0.15B,$1.67B,9.45%,$0.15B,$1.35B,11.77%,$0.15B,$11.92B,1.30%,$0.23B,$2.02B,10.43%,$118,$18,$100,$0,$40,$63,$55,$0,$55,$10,$45,$45,$45,$0,$0,$80,81,$0.57,$0.56,$216,$0,$0,$9608,$98,$1723,$319,$170,$2310,$11918,$9765,$349,$135,$484,$10249,$1,$1006,$-3,$1669,$11918,$81,$9,$12,$21,$-14,$0,$0,$-1,$-15,$86,$-1,$0,$0,$441,$-234,$207,$-571,$-366,$-215,$-50,$-265,$4,$4,$-19,$550,$270,$-10,$3,$-19
14,2015-03-31,26.45,$20.45,1.29,$5.70,4.64,$4.54,5.83,$1.78,14.86,$9.90B,$9.53B,1.04,$0.63B,$1.63B,0.38,$0.46B,$0.38B,83.99%,$0.46B,$0.23B,50.00%,$0.46B,0,0.00%,$0.46B,0,0.00%,$0.46B,$0.23B,50.00%,$0.46B,$0.14B,31.36%,$0.14B,$1.63B,9.01%,$0.14B,$1.32B,11.28%,$0.14B,$11.91B,1.23%,$0.23B,$2.26B,10.26%,$113,$17,$96,$0,$37,$56,$57,$0,$57,$21,$36,$36,$36,$0,$0,$80,80,$0.45,$0.45,$801,$0,$0,$9903,$99,$1359,$319,$231,$2007,$11910,$9531,$627,$118,$745,$10276,$1,$972,$-1,$1634,$11910,$36,$2,$8,$11,$8,$0,$0,$1,$9,$56,$-1,$0,$0,$-129,$55,$-74,$-305,$-379,$60,$-50,$10,$1,$1,$-8,$325,$329,$5,$2,$-8
15,2014-12-31,23.7,$20.08,1.18,$5.73,4.13,$4.41,5.38,$1.72,13.78,$9.47B,$9.27B,1.02,$0.56B,$1.60B,0.35,$0.46B,$0.38B,83.66%,$0.46B,$0.22B,47.93%,$0.46B,0,0.00%,$0.46B,0,0.00%,$0.46B,$0.22B,47.93%,$0.46B,$0.14B,30.07%,$0.14B,$1.60B,8.90%,$0.14B,$1.28B,11.20%,$0.14B,$11.52B,1.20%,$0.22B,$2.17B,9.89%,$114,$18,$96,$0,$42,$57,$57,$0,$57,$21,$36,$36,$36,$0,$0,$80,80,$0.45,$0.44,$666,$0,$0,$9469,$100,$1454,$320,$175,$2048,$11517,$9269,$564,$81,$645,$9914,$1,$944,$-6,$1603,$11517,$138,$11,$16,$27,$-4,$0,$0,$-11,$-15,$150,$-5,$0,$0,$32,$308,$340,$-795,$-459,$-98,$-350,$-448,$3,$3,$-23,$800,$332,$23,$4,$-23
16,2014-09-30,22.91,$19.70,1.16,$5.70,4.02,$3.97,5.77,$1.68,13.64,$9.52B,$9.27B,1.03,$0.69B,$1.57B,0.44,$0.46B,$0.38B,83.08%,$0.46B,$0.21B,46.81%,$0.46B,0,0.00%,$0.46B,0,0.00%,$0.46B,$0.21B,46.81%,$0.46B,$0.13B,29.45%,$0.13B,$1.57B,8.84%,$0.13B,$1.25B,11.20%,$0.13B,$11.60B,1.18%,$0.21B,$2.26B,9.62%,$115,$20,$96,$0,$36,$57,$58,$0,$58,$22,$36,$36,$36,$0,$0,$80,80,$0.45,$0.45,$798,$0,$0,$9521,$101,$1471,$320,$187,$2078,$11599,$9266,$693,$70,$763,$10029,$1,$916,$-9,$1570,$11599,$102,$8,$0,$9,$2,$0,$0,$-8,$-7,$104,$-4,$0,$0,$-76,$276,$200,$-735,$-538,$34,$-250,$-216,$2,$0,$-15,$712,$481,$47,$3,$-15
17,2014-06-30,23.52,$19.31,1.22,$5.77,4.08,$3.83,6.14,$1.61,14.61,$9.48B,$9.30B,1.02,$0.66B,$1.54B,0.43,$0.46B,$0.38B,83.01%,$0.46B,$0.21B,45.10%,$0.46B,0,0.00%,$0.46B,0,0.00%,$0.46B,$0.21B,45.10%,$0.46B,$0.13B,27.89%,$0.13B,$1.54B,8.64%,$0.13B,$1.22B,11.01%,$0.13B,$11.56B,1.15%,$0.21B,$2.20B,9.64%,$114,$19,$95,$0,$38,$58,$56,$0,$56,$21,$35,$35,$35,$0,$0,$80,80,$0.44,$0.44,$1049,$0,$0,$9477,$102,$1454,$318,$206,$2080,$11557,$9301,$659,$59,$718,$10018,$1,$886,$-9,$1538,$11557,$66,$6,$3,$9,$-7,$5,$0,$-7,$-8,$67,$-3,$0,$0,$-287,$287,$1,$-459,$-462,$-2,$-100,$-102,$1,$1,$-10,$598,$487,$92,$2,$-10
18,2014-03-31,23.11,$18.77,1.23,$5.88,3.93,$3.94,5.87,$1.52,15.2,$8.95B,$8.96B,1.0,$0.78B,$1.49B,0.52,$0.47B,$0.39B,82.83%,$0.47B,$0.20B,42.49%,$0.47B,0,0.00%,$0.47B,0,0.00%,$0.47B,$0.20B,42.49%,$0.47B,$0.12B,25.97%,$0.12B,$1.49B,8.17%,$0.12B,$1.18B,10.41%,$0.12B,$11.29B,1.11%,$0.20B,$2.27B,9.60%,$116,$19,$97,$0,$48,$67,$49,$0,$49,$18,$31,$31,$31,$0,$0,$80,80,$0.39,$0.39,$782,$0,$0,$8951,$102,$1698,$318,$221,$2340,$11291,$8956,$776,$64,$840,$9797,$1,$856,$-22,$1494,$11291,$31,$3,$3,$6,$3,$5,$0,$1,$10,$46,$-2,$0,$0,$-103,$20,$-84,$-214,$-300,$115,$-100,$15,$0,$0,$-4,$250,$261,$8,$1,$-4
19,2013-12-31,24.48,$18.33,1.34,$5.92,4.14,$3.88,6.31,$1.43,17.12,$8.63B,$8.81B,0.98,$0.66B,$1.46B,0.45,$0.47B,$0.38B,82.23%,$0.47B,$0.20B,41.76%,$0.47B,0,0.00%,$0.47B,0,0.00%,$0.47B,$0.20B,41.76%,$0.47B,$0.11B,24.41%,$0.11B,$1.46B,7.62%,$0.11B,$1.14B,9.70%,$0.11B,$10.99B,1.06%,$0.20B,$2.12B,9.94%,$110,$20,$90,$0,$40,$60,$50,$0,$50,$18,$32,$32,$32,$0,$0,$79,79,$0.41,$0.40,$676,$0,$0,$8629,$102,$1696,$319,$244,$2360,$10989,$8813,$661,$55,$717,$9530,$1,$829,$-30,$1459,$10989,$124,$16,$-43,$-27,$23,$0,$0,$-5,$18,$115,$-6,$0,$0,$-105,$456,$351,$-657,$-312,$325,$-450,$-125,$15,$-243,$-13,$586,$206,$9,$3,$-13
20,2013-09-30,21.36,$18.19,1.17,$6.02,3.55,$4.55,4.69,$1.34,15.94,$8.30B,$8.76B,0.95,$0.57B,$1.44B,0.4,$0.47B,$0.39B,81.65%,$0.47B,$0.19B,39.87%,$0.47B,0,0.00%,$0.47B,0,0.00%,$0.47B,$0.19B,39.87%,$0.47B,$0.11B,22.36%,$0.11B,$1.44B,6.89%,$0.11B,$1.12B,8.71%,$0.11B,$10.82B,0.99%,$0.19B,$2.00B,9.83%,$119,$20,$99,$0,$46,$68,$52,$0,$52,$19,$33,$33,$30,$0,$0,$79,79,$0.38,$0.38,$596,$0,$0,$8299,$102,$1858,$319,$242,$2522,$10821,$8761,$566,$59,$625,$9386,$1,$801,$-21,$1435,$10821,$92,$13,$-41,$-28,$25,$-0,$0,$4,$29,$92,$-5,$0,$0,$23,$302,$325,$-403,$-84,$230,$-450,$-220,$0,$-258,$-9,$534,$48,$57,$3,$-9
21,2013-06-30,18.59,$19.52,0.95,$6.07,3.06,$5.02,3.7,$1.29,14.41,$7.83B,$8.68B,0.9,$0.32B,$1.41B,0.22,$0.48B,$0.38B,80.50%,$0.48B,$0.19B,38.78%,$0.48B,0,0.00%,$0.48B,0,0.00%,$0.48B,$0.19B,38.78%,$0.48B,$0.10B,21.38%,$0.10B,$1.54B,6.45%,$0.10B,$1.22B,8.10%,$0.10B,$10.60B,0.96%,$0.19B,$1.86B,9.86%,$121,$21,$100,$0,$52,$75,$47,$0,$47,$17,$30,$30,$28,$0,$0,$79,79,$0.35,$0.35,$278,$0,$0,$7830,$103,$2139,$320,$211,$2773,$10603,$8684,$317,$64,$380,$9064,$1,$772,$-15,$1539,$10603,$59,$8,$-34,$-26,$36,$-0,$0,$5,$41,$74,$-3,$0,$0,$272,$41,$313,$-268,$42,$-20,$-300,$-320,$0,$-129,$-6,$327,$-128,$-12,$2,$-6
22,2013-03-31,18.37,$19.65,0.94,$6.02,3.05,$4.20,4.37,$1.27,14.47,$7.60B,$8.60B,0.88,$0.32B,$1.42B,0.22,$0.47B,$0.37B,78.86%,$0.47B,$0.19B,39.11%,$0.47B,0,0.00%,$0.47B,0,0.00%,$0.47B,$0.19B,39.11%,$0.47B,$0.10B,21.14%,$0.10B,$1.55B,6.29%,$0.10B,$1.23B,7.90%,$0.10B,$10.52B,0.94%,$0.19B,$1.87B,9.96%,$117,$22,$95,$0,$48,$71,$46,$0,$46,$17,$29,$29,$24,$0,$0,$79,79,$0.30,$0.30,$376,$0,$0,$7601,$102,$2311,$321,$185,$2920,$10521,$8598,$317,$57,$373,$8971,$1,$745,$23,$1550,$10521,$29,$4,$1,$5,$4,$-0,$0,$2,$6,$40,$-1,$0,$0,$196,$-78,$119,$63,$181,$-19,$-100,$-119,$0,$-129,$-4,$42,$-210,$11,$1,$-4
23,2012-12-31,17.83,$20.68,0.86,$6.05,2.95,$3.37,5.3,$1.29,13.82,$7.86B,$8.67B,0.91,$0.34B,$1.38B,0.24,$0.48B,$0.37B,77.26%,$0.48B,$0.19B,38.95%,$0.48B,0,0.00%,$0.48B,0,0.00%,$0.48B,$0.19B,38.95%,$0.48B,$0.10B,21.26%,$0.10B,$1.63B,6.36%,$0.10B,$1.31B,7.99%,$0.10B,$10.69B,0.95%,$0.19B,$1.97B,10.13%,$117,$24,$93,$0,$48,$74,$44,$0,$44,$15,$28,$28,$24,$0,$0,$79,79,$0.30,$0.30,$562,$0,$0,$7864,$103,$2192,$322,$213,$2830,$10694,$8674,$336,$54,$390,$9065,$1,$722,$0,$1630,$10694,$118,$17,$-11,$6,$43,$-0,$0,$-2,$41,$165,$-3,$0,$0,$-117,$421,$304,$-348,$-47,$-80,$-150,$-230,$1,$1,$-16,$154,$-91,$27,$3,$-16
24,2012-09-30,15.74,$20.39,0.77,$6.08,2.59,$3.49,4.51,$1.28,12.3,$7.67B,$8.73B,0.88,$0.21B,$1.35B,0.16,$0.48B,$0.36B,75.73%,$0.48B,$0.18B,38.28%,$0.48B,0,0.00%,$0.48B,0,0.00%,$0.48B,$0.18B,38.28%,$0.48B,$0.10B,21.13%,$0.10B,$1.61B,6.47%,$0.10B,$1.28B,8.18%,$0.10B,$10.61B,0.95%,$0.18B,$1.82B,10.07%,$122,$26,$96,$0,$46,$74,$48,$0,$48,$18,$31,$31,$26,$0,$0,$79,79,$0.33,$0.33,$546,$0,$0,$7672,$103,$2276,$324,$229,$2932,$10605,$8734,$211,$54,$265,$8999,$1,$699,$2,$1606,$10605,$90,$13,$-4,$9,$32,$-0,$0,$-4,$28,$126,$-2,$0,$0,$-132,$338,$206,$-191,$13,$-205,$-50,$-255,$1,$1,$-12,$123,$-142,$-3,$2,$-12
25,2012-06-30,15.05,$19.98,0.75,$6.20,2.43,$1.49,10.11,$1.23,12.24,$7.68B,$8.83B,0.87,$0.21B,$1.32B,0.16,$0.49B,$0.36B,74.74%,$0.49B,$0.18B,35.93%,$0.49B,0,0.00%,$0.49B,0,0.00%,$0.49B,$0.18B,35.93%,$0.49B,$0.10B,19.92%,$0.10B,$1.57B,6.33%,$0.10B,$1.25B,8.05%,$0.10B,$10.66B,0.92%,$0.18B,$1.78B,9.53%,$117,$28,$89,$0,$41,$71,$47,$0,$47,$17,$30,$30,$26,$0,$0,$79,79,$0.33,$0.33,$763,$0,$0,$7676,$104,$2319,$325,$237,$2985,$10661,$8825,$211,$52,$263,$9088,$1,$673,$-4,$1573,$10661,$59,$8,$-3,$5,$47,$-100,$0,$-3,$-56,$8,$-2,$0,$0,$-229,$276,$47,$21,$66,$-205,$0,$-205,$1,$1,$-8,$155,$-57,$17,$1,$-8
26,2012-03-31,16.13,$19.64,0.82,$6.32,2.55,$2.37,6.81,$1.16,13.9,$7.32B,$8.79B,0.83,$0.19B,$1.29B,0.15,$0.50B,$0.37B,73.64%,$0.50B,$0.16B,32.80%,$0.50B,0,0.00%,$0.50B,0,0.00%,$0.50B,$0.16B,32.80%,$0.50B,$0.09B,18.31%,$0.09B,$1.55B,6.03%,$0.09B,$1.22B,7.71%,$0.09B,$10.57B,0.86%,$0.16B,$1.74B,8.69%,$119,$29,$89,$0,$42,$73,$46,$0,$46,$17,$29,$29,$25,$0,$0,$79,79,$0.32,$0.32,$549,$0,$0,$7320,$105,$2570,$327,$252,$3254,$10573,$8790,$190,$48,$238,$9028,$1,$648,$-5,$1546,$10573,$29,$4,$1,$5,$38,$-100,$0,$2,$-60,$-26,$-1,$0,$0,$-30,$15,$-15,$142,$126,$-226,$0,$-226,$1,$1,$-4,$130,$-99,$1,$1,$-4
27,2011-12-31,13.59,$19.27,0.71,$6.41,2.12,$3.02,4.51,$1.07,12.7,$7.33B,$8.67B,0.85,$0.42B,$1.27B,0.33,$0.50B,$0.37B,72.42%,$0.50B,$0.15B,29.96%,$0.50B,0,0.00%,$0.50B,0,0.00%,$0.50B,$0.15B,29.96%,$0.50B,$0.08B,16.67%,$0.08B,$1.52B,5.65%,$0.08B,$1.19B,7.27%,$0.08B,$10.65B,0.79%,$0.15B,$1.93B,7.78%,$120,$32,$88,$0,$45,$78,$42,$0,$42,$14,$28,$28,$24,$0,$0,$79,79,$0.29,$0.29,$417,$0,$0,$7332,$106,$2579,$328,$299,$3313,$10645,$8666,$416,$47,$463,$9129,$1,$624,$-9,$1516,$10645,$101,$16,$22,$39,$32,$-1,$0,$4,$35,$174,$-3,$0,$0,$21,$409,$431,$-301,$127,$-333,$-161,$-494,$2,$2,$-16,$237,$-271,$31,$2,$-16
28,2011-09-30,10.35,$19.00,0.54,$6.63,1.56,$2.96,3.5,$0.95,10.9,$7.34B,$8.56B,0.86,$0.40B,$1.24B,0.32,$0.52B,$0.37B,70.91%,$0.52B,$0.13B,25.82%,$0.52B,0,0.00%,$0.52B,0,0.00%,$0.52B,$0.13B,25.82%,$0.52B,$0.07B,14.26%,$0.07B,$1.50B,5.05%,$0.07B,$1.17B,6.52%,$0.07B,$10.50B,0.70%,$0.13B,$1.89B,6.68%,$131,$33,$98,$0,$56,$91,$40,$0,$40,$14,$26,$26,$22,$0,$0,$79,79,$0.28,$0.28,$480,$0,$0,$7335,$107,$2430,$329,$298,$3164,$10499,$8557,$398,$49,$447,$9005,$1,$601,$-5,$1495,$10499,$73,$12,$12,$24,$12,$-153,$0,$12,$-129,$-32,$-2,$0,$0,$203,$567,$770,$-233,$534,$-351,$-154,$-504,$2,$2,$-12,$133,$-381,$122,$1,$-2
29,2011-06-30,14.9,$18.84,0.79,$6.55,2.28,$5.30,2.81,$0.84,17.74,$7.22B,$8.54B,0.85,$0.46B,$1.23B,0.37,$0.51B,$0.35B,67.77%,$0.51B,$0.12B,23.05%,$0.51B,0,0.00%,$0.51B,0,0.00%,$0.51B,$0.12B,23.05%,$0.51B,$0.07B,12.70%,$0.07B,$1.48B,4.47%,$0.07B,$1.15B,5.80%,$0.07B,$10.54B,0.60%,$0.12B,$1.94B,5.46%,$127,$36,$91,$0,$54,$91,$35,$0,$35,$11,$24,$24,$20,$0,$0,$79,79,$0.26,$0.26,$484,$0,$0,$7220,$108,$2598,$331,$279,$3315,$10536,$8539,$460,$56,$515,$9054,$1,$580,$4,$1482,$10536,$47,$8,$13,$21,$7,$0,$0,$2,$9,$77,$-2,$0,$0,$-35,$411,$376,$-82,$292,$-337,$-102,$-439,$1,$1,$-8,$117,$-328,$41,$1,$-2
30,2011-03-31,15.49,$18.47,0.84,$6.61,2.34,$5.69,2.72,$0.55,28.17,$6.97B,$8.56B,0.81,$0.55B,$1.20B,0.46,$0.52B,$0.34B,65.38%,$0.52B,$0.08B,15.47%,$0.52B,0,0.00%,$0.52B,0,0.00%,$0.52B,$0.08B,15.47%,$0.52B,$0.04B,8.32%,$0.04B,$1.45B,2.98%,$0.04B,$1.12B,3.88%,$0.04B,$10.61B,0.39%,$0.08B,$2.00B,3.48%,$126,$39,$88,$0,$52,$92,$34,$0,$34,$12,$22,$22,$18,$0,$0,$79,79,$0.23,$0.23,$261,$0,$0,$6965,$109,$2917,$332,$292,$3650,$10614,$8561,$551,$50,$601,$9162,$1,$561,$-5,$1452,$10614,$22,$4,$3,$8,$2,$0,$0,$-7,$-5,$25,$-1,$0,$0,$146,$76,$222,$-32,$189,$-197,$-102,$-299,$1,$1,$-4,$87,$-215,$-0,$0,$-1
31,2010-12-31,15.16,$18.29,0.83,$6.81,2.23,$6.26,2.42,$-0.09,0.0,$7.08B,$8.57B,0.83,$0.75B,$1.19B,0.63,$0.52B,$0.33B,63.22%,$0.52B,$-0.00B,-0.57%,$0.52B,0,0.00%,$0.52B,0,0.00%,$0.52B,$-0.00B,-0.57%,$0.52B,$-0.01B,-0.96%,$-0.01B,$1.44B,-0.35%,$-0.01B,$1.10B,-0.46%,$-0.01B,$10.80B,-0.04%,$-0.00B,$2.19B,-0.12%,$135,$43,$91,$0,$65,$109,$25,$0,$25,$7,$18,$18,$14,$0,$0,$77,77,$0.21,$0.21,$407,$0,$0,$7076,$109,$2996,$333,$288,$3726,$10802,$8567,$749,$50,$799,$9366,$1,$544,$-1,$1436,$10802,$12,$17,$122,$139,$-0,$-4,$0,$21,$17,$169,$-5,$0,$0,$-62,$723,$661,$-60,$597,$-378,$4,$-374,$125,$125,$-16,$-513,$-778,$-13,$3,$-16
32,2010-09-30,10.79,$18.43,0.59,$7.70,1.4,$6.69,1.61,$-0.91,0.0,$7.02B,$8.69B,0.81,$1.06B,$1.20B,0.89,$0.53B,$0.32B,61.14%,$0.53B,$-0.09B,-17.14%,$0.53B,0,0.00%,$0.53B,0,0.00%,$0.53B,$-0.09B,-17.14%,$0.53B,$-0.06B,-11.05%,$-0.06B,$1.45B,-4.14%,$-0.06B,$1.11B,-5.45%,$-0.06B,$11.25B,-0.50%,$-0.09B,$2.51B,-3.63%,$124,$47,$77,$0,$51,$100,$24,$0,$24,$7,$17,$17,$13,$0,$0,$79,79,$0.17,$0.17,$323,$0,$0,$7022,$109,$3522,$335,$265,$4231,$11253,$8691,$1063,$52,$1115,$9806,$1,$530,$24,$1447,$11253,$-6,$13,$137,$151,$8,$0,$0,$3,$10,$155,$-4,$0,$0,$6,$236,$242,$-79,$159,$-64,$9,$-55,$125,$125,$-12,$-397,$-339,$-26,$3,$-2
33,2010-06-30,9.36,$18.25,0.51,$8.94,1.05,$6.84,1.37,$-1.51,0.0,$7.14B,$8.86B,0.81,$1.06B,$1.19B,0.9,$0.54B,$0.33B,60.22%,$0.54B,$-0.15B,-26.89%,$0.54B,0,0.00%,$0.54B,0,0.00%,$0.54B,$-0.15B,-26.89%,$0.54B,$-0.09B,-17.13%,$-0.09B,$1.43B,-6.84%,$-0.09B,$1.10B,-9.10%,$-0.09B,$11.41B,-0.80%,$-0.15B,$2.50B,-5.95%,$132,$50,$82,$0,$84,$135,$-3,$0,$-3,$-5,$2,$2,$-2,$0,$0,$79,79,$-0.03,$-0.03,$490,$0,$0,$7138,$107,$3533,$336,$299,$4275,$11413,$8858,$1063,$60,$1123,$9980,$1,$518,$24,$1433,$11413,$-24,$9,$112,$122,$6,$0,$0,$4,$10,$108,$-2,$0,$0,$-157,$228,$71,$-32,$37,$-64,$-2,$-65,$125,$125,$-8,$-219,$-168,$-22,$2,$-2
34,2010-03-31,10.52,$18.05,0.58,$10.53,1.0,$5.04,2.09,$-2.06,0.0,$7.09B,$9.33B,0.76,$1.07B,$1.17B,0.91,$0.57B,$0.34B,59.86%,$0.57B,$-0.19B,-33.51%,$0.57B,0,0.00%,$0.57B,0,0.00%,$0.57B,$-0.19B,-33.51%,$0.57B,$-0.12B,-20.94%,$-0.12B,$1.42B,-9.14%,$-0.12B,$1.08B,-12.35%,$-0.12B,$11.87B,-1.03%,$-0.19B,$2.49B,-7.93%,$131,$52,$80,$0,$127,$180,$-49,$0,$-49,$-23,$-26,$-26,$-30,$0,$0,$73,73,$-0.41,$-0.41,$406,$0,$0,$7092,$108,$4024,$338,$309,$4779,$11871,$9325,$1068,$60,$1128,$10453,$1,$521,$7,$1417,$11871,$-26,$5,$70,$75,$2,$0,$0,$13,$15,$65,$-1,$0,$0,$-86,$-294,$-380,$-25,$-405,$-59,$2,$-57,$125,$125,$-4,$241,$305,$-35,$1,$-1
35,2009-12-31,6.83,$20.69,0.33,$12.06,0.57,$0.12,55.94,$-1.53,0.0,$7.15B,$9.09B,0.79,$1.13B,$1.07B,1.06,$0.61B,$0.36B,59.47%,$0.61B,$-0.13B,-21.25%,$0.61B,0,0.00%,$0.61B,0,0.00%,$0.61B,$-0.13B,-21.25%,$0.61B,$-0.08B,-13.84%,$-0.08B,$1.31B,-6.54%,$-0.08B,$0.97B,-8.93%,$-0.08B,$11.59B,-0.73%,$-0.13B,$2.44B,-5.36%,$138,$56,$82,$0,$142,$200,$-62,$0,$-62,$-27,$-35,$-35,$-39,$0,$0,$53,53,$-0.70,$-0.70,$355,$0,$0,$7151,$109,$3718,$339,$271,$4437,$11588,$9089,$1127,$60,$1187,$10275,$1,$552,$-1,$1313,$11588,$-67,$17,$252,$269,$38,$0,$0,$-94,$-56,$146,$-12,$0,$0,$-29,$-469,$-498,$231,$-280,$-513,$-105,$-618,$121,$121,$-22,$668,$148,$15,$6,$-22
36,2009-09-30,7.31,$24.11,0.3,$12.60,0.58,$0.47,15.51,$-0.97,0.0,$7.51B,$9.29B,0.81,$1.12B,$1.04B,1.08,$0.63B,$0.37B,58.31%,$0.63B,$-0.08B,-12.78%,$0.63B,0,0.00%,$0.63B,0,0.00%,$0.63B,$-0.08B,-12.78%,$0.63B,$-0.05B,-7.83%,$-0.05B,$1.28B,-3.83%,$-0.05B,$0.94B,-5.24%,$-0.05B,$11.75B,-0.42%,$-0.08B,$2.40B,-3.16%,$142,$59,$83,$0,$113,$174,$-32,$0,$-32,$-14,$-18,$-18,$-22,$0,$0,$50,50,$-0.43,$-0.43,$530,$0,$0,$7510,$109,$3565,$341,$225,$4240,$11750,$9288,$1121,$61,$1183,$10470,$1,$592,$16,$1279,$11750,$-32,$13,$144,$157,$30,$0,$0,$-28,$-10,$115,$-11,$0,$0,$-106,$-283,$-389,$144,$-256,$-519,$-112,$-631,$33,$33,$-19,$872,$254,$113,$4,$-10
37,2009-06-30,8.58,$25.02,0.34,$12.55,0.68,$0.56,15.36,$-0.40,0.0,$7.41B,$8.96B,0.83,$1.12B,$1.00B,1.12,$0.62B,$0.35B,55.79%,$0.62B,$-0.03B,-5.47%,$0.62B,0,0.00%,$0.62B,0,0.00%,$0.62B,$-0.03B,-5.47%,$0.62B,$-0.02B,-3.22%,$-0.02B,$1.24B,-1.65%,$-0.02B,$0.90B,-2.31%,$-0.02B,$11.40B,-0.18%,$-0.03B,$2.36B,-1.33%,$162,$63,$98,$0,$145,$210,$-49,$0,$-49,$-24,$-25,$-25,$-29,$0,$0,$50,50,$-0.58,$-0.58,$262,$0,$0,$7405,$108,$3331,$346,$207,$3991,$11396,$8963,$1120,$73,$1193,$10156,$1,$614,$-12,$1240,$11396,$-14,$8,$79,$87,$13,$-75,$0,$-13,$-88,$-15,$-8,$0,$0,$177,$-96,$81,$91,$164,$-520,$-105,$-625,$1,$1,$-16,$543,$-97,$52,$3,$-9
38,2009-03-31,9.35,$26.30,0.36,$12.39,0.75,$2.49,3.76,$0.57,16.4,$7.68B,$8.87B,0.87,$1.13B,$1.06B,1.07,$0.61B,$0.33B,53.83%,$0.61B,$0.04B,6.85%,$0.61B,0,0.00%,$0.61B,0,0.00%,$0.61B,$0.04B,6.85%,$0.61B,$0.03B,4.57%,$0.03B,$1.30B,2.43%,$0.03B,$0.96B,3.50%,$0.03B,$11.40B,0.25%,$0.04B,$2.43B,1.65%,$165,$67,$98,$0,$83,$152,$14,$0,$14,$3,$10,$10,$6,$0,$0,$50,50,$0.12,$0.12,$361,$0,$0,$7682,$108,$3117,$347,$144,$3716,$11398,$8865,$1130,$100,$1230,$10095,$1,$647,$21,$1303,$11398,$10,$4,$34,$38,$11,$-249,$0,$-5,$-243,$-194,$-6,$0,$0,$195,$152,$347,$33,$375,$-510,$-96,$-606,$1,$1,$-8,$429,$-184,$-4,$1,$-5
39,2008-12-31,21.17,$26.29,0.81,$12.30,1.72,$7.65,2.77,$1.00,21.17,$7.73B,$8.54B,0.91,$1.64B,$1.06B,1.55,$0.61B,$0.31B,51.56%,$0.61B,$0.07B,11.49%,$0.61B,0,0.00%,$0.61B,0,0.00%,$0.61B,$0.07B,11.49%,$0.61B,$0.05B,8.05%,$0.05B,$1.30B,4.56%,$0.05B,$0.95B,6.76%,$0.05B,$11.58B,0.45%,$0.07B,$2.94B,2.76%,$157,$71,$86,$0,$97,$170,$-13,$0,$-13,$-11,$-3,$-3,$-4,$0,$0,$49,50,$-0.08,$-0.08,$311,$0,$0,$7734,$104,$3259,$349,$137,$3849,$11583,$8538,$1640,$103,$1743,$10281,$1,$646,$23,$1301,$11583,$51,$13,$70,$84,$17,$0,$0,$16,$33,$168,$-24,$0,$0,$292,$-670,$-378,$-893,$-1296,$66,$230,$296,$21,$261,$-21,$558,$1094,$-34,$8,$-21
40,2008-09-30,21.08,$20.25,1.04,$12.49,1.69,$7.62,2.77,$1.70,12.4,$7.73B,$8.49B,0.91,$1.47B,$1.00B,1.46,$0.62B,$0.32B,50.56%,$0.62B,$0.13B,21.03%,$0.62B,0,0.00%,$0.62B,0,0.00%,$0.62B,$0.13B,21.03%,$0.62B,$0.08B,13.48%,$0.08B,$1.00B,8.46%,$0.08B,$0.65B,13.11%,$0.08B,$11.06B,0.79%,$0.13B,$2.47B,5.38%,$138,$73,$65,$0,$49,$123,$14,$0,$14,$7,$7,$7,$7,$0,$0,$49,50,$0.14,$0.14,$238,$0,$0,$7729,$98,$2766,$351,$112,$3326,$11055,$8485,$1467,$93,$1569,$10053,$1,$655,$-16,$1002,$11055,$53,$10,$40,$50,$12,$0,$0,$13,$24,$127,$-21,$0,$0,$363,$-247,$117,$-860,$-765,$-107,$151,$44,$2,$2,$-16,$571,$602,$-36,$6,$-16
41,2008-06-30,9.54,$20.13,0.47,$13.04,0.73,$7.51,1.27,$2.23,4.28,$7.58B,$8.40B,0.9,$1.32B,$1.00B,1.32,$0.65B,$0.34B,51.91%,$0.65B,$0.17B,26.03%,$0.65B,0,0.00%,$0.65B,0,0.00%,$0.65B,$0.17B,26.03%,$0.65B,$0.11B,17.00%,$0.11B,$1.00B,11.33%,$0.11B,$0.64B,17.75%,$0.11B,$10.81B,1.08%,$0.17B,$2.31B,7.16%,$153,$72,$81,$0,$52,$126,$27,$0,$27,$8,$19,$19,$19,$0,$0,$49,49,$0.39,$0.39,$271,$0,$0,$7580,$89,$2703,$352,$88,$3231,$10812,$8404,$1317,$87,$1413,$9817,$1,$653,$-19,$995,$10812,$47,$7,$17,$24,$7,$0,$0,$10,$15,$85,$-12,$0,$0,$362,$-171,$191,$-665,$-486,$-257,$199,$-58,$2,$2,$-10,$463,$397,$-4,$4,$-10
42,2008-03-31,18.08,$20.34,0.89,$12.98,1.39,$7.44,2.43,$2.44,7.41,$7.34B,$7.94B,0.93,$1.40B,$1.00B,1.39,$0.66B,$0.34B,51.98%,$0.66B,$0.19B,29.12%,$0.66B,0,0.00%,$0.66B,0,0.00%,$0.66B,$0.19B,29.12%,$0.66B,$0.12B,18.75%,$0.12B,$1.00B,12.81%,$0.12B,$0.65B,20.37%,$0.12B,$10.44B,1.25%,$0.19B,$2.41B,8.29%,$161,$79,$82,$0,$38,$118,$42,$0,$42,$15,$27,$27,$27,$0,$0,$49,50,$0.55,$0.55,$424,$0,$0,$7339,$83,$2616,$354,$52,$3104,$10443,$7937,$1401,$92,$1502,$9438,$1,$639,$7,$1004,$10443,$27,$3,$10,$14,$11,$0,$0,$9,$19,$60,$-5,$0,$0,$210,$-45,$165,$-241,$-81,$-174,$185,$12,$1,$1,$-5,$10,$17,$-3,$2,$-5
43,2007-12-31,23.0,$19.70,1.17,$12.56,1.83,$7.11,3.23,$2.46,9.35,$7.41B,$7.76B,0.95,$1.57B,$0.97B,1.62,$0.64B,$0.34B,52.57%,$0.64B,$0.20B,30.48%,$0.64B,0,0.00%,$0.64B,0,0.00%,$0.64B,$0.20B,30.48%,$0.64B,$0.13B,19.60%,$0.13B,$0.97B,13.34%,$0.13B,$0.62B,21.53%,$0.13B,$10.40B,1.34%,$0.20B,$2.55B,8.81%,$171,$84,$87,$0,$37,$123,$48,$0,$48,$17,$32,$32,$31,$0,$0,$50,51,$0.63,$0.62,$692,$0,$0,$7406,$77,$2507,$356,$56,$2996,$10403,$7764,$1574,$84,$1667,$9431,$1,$617,$-1,$972,$10403,$126,$13,$1,$15,$-13,$-5,$0,$27,$8,$149,$-3,$0,$-4,$-502,$-887,$-1389,$-915,$-2311,$724,$982,$1706,$-88,$-88,$-21,$550,$2147,$-14,$8,$-21
44,2007-09-30,27.88,$19.05,1.46,$11.93,2.34,$6.25,4.46,$2.42,11.52,$6.97B,$8.42B,0.83,$1.28B,$0.95B,1.35,$0.61B,$0.33B,53.67%,$0.61B,$0.20B,31.97%,$0.61B,0,0.00%,$0.61B,0,0.00%,$0.61B,$0.20B,31.97%,$0.61B,$0.13B,20.55%,$0.13B,$0.95B,13.45%,$0.13B,$0.59B,21.84%,$0.13B,$9.63B,1.43%,$0.20B,$2.23B,9.62%,$168,$79,$89,$0,$34,$115,$53,$0,$53,$19,$34,$34,$34,$0,$0,$50,50,$0.68,$0.67,$521,$0,$0,$6970,$75,$2190,$358,$36,$2659,$9628,$8419,$1284,$77,$1369,$8679,$1,$591,$-10,$949,$9628,$95,$10,$5,$15,$-15,$-5,$0,$13,$-7,$103,$0,$0,$-4,$-361,$-579,$-939,$-652,$-1595,$433,$757,$1190,$-74,$-74,$-15,$342,$1443,$-50,$6,$-15
45,2007-06-30,28.94,$18.35,1.58,$11.19,2.59,$5.93,4.88,$2.34,12.37,$6.58B,$6.79B,0.97,$1.11B,$0.92B,1.21,$0.58B,$0.32B,54.48%,$0.58B,$0.19B,32.93%,$0.58B,0,0.00%,$0.58B,0,0.00%,$0.58B,$0.19B,32.93%,$0.58B,$0.12B,21.21%,$0.12B,$0.92B,13.29%,$0.12B,$0.56B,21.66%,$0.12B,$8.90B,1.48%,$0.19B,$2.03B,10.09%,$156,$73,$83,$0,$33,$108,$48,$0,$48,$18,$31,$31,$31,$0,$0,$51,51,$0.60,$0.60,$402,$0,$0,$6578,$74,$1847,$360,$42,$2323,$8901,$6786,$1110,$80,$1198,$7984,$1,$563,$-16,$917,$8901,$61,$7,$8,$15,$-12,$-5,$0,$18,$1,$76,$-4,$0,$-4,$-213,$-251,$-463,$-386,$-857,$259,$468,$727,$-69,$-69,$-10,$113,$761,$-20,$4,$-10
46,2007-03-31,29.22,$18.35,1.59,$10.59,2.76,$5.55,5.27,$2.30,12.71,$6.21B,$6.50B,0.96,$1.16B,$0.94B,1.23,$0.55B,$0.31B,56.26%,$0.55B,$0.19B,34.30%,$0.55B,0,0.00%,$0.55B,0,0.00%,$0.55B,$0.19B,34.30%,$0.55B,$0.12B,21.96%,$0.12B,$0.94B,13.27%,$0.12B,$0.58B,21.76%,$0.12B,$8.69B,1.52%,$0.19B,$2.09B,10.48%,$148,$69,$79,$0,$29,$100,$47,$0,$47,$17,$30,$30,$30,$0,$0,$52,52,$0.58,$0.57,$318,$0,$0,$6208,$75,$1996,$362,$48,$2481,$8689,$6501,$1155,$86,$1249,$7750,$1,$537,$-8,$939,$8689,$30,$3,$7,$10,$-5,$0,$0,$10,$5,$45,$-3,$0,$-4,$-149,$-385,$-534,$-112,$-652,$305,$301,$606,$-25,$-25,$-5,$-4,$572,$-36,$2,$-5
47,2006-12-31,29.6,$18.16,1.63,$9.92,2.98,$5.72,5.17,$2.27,13.04,$5.90B,$6.15B,0.96,$0.85B,$0.94B,0.9,$0.51B,$0.30B,58.67%,$0.51B,$0.19B,36.06%,$0.51B,0,0.00%,$0.51B,0,0.00%,$0.51B,$0.19B,36.06%,$0.51B,$0.12B,23.00%,$0.12B,$0.94B,13.48%,$0.12B,$0.58B,21.84%,$0.12B,$8.03B,1.57%,$0.19B,$1.79B,11.53%,$141,$64,$78,$0,$28,$94,$48,$0,$48,$17,$31,$31,$31,$0,$0,$51,52,$0.58,$0.58,$154,$0,$0,$5896,$73,$1644,$360,$58,$2135,$8031,$6152,$849,$78,$936,$7088,$1,$521,$-12,$943,$8031,$118,$14,$7,$21,$-12,$-5,$0,$1,$-16,$122,$-18,$0,$-31,$-16,$-260,$-276,$-768,$-1093,$533,$123,$656,$6,$6,$-18,$351,$995,$24,$8,$-18
