,Date,Stock Price,Book Value per Share,Price to Book Ratio,TTM Sales per Share,Price to Sales Ratio,TTM FCF per Share,Price to FCF Ratio,TTM Net EPS,PE Ratio,Current Assets,Current Liabilities,Current Ratio,Long Term Debt,Shareholder's Equity_x,Debt to Equity Ratio,TTM Revenue_x,TTM Gross Profit,Gross Margin,TTM Revenue_y,TTM Operating Income,Operating Margin,TTM Revenue_x,TTM EBIT,EBIT Margin,TTM Revenue_y,TTM EBITDA,EBITDA Margin,TTM Revenue_x,TTM Pre-Tax Income,Pre-Tax Margin,TTM Revenue_y,TTM Net Income_x,Net Margin,TTM Net Income_y,Shareholder's Equity_y,Return on Equity,TTM Net Income_x,Tangible Equity,Return on Tangible Equity,TTM Net Income_y,Total Assets,Return on Assets,TTM Net Income,LT Investments & Debt,Return on Investment,revenue,cost-goods-sold,gross-profit,research-development-expenses,selling-general-administrative-expenses,operating-expenses,operating-income,total-non-operating-income-expense,pre-tax-income,total-provision-income-taxes,income-after-taxes,income-from-continuous-operations,net-income,ebitda,ebit,basic-shares-outstanding,shares-outstanding,eps-basic-net-earnings-per-share,eps-earnings-per-share-diluted,cash-on-hand,inventory,other-current-assets,total-current-assets,net-property-plant-equipment,long-term-investments,goodwill-intangible-assets-total,other-long-term-assets,total-long-term-assets,total-assets,total-current-liabilities,long-term-debt,other-non-current-liabilities,total-long-term-liabilities,total-liabilities,common-stock-net,retained-earnings-accumulated-deficit,comprehensive-income,total-share-holder-equity,total-liabilities-share-holders-equity,net-income-loss,total-depreciation-amortization-cash-flow,other-non-cash-items,total-non-cash-items,change-in-accounts-receivable,change-in-inventories,change-in-accounts-payable,change-in-assets-liabilities,total-change-in-assets-liabilities,cash-flow-from-operating-activities,net-change-in-property-plant-equipment,net-change-in-intangible-assets,net-acquisitions-divestitures,net-change-in-short-term-investments,net-change-in-long-term-investments,net-change-in-investments-total,investing-activities-other,cash-flow-from-investing-activities,net-long-term-debt,net-current-debt,debt-issuance-retirement-net-total,net-common-equity-issued-repurchased,net-total-equity-issued-repurchased,total-common-preferred-stock-dividends-paid,financial-activities-other,cash-flow-from-financial-activities,net-cash-flow,stock-based-compensation,common-stock-dividends-paid
0,2018-09-30,133.64,$110.46,1.21,$70.64,1.89,$23.78,5.62,$10.97,12.18,$26.64B,$101.79B,0.26,$12.15B,$50.93B,0.24,$33.11B,$8.89B,26.87%,$33.11B,$6.05B,18.29%,$33.11B,$6.05B,18.29%,$33.11B,$7.00B,21.13%,$33.11B,$5.29B,15.99%,$33.11B,$5.14B,15.53%,$5.14B,$50.93B,10.06%,$5.14B,$29.46B,17.58%,$5.14B,$167.68B,3.06%,$6.05B,$63.08B,9.57%,$8750,$6499,$2251,$0,$719,$7156,$1594,$-180,$1414,$183,$1231,$1231,$1231,$1820,$1594,$463,466,$2.66,$2.64,$1157,$0,$0,$26644,$0,$102974,$21471,$11693,$141040,$167684,$101787,$12149,$2143,$14963,$116750,$11121,$31491,$-2159,$50934,$167684,$3607,$707,$11,$718,$-1293,$0,$1787,$-129,$547,$3897,$0,$0,$0,$64,$-1591,$-1527,$-600,$-2127,$176,$0,$176,$-646,$-646,$-1001,$47,$-1424,$306,$0,$-1001
1,2018-06-30,127.02,$109.97,1.16,$70.32,1.81,$22.73,5.59,$8.18,15.53,$26.44B,$101.39B,0.26,$12.18B,$50.97B,0.24,$32.97B,$7.35B,22.29%,$32.97B,$4.51B,13.67%,$32.97B,$4.51B,13.67%,$32.97B,$5.46B,16.56%,$32.97B,$3.73B,11.30%,$32.97B,$3.84B,11.65%,$3.84B,$50.97B,7.53%,$3.84B,$29.21B,13.27%,$3.84B,$167.53B,2.29%,$4.51B,$63.16B,7.15%,$8510,$6101,$2409,$0,$747,$6818,$1692,$-180,$1512,$218,$1294,$1294,$1294,$1933,$1692,$465,468,$2.78,$2.76,$1101,$0,$0,$26438,$0,$103042,$21759,$11379,$141096,$167534,$101390,$12184,$2355,$15173,$116563,$11121,$30260,$-1520,$50971,$167534,$2376,$481,$-87,$394,$-951,$0,$698,$-205,$-234,$2197,$0,$0,$0,$401,$-1121,$-720,$-540,$-1260,$276,$0,$276,$-287,$-287,$-661,$23,$-649,$250,$0,$-661
2,2018-03-31,135.98,$110.10,1.24,$69.34,1.96,$21.52,6.32,$8.19,16.6,$26.85B,$101.89B,0.26,$12.79B,$51.29B,0.25,$32.56B,$7.29B,22.39%,$32.56B,$4.54B,13.93%,$32.56B,$4.54B,13.93%,$32.56B,$5.48B,16.84%,$32.56B,$3.72B,11.42%,$32.56B,$3.85B,11.82%,$3.85B,$51.29B,7.58%,$3.85B,$29.16B,13.41%,$3.85B,$168.78B,2.31%,$4.54B,$64.07B,7.23%,$7831,$5717,$2114,$0,$692,$6447,$1384,$-167,$1217,$135,$1082,$1082,$1082,$1624,$1384,$466,469,$2.32,$2.30,$2113,$0,$0,$26846,$0,$103985,$22123,$10984,$141935,$168781,$101893,$12786,$2039,$15601,$117494,$11121,$28965,$-502,$51287,$168781,$1082,$240,$0,$240,$-33,$0,$-725,$-42,$-712,$551,$0,$0,$0,$731,$-1428,$-697,$-184,$-881,$1879,$0,$1879,$-29,$-29,$-330,$47,$1567,$1262,$0,$-330
3,2017-12-31,144.54,$110.32,1.31,$68.54,2.11,$22.49,6.43,$8.20,17.63,$25.40B,$101.55B,0.25,$11.56B,$51.17B,0.23,$32.24B,$7.33B,22.74%,$32.24B,$4.64B,14.39%,$32.24B,$4.64B,14.39%,$32.24B,$5.59B,17.35%,$32.24B,$3.72B,11.54%,$32.24B,$3.86B,11.97%,$3.86B,$51.17B,7.68%,$3.86B,$29.12B,13.69%,$3.86B,$167.02B,2.35%,$4.64B,$62.73B,7.47%,$8015,$5895,$2120,$0,$737,$6631,$1384,$-233,$1151,$-382,$1533,$1533,$1533,$1618,$1384,$467,471,$3.29,$3.26,$851,$0,$0,$25403,$0,$104341,$22054,$10501,$141619,$167022,$101550,$11556,$1737,$14300,$115850,$11121,$27474,$543,$51172,$167022,$3861,$954,$-611,$343,$-1491,$0,$2372,$-82,$434,$4503,$0,$0,$0,$-537,$-1791,$-2328,$-114,$-2442,$-496,$0,$-496,$-650,$-650,$-1308,$135,$-2319,$-257,$0,$-1308
4,2017-09-30,140.32,$108.74,1.29,$69.06,2.03,$24.29,5.78,$8.34,16.82,$25.63B,$102.34B,0.25,$11.56B,$50.47B,0.23,$32.40B,$7.95B,24.53%,$32.40B,$5.41B,16.70%,$32.40B,$5.41B,16.70%,$32.40B,$6.47B,19.97%,$32.40B,$4.44B,13.71%,$32.40B,$3.94B,12.16%,$3.94B,$50.47B,7.94%,$3.94B,$28.21B,14.33%,$3.94B,$167.58B,2.42%,$5.41B,$62.03B,8.78%,$8610,$7904,$706,$0,$714,$8565,$45,$-200,$-155,$-85,$-70,$-70,$-70,$283,$45,$466,466,$-0.15,$-0.15,$1088,$0,$0,$25631,$0,$104326,$22265,$10665,$141947,$167578,$102344,$11559,$1757,$14763,$117107,$11121,$25941,$1069,$50471,$167578,$2328,$720,$-235,$485,$-1325,$0,$2734,$-14,$1133,$3411,$0,$0,$0,$44,$-1325,$-1281,$-60,$-1341,$-495,$0,$-495,$-598,$-598,$-978,$101,$-1970,$105,$0,$-978
5,2017-06-30,142.39,$108.19,1.32,$68.69,2.07,$25.12,5.67,$11.37,12.52,$24.52B,$98.00B,0.25,$11.67B,$50.35B,0.23,$32.31B,$9.83B,30.42%,$32.31B,$7.27B,22.49%,$32.31B,$7.27B,22.49%,$32.31B,$8.59B,26.60%,$32.31B,$6.23B,19.29%,$32.31B,$5.37B,16.61%,$5.37B,$50.35B,10.94%,$5.37B,$28.34B,19.96%,$5.37B,$162.99B,3.33%,$7.27B,$62.02B,11.85%,$8108,$5758,$2350,$0,$706,$6384,$1724,$-219,$1505,$200,$1305,$1305,$1305,$1958,$1724,$468,472,$2.79,$2.77,$1297,$0,$0,$24515,$0,$102108,$22013,$9806,$138473,$162988,$97996,$11667,$1546,$14643,$112639,$11121,$26011,$370,$50349,$162988,$2398,$482,$-206,$276,$-278,$0,$-216,$-139,$-736,$1640,$0,$0,$0,$354,$-129,$225,$-102,$123,$-495,$0,$-495,$-386,$-386,$-646,$84,$-1443,$331,$0,$-646
6,2017-03-31,132.8,$105.35,1.26,$68.27,1.95,$26.21,5.07,$10.14,13.1,$23.90B,$97.10B,0.25,$12.30B,$49.22B,0.25,$32.10B,$9.42B,29.33%,$32.10B,$6.68B,20.80%,$32.10B,$6.68B,20.80%,$32.10B,$8.50B,26.46%,$32.10B,$5.61B,17.47%,$32.10B,$4.79B,14.92%,$4.79B,$49.22B,9.92%,$4.79B,$27.16B,18.50%,$4.79B,$160.97B,2.98%,$6.68B,$61.52B,10.98%,$7510,$5354,$2156,$0,$676,$6024,$1486,$-265,$1221,$128,$1093,$1093,$1093,$1734,$1486,$469,473,$2.33,$2.31,$1063,$0,$0,$23899,$0,$101399,$22061,$9202,$137068,$160967,$97096,$12300,$1072,$14647,$111743,$11121,$24706,$0,$49224,$160967,$1093,$248,$-120,$128,$-97,$0,$-336,$-81,$-323,$1013,$0,$0,$0,$232,$-309,$-77,$11,$-66,$-499,$0,$-499,$-128,$-128,$-324,$93,$-858,$72,$0,$-324
7,2016-12-31,128.13,$103.60,1.24,$67.66,1.89,$26.33,4.87,$8.81,14.54,$23.71B,$96.51B,0.25,$12.61B,$48.28B,0.26,$31.47B,$8.93B,28.36%,$31.47B,$6.05B,19.22%,$31.47B,$6.05B,19.22%,$31.47B,$8.36B,26.57%,$31.47B,$4.95B,15.73%,$31.47B,$4.14B,13.14%,$4.14B,$48.28B,8.72%,$4.14B,$26.18B,16.72%,$4.14B,$159.79B,2.59%,$6.05B,$60.89B,10.07%,$8168,$5433,$2735,$0,$708,$6014,$2154,$-285,$1869,$259,$1610,$1610,$1610,$2496,$2154,$463,466,$3.51,$3.48,$985,$0,$0,$23714,$0,$101033,$22095,$8630,$136072,$159786,$96512,$12610,$1093,$14999,$111511,$11121,$23613,$-314,$48275,$159786,$4135,$2315,$241,$2556,$-974,$0,$591,$18,$-218,$5292,$0,$0,$-14248,$12350,$-3427,$8923,$10,$-5315,$-1,$0,$-1,$167,$167,$-1173,$265,$-742,$-790,$0,$-1173
8,2016-09-30,121.22,$103.96,1.17,$64.36,1.88,$26.73,4.54,$7.48,16.21,$23.01B,$97.95B,0.24,$12.62B,$48.37B,0.26,$27.98B,$7.67B,27.42%,$27.98B,$4.76B,17.01%,$27.98B,$4.76B,17.01%,$27.98B,$6.95B,24.83%,$27.98B,$3.83B,13.69%,$27.98B,$3.21B,11.47%,$3.21B,$48.37B,7.52%,$3.21B,$25.90B,13.34%,$3.21B,$161.81B,2.21%,$4.76B,$60.99B,8.74%,$8527,$5938,$2589,$0,$772,$6623,$1904,$-267,$1637,$277,$1360,$1360,$1360,$2406,$1904,$468,471,$2.90,$2.88,$870,$0,$0,$23006,$0,$102984,$22472,$9110,$138804,$161810,$97950,$12621,$1141,$15488,$113438,$11121,$22003,$1197,$48372,$161810,$2525,$1973,$497,$2470,$-448,$0,$538,$33,$431,$3837,$0,$0,$-14248,$11866,$-1918,$9948,$26,$-4274,$2,$0,$2,$117,$117,$-851,$222,$-510,$-905,$0,$-851
9,2016-06-30,125.41,$101.56,1.23,$61.16,2.05,$26.84,4.67,$6.22,20.16,$22.98B,$97.49B,0.24,$12.63B,$47.23B,0.27,$24.32B,$6.45B,26.52%,$24.32B,$3.59B,14.77%,$24.32B,$3.59B,14.77%,$24.32B,$5.32B,21.88%,$24.32B,$2.85B,11.73%,$24.32B,$2.38B,9.77%,$2.38B,$47.23B,6.28%,$2.38B,$24.30B,10.14%,$2.38B,$160.20B,1.84%,$3.59B,$59.86B,7.56%,$7897,$5960,$1937,$0,$829,$6765,$1132,$-251,$881,$155,$726,$726,$726,$1859,$1132,$468,471,$1.55,$1.54,$1011,$0,$0,$22977,$0,$101804,$22923,$8551,$137226,$160203,$97486,$12631,$1143,$15491,$112977,$11121,$20643,$1181,$47226,$160203,$1165,$1471,$658,$2129,$-266,$0,$265,$12,$78,$2153,$0,$0,$-14248,$11711,$-216,$11495,$81,$-2672,$2,$0,$2,$92,$92,$-530,$167,$-269,$-764,$0,$-530
10,2016-03-31,113.7,$98.86,1.15,$59.76,1.9,$28.02,4.06,$7.55,15.06,$21.86B,$95.66B,0.23,$12.64B,$45.90B,0.28,$21.48B,$6.27B,29.17%,$21.48B,$3.62B,16.84%,$21.48B,$3.62B,16.84%,$21.48B,$4.65B,21.67%,$21.48B,$3.06B,14.24%,$21.48B,$2.59B,12.07%,$2.59B,$45.90B,7.75%,$2.59B,$22.54B,11.15%,$2.59B,$156.64B,2.27%,$3.62B,$58.53B,8.82%,$6877,$5213,$1664,$0,$772,$6020,$857,$-294,$563,$124,$439,$439,$439,$1601,$857,$447,450,$0.98,$0.97,$1091,$0,$0,$21859,$0,$99521,$23359,$8529,$134785,$156644,$95657,$12636,$1004,$15090,$110747,$11121,$19917,$367,$45897,$156644,$439,$744,$352,$1096,$798,$0,$-709,$14,$246,$1020,$0,$0,$-14262,$11932,$656,$12588,$59,$-1615,$853,$-853,$0,$51,$51,$-218,$65,$-102,$-684,$0,$-218
11,2015-12-31,110.88,$89.77,1.24,$57.71,1.92,$28.99,3.82,$8.62,12.86,$18.67B,$62.43B,0.3,$9.39B,$29.14B,0.32,$18.99B,$6.02B,31.70%,$18.99B,$3.63B,19.11%,$18.99B,$3.63B,19.11%,$18.99B,$3.96B,20.85%,$18.99B,$3.30B,17.36%,$18.99B,$2.83B,14.93%,$2.83B,$29.14B,9.65%,$2.83B,$23.45B,11.98%,$2.83B,$102.31B,2.85%,$3.63B,$38.52B,10.41%,$4679,$3197,$1482,$0,$570,$3812,$867,$-117,$750,$67,$683,$683,$683,$1081,$867,$326,329,$2.11,$2.09,$1775,$0,$0,$18671,$0,$67812,$5683,$6949,$83635,$102306,$62428,$9389,$1047,$10743,$73171,$7833,$19478,$-735,$29135,$102306,$2834,$329,$533,$862,$198,$0,$623,$-212,$461,$3864,$0,$0,$264,$-8216,$1921,$-6295,$-263,$-6294,$4942,$0,$4942,$-627,$-627,$-862,$242,$3695,$1120,$0,$-862
12,2015-09-30,97.57,$89.88,1.09,$57.45,1.7,$30.51,3.2,$8.20,11.9,$17.75B,$63.16B,0.28,$4.16B,$29.13B,0.14,$19.05B,$5.96B,31.29%,$19.05B,$3.62B,18.99%,$19.05B,$3.62B,18.99%,$19.05B,$3.76B,19.74%,$19.05B,$3.33B,17.50%,$19.05B,$2.71B,14.21%,$2.71B,$29.13B,9.18%,$2.71B,$23.41B,11.39%,$2.71B,$97.76B,2.75%,$3.62B,$33.28B,10.81%,$4871,$3503,$1368,$0,$568,$4134,$737,$-77,$660,$132,$528,$528,$528,$781,$737,$324,327,$1.63,$1.62,$1038,$0,$0,$17753,$0,$63978,$5713,$7112,$80007,$97760,$63155,$4157,$1012,$5478,$68633,$7833,$18795,$-192,$29127,$97760,$2151,$115,$413,$528,$456,$0,$325,$-182,$591,$2699,$0,$0,$259,$421,$-1967,$-1546,$-138,$-1425,$349,$1,$350,$-669,$-669,$-644,$186,$-777,$383,$0,$-644
13,2015-06-30,95.31,$91.27,1.04,$57.96,1.64,$31.80,3.0,$8.90,10.71,$18.53B,$64.74B,0.29,$4.16B,$29.56B,0.14,$19.37B,$6.16B,31.78%,$19.37B,$3.91B,20.18%,$19.37B,$3.91B,20.18%,$19.37B,$4.05B,20.92%,$19.37B,$3.63B,18.76%,$19.37B,$2.96B,15.29%,$2.96B,$29.56B,9.97%,$2.96B,$23.59B,12.32%,$2.96B,$99.84B,3.01%,$3.91B,$33.71B,11.62%,$5048,$3297,$1751,$0,$578,$3892,$1156,$-71,$1085,$143,$942,$942,$942,$1191,$1156,$325,329,$2.89,$2.86,$790,$0,$0,$18525,$0,$64871,$5969,$7384,$81315,$99840,$64738,$4157,$1081,$5547,$70285,$7833,$18267,$607,$29555,$99840,$1623,$71,$71,$142,$-261,$0,$1027,$-261,$385,$1891,$0,$0,$255,$228,$-1432,$-1204,$-71,$-1020,$350,$0,$350,$-704,$-704,$-427,$122,$-659,$135,$0,$-427
14,2015-03-31,103.84,$90.81,1.14,$56.72,1.83,$32.19,3.23,$8.31,12.5,$17.78B,$63.20B,0.28,$4.16B,$29.70B,0.14,$19.14B,$5.93B,30.99%,$19.14B,$3.74B,19.53%,$19.14B,$3.74B,19.53%,$19.14B,$3.91B,20.42%,$19.14B,$3.46B,18.08%,$19.14B,$2.80B,14.63%,$2.80B,$29.70B,9.36%,$2.80B,$24.19B,11.49%,$2.80B,$98.40B,2.86%,$3.74B,$33.86B,11.05%,$4389,$2971,$1418,$0,$554,$3520,$869,$-68,$801,$120,$681,$681,$681,$905,$869,$328,332,$2.08,$2.05,$948,$0,$0,$17777,$0,$65454,$5516,$6744,$80621,$98398,$63196,$4157,$1034,$5500,$68696,$7833,$17325,$1152,$29702,$98398,$681,$36,$96,$132,$427,$0,$52,$-32,$467,$1075,$0,$0,$0,$-255,$-612,$-867,$-153,$-1020,$1277,$-477,$800,$-308,$-308,$-214,$55,$333,$293,$0,$-214
15,2014-12-31,106.37,$90.02,1.18,$56.41,1.89,$32.60,3.26,$8.40,12.66,$18.29B,$63.66B,0.29,$3.36B,$29.59B,0.11,$19.17B,$5.93B,30.93%,$19.17B,$3.77B,19.65%,$19.17B,$3.77B,19.65%,$19.17B,$3.96B,20.63%,$19.17B,$3.49B,18.19%,$19.17B,$2.85B,14.88%,$2.85B,$29.59B,9.57%,$2.85B,$23.86B,11.74%,$2.85B,$98.25B,2.94%,$3.77B,$32.94B,11.20%,$4737,$3314,$1423,$0,$590,$3883,$854,$-67,$787,$232,$555,$555,$555,$883,$854,$336,339,$1.69,$1.68,$655,$0,$0,$18290,$0,$64426,$5724,$6912,$79958,$98248,$63664,$3357,$1331,$4997,$68661,$8055,$16644,$1191,$29587,$98248,$2853,$188,$652,$840,$-346,$0,$1383,$-89,$1051,$4496,$0,$0,$-766,$-603,$-861,$-1464,$-274,$-2504,$198,$1,$199,$-1302,$-1302,$-862,$188,$-1777,$76,$0,$-862
16,2014-09-30,96.54,$90.38,1.07,$57.18,1.69,$31.03,3.11,$9.64,10.01,$17.17B,$61.73B,0.28,$4.06B,$30.02B,0.14,$19.51B,$6.23B,31.92%,$19.51B,$4.07B,20.86%,$19.51B,$4.07B,20.86%,$19.51B,$4.29B,21.99%,$19.51B,$3.79B,19.41%,$19.51B,$3.30B,16.90%,$3.30B,$30.02B,11.12%,$3.30B,$24.59B,13.62%,$3.30B,$97.56B,3.43%,$4.07B,$34.07B,12.12%,$5200,$3634,$1566,$0,$554,$4169,$1031,$-70,$961,$176,$785,$785,$785,$1075,$1031,$334,338,$2.35,$2.32,$806,$0,$0,$17168,$0,$64807,$5425,$7157,$80389,$97557,$61733,$4057,$1441,$5807,$67540,$8278,$16089,$1608,$30017,$97557,$2298,$159,$338,$497,$56,$0,$861,$-41,$970,$3222,$0,$0,$-172,$-984,$-385,$-1369,$-147,$-1688,$198,$0,$198,$-913,$-913,$-646,$121,$-1240,$227,$0,$-646
17,2014-06-30,94.29,$90.19,1.05,$56.82,1.66,$29.44,3.2,$9.98,9.45,$16.91B,$61.32B,0.28,$4.06B,$30.33B,0.13,$19.48B,$6.36B,32.65%,$19.48B,$4.18B,21.46%,$19.48B,$4.18B,21.46%,$19.48B,$4.43B,22.74%,$19.48B,$3.90B,20.00%,$19.48B,$3.43B,17.59%,$3.43B,$30.33B,11.74%,$3.43B,$24.80B,14.43%,$3.43B,$97.45B,3.59%,$4.18B,$34.38B,12.65%,$4815,$3290,$1525,$0,$566,$3831,$984,$-72,$912,$133,$779,$779,$779,$1046,$984,$338,341,$2.30,$2.28,$594,$0,$0,$16912,$0,$65160,$5522,$7057,$80535,$97447,$61315,$4057,$1441,$5807,$67122,$8501,$15304,$2095,$30325,$97447,$1513,$115,$294,$409,$288,$0,$419,$-171,$480,$2096,$0,$0,$-172,$-295,$-874,$-1169,$-118,$-1459,$199,$0,$199,$-482,$-482,$-428,$86,$-625,$15,$0,$-428
18,2014-03-31,90.07,$86.90,1.04,$56.38,1.6,$28.55,3.15,$10.29,8.75,$16.59B,$60.14B,0.28,$3.81B,$29.37B,0.13,$19.37B,$6.52B,33.64%,$19.37B,$4.28B,22.08%,$19.37B,$4.28B,22.08%,$19.37B,$4.53B,23.39%,$19.37B,$3.99B,20.60%,$19.37B,$3.54B,18.27%,$3.54B,$29.37B,12.45%,$3.54B,$23.99B,15.38%,$3.54B,$95.18B,3.75%,$4.28B,$33.18B,13.27%,$4419,$3003,$1416,$0,$535,$3521,$898,$-71,$827,$93,$734,$734,$734,$951,$898,$339,342,$2.16,$2.14,$847,$0,$0,$16585,$0,$63581,$5382,$6713,$78594,$95179,$60142,$3808,$1551,$5668,$65810,$8724,$14525,$1526,$29369,$95179,$734,$53,$104,$157,$740,$0,$-224,$-52,$479,$1250,$0,$0,$0,$-765,$312,$-453,$-50,$-503,$0,$0,$0,$-295,$-295,$-214,$37,$-472,$268,$0,$-214
19,2013-12-31,93.53,$84.83,1.1,$55.99,1.67,$27.55,3.39,$10.92,8.57,$17.05B,$59.94B,0.28,$3.81B,$28.83B,0.13,$19.26B,$6.74B,34.99%,$19.26B,$4.51B,23.43%,$19.26B,$4.51B,23.43%,$19.26B,$4.78B,24.82%,$19.26B,$4.24B,22.00%,$19.26B,$3.76B,19.51%,$3.76B,$28.83B,13.39%,$3.76B,$23.42B,16.50%,$3.76B,$94.51B,4.00%,$4.51B,$32.63B,14.10%,$5074,$3355,$1719,$0,$570,$3918,$1156,$-70,$1086,$88,$998,$998,$998,$1217,$1156,$341,344,$2.93,$2.90,$579,$0,$0,$17050,$0,$62490,$5404,$6637,$77460,$94510,$59936,$3807,$1633,$5749,$65685,$8899,$13791,$1152,$28825,$94510,$3758,$268,$-264,$4,$186,$0,$441,$-31,$551,$4022,$0,$0,$-977,$524,$-3596,$-3072,$-393,$-4442,$947,$0,$947,$-152,$-152,$-517,$113,$391,$-36,$0,$-517
20,2013-09-30,84.15,$82.98,1.01,$54.92,1.53,$27.52,3.06,$10.24,8.22,$17.57B,$60.72B,0.29,$3.81B,$28.22B,0.14,$18.87B,$6.25B,33.09%,$18.87B,$4.05B,21.46%,$18.87B,$4.05B,21.46%,$18.87B,$4.32B,22.87%,$18.87B,$3.78B,20.04%,$18.87B,$3.53B,18.68%,$3.53B,$28.22B,12.70%,$3.53B,$22.75B,15.62%,$3.53B,$94.58B,3.77%,$4.05B,$32.03B,12.83%,$5172,$3471,$1701,$0,$563,$4029,$1143,$-72,$1071,$155,$916,$916,$916,$1216,$1143,$341,344,$2.68,$2.66,$768,$0,$0,$17571,$0,$61927,$5465,$6813,$77013,$94584,$60718,$3807,$1520,$5648,$66366,$9073,$12793,$1374,$28218,$94584,$2760,$207,$-181,$26,$-101,$0,$772,$-69,$604,$2736,$0,$0,$-977,$525,$-2499,$-1974,$-188,$-3139,$947,$1,$948,$-121,$-121,$-343,$68,$552,$153,$0,$-343
21,2013-06-30,79.25,$80.26,0.99,$54.87,1.44,$28.39,2.79,$9.44,8.4,$17.38B,$60.58B,0.29,$3.81B,$27.30B,0.14,$18.84B,$5.90B,31.30%,$18.84B,$3.76B,19.94%,$18.84B,$3.76B,19.94%,$18.84B,$4.01B,21.27%,$18.84B,$3.50B,18.57%,$18.84B,$3.25B,17.25%,$3.25B,$27.30B,11.84%,$3.25B,$21.90B,14.53%,$3.25B,$93.69B,3.48%,$3.76B,$31.10B,12.06%,$4705,$3025,$1680,$0,$564,$3626,$1079,$-73,$1006,$115,$891,$891,$891,$1147,$1079,$341,344,$2.61,$2.59,$679,$0,$0,$17383,$0,$61238,$5395,$6842,$76305,$93688,$60582,$3807,$1665,$5811,$66393,$9249,$11877,$1260,$27295,$93688,$1844,$134,$-212,$-78,$-71,$0,$918,$-179,$688,$1808,$0,$0,$-977,$-137,$-1136,$-1273,$-126,$-2376,$947,$0,$947,$-150,$-150,$-169,$30,$658,$64,$0,$-169
22,2013-03-31,78.41,$82.17,0.95,$52.65,1.49,$27.17,2.89,$7.81,10.04,$16.77B,$59.07B,0.28,$4.31B,$27.94B,0.15,$18.06B,$5.30B,29.36%,$18.06B,$3.22B,17.81%,$18.06B,$3.22B,17.81%,$18.06B,$3.46B,19.14%,$18.06B,$2.97B,16.43%,$18.06B,$2.69B,14.87%,$2.69B,$27.94B,9.93%,$2.69B,$23.03B,12.14%,$2.69B,$93.46B,2.90%,$3.22B,$32.25B,10.49%,$4310,$2671,$1639,$0,$514,$3175,$1135,$-60,$1075,$122,$953,$953,$953,$1201,$1135,$341,344,$2.80,$2.77,$855,$0,$0,$16770,$0,$62936,$4909,$6375,$76691,$93461,$59071,$4307,$1789,$6448,$65519,$9423,$10986,$2650,$27942,$93461,$953,$66,$-171,$-105,$400,$0,$-91,$-58,$280,$913,$0,$0,$-33,$-687,$-691,$-1378,$-55,$-1466,$947,$1,$948,$-154,$-154,$-2,$21,$813,$240,$0,$-2
23,2012-12-31,69.94,$80.90,0.86,$52.36,1.34,$26.19,2.67,$7.88,8.88,$17.08B,$59.55B,0.29,$3.36B,$27.53B,0.12,$17.94B,$5.32B,29.64%,$17.94B,$3.23B,17.99%,$17.94B,$3.23B,17.99%,$17.94B,$3.45B,19.21%,$17.94B,$2.98B,16.59%,$17.94B,$2.71B,15.09%,$2.71B,$27.53B,10.24%,$2.71B,$22.56B,12.58%,$2.71B,$92.55B,2.95%,$3.23B,$30.89B,10.83%,$4687,$3461,$1226,$0,$553,$3994,$693,$-63,$630,$-135,$765,$765,$765,$752,$693,$340,343,$2.25,$2.23,$615,$0,$0,$17081,$0,$61884,$4975,$6279,$75464,$92545,$59550,$3360,$1795,$5464,$65014,$9591,$10033,$2887,$27531,$92545,$2706,$220,$-85,$135,$759,$0,$690,$-123,$1159,$3995,$0,$0,$-98,$117,$-2903,$-2786,$-555,$-3439,$0,$150,$150,$115,$115,$-815,$0,$-550,$1,$0,$-815
24,2012-09-30,65.86,$79.36,0.83,$51.83,1.27,$24.71,2.66,$7.86,8.38,$18.08B,$59.81B,0.3,$3.36B,$26.96B,0.13,$17.73B,$5.53B,31.20%,$17.73B,$3.45B,19.47%,$17.73B,$3.45B,19.47%,$17.73B,$3.66B,20.64%,$17.73B,$3.20B,18.06%,$17.73B,$2.68B,15.09%,$2.68B,$26.96B,10.44%,$2.68B,$21.97B,12.89%,$2.68B,$93.51B,2.96%,$3.45B,$30.32B,11.91%,$5138,$3786,$1352,$0,$519,$4288,$850,$-63,$787,$147,$640,$640,$640,$908,$850,$340,343,$1.88,$1.86,$690,$0,$0,$18081,$0,$61367,$4990,$6933,$75427,$93508,$59807,$3360,$2848,$6738,$66545,$9759,$9268,$3014,$26963,$93508,$1941,$161,$240,$401,$-175,$0,$1325,$-115,$1079,$3025,$0,$0,$-98,$0,$-2245,$-2245,$-339,$-2682,$0,$151,$151,$62,$62,$-484,$0,$-271,$76,$0,$-484
25,2012-06-30,63.73,$75.98,0.84,$49.54,1.29,$24.75,2.57,$5.91,10.78,$17.61B,$58.17B,0.3,$3.36B,$25.76B,0.13,$16.88B,$4.98B,29.48%,$16.88B,$2.79B,16.52%,$16.88B,$2.79B,16.52%,$16.88B,$2.98B,17.66%,$16.88B,$2.54B,15.04%,$16.88B,$2.00B,11.83%,$2.00B,$25.76B,8.05%,$2.00B,$20.94B,9.99%,$2.00B,$90.70B,2.24%,$2.79B,$29.12B,9.90%,$3926,$2840,$1086,$0,$514,$3388,$538,$-62,$476,$148,$328,$328,$328,$596,$538,$340,343,$0.96,$0.96,$617,$0,$0,$17611,$0,$59199,$4826,$6798,$73090,$90701,$58168,$3360,$2940,$6771,$64939,$9927,$8628,$2338,$25762,$90701,$1301,$103,$135,$238,$123,$0,$121,$-283,$-39,$1383,$0,$0,$-30,$0,$-965,$-965,$-255,$-1250,$0,$151,$151,$44,$44,$-318,$0,$-123,$3,$0,$-318
26,2012-03-31,62.93,$75.09,0.84,$50.53,1.25,$26.75,2.35,$6.72,9.37,$17.50B,$57.55B,0.3,$3.36B,$25.43B,0.13,$17.21B,$5.20B,30.20%,$17.21B,$3.03B,17.59%,$17.21B,$3.03B,17.59%,$17.21B,$3.20B,18.57%,$17.21B,$2.78B,16.15%,$17.21B,$2.26B,13.15%,$2.26B,$25.43B,9.27%,$2.26B,$20.57B,11.56%,$2.26B,$89.75B,2.55%,$3.03B,$28.79B,10.91%,$4185,$2533,$1652,$0,$510,$3040,$1145,$-62,$1083,$110,$973,$973,$973,$1190,$1145,$339,342,$2.87,$2.84,$715,$0,$0,$17502,$0,$58368,$4860,$6802,$72247,$89749,$57547,$3360,$2901,$6771,$64318,$10095,$8300,$2209,$25431,$89749,$973,$45,$-261,$-216,$375,$0,$-391,$-83,$-58,$572,$0,$0,$-25,$0,$-487,$-487,$-103,$-615,$0,$281,$281,$17,$17,$-159,$0,$139,$101,$0,$-159
27,2011-12-31,59.51,$72.22,0.82,$49.49,1.2,$28.03,2.12,$4.64,12.82,$17.64B,$57.78B,0.31,$3.36B,$24.33B,0.14,$16.83B,$4.44B,26.38%,$16.83B,$2.29B,13.62%,$16.83B,$2.29B,13.62%,$16.83B,$2.44B,14.52%,$16.83B,$2.04B,12.13%,$16.83B,$1.54B,9.15%,$1.54B,$24.33B,6.45%,$1.54B,$19.53B,8.07%,$1.54B,$87.32B,1.75%,$2.29B,$27.69B,8.41%,$4479,$3037,$1442,$0,$531,$3561,$918,$-63,$855,$120,$735,$735,$735,$965,$918,$338,341,$2.17,$2.16,$614,$0,$0,$17639,$0,$57251,$4799,$5411,$69682,$87321,$57776,$3360,$1385,$5213,$62989,$10095,$7327,$1911,$24332,$87321,$1540,$152,$810,$962,$339,$0,$385,$-34,$729,$3470,$0,$0,$-606,$-300,$-1648,$-1948,$-482,$-3036,$0,$-50,$-50,$-56,$-56,$-459,$0,$-565,$-158,$0,$-459
28,2011-09-30,51.43,$70.60,0.73,$49.27,1.04,$28.24,1.82,$5.36,9.59,$19.25B,$59.17B,0.33,$3.36B,$23.75B,0.14,$16.76B,$4.70B,28.03%,$16.76B,$2.54B,15.16%,$16.76B,$2.54B,15.16%,$16.76B,$2.69B,16.03%,$16.76B,$2.29B,13.67%,$16.76B,$1.78B,10.64%,$1.78B,$23.75B,7.57%,$1.78B,$18.93B,9.49%,$1.78B,$88.72B,2.05%,$2.54B,$27.11B,9.44%,$4294,$3497,$797,$0,$520,$4106,$188,$-62,$126,$165,$-39,$-39,$-39,$230,$188,$338,338,$-0.11,$-0.11,$766,$0,$0,$19254,$0,$57190,$4817,$5044,$69466,$88720,$59167,$3360,$1943,$5803,$64970,$10095,$6761,$1839,$23750,$88720,$805,$105,$881,$986,$-944,$0,$1775,$-52,$853,$2998,$0,$0,$-394,$0,$-1819,$-1819,$-317,$-2530,$0,$-50,$-50,$-86,$-86,$-342,$0,$-478,$-6,$0,$-342
29,2011-06-30,55.53,$71.36,0.78,$47.95,1.16,$27.50,2.02,$7.42,7.48,$19.38B,$59.14B,0.33,$3.36B,$24.11B,0.14,$16.36B,$5.20B,31.81%,$16.36B,$3.25B,19.84%,$16.36B,$3.25B,19.84%,$16.36B,$3.39B,20.74%,$16.36B,$3.00B,18.35%,$16.36B,$2.50B,15.26%,$2.50B,$24.11B,10.70%,$2.50B,$19.26B,13.29%,$2.50B,$89.25B,2.93%,$3.25B,$27.47B,12.19%,$4253,$2946,$1307,$0,$518,$3476,$777,$-62,$715,$121,$594,$594,$594,$811,$777,$339,342,$1.75,$1.74,$833,$0,$0,$19381,$0,$56876,$4858,$5732,$69873,$89254,$59139,$3360,$2310,$6002,$65141,$10098,$6792,$1989,$24113,$89254,$844,$63,$163,$226,$-845,$0,$1968,$-156,$876,$2063,$0,$0,$-380,$0,$-1387,$-1387,$-132,$-1899,$0,$100,$100,$8,$8,$-223,$0,$-115,$61,$0,$-223
30,2011-03-31,54.3,$69.33,0.78,$46.52,1.17,$26.42,2.06,$7.63,7.12,$19.22B,$57.19B,0.34,$3.36B,$23.38B,0.14,$15.87B,$5.23B,32.98%,$15.87B,$3.34B,21.05%,$15.87B,$3.34B,21.05%,$15.87B,$3.48B,21.96%,$15.87B,$3.11B,19.57%,$15.87B,$2.58B,16.26%,$2.58B,$23.38B,11.39%,$2.58B,$18.65B,14.05%,$2.58B,$86.22B,3.11%,$3.34B,$26.73B,12.89%,$3808,$2913,$895,$0,$499,$3399,$409,$-63,$346,$96,$250,$250,$250,$438,$409,$337,340,$0.74,$0.73,$1115,$0,$0,$19219,$0,$54367,$4729,$5477,$67001,$86220,$57188,$3358,$1840,$5656,$62844,$10075,$6185,$1782,$23376,$86220,$250,$29,$63,$92,$-455,$0,$972,$7,$556,$1003,$0,$0,$-45,$0,$-556,$-556,$-30,$-631,$0,$100,$100,$-25,$-25,$-112,$0,$-37,$343,$0,$-112
31,2010-12-31,51.97,$68.59,0.76,$46.93,1.11,$25.89,2.01,$9.09,5.72,$18.16B,$54.66B,0.33,$3.36B,$22.97B,0.15,$16.01B,$5.73B,35.77%,$16.01B,$3.86B,24.13%,$16.01B,$3.86B,24.13%,$16.01B,$4.01B,25.03%,$16.01B,$3.64B,22.73%,$16.01B,$3.09B,19.27%,$3.09B,$22.97B,14.04%,$3.09B,$18.31B,17.24%,$3.09B,$83.36B,3.79%,$3.86B,$26.33B,15.34%,$4409,$2709,$1700,$0,$517,$3242,$1167,$-62,$1105,$127,$978,$978,$978,$1209,$1167,$340,341,$2.88,$2.87,$772,$0,$0,$18157,$0,$52922,$4664,$5202,$65198,$83355,$54659,$3358,$1939,$5722,$60381,$10161,$5926,$1594,$22974,$83355,$3085,$145,$-322,$-177,$725,$0,$-92,$-13,$630,$3546,$0,$0,$-1139,$0,$-2709,$-2709,$-333,$-4181,$199,$1141,$1340,$-173,$-173,$-435,$0,$732,$103,$0,$-435
32,2010-09-30,48.37,$67.34,0.72,$46.67,1.04,$25.37,1.91,$8.98,5.39,$17.95B,$53.84B,0.33,$3.16B,$22.85B,0.14,$15.87B,$5.77B,36.35%,$15.87B,$3.91B,24.65%,$15.87B,$3.91B,24.65%,$15.87B,$4.04B,25.47%,$15.87B,$3.69B,23.28%,$15.87B,$3.06B,19.28%,$3.06B,$22.85B,14.48%,$3.06B,$18.94B,17.74%,$3.06B,$82.39B,3.83%,$3.91B,$26.00B,16.10%,$3888,$2587,$1301,$0,$433,$2995,$893,$-58,$835,$160,$675,$675,$675,$935,$893,$340,342,$1.98,$1.97,$487,$0,$0,$17946,$0,$52676,$3906,$5366,$64442,$82388,$53836,$3158,$1980,$5707,$59543,$10264,$4925,$2110,$22845,$82388,$2107,$103,$-143,$-40,$89,$0,$495,$-167,$563,$2775,$0,$0,$-67,$0,$-2404,$-2404,$-197,$-2668,$0,$0,$0,$41,$41,$-323,$0,$-282,$-182,$0,$-323
33,2010-06-30,42.24,$63.20,0.67,$46.17,0.91,$24.15,1.75,$8.47,4.99,$18.05B,$53.35B,0.34,$3.16B,$21.41B,0.15,$15.66B,$5.62B,35.87%,$15.66B,$3.67B,23.41%,$15.66B,$3.67B,23.41%,$15.66B,$3.77B,24.05%,$15.66B,$3.45B,22.01%,$15.66B,$2.88B,18.38%,$2.88B,$21.41B,14.32%,$2.88B,$17.57B,17.71%,$2.88B,$80.16B,3.65%,$3.67B,$24.57B,15.73%,$3760,$2423,$1337,$0,$463,$2889,$871,$-52,$819,$142,$677,$677,$677,$902,$871,$340,341,$1.99,$1.98,$668,$0,$0,$18049,$0,$50172,$3836,$5424,$62111,$80160,$53351,$3158,$1762,$5399,$58750,$10365,$4250,$1294,$21410,$80160,$1432,$61,$-225,$-164,$41,$0,$423,$-411,$113,$1691,$0,$0,$0,$0,$-1367,$-1367,$-100,$-1467,$0,$0,$0,$19,$19,$-210,$0,$-191,$-1,$0,$-210
34,2010-03-31,42.91,$60.94,0.7,$45.66,0.94,$23.11,1.86,$8.07,5.32,$18.05B,$53.04B,0.34,$3.16B,$20.64B,0.15,$15.45B,$5.41B,34.99%,$15.45B,$3.49B,22.58%,$15.45B,$3.49B,22.58%,$15.45B,$3.57B,23.10%,$15.45B,$3.26B,21.13%,$15.45B,$2.74B,17.72%,$2.74B,$20.64B,14.48%,$2.74B,$16.75B,18.17%,$2.74B,$79.33B,3.52%,$3.49B,$23.79B,15.76%,$3949,$2562,$1387,$0,$460,$3018,$931,$-52,$879,$124,$755,$755,$755,$961,$931,$338,340,$2.23,$2.22,$726,$0,$0,$18049,$0,$49422,$3883,$5284,$61280,$79329,$53041,$3158,$1962,$5652,$58693,$10470,$3573,$1126,$20636,$79329,$755,$30,$-230,$-200,$106,$0,$131,$-139,$213,$823,$0,$0,$0,$0,$-589,$-589,$-77,$-666,$0,$0,$0,$12,$12,$-105,$0,$-93,$57,$0,$-105
35,2009-12-31,41.11,$58.44,0.7,$44.68,0.92,$22.36,1.84,$7.54,5.45,$18.23B,$52.82B,0.35,$3.16B,$19.67B,0.16,$15.08B,$5.20B,34.48%,$15.08B,$3.30B,21.90%,$15.08B,$3.30B,21.90%,$15.08B,$3.36B,22.26%,$15.08B,$3.08B,20.41%,$15.08B,$2.55B,16.91%,$2.55B,$19.67B,14.63%,$2.55B,$15.74B,18.71%,$2.55B,$77.98B,3.35%,$3.30B,$22.83B,16.05%,$4272,$2528,$1744,$0,$486,$3055,$1217,$-56,$1161,$208,$953,$953,$953,$1244,$1217,$337,338,$2.84,$2.82,$669,$0,$0,$18233,$0,$48198,$3931,$5019,$59747,$77980,$52817,$3158,$1918,$5496,$58313,$10503,$2818,$823,$19667,$77980,$2549,$53,$177,$230,$348,$0,$695,$24,$1080,$3335,$0,$0,$0,$0,$-3323,$-3323,$99,$-3224,$500,$-466,$34,$25,$25,$-388,$8,$-321,$-198,$0,$-388
36,2009-09-30,43.34,$55.71,0.78,$41.30,1.05,$24.74,1.75,$4.79,9.05,$18.40B,$53.41B,0.35,$3.32B,$18.73B,0.18,$13.91B,$4.12B,29.66%,$13.91B,$2.25B,16.15%,$13.91B,$2.25B,16.15%,$13.91B,$2.25B,16.19%,$13.91B,$2.02B,14.55%,$13.91B,$1.62B,11.62%,$1.62B,$18.73B,10.03%,$1.62B,$14.96B,13.07%,$1.62B,$77.82B,2.16%,$2.25B,$22.05B,11.71%,$3681,$2531,$1150,$0,$451,$3033,$648,$-60,$588,$94,$494,$494,$494,$660,$648,$337,338,$1.46,$1.46,$742,$0,$0,$18402,$0,$47702,$3772,$5298,$59419,$77821,$53410,$3321,$1892,$5678,$59088,$10606,$1865,$785,$18733,$77821,$1596,$26,$447,$473,$319,$0,$715,$-177,$916,$2332,$0,$0,$0,$0,$-2364,$-2364,$-73,$-2437,$500,$-266,$234,$19,$19,$-283,$0,$-30,$-125,$0,$-283
37,2009-06-30,35.42,$49.27,0.72,$41.21,0.86,$27.21,1.3,$3.49,10.15,$18.45B,$53.61B,0.34,$3.32B,$16.56B,0.2,$13.84B,$3.55B,25.66%,$13.84B,$1.71B,12.37%,$13.84B,$1.71B,12.37%,$13.84B,$1.72B,12.43%,$13.84B,$1.48B,10.70%,$13.84B,$1.18B,8.49%,$1.18B,$16.56B,7.70%,$1.18B,$12.81B,10.22%,$1.18B,$75.66B,1.59%,$1.71B,$19.88B,9.38%,$3547,$2422,$1125,$0,$454,$2855,$692,$-56,$636,$101,$535,$535,$535,$704,$692,$337,338,$1.58,$1.58,$654,$0,$0,$18448,$0,$44814,$3756,$5682,$57207,$75655,$53607,$3322,$1741,$5487,$59094,$10704,$1397,$-991,$16561,$75655,$1102,$14,$278,$292,$740,$0,$-110,$-361,$286,$1322,$0,$0,$0,$0,$-1519,$-1519,$-96,$-1615,$500,$-250,$250,$14,$14,$-179,$0,$85,$-213,$0,$-179
38,2009-03-31,32.35,$43.82,0.74,$42.13,0.77,$29.50,1.1,$4.11,7.87,$18.75B,$53.34B,0.35,$2.80B,$14.72B,0.19,$14.13B,$3.71B,26.24%,$14.13B,$1.97B,13.91%,$14.13B,$1.97B,13.91%,$14.13B,$1.97B,13.91%,$14.13B,$1.73B,12.24%,$14.13B,$1.39B,9.82%,$1.39B,$14.72B,9.12%,$1.39B,$10.98B,12.08%,$1.39B,$73.13B,1.86%,$1.97B,$17.52B,10.85%,$3575,$2396,$1179,$0,$420,$2830,$745,$-53,$692,$125,$567,$567,$567,$747,$745,$335,336,$1.69,$1.69,$844,$0,$0,$18754,$0,$42364,$3735,$5054,$54373,$73127,$53337,$2802,$1796,$5072,$58409,$10808,$641,$-2146,$14718,$73127,$567,$2,$101,$103,$-435,$0,$416,$-109,$-74,$562,$0,$0,$0,$0,$-431,$-431,$-65,$-496,$0,$0,$0,$6,$6,$-91,$0,$-85,$-23,$0,$-91
39,2008-12-31,41.89,$43.30,0.97,$40.73,1.03,$30.88,1.36,$3.53,11.87,$18.50B,$52.72B,0.35,$2.81B,$14.45B,0.19,$13.63B,$3.50B,25.64%,$13.63B,$1.80B,13.18%,$13.63B,$1.80B,13.18%,$13.63B,$1.80B,13.17%,$13.63B,$1.57B,11.50%,$13.63B,$1.20B,8.78%,$1.20B,$14.45B,7.62%,$1.20B,$10.70B,9.79%,$1.20B,$72.06B,1.60%,$1.80B,$17.25B,9.74%,$3103,$2433,$670,$0,$444,$2942,$161,$-54,$107,$87,$20,$20,$20,$141,$161,$333,335,$0.05,$0.06,$867,$0,$0,$18496,$0,$41813,$3747,$4952,$53561,$72057,$52717,$2806,$1641,$4894,$57611,$10827,$74,$-1916,$14446,$72057,$1197,$-1,$1492,$1491,$-239,$0,$1996,$-15,$1788,$4101,$0,$0,$-2521,$0,$-995,$-995,$-608,$-4124,$1245,$-89,$1156,$107,$-468,$-386,$12,$314,$357,$0,$-362
40,2008-09-30,42.62,$46.06,0.93,$41.99,1.02,$32.78,1.3,$5.16,8.26,$18.49B,$54.05B,0.34,$3.00B,$15.36B,0.2,$14.02B,$4.02B,28.63%,$14.02B,$2.39B,17.06%,$14.02B,$2.39B,17.06%,$14.02B,$2.41B,17.18%,$14.02B,$2.17B,15.49%,$14.02B,$1.75B,12.47%,$1.75B,$15.36B,10.75%,$1.75B,$11.54B,13.44%,$1.75B,$75.16B,2.34%,$2.39B,$18.36B,12.75%,$3619,$3041,$578,$0,$457,$3504,$115,$-68,$47,$-7,$54,$54,$54,$129,$115,$334,335,$0.16,$0.16,$479,$0,$0,$18490,$0,$44079,$3817,$6049,$56665,$75155,$54047,$3002,$2441,$5752,$59799,$10913,$54,$-1023,$15356,$75155,$1177,$19,$959,$978,$90,$0,$1581,$-435,$1153,$3140,$0,$0,$-2522,$0,$-542,$-542,$-476,$-3540,$1195,$-35,$1160,$98,$-477,$-300,$0,$383,$-31,$0,$-276
41,2008-06-30,43.38,$48.99,0.89,$42.21,1.03,$35.14,1.23,$6.95,6.24,$18.81B,$55.63B,0.34,$3.01B,$16.33B,0.18,$14.05B,$4.67B,33.22%,$14.05B,$3.12B,22.19%,$14.05B,$3.12B,22.19%,$14.05B,$3.12B,22.23%,$14.05B,$2.92B,20.80%,$14.05B,$2.35B,16.74%,$2.35B,$16.33B,14.30%,$2.35B,$12.72B,17.47%,$2.35B,$77.78B,3.18%,$3.12B,$19.34B,16.67%,$3834,$2553,$1281,$0,$461,$2889,$945,$-62,$883,$137,$746,$746,$746,$948,$945,$333,335,$2.20,$2.18,$582,$0,$0,$18810,$0,$46480,$3612,$6553,$58966,$77776,$55632,$3008,$2472,$5817,$61449,$10934,$0,$-54,$16327,$77776,$1123,$5,$491,$496,$145,$0,$846,$-297,$652,$2082,$0,$0,$-2557,$0,$-225,$-225,$-422,$-3204,$1195,$670,$1865,$90,$-485,$-202,$0,$1178,$72,$0,$-178
42,2008-03-31,43.13,$50.33,0.86,$41.29,1.04,$36.19,1.19,$6.68,6.46,$18.23B,$51.84B,0.35,$2.11B,$16.73B,0.13,$13.68B,$4.59B,33.58%,$13.68B,$3.03B,22.13%,$13.68B,$3.03B,22.13%,$13.68B,$3.03B,22.12%,$13.68B,$2.85B,20.85%,$13.68B,$2.25B,16.48%,$2.25B,$16.74B,13.95%,$2.25B,$13.97B,16.83%,$2.25B,$73.92B,3.12%,$3.03B,$18.85B,16.66%,$3076,$2110,$966,$0,$375,$2500,$576,$-46,$530,$153,$377,$377,$377,$578,$576,$331,333,$1.11,$1.10,$511,$0,$0,$18228,$0,$44422,$2763,$6232,$55691,$73919,$51840,$2114,$2723,$5344,$57184,$-3,$9358,$474,$16735,$73919,$377,$2,$365,$367,$307,$0,$198,$-103,$488,$1015,$0,$0,$0,$0,$-2077,$-2077,$-180,$-2257,$300,$965,$1265,$59,$59,$-100,$0,$1224,$1,$0,$-89
43,2007-12-31,48.16,$50.58,0.95,$43.00,1.12,$36.96,1.3,$7.67,6.28,$18.41B,$50.72B,0.36,$1.81B,$16.68B,0.11,$14.15B,$4.86B,34.36%,$14.15B,$3.33B,23.51%,$14.15B,$3.33B,23.51%,$14.15B,$3.32B,23.47%,$14.15B,$3.15B,22.28%,$14.15B,$2.58B,18.21%,$2.58B,$16.68B,16.41%,$2.58B,$13.84B,19.90%,$2.58B,$72.09B,3.62%,$3.33B,$18.49B,18.79%,$3495,$2305,$1190,$0,$385,$2739,$756,$-43,$713,$141,$572,$572,$572,$755,$756,$329,332,$1.63,$1.65,$510,$0,$0,$18412,$0,$42968,$2838,$5664,$53678,$72090,$50722,$1811,$2460,$4691,$55413,$14,$9080,$769,$16677,$72090,$2578,$-6,$86,$80,$498,$0,$1405,$35,$1866,$4701,$0,$0,$0,$0,$-4111,$-4111,$-419,$-4530,$500,$-465,$35,$74,$74,$-386,$24,$-253,$-55,$0,$-341
44,2007-09-30,47.01,$48.67,0.97,$43.07,1.09,$35.34,1.33,$7.97,5.9,$18.05B,$50.71B,0.36,$2.07B,$16.03B,0.13,$14.13B,$4.85B,34.36%,$14.13B,$3.40B,24.09%,$14.13B,$3.40B,24.09%,$14.13B,$3.39B,23.98%,$14.13B,$3.23B,22.86%,$14.13B,$2.67B,18.91%,$2.67B,$16.04B,17.67%,$2.67B,$13.30B,21.57%,$2.67B,$71.95B,3.82%,$3.40B,$18.10B,19.96%,$3642,$2412,$1230,$0,$358,$2802,$840,$-44,$796,$140,$656,$656,$656,$841,$840,$325,331,$1.98,$1.95,$506,$0,$0,$18048,$0,$42667,$2731,$6207,$53906,$71954,$50712,$2068,$2656,$5207,$55919,$14,$8609,$656,$16035,$71954,$2006,$-5,$-22,$-27,$777,$0,$1134,$-58,$1845,$3878,$0,$0,$0,$0,$-3488,$-3488,$-244,$-3732,$500,$-500,$0,$63,$63,$-286,$0,$-223,$-59,$0,$-253
45,2007-06-30,48.3,$46.15,1.05,$42.43,1.14,$33.72,1.43,$7.75,6.23,$18.63B,$50.12B,0.37,$2.06B,$15.18B,0.14,$13.88B,$4.73B,34.08%,$13.88B,$3.32B,23.91%,$13.88B,$3.32B,23.91%,$13.88B,$3.30B,23.80%,$13.88B,$3.14B,22.64%,$13.88B,$2.59B,18.69%,$2.59B,$15.18B,17.90%,$2.59B,$12.45B,22.03%,$2.59B,$71.02B,3.78%,$3.32B,$17.25B,20.33%,$3468,$2260,$1208,$0,$356,$2612,$856,$-42,$814,$165,$649,$649,$649,$852,$856,$325,330,$1.96,$1.93,$621,$0,$0,$18625,$0,$40560,$2731,$6781,$52395,$71020,$50122,$2063,$3174,$5714,$55836,$14,$8053,$403,$15184,$71020,$1350,$-6,$11,$5,$225,$0,$1014,$-258,$966,$2394,$0,$0,$0,$0,$-2119,$-2119,$-83,$-2202,$500,$-500,$0,$46,$46,$-185,$0,$-139,$56,$0,$-163
46,2007-03-31,43.89,$45.56,0.96,$42.01,1.04,$32.50,1.35,$7.54,5.82,$18.70B,$48.95B,0.38,$2.06B,$14.96B,0.14,$13.70B,$4.60B,33.59%,$13.70B,$3.21B,23.46%,$13.70B,$3.21B,23.46%,$13.70B,$3.21B,23.40%,$13.70B,$3.03B,22.15%,$13.70B,$2.52B,18.38%,$2.52B,$14.96B,18.23%,$2.52B,$12.23B,22.68%,$2.52B,$69.77B,3.75%,$3.21B,$17.02B,20.70%,$3549,$2313,$1236,$0,$356,$2673,$876,$-46,$830,$129,$701,$701,$701,$874,$876,$324,324,$2.13,$2.10,$639,$0,$0,$18702,$0,$39486,$2731,$6530,$51072,$69774,$48948,$2061,$3232,$5867,$54815,$14,$7504,$778,$14959,$69774,$701,$-2,$-53,$-55,$221,$0,$419,$-28,$694,$1236,$0,$0,$0,$0,$-1523,$-1523,$-67,$-1590,$500,$0,$500,$-65,$-65,$-11,$0,$424,$74,$0,$0
47,2006-12-31,46.38,$43.74,1.06,$40.83,1.14,$32.02,1.45,$6.90,6.72,$18.73B,$48.33B,0.39,$1.56B,$14.28B,0.11,$13.33B,$4.42B,33.16%,$13.33B,$3.00B,22.50%,$13.33B,$3.00B,22.50%,$13.33B,$3.01B,22.58%,$13.33B,$2.82B,21.18%,$13.33B,$2.31B,17.29%,$2.31B,$14.28B,17.59%,$2.31B,$11.55B,22.15%,$2.31B,$67.14B,3.50%,$3.00B,$15.84B,20.32%,$3469,$2289,$1180,$0,$365,$2638,$831,$-42,$789,$124,$665,$665,$665,$821,$831,$322,327,$2.02,$2.00,$565,$0,$0,$18725,$0,$37742,$2731,$5695,$48410,$67135,$48326,$1560,$2506,$4531,$52857,$14,$6906,$716,$14278,$67135,$2305,$10,$155,$165,$540,$0,$1147,$-137,$1532,$4105,$0,$0,$0,$0,$-3791,$-3791,$21,$-3770,$298,$-300,$-2,$75,$75,$-357,$0,$-284,$53,$0,$-312
