,Date,Stock Price,Book Value per Share,Price to Book Ratio,TTM Sales per Share,Price to Sales Ratio,TTM FCF per Share,Price to FCF Ratio,TTM Net EPS,PE Ratio,Current Assets,Current Liabilities,Current Ratio,Long Term Debt,Shareholder's Equity_x,Debt to Equity Ratio,TTM Revenue_x,TTM Gross Profit,Gross Margin,TTM Revenue_y,TTM Operating Income,Operating Margin,TTM Revenue_x,TTM EBIT,EBIT Margin,TTM Revenue_y,TTM EBITDA,EBITDA Margin,TTM Revenue_x,TTM Pre-Tax Income,Pre-Tax Margin,TTM Revenue_y,TTM Net Income_x,Net Margin,TTM Net Income_y,Shareholder's Equity_y,Return on Equity,TTM Net Income_x,Tangible Equity,Return on Tangible Equity,TTM Net Income_y,Total Assets,Return on Assets,TTM Net Income,LT Investments & Debt,Return on Investment,revenue,cost-goods-sold,gross-profit,research-development-expenses,selling-general-administrative-expenses,operating-expenses,operating-income,total-non-operating-income-expense,pre-tax-income,total-provision-income-taxes,income-after-taxes,income-from-continuous-operations,net-income,ebitda,ebit,basic-shares-outstanding,shares-outstanding,eps-basic-net-earnings-per-share,eps-earnings-per-share-diluted,cash-on-hand,inventory,other-current-assets,total-current-assets,net-property-plant-equipment,long-term-investments,goodwill-intangible-assets-total,other-long-term-assets,total-long-term-assets,total-assets,total-current-liabilities,long-term-debt,other-non-current-liabilities,total-long-term-liabilities,total-liabilities,common-stock-net,retained-earnings-accumulated-deficit,comprehensive-income,total-share-holder-equity,total-liabilities-share-holders-equity,net-income-loss,total-depreciation-amortization-cash-flow,other-non-cash-items,total-non-cash-items,change-in-accounts-receivable,change-in-inventories,change-in-accounts-payable,change-in-assets-liabilities,total-change-in-assets-liabilities,cash-flow-from-operating-activities,net-change-in-property-plant-equipment,net-change-in-intangible-assets,net-acquisitions-divestitures,net-change-in-short-term-investments,net-change-in-long-term-investments,net-change-in-investments-total,investing-activities-other,cash-flow-from-investing-activities,net-long-term-debt,net-current-debt,debt-issuance-retirement-net-total,net-common-equity-issued-repurchased,net-total-equity-issued-repurchased,total-common-preferred-stock-dividends-paid,financial-activities-other,cash-flow-from-financial-activities,net-cash-flow,stock-based-compensation,common-stock-dividends-paid
0,2018-09-30,0.68,$0.15,4.57,$1.88,0.36,$-0.34,0.0,$-0.70,0.0,$0.06B,$0.10B,0.67,$0.02B,$0.00B,4.7,$0.05B,$-0.01B,-21.74%,$0.05B,$-0.02B,-43.48%,$0.05B,$-0.02B,-43.48%,$0.05B,$-0.02B,-41.30%,$0.05B,$-0.01B,-19.57%,$0.05B,$-0.01B,-19.57%,$-0.01B,$0.00B,-1800.00%,$-0.01B,$-0.00B,128.57%,$-0.01B,$0.13B,-6.32%,$-0.02B,$0.02B,-100.00%,$6,$7,$-2,$1,$2,$10,$-4,$12,$8,$0,$8,$8,$8,$-3,$-4,$27,27,$0.30,$0.30,$20,$9,$0,$64,$61,$0,$7,$0,$68,$132,$96,$19,$9,$32,$128,$14,$-162,$-2,$4,$132,$2,$2,$-11,$-9,$18,$-1,$-1,$0,$17,$9,$-7,$0,$0,$0,$0,$0,$0,$-7,$0,$7,$7,$0,$0,$0,$0,$7,$9,$0,$0
1,2018-06-30,0.92,$-0.13,-6.87,$2.34,0.39,$-1.01,0.0,$-0.86,0.0,$0.06B,$0.11B,0.6,$0.02B,$-0.00B,-5.13,$0.06B,$-0.01B,-15.52%,$0.06B,$-0.02B,-34.48%,$0.06B,$-0.02B,-34.48%,$0.06B,$-0.02B,-34.48%,$0.06B,$-0.02B,-36.21%,$0.06B,$-0.02B,-36.21%,$-0.02B,$-0.00B,-700.00%,$-0.02B,$-0.01B,442.11%,$-0.02B,$0.14B,-14.95%,$-0.02B,$0.02B,-88.89%,$6,$7,$-1,$1,$2,$9,$-3,$-0,$-3,$0,$-3,$-3,$-3,$-3,$-3,$27,27,$-0.13,$-0.13,$13,$11,$0,$64,$0,$0,$0,$0,$-5,$136,$107,$18,$10,$32,$139,$14,$-169,$-1,$-4,$136,$-6,$1,$0,$1,$19,$-1,$-8,$-0,$10,$5,$-7,$0,$0,$0,$0,$0,$0,$-7,$-8,$14,$6,$0,$0,$0,$0,$6,$3,$0,$0
2,2018-03-31,1.35,$-0.01,-232.76,$2.43,0.56,$-1.41,0.0,$-0.91,0.0,$0.08B,$0.11B,0.66,$0.02B,$0.00B,-132.24,$0.06B,$-0.01B,-15.52%,$0.06B,$-0.02B,-36.21%,$0.06B,$-0.02B,-36.21%,$0.06B,$-0.02B,-34.48%,$0.06B,$-0.02B,-37.93%,$0.06B,$-0.02B,-37.93%,$-0.02B,$0.00B,-266.67%,$-0.02B,$-0.01B,-4400.00%,$-0.02B,$0.15B,-16.60%,$-0.02B,$0.02B,-75.68%,$3,$4,$-0,$1,$1,$6,$-2,$-0,$-3,$0,$-3,$-3,$-3,$-2,$-2,$27,27,$-0.10,$-0.10,$12,$12,$0,$75,$74,$0,$0,$0,$74,$149,$114,$20,$10,$35,$149,$14,$-166,$-1,$-0,$149,$-3,$1,$0,$1,$6,$-1,$0,$0,$4,$2,$-4,$0,$0,$0,$0,$0,$0,$-4,$0,$3,$3,$0,$0,$0,$0,$3,$1,$0,$0
3,2017-12-31,1.48,$0.08,17.62,$2.49,0.59,$-1.61,0.0,$-0.91,0.0,$0.09B,$0.12B,0.73,$0.02B,$0.00B,8.88,$0.06B,$-0.01B,-15.25%,$0.06B,$-0.02B,-35.59%,$0.06B,$-0.02B,-35.59%,$0.06B,$-0.02B,-33.90%,$0.06B,$-0.02B,-35.59%,$0.06B,$-0.02B,-35.59%,$-0.02B,$0.00B,-190.91%,$-0.02B,$-0.01B,-646.15%,$-0.02B,$0.15B,-17.57%,$-0.02B,$0.02B,-70.00%,$31,$37,$-7,$0,$2,$42,$-11,$-0,$-11,$0,$-11,$-11,$-11,$-11,$-11,$23,23,$-0.48,$-0.48,$11,$10,$0,$85,$60,$0,$8,$0,$68,$153,$117,$19,$10,$34,$151,$14,$-163,$-1,$2,$153,$-21,$2,$8,$10,$13,$2,$0,$0,$18,$6,$-12,$0,$0,$0,$0,$0,$-4,$-16,$6,$-4,$2,$10,$10,$0,$-0,$11,$1,$1,$0
4,2017-09-30,1.5,$0.52,2.91,$1.17,1.28,$-1.36,0.0,$-0.44,0.0,$0.06B,$0.08B,0.74,$0.02B,$0.01B,1.41,$0.03B,$-0.00B,-7.14%,$0.03B,$-0.01B,-35.71%,$0.03B,$-0.01B,-35.71%,$0.03B,$-0.01B,-32.14%,$0.03B,$-0.01B,-35.71%,$0.03B,$-0.01B,-35.71%,$-0.01B,$0.01B,-72.73%,$-0.01B,$0.01B,-166.67%,$-0.01B,$0.12B,-9.59%,$-0.01B,$0.03B,-31.01%,$18,$19,$-1,$0,$2,$22,$-4,$-0,$-4,$0,$-4,$-4,$-4,$-4,$-4,$26,26,$-0.16,$-0.16,$2,$18,$0,$59,$65,$0,$0,$0,$65,$124,$80,$19,$7,$30,$110,$14,$-152,$-1,$14,$124,$-10,$1,$2,$3,$-17,$-2,$18,$-1,$0,$-7,$-9,$0,$0,$0,$0,$0,$0,$-9,$6,$-5,$1,$10,$10,$0,$2,$12,$-3,$1,$0
5,2017-06-30,1.35,$0.66,2.04,$0.52,2.62,$-1.58,0.0,$-0.60,0.0,$0.04B,$0.06B,0.71,$0.02B,$0.02B,1.08,$0.01B,$-0.00B,-20.00%,$0.01B,$-0.01B,-110.00%,$0.01B,$-0.01B,-110.00%,$0.01B,$-0.01B,-100.00%,$0.01B,$-0.01B,-110.00%,$0.01B,$-0.01B,-120.00%,$-0.01B,$0.02B,-117.07%,$-0.01B,$0.01B,-266.67%,$-0.01B,$0.10B,-16.38%,$-0.01B,$0.04B,-45.83%,$6,$8,$-1,$1,$2,$10,$-4,$-0,$-4,$0,$-4,$-4,$-4,$-3,$-4,$20,20,$-0.18,$-0.18,$7,$17,$0,$41,$56,$0,$8,$0,$63,$104,$57,$19,$7,$30,$87,$14,$-148,$-2,$17,$104,$-6,$1,$2,$2,$-3,$-0,$3,$-0,$-0,$-3,$-7,$0,$0,$0,$0,$0,$0,$-7,$3,$-3,$0,$10,$10,$0,$2,$12,$2,$0,$0
6,2017-03-31,1.35,$0.55,2.45,$0.28,4.74,$-1.44,0.0,$-0.57,0.0,$0.04B,$0.06B,0.62,$0.02B,$0.01B,1.7,$0.01B,$-0.00B,-40.00%,$0.01B,$-0.01B,-200.00%,$0.01B,$-0.01B,-200.00%,$0.01B,$-0.01B,-200.00%,$0.01B,$-0.01B,-200.00%,$0.01B,$-0.01B,-220.00%,$-0.01B,$0.01B,-112.82%,$-0.01B,$0.00B,-293.33%,$-0.01B,$0.10B,-16.18%,$-0.01B,$0.03B,-45.45%,$4,$4,$-0,$0,$1,$6,$-2,$-0,$-2,$0,$-2,$-2,$-2,$-2,$-2,$20,20,$-0.10,$-0.10,$5,$17,$0,$35,$62,$0,$0,$0,$62,$97,$57,$18,$7,$29,$86,$14,$-144,$-2,$11,$97,$-2,$0,$0,$1,$-2,$-0,$0,$-0,$-3,$-4,$-1,$0,$0,$0,$0,$0,$0,$-1,$2,$2,$3,$0,$0,$0,$2,$5,$-0,$0,$0
7,2016-12-31,1.41,$0.00,0.0,$0.28,4.99,$-1.14,0.0,$-0.58,0.0,$0.03B,$0.05B,0.63,$0.02B,$0.01B,1.44,$0.00B,$-0.00B,-50.00%,$0.00B,$-0.01B,-250.00%,$0.00B,$-0.01B,-250.00%,$0.00B,$-0.01B,-250.00%,$0.00B,$-0.01B,-250.00%,$0.00B,$-0.01B,-275.00%,$-0.01B,$0.01B,-95.65%,$-0.01B,$0.01B,-200.00%,$-0.01B,$0.09B,-18.11%,$-0.01B,$0.03B,-51.95%,$0,$0,$0,$0,$0,$0,$0,$0,$0,$0,$0,$0,$0,$0,$0,$0,0,$0.00,$0.00,$5,$17,$0,$31,$53,$0,$8,$0,$61,$92,$50,$18,$7,$30,$79,$14,$-142,$-2,$13,$92,$0,$0,$0,$0,$0,$0,$0,$0,$0,$0,$0,$0,$0,$0,$0,$0,$0,$0,$0,$0,$0,$0,$0,$0,$0,$0,$0,$0,$0
8,2016-09-30,2.25,$0.00,0.0,$0.60,3.73,$-1.49,0.0,$-0.70,0.0,$0.00B,$0.00B,0.0,$0.00B,$0.00B,0.0,$0.01B,$-0.00B,-20.00%,$0.01B,$-0.00B,-40.00%,$0.01B,$-0.01B,-100.00%,$0.01B,$-0.00B,-40.00%,$0.01B,$-0.01B,-120.00%,$0.01B,$-0.01B,-130.00%,$-0.01B,$0.00B,-100.00%,$-0.01B,$0.00B,-185.71%,$-0.01B,$0.00B,-24.19%,$-0.00B,$0.00B,-24.62%,$0,$1,$-1,$0,$4,$6,$-5,$-0,$-5,$1,$-6,$-6,$-6,$-5,$-5,$17,17,$-0.34,$-0.34,$0,$0,$0,$0,$0,$0,$0,$0,$0,$0,$0,$0,$0,$0,$0,$0,$0,$0,$0,$0,$-11,$1,$4,$5,$8,$-13,$0,$-4,$-7,$-13,$-1,$0,$0,$0,$0,$0,$-3,$-4,$19,$-7,$13,$6,$6,$0,$0,$19,$2,$1,$0
9,2016-06-30,2.6,$0.87,2.97,$0.58,4.45,$-0.69,0.0,$-0.38,0.0,$0.03B,$0.05B,0.55,$0.01B,$0.02B,0.84,$0.01B,$-0.00B,-10.00%,$0.01B,$0.00B,10.00%,$0.01B,$-0.01B,-50.00%,$0.01B,$0.00B,10.00%,$0.01B,$-0.01B,-70.00%,$0.01B,$-0.01B,-70.00%,$-0.01B,$0.02B,-37.84%,$-0.01B,$0.01B,-68.29%,$-0.01B,$0.08B,-10.07%,$0.00B,$0.03B,4.60%,$1,$2,$-1,$0,$2,$4,$-3,$0,$-3,$0,$-3,$-3,$-3,$-3,$-3,$17,17,$-0.15,$-0.15,$5,$11,$0,$26,$56,$0,$0,$0,$56,$83,$48,$13,$0,$19,$67,$14,$-134,$-1,$15,$83,$-5,$1,$1,$2,$6,$-7,$6,$-2,$4,$1,$-8,$0,$0,$0,$0,$0,$1,$-7,$6,$2,$9,$0,$0,$0,$0,$9,$3,$1,$0
10,2016-03-31,2.34,$1.05,2.24,$0.70,3.35,$-1.40,0.0,$-0.31,0.0,$0.02B,$0.04B,0.45,$0.00B,$0.02B,0.0,$0.01B,0,0.00%,$0.01B,$0.00B,27.27%,$0.01B,$-0.00B,-27.27%,$0.01B,$0.00B,27.27%,$0.01B,$-0.01B,-45.45%,$0.01B,$-0.01B,-45.45%,$-0.01B,$0.02B,-27.78%,$-0.01B,$0.01B,-51.28%,$-0.01B,$0.07B,-7.63%,$0.00B,$0.02B,16.67%,$3,$3,$-0,$0,$1,$5,$-2,$-0,$-2,$-0,$-2,$-2,$-2,$-2,$-2,$17,17,$-0.11,$-0.11,$4,$5,$0,$19,$49,$0,$0,$0,$49,$68,$43,$0,$0,$7,$50,$14,$-131,$-1,$18,$68,$-2,$0,$0,$0,$2,$-0,$3,$0,$5,$3,$-3,$0,$0,$0,$0,$0,$0,$-3,$1,$0,$1,$0,$0,$0,$0,$1,$2,$0,$0
11,2015-12-31,2.81,$1.13,2.48,$0.75,3.73,$-1.85,0.0,$-0.12,0.0,$0.02B,$0.04B,0.53,$0.00B,$0.02B,0.0,$0.01B,0,0.00%,$0.01B,$0.01B,45.45%,$0.01B,$-0.00B,-9.09%,$0.01B,$0.01B,45.45%,$0.01B,$-0.00B,-27.27%,$0.01B,$-0.00B,-18.18%,$-0.00B,$0.02B,-11.76%,$-0.00B,$0.01B,-23.53%,$-0.00B,$0.06B,-3.32%,$0.01B,$0.02B,29.41%,$6,$6,$-0,$1,$0,$0,$6,$0,$-2,$0,$0,$0,$-2,$6,$0,$17,17,$-0.12,$-0.12,$2,$4,$0,$20,$44,$0,$0,$0,$44,$64,$38,$0,$0,$7,$45,$14,$-129,$-1,$19,$64,$-2,$0,$1,$1,$-3,$-2,$5,$-1,$-0,$-1,$-5,$0,$0,$0,$0,$0,$-1,$-5,$0,$0,$0,$0,$0,$0,$0,$0,$-7,$0,$0
12,2015-09-30,2.31,$0.00,0.0,$0.68,3.42,$-1.82,0.0,$1.37,1.69,$0.02B,$0.04B,0.57,$0.00B,$0.02B,0.0,$0.01B,0,0.00%,$0.01B,$0.00B,25.00%,$0.01B,$-0.00B,-12.50%,$0.01B,$0.00B,25.00%,$0.01B,$0.02B,275.00%,$0.01B,$0.02B,212.50%,$0.02B,$0.02B,109.68%,$0.02B,$0.01B,251.85%,$0.02B,$0.06B,30.63%,$0.00B,$0.02B,12.90%,$0,$0,$0,$0,$0,$0,$0,$0,$0,$0,$0,$0,$0,$0,$0,$0,0,$0.00,$0.00,$8,$3,$0,$20,$44,$0,$0,$0,$44,$63,$35,$0,$0,$7,$42,$14,$-126,$-0,$22,$63,$0,$0,$0,$0,$0,$0,$0,$0,$0,$0,$0,$0,$0,$0,$0,$0,$0,$0,$0,$0,$0,$0,$0,$0,$0,$0,$0,$0,$0
13,2015-06-30,3.24,$1.06,3.06,$0.68,4.79,$-1.82,0.0,$1.37,2.36,$0.03B,$0.04B,0.61,$0.00B,$0.01B,0.0,$0.01B,0,0.00%,$0.01B,$0.00B,25.00%,$0.01B,$-0.00B,-12.50%,$0.01B,$0.00B,25.00%,$0.01B,$0.02B,275.00%,$0.01B,$0.02B,212.50%,$0.02B,$0.01B,188.89%,$0.02B,$0.01B,6800.00%,$0.02B,$0.07B,33.50%,$0.00B,$0.01B,22.22%,$2,$2,$0,$1,$1,$4,$-1,$-0,$-1,$-0,$-1,$-1,$-1,$-1,$-1,$13,13,$-0.08,$-0.08,$12,$4,$0,$25,$33,$0,$0,$0,$42,$67,$41,$0,$0,$13,$53,$14,$-124,$-0,$13,$67,$18,$0,$-19,$-19,$-4,$-1,$0,$-1,$-5,$-7,$-7,$0,$0,$0,$0,$0,$9,$2,$9,$6,$15,$0,$0,$0,$0,$15,$11,$0,$0
14,2015-03-31,3.52,$1.12,3.15,$4.26,0.83,$-2.93,0.0,$4.39,0.8,$0.01B,$0.02B,0.5,$0.00B,$0.01B,0.0,$0.05B,$0.00B,7.41%,$0.05B,$-0.00B,-1.85%,$0.05B,$-0.00B,-7.41%,$0.05B,$0.00B,5.56%,$0.05B,$0.01B,24.07%,$0.05B,$0.06B,101.85%,$0.06B,$0.01B,7333.33%,$0.06B,$0.01B,-916.67%,$0.06B,$0.05B,146.67%,$-0.00B,$0.01B,-133.33%,$3,$3,$0,$0,$1,$3,$-0,$-0,$-0,$-0,$-0,$-0,$1,$-0,$-0,$13,13,$0.08,$0.08,$0,$1,$0,$10,$28,$0,$9,$0,$37,$47,$20,$0,$0,$13,$33,$14,$-123,$-0,$14,$47,$18,$0,$-19,$-19,$-3,$2,$0,$-0,$-1,$-1,$-4,$0,$0,$0,$0,$0,$9,$5,$1,$-4,$-4,$0,$0,$0,$0,$-4,$-0,$0,$0
15,2014-12-31,1.85,$1.02,1.81,$6.60,0.28,$-3.12,0.0,$3.58,0.52,$0.01B,$0.02B,0.44,$0.00B,$0.01B,0.0,$0.08B,$0.01B,8.33%,$0.08B,$-0.01B,-5.95%,$0.08B,$-0.01B,-9.52%,$0.08B,$0.00B,4.76%,$0.08B,$0.00B,3.57%,$0.08B,$0.05B,53.57%,$0.05B,$0.01B,-268.66%,$0.05B,$0.00B,-168.22%,$0.05B,$0.05B,41.67%,$-0.01B,$0.01B,29.85%,$3,$3,$0,$0,$0,$0,$3,$0,$23,$6,$0,$0,$17,$3,$0,$13,13,$1.37,$1.37,$0,$2,$0,$8,$27,$0,$0,$0,$36,$45,$19,$0,$0,$13,$32,$14,$-124,$-0,$13,$45,$17,$0,$-18,$-18,$-3,$2,$0,$1,$-0,$-1,$-3,$0,$0,$0,$0,$0,$7,$4,$0,$-5,$-4,$0,$0,$0,$0,$-4,$-1,$0,$0
16,2014-09-30,2.99,$0.00,0.0,$9.60,0.31,$-3.20,0.0,$2.21,1.35,$0.01B,$0.05B,0.26,$0.00B,$-0.00B,0.0,$0.12B,$0.01B,8.20%,$0.12B,$0.03B,27.05%,$0.12B,$-0.01B,-6.56%,$0.12B,$0.04B,34.43%,$0.12B,$-0.03B,-21.31%,$0.12B,$0.02B,18.85%,$0.02B,$-0.00B,-71.32%,$0.02B,$-0.01B,-50.55%,$0.02B,$0.04B,12.60%,$0.03B,$-0.00B,-102.33%,$0,$0,$0,$0,$0,$0,$0,$0,$0,$0,$0,$0,$0,$0,$0,$0,0,$0.00,$0.00,$1,$3,$0,$13,$22,$0,$0,$0,$31,$44,$48,$0,$0,$0,$48,$14,$-142,$-0,$-4,$44,$0,$0,$0,$0,$0,$0,$0,$0,$0,$0,$0,$0,$0,$0,$0,$0,$0,$0,$0,$0,$0,$0,$0,$0,$0,$0,$0,$0,$0
17,2014-06-30,2.35,$-1.55,-1.52,$9.60,0.24,$-3.20,0.0,$2.21,1.06,$0.00B,$0.03B,0.06,$0.00B,$-0.02B,0.0,$0.12B,$0.01B,8.20%,$0.12B,$0.03B,27.05%,$0.12B,$-0.01B,-6.56%,$0.12B,$0.04B,34.43%,$0.12B,$-0.03B,-21.31%,$0.12B,$0.02B,18.85%,$0.02B,$-0.02B,-54.76%,$0.02B,$-0.02B,-39.32%,$0.02B,$0.01B,8.96%,$0.03B,$-0.02B,-78.57%,$48,$44,$4,$1,$6,$52,$-4,$-6,$-10,$0,$-10,$-10,$37,$-0,$-4,$13,13,$2.92,$2.92,$0,$1,$0,$2,$12,$0,$0,$0,$12,$14,$33,$0,$0,$0,$33,$14,$-157,$0,$-20,$14,$23,$8,$-37,$-29,$-14,$7,$-23,$-9,$-13,$-19,$-8,$-0,$-4,$0,$0,$0,$5,$-8,$121,$-108,$14,$0,$0,$0,$0,$14,$-14,$0,$0
18,2014-03-31,3.0,$-4.47,-0.67,$9.44,0.32,$0.40,7.52,$-1.54,0.0,$0.13B,$0.35B,0.37,$0.00B,$-0.06B,0.0,$0.12B,$0.01B,4.17%,$0.12B,$0.03B,24.17%,$0.12B,$-0.01B,-10.00%,$0.12B,$0.04B,32.50%,$0.12B,$-0.03B,-21.67%,$0.12B,$-0.02B,-20.00%,$-0.02B,$-0.06B,72.73%,$-0.02B,$-0.08B,43.44%,$-0.02B,$0.33B,-6.62%,$0.03B,$-0.06B,-103.57%,$33,$30,$3,$1,$5,$37,$-4,$-6,$-10,$0,$-10,$-10,$-9,$1,$-4,$13,13,$-0.73,$-0.73,$20,$43,$0,$130,$177,$0,$1,$0,$199,$329,$353,$0,$25,$33,$386,$14,$-241,$39,$-56,$329,$-15,$5,$5,$10,$4,$8,$-27,$1,$1,$-3,$-5,$-0,$0,$0,$0,$0,$-11,$-15,$0,$29,$29,$0,$0,$0,$-16,$13,$-6,$0,$0
19,2013-12-31,2.22,$-3.85,-0.58,$10.35,0.21,$0.94,2.36,$-2.60,0.0,$0.15B,$0.36B,0.41,$0.00B,$-0.05B,0.0,$0.13B,$-0.00B,-1.53%,$0.13B,$0.02B,12.21%,$0.13B,$-0.03B,-19.08%,$0.13B,$0.03B,23.66%,$0.13B,$-0.03B,-22.90%,$0.13B,$-0.04B,-26.72%,$-0.04B,$-0.05B,280.00%,$-0.04B,$-0.07B,93.33%,$-0.04B,$0.34B,-9.08%,$0.02B,$-0.05B,6400.00%,$41,$39,$3,$1,$0,$0,$41,$0,$-6,$0,$0,$-6,$-5,$41,$0,$13,13,$-0.42,$-0.42,$35,$49,$0,$146,$175,$0,$1,$0,$197,$343,$358,$0,$25,$34,$392,$14,$-232,$38,$-49,$343,$-5,$3,$3,$5,$8,$4,$-23,$3,$-5,$-5,$-0,$0,$0,$0,$0,$0,$-20,$-20,$0,$20,$20,$0,$0,$0,$0,$20,$-4,$0,$0
20,2013-09-30,2.32,$0.00,0.0,$12.16,0.19,$0.98,2.37,$-4.60,0.0,$0.15B,$0.35B,0.42,$0.00B,$-0.04B,0.0,$0.15B,$-0.01B,-5.84%,$0.15B,$0.04B,25.32%,$0.15B,$-0.03B,-16.23%,$0.15B,$0.05B,35.06%,$0.15B,$-0.05B,-33.77%,$0.15B,$-0.06B,-37.66%,$-0.06B,$-0.04B,-493.62%,$-0.06B,$-0.07B,725.00%,$-0.06B,$0.34B,-14.15%,$0.04B,$-0.04B,121.88%,$0,$0,$0,$0,$0,$0,$0,$0,$0,$0,$0,$0,$0,$0,$0,$0,0,$0.00,$0.00,$22,$57,$0,$148,$128,$0,$21,$0,$193,$341,$352,$0,$0,$32,$384,$14,$-226,$38,$-43,$341,$0,$0,$0,$0,$0,$0,$0,$0,$0,$0,$0,$0,$0,$0,$0,$0,$0,$0,$0,$0,$0,$0,$0,$0,$0,$0,$0,$0,$0
21,2013-06-30,1.12,$1.28,0.87,$12.16,0.09,$0.98,1.14,$-4.60,0.0,$0.19B,$0.37B,0.51,$0.02B,$0.02B,1.22,$0.15B,$-0.01B,-5.84%,$0.15B,$0.04B,25.32%,$0.15B,$-0.03B,-16.23%,$0.15B,$0.05B,35.06%,$0.15B,$-0.05B,-33.77%,$0.15B,$-0.06B,-37.66%,$-0.06B,$0.02B,-143.21%,$-0.06B,$-0.01B,-322.22%,$-0.06B,$0.44B,-13.32%,$0.04B,$0.04B,57.99%,$46,$47,$-1,$1,$6,$53,$-8,$-3,$-10,$0,$-10,$-10,$-10,$-3,$-8,$13,13,$-0.81,$-0.81,$24,$61,$0,$190,$225,$0,$1,$0,$248,$438,$372,$20,$22,$50,$422,$14,$-168,$40,$16,$438,$-58,$15,$57,$72,$31,$-32,$-1,$1,$29,$43,$-25,$-0,$0,$0,$0,$0,$-16,$-42,$16,$-17,$-0,$0,$0,$0,$0,$-0,$1,$0,$0
22,2013-03-31,1.18,$2.02,0.58,$12.25,0.1,$-0.67,0.0,$-5.99,0.0,$0.14B,$0.33B,0.42,$0.03B,$0.03B,1.25,$0.16B,$-0.01B,-8.39%,$0.16B,$0.02B,14.84%,$0.16B,$-0.04B,-26.45%,$0.16B,$0.04B,24.52%,$0.16B,$-0.07B,-44.52%,$0.16B,$-0.08B,-49.03%,$-0.08B,$0.03B,-127.73%,$-0.08B,$-0.01B,-178.82%,$-0.08B,$0.42B,-17.29%,$0.02B,$0.06B,26.21%,$44,$48,$-4,$1,$7,$61,$-17,$3,$-14,$6,$-20,$-20,$-20,$-7,$-17,$13,13,$-1.56,$-1.56,$16,$55,$3,$140,$247,$0,$0,$0,$280,$420,$332,$32,$22,$62,$394,$14,$-158,$39,$26,$420,$-48,$10,$45,$55,$24,$-15,$-7,$-3,$13,$20,$-21,$-0,$0,$0,$0,$0,$-9,$-30,$8,$0,$8,$0,$0,$0,$0,$8,$-2,$0,$0
23,2012-12-31,1.59,$3.73,0.43,$11.36,0.14,$-0.22,0.0,$-5.45,0.0,$0.15B,$0.34B,0.45,$0.03B,$0.05B,0.63,$0.14B,$-0.01B,-9.03%,$0.14B,$0.03B,18.75%,$0.14B,$-0.04B,-25.69%,$0.14B,$0.04B,29.17%,$0.14B,$-0.07B,-49.31%,$0.14B,$-0.07B,-50.00%,$-0.07B,$0.05B,-86.75%,$-0.07B,$0.05B,-97.30%,$-0.07B,$0.44B,-15.93%,$0.03B,$0.08B,24.55%,$64,$68,$-4,$2,$0,$0,$64,$0,$-28,$0,$0,$0,$-28,$64,$0,$13,13,$-2.23,$-2.23,$14,$61,$0,$150,$256,$0,$1,$0,$291,$441,$336,$30,$19,$57,$394,$14,$-136,$38,$48,$441,$-28,$5,$33,$38,$12,$-14,$-8,$-1,$-4,$6,$-10,$-0,$0,$0,$0,$0,$1,$-10,$1,$3,$4,$0,$0,$0,$0,$4,$0,$0,$0
24,2012-09-30,3.05,$0.00,0.0,$12.00,0.25,$0.28,10.85,$-3.60,0.0,$0.17B,$0.33B,0.52,$0.03B,$0.07B,0.37,$0.15B,$0.01B,3.29%,$0.15B,$0.04B,23.03%,$0.15B,$-0.04B,-24.34%,$0.15B,$0.05B,32.89%,$0.15B,$-0.04B,-28.29%,$0.15B,$-0.05B,-30.26%,$-0.05B,$0.07B,-43.81%,$-0.05B,$0.04B,-47.92%,$-0.05B,$0.44B,-10.06%,$0.04B,$0.10B,26.92%,$0,$0,$0,$0,$0,$0,$0,$0,$0,$0,$0,$0,$0,$0,$0,$0,0,$0.00,$0.00,$15,$65,$0,$169,$239,$0,$1,$0,$274,$443,$326,$26,$10,$45,$371,$14,$-110,$37,$72,$443,$0,$0,$0,$0,$0,$0,$0,$0,$0,$0,$0,$0,$0,$0,$0,$0,$0,$0,$0,$0,$0,$0,$0,$0,$0,$0,$0,$0,$0
25,2012-06-30,2.9,$7.18,0.4,$12.00,0.24,$0.28,10.31,$-3.60,0.0,$0.19B,$0.32B,0.58,$0.03B,$0.09B,0.28,$0.15B,$0.01B,3.29%,$0.15B,$0.04B,23.03%,$0.15B,$-0.04B,-24.34%,$0.15B,$0.05B,32.89%,$0.15B,$-0.04B,-28.29%,$0.15B,$-0.05B,-30.26%,$-0.05B,$0.09B,-38.10%,$-0.05B,$0.09B,-38.33%,$-0.05B,$0.45B,-9.89%,$0.04B,$0.12B,24.35%,$47,$52,$-5,$2,$6,$71,$-24,$-3,$-27,$0,$-28,$-28,$-28,$-19,$-24,$13,13,$-2.19,$-2.19,$18,$60,$0,$185,$235,$0,$1,$0,$270,$454,$317,$26,$12,$46,$363,$14,$-90,$37,$92,$454,$-45,$16,$25,$41,$-12,$3,$12,$-9,$17,$12,$-15,$-0,$0,$0,$0,$0,$1,$-15,$0,$-9,$-9,$0,$0,$0,$0,$-9,$-12,$1,$0
26,2012-03-31,5.15,$9.41,0.55,$12.03,0.43,$0.51,10.13,$-2.00,0.0,$0.19B,$0.30B,0.64,$0.03B,$0.12B,0.22,$0.15B,$0.01B,9.21%,$0.15B,$0.05B,35.53%,$0.15B,$-0.02B,-11.84%,$0.15B,$0.07B,45.39%,$0.15B,$-0.02B,-15.13%,$0.15B,$-0.03B,-16.45%,$-0.03B,$0.12B,-18.76%,$-0.03B,$0.12B,-18.83%,$-0.03B,$0.47B,-5.33%,$0.05B,$0.15B,35.18%,$33,$37,$-4,$1,$8,$46,$-13,$-2,$-16,$0,$-16,$-16,$-16,$-3,$-13,$13,13,$-1.24,$-1.24,$19,$59,$0,$194,$241,$0,$1,$0,$276,$470,$304,$26,$11,$46,$349,$14,$-62,$38,$120,$470,$-17,$10,$11,$21,$-14,$7,$5,$-7,$11,$15,$-10,$-0,$0,$0,$0,$0,$3,$-7,$0,$-16,$-16,$0,$0,$0,$0,$-16,$-8,$0,$0
27,2011-12-31,3.15,$10.62,0.3,$13.15,0.24,$0.82,3.82,$-1.05,0.0,$0.19B,$0.29B,0.66,$0.02B,$0.14B,0.17,$0.17B,$0.02B,13.25%,$0.17B,$0.07B,39.16%,$0.17B,$-0.01B,-4.22%,$0.17B,$0.08B,47.59%,$0.17B,$-0.01B,-6.63%,$0.17B,$-0.01B,-7.83%,$-0.01B,$0.14B,-9.29%,$-0.01B,$0.14B,-9.30%,$-0.01B,$0.46B,-2.77%,$0.07B,$0.16B,41.27%,$72,$58,$14,$1,$0,$0,$72,$0,$0,$2,$0,$0,$-2,$72,$0,$13,13,$-0.14,$-0.14,$11,$55,$0,$186,$240,$0,$1,$0,$276,$462,$285,$23,$11,$42,$327,$14,$-46,$38,$136,$462,$-2,$5,$6,$11,$-20,$13,$-1,$-2,$-4,$6,$-4,$-0,$0,$0,$0,$0,$1,$-3,$0,$-21,$-21,$0,$0,$0,$0,$-21,$-19,$0,$0
28,2011-09-30,4.1,$0.00,0.0,$12.51,0.33,$1.66,2.46,$-1.20,0.0,$0.20B,$0.30B,0.65,$0.02B,$0.14B,0.13,$0.16B,$0.02B,11.39%,$0.16B,$0.06B,36.08%,$0.16B,$-0.01B,-4.43%,$0.16B,$0.07B,44.94%,$0.16B,$-0.02B,-9.49%,$0.16B,$-0.02B,-9.49%,$-0.02B,$0.14B,-10.47%,$-0.02B,$0.14B,-10.47%,$-0.02B,$0.48B,-3.18%,$0.06B,$0.15B,35.40%,$0,$0,$0,$0,$0,$0,$0,$0,$0,$0,$0,$0,$0,$0,$0,$0,0,$0.00,$0.00,$31,$67,$0,$197,$243,$0,$0,$0,$278,$475,$303,$17,$12,$37,$340,$14,$-44,$36,$135,$475,$0,$0,$0,$0,$0,$0,$0,$0,$0,$0,$0,$0,$0,$0,$0,$0,$0,$0,$0,$0,$0,$0,$0,$0,$0,$0,$0,$0,$0
29,2011-06-30,5.05,$11.17,0.45,$12.51,0.4,$1.66,3.04,$-1.20,0.0,$0.19B,$0.29B,0.64,$0.02B,$0.14B,0.1,$0.16B,$0.02B,11.39%,$0.16B,$0.06B,36.08%,$0.16B,$-0.01B,-4.43%,$0.16B,$0.07B,44.94%,$0.16B,$-0.02B,-9.49%,$0.16B,$-0.02B,-9.49%,$-0.02B,$0.14B,-10.20%,$-0.02B,$0.14B,-10.20%,$-0.02B,$0.47B,-3.21%,$0.06B,$0.16B,33.98%,$47,$44,$4,$2,$7,$52,$-5,$-2,$-7,$0,$-7,$-7,$-7,$-0,$-5,$13,13,$-0.60,$-0.60,$24,$79,$0,$187,$248,$0,$0,$0,$282,$469,$293,$15,$11,$34,$327,$14,$-35,$33,$142,$469,$-15,$14,$4,$18,$14,$-12,$11,$0,$23,$26,$-26,$-0,$0,$0,$0,$0,$0,$-26,$0,$-6,$-6,$0,$0,$0,$0,$-6,$-5,$1,$0
30,2011-03-31,9.05,$11.55,0.78,$13.42,0.67,$-0.78,0.0,$-2.05,0.0,$0.20B,$0.29B,0.7,$0.02B,$0.15B,0.1,$0.17B,$0.01B,7.65%,$0.17B,$0.04B,25.88%,$0.17B,$-0.02B,-11.76%,$0.17B,$0.06B,33.53%,$0.17B,$-0.03B,-16.47%,$0.17B,$-0.03B,-15.29%,$-0.03B,$0.15B,-17.30%,$-0.03B,$0.15B,-17.30%,$-0.03B,$0.47B,-5.62%,$0.04B,$0.16B,25.18%,$47,$42,$4,$2,$4,$49,$-2,$-2,$-4,$-0,$-4,$-4,$-4,$7,$-2,$13,13,$-0.30,$-0.30,$31,$67,$0,$201,$232,$0,$0,$0,$267,$468,$286,$15,$11,$34,$321,$14,$-28,$31,$147,$468,$-8,$9,$2,$11,$-6,$-1,$15,$2,$18,$21,$-12,$0,$0,$0,$0,$0,$0,$-12,$0,$-6,$-6,$0,$0,$0,$0,$-6,$3,$1,$0
31,2010-12-31,9.65,$11.74,0.82,$13.72,0.7,$-3.59,0.0,$-1.95,0.0,$0.21B,$0.29B,0.75,$0.02B,$0.15B,0.15,$0.17B,$0.02B,10.40%,$0.17B,$0.05B,27.17%,$0.17B,$-0.02B,-9.83%,$0.17B,$0.06B,34.68%,$0.17B,$-0.03B,-14.45%,$0.17B,$-0.03B,-14.45%,$-0.03B,$0.15B,-15.97%,$-0.03B,$0.15B,-15.97%,$-0.03B,$0.48B,-5.37%,$0.05B,$0.17B,25.47%,$64,$54,$10,$2,$0,$0,$64,$0,$-4,$-0,$0,$0,$-4,$64,$0,$13,13,$-0.30,$-0.30,$41,$67,$0,$213,$229,$0,$0,$0,$263,$476,$285,$23,$10,$41,$326,$14,$-24,$30,$149,$476,$-4,$4,$3,$8,$-8,$-2,$16,$1,$15,$18,$-6,$0,$0,$0,$0,$0,$0,$-6,$0,$-11,$-11,$0,$0,$0,$0,$-11,$2,$1,$0
32,2010-09-30,9.15,$0.00,0.0,$12.77,0.72,$-6.31,0.0,$-1.95,0.0,$0.20B,$0.27B,0.73,$0.03B,$0.15B,0.2,$0.16B,$0.02B,11.32%,$0.16B,$0.03B,20.75%,$0.16B,$-0.02B,-10.69%,$0.16B,$0.05B,28.93%,$0.16B,$-0.03B,-16.35%,$0.16B,$-0.02B,-15.09%,$-0.02B,$0.15B,-14.75%,$-0.02B,$0.15B,-14.75%,$-0.02B,$0.46B,-5.19%,$0.03B,$0.18B,17.17%,$0,$0,$0,$0,$0,$0,$0,$0,$0,$0,$0,$0,$0,$0,$0,$0,0,$0.00,$0.00,$32,$64,$0,$195,$229,$0,$0,$0,$263,$457,$266,$30,$3,$41,$307,$14,$-20,$28,$150,$457,$0,$0,$0,$0,$0,$0,$0,$0,$0,$0,$0,$0,$0,$0,$0,$0,$0,$0,$0,$0,$0,$0,$0,$0,$0,$0,$0,$0,$0
33,2010-06-30,8.7,$12.22,0.71,$12.77,0.68,$-6.31,0.0,$-1.95,0.0,$0.19B,$0.25B,0.77,$0.03B,$0.16B,0.19,$0.16B,$0.02B,11.32%,$0.16B,$0.03B,20.75%,$0.16B,$-0.02B,-10.69%,$0.16B,$0.05B,28.93%,$0.16B,$-0.03B,-16.35%,$0.16B,$-0.02B,-15.09%,$-0.02B,$0.16B,-14.59%,$-0.02B,$0.16B,-14.61%,$-0.02B,$0.45B,-5.15%,$0.03B,$0.19B,16.82%,$59,$60,$-1,$2,$10,$77,$-18,$-2,$-20,$-2,$-18,$-18,$-18,$-14,$-18,$13,13,$-1.45,$-1.45,$34,$65,$0,$193,$224,$0,$0,$0,$256,$449,$252,$29,$3,$41,$294,$14,$-11,$26,$155,$449,$-24,$13,$19,$32,$-4,$-4,$-11,$-1,$-19,$-11,$-20,$-0,$0,$0,$0,$0,$0,$-20,$0,$6,$6,$20,$20,$0,$0,$26,$-6,$2,$0
34,2010-03-31,12.05,$13.52,0.89,$12.04,1.0,$-4.04,0.0,$-0.95,0.0,$0.23B,$0.27B,0.86,$0.03B,$0.17B,0.17,$0.15B,$0.02B,16.55%,$0.15B,$0.05B,32.41%,$0.15B,$-0.00B,-2.07%,$0.15B,$0.06B,41.38%,$0.15B,$-0.01B,-8.28%,$0.15B,$-0.01B,-7.59%,$-0.01B,$0.17B,-6.68%,$-0.01B,$0.17B,-6.69%,$-0.01B,$0.48B,-2.36%,$0.05B,$0.20B,23.62%,$50,$41,$9,$2,$7,$50,$1,$-2,$-1,$1,$-3,$-3,$-3,$10,$1,$13,13,$-0.20,$-0.20,$58,$76,$0,$231,$218,$0,$0,$0,$250,$481,$269,$29,$3,$40,$309,$14,$7,$25,$172,$481,$-6,$9,$6,$15,$-6,$-10,$-12,$-3,$-28,$-19,$-8,$-0,$0,$0,$0,$0,$0,$-8,$0,$17,$17,$20,$20,$0,$0,$36,$9,$2,$0
35,2009-12-31,13.9,$13.67,1.02,$11.61,1.2,$-2.41,0.0,$-1.25,0.0,$0.21B,$0.25B,0.85,$0.03B,$0.17B,0.17,$0.14B,$0.02B,13.24%,$0.14B,$0.04B,31.62%,$0.14B,$-0.01B,-5.15%,$0.14B,$0.05B,39.71%,$0.14B,$-0.02B,-12.50%,$0.14B,$-0.01B,-10.29%,$-0.01B,$0.17B,-8.64%,$-0.01B,$0.17B,-8.66%,$-0.01B,$0.46B,-3.08%,$0.04B,$0.20B,21.61%,$50,$41,$10,$2,$0,$0,$50,$0,$-5,$-1,$0,$0,$-3,$50,$0,$12,12,$-0.30,$-0.30,$37,$79,$0,$210,$219,$0,$0,$0,$251,$461,$247,$29,$2,$39,$287,$14,$10,$25,$174,$461,$-3,$4,$4,$8,$4,$-14,$-5,$-8,$-22,$-17,$-4,$-0,$0,$0,$0,$0,$0,$-4,$0,$-11,$-11,$20,$20,$0,$0,$9,$-12,$1,$0
36,2009-09-30,24.75,$0.00,0.0,$13.48,1.84,$-0.56,0.0,$-1.10,0.0,$0.22B,$0.27B,0.83,$0.04B,$0.16B,0.25,$0.15B,$0.02B,12.34%,$0.15B,$0.06B,39.61%,$0.15B,$-0.01B,-4.55%,$0.15B,$0.07B,46.75%,$0.15B,$-0.01B,-9.09%,$0.15B,$-0.01B,-8.44%,$-0.01B,$0.16B,-8.13%,$-0.01B,$0.16B,-8.14%,$-0.01B,$0.47B,-2.89%,$0.06B,$0.20B,30.27%,$0,$0,$0,$0,$0,$0,$0,$0,$0,$0,$0,$0,$0,$0,$0,$0,0,$0.00,$0.00,$62,$66,$0,$220,$220,$0,$0,$0,$252,$472,$266,$40,$2,$49,$315,$14,$13,$25,$157,$472,$0,$0,$0,$0,$0,$0,$0,$0,$0,$0,$0,$0,$0,$0,$0,$0,$0,$0,$0,$0,$0,$0,$0,$0,$0,$0,$0,$0,$0
37,2009-06-30,14.75,$13.55,1.09,$13.48,1.09,$-0.56,0.0,$-1.10,0.0,$0.20B,$0.25B,0.83,$0.04B,$0.16B,0.25,$0.15B,$0.02B,12.34%,$0.15B,$0.06B,39.61%,$0.15B,$-0.01B,-4.55%,$0.15B,$0.07B,46.75%,$0.15B,$-0.01B,-9.09%,$0.15B,$-0.01B,-8.44%,$-0.01B,$0.16B,-8.00%,$-0.01B,$0.16B,-8.00%,$-0.01B,$0.45B,-2.96%,$0.06B,$0.20B,29.29%,$45,$40,$5,$1,$7,$48,$-4,$-2,$-6,$-0,$-5,$-5,$-5,$0,$-4,$11,11,$-0.45,$-0.45,$59,$62,$0,$203,$215,$0,$0,$0,$248,$451,$245,$40,$2,$50,$295,$14,$15,$25,$156,$451,$-13,$12,$7,$19,$7,$6,$17,$-5,$27,$33,$-35,$-0,$0,$0,$0,$0,$0,$-35,$0,$-4,$-4,$0,$0,$0,$0,$-4,$-6,$2,$0
38,2009-03-31,8.55,$13.96,0.61,$16.10,0.53,$-5.23,0.0,$-0.85,0.0,$0.18B,$0.22B,0.83,$0.04B,$0.16B,0.25,$0.18B,$0.02B,12.43%,$0.18B,$0.07B,36.72%,$0.18B,$-0.00B,-1.69%,$0.18B,$0.08B,42.37%,$0.18B,$-0.01B,-5.65%,$0.18B,$-0.01B,-5.65%,$-0.01B,$0.16B,-6.23%,$-0.01B,$0.16B,-6.23%,$-0.01B,$0.43B,-2.33%,$0.07B,$0.20B,30.95%,$41,$38,$3,$1,$5,$44,$-3,$-2,$-6,$0,$-6,$-6,$-6,$4,$-3,$11,11,$-0.50,$-0.50,$37,$58,$0,$184,$215,$0,$0,$0,$248,$432,$222,$40,$1,$49,$271,$14,$20,$25,$161,$432,$-7,$8,$5,$12,$5,$10,$13,$-8,$23,$27,$-33,$-0,$0,$0,$0,$0,$0,$-33,$0,$-5,$-5,$0,$0,$0,$0,$-5,$-10,$2,$0
39,2008-12-31,8.1,$14.42,0.56,$17.44,0.46,$-6.91,0.0,$-0.95,0.0,$0.21B,$0.22B,0.92,$0.05B,$0.17B,0.28,$0.19B,$0.02B,12.30%,$0.19B,$0.06B,34.22%,$0.19B,$-0.00B,-2.14%,$0.19B,$0.07B,39.04%,$0.19B,$-0.01B,-5.35%,$0.19B,$-0.01B,-5.35%,$-0.01B,$0.17B,-6.39%,$-0.01B,$0.17B,-6.39%,$-0.01B,$0.45B,-2.40%,$0.06B,$0.21B,31.37%,$68,$57,$11,$1,$0,$0,$68,$0,$-2,$-0,$0,$0,$-2,$68,$0,$11,11,$-0.15,$-0.15,$43,$67,$0,$206,$208,$0,$0,$0,$241,$447,$224,$47,$1,$56,$280,$14,$26,$25,$166,$447,$-2,$4,$3,$7,$-1,$1,$20,$-8,$16,$21,$-20,$-0,$0,$0,$0,$0,$0,$-20,$0,$1,$1,$0,$0,$0,$0,$1,$2,$1,$0
40,2008-09-30,18.0,$0.00,0.0,$16.50,1.09,$-8.33,0.0,$-0.90,0.0,$0.20B,$0.19B,1.02,$0.06B,$0.17B,0.33,$0.17B,$0.02B,11.05%,$0.17B,$0.05B,28.49%,$0.17B,$-0.00B,-2.33%,$0.17B,$0.06B,33.72%,$0.17B,$-0.01B,-5.23%,$0.17B,$-0.01B,-5.23%,$-0.01B,$0.17B,-5.96%,$-0.01B,$0.17B,-5.96%,$-0.01B,$0.42B,-2.28%,$0.05B,$0.22B,25.06%,$0,$0,$0,$0,$0,$0,$0,$0,$0,$0,$0,$0,$0,$0,$0,$0,0,$0.00,$0.00,$40,$68,$0,$197,$195,$0,$0,$0,$227,$424,$193,$56,$0,$64,$257,$14,$28,$25,$167,$424,$0,$0,$0,$0,$0,$0,$0,$0,$0,$0,$0,$0,$0,$0,$0,$0,$0,$0,$0,$0,$0,$0,$0,$0,$0,$0,$0,$0,$0
41,2008-06-30,23.55,$13.89,1.7,$16.50,1.43,$-8.33,0.0,$-0.90,0.0,$0.20B,$0.20B,0.99,$0.06B,$0.15B,0.38,$0.17B,$0.02B,11.05%,$0.17B,$0.05B,28.49%,$0.17B,$-0.00B,-2.33%,$0.17B,$0.06B,33.72%,$0.17B,$-0.01B,-5.23%,$0.17B,$-0.01B,-5.23%,$-0.01B,$0.15B,-6.38%,$-0.01B,$0.15B,-6.38%,$-0.01B,$0.41B,-2.46%,$0.05B,$0.20B,27.41%,$68,$60,$8,$2,$7,$69,$-0,$-2,$-2,$-0,$-2,$-2,$-2,$3,$-0,$10,10,$-0.20,$-0.20,$37,$68,$0,$200,$183,$0,$0,$0,$214,$414,$203,$55,$0,$64,$266,$14,$27,$24,$148,$414,$-9,$9,$6,$16,$-17,$-3,$9,$-6,$-15,$-9,$-42,$-0,$0,$0,$0,$0,$7,$-34,$0,$42,$42,$14,$14,$0,$0,$56,$16,$3,$0
42,2008-03-31,18.85,$13.66,1.38,$12.98,1.45,$-8.11,0.0,$-0.95,0.0,$0.20B,$0.21B,0.95,$0.03B,$0.15B,0.22,$0.13B,$0.02B,12.03%,$0.13B,$0.05B,36.09%,$0.13B,$-0.01B,-3.76%,$0.13B,$0.06B,42.11%,$0.13B,$-0.01B,-7.52%,$0.13B,$-0.01B,-7.52%,$-0.01B,$0.15B,-7.39%,$-0.01B,$0.15B,-7.39%,$-0.01B,$0.38B,-3.00%,$0.05B,$0.18B,28.96%,$51,$47,$4,$1,$6,$55,$-4,$-2,$-6,$0,$-6,$-6,$-6,$2,$-4,$10,10,$-0.60,$-0.60,$41,$68,$0,$197,$168,$0,$0,$0,$187,$384,$207,$31,$0,$32,$239,$14,$29,$20,$145,$384,$-7,$6,$4,$10,$-12,$-4,$12,$-6,$-9,$-6,$-16,$-0,$0,$0,$0,$0,$0,$-16,$0,$28,$28,$14,$14,$0,$0,$42,$23,$2,$0
43,2007-12-31,31.25,$13.64,2.29,$11.04,2.83,$-9.11,0.0,$-0.30,0.0,$0.19B,$0.18B,1.04,$0.03B,$0.14B,0.24,$0.11B,$0.02B,16.07%,$0.11B,$0.05B,48.21%,$0.11B,$0.00B,0.89%,$0.11B,$0.06B,53.57%,$0.11B,$-0.00B,-2.68%,$0.11B,$-0.00B,-3.57%,$-0.00B,$0.14B,-3.07%,$-0.00B,$0.14B,-3.07%,$-0.00B,$0.36B,-1.30%,$0.05B,$0.18B,34.34%,$53,$46,$7,$1,$0,$0,$53,$0,$-1,$-0,$0,$0,$-1,$53,$0,$10,10,$-0.10,$-0.10,$38,$63,$0,$186,$154,$0,$0,$0,$173,$359,$180,$34,$0,$35,$215,$0,$35,$14,$144,$359,$-1,$3,$2,$5,$-7,$-1,$10,$-12,$-8,$-5,$-9,$-0,$0,$0,$0,$0,$0,$-9,$0,$19,$19,$14,$14,$0,$0,$33,$19,$1,$0
44,2007-09-30,38.9,$0.00,0.0,$10.41,3.74,$-9.36,0.0,$0.15,259.33,$0.14B,$0.15B,0.95,$0.03B,$0.13B,0.23,$0.10B,$0.02B,18.63%,$0.10B,$0.04B,43.14%,$0.10B,$0.00B,0.98%,$0.10B,$0.05B,49.02%,$0.10B,$0.00B,1.96%,$0.10B,$0.00B,0.98%,$0.00B,$0.13B,0.80%,$0.00B,$0.13B,0.80%,$0.00B,$0.31B,0.35%,$0.04B,$0.16B,30.09%,$0,$0,$0,$0,$0,$0,$0,$0,$0,$0,$0,$0,$0,$0,$0,$0,0,$0.00,$0.00,$19,$60,$0,$144,$145,$0,$0,$0,$163,$307,$151,$29,$0,$30,$180,$8,$36,$10,$127,$307,$0,$0,$6,$6,$0,$0,$0,$0,$0,$6,$0,$-0,$0,$0,$0,$0,$0,$-0,$0,$55,$55,$0,$0,$0,$0,$55,$61,$3,$0
45,2007-06-30,19.65,$12.77,1.54,$10.41,1.89,$-9.36,0.0,$0.15,131.0,$0.13B,$0.13B,0.97,$0.03B,$0.13B,0.21,$0.10B,$0.02B,18.63%,$0.10B,$0.04B,43.14%,$0.10B,$0.00B,0.98%,$0.10B,$0.05B,49.02%,$0.10B,$0.00B,1.96%,$0.10B,$0.00B,0.98%,$0.00B,$0.13B,0.82%,$0.00B,$0.13B,0.82%,$0.00B,$0.29B,0.37%,$0.04B,$0.15B,32.41%,$29,$24,$5,$1,$5,$31,$-1,$-1,$-3,$0,$-3,$-3,$-3,$1,$-1,$10,10,$-0.25,$-0.25,$12,$62,$0,$129,$139,$0,$0,$0,$157,$285,$134,$26,$0,$27,$160,$0,$37,$8,$125,$285,$1,$7,$3,$10,$13,$-13,$-2,$-0,$-3,$8,$-53,$-0,$0,$0,$0,$0,$0,$-53,$0,$33,$33,$0,$0,$0,$0,$33,$-12,$2,$0
46,2007-03-31,16.25,$12.77,1.27,$10.78,1.51,$-8.89,0.0,$0.85,19.12,$0.14B,$0.13B,1.02,$0.02B,$0.13B,0.15,$0.11B,$0.02B,20.75%,$0.11B,$0.05B,47.17%,$0.11B,$0.01B,6.60%,$0.11B,$0.06B,52.83%,$0.11B,$0.01B,9.43%,$0.11B,$0.01B,8.49%,$0.01B,$0.13B,7.64%,$0.01B,$0.13B,7.64%,$0.01B,$0.28B,3.48%,$0.05B,$0.14B,39.92%,$30,$23,$6,$1,$3,$28,$2,$-1,$1,$0,$0,$0,$0,$6,$2,$10,10,$0.05,$0.05,$24,$54,$0,$136,$124,$0,$0,$0,$141,$277,$134,$18,$0,$18,$152,$0,$40,$6,$125,$277,$4,$4,$0,$5,$10,$-6,$-7,$0,$-3,$5,$-37,$-0,$0,$0,$0,$0,$0,$-37,$0,$25,$25,$0,$0,$0,$0,$25,$-6,$1,$0
47,2006-12-31,32.6,$12.54,2.6,$11.67,2.79,$-8.06,0.0,$1.50,21.73,$0.15B,$0.13B,1.15,$0.01B,$0.12B,0.1,$0.11B,$0.03B,24.56%,$0.11B,$0.06B,49.12%,$0.11B,$0.01B,11.40%,$0.11B,$0.06B,53.51%,$0.11B,$0.02B,14.91%,$0.11B,$0.02B,14.91%,$0.02B,$0.12B,15.25%,$0.02B,$0.12B,15.25%,$0.02B,$0.27B,6.98%,$0.06B,$0.14B,48.91%,$43,$35,$8,$1,$0,$0,$43,$0,$4,$0,$0,$0,$4,$43,$0,$10,10,$0.35,$0.35,$35,$44,$0,$148,$113,$0,$0,$0,$117,$265,$129,$13,$0,$13,$142,$0,$39,$5,$123,$265,$4,$2,$1,$3,$-3,$4,$-12,$0,$-8,$-2,$-13,$-0,$0,$0,$0,$0,$0,$-13,$0,$20,$20,$0,$0,$0,$0,$20,$4,$0,$0
