,Date,Stock Price,Book Value per Share,Price to Book Ratio,TTM Sales per Share,Price to Sales Ratio,TTM FCF per Share,Price to FCF Ratio,TTM Net EPS,PE Ratio,Current Assets,Current Liabilities,Current Ratio,Long Term Debt,Shareholder's Equity_x,Debt to Equity Ratio,TTM Revenue_x,TTM Gross Profit,Gross Margin,TTM Revenue_y,TTM Operating Income,Operating Margin,TTM Revenue_x,TTM EBIT,EBIT Margin,TTM Revenue_y,TTM EBITDA,EBITDA Margin,TTM Revenue_x,TTM Pre-Tax Income,Pre-Tax Margin,TTM Revenue_y,TTM Net Income_x,Net Margin,TTM Net Income_y,Shareholder's Equity_y,Return on Equity,TTM Net Income_x,Tangible Equity,Return on Tangible Equity,TTM Net Income_y,Total Assets,Return on Assets,TTM Net Income,LT Investments & Debt,Return on Investment,revenue,cost-goods-sold,gross-profit,research-development-expenses,selling-general-administrative-expenses,operating-expenses,operating-income,total-non-operating-income-expense,pre-tax-income,total-provision-income-taxes,income-after-taxes,income-from-continuous-operations,net-income,ebitda,ebit,basic-shares-outstanding,shares-outstanding,eps-basic-net-earnings-per-share,eps-earnings-per-share-diluted,cash-on-hand,inventory,other-current-assets,total-current-assets,net-property-plant-equipment,long-term-investments,goodwill-intangible-assets-total,other-long-term-assets,total-long-term-assets,total-assets,total-current-liabilities,long-term-debt,other-non-current-liabilities,total-long-term-liabilities,total-liabilities,common-stock-net,retained-earnings-accumulated-deficit,comprehensive-income,total-share-holder-equity,total-liabilities-share-holders-equity,net-income-loss,total-depreciation-amortization-cash-flow,other-non-cash-items,total-non-cash-items,change-in-accounts-receivable,change-in-inventories,change-in-accounts-payable,change-in-assets-liabilities,total-change-in-assets-liabilities,cash-flow-from-operating-activities,net-change-in-property-plant-equipment,net-change-in-intangible-assets,net-acquisitions-divestitures,net-change-in-short-term-investments,net-change-in-long-term-investments,net-change-in-investments-total,investing-activities-other,cash-flow-from-investing-activities,net-long-term-debt,net-current-debt,debt-issuance-retirement-net-total,net-common-equity-issued-repurchased,net-total-equity-issued-repurchased,total-common-preferred-stock-dividends-paid,financial-activities-other,cash-flow-from-financial-activities,net-cash-flow,stock-based-compensation,common-stock-dividends-paid
0,2018-09-30,21.48,$0.00,0.0,$49.10,0.44,$-13.24,0.0,$0.95,22.61,$8.10B,$6.76B,1.2,$1.25B,$3.50B,0.36,$13.74B,$3.29B,23.95%,$13.74B,$0.59B,4.29%,$13.74B,$0.59B,4.29%,$13.74B,$0.83B,6.00%,$13.74B,$0.38B,2.79%,$13.74B,$0.31B,2.26%,$0.31B,$3.50B,7.96%,$0.31B,$3.00B,9.29%,$0.31B,$12.16B,2.29%,$0.59B,$4.75B,11.63%,$3114,$2424,$689,$0,$520,$3012,$102,$-36,$66,$18,$48,$48,$38,$146,$102,$287,287,$0.13,$0.13,$667,$1407,$134,$8097,$2348,$58,$492,$1100,$4064,$12161,$6758,$1252,$515,$1907,$8665,$1733,$923,$-21,$3496,$12161,$226,$168,$269,$437,$-194,$-477,$-507,$-240,$-1639,$-976,$-271,$-86,$0,$0,$0,$0,$0,$-357,$285,$0,$285,$0,$0,$-44,$0,$242,$-1091,$8,$-44
1,2018-06-30,19.98,$0.00,0.0,$51.18,0.39,$-14.97,0.0,$0.98,20.39,$8.69B,$7.24B,1.2,$1.16B,$3.82B,0.3,$14.08B,$3.35B,23.82%,$14.08B,$0.55B,3.92%,$14.08B,$0.55B,3.92%,$14.08B,$0.81B,5.76%,$14.08B,$0.33B,2.37%,$14.08B,$0.28B,2.00%,$0.28B,$3.82B,6.96%,$0.28B,$3.29B,8.13%,$0.28B,$12.94B,2.05%,$0.55B,$4.99B,10.65%,$3277,$2415,$862,$0,$567,$3065,$212,$-44,$168,$48,$120,$120,$133,$267,$212,$283,284,$0.47,$0.47,$850,$1429,$23,$8694,$2498,$86,$536,$893,$4245,$12939,$7240,$1161,$557,$1875,$9115,$1899,$122,$-20,$3824,$12939,$209,$124,$378,$502,$90,$-368,$-657,$-181,$-1515,$-805,$-175,$-59,$0,$0,$0,$0,$0,$-234,$155,$0,$155,$0,$0,$-49,$0,$106,$-933,$8,$-49
2,2018-03-31,20.04,$0.00,0.0,$51.33,0.39,$-16.14,0.0,$0.69,29.04,$9.44B,$7.90B,1.2,$1.27B,$4.09B,0.31,$14.12B,$3.39B,23.98%,$14.12B,$0.49B,3.44%,$14.12B,$0.49B,3.44%,$14.12B,$0.75B,5.33%,$14.12B,$0.25B,1.76%,$14.12B,$0.20B,1.42%,$0.20B,$4.09B,4.87%,$0.20B,$3.50B,5.70%,$0.20B,$14.00B,1.46%,$0.49B,$5.36B,9.29%,$3497,$2712,$785,$0,$610,$3400,$97,$-51,$46,$13,$33,$33,$46,$166,$97,$283,285,$0.16,$0.16,$524,$1467,$6834,$9437,$2821,$58,$592,$878,$4564,$14002,$7896,$1265,$614,$2015,$9911,$2103,$11,$-18,$4091,$14002,$70,$69,$159,$228,$-349,$-282,$-1021,$-235,$-1947,$-1649,$-107,$-25,$0,$0,$0,$0,$0,$-132,$225,$0,$225,$0,$0,$0,$0,$225,$-1556,$2,$0
3,2017-12-31,23.38,$15.62,1.5,$51.69,0.45,$-16.41,0.0,$0.68,34.38,$10.41B,$9.08B,1.15,$1.05B,$4.16B,0.25,$13.98B,$3.35B,23.98%,$13.98B,$0.49B,3.51%,$13.98B,$0.49B,3.51%,$13.98B,$0.75B,5.38%,$13.98B,$0.24B,1.75%,$13.98B,$0.19B,1.39%,$0.19B,$4.16B,4.73%,$0.19B,$3.56B,5.53%,$0.19B,$15.01B,1.43%,$0.49B,$5.21B,9.59%,$3855,$2900,$955,$0,$666,$3676,$179,$-75,$104,$36,$68,$68,$93,$246,$179,$266,267,$0.37,$0.37,$1188,$1510,$11,$10405,$2862,$71,$603,$807,$4607,$15011,$9080,$1045,$592,$1768,$10848,$2137,$994,$-6,$4163,$15011,$271,$261,$468,$729,$-662,$-471,$958,$-122,$-406,$594,$-401,$-97,$0,$0,$0,$0,$0,$-499,$-625,$0,$-625,$3,$3,$-32,$-3,$-656,$-561,$8,$-32
4,2017-09-30,23.38,$0.00,0.0,$54.73,0.43,$-26.27,0.0,$0.22,106.28,$8.64B,$7.29B,1.19,$1.06B,$4.14B,0.26,$14.78B,$3.57B,24.13%,$14.78B,$0.38B,2.60%,$14.78B,$0.38B,2.60%,$14.78B,$0.67B,4.56%,$14.78B,$0.07B,0.48%,$14.78B,$0.06B,0.43%,$0.06B,$4.14B,1.58%,$0.06B,$3.53B,2.05%,$0.06B,$13.20B,0.49%,$0.38B,$5.19B,7.72%,$3451,$2698,$752,$0,$578,$3387,$64,$-49,$15,$12,$3,$3,$10,$132,$64,$266,267,$0.04,$0.04,$400,$1466,$0,$8641,$2906,$94,$604,$899,$4560,$13201,$7292,$1056,$597,$1774,$9067,$2157,$0,$0,$4135,$13201,$144,$194,$293,$487,$-723,$-340,$-774,$-57,$-1974,$-1343,$-279,$-70,$0,$0,$0,$0,$0,$-349,$-629,$0,$-629,$2,$2,$0,$-3,$-629,$-2321,$7,$0
5,2017-06-30,19.31,$0.00,0.0,$59.11,0.33,$-29.08,0.0,$-0.11,0.0,$8.38B,$6.89B,1.22,$1.13B,$4.04B,0.28,$15.93B,$3.92B,24.59%,$15.93B,$0.43B,2.68%,$15.93B,$0.43B,2.68%,$15.93B,$0.65B,4.07%,$15.93B,$0.05B,0.33%,$15.93B,$0.07B,0.46%,$0.07B,$4.04B,1.86%,$0.07B,$3.46B,2.70%,$0.07B,$12.75B,0.57%,$0.43B,$5.18B,8.89%,$3315,$2422,$893,$0,$592,$3169,$146,$-63,$83,$29,$54,$54,$51,$208,$146,$283,283,$0.18,$0.18,$736,$1376,$135,$8384,$2793,$88,$587,$845,$4366,$12750,$6890,$1134,$598,$1819,$8709,$2120,$0,$0,$4042,$12750,$119,$126,$121,$247,$-385,$-155,$-908,$-82,$-1536,$-1170,$-142,$-37,$0,$0,$0,$0,$0,$-179,$-524,$0,$-524,$2,$2,$0,$-2,$-525,$-1873,$6,$0
6,2017-03-31,18.97,$0.00,0.0,$68.96,0.28,$-30.73,0.0,$-0.05,0.0,$8.90B,$7.61B,1.17,$0.82B,$4.08B,0.2,$18.69B,$4.48B,23.98%,$18.69B,$0.51B,2.75%,$18.69B,$0.51B,2.75%,$18.69B,$0.77B,4.10%,$18.69B,$0.11B,0.60%,$18.69B,$0.09B,0.48%,$0.09B,$4.08B,2.14%,$0.09B,$3.48B,3.52%,$0.09B,$13.18B,0.68%,$0.51B,$4.90B,10.03%,$3359,$2607,$752,$0,$600,$3257,$102,$-60,$42,$16,$26,$26,$40,$166,$102,$266,266,$0.14,$0.14,$536,$1457,$6358,$8903,$2856,$113,$604,$447,$4272,$13175,$7611,$818,$538,$1483,$9094,$2169,$40,$0,$4081,$13175,$68,$64,$114,$178,$-814,$-153,$-767,$-94,$-1871,$-1625,$-84,$-29,$0,$0,$0,$0,$0,$-113,$-470,$0,$-470,$1,$1,$0,$0,$-469,$-2207,$2,$0
7,2016-09-30,16.19,$14.67,1.1,$83.95,0.19,$-18.35,0.0,$0.75,21.59,$6.15B,$6.89B,0.89,$0.73B,$3.90B,0.19,$22.65B,$5.26B,23.20%,$22.65B,$0.43B,1.91%,$22.65B,$0.43B,1.91%,$22.65B,$0.72B,3.20%,$22.65B,$0.45B,1.99%,$22.65B,$0.30B,1.32%,$0.30B,$3.90B,6.33%,$0.30B,$2.04B,11.82%,$0.30B,$12.94B,2.01%,$0.43B,$4.63B,7.48%,$4656,$3488,$1169,$0,$992,$4584,$72,$-141,$-69,$-4,$-65,$-65,$-37,$168,$72,$266,266,$-0.14,$-0.14,$1044,$2426,$837,$6145,$3271,$151,$1863,$1183,$6799,$12943,$6888,$733,$753,$2157,$9045,$2100,$-138,$-2,$3898,$12943,$-323,$255,$541,$796,$-505,$28,$-1780,$-332,$-2657,$-2184,$-251,$-68,$28,$0,$0,$0,$0,$-291,$343,$0,$343,$1,$1,$-1,$-25,$318,$-2151,$6,$-1
8,2016-06-30,14.37,$13.85,1.04,$92.54,0.16,$-10.62,0.0,$1.35,10.65,$5.55B,$6.19B,0.9,$0.83B,$3.68B,0.23,$24.90B,$5.87B,23.55%,$24.90B,$0.67B,2.69%,$24.90B,$0.67B,2.69%,$24.90B,$1.16B,4.66%,$24.90B,$0.77B,3.08%,$24.90B,$0.46B,1.84%,$0.46B,$3.68B,8.68%,$0.46B,$1.83B,16.14%,$0.46B,$12.01B,2.87%,$0.67B,$4.51B,10.19%,$4602,$3498,$1104,$0,$904,$4495,$107,$-109,$-3,$1,$-4,$-4,$19,$107,$107,$266,266,$0.07,$0.07,$1061,$2554,$59,$5554,$3008,$134,$1848,$1152,$6451,$12005,$6188,$827,$690,$2137,$8326,$1944,$-93,$-4,$3679,$12005,$-211,$159,$286,$445,$-429,$-43,$-1576,$-278,$-2486,$-2252,$-112,$-46,$26,$0,$0,$0,$0,$-132,$302,$0,$302,$0,$0,$-1,$0,$301,$-2085,$2,$-1
9,2015-03-31,29.05,$19.56,1.49,$101.07,0.29,$-3.81,0.0,$2.10,13.83,$7.50B,$7.34B,1.02,$1.24B,$5.18B,0.24,$27.14B,$6.55B,24.12%,$27.14B,$0.98B,3.63%,$27.14B,$0.98B,3.63%,$27.14B,$1.38B,5.09%,$27.14B,$1.00B,3.68%,$27.14B,$0.56B,2.06%,$0.56B,$5.18B,9.52%,$0.56B,$2.88B,17.18%,$0.56B,$15.19B,3.29%,$0.98B,$6.43B,13.42%,$6069,$4614,$1455,$0,$1118,$5837,$232,$-89,$143,$54,$89,$89,$68,$325,$232,$282,282,$0.24,$0.24,$2164,$3146,$75,$7499,$3462,$157,$2307,$1268,$7686,$15185,$7335,$1244,$713,$2668,$10003,$2392,$68,$-2,$5182,$15185,$89,$93,$177,$270,$-497,$-162,$-862,$-313,$-1992,$-1633,$-135,$-36,$2,$0,$0,$0,$0,$-169,$40,$0,$40,$0,$0,$0,$-1,$39,$-1762,$2,$0
10,2014-12-31,35.88,$0.00,0.0,$104.75,0.34,$-0.79,0.0,$2.27,15.81,$10.31B,$10.19B,1.01,$1.34B,$6.19B,0.22,$27.76B,$7.01B,25.25%,$27.76B,$1.43B,5.17%,$27.76B,$1.43B,5.17%,$27.76B,$1.83B,6.60%,$27.76B,$1.07B,3.84%,$27.76B,$0.60B,2.16%,$0.60B,$6.19B,10.06%,$0.60B,$3.41B,18.09%,$0.60B,$19.44B,3.53%,$1.43B,$7.53B,18.88%,$7319,$5792,$1527,$0,$1414,$7298,$21,$-221,$380,$105,$275,$250,$250,$124,$21,$265,265,$0.95,$0.95,$4763,$3591,$114,$10309,$6524,$182,$2775,$1818,$11508,$19437,$10188,$1339,$860,$3063,$13251,$2901,$549,$0,$6187,$19437,$752,$398,$0,$398,$0,$0,$0,$0,$10,$2143,$-564,$0,$80,$0,$0,$0,$-221,$-705,$0,$0,$-316,$0,$186,$-110,$-32,$-272,$1188,$0,$0
11,2014-09-30,42.43,$0.00,0.0,$99.96,0.42,$-1.82,0.0,$1.98,21.43,$8.10B,$7.64B,1.06,$1.74B,$6.10B,0.29,$27.64B,$7.02B,25.40%,$27.64B,$1.55B,5.62%,$27.64B,$1.55B,5.62%,$27.64B,$1.97B,7.11%,$27.64B,$1.04B,3.76%,$27.64B,$0.56B,2.03%,$0.56B,$6.10B,9.49%,$0.56B,$3.26B,17.07%,$0.56B,$17.33B,3.38%,$1.55B,$7.84B,20.16%,$6912,$5133,$1779,$0,$1378,$6602,$310,$-63,$246,$74,$172,$122,$122,$604,$310,$265,265,$0.46,$0.46,$2916,$3293,$160,$8096,$0,$174,$2835,$1692,$5081,$17327,$7635,$1739,$1001,$3597,$11231,$2999,$455,$0,$6096,$17327,$480,$295,$0,$295,$0,$0,$0,$0,$-1408,$21,$-397,$0,$0,$0,$0,$0,$13,$-384,$0,$0,$2191,$0,$0,$-98,$-2510,$-418,$-780,$0,$0
12,2014-06-30,45.02,$0.00,0.0,$98.30,0.46,$-0.86,0.0,$2.01,22.4,$7.04B,$6.56B,1.07,$1.53B,$6.03B,0.25,$27.17B,$7.15B,26.32%,$27.17B,$1.88B,6.91%,$27.17B,$1.88B,6.91%,$27.17B,$2.08B,7.64%,$27.17B,$1.01B,3.72%,$27.17B,$0.57B,2.09%,$0.57B,$6.03B,10.03%,$0.57B,$3.47B,17.71%,$0.57B,$15.93B,3.57%,$1.88B,$7.55B,24.93%,$6842,$5056,$1786,$0,$1279,$6421,$421,$-179,$230,$69,$161,$119,$119,$329,$421,$265,265,$0.45,$0.45,$2417,$2904,$508,$7040,$0,$161,$2560,$1653,$4765,$15933,$6558,$1525,$1138,$3348,$9906,$3049,$212,$0,$6027,$15933,$313,$0,$0,$0,$0,$0,$0,$0,$-1296,$-324,$-226,$0,$0,$0,$0,$0,$-26,$-252,$0,$0,$1238,$0,$0,$-1633,$-383,$-777,$-1353,$0,$0
13,2014-03-31,42.23,$0.00,0.0,$95.23,0.44,$0.99,42.66,$1.63,25.91,$6.95B,$6.06B,1.15,$1.92B,$5.55B,0.35,$26.34B,$6.60B,25.05%,$26.34B,$1.16B,4.41%,$26.34B,$1.16B,4.41%,$26.34B,$1.55B,5.89%,$26.34B,$0.83B,3.14%,$26.34B,$0.47B,1.77%,$0.47B,$5.55B,8.44%,$0.47B,$3.13B,14.93%,$0.47B,$15.25B,2.92%,$1.16B,$7.47B,15.28%,$6688,$4771,$1917,$0,$1153,$6005,$682,$-135,$209,$66,$144,$109,$109,$774,$682,$265,265,$0.41,$0.41,$2279,$3039,$607,$6948,$0,$140,$2417,$1494,$4440,$15250,$6062,$1919,$1271,$3640,$9703,$2875,$103,$0,$5547,$15250,$144,$92,$0,$92,$0,$0,$0,$0,$-1205,$-768,$-95,$0,$0,$0,$0,$0,$-17,$-112,$0,$0,$-197,$0,$7,$-0,$-208,$-399,$-1279,$0,$0
14,2013-12-31,43.11,$0.00,0.0,$95.50,0.45,$3.19,13.49,$1.67,25.81,$8.67B,$7.93B,1.09,$2.01B,$5.93B,0.34,$26.36B,$6.45B,24.48%,$26.36B,$0.80B,3.04%,$26.36B,$0.80B,3.04%,$26.36B,$1.20B,4.57%,$26.36B,$0.82B,3.10%,$26.36B,$0.48B,1.81%,$0.48B,$5.93B,8.57%,$0.48B,$3.27B,15.16%,$0.48B,$17.72B,2.90%,$0.80B,$7.94B,10.26%,$7196,$5657,$1539,$0,$1314,$7057,$139,$-124,$353,$34,$319,$210,$210,$259,$139,$315,315,$0.66,$0.66,$3911,$2974,$18,$8674,$0,$144,$2657,$1577,$4822,$17716,$7930,$2014,$1140,$3861,$11791,$3153,$1159,$0,$5925,$17716,$651,$403,$0,$403,$0,$0,$0,$0,$295,$2280,$-726,$0,$-99,$0,$0,$0,$-90,$-915,$0,$0,$-579,$0,$8,$-211,$14,$-768,$597,$0,$0
15,2013-09-30,44.36,$0.00,0.0,$100.85,0.44,$6.25,7.1,$1.86,23.85,$6.50B,$5.80B,1.12,$2.08B,$5.10B,0.41,$26.57B,$7.17B,27.00%,$26.57B,$1.46B,5.49%,$26.57B,$1.46B,5.49%,$26.57B,$1.87B,7.03%,$26.57B,$0.88B,3.30%,$26.57B,$0.49B,1.85%,$0.49B,$5.10B,8.91%,$0.49B,$2.94B,15.77%,$0.49B,$14.71B,2.96%,$1.46B,$7.18B,18.14%,$6445,$4536,$1909,$0,$1185,$5809,$636,$-136,$220,$64,$156,$129,$129,$713,$636,$264,264,$0.49,$0.49,$2104,$2738,$105,$6504,$0,$171,$2162,$1628,$4409,$14706,$5797,$2077,$1063,$3805,$9602,$2961,$217,$0,$5104,$14706,$310,$284,$0,$284,$0,$0,$0,$0,$-906,$355,$-476,$0,$-28,$0,$0,$0,$-61,$-565,$0,$0,$-510,$0,$5,$-103,$-193,$-800,$-1010,$0,$0
16,2013-06-30,43.76,$0.00,0.0,$120.45,0.36,$6.13,7.13,$2.05,21.35,$7.24B,$6.46B,1.12,$2.26B,$5.55B,0.41,$26.11B,$6.83B,26.14%,$26.11B,$1.09B,4.18%,$26.11B,$1.09B,4.18%,$26.11B,$1.53B,5.84%,$26.11B,$0.81B,3.08%,$26.11B,$0.46B,1.74%,$0.46B,$5.55B,8.19%,$0.46B,$3.17B,14.73%,$0.46B,$16.22B,2.65%,$1.09B,$7.81B,13.17%,$6007,$4776,$1232,$0,$1433,$6303,$-296,$-150,$46,$9,$37,$19,$19,$-196,$-296,$264,264,$0.07,$0.07,$2458,$2864,$595,$7242,$0,$182,$2378,$1777,$4850,$16223,$6464,$2260,$1198,$4212,$10676,$3283,$119,$0,$5547,$16223,$171,$207,$0,$207,$0,$0,$0,$0,$-543,$292,$-352,$0,$4,$0,$0,$0,$-28,$-376,$0,$0,$-667,$0,$5,$-98,$-152,$-912,$-995,$0,$0
17,2013-03-31,50.92,$0.00,0.0,$120.13,0.42,$5.46,9.32,$2.45,20.78,$7.96B,$6.85B,1.16,$2.57B,$5.69B,0.45,$26.00B,$6.99B,26.90%,$26.00B,$1.43B,5.49%,$26.00B,$1.43B,5.49%,$26.00B,$1.85B,7.13%,$26.00B,$0.92B,3.55%,$26.00B,$0.56B,2.16%,$0.56B,$5.69B,10.17%,$0.56B,$3.21B,18.71%,$0.56B,$17.16B,3.21%,$1.43B,$8.26B,16.36%,$6708,$4936,$1772,$0,$1352,$6387,$321,$-123,$198,$60,$138,$119,$119,$428,$321,$263,263,$0.45,$0.45,$3008,$2845,$533,$7962,$0,$186,$2483,$1847,$5041,$17160,$6854,$2568,$1249,$4614,$11468,$3364,$898,$0,$5692,$17160,$138,$107,$0,$107,$0,$0,$0,$0,$-510,$-143,$-134,$0,$0,$0,$0,$0,$-12,$-146,$0,$0,$-6,$0,$1,$-0,$-249,$-254,$-543,$0,$0
18,2012-12-31,42.42,$0.00,0.0,$121.09,0.35,$4.85,8.74,$2.36,17.97,$8.88B,$7.18B,1.24,$3.23B,$5.70B,0.57,$26.18B,$7.07B,27.00%,$26.18B,$1.43B,5.48%,$26.18B,$1.43B,5.48%,$26.18B,$1.86B,7.11%,$26.18B,$0.86B,3.30%,$26.18B,$0.54B,2.05%,$0.54B,$5.70B,9.68%,$0.54B,$3.14B,18.23%,$0.54B,$18.22B,3.03%,$1.43B,$8.93B,15.91%,$7411,$5149,$2261,$0,$1370,$6613,$798,$-131,$414,$140,$274,$224,$224,$922,$798,$263,263,$0.85,$0.85,$3648,$2965,$448,$8881,$0,$187,$2561,$1861,$5164,$18222,$7184,$3234,$1278,$5340,$12524,$3454,$0,$0,$5698,$18222,$595,$429,$0,$429,$0,$0,$0,$0,$1072,$2728,$-629,$0,$-17,$0,$0,$0,$-43,$-689,$0,$0,$-394,$0,$11,$-96,$-470,$-949,$1089,$0,$0
19,2012-09-30,43.06,$0.00,0.0,$122.55,0.35,$-3.21,0.0,$2.31,18.64,$8.49B,$5.88B,1.45,$2.85B,$5.29B,0.54,$26.46B,$7.07B,26.73%,$26.46B,$1.33B,5.01%,$26.46B,$1.33B,5.01%,$26.46B,$1.76B,6.63%,$26.46B,$0.70B,2.66%,$26.46B,$0.52B,1.97%,$0.52B,$5.29B,9.24%,$0.52B,$2.84B,17.75%,$0.52B,$17.17B,2.85%,$1.33B,$8.14B,14.37%,$5984,$4423,$1561,$0,$1187,$5717,$268,$-142,$147,$43,$104,$93,$93,$372,$268,$136,136,$0.68,$0.68,$2743,$2562,$2016,$8491,$0,$181,$2442,$1667,$4862,$17174,$5877,$2851,$2613,$6011,$11888,$3311,$646,$0,$5286,$17174,$305,$305,$0,$305,$0,$0,$0,$0,$-856,$314,$-392,$0,$-21,$0,$0,$0,$-23,$-436,$0,$0,$591,$0,$6,$-79,$-110,$409,$287,$0,$0
20,2012-06-30,38.12,$0.00,0.0,$104.84,0.36,$-5.84,0.0,$1.95,19.55,$8.59B,$5.79B,1.48,$4.21B,$5.39B,0.78,$27.32B,$7.42B,27.15%,$27.32B,$1.27B,4.64%,$27.32B,$1.27B,4.64%,$27.32B,$1.70B,6.21%,$27.32B,$0.67B,2.44%,$27.32B,$0.51B,1.87%,$0.51B,$5.39B,8.73%,$0.51B,$2.81B,17.03%,$0.51B,$17.40B,2.72%,$1.27B,$9.59B,12.94%,$5900,$4499,$1400,$0,$1254,$5859,$41,$-147,$163,$37,$126,$125,$125,$132,$41,$263,263,$0.47,$0.47,$2805,$2531,$551,$8588,$0,$138,$2579,$1618,$4942,$17402,$5790,$4208,$1262,$6227,$12017,$3435,$588,$0,$5385,$17402,$209,$201,$0,$201,$0,$0,$0,$0,$-776,$31,$-267,$0,$0,$0,$0,$0,$-14,$-280,$0,$0,$0,$0,$0,$-67,$575,$507,$258,$0,$0
21,2012-03-31,45.12,$0.00,0.0,$109.62,0.41,$-6.91,0.0,$1.70,26.54,$8.76B,$6.49B,1.35,$3.58B,$5.82B,0.62,$28.49B,$7.89B,27.68%,$28.49B,$1.49B,5.23%,$28.49B,$1.49B,5.23%,$28.49B,$1.93B,6.76%,$28.49B,$0.56B,1.98%,$28.49B,$0.44B,1.55%,$0.44B,$5.82B,7.33%,$0.44B,$3.00B,14.42%,$0.44B,$18.15B,2.31%,$1.49B,$9.40B,14.93%,$6882,$5038,$1845,$0,$1413,$6556,$327,$-187,$139,$47,$92,$95,$95,$436,$327,$260,260,$0.36,$0.36,$2122,$2934,$718,$8763,$0,$146,$2820,$1520,$5172,$18148,$6485,$3582,$1429,$5847,$12332,$3473,$724,$0,$5816,$18148,$92,$110,$0,$110,$0,$0,$0,$0,$-756,$-319,$-113,$0,$4,$0,$0,$0,$-4,$-114,$0,$0,$-192,$0,$0,$0,$-69,$-261,$-694,$0,$0
22,2011-12-31,34.51,$0.00,0.0,$108.51,0.32,$-8.26,0.0,$1.60,21.57,$10.38B,$8.11B,1.28,$3.75B,$6.06B,0.62,$28.14B,$7.75B,27.55%,$28.14B,$1.41B,5.01%,$28.14B,$1.41B,5.01%,$28.14B,$1.83B,6.51%,$28.14B,$0.48B,1.72%,$28.14B,$0.41B,1.47%,$0.41B,$6.06B,6.86%,$0.41B,$3.10B,13.62%,$0.41B,$20.29B,2.16%,$1.41B,$9.81B,14.09%,$7697,$5429,$2268,$0,$1455,$7006,$691,$-283,$255,$23,$233,$208,$208,$815,$691,$260,260,$0.80,$0.80,$2985,$3336,$623,$10378,$0,$387,$2967,$1382,$5487,$20285,$8110,$3749,$1463,$6111,$14221,$3682,$48,$0,$6064,$20285,$433,$424,$0,$424,$0,$0,$0,$0,$-914,$678,$-700,$0,$-162,$0,$0,$0,$-115,$-976,$0,$0,$0,$0,$0,$-110,$1100,$991,$692,$0,$0
23,2011-09-30,29.12,$0.00,0.0,$129.76,0.22,$-12.40,0.0,$2.86,10.18,$9.53B,$6.31B,1.51,$4.25B,$6.11B,0.7,$26.96B,$7.20B,26.69%,$26.96B,$1.22B,4.53%,$26.96B,$1.22B,4.53%,$26.96B,$1.55B,5.76%,$26.96B,$0.45B,1.66%,$26.96B,$0.47B,1.74%,$0.47B,$6.11B,7.98%,$0.47B,$3.08B,16.01%,$0.47B,$19.10B,2.56%,$1.22B,$10.36B,12.58%,$6840,$4936,$1903,$0,$1598,$6632,$208,$-98,$110,$31,$79,$82,$82,$314,$208,$260,260,$0.32,$0.32,$2205,$3145,$1011,$9525,$0,$150,$3026,$1255,$5164,$19098,$6306,$4251,$1736,$6684,$12990,$3782,$192,$0,$6108,$19098,$200,$300,$0,$300,$0,$0,$0,$0,$-1199,$-276,$-555,$0,$9,$0,$0,$0,$-32,$-578,$0,$0,$0,$0,$0,$-100,$786,$686,$-167,$0,$0
24,2011-06-30,44.35,$0.00,0.0,$111.65,0.4,$-11.48,0.0,$2.80,15.84,$9.60B,$6.25B,1.54,$4.20B,$6.14B,0.68,$22.23B,$4.33B,19.47%,$22.23B,$-0.75B,-3.36%,$22.23B,$-0.75B,-3.36%,$22.23B,$-0.44B,-1.99%,$22.23B,$0.44B,1.96%,$22.23B,$0.45B,2.04%,$0.45B,$6.14B,8.49%,$0.45B,$3.09B,15.37%,$0.45B,$19.09B,2.79%,$-0.75B,$10.33B,-8.59%,$7066,$5197,$1869,$0,$1512,$6803,$263,$-209,$59,$5,$54,$57,$57,$361,$263,$260,260,$0.22,$0.22,$2487,$3022,$1008,$9598,$0,$145,$3046,$1180,$5113,$19091,$6251,$4195,$1818,$6705,$12956,$3839,$-34,$0,$6135,$19091,$124,$193,$0,$193,$0,$0,$0,$0,$-723,$-195,$-315,$0,$0,$0,$0,$0,$-51,$-367,$0,$0,$0,$0,$0,$-86,$738,$652,$91,$0,$0
25,2011-03-31,39.3,$0.00,0.0,$100.12,0.39,$-11.77,0.0,$2.72,14.45,$8.95B,$6.05B,1.48,$3.68B,$5.84B,0.63,$19.08B,$3.38B,17.71%,$19.08B,$-0.87B,-4.58%,$19.08B,$-0.87B,-4.58%,$19.08B,$-0.60B,-3.12%,$19.08B,$0.42B,2.22%,$19.08B,$0.43B,2.26%,$0.43B,$5.84B,9.07%,$0.43B,$2.89B,14.76%,$0.43B,$18.17B,3.09%,$-0.87B,$9.52B,-11.60%,$6533,$4821,$1712,$0,$1369,$6285,$248,$-189,$59,$-8,$67,$67,$67,$343,$248,$258,258,$0.26,$0.26,$2377,$2914,$1103,$8946,$0,$139,$2944,$1201,$5100,$18171,$6046,$3681,$1820,$6289,$12335,$3671,$-101,$0,$5835,$18171,$80,$95,$0,$95,$0,$0,$0,$0,$-962,$-653,$-123,$0,$0,$0,$0,$0,$-36,$-159,$0,$0,$0,$0,$-748,$-0,$1278,$530,$-283,$0,$0
26,2010-12-31,39.35,$0.00,0.0,$90.23,0.44,$-10.49,0.0,$2.74,14.36,$8.40B,$6.17B,1.36,$3.19B,$5.47B,0.58,$16.44B,$2.60B,15.83%,$16.44B,$-0.97B,-5.87%,$16.44B,$-0.97B,-5.87%,$16.44B,$-0.71B,-4.34%,$16.44B,$0.47B,2.83%,$16.44B,$0.44B,2.65%,$0.44B,$5.47B,10.26%,$0.44B,$2.68B,14.82%,$0.44B,$17.09B,3.65%,$-0.97B,$8.66B,-14.71%,$6525,$4812,$1712,$0,$1173,$6021,$503,$-203,$219,$-27,$246,$264,$264,$536,$503,$128,128,$2.06,$2.06,$2526,$2753,$810,$8400,$0,$370,$2787,$908,$4859,$17086,$6174,$3192,$1493,$5441,$11615,$3185,$1,$0,$5470,$17086,$395,$251,$0,$251,$0,$0,$0,$0,$-509,$244,$-787,$0,$-16,$0,$0,$0,$34,$-770,$0,$0,$0,$0,$0,$-86,$1453,$1367,$842,$0,$0
27,2010-09-30,32.31,$0.00,0.0,$56.11,0.58,$-3.97,0.0,$1.24,26.05,$5.00B,$3.39B,1.48,$2.28B,$3.95B,0.58,$14.17B,$2.05B,14.49%,$14.17B,$-1.07B,-7.55%,$14.17B,$-1.07B,-7.55%,$14.17B,$-0.80B,-5.64%,$14.17B,$0.35B,2.49%,$14.17B,$0.31B,2.20%,$0.31B,$3.95B,8.42%,$0.31B,$3.15B,10.67%,$0.31B,$10.68B,3.14%,$-1.07B,$6.23B,-18.79%,$2109,$3073,$-965,$0,$721,$3868,$-1760,$-107,$99,$32,$67,$66,$66,$-1682,$-1760,$257,257,$0.26,$0.26,$1221,$1731,$825,$4995,$0,$143,$834,$866,$2440,$10678,$3388,$2279,$1029,$3307,$6695,$3199,$491,$0,$3947,$10678,$174,$219,$0,$219,$0,$0,$0,$0,$-783,$-152,$-431,$0,$-17,$0,$0,$0,$-19,$-468,$0,$0,$615,$0,$17,$-76,$-61,$495,$-124,$0,$0
28,2010-06-30,32.5,$0.00,0.0,$55.93,0.58,$-0.10,0.0,$1.38,23.63,$4.64B,$3.28B,1.41,$1.93B,$3.80B,0.51,$14.10B,$2.57B,18.23%,$14.10B,$-0.47B,-3.33%,$14.10B,$-0.47B,-3.33%,$14.10B,$-0.20B,-1.42%,$14.10B,$0.33B,2.33%,$14.10B,$0.35B,2.45%,$0.35B,$3.80B,9.65%,$0.35B,$2.98B,12.45%,$0.35B,$10.05B,3.62%,$-0.47B,$5.72B,-8.95%,$3915,$2995,$920,$0,$713,$3779,$135,$-87,$46,$20,$26,$35,$35,$207,$135,$250,250,$0.14,$0.14,$991,$1579,$818,$4641,$0,$133,$815,$1412,$2360,$10049,$3283,$1926,$1004,$2968,$6251,$3124,$426,$0,$3798,$10049,$106,$142,$0,$142,$0,$0,$0,$0,$-666,$-326,$-238,$0,$-17,$0,$0,$0,$-13,$-267,$0,$0,$358,$0,$16,$-63,$-42,$270,$-323,$0,$0
29,2010-03-31,31.17,$0.00,0.0,$51.69,0.6,$2.42,12.86,$1.54,20.31,$4.57B,$3.25B,1.41,$1.89B,$3.74B,0.51,$12.90B,$2.56B,19.82%,$12.90B,$-0.20B,-1.51%,$12.90B,$-0.20B,-1.51%,$12.90B,$0.06B,0.45%,$12.90B,$0.37B,2.87%,$12.90B,$0.38B,2.96%,$0.38B,$3.74B,11.52%,$0.38B,$2.93B,14.52%,$0.38B,$9.91B,4.41%,$-0.20B,$5.63B,-4.16%,$3891,$2956,$935,$0,$709,$3735,$157,$-53,$101,$25,$76,$70,$70,$226,$157,$252,252,$0.28,$0.28,$1008,$1597,$686,$4572,$0,$124,$811,$770,$2350,$9906,$3253,$1893,$974,$2917,$6170,$2999,$447,$0,$3736,$9906,$70,$70,$0,$70,$0,$0,$0,$0,$-544,$-314,$-123,$0,$-16,$0,$0,$0,$-8,$-147,$0,$0,$181,$0,$2,$-0,$-21,$161,$-299,$0,$0
30,2009-12-31,34.83,$0.00,0.0,$41.01,0.85,$3.91,8.92,$1.36,25.71,$4.34B,$2.95B,1.47,$1.86B,$3.33B,0.56,$11.27B,$2.37B,21.07%,$11.27B,$-0.02B,-0.20%,$11.27B,$-0.02B,-0.20%,$11.27B,$0.21B,1.85%,$11.27B,$0.33B,2.91%,$11.27B,$0.36B,3.18%,$0.36B,$3.33B,12.02%,$0.36B,$2.64B,14.80%,$0.36B,$9.16B,4.68%,$-0.02B,$5.20B,-0.55%,$4259,$3095,$1164,$0,$698,$3861,$398,$-113,$107,$-4,$111,$141,$141,$449,$398,$254,254,$0.56,$0.56,$1192,$1437,$506,$4337,$0,$108,$698,$713,$2151,$9156,$2949,$1863,$956,$2873,$5822,$2732,$342,$0,$3334,$9156,$301,$231,$0,$231,$0,$0,$0,$0,$121,$936,$-354,$0,$-449,$0,$0,$0,$-28,$-831,$0,$0,$0,$0,$248,$0,$13,$260,$365,$0,$0
31,2009-09-30,26.07,$0.00,0.0,$24.25,1.08,$1.62,16.14,$0.80,32.8,$4.23B,$3.68B,1.15,$0.93B,$3.47B,0.27,$9.38B,$1.83B,19.49%,$9.38B,$-0.32B,-3.43%,$9.38B,$-0.32B,-3.43%,$9.38B,$-0.07B,-0.79%,$9.38B,$0.28B,3.03%,$9.38B,$0.26B,2.72%,$0.26B,$3.47B,8.80%,$0.26B,$2.58B,10.53%,$0.26B,$9.08B,3.52%,$-0.32B,$4.40B,-7.95%,$2037,$2485,$-448,$0,$646,$3196,$-1159,$-34,$74,$-33,$107,$100,$100,$-1082,$-1159,$254,254,$0.40,$0.40,$1157,$1312,$432,$4233,$0,$76,$892,$631,$2102,$9079,$3677,$932,$940,$1935,$5612,$2881,$197,$0,$3468,$9079,$214,$181,$0,$181,$0,$0,$0,$0,$11,$618,$-211,$0,$0,$0,$0,$0,$-360,$-571,$0,$0,$0,$0,$356,$-53,$-67,$237,$284,$0,$0
32,2009-06-30,17.74,$0.00,0.0,$16.24,1.09,$0.01,1190.7,$0.40,44.35,$2.86B,$2.21B,1.3,$0.81B,$2.73B,0.3,$10.01B,$3.00B,29.94%,$10.01B,$0.96B,9.61%,$10.01B,$0.96B,9.61%,$10.01B,$1.22B,12.23%,$10.01B,$0.29B,2.85%,$10.01B,$0.21B,2.05%,$0.21B,$2.73B,7.15%,$0.21B,$2.38B,8.13%,$0.21B,$6.54B,2.96%,$0.96B,$3.53B,22.56%,$2714,$1808,$906,$0,$446,$2304,$409,$-28,$88,$25,$63,$71,$71,$465,$409,$237,237,$0.30,$0.30,$834,$801,$413,$2863,$0,$66,$341,$530,$1346,$6539,$2206,$806,$753,$1608,$3814,$2268,$110,$0,$2725,$6539,$110,$103,$0,$103,$0,$0,$0,$0,$-207,$154,$-90,$0,$-8,$0,$0,$0,$-15,$-112,$0,$0,$0,$0,$-5,$-32,$43,$7,$48,$0,$0
33,2009-03-31,12.38,$0.00,0.0,$16.03,0.77,$-0.47,0.0,$0.26,47.62,$2.44B,$1.53B,1.59,$1.17B,$2.39B,0.49,$9.86B,$2.76B,27.99%,$9.86B,$0.65B,6.57%,$9.86B,$0.65B,6.57%,$9.86B,$0.95B,9.62%,$9.86B,$0.24B,2.45%,$9.86B,$0.17B,1.73%,$0.17B,$2.39B,5.68%,$0.17B,$2.08B,6.46%,$0.17B,$5.80B,2.36%,$0.65B,$3.55B,13.87%,$2255,$1504,$751,$0,$375,$1927,$329,$-29,$59,$15,$43,$46,$46,$376,$329,$470,470,$0.10,$0.10,$535,$824,$178,$2438,$0,$51,$304,$524,$1269,$5804,$1533,$1166,$674,$1885,$3418,$1927,$144,$0,$2386,$5804,$41,$47,$0,$47,$0,$0,$0,$0,$-238,$-87,$-33,$0,$0,$0,$0,$0,$-9,$-42,$0,$0,$-11,$0,$-5,$0,$-26,$-41,$-171,$0,$0
34,2008-12-31,12.6,$0.00,0.0,$21.80,0.58,$-0.77,0.0,$0.25,50.4,$3.15B,$1.91B,1.65,$1.72B,$3.01B,0.57,$10.05B,$2.65B,26.36%,$10.05B,$0.39B,3.92%,$10.05B,$0.39B,3.92%,$10.05B,$0.73B,7.27%,$10.05B,$0.22B,2.19%,$10.05B,$0.15B,1.45%,$0.15B,$3.01B,4.61%,$0.15B,$2.65B,5.23%,$0.15B,$7.55B,1.91%,$0.39B,$4.73B,7.92%,$2372,$1753,$619,$0,$448,$2272,$99,$-37,$63,$18,$45,$38,$38,$167,$99,$0,0,$0.00,$0.00,$906,$875,$323,$3150,$0,$63,$368,$683,$1691,$7548,$1905,$1715,$857,$2630,$4535,$2480,$131,$0,$3013,$7548,$145,$337,$0,$337,$0,$0,$0,$0,$-180,$691,$-211,$0,$0,$0,$0,$0,$-59,$-270,$0,$0,$47,$0,$49,$0,$-205,$-109,$313,$0,$0
35,2008-09-30,15.98,$0.00,0.0,$32.56,0.49,$-1.79,0.0,$0.53,30.16,$3.17B,$1.67B,1.9,$1.89B,$3.35B,0.57,$10.11B,$2.73B,26.97%,$10.11B,$0.43B,4.20%,$10.11B,$0.43B,4.20%,$10.11B,$0.77B,7.60%,$10.11B,$0.23B,2.24%,$10.11B,$0.17B,1.69%,$0.17B,$3.35B,5.59%,$0.17B,$2.97B,6.35%,$0.17B,$7.84B,2.31%,$0.43B,$5.24B,9.12%,$2667,$1947,$720,$0,$504,$2542,$125,$-50,$75,$22,$54,$50,$50,$216,$125,$0,0,$0.00,$0.00,$870,$917,$430,$3173,$0,$69,$382,$1258,$1751,$7837,$1671,$1894,$921,$2815,$4486,$2694,$280,$0,$3351,$7837,$108,$270,$0,$270,$0,$0,$0,$0,$-323,$236,$-190,$0,$0,$0,$0,$0,$-2,$-192,$0,$0,$159,$0,$53,$-30,$0,$182,$226,$0,$0
36,2008-06-30,19.41,$0.00,0.0,$40.62,0.48,$-3.15,0.0,$0.61,31.82,$3.09B,$1.70B,1.81,$1.87B,$3.30B,0.57,$9.27B,$2.53B,27.31%,$9.27B,$0.35B,3.77%,$9.27B,$0.35B,3.77%,$9.27B,$0.68B,7.36%,$9.27B,$0.17B,1.78%,$9.27B,$0.14B,1.50%,$0.14B,$3.30B,4.83%,$0.14B,$2.89B,5.48%,$0.14B,$7.84B,2.01%,$0.35B,$5.17B,8.36%,$2565,$1895,$670,$0,$485,$2470,$95,$-49,$45,$10,$34,$37,$37,$189,$95,$228,228,$0.16,$0.16,$783,$926,$396,$3087,$0,$69,$405,$694,$1844,$7844,$1702,$1874,$971,$2845,$4547,$2691,$230,$0,$3297,$7844,$58,$178,$0,$178,$0,$0,$0,$0,$-264,$72,$-122,$0,$0,$0,$0,$0,$-2,$-124,$0,$0,$168,$0,$53,$-30,$0,$191,$140,$0,$0
37,2008-03-31,18.59,$0.00,0.0,$44.82,0.41,$-5.04,0.0,$0.57,32.61,$2.94B,$1.73B,1.7,$1.77B,$2.99B,0.59,$8.50B,$2.37B,27.83%,$8.50B,$0.31B,3.59%,$8.50B,$0.31B,3.59%,$8.50B,$0.61B,7.20%,$8.50B,$0.14B,1.60%,$8.50B,$0.12B,1.37%,$0.12B,$2.99B,4.32%,$0.12B,$2.67B,4.89%,$0.12B,$7.40B,1.81%,$0.31B,$4.76B,8.08%,$2445,$1804,$640,$0,$481,$2370,$75,$-39,$37,$12,$25,$21,$21,$159,$75,$231,231,$0.09,$0.09,$699,$860,$391,$2939,$0,$65,$329,$654,$1681,$7399,$1725,$1770,$909,$2679,$4404,$2396,$220,$0,$2994,$7399,$21,$84,$0,$84,$0,$0,$0,$0,$-241,$-70,$-57,$0,$0,$0,$0,$0,$-0,$-57,$0,$0,$208,$0,$4,$0,$0,$213,$86,$0,$0
38,2007-12-31,16.78,$0.00,0.0,$48.99,0.34,$-5.77,0.0,$0.63,26.64,$2.59B,$2.25B,1.15,$0.88B,$2.59B,0.34,$7.73B,$2.19B,28.36%,$7.73B,$0.28B,3.64%,$7.73B,$0.28B,3.64%,$7.73B,$0.57B,7.31%,$7.73B,$0.12B,1.51%,$7.73B,$0.11B,1.45%,$0.11B,$2.59B,4.45%,$0.11B,$2.24B,5.06%,$0.11B,$6.58B,1.90%,$0.28B,$3.47B,8.47%,$2433,$1735,$697,$0,$485,$2303,$130,$-28,$69,$-7,$76,$63,$63,$204,$130,$226,226,$0.28,$0.28,$549,$792,$307,$2586,$0,$57,$348,$530,$1506,$6581,$2247,$877,$797,$1746,$3993,$2143,$81,$0,$2588,$6581,$109,$284,$0,$284,$0,$0,$0,$0,$-141,$290,$-521,$0,$-31,$0,$0,$-116,$-13,$-681,$0,$0,$0,$0,$5,$-10,$284,$278,$-112,$0,$0
39,2007-09-30,13.77,$0.00,0.0,$72.37,0.19,$-3.69,0.0,$0.59,23.33,$2.02B,$1.74B,1.16,$0.71B,$2.63B,0.27,$7.14B,$2.01B,28.13%,$7.14B,$0.19B,2.63%,$7.14B,$0.19B,2.63%,$7.14B,$0.47B,6.62%,$7.14B,$-0.07B,-1.00%,$7.14B,$0.06B,0.87%,$0.06B,$2.63B,2.56%,$0.06B,$2.35B,2.90%,$0.06B,$5.89B,1.11%,$0.19B,$3.34B,5.93%,$1829,$1303,$525,$0,$400,$1779,$50,$-34,$14,$-9,$23,$18,$18,$130,$50,$227,227,$0.08,$0.08,$396,$611,$289,$2023,$0,$53,$279,$579,$1469,$5887,$1744,$707,$804,$1511,$3256,$2168,$148,$0,$2632,$5887,$51,$211,$0,$211,$0,$0,$0,$0,$-197,$40,$-349,$0,$-26,$0,$0,$0,$-9,$-384,$0,$0,$78,$0,$3,$-11,$0,$70,$-274,$0,$0
40,2007-06-30,17.55,$0.00,0.0,$78.00,0.23,$-1.96,0.0,$0.33,53.18,$2.12B,$1.51B,1.41,$1.01B,$2.52B,0.4,$6.83B,$1.89B,27.60%,$6.83B,$0.15B,2.15%,$6.83B,$0.15B,2.15%,$6.83B,$0.41B,6.06%,$6.83B,$-0.13B,-1.83%,$6.83B,$0.02B,0.35%,$0.02B,$2.52B,1.06%,$0.02B,$2.23B,1.17%,$0.02B,$5.81B,0.45%,$0.15B,$3.53B,4.82%,$1791,$1288,$503,$0,$388,$1742,$50,$-33,$16,$13,$3,$14,$14,$119,$50,$116,116,$0.12,$0.12,$634,$594,$236,$2124,$0,$53,$296,$550,$1437,$5809,$1511,$1008,$769,$1777,$3288,$2094,$125,$0,$2521,$5809,$32,$130,$0,$130,$0,$0,$0,$0,$-146,$-42,$-203,$0,$-22,$0,$0,$-4,$-3,$-231,$0,$0,$267,$0,$3,$-10,$0,$260,$-13,$0,$0
41,2007-03-31,13.08,$0.00,0.0,$76.38,0.17,$0.24,54.46,$0.38,34.42,$1.96B,$1.60B,1.23,$0.62B,$2.32B,0.27,$6.57B,$1.83B,27.83%,$6.57B,$0.15B,2.24%,$6.57B,$0.15B,2.24%,$6.57B,$0.41B,6.18%,$6.57B,$-0.13B,-1.99%,$6.57B,$0.03B,0.44%,$0.03B,$2.32B,1.36%,$0.03B,$2.03B,1.46%,$0.03B,$5.31B,0.57%,$0.15B,$2.94B,5.05%,$1677,$1210,$467,$0,$355,$1626,$51,$-33,$18,$9,$8,$17,$17,$112,$51,$114,114,$0.15,$0.15,$407,$623,$295,$1958,$0,$35,$288,$508,$1290,$5308,$1597,$621,$723,$1394,$2991,$1878,$193,$0,$2317,$5308,$19,$60,$0,$60,$0,$0,$0,$0,$-147,$-65,$-81,$0,$0,$0,$0,$0,$-2,$-82,$0,$0,$-55,$0,$0,$0,$0,$-55,$-202,$0,$0
42,2006-12-31,15.47,$0.00,0.0,$90.76,0.17,$1.66,9.3,$0.76,20.36,$2.25B,$1.76B,1.28,$0.64B,$2.23B,0.29,$8.20B,$3.61B,44.00%,$8.20B,$1.96B,23.87%,$8.20B,$1.96B,23.87%,$8.20B,$2.21B,26.96%,$8.20B,$-0.12B,-1.46%,$8.20B,$0.07B,0.88%,$0.07B,$2.23B,3.51%,$0.07B,$1.94B,3.64%,$0.07B,$5.38B,1.45%,$1.96B,$2.87B,66.97%,$1838,$1325,$512,$0,$400,$1800,$37,$-152,$-119,$0,$-119,$13,$13,$111,$37,$54,54,$0.24,$0.24,$590,$568,$342,$2247,$0,$37,$291,$172,$1176,$5377,$1762,$637,$689,$1385,$3147,$1822,$171,$0,$2231,$5377,$39,$253,$0,$253,$0,$0,$0,$0,$-29,$432,$-375,$0,$-32,$0,$0,$-2,$-14,$-423,$0,$-181,$0,$0,$3,$-29,$0,$-207,$-198,$0,$0
