,Date,Stock Price,Book Value per Share,Price to Book Ratio,TTM Sales per Share,Price to Sales Ratio,TTM FCF per Share,Price to FCF Ratio,TTM Net EPS,PE Ratio,Current Assets,Current Liabilities,Current Ratio,Long Term Debt,Shareholder's Equity_x,Debt to Equity Ratio,TTM Revenue_x,TTM Gross Profit,Gross Margin,TTM Revenue_y,TTM Operating Income,Operating Margin,TTM Revenue_x,TTM EBIT,EBIT Margin,TTM Revenue_y,TTM EBITDA,EBITDA Margin,TTM Revenue_x,TTM Pre-Tax Income,Pre-Tax Margin,TTM Revenue_y,TTM Net Income_x,Net Margin,TTM Net Income_y,Shareholder's Equity_y,Return on Equity,TTM Net Income_x,Tangible Equity,Return on Tangible Equity,TTM Net Income_y,Total Assets,Return on Assets,TTM Net Income,LT Investments & Debt,Return on Investment,revenue,cost-goods-sold,gross-profit,research-development-expenses,selling-general-administrative-expenses,operating-expenses,operating-income,total-non-operating-income-expense,pre-tax-income,total-provision-income-taxes,income-after-taxes,income-from-continuous-operations,net-income,ebitda,ebit,basic-shares-outstanding,shares-outstanding,eps-basic-net-earnings-per-share,eps-earnings-per-share-diluted,cash-on-hand,inventory,other-current-assets,total-current-assets,net-property-plant-equipment,long-term-investments,goodwill-intangible-assets-total,other-long-term-assets,total-long-term-assets,total-assets,total-current-liabilities,long-term-debt,other-non-current-liabilities,total-long-term-liabilities,total-liabilities,common-stock-net,retained-earnings-accumulated-deficit,comprehensive-income,total-share-holder-equity,total-liabilities-share-holders-equity,net-income-loss,total-depreciation-amortization-cash-flow,other-non-cash-items,total-non-cash-items,change-in-accounts-receivable,change-in-inventories,change-in-accounts-payable,change-in-assets-liabilities,total-change-in-assets-liabilities,cash-flow-from-operating-activities,net-change-in-property-plant-equipment,net-change-in-intangible-assets,net-acquisitions-divestitures,net-change-in-short-term-investments,net-change-in-long-term-investments,net-change-in-investments-total,investing-activities-other,cash-flow-from-investing-activities,net-long-term-debt,net-current-debt,debt-issuance-retirement-net-total,net-common-equity-issued-repurchased,net-total-equity-issued-repurchased,total-common-preferred-stock-dividends-paid,financial-activities-other,cash-flow-from-financial-activities,net-cash-flow,stock-based-compensation,common-stock-dividends-paid
0,2018-09-30,3.99,$6.50,0.61,$5.10,0.78,$5.15,0.78,$-0.18,0.0,$0.11B,$0.25B,0.46,$4.12B,$1.12B,3.67,$0.88B,$0.62B,70.81%,$0.88B,$0.18B,20.87%,$0.88B,$0.18B,20.87%,$0.88B,$0.48B,54.96%,$0.88B,$-0.02B,-1.71%,$0.88B,$-0.03B,-3.76%,$-0.03B,$1.12B,-2.76%,$-0.03B,$0.96B,-3.21%,$-0.03B,$5.49B,-0.59%,$0.18B,$5.24B,3.40%,$207,$61,$146,$0,$16,$164,$43,$-53,$-10,$1,$-11,$-11,$-13,$119,$43,$173,173,$-0.07,$-0.07,$21,$0,$0,$113,$4936,$0,$166,$276,$5378,$5491,$247,$4116,$0,$4122,$4370,$2,$0,$0,$1121,$5491,$-34,$223,$76,$299,$3,$0,$0,$-5,$15,$280,$-38,$0,$-3,$1,$-2,$-1,$28,$-14,$-119,$0,$-119,$0,$0,$-137,$-22,$-278,$-12,$4,$-103
1,2018-06-30,5.57,$6.81,0.82,$5.21,1.07,$6.01,0.93,$-0.12,0.0,$0.11B,$0.23B,0.51,$4.17B,$1.18B,3.55,$0.90B,$0.64B,71.06%,$0.90B,$0.19B,21.23%,$0.90B,$0.19B,21.23%,$0.90B,$0.49B,54.19%,$0.90B,$0.00B,0.22%,$0.90B,$-0.02B,-2.46%,$-0.02B,$1.18B,-1.79%,$-0.02B,$1.00B,-2.09%,$-0.02B,$5.58B,-0.39%,$0.19B,$5.35B,3.50%,$215,$62,$153,$0,$13,$201,$13,$-49,$-36,$-2,$-34,$-34,$-35,$88,$13,$173,173,$-0.20,$-0.20,$23,$0,$0,$114,$5017,$0,$172,$278,$5468,$5582,$225,$4172,$0,$4181,$4406,$2,$-880,$0,$1176,$5582,$-31,$147,$68,$215,$6,$0,$0,$-1,$-5,$180,$-46,$0,$-2,$1,$30,$31,$-5,$-23,$-61,$0,$-61,$0,$0,$-91,$-12,$-165,$-8,$3,$-69
2,2018-03-31,4.03,$7.27,0.55,$5.31,0.76,$7.03,0.57,$0.26,15.48,$0.12B,$0.23B,0.51,$4.21B,$1.26B,3.35,$0.91B,$0.65B,71.73%,$0.91B,$0.20B,21.89%,$0.91B,$0.20B,21.89%,$0.91B,$0.50B,55.34%,$0.91B,$0.03B,2.86%,$0.91B,$0.04B,4.73%,$0.04B,$1.26B,3.41%,$0.04B,$1.08B,3.98%,$0.04B,$5.70B,0.75%,$0.20B,$5.46B,3.63%,$220,$68,$152,$0,$18,$176,$44,$-50,$-6,$-1,$-5,$-5,$-10,$117,$44,$172,172,$-0.06,$-0.06,$23,$0,$0,$120,$5101,$0,$176,$306,$5583,$5703,$232,$4208,$0,$4214,$4447,$2,$-811,$0,$1256,$5703,$-1,$73,$18,$91,$2,$0,$0,$-2,$8,$98,$-28,$0,$0,$0,$2,$2,$-2,$-29,$-24,$0,$-24,$0,$0,$-45,$-9,$-79,$-10,$2,$-34
3,2017-12-31,5.23,$7.23,0.72,$5.42,0.96,$7.01,0.75,$0.45,11.61,$0.13B,$0.23B,0.58,$4.23B,$1.24B,3.42,$0.93B,$0.67B,72.06%,$0.93B,$0.23B,25.03%,$0.93B,$0.23B,25.03%,$0.93B,$0.54B,57.71%,$0.93B,$0.06B,6.90%,$0.93B,$0.08B,8.20%,$0.08B,$1.24B,5.97%,$0.08B,$1.07B,6.96%,$0.08B,$5.71B,1.30%,$0.23B,$5.47B,4.16%,$235,$66,$170,$0,$13,$152,$83,$-46,$37,$3,$34,$34,$25,$158,$83,$171,171,$0.14,$0.14,$33,$0,$0,$133,$5157,$0,$166,$249,$5572,$5705,$229,$4231,$0,$4240,$4468,$2,$0,$0,$1236,$5705,$159,$302,$-28,$274,$-4,$0,$0,$-7,$-2,$430,$7,$0,$-80,$6,$-10,$-5,$2,$-76,$-48,$0,$-48,$0,$0,$-226,$-78,$-351,$3,$6,$-181
4,2017-09-30,7.48,$7.27,1.03,$5.56,1.35,$6.86,1.09,$0.64,11.69,$0.14B,$0.27B,0.53,$4.22B,$1.24B,3.39,$0.95B,$0.69B,72.42%,$0.95B,$0.25B,26.32%,$0.95B,$0.25B,26.32%,$0.95B,$0.55B,58.00%,$0.95B,$0.09B,9.79%,$0.95B,$0.11B,11.47%,$0.11B,$1.24B,8.38%,$0.11B,$1.06B,9.78%,$0.11B,$5.74B,1.83%,$0.25B,$5.46B,4.41%,$225,$64,$161,$0,$14,$174,$50,$-43,$7,$-1,$8,$8,$-2,$122,$50,$171,171,$-0.01,$-0.01,$31,$0,$0,$143,$5169,$0,$180,$252,$5601,$5744,$270,$4216,$0,$4229,$4499,$2,$-827,$0,$1244,$5744,$118,$227,$-24,$203,$-5,$0,$0,$-12,$16,$337,$52,$0,$-80,$-1,$-8,$-9,$1,$-35,$-62,$0,$-62,$0,$0,$-170,$-66,$-298,$3,$5,$-136
5,2017-06-30,7.29,$7.60,0.96,$5.72,1.27,$6.34,1.15,$0.59,12.35,$0.14B,$0.25B,0.57,$4.25B,$1.30B,3.27,$0.98B,$0.71B,72.47%,$0.98B,$0.24B,24.26%,$0.98B,$0.24B,24.26%,$0.98B,$0.54B,55.07%,$0.98B,$0.08B,8.09%,$0.98B,$0.10B,10.34%,$0.10B,$1.30B,7.66%,$0.10B,$1.11B,8.94%,$0.10B,$5.81B,1.67%,$0.24B,$5.55B,4.11%,$229,$60,$169,$0,$16,$207,$22,$-34,$-12,$-3,$-9,$-9,$30,$106,$22,$171,171,$0.18,$0.18,$30,$0,$0,$139,$5226,$0,$188,$255,$5669,$5808,$245,$4249,$0,$4263,$4507,$2,$0,$0,$1301,$5808,$109,$155,$-45,$110,$-3,$0,$0,$-7,$-14,$205,$101,$0,$-80,$1,$7,$8,$-11,$18,$-48,$0,$-48,$0,$0,$-113,$-51,$-212,$12,$3,$-91
6,2017-03-31,8.0,$7.68,1.04,$5.87,1.36,$5.72,1.4,$0.71,11.26,$0.15B,$0.27B,0.53,$4.52B,$1.31B,3.44,$1.00B,$0.73B,72.58%,$1.00B,$0.27B,26.62%,$1.00B,$0.27B,26.62%,$1.00B,$0.56B,55.53%,$1.00B,$0.16B,15.45%,$1.00B,$0.12B,12.26%,$0.12B,$1.31B,9.16%,$0.12B,$1.12B,10.65%,$0.12B,$6.13B,1.99%,$0.27B,$5.84B,4.56%,$238,$70,$168,$0,$16,$161,$77,$-45,$32,$-1,$33,$33,$23,$149,$77,$171,171,$0.13,$0.13,$28,$0,$0,$146,$5524,$0,$194,$262,$5980,$6126,$274,$4522,$0,$4538,$4812,$2,$-765,$0,$1314,$6126,$39,$72,$-3,$69,$-3,$0,$0,$-5,$-2,$105,$-38,$0,$-80,$0,$5,$6,$-8,$-120,$90,$0,$90,$0,$0,$-56,$-11,$23,$8,$2,$-45
7,2016-12-31,9.37,$7.85,1.19,$6.02,1.56,$5.82,1.61,$0.75,12.49,$0.13B,$0.28B,0.47,$4.47B,$1.34B,3.33,$1.03B,$0.75B,72.67%,$1.03B,$0.25B,24.71%,$1.03B,$0.25B,24.71%,$1.03B,$0.55B,53.31%,$1.03B,$0.16B,15.95%,$1.03B,$0.13B,12.55%,$0.13B,$1.34B,9.49%,$0.13B,$1.16B,11.00%,$0.13B,$6.11B,2.07%,$0.25B,$5.81B,4.29%,$258,$69,$190,$0,$16,$157,$101,$-35,$66,$1,$65,$65,$58,$174,$101,$171,171,$0.34,$0.34,$19,$0,$0,$130,$5521,$0,$181,$273,$5974,$6105,$280,$4465,$0,$4483,$4764,$2,$0,$0,$1341,$6105,$196,$296,$-13,$283,$-8,$0,$0,$-4,$-10,$469,$-59,$0,$0,$-2,$-18,$-20,$89,$10,$-203,$0,$-203,$0,$0,$-226,$-56,$-485,$-7,$5,$-181
8,2016-09-30,9.66,$7.71,1.25,$6.14,1.57,$5.82,1.66,$0.21,46.01,$0.13B,$0.30B,0.44,$4.53B,$1.32B,3.44,$1.05B,$0.77B,73.19%,$1.05B,$0.16B,15.46%,$1.05B,$0.16B,15.46%,$1.05B,$0.46B,43.99%,$1.05B,$0.04B,4.10%,$1.05B,$0.04B,3.63%,$0.04B,$1.32B,2.77%,$0.04B,$1.13B,3.20%,$0.04B,$6.17B,0.60%,$0.16B,$5.85B,2.70%,$252,$71,$181,$0,$13,$215,$37,$-43,$-7,$-2,$-4,$-4,$-10,$109,$37,$171,171,$-0.06,$-0.06,$24,$0,$0,$134,$5548,$0,$190,$302,$6041,$6174,$304,$4531,$0,$4554,$4858,$2,$-754,$0,$1317,$6174,$116,$222,$13,$235,$-8,$0,$0,$-10,$-11,$340,$-39,$0,$0,$-12,$-22,$-34,$69,$-4,$-141,$0,$-141,$0,$0,$-169,$-38,$-348,$-12,$4,$-136
9,2016-06-30,7.25,$8.19,0.88,$6.20,1.17,$5.42,1.34,$0.42,17.26,$0.14B,$0.28B,0.48,$4.54B,$1.40B,3.25,$1.06B,$0.78B,73.37%,$1.06B,$0.22B,20.68%,$1.06B,$0.22B,20.68%,$1.06B,$0.52B,49.20%,$1.06B,$0.09B,8.69%,$1.06B,$0.07B,6.99%,$0.07B,$1.40B,5.22%,$0.07B,$1.21B,6.05%,$0.07B,$6.28B,1.15%,$0.22B,$5.94B,3.59%,$255,$66,$189,$0,$16,$203,$52,$11,$64,$0,$64,$64,$52,$125,$52,$171,171,$0.30,$0.30,$21,$0,$0,$137,$5664,$0,$188,$292,$6143,$6280,$284,$4540,$38,$4597,$4881,$2,$0,$0,$1399,$6280,$115,$150,$-30,$120,$-14,$0,$0,$-6,$-21,$214,$-15,$0,$0,$-11,$56,$46,$-2,$28,$-132,$0,$-132,$-0,$-0,$-113,$-14,$-258,$-16,$3,$-90
10,2016-03-31,9.01,$8.08,1.11,$6.20,1.45,$5.13,1.75,$0.30,30.02,$0.14B,$0.30B,0.47,$4.68B,$1.38B,3.39,$1.06B,$0.77B,73.16%,$1.06B,$0.26B,24.29%,$1.06B,$0.26B,24.29%,$1.06B,$0.56B,52.74%,$1.06B,$0.08B,7.47%,$1.06B,$0.05B,5.01%,$0.05B,$1.38B,3.67%,$0.05B,$1.19B,4.27%,$0.05B,$6.38B,0.81%,$0.26B,$6.06B,4.14%,$263,$76,$187,$0,$17,$199,$64,$-22,$41,$-1,$42,$42,$29,$140,$64,$171,171,$0.17,$0.17,$25,$0,$0,$139,$5750,$0,$187,$308,$6245,$6384,$300,$4683,$0,$4704,$5004,$2,$0,$0,$1380,$6384,$42,$77,$-5,$72,$-4,$0,$0,$-5,$-28,$86,$-1,$0,$0,$-5,$-4,$-10,$8,$-2,$-27,$0,$-27,$0,$0,$-56,$-12,$-96,$-12,$2,$-45
11,2015-12-31,9.15,$8.21,1.11,$6.19,1.48,$5.07,1.81,$0.33,27.72,$0.14B,$0.34B,0.41,$4.71B,$1.40B,3.37,$1.06B,$0.77B,73.11%,$1.06B,$0.28B,26.33%,$1.06B,$0.28B,26.33%,$1.06B,$0.58B,55.02%,$1.06B,$0.09B,8.52%,$1.06B,$0.06B,5.59%,$0.06B,$1.40B,3.99%,$0.06B,$1.21B,4.63%,$0.06B,$6.48B,0.89%,$0.28B,$6.11B,4.46%,$278,$68,$210,$0,$16,$269,$9,$-64,$-55,$1,$-56,$-56,$-33,$87,$9,$170,170,$-0.20,$-0.19,$37,$0,$0,$142,$5858,$0,$185,$294,$6338,$6480,$344,$4711,$0,$4736,$5080,$2,$0,$2,$1400,$6480,$119,$303,$69,$372,$-5,$0,$0,$2,$4,$495,$-87,$0,$-192,$-1,$6,$4,$9,$-265,$43,$0,$43,$0,$0,$-226,$-54,$-236,$-7,$5,$-181
12,2015-09-30,9.95,$8.74,1.14,$6.23,1.6,$3.89,2.56,$0.91,10.94,$0.14B,$0.36B,0.39,$4.82B,$1.49B,3.23,$1.06B,$0.77B,72.60%,$1.06B,$0.37B,35.12%,$1.06B,$0.37B,35.12%,$1.06B,$0.68B,63.75%,$1.06B,$0.23B,21.37%,$1.06B,$0.16B,14.78%,$0.16B,$1.49B,10.36%,$0.16B,$1.28B,12.03%,$0.16B,$6.70B,2.37%,$0.37B,$6.31B,5.95%,$263,$72,$191,$0,$13,$169,$94,$-52,$42,$0,$41,$41,$26,$169,$94,$170,170,$0.15,$0.15,$32,$0,$0,$139,$6044,$0,$215,$299,$6557,$6696,$355,$4821,$0,$4850,$5205,$2,$0,$1,$1491,$6696,$146,$225,$-20,$205,$-7,$0,$0,$-6,$9,$360,$-127,$0,$-192,$4,$24,$28,$-8,$-300,$138,$0,$138,$0,$0,$-169,$-34,$-66,$-6,$4,$-135
13,2015-06-30,11.51,$8.79,1.31,$6.21,1.85,$3.40,3.38,$0.98,11.75,$0.13B,$0.33B,0.41,$4.83B,$1.50B,3.23,$1.06B,$0.77B,72.50%,$1.06B,$0.38B,35.54%,$1.06B,$0.38B,35.54%,$1.06B,$0.68B,64.18%,$1.06B,$0.25B,23.16%,$1.06B,$0.17B,15.97%,$0.17B,$1.50B,11.07%,$0.17B,$1.28B,12.89%,$0.17B,$6.70B,2.55%,$0.38B,$6.33B,6.01%,$254,$68,$186,$0,$16,$164,$90,$-39,$51,$2,$48,$48,$31,$162,$90,$170,170,$0.18,$0.18,$31,$0,$0,$133,$6052,$0,$214,$302,$6569,$6702,$327,$4834,$0,$4877,$5204,$2,$0,$1,$1498,$6702,$102,$150,$-22,$128,$-3,$0,$0,$-1,$-10,$219,$-70,$0,$-192,$4,$13,$17,$4,$-241,$150,$0,$150,$0,$0,$-113,$-23,$14,$-7,$3,$-90
14,2015-03-31,13.84,$8.92,1.55,$6.23,2.22,$3.13,4.43,$0.96,14.42,$0.14B,$0.32B,0.44,$4.67B,$1.52B,3.07,$1.06B,$0.77B,72.38%,$1.06B,$0.38B,36.10%,$1.06B,$0.38B,36.10%,$1.06B,$0.69B,64.66%,$1.06B,$0.24B,22.53%,$1.06B,$0.17B,15.55%,$0.17B,$1.52B,10.73%,$0.17B,$1.32B,12.53%,$0.17B,$6.54B,2.49%,$0.38B,$6.19B,6.12%,$261,$76,$185,$0,$17,$176,$85,$-33,$52,$-1,$53,$53,$35,$163,$85,$170,171,$0.21,$0.20,$38,$0,$0,$139,$5899,$0,$204,$302,$6405,$6544,$315,$4670,$0,$4707,$5022,$2,$0,$1,$1521,$6544,$53,$78,$-12,$66,$0,$0,$0,$-9,$-13,$106,$-32,$0,$0,$-3,$17,$14,$10,$-8,$-30,$0,$-30,$0,$0,$-56,$-11,$-98,$0,$2,$-45
15,2014-12-31,13.39,$9.10,1.47,$6.23,2.15,$2.91,4.61,$1.02,13.13,$0.14B,$0.33B,0.42,$4.68B,$1.55B,3.02,$1.06B,$0.77B,72.29%,$1.06B,$0.37B,35.25%,$1.06B,$0.37B,35.25%,$1.06B,$0.67B,63.24%,$1.06B,$0.25B,23.75%,$1.06B,$0.17B,16.40%,$0.17B,$1.55B,11.24%,$0.17B,$1.34B,13.18%,$0.17B,$6.60B,2.61%,$0.37B,$6.23B,5.94%,$284,$75,$209,$0,$15,$180,$104,$-22,$82,$0,$82,$82,$65,$183,$104,$170,170,$0.38,$0.38,$38,$0,$0,$139,$5947,$0,$209,$304,$6460,$6599,$328,$4683,$0,$4721,$5049,$2,$0,$13,$1550,$6599,$253,$296,$-62,$234,$-1,$0,$0,$1,$-19,$468,$-261,$0,$0,$26,$-30,$-5,$31,$-235,$11,$0,$11,$0,$0,$-212,$-61,$-261,$-28,$4,$-167
16,2014-09-30,12.18,$9.04,1.35,$6.25,1.95,$4.03,3.02,$0.63,19.33,$0.17B,$0.35B,0.49,$4.71B,$1.54B,3.06,$1.06B,$0.76B,71.95%,$1.06B,$0.33B,31.35%,$1.06B,$0.33B,31.35%,$1.06B,$0.62B,58.92%,$1.06B,$0.18B,16.71%,$1.06B,$0.11B,10.10%,$0.11B,$1.54B,6.90%,$0.11B,$1.30B,8.14%,$0.11B,$6.63B,1.60%,$0.33B,$6.25B,5.23%,$259,$71,$187,$0,$9,$161,$97,$-37,$60,$3,$57,$57,$38,$171,$97,$170,170,$0.22,$0.22,$45,$0,$0,$169,$5955,$0,$239,$270,$6464,$6633,$347,$4711,$0,$4746,$5094,$2,$-587,$13,$1539,$6633,$165,$217,$-35,$182,$-5,$0,$0,$-6,$-18,$329,$-180,$0,$0,$21,$-13,$8,$28,$-143,$-7,$0,$-7,$0,$0,$-159,$-40,$-206,$-20,$3,$-125
17,2014-06-30,12.75,$9.04,1.41,$6.25,2.04,$5.05,2.53,$0.55,23.19,$0.18B,$0.32B,0.57,$4.81B,$1.54B,3.13,$1.06B,$0.76B,71.64%,$1.06B,$0.33B,31.47%,$1.06B,$0.33B,31.47%,$1.06B,$0.62B,58.88%,$1.06B,$0.17B,16.07%,$1.06B,$0.09B,8.70%,$0.09B,$1.54B,5.86%,$0.09B,$1.31B,6.93%,$0.09B,$6.70B,1.36%,$0.33B,$6.35B,5.20%,$257,$70,$187,$0,$11,$160,$97,$-52,$45,$1,$44,$44,$27,$169,$97,$170,170,$0.16,$0.16,$63,$0,$0,$180,$5998,$0,$229,$294,$6521,$6702,$315,$4811,$0,$4847,$5163,$2,$0,$10,$1539,$6702,$108,$143,$-21,$122,$2,$0,$0,$-1,$-24,$206,$-104,$0,$0,$4,$-8,$-5,$12,$-97,$23,$0,$23,$0,$0,$-106,$-28,$-111,$-2,$3,$-83
18,2014-03-31,11.76,$9.18,1.28,$6.27,1.87,$4.97,2.36,$0.39,30.16,$0.18B,$0.31B,0.59,$4.80B,$1.56B,3.07,$1.06B,$0.76B,71.71%,$1.06B,$0.31B,29.61%,$1.06B,$0.31B,29.61%,$1.06B,$0.60B,57.05%,$1.06B,$0.14B,13.43%,$1.06B,$0.07B,6.24%,$0.07B,$1.56B,4.15%,$0.07B,$1.33B,4.92%,$0.07B,$6.70B,0.96%,$0.31B,$6.36B,4.91%,$261,$78,$184,$0,$15,$185,$76,$-11,$65,$0,$64,$64,$44,$148,$76,$170,170,$0.26,$0.26,$56,$0,$0,$182,$6013,$0,$233,$277,$6522,$6704,$306,$4800,$0,$4835,$5141,$2,$-568,$8,$1563,$6704,$64,$71,$-23,$48,$6,$0,$0,$-7,$-25,$87,$-51,$0,$0,$-1,$-3,$-5,$13,$-43,$11,$0,$11,$0,$0,$-53,$-12,$-53,$-9,$2,$-42
19,2013-12-31,11.73,$9.17,1.28,$6.34,1.85,$5.19,2.26,$0.25,46.93,$0.18B,$0.33B,0.53,$4.86B,$1.56B,3.11,$1.05B,$0.76B,71.82%,$1.05B,$0.33B,31.40%,$1.05B,$0.33B,31.40%,$1.05B,$0.62B,59.01%,$1.05B,$0.12B,10.91%,$1.05B,$0.04B,3.89%,$0.04B,$1.56B,2.59%,$0.04B,$1.32B,3.10%,$0.04B,$6.79B,0.59%,$0.33B,$6.42B,5.22%,$282,$78,$204,$0,$12,$220,$62,$-55,$7,$0,$7,$7,$-2,$136,$62,$167,167,$-0.02,$-0.02,$66,$0,$0,$176,$6067,$0,$243,$300,$6610,$6786,$334,$4858,$0,$4892,$5226,$2,$0,$6,$1560,$6786,$110,$290,$88,$379,$-11,$0,$0,$6,$-24,$465,$-74,$0,$-41,$10,$-18,$-8,$-2,$-126,$119,$0,$119,$210,$210,$-196,$-484,$-352,$-13,$3,$-151
20,2013-09-30,12.14,$9.50,1.28,$6.30,1.93,$5.05,2.4,$0.59,20.58,$0.20B,$0.35B,0.57,$4.87B,$1.61B,3.02,$1.03B,$0.75B,72.64%,$1.03B,$0.36B,34.86%,$1.03B,$0.36B,34.86%,$1.03B,$0.65B,63.00%,$1.03B,$0.19B,18.21%,$1.03B,$0.10B,9.25%,$0.10B,$1.61B,6.04%,$0.10B,$1.35B,7.32%,$0.10B,$6.87B,1.36%,$0.36B,$6.48B,5.68%,$258,$74,$183,$0,$10,$160,$98,$-45,$53,$0,$52,$52,$23,$170,$98,$170,170,$0.14,$0.14,$75,$0,$0,$198,$6127,$0,$262,$280,$6668,$6867,$348,$4868,$0,$4905,$5253,$2,$-527,$6,$1614,$6867,$102,$216,$40,$256,$-7,$0,$0,$1,$-22,$336,$-13,$0,$-26,$-2,$-16,$-18,$-6,$-63,$128,$0,$128,$210,$210,$-146,$-468,$-276,$-4,$2,$-112
21,2013-06-30,13.3,$9.54,1.39,$6.35,2.09,$4.47,2.97,$0.43,30.92,$0.20B,$0.33B,0.61,$4.62B,$1.62B,2.85,$1.02B,$0.74B,72.79%,$1.02B,$0.35B,34.77%,$1.02B,$0.35B,34.77%,$1.02B,$0.64B,62.87%,$1.02B,$0.17B,16.80%,$1.02B,$0.07B,6.78%,$0.07B,$1.62B,4.55%,$0.07B,$1.36B,5.56%,$0.07B,$7.04B,0.99%,$0.35B,$6.24B,5.71%,$256,$68,$187,$0,$13,$179,$77,$-60,$17,$1,$16,$16,$1,$149,$77,$167,167,$0.00,$0.00,$64,$0,$0,$198,$6296,$0,$258,$282,$6836,$7035,$327,$4622,$0,$5087,$5414,$2,$-511,$8,$1621,$7035,$58,$145,$33,$178,$-6,$0,$0,$5,$-46,$190,$-102,$0,$-26,$0,$-13,$-13,$-7,$-149,$-129,$0,$-129,$210,$210,$-96,$-39,$-55,$-14,$2,$-73
22,2013-03-31,14.35,$9.42,1.52,$6.49,2.21,$5.66,2.54,$0.56,25.62,$0.18B,$0.30B,0.6,$4.68B,$1.54B,3.04,$1.01B,$0.73B,72.39%,$1.01B,$0.37B,36.59%,$1.01B,$0.37B,36.59%,$1.01B,$0.66B,64.60%,$1.01B,$0.19B,18.74%,$1.01B,$0.09B,8.58%,$0.09B,$1.54B,5.92%,$0.09B,$1.26B,7.28%,$0.09B,$6.99B,1.25%,$0.37B,$6.22B,6.01%,$258,$76,$183,$0,$13,$165,$94,$-56,$38,$-0,$38,$38,$19,$167,$94,$162,162,$0.12,$0.12,$67,$0,$0,$181,$6259,$0,$275,$275,$6809,$6990,$303,$4681,$0,$5148,$5451,$2,$-472,$8,$1539,$6990,$40,$73,$5,$78,$0,$0,$0,$0,$-51,$68,$2,$0,$0,$5,$-10,$-4,$3,$0,$-60,$0,$-60,$44,$44,$-47,$-16,$-79,$-12,$1,$-35
23,2012-12-31,12.65,$9.43,1.34,$6.55,1.93,$5.80,2.18,$0.54,23.42,$0.18B,$0.36B,0.51,$4.75B,$1.52B,3.12,$1.00B,$0.73B,72.46%,$1.00B,$0.37B,36.83%,$1.00B,$0.37B,36.83%,$1.00B,$0.65B,64.37%,$1.00B,$0.19B,18.56%,$1.00B,$0.08B,8.28%,$0.08B,$1.52B,5.74%,$0.08B,$1.21B,6.99%,$0.08B,$7.09B,1.21%,$0.37B,$6.27B,6.05%,$255,$62,$193,$0,$15,$166,$89,$-10,$79,$0,$79,$79,$52,$161,$89,$155,155,$0.34,$0.34,$78,$0,$0,$183,$6329,$0,$309,$268,$6907,$7090,$359,$4746,$0,$5210,$5569,$2,$-454,$7,$1521,$7090,$175,$275,$16,$291,$-2,$0,$0,$2,$16,$482,$-141,$0,$-96,$-17,$-23,$-40,$30,$-247,$-16,$0,$-16,$5,$56,$-177,$-76,$-213,$22,$4,$-134
24,2012-09-30,12.46,$8.71,1.43,$6.40,1.95,$6.84,1.82,$0.70,17.8,$0.19B,$0.34B,0.55,$4.70B,$1.39B,3.39,$0.97B,$0.70B,72.47%,$0.97B,$0.38B,39.28%,$0.97B,$0.38B,39.28%,$0.97B,$0.65B,67.22%,$0.97B,$0.21B,21.96%,$0.97B,$0.10B,10.62%,$0.10B,$1.39B,7.19%,$0.10B,$1.13B,8.63%,$0.10B,$6.89B,1.52%,$0.38B,$6.09B,6.33%,$249,$71,$178,$0,$10,$155,$94,$-57,$37,$1,$36,$36,$-3,$163,$94,$159,159,$-0.02,$-0.02,$66,$0,$0,$185,$6144,$0,$259,$303,$6705,$6890,$338,$4701,$0,$5166,$5504,$2,$-470,$4,$1386,$6890,$88,$204,$38,$241,$-7,$0,$0,$-3,$-10,$320,$-110,$0,$-61,$-3,$-5,$-8,$16,$-164,$37,$0,$37,$-5,$-5,$-131,$-47,$-146,$10,$2,$-99
25,2012-06-30,11.18,$9.05,1.24,$6.63,1.69,$6.80,1.65,$0.54,20.71,$0.18B,$0.32B,0.55,$4.69B,$1.44B,3.27,$0.99B,$0.72B,72.47%,$0.99B,$0.34B,34.31%,$0.99B,$0.34B,34.31%,$0.99B,$0.61B,62.15%,$0.99B,$0.16B,16.40%,$0.99B,$0.08B,8.00%,$0.08B,$1.44B,5.47%,$0.08B,$1.18B,6.60%,$0.08B,$6.91B,1.14%,$0.34B,$6.13B,5.50%,$252,$72,$180,$0,$12,$157,$94,$-58,$36,$0,$36,$36,$19,$164,$94,$151,151,$0.12,$0.12,$72,$0,$0,$177,$6175,$0,$258,$305,$6737,$6914,$323,$4693,$0,$5155,$5479,$2,$-433,$4,$1435,$6914,$76,$135,$5,$140,$6,$0,$0,$3,$3,$220,$38,$0,$-61,$-2,$-4,$-6,$-80,$-109,$28,$0,$28,$-5,$-5,$-85,$-33,$-96,$15,$2,$-64
26,2012-03-31,10.57,$9.70,1.09,$6.73,1.57,$5.96,1.77,$0.48,22.03,$0.17B,$0.27B,0.64,$4.46B,$1.44B,3.09,$1.00B,$0.72B,72.44%,$1.00B,$0.34B,34.27%,$1.00B,$0.34B,34.27%,$1.00B,$0.62B,62.42%,$1.00B,$0.15B,15.43%,$1.00B,$0.07B,7.01%,$0.07B,$1.44B,4.80%,$0.07B,$1.23B,5.79%,$0.07B,$6.63B,0.99%,$0.34B,$5.90B,5.43%,$246,$72,$175,$0,$14,$155,$92,$-57,$34,$-0,$35,$35,$15,$157,$92,$148,149,$0.10,$0.10,$62,$0,$0,$174,$5944,$0,$210,$305,$6458,$6632,$271,$4459,$0,$4920,$5190,$1,$-417,$5,$1442,$6632,$37,$66,$5,$71,$8,$0,$0,$1,$-16,$92,$-7,$0,$0,$16,$-4,$12,$3,$7,$-30,$0,$-30,$1,$1,$-42,$-24,$-94,$6,$1,$-31
27,2011-12-31,8.58,$9.91,0.87,$6.88,1.25,$5.78,1.48,$0.63,13.61,$0.16B,$0.30B,0.54,$4.49B,$1.47B,3.05,$1.02B,$0.74B,72.13%,$1.02B,$0.35B,34.25%,$1.02B,$0.35B,34.25%,$1.02B,$0.64B,62.32%,$1.02B,$0.15B,15.11%,$1.02B,$0.09B,9.03%,$0.09B,$1.47B,6.21%,$0.09B,$1.24B,7.57%,$0.09B,$6.72B,1.27%,$0.35B,$5.96B,5.36%,$223,$54,$170,$0,$12,$123,$101,$6,$106,$2,$105,$105,$72,$168,$101,$148,148,$0.48,$0.48,$56,$0,$0,$164,$6006,$0,$233,$316,$6555,$6719,$304,$4489,$0,$4945,$5249,$1,$-400,$3,$1470,$6719,$185,$286,$-32,$254,$-4,$0,$0,$6,$3,$442,$39,$0,$-12,$-22,$-35,$-58,$2,$-28,$-153,$0,$-153,$2,$2,$-165,$-93,$-409,$5,$2,$-123
28,2011-09-30,6.04,$9.61,0.63,$7.29,0.83,$5.61,1.08,$0.26,23.24,$0.18B,$0.32B,0.57,$5.23B,$1.43B,3.67,$1.06B,$0.76B,71.94%,$1.06B,$0.36B,33.80%,$1.06B,$0.36B,33.80%,$1.06B,$0.66B,61.77%,$1.06B,$0.10B,9.04%,$1.06B,$0.04B,3.39%,$0.04B,$1.43B,2.41%,$0.04B,$1.14B,2.95%,$0.04B,$7.42B,0.48%,$0.36B,$6.66B,5.36%,$267,$76,$191,$0,$10,$215,$52,$-66,$-14,$5,$-18,$-18,$-27,$125,$52,$148,148,$-0.18,$-0.18,$62,$0,$0,$181,$6779,$0,$283,$180,$7242,$7422,$315,$5233,$0,$5681,$5996,$1,$-441,$1,$1426,$7422,$75,$219,$25,$243,$-4,$0,$0,$1,$-0,$318,$-129,$0,$-12,$-14,$-20,$-34,$2,$-173,$57,$0,$57,$2,$2,$-124,$-70,$-134,$11,$2,$-92
29,2011-06-30,9.31,$10.11,0.92,$7.38,1.26,$5.88,1.58,$0.51,18.26,$0.16B,$0.29B,0.54,$5.19B,$1.50B,3.47,$1.06B,$0.76B,71.88%,$1.06B,$0.40B,38.26%,$1.06B,$0.40B,38.26%,$1.06B,$0.70B,66.48%,$1.06B,$0.14B,12.88%,$1.06B,$0.07B,6.91%,$0.07B,$1.50B,4.88%,$0.07B,$1.22B,5.95%,$0.07B,$7.45B,0.97%,$0.40B,$6.69B,5.99%,$262,$75,$187,$0,$11,$165,$97,$-69,$28,$-5,$33,$33,$10,$173,$97,$148,148,$0.07,$0.07,$48,$0,$0,$159,$6830,$0,$276,$180,$7286,$7446,$293,$5194,$0,$5653,$5946,$1,$-382,$8,$1499,$7446,$93,$146,$-26,$120,$3,$0,$0,$1,$-16,$198,$-68,$0,$0,$-7,$-20,$-27,$2,$-94,$18,$0,$18,$2,$2,$-82,$-45,$-107,$-3,$2,$-61
30,2011-03-31,8.74,$10.32,0.85,$7.48,1.17,$6.02,1.45,$0.39,22.42,$0.16B,$0.28B,0.57,$5.18B,$1.53B,3.39,$1.05B,$0.76B,71.77%,$1.05B,$0.41B,38.50%,$1.05B,$0.41B,38.50%,$1.05B,$0.70B,66.54%,$1.05B,$0.14B,12.93%,$1.05B,$0.06B,5.32%,$0.06B,$1.53B,3.76%,$0.06B,$1.26B,4.60%,$0.06B,$7.46B,0.74%,$0.41B,$6.72B,5.95%,$267,$80,$187,$0,$12,$168,$99,$-65,$34,$-2,$36,$36,$37,$169,$99,$148,148,$0.25,$0.25,$49,$0,$0,$161,$6847,$0,$270,$180,$7297,$7457,$284,$5184,$0,$5642,$5926,$1,$-361,$9,$1531,$7457,$64,$70,$-27,$43,$6,$0,$0,$-1,$-28,$79,$-21,$0,$0,$-5,$-2,$-7,$1,$-27,$7,$0,$7,$1,$1,$-40,$-22,$-54,$-2,$1,$-30
31,2010-12-31,8.57,$10.30,0.83,$7.57,1.13,$6.08,1.41,$0.22,38.97,$0.16B,$0.32B,0.51,$5.21B,$1.52B,3.42,$1.05B,$0.75B,71.82%,$1.05B,$0.40B,38.40%,$1.05B,$0.40B,38.40%,$1.05B,$0.70B,66.86%,$1.05B,$0.13B,12.23%,$1.05B,$0.03B,2.87%,$0.03B,$1.52B,2.02%,$0.03B,$1.26B,2.47%,$0.03B,$7.51B,0.39%,$0.40B,$6.73B,5.85%,$266,$67,$199,$0,$11,$155,$111,$-62,$48,$-1,$50,$50,$16,$189,$111,$138,138,$0.11,$0.11,$51,$0,$0,$159,$6890,$0,$266,$191,$7347,$7507,$315,$5210,$0,$5668,$5983,$1,$-367,$8,$1524,$7507,$98,$298,$44,$342,$-4,$0,$0,$-1,$-11,$430,$-5,$0,$0,$23,$-49,$-26,$26,$-6,$-443,$0,$-443,$2,$231,$-125,$-84,$-421,$3,$2,$-90
32,2010-09-30,6.26,$10.37,0.6,$8.22,0.76,$5.02,1.25,$-0.32,0.0,$0.18B,$0.31B,0.59,$5.43B,$1.43B,3.79,$1.05B,$0.76B,71.82%,$1.05B,$0.29B,27.51%,$1.05B,$0.29B,27.51%,$1.05B,$0.60B,56.55%,$1.05B,$0.01B,0.95%,$1.05B,$-0.04B,-4.17%,$-0.04B,$1.43B,-3.02%,$-0.04B,$1.17B,-3.72%,$-0.04B,$7.62B,-0.57%,$0.29B,$6.86B,4.18%,$261,$75,$186,$0,$10,$164,$97,$-71,$26,$-1,$27,$27,$10,$171,$97,$138,138,$0.07,$0.07,$57,$0,$0,$181,$6971,$0,$268,$196,$7434,$7615,$307,$5425,$0,$5876,$6183,$1,$-353,$5,$1432,$7615,$59,$220,$33,$253,$-9,$0,$0,$-6,$-22,$290,$-75,$0,$0,$18,$-32,$-14,$24,$-64,$-187,$0,$-187,$1,$122,$-85,$-67,$-217,$9,$2,$-62
33,2010-06-30,5.78,$10.60,0.55,$8.23,0.7,$4.41,1.31,$-0.31,0.0,$0.17B,$0.29B,0.58,$5.46B,$1.46B,3.73,$1.06B,$0.75B,71.47%,$1.06B,$0.29B,27.39%,$1.06B,$0.29B,27.39%,$1.06B,$0.59B,55.83%,$1.06B,$0.01B,0.95%,$1.06B,$-0.04B,-4.08%,$-0.04B,$1.46B,-2.94%,$-0.04B,$1.19B,-3.63%,$-0.04B,$7.66B,-0.56%,$0.29B,$6.92B,4.12%,$258,$74,$183,$0,$10,$160,$98,$-70,$28,$-2,$30,$30,$-7,$171,$98,$138,138,$-0.05,$-0.05,$61,$0,$0,$168,$6988,$0,$273,$228,$7489,$7657,$290,$5456,$0,$5903,$6194,$1,$-335,$4,$1463,$7657,$32,$146,$28,$174,$-3,$0,$0,$1,$-24,$182,$-43,$0,$0,$2,$-25,$-23,$22,$-43,$-158,$0,$-158,$1,$122,$-49,$-42,$-126,$13,$2,$-34
34,2010-03-31,6.18,$10.95,0.56,$9.61,0.64,$4.48,1.38,$-0.16,0.0,$0.16B,$0.25B,0.63,$5.46B,$1.51B,3.61,$1.06B,$0.76B,71.43%,$1.06B,$0.29B,27.07%,$1.06B,$0.29B,27.07%,$1.06B,$0.59B,55.64%,$1.06B,$0.01B,0.66%,$1.06B,$-0.03B,-2.63%,$-0.03B,$1.51B,-1.92%,$-0.03B,$1.24B,-2.38%,$-0.03B,$7.67B,-0.36%,$0.29B,$6.97B,4.07%,$262,$78,$184,$0,$11,$166,$96,$-70,$26,$-2,$28,$28,$11,$169,$96,$138,138,$0.08,$0.08,$50,$0,$0,$156,$7046,$0,$271,$195,$7512,$7668,$248,$5459,$0,$5909,$6157,$1,$-300,$3,$1511,$7668,$27,$73,$1,$74,$4,$0,$0,$-2,$-13,$88,$-27,$0,$0,$0,$-13,$-13,$20,$-20,$-156,$0,$-156,$0,$121,$-13,$-19,$-67,$2,$1,$-7
35,2009-12-31,4.24,$10.30,0.41,$11.79,0.36,$4.56,0.93,$-0.22,0.0,$0.16B,$0.25B,0.64,$5.62B,$1.42B,3.95,$1.07B,$0.76B,71.11%,$1.07B,$0.28B,26.47%,$1.07B,$0.28B,26.47%,$1.07B,$0.59B,55.17%,$1.07B,$-0.00B,-0.37%,$1.07B,$-0.04B,-3.45%,$-0.04B,$1.42B,-2.72%,$-0.04B,$1.14B,-3.43%,$-0.04B,$7.73B,-0.47%,$0.28B,$7.04B,3.98%,$273,$69,$204,$0,$10,$274,$-1,$-69,$-70,$-1,$-70,$-70,$-58,$85,$-1,$106,106,$-0.56,$-0.56,$48,$0,$0,$159,$7095,$0,$280,$195,$7570,$7729,$248,$5616,$0,$6060,$6309,$1,$-284,$0,$1420,$7729,$-7,$309,$134,$443,$6,$0,$0,$-3,$-4,$432,$-218,$0,$0,$53,$-66,$-13,$71,$-160,$-473,$0,$-473,$382,$382,$-78,$-107,$-276,$-3,$3,$-56
36,2009-09-30,4.21,$10.51,0.4,$13.64,0.31,$3.68,1.14,$0.05,84.21,$0.18B,$0.29B,0.62,$5.68B,$1.45B,3.92,$1.09B,$0.77B,70.08%,$1.09B,$0.37B,33.39%,$1.09B,$0.37B,33.39%,$1.09B,$0.69B,62.76%,$1.09B,$0.06B,5.49%,$1.09B,$0.01B,1.01%,$0.01B,$1.45B,0.85%,$0.01B,$1.17B,1.09%,$0.01B,$7.93B,0.14%,$0.37B,$7.13B,5.08%,$262,$79,$183,$0,$9,$167,$96,$-69,$26,$-1,$28,$28,$11,$164,$96,$138,138,$0.08,$0.08,$64,$0,$0,$179,$7268,$0,$282,$205,$7754,$7934,$288,$5679,$0,$6196,$6484,$1,$-219,$-2,$1449,$7934,$68,$223,$18,$240,$2,$0,$0,$-6,$-10,$298,$-167,$0,$0,$10,$-57,$-46,$91,$-123,$-412,$0,$-412,$382,$382,$-66,$-68,$-164,$12,$2,$-50
37,2009-06-30,2.32,$10.52,0.22,$15.75,0.15,$3.05,0.76,$0.03,77.17,$0.18B,$0.29B,0.63,$5.69B,$1.45B,3.92,$1.12B,$0.78B,69.98%,$1.12B,$0.37B,33.15%,$1.12B,$0.37B,33.15%,$1.12B,$0.70B,63.08%,$1.12B,$0.06B,5.38%,$1.12B,$0.00B,0.36%,$0.00B,$1.45B,0.35%,$0.00B,$1.17B,0.46%,$0.00B,$7.94B,0.05%,$0.37B,$7.14B,5.19%,$267,$77,$189,$0,$11,$170,$97,$-71,$25,$0,$25,$25,$8,$174,$97,$82,82,$0.10,$0.10,$51,$0,$0,$184,$7277,$0,$286,$196,$7759,$7944,$291,$5689,$0,$6202,$6493,$1,$-223,$-7,$1451,$7944,$40,$154,$15,$170,$4,$0,$0,$-3,$-10,$199,$-111,$0,$0,$3,$-42,$-39,$64,$-86,$-403,$0,$-403,$382,$382,$-45,$-46,$-113,$-0,$2,$-34
38,2009-03-31,0.98,$17.01,0.06,$16.33,0.06,$1.69,0.58,$0.08,12.19,$0.17B,$0.31B,0.56,$6.10B,$1.13B,5.39,$1.12B,$0.78B,69.67%,$1.12B,$0.37B,33.18%,$1.12B,$0.37B,33.18%,$1.12B,$0.70B,62.44%,$1.12B,$0.06B,5.71%,$1.12B,$0.01B,0.54%,$0.01B,$1.13B,0.60%,$0.01B,$0.84B,0.83%,$0.01B,$7.97B,0.07%,$0.37B,$7.23B,5.27%,$271,$84,$187,$0,$11,$179,$92,$-77,$15,$1,$15,$15,$2,$169,$92,$66,66,$0.03,$0.03,$47,$0,$0,$173,$7298,$0,$293,$209,$7800,$7973,$308,$6095,$0,$6534,$6842,$1,$-216,$-12,$1130,$7973,$15,$77,$11,$88,$7,$0,$0,$-4,$-11,$92,$-57,$0,$0,$-1,$-22,$-24,$35,$-45,$1,$0,$1,$0,$0,$-30,$-25,$-54,$-7,$1,$-25
39,2008-12-31,2.04,$17.61,0.12,$16.20,0.13,$0.77,2.64,$0.15,13.59,$0.19B,$0.33B,0.57,$6.10B,$1.17B,5.22,$1.13B,$0.79B,69.41%,$1.13B,$0.38B,33.24%,$1.13B,$0.38B,33.24%,$1.13B,$0.70B,61.89%,$1.13B,$0.07B,6.28%,$1.13B,$0.01B,0.88%,$0.01B,$1.17B,1.06%,$0.01B,$0.86B,1.48%,$0.01B,$8.03B,0.12%,$0.38B,$7.27B,5.42%,$293,$87,$207,$0,$12,$213,$80,$-86,$-6,$1,$-7,$4,$-10,$179,$80,$66,66,$-0.14,$-0.14,$54,$0,$0,$187,$7321,$0,$306,$220,$7847,$8034,$330,$6096,$0,$6535,$6865,$1,$-193,$-13,$1169,$8034,$63,$324,$46,$370,$-13,$0,$0,$-2,$-14,$419,$-344,$0,$0,$54,$-121,$-67,$50,$-361,$243,$0,$243,$1,$1,$-166,$-149,$-72,$-15,$5,$-145
40,2008-09-30,5.73,$12.62,0.45,$16.22,0.35,$-0.62,0.0,$0.50,11.47,$0.21B,$0.37B,0.56,$6.02B,$0.84B,7.2,$1.13B,$0.79B,69.52%,$1.13B,$0.42B,37.28%,$1.13B,$0.42B,37.28%,$1.13B,$0.71B,62.99%,$1.13B,$0.11B,10.07%,$1.13B,$0.03B,2.92%,$0.03B,$0.84B,3.76%,$0.03B,$0.59B,5.33%,$0.03B,$8.08B,0.41%,$0.42B,$6.86B,6.18%,$285,$88,$198,$0,$10,$184,$101,$-75,$26,$9,$17,$17,$4,$182,$101,$71,71,$0.06,$0.06,$70,$0,$0,$205,$7413,$0,$249,$212,$7874,$8079,$367,$6024,$0,$6875,$7242,$1,$-159,$-6,$837,$8079,$69,$225,$14,$239,$-3,$0,$0,$-7,$6,$314,$-291,$0,$0,$102,$-95,$7,$40,$-244,$169,$0,$169,$1,$1,$-125,$-113,$-67,$2,$4,$-108
41,2008-06-30,6.2,$13.05,0.48,$16.02,0.39,$-1.74,0.0,$0.70,8.86,$0.20B,$0.35B,0.56,$6.00B,$0.87B,6.93,$1.10B,$0.76B,69.31%,$1.10B,$0.42B,38.43%,$1.10B,$0.42B,38.43%,$1.10B,$0.69B,62.66%,$1.10B,$0.12B,11.29%,$1.10B,$0.05B,4.19%,$0.05B,$0.87B,5.10%,$0.05B,$0.61B,7.09%,$0.05B,$8.09B,0.59%,$0.42B,$6.86B,6.39%,$272,$83,$189,$0,$11,$174,$99,$-70,$29,$4,$25,$25,$10,$170,$99,$71,71,$0.14,$0.14,$69,$0,$0,$197,$7424,$0,$251,$221,$7896,$8093,$354,$5998,$0,$6873,$7227,$1,$-127,$-6,$866,$8093,$51,$144,$5,$149,$4,$0,$0,$-0,$-10,$190,$-211,$0,$0,$92,$-71,$20,$13,$-177,$142,$0,$142,$1,$1,$-83,$-72,$-13,$1,$3,$-72
42,2008-03-31,6.1,$13.39,0.46,$15.93,0.38,$-2.07,0.0,$0.73,8.36,$0.18B,$0.36B,0.49,$5.89B,$0.89B,6.63,$1.07B,$0.75B,69.59%,$1.07B,$0.42B,39.27%,$1.07B,$0.42B,39.27%,$1.07B,$0.67B,62.87%,$1.07B,$0.13B,12.22%,$1.07B,$0.05B,4.38%,$0.05B,$0.89B,5.09%,$0.05B,$0.63B,6.96%,$0.05B,$8.03B,0.63%,$0.42B,$6.78B,6.62%,$281,$90,$191,$0,$13,$185,$96,$-73,$22,$0,$22,$11,$6,$169,$96,$71,71,$0.09,$0.09,$68,$0,$0,$178,$7388,$0,$256,$207,$7851,$8029,$363,$5890,$0,$6778,$7141,$1,$-100,$-12,$888,$8029,$22,$73,$5,$78,$3,$0,$0,$-5,$-8,$93,$-121,$0,$0,$92,$-33,$58,$14,$-49,$32,$0,$32,$0,$0,$-42,$-35,$-44,$-0,$2,$-36
43,2007-12-31,5.93,$13.91,0.43,$15.76,0.38,$-1.80,0.0,$0.90,6.59,$0.27B,$0.40B,0.69,$5.87B,$0.92B,6.38,$1.04B,$0.73B,69.71%,$1.04B,$0.43B,40.87%,$1.04B,$0.43B,40.87%,$1.04B,$0.66B,63.27%,$1.04B,$0.15B,14.33%,$1.04B,$0.06B,5.58%,$0.06B,$0.92B,5.99%,$0.06B,$0.64B,7.99%,$0.06B,$8.11B,0.82%,$0.43B,$6.79B,6.95%,$294,$84,$209,$0,$9,$167,$126,$-90,$37,$4,$33,$75,$13,$192,$126,$66,66,$0.19,$0.21,$66,$0,$0,$274,$7402,$0,$276,$153,$7832,$8105,$395,$5869,$0,$6790,$7184,$1,$-70,$-0,$921,$8105,$148,$234,$23,$257,$-5,$0,$0,$-2,$66,$470,$-488,$0,$-376,$-98,$-137,$-235,$14,$-1086,$1049,$0,$1049,$7,$-93,$-159,$-145,$652,$37,$7,$-133
44,2007-09-30,8.33,$14.20,0.59,$15.46,0.54,$-0.56,0.0,$1.17,7.12,$0.20B,$0.33B,0.62,$5.05B,$0.93B,5.42,$1.02B,$0.71B,69.78%,$1.02B,$0.42B,41.24%,$1.02B,$0.42B,41.24%,$1.02B,$0.64B,63.09%,$1.02B,$0.18B,17.52%,$1.02B,$0.08B,7.48%,$0.08B,$0.93B,7.53%,$0.08B,$0.70B,9.72%,$0.08B,$6.82B,1.14%,$0.42B,$5.99B,7.19%,$251,$79,$172,$0,$8,$150,$101,$-65,$36,$3,$33,$18,$17,$157,$101,$65,66,$0.26,$0.26,$82,$0,$0,$201,$6287,$0,$228,$99,$6614,$6815,$325,$5052,$0,$5557,$5882,$1,$-47,$-5,$933,$6815,$70,$168,$42,$210,$-2,$0,$0,$-4,$29,$310,$-362,$0,$-12,$-56,$-52,$-108,$8,$-473,$494,$0,$494,$5,$-95,$-120,$-94,$184,$20,$5,$-99
45,2007-06-30,8.32,$14.47,0.57,$15.39,0.54,$1.67,4.99,$1.13,7.36,$0.17B,$0.31B,0.55,$4.95B,$0.95B,5.21,$1.01B,$0.71B,70.00%,$1.01B,$0.41B,40.79%,$1.01B,$0.41B,40.79%,$1.01B,$0.64B,62.87%,$1.01B,$0.18B,17.52%,$1.01B,$0.07B,7.23%,$0.07B,$0.95B,6.99%,$0.07B,$0.72B,8.87%,$0.07B,$6.73B,1.11%,$0.41B,$5.90B,7.20%,$246,$73,$174,$0,$11,$148,$98,$-62,$36,$1,$35,$22,$11,$156,$98,$65,66,$0.18,$0.17,$58,$0,$0,$169,$6231,$0,$230,$98,$6559,$6728,$309,$4952,$0,$5468,$5778,$1,$-28,$-2,$950,$6728,$48,$112,$27,$140,$7,$0,$0,$-1,$17,$204,$-245,$0,$-12,$-1,$-67,$-67,$-1,$-325,$391,$0,$391,$3,$-97,$-81,$-62,$151,$30,$3,$-66
46,2007-03-31,10.07,$16.30,0.62,$15.25,0.66,$4.25,2.37,$1.27,7.93,$0.15B,$0.30B,0.52,$4.71B,$1.07B,4.41,$1.00B,$0.70B,69.87%,$1.00B,$0.41B,41.14%,$1.00B,$0.41B,41.14%,$1.00B,$0.63B,62.86%,$1.00B,$0.18B,17.92%,$1.00B,$0.08B,8.31%,$0.08B,$1.07B,7.69%,$0.08B,$0.83B,9.07%,$0.08B,$6.62B,1.28%,$0.41B,$5.78B,7.33%,$249,$79,$170,$0,$10,$149,$100,$-59,$40,$1,$39,$25,$17,$153,$100,$65,66,$0.27,$0.26,$47,$0,$0,$154,$6134,$0,$235,$95,$6465,$6619,$300,$4714,$0,$5250,$5550,$1,$-6,$1,$1070,$6619,$25,$54,$15,$68,$7,$0,$0,$-5,$5,$98,$-106,$0,$-8,$-2,$-53,$-55,$6,$-163,$152,$0,$152,$2,$2,$-41,$-30,$83,$18,$2,$-33
47,2006-12-31,9.52,$16.58,0.57,$15.29,0.62,$4.67,2.04,$1.33,7.16,$0.12B,$0.31B,0.39,$4.57B,$1.09B,4.21,$1.00B,$0.70B,70.45%,$1.00B,$0.42B,41.71%,$1.00B,$0.42B,41.71%,$1.00B,$0.63B,63.52%,$1.00B,$0.18B,18.49%,$1.00B,$0.09B,8.74%,$0.09B,$1.09B,8.01%,$0.09B,$0.87B,8.88%,$0.09B,$6.52B,1.36%,$0.42B,$5.65B,7.50%,$270,$76,$193,$0,$11,$150,$120,$-53,$66,$0,$61,$37,$31,$175,$120,$64,65,$0.48,$0.47,$29,$0,$0,$122,$6094,$0,$214,$88,$6397,$6519,$310,$4565,$0,$5124,$5434,$1,$10,$0,$1085,$6519,$118,$218,$72,$290,$-20,$0,$0,$-3,$-18,$389,$-325,$0,$0,$-0,$-35,$-35,$13,$-347,$231,$0,$231,$3,$3,$-153,$-122,$-42,$-0,$6,$-123
