,Date,Stock Price,Book Value per Share,Price to Book Ratio,TTM Sales per Share,Price to Sales Ratio,TTM FCF per Share,Price to FCF Ratio,TTM Net EPS,PE Ratio,Current Assets,Current Liabilities,Current Ratio,Long Term Debt,Shareholder's Equity_x,Debt to Equity Ratio,TTM Revenue_x,TTM Gross Profit,Gross Margin,TTM Revenue_y,TTM Operating Income,Operating Margin,TTM Revenue_x,TTM EBIT,EBIT Margin,TTM Revenue_y,TTM EBITDA,EBITDA Margin,TTM Revenue_x,TTM Pre-Tax Income,Pre-Tax Margin,TTM Revenue_y,TTM Net Income_x,Net Margin,TTM Net Income_y,Shareholder's Equity_y,Return on Equity,TTM Net Income_x,Tangible Equity,Return on Tangible Equity,TTM Net Income_y,Total Assets,Return on Assets,TTM Net Income,LT Investments & Debt,Return on Investment,revenue,cost-goods-sold,gross-profit,research-development-expenses,selling-general-administrative-expenses,operating-expenses,operating-income,total-non-operating-income-expense,pre-tax-income,total-provision-income-taxes,income-after-taxes,income-from-continuous-operations,net-income,ebitda,ebit,basic-shares-outstanding,shares-outstanding,eps-basic-net-earnings-per-share,eps-earnings-per-share-diluted,cash-on-hand,inventory,other-current-assets,total-current-assets,net-property-plant-equipment,long-term-investments,goodwill-intangible-assets-total,other-long-term-assets,total-long-term-assets,total-assets,total-current-liabilities,long-term-debt,other-non-current-liabilities,total-long-term-liabilities,total-liabilities,common-stock-net,retained-earnings-accumulated-deficit,comprehensive-income,total-share-holder-equity,total-liabilities-share-holders-equity,net-income-loss,total-depreciation-amortization-cash-flow,other-non-cash-items,total-non-cash-items,change-in-accounts-receivable,change-in-inventories,change-in-accounts-payable,change-in-assets-liabilities,total-change-in-assets-liabilities,cash-flow-from-operating-activities,net-change-in-property-plant-equipment,net-change-in-intangible-assets,net-acquisitions-divestitures,net-change-in-short-term-investments,net-change-in-long-term-investments,net-change-in-investments-total,investing-activities-other,cash-flow-from-investing-activities,net-long-term-debt,net-current-debt,debt-issuance-retirement-net-total,net-common-equity-issued-repurchased,net-total-equity-issued-repurchased,total-common-preferred-stock-dividends-paid,financial-activities-other,cash-flow-from-financial-activities,net-cash-flow,stock-based-compensation,common-stock-dividends-paid
0,2018-09-30,68.4,$19.66,3.48,$17.25,3.97,$2.35,29.13,$3.91,17.49,$0.42B,$0.09B,4.54,$0.33B,$0.66B,0.49,$0.58B,$0.23B,39.31%,$0.58B,$0.14B,23.62%,$0.58B,$0.14B,23.62%,$0.58B,$0.17B,29.14%,$0.58B,$0.15B,25.34%,$0.58B,$0.13B,22.59%,$0.13B,$0.66B,21.65%,$0.13B,$0.20B,29.34%,$0.13B,$1.25B,14.49%,$0.14B,$0.98B,19.96%,$105,$72,$33,$4,$15,$98,$7,$5,$11,$-15,$27,$27,$27,$16,$7,$33,34,$0.80,$0.79,$97,$104,$113,$417,$353,$0,$463,$3,$831,$1248,$92,$325,$67,$497,$589,$3,$537,$-52,$659,$1248,$91,$24,$-18,$6,$12,$2,$0,$-54,$-57,$40,$-44,$0,$-419,$0,$0,$0,$0,$-463,$325,$0,$325,$13,$13,$0,$0,$338,$-86,$4,$0
1,2018-06-30,52.3,$18.77,2.79,$17.52,2.99,$3.47,15.07,$3.64,14.37,$0.50B,$0.10B,5.23,$0.00B,$0.62B,0.0,$0.59B,$0.24B,41.16%,$0.59B,$0.16B,26.53%,$0.59B,$0.16B,26.53%,$0.59B,$0.19B,31.80%,$0.59B,$0.16B,27.38%,$0.59B,$0.12B,20.58%,$0.12B,$0.62B,21.43%,$0.12B,$0.57B,23.84%,$0.12B,$0.83B,15.79%,$0.16B,$0.62B,27.62%,$152,$87,$65,$4,$16,$107,$45,$5,$50,$9,$41,$41,$40,$52,$45,$33,34,$1.22,$1.20,$171,$100,$107,$504,$266,$0,$56,$4,$327,$831,$96,$0,$63,$111,$208,$3,$511,$-52,$623,$831,$64,$15,$3,$18,$-26,$-1,$0,$-47,$-65,$18,$-33,$0,$0,$0,$0,$0,$0,$-33,$0,$0,$0,$5,$5,$0,$0,$5,$-12,$3,$0
2,2018-03-31,52.3,$17.98,2.91,$17.02,3.07,$4.35,12.03,$3.19,16.39,$0.46B,$0.09B,5.04,$0.00B,$0.59B,0.0,$0.57B,$0.24B,41.16%,$0.57B,$0.15B,25.57%,$0.57B,$0.15B,25.57%,$0.57B,$0.18B,31.17%,$0.57B,$0.15B,25.39%,$0.57B,$0.11B,18.56%,$0.11B,$0.59B,20.12%,$0.11B,$0.54B,22.60%,$0.11B,$0.80B,14.58%,$0.15B,$0.59B,27.72%,$141,$90,$51,$4,$17,$111,$30,$-0,$30,$6,$24,$24,$24,$38,$30,$33,34,$0.73,$0.72,$188,$105,$89,$463,$270,$0,$58,$3,$333,$796,$92,$0,$64,$112,$203,$3,$470,$-39,$593,$796,$24,$8,$4,$11,$-15,$-0,$0,$0,$-11,$24,$-24,$0,$0,$0,$0,$0,$0,$-24,$0,$0,$0,$3,$3,$0,$0,$3,$4,$2,$0
3,2017-12-31,48.0,$16.59,2.89,$15.97,3.01,$5.04,9.52,$3.07,15.64,$0.42B,$0.08B,5.11,$0.00B,$0.55B,0.0,$0.54B,$0.23B,43.18%,$0.54B,$0.14B,26.92%,$0.54B,$0.14B,26.92%,$0.54B,$0.18B,32.71%,$0.54B,$0.14B,26.54%,$0.54B,$0.10B,19.07%,$0.10B,$0.55B,20.98%,$0.10B,$0.49B,23.78%,$0.10B,$0.74B,14.90%,$0.14B,$0.55B,29.61%,$182,$104,$79,$4,$20,$128,$55,$1,$56,$16,$40,$40,$40,$63,$55,$33,33,$1.23,$1.19,$183,$139,$0,$422,$254,$0,$57,$3,$318,$741,$83,$0,$64,$113,$196,$3,$430,$-42,$545,$741,$102,$32,$17,$49,$41,$-13,$0,$-10,$-2,$149,$-52,$0,$3,$0,$0,$0,$0,$-49,$0,$0,$0,$5,$5,$0,$0,$5,$109,$9,$0
4,2017-09-30,55.0,$15.19,3.62,$15.92,3.45,$4.69,11.72,$3.00,18.33,$0.38B,$0.08B,4.49,$0.00B,$0.50B,0.0,$0.53B,$0.23B,43.50%,$0.53B,$0.15B,27.50%,$0.53B,$0.15B,27.50%,$0.53B,$0.18B,33.15%,$0.53B,$0.14B,26.74%,$0.53B,$0.10B,18.64%,$0.10B,$0.50B,21.94%,$0.10B,$0.44B,25.08%,$0.10B,$0.70B,15.17%,$0.15B,$0.50B,32.35%,$113,$66,$47,$4,$17,$87,$26,$-1,$25,$7,$17,$17,$17,$34,$26,$33,34,$0.53,$0.52,$118,$165,$0,$378,$249,$0,$57,$3,$320,$698,$84,$0,$63,$116,$200,$3,$390,$-45,$498,$698,$62,$23,$5,$28,$36,$-38,$0,$1,$-18,$72,$-38,$0,$3,$0,$0,$0,$0,$-35,$0,$0,$0,$3,$3,$0,$0,$3,$44,$6,$0
5,2017-06-30,59.75,$14.38,4.15,$15.57,3.84,$6.02,9.93,$2.76,21.65,$0.37B,$0.09B,4.15,$0.00B,$0.47B,0.0,$0.52B,$0.22B,42.94%,$0.52B,$0.14B,26.89%,$0.52B,$0.14B,26.89%,$0.52B,$0.17B,32.50%,$0.52B,$0.14B,26.31%,$0.52B,$0.09B,17.60%,$0.09B,$0.47B,21.74%,$0.09B,$0.41B,24.83%,$0.09B,$0.67B,14.75%,$0.14B,$0.47B,33.21%,$135,$77,$58,$4,$18,$100,$35,$-1,$34,$9,$25,$25,$25,$43,$35,$33,33,$0.77,$0.75,$94,$157,$0,$366,$238,$0,$57,$4,$307,$673,$88,$0,$63,$114,$203,$3,$372,$-52,$471,$673,$45,$15,$2,$17,$15,$-31,$0,$5,$-24,$37,$-23,$0,$0,$0,$0,$0,$0,$-23,$0,$0,$0,$3,$3,$0,$0,$3,$20,$4,$0
6,2017-03-31,55.05,$13.22,4.16,$15.16,3.63,$6.77,8.13,$2.63,20.93,$0.33B,$0.09B,3.92,$0.00B,$0.43B,0.0,$0.50B,$0.21B,42.51%,$0.50B,$0.14B,26.95%,$0.50B,$0.14B,26.95%,$0.50B,$0.16B,32.34%,$0.50B,$0.13B,26.55%,$0.50B,$0.09B,17.17%,$0.09B,$0.43B,22.11%,$0.09B,$0.38B,25.20%,$0.09B,$0.63B,14.76%,$0.14B,$0.43B,34.70%,$105,$58,$47,$4,$15,$77,$28,$-1,$27,$6,$21,$21,$20,$35,$28,$32,33,$0.61,$0.60,$99,$152,$0,$333,$224,$0,$56,$4,$295,$627,$85,$0,$63,$112,$197,$3,$347,$-63,$431,$627,$20,$7,$0,$8,$43,$-28,$0,$3,$8,$36,$-12,$0,$0,$0,$0,$0,$0,$-12,$0,$0,$0,$1,$1,$0,$0,$1,$25,$2,$0
7,2016-12-31,53.95,$12.54,4.3,$14.90,3.62,$8.21,6.57,$2.47,21.84,$0.32B,$0.10B,3.38,$0.00B,$0.41B,0.0,$0.49B,$0.21B,41.75%,$0.49B,$0.13B,26.07%,$0.49B,$0.13B,26.07%,$0.49B,$0.15B,31.36%,$0.49B,$0.13B,25.87%,$0.49B,$0.08B,16.50%,$0.08B,$0.41B,22.19%,$0.08B,$0.35B,25.21%,$0.08B,$0.61B,14.41%,$0.13B,$0.41B,35.07%,$178,$99,$79,$3,$18,$121,$57,$-0,$56,$18,$38,$38,$37,$64,$57,$32,33,$1.16,$1.14,$74,$123,$0,$323,$217,$0,$55,$4,$289,$612,$95,$0,$61,$111,$206,$3,$327,$-66,$405,$612,$82,$25,$-1,$24,$-5,$-24,$0,$45,$28,$134,$-50,$0,$-24,$0,$0,$0,$0,$-74,$-30,$0,$-30,$5,$5,$0,$-3,$-28,$30,$8,$0
8,2016-09-30,44.46,$11.41,3.9,$14.30,3.11,$6.43,6.92,$1.88,23.65,$0.29B,$0.08B,3.66,$0.00B,$0.37B,0.0,$0.47B,$0.19B,40.94%,$0.47B,$0.10B,21.75%,$0.47B,$0.10B,21.75%,$0.47B,$0.13B,27.08%,$0.47B,$0.10B,21.75%,$0.47B,$0.06B,13.22%,$0.06B,$0.37B,18.16%,$0.06B,$0.33B,20.55%,$0.06B,$0.56B,11.58%,$0.10B,$0.37B,29.87%,$99,$62,$38,$3,$15,$80,$19,$-0,$19,$5,$14,$14,$9,$26,$19,$32,33,$0.29,$0.28,$91,$144,$0,$289,$209,$0,$40,$4,$266,$555,$79,$0,$61,$109,$188,$3,$290,$-54,$367,$555,$44,$18,$23,$40,$44,$-40,$0,$34,$30,$115,$-38,$0,$0,$0,$0,$0,$0,$-38,$-30,$0,$-30,$2,$2,$0,$-3,$-30,$47,$5,$0
9,2016-06-30,51.73,$10.98,4.71,$14.14,3.66,$5.40,9.58,$1.96,26.39,$0.28B,$0.08B,3.47,$0.00B,$0.35B,0.0,$0.46B,$0.19B,41.04%,$0.46B,$0.10B,21.81%,$0.46B,$0.10B,21.81%,$0.46B,$0.13B,27.00%,$0.46B,$0.10B,21.60%,$0.46B,$0.07B,14.04%,$0.07B,$0.35B,20.23%,$0.07B,$0.31B,23.32%,$0.07B,$0.54B,12.40%,$0.10B,$0.35B,30.72%,$119,$70,$49,$4,$14,$88,$31,$-0,$31,$10,$21,$21,$20,$37,$31,$32,33,$0.64,$0.62,$52,$140,$0,$280,$204,$0,$40,$3,$257,$537,$81,$0,$54,$103,$184,$3,$281,$-54,$353,$537,$35,$11,$15,$26,$15,$-35,$0,$36,$4,$65,$-27,$0,$0,$0,$0,$0,$0,$-27,$-30,$0,$-30,$2,$2,$0,$-3,$-31,$8,$3,$0
10,2016-03-31,44.0,$10.48,4.2,$13.83,3.18,$4.73,9.29,$1.95,22.56,$0.28B,$0.11B,2.72,$0.00B,$0.34B,0.0,$0.45B,$0.19B,41.46%,$0.45B,$0.10B,21.95%,$0.45B,$0.10B,21.95%,$0.45B,$0.12B,27.27%,$0.45B,$0.10B,21.73%,$0.45B,$0.07B,14.41%,$0.07B,$0.34B,21.59%,$0.07B,$0.30B,25.42%,$0.07B,$0.54B,12.54%,$0.10B,$0.34B,30.60%,$95,$56,$39,$3,$14,$73,$21,$0,$21,$7,$15,$15,$15,$27,$21,$32,33,$0.46,$0.44,$86,$132,$0,$284,$204,$0,$40,$2,$260,$544,$105,$0,$54,$105,$209,$3,$260,$-48,$335,$544,$15,$6,$5,$10,$46,$-21,$0,$36,$65,$90,$-20,$0,$0,$0,$0,$0,$0,$-20,$-30,$0,$-30,$0,$0,$0,$0,$-30,$42,$2,$0
11,2015-12-31,47.09,$9.77,4.82,$13.35,3.53,$3.29,14.29,$1.76,26.76,$0.26B,$0.13B,2.0,$0.00B,$0.31B,0.0,$0.43B,$0.18B,40.78%,$0.43B,$0.09B,20.97%,$0.43B,$0.09B,20.97%,$0.43B,$0.11B,26.27%,$0.43B,$0.09B,20.51%,$0.43B,$0.06B,13.36%,$0.06B,$0.31B,20.84%,$0.06B,$0.27B,25.16%,$0.06B,$0.51B,11.54%,$0.09B,$0.31B,28.82%,$156,$90,$66,$4,$16,$125,$31,$0,$31,$14,$17,$17,$18,$37,$31,$31,33,$0.56,$0.54,$44,$110,$0,$259,$186,$0,$39,$2,$246,$506,$130,$0,$15,$65,$195,$3,$246,$-55,$311,$506,$57,$22,$30,$52,$-14,$-33,$0,$11,$-24,$85,$-60,$0,$0,$0,$0,$0,$-0,$-60,$-30,$0,$-30,$6,$6,$0,$0,$-24,$-2,$6,$0
12,2015-09-30,39.68,$9.08,4.37,$12.64,3.14,$3.92,10.12,$2.10,18.9,$0.25B,$0.12B,2.0,$0.03B,$0.29B,0.11,$0.41B,$0.16B,38.33%,$0.41B,$0.08B,20.39%,$0.41B,$0.08B,20.39%,$0.41B,$0.11B,25.80%,$0.41B,$0.08B,19.66%,$0.41B,$0.07B,16.71%,$0.07B,$0.29B,25.83%,$0.07B,$0.24B,32.23%,$0.07B,$0.51B,13.66%,$0.08B,$0.32B,26.29%,$93,$57,$36,$4,$14,$75,$18,$-1,$17,$5,$12,$12,$12,$24,$18,$31,33,$0.37,$0.36,$60,$131,$0,$246,$181,$0,$52,$3,$264,$510,$123,$30,$14,$100,$223,$3,$228,$-57,$286,$510,$39,$16,$3,$19,$38,$-53,$0,$22,$21,$80,$-37,$0,$0,$0,$0,$0,$-0,$-37,$0,$0,$0,$3,$3,$0,$-29,$-26,$15,$4,$0
13,2015-06-30,43.94,$8.68,5.06,$12.36,3.56,$3.40,12.91,$2.02,21.75,$0.25B,$0.11B,2.33,$0.06B,$0.27B,0.22,$0.40B,$0.15B,37.47%,$0.40B,$0.08B,19.49%,$0.40B,$0.08B,19.49%,$0.40B,$0.10B,25.06%,$0.40B,$0.07B,18.73%,$0.40B,$0.07B,16.46%,$0.07B,$0.27B,26.03%,$0.07B,$0.22B,33.04%,$0.07B,$0.51B,13.51%,$0.08B,$0.33B,24.86%,$107,$61,$46,$3,$14,$77,$29,$-0,$29,$9,$19,$19,$20,$35,$29,$31,32,$0.63,$0.61,$63,$127,$0,$253,$172,$0,$52,$4,$259,$513,$109,$60,$14,$131,$240,$3,$216,$-56,$272,$513,$28,$11,$-2,$9,$30,$-46,$0,$18,$4,$40,$-23,$0,$0,$0,$0,$0,$-0,$-24,$0,$0,$0,$2,$2,$0,$0,$2,$17,$2,$0
14,2015-03-31,39.63,$7.80,5.08,$12.19,3.25,$3.03,13.09,$2.04,19.43,$0.23B,$0.11B,2.2,$0.06B,$0.24B,0.25,$0.39B,$0.14B,34.97%,$0.39B,$0.06B,16.32%,$0.39B,$0.06B,16.32%,$0.39B,$0.09B,22.02%,$0.39B,$0.06B,14.25%,$0.39B,$0.07B,16.84%,$0.07B,$0.24B,27.00%,$0.07B,$0.19B,34.90%,$0.07B,$0.48B,13.77%,$0.06B,$0.30B,20.71%,$78,$48,$29,$3,$14,$65,$13,$-1,$12,$4,$8,$8,$8,$18,$13,$31,32,$0.26,$0.25,$68,$108,$0,$233,$159,$0,$50,$3,$248,$481,$106,$60,$15,$131,$237,$3,$196,$-63,$244,$481,$8,$5,$5,$10,$36,$-29,$0,$13,$17,$35,$-13,$0,$0,$0,$0,$0,$1,$-12,$0,$0,$0,$2,$2,$0,$0,$2,$22,$1,$0
15,2014-12-31,21.62,$8.08,2.68,$11.88,1.82,$2.88,7.52,$1.82,11.88,$0.22B,$0.10B,2.27,$0.06B,$0.25B,0.24,$0.37B,$0.12B,32.89%,$0.37B,$0.05B,13.90%,$0.37B,$0.05B,13.90%,$0.37B,$0.08B,20.05%,$0.37B,$0.05B,12.03%,$0.37B,$0.06B,15.51%,$0.06B,$0.25B,24.89%,$0.06B,$0.19B,32.13%,$0.06B,$0.49B,12.53%,$0.05B,$0.31B,17.54%,$129,$84,$45,$3,$14,$107,$23,$-1,$22,$-6,$28,$28,$28,$28,$23,$31,32,$0.91,$0.87,$46,$86,$0,$224,$164,$0,$58,$0,$263,$487,$99,$60,$16,$137,$235,$3,$188,$-45,$251,$487,$57,$24,$-14,$10,$-9,$-9,$0,$4,$-2,$65,$-21,$0,$-2,$0,$0,$0,$-1,$-25,$26,$0,$26,$4,$4,$0,$-45,$-15,$23,$5,$0
16,2014-09-30,18.68,$7.50,2.49,$11.13,1.68,$0.90,20.74,$1.23,15.19,$0.19B,$0.09B,2.18,$0.06B,$0.23B,0.26,$0.35B,$0.11B,32.18%,$0.35B,$0.05B,12.93%,$0.35B,$0.05B,12.93%,$0.35B,$0.07B,19.83%,$0.35B,$0.04B,10.92%,$0.35B,$0.04B,11.21%,$0.04B,$0.23B,17.51%,$0.04B,$0.18B,22.41%,$0.04B,$0.44B,8.56%,$0.05B,$0.29B,15.46%,$81,$53,$28,$4,$13,$69,$12,$-1,$11,$3,$9,$9,$9,$18,$12,$31,32,$0.28,$0.28,$27,$101,$0,$194,$162,$1,$54,$5,$250,$444,$89,$60,$16,$123,$212,$3,$161,$-33,$232,$444,$29,$18,$-8,$9,$25,$-22,$0,$-8,$2,$41,$-16,$0,$-2,$0,$0,$0,$-1,$-20,$-19,$0,$-19,$3,$3,$0,$0,$-15,$4,$3,$0
17,2014-06-30,20.7,$7.68,2.7,$11.05,1.87,$-1.05,0.0,$1.07,19.35,$0.21B,$0.10B,2.17,$0.07B,$0.24B,0.31,$0.34B,$0.11B,31.69%,$0.34B,$0.04B,12.79%,$0.34B,$0.04B,12.79%,$0.34B,$0.07B,19.77%,$0.34B,$0.04B,10.76%,$0.34B,$0.03B,9.88%,$0.03B,$0.24B,16.09%,$0.03B,$0.18B,20.54%,$0.03B,$0.48B,7.37%,$0.04B,$0.31B,15.19%,$98,$64,$33,$4,$15,$83,$15,$-5,$10,$-9,$20,$20,$20,$21,$15,$31,31,$0.64,$0.63,$19,$103,$0,$213,$170,$1,$56,$6,$263,$476,$98,$74,$17,$142,$241,$3,$152,$-18,$236,$476,$21,$12,$-3,$9,$3,$-16,$0,$-5,$-17,$13,$-8,$0,$-2,$0,$0,$0,$-1,$-12,$-5,$0,$-5,$2,$2,$0,$0,$-4,$-3,$2,$0
18,2014-03-31,18.87,$6.97,2.71,$9.96,1.89,$-2.07,0.0,$0.51,37.0,$0.18B,$0.09B,1.98,$0.06B,$0.21B,0.28,$0.31B,$0.10B,30.74%,$0.31B,$0.04B,11.33%,$0.31B,$0.04B,11.33%,$0.31B,$0.06B,18.77%,$0.31B,$0.03B,10.36%,$0.31B,$0.02B,5.18%,$0.02B,$0.21B,8.14%,$0.02B,$0.17B,10.34%,$0.02B,$0.45B,3.55%,$0.04B,$0.27B,12.58%,$66,$50,$17,$2,$12,$64,$2,$-1,$2,$0,$1,$1,$1,$8,$2,$31,31,$0.03,$0.03,$22,$99,$0,$182,$170,$14,$43,$7,$262,$445,$92,$60,$18,$139,$231,$3,$132,$-19,$213,$445,$1,$6,$1,$7,$32,$-10,$0,$-1,$17,$25,$-7,$0,$0,$0,$0,$0,$-0,$-8,$-19,$0,$-19,$1,$1,$0,$0,$-18,$-1,$1,$0
19,2013-12-31,17.83,$6.90,2.59,$10.29,1.73,$-2.63,0.0,$0.84,21.23,$0.20B,$0.10B,2.08,$0.08B,$0.21B,0.38,$0.32B,$0.10B,32.39%,$0.32B,$0.05B,15.41%,$0.32B,$0.05B,15.41%,$0.32B,$0.07B,22.33%,$0.32B,$0.05B,14.15%,$0.32B,$0.03B,8.18%,$0.03B,$0.21B,13.96%,$0.03B,$0.17B,17.96%,$0.03B,$0.46B,5.87%,$0.05B,$0.29B,18.06%,$103,$69,$34,$3,$15,$87,$16,$-1,$15,$6,$9,$9,$9,$22,$16,$30,31,$0.30,$0.29,$23,$90,$0,$203,$172,$13,$43,$8,$255,$458,$97,$79,$18,$151,$248,$3,$131,$-19,$210,$458,$26,$22,$-2,$21,$-28,$-19,$0,$27,$-10,$37,$-55,$0,$0,$0,$0,$0,$-2,$-57,$15,$0,$15,$3,$3,$0,$-0,$18,$-1,$3,$0
20,2013-09-30,13.2,$6.17,2.14,$9.26,1.43,$-1.21,0.0,$1.97,6.7,$0.20B,$0.09B,2.29,$0.10B,$0.19B,0.54,$0.29B,$0.09B,31.58%,$0.29B,$0.04B,14.04%,$0.29B,$0.04B,14.04%,$0.29B,$0.06B,21.75%,$0.29B,$0.04B,12.63%,$0.29B,$0.06B,21.40%,$0.06B,$0.19B,34.96%,$0.06B,$0.14B,45.78%,$0.06B,$0.47B,14.36%,$0.04B,$0.29B,15.64%,$77,$52,$25,$3,$11,$66,$11,$-1,$10,$4,$6,$6,$4,$17,$11,$30,31,$0.12,$0.12,$25,$101,$0,$199,$167,$13,$42,$9,$268,$466,$87,$101,$18,$193,$280,$3,$122,$-31,$186,$466,$17,$17,$-7,$10,$-1,$-32,$0,$4,$-21,$6,$-42,$0,$0,$0,$0,$0,$-1,$-43,$37,$0,$37,$2,$2,$0,$-0,$38,$2,$2,$0
21,2013-06-30,13.97,$5.86,2.38,$8.70,1.61,$0.98,14.27,$1.91,7.31,$0.17B,$0.08B,2.05,$0.09B,$0.18B,0.49,$0.27B,$0.08B,31.46%,$0.27B,$0.03B,12.36%,$0.27B,$0.03B,12.36%,$0.27B,$0.06B,20.60%,$0.27B,$0.03B,10.86%,$0.27B,$0.06B,22.10%,$0.06B,$0.18B,37.17%,$0.06B,$0.14B,50.11%,$0.06B,$0.44B,14.97%,$0.03B,$0.26B,14.24%,$63,$44,$19,$3,$11,$57,$6,$-1,$5,$2,$3,$3,$2,$11,$6,$30,31,$0.07,$0.07,$20,$97,$0,$171,$162,$15,$41,$9,$265,$436,$83,$87,$15,$175,$259,$3,$119,$-36,$177,$436,$13,$11,$-10,$1,$-0,$-28,$0,$12,$-8,$6,$-33,$0,$0,$0,$0,$0,$-0,$-34,$23,$0,$23,$1,$1,$0,$-0,$24,$-4,$1,$0
22,2013-03-31,12.79,$5.72,2.24,$9.25,1.38,$2.15,5.95,$2.17,5.89,$0.16B,$0.08B,2.02,$0.07B,$0.17B,0.43,$0.28B,$0.09B,33.10%,$0.28B,$0.04B,14.59%,$0.28B,$0.04B,14.59%,$0.28B,$0.06B,22.42%,$0.28B,$0.04B,13.17%,$0.28B,$0.07B,23.84%,$0.07B,$0.17B,46.77%,$0.07B,$0.13B,65.37%,$0.07B,$0.41B,18.19%,$0.04B,$0.25B,19.11%,$75,$50,$25,$2,$11,$59,$16,$-1,$15,$4,$11,$11,$11,$21,$16,$30,31,$0.37,$0.36,$32,$74,$0,$156,$156,$15,$40,$6,$255,$411,$77,$73,$14,$162,$239,$3,$116,$-38,$172,$411,$11,$5,$-10,$-5,$2,$-5,$0,$14,$8,$15,$-15,$0,$0,$0,$0,$0,$-0,$-15,$9,$0,$9,$1,$1,$0,$-0,$9,$8,$0,$0
23,2012-12-31,11.38,$5.46,2.08,$9.17,1.24,$2.22,5.12,$2.05,5.55,$0.14B,$0.08B,1.75,$0.06B,$0.16B,0.39,$0.28B,$0.09B,32.61%,$0.28B,$0.04B,12.68%,$0.28B,$0.04B,12.68%,$0.28B,$0.06B,21.01%,$0.28B,$0.03B,11.23%,$0.28B,$0.06B,22.83%,$0.06B,$0.16B,48.93%,$0.06B,$0.12B,71.79%,$0.06B,$0.39B,18.05%,$0.04B,$0.23B,17.26%,$70,$49,$21,$2,$11,$63,$7,$-1,$6,$-38,$44,$44,$44,$13,$7,$30,30,$1.46,$1.43,$24,$71,$0,$144,$152,$15,$41,$3,$242,$386,$82,$64,$10,$140,$222,$3,$105,$-34,$163,$386,$62,$22,$-38,$-16,$-6,$-10,$0,$11,$-3,$44,$-18,$0,$0,$0,$0,$0,$-2,$-20,$-34,$0,$-34,$1,$1,$0,$-0,$-33,$-8,$2,$0
24,2012-09-30,11.73,$4.14,2.84,$9.15,1.28,$2.17,5.4,$0.65,18.05,$0.15B,$0.08B,1.93,$0.07B,$0.12B,0.55,$0.27B,$0.09B,32.48%,$0.27B,$0.03B,12.41%,$0.27B,$0.03B,12.41%,$0.27B,$0.06B,20.80%,$0.27B,$0.03B,10.95%,$0.27B,$0.02B,7.30%,$0.02B,$0.12B,17.70%,$0.02B,$0.08B,27.78%,$0.02B,$0.34B,5.91%,$0.03B,$0.19B,17.39%,$59,$41,$19,$2,$12,$55,$4,$-1,$3,$1,$2,$2,$2,$10,$4,$30,31,$0.06,$0.06,$34,$69,$0,$145,$139,$15,$41,$3,$198,$343,$75,$68,$10,$145,$220,$3,$62,$-30,$123,$343,$19,$16,$3,$19,$1,$-9,$0,$10,$3,$40,$-9,$0,$0,$0,$0,$0,$-1,$-10,$-30,$0,$-30,$1,$1,$0,$-0,$-29,$2,$1,$0
25,2012-06-30,9.41,$3.88,2.43,$9.22,1.02,$1.74,5.4,$0.68,13.84,$0.14B,$0.06B,2.24,$0.08B,$0.12B,0.7,$0.27B,$0.09B,32.12%,$0.27B,$0.04B,12.77%,$0.27B,$0.04B,12.77%,$0.27B,$0.06B,21.17%,$0.27B,$0.03B,11.31%,$0.27B,$0.02B,7.66%,$0.02B,$0.12B,18.79%,$0.02B,$0.08B,29.79%,$0.02B,$0.33B,6.23%,$0.04B,$0.20B,17.33%,$77,$49,$28,$3,$12,$63,$14,$-1,$13,$3,$10,$10,$10,$19,$14,$30,30,$0.34,$0.33,$22,$67,$0,$140,$134,$16,$40,$3,$192,$333,$63,$80,$10,$155,$218,$3,$60,$-35,$115,$333,$17,$11,$3,$13,$-8,$-8,$0,$-3,$-15,$16,$-7,$0,$0,$0,$0,$0,$-0,$-7,$-18,$0,$-18,$0,$0,$0,$0,$-18,$-10,$1,$0
26,2012-03-31,6.99,$3.83,1.82,$8.96,0.78,$1.75,3.99,$0.51,13.71,$0.13B,$0.06B,2.25,$0.08B,$0.11B,0.74,$0.27B,$0.08B,29.81%,$0.27B,$0.03B,10.57%,$0.27B,$0.03B,10.57%,$0.27B,$0.05B,19.62%,$0.27B,$0.03B,9.43%,$0.27B,$0.02B,6.04%,$0.02B,$0.11B,13.88%,$0.02B,$0.07B,21.99%,$0.02B,$0.33B,4.60%,$0.03B,$0.20B,15.09%,$70,$48,$22,$2,$10,$60,$10,$-1,$9,$2,$7,$7,$7,$16,$10,$30,30,$0.24,$0.24,$21,$67,$0,$133,$141,$16,$42,$3,$202,$334,$59,$84,$10,$162,$221,$3,$50,$-26,$114,$334,$7,$5,$1,$6,$-2,$-5,$0,$-0,$-9,$5,$-3,$0,$0,$0,$0,$0,$0,$-3,$-14,$0,$-14,$0,$0,$0,$0,$-14,$-11,$0,$0
27,2011-12-31,7.18,$3.39,2.12,$8.66,0.83,$1.75,4.1,$0.36,19.94,$0.14B,$0.06B,2.31,$0.10B,$0.10B,0.98,$0.26B,$0.07B,28.91%,$0.26B,$0.02B,8.98%,$0.26B,$0.02B,8.98%,$0.26B,$0.05B,18.36%,$0.26B,$0.02B,7.81%,$0.26B,$0.01B,4.69%,$0.01B,$0.10B,10.23%,$0.01B,$0.06B,16.22%,$0.01B,$0.34B,3.37%,$0.02B,$0.20B,11.73%,$68,$48,$20,$3,$11,$62,$6,$-1,$5,$2,$3,$3,$1,$12,$6,$29,30,$0.03,$0.03,$32,$62,$0,$137,$140,$15,$41,$3,$206,$343,$59,$98,$10,$183,$242,$3,$43,$-32,$100,$343,$11,$23,$3,$26,$2,$-4,$0,$-3,$1,$38,$-15,$0,$-1,$0,$0,$0,$0,$-15,$-18,$0,$-18,$0,$0,$0,$-2,$-20,$2,$2,$0
28,2011-09-30,5.04,$4.01,1.26,$8.58,0.59,$1.32,3.81,$0.50,10.08,$0.13B,$0.06B,2.45,$0.10B,$0.12B,0.84,$0.25B,$0.07B,29.25%,$0.25B,$0.03B,9.88%,$0.25B,$0.03B,9.88%,$0.25B,$0.05B,19.37%,$0.25B,$0.02B,8.70%,$0.25B,$0.02B,6.32%,$0.02B,$0.12B,13.42%,$0.02B,$0.08B,21.19%,$0.02B,$0.34B,4.47%,$0.03B,$0.22B,12.35%,$59,$41,$18,$3,$10,$54,$5,$-1,$4,$1,$3,$3,$3,$11,$5,$29,30,$0.09,$0.09,$30,$66,$0,$134,$142,$17,$43,$3,$205,$339,$55,$99,$11,$166,$221,$3,$42,$-12,$118,$339,$10,$17,$2,$20,$7,$-5,$0,$-5,$-3,$27,$-9,$0,$0,$0,$0,$0,$0,$-9,$-17,$0,$-17,$0,$0,$0,$-0,$-17,$0,$1,$0
29,2011-06-30,4.62,$4.38,1.06,$8.20,0.56,$0.97,4.78,$0.36,12.83,$0.16B,$0.17B,0.9,$0.00B,$0.13B,0.0,$0.24B,$0.07B,28.93%,$0.24B,$0.02B,8.68%,$0.24B,$0.02B,8.68%,$0.24B,$0.05B,18.60%,$0.24B,$0.02B,7.44%,$0.24B,$0.01B,4.96%,$0.01B,$0.13B,10.30%,$0.01B,$0.08B,16.55%,$0.01B,$0.37B,3.32%,$0.02B,$0.13B,10.31%,$68,$49,$19,$3,$9,$61,$7,$-1,$7,$2,$5,$5,$5,$13,$7,$29,29,$0.16,$0.16,$41,$68,$0,$155,$152,$19,$45,$3,$219,$374,$173,$0,$13,$72,$245,$3,$39,$1,$129,$374,$7,$12,$2,$14,$2,$-4,$0,$-7,$-8,$13,$-5,$0,$0,$0,$0,$0,$0,$-5,$1,$0,$1,$0,$0,$0,$-0,$0,$11,$1,$0
30,2011-03-31,5.5,$4.14,1.33,$7.86,0.7,$0.80,6.88,$0.36,15.28,$0.15B,$0.06B,2.65,$0.12B,$0.12B,0.97,$0.23B,$0.07B,29.74%,$0.23B,$0.02B,9.05%,$0.23B,$0.02B,9.05%,$0.23B,$0.04B,18.97%,$0.23B,$0.02B,7.33%,$0.23B,$0.01B,5.17%,$0.01B,$0.12B,11.32%,$0.01B,$0.08B,18.82%,$0.01B,$0.37B,3.49%,$0.02B,$0.24B,9.62%,$61,$43,$17,$3,$9,$55,$5,$-1,$4,$2,$3,$3,$3,$11,$5,$29,30,$0.09,$0.09,$35,$68,$0,$147,$154,$19,$44,$4,$222,$368,$55,$118,$13,$191,$246,$3,$35,$-0,$122,$368,$3,$6,$0,$6,$2,$-3,$0,$-4,$-5,$4,$-2,$0,$0,$0,$0,$0,$0,$-2,$2,$0,$2,$0,$0,$0,$-0,$2,$6,$0,$0
31,2010-12-31,5.17,$3.66,1.41,$7.72,0.67,$0.58,8.89,$0.33,15.67,$0.14B,$0.05B,2.55,$0.12B,$0.11B,1.08,$0.23B,$0.07B,29.07%,$0.23B,$0.02B,8.81%,$0.23B,$0.02B,8.81%,$0.23B,$0.04B,18.50%,$0.23B,$0.02B,7.05%,$0.23B,$0.01B,4.85%,$0.01B,$0.11B,11.06%,$0.01B,$0.07B,18.88%,$0.01B,$0.35B,3.26%,$0.02B,$0.22B,9.38%,$65,$45,$20,$2,$9,$57,$8,$-2,$7,$2,$5,$5,$5,$14,$8,$29,29,$0.16,$0.16,$30,$61,$0,$135,$150,$20,$42,$4,$217,$352,$53,$116,$13,$191,$244,$3,$32,$-12,$108,$352,$10,$22,$4,$26,$-7,$-5,$0,$2,$-12,$23,$-13,$0,$-25,$0,$0,$0,$-1,$-39,$-5,$0,$-5,$0,$0,$0,$-0,$-5,$-23,$2,$0
32,2010-09-30,4.25,$3.65,1.16,$7.49,0.57,$0.97,4.4,$0.08,53.13,$0.15B,$0.06B,2.7,$0.11B,$0.11B,1.07,$0.22B,$0.06B,27.73%,$0.22B,$0.02B,7.27%,$0.22B,$0.02B,7.27%,$0.22B,$0.04B,16.82%,$0.22B,$0.01B,5.45%,$0.22B,$0.00B,1.36%,$0.00B,$0.11B,3.05%,$0.00B,$0.06B,5.11%,$0.00B,$0.35B,0.89%,$0.02B,$0.22B,7.50%,$48,$34,$14,$3,$8,$47,$1,$-1,$-0,$1,$-1,$-1,$-1,$7,$1,$29,29,$-0.05,$-0.05,$43,$66,$0,$149,$154,$0,$43,$4,$201,$350,$55,$114,$13,$187,$242,$3,$27,$-7,$107,$350,$5,$16,$1,$17,$2,$-8,$0,$-1,$-6,$16,$-9,$0,$-7,$0,$0,$0,$-0,$-16,$-6,$0,$-6,$0,$0,$0,$-0,$-6,$-9,$1,$0
33,2010-06-30,3.15,$2.96,1.06,$7.79,0.4,$1.07,2.95,$0.23,13.7,$0.12B,$0.05B,2.43,$0.10B,$0.09B,1.15,$0.23B,$0.06B,28.07%,$0.23B,$0.02B,9.21%,$0.23B,$0.02B,9.21%,$0.23B,$0.04B,17.98%,$0.23B,$0.02B,7.46%,$0.23B,$0.01B,3.07%,$0.01B,$0.09B,7.16%,$0.01B,$0.05B,11.67%,$0.01B,$0.30B,2.06%,$0.02B,$0.19B,9.77%,$58,$40,$18,$3,$8,$51,$7,$-1,$6,$2,$4,$4,$5,$12,$7,$29,29,$0.16,$0.16,$23,$57,$0,$121,$141,$0,$38,$4,$183,$304,$50,$100,$13,$167,$217,$3,$29,$-29,$87,$304,$6,$11,$-0,$10,$-2,$-4,$0,$-1,$-8,$9,$-5,$0,$-7,$0,$0,$0,$0,$-12,$-21,$0,$-21,$0,$0,$0,$-0,$-21,$-29,$1,$0
34,2010-03-31,4.05,$3.27,1.24,$7.84,0.52,$1.20,3.38,$0.26,15.58,$0.15B,$0.06B,2.64,$0.12B,$0.10B,1.29,$0.23B,$0.07B,28.82%,$0.23B,$0.02B,10.04%,$0.23B,$0.02B,10.04%,$0.23B,$0.04B,18.78%,$0.23B,$0.02B,8.30%,$0.23B,$0.01B,3.06%,$0.01B,$0.10B,7.09%,$0.01B,$0.06B,11.38%,$0.01B,$0.35B,1.99%,$0.02B,$0.22B,10.37%,$56,$42,$14,$2,$9,$52,$4,$-1,$3,$1,$2,$2,$2,$9,$4,$29,29,$0.06,$0.06,$42,$60,$0,$146,$153,$0,$41,$4,$199,$345,$55,$124,$13,$194,$249,$3,$24,$-14,$96,$345,$2,$5,$0,$6,$-6,$-3,$0,$-0,$-9,$-2,$-3,$0,$-7,$0,$0,$0,$0,$-10,$3,$0,$3,$0,$0,$0,$-0,$3,$-11,$0,$0
35,2009-12-31,5.58,$3.53,1.58,$8.02,0.7,$1.26,4.44,$0.36,15.5,$0.15B,$0.06B,2.71,$0.12B,$0.10B,1.17,$0.23B,$0.07B,30.34%,$0.23B,$0.03B,11.54%,$0.23B,$0.03B,11.54%,$0.23B,$0.05B,20.09%,$0.23B,$0.02B,9.83%,$0.23B,$0.01B,4.27%,$0.01B,$0.10B,10.78%,$0.01B,$0.07B,17.47%,$0.01B,$0.35B,2.87%,$0.03B,$0.22B,12.47%,$58,$43,$15,$2,$9,$54,$4,$-1,$3,$6,$-3,$-3,$-3,$9,$4,$29,29,$-0.09,$-0.09,$52,$58,$0,$149,$161,$0,$36,$5,$202,$352,$55,$121,$14,$193,$248,$3,$22,$-5,$103,$352,$10,$21,$10,$31,$6,$1,$0,$-0,$-7,$34,$-13,$0,$0,$0,$0,$0,$0,$-13,$-3,$0,$-3,$0,$0,$-1,$-0,$-4,$20,$1,$-1
36,2009-09-30,6.3,$3.60,1.75,$8.24,0.76,$-0.32,0.0,$0.43,14.65,$0.15B,$0.05B,2.96,$0.12B,$0.11B,1.18,$0.24B,$0.07B,30.00%,$0.24B,$0.03B,10.42%,$0.24B,$0.03B,10.42%,$0.24B,$0.05B,18.75%,$0.24B,$0.02B,8.33%,$0.24B,$0.01B,5.00%,$0.01B,$0.11B,13.99%,$0.01B,$0.07B,23.88%,$0.01B,$0.36B,3.47%,$0.03B,$0.23B,11.89%,$56,$39,$17,$2,$9,$51,$6,$-1,$5,$2,$3,$3,$3,$11,$6,$29,29,$0.10,$0.10,$45,$61,$0,$153,$166,$0,$37,$5,$208,$361,$52,$124,$17,$204,$256,$3,$25,$-5,$105,$361,$13,$15,$4,$18,$1,$0,$0,$-0,$-12,$20,$-10,$0,$0,$0,$0,$0,$0,$-10,$0,$0,$0,$0,$0,$0,$-0,$0,$13,$1,$0
37,2009-06-30,4.12,$3.11,1.32,$8.31,0.5,$-1.55,0.0,$0.43,9.58,$0.15B,$0.06B,2.52,$0.12B,$0.09B,1.36,$0.24B,$0.07B,29.34%,$0.24B,$0.02B,9.92%,$0.24B,$0.02B,9.92%,$0.24B,$0.04B,18.18%,$0.24B,$0.02B,7.44%,$0.24B,$0.01B,4.96%,$0.01B,$0.09B,14.12%,$0.01B,$0.06B,24.24%,$0.01B,$0.35B,3.50%,$0.02B,$0.21B,11.50%,$59,$40,$20,$2,$9,$50,$9,$-1,$8,$2,$5,$5,$5,$14,$9,$29,29,$0.19,$0.19,$40,$64,$0,$149,$161,$0,$36,$4,$201,$350,$59,$123,$16,$200,$259,$3,$22,$-16,$91,$350,$10,$9,$3,$12,$1,$-5,$0,$-0,$-8,$14,$-6,$0,$0,$0,$0,$0,$0,$-6,$-1,$0,$-1,$0,$0,$0,$-0,$-1,$8,$1,$0
38,2009-03-31,2.28,$2.47,0.92,$8.55,0.27,$-2.79,0.0,$0.30,7.6,$0.14B,$0.06B,2.42,$0.13B,$0.07B,1.76,$0.25B,$0.07B,28.51%,$0.25B,$0.02B,8.43%,$0.25B,$0.02B,8.43%,$0.25B,$0.04B,16.47%,$0.25B,$0.02B,6.02%,$0.25B,$0.01B,3.61%,$0.01B,$0.07B,9.68%,$0.01B,$0.04B,15.86%,$0.01B,$0.33B,2.55%,$0.02B,$0.20B,9.77%,$61,$42,$19,$2,$9,$53,$8,$-1,$7,$3,$5,$5,$5,$13,$8,$29,29,$0.16,$0.16,$32,$61,$0,$139,$154,$0,$34,$4,$192,$331,$57,$127,$16,$201,$259,$3,$17,$-29,$72,$331,$5,$5,$3,$8,$-1,$-4,$0,$-2,$-14,$-2,$-1,$0,$0,$0,$0,$0,$0,$-1,$3,$0,$3,$0,$0,$0,$-0,$3,$-1,$0,$0
39,2008-12-31,4.62,$2.56,1.8,$8.55,0.54,$-3.27,0.0,$0.29,15.93,$0.14B,$0.07B,2.15,$0.12B,$0.08B,1.66,$0.25B,$0.07B,29.72%,$0.25B,$0.02B,8.43%,$0.25B,$0.02B,8.43%,$0.25B,$0.04B,16.47%,$0.25B,$0.02B,6.02%,$0.25B,$0.01B,3.21%,$0.01B,$0.08B,7.64%,$0.01B,$0.04B,11.90%,$0.01B,$0.34B,2.16%,$0.02B,$0.20B,9.33%,$64,$48,$16,$2,$9,$62,$2,$-2,$0,$1,$-1,$-1,$-1,$7,$2,$29,29,$-0.04,$-0.04,$33,$61,$0,$139,$162,$0,$35,$5,$202,$341,$65,$124,$17,$202,$266,$3,$12,$-21,$75,$341,$8,$21,$10,$31,$6,$-9,$0,$6,$-34,$5,$-29,$0,$-1,$0,$0,$0,$0,$-31,$22,$0,$22,$0,$0,$0,$-0,$22,$-6,$2,$0
40,2008-09-30,6.15,$3.50,1.76,$8.79,0.7,$-3.39,0.0,$0.34,18.09,$0.14B,$0.06B,2.3,$0.12B,$0.10B,1.19,$0.26B,$0.08B,32.16%,$0.26B,$0.02B,9.02%,$0.26B,$0.02B,9.02%,$0.26B,$0.04B,16.86%,$0.26B,$0.02B,7.06%,$0.26B,$0.01B,3.53%,$0.01B,$0.10B,8.07%,$0.01B,$0.07B,12.12%,$0.01B,$0.35B,2.37%,$0.02B,$0.22B,10.17%,$58,$42,$16,$2,$9,$54,$5,$-1,$3,$0,$3,$3,$3,$10,$5,$29,29,$0.10,$0.10,$29,$70,$0,$141,$166,$0,$36,$6,$207,$349,$61,$121,$18,$185,$247,$3,$13,$6,$102,$349,$9,$16,$6,$23,$17,$-15,$0,$-3,$-34,$-3,$-23,$0,$-1,$0,$0,$0,$0,$-24,$19,$0,$19,$0,$0,$0,$0,$19,$-9,$2,$0
41,2008-06-30,5.87,$4.22,1.39,$8.68,0.68,$-3.06,0.0,$0.29,20.24,$0.16B,$0.08B,2.04,$0.12B,$0.12B,0.94,$0.25B,$0.09B,33.73%,$0.25B,$0.02B,8.33%,$0.25B,$0.02B,8.33%,$0.25B,$0.04B,16.27%,$0.25B,$0.02B,6.75%,$0.25B,$0.01B,2.78%,$0.01B,$0.12B,6.44%,$0.01B,$0.08B,9.76%,$0.01B,$0.39B,1.84%,$0.02B,$0.24B,9.66%,$66,$46,$20,$2,$11,$60,$6,$-1,$5,$3,$2,$2,$2,$11,$6,$29,29,$0.06,$0.06,$24,$77,$0,$159,$185,$0,$39,$6,$230,$389,$78,$116,$20,$188,$266,$3,$10,$30,$123,$389,$6,$10,$4,$14,$9,$-13,$0,$-6,$-32,$-12,$-16,$0,$-1,$0,$0,$0,$0,$-18,$14,$0,$14,$0,$0,$0,$-0,$14,$-14,$1,$0
42,2008-03-31,6.93,$4.09,1.69,$8.59,0.81,$-2.17,0.0,$0.31,22.35,$0.18B,$0.09B,1.93,$0.12B,$0.12B,1.01,$0.25B,$0.09B,35.74%,$0.25B,$0.02B,7.63%,$0.25B,$0.02B,7.63%,$0.25B,$0.04B,15.66%,$0.25B,$0.02B,6.43%,$0.25B,$0.01B,2.81%,$0.01B,$0.12B,7.16%,$0.01B,$0.08B,11.57%,$0.01B,$0.41B,1.90%,$0.02B,$0.24B,9.55%,$61,$39,$22,$2,$11,$53,$8,$-1,$7,$3,$4,$4,$4,$13,$8,$29,29,$0.15,$0.15,$40,$75,$0,$179,$181,$0,$39,$6,$227,$405,$93,$120,$22,$194,$286,$3,$8,$29,$119,$405,$4,$5,$2,$7,$5,$-11,$0,$-5,$-23,$-12,$-5,$0,$-1,$0,$0,$0,$-0,$-6,$18,$0,$18,$0,$0,$0,$-0,$18,$2,$0,$0
43,2007-12-31,8.38,$3.52,2.38,$8.82,0.95,$-1.78,0.0,$7.47,1.12,$0.17B,$0.10B,1.72,$0.10B,$0.10B,1.0,$0.25B,$0.09B,35.97%,$0.25B,$-0.01B,-2.77%,$0.25B,$-0.01B,-2.77%,$0.25B,$0.01B,5.14%,$0.25B,$-0.01B,-3.16%,$0.25B,$0.21B,82.21%,$0.21B,$0.10B,112.28%,$0.21B,$0.07B,139.13%,$0.21B,$0.37B,48.91%,$-0.01B,$0.20B,-2.73%,$70,$45,$24,$4,$12,$66,$4,$-1,$3,$2,$1,$1,$0,$9,$4,$29,29,$-0.14,$-0.14,$38,$61,$0,$165,$166,$0,$36,$7,$208,$373,$96,$102,$23,$176,$271,$3,$4,$16,$102,$373,$209,$20,$-203,$-183,$-5,$-6,$0,$2,$-27,$-1,$-26,$0,$466,$0,$0,$0,$1,$441,$-58,$0,$-58,$22,$22,$-402,$-0,$-438,$5,$3,$-402
44,2007-09-30,10.89,$3.13,3.48,$8.85,1.23,$-0.99,0.0,$6.51,1.67,$0.16B,$0.09B,1.76,$0.10B,$0.09B,1.07,$0.25B,$0.09B,35.74%,$0.25B,$-0.01B,-3.21%,$0.25B,$-0.01B,-3.21%,$0.25B,$0.01B,4.42%,$0.25B,$-0.01B,-3.21%,$0.25B,$0.18B,73.49%,$0.18B,$0.09B,82.62%,$0.18B,$0.06B,98.26%,$0.18B,$0.36B,37.85%,$-0.01B,$0.19B,-2.61%,$55,$36,$19,$3,$11,$51,$3,$-2,$2,$5,$-3,$-3,$1,$8,$3,$29,29,$0.05,$0.05,$45,$62,$0,$157,$157,$0,$35,$7,$199,$356,$89,$97,$19,$176,$265,$3,$4,$6,$91,$356,$209,$15,$-205,$-191,$9,$-8,$0,$-0,$-19,$-1,$-16,$0,$0,$0,$0,$0,$467,$452,$-62,$-0,$-62,$22,$22,$-402,$-0,$-443,$11,$5,$-402
45,2007-06-30,13.27,$2.75,4.83,$8.96,1.48,$-0.62,0.0,$6.31,2.1,$0.15B,$0.09B,1.62,$0.09B,$0.08B,1.08,$0.25B,$0.09B,36.44%,$0.25B,$-0.01B,-3.24%,$0.25B,$-0.01B,-3.24%,$0.25B,$0.01B,4.45%,$0.25B,$-0.01B,-2.83%,$0.25B,$0.18B,72.06%,$0.18B,$0.08B,67.94%,$0.18B,$0.04B,89.56%,$0.18B,$0.34B,32.36%,$-0.01B,$0.17B,-2.17%,$63,$39,$24,$3,$11,$59,$4,$0,$4,$2,$2,$2,$2,$9,$4,$29,29,$0.08,$0.08,$41,$60,$0,$151,$145,$0,$41,$0,$186,$337,$93,$86,$19,$164,$257,$3,$2,$-2,$79,$337,$207,$10,$-199,$-189,$9,$-8,$0,$0,$-9,$10,$-12,$0,$0,$0,$0,$0,$464,$452,$-73,$-0,$-73,$21,$21,$-402,$-0,$-455,$7,$5,$-402
46,2007-03-31,11.18,$16.48,0.68,$9.12,1.23,$-1.04,0.0,$6.27,1.78,$0.46B,$0.09B,5.19,$0.00B,$0.47B,0.0,$0.25B,$0.09B,35.77%,$0.25B,$-0.01B,-3.66%,$0.25B,$-0.01B,-3.66%,$0.25B,$0.01B,4.07%,$0.25B,$-0.01B,-3.25%,$0.25B,$0.18B,71.95%,$0.18B,$0.47B,57.70%,$0.18B,$0.44B,81.94%,$0.18B,$0.64B,28.45%,$-0.01B,$0.47B,-2.05%,$65,$41,$24,$3,$15,$84,$-18,$2,$-17,$-2,$-14,$-14,$205,$-13,$-18,$28,28,$7.31,$7.31,$345,$56,$0,$457,$142,$0,$33,$3,$178,$635,$88,$0,$16,$77,$165,$3,$233,$-5,$469,$635,$205,$5,$-204,$-199,$3,$-4,$0,$0,$-5,$1,$-6,$0,$0,$0,$0,$0,$460,$454,$-158,$-0,$-159,$16,$16,$-1,$-0,$-144,$311,$2,$-1
47,2006-12-31,10.31,$8.90,1.16,$8.79,1.17,$-0.96,0.0,$-1.07,0.0,$0.23B,$0.11B,2.1,$0.16B,$0.25B,0.64,$0.23B,$0.08B,35.47%,$0.23B,$0.01B,5.13%,$0.23B,$0.01B,5.13%,$0.23B,$0.03B,13.25%,$0.23B,$0.01B,2.99%,$0.23B,$-0.03B,-12.39%,$-0.03B,$0.25B,-11.53%,$-0.03B,$0.21B,-22.01%,$-0.03B,$0.61B,-4.73%,$0.01B,$0.41B,2.82%,$66,$44,$22,$3,$16,$64,$3,$0,$3,$4,$-1,$-1,$-25,$7,$3,$27,27,$-0.95,$-0.95,$34,$54,$0,$225,$142,$0,$33,$5,$382,$606,$107,$159,$16,$253,$360,$3,$29,$-6,$247,$606,$-30,$19,$50,$69,$-2,$-10,$0,$-9,$-5,$35,$-39,$0,$-1,$0,$0,$0,$-1,$-41,$-27,$0,$-27,$21,$21,$-3,$-0,$-9,$-12,$1,$-3
