,Date,Stock Price,Book Value per Share,Price to Book Ratio,TTM Sales per Share,Price to Sales Ratio,TTM FCF per Share,Price to FCF Ratio,TTM Net EPS,PE Ratio,Current Assets,Current Liabilities,Current Ratio,Long Term Debt,Shareholder's Equity_x,Debt to Equity Ratio,TTM Revenue_x,TTM Gross Profit,Gross Margin,TTM Revenue_y,TTM Operating Income,Operating Margin,TTM Revenue_x,TTM EBIT,EBIT Margin,TTM Revenue_y,TTM EBITDA,EBITDA Margin,TTM Revenue_x,TTM Pre-Tax Income,Pre-Tax Margin,TTM Revenue_y,TTM Net Income_x,Net Margin,TTM Net Income_y,Shareholder's Equity_y,Return on Equity,TTM Net Income_x,Tangible Equity,Return on Tangible Equity,TTM Net Income_y,Total Assets,Return on Assets,TTM Net Income,LT Investments & Debt,Return on Investment,revenue,cost-goods-sold,gross-profit,research-development-expenses,selling-general-administrative-expenses,operating-expenses,operating-income,total-non-operating-income-expense,pre-tax-income,total-provision-income-taxes,income-after-taxes,income-from-continuous-operations,net-income,ebitda,ebit,basic-shares-outstanding,shares-outstanding,eps-basic-net-earnings-per-share,eps-earnings-per-share-diluted,cash-on-hand,inventory,other-current-assets,total-current-assets,net-property-plant-equipment,long-term-investments,goodwill-intangible-assets-total,other-long-term-assets,total-long-term-assets,total-assets,total-current-liabilities,long-term-debt,other-non-current-liabilities,total-long-term-liabilities,total-liabilities,common-stock-net,retained-earnings-accumulated-deficit,comprehensive-income,total-share-holder-equity,total-liabilities-share-holders-equity,net-income-loss,total-depreciation-amortization-cash-flow,other-non-cash-items,total-non-cash-items,change-in-accounts-receivable,change-in-inventories,change-in-accounts-payable,change-in-assets-liabilities,total-change-in-assets-liabilities,cash-flow-from-operating-activities,net-change-in-property-plant-equipment,net-change-in-intangible-assets,net-acquisitions-divestitures,net-change-in-short-term-investments,net-change-in-long-term-investments,net-change-in-investments-total,investing-activities-other,cash-flow-from-investing-activities,net-long-term-debt,net-current-debt,debt-issuance-retirement-net-total,net-common-equity-issued-repurchased,net-total-equity-issued-repurchased,total-common-preferred-stock-dividends-paid,financial-activities-other,cash-flow-from-financial-activities,net-cash-flow,stock-based-compensation,common-stock-dividends-paid
0,2018-09-30,80.0,$45.92,1.74,$13.74,5.82,$4.84,16.51,$1.82,43.96,$1.34B,$0.12B,10.74,$0.00B,$1.81B,0.0,$0.44B,$0.30B,68.48%,$0.44B,$0.12B,28.12%,$0.44B,$0.12B,28.12%,$0.44B,$0.14B,32.65%,$0.44B,$0.14B,32.20%,$0.44B,$0.07B,15.19%,$0.07B,$1.81B,5.43%,$0.07B,$1.41B,7.29%,$0.07B,$1.97B,4.79%,$0.12B,$1.81B,10.05%,$119,$38,$81,$3,$50,$90,$29,$5,$34,$-4,$38,$38,$33,$35,$29,$34,34,$0.94,$0.94,$953,$234,$0,$1335,$178,$15,$395,$11,$640,$1974,$124,$0,$40,$43,$167,$0,$600,$-49,$1807,$1974,$109,$18,$18,$36,$-48,$-34,$3,$8,$-74,$71,$-26,$-1,$98,$-28,$-729,$-757,$0,$-686,$0,$0,$0,$591,$591,$-10,$0,$581,$-33,$28,$-10
1,2018-06-30,99.33,$39.80,2.5,$13.85,7.17,$5.15,19.29,$1.99,49.91,$0.73B,$0.12B,6.25,$0.00B,$1.23B,0.0,$0.42B,$0.29B,68.25%,$0.42B,$0.13B,31.52%,$0.42B,$0.13B,31.52%,$0.42B,$0.15B,35.55%,$0.42B,$0.15B,35.31%,$0.42B,$0.07B,15.64%,$0.07B,$1.23B,6.96%,$0.07B,$0.82B,9.09%,$0.07B,$1.40B,6.04%,$0.13B,$1.23B,14.02%,$120,$38,$83,$2,$45,$85,$36,$5,$41,$7,$34,$34,$29,$43,$36,$33,33,$0.84,$0.83,$366,$230,$0,$728,$183,$16,$418,$10,$672,$1401,$117,$0,$48,$51,$167,$0,$567,$-2,$1234,$1401,$72,$12,$12,$23,$-30,$-21,$-1,$5,$-49,$46,$-18,$-1,$98,$-215,$-207,$-422,$174,$-169,$0,$0,$0,$1,$1,$0,$0,$1,$-116,$20,$0
2,2018-03-31,81.0,$37.10,2.18,$13.49,6.01,$5.10,15.89,$2.25,36.0,$0.77B,$0.12B,6.52,$0.00B,$1.23B,0.0,$0.39B,$0.26B,67.52%,$0.39B,$0.14B,34.78%,$0.39B,$0.14B,34.78%,$0.39B,$0.15B,38.36%,$0.39B,$0.15B,38.36%,$0.39B,$0.07B,17.39%,$0.07B,$1.23B,8.56%,$0.07B,$0.81B,10.15%,$0.07B,$1.41B,7.38%,$0.14B,$1.23B,17.13%,$112,$34,$79,$2,$38,$73,$39,$5,$44,$7,$38,$38,$32,$44,$39,$33,33,$0.93,$0.92,$367,$232,$0,$766,$192,$17,$421,$10,$641,$1406,$118,$0,$54,$57,$175,$0,$538,$36,$1232,$1406,$38,$5,$6,$11,$-16,$-11,$-2,$2,$-25,$23,$-11,$-0,$98,$-82,$40,$-42,$-180,$-136,$0,$0,$0,$0,$0,$0,$0,$0,$-101,$9,$0
3,2017-12-31,78.77,$24.06,3.27,$13.44,5.86,$4.88,16.15,$2.39,32.96,$0.59B,$0.10B,6.08,$0.00B,$0.66B,0.0,$0.37B,$0.24B,65.95%,$0.37B,$0.14B,36.76%,$0.37B,$0.14B,36.76%,$0.37B,$0.15B,40.00%,$0.37B,$0.15B,39.73%,$0.37B,$0.07B,17.84%,$0.07B,$0.66B,10.54%,$0.07B,$0.64B,10.97%,$0.07B,$0.81B,8.99%,$0.14B,$0.66B,21.72%,$90,$31,$59,$2,$38,$71,$20,$3,$23,$45,$-22,$-22,$-27,$22,$20,$27,28,$-0.88,$-0.88,$242,$210,$0,$593,$167,$15,$25,$9,$216,$809,$98,$0,$44,$47,$145,$0,$506,$8,$664,$809,$82,$13,$30,$43,$-40,$-42,$1,$52,$-23,$102,$-37,$-1,$0,$0,$-23,$-23,$0,$-61,$0,$-0,$-0,$1,$1,$-19,$0,$-18,$36,$34,$-19
4,2017-09-30,92.27,$24.09,3.83,$13.03,7.08,$5.26,17.54,$3.97,23.24,$0.51B,$0.08B,6.45,$0.00B,$0.67B,0.0,$0.36B,$0.23B,64.80%,$0.36B,$0.14B,38.83%,$0.36B,$0.14B,38.83%,$0.36B,$0.15B,43.02%,$0.36B,$0.15B,42.46%,$0.36B,$0.11B,31.01%,$0.11B,$0.67B,18.80%,$0.11B,$0.64B,19.59%,$0.11B,$0.75B,16.25%,$0.14B,$0.67B,23.54%,$100,$32,$67,$1,$28,$62,$38,$3,$41,$6,$35,$35,$32,$41,$38,$27,28,$1.11,$1.11,$216,$199,$0,$507,$155,$14,$25,$8,$247,$754,$79,$0,$7,$10,$89,$0,$531,$-3,$665,$754,$104,$10,$20,$30,$-38,$-34,$-0,$7,$-62,$73,$-28,$-1,$0,$0,$0,$0,$0,$-28,$0,$-0,$-0,$1,$1,$-19,$0,$-18,$33,$25,$-19
5,2017-06-30,113.1,$22.58,5.01,$12.60,8.98,$5.35,21.14,$3.87,29.22,$0.49B,$0.09B,5.21,$0.00B,$0.62B,0.0,$0.35B,$0.22B,64.93%,$0.35B,$0.14B,40.87%,$0.35B,$0.14B,40.87%,$0.35B,$0.16B,44.93%,$0.35B,$0.15B,44.64%,$0.35B,$0.11B,31.01%,$0.11B,$0.62B,18.90%,$0.11B,$0.59B,19.73%,$0.11B,$0.72B,16.29%,$0.14B,$0.62B,24.91%,$89,$30,$59,$2,$18,$50,$39,$2,$42,$7,$35,$35,$31,$43,$39,$27,27,$1.10,$1.09,$223,$183,$0,$485,$145,$13,$24,$6,$233,$718,$93,$0,$7,$10,$103,$0,$500,$-13,$615,$718,$69,$7,$14,$21,$-26,$-23,$0,$-5,$-53,$37,$-16,$-1,$0,$0,$0,$0,$0,$-17,$0,$14,$14,$1,$1,$0,$0,$15,$39,$16,$0
6,2017-03-31,100.13,$20.62,4.86,$12.72,7.87,$5.76,17.38,$3.88,25.81,$0.43B,$0.08B,5.14,$0.00B,$0.56B,0.0,$0.35B,$0.23B,64.84%,$0.35B,$0.15B,41.79%,$0.35B,$0.15B,41.79%,$0.35B,$0.16B,45.53%,$0.35B,$0.16B,44.96%,$0.35B,$0.11B,30.55%,$0.11B,$0.56B,19.41%,$0.11B,$0.54B,20.30%,$0.11B,$0.66B,16.81%,$0.15B,$0.56B,26.54%,$91,$32,$59,$1,$19,$53,$39,$2,$41,$7,$34,$34,$30,$42,$39,$27,27,$1.07,$1.06,$197,$166,$0,$433,$138,$12,$23,$6,$222,$655,$84,$0,$7,$10,$95,$0,$468,$-23,$561,$655,$34,$3,$7,$11,$-18,$-9,$0,$-8,$-32,$13,$-9,$-0,$0,$0,$0,$0,$0,$-9,$0,$9,$9,$0,$0,$0,$0,$9,$14,$8,$0
7,2016-12-31,107.52,$19.18,5.61,$12.54,8.57,$6.00,17.91,$3.76,28.6,$0.39B,$0.07B,5.3,$0.00B,$0.52B,0.0,$0.34B,$0.22B,63.74%,$0.34B,$0.14B,42.11%,$0.34B,$0.14B,42.11%,$0.34B,$0.16B,45.61%,$0.34B,$0.15B,45.03%,$0.34B,$0.10B,29.82%,$0.10B,$0.52B,19.17%,$0.10B,$0.50B,20.09%,$0.10B,$0.61B,16.73%,$0.14B,$0.52B,27.07%,$78,$31,$47,$4,$20,$54,$23,$4,$28,$4,$23,$23,$18,$28,$23,$27,27,$0.69,$0.69,$184,$156,$0,$389,$132,$11,$23,$6,$216,$605,$73,$0,$7,$10,$84,$0,$438,$-25,$521,$605,$129,$13,$18,$31,$-11,$-40,$3,$5,$-36,$123,$-49,$-2,$0,$0,$0,$0,$-2,$-53,$0,$38,$38,$4,$4,$-8,$-55,$-22,$39,$24,$-8
8,2016-09-30,124.48,$20.89,5.96,$12.26,10.15,$5.97,20.86,$3.64,34.2,$0.44B,$0.07B,6.01,$0.00B,$0.57B,0.0,$0.33B,$0.21B,63.86%,$0.33B,$0.14B,43.37%,$0.33B,$0.14B,43.37%,$0.33B,$0.15B,46.08%,$0.33B,$0.15B,45.18%,$0.33B,$0.10B,29.82%,$0.10B,$0.57B,19.09%,$0.10B,$0.54B,20.04%,$0.10B,$0.65B,16.60%,$0.14B,$0.57B,27.77%,$87,$28,$59,$1,$18,$47,$40,$3,$43,$7,$35,$35,$28,$42,$40,$27,27,$1.02,$1.01,$203,$147,$1,$435,$134,$10,$24,$2,$215,$650,$72,$0,$7,$11,$83,$0,$419,$-12,$567,$650,$106,$8,$15,$23,$-16,$-24,$-2,$-4,$-41,$87,$-41,$-2,$0,$0,$0,$0,$-2,$-44,$0,$38,$38,$3,$3,$-8,$-14,$20,$58,$16,$-8
9,2016-06-30,106.32,$19.98,5.32,$12.00,8.86,$5.98,17.78,$3.45,30.82,$0.41B,$0.06B,6.28,$0.00B,$0.54B,0.0,$0.32B,$0.20B,62.96%,$0.32B,$0.14B,42.90%,$0.32B,$0.14B,42.90%,$0.32B,$0.15B,45.68%,$0.32B,$0.14B,44.14%,$0.32B,$0.09B,28.70%,$0.09B,$0.54B,19.01%,$0.09B,$0.51B,19.91%,$0.09B,$0.61B,16.43%,$0.14B,$0.54B,28.41%,$91,$31,$60,$1,$16,$48,$43,$1,$44,$7,$37,$37,$30,$46,$43,$27,27,$1.12,$1.10,$204,$136,$5,$405,$126,$9,$24,$2,$207,$612,$64,$0,$8,$12,$76,$0,$391,$-9,$536,$612,$70,$5,$9,$14,$-14,$-12,$-3,$-2,$-27,$57,$-25,$-1,$0,$0,$0,$0,$0,$-26,$0,$38,$38,$2,$2,$-8,$0,$32,$59,$9,$-8
10,2016-03-31,114.48,$18.96,6.04,$11.64,9.84,$5.51,20.76,$3.34,34.28,$0.37B,$0.06B,6.57,$0.00B,$0.50B,0.0,$0.31B,$0.20B,62.82%,$0.31B,$0.14B,43.59%,$0.31B,$0.14B,43.59%,$0.31B,$0.14B,46.15%,$0.31B,$0.14B,44.55%,$0.31B,$0.09B,28.85%,$0.09B,$0.50B,19.50%,$0.09B,$0.48B,20.37%,$0.09B,$0.57B,16.69%,$0.14B,$0.50B,29.47%,$86,$34,$52,$1,$13,$48,$38,$1,$39,$7,$33,$33,$26,$40,$38,$27,27,$0.96,$0.94,$180,$131,$10,$374,$116,$9,$25,$3,$199,$572,$57,$0,$7,$11,$68,$0,$360,$2,$504,$572,$33,$2,$4,$6,$-5,$-4,$-4,$-6,$-15,$24,$-14,$-1,$0,$0,$0,$0,$-5,$-20,$0,$38,$38,$0,$0,$-8,$0,$30,$35,$5,$-8
11,2015-12-31,142.46,$17.57,8.11,$11.18,12.74,$5.43,26.23,$3.27,43.57,$0.37B,$0.07B,5.15,$0.00B,$0.47B,0.0,$0.30B,$0.19B,64.19%,$0.30B,$0.13B,44.93%,$0.30B,$0.13B,44.93%,$0.30B,$0.14B,47.64%,$0.30B,$0.14B,45.61%,$0.30B,$0.09B,29.39%,$0.09B,$0.47B,21.12%,$0.09B,$0.44B,21.98%,$0.09B,$0.55B,17.19%,$0.13B,$0.47B,32.28%,$68,$27,$41,$2,$17,$46,$23,$1,$24,$3,$20,$20,$15,$25,$23,$26,27,$0.58,$0.59,$183,$126,$10,$369,$105,$9,$24,$5,$182,$551,$72,$0,$8,$13,$85,$0,$334,$-0,$467,$551,$114,$9,$15,$24,$-7,$-32,$5,$7,$-29,$109,$-38,$-14,$0,$0,$0,$0,$-38,$-90,$-66,$32,$-35,$88,$88,$-4,$2,$52,$64,$12,$-4
12,2015-09-30,89.82,$16.95,5.3,$10.87,8.26,$5.72,15.69,$3.16,28.42,$0.36B,$0.07B,5.49,$0.00B,$0.45B,0.0,$0.29B,$0.19B,65.03%,$0.29B,$0.13B,45.45%,$0.29B,$0.13B,45.45%,$0.29B,$0.14B,48.25%,$0.29B,$0.14B,48.25%,$0.29B,$0.09B,29.72%,$0.09B,$0.45B,23.35%,$0.09B,$0.44B,24.23%,$0.09B,$0.53B,17.70%,$0.13B,$0.45B,34.76%,$79,$28,$51,$2,$14,$44,$35,$1,$36,$6,$30,$30,$22,$37,$35,$26,27,$0.86,$0.82,$181,$123,$0,$364,$97,$9,$15,$15,$165,$529,$66,$0,$8,$13,$79,$0,$317,$8,$450,$529,$94,$7,$9,$16,$-16,$-26,$1,$5,$-37,$72,$-26,$-4,$0,$0,$0,$0,$-26,$-56,$-98,$63,$-35,$88,$88,$-4,$0,$50,$62,$8,$-4
13,2015-06-30,115.16,$16.55,6.96,$10.63,10.83,$5.95,19.35,$3.10,37.15,$0.37B,$0.07B,5.41,$0.00B,$0.43B,0.0,$0.28B,$0.18B,65.94%,$0.28B,$0.13B,47.10%,$0.28B,$0.13B,47.10%,$0.28B,$0.14B,50.00%,$0.28B,$0.14B,49.64%,$0.28B,$0.08B,30.07%,$0.08B,$0.43B,26.27%,$0.08B,$0.41B,27.37%,$0.08B,$0.51B,18.18%,$0.13B,$0.43B,38.69%,$79,$27,$52,$1,$11,$39,$40,$0,$40,$6,$34,$34,$27,$42,$40,$25,26,$1.05,$0.99,$179,$127,$0,$372,$91,$10,$16,$16,$133,$505,$69,$0,$8,$11,$79,$0,$295,$20,$425,$505,$64,$5,$5,$10,$-19,$-25,$10,$-4,$-39,$35,$-16,$-4,$0,$0,$0,$0,$0,$-20,$0,$-66,$-66,$81,$81,$-4,$0,$12,$26,$4,$-4
14,2015-03-31,95.51,$12.33,7.75,$10.06,9.49,$6.42,14.89,$2.90,32.93,$0.31B,$0.12B,2.51,$0.00B,$0.31B,0.0,$0.26B,$0.17B,66.54%,$0.26B,$0.12B,46.30%,$0.26B,$0.12B,46.30%,$0.26B,$0.13B,49.42%,$0.26B,$0.13B,49.81%,$0.26B,$0.08B,29.57%,$0.08B,$0.31B,27.02%,$0.08B,$0.30B,28.25%,$0.08B,$0.44B,17.18%,$0.12B,$0.31B,37.33%,$70,$24,$46,$1,$10,$36,$35,$1,$35,$6,$30,$30,$23,$37,$35,$25,26,$0.91,$0.87,$158,$103,$0,$308,$86,$18,$12,$16,$132,$440,$123,$0,$8,$11,$134,$0,$268,$19,$306,$440,$30,$2,$3,$5,$-9,$-2,$0,$-7,$-18,$17,$-8,$0,$0,$0,$0,$0,$0,$-8,$0,$0,$0,$0,$0,$-3,$0,$-2,$5,$2,$-3
15,2014-12-31,67.23,$11.10,6.06,$9.51,7.07,$6.31,10.66,$2.73,24.63,$0.28B,$0.12B,2.32,$0.04B,$0.28B,0.15,$0.24B,$0.16B,67.49%,$0.24B,$0.11B,46.09%,$0.24B,$0.11B,46.09%,$0.24B,$0.12B,49.38%,$0.24B,$0.12B,50.21%,$0.24B,$0.07B,29.22%,$0.07B,$0.28B,26.42%,$0.07B,$0.26B,27.73%,$0.07B,$0.45B,16.28%,$0.11B,$0.32B,34.59%,$58,$21,$37,$-1,$13,$38,$20,$7,$27,$10,$17,$17,$13,$22,$20,$24,26,$0.50,$0.47,$144,$101,$0,$280,$80,$18,$12,$56,$167,$447,$121,$40,$8,$51,$172,$0,$245,$20,$275,$447,$96,$8,$4,$12,$-2,$-13,$0,$-5,$-14,$94,$-17,$-5,$0,$7,$0,$7,$2,$-13,$36,$-52,$-16,$-33,$-33,$-9,$-85,$-143,$-63,$5,$-9
16,2014-09-30,53.96,$10.48,5.15,$8.80,6.13,$5.29,10.2,$2.57,21.0,$0.28B,$0.13B,2.14,$0.04B,$0.26B,0.16,$0.23B,$0.15B,67.54%,$0.23B,$0.10B,45.61%,$0.23B,$0.10B,45.61%,$0.23B,$0.11B,49.12%,$0.23B,$0.11B,47.81%,$0.23B,$0.07B,28.95%,$0.07B,$0.26B,23.91%,$0.07B,$0.25B,24.98%,$0.07B,$0.43B,15.52%,$0.10B,$0.30B,31.66%,$69,$22,$47,$2,$10,$34,$35,$1,$35,$7,$28,$28,$20,$37,$35,$25,26,$0.80,$0.76,$138,$97,$0,$275,$79,$13,$14,$53,$158,$434,$128,$40,$4,$47,$175,$0,$232,$19,$258,$434,$79,$6,$2,$8,$-8,$-9,$0,$-8,$-22,$64,$-14,$-3,$0,$7,$0,$7,$2,$-8,$-11,$13,$2,$-35,$-35,$-6,$-86,$-125,$-70,$3,$-6
17,2014-06-30,44.47,$12.16,3.66,$8.06,5.51,$4.85,9.17,$2.34,19.0,$0.26B,$0.09B,3.05,$0.07B,$0.29B,0.24,$0.21B,$0.14B,67.45%,$0.21B,$0.09B,43.40%,$0.21B,$0.09B,43.40%,$0.21B,$0.10B,47.17%,$0.21B,$0.10B,46.70%,$0.21B,$0.06B,28.77%,$0.06B,$0.29B,21.38%,$0.06B,$0.27B,22.24%,$0.06B,$0.45B,14.80%,$0.09B,$0.36B,27.44%,$60,$19,$41,$2,$10,$31,$29,$2,$31,$4,$27,$27,$20,$31,$29,$23,25,$0.83,$0.79,$134,$95,$0,$262,$77,$13,$14,$84,$187,$449,$86,$70,$4,$77,$163,$0,$212,$19,$286,$449,$51,$4,$1,$4,$-7,$-7,$-0,$-2,$-16,$39,$-10,$-1,$0,$7,$0,$7,$2,$-3,$70,$-77,$-7,$-68,$-68,$-1,$1,$-76,$-41,$2,$-1
18,2014-03-31,34.75,$10.93,3.18,$7.54,4.61,$4.61,7.55,$2.13,16.31,$0.23B,$0.08B,2.84,$0.07B,$0.26B,0.27,$0.21B,$0.14B,67.48%,$0.21B,$0.09B,42.72%,$0.21B,$0.09B,42.72%,$0.21B,$0.10B,46.60%,$0.21B,$0.10B,46.12%,$0.21B,$0.06B,27.67%,$0.06B,$0.26B,19.67%,$0.06B,$0.24B,20.39%,$0.06B,$0.41B,14.67%,$0.09B,$0.33B,27.31%,$56,$18,$39,$1,$9,$28,$28,$1,$29,$5,$24,$24,$18,$30,$28,$25,26,$0.72,$0.69,$108,$91,$0,$231,$75,$12,$13,$84,$183,$414,$81,$70,$4,$77,$158,$0,$192,$19,$256,$414,$24,$2,$2,$3,$-6,$-3,$-1,$-6,$-16,$12,$-6,$-1,$0,$7,$0,$7,$2,$1,$-2,$-5,$-7,$-70,$-70,$-1,$0,$-78,$-67,$1,$-1
19,2013-12-31,28.85,$11.75,2.45,$7.33,3.94,$5.01,5.76,$1.96,14.72,$0.26B,$0.06B,4.17,$0.03B,$0.30B,0.1,$0.20B,$0.14B,67.16%,$0.20B,$0.09B,42.16%,$0.20B,$0.09B,42.16%,$0.20B,$0.09B,46.08%,$0.20B,$0.09B,45.59%,$0.20B,$0.05B,26.47%,$0.05B,$0.30B,18.29%,$0.05B,$0.30B,18.88%,$0.05B,$0.40B,14.69%,$0.09B,$0.33B,27.72%,$43,$16,$27,$1,$13,$30,$12,$2,$14,$2,$12,$12,$8,$14,$12,$26,28,$0.35,$0.33,$151,$89,$0,$264,$73,$11,$8,$47,$139,$404,$63,$30,$3,$36,$100,$0,$174,$22,$304,$404,$77,$7,$3,$10,$-6,$-10,$2,$2,$-13,$74,$-20,$-1,$0,$0,$-7,$-7,$3,$-26,$30,$-28,$2,$-24,$-24,$-17,$1,$-39,$15,$5,$-17
20,2013-09-30,29.21,$11.53,2.53,$7.05,4.14,$5.19,5.63,$1.85,15.79,$0.24B,$0.05B,4.85,$0.03B,$0.30B,0.1,$0.20B,$0.13B,68.72%,$0.20B,$0.09B,45.13%,$0.20B,$0.09B,45.13%,$0.20B,$0.10B,49.23%,$0.20B,$0.09B,48.21%,$0.20B,$0.05B,26.67%,$0.05B,$0.30B,18.34%,$0.05B,$0.29B,18.98%,$0.05B,$0.38B,15.11%,$0.09B,$0.33B,30.24%,$53,$17,$36,$1,$12,$30,$23,$2,$25,$5,$20,$20,$15,$25,$23,$26,27,$0.55,$0.53,$131,$84,$0,$244,$67,$12,$10,$49,$137,$382,$50,$30,$3,$36,$87,$0,$165,$20,$295,$382,$65,$6,$3,$9,$-11,$-6,$1,$-0,$-15,$58,$-17,$-1,$0,$0,$0,$0,$1,$-17,$0,$-3,$-3,$-27,$-27,$-11,$-2,$-43,$2,$4,$-11
21,2013-06-30,23.19,$11.27,2.06,$7.08,3.28,$5.80,4.0,$1.82,12.74,$0.25B,$0.04B,5.78,$0.00B,$0.30B,0.0,$0.20B,$0.13B,68.72%,$0.20B,$0.09B,43.59%,$0.20B,$0.09B,43.59%,$0.20B,$0.09B,48.21%,$0.20B,$0.09B,46.67%,$0.20B,$0.05B,26.15%,$0.05B,$0.30B,18.78%,$0.05B,$0.29B,19.47%,$0.05B,$0.35B,15.68%,$0.09B,$0.30B,31.31%,$54,$16,$37,$1,$11,$28,$25,$1,$27,$4,$23,$23,$16,$27,$25,$27,28,$0.60,$0.57,$147,$81,$0,$251,$62,$11,$9,$19,$102,$354,$44,$0,$3,$6,$50,$0,$150,$19,$304,$354,$45,$4,$3,$7,$-6,$-4,$0,$-3,$-14,$38,$-12,$-1,$0,$0,$0,$0,$1,$-12,$0,$-3,$-3,$3,$3,$-8,$-2,$-11,$18,$3,$-8
22,2013-03-31,27.73,$10.35,2.68,$7.06,3.93,$5.88,4.72,$1.70,16.31,$0.24B,$0.05B,5.17,$0.00B,$0.28B,0.0,$0.19B,$0.13B,68.59%,$0.19B,$0.08B,42.41%,$0.19B,$0.08B,42.41%,$0.19B,$0.09B,47.12%,$0.19B,$0.09B,45.55%,$0.19B,$0.05B,25.13%,$0.05B,$0.28B,19.01%,$0.05B,$0.27B,19.77%,$0.05B,$0.33B,15.75%,$0.08B,$0.28B,32.08%,$54,$17,$37,$1,$11,$28,$26,$1,$27,$5,$22,$22,$15,$28,$26,$27,28,$0.55,$0.53,$139,$77,$0,$236,$55,$11,$9,$19,$94,$330,$46,$0,$3,$6,$52,$0,$134,$15,$278,$330,$22,$2,$2,$4,$-3,$-1,$0,$-1,$-4,$22,$-5,$-1,$0,$0,$0,$0,$0,$-6,$0,$-3,$-3,$2,$2,$-4,$-2,$-8,$9,$2,$-4
23,2012-12-31,16.31,$9.67,1.69,$6.91,2.36,$5.49,2.97,$1.61,10.13,$0.22B,$0.05B,4.66,$0.00B,$0.26B,0.0,$0.18B,$0.13B,68.48%,$0.18B,$0.07B,40.22%,$0.18B,$0.07B,40.22%,$0.18B,$0.08B,45.11%,$0.18B,$0.08B,44.02%,$0.18B,$0.05B,25.00%,$0.05B,$0.26B,19.76%,$0.05B,$0.25B,20.70%,$0.05B,$0.31B,16.10%,$0.07B,$0.26B,31.79%,$34,$10,$24,$1,$9,$20,$14,$1,$15,$5,$10,$10,$6,$16,$14,$26,27,$0.21,$0.22,$130,$76,$0,$222,$51,$11,$9,$18,$89,$311,$48,$0,$3,$6,$54,$0,$119,$14,$257,$311,$66,$9,$2,$11,$6,$-4,$-2,$-5,$-6,$71,$-14,$-14,$0,$0,$0,$0,$1,$-27,$0,$-3,$-3,$5,$5,$-7,$0,$-5,$40,$5,$-7
24,2012-09-30,9.5,$9.31,1.02,$6.98,1.36,$4.50,2.11,$1.69,5.62,$0.22B,$0.06B,3.94,$0.00B,$0.25B,0.0,$0.19B,$0.13B,68.28%,$0.19B,$0.07B,37.63%,$0.19B,$0.07B,37.63%,$0.19B,$0.08B,41.40%,$0.19B,$0.07B,39.78%,$0.19B,$0.05B,24.19%,$0.05B,$0.25B,21.10%,$0.05B,$0.24B,22.28%,$0.05B,$0.31B,16.65%,$0.07B,$0.25B,32.83%,$53,$17,$36,$1,$15,$33,$20,$2,$22,$3,$18,$18,$14,$23,$20,$27,27,$0.51,$0.50,$134,$68,$0,$224,$39,$10,$10,$23,$82,$306,$57,$0,$0,$1,$58,$0,$113,$14,$247,$306,$56,$7,$-1,$6,$2,$4,$-1,$-1,$3,$65,$-7,$-1,$0,$-3,$0,$-3,$-12,$-23,$0,$-0,$-0,$5,$5,$-4,$0,$0,$42,$3,$-4
25,2012-06-30,9.37,$8.58,1.09,$6.63,1.41,$3.16,2.96,$0.82,11.43,$0.20B,$0.04B,4.8,$0.00B,$0.23B,0.0,$0.17B,$0.12B,68.39%,$0.17B,$0.04B,23.56%,$0.17B,$0.04B,23.56%,$0.17B,$0.05B,25.86%,$0.17B,$0.05B,26.44%,$0.17B,$0.02B,12.64%,$0.02B,$0.23B,11.25%,$0.02B,$0.22B,11.97%,$0.02B,$0.27B,8.69%,$0.04B,$0.23B,20.97%,$50,$16,$34,$1,$12,$29,$21,$2,$23,$3,$20,$20,$13,$23,$21,$26,27,$0.50,$0.46,$106,$70,$0,$203,$40,$10,$11,$8,$69,$272,$42,$0,$0,$2,$44,$0,$100,$14,$228,$272,$37,$4,$-1,$3,$-5,$2,$-2,$-2,$-8,$32,$-5,$-1,$0,$-1,$0,$-1,$1,$-7,$0,$-11,$-11,$5,$5,$-4,$0,$-11,$15,$2,$-4
26,2012-03-31,9.28,$7.77,1.19,$6.29,1.48,$2.44,3.81,$0.64,14.5,$0.19B,$0.05B,3.5,$0.00B,$0.20B,0.0,$0.17B,$0.11B,68.67%,$0.17B,$0.04B,22.29%,$0.17B,$0.04B,22.29%,$0.17B,$0.04B,25.90%,$0.17B,$0.05B,29.52%,$0.17B,$0.03B,15.66%,$0.03B,$0.20B,14.13%,$0.03B,$0.19B,15.69%,$0.03B,$0.25B,10.42%,$0.04B,$0.20B,20.11%,$47,$16,$32,$1,$12,$28,$19,$2,$21,$3,$18,$18,$13,$21,$19,$26,27,$0.51,$0.44,$85,$71,$0,$187,$41,$9,$12,$5,$67,$254,$53,$0,$0,$2,$55,$0,$87,$14,$199,$254,$18,$2,$-1,$1,$-8,$1,$-1,$-1,$-10,$8,$-2,$-0,$0,$0,$0,$0,$0,$-3,$0,$-6,$-6,$0,$0,$-4,$0,$-11,$-4,$1,$-4
27,2011-12-31,10.46,$6.99,1.5,$5.85,1.79,$2.26,4.62,$0.43,24.33,$0.18B,$0.07B,2.71,$0.00B,$0.18B,0.0,$0.15B,$0.11B,69.93%,$0.15B,$0.03B,21.57%,$0.15B,$0.03B,21.57%,$0.15B,$0.04B,26.14%,$0.15B,$0.04B,27.45%,$0.15B,$0.02B,12.42%,$0.02B,$0.18B,11.16%,$0.02B,$0.17B,13.04%,$0.02B,$0.25B,7.87%,$0.03B,$0.18B,19.38%,$36,$10,$25,$2,$14,$26,$10,$-2,$8,$0,$8,$8,$5,$10,$10,$25,27,$0.17,$0.23,$89,$71,$0,$184,$43,$8,$12,$2,$65,$249,$68,$0,$2,$2,$70,$0,$74,$13,$179,$249,$31,$29,$-5,$25,$-6,$-17,$0,$6,$-18,$38,$-8,$-0,$0,$0,$0,$0,$1,$-7,$0,$8,$8,$0,$0,$-10,$-8,$-10,$24,$5,$-10
28,2011-09-30,6.81,$6.89,0.99,$5.99,1.14,$2.29,2.97,0,0.0,$0.17B,$0.06B,2.86,$0.00B,$0.18B,0.0,$0.15B,$0.11B,68.63%,$0.15B,$0.04B,24.18%,$0.15B,$0.04B,24.18%,$0.15B,$0.05B,30.72%,$0.15B,$0.04B,22.88%,$0.15B,$0.01B,5.23%,$0.01B,$0.18B,4.95%,$0.01B,$0.16B,6.11%,$0.01B,$0.24B,3.41%,$0.04B,$0.18B,22.87%,$41,$14,$28,$1,$12,$51,$-9,$4,$-6,$1,$-7,$-7,$-9,$-9,$-9,$26,26,$-0.37,$-0.37,$80,$66,$0,$172,$40,$8,$12,$6,$66,$238,$60,$0,$0,$2,$62,$0,$69,$12,$176,$238,$0,$0,$0,$0,$0,$0,$0,$0,$0,$26,$-6,$-0,$0,$0,$0,$0,$1,$-6,$0,$8,$8,$0,$0,$-8,$-8,$-8,$15,$0,$-8
29,2011-06-30,10.2,$7.11,1.43,$5.73,1.78,$2.46,4.15,$0.90,11.33,$0.17B,$0.07B,2.34,$0.00B,$0.18B,0.0,$0.15B,$0.10B,70.27%,$0.15B,$0.07B,43.92%,$0.15B,$0.07B,43.92%,$0.15B,$0.08B,52.03%,$0.15B,$0.06B,42.57%,$0.15B,$0.03B,20.95%,$0.03B,$0.18B,20.43%,$0.03B,$0.15B,26.72%,$0.03B,$0.26B,13.73%,$0.07B,$0.18B,42.83%,$42,$13,$29,$1,$11,$24,$17,$9,$26,$5,$21,$21,$17,$21,$17,$25,27,$0.67,$0.28,$77,$63,$0,$166,$40,$8,$36,$6,$91,$257,$71,$0,$0,$4,$75,$0,$79,$11,$182,$257,$31,$8,$-11,$-4,$-10,$-9,$1,$1,$-15,$12,$-5,$-0,$0,$0,$0,$0,$0,$-5,$0,$15,$15,$0,$0,$-6,$-8,$2,$12,$2,$-6
30,2011-03-31,15.96,$5.91,2.7,$5.71,2.79,$2.66,5.99,$1.10,14.51,$0.13B,$0.07B,1.81,$0.00B,$0.14B,0.0,$0.15B,$0.11B,72.79%,$0.15B,$0.07B,48.30%,$0.15B,$0.07B,48.30%,$0.15B,$0.08B,55.10%,$0.15B,$0.06B,42.18%,$0.15B,$0.03B,18.37%,$0.03B,$0.14B,19.85%,$0.03B,$0.11B,26.60%,$0.03B,$0.22B,12.98%,$0.07B,$0.14B,52.21%,$34,$9,$25,$1,$10,$20,$15,$-0,$14,$4,$10,$10,$6,$18,$15,$24,26,$0.26,$0.23,$56,$58,$0,$134,$40,$8,$37,$5,$88,$222,$74,$0,$0,$4,$78,$0,$62,$9,$144,$222,$10,$4,$-1,$3,$-3,$-5,$1,$-3,$-10,$3,$-2,$-0,$0,$0,$0,$0,$0,$-2,$0,$3,$3,$0,$0,$-6,$-8,$-10,$-9,$1,$-6
31,2010-12-31,16.39,$5.96,2.75,$5.39,3.04,$2.62,6.25,$1.28,12.8,$0.13B,$0.07B,1.86,$0.00B,$0.15B,0.0,$0.14B,$0.10B,72.86%,$0.14B,$0.07B,49.29%,$0.14B,$0.07B,49.29%,$0.14B,$0.08B,55.71%,$0.14B,$0.07B,47.14%,$0.14B,$0.03B,22.86%,$0.03B,$0.15B,25.65%,$0.03B,$0.11B,35.07%,$0.03B,$0.22B,16.33%,$0.07B,$0.15B,55.31%,$36,$12,$23,$-1,$10,$22,$14,$-13,$1,$2,$-1,$-1,$-6,$17,$14,$24,24,$-0.25,$0.24,$65,$52,$0,$133,$40,$7,$37,$4,$88,$221,$71,$0,$0,$4,$76,$0,$56,$8,$145,$221,$52,$9,$4,$13,$-8,$-16,$1,$-2,$-26,$39,$-10,$-1,$-4,$0,$0,$0,$0,$-16,$0,$-1,$-1,$1,$1,$-10,$-4,$-14,$11,$2,$-10
32,2010-09-30,9.88,$5.79,1.71,$5.42,1.82,$3.39,2.92,$1.27,7.78,$0.12B,$0.05B,2.57,$0.00B,$0.14B,0.0,$0.14B,$0.11B,74.65%,$0.14B,$0.08B,52.82%,$0.14B,$0.08B,52.82%,$0.14B,$0.08B,57.75%,$0.14B,$0.07B,50.00%,$0.14B,$0.03B,23.94%,$0.03B,$0.14B,31.05%,$0.03B,$0.10B,44.88%,$0.03B,$0.20B,18.48%,$0.08B,$0.14B,68.49%,$36,$9,$27,$0,$8,$17,$19,$3,$22,$3,$19,$19,$14,$21,$19,$24,27,$0.58,$0.39,$65,$47,$0,$123,$37,$7,$32,$3,$80,$203,$48,$0,$19,$19,$67,$0,$34,$6,$136,$203,$53,$6,$-10,$-4,$-4,$-11,$0,$-2,$-18,$31,$-6,$-1,$-4,$0,$0,$0,$0,$-12,$0,$1,$1,$1,$1,$-9,$-4,$-10,$11,$1,$-9
33,2010-06-30,10.99,$5.06,2.17,$5.32,2.07,$3.97,2.77,$0.45,24.42,$0.11B,$0.05B,2.42,$0.00B,$0.12B,0.0,$0.13B,$0.10B,74.44%,$0.13B,$0.07B,52.63%,$0.13B,$0.07B,52.63%,$0.13B,$0.08B,57.89%,$0.13B,$0.05B,36.84%,$0.13B,$0.01B,10.53%,$0.01B,$0.12B,14.70%,$0.01B,$0.09B,22.95%,$0.01B,$0.19B,8.02%,$0.07B,$0.12B,73.49%,$41,$9,$32,$1,$8,$18,$23,$2,$25,$5,$20,$20,$13,$25,$23,$24,27,$0.55,$0.41,$56,$41,$0,$109,$36,$7,$32,$3,$78,$186,$45,$0,$23,$23,$67,$0,$23,$5,$119,$186,$35,$4,$-6,$-2,$-4,$-6,$-0,$-2,$-13,$19,$-6,$-1,$-4,$0,$0,$0,$0,$-11,$0,$1,$1,$1,$1,$-5,$-4,$-6,$2,$1,$-5
34,2010-03-31,11.04,$4.22,2.62,$5.30,2.08,$4.70,2.35,$0.29,38.07,$0.10B,$0.05B,1.98,$0.00B,$0.10B,0.0,$0.13B,$0.09B,72.80%,$0.13B,$0.06B,51.20%,$0.13B,$0.06B,51.20%,$0.13B,$0.07B,56.00%,$0.13B,$0.04B,30.40%,$0.13B,$0.01B,6.40%,$0.01B,$0.10B,9.41%,$0.01B,$0.07B,15.92%,$0.01B,$0.17B,4.76%,$0.06B,$0.10B,75.29%,$27,$7,$20,$1,$6,$14,$13,$5,$18,$3,$15,$15,$11,$15,$13,$23,26,$0.46,$0.26,$51,$39,$0,$100,$32,$7,$33,$3,$75,$174,$50,$0,$25,$25,$75,$0,$13,$5,$99,$174,$15,$2,$-3,$-1,$-2,$-4,$-0,$-4,$-11,$2,$-2,$-0,$-1,$0,$0,$0,$0,$-4,$0,$3,$3,$1,$1,$-5,$0,$-1,$-3,$1,$-5
35,2009-12-31,12.08,$3.65,3.31,$5.27,2.29,$4.98,2.43,$0.08,151.0,$0.10B,$0.08B,1.14,$0.00B,$0.08B,0.0,$0.12B,$0.09B,72.27%,$0.12B,$0.06B,51.26%,$0.12B,$0.06B,51.26%,$0.12B,$0.07B,56.30%,$0.12B,$0.03B,24.37%,$0.12B,$0.00B,0.84%,$0.00B,$0.08B,1.30%,$0.00B,$0.05B,2.42%,$0.00B,$0.17B,0.62%,$0.06B,$0.08B,77.22%,$38,$10,$27,$1,$7,$18,$20,$-14,$6,$2,$3,$-4,$-4,$21,$20,$22,25,$-0.17,$-0.15,$54,$35,$0,$96,$29,$7,$38,$3,$77,$173,$84,$0,$0,$5,$88,$0,$24,$4,$84,$173,$18,$6,$27,$6,$-2,$-12,$-0,$8,$-2,$50,$-2,$-2,$2,$0,$-3,$0,$-7,$-7,$-3,$4,$-3,$4,$0,$0,$-0,$2,$45,$0,$-3
36,2009-09-30,7.54,$0.00,0.0,$4.37,1.73,$3.78,1.99,$0.39,19.33,$0.09B,$0.06B,1.44,$0.00B,$0.08B,0.01,$0.09B,$0.07B,72.34%,$0.09B,$0.05B,48.94%,$0.09B,$0.05B,48.94%,$0.09B,$0.05B,54.26%,$0.09B,$0.03B,28.72%,$0.09B,$0.01B,8.51%,$0.01B,$0.08B,12.08%,$0.01B,$0.05B,20.00%,$0.01B,$0.17B,5.97%,$0.05B,$0.08B,65.71%,$27,$7,$20,$0,$6,$13,$14,$-14,$-0,$3,$-3,$-3,$-6,$16,$14,$22,22,$-0.29,$-0.29,$50,$33,$2,$88,$0,$6,$34,$5,$45,$165,$61,$0,$21,$21,$86,$0,$28,$0,$79,$160,$16,$5,$16,$21,$-1,$-10,$-0,$9,$-1,$35,$-2,$-1,$2,$0,$0,$0,$-4,$-6,$-9,$20,$11,$0,$0,$0,$1,$12,$42,$0,$0
37,2009-06-30,4.03,$0.00,0.0,$3.12,1.29,$2.25,1.79,$0.68,5.93,$0.08B,$0.07B,1.26,$0.00B,$0.08B,0.0,$0.08B,$0.06B,71.60%,$0.08B,$0.04B,48.15%,$0.08B,$0.04B,48.15%,$0.08B,$0.04B,51.85%,$0.08B,$0.03B,41.98%,$0.08B,$0.02B,22.22%,$0.02B,$0.08B,32.73%,$0.02B,$0.04B,48.32%,$0.02B,$0.16B,17.02%,$0.04B,$0.08B,66.38%,$33,$9,$24,$0,$7,$17,$17,$-2,$14,$3,$11,$11,$7,$18,$17,$21,22,$0.33,$0.32,$49,$27,$4,$82,$0,$6,$34,$4,$45,$160,$65,$0,$13,$13,$81,$0,$34,$0,$78,$155,$19,$3,$2,$6,$-1,$-4,$-0,$9,$4,$28,$-2,$-1,$2,$0,$0,$0,$-1,$-2,$-9,$22,$14,$0,$0,$0,$0,$14,$41,$0,$0
38,2009-03-31,2.45,$0.00,0.0,$1.60,1.53,$1.03,2.38,$0.36,6.81,$0.07B,$0.06B,1.03,$0.01B,$0.07B,0.13,$0.06B,$0.04B,70.00%,$0.06B,$0.03B,45.00%,$0.06B,$0.03B,45.00%,$0.06B,$0.03B,48.33%,$0.06B,$0.03B,41.67%,$0.06B,$0.01B,21.67%,$0.01B,$0.07B,30.23%,$0.01B,$0.03B,38.81%,$0.01B,$0.14B,16.94%,$0.03B,$0.08B,57.75%,$21,$6,$15,$0,$4,$11,$10,$-1,$9,$2,$7,$7,$4,$12,$10,$21,21,$0.20,$0.20,$34,$27,$3,$65,$0,$7,$35,$5,$46,$144,$63,$9,$0,$9,$78,$0,$26,$0,$66,$139,$7,$2,$0,$2,$-0,$-4,$-0,$3,$-2,$7,$-1,$-0,$12,$0,$0,$0,$-0,$10,$0,$8,$8,$0,$0,$0,$0,$8,$25,$0,$0
39,2008-12-31,2.0,$1.96,1.02,$0.61,3.27,$0.75,2.68,$0.16,12.5,$0.03B,$0.02B,1.33,$0.01B,$0.04B,0.14,$0.05B,$0.03B,70.21%,$0.05B,$0.02B,44.68%,$0.05B,$0.02B,44.68%,$0.05B,$0.02B,44.68%,$0.05B,$0.02B,42.55%,$0.05B,$0.01B,23.40%,$0.01B,$0.04B,33.33%,$0.01B,$0.04B,34.11%,$0.01B,$0.07B,21.89%,$0.02B,$0.05B,60.87%,$13,$4,$9,$1,$4,$9,$5,$-0,$4,$0,$4,$3,$3,$5,$5,$22,22,$0.15,$0.16,$9,$15,$1,$25,$22,$7,$1,$15,$45,$67,$19,$6,$0,$6,$25,$0,$15,$5,$42,$67,$12,$1,$2,$1,$0,$-5,$-0,$3,$1,$20,$-4,$-0,$0,$0,$0,$0,$-18,$-22,$6,$-1,$6,$0,$0,$-0,$0,$5,$4,$1,$0
