,Date,Stock Price,Book Value per Share,Price to Book Ratio,TTM Sales per Share,Price to Sales Ratio,TTM FCF per Share,Price to FCF Ratio,TTM Net EPS,PE Ratio,Current Assets,Current Liabilities,Current Ratio,Long Term Debt,Shareholder's Equity_x,Debt to Equity Ratio,TTM Revenue_x,TTM Gross Profit,Gross Margin,TTM Revenue_y,TTM Operating Income,Operating Margin,TTM Revenue_x,TTM EBIT,EBIT Margin,TTM Revenue_y,TTM EBITDA,EBITDA Margin,TTM Revenue_x,TTM Pre-Tax Income,Pre-Tax Margin,TTM Revenue_y,TTM Net Income_x,Net Margin,TTM Net Income_y,Shareholder's Equity_y,Return on Equity,TTM Net Income_x,Tangible Equity,Return on Tangible Equity,TTM Net Income_y,Total Assets,Return on Assets,TTM Net Income,LT Investments & Debt,Return on Investment,revenue,cost-goods-sold,gross-profit,research-development-expenses,selling-general-administrative-expenses,operating-expenses,operating-income,total-non-operating-income-expense,pre-tax-income,total-provision-income-taxes,income-after-taxes,income-from-continuous-operations,net-income,ebitda,ebit,basic-shares-outstanding,shares-outstanding,eps-basic-net-earnings-per-share,eps-earnings-per-share-diluted,cash-on-hand,inventory,other-current-assets,total-current-assets,net-property-plant-equipment,long-term-investments,goodwill-intangible-assets-total,other-long-term-assets,total-long-term-assets,total-assets,total-current-liabilities,long-term-debt,other-non-current-liabilities,total-long-term-liabilities,total-liabilities,common-stock-net,retained-earnings-accumulated-deficit,comprehensive-income,total-share-holder-equity,total-liabilities-share-holders-equity,net-income-loss,total-depreciation-amortization-cash-flow,other-non-cash-items,total-non-cash-items,change-in-accounts-receivable,change-in-inventories,change-in-accounts-payable,change-in-assets-liabilities,total-change-in-assets-liabilities,cash-flow-from-operating-activities,net-change-in-property-plant-equipment,net-change-in-intangible-assets,net-acquisitions-divestitures,net-change-in-short-term-investments,net-change-in-long-term-investments,net-change-in-investments-total,investing-activities-other,cash-flow-from-investing-activities,net-long-term-debt,net-current-debt,debt-issuance-retirement-net-total,net-common-equity-issued-repurchased,net-total-equity-issued-repurchased,total-common-preferred-stock-dividends-paid,financial-activities-other,cash-flow-from-financial-activities,net-cash-flow,stock-based-compensation,common-stock-dividends-paid
0,2018-09-30,44.1,$14.00,3.15,$47.00,0.94,$1.13,38.86,$2.45,18.0,$6.38B,$5.49B,1.16,$1.76B,$4.77B,0.37,$16.13B,$4.71B,29.21%,$16.13B,$1.03B,6.37%,$16.13B,$1.03B,6.37%,$16.13B,$1.51B,9.36%,$16.13B,$1.30B,8.09%,$16.13B,$0.82B,5.10%,$0.82B,$4.77B,18.41%,$0.82B,$-0.27B,-243.85%,$0.82B,$12.98B,6.70%,$1.03B,$6.53B,16.34%,$5261,$4099,$1162,$0,$859,$5071,$190,$197,$387,$95,$292,$292,$290,$305,$190,$339,344,$0.86,$0.85,$628,$0,$269,$6378,$702,$195,$5047,$575,$6599,$12977,$5486,$1760,$771,$2719,$8205,$3,$4111,$-679,$4772,$12977,$671,$368,$-143,$225,$0,$-2,$86,$-446,$-384,$502,$-152,$0,$-314,$0,$-6,$-6,$17,$-454,$-168,$0,$-168,$-28,$-28,$0,$-18,$-213,$-197,$97,$0
1,2018-06-30,47.74,$13.29,3.59,$45.29,1.05,$0.95,50.36,$2.18,21.9,$6.11B,$5.38B,1.14,$1.76B,$4.52B,0.39,$15.50B,$4.59B,29.60%,$15.50B,$1.08B,6.95%,$15.50B,$1.08B,6.95%,$15.50B,$1.55B,9.98%,$15.50B,$1.19B,7.70%,$15.50B,$0.73B,4.72%,$0.73B,$4.52B,17.26%,$0.73B,$-0.34B,-166.36%,$0.73B,$12.54B,6.12%,$1.08B,$6.28B,17.21%,$5111,$3959,$1153,$0,$826,$4886,$225,$75,$300,$70,$230,$230,$229,$341,$225,$339,343,$0.67,$0.67,$603,$0,$265,$6107,$705,$234,$4855,$536,$6429,$12535,$5381,$1763,$688,$2637,$8019,$3,$3820,$-648,$4517,$12535,$380,$253,$8,$261,$-198,$0,$10,$-496,$-726,$-92,$-107,$0,$-265,$0,$-5,$-5,$1,$-377,$287,$0,$287,$-5,$-5,$0,$-16,$266,$-221,$62,$0
2,2018-03-31,47.22,$13.01,3.63,$43.43,1.09,$1.01,46.81,$2.09,22.59,$5.75B,$4.87B,1.18,$1.76B,$4.42B,0.4,$14.83B,$4.47B,30.11%,$14.83B,$1.08B,7.28%,$14.83B,$1.08B,7.28%,$14.83B,$1.54B,10.37%,$14.83B,$1.17B,7.87%,$14.83B,$0.71B,4.75%,$0.71B,$4.42B,17.59%,$0.71B,$-0.26B,-120.87%,$0.71B,$11.91B,6.15%,$1.08B,$6.18B,17.36%,$4674,$3620,$1054,$0,$732,$4460,$214,$-17,$196,$46,$150,$150,$150,$352,$214,$339,343,$0.44,$0.44,$722,$0,$264,$5754,$634,$229,$4677,$512,$6153,$11907,$4870,$1758,$695,$2619,$7489,$3,$3592,$-484,$4419,$11907,$150,$138,$4,$142,$71,$0,$-146,$-463,$-533,$-250,$-47,$0,$0,$0,$-16,$-16,$-2,$-64,$193,$0,$193,$-5,$-5,$0,$-7,$181,$-103,$30,$0
3,2017-12-31,43.31,$12.30,3.52,$41.72,1.04,$0.86,50.43,$2.03,21.33,$5.63B,$4.71B,1.2,$2.00B,$4.18B,0.48,$14.21B,$4.32B,30.37%,$14.21B,$1.07B,7.54%,$14.21B,$1.07B,7.54%,$14.21B,$1.49B,10.47%,$14.21B,$1.16B,8.19%,$14.21B,$0.69B,4.87%,$0.69B,$4.18B,18.62%,$0.69B,$-0.48B,-85.43%,$0.69B,$11.72B,6.30%,$1.07B,$6.17B,17.47%,$1080,$-261,$1342,$0,$834,$682,$399,$22,$421,$265,$156,$156,$154,$511,$399,$338,341,$0.45,$0.46,$825,$0,$227,$5631,$618,$238,$4654,$479,$6088,$11718,$4713,$2000,$684,$2831,$7544,$3,$3443,$-552,$4175,$11718,$698,$417,$-338,$79,$-484,$0,$171,$165,$-40,$711,$-178,$0,$-142,$-3,$0,$-3,$183,$-141,$-560,$0,$-560,$-30,$-30,$0,$-14,$-604,$-11,$93,$0
4,2017-09-30,37.88,$11.35,3.34,$49.84,0.76,$0.06,611.95,$2.32,16.33,$5.81B,$4.55B,1.28,$2.55B,$3.85B,0.66,$16.95B,$4.20B,24.74%,$16.95B,$1.03B,6.05%,$16.95B,$1.03B,6.05%,$16.95B,$1.43B,8.43%,$16.95B,$1.14B,6.72%,$16.95B,$0.80B,4.73%,$0.80B,$3.85B,23.33%,$0.80B,$-0.68B,-78.32%,$0.80B,$11.65B,7.47%,$1.03B,$6.40B,17.12%,$4639,$3598,$1040,$0,$705,$4400,$239,$38,$277,$77,$200,$200,$199,$344,$239,$338,341,$0.59,$0.58,$1040,$0,$202,$5805,$574,$234,$4536,$409,$5847,$11652,$4551,$2552,$571,$3249,$7800,$3,$3180,$-581,$3852,$11652,$542,$304,$-77,$227,$0,$11,$-79,$-290,$-368,$386,$-102,$0,$-36,$0,$-4,$-4,$4,$-138,$-9,$0,$-9,$-30,$-30,$0,$-29,$-67,$209,$69,$0
5,2017-06-30,36.4,$10.60,3.43,$45.68,0.8,$-1.32,0.0,$2.05,17.76,$4.82B,$3.80B,1.27,$2.55B,$3.58B,0.71,$15.51B,$4.10B,26.41%,$15.51B,$0.96B,6.18%,$15.51B,$0.96B,6.18%,$15.51B,$1.35B,8.72%,$15.51B,$1.02B,6.60%,$15.51B,$0.71B,4.56%,$0.71B,$3.58B,21.96%,$0.71B,$-0.91B,-57.83%,$0.71B,$10.61B,6.72%,$0.96B,$6.13B,16.56%,$4440,$3410,$1030,$0,$713,$4211,$228,$45,$273,$70,$203,$203,$202,$331,$228,$337,341,$0.60,$0.59,$610,$0,$199,$4824,$556,$247,$4495,$388,$5782,$10606,$3798,$2550,$578,$3226,$7023,$3,$2984,$-647,$3583,$10606,$342,$199,$-16,$183,$16,$0,$-115,$-484,$-631,$-117,$-60,$0,$-25,$0,$-2,$-2,$-6,$-94,$-7,$0,$-7,$-2,$-2,$0,$-21,$-30,$-221,$48,$0
6,2017-03-31,34.79,$9.64,3.61,$42.15,0.83,$-1.66,0.0,$1.83,19.01,$4.25B,$3.47B,1.22,$2.55B,$3.26B,0.78,$14.28B,$4.02B,28.15%,$14.28B,$0.91B,6.40%,$14.28B,$0.91B,6.40%,$14.28B,$1.30B,9.09%,$14.28B,$0.94B,6.57%,$14.28B,$0.63B,4.39%,$0.63B,$3.26B,20.56%,$0.63B,$-1.17B,-45.34%,$0.63B,$9.93B,6.06%,$0.91B,$5.81B,16.20%,$4051,$3146,$904,$0,$607,$3846,$205,$-12,$193,$54,$139,$139,$137,$302,$205,$337,340,$0.41,$0.40,$592,$0,$201,$4245,$552,$242,$4423,$370,$5682,$9927,$3473,$2549,$568,$3196,$6669,$3,$2787,$-737,$3258,$9927,$139,$96,$-36,$61,$142,$0,$-196,$-479,$-520,$-321,$-24,$0,$-13,$0,$-0,$-0,$-7,$-43,$119,$0,$119,$-2,$-2,$0,$-7,$109,$-239,$15,$0
7,2016-12-31,31.49,$9.06,3.47,$38.66,0.81,$-1.72,0.0,$1.69,18.63,$5.12B,$4.53B,1.13,$2.55B,$3.06B,0.83,$13.07B,$3.95B,30.20%,$13.07B,$0.82B,6.24%,$13.07B,$0.82B,6.24%,$13.07B,$1.19B,9.12%,$13.07B,$0.88B,6.73%,$13.07B,$0.57B,4.38%,$0.57B,$3.06B,19.37%,$0.57B,$-1.34B,-37.82%,$0.57B,$10.78B,5.54%,$0.82B,$5.61B,14.68%,$3824,$2603,$1221,$0,$771,$3471,$353,$43,$396,$131,$265,$265,$264,$452,$353,$335,338,$0.79,$0.78,$831,$0,$180,$5122,$561,$232,$4392,$366,$5657,$10780,$4525,$2548,$578,$3197,$7722,$3,$2657,$-791,$3057,$10780,$584,$378,$-352,$26,$-235,$0,$2,$140,$-99,$450,$-191,$0,$-42,$-3,$44,$42,$184,$-7,$-149,$0,$-149,$-27,$-27,$0,$-23,$-200,$222,$63,$0
8,2016-09-30,27.98,$8.84,3.17,$38.36,0.73,$-0.96,0.0,$1.44,19.43,$5.06B,$4.57B,1.11,$2.62B,$2.98B,0.88,$12.95B,$3.90B,30.10%,$12.95B,$0.67B,5.17%,$12.95B,$0.67B,5.17%,$12.95B,$1.05B,8.09%,$12.95B,$0.78B,6.03%,$12.95B,$0.49B,3.77%,$0.49B,$2.98B,16.96%,$0.49B,$-1.48B,-30.07%,$0.49B,$10.78B,4.70%,$0.67B,$5.60B,12.16%,$3193,$2253,$941,$0,$687,$3021,$172,$-10,$162,$51,$111,$111,$104,$268,$172,$336,338,$0.31,$0.31,$517,$0,$213,$5055,$551,$250,$4460,$354,$5721,$10777,$4567,$2615,$528,$3228,$7795,$3,$2393,$-585,$2982,$10777,$319,$278,$-242,$37,$46,$3,$-125,$-220,$-362,$-53,$-134,$0,$-33,$-2,$44,$42,$85,$-40,$45,$0,$45,$-28,$-28,$0,$-18,$-1,$-94,$43,$0
9,2016-06-30,26.48,$8.65,3.06,$36.98,0.72,$-0.24,0.0,$1.57,16.87,$4.25B,$3.74B,1.14,$2.63B,$2.90B,0.9,$12.47B,$3.90B,31.24%,$12.47B,$0.74B,5.92%,$12.47B,$0.74B,5.92%,$12.47B,$1.10B,8.81%,$12.47B,$0.84B,6.75%,$12.47B,$0.53B,4.27%,$0.53B,$2.90B,19.17%,$0.53B,$-1.55B,-30.68%,$0.53B,$9.92B,5.29%,$0.74B,$5.53B,13.60%,$3208,$2254,$953,$0,$680,$3025,$183,$5,$187,$64,$123,$123,$122,$275,$183,$335,338,$0.36,$0.36,$502,$0,$231,$4246,$534,$227,$4457,$351,$5676,$9923,$3743,$2625,$566,$3276,$7019,$3,$2292,$-572,$2904,$9923,$208,$182,$-102,$80,$72,$0,$-112,$-382,$-475,$-210,$-79,$0,$-38,$-2,$0,$-2,$80,$-40,$151,$0,$151,$-5,$-5,$0,$-4,$141,$-109,$29,$0
10,2016-03-31,28.82,$8.55,3.37,$34.60,0.83,$0.34,83.66,$1.58,18.24,$4.09B,$3.70B,1.11,$2.64B,$2.87B,0.92,$11.65B,$3.85B,33.00%,$11.65B,$0.78B,6.73%,$11.65B,$0.78B,6.73%,$11.65B,$1.13B,9.66%,$11.65B,$0.87B,7.42%,$11.65B,$0.54B,4.60%,$0.54B,$2.87B,20.00%,$0.54B,$-1.68B,-35.66%,$0.54B,$9.84B,5.66%,$0.78B,$5.50B,15.36%,$2847,$2014,$833,$0,$643,$2739,$108,$27,$135,$50,$85,$85,$82,$197,$108,$334,338,$0.25,$0.24,$553,$0,$213,$4087,$528,$221,$4550,$322,$5748,$9835,$3696,$2635,$551,$3272,$6968,$3,$2170,$-471,$2867,$9835,$85,$90,$-82,$8,$146,$0,$-148,$-384,$-421,$-329,$-33,$6,$-25,$2,$0,$2,$52,$1,$283,$0,$283,$-4,$-4,$0,$-6,$272,$-51,$13,$0
11,2015-12-31,34.58,$8.26,4.19,$32.28,1.07,$0.83,41.85,$1.62,21.35,$5.31B,$4.99B,1.06,$2.65B,$2.76B,0.96,$10.86B,$3.77B,34.76%,$10.86B,$0.84B,7.70%,$10.86B,$0.84B,7.70%,$10.86B,$1.16B,10.71%,$10.86B,$0.88B,8.11%,$10.86B,$0.55B,5.04%,$0.55B,$2.76B,21.54%,$0.55B,$-1.78B,-43.08%,$0.55B,$11.02B,6.14%,$0.84B,$5.40B,17.64%,$3700,$2531,$1170,$0,$865,$3493,$207,$90,$297,$115,$183,$183,$180,$308,$207,$333,336,$0.53,$0.54,$613,$0,$221,$5305,$530,$218,$4536,$293,$5713,$11018,$4994,$2645,$519,$3265,$8259,$3,$2088,$-486,$2759,$11018,$559,$326,$-249,$77,$-230,$0,$178,$78,$68,$652,$-139,$0,$-1583,$2,$4,$6,$97,$-1619,$852,$0,$852,$-25,$-25,$0,$-37,$790,$-200,$75,$0
12,2015-09-30,32.0,$7.75,4.13,$29.63,1.08,$0.77,41.51,$1.70,18.82,$3.98B,$3.60B,1.1,$2.68B,$2.59B,1.04,$9.94B,$3.69B,37.06%,$9.94B,$0.92B,9.23%,$9.94B,$0.92B,9.23%,$9.94B,$1.22B,12.22%,$9.94B,$0.88B,8.86%,$9.94B,$0.57B,5.74%,$0.57B,$2.59B,23.55%,$0.57B,$-1.94B,-55.21%,$0.57B,$9.56B,7.09%,$0.92B,$5.27B,20.79%,$2713,$1774,$939,$0,$627,$2472,$240,$-17,$223,$73,$150,$150,$149,$318,$240,$333,337,$0.45,$0.44,$571,$3,$145,$3980,$504,$288,$4524,$220,$5576,$9555,$3604,$2684,$388,$3362,$6966,$3,$1908,$-446,$2590,$9555,$376,$225,$-130,$95,$-3,$-12,$4,$-296,$-311,$142,$-85,$21,$-1525,$1,$4,$5,$-48,$-1632,$1251,$16,$1267,$-18,$-18,$0,$-39,$1210,$-301,$48,$0
13,2015-06-30,37.0,$7.52,4.92,$28.37,1.3,$0.53,69.93,$1.58,23.42,$3.34B,$2.60B,1.29,$1.73B,$2.50B,0.69,$9.51B,$3.59B,37.79%,$9.51B,$0.86B,9.08%,$9.51B,$0.86B,9.08%,$9.51B,$1.16B,12.17%,$9.51B,$0.84B,8.80%,$9.51B,$0.53B,5.56%,$0.53B,$2.50B,22.77%,$0.53B,$-0.62B,-67.20%,$0.53B,$7.46B,7.01%,$0.86B,$4.24B,20.73%,$2391,$1488,$903,$0,$610,$2162,$229,$-19,$210,$76,$133,$133,$125,$302,$229,$332,336,$0.38,$0.37,$472,$2,$104,$3343,$484,$281,$3120,$198,$4117,$7460,$2595,$1734,$369,$2362,$4957,$3,$1759,$-371,$2504,$7460,$226,$148,$-86,$62,$114,$0,$-10,$-403,$-313,$-42,$-50,$13,$-95,$1,$0,$1,$-39,$-171,$-149,$1,$-148,$-2,$-2,$0,$-30,$-180,$-404,$29,$0
14,2015-03-31,38.71,$6.92,5.59,$27.63,1.4,$-0.03,0.0,$1.53,25.3,$3.59B,$2.97B,1.21,$1.73B,$2.31B,0.75,$9.24B,$3.50B,37.88%,$9.24B,$0.84B,9.09%,$9.24B,$0.84B,9.09%,$9.24B,$1.13B,12.18%,$9.24B,$0.82B,8.88%,$9.24B,$0.51B,5.51%,$0.51B,$2.31B,22.72%,$0.51B,$-0.75B,-58.01%,$0.51B,$7.63B,6.74%,$0.84B,$4.04B,20.46%,$2053,$1291,$762,$0,$532,$1892,$160,$-10,$150,$57,$93,$93,$93,$235,$160,$332,336,$0.28,$0.28,$501,$5,$103,$3594,$480,$265,$3056,$188,$4032,$7626,$2973,$1734,$373,$2348,$5321,$3,$1634,$-431,$2305,$7626,$93,$75,$-44,$31,$156,$0,$-47,$-408,$-299,$-180,$-19,$5,$-75,$4,$0,$4,$-22,$-107,$-39,$0,$-39,$-5,$-5,$0,$-16,$-60,$-362,$16,$0
15,2014-12-31,34.25,$6.91,4.96,$27.10,1.26,$-0.29,0.0,$1.45,23.62,$3.37B,$2.93B,1.15,$1.81B,$2.30B,0.79,$9.05B,$3.44B,37.99%,$9.05B,$0.79B,8.75%,$9.05B,$0.79B,8.75%,$9.05B,$1.07B,11.83%,$9.05B,$0.78B,8.59%,$9.05B,$0.48B,5.35%,$0.48B,$2.30B,22.29%,$0.48B,$-0.84B,-50.08%,$0.48B,$7.57B,6.58%,$0.79B,$4.11B,19.47%,$2787,$1706,$1081,$0,$743,$2499,$289,$9,$298,$92,$206,$206,$204,$360,$289,$331,334,$0.62,$0.61,$769,$0,$152,$3372,$498,$218,$3136,$245,$4196,$7568,$2929,$1809,$487,$2338,$5267,$3,$1541,$-324,$2301,$7568,$514,$278,$-213,$66,$-308,$47,$32,$373,$100,$662,$-171,$26,$-147,$-2,$66,$65,$77,$-152,$-183,$0,$-183,$-10,$-10,$0,$-38,$-232,$249,$60,$0
16,2014-09-30,29.74,$6.56,4.53,$25.49,1.17,$0.02,1465.02,$1.18,25.2,$3.46B,$2.68B,1.29,$2.08B,$2.18B,0.96,$8.50B,$3.31B,39.00%,$8.50B,$0.67B,7.91%,$8.50B,$0.67B,7.91%,$8.50B,$1.03B,12.16%,$8.50B,$0.66B,7.78%,$8.50B,$0.40B,4.65%,$0.40B,$2.18B,18.99%,$0.40B,$-0.95B,-37.38%,$0.40B,$7.53B,5.48%,$0.67B,$4.27B,16.84%,$2275,$1429,$846,$0,$601,$2090,$185,$-6,$179,$69,$110,$110,$107,$260,$185,$330,334,$0.32,$0.32,$741,$33,$84,$3461,$456,$285,$3130,$160,$4069,$7530,$2677,$2084,$400,$2670,$5347,$3,$1337,$-217,$2183,$7530,$308,$207,$-71,$136,$-139,$0,$-45,$-84,$-367,$68,$-93,$18,$-133,$-8,$72,$65,$28,$-115,$224,$5,$229,$-12,$-12,$0,$-34,$182,$123,$44,$0
17,2014-06-30,32.04,$6.55,4.89,$23.91,1.34,$0.56,57.01,$1.14,28.11,$3.34B,$2.88B,1.16,$1.83B,$2.17B,0.84,$7.96B,$3.17B,39.84%,$7.96B,$0.65B,8.11%,$7.96B,$0.65B,8.11%,$7.96B,$0.98B,12.32%,$7.96B,$0.63B,7.94%,$7.96B,$0.38B,4.80%,$0.38B,$2.17B,19.16%,$0.38B,$-0.98B,-36.87%,$0.38B,$7.47B,5.56%,$0.65B,$4.01B,16.74%,$2127,$1314,$812,$0,$566,$1921,$206,$-12,$194,$64,$130,$130,$105,$271,$206,$330,334,$0.32,$0.32,$500,$13,$85,$3338,$455,$278,$3152,$174,$4133,$7472,$2876,$1832,$386,$2422,$5297,$3,$1230,$-111,$2174,$7472,$198,$132,$-60,$72,$-124,$4,$-63,$-234,$-489,$-224,$-54,$13,$-30,$-6,$63,$57,$12,$-2,$125,$7,$131,$2,$2,$0,$-23,$111,$-110,$24,$0
18,2014-03-31,27.43,$6.11,4.49,$22.79,1.2,$1.53,17.94,$1.03,26.63,$2.76B,$2.38B,1.16,$1.86B,$2.03B,0.92,$7.57B,$3.08B,40.69%,$7.57B,$0.63B,8.28%,$7.57B,$0.63B,8.28%,$7.57B,$0.96B,12.68%,$7.57B,$0.56B,7.33%,$7.57B,$0.35B,4.58%,$0.35B,$2.03B,18.48%,$0.35B,$-1.11B,-33.90%,$0.35B,$6.84B,5.26%,$0.63B,$3.89B,16.69%,$1861,$1161,$699,$0,$528,$1748,$112,$-7,$106,$38,$68,$68,$68,$180,$112,$330,333,$0.21,$0.20,$542,$62,$74,$2762,$447,$261,$3135,$172,$4081,$6843,$2380,$1856,$368,$2435,$4815,$3,$1124,$-134,$2028,$6843,$68,$67,$-21,$46,$78,$-2,$-71,$-326,$-379,$-270,$-14,$9,$-15,$-2,$0,$-2,$17,$-3,$208,$0,$208,$0,$0,$0,$0,$208,$-64,$11,$0
19,2013-12-31,26.3,$5.83,4.51,$21.67,1.21,$2.11,12.45,$0.94,27.98,$2.88B,$2.61B,1.11,$1.87B,$1.94B,0.96,$7.19B,$3.00B,41.70%,$7.19B,$0.62B,8.57%,$7.19B,$0.62B,8.57%,$7.19B,$0.94B,13.12%,$7.19B,$0.51B,7.08%,$7.19B,$0.32B,4.41%,$0.32B,$1.94B,17.64%,$0.32B,$-1.20B,-32.28%,$0.32B,$7.00B,4.80%,$0.62B,$3.80B,16.45%,$2234,$1277,$957,$0,$639,$2065,$169,$13,$182,$66,$116,$116,$115,$322,$169,$328,332,$0.35,$0.35,$612,$19,$67,$2880,$459,$255,$3132,$165,$4119,$6998,$2606,$1867,$361,$2457,$5062,$3,$1057,$-146,$1936,$6998,$349,$328,$-110,$218,$-77,$168,$40,$62,$197,$745,$-156,$32,$-504,$5,$111,$115,$48,$-465,$-704,$0,$-704,$-11,$-11,$0,$-151,$-866,$-597,$48,$0
20,2013-09-30,23.13,$5.54,4.17,$21.07,1.1,$0.77,30.11,$1.13,20.47,$2.56B,$1.84B,1.39,$1.88B,$1.84B,1.02,$6.96B,$2.91B,41.87%,$6.96B,$0.68B,9.77%,$6.96B,$0.68B,9.77%,$6.96B,$0.90B,12.97%,$6.96B,$0.57B,8.14%,$6.96B,$0.38B,5.39%,$0.38B,$1.84B,21.63%,$0.38B,$-0.86B,-40.25%,$0.38B,$6.18B,5.51%,$0.68B,$3.72B,17.66%,$1734,$1032,$702,$0,$497,$1576,$158,$-8,$150,$56,$94,$94,$94,$207,$158,$328,332,$0.29,$0.28,$621,$59,$57,$2559,$394,$267,$2700,$147,$3618,$6177,$1843,$1879,$347,$2498,$4341,$3,$942,$-157,$1836,$6177,$230,$175,$-78,$97,$29,$131,$-45,$-191,$-82,$235,$-79,$26,$-64,$-1,$108,$108,$35,$26,$-725,$5,$-721,$-12,$-12,$0,$-107,$-840,$-587,$38,$0
21,2013-06-30,23.36,$5.17,4.52,$20.60,1.13,$-0.31,0.0,$0.97,24.08,$2.80B,$2.13B,1.31,$1.92B,$1.71B,1.12,$6.78B,$2.85B,42.08%,$6.78B,$0.63B,9.23%,$6.78B,$0.63B,9.23%,$6.78B,$0.86B,12.68%,$6.78B,$0.48B,7.09%,$6.78B,$0.32B,4.73%,$0.32B,$1.71B,19.40%,$0.32B,$-0.93B,-32.43%,$0.32B,$6.35B,4.62%,$0.63B,$3.63B,15.90%,$1742,$1019,$723,$0,$499,$1554,$188,$-71,$117,$46,$71,$71,$70,$251,$188,$327,332,$0.21,$0.21,$577,$41,$58,$2799,$370,$267,$2639,$260,$3549,$6348,$2133,$1915,$337,$2504,$4637,$3,$848,$-202,$1711,$6348,$136,$125,$-31,$94,$12,$134,$-15,$-234,$-144,$85,$-40,$19,$-36,$-0,$107,$107,$15,$65,$-662,$15,$-647,$4,$4,$0,$-97,$-740,$-604,$22,$0
22,2013-03-31,25.25,$5.15,4.9,$20.26,1.25,$-1.19,0.0,$0.99,25.51,$3.23B,$2.45B,1.32,$2.13B,$1.71B,1.25,$6.64B,$2.82B,42.52%,$6.64B,$0.61B,9.20%,$6.64B,$0.61B,9.20%,$6.64B,$0.82B,12.40%,$6.64B,$0.49B,7.44%,$6.64B,$0.33B,4.93%,$0.33B,$1.71B,20.62%,$0.33B,$-0.94B,-31.16%,$0.33B,$6.89B,4.66%,$0.61B,$3.84B,15.11%,$1475,$861,$614,$0,$470,$1374,$101,$-42,$60,$19,$41,$41,$38,$163,$101,$327,331,$0.11,$0.11,$681,$83,$56,$3233,$362,$285,$2647,$155,$3655,$6888,$2454,$2131,$352,$2728,$5182,$3,$778,$-185,$1706,$6888,$62,$62,$-43,$19,$46,$76,$24,$-272,$-158,$-80,$-9,$7,$-7,$-15,$34,$19,$3,$14,$-443,$0,$-443,$0,$0,$0,$-54,$-497,$-571,$12,$0
23,2012-12-31,19.9,$5.10,3.91,$19.95,1.0,$-1.86,0.0,$0.96,20.73,$4.09B,$2.97B,1.37,$2.54B,$1.68B,1.51,$6.51B,$2.77B,42.54%,$6.51B,$0.59B,9.00%,$6.51B,$0.59B,9.00%,$6.51B,$0.79B,12.05%,$6.51B,$0.49B,7.51%,$6.51B,$0.32B,4.85%,$0.32B,$1.68B,20.93%,$0.32B,$-1.00B,-28.16%,$0.32B,$7.81B,4.56%,$0.59B,$4.23B,14.33%,$2006,$1132,$874,$0,$597,$1773,$233,$6,$239,$83,$156,$156,$173,$281,$233,$322,327,$0.54,$0.54,$1265,$130,$53,$4085,$379,$264,$2676,$143,$3725,$7810,$2972,$2544,$356,$3155,$6128,$3,$740,$-165,$1682,$7810,$305,$200,$-65,$135,$-143,$-1,$43,$-16,$-143,$291,$-150,$40,$-53,$-5,$55,$50,$-85,$-198,$-91,$0,$-91,$20,$20,$0,$-30,$-101,$-4,$52,$0
24,2012-09-30,18.41,$4.62,3.99,$19.26,0.96,$-1.63,0.0,$0.68,27.07,$3.04B,$2.14B,1.42,$2.54B,$1.52B,1.67,$6.27B,$2.65B,42.28%,$6.27B,$0.47B,7.49%,$6.27B,$0.47B,7.49%,$6.27B,$0.66B,10.51%,$6.27B,$0.40B,6.38%,$6.27B,$0.22B,3.56%,$0.22B,$1.52B,15.45%,$0.22B,$-1.10B,-18.98%,$0.22B,$6.77B,3.29%,$0.47B,$4.06B,11.63%,$1557,$915,$642,$0,$482,$1454,$104,$-39,$65,$22,$43,$43,$40,$165,$104,$322,327,$0.12,$0.12,$939,$94,$48,$3037,$335,$269,$2615,$142,$3732,$6769,$2144,$2540,$341,$3105,$5250,$3,$567,$-171,$1519,$6769,$148,$152,$-48,$103,$-2,$-9,$-48,$-232,$-373,$-120,$-81,$24,$-18,$-3,$26,$24,$-103,$-154,$-50,$0,$-50,$16,$16,$0,$-14,$-48,$-317,$38,$0
25,2012-06-30,16.36,$4.37,3.74,$19.24,0.85,$-0.99,0.0,$0.76,21.53,$2.83B,$1.98B,1.43,$2.62B,$1.44B,1.82,$6.25B,$2.65B,42.41%,$6.25B,$0.51B,8.15%,$6.25B,$0.51B,8.15%,$6.25B,$0.67B,10.72%,$6.25B,$0.44B,7.07%,$6.25B,$0.25B,3.95%,$0.25B,$1.44B,17.61%,$0.25B,$-1.17B,-22.75%,$0.25B,$6.58B,3.69%,$0.51B,$4.05B,12.79%,$1601,$908,$693,$0,$482,$1428,$173,$-42,$130,$55,$76,$76,$76,$214,$173,$321,326,$0.24,$0.23,$877,$51,$52,$2829,$299,$265,$2601,$142,$3748,$6576,$1978,$2618,$326,$3163,$5141,$3,$527,$-184,$1435,$6576,$106,$90,$-129,$-39,$17,$-9,$-47,$-165,$-267,$-202,$-39,$13,$-0,$-3,$-3,$-6,$-103,$-134,$-26,$5,$-22,$3,$3,$0,$-7,$-26,$-362,$23,$0
26,2012-03-31,19.96,$4.27,4.67,$18.72,1.07,$-0.88,0.0,$0.72,27.72,$2.78B,$1.99B,1.4,$2.62B,$1.40B,1.87,$6.07B,$2.54B,41.83%,$6.07B,$0.47B,7.68%,$6.07B,$0.47B,7.68%,$6.07B,$0.61B,10.10%,$6.07B,$0.43B,7.03%,$6.07B,$0.23B,3.82%,$0.23B,$1.40B,17.13%,$0.23B,$-1.23B,-25.23%,$0.23B,$6.54B,3.65%,$0.47B,$4.02B,12.23%,$1350,$788,$562,$0,$441,$1274,$76,$-21,$55,$25,$30,$30,$27,$125,$76,$321,326,$0.08,$0.08,$892,$33,$45,$2782,$288,$239,$2634,$142,$3758,$6540,$1993,$2617,$300,$3145,$5137,$3,$451,$-138,$1402,$6540,$30,$49,$-57,$-8,$52,$-3,$-51,$-274,$-321,$-299,$-8,$6,$0,$-2,$-1,$-3,$-69,$-74,$-26,$0,$-26,$0,$0,$0,$3,$-22,$-389,$12,$0
27,2011-12-31,15.22,$4.32,3.52,$18.25,0.83,$-0.34,0.0,$0.75,20.29,$3.55B,$2.68B,1.32,$2.61B,$1.42B,1.84,$5.91B,$2.45B,41.46%,$5.91B,$0.46B,7.84%,$5.91B,$0.46B,7.84%,$5.91B,$0.59B,9.92%,$5.91B,$0.43B,7.27%,$5.91B,$0.24B,4.05%,$0.24B,$1.42B,18.51%,$0.24B,$-1.21B,-32.18%,$0.24B,$7.22B,4.03%,$0.46B,$4.03B,13.06%,$1764,$1009,$755,$0,$604,$1647,$117,$33,$150,$72,$78,$78,$80,$155,$117,$318,324,$0.25,$0.24,$1315,$57,$42,$3550,$295,$201,$2623,$142,$3669,$7219,$2681,$2611,$300,$3121,$5802,$3,$424,$-158,$1417,$7219,$290,$124,$-25,$100,$-124,$85,$-63,$84,$-23,$361,$-148,$27,$-631,$-4,$216,$212,$59,$-480,$834,$0,$834,$7,$7,$0,$-129,$711,$587,$44,$0
28,2011-09-30,13.46,$4.14,3.25,$17.97,0.75,$0.72,18.63,$0.80,16.83,$3.23B,$2.23B,1.45,$2.47B,$1.36B,1.82,$5.79B,$2.41B,41.66%,$5.79B,$0.52B,8.96%,$5.79B,$0.52B,8.96%,$5.79B,$0.65B,11.29%,$5.79B,$0.41B,7.08%,$5.79B,$0.25B,4.39%,$0.25B,$1.36B,21.11%,$0.25B,$-0.74B,-43.12%,$0.25B,$6.42B,4.70%,$0.52B,$3.82B,15.88%,$1534,$895,$640,$0,$469,$1391,$143,$-36,$107,$47,$60,$60,$64,$176,$143,$319,324,$0.20,$0.20,$1167,$85,$58,$3226,$250,$181,$2096,$136,$3189,$6415,$2228,$2466,$296,$2829,$5057,$3,$345,$-137,$1358,$6415,$179,$86,$-70,$16,$-36,$26,$-32,$-13,$-87,$104,$-95,$17,$-266,$0,$108,$108,$-311,$-547,$681,$0,$681,$7,$7,$0,$-88,$600,$156,$33,$0
29,2011-06-30,25.11,$3.81,6.58,$17.20,1.46,$1.66,15.16,$0.78,32.19,$2.38B,$1.63B,1.46,$2.13B,$1.24B,1.72,$5.52B,$2.30B,41.71%,$5.52B,$0.51B,9.18%,$5.52B,$0.51B,9.18%,$5.52B,$0.64B,11.53%,$5.52B,$0.39B,7.04%,$5.52B,$0.25B,4.47%,$0.25B,$1.24B,22.39%,$0.25B,$-0.50B,-42.77%,$0.25B,$5.28B,4.87%,$0.51B,$3.37B,16.27%,$1422,$840,$582,$0,$433,$1292,$130,$-15,$115,$46,$69,$69,$61,$157,$130,$318,324,$0.19,$0.19,$801,$1,$51,$2379,$217,$179,$1741,$670,$2904,$5283,$1631,$2134,$238,$2412,$4043,$3,$281,$-56,$1240,$5283,$119,$52,$-40,$12,$4,$33,$-35,$-261,$-287,$-156,$-47,$11,$-41,$0,$103,$103,$21,$48,$361,$0,$361,$5,$5,$0,$-26,$340,$246,$21,$0
30,2011-03-31,26.7,$3.54,7.54,$16.49,1.62,$2.58,10.35,$0.76,35.13,$1.97B,$1.58B,1.25,$1.81B,$1.15B,1.57,$5.27B,$2.22B,42.00%,$5.27B,$0.47B,8.99%,$5.27B,$0.47B,8.99%,$5.27B,$0.61B,11.51%,$5.27B,$0.34B,6.41%,$5.27B,$0.24B,4.57%,$0.24B,$1.15B,24.14%,$0.24B,$-0.53B,-37.25%,$0.24B,$4.79B,4.84%,$0.47B,$2.96B,15.31%,$1185,$714,$471,$0,$377,$1112,$73,$-16,$57,$23,$34,$34,$34,$98,$73,$317,323,$0.11,$0.11,$474,$34,$44,$1969,$193,$180,$1675,$115,$2824,$4793,$1582,$1808,$213,$2062,$3644,$3,$220,$-64,$1149,$4793,$44,$25,$-32,$-7,$89,$4,$-25,$-188,$-152,$-114,$-14,$5,$-0,$0,$65,$65,$9,$65,$-24,$0,$-24,$0,$0,$0,$-15,$-39,$-79,$11,$0
31,2010-12-31,20.48,$3.29,6.22,$16.10,1.27,$2.99,6.85,$0.63,32.51,$2.26B,$1.96B,1.16,$1.85B,$1.07B,1.74,$5.12B,$2.16B,42.13%,$5.12B,$0.45B,8.74%,$5.12B,$0.45B,8.74%,$5.12B,$0.58B,11.42%,$5.12B,$0.27B,5.32%,$5.12B,$0.20B,3.91%,$0.20B,$1.07B,22.02%,$0.20B,$-0.59B,-27.66%,$0.20B,$5.12B,4.00%,$0.45B,$2.92B,13.99%,$1651,$931,$720,$0,$522,$1478,$173,$-42,$131,$58,$72,$72,$95,$223,$173,$314,319,$0.31,$0.30,$562,$16,$48,$2261,$188,$171,$1657,$95,$2861,$5122,$1957,$1852,$207,$2099,$4056,$3,$185,$-95,$1066,$5122,$156,$138,$-2,$136,$-180,$26,$45,$289,$323,$617,$-68,$29,$-70,$0,$60,$60,$-13,$-63,$-769,$-6,$-775,$2,$2,$0,$-12,$-784,$-235,$47,$0
32,2010-09-30,18.28,$2.96,6.17,$15.55,1.18,$1.93,9.46,$0.54,33.85,$2.18B,$1.61B,1.35,$2.26B,$0.96B,2.36,$4.76B,$2.01B,42.23%,$4.76B,$0.41B,8.70%,$4.76B,$0.41B,8.70%,$4.76B,$0.53B,11.11%,$4.76B,$0.22B,4.58%,$4.76B,$0.17B,3.55%,$0.17B,$0.96B,20.17%,$0.17B,$-0.69B,-21.49%,$0.17B,$5.08B,3.39%,$0.41B,$3.22B,12.72%,$1266,$735,$531,$0,$375,$1136,$131,$-45,$86,$38,$48,$48,$57,$159,$131,$314,319,$0.18,$0.18,$820,$6,$44,$2178,$154,$164,$1649,$788,$2897,$5075,$1610,$2258,$187,$2508,$4118,$3,$90,$-112,$957,$5075,$84,$88,$-6,$82,$-51,$23,$4,$79,$159,$325,$-18,$23,$-69,$0,$54,$54,$-11,$-21,$-285,$-4,$-289,$1,$1,$0,$15,$-273,$27,$35,$0
33,2010-06-30,13.61,$2.55,5.34,$15.17,0.9,$1.11,12.23,$0.40,34.03,$2.05B,$1.40B,1.47,$2.47B,$0.82B,3.01,$4.52B,$1.90B,41.97%,$4.52B,$0.34B,7.53%,$4.52B,$0.34B,7.53%,$4.52B,$0.45B,10.05%,$4.52B,$0.13B,2.88%,$4.52B,$0.12B,2.75%,$0.12B,$0.82B,17.34%,$0.12B,$-0.78B,-13.71%,$0.12B,$4.93B,2.57%,$0.34B,$3.29B,10.72%,$1172,$679,$493,$0,$372,$1075,$97,$-33,$64,$27,$38,$38,$55,$127,$97,$313,318,$0.17,$0.17,$781,$12,$45,$2053,$153,$150,$1600,$844,$2878,$4931,$1395,$2472,$184,$2715,$4110,$3,$33,$-172,$821,$4931,$28,$59,$10,$69,$5,$-11,$-24,$-80,$4,$101,$-7,$10,$-63,$0,$52,$52,$12,$4,$-95,$-4,$-99,$0,$0,$0,$9,$-89,$2,$22,$0
34,2010-03-31,15.85,$2.45,6.46,$15.08,1.05,$0.48,32.69,$0.20,79.25,$1.90B,$1.26B,1.5,$2.57B,$0.79B,3.25,$4.30B,$1.79B,41.66%,$4.30B,$0.28B,6.56%,$4.30B,$0.28B,6.56%,$4.30B,$0.39B,9.11%,$4.30B,$0.06B,1.33%,$4.30B,$0.06B,1.44%,$0.06B,$0.79B,9.82%,$0.06B,$-0.83B,-6.28%,$0.06B,$4.87B,1.32%,$0.28B,$3.36B,9.12%,$1026,$615,$411,$0,$339,$980,$46,$-55,$-9,$7,$-16,$-16,$-7,$75,$46,$313,313,$-0.02,$-0.02,$718,$6,$34,$1897,$166,$160,$1618,$105,$2970,$4867,$1263,$2568,$186,$2815,$4078,$3,$-22,$-136,$789,$4867,$-16,$29,$20,$49,$44,$-4,$-21,$-55,$-24,$7,$-3,$3,$-4,$0,$-2,$-2,$1,$-5,$-60,$7,$-53,$0,$0,$0,$-2,$-54,$-61,$11,$0
35,2009-12-31,13.57,$2.44,5.57,$15.20,0.89,$0.42,32.48,$0.08,169.63,$2.27B,$1.63B,1.39,$2.37B,$0.78B,3.03,$4.17B,$1.72B,41.25%,$4.17B,$0.24B,5.79%,$4.17B,$0.24B,5.79%,$4.17B,$0.38B,9.12%,$4.17B,0,0.00%,$4.17B,$0.03B,0.77%,$0.03B,$0.78B,6.36%,$0.03B,$-0.85B,-2.91%,$0.03B,$5.04B,0.69%,$0.24B,$3.16B,8.44%,$1296,$721,$575,$0,$411,$1156,$140,$-63,$77,$26,$51,$51,$64,$168,$140,$277,280,$0.24,$0.24,$789,$7,$42,$2267,$179,$168,$1629,$107,$2773,$5039,$1629,$2372,$189,$2626,$4255,$3,$-15,$-115,$784,$5039,$-28,$138,$99,$237,$-13,$3,$-11,$-46,$4,$214,$-28,$12,$-31,$0,$-23,$-23,$-50,$-119,$58,$-4,$54,$456,$456,$0,$-33,$477,$583,$38,$0
36,2009-09-30,11.74,$1.59,7.37,$16.67,0.7,$-1.11,0.0,$-0.10,0.0,$1.63B,$1.37B,1.19,$2.42B,$0.47B,5.19,$4.15B,$1.70B,40.87%,$4.15B,$-0.95B,-22.98%,$4.15B,$-0.95B,-22.98%,$4.15B,$0.35B,8.38%,$4.15B,$-1.23B,-29.53%,$4.15B,$-1.12B,-27.00%,$-1.12B,$0.47B,-284.52%,$-1.12B,$-1.16B,94.06%,$-1.12B,$4.48B,-24.53%,$-0.95B,$2.89B,-35.01%,$1023,$606,$417,$0,$338,$966,$57,$-59,$-2,$8,$-11,$-11,$12,$84,$57,$283,286,$0.04,$0.04,$369,$22,$40,$1633,$180,$188,$1629,$112,$2842,$4475,$1370,$2419,$199,$2639,$4009,$3,$-79,$-78,$466,$4475,$-79,$110,$68,$177,$100,$-3,$-43,$-146,$-37,$53,$-13,$7,$-28,$0,$-20,$-20,$-44,$-98,$77,$-4,$73,$161,$161,$0,$-32,$202,$167,$27,$0
37,2009-06-30,9.36,$1.71,5.48,$19.35,0.48,$-2.56,0.0,$0.05,187.2,$1.56B,$1.24B,1.25,$2.48B,$0.49B,5.1,$4.43B,$1.82B,41.18%,$4.43B,$-0.90B,-20.39%,$4.43B,$-0.90B,-20.39%,$4.43B,$0.40B,9.03%,$4.43B,$-1.16B,-26.12%,$4.43B,$-1.09B,-24.68%,$-1.09B,$0.49B,-202.03%,$-1.09B,$-1.11B,82.94%,$-1.09B,$4.42B,-21.63%,$-0.90B,$2.97B,-31.74%,$956,$567,$389,$0,$329,$917,$39,$-48,$-9,$5,$-14,$-14,$-7,$65,$39,$266,266,$-0.02,$-0.02,$353,$21,$48,$1558,$186,$196,$1598,$645,$2861,$4419,$1242,$2480,$188,$2690,$3933,$3,$-92,$-88,$486,$4419,$-68,$83,$36,$119,$107,$-9,$-61,$-214,$-126,$-83,$-6,$6,$-17,$0,$-8,$-8,$-40,$-64,$164,$-1,$163,$150,$150,$0,$-24,$289,$151,$16,$0
38,2009-03-31,4.03,$1.05,3.83,$22.06,0.18,$-4.18,0.0,$0.16,25.19,$1.90B,$2.04B,0.94,$2.14B,$0.28B,7.68,$4.79B,$2.01B,42.04%,$4.79B,$-0.85B,-17.84%,$4.79B,$-0.85B,-17.84%,$4.79B,$0.45B,9.40%,$4.79B,$-1.11B,-23.27%,$4.79B,$-1.07B,-22.33%,$-1.07B,$0.28B,-155.77%,$-1.07B,$-1.28B,73.13%,$-1.07B,$4.66B,-19.23%,$-0.85B,$2.42B,-29.05%,$890,$553,$337,$0,$306,$885,$5,$-72,$-66,$-12,$-54,$-54,$-37,$63,$5,$262,262,$-0.14,$-0.14,$458,$111,$43,$1904,$193,$173,$1554,$100,$2753,$4657,$2036,$2138,$186,$2343,$4379,$3,$-85,$-147,$278,$4657,$-54,$57,$23,$80,$121,$-8,$-69,$-69,$-36,$-11,$-3,$5,$-9,$0,$-5,$-5,$-9,$-19,$318,$-1,$317,$0,$0,$0,$-14,$303,$265,$8,$0
39,2008-12-31,4.32,$1.32,3.28,$24.59,0.18,$-5.71,0.0,$0.40,10.8,$1.92B,$1.87B,1.02,$2.29B,$0.35B,6.62,$5.13B,$2.20B,42.93%,$5.13B,$-0.79B,-15.38%,$5.13B,$-0.79B,-15.38%,$5.13B,$0.49B,9.48%,$5.13B,$-1.03B,-20.00%,$5.13B,$-1.01B,-19.73%,$-1.01B,$0.35B,-116.09%,$-1.01B,$-1.22B,64.82%,$-1.01B,$4.73B,-16.95%,$-0.79B,$2.63B,-24.98%,$1283,$730,$554,$0,$426,$2338,$-1055,$-94,$-1149,$-14,$-1135,$-1135,$-1089,$136,$-1055,$211,211,$-5.19,$-5.18,$195,$97,$76,$1916,$208,$175,$1563,$663,$2811,$4726,$1873,$2287,$201,$2508,$4381,$3,$-48,$-125,$346,$4726,$-1050,$1274,$174,$1448,$230,$8,$-103,$-582,$-526,$-130,$-51,$29,$-240,$0,$-128,$-128,$-28,$-419,$204,$-45,$160,$211,$211,$0,$4,$374,$-184,$30,$0
40,2008-09-30,13.37,$5.15,2.6,$26.31,0.51,$-2.48,0.0,$0.91,14.69,$2.17B,$2.24B,0.97,$2.31B,$1.05B,2.19,$5.68B,$2.52B,44.31%,$5.68B,$0.46B,8.06%,$5.68B,$0.46B,8.06%,$5.68B,$0.58B,10.12%,$5.68B,$0.33B,5.74%,$5.68B,$0.20B,3.50%,$0.20B,$1.05B,19.27%,$0.20B,$-1.67B,-12.03%,$0.20B,$6.41B,3.13%,$0.46B,$3.37B,14.11%,$1300,$755,$544,$0,$420,$1191,$108,$-41,$67,$38,$29,$29,$40,$136,$108,$204,208,$0.20,$0.19,$475,$200,$93,$2171,$217,$244,$2721,$125,$4241,$6412,$2235,$2311,$246,$3122,$5358,$2,$1041,$-58,$1054,$6412,$86,$83,$101,$185,$219,$-2,$-115,$-486,$-500,$-231,$-40,$6,$-196,$0,$-123,$-123,$-59,$-411,$727,$-38,$689,$4,$4,$0,$7,$700,$58,$21,$0
41,2008-06-30,19.2,$5.27,3.64,$26.34,0.73,$-0.17,0.0,$1.20,16.0,$2.22B,$2.28B,0.97,$2.28B,$1.07B,2.14,$5.88B,$2.68B,45.52%,$5.88B,$0.57B,9.62%,$5.88B,$0.57B,9.62%,$5.88B,$0.69B,11.66%,$5.88B,$0.44B,7.45%,$5.88B,$0.27B,4.66%,$0.27B,$1.07B,23.83%,$0.27B,$-1.69B,-18.10%,$0.27B,$6.44B,4.30%,$0.57B,$3.34B,17.18%,$1315,$737,$578,$0,$469,$1227,$88,$-53,$34,$20,$14,$14,$17,$115,$88,$203,208,$0.08,$0.08,$275,$390,$93,$2219,$230,$245,$2753,$133,$4221,$6440,$2281,$2277,$247,$3092,$5373,$2,$1001,$3,$1067,$6440,$29,$56,$81,$136,$157,$-76,$38,$-566,$-545,$-380,$-27,$2,$-159,$0,$-97,$-97,$8,$-274,$539,$1,$540,$3,$3,$0,$8,$551,$-92,$13,$0
42,2008-03-31,21.64,$5.05,4.29,$26.31,0.82,$2.35,9.19,$1.71,12.65,$2.23B,$2.22B,1.0,$2.27B,$1.02B,2.23,$6.05B,$2.80B,46.21%,$6.05B,$0.68B,11.17%,$6.05B,$0.68B,11.17%,$6.05B,$0.80B,13.19%,$6.05B,$0.59B,9.78%,$6.05B,$0.40B,6.58%,$0.40B,$1.02B,32.48%,$0.40B,$-1.67B,-28.43%,$0.40B,$6.31B,6.37%,$0.68B,$3.29B,20.38%,$1231,$704,$526,$0,$432,$1161,$70,$-49,$22,$6,$15,$15,$20,$99,$70,$203,208,$0.10,$0.10,$338,$305,$98,$2225,$229,$258,$2693,$136,$4084,$6309,$2216,$2271,$254,$3073,$5289,$2,$984,$-19,$1020,$6309,$15,$28,$34,$62,$144,$-41,$-73,$-379,$-394,$-317,$-13,$2,$-115,$0,$-55,$-55,$16,$-166,$439,$12,$451,$2,$2,$0,$-13,$439,$-30,$7,$0
43,2007-12-31,21.55,$4.90,4.39,$25.50,0.84,$4.38,4.92,$1.66,12.98,$2.33B,$2.42B,0.96,$2.00B,$0.99B,2.02,$6.03B,$2.83B,46.97%,$6.03B,$0.70B,11.58%,$6.03B,$0.70B,11.58%,$6.03B,$0.82B,13.61%,$6.03B,$0.59B,9.81%,$6.03B,$0.39B,6.46%,$0.39B,$0.99B,30.73%,$0.39B,$-1.59B,-29.14%,$0.39B,$6.24B,6.43%,$0.70B,$2.99B,20.88%,$1837,$968,$870,$0,$639,$1645,$192,$11,$203,$71,$132,$132,$122,$225,$192,$228,235,$0.55,$0.54,$389,$243,$80,$2326,$216,$267,$2579,$434,$3917,$6243,$2424,$1996,$258,$2830,$5254,$2,$964,$-18,$989,$6243,$405,$122,$495,$617,$-139,$-115,$-53,$71,$-374,$648,$-93,$33,$-185,$0,$-179,$-179,$140,$-284,$139,$34,$172,$-623,$-623,$0,$173,$-277,$98,$36,$0
44,2007-09-30,27.84,$6.62,4.21,$23.68,1.18,$3.61,7.72,$1.65,16.87,$2.58B,$2.21B,1.17,$2.01B,$1.52B,1.32,$5.61B,$2.68B,47.72%,$5.61B,$0.73B,13.04%,$5.61B,$0.73B,13.04%,$5.61B,$0.85B,15.14%,$5.61B,$0.60B,10.77%,$5.61B,$0.39B,7.01%,$0.39B,$1.52B,29.83%,$0.39B,$-1.11B,-30.17%,$0.39B,$6.48B,6.56%,$0.73B,$3.53B,21.23%,$1493,$792,$701,$0,$468,$1278,$215,$-36,$179,$64,$115,$115,$115,$246,$215,$231,237,$0.50,$0.48,$513,$296,$71,$2576,$194,$244,$2629,$144,$3907,$6484,$2206,$2010,$251,$2755,$4961,$2,$841,$15,$1523,$6484,$268,$89,$114,$203,$-18,$-176,$-93,$210,$-182,$289,$-50,$30,$-206,$0,$-108,$-108,$121,$-213,$-61,$40,$-20,$9,$9,$0,$117,$105,$191,$29,$0
45,2007-06-30,36.5,$5.97,6.11,$21.53,1.7,$2.84,12.85,$1.57,23.25,$2.13B,$1.76B,1.21,$2.09B,$1.37B,1.53,$5.08B,$2.42B,47.65%,$5.08B,$0.66B,12.89%,$5.08B,$0.66B,12.89%,$5.08B,$0.76B,14.90%,$5.08B,$0.57B,11.16%,$5.08B,$0.37B,7.28%,$0.37B,$1.37B,31.01%,$0.37B,$-1.23B,-35.62%,$0.37B,$5.95B,7.37%,$0.66B,$3.46B,22.99%,$1490,$792,$699,$0,$470,$1292,$199,$-10,$188,$47,$141,$141,$141,$228,$199,$231,237,$0.61,$0.59,$519,$247,$60,$2125,$184,$234,$2600,$368,$3825,$5950,$1760,$2088,$242,$2821,$4581,$2,$726,$-15,$1369,$5950,$153,$59,$79,$137,$-7,$-107,$-106,$124,$-128,$163,$-27,$19,$-162,$0,$-73,$-73,$135,$-109,$3,$39,$42,$8,$8,$0,$87,$137,$194,$23,$0
46,2007-03-31,34.18,$5.23,6.54,$19.12,1.79,$1.82,18.81,$1.25,27.34,$1.79B,$1.41B,1.27,$2.22B,$1.20B,1.86,$4.50B,$2.15B,47.74%,$4.50B,$0.58B,12.99%,$4.50B,$0.58B,12.99%,$4.50B,$0.68B,15.19%,$4.50B,$0.48B,10.70%,$4.50B,$0.29B,6.52%,$0.29B,$1.20B,27.11%,$0.29B,$-1.43B,-38.49%,$0.29B,$5.60B,7.09%,$0.58B,$3.41B,25.98%,$1214,$650,$564,$0,$412,$1121,$93,$-71,$22,$10,$12,$12,$12,$122,$93,$230,237,$0.05,$0.05,$437,$122,$65,$1788,$178,$230,$2620,$378,$3811,$5599,$1411,$2219,$344,$2993,$4404,$2,$585,$-30,$1195,$5599,$12,$29,$63,$92,$113,$2,$-114,$34,$7,$112,$-9,$3,$-138,$0,$-51,$-51,$115,$-80,$76,$-7,$69,$4,$4,$0,$-5,$69,$102,$17,$0
47,2006-12-31,33.2,$5.19,6.39,$17.22,1.93,$0.52,63.64,$1.36,24.47,$2.34B,$1.96B,1.2,$2.19B,$1.18B,1.85,$4.03B,$1.92B,47.67%,$4.03B,$0.55B,13.67%,$4.03B,$0.55B,13.67%,$4.03B,$0.64B,15.80%,$4.03B,$0.52B,12.80%,$4.03B,$0.32B,7.89%,$0.32B,$1.18B,32.02%,$0.32B,$-1.45B,-71.91%,$0.32B,$5.95B,9.48%,$0.55B,$3.37B,31.63%,$1409,$698,$711,$0,$462,$1185,$224,$-9,$215,$90,$125,$125,$125,$253,$224,$227,235,$0.56,$0.53,$813,$249,$71,$2335,$181,$256,$2629,$228,$3610,$5945,$1955,$2185,$181,$2808,$4763,$2,$602,$-33,$1182,$5945,$319,$88,$-11,$77,$-189,$67,$71,$83,$34,$430,$-55,$8,$-1785,$0,$0,$0,$-230,$-2062,$1401,$-9,$1392,$16,$16,$0,$12,$1420,$-205,$12,$0
