,Date,Stock Price,Book Value per Share,Price to Book Ratio,TTM Sales per Share,Price to Sales Ratio,TTM FCF per Share,Price to FCF Ratio,TTM Net EPS,PE Ratio,Current Assets,Current Liabilities,Current Ratio,Long Term Debt,Shareholder's Equity_x,Debt to Equity Ratio,TTM Revenue_x,TTM Gross Profit,Gross Margin,TTM Revenue_y,TTM Operating Income,Operating Margin,TTM Revenue_x,TTM EBIT,EBIT Margin,TTM Revenue_y,TTM EBITDA,EBITDA Margin,TTM Revenue_x,TTM Pre-Tax Income,Pre-Tax Margin,TTM Revenue_y,TTM Net Income_x,Net Margin,TTM Net Income_y,Shareholder's Equity_y,Return on Equity,TTM Net Income_x,Tangible Equity,Return on Tangible Equity,TTM Net Income_y,Total Assets,Return on Assets,TTM Net Income,LT Investments & Debt,Return on Investment,revenue,cost-goods-sold,gross-profit,research-development-expenses,selling-general-administrative-expenses,operating-expenses,operating-income,total-non-operating-income-expense,pre-tax-income,total-provision-income-taxes,income-after-taxes,income-from-continuous-operations,net-income,ebitda,ebit,basic-shares-outstanding,shares-outstanding,eps-basic-net-earnings-per-share,eps-earnings-per-share-diluted,cash-on-hand,inventory,other-current-assets,total-current-assets,net-property-plant-equipment,long-term-investments,goodwill-intangible-assets-total,other-long-term-assets,total-long-term-assets,total-assets,total-current-liabilities,long-term-debt,other-non-current-liabilities,total-long-term-liabilities,total-liabilities,common-stock-net,retained-earnings-accumulated-deficit,comprehensive-income,total-share-holder-equity,total-liabilities-share-holders-equity,net-income-loss,total-depreciation-amortization-cash-flow,other-non-cash-items,total-non-cash-items,change-in-accounts-receivable,change-in-inventories,change-in-accounts-payable,change-in-assets-liabilities,total-change-in-assets-liabilities,cash-flow-from-operating-activities,net-change-in-property-plant-equipment,net-change-in-intangible-assets,net-acquisitions-divestitures,net-change-in-short-term-investments,net-change-in-long-term-investments,net-change-in-investments-total,investing-activities-other,cash-flow-from-investing-activities,net-long-term-debt,net-current-debt,debt-issuance-retirement-net-total,net-common-equity-issued-repurchased,net-total-equity-issued-repurchased,total-common-preferred-stock-dividends-paid,financial-activities-other,cash-flow-from-financial-activities,net-cash-flow,stock-based-compensation,common-stock-dividends-paid
0,2018-07-31,146.5,$24.23,6.05,$125.87,1.16,$16.25,9.02,$10.29,14.24,$0.31B,$0.37B,0.84,$0.40B,$0.58B,0.69,$3.03B,$2.10B,69.17%,$3.03B,$0.29B,9.70%,$3.03B,$0.29B,9.70%,$3.03B,$0.39B,12.74%,$3.03B,$0.28B,9.17%,$3.03B,$0.25B,8.15%,$0.25B,$0.58B,41.41%,$0.25B,$0.58B,41.41%,$0.25B,$1.53B,16.00%,$0.29B,$0.98B,29.50%,$811,$246,$565,$0,$482,$728,$83,$-4,$78,$17,$61,$61,$61,$108,$83,$24,24,$2.55,$2.55,$115,$156,$0,$307,$1149,$0,$0,$71,$1221,$1527,$365,$400,$129,$581,$946,$0,$533,$5,$582,$1527,$248,$94,$-0,$93,$-1,$0,$4,$-6,$-10,$331,$-152,$0,$0,$0,$0,$0,$1,$-151,$0,$0,$0,$-15,$-15,$-207,$-4,$-226,$-46,$7,$-207
1,2018-04-30,159.32,$26.68,5.97,$123.01,1.3,$17.56,9.07,$9.97,15.98,$0.37B,$0.35B,1.05,$0.40B,$0.64B,0.63,$2.96B,$2.06B,69.45%,$2.96B,$0.29B,9.93%,$2.96B,$0.29B,9.93%,$2.96B,$0.38B,12.96%,$2.96B,$0.28B,9.45%,$2.96B,$0.24B,8.10%,$0.24B,$0.64B,40.87%,$0.24B,$0.64B,40.87%,$0.24B,$1.57B,15.56%,$0.29B,$1.04B,29.78%,$721,$218,$504,$0,$440,$658,$63,$-4,$60,$11,$49,$49,$49,$87,$63,$24,24,$2.03,$2.03,$174,$157,$0,$370,$1127,$0,$0,$71,$1198,$1568,$352,$400,$128,$576,$928,$0,$592,$4,$640,$1568,$186,$68,$11,$79,$0,$-1,$-14,$-30,$-44,$221,$-102,$0,$0,$0,$0,$0,$0,$-101,$0,$0,$0,$-18,$-18,$-88,$0,$-106,$13,$6,$-88
2,2018-01-31,169.57,$25.65,6.61,$122.07,1.39,$17.66,9.6,$9.89,17.15,$0.37B,$0.37B,1.02,$0.40B,$0.62B,0.65,$2.94B,$2.05B,69.64%,$2.94B,$0.30B,10.27%,$2.94B,$0.30B,10.27%,$2.94B,$0.39B,13.26%,$2.94B,$0.29B,9.79%,$2.94B,$0.24B,8.09%,$0.24B,$0.62B,41.19%,$0.24B,$0.62B,41.19%,$0.24B,$1.56B,15.51%,$0.30B,$1.02B,30.89%,$788,$261,$527,$0,$450,$711,$77,$-4,$73,$-18,$91,$91,$91,$99,$77,$24,24,$3.80,$3.79,$169,$160,$0,$373,$1114,$0,$0,$70,$1184,$1557,$365,$400,$133,$576,$941,$0,$572,$1,$616,$1557,$138,$44,$7,$52,$0,$-3,$-12,$-26,$-41,$149,$-63,$0,$0,$0,$0,$0,$0,$-63,$0,$0,$0,$-18,$-18,$-59,$0,$-78,$8,$4,$-59
3,2017-10-31,148.99,$22.83,6.53,$121.37,1.23,$18.14,8.21,$8.29,17.97,$0.35B,$0.38B,0.93,$0.40B,$0.55B,0.73,$2.93B,$2.04B,69.69%,$2.93B,$0.31B,10.53%,$2.93B,$0.31B,10.53%,$2.93B,$0.40B,13.50%,$2.93B,$0.29B,10.05%,$2.93B,$0.20B,6.84%,$0.20B,$0.55B,35.13%,$0.20B,$0.55B,35.13%,$0.20B,$1.52B,13.08%,$0.31B,$0.95B,31.78%,$710,$211,$500,$0,$429,$640,$71,$-4,$67,$21,$46,$46,$46,$92,$71,$24,24,$1.93,$1.92,$120,$191,$0,$349,$1106,$0,$0,$67,$1173,$1522,$376,$400,$135,$598,$974,$0,$510,$-2,$548,$1522,$46,$22,$3,$25,$0,$-35,$12,$-10,$-33,$38,$-31,$0,$0,$0,$0,$0,$0,$-30,$0,$0,$0,$-18,$-18,$-31,$0,$-49,$-41,$2,$-31
4,2017-07-31,147.17,$22.64,6.5,$121.36,1.21,$18.18,8.1,$8.38,17.56,$0.36B,$0.38B,0.96,$0.40B,$0.55B,0.74,$2.93B,$2.04B,69.58%,$2.93B,$0.31B,10.70%,$2.93B,$0.31B,10.70%,$2.93B,$0.40B,13.64%,$2.93B,$0.30B,10.22%,$2.93B,$0.20B,6.90%,$0.20B,$0.55B,35.50%,$0.20B,$0.55B,35.50%,$0.20B,$1.52B,13.27%,$0.31B,$0.95B,32.30%,$743,$217,$526,$0,$443,$660,$83,$-4,$80,$26,$54,$54,$54,$106,$83,$24,24,$2.25,$2.22,$161,$156,$0,$359,$1098,$0,$0,$65,$1163,$1522,$376,$400,$136,$602,$977,$0,$493,$-4,$545,$1522,$202,$86,$16,$103,$1,$-4,$-14,$11,$16,$321,$-110,$0,$0,$0,$0,$0,$0,$-110,$0,$0,$0,$0,$0,$-197,$-4,$-201,$10,$8,$-197
5,2017-04-30,147.33,$25.04,5.88,$121.52,1.21,$16.02,9.2,$8.27,17.82,$0.38B,$0.34B,1.12,$0.40B,$0.60B,0.66,$2.93B,$2.03B,69.24%,$2.93B,$0.31B,10.52%,$2.93B,$0.31B,10.52%,$2.93B,$0.39B,13.35%,$2.93B,$0.29B,10.00%,$2.93B,$0.20B,6.79%,$0.20B,$0.60B,35.27%,$0.20B,$0.60B,35.27%,$0.20B,$1.54B,13.12%,$0.31B,$1.00B,31.94%,$700,$206,$495,$0,$423,$629,$71,$-3,$68,$21,$47,$47,$47,$93,$71,$24,24,$1.95,$1.95,$184,$156,$0,$378,$1093,$0,$0,$64,$1157,$1535,$338,$400,$135,$595,$933,$0,$553,$-4,$602,$1535,$148,$64,$9,$73,$0,$-3,$-34,$20,$-17,$203,$-81,$0,$0,$0,$0,$0,$0,$-80,$0,$0,$0,$-6,$-6,$-85,$1,$-90,$33,$6,$-85
6,2017-01-31,144.32,$24.20,5.96,$121.56,1.19,$14.27,10.11,$8.36,17.26,$0.38B,$0.36B,1.06,$0.40B,$0.58B,0.69,$2.93B,$2.02B,69.00%,$2.93B,$0.30B,10.38%,$2.93B,$0.30B,10.38%,$2.93B,$0.39B,13.14%,$2.93B,$0.29B,9.87%,$2.93B,$0.20B,6.86%,$0.20B,$0.58B,35.97%,$0.20B,$0.58B,35.97%,$0.20B,$1.54B,13.34%,$0.30B,$0.98B,31.71%,$773,$255,$518,$0,$435,$690,$83,$-4,$79,$26,$53,$53,$53,$104,$83,$24,24,$2.19,$2.19,$186,$156,$0,$382,$1089,$0,$0,$64,$1153,$1535,$360,$400,$133,$594,$953,$0,$534,$-3,$582,$1535,$101,$42,$5,$47,$0,$-4,$-32,$37,$1,$150,$-53,$0,$0,$0,$0,$0,$0,$-53,$0,$0,$0,$-6,$-6,$-57,$1,$-62,$35,$4,$-57
7,2016-10-31,125.09,$22.77,5.49,$121.28,1.03,$12.30,10.17,$8.18,15.29,$0.35B,$0.35B,0.99,$0.40B,$0.55B,0.73,$2.92B,$2.00B,68.56%,$2.92B,$0.29B,10.00%,$2.92B,$0.29B,10.00%,$2.92B,$0.37B,12.71%,$2.92B,$0.28B,9.49%,$2.92B,$0.20B,6.71%,$0.20B,$0.55B,35.51%,$0.20B,$0.55B,35.51%,$0.20B,$1.50B,13.13%,$0.29B,$0.95B,30.67%,$710,$213,$497,$0,$421,$634,$76,$-4,$72,$24,$48,$48,$48,$96,$76,$24,24,$2.01,$2.01,$125,$187,$0,$351,$1085,$0,$0,$63,$1148,$1499,$354,$400,$142,$598,$952,$0,$509,$-10,$547,$1499,$48,$21,$1,$22,$0,$-35,$-13,$13,$-35,$35,$-26,$0,$0,$0,$0,$0,$0,$-26,$0,$0,$0,$-6,$-6,$-30,$1,$-35,$-26,$1,$-30
8,2016-07-31,141.45,$21.98,6.44,$121.01,1.17,$11.05,12.8,$7.87,17.97,$0.36B,$0.37B,0.97,$0.40B,$0.53B,0.76,$2.91B,$1.99B,68.14%,$2.91B,$0.28B,9.65%,$2.91B,$0.28B,9.65%,$2.91B,$0.36B,12.32%,$2.91B,$0.27B,9.17%,$2.91B,$0.19B,6.49%,$0.19B,$0.53B,34.44%,$0.19B,$0.53B,34.44%,$0.19B,$1.50B,12.73%,$0.28B,$0.93B,29.62%,$746,$228,$518,$0,$440,$668,$78,$-4,$74,$23,$51,$51,$51,$98,$78,$24,24,$2.13,$2.11,$151,$152,$0,$356,$1080,$0,$0,$62,$1142,$1498,$369,$400,$149,$602,$971,$0,$488,$-14,$526,$1498,$189,$78,$31,$110,$-1,$1,$-1,$-5,$-28,$271,$-113,$0,$0,$0,$0,$0,$1,$-113,$0,$0,$0,$-15,$-15,$-256,$-3,$-273,$-114,$13,$-256
9,2016-04-30,127.95,$24.24,5.28,$119.95,1.07,$14.67,8.72,$7.72,16.57,$0.37B,$0.32B,1.18,$0.40B,$0.58B,0.69,$2.89B,$1.96B,68.02%,$2.89B,$0.28B,9.56%,$2.89B,$0.28B,9.56%,$2.89B,$0.35B,12.23%,$2.89B,$0.26B,9.08%,$2.89B,$0.19B,6.41%,$0.19B,$0.58B,33.53%,$0.19B,$0.58B,33.53%,$0.19B,$1.50B,12.30%,$0.28B,$0.98B,29.00%,$700,$212,$488,$0,$421,$633,$67,$-3,$64,$14,$49,$49,$49,$87,$67,$24,24,$2.05,$2.04,$177,$146,$0,$373,$1061,$0,$0,$63,$1123,$1496,$316,$400,$146,$599,$916,$0,$544,$-11,$580,$1496,$138,$57,$11,$68,$0,$7,$-45,$-19,$-57,$149,$-69,$0,$0,$0,$0,$0,$0,$-69,$0,$0,$0,$-20,$-20,$-151,$2,$-169,$-89,$9,$-151
10,2016-01-31,113.87,$23.18,4.91,$119.27,0.95,$17.91,6.36,$7.15,15.93,$0.37B,$0.33B,1.12,$0.40B,$0.56B,0.72,$2.87B,$1.94B,67.70%,$2.87B,$0.26B,9.20%,$2.87B,$0.26B,9.20%,$2.87B,$0.34B,11.85%,$2.87B,$0.25B,8.68%,$2.87B,$0.17B,5.96%,$0.17B,$0.56B,30.94%,$0.17B,$0.56B,30.94%,$0.17B,$1.48B,11.36%,$0.26B,$0.96B,27.71%,$764,$265,$499,$0,$429,$693,$71,$-4,$67,$19,$48,$48,$48,$90,$71,$24,24,$2.02,$2.01,$172,$151,$0,$365,$1049,$0,$0,$63,$1112,$1477,$326,$400,$150,$596,$922,$0,$522,$-10,$555,$1477,$89,$38,$6,$43,$0,$2,$-42,$-7,$-47,$86,$-37,$0,$0,$0,$0,$0,$0,$-36,$0,$0,$0,$-20,$-20,$-125,$2,$-143,$-94,$5,$-125
11,2015-10-31,118.19,$22.29,5.3,$118.96,0.99,$20.72,5.7,$7.10,16.65,$0.36B,$0.34B,1.04,$0.40B,$0.53B,0.75,$2.86B,$1.94B,67.71%,$2.86B,$0.26B,9.22%,$2.86B,$0.26B,9.22%,$2.86B,$0.34B,11.84%,$2.86B,$0.25B,8.70%,$2.86B,$0.17B,5.94%,$0.17B,$0.53B,30.66%,$0.17B,$0.53B,30.66%,$0.17B,$1.47B,11.30%,$0.26B,$0.93B,27.66%,$703,$223,$480,$0,$414,$637,$65,$-4,$62,$21,$41,$41,$41,$84,$65,$24,24,$1.71,$1.70,$128,$186,$0,$356,$1050,$0,$0,$64,$1113,$1469,$344,$400,$144,$592,$936,$0,$500,$-7,$534,$1469,$41,$19,$1,$20,$0,$-33,$-20,$-12,$-65,$-4,$-17,$0,$0,$0,$0,$0,$0,$-17,$0,$0,$0,$-20,$-20,$-99,$2,$-117,$-138,$2,$-99
12,2015-07-31,129.58,$22.45,5.77,$118.25,1.1,$22.41,5.78,$6.82,19.0,$0.46B,$0.45B,1.03,$0.40B,$0.54B,0.74,$2.84B,$1.92B,67.52%,$2.84B,$0.25B,8.94%,$2.84B,$0.25B,8.94%,$2.84B,$0.33B,11.54%,$2.84B,$0.24B,8.37%,$2.84B,$0.16B,5.74%,$0.16B,$0.54B,29.34%,$0.16B,$0.54B,29.34%,$0.16B,$1.58B,10.92%,$0.25B,$0.94B,26.80%,$719,$224,$496,$0,$423,$646,$73,$-4,$69,$22,$47,$47,$47,$92,$73,$24,24,$1.97,$1.97,$265,$153,$0,$457,$1053,$0,$0,$67,$1119,$1576,$446,$400,$142,$592,$1038,$0,$486,$-4,$538,$1576,$164,$73,$11,$84,$5,$12,$35,$20,$86,$334,$-89,$0,$0,$0,$0,$0,$0,$-89,$0,$0,$0,$-5,$-5,$-96,$1,$-99,$146,$16,$-96
13,2015-04-30,110.08,$24.39,4.51,$117.25,0.94,$15.88,6.93,$6.48,16.99,$0.39B,$0.32B,1.24,$0.40B,$0.58B,0.69,$2.82B,$1.89B,67.22%,$2.82B,$0.24B,8.56%,$2.82B,$0.24B,8.56%,$2.82B,$0.31B,11.15%,$2.82B,$0.23B,7.99%,$2.82B,$0.16B,5.50%,$0.16B,$0.58B,28.02%,$0.16B,$0.58B,28.02%,$0.16B,$1.50B,10.64%,$0.24B,$0.98B,25.66%,$684,$216,$468,$0,$412,$628,$55,$-4,$51,$16,$35,$35,$35,$74,$55,$24,24,$1.48,$1.47,$202,$136,$0,$391,$1043,$0,$0,$67,$1110,$1501,$316,$400,$140,$601,$917,$0,$537,$-4,$584,$1501,$117,$54,$13,$67,$0,$29,$-9,$13,$33,$217,$-59,$0,$0,$0,$0,$0,$0,$-58,$0,$0,$0,$-3,$-3,$-72,$-0,$-75,$83,$11,$-72
14,2015-01-31,110.98,$23.48,4.73,$115.66,0.96,$10.97,10.12,$6.21,17.87,$0.37B,$0.32B,1.16,$0.40B,$0.56B,0.71,$2.78B,$1.87B,67.28%,$2.78B,$0.23B,8.32%,$2.78B,$0.23B,8.32%,$2.78B,$0.30B,10.92%,$2.78B,$0.22B,7.75%,$2.78B,$0.15B,5.37%,$0.15B,$0.56B,28.17%,$0.15B,$0.56B,28.17%,$0.15B,$1.47B,10.47%,$0.23B,$0.96B,25.38%,$756,$262,$494,$0,$423,$685,$71,$-5,$67,$19,$47,$47,$47,$89,$71,$24,24,$1.97,$1.96,$183,$141,$0,$366,$1040,$0,$0,$64,$1104,$1470,$315,$400,$141,$594,$909,$0,$526,$-9,$562,$1470,$81,$36,$8,$44,$0,$25,$-16,$19,$28,$153,$-36,$0,$0,$0,$0,$0,$0,$-36,$0,$0,$0,$-4,$-4,$-48,$-1,$-53,$63,$6,$-48
15,2014-10-31,94.46,$22.51,4.2,$113.35,0.83,$7.15,13.21,$5.80,16.29,$0.32B,$0.33B,0.98,$0.37B,$0.54B,0.69,$2.72B,$1.83B,67.28%,$2.72B,$0.22B,8.06%,$2.72B,$0.22B,8.06%,$2.72B,$0.29B,10.67%,$2.72B,$0.20B,7.43%,$2.72B,$0.14B,5.12%,$0.14B,$0.54B,27.11%,$0.14B,$0.54B,27.11%,$0.14B,$1.42B,9.94%,$0.22B,$0.91B,24.58%,$683,$222,$461,$0,$406,$628,$55,$-4,$51,$17,$34,$34,$34,$73,$55,$24,24,$1.43,$1.42,$106,$178,$0,$322,$1041,$0,$0,$60,$1102,$1424,$330,$369,$130,$556,$886,$0,$503,$-5,$538,$1424,$34,$18,$3,$20,$0,$-12,$-6,$1,$-18,$37,$-17,$0,$0,$0,$0,$0,$0,$-17,$-6,$0,$-6,$-5,$-5,$-24,$2,$-33,$-14,$3,$-24
16,2014-07-31,78.67,$22.19,3.54,$112.00,0.7,$5.23,15.04,$5.52,14.25,$0.33B,$0.34B,0.96,$0.38B,$0.53B,0.71,$2.68B,$1.81B,67.46%,$2.68B,$0.21B,7.75%,$2.68B,$0.21B,7.75%,$2.68B,$0.28B,10.36%,$2.68B,$0.19B,7.12%,$2.68B,$0.13B,4.92%,$0.13B,$0.53B,26.55%,$0.13B,$0.53B,26.55%,$0.13B,$1.43B,9.55%,$0.21B,$0.90B,23.59%,$693,$222,$470,$0,$410,$632,$60,$-4,$56,$17,$39,$39,$39,$78,$60,$24,24,$1.64,$1.62,$119,$165,$0,$330,$1043,$0,$0,$59,$1103,$1432,$344,$375,$126,$559,$904,$0,$493,$-5,$529,$1432,$132,$68,$9,$77,$-7,$-19,$-12,$7,$-32,$178,$-90,$0,$0,$0,$0,$0,$1,$-89,$-0,$0,$-0,$-21,$-21,$-71,$1,$-91,$-2,$8,$-71
17,2014-04-30,76.09,$20.45,3.72,$111.25,0.68,$7.19,10.58,$5.32,14.3,$0.27B,$0.31B,0.88,$0.38B,$0.49B,0.78,$2.66B,$1.80B,67.68%,$2.66B,$0.20B,7.62%,$2.66B,$0.20B,7.62%,$2.66B,$0.27B,10.21%,$2.66B,$0.19B,6.94%,$2.66B,$0.13B,4.77%,$0.13B,$0.49B,26.13%,$0.13B,$0.49B,26.13%,$0.13B,$1.37B,9.27%,$0.20B,$0.87B,23.15%,$643,$202,$442,$0,$397,$598,$45,$-4,$41,$12,$29,$29,$29,$63,$45,$24,24,$1.21,$1.20,$88,$147,$0,$273,$1035,$0,$0,$61,$1095,$1369,$312,$381,$130,$569,$881,$0,$454,$-5,$487,$1369,$93,$51,$9,$59,$0,$-1,$-39,$-12,$-51,$101,$-62,$0,$0,$0,$0,$0,$1,$-61,$-0,$0,$-0,$-21,$-21,$-54,$1,$-74,$-33,$6,$-54
18,2014-01-31,78.9,$20.87,3.78,$111.10,0.71,$8.08,9.76,$5.14,15.35,$0.28B,$0.30B,0.94,$0.39B,$0.50B,0.78,$2.66B,$1.80B,67.61%,$2.66B,$0.20B,7.59%,$2.66B,$0.20B,7.59%,$2.66B,$0.27B,10.15%,$2.66B,$0.18B,6.69%,$2.66B,$0.12B,4.62%,$0.12B,$0.50B,25.73%,$0.12B,$0.50B,25.73%,$0.12B,$1.37B,9.07%,$0.20B,$0.89B,23.13%,$698,$243,$455,$0,$397,$640,$59,$-4,$54,$17,$37,$37,$37,$76,$59,$24,24,$1.56,$1.55,$91,$148,$0,$280,$1029,$0,$0,$61,$1090,$1370,$297,$388,$131,$576,$873,$0,$467,$-6,$497,$1370,$64,$33,$6,$39,$0,$-1,$-28,$-11,$-40,$63,$-38,$0,$0,$0,$0,$0,$1,$-37,$-0,$0,$-0,$-21,$-21,$-36,$1,$-56,$-30,$4,$-36
19,2013-10-31,86.93,$20.00,4.35,$111.30,0.78,$9.20,9.45,$5.06,17.18,$0.27B,$0.30B,0.9,$0.39B,$0.48B,0.83,$2.67B,$1.80B,67.59%,$2.67B,$0.20B,7.50%,$2.67B,$0.20B,7.50%,$2.67B,$0.27B,10.05%,$2.67B,$0.17B,6.41%,$2.67B,$0.12B,4.54%,$0.12B,$0.48B,26.18%,$0.12B,$0.48B,26.18%,$0.12B,$1.36B,8.80%,$0.20B,$0.87B,22.50%,$649,$206,$443,$0,$399,$605,$44,$-4,$40,$13,$27,$27,$27,$61,$44,$24,24,$1.14,$1.14,$58,$173,$1,$269,$1026,$0,$0,$60,$1086,$1355,$299,$394,$129,$580,$879,$0,$448,$-7,$476,$1355,$27,$16,$3,$20,$0,$-27,$-17,$-12,$-56,$-9,$-18,$0,$0,$0,$0,$0,$1,$-17,$-0,$0,$-0,$-21,$-21,$-18,$1,$-38,$-64,$3,$-18
20,2013-07-31,76.91,$20.34,3.78,$110.55,0.7,$9.18,8.37,$4.89,15.73,$0.30B,$0.32B,0.96,$0.40B,$0.48B,0.83,$2.64B,$1.79B,67.66%,$2.64B,$0.20B,7.60%,$2.64B,$0.20B,7.60%,$2.64B,$0.27B,10.14%,$2.64B,$0.17B,6.28%,$2.64B,$0.12B,4.43%,$0.12B,$0.48B,26.35%,$0.12B,$0.48B,26.35%,$0.12B,$1.39B,8.41%,$0.20B,$0.88B,22.28%,$674,$211,$463,$0,$409,$619,$55,$-5,$50,$16,$34,$34,$34,$72,$55,$24,24,$1.45,$1.44,$122,$147,$1,$302,$1026,$0,$0,$60,$1086,$1388,$316,$400,$132,$588,$904,$0,$439,$-7,$484,$1388,$117,$66,$15,$81,$-1,$-3,$9,$17,$10,$208,$-74,$0,$0,$0,$0,$0,$0,$-73,$-125,$0,$-125,$3,$3,$-45,$2,$-165,$-30,$18,$-45
21,2013-04-30,64.51,$19.17,3.37,$112.30,0.57,$9.52,6.78,$4.93,13.09,$0.23B,$0.26B,0.91,$0.40B,$0.46B,0.88,$2.67B,$1.81B,67.79%,$2.67B,$0.21B,7.72%,$2.67B,$0.21B,7.72%,$2.67B,$0.27B,10.22%,$2.67B,$0.17B,6.18%,$2.67B,$0.12B,4.42%,$0.12B,$0.46B,28.18%,$0.12B,$0.46B,28.18%,$0.12B,$1.31B,8.43%,$0.21B,$0.86B,22.69%,$640,$202,$438,$0,$394,$596,$44,$-10,$34,$9,$25,$25,$25,$61,$44,$24,24,$1.04,$1.02,$58,$134,$1,$233,$1017,$0,$0,$60,$1077,$1310,$256,$400,$137,$598,$854,$0,$422,$-10,$455,$1310,$83,$49,$11,$60,$0,$9,$-29,$-17,$-37,$107,$-46,$0,$0,$0,$0,$0,$0,$-45,$-125,$0,$-125,$2,$2,$-34,$2,$-155,$-94,$11,$-34
22,2013-01-31,50.23,$18.30,2.74,$111.48,0.45,$10.59,4.74,$4.72,10.64,$0.37B,$0.31B,1.21,$0.51B,$0.43B,1.18,$2.64B,$1.79B,67.87%,$2.64B,$0.20B,7.62%,$2.64B,$0.20B,7.62%,$2.64B,$0.27B,10.16%,$2.64B,$0.16B,6.03%,$2.64B,$0.11B,4.24%,$0.11B,$0.43B,28.79%,$0.11B,$0.43B,28.79%,$0.11B,$1.45B,7.91%,$0.20B,$0.95B,22.03%,$703,$244,$458,$0,$401,$645,$57,$-10,$47,$12,$35,$35,$35,$74,$57,$24,24,$1.48,$1.47,$186,$140,$1,$368,$1018,$0,$0,$59,$1077,$1446,$306,$513,$132,$706,$1011,$0,$410,$-13,$434,$1446,$58,$32,$6,$38,$0,$4,$-16,$-3,$-15,$81,$-29,$0,$0,$0,$0,$0,$0,$-29,$3,$0,$3,$0,$0,$-22,$1,$-18,$34,$5,$-22
23,2012-10-31,48.94,$17.02,2.88,$111.02,0.44,$11.68,4.19,$4.35,11.25,$0.34B,$0.31B,1.12,$0.52B,$0.40B,1.29,$2.61B,$1.77B,67.88%,$2.61B,$0.19B,7.32%,$2.61B,$0.19B,7.32%,$2.61B,$0.26B,9.85%,$2.61B,$0.15B,5.67%,$2.61B,$0.10B,3.95%,$0.10B,$0.40B,28.57%,$0.10B,$0.40B,28.57%,$0.10B,$1.42B,7.37%,$0.19B,$0.92B,21.44%,$627,$198,$430,$0,$384,$582,$45,$-11,$35,$11,$23,$23,$23,$61,$45,$24,24,$0.98,$0.97,$119,$177,$1,$341,$1019,$0,$0,$60,$1080,$1421,$306,$519,$131,$712,$1018,$0,$386,$-18,$403,$1421,$23,$16,$1,$17,$0,$-34,$-2,$-17,$-54,$-14,$-13,$0,$0,$0,$0,$0,$0,$-13,$-0,$0,$-0,$2,$2,$-10,$1,$-6,$-33,$2,$-10
24,2012-07-31,47.82,$16.30,2.93,$110.50,0.43,$12.88,3.71,$4.41,10.84,$0.34B,$0.32B,1.06,$0.53B,$0.38B,1.37,$2.58B,$1.75B,67.95%,$2.58B,$0.19B,7.40%,$2.58B,$0.19B,7.40%,$2.58B,$0.26B,9.92%,$2.58B,$0.15B,5.66%,$2.58B,$0.10B,4.03%,$0.10B,$0.38B,31.23%,$0.10B,$0.38B,31.23%,$0.10B,$1.42B,7.57%,$0.19B,$0.91B,21.95%,$700,$216,$484,$0,$424,$640,$60,$-11,$49,$14,$35,$35,$35,$77,$60,$23,23,$1.50,$1.46,$152,$143,$1,$337,$1022,$0,$0,$59,$1082,$1419,$319,$525,$129,$717,$1036,$0,$375,$-21,$383,$1419,$103,$64,$14,$78,$-2,$-2,$2,$11,$38,$220,$-80,$0,$0,$0,$0,$0,$1,$-80,$-25,$0,$-25,$3,$3,$-22,$4,$-41,$100,$14,$-22
25,2012-04-30,43.62,$14.48,3.01,$106.53,0.41,$9.82,4.44,$3.69,11.82,$0.31B,$0.30B,1.04,$0.54B,$0.34B,1.59,$2.49B,$1.69B,67.71%,$2.49B,$0.17B,6.78%,$2.49B,$0.17B,6.78%,$2.49B,$0.23B,9.35%,$2.49B,$0.12B,4.77%,$2.49B,$0.09B,3.49%,$0.09B,$0.34B,28.59%,$0.09B,$0.34B,28.59%,$0.09B,$1.38B,6.46%,$0.17B,$0.87B,19.94%,$609,$190,$419,$0,$380,$569,$39,$-11,$28,$9,$19,$19,$19,$56,$39,$23,24,$0.82,$0.81,$127,$131,$1,$308,$1016,$0,$0,$56,$1073,$1381,$296,$536,$147,$748,$1045,$0,$340,$-27,$336,$1381,$68,$48,$9,$57,$0,$11,$-12,$18,$16,$142,$-57,$0,$0,$0,$0,$0,$1,$-56,$-0,$0,$-0,$4,$4,$-17,$2,$-11,$75,$9,$-17
26,2012-01-31,39.6,$13.94,2.84,$105.36,0.38,$7.81,5.07,$3.52,11.25,$0.30B,$0.30B,1.02,$0.54B,$0.32B,1.69,$2.47B,$1.67B,67.77%,$2.47B,$0.16B,6.53%,$2.47B,$0.16B,6.53%,$2.47B,$0.22B,9.08%,$2.47B,$0.11B,4.50%,$2.47B,$0.08B,3.36%,$0.08B,$0.32B,29.10%,$0.08B,$0.32B,29.10%,$0.08B,$1.37B,6.25%,$0.16B,$0.86B,19.25%,$673,$235,$438,$0,$391,$626,$47,$-11,$36,$11,$26,$26,$26,$63,$47,$23,23,$1.11,$1.10,$119,$127,$1,$301,$1015,$0,$0,$54,$1070,$1370,$296,$541,$146,$754,$1050,$0,$337,$-32,$320,$1370,$49,$31,$7,$38,$0,$14,$-6,$15,$26,$114,$-38,$0,$0,$0,$0,$0,$0,$-38,$-0,$0,$-0,$2,$2,$-11,$0,$-9,$67,$6,$-11
27,2011-10-31,31.85,$12.81,2.49,$103.24,0.31,$5.28,6.03,$3.62,8.8,$0.26B,$0.28B,0.95,$0.55B,$0.29B,1.86,$2.43B,$1.66B,68.00%,$2.43B,$0.17B,6.82%,$2.43B,$0.17B,6.82%,$2.43B,$0.23B,9.41%,$2.43B,$0.12B,4.77%,$2.43B,$0.09B,3.53%,$0.09B,$0.29B,31.82%,$0.09B,$0.29B,31.82%,$0.09B,$1.33B,6.55%,$0.17B,$0.84B,20.03%,$598,$186,$412,$0,$368,$554,$45,$-11,$33,$10,$24,$24,$24,$60,$45,$23,23,$1.04,$1.03,$50,$161,$1,$262,$1012,$0,$0,$54,$1066,$1328,$276,$545,$146,$759,$1034,$0,$317,$-34,$293,$1328,$24,$15,$3,$18,$0,$-19,$2,$-5,$-22,$20,$-19,$0,$0,$0,$0,$0,$0,$-19,$-0,$0,$-0,$1,$1,$-5,$0,$-4,$-3,$3,$-5
28,2011-07-31,33.69,$11.73,2.87,$102.76,0.33,$4.03,8.36,$3.60,9.36,$0.25B,$0.27B,0.92,$0.55B,$0.27B,2.05,$2.44B,$1.66B,68.25%,$2.44B,$0.17B,6.82%,$2.44B,$0.17B,6.82%,$2.44B,$0.23B,9.40%,$2.44B,$0.12B,4.80%,$2.44B,$0.09B,3.53%,$0.09B,$0.27B,33.99%,$0.09B,$0.27B,33.99%,$0.09B,$1.31B,6.59%,$0.17B,$0.82B,20.29%,$613,$194,$419,$0,$380,$575,$38,$-16,$22,$4,$18,$18,$18,$54,$38,$23,24,$0.76,$0.76,$52,$142,$1,$246,$1009,$0,$0,$56,$1065,$1311,$267,$550,$157,$776,$1043,$0,$299,$-38,$268,$1311,$85,$63,$15,$78,$1,$3,$-17,$9,$-25,$138,$-70,$0,$0,$0,$0,$0,$0,$-69,$-30,$0,$-30,$-13,$-13,$-20,$-1,$-64,$5,$10,$-20
29,2011-04-30,38.09,$11.32,3.36,$102.80,0.37,$7.17,5.32,$3.99,9.55,$0.24B,$0.26B,0.9,$0.57B,$0.26B,2.19,$2.43B,$1.67B,68.69%,$2.43B,$0.17B,7.11%,$2.43B,$0.17B,7.11%,$2.43B,$0.24B,9.70%,$2.43B,$0.13B,5.30%,$2.43B,$0.10B,3.90%,$0.10B,$0.26B,40.60%,$0.10B,$0.26B,40.60%,$0.10B,$1.30B,7.30%,$0.17B,$0.83B,21.50%,$583,$180,$403,$0,$374,$551,$31,$-12,$20,$4,$15,$15,$15,$47,$31,$23,24,$0.66,$0.64,$62,$132,$0,$235,$1009,$0,$0,$55,$1065,$1300,$260,$569,$155,$779,$1040,$0,$286,$-37,$260,$1300,$68,$47,$5,$52,$0,$12,$-34,$5,$-30,$89,$-51,$0,$0,$0,$0,$0,$0,$-51,$-5,$0,$-5,$-6,$-6,$-15,$2,$-23,$15,$7,$-15
30,2011-01-31,38.1,$11.21,3.4,$102.41,0.37,$9.63,3.96,$3.96,9.62,$0.25B,$0.27B,0.91,$0.57B,$0.26B,2.19,$2.43B,$1.67B,68.92%,$2.43B,$0.17B,7.16%,$2.43B,$0.17B,7.16%,$2.43B,$0.24B,9.72%,$2.43B,$0.13B,5.31%,$2.43B,$0.09B,3.87%,$0.09B,$0.26B,41.82%,$0.09B,$0.26B,41.82%,$0.09B,$1.31B,7.24%,$0.17B,$0.83B,21.70%,$640,$219,$421,$0,$368,$588,$52,$-12,$41,$12,$29,$29,$29,$68,$52,$23,24,$1.24,$1.20,$63,$131,$0,$247,$1013,$0,$0,$55,$1067,$1314,$271,$570,$157,$784,$1055,$0,$276,$-39,$260,$1314,$53,$30,$4,$35,$0,$14,$-28,$2,$-30,$57,$-40,$0,$0,$0,$0,$0,$0,$-40,$-3,$0,$-3,$9,$9,$-10,$2,$-2,$16,$5,$-10
31,2010-10-31,39.72,$9.70,4.09,$102.68,0.39,$11.43,3.48,$3.85,10.32,$0.24B,$0.28B,0.85,$0.57B,$0.22B,2.55,$2.42B,$1.67B,69.12%,$2.42B,$0.17B,7.06%,$2.42B,$0.17B,7.06%,$2.42B,$0.23B,9.66%,$2.42B,$0.12B,5.12%,$2.42B,$0.09B,3.72%,$0.09B,$0.22B,44.33%,$0.09B,$0.22B,44.33%,$0.09B,$1.30B,7.03%,$0.17B,$0.80B,21.74%,$599,$180,$419,$0,$373,$553,$45,$-12,$34,$10,$24,$24,$24,$60,$45,$23,24,$1.04,$1.01,$25,$166,$0,$238,$1007,$0,$0,$53,$1060,$1298,$279,$572,$166,$795,$1074,$0,$253,$-49,$224,$1298,$24,$15,$2,$17,$0,$-22,$-15,$-15,$-51,$-10,$-18,$0,$0,$0,$0,$0,$0,$-18,$-2,$0,$-2,$10,$10,$-5,$1,$5,$-23,$2,$-5
32,2010-07-31,35.95,$8.43,4.26,$102.43,0.35,$12.98,2.77,$3.62,9.93,$0.24B,$0.31B,0.76,$0.57B,$0.19B,2.99,$2.40B,$1.66B,69.01%,$2.40B,$0.16B,6.82%,$2.40B,$0.16B,6.82%,$2.40B,$0.23B,9.40%,$2.40B,$0.12B,4.83%,$2.40B,$0.08B,3.49%,$0.08B,$0.19B,45.41%,$0.08B,$0.19B,45.41%,$0.08B,$1.29B,6.60%,$0.16B,$0.77B,20.90%,$612,$183,$429,$0,$383,$567,$45,$-12,$34,$6,$27,$27,$27,$61,$45,$23,24,$1.19,$1.14,$48,$144,$0,$236,$1004,$0,$0,$52,$1056,$1292,$310,$574,$160,$791,$1100,$0,$234,$-49,$192,$1292,$85,$61,$19,$80,$-1,$-7,$24,$5,$47,$212,$-70,$0,$0,$0,$0,$0,$0,$-70,$-65,$0,$-65,$-25,$-25,$-19,$2,$-106,$36,$13,$-19
33,2010-04-30,36.09,$9.38,3.85,$102.59,0.35,$13.74,2.63,$3.47,10.4,$0.25B,$0.26B,0.96,$0.59B,$0.22B,2.66,$2.39B,$1.64B,68.72%,$2.39B,$0.16B,6.70%,$2.39B,$0.16B,6.70%,$2.39B,$0.22B,9.30%,$2.39B,$0.11B,4.65%,$2.39B,$0.08B,3.35%,$0.08B,$0.22B,46.78%,$0.08B,$0.22B,46.78%,$0.08B,$1.29B,6.35%,$0.16B,$0.82B,20.33%,$578,$173,$405,$0,$373,$546,$32,$-12,$20,$5,$14,$14,$14,$47,$32,$23,24,$0.62,$0.61,$79,$120,$0,$248,$992,$0,$0,$51,$1042,$1291,$258,$593,$159,$810,$1067,$0,$211,$-44,$223,$1291,$58,$46,$10,$56,$0,$17,$-14,$15,$23,$137,$-40,$0,$0,$0,$0,$0,$0,$-40,$-45,$0,$-45,$28,$28,$-14,$2,$-29,$68,$10,$-14
34,2010-01-31,26.91,$7.59,3.55,$103.15,0.26,$11.51,2.34,$3.38,7.96,$0.19B,$0.25B,0.76,$0.60B,$0.17B,3.44,$2.38B,$1.63B,68.42%,$2.38B,$0.16B,6.60%,$2.38B,$0.16B,6.60%,$2.38B,$0.22B,9.21%,$2.38B,$0.11B,4.50%,$2.38B,$0.08B,3.28%,$0.08B,$0.17B,54.17%,$0.08B,$0.17B,54.17%,$0.08B,$1.24B,6.16%,$0.16B,$0.77B,19.53%,$633,$212,$421,$0,$369,$583,$49,$-13,$36,$11,$25,$25,$25,$66,$49,$23,23,$1.11,$1.09,$13,$121,$0,$192,$995,$0,$0,$50,$1045,$1237,$253,$595,$160,$810,$1064,$0,$201,$-45,$173,$1237,$43,$30,$9,$39,$0,$17,$-21,$9,$3,$86,$-27,$0,$0,$0,$0,$0,$0,$-27,$-43,$0,$-43,$-3,$-3,$-9,$-2,$-57,$2,$6,$-9
35,2009-10-31,24.01,$6.68,3.59,$104.00,0.23,$9.61,2.5,$3.10,7.75,$0.22B,$0.27B,0.83,$0.64B,$0.15B,4.17,$2.38B,$1.61B,67.96%,$2.38B,$0.15B,6.19%,$2.38B,$0.15B,6.19%,$2.38B,$0.21B,8.72%,$2.38B,$0.10B,4.08%,$2.38B,$0.07B,2.99%,$0.07B,$0.15B,56.13%,$0.07B,$0.15B,56.13%,$0.07B,$1.27B,5.54%,$0.15B,$0.79B,17.69%,$581,$177,$404,$0,$366,$543,$38,$-12,$26,$8,$18,$18,$18,$52,$38,$23,23,$0.79,$0.78,$15,$153,$0,$222,$1002,$0,$0,$46,$1048,$1269,$267,$636,$159,$850,$1117,$0,$181,$-45,$152,$1269,$18,$14,$3,$17,$-0,$-15,$2,$-2,$-12,$23,$-15,$0,$0,$0,$0,$0,$0,$-15,$-2,$0,$-2,$1,$1,$-5,$0,$-5,$3,$3,$-5
36,2009-07-31,20.79,$5.97,3.48,$104.21,0.2,$8.01,2.6,$2.89,7.19,$0.20B,$0.27B,0.75,$0.64B,$0.14B,4.71,$2.37B,$1.60B,67.69%,$2.37B,$0.14B,6.00%,$2.37B,$0.14B,6.00%,$2.37B,$0.20B,8.53%,$2.37B,$0.09B,3.80%,$2.37B,$0.07B,2.79%,$0.07B,$0.14B,57.89%,$0.07B,$0.14B,57.89%,$0.07B,$1.25B,5.08%,$0.14B,$0.77B,16.48%,$596,$185,$411,$0,$367,$554,$41,$-12,$29,$6,$23,$23,$23,$57,$41,$22,23,$1.02,$0.99,$12,$137,$0,$198,$1002,$0,$0,$45,$1047,$1245,$265,$638,$151,$845,$1110,$0,$167,$-45,$136,$1245,$66,$59,$13,$72,$1,$19,$-1,$2,$26,$164,$-9,$0,$0,$0,$0,$0,$0,$-9,$-142,$0,$-142,$4,$4,$-18,$0,$-155,$-0,$7,$-18
37,2009-04-30,23.34,$5.09,4.59,$103.78,0.22,$2.99,7.8,$2.83,8.25,$0.23B,$0.23B,0.99,$0.77B,$0.12B,6.7,$2.37B,$1.61B,67.61%,$2.37B,$0.14B,6.02%,$2.37B,$0.14B,6.02%,$2.37B,$0.20B,8.51%,$2.37B,$0.09B,3.75%,$2.37B,$0.06B,2.70%,$0.06B,$0.12B,61.99%,$0.06B,$0.12B,61.99%,$0.06B,$1.31B,4.86%,$0.14B,$0.89B,16.14%,$568,$176,$391,$0,$362,$539,$29,$-13,$16,$4,$12,$12,$12,$44,$29,$22,23,$0.53,$0.52,$36,$133,$6,$225,$1046,$0,$0,$41,$1087,$1312,$227,$770,$148,$970,$1197,$0,$149,$-46,$115,$1312,$43,$44,$8,$52,$1,$23,$-31,$7,$-5,$90,$-48,$0,$0,$0,$0,$0,$0,$-48,$-9,$0,$-9,$4,$4,$-13,$1,$-18,$24,$6,$-13
38,2009-01-31,12.49,$4.58,2.73,$103.78,0.12,$2.38,5.25,$2.77,4.51,$0.21B,$0.23B,0.92,$0.77B,$0.10B,7.53,$2.37B,$1.60B,67.47%,$2.37B,$0.14B,5.98%,$2.37B,$0.14B,5.98%,$2.37B,$0.20B,8.43%,$2.37B,$0.09B,3.67%,$2.37B,$0.06B,2.61%,$0.06B,$0.10B,67.03%,$0.06B,$0.10B,67.03%,$0.06B,$1.30B,4.74%,$0.14B,$0.88B,16.14%,$630,$222,$408,$0,$368,$591,$39,$-13,$26,$8,$18,$18,$18,$54,$39,$22,23,$0.82,$0.81,$11,$138,$6,$209,$1049,$0,$0,$42,$1091,$1300,$227,$772,$145,$970,$1197,$0,$142,$-45,$103,$1300,$31,$29,$4,$33,$1,$18,$-37,$17,$-15,$50,$-36,$0,$0,$0,$0,$0,$0,$-36,$-7,$0,$-7,$1,$1,$-9,$0,$-15,$-1,$4,$-9
39,2008-10-31,13.99,$4.56,3.07,$102.60,0.14,$2.74,5.1,$2.81,4.98,$0.25B,$0.25B,0.97,$0.81B,$0.10B,7.92,$2.38B,$1.60B,67.48%,$2.38B,$0.15B,6.23%,$2.38B,$0.15B,6.23%,$2.38B,$0.21B,8.67%,$2.38B,$0.09B,3.87%,$2.38B,$0.06B,2.69%,$0.06B,$0.10B,79.26%,$0.06B,$0.10B,79.26%,$0.06B,$1.34B,4.90%,$0.15B,$0.91B,16.97%,$574,$181,$393,$0,$360,$541,$33,$-14,$19,$6,$13,$13,$13,$47,$33,$22,23,$0.57,$0.57,$11,$186,$2,$245,$1053,$0,$0,$44,$1096,$1342,$254,$809,$123,$986,$1240,$0,$128,$-29,$102,$1342,$13,$14,$2,$16,$2,$-30,$-8,$-5,$-36,$-7,$-21,$0,$0,$0,$0,$0,$0,$-21,$30,$0,$30,$1,$1,$-4,$0,$27,$-1,$2,$-4
40,2008-07-31,16.79,$4.15,4.04,$101.05,0.17,$2.86,5.87,$2.81,5.98,$0.22B,$0.27B,0.83,$0.78B,$0.09B,8.4,$2.38B,$1.61B,67.62%,$2.38B,$0.15B,6.33%,$2.38B,$0.15B,6.33%,$2.38B,$0.21B,8.77%,$2.38B,$0.09B,3.94%,$2.38B,$0.07B,2.73%,$0.07B,$0.09B,78.55%,$0.07B,$0.09B,78.55%,$0.07B,$1.31B,5.02%,$0.15B,$0.87B,17.41%,$602,$189,$413,$0,$371,$560,$42,$-14,$28,$7,$21,$21,$21,$57,$42,$23,23,$0.95,$0.92,$12,$156,$3,$221,$1045,$0,$0,$48,$1093,$1314,$265,$779,$123,$956,$1221,$0,$119,$-28,$93,$1314,$66,$58,$10,$68,$-2,$-12,$0,$5,$-9,$125,$-83,$0,$0,$0,$0,$0,$0,$-83,$23,$0,$23,$-52,$-52,$-16,$0,$-44,$-2,$8,$-16
41,2008-04-30,25.44,$3.25,7.83,$95.25,0.27,$1.37,18.59,$3.01,8.45,$0.20B,$0.24B,0.85,$0.79B,$0.07B,10.94,$2.41B,$1.64B,67.85%,$2.41B,$0.17B,6.92%,$2.41B,$0.17B,6.92%,$2.41B,$0.23B,9.32%,$2.41B,$0.11B,4.52%,$2.41B,$0.07B,2.98%,$0.07B,$0.07B,84.21%,$0.07B,$0.07B,84.21%,$0.07B,$1.28B,5.61%,$0.17B,$0.86B,19.32%,$567,$181,$387,$0,$359,$539,$28,$-14,$14,$3,$10,$10,$10,$42,$28,$22,23,$0.47,$0.46,$12,$133,$3,$201,$1035,$0,$0,$45,$1080,$1281,$237,$788,$132,$972,$1209,$0,$102,$-33,$72,$1281,$45,$43,$7,$50,$-0,$11,$-24,$-2,$-11,$84,$-56,$0,$0,$0,$0,$0,$0,$-56,$32,$0,$32,$-50,$-50,$-12,$0,$-30,$-2,$7,$-12
42,2008-01-31,21.43,$2.53,8.46,$88.58,0.24,$1.43,15.01,$3.00,7.14,$0.20B,$0.24B,0.84,$0.79B,$0.06B,14.05,$2.40B,$1.63B,68.11%,$2.40B,$0.17B,7.05%,$2.40B,$0.17B,7.05%,$2.40B,$0.23B,9.56%,$2.40B,$0.11B,4.72%,$2.40B,$0.07B,3.09%,$0.07B,$0.06B,75.13%,$0.07B,$0.06B,75.13%,$0.07B,$1.28B,5.67%,$0.17B,$0.84B,19.00%,$634,$224,$411,$0,$365,$589,$45,$-14,$31,$11,$20,$20,$20,$60,$45,$23,24,$0.87,$0.85,$11,$127,$3,$203,$1034,$0,$0,$46,$1080,$1283,$241,$788,$146,$986,$1227,$0,$96,$-40,$56,$1283,$34,$28,$5,$33,$1,$17,$-27,$19,$-4,$64,$-40,$0,$0,$0,$0,$0,$0,$-40,$32,$0,$32,$-50,$-50,$-8,$0,$-26,$-3,$5,$-8
43,2007-10-31,27.14,$4.65,5.83,$78.87,0.34,$2.22,12.22,$5.03,5.4,$0.23B,$0.24B,0.93,$0.78B,$0.11B,7.08,$2.37B,$1.62B,68.37%,$2.37B,$0.17B,6.99%,$2.37B,$0.17B,6.99%,$2.37B,$0.23B,9.56%,$2.37B,$0.11B,4.76%,$2.37B,$0.16B,6.61%,$0.16B,$0.11B,118.27%,$0.16B,$0.11B,118.27%,$0.16B,$1.30B,11.63%,$0.17B,$0.89B,17.74%,$581,$180,$401,$0,$364,$545,$36,$-15,$21,$7,$14,$14,$14,$50,$36,$24,24,$0.59,$0.57,$12,$164,$5,$225,$1028,$0,$0,$48,$1076,$1301,$242,$782,$113,$948,$1190,$0,$125,$-19,$110,$1301,$14,$14,$2,$16,$-0,$-19,$-11,$-3,$-33,$-3,$-24,$0,$0,$0,$0,$0,$0,$-24,$27,$0,$27,$2,$2,$-3,$0,$25,$-2,$2,$-3
44,2007-07-31,26.02,$4.40,5.92,$70.59,0.37,$2.80,9.29,$5.00,5.2,$0.20B,$0.28B,0.73,$0.76B,$0.10B,7.26,$2.35B,$1.61B,68.35%,$2.35B,$0.17B,7.15%,$2.35B,$0.17B,7.15%,$2.35B,$0.23B,9.78%,$2.35B,$0.12B,4.93%,$2.35B,$0.16B,6.89%,$0.16B,$0.10B,87.33%,$0.16B,$0.10B,87.33%,$0.16B,$1.27B,11.15%,$0.17B,$0.86B,16.47%,$632,$193,$439,$0,$381,$575,$58,$-15,$43,$15,$28,$28,$28,$73,$58,$28,32,$1.42,$1.33,$14,$144,$5,$200,$1019,$0,$0,$46,$1065,$1265,$275,$756,$67,$886,$1161,$0,$113,$-9,$104,$1265,$162,$62,$-92,$-30,$-0,$-16,$22,$-30,$-35,$97,$-88,$0,$0,$0,$0,$0,$0,$-88,$-121,$0,$-121,$-372,$-372,$-16,$7,$-502,$-74,$13,$-16
45,2007-04-30,30.09,$5.02,5.99,$62.41,0.48,$4.43,6.79,$4.90,6.14,$0.32B,$0.26B,1.23,$0.84B,$0.12B,6.76,$2.28B,$1.56B,68.27%,$2.28B,$0.16B,7.14%,$2.28B,$0.16B,7.14%,$2.28B,$0.23B,9.90%,$2.28B,$0.11B,4.91%,$2.28B,$0.17B,7.45%,$0.17B,$0.12B,72.34%,$0.17B,$0.12B,72.34%,$0.17B,$1.37B,10.92%,$0.16B,$0.96B,14.70%,$549,$168,$381,$0,$351,$519,$30,$-12,$18,$6,$12,$12,$12,$46,$30,$25,30,$0.49,$0.45,$150,$123,$5,$315,$1006,$0,$0,$46,$1052,$1367,$256,$836,$151,$987,$1244,$0,$136,$-12,$124,$1367,$134,$47,$-81,$-34,$-0,$5,$-11,$9,$-1,$100,$-61,$0,$0,$0,$0,$0,$0,$-61,$-81,$0,$-81,$-309,$-309,$-12,$5,$-397,$62,$10,$-12
46,2007-01-31,31.54,$7.37,4.28,$54.39,0.58,$3.41,9.25,$4.92,6.41,$0.42B,$0.29B,1.42,$0.84B,$0.19B,4.34,$2.27B,$1.55B,68.15%,$2.27B,$0.16B,7.19%,$2.27B,$0.16B,7.19%,$2.27B,$0.23B,10.01%,$2.27B,$0.12B,5.38%,$2.27B,$0.18B,8.03%,$0.18B,$0.19B,66.97%,$0.18B,$0.19B,73.31%,$0.18B,$1.47B,11.29%,$0.16B,$1.03B,16.54%,$612,$210,$402,$0,$360,$570,$42,$-11,$31,$11,$21,$21,$103,$58,$42,$31,36,$3.32,$2.88,$258,$115,$6,$418,$1002,$0,$0,$46,$1049,$1466,$293,$836,$144,$980,$1274,$0,$200,$-7,$193,$1466,$122,$31,$-80,$-49,$-0,$13,$-15,$13,$36,$109,$-45,$0,$0,$0,$0,$0,$0,$-45,$-79,$0,$-79,$-230,$-230,$-8,$2,$-315,$171,$7,$-8
47,2006-10-31,29.46,$10.31,2.86,$48.71,0.6,$1.78,16.54,$2.65,11.12,$0.68B,$0.33B,2.04,$0.91B,$0.32B,2.83,$2.24B,$1.53B,68.24%,$2.24B,$0.16B,7.31%,$2.24B,$0.16B,7.31%,$2.24B,$0.23B,10.12%,$2.24B,$0.13B,5.84%,$2.24B,$0.11B,4.91%,$0.11B,$0.32B,24.02%,$0.11B,$0.32B,26.76%,$0.11B,$1.71B,6.72%,$0.16B,$1.23B,16.17%,$558,$173,$385,$0,$347,$520,$38,$-15,$24,$9,$15,$15,$19,$53,$38,$31,36,$0.63,$0.57,$73,$144,$4,$675,$992,$0,$0,$47,$1039,$1713,$331,$911,$150,$1061,$1392,$0,$317,$-12,$321,$1713,$19,$15,$-3,$12,$1,$-16,$-2,$-13,$-28,$4,$-24,$0,$0,$0,$0,$0,$0,$-24,$-2,$0,$-2,$8,$8,$-4,$1,$3,$-15,$3,$-4
