,Date,Stock Price,Book Value per Share,Price to Book Ratio,TTM Sales per Share,Price to Sales Ratio,TTM FCF per Share,Price to FCF Ratio,TTM Net EPS,PE Ratio,Current Assets,Current Liabilities,Current Ratio,Long Term Debt,Shareholder's Equity_x,Debt to Equity Ratio,TTM Revenue_x,TTM Gross Profit,Gross Margin,TTM Revenue_y,TTM Operating Income,Operating Margin,TTM Revenue_x,TTM EBIT,EBIT Margin,TTM Revenue_y,TTM EBITDA,EBITDA Margin,TTM Revenue_x,TTM Pre-Tax Income,Pre-Tax Margin,TTM Revenue_y,TTM Net Income_x,Net Margin,TTM Net Income_y,Shareholder's Equity_y,Return on Equity,TTM Net Income_x,Tangible Equity,Return on Tangible Equity,TTM Net Income_y,Total Assets,Return on Assets,TTM Net Income,LT Investments & Debt,Return on Investment,revenue,cost-goods-sold,gross-profit,research-development-expenses,selling-general-administrative-expenses,operating-expenses,operating-income,total-non-operating-income-expense,pre-tax-income,total-provision-income-taxes,income-after-taxes,income-from-continuous-operations,net-income,ebitda,ebit,basic-shares-outstanding,shares-outstanding,eps-basic-net-earnings-per-share,eps-earnings-per-share-diluted,cash-on-hand,inventory,other-current-assets,total-current-assets,net-property-plant-equipment,long-term-investments,goodwill-intangible-assets-total,other-long-term-assets,total-long-term-assets,total-assets,total-current-liabilities,long-term-debt,other-non-current-liabilities,total-long-term-liabilities,total-liabilities,common-stock-net,retained-earnings-accumulated-deficit,comprehensive-income,total-share-holder-equity,total-liabilities-share-holders-equity,net-income-loss,total-depreciation-amortization-cash-flow,other-non-cash-items,total-non-cash-items,change-in-accounts-receivable,change-in-inventories,change-in-accounts-payable,change-in-assets-liabilities,total-change-in-assets-liabilities,cash-flow-from-operating-activities,net-change-in-property-plant-equipment,net-change-in-intangible-assets,net-acquisitions-divestitures,net-change-in-short-term-investments,net-change-in-long-term-investments,net-change-in-investments-total,investing-activities-other,cash-flow-from-investing-activities,net-long-term-debt,net-current-debt,debt-issuance-retirement-net-total,net-common-equity-issued-repurchased,net-total-equity-issued-repurchased,total-common-preferred-stock-dividends-paid,financial-activities-other,cash-flow-from-financial-activities,net-cash-flow,stock-based-compensation,common-stock-dividends-paid
0,2018-06-30,61.77,$20.94,2.95,$50.11,1.23,$2.67,23.11,$-2.31,0.0,$1.34B,$0.89B,1.51,$0.63B,$1.29B,0.49,$3.12B,$0.74B,23.82%,$3.12B,$0.13B,4.30%,$3.12B,$0.13B,4.30%,$3.12B,$0.45B,14.54%,$3.12B,$0.09B,3.02%,$3.12B,$-0.14B,-4.40%,$-0.14B,$1.29B,-9.57%,$-0.14B,$1.10B,-11.65%,$-0.14B,$3.06B,-4.31%,$0.13B,$1.92B,6.47%,$850,$637,$213,$18,$84,$739,$111,$-10,$101,$-1,$102,$102,$94,$217,$111,$0,62,$0.00,$1.51,$131,$482,$0,$1342,$1248,$51,$188,$160,$1715,$3057,$890,$630,$247,$878,$1768,$62,$1417,$-313,$1289,$3057,$-176,$279,$230,$509,$-151,$-77,$0,$-4,$-190,$143,$-154,$0,$-64,$0,$11,$11,$-4,$-211,$51,$2,$53,$-41,$-41,$-81,$0,$-69,$-149,$16,$-81
1,2018-03-31,55.41,$21.72,2.55,$47.64,1.16,$4.52,12.25,$-3.00,0.0,$1.39B,$0.83B,1.67,$0.63B,$1.34B,0.47,$2.97B,$0.70B,23.70%,$2.97B,$0.11B,3.67%,$2.97B,$0.11B,3.67%,$2.97B,$0.36B,12.10%,$2.97B,$0.07B,2.26%,$2.97B,$-0.18B,-6.00%,$-0.18B,$1.34B,-12.03%,$-0.18B,$1.14B,-14.87%,$-0.18B,$3.12B,-5.55%,$0.11B,$1.97B,5.13%,$854,$654,$200,$17,$74,$745,$109,$-14,$95,$-4,$99,$99,$88,$-26,$109,$62,62,$1.41,$1.40,$179,$498,$0,$1387,$1274,$54,$200,$153,$1730,$3117,$833,$631,$265,$941,$1774,$62,$1370,$-209,$1343,$3117,$-275,$171,$322,$493,$-87,$-61,$0,$-23,$-137,$81,$-96,$0,$-64,$0,$10,$10,$-7,$-157,$7,$2,$9,$-15,$-15,$-45,$0,$-51,$-101,$12,$-45
2,2017-12-31,60.94,$23.82,2.56,$45.20,1.35,$4.97,12.25,$0.98,62.19,$1.28B,$0.79B,1.63,$0.63B,$1.47B,0.43,$2.83B,$0.68B,24.13%,$2.83B,$0.36B,12.63%,$2.83B,$0.36B,12.63%,$2.83B,$0.51B,18.15%,$2.83B,$0.32B,11.18%,$2.83B,$0.07B,2.44%,$0.07B,$1.47B,4.62%,$0.07B,$1.12B,5.80%,$0.07B,$3.19B,2.16%,$0.36B,$2.10B,16.62%,$818,$628,$190,$16,$78,$976,$-158,$-13,$-171,$-7,$-164,$-163,$-173,$133,$-158,$62,62,$-2.80,$-2.80,$189,$478,$0,$1281,$1329,$54,$348,$150,$1908,$3189,$788,$631,$252,$929,$1717,$62,$1555,$-263,$1472,$3189,$-112,$39,$181,$220,$-19,$-41,$0,$-10,$-63,$45,$-52,$0,$-64,$0,$10,$10,$5,$-101,$0,$0,$0,$-16,$-16,$-20,$0,$-36,$-91,$6,$-20
3,2017-09-30,54.93,$26.26,2.09,$43.30,1.27,$6.44,8.53,$3.81,14.42,$1.30B,$0.74B,1.75,$0.66B,$1.63B,0.41,$2.72B,$0.66B,24.40%,$2.72B,$0.35B,12.77%,$2.72B,$0.35B,12.77%,$2.72B,$0.50B,18.48%,$2.72B,$0.30B,11.00%,$2.72B,$0.25B,9.05%,$0.25B,$1.63B,17.03%,$0.25B,$1.33B,21.24%,$0.25B,$3.34B,7.86%,$0.35B,$2.29B,15.99%,$720,$542,$178,$15,$69,$626,$94,$-2,$92,$205,$-113,$-112,$-122,$129,$94,$62,62,$-1.98,$-1.98,$280,$433,$0,$1299,$1305,$56,$291,$150,$2039,$3338,$742,$661,$245,$971,$1713,$62,$1707,$-259,$1625,$3338,$273,$155,$-25,$130,$-64,$-61,$0,$-19,$-55,$348,$-147,$0,$0,$0,$0,$0,$-2,$-149,$-4,$2,$-2,$-40,$-40,$-91,$0,$-133,$80,$16,$-91
4,2017-06-30,52.28,$23.73,2.2,$41.61,1.26,$7.94,6.58,$3.57,14.64,$1.16B,$0.68B,1.71,$0.67B,$1.48B,0.45,$2.61B,$0.66B,25.07%,$2.61B,$0.33B,12.74%,$2.61B,$0.33B,12.74%,$2.61B,$0.49B,18.64%,$2.61B,$0.28B,10.87%,$2.61B,$0.23B,8.61%,$0.23B,$1.48B,16.29%,$0.23B,$1.19B,20.55%,$0.23B,$3.18B,7.36%,$0.33B,$2.14B,15.35%,$723,$549,$174,$16,$69,$634,$89,$-11,$78,$0,$78,$79,$70,$123,$89,$62,63,$1.15,$1.13,$198,$398,$0,$1164,$1267,$55,$290,$148,$2014,$3178,$679,$665,$283,$1022,$1701,$62,$1655,$-338,$1477,$3178,$194,$115,$-23,$92,$-64,$-61,$0,$-7,$-95,$191,$-86,$0,$0,$0,$0,$0,$-3,$-89,$-4,$2,$-2,$-22,$-22,$-70,$0,$-94,$-2,$10,$-70
5,2017-03-31,58.27,$22.38,2.6,$40.24,1.45,$9.94,5.86,$3.74,15.58,$1.10B,$0.68B,1.64,$0.66B,$1.40B,0.48,$2.53B,$0.65B,25.86%,$2.53B,$0.33B,13.13%,$2.53B,$0.33B,13.13%,$2.53B,$0.49B,19.26%,$2.53B,$0.29B,11.47%,$2.53B,$0.23B,9.25%,$0.23B,$1.40B,17.24%,$0.23B,$1.11B,21.86%,$0.23B,$3.08B,7.75%,$0.33B,$2.06B,15.46%,$705,$544,$161,$14,$63,$621,$84,$-16,$68,$16,$52,$55,$47,$128,$84,$62,63,$0.73,$0.73,$133,$395,$0,$1104,$1237,$54,$285,$147,$1977,$3081,$675,$664,$270,$1008,$1683,$63,$1638,$-389,$1398,$3081,$139,$76,$-23,$53,$-78,$-65,$0,$-21,$-134,$58,$-45,$0,$0,$0,$0,$0,$-2,$-47,$-1,$8,$7,$-9,$-9,$-40,$0,$-42,$-67,$6,$-40
6,2016-12-31,48.91,$20.54,2.38,$38.49,1.27,$12.15,4.02,$3.32,14.73,$1.00B,$0.40B,2.52,$0.91B,$1.28B,0.72,$2.42B,$0.64B,26.25%,$2.42B,$0.32B,13.19%,$2.42B,$0.32B,13.19%,$2.42B,$0.48B,19.72%,$2.42B,$0.27B,11.33%,$2.42B,$0.21B,8.60%,$0.21B,$1.28B,15.45%,$0.21B,$1.00B,19.73%,$0.21B,$2.93B,6.94%,$0.32B,$2.19B,14.92%,$678,$509,$169,$14,$65,$588,$90,$-12,$78,$-1,$79,$80,$74,$122,$90,$62,63,$1.19,$1.19,$189,$360,$0,$1001,$1236,$52,$278,$143,$1928,$2929,$397,$913,$275,$1255,$1652,$62,$1576,$-445,$1277,$2929,$59,$38,$2,$40,$28,$-36,$0,$-2,$8,$107,$-22,$0,$0,$0,$0,$0,$-1,$-23,$-4,$4,$0,$-13,$-13,$-19,$0,$-32,$-11,$5,$-19
7,2016-09-30,50.43,$22.05,2.29,$38.41,1.31,$11.85,4.25,$2.36,21.37,$1.05B,$0.40B,2.64,$0.91B,$1.37B,0.67,$2.41B,$0.58B,23.85%,$2.41B,$0.25B,10.24%,$2.41B,$0.25B,10.24%,$2.41B,$0.41B,16.92%,$2.41B,$0.19B,7.92%,$2.41B,$0.15B,6.06%,$0.15B,$1.37B,10.89%,$0.15B,$1.08B,14.00%,$0.15B,$3.04B,4.86%,$0.25B,$2.29B,11.93%,$611,$452,$159,$12,$63,$527,$84,$-9,$75,$18,$57,$59,$55,$114,$84,$62,63,$0.87,$0.86,$200,$342,$0,$1047,$1290,$53,$292,$137,$1988,$3035,$397,$914,$285,$1266,$1663,$62,$1544,$-325,$1372,$3035,$162,$161,$6,$167,$25,$54,$0,$15,$63,$392,$-96,$0,$0,$0,$0,$0,$-8,$-104,$-56,$-12,$-68,$-35,$-35,$-81,$0,$-184,$123,$17,$-81
8,2016-06-30,43.67,$22.20,1.97,$39.15,1.12,$12.80,3.41,$2.21,19.76,$1.08B,$0.66B,1.63,$0.67B,$1.38B,0.48,$2.46B,$0.55B,22.25%,$2.46B,$0.23B,9.38%,$2.46B,$0.23B,9.38%,$2.46B,$0.40B,16.04%,$2.46B,$0.17B,6.90%,$2.46B,$0.14B,5.56%,$0.14B,$1.38B,10.28%,$0.14B,$1.09B,13.29%,$0.14B,$3.03B,4.54%,$0.23B,$2.05B,11.12%,$619,$453,$166,$13,$78,$544,$75,$-12,$63,$12,$51,$52,$49,$123,$75,$62,63,$0.79,$0.79,$222,$330,$0,$1079,$1297,$55,$294,$136,$1954,$3033,$661,$669,$226,$989,$1650,$63,$1523,$-290,$1383,$3033,$109,$122,$22,$144,$42,$61,$0,$3,$42,$295,$-64,$0,$0,$0,$0,$0,$-6,$-70,$-15,$0,$-15,$-21,$-19,$-63,$0,$-97,$145,$11,$-63
9,2016-03-31,45.92,$21.70,2.12,$40.24,1.14,$11.89,3.86,$-5.71,0.0,$1.03B,$0.66B,1.57,$0.67B,$1.35B,0.49,$2.54B,$0.54B,21.21%,$2.54B,$-0.35B,-13.64%,$2.54B,$-0.35B,-13.64%,$2.54B,$0.18B,7.06%,$2.54B,$-0.41B,-16.29%,$2.54B,$-0.36B,-14.35%,$-0.36B,$1.35B,-27.40%,$-0.36B,$1.05B,-35.64%,$-0.36B,$3.00B,-11.87%,$-0.35B,$2.02B,-16.10%,$621,$461,$160,$13,$64,$538,$83,$-9,$74,$15,$59,$60,$56,$118,$83,$62,63,$0.90,$0.88,$178,$344,$0,$1028,$1318,$57,$304,$135,$1970,$2998,$655,$669,$233,$990,$1645,$63,$1483,$-279,$1353,$2998,$49,$82,$27,$109,$71,$49,$0,$-20,$30,$188,$-36,$0,$0,$0,$0,$0,$-5,$-41,$-15,$0,$-15,$-16,$-15,$-31,$0,$-61,$101,$6,$-31
10,2015-12-31,38.64,$20.13,1.92,$42.02,0.92,$11.57,3.34,$-6.06,0.0,$1.00B,$0.71B,1.41,$0.67B,$1.26B,0.53,$2.66B,$0.53B,19.80%,$2.66B,$-0.37B,-13.86%,$2.66B,$-0.37B,-13.86%,$2.66B,$0.16B,6.09%,$2.66B,$-0.44B,-16.38%,$2.66B,$-0.39B,-14.50%,$-0.39B,$1.26B,-26.63%,$-0.39B,$0.95B,-38.17%,$-0.39B,$2.96B,-11.88%,$-0.37B,$1.93B,-15.70%,$568,$418,$150,$11,$62,$491,$77,$-15,$62,$11,$51,$52,$48,$53,$77,$62,63,$0.76,$0.76,$84,$369,$0,$999,$1315,$54,$302,$132,$1956,$2955,$709,$670,$235,$991,$1700,$63,$1448,$-344,$1255,$2955,$-3,$41,$34,$75,$30,$16,$0,$-23,$11,$83,$-17,$0,$0,$0,$0,$0,$-1,$-18,$-3,$-11,$-14,$-13,$-13,$-14,$0,$-41,$7,$3,$-14
11,2015-09-30,29.68,$21.42,1.39,$44.94,0.66,$10.75,2.76,$-5.26,0.0,$1.05B,$0.44B,2.38,$0.97B,$1.34B,0.73,$2.87B,$0.59B,20.38%,$2.87B,$-0.32B,-11.04%,$2.87B,$-0.32B,-11.04%,$2.87B,$0.22B,7.59%,$2.87B,$-0.38B,-13.13%,$2.87B,$-0.33B,-11.63%,$-0.33B,$1.34B,-20.49%,$-0.33B,$1.03B,-31.74%,$-0.33B,$3.08B,-9.53%,$-0.32B,$2.31B,-12.13%,$603,$504,$99,$16,$71,$591,$12,$-20,$-8,$-5,$-3,$-3,$-7,$101,$12,$63,63,$-0.11,$-0.11,$77,$397,$0,$1048,$1383,$57,$307,$128,$2027,$3075,$441,$970,$240,$1296,$1737,$63,$1478,$-299,$1338,$3075,$-326,$535,$154,$689,$154,$58,$0,$18,$136,$499,$-141,$0,$0,$0,$0,$0,$-21,$-162,$-60,$-18,$-78,$-97,$-95,$-83,$0,$-256,$10,$10,$-83
12,2015-06-30,34.84,$21.74,1.6,$48.35,0.72,$7.31,4.76,$-5.46,0.0,$1.18B,$0.57B,2.07,$0.97B,$1.37B,0.71,$3.11B,$0.63B,20.19%,$3.11B,$-0.29B,-9.29%,$3.11B,$-0.29B,-9.29%,$3.11B,$0.26B,8.20%,$3.11B,$-0.35B,-11.19%,$3.11B,$-0.34B,-11.03%,$-0.34B,$1.37B,-18.94%,$-0.34B,$1.05B,-31.48%,$-0.34B,$3.24B,-9.13%,$-0.29B,$2.34B,-10.31%,$671,$532,$139,$14,$66,$612,$59,$-17,$42,$2,$40,$40,$40,$-93,$59,$63,63,$0.66,$0.67,$84,$432,$0,$1178,$1427,$61,$316,$117,$2058,$3236,$568,$971,$249,$1300,$1868,$63,$1464,$-255,$1368,$3236,$-367,$493,$154,$647,$80,$33,$0,$-9,$-2,$278,$-103,$0,$0,$0,$0,$0,$-8,$-111,$-61,$112,$51,$-79,$-79,$-58,$0,$-86,$17,$9,$-58
13,2015-03-31,41.82,$28.95,1.44,$51.81,0.81,$5.62,7.44,$2.36,17.72,$1.17B,$0.56B,2.1,$1.00B,$1.84B,0.54,$3.36B,$0.66B,19.72%,$3.36B,$0.30B,8.88%,$3.36B,$0.30B,8.88%,$3.36B,$0.49B,14.63%,$3.36B,$0.24B,7.18%,$3.36B,$0.15B,4.59%,$0.15B,$1.84B,7.62%,$0.15B,$1.01B,13.38%,$0.15B,$3.73B,3.83%,$0.30B,$2.83B,9.85%,$694,$544,$150,$15,$67,$1188,$-494,$-15,$-509,$-64,$-445,$-444,$-445,$101,$-494,$63,63,$-7.04,$-7.04,$94,$408,$0,$1171,$1483,$63,$828,$113,$2561,$3732,$557,$995,$252,$1338,$1895,$63,$1943,$-273,$1837,$3732,$76,$92,$19,$111,$71,$55,$0,$-6,$22,$205,$-70,$0,$0,$0,$0,$0,$-7,$-77,$-35,$93,$58,$-56,$-56,$-39,$0,$-37,$27,$6,$-39
14,2014-12-31,40.57,$31.05,1.31,$54.77,0.74,$3.50,11.58,$2.49,16.29,$1.32B,$0.65B,2.04,$1.00B,$1.98B,0.5,$3.56B,$0.70B,19.63%,$3.56B,$0.31B,8.76%,$3.56B,$0.31B,8.76%,$3.56B,$0.51B,14.24%,$3.56B,$0.25B,7.02%,$3.56B,$0.16B,4.61%,$0.16B,$1.98B,7.81%,$0.16B,$1.12B,13.58%,$0.16B,$3.98B,3.89%,$0.31B,$2.97B,10.03%,$694,$555,$139,$14,$71,$640,$54,$-15,$39,$14,$25,$27,$26,$109,$54,$64,64,$0.41,$0.41,$88,$475,$0,$1315,$1547,$66,$859,$111,$2662,$3977,$646,$995,$265,$1355,$2001,$64,$1930,$-144,$1976,$3977,$49,$45,$14,$59,$23,$7,$0,$-7,$-52,$56,$-41,$0,$0,$0,$0,$0,$-3,$-44,$-35,$118,$83,$-45,$-45,$-14,$0,$24,$21,$4,$-14
15,2014-09-30,46.74,$32.06,1.46,$56.06,0.83,$2.34,19.94,$3.03,15.43,$1.36B,$0.63B,2.17,$1.00B,$2.06B,0.49,$3.65B,$0.72B,19.77%,$3.65B,$0.34B,9.19%,$3.65B,$0.34B,9.19%,$3.65B,$0.54B,14.70%,$3.65B,$0.31B,8.45%,$3.65B,$0.20B,5.46%,$0.20B,$2.06B,9.30%,$0.20B,$1.18B,16.16%,$0.20B,$4.08B,4.59%,$0.34B,$3.07B,10.61%,$812,$655,$157,$15,$78,$748,$64,$-13,$51,$3,$48,$49,$45,$138,$64,$64,65,$0.70,$0.69,$67,$498,$0,$1364,$1581,$68,$883,$108,$2720,$4084,$630,$1004,$291,$1390,$2020,$64,$1900,$-64,$2064,$4084,$218,$201,$11,$212,$-54,$-56,$0,$9,$-115,$315,$-171,$0,$-73,$0,$235,$235,$-7,$-16,$-10,$-215,$-225,$-4,$-4,$-73,$0,$-302,$-28,$14,$-73
16,2014-06-30,53.17,$34.16,1.56,$55.95,0.95,$2.54,20.97,$3.30,16.11,$1.50B,$0.72B,2.1,$1.03B,$2.21B,0.47,$3.63B,$0.71B,19.44%,$3.63B,$0.32B,8.92%,$3.63B,$0.32B,8.92%,$3.63B,$0.52B,14.32%,$3.63B,$0.30B,8.12%,$3.63B,$0.22B,5.92%,$0.22B,$2.21B,10.03%,$0.22B,$1.30B,17.13%,$0.22B,$4.30B,4.92%,$0.32B,$3.23B,10.23%,$911,$729,$182,$14,$81,$824,$87,$-16,$71,$41,$30,$32,$31,$143,$87,$64,65,$0.48,$0.48,$101,$532,$4,$1501,$1616,$71,$909,$121,$2797,$4298,$715,$1026,$273,$1377,$2092,$65,$1883,$90,$2206,$4298,$182,$150,$-28,$122,$-62,$-66,$0,$6,$-120,$185,$-115,$0,$-73,$0,$0,$0,$210,$22,$13,$-149,$-136,$7,$7,$-59,$0,$-188,$6,$11,$-59
17,2014-03-31,53.94,$33.33,1.62,$55.50,0.97,$0.64,84.27,$3.42,15.77,$1.69B,$0.96B,1.76,$1.02B,$2.15B,0.48,$3.59B,$0.70B,19.43%,$3.59B,$0.32B,8.85%,$3.59B,$0.32B,8.85%,$3.59B,$0.51B,14.17%,$3.59B,$0.29B,8.05%,$3.59B,$0.22B,6.15%,$0.22B,$2.15B,10.56%,$0.22B,$1.24B,17.99%,$0.22B,$4.49B,5.05%,$0.32B,$3.17B,10.22%,$940,$756,$184,$15,$76,$847,$93,$-13,$80,$20,$60,$58,$52,$117,$93,$65,65,$0.79,$0.78,$89,$541,$3,$1688,$1617,$73,$913,$121,$2799,$4487,$962,$1023,$273,$1376,$2338,$65,$1845,$77,$2149,$4487,$125,$100,$-21,$79,$-52,$-76,$0,$6,$-135,$69,$-70,$0,$-73,$0,$0,$0,$-5,$-148,$15,$106,$121,$4,$4,$-36,$0,$89,$-6,$8,$-36
18,2013-12-31,46.77,$33.19,1.41,$54.75,0.85,$-1.25,0.0,$3.30,14.17,$1.62B,$0.97B,1.67,$1.03B,$2.14B,0.48,$3.53B,$0.67B,18.82%,$3.53B,$0.30B,8.49%,$3.53B,$0.30B,8.49%,$3.53B,$0.49B,13.92%,$3.53B,$0.28B,7.87%,$3.53B,$0.21B,6.00%,$0.21B,$2.14B,10.38%,$0.21B,$1.21B,17.60%,$0.21B,$4.46B,4.88%,$0.30B,$3.16B,9.82%,$898,$722,$176,$16,$92,$830,$68,$-20,$48,$7,$41,$39,$36,$138,$68,$64,65,$0.55,$0.54,$105,$513,$0,$1615,$1641,$78,$923,$136,$2840,$4455,$969,$1026,$264,$1350,$2319,$65,$1822,$83,$2136,$4455,$86,$51,$-21,$30,$-34,$-39,$0,$-5,$-136,$-18,$-42,$0,$-73,$0,$0,$0,$-4,$-119,$18,$149,$167,$1,$1,$-13,$0,$155,$10,$4,$-13
19,2013-09-30,38.71,$32.56,1.19,$53.68,0.72,$-2.09,0.0,$2.38,16.26,$1.50B,$0.84B,1.77,$1.02B,$2.08B,0.49,$3.46B,$0.63B,18.32%,$3.46B,$0.27B,7.75%,$3.46B,$0.27B,7.75%,$3.46B,$0.46B,13.25%,$3.46B,$0.21B,6.08%,$3.46B,$0.15B,4.40%,$0.15B,$2.08B,7.60%,$0.15B,$1.27B,12.77%,$0.15B,$4.23B,3.51%,$0.27B,$3.10B,8.73%,$898,$719,$179,$15,$77,$811,$87,$22,$109,$24,$85,$87,$80,$122,$87,$64,65,$1.24,$1.23,$95,$455,$4,$1495,$1600,$119,$810,$141,$2738,$4233,$844,$1020,$265,$1306,$2150,$64,$1755,$103,$2083,$4233,$160,$190,$14,$204,$34,$64,$0,$4,$55,$419,$-264,$0,$0,$0,$39,$39,$-2,$-227,$-352,$229,$-123,$3,$3,$-68,$-18,$-206,$-25,$16,$-68
20,2013-06-30,33.74,$31.34,1.08,$52.87,0.64,$-2.38,0.0,$2.21,15.27,$1.60B,$0.99B,1.62,$1.01B,$2.00B,0.5,$3.40B,$0.62B,18.21%,$3.40B,$0.25B,7.21%,$3.40B,$0.25B,7.21%,$3.40B,$0.43B,12.76%,$3.40B,$0.19B,5.56%,$3.40B,$0.14B,4.06%,$0.14B,$2.00B,7.02%,$0.14B,$1.19B,11.95%,$0.14B,$4.34B,3.16%,$0.25B,$3.01B,7.98%,$895,$728,$167,$16,$75,$819,$76,$-18,$58,$9,$49,$51,$47,$132,$76,$64,65,$0.72,$0.73,$76,$522,$0,$1604,$1567,$116,$809,$141,$2736,$4340,$988,$1008,$284,$1351,$2339,$64,$1720,$70,$2001,$4340,$109,$144,$27,$171,$-38,$-9,$0,$-2,$-140,$142,$-195,$0,$0,$0,$39,$39,$-4,$-160,$-189,$220,$31,$0,$0,$-56,$13,$-12,$-44,$13,$-56
21,2013-03-31,30.69,$30.57,1.0,$52.06,0.59,$-1.43,0.0,$2.33,13.17,$1.65B,$1.05B,1.58,$1.00B,$1.95B,0.51,$3.35B,$0.62B,18.48%,$3.35B,$0.25B,7.41%,$3.35B,$0.25B,7.41%,$3.35B,$0.43B,12.77%,$3.35B,$0.19B,5.77%,$3.35B,$0.15B,4.36%,$0.15B,$1.95B,7.54%,$0.15B,$1.14B,11.07%,$0.15B,$4.36B,3.54%,$0.25B,$2.95B,8.46%,$901,$725,$176,$17,$72,$814,$87,$-13,$74,$16,$58,$61,$58,$100,$87,$64,65,$0.92,$0.90,$85,$561,$0,$1647,$1544,$116,$809,$143,$2713,$4360,$1045,$1002,$307,$1365,$2410,$64,$1675,$75,$1950,$4360,$47,$99,$29,$128,$-8,$-43,$0,$-18,$-173,$4,$-127,$0,$0,$-4,$30,$26,$0,$-101,$-171,$264,$93,$-1,$-1,$-32,$9,$69,$-35,$10,$-32
22,2012-12-31,35.51,$31.01,1.14,$52.21,0.68,$0.10,338.51,$5.61,6.33,$1.42B,$0.80B,1.78,$1.24B,$1.97B,0.63,$3.35B,$0.65B,19.35%,$3.35B,$0.29B,8.51%,$3.35B,$0.29B,8.51%,$3.35B,$0.45B,13.50%,$3.35B,$0.23B,6.93%,$3.35B,$0.36B,10.72%,$0.36B,$1.97B,18.71%,$0.36B,$1.16B,24.04%,$0.36B,$4.38B,9.22%,$0.29B,$3.21B,10.17%,$840,$697,$143,$16,$77,$790,$50,$-13,$37,$16,$21,$24,$27,$104,$50,$64,64,$0.43,$0.42,$91,$587,$0,$1415,$1566,$116,$812,$144,$2961,$4376,$797,$1241,$315,$1610,$2407,$64,$1660,$107,$1969,$4376,$24,$49,$5,$54,$62,$-55,$0,$-12,$-129,$-51,$-62,$0,$0,$0,$19,$19,$-2,$-45,$68,$14,$82,$-2,$-2,$-13,$0,$67,$-29,$3,$-13
23,2012-09-30,32.46,$30.61,1.06,$51.28,0.63,$1.23,26.41,$6.01,5.4,$1.44B,$0.92B,1.57,$1.17B,$1.94B,0.6,$3.29B,$0.64B,19.57%,$3.29B,$0.29B,8.84%,$3.29B,$0.29B,8.84%,$3.29B,$0.45B,13.52%,$3.29B,$0.25B,7.47%,$3.29B,$0.39B,11.70%,$0.39B,$1.94B,21.01%,$0.39B,$1.13B,24.06%,$0.39B,$4.40B,10.78%,$0.29B,$3.11B,11.44%,$820,$673,$147,$19,$73,$765,$55,$-14,$41,$19,$22,$25,$20,$98,$55,$64,64,$0.31,$0.31,$120,$533,$0,$1443,$1552,$115,$810,$143,$2956,$4399,$919,$1172,$314,$1541,$2460,$64,$1653,$92,$1939,$4399,$406,$154,$-188,$-34,$6,$-30,$0,$-2,$61,$415,$-279,$0,$-923,$0,$23,$23,$-1,$-1180,$735,$-42,$693,$-26,$-26,$-65,$4,$606,$-166,$18,$-65
24,2012-06-30,35.92,$29.86,1.2,$50.95,0.71,$-1.33,0.0,$6.19,5.8,$1.62B,$0.63B,2.57,$0.56B,$1.89B,0.3,$3.29B,$0.63B,19.24%,$3.29B,$0.30B,9.10%,$3.29B,$0.30B,9.10%,$3.29B,$0.45B,13.55%,$3.29B,$0.26B,7.79%,$3.29B,$0.40B,12.15%,$0.40B,$1.89B,22.78%,$0.40B,$1.85B,23.32%,$0.40B,$3.37B,12.25%,$0.30B,$2.45B,12.95%,$839,$686,$153,$18,$82,$786,$53,$-16,$37,$0,$37,$40,$33,$125,$53,$63,64,$0.57,$0.56,$407,$411,$0,$1617,$1073,$69,$40,$140,$1752,$3369,$630,$559,$280,$849,$1479,$64,$1630,$71,$1890,$3369,$366,$109,$-159,$-50,$-75,$-55,$0,$16,$-132,$184,$-176,$0,$181,$0,$22,$22,$0,$27,$-9,$9,$0,$-26,$-26,$-52,$4,$-74,$121,$16,$-52
25,2012-03-31,37.47,$29.62,1.27,$50.54,0.74,$-1.64,0.0,$6.12,6.12,$1.65B,$0.68B,2.41,$0.56B,$1.88B,0.3,$3.28B,$0.61B,18.60%,$3.28B,$0.28B,8.67%,$3.28B,$0.28B,8.67%,$3.28B,$0.43B,13.13%,$3.28B,$0.24B,7.33%,$3.28B,$0.39B,12.00%,$0.39B,$1.88B,23.29%,$0.39B,$1.84B,23.88%,$0.39B,$3.43B,12.32%,$0.28B,$2.44B,12.63%,$846,$671,$175,$17,$68,$756,$90,$-12,$78,$16,$62,$66,$66,$125,$90,$63,64,$1.04,$1.02,$366,$423,$0,$1648,$1079,$62,$40,$152,$1781,$3429,$684,$560,$298,$867,$1551,$64,$1576,$108,$1878,$3429,$296,$74,$-165,$-91,$-105,$-52,$0,$5,$-112,$93,$-117,$0,$175,$0,$0,$0,$-6,$52,$1,$-17,$-16,$-21,$-21,$-29,$4,$-62,$80,$12,$-29
26,2011-12-31,28.1,$25.74,1.09,$48.63,0.58,$-1.48,0.0,$3.18,8.84,$1.49B,$0.60B,2.46,$0.55B,$1.62B,0.34,$3.17B,$0.57B,17.98%,$3.17B,$0.25B,7.92%,$3.17B,$0.25B,7.92%,$3.17B,$0.39B,12.43%,$3.17B,$0.21B,6.69%,$3.17B,$0.20B,6.44%,$0.20B,$1.62B,12.67%,$0.20B,$1.58B,13.01%,$0.20B,$3.09B,6.61%,$0.25B,$2.17B,11.52%,$844,$671,$173,$20,$66,$757,$87,$-11,$76,$23,$53,$56,$240,$97,$87,$63,64,$3.74,$3.70,$188,$413,$120,$1486,$1051,$60,$39,$193,$1600,$3086,$604,$551,$300,$860,$1464,$63,$1348,$92,$1622,$3086,$51,$36,$11,$47,$-12,$-46,$0,$15,$-78,$20,$-61,$0,$0,$0,$0,$0,$-4,$-65,$7,$-19,$-12,$-29,$-29,$-12,$5,$-48,$-98,$5,$-12
27,2011-09-30,21.53,$25.31,0.85,$47.41,0.45,$-0.70,0.0,$3.60,5.98,$1.56B,$0.66B,2.37,$0.56B,$1.62B,0.34,$3.10B,$0.56B,17.99%,$3.10B,$0.24B,7.83%,$3.10B,$0.24B,7.83%,$3.10B,$0.39B,12.41%,$3.10B,$0.20B,6.54%,$3.10B,$0.23B,7.51%,$0.23B,$1.62B,14.75%,$0.23B,$1.57B,15.17%,$0.23B,$3.14B,7.66%,$0.24B,$2.17B,11.26%,$762,$619,$143,$17,$65,$701,$61,$-6,$55,$16,$39,$40,$46,$98,$61,$64,64,$0.72,$0.71,$286,$393,$106,$1555,$1036,$60,$43,$186,$1586,$3141,$656,$556,$305,$869,$1525,$64,$1314,$106,$1616,$3141,$258,$142,$-13,$129,$-111,$-79,$0,$-26,$-192,$195,$-224,$0,$0,$0,$-2,$-2,$-6,$-232,$5,$30,$35,$-48,$-48,$-59,$0,$-72,$-101,$19,$-59
28,2011-06-30,34.45,$25.00,1.38,$43.57,0.79,$2.03,16.99,$3.38,10.19,$1.58B,$0.54B,2.92,$0.58B,$1.64B,0.35,$2.84B,$0.50B,17.49%,$2.84B,$0.20B,6.97%,$2.84B,$0.20B,6.97%,$2.84B,$0.34B,11.93%,$2.84B,$0.17B,5.81%,$2.84B,$0.22B,7.67%,$0.22B,$1.64B,14.25%,$0.22B,$1.59B,14.66%,$0.22B,$3.10B,7.32%,$0.20B,$2.21B,9.34%,$833,$692,$141,$17,$63,$772,$61,$-14,$47,$2,$45,$47,$47,$110,$61,$65,65,$0.78,$0.76,$344,$434,$0,$1580,$1030,$58,$45,$134,$1522,$3102,$542,$578,$341,$925,$1467,$65,$1276,$126,$1635,$3102,$203,$105,$-3,$102,$-96,$-46,$0,$7,$-188,$117,$-129,$0,$0,$0,$-2,$-2,$-7,$-138,$-12,$23,$11,$-5,$-5,$-44,$3,$-35,$-43,$16,$-44
29,2011-03-31,39.82,$23.90,1.67,$42.50,0.94,$2.95,13.48,$3.15,12.64,$1.53B,$0.52B,2.94,$0.59B,$1.57B,0.38,$2.76B,$0.50B,18.09%,$2.76B,$0.20B,7.25%,$2.76B,$0.20B,7.25%,$2.76B,$0.35B,12.55%,$2.76B,$0.17B,6.27%,$2.76B,$0.21B,7.43%,$0.21B,$1.57B,14.08%,$0.21B,$1.52B,14.48%,$0.21B,$3.01B,7.12%,$0.20B,$2.16B,9.75%,$836,$684,$152,$16,$61,$761,$75,$-13,$62,$10,$52,$54,$60,$89,$75,$65,66,$0.93,$0.92,$366,$427,$0,$1530,$994,$57,$43,$132,$1484,$3014,$520,$588,$333,$927,$1447,$66,$1227,$108,$1567,$3014,$136,$70,$-5,$65,$-32,$-46,$0,$-14,$-143,$58,$-72,$0,$0,$0,$0,$0,$-1,$-73,$0,$10,$10,$3,$3,$-27,$0,$-14,$-21,$12,$-27
30,2010-12-31,32.25,$22.93,1.41,$42.34,0.76,$2.92,11.05,$3.05,10.57,$1.45B,$0.49B,2.94,$0.59B,$1.50B,0.4,$2.73B,$0.51B,18.49%,$2.73B,$0.21B,7.54%,$2.73B,$0.21B,7.54%,$2.73B,$0.35B,12.85%,$2.73B,$0.17B,6.22%,$2.73B,$0.20B,7.21%,$0.20B,$1.50B,14.18%,$0.20B,$1.46B,14.58%,$0.20B,$2.91B,7.04%,$0.21B,$2.09B,10.36%,$739,$605,$134,$18,$62,$685,$54,$-6,$48,$9,$39,$40,$51,$88,$54,$65,66,$0.77,$0.76,$388,$380,$0,$1450,$972,$57,$42,$129,$1461,$2911,$493,$594,$318,$918,$1411,$65,$1188,$96,$1500,$2911,$80,$35,$-20,$15,$6,$-6,$0,$-5,$-55,$40,$-31,$0,$0,$0,$0,$0,$1,$-30,$-3,$4,$1,$1,$1,$-12,$0,$-10,$1,$5,$-12
31,2010-09-30,27.75,$21.68,1.28,$42.30,0.66,$2.12,13.07,$2.36,11.76,$1.44B,$0.54B,2.67,$0.60B,$1.42B,0.42,$2.72B,$0.51B,18.78%,$2.72B,$0.20B,7.51%,$2.72B,$0.20B,7.51%,$2.72B,$0.35B,12.78%,$2.72B,$0.17B,6.11%,$2.72B,$0.15B,5.56%,$0.15B,$1.42B,11.35%,$0.15B,$1.38B,11.69%,$0.15B,$2.89B,5.52%,$0.20B,$2.02B,10.54%,$694,$563,$131,$15,$63,$641,$53,$-7,$46,$-15,$61,$64,$75,$52,$53,$64,65,$1.14,$1.13,$387,$307,$103,$1438,$937,$61,$39,$166,$1448,$2886,$539,$600,$324,$930,$1469,$65,$1125,$88,$1417,$2886,$169,$143,$21,$164,$-116,$-7,$0,$-15,$-84,$249,$-102,$0,$-5,$0,$0,$0,$-5,$-112,$0,$-8,$-8,$4,$4,$-53,$0,$-57,$83,$27,$-53
32,2010-06-30,20.41,$20.54,0.99,$40.97,0.5,$4.54,4.5,$1.65,12.37,$1.33B,$0.49B,2.74,$0.60B,$1.34B,0.45,$2.62B,$0.49B,18.79%,$2.62B,$0.19B,7.33%,$2.62B,$0.19B,7.33%,$2.62B,$0.34B,13.13%,$2.62B,$0.15B,5.73%,$2.62B,$0.11B,4.12%,$0.11B,$1.34B,8.40%,$0.11B,$1.30B,8.66%,$0.11B,$2.70B,4.02%,$0.19B,$1.94B,10.12%,$572,$492,$80,$12,$52,$556,$16,$-7,$9,$0,$9,$11,$32,$117,$16,$64,64,$0.55,$0.54,$296,$357,$0,$1331,$921,$59,$37,$125,$1373,$2704,$485,$601,$265,$878,$1363,$65,$1102,$56,$1341,$2704,$132,$107,$32,$139,$-142,$-9,$0,$-3,$-172,$99,$-51,$0,$0,$0,$0,$0,$-6,$-57,$7,$-2,$5,$-3,$-3,$-41,$0,$-39,$-9,$22,$-41
33,2010-03-31,25.57,$19.91,1.28,$37.41,0.68,$7.63,3.35,$0.73,35.02,$1.27B,$0.46B,2.73,$0.60B,$1.30B,0.46,$2.38B,$0.41B,17.08%,$2.38B,$0.12B,4.92%,$2.38B,$0.12B,4.92%,$2.38B,$0.27B,11.53%,$2.38B,$0.08B,3.28%,$2.38B,$0.05B,2.06%,$0.05B,$1.30B,3.95%,$0.05B,$1.26B,4.08%,$0.05B,$2.69B,1.87%,$0.12B,$1.90B,6.36%,$753,$599,$154,$16,$61,$676,$77,$-7,$70,$20,$50,$51,$47,$94,$77,$64,65,$0.72,$0.72,$249,$374,$0,$1268,$956,$59,$38,$125,$1418,$2686,$464,$602,$308,$921,$1385,$65,$1067,$55,$1301,$2686,$81,$67,$16,$83,$-89,$-22,$0,$-2,$-152,$12,$-28,$0,$0,$0,$0,$0,$-6,$-34,$-2,$5,$3,$-2,$-2,$-28,$0,$-27,$-56,$16,$-28
34,2009-12-31,21.92,$19.31,1.14,$33.74,0.65,$11.60,1.89,$-0.83,0.0,$1.22B,$0.45B,2.71,$0.62B,$1.26B,0.49,$2.14B,$0.26B,12.22%,$2.14B,$-0.02B,-0.98%,$2.14B,$-0.02B,-0.98%,$2.14B,$0.15B,6.84%,$2.14B,$-0.06B,-2.72%,$2.14B,$-0.05B,-2.44%,$-0.05B,$1.26B,-4.33%,$-0.05B,$1.22B,-4.48%,$-0.05B,$2.67B,-2.02%,$-0.02B,$1.88B,-1.17%,$712,$572,$140,$19,$61,$652,$60,$-15,$45,$-1,$46,$47,$43,$84,$60,$64,64,$0.66,$0.65,$243,$376,$0,$1220,$988,$59,$38,$126,$1450,$2670,$451,$622,$325,$958,$1409,$65,$1035,$56,$1261,$2670,$34,$33,$5,$38,$-39,$-22,$0,$-3,$-104,$-32,$-10,$0,$0,$0,$0,$0,$-5,$-15,$-1,$1,$0,$-1,$-1,$-12,$1,$-12,$-62,$8,$-12
35,2009-09-30,19.17,$18.94,1.01,$33.48,0.57,$13.25,1.45,$-1.21,0.0,$1.20B,$0.48B,2.52,$0.62B,$1.24B,0.5,$2.11B,$0.22B,10.29%,$2.11B,$-0.05B,-2.56%,$2.11B,$-0.05B,-2.56%,$2.11B,$0.12B,5.46%,$2.11B,$-0.10B,-4.70%,$2.11B,$-0.08B,-3.65%,$-0.08B,$1.24B,-6.46%,$-0.08B,$1.20B,-6.68%,$-0.08B,$2.68B,-2.97%,$-0.05B,$1.86B,-3.04%,$679,$543,$136,$18,$67,$628,$51,$-9,$42,$11,$31,$34,$29,$49,$51,$63,64,$0.44,$0.44,$304,$358,$0,$1200,$1012,$60,$39,$130,$1476,$2676,$477,$623,$328,$962,$1439,$65,$1018,$60,$1237,$2676,$-75,$169,$-16,$153,$215,$184,$0,$-20,$321,$399,$-104,$0,$0,$0,$-3,$-3,$2,$-105,$-53,$-16,$-69,$-2,$-2,$-57,$1,$-127,$175,$27,$-57
36,2009-06-30,10.34,$18.10,0.57,$39.48,0.26,$7.65,1.35,$-0.87,0.0,$1.02B,$0.37B,2.78,$0.55B,$1.16B,0.48,$2.49B,$0.27B,10.74%,$2.49B,$-0.02B,-0.84%,$2.49B,$-0.02B,-0.84%,$2.49B,$0.14B,5.75%,$2.49B,$-0.08B,-3.06%,$2.49B,$-0.05B,-2.17%,$-0.05B,$1.16B,-4.52%,$-0.05B,$1.12B,-4.67%,$-0.05B,$2.47B,-2.05%,$-0.02B,$1.71B,-1.19%,$475,$413,$62,$13,$45,$471,$4,$-11,$-7,$2,$-9,$-6,$-11,$47,$4,$63,63,$-0.19,$-0.19,$178,$346,$0,$1021,$1015,$58,$38,$143,$1450,$2471,$367,$551,$286,$945,$1312,$64,$1042,$69,$1159,$2471,$-67,$124,$-7,$117,$230,$183,$0,$-18,$267,$317,$-75,$0,$0,$0,$-3,$-3,$-1,$-79,$-115,$-30,$-145,$-2,$-2,$-44,$0,$-191,$48,$20,$-44
37,2009-03-31,8.55,$17.50,0.49,$44.49,0.19,$2.83,3.03,$-0.24,0.0,$1.05B,$0.40B,2.62,$0.57B,$1.14B,0.5,$2.82B,$0.34B,11.93%,$2.82B,$0.03B,0.96%,$2.82B,$0.03B,0.96%,$2.82B,$0.19B,6.57%,$2.82B,$-0.04B,-1.24%,$2.82B,$-0.02B,-0.53%,$-0.02B,$1.14B,-1.22%,$-0.02B,$1.11B,-1.26%,$-0.02B,$2.49B,-0.54%,$0.03B,$1.71B,1.51%,$511,$443,$68,$16,$50,$509,$2,$-4,$-2,$7,$-9,$-9,$-12,$-34,$2,$63,63,$-0.19,$-0.19,$220,$355,$0,$1048,$996,$58,$36,$138,$1442,$2490,$400,$567,$267,$948,$1348,$65,$1065,$30,$1142,$2490,$-58,$79,$-25,$54,$238,$163,$0,$-5,$291,$287,$-53,$0,$0,$0,$-3,$-3,$-4,$-60,$-76,$-25,$-101,$0,$0,$-25,$-1,$-127,$91,$14,$-25
38,2008-12-31,12.24,$18.80,0.65,$49.31,0.25,$-1.89,0.0,$0.83,14.75,$1.28B,$0.50B,2.56,$0.59B,$1.23B,0.48,$3.13B,$0.46B,14.66%,$3.13B,$0.14B,4.41%,$3.13B,$0.14B,4.41%,$3.13B,$0.29B,9.39%,$3.13B,$0.08B,2.52%,$3.13B,$0.05B,1.72%,$0.05B,$1.23B,4.30%,$0.05B,$1.19B,4.44%,$0.05B,$2.72B,1.90%,$0.14B,$1.82B,7.70%,$470,$475,$-5,$19,$54,$548,$-78,$-13,$-91,$-31,$-60,$-60,$-58,$53,$-78,$63,63,$-0.93,$-0.93,$150,$486,$7,$1278,$1045,$58,$38,$125,$1445,$2723,$500,$592,$284,$996,$1496,$65,$1135,$52,$1227,$2723,$2,$35,$4,$39,$99,$49,$0,$-7,$51,$92,$-29,$0,$0,$0,$-3,$-3,$-3,$-35,$-9,$-16,$-25,$0,$0,$-13,$0,$-38,$20,$6,$-13
39,2008-09-30,25.19,$19.13,1.32,$50.07,0.5,$-3.78,0.0,$1.33,18.94,$1.41B,$0.60B,2.34,$0.59B,$1.25B,0.47,$3.19B,$0.48B,15.17%,$3.19B,$0.16B,5.14%,$3.19B,$0.16B,5.14%,$3.19B,$0.33B,10.25%,$3.19B,$0.11B,3.51%,$3.19B,$0.09B,2.70%,$0.09B,$1.25B,6.83%,$0.09B,$1.21B,7.04%,$0.09B,$2.86B,3.02%,$0.16B,$1.84B,9.24%,$652,$560,$92,$18,$56,$634,$18,$-17,$1,$1,$0,$2,$4,$77,$18,$63,63,$0.06,$0.06,$130,$523,$7,$1408,$1082,$54,$37,$104,$1450,$2858,$601,$586,$294,$1008,$1609,$65,$1143,$75,$1249,$2858,$106,$163,$-21,$142,$-63,$-68,$0,$10,$-124,$124,$-181,$0,$7,$0,$0,$0,$-2,$-176,$93,$14,$107,$0,$-34,$-65,$15,$23,$-25,$30,$-65
40,2008-06-30,19.14,$20.01,0.96,$46.44,0.41,$-0.33,0.0,$1.52,12.59,$1.48B,$0.70B,2.12,$0.48B,$1.29B,0.38,$3.01B,$0.48B,16.07%,$3.01B,$0.15B,5.08%,$3.01B,$0.15B,5.08%,$3.01B,$0.32B,10.52%,$3.01B,$0.12B,3.88%,$3.01B,$0.10B,3.25%,$0.10B,$1.29B,7.87%,$0.10B,$1.25B,8.12%,$0.10B,$2.94B,3.51%,$0.15B,$1.77B,8.79%,$854,$742,$112,$18,$57,$817,$37,$-21,$16,$1,$15,$32,$12,$89,$37,$63,63,$0.13,$0.16,$108,$558,$7,$1480,$1099,$53,$40,$135,$1461,$2941,$699,$483,$345,$957,$1656,$64,$1146,$126,$1285,$2941,$74,$123,$-5,$118,$-56,$-73,$0,$-8,$-148,$44,$-107,$0,$0,$0,$7,$7,$-3,$-103,$21,$60,$81,$-34,$-34,$-54,$10,$3,$-47,$23,$-54
41,2008-03-31,21.92,$19.57,1.12,$42.86,0.51,$2.76,7.95,$1.38,15.88,$1.40B,$0.63B,2.21,$0.49B,$1.26B,0.39,$2.82B,$0.45B,16.06%,$2.82B,$0.14B,4.82%,$2.82B,$0.14B,4.82%,$2.82B,$0.30B,10.60%,$2.82B,$0.11B,3.86%,$2.82B,$0.09B,3.23%,$0.09B,$1.26B,7.29%,$0.09B,$1.22B,7.52%,$0.09B,$2.82B,3.36%,$0.14B,$1.75B,7.85%,$840,$703,$137,$20,$67,$790,$50,$-11,$39,$8,$31,$27,$27,$75,$50,$62,64,$0.44,$0.43,$112,$513,$7,$1397,$1054,$71,$41,$137,$1424,$2821,$631,$487,$341,$928,$1559,$65,$1132,$121,$1262,$2821,$47,$84,$-7,$77,$-30,$-39,$0,$-10,$-134,$-10,$-54,$0,$0,$0,$0,$0,$-3,$-57,$20,$45,$65,$-23,$-23,$-36,$8,$14,$-43,$16,$-36
42,2007-12-31,25.94,$19.07,1.36,$39.81,0.65,$5.58,4.65,$1.75,14.82,$1.37B,$0.59B,2.31,$0.51B,$1.24B,0.41,$2.67B,$0.47B,17.70%,$2.67B,$0.15B,5.65%,$2.67B,$0.15B,5.65%,$2.67B,$0.31B,11.49%,$2.67B,$0.13B,4.75%,$2.67B,$0.11B,4.12%,$0.11B,$1.24B,8.75%,$0.11B,$1.21B,9.02%,$0.11B,$2.76B,4.13%,$0.15B,$1.75B,8.74%,$786,$668,$118,$19,$66,$753,$33,$-10,$23,$11,$12,$11,$11,$86,$33,$62,64,$0.18,$0.17,$130,$500,$7,$1367,$1025,$70,$38,$130,$1393,$2760,$591,$505,$320,$926,$1517,$65,$1143,$90,$1243,$2760,$36,$42,$-16,$26,$-20,$-50,$0,$-19,$-104,$-42,$-15,$0,$0,$0,$0,$0,$-2,$-17,$17,$28,$45,$-3,$-3,$-19,$8,$31,$-25,$6,$-19
43,2007-09-30,27.49,$18.29,1.5,$38.20,0.72,$6.88,4.0,$1.98,13.88,$1.28B,$0.55B,2.33,$0.50B,$1.19B,0.42,$2.62B,$0.51B,19.30%,$2.62B,$0.19B,7.15%,$2.62B,$0.19B,7.15%,$2.62B,$0.34B,12.84%,$2.62B,$0.17B,6.42%,$2.62B,$0.13B,4.89%,$0.13B,$1.19B,10.15%,$0.13B,$1.16B,10.46%,$0.13B,$2.64B,4.89%,$0.19B,$1.70B,10.90%,$711,$594,$117,$17,$56,$667,$44,$-10,$34,$-6,$40,$36,$36,$67,$44,$63,64,$0.57,$0.56,$156,$442,$7,$1275,$1016,$68,$38,$119,$1361,$2636,$547,$503,$300,$895,$1442,$65,$1119,$68,$1194,$2636,$129,$149,$3,$152,$-6,$-8,$0,$18,$26,$309,$-136,$0,$0,$0,$0,$0,$-7,$-143,$39,$-8,$31,$0,$-193,$-60,$11,$-211,$-35,$23,$-60
44,2007-06-30,36.72,$20.33,1.81,$38.02,0.97,$5.41,6.79,$2.02,18.18,$1.34B,$0.51B,2.62,$0.44B,$1.29B,0.34,$2.60B,$0.51B,19.43%,$2.60B,$0.20B,7.60%,$2.60B,$0.20B,7.60%,$2.60B,$0.35B,13.25%,$2.60B,$0.17B,6.57%,$2.60B,$0.13B,5.03%,$0.13B,$1.30B,10.38%,$0.13B,$1.26B,10.69%,$0.13B,$2.63B,5.05%,$0.20B,$1.73B,11.61%,$675,$563,$112,$20,$66,$649,$26,$-5,$21,$-1,$22,$21,$24,$71,$26,$62,68,$0.37,$0.36,$240,$432,$0,$1340,$964,$65,$38,$125,$1288,$2628,$511,$437,$295,$820,$1331,$64,$1230,$45,$1297,$2628,$105,$108,$19,$127,$-9,$-7,$0,$11,$-10,$222,$-79,$0,$0,$-10,$0,$-10,$-3,$-92,$-28,$-2,$-30,$-23,$-23,$-47,$4,$-96,$40,$18,$-47
45,2007-03-31,36.62,$20.09,1.82,$38.13,0.96,$3.00,12.2,$2.10,17.44,$1.35B,$0.51B,2.64,$0.44B,$1.28B,0.35,$2.62B,$0.52B,19.65%,$2.62B,$0.21B,7.90%,$2.62B,$0.21B,7.90%,$2.62B,$0.35B,13.24%,$2.62B,$0.17B,6.64%,$2.62B,$0.14B,5.15%,$0.14B,$1.29B,10.97%,$0.14B,$1.26B,11.31%,$0.14B,$2.62B,5.27%,$0.21B,$1.74B,12.32%,$649,$543,$106,$17,$56,$616,$33,$-2,$31,$9,$22,$21,$20,$83,$33,$61,68,$0.32,$0.30,$267,$428,$0,$1348,$959,$61,$37,$121,$1275,$2623,$510,$442,$291,$820,$1330,$65,$1221,$26,$1293,$2623,$85,$70,$14,$84,$8,$-3,$0,$3,$4,$173,$-47,$0,$0,$-20,$0,$-20,$-2,$-69,$-24,$2,$-22,$4,$4,$-33,$0,$-51,$57,$13,$-33
46,2006-12-31,33.3,$19.64,1.7,$37.98,0.88,$0.12,284.66,$1.73,19.25,$1.31B,$0.51B,2.55,$0.44B,$1.25B,0.35,$2.61B,$0.46B,17.69%,$2.61B,$0.17B,6.55%,$2.61B,$0.17B,6.55%,$2.61B,$0.31B,11.76%,$2.61B,$0.15B,5.55%,$2.61B,$0.12B,4.48%,$0.12B,$1.26B,9.81%,$0.12B,$1.23B,10.14%,$0.12B,$2.59B,4.64%,$0.17B,$1.70B,10.40%,$637,$499,$138,$17,$73,$589,$48,$-7,$41,$11,$30,$31,$30,$115,$48,$61,69,$0.49,$0.45,$214,$427,$0,$1307,$964,$62,$36,$122,$1283,$2590,$513,$437,$287,$816,$1329,$64,$1202,$19,$1261,$2590,$54,$35,$8,$43,$3,$-4,$0,$-19,$-45,$52,$-24,$0,$0,$-30,$0,$-30,$0,$-54,$1,$3,$4,$6,$6,$-15,$0,$-5,$-6,$6,$-15
