,Date,Stock Price,Book Value per Share,Price to Book Ratio,TTM Sales per Share,Price to Sales Ratio,TTM FCF per Share,Price to FCF Ratio,TTM Net EPS,PE Ratio,Current Assets,Current Liabilities,Current Ratio,Long Term Debt,Shareholder's Equity_x,Debt to Equity Ratio,TTM Revenue_x,TTM Gross Profit,Gross Margin,TTM Revenue_y,TTM Operating Income,Operating Margin,TTM Revenue_x,TTM EBIT,EBIT Margin,TTM Revenue_y,TTM EBITDA,EBITDA Margin,TTM Revenue_x,TTM Pre-Tax Income,Pre-Tax Margin,TTM Revenue_y,TTM Net Income_x,Net Margin,TTM Net Income_y,Shareholder's Equity_y,Return on Equity,TTM Net Income_x,Tangible Equity,Return on Tangible Equity,TTM Net Income_y,Total Assets,Return on Assets,TTM Net Income,LT Investments & Debt,Return on Investment,revenue,cost-goods-sold,gross-profit,research-development-expenses,selling-general-administrative-expenses,operating-expenses,operating-income,total-non-operating-income-expense,pre-tax-income,total-provision-income-taxes,income-after-taxes,income-from-continuous-operations,net-income,ebitda,ebit,basic-shares-outstanding,shares-outstanding,eps-basic-net-earnings-per-share,eps-earnings-per-share-diluted,cash-on-hand,inventory,other-current-assets,total-current-assets,net-property-plant-equipment,long-term-investments,goodwill-intangible-assets-total,other-long-term-assets,total-long-term-assets,total-assets,total-current-liabilities,long-term-debt,other-non-current-liabilities,total-long-term-liabilities,total-liabilities,common-stock-net,retained-earnings-accumulated-deficit,comprehensive-income,total-share-holder-equity,total-liabilities-share-holders-equity,net-income-loss,total-depreciation-amortization-cash-flow,other-non-cash-items,total-non-cash-items,change-in-accounts-receivable,change-in-inventories,change-in-accounts-payable,change-in-assets-liabilities,total-change-in-assets-liabilities,cash-flow-from-operating-activities,net-change-in-property-plant-equipment,net-change-in-intangible-assets,net-acquisitions-divestitures,net-change-in-short-term-investments,net-change-in-long-term-investments,net-change-in-investments-total,investing-activities-other,cash-flow-from-investing-activities,net-long-term-debt,net-current-debt,debt-issuance-retirement-net-total,net-common-equity-issued-repurchased,net-total-equity-issued-repurchased,total-common-preferred-stock-dividends-paid,financial-activities-other,cash-flow-from-financial-activities,net-cash-flow,stock-based-compensation,common-stock-dividends-paid
0,2016-12-31,2.28,$41.21,0.06,$41.30,0.06,$-0.19,0.0,$-17.49,0.0,$0.12B,$0.02B,4.92,$0.00B,$0.12B,0.0,$0.12B,$-0.00B,-3.33%,$0.12B,$-0.01B,-10.00%,$0.12B,$-0.01B,-10.00%,$0.12B,$-0.01B,-4.17%,$0.12B,$-0.05B,-40.00%,$0.12B,$-0.05B,-40.00%,$-0.05B,$0.12B,-30.62%,$-0.05B,$0.12B,-31.02%,$-0.05B,$0.14B,-25.88%,$-0.01B,$0.12B,-7.66%,$29,$42,$-13,$0,$5,$47,$-18,$-35,$-53,$0,$-53,$-53,$-53,$-16,$-18,$3,3,$-19.24,$-19.11,$0,$32,$0,$118,$20,$1,$1,$0,$23,$140,$24,$0,$0,$0,$24,$0,$35,$0,$116,$140,$-48,$7,$50,$57,$-10,$3,$-4,$1,$-9,$-1,$0,$0,$0,$0,$0,$0,$7,$7,$0,$-6,$-6,$1,$1,$0,$0,$-5,$-0,$0,$0
1,2016-09-30,3.11,$0.00,0.0,$43.19,0.07,$0.06,53.53,$-23.32,0.0,$0.15B,$0.04B,3.86,$0.00B,$0.00B,0.0,$0.12B,$0.01B,8.94%,$0.12B,$0.01B,4.88%,$0.12B,$0.01B,4.88%,$0.12B,$0.01B,11.38%,$0.12B,$-0.06B,-48.78%,$0.12B,$-0.06B,-48.78%,$-0.06B,$0.17B,-34.99%,$-0.06B,$0.17B,-35.50%,$-0.06B,$0.21B,-29.52%,$0.01B,$0.17B,3.50%,$38,$37,$1,$0,$1,$38,$0,$-0,$0,$-0,$0,$0,$0,$2,$0,$3,3,$0.06,$0.06,$4,$38,$0,$146,$54,$3,$2,$0,$61,$207,$38,$0,$0,$0,$38,$0,$0,$0,$169,$207,$5,$5,$2,$7,$-26,$5,$9,$2,$-8,$3,$0,$0,$0,$0,$0,$0,$7,$7,$0,$-6,$-6,$1,$1,$0,$0,$-5,$4,$0,$0
2,2016-06-30,2.09,$61.42,0.03,$50.95,0.04,$9.45,0.22,$-21.70,0.0,$0.14B,$0.03B,4.45,$0.00B,$0.17B,0.0,$0.14B,$0.02B,12.32%,$0.14B,$0.01B,8.70%,$0.14B,$0.01B,8.70%,$0.14B,$0.02B,15.22%,$0.14B,$-0.05B,-39.13%,$0.14B,$-0.06B,-40.58%,$-0.06B,$0.17B,-29.79%,$-0.06B,$0.17B,-30.27%,$-0.06B,$0.20B,-24.70%,$0.01B,$0.17B,6.38%,$32,$27,$5,$0,$1,$27,$4,$-1,$4,$0,$4,$4,$4,$6,$4,$3,3,$1.32,$1.20,$1,$42,$0,$140,$57,$3,$2,$0,$63,$204,$32,$0,$0,$0,$32,$0,$89,$0,$172,$204,$5,$3,$-0,$3,$-18,$6,$3,$1,$-8,$-1,$0,$0,$0,$0,$0,$0,$7,$7,$0,$-6,$-6,$1,$1,$0,$0,$-5,$0,$0,$0
3,2016-03-31,3.0,$0.00,0.0,$56.86,0.05,$22.21,0.14,$-21.68,0.0,$0.13B,$0.02B,5.93,$0.00B,$0.00B,0.0,$0.15B,$0.02B,12.16%,$0.15B,$0.01B,8.11%,$0.15B,$0.01B,8.11%,$0.15B,$0.02B,14.86%,$0.15B,$-0.05B,-36.49%,$0.15B,$-0.06B,-38.51%,$-0.06B,$0.17B,-27.77%,$-0.06B,$0.17B,-28.29%,$-0.06B,$0.19B,-22.85%,$0.01B,$0.17B,5.85%,$21,$18,$3,$0,$2,$19,$2,$-0,$1,$0,$1,$1,$1,$3,$2,$3,3,$0.32,$0.32,$0,$43,$0,$126,$59,$3,$2,$0,$66,$191,$21,$0,$0,$0,$21,$0,$0,$0,$170,$191,$1,$2,$-0,$2,$0,$5,$-8,$-1,$-3,$-1,$0,$0,$0,$0,$0,$0,$7,$7,$0,$-6,$-6,$1,$1,$0,$0,$-5,$0,$0,$0
4,2015-12-31,7.84,$0.00,0.0,$62.94,0.12,$31.44,0.25,$-21.84,0.0,$0.14B,$0.04B,3.91,$0.00B,$0.18B,0.0,$0.16B,$0.02B,10.56%,$0.16B,$0.01B,6.83%,$0.16B,$0.01B,6.83%,$0.16B,$0.02B,14.29%,$0.16B,$-0.05B,-33.54%,$0.16B,$-0.06B,-36.02%,$-0.06B,$0.18B,-26.21%,$-0.06B,$0.17B,-26.76%,$-0.06B,$0.21B,-21.34%,$0.01B,$0.18B,4.97%,$32,$30,$2,$0,$2,$31,$0,$-68,$-65,$1,$-66,$-65,$-65,$3,$0,$3,3,$-24.88,$-24.88,$7,$49,$0,$141,$188,$0,$3,$0,$192,$211,$36,$0,$0,$0,$36,$0,$89,$0,$175,$211,$-55,$11,$0,$11,$0,$0,$0,$0,$4,$26,$-26,$0,$0,$0,$0,$0,$-2,$-28,$0,$-15,$8,$0,$0,$-0,$0,$-8,$-10,$0,$0
5,2015-09-30,6.24,$0.00,0.0,$65.71,0.09,$33.76,0.18,$3.36,1.86,$0.19B,$0.07B,2.85,$0.00B,$0.00B,0.0,$0.17B,$0.02B,11.31%,$0.17B,$0.01B,6.55%,$0.17B,$0.01B,6.55%,$0.17B,$0.02B,13.69%,$0.17B,$0.01B,7.74%,$0.17B,$0.01B,4.76%,$0.01B,$0.24B,3.38%,$0.01B,$0.23B,3.46%,$0.01B,$0.30B,2.76%,$0.01B,$0.24B,4.65%,$53,$46,$7,$0,$1,$47,$6,$-0,$6,$2,$4,$4,$4,$9,$6,$3,3,$1.68,$1.68,$40,$50,$0,$186,$0,$0,$5,$0,$7,$301,$65,$0,$0,$0,$65,$0,$0,$0,$235,$301,$11,$8,$0,$8,$0,$0,$0,$0,$8,$26,$0,$0,$0,$0,$0,$0,$0,$0,$0,$-0,$-0,$0,$0,$-0,$0,$-0,$26,$0,$0
6,2015-06-30,9.2,$0.00,0.0,$65.24,0.14,$26.10,0.35,$3.92,2.35,$0.18B,$0.05B,3.28,$0.00B,$0.24B,0.0,$0.17B,$0.02B,11.38%,$0.17B,$0.01B,5.99%,$0.17B,$0.01B,5.99%,$0.17B,$0.02B,11.38%,$0.17B,$0.01B,8.38%,$0.17B,$0.01B,5.99%,$0.01B,$0.24B,4.23%,$0.01B,$0.24B,4.32%,$0.01B,$0.30B,3.46%,$0.01B,$0.24B,4.23%,$42,$36,$6,$0,$1,$38,$4,$-0,$4,$1,$3,$3,$3,$7,$4,$3,3,$1.20,$1.20,$47,$52,$0,$176,$0,$0,$5,$0,$7,$295,$54,$0,$0,$0,$54,$0,$155,$0,$241,$295,$5,$6,$0,$6,$0,$0,$0,$0,$21,$32,$0,$0,$0,$0,$0,$0,$0,$0,$0,$0,$0,$0,$0,$-0,$0,$-0,$31,$0,$0
7,2015-03-31,9.28,$0.00,0.0,$65.78,0.14,$13.74,0.68,$2.80,3.31,$0.16B,$0.05B,3.46,$0.00B,$0.00B,0.0,$0.17B,$0.02B,10.12%,$0.17B,$0.01B,4.76%,$0.17B,$0.01B,4.76%,$0.17B,$0.01B,8.33%,$0.17B,$0.01B,6.55%,$0.17B,$0.01B,4.17%,$0.01B,$0.23B,3.04%,$0.01B,$0.23B,3.11%,$0.01B,$0.28B,2.44%,$0.01B,$0.23B,3.47%,$34,$32,$2,$0,$1,$33,$1,$-0,$1,$0,$0,$0,$0,$4,$1,$3,3,$0.16,$0.16,$37,$52,$0,$160,$0,$0,$5,$0,$7,$280,$46,$0,$0,$0,$46,$0,$0,$0,$234,$280,$1,$3,$0,$3,$0,$0,$0,$0,$19,$23,$0,$0,$0,$0,$0,$0,$0,$0,$0,$0,$0,$0,$0,$-0,$0,$-0,$23,$0,$0
8,2014-12-31,6.48,$0.00,0.0,$65.68,0.1,$11.92,0.54,$-1.84,0.0,$0.16B,$0.05B,3.42,$0.00B,$0.24B,0.0,$0.17B,$0.02B,10.12%,$0.17B,$0.01B,4.17%,$0.17B,$0.01B,4.17%,$0.17B,$0.01B,7.74%,$0.17B,$-0.00B,-0.60%,$0.17B,$-0.01B,-2.98%,$-0.01B,$0.24B,-2.21%,$-0.01B,$0.23B,-2.26%,$-0.01B,$0.28B,-1.75%,$0.01B,$0.24B,3.09%,$39,$35,$4,$0,$4,$39,$-0,$0,$2,$1,$1,$1,$1,$3,$-0,$3,3,$0.32,$0.32,$15,$54,$0,$158,$0,$0,$5,$0,$7,$282,$46,$0,$0,$0,$47,$0,$150,$0,$236,$282,$-2,$11,$0,$11,$0,$0,$0,$0,$-14,$4,$2,$0,$0,$0,$0,$0,$0,$2,$0,$9,$0,$0,$0,$-0,$-10,$-1,$5,$0,$0
9,2014-09-30,7.89,$0.00,0.0,$50.53,0.16,$9.77,0.81,$-2.16,0.0,$0.17B,$0.06B,2.74,$0.00B,$0.00B,0.0,$0.16B,$0.01B,7.32%,$0.16B,$0.01B,3.05%,$0.16B,$0.01B,3.05%,$0.16B,$0.01B,6.10%,$0.16B,$-0.01B,-3.05%,$0.16B,$-0.01B,-4.88%,$-0.01B,$0.24B,-3.56%,$-0.01B,$0.23B,-3.64%,$-0.01B,$0.30B,-2.81%,$0.01B,$0.24B,2.23%,$52,$45,$7,$0,$1,$47,$5,$2,$7,$1,$6,$6,$6,$5,$5,$3,3,$2.24,$2.24,$15,$59,$0,$171,$0,$0,$5,$0,$7,$298,$63,$0,$0,$0,$63,$0,$0,$0,$235,$298,$-4,$9,$0,$9,$0,$0,$0,$0,$-9,$5,$2,$0,$0,$0,$0,$0,$0,$2,$0,$-3,$-3,$0,$0,$-0,$1,$-1,$6,$0,$0
10,2014-06-30,10.65,$0.00,0.0,$51.75,0.21,$4.34,2.45,$-4.16,0.0,$0.16B,$0.07B,2.28,$0.00B,$0.00B,0.0,$0.17B,$0.01B,5.99%,$0.17B,$0.00B,2.40%,$0.17B,$0.00B,2.40%,$0.17B,$0.01B,7.19%,$0.17B,$-0.01B,-6.59%,$0.17B,$-0.01B,-7.78%,$-0.01B,$0.22B,-5.79%,$-0.01B,$0.21B,-5.92%,$-0.01B,$0.29B,-4.59%,$0.00B,$0.22B,1.76%,$43,$39,$4,$0,$2,$42,$2,$-1,$1,$0,$0,$0,$0,$2,$2,$3,3,$0.08,$0.08,$28,$52,$0,$159,$0,$0,$5,$0,$7,$287,$70,$0,$0,$0,$70,$0,$0,$0,$217,$287,$0,$0,$0,$0,$0,$0,$0,$0,$0,$0,$0,$0,$0,$0,$0,$0,$0,$0,$0,$0,$0,$0,$0,$0,$0,$0,$0,$0,$0
11,2014-03-31,12.89,$0.00,0.0,$48.95,0.26,$11.43,1.13,$-3.60,0.0,$0.14B,$0.06B,2.5,$0.00B,$0.00B,0.0,$0.16B,$0.01B,6.25%,$0.16B,$0.00B,2.50%,$0.16B,$0.00B,2.50%,$0.16B,$0.02B,9.38%,$0.16B,$-0.01B,-6.25%,$0.16B,$-0.01B,-6.88%,$-0.01B,$0.22B,-4.81%,$-0.01B,$0.21B,-4.92%,$-0.01B,$0.27B,-3.89%,$0.00B,$0.22B,1.72%,$34,$32,$2,$0,$2,$34,$-0,$-11,$-11,$0,$-11,$-12,$-12,$3,$-0,$3,3,$-4.48,$-4.48,$29,$48,$0,$140,$0,$0,$5,$0,$7,$273,$56,$0,$0,$0,$56,$0,$0,$0,$217,$273,$-11,$3,$0,$3,$0,$0,$0,$0,$19,$18,$0,$0,$0,$0,$0,$0,$0,$0,$0,$-2,$-2,$0,$0,$0,$1,$-2,$17,$0,$0
12,2013-12-31,19.07,$0.00,0.0,$45.19,0.42,$8.21,2.32,$0.56,34.05,$0.14B,$0.05B,2.88,$0.00B,$0.23B,0.0,$0.15B,$0.01B,6.00%,$0.15B,$0.00B,2.00%,$0.15B,$0.00B,2.00%,$0.15B,$0.01B,9.33%,$0.15B,0,0.00%,$0.15B,0,0.00%,$0.00B,$0.23B,0.00%,$0.00B,$0.22B,0.00%,$0.00B,$0.28B,0.00%,$0.00B,$0.23B,1.26%,$35,$36,$-1,$0,$1,$38,$-2,$0,$-2,$-0,$-2,$-2,$-2,$0,$-2,$0,0,$0.00,$0.00,$11,$50,$3,$142,$0,$0,$5,$0,$7,$279,$49,$0,$0,$0,$50,$0,$156,$0,$229,$279,$-1,$11,$0,$11,$0,$0,$0,$0,$-8,$8,$-15,$0,$0,$0,$0,$1,$-6,$-21,$0,$6,$0,$0,$0,$-2,$-2,$3,$-10,$0,$0
13,2013-09-30,25.06,$0.00,0.0,$60.85,0.41,$18.90,1.33,$1.44,17.4,$0.16B,$0.05B,3.04,$0.01B,$0.00B,0.0,$0.16B,$0.02B,10.32%,$0.16B,$0.01B,5.81%,$0.16B,$0.01B,5.81%,$0.16B,$0.02B,13.55%,$0.16B,$0.01B,3.23%,$0.16B,$0.00B,2.58%,$0.00B,$0.24B,1.72%,$0.00B,$0.23B,1.76%,$0.00B,$0.30B,1.45%,$0.01B,$0.24B,3.74%,$55,$50,$5,$0,$1,$51,$4,$-3,$1,$0,$1,$1,$1,$7,$4,$3,3,$0.24,$0.24,$7,$51,$2,$156,$0,$0,$6,$0,$6,$295,$51,$8,$0,$8,$60,$0,$0,$0,$235,$295,$2,$8,$0,$8,$0,$0,$0,$0,$-8,$4,$-11,$0,$0,$0,$0,$0,$0,$-11,$0,$1,$1,$0,$0,$-2,$0,$-1,$-8,$0,$0
14,2013-06-30,15.61,$0.00,0.0,$63.54,0.25,$34.37,0.45,$5.76,2.71,$0.15B,$0.04B,3.46,$0.01B,$0.00B,0.0,$0.16B,$0.03B,17.90%,$0.16B,$0.02B,13.58%,$0.16B,$0.02B,13.58%,$0.16B,$0.03B,20.37%,$0.16B,$0.02B,11.73%,$0.16B,$0.02B,9.26%,$0.02B,$0.23B,6.51%,$0.02B,$0.23B,6.67%,$0.02B,$0.28B,5.47%,$0.02B,$0.24B,9.23%,$36,$33,$4,$0,$2,$34,$2,$-0,$2,$0,$2,$2,$2,$5,$2,$3,3,$0.64,$0.64,$35,$51,$3,$145,$0,$0,$6,$0,$6,$284,$42,$8,$0,$8,$50,$0,$0,$0,$234,$284,$1,$6,$0,$6,$0,$0,$0,$0,$23,$28,$-10,$0,$0,$0,$0,$0,$0,$-10,$0,$3,$0,$0,$0,$0,$0,$3,$21,$0,$0
15,2013-03-31,15.42,$0.00,0.0,$76.59,0.2,$35.09,0.44,$10.40,1.48,$0.13B,$0.02B,5.41,$0.01B,$0.00B,0.0,$0.20B,$0.05B,23.08%,$0.20B,$0.04B,19.49%,$0.20B,$0.04B,19.49%,$0.20B,$0.05B,25.13%,$0.20B,$0.04B,17.95%,$0.20B,$0.03B,13.85%,$0.03B,$0.23B,11.97%,$0.03B,$0.23B,12.27%,$0.03B,$0.26B,9.86%,$0.04B,$0.24B,16.26%,$24,$23,$1,$0,$2,$25,$-1,$-0,$-1,$-0,$-1,$-1,$-1,$2,$-1,$3,3,$-0.32,$-0.32,$24,$45,$2,$125,$0,$0,$6,$0,$6,$263,$23,$8,$0,$8,$31,$0,$0,$0,$232,$263,$-1,$3,$0,$3,$0,$0,$0,$0,$15,$16,$-6,$0,$0,$0,$0,$0,$0,$-6,$0,$0,$0,$0,$0,$0,$0,$0,$10,$0,$0
16,2012-12-31,15.42,$0.00,0.0,$90.35,0.17,$35.80,0.43,$15.20,1.01,$0.13B,$0.03B,4.74,$0.01B,$0.23B,0.04,$0.23B,$0.06B,26.96%,$0.23B,$0.06B,23.91%,$0.23B,$0.06B,23.91%,$0.23B,$0.07B,28.70%,$0.23B,$0.05B,22.17%,$0.23B,$0.04B,16.96%,$0.04B,$0.23B,17.91%,$0.04B,$0.22B,18.35%,$0.04B,$0.27B,14.09%,$0.06B,$0.24B,24.28%,$40,$34,$6,$0,$1,$36,$4,$-0,$3,$1,$2,$2,$2,$7,$4,$3,3,$0.88,$0.88,$14,$46,$0,$133,$0,$0,$5,$0,$6,$265,$28,$8,$0,$8,$36,$0,$157,$0,$229,$265,$52,$11,$0,$11,$0,$0,$0,$0,$-15,$30,$-3,$0,$0,$0,$0,$0,$0,$-3,$0,$-20,$0,$0,$0,$0,$0,$-20,$8,$0,$0
17,2012-09-30,13.27,$0.00,0.0,$99.67,0.13,$6.30,2.11,$20.00,0.66,$0.15B,$0.05B,3.01,$0.01B,$0.00B,0.0,$0.25B,$0.08B,30.71%,$0.25B,$0.07B,27.95%,$0.25B,$0.07B,27.95%,$0.25B,$0.08B,31.89%,$0.25B,$0.07B,26.77%,$0.25B,$0.05B,20.47%,$0.05B,$0.23B,25.15%,$0.05B,$0.22B,25.81%,$0.05B,$0.28B,18.79%,$0.07B,$0.23B,32.91%,$62,$44,$18,$0,$2,$45,$17,$-0,$15,$4,$12,$12,$12,$19,$17,$3,3,$4.56,$4.56,$19,$54,$0,$149,$0,$0,$5,$0,$6,$284,$50,$8,$0,$8,$58,$0,$0,$0,$226,$284,$49,$8,$0,$8,$0,$0,$0,$0,$-8,$35,$-3,$0,$0,$0,$0,$0,$0,$-3,$0,$-20,$0,$0,$0,$0,$0,$-20,$13,$0,$0
18,2012-06-30,22.02,$0.00,0.0,$103.14,0.21,$-27.57,0.0,$20.64,1.07,$0.15B,$0.06B,2.55,$0.01B,$0.00B,0.0,$0.26B,$0.08B,30.98%,$0.26B,$0.07B,27.84%,$0.26B,$0.07B,27.84%,$0.26B,$0.08B,31.76%,$0.26B,$0.07B,27.06%,$0.26B,$0.05B,20.39%,$0.05B,$0.22B,26.91%,$0.05B,$0.21B,27.70%,$0.05B,$0.28B,19.26%,$0.07B,$0.22B,35.06%,$69,$50,$20,$0,$2,$51,$18,$-0,$18,$5,$14,$14,$14,$21,$18,$3,3,$5.28,$5.28,$12,$53,$1,$148,$0,$0,$5,$0,$6,$283,$58,$10,$0,$10,$68,$0,$0,$0,$215,$283,$34,$5,$0,$5,$0,$0,$0,$0,$-10,$20,$0,$0,$0,$0,$0,$0,$0,$0,$0,$-14,$0,$0,$0,$0,$0,$-14,$6,$0,$0
19,2012-03-31,28.62,$0.00,0.0,$101.05,0.28,$-52.29,0.0,$20.24,1.41,$0.14B,$0.06B,2.16,$0.01B,$0.00B,0.0,$0.24B,$0.08B,31.28%,$0.24B,$0.07B,28.40%,$0.24B,$0.07B,28.40%,$0.24B,$0.08B,31.69%,$0.24B,$0.07B,27.16%,$0.24B,$0.05B,20.16%,$0.05B,$0.20B,27.37%,$0.05B,$0.20B,28.24%,$0.05B,$0.28B,18.94%,$0.07B,$0.21B,36.95%,$59,$41,$18,$0,$2,$43,$16,$-1,$15,$4,$11,$11,$11,$19,$16,$3,3,$4.48,$4.48,$12,$53,$3,$138,$0,$0,$6,$0,$6,$275,$64,$10,$0,$10,$73,$0,$0,$0,$201,$275,$15,$3,$0,$3,$0,$0,$0,$0,$-1,$12,$0,$0,$0,$0,$0,$0,$0,$0,$0,$-6,$0,$0,$0,$0,$0,$-6,$5,$0,$0
20,2011-12-31,20.73,$0.00,0.0,$98.44,0.21,$-68.81,0.0,$19.36,1.07,$0.13B,$0.07B,1.82,$0.01B,$0.19B,0.05,$0.23B,$0.07B,31.17%,$0.23B,$0.07B,28.14%,$0.23B,$0.07B,28.14%,$0.23B,$0.07B,30.74%,$0.23B,$0.06B,26.84%,$0.23B,$0.05B,19.91%,$0.05B,$0.19B,27.92%,$0.05B,$0.18B,28.89%,$0.05B,$0.27B,19.19%,$0.07B,$0.19B,38.01%,$64,$42,$22,$0,$2,$44,$20,$0,$20,$5,$15,$15,$15,$22,$20,$3,3,$5.68,$5.68,$7,$45,$4,$129,$0,$0,$5,$0,$5,$265,$71,$9,$0,$9,$80,$0,$120,$0,$185,$265,$62,$8,$0,$8,$0,$0,$0,$0,$-39,$19,$-67,$0,$0,$0,$0,$0,$0,$-67,$0,$14,$0,$0,$0,$0,$0,$14,$-33,$0,$0
21,2011-09-30,19.94,$0.00,0.0,$94.31,0.21,$-51.01,0.0,$18.32,1.09,$0.13B,$0.08B,1.66,$0.01B,$0.00B,0.0,$0.21B,$0.06B,30.62%,$0.21B,$0.06B,27.75%,$0.21B,$0.06B,27.75%,$0.21B,$0.06B,30.62%,$0.21B,$0.06B,26.32%,$0.21B,$0.04B,19.14%,$0.04B,$0.17B,26.32%,$0.04B,$0.17B,27.35%,$0.04B,$0.26B,18.20%,$0.06B,$0.18B,37.00%,$63,$45,$19,$0,$2,$47,$17,$-1,$16,$4,$12,$12,$12,$19,$17,$2,2,$5.20,$5.20,$8,$40,$2,$125,$0,$0,$6,$0,$6,$257,$75,$9,$0,$10,$85,$0,$0,$0,$172,$257,$42,$5,$0,$5,$0,$0,$0,$0,$-30,$9,$-57,$0,$0,$0,$0,$0,$0,$-57,$0,$15,$0,$0,$0,$0,$0,$15,$-32,$0,$0
22,2011-06-30,32.21,$0.00,0.0,$97.69,0.33,$-35.92,0.0,$19.84,1.62,$0.12B,$0.08B,1.55,$0.00B,$0.00B,0.0,$0.19B,$0.06B,31.22%,$0.19B,$0.05B,28.04%,$0.19B,$0.05B,28.04%,$0.19B,$0.06B,30.16%,$0.19B,$0.05B,27.51%,$0.19B,$0.04B,19.58%,$0.04B,$0.16B,27.66%,$0.04B,$0.15B,28.85%,$0.04B,$0.24B,19.05%,$0.05B,$0.16B,38.62%,$57,$40,$17,$0,$2,$42,$16,$-0,$15,$4,$11,$11,$11,$17,$16,$2,2,$4.88,$4.88,$8,$40,$3,$118,$0,$0,$5,$0,$5,$238,$76,$4,$0,$4,$80,$0,$0,$0,$158,$238,$26,$3,$0,$3,$0,$0,$0,$0,$-27,$-2,$-37,$0,$0,$0,$0,$0,$0,$-37,$0,$6,$0,$0,$0,$0,$0,$6,$-32,$0,$0
23,2011-03-31,44.26,$0.00,0.0,$103.94,0.43,$-19.01,0.0,$21.44,2.06,$0.10B,$0.05B,2.0,$0.00B,$0.00B,0.0,$0.17B,$0.05B,31.40%,$0.17B,$0.05B,27.91%,$0.17B,$0.05B,27.91%,$0.17B,$0.05B,29.65%,$0.17B,$0.05B,27.91%,$0.17B,$0.03B,19.77%,$0.03B,$0.14B,29.25%,$0.03B,$0.14B,30.63%,$0.03B,$0.20B,20.00%,$0.05B,$0.15B,39.92%,$47,$32,$14,$0,$3,$35,$12,$-0,$11,$3,$8,$8,$8,$13,$12,$2,2,$3.60,$3.60,$13,$33,$3,$101,$0,$0,$5,$0,$5,$199,$51,$4,$0,$4,$55,$0,$0,$0,$144,$199,$11,$1,$0,$1,$0,$0,$0,$0,$-12,$-2,$-25,$0,$0,$0,$0,$0,$0,$-25,$0,$0,$0,$0,$0,$0,$0,$0,$-27,$0,$0
24,2010-12-31,56.17,$0.00,0.0,$109.79,0.51,$-7.08,0.0,$23.04,2.44,$0.11B,$0.05B,2.33,$0.00B,$0.00B,0.0,$0.16B,$0.05B,31.45%,$0.16B,$0.05B,28.30%,$0.16B,$0.05B,28.30%,$0.16B,$0.05B,29.56%,$0.16B,$0.05B,28.93%,$0.16B,$0.03B,20.75%,$0.03B,$0.13B,32.84%,$0.03B,$0.13B,34.74%,$0.03B,$0.19B,21.71%,$0.05B,$0.14B,42.96%,$42,$28,$14,$0,$1,$30,$13,$-0,$13,$3,$9,$9,$9,$15,$13,$2,2,$4.64,$4.64,$40,$27,$0,$110,$0,$0,$5,$0,$5,$185,$47,$4,$0,$4,$51,$0,$0,$0,$134,$185,$45,$5,$0,$5,$0,$0,$0,$0,$-9,$30,$-32,$0,$0,$0,$0,$0,$-5,$-38,$0,$2,$0,$0,$23,$0,$0,$25,$18,$0,$0
25,2010-09-30,38.74,$0.00,0.0,$120.62,0.32,$14.87,2.61,$21.92,1.77,$0.08B,$0.05B,1.61,$0.00B,$0.00B,0.0,$0.15B,$0.07B,46.36%,$0.15B,$0.07B,43.71%,$0.15B,$0.07B,43.71%,$0.15B,$0.07B,45.03%,$0.15B,$0.07B,44.37%,$0.15B,$0.03B,18.54%,$0.03B,$0.10B,32.75%,$0.03B,$0.09B,34.36%,$0.03B,$0.16B,21.01%,$0.07B,$0.10B,74.16%,$43,$30,$14,$0,$1,$31,$12,$0,$13,$3,$9,$9,$9,$12,$12,$1,1,$6.72,$6.72,$6,$22,$0,$83,$0,$0,$5,$0,$5,$155,$52,$4,$0,$4,$56,$0,$0,$0,$99,$155,$20,$2,$0,$2,$0,$0,$0,$0,$-11,$7,$-15,$0,$-5,$0,$0,$0,$0,$-21,$0,$3,$0,$0,$-1,$0,$0,$2,$-12,$0,$0
26,2010-06-30,42.4,$0.00,0.0,$140.16,0.3,$19.99,2.12,$25.92,1.64,$0.08B,$0.05B,1.73,$0.01B,$0.00B,0.0,$0.14B,$0.09B,63.89%,$0.14B,$0.09B,62.50%,$0.14B,$0.09B,62.50%,$0.14B,$0.09B,63.89%,$0.14B,$0.05B,36.81%,$0.14B,$0.03B,18.75%,$0.03B,$0.09B,33.33%,$0.03B,$0.08B,34.50%,$0.03B,$0.14B,21.43%,$0.09B,$0.09B,107.78%,$40,$27,$12,$0,$1,$29,$11,$-0,$11,$3,$8,$8,$8,$11,$11,$1,1,$6.48,$6.48,$10,$22,$0,$82,$0,$0,$5,$0,$5,$141,$47,$5,$0,$5,$53,$0,$0,$0,$88,$141,$0,$0,$0,$0,$0,$0,$0,$0,$0,$0,$0,$0,$0,$0,$0,$0,$0,$0,$0,$0,$0,$0,$0,$0,$0,$0,$0,$0,$0
27,2010-03-31,64.57,$0.00,0.0,$151.60,0.43,$19.99,3.23,$28.24,2.29,$0.08B,$0.04B,2.02,$0.01B,$0.00B,0.0,$0.14B,$0.11B,82.22%,$0.14B,$0.11B,81.48%,$0.14B,$0.11B,81.48%,$0.14B,$0.11B,82.96%,$0.14B,$0.07B,54.07%,$0.14B,$0.03B,18.52%,$0.03B,$0.08B,42.37%,$0.03B,$0.08B,43.48%,$0.03B,$0.13B,27.55%,$0.11B,$0.09B,182.57%,$34,$23,$10,$0,$1,$24,$9,$-0,$9,$2,$7,$7,$7,$9,$9,$1,1,$5.20,$5.20,$19,$21,$1,$83,$0,$0,$5,$0,$5,$127,$41,$5,$0,$5,$46,$0,$0,$0,$81,$127,$0,$0,$0,$0,$0,$0,$0,$0,$0,$0,$0,$0,$0,$0,$0,$0,$0,$0,$0,$0,$0,$0,$0,$0,$0,$0,$0,$0,$0
28,2009-12-31,59.54,$0.00,0.0,$159.80,0.37,$19.99,2.98,$29.36,2.03,$0.10B,$0.04B,2.81,$0.00B,$0.07B,0.0,$0.13B,$0.13B,100.00%,$0.13B,$0.13B,100.00%,$0.13B,$0.13B,100.00%,$0.13B,$0.13B,101.59%,$0.13B,$0.09B,70.63%,$0.13B,$0.02B,18.25%,$0.02B,$0.07B,59.35%,$0.02B,$0.07B,59.35%,$0.02B,$0.11B,38.98%,$0.13B,$0.07B,325.16%,$34,$0,$34,$0,$0,$0,$34,$0,$34,$0,$34,$4,$4,$36,$34,$1,1,$3.92,$3.52,$22,$17,$0,$101,$0,$0,$0,$0,$0,$110,$36,$0,$0,$0,$36,$0,$74,$0,$74,$110,$31,$2,$0,$2,$0,$0,$0,$0,$-5,$23,$-1,$0,$-21,$0,$0,$0,$0,$-22,$0,$2,$0,$0,$0,$-3,$15,$13,$14,$0,$0
29,2009-09-30,69.59,$0.00,0.0,$128.11,0.54,$-0.95,0.0,$25.44,2.74,$0.13B,$0.01B,25.77,$0.00B,$0.08B,0.0,$0.09B,$0.09B,100.00%,$0.09B,$0.09B,100.00%,$0.09B,$0.09B,100.00%,$0.09B,$0.09B,100.00%,$0.09B,$0.06B,59.78%,$0.09B,$0.02B,19.57%,$0.02B,$0.08B,88.89%,$0.02B,$0.08B,88.89%,$0.02B,$0.13B,57.14%,$0.09B,$0.08B,454.32%,$36,$0,$36,$0,$0,$0,$36,$-1,$-1,$-0,$-0,$8,$8,$36,$36,$1,1,$10.72,$10.72,$125,$0,$0,$126,$0,$0,$0,$0,$0,$126,$5,$0,$40,$40,$45,$0,$0,$0,$81,$126,$-0,$0,$0,$0,$0,$0,$0,$0,$-0,$-1,$0,$0,$0,$0,$0,$0,$1,$1,$0,$0,$0,$0,$0,$0,$0,$0,$-0,$0,$0
30,2009-06-30,68.51,$0.00,0.0,$77.40,0.89,0,0.0,$14.88,4.6,$0.00B,$0.00B,0.0,$0.00B,$0.00B,0.0,$0.06B,$0.06B,100.00%,$0.06B,$0.06B,100.00%,$0.06B,$0.06B,100.00%,$0.06B,$0.06B,100.00%,$0.06B,$0.06B,100.00%,$0.06B,$0.01B,17.86%,$0.01B,$0.00B,inf%,$0.01B,$0.00B,inf%,$0.01B,$0.00B,inf%,$0.06B,$0.00B,inf%,$31,$0,$31,$0,$0,$0,$31,$0,$31,$0,$31,$6,$6,$31,$31,$1,1,$8.80,$8.80,$0,$0,$0,$0,$0,$0,$0,$0,$0,$0,$0,$0,$0,$0,$0,$0,$0,$0,$0,$0,$0,$0,$0,$0,$0,$0,$0,$0,$0,$0,$0,$0,$0,$0,$0,$0,$0,$0,$0,$0,$0,$0,$0,$0,$0,$0,$0,$0,$0
31,2009-03-31,66.93,$0.00,0.0,$34.59,1.93,0,0.0,$6.24,10.73,$0.00B,$0.00B,0.0,$0.00B,$0.00B,0.0,$0.03B,$0.03B,100.00%,$0.03B,$0.03B,100.00%,$0.03B,$0.03B,100.00%,$0.03B,$0.03B,100.00%,$0.03B,$0.03B,100.00%,$0.03B,$0.00B,16.00%,$0.00B,$0.00B,inf%,$0.00B,$0.00B,inf%,$0.00B,$0.00B,inf%,$0.03B,$0.00B,inf%,$25,$0,$25,$0,$0,$0,$25,$0,$25,$0,$25,$5,$5,$25,$25,$1,1,$6.32,$6.32,$0,$0,$0,$0,$0,$0,$0,$0,$0,$0,$0,$0,$0,$0,$0,$0,$0,$0,$0,$0,$0,$0,$0,$0,$0,$0,$0,$0,$0,$0,$0,$0,$0,$0,$0,$0,$0,$0,$0,$0,$0,$0,$0,$0,$0,$0,$0,$0,$0
32,2008-12-31,63.85,$0.00,0.0,0,0.0,0,0.0,$0.24,266.03,$0.00B,$0.00B,0.0,$0.00B,$0.00B,0.0,$0.00B,0,nan%,$0.00B,0,nan%,$0.00B,0,nan%,$0.00B,0,nan%,$0.00B,0,nan%,$0.00B,0,nan%,$0.00B,$0.00B,nan%,$0.00B,$0.00B,nan%,$0.00B,$0.00B,nan%,$0.00B,$0.00B,nan%,$0,$0,$0,$0,$0,$0,$0,$0,$0,$0,$0,$-1,$-1,$0,$0,$2,2,$-0.40,$-0.40,$0,$0,$0,$0,$0,$0,$0,$0,$0,$0,$0,$0,$0,$0,$0,$0,$0,$0,$0,$0,$0,$0,$0,$0,$0,$0,$0,$0,$0,$0,$0,$0,$0,$0,$0,$0,$0,$0,$0,$0,$0,$0,$0,$0,$0,$0,$0,$0,$0
