,Date,Stock Price,Book Value per Share,Price to Book Ratio,TTM Sales per Share,Price to Sales Ratio,TTM FCF per Share,Price to FCF Ratio,TTM Net EPS,PE Ratio,Current Assets,Current Liabilities,Current Ratio,Long Term Debt,Shareholder's Equity_x,Debt to Equity Ratio,TTM Revenue_x,TTM Gross Profit,Gross Margin,TTM Revenue_y,TTM Operating Income,Operating Margin,TTM Revenue_x,TTM EBIT,EBIT Margin,TTM Revenue_y,TTM EBITDA,EBITDA Margin,TTM Revenue_x,TTM Pre-Tax Income,Pre-Tax Margin,TTM Revenue_y,TTM Net Income_x,Net Margin,TTM Net Income_y,Shareholder's Equity_y,Return on Equity,TTM Net Income_x,Tangible Equity,Return on Tangible Equity,TTM Net Income_y,Total Assets,Return on Assets,TTM Net Income,LT Investments & Debt,Return on Investment,revenue,cost-goods-sold,gross-profit,research-development-expenses,selling-general-administrative-expenses,operating-expenses,operating-income,total-non-operating-income-expense,pre-tax-income,total-provision-income-taxes,income-after-taxes,income-from-continuous-operations,net-income,ebitda,ebit,basic-shares-outstanding,shares-outstanding,eps-basic-net-earnings-per-share,eps-earnings-per-share-diluted,cash-on-hand,inventory,other-current-assets,total-current-assets,net-property-plant-equipment,long-term-investments,goodwill-intangible-assets-total,other-long-term-assets,total-long-term-assets,total-assets,total-current-liabilities,long-term-debt,other-non-current-liabilities,total-long-term-liabilities,total-liabilities,common-stock-net,retained-earnings-accumulated-deficit,comprehensive-income,total-share-holder-equity,total-liabilities-share-holders-equity,net-income-loss,total-depreciation-amortization-cash-flow,other-non-cash-items,total-non-cash-items,change-in-accounts-receivable,change-in-inventories,change-in-accounts-payable,change-in-assets-liabilities,total-change-in-assets-liabilities,cash-flow-from-operating-activities,net-change-in-property-plant-equipment,net-change-in-intangible-assets,net-acquisitions-divestitures,net-change-in-short-term-investments,net-change-in-long-term-investments,net-change-in-investments-total,investing-activities-other,cash-flow-from-investing-activities,net-long-term-debt,net-current-debt,debt-issuance-retirement-net-total,net-common-equity-issued-repurchased,net-total-equity-issued-repurchased,total-common-preferred-stock-dividends-paid,financial-activities-other,cash-flow-from-financial-activities,net-cash-flow,stock-based-compensation,common-stock-dividends-paid
0,2018-09-30,111.33,$29.63,3.76,$12.90,8.63,$4.45,25.02,$1.07,104.05,$1.25B,$1.30B,0.96,$16.31B,$12.30B,1.33,$5.24B,$3.44B,65.67%,$5.24B,$1.32B,25.21%,$5.24B,$1.32B,25.21%,$5.24B,$2.83B,53.96%,$5.24B,$0.59B,11.16%,$5.24B,$0.44B,8.47%,$0.44B,$12.30B,3.55%,$0.44B,$-3.40B,-13.28%,$0.44B,$32.64B,1.37%,$1.32B,$28.61B,4.64%,$1375,$474,$901,$0,$145,$1016,$359,$-190,$169,$5,$164,$164,$136,$745,$359,$415,416,$0.33,$0.33,$448,$0,$148,$1249,$13433,$0,$15694,$911,$31395,$32644,$1304,$16313,$2732,$19045,$20349,$4,$-5447,$-5,$12295,$32644,$458,$1143,$207,$1350,$-74,$0,$31,$41,$-33,$1775,$-1241,$0,$-26,$0,$0,$0,$-14,$-1281,$321,$-175,$146,$807,$807,$-1400,$-33,$-480,$13,$79,$-1315
1,2018-06-30,107.82,$30.28,3.56,$12.28,8.78,$4.58,23.55,$0.95,113.49,$1.16B,$1.29B,0.91,$15.84B,$12.57B,1.26,$4.93B,$3.22B,65.24%,$4.93B,$1.22B,24.82%,$4.93B,$1.22B,24.82%,$4.93B,$2.64B,53.62%,$4.93B,$0.53B,10.83%,$4.93B,$0.39B,7.97%,$0.39B,$12.57B,3.12%,$0.39B,$-3.24B,-19.41%,$0.39B,$32.37B,1.23%,$1.22B,$28.41B,4.33%,$1330,$454,$876,$0,$138,$985,$345,$-160,$185,$5,$180,$180,$152,$726,$345,$415,416,$0.37,$0.36,$331,$0,$181,$1164,$13218,$0,$15804,$885,$31210,$32374,$1286,$15844,$2678,$18522,$19808,$4,$-5144,$-5,$12566,$32374,$294,$757,$132,$889,$-59,$0,$3,$-38,$-72,$1111,$-763,$0,$-18,$0,$0,$0,$3,$-778,$378,$-665,$-287,$807,$807,$-936,$-20,$-436,$-104,$47,$-879
2,2018-03-31,108.48,$30.92,3.51,$11.91,9.11,$4.75,22.85,$0.90,120.54,$1.07B,$1.19B,0.91,$15.62B,$12.83B,1.22,$4.64B,$3.01B,64.80%,$4.64B,$1.14B,24.53%,$4.64B,$1.14B,24.53%,$4.64B,$2.48B,53.35%,$4.64B,$0.47B,10.05%,$4.64B,$0.35B,7.61%,$0.35B,$12.83B,3.11%,$0.35B,$-3.10B,-17.34%,$0.35B,$32.25B,1.18%,$1.14B,$28.45B,4.30%,$1299,$433,$866,$0,$134,$950,$349,$-231,$118,$4,$114,$114,$86,$725,$349,$409,410,$0.21,$0.21,$340,$0,$157,$1074,$13051,$0,$15929,$892,$31176,$32250,$1187,$15616,$2615,$18231,$19418,$4,$-4858,$-4,$12832,$32250,$114,$376,$100,$476,$-5,$0,$-5,$-100,$-138,$452,$-370,$0,$-14,$0,$0,$0,$0,$-384,$393,$-880,$-487,$810,$810,$-471,$-15,$-163,$-95,$23,$-443
3,2017-12-31,108.83,$30.39,3.58,$11.55,9.42,$5.05,21.57,$1.02,106.69,$1.13B,$1.29B,0.88,$16.04B,$12.34B,1.3,$4.36B,$2.79B,64.10%,$4.36B,$1.04B,23.97%,$4.36B,$1.04B,23.97%,$4.36B,$2.30B,52.71%,$4.36B,$0.47B,10.81%,$4.36B,$0.39B,8.86%,$0.39B,$12.34B,3.86%,$0.39B,$-3.64B,-19.05%,$0.39B,$32.23B,1.38%,$1.04B,$28.38B,4.25%,$1239,$439,$800,$0,$128,$970,$269,$-156,$113,$14,$99,$99,$70,$633,$269,$382,383,$0.15,$0.16,$435,$0,$139,$1134,$12933,$0,$15983,$879,$31095,$32229,$1292,$16044,$2554,$18598,$19890,$4,$-4505,$-4,$12339,$32229,$445,$1252,$126,$1378,$61,$0,$-34,$160,$222,$2044,$-1228,$0,$-9260,$0,$0,$0,$-6,$-10494,$2973,$980,$3953,$4198,$5806,$-1539,$-25,$8195,$-254,$92,$-1509
4,2017-09-30,97.09,$31.19,3.11,$11.35,8.56,$5.58,17.4,$1.20,80.91,$7.48B,$1.05B,7.13,$15.09B,$12.67B,1.19,$4.15B,$2.63B,63.44%,$4.15B,$1.04B,24.99%,$4.15B,$1.04B,24.99%,$4.15B,$2.20B,53.07%,$4.15B,$0.49B,11.74%,$4.15B,$0.44B,10.63%,$0.44B,$12.67B,5.01%,$0.44B,$1.88B,-27.94%,$0.44B,$31.01B,1.73%,$1.04B,$27.76B,4.64%,$1063,$388,$675,$0,$100,$802,$261,$-143,$118,$3,$115,$115,$85,$560,$261,$395,397,$0.22,$0.21,$6835,$0,$155,$7475,$10600,$0,$10791,$861,$23537,$31012,$1049,$15090,$2200,$17291,$18339,$4,$-4146,$-5,$12672,$31012,$346,$888,$78,$966,$79,$0,$-28,$48,$101,$1413,$-852,$0,$-2113,$0,$0,$0,$-6,$-2971,$3002,$0,$3002,$4198,$5806,$-1082,$-27,$7699,$6142,$67,$-1082
5,2017-06-30,96.41,$20.73,4.65,$11.60,8.31,$6.21,15.53,$1.25,77.13,$0.95B,$1.00B,0.95,$13.73B,$7.59B,1.81,$4.08B,$2.58B,63.34%,$4.08B,$1.02B,25.01%,$4.08B,$1.02B,25.01%,$4.08B,$2.17B,53.21%,$4.08B,$0.47B,11.57%,$4.08B,$0.44B,10.86%,$0.44B,$7.59B,6.06%,$0.44B,$-3.28B,-16.21%,$0.44B,$24.48B,1.90%,$1.02B,$21.32B,5.04%,$1038,$373,$665,$0,$98,$779,$259,$-142,$117,$5,$112,$112,$112,$557,$259,$364,366,$0.31,$0.31,$318,$0,$152,$951,$10508,$0,$10873,$852,$23532,$24484,$998,$13726,$2169,$15895,$16893,$4,$-3841,$-5,$7590,$24484,$231,$589,$51,$640,$91,$0,$-17,$-25,$60,$931,$-563,$0,$-2104,$0,$0,$0,$-8,$-2675,$1285,$350,$1635,$441,$441,$-696,$-11,$1369,$-374,$45,$-696
6,2017-03-31,90.06,$20.38,4.42,$11.61,7.76,$6.75,13.34,$1.16,77.64,$0.92B,$0.90B,1.02,$13.38B,$7.36B,1.82,$4.00B,$2.53B,63.27%,$4.00B,$0.99B,24.79%,$4.00B,$0.99B,24.79%,$4.00B,$2.12B,53.07%,$4.00B,$0.45B,11.12%,$4.00B,$0.41B,10.14%,$0.41B,$7.36B,5.67%,$0.41B,$-3.06B,-15.89%,$0.41B,$23.78B,1.79%,$0.99B,$20.74B,5.03%,$1016,$364,$652,$0,$101,$761,$255,$-132,$123,$4,$119,$119,$119,$546,$255,$361,362,$0.33,$0.33,$320,$0,$140,$916,$10294,$0,$10424,$832,$22860,$23777,$902,$13380,$2131,$15511,$16413,$4,$-3603,$-6,$7363,$23777,$119,$291,$24,$315,$93,$0,$-30,$-42,$8,$442,$-262,$0,$-1497,$0,$0,$0,$-4,$-1763,$969,$335,$1304,$0,$0,$-348,$-7,$949,$-372,$22,$-348
7,2016-12-31,81.87,$20.96,3.91,$11.59,7.06,$6.99,11.72,$0.94,87.1,$1.33B,$0.96B,1.38,$12.07B,$7.56B,1.6,$3.92B,$2.48B,63.29%,$3.92B,$0.95B,24.21%,$3.92B,$0.95B,24.21%,$3.92B,$2.07B,52.86%,$3.92B,$0.37B,9.54%,$3.92B,$0.32B,8.27%,$0.32B,$7.56B,4.56%,$0.32B,$-1.85B,-14.02%,$0.32B,$22.68B,1.46%,$0.95B,$19.63B,4.92%,$1032,$392,$640,$0,$92,$770,$262,$-133,$129,$4,$125,$125,$125,$539,$262,$340,341,$0.36,$0.36,$692,$0,$130,$1325,$9805,$0,$9408,$820,$21350,$22675,$961,$12069,$2087,$14157,$15118,$4,$-3379,$-6,$7557,$22675,$357,$1123,$180,$1303,$-59,$0,$11,$141,$123,$1782,$-874,$0,$-557,$0,$0,$0,$21,$-1410,$1060,$-1125,$-65,$1301,$1301,$-1283,$-49,$-96,$389,$79,$-1239
8,2016-09-30,87.92,$20.01,4.39,$11.39,7.72,$6.97,12.61,$0.98,89.72,$0.84B,$0.90B,0.94,$12.49B,$6.75B,1.85,$3.83B,$2.45B,63.77%,$3.83B,$0.92B,23.92%,$3.83B,$0.92B,23.92%,$3.83B,$2.04B,53.13%,$3.83B,$0.35B,9.02%,$3.83B,$0.33B,8.58%,$0.33B,$6.75B,4.71%,$0.33B,$-2.73B,-13.71%,$0.33B,$22.17B,1.50%,$0.92B,$19.25B,4.79%,$992,$366,$626,$0,$90,$748,$244,$-141,$103,$5,$98,$98,$87,$528,$244,$338,338,$0.26,$0.26,$273,$0,$133,$840,$9714,$0,$9487,$809,$21332,$22172,$898,$12492,$2029,$14520,$15418,$3,$-3159,$-6,$6754,$22172,$232,$846,$149,$995,$38,$0,$-12,$34,$77,$1305,$-614,$0,$-545,$0,$0,$0,$20,$-1140,$1086,$-715,$371,$299,$299,$-930,$-41,$-301,$-23,$60,$-897
9,2016-06-30,93.75,$20.58,4.55,$11.21,8.36,$6.83,13.74,$1.00,93.75,$0.82B,$0.88B,0.93,$12.33B,$6.95B,1.77,$3.76B,$2.40B,63.91%,$3.76B,$0.90B,24.04%,$3.76B,$0.90B,24.04%,$3.76B,$2.01B,53.46%,$3.76B,$0.34B,9.15%,$3.76B,$0.34B,8.91%,$0.34B,$6.95B,4.71%,$0.34B,$-2.58B,-14.91%,$0.34B,$22.15B,1.53%,$0.90B,$19.27B,4.72%,$962,$349,$614,$0,$91,$731,$231,$-141,$90,$4,$86,$86,$75,$511,$231,$338,339,$0.22,$0.22,$334,$0,$116,$818,$9670,$0,$9525,$807,$21335,$22153,$876,$12326,$2003,$14329,$15205,$3,$-2946,$-4,$6948,$22153,$134,$562,$108,$670,$85,$0,$-7,$7,$115,$918,$-393,$0,$-494,$0,$0,$0,$10,$-877,$921,$-690,$231,$299,$299,$-620,$-42,$-131,$24,$40,$-598
10,2016-03-31,79.21,$21.19,3.74,$11.07,7.16,$6.77,11.71,$4.20,18.86,$0.82B,$0.81B,1.01,$11.78B,$7.15B,1.65,$3.70B,$2.36B,63.89%,$3.70B,$0.91B,24.72%,$3.70B,$0.91B,24.72%,$3.70B,$2.01B,54.23%,$3.70B,$0.42B,11.25%,$3.70B,$1.40B,37.92%,$1.40B,$7.15B,19.41%,$1.40B,$-2.09B,-71.89%,$1.40B,$21.72B,6.47%,$0.91B,$18.93B,4.82%,$934,$334,$601,$0,$98,$723,$212,$-160,$52,$4,$48,$48,$37,$494,$212,$334,335,$0.11,$0.11,$305,$0,$120,$821,$9559,$0,$9238,$782,$20897,$21718,$812,$11778,$1975,$13753,$14565,$3,$-2720,$-5,$7153,$21718,$48,$282,$62,$345,$59,$0,$-9,$-15,$45,$438,$-193,$0,$-22,$0,$0,$0,$8,$-208,$606,$-915,$-309,$299,$299,$-310,$-26,$-346,$-3,$20,$-299
11,2015-12-31,78.34,$21.24,3.69,$10.98,7.14,$6.79,11.54,$4.43,17.69,$0.98B,$0.86B,1.15,$12.04B,$7.09B,1.7,$3.66B,$2.34B,63.94%,$3.66B,$0.95B,25.85%,$3.66B,$0.95B,25.85%,$3.66B,$2.02B,55.12%,$3.66B,$0.47B,12.94%,$3.66B,$1.48B,40.32%,$1.48B,$7.09B,20.88%,$1.48B,$-2.20B,-73.63%,$1.48B,$21.94B,6.87%,$0.95B,$19.13B,5.03%,$946,$342,$604,$0,$87,$716,$230,$-129,$101,$-42,$143,$143,$130,$504,$230,$333,334,$0.39,$0.38,$310,$0,$225,$981,$9580,$0,$9293,$776,$20956,$21937,$855,$12044,$1949,$13992,$14848,$3,$-2458,$-4,$7089,$21937,$525,$1073,$-26,$1048,$13,$0,$-5,$214,$221,$1794,$-909,$0,$-1102,$0,$0,$0,$51,$-1960,$-172,$430,$258,$-30,$-30,$-1160,$-3,$-935,$3,$61,$-1116
12,2015-09-30,70.75,$21.69,3.26,$10.82,6.54,$6.67,10.61,$4.45,15.9,$1.02B,$0.83B,1.24,$12.04B,$7.24B,1.66,$3.61B,$2.29B,63.31%,$3.61B,$0.95B,26.32%,$3.61B,$0.95B,26.32%,$3.61B,$2.01B,55.80%,$3.61B,$0.49B,13.47%,$3.61B,$1.48B,41.12%,$1.48B,$7.24B,21.25%,$1.48B,$-2.12B,-74.56%,$1.48B,$22.00B,6.96%,$0.95B,$19.28B,5.08%,$918,$334,$584,$0,$77,$687,$231,$-130,$101,$-4,$104,$104,$93,$501,$231,$333,334,$0.28,$0.28,$301,$0,$222,$1024,$9499,$0,$9364,$0,$20971,$21996,$825,$12039,$1859,$13931,$14755,$3,$-2292,$-4,$7240,$21996,$383,$799,$-9,$790,$-1,$0,$-8,$125,$119,$1291,$-658,$0,$-1083,$0,$0,$0,$53,$-1689,$-147,$320,$173,$-30,$-30,$-854,$11,$-700,$8,$45,$-821
13,2015-06-30,71.28,$22.18,3.21,$10.75,6.63,$6.73,10.6,$4.46,15.98,$1.12B,$0.78B,1.43,$11.04B,$7.40B,1.49,$3.58B,$2.26B,63.09%,$3.58B,$0.96B,26.73%,$3.58B,$0.96B,26.73%,$3.58B,$2.02B,56.33%,$3.58B,$0.48B,13.45%,$3.58B,$1.49B,41.49%,$1.49B,$7.40B,21.58%,$1.49B,$-1.39B,-75.66%,$1.49B,$21.01B,7.08%,$0.96B,$18.44B,5.19%,$899,$326,$573,$0,$73,$659,$241,$-78,$162,$-4,$167,$167,$1142,$506,$241,$333,334,$3.43,$3.42,$482,$0,$214,$1118,$9042,$0,$8792,$0,$19894,$21012,$780,$11037,$1755,$12827,$13607,$3,$-2110,$-7,$7404,$21012,$278,$529,$-25,$504,$60,$0,$1,$75,$136,$919,$-421,$0,$-65,$0,$0,$0,$46,$-439,$-123,$-695,$-818,$-29,$-29,$-569,$-7,$-1424,$163,$30,$-547
14,2015-03-31,72.55,$19.65,3.69,$10.69,6.79,$6.51,11.15,$1.11,65.36,$0.93B,$0.82B,1.13,$11.95B,$6.56B,1.82,$3.56B,$2.24B,62.78%,$3.56B,$0.93B,26.21%,$3.56B,$0.93B,26.21%,$3.56B,$1.99B,55.91%,$3.56B,$0.34B,9.60%,$3.56B,$0.37B,10.33%,$0.37B,$6.56B,5.44%,$0.37B,$-2.31B,-17.41%,$0.37B,$21.11B,1.76%,$0.93B,$18.51B,5.07%,$900,$319,$581,$0,$74,$656,$245,$-135,$110,$-1,$112,$112,$112,$508,$245,$333,333,$0.34,$0.34,$377,$0,$83,$928,$9140,$0,$8866,$0,$20178,$21105,$822,$11954,$1732,$13725,$14547,$3,$-2978,$8,$6559,$21105,$112,$264,$20,$283,$36,$0,$-7,$28,$58,$453,$-202,$0,$-17,$0,$0,$0,$-1,$-220,$-31,$165,$134,$-29,$-29,$-285,$8,$-172,$65,$15,$-274
15,2014-12-31,68.53,$20.18,3.4,$10.62,6.45,$6.41,10.69,$1.04,65.89,$1.28B,$0.93B,1.38,$11.81B,$6.74B,1.75,$3.54B,$2.23B,63.04%,$3.54B,$0.94B,26.59%,$3.54B,$0.94B,26.59%,$3.54B,$2.01B,56.71%,$3.54B,$0.34B,9.47%,$3.54B,$0.35B,9.81%,$0.35B,$6.74B,5.06%,$0.35B,$-2.14B,-17.04%,$0.35B,$21.14B,1.67%,$0.94B,$18.55B,5.11%,$892,$344,$547,$0,$64,$659,$233,$-120,$113,$-6,$119,$119,$137,$499,$233,$332,333,$0.41,$0.41,$299,$0,$119,$1283,$8983,$0,$8878,$0,$19860,$21143,$932,$11808,$1666,$13474,$14406,$3,$-2815,$16,$6737,$21143,$346,$1067,$63,$1129,$-77,$0,$12,$188,$124,$1600,$-759,$0,$-462,$0,$0,$0,$3,$-1217,$-108,$321,$213,$-22,$-22,$-669,$14,$-463,$-48,$51,$-624
16,2014-09-30,69.36,$20.56,3.37,$10.09,6.87,$6.01,11.54,$0.52,133.39,$0.98B,$0.85B,1.16,$11.47B,$6.86B,1.67,$3.29B,$2.10B,63.94%,$3.29B,$0.90B,27.39%,$3.29B,$0.90B,27.39%,$3.29B,$1.89B,57.49%,$3.29B,$0.27B,8.15%,$3.29B,$0.18B,5.32%,$0.18B,$6.86B,2.53%,$0.18B,$-2.02B,-8.71%,$0.18B,$20.79B,0.85%,$0.90B,$18.33B,4.90%,$893,$332,$560,$0,$65,$654,$239,$-142,$97,$-2,$99,$99,$96,$506,$239,$332,333,$0.29,$0.29,$376,$0,$96,$979,$8871,$0,$8887,$0,$19806,$20785,$846,$11467,$1552,$13077,$13922,$3,$-2678,$19,$6863,$20785,$218,$800,$78,$879,$-64,$0,$28,$88,$55,$1151,$-499,$0,$-174,$0,$0,$0,$3,$-671,$-77,$-20,$-97,$-22,$-22,$-384,$24,$-479,$15,$39,$-351
17,2014-06-30,63.96,$20.61,3.1,$9.98,6.41,$5.61,11.4,$0.39,164.01,$0.95B,$0.80B,1.19,$11.47B,$6.88B,1.67,$3.15B,$2.03B,64.48%,$3.15B,$0.89B,28.14%,$3.15B,$0.89B,28.14%,$3.15B,$1.82B,58.00%,$3.15B,$0.25B,7.98%,$3.15B,$0.13B,3.97%,$0.13B,$6.88B,2.11%,$0.13B,$-1.98B,-5.57%,$0.13B,$20.67B,0.65%,$0.89B,$18.34B,5.14%,$878,$329,$549,$0,$63,$661,$217,$-195,$22,$-3,$25,$25,$23,$479,$217,$332,333,$0.07,$0.07,$383,$0,$76,$948,$8888,$0,$8862,$0,$19724,$20672,$796,$11465,$1478,$12997,$13793,$3,$-2657,$26,$6879,$20672,$119,$533,$66,$600,$-54,$0,$-24,$82,$5,$723,$-299,$0,$-86,$0,$0,$0,$2,$-383,$-47,$-40,$-87,$-22,$-22,$-256,$9,$-356,$4,$27,$-234
18,2014-03-31,63.55,$20.78,3.06,$9.86,6.45,$5.38,11.81,$0.50,127.1,$0.85B,$0.71B,1.2,$11.47B,$6.94B,1.65,$3.00B,$1.97B,65.46%,$3.00B,$0.90B,29.91%,$3.00B,$0.90B,29.91%,$3.00B,$1.79B,59.49%,$3.00B,$0.32B,10.63%,$3.00B,$0.15B,5.13%,$0.15B,$6.94B,3.11%,$0.15B,$-2.00B,-6.12%,$0.15B,$20.57B,0.85%,$0.90B,$18.40B,5.60%,$876,$301,$575,$0,$65,$624,$252,$-149,$103,$-0,$103,$103,$91,$523,$252,$332,333,$0.27,$0.27,$364,$0,$83,$852,$8927,$0,$8932,$0,$19717,$20570,$708,$11468,$1407,$12927,$13635,$3,$-2563,$4,$6935,$20570,$103,$271,$12,$283,$5,$0,$-11,$-16,$-23,$362,$-143,$0,$-62,$0,$0,$0,$1,$-204,$-28,$-6,$-34,$-21,$-21,$-128,$9,$-174,$-23,$12,$-117
19,2013-12-31,63.25,$20.78,3.04,$9.76,6.48,$5.31,11.92,$0.28,225.88,$0.89B,$0.76B,1.18,$11.49B,$6.94B,1.66,$2.87B,$1.88B,65.42%,$2.87B,$0.88B,30.74%,$2.87B,$0.88B,30.74%,$2.87B,$1.72B,60.05%,$2.87B,$0.25B,8.72%,$2.87B,$0.08B,2.72%,$0.08B,$6.94B,1.97%,$0.08B,$-2.03B,-2.80%,$0.08B,$20.60B,0.47%,$0.88B,$18.43B,5.93%,$642,$223,$419,$0,$42,$449,$193,$-147,$46,$103,$-57,$-57,$-35,$383,$193,$298,299,$-0.13,$-0.13,$407,$0,$77,$893,$8948,$0,$8974,$0,$19702,$20595,$756,$11491,$1350,$12897,$13654,$3,$-2536,$-24,$6941,$20595,$60,$841,$267,$1108,$-64,$0,$29,$26,$3,$1171,$-535,$0,$-4932,$0,$0,$0,$7,$-5459,$754,$-879,$-125,$2881,$3832,$0,$356,$4063,$-218,$39,$0
20,2013-09-30,62.9,$10.24,6.14,$9.93,6.34,$4.32,14.57,$0.32,196.57,$1.00B,$0.68B,1.47,$10.66B,$3.00B,3.56,$2.90B,$1.91B,66.01%,$2.90B,$0.90B,30.95%,$2.90B,$0.90B,30.95%,$2.90B,$1.76B,60.66%,$2.90B,$0.12B,4.28%,$2.90B,$0.09B,3.21%,$0.09B,$3.00B,3.14%,$0.09B,$-2.97B,-3.04%,$0.09B,$15.57B,0.60%,$0.90B,$13.66B,6.54%,$749,$264,$485,$0,$59,$526,$223,$-142,$80,$34,$46,$46,$46,$439,$223,$290,291,$0.16,$0.16,$376,$0,$80,$1000,$6904,$0,$5962,$0,$14568,$15568,$680,$10660,$1077,$11891,$12570,$3,$-2512,$-61,$2997,$15568,$117,$651,$160,$810,$-46,$0,$8,$-63,$-88,$839,$-385,$0,$-55,$0,$0,$0,$8,$-433,$77,$-998,$-921,$-99,$-99,$0,$395,$-625,$-223,$29,$0
21,2013-06-30,62.35,$9.99,6.24,$9.48,6.58,$3.59,17.38,$0.30,207.84,$0.88B,$0.64B,1.37,$10.69B,$2.93B,3.66,$2.77B,$1.86B,67.29%,$2.77B,$0.90B,32.31%,$2.77B,$0.90B,32.31%,$2.77B,$1.72B,62.09%,$2.77B,$0.12B,4.30%,$2.77B,$0.09B,3.21%,$0.09B,$2.93B,3.02%,$0.09B,$-3.07B,-3.10%,$0.09B,$15.39B,0.60%,$0.90B,$13.62B,6.83%,$735,$249,$486,$0,$55,$505,$230,$-140,$90,$37,$53,$53,$52,$441,$230,$291,293,$0.18,$0.18,$288,$0,$84,$880,$6892,$0,$5990,$0,$14513,$15393,$644,$10692,$1021,$11823,$12468,$3,$-2558,$-77,$2925,$15393,$70,$435,$114,$549,$-12,$0,$3,$-85,$-59,$560,$-255,$0,$-27,$0,$0,$0,$7,$-275,$-696,$-207,$-903,$-99,$-99,$0,$405,$-596,$-314,$19,$0
22,2013-03-31,59.98,$10.09,5.94,$8.98,6.68,$3.11,19.29,$0.52,115.35,$0.87B,$0.64B,1.36,$10.74B,$2.97B,3.62,$2.62B,$1.79B,68.37%,$2.62B,$0.87B,33.12%,$2.62B,$0.87B,33.12%,$2.62B,$1.66B,63.30%,$2.62B,$0.08B,2.98%,$2.62B,$0.15B,5.84%,$0.15B,$2.97B,5.22%,$0.15B,$-3.08B,-5.71%,$0.15B,$15.37B,1.08%,$0.87B,$13.71B,6.95%,$740,$255,$485,$0,$58,$505,$235,$-201,$34,$18,$17,$17,$15,$458,$235,$291,293,$0.05,$0.05,$300,$0,$69,$865,$6882,$0,$6042,$0,$14507,$15373,$638,$10741,$979,$11770,$12408,$3,$-2611,$-52,$2965,$15373,$17,$223,$65,$289,$-20,$0,$-7,$-20,$-19,$287,$-116,$0,$-13,$0,$0,$0,$0,$-129,$-670,$-165,$-835,$-24,$-24,$0,$422,$-436,$-280,$10,$0
23,2012-12-31,62.15,$10.07,6.17,$8.38,7.41,$2.87,21.67,$0.64,97.12,$1.58B,$1.24B,1.28,$10.92B,$2.95B,3.7,$2.43B,$1.70B,70.04%,$2.43B,$0.84B,34.32%,$2.43B,$0.84B,34.32%,$2.43B,$1.57B,64.41%,$2.43B,$0.10B,4.15%,$2.43B,$0.19B,7.60%,$0.19B,$2.95B,6.44%,$0.19B,$-3.11B,-7.99%,$0.19B,$16.09B,1.38%,$0.84B,$13.87B,7.05%,$674,$217,$457,$0,$59,$465,$209,$-289,$-80,$-71,$-10,$-10,$-20,$420,$209,$289,291,$-0.07,$-0.07,$1017,$0,$74,$1581,$6918,$0,$6062,$0,$14507,$16089,$1238,$10923,$911,$11900,$13137,$3,$-2626,$-62,$2951,$16089,$201,$732,$80,$812,$-99,$0,$35,$-162,$-240,$773,$-441,$0,$-3759,$0,$0,$0,$1,$-4200,$3190,$1002,$4192,$-36,$-36,$-2,$-367,$3787,$361,$42,$0
24,2012-09-30,55.21,$10.04,5.5,$7.88,7.0,$2.76,19.97,$0.87,63.46,$0.78B,$0.53B,1.46,$8.30B,$2.94B,2.82,$2.28B,$1.62B,71.03%,$2.28B,$0.80B,35.25%,$2.28B,$0.80B,35.25%,$2.28B,$1.49B,65.36%,$2.28B,$0.23B,10.14%,$2.28B,$0.25B,10.93%,$0.25B,$2.94B,8.86%,$0.25B,$-2.23B,-12.98%,$0.25B,$12.74B,2.07%,$0.80B,$11.24B,7.46%,$621,$185,$436,$0,$56,$401,$221,$-145,$75,$32,$43,$43,$42,$401,$221,$291,292,$0.14,$0.14,$392,$0,$0,$777,$5381,$0,$5170,$0,$11959,$12736,$532,$8295,$870,$9262,$9794,$3,$-2606,$-72,$2943,$12736,$211,$521,$21,$542,$-44,$0,$-0,$-172,$-228,$524,$-283,$0,$-1236,$0,$0,$0,$1,$-1518,$1341,$-251,$1090,$-36,$-36,$-2,$-21,$1031,$39,$34,$0
25,2012-06-30,50.53,$9.78,5.17,$7.57,6.68,$2.61,19.37,$0.88,57.42,$0.74B,$0.49B,1.51,$8.31B,$2.87B,2.9,$2.17B,$1.55B,71.35%,$2.17B,$0.76B,35.19%,$2.17B,$0.76B,35.19%,$2.17B,$1.43B,66.05%,$2.17B,$0.21B,9.67%,$2.17B,$0.25B,11.56%,$0.25B,$2.87B,9.20%,$0.25B,$-2.30B,-14.20%,$0.25B,$12.60B,2.20%,$0.76B,$11.17B,7.40%,$586,$172,$414,$0,$47,$383,$203,$-154,$49,$-68,$117,$117,$116,$380,$203,$291,291,$0.40,$0.40,$372,$0,$0,$739,$5348,$0,$5167,$0,$11859,$12598,$489,$8308,$853,$9243,$9732,$3,$-2649,$-89,$2866,$12598,$167,$341,$-27,$313,$-26,$0,$-2,$-126,$-156,$324,$-160,$0,$-1199,$0,$0,$0,$1,$-1358,$1366,$-251,$1115,$-35,$-35,$-2,$-28,$1049,$16,$17,$0
26,2012-03-31,45.94,$9.34,4.92,$7.30,6.29,$2.63,17.5,$0.57,80.6,$1.65B,$0.43B,3.87,$8.34B,$2.74B,3.05,$2.09B,$1.49B,71.37%,$2.09B,$0.73B,34.92%,$2.09B,$0.73B,34.92%,$2.09B,$1.39B,66.43%,$2.09B,$0.20B,9.50%,$2.09B,$0.16B,7.72%,$0.16B,$2.74B,6.00%,$0.16B,$-1.62B,-10.13%,$0.16B,$12.13B,1.48%,$0.73B,$11.08B,7.35%,$552,$154,$397,$0,$51,$350,$202,$-145,$57,$7,$50,$50,$47,$366,$202,$285,286,$0.17,$0.17,$1353,$0,$0,$1648,$4836,$0,$4358,$0,$10477,$12125,$426,$8343,$515,$8962,$9388,$3,$-2765,$-93,$2737,$12125,$50,$164,$24,$188,$-2,$0,$-0,$-63,$-76,$162,$-65,$0,$-221,$0,$0,$0,$1,$-285,$1433,$-251,$1182,$-35,$-35,$-2,$-39,$1105,$984,$9,$0
27,2011-12-31,38.59,$9.46,4.08,$7.10,5.44,$2.54,15.17,$0.52,74.21,$0.60B,$0.40B,1.49,$6.85B,$2.39B,2.87,$2.03B,$1.44B,71.06%,$2.03B,$0.69B,34.06%,$2.03B,$0.69B,34.06%,$2.03B,$1.35B,66.39%,$2.03B,$0.18B,8.86%,$2.03B,$0.15B,7.33%,$0.15B,$2.69B,5.53%,$0.15B,$-1.52B,-9.52%,$0.15B,$10.55B,1.43%,$0.69B,$9.55B,7.28%,$519,$149,$371,$0,$45,$343,$177,$-127,$50,$1,$49,$49,$44,$342,$177,$284,286,$0.15,$0.16,$332,$0,$23,$599,$4861,$0,$4214,$0,$9946,$10545,$402,$6853,$500,$7451,$7853,$3,$-2812,$-117,$2692,$10545,$171,$656,$64,$720,$-17,$0,$-7,$-223,$-248,$643,$-348,$0,$-38,$0,$0,$0,$-14,$-400,$-35,$94,$59,$-302,$-317,$-19,$2,$-276,$-32,$33,$0
28,2011-09-30,35.03,$9.20,3.81,$7.01,5.0,$2.82,12.42,$0.48,72.98,$0.52B,$0.38B,1.39,$6.90B,$2.31B,2.98,$2.01B,$1.42B,70.48%,$2.01B,$0.67B,33.40%,$2.01B,$0.67B,33.40%,$2.01B,$1.33B,66.00%,$2.01B,$0.17B,8.31%,$2.01B,$0.14B,7.02%,$0.14B,$2.62B,5.20%,$0.14B,$-1.63B,-8.92%,$0.14B,$10.44B,1.35%,$0.67B,$9.52B,7.07%,$514,$147,$367,$0,$43,$332,$182,$-128,$54,$3,$51,$51,$44,$346,$182,$282,284,$0.16,$0.15,$299,$0,$0,$522,$4864,$0,$4244,$0,$9921,$10443,$377,$6903,$477,$7448,$7825,$3,$-2856,$-141,$2618,$10443,$123,$491,$50,$541,$-5,$0,$-10,$-184,$-209,$455,$-265,$0,$-18,$0,$0,$0,$-14,$-297,$-26,$148,$122,$-300,$-315,$-15,$12,$-196,$-37,$25,$0
29,2011-06-30,35.13,$9.36,3.76,$6.88,5.1,$3.06,11.49,$-0.16,0.0,$0.51B,$0.38B,1.34,$6.79B,$2.37B,2.87,$1.98B,$1.39B,70.21%,$1.98B,$0.65B,32.63%,$1.98B,$0.65B,32.63%,$1.98B,$1.29B,65.45%,$1.98B,$-0.03B,-1.52%,$1.98B,$-0.04B,-2.18%,$-0.04B,$2.69B,-1.57%,$-0.04B,$-1.59B,2.70%,$-0.04B,$10.39B,-0.41%,$0.65B,$9.47B,6.83%,$500,$147,$353,$0,$41,$333,$167,$-130,$37,$6,$31,$31,$26,$331,$167,$285,287,$0.09,$0.09,$302,$0,$0,$512,$4829,$0,$4277,$0,$9873,$10385,$382,$6786,$470,$7318,$7699,$3,$-2900,$-142,$2686,$10385,$71,$327,$35,$362,$3,$0,$-7,$-146,$-149,$284,$-117,$0,$-12,$0,$0,$0,$1,$-128,$-17,$31,$14,$-192,$-192,$-10,$27,$-161,$-4,$17,$0
30,2011-03-31,36.65,$9.56,3.83,$6.74,5.44,$3.03,12.1,$-0.61,0.0,$0.52B,$0.39B,1.31,$6.70B,$2.46B,2.72,$1.93B,$1.35B,69.63%,$1.93B,$0.61B,31.61%,$1.93B,$0.61B,31.61%,$1.93B,$1.25B,64.61%,$1.93B,$-0.17B,-8.74%,$1.93B,$-0.17B,-8.90%,$-0.17B,$2.78B,-6.23%,$-0.17B,$-1.52B,10.90%,$-0.17B,$10.40B,-1.64%,$0.61B,$9.48B,6.53%,$499,$146,$353,$0,$45,$333,$166,$-127,$39,$-1,$40,$40,$35,$330,$166,$287,289,$0.12,$0.12,$313,$0,$0,$516,$4854,$0,$4303,$0,$9881,$10397,$393,$6703,$456,$7225,$7617,$3,$-2925,$-164,$2780,$10397,$40,$163,$12,$175,$7,$0,$-9,$-74,$-88,$128,$-53,$0,$-0,$0,$0,$0,$0,$-53,$-9,$-50,$-59,$-42,$-42,$-5,$-1,$-106,$-30,$9,$0
31,2010-12-31,37.75,$9.50,3.98,$6.55,5.76,$2.94,12.84,$-1.16,0.0,$0.55B,$0.44B,1.24,$6.75B,$2.45B,2.76,$1.88B,$1.30B,69.06%,$1.88B,$0.58B,30.62%,$1.88B,$0.58B,30.62%,$1.88B,$1.20B,63.95%,$1.88B,$-0.34B,-18.00%,$1.88B,$-0.33B,-17.63%,$-0.33B,$2.76B,-11.76%,$-0.33B,$-1.58B,21.50%,$-0.33B,$10.47B,-3.15%,$0.58B,$9.51B,6.16%,$496,$153,$343,$0,$44,$340,$156,$-119,$37,$-4,$41,$41,$36,$319,$156,$287,287,$0.12,$0.12,$334,$0,$0,$545,$4894,$0,$4343,$0,$9924,$10470,$441,$6750,$450,$7267,$7708,$3,$-2960,$-179,$2762,$10470,$-311,$626,$450,$1076,$-12,$0,$2,$-147,$-161,$603,$-228,$0,$-139,$0,$0,$0,$-24,$-391,$-118,$157,$39,$-141,$-141,$-20,$-745,$-867,$-654,$37,$0
32,2010-09-30,38.03,$9.27,4.1,$6.37,5.97,$3.02,12.6,$-1.24,0.0,$0.75B,$0.67B,1.13,$6.59B,$2.38B,2.77,$1.83B,$1.25B,68.51%,$1.83B,$0.54B,29.46%,$1.83B,$0.54B,29.46%,$1.83B,$1.15B,63.14%,$1.83B,$-0.35B,-19.39%,$1.83B,$-0.35B,-19.39%,$-0.35B,$2.70B,-12.05%,$-0.35B,$-1.67B,24.78%,$-0.35B,$10.65B,-3.33%,$0.54B,$9.29B,5.75%,$482,$143,$339,$0,$41,$326,$156,$-299,$-143,$-8,$-135,$-135,$-140,$314,$156,$286,286,$-0.49,$-0.49,$511,$0,$0,$754,$4897,$0,$4368,$0,$9899,$10653,$670,$6594,$604,$7286,$7956,$3,$-2996,$-207,$2697,$10653,$-352,$463,$432,$895,$-7,$0,$-5,$-108,$-135,$408,$-148,$0,$-127,$0,$0,$0,$-23,$-298,$-110,$0,$-110,$-131,$-131,$-15,$-316,$-571,$-462,$26,$0
33,2010-06-30,32.09,$9.64,3.33,$6.18,5.19,$3.11,10.32,$-0.88,0.0,$0.67B,$0.57B,1.17,$6.37B,$2.48B,2.57,$1.77B,$1.21B,67.96%,$1.77B,$0.50B,28.26%,$1.77B,$0.50B,28.26%,$1.77B,$1.11B,62.38%,$1.77B,$-0.26B,-14.89%,$1.77B,$-0.25B,-14.16%,$-0.25B,$2.80B,-8.22%,$-0.25B,$-1.54B,18.93%,$-0.25B,$10.35B,-2.37%,$0.50B,$9.17B,5.37%,$456,$145,$311,$0,$41,$323,$133,$-235,$-102,$-5,$-98,$-98,$-103,$286,$133,$286,286,$-0.36,$-0.36,$446,$0,$25,$672,$4787,$0,$4336,$5,$9680,$10352,$572,$6368,$537,$6982,$7554,$3,$-2856,$-231,$2798,$10352,$-217,$305,$255,$560,$-5,$0,$-7,$-78,$-94,$248,$-90,$0,$-1,$0,$-22,$-22,$0,$-112,$-258,$0,$-258,$-138,$-138,$-10,$-252,$-659,$-524,$18,$0
34,2010-03-31,32.93,$10.31,3.19,$6.02,5.47,$3.23,10.19,$-0.93,0.0,$0.81B,$0.63B,1.3,$6.37B,$2.69B,2.37,$1.73B,$1.17B,67.69%,$1.73B,$0.47B,26.98%,$1.73B,$0.47B,26.98%,$1.73B,$1.07B,61.73%,$1.73B,$-0.33B,-19.05%,$1.73B,$-0.27B,-15.34%,$-0.27B,$3.00B,-8.37%,$-0.27B,$-1.37B,21.24%,$-0.27B,$10.56B,-2.49%,$0.47B,$9.37B,4.98%,$444,$140,$304,$0,$39,$314,$130,$-260,$-130,$-10,$-119,$-119,$-124,$282,$130,$288,288,$-0.43,$-0.43,$572,$0,$24,$814,$4842,$0,$4371,$5,$9746,$10561,$627,$6369,$454,$6930,$7558,$3,$-2753,$-155,$3003,$10561,$-119,$152,$137,$288,$3,$0,$-8,$-65,$-85,$84,$-35,$0,$0,$0,$-22,$-22,$0,$-57,$-254,$0,$-254,$-102,$-102,$-5,$-35,$-396,$-369,$8,$0
35,2009-12-31,33.63,$11.11,3.03,$5.88,5.72,$3.34,10.06,$-0.48,0.0,$1.20B,$0.75B,1.59,$6.36B,$2.94B,2.17,$1.69B,$1.14B,67.38%,$1.69B,$0.43B,25.68%,$1.69B,$0.43B,25.68%,$1.69B,$1.03B,60.79%,$1.69B,$-0.19B,-11.27%,$1.69B,$-0.14B,-8.07%,$-0.14B,$3.25B,-4.27%,$-0.14B,$-1.14B,10.82%,$-0.14B,$10.96B,-1.27%,$0.43B,$9.61B,4.63%,$444,$147,$297,$0,$39,$324,$119,$-99,$21,$2,$19,$19,$13,$271,$119,$287,287,$0.05,$0.05,$980,$0,$0,$1196,$4896,$0,$4390,$0,$9761,$10957,$754,$6362,$515,$6951,$7705,$3,$-2628,$-124,$3252,$10957,$-114,$591,$156,$747,$-5,$0,$-2,$-108,$-62,$571,$-174,$0,$-3,$0,$0,$0,$4,$-172,$528,$-169,$359,$42,$42,$-20,$-167,$214,$611,$29,$0
36,2009-09-30,27.01,$10.88,2.48,$5.72,4.72,$2.18,12.38,$-0.76,0.0,$0.68B,$0.65B,1.05,$6.02B,$2.85B,2.11,$1.63B,$1.10B,67.01%,$1.63B,$0.39B,24.05%,$1.63B,$0.39B,24.05%,$1.63B,$0.97B,59.36%,$1.63B,$-0.29B,-17.87%,$1.63B,$-0.22B,-13.34%,$-0.22B,$3.17B,-6.96%,$-0.22B,$-1.26B,16.16%,$-0.22B,$10.48B,-2.07%,$0.39B,$9.19B,4.31%,$429,$137,$293,$0,$39,$310,$119,$-172,$-53,$-22,$-31,$-31,$-37,$267,$119,$287,287,$-0.13,$-0.13,$452,$0,$8,$675,$4927,$0,$4427,$5,$9808,$10483,$645,$6022,$554,$6672,$7316,$3,$-2641,$-161,$3167,$10483,$-133,$440,$154,$594,$6,$-77,$-10,$-12,$-68,$394,$-108,$0,$-3,$0,$0,$0,$0,$-111,$92,$-169,$-77,$16,$16,$-15,$-90,$-167,$114,$22,$0
37,2009-06-30,20.69,$11.14,1.86,$5.58,3.71,$1.20,17.23,$-0.76,0.0,$0.74B,$0.73B,1.01,$6.03B,$2.92B,2.06,$1.59B,$1.05B,66.08%,$1.59B,$0.35B,22.03%,$1.59B,$0.35B,22.03%,$1.59B,$0.92B,57.77%,$1.59B,$-0.27B,-17.18%,$1.59B,$-0.22B,-13.72%,$-0.22B,$3.24B,-6.80%,$-0.22B,$-1.22B,16.63%,$-0.22B,$10.55B,-2.07%,$0.35B,$9.26B,3.82%,$410,$134,$275,$0,$38,$311,$98,$-265,$-167,$-55,$-112,$-112,$-117,$246,$98,$286,286,$-0.41,$-0.41,$526,$0,$8,$741,$4964,$0,$4463,$5,$9811,$10552,$732,$6025,$484,$6581,$7314,$3,$-2604,$-112,$3239,$10552,$-102,$291,$108,$399,$3,$0,$-7,$-68,$-28,$269,$-76,$0,$0,$0,$-2,$-2,$0,$-77,$254,$-169,$85,$9,$9,$-10,$-93,$-10,$180,$15,$0
38,2009-03-31,17.58,$10.64,1.65,$5.46,3.22,$0.58,30.54,$-0.16,0.0,$0.94B,$0.56B,1.68,$6.28B,$2.78B,2.26,$1.56B,$1.02B,65.36%,$1.56B,$0.32B,20.59%,$1.56B,$0.32B,20.59%,$1.56B,$0.88B,56.32%,$1.56B,$-0.13B,-8.08%,$1.56B,$-0.05B,-2.95%,$-0.05B,$3.09B,-1.41%,$-0.05B,$-1.41B,3.60%,$-0.05B,$10.75B,-0.44%,$0.32B,$9.37B,3.48%,$403,$132,$271,$0,$37,$306,$97,$-89,$9,$-1,$10,$10,$5,$241,$97,$286,288,$0.02,$0.02,$768,$0,$7,$937,$4992,$0,$4498,$5,$9813,$10750,$559,$6277,$790,$7100,$7659,$3,$-2488,$-363,$3091,$10750,$10,$144,$-8,$135,$4,$0,$-8,$-38,$-27,$118,$-37,$0,$0,$0,$0,$0,$0,$-37,$585,$-169,$416,$3,$3,$-5,$-40,$374,$454,$7,$0
39,2008-12-31,15.14,$10.51,1.44,$5.39,2.81,$0.32,47.99,$-0.25,0.0,$0.49B,$0.83B,0.58,$5.64B,$2.72B,2.08,$1.53B,$0.99B,64.70%,$1.53B,$0.29B,19.19%,$1.53B,$0.29B,19.19%,$1.53B,$0.84B,55.27%,$1.53B,$-0.15B,-10.02%,$1.53B,$-0.07B,-4.52%,$-0.07B,$3.03B,-2.07%,$-0.07B,$-1.51B,5.57%,$-0.07B,$10.36B,-0.66%,$0.29B,$8.67B,3.18%,$392,$136,$256,$0,$39,$313,$79,$-160,$-81,$-17,$-64,$-64,$-69,$216,$79,$282,282,$-0.25,$-0.24,$303,$0,$12,$485,$5060,$0,$4535,$5,$9877,$10362,$834,$5636,$820,$6497,$7331,$3,$-2493,$-408,$3031,$10362,$-49,$551,$17,$569,$-5,$0,$-3,$2,$-7,$513,$-449,$0,$-28,$0,$0,$0,$0,$-477,$-7,$94,$88,$-36,$-36,$-20,$16,$48,$80,$26,$0
40,2008-09-30,24.95,$12.02,2.08,$5.34,4.67,$0.28,89.63,$-0.31,0.0,$0.51B,$0.45B,1.13,$5.92B,$3.16B,1.88,$1.51B,$0.97B,64.37%,$1.51B,$0.28B,18.21%,$1.51B,$0.28B,18.21%,$1.51B,$0.83B,55.03%,$1.51B,$-0.18B,-11.72%,$1.51B,$-0.09B,-5.63%,$-0.09B,$3.47B,-2.46%,$-0.09B,$-1.11B,7.37%,$-0.09B,$10.45B,-0.81%,$0.28B,$9.39B,2.92%,$384,$136,$248,$0,$37,$308,$76,$-110,$-34,$-2,$-32,$-32,$-37,$215,$76,$284,284,$-0.13,$-0.13,$243,$0,$10,$507,$5060,$36,$4575,$5,$9943,$10450,$451,$5922,$424,$6530,$6981,$3,$-2424,$-31,$3469,$10450,$15,$414,$-35,$379,$8,$-74,$1,$17,$-49,$346,$-342,$0,$-28,$0,$0,$0,$0,$-369,$-5,$85,$80,$-37,$-37,$-15,$-6,$23,$-2,$18,$0
41,2008-06-30,33.36,$12.34,2.7,$5.23,6.38,$0.37,90.9,$-0.44,0.0,$0.54B,$0.44B,1.24,$5.99B,$3.17B,1.89,$1.48B,$0.95B,64.07%,$1.48B,$0.19B,12.58%,$1.48B,$0.19B,12.58%,$1.48B,$0.74B,50.34%,$1.48B,$-0.24B,-16.37%,$1.48B,$-0.12B,-8.12%,$-0.12B,$3.49B,-3.42%,$-0.12B,$-1.09B,10.73%,$-0.12B,$10.48B,-1.14%,$0.19B,$9.48B,1.96%,$380,$136,$244,$0,$38,$311,$69,$-89,$-20,$-80,$60,$60,$55,$206,$69,$279,288,$0.20,$0.19,$279,$0,$10,$539,$5062,$37,$4580,$5,$9939,$10478,$435,$5986,$371,$6554,$6989,$3,$-2387,$23,$3489,$10478,$47,$275,$-64,$211,$8,$0,$-5,$-45,$-42,$216,$-201,$0,$0,$0,$0,$0,$0,$-201,$-3,$75,$72,$-38,$-38,$-10,$-17,$7,$24,$12,$0
42,2008-03-31,29.71,$11.90,2.5,$5.13,5.79,$0.29,101.11,$-0.77,0.0,$0.54B,$0.43B,1.26,$5.99B,$3.05B,1.97,$1.44B,$0.92B,63.78%,$1.44B,$0.16B,10.76%,$1.44B,$0.16B,10.76%,$1.44B,$0.71B,49.55%,$1.44B,$-0.27B,-18.74%,$1.44B,$-0.21B,-14.78%,$-0.21B,$3.36B,-5.92%,$-0.21B,$-1.25B,20.01%,$-0.21B,$10.47B,-2.02%,$0.16B,$9.35B,1.62%,$371,$131,$240,$0,$35,$302,$69,$-87,$-18,$-5,$-13,$-13,$-18,$207,$69,$279,279,$-0.07,$-0.07,$273,$0,$9,$543,$5022,$46,$4610,$5,$9927,$10470,$433,$5987,$452,$6678,$7110,$3,$-2442,$-40,$3360,$10470,$-13,$138,$-1,$137,$2,$0,$-5,$-53,$-56,$68,$-62,$0,$0,$0,$0,$0,$0,$-62,$-2,$75,$73,$-41,$-41,$-5,$-12,$15,$22,$5,$0
43,2007-12-31,35.83,$12.32,2.91,$4.96,7.23,$0.28,129.17,$-0.88,0.0,$0.50B,$0.37B,1.34,$5.99B,$3.17B,1.89,$1.39B,$0.88B,63.20%,$1.39B,$0.10B,7.14%,$1.39B,$0.10B,7.14%,$1.39B,$0.66B,47.91%,$1.39B,$-0.32B,-22.87%,$1.39B,$-0.24B,-17.53%,$-0.24B,$3.48B,-6.55%,$-0.24B,$-1.17B,24.70%,$-0.24B,$10.49B,-2.30%,$0.10B,$9.47B,1.02%,$375,$135,$240,$0,$39,$314,$61,$-165,$-105,$-24,$-80,$-80,$-85,$203,$61,$280,280,$-0.30,$-0.30,$241,$0,$14,$497,$5051,$60,$4647,$5,$9991,$10488,$372,$5988,$366,$6635,$7007,$3,$-2424,$26,$3481,$10488,$-223,$564,$63,$626,$4,$0,$8,$-68,$-53,$350,$-297,$0,$-494,$0,$0,$0,$0,$-791,$645,$75,$720,$-699,$-699,$-20,$-79,$-78,$-517,$22,$0
44,2007-09-30,35.0,$13.06,2.68,$4.63,7.55,$0.83,42.35,$-0.64,0.0,$0.42B,$0.26B,1.65,$5.99B,$3.41B,1.76,$1.22B,$0.77B,63.34%,$1.22B,$0.08B,6.46%,$1.22B,$0.08B,6.46%,$1.22B,$0.58B,47.38%,$1.22B,$-0.22B,-17.92%,$1.22B,$-0.17B,-13.83%,$-0.17B,$3.72B,-5.44%,$-0.17B,$-0.97B,29.05%,$-0.17B,$10.51B,-1.84%,$0.08B,$9.71B,0.93%,$352,$129,$223,$0,$33,$365,$-13,$-86,$-99,$-32,$-67,$-67,$-72,$128,$-13,$283,283,$-0.26,$-0.26,$273,$0,$0,$421,$5047,$101,$4690,$5,$10085,$10506,$255,$5990,$303,$6528,$6783,$3,$-2338,$69,$3723,$10506,$-143,$422,$12,$434,$7,$-44,$-4,$-30,$-71,$220,$-191,$0,$-494,$0,$4,$4,$-1,$-683,$648,$0,$648,$-579,$-579,$-15,$-67,$-12,$-473,$18,$0
45,2007-06-30,31.24,$13.44,2.32,$4.39,7.12,$1.22,25.7,$-0.48,0.0,$0.37B,$0.24B,1.57,$5.99B,$3.51B,1.71,$1.07B,$0.68B,63.68%,$1.07B,$0.12B,11.58%,$1.07B,$0.12B,11.58%,$1.07B,$0.56B,52.10%,$1.07B,$-0.14B,-12.61%,$1.07B,$-0.12B,-11.02%,$-0.12B,$3.83B,-4.79%,$-0.12B,$-0.88B,57.56%,$-0.12B,$10.62B,-1.53%,$0.12B,$9.82B,1.75%,$343,$127,$216,$0,$36,$305,$38,$-86,$-48,$-16,$-32,$-33,$-38,$176,$38,$282,282,$-0.13,$-0.13,$239,$0,$0,$374,$5123,$114,$4700,$5,$10247,$10621,$238,$5991,$299,$6557,$6795,$3,$-2266,$114,$3826,$10621,$-76,$281,$-21,$260,$13,$0,$-6,$-73,$-66,$119,$-125,$0,$-489,$0,$2,$2,$0,$-612,$650,$0,$650,$-588,$-588,$-10,$-60,$-8,$-500,$12,$0
46,2007-03-31,27.67,$13.39,2.07,$4.08,6.78,$1.56,17.71,$-0.43,0.0,$0.41B,$0.26B,1.58,$5.99B,$3.49B,1.72,$0.92B,$0.59B,64.32%,$0.92B,$0.11B,12.36%,$0.92B,$0.11B,12.36%,$0.92B,$0.48B,52.17%,$0.92B,$-0.10B,-10.85%,$0.92B,$-0.10B,-10.74%,$-0.10B,$3.80B,-5.47%,$-0.10B,$-0.93B,-42.86%,$-0.10B,$10.63B,-1.60%,$0.11B,$9.79B,2.01%,$316,$118,$197,$0,$35,$302,$13,$-79,$-65,$-22,$-43,$-43,$-48,$157,$13,$273,273,$-0.18,$-0.18,$284,$0,$0,$410,$5141,$137,$4731,$5,$10218,$10628,$260,$5990,$291,$6565,$6825,$3,$-2228,$59,$3803,$10628,$-43,$143,$-15,$128,$14,$0,$-2,$-48,$-36,$49,$-47,$0,$-489,$0,$3,$3,$0,$-534,$650,$0,$650,$-595,$-595,$-5,$-33,$17,$-468,$6,$0
47,2006-12-31,27.82,$5.29,5.26,$3.78,7.36,$1.69,16.48,$-0.31,0.0,$0.80B,$0.20B,3.99,$3.51B,$0.76B,4.65,$0.79B,$0.52B,65.27%,$0.79B,$0.12B,15.46%,$0.79B,$0.12B,15.46%,$0.79B,$0.42B,53.11%,$0.79B,$-0.05B,-6.08%,$0.79B,$-0.06B,-7.98%,$-0.06B,$1.07B,-5.10%,$-0.06B,$0.44B,-8.36%,$-0.06B,$5.01B,-1.38%,$0.12B,$4.58B,2.98%,$211,$73,$138,$0,$29,$170,$41,$-48,$-7,$-1,$-7,$-6,$-11,$118,$41,$207,207,$-0.05,$-0.05,$708,$0,$6,$801,$3246,$155,$627,$5,$4206,$5007,$201,$3514,$193,$3738,$3938,$2,$-2185,$65,$1069,$5007,$-42,$297,$22,$320,$-13,$0,$5,$3,$-2,$276,$-123,$0,$0,$0,$0,$0,$-310,$-432,$1537,$-295,$1242,$-472,$-472,$-20,$-71,$679,$527,$15,$0
