,Date,Stock Price,Book Value per Share,Price to Book Ratio,TTM Sales per Share,Price to Sales Ratio,TTM FCF per Share,Price to FCF Ratio,TTM Net EPS,PE Ratio,Current Assets,Current Liabilities,Current Ratio,Long Term Debt,Shareholder's Equity_x,Debt to Equity Ratio,TTM Revenue_x,TTM Gross Profit,Gross Margin,TTM Revenue_y,TTM Operating Income,Operating Margin,TTM Revenue_x,TTM EBIT,EBIT Margin,TTM Revenue_y,TTM EBITDA,EBITDA Margin,TTM Revenue_x,TTM Pre-Tax Income,Pre-Tax Margin,TTM Revenue_y,TTM Net Income_x,Net Margin,TTM Net Income_y,Shareholder's Equity_y,Return on Equity,TTM Net Income_x,Tangible Equity,Return on Tangible Equity,TTM Net Income_y,Total Assets,Return on Assets,TTM Net Income,LT Investments & Debt,Return on Investment,revenue,cost-goods-sold,gross-profit,research-development-expenses,selling-general-administrative-expenses,operating-expenses,operating-income,total-non-operating-income-expense,pre-tax-income,total-provision-income-taxes,income-after-taxes,income-from-continuous-operations,net-income,ebitda,ebit,basic-shares-outstanding,shares-outstanding,eps-basic-net-earnings-per-share,eps-earnings-per-share-diluted,cash-on-hand,inventory,other-current-assets,total-current-assets,net-property-plant-equipment,long-term-investments,goodwill-intangible-assets-total,other-long-term-assets,total-long-term-assets,total-assets,total-current-liabilities,long-term-debt,other-non-current-liabilities,total-long-term-liabilities,total-liabilities,common-stock-net,retained-earnings-accumulated-deficit,comprehensive-income,total-share-holder-equity,total-liabilities-share-holders-equity,net-income-loss,total-depreciation-amortization-cash-flow,other-non-cash-items,total-non-cash-items,change-in-accounts-receivable,change-in-inventories,change-in-accounts-payable,change-in-assets-liabilities,total-change-in-assets-liabilities,cash-flow-from-operating-activities,net-change-in-property-plant-equipment,net-change-in-intangible-assets,net-acquisitions-divestitures,net-change-in-short-term-investments,net-change-in-long-term-investments,net-change-in-investments-total,investing-activities-other,cash-flow-from-investing-activities,net-long-term-debt,net-current-debt,debt-issuance-retirement-net-total,net-common-equity-issued-repurchased,net-total-equity-issued-repurchased,total-common-preferred-stock-dividends-paid,financial-activities-other,cash-flow-from-financial-activities,net-cash-flow,stock-based-compensation,common-stock-dividends-paid
0,2018-09-30,11.4,$9.35,1.22,$4.07,2.8,$3.15,3.62,$-0.12,0.0,$1.57B,$0.73B,2.14,$0.76B,$3.70B,0.21,$1.61B,$0.52B,32.38%,$1.61B,$0.07B,4.60%,$1.61B,$0.07B,4.60%,$1.61B,$0.33B,20.63%,$1.61B,$-0.14B,-8.95%,$1.61B,$-0.04B,-2.42%,$-0.04B,$3.70B,-1.03%,$-0.04B,$3.65B,-1.05%,$-0.04B,$6.04B,-0.65%,$0.07B,$4.46B,1.53%,$373,$301,$72,$4,$30,$415,$-42,$-3,$-45,$-67,$22,$22,$22,$33,$-42,$396,396,$0.05,$0.05,$838,$417,$85,$1567,$2970,$156,$51,$0,$4469,$6036,$733,$762,$839,$1603,$2336,$1426,$2034,$0,$3700,$6036,$5,$177,$79,$256,$0,$0,$0,$0,$0,$467,$-34,$0,$0,$-372,$0,$-372,$20,$-386,$0,$0,$0,$0,$0,$-30,$-37,$-68,$13,$9,$-30
1,2018-06-30,11.25,$9.47,1.19,$4.10,2.74,$2.44,4.62,$-0.42,0.0,$1.55B,$0.25B,6.16,$1.16B,$3.75B,0.31,$1.62B,$0.57B,34.94%,$1.62B,$0.13B,7.70%,$1.62B,$0.13B,7.70%,$1.62B,$0.39B,24.15%,$1.62B,$-0.20B,-12.32%,$1.62B,$-0.16B,-9.86%,$-0.16B,$3.75B,-4.17%,$-0.16B,$3.70B,-4.23%,$-0.16B,$5.99B,-2.64%,$0.13B,$4.91B,2.50%,$258,$184,$74,$1,$24,$298,$-40,$-29,$-68,$-9,$-59,$-59,$-59,$13,$-40,$396,396,$-0.15,$-0.15,$649,$649,$98,$1549,$3008,$164,$53,$0,$4442,$5991,$252,$1159,$830,$1990,$2242,$1444,$2037,$0,$3749,$5991,$-17,$102,$161,$263,$0,$0,$0,$0,$0,$257,$-23,$0,$0,$-258,$0,$-258,$10,$-271,$0,$0,$0,$0,$0,$-31,$-27,$-58,$-68,$7,$-31
2,2018-03-31,9.09,$9.84,0.92,$4.33,2.1,$1.97,4.61,$-0.27,0.0,$1.59B,$0.24B,6.66,$1.18B,$3.89B,0.3,$1.71B,$0.62B,36.23%,$1.71B,$0.20B,11.90%,$1.71B,$0.20B,11.90%,$1.71B,$0.48B,27.77%,$1.71B,$-0.11B,-6.48%,$1.71B,$-0.10B,-5.95%,$-0.10B,$3.89B,-2.65%,$-0.10B,$3.84B,-2.70%,$-0.10B,$6.12B,-1.69%,$0.20B,$5.08B,4.07%,$348,$245,$103,$8,$28,$330,$18,$20,$38,$-6,$43,$43,$43,$67,$18,$396,396,$0.11,$0.11,$643,$689,$105,$1585,$3125,$169,$55,$0,$4538,$6123,$238,$1183,$809,$1992,$2230,$1474,$2140,$0,$3893,$6123,$43,$49,$5,$54,$0,$0,$0,$0,$0,$218,$-12,$0,$0,$0,$0,$0,$8,$-4,$0,$0,$0,$0,$0,$-31,$-11,$-43,$175,$5,$-31
3,2017-12-31,9.23,$9.47,0.97,$4.20,2.2,$1.40,6.61,$-0.42,0.0,$1.65B,$0.32B,5.2,$1.15B,$3.75B,0.31,$1.66B,$0.59B,35.60%,$1.66B,$0.18B,11.06%,$1.66B,$0.18B,11.06%,$1.66B,$0.44B,26.34%,$1.66B,$-0.16B,-9.62%,$1.66B,$-0.16B,-9.56%,$-0.16B,$3.75B,-4.11%,$-0.16B,$3.70B,-4.22%,$-0.16B,$6.00B,-2.63%,$0.18B,$4.90B,3.67%,$630,$358,$272,$5,$31,$492,$138,$-207,$-69,$-25,$-44,$-44,$-45,$219,$138,$396,396,$-0.12,$-0.12,$456,$733,$124,$1647,$3234,$0,$54,$0,$4353,$6001,$317,$1153,$772,$1935,$2252,$1437,$2045,$0,$3749,$6001,$-158,$255,$392,$647,$0,$0,$0,$0,$0,$460,$-86,$0,$0,$0,$0,$0,$15,$-72,$0,$0,$0,$0,$0,$-122,$-54,$-176,$209,$11,$-122
4,2017-09-30,9.59,$9.98,0.96,$4.29,2.24,$0.64,15.02,$-0.56,0.0,$1.49B,$0.28B,5.4,$1.19B,$3.95B,0.3,$1.70B,$0.51B,30.07%,$1.70B,$0.14B,8.20%,$1.70B,$0.14B,8.20%,$1.70B,$0.38B,22.58%,$1.70B,$-0.22B,-12.79%,$1.70B,$-0.22B,-12.97%,$-0.22B,$3.95B,-5.61%,$-0.22B,$3.89B,-5.80%,$-0.22B,$6.15B,-3.60%,$0.14B,$5.14B,2.75%,$387,$270,$118,$7,$32,$379,$9,$-110,$-101,$-2,$-99,$-99,$-99,$93,$9,$396,396,$-0.25,$-0.25,$281,$893,$147,$1489,$3521,$0,$63,$0,$4663,$6152,$276,$1192,$723,$1928,$2204,$1486,$2200,$0,$3948,$6152,$-114,$174,$208,$382,$0,$0,$0,$0,$0,$220,$-70,$0,$0,$0,$0,$0,$11,$-59,$0,$0,$0,$0,$0,$-95,$-39,$-134,$25,$9,$-95
5,2017-06-30,8.95,$9.67,0.93,$4.61,1.94,$0.05,183.07,$-0.03,0.0,$1.43B,$0.24B,5.85,$1.11B,$3.83B,0.29,$1.82B,$0.59B,32.36%,$1.82B,$0.21B,11.46%,$1.82B,$0.21B,11.46%,$1.82B,$0.45B,24.85%,$1.82B,$-0.02B,-0.82%,$1.82B,$-0.01B,-0.66%,$-0.01B,$3.83B,-0.30%,$-0.01B,$3.68B,-0.31%,$-0.01B,$5.90B,-0.19%,$0.21B,$4.94B,4.09%,$349,$222,$128,$6,$33,$311,$39,$-18,$21,$22,$-1,$-1,$-1,$97,$39,$396,396,$0.00,$0.00,$210,$987,$133,$1425,$3354,$0,$145,$0,$4473,$5898,$244,$1111,$703,$1827,$2071,$1385,$2172,$0,$3827,$5898,$-15,$90,$25,$115,$0,$0,$0,$0,$0,$91,$-39,$0,$0,$0,$0,$0,$6,$-33,$0,$0,$0,$0,$0,$-59,$-26,$-85,$-28,$6,$-59
6,2017-03-31,10.8,$9.97,1.08,$4.64,2.33,$-0.94,0.0,$-0.30,0.0,$1.46B,$0.27B,5.37,$1.13B,$3.95B,0.29,$1.84B,$0.59B,31.92%,$1.84B,$0.15B,7.95%,$1.84B,$0.15B,7.95%,$1.84B,$0.43B,23.15%,$1.84B,$-0.19B,-10.40%,$1.84B,$-0.12B,-6.43%,$-0.12B,$3.95B,-2.91%,$-0.12B,$3.80B,-3.02%,$-0.12B,$6.13B,-1.85%,$0.15B,$5.08B,2.81%,$297,$223,$74,$9,$31,$299,$-2,$-8,$-11,$3,$-14,$-14,$-14,$29,$-2,$396,396,$-0.04,$-0.04,$186,$1037,$139,$1455,$3513,$0,$152,$0,$4678,$6133,$271,$1129,$772,$1915,$2186,$1407,$2238,$0,$3947,$6133,$-14,$32,$-2,$29,$0,$0,$0,$0,$0,$-6,$-17,$0,$0,$0,$0,$0,$6,$-12,$0,$0,$0,$0,$0,$-30,$-11,$-41,$-58,$4,$-30
7,2016-12-31,10.15,$10.03,1.01,$4.64,2.19,$-1.49,0.0,$-0.11,0.0,$1.54B,$0.35B,4.35,$1.13B,$3.97B,0.28,$1.84B,$0.63B,34.30%,$1.84B,$0.18B,10.02%,$1.84B,$0.18B,10.02%,$1.84B,$0.46B,25.26%,$1.84B,$-0.12B,-6.37%,$1.84B,$-0.05B,-2.56%,$-0.05B,$3.97B,-1.15%,$-0.05B,$3.82B,-1.20%,$-0.05B,$6.23B,-0.73%,$0.18B,$5.10B,3.54%,$663,$473,$190,$5,$41,$570,$93,$-219,$-126,$-19,$-106,$-106,$-106,$164,$93,$396,396,$-0.27,$-0.27,$242,$973,$136,$1542,$3516,$0,$154,$0,$4688,$6230,$354,$1128,$764,$1904,$2259,$1407,$2281,$0,$3971,$6230,$-45,$281,$200,$481,$0,$0,$0,$0,$0,$236,$-162,$0,$0,$0,$0,$0,$-2,$-164,$0,$0,$0,$0,$0,$-120,$-53,$-173,$-104,$11,$-120
8,2016-09-30,8.24,$10.56,0.78,$5.16,1.6,$-1.46,0.0,$0.14,58.86,$1.48B,$0.32B,4.61,$1.15B,$4.18B,0.27,$1.91B,$0.89B,46.51%,$1.91B,$0.24B,12.81%,$1.91B,$0.24B,12.81%,$1.91B,$0.55B,28.61%,$1.91B,$-0.05B,-2.41%,$1.91B,$0.05B,2.73%,$0.05B,$4.18B,1.25%,$0.05B,$4.02B,1.30%,$0.05B,$6.53B,0.79%,$0.24B,$5.33B,4.60%,$514,$316,$198,$8,$30,$435,$79,$23,$101,$-8,$109,$109,$109,$163,$79,$396,396,$0.28,$0.28,$153,$1065,$144,$1476,$3905,$0,$156,$0,$5051,$6527,$320,$1145,$866,$2028,$2348,$1429,$2459,$0,$4179,$6527,$65,$210,$3,$213,$0,$0,$0,$0,$0,$44,$-127,$0,$0,$0,$0,$0,$-2,$-129,$20,$0,$20,$0,$0,$-91,$-38,$-109,$-199,$8,$-91
9,2016-06-30,10.47,$10.42,1.0,$5.13,2.04,$-1.93,0.0,$-0.15,0.0,$1.59B,$0.51B,3.15,$1.16B,$4.13B,0.28,$1.89B,$0.79B,41.81%,$1.89B,$0.23B,12.03%,$1.89B,$0.23B,12.03%,$1.89B,$0.50B,26.23%,$1.89B,$-0.18B,-9.38%,$1.89B,$-0.06B,-3.18%,$-0.06B,$4.13B,-1.44%,$-0.06B,$3.97B,-1.49%,$-0.06B,$6.63B,-0.91%,$0.23B,$5.28B,4.27%,$362,$238,$124,$10,$47,$386,$-24,$-131,$-155,$-50,$-105,$-105,$-107,$69,$-24,$396,396,$-0.27,$-0.27,$102,$1210,$153,$1593,$3897,$0,$157,$0,$5035,$6629,$506,$1158,$818,$1998,$2504,$1445,$2408,$0,$4125,$6629,$-45,$125,$-4,$121,$0,$0,$0,$0,$0,$-254,$-86,$0,$0,$0,$0,$0,$-1,$-87,$182,$0,$182,$0,$0,$-61,$-28,$93,$-254,$6,$-61
10,2016-03-31,12.16,$10.14,1.2,$5.36,2.27,$-1.32,0.0,$0.30,40.55,$1.57B,$0.45B,3.52,$1.09B,$4.01B,0.27,$1.98B,$0.79B,39.82%,$1.98B,$0.33B,16.38%,$1.98B,$0.33B,16.38%,$1.98B,$0.55B,27.87%,$1.98B,$0.05B,2.32%,$1.98B,$0.12B,6.00%,$0.12B,$4.01B,2.79%,$0.12B,$3.87B,2.90%,$0.12B,$6.33B,1.78%,$0.33B,$5.10B,6.00%,$298,$179,$118,$12,$38,$261,$36,$27,$63,$6,$57,$57,$57,$68,$36,$396,396,$0.15,$0.15,$145,$1157,$130,$1574,$3734,$0,$149,$0,$4756,$6330,$448,$1088,$755,$1868,$2316,$1357,$2391,$0,$4014,$6330,$57,$32,$-68,$-36,$0,$0,$0,$0,$0,$-202,$-37,$0,$0,$0,$0,$0,$0,$-37,$94,$0,$94,$0,$0,$-29,$-10,$55,$-189,$3,$-29
11,2015-12-31,11.61,$0.00,0.0,$5.84,1.99,$-0.64,0.0,$0.13,89.32,$1.71B,$0.53B,3.25,$1.17B,$4.35B,0.27,$2.16B,$0.79B,36.62%,$2.16B,$0.36B,16.78%,$2.16B,$0.36B,16.78%,$2.16B,$0.61B,28.09%,$2.16B,$-0.06B,-2.87%,$2.16B,$0.06B,2.55%,$0.06B,$4.35B,1.26%,$0.06B,$4.18B,1.31%,$0.06B,$6.89B,0.80%,$0.36B,$5.52B,6.53%,$731,$285,$446,$7,$41,$577,$153,$-223,$-55,$-45,$-11,$-7,$-7,$245,$153,$333,333,$-0.02,$-0.02,$359,$1007,$142,$1711,$7187,$2,$170,$352,$8270,$6891,$526,$1169,$823,$2020,$2546,$1460,$2540,$0,$4345,$6891,$50,$245,$0,$245,$0,$0,$0,$0,$0,$353,$-281,$0,$0,$0,$0,$0,$14,$-267,$0,$0,$-0,$0,$0,$-124,$-54,$-179,$-85,$0,$0
12,2015-09-30,11.4,$0.00,0.0,$5.40,2.11,$-0.86,0.0,$0.29,39.29,$1.51B,$0.48B,3.17,$1.14B,$4.22B,0.27,$2.14B,$0.49B,22.80%,$2.14B,$0.29B,13.62%,$2.14B,$0.29B,13.62%,$2.14B,$0.55B,25.84%,$2.14B,$-0.01B,-0.47%,$2.14B,$0.12B,5.62%,$0.12B,$4.22B,2.66%,$0.12B,$4.05B,2.77%,$0.12B,$6.63B,1.70%,$0.29B,$5.36B,5.07%,$496,$395,$101,$9,$31,$434,$62,$-93,$-30,$-27,$-3,$-3,$-3,$113,$62,$390,390,$-0.01,$-0.01,$48,$1035,$158,$1508,$0,$2,$164,$352,$993,$6630,$476,$1142,$771,$1938,$2414,$1426,$2519,$0,$4216,$6630,$57,$153,$0,$153,$0,$0,$0,$0,$0,$-40,$-223,$0,$0,$0,$0,$3,$0,$-221,$0,$0,$-0,$0,$0,$-91,$-37,$-128,$-386,$0,$0
13,2015-06-30,13.29,$0.00,0.0,$5.46,2.43,$-0.43,0.0,$-0.03,0.0,$1.57B,$0.42B,3.74,$1.21B,$4.47B,0.27,$2.16B,$0.50B,23.16%,$2.16B,$0.30B,13.64%,$2.16B,$0.30B,13.64%,$2.16B,$0.58B,26.72%,$2.16B,$-0.16B,-7.35%,$2.16B,$-0.01B,-0.32%,$-0.01B,$4.47B,-0.15%,$-0.01B,$4.30B,-0.15%,$-0.01B,$6.93B,-0.10%,$0.30B,$5.69B,4.93%,$459,$335,$125,$11,$40,$386,$74,$-6,$68,$-4,$72,$72,$72,$127,$74,$400,400,$0.18,$0.18,$269,$1021,$148,$1568,$0,$2,$169,$378,$1004,$6932,$420,$1213,$809,$2041,$2460,$1515,$2711,$0,$4472,$6932,$64,$102,$0,$102,$0,$0,$0,$0,$0,$56,$-159,$0,$0,$0,$0,$2,$0,$-157,$0,$-0,$-28,$0,$0,$-64,$0,$-93,$-192,$0,$0
14,2015-03-31,12.89,$0.00,0.0,$5.47,2.36,$-0.73,0.0,$0.08,161.11,$1.70B,$0.54B,3.14,$1.21B,$4.41B,0.27,$2.17B,$0.50B,23.18%,$2.17B,$0.31B,14.08%,$2.17B,$0.31B,14.08%,$2.17B,$0.60B,27.75%,$2.17B,$-0.12B,-5.36%,$2.17B,$0.04B,1.75%,$0.04B,$4.41B,0.78%,$0.04B,$4.24B,0.81%,$0.04B,$7.07B,0.50%,$0.31B,$5.62B,4.93%,$471,$353,$118,$11,$34,$398,$73,$-104,$-45,$-37,$-8,$-7,$-7,$121,$73,$383,383,$-0.02,$-0.02,$451,$841,$132,$1703,$0,$3,$171,$376,$988,$7074,$543,$1205,$895,$2118,$2661,$1505,$2654,$0,$4413,$7074,$-8,$49,$0,$49,$0,$0,$0,$0,$95,$108,$-79,$0,$0,$0,$0,$0,$3,$-76,$0,$0,$0,$0,$0,$-32,$-11,$-43,$-7,$0,$0
15,2014-12-31,15.1,$0.00,0.0,$5.20,2.9,$-1.04,0.0,$0.40,37.74,$1.87B,$0.47B,4.01,$1.35B,$4.93B,0.27,$2.08B,$0.48B,23.23%,$2.08B,$0.27B,13.20%,$2.08B,$0.27B,13.20%,$2.08B,$0.58B,28.10%,$2.08B,$-0.11B,-5.25%,$2.08B,$0.16B,7.90%,$0.16B,$4.93B,3.27%,$0.16B,$4.75B,3.40%,$0.16B,$7.68B,2.14%,$0.27B,$6.28B,4.33%,$710,$568,$143,$12,$48,$628,$82,$-166,$-3,$-69,$66,$58,$58,$191,$82,$405,405,$0.14,$0.14,$513,$818,$130,$1874,$0,$3,$182,$384,$1009,$7677,$467,$1351,$904,$2277,$2744,$1688,$3020,$0,$4933,$7677,$166,$307,$0,$307,$0,$0,$0,$0,$0,$435,$-435,$0,$0,$0,$0,$0,$416,$-19,$0,$450,$-318,$0,$0,$-143,$-64,$-76,$343,$0,$0
16,2014-09-30,16.16,$0.00,0.0,$5.66,2.85,$-1.33,0.0,$0.41,39.42,$1.79B,$0.48B,3.75,$1.37B,$4.98B,0.28,$2.25B,$0.41B,18.10%,$2.25B,$0.25B,10.94%,$2.25B,$0.25B,10.94%,$2.25B,$0.56B,24.94%,$2.25B,$-0.08B,-3.60%,$2.25B,$0.16B,7.29%,$0.16B,$4.98B,3.23%,$0.16B,$4.80B,3.35%,$0.16B,$7.66B,2.13%,$0.25B,$6.35B,3.86%,$523,$408,$115,$12,$37,$457,$66,$-261,$-179,$-44,$-135,$-130,$-130,$139,$66,$394,394,$-0.33,$-0.33,$467,$880,$133,$1789,$0,$5,$181,$406,$948,$7659,$477,$1371,$797,$2205,$2683,$1712,$3041,$0,$4976,$7659,$102,$199,$0,$199,$0,$0,$0,$0,$0,$225,$-322,$0,$0,$0,$0,$0,$385,$63,$0,$0,$-323,$0,$0,$0,$301,$-22,$267,$0,$0
17,2014-06-30,17.86,$0.00,0.0,$5.77,3.09,$-1.40,0.0,$1.25,14.28,$2.07B,$0.75B,2.78,$1.37B,$5.11B,0.27,$2.30B,$0.51B,22.12%,$2.30B,$0.34B,14.89%,$2.30B,$0.34B,14.89%,$2.30B,$0.63B,27.38%,$2.30B,$0.32B,14.11%,$2.30B,$0.50B,21.59%,$0.50B,$5.11B,9.78%,$0.50B,$4.93B,10.14%,$0.50B,$7.93B,6.48%,$0.34B,$6.48B,5.40%,$462,$336,$126,$9,$33,$378,$84,$28,$111,$-5,$116,$117,$117,$150,$84,$397,397,$0.29,$0.29,$760,$916,$153,$2073,$0,$168,$177,$416,$1055,$7930,$746,$1367,$670,$2076,$2822,$1707,$3203,$0,$5109,$7930,$236,$126,$0,$126,$0,$0,$0,$0,$0,$-17,$-205,$0,$0,$0,$0,$0,$283,$79,$0,$0,$455,$0,$0,$-72,$-61,$322,$383,$0,$0
18,2014-03-31,20.75,$0.00,0.0,$5.75,3.61,$-1.11,0.0,$1.05,19.76,$1.76B,$0.54B,3.27,$1.17B,$5.02B,0.23,$2.27B,$0.50B,22.06%,$2.27B,$0.32B,13.94%,$2.27B,$0.32B,13.94%,$2.27B,$0.60B,26.47%,$2.27B,$0.20B,8.95%,$2.27B,$0.41B,18.26%,$0.41B,$5.02B,8.25%,$0.41B,$4.84B,8.57%,$0.41B,$7.39B,5.49%,$0.32B,$6.19B,5.05%,$380,$283,$98,$14,$41,$338,$42,$-80,$-38,$-41,$3,$119,$119,$103,$42,$397,397,$0.30,$0.30,$443,$945,$128,$1760,$0,$172,$180,$315,$943,$7393,$538,$1174,$623,$1837,$2375,$1690,$3092,$0,$5019,$7393,$119,$60,$0,$60,$0,$0,$0,$0,$0,$6,$-102,$0,$406,$0,$0,$-99,$1,$206,$0,$0,$-10,$0,$5,$-36,$-19,$-60,$154,$0,$0
19,2013-12-31,18.75,$0.00,0.0,$5.77,3.25,$-0.68,0.0,$0.77,24.35,$1.71B,$0.68B,2.5,$1.26B,$5.20B,0.24,$2.33B,$0.55B,23.52%,$2.33B,$0.29B,12.47%,$2.33B,$0.29B,12.47%,$2.33B,$0.57B,24.29%,$2.33B,$0.22B,9.50%,$2.33B,$0.30B,13.07%,$0.30B,$5.20B,6.09%,$0.30B,$5.01B,6.35%,$0.30B,$7.81B,4.01%,$0.29B,$6.45B,4.63%,$884,$816,$68,$18,$48,$829,$54,$-88,$25,$-39,$64,$58,$58,$169,$54,$399,399,$0.15,$0.15,$223,$887,$175,$1708,$0,$479,$188,$279,$1205,$7809,$684,$1256,$631,$1929,$2613,$1802,$3219,$0,$5196,$7809,$309,$275,$0,$275,$0,$0,$0,$0,$0,$515,$-627,$0,$-245,$0,$0,$42,$0,$-830,$0,$0,$-18,$0,$2,$-154,$-64,$-233,$-546,$0,$0
20,2013-09-30,16.24,$0.00,0.0,$5.91,2.75,$-0.61,0.0,$0.73,22.24,$1.60B,$0.56B,2.84,$1.25B,$4.97B,0.25,$2.40B,$0.79B,32.68%,$2.40B,$0.46B,19.19%,$2.40B,$0.46B,19.19%,$2.40B,$0.74B,30.72%,$2.40B,$0.23B,9.49%,$2.40B,$0.29B,12.11%,$0.29B,$4.97B,5.90%,$0.29B,$4.79B,6.13%,$0.29B,$7.47B,3.79%,$0.46B,$6.21B,7.40%,$571,$355,$216,$20,$34,$409,$162,$62,$226,$23,$203,$202,$202,$207,$162,$398,398,$0.51,$0.51,$263,$939,$143,$1595,$0,$289,$182,$234,$939,$7474,$561,$1245,$663,$1946,$2507,$1785,$3030,$0,$4967,$7474,$244,$160,$0,$160,$0,$0,$0,$0,$0,$354,$-480,$0,$-121,$0,$0,$48,$-122,$-676,$0,$0,$-32,$0,$2,$-114,$-53,$-197,$-513,$0,$0
21,2013-06-30,18.47,$0.00,0.0,$5.51,3.35,$-1.06,0.0,$0.43,42.95,$1.58B,$0.61B,2.59,$1.26B,$4.90B,0.26,$2.24B,$0.70B,31.41%,$2.24B,$0.36B,15.98%,$2.24B,$0.36B,15.98%,$2.24B,$0.65B,28.87%,$2.24B,$0.09B,3.88%,$2.24B,$0.17B,7.63%,$0.17B,$4.90B,3.48%,$0.17B,$4.68B,3.60%,$0.17B,$7.50B,2.21%,$0.36B,$6.17B,5.83%,$432,$315,$118,$18,$42,$375,$58,$-47,$-10,$-44,$33,$35,$35,$121,$58,$378,378,$0.09,$0.09,$324,$912,$139,$1579,$0,$275,$221,$223,$962,$7495,$611,$1264,$673,$1984,$2595,$1812,$2910,$0,$4901,$7495,$42,$115,$0,$115,$0,$0,$0,$0,$0,$227,$-332,$0,$-239,$0,$0,$52,$0,$-518,$0,$0,$-15,$0,$2,$-77,$-33,$-124,$-409,$0,$0
22,2013-03-31,18.49,$0.00,0.0,$5.34,3.46,$-1.10,0.0,$0.36,51.36,$1.65B,$0.55B,2.98,$1.28B,$4.92B,0.26,$2.20B,$0.69B,31.36%,$2.20B,$0.34B,15.38%,$2.20B,$0.34B,15.38%,$2.20B,$0.63B,28.45%,$2.20B,$0.08B,3.46%,$2.20B,$0.14B,6.55%,$0.14B,$4.92B,2.92%,$0.14B,$4.66B,3.00%,$0.14B,$7.55B,1.87%,$0.34B,$6.20B,5.61%,$439,$294,$145,$22,$55,$424,$16,$-37,$-20,$-28,$8,$9,$9,$68,$16,$450,450,$0.02,$0.02,$573,$736,$140,$1648,$0,$210,$252,$238,$925,$7548,$553,$1283,$747,$2081,$2634,$1839,$2860,$0,$4915,$7548,$8,$52,$0,$52,$0,$0,$0,$0,$0,$267,$-181,$0,$-242,$0,$0,$50,$0,$-373,$0,$0,$-7,$0,$1,$-39,$-24,$-70,$-171,$0,$0
23,2012-12-31,17.47,$0.00,0.0,$5.79,3.01,$-0.62,0.0,$0.68,25.68,$2.17B,$0.71B,3.06,$1.41B,$4.95B,0.29,$2.33B,$0.73B,31.40%,$2.33B,$0.44B,19.05%,$2.33B,$0.44B,19.05%,$2.33B,$0.74B,31.62%,$2.33B,$0.22B,9.35%,$2.33B,$0.27B,11.54%,$0.27B,$4.95B,5.39%,$0.27B,$4.85B,5.49%,$0.27B,$8.22B,3.47%,$0.44B,$6.36B,7.44%,$960,$654,$306,$23,$58,$735,$225,$-196,$32,$-14,$46,$45,$45,$342,$225,$408,408,$0.11,$0.11,$800,$564,$259,$2169,$0,$213,$94,$298,$798,$8220,$708,$1408,$1151,$2564,$3273,$1853,$2917,$0,$4947,$8220,$265,$294,$0,$294,$0,$0,$0,$0,$0,$644,$-731,$0,$-577,$0,$0,$729,$0,$-579,$0,$0,$492,$0,$7,$-158,$-54,$287,$352,$0,$0
24,2012-09-30,17.14,$0.00,0.0,$5.92,2.89,$-0.19,0.0,$1.24,13.82,$2.05B,$0.62B,3.31,$0.92B,$4.91B,0.19,$2.35B,$0.69B,29.15%,$2.35B,$0.50B,21.42%,$2.35B,$0.50B,21.42%,$2.35B,$0.79B,33.66%,$2.35B,$0.48B,20.44%,$2.35B,$0.49B,20.82%,$0.49B,$4.91B,9.71%,$0.49B,$4.82B,9.90%,$0.49B,$7.63B,6.38%,$0.50B,$5.83B,8.53%,$410,$275,$135,$37,$39,$351,$59,$26,$85,$3,$82,$82,$82,$116,$59,$395,396,$0.21,$0.21,$667,$722,$336,$2046,$0,$213,$96,$306,$785,$7633,$617,$919,$1179,$2105,$2723,$1860,$2886,$0,$4911,$7633,$221,$177,$0,$177,$0,$0,$0,$0,$0,$363,$-664,$0,$0,$0,$0,$608,$-31,$-86,$0,$0,$-44,$0,$7,$-119,$-52,$-208,$68,$0,$0
25,2012-06-30,19.24,$0.00,0.0,$6.21,3.1,$0.66,29.11,$1.13,17.03,$2.08B,$0.57B,3.67,$0.79B,$4.94B,0.16,$2.46B,$0.71B,28.94%,$2.46B,$0.53B,21.50%,$2.46B,$0.53B,21.50%,$2.46B,$0.82B,33.46%,$2.46B,$0.41B,16.67%,$2.46B,$0.45B,18.13%,$0.45B,$4.94B,8.81%,$0.45B,$4.84B,8.98%,$0.45B,$7.46B,5.82%,$0.53B,$5.73B,8.97%,$388,$285,$103,$19,$46,$350,$38,$-59,$-21,$-28,$7,$8,$8,$99,$38,$400,400,$0.02,$0.02,$886,$572,$304,$2080,$0,$219,$96,$305,$753,$7456,$566,$788,$1153,$1950,$2516,$1833,$2908,$0,$4939,$7456,$138,$120,$0,$120,$0,$0,$0,$0,$110,$315,$-444,$0,$0,$0,$0,$191,$0,$-253,$0,$0,$-46,$0,$6,$-78,$-27,$-145,$-84,$0,$0
26,2012-03-31,18.75,$0.00,0.0,$6.39,2.93,$1.05,17.9,$1.26,14.88,$2.44B,$0.60B,4.09,$0.79B,$5.17B,0.15,$2.52B,$0.78B,30.84%,$2.52B,$0.55B,21.98%,$2.52B,$0.55B,21.98%,$2.52B,$0.84B,33.31%,$2.52B,$0.48B,19.20%,$2.52B,$0.49B,19.63%,$0.49B,$5.17B,9.68%,$0.49B,$5.08B,9.87%,$0.49B,$7.74B,6.46%,$0.55B,$5.97B,9.30%,$573,$385,$188,$28,$39,$451,$122,$11,$122,$-8,$130,$134,$134,$180,$122,$400,400,$0.34,$0.34,$1356,$669,$126,$2435,$0,$219,$98,$310,$729,$7740,$596,$794,$1166,$1970,$2566,$1846,$2962,$0,$5174,$7740,$130,$59,$0,$59,$0,$0,$0,$0,$292,$408,$-136,$0,$0,$0,$0,$-105,$-26,$-267,$0,$0,$-36,$0,$6,$-39,$-22,$-91,$49,$0,$0
27,2011-12-31,15.68,$0.00,0.0,$6.15,2.55,$0.73,21.43,$1.16,13.52,$2.62B,$0.72B,3.65,$0.94B,$5.17B,0.18,$2.42B,$0.79B,32.59%,$2.42B,$0.53B,21.82%,$2.42B,$0.53B,21.82%,$2.42B,$0.80B,33.29%,$2.42B,$0.46B,18.88%,$2.42B,$0.46B,18.84%,$0.46B,$5.17B,9.00%,$0.46B,$5.07B,9.18%,$0.46B,$7.90B,6.04%,$0.53B,$6.11B,8.93%,$982,$722,$260,$26,$51,$697,$285,$19,$295,$31,$264,$266,$266,$397,$285,$396,396,$0.67,$0.67,$1218,$684,$95,$2616,$0,$223,$100,$287,$693,$7895,$717,$943,$1060,$2012,$2729,$1864,$2909,$0,$5167,$7895,$444,$278,$0,$278,$0,$0,$0,$0,$-119,$740,$-655,$0,$0,$0,$0,$80,$40,$-534,$0,$0,$-3,$0,$7,$-148,$-48,$-191,$23,$0,$0
28,2011-09-30,15.82,$0.00,0.0,$5.37,2.95,$0.61,26.0,$1.01,15.67,$2.51B,$0.69B,3.65,$0.81B,$4.98B,0.16,$2.11B,$0.85B,40.40%,$2.11B,$0.42B,19.68%,$2.11B,$0.42B,19.68%,$2.11B,$0.65B,30.82%,$2.11B,$0.37B,17.69%,$2.11B,$0.40B,18.82%,$0.40B,$4.98B,7.89%,$0.40B,$4.88B,8.05%,$0.40B,$7.55B,5.35%,$0.42B,$5.80B,7.07%,$517,$356,$161,$39,$39,$433,$84,$-92,$14,$-22,$36,$38,$38,$147,$84,$390,390,$0.10,$0.10,$1221,$706,$286,$2506,$0,$222,$103,$317,$722,$7546,$687,$814,$1064,$1878,$2565,$1884,$2704,$0,$4981,$7546,$181,$166,$0,$166,$0,$0,$0,$0,$23,$488,$-453,$0,$0,$0,$0,$238,$40,$-175,$0,$0,$-6,$0,$7,$-109,$-42,$-151,$170,$0,$0
29,2011-06-30,22.64,$0.00,0.0,$5.11,4.43,$0.67,33.56,$1.16,19.52,$2.50B,$0.55B,4.57,$0.82B,$5.10B,0.16,$2.01B,$0.91B,45.45%,$2.01B,$0.42B,20.84%,$2.01B,$0.42B,20.84%,$2.01B,$0.65B,32.37%,$2.01B,$0.46B,22.73%,$2.01B,$0.46B,22.73%,$0.46B,$5.10B,9.14%,$0.46B,$4.99B,9.32%,$0.46B,$7.40B,6.25%,$0.42B,$5.92B,7.15%,$444,$277,$167,$18,$35,$382,$62,$-6,$52,$-1,$53,$56,$56,$114,$62,$386,386,$0.15,$0.15,$1260,$691,$323,$2498,$0,$211,$104,$323,$664,$7396,$547,$821,$923,$1753,$2300,$1903,$2849,$0,$5097,$7396,$145,$102,$0,$102,$0,$0,$0,$0,$43,$296,$-272,$0,$0,$0,$0,$11,$28,$-232,$0,$0,$-11,$0,$7,$-69,$-21,$-95,$-32,$0,$0
30,2011-03-31,25.71,$0.00,0.0,$5.29,4.86,$1.10,23.35,$1.18,21.79,$2.56B,$0.56B,4.58,$0.81B,$4.97B,0.16,$2.10B,$0.97B,46.28%,$2.10B,$0.47B,22.50%,$2.10B,$0.47B,22.50%,$2.10B,$0.72B,34.08%,$2.10B,$0.45B,21.54%,$2.10B,$0.47B,22.26%,$0.47B,$4.97B,9.46%,$0.47B,$4.88B,9.64%,$0.47B,$7.28B,6.44%,$0.47B,$5.78B,8.10%,$472,$273,$199,$19,$34,$376,$96,$10,$95,$4,$91,$95,$95,$146,$96,$396,396,$0.24,$0.24,$1403,$797,$153,$2562,$0,$217,$95,$316,$656,$7278,$559,$806,$917,$1748,$2307,$1868,$2781,$0,$4972,$7278,$91,$50,$0,$50,$0,$0,$0,$0,$150,$270,$-126,$0,$0,$0,$0,$-134,$28,$-231,$0,$0,$-4,$0,$7,$-28,$-20,$-45,$-9,$0,$0
31,2010-12-31,34.44,$0.00,0.0,$5.31,6.49,$0.85,40.56,$1.29,26.7,$2.50B,$0.59B,4.26,$0.91B,$5.07B,0.18,$2.10B,$1.01B,47.91%,$2.10B,$0.52B,24.52%,$2.10B,$0.52B,24.52%,$2.10B,$0.76B,36.12%,$2.10B,$0.52B,24.57%,$2.10B,$0.51B,24.33%,$0.51B,$5.07B,10.49%,$0.51B,$4.97B,10.69%,$0.51B,$7.45B,7.13%,$0.52B,$5.98B,8.91%,$676,$350,$325,$29,$54,$503,$173,$53,$212,$13,$199,$208,$208,$243,$173,$398,398,$0.52,$0.52,$1223,$711,$130,$2499,$0,$0,$92,$647,$738,$7449,$587,$913,$711,$1797,$2384,$1491,$3460,$0,$5065,$7449,$500,$244,$0,$244,$0,$0,$0,$0,$-232,$492,$-455,$0,$0,$0,$0,$-661,$9,$-1107,$0,$0,$-9,$0,$18,$-103,$10,$-85,$-704,$0,$0
32,2010-09-30,23.61,$0.00,0.0,$5.21,4.53,$1.43,16.52,$2.22,10.63,$2.31B,$0.57B,4.08,$0.91B,$4.86B,0.19,$2.06B,$1.22B,59.46%,$2.06B,$0.88B,42.98%,$2.06B,$0.88B,42.98%,$2.06B,$1.03B,50.02%,$2.06B,$0.49B,23.92%,$2.06B,$0.88B,42.54%,$0.88B,$4.86B,18.70%,$0.88B,$4.77B,19.07%,$0.88B,$7.15B,12.63%,$0.88B,$5.77B,15.86%,$419,$196,$223,$35,$39,$331,$88,$25,$98,$8,$90,$98,$98,$148,$88,$392,392,$0.25,$0.25,$1222,$495,$248,$2309,$0,$0,$92,$660,$752,$7146,$566,$908,$641,$1717,$2283,$1461,$3256,$0,$4863,$7146,$297,$174,$0,$174,$0,$0,$0,$0,$-116,$372,$-312,$0,$0,$0,$0,$-687,$-15,$-1014,$0,$0,$-11,$0,$5,$-76,$7,$-74,$-719,$0,$0
33,2010-06-30,18.07,$0.00,0.0,$5.75,3.14,$1.74,10.37,$2.37,7.63,$2.32B,$0.56B,4.12,$0.92B,$4.85B,0.19,$2.27B,$1.26B,55.51%,$2.27B,$0.92B,40.31%,$2.27B,$0.92B,40.31%,$2.27B,$1.10B,48.33%,$2.27B,$0.59B,26.17%,$2.27B,$0.93B,41.15%,$0.93B,$4.85B,21.03%,$0.93B,$4.75B,21.65%,$0.93B,$7.12B,13.70%,$0.92B,$5.77B,17.09%,$531,$307,$224,$18,$29,$416,$115,$-69,$47,$-18,$64,$66,$66,$178,$115,$399,399,$0.17,$0.17,$1398,$433,$228,$2324,$0,$0,$93,$680,$773,$7124,$564,$922,$638,$1713,$2277,$1475,$3226,$0,$4847,$7124,$205,$114,$0,$114,$0,$0,$0,$0,$21,$394,$-199,$0,$0,$0,$0,$-748,$-12,$-959,$0,$0,$-9,$0,$2,$-50,$5,$-52,$-619,$0,$0
34,2010-03-31,23.21,$0.00,0.0,$6.22,3.73,$1.43,16.2,$2.78,8.35,$2.31B,$0.51B,4.5,$0.91B,$4.74B,0.19,$2.45B,$1.34B,54.82%,$2.45B,$0.98B,39.90%,$2.45B,$0.98B,39.90%,$2.45B,$1.18B,48.12%,$2.45B,$0.78B,32.05%,$2.45B,$1.09B,44.73%,$1.09B,$4.74B,26.45%,$1.09B,$4.65B,27.51%,$1.09B,$6.99B,16.68%,$0.98B,$5.66B,19.54%,$478,$242,$236,$15,$30,$338,$140,$33,$160,$24,$136,$140,$140,$191,$140,$394,394,$0.35,$0.35,$1267,$450,$290,$2309,$0,$0,$93,$664,$757,$6987,$514,$913,$660,$1729,$2243,$1455,$3146,$0,$4744,$6987,$137,$51,$0,$51,$0,$0,$0,$0,$-68,$128,$-83,$0,$0,$0,$0,$-728,$-6,$-818,$0,$0,$-3,$0,$1,$-23,$2,$-22,$-714,$0,$0
35,2009-12-31,27.17,$0.00,0.0,$6.39,4.25,$1.44,18.81,$2.61,10.41,$2.23B,$0.67B,3.31,$0.84B,$4.26B,0.2,$2.48B,$1.32B,53.06%,$2.48B,$0.94B,37.95%,$2.48B,$0.94B,37.95%,$2.48B,$1.15B,46.49%,$2.48B,$0.68B,27.20%,$2.48B,$1.02B,41.22%,$1.02B,$4.26B,27.12%,$1.02B,$4.18B,28.60%,$1.02B,$6.46B,16.27%,$0.94B,$5.10B,20.35%,$629,$90,$540,$-1,$16,$88,$541,$27,$187,$-22,$208,$571,$571,$512,$541,$393,393,$1.45,$1.45,$1148,$399,$279,$2225,$0,$0,$86,$571,$657,$6463,$672,$839,$544,$1528,$2199,$1331,$2780,$0,$4264,$6463,$968,$212,$0,$212,$0,$0,$0,$0,$-74,$608,$-343,$0,$0,$0,$0,$-179,$732,$210,$0,$0,$-204,$0,$389,$-82,$0,$104,$913,$0,$0
36,2009-09-30,23.43,$0.00,0.0,$6.76,3.47,$1.05,22.23,$1.23,19.05,$1.77B,$0.62B,2.86,$0.99B,$3.91B,0.25,$2.61B,$1.14B,43.65%,$2.61B,$0.65B,24.83%,$2.61B,$0.65B,24.83%,$2.61B,$0.97B,37.18%,$2.61B,$0.52B,20.05%,$2.61B,$0.48B,18.29%,$0.48B,$3.91B,13.52%,$0.48B,$3.68B,14.50%,$0.48B,$6.70B,7.56%,$0.65B,$4.89B,14.52%,$632,$371,$260,$14,$39,$513,$119,$81,$200,$34,$166,$157,$157,$216,$119,$393,393,$0.40,$0.40,$610,$444,$433,$1772,$0,$0,$232,$617,$849,$6704,$619,$985,$557,$2177,$2796,$1378,$2352,$0,$3908,$6704,$456,$241,$0,$241,$0,$0,$0,$0,$0,$514,$-331,$0,$0,$0,$0,$0,$-33,$-363,$0,$0,$-102,$0,$405,$-63,$0,$241,$365,$0,$0
37,2009-06-30,21.53,$0.00,0.0,$7.17,3.0,$-0.41,0.0,$1.21,17.79,$1.39B,$0.64B,2.16,$0.70B,$3.63B,0.19,$2.68B,$1.19B,44.20%,$2.68B,$0.73B,27.10%,$2.68B,$0.73B,27.10%,$2.68B,$1.04B,38.58%,$2.68B,$0.47B,17.44%,$2.68B,$0.45B,16.81%,$0.45B,$3.63B,13.39%,$0.45B,$3.40B,14.45%,$0.45B,$6.08B,7.28%,$0.73B,$4.33B,17.20%,$707,$403,$305,$16,$35,$532,$176,$105,$237,$39,$198,$226,$226,$258,$176,$392,392,$0.58,$0.58,$300,$436,$381,$1390,$0,$0,$232,$568,$799,$6077,$642,$695,$504,$1803,$2446,$1297,$2089,$0,$3631,$6077,$282,$144,$0,$144,$0,$0,$0,$0,$0,$271,$-201,$0,$0,$0,$0,$0,$-20,$-221,$0,$0,$-317,$0,$381,$-39,$0,$25,$69,$0,$0
38,2009-03-31,14.41,$0.00,0.0,$7.17,2.01,$-0.53,0.0,$1.05,13.73,$1.48B,$0.61B,2.44,$0.91B,$3.29B,0.28,$2.59B,$1.16B,44.71%,$2.59B,$0.67B,25.91%,$2.59B,$0.67B,25.91%,$2.59B,$0.95B,36.68%,$2.59B,$0.35B,13.44%,$2.59B,$0.37B,14.44%,$0.37B,$3.29B,11.76%,$0.37B,$3.06B,12.77%,$0.37B,$5.91B,6.18%,$0.67B,$4.19B,16.56%,$514,$302,$212,$15,$30,$408,$106,$-36,$51,$-5,$56,$69,$69,$168,$106,$373,373,$0.18,$0.18,$528,$662,$62,$1480,$0,$0,$231,$552,$783,$5905,$607,$906,$477,$2010,$2618,$1214,$1780,$0,$3287,$5905,$66,$61,$0,$61,$0,$0,$0,$0,$0,$142,$-96,$0,$0,$0,$0,$0,$-8,$-103,$0,$-82,$0,$0,$355,$-18,$12,$268,$311,$0,$0
39,2008-12-31,14.44,$0.00,0.0,$7.43,1.94,$-0.55,0.0,$1.24,11.64,$1.57B,$0.84B,1.87,$1.15B,$3.32B,0.35,$2.67B,$1.23B,46.23%,$2.67B,$0.77B,28.83%,$2.67B,$0.77B,28.83%,$2.67B,$1.05B,39.22%,$2.67B,$0.46B,17.17%,$2.67B,$0.44B,16.39%,$0.44B,$3.32B,14.27%,$0.44B,$3.05B,15.58%,$0.44B,$6.62B,7.42%,$0.77B,$4.46B,19.78%,$761,$397,$364,$22,$16,$513,$248,$-245,$36,$-7,$43,$26,$26,$330,$248,$388,388,$0.07,$0.07,$254,$729,$47,$1567,$0,$0,$267,$615,$882,$6618,$839,$1145,$580,$2461,$3300,$1003,$2033,$0,$3318,$6618,$425,$277,$0,$277,$0,$0,$0,$0,$0,$669,$-559,$0,$-475,$0,$0,$0,$-47,$-1081,$0,$585,$0,$0,$1,$-76,$0,$510,$130,$0,$0
40,2008-09-30,18.61,$0.00,0.0,$6.89,2.7,$0.02,841.97,$1.34,13.89,$1.34B,$1.05B,1.28,$0.70B,$3.23B,0.22,$2.39B,$1.03B,42.89%,$2.39B,$0.50B,20.71%,$2.39B,$0.50B,20.71%,$2.39B,$0.74B,30.96%,$2.39B,$0.49B,20.63%,$2.39B,$0.47B,19.71%,$0.47B,$3.23B,16.38%,$0.47B,$2.98B,17.94%,$0.47B,$6.19B,8.58%,$0.50B,$3.93B,13.82%,$701,$396,$305,$22,$0,$505,$197,$-53,$144,$6,$138,$130,$130,$279,$197,$346,346,$0.38,$0.38,$143,$761,$57,$1339,$0,$0,$250,$583,$834,$6191,$1050,$695,$576,$1909,$2959,$1022,$2063,$0,$3232,$6191,$403,$195,$0,$195,$0,$0,$0,$0,$0,$354,$-701,$0,$0,$0,$0,$0,$-184,$-885,$0,$593,$0,$0,$1,$-56,$0,$537,$16,$0,$0
41,2008-06-30,35.67,$0.00,0.0,$6.65,5.36,$2.04,17.45,$1.20,29.72,$1.19B,$0.79B,1.51,$0.75B,$2.88B,0.26,$2.34B,$1.09B,46.71%,$2.34B,$0.57B,24.53%,$2.34B,$0.57B,24.53%,$2.34B,$0.79B,33.63%,$2.34B,$0.44B,18.89%,$2.34B,$0.43B,18.29%,$0.43B,$2.88B,15.61%,$0.43B,$2.63B,17.01%,$0.43B,$5.50B,8.15%,$0.57B,$3.63B,16.70%,$614,$336,$277,$19,$85,$494,$120,$-3,$117,$-39,$156,$149,$149,$173,$120,$341,341,$0.44,$0.42,$120,$801,$45,$1191,$0,$516,$254,$0,$770,$5503,$788,$745,$609,$1832,$2620,$812,$2011,$0,$2883,$5503,$281,$113,$0,$113,$0,$0,$0,$0,$0,$256,$-235,$0,$0,$0,$0,$-156,$0,$-391,$0,$123,$34,$0,$1,$-38,$0,$120,$-11,$0,$0
42,2008-03-31,27.36,$0.00,0.0,$6.60,4.15,$2.15,12.72,$1.27,21.55,$1.17B,$0.57B,2.07,$0.71B,$2.82B,0.25,$2.39B,$1.17B,48.87%,$2.39B,$0.69B,28.71%,$2.39B,$0.69B,28.71%,$2.39B,$0.92B,38.39%,$2.39B,$0.56B,23.30%,$2.39B,$0.47B,19.49%,$0.47B,$2.82B,17.15%,$0.47B,$2.56B,18.51%,$0.47B,$5.24B,9.14%,$0.69B,$3.53B,20.29%,$591,$303,$287,$15,$8,$386,$204,$-43,$161,$17,$144,$132,$132,$264,$204,$341,359,$0.39,$0.37,$132,$766,$71,$1170,$0,$0,$259,$327,$587,$5242,$566,$710,$671,$1857,$2423,$816,$1894,$0,$2820,$5242,$133,$60,$0,$60,$0,$0,$0,$0,$0,$145,$-109,$0,$0,$0,$0,$0,$-19,$-128,$0,$-5,$0,$0,$0,$-17,$0,$-22,$0,$0,$0
43,2007-12-31,33.01,$0.00,0.0,$5.88,5.62,$2.12,15.56,$1.03,32.05,$1.21B,$0.64B,1.89,$0.67B,$2.57B,0.26,$2.15B,$1.01B,47.09%,$2.15B,$0.53B,24.57%,$2.15B,$0.53B,24.57%,$2.15B,$0.74B,34.41%,$2.15B,$0.44B,20.33%,$2.15B,$0.38B,17.86%,$0.38B,$2.57B,14.67%,$0.38B,$2.33B,15.71%,$0.38B,$5.03B,7.86%,$0.53B,$3.24B,16.24%,$484,$328,$156,$18,$106,$510,$-26,$80,$71,$-2,$74,$60,$60,$24,$-26,$340,340,$0.18,$0.17,$123,$606,$154,$1209,$0,$0,$239,$363,$602,$5028,$641,$671,$740,$1819,$2459,$767,$1666,$0,$2568,$5028,$389,$211,$0,$211,$0,$0,$0,$0,$0,$749,$-457,$0,$0,$0,$0,$0,$-36,$-493,$0,$34,$0,$0,$-380,$-63,$0,$-409,$-189,$0,$0
44,2007-09-30,38.3,$0.00,0.0,$6.91,5.54,$1.29,29.8,$1.05,36.47,$1.39B,$0.72B,1.92,$0.66B,$2.70B,0.24,$2.11B,$1.01B,47.89%,$2.11B,$0.61B,28.66%,$2.11B,$0.61B,28.66%,$2.11B,$0.82B,38.65%,$2.11B,$0.40B,18.71%,$2.11B,$0.36B,16.96%,$0.36B,$2.70B,13.91%,$0.36B,$2.55B,14.79%,$0.36B,$5.23B,7.54%,$0.61B,$3.35B,18.94%,$651,$278,$373,$20,$33,$375,$276,$-183,$93,$8,$85,$87,$87,$326,$276,$351,365,$0.25,$0.24,$385,$584,$187,$1392,$0,$0,$147,$403,$550,$5225,$724,$655,$725,$1806,$2530,$789,$1659,$0,$2695,$5225,$339,$161,$0,$161,$0,$0,$0,$0,$0,$711,$-339,$0,$0,$0,$0,$0,$-39,$-377,$0,$10,$-1,$0,$-192,$-47,$0,$-230,$66,$0,$0
45,2007-06-30,41.98,$0.00,0.0,$6.04,6.95,$0.62,68.1,$0.99,42.4,$1.34B,$0.46B,2.94,$0.63B,$2.76B,0.23,$1.78B,$0.74B,41.54%,$1.78B,$0.35B,19.45%,$1.78B,$0.35B,19.45%,$1.78B,$0.55B,30.83%,$1.78B,$0.38B,21.13%,$1.78B,$0.33B,18.72%,$0.33B,$2.76B,13.39%,$0.33B,$2.61B,14.26%,$0.33B,$4.86B,7.35%,$0.35B,$3.39B,11.17%,$660,$310,$350,$15,$36,$430,$231,$1,$231,$35,$196,$186,$186,$302,$231,$354,379,$0.53,$0.49,$336,$602,$102,$1339,$0,$0,$150,$294,$444,$4859,$456,$625,$669,$1640,$2096,$765,$1512,$0,$2763,$4859,$240,$111,$0,$111,$0,$0,$0,$0,$0,$268,$-203,$0,$0,$0,$0,$0,$-10,$-213,$0,$10,$2,$0,$20,$-29,$0,$3,$32,$0,$0
46,2007-03-31,33.84,$0.00,0.0,$5.42,6.25,$0.75,44.97,$0.90,37.6,$1.08B,$0.39B,2.79,$0.59B,$2.42B,0.24,$1.54B,$0.59B,38.22%,$1.54B,$0.23B,15.12%,$1.54B,$0.23B,15.12%,$1.54B,$0.41B,26.28%,$1.54B,$0.22B,14.54%,$1.54B,$0.30B,19.27%,$0.30B,$2.42B,12.46%,$0.30B,$2.26B,13.32%,$0.30B,$4.39B,6.74%,$0.23B,$3.00B,7.78%,$350,$219,$131,$13,$32,$304,$46,$-5,$41,$-13,$54,$50,$50,$86,$46,$352,378,$0.14,$0.13,$318,$551,$25,$1075,$0,$0,$152,$281,$433,$4385,$385,$588,$654,$1584,$1969,$711,$1259,$0,$2416,$4385,$50,$40,$0,$40,$0,$0,$0,$0,$0,$119,$-92,$0,$0,$0,$0,$0,$0,$-91,$0,$6,$0,$0,$13,$-12,$0,$7,$33,$0,$0
47,2006-12-31,33.4,$0.00,0.0,$6.06,5.51,$1.23,27.09,$1.11,30.09,$1.20B,$0.44B,2.7,$0.61B,$2.42B,0.25,$1.66B,$0.67B,40.12%,$1.66B,$0.31B,18.67%,$1.66B,$0.31B,18.67%,$1.66B,$0.49B,29.28%,$1.66B,$0.31B,18.37%,$1.66B,$0.35B,21.02%,$0.35B,$2.42B,15.05%,$0.35B,$2.26B,16.13%,$0.35B,$4.53B,8.02%,$0.31B,$3.03B,10.56%,$450,$293,$157,$14,$40,$398,$52,$-22,$30,$-7,$36,$35,$35,$102,$52,$183,183,$0.19,$0.19,$295,$537,$8,$1195,$0,$0,$159,$259,$418,$4534,$443,$614,$706,$1673,$2116,$717,$1260,$0,$2418,$4534,$331,$176,$0,$176,$0,$0,$0,$0,$0,$369,$-364,$0,$-74,$0,$0,$0,$-26,$-465,$0,$-138,$0,$0,$24,$-46,$0,$-161,$-255,$0,$0
