,Date,Stock Price,Book Value per Share,Price to Book Ratio,TTM Sales per Share,Price to Sales Ratio,TTM FCF per Share,Price to FCF Ratio,TTM Net EPS,PE Ratio,Current Assets,Current Liabilities,Current Ratio,Long Term Debt,Shareholder's Equity_x,Debt to Equity Ratio,TTM Revenue_x,TTM Gross Profit,Gross Margin,TTM Revenue_y,TTM Operating Income,Operating Margin,TTM Revenue_x,TTM EBIT,EBIT Margin,TTM Revenue_y,TTM EBITDA,EBITDA Margin,TTM Revenue_x,TTM Pre-Tax Income,Pre-Tax Margin,TTM Revenue_y,TTM Net Income_x,Net Margin,TTM Net Income_y,Shareholder's Equity_y,Return on Equity,TTM Net Income_x,Tangible Equity,Return on Tangible Equity,TTM Net Income_y,Total Assets,Return on Assets,TTM Net Income,LT Investments & Debt,Return on Investment,revenue,cost-goods-sold,gross-profit,research-development-expenses,selling-general-administrative-expenses,operating-expenses,operating-income,total-non-operating-income-expense,pre-tax-income,total-provision-income-taxes,income-after-taxes,income-from-continuous-operations,net-income,ebitda,ebit,basic-shares-outstanding,shares-outstanding,eps-basic-net-earnings-per-share,eps-earnings-per-share-diluted,cash-on-hand,inventory,other-current-assets,total-current-assets,net-property-plant-equipment,long-term-investments,goodwill-intangible-assets-total,other-long-term-assets,total-long-term-assets,total-assets,total-current-liabilities,long-term-debt,other-non-current-liabilities,total-long-term-liabilities,total-liabilities,common-stock-net,retained-earnings-accumulated-deficit,comprehensive-income,total-share-holder-equity,total-liabilities-share-holders-equity,net-income-loss,total-depreciation-amortization-cash-flow,other-non-cash-items,total-non-cash-items,change-in-accounts-receivable,change-in-inventories,change-in-accounts-payable,change-in-assets-liabilities,total-change-in-assets-liabilities,cash-flow-from-operating-activities,net-change-in-property-plant-equipment,net-change-in-intangible-assets,net-acquisitions-divestitures,net-change-in-short-term-investments,net-change-in-long-term-investments,net-change-in-investments-total,investing-activities-other,cash-flow-from-investing-activities,net-long-term-debt,net-current-debt,debt-issuance-retirement-net-total,net-common-equity-issued-repurchased,net-total-equity-issued-repurchased,total-common-preferred-stock-dividends-paid,financial-activities-other,cash-flow-from-financial-activities,net-cash-flow,stock-based-compensation,common-stock-dividends-paid
0,2018-09-30,48.0,$9.69,4.95,$78.89,0.61,$-13.26,0.0,$2.22,21.62,$4.10B,$3.60B,1.14,$8.93B,$1.31B,6.82,$10.59B,$1.70B,16.01%,$10.59B,$1.14B,10.80%,$10.59B,$1.14B,10.80%,$10.59B,$1.51B,14.28%,$10.59B,$0.81B,7.63%,$10.59B,$0.30B,2.81%,$0.30B,$1.31B,26.51%,$0.30B,$-5.44B,-7.36%,$0.30B,$15.34B,2.18%,$1.14B,$10.24B,12.83%,$3174,$2657,$517,$0,$153,$2809,$365,$-72,$293,$102,$191,$193,$164,$492,$365,$134,134,$1.23,$1.23,$298,$1639,$0,$4098,$3722,$0,$6753,$762,$11237,$15335,$3601,$8928,$880,$10424,$14025,$929,$3396,$-3307,$1310,$15335,$453,$305,$117,$422,$-955,$-139,$0,$24,$-1107,$-232,$-278,$0,$-3912,$0,$0,$0,$471,$-3719,$4026,$-27,$3999,$-3,$-3,$-18,$-76,$3902,$-81,$17,$-18
1,2018-06-30,44.76,$8.41,5.32,$73.54,0.61,$-13.49,0.0,$2.31,19.38,$4.16B,$3.53B,1.18,$9.24B,$1.14B,8.12,$9.88B,$1.61B,16.31%,$9.88B,$1.11B,11.20%,$9.88B,$1.11B,11.20%,$9.88B,$1.41B,14.28%,$9.88B,$0.80B,8.12%,$9.88B,$0.31B,3.14%,$0.31B,$1.14B,28.94%,$0.31B,$-5.60B,-9.42%,$0.31B,$15.36B,2.50%,$1.11B,$10.37B,13.99%,$3046,$2579,$467,$0,$159,$2754,$292,$-91,$201,$55,$146,$147,$132,$405,$292,$134,134,$0.99,$0.99,$298,$1737,$0,$4155,$3688,$0,$6741,$776,$11205,$15360,$3529,$9236,$844,$10694,$14223,$929,$3232,$-3294,$1137,$15360,$260,$178,$61,$239,$-659,$-230,$0,$10,$-991,$-492,$-195,$0,$-3907,$0,$0,$0,$310,$-3792,$4045,$201,$4246,$-3,$-3,$-6,$-75,$4162,$-128,$11,$-6
2,2018-03-31,50.75,$8.28,6.13,$66.69,0.76,$-13.29,0.0,$2.26,22.46,$5.26B,$2.86B,1.84,$7.78B,$1.11B,7.0,$8.99B,$1.51B,16.81%,$8.99B,$1.07B,11.93%,$8.99B,$1.07B,11.93%,$8.99B,$1.33B,14.74%,$8.99B,$0.80B,8.92%,$8.99B,$0.31B,3.40%,$0.31B,$1.11B,29.99%,$0.31B,$-2.51B,-12.08%,$0.31B,$13.08B,2.75%,$1.07B,$8.89B,15.63%,$2197,$1873,$324,$0,$90,$1976,$221,$-69,$152,$39,$113,$113,$90,$286,$221,$134,134,$0.67,$0.67,$2201,$1431,$0,$5261,$3322,$0,$3621,$875,$7818,$13079,$2861,$7778,$744,$9106,$11967,$929,$3100,$-3178,$1112,$13079,$113,$65,$33,$98,$-364,$-169,$0,$16,$-962,$-751,$-92,$0,$0,$0,$0,$0,$150,$58,$1899,$576,$2475,$-1,$-1,$0,$-19,$2455,$1776,$6,$0
3,2017-12-31,56.25,$6.87,8.18,$63.95,0.88,$-11.89,0.0,$2.36,23.83,$3.07B,$3.25B,0.95,$5.22B,$0.92B,5.65,$8.70B,$1.50B,17.23%,$8.70B,$1.08B,12.38%,$8.70B,$1.08B,12.38%,$8.70B,$1.32B,15.22%,$8.70B,$0.83B,9.53%,$8.70B,$0.32B,3.71%,$0.32B,$0.92B,33.74%,$0.32B,$-2.60B,-12.77%,$0.32B,$10.66B,3.13%,$1.08B,$6.14B,17.49%,$2168,$1781,$387,$0,$101,$1903,$265,$-103,$162,$223,$-61,$-61,$-89,$329,$265,$135,136,$-0.65,$-0.65,$424,$1385,$0,$3074,$3239,$0,$3518,$832,$7589,$10663,$3250,$5217,$685,$6490,$9740,$929,$3004,$-3241,$923,$10663,$428,$247,$40,$287,$-132,$-65,$0,$-11,$45,$760,$-490,$0,$0,$0,$0,$0,$-19,$-509,$-83,$95,$12,$-330,$-330,$-93,$11,$-400,$-135,$23,$-93
4,2017-09-30,59.72,$8.28,7.21,$61.77,0.97,$-10.53,0.0,$3.50,17.06,$3.15B,$3.04B,1.04,$5.11B,$1.11B,4.6,$8.45B,$1.44B,17.07%,$8.45B,$1.00B,11.88%,$8.45B,$1.00B,11.88%,$8.45B,$1.25B,14.74%,$8.45B,$0.80B,9.40%,$8.45B,$0.48B,5.64%,$0.48B,$1.11B,53.39%,$0.48B,$-2.45B,-18.85%,$0.48B,$10.50B,4.74%,$1.00B,$6.23B,16.82%,$2468,$2035,$433,$0,$89,$2140,$328,$-41,$287,$79,$208,$208,$177,$391,$328,$134,134,$1.32,$1.32,$374,$1430,$0,$3153,$3066,$0,$3562,$715,$7343,$10496,$3037,$5114,$714,$6347,$9384,$929,$3093,$-3125,$1112,$10496,$489,$183,$74,$257,$-976,$-108,$0,$20,$-1016,$-270,$-274,$0,$0,$0,$0,$0,$738,$464,$-46,$22,$-24,$-331,$-331,$-68,$23,$-400,$-190,$16,$-68
5,2017-06-30,59.66,$6.93,8.61,$60.08,0.99,$-5.50,0.0,$3.49,17.09,$3.02B,$2.79B,1.08,$5.26B,$0.94B,5.63,$8.31B,$1.44B,17.27%,$8.31B,$0.99B,11.92%,$8.31B,$0.99B,11.92%,$8.31B,$1.23B,14.84%,$8.31B,$0.76B,9.17%,$8.31B,$0.48B,5.81%,$0.48B,$0.94B,59.61%,$0.48B,$-2.58B,-18.68%,$0.48B,$10.27B,4.87%,$0.99B,$6.20B,16.85%,$2161,$1793,$368,$0,$91,$1902,$259,$-58,$201,$53,$148,$148,$128,$320,$259,$135,136,$0.95,$0.94,$301,$1490,$0,$3020,$3020,$0,$3512,$714,$7246,$10266,$2794,$5262,$703,$6537,$9331,$929,$2916,$-3168,$935,$10266,$281,$120,$11,$131,$-623,$-184,$0,$32,$-887,$-475,$-195,$0,$0,$0,$0,$0,$507,$312,$-50,$249,$199,$-269,$-269,$-37,$-4,$-111,$-263,$10,$-37
6,2017-03-31,52.95,$6.31,8.39,$59.53,0.89,$-1.10,0.0,$3.76,14.08,$2.89B,$2.50B,1.16,$5.21B,$0.86B,6.06,$8.29B,$1.45B,17.52%,$8.29B,$1.03B,12.39%,$8.29B,$1.03B,12.39%,$8.29B,$1.27B,15.35%,$8.29B,$0.81B,9.78%,$8.29B,$0.52B,6.32%,$0.52B,$0.86B,71.56%,$0.52B,$-2.50B,-19.75%,$0.52B,$9.87B,5.35%,$1.03B,$6.07B,17.89%,$1901,$1590,$311,$0,$90,$1676,$225,$-46,$179,$46,$133,$133,$107,$284,$225,$139,139,$0.77,$0.77,$338,$1417,$0,$2888,$2898,$0,$3357,$727,$6982,$9870,$2496,$5206,$713,$6515,$9011,$929,$2788,$-3261,$859,$9870,$133,$59,$-9,$50,$-293,$-151,$0,$8,$-760,$-577,$-104,$0,$0,$0,$0,$0,$257,$153,$-8,$351,$343,$-126,$-126,$-13,$-5,$199,$-221,$4,$-13
7,2016-12-31,52.57,$4.78,11.01,$59.47,0.88,$0.53,99.26,$3.56,14.77,$2.84B,$2.90B,0.98,$4.72B,$0.67B,7.06,$8.28B,$1.45B,17.55%,$8.28B,$1.02B,12.32%,$8.28B,$1.02B,12.32%,$8.28B,$1.27B,15.31%,$8.28B,$0.77B,9.28%,$8.28B,$0.50B,5.99%,$0.50B,$0.67B,75.64%,$0.50B,$-2.60B,-17.73%,$0.50B,$9.60B,5.05%,$1.02B,$5.39B,17.96%,$1923,$1592,$331,$0,$93,$1731,$192,$-64,$128,$35,$93,$93,$65,$251,$192,$139,139,$0.47,$0.47,$559,$1245,$0,$2841,$2820,$0,$3263,$675,$6758,$9599,$2896,$4717,$698,$6035,$8931,$929,$2621,$-3400,$668,$9599,$583,$247,$5,$252,$29,$-85,$0,$-12,$95,$930,$-463,$0,$0,$0,$0,$0,$21,$-442,$-534,$-32,$-566,$2,$2,$-80,$28,$-616,$-158,$20,$-80
8,2016-09-30,57.09,$5.57,10.25,$60.24,0.95,$1.55,36.73,$3.56,16.04,$3.09B,$2.80B,1.11,$5.10B,$0.78B,6.54,$8.39B,$1.46B,17.38%,$8.39B,$1.03B,12.28%,$8.39B,$1.03B,12.28%,$8.39B,$1.28B,15.27%,$8.39B,$0.77B,9.19%,$8.39B,$0.50B,5.93%,$0.50B,$0.78B,84.96%,$0.50B,$-2.67B,-16.86%,$0.50B,$9.96B,5.00%,$1.03B,$5.88B,17.92%,$2326,$1901,$425,$0,$90,$2011,$315,$-61,$254,$48,$206,$206,$183,$378,$315,$139,140,$1.32,$1.31,$526,$1300,$0,$3090,$2746,$0,$3450,$677,$6873,$9963,$2797,$5097,$652,$6387,$9184,$929,$2606,$-3275,$779,$9963,$490,$188,$19,$207,$-131,$-95,$0,$-53,$-321,$376,$-238,$0,$0,$0,$0,$0,$10,$-228,$-431,$108,$-323,$0,$0,$-43,$38,$-328,$-191,$15,$-43
9,2016-06-30,50.67,$4.46,11.36,$61.25,0.83,$1.56,32.39,$3.26,15.54,$2.96B,$2.83B,1.05,$5.01B,$0.62B,8.04,$8.52B,$1.45B,16.99%,$8.52B,$1.00B,11.69%,$8.52B,$1.00B,11.69%,$8.52B,$1.25B,14.61%,$8.52B,$0.73B,8.51%,$8.52B,$0.46B,5.34%,$0.46B,$0.62B,91.27%,$0.46B,$-2.85B,-14.74%,$0.46B,$9.78B,4.55%,$1.00B,$5.63B,17.20%,$2142,$1756,$386,$0,$94,$1847,$295,$-45,$250,$65,$185,$185,$169,$360,$295,$139,139,$1.22,$1.21,$370,$1419,$0,$2958,$2700,$0,$3472,$646,$6818,$9776,$2827,$5011,$643,$6326,$9153,$929,$2423,$-3235,$623,$9776,$284,$125,$-18,$107,$-2,$-216,$0,$-10,$-328,$63,$-138,$0,$0,$0,$0,$0,$13,$-125,$-421,$138,$-283,$-3,$-3,$-26,$31,$-281,$-347,$10,$-26
10,2016-03-31,49.59,$3.96,12.51,$62.23,0.8,$1.20,41.38,$3.07,16.15,$2.90B,$2.72B,1.07,$5.29B,$0.55B,9.57,$8.66B,$1.44B,16.57%,$8.66B,$0.98B,11.30%,$8.66B,$0.98B,11.30%,$8.66B,$1.22B,14.14%,$8.66B,$0.68B,7.82%,$8.66B,$0.43B,4.94%,$0.43B,$0.55B,96.45%,$0.43B,$-3.07B,-13.29%,$0.43B,$9.94B,4.22%,$0.98B,$5.85B,16.57%,$1893,$1581,$312,$0,$91,$1674,$219,$-82,$137,$38,$99,$99,$79,$279,$219,$138,139,$0.57,$0.57,$257,$1413,$0,$2904,$2727,$0,$3627,$682,$7036,$9940,$2718,$5293,$656,$6669,$9387,$929,$2254,$-3131,$553,$9940,$99,$60,$-10,$50,$-93,$-180,$0,$-19,$-557,$-408,$-47,$0,$0,$0,$0,$0,$-1,$-48,$-406,$383,$-23,$-3,$-3,$-8,$30,$-4,$-460,$6,$-8
11,2015-12-31,50.7,$2.76,18.36,$62.97,0.81,$2.03,24.94,$2.82,17.98,$3.05B,$2.91B,1.05,$5.26B,$0.39B,13.65,$8.76B,$1.41B,16.08%,$8.76B,$0.93B,10.58%,$8.76B,$0.93B,10.58%,$8.76B,$1.16B,13.28%,$8.76B,$0.64B,7.29%,$8.76B,$0.39B,4.49%,$0.39B,$0.39B,106.94%,$0.39B,$-3.20B,-11.81%,$0.39B,$10.05B,3.85%,$0.93B,$5.64B,15.61%,$2027,$1692,$335,$0,$99,$1826,$201,$-71,$130,$44,$86,$86,$66,$264,$201,$138,139,$0.48,$0.47,$717,$1213,$0,$3049,$2699,$0,$3580,$722,$7001,$10050,$2908,$5255,$735,$6757,$9665,$929,$2125,$-3154,$385,$10050,$461,$237,$87,$324,$34,$60,$0,$18,$171,$956,$-347,$0,$-1174,$0,$0,$0,$-27,$-1548,$535,$-7,$528,$-3,$-3,$-48,$-71,$406,$-248,$27,$-48
12,2015-09-30,45.75,$3.11,14.73,$63.76,0.72,$1.99,23.03,$2.44,18.75,$3.26B,$2.73B,1.2,$5.61B,$0.43B,12.95,$8.86B,$1.36B,15.36%,$8.86B,$0.84B,9.47%,$8.86B,$0.84B,9.47%,$8.86B,$1.07B,12.05%,$8.86B,$0.55B,6.19%,$8.86B,$0.34B,3.87%,$0.34B,$0.43B,93.21%,$0.34B,$-3.23B,-10.84%,$0.34B,$10.23B,3.40%,$0.84B,$6.04B,14.31%,$2460,$2045,$415,$0,$94,$2179,$281,$-73,$208,$48,$160,$160,$141,$342,$281,$138,139,$1.02,$1.01,$466,$1302,$0,$3262,$2614,$0,$3664,$689,$6967,$10229,$2730,$5608,$672,$7066,$9796,$929,$2109,$-3089,$433,$10229,$375,$174,$60,$234,$-201,$-10,$0,$11,$-294,$315,$-176,$0,$-1174,$0,$0,$0,$-24,$-1374,$655,$34,$689,$-4,$-4,$-21,$-53,$611,$-499,$22,$-21
13,2015-06-30,52.91,$2.90,18.26,$64.78,0.82,$-0.41,0.0,$3.19,16.59,$3.18B,$2.73B,1.17,$5.68B,$0.40B,14.05,$9.00B,$1.37B,15.21%,$9.00B,$0.88B,9.75%,$9.00B,$0.88B,9.75%,$9.00B,$1.10B,12.21%,$9.00B,$0.57B,6.29%,$9.00B,$0.45B,4.96%,$0.45B,$0.40B,112.41%,$0.45B,$-3.39B,-14.94%,$0.45B,$10.36B,4.46%,$0.88B,$6.08B,15.15%,$2278,$1905,$373,$0,$99,$2001,$277,$-75,$202,$49,$153,$153,$142,$339,$277,$138,139,$1.03,$1.02,$288,$1454,$0,$3184,$2672,$0,$3790,$713,$7175,$10359,$2733,$5677,$683,$7222,$9955,$929,$1968,$-2957,$404,$10359,$215,$113,$22,$135,$-96,$-132,$0,$31,$-365,$-15,$-111,$0,$-1177,$0,$0,$0,$-14,$-1302,$669,$96,$765,$-4,$-4,$-17,$-65,$679,$-677,$17,$-17
14,2015-03-31,54.02,$1.78,30.33,$65.62,0.82,$-1.43,0.0,$2.93,18.44,$3.08B,$2.61B,1.18,$5.75B,$0.25B,23.17,$9.10B,$1.37B,15.06%,$9.10B,$0.84B,9.25%,$9.10B,$0.84B,9.25%,$9.10B,$1.05B,11.52%,$9.10B,$0.54B,5.94%,$9.10B,$0.41B,4.50%,$0.41B,$0.25B,102.82%,$0.41B,$-3.50B,-14.37%,$0.41B,$10.14B,4.15%,$0.84B,$5.99B,14.83%,$1997,$1711,$286,$0,$98,$1829,$168,$-69,$99,$37,$62,$62,$44,$219,$168,$138,139,$0.32,$0.32,$280,$1446,$0,$3077,$2619,$0,$3746,$702,$7067,$10144,$2613,$5746,$658,$7283,$9896,$929,$1826,$-2965,$248,$10144,$62,$51,$25,$76,$25,$-144,$0,$-44,$-425,$-287,$-52,$0,$-1185,$0,$0,$0,$-9,$-1246,$709,$234,$943,$-1,$-1,$-9,$-47,$886,$-685,$11,$-9
15,2014-12-31,50.9,$2.78,18.28,$65.70,0.77,$-3.19,0.0,$2.78,18.31,$3.62B,$2.92B,1.24,$4.94B,$0.39B,12.78,$9.10B,$1.38B,15.19%,$9.10B,$0.82B,8.96%,$9.10B,$0.82B,8.96%,$9.10B,$1.01B,11.05%,$9.10B,$0.52B,5.73%,$9.10B,$0.39B,4.29%,$0.39B,$0.39B,97.20%,$0.39B,$-2.54B,-16.12%,$0.39B,$9.64B,4.19%,$0.82B,$5.33B,15.72%,$2127,$1840,$287,$0,$96,$2014,$113,$-73,$40,$1,$39,$39,$16,$168,$113,$137,139,$0.11,$0.13,$965,$1324,$48,$3619,$2437,$0,$2926,$661,$6024,$9643,$2924,$4944,$517,$6332,$9256,$929,$1782,$-2765,$387,$9643,$478,$190,$45,$235,$45,$-62,$0,$2,$199,$912,$-312,$0,$-711,$0,$0,$0,$2,$-1021,$990,$-319,$671,$12,$12,$-77,$-161,$445,$276,$22,$-77
16,2014-09-30,44.52,$3.94,11.29,$65.07,0.68,$-2.97,0.0,$3.05,14.6,$3.61B,$2.77B,1.3,$5.20B,$0.55B,9.49,$9.04B,$1.37B,15.14%,$9.04B,$0.84B,9.32%,$9.04B,$0.84B,9.32%,$9.04B,$1.01B,11.22%,$9.04B,$0.56B,6.19%,$9.04B,$0.42B,4.68%,$0.42B,$0.55B,112.28%,$0.42B,$-2.52B,-19.04%,$0.42B,$9.82B,4.75%,$0.84B,$5.75B,17.59%,$2594,$2172,$422,$0,$95,$2275,$319,$-94,$225,$-41,$266,$266,$244,$372,$319,$137,139,$1.78,$1.76,$380,$1473,$0,$3608,$2447,$0,$3067,$695,$6209,$9817,$2766,$5200,$536,$6503,$9269,$929,$1769,$-2594,$548,$9817,$439,$135,$87,$222,$-360,$-168,$0,$-90,$-652,$9,$-203,$0,$-711,$0,$0,$0,$2,$-912,$1022,$-232,$790,$9,$9,$-45,$-148,$606,$-309,$18,$-45
17,2014-06-30,49.76,$2.97,16.78,$63.53,0.78,$-3.72,0.0,$2.10,23.7,$3.49B,$2.85B,1.22,$5.23B,$0.41B,12.69,$8.84B,$1.34B,15.18%,$8.84B,$0.77B,8.76%,$8.84B,$0.77B,8.76%,$8.84B,$0.93B,10.48%,$8.84B,$0.53B,6.00%,$8.84B,$0.28B,3.17%,$0.28B,$0.41B,98.77%,$0.28B,$-2.86B,-13.65%,$0.28B,$9.90B,3.31%,$0.77B,$5.64B,17.88%,$2383,$2007,$376,$0,$103,$2141,$242,$-65,$177,$50,$127,$127,$106,$289,$242,$137,139,$0.77,$0.76,$244,$1615,$0,$3487,$2496,$0,$3272,$640,$6408,$9895,$2849,$5230,$568,$6634,$9483,$929,$1525,$-2471,$412,$9895,$173,$82,$86,$168,$-130,$-252,$0,$12,$-458,$-117,$-149,$0,$-711,$0,$0,$0,$6,$-854,$812,$-130,$682,$8,$8,$-34,$-128,$528,$-445,$14,$-34
18,2014-03-31,44.74,$1.86,24.04,$61.94,0.72,$-4.40,0.0,$2.27,19.71,$3.08B,$2.56B,1.2,$3.77B,$0.26B,14.59,$8.68B,$1.34B,15.44%,$8.68B,$0.80B,9.23%,$8.68B,$0.80B,9.23%,$8.68B,$0.94B,10.79%,$8.68B,$0.56B,6.48%,$8.68B,$0.31B,3.54%,$0.31B,$0.26B,144.98%,$0.31B,$-1.76B,-17.14%,$0.31B,$7.89B,3.86%,$0.80B,$4.02B,20.71%,$1993,$1696,$297,$0,$104,$1852,$141,$-62,$79,$33,$46,$46,$24,$176,$141,$137,138,$0.18,$0.17,$267,$1334,$63,$3079,$2160,$0,$2016,$630,$4806,$7885,$2561,$3765,$446,$5066,$7627,$929,$1419,$-2495,$258,$7885,$46,$35,$55,$90,$-157,$-154,$0,$-39,$-631,$-495,$-84,$0,$0,$0,$0,$0,$11,$-73,$41,$218,$259,$2,$2,$-23,$-91,$147,$-422,$9,$-23
19,2013-12-31,44.57,$2.09,21.31,$61.19,0.73,$-3.64,0.0,$2.38,18.73,$3.18B,$2.92B,1.09,$3.47B,$0.29B,12.0,$8.66B,$1.34B,15.50%,$8.66B,$0.85B,9.83%,$8.66B,$0.85B,9.83%,$8.66B,$0.99B,11.38%,$8.66B,$0.58B,6.65%,$8.66B,$0.32B,3.74%,$0.32B,$0.29B,172.11%,$0.32B,$-1.75B,-18.06%,$0.32B,$8.03B,4.10%,$0.85B,$3.76B,22.22%,$2071,$1797,$274,$0,$106,$1930,$141,$-62,$79,$2,$77,$79,$49,$177,$141,$139,141,$0.36,$0.36,$689,$1213,$0,$3180,$2152,$0,$2040,$658,$4850,$8030,$2920,$3469,$461,$4821,$7741,$929,$1395,$-2513,$289,$8030,$428,$134,$137,$271,$-51,$-45,$0,$36,$186,$885,$-246,$0,$-6,$0,$0,$0,$6,$-246,$61,$18,$79,$-279,$-279,$-78,$-28,$-306,$339,$21,$-78
20,2013-09-30,42.28,$1.27,33.35,$60.19,0.7,$-6.16,0.0,$2.22,19.05,$3.24B,$2.71B,1.2,$3.72B,$0.18B,21.25,$8.62B,$1.35B,15.65%,$8.62B,$0.87B,10.11%,$8.62B,$0.87B,10.11%,$8.62B,$1.02B,11.80%,$8.62B,$0.58B,6.70%,$8.62B,$0.31B,3.55%,$0.31B,$0.18B,206.41%,$0.31B,$-1.84B,-16.78%,$0.31B,$8.03B,3.94%,$0.87B,$3.89B,23.28%,$2389,$1995,$394,$0,$113,$2139,$250,$-55,$195,$67,$128,$127,$101,$284,$250,$138,139,$0.73,$0.73,$236,$1331,$0,$3244,$2087,$0,$2010,$691,$4788,$8032,$2710,$3718,$445,$5147,$7857,$929,$1344,$-2565,$175,$8032,$349,$98,$51,$149,$-430,$-166,$0,$44,$-622,$-124,$-175,$0,$0,$0,$0,$0,$-3,$-178,$65,$484,$549,$-284,$-284,$-65,$-13,$187,$-114,$17,$-65
21,2013-06-30,41.13,$0.89,46.34,$58.60,0.7,$-6.23,0.0,$3.61,11.39,$3.17B,$2.63B,1.21,$3.67B,$0.13B,29.38,$8.54B,$1.32B,15.51%,$8.54B,$0.89B,10.45%,$8.54B,$0.89B,10.45%,$8.54B,$1.05B,12.29%,$8.54B,$0.61B,7.19%,$8.54B,$0.53B,6.21%,$0.53B,$0.13B,328.68%,$0.53B,$-1.82B,-29.40%,$0.53B,$7.87B,6.91%,$0.89B,$3.80B,23.93%,$2223,$1848,$375,$0,$102,$1954,$269,$-60,$209,$55,$154,$155,$133,$299,$269,$141,143,$0.94,$0.93,$227,$1424,$0,$3172,$2018,$0,$1944,$735,$4697,$7869,$2631,$3672,$451,$5113,$7744,$929,$1243,$-2616,$125,$7869,$222,$64,$16,$80,$-281,$-286,$0,$24,$-553,$-251,$-119,$0,$0,$0,$0,$0,$3,$-116,$56,$423,$479,$-181,$-181,$-35,$-14,$249,$-123,$12,$-35
22,2013-03-31,41.61,$1.14,36.49,$57.51,0.72,$-5.98,0.0,$3.57,11.66,$3.02B,$2.33B,1.3,$3.71B,$0.16B,22.61,$8.50B,$1.29B,15.17%,$8.50B,$0.87B,10.24%,$8.50B,$0.87B,10.24%,$8.50B,$1.04B,12.26%,$8.50B,$0.61B,7.22%,$8.50B,$0.53B,6.25%,$0.53B,$0.16B,400.00%,$0.53B,$-1.77B,-29.00%,$0.53B,$7.70B,7.07%,$0.87B,$3.87B,23.81%,$1973,$1674,$299,$0,$104,$1782,$191,$-98,$93,$24,$69,$67,$41,$225,$191,$143,144,$0.29,$0.28,$304,$1352,$0,$3024,$1988,$0,$1937,$752,$4677,$7701,$2326,$3708,$461,$5211,$7537,$929,$1110,$-2631,$164,$7701,$67,$34,$13,$47,$-118,$-205,$0,$-15,$-546,$-432,$-63,$0,$0,$0,$0,$0,$11,$-52,$96,$364,$460,$2,$2,$-8,$-15,$439,$-46,$10,$-8
23,2012-12-31,36.81,$0.90,40.85,$56.79,0.65,$-5.55,0.0,$3.75,9.82,$2.75B,$2.52B,1.09,$3.29B,$0.13B,25.5,$8.47B,$1.28B,15.08%,$8.47B,$0.86B,10.15%,$8.47B,$0.86B,10.15%,$8.47B,$1.04B,12.28%,$8.47B,$0.64B,7.58%,$8.47B,$0.56B,6.60%,$0.56B,$0.13B,784.56%,$0.56B,$-1.87B,-29.30%,$0.56B,$7.50B,7.58%,$0.86B,$3.42B,23.98%,$2037,$1756,$281,$0,$94,$1875,$162,$-81,$81,$11,$70,$73,$31,$209,$162,$146,148,$0.22,$0.22,$350,$1166,$0,$2750,$2005,$0,$1998,$747,$4750,$7500,$2522,$3289,$462,$4849,$7371,$929,$1071,$-2614,$129,$7500,$664,$180,$-88,$92,$-113,$21,$0,$-37,$-135,$621,$-321,$0,$-78,$0,$0,$0,$37,$-362,$44,$28,$72,$-242,$-242,$-79,$-5,$-254,$8,$18,$-79
24,2012-09-30,36.75,$1.58,23.33,$56.40,0.65,$-7.55,0.0,$3.60,10.21,$3.05B,$2.38B,1.29,$3.60B,$0.23B,15.84,$8.49B,$1.29B,15.13%,$8.49B,$0.81B,9.56%,$8.49B,$0.81B,9.56%,$8.49B,$0.99B,11.65%,$8.49B,$0.61B,7.18%,$8.49B,$0.54B,6.31%,$0.54B,$0.23B,-2583.13%,$0.54B,$-1.75B,-26.96%,$0.54B,$7.61B,7.42%,$0.81B,$3.82B,23.15%,$2302,$1933,$369,$0,$92,$2032,$270,$-39,$231,$-111,$342,$344,$325,$316,$270,$146,148,$2.23,$2.20,$240,$1207,$0,$3053,$1845,$0,$1976,$736,$4557,$7610,$2376,$3596,$494,$5007,$7383,$929,$1040,$-2485,$227,$7610,$591,$133,$-10,$123,$-489,$-56,$0,$-167,$-831,$-117,$-211,$0,$0,$0,$0,$0,$6,$-205,$4,$470,$474,$-200,$-200,$-50,$-6,$218,$-102,$15,$-50
25,2012-06-30,34.49,$0.07,467.34,$56.70,0.61,$-7.83,0.0,$2.24,15.4,$2.91B,$2.28B,1.28,$3.49B,$0.01B,317.55,$8.61B,$1.31B,15.23%,$8.61B,$0.84B,9.75%,$8.61B,$0.84B,9.75%,$8.61B,$1.02B,11.82%,$8.61B,$0.62B,7.25%,$8.61B,$0.34B,3.95%,$0.34B,$0.01B,-1046.15%,$0.34B,$-1.93B,-17.00%,$0.34B,$7.22B,4.71%,$0.84B,$3.50B,24.38%,$2184,$1844,$340,$0,$90,$1937,$247,$-39,$208,$51,$157,$157,$134,$292,$247,$148,151,$0.91,$0.89,$230,$1272,$0,$2909,$1800,$0,$1944,$571,$4315,$7224,$2277,$3493,$497,$4936,$7213,$929,$715,$-2556,$11,$7224,$247,$87,$3,$90,$-296,$-135,$0,$-1,$-553,$-216,$-137,$0,$0,$0,$0,$0,$9,$-128,$10,$274,$284,$-3,$-3,$-38,$-5,$238,$-112,$12,$-38
26,2012-03-31,36.83,$-0.55,-66.87,$56.85,0.65,$-8.24,0.0,$2.18,16.89,$2.82B,$2.09B,1.35,$3.69B,$-0.08B,-44.94,$8.71B,$1.34B,15.42%,$8.71B,$0.86B,9.92%,$8.71B,$0.86B,9.92%,$8.71B,$1.04B,11.96%,$8.71B,$0.63B,7.19%,$8.71B,$0.34B,3.85%,$0.34B,$-0.08B,1030.77%,$0.34B,$-2.08B,-17.04%,$0.34B,$7.18B,4.51%,$0.86B,$3.60B,24.74%,$1947,$1660,$287,$0,$106,$1766,$181,$-59,$122,$32,$90,$90,$69,$223,$181,$148,150,$0.47,$0.46,$250,$1313,$0,$2824,$1796,$0,$1998,$560,$4354,$7178,$2093,$3685,$488,$5167,$7260,$929,$581,$-2515,$-82,$7178,$90,$42,$16,$58,$-114,$-140,$0,$-34,$-537,$-389,$-62,$0,$0,$0,$0,$0,$14,$-48,$13,$338,$351,$-5,$-5,$-16,$8,$338,$-92,$10,$-16
27,2011-12-31,33.58,$-1.61,-20.86,$55.79,0.6,$-7.89,0.0,$1.82,18.45,$2.60B,$2.29B,1.14,$3.34B,$-0.24B,-13.96,$8.64B,$1.35B,15.59%,$8.64B,$0.85B,9.81%,$8.64B,$0.85B,9.81%,$8.64B,$1.02B,11.85%,$8.64B,$0.59B,6.79%,$8.64B,$0.28B,3.26%,$0.28B,$-0.24B,204.72%,$0.28B,$-2.19B,-15.05%,$0.28B,$6.87B,3.76%,$0.85B,$3.10B,24.96%,$2058,$1769,$289,$0,$97,$1944,$114,$-65,$49,$12,$37,$39,$8,$158,$114,$152,154,$0.05,$0.06,$342,$1148,$0,$2603,$1751,$0,$1952,$562,$4265,$6868,$2285,$3337,$489,$4822,$7107,$929,$512,$-2590,$-239,$6868,$396,$176,$-121,$55,$-36,$-119,$0,$-17,$-72,$379,$-375,$0,$4,$0,$0,$0,$-1,$-372,$701,$-192,$509,$-301,$-301,$-104,$-233,$-129,$-121,$18,$-104
28,2011-09-30,30.61,$1.19,25.71,$54.46,0.56,$-6.06,0.0,$2.05,14.93,$3.31B,$2.38B,1.39,$3.40B,$0.18B,18.87,$8.54B,$1.35B,15.78%,$8.54B,$0.89B,10.38%,$8.54B,$0.89B,10.38%,$8.54B,$1.06B,12.44%,$8.54B,$0.64B,7.46%,$8.54B,$0.32B,3.74%,$0.32B,$0.18B,125.22%,$0.32B,$-1.80B,-18.08%,$0.32B,$7.60B,4.25%,$0.89B,$3.58B,26.50%,$2423,$2027,$396,$0,$96,$2125,$298,$-53,$245,$87,$158,$159,$129,$345,$298,$150,153,$0.86,$0.84,$479,$1339,$0,$3305,$1710,$0,$1977,$607,$4294,$7599,$2382,$3396,$499,$5037,$7419,$929,$504,$-2375,$180,$7599,$357,$132,$58,$190,$-419,$-299,$0,$88,$-681,$-134,$-248,$0,$0,$0,$0,$0,$0,$-248,$374,$342,$716,$-203,$-203,$-60,$-54,$399,$16,$15,$-60
29,2011-06-30,38.82,$1.79,21.65,$52.23,0.74,$-4.35,0.0,$2.05,18.94,$3.60B,$2.71B,1.33,$3.42B,$0.27B,12.64,$8.32B,$1.33B,15.97%,$8.32B,$0.85B,10.23%,$8.32B,$0.85B,10.23%,$8.32B,$1.02B,12.26%,$8.32B,$0.60B,7.21%,$8.32B,$0.32B,3.80%,$0.32B,$0.27B,96.78%,$0.32B,$-1.80B,-18.61%,$0.32B,$8.06B,4.27%,$0.85B,$3.70B,26.11%,$2281,$1910,$371,$0,$100,$2010,$271,$-61,$210,$54,$156,$156,$129,$316,$271,$152,156,$0.85,$0.83,$546,$1537,$0,$3599,$1746,$0,$2069,$645,$4460,$8059,$2710,$3424,$483,$5078,$7788,$929,$375,$-2258,$271,$8059,$198,$85,$49,$134,$-347,$-431,$0,$27,$-579,$-247,$-182,$0,$0,$0,$0,$0,$-125,$-307,$494,$248,$742,$-203,$-203,$-38,$-7,$494,$-42,$12,$-38
30,2011-03-31,38.58,$2.17,17.75,$49.87,0.77,$-3.32,0.0,$1.91,20.2,$3.07B,$2.58B,1.19,$2.88B,$0.34B,8.51,$8.05B,$1.29B,16.06%,$8.05B,$0.82B,10.17%,$8.05B,$0.82B,10.17%,$8.05B,$0.99B,12.25%,$8.05B,$0.59B,7.35%,$8.05B,$0.30B,3.72%,$0.30B,$0.34B,79.05%,$0.30B,$-1.71B,-18.69%,$0.30B,$7.48B,4.24%,$0.82B,$3.22B,26.12%,$1882,$1590,$292,$0,$102,$1717,$165,$-82,$83,$41,$42,$42,$16,$205,$165,$155,158,$0.10,$0.10,$409,$1353,$0,$3070,$1702,$0,$2047,$657,$4406,$7476,$2583,$2884,$499,$4554,$7137,$929,$246,$-2267,$339,$7476,$42,$40,$41,$81,$-163,$-260,$0,$5,$-440,$-317,$-103,$0,$0,$0,$0,$0,$2,$-101,$149,$218,$367,$-2,$-2,$-6,$-6,$353,$-54,$10,$-6
31,2010-12-31,33.38,$1.48,22.63,$48.84,0.68,$-3.41,0.0,$2.06,16.2,$2.65B,$2.38B,1.11,$2.65B,$0.23B,11.57,$7.94B,$1.25B,15.74%,$7.94B,$0.80B,10.10%,$7.94B,$0.80B,10.10%,$7.94B,$0.97B,12.27%,$7.94B,$0.61B,7.73%,$7.94B,$0.32B,4.08%,$0.32B,$0.23B,80.75%,$0.32B,$-1.76B,-20.79%,$0.32B,$6.90B,4.71%,$0.80B,$2.88B,25.34%,$1949,$1661,$288,$0,$104,$1797,$152,$-53,$99,$22,$77,$80,$45,$196,$152,$159,162,$0.28,$0.28,$463,$1060,$0,$2649,$1610,$0,$1984,$656,$4250,$6899,$2377,$2649,$485,$4293,$6670,$929,$230,$-2333,$229,$6899,$452,$172,$129,$301,$-255,$-119,$0,$52,$-163,$590,$-288,$0,$7,$0,$0,$0,$0,$-281,$11,$278,$289,$-242,$-242,$-112,$-234,$-299,$4,$20,$-112
32,2010-09-30,28.66,$2.93,9.78,$48.68,0.59,$-1.70,0.0,$2.28,12.57,$2.88B,$2.43B,1.19,$2.77B,$0.47B,5.94,$7.91B,$1.21B,15.32%,$7.91B,$0.74B,9.32%,$7.91B,$0.74B,9.32%,$7.91B,$0.92B,11.59%,$7.91B,$0.56B,7.03%,$7.91B,$0.36B,4.55%,$0.36B,$0.47B,81.86%,$0.36B,$-1.53B,-23.43%,$0.36B,$7.15B,5.30%,$0.74B,$3.24B,22.85%,$2205,$1828,$377,$0,$82,$1942,$263,$-55,$208,$47,$161,$161,$126,$303,$263,$159,162,$0.79,$0.78,$415,$1068,$122,$2879,$1524,$0,$1998,$745,$4267,$7146,$2429,$2774,$465,$4250,$6679,$929,$185,$-2193,$467,$7146,$372,$128,$80,$208,$-564,$-120,$0,$95,$-541,$39,$-167,$0,$0,$0,$0,$0,$3,$-164,$4,$448,$452,$-99,$-99,$-77,$-190,$86,$-44,$17,$-77
33,2010-06-30,25.04,$2.95,8.49,$49.12,0.51,$-0.45,0.0,$2.11,11.87,$2.71B,$2.09B,1.29,$2.71B,$0.48B,5.66,$7.99B,$1.20B,15.03%,$7.99B,$0.70B,8.82%,$7.99B,$0.70B,8.82%,$7.99B,$0.89B,11.18%,$7.99B,$0.49B,6.16%,$7.99B,$0.34B,4.28%,$0.34B,$0.48B,75.21%,$0.34B,$-1.41B,-22.25%,$0.34B,$6.70B,5.03%,$0.70B,$3.19B,21.11%,$2010,$1675,$335,$0,$95,$1772,$238,$-37,$201,$57,$144,$144,$112,$282,$238,$161,163,$0.70,$0.69,$1507,$1076,$122,$2705,$1418,$0,$1884,$694,$3996,$6701,$2091,$2707,$425,$4132,$6223,$929,$59,$-2311,$478,$6701,$211,$88,$61,$149,$-466,$-188,$0,$34,$-554,$-194,$-88,$0,$0,$0,$0,$0,$3,$-85,$-379,$679,$300,$-1,$-1,$-49,$6,$256,$-47,$15,$-49
34,2010-03-31,26.96,$2.66,10.13,$49.52,0.54,$-0.19,0.0,$2.07,13.02,$2.65B,$1.96B,1.35,$2.93B,$0.43B,6.79,$8.03B,$1.20B,14.92%,$8.03B,$0.71B,8.82%,$8.03B,$0.71B,8.82%,$8.03B,$0.85B,10.62%,$8.03B,$0.47B,5.89%,$8.03B,$0.34B,4.17%,$0.34B,$0.43B,78.59%,$0.34B,$-1.54B,-20.90%,$0.34B,$6.79B,4.80%,$0.71B,$3.36B,20.00%,$1777,$1527,$250,$0,$79,$1628,$149,$-43,$106,$39,$67,$67,$41,$193,$149,$161,163,$0.26,$0.25,$399,$1076,$128,$2647,$1453,$0,$1974,$716,$4143,$6790,$1961,$2925,$448,$4398,$6359,$929,$-53,$-2259,$431,$6790,$67,$44,$42,$86,$-366,$-140,$0,$69,$-569,$-416,$-32,$0,$0,$0,$0,$0,$11,$-21,$-13,$409,$396,$-3,$-3,$-15,$8,$386,$-60,$7,$-15
35,2009-12-31,25.58,$2.37,10.79,$49.06,0.52,$0.11,228.39,$2.07,12.36,$2.24B,$1.93B,1.17,$2.74B,$0.38B,7.15,$7.94B,$1.19B,15.03%,$7.94B,$0.71B,8.99%,$7.94B,$0.71B,8.99%,$7.94B,$0.82B,10.27%,$7.94B,$0.46B,5.78%,$7.94B,$0.33B,4.21%,$0.33B,$0.38B,98.67%,$0.33B,$-1.67B,-19.97%,$0.33B,$6.53B,4.83%,$0.71B,$3.12B,20.11%,$1917,$1667,$250,$0,$107,$1830,$87,$-46,$41,$-64,$105,$107,$81,$139,$87,$159,162,$0.51,$0.49,$459,$960,$0,$2242,$1509,$0,$2050,$731,$4290,$6532,$1925,$2739,$448,$4224,$6149,$929,$-94,$-2255,$383,$6532,$450,$194,$30,$224,$42,$50,$0,$77,$82,$756,$-178,$0,$-22,$0,$0,$0,$0,$-200,$-644,$82,$-562,$19,$19,$-87,$-71,$-701,$-137,$18,$-87
36,2009-09-30,27.2,$3.28,8.29,$48.75,0.56,$-1.84,0.0,$1.48,18.38,$2.67B,$2.01B,1.33,$3.15B,$0.53B,5.97,$7.90B,$1.17B,14.80%,$7.90B,$0.72B,9.17%,$7.90B,$0.72B,9.17%,$7.90B,$0.77B,9.79%,$7.90B,$0.43B,5.41%,$7.90B,$0.24B,3.03%,$0.24B,$0.53B,94.94%,$0.24B,$-1.53B,-13.77%,$0.24B,$7.18B,3.42%,$0.72B,$3.68B,20.16%,$2282,$1917,$365,$0,$95,$2052,$230,$-86,$144,$3,$141,$141,$108,$279,$230,$159,162,$0.68,$0.67,$438,$1077,$104,$2673,$1496,$0,$2060,$949,$4505,$7178,$2006,$3148,$566,$4645,$6651,$929,$-175,$-2017,$527,$7178,$343,$142,$133,$275,$-285,$-63,$0,$2,$-438,$180,$-106,$0,$0,$0,$0,$0,$-4,$-110,$-178,$7,$-171,$5,$5,$-53,$-17,$-236,$-158,$14,$-53
37,2009-06-30,24.14,$2.27,10.62,$49.16,0.49,$-3.83,0.0,$1.51,15.99,$2.97B,$1.94B,1.53,$3.65B,$0.36B,10.02,$7.99B,$1.18B,14.77%,$7.99B,$0.76B,9.57%,$7.99B,$0.76B,9.57%,$7.99B,$0.76B,9.57%,$7.99B,$0.47B,5.92%,$7.99B,$0.25B,3.07%,$0.25B,$0.36B,140.20%,$0.25B,$-1.67B,-13.46%,$0.25B,$7.39B,3.51%,$0.76B,$4.01B,21.29%,$2055,$1722,$333,$0,$90,$1813,$242,$-60,$182,$44,$138,$139,$105,$242,$242,$159,162,$0.66,$0.65,$706,$1209,$115,$2969,$1490,$0,$2031,$900,$4421,$7390,$1939,$3646,$538,$5087,$7026,$929,$-283,$-2054,$364,$7390,$202,$93,$41,$134,$-195,$-214,$0,$18,$-499,$-163,$-74,$0,$0,$0,$0,$0,$-4,$-78,$390,$-15,$375,$0,$0,$-27,$-4,$344,$110,$9,$-27
38,2009-03-31,22.73,$0.50,45.45,$49.91,0.46,$-4.93,0.0,$1.47,15.46,$2.41B,$1.78B,1.35,$3.32B,$0.08B,41.48,$8.13B,$1.20B,14.73%,$8.13B,$0.77B,9.44%,$8.13B,$0.77B,9.44%,$8.13B,$0.77B,9.44%,$8.13B,$0.46B,5.66%,$8.13B,$0.24B,2.94%,$0.24B,$0.08B,177.70%,$0.24B,$-1.82B,-12.45%,$0.24B,$6.58B,3.39%,$0.77B,$3.40B,21.54%,$1684,$1439,$245,$0,$89,$1529,$155,$-63,$92,$24,$68,$63,$40,$155,$155,$158,161,$0.25,$0.25,$296,$1154,$146,$2410,$1421,$0,$1904,$845,$4170,$6580,$1784,$3318,$508,$4716,$6500,$929,$-388,$-2196,$80,$6580,$0,$0,$0,$0,$0,$0,$0,$0,$0,$-345,$-50,$0,$0,$0,$0,$0,$0,$-50,$-2,$114,$112,$0,$0,$-17,$19,$114,$-300,$0,$-17
39,2008-12-31,19.2,$0.23,84.92,$50.91,0.38,$-5.41,0.0,$1.39,13.81,$2.46B,$2.07B,1.19,$3.25B,$0.04B,90.19,$8.31B,$1.20B,14.50%,$8.31B,$0.76B,9.18%,$8.31B,$0.76B,9.18%,$8.31B,$0.76B,9.18%,$8.31B,$0.44B,5.32%,$8.31B,$0.23B,2.72%,$0.23B,$0.04B,171.86%,$0.23B,$-1.92B,-11.23%,$0.23B,$6.77B,3.11%,$0.76B,$3.28B,20.83%,$1877,$1651,$226,$0,$87,$1780,$97,$-88,$9,$-1,$10,$9,$-14,$97,$97,$160,163,$-0.08,$-0.09,$596,$979,$0,$2457,$1473,$0,$1956,$888,$4317,$6774,$2072,$3247,$526,$4666,$6738,$929,$-428,$-2195,$36,$6774,$330,$216,$8,$224,$-110,$-23,$0,$-37,$-132,$422,$-159,$0,$0,$0,$0,$0,$-27,$-186,$-67,$15,$-52,$-25,$-25,$-65,$65,$-77,$139,$16,$-65
40,2008-09-30,22.21,$1.36,16.34,$50.69,0.44,$-4.49,0.0,$3.59,6.19,$2.63B,$1.99B,1.32,$3.45B,$0.22B,15.73,$8.30B,$1.20B,14.40%,$8.30B,$0.75B,9.00%,$8.30B,$0.75B,9.00%,$8.30B,$0.75B,9.00%,$8.30B,$0.32B,3.81%,$8.30B,$0.57B,6.82%,$0.57B,$0.22B,448.32%,$0.57B,$-1.87B,-27.23%,$0.57B,$7.15B,7.75%,$0.75B,$3.66B,20.30%,$2369,$1994,$375,$0,$102,$2099,$270,$-80,$190,$45,$145,$143,$114,$270,$270,$160,163,$0.71,$0.70,$332,$1112,$114,$2625,$1506,$0,$2089,$934,$4529,$7154,$1988,$3445,$566,$4947,$6935,$929,$-414,$-1702,$219,$7154,$0,$0,$0,$0,$0,$0,$0,$0,$0,$-146,$-104,$0,$0,$0,$0,$0,$-24,$-128,$-67,$212,$145,$7,$7,$-43,$40,$149,$-125,$0,$-43
41,2008-06-30,25.99,$1.26,20.61,$49.23,0.53,$-3.39,0.0,$3.45,7.53,$2.84B,$2.20B,1.29,$3.69B,$0.20B,18.19,$8.08B,$1.13B,14.00%,$8.08B,$0.68B,8.45%,$8.08B,$0.68B,8.45%,$8.08B,$0.68B,8.45%,$8.08B,$0.26B,3.27%,$8.08B,$0.55B,6.74%,$0.55B,$0.20B,-2180.00%,$0.55B,$-2.06B,-23.86%,$0.55B,$7.70B,7.51%,$0.68B,$3.90B,19.08%,$2196,$1845,$351,$0,$105,$1951,$245,$-76,$169,$42,$127,$130,$99,$245,$245,$160,163,$0.62,$0.61,$311,$1325,$116,$2837,$1612,$0,$2266,$983,$4861,$7698,$2197,$3692,$633,$5298,$7495,$929,$-528,$-1597,$203,$7698,$0,$0,$0,$0,$0,$0,$0,$0,$0,$-354,$-65,$0,$0,$0,$0,$0,$-21,$-86,$-59,$328,$269,$4,$4,$-27,$29,$275,$-146,$0,$-27
42,2008-03-31,25.16,$0.42,59.4,$47.68,0.53,$-2.19,0.0,$3.37,7.47,$2.55B,$2.00B,1.28,$3.73B,$0.07B,54.79,$7.88B,$1.07B,13.55%,$7.88B,$0.63B,7.95%,$7.88B,$0.63B,7.95%,$7.88B,$0.63B,7.95%,$7.88B,$0.23B,2.88%,$7.88B,$0.54B,6.82%,$0.54B,$0.07B,-310.85%,$0.54B,$-2.20B,-22.15%,$0.54B,$7.40B,7.64%,$0.63B,$3.79B,18.41%,$1863,$1611,$252,$0,$102,$1713,$150,$-76,$74,$26,$48,$48,$27,$150,$150,$159,163,$0.17,$0.17,$282,$1220,$115,$2554,$1621,$0,$2264,$961,$4846,$7400,$2002,$3726,$631,$5330,$7332,$929,$-627,$-1623,$68,$7400,$0,$0,$0,$0,$0,$0,$0,$0,$0,$-443,$-33,$0,$0,$0,$0,$0,$-7,$-40,$-55,$338,$283,$-1,$-1,$-8,$18,$292,$-175,$0,$-8
43,2007-12-31,25.65,$0.09,273.16,$46.52,0.55,$-0.93,0.0,$3.30,7.77,$2.23B,$2.08B,1.07,$3.35B,$0.02B,223.6,$7.73B,$1.03B,13.33%,$7.73B,$0.60B,7.71%,$7.73B,$0.60B,7.71%,$7.73B,$0.60B,7.71%,$7.73B,$0.20B,2.60%,$7.73B,$0.53B,6.83%,$0.53B,$0.02B,-166.04%,$0.53B,$-2.18B,-20.68%,$0.53B,$6.98B,7.74%,$0.60B,$3.37B,18.52%,$1871,$1654,$217,$0,$100,$1789,$82,$-199,$-117,$-462,$345,$399,$326,$82,$82,$161,166,$2.02,$1.98,$457,$1030,$0,$2234,$1604,$0,$2199,$942,$4745,$6979,$2083,$3354,$579,$4881,$6964,$929,$-654,$-1646,$15,$6979,$601,$229,$-407,$-178,$68,$-19,$0,$-24,$86,$509,$-90,$0,$7,$0,$0,$0,$-11,$-94,$-7,$-217,$-224,$-104,$-104,$-38,$-30,$-396,$50,$14,$-38
44,2007-09-30,22.76,$-2.42,-9.42,$45.08,0.5,$-2.02,0.0,$2.19,10.39,$2.53B,$2.09B,1.21,$3.64B,$-0.39B,-9.44,$7.53B,$1.01B,13.46%,$7.53B,$0.62B,8.23%,$7.53B,$0.62B,8.23%,$7.53B,$0.62B,8.23%,$7.53B,$0.40B,5.28%,$7.53B,$0.37B,4.86%,$0.37B,$-0.39B,-82.20%,$0.37B,$-2.69B,-13.67%,$0.37B,$6.95B,5.48%,$0.62B,$3.26B,19.95%,$2153,$1841,$312,$0,$97,$1947,$206,$-68,$138,$22,$116,$93,$93,$206,$206,$161,165,$0.58,$0.56,$348,$1021,$75,$2528,$1586,$0,$2307,$528,$4421,$6949,$2088,$3644,$563,$5247,$7335,$929,$-1037,$-1659,$-386,$6949,$0,$0,$0,$0,$0,$0,$0,$0,$0,$-29,$-42,$0,$0,$0,$0,$0,$-7,$-49,$-3,$125,$122,$-106,$-106,$-17,$0,$-1,$-59,$0,$-17
45,2007-06-30,24.97,$-2.36,-10.57,$43.83,0.57,$-2.28,0.0,$2.13,11.72,$2.47B,$2.05B,1.21,$3.57B,$-0.39B,-9.19,$7.38B,$0.96B,13.04%,$7.38B,$0.60B,8.09%,$7.38B,$0.60B,8.09%,$7.38B,$0.60B,8.09%,$7.38B,$0.37B,5.07%,$7.38B,$0.36B,4.85%,$0.36B,$-0.39B,-95.34%,$0.36B,$-2.62B,-13.97%,$0.36B,$6.79B,5.30%,$0.60B,$3.18B,19.06%,$1990,$1704,$286,$0,$93,$1802,$188,$-56,$132,$22,$110,$91,$91,$188,$188,$163,167,$0.56,$0.54,$304,$1106,$70,$2473,$1580,$0,$2236,$504,$4320,$6793,$2045,$3567,$544,$5136,$7181,$929,$-1129,$-1679,$-388,$6793,$0,$0,$0,$0,$0,$0,$0,$0,$0,$-210,$-18,$0,$0,$0,$0,$0,$-4,$-22,$-10,$134,$124,$9,$9,$-14,$0,$119,$-103,$0,$-14
46,2007-03-31,24.46,$-3.14,-7.8,$42.35,0.58,$-2.14,0.0,$1.89,12.94,$2.27B,$1.96B,1.16,$3.58B,$-0.51B,-6.98,$7.17B,$0.92B,12.84%,$7.17B,$0.58B,8.02%,$7.17B,$0.58B,8.02%,$7.17B,$0.58B,8.02%,$7.17B,$0.35B,4.88%,$7.17B,$0.32B,4.42%,$0.32B,$-0.51B,-102.42%,$0.32B,$-2.71B,-12.84%,$0.32B,$6.58B,4.61%,$0.58B,$3.07B,18.09%,$1713,$1498,$215,$0,$95,$1593,$120,$-72,$48,$18,$30,$18,$18,$120,$120,$162,167,$0.11,$0.11,$278,$1060,$68,$2267,$1594,$0,$2200,$521,$4315,$6582,$1957,$3578,$532,$5138,$7095,$929,$-1217,$-1707,$-513,$6582,$0,$0,$0,$0,$0,$0,$0,$0,$0,$-234,$-44,$0,$0,$0,$0,$0,$-2,$-46,$-4,$151,$147,$3,$3,$-4,$0,$146,$-129,$0,$-4
47,2006-12-31,20.92,$-3.04,-6.89,$40.95,0.51,$-1.82,0.0,$1.83,11.43,$2.11B,$1.96B,1.08,$3.42B,$-0.49B,-6.92,$6.98B,$0.89B,12.78%,$6.98B,$0.55B,7.89%,$6.98B,$0.55B,7.89%,$6.98B,$0.55B,7.89%,$6.98B,$0.34B,4.80%,$6.98B,$0.31B,4.43%,$0.31B,$-0.49B,-131.77%,$0.31B,$-2.68B,-13.13%,$0.31B,$6.41B,4.44%,$0.55B,$2.93B,17.14%,$1676,$1475,$201,$0,$84,$1570,$106,$-26,$80,$-104,$184,$170,$164,$106,$106,$166,170,$1.00,$0.97,$407,$957,$0,$2113,$1608,$0,$2185,$503,$4296,$6409,$1956,$3420,$499,$4947,$6903,$929,$-1166,$-1731,$-494,$6409,$309,$230,$-161,$69,$39,$-66,$0,$-15,$-23,$355,$-110,$0,$7,$0,$0,$0,$-8,$-111,$89,$-81,$8,$-117,$-117,$-29,$-20,$-158,$113,$11,$-29
