,Date,Stock Price,Book Value per Share,Price to Book Ratio,TTM Sales per Share,Price to Sales Ratio,TTM FCF per Share,Price to FCF Ratio,TTM Net EPS,PE Ratio,Current Assets,Current Liabilities,Current Ratio,Long Term Debt,Shareholder's Equity_x,Debt to Equity Ratio,TTM Revenue_x,TTM Gross Profit,Gross Margin,TTM Revenue_y,TTM Operating Income,Operating Margin,TTM Revenue_x,TTM EBIT,EBIT Margin,TTM Revenue_y,TTM EBITDA,EBITDA Margin,TTM Revenue_x,TTM Pre-Tax Income,Pre-Tax Margin,TTM Revenue_y,TTM Net Income_x,Net Margin,TTM Net Income_y,Shareholder's Equity_y,Return on Equity,TTM Net Income_x,Tangible Equity,Return on Tangible Equity,TTM Net Income_y,Total Assets,Return on Assets,TTM Net Income,LT Investments & Debt,Return on Investment,revenue,cost-goods-sold,gross-profit,research-development-expenses,selling-general-administrative-expenses,operating-expenses,operating-income,total-non-operating-income-expense,pre-tax-income,total-provision-income-taxes,income-after-taxes,income-from-continuous-operations,net-income,ebitda,ebit,basic-shares-outstanding,shares-outstanding,eps-basic-net-earnings-per-share,eps-earnings-per-share-diluted,cash-on-hand,inventory,other-current-assets,total-current-assets,net-property-plant-equipment,long-term-investments,goodwill-intangible-assets-total,other-long-term-assets,total-long-term-assets,total-assets,total-current-liabilities,long-term-debt,other-non-current-liabilities,total-long-term-liabilities,total-liabilities,common-stock-net,retained-earnings-accumulated-deficit,comprehensive-income,total-share-holder-equity,total-liabilities-share-holders-equity,net-income-loss,total-depreciation-amortization-cash-flow,other-non-cash-items,total-non-cash-items,change-in-accounts-receivable,change-in-inventories,change-in-accounts-payable,change-in-assets-liabilities,total-change-in-assets-liabilities,cash-flow-from-operating-activities,net-change-in-property-plant-equipment,net-change-in-intangible-assets,net-acquisitions-divestitures,net-change-in-short-term-investments,net-change-in-long-term-investments,net-change-in-investments-total,investing-activities-other,cash-flow-from-investing-activities,net-long-term-debt,net-current-debt,debt-issuance-retirement-net-total,net-common-equity-issued-repurchased,net-total-equity-issued-repurchased,total-common-preferred-stock-dividends-paid,financial-activities-other,cash-flow-from-financial-activities,net-cash-flow,stock-based-compensation,common-stock-dividends-paid
0,2018-09-30,5.15,$1.61,3.21,$9.77,0.53,$-3.02,0.0,$-0.92,0.0,$0.18B,$0.10B,1.79,$0.63B,$0.07B,9.11,$0.38B,$0.12B,31.85%,$0.38B,$-0.04B,-9.92%,$0.38B,$0.01B,3.13%,$0.38B,$0.09B,22.19%,$0.38B,$-0.04B,-10.70%,$0.38B,$-0.04B,-11.23%,$-0.04B,$0.07B,-53.92%,$-0.04B,$0.04B,-91.01%,$-0.04B,$0.84B,-5.24%,$-0.04B,$0.70B,-5.57%,$115,$81,$35,$0,$11,$123,$-7,$-1,$-8,$-0,$-8,$-8,$-8,$25,$6,$42,42,$-0.18,$-0.18,$26,$75,$0,$177,$633,$0,$32,$3,$667,$844,$99,$632,$0,$676,$775,$84,$0,$-15,$69,$844,$-33,$54,$11,$65,$-25,$-33,$0,$-3,$-25,$7,$-78,$0,$0,$0,$0,$0,$-0,$-78,$122,$0,$122,$0,$0,$0,$-32,$90,$19,$0,$0
1,2018-06-30,5.4,$1.78,3.04,$9.07,0.6,$-1.02,0.0,$-1.14,0.0,$0.19B,$0.08B,2.31,$0.63B,$0.07B,8.65,$0.34B,$0.11B,33.24%,$0.34B,$-0.04B,-11.47%,$0.34B,$0.01B,2.65%,$0.34B,$0.08B,23.82%,$0.34B,$-0.04B,-11.76%,$0.34B,$-0.04B,-12.65%,$-0.04B,$0.07B,-48.73%,$-0.04B,$0.04B,-78.54%,$-0.04B,$0.84B,-5.40%,$-0.04B,$0.71B,-5.91%,$100,$68,$32,$0,$11,$109,$-9,$1,$-9,$1,$-10,$-10,$-10,$22,$4,$40,40,$-0.23,$-0.23,$56,$65,$0,$185,$620,$0,$32,$2,$654,$840,$80,$632,$0,$686,$766,$87,$0,$-15,$73,$840,$-25,$36,$9,$45,$-13,$-24,$0,$-2,$-24,$-4,$-47,$0,$0,$0,$0,$0,$0,$-47,$122,$0,$122,$0,$0,$0,$-23,$99,$48,$-0,$0
2,2018-03-31,6.86,$2.09,3.29,$8.26,0.83,$0.25,27.19,$-1.12,0.0,$0.21B,$0.08B,2.78,$0.63B,$0.08B,7.69,$0.32B,$0.11B,33.65%,$0.32B,$-0.04B,-13.02%,$0.32B,$0.00B,1.27%,$0.32B,$0.08B,24.13%,$0.32B,$-0.04B,-11.75%,$0.32B,$-0.04B,-12.38%,$-0.04B,$0.08B,-39.20%,$-0.04B,$0.05B,-59.77%,$-0.04B,$0.85B,-5.03%,$-0.04B,$0.72B,-6.41%,$85,$58,$27,$0,$8,$98,$-13,$-2,$-14,$1,$-16,$-16,$-15,$17,$-1,$39,39,$-0.40,$-0.40,$99,$53,$0,$211,$610,$0,$33,$0,$643,$854,$76,$632,$0,$696,$772,$93,$0,$-12,$82,$854,$-16,$18,$7,$25,$-5,$-13,$0,$-2,$-10,$-0,$-17,$0,$0,$0,$0,$0,$-0,$-17,$122,$0,$122,$0,$0,$0,$-13,$109,$91,$-1,$0
3,2017-12-31,5.02,$2.53,1.99,$8.01,0.63,$0.54,9.28,$-1.18,0.0,$0.10B,$0.06B,1.6,$0.51B,$0.10B,5.39,$0.30B,$0.10B,34.46%,$0.30B,$-0.04B,-13.85%,$0.30B,$0.00B,0.68%,$0.30B,$0.07B,25.00%,$0.30B,$-0.04B,-12.84%,$0.30B,$-0.04B,-13.18%,$-0.04B,$0.10B,-35.78%,$-0.04B,$0.06B,-52.70%,$-0.04B,$0.74B,-5.19%,$-0.04B,$0.61B,-6.63%,$83,$55,$28,$0,$8,$92,$-9,$-2,$-10,$1,$-11,$-11,$-10,$21,$3,$35,35,$-0.27,$-0.24,$8,$42,$0,$102,$606,$0,$34,$0,$641,$743,$64,$512,$0,$584,$648,$105,$0,$-11,$95,$743,$-40,$72,$6,$78,$-3,$-11,$0,$-1,$1,$39,$-25,$0,$0,$0,$0,$0,$2,$-23,$6,$0,$6,$0,$-0,$0,$-35,$-29,$-13,$1,$0
4,2017-09-30,4.6,$2.90,1.59,$8.13,0.57,$1.67,2.76,$-1.25,0.0,$0.10B,$0.06B,1.75,$0.51B,$0.10B,4.92,$0.30B,$0.10B,33.11%,$0.30B,$-0.05B,-15.54%,$0.30B,$-0.00B,-1.35%,$0.30B,$0.07B,22.64%,$0.30B,$-0.04B,-13.51%,$0.30B,$-0.04B,-13.51%,$-0.04B,$0.10B,-33.06%,$-0.04B,$0.07B,-46.92%,$-0.04B,$0.75B,-5.24%,$-0.05B,$0.61B,-7.32%,$72,$46,$26,$0,$9,$80,$-8,$1,$-7,$1,$-8,$-8,$-8,$21,$3,$35,35,$-0.22,$-0.22,$7,$44,$0,$100,$612,$0,$35,$0,$646,$746,$57,$507,$0,$586,$643,$112,$0,$-11,$103,$746,$-30,$54,$3,$57,$1,$-13,$0,$-1,$-2,$25,$-14,$0,$0,$0,$0,$0,$2,$-11,$1,$0,$1,$0,$-0,$0,$-28,$-26,$-13,$2,$0
5,2017-06-30,4.13,$3.34,1.24,$8.24,0.5,$2.50,1.65,$-1.50,0.0,$0.10B,$0.05B,1.86,$0.51B,$0.12B,4.32,$0.30B,$0.10B,34.58%,$0.30B,$-0.05B,-15.93%,$0.30B,$-0.01B,-2.03%,$0.30B,$0.07B,22.37%,$0.30B,$-0.05B,-16.61%,$0.30B,$-0.05B,-16.27%,$-0.05B,$0.12B,-34.97%,$-0.05B,$0.08B,-47.64%,$-0.05B,$0.76B,-6.18%,$-0.05B,$0.63B,-7.32%,$75,$51,$25,$0,$8,$87,$-11,$6,$-6,$1,$-6,$-6,$-6,$17,$-1,$34,45,$-0.18,$-0.21,$5,$40,$0,$95,$627,$0,$35,$0,$662,$757,$51,$510,$0,$588,$639,$126,$0,$-11,$118,$757,$-22,$36,$4,$40,$-0,$-9,$0,$-1,$-6,$11,$-11,$0,$0,$0,$0,$0,$0,$-11,$5,$0,$5,$0,$-0,$0,$-21,$-16,$-16,$2,$0
6,2017-03-31,8.16,$3.57,2.29,$8.87,0.92,$3.46,2.36,$-1.43,0.0,$0.09B,$0.04B,2.05,$0.51B,$0.12B,4.22,$0.30B,$0.11B,36.82%,$0.30B,$-0.04B,-13.51%,$0.30B,0,0.00%,$0.30B,$0.07B,24.66%,$0.30B,$-0.05B,-15.88%,$0.30B,$-0.05B,-15.88%,$-0.05B,$0.12B,-29.94%,$-0.05B,$0.08B,-39.33%,$-0.05B,$0.76B,-5.92%,$-0.04B,$0.63B,-5.91%,$66,$42,$23,$0,$9,$78,$-13,$-2,$-15,$1,$-16,$-16,$-15,$15,$-3,$33,33,$-0.46,$-0.46,$5,$41,$0,$90,$636,$0,$36,$0,$672,$762,$44,$508,$0,$598,$642,$128,$0,$-10,$120,$762,$-16,$18,$6,$24,$7,$-9,$0,$0,$-6,$2,$-7,$0,$0,$0,$0,$0,$0,$-7,$3,$0,$3,$0,$0,$0,$-13,$-10,$-15,$1,$0
7,2016-12-31,7.85,$4.31,1.82,$9.37,0.84,$4.04,1.94,$-4.08,0.0,$0.10B,$0.05B,2.04,$0.50B,$0.14B,3.52,$0.31B,$0.12B,38.14%,$0.31B,$-0.13B,-42.31%,$0.31B,$-0.09B,-29.81%,$0.31B,$0.07B,23.72%,$0.31B,$-0.14B,-43.91%,$0.31B,$-0.14B,-43.27%,$-0.14B,$0.14B,-74.79%,$-0.14B,$0.11B,-95.07%,$-0.14B,$0.79B,-16.64%,$-0.13B,$0.65B,-18.48%,$83,$59,$24,$0,$9,$97,$-14,$2,$-12,$0,$-12,$-12,$-11,$14,$-3,$33,33,$-0.35,$-0.35,$21,$31,$0,$102,$647,$0,$37,$0,$684,$786,$50,$504,$0,$593,$643,$151,$0,$-10,$143,$786,$-138,$167,$26,$193,$11,$11,$0,$2,$7,$61,$-11,$0,$0,$0,$0,$0,$-0,$-11,$-64,$0,$-64,$0,$77,$0,$-53,$-40,$10,$3,$0
8,2016-09-30,8.26,$5.06,1.63,$9.88,0.84,$2.71,3.05,$-8.19,0.0,$0.10B,$0.05B,2.1,$0.50B,$0.17B,2.94,$0.33B,$0.14B,41.16%,$0.33B,$-0.27B,-82.62%,$0.33B,$-0.23B,-71.34%,$0.33B,$0.08B,23.48%,$0.33B,$-0.28B,-84.76%,$0.33B,$-0.27B,-83.23%,$-0.27B,$0.17B,-119.87%,$-0.27B,$0.13B,-167.23%,$-0.27B,$0.80B,-31.87%,$-0.27B,$0.66B,-34.87%,$71,$41,$30,$0,$9,$79,$-9,$-7,$-16,$0,$-16,$-16,$-16,$20,$1,$33,33,$-0.47,$-0.47,$13,$46,$1,$101,$662,$0,$38,$0,$700,$802,$48,$496,$0,$585,$633,$175,$0,$-10,$168,$802,$-126,$149,$23,$173,$20,$-4,$0,$2,$-1,$46,$-8,$0,$0,$0,$0,$0,$0,$-8,$-73,$0,$-73,$0,$77,$0,$-39,$-35,$3,$2,$0
9,2016-06-30,6.1,$5.93,1.03,$11.63,0.52,$1.19,5.1,$-7.68,0.0,$0.11B,$0.06B,1.96,$0.57B,$0.20B,2.89,$0.39B,$0.15B,38.34%,$0.39B,$-0.26B,-67.36%,$0.39B,$-0.22B,-58.03%,$0.39B,$0.09B,23.06%,$0.39B,$-0.26B,-67.36%,$0.39B,$-0.26B,-66.32%,$-0.26B,$0.20B,-82.12%,$-0.26B,$0.16B,-139.13%,$-0.26B,$0.82B,-27.00%,$-0.26B,$0.77B,-29.40%,$76,$44,$32,$0,$8,$80,$-4,$0,$-4,$1,$-5,$-5,$-5,$24,$5,$33,33,$-0.14,$-0.14,$17,$45,$1,$109,$675,$0,$39,$0,$714,$823,$55,$569,$0,$570,$626,$202,$0,$-9,$197,$823,$-110,$131,$12,$142,$16,$-2,$0,$1,$3,$36,$-4,$0,$0,$0,$0,$0,$0,$-4,$1,$0,$1,$0,$0,$0,$-26,$-25,$6,$1,$0
10,2016-03-31,4.13,$6.44,0.64,$13.16,0.31,$0.09,45.56,$-7.52,0.0,$0.11B,$0.05B,2.0,$0.57B,$0.21B,2.65,$0.44B,$0.16B,36.24%,$0.44B,$-0.26B,-58.49%,$0.44B,$-0.22B,-50.23%,$0.44B,$0.10B,22.02%,$0.44B,$-0.26B,-58.49%,$0.44B,$-0.25B,-57.34%,$-0.25B,$0.21B,-63.73%,$-0.25B,$0.17B,-124.22%,$-0.25B,$0.83B,-23.85%,$-0.26B,$0.78B,-26.37%,$82,$48,$33,$0,$10,$186,$-105,$0,$-105,$1,$-105,$-105,$-103,$16,$-96,$33,33,$-3.11,$-3.11,$10,$43,$1,$105,$689,$0,$40,$0,$729,$834,$53,$566,$0,$568,$620,$219,$0,$-9,$214,$834,$-105,$111,$9,$120,$14,$1,$0,$-0,$0,$15,$-1,$0,$0,$0,$0,$0,$0,$-1,$-1,$0,$-1,$0,$0,$0,$-13,$-14,$-0,$1,$0
11,2015-12-31,7.72,$10.01,0.77,$13.80,0.56,$-0.46,0.0,$-4.37,0.0,$0.13B,$0.07B,1.89,$0.57B,$0.33B,1.71,$0.46B,$0.17B,36.76%,$0.46B,$-0.15B,-32.39%,$0.46B,$-0.11B,-24.51%,$0.46B,$0.11B,24.51%,$0.46B,$-0.15B,-32.39%,$0.46B,$-0.15B,-31.95%,$-0.15B,$0.33B,-30.88%,$-0.15B,$0.19B,-66.90%,$-0.15B,$0.97B,-12.72%,$-0.15B,$0.90B,-14.17%,$99,$60,$40,$0,$11,$252,$-153,$0,$-153,$-1,$-151,$-151,$-149,$17,$-144,$33,33,$-4.46,$-4.46,$11,$50,$1,$126,$699,$0,$141,$0,$840,$967,$67,$567,$0,$568,$634,$334,$0,$-8,$332,$967,$-147,$224,$14,$239,$20,$65,$0,$-3,$10,$102,$-95,$0,$0,$0,$0,$0,$-0,$-95,$40,$0,$40,$0,$0,$0,$-68,$-28,$-23,$2,$0
12,2015-09-30,8.18,$15.17,0.54,$17.40,0.47,$-0.84,0.0,$0.22,37.19,$0.16B,$0.07B,2.13,$0.59B,$0.50B,1.17,$0.48B,$0.17B,36.02%,$0.48B,$0.01B,1.66%,$0.48B,$0.04B,9.11%,$0.48B,$0.13B,26.29%,$0.48B,$0.01B,1.66%,$0.48B,$0.01B,1.45%,$0.01B,$0.50B,1.33%,$0.01B,$0.21B,2.99%,$0.01B,$1.17B,0.58%,$0.01B,$1.09B,0.73%,$129,$86,$43,$0,$10,$127,$2,$0,$2,$0,$2,$2,$1,$32,$11,$33,33,$0.04,$0.04,$18,$72,$0,$155,$706,$0,$290,$0,$1013,$1168,$73,$588,$0,$592,$665,$498,$0,$-5,$504,$1168,$5,$63,$3,$67,$19,$41,$0,$-0,$-8,$64,$-76,$0,$0,$0,$0,$0,$-0,$-76,$48,$0,$48,$0,$0,$0,$-51,$-3,$-16,$2,$0
13,2015-06-30,11.32,$15.64,0.72,$17.56,0.64,$-0.36,0.0,$0.08,141.48,$0.21B,$0.13B,1.67,$0.58B,$0.52B,1.11,$0.45B,$0.16B,36.44%,$0.45B,$0.00B,0.44%,$0.45B,$0.03B,7.56%,$0.45B,$0.11B,24.67%,$0.45B,$0.00B,0.44%,$0.45B,$0.00B,0.89%,$0.00B,$0.52B,0.74%,$0.00B,$0.23B,1.64%,$0.00B,$1.22B,0.33%,$0.00B,$1.10B,0.18%,$126,$85,$42,$0,$11,$125,$1,$0,$1,$0,$1,$1,$1,$31,$10,$33,33,$0.02,$0.02,$33,$114,$0,$208,$706,$0,$292,$0,$1015,$1223,$125,$578,$0,$580,$704,$513,$0,$-5,$519,$1223,$3,$42,$1,$43,$22,$-0,$0,$-1,$6,$52,$-57,$0,$0,$0,$0,$0,$-0,$-57,$38,$0,$38,$0,$0,$0,$-34,$4,$-1,$1,$0
14,2015-03-31,11.9,$16.17,0.74,$17.17,0.69,$0.87,13.76,$0.36,33.06,$0.22B,$0.14B,1.51,$0.55B,$0.54B,1.03,$0.36B,$0.14B,38.48%,$0.36B,$0.01B,1.69%,$0.36B,$0.03B,8.43%,$0.36B,$0.09B,25.00%,$0.36B,$0.01B,1.69%,$0.36B,$0.01B,1.69%,$0.01B,$0.54B,1.33%,$0.01B,$0.24B,2.84%,$0.01B,$1.24B,0.62%,$0.01B,$1.09B,0.70%,$103,$60,$43,$0,$11,$100,$2,$0,$2,$1,$2,$2,$1,$32,$11,$33,33,$0.04,$0.04,$25,$123,$0,$217,$705,$0,$294,$16,$1018,$1235,$143,$553,$0,$555,$698,$528,$0,$-3,$536,$1235,$2,$21,$1,$22,$17,$-10,$0,$-1,$9,$32,$-37,$0,$0,$0,$0,$0,$-0,$-37,$13,$0,$13,$0,$0,$0,$-17,$-4,$-9,$0,$0
15,2014-12-31,7.85,$16.60,0.47,$17.27,0.45,$2.10,3.73,$0.61,12.87,$0.23B,$0.14B,1.65,$0.54B,$0.55B,0.98,$0.28B,$0.11B,38.16%,$0.28B,$0.01B,3.18%,$0.28B,$0.02B,8.48%,$0.28B,$0.07B,23.32%,$0.28B,$0.01B,3.18%,$0.28B,$0.01B,2.83%,$0.01B,$0.55B,2.22%,$0.01B,$0.25B,4.58%,$0.01B,$1.23B,1.11%,$0.01B,$1.09B,1.41%,$125,$79,$46,$0,$13,$121,$3,$0,$3,$-1,$4,$4,$4,$32,$12,$19,19,$-0.03,$-0.02,$34,$113,$0,$232,$686,$0,$298,$0,$1002,$1234,$140,$540,$0,$543,$683,$542,$0,$-3,$550,$1234,$11,$42,$5,$48,$-24,$-31,$0,$-8,$-14,$45,$-48,$0,$-825,$0,$0,$0,$-1,$-874,$509,$0,$509,$396,$396,$0,$-51,$854,$25,$2,$0
16,2014-09-30,14.16,$16.80,0.84,$12.76,1.11,$2.57,5.5,$0.89,15.91,$0.19B,$0.12B,1.63,$0.51B,$0.56B,0.92,$0.19B,$0.08B,40.53%,$0.19B,$0.01B,6.32%,$0.19B,$0.02B,9.47%,$0.19B,$0.04B,23.16%,$0.19B,$0.01B,6.32%,$0.19B,$0.02B,7.89%,$0.02B,$0.56B,5.62%,$0.02B,$0.26B,10.95%,$0.02B,$1.19B,3.22%,$0.01B,$1.07B,2.86%,$96,$62,$33,$0,$10,$100,$-4,$0,$-4,$-1,$-3,$-3,$-2,$16,$1,$24,24,$-0.10,$-0.10,$21,$98,$0,$191,$678,$0,$300,$17,$997,$1188,$117,$510,$0,$514,$631,$549,$0,$-3,$557,$1188,$7,$22,$5,$27,$-13,$-12,$0,$1,$-3,$31,$-29,$0,$-825,$0,$0,$0,$-1,$-855,$479,$0,$479,$392,$392,$0,$-36,$835,$12,$1,$0
17,2014-06-30,15.84,$17.91,0.88,$11.93,1.33,$2.79,5.68,$1.25,12.67,$0.05B,$0.02B,2.89,$0.04B,$0.17B,0.23,$0.12B,$0.06B,46.77%,$0.12B,$0.02B,16.94%,$0.12B,$0.02B,17.74%,$0.12B,$0.04B,29.84%,$0.12B,$0.02B,16.94%,$0.12B,$0.02B,15.32%,$0.02B,$0.17B,11.11%,$0.02B,$0.09B,19.29%,$0.02B,$0.23B,8.40%,$0.02B,$0.20B,10.40%,$32,$17,$15,$0,$5,$27,$5,$0,$5,$1,$5,$5,$3,$9,$6,$9,9,$0.31,$0.30,$11,$16,$0,$49,$101,$0,$72,$3,$178,$227,$17,$38,$0,$43,$60,$166,$0,$-2,$167,$227,$9,$7,$1,$8,$3,$-1,$0,$-0,$3,$21,$-11,$0,$0,$0,$0,$0,$-1,$-12,$7,$0,$7,$0,$0,$0,$-14,$-7,$1,$0,$0
18,2014-03-31,14.28,$18.17,0.79,$11.51,1.24,$1.55,9.19,$1.10,12.98,$0.05B,$0.02B,2.58,$0.03B,$0.17B,0.19,$0.12B,$0.05B,45.00%,$0.12B,$0.02B,15.83%,$0.12B,$0.02B,15.83%,$0.12B,$0.04B,29.17%,$0.12B,$0.02B,15.83%,$0.12B,$0.02B,14.17%,$0.02B,$0.17B,13.15%,$0.02B,$0.10B,22.67%,$0.02B,$0.22B,10.03%,$0.02B,$0.20B,12.58%,$30,$16,$14,$0,$4,$25,$5,$0,$5,$1,$5,$5,$3,$9,$5,$9,9,$0.29,$0.29,$13,$14,$0,$46,$100,$0,$72,$3,$177,$224,$18,$32,$0,$37,$55,$168,$0,$-3,$169,$224,$5,$4,$1,$4,$5,$1,$0,$0,$7,$16,$-6,$0,$0,$0,$0,$0,$-2,$-8,$2,$0,$2,$0,$0,$0,$-7,$-5,$3,$0,$0
19,2013-12-31,11.2,$11.20,1.0,$11.63,0.96,$0.33,33.5,$1.10,10.18,$0.05B,$0.02B,2.9,$0.03B,$0.17B,0.17,$0.12B,$0.05B,43.80%,$0.12B,$0.02B,15.70%,$0.12B,$0.02B,15.70%,$0.12B,$0.04B,28.93%,$0.12B,$0.02B,15.70%,$0.12B,$0.02B,14.05%,$0.02B,$0.17B,12.88%,$0.02B,$0.10B,21.79%,$0.02B,$0.23B,9.99%,$0.02B,$0.20B,12.71%,$32,$17,$15,$0,$4,$26,$6,$0,$6,$-0,$6,$6,$11,$10,$6,$16,16,$0.41,$0.43,$9,$14,$0,$49,$102,$0,$72,$1,$176,$225,$17,$30,$0,$34,$51,$170,$0,$0,$174,$225,$18,$14,$2,$16,$-6,$2,$0,$2,$-5,$29,$-25,$0,$0,$0,$0,$0,$0,$-25,$20,$0,$20,$0,$0,$0,$-28,$-8,$-3,$1,$0
20,2013-09-30,11.41,$18.79,0.61,$11.60,0.98,$0.68,16.68,$1.01,11.3,$0.05B,$0.03B,2.09,$0.02B,$0.17B,0.14,$0.12B,$0.07B,57.85%,$0.12B,$0.05B,37.19%,$0.12B,$0.05B,37.19%,$0.12B,$0.06B,50.41%,$0.12B,$0.05B,37.19%,$0.12B,$0.01B,9.09%,$0.01B,$0.17B,8.21%,$0.01B,$0.10B,13.75%,$0.01B,$0.23B,6.53%,$0.05B,$0.20B,30.72%,$30,$16,$14,$0,$4,$25,$5,$0,$5,$1,$4,$4,$2,$9,$5,$9,9,$0.27,$0.26,$10,$15,$0,$52,$102,$0,$72,$0,$177,$229,$25,$24,$0,$30,$55,$170,$0,$1,$174,$229,$11,$11,$2,$12,$-6,$1,$0,$1,$-1,$23,$-20,$0,$0,$0,$0,$0,$0,$-20,$14,$0,$14,$0,$0,$0,$-20,$-6,$-3,$1,$0
21,2013-06-30,10.18,$0.00,0.0,$11.51,0.88,$1.00,10.23,$1.07,9.52,$0.00B,$0.00B,0.0,$0.00B,$0.00B,0.0,$0.12B,$0.07B,58.33%,$0.12B,$0.05B,38.33%,$0.12B,$0.05B,38.33%,$0.12B,$0.06B,48.33%,$0.12B,$0.05B,38.33%,$0.12B,$0.01B,11.67%,$0.01B,$0.00B,10.28%,$0.01B,$0.00B,17.02%,$0.01B,$0.00B,8.47%,$0.05B,$0.00B,31.94%,$28,$17,$11,$0,$4,$25,$3,$0,$3,$1,$2,$2,$1,$7,$3,$9,9,$0.16,$0.15,$0,$0,$0,$0,$0,$0,$0,$0,$0,$0,$0,$0,$0,$0,$0,$0,$0,$0,$0,$0,$7,$7,$1,$8,$-8,$1,$0,$0,$-1,$13,$-15,$0,$0,$0,$0,$0,$-0,$-15,$11,$0,$11,$0,$0,$0,$-13,$-2,$-3,$1,$0
22,2013-03-31,10.45,$0.00,0.0,$11.22,0.93,$1.15,9.05,$1.15,9.09,$0.06B,$0.03B,2.07,$0.01B,$0.18B,0.08,$0.12B,$0.08B,71.79%,$0.12B,$0.07B,58.12%,$0.12B,$0.07B,58.12%,$0.12B,$0.08B,64.96%,$0.12B,$0.07B,58.12%,$0.12B,$0.02B,14.53%,$0.02B,$0.18B,12.48%,$0.02B,$0.11B,20.67%,$0.02B,$0.23B,10.29%,$0.07B,$0.20B,47.22%,$31,$18,$13,$0,$4,$26,$5,$0,$5,$1,$5,$5,$3,$9,$5,$9,9,$0.29,$0.29,$9,$16,$4,$56,$179,$0,$72,$0,$252,$227,$27,$14,$0,$19,$46,$176,$0,$0,$180,$227,$5,$3,$0,$4,$-8,$-0,$0,$0,$-1,$7,$-8,$0,$0,$0,$0,$0,$0,$-8,$4,$0,$4,$0,$0,$0,$-7,$-2,$-4,$0,$0
23,2012-12-31,8.59,$19.87,0.43,$10.37,0.83,$1.28,6.73,$1.04,8.26,$0.05B,$0.02B,2.49,$0.01B,$0.18B,0.06,$0.11B,$0.09B,86.24%,$0.11B,$0.09B,78.90%,$0.11B,$0.09B,78.90%,$0.11B,$0.09B,82.57%,$0.11B,$0.09B,78.90%,$0.11B,$0.02B,14.68%,$0.02B,$0.18B,17.53%,$0.02B,$0.11B,28.96%,$0.02B,$0.22B,14.75%,$0.09B,$0.19B,90.29%,$32,$0,$32,$0,$0,$0,$32,$0,$32,$0,$32,$5,$5,$36,$32,$16,16,$0.31,$0.31,$13,$16,$0,$51,$94,$0,$72,$0,$167,$218,$21,$10,$0,$15,$36,$178,$0,$1,$182,$218,$16,$13,$4,$13,$-7,$1,$0,$-2,$-3,$31,$-21,$0,$0,$0,$0,$0,$-0,$-21,$10,$0,$10,$0,$0,$0,$-25,$-15,$-5,$2,$0
24,2012-09-30,8.45,$0.00,0.0,$8.32,1.02,$0.63,13.35,$0.73,11.58,$0.05B,$0.02B,2.3,$0.01B,$0.18B,0.03,$0.08B,$0.06B,80.52%,$0.08B,$0.05B,70.13%,$0.08B,$0.05B,70.13%,$0.08B,$0.05B,70.13%,$0.08B,$0.05B,70.13%,$0.08B,$0.01B,14.29%,$0.01B,$0.18B,11.83%,$0.01B,$0.11B,19.38%,$0.01B,$0.22B,10.43%,$0.05B,$0.19B,57.14%,$29,$14,$14,$0,$5,$23,$6,$0,$6,$1,$5,$5,$5,$6,$6,$9,9,$0.32,$0.32,$11,$16,$3,$50,$168,$0,$72,$0,$241,$216,$22,$6,$0,$11,$33,$179,$0,$0,$183,$216,$11,$10,$2,$12,$-9,$1,$0,$-1,$-1,$23,$-17,$0,$0,$0,$0,$0,$-0,$-17,$6,$0,$6,$0,$0,$0,$-18,$-13,$-7,$1,$0
25,2012-06-30,6.06,$0.00,0.0,$7.87,0.77,$0.34,17.92,$0.62,9.78,$0.00B,$0.00B,0.0,$0.00B,$0.00B,0.0,$0.07B,$0.06B,82.19%,$0.07B,$0.05B,71.23%,$0.07B,$0.05B,71.23%,$0.07B,$0.06B,75.34%,$0.07B,$0.05B,71.23%,$0.07B,$0.01B,10.96%,$0.01B,$0.00B,8.42%,$0.01B,$0.00B,13.62%,$0.01B,$0.00B,7.69%,$0.05B,$0.00B,54.74%,$25,$0,$25,$0,$0,$0,$25,$0,$25,$0,$25,$4,$4,$25,$25,$9,9,$0.23,$0.23,$0,$0,$0,$0,$0,$0,$0,$0,$0,$0,$0,$0,$0,$0,$0,$0,$0,$0,$0,$0,$0,$0,$0,$0,$0,$0,$0,$0,$0,$0,$0,$0,$0,$0,$0,$0,$0,$0,$0,$0,$0,$0,$0,$0,$0,$0,$0,$0,$0
26,2012-03-31,8.28,$0.00,0.0,$7.71,1.07,$0.52,15.92,$0.43,19.25,$0.00B,$0.00B,0.0,$0.00B,$0.00B,0.0,$0.07B,$0.05B,64.29%,$0.07B,$0.03B,42.86%,$0.07B,$0.03B,42.86%,$0.07B,$0.03B,47.14%,$0.07B,$0.03B,40.00%,$0.07B,$0.01B,7.14%,$0.01B,$0.00B,3.51%,$0.01B,$0.00B,5.68%,$0.01B,$0.00B,3.23%,$0.03B,$0.00B,21.09%,$23,$0,$23,$0,$0,$0,$23,$0,$23,$0,$23,$2,$2,$23,$23,$9,9,$0.18,$0.18,$0,$0,$0,$0,$0,$0,$0,$0,$0,$0,$0,$0,$0,$0,$0,$0,$0,$0,$0,$0,$0,$0,$0,$0,$0,$0,$0,$0,$0,$0,$0,$0,$0,$0,$0,$0,$0,$0,$0,$0,$0,$0,$0,$0,$0,$0,$0,$0,$0
