,Date,Stock Price,Book Value per Share,Price to Book Ratio,TTM Sales per Share,Price to Sales Ratio,TTM FCF per Share,Price to FCF Ratio,TTM Net EPS,PE Ratio,Current Assets,Current Liabilities,Current Ratio,Long Term Debt,Shareholder's Equity_x,Debt to Equity Ratio,TTM Revenue_x,TTM Gross Profit,Gross Margin,TTM Revenue_y,TTM Operating Income,Operating Margin,TTM Revenue_x,TTM EBIT,EBIT Margin,TTM Revenue_y,TTM EBITDA,EBITDA Margin,TTM Revenue_x,TTM Pre-Tax Income,Pre-Tax Margin,TTM Revenue_y,TTM Net Income_x,Net Margin,TTM Net Income_y,Shareholder's Equity_y,Return on Equity,TTM Net Income_x,Tangible Equity,Return on Tangible Equity,TTM Net Income_y,Total Assets,Return on Assets,TTM Net Income,LT Investments & Debt,Return on Investment,revenue,cost-goods-sold,gross-profit,research-development-expenses,selling-general-administrative-expenses,operating-expenses,operating-income,total-non-operating-income-expense,pre-tax-income,total-provision-income-taxes,income-after-taxes,income-from-continuous-operations,net-income,ebitda,ebit,basic-shares-outstanding,shares-outstanding,eps-basic-net-earnings-per-share,eps-earnings-per-share-diluted,cash-on-hand,inventory,other-current-assets,total-current-assets,net-property-plant-equipment,long-term-investments,goodwill-intangible-assets-total,other-long-term-assets,total-long-term-assets,total-assets,total-current-liabilities,long-term-debt,other-non-current-liabilities,total-long-term-liabilities,total-liabilities,common-stock-net,retained-earnings-accumulated-deficit,comprehensive-income,total-share-holder-equity,total-liabilities-share-holders-equity,net-income-loss,total-depreciation-amortization-cash-flow,other-non-cash-items,total-non-cash-items,change-in-accounts-receivable,change-in-inventories,change-in-accounts-payable,change-in-assets-liabilities,total-change-in-assets-liabilities,cash-flow-from-operating-activities,net-change-in-property-plant-equipment,net-change-in-intangible-assets,net-acquisitions-divestitures,net-change-in-short-term-investments,net-change-in-long-term-investments,net-change-in-investments-total,investing-activities-other,cash-flow-from-investing-activities,net-long-term-debt,net-current-debt,debt-issuance-retirement-net-total,net-common-equity-issued-repurchased,net-total-equity-issued-repurchased,total-common-preferred-stock-dividends-paid,financial-activities-other,cash-flow-from-financial-activities,net-cash-flow,stock-based-compensation,common-stock-dividends-paid
0,2018-09-30,103.17,$26.14,3.95,$22.68,4.55,$12.27,8.41,$4.20,24.56,$0.52B,$0.10B,5.17,$0.00B,$0.67B,0.0,$0.59B,$0.31B,53.22%,$0.59B,$0.16B,27.12%,$0.59B,$0.16B,27.12%,$0.59B,$0.19B,31.53%,$0.59B,$0.16B,27.46%,$0.59B,$0.11B,18.64%,$0.11B,$0.67B,17.33%,$0.11B,$0.53B,22.24%,$0.11B,$0.78B,13.35%,$0.16B,$0.67B,22.96%,$157,$72,$84,$13,$27,$113,$44,$1,$45,$-3,$48,$48,$48,$50,$44,$26,26,$1.90,$1.83,$353,$72,$0,$523,$111,$0,$136,$5,$258,$781,$101,$0,$13,$13,$114,$0,$472,$5,$667,$781,$110,$26,$41,$67,$-12,$-0,$0,$-6,$-8,$169,$-21,$0,$0,$0,$5,$5,$-7,$-23,$-146,$0,$-146,$-21,$-21,$-31,$0,$-198,$-45,$19,$-31
1,2018-06-30,107.56,$24.83,4.33,$22.07,4.87,$11.40,9.43,$3.39,31.73,$0.49B,$0.09B,5.44,$0.00B,$0.63B,0.0,$0.57B,$0.30B,52.63%,$0.57B,$0.15B,26.14%,$0.57B,$0.15B,26.14%,$0.57B,$0.18B,30.70%,$0.57B,$0.15B,26.32%,$0.57B,$0.09B,15.61%,$0.09B,$0.63B,14.43%,$0.09B,$0.50B,18.76%,$0.09B,$0.76B,10.63%,$0.15B,$0.63B,20.93%,$150,$70,$81,$13,$26,$109,$42,$1,$43,$8,$35,$35,$35,$48,$42,$26,26,$1.37,$1.34,$311,$77,$0,$491,$109,$0,$138,$9,$269,$759,$90,$0,$35,$35,$125,$0,$434,$6,$634,$759,$62,$20,$50,$70,$-10,$-6,$0,$-12,$-28,$104,$-15,$0,$0,$0,$-123,$-123,$-7,$-145,$-144,$0,$-144,$-13,$-13,$-21,$0,$-178,$-212,$14,$-21
2,2018-03-31,106.72,$24.73,4.32,$21.33,5.0,$10.94,9.76,$2.82,37.84,$0.63B,$0.09B,6.73,$0.12B,$0.64B,0.2,$0.55B,$0.28B,51.46%,$0.55B,$0.13B,24.45%,$0.55B,$0.13B,24.45%,$0.55B,$0.16B,29.20%,$0.55B,$0.13B,24.27%,$0.55B,$0.07B,13.50%,$0.07B,$0.64B,12.29%,$0.07B,$0.49B,16.17%,$0.07B,$0.90B,8.73%,$0.13B,$0.76B,18.32%,$143,$68,$75,$13,$25,$106,$37,$-0,$37,$7,$30,$30,$30,$44,$37,$26,26,$1.16,$1.14,$461,$77,$0,$631,$109,$0,$142,$11,$268,$899,$94,$124,$45,$170,$263,$0,$409,$15,$636,$899,$27,$13,$45,$58,$-4,$-4,$-0,$-6,$-18,$67,$-9,$0,$0,$0,$-0,$-0,$3,$-6,$-7,$0,$-7,$8,$8,$-10,$0,$-9,$64,$10,$-10
3,2017-12-31,93.4,$23.62,3.95,$20.53,4.55,$10.52,8.88,$2.39,39.08,$0.59B,$0.09B,6.53,$0.12B,$0.60B,0.21,$0.52B,$0.27B,50.95%,$0.52B,$0.12B,23.09%,$0.52B,$0.12B,23.09%,$0.52B,$0.15B,27.86%,$0.52B,$0.12B,22.71%,$0.52B,$0.06B,11.83%,$0.06B,$0.60B,10.64%,$0.06B,$0.46B,14.20%,$0.06B,$0.86B,7.58%,$0.12B,$0.73B,16.90%,$140,$66,$74,$12,$25,$103,$37,$-0,$37,$40,$-3,$-3,$-3,$44,$37,$25,25,$-0.12,$-0.12,$426,$74,$0,$588,$108,$0,$143,$11,$270,$858,$90,$124,$42,$166,$256,$0,$390,$11,$602,$858,$-3,$6,$41,$47,$-5,$-2,$-3,$0,$-13,$31,$-4,$0,$0,$-48,$0,$-48,$0,$-52,$-3,$0,$-3,$2,$2,$-5,$0,$-7,$-21,$6,$-5
4,2017-09-30,79.19,$23.54,3.36,$19.92,3.97,$10.29,7.7,$3.39,23.36,$0.55B,$0.09B,6.04,$0.13B,$0.60B,0.22,$0.51B,$0.26B,50.30%,$0.51B,$0.11B,22.09%,$0.51B,$0.11B,22.09%,$0.51B,$0.14B,27.02%,$0.51B,$0.11B,21.70%,$0.51B,$0.09B,17.16%,$0.09B,$0.60B,15.53%,$0.09B,$0.45B,21.04%,$0.09B,$0.83B,11.03%,$0.11B,$0.73B,16.03%,$137,$67,$70,$14,$23,$104,$33,$-0,$33,$6,$27,$27,$27,$39,$33,$25,26,$1.05,$1.04,$398,$72,$0,$551,$106,$0,$145,$11,$283,$834,$91,$133,$15,$148,$239,$0,$398,$4,$595,$834,$87,$26,$13,$39,$-4,$-1,$1,$-2,$15,$141,$-20,$0,$0,$0,$0,$0,$0,$-20,$-11,$0,$-11,$16,$16,$-19,$7,$-7,$110,$13,$-19
5,2017-06-30,72.95,$22.72,3.21,$19.57,3.73,$8.70,8.39,$3.19,22.87,$0.52B,$0.08B,6.9,$0.14B,$0.58B,0.24,$0.49B,$0.25B,49.90%,$0.49B,$0.11B,21.30%,$0.49B,$0.11B,21.30%,$0.49B,$0.13B,26.57%,$0.49B,$0.10B,20.69%,$0.49B,$0.08B,16.43%,$0.08B,$0.58B,15.11%,$0.08B,$0.43B,20.89%,$0.08B,$0.80B,10.63%,$0.11B,$0.71B,15.49%,$128,$65,$63,$14,$21,$101,$27,$-1,$26,$6,$20,$20,$20,$33,$27,$25,26,$0.79,$0.77,$364,$71,$0,$518,$106,$0,$146,$11,$283,$801,$75,$137,$14,$151,$226,$0,$376,$4,$575,$801,$60,$20,$12,$32,$-6,$-0,$-1,$-3,$-2,$90,$-15,$0,$0,$0,$0,$0,$0,$-15,$-8,$0,$-8,$22,$22,$-14,$6,$6,$76,$10,$-14
6,2017-03-31,75.49,$22.08,3.42,$19.04,3.96,$7.60,9.94,$3.18,23.74,$0.49B,$0.07B,7.51,$0.14B,$0.56B,0.25,$0.47B,$0.24B,49.68%,$0.47B,$0.10B,21.14%,$0.47B,$0.10B,21.14%,$0.47B,$0.13B,26.85%,$0.47B,$0.10B,20.51%,$0.47B,$0.08B,16.91%,$0.08B,$0.56B,15.78%,$0.08B,$0.41B,22.44%,$0.08B,$0.78B,10.93%,$0.10B,$0.70B,15.34%,$119,$59,$60,$14,$22,$95,$24,$-1,$23,$5,$18,$18,$18,$30,$24,$25,26,$0.73,$0.71,$344,$70,$0,$489,$109,$0,$148,$12,$289,$778,$65,$141,$15,$155,$220,$0,$362,$7,$558,$778,$41,$13,$8,$21,$1,$1,$-4,$-2,$-4,$58,$-12,$0,$0,$0,$0,$0,$0,$-12,$-4,$0,$-4,$20,$20,$-9,$5,$12,$56,$6,$-9
7,2016-12-31,62.08,$20.62,3.01,$18.44,3.37,$6.69,9.27,$2.84,21.86,$0.46B,$0.07B,6.54,$0.14B,$0.51B,0.28,$0.45B,$0.22B,49.01%,$0.45B,$0.09B,19.43%,$0.45B,$0.09B,19.43%,$0.45B,$0.12B,25.61%,$0.45B,$0.09B,18.98%,$0.45B,$0.07B,15.67%,$0.07B,$0.51B,14.89%,$0.07B,$0.37B,21.90%,$0.07B,$0.74B,10.09%,$0.09B,$0.66B,14.10%,$123,$62,$62,$13,$20,$95,$28,$-0,$28,$6,$22,$22,$22,$35,$28,$25,25,$0.90,$0.88,$306,$71,$0,$457,$103,$0,$148,$12,$284,$741,$70,$144,$14,$158,$228,$0,$348,$-7,$513,$741,$22,$7,$3,$10,$-8,$-2,$3,$1,$-7,$25,$-5,$0,$0,$0,$0,$0,$0,$-5,$0,$0,$0,$9,$9,$-4,$3,$8,$18,$3,$-4
8,2016-09-30,51.85,$20.30,2.55,$17.61,2.94,$5.98,8.68,$2.42,21.43,$0.44B,$0.07B,6.63,$0.15B,$0.50B,0.3,$0.43B,$0.21B,48.84%,$0.43B,$0.07B,17.21%,$0.43B,$0.07B,17.21%,$0.43B,$0.10B,23.49%,$0.43B,$0.07B,16.51%,$0.43B,$0.06B,13.95%,$0.06B,$0.50B,13.11%,$0.06B,$0.35B,19.87%,$0.06B,$0.73B,8.79%,$0.07B,$0.65B,12.19%,$123,$62,$61,$16,$20,$97,$26,$-1,$25,$4,$21,$21,$21,$33,$26,$24,24,$0.85,$0.84,$287,$72,$0,$437,$106,$0,$151,$12,$290,$727,$66,$147,$17,$164,$230,$0,$331,$10,$498,$727,$60,$26,$13,$40,$-8,$3,$-0,$4,$-4,$95,$-18,$0,$-127,$0,$0,$0,$0,$-144,$-9,$0,$-9,$-9,$-9,$-9,$2,$-24,$-67,$14,$-9
9,2016-06-30,41.35,$19.07,2.17,$16.67,2.48,$6.24,6.63,$2.09,19.78,$0.39B,$0.06B,6.79,$0.15B,$0.46B,0.32,$0.41B,$0.20B,49.39%,$0.41B,$0.07B,16.22%,$0.41B,$0.07B,16.22%,$0.41B,$0.09B,22.36%,$0.41B,$0.06B,15.23%,$0.41B,$0.05B,12.78%,$0.05B,$0.46B,11.81%,$0.05B,$0.30B,16.71%,$0.05B,$0.68B,7.81%,$0.07B,$0.61B,11.15%,$108,$56,$52,$13,$17,$86,$22,$-1,$21,$2,$19,$19,$19,$29,$22,$24,24,$0.78,$0.76,$243,$75,$0,$391,$105,$0,$155,$13,$291,$682,$58,$148,$18,$165,$223,$0,$315,$4,$459,$682,$39,$19,$12,$31,$-1,$1,$-3,$-0,$-12,$58,$-14,$0,$-127,$0,$0,$0,$0,$-141,$-7,$0,$-7,$-22,$-22,$-4,$1,$-32,$-111,$11,$-4
10,2016-03-31,39.79,$18.20,2.19,$16.14,2.47,$7.06,5.64,$1.72,23.13,$0.37B,$0.06B,6.25,$0.15B,$0.44B,0.35,$0.40B,$0.20B,50.00%,$0.40B,$0.06B,14.90%,$0.40B,$0.06B,14.90%,$0.40B,$0.08B,20.71%,$0.40B,$0.06B,13.89%,$0.40B,$0.04B,10.86%,$0.04B,$0.44B,10.01%,$0.04B,$0.28B,13.13%,$0.04B,$0.67B,6.54%,$0.06B,$0.59B,10.10%,$99,$52,$47,$15,$20,$87,$12,$-1,$12,$2,$9,$9,$9,$19,$12,$24,24,$0.38,$0.37,$226,$76,$0,$372,$104,$0,$157,$15,$293,$665,$59,$151,$17,$168,$227,$0,$300,$0,$437,$665,$20,$12,$9,$21,$2,$-2,$0,$-1,$-9,$33,$-10,$0,$-127,$0,$0,$0,$0,$-137,$-4,$0,$-4,$-23,$-23,$0,$1,$-27,$-128,$8,$0
11,2015-12-31,42.39,$17.96,2.36,$16.32,2.6,$7.91,5.36,$1.90,22.31,$0.36B,$0.05B,7.01,$0.15B,$0.44B,0.35,$0.40B,$0.21B,51.24%,$0.40B,$0.07B,16.42%,$0.40B,$0.07B,16.42%,$0.40B,$0.09B,21.64%,$0.40B,$0.06B,15.17%,$0.40B,$0.05B,11.94%,$0.05B,$0.44B,11.29%,$0.05B,$0.28B,13.71%,$0.05B,$0.66B,7.36%,$0.07B,$0.59B,11.35%,$100,$50,$50,$15,$21,$86,$14,$-1,$13,$2,$11,$11,$11,$20,$14,$24,25,$0.46,$0.46,$218,$76,$0,$364,$102,$0,$159,$16,$292,$657,$52,$153,$15,$169,$221,$0,$295,$-5,$436,$657,$11,$6,$6,$12,$-2,$-3,$-3,$-0,$-16,$7,$-5,$0,$-126,$0,$0,$0,$0,$-132,$-2,$0,$-2,$-10,$-10,$0,$0,$-12,$-136,$4,$0
12,2015-09-30,37.5,$17.55,2.14,$16.80,2.23,$8.61,4.36,$2.24,16.74,$0.50B,$0.06B,8.15,$0.16B,$0.43B,0.36,$0.41B,$0.21B,51.45%,$0.41B,$0.08B,18.12%,$0.41B,$0.08B,18.12%,$0.41B,$0.09B,22.71%,$0.41B,$0.07B,17.15%,$0.41B,$0.06B,13.77%,$0.06B,$0.43B,13.84%,$0.06B,$0.38B,15.64%,$0.06B,$0.66B,8.91%,$0.08B,$0.58B,13.15%,$100,$48,$52,$15,$19,$82,$18,$-1,$16,$4,$13,$13,$13,$23,$18,$24,25,$0.46,$0.52,$354,$71,$0,$495,$94,$0,$45,$15,$166,$660,$61,$155,$15,$171,$232,$0,$284,$-6,$429,$660,$56,$19,$18,$37,$9,$-8,$1,$-4,$5,$98,$-14,$0,$0,$0,$0,$0,$0,$-13,$-9,$0,$-9,$-6,$-6,$0,$6,$-9,$70,$16,$0
13,2015-06-30,45.61,$17.10,2.67,$17.46,2.61,$7.41,6.15,$2.39,19.08,$0.48B,$0.06B,8.23,$0.16B,$0.42B,0.38,$0.43B,$0.22B,50.70%,$0.43B,$0.08B,18.60%,$0.43B,$0.08B,18.60%,$0.43B,$0.10B,23.02%,$0.43B,$0.08B,17.91%,$0.43B,$0.06B,13.95%,$0.06B,$0.42B,15.09%,$0.06B,$0.37B,17.19%,$0.06B,$0.65B,9.60%,$0.08B,$0.58B,14.32%,$97,$49,$49,$15,$19,$82,$15,$-1,$14,$4,$10,$10,$10,$20,$15,$24,25,$0.40,$0.39,$339,$68,$0,$479,$94,$0,$48,$17,$169,$648,$58,$158,$15,$172,$230,$0,$272,$0,$417,$648,$44,$14,$15,$29,$8,$-5,$1,$-7,$1,$74,$-9,$0,$0,$0,$0,$0,$0,$-9,$-7,$0,$-7,$-8,$-8,$0,$6,$-8,$55,$12,$0
14,2015-03-31,48.38,$16.89,2.86,$17.95,2.7,$5.87,8.24,$2.53,19.12,$0.48B,$0.06B,8.58,$0.16B,$0.42B,0.38,$0.44B,$0.22B,50.11%,$0.44B,$0.08B,18.82%,$0.44B,$0.08B,18.82%,$0.44B,$0.10B,23.36%,$0.44B,$0.08B,18.37%,$0.44B,$0.06B,14.29%,$0.06B,$0.42B,16.38%,$0.06B,$0.37B,18.81%,$0.06B,$0.64B,10.32%,$0.08B,$0.58B,15.16%,$105,$50,$55,$15,$20,$85,$19,$-1,$18,$4,$14,$14,$14,$24,$19,$24,25,$0.57,$0.55,$334,$64,$0,$484,$95,$0,$48,$11,$161,$644,$56,$160,$10,$170,$226,$0,$262,$0,$418,$644,$34,$9,$13,$23,$3,$-2,$1,$-11,$-8,$49,$-5,$0,$0,$0,$0,$0,$0,$-5,$-4,$0,$-4,$6,$6,$0,$6,$8,$49,$9,$0
15,2014-12-31,45.81,$15.95,2.87,$17.70,2.59,$4.40,10.41,$2.38,19.25,$0.44B,$0.05B,8.27,$0.16B,$0.38B,0.42,$0.44B,$0.21B,48.97%,$0.44B,$0.08B,18.16%,$0.44B,$0.08B,18.16%,$0.44B,$0.10B,22.76%,$0.44B,$0.08B,17.70%,$0.44B,$0.06B,13.56%,$0.06B,$0.38B,15.95%,$0.06B,$0.34B,18.45%,$0.06B,$0.61B,9.97%,$0.08B,$0.55B,14.93%,$112,$55,$57,$15,$19,$89,$23,$0,$23,$3,$20,$20,$20,$27,$23,$24,24,$0.83,$0.80,$295,$63,$0,$444,$95,$0,$48,$12,$164,$608,$54,$162,$9,$171,$225,$0,$248,$1,$383,$608,$20,$5,$7,$11,$-3,$0,$-1,$-7,$-10,$22,$-2,$0,$0,$0,$0,$0,$0,$-2,$-2,$0,$-2,$-6,$-6,$0,$2,$-6,$11,$3,$0
16,2014-09-30,40.13,$15.64,2.57,$17.21,2.33,$3.49,11.51,$2.03,19.77,$0.43B,$0.06B,7.72,$0.16B,$0.37B,0.44,$0.42B,$0.20B,48.11%,$0.42B,$0.07B,16.98%,$0.42B,$0.07B,16.98%,$0.42B,$0.09B,21.93%,$0.42B,$0.07B,16.27%,$0.42B,$0.05B,11.79%,$0.05B,$0.37B,13.70%,$0.05B,$0.32B,15.95%,$0.05B,$0.60B,8.57%,$0.07B,$0.54B,13.83%,$116,$59,$57,$15,$19,$93,$23,$-1,$22,$6,$16,$16,$16,$28,$23,$24,25,$0.68,$0.66,$284,$65,$0,$428,$101,$0,$50,$11,$173,$601,$55,$164,$9,$174,$229,$0,$228,$9,$372,$601,$51,$20,$16,$36,$-8,$-4,$-1,$1,$-19,$67,$-12,$0,$0,$2,$0,$2,$1,$-9,$11,$0,$11,$-12,$-12,$0,$2,$1,$58,$14,$0
17,2014-06-30,43.23,$15.26,2.83,$17.37,2.49,$4.23,10.22,$2.08,20.78,$0.41B,$0.05B,8.49,$0.17B,$0.37B,0.46,$0.42B,$0.21B,48.58%,$0.42B,$0.07B,17.22%,$0.42B,$0.07B,17.22%,$0.42B,$0.09B,22.17%,$0.42B,$0.07B,16.51%,$0.42B,$0.05B,12.03%,$0.05B,$0.37B,14.46%,$0.05B,$0.31B,16.99%,$0.05B,$0.59B,8.93%,$0.07B,$0.53B,14.46%,$108,$57,$52,$15,$18,$90,$18,$-1,$18,$4,$13,$13,$13,$24,$18,$24,25,$0.55,$0.53,$266,$71,$0,$413,$106,$0,$52,$11,$177,$590,$49,$166,$10,$177,$225,$0,$212,$16,$365,$590,$35,$15,$13,$28,$-1,$-7,$-4,$-1,$-26,$37,$-10,$0,$0,$2,$0,$2,$1,$-7,$13,$0,$13,$-6,$-6,$0,$2,$9,$39,$11,$0
18,2014-03-31,42.6,$14.96,2.85,$17.60,2.42,$4.97,8.58,$2.20,19.36,$0.39B,$0.05B,7.55,$0.14B,$0.36B,0.4,$0.43B,$0.21B,49.06%,$0.43B,$0.08B,18.08%,$0.43B,$0.08B,18.08%,$0.43B,$0.10B,22.77%,$0.43B,$0.07B,17.37%,$0.43B,$0.05B,12.68%,$0.05B,$0.36B,16.01%,$0.05B,$0.31B,19.00%,$0.05B,$0.57B,9.73%,$0.08B,$0.51B,15.83%,$99,$53,$47,$14,$18,$85,$15,$-1,$14,$4,$10,$10,$10,$20,$15,$24,25,$0.42,$0.40,$239,$72,$0,$390,$106,$0,$51,$10,$177,$567,$52,$144,$9,$155,$206,$0,$202,$12,$360,$567,$21,$10,$11,$21,$1,$-9,$-2,$-3,$-28,$14,$-7,$0,$0,$2,$0,$2,$1,$-4,$-4,$0,$-4,$6,$6,$0,$2,$4,$13,$8,$0
19,2013-12-31,44.25,$14.86,2.98,$17.81,2.48,$5.71,7.75,$2.20,20.11,$0.40B,$0.06B,7.04,$0.15B,$0.36B,0.41,$0.43B,$0.21B,49.18%,$0.43B,$0.08B,17.80%,$0.43B,$0.08B,17.80%,$0.43B,$0.10B,22.48%,$0.43B,$0.07B,17.33%,$0.43B,$0.05B,12.41%,$0.05B,$0.36B,16.58%,$0.05B,$0.31B,19.94%,$0.05B,$0.58B,9.80%,$0.08B,$0.51B,16.09%,$101,$53,$48,$15,$17,$85,$16,$-0,$15,$4,$11,$11,$11,$21,$16,$24,25,$0.47,$0.45,$246,$66,$0,$397,$110,$0,$53,$11,$179,$576,$56,$148,$8,$157,$213,$0,$192,$13,$363,$576,$11,$5,$8,$13,$1,$-4,$-0,$-10,$-24,$0,$-4,$0,$0,$2,$0,$2,$0,$-1,$-2,$0,$-2,$23,$23,$0,$2,$22,$20,$3,$0
20,2013-09-30,37.28,$13.85,2.69,$18.23,2.04,$5.97,6.24,$2.16,17.26,$0.36B,$0.07B,5.32,$0.15B,$0.32B,0.47,$0.43B,$0.21B,48.96%,$0.43B,$0.08B,17.78%,$0.43B,$0.08B,17.78%,$0.43B,$0.10B,22.40%,$0.43B,$0.08B,17.55%,$0.43B,$0.05B,12.01%,$0.05B,$0.32B,17.32%,$0.05B,$0.27B,21.20%,$0.05B,$0.55B,9.93%,$0.08B,$0.47B,16.89%,$116,$57,$59,$16,$20,$93,$24,$-1,$23,$5,$17,$17,$17,$29,$24,$23,24,$0.74,$0.70,$226,$64,$0,$363,$112,$0,$54,$12,$189,$552,$68,$151,$7,$160,$228,$0,$177,$17,$323,$552,$53,$20,$12,$32,$-6,$-2,$-1,$-3,$1,$85,$-15,$0,$0,$0,$0,$0,$0,$-15,$-11,$0,$-11,$-10,$-10,$0,$1,$-20,$48,$13,$0
21,2013-06-30,31.96,$13.03,2.45,$18.10,1.77,$5.12,6.24,$1.95,16.39,$0.34B,$0.06B,5.74,$0.15B,$0.30B,0.51,$0.43B,$0.21B,48.36%,$0.43B,$0.07B,17.06%,$0.43B,$0.07B,17.06%,$0.43B,$0.09B,21.96%,$0.43B,$0.07B,16.82%,$0.43B,$0.05B,10.75%,$0.05B,$0.30B,15.83%,$0.05B,$0.25B,19.60%,$0.05B,$0.53B,8.93%,$0.07B,$0.46B,16.27%,$110,$55,$55,$15,$17,$88,$22,$-1,$22,$5,$16,$16,$16,$27,$22,$23,24,$0.70,$0.68,$202,$65,$0,$341,$110,$0,$54,$13,$184,$525,$59,$154,$7,$163,$223,$0,$164,$15,$303,$525,$37,$16,$13,$29,$-8,$-3,$-3,$-3,$-12,$53,$-10,$0,$0,$0,$0,$0,$0,$-10,$-7,$0,$-7,$-10,$-10,$0,$1,$-16,$23,$10,$0
22,2013-03-31,33.64,$12.47,2.7,$18.30,1.84,$4.54,7.41,$1.85,18.19,$0.33B,$0.05B,6.01,$0.16B,$0.29B,0.54,$0.43B,$0.21B,47.70%,$0.43B,$0.07B,16.82%,$0.43B,$0.07B,16.82%,$0.43B,$0.09B,21.66%,$0.43B,$0.07B,16.13%,$0.43B,$0.04B,9.91%,$0.04B,$0.29B,15.23%,$0.04B,$0.24B,19.05%,$0.04B,$0.51B,8.47%,$0.07B,$0.45B,16.48%,$100,$52,$48,$15,$19,$86,$14,$-0,$14,$4,$9,$9,$9,$19,$14,$23,24,$0.41,$0.40,$188,$66,$0,$326,$113,$0,$55,$13,$185,$511,$54,$158,$7,$166,$221,$0,$149,$19,$290,$511,$19,$11,$13,$23,$-2,$-3,$-4,$-3,$-12,$30,$-6,$0,$0,$0,$0,$0,$0,$-6,$-4,$0,$-4,$-8,$-8,$0,$1,$-12,$10,$7,$0
23,2012-12-31,34.38,$12.28,2.8,$18.27,1.88,$3.92,8.78,$1.68,20.46,$0.31B,$0.05B,6.15,$0.16B,$0.29B,0.56,$0.43B,$0.21B,47.34%,$0.43B,$0.07B,15.70%,$0.43B,$0.07B,15.70%,$0.43B,$0.09B,20.79%,$0.43B,$0.07B,15.01%,$0.43B,$0.04B,9.24%,$0.04B,$0.29B,14.57%,$0.04B,$0.23B,18.37%,$0.04B,$0.51B,8.02%,$0.07B,$0.45B,15.55%,$107,$56,$50,$15,$18,$90,$17,$-0,$17,$7,$10,$10,$10,$22,$17,$23,24,$0.42,$0.41,$170,$63,$0,$311,$119,$0,$57,$12,$195,$506,$51,$160,$7,$170,$221,$0,$139,$26,$285,$506,$10,$6,$7,$13,$-12,$2,$-4,$3,$-16,$6,$-3,$0,$0,$0,$0,$0,$0,$-3,$-4,$0,$-4,$-7,$-7,$0,$1,$-11,$-9,$3,$0
24,2012-09-30,34.02,$12.23,2.78,$18.22,1.87,$3.96,8.6,$1.72,19.78,$0.32B,$0.06B,5.03,$0.16B,$0.28B,0.57,$0.43B,$0.20B,47.66%,$0.43B,$0.07B,15.42%,$0.43B,$0.07B,15.42%,$0.43B,$0.09B,20.79%,$0.43B,$0.06B,14.72%,$0.43B,$0.04B,9.35%,$0.04B,$0.28B,11.59%,$0.04B,$0.23B,13.85%,$0.04B,$0.52B,7.61%,$0.07B,$0.45B,14.10%,$111,$57,$54,$15,$18,$90,$20,$-1,$19,$8,$11,$11,$11,$26,$20,$23,23,$0.49,$0.48,$178,$66,$0,$318,$125,$0,$57,$12,$200,$518,$63,$162,$7,$171,$234,$0,$129,$30,$284,$518,$40,$24,$14,$38,$-5,$-10,$2,$4,$-9,$69,$-20,$-0,$0,$0,$0,$0,$0,$-20,$173,$0,$173,$2,$2,$-347,$-2,$-174,$-124,$13,$-347
25,2012-06-30,28.28,$11.58,2.44,$18.14,1.56,$4.63,6.11,$1.63,17.35,$0.30B,$0.06B,5.44,$0.16B,$0.27B,0.61,$0.43B,$0.20B,47.07%,$0.43B,$0.06B,14.75%,$0.43B,$0.06B,14.75%,$0.43B,$0.09B,20.14%,$0.43B,$0.06B,14.05%,$0.43B,$0.04B,8.90%,$0.04B,$0.27B,9.14%,$0.04B,$0.21B,10.56%,$0.04B,$0.50B,6.87%,$0.06B,$0.43B,12.64%,$116,$60,$55,$15,$18,$94,$22,$-2,$20,$7,$13,$13,$13,$27,$22,$23,24,$0.57,$0.55,$167,$59,$0,$300,$124,$0,$57,$12,$196,$496,$55,$164,$7,$171,$226,$0,$118,$27,$270,$496,$29,$18,$14,$32,$-9,$-3,$-0,$2,$-17,$44,$-14,$0,$0,$0,$0,$0,$0,$-14,$175,$0,$175,$6,$6,$-347,$1,$-166,$-136,$10,$-347
26,2012-03-31,37.64,$10.99,3.43,$18.01,2.09,$5.11,7.36,$1.62,23.24,$0.28B,$0.04B,6.3,$0.17B,$0.26B,0.64,$0.42B,$0.20B,47.04%,$0.42B,$0.06B,14.42%,$0.42B,$0.06B,14.42%,$0.42B,$0.09B,20.09%,$0.42B,$0.06B,13.95%,$0.42B,$0.04B,8.98%,$0.04B,$0.26B,7.74%,$0.04B,$0.20B,8.75%,$0.04B,$0.48B,6.48%,$0.06B,$0.43B,11.46%,$99,$53,$46,$14,$23,$90,$9,$-0,$9,$3,$6,$6,$6,$15,$9,$23,24,$0.24,$0.23,$155,$57,$0,$279,$126,$0,$56,$12,$197,$476,$44,$166,$7,$173,$217,$0,$105,$24,$259,$476,$16,$12,$10,$22,$-3,$-2,$-4,$3,$-17,$21,$-12,$0,$0,$0,$0,$0,$0,$-12,$175,$0,$175,$15,$15,$-347,$1,$-157,$-147,$7,$-347
27,2011-12-31,32.07,$24.95,1.29,$18.47,1.74,$5.45,5.89,$1.94,16.53,$0.42B,$0.04B,10.67,$0.00B,$0.57B,0.0,$0.43B,$0.21B,47.47%,$0.43B,$0.07B,16.36%,$0.43B,$0.07B,16.36%,$0.43B,$0.10B,21.89%,$0.43B,$0.07B,16.13%,$0.43B,$0.05B,10.37%,$0.05B,$0.57B,7.94%,$0.05B,$0.51B,8.83%,$0.05B,$0.61B,7.26%,$0.07B,$0.57B,12.53%,$102,$53,$49,$14,$20,$87,$15,$0,$15,$5,$10,$10,$10,$21,$15,$23,23,$0.46,$0.45,$294,$58,$0,$416,$130,$0,$56,$11,$198,$613,$39,$0,$7,$7,$46,$0,$446,$25,$568,$613,$10,$6,$2,$8,$2,$-2,$0,$4,$-8,$11,$-7,$0,$0,$0,$0,$0,$0,$-7,$-0,$0,$-0,$-13,$-13,$0,$0,$-13,$-9,$3,$0
28,2011-09-30,23.34,$24.69,0.95,$18.95,1.23,$5.50,4.24,$2.20,10.61,$0.43B,$0.06B,7.75,$0.00B,$0.57B,0.0,$0.45B,$0.21B,47.98%,$0.45B,$0.08B,17.94%,$0.45B,$0.08B,17.94%,$0.45B,$0.10B,23.32%,$0.45B,$0.08B,17.49%,$0.45B,$0.05B,11.43%,$0.05B,$0.57B,9.10%,$0.05B,$0.51B,10.15%,$0.05B,$0.63B,8.32%,$0.08B,$0.57B,14.27%,$110,$59,$51,$15,$19,$93,$17,$-1,$16,$7,$9,$9,$9,$23,$17,$23,23,$0.41,$0.40,$303,$56,$0,$430,$131,$0,$56,$10,$198,$628,$56,$0,$6,$6,$62,$0,$435,$24,$566,$628,$52,$24,$17,$41,$7,$-3,$-1,$-1,$1,$94,$-28,$-0,$0,$0,$0,$0,$0,$-28,$-1,$0,$-1,$-17,$-17,$0,$1,$-18,$48,$13,$0
29,2011-06-30,31.54,$24.46,1.29,$19.01,1.66,$6.00,5.26,$2.46,12.82,$0.43B,$0.05B,8.69,$0.00B,$0.57B,0.0,$0.45B,$0.22B,48.65%,$0.45B,$0.08B,18.83%,$0.45B,$0.08B,18.83%,$0.45B,$0.11B,24.22%,$0.45B,$0.08B,18.61%,$0.45B,$0.06B,12.78%,$0.06B,$0.57B,10.41%,$0.06B,$0.51B,11.66%,$0.06B,$0.63B,9.52%,$0.08B,$0.57B,15.34%,$112,$59,$53,$15,$19,$92,$20,$-0,$19,$7,$13,$13,$13,$26,$20,$23,24,$0.55,$0.54,$293,$55,$0,$434,$125,$0,$59,$11,$195,$629,$50,$0,$6,$9,$59,$0,$426,$27,$570,$629,$42,$18,$17,$35,$2,$-2,$-4,$-10,$-18,$60,$-18,$0,$0,$0,$0,$0,$0,$-18,$-1,$0,$-1,$-4,$-4,$0,$1,$-4,$39,$10,$0
30,2011-03-31,35.46,$23.96,1.48,$18.64,1.9,$6.78,5.23,$2.35,15.09,$0.42B,$0.04B,10.17,$0.00B,$0.56B,0.0,$0.44B,$0.21B,49.08%,$0.44B,$0.08B,18.12%,$0.44B,$0.08B,18.12%,$0.44B,$0.10B,23.85%,$0.44B,$0.08B,18.35%,$0.44B,$0.05B,12.39%,$0.05B,$0.56B,10.16%,$0.05B,$0.50B,11.40%,$0.05B,$0.61B,9.25%,$0.08B,$0.56B,14.86%,$110,$57,$53,$15,$18,$90,$19,$1,$20,$7,$13,$13,$13,$25,$19,$23,24,$0.57,$0.55,$278,$56,$0,$421,$117,$0,$59,$11,$188,$610,$41,$0,$5,$5,$47,$0,$413,$24,$563,$610,$30,$12,$10,$22,$-2,$-3,$-3,$-6,$-24,$27,$-10,$0,$0,$0,$0,$0,$0,$-10,$-1,$0,$-1,$5,$5,$0,$1,$6,$24,$7,$0
31,2010-12-31,28.13,$23.37,1.2,$18.20,1.55,$7.84,3.59,$2.27,12.39,$0.40B,$0.04B,10.5,$0.00B,$0.54B,0.0,$0.43B,$0.21B,49.41%,$0.43B,$0.08B,18.12%,$0.43B,$0.08B,18.12%,$0.43B,$0.10B,24.24%,$0.43B,$0.08B,18.12%,$0.43B,$0.05B,12.24%,$0.05B,$0.54B,10.08%,$0.05B,$0.48B,11.35%,$0.05B,$0.59B,9.13%,$0.08B,$0.54B,14.92%,$114,$57,$57,$14,$19,$90,$24,$-1,$23,$7,$16,$16,$16,$30,$24,$23,23,$0.73,$0.71,$263,$54,$0,$396,$116,$0,$60,$10,$189,$585,$38,$0,$4,$4,$42,$0,$400,$26,$543,$585,$16,$6,$4,$11,$-4,$-2,$-1,$4,$-18,$9,$-3,$0,$0,$0,$0,$0,$0,$-3,$-0,$0,$-0,$2,$2,$0,$1,$2,$9,$3,$0
32,2010-09-30,21.84,$22.42,0.97,$17.46,1.25,$8.75,2.5,$2.12,10.3,$0.38B,$0.05B,7.15,$0.00B,$0.51B,0.0,$0.41B,$0.20B,49.63%,$0.41B,$0.07B,17.85%,$0.41B,$0.07B,17.85%,$0.41B,$0.10B,24.45%,$0.41B,$0.07B,18.09%,$0.41B,$0.05B,11.98%,$0.05B,$0.51B,9.77%,$0.05B,$0.46B,11.03%,$0.05B,$0.57B,8.82%,$0.07B,$0.51B,14.55%,$110,$57,$54,$13,$19,$89,$21,$-1,$21,$5,$15,$15,$15,$27,$21,$23,23,$0.66,$0.67,$254,$52,$0,$381,$116,$0,$58,$9,$191,$572,$53,$0,$4,$4,$57,$0,$384,$19,$514,$572,$49,$25,$9,$34,$-2,$-6,$2,$-6,$5,$88,$-12,$-0,$0,$0,$0,$0,$0,$-12,$-1,$0,$-1,$-22,$-22,$0,$0,$-24,$54,$12,$0
33,2010-06-30,23.47,$21.85,1.07,$16.90,1.39,$7.02,3.35,$1.98,11.86,$0.38B,$0.06B,6.61,$0.00B,$0.51B,0.0,$0.40B,$0.20B,49.49%,$0.40B,$0.07B,17.93%,$0.40B,$0.07B,17.93%,$0.40B,$0.10B,24.75%,$0.40B,$0.07B,17.93%,$0.40B,$0.05B,11.62%,$0.05B,$0.51B,9.37%,$0.05B,$0.45B,10.62%,$0.05B,$0.57B,8.49%,$0.07B,$0.51B,14.45%,$102,$52,$50,$13,$22,$86,$15,$0,$16,$5,$10,$10,$10,$22,$15,$23,23,$0.44,$0.43,$250,$50,$0,$376,$115,$0,$56,$9,$191,$567,$57,$0,$4,$4,$61,$0,$368,$14,$506,$567,$34,$19,$7,$26,$-2,$-5,$4,$-2,$7,$67,$-8,$-0,$0,$0,$0,$0,$0,$-8,$-1,$0,$-1,$-8,$-8,$0,$0,$-9,$50,$9,$0
34,2010-03-31,25.67,$21.21,1.21,$16.30,1.57,$4.90,5.24,$1.94,13.23,$0.36B,$0.05B,7.43,$0.00B,$0.50B,0.0,$0.38B,$0.19B,48.95%,$0.38B,$0.07B,18.68%,$0.38B,$0.07B,18.68%,$0.38B,$0.10B,25.79%,$0.38B,$0.07B,18.42%,$0.38B,$0.05B,11.84%,$0.05B,$0.50B,9.43%,$0.05B,$0.44B,10.75%,$0.05B,$0.55B,8.61%,$0.07B,$0.50B,14.86%,$99,$49,$49,$13,$19,$81,$17,$-0,$17,$6,$11,$11,$11,$24,$17,$23,23,$0.47,$0.47,$242,$47,$0,$363,$115,$0,$58,$9,$191,$554,$49,$1,$4,$4,$53,$0,$358,$12,$501,$554,$24,$13,$7,$20,$-2,$-3,$1,$-1,$4,$48,$-5,$-0,$0,$0,$0,$0,$0,$-5,$-1,$0,$-1,$1,$1,$0,$0,$0,$42,$6,$0
35,2009-12-31,22.37,$20.60,1.09,$14.07,1.59,$2.97,7.54,$1.03,21.72,$0.34B,$0.04B,8.46,$0.00B,$0.49B,0.0,$0.33B,$0.15B,46.01%,$0.33B,$0.04B,11.35%,$0.33B,$0.04B,11.35%,$0.33B,$0.06B,19.33%,$0.33B,$0.04B,11.04%,$0.33B,$0.02B,7.36%,$0.02B,$0.49B,5.21%,$0.02B,$0.43B,5.96%,$0.02B,$0.53B,4.78%,$0.04B,$0.49B,8.01%,$98,$47,$50,$13,$18,$77,$20,$0,$20,$7,$13,$13,$13,$27,$20,$23,23,$0.57,$0.56,$225,$44,$0,$337,$116,$0,$58,$9,$193,$530,$40,$1,$4,$5,$44,$0,$347,$12,$485,$530,$13,$6,$4,$10,$3,$0,$-3,$0,$4,$27,$-1,$-0,$0,$0,$0,$0,$0,$-1,$-0,$0,$-0,$-1,$-1,$0,$0,$-1,$25,$3,$0
36,2009-09-30,23.66,$20.08,1.18,$12.61,1.88,$1.62,14.62,$0.48,49.29,$0.32B,$0.04B,8.01,$0.00B,$0.47B,0.0,$0.29B,$0.13B,44.33%,$0.29B,$0.02B,5.50%,$0.29B,$0.02B,5.50%,$0.29B,$0.04B,14.09%,$0.29B,$0.02B,5.50%,$0.29B,$0.01B,3.78%,$0.01B,$0.47B,2.44%,$0.01B,$0.41B,2.73%,$0.01B,$0.52B,2.25%,$0.02B,$0.47B,3.54%,$97,$50,$47,$13,$15,$78,$19,$-1,$18,$6,$12,$12,$12,$25,$19,$23,23,$0.52,$0.52,$200,$45,$0,$317,$123,$0,$58,$9,$198,$515,$40,$1,$4,$5,$44,$0,$334,$14,$471,$515,$11,$25,$13,$38,$-9,$8,$-0,$5,$-4,$45,$-8,$0,$-61,$0,$0,$0,$0,$-69,$-1,$0,$-1,$2,$2,$0,$0,$1,$-22,$13,$0
37,2009-06-30,19.2,$19.24,1.0,$12.30,1.56,$2.26,8.48,$0.32,60.0,$0.28B,$0.03B,10.0,$0.00B,$0.45B,0.0,$0.28B,$0.12B,43.66%,$0.28B,$0.01B,2.46%,$0.28B,$0.01B,2.46%,$0.28B,$0.03B,11.62%,$0.28B,$0.01B,3.17%,$0.28B,$0.01B,2.46%,$0.01B,$0.45B,1.59%,$0.01B,$0.39B,1.73%,$0.01B,$0.49B,1.46%,$0.01B,$0.45B,1.58%,$86,$46,$40,$11,$14,$71,$15,$-0,$15,$6,$9,$9,$9,$22,$15,$23,23,$0.39,$0.39,$171,$45,$0,$284,$124,$0,$58,$16,$207,$491,$28,$2,$10,$12,$40,$0,$322,$10,$451,$491,$-1,$19,$11,$30,$-6,$7,$-4,$-2,$-12,$16,$-7,$0,$-61,$0,$0,$0,$0,$-67,$-1,$0,$-1,$1,$1,$0,$0,$-0,$-50,$10,$0
38,2009-03-31,16.31,$18.63,0.88,$12.75,1.28,$3.04,5.37,$0.36,45.3,$0.26B,$0.02B,11.31,$0.00B,$0.44B,0.0,$0.30B,$0.13B,43.73%,$0.30B,$0.00B,1.69%,$0.30B,$0.00B,1.69%,$0.30B,$0.03B,10.17%,$0.30B,$0.01B,2.71%,$0.30B,$0.01B,2.71%,$0.01B,$0.44B,1.84%,$0.01B,$0.38B,1.96%,$0.01B,$0.47B,1.69%,$0.00B,$0.44B,1.14%,$45,$33,$13,$13,$16,$63,$-17,$0,$-17,$-7,$-10,$-10,$-10,$-11,$-17,$23,23,$-0.44,$-0.44,$159,$53,$0,$260,$126,$0,$57,$16,$211,$471,$23,$2,$10,$12,$35,$0,$313,$7,$436,$471,$-10,$12,$7,$20,$15,$-2,$-6,$-4,$-8,$2,$-5,$0,$-60,$0,$0,$0,$0,$-65,$-1,$0,$-1,$1,$1,$0,$0,$0,$-62,$7,$0
39,2008-12-31,17.69,$19.12,0.93,$14.82,1.19,$3.94,4.49,$1.14,15.52,$0.33B,$0.03B,11.63,$0.00B,$0.44B,0.01,$0.34B,$0.16B,45.93%,$0.34B,$0.03B,9.30%,$0.34B,$0.03B,9.30%,$0.34B,$0.06B,16.86%,$0.34B,$0.04B,10.76%,$0.34B,$0.03B,7.56%,$0.03B,$0.44B,6.03%,$0.03B,$0.43B,6.26%,$0.03B,$0.48B,5.51%,$0.03B,$0.45B,7.37%,$63,$34,$29,$12,$17,$64,$-1,$1,$0,$0,$0,$0,$0,$5,$-1,$23,23,$0.01,$0.01,$223,$58,$0,$329,$120,$0,$15,$4,$149,$478,$28,$2,$3,$6,$34,$0,$323,$9,$444,$478,$0,$6,$-1,$5,$11,$-8,$-3,$1,$-8,$-3,$-2,$0,$0,$0,$0,$0,$0,$-2,$-0,$0,$-0,$-0,$-0,$0,$0,$-0,$-3,$4,$0
40,2008-09-30,21.77,$18.70,1.16,$16.02,1.36,$4.60,4.74,$1.64,13.28,$0.33B,$0.04B,8.75,$0.00B,$0.43B,0.01,$0.37B,$0.17B,46.52%,$0.37B,$0.05B,13.10%,$0.37B,$0.05B,13.10%,$0.37B,$0.08B,20.32%,$0.37B,$0.06B,14.71%,$0.37B,$0.04B,10.16%,$0.04B,$0.43B,8.95%,$0.04B,$0.42B,9.32%,$0.04B,$0.48B,8.14%,$0.05B,$0.44B,11.46%,$90,$48,$42,$13,$19,$80,$10,$1,$11,$3,$8,$8,$8,$17,$10,$23,23,$0.36,$0.36,$226,$47,$0,$331,$116,$0,$16,$4,$147,$477,$38,$3,$3,$5,$43,$0,$323,$3,$434,$477,$38,$26,$8,$34,$12,$-9,$0,$-5,$-1,$71,$-19,$0,$0,$150,$0,$150,$0,$130,$-1,$0,$-1,$-34,$-34,$0,$0,$-35,$167,$0,$0
41,2008-06-30,22.5,$18.28,1.23,$15.96,1.41,$4.69,4.8,$1.71,13.16,$0.32B,$0.04B,8.91,$0.00B,$0.43B,0.01,$0.37B,$0.18B,47.06%,$0.37B,$0.05B,14.17%,$0.37B,$0.05B,14.17%,$0.37B,$0.08B,21.12%,$0.37B,$0.06B,15.78%,$0.37B,$0.04B,10.70%,$0.04B,$0.43B,9.54%,$0.04B,$0.41B,9.95%,$0.04B,$0.47B,8.67%,$0.05B,$0.43B,12.54%,$97,$52,$45,$13,$20,$84,$13,$1,$14,$4,$10,$10,$10,$19,$13,$23,23,$0.43,$0.43,$204,$46,$0,$315,$119,$0,$16,$4,$150,$465,$35,$3,$2,$5,$41,$0,$315,$4,$425,$465,$30,$20,$6,$25,$2,$-8,$-4,$-4,$-13,$43,$-16,$0,$0,$371,$-234,$137,$0,$122,$-1,$0,$-1,$-33,$-33,$0,$0,$-33,$132,$11,$0
42,2008-03-31,21.82,$18.00,1.21,$15.53,1.41,$4.83,4.52,$1.70,12.83,$0.31B,$0.04B,8.14,$0.00B,$0.42B,0.01,$0.37B,$0.17B,47.27%,$0.37B,$0.06B,15.03%,$0.37B,$0.06B,15.03%,$0.37B,$0.08B,22.13%,$0.37B,$0.06B,16.12%,$0.37B,$0.04B,10.93%,$0.04B,$0.42B,9.74%,$0.04B,$0.41B,10.18%,$0.04B,$0.47B,8.85%,$0.06B,$0.43B,13.28%,$94,$52,$42,$12,$20,$84,$10,$2,$12,$4,$8,$8,$8,$17,$10,$23,23,$0.34,$0.34,$206,$50,$0,$314,$124,$0,$17,$4,$154,$467,$39,$3,$3,$6,$44,$0,$305,$6,$423,$467,$20,$13,$2,$15,$8,$-10,$-0,$-3,$-6,$29,$-11,$0,$0,$113,$0,$113,$0,$101,$-1,$0,$-1,$-23,$-23,$0,$0,$-23,$110,$7,$0
43,2007-12-31,24.37,$17.54,1.39,$14.74,1.65,$4.47,5.45,$1.55,15.72,$0.31B,$0.04B,8.49,$0.00B,$0.42B,0.01,$0.35B,$0.17B,47.28%,$0.35B,$0.05B,14.33%,$0.35B,$0.05B,14.33%,$0.35B,$0.08B,21.49%,$0.35B,$0.05B,15.19%,$0.35B,$0.04B,10.32%,$0.04B,$0.42B,9.01%,$0.04B,$0.40B,9.44%,$0.04B,$0.46B,8.21%,$0.05B,$0.42B,12.39%,$93,$49,$45,$11,$17,$77,$16,$2,$18,$6,$12,$12,$12,$23,$16,$24,24,$0.51,$0.51,$209,$41,$0,$310,$122,$0,$18,$1,$149,$459,$37,$3,$2,$6,$42,$0,$297,$3,$417,$459,$12,$6,$1,$8,$3,$-4,$-3,$-0,$-4,$16,$-6,$0,$0,$3,$0,$3,$0,$-2,$-0,$0,$-0,$-14,$-14,$0,$0,$-14,$0,$3,$0
44,2007-09-30,29.01,$17.21,1.69,$14.24,2.04,$4.18,6.93,$1.42,20.43,$0.31B,$0.04B,8.5,$0.00B,$0.41B,0.01,$0.34B,$0.16B,47.04%,$0.34B,$0.05B,13.61%,$0.34B,$0.05B,13.61%,$0.34B,$0.07B,20.71%,$0.34B,$0.05B,14.20%,$0.34B,$0.03B,9.76%,$0.03B,$0.41B,8.48%,$0.03B,$0.40B,8.91%,$0.03B,$0.46B,7.74%,$0.05B,$0.42B,11.70%,$90,$46,$44,$12,$18,$76,$14,$1,$15,$5,$10,$10,$10,$20,$14,$24,24,$0.42,$0.43,$212,$37,$0,$311,$118,$0,$19,$1,$144,$455,$37,$4,$2,$5,$42,$0,$285,$1,$413,$455,$34,$24,$8,$33,$-3,$4,$0,$-1,$-2,$65,$-10,$-3,$-3,$-47,$0,$-47,$0,$-62,$-1,$0,$-1,$-2,$-2,$0,$0,$-3,$-0,$0,$0
45,2007-06-30,24.09,$16.40,1.47,$14.03,1.72,$3.38,7.12,$1.33,18.11,$0.28B,$0.03B,9.15,$0.00B,$0.39B,0.01,$0.34B,$0.15B,45.97%,$0.34B,$0.04B,12.54%,$0.34B,$0.04B,12.54%,$0.34B,$0.07B,20.00%,$0.34B,$0.05B,13.43%,$0.34B,$0.03B,9.25%,$0.03B,$0.39B,8.21%,$0.03B,$0.37B,8.62%,$0.03B,$0.43B,7.46%,$0.04B,$0.39B,11.00%,$89,$47,$42,$12,$16,$74,$15,$-0,$14,$4,$10,$10,$10,$21,$15,$24,24,$0.43,$0.42,$184,$36,$0,$280,$119,$0,$19,$1,$146,$426,$31,$4,$1,$5,$36,$0,$275,$-1,$390,$426,$24,$18,$7,$25,$-4,$4,$-4,$-1,$-10,$38,$-7,$-3,$0,$-23,$0,$-23,$0,$-34,$-1,$0,$-1,$-9,$-9,$0,$0,$-10,$-5,$9,$0
46,2007-03-31,22.74,$15.93,1.43,$13.78,1.65,$2.63,8.64,$1.31,17.36,$0.27B,$0.03B,9.04,$0.00B,$0.38B,0.01,$0.33B,$0.15B,45.92%,$0.33B,$0.04B,12.39%,$0.33B,$0.04B,12.39%,$0.33B,$0.07B,19.64%,$0.33B,$0.05B,13.90%,$0.33B,$0.03B,9.37%,$0.03B,$0.38B,8.34%,$0.03B,$0.36B,8.67%,$0.03B,$0.41B,7.57%,$0.04B,$0.38B,10.91%,$77,$43,$34,$13,$15,$72,$5,$1,$6,$2,$4,$4,$4,$11,$5,$24,24,$0.19,$0.19,$164,$42,$0,$265,$124,$0,$18,$3,$148,$414,$29,$4,$1,$5,$34,$0,$265,$1,$379,$414,$14,$12,$4,$16,$1,$-2,$-5,$-4,$-14,$15,$-5,$-3,$0,$5,$0,$5,$0,$-3,$-0,$0,$-0,$-9,$-9,$0,$0,$-9,$3,$6,$0
47,2006-12-31,23.03,$15.65,1.47,$13.31,1.73,$2.74,8.42,$1.34,17.19,$0.26B,$0.03B,8.45,$0.00B,$0.37B,0.01,$0.32B,$0.15B,46.73%,$0.32B,$0.04B,13.40%,$0.32B,$0.04B,13.40%,$0.32B,$0.07B,20.56%,$0.32B,$0.05B,14.95%,$0.32B,$0.03B,9.97%,$0.03B,$0.37B,8.79%,$0.03B,$0.36B,9.03%,$0.03B,$0.41B,7.94%,$0.04B,$0.38B,11.66%,$82,$43,$39,$12,$15,$70,$12,$1,$13,$4,$9,$9,$9,$18,$12,$24,24,$0.38,$0.38,$160,$42,$0,$258,$128,$0,$18,$3,$152,$410,$30,$4,$1,$5,$36,$0,$260,$0,$374,$410,$9,$6,$1,$7,$0,$-2,$-4,$0,$-10,$7,$-3,$-3,$0,$5,$0,$5,$0,$-2,$-0,$0,$-0,$-6,$-6,$0,$0,$-6,$-1,$3,$0
