,Date,Stock Price,Book Value per Share,Price to Book Ratio,TTM Sales per Share,Price to Sales Ratio,TTM FCF per Share,Price to FCF Ratio,TTM Net EPS,PE Ratio,Current Assets,Current Liabilities,Current Ratio,Long Term Debt,Shareholder's Equity_x,Debt to Equity Ratio,TTM Revenue_x,TTM Gross Profit,Gross Margin,TTM Revenue_y,TTM Operating Income,Operating Margin,TTM Revenue_x,TTM EBIT,EBIT Margin,TTM Revenue_y,TTM EBITDA,EBITDA Margin,TTM Revenue_x,TTM Pre-Tax Income,Pre-Tax Margin,TTM Revenue_y,TTM Net Income_x,Net Margin,TTM Net Income_y,Shareholder's Equity_y,Return on Equity,TTM Net Income_x,Tangible Equity,Return on Tangible Equity,TTM Net Income_y,Total Assets,Return on Assets,TTM Net Income,LT Investments & Debt,Return on Investment,revenue,cost-goods-sold,gross-profit,research-development-expenses,selling-general-administrative-expenses,operating-expenses,operating-income,total-non-operating-income-expense,pre-tax-income,total-provision-income-taxes,income-after-taxes,income-from-continuous-operations,net-income,ebitda,ebit,basic-shares-outstanding,shares-outstanding,eps-basic-net-earnings-per-share,eps-earnings-per-share-diluted,cash-on-hand,inventory,other-current-assets,total-current-assets,net-property-plant-equipment,long-term-investments,goodwill-intangible-assets-total,other-long-term-assets,total-long-term-assets,total-assets,total-current-liabilities,long-term-debt,other-non-current-liabilities,total-long-term-liabilities,total-liabilities,common-stock-net,retained-earnings-accumulated-deficit,comprehensive-income,total-share-holder-equity,total-liabilities-share-holders-equity,net-income-loss,total-depreciation-amortization-cash-flow,other-non-cash-items,total-non-cash-items,change-in-accounts-receivable,change-in-inventories,change-in-accounts-payable,change-in-assets-liabilities,total-change-in-assets-liabilities,cash-flow-from-operating-activities,net-change-in-property-plant-equipment,net-change-in-intangible-assets,net-acquisitions-divestitures,net-change-in-short-term-investments,net-change-in-long-term-investments,net-change-in-investments-total,investing-activities-other,cash-flow-from-investing-activities,net-long-term-debt,net-current-debt,debt-issuance-retirement-net-total,net-common-equity-issued-repurchased,net-total-equity-issued-repurchased,total-common-preferred-stock-dividends-paid,financial-activities-other,cash-flow-from-financial-activities,net-cash-flow,stock-based-compensation,common-stock-dividends-paid
0,2018-09-30,28.86,$16.64,1.73,$9.61,3.0,$4.92,5.87,$1.84,15.68,$2.43B,$2.55B,0.95,$0.32B,$0.25B,1.26,$0.15B,$0.12B,83.56%,$0.15B,$0.04B,26.03%,$0.15B,0,0.00%,$0.15B,0,0.00%,$0.15B,$0.04B,26.03%,$0.15B,$0.03B,18.49%,$0.03B,$0.25B,10.88%,$0.03B,$0.21B,13.06%,$0.03B,$3.13B,0.91%,$0.04B,$0.58B,6.69%,$40,$7,$33,$0,$22,$29,$11,$0,$11,$2,$9,$9,$9,$0,$0,$15,15,$0.60,$0.60,$37,$0,$0,$2428,$49,$555,$41,$56,$702,$3129,$2554,$321,$0,$321,$2875,$0,$165,$-8,$254,$3129,$25,$3,$4,$7,$-6,$0,$3,$-1,$-4,$27,$-1,$0,$0,$0,$-125,$-125,$-242,$-368,$27,$-32,$-5,$-0,$-0,$-8,$355,$342,$1,$1,$-8
1,2018-06-30,30.06,$16.35,1.84,$9.16,3.28,$4.27,7.05,$1.71,17.58,$2.38B,$2.43B,0.98,$0.33B,$0.25B,1.31,$0.14B,$0.12B,84.89%,$0.14B,$0.04B,26.62%,$0.14B,0,0.00%,$0.14B,0,0.00%,$0.14B,$0.04B,26.62%,$0.14B,$0.03B,17.99%,$0.03B,$0.25B,10.17%,$0.03B,$0.21B,12.25%,$0.03B,$3.01B,0.87%,$0.04B,$0.58B,6.69%,$38,$6,$31,$0,$21,$28,$10,$0,$10,$2,$8,$8,$8,$0,$0,$15,15,$0.55,$0.55,$42,$0,$0,$2382,$50,$481,$41,$56,$628,$3010,$2431,$328,$0,$328,$2760,$0,$159,$-5,$250,$3010,$16,$3,$4,$6,$-5,$0,$2,$-1,$-4,$18,$-0,$0,$0,$0,$-49,$-49,$-190,$-240,$35,$-34,$0,$-0,$-0,$-5,$234,$229,$7,$1,$-5
2,2018-03-31,28.93,$16.02,1.81,$8.80,3.29,$3.70,7.82,$1.60,18.08,$2.31B,$2.33B,0.99,$0.34B,$0.25B,1.37,$0.13B,$0.12B,86.47%,$0.13B,$0.04B,27.07%,$0.13B,0,0.00%,$0.13B,0,0.00%,$0.13B,$0.04B,27.07%,$0.13B,$0.02B,18.05%,$0.02B,$0.25B,9.87%,$0.02B,$0.20B,11.93%,$0.02B,$2.91B,0.86%,$0.04B,$0.58B,6.66%,$34,$5,$29,$0,$20,$26,$8,$0,$8,$1,$7,$7,$7,$0,$0,$15,15,$0.46,$0.46,$29,$0,$0,$2310,$50,$452,$41,$55,$599,$2909,$2328,$336,$0,$336,$2664,$0,$153,$-4,$245,$2909,$7,$1,$2,$3,$-5,$0,$-1,$-0,$-6,$4,$-0,$0,$0,$0,$-19,$-19,$-130,$-149,$42,$57,$99,$-0,$-0,$-3,$42,$138,$-7,$1,$-3
3,2017-12-31,25.94,$15.98,1.62,$8.62,3.01,$3.35,7.75,$1.57,16.52,$2.18B,$2.23B,0.98,$0.29B,$0.24B,1.2,$0.13B,$0.11B,86.92%,$0.13B,$0.04B,28.46%,$0.13B,0,0.00%,$0.13B,0,0.00%,$0.13B,$0.04B,28.46%,$0.13B,$0.02B,17.69%,$0.02B,$0.24B,9.56%,$0.02B,$0.20B,11.59%,$0.02B,$2.77B,0.85%,$0.04B,$0.54B,7.51%,$34,$5,$29,$0,$20,$26,$9,$0,$9,$5,$3,$3,$3,$0,$0,$15,15,$0.23,$0.23,$35,$0,$0,$2183,$51,$438,$42,$55,$586,$2769,$2231,$294,$0,$294,$2525,$0,$148,$-0,$244,$2769,$24,$4,$6,$11,$-3,$0,$1,$-2,$-4,$31,$-4,$0,$0,$0,$83,$83,$-282,$-204,$90,$-70,$20,$17,$17,$-10,$151,$179,$6,$1,$-10
4,2017-09-30,26.85,$15.99,1.68,$8.41,3.19,$2.79,9.62,$1.69,15.89,$2.14B,$2.23B,0.96,$0.27B,$0.24B,1.11,$0.13B,$0.11B,88.00%,$0.13B,$0.04B,28.00%,$0.13B,0,0.00%,$0.13B,0,0.00%,$0.13B,$0.04B,28.00%,$0.13B,$0.03B,20.00%,$0.03B,$0.24B,10.75%,$0.03B,$0.20B,13.14%,$0.03B,$2.75B,0.94%,$0.04B,$0.52B,7.57%,$33,$5,$29,$0,$19,$24,$10,$0,$10,$2,$7,$7,$7,$0,$0,$15,15,$0.47,$0.47,$36,$0,$0,$2141,$50,$457,$42,$55,$604,$2745,$2230,$271,$0,$271,$2501,$0,$147,$1,$244,$2745,$20,$3,$1,$4,$1,$0,$-4,$-1,$-4,$20,$-3,$0,$0,$0,$64,$64,$-234,$-173,$97,$8,$105,$18,$18,$-8,$44,$160,$6,$1,$-8
5,2017-06-30,23.4,$15.72,1.49,$8.28,2.83,$-0.17,0.0,$1.66,14.1,$2.06B,$2.15B,0.96,$0.29B,$0.24B,1.2,$0.12B,$0.11B,88.43%,$0.12B,$0.03B,28.10%,$0.12B,0,0.00%,$0.12B,0,0.00%,$0.12B,$0.03B,28.10%,$0.12B,$0.02B,19.83%,$0.02B,$0.24B,10.65%,$0.02B,$0.20B,13.13%,$0.02B,$2.68B,0.92%,$0.03B,$0.53B,7.78%,$32,$4,$28,$0,$19,$23,$9,$0,$9,$2,$7,$7,$7,$0,$0,$15,15,$0.44,$0.44,$33,$0,$0,$2059,$50,$482,$42,$45,$620,$2679,$2150,$289,$0,$289,$2439,$0,$142,$2,$240,$2679,$13,$2,$-0,$2,$1,$0,$-3,$-1,$-3,$12,$-3,$0,$0,$0,$43,$43,$-147,$-107,$115,$-89,$26,$18,$18,$-5,$60,$99,$4,$0,$-5
6,2017-03-31,23.14,$15.31,1.51,$8.07,2.87,$-0.21,0.0,$1.50,15.43,$1.95B,$2.20B,0.89,$0.16B,$0.23B,0.67,$0.12B,$0.10B,88.79%,$0.12B,$0.03B,25.86%,$0.12B,0,0.00%,$0.12B,0,0.00%,$0.12B,$0.03B,25.86%,$0.12B,$0.02B,18.10%,$0.02B,$0.23B,9.63%,$0.02B,$0.19B,11.76%,$0.02B,$2.59B,0.84%,$0.03B,$0.39B,7.97%,$31,$4,$27,$0,$18,$22,$9,$0,$9,$2,$6,$6,$6,$0,$0,$15,15,$0.43,$0.43,$28,$0,$0,$1954,$50,$501,$43,$45,$639,$2592,$2195,$156,$7,$163,$2358,$0,$138,$-0,$234,$2592,$6,$1,$-1,$0,$-2,$0,$-4,$-0,$-7,$0,$-2,$0,$0,$0,$20,$20,$-36,$-17,$-17,$10,$-8,$18,$18,$-3,$8,$16,$-1,$0,$-3
7,2016-12-31,25.74,$14.64,1.76,$7.79,3.3,$0.19,137.99,$1.42,18.12,$1.92B,$2.15B,0.89,$0.20B,$0.21B,0.96,$0.11B,$0.10B,89.19%,$0.11B,$0.03B,25.23%,$0.11B,0,0.00%,$0.11B,0,0.00%,$0.11B,$0.03B,25.23%,$0.11B,$0.02B,18.02%,$0.02B,$0.21B,9.46%,$0.02B,$0.17B,11.43%,$0.02B,$2.57B,0.82%,$0.03B,$0.42B,7.76%,$29,$4,$26,$0,$18,$22,$7,$-0,$7,$2,$5,$5,$5,$0,$0,$14,14,$0.35,$0.35,$29,$0,$0,$1917,$50,$520,$43,$44,$657,$2574,$2152,$204,$6,$210,$2362,$0,$134,$-0,$212,$2574,$21,$3,$5,$8,$-3,$0,$2,$-1,$-2,$27,$-10,$0,$-3,$0,$44,$44,$-183,$-151,$49,$18,$66,$-0,$-0,$-10,$69,$126,$2,$1,$-10
8,2016-09-30,20.22,$14.90,1.36,$7.69,2.63,$0.92,21.87,$1.45,13.95,$1.88B,$2.13B,0.88,$0.20B,$0.22B,0.93,$0.11B,$0.10B,89.09%,$0.11B,$0.03B,26.36%,$0.11B,0,0.00%,$0.11B,0,0.00%,$0.11B,$0.03B,26.36%,$0.11B,$0.02B,19.09%,$0.02B,$0.22B,10.05%,$0.02B,$0.17B,11.97%,$0.02B,$2.54B,0.89%,$0.03B,$0.42B,8.55%,$29,$3,$26,$0,$17,$20,$9,$-0,$9,$2,$6,$6,$6,$0,$0,$14,14,$0.44,$0.44,$37,$0,$0,$1877,$46,$530,$43,$44,$663,$2540,$2125,$200,$0,$200,$2324,$0,$132,$6,$215,$2540,$16,$2,$2,$4,$-33,$0,$-7,$-1,$-41,$-21,$-6,$0,$-3,$0,$45,$45,$-102,$-66,$75,$-40,$35,$-0,$-0,$-7,$69,$96,$10,$1,$-7
9,2016-06-30,16.87,$14.59,1.16,$7.47,2.26,$4.22,4.0,$1.39,12.14,$1.68B,$2.05B,0.82,$0.08B,$0.21B,0.36,$0.11B,$0.10B,88.79%,$0.11B,$0.03B,26.17%,$0.11B,0,0.00%,$0.11B,0,0.00%,$0.11B,$0.03B,26.17%,$0.11B,$0.02B,19.63%,$0.02B,$0.21B,10.23%,$0.02B,$0.18B,12.02%,$0.02B,$2.34B,0.91%,$0.03B,$0.29B,9.05%,$27,$3,$24,$0,$19,$22,$5,$-0,$5,$1,$4,$4,$4,$0,$0,$14,14,$0.28,$0.28,$24,$0,$0,$1682,$41,$541,$30,$42,$654,$2336,$2051,$75,$0,$75,$2125,$0,$128,$6,$211,$2336,$9,$1,$1,$2,$1,$0,$-1,$-1,$-1,$11,$-3,$0,$0,$0,$32,$32,$-79,$-50,$-50,$15,$-35,$-0,$-0,$-5,$76,$36,$-3,$0,$-5
10,2016-03-31,16.52,$14.40,1.15,$7.35,2.25,$4.58,3.61,$1.50,11.01,$1.63B,$1.97B,0.83,$0.12B,$0.21B,0.58,$0.11B,$0.09B,88.57%,$0.11B,$0.03B,29.52%,$0.11B,0,0.00%,$0.11B,0,0.00%,$0.11B,$0.03B,29.52%,$0.11B,$0.02B,21.90%,$0.02B,$0.21B,11.46%,$0.02B,$0.18B,13.53%,$0.02B,$2.30B,1.01%,$0.03B,$0.33B,10.00%,$26,$3,$23,$0,$16,$19,$7,$-0,$7,$2,$5,$5,$5,$0,$0,$14,14,$0.35,$0.35,$26,$0,$0,$1632,$40,$557,$30,$41,$669,$2301,$1973,$120,$0,$120,$2093,$0,$126,$5,$208,$2301,$5,$1,$1,$2,$2,$0,$-3,$-0,$-1,$6,$-1,$0,$0,$0,$14,$14,$-29,$-16,$-5,$-59,$-64,$-0,$-0,$-2,$75,$8,$-2,$0,$-2
11,2015-12-31,16.78,$14.01,1.2,$7.27,2.31,$4.54,3.69,$1.54,10.89,$1.61B,$1.96B,0.82,$0.13B,$0.20B,0.62,$0.10B,$0.09B,88.46%,$0.10B,$0.03B,30.77%,$0.10B,0,0.00%,$0.10B,0,0.00%,$0.10B,$0.03B,30.77%,$0.10B,$0.02B,23.08%,$0.02B,$0.20B,12.14%,$0.02B,$0.17B,14.39%,$0.02B,$2.29B,1.07%,$0.03B,$0.33B,10.63%,$28,$3,$25,$0,$17,$20,$8,$0,$8,$2,$6,$6,$6,$0,$0,$14,14,$0.38,$0.38,$27,$0,$0,$1608,$39,$567,$31,$41,$678,$2285,$1958,$125,$0,$125,$2083,$0,$123,$2,$202,$2285,$22,$5,$3,$8,$-1,$0,$5,$-1,$3,$34,$-6,$0,$0,$0,$129,$130,$-224,$-101,$29,$80,$109,$-1,$-1,$-10,$-32,$66,$-1,$1,$-10
12,2015-09-30,16.76,$13.87,1.21,$7.33,2.29,$4.24,3.95,$1.63,10.28,$1.55B,$1.96B,0.79,$0.10B,$0.20B,0.48,$0.11B,$0.09B,88.57%,$0.11B,$0.03B,32.38%,$0.11B,0,0.00%,$0.11B,0,0.00%,$0.11B,$0.03B,32.38%,$0.11B,$0.03B,23.81%,$0.03B,$0.20B,12.85%,$0.03B,$0.17B,15.31%,$0.03B,$2.26B,1.13%,$0.03B,$0.30B,11.70%,$26,$3,$23,$0,$15,$19,$8,$0,$8,$2,$6,$6,$6,$0,$0,$14,14,$0.38,$0.38,$28,$0,$0,$1545,$38,$605,$31,$41,$715,$2260,$1964,$96,$0,$96,$2060,$0,$120,$3,$200,$2260,$17,$3,$2,$5,$1,$0,$3,$-1,$3,$25,$-4,$0,$0,$0,$93,$93,$-161,$-73,$-0,$55,$54,$-1,$-1,$-7,$1,$47,$-1,$0,$-7
13,2015-06-30,16.81,$13.38,1.26,$7.25,2.32,$3.92,4.28,$1.64,10.25,$1.49B,$1.97B,0.76,$0.10B,$0.19B,0.5,$0.10B,$0.09B,88.46%,$0.10B,$0.03B,32.69%,$0.10B,0,0.00%,$0.10B,0,0.00%,$0.10B,$0.03B,32.69%,$0.10B,$0.03B,24.04%,$0.03B,$0.19B,13.16%,$0.03B,$0.16B,15.77%,$0.03B,$2.25B,1.14%,$0.03B,$0.29B,11.89%,$25,$3,$22,$0,$14,$18,$8,$0,$8,$2,$6,$6,$6,$0,$0,$14,14,$0.39,$0.39,$31,$0,$0,$1486,$38,$658,$31,$40,$767,$2254,$1965,$96,$0,$96,$2061,$0,$117,$-1,$193,$2254,$11,$2,$1,$3,$-2,$0,$6,$-1,$3,$17,$-4,$0,$0,$0,$36,$36,$-96,$-65,$-0,$40,$40,$-1,$-1,$-5,$16,$50,$2,$0,$-5
14,2015-03-31,15.4,$13.60,1.13,$7.21,2.14,$3.82,4.03,$1.64,9.39,$1.41B,$1.89B,0.75,$0.10B,$0.20B,0.49,$0.10B,$0.09B,88.46%,$0.10B,$0.03B,32.69%,$0.10B,0,0.00%,$0.10B,0,0.00%,$0.10B,$0.03B,32.69%,$0.10B,$0.03B,24.04%,$0.03B,$0.20B,13.44%,$0.03B,$0.17B,16.21%,$0.03B,$2.18B,1.15%,$0.03B,$0.29B,12.05%,$25,$3,$22,$0,$14,$17,$8,$0,$8,$2,$6,$6,$6,$0,$0,$14,14,$0.39,$0.39,$52,$0,$0,$1408,$36,$665,$31,$40,$772,$2180,$1888,$96,$0,$96,$1984,$0,$114,$6,$196,$2180,$6,$0,$1,$1,$2,$0,$-3,$-0,$-2,$5,$-1,$0,$0,$0,$39,$39,$-0,$37,$-0,$-36,$-36,$-1,$-1,$-2,$20,$-19,$24,$0,$-2
15,2014-12-31,16.57,$13.09,1.27,$7.20,2.3,$3.89,4.26,$1.61,10.29,$1.39B,$1.90B,0.73,$0.10B,$0.19B,0.51,$0.10B,$0.09B,87.50%,$0.10B,$0.03B,31.73%,$0.10B,0,0.00%,$0.10B,0,0.00%,$0.10B,$0.03B,31.73%,$0.10B,$0.02B,23.08%,$0.02B,$0.19B,13.33%,$0.02B,$0.16B,16.22%,$0.02B,$2.19B,1.11%,$0.03B,$0.29B,11.93%,$29,$3,$26,$0,$16,$19,$10,$0,$10,$3,$7,$7,$7,$0,$0,$14,14,$0.46,$0.46,$28,$0,$0,$1386,$35,$697,$31,$40,$804,$2189,$1904,$96,$0,$96,$2001,$0,$111,$1,$189,$2189,$23,$4,$4,$8,$6,$0,$-7,$-1,$-2,$29,$-5,$0,$0,$0,$15,$15,$-65,$-56,$1,$23,$24,$-1,$-1,$-10,$12,$25,$-2,$1,$-10
16,2014-09-30,13.94,$12.64,1.1,$7.07,1.97,$4.51,3.09,$1.47,9.48,$1.36B,$1.90B,0.72,$0.10B,$0.18B,0.53,$0.10B,$0.09B,86.87%,$0.10B,$0.03B,31.31%,$0.10B,0,0.00%,$0.10B,0,0.00%,$0.10B,$0.03B,30.30%,$0.10B,$0.02B,22.22%,$0.02B,$0.18B,12.64%,$0.02B,$0.15B,15.52%,$0.02B,$2.17B,1.02%,$0.03B,$0.28B,11.46%,$25,$3,$22,$0,$14,$17,$8,$0,$8,$2,$6,$6,$6,$0,$0,$14,14,$0.39,$0.39,$30,$0,$0,$1361,$34,$712,$32,$35,$812,$2173,$1895,$96,$0,$96,$1991,$0,$106,$-1,$182,$2173,$16,$4,$4,$8,$3,$0,$-7,$-1,$-4,$19,$-3,$0,$0,$0,$-3,$-3,$-32,$-38,$1,$-5,$-4,$-2,$-2,$-7,$32,$19,$-0,$0,$-7
17,2014-06-30,14.77,$12.33,1.2,$6.98,2.12,$4.45,3.32,$1.46,10.12,$1.35B,$1.88B,0.72,$0.10B,$0.18B,0.54,$0.10B,$0.08B,86.32%,$0.10B,$0.03B,31.58%,$0.10B,0,0.00%,$0.10B,0,0.00%,$0.10B,$0.03B,30.53%,$0.10B,$0.02B,22.11%,$0.02B,$0.18B,13.02%,$0.02B,$0.15B,15.67%,$0.02B,$2.16B,1.02%,$0.03B,$0.27B,11.13%,$25,$3,$22,$0,$14,$17,$8,$0,$8,$2,$6,$6,$6,$0,$0,$14,14,$0.39,$0.39,$35,$0,$0,$1349,$33,$709,$32,$34,$808,$2157,$1883,$96,$0,$96,$1979,$0,$103,$-2,$177,$2157,$11,$2,$3,$5,$3,$0,$-4,$-0,$-2,$14,$-2,$0,$0,$0,$-1,$-1,$-13,$-16,$1,$-3,$-2,$-2,$-2,$-5,$16,$7,$5,$0,$-5
18,2014-03-31,15.39,$11.91,1.29,$6.90,2.23,$4.47,3.45,$1.31,11.75,$1.34B,$1.87B,0.72,$0.10B,$0.17B,0.56,$0.09B,$0.08B,85.71%,$0.09B,$0.03B,28.57%,$0.09B,0,0.00%,$0.09B,0,0.00%,$0.09B,$0.03B,27.47%,$0.09B,$0.02B,19.78%,$0.02B,$0.17B,12.02%,$0.02B,$0.14B,14.12%,$0.02B,$2.13B,0.91%,$0.03B,$0.27B,9.85%,$25,$3,$21,$0,$14,$17,$7,$0,$7,$2,$5,$5,$5,$0,$0,$14,14,$0.36,$0.36,$34,$0,$0,$1335,$33,$699,$32,$34,$799,$2134,$1865,$97,$0,$97,$1962,$0,$100,$-5,$172,$2134,$5,$1,$1,$2,$3,$0,$-3,$-0,$-1,$6,$-2,$0,$0,$0,$4,$4,$1,$4,$1,$2,$3,$0,$0,$-2,$-7,$-6,$4,$0,$-2
19,2013-12-31,16.39,$11.43,1.43,$6.78,2.42,$4.46,3.68,$1.29,12.71,$1.34B,$1.87B,0.71,$0.10B,$0.17B,0.58,$0.09B,$0.07B,86.05%,$0.09B,$0.03B,29.07%,$0.09B,0,0.00%,$0.09B,0,0.00%,$0.09B,$0.02B,27.91%,$0.09B,$0.02B,19.77%,$0.02B,$0.17B,11.87%,$0.02B,$0.13B,13.49%,$0.02B,$2.13B,0.90%,$0.03B,$0.26B,9.72%,$24,$3,$21,$0,$13,$16,$8,$-1,$7,$2,$5,$5,$5,$0,$0,$13,13,$0.33,$0.33,$30,$0,$0,$1336,$32,$698,$33,$34,$796,$2131,$1871,$96,$0,$96,$1966,$0,$97,$-9,$165,$2131,$17,$6,$5,$12,$-2,$0,$8,$-2,$5,$34,$-5,$0,$47,$-0,$46,$46,$-125,$-36,$1,$-11,$-10,$1,$1,$-9,$18,$1,$-2,$0,$-9
20,2013-09-30,14.59,$10.45,1.4,$6.50,2.24,$4.36,3.35,$1.27,11.49,$1.06B,$1.56B,0.68,$0.14B,$0.13B,1.1,$0.08B,$0.07B,84.15%,$0.08B,$0.02B,26.83%,$0.08B,0,0.00%,$0.08B,0,0.00%,$0.08B,$0.02B,26.83%,$0.08B,$0.02B,19.51%,$0.02B,$0.13B,11.57%,$0.02B,$0.12B,12.65%,$0.02B,$1.84B,0.89%,$0.02B,$0.27B,8.73%,$21,$3,$18,$0,$11,$14,$7,$-0,$7,$2,$5,$5,$5,$0,$0,$12,12,$0.38,$0.38,$33,$0,$0,$1058,$26,$712,$12,$30,$780,$1837,$1563,$144,$0,$144,$1707,$0,$95,$-7,$131,$1837,$12,$4,$5,$9,$-2,$0,$-2,$-1,$-5,$16,$-3,$0,$0,$-0,$5,$5,$-103,$-101,$1,$24,$25,$0,$0,$-6,$67,$86,$1,$0,$-6
21,2013-06-30,14.35,$10.47,1.37,$6.47,2.22,$4.51,3.18,$1.26,11.39,$1.01B,$1.56B,0.65,$0.12B,$0.13B,0.93,$0.08B,$0.07B,83.95%,$0.08B,$0.02B,25.93%,$0.08B,0,0.00%,$0.08B,0,0.00%,$0.08B,$0.02B,25.93%,$0.08B,$0.02B,19.75%,$0.02B,$0.13B,11.31%,$0.02B,$0.12B,12.33%,$0.02B,$1.81B,0.90%,$0.02B,$0.25B,8.63%,$21,$3,$18,$0,$13,$16,$4,$-1,$4,$1,$3,$3,$3,$0,$0,$12,12,$0.24,$0.24,$25,$0,$0,$1007,$25,$737,$12,$29,$802,$1809,$1557,$121,$0,$121,$1678,$0,$92,$-4,$131,$1809,$7,$3,$4,$7,$2,$0,$-4,$-1,$-3,$12,$-1,$0,$0,$-0,$-18,$-18,$-60,$-79,$1,$2,$3,$0,$0,$-4,$62,$60,$-7,$0,$-4
22,2013-03-31,14.31,$11.68,1.22,$6.47,2.21,$4.65,3.08,$1.37,10.44,$0.97B,$1.57B,0.62,$0.10B,$0.15B,0.66,$0.08B,$0.07B,83.75%,$0.08B,$0.02B,28.75%,$0.08B,0,0.00%,$0.08B,0,0.00%,$0.08B,$0.02B,28.75%,$0.08B,$0.02B,21.25%,$0.02B,$0.15B,11.83%,$0.02B,$0.13B,12.88%,$0.02B,$1.81B,0.97%,$0.02B,$0.24B,9.55%,$20,$3,$17,$0,$11,$14,$6,$-0,$6,$2,$4,$4,$4,$0,$0,$12,12,$0.34,$0.34,$39,$0,$0,$973,$24,$773,$12,$28,$837,$1810,$1568,$96,$0,$96,$1664,$0,$91,$12,$146,$1810,$4,$2,$0,$2,$1,$0,$-2,$-0,$-1,$5,$-1,$0,$0,$-0,$-27,$-27,$-6,$-34,$1,$-24,$-23,$0,$0,$-2,$60,$36,$7,$0,$-2
23,2012-12-31,13.61,$11.65,1.17,$6.52,2.09,$4.82,2.83,$1.38,9.86,$0.96B,$1.53B,0.63,$0.10B,$0.15B,0.65,$0.08B,$0.07B,82.50%,$0.08B,$0.02B,28.75%,$0.08B,0,0.00%,$0.08B,0,0.00%,$0.08B,$0.02B,28.75%,$0.08B,$0.02B,21.25%,$0.02B,$0.15B,12.10%,$0.02B,$0.13B,13.20%,$0.02B,$1.77B,0.98%,$0.02B,$0.24B,9.69%,$20,$3,$16,$0,$11,$15,$5,$0,$5,$1,$4,$4,$4,$0,$0,$12,12,$0.31,$0.31,$32,$0,$0,$961,$24,$748,$12,$28,$812,$1773,$1533,$95,$0,$95,$1628,$0,$89,$14,$145,$1773,$17,$7,$4,$10,$-1,$0,$3,$-1,$0,$28,$-1,$0,$-1,$-0,$-97,$-97,$-83,$-183,$-0,$24,$23,$1,$1,$-8,$131,$147,$-8,$0,$-8
24,2012-09-30,14.4,$11.52,1.25,$6.57,2.19,$5.03,2.87,$1.38,10.43,$0.95B,$1.50B,0.63,$0.10B,$0.14B,0.66,$0.08B,$0.07B,82.50%,$0.08B,$0.02B,28.75%,$0.08B,0,0.00%,$0.08B,0,0.00%,$0.08B,$0.02B,28.75%,$0.08B,$0.02B,21.25%,$0.02B,$0.14B,12.39%,$0.02B,$0.13B,13.57%,$0.02B,$1.74B,1.01%,$0.02B,$0.24B,9.83%,$20,$3,$17,$0,$10,$14,$6,$0,$6,$2,$5,$5,$5,$0,$0,$12,12,$0.37,$0.37,$33,$0,$0,$948,$24,$730,$12,$27,$793,$1741,$1503,$95,$0,$95,$1598,$0,$87,$14,$144,$1741,$13,$5,$2,$7,$-4,$0,$1,$-1,$-5,$16,$-1,$0,$-1,$-0,$-78,$-78,$-64,$-144,$-0,$0,$-0,$1,$1,$-6,$126,$121,$-7,$0,$-6
25,2012-06-30,13.28,$11.23,1.18,$6.50,2.04,$5.53,2.4,$1.34,9.91,$0.93B,$1.48B,0.63,$0.10B,$0.14B,0.74,$0.08B,$0.06B,81.01%,$0.08B,$0.02B,29.11%,$0.08B,0,0.00%,$0.08B,0,0.00%,$0.08B,$0.02B,29.11%,$0.08B,$0.02B,20.25%,$0.02B,$0.14B,11.96%,$0.02B,$0.13B,13.11%,$0.02B,$1.72B,0.98%,$0.02B,$0.24B,9.97%,$20,$4,$17,$0,$11,$15,$6,$0,$6,$2,$4,$4,$4,$0,$0,$12,12,$0.35,$0.35,$25,$0,$0,$933,$24,$726,$12,$26,$788,$1721,$1479,$103,$0,$103,$1581,$0,$85,$13,$140,$1721,$9,$3,$1,$4,$-2,$0,$2,$-1,$-1,$12,$-1,$0,$0,$-0,$-74,$-74,$-59,$-134,$-0,$8,$8,$1,$1,$-4,$102,$106,$-15,$0,$-4
26,2012-03-31,13.46,$10.71,1.26,$6.41,2.1,$5.76,2.34,$1.31,10.27,$0.89B,$1.46B,0.61,$0.10B,$0.13B,0.71,$0.08B,$0.06B,79.49%,$0.08B,$0.02B,28.21%,$0.08B,0,0.00%,$0.08B,0,0.00%,$0.08B,$0.02B,28.21%,$0.08B,$0.02B,20.51%,$0.02B,$0.13B,12.38%,$0.02B,$0.12B,13.62%,$0.02B,$1.69B,1.01%,$0.02B,$0.23B,9.70%,$20,$4,$16,$0,$10,$14,$6,$0,$6,$2,$4,$4,$4,$0,$0,$12,12,$0.35,$0.35,$30,$0,$0,$894,$24,$731,$12,$26,$793,$1687,$1458,$95,$0,$95,$1553,$0,$82,$9,$133,$1687,$4,$2,$1,$2,$0,$0,$0,$-0,$-0,$6,$-0,$0,$0,$-0,$-86,$-86,$-11,$-97,$-0,$0,$-0,$0,$0,$-2,$83,$81,$-10,$0,$-2
27,2011-12-31,12.58,$10.66,1.18,$6.23,2.02,$5.53,2.27,$1.23,10.22,$0.89B,$1.38B,0.65,$0.10B,$0.13B,0.72,$0.08B,$0.06B,77.63%,$0.08B,$0.02B,26.32%,$0.08B,0,0.00%,$0.08B,0,0.00%,$0.08B,$0.02B,26.32%,$0.08B,$0.02B,19.74%,$0.02B,$0.13B,12.07%,$0.02B,$0.12B,13.33%,$0.02B,$1.60B,0.98%,$0.02B,$0.23B,8.67%,$20,$4,$16,$0,$11,$15,$5,$0,$5,$1,$4,$4,$4,$0,$0,$12,12,$0.31,$0.31,$40,$0,$0,$893,$24,$648,$12,$26,$709,$1602,$1375,$95,$0,$95,$1470,$0,$80,$11,$132,$1602,$15,$5,$4,$9,$1,$0,$6,$-1,$6,$30,$-1,$0,$0,$3,$-118,$-115,$-64,$-180,$1,$-33,$-32,$1,$1,$-8,$191,$152,$2,$0,$-8
28,2011-09-30,10.1,$10.58,0.95,$6.43,1.57,$4.12,2.45,$1.15,8.78,$0.88B,$1.32B,0.67,$0.10B,$0.13B,0.74,$0.08B,$0.06B,75.00%,$0.08B,$0.02B,25.00%,$0.08B,0,0.00%,$0.08B,0,0.00%,$0.08B,$0.02B,25.00%,$0.08B,$0.01B,18.42%,$0.01B,$0.13B,11.79%,$0.01B,$0.12B,13.08%,$0.01B,$1.54B,0.94%,$0.02B,$0.23B,8.15%,$19,$4,$15,$0,$9,$14,$6,$0,$6,$2,$4,$4,$4,$0,$0,$12,12,$0.33,$0.33,$41,$0,$0,$880,$24,$602,$12,$25,$663,$1544,$1317,$96,$0,$96,$1413,$0,$78,$12,$130,$1544,$11,$3,$3,$6,$1,$0,$5,$-1,$5,$22,$-1,$0,$0,$3,$-71,$-69,$-47,$-117,$0,$-31,$-31,$1,$1,$-6,$135,$98,$4,$0,$-6
29,2011-06-30,10.81,$9.93,1.09,$6.31,1.71,$2.77,3.9,$1.07,10.11,$0.87B,$1.27B,0.69,$0.10B,$0.12B,0.85,$0.08B,$0.06B,73.33%,$0.08B,$0.02B,22.67%,$0.08B,0,0.00%,$0.08B,0,0.00%,$0.08B,$0.02B,22.67%,$0.08B,$0.01B,17.33%,$0.01B,$0.12B,11.23%,$0.01B,$0.11B,12.53%,$0.01B,$1.49B,0.90%,$0.02B,$0.23B,7.22%,$19,$5,$15,$0,$9,$14,$5,$0,$5,$2,$4,$4,$4,$0,$0,$12,12,$0.32,$0.32,$45,$0,$0,$872,$25,$557,$12,$25,$619,$1491,$1265,$104,$0,$104,$1369,$0,$76,$6,$122,$1491,$7,$2,$2,$4,$3,$0,$2,$-0,$4,$16,$-1,$0,$0,$1,$-36,$-35,$-33,$-69,$0,$-24,$-23,$1,$1,$-4,$86,$59,$6,$0,$-4
30,2011-03-31,11.16,$9.19,1.21,$6.63,1.68,$2.11,5.29,$1.09,10.24,$0.85B,$1.24B,0.69,$0.13B,$0.11B,1.16,$0.07B,$0.05B,72.60%,$0.07B,$0.02B,21.92%,$0.07B,0,0.00%,$0.07B,0,0.00%,$0.07B,$0.02B,21.92%,$0.07B,$0.01B,16.44%,$0.01B,$0.11B,10.64%,$0.01B,$0.10B,11.91%,$0.01B,$1.48B,0.86%,$0.02B,$0.24B,6.87%,$18,$4,$13,$0,$9,$13,$4,$0,$4,$1,$3,$3,$3,$0,$0,$12,12,$0.27,$0.27,$45,$0,$0,$852,$24,$571,$12,$25,$633,$1484,$1240,$131,$0,$131,$1371,$0,$74,$-1,$113,$1484,$3,$1,$1,$2,$-1,$0,$-0,$-0,$-2,$4,$-1,$0,$0,$0,$-61,$-61,$-3,$-65,$-0,$4,$4,$0,$0,$-2,$64,$66,$5,$0,$-2
31,2010-12-31,11.26,$8.96,1.26,$7.03,1.6,$1.81,6.23,$1.07,10.52,$0.85B,$1.18B,0.72,$0.13B,$0.11B,1.16,$0.07B,$0.05B,73.24%,$0.07B,$0.02B,21.13%,$0.07B,0,0.00%,$0.07B,0,0.00%,$0.07B,$0.02B,21.13%,$0.07B,$0.01B,15.49%,$0.01B,$0.11B,10.73%,$0.01B,$0.10B,12.15%,$0.01B,$1.41B,0.82%,$0.02B,$0.24B,6.80%,$20,$5,$14,$0,$11,$16,$4,$0,$4,$1,$3,$3,$3,$0,$0,$11,11,$0.22,$0.22,$40,$0,$0,$848,$24,$509,$12,$20,$565,$1414,$1177,$127,$0,$127,$1304,$0,$73,$-3,$110,$1414,$11,$4,$8,$11,$-10,$0,$-0,$-1,$-12,$11,$-1,$0,$0,$4,$-153,$-150,$-83,$-234,$-26,$31,$5,$33,$33,$-7,$206,$238,$15,$0,$-7
32,2010-09-30,10.33,$9.64,1.07,$6.93,1.49,$2.50,4.14,$1.02,10.13,$0.80B,$1.13B,0.71,$0.12B,$0.12B,0.99,$0.07B,$0.05B,72.73%,$0.07B,$0.01B,19.70%,$0.07B,0,0.00%,$0.07B,0,0.00%,$0.07B,$0.01B,19.70%,$0.07B,$0.01B,15.15%,$0.01B,$0.12B,10.84%,$0.01B,$0.11B,12.42%,$0.01B,$1.36B,0.79%,$0.01B,$0.24B,6.22%,$18,$5,$13,$0,$9,$14,$4,$0,$4,$1,$3,$3,$3,$0,$0,$12,12,$0.25,$0.25,$34,$0,$0,$798,$24,$509,$12,$20,$565,$1363,$1129,$117,$0,$117,$1245,$0,$72,$7,$118,$1363,$8,$3,$4,$7,$-9,$0,$-0,$-1,$-10,$6,$-1,$0,$0,$3,$-141,$-138,$-39,$-178,$-16,$11,$-5,$33,$33,$-5,$158,$181,$8,$0,$-5
33,2010-06-30,8.15,$9.03,0.9,$7.33,1.11,$3.32,2.46,$1.03,7.91,$0.80B,$1.11B,0.72,$0.11B,$0.11B,0.96,$0.06B,$0.05B,73.44%,$0.06B,$0.01B,18.75%,$0.06B,0,0.00%,$0.06B,0,0.00%,$0.06B,$0.01B,18.75%,$0.06B,$0.01B,14.06%,$0.01B,$0.11B,11.25%,$0.01B,$0.10B,13.19%,$0.01B,$1.33B,0.75%,$0.01B,$0.22B,6.07%,$17,$5,$13,$0,$8,$13,$4,$0,$4,$1,$3,$3,$3,$0,$0,$9,9,$0.34,$0.34,$48,$0,$0,$799,$24,$471,$12,$19,$526,$1325,$1109,$106,$0,$106,$1215,$0,$71,$0,$110,$1325,$5,$2,$2,$4,$-3,$0,$0,$-0,$-4,$6,$-1,$0,$0,$3,$-111,$-108,$-27,$-136,$-16,$-0,$-16,$33,$33,$-3,$138,$152,$22,$0,$-3
34,2010-03-31,11.33,$8.17,1.39,$7.38,1.54,$3.37,3.37,$0.98,11.56,$0.79B,$1.05B,0.75,$0.12B,$0.07B,1.69,$0.06B,$0.05B,71.88%,$0.06B,$0.01B,17.19%,$0.06B,0,0.00%,$0.06B,0,0.00%,$0.06B,$0.01B,17.19%,$0.06B,$0.01B,12.50%,$0.01B,$0.07B,11.68%,$0.01B,$0.06B,14.10%,$0.01B,$1.24B,0.70%,$0.01B,$0.19B,5.72%,$16,$5,$12,$0,$9,$13,$3,$0,$3,$1,$2,$2,$2,$0,$0,$9,9,$0.25,$0.25,$61,$0,$0,$787,$24,$397,$12,$19,$453,$1240,$1046,$122,$0,$122,$1168,$0,$69,$-4,$72,$1240,$2,$1,$1,$2,$-3,$0,$-0,$-0,$-4,$0,$-1,$0,$0,$1,$-43,$-42,$1,$-42,$-0,$-0,$-0,$0,$0,$-1,$76,$74,$33,$0,$-1
35,2009-12-31,11.62,$7.92,1.47,$7.38,1.58,$3.96,2.93,$0.99,11.74,$0.76B,$0.97B,0.78,$0.12B,$0.07B,1.76,$0.06B,$0.05B,70.31%,$0.06B,$0.01B,17.19%,$0.06B,0,0.00%,$0.06B,0,0.00%,$0.06B,$0.01B,17.19%,$0.06B,$0.01B,12.50%,$0.01B,$0.07B,12.12%,$0.01B,$0.06B,14.68%,$0.01B,$1.16B,0.74%,$0.01B,$0.19B,5.74%,$15,$5,$10,$0,$9,$14,$2,$0,$2,$0,$2,$2,$2,$0,$0,$9,9,$0.17,$0.17,$29,$0,$0,$755,$23,$355,$12,$16,$406,$1162,$970,$122,$0,$122,$1092,$0,$69,$-5,$69,$1162,$9,$3,$5,$8,$-4,$0,$3,$-1,$-1,$15,$-1,$0,$0,$0,$-109,$-109,$-46,$-155,$-4,$-3,$-7,$2,$2,$-6,$142,$132,$-9,$0,$-6
36,2009-09-30,12.35,$7.86,1.57,$7.51,1.65,$3.68,3.35,$0.89,13.88,$0.73B,$0.90B,0.81,$0.12B,$0.07B,1.78,$0.07B,$0.05B,70.77%,$0.07B,$0.01B,16.92%,$0.07B,0,0.00%,$0.07B,0,0.00%,$0.07B,$0.01B,16.92%,$0.07B,$0.01B,12.31%,$0.01B,$0.07B,12.45%,$0.01B,$0.06B,15.17%,$0.01B,$1.09B,0.76%,$0.01B,$0.19B,5.74%,$16,$5,$12,$0,$9,$13,$3,$0,$3,$1,$2,$2,$2,$0,$0,$9,9,$0.26,$0.26,$28,$0,$0,$731,$23,$308,$12,$17,$359,$1090,$900,$122,$0,$122,$1022,$0,$69,$-5,$69,$1090,$7,$2,$4,$6,$-2,$0,$1,$-1,$-2,$11,$-0,$0,$0,$0,$-63,$-63,$-22,$-85,$-4,$-3,$-7,$2,$2,$-4,$74,$64,$-10,$0,$-4
37,2009-06-30,10.1,$7.40,1.36,$7.04,1.43,$2.88,3.51,$0.67,15.07,$0.74B,$0.86B,0.86,$0.13B,$0.06B,2.03,$0.06B,$0.04B,67.21%,$0.06B,$0.01B,11.48%,$0.06B,0,0.00%,$0.06B,0,0.00%,$0.06B,$0.01B,11.48%,$0.06B,$0.01B,8.20%,$0.01B,$0.06B,8.00%,$0.01B,$0.05B,9.76%,$0.01B,$1.05B,0.49%,$0.01B,$0.19B,3.65%,$17,$4,$12,$0,$9,$13,$3,$0,$3,$1,$2,$2,$2,$0,$0,$9,9,$0.29,$0.29,$46,$0,$0,$736,$23,$263,$12,$17,$315,$1051,$857,$130,$0,$130,$987,$0,$68,$-8,$64,$1051,$5,$2,$2,$3,$-4,$0,$2,$-0,$-2,$6,$-1,$0,$0,$1,$-21,$-21,$-4,$-26,$-4,$5,$1,$1,$1,$-3,$30,$29,$9,$0,$-3
38,2009-03-31,6.77,$7.24,0.93,$6.96,0.97,$2.24,3.02,$0.64,10.57,$0.73B,$0.84B,0.88,$0.13B,$0.06B,2.07,$0.06B,$0.04B,66.67%,$0.06B,$0.01B,11.67%,$0.06B,0,0.00%,$0.06B,0,0.00%,$0.06B,$0.01B,11.67%,$0.06B,$0.01B,8.33%,$0.01B,$0.06B,7.94%,$0.01B,$0.05B,9.62%,$0.01B,$1.03B,0.50%,$0.01B,$0.19B,3.69%,$16,$5,$11,$0,$8,$13,$3,$0,$3,$1,$2,$2,$2,$0,$0,$9,9,$0.26,$0.26,$45,$0,$0,$734,$23,$242,$12,$16,$293,$1027,$836,$129,$0,$129,$965,$0,$67,$-8,$62,$1027,$2,$1,$1,$2,$1,$0,$0,$-0,$1,$5,$-0,$0,$0,$1,$-1,$-0,$-6,$-7,$-0,$0,$0,$0,$0,$-1,$10,$9,$8,$0,$-1
39,2008-12-31,7.72,$7.27,1.06,$6.93,1.11,$1.82,4.23,$0.61,12.66,$0.72B,$0.83B,0.87,$0.13B,$0.06B,2.06,$0.06B,$0.04B,66.67%,$0.06B,$0.01B,11.67%,$0.06B,0,0.00%,$0.06B,0,0.00%,$0.06B,$0.01B,11.67%,$0.06B,$0.01B,8.33%,$0.01B,$0.06B,7.72%,$0.01B,$0.05B,9.35%,$0.01B,$1.02B,0.52%,$0.01B,$0.19B,3.70%,$16,$5,$11,$0,$9,$14,$2,$0,$2,$0,$2,$2,$2,$0,$0,$9,9,$0.22,$0.22,$38,$0,$0,$722,$24,$244,$12,$16,$295,$1017,$825,$129,$0,$129,$954,$0,$66,$-7,$62,$1017,$5,$2,$13,$15,$-3,$0,$0,$-1,$-4,$17,$-5,$0,$0,$-3,$-88,$-91,$-75,$-170,$4,$4,$8,$0,$0,$-6,$155,$158,$5,$0,$-6
40,2008-09-30,7.46,$7.24,1.03,$6.90,1.08,$1.39,5.37,$0.81,9.21,$0.76B,$0.82B,0.93,$0.13B,$0.06B,2.08,$0.06B,$0.04B,65.00%,$0.06B,$0.01B,13.33%,$0.06B,0,0.00%,$0.06B,0,0.00%,$0.06B,$0.01B,13.33%,$0.06B,$0.01B,8.33%,$0.01B,$0.06B,7.52%,$0.01B,$0.05B,9.05%,$0.01B,$1.01B,0.54%,$0.01B,$0.19B,4.23%,$12,$5,$7,$0,$8,$13,$-1,$0,$-1,$-1,$-1,$-1,$-1,$0,$0,$9,9,$-0.09,$-0.09,$74,$0,$0,$757,$23,$199,$12,$16,$250,$1007,$816,$129,$0,$129,$945,$0,$67,$-8,$62,$1007,$3,$1,$8,$9,$-6,$0,$1,$-0,$-5,$8,$-4,$0,$0,$-2,$-39,$-41,$-72,$-118,$4,$5,$8,$0,$0,$-4,$148,$152,$42,$0,$-4
41,2008-06-30,9.52,$7.71,1.23,$7.38,1.29,$1.60,5.95,$1.05,9.06,$0.71B,$0.76B,0.94,$0.12B,$0.07B,1.82,$0.06B,$0.04B,65.63%,$0.06B,$0.01B,18.75%,$0.06B,0,0.00%,$0.06B,0,0.00%,$0.06B,$0.01B,18.75%,$0.06B,$0.01B,12.50%,$0.01B,$0.07B,11.72%,$0.01B,$0.06B,14.04%,$0.01B,$0.95B,0.91%,$0.01B,$0.19B,6.49%,$16,$5,$11,$0,$8,$13,$3,$0,$3,$1,$2,$2,$2,$0,$0,$9,9,$0.25,$0.25,$45,$0,$0,$712,$22,$184,$12,$15,$233,$945,$759,$120,$0,$120,$879,$0,$68,$-5,$66,$945,$4,$1,$3,$3,$-2,$0,$-2,$-0,$-4,$3,$-3,$0,$0,$-1,$-16,$-17,$-62,$-82,$5,$-6,$-1,$-0,$-0,$-3,$97,$93,$14,$0,$-3
42,2008-03-31,9.45,$8.02,1.18,$7.30,1.3,$1.87,5.05,$1.06,8.92,$0.66B,$0.70B,0.94,$0.12B,$0.07B,1.74,$0.06B,$0.04B,65.08%,$0.06B,$0.01B,19.05%,$0.06B,0,0.00%,$0.06B,0,0.00%,$0.06B,$0.01B,19.05%,$0.06B,$0.01B,12.70%,$0.01B,$0.07B,11.64%,$0.01B,$0.06B,13.91%,$0.01B,$0.89B,0.94%,$0.01B,$0.19B,6.69%,$16,$5,$11,$0,$8,$13,$3,$0,$3,$1,$2,$2,$2,$0,$0,$9,9,$0.23,$0.23,$36,$0,$0,$656,$21,$183,$12,$15,$231,$887,$698,$120,$0,$120,$818,$0,$67,$-1,$69,$887,$2,$0,$1,$2,$-1,$0,$0,$-0,$-0,$3,$-2,$0,$0,$1,$-9,$-9,$-16,$-26,$0,$-1,$-1,$0,$0,$-1,$31,$29,$6,$0,$-1
43,2007-12-31,8.92,$8.10,1.1,$7.12,1.25,$2.03,4.39,$1.05,8.49,$0.64B,$0.67B,0.96,$0.12B,$0.07B,1.74,$0.06B,$0.04B,62.90%,$0.06B,$0.01B,19.35%,$0.06B,0,0.00%,$0.06B,0,0.00%,$0.06B,$0.01B,19.35%,$0.06B,$0.01B,12.90%,$0.01B,$0.07B,11.47%,$0.01B,$0.06B,13.68%,$0.01B,$0.86B,0.97%,$0.01B,$0.19B,7.17%,$16,$6,$10,$0,$7,$13,$3,$0,$3,$1,$2,$2,$2,$0,$0,$9,9,$0.28,$0.28,$30,$0,$0,$644,$20,$169,$12,$15,$215,$859,$669,$121,$0,$121,$789,$0,$67,$-1,$69,$859,$9,$1,$2,$3,$-0,$0,$2,$-1,$1,$13,$-5,$0,$0,$1,$-18,$-17,$-54,$-75,$53,$-3,$50,$-5,$-5,$-5,$28,$68,$5,$0,$-5
44,2007-09-30,9.23,$8.11,1.14,$6.94,1.33,$2.17,4.25,$1.05,8.79,$0.62B,$0.66B,0.94,$0.11B,$0.07B,1.52,$0.06B,$0.04B,62.30%,$0.06B,$0.01B,19.67%,$0.06B,0,0.00%,$0.06B,0,0.00%,$0.06B,$0.01B,19.67%,$0.06B,$0.01B,14.75%,$0.01B,$0.07B,12.77%,$0.01B,$0.06B,15.19%,$0.01B,$0.83B,1.12%,$0.01B,$0.18B,7.73%,$16,$6,$10,$0,$7,$13,$3,$0,$3,$1,$2,$2,$2,$0,$0,$9,9,$0.28,$0.28,$28,$0,$0,$620,$18,$168,$12,$15,$212,$832,$657,$106,$0,$106,$762,$0,$66,$1,$69,$832,$7,$1,$1,$2,$-1,$0,$1,$-0,$-1,$8,$-3,$0,$0,$0,$-7,$-7,$-40,$-49,$35,$0,$35,$-5,$-5,$-4,$18,$45,$3,$0,$-4
45,2007-06-30,9.08,$8.00,1.14,$6.68,1.36,$2.27,4.01,$1.03,8.81,$0.60B,$0.65B,0.92,$0.10B,$0.07B,1.39,$0.06B,$0.04B,62.71%,$0.06B,$0.01B,20.34%,$0.06B,0,0.00%,$0.06B,0,0.00%,$0.06B,$0.01B,20.34%,$0.06B,$0.01B,15.25%,$0.01B,$0.07B,12.63%,$0.01B,$0.06B,15.06%,$0.01B,$0.82B,1.14%,$0.01B,$0.16B,8.21%,$15,$6,$10,$0,$6,$12,$3,$0,$3,$1,$2,$2,$2,$0,$0,$9,9,$0.27,$0.27,$25,$0,$0,$602,$17,$172,$12,$15,$215,$817,$654,$95,$0,$95,$749,$0,$65,$1,$68,$817,$4,$1,$1,$1,$-1,$0,$-1,$-0,$-2,$3,$-1,$0,$0,$-1,$-11,$-12,$-25,$-38,$18,$7,$25,$-5,$-5,$-3,$17,$34,$-1,$0,$-3
46,2007-03-31,8.84,$8.23,1.07,$6.50,1.36,$2.60,3.4,$1.02,8.66,$0.59B,$0.65B,0.9,$0.07B,$0.07B,0.93,$0.06B,$0.04B,62.07%,$0.06B,$0.01B,20.69%,$0.06B,0,0.00%,$0.06B,0,0.00%,$0.06B,$0.01B,20.69%,$0.06B,$0.01B,15.52%,$0.01B,$0.07B,12.54%,$0.01B,$0.06B,15.00%,$0.01B,$0.79B,1.15%,$0.01B,$0.14B,8.44%,$15,$6,$9,$0,$6,$12,$3,$0,$3,$1,$2,$2,$2,$0,$0,$9,9,$0.22,$0.22,$40,$0,$0,$586,$16,$161,$12,$15,$204,$790,$650,$68,$0,$68,$717,$0,$64,$2,$73,$790,$2,$0,$0,$0,$-1,$0,$1,$-0,$1,$3,$-0,$0,$0,$-1,$1,$0,$5,$5,$-3,$0,$-3,$-0,$-0,$-1,$10,$6,$14,$0,$-1
47,2006-12-31,8.92,$8.15,1.09,$6.38,1.4,$2.49,3.58,$1.07,8.34,$0.58B,$0.64B,0.9,$0.07B,$0.07B,0.97,$0.06B,$0.04B,63.16%,$0.06B,$0.01B,21.05%,$0.06B,0,0.00%,$0.06B,0,0.00%,$0.06B,$0.01B,21.05%,$0.06B,$0.01B,15.79%,$0.01B,$0.07B,12.68%,$0.01B,$0.06B,15.19%,$0.01B,$0.78B,1.16%,$0.01B,$0.14B,8.47%,$15,$6,$9,$0,$6,$12,$3,$0,$3,$1,$3,$3,$3,$0,$0,$9,9,$0.29,$0.28,$26,$0,$0,$576,$16,$162,$12,$14,$204,$781,$638,$70,$0,$70,$709,$0,$63,$1,$72,$781,$10,$1,$1,$2,$-1,$0,$2,$-1,$1,$13,$-3,$0,$0,$0,$5,$5,$-37,$-35,$-3,$3,$-0,$-2,$-2,$-5,$13,$5,$-17,$0,$-5
