,Date,Stock Price,Book Value per Share,Price to Book Ratio,TTM Sales per Share,Price to Sales Ratio,TTM FCF per Share,Price to FCF Ratio,TTM Net EPS,PE Ratio,Current Assets,Current Liabilities,Current Ratio,Long Term Debt,Shareholder's Equity_x,Debt to Equity Ratio,TTM Revenue_x,TTM Gross Profit,Gross Margin,TTM Revenue_y,TTM Operating Income,Operating Margin,TTM Revenue_x,TTM EBIT,EBIT Margin,TTM Revenue_y,TTM EBITDA,EBITDA Margin,TTM Revenue_x,TTM Pre-Tax Income,Pre-Tax Margin,TTM Revenue_y,TTM Net Income_x,Net Margin,TTM Net Income_y,Shareholder's Equity_y,Return on Equity,TTM Net Income_x,Tangible Equity,Return on Tangible Equity,TTM Net Income_y,Total Assets,Return on Assets,TTM Net Income,LT Investments & Debt,Return on Investment,revenue,cost-goods-sold,gross-profit,research-development-expenses,selling-general-administrative-expenses,operating-expenses,operating-income,total-non-operating-income-expense,pre-tax-income,total-provision-income-taxes,income-after-taxes,income-from-continuous-operations,net-income,ebitda,ebit,basic-shares-outstanding,shares-outstanding,eps-basic-net-earnings-per-share,eps-earnings-per-share-diluted,cash-on-hand,inventory,other-current-assets,total-current-assets,net-property-plant-equipment,long-term-investments,goodwill-intangible-assets-total,other-long-term-assets,total-long-term-assets,total-assets,total-current-liabilities,long-term-debt,other-non-current-liabilities,total-long-term-liabilities,total-liabilities,common-stock-net,retained-earnings-accumulated-deficit,comprehensive-income,total-share-holder-equity,total-liabilities-share-holders-equity,net-income-loss,total-depreciation-amortization-cash-flow,other-non-cash-items,total-non-cash-items,change-in-accounts-receivable,change-in-inventories,change-in-accounts-payable,change-in-assets-liabilities,total-change-in-assets-liabilities,cash-flow-from-operating-activities,net-change-in-property-plant-equipment,net-change-in-intangible-assets,net-acquisitions-divestitures,net-change-in-short-term-investments,net-change-in-long-term-investments,net-change-in-investments-total,investing-activities-other,cash-flow-from-investing-activities,net-long-term-debt,net-current-debt,debt-issuance-retirement-net-total,net-common-equity-issued-repurchased,net-total-equity-issued-repurchased,total-common-preferred-stock-dividends-paid,financial-activities-other,cash-flow-from-financial-activities,net-cash-flow,stock-based-compensation,common-stock-dividends-paid
0,2018-06-30,24.94,$10.88,2.29,$14.91,1.67,$1.14,21.91,$2.58,9.67,$1.30B,$0.90B,1.45,$0.26B,$2.01B,0.13,$2.76B,$1.46B,53.07%,$2.76B,$0.75B,27.04%,$2.76B,$0.75B,27.04%,$2.76B,$0.75B,27.04%,$2.76B,$0.72B,25.95%,$2.76B,$0.47B,17.17%,$0.47B,$2.01B,24.12%,$0.47B,$2.01B,24.94%,$0.47B,$3.37B,14.93%,$0.75B,$2.27B,33.55%,$595,$298,$297,$0,$249,$198,$398,$6,$404,$134,$270,$270,$265,$398,$398,$185,185,$1.44,$1.44,$503,$0,$799,$1302,$1471,$0,$0,$594,$2065,$3367,$899,$263,$195,$458,$1357,$900,$1322,$0,$2011,$3367,$0,$0,$0,$0,$0,$0,$0,$0,$0,$0,$0,$0,$0,$0,$0,$0,$0,$0,$0,$0,$0,$0,$0,$0,$0,$0,$0,$0,$0
1,2018-03-31,29.18,$11.03,2.64,$14.49,2.01,$1.14,25.64,$1.21,24.12,$1.18B,$0.82B,1.45,$0.27B,$2.04B,0.13,$2.68B,$1.43B,53.32%,$2.68B,$0.38B,14.12%,$2.68B,$0.38B,14.12%,$2.68B,$0.38B,14.12%,$2.68B,$0.33B,12.36%,$2.68B,$0.22B,8.25%,$0.22B,$2.04B,11.53%,$0.22B,$2.04B,11.93%,$0.22B,$3.33B,7.34%,$0.38B,$2.31B,17.46%,$803,$353,$449,$0,$296,$650,$153,$-12,$140,$37,$103,$103,$96,$153,$153,$185,185,$0.52,$0.52,$351,$0,$830,$1181,$1563,$0,$0,$590,$2152,$3333,$816,$273,$206,$479,$1295,$957,$1264,$0,$2039,$3333,$0,$0,$0,$0,$0,$0,$0,$0,$0,$0,$0,$0,$0,$0,$0,$0,$0,$0,$0,$0,$0,$0,$0,$0,$0,$0,$0,$0,$0
2,2017-12-31,29.35,$9.96,2.95,$13.79,2.13,$1.14,25.79,$1.08,27.18,$1.10B,$0.70B,1.56,$0.24B,$1.84B,0.13,$2.55B,$1.35B,52.90%,$2.55B,$0.34B,13.38%,$2.55B,$0.34B,13.38%,$2.55B,$0.34B,13.38%,$2.55B,$0.30B,11.58%,$2.55B,$0.20B,7.65%,$0.20B,$1.84B,10.45%,$0.20B,$1.58B,10.82%,$0.20B,$2.96B,6.77%,$0.34B,$2.08B,16.31%,$726,$330,$395,$0,$-87,$596,$130,$-10,$120,$32,$88,$88,$81,$130,$130,$185,185,$0.45,$0.45,$271,$315,$24,$1095,$1377,$161,$257,$8,$1869,$2964,$703,$242,$38,$421,$1124,$844,$1075,$0,$1840,$2964,$0,$0,$393,$393,$0,$0,$0,$0,$0,$393,$-183,$-3,$0,$0,$0,$0,$-74,$-260,$26,$23,$49,$0,$0,$-113,$-16,$-80,$54,$0,$-113
3,2017-09-30,26.51,$10.57,2.51,$12.29,2.16,$0.47,56.17,$1.06,25.01,$1.02B,$0.60B,1.7,$0.26B,$1.95B,0.13,$2.27B,$1.20B,52.82%,$2.27B,$0.30B,13.38%,$2.27B,$0.30B,13.38%,$2.27B,$0.30B,13.38%,$2.27B,$0.27B,11.80%,$2.27B,$0.18B,7.83%,$0.18B,$1.95B,9.91%,$0.18B,$1.95B,10.23%,$0.18B,$3.01B,6.48%,$0.30B,$2.22B,15.21%,$631,$310,$321,$0,$253,$567,$64,$-13,$51,$13,$38,$38,$31,$64,$64,$185,185,$0.17,$0.17,$183,$0,$838,$1020,$1479,$0,$0,$510,$1989,$3009,$602,$262,$192,$454,$1056,$900,$1102,$0,$1953,$3009,$0,$0,$0,$0,$0,$0,$0,$0,$0,$0,$0,$0,$0,$0,$0,$0,$0,$0,$0,$0,$0,$0,$0,$0,$0,$0,$0,$0,$0
4,2017-06-30,25.83,$9.92,2.6,$11.77,2.19,$0.47,54.73,$1.00,25.83,$0.89B,$0.51B,1.76,$0.22B,$1.83B,0.12,$2.18B,$1.14B,52.57%,$2.18B,$0.28B,13.01%,$2.18B,$0.28B,13.01%,$2.18B,$0.28B,13.01%,$2.18B,$0.25B,11.40%,$2.18B,$0.17B,7.58%,$0.17B,$1.83B,9.43%,$0.17B,$1.83B,9.74%,$0.17B,$2.74B,6.18%,$0.28B,$2.05B,14.64%,$518,$254,$263,$0,$230,$486,$31,$-12,$20,$2,$18,$18,$13,$31,$31,$185,185,$0.07,$0.07,$186,$0,$708,$893,$1382,$0,$0,$461,$1843,$2736,$507,$220,$177,$397,$904,$844,$1019,$0,$1832,$2736,$0,$0,$0,$0,$0,$0,$0,$0,$0,$0,$0,$0,$0,$0,$0,$0,$0,$0,$0,$0,$0,$0,$0,$0,$0,$0,$0,$0,$0
5,2017-03-31,24.58,$9.95,2.47,$11.47,2.14,$0.47,52.07,$0.98,25.08,$1.01B,$0.63B,1.6,$0.18B,$1.84B,0.1,$2.12B,$1.11B,52.26%,$2.12B,$0.27B,12.83%,$2.12B,$0.27B,12.83%,$2.12B,$0.27B,12.83%,$2.12B,$0.24B,11.27%,$2.12B,$0.16B,7.59%,$0.16B,$1.84B,9.29%,$0.16B,$1.84B,9.60%,$0.16B,$2.81B,6.10%,$0.27B,$2.01B,14.24%,$673,$304,$369,$0,$253,$557,$116,$-11,$104,$26,$78,$78,$70,$116,$116,$185,185,$0.38,$0.38,$229,$0,$783,$1012,$1371,$0,$0,$431,$1802,$2814,$634,$175,$167,$342,$976,$844,$1012,$0,$1838,$2814,$0,$0,$0,$0,$0,$0,$0,$0,$0,$0,$0,$0,$0,$0,$0,$0,$0,$0,$0,$0,$0,$0,$0,$0,$0,$0,$0,$0,$0
6,2016-12-31,20.4,$8.45,2.42,$10.97,1.86,$0.47,43.23,$0.94,21.71,$0.89B,$0.58B,1.54,$0.15B,$1.56B,0.1,$2.03B,$1.06B,52.39%,$2.03B,$0.25B,12.33%,$2.03B,$0.25B,12.33%,$2.03B,$0.25B,12.33%,$2.03B,$0.22B,10.90%,$2.03B,$0.15B,7.55%,$0.15B,$1.56B,9.08%,$0.15B,$1.33B,9.40%,$0.15B,$2.43B,5.96%,$0.25B,$1.71B,13.41%,$450,$203,$247,$0,$-94,$356,$93,$-1,$93,$23,$70,$70,$64,$93,$93,$185,185,$0.35,$0.35,$185,$269,$21,$886,$1175,$92,$227,$7,$1547,$2433,$575,$153,$32,$298,$873,$732,$855,$0,$1560,$2433,$0,$0,$247,$247,$0,$0,$0,$0,$0,$247,$-160,$-4,$-35,$0,$0,$0,$-2,$-202,$-29,$23,$-6,$0,$0,$-91,$-27,$-124,$-76,$0,$-91
7,2016-09-30,19.45,$9.59,2.03,$11.96,1.63,$0.75,25.86,$0.78,24.94,$0.91B,$0.57B,1.6,$0.18B,$1.77B,0.1,$2.21B,$1.17B,53.08%,$2.21B,$0.29B,12.94%,$2.21B,$0.29B,12.94%,$2.21B,$0.29B,12.94%,$2.21B,$0.21B,9.55%,$2.21B,$0.14B,6.47%,$0.14B,$1.77B,8.22%,$0.14B,$1.77B,8.49%,$0.14B,$2.69B,5.41%,$0.29B,$1.95B,14.80%,$535,$271,$265,$0,$219,$493,$43,$-11,$31,$6,$26,$26,$18,$43,$43,$185,185,$0.10,$0.10,$158,$0,$747,$905,$1336,$0,$0,$449,$1785,$2690,$567,$180,$170,$350,$917,$844,$945,$0,$1772,$2690,$0,$0,$0,$0,$0,$0,$0,$0,$0,$0,$0,$0,$0,$0,$0,$0,$0,$0,$0,$0,$0,$0,$0,$0,$0,$0,$0,$0,$0
8,2016-06-30,22.48,$9.54,2.36,$11.89,1.89,$0.75,29.9,$0.85,26.45,$0.89B,$0.49B,1.82,$0.20B,$1.76B,0.11,$2.20B,$1.18B,53.64%,$2.20B,$0.30B,13.57%,$2.20B,$0.30B,13.57%,$2.20B,$0.30B,13.57%,$2.20B,$0.23B,10.66%,$2.20B,$0.16B,7.10%,$0.16B,$1.76B,9.03%,$0.16B,$1.76B,9.33%,$0.16B,$2.62B,5.96%,$0.30B,$1.96B,15.47%,$462,$234,$227,$0,$207,$442,$20,$-9,$11,$-5,$16,$16,$9,$20,$20,$185,185,$0.05,$0.05,$188,$0,$705,$893,$1312,$0,$0,$412,$1724,$2617,$490,$199,$166,$365,$855,$844,$936,$0,$1762,$2617,$0,$0,$0,$0,$0,$0,$0,$0,$0,$0,$0,$0,$0,$0,$0,$0,$0,$0,$0,$0,$0,$0,$0,$0,$0,$0,$0,$0,$0
9,2016-03-31,21.34,$8.90,2.4,$12.11,1.76,$0.75,28.38,$0.96,22.23,$0.94B,$0.54B,1.74,$0.19B,$1.65B,0.11,$2.24B,$1.22B,54.40%,$2.24B,$0.33B,14.62%,$2.24B,$0.33B,14.62%,$2.24B,$0.33B,14.62%,$2.24B,$0.27B,11.85%,$2.24B,$0.18B,7.91%,$0.18B,$1.65B,10.13%,$0.18B,$1.65B,10.46%,$0.18B,$2.52B,6.71%,$0.33B,$1.83B,16.73%,$580,$257,$323,$0,$222,$486,$94,$-8,$86,$16,$70,$70,$62,$94,$94,$185,185,$0.34,$0.34,$315,$0,$623,$938,$1212,$0,$0,$372,$1584,$2522,$538,$186,$153,$339,$877,$788,$869,$0,$1645,$2522,$0,$0,$0,$0,$0,$0,$0,$0,$0,$0,$0,$0,$0,$0,$0,$0,$0,$0,$0,$0,$0,$0,$0,$0,$0,$0,$0,$0,$0
10,2015-12-31,20.59,$0.00,0.0,$12.29,1.68,$0.75,27.38,$1.00,20.59,$1.03B,$0.58B,1.76,$0.21B,$1.78B,0.12,$2.27B,$1.24B,54.71%,$2.27B,$0.34B,15.07%,$2.27B,$0.34B,15.07%,$2.27B,$0.34B,15.07%,$2.27B,$0.29B,12.56%,$2.27B,$0.18B,8.11%,$0.18B,$1.78B,10.20%,$0.18B,$1.56B,10.52%,$0.18B,$2.74B,6.78%,$0.34B,$1.99B,16.94%,$633,$275,$358,$0,$228,$503,$129,$-24,$83,$23,$60,$54,$54,$129,$129,$185,185,$0.29,$0.29,$309,$273,$36,$1026,$2265,$85,$221,$41,$2665,$2735,$583,$205,$33,$371,$954,$844,$898,$0,$1781,$2735,$0,$0,$0,$0,$0,$0,$0,$0,$0,$329,$-190,$0,$-53,$0,$0,$0,$-5,$-249,$0,$32,$-54,$0,$0,$-99,$-4,$-124,$-33,$0,$0
11,2015-09-30,20.88,$0.00,0.0,$12.44,1.68,$-0.50,0.0,$1.08,19.34,$0.94B,$0.50B,1.88,$0.21B,$1.72B,0.12,$2.30B,$1.25B,54.35%,$2.30B,$0.31B,13.62%,$2.30B,$0.31B,13.62%,$2.30B,$0.31B,13.62%,$2.30B,$0.30B,12.84%,$2.30B,$0.20B,8.70%,$0.20B,$1.72B,10.66%,$0.20B,$1.72B,11.08%,$0.20B,$2.59B,7.08%,$0.31B,$1.93B,14.91%,$521,$251,$270,$0,$215,$466,$55,$-1,$54,$17,$37,$31,$31,$55,$55,$185,185,$0.17,$0.17,$270,$0,$674,$944,$0,$0,$0,$367,$367,$2588,$503,$207,$159,$366,$869,$805,$829,$0,$1719,$2588,$0,$0,$0,$0,$0,$0,$0,$0,$0,$0,$0,$0,$0,$0,$0,$0,$0,$0,$0,$0,$0,$0,$0,$0,$0,$0,$0,$0,$0
12,2015-06-30,19.97,$0.00,0.0,$12.48,1.6,$-0.50,0.0,$1.05,19.02,$0.96B,$0.45B,2.13,$0.23B,$1.84B,0.13,$2.30B,$1.25B,54.21%,$2.30B,$0.30B,13.19%,$2.30B,$0.30B,13.19%,$2.30B,$0.30B,13.19%,$2.30B,$0.29B,12.50%,$2.30B,$0.20B,8.46%,$0.20B,$1.84B,10.23%,$0.20B,$1.84B,10.62%,$0.20B,$2.70B,6.79%,$0.30B,$2.08B,14.24%,$503,$237,$266,$0,$217,$454,$49,$-7,$42,$6,$36,$30,$30,$49,$49,$185,185,$0.16,$0.16,$292,$0,$669,$962,$0,$0,$0,$371,$371,$2701,$452,$232,$172,$404,$857,$881,$890,$0,$1844,$2701,$0,$0,$0,$0,$0,$0,$0,$0,$0,$0,$0,$0,$0,$0,$0,$0,$0,$0,$0,$0,$0,$0,$0,$0,$0,$0,$0,$0,$0
13,2015-03-31,19.28,$0.00,0.0,$12.33,1.56,$-0.50,0.0,$1.09,17.69,$1.06B,$0.56B,1.88,$0.21B,$1.87B,0.11,$2.28B,$1.22B,53.69%,$2.28B,$0.32B,14.06%,$2.28B,$0.32B,14.06%,$2.28B,$0.32B,14.06%,$2.28B,$0.30B,13.27%,$2.28B,$0.21B,9.09%,$0.21B,$1.87B,10.65%,$0.21B,$1.87B,11.05%,$0.21B,$2.83B,7.09%,$0.32B,$2.09B,14.70%,$613,$265,$348,$0,$239,$504,$109,$-3,$106,$29,$77,$69,$69,$109,$109,$185,185,$0.38,$0.38,$363,$0,$696,$1059,$0,$0,$0,$380,$380,$2825,$564,$213,$175,$388,$953,$898,$893,$0,$1872,$2825,$0,$0,$0,$0,$0,$0,$0,$0,$0,$0,$0,$0,$0,$0,$0,$0,$0,$0,$0,$0,$0,$0,$0,$0,$0,$0,$0,$0,$0
14,2014-12-31,17.23,$0.00,0.0,$12.29,1.4,$-0.50,0.0,$1.11,15.52,$1.23B,$0.68B,1.81,$0.24B,$2.07B,0.12,$2.27B,$1.21B,53.35%,$2.27B,$0.31B,13.79%,$2.27B,$0.31B,13.79%,$2.27B,$0.31B,13.79%,$2.27B,$0.29B,12.91%,$2.27B,$0.21B,9.34%,$0.21B,$2.07B,10.75%,$0.21B,$1.79B,11.15%,$0.21B,$3.18B,7.18%,$0.31B,$2.31B,14.14%,$661,$296,$365,$0,$265,$561,$100,$-13,$93,$17,$76,$70,$70,$100,$100,$185,185,$0.38,$0.37,$398,$315,$35,$1234,$0,$72,$280,$11,$418,$3184,$681,$242,$36,$436,$1117,$1013,$968,$0,$2067,$3184,$0,$0,$0,$0,$0,$0,$0,$0,$0,$313,$-405,$0,$-27,$0,$0,$0,$3,$-430,$0,$39,$28,$0,$0,$-118,$-188,$-238,$-349,$0,$0
15,2014-09-30,20.23,$0.00,0.0,$12.66,1.6,$0.80,25.26,$1.23,16.45,$1.04B,$0.54B,1.93,$0.23B,$1.84B,0.12,$2.33B,$1.27B,54.29%,$2.33B,$0.37B,15.82%,$2.33B,$0.37B,15.82%,$2.33B,$0.37B,15.82%,$2.33B,$0.33B,14.19%,$2.33B,$0.23B,9.95%,$0.23B,$1.84B,11.62%,$0.23B,$1.84B,12.06%,$0.23B,$2.78B,7.68%,$0.37B,$2.07B,16.40%,$527,$258,$270,$0,$223,$481,$46,$1,$47,$15,$32,$26,$26,$46,$46,$185,185,$0.14,$0.14,$310,$0,$727,$1036,$0,$0,$0,$413,$413,$2782,$537,$228,$177,$405,$942,$939,$865,$0,$1841,$2782,$0,$0,$0,$0,$0,$0,$0,$0,$0,$0,$0,$0,$0,$0,$0,$0,$0,$0,$0,$0,$0,$0,$0,$0,$0,$0,$0,$0,$0
16,2014-06-30,21.51,$0.00,0.0,$13.18,1.63,$0.80,26.86,$1.35,15.93,$1.18B,$0.49B,2.43,$0.25B,$2.00B,0.12,$2.35B,$1.29B,54.72%,$2.35B,$0.39B,16.64%,$2.35B,$0.39B,16.64%,$2.35B,$0.39B,16.64%,$2.35B,$0.34B,14.38%,$2.35B,$0.25B,10.51%,$0.25B,$2.00B,12.50%,$0.25B,$2.00B,12.97%,$0.25B,$2.88B,8.08%,$0.39B,$2.24B,17.42%,$475,$236,$239,$0,$175,$411,$65,$-8,$56,$8,$48,$42,$42,$65,$65,$185,185,$0.20,$0.20,$498,$0,$679,$1177,$0,$0,$0,$436,$436,$2882,$485,$248,$153,$401,$886,$1018,$948,$0,$1996,$2882,$0,$0,$0,$0,$0,$0,$0,$0,$0,$0,$0,$0,$0,$0,$0,$0,$0,$0,$0,$0,$0,$0,$0,$0,$0,$0,$0,$0,$0
17,2014-03-31,20.21,$0.00,0.0,$13.76,1.47,$1.12,18.0,$1.35,14.97,$1.31B,$0.57B,2.31,$0.25B,$1.98B,0.13,$2.38B,$1.30B,54.63%,$2.38B,$0.36B,15.26%,$2.38B,$0.36B,15.26%,$2.38B,$0.36B,15.26%,$2.38B,$0.32B,13.58%,$2.38B,$0.24B,9.97%,$0.24B,$1.98B,12.73%,$0.24B,$1.98B,13.79%,$0.24B,$2.96B,7.88%,$0.36B,$2.23B,17.00%,$607,$270,$337,$0,$235,$505,$102,$-4,$97,$17,$80,$74,$74,$102,$102,$185,185,$0.40,$0.40,$631,$0,$679,$1310,$0,$0,$0,$409,$409,$2957,$566,$250,$159,$409,$976,$1021,$929,$0,$1982,$2957,$0,$0,$0,$0,$0,$0,$0,$0,$0,$0,$0,$0,$0,$0,$0,$0,$0,$0,$0,$0,$0,$0,$0,$0,$0,$0,$0,$0,$0
18,2013-12-31,21.77,$0.00,0.0,$14.52,1.5,$1.12,19.39,$1.49,14.61,$1.64B,$0.82B,2.0,$0.29B,$2.17B,0.13,$2.42B,$1.33B,55.11%,$2.42B,$0.38B,15.86%,$2.42B,$0.38B,15.86%,$2.42B,$0.38B,15.86%,$2.42B,$0.34B,14.04%,$2.42B,$0.25B,10.27%,$0.25B,$2.17B,14.17%,$0.25B,$1.88B,15.43%,$0.25B,$3.46B,8.39%,$0.38B,$2.45B,18.82%,$723,$303,$420,$0,$264,$567,$156,$-21,$131,$33,$98,$90,$90,$156,$156,$183,183,$0.49,$0.49,$827,$306,$44,$1637,$0,$49,$292,$31,$421,$3455,$818,$286,$37,$469,$1287,$1125,$984,$0,$2168,$3455,$0,$0,$0,$0,$0,$0,$0,$0,$0,$388,$-241,$0,$-29,$0,$0,$0,$-3,$-274,$0,$24,$22,$0,$0,$-127,$585,$503,$613,$0,$0
19,2013-09-30,23.8,$0.00,0.0,$14.94,1.59,$0.67,35.62,$1.60,14.87,$1.18B,$0.70B,1.68,$0.29B,$1.76B,0.16,$2.39B,$1.29B,54.00%,$2.39B,$0.32B,13.45%,$2.39B,$0.32B,13.45%,$2.39B,$0.32B,13.45%,$2.39B,$0.35B,14.45%,$2.39B,$0.25B,10.60%,$0.25B,$1.76B,15.99%,$0.25B,$1.76B,17.52%,$0.25B,$2.93B,9.07%,$0.32B,$2.05B,16.93%,$545,$255,$290,$0,$222,$477,$68,$-14,$54,$8,$46,$41,$41,$68,$68,$161,161,$0.26,$0.26,$428,$0,$750,$1179,$0,$0,$0,$427,$427,$2928,$704,$286,$177,$463,$1167,$760,$930,$0,$1760,$2928,$0,$0,$0,$0,$0,$0,$0,$0,$0,$0,$0,$0,$0,$0,$0,$0,$0,$0,$0,$0,$0,$0,$0,$0,$0,$0,$0,$0,$0
20,2013-06-30,25.59,$0.00,0.0,$14.74,1.74,$0.67,38.29,$1.57,16.32,$0.89B,$0.65B,1.36,$0.27B,$1.54B,0.18,$2.35B,$1.26B,53.83%,$2.35B,$0.32B,13.76%,$2.35B,$0.32B,13.76%,$2.35B,$0.32B,13.76%,$2.35B,$0.35B,15.08%,$2.35B,$0.25B,10.56%,$0.25B,$1.54B,16.48%,$0.25B,$1.26B,18.14%,$0.25B,$2.68B,9.10%,$0.32B,$1.81B,17.49%,$503,$251,$252,$0,$215,$466,$37,$-4,$41,$5,$36,$32,$32,$37,$37,$159,159,$0.20,$0.20,$145,$337,$32,$885,$0,$50,$283,$35,$421,$2684,$652,$272,$70,$494,$1146,$453,$962,$0,$1538,$2684,$0,$0,$0,$0,$0,$0,$0,$0,$0,$158,$-106,$0,$-4,$0,$0,$0,$-1,$-111,$0,$-24,$50,$0,$0,$-134,$-13,$-122,$-77,$0,$0
21,2013-03-31,28.86,$0.00,0.0,$14.66,1.97,$0.35,83.33,$1.53,18.89,$0.98B,$0.73B,1.35,$0.30B,$1.54B,0.19,$2.29B,$1.23B,53.76%,$2.29B,$0.33B,14.25%,$2.29B,$0.33B,14.25%,$2.29B,$0.33B,14.25%,$2.29B,$0.35B,15.21%,$2.29B,$0.24B,10.45%,$0.24B,$1.54B,16.26%,$0.24B,$1.54B,17.03%,$0.24B,$2.76B,8.94%,$0.33B,$1.83B,17.83%,$644,$275,$369,$0,$247,$522,$122,$-9,$113,$24,$89,$85,$85,$122,$122,$159,159,$0.54,$0.54,$223,$0,$761,$984,$0,$0,$0,$453,$453,$2759,$731,$295,$196,$491,$1222,$489,$954,$0,$1537,$2759,$0,$0,$0,$0,$0,$0,$0,$0,$0,$0,$0,$0,$0,$0,$0,$0,$0,$0,$0,$0,$0,$0,$0,$0,$0,$0,$0,$0,$0
22,2012-12-31,27.24,$0.00,0.0,$14.23,1.91,$0.35,78.63,$1.51,18.06,$1.04B,$0.66B,1.58,$0.41B,$1.49B,0.27,$2.22B,$1.18B,53.33%,$2.22B,$0.33B,14.82%,$2.22B,$0.33B,14.82%,$2.22B,$0.33B,14.82%,$2.22B,$0.34B,15.23%,$2.22B,$0.24B,10.63%,$0.24B,$1.49B,16.46%,$0.24B,$1.22B,17.26%,$0.24B,$2.79B,8.99%,$0.33B,$1.90B,18.23%,$695,$317,$378,$0,$284,$601,$94,$-9,$137,$29,$109,$95,$95,$94,$94,$159,159,$0.60,$0.60,$252,$298,$41,$1041,$0,$50,$270,$50,$420,$2786,$661,$405,$71,$633,$1293,$453,$904,$0,$1492,$2786,$0,$0,$0,$0,$0,$0,$0,$0,$0,$292,$-236,$0,$-41,$0,$0,$0,$-5,$-282,$0,$60,$79,$0,$0,$-139,$-168,$-168,$-159,$0,$0
23,2012-09-30,24.57,$0.00,0.0,$13.80,1.78,$1.23,20.02,$1.47,16.74,$0.98B,$0.61B,1.6,$0.39B,$1.45B,0.27,$2.13B,$1.10B,51.76%,$2.13B,$0.28B,13.27%,$2.13B,$0.28B,13.27%,$2.13B,$0.28B,13.27%,$2.13B,$0.38B,17.58%,$2.13B,$0.23B,10.69%,$0.23B,$1.45B,16.05%,$0.23B,$1.46B,16.73%,$0.23B,$2.68B,8.74%,$0.28B,$1.85B,15.97%,$506,$241,$265,$0,$195,$436,$70,$-7,$63,$22,$41,$36,$36,$70,$70,$159,159,$0.23,$0.23,$248,$0,$730,$978,$0,$0,$0,$444,$444,$2676,$612,$393,$215,$608,$1220,$488,$860,$0,$1454,$2674,$0,$0,$0,$0,$0,$0,$0,$0,$0,$0,$0,$0,$0,$0,$0,$0,$0,$0,$0,$0,$0,$0,$0,$0,$0,$0,$0,$0,$0
24,2012-06-30,21.48,$0.00,0.0,$13.41,1.6,$1.23,17.51,$1.52,14.13,$0.90B,$0.55B,1.65,$0.34B,$1.40B,0.25,$2.05B,$1.06B,51.49%,$2.05B,$0.28B,13.42%,$2.05B,$0.28B,13.42%,$2.05B,$0.28B,13.42%,$2.05B,$0.38B,18.40%,$2.05B,$0.23B,11.42%,$0.23B,$1.40B,17.02%,$0.23B,$1.40B,17.77%,$0.23B,$2.47B,9.28%,$0.28B,$1.74B,15.91%,$443,$225,$218,$0,$178,$403,$40,$-4,$35,$9,$26,$23,$23,$40,$40,$144,144,$0.16,$0.16,$275,$0,$627,$902,$0,$0,$0,$400,$400,$2474,$546,$342,$189,$531,$1077,$460,$795,$0,$1397,$2474,$0,$0,$0,$0,$0,$0,$0,$0,$0,$0,$0,$0,$0,$0,$0,$0,$0,$0,$0,$0,$0,$0,$0,$0,$0,$0,$0,$0,$0
25,2012-03-31,26.38,$0.00,0.0,$12.90,2.04,$1.23,21.5,$1.50,17.63,$1.03B,$0.64B,1.61,$0.34B,$1.39B,0.25,$2.02B,$1.04B,51.61%,$2.02B,$0.28B,13.80%,$2.02B,$0.28B,13.80%,$2.02B,$0.28B,13.80%,$2.02B,$0.37B,18.56%,$2.02B,$0.23B,11.56%,$0.23B,$1.39B,17.02%,$0.23B,$1.39B,17.78%,$0.23B,$2.56B,9.28%,$0.28B,$1.74B,15.88%,$576,$253,$323,$0,$198,$450,$125,$-10,$103,$18,$84,$82,$82,$125,$125,$159,159,$0.52,$0.52,$389,$0,$643,$1032,$0,$0,$0,$398,$398,$2561,$640,$344,$184,$528,$1168,$462,$786,$0,$1393,$2561,$0,$0,$0,$0,$0,$0,$0,$0,$0,$0,$0,$0,$0,$0,$0,$0,$0,$0,$0,$0,$0,$0,$0,$0,$0,$0,$0,$0,$0
26,2011-12-31,21.15,$0.00,0.0,$12.53,1.69,$1.23,17.24,$1.42,14.94,$1.14B,$0.74B,1.55,$0.33B,$1.44B,0.23,$1.94B,$1.00B,51.34%,$1.94B,$0.26B,13.58%,$1.94B,$0.26B,13.58%,$1.94B,$0.26B,13.58%,$1.94B,$0.38B,19.44%,$1.94B,$0.22B,11.32%,$0.22B,$1.44B,16.21%,$0.22B,$1.21B,16.93%,$0.22B,$2.73B,8.83%,$0.26B,$1.76B,14.93%,$608,$310,$298,$0,$251,$561,$48,$35,$174,$39,$135,$87,$87,$48,$48,$155,155,$0.56,$0.56,$373,$270,$91,$1139,$0,$100,$232,$8,$379,$2727,$737,$326,$100,$552,$1289,$453,$784,$0,$1438,$2727,$0,$0,$0,$0,$0,$0,$0,$0,$0,$351,$-162,$0,$-7,$0,$0,$-5,$13,$-160,$0,$52,$-13,$0,$0,$-132,$-44,$-137,$55,$0,$0
27,2011-09-30,17.05,$0.00,0.0,$11.69,1.46,$1.22,13.93,$1.34,12.76,$0.91B,$0.49B,1.87,$0.40B,$1.27B,0.32,$1.87B,$0.94B,50.43%,$1.87B,$0.23B,12.02%,$1.87B,$0.23B,12.02%,$1.87B,$0.23B,12.02%,$1.87B,$0.34B,18.06%,$1.87B,$0.22B,11.54%,$0.22B,$1.27B,16.55%,$0.22B,$1.27B,17.22%,$0.22B,$2.32B,9.05%,$0.23B,$1.67B,12.98%,$422,$206,$216,$0,$154,$359,$62,$3,$65,$20,$46,$42,$42,$62,$62,$151,151,$0.28,$0.28,$297,$0,$613,$910,$0,$0,$0,$377,$377,$2324,$486,$403,$165,$568,$1054,$443,$672,$0,$1270,$2324,$0,$0,$0,$0,$0,$0,$0,$0,$0,$0,$0,$0,$0,$0,$0,$0,$0,$0,$0,$0,$0,$0,$0,$0,$0,$0,$0,$0,$0
28,2011-06-30,19.4,$0.00,0.0,$11.01,1.76,$1.22,15.86,$1.30,14.97,$0.90B,$0.43B,2.12,$0.45B,$1.37B,0.33,$1.85B,$0.93B,50.46%,$1.85B,$0.22B,12.11%,$1.85B,$0.22B,12.11%,$1.85B,$0.22B,12.11%,$1.85B,$0.32B,17.31%,$1.85B,$0.22B,11.84%,$0.22B,$1.37B,17.64%,$0.22B,$1.37B,18.40%,$0.22B,$2.43B,9.24%,$0.22B,$1.83B,13.31%,$409,$206,$203,$0,$160,$366,$43,$-11,$32,$7,$25,$22,$22,$43,$43,$159,159,$0.14,$0.14,$324,$0,$580,$904,$0,$0,$0,$411,$411,$2432,$427,$453,$178,$631,$1058,$0,$725,$0,$1374,$2432,$0,$0,$0,$0,$0,$0,$0,$0,$0,$0,$0,$0,$0,$0,$0,$0,$0,$0,$0,$0,$0,$0,$0,$0,$0,$0,$0,$0,$0
29,2011-03-31,18.99,$0.00,0.0,$10.21,1.86,$1.22,15.52,$1.32,14.39,$0.99B,$0.50B,1.97,$0.46B,$1.35B,0.34,$1.77B,$0.90B,50.96%,$1.77B,$0.23B,13.05%,$1.77B,$0.23B,13.05%,$1.77B,$0.23B,13.05%,$1.77B,$0.33B,18.87%,$1.77B,$0.23B,12.82%,$0.23B,$1.35B,20.22%,$0.23B,$1.35B,21.19%,$0.23B,$2.49B,10.06%,$0.23B,$1.81B,14.93%,$505,$224,$281,$0,$170,$394,$111,$-4,$107,$29,$78,$69,$69,$111,$111,$156,156,$0.44,$0.44,$385,$0,$609,$994,$0,$0,$0,$405,$405,$2485,$504,$462,$172,$634,$1138,$0,$698,$0,$1347,$2485,$0,$0,$0,$0,$0,$0,$0,$0,$0,$0,$0,$0,$0,$0,$0,$0,$0,$0,$0,$0,$0,$0,$0,$0,$0,$0,$0,$0,$0
30,2010-12-31,19.4,$0.00,0.0,$9.37,2.07,$1.22,15.85,$1.28,15.11,$0.89B,$0.47B,1.88,$0.40B,$1.23B,0.32,$1.67B,$0.85B,51.02%,$1.67B,$0.21B,12.62%,$1.67B,$0.21B,12.62%,$1.67B,$0.21B,12.62%,$1.67B,$0.32B,18.84%,$1.67B,$0.23B,13.58%,$0.23B,$1.23B,21.29%,$0.23B,$1.03B,22.37%,$0.23B,$2.30B,10.49%,$0.21B,$1.63B,14.30%,$536,$292,$244,$0,$235,$527,$9,$7,$134,$22,$112,$83,$83,$9,$9,$173,173,$0.48,$0.48,$303,$217,$67,$893,$0,$100,$205,$19,$361,$2303,$474,$397,$95,$599,$1073,$431,$624,$0,$1230,$2303,$0,$0,$0,$0,$0,$0,$0,$0,$0,$319,$-106,$0,$-21,$0,$0,$0,$-3,$-131,$0,$17,$-14,$0,$0,$-145,$-17,$-159,$29,$0,$0
31,2010-09-30,17.59,$0.00,0.0,$8.90,1.97,$-1.58,0.0,$1.21,14.56,$0.83B,$0.41B,2.04,$0.46B,$1.02B,0.45,$1.59B,$0.89B,55.81%,$1.59B,$0.35B,21.66%,$1.59B,$0.35B,21.66%,$1.59B,$0.35B,21.66%,$1.59B,$0.29B,17.89%,$1.59B,$0.21B,13.43%,$0.21B,$1.02B,22.14%,$0.21B,$1.02B,23.26%,$0.21B,$2.27B,10.26%,$0.35B,$1.47B,25.15%,$399,$194,$205,$0,$145,$339,$61,$-13,$47,$2,$45,$45,$45,$61,$61,$189,189,$0.24,$0.24,$256,$0,$572,$828,$0,$0,$0,$393,$393,$2265,$405,$455,$157,$845,$1250,$478,$606,$0,$1015,$2265,$0,$0,$0,$0,$0,$0,$0,$0,$0,$0,$0,$0,$0,$0,$0,$0,$0,$0,$0,$0,$0,$0,$0,$0,$0,$0,$0,$0,$0
32,2010-06-30,13.62,$0.00,0.0,$11.75,1.16,$-1.58,0.0,$1.48,9.21,$0.71B,$0.35B,2.05,$0.39B,$0.90B,0.43,$1.51B,$0.85B,56.13%,$1.51B,$0.33B,22.07%,$1.51B,$0.33B,22.07%,$1.51B,$0.33B,22.07%,$1.51B,$0.29B,18.89%,$1.51B,$0.20B,13.39%,$0.20B,$0.90B,20.78%,$0.20B,$0.90B,21.83%,$0.20B,$1.97B,9.95%,$0.33B,$1.28B,24.40%,$330,$159,$172,$0,$122,$280,$50,$-4,$46,$16,$30,$30,$30,$50,$50,$187,187,$0.16,$0.16,$184,$0,$522,$706,$0,$0,$0,$354,$354,$1973,$345,$386,$139,$730,$1075,$422,$518,$0,$898,$1973,$0,$0,$0,$0,$0,$0,$0,$0,$0,$0,$0,$0,$0,$0,$0,$0,$0,$0,$0,$0,$0,$0,$0,$0,$0,$0,$0,$0,$0
33,2010-03-31,11.22,$0.00,0.0,$11.85,0.95,$-1.58,0.0,$1.67,6.72,$0.80B,$0.44B,1.81,$0.40B,$1.12B,0.36,$1.48B,$0.82B,55.45%,$1.48B,$0.31B,20.99%,$1.48B,$0.31B,20.99%,$1.48B,$0.31B,20.99%,$1.48B,$0.30B,20.45%,$1.48B,$0.23B,15.44%,$0.23B,$1.12B,23.28%,$0.23B,$1.12B,24.44%,$0.23B,$2.12B,11.22%,$0.31B,$1.52B,22.42%,$407,$176,$232,$0,$141,$316,$91,$-3,$88,$19,$69,$69,$69,$91,$91,$170,170,$0.40,$0.40,$318,$0,$479,$797,$0,$0,$0,$388,$388,$2116,$441,$402,$152,$554,$995,$0,$469,$0,$1121,$2116,$0,$0,$0,$0,$0,$0,$0,$0,$0,$0,$0,$0,$0,$0,$0,$0,$0,$0,$0,$0,$0,$0,$0,$0,$0,$0,$0,$0,$0
34,2009-12-31,11.67,$0.00,0.0,$9.44,1.24,$-1.58,0.0,$1.27,9.22,$0.73B,$0.44B,1.66,$0.38B,$0.83B,0.45,$1.44B,$0.78B,54.45%,$1.44B,$0.29B,20.10%,$1.44B,$0.29B,20.10%,$1.44B,$0.29B,20.10%,$1.44B,$0.28B,19.19%,$1.44B,$0.22B,15.16%,$0.22B,$0.83B,23.75%,$0.22B,$0.65B,25.03%,$0.22B,$1.99B,11.20%,$0.29B,$1.21B,22.46%,$457,$178,$280,$0,$138,$314,$143,$2,$104,$11,$93,$70,$70,$143,$143,$174,174,$0.40,$0.40,$247,$195,$50,$734,$0,$78,$186,$5,$313,$1987,$442,$378,$45,$713,$1155,$416,$462,$0,$832,$1987,$0,$0,$0,$0,$0,$0,$0,$0,$0,$-172,$-104,$0,$0,$0,$0,$0,$48,$-55,$0,$0,$37,$0,$0,$-91,$-12,$-67,$148,$0,$0
35,2009-09-30,9.99,$0.00,0.0,$9.33,1.07,$0.72,13.9,$1.09,9.13,$0.75B,$0.46B,1.63,$0.41B,$1.04B,0.39,$1.38B,$0.64B,46.49%,$1.38B,$0.08B,5.87%,$1.38B,$0.08B,5.87%,$1.38B,$0.08B,5.87%,$1.38B,$0.24B,17.23%,$1.38B,$0.19B,13.40%,$0.19B,$1.04B,19.32%,$0.19B,$1.04B,19.32%,$0.19B,$2.04B,9.32%,$0.08B,$1.44B,6.17%,$315,$152,$163,$0,$115,$267,$49,$-2,$47,$2,$44,$33,$33,$49,$49,$64,64,$0.51,$0.51,$288,$0,$463,$751,$0,$0,$0,$397,$397,$2044,$461,$405,$141,$546,$1007,$0,$407,$0,$1037,$2044,$0,$0,$0,$0,$0,$0,$0,$0,$0,$0,$0,$0,$0,$0,$0,$0,$0,$0,$0,$0,$0,$0,$0,$0,$0,$0,$0,$0,$0
36,2009-06-30,10.21,$0.00,0.0,$6.30,1.62,$0.72,14.2,$0.70,14.58,$0.76B,$0.38B,2.02,$0.43B,$0.00B,0.0,$1.37B,$0.63B,46.03%,$1.37B,$0.07B,4.88%,$1.37B,$0.07B,4.88%,$1.37B,$0.07B,4.88%,$1.37B,$0.22B,15.80%,$1.37B,$0.17B,12.45%,$0.17B,$0.93B,18.84%,$0.17B,$0.93B,18.85%,$0.17B,$1.98B,9.12%,$0.07B,$1.36B,5.40%,$298,$154,$144,$0,$117,$271,$27,$36,$63,$6,$57,$56,$56,$27,$27,$160,160,$0.35,$0.35,$210,$0,$550,$760,$0,$0,$0,$291,$291,$1982,$377,$429,$81,$678,$1055,$0,$0,$0,$927,$1982,$0,$0,$0,$0,$0,$0,$0,$0,$0,$0,$0,$0,$0,$0,$0,$0,$0,$0,$0,$0,$0,$0,$0,$0,$0,$0,$0,$0,$0
37,2009-03-31,7.8,$0.00,0.0,$6.22,1.26,$0.72,10.86,$0.50,15.6,$0.63B,$0.40B,1.56,$0.26B,$0.00B,0.0,$1.36B,$0.63B,46.47%,$1.36B,$0.07B,4.86%,$1.36B,$0.07B,4.86%,$1.36B,$0.07B,4.86%,$1.36B,$0.18B,13.03%,$1.36B,$0.14B,10.24%,$0.14B,$0.88B,15.75%,$0.14B,$0.87B,15.76%,$0.14B,$1.77B,7.81%,$0.07B,$1.14B,5.55%,$368,$173,$196,$0,$124,$298,$70,$-8,$62,$2,$60,$59,$59,$70,$70,$0,0,$0.00,$0.00,$113,$0,$514,$627,$0,$0,$0,$282,$282,$1771,$402,$264,$75,$495,$897,$0,$0,$0,$875,$1771,$0,$0,$0,$0,$0,$0,$0,$0,$0,$0,$0,$0,$0,$0,$0,$0,$0,$0,$0,$0,$0,$0,$0,$0,$0,$0,$0,$0,$0
38,2008-12-31,7.29,$0.00,0.0,$8.84,0.82,$0.72,10.15,$0.97,7.53,$0.75B,$0.55B,1.37,$0.32B,$0.99B,0.33,$1.41B,$0.67B,47.55%,$1.41B,$0.09B,6.25%,$1.41B,$0.09B,6.25%,$1.41B,$0.09B,6.25%,$1.41B,$0.20B,14.27%,$1.41B,$0.16B,11.00%,$0.16B,$0.99B,17.07%,$0.16B,$0.99B,17.07%,$0.16B,$2.15B,8.57%,$0.09B,$1.32B,7.12%,$400,$261,$139,$0,$209,$465,$-65,$-24,$66,$16,$49,$37,$37,$-65,$-65,$159,159,$0.23,$0.23,$73,$268,$111,$751,$0,$0,$0,$355,$355,$2146,$547,$322,$50,$607,$1153,$431,$528,$0,$992,$2146,$165,$118,$0,$118,$0,$0,$0,$0,$-80,$239,$-125,$0,$0,$0,$0,$-205,$9,$-321,$0,$45,$0,$0,$0,$-105,$-0,$-60,$-154,$0,$0
39,2008-09-30,8.72,$0.00,0.0,$8.73,1.0,$0.76,11.5,$1.18,7.39,$0.52B,$0.25B,2.1,$0.32B,$0.00B,0.0,$1.39B,$0.70B,50.65%,$1.39B,$0.16B,11.58%,$1.39B,$0.16B,11.58%,$1.39B,$0.16B,11.58%,$1.39B,$0.23B,16.83%,$1.39B,$0.19B,13.60%,$0.19B,$0.84B,21.95%,$0.19B,$0.84B,21.95%,$0.19B,$1.60B,11.21%,$0.16B,$1.16B,13.53%,$307,$154,$153,$0,$117,$272,$35,$-9,$26,$6,$20,$19,$19,$35,$35,$159,159,$0.12,$0.12,$65,$0,$455,$520,$0,$0,$0,$259,$259,$1603,$248,$319,$102,$519,$767,$0,$0,$0,$836,$1603,$0,$0,$0,$0,$0,$0,$0,$0,$0,$0,$0,$0,$0,$0,$0,$0,$0,$0,$0,$0,$0,$0,$0,$0,$0,$0,$0,$0,$0
40,2008-06-30,7.92,$0.00,0.0,$8.51,0.93,$0.76,10.44,$1.19,6.67,$0.51B,$0.24B,2.14,$0.32B,$0.00B,0.0,$1.35B,$0.69B,50.74%,$1.35B,$0.16B,11.69%,$1.35B,$0.16B,11.69%,$1.35B,$0.16B,11.69%,$1.35B,$0.23B,17.23%,$1.35B,$0.19B,14.05%,$0.19B,$0.83B,22.71%,$0.19B,$0.83B,22.71%,$0.19B,$1.60B,11.64%,$0.16B,$1.15B,13.83%,$283,$140,$143,$0,$115,$257,$26,$-4,$23,$-4,$27,$24,$24,$26,$26,$159,159,$0.15,$0.15,$81,$0,$425,$506,$0,$0,$0,$264,$264,$1595,$236,$322,$105,$533,$769,$0,$0,$0,$827,$1595,$0,$0,$0,$0,$0,$0,$0,$0,$0,$0,$0,$0,$0,$0,$0,$0,$0,$0,$0,$0,$0,$0,$0,$0,$0,$0,$0,$0,$0
41,2008-03-31,9.04,$0.00,0.0,$8.19,1.1,$0.76,11.92,$1.11,8.13,$0.77B,$0.30B,2.6,$0.35B,$0.00B,0.0,$1.30B,$0.65B,50.35%,$1.30B,$0.15B,11.55%,$1.30B,$0.15B,11.55%,$1.30B,$0.15B,11.55%,$1.30B,$0.22B,17.17%,$1.30B,$0.18B,13.70%,$0.18B,$0.98B,22.22%,$0.18B,$0.98B,22.22%,$0.18B,$1.89B,11.45%,$0.15B,$1.33B,13.87%,$419,$185,$235,$0,$141,$327,$92,$-6,$86,$10,$76,$75,$75,$92,$92,$160,160,$0.47,$0.47,$307,$0,$461,$768,$0,$0,$0,$226,$226,$1891,$296,$350,$145,$618,$914,$0,$0,$0,$977,$1891,$0,$0,$0,$0,$0,$0,$0,$0,$0,$0,$0,$0,$0,$0,$0,$0,$0,$0,$0,$0,$0,$0,$0,$0,$0,$0,$0,$0,$0
42,2007-12-31,8.91,$0.00,0.0,$7.42,1.2,$0.76,11.75,$0.94,9.48,$0.67B,$0.30B,2.22,$0.33B,$0.80B,0.41,$1.18B,$0.59B,49.74%,$1.18B,$0.12B,10.37%,$1.18B,$0.12B,10.37%,$1.18B,$0.12B,10.37%,$1.18B,$0.20B,16.75%,$1.18B,$0.15B,12.76%,$0.15B,$0.80B,20.51%,$0.15B,$0.80B,20.51%,$0.15B,$1.65B,10.60%,$0.12B,$1.13B,12.46%,$381,$208,$173,$0,$168,$372,$8,$9,$99,$17,$81,$71,$71,$8,$8,$159,159,$0.44,$0.44,$182,$155,$92,$669,$0,$0,$0,$196,$196,$1653,$301,$326,$83,$548,$850,$396,$377,$0,$804,$1653,$158,$96,$0,$96,$0,$0,$0,$0,$-15,$239,$-119,$0,$0,$0,$0,$25,$-2,$-96,$0,$19,$0,$0,$15,$-79,$-1,$-45,$96,$0,$0
43,2007-09-30,9.59,$0.00,0.0,$7.00,1.37,$0.64,14.9,$0.76,12.56,$0.47B,$0.23B,2.06,$0.23B,$0.00B,0.0,$1.11B,$0.55B,49.59%,$1.11B,$0.11B,10.28%,$1.11B,$0.11B,10.28%,$1.11B,$0.11B,10.28%,$1.11B,$0.16B,14.43%,$1.11B,$0.12B,11.00%,$0.12B,$0.74B,17.31%,$0.12B,$0.74B,17.31%,$0.12B,$1.39B,9.01%,$0.11B,$0.97B,12.26%,$269,$134,$135,$0,$102,$237,$32,$-7,$25,$4,$21,$20,$20,$32,$32,$158,158,$0.12,$0.12,$93,$0,$377,$469,$0,$0,$0,$199,$199,$1393,$228,$227,$100,$426,$655,$0,$0,$0,$738,$1393,$0,$0,$0,$0,$0,$0,$0,$0,$0,$0,$0,$0,$0,$0,$0,$0,$0,$0,$0,$0,$0,$0,$0,$0,$0,$0,$0,$0,$0
44,2007-06-30,9.19,$0.00,0.0,$6.75,1.36,$0.64,14.27,$0.74,12.35,$0.42B,$0.19B,2.18,$0.22B,$0.00B,0.0,$1.07B,$0.53B,49.58%,$1.07B,$0.11B,10.16%,$1.07B,$0.11B,10.16%,$1.07B,$0.11B,10.16%,$1.07B,$0.16B,14.63%,$1.07B,$0.12B,11.09%,$0.12B,$0.69B,17.54%,$0.12B,$0.69B,17.54%,$0.12B,$1.28B,9.07%,$0.11B,$0.91B,12.08%,$230,$118,$111,$0,$92,$212,$18,$-5,$13,$1,$13,$12,$12,$18,$18,$157,157,$0.08,$0.08,$78,$0,$337,$415,$0,$0,$0,$194,$194,$1279,$190,$221,$89,$404,$594,$0,$0,$0,$685,$1279,$0,$0,$0,$0,$0,$0,$0,$0,$0,$0,$0,$0,$0,$0,$0,$0,$0,$0,$0,$0,$0,$0,$0,$0,$0,$0,$0,$0,$0
45,2007-03-31,7.49,$0.00,0.0,$6.51,1.15,$0.64,11.64,$0.70,10.64,$0.51B,$0.26B,1.97,$0.22B,$0.00B,0.0,$1.05B,$0.52B,49.19%,$1.05B,$0.10B,9.46%,$1.05B,$0.10B,9.46%,$1.05B,$0.10B,9.46%,$1.05B,$0.15B,14.42%,$1.05B,$0.11B,10.79%,$0.11B,$0.70B,17.14%,$0.11B,$0.70B,17.14%,$0.11B,$1.34B,8.81%,$0.10B,$0.92B,11.21%,$296,$130,$166,$0,$101,$233,$64,$-4,$60,$12,$48,$47,$47,$64,$64,$159,159,$0.30,$0.30,$181,$0,$332,$514,$0,$0,$0,$187,$187,$1338,$261,$218,$83,$379,$641,$0,$0,$0,$698,$1338,$0,$0,$0,$0,$0,$0,$0,$0,$0,$0,$0,$0,$0,$0,$0,$0,$0,$0,$0,$0,$0,$0,$0,$0,$0,$0,$0,$0,$0
46,2006-12-31,7.08,$0.00,0.0,$6.31,1.12,$0.64,11.0,$0.65,10.86,$0.53B,$0.29B,1.8,$0.24B,$0.70B,0.34,$1.02B,$0.50B,48.92%,$1.02B,$0.08B,8.27%,$1.02B,$0.08B,8.27%,$1.02B,$0.08B,8.27%,$1.02B,$0.14B,13.68%,$1.02B,$0.11B,10.33%,$0.11B,$0.70B,16.24%,$0.11B,$0.70B,16.24%,$0.11B,$1.41B,8.35%,$0.08B,$0.93B,9.54%,$314,$176,$138,$0,$143,$314,$-0,$-13,$62,$12,$50,$43,$43,$-0,$-0,$159,159,$0.27,$0.27,$58,$149,$110,$528,$0,$0,$0,$194,$194,$1405,$293,$235,$63,$413,$706,$369,$301,$0,$698,$1405,$112,$91,$0,$91,$0,$0,$0,$0,$-15,$196,$-94,$0,$0,$0,$0,$21,$-31,$-103,$0,$-10,$0,$0,$0,$-63,$1,$-72,$21,$0,$0
