,Date,Stock Price,Book Value per Share,Price to Book Ratio,TTM Sales per Share,Price to Sales Ratio,TTM FCF per Share,Price to FCF Ratio,TTM Net EPS,PE Ratio,Current Assets,Current Liabilities,Current Ratio,Long Term Debt,Shareholder's Equity_x,Debt to Equity Ratio,TTM Revenue_x,TTM Gross Profit,Gross Margin,TTM Revenue_y,TTM Operating Income,Operating Margin,TTM Revenue_x,TTM EBIT,EBIT Margin,TTM Revenue_y,TTM EBITDA,EBITDA Margin,TTM Revenue_x,TTM Pre-Tax Income,Pre-Tax Margin,TTM Revenue_y,TTM Net Income_x,Net Margin,TTM Net Income_y,Shareholder's Equity_y,Return on Equity,TTM Net Income_x,Tangible Equity,Return on Tangible Equity,TTM Net Income_y,Total Assets,Return on Assets,TTM Net Income,LT Investments & Debt,Return on Investment,revenue,cost-goods-sold,gross-profit,research-development-expenses,selling-general-administrative-expenses,operating-expenses,operating-income,total-non-operating-income-expense,pre-tax-income,total-provision-income-taxes,income-after-taxes,income-from-continuous-operations,net-income,ebitda,ebit,basic-shares-outstanding,shares-outstanding,eps-basic-net-earnings-per-share,eps-earnings-per-share-diluted,cash-on-hand,inventory,other-current-assets,total-current-assets,net-property-plant-equipment,long-term-investments,goodwill-intangible-assets-total,other-long-term-assets,total-long-term-assets,total-assets,total-current-liabilities,long-term-debt,other-non-current-liabilities,total-long-term-liabilities,total-liabilities,common-stock-net,retained-earnings-accumulated-deficit,comprehensive-income,total-share-holder-equity,total-liabilities-share-holders-equity,net-income-loss,total-depreciation-amortization-cash-flow,other-non-cash-items,total-non-cash-items,change-in-accounts-receivable,change-in-inventories,change-in-accounts-payable,change-in-assets-liabilities,total-change-in-assets-liabilities,cash-flow-from-operating-activities,net-change-in-property-plant-equipment,net-change-in-intangible-assets,net-acquisitions-divestitures,net-change-in-short-term-investments,net-change-in-long-term-investments,net-change-in-investments-total,investing-activities-other,cash-flow-from-investing-activities,net-long-term-debt,net-current-debt,debt-issuance-retirement-net-total,net-common-equity-issued-repurchased,net-total-equity-issued-repurchased,total-common-preferred-stock-dividends-paid,financial-activities-other,cash-flow-from-financial-activities,net-cash-flow,stock-based-compensation,common-stock-dividends-paid
0,2018-09-30,5.33,$4.11,1.3,$3.75,1.42,$-0.63,0.0,$-0.22,0.0,$0.29B,$0.15B,1.96,$0.41B,$0.77B,0.53,$0.70B,$0.25B,36.01%,$0.70B,$0.03B,4.30%,$0.70B,$0.03B,4.30%,$0.70B,$0.18B,25.82%,$0.70B,$-0.01B,-1.43%,$0.70B,$-0.04B,-5.88%,$-0.04B,$0.77B,-5.10%,$-0.04B,$0.77B,-5.10%,$-0.04B,$1.60B,-2.49%,$0.03B,$1.17B,2.50%,$149,$117,$32,$8,$8,$172,$-23,$-26,$-49,$4,$-53,$-53,$-53,$11,$-23,$185,185,$-0.29,$-0.29,$105,$140,$0,$287,$286,$24,$0,$40,$1311,$1598,$147,$406,$178,$684,$831,$2,$-2593,$-0,$768,$1598,$-49,$102,$32,$134,$-17,$-20,$0,$4,$-68,$17,$-123,$0,$0,$0,$12,$12,$-13,$-124,$-8,$0,$-8,$0,$0,$0,$-5,$-13,$-86,$7,$0
1,2018-06-30,7.6,$4.38,1.74,$3.83,1.98,$0.08,101.2,$-0.02,0.0,$0.31B,$0.14B,2.23,$0.40B,$0.82B,0.49,$0.71B,$0.28B,39.12%,$0.71B,$0.06B,8.05%,$0.71B,$0.06B,8.05%,$0.71B,$0.21B,29.38%,$0.71B,$0.04B,5.93%,$0.71B,$-0.01B,-0.71%,$-0.01B,$0.82B,-0.62%,$-0.01B,$0.82B,-0.62%,$-0.01B,$1.64B,-0.31%,$0.06B,$1.22B,4.89%,$170,$108,$62,$6,$8,$155,$15,$-8,$7,$4,$3,$3,$3,$48,$15,$185,187,$0.02,$0.02,$124,$137,$0,$314,$273,$24,$0,$41,$1322,$1636,$141,$398,$176,$677,$817,$2,$-2540,$-0,$819,$1636,$4,$67,$1,$68,$-11,$-11,$0,$2,$-61,$12,$-84,$0,$0,$-0,$13,$12,$-28,$-100,$-8,$0,$-8,$0,$0,$0,$-5,$-13,$-67,$5,$0
2,2018-03-31,8.0,$4.37,1.83,$3.76,2.13,$0.59,13.51,$-0.10,0.0,$0.35B,$0.17B,2.06,$0.40B,$0.81B,0.49,$0.69B,$0.26B,38.08%,$0.69B,$0.04B,5.81%,$0.69B,$0.04B,5.81%,$0.69B,$0.19B,27.76%,$0.69B,$0.02B,3.49%,$0.69B,$-0.02B,-2.76%,$-0.02B,$0.81B,-2.40%,$-0.02B,$0.81B,-2.40%,$-0.02B,$1.66B,-1.23%,$0.04B,$1.21B,3.56%,$163,$99,$64,$7,$9,$150,$13,$-1,$13,$12,$1,$1,$1,$48,$13,$184,188,$0.01,$0.01,$160,$137,$0,$351,$266,$37,$0,$41,$1311,$1662,$171,$397,$175,$677,$848,$2,$-2543,$-0,$814,$1662,$1,$34,$-5,$30,$-2,$-9,$0,$-6,$-18,$13,$-42,$0,$0,$0,$1,$1,$-29,$-70,$-3,$0,$-3,$0,$0,$0,$-5,$-8,$-31,$3,$0
3,2017-12-31,7.5,$4.39,1.71,$3.91,1.92,$1.00,7.47,$-0.01,0.0,$0.45B,$0.23B,1.97,$0.38B,$0.82B,0.47,$0.71B,$0.27B,37.83%,$0.71B,$0.04B,5.63%,$0.71B,$0.04B,5.63%,$0.71B,$0.20B,27.71%,$0.71B,$0.04B,5.63%,$0.71B,$-0.00B,-0.14%,$-0.00B,$0.82B,-0.13%,$-0.00B,$0.82B,-0.13%,$-0.00B,$1.70B,-0.07%,$0.04B,$1.20B,3.74%,$215,$122,$93,$7,$9,$189,$25,$-6,$19,$5,$14,$14,$8,$73,$25,$180,184,$0.04,$0.04,$192,$132,$91,$450,$255,$35,$0,$38,$1252,$1701,$229,$381,$172,$657,$886,$2,$-2547,$3,$815,$1701,$-1,$157,$1,$158,$19,$24,$0,$-2,$52,$208,$-120,$0,$-156,$0,$-4,$-4,$-2,$-282,$140,$0,$140,$0,$0,$0,$-4,$136,$74,$11,$0
4,2017-09-30,9.19,$4.21,2.18,$3.14,2.93,$0.82,11.27,$-0.08,0.0,$0.47B,$0.13B,3.68,$0.28B,$0.77B,0.36,$0.56B,$0.21B,37.97%,$0.56B,$0.02B,2.85%,$0.56B,$0.02B,2.85%,$0.56B,$0.15B,26.56%,$0.56B,$0.00B,0.00%,$0.56B,$-0.02B,-3.03%,$-0.02B,$0.77B,-2.19%,$-0.02B,$0.77B,-2.19%,$-0.02B,$1.40B,-1.25%,$0.02B,$1.04B,1.58%,$160,$102,$58,$10,$7,$156,$4,$-1,$3,$14,$-12,$-12,$-17,$39,$4,$179,179,$-0.09,$-0.09,$236,$151,$0,$474,$235,$29,$0,$44,$928,$1402,$129,$275,$157,$509,$638,$2,$-2554,$-2,$765,$1402,$-9,$109,$4,$113,$10,$8,$0,$-2,$10,$114,$-90,$0,$0,$0,$-2,$-2,$11,$-81,$47,$0,$47,$0,$0,$0,$-4,$43,$80,$8,$0
5,2017-06-30,8.58,$4.29,2.0,$3.31,2.59,$0.95,8.99,$0.43,19.95,$0.48B,$0.12B,4.13,$0.27B,$0.78B,0.35,$0.58B,$0.23B,39.17%,$0.58B,$0.04B,6.93%,$0.58B,$0.04B,6.93%,$0.58B,$0.17B,29.12%,$0.58B,$0.01B,2.08%,$0.58B,$0.07B,12.13%,$0.07B,$0.78B,9.44%,$0.07B,$0.78B,9.44%,$0.07B,$1.40B,5.16%,$0.04B,$1.05B,3.96%,$150,$102,$47,$8,$7,$152,$-2,$-9,$-11,$-1,$-10,$-10,$-11,$31,$-2,$179,179,$-0.06,$-0.06,$250,$144,$0,$482,$228,$12,$0,$38,$913,$1395,$117,$272,$153,$500,$617,$2,$-2538,$-3,$778,$1395,$8,$74,$5,$79,$3,$10,$0,$-1,$-2,$85,$-61,$0,$0,$-10,$11,$1,$15,$-45,$53,$0,$53,$0,$0,$0,$-4,$49,$84,$6,$0
6,2017-03-31,8.08,$4.33,1.86,$3.63,2.23,$0.94,8.62,$0.58,13.93,$0.44B,$0.11B,4.1,$0.21B,$0.79B,0.27,$0.61B,$0.26B,42.86%,$0.61B,$0.07B,11.82%,$0.61B,$0.07B,11.82%,$0.61B,$0.21B,33.99%,$0.61B,$0.04B,6.08%,$0.61B,$0.10B,15.60%,$0.10B,$0.79B,14.16%,$0.10B,$0.79B,14.16%,$0.10B,$1.34B,6.99%,$0.07B,$1.00B,7.38%,$186,$114,$71,$5,$10,$172,$13,$16,$29,$11,$18,$18,$19,$54,$13,$179,183,$0.10,$0.10,$210,$140,$0,$440,$223,$4,$0,$34,$898,$1338,$107,$210,$157,$444,$551,$2,$-2527,$-3,$787,$1338,$19,$41,$-5,$36,$6,$15,$0,$-5,$1,$55,$-9,$0,$0,$0,$9,$9,$-0,$0,$-3,$0,$-3,$0,$0,$0,$-3,$-6,$44,$3,$0
7,2016-12-31,9.09,$4.25,2.14,$3.60,2.52,$0.58,15.71,$0.34,26.74,$0.41B,$0.12B,3.52,$0.20B,$0.77B,0.26,$0.57B,$0.24B,41.51%,$0.57B,$0.06B,10.33%,$0.57B,$0.06B,10.33%,$0.57B,$0.18B,32.22%,$0.57B,$-0.01B,-1.75%,$0.57B,$0.06B,9.81%,$0.06B,$0.77B,9.73%,$0.06B,$0.77B,9.73%,$0.06B,$1.32B,4.13%,$0.06B,$0.97B,6.19%,$65,$28,$37,$5,$6,$64,$1,$-22,$-21,$20,$-41,$-41,$-8,$25,$1,$160,163,$-0.03,$-0.03,$118,$158,$71,$411,$193,$4,$0,$79,$908,$1319,$117,$203,$161,$434,$550,$2,$-2545,$-2,$768,$1319,$55,$126,$-10,$115,$-3,$-35,$0,$-4,$-45,$126,$-78,$0,$-1,$0,$7,$7,$-11,$-83,$-345,$0,$-345,$270,$270,$0,$-4,$-80,$-40,$10,$0
8,2016-09-30,11.83,$3.77,3.13,$3.82,3.1,$0.48,24.6,$-1.91,0.0,$0.47B,$0.11B,4.13,$0.40B,$0.63B,0.63,$0.59B,$0.23B,39.25%,$0.59B,$-0.19B,-32.25%,$0.59B,$-0.19B,-32.25%,$0.59B,$-0.07B,-11.43%,$0.59B,$-0.23B,-39.76%,$0.59B,$-0.24B,-40.78%,$-0.24B,$0.63B,-48.93%,$-0.24B,$0.63B,-48.93%,$-0.24B,$1.37B,-17.57%,$-0.19B,$1.03B,-20.19%,$176,$105,$71,$4,$7,$148,$28,$-13,$15,$-54,$70,$70,$70,$58,$28,$161,166,$0.43,$0.42,$223,$160,$0,$468,$217,$6,$0,$30,$903,$1371,$113,$396,$148,$625,$739,$2,$-2537,$-2,$632,$1371,$64,$101,$-36,$65,$11,$-24,$0,$-2,$-28,$100,$-55,$0,$-1,$7,$0,$7,$-4,$-54,$-148,$0,$-148,$123,$123,$0,$0,$-25,$22,$8,$0
9,2016-06-30,10.66,$3.06,3.49,$3.96,2.69,$0.25,42.79,$-2.44,0.0,$0.51B,$0.22B,2.29,$0.41B,$0.50B,0.83,$0.57B,$0.20B,35.08%,$0.57B,$-0.22B,-39.09%,$0.57B,$-0.22B,-39.09%,$0.57B,$-0.09B,-16.23%,$0.57B,$-0.27B,-47.12%,$0.57B,$-0.32B,-56.37%,$-0.32B,$0.50B,-63.46%,$-0.32B,$0.50B,-63.46%,$-0.32B,$1.41B,-22.17%,$-0.22B,$0.91B,-22.56%,$182,$100,$82,$2,$7,$152,$30,$-16,$14,$-1,$14,$14,$14,$70,$30,$154,158,$0.09,$0.09,$258,$160,$0,$510,$217,$11,$0,$28,$902,$1412,$223,$409,$152,$693,$916,$2,$-2607,$-0,$496,$1412,$-6,$71,$5,$77,$-9,$-16,$0,$0,$-18,$53,$-34,$0,$0,$0,$2,$2,$-3,$-36,$-32,$0,$-32,$73,$73,$0,$-1,$40,$57,$5,$0
10,2016-03-31,5.62,$2.64,2.13,$4.04,1.39,$0.08,73.46,$-2.65,0.0,$0.42B,$0.13B,3.23,$0.50B,$0.41B,1.24,$0.56B,$0.17B,29.80%,$0.56B,$-0.26B,-46.68%,$0.56B,$-0.26B,-46.68%,$0.56B,$-0.13B,-22.80%,$0.56B,$-0.30B,-54.04%,$0.56B,$-0.35B,-63.55%,$-0.35B,$0.41B,-62.43%,$-0.35B,$0.41B,-62.43%,$-0.35B,$1.33B,-22.83%,$-0.26B,$0.91B,-23.93%,$148,$102,$47,$2,$8,$148,$0,$-19,$-18,$2,$-20,$-20,$-20,$31,$0,$150,150,$-0.14,$-0.14,$173,$151,$0,$421,$221,$6,$0,$28,$904,$1325,$130,$501,$142,$790,$920,$0,$-2621,$-2,$405,$1325,$-20,$31,$13,$44,$3,$-8,$0,$1,$-17,$7,$-22,$0,$0,$1,$-0,$1,$3,$-19,$-15,$0,$-15,$0,$0,$0,$-0,$-15,$-27,$3,$0
11,2015-12-31,2.48,$2.79,0.89,$4.54,0.55,$-0.03,0.0,$-2.83,0.0,$0.45B,$0.14B,3.19,$0.49B,$0.42B,1.15,$0.56B,$0.16B,27.94%,$0.56B,$-0.28B,-48.93%,$0.56B,$-0.28B,-48.93%,$0.56B,$-0.14B,-24.38%,$0.56B,$-0.32B,-56.23%,$0.56B,$-0.37B,-65.30%,$-0.37B,$0.42B,-60.74%,$-0.37B,$0.42B,-60.74%,$-0.37B,$1.33B,-23.10%,$-0.28B,$0.91B,-24.65%,$80,$49,$30,$2,$9,$327,$-247,$3,$-244,$-21,$-224,$-224,$-303,$-226,$-247,$130,130,$-2.28,$-2.28,$201,$149,$0,$447,$196,$3,$0,$27,$886,$1332,$140,$485,$139,$771,$911,$2,$-2601,$-4,$421,$1332,$-367,$139,$321,$460,$-5,$16,$0,$6,$21,$114,$-88,$0,$-111,$0,$-1,$-1,$-11,$-211,$40,$0,$40,$0,$0,$0,$-11,$29,$-82,$9,$0
12,2015-09-30,2.82,$5.22,0.54,$5.30,0.53,$-0.32,0.0,$-11.08,0.0,$0.49B,$0.15B,3.4,$0.54B,$0.71B,0.76,$0.62B,$0.14B,22.63%,$0.62B,$-1.55B,-248.15%,$0.62B,$-1.55B,-248.15%,$0.62B,$-1.39B,-222.63%,$0.62B,$-1.59B,-255.54%,$0.62B,$-1.17B,-188.44%,$-1.17B,$0.71B,-184.16%,$-1.17B,$0.71B,-184.16%,$-1.17B,$1.76B,-72.70%,$-1.55B,$1.26B,-134.73%,$163,$120,$42,$2,$7,$169,$-7,$-16,$-22,$-8,$-14,$-14,$-14,$32,$-7,$135,135,$-0.11,$-0.11,$206,$167,$0,$492,$261,$3,$0,$20,$1267,$1759,$145,$541,$136,$900,$1044,$1,$-2267,$-4,$714,$1759,$-64,$118,$10,$128,$11,$11,$0,$-3,$7,$70,$-65,$0,$-111,$0,$-1,$-1,$-2,$-179,$45,$0,$45,$0,$0,$0,$-1,$45,$-65,$6,$0
13,2015-06-30,5.71,$5.31,1.08,$5.76,0.99,$-0.28,0.0,$-10.94,0.0,$0.52B,$0.15B,3.39,$0.55B,$0.73B,0.76,$0.63B,$0.14B,22.82%,$0.63B,$-1.56B,-246.43%,$0.63B,$-1.56B,-246.43%,$0.63B,$-1.39B,-220.13%,$0.63B,$-1.58B,-250.87%,$0.63B,$-1.16B,-183.36%,$-1.16B,$0.73B,-132.30%,$-1.16B,$0.73B,-132.30%,$-1.16B,$1.79B,-60.77%,$-1.56B,$1.28B,-113.17%,$166,$119,$47,$4,$8,$172,$-6,$-11,$-17,$-0,$-17,$-17,$-17,$36,$-6,$135,135,$-0.12,$-0.12,$206,$177,$0,$519,$255,$4,$0,$20,$1267,$1787,$153,$551,$131,$906,$1059,$1,$-2253,$-3,$728,$1787,$-50,$79,$6,$85,$0,$5,$0,$-1,$-2,$34,$-41,$0,$-111,$-1,$0,$-1,$-2,$-156,$-95,$154,$58,$0,$0,$0,$-0,$58,$-65,$5,$0
14,2015-03-31,4.71,$5.36,0.88,$6.14,0.77,$-0.29,0.0,$-11.24,0.0,$0.51B,$0.21B,2.43,$0.47B,$0.55B,0.85,$0.63B,$0.14B,22.70%,$0.63B,$-1.57B,-248.89%,$0.63B,$-1.57B,-248.89%,$0.63B,$-1.40B,-221.90%,$0.63B,$-1.61B,-255.08%,$0.63B,$-1.18B,-187.78%,$-1.18B,$0.55B,-106.89%,$-1.18B,$0.55B,-106.89%,$-1.18B,$1.48B,-53.80%,$-1.57B,$1.02B,-97.98%,$153,$115,$38,$4,$9,$168,$-15,$-18,$-33,$0,$-33,$-33,$-33,$21,$-15,$103,103,$-0.32,$-0.32,$180,$182,$0,$506,$255,$4,$0,$21,$970,$1476,$208,$469,$123,$714,$922,$1,$-2236,$-3,$554,$1476,$-33,$36,$7,$44,$3,$1,$0,$-1,$-14,$-3,$-18,$0,$-102,$-0,$0,$-0,$-2,$-121,$35,$0,$35,$0,$0,$0,$-0,$34,$-91,$2,$0
15,2014-12-31,5.11,$5.36,0.95,$6.21,0.82,$-0.29,0.0,$-11.28,0.0,$0.56B,$0.17B,3.37,$0.48B,$0.55B,0.86,$0.64B,$0.16B,24.80%,$0.64B,$-1.57B,-245.84%,$0.64B,$-1.57B,-245.84%,$0.64B,$-1.39B,-217.74%,$0.64B,$-1.62B,-253.69%,$0.64B,$-1.19B,-186.34%,$-1.19B,$0.55B,-85.23%,$-1.19B,$0.55B,-85.23%,$-1.19B,$1.44B,-46.07%,$-1.57B,$1.03B,-82.49%,$141,$126,$14,$6,$9,$1659,$-1518,$-2,$-1520,$-410,$-1110,$-1110,$-1110,$-1476,$-1518,$102,102,$-10.84,$-10.84,$271,$163,$0,$557,$228,$6,$0,$17,$879,$1437,$166,$479,$97,$717,$882,$1,$-2234,$-3,$554,$1437,$-1187,$179,$1039,$1218,$-12,$13,$0,$6,$23,$54,$-64,$0,$-21,$4,$0,$4,$-0,$-82,$-74,$168,$93,$0,$0,$0,$-1,$93,$64,$9,$0
16,2014-09-30,4.96,$16.07,0.31,$6.56,0.76,$-0.06,0.0,$-6.52,0.0,$0.60B,$0.15B,4.06,$0.50B,$1.66B,0.3,$0.67B,$0.21B,31.73%,$0.67B,$-0.84B,-126.17%,$0.67B,$-0.84B,-126.17%,$0.67B,$-0.63B,-95.19%,$0.67B,$-0.87B,-130.68%,$0.67B,$-0.66B,-99.10%,$-0.66B,$1.66B,-39.06%,$-0.66B,$1.66B,-39.06%,$-0.66B,$2.92B,-22.42%,$-0.84B,$2.16B,-38.74%,$171,$126,$45,$7,$9,$187,$-16,$3,$-13,$-17,$3,$3,$3,$30,$-16,$102,103,$0.03,$0.03,$295,$178,$0,$596,$474,$9,$0,$27,$2319,$2915,$147,$499,$90,$1106,$1253,$1,$-1124,$-3,$1662,$2915,$-77,$137,$-20,$117,$18,$-6,$0,$-1,$12,$52,$-44,$0,$-16,$-47,$0,$-47,$0,$-107,$94,$0,$94,$0,$0,$0,$-0,$94,$39,$7,$0
17,2014-06-30,9.18,$16.01,0.57,$6.88,1.33,$0.16,56.67,$-7.01,0.0,$0.63B,$0.16B,4.03,$0.53B,$1.66B,0.32,$0.70B,$0.24B,33.81%,$0.70B,$-0.84B,-120.58%,$0.70B,$-0.84B,-120.58%,$0.70B,$-0.61B,-88.35%,$0.70B,$-0.90B,-130.07%,$0.70B,$-0.71B,-101.87%,$-0.71B,$1.66B,-38.38%,$-0.71B,$1.66B,-38.38%,$-0.71B,$2.97B,-22.70%,$-0.84B,$2.18B,-36.47%,$165,$119,$46,$5,$9,$183,$-19,$-22,$-41,$3,$-43,$-43,$-43,$27,$-19,$102,102,$-0.42,$-0.42,$317,$183,$0,$627,$483,$14,$0,$29,$2341,$2968,$156,$527,$88,$1155,$1311,$1,$-1127,$-3,$1657,$2968,$-80,$91,$15,$106,$11,$-16,$0,$-5,$-4,$21,$-27,$0,$-2,$-48,$1,$-47,$-0,$-77,$119,$0,$119,$0,$0,$0,$-0,$119,$62,$5,$0
18,2014-03-31,9.29,$16.39,0.57,$7.33,1.27,$0.59,15.81,$-6.94,0.0,$0.65B,$0.14B,4.64,$0.52B,$1.70B,0.31,$0.74B,$0.25B,34.15%,$0.74B,$-0.87B,-118.23%,$0.74B,$-0.87B,-118.23%,$0.74B,$-0.63B,-85.58%,$0.74B,$-0.87B,-118.91%,$0.74B,$-0.70B,-95.24%,$-0.70B,$1.70B,-34.69%,$-0.70B,$1.70B,-34.69%,$-0.70B,$2.99B,-21.25%,$-0.87B,$2.22B,-35.65%,$160,$107,$53,$4,$14,$172,$-13,$-29,$-42,$-5,$-37,$-37,$-37,$32,$-13,$102,102,$-0.36,$-0.36,$319,$193,$0,$654,$477,$16,$0,$29,$2333,$2987,$141,$519,$86,$1149,$1289,$1,$-1084,$-3,$1698,$2987,$-37,$45,$7,$52,$6,$-14,$0,$-8,$-24,$-10,$-12,$0,$0,$-46,$0,$-46,$-0,$-58,$134,$0,$134,$0,$0,$0,$-0,$134,$66,$3,$0
19,2013-12-31,10.85,$16.83,0.64,$7.67,1.41,$0.80,13.57,$-6.44,0.0,$0.53B,$0.15B,3.68,$0.37B,$1.73B,0.22,$0.75B,$0.28B,37.75%,$0.75B,$-0.84B,-112.99%,$0.75B,$-0.84B,-112.99%,$0.75B,$-0.60B,-79.65%,$0.75B,$-0.81B,-108.17%,$0.75B,$-0.65B,-87.15%,$-0.65B,$1.73B,-30.39%,$-0.65B,$1.73B,-30.39%,$-0.65B,$2.89B,-19.13%,$-0.84B,$2.10B,-33.23%,$169,$101,$67,$5,$14,$960,$-791,$19,$-773,$-191,$-582,$-582,$-582,$-722,$-791,$98,98,$-5.98,$-5.98,$207,$183,$0,$531,$486,$15,$0,$33,$2355,$2886,$145,$371,$83,$1011,$1155,$1,$-1047,$-5,$1731,$2886,$-651,$250,$551,$801,$1,$4,$0,$-15,$-36,$114,$-101,$0,$-117,$27,$0,$27,$4,$-186,$182,$0,$182,$-28,$-28,$0,$-1,$154,$81,$5,$0
20,2013-09-30,12.05,$22.79,0.53,$8.25,1.46,$2.41,5.01,$-0.25,0.0,$0.48B,$0.16B,3.03,$0.40B,$2.29B,0.17,$0.78B,$0.48B,61.48%,$0.78B,$-0.02B,-2.17%,$0.78B,$-0.02B,-2.17%,$0.78B,$0.24B,30.23%,$0.78B,$0.02B,2.17%,$0.78B,$-0.03B,-3.95%,$-0.03B,$2.29B,-1.37%,$-0.03B,$2.29B,-1.37%,$-0.03B,$3.64B,-0.89%,$-0.02B,$2.69B,-0.65%,$201,$132,$69,$3,$16,$216,$-15,$-33,$-48,$-2,$-46,$-46,$-46,$49,$-15,$101,101,$-0.46,$-0.46,$213,$163,$0,$481,$650,$18,$0,$53,$3156,$3637,$159,$397,$79,$1186,$1345,$1,$-465,$-0,$2292,$3637,$-69,$182,$-2,$179,$7,$23,$0,$-14,$-7,$103,$-73,$0,$-113,$-2,$0,$-2,$1,$-186,$197,$0,$197,$-28,$-28,$0,$-1,$169,$86,$3,$0
21,2013-06-30,13.3,$23.15,0.57,$8.83,1.51,$3.40,3.91,$0.03,443.33,$0.51B,$0.15B,3.37,$0.39B,$2.35B,0.17,$0.81B,$0.47B,57.25%,$0.81B,$0.03B,3.93%,$0.81B,$0.03B,3.93%,$0.81B,$0.28B,33.78%,$0.81B,$0.07B,8.23%,$0.81B,$-0.00B,-0.12%,$-0.00B,$2.35B,-0.05%,$-0.00B,$2.35B,-0.05%,$-0.00B,$3.67B,-0.03%,$0.03B,$2.74B,1.28%,$205,$142,$62,$7,$15,$255,$-50,$39,$-11,$24,$-35,$-35,$-35,$12,$-50,$100,100,$-0.35,$-0.35,$250,$177,$0,$513,$660,$16,$0,$54,$3154,$3667,$152,$393,$59,$1163,$1315,$1,$-419,$-2,$2351,$3667,$-23,$117,$-22,$96,$9,$11,$0,$0,$3,$76,$-40,$0,$-113,$1,$0,$1,$1,$-151,$212,$0,$212,$-13,$-13,$0,$-0,$199,$124,$3,$0
22,2013-03-31,18.86,$24.47,0.77,$9.62,1.96,$3.78,4.99,$0.64,29.47,$0.64B,$0.16B,4.1,$0.43B,$2.20B,0.2,$0.86B,$0.47B,54.00%,$0.86B,$0.12B,14.37%,$0.86B,$0.12B,14.37%,$0.86B,$0.37B,42.41%,$0.86B,$0.13B,14.48%,$0.86B,$0.06B,6.60%,$0.06B,$2.20B,2.62%,$0.06B,$2.20B,2.62%,$0.06B,$3.42B,1.75%,$0.12B,$2.62B,5.14%,$172,$88,$84,$7,$10,$160,$12,$12,$24,$11,$12,$12,$12,$66,$12,$90,90,$0.14,$0.14,$333,$211,$0,$637,$668,$23,$0,$61,$2786,$3424,$155,$427,$60,$1072,$1228,$1,$-384,$-11,$2196,$3424,$12,$55,$-8,$46,$4,$-20,$0,$-2,$-46,$13,$-13,$0,$0,$0,$0,$0,$-11,$-23,$-71,$300,$229,$-13,$-13,$0,$-0,$216,$206,$1,$0
23,2012-12-31,24.6,$24.33,1.01,$9.99,2.46,$3.62,6.8,$0.54,45.56,$0.41B,$0.24B,1.71,$0.15B,$2.20B,0.07,$0.90B,$0.44B,49.22%,$0.90B,$0.16B,17.41%,$0.90B,$0.16B,17.41%,$0.90B,$0.40B,44.31%,$0.90B,$0.12B,13.39%,$0.90B,$0.05B,5.47%,$0.05B,$2.20B,2.27%,$0.05B,$2.20B,2.27%,$0.05B,$3.22B,1.52%,$0.16B,$2.34B,6.64%,$206,$-61,$267,$6,$7,$170,$36,$16,$52,$14,$38,$38,$38,$110,$36,$89,90,$0.42,$0.42,$126,$194,$0,$406,$684,$27,$0,$41,$2815,$3221,$238,$145,$62,$785,$1023,$1,$-396,$-8,$2198,$3221,$49,$241,$49,$290,$10,$-48,$0,$2,$-67,$272,$-116,$0,$-29,$9,$0,$9,$3,$-133,$-172,$0,$-172,$-20,$-20,$0,$4,$-188,$-50,$8,$0
24,2012-09-30,28.83,$23.96,1.2,$10.44,2.76,$5.18,5.57,$0.25,115.32,$0.43B,$0.26B,1.67,$0.17B,$2.14B,0.08,$0.94B,$0.25B,27.11%,$0.94B,$0.18B,19.42%,$0.94B,$0.18B,19.42%,$0.94B,$0.41B,43.44%,$0.94B,$0.13B,14.09%,$0.94B,$0.02B,2.35%,$0.02B,$2.14B,1.03%,$0.02B,$2.14B,1.03%,$0.02B,$3.18B,0.68%,$0.18B,$2.31B,7.68%,$231,$178,$53,$7,$10,$197,$34,$-32,$2,$17,$-16,$-16,$-16,$87,$34,$89,89,$-0.18,$-0.18,$144,$187,$0,$429,$691,$31,$0,$41,$2751,$3180,$257,$169,$71,$780,$1037,$1,$-434,$-4,$2143,$3180,$11,$166,$82,$248,$2,$-35,$0,$-1,$-50,$210,$-94,$0,$0,$9,$0,$9,$2,$-83,$-153,$0,$-153,$-10,$-10,$0,$4,$-159,$-32,$7,$0
25,2012-06-30,17.56,$24.03,0.73,$11.69,1.5,$6.65,2.64,$0.78,22.51,$0.47B,$0.27B,1.75,$0.21B,$2.16B,0.1,$1.05B,$0.35B,32.86%,$1.05B,$0.28B,26.19%,$1.05B,$0.28B,26.19%,$1.05B,$0.51B,48.19%,$1.05B,$0.19B,18.00%,$1.05B,$0.07B,6.57%,$0.07B,$2.16B,3.22%,$0.07B,$2.16B,3.22%,$0.07B,$3.23B,2.12%,$0.28B,$2.37B,11.45%,$254,$193,$62,$6,$9,$213,$42,$5,$47,$24,$23,$23,$23,$103,$42,$90,90,$0.26,$0.26,$201,$176,$0,$471,$693,$21,$0,$44,$2762,$3234,$270,$205,$54,$803,$1073,$1,$-418,$-10,$2161,$3234,$27,$114,$42,$155,$7,$-22,$0,$2,$-52,$130,$-64,$0,$0,$13,$0,$13,$1,$-50,$-55,$0,$-55,$0,$0,$0,$-1,$-56,$24,$3,$0
26,2012-03-31,23.74,$23.83,1.0,$11.43,2.08,$7.08,3.35,$0.95,24.99,$0.44B,$0.25B,1.77,$0.24B,$2.14B,0.11,$1.03B,$0.38B,36.90%,$1.03B,$0.31B,30.38%,$1.03B,$0.31B,30.38%,$1.03B,$0.54B,52.58%,$1.03B,$0.20B,19.67%,$1.03B,$0.09B,8.28%,$0.09B,$2.14B,4.00%,$0.09B,$2.14B,4.00%,$0.09B,$3.23B,2.63%,$0.31B,$2.38B,12.92%,$205,$145,$59,$7,$8,$160,$44,$-25,$19,$15,$4,$4,$4,$97,$44,$90,90,$0.04,$0.04,$154,$181,$0,$441,$694,$20,$0,$44,$2785,$3226,$249,$240,$61,$836,$1085,$1,$-441,$-5,$2142,$3226,$4,$53,$37,$90,$-3,$-25,$0,$5,$-77,$17,$-32,$0,$0,$19,$0,$19,$0,$-12,$-27,$0,$-27,$0,$0,$0,$-1,$-28,$-23,$2,$0
27,2011-12-31,24.14,$23.83,1.01,$11.38,2.12,$7.47,3.23,$1.05,22.99,$0.47B,$0.25B,1.84,$0.29B,$2.14B,0.13,$1.02B,$0.38B,36.89%,$1.02B,$0.31B,30.04%,$1.02B,$0.31B,30.04%,$1.02B,$0.53B,52.05%,$1.02B,$0.21B,20.35%,$1.02B,$0.09B,9.10%,$0.09B,$2.14B,4.42%,$0.09B,$2.14B,4.42%,$0.09B,$3.26B,2.89%,$0.31B,$2.42B,12.70%,$247,$167,$80,$8,$9,$185,$62,$2,$64,$53,$11,$11,$11,$120,$62,$89,90,$0.13,$0.12,$195,$160,$0,$465,$688,$20,$0,$44,$2799,$3264,$252,$286,$62,$876,$1128,$1,$-445,$-5,$2137,$3264,$93,$225,$136,$361,$-22,$-30,$0,$-9,$-38,$416,$-120,$0,$0,$-43,$0,$-43,$2,$-161,$-173,$28,$-145,$0,$0,$0,$-1,$-146,$109,$8,$0
28,2011-09-30,21.44,$23.70,0.9,$11.01,1.95,$4.28,5.01,$0.86,24.93,$0.45B,$0.28B,1.64,$0.32B,$2.13B,0.15,$0.98B,$0.37B,37.84%,$0.98B,$0.31B,31.33%,$0.98B,$0.31B,31.33%,$0.98B,$0.52B,53.10%,$0.98B,$0.14B,14.55%,$0.98B,$0.08B,7.83%,$0.08B,$2.13B,3.70%,$0.08B,$2.13B,3.70%,$0.08B,$3.27B,2.41%,$0.31B,$2.44B,12.83%,$344,$200,$144,$5,$8,$216,$127,$-69,$59,$28,$31,$31,$31,$186,$127,$89,90,$0.35,$0.35,$209,$138,$0,$454,$675,$14,$0,$45,$2817,$3271,$276,$315,$68,$870,$1146,$1,$-456,$-4,$2125,$3271,$82,$166,$108,$275,$-23,$-13,$0,$-7,$-28,$329,$-80,$0,$0,$-18,$0,$-18,$2,$-96,$-117,$28,$-90,$0,$0,$0,$-1,$-91,$142,$5,$0
29,2011-06-30,24.26,$23.41,1.04,$8.51,2.85,$0.46,52.91,$0.26,93.31,$0.36B,$0.24B,1.5,$0.32B,$2.10B,0.15,$0.76B,$0.25B,32.72%,$0.76B,$0.19B,25.20%,$0.76B,$0.19B,25.20%,$0.76B,$0.38B,50.66%,$0.76B,$0.06B,8.44%,$0.76B,$0.02B,3.03%,$0.02B,$2.10B,1.12%,$0.02B,$2.10B,1.12%,$0.02B,$3.19B,0.73%,$0.19B,$2.42B,8.03%,$231,$135,$96,$4,$2,$152,$79,$-19,$60,$21,$39,$39,$39,$137,$79,$89,90,$0.43,$0.43,$107,$162,$0,$357,$664,$9,$0,$47,$2832,$3189,$239,$319,$52,$855,$1093,$1,$-487,$-1,$2096,$3189,$51,$108,$47,$155,$-13,$-36,$0,$1,$-59,$147,$-42,$0,$0,$-10,$0,$-10,$0,$-51,$-80,$28,$-52,$0,$0,$0,$-3,$-55,$41,$5,$0
30,2011-03-31,34.78,$22.98,1.51,$7.08,4.91,$-1.50,0.0,$-0.74,0.0,$0.29B,$0.22B,1.33,$0.33B,$2.06B,0.16,$0.63B,$0.16B,26.11%,$0.63B,$0.11B,18.15%,$0.63B,$0.11B,18.15%,$0.63B,$0.28B,44.59%,$0.63B,$-0.05B,-7.96%,$0.63B,$-0.07B,-10.67%,$-0.07B,$2.06B,-3.26%,$-0.07B,$2.06B,-3.26%,$-0.07B,$3.14B,-2.13%,$0.11B,$2.39B,4.81%,$200,$143,$57,$3,$12,$161,$39,$-13,$25,$13,$12,$12,$12,$89,$39,$89,90,$0.14,$0.14,$64,$138,$0,$286,$660,$0,$0,$48,$2851,$3138,$215,$333,$53,$865,$1080,$1,$-526,$0,$2057,$3138,$12,$50,$28,$78,$-5,$-12,$0,$-0,$-54,$36,$-16,$0,$0,$1,$-1,$-1,$-0,$-17,$-47,$28,$-19,$0,$0,$0,$-1,$-21,$-2,$8,$0
31,2010-12-31,27.32,$22.85,1.2,$5.93,4.61,$-2.41,0.0,$-0.98,0.0,$0.27B,$0.27B,0.98,$0.32B,$2.04B,0.16,$0.52B,$0.12B,22.48%,$0.52B,$0.07B,14.34%,$0.52B,$0.07B,14.34%,$0.52B,$0.22B,42.44%,$0.52B,$-0.09B,-17.83%,$0.52B,$-0.09B,-17.83%,$-0.09B,$2.04B,-4.47%,$-0.09B,$2.04B,-4.47%,$-0.09B,$3.16B,-2.93%,$0.07B,$2.36B,3.12%,$208,$133,$75,$5,$5,$144,$63,$-65,$-1,$4,$-5,$-5,$-5,$110,$63,$87,87,$-0.07,$-0.07,$66,$126,$0,$266,$668,$0,$0,$47,$2891,$3158,$271,$320,$51,$846,$1117,$1,$-538,$0,$2041,$3158,$-91,$144,$131,$275,$-6,$-48,$0,$6,$-18,$166,$-156,$0,$0,$18,$0,$18,$6,$-132,$-165,$176,$12,$0,$0,$0,$-2,$9,$43,$7,$0
32,2010-09-30,19.92,$22.91,0.87,$4.91,4.06,$-4.73,0.0,$-0.92,0.0,$0.23B,$0.25B,0.93,$0.31B,$2.05B,0.15,$0.41B,$0.06B,13.58%,$0.41B,$0.02B,4.20%,$0.41B,$0.02B,4.20%,$0.41B,$0.14B,35.31%,$0.41B,$-0.13B,-31.36%,$0.41B,$-0.11B,-28.15%,$-0.11B,$2.05B,-5.57%,$-0.11B,$2.05B,-5.57%,$-0.11B,$3.13B,-3.66%,$0.02B,$2.35B,0.72%,$119,$98,$20,$4,$6,$108,$10,$-31,$-20,$3,$-23,$-23,$-23,$48,$10,$89,89,$-0.25,$-0.25,$33,$104,$0,$233,$660,$0,$0,$46,$2892,$3125,$250,$307,$41,$829,$1079,$1,$-533,$0,$2046,$3125,$-86,$98,$73,$171,$-12,$-28,$0,$0,$-48,$36,$-129,$0,$0,$0,$12,$12,$6,$-111,$-64,$146,$81,$0,$0,$0,$-2,$80,$5,$4,$0
33,2010-06-30,15.78,$23.16,0.68,$4.76,3.31,$-5.36,0.0,$-0.90,0.0,$0.25B,$0.24B,1.01,$0.31B,$2.07B,0.15,$0.38B,$0.04B,10.11%,$0.38B,$0.00B,0.80%,$0.38B,$0.00B,0.80%,$0.38B,$0.12B,31.91%,$0.38B,$-0.16B,-41.76%,$0.38B,$-0.11B,-28.72%,$-0.11B,$2.07B,-5.32%,$-0.11B,$2.07B,-5.32%,$-0.11B,$3.15B,-3.48%,$0.00B,$2.38B,0.13%,$101,$89,$12,$3,$7,$99,$2,$-56,$-54,$-9,$-45,$-45,$-51,$33,$2,$89,89,$-0.57,$-0.57,$41,$80,$0,$247,$553,$0,$0,$38,$2901,$3148,$244,$307,$40,$836,$1080,$1,$-511,$0,$2068,$3148,$-64,$60,$54,$113,$-8,$-5,$0,$0,$-27,$23,$-93,$0,$0,$0,$0,$0,$0,$-93,$90,$0,$90,$0,$0,$0,$-2,$88,$18,$2,$0
34,2010-03-31,14.98,$24.08,0.62,$4.59,3.26,$-6.04,0.0,$-0.16,0.0,$0.24B,$0.20B,1.21,$0.32B,$2.07B,0.15,$0.34B,$0.03B,7.58%,$0.34B,$-0.01B,-2.33%,$0.34B,$-0.01B,-2.33%,$0.34B,$0.10B,29.15%,$0.34B,$-0.10B,-28.28%,$0.34B,$-0.05B,-13.12%,$-0.05B,$2.07B,-2.25%,$-0.05B,$2.07B,-2.25%,$-0.05B,$3.13B,-1.46%,$-0.01B,$2.39B,-0.34%,$88,$80,$9,$3,$7,$89,$-1,$-16,$-17,$-7,$-10,$-10,$-13,$28,$-1,$82,82,$-0.16,$-0.16,$56,$79,$0,$235,$551,$0,$0,$39,$2898,$3134,$195,$319,$42,$866,$1061,$1,$-460,$0,$2072,$3134,$-13,$29,$12,$41,$-11,$-3,$0,$0,$-37,$-9,$-47,$0,$0,$0,$0,$0,$-0,$-47,$-22,$113,$91,$0,$0,$0,$-1,$90,$33,$1,$0
35,2009-12-31,18.06,$24.88,0.73,$4.25,4.25,$-6.57,0.0,$0.04,451.5,$0.19B,$0.19B,0.99,$0.31B,$2.00B,0.16,$0.30B,$0.03B,9.33%,$0.30B,$-0.01B,-3.00%,$0.30B,$-0.01B,-3.00%,$0.30B,$0.08B,26.33%,$0.30B,$-0.08B,-25.33%,$0.30B,$-0.03B,-8.67%,$-0.03B,$2.00B,-1.34%,$-0.03B,$2.00B,-1.34%,$-0.03B,$3.05B,-0.85%,$-0.01B,$2.31B,-0.39%,$97,$83,$14,$4,$4,$91,$6,$-43,$-36,$-16,$-21,$-21,$-27,$34,$6,$72,72,$-0.42,$-0.42,$25,$77,$0,$186,$539,$0,$0,$35,$2868,$3054,$189,$314,$42,$867,$1056,$1,$-447,$0,$1998,$3054,$-27,$88,$1,$89,$-11,$-27,$0,$-4,$-1,$60,$-218,$0,$0,$0,$15,$15,$57,$-147,$49,$41,$90,$0,$0,$0,$-1,$89,$2,$5,$0
36,2009-09-30,20.5,$25.31,0.81,$2.63,7.81,$-11.13,0.0,$0.14,146.43,$0.20B,$0.19B,1.01,$0.32B,$1.98B,0.16,$0.19B,$-0.02B,-8.51%,$0.19B,$-0.04B,-19.15%,$0.19B,$-0.04B,-19.15%,$0.19B,$0.04B,19.68%,$0.19B,$-0.06B,-31.91%,$0.19B,$0.00B,2.66%,$0.00B,$1.98B,0.26%,$0.00B,$1.98B,0.26%,$0.00B,$3.06B,0.17%,$-0.04B,$2.29B,-1.59%,$90,$87,$3,$2,$5,$94,$-4,$-46,$-50,$-13,$-37,$-37,$-17,$25,$-4,$76,76,$-0.23,$-0.23,$46,$70,$0,$196,$727,$0,$0,$368,$2864,$3060,$193,$317,$44,$889,$1082,$1,$-420,$0,$1977,$3060,$0,$60,$-38,$22,$-7,$-24,$0,$0,$25,$47,$-175,$0,$0,$0,$16,$16,$57,$-102,$80,$0,$80,$0,$0,$0,$-0,$80,$25,$5,$0
37,2009-06-30,12.3,$25.87,0.48,$2.10,5.85,$-14.27,0.0,$0.27,45.56,$0.17B,$0.18B,0.94,$0.33B,$1.95B,0.17,$0.14B,$-0.01B,-9.63%,$0.14B,$-0.04B,-31.85%,$0.14B,$-0.04B,-31.85%,$0.14B,$0.01B,4.44%,$0.14B,$-0.02B,-14.81%,$0.14B,$0.02B,13.33%,$0.02B,$1.95B,0.98%,$0.02B,$1.95B,0.98%,$0.02B,$3.05B,0.61%,$-0.04B,$2.28B,-1.93%,$68,$68,$-0,$3,$5,$77,$-9,$15,$6,$-4,$10,$10,$12,$13,$-9,$70,70,$0.17,$0.17,$25,$59,$0,$165,$728,$0,$0,$357,$2887,$3052,$177,$332,$40,$925,$1102,$1,$-402,$0,$1951,$3052,$18,$31,$-25,$6,$-9,$-13,$0,$0,$-5,$18,$-120,$0,$0,$0,$11,$11,$2,$-107,$93,$0,$93,$-0,$-0,$0,$-0,$93,$4,$3,$0
38,2009-03-31,9.4,$27.17,0.35,$2.05,4.59,$-16.07,0.0,0,0.0,$0.17B,$0.15B,1.1,$0.43B,$1.86B,0.23,$0.12B,$0.01B,10.26%,$0.12B,$-0.04B,-32.48%,$0.12B,$-0.04B,-32.48%,$0.12B,$-0.00B,-3.42%,$0.12B,$-0.03B,-25.64%,$0.12B,$0.00B,0.85%,$0.00B,$1.86B,0.06%,$0.00B,$1.86B,0.06%,$0.00B,$3.03B,0.03%,$-0.04B,$2.29B,-1.73%,$45,$34,$11,$4,$8,$47,$-2,$7,$4,$-0,$4,$4,$6,$7,$-2,$61,61,$0.10,$0.10,$38,$49,$0,$165,$627,$0,$0,$432,$2868,$3032,$150,$425,$40,$1021,$1171,$685,$-414,$0,$1861,$3032,$6,$9,$-9,$1,$3,$-5,$0,$0,$-4,$3,$-78,$0,$0,$0,$8,$8,$-0,$-70,$85,$0,$85,$-0,$-0,$0,$0,$85,$17,$2,$0
39,2008-12-31,8.8,$31.51,0.28,$2.31,3.82,$-16.09,0.0,0,0.0,$0.15B,$0.16B,0.95,$0.38B,$1.79B,0.22,$0.13B,$0.03B,25.58%,$0.13B,$-0.03B,-21.71%,$0.13B,$-0.03B,-21.71%,$0.13B,$0.00B,2.33%,$0.13B,$-0.03B,-19.38%,$0.13B,0,0.00%,$0.00B,$1.79B,0.00%,$0.00B,$1.79B,0.00%,$0.00B,$2.93B,0.00%,$-0.03B,$2.17B,-1.29%,$-15,$15,$-30,$4,$6,$6,$-21,$0,$-20,$-18,$-2,$-2,$4,$-8,$-21,$55,55,$0.06,$0.06,$29,$44,$0,$152,$486,$0,$0,$38,$2776,$2928,$161,$384,$40,$981,$1142,$1,$-420,$0,$1786,$2928,$-1,$29,$-17,$12,$-19,$5,$0,$0,$-19,$-7,$-365,$0,$0,$0,$39,$39,$0,$-326,$-32,$297,$265,$0,$0,$0,$-9,$256,$-78,$3,$0
40,2008-09-30,15.3,$31.25,0.49,$4.36,3.51,$-14.61,0.0,$0.30,51.0,$0.21B,$0.10B,2.16,$0.43B,$1.73B,0.25,$0.20B,$0.09B,43.14%,$0.20B,$0.01B,3.43%,$0.20B,$0.01B,3.43%,$0.20B,$0.03B,14.71%,$0.20B,$0.02B,7.35%,$0.20B,$0.01B,4.90%,$0.01B,$1.73B,0.58%,$0.01B,$1.73B,0.58%,$0.01B,$2.86B,0.35%,$0.01B,$2.15B,0.33%,$37,$30,$6,$6,$5,$47,$-11,$1,$-10,$-4,$-5,$-5,$-4,$-6,$-11,$55,55,$-0.07,$-0.07,$79,$41,$0,$208,$448,$0,$0,$409,$2652,$2860,$96,$430,$35,$1039,$1136,$552,$-424,$-0,$1725,$2860,$-5,$17,$6,$23,$-24,$6,$0,$0,$-27,$-9,$-256,$0,$0,$30,$0,$30,$0,$-226,$200,$1,$201,$-0,$-0,$0,$-8,$192,$-43,$2,$0
41,2008-06-30,29.0,$31.37,0.92,$5.44,5.33,$-14.03,0.0,$0.50,58.0,$0.32B,$0.11B,2.85,$0.43B,$1.73B,0.25,$0.22B,$0.10B,44.09%,$0.22B,$0.02B,9.55%,$0.22B,$0.02B,9.55%,$0.22B,$0.04B,19.55%,$0.22B,$0.03B,14.09%,$0.22B,$0.02B,8.18%,$0.02B,$1.73B,1.24%,$0.02B,$1.73B,1.24%,$0.02B,$2.88B,0.77%,$0.02B,$2.16B,1.19%,$50,$25,$25,$5,$7,$54,$-4,$-1,$-4,$1,$-5,$-5,$-5,$3,$-4,$55,55,$-0.10,$-0.10,$187,$48,$0,$322,$425,$0,$0,$347,$2555,$2877,$113,$431,$36,$1036,$1148,$552,$-420,$0,$1728,$2877,$-1,$12,$2,$14,$-26,$7,$0,$0,$-24,$-10,$-169,$0,$0,$-36,$0,$-36,$-0,$-205,$222,$0,$222,$-0,$-0,$0,$-8,$214,$-1,$2,$0
42,2008-03-31,40.4,$31.49,1.28,$6.24,6.47,$-12.95,0.0,$1.00,40.4,$0.43B,$0.13B,3.36,$0.43B,$1.73B,0.25,$0.22B,$0.10B,43.69%,$0.22B,$0.04B,16.22%,$0.22B,$0.04B,16.22%,$0.22B,$0.06B,25.68%,$0.22B,$0.05B,22.52%,$0.22B,$0.04B,15.77%,$0.04B,$1.73B,2.99%,$0.04B,$1.73B,2.99%,$0.04B,$2.90B,1.91%,$0.04B,$2.17B,2.54%,$57,$25,$32,$4,$9,$49,$8,$1,$9,$4,$5,$5,$5,$14,$8,$55,57,$0.10,$0.10,$299,$42,$0,$428,$306,$0,$0,$383,$2474,$2902,$128,$431,$36,$1040,$1168,$552,$-415,$1,$1734,$2902,$5,$6,$1,$6,$-14,$5,$0,$0,$-19,$-8,$-65,$0,$0,$-40,$0,$-40,$0,$-104,$228,$1,$228,$-0,$-0,$0,$-8,$219,$108,$2,$0
43,2007-12-31,49.4,$31.32,1.58,$6.93,7.13,$-12.33,0.0,$1.40,35.29,$0.26B,$0.11B,2.37,$0.20B,$1.73B,0.12,$0.22B,$0.10B,43.98%,$0.22B,$0.04B,18.98%,$0.22B,$0.04B,18.98%,$0.22B,$0.06B,29.17%,$0.22B,$0.06B,27.31%,$0.22B,$0.04B,20.37%,$0.04B,$1.73B,4.97%,$0.04B,$1.73B,4.97%,$0.04B,$2.65B,3.33%,$0.04B,$1.93B,3.82%,$60,$35,$25,$3,$7,$46,$14,$6,$20,$6,$14,$14,$14,$19,$14,$31,34,$0.50,$0.40,$152,$45,$0,$264,$327,$0,$0,$296,$2388,$2652,$112,$204,$35,$813,$924,$552,$-419,$1,$1727,$2652,$44,$21,$1,$23,$-24,$13,$0,$-4,$-27,$40,$-217,$0,$0,$16,$0,$16,$-10,$-211,$-1,$2,$0,$0,$0,$0,$-1,$-1,$-172,$3,$0
44,2007-09-30,37.9,$22.03,1.72,$7.41,5.12,$-8.97,0.0,$1.80,21.06,$0.32B,$0.06B,5.03,$0.18B,$0.61B,0.29,$0.22B,$0.08B,36.77%,$0.22B,$0.05B,21.97%,$0.22B,$0.05B,21.97%,$0.22B,$0.07B,32.74%,$0.22B,$0.07B,29.60%,$0.22B,$0.05B,23.77%,$0.05B,$0.61B,8.84%,$0.05B,$0.61B,8.84%,$0.05B,$0.89B,6.07%,$0.05B,$0.79B,6.29%,$53,$38,$15,$3,$5,$50,$3,$3,$6,$2,$4,$4,$4,$7,$3,$28,30,$0.10,$0.10,$209,$47,$0,$321,$139,$0,$0,$332,$568,$889,$64,$180,$32,$212,$276,$280,$-434,$1,$613,$889,$30,$17,$3,$20,$-20,$5,$0,$0,$-21,$29,$-157,$0,$0,$29,$0,$29,$0,$-127,$-1,$0,$-1,$-0,$-0,$0,$0,$-2,$-100,$3,$0
45,2007-06-30,35.9,$21.88,1.64,$7.33,4.9,$-5.80,0.0,$2.30,15.61,$0.37B,$0.06B,5.95,$0.18B,$0.61B,0.3,$0.22B,$0.10B,43.44%,$0.22B,$0.06B,27.60%,$0.22B,$0.06B,27.60%,$0.22B,$0.09B,39.37%,$0.22B,$0.08B,36.20%,$0.22B,$0.07B,30.77%,$0.07B,$0.61B,11.61%,$0.07B,$0.61B,11.61%,$0.07B,$0.88B,7.96%,$0.06B,$0.79B,7.97%,$52,$27,$25,$3,$6,$41,$11,$4,$15,$3,$12,$12,$12,$17,$11,$28,30,$0.40,$0.40,$273,$51,$0,$374,$112,$0,$0,$294,$510,$884,$63,$180,$32,$212,$275,$280,$-437,$1,$609,$884,$26,$13,$4,$17,$6,$-5,$0,$-3,$-8,$34,$-100,$0,$0,$32,$0,$32,$0,$-68,$-1,$0,$-1,$-0,$-0,$0,$-0,$-1,$-34,$2,$0
46,2007-03-31,41.1,$21.38,1.92,$7.41,5.55,$-3.77,0.0,$3.00,13.7,$0.42B,$0.06B,6.73,$0.18B,$0.60B,0.3,$0.22B,$0.10B,46.19%,$0.22B,$0.07B,30.94%,$0.22B,$0.07B,30.94%,$0.22B,$0.10B,43.05%,$0.22B,$0.09B,39.46%,$0.22B,$0.09B,39.91%,$0.09B,$0.60B,15.68%,$0.09B,$0.60B,15.68%,$0.09B,$0.87B,10.69%,$0.07B,$0.78B,9.23%,$51,$21,$30,$3,$6,$38,$13,$4,$18,$4,$14,$14,$14,$20,$13,$28,30,$0.50,$0.50,$321,$49,$0,$417,$89,$0,$0,$256,$451,$868,$62,$180,$30,$210,$272,$280,$-449,$0,$595,$868,$14,$7,$1,$8,$7,$-5,$0,$0,$1,$23,$-42,$0,$0,$27,$0,$27,$0,$-15,$-0,$0,$-0,$-0,$-0,$0,$-0,$-1,$7,$1,$0
47,2006-12-31,49.5,$20.90,2.37,$7.35,6.74,$-3.52,0.0,$3.00,16.5,$0.44B,$0.06B,7.55,$0.18B,$0.58B,0.31,$0.22B,$0.10B,45.16%,$0.22B,$0.07B,30.88%,$0.22B,$0.07B,30.88%,$0.22B,$0.09B,43.32%,$0.22B,$0.08B,38.25%,$0.22B,$0.09B,41.01%,$0.09B,$0.58B,16.35%,$0.09B,$0.58B,16.35%,$0.09B,$0.85B,11.09%,$0.07B,$0.76B,9.25%,$67,$56,$12,$3,$6,$45,$22,$6,$27,$4,$23,$23,$23,$29,$22,$27,30,$0.80,$0.80,$341,$48,$0,$442,$82,$0,$0,$224,$408,$850,$59,$180,$30,$210,$269,$279,$-463,$1,$581,$850,$88,$27,$-11,$16,$-15,$-16,$0,$-1,$-13,$91,$-148,$0,$0,$113,$0,$113,$15,$-20,$-1,$0,$-1,$155,$155,$0,$-8,$145,$216,$2,$0
