,Date,Stock Price,Book Value per Share,Price to Book Ratio,TTM Sales per Share,Price to Sales Ratio,TTM FCF per Share,Price to FCF Ratio,TTM Net EPS,PE Ratio,Current Assets,Current Liabilities,Current Ratio,Long Term Debt,Shareholder's Equity_x,Debt to Equity Ratio,TTM Revenue_x,TTM Gross Profit,Gross Margin,TTM Revenue_y,TTM Operating Income,Operating Margin,TTM Revenue_x,TTM EBIT,EBIT Margin,TTM Revenue_y,TTM EBITDA,EBITDA Margin,TTM Revenue_x,TTM Pre-Tax Income,Pre-Tax Margin,TTM Revenue_y,TTM Net Income_x,Net Margin,TTM Net Income_y,Shareholder's Equity_y,Return on Equity,TTM Net Income_x,Tangible Equity,Return on Tangible Equity,TTM Net Income_y,Total Assets,Return on Assets,TTM Net Income,LT Investments & Debt,Return on Investment,revenue,cost-goods-sold,gross-profit,research-development-expenses,selling-general-administrative-expenses,operating-expenses,operating-income,total-non-operating-income-expense,pre-tax-income,total-provision-income-taxes,income-after-taxes,income-from-continuous-operations,net-income,ebitda,ebit,basic-shares-outstanding,shares-outstanding,eps-basic-net-earnings-per-share,eps-earnings-per-share-diluted,cash-on-hand,inventory,other-current-assets,total-current-assets,net-property-plant-equipment,long-term-investments,goodwill-intangible-assets-total,other-long-term-assets,total-long-term-assets,total-assets,total-current-liabilities,long-term-debt,other-non-current-liabilities,total-long-term-liabilities,total-liabilities,common-stock-net,retained-earnings-accumulated-deficit,comprehensive-income,total-share-holder-equity,total-liabilities-share-holders-equity,net-income-loss,total-depreciation-amortization-cash-flow,other-non-cash-items,total-non-cash-items,change-in-accounts-receivable,change-in-inventories,change-in-accounts-payable,change-in-assets-liabilities,total-change-in-assets-liabilities,cash-flow-from-operating-activities,net-change-in-property-plant-equipment,net-change-in-intangible-assets,net-acquisitions-divestitures,net-change-in-short-term-investments,net-change-in-long-term-investments,net-change-in-investments-total,investing-activities-other,cash-flow-from-investing-activities,net-long-term-debt,net-current-debt,debt-issuance-retirement-net-total,net-common-equity-issued-repurchased,net-total-equity-issued-repurchased,total-common-preferred-stock-dividends-paid,financial-activities-other,cash-flow-from-financial-activities,net-cash-flow,stock-based-compensation,common-stock-dividends-paid
0,2018-09-30,45.32,$4.46,10.17,$7.36,6.15,$4.70,9.64,$0.83,54.6,$0.89B,$0.54B,1.64,$0.35B,$1.26B,0.27,$2.07B,$1.83B,88.26%,$2.07B,$0.36B,17.59%,$2.07B,$0.36B,17.59%,$2.07B,$0.48B,23.34%,$2.07B,$0.35B,16.67%,$2.07B,$0.23B,11.26%,$0.23B,$1.26B,20.37%,$0.23B,$0.36B,105.07%,$0.23B,$2.27B,9.60%,$0.36B,$1.60B,23.27%,$532,$60,$472,$223,$142,$429,$104,$-4,$100,$0,$99,$99,$99,$134,$104,$274,282,$0.36,$0.35,$550,$31,$0,$888,$248,$0,$900,$233,$1385,$2273,$541,$345,$80,$474,$1016,$1898,$674,$-22,$1257,$2273,$247,$90,$126,$216,$-28,$-1,$0,$82,$10,$473,$-42,$0,$0,$0,$0,$0,$0,$-42,$-385,$0,$-385,$-112,$-112,$0,$-63,$-560,$-144,$125,$0
1,2018-06-30,43.31,$4.20,10.31,$7.20,6.02,$4.25,10.19,$0.77,56.25,$1.13B,$0.87B,1.3,$0.35B,$1.19B,0.29,$2.02B,$1.79B,88.28%,$2.02B,$0.34B,16.82%,$2.02B,$0.34B,16.82%,$2.02B,$0.46B,22.65%,$2.02B,$0.33B,16.42%,$2.02B,$0.22B,10.63%,$0.22B,$1.19B,19.86%,$0.22B,$0.27B,114.82%,$0.22B,$2.53B,8.83%,$0.34B,$1.53B,21.56%,$518,$59,$459,$219,$144,$425,$93,$-3,$90,$15,$75,$75,$75,$123,$93,$274,281,$0.27,$0.27,$825,$29,$0,$1129,$252,$0,$915,$227,$1399,$2528,$870,$345,$78,$470,$1340,$1861,$575,$-13,$1188,$2528,$148,$60,$80,$140,$-3,$2,$0,$88,$75,$363,$-31,$0,$0,$0,$0,$0,$0,$-31,$-85,$0,$-85,$-74,$-74,$0,$-34,$-193,$131,$79,$0
2,2018-03-31,36.77,$4.05,9.07,$7.07,5.2,$3.88,9.48,$0.75,49.03,$1.07B,$0.87B,1.24,$0.35B,$1.14B,0.3,$1.98B,$1.74B,87.95%,$1.98B,$0.33B,16.64%,$1.98B,$0.33B,16.64%,$1.98B,$0.45B,22.54%,$1.98B,$0.32B,16.09%,$1.98B,$0.21B,10.54%,$0.21B,$1.14B,20.42%,$0.21B,$0.21B,134.19%,$0.21B,$2.49B,8.82%,$0.33B,$1.49B,20.72%,$517,$63,$454,$224,$142,$431,$86,$-8,$78,$5,$73,$73,$73,$116,$86,$274,282,$0.27,$0.26,$752,$30,$0,$1070,$250,$0,$931,$227,$1417,$2487,$866,$345,$77,$478,$1344,$1859,$500,$6,$1142,$2487,$73,$30,$38,$68,$-10,$2,$0,$72,$17,$158,$-13,$0,$0,$0,$0,$0,$0,$-13,$-40,$0,$-40,$-27,$-27,$0,$-30,$-97,$59,$38,$0
3,2017-12-31,41.82,$3.51,11.92,$6.95,6.02,$3.65,11.47,$0.74,56.51,$0.98B,$0.64B,1.53,$0.64B,$0.99B,0.65,$1.94B,$1.71B,87.75%,$1.94B,$0.32B,16.68%,$1.94B,$0.32B,16.68%,$1.94B,$0.44B,22.65%,$1.94B,$0.32B,16.21%,$1.94B,$0.20B,10.50%,$0.20B,$0.99B,21.51%,$0.20B,$0.04B,188.45%,$0.20B,$2.42B,8.89%,$0.32B,$1.63B,20.35%,$502,$60,$441,$203,$141,$420,$81,$-4,$77,$91,$-14,$-14,$-14,$110,$81,$272,280,$-0.05,$-0.06,$693,$33,$0,$980,$251,$0,$945,$230,$1439,$2419,$642,$644,$81,$787,$1430,$1830,$341,$-4,$989,$2419,$204,$117,$201,$318,$-28,$5,$0,$-2,$-51,$471,$-58,$0,$-143,$0,$10,$10,$0,$-191,$35,$0,$35,$-51,$-51,$0,$-54,$-70,$223,$130,$0
4,2017-09-30,39.47,$3.58,11.03,$6.77,5.83,$3.52,11.22,$0.93,42.44,$0.93B,$0.52B,1.79,$0.64B,$1.01B,0.64,$1.91B,$1.66B,86.75%,$1.91B,$0.30B,15.50%,$1.91B,$0.30B,15.50%,$1.91B,$0.41B,21.62%,$1.91B,$0.29B,15.18%,$1.91B,$0.26B,13.40%,$0.26B,$1.01B,28.88%,$0.26B,$0.22B,342.47%,$0.26B,$2.31B,11.56%,$0.30B,$1.66B,19.35%,$485,$54,$431,$207,$141,$405,$80,$6,$87,$5,$81,$81,$81,$109,$80,$273,281,$0.30,$0.29,$682,$36,$0,$931,$245,$0,$791,$327,$1374,$2305,$520,$644,$72,$774,$1294,$1808,$355,$-10,$1011,$2305,$219,$88,$87,$175,$-10,$2,$0,$-1,$-49,$344,$-40,$0,$-1,$0,$9,$10,$0,$-31,$-50,$0,$-50,$-5,$-5,$0,$-55,$-110,$213,$94,$0
5,2017-06-30,33.49,$3.40,9.86,$6.59,5.08,$3.15,10.62,$0.87,38.49,$0.88B,$0.55B,1.62,$0.64B,$0.95B,0.68,$1.87B,$1.62B,86.37%,$1.87B,$0.28B,15.13%,$1.87B,$0.28B,15.13%,$1.87B,$0.40B,21.27%,$1.87B,$0.27B,14.27%,$1.87B,$0.24B,12.83%,$0.24B,$0.95B,27.73%,$0.24B,$0.15B,603.77%,$0.24B,$2.27B,10.97%,$0.28B,$1.60B,18.76%,$479,$61,$418,$196,$137,$396,$83,$-5,$77,$8,$69,$69,$69,$112,$83,$272,280,$0.25,$0.25,$659,$32,$0,$883,$249,$0,$805,$317,$1384,$2268,$545,$644,$67,$771,$1316,$1849,$274,$-15,$952,$2268,$137,$59,$63,$122,$6,$3,$0,$9,$-5,$255,$-27,$0,$0,$0,$0,$0,$0,$-27,$-50,$0,$-50,$30,$30,$0,$-27,$-47,$191,$58,$0
6,2017-03-31,31.4,$3.01,10.44,$6.41,4.9,$2.80,11.21,$0.79,39.75,$0.80B,$0.58B,1.39,$0.64B,$0.84B,0.77,$1.85B,$1.59B,86.12%,$1.85B,$0.27B,14.47%,$1.85B,$0.27B,14.47%,$1.85B,$0.39B,20.87%,$1.85B,$0.25B,13.77%,$1.85B,$0.22B,11.92%,$0.22B,$0.84B,24.55%,$0.22B,$0.02B,389.38%,$0.22B,$2.19B,9.93%,$0.27B,$1.48B,17.35%,$477,$62,$415,$198,$135,$397,$80,$-5,$74,$6,$68,$68,$68,$109,$80,$270,278,$0.25,$0.25,$548,$31,$0,$800,$244,$0,$819,$315,$1391,$2191,$576,$644,$65,$775,$1351,$1824,$205,$-22,$841,$2191,$68,$29,$30,$59,$-22,$6,$0,$28,$-35,$92,$-15,$0,$0,$0,$0,$0,$0,$-15,$0,$0,$0,$23,$23,$0,$-23,$-1,$79,$27,$0
7,2016-12-31,25.22,$2.67,9.46,$6.17,4.09,$2.76,9.15,$0.71,35.52,$0.70B,$0.59B,1.2,$0.64B,$0.74B,0.87,$1.82B,$1.56B,85.90%,$1.82B,$0.25B,13.49%,$1.82B,$0.25B,13.49%,$1.82B,$0.37B,20.15%,$1.82B,$0.24B,13.05%,$1.82B,$0.20B,11.18%,$0.20B,$0.74B,20.41%,$0.20B,$-0.09B,134.88%,$0.20B,$2.10B,8.82%,$0.25B,$1.39B,14.96%,$469,$76,$393,$182,$128,$416,$53,$-1,$52,$14,$38,$38,$38,$83,$53,$285,291,$0.14,$0.13,$468,$39,$0,$702,$239,$0,$832,$312,$1395,$2097,$586,$643,$59,$770,$1355,$1820,$137,$-25,$742,$2097,$203,$121,$103,$223,$-3,$5,$0,$14,$18,$445,$-53,$0,$-42,$0,$96,$96,$0,$1,$350,$0,$350,$-905,$-905,$0,$-38,$-593,$-151,$109,$0
8,2016-09-30,25.53,$3.23,7.9,$5.98,4.27,$2.48,10.31,$0.83,30.76,$0.79B,$0.53B,1.49,$0.64B,$0.93B,0.69,$1.79B,$1.55B,86.52%,$1.79B,$0.27B,15.32%,$1.79B,$0.27B,15.32%,$1.79B,$0.40B,22.09%,$1.79B,$0.27B,14.82%,$1.79B,$0.25B,13.70%,$0.25B,$0.93B,21.25%,$0.25B,$0.08B,80.33%,$0.25B,$2.19B,10.36%,$0.27B,$1.57B,15.92%,$446,$57,$390,$192,$127,$379,$67,$-3,$64,$-1,$65,$65,$65,$94,$67,$281,287,$0.23,$0.23,$533,$64,$0,$792,$241,$0,$847,$299,$1402,$2194,$531,$643,$56,$736,$1267,$1801,$98,$-9,$927,$2194,$165,$91,$86,$176,$3,$-16,$0,$-33,$-93,$248,$-42,$0,$-42,$35,$55,$90,$0,$7,$350,$0,$350,$-670,$-670,$0,$-36,$-356,$-92,$80,$0
9,2016-06-30,24.3,$3.68,6.61,$5.81,4.18,$2.47,9.85,$0.85,28.59,$0.96B,$0.56B,1.71,$0.64B,$1.08B,0.6,$1.78B,$1.53B,85.92%,$1.78B,$0.29B,16.05%,$1.78B,$0.29B,16.05%,$1.78B,$0.41B,22.97%,$1.78B,$0.28B,15.60%,$1.78B,$0.26B,14.53%,$0.26B,$1.08B,20.36%,$0.26B,$0.21B,62.17%,$0.26B,$2.38B,10.76%,$0.29B,$1.72B,16.18%,$453,$62,$391,$182,$137,$386,$67,$-3,$64,$15,$49,$49,$49,$99,$67,$288,295,$0.17,$0.17,$704,$62,$0,$962,$236,$0,$862,$301,$1416,$2378,$564,$643,$57,$738,$1302,$1852,$34,$-10,$1075,$2378,$100,$63,$58,$121,$-4,$-10,$0,$-30,$-57,$164,$-28,$0,$-42,$35,$29,$63,$0,$-7,$350,$0,$350,$-444,$-444,$0,$-18,$-112,$53,$50,$0
10,2016-03-31,23.58,$4.10,5.75,$5.60,4.21,$2.47,9.55,$0.87,27.1,$1.15B,$0.57B,2.03,$0.64B,$1.23B,0.52,$1.74B,$1.50B,86.20%,$1.74B,$0.29B,16.91%,$1.74B,$0.29B,16.91%,$1.74B,$0.42B,24.04%,$1.74B,$0.28B,16.27%,$1.74B,$0.27B,15.35%,$0.27B,$1.23B,19.81%,$0.27B,$0.40B,54.46%,$0.27B,$2.54B,11.13%,$0.29B,$1.88B,16.62%,$448,$62,$386,$180,$128,$390,$58,$-1,$57,$7,$51,$51,$51,$90,$58,$297,303,$0.17,$0.17,$907,$57,$0,$1152,$231,$0,$836,$309,$1387,$2539,$568,$643,$56,$737,$1305,$1844,$-16,$-7,$1234,$2539,$51,$31,$24,$55,$12,$-4,$0,$12,$-23,$83,$-12,$0,$-4,$1,$1,$2,$0,$-14,$350,$0,$350,$-216,$-216,$0,$-16,$118,$194,$25,$0
11,2015-12-31,20.81,$4.45,4.68,$5.44,3.82,$2.36,8.82,$0.82,25.38,$0.96B,$0.54B,1.8,$0.34B,$1.38B,0.25,$1.70B,$1.46B,86.02%,$1.70B,$0.29B,16.75%,$1.70B,$0.29B,16.75%,$1.70B,$0.41B,24.27%,$1.70B,$0.27B,15.75%,$1.70B,$0.25B,14.81%,$0.25B,$1.38B,18.26%,$0.25B,$0.53B,49.70%,$0.25B,$2.35B,9.96%,$0.29B,$1.72B,16.50%,$441,$61,$380,$162,$130,$359,$82,$-2,$80,$-0,$80,$80,$80,$112,$82,$288,312,$0.28,$0.25,$711,$57,$0,$964,$229,$0,$848,$300,$1381,$2346,$536,$343,$60,$433,$969,$1863,$-74,$-12,$1376,$2346,$252,$128,$78,$205,$-45,$-1,$0,$-49,$-79,$378,$-45,$0,$0,$0,$0,$0,$0,$-45,$-350,$0,$-350,$-258,$-258,$0,$-18,$-626,$-315,$92,$0
12,2015-09-30,20.68,$4.65,4.44,$5.41,3.82,$2.20,9.42,$0.77,26.86,$1.04B,$0.51B,2.05,$0.35B,$1.39B,0.25,$1.68B,$1.45B,86.05%,$1.68B,$0.28B,16.51%,$1.68B,$0.28B,16.51%,$1.68B,$0.41B,24.52%,$1.68B,$0.26B,15.14%,$1.68B,$0.24B,14.07%,$0.24B,$1.39B,17.30%,$0.24B,$0.52B,49.40%,$0.24B,$2.33B,8.63%,$0.28B,$1.73B,16.18%,$434,$65,$369,$155,$130,$356,$78,$-2,$76,$-2,$78,$78,$78,$107,$78,$285,313,$0.27,$0.25,$711,$58,$0,$1042,$228,$0,$865,$195,$1289,$2331,$510,$349,$57,$437,$947,$1853,$-154,$-7,$1385,$2331,$172,$97,$68,$165,$-10,$-2,$0,$-42,$-82,$255,$-34,$0,$0,$51,$-51,$-0,$0,$-35,$-350,$0,$-350,$-154,$-154,$0,$-15,$-519,$-316,$68,$0
13,2015-06-30,19.66,$4.80,4.1,$5.32,3.7,$1.99,9.86,$0.64,30.72,$1.07B,$0.53B,2.02,$0.35B,$1.40B,0.25,$1.65B,$1.43B,86.42%,$1.65B,$0.25B,15.39%,$1.65B,$0.25B,15.39%,$1.65B,$0.40B,24.00%,$1.65B,$0.23B,13.64%,$1.65B,$0.20B,11.94%,$0.20B,$1.40B,14.65%,$0.20B,$0.52B,45.08%,$0.20B,$2.38B,6.94%,$0.25B,$1.75B,15.81%,$416,$52,$364,$158,$124,$339,$76,$-7,$70,$11,$58,$58,$58,$109,$76,$285,314,$0.20,$0.19,$744,$62,$0,$1067,$230,$0,$882,$200,$1313,$2381,$527,$349,$71,$456,$983,$1886,$-232,$-1,$1397,$2381,$94,$68,$50,$118,$-8,$-6,$0,$-9,$-44,$168,$-24,$0,$0,$0,$-4,$-4,$0,$-28,$-350,$0,$-350,$-55,$-55,$0,$-6,$-411,$-284,$44,$0
14,2015-03-31,18.44,$4.66,3.96,$5.23,3.53,$1.79,10.28,$0.53,34.79,$1.73B,$1.23B,1.41,$0.35B,$1.36B,0.26,$1.61B,$1.39B,85.93%,$1.61B,$0.21B,13.21%,$1.61B,$0.21B,13.21%,$1.61B,$0.36B,22.01%,$1.61B,$0.19B,11.47%,$1.61B,$0.16B,10.04%,$0.16B,$1.36B,12.36%,$0.16B,$0.47B,42.13%,$0.16B,$3.06B,5.51%,$0.21B,$1.71B,14.35%,$411,$61,$351,$163,$128,$362,$49,$-7,$42,$6,$36,$36,$36,$85,$49,$285,312,$0.13,$0.12,$980,$54,$430,$1734,$226,$0,$898,$201,$1329,$3063,$1226,$349,$76,$473,$1699,$1869,$-290,$4,$1363,$3063,$36,$35,$23,$59,$-12,$2,$0,$7,$-48,$47,$-8,$0,$0,$0,$-1,$-1,$0,$-8,$-54,$0,$-54,$-12,$-12,$0,$-8,$-74,$-44,$22,$0
15,2014-12-31,18.97,$4.57,4.15,$5.17,3.67,$1.74,10.9,$0.52,36.48,$1.85B,$1.39B,1.33,$0.35B,$1.33B,0.26,$1.58B,$1.36B,85.77%,$1.58B,$0.21B,13.03%,$1.58B,$0.21B,13.03%,$1.58B,$0.34B,21.70%,$1.58B,$0.18B,11.45%,$1.58B,$0.16B,10.06%,$0.16B,$1.33B,12.49%,$0.16B,$0.42B,42.63%,$0.16B,$3.21B,5.67%,$0.21B,$1.68B,15.14%,$423,$58,$365,$155,$129,$348,$75,$-8,$67,$2,$65,$65,$65,$112,$75,$283,307,$0.23,$0.21,$1023,$56,$524,$1852,$230,$0,$915,$209,$1358,$3210,$1393,$349,$79,$483,$1876,$1851,$-326,$12,$1334,$3210,$159,$136,$98,$235,$-18,$-12,$0,$-51,$-77,$317,$-40,$0,$-167,$85,$-76,$9,$0,$-198,$349,$0,$349,$-34,$-34,$0,$-25,$289,$396,$84,$0
16,2014-09-30,17.21,$4.39,3.92,$5.07,3.4,$1.93,8.9,$0.44,39.11,$1.35B,$1.30B,1.04,$0.00B,$1.29B,0.0,$1.54B,$1.31B,85.28%,$1.54B,$0.17B,11.01%,$1.54B,$0.17B,11.01%,$1.54B,$0.30B,19.61%,$1.54B,$0.14B,9.32%,$1.54B,$0.13B,8.60%,$0.13B,$1.29B,10.74%,$0.13B,$0.35B,36.14%,$0.13B,$2.71B,5.06%,$0.17B,$1.29B,13.75%,$400,$54,$346,$149,$126,$346,$54,$-8,$46,$9,$38,$38,$38,$90,$54,$284,310,$0.13,$0.12,$595,$61,$452,$1352,$231,$0,$936,$182,$1354,$2706,$1296,$0,$82,$125,$1421,$1820,$-391,$25,$1285,$2706,$94,$99,$83,$182,$-2,$-16,$0,$-58,$-91,$185,$-28,$0,$-167,$70,$-66,$4,$0,$-191,$-0,$0,$-0,$-8,$-8,$0,$-20,$-28,$-36,$61,$0
17,2014-06-30,17.49,$4.35,4.02,$5.01,3.49,$2.14,8.16,$0.45,38.87,$1.42B,$1.41B,1.01,$0.00B,$1.26B,0.0,$1.50B,$1.28B,85.22%,$1.50B,$0.16B,10.85%,$1.50B,$0.16B,10.85%,$1.50B,$0.29B,19.37%,$1.50B,$0.14B,9.19%,$1.50B,$0.13B,8.85%,$0.13B,$1.26B,11.26%,$0.13B,$0.31B,37.25%,$0.13B,$2.79B,5.17%,$0.16B,$1.26B,13.80%,$379,$54,$324,$153,$131,$343,$35,$-6,$30,$7,$23,$23,$23,$68,$35,$283,306,$0.08,$0.08,$655,$58,$456,$1415,$239,$0,$955,$171,$1371,$2786,$1408,$0,$71,$117,$1525,$1812,$-429,$32,$1260,$2786,$56,$63,$41,$105,$5,$-12,$0,$-44,$-64,$97,$-18,$0,$-164,$55,$-54,$1,$0,$-180,$0,$100,$100,$11,$11,$0,$-11,$100,$21,$38,$0
18,2014-03-31,15.54,$4.19,3.71,$5.00,3.11,$2.31,6.72,$0.40,38.85,$1.30B,$1.19B,1.09,$0.00B,$1.21B,0.0,$1.49B,$1.28B,85.86%,$1.49B,$0.17B,11.65%,$1.49B,$0.17B,11.65%,$1.49B,$0.30B,20.20%,$1.49B,$0.15B,9.83%,$1.49B,$0.12B,8.01%,$0.12B,$1.21B,10.56%,$0.12B,$0.42B,34.80%,$0.12B,$2.52B,4.73%,$0.17B,$1.21B,15.36%,$379,$57,$321,$146,$127,$336,$42,$-4,$38,$5,$33,$33,$33,$73,$42,$282,301,$0.12,$0.11,$630,$56,$370,$1298,$239,$0,$795,$185,$1226,$2524,$1193,$0,$69,$117,$1310,$1785,$-452,$29,$1214,$2524,$33,$31,$20,$51,$-0,$-9,$0,$-17,$-56,$28,$-6,$0,$-27,$0,$-1,$-1,$0,$-34,$0,$0,$0,$11,$11,$0,$-11,$-0,$-3,$19,$0
19,2013-12-31,14.02,$4.01,3.49,$4.96,2.83,$2.48,5.66,$0.56,25.04,$1.22B,$1.15B,1.06,$0.00B,$1.16B,0.0,$1.46B,$1.26B,86.30%,$1.46B,$0.19B,12.95%,$1.46B,$0.19B,12.95%,$1.46B,$0.31B,21.44%,$1.46B,$0.16B,10.89%,$1.46B,$0.17B,11.30%,$0.17B,$1.16B,15.31%,$0.17B,$0.39B,42.36%,$0.17B,$2.43B,6.69%,$0.19B,$1.16B,17.53%,$377,$59,$318,$135,$124,$339,$38,$-8,$29,$-8,$38,$38,$38,$70,$38,$278,295,$0.13,$0.13,$633,$50,$307,$1221,$239,$0,$769,$197,$1208,$2429,$1148,$0,$71,$124,$1272,$1757,$-485,$24,$1156,$2429,$164,$124,$63,$186,$-4,$-15,$0,$-6,$17,$368,$-45,$0,$-393,$0,$11,$11,$0,$-427,$-145,$0,$-145,$43,$43,$0,$-14,$-116,$-190,$66,$0
20,2013-09-30,13.51,$3.81,3.55,$4.91,2.75,$2.38,5.68,$1.53,8.83,$1.27B,$1.30B,0.98,$0.00B,$1.10B,0.0,$1.43B,$1.24B,87.05%,$1.43B,$0.21B,14.49%,$1.43B,$0.21B,14.49%,$1.43B,$0.33B,22.88%,$1.43B,$0.18B,12.81%,$1.43B,$0.44B,30.86%,$0.44B,$1.10B,43.33%,$0.44B,$0.32B,105.82%,$0.44B,$2.56B,18.13%,$0.21B,$1.10B,20.34%,$367,$50,$317,$138,$126,$319,$48,$-7,$41,$2,$39,$39,$39,$80,$48,$279,297,$0.14,$0.13,$716,$46,$293,$1274,$242,$0,$780,$257,$1283,$2557,$1298,$0,$115,$163,$1461,$1740,$-523,$21,$1096,$2557,$127,$92,$39,$131,$2,$-10,$0,$-20,$-9,$248,$-36,$0,$-393,$0,$12,$12,$0,$-417,$50,$0,$50,$41,$41,$0,$-13,$77,$-106,$47,$0
21,2013-06-30,14.48,$3.66,3.95,$4.87,2.97,$2.35,6.17,$1.61,8.99,$1.27B,$1.36B,0.93,$0.00B,$1.04B,0.0,$1.40B,$1.21B,86.65%,$1.40B,$0.22B,15.56%,$1.40B,$0.22B,15.56%,$1.40B,$0.34B,23.98%,$1.40B,$0.19B,13.78%,$1.40B,$0.46B,32.91%,$0.46B,$1.04B,51.75%,$0.46B,$0.25B,121.88%,$0.46B,$2.56B,20.13%,$0.22B,$1.04B,23.57%,$362,$43,$319,$136,$130,$317,$45,$-8,$38,$28,$9,$9,$9,$77,$45,$277,294,$0.03,$0.03,$678,$39,$335,$1265,$243,$0,$795,$253,$1298,$2563,$1362,$0,$117,$161,$1523,$1744,$-562,$26,$1040,$2563,$88,$60,$22,$82,$9,$-3,$0,$-36,$-20,$150,$-24,$0,$-392,$0,$5,$5,$0,$-411,$100,$0,$100,$30,$30,$0,$-8,$123,$-149,$29,$0
22,2013-03-31,13.93,$3.60,3.87,$4.82,2.89,$2.32,6.01,$1.71,8.15,$1.46B,$1.21B,1.21,$0.00B,$1.02B,0.0,$1.37B,$1.17B,85.86%,$1.37B,$0.22B,16.41%,$1.37B,$0.22B,16.41%,$1.37B,$0.34B,24.69%,$1.37B,$0.20B,14.73%,$1.37B,$0.49B,35.75%,$0.49B,$1.02B,64.53%,$0.49B,$0.61B,137.66%,$0.49B,$2.32B,23.16%,$0.22B,$1.02B,27.18%,$354,$48,$306,$124,$120,$296,$58,$-7,$51,$-28,$79,$79,$79,$86,$58,$275,292,$0.29,$0.27,$911,$37,$316,$1462,$237,$0,$410,$210,$861,$2323,$1211,$0,$52,$93,$1304,$1728,$-571,$38,$1020,$2323,$79,$28,$20,$48,$24,$-1,$0,$-63,$-52,$75,$-7,$0,$-1,$0,$6,$6,$0,$-2,$0,$0,$0,$22,$22,$0,$-7,$15,$84,$14,$0
23,2012-12-31,13.51,$3.26,4.14,$4.75,2.84,$2.27,5.95,$1.55,8.72,$1.39B,$1.22B,1.14,$0.00B,$0.92B,0.0,$1.33B,$1.14B,85.53%,$1.33B,$0.21B,15.90%,$1.33B,$0.21B,15.90%,$1.33B,$0.32B,24.42%,$1.33B,$0.19B,14.24%,$1.33B,$0.44B,33.16%,$0.44B,$0.92B,71.37%,$0.44B,$0.50B,193.19%,$0.44B,$2.29B,22.28%,$0.21B,$0.92B,29.40%,$346,$44,$302,$118,$123,$289,$56,$-4,$53,$-261,$314,$314,$314,$84,$56,$270,281,$1.16,$1.12,$827,$36,$303,$1391,$244,$0,$418,$226,$896,$2287,$1217,$0,$104,$155,$1372,$1722,$-650,$44,$915,$2287,$440,$113,$-196,$-83,$46,$5,$0,$-109,$-41,$316,$-36,$0,$-66,$0,$-99,$-99,$0,$-201,$0,$0,$0,$33,$33,$0,$-17,$16,$125,$48,$0
24,2012-09-30,12.87,$2.10,6.12,$4.66,2.76,$2.05,6.29,$0.49,26.26,$1.25B,$1.08B,1.16,$0.14B,$0.59B,0.23,$1.29B,$1.09B,84.72%,$1.29B,$0.20B,15.59%,$1.29B,$0.20B,15.59%,$1.29B,$0.32B,24.52%,$1.29B,$0.17B,13.11%,$1.29B,$0.14B,10.63%,$0.14B,$0.59B,27.93%,$0.14B,$0.16B,119.13%,$0.14B,$1.99B,7.43%,$0.20B,$0.73B,32.17%,$339,$51,$287,$115,$109,$279,$59,$-9,$51,$-8,$59,$59,$59,$89,$59,$271,283,$0.22,$0.21,$745,$35,$287,$1251,$247,$0,$426,$59,$738,$1989,$1075,$137,$130,$326,$1400,$1712,$-963,$46,$588,$1989,$126,$85,$22,$106,$24,$7,$0,$-42,$-12,$220,$-26,$0,$-66,$0,$-94,$-94,$0,$-186,$0,$0,$0,$29,$29,$0,$-11,$18,$47,$34,$0
25,2012-06-30,10.99,$1.83,6.02,$4.54,2.42,$1.95,5.63,$0.38,28.92,$1.16B,$1.00B,1.16,$0.14B,$0.50B,0.27,$1.24B,$1.05B,84.38%,$1.24B,$0.17B,14.01%,$1.24B,$0.17B,14.01%,$1.24B,$0.29B,23.27%,$1.24B,$0.15B,11.84%,$1.24B,$0.11B,8.53%,$0.11B,$0.50B,24.21%,$0.11B,$0.15B,140.40%,$0.11B,$1.83B,5.85%,$0.17B,$0.64B,27.06%,$326,$49,$277,$112,$111,$276,$51,$-5,$46,$9,$36,$36,$36,$78,$51,$270,275,$0.13,$0.13,$713,$41,$219,$1158,$252,$0,$352,$59,$671,$1829,$1003,$135,$131,$324,$1327,$1742,$-1018,$45,$502,$1829,$67,$55,$22,$77,$17,$0,$0,$-29,$-16,$128,$-18,$0,$-1,$0,$-49,$-49,$0,$-68,$0,$0,$0,$13,$13,$0,$-9,$4,$60,$22,$0
26,2012-03-31,11.84,$1.68,7.06,$4.40,2.69,$1.98,5.99,$0.35,33.83,$1.11B,$1.01B,1.1,$0.13B,$0.46B,0.29,$1.20B,$1.00B,83.65%,$1.20B,$0.15B,12.34%,$1.20B,$0.15B,12.34%,$1.20B,$0.27B,22.27%,$1.20B,$0.12B,10.34%,$1.20B,$0.10B,8.09%,$0.10B,$0.46B,24.56%,$0.10B,$0.10B,296.18%,$0.10B,$1.80B,5.32%,$0.15B,$0.59B,24.72%,$316,$47,$269,$109,$112,$270,$45,$-6,$39,$8,$31,$31,$31,$73,$45,$268,278,$0.12,$0.11,$663,$42,$258,$1112,$258,$0,$359,$59,$683,$1795,$1011,$133,$127,$323,$1334,$1736,$-1054,$48,$461,$1795,$31,$28,$11,$38,$60,$-0,$0,$-49,$-9,$61,$-8,$0,$-1,$0,$-0,$-0,$0,$-9,$0,$0,$0,$13,$13,$0,$-3,$9,$58,$12,$0
27,2011-12-31,10.4,$1.51,6.9,$4.25,2.44,$1.98,5.26,$0.26,40.0,$1.06B,$1.02B,1.05,$0.13B,$0.41B,0.32,$1.15B,$0.96B,83.12%,$1.15B,$0.12B,10.53%,$1.15B,$0.12B,10.53%,$1.15B,$0.24B,21.06%,$1.15B,$0.10B,8.36%,$1.15B,$0.07B,6.27%,$0.07B,$0.41B,20.32%,$0.07B,$0.05B,-5760.00%,$0.07B,$1.76B,3.94%,$0.12B,$0.54B,19.28%,$308,$49,$259,$97,$113,$262,$46,$-12,$33,$22,$11,$11,$11,$76,$46,$264,271,$0.04,$0.05,$605,$43,$215,$1064,$263,$0,$365,$58,$697,$1761,$1015,$132,$129,$335,$1350,$1734,$-1083,$51,$411,$1761,$72,$121,$25,$146,$77,$-7,$0,$-1,$22,$240,$-31,$0,$-44,$10,$9,$19,$0,$-56,$-150,$0,$-150,$20,$20,$0,$-15,$-145,$44,$44,$0
28,2011-09-30,9.24,$1.38,6.68,$4.05,2.28,$1.83,5.06,$0.14,66.0,$0.96B,$0.65B,1.48,$0.42B,$0.38B,1.12,$1.09B,$0.91B,83.12%,$1.09B,$0.05B,4.50%,$1.09B,$0.05B,4.50%,$1.09B,$0.17B,15.69%,$1.09B,$0.03B,2.66%,$1.09B,$0.02B,2.20%,$0.02B,$0.38B,7.48%,$0.02B,$0.00B,-85.71%,$0.02B,$1.86B,1.32%,$0.05B,$0.80B,7.40%,$292,$50,$243,$103,$104,$260,$32,$-4,$29,$0,$28,$28,$28,$62,$32,$265,271,$0.11,$0.10,$699,$47,$0,$958,$260,$0,$372,$261,$902,$1861,$650,$421,$326,$835,$1484,$1713,$-1092,$50,$377,$1861,$61,$91,$5,$96,$64,$-10,$0,$39,$21,$178,$-18,$0,$-44,$10,$4,$14,$0,$-48,$0,$0,$0,$17,$17,$0,$-10,$7,$139,$32,$0
29,2011-06-30,10.56,$1.23,8.58,$3.88,2.72,$1.67,6.33,$0.52,20.31,$1.17B,$1.18B,0.98,$0.13B,$0.33B,0.39,$1.04B,$0.86B,83.11%,$1.04B,$0.01B,1.35%,$1.04B,$0.01B,1.35%,$1.04B,$0.14B,13.13%,$1.04B,$-0.02B,-1.54%,$1.04B,$0.12B,11.87%,$0.12B,$0.33B,40.93%,$0.12B,$-0.02B,-298.18%,$0.12B,$1.88B,6.90%,$0.01B,$0.46B,2.08%,$283,$51,$232,$99,$102,$258,$25,$-2,$23,$-4,$27,$27,$27,$56,$25,$263,271,$0.10,$0.10,$669,$44,$222,$1165,$268,$0,$352,$79,$709,$1875,$1184,$129,$139,$359,$1543,$1726,$-1115,$51,$331,$1875,$33,$61,$-2,$59,$65,$-7,$0,$25,$34,$126,$-11,$0,$-23,$0,$12,$12,$0,$-22,$0,$0,$0,$10,$10,$0,$-9,$1,$108,$20,$0
30,2011-03-31,9.75,$1.11,8.81,$3.68,2.65,$1.53,6.35,$0.61,15.98,$0.92B,$0.67B,1.37,$0.41B,$0.30B,1.38,$0.98B,$0.82B,83.37%,$0.98B,$-0.01B,-0.61%,$0.98B,$-0.01B,-0.61%,$0.98B,$0.11B,11.33%,$0.98B,$-0.05B,-4.59%,$0.98B,$0.15B,14.80%,$0.15B,$0.30B,56.09%,$0.15B,$-0.03B,-174.70%,$0.15B,$1.82B,8.35%,$-0.01B,$0.71B,-0.82%,$266,$45,$221,$101,$98,$249,$18,$-7,$11,$5,$6,$6,$6,$48,$18,$262,269,$0.02,$0.02,$623,$43,$0,$923,$273,$0,$331,$277,$893,$1816,$674,$411,$333,$844,$1518,$1716,$-1139,$53,$298,$1816,$6,$30,$0,$31,$38,$-4,$0,$7,$20,$56,$-5,$0,$-3,$0,$4,$4,$0,$-4,$0,$0,$0,$9,$9,$0,$-6,$3,$55,$9,$0
31,2010-12-31,8.26,$1.04,7.98,$3.54,2.33,$1.48,5.57,$0.55,15.02,$0.88B,$0.70B,1.26,$0.41B,$0.28B,1.47,$0.94B,$0.78B,83.23%,$0.94B,$-0.03B,-3.10%,$0.94B,$-0.03B,-3.10%,$0.94B,$0.09B,9.08%,$0.94B,$-0.06B,-6.73%,$0.94B,$0.13B,13.57%,$0.13B,$0.28B,59.42%,$0.13B,$-0.06B,-240.76%,$0.13B,$1.73B,7.76%,$-0.03B,$0.68B,-4.16%,$249,$39,$210,$98,$105,$275,$-26,$-8,$-34,$3,$-37,$-37,$-37,$5,$-26,$261,266,$-0.15,$-0.14,$570,$39,$0,$879,$285,$0,$338,$206,$853,$1732,$698,$406,$266,$758,$1455,$1716,$-1139,$53,$277,$1732,$127,$114,$-32,$81,$71,$-27,$0,$-114,$-9,$199,$-34,$0,$-259,$0,$7,$8,$0,$-285,$81,$0,$81,$-26,$-26,$0,$5,$60,$-12,$43,$0
32,2010-09-30,7.63,$1.11,6.89,$3.46,2.21,$0.82,9.34,$0.64,11.92,$0.82B,$0.46B,1.78,$0.55B,$0.30B,1.85,$0.91B,$0.75B,82.58%,$0.91B,$-0.01B,-1.54%,$0.91B,$-0.01B,-1.54%,$0.91B,$0.10B,10.58%,$0.91B,$-0.04B,-4.74%,$0.91B,$0.17B,18.30%,$0.17B,$0.30B,96.79%,$0.17B,$-0.05B,-948.57%,$0.17B,$1.71B,10.66%,$-0.01B,$0.84B,-2.11%,$238,$40,$198,$97,$101,$241,$-3,$-13,$-16,$-143,$127,$127,$127,$27,$-3,$259,263,$0.49,$0.48,$512,$28,$0,$822,$290,$0,$345,$221,$884,$1706,$461,$548,$304,$949,$1410,$1707,$-1100,$43,$296,$1706,$164,$83,$-47,$36,$53,$-16,$0,$-98,$-57,$142,$-28,$-3,$-256,$0,$7,$7,$0,$-280,$86,$0,$86,$-27,$-27,$0,$8,$68,$-60,$33,$0
33,2010-06-30,5.79,$0.61,9.48,$3.39,1.71,$0.36,16.04,$0.11,52.64,$0.77B,$0.44B,1.72,$0.54B,$0.16B,3.33,$0.89B,$0.73B,82.26%,$0.89B,$-0.02B,-2.37%,$0.89B,$-0.02B,-2.37%,$0.89B,$0.09B,9.60%,$0.89B,$-0.04B,-4.75%,$0.89B,$0.03B,2.82%,$0.03B,$0.16B,20.58%,$0.03B,$-0.19B,238.10%,$0.03B,$1.70B,1.68%,$-0.02B,$0.70B,-3.60%,$227,$39,$188,$92,$89,$222,$5,$-11,$-6,$-54,$49,$49,$49,$31,$5,$262,266,$0.19,$0.18,$478,$24,$0,$765,$295,$0,$351,$245,$931,$1696,$444,$542,$455,$1089,$1533,$1709,$-1215,$40,$163,$1696,$37,$53,$-58,$-5,$45,$-11,$0,$24,$64,$96,$-19,$-3,$-254,$0,$10,$10,$0,$-266,$86,$0,$86,$-32,$-32,$0,$22,$76,$-94,$21,$0
34,2010-03-31,6.67,$0.44,15.15,$3.35,1.99,$-0.00,0.0,$-0.37,0.0,$0.88B,$0.40B,2.19,$0.44B,$0.12B,3.71,$0.87B,$0.70B,81.11%,$0.87B,$-0.08B,-9.22%,$0.87B,$-0.08B,-9.22%,$0.87B,$0.03B,3.34%,$0.87B,$-0.10B,-11.52%,$0.87B,$-0.10B,-11.29%,$-0.10B,$0.12B,-95.84%,$-0.10B,$0.09B,-140.50%,$-0.10B,$1.42B,-6.89%,$-0.08B,$0.56B,-14.93%,$222,$39,$183,$89,$98,$227,$-5,$-1,$-7,$5,$-12,$-12,$-12,$22,$-5,$263,263,$-0.04,$-0.04,$622,$19,$0,$880,$302,$0,$32,$159,$535,$1415,$402,$441,$368,$894,$1296,$1685,$-1225,$46,$119,$1415,$-12,$27,$2,$29,$34,$-6,$0,$1,$30,$47,$-10,$-0,$0,$0,$9,$9,$0,$-1,$0,$0,$0,$8,$8,$0,$-4,$4,$50,$10,$0
35,2009-12-31,5.99,$0.40,14.85,$3.32,1.81,$-0.23,0.0,$-0.58,0.0,$0.85B,$0.40B,2.14,$0.44B,$0.11B,4.02,$0.85B,$0.68B,80.16%,$0.85B,$-0.12B,-14.44%,$0.85B,$-0.12B,-14.44%,$0.85B,$-0.01B,-1.17%,$0.85B,$-0.16B,-18.19%,$0.85B,$-0.15B,-17.49%,$-0.15B,$0.11B,-136.07%,$-0.15B,$0.08B,-200.67%,$-0.15B,$1.41B,-10.29%,$-0.12B,$0.54B,-22.85%,$220,$40,$180,$81,$94,$232,$-11,$-3,$-14,$-16,$2,$2,$2,$16,$-11,$258,258,$0.01,$0.01,$571,$24,$0,$851,$312,$0,$29,$161,$560,$1411,$398,$436,$376,$904,$1302,$1674,$-1178,$43,$108,$1411,$-150,$114,$82,$196,$182,$4,$0,$-112,$-21,$26,$-37,$0,$-15,$0,$2,$2,$0,$-51,$0,$0,$0,$28,$28,$0,$-7,$21,$1,$55,$0
36,2009-09-30,7.34,$0.36,20.51,$3.36,2.19,$-0.29,0.0,$-7.16,0.0,$0.86B,$0.41B,2.13,$0.43B,$0.10B,4.48,$0.86B,$0.68B,79.28%,$0.86B,$-1.53B,-178.46%,$0.86B,$-1.53B,-178.46%,$0.86B,$-0.10B,-11.06%,$0.86B,$-1.58B,-184.17%,$0.86B,$-1.79B,-207.80%,$-1.79B,$0.10B,-1381.04%,$-1.79B,$0.06B,-2011.27%,$-1.79B,$1.41B,-117.78%,$-1.53B,$0.53B,-277.22%,$216,$39,$177,$88,$97,$226,$-10,$-4,$-15,$-0,$-14,$-14,$-14,$16,$-10,$259,259,$-0.05,$-0.05,$575,$26,$0,$861,$313,$0,$33,$141,$553,$1414,$405,$431,$373,$913,$1318,$1664,$-1176,$41,$96,$1414,$-152,$87,$68,$155,$185,$3,$0,$-87,$21,$25,$-31,$-1,$-14,$0,$-2,$-2,$0,$-48,$0,$0,$0,$28,$28,$0,$-7,$21,$2,$44,$0
37,2009-06-30,5.9,$0.32,18.19,$3.44,1.71,$-0.44,0.0,$-7.78,0.0,$0.87B,$0.44B,1.97,$0.43B,$0.09B,4.93,$0.88B,$0.69B,78.29%,$0.88B,$-1.63B,-186.51%,$0.88B,$-1.63B,-186.51%,$0.88B,$-0.18B,-21.03%,$0.88B,$-1.69B,-193.26%,$0.88B,$-1.94B,-221.94%,$-1.94B,$0.09B,-365.38%,$-1.94B,$0.05B,-1339.31%,$-1.94B,$1.45B,-98.37%,$-1.63B,$0.51B,-167.81%,$210,$46,$164,$91,$106,$264,$-54,$-10,$-64,$11,$-74,$-74,$-74,$-25,$-54,$257,257,$-0.29,$-0.29,$562,$23,$0,$867,$329,$0,$38,$142,$585,$1453,$441,$426,$383,$925,$1366,$1656,$-1117,$37,$86,$1453,$-138,$60,$50,$110,$139,$6,$0,$-48,$30,$3,$-22,$-0,$-5,$0,$-2,$-2,$0,$-29,$0,$0,$0,$20,$20,$0,$-3,$16,$-11,$29,$0
38,2009-03-31,4.2,$0.56,7.49,$3.84,1.09,$-0.45,0.0,$-7.47,0.0,$0.89B,$0.45B,1.97,$0.42B,$0.15B,2.85,$0.97B,$0.77B,79.34%,$0.97B,$-1.58B,-162.08%,$0.97B,$-1.58B,-162.08%,$0.97B,$-0.12B,-12.54%,$0.97B,$-1.64B,-168.04%,$0.97B,$-1.89B,-193.94%,$-1.89B,$0.15B,-190.17%,$-1.89B,$0.11B,-730.69%,$-1.89B,$1.52B,-74.96%,$-1.58B,$0.57B,-108.65%,$206,$44,$162,$95,$113,$255,$-48,$-13,$-62,$2,$-63,$-63,$-63,$-17,$-48,$254,254,$-0.25,$-0.25,$558,$29,$0,$888,$337,$0,$42,$144,$627,$1515,$452,$421,$368,$916,$1367,$1663,$-992,$31,$148,$1515,$-63,$31,$25,$56,$93,$-1,$0,$-29,$-1,$-7,$-15,$0,$-4,$0,$-1,$-1,$0,$-20,$0,$0,$0,$20,$20,$0,$-1,$18,$-14,$13,$0
39,2008-12-31,3.66,$0.72,5.05,$4.06,0.9,$-0.53,0.0,$-7.29,0.0,$0.95B,$0.56B,1.69,$0.42B,$0.19B,2.23,$1.04B,$0.83B,79.87%,$1.04B,$-1.57B,-151.45%,$1.04B,$-1.57B,-151.45%,$1.04B,$-0.11B,-10.79%,$1.04B,$-1.62B,-155.88%,$1.04B,$-1.86B,-178.90%,$-1.86B,$0.19B,-129.97%,$-1.86B,$0.14B,-537.48%,$-1.86B,$1.68B,-60.93%,$-1.57B,$0.60B,-82.40%,$227,$49,$178,$100,$131,$1649,$-1421,$-20,$-1441,$193,$-1634,$-1634,$-1634,$-69,$-1421,$254,254,$-6.43,$-6.43,$572,$28,$0,$954,$355,$0,$49,$161,$726,$1680,$564,$417,$382,$929,$1493,$1659,$-815,$37,$187,$1680,$-1857,$1462,$383,$1845,$101,$3,$0,$22,$82,$70,$-97,$-2,$-21,$0,$-6,$-6,$0,$-127,$-230,$0,$-230,$-226,$-226,$0,$13,$-443,$-495,$81,$0
40,2008-09-30,6.76,$6.65,1.02,$4.72,1.43,$0.82,8.24,$-0.31,0.0,$0.95B,$0.51B,1.87,$0.50B,$1.71B,0.29,$1.27B,$1.05B,82.98%,$1.27B,$-0.04B,-3.07%,$1.27B,$-0.04B,-3.07%,$1.27B,$0.12B,9.38%,$1.27B,$-0.07B,-5.75%,$1.27B,$-0.11B,-8.90%,$-0.11B,$1.71B,-5.94%,$-0.11B,$0.29B,-23.95%,$-0.11B,$3.25B,-3.14%,$-0.04B,$2.21B,-1.62%,$232,$51,$181,$112,$124,$342,$-109,$-15,$-124,$47,$-171,$-171,$-171,$-73,$-109,$253,253,$-0.67,$-0.67,$558,$26,$0,$946,$359,$0,$1417,$357,$2303,$3249,$505,$500,$414,$1039,$1544,$1546,$868,$21,$1705,$3249,$-223,$109,$73,$182,$116,$5,$0,$-2,$78,$38,$-81,$-1,$-21,$0,$-9,$-9,$0,$-112,$-230,$0,$-230,$-226,$-226,$0,$15,$-441,$-511,$58,$0
41,2008-06-30,10.1,$7.41,1.36,$5.14,1.97,$1.65,6.11,$0.60,16.83,$1.33B,$0.73B,1.83,$0.50B,$1.93B,0.26,$1.44B,$1.22B,84.91%,$1.44B,$0.16B,10.78%,$1.44B,$0.16B,10.78%,$1.44B,$0.31B,21.56%,$1.44B,$0.15B,10.22%,$1.44B,$0.13B,9.11%,$0.13B,$1.93B,6.67%,$0.13B,$0.50B,24.94%,$0.13B,$3.63B,3.52%,$0.16B,$2.43B,6.29%,$308,$57,$251,$120,$125,$307,$1,$-8,$-8,$11,$-19,$-19,$-19,$37,$1,$253,253,$-0.07,$-0.07,$889,$24,$0,$1328,$359,$0,$1426,$321,$2299,$3626,$725,$500,$350,$973,$1698,$1531,$1105,$28,$1929,$3626,$-52,$73,$41,$114,$71,$5,$0,$-42,$-23,$40,$-61,$-0,$-6,$0,$-26,$-26,$0,$-94,$0,$0,$0,$-190,$-190,$0,$15,$-175,$-226,$43,$0
42,2008-03-31,10.68,$7.34,1.45,$5.21,2.05,$2.16,4.94,$0.78,13.69,$1.31B,$0.75B,1.75,$0.50B,$1.89B,0.26,$1.52B,$1.31B,86.06%,$1.52B,$0.23B,14.99%,$1.52B,$0.23B,14.99%,$1.52B,$0.38B,24.85%,$1.52B,$0.24B,15.78%,$1.52B,$0.21B,13.81%,$0.21B,$1.89B,10.53%,$0.21B,$0.45B,36.67%,$0.21B,$3.64B,5.60%,$0.23B,$2.39B,8.93%,$271,$52,$219,$125,$131,$314,$-43,$-1,$-45,$-11,$-33,$-33,$-33,$-7,$-43,$263,263,$-0.13,$-0.13,$837,$30,$0,$1311,$346,$0,$1440,$326,$2327,$3637,$750,$500,$358,$993,$1744,$1529,$1119,$27,$1894,$3637,$-33,$37,$28,$65,$38,$1,$0,$-9,$-51,$-19,$-25,$-0,$-6,$0,$3,$3,$0,$-27,$0,$0,$0,$-191,$-191,$0,$-2,$-193,$-237,$22,$0
43,2007-12-31,17.01,$7.57,2.25,$5.42,3.14,$2.48,6.85,$1.00,17.01,$1.53B,$0.79B,1.95,$0.50B,$2.08B,0.24,$1.62B,$1.40B,86.75%,$1.62B,$0.32B,19.69%,$1.62B,$0.32B,19.69%,$1.62B,$0.46B,28.73%,$1.62B,$0.35B,21.55%,$1.62B,$0.29B,17.77%,$0.29B,$2.08B,14.43%,$0.29B,$0.64B,49.00%,$0.29B,$3.87B,7.68%,$0.32B,$2.58B,12.21%,$458,$56,$402,$129,$155,$345,$112,$-8,$104,$-6,$110,$110,$110,$162,$112,$271,296,$0.41,$0.38,$1078,$31,$0,$1530,$339,$0,$1437,$327,$2342,$3871,$785,$500,$369,$1006,$1791,$1516,$1162,$20,$2080,$3871,$287,$147,$100,$246,$-162,$6,$0,$5,$-131,$402,$-35,$-2,$-81,$0,$10,$10,$0,$-108,$0,$-28,$-28,$-144,$-144,$0,$2,$-170,$129,$101,$0
44,2007-09-30,22.19,$7.26,3.05,$5.25,4.22,$2.37,9.35,$0.75,29.59,$1.38B,$0.71B,1.93,$0.50B,$1.95B,0.26,$1.59B,$1.38B,86.65%,$1.59B,$0.31B,19.52%,$1.59B,$0.31B,19.52%,$1.59B,$0.44B,27.64%,$1.59B,$0.32B,20.21%,$1.59B,$0.23B,14.17%,$0.23B,$1.95B,11.88%,$0.23B,$0.50B,44.58%,$0.23B,$3.74B,6.20%,$0.31B,$2.45B,12.08%,$401,$52,$349,$125,$138,$316,$85,$11,$96,$23,$73,$73,$73,$118,$85,$273,300,$0.27,$0.24,$951,$38,$0,$1379,$333,$0,$1451,$356,$2360,$3739,$713,$500,$448,$1073,$1786,$1492,$1043,$15,$1953,$3739,$177,$97,$70,$166,$-101,$-1,$0,$3,$-134,$209,$-11,$0,$-74,$0,$10,$10,$0,$-75,$-28,$0,$-28,$-123,$-123,$0,$18,$-134,$1,$79,$0
45,2007-06-30,21.96,$7.40,2.97,$5.09,4.32,$2.25,9.76,$0.65,33.78,$1.52B,$0.47B,3.24,$0.73B,$2.05B,0.36,$1.55B,$1.34B,86.28%,$1.55B,$0.29B,18.74%,$1.55B,$0.29B,18.74%,$1.55B,$0.42B,27.11%,$1.55B,$0.30B,19.19%,$1.55B,$0.19B,12.49%,$0.19B,$2.05B,10.35%,$0.19B,$0.69B,38.74%,$0.19B,$3.76B,5.52%,$0.29B,$2.78B,11.49%,$391,$52,$339,$123,$140,$317,$74,$11,$85,$25,$60,$60,$60,$105,$74,$274,303,$0.22,$0.20,$1149,$38,$0,$1520,$332,$0,$1360,$353,$2244,$3764,$468,$730,$428,$1243,$1712,$1473,$972,$12,$2052,$3764,$104,$63,$43,$107,$-53,$-1,$0,$-17,$-91,$120,$9,$0,$-7,$0,$8,$8,$0,$9,$-28,$0,$-28,$84,$84,$0,$7,$63,$194,$55,$0
46,2007-03-31,21.06,$6.71,3.14,$4.93,4.27,$2.21,9.54,$0.55,38.29,$1.36B,$0.46B,2.95,$0.73B,$1.87B,0.39,$1.52B,$1.30B,85.47%,$1.52B,$0.26B,17.03%,$1.52B,$0.26B,17.03%,$1.52B,$0.40B,26.10%,$1.52B,$0.27B,17.55%,$1.52B,$0.16B,10.78%,$0.16B,$1.87B,8.95%,$0.16B,$0.51B,36.75%,$0.16B,$3.57B,4.79%,$0.26B,$2.60B,10.68%,$365,$54,$311,$117,$143,$318,$47,$16,$63,$19,$44,$44,$44,$79,$47,$270,294,$0.16,$0.15,$969,$38,$0,$1356,$326,$0,$1363,$364,$2214,$3570,$460,$730,$419,$1241,$1701,$1445,$918,$14,$1869,$3570,$44,$32,$16,$48,$-28,$-1,$0,$-7,$-74,$19,$26,$0,$-2,$0,$3,$3,$0,$28,$-28,$0,$-28,$-10,$-10,$0,$2,$-35,$12,$28,$0
47,2006-12-31,17.91,$6.18,2.9,$4.72,3.79,$2.14,8.38,$0.47,38.11,$1.31B,$0.55B,2.39,$0.73B,$1.70B,0.43,$1.48B,$1.26B,84.70%,$1.48B,$0.23B,15.16%,$1.48B,$0.23B,15.16%,$1.48B,$0.37B,25.07%,$1.48B,$0.24B,16.31%,$1.48B,$0.14B,9.57%,$0.14B,$1.70B,7.73%,$0.14B,$0.32B,32.00%,$0.14B,$3.44B,4.20%,$0.23B,$2.43B,9.47%,$431,$54,$377,$118,$151,$328,$104,$-26,$77,$29,$48,$48,$48,$137,$104,$279,312,$0.17,$0.15,$958,$37,$0,$1312,$355,$0,$1380,$246,$2131,$3443,$548,$730,$370,$1195,$1744,$1399,$833,$12,$1699,$3443,$143,$147,$137,$285,$12,$-11,$0,$45,$-6,$421,$-67,$-8,$-66,$0,$30,$30,$0,$-112,$259,$-132,$127,$-348,$-348,$0,$-14,$-234,$73,$104,$0
