,Date,Stock Price,Book Value per Share,Price to Book Ratio,TTM Sales per Share,Price to Sales Ratio,TTM FCF per Share,Price to FCF Ratio,TTM Net EPS,PE Ratio,Current Assets,Current Liabilities,Current Ratio,Long Term Debt,Shareholder's Equity_x,Debt to Equity Ratio,TTM Revenue_x,TTM Gross Profit,Gross Margin,TTM Revenue_y,TTM Operating Income,Operating Margin,TTM Revenue_x,TTM EBIT,EBIT Margin,TTM Revenue_y,TTM EBITDA,EBITDA Margin,TTM Revenue_x,TTM Pre-Tax Income,Pre-Tax Margin,TTM Revenue_y,TTM Net Income_x,Net Margin,TTM Net Income_y,Shareholder's Equity_y,Return on Equity,TTM Net Income_x,Tangible Equity,Return on Tangible Equity,TTM Net Income_y,Total Assets,Return on Assets,TTM Net Income,LT Investments & Debt,Return on Investment,revenue,cost-goods-sold,gross-profit,research-development-expenses,selling-general-administrative-expenses,operating-expenses,operating-income,total-non-operating-income-expense,pre-tax-income,total-provision-income-taxes,income-after-taxes,income-from-continuous-operations,net-income,ebitda,ebit,basic-shares-outstanding,shares-outstanding,eps-basic-net-earnings-per-share,eps-earnings-per-share-diluted,cash-on-hand,inventory,other-current-assets,total-current-assets,net-property-plant-equipment,long-term-investments,goodwill-intangible-assets-total,other-long-term-assets,total-long-term-assets,total-assets,total-current-liabilities,long-term-debt,other-non-current-liabilities,total-long-term-liabilities,total-liabilities,common-stock-net,retained-earnings-accumulated-deficit,comprehensive-income,total-share-holder-equity,total-liabilities-share-holders-equity,net-income-loss,total-depreciation-amortization-cash-flow,other-non-cash-items,total-non-cash-items,change-in-accounts-receivable,change-in-inventories,change-in-accounts-payable,change-in-assets-liabilities,total-change-in-assets-liabilities,cash-flow-from-operating-activities,net-change-in-property-plant-equipment,net-change-in-intangible-assets,net-acquisitions-divestitures,net-change-in-short-term-investments,net-change-in-long-term-investments,net-change-in-investments-total,investing-activities-other,cash-flow-from-investing-activities,net-long-term-debt,net-current-debt,debt-issuance-retirement-net-total,net-common-equity-issued-repurchased,net-total-equity-issued-repurchased,total-common-preferred-stock-dividends-paid,financial-activities-other,cash-flow-from-financial-activities,net-cash-flow,stock-based-compensation,common-stock-dividends-paid
0,2018-09-30,88.92,$7.69,11.56,$104.93,0.85,$11.25,7.91,$4.40,20.21,$3.95B,$2.80B,1.41,$3.19B,$1.16B,2.75,$16.28B,$2.63B,16.14%,$16.28B,$0.97B,5.94%,$16.28B,$0.97B,5.94%,$16.28B,$1.24B,7.59%,$16.28B,$0.82B,5.03%,$16.28B,$0.68B,4.17%,$0.68B,$1.16B,64.47%,$0.68B,$-2.07B,-30.13%,$0.68B,$7.38B,9.46%,$0.97B,$4.35B,22.70%,$4373,$3660,$714,$0,$439,$4098,$275,$-36,$238,$55,$184,$184,$184,$341,$275,$151,154,$1.22,$1.20,$255,$481,$0,$3950,$148,$0,$3228,$50,$3426,$7375,$2804,$3187,$65,$3411,$6215,$2,$-1704,$-108,$1161,$7375,$484,$199,$-1,$198,$-334,$-72,$301,$26,$-80,$602,$-53,$0,$0,$0,$0,$0,$0,$-53,$-11,$0,$-11,$-208,$-208,$-96,$-121,$-435,$111,$30,$-96
1,2018-06-30,80.79,$7.06,11.45,$101.66,0.79,$10.11,7.99,$4.03,20.05,$3.85B,$2.82B,1.36,$3.20B,$1.07B,3.0,$15.84B,$2.56B,16.13%,$15.84B,$0.94B,5.90%,$15.84B,$0.94B,5.90%,$15.84B,$1.21B,7.61%,$15.84B,$0.79B,4.97%,$15.84B,$0.62B,3.94%,$0.62B,$1.07B,64.68%,$0.62B,$-2.21B,-26.12%,$0.62B,$7.33B,8.78%,$0.94B,$4.27B,22.17%,$4186,$3491,$696,$0,$430,$3921,$266,$-36,$230,$57,$173,$173,$173,$331,$266,$152,154,$1.14,$1.12,$101,$577,$0,$3845,$150,$0,$3275,$60,$3485,$7330,$2820,$3202,$67,$3441,$6261,$2,$-1781,$-105,$1069,$7330,$300,$133,$-4,$129,$-295,$-168,$387,$-21,$-97,$332,$-34,$0,$0,$0,$0,$0,$0,$-34,$6,$0,$6,$-157,$-157,$-64,$-124,$-338,$-44,$19,$-64
2,2018-03-31,70.13,$6.56,10.69,$98.94,0.71,$10.31,6.8,$3.80,18.45,$3.48B,$2.58B,1.35,$3.21B,$1.00B,3.22,$15.54B,$2.50B,16.09%,$15.54B,$0.90B,5.79%,$15.54B,$0.90B,5.79%,$15.54B,$1.17B,7.51%,$15.54B,$0.75B,4.84%,$15.54B,$0.59B,3.81%,$0.59B,$1.00B,65.07%,$0.59B,$-2.35B,-23.81%,$0.59B,$7.03B,8.42%,$0.90B,$4.21B,21.52%,$3606,$3003,$604,$0,$400,$3402,$204,$-38,$166,$39,$127,$127,$127,$272,$204,$152,155,$0.83,$0.82,$221,$486,$0,$3480,$153,$0,$3348,$47,$3548,$7028,$2583,$3210,$50,$3449,$6031,$2,$-1855,$-79,$997,$7028,$127,$68,$-5,$62,$61,$-72,$-30,$75,$33,$222,$-16,$0,$0,$0,$0,$0,$0,$-16,$-4,$0,$-4,$-102,$-102,$-32,$6,$-131,$77,$8,$-32
3,2017-12-31,69.11,$6.44,10.73,$95.64,0.72,$11.13,6.21,$3.33,20.75,$3.40B,$2.52B,1.35,$3.21B,$0.99B,3.26,$15.19B,$2.45B,16.13%,$15.19B,$0.87B,5.71%,$15.19B,$0.87B,5.71%,$15.19B,$1.13B,7.46%,$15.19B,$0.66B,4.35%,$15.19B,$0.52B,3.44%,$0.52B,$0.99B,58.95%,$0.52B,$-2.39B,-20.58%,$0.52B,$6.97B,7.50%,$0.87B,$4.20B,20.78%,$4111,$3497,$613,$0,$393,$3890,$221,$-37,$184,$-11,$195,$195,$195,$292,$221,$155,158,$1.27,$1.23,$144,$412,$0,$3396,$161,$0,$3377,$33,$3570,$6967,$2522,$3210,$53,$3459,$5981,$2,$-1832,$-96,$986,$6967,$523,$266,$-72,$194,$-128,$9,$232,$-51,$60,$778,$-81,$0,$0,$0,$0,$0,$0,$-81,$-58,$0,$-58,$-521,$-521,$-107,$-133,$-819,$-120,$44,$-107
4,2017-09-30,65.43,$5.27,12.4,$90.70,0.72,$9.98,6.56,$2.70,24.23,$3.49B,$2.56B,1.37,$3.39B,$0.81B,4.2,$14.57B,$2.42B,16.57%,$14.57B,$0.84B,5.78%,$14.57B,$0.84B,5.78%,$14.57B,$1.10B,7.58%,$14.57B,$0.64B,4.39%,$14.57B,$0.43B,2.96%,$0.43B,$0.81B,47.77%,$0.43B,$-2.61B,-16.84%,$0.43B,$7.10B,6.19%,$0.84B,$4.20B,20.13%,$3933,$3291,$642,$0,$398,$3689,$244,$-37,$207,$78,$129,$129,$129,$310,$244,$154,156,$0.84,$0.83,$98,$549,$0,$3493,$163,$0,$3415,$32,$3609,$7102,$2559,$3388,$32,$3737,$6295,$2,$-1997,$-102,$807,$7102,$328,$195,$40,$235,$-121,$-84,$140,$-60,$-124,$439,$-59,$0,$0,$0,$0,$0,$0,$-59,$142,$0,$142,$-525,$-525,$-75,$-90,$-548,$-166,$34,$-75
5,2017-06-30,61.83,$5.46,11.33,$88.00,0.7,$10.32,5.99,$2.63,23.51,$3.40B,$2.56B,1.33,$3.28B,$0.85B,3.86,$14.35B,$2.39B,16.64%,$14.35B,$0.84B,5.83%,$14.35B,$0.84B,5.83%,$14.35B,$1.10B,7.64%,$14.35B,$0.63B,4.40%,$14.35B,$0.43B,2.98%,$0.43B,$0.85B,45.14%,$0.43B,$-2.60B,-16.76%,$0.43B,$7.04B,6.22%,$0.84B,$4.13B,19.96%,$3892,$3251,$641,$0,$410,$3661,$231,$-36,$195,$54,$141,$141,$141,$293,$231,$156,159,$0.90,$0.89,$79,$514,$0,$3397,$161,$0,$3446,$38,$3645,$7042,$2555,$3278,$30,$3637,$6193,$2,$-1927,$-116,$849,$7042,$199,$130,$44,$173,$-156,$-53,$312,$-100,$4,$376,$-37,$0,$0,$0,$0,$0,$0,$-37,$8,$0,$8,$-352,$-352,$-50,$-133,$-527,$-185,$24,$-50
6,2017-03-31,56.9,$5.74,9.91,$85.51,0.67,$9.91,5.74,$2.44,23.32,$3.10B,$2.22B,1.39,$3.26B,$0.91B,3.6,$14.12B,$2.36B,16.69%,$14.12B,$0.83B,5.88%,$14.12B,$0.83B,5.88%,$14.12B,$1.09B,7.73%,$14.12B,$0.62B,4.42%,$14.12B,$0.41B,2.87%,$0.41B,$0.91B,40.94%,$0.41B,$-2.57B,-15.81%,$0.41B,$6.78B,5.92%,$0.83B,$4.17B,19.68%,$3256,$2703,$554,$0,$383,$3085,$171,$-96,$75,$16,$58,$58,$58,$238,$171,$159,163,$0.36,$0.36,$252,$493,$0,$3098,$162,$0,$3474,$41,$3677,$6775,$2223,$3262,$32,$3645,$5867,$2,$-1835,$-134,$907,$6775,$58,$67,$52,$119,$185,$-36,$-10,$54,$192,$370,$-20,$0,$0,$0,$0,$0,$0,$-20,$-4,$0,$-4,$-171,$-171,$-26,$-162,$-362,$-12,$12,$-26
7,2016-12-31,51.23,$6.52,7.85,$83.96,0.61,$10.22,5.01,$2.55,20.09,$3.24B,$2.28B,1.42,$3.22B,$1.05B,3.08,$13.98B,$2.33B,16.65%,$13.98B,$0.82B,5.86%,$13.98B,$0.82B,5.86%,$13.98B,$1.08B,7.73%,$13.98B,$0.67B,4.81%,$13.98B,$0.43B,3.04%,$0.43B,$1.05B,41.56%,$0.43B,$-2.47B,-16.41%,$0.43B,$6.95B,6.22%,$0.82B,$4.26B,19.33%,$3492,$2915,$578,$0,$381,$3295,$197,$-34,$163,$60,$103,$103,$103,$263,$197,$164,166,$0.63,$0.64,$264,$452,$0,$3238,$164,$0,$3511,$36,$3710,$6948,$2281,$3216,$37,$3622,$5903,$2,$-1674,$-140,$1046,$6948,$424,$261,$-58,$203,$-180,$-69,$225,$0,$-23,$604,$-64,$0,$0,$0,$0,$0,$-2,$-66,$-13,$0,$-13,$-360,$-360,$-79,$147,$-305,$226,$39,$-79
8,2016-09-30,44.83,$6.17,7.26,$82.82,0.54,$8.06,5.56,$2.44,18.37,$3.00B,$2.13B,1.41,$3.22B,$0.99B,3.25,$13.91B,$2.31B,16.59%,$13.91B,$0.80B,5.77%,$13.91B,$0.80B,5.77%,$13.91B,$1.06B,7.64%,$13.91B,$0.65B,4.69%,$13.91B,$0.41B,2.96%,$0.41B,$0.99B,39.71%,$0.41B,$-2.59B,-15.55%,$0.41B,$6.77B,6.06%,$0.80B,$4.21B,18.86%,$3708,$3094,$614,$0,$377,$3471,$238,$-39,$198,$72,$126,$126,$126,$302,$238,$162,165,$0.78,$0.76,$118,$452,$0,$2998,$163,$0,$3579,$34,$3775,$6773,$2127,$3223,$39,$3656,$5782,$2,$-1739,$-116,$991,$6773,$321,$195,$-44,$151,$-18,$-65,$142,$-32,$27,$499,$-41,$0,$0,$0,$0,$0,$-2,$-44,$-9,$0,$-9,$-349,$-349,$-53,$40,$-371,$81,$28,$-53
9,2016-06-30,39.2,$6.21,6.31,$80.81,0.49,$6.75,5.81,$2.56,15.31,$3.08B,$2.18B,1.41,$3.21B,$1.01B,3.17,$13.70B,$2.26B,16.50%,$13.70B,$0.77B,5.62%,$13.70B,$0.77B,5.62%,$13.70B,$1.03B,7.49%,$13.70B,$0.70B,5.11%,$13.70B,$0.44B,3.18%,$0.44B,$1.01B,41.28%,$0.44B,$-2.62B,-16.22%,$0.44B,$6.89B,6.43%,$0.77B,$4.23B,17.97%,$3665,$3054,$611,$0,$387,$3441,$224,$-36,$188,$70,$118,$118,$118,$289,$224,$165,167,$0.71,$0.70,$129,$487,$0,$3075,$164,$0,$3637,$12,$3813,$6888,$2178,$3214,$62,$3697,$5875,$2,$-1715,$-104,$1013,$6888,$195,$131,$-32,$99,$-75,$-99,$219,$-27,$19,$313,$-26,$0,$0,$0,$0,$0,$0,$-26,$-14,$0,$-14,$-219,$-219,$-36,$77,$-193,$92,$18,$-36
10,2016-03-31,40.48,$6.28,6.44,$78.04,0.52,$5.47,7.4,$2.49,16.26,$2.82B,$1.94B,1.45,$3.23B,$1.04B,3.1,$13.35B,$2.19B,16.37%,$13.35B,$0.75B,5.63%,$13.35B,$0.75B,5.63%,$13.35B,$1.00B,7.47%,$13.35B,$0.68B,5.12%,$13.35B,$0.43B,3.19%,$0.43B,$1.04B,40.49%,$0.43B,$-2.68B,-16.32%,$0.43B,$6.72B,6.44%,$0.75B,$4.27B,17.63%,$3117,$2592,$525,$0,$364,$2956,$161,$-37,$124,$46,$78,$78,$78,$227,$161,$167,169,$0.47,$0.46,$248,$460,$0,$2816,$168,$0,$3721,$13,$3902,$6718,$1943,$3225,$61,$3735,$5678,$2,$-1710,$-69,$1040,$6718,$78,$66,$-16,$49,$238,$-68,$91,$40,$301,$428,$-11,$0,$0,$0,$0,$0,$0,$-11,$-7,$0,$-7,$-117,$-117,$-18,$-65,$-207,$211,$9,$-18
11,2015-12-31,40.9,$6.52,6.28,$75.46,0.54,$3.97,10.31,$2.35,17.4,$2.79B,$1.89B,1.48,$3.23B,$1.10B,2.95,$12.99B,$2.12B,16.30%,$12.99B,$0.74B,5.72%,$12.99B,$0.74B,5.72%,$12.99B,$0.98B,7.51%,$12.99B,$0.65B,4.98%,$12.99B,$0.40B,3.10%,$0.40B,$1.10B,38.90%,$0.40B,$-2.68B,-15.92%,$0.40B,$6.76B,6.24%,$0.74B,$4.33B,17.52%,$3418,$2861,$558,$0,$378,$3239,$180,$-38,$142,$52,$89,$89,$89,$244,$180,$170,172,$0.53,$0.52,$38,$393,$0,$2791,$175,$0,$3777,$12,$3965,$6755,$1887,$3233,$70,$3772,$5659,$2,$-1652,$-61,$1096,$6755,$403,$234,$-84,$150,$-343,$-32,$101,$-2,$-276,$278,$-90,$0,$-264,$0,$0,$0,$-1,$-354,$-33,$0,$-33,$-239,$-239,$-53,$98,$-227,$-307,$31,$-53
12,2015-09-30,39.65,$6.36,6.24,$73.22,0.54,$5.08,7.81,$2.13,18.62,$2.74B,$1.87B,1.46,$3.24B,$1.08B,3.01,$12.62B,$2.05B,16.25%,$12.62B,$0.73B,5.76%,$12.62B,$0.73B,5.76%,$12.62B,$0.95B,7.53%,$12.62B,$0.59B,4.64%,$12.62B,$0.37B,2.90%,$0.37B,$1.08B,36.74%,$0.37B,$-2.77B,-14.80%,$0.37B,$6.74B,5.82%,$0.73B,$4.32B,17.39%,$3501,$2934,$567,$0,$363,$3297,$205,$42,$246,$95,$151,$151,$151,$266,$205,$170,171,$0.89,$0.88,$98,$411,$0,$2735,$154,$0,$3843,$9,$4007,$6742,$1872,$3240,$58,$3794,$5666,$2,$-1675,$-45,$1076,$6742,$314,$170,$-72,$98,$-178,$-55,$226,$-110,$-117,$295,$-44,$0,$-264,$0,$0,$0,$-1,$-308,$-26,$0,$-26,$-192,$-192,$-35,$23,$-230,$-247,$20,$-35
13,2015-06-30,33.21,$5.85,5.67,$71.62,0.46,$5.44,6.11,$1.57,21.15,$2.71B,$1.63B,1.67,$3.15B,$1.00B,3.17,$12.39B,$1.99B,16.08%,$12.39B,$0.71B,5.71%,$12.39B,$0.71B,5.71%,$12.39B,$0.92B,7.44%,$12.39B,$0.43B,3.46%,$12.39B,$0.27B,2.19%,$0.27B,$1.00B,28.50%,$0.27B,$-2.31B,-11.22%,$0.27B,$6.25B,4.42%,$0.71B,$4.15B,17.20%,$3314,$2780,$535,$0,$329,$3108,$206,$-34,$172,$64,$108,$108,$108,$260,$206,$171,173,$0.63,$0.63,$336,$436,$0,$2714,$134,$95,$3305,$2,$3537,$6251,$1626,$3154,$47,$3630,$5255,$2,$-1713,$-23,$996,$6251,$163,$108,$-14,$94,$-158,$-99,$152,$-53,$-158,$99,$-23,$0,$0,$0,$0,$0,$-1,$-23,$-8,$0,$-8,$-91,$-91,$-23,$39,$-83,$-9,$12,$-23
14,2015-03-31,36.01,$5.66,6.37,$70.40,0.51,$5.89,6.11,$1.44,25.01,$2.49B,$1.43B,1.74,$3.19B,$0.98B,3.27,$12.18B,$1.95B,16.04%,$12.18B,$0.69B,5.66%,$12.18B,$0.69B,5.66%,$12.18B,$0.90B,7.42%,$12.18B,$0.39B,3.24%,$12.18B,$0.25B,2.05%,$0.25B,$0.98B,27.38%,$0.25B,$-2.37B,-10.03%,$0.25B,$6.09B,4.11%,$0.69B,$4.17B,16.96%,$2755,$2299,$457,$0,$305,$2604,$152,$-65,$87,$32,$55,$55,$55,$206,$152,$172,174,$0.32,$0.32,$447,$357,$0,$2486,$135,$87,$3344,$3,$3603,$6089,$1426,$3191,$47,$3688,$5113,$2,$-1718,$-28,$976,$6089,$55,$54,$4,$58,$105,$-20,$-7,$-13,$65,$178,$-10,$0,$0,$0,$0,$0,$-1,$-11,$-4,$0,$-4,$1,$1,$-12,$-47,$-63,$103,$5,$-12
15,2014-12-31,33.95,$5.44,6.24,$69.91,0.49,$6.30,5.39,$1.42,23.91,$2.45B,$1.47B,1.67,$3.15B,$0.94B,3.36,$12.07B,$1.92B,15.91%,$12.07B,$0.67B,5.57%,$12.07B,$0.67B,5.57%,$12.07B,$0.89B,7.35%,$12.07B,$0.39B,3.21%,$12.07B,$0.25B,2.04%,$0.25B,$0.94B,28.68%,$0.25B,$-2.45B,-9.50%,$0.25B,$6.08B,4.08%,$0.67B,$4.09B,16.83%,$3050,$2558,$492,$0,$328,$2886,$164,$-84,$80,$28,$52,$52,$52,$218,$164,$171,173,$0.30,$0.30,$345,$338,$0,$2453,$137,$87,$3386,$12,$3623,$6076,$1468,$3151,$46,$3671,$5139,$2,$-1761,$-17,$937,$6076,$245,$214,$18,$232,$-118,$44,$44,$-12,$-42,$435,$-55,$0,$0,$0,$-87,$-87,$-23,$-165,$-139,$0,$-139,$1,$1,$-34,$60,$-112,$156,$16,$-34
16,2014-09-30,29.91,$5.19,5.76,$69.35,0.43,$6.11,4.89,$1.47,20.35,$2.52B,$1.53B,1.65,$3.15B,$0.89B,3.52,$11.74B,$1.88B,15.99%,$11.74B,$0.65B,5.55%,$11.74B,$0.65B,5.55%,$11.74B,$0.87B,7.37%,$11.74B,$0.39B,3.33%,$11.74B,$0.25B,2.16%,$0.25B,$0.89B,31.69%,$0.25B,$-2.53B,-9.46%,$0.25B,$6.11B,4.24%,$0.65B,$4.04B,16.45%,$3266,$2759,$507,$0,$323,$3081,$185,$-95,$90,$34,$56,$56,$56,$238,$185,$171,173,$0.33,$0.32,$358,$424,$0,$2516,$132,$0,$3426,$2,$3591,$6107,$1528,$3146,$44,$3686,$5213,$2,$-1801,$-12,$894,$6107,$193,$161,$-2,$159,$-26,$-42,$115,$-49,$-2,$351,$-34,$0,$0,$0,$0,$0,$-22,$-56,$-136,$0,$-136,$1,$1,$-22,$33,$-124,$170,$12,$-22
17,2014-06-30,30.67,$4.91,6.25,$67.65,0.45,$6.32,4.85,$1.14,26.91,$2.42B,$1.53B,1.58,$3.11B,$0.85B,3.68,$11.34B,$1.83B,16.13%,$11.34B,$0.56B,4.93%,$11.34B,$0.56B,4.93%,$11.34B,$0.77B,6.83%,$11.34B,$0.30B,2.61%,$11.34B,$0.20B,1.73%,$0.20B,$0.85B,26.38%,$0.20B,$-2.62B,-7.04%,$0.20B,$6.05B,3.28%,$0.56B,$3.96B,14.26%,$3106,$2609,$497,$0,$309,$2918,$188,$-51,$137,$51,$87,$87,$87,$242,$188,$170,173,$0.51,$0.50,$228,$450,$0,$2415,$130,$0,$3467,$2,$3630,$6045,$1529,$3111,$43,$3671,$5201,$2,$-1849,$-7,$845,$6045,$138,$107,$-29,$79,$-76,$-68,$146,$-43,$-40,$176,$-21,$0,$0,$0,$0,$0,$-21,$-42,$-132,$0,$-132,$1,$1,$-15,$51,$-95,$40,$8,$-15
18,2014-03-31,26.36,$4.39,6.01,$68.61,0.38,$6.70,3.93,$0.96,27.46,$2.25B,$1.42B,1.59,$3.16B,$0.76B,4.18,$11.01B,$1.78B,16.20%,$11.01B,$0.53B,4.77%,$11.01B,$0.53B,4.77%,$11.01B,$0.74B,6.72%,$11.01B,$0.23B,2.11%,$11.01B,$0.16B,1.42%,$0.16B,$0.76B,26.71%,$0.16B,$-2.75B,-5.24%,$0.16B,$5.91B,2.61%,$0.53B,$3.91B,13.42%,$2652,$2227,$425,$0,$289,$2517,$136,$-55,$81,$30,$51,$51,$51,$189,$136,$170,172,$0.30,$0.30,$307,$165,$0,$2248,$130,$0,$3506,$2,$3665,$5913,$1419,$3157,$41,$3739,$5158,$2,$-1928,$-10,$755,$5913,$51,$54,$-13,$40,$113,$-7,$22,$27,$155,$246,$-9,$0,$0,$0,$0,$0,$-21,$-30,$-83,$0,$-83,$0,$0,$-7,$-6,$-97,$119,$3,$-7
