,Date,Stock Price,Book Value per Share,Price to Book Ratio,TTM Sales per Share,Price to Sales Ratio,TTM FCF per Share,Price to FCF Ratio,TTM Net EPS,PE Ratio,Current Assets,Current Liabilities,Current Ratio,Long Term Debt,Shareholder's Equity_x,Debt to Equity Ratio,TTM Revenue_x,TTM Gross Profit,Gross Margin,TTM Revenue_y,TTM Operating Income,Operating Margin,TTM Revenue_x,TTM EBIT,EBIT Margin,TTM Revenue_y,TTM EBITDA,EBITDA Margin,TTM Revenue_x,TTM Pre-Tax Income,Pre-Tax Margin,TTM Revenue_y,TTM Net Income_x,Net Margin,TTM Net Income_y,Shareholder's Equity_y,Return on Equity,TTM Net Income_x,Tangible Equity,Return on Tangible Equity,TTM Net Income_y,Total Assets,Return on Assets,TTM Net Income,LT Investments & Debt,Return on Investment,revenue,cost-goods-sold,gross-profit,research-development-expenses,selling-general-administrative-expenses,operating-expenses,operating-income,total-non-operating-income-expense,pre-tax-income,total-provision-income-taxes,income-after-taxes,income-from-continuous-operations,net-income,ebitda,ebit,basic-shares-outstanding,shares-outstanding,eps-basic-net-earnings-per-share,eps-earnings-per-share-diluted,cash-on-hand,inventory,other-current-assets,total-current-assets,net-property-plant-equipment,long-term-investments,goodwill-intangible-assets-total,other-long-term-assets,total-long-term-assets,total-assets,total-current-liabilities,long-term-debt,other-non-current-liabilities,total-long-term-liabilities,total-liabilities,common-stock-net,retained-earnings-accumulated-deficit,comprehensive-income,total-share-holder-equity,total-liabilities-share-holders-equity,net-income-loss,total-depreciation-amortization-cash-flow,other-non-cash-items,total-non-cash-items,change-in-accounts-receivable,change-in-inventories,change-in-accounts-payable,change-in-assets-liabilities,total-change-in-assets-liabilities,cash-flow-from-operating-activities,net-change-in-property-plant-equipment,net-change-in-intangible-assets,net-acquisitions-divestitures,net-change-in-short-term-investments,net-change-in-long-term-investments,net-change-in-investments-total,investing-activities-other,cash-flow-from-investing-activities,net-long-term-debt,net-current-debt,debt-issuance-retirement-net-total,net-common-equity-issued-repurchased,net-total-equity-issued-repurchased,total-common-preferred-stock-dividends-paid,financial-activities-other,cash-flow-from-financial-activities,net-cash-flow,stock-based-compensation,common-stock-dividends-paid
0,2018-09-30,17.15,$1.02,16.89,$1.33,12.87,$-0.84,0.0,$-0.19,0.0,$0.07B,$0.02B,3.88,$0.00B,$0.06B,0.0,$0.07B,$0.05B,77.61%,$0.07B,$-0.01B,-14.93%,$0.07B,$-0.01B,-14.93%,$0.07B,$-0.01B,-13.43%,$0.07B,$-0.01B,-14.93%,$0.07B,$-0.01B,-14.93%,$-0.01B,$0.06B,-27.03%,$-0.01B,$0.05B,-29.85%,$-0.01B,$0.08B,-15.75%,$-0.01B,$0.06B,-27.03%,$17,$4,$13,$8,$7,$19,$-2,$0,$-2,$0,$-2,$-2,$-2,$-2,$-2,$54,54,$-0.04,$-0.04,$54,$1,$2,$68,$5,$1,$3,$2,$10,$79,$18,$0,$2,$6,$24,$0,$-330,$0,$55,$79,$-10,$1,$6,$7,$4,$0,$-2,$-12,$-10,$-13,$-2,$0,$0,$0,$0,$0,$0,$-2,$-0,$0,$-0,$42,$42,$0,$-3,$38,$23,$6,$0
1,2018-06-30,14.4,$0.98,14.67,$1.22,11.77,$-0.91,0.0,$-0.36,0.0,$0.07B,$0.02B,4.04,$0.00B,$0.05B,0.01,$0.06B,$0.05B,75.00%,$0.06B,$-0.02B,-30.00%,$0.06B,$-0.02B,-30.00%,$0.06B,$-0.02B,-28.33%,$0.06B,$-0.02B,-30.00%,$0.06B,$-0.02B,-30.00%,$-0.02B,$0.05B,-62.61%,$-0.02B,$0.05B,-71.29%,$-0.02B,$0.08B,-32.88%,$-0.02B,$0.05B,-62.61%,$14,$3,$11,$7,$7,$17,$-4,$0,$-4,$-0,$-4,$-4,$-4,$-4,$-4,$53,53,$-0.07,$-0.07,$54,$1,$1,$66,$4,$1,$3,$2,$10,$76,$16,$0,$2,$7,$23,$0,$-328,$0,$53,$76,$-8,$1,$4,$5,$3,$0,$-1,$-10,$-9,$-12,$-1,$0,$0,$0,$0,$0,$0,$-1,$-0,$0,$-0,$39,$39,$0,$-3,$36,$22,$4,$0
2,2018-03-31,11.0,$0.31,35.71,$1.19,9.27,$-0.91,0.0,$-0.42,0.0,$0.04B,$0.02B,1.67,$0.00B,$0.02B,0.02,$0.06B,$0.04B,73.21%,$0.06B,$-0.02B,-35.71%,$0.06B,$-0.02B,-35.71%,$0.06B,$-0.02B,-33.93%,$0.06B,$-0.02B,-35.71%,$0.06B,$-0.02B,-35.71%,$-0.02B,$0.02B,-86.02%,$-0.02B,$0.01B,-101.27%,$-0.02B,$0.05B,-41.45%,$-0.02B,$0.02B,-86.02%,$14,$4,$10,$7,$8,$19,$-5,$0,$-5,$-0,$-5,$-5,$-5,$-4,$-5,$48,48,$-0.10,$-0.10,$24,$1,$0,$36,$3,$1,$3,$2,$9,$45,$22,$0,$2,$8,$29,$0,$-324,$0,$15,$45,$-5,$0,$2,$2,$4,$-0,$-1,$-6,$-2,$-4,$-0,$0,$0,$0,$0,$0,$0,$-0,$-0,$0,$-0,$0,$0,$0,$-3,$-3,$-7,$2,$0
3,2017-12-31,8.35,$0.51,16.45,$1.09,7.66,$-0.92,0.0,$-0.50,0.0,$0.05B,$0.03B,1.81,$0.00B,$0.03B,0.02,$0.05B,$0.04B,72.00%,$0.05B,$-0.02B,-44.00%,$0.05B,$-0.02B,-44.00%,$0.05B,$-0.02B,-44.00%,$0.05B,$-0.02B,-44.00%,$0.05B,$-0.02B,-44.00%,$-0.02B,$0.03B,-97.78%,$-0.02B,$0.02B,-117.33%,$-0.02B,$0.05B,-49.16%,$-0.02B,$0.03B,-97.78%,$22,$4,$18,$9,$8,$21,$1,$0,$1,$-0,$1,$1,$1,$1,$1,$46,46,$0.02,$0.02,$31,$1,$0,$45,$3,$1,$3,$2,$9,$54,$25,$0,$2,$4,$29,$0,$-315,$-0,$25,$54,$-23,$1,$7,$8,$-6,$-0,$-1,$13,$6,$-9,$-1,$0,$0,$0,$0,$0,$0,$-1,$-0,$0,$-0,$24,$24,$0,$-2,$22,$12,$7,$0
4,2017-09-30,6.65,$0.46,14.55,$0.87,7.69,$-0.79,0.0,$-0.65,0.0,$0.04B,$0.02B,2.05,$0.00B,$0.02B,0.0,$0.04B,$0.03B,68.42%,$0.04B,$-0.03B,-73.68%,$0.04B,$-0.03B,-73.68%,$0.04B,$-0.03B,-73.68%,$0.04B,$-0.03B,-73.68%,$0.04B,$-0.03B,-73.68%,$-0.03B,$0.02B,-133.33%,$-0.03B,$0.02B,-160.00%,$-0.03B,$0.04B,-69.57%,$-0.03B,$0.02B,-131.76%,$10,$4,$6,$8,$8,$20,$-10,$-0,$-10,$0,$-10,$-10,$-10,$-10,$-10,$48,48,$-0.21,$-0.21,$24,$1,$0,$35,$3,$1,$3,$2,$9,$44,$17,$0,$3,$5,$22,$0,$-316,$0,$22,$44,$-24,$1,$5,$6,$-2,$-0,$0,$4,$2,$-16,$-1,$0,$0,$0,$0,$0,$0,$-1,$-0,$0,$-0,$24,$24,$0,$-2,$22,$4,$5,$0
5,2017-06-30,5.45,$0.63,8.6,$1.01,5.39,$-0.62,0.0,$-0.41,0.0,$0.04B,$0.01B,3.05,$0.00B,$0.03B,0.0,$0.04B,$0.03B,74.42%,$0.04B,$-0.02B,-39.53%,$0.04B,$-0.02B,-39.53%,$0.04B,$-0.02B,-34.88%,$0.04B,$-0.02B,-39.53%,$0.04B,$-0.02B,-39.53%,$-0.02B,$0.03B,-80.00%,$-0.02B,$0.03B,-97.14%,$-0.02B,$0.05B,-43.59%,$-0.02B,$0.03B,-78.16%,$10,$4,$7,$6,$7,$17,$-6,$0,$-6,$-0,$-6,$-6,$-6,$-6,$-6,$47,47,$-0.13,$-0.13,$29,$1,$0,$40,$3,$1,$3,$2,$9,$50,$13,$0,$3,$6,$19,$0,$-306,$0,$31,$50,$-14,$1,$3,$4,$-2,$0,$-0,$2,$-2,$-12,$-1,$0,$0,$0,$0,$0,$0,$-1,$-0,$0,$-0,$24,$24,$0,$-2,$22,$10,$3,$0
6,2017-03-31,4.8,$0.28,17.19,$1.18,4.08,$-0.37,0.0,$-0.23,0.0,$0.02B,$0.01B,1.61,$0.00B,$0.01B,0.07,$0.05B,$0.04B,79.59%,$0.05B,$-0.01B,-18.37%,$0.05B,$-0.01B,-18.37%,$0.05B,$-0.01B,-10.20%,$0.05B,$-0.01B,-18.37%,$0.05B,$-0.01B,-18.37%,$-0.01B,$0.01B,-48.65%,$-0.01B,$0.01B,-62.07%,$-0.01B,$0.03B,-25.17%,$-0.01B,$0.01B,-46.75%,$8,$3,$5,$6,$7,$15,$-7,$0,$-7,$0,$-7,$-7,$-7,$-7,$-7,$41,41,$-0.18,$-0.18,$14,$1,$0,$22,$3,$1,$3,$2,$9,$31,$14,$1,$2,$5,$19,$0,$-300,$-0,$12,$31,$-7,$0,$2,$2,$1,$-0,$-1,$2,$2,$-4,$-0,$0,$0,$0,$0,$0,$0,$-0,$-0,$0,$-0,$0,$0,$0,$-2,$-2,$-5,$2,$0
7,2016-12-31,4.6,$0.46,9.94,$1.18,3.89,$-0.28,0.0,$-0.22,0.0,$0.03B,$0.01B,2.2,$0.00B,$0.02B,0.05,$0.05B,$0.04B,81.63%,$0.05B,$-0.01B,-18.37%,$0.05B,$-0.01B,-18.37%,$0.05B,$-0.00B,-8.16%,$0.05B,$-0.01B,-18.37%,$0.05B,$-0.01B,-18.37%,$-0.01B,$0.02B,-46.15%,$-0.01B,$0.02B,-59.02%,$-0.01B,$0.04B,-23.84%,$-0.01B,$0.02B,-43.90%,$10,$2,$8,$6,$7,$15,$-5,$-0,$-5,$-0,$-5,$-5,$-5,$-5,$-5,$41,41,$-0.14,$-0.12,$19,$1,$0,$27,$2,$1,$3,$2,$8,$36,$12,$1,$2,$4,$17,$0,$-292,$0,$19,$36,$-9,$5,$6,$10,$1,$0,$1,$-8,$-4,$-3,$-1,$0,$0,$0,$0,$0,$0,$-1,$0,$0,$0,$1,$1,$0,$-2,$-0,$-4,$6,$0
8,2016-09-30,4.44,$0.55,8.01,$1.23,3.61,$-0.23,0.0,$-0.14,0.0,$0.03B,$0.01B,2.57,$0.00B,$0.02B,0.04,$0.05B,$0.04B,80.39%,$0.05B,$-0.01B,-11.76%,$0.05B,$-0.01B,-11.76%,$0.05B,0,0.00%,$0.05B,$-0.01B,-11.76%,$0.05B,$-0.01B,-11.76%,$-0.01B,$0.02B,-29.27%,$-0.01B,$0.02B,-38.71%,$-0.01B,$0.04B,-15.00%,$-0.01B,$0.02B,-27.91%,$15,$3,$12,$5,$5,$13,$1,$0,$1,$0,$1,$1,$1,$3,$1,$41,42,$0.04,$0.03,$16,$1,$0,$30,$2,$2,$4,$1,$8,$39,$12,$1,$2,$4,$16,$0,$-287,$0,$23,$39,$-3,$4,$4,$8,$-5,$-0,$-1,$-5,$-11,$-7,$-1,$0,$0,$0,$0,$0,$0,$-1,$0,$0,$0,$1,$1,$0,$-2,$-1,$-8,$4,$0
9,2016-06-30,4.03,$0.48,8.43,$1.30,3.09,$-0.24,0.0,$-0.04,0.0,$0.03B,$0.01B,2.24,$0.00B,$0.02B,0.06,$0.05B,$0.05B,84.91%,$0.05B,$-0.00B,-1.89%,$0.05B,$-0.00B,-1.89%,$0.05B,$0.00B,7.55%,$0.05B,$-0.00B,-1.89%,$0.05B,$-0.00B,-3.77%,$-0.00B,$0.02B,-9.76%,$-0.00B,$0.02B,-13.56%,$-0.00B,$0.04B,-4.85%,$-0.00B,$0.02B,-4.71%,$16,$2,$14,$5,$6,$14,$2,$-0,$2,$-0,$2,$2,$2,$4,$2,$40,42,$0.06,$0.05,$22,$1,$0,$28,$2,$1,$4,$1,$9,$37,$12,$1,$2,$5,$17,$0,$-288,$-0,$20,$37,$-5,$3,$3,$5,$4,$-0,$-0,$-3,$-0,$0,$-0,$0,$0,$0,$0,$0,$0,$-0,$0,$0,$0,$1,$1,$0,$-1,$-1,$-1,$3,$0
10,2016-03-31,3.11,$0.40,7.87,$1.07,2.9,$-0.44,0.0,$-0.23,0.0,$0.03B,$0.02B,1.75,$0.00B,$0.02B,0.08,$0.04B,$0.04B,83.72%,$0.04B,$-0.01B,-20.93%,$0.04B,$-0.01B,-20.93%,$0.04B,$-0.00B,-9.30%,$0.04B,$-0.01B,-20.93%,$0.04B,$-0.01B,-20.93%,$-0.01B,$0.02B,-45.57%,$-0.01B,$0.01B,-67.92%,$-0.01B,$0.04B,-22.09%,$-0.01B,$0.02B,-44.44%,$8,$2,$6,$6,$7,$15,$-7,$0,$-7,$0,$-7,$-7,$-7,$-6,$-7,$40,40,$-0.17,$-0.17,$22,$1,$0,$29,$3,$1,$5,$1,$10,$39,$16,$1,$2,$7,$23,$0,$-290,$0,$16,$39,$-7,$1,$1,$3,$3,$-0,$-0,$1,$5,$0,$-0,$0,$0,$0,$0,$0,$0,$-0,$0,$0,$0,$0,$0,$0,$-1,$-1,$-1,$1,$0
11,2015-12-31,4.23,$0.57,7.46,$1.05,4.04,$-0.54,0.0,$-0.20,0.0,$0.03B,$0.02B,2.21,$0.00B,$0.02B,0.06,$0.04B,$0.04B,83.33%,$0.04B,$-0.01B,-19.05%,$0.04B,$-0.01B,-19.05%,$0.04B,$-0.00B,-4.76%,$0.04B,$-0.01B,-19.05%,$0.04B,$-0.01B,-19.05%,$-0.01B,$0.02B,-37.65%,$-0.01B,$0.02B,-58.18%,$-0.01B,$0.05B,-19.39%,$-0.01B,$0.02B,-37.21%,$12,$3,$9,$5,$6,$14,$-2,$-0,$-2,$-0,$-2,$-2,$-2,$-1,$-2,$39,39,$-0.05,$-0.04,$23,$1,$0,$33,$3,$2,$6,$1,$12,$45,$15,$1,$2,$7,$22,$0,$-284,$0,$23,$45,$-8,$5,$5,$10,$-3,$0,$-1,$1,$-3,$-0,$-1,$0,$0,$0,$0,$0,$-0,$-1,$0,$0,$0,$0,$0,$0,$-2,$-2,$-3,$5,$0
12,2015-09-30,3.39,$0.58,5.86,$1.12,3.01,$-0.50,0.0,$-0.14,0.0,$0.03B,$0.01B,2.52,$0.00B,$0.02B,0.0,$0.04B,$0.04B,84.09%,$0.04B,$-0.01B,-13.64%,$0.04B,$-0.01B,-13.64%,$0.04B,$0.00B,2.27%,$0.04B,$-0.01B,-13.64%,$0.04B,$-0.01B,-13.64%,$-0.01B,$0.02B,-27.27%,$-0.01B,$0.02B,-43.64%,$-0.01B,$0.04B,-14.29%,$-0.01B,$0.02B,-26.67%,$17,$1,$16,$5,$5,$12,$6,$-0,$6,$0,$5,$5,$5,$7,$6,$40,41,$0.14,$0.13,$17,$1,$0,$32,$3,$1,$7,$1,$12,$44,$13,$0,$4,$8,$21,$0,$-281,$0,$23,$44,$-6,$4,$4,$8,$-10,$1,$-4,$3,$-10,$-8,$-0,$0,$0,$0,$0,$0,$-0,$-0,$0,$0,$0,$0,$0,$0,$-2,$-2,$-10,$4,$0
13,2015-06-30,3.89,$0.42,9.16,$0.89,4.35,$-0.43,0.0,$-0.39,0.0,$0.02B,$0.01B,1.88,$0.00B,$0.02B,0.0,$0.03B,$0.03B,79.41%,$0.03B,$-0.02B,-47.06%,$0.03B,$-0.02B,-47.06%,$0.03B,$-0.01B,-26.47%,$0.03B,$-0.02B,-47.06%,$0.03B,$-0.02B,-47.06%,$-0.02B,$0.02B,-71.11%,$-0.02B,$0.01B,-118.52%,$-0.02B,$0.04B,-37.87%,$-0.02B,$0.02B,-69.57%,$6,$1,$5,$5,$5,$12,$-6,$-0,$-6,$-0,$-5,$-5,$-5,$-4,$-6,$39,39,$-0.14,$-0.14,$17,$1,$0,$21,$3,$2,$8,$1,$14,$35,$11,$0,$4,$7,$18,$0,$-287,$1,$17,$35,$-11,$3,$2,$5,$1,$0,$-3,$-0,$-2,$-8,$-0,$0,$0,$0,$0,$0,$-0,$-0,$0,$0,$0,$0,$0,$0,$-2,$-2,$-10,$3,$0
14,2015-03-31,4.56,$0.54,8.41,$0.91,4.99,$-0.38,0.0,$-0.47,0.0,$0.03B,$0.01B,2.33,$0.00B,$0.02B,0.0,$0.04B,$0.03B,74.29%,$0.04B,$-0.02B,-54.29%,$0.04B,$-0.02B,-54.29%,$0.04B,$-0.01B,-34.29%,$0.04B,$-0.02B,-54.29%,$0.04B,$-0.02B,-54.29%,$-0.02B,$0.02B,-74.51%,$-0.02B,$0.01B,-120.63%,$-0.02B,$0.04B,-42.46%,$-0.02B,$0.02B,-73.08%,$7,$1,$5,$5,$6,$12,$-6,$-0,$-6,$0,$-6,$-6,$-6,$-4,$-6,$39,39,$-0.14,$-0.14,$22,$1,$0,$28,$3,$1,$9,$1,$14,$41,$12,$0,$4,$8,$20,$0,$-281,$-0,$22,$41,$-6,$1,$1,$3,$1,$0,$-3,$0,$-1,$-4,$-0,$0,$0,$0,$0,$0,$0,$-0,$0,$0,$0,$0,$0,$0,$-1,$-0,$-4,$1,$0
15,2014-12-31,2.52,$0.67,3.79,$0.92,2.73,$-0.34,0.0,$-0.50,0.0,$0.03B,$0.01B,2.4,$0.00B,$0.03B,0.07,$0.04B,$0.03B,74.29%,$0.04B,$-0.02B,-54.29%,$0.04B,$-0.02B,-54.29%,$0.04B,$-0.01B,-37.14%,$0.04B,$-0.02B,-57.14%,$0.04B,$-0.02B,-54.29%,$-0.02B,$0.03B,-64.96%,$-0.02B,$0.02B,-101.33%,$-0.02B,$0.05B,-39.18%,$-0.02B,$0.03B,-63.87%,$14,$4,$11,$5,$5,$14,$0,$-0,$0,$0,$0,$0,$0,$2,$0,$38,38,$0.01,$0.01,$26,$1,$0,$33,$4,$1,$9,$1,$15,$48,$14,$2,$3,$8,$22,$0,$-276,$-0,$26,$48,$-19,$7,$7,$13,$2,$0,$1,$4,$6,$0,$-0,$0,$2,$0,$3,$3,$0,$5,$0,$0,$0,$0,$0,$0,$-1,$-1,$4,$5,$0
16,2014-09-30,2.33,$0.64,3.65,$0.80,2.91,$-0.97,0.0,$-0.77,0.0,$0.03B,$0.01B,2.56,$0.00B,$0.03B,0.0,$0.03B,$0.02B,64.52%,$0.03B,$-0.03B,-93.55%,$0.03B,$-0.03B,-93.55%,$0.03B,$-0.02B,-70.97%,$0.03B,$-0.03B,-96.77%,$0.03B,$-0.03B,-93.55%,$-0.03B,$0.03B,-87.88%,$-0.03B,$0.02B,-133.33%,$-0.03B,$0.05B,-56.59%,$-0.03B,$0.03B,-87.88%,$7,$2,$6,$5,$5,$12,$-4,$-0,$-4,$0,$-5,$-5,$-5,$-3,$-4,$38,38,$-0.12,$-0.12,$22,$2,$0,$28,$4,$1,$10,$1,$17,$45,$11,$0,$4,$9,$20,$0,$-276,$0,$25,$45,$-19,$5,$5,$11,$2,$-0,$-1,$5,$4,$-5,$-0,$0,$2,$0,$3,$3,$0,$5,$0,$0,$0,$0,$0,$0,$-1,$-1,$-1,$4,$0
17,2014-06-30,1.46,$0.75,1.93,$0.71,2.06,$-1.36,0.0,$-0.89,0.0,$0.03B,$0.01B,2.49,$0.00B,$0.03B,0.0,$0.03B,$0.02B,60.71%,$0.03B,$-0.03B,-121.43%,$0.03B,$-0.03B,-121.43%,$0.03B,$-0.03B,-92.86%,$0.03B,$-0.04B,-125.00%,$0.03B,$-0.03B,-117.86%,$-0.03B,$0.03B,-83.54%,$-0.03B,$0.02B,-121.10%,$-0.03B,$0.05B,-58.41%,$-0.03B,$0.03B,-86.08%,$7,$2,$4,$8,$6,$15,$-9,$-0,$-9,$-0,$-8,$-8,$-8,$-7,$-9,$38,38,$-0.22,$-0.22,$20,$2,$0,$27,$5,$1,$11,$1,$18,$45,$11,$0,$4,$5,$16,$0,$-272,$0,$29,$45,$-15,$4,$4,$8,$3,$-0,$-1,$1,$1,$-6,$0,$0,$2,$0,$3,$3,$0,$5,$0,$0,$0,$0,$0,$0,$-0,$-0,$-2,$3,$0
18,2014-03-31,2.04,$0.95,2.16,$0.72,2.84,$-1.49,0.0,$-1.00,0.0,$0.03B,$0.01B,2.62,$0.00B,$0.04B,0.0,$0.03B,$0.02B,57.14%,$0.03B,$-0.04B,-132.14%,$0.03B,$-0.04B,-132.14%,$0.03B,$-0.03B,-103.57%,$0.03B,$-0.04B,-139.29%,$0.03B,$-0.04B,-135.71%,$-0.04B,$0.04B,-80.85%,$-0.04B,$0.03B,-111.76%,$-0.04B,$0.06B,-59.14%,$-0.04B,$0.04B,-78.72%,$7,$3,$5,$5,$6,$13,$-6,$-0,$-7,$-0,$-6,$-6,$-6,$-5,$-6,$39,39,$-0.17,$-0.17,$24,$2,$1,$34,$7,$1,$12,$1,$22,$56,$13,$0,$5,$6,$19,$0,$-263,$0,$37,$56,$-6,$2,$0,$2,$1,$-1,$-0,$2,$2,$-2,$0,$0,$2,$0,$2,$2,$0,$4,$0,$0,$0,$0,$0,$0,$-0,$-0,$1,$1,$0
19,2013-12-31,1.4,$1.08,1.29,$0.84,1.67,$-1.52,0.0,$-1.08,0.0,$0.04B,$0.01B,3.2,$0.00B,$0.04B,0.0,$0.03B,$0.02B,53.13%,$0.03B,$-0.04B,-128.13%,$0.03B,$-0.04B,-128.13%,$0.03B,$-0.03B,-96.88%,$0.03B,$-0.04B,-131.25%,$0.03B,$-0.04B,-131.25%,$-0.04B,$0.04B,-75.68%,$-0.04B,$0.03B,-101.20%,$-0.04B,$0.06B,-56.95%,$-0.04B,$0.04B,-73.87%,$10,$5,$5,$9,$6,$19,$-10,$-0,$-10,$-0,$-10,$-10,$-10,$-7,$-10,$38,38,$-0.26,$-0.26,$25,$1,$2,$36,$8,$1,$13,$1,$23,$59,$11,$0,$5,$6,$17,$0,$-257,$-0,$41,$59,$-41,$10,$6,$16,$2,$-0,$0,$0,$2,$-23,$-1,$0,$0,$0,$13,$13,$1,$13,$0,$0,$0,$0,$0,$0,$-0,$-0,$-10,$4,$0
20,2013-09-30,1.76,$1.34,1.32,$0.81,2.19,$-1.30,0.0,$-1.23,0.0,$0.04B,$0.01B,3.98,$0.00B,$0.05B,0.0,$0.03B,$0.01B,46.67%,$0.03B,$-0.05B,-156.67%,$0.03B,$-0.05B,-156.67%,$0.03B,$-0.04B,-123.33%,$0.03B,$-0.05B,-160.00%,$0.03B,$-0.05B,-160.00%,$-0.05B,$0.05B,-74.13%,$-0.05B,$0.04B,-96.48%,$-0.05B,$0.07B,-57.14%,$-0.05B,$0.05B,-72.59%,$4,$0,$3,$7,$6,$13,$-9,$-0,$-9,$0,$-9,$-9,$-9,$-7,$-9,$38,38,$-0.24,$-0.24,$30,$2,$0,$37,$14,$1,$14,$1,$30,$66,$9,$0,$5,$6,$16,$0,$-247,$0,$51,$66,$-31,$8,$4,$12,$1,$-1,$-2,$3,$1,$-19,$-0,$0,$0,$0,$13,$13,$1,$14,$0,$0,$0,$0,$0,$0,$0,$0,$-5,$3,$0
21,2013-06-30,2.21,$1.56,1.42,$1.41,1.57,$-1.05,0.0,$-1.05,0.0,$0.04B,$0.01B,3.87,$0.00B,$0.06B,0.0,$0.05B,$0.03B,59.62%,$0.05B,$-0.04B,-76.92%,$0.05B,$-0.04B,-76.92%,$0.05B,$-0.03B,-55.77%,$0.05B,$-0.04B,-78.85%,$0.05B,$-0.04B,-78.85%,$-0.04B,$0.06B,-54.49%,$-0.04B,$0.05B,-68.91%,$-0.04B,$0.08B,-42.16%,$-0.04B,$0.06B,-53.16%,$7,$4,$3,$9,$7,$19,$-12,$-0,$-13,$-0,$-13,$-13,$-13,$-10,$-12,$38,38,$-0.33,$-0.33,$38,$1,$0,$43,$16,$1,$14,$1,$32,$76,$11,$0,$4,$5,$16,$0,$-238,$0,$59,$76,$-22,$5,$3,$8,$6,$-0,$-2,$-0,$4,$-11,$-1,$0,$0,$0,$11,$11,$0,$11,$0,$0,$0,$0,$0,$0,$0,$0,$0,$3,$0
22,2013-03-31,2.39,$1.86,1.28,$1.86,1.29,$-0.92,0.0,$-0.87,0.0,$0.06B,$0.02B,3.23,$0.00B,$0.07B,0.0,$0.07B,$0.05B,66.18%,$0.07B,$-0.03B,-48.53%,$0.07B,$-0.03B,-48.53%,$0.07B,$-0.02B,-30.88%,$0.07B,$-0.03B,-48.53%,$0.07B,$-0.03B,-50.00%,$-0.03B,$0.07B,-40.60%,$-0.03B,$0.06B,-50.75%,$-0.03B,$0.09B,-31.55%,$-0.03B,$0.07B,-39.40%,$11,$6,$6,$7,$8,$21,$-10,$-0,$-10,$-0,$-10,$-10,$-10,$-7,$-10,$38,38,$-0.25,$-0.25,$44,$2,$0,$57,$15,$2,$15,$4,$36,$94,$18,$0,$4,$5,$23,$0,$-225,$0,$71,$94,$-10,$3,$2,$4,$0,$-0,$1,$1,$2,$-3,$-0,$0,$0,$0,$3,$3,$0,$2,$0,$0,$0,$0,$0,$0,$0,$0,$-1,$1,$0
23,2012-12-31,2.21,$2.08,1.06,$2.42,0.91,$-0.87,0.0,$-0.83,0.0,$0.06B,$0.02B,3.67,$0.00B,$0.08B,0.0,$0.09B,$0.06B,64.77%,$0.09B,$-0.03B,-34.09%,$0.09B,$-0.03B,-34.09%,$0.09B,$-0.02B,-20.45%,$0.09B,$-0.03B,-34.09%,$0.09B,$-0.03B,-35.23%,$-0.03B,$0.08B,-34.44%,$-0.03B,$0.06B,-42.76%,$-0.03B,$0.10B,-26.27%,$-0.03B,$0.08B,-33.33%,$8,$6,$2,$11,$7,$24,$-16,$0,$-16,$-0,$-16,$-16,$-16,$-13,$-16,$37,37,$-0.42,$-0.42,$46,$1,$0,$60,$17,$4,$16,$4,$40,$100,$16,$0,$4,$5,$22,$0,$-216,$-0,$78,$100,$-31,$13,$7,$20,$11,$3,$-7,$-6,$-1,$-12,$-3,$0,$0,$0,$20,$20,$0,$17,$0,$0,$0,$1,$1,$0,$0,$1,$6,$5,$0
24,2012-09-30,3.03,$2.48,1.22,$3.14,0.96,$-0.78,0.0,$-0.57,0.0,$0.08B,$0.02B,3.61,$0.00B,$0.09B,0.0,$0.11B,$0.08B,66.37%,$0.11B,$-0.02B,-16.81%,$0.11B,$-0.02B,-16.81%,$0.11B,$-0.01B,-6.19%,$0.11B,$-0.02B,-16.81%,$0.11B,$-0.02B,-17.70%,$-0.02B,$0.09B,-20.78%,$-0.02B,$0.08B,-25.72%,$-0.02B,$0.12B,-15.75%,$-0.02B,$0.09B,-19.74%,$26,$6,$20,$14,$8,$28,$-2,$0,$-2,$0,$-2,$-2,$-2,$1,$-2,$37,37,$-0.06,$-0.06,$50,$3,$0,$75,$20,$4,$17,$4,$44,$119,$21,$0,$4,$5,$26,$0,$-200,$-0,$93,$119,$-15,$10,$5,$15,$2,$2,$-4,$-5,$-7,$-7,$-3,$0,$0,$0,$9,$9,$0,$6,$0,$0,$0,$1,$1,$0,$0,$1,$-0,$5,$0
25,2012-06-30,3.71,$2.50,1.49,$3.36,1.1,$-0.67,0.0,$-0.59,0.0,$0.07B,$0.02B,3.5,$0.00B,$0.09B,0.0,$0.12B,$0.08B,65.00%,$0.12B,$-0.02B,-15.83%,$0.12B,$-0.02B,-15.83%,$0.12B,$-0.01B,-5.83%,$0.12B,$-0.02B,-16.67%,$0.12B,$-0.02B,-17.50%,$-0.02B,$0.09B,-21.11%,$-0.02B,$0.08B,-26.17%,$-0.02B,$0.12B,-15.73%,$-0.02B,$0.09B,-19.10%,$23,$6,$17,$16,$7,$28,$-5,$-0,$-5,$0,$-6,$-6,$-6,$-2,$-5,$36,36,$-0.15,$-0.15,$51,$4,$0,$69,$22,$6,$18,$3,$49,$118,$20,$0,$4,$6,$25,$0,$-198,$-1,$93,$118,$-13,$7,$3,$10,$11,$0,$-6,$-3,$-0,$-3,$-3,$0,$0,$0,$-4,$-4,$0,$-6,$0,$0,$0,$0,$0,$0,$0,$0,$-9,$3,$0
26,2012-03-31,3.65,$2.67,1.37,$3.46,1.06,$-0.63,0.0,$-0.58,0.0,$0.08B,$0.03B,2.43,$0.00B,$0.10B,0.0,$0.12B,$0.08B,65.04%,$0.12B,$-0.02B,-15.45%,$0.12B,$-0.02B,-15.45%,$0.12B,$-0.01B,-5.69%,$0.12B,$-0.02B,-16.26%,$0.12B,$-0.02B,-16.26%,$-0.02B,$0.10B,-19.42%,$-0.02B,$0.08B,-24.17%,$-0.02B,$0.14B,-14.49%,$-0.02B,$0.10B,-18.45%,$31,$13,$18,$16,$9,$38,$-7,$-0,$-7,$0,$-7,$-7,$-7,$-4,$-7,$36,36,$-0.21,$-0.21,$53,$5,$0,$81,$24,$9,$19,$2,$54,$135,$33,$0,$4,$5,$38,$0,$-192,$-1,$96,$135,$-7,$3,$1,$5,$0,$-0,$-1,$7,$4,$1,$-2,$0,$0,$0,$2,$2,$0,$-0,$0,$0,$0,$0,$0,$0,$0,$0,$1,$1,$0
27,2011-12-31,5.3,$2.85,1.86,$3.48,1.52,$-0.41,0.0,$-0.47,0.0,$0.08B,$0.03B,2.8,$0.00B,$0.10B,0.0,$0.12B,$0.08B,65.85%,$0.12B,$-0.02B,-12.20%,$0.12B,$-0.02B,-12.20%,$0.12B,$-0.00B,-3.25%,$0.12B,$-0.02B,-13.01%,$0.12B,$-0.02B,-13.01%,$-0.02B,$0.10B,-15.09%,$-0.02B,$0.08B,-18.82%,$-0.02B,$0.14B,-11.39%,$-0.02B,$0.10B,-14.15%,$33,$13,$20,$16,$10,$38,$-5,$-0,$-5,$0,$-5,$-5,$-5,$-2,$-5,$36,36,$-0.14,$-0.14,$53,$4,$0,$79,$24,$10,$20,$2,$57,$136,$28,$0,$3,$5,$33,$0,$-185,$-0,$103,$136,$-17,$12,$9,$22,$-4,$-2,$1,$-0,$-6,$-0,$-11,$0,$0,$0,$-38,$-38,$-0,$-49,$0,$0,$0,$3,$3,$0,$0,$3,$-47,$9,$0
28,2011-09-30,4.57,$2.96,1.54,$3.75,1.22,$-1.05,0.0,$-0.33,0.0,$0.08B,$0.03B,2.24,$0.00B,$0.11B,0.0,$0.12B,$0.08B,69.17%,$0.12B,$-0.01B,-8.33%,$0.12B,$-0.01B,-8.33%,$0.12B,0,0.00%,$0.12B,$-0.01B,-9.17%,$0.12B,$-0.01B,-9.17%,$-0.01B,$0.11B,-10.28%,$-0.01B,$0.09B,-12.90%,$-0.01B,$0.15B,-7.76%,$-0.01B,$0.11B,-9.35%,$33,$10,$23,$17,$9,$36,$-2,$-0,$-3,$0,$-3,$-3,$-3,$1,$-2,$36,36,$-0.08,$-0.08,$50,$5,$0,$77,$23,$21,$21,$3,$68,$145,$34,$0,$2,$4,$38,$0,$-179,$0,$106,$145,$-11,$9,$7,$16,$-4,$-2,$-2,$7,$-3,$2,$-8,$0,$0,$0,$-39,$-39,$-0,$-47,$0,$0,$0,$2,$2,$0,$0,$2,$-42,$7,$0
29,2011-06-30,9.63,$2.97,3.24,$3.62,2.66,$-1.50,0.0,$-0.33,0.0,$0.07B,$0.03B,2.62,$0.00B,$0.11B,0.0,$0.11B,$0.08B,69.30%,$0.11B,$-0.01B,-8.77%,$0.11B,$-0.01B,-8.77%,$0.11B,$-0.00B,-0.88%,$0.11B,$-0.01B,-8.77%,$0.11B,$-0.01B,-9.65%,$-0.01B,$0.11B,-10.33%,$-0.01B,$0.09B,-12.39%,$-0.01B,$0.14B,-7.72%,$-0.01B,$0.11B,-9.39%,$26,$7,$19,$15,$9,$31,$-5,$0,$-5,$-0,$-5,$-5,$-5,$-2,$-5,$36,36,$-0.14,$-0.14,$47,$4,$0,$65,$22,$26,$22,$3,$72,$136,$25,$0,$2,$5,$29,$0,$-177,$0,$107,$136,$-9,$6,$5,$10,$4,$-1,$-1,$-0,$-2,$-0,$-4,$0,$0,$0,$-38,$-38,$-0,$-42,$0,$0,$0,$2,$2,$0,$0,$2,$-40,$5,$0
30,2011-03-31,11.82,$3.04,3.89,$3.81,3.1,$-2.20,0.0,$-0.34,0.0,$0.08B,$0.03B,2.68,$0.00B,$0.11B,0.0,$0.11B,$0.08B,69.64%,$0.11B,$-0.01B,-7.14%,$0.11B,$-0.01B,-7.14%,$0.11B,0,0.00%,$0.11B,$-0.01B,-8.04%,$0.11B,$-0.01B,-8.93%,$-0.01B,$0.11B,-9.46%,$-0.01B,$0.09B,-10.81%,$-0.01B,$0.15B,-6.92%,$-0.01B,$0.11B,-7.57%,$31,$12,$19,$14,$9,$34,$-3,$0,$-3,$0,$-3,$-3,$-3,$-1,$-3,$35,35,$-0.10,$-0.10,$66,$3,$0,$83,$20,$16,$22,$3,$62,$145,$31,$0,$2,$6,$37,$0,$-172,$0,$108,$145,$-3,$3,$2,$5,$4,$-0,$1,$5,$6,$7,$-1,$0,$0,$0,$-27,$-27,$-0,$-28,$0,$0,$0,$1,$1,$0,$0,$1,$-19,$2,$0
