,Date,Stock Price,Book Value per Share,Price to Book Ratio,TTM Sales per Share,Price to Sales Ratio,TTM FCF per Share,Price to FCF Ratio,TTM Net EPS,PE Ratio,Current Assets,Current Liabilities,Current Ratio,Long Term Debt,Shareholder's Equity_x,Debt to Equity Ratio,TTM Revenue_x,TTM Gross Profit,Gross Margin,TTM Revenue_y,TTM Operating Income,Operating Margin,TTM Revenue_x,TTM EBIT,EBIT Margin,TTM Revenue_y,TTM EBITDA,EBITDA Margin,TTM Revenue_x,TTM Pre-Tax Income,Pre-Tax Margin,TTM Revenue_y,TTM Net Income_x,Net Margin,TTM Net Income_y,Shareholder's Equity_y,Return on Equity,TTM Net Income_x,Tangible Equity,Return on Tangible Equity,TTM Net Income_y,Total Assets,Return on Assets,TTM Net Income,LT Investments & Debt,Return on Investment,revenue,cost-goods-sold,gross-profit,research-development-expenses,selling-general-administrative-expenses,operating-expenses,operating-income,total-non-operating-income-expense,pre-tax-income,total-provision-income-taxes,income-after-taxes,income-from-continuous-operations,net-income,ebitda,ebit,basic-shares-outstanding,shares-outstanding,eps-basic-net-earnings-per-share,eps-earnings-per-share-diluted,cash-on-hand,inventory,other-current-assets,total-current-assets,net-property-plant-equipment,long-term-investments,goodwill-intangible-assets-total,other-long-term-assets,total-long-term-assets,total-assets,total-current-liabilities,long-term-debt,other-non-current-liabilities,total-long-term-liabilities,total-liabilities,common-stock-net,retained-earnings-accumulated-deficit,comprehensive-income,total-share-holder-equity,total-liabilities-share-holders-equity,net-income-loss,total-depreciation-amortization-cash-flow,other-non-cash-items,total-non-cash-items,change-in-accounts-receivable,change-in-inventories,change-in-accounts-payable,change-in-assets-liabilities,total-change-in-assets-liabilities,cash-flow-from-operating-activities,net-change-in-property-plant-equipment,net-change-in-intangible-assets,net-acquisitions-divestitures,net-change-in-short-term-investments,net-change-in-long-term-investments,net-change-in-investments-total,investing-activities-other,cash-flow-from-investing-activities,net-long-term-debt,net-current-debt,debt-issuance-retirement-net-total,net-common-equity-issued-repurchased,net-total-equity-issued-repurchased,total-common-preferred-stock-dividends-paid,financial-activities-other,cash-flow-from-financial-activities,net-cash-flow,stock-based-compensation,common-stock-dividends-paid
0,2018-09-30,11.15,$-3.27,-3.41,$0.02,596.06,$-1.41,0.0,$-0.82,0.0,$0.02B,$0.00B,5.81,$0.15B,$-0.08B,-1.85,$0.00B,0,nan%,$0.00B,$-0.01B,inf%,$0.00B,$-0.01B,inf%,$0.00B,$-0.01B,inf%,$0.00B,$-0.03B,inf%,$0.00B,$-0.03B,inf%,$-0.03B,$-0.08B,31.65%,$-0.03B,$-0.08B,30.12%,$-0.03B,$0.07B,-36.10%,$-0.01B,$0.07B,-15.87%,$0,$0,$0,$0,$3,$3,$-2,$-4,$-6,$0,$-6,$-6,$-6,$-1,$-2,$24,24,$-0.26,$-0.26,$18,$0,$0,$18,$46,$0,$4,$4,$54,$72,$3,$147,$1,$149,$152,$0,$-462,$0,$-80,$72,$-18,$3,$9,$12,$-0,$0,$1,$-1,$-2,$-9,$-1,$0,$0,$0,$0,$0,$0,$-1,$-0,$0,$-0,$15,$15,$0,$0,$15,$5,$0,$0
1,2018-06-30,13.1,$-3.03,-4.33,$0.02,690.13,$-1.38,0.0,$-1.08,0.0,$0.02B,$0.00B,6.53,$0.14B,$-0.07B,-1.94,$0.00B,0,nan%,$0.00B,$-0.01B,inf%,$0.00B,$-0.01B,inf%,$0.00B,$-0.01B,inf%,$0.00B,$-0.03B,inf%,$0.00B,$-0.03B,inf%,$-0.03B,$-0.07B,32.05%,$-0.03B,$-0.08B,30.49%,$-0.03B,$0.08B,-36.50%,$-0.01B,$0.07B,-16.46%,$0,$0,$0,$0,$2,$2,$-2,$-4,$-6,$0,$-6,$-6,$-6,$-1,$-2,$24,24,$-0.25,$-0.25,$20,$0,$0,$21,$46,$0,$4,$4,$54,$75,$3,$144,$1,$145,$149,$0,$-456,$0,$-74,$75,$-12,$2,$5,$7,$-0,$0,$0,$-0,$-1,$-6,$-1,$0,$0,$0,$0,$0,$0,$-1,$-0,$0,$-0,$15,$15,$0,$0,$15,$7,$0,$0
2,2018-03-31,13.5,$-3.57,-3.78,$0.02,702.08,$-1.29,0.0,$-1.43,0.0,$0.01B,$0.00B,2.48,$0.14B,$-0.08B,-1.69,$0.00B,0,nan%,$0.00B,$-0.01B,inf%,$0.00B,$-0.01B,inf%,$0.00B,$-0.01B,inf%,$0.00B,$-0.03B,inf%,$0.00B,$-0.03B,inf%,$-0.03B,$-0.08B,42.72%,$-0.03B,$-0.09B,40.74%,$-0.03B,$0.06B,-48.71%,$-0.01B,$0.06B,-17.17%,$0,$0,$0,$0,$3,$3,$-2,$-3,$-6,$0,$-6,$-6,$-6,$-1,$-2,$23,23,$-0.26,$-0.26,$9,$0,$0,$9,$46,$0,$4,$4,$54,$63,$4,$140,$1,$142,$146,$0,$-450,$0,$-83,$63,$-6,$1,$2,$3,$-0,$0,$1,$-0,$-1,$-4,$-1,$0,$0,$0,$0,$0,$0,$-1,$-0,$0,$-0,$0,$0,$0,$0,$-0,$-4,$0,$0
3,2017-12-31,14.25,$-3.42,-4.16,$0.02,733.19,$-1.23,0.0,$-1.50,0.0,$0.01B,$0.01B,2.08,$0.14B,$-0.08B,-1.74,$0.00B,0,nan%,$0.00B,$-0.01B,inf%,$0.00B,$-0.01B,inf%,$0.00B,$-0.01B,inf%,$0.00B,$-0.03B,inf%,$0.00B,$-0.03B,inf%,$-0.03B,$-0.08B,47.89%,$-0.03B,$-0.08B,45.64%,$-0.03B,$0.07B,-50.37%,$-0.01B,$0.06B,-20.60%,$0,$0,$0,$0,$4,$4,$-4,$-3,$-7,$0,$-7,$-7,$-7,$-3,$-4,$23,23,$-0.31,$-0.31,$13,$0,$0,$13,$45,$0,$4,$4,$53,$67,$6,$137,$1,$139,$145,$0,$-444,$0,$-79,$67,$-34,$4,$16,$20,$0,$0,$-0,$5,$3,$-10,$-1,$0,$0,$0,$0,$0,$0,$-1,$12,$0,$12,$0,$0,$0,$0,$12,$1,$2,$0
4,2017-09-30,12.7,$-3.39,-3.75,$0.02,623.24,$-1.22,0.0,$-1.53,0.0,$0.02B,$0.01B,1.84,$0.13B,$-0.08B,-1.76,$0.00B,0,nan%,$0.00B,$-0.01B,inf%,$0.00B,$-0.01B,inf%,$0.00B,$-0.01B,inf%,$0.00B,$-0.03B,inf%,$0.00B,$-0.03B,inf%,$-0.03B,$-0.08B,52.51%,$-0.03B,$-0.08B,49.82%,$-0.03B,$0.07B,-50.37%,$-0.01B,$0.06B,-17.02%,$0,$0,$0,$0,$2,$3,$-2,$-4,$-6,$0,$-6,$-6,$-6,$-1,$-2,$23,23,$-0.26,$-0.26,$16,$0,$0,$17,$45,$0,$4,$4,$52,$69,$9,$134,$1,$136,$145,$0,$-437,$0,$-76,$69,$-27,$3,$13,$16,$-0,$0,$-0,$6,$3,$-8,$-1,$0,$0,$0,$0,$0,$0,$-1,$12,$0,$12,$0,$0,$0,$0,$12,$4,$2,$0
5,2017-06-30,13.5,$-3.14,-4.3,$0.02,616.41,$-1.20,0.0,$-2.34,0.0,$0.02B,$0.01B,2.55,$0.13B,$-0.07B,-1.85,$0.00B,0,nan%,$0.00B,$-0.01B,inf%,$0.00B,$-0.01B,inf%,$0.00B,$-0.01B,inf%,$0.00B,$-0.03B,inf%,$0.00B,$-0.03B,inf%,$-0.03B,$-0.07B,52.17%,$-0.03B,$-0.07B,49.44%,$-0.03B,$0.07B,-50.77%,$-0.01B,$0.06B,-21.39%,$0,$0,$0,$0,$2,$2,$-2,$-11,$-14,$0,$-14,$-14,$-14,$-1,$-2,$22,22,$-0.60,$-0.60,$19,$0,$0,$20,$45,$0,$4,$4,$52,$72,$8,$131,$4,$135,$143,$0,$-431,$0,$-71,$72,$-21,$2,$10,$12,$-0,$0,$0,$2,$3,$-5,$-0,$0,$0,$0,$0,$0,$0,$-0,$12,$0,$12,$0,$0,$0,$0,$12,$7,$2,$0
6,2017-03-31,15.05,$-2.60,-5.79,$0.02,651.3,$-1.24,0.0,$-2.05,0.0,$0.01B,$0.00B,3.28,$0.11B,$-0.06B,-1.98,$0.00B,0,nan%,$0.00B,$-0.01B,inf%,$0.00B,$-0.01B,inf%,$0.00B,$-0.01B,inf%,$0.00B,$-0.03B,inf%,$0.00B,$-0.03B,inf%,$-0.03B,$-0.06B,40.16%,$-0.03B,$-0.06B,37.88%,$-0.03B,$0.06B,-40.65%,$-0.01B,$0.06B,-24.31%,$0,$0,$0,$0,$4,$4,$-4,$-3,$-7,$0,$-7,$-7,$-7,$-3,$-4,$22,22,$-0.33,$-0.33,$9,$0,$0,$10,$44,$0,$4,$4,$52,$62,$3,$114,$1,$117,$120,$0,$-417,$0,$-58,$62,$-7,$1,$4,$5,$-0,$0,$0,$2,$-0,$-3,$-0,$0,$0,$0,$0,$0,$0,$-0,$-0,$0,$-0,$0,$0,$0,$0,$-0,$-3,$2,$0
7,2016-12-31,12.5,$-2.50,-5.01,$0.02,557.77,$-1.20,0.0,$-2.21,0.0,$0.02B,$0.01B,3.42,$0.12B,$-0.05B,-2.11,$0.00B,0,nan%,$0.00B,$-0.01B,inf%,$0.00B,$-0.01B,inf%,$0.00B,$-0.01B,inf%,$0.00B,$-0.03B,inf%,$0.00B,$-0.03B,inf%,$-0.03B,$-0.05B,42.19%,$-0.03B,$-0.06B,39.71%,$-0.03B,$0.07B,-45.19%,$-0.01B,$0.06B,-20.93%,$0,$0,$0,$0,$2,$2,$-2,$-4,$-7,$0,$-7,$-7,$-7,$-2,$-2,$19,19,$-0.33,$-0.33,$12,$0,$0,$16,$44,$0,$4,$4,$51,$67,$5,$115,$1,$117,$121,$0,$-410,$0,$-54,$67,$-26,$4,$13,$17,$0,$0,$0,$-3,$-1,$-10,$0,$0,$0,$0,$0,$0,$0,$0,$-3,$0,$-3,$11,$11,$0,$11,$19,$9,$1,$0
8,2016-09-30,7.41,$-3.69,-2.01,$0.02,417.03,$-1.45,0.0,$-2.27,0.0,$0.01B,$0.05B,0.16,$0.08B,$-0.07B,-1.14,$0.00B,0,nan%,$0.00B,$-0.01B,inf%,$0.00B,$-0.01B,inf%,$0.00B,$-0.01B,inf%,$0.00B,$-0.03B,inf%,$0.00B,$-0.03B,inf%,$-0.03B,$-0.07B,41.86%,$-0.03B,$-0.07B,39.42%,$-0.03B,$0.06B,-47.58%,$-0.01B,$0.01B,-26.99%,$0,$0,$0,$0,$2,$2,$-2,$-3,$-5,$0,$-5,$-5,$-5,$-1,$-2,$19,19,$-0.28,$-0.28,$4,$0,$0,$7,$44,$0,$4,$4,$52,$59,$47,$80,$1,$82,$129,$0,$-403,$0,$-70,$59,$-20,$3,$10,$14,$0,$0,$0,$-3,$-0,$-6,$0,$0,$0,$0,$0,$0,$0,$0,$-4,$0,$-4,$0,$0,$0,$11,$8,$1,$1,$0
9,2016-06-30,5.87,$-3.57,-1.64,$0.02,243.31,$-1.66,0.0,$-1.53,0.0,$0.01B,$0.00B,4.0,$0.12B,$-0.07B,-1.82,$0.00B,0,nan%,$0.00B,$-0.01B,inf%,$0.00B,$-0.01B,inf%,$0.00B,$-0.01B,inf%,$0.00B,$-0.03B,inf%,$0.00B,$-0.03B,inf%,$-0.03B,$-0.07B,46.09%,$-0.03B,$-0.07B,43.41%,$-0.03B,$0.06B,-49.12%,$-0.01B,$0.05B,-30.23%,$0,$0,$0,$0,$3,$3,$-3,$-3,$-6,$0,$-6,$-6,$-6,$-2,$-3,$18,18,$-0.31,$-0.31,$6,$0,$0,$6,$44,$0,$4,$4,$52,$58,$2,$121,$1,$123,$125,$0,$-398,$0,$-67,$58,$-14,$3,$8,$10,$0,$0,$-0,$-0,$-1,$-5,$0,$0,$0,$0,$0,$0,$0,$0,$-3,$0,$-3,$0,$0,$0,$11,$8,$3,$1,$0
10,2016-03-31,5.22,$-3.62,-1.44,$0.02,257.75,$-1.70,0.0,$-1.56,0.0,$0.00B,$0.00B,0.92,$0.11B,$-0.07B,-1.73,$0.00B,0,nan%,$0.00B,$-0.01B,inf%,$0.00B,$-0.01B,inf%,$0.00B,$-0.01B,inf%,$0.00B,$-0.03B,inf%,$0.00B,$-0.03B,inf%,$-0.03B,$-0.07B,49.56%,$-0.03B,$-0.07B,46.47%,$-0.03B,$0.06B,-48.07%,$-0.01B,$0.05B,-39.72%,$0,$0,$0,$0,$2,$2,$-2,$-6,$-9,$0,$-9,$-9,$-9,$-0,$-2,$18,18,$-0.49,$-0.49,$2,$0,$0,$3,$44,$0,$4,$4,$52,$55,$3,$113,$3,$117,$119,$0,$-392,$0,$-65,$55,$-9,$2,$5,$7,$0,$0,$0,$-1,$1,$-1,$0,$0,$0,$0,$0,$0,$0,$0,$-11,$0,$-11,$0,$0,$0,$11,$1,$-1,$0,$0
11,2015-12-31,5.26,$-3.16,-1.66,$0.02,307.99,$-1.77,0.0,$-1.34,0.0,$0.00B,$0.00B,1.58,$0.11B,$-0.06B,-1.9,$0.00B,0,nan%,$0.00B,$-0.02B,inf%,$0.00B,$-0.02B,inf%,$0.00B,$-0.01B,inf%,$0.00B,$-0.02B,inf%,$0.00B,$-0.02B,inf%,$-0.02B,$-0.06B,46.83%,$-0.02B,$-0.06B,43.64%,$-0.02B,$0.06B,-39.34%,$-0.02B,$0.05B,-50.00%,$0,$0,$-0,$0,$4,$4,$-4,$-3,$-7,$0,$-7,$-7,$-7,$-3,$-4,$18,18,$-0.41,$-0.41,$3,$0,$0,$3,$44,$0,$4,$3,$52,$55,$2,$108,$1,$109,$111,$0,$-384,$0,$-56,$55,$-24,$2,$9,$11,$0,$0,$0,$-0,$-0,$-13,$-1,$0,$0,$0,$0,$0,$0,$-1,$-0,$0,$-0,$0,$0,$0,$0,$-0,$-14,$1,$0
12,2015-09-30,7.26,$-3.06,-2.37,$0.02,430.23,$-1.64,0.0,$-1.24,0.0,$0.01B,$0.04B,0.18,$0.07B,$-0.06B,-1.34,$0.00B,0,nan%,$0.00B,$-0.01B,inf%,$0.00B,$-0.01B,inf%,$0.00B,$-0.01B,inf%,$0.00B,$-0.02B,inf%,$0.00B,$-0.02B,inf%,$-0.02B,$-0.06B,46.56%,$-0.02B,$-0.06B,43.14%,$-0.02B,$0.06B,-34.24%,$-0.01B,$0.02B,-41.79%,$0,$0,$-0,$0,$4,$4,$-4,$-2,$-6,$0,$-6,$-6,$-6,$-3,$-4,$18,18,$-0.33,$-0.33,$6,$0,$0,$7,$45,$0,$4,$4,$52,$60,$39,$73,$1,$75,$114,$0,$-376,$0,$-55,$60,$-17,$1,$7,$8,$-0,$0,$0,$-0,$-0,$-9,$-0,$0,$0,$0,$0,$0,$0,$-0,$-0,$0,$-0,$0,$0,$0,$0,$-0,$-10,$1,$0
13,2015-06-30,8.69,$-2.80,-3.1,$0.02,378.13,$-1.61,0.0,$-1.19,0.0,$0.01B,$0.04B,0.3,$0.07B,$-0.05B,-1.46,$0.00B,0,nan%,$0.00B,$-0.01B,inf%,$0.00B,$-0.01B,inf%,$0.00B,$-0.01B,inf%,$0.00B,$-0.02B,inf%,$0.00B,$-0.02B,inf%,$-0.02B,$-0.05B,45.65%,$-0.02B,$-0.05B,42.00%,$-0.02B,$0.06B,-33.20%,$-0.01B,$0.02B,-28.57%,$0,$0,$0,$0,$4,$4,$-4,$-2,$-6,$0,$-6,$-6,$-6,$-3,$-4,$18,18,$-0.34,$-0.34,$11,$0,$0,$11,$44,$0,$4,$4,$52,$63,$39,$73,$1,$74,$113,$0,$-370,$0,$-50,$63,$-11,$1,$4,$5,$0,$0,$0,$-1,$0,$-5,$-0,$0,$0,$0,$0,$0,$0,$-0,$-0,$0,$-0,$0,$0,$0,$0,$-0,$-6,$1,$0
14,2015-03-31,10.26,$-2.49,-4.12,$0.02,476.59,$-1.70,0.0,$-1.13,0.0,$0.01B,$0.04B,0.39,$0.07B,$-0.04B,-1.61,$0.00B,0,nan%,$0.00B,$-0.01B,inf%,$0.00B,$-0.01B,inf%,$0.00B,$-0.01B,inf%,$0.00B,$-0.02B,inf%,$0.00B,$-0.02B,inf%,$-0.02B,$-0.04B,44.44%,$-0.02B,$-0.05B,41.03%,$-0.02B,$0.07B,-32.26%,$-0.01B,$0.03B,-20.00%,$0,$0,$0,$0,$3,$3,$-3,$-2,$-5,$0,$-5,$-5,$-5,$-2,$-3,$18,18,$-0.27,$-0.27,$14,$0,$0,$14,$44,$0,$4,$4,$52,$66,$37,$71,$1,$73,$110,$0,$-364,$0,$-44,$66,$-5,$0,$2,$3,$0,$0,$0,$-1,$-0,$-3,$-0,$0,$0,$0,$0,$0,$0,$-0,$-0,$0,$-0,$0,$0,$0,$0,$-0,$-3,$0,$0
15,2014-12-31,11.2,$-2.25,-4.98,$0.02,539.8,$-1.83,0.0,$-1.15,0.0,$0.02B,$0.00B,8.87,$0.10B,$-0.04B,-2.63,$0.00B,0,nan%,$0.00B,$-0.01B,inf%,$0.00B,$-0.01B,inf%,$0.00B,$-0.01B,inf%,$0.00B,$-0.02B,inf%,$0.00B,$-0.02B,inf%,$-0.02B,$-0.04B,45.20%,$-0.02B,$-0.04B,41.67%,$-0.02B,$0.07B,-33.06%,$-0.01B,$0.07B,-17.39%,$0,$0,$-0,$0,$3,$3,$-3,$-2,$-5,$0,$-5,$-5,$-5,$-3,$-3,$16,16,$-0.30,$-0.30,$16,$0,$0,$17,$44,$0,$4,$4,$51,$68,$2,$104,$1,$106,$108,$0,$-360,$0,$-40,$68,$-19,$1,$9,$10,$0,$0,$-1,$-0,$-1,$-10,$-0,$0,$0,$0,$0,$0,$0,$-0,$-0,$0,$-0,$15,$15,$0,$0,$15,$4,$1,$0
16,2014-09-30,10.39,$-3.07,-3.39,$0.03,386.24,$-2.23,0.0,$-1.23,0.0,$0.00B,$0.00B,2.98,$0.10B,$-0.05B,-2.06,$0.00B,0,nan%,$0.00B,$-0.01B,inf%,$0.00B,$-0.01B,inf%,$0.00B,$-0.01B,inf%,$0.00B,$-0.02B,inf%,$0.00B,$-0.02B,inf%,$-0.02B,$-0.05B,48.55%,$-0.02B,$-0.05B,44.68%,$-0.02B,$0.06B,-35.29%,$-0.01B,$0.05B,-19.56%,$0,$0,$0,$0,$2,$3,$-2,$-2,$-5,$0,$-5,$-5,$-5,$-2,$-2,$16,16,$-0.28,$-0.28,$3,$0,$0,$4,$44,$0,$4,$4,$52,$56,$1,$103,$1,$104,$106,$0,$-354,$0,$-50,$56,$-14,$1,$6,$7,$-0,$0,$-0,$-0,$-2,$-8,$-0,$0,$0,$0,$0,$0,$0,$-0,$-0,$0,$-0,$0,$0,$0,$0,$-0,$-9,$1,$0
17,2014-06-30,8.33,$-2.82,-2.95,$0.02,419.98,$-2.53,0.0,$-1.26,0.0,$0.01B,$0.00B,4.34,$0.10B,$-0.05B,-2.2,$0.00B,0,nan%,$0.00B,$-0.01B,inf%,$0.00B,$-0.01B,inf%,$0.00B,$-0.01B,inf%,$0.00B,$-0.02B,inf%,$0.00B,$-0.02B,inf%,$-0.02B,$-0.05B,53.85%,$-0.02B,$-0.05B,49.12%,$-0.02B,$0.06B,-35.00%,$-0.01B,$0.06B,-21.24%,$0,$0,$0,$0,$2,$2,$-2,$-2,$-5,$0,$-5,$-5,$-5,$-2,$-2,$16,16,$-0.28,$-0.28,$5,$0,$0,$6,$44,$0,$4,$4,$52,$58,$1,$100,$1,$102,$104,$0,$-350,$0,$-46,$58,$-9,$1,$4,$4,$0,$0,$-1,$-1,$-2,$-7,$-0,$0,$0,$0,$0,$0,$0,$-0,$-0,$0,$-0,$0,$0,$0,$0,$-0,$-7,$0,$0
18,2014-03-31,7.05,$-2.55,-2.77,$0.02,363.16,$-2.82,0.0,$-1.27,0.0,$0.01B,$0.00B,6.55,$0.10B,$-0.04B,-2.39,$0.00B,0,nan%,$0.00B,$-0.01B,inf%,$0.00B,$-0.01B,inf%,$0.00B,$-0.01B,inf%,$0.00B,$-0.02B,inf%,$0.00B,$-0.02B,inf%,$-0.02B,$-0.04B,57.97%,$-0.02B,$-0.05B,51.95%,$-0.02B,$0.06B,-33.06%,$-0.01B,$0.06B,-22.81%,$0,$0,$0,$0,$3,$3,$-3,$-2,$-5,$0,$-5,$-5,$-5,$-2,$-3,$16,16,$-0.29,$-0.29,$7,$0,$0,$8,$44,$0,$4,$4,$52,$60,$1,$98,$1,$100,$101,$0,$-345,$0,$-41,$60,$-5,$0,$2,$2,$-0,$0,$-1,$-1,$-2,$-4,$0,$0,$0,$0,$0,$0,$0,$0,$-0,$0,$-0,$0,$0,$0,$0,$-0,$-4,$0,$0
19,2013-12-31,6.96,$-2.26,-3.08,$0.02,358.31,$-2.99,0.0,$-1.46,0.0,$0.01B,$0.00B,4.85,$0.10B,$-0.04B,-2.64,$0.00B,0,nan%,$0.00B,$-0.01B,inf%,$0.00B,$-0.01B,inf%,$0.00B,$-0.01B,inf%,$0.00B,$-0.02B,inf%,$0.00B,$-0.02B,inf%,$-0.02B,$-0.04B,72.73%,$-0.02B,$-0.04B,64.23%,$-0.02B,$0.06B,-35.77%,$-0.01B,$0.06B,-24.24%,$0,$0,$-0,$0,$4,$4,$-4,$-2,$-6,$0,$-6,$-6,$-6,$-4,$-4,$16,16,$-0.38,$-0.38,$12,$0,$0,$13,$44,$0,$4,$4,$52,$64,$3,$96,$1,$98,$101,$0,$-341,$0,$-36,$64,$-23,$2,$7,$9,$-0,$0,$0,$-3,$-2,$-16,$-0,$0,$0,$0,$0,$0,$0,$-0,$27,$0,$27,$0,$0,$0,$-1,$26,$10,$1,$0
20,2013-09-30,5.11,$-2.13,-2.39,$0.01,346.28,$-2.91,0.0,$-1.46,0.0,$0.01B,$0.00B,2.81,$0.09B,$-0.03B,-2.64,$0.00B,0,nan%,$0.00B,$-0.01B,inf%,$0.00B,$-0.01B,inf%,$0.00B,$-0.01B,inf%,$0.00B,$-0.02B,inf%,$0.00B,$-0.02B,inf%,$-0.02B,$-0.03B,86.27%,$-0.02B,$-0.04B,74.58%,$-0.02B,$0.06B,-37.77%,$-0.01B,$0.05B,-25.81%,$0,$0,$-0,$0,$3,$3,$-3,$-2,$-5,$0,$-5,$-5,$-5,$-3,$-3,$15,15,$-0.31,$-0.31,$5,$0,$0,$6,$44,$0,$4,$4,$52,$58,$2,$87,$1,$89,$91,$0,$-335,$0,$-33,$58,$-17,$2,$6,$7,$-0,$-0,$0,$-3,$-3,$-13,$-0,$0,$0,$0,$0,$0,$0,$-0,$17,$0,$17,$0,$0,$0,$-1,$16,$3,$0,$0
21,2013-06-30,4.6,$-1.83,-2.52,$0.02,213.27,$-2.71,0.0,$-1.46,0.0,$0.01B,$0.00B,6.57,$0.09B,$-0.03B,-3.03,$0.00B,0,nan%,$0.00B,$-0.01B,inf%,$0.00B,$-0.01B,inf%,$0.00B,$-0.01B,inf%,$0.00B,$-0.02B,inf%,$0.00B,$-0.02B,inf%,$-0.02B,$-0.03B,108.64%,$-0.02B,$-0.03B,91.67%,$-0.02B,$0.06B,-38.94%,$-0.01B,$0.06B,-26.92%,$0,$0,$0,$0,$3,$3,$-3,$-2,$-4,$0,$-4,$-4,$-4,$-3,$-3,$15,15,$-0.29,$-0.29,$7,$0,$0,$8,$44,$0,$4,$4,$52,$60,$1,$85,$1,$87,$88,$0,$-330,$0,$-28,$60,$-12,$1,$4,$5,$0,$0,$-0,$-3,$-4,$-11,$-0,$0,$0,$0,$0,$0,$0,$-0,$17,$0,$17,$0,$0,$0,$-1,$16,$6,$0,$0
22,2013-03-31,6.76,$-1.54,-4.39,$0.02,311.54,$-2.46,0.0,$-1.47,0.0,$0.01B,$0.00B,5.21,$0.08B,$-0.02B,-3.53,$0.00B,0,nan%,$0.00B,$-0.01B,inf%,$0.00B,$-0.01B,inf%,$0.00B,$-0.01B,inf%,$0.00B,$-0.02B,inf%,$0.00B,$-0.02B,inf%,$-0.02B,$-0.02B,153.33%,$-0.02B,$-0.03B,122.67%,$-0.02B,$0.06B,-41.82%,$-0.01B,$0.06B,-28.14%,$0,$0,$0,$0,$4,$4,$-4,$-3,$-7,$0,$-7,$-7,$-7,$-3,$-4,$15,15,$-0.48,$-0.48,$11,$0,$0,$12,$44,$0,$4,$4,$52,$64,$2,$84,$1,$86,$88,$0,$-325,$0,$-24,$64,$-7,$1,$2,$4,$0,$0,$-0,$-3,$-3,$-7,$-0,$0,$0,$0,$0,$0,$0,$-0,$17,$0,$17,$0,$0,$0,$-1,$16,$9,$0,$0
23,2012-12-31,7.92,$-1.09,-7.29,$0.02,337.77,$-2.30,0.0,$-1.28,0.0,$0.00B,$0.00B,0.99,$0.06B,$-0.02B,-3.77,$0.00B,0,nan%,$0.00B,$-0.01B,inf%,$0.00B,$-0.01B,inf%,$0.00B,$-0.01B,inf%,$0.00B,$-0.02B,inf%,$0.00B,$-0.02B,inf%,$-0.02B,$-0.02B,210.53%,$-0.02B,$-0.02B,150.94%,$-0.02B,$0.05B,-37.91%,$-0.01B,$0.05B,-27.37%,$0,$0,$-0,$0,$4,$4,$-4,$-2,$-6,$-0,$-6,$-6,$-6,$-3,$-4,$15,15,$-0.37,$-0.37,$2,$0,$0,$2,$44,$0,$4,$0,$48,$51,$2,$63,$1,$65,$67,$0,$-318,$0,$-17,$51,$-20,$4,$4,$8,$-0,$0,$0,$0,$1,$-11,$-3,$0,$0,$0,$0,$0,$-0,$-3,$5,$0,$5,$0,$0,$0,$0,$5,$-10,$0,$0
24,2012-09-30,9.71,$-0.75,-12.97,$0.05,196.31,$-2.18,0.0,$-1.23,0.0,$0.00B,$0.01B,0.6,$0.06B,$-0.01B,-4.92,$0.00B,0,nan%,$0.00B,$-0.01B,inf%,$0.00B,$-0.01B,inf%,$0.00B,$-0.01B,inf%,$0.00B,$-0.02B,inf%,$0.00B,$-0.02B,inf%,$-0.02B,$-0.01B,400.00%,$-0.02B,$-0.02B,223.53%,$-0.02B,$0.05B,-34.86%,$-0.01B,$0.05B,-24.24%,$0,$0,$-0,$0,$3,$3,$-3,$-2,$-5,$0,$-5,$-5,$-5,$-2,$-3,$15,15,$-0.31,$-0.31,$1,$0,$0,$3,$44,$0,$4,$0,$48,$51,$5,$57,$0,$58,$63,$0,$-312,$0,$-12,$51,$-14,$2,$3,$5,$-0,$-0,$0,$-0,$0,$-8,$-1,$0,$0,$0,$0,$0,$-0,$-2,$0,$0,$0,$0,$0,$0,$0,$0,$-10,$0,$0
25,2012-06-30,7.21,$-0.45,-16.16,$0.04,182.91,$-2.15,0.0,$-1.21,0.0,$0.01B,$0.00B,1.29,$0.06B,$-0.01B,-8.0,$0.00B,0,nan%,$0.00B,$-0.01B,inf%,$0.00B,$-0.01B,inf%,$0.00B,$-0.01B,inf%,$0.00B,$-0.02B,inf%,$0.00B,$-0.02B,inf%,$-0.02B,$-0.01B,600.00%,$-0.02B,$-0.01B,257.14%,$-0.02B,$0.05B,-33.33%,$-0.01B,$0.05B,-24.12%,$0,$0,$0,$0,$3,$3,$-3,$-2,$-5,$0,$-5,$-5,$-5,$-2,$-3,$15,15,$-0.30,$-0.30,$4,$0,$0,$6,$44,$0,$4,$1,$48,$54,$4,$55,$0,$56,$61,$0,$-307,$0,$-7,$54,$-9,$2,$2,$4,$-0,$0,$-1,$-0,$-1,$-6,$-1,$0,$0,$0,$0,$0,$-0,$-1,$-0,$0,$-0,$0,$0,$0,$0,$-0,$-7,$0,$0
26,2012-03-31,9.2,$-0.15,-59.9,$0.04,219.6,$-2.05,0.0,$-1.18,0.0,$0.01B,$0.00B,3.4,$0.05B,$-0.00B,-22.59,$0.00B,0,nan%,$0.00B,$-0.01B,inf%,$0.00B,$-0.01B,inf%,$0.00B,$-0.01B,inf%,$0.00B,$-0.02B,inf%,$0.00B,$-0.02B,inf%,$-0.02B,$-0.00B,680.00%,$-0.02B,$-0.01B,261.54%,$-0.02B,$0.06B,-32.38%,$-0.01B,$0.05B,-22.56%,$0,$0,$0,$0,$3,$3,$-3,$-2,$-4,$0,$-4,$-4,$-4,$-2,$-3,$15,15,$-0.29,$-0.29,$7,$0,$0,$9,$42,$0,$4,$0,$47,$55,$3,$54,$1,$55,$58,$0,$-303,$0,$-2,$55,$-4,$1,$1,$2,$0,$0,$-1,$-1,$-1,$-4,$-0,$0,$0,$0,$0,$0,$-0,$-0,$-0,$0,$-0,$0,$0,$0,$0,$-0,$-5,$0,$0
27,2011-12-31,9.63,$0.13,76.98,$0.07,131.95,$-2.00,0.0,$-1.20,0.0,$0.01B,$0.00B,4.96,$0.05B,$0.00B,26.96,$0.00B,0,nan%,$0.00B,$-0.01B,inf%,$0.00B,$-0.01B,inf%,$0.00B,$-0.01B,inf%,$0.00B,$-0.02B,inf%,$0.00B,$-0.02B,inf%,$-0.02B,$0.00B,680.00%,$-0.02B,$-0.00B,261.54%,$-0.02B,$0.06B,-33.66%,$-0.01B,$0.05B,-23.40%,$0,$1,$-0,$0,$3,$4,$-3,$-2,$-5,$0,$-5,$-5,$-5,$-2,$-3,$14,14,$-0.33,$-0.33,$11,$0,$0,$12,$42,$0,$4,$0,$46,$58,$2,$52,$1,$54,$56,$0,$-298,$0,$2,$58,$-17,$3,$6,$8,$0,$0,$0,$0,$1,$-8,$-4,$0,$0,$0,$0,$0,$0,$-4,$2,$0,$2,$15,$15,$0,$0,$17,$5,$2,$0
28,2011-09-30,7.91,$-0.33,-23.74,$0.10,80.08,$-1.75,0.0,$-1.19,0.0,$0.00B,$0.00B,2.42,$0.05B,$-0.01B,-10.68,$0.00B,0,0.00%,$0.00B,$-0.01B,-1100.00%,$0.00B,$-0.01B,-1100.00%,$0.00B,$-0.01B,-800.00%,$0.00B,$-0.02B,-1600.00%,$0.00B,$-0.02B,-1600.00%,$-0.02B,$-0.01B,581.82%,$-0.02B,$-0.01B,237.04%,$-0.02B,$0.05B,-33.16%,$-0.01B,$0.05B,-24.58%,$0,$0,$-0,$0,$2,$3,$-3,$-1,$-4,$0,$-4,$-4,$-4,$-2,$-3,$14,14,$-0.29,$-0.29,$3,$0,$0,$4,$41,$0,$4,$0,$45,$49,$2,$51,$1,$52,$54,$0,$-294,$0,$-5,$49,$-12,$2,$4,$6,$0,$-0,$0,$0,$0,$-5,$-3,$0,$0,$0,$0,$0,$0,$-3,$2,$0,$2,$4,$4,$0,$0,$6,$-2,$2,$0
29,2011-06-30,10.86,$-0.35,-30.61,$0.11,98.49,$-1.59,0.0,$-1.13,0.0,$0.00B,$0.00B,1.94,$0.05B,$-0.01B,-10.0,$0.00B,0,0.00%,$0.00B,$-0.01B,-1000.00%,$0.00B,$-0.01B,-1000.00%,$0.00B,$-0.01B,-800.00%,$0.00B,$-0.02B,-1500.00%,$0.00B,$-0.02B,-1500.00%,$-0.02B,$-0.01B,2000.00%,$-0.02B,$-0.01B,315.79%,$-0.02B,$0.05B,-31.75%,$-0.01B,$0.04B,-22.73%,$0,$0,$0,$0,$2,$2,$-2,$-1,$-4,$0,$-4,$-4,$-4,$-2,$-2,$14,14,$-0.27,$-0.27,$3,$0,$0,$4,$40,$0,$4,$0,$44,$48,$2,$49,$1,$51,$53,$0,$-290,$0,$-5,$48,$-8,$1,$3,$5,$0,$0,$1,$-0,$1,$-3,$-2,$0,$0,$0,$0,$0,$0,$-2,$2,$0,$2,$0,$0,$0,$0,$2,$-3,$2,$0
30,2011-03-31,12.19,$-0.15,-81.0,$0.11,113.19,$-1.54,0.0,$-1.09,0.0,$0.00B,$0.00B,2.39,$0.05B,$-0.00B,-21.97,$0.00B,0,0.00%,$0.00B,$-0.01B,-1000.00%,$0.00B,$-0.01B,-1000.00%,$0.00B,$-0.01B,-800.00%,$0.00B,$-0.01B,-1400.00%,$0.00B,$-0.01B,-1400.00%,$-0.01B,$-0.00B,-700.00%,$-0.01B,$-0.01B,700.00%,$-0.01B,$0.05B,-29.95%,$-0.01B,$0.04B,-22.73%,$0,$0,$0,$0,$3,$3,$-3,$-1,$-4,$0,$-4,$-4,$-4,$-2,$-3,$14,14,$-0.31,$-0.31,$3,$0,$0,$4,$39,$0,$4,$0,$43,$47,$2,$46,$1,$47,$49,$0,$-286,$0,$-2,$47,$-4,$1,$2,$3,$0,$0,$0,$-0,$-0,$-2,$-1,$0,$0,$0,$0,$0,$0,$-1,$-0,$0,$-0,$0,$0,$0,$0,$-0,$-3,$1,$0
31,2010-12-31,12.44,$0.07,179.77,$0.07,166.28,$-1.52,0.0,$-1.16,0.0,$0.01B,$0.00B,3.43,$0.04B,$0.00B,46.94,$0.00B,0,0.00%,$0.00B,$-0.01B,-1100.00%,$0.00B,$-0.01B,-1100.00%,$0.00B,$-0.01B,-1000.00%,$0.00B,$-0.02B,-1500.00%,$0.00B,$-0.02B,-1500.00%,$-0.02B,$0.00B,-333.33%,$-0.02B,$-0.00B,-3000.00%,$-0.02B,$0.05B,-31.91%,$-0.01B,$0.05B,-24.72%,$1,$1,$0,$0,$3,$3,$-3,$-2,$-4,$0,$-4,$-4,$-4,$-2,$-3,$14,14,$-0.32,$-0.32,$6,$0,$0,$6,$38,$0,$4,$0,$42,$49,$2,$44,$1,$46,$48,$0,$-282,$0,$1,$49,$-16,$2,$7,$9,$-0,$0,$-0,$0,$-0,$-7,$-1,$0,$0,$0,$0,$0,$0,$-1,$5,$0,$5,$0,$0,$0,$0,$5,$-3,$4,$0
32,2010-09-30,10.26,$0.21,49.16,$0.07,147.76,$-1.45,0.0,$-1.10,0.0,$0.00B,$0.00B,3.37,$0.04B,$0.00B,13.95,$0.00B,0,0.00%,$0.00B,$-0.01B,-1000.00%,$0.00B,$-0.01B,-1000.00%,$0.00B,$-0.01B,-1000.00%,$0.00B,$-0.01B,-1400.00%,$0.00B,$-0.01B,-1400.00%,$-0.01B,$0.00B,-200.00%,$-0.01B,$-0.00B,-466.67%,$-0.01B,$0.05B,-29.63%,$-0.01B,$0.04B,-22.10%,$0,$0,$0,$0,$2,$2,$-2,$-1,$-3,$0,$-3,$-3,$-3,$-2,$-2,$14,14,$-0.23,$-0.23,$3,$0,$0,$4,$37,$0,$4,$0,$41,$45,$1,$40,$1,$41,$42,$0,$-277,$0,$3,$45,$-12,$1,$5,$7,$-0,$0,$-0,$-0,$-0,$-5,$-1,$0,$0,$0,$0,$0,$0,$-1,$-0,$0,$-0,$0,$0,$0,$0,$-0,$-6,$3,$0
33,2010-06-30,12.07,$0.41,29.72,$0.06,200.12,$-1.42,0.0,$-1.12,0.0,$0.01B,$0.00B,7.06,$0.04B,$0.01B,6.97,$0.00B,0,0.00%,$0.00B,$-0.01B,-1000.00%,$0.00B,$-0.01B,-1000.00%,$0.00B,$-0.01B,-1000.00%,$0.00B,$-0.01B,-1400.00%,$0.00B,$-0.01B,-1400.00%,$-0.01B,$0.01B,-186.67%,$-0.01B,$0.00B,-373.33%,$-0.01B,$0.05B,-30.11%,$-0.01B,$0.04B,-22.35%,$0,$0,$0,$0,$2,$2,$-2,$-1,$-3,$0,$-3,$-3,$-3,$-2,$-2,$14,14,$-0.23,$-0.23,$5,$0,$0,$5,$37,$0,$4,$0,$41,$46,$1,$39,$1,$40,$41,$0,$-274,$0,$6,$46,$-8,$1,$4,$5,$0,$0,$-0,$-0,$-0,$-4,$-0,$0,$0,$0,$0,$0,$0,$-0,$-0,$0,$-0,$0,$0,$0,$0,$-0,$-4,$3,$0
34,2010-03-31,12.77,$0.59,21.47,$0.06,207.54,$-1.42,0.0,$-1.24,0.0,$0.01B,$0.00B,8.62,$0.04B,$0.01B,4.63,$0.00B,0,0.00%,$0.00B,$-0.01B,-1100.00%,$0.00B,$-0.01B,-1100.00%,$0.00B,$-0.01B,-1100.00%,$0.00B,$-0.02B,-1500.00%,$0.00B,$-0.02B,-1500.00%,$-0.02B,$0.01B,-187.50%,$-0.02B,$0.00B,-352.94%,$-0.02B,$0.05B,-32.61%,$-0.01B,$0.05B,-24.86%,$0,$0,$0,$0,$4,$4,$-4,$-1,$-5,$0,$-5,$-5,$-5,$-4,$-4,$14,14,$-0.38,$-0.38,$6,$0,$0,$7,$37,$0,$4,$0,$41,$48,$1,$38,$1,$39,$40,$0,$-271,$0,$8,$48,$-5,$0,$3,$3,$0,$0,$-0,$-0,$-0,$-2,$-0,$0,$0,$0,$0,$0,$0,$-0,$-0,$0,$-0,$0,$0,$0,$0,$-0,$-3,$2,$0
35,2009-12-31,11.97,$0.83,14.39,$0.06,188.13,$-1.39,0.0,$-1.13,0.0,$0.01B,$0.00B,6.98,$0.04B,$0.01B,3.26,$0.00B,0,0.00%,$0.00B,$-0.01B,-900.00%,$0.00B,$-0.01B,-900.00%,$0.00B,$-0.01B,-800.00%,$0.00B,$-0.01B,-1300.00%,$0.00B,$-0.01B,-1300.00%,$-0.01B,$0.01B,-157.58%,$-0.01B,$0.01B,-273.68%,$-0.01B,$0.05B,-28.73%,$-0.01B,$0.05B,-20.45%,$1,$1,$-0,$0,$2,$3,$-2,$-1,$-3,$0,$-3,$-3,$-3,$-2,$-2,$13,13,$-0.26,$-0.26,$9,$0,$0,$9,$37,$0,$4,$0,$41,$50,$1,$37,$1,$38,$39,$0,$-266,$0,$11,$50,$-14,$2,$5,$7,$-0,$0,$0,$0,$1,$-6,$-0,$0,$0,$5,$0,$5,$0,$4,$0,$0,$0,$9,$9,$0,$0,$9,$7,$3,$0
36,2009-09-30,11.7,$0.43,27.22,$0.07,158.11,$-1.48,0.0,$-1.17,0.0,$0.00B,$0.00B,2.06,$0.04B,$0.01B,6.55,$0.00B,0,0.00%,$0.00B,$-0.01B,-1000.00%,$0.00B,$-0.01B,-1000.00%,$0.00B,$-0.01B,-800.00%,$0.00B,$-0.01B,-1400.00%,$0.00B,$-0.01B,-1400.00%,$-0.01B,$0.01B,-164.71%,$-0.01B,$0.00B,-266.67%,$-0.01B,$0.04B,-31.46%,$-0.01B,$0.04B,-22.99%,$0,$0,$-0,$0,$2,$2,$-2,$-1,$-3,$0,$-3,$-3,$-3,$-2,$-2,$13,13,$-0.25,$-0.25,$1,$0,$0,$2,$36,$0,$4,$1,$40,$42,$1,$36,$0,$36,$37,$0,$-262,$0,$5,$42,$-11,$2,$4,$6,$-0,$-0,$-0,$0,$-0,$-5,$-0,$0,$0,$5,$0,$5,$0,$4,$0,$0,$0,$0,$0,$0,$0,$0,$-1,$2,$0
37,2009-06-30,9.63,$0.61,15.89,$0.08,114.99,$-1.59,0.0,$-1.21,0.0,$0.00B,$0.00B,2.79,$0.04B,$0.01B,4.54,$0.00B,0,0.00%,$0.00B,$-0.01B,-1000.00%,$0.00B,$-0.01B,-1000.00%,$0.00B,$-0.01B,-800.00%,$0.00B,$-0.01B,-1400.00%,$0.00B,$-0.01B,-1400.00%,$-0.01B,$0.01B,-143.59%,$-0.01B,$0.00B,-224.00%,$-0.01B,$0.04B,-31.11%,$-0.01B,$0.04B,-22.73%,$0,$0,$0,$0,$3,$3,$-3,$-1,$-4,$0,$-4,$-4,$-4,$-3,$-3,$13,13,$-0.35,$-0.35,$3,$0,$0,$3,$36,$0,$4,$1,$40,$44,$1,$35,$0,$35,$36,$0,$-259,$0,$8,$44,$-8,$1,$2,$4,$-0,$-0,$-0,$0,$0,$-4,$-0,$0,$0,$3,$0,$3,$0,$3,$0,$0,$0,$0,$0,$0,$0,$0,$-1,$1,$0
38,2009-03-31,7.98,$0.75,10.6,$0.08,95.48,$-1.68,0.0,$-1.17,0.0,$0.01B,$0.00B,6.12,$0.04B,$0.01B,3.74,$0.00B,0,0.00%,$0.00B,$-0.01B,-1000.00%,$0.00B,$-0.01B,-1000.00%,$0.00B,$-0.01B,-700.00%,$0.00B,$-0.01B,-1400.00%,$0.00B,$-0.01B,-1400.00%,$-0.01B,$0.01B,-127.27%,$-0.01B,$0.01B,-186.67%,$-0.01B,$0.05B,-30.94%,$-0.01B,$0.05B,-22.47%,$0,$0,$-0,$0,$2,$2,$-2,$-1,$-3,$0,$-3,$-3,$-3,$-1,$-2,$13,13,$-0.27,$-0.27,$4,$0,$0,$5,$36,$0,$4,$1,$40,$45,$1,$35,$0,$35,$36,$0,$-255,$0,$9,$45,$-3,$1,$1,$2,$0,$-0,$-0,$-0,$-0,$-2,$-0,$0,$0,$2,$0,$2,$0,$1,$0,$0,$0,$0,$0,$0,$0,$0,$-1,$0,$0
39,2008-12-31,12.51,$1.00,12.56,$0.08,151.31,$-1.69,0.0,$-1.32,0.0,$0.01B,$0.00B,8.7,$0.03B,$0.01B,2.74,$0.00B,0,0.00%,$0.00B,$-0.01B,-1200.00%,$0.00B,$-0.01B,-1200.00%,$0.00B,$-0.01B,-900.00%,$0.00B,$-0.02B,-1600.00%,$0.00B,$-0.02B,-1600.00%,$-0.02B,$0.01B,-128.00%,$-0.02B,$0.01B,-177.78%,$-0.02B,$0.05B,-34.78%,$-0.01B,$0.05B,-26.82%,$1,$1,$-0,$0,$2,$3,$-3,$-1,$-4,$0,$-4,$-4,$-4,$-2,$-3,$12,12,$-0.30,$-0.30,$7,$0,$0,$7,$36,$0,$4,$1,$40,$47,$1,$34,$0,$34,$35,$0,$-251,$0,$12,$47,$-16,$3,$7,$9,$-0,$0,$-0,$-0,$-0,$-7,$-0,$0,$0,$-5,$0,$-5,$-0,$-5,$-0,$0,$-0,$5,$5,$0,$0,$5,$-7,$4,$0
40,2008-09-30,19.07,$0.84,22.69,$0.03,663.67,$-1.63,0.0,$-1.42,0.0,$0.00B,$0.00B,3.02,$0.03B,$0.01B,3.27,$0.00B,0,nan%,$0.00B,$-0.01B,inf%,$0.00B,$-0.01B,inf%,$0.00B,$-0.01B,inf%,$0.00B,$-0.02B,inf%,$0.00B,$-0.02B,inf%,$-0.02B,$0.01B,-119.30%,$-0.02B,$0.01B,-161.90%,$-0.02B,$0.04B,-36.36%,$-0.01B,$0.04B,-28.73%,$0,$0,$0,$0,$2,$3,$-2,$-1,$-3,$0,$-3,$-3,$-3,$-2,$-2,$12,12,$-0.29,$-0.29,$3,$0,$0,$4,$36,$0,$4,$1,$40,$44,$1,$33,$0,$33,$34,$0,$-248,$0,$10,$44,$-12,$2,$5,$7,$-0,$0,$0,$-1,$-1,$-6,$-0,$0,$0,$0,$0,$0,$-0,$-0,$-0,$0,$-0,$0,$0,$0,$0,$-0,$-6,$3,$0
41,2008-06-30,16.12,$1.06,15.27,$0.01,0.0,$-1.47,0.0,$-1.48,0.0,$0.01B,$0.00B,4.66,$0.03B,$0.01B,2.51,$0.00B,0,nan%,$0.00B,$-0.01B,inf%,$0.00B,$-0.01B,inf%,$0.00B,$-0.01B,inf%,$0.00B,$-0.02B,inf%,$0.00B,$-0.02B,inf%,$-0.02B,$0.01B,-105.88%,$-0.02B,$0.01B,-133.33%,$-0.02B,$0.05B,-36.92%,$-0.01B,$0.04B,-29.79%,$0,$0,$0,$0,$3,$3,$-3,$-1,$-4,$0,$-4,$-4,$-4,$-2,$-3,$12,12,$-0.31,$-0.31,$4,$0,$0,$5,$36,$0,$4,$1,$40,$45,$1,$32,$0,$32,$33,$0,$-244,$0,$13,$45,$-9,$1,$4,$5,$-0,$0,$0,$-1,$-1,$-5,$-0,$0,$0,$0,$0,$0,$-0,$-0,$-0,$0,$-0,$0,$0,$0,$0,$-0,$-5,$3,$0
42,2008-03-31,15.38,$1.30,11.88,$0.01,0.0,$-1.29,0.0,$-1.35,0.0,$0.01B,$0.00B,4.37,$0.03B,$0.02B,1.98,$0.00B,0,nan%,$0.00B,$-0.01B,inf%,$0.00B,$-0.01B,inf%,$0.00B,$-0.01B,inf%,$0.00B,$-0.02B,inf%,$0.00B,$-0.02B,inf%,$-0.02B,$0.02B,-81.01%,$-0.02B,$0.01B,-98.46%,$-0.02B,$0.05B,-31.53%,$-0.01B,$0.05B,-24.49%,$0,$0,$0,$0,$4,$4,$-4,$-1,$-5,$0,$-5,$-5,$-5,$-3,$-4,$12,12,$-0.42,$-0.42,$7,$0,$0,$7,$36,$0,$4,$1,$40,$48,$2,$31,$0,$31,$32,$0,$-240,$0,$15,$48,$-5,$1,$2,$3,$-0,$0,$0,$-1,$0,$-2,$-0,$0,$0,$0,$0,$0,$0,$-0,$-0,$0,$-0,$0,$0,$0,$0,$-0,$-2,$2,$0
43,2007-12-31,21.0,$1.58,13.33,$0.04,577.24,$-1.23,0.0,$-1.15,0.0,$0.01B,$0.00B,7.89,$0.03B,$0.02B,1.58,$0.00B,0,nan%,$0.00B,$-0.01B,inf%,$0.00B,$-0.01B,inf%,$0.00B,$-0.01B,inf%,$0.00B,$-0.01B,inf%,$0.00B,$-0.01B,inf%,$-0.01B,$0.02B,-62.22%,$-0.01B,$0.02B,-74.67%,$-0.01B,$0.05B,-26.79%,$-0.01B,$0.05B,-19.70%,$0,$0,$-0,$0,$4,$4,$-4,$-1,$-5,$-0,$-5,$-5,$-5,$-3,$-4,$12,12,$-0.40,$-0.40,$9,$0,$0,$9,$36,$0,$4,$1,$40,$50,$1,$30,$0,$30,$31,$0,$-235,$0,$19,$50,$-14,$2,$6,$8,$0,$0,$-0,$0,$1,$-5,$-1,$0,$0,$0,$0,$0,$-0,$-1,$-0,$0,$-0,$5,$5,$0,$0,$5,$-1,$4,$0
44,2007-09-30,18.9,$1.80,10.52,$0.05,412.46,$-1.15,0.0,$-0.99,0.0,$0.01B,$0.00B,6.31,$0.03B,$0.02B,1.34,$0.00B,0,nan%,$0.00B,$-0.01B,inf%,$0.00B,$-0.01B,inf%,$0.00B,$-0.01B,inf%,$0.00B,$-0.01B,inf%,$0.00B,$-0.01B,inf%,$-0.01B,$0.02B,-50.53%,$-0.01B,$0.02B,-60.00%,$-0.01B,$0.05B,-22.97%,$-0.01B,$0.05B,-15.69%,$0,$0,$0,$0,$3,$3,$-3,$-1,$-4,$0,$-4,$-4,$-4,$-3,$-3,$12,12,$-0.35,$-0.35,$11,$0,$0,$11,$36,$0,$4,$1,$40,$52,$2,$29,$0,$29,$30,$0,$-231,$0,$21,$52,$-9,$2,$3,$5,$0,$-0,$0,$-0,$1,$-3,$-1,$0,$0,$-9,$0,$-9,$-0,$-10,$-0,$0,$-0,$5,$5,$0,$0,$5,$-8,$2,$0
45,2007-06-30,22.47,$2.03,11.07,$0.05,462.49,$-1.12,0.0,$-0.99,0.0,$0.01B,$0.00B,11.43,$0.03B,$0.02B,1.15,$0.00B,0,nan%,$0.00B,$-0.01B,inf%,$0.00B,$-0.01B,inf%,$0.00B,$-0.01B,inf%,$0.00B,$-0.01B,inf%,$0.00B,$-0.01B,inf%,$-0.01B,$0.02B,-56.00%,$-0.01B,$0.02B,-66.67%,$-0.01B,$0.05B,-26.79%,$-0.01B,$0.05B,-13.66%,$0,$0,$0,$0,$1,$1,$-1,$-1,$-2,$0,$-2,$-2,$-2,$-1,$-1,$12,12,$-0.18,$-0.18,$13,$0,$0,$13,$35,$0,$4,$1,$40,$53,$1,$28,$0,$28,$29,$0,$-226,$0,$24,$53,$-5,$1,$1,$2,$0,$0,$-0,$-0,$0,$-2,$-0,$0,$0,$-9,$0,$-9,$-0,$-9,$-0,$0,$-0,$5,$5,$0,$0,$5,$-6,$0,$0
46,2007-03-31,25.44,$2.21,11.51,$0.06,410.18,$-1.11,0.0,$-1.09,0.0,$0.02B,$0.00B,15.98,$0.03B,$0.03B,1.02,$0.00B,0,nan%,$0.00B,$-0.01B,inf%,$0.00B,$-0.01B,inf%,$0.00B,$-0.01B,inf%,$0.00B,$-0.02B,inf%,$0.00B,$-0.02B,inf%,$-0.02B,$0.03B,-65.93%,$-0.02B,$0.02B,-80.00%,$-0.02B,$0.05B,-28.85%,$-0.01B,$0.05B,-15.69%,$0,$0,$0,$0,$2,$2,$-2,$-1,$-3,$0,$-3,$-3,$-3,$-1,$-2,$12,12,$-0.22,$-0.22,$14,$0,$0,$15,$35,$0,$4,$0,$39,$54,$1,$27,$0,$27,$28,$0,$-224,$0,$26,$54,$-3,$0,$1,$1,$0,$0,$-0,$-0,$0,$-1,$-0,$0,$0,$-9,$0,$-9,$0,$-9,$-0,$0,$-0,$5,$5,$0,$0,$5,$-5,$0,$0
47,2006-12-31,22.95,$2.05,11.21,$0.05,424.01,$-1.07,0.0,$-1.07,0.0,$0.01B,$0.00B,13.13,$0.03B,$0.02B,1.1,$0.00B,0,nan%,$0.00B,$-0.01B,inf%,$0.00B,$-0.01B,inf%,$0.00B,$-0.01B,inf%,$0.00B,$-0.01B,inf%,$0.00B,$-0.01B,inf%,$-0.01B,$0.02B,-68.29%,$-0.01B,$0.02B,-84.85%,$-0.01B,$0.05B,-28.14%,$-0.01B,$0.05B,-16.41%,$0,$0,$-0,$0,$2,$2,$-2,$-1,$-3,$0,$-3,$-3,$-3,$-2,$-2,$11,11,$-0.23,$-0.23,$10,$0,$0,$11,$35,$0,$4,$0,$39,$50,$1,$26,$0,$26,$27,$0,$-222,$0,$24,$50,$-14,$1,$7,$8,$-0,$0,$0,$0,$0,$-5,$-0,$0,$0,$0,$0,$0,$0,$0,$10,$0,$10,$1,$1,$0,$-0,$10,$5,$2,$0
