,Date,Stock Price,Book Value per Share,Price to Book Ratio,TTM Sales per Share,Price to Sales Ratio,TTM FCF per Share,Price to FCF Ratio,TTM Net EPS,PE Ratio,Current Assets,Current Liabilities,Current Ratio,Long Term Debt,Shareholder's Equity_x,Debt to Equity Ratio,TTM Revenue_x,TTM Gross Profit,Gross Margin,TTM Revenue_y,TTM Operating Income,Operating Margin,TTM Revenue_x,TTM EBIT,EBIT Margin,TTM Revenue_y,TTM EBITDA,EBITDA Margin,TTM Revenue_x,TTM Pre-Tax Income,Pre-Tax Margin,TTM Revenue_y,TTM Net Income_x,Net Margin,TTM Net Income_y,Shareholder's Equity_y,Return on Equity,TTM Net Income_x,Tangible Equity,Return on Tangible Equity,TTM Net Income_y,Total Assets,Return on Assets,TTM Net Income,LT Investments & Debt,Return on Investment,revenue,cost-goods-sold,gross-profit,research-development-expenses,selling-general-administrative-expenses,operating-expenses,operating-income,total-non-operating-income-expense,pre-tax-income,total-provision-income-taxes,income-after-taxes,income-from-continuous-operations,net-income,ebitda,ebit,basic-shares-outstanding,shares-outstanding,eps-basic-net-earnings-per-share,eps-earnings-per-share-diluted,cash-on-hand,inventory,other-current-assets,total-current-assets,net-property-plant-equipment,long-term-investments,goodwill-intangible-assets-total,other-long-term-assets,total-long-term-assets,total-assets,total-current-liabilities,long-term-debt,other-non-current-liabilities,total-long-term-liabilities,total-liabilities,common-stock-net,retained-earnings-accumulated-deficit,comprehensive-income,total-share-holder-equity,total-liabilities-share-holders-equity,net-income-loss,total-depreciation-amortization-cash-flow,other-non-cash-items,total-non-cash-items,change-in-accounts-receivable,change-in-inventories,change-in-accounts-payable,change-in-assets-liabilities,total-change-in-assets-liabilities,cash-flow-from-operating-activities,net-change-in-property-plant-equipment,net-change-in-intangible-assets,net-acquisitions-divestitures,net-change-in-short-term-investments,net-change-in-long-term-investments,net-change-in-investments-total,investing-activities-other,cash-flow-from-investing-activities,net-long-term-debt,net-current-debt,debt-issuance-retirement-net-total,net-common-equity-issued-repurchased,net-total-equity-issued-repurchased,total-common-preferred-stock-dividends-paid,financial-activities-other,cash-flow-from-financial-activities,net-cash-flow,stock-based-compensation,common-stock-dividends-paid
0,2018-09-30,31.92,$0.00,0.0,$59.05,0.54,$1.07,29.78,$4.33,7.37,$3.09B,$11.32B,0.27,$3.69B,$9.07B,0.41,$17.11B,$2.92B,17.05%,$17.11B,$1.83B,10.72%,$17.11B,$2.14B,12.50%,$17.11B,$2.14B,12.50%,$17.11B,$2.19B,12.81%,$17.11B,$1.58B,9.23%,$1.58B,$9.07B,18.17%,$1.58B,$7.45B,22.45%,$1.58B,$35.22B,4.68%,$1.83B,$12.77B,14.38%,$4918,$3915,$1003,$0,$353,$4485,$434,$28,$461,$104,$358,$358,$324,$446,$446,$294,294,$1.10,$1.10,$571,$336,$484,$3087,$25266,$668,$1621,$191,$32137,$35223,$11317,$3694,$11097,$14835,$26151,$2127,$3934,$-272,$9072,$35223,$0,$0,$0,$0,$0,$0,$0,$0,$6,$3098,$-2076,$0,$0,$0,$-4,$-4,$116,$-1964,$304,$0,$304,$0,$0,$-557,$-1015,$-1268,$-127,$0,$-557
1,2018-03-31,36.42,$0.00,0.0,$57.46,0.63,$-4.83,0.0,$6.13,5.94,$2.54B,$10.87B,0.23,$4.76B,$9.28B,0.51,$16.55B,$2.96B,17.85%,$16.55B,$1.95B,11.78%,$16.55B,$2.25B,13.59%,$16.55B,$2.25B,13.59%,$16.55B,$2.46B,14.88%,$16.55B,$1.78B,10.72%,$1.78B,$9.28B,21.05%,$1.78B,$7.54B,26.29%,$1.78B,$35.78B,5.44%,$1.95B,$14.04B,15.70%,$4208,$3706,$502,$0,$319,$3876,$333,$102,$435,$96,$339,$339,$312,$344,$344,$284,284,$1.10,$1.10,$453,$344,$666,$2541,$25907,$549,$1740,$158,$33240,$35781,$10868,$4762,$10854,$15637,$26505,$2276,$4209,$-409,$9276,$35781,$0,$0,$0,$0,$0,$0,$0,$0,$0,$1003,$-649,$0,$0,$0,$0,$0,$6,$-644,$-112,$0,$-112,$0,$0,$-183,$-351,$-646,$-298,$0,$-183
2,2017-09-30,24.19,$0.00,0.0,$56.45,0.43,$-5.94,0.0,$6.58,3.68,$2.82B,$11.06B,0.26,$3.84B,$8.71B,0.44,$15.94B,$3.22B,20.19%,$15.94B,$1.99B,12.49%,$15.94B,$2.29B,14.34%,$15.94B,$2.29B,14.34%,$15.94B,$2.55B,15.96%,$15.94B,$1.86B,11.67%,$1.86B,$8.71B,24.31%,$1.86B,$7.04B,31.16%,$1.86B,$33.53B,6.02%,$1.99B,$12.55B,18.10%,$4420,$3451,$969,$0,$349,$3698,$721,$51,$773,$193,$580,$580,$535,$735,$735,$285,285,$1.87,$1.87,$660,$360,$606,$2821,$23964,$504,$1662,$168,$30704,$33525,$11064,$3840,$9905,$13756,$24820,$2169,$4011,$-398,$8706,$33525,$0,$0,$0,$0,$0,$0,$0,$0,$291,$2178,$-2836,$0,$284,$0,$-3,$-3,$20,$-2534,$2598,$0,$2598,$0,$0,$-442,$-1405,$751,$395,$0,$-442
3,2017-03-31,27.97,$0.00,0.0,$55.89,0.5,$8.23,3.4,$4.17,6.71,$2.35B,$9.96B,0.24,$3.92B,$7.74B,0.51,$14.97B,$5.69B,38.04%,$14.97B,$4.71B,31.50%,$14.97B,$4.99B,33.37%,$14.97B,$6.74B,45.05%,$14.97B,$5.22B,34.85%,$14.97B,$1.20B,8.02%,$1.20B,$7.74B,16.95%,$1.20B,$6.12B,22.43%,$1.20B,$30.49B,3.94%,$4.71B,$11.66B,37.76%,$3563,$3119,$443,$0,$282,$3217,$346,$178,$523,$90,$433,$433,$409,$613,$613,$297,297,$1.38,$1.38,$336,$332,$381,$2354,$25681,$457,$1613,$151,$28136,$30489,$9962,$3924,$8853,$12790,$22752,$2101,$3886,$-392,$7737,$30489,$0,$0,$0,$0,$0,$0,$0,$0,$83,$375,$-773,$0,$0,$0,$355,$355,$7,$-412,$641,$0,$641,$0,$0,$-145,$-388,$108,$76,$0,$-145
4,2016-09-30,22.29,$0.00,0.0,$64.47,0.35,$7.38,3.02,$3.89,5.73,$2.67B,$10.49B,0.25,$3.38B,$8.02B,0.42,$15.81B,$6.39B,40.41%,$15.81B,$5.17B,32.68%,$15.81B,$5.18B,32.76%,$15.81B,$6.12B,38.69%,$15.81B,$5.06B,32.00%,$15.81B,$1.03B,6.50%,$1.03B,$8.02B,15.42%,$1.03B,$6.31B,21.05%,$1.03B,$30.73B,3.40%,$5.17B,$11.40B,41.88%,$4361,$3320,$1041,$0,$320,$3813,$549,$183,$732,$172,$560,$560,$519,$557,$557,$288,288,$1.80,$1.80,$206,$341,$593,$2666,$25381,$453,$1711,$164,$28067,$30733,$10487,$3384,$8840,$12228,$22716,$2170,$4015,$-377,$8017,$30733,$0,$0,$0,$0,$0,$0,$0,$0,$0,$2883,$-3585,$0,$0,$0,$0,$0,$28,$-3557,$-130,$0,$-130,$0,$0,$-376,$1,$-505,$-1163,$0,$-376
5,2016-03-31,25.65,$0.00,0.0,$63.58,0.4,$8.11,3.16,$3.39,7.57,$2.20B,$12.59B,0.18,$2.26B,$6.16B,0.37,$15.06B,$8.96B,59.49%,$15.06B,$8.23B,54.64%,$15.06B,$8.23B,54.67%,$15.06B,$9.98B,66.28%,$15.06B,$7.94B,52.71%,$15.06B,$0.84B,5.56%,$0.84B,$6.16B,13.67%,$0.84B,$4.42B,19.49%,$0.84B,$29.00B,2.80%,$8.23B,$8.42B,59.51%,$3599,$2833,$766,$0,$293,$3223,$376,$141,$517,$84,$433,$433,$398,$381,$381,$260,260,$1.53,$1.53,$199,$318,$590,$2202,$23973,$440,$1744,$294,$26799,$29002,$12585,$2259,$7993,$10253,$22839,$2009,$3017,$-419,$6163,$29002,$0,$0,$0,$0,$0,$0,$0,$0,$0,$892,$-856,$0,$0,$0,$0,$0,$2,$-855,$-698,$0,$-698,$0,$0,$-123,$-414,$-1235,$-1195,$0,$-123
6,2015-12-31,27.08,$0.00,0.0,$64.15,0.42,$6.46,4.19,$2.87,9.43,$3.71B,$11.97B,0.31,$12.03B,$6.43B,1.87,$15.11B,$8.84B,58.53%,$15.11B,$8.17B,54.10%,$15.11B,$8.17B,54.10%,$15.11B,$9.92B,65.67%,$15.11B,$7.76B,51.37%,$15.11B,$0.69B,4.59%,$0.69B,$6.43B,11.86%,$0.69B,$4.57B,17.38%,$0.69B,$31.86B,2.35%,$8.17B,$18.46B,56.75%,$3443,$0,$3443,$0,$0,$0,$3443,$0,$3443,$0,$3443,$-125,$-125,$5191,$3443,$231,231,$-0.54,$-0.54,$1467,$331,$96,$3713,$30058,$3871,$1854,$941,$36763,$31859,$11970,$12034,$1429,$13464,$25434,$2114,$3905,$0,$6425,$31859,$912,$1747,$0,$1747,$0,$0,$0,$0,$113,$3914,$-1177,$0,$-3978,$0,$0,$-60,$742,$-4473,$0,$587,$1236,$0,$459,$0,$-499,$1783,$1243,$0,$0
7,2015-09-30,28.79,$0.00,0.0,$63.12,0.46,$-13.00,0.0,$4.29,6.71,$2.78B,$9.83B,0.28,$5.00B,$6.05B,0.83,$15.16B,$8.90B,58.68%,$15.16B,$8.23B,54.26%,$15.16B,$8.23B,54.26%,$15.16B,$8.23B,54.26%,$15.16B,$7.81B,51.54%,$15.16B,$1.04B,6.85%,$1.04B,$6.05B,18.76%,$1.04B,$4.24B,28.28%,$1.04B,$29.36B,3.67%,$8.23B,$11.06B,66.77%,$4404,$3266,$1138,$0,$339,$3605,$798,$-449,$367,$52,$315,$236,$236,$-13,$798,$214,214,$1.10,$1.10,$157,$362,$1622,$2778,$0,$395,$1819,$156,$2670,$29362,$9833,$5003,$8472,$13475,$23308,$2101,$927,$0,$6054,$29362,$0,$0,$0,$0,$0,$0,$0,$0,$0,$2779,$-3248,$0,$0,$0,$0,$-49,$86,$-3210,$0,$0,$701,$0,$0,$-295,$-48,$359,$-71,$0,$0
8,2015-06-30,39.93,$0.00,0.0,$59.29,0.67,$6.19,6.45,$4.50,8.87,$2.79B,$10.59B,0.26,$11.51B,$5.85B,1.97,$15.00B,$8.43B,56.16%,$15.00B,$7.71B,51.39%,$15.00B,$7.71B,51.39%,$15.00B,$8.52B,56.79%,$15.00B,$7.81B,52.06%,$15.00B,$1.14B,7.57%,$1.14B,$5.85B,21.92%,$1.14B,$3.96B,34.37%,$1.14B,$29.29B,4.15%,$7.71B,$17.35B,63.78%,$3609,$0,$3609,$0,$0,$0,$3609,$0,$3609,$0,$3609,$328,$328,$4420,$3609,$254,254,$1.30,$1.30,$143,$372,$1602,$2793,$0,$409,$1888,$4240,$6565,$29293,$10588,$11509,$1351,$12860,$23448,$2081,$0,$0,$5845,$29293,$770,$811,$0,$811,$0,$0,$0,$0,$0,$1682,$-2112,$0,$-68,$0,$0,$0,$308,$-1872,$0,$-2922,$-657,$0,$0,$-6,$3699,$114,$-86,$0,$0
9,2015-03-31,30.74,$0.00,0.0,$58.67,0.52,$7.89,3.9,$3.34,9.2,$3.09B,$9.78B,0.32,$5.64B,$5.09B,1.11,$14.85B,$8.27B,55.71%,$14.85B,$7.56B,50.89%,$14.85B,$7.56B,50.89%,$14.85B,$7.56B,50.89%,$14.85B,$7.66B,51.57%,$14.85B,$0.84B,5.67%,$0.84B,$5.09B,17.28%,$0.84B,$3.21B,28.03%,$0.84B,$27.63B,3.21%,$7.56B,$10.73B,66.87%,$3650,$2999,$652,$0,$329,$3328,$322,$19,$341,$53,$287,$255,$255,$322,$322,$253,253,$1.01,$1.01,$263,$369,$1363,$3085,$0,$411,$1878,$82,$2691,$27634,$9783,$5643,$7119,$12766,$22549,$2066,$331,$0,$5085,$27634,$0,$0,$0,$0,$0,$0,$0,$0,$0,$417,$-800,$0,$0,$0,$0,$0,$-49,$-849,$0,$813,$0,$0,$0,$-100,$-244,$469,$35,$0,$0
10,2014-12-31,23.32,$0.00,0.0,$58.03,0.4,$10.40,2.24,$2.20,10.6,$2.97B,$9.95B,0.3,$4.97B,$5.17B,0.96,$14.68B,$7.84B,53.40%,$14.68B,$7.12B,48.48%,$14.68B,$7.12B,48.48%,$14.68B,$7.12B,48.48%,$14.68B,$7.29B,49.63%,$14.68B,$0.55B,3.77%,$0.55B,$5.17B,11.88%,$0.55B,$3.30B,19.88%,$0.55B,$27.00B,2.20%,$7.12B,$10.14B,64.71%,$3497,$0,$3497,$0,$0,$0,$3497,$0,$3497,$0,$3497,$220,$220,$3497,$3497,$252,252,$0.88,$0.88,$228,$368,$1746,$2970,$0,$334,$1872,$3976,$6210,$26997,$9952,$4968,$6901,$11873,$21825,$2063,$0,$0,$5172,$26997,$2078,$0,$0,$0,$0,$0,$0,$0,$0,$2002,$-3913,$0,$0,$0,$0,$0,$0,$-3913,$0,$5513,$-4527,$0,$0,$0,$824,$1809,$-104,$0,$0
11,2014-09-30,15.45,$0.00,0.0,$58.78,0.26,$24.61,0.63,$0.45,34.34,$2.14B,$8.63B,0.25,$5.52B,$4.61B,1.2,$14.60B,$7.76B,53.13%,$14.60B,$7.03B,48.19%,$14.60B,$7.03B,48.19%,$14.60B,$8.35B,57.23%,$14.60B,$7.20B,49.34%,$14.60B,$0.13B,0.90%,$0.13B,$4.61B,2.92%,$0.13B,$2.75B,4.98%,$0.13B,$25.35B,0.55%,$7.03B,$10.13B,60.98%,$4246,$3578,$667,$0,$387,$3965,$281,$82,$363,$23,$340,$332,$332,$281,$281,$253,253,$1.31,$1.31,$347,$376,$952,$2143,$0,$366,$1863,$138,$2628,$25351,$8633,$5517,$6579,$12107,$20740,$2058,$-143,$0,$4611,$25351,$11724,$0,$0,$0,$0,$0,$0,$0,$0,$1443,$2866,$0,$0,$0,$0,$492,$-5756,$-2398,$0,$3030,$0,$0,$0,$0,$-2074,$957,$5,$0,$0
12,2014-06-30,14.7,$0.00,0.0,$58.44,0.25,$6.09,2.41,$0.97,15.16,$2.45B,$8.80B,0.28,$9.58B,$4.63B,2.07,$14.51B,$7.86B,54.18%,$14.51B,$7.15B,49.25%,$14.51B,$7.15B,49.25%,$14.51B,$8.47B,58.34%,$14.51B,$7.33B,50.53%,$14.51B,$0.26B,1.82%,$0.26B,$4.63B,5.63%,$0.26B,$2.76B,9.27%,$0.26B,$24.82B,1.14%,$7.15B,$14.20B,61.36%,$3456,$0,$3456,$0,$0,$0,$3456,$0,$3456,$0,$3456,$35,$35,$3456,$3456,$254,254,$0.14,$0.14,$513,$370,$843,$2451,$0,$354,$1865,$4286,$6569,$24823,$8801,$9575,$1810,$11396,$20197,$2057,$-419,$0,$4626,$24823,$0,$0,$0,$0,$0,$0,$0,$0,$0,$0,$0,$0,$0,$0,$0,$0,$0,$0,$0,$0,$0,$0,$0,$0,$0,$0,$0,$0,$0
13,2014-03-31,15.97,$0.00,0.0,$59.38,0.27,$6.09,2.62,$1.33,12.01,$2.12B,$8.45B,0.25,$5.28B,$4.25B,1.24,$14.44B,$7.79B,53.94%,$14.44B,$7.07B,48.98%,$14.44B,$7.07B,48.98%,$14.44B,$8.39B,58.12%,$14.44B,$7.26B,50.27%,$14.44B,$0.35B,2.43%,$0.35B,$4.25B,7.66%,$0.35B,$2.34B,12.78%,$0.35B,$23.47B,1.57%,$7.07B,$9.53B,63.34%,$3482,$3263,$220,$0,$336,$3598,$-116,$4,$-30,$10,$-40,$-33,$-33,$-116,$-116,$253,253,$-0.13,$-0.13,$420,$373,$402,$2115,$0,$315,$1910,$168,$2680,$23466,$8449,$5278,$5483,$10766,$19215,$2072,$-514,$0,$4250,$23466,$0,$0,$0,$0,$0,$0,$0,$0,$0,$251,$0,$0,$0,$0,$0,$0,$-697,$-697,$0,$1909,$-1170,$0,$0,$-96,$-157,$485,$35,$0,$0
14,2013-12-31,18.51,$0.00,0.0,$60.22,0.31,$3.05,6.06,$1.37,13.51,$2.04B,$8.57B,0.24,$7.67B,$4.62B,1.66,$14.24B,$7.80B,54.76%,$14.24B,$7.09B,49.78%,$14.24B,$7.09B,49.78%,$14.24B,$8.41B,59.05%,$14.24B,$7.26B,51.00%,$14.24B,$0.36B,2.55%,$0.36B,$4.62B,8.04%,$0.36B,$2.76B,13.25%,$0.36B,$22.62B,1.68%,$7.09B,$12.28B,65.13%,$3413,$0,$3413,$0,$0,$0,$3413,$0,$3413,$0,$3413,$-202,$-202,$4733,$3413,$233,233,$-0.87,$-0.87,$384,$372,$711,$2037,$0,$319,$1856,$3362,$5600,$22621,$8573,$7666,$1761,$9432,$18005,$2047,$2298,$0,$4616,$22621,$358,$1320,$0,$1320,$0,$0,$0,$0,$-59,$1745,$-205,$0,$-40,$0,$0,$-2788,$282,$-2750,$0,$-30,$993,$0,$577,$0,$-614,$925,$-83,$0,$0
15,2013-09-30,15.8,$0.00,0.0,$59.90,0.26,$10.36,1.53,$1.75,9.03,$2.34B,$7.52B,0.31,$5.31B,$5.26B,1.01,$13.96B,$7.52B,53.84%,$13.96B,$6.81B,48.76%,$13.96B,$6.81B,48.76%,$13.96B,$6.81B,48.76%,$13.96B,$6.98B,50.00%,$13.96B,$0.46B,3.28%,$0.46B,$5.26B,10.57%,$0.46B,$3.54B,17.83%,$0.46B,$21.64B,2.20%,$6.81B,$10.57B,64.27%,$4160,$3387,$773,$0,$380,$3767,$393,$101,$494,$20,$474,$464,$464,$393,$393,$253,253,$1.83,$1.83,$843,$363,$641,$2337,$0,$292,$1727,$121,$2365,$21639,$7517,$5311,$3544,$8860,$16376,$2057,$95,$0,$5263,$21639,$0,$0,$0,$0,$0,$0,$0,$0,$0,$1919,$-2302,$0,$0,$0,$0,$42,$-165,$-2424,$0,$3419,$1134,$0,$0,$200,$-3864,$888,$382,$0,$0
16,2013-06-30,14.81,$0.00,0.0,$61.33,0.24,$14.37,1.03,$1.79,8.27,$2.56B,$7.97B,0.32,$8.07B,$4.19B,1.93,$13.83B,$7.66B,55.43%,$13.83B,$6.95B,50.25%,$13.83B,$6.95B,50.25%,$13.83B,$6.95B,50.25%,$13.83B,$6.94B,50.18%,$13.83B,$0.42B,3.01%,$0.42B,$4.19B,10.29%,$0.42B,$2.35B,18.13%,$0.42B,$21.56B,2.06%,$6.95B,$12.27B,70.47%,$3380,$0,$3380,$0,$0,$0,$3380,$0,$3380,$0,$3380,$122,$122,$3380,$3380,$232,232,$0.52,$0.50,$976,$351,$591,$2561,$0,$285,$1847,$2905,$5059,$21562,$7972,$8073,$1319,$9397,$17368,$2043,$-701,$0,$4194,$21562,$0,$0,$0,$0,$0,$0,$0,$0,$0,$0,$0,$0,$0,$0,$0,$0,$0,$0,$0,$0,$0,$0,$0,$0,$0,$0,$0,$0,$0
17,2013-03-31,20.86,$0.00,0.0,$60.98,0.34,$14.37,1.45,$1.66,12.57,$2.80B,$8.33B,0.34,$4.44B,$3.98B,1.12,$13.76B,$7.60B,55.20%,$13.76B,$6.88B,50.00%,$13.76B,$6.88B,50.00%,$13.76B,$6.88B,50.00%,$13.76B,$6.87B,49.93%,$13.76B,$0.38B,2.76%,$0.38B,$3.98B,9.74%,$0.38B,$2.31B,17.59%,$0.38B,$20.49B,1.94%,$6.88B,$8.43B,80.09%,$3291,$3057,$234,$0,$329,$3387,$-95,$73,$-23,$4,$-27,$-21,$-21,$-95,$-95,$226,226,$-0.09,$-0.09,$1434,$346,$537,$2801,$0,$278,$1668,$139,$2263,$20489,$8326,$4443,$3733,$8180,$16506,$1796,$0,$0,$3983,$20489,$0,$0,$0,$0,$0,$0,$0,$0,$0,$286,$-749,$0,$0,$0,$0,$0,$158,$-591,$0,$0,$693,$0,$0,$-71,$588,$1209,$903,$0,$0
18,2012-12-31,19.34,$0.00,0.0,$59.99,0.32,$16.96,1.14,$1.94,9.97,$2.01B,$7.72B,0.26,$7.21B,$3.90B,1.85,$13.54B,$7.70B,56.83%,$13.54B,$7.00B,51.71%,$13.54B,$7.00B,51.71%,$13.54B,$7.00B,51.71%,$13.54B,$6.93B,51.15%,$13.54B,$0.44B,3.27%,$0.44B,$3.90B,11.68%,$0.44B,$2.08B,21.54%,$0.44B,$19.65B,2.33%,$7.00B,$11.10B,83.83%,$3130,$0,$3130,$0,$0,$0,$3130,$0,$3130,$0,$3130,$-107,$-107,$3130,$3130,$218,218,$-0.49,$-0.49,$675,$331,$535,$2011,$0,$236,$1817,$2481,$4543,$19650,$7716,$7207,$777,$8037,$15753,$1790,$0,$0,$3897,$19650,$0,$0,$0,$0,$0,$0,$0,$0,$0,$2002,$1038,$0,$-13,$0,$0,$-1011,$-1884,$-1871,$0,$-362,$1037,$0,$0,$-28,$-992,$-345,$-214,$0,$0
19,2012-09-30,14.62,$0.00,0.0,$59.33,0.25,$8.51,1.72,$1.63,8.97,$2.57B,$7.80B,0.33,$3.54B,$4.10B,0.86,$13.62B,$7.77B,57.08%,$13.62B,$7.08B,51.99%,$13.62B,$7.08B,51.99%,$13.62B,$8.16B,59.91%,$13.62B,$7.01B,51.44%,$13.62B,$0.36B,2.66%,$0.36B,$4.10B,9.88%,$0.36B,$2.44B,18.64%,$0.36B,$19.08B,1.95%,$7.08B,$7.64B,96.53%,$4026,$3106,$920,$0,$386,$3492,$533,$-31,$452,$18,$434,$422,$422,$533,$533,$226,226,$1.87,$1.87,$1340,$304,$562,$2572,$0,$249,$1663,$114,$2220,$19076,$7797,$3541,$3633,$7179,$14976,$1787,$-450,$0,$4100,$19076,$0,$0,$0,$0,$0,$0,$0,$0,$0,$1844,$-1278,$0,$0,$0,$0,$-131,$293,$-1116,$0,$0,$358,$0,$0,$234,$-1060,$-468,$261,$0,$0
20,2012-06-30,15.4,$0.00,0.0,$58.42,0.26,$6.01,2.56,$2.05,7.51,$2.54B,$7.75B,0.33,$3.57B,$3.62B,0.99,$13.41B,$7.72B,57.56%,$13.41B,$7.00B,52.17%,$13.41B,$7.00B,52.17%,$13.41B,$8.08B,60.21%,$13.41B,$7.09B,52.89%,$13.41B,$0.46B,3.41%,$0.46B,$3.62B,12.90%,$0.46B,$1.81B,24.90%,$0.46B,$19.17B,2.51%,$7.00B,$7.18B,96.58%,$3311,$0,$3311,$0,$0,$0,$3311,$0,$3311,$0,$3311,$86,$86,$3311,$3311,$233,233,$0.37,$0.37,$850,$281,$952,$2535,$0,$245,$1806,$2170,$4228,$19171,$7748,$3566,$4234,$7805,$15553,$1787,$-1200,$0,$3618,$19171,$0,$0,$0,$0,$0,$0,$0,$0,$0,$0,$0,$0,$0,$0,$0,$0,$0,$0,$0,$0,$0,$0,$0,$0,$0,$0,$0,$0,$0
21,2012-03-31,15.88,$0.00,0.0,$44.20,0.36,$6.01,2.64,$1.68,9.45,$2.39B,$7.03B,0.34,$3.93B,$3.55B,1.11,$10.10B,$4.41B,43.65%,$10.10B,$3.69B,36.49%,$10.10B,$3.69B,36.49%,$10.10B,$4.76B,47.16%,$10.10B,$3.78B,37.44%,$10.10B,$0.37B,3.67%,$0.37B,$3.55B,10.92%,$0.37B,$1.90B,21.76%,$0.37B,$18.20B,2.11%,$3.69B,$7.48B,52.80%,$3073,$2739,$334,$0,$305,$3044,$28,$9,$33,$5,$29,$42,$42,$28,$28,$226,226,$0.19,$0.19,$1220,$256,$537,$2393,$0,$247,$1653,$98,$2185,$18195,$7028,$3928,$3683,$7615,$14644,$1791,$-984,$0,$3552,$18195,$0,$0,$0,$0,$0,$0,$0,$0,$0,$553,$-432,$0,$0,$0,$0,$1,$-94,$-525,$0,$0,$267,$0,$0,$-80,$-172,$15,$42,$0,$0
22,2011-12-31,17.09,$0.00,0.0,$55.16,0.31,$5.97,2.86,$2.86,5.98,$2.13B,$6.73B,0.32,$3.66B,$3.38B,1.08,$9.79B,$4.52B,46.11%,$9.79B,$3.78B,38.60%,$9.79B,$3.78B,38.60%,$9.79B,$4.86B,49.61%,$9.79B,$3.91B,39.95%,$9.79B,$0.48B,4.93%,$0.48B,$3.38B,15.18%,$0.48B,$1.62B,31.99%,$0.48B,$17.79B,2.85%,$3.78B,$7.04B,57.41%,$3209,$0,$3209,$0,$0,$0,$3209,$0,$3209,$0,$3209,$-188,$-188,$4287,$3209,$235,235,$-0.80,$-0.80,$598,$241,$945,$2125,$0,$195,$1760,$2265,$4227,$17785,$6725,$3659,$4017,$7680,$14405,$1748,$-1299,$0,$3380,$17785,$750,$1078,$0,$1078,$0,$0,$0,$0,$5,$2112,$-827,$0,$-9,$0,$0,$-305,$-1175,$-2316,$0,$176,$455,$0,$0,$0,$-300,$331,$121,$0,$0
23,2011-09-30,14.86,$0.00,0.0,$46.88,0.32,$1.74,8.52,$3.52,4.22,$2.57B,$7.03B,0.37,$3.66B,$3.62B,1.01,$9.30B,$4.02B,43.23%,$9.30B,$3.28B,35.32%,$9.30B,$3.28B,35.32%,$9.30B,$4.28B,46.02%,$9.30B,$3.42B,36.74%,$9.30B,$0.60B,6.46%,$0.60B,$3.62B,20.34%,$0.60B,$2.01B,46.22%,$0.60B,$17.56B,3.68%,$3.28B,$7.28B,52.11%,$3819,$2953,$866,$0,$417,$3370,$449,$91,$540,$10,$530,$517,$517,$449,$449,$225,225,$2.29,$2.29,$1284,$230,$641,$2569,$0,$389,$1612,$115,$2303,$17562,$7034,$3656,$3246,$6907,$13940,$1761,$-874,$0,$3621,$17562,$0,$0,$0,$0,$0,$0,$0,$0,$0,$0,$0,$0,$0,$0,$0,$0,$0,$0,$0,$0,$0,$0,$0,$0,$0,$0,$0,$0,$0
24,2011-06-30,21.53,$0.00,0.0,$44.26,0.49,$1.84,11.71,$3.30,6.53,$2.11B,$6.88B,0.31,$3.09B,$3.04B,1.02,$8.71B,$3.98B,45.66%,$8.71B,$3.28B,37.63%,$8.71B,$3.28B,37.63%,$8.71B,$4.27B,49.06%,$8.71B,$3.37B,38.70%,$8.71B,$0.55B,6.32%,$0.55B,$3.04B,21.11%,$0.55B,$1.29B,56.41%,$0.55B,$16.78B,3.50%,$3.28B,$6.13B,55.27%,$0,$0,$0,$0,$0,$0,$0,$0,$0,$0,$0,$0,$0,$0,$0,$0,0,$0.00,$0.00,$660,$220,$843,$2114,$0,$193,$1747,$1947,$3896,$16779,$6880,$3089,$3765,$6859,$13739,$1737,$962,$0,$3040,$16779,$0,$0,$0,$0,$0,$0,$0,$0,$0,$0,$0,$0,$0,$0,$0,$0,$0,$0,$0,$0,$0,$0,$0,$0,$0,$0,$0,$0,$0
25,2011-03-31,18.31,$0.00,0.0,$55.78,0.33,$1.84,9.96,$3.95,4.64,$1.83B,$6.50B,0.28,$3.20B,$2.69B,1.19,$11.28B,$6.55B,58.07%,$11.28B,$5.85B,51.87%,$11.28B,$5.85B,51.87%,$11.28B,$6.85B,60.69%,$11.28B,$5.95B,52.70%,$11.28B,$0.70B,6.16%,$0.70B,$2.69B,31.01%,$0.70B,$1.12B,97.27%,$0.70B,$15.67B,4.55%,$5.85B,$5.89B,94.13%,$2764,$2323,$440,$0,$318,$2642,$122,$41,$163,$3,$160,$154,$154,$122,$122,$113,113,$1.37,$1.37,$855,$204,$512,$1832,$0,$225,$1571,$95,$2070,$15667,$6496,$3202,$3273,$6482,$12978,$1716,$-1574,$0,$2689,$15667,$0,$0,$0,$0,$0,$0,$0,$0,$0,$537,$-480,$0,$0,$0,$0,$2,$-3,$-481,$0,$0,$197,$0,$0,$-60,$-23,$114,$170,$0,$0
26,2010-12-31,24.46,$0.00,0.0,$41.11,0.6,$1.41,17.36,$3.08,7.94,$1.79B,$5.81B,0.31,$3.45B,$2.45B,1.41,$10.82B,$6.51B,60.17%,$10.82B,$5.84B,54.04%,$10.82B,$5.84B,54.04%,$10.82B,$6.84B,63.24%,$10.82B,$5.90B,54.56%,$10.82B,$0.66B,6.07%,$0.66B,$2.45B,39.83%,$0.66B,$0.77B,147.89%,$0.66B,$15.28B,4.46%,$5.84B,$5.90B,107.26%,$2712,$0,$2712,$0,$0,$0,$2712,$0,$2712,$0,$2712,$-71,$-71,$3707,$2712,$504,504,$-0.14,$-0.14,$455,$190,$826,$1787,$0,$180,$1676,$1451,$3318,$15283,$5807,$3454,$3565,$7026,$12834,$1668,$0,$0,$2450,$15283,$801,$995,$0,$995,$0,$0,$0,$0,$-421,$1574,$-950,$0,$-1,$0,$0,$0,$-326,$-1277,$0,$-169,$744,$0,$0,$0,$-672,$-96,$199,$0,$0
27,2010-09-30,29.4,$0.00,0.0,$48.03,0.61,$-2.55,0.0,$1.92,15.31,$2.08B,$6.12B,0.34,$3.54B,$2.25B,1.58,$9.58B,$5.27B,55.03%,$9.58B,$4.61B,48.11%,$9.58B,$4.61B,48.11%,$9.58B,$4.61B,48.11%,$9.58B,$4.67B,48.70%,$9.58B,$0.57B,5.97%,$0.57B,$2.25B,52.07%,$0.57B,$0.72B,194.72%,$0.57B,$15.21B,4.22%,$4.61B,$5.79B,102.17%,$3229,$2406,$823,$0,$380,$2786,$442,$52,$494,$3,$491,$467,$467,$442,$442,$226,226,$2.07,$2.07,$815,$193,$594,$2077,$0,$213,$1528,$97,$1994,$15213,$6116,$3541,$3004,$6852,$12968,$1668,$-1721,$0,$2245,$15213,$0,$0,$0,$0,$0,$0,$0,$0,$0,$1467,$-1446,$0,$0,$0,$0,$0,$195,$-1251,$0,$0,$605,$0,$0,$-193,$-220,$191,$405,$0,$0
28,2010-06-30,20.64,$0.00,0.0,$44.51,0.46,$-1.58,0.0,$-0.13,0.0,$2.06B,$6.72B,0.31,$5.71B,$1.58B,3.61,$8.02B,$4.65B,57.99%,$8.02B,$4.17B,51.97%,$8.02B,$4.17B,51.97%,$8.02B,$4.17B,51.97%,$8.02B,$4.18B,52.16%,$8.02B,$0.11B,1.35%,$0.11B,$1.58B,26.12%,$0.11B,$0.25B,-174.90%,$0.11B,$14.98B,0.87%,$4.17B,$7.29B,121.98%,$2576,$0,$2576,$0,$0,$0,$2576,$0,$2576,$0,$2576,$145,$145,$2576,$2576,$224,224,$0.65,$0.65,$655,$189,$812,$2062,$0,$207,$1332,$1377,$2930,$14975,$6721,$5707,$956,$6671,$13392,$1654,$-1582,$0,$1582,$14975,$0,$0,$0,$0,$0,$0,$0,$0,$0,$0,$0,$0,$0,$0,$0,$0,$0,$0,$0,$0,$0,$0,$0,$0,$0,$0,$0,$0,$0
29,2010-03-31,24.68,$0.00,0.0,$32.99,0.75,$-1.58,0.0,$-0.78,0.0,$2.06B,$7.42B,0.28,$2.49B,$0.32B,7.78,$5.44B,$2.07B,38.11%,$5.44B,$1.59B,29.24%,$5.44B,$1.59B,29.24%,$5.44B,$1.59B,29.24%,$5.44B,$1.61B,29.51%,$5.44B,$-0.04B,-0.68%,$-0.04B,$0.32B,21.99%,$-0.04B,$0.04B,11.75%,$-0.04B,$13.46B,-0.33%,$1.59B,$2.81B,89.91%,$2298,$1902,$396,$0,$282,$2183,$114,$19,$119,$4,$115,$116,$116,$114,$114,$232,232,$0.50,$0.50,$944,$189,$572,$2063,$0,$207,$284,$101,$747,$13460,$7421,$2493,$3044,$5718,$13139,$1654,$-2380,$0,$321,$13460,$0,$0,$0,$0,$0,$0,$0,$0,$0,$482,$-464,$0,$0,$0,$0,$0,$2,$-463,$0,$0,$568,$0,$0,$-60,$-282,$226,$245,$0,$0
30,2009-12-31,16.9,$0.00,0.0,$62.34,0.27,$-1.65,0.0,$-1.23,0.0,$1.01B,$5.21B,0.19,$1.91B,$0.25B,7.7,$4.46B,$1.76B,39.36%,$4.46B,$1.39B,31.15%,$4.46B,$1.39B,31.15%,$4.46B,$1.39B,31.15%,$4.46B,$1.49B,33.44%,$4.46B,$-0.15B,-3.39%,$-0.15B,$0.25B,22.44%,$-0.15B,$0.17B,18.79%,$-0.15B,$10.53B,-1.43%,$1.39B,$2.15B,145.56%,$1476,$0,$1476,$0,$0,$0,$1476,$0,$1476,$0,$1476,$-156,$-156,$1476,$1476,$120,120,$-1.30,$-1.30,$254,$137,$414,$1006,$0,$161,$10,$1031,$1215,$10533,$5206,$1907,$3168,$5147,$10352,$1407,$-2626,$0,$246,$10533,$0,$0,$0,$0,$0,$0,$0,$0,$514,$503,$-829,$0,$0,$0,$0,$0,$-232,$-1061,$0,$-1612,$191,$0,$2061,$0,$-333,$306,$-252,$0,$0
31,2009-09-30,16.62,$0.00,0.0,$50.04,0.33,$1.07,15.6,$0.07,237.39,$1.10B,$5.97B,0.18,$1.90B,$-0.50B,-3.85,$2.98B,$0.28B,9.35%,$2.98B,$-0.09B,-2.92%,$2.98B,$-0.09B,-2.92%,$2.98B,$-0.09B,-2.92%,$2.98B,$0.02B,0.50%,$2.98B,$0.01B,0.17%,$0.01B,$-0.50B,-0.41%,$0.01B,$-0.71B,-0.38%,$0.01B,$10.44B,0.05%,$-0.09B,$1.41B,-34.25%,$1668,$1466,$202,$0,$200,$1666,$1,$5,$11,$2,$8,$3,$3,$1,$1,$154,154,$0.02,$0.02,$351,$140,$387,$1097,$0,$205,$210,$63,$556,$10436,$5968,$1904,$2972,$4963,$10931,$1135,$-2395,$0,$-495,$10436,$0,$0,$0,$0,$0,$0,$0,$0,$0,$747,$-583,$0,$0,$0,$0,$0,$-210,$-793,$0,$0,$-855,$0,$0,$-262,$877,$-240,$-285,$0,$0
32,2009-06-30,10.82,$0.00,0.0,$150.36,0.07,$-30.80,0.0,$-23.95,0.0,$1.56B,$6.58B,0.24,$1.45B,$-0.75B,-1.94,$2.89B,$0.03B,1.14%,$2.89B,$-0.34B,-11.72%,$2.89B,$-0.34B,-11.72%,$2.89B,$-0.34B,-11.72%,$2.89B,$-0.34B,-11.75%,$2.89B,$-0.34B,-11.72%,$-0.34B,$-0.75B,32.58%,$-0.34B,$-0.76B,28.91%,$-0.34B,$10.71B,-3.16%,$-0.34B,$0.70B,-111.79%,$0,$0,$0,$0,$0,$0,$0,$0,$0,$0,$0,$0,$0,$0,$0,$0,0,$0.00,$0.00,$558,$135,$679,$1558,$0,$158,$17,$1115,$1306,$10707,$6578,$1448,$3347,$4874,$11453,$1138,$-1883,$0,$-745,$10707,$0,$0,$0,$0,$0,$0,$0,$0,$0,$0,$0,$0,$0,$0,$0,$0,$0,$0,$0,$0,$0,$0,$0,$0,$0,$0,$0,$0,$0
33,2009-03-31,7.4,$0.00,0.0,$150.36,0.05,$-30.80,0.0,$-23.95,0.0,$1.48B,$8.12B,0.18,$1.25B,$-1.70B,-0.74,$2.89B,$0.03B,1.14%,$2.89B,$-0.34B,-11.72%,$2.89B,$-0.34B,-11.72%,$2.89B,$-0.34B,-11.72%,$2.89B,$-0.34B,-11.75%,$2.89B,$-0.34B,-11.72%,$-0.34B,$-1.70B,44.93%,$-0.34B,$-1.92B,36.64%,$-0.34B,$10.68B,-3.16%,$-0.34B,$-0.45B,-30.34%,$1315,$1238,$77,$0,$165,$1403,$-88,$91,$4,$2,$2,$2,$2,$-88,$-88,$34,34,$0.05,$0.05,$702,$133,$155,$1476,$0,$222,$220,$75,$580,$10681,$8115,$1251,$2869,$4263,$12378,$715,$-2413,$0,$-1698,$10681,$0,$0,$0,$0,$0,$0,$0,$0,$0,$0,$0,$0,$0,$0,$0,$0,$0,$0,$0,$0,$0,$0,$0,$0,$0,$0,$0,$0,$0
34,2008-12-31,7.36,$0.00,0.0,$111.13,0.07,$-30.80,0.0,$-24.00,0.0,$1.50B,$7.76B,0.19,$1.24B,$-1.89B,-0.66,$1.58B,$-0.04B,-2.79%,$1.58B,$-0.25B,-15.91%,$1.58B,$-0.25B,-15.91%,$1.58B,$-0.25B,-15.91%,$1.58B,$-0.34B,-21.80%,$1.58B,$-0.34B,-21.61%,$-0.34B,$-1.89B,148.26%,$-0.34B,$-1.91B,88.11%,$-0.34B,$10.52B,-3.31%,$-0.25B,$-0.65B,-11.60%,$0,$0,$0,$0,$0,$0,$0,$0,$0,$0,$0,$0,$0,$0,$0,$0,0,$0.00,$0.00,$497,$125,$710,$1498,$0,$193,$24,$1207,$1436,$10519,$7756,$1237,$3339,$4650,$12405,$701,$-2587,$0,$-1886,$10519,$0,$0,$0,$0,$0,$0,$0,$0,$0,$411,$82,$0,$0,$0,$0,$0,$-215,$-133,$0,$780,$119,$0,$0,$0,$-912,$-13,$259,$0,$0
35,2008-09-30,8.19,$0.00,0.0,$111.13,0.07,$-30.80,0.0,$-24.00,0.0,$1.58B,$6.50B,0.24,$1.44B,$0.17B,8.64,$1.58B,$-0.04B,-2.79%,$1.58B,$-0.25B,-15.91%,$1.58B,$-0.25B,-15.91%,$1.58B,$-0.25B,-15.91%,$1.58B,$-0.34B,-21.80%,$1.58B,$-0.34B,-21.61%,$-0.34B,$0.17B,-105.41%,$-0.34B,$-0.10B,-261.30%,$-0.34B,$11.05B,-3.51%,$-0.25B,$1.61B,-7.97%,$1578,$1622,$-44,$0,$206,$1829,$-251,$-98,$-344,$4,$-348,$-341,$-341,$-251,$-251,$14,14,$-24.00,$-24.00,$732,$170,$118,$1581,$0,$206,$266,$87,$743,$11049,$6496,$1440,$0,$4387,$10882,$713,$-813,$0,$167,$11049,$0,$0,$0,$0,$0,$0,$0,$0,$0,$243,$-680,$0,$0,$0,$0,$-54,$3,$-731,$0,$0,$1227,$0,$0,$-297,$-190,$740,$243,$0,$0
36,2008-06-30,15.08,$0.00,0.0,0,0.0,0,0.0,0,0.0,$1.77B,$6.18B,0.29,$3.56B,$0.40B,8.92,$0.00B,0,nan%,$0.00B,0,nan%,$0.00B,0,nan%,$0.00B,0,nan%,$0.00B,0,nan%,$0.00B,0,nan%,$0.00B,$0.40B,0.00%,$0.00B,$0.23B,0.00%,$0.00B,$10.70B,0.00%,$0.00B,$3.96B,0.00%,$0,$0,$0,$0,$0,$0,$0,$0,$0,$0,$0,$0,$0,$0,$0,$0,0,$0.00,$0.00,$665,$163,$638,$1768,$0,$195,$173,$1622,$2008,$10698,$6175,$3561,$476,$4124,$10299,$701,$-302,$0,$399,$10698,$0,$0,$0,$0,$0,$0,$0,$0,$0,$0,$0,$0,$0,$0,$0,$0,$0,$0,$0,$0,$0,$0,$0,$0,$0,$0,$0,$0,$0
37,2007-12-31,46.99,$0.00,0.0,0,0.0,0,0.0,0,0.0,$1.30B,$4.74B,0.27,$3.34B,$0.40B,8.35,$0.00B,0,nan%,$0.00B,0,nan%,$0.00B,0,nan%,$0.00B,0,nan%,$0.00B,0,nan%,$0.00B,0,nan%,$0.00B,$0.40B,0.00%,$0.00B,$0.24B,0.00%,$0.00B,$8.99B,0.00%,$0.00B,$3.74B,0.00%,$0,$0,$0,$0,$0,$0,$0,$0,$0,$0,$0,$0,$0,$0,$0,$0,0,$0.00,$0.00,$218,$148,$656,$1300,$0,$124,$164,$1107,$1410,$8986,$4742,$3336,$424,$3845,$8586,$642,$-243,$0,$400,$8986,$35,$635,$0,$635,$0,$0,$0,$0,$-129,$356,$-201,$0,$0,$0,$0,$0,$-31,$-232,$0,$78,$-340,$0,$0,$0,$97,$-166,$-44,$0,$0
