,Date,Stock Price,Book Value per Share,Price to Book Ratio,TTM Sales per Share,Price to Sales Ratio,TTM FCF per Share,Price to FCF Ratio,TTM Net EPS,PE Ratio,Current Assets,Current Liabilities,Current Ratio,Long Term Debt,Shareholder's Equity_x,Debt to Equity Ratio,TTM Revenue_x,TTM Gross Profit,Gross Margin,TTM Revenue_y,TTM Operating Income,Operating Margin,TTM Revenue_x,TTM EBIT,EBIT Margin,TTM Revenue_y,TTM EBITDA,EBITDA Margin,TTM Revenue_x,TTM Pre-Tax Income,Pre-Tax Margin,TTM Revenue_y,TTM Net Income_x,Net Margin,TTM Net Income_y,Shareholder's Equity_y,Return on Equity,TTM Net Income_x,Tangible Equity,Return on Tangible Equity,TTM Net Income_y,Total Assets,Return on Assets,TTM Net Income,LT Investments & Debt,Return on Investment,revenue,cost-goods-sold,gross-profit,research-development-expenses,selling-general-administrative-expenses,operating-expenses,operating-income,total-non-operating-income-expense,pre-tax-income,total-provision-income-taxes,income-after-taxes,income-from-continuous-operations,net-income,ebitda,ebit,basic-shares-outstanding,shares-outstanding,eps-basic-net-earnings-per-share,eps-earnings-per-share-diluted,cash-on-hand,inventory,other-current-assets,total-current-assets,net-property-plant-equipment,long-term-investments,goodwill-intangible-assets-total,other-long-term-assets,total-long-term-assets,total-assets,total-current-liabilities,long-term-debt,other-non-current-liabilities,total-long-term-liabilities,total-liabilities,common-stock-net,retained-earnings-accumulated-deficit,comprehensive-income,total-share-holder-equity,total-liabilities-share-holders-equity,net-income-loss,total-depreciation-amortization-cash-flow,other-non-cash-items,total-non-cash-items,change-in-accounts-receivable,change-in-inventories,change-in-accounts-payable,change-in-assets-liabilities,total-change-in-assets-liabilities,cash-flow-from-operating-activities,net-change-in-property-plant-equipment,net-change-in-intangible-assets,net-acquisitions-divestitures,net-change-in-short-term-investments,net-change-in-long-term-investments,net-change-in-investments-total,investing-activities-other,cash-flow-from-investing-activities,net-long-term-debt,net-current-debt,debt-issuance-retirement-net-total,net-common-equity-issued-repurchased,net-total-equity-issued-repurchased,total-common-preferred-stock-dividends-paid,financial-activities-other,cash-flow-from-financial-activities,net-cash-flow,stock-based-compensation,common-stock-dividends-paid
0,2018-09-30,7.88,$5.08,1.55,$9.15,0.86,$0.76,10.39,$-0.57,0.0,$0.17B,$0.11B,1.53,$0.08B,$0.18B,0.45,$0.32B,$0.11B,34.07%,$0.32B,$-0.00B,-0.95%,$0.32B,$-0.00B,-0.95%,$0.32B,$0.02B,5.68%,$0.32B,$-0.01B,-3.79%,$0.32B,$-0.02B,-6.31%,$-0.02B,$0.18B,-10.67%,$-0.02B,$-0.03B,63.49%,$-0.02B,$0.41B,-4.74%,$-0.00B,$0.26B,-1.09%,$88,$60,$29,$0,$22,$99,$-10,$-1,$-12,$1,$-13,$-13,$-13,$-7,$-10,$35,35,$-0.37,$-0.37,$31,$22,$35,$170,$22,$0,$209,$0,$235,$405,$111,$79,$30,$117,$228,$0,$-60,$-13,$177,$405,$-8,$10,$5,$15,$-20,$-3,$0,$1,$-3,$4,$4,$0,$33,$0,$0,$0,$0,$37,$-35,$-4,$-39,$0,$0,$-0,$1,$-38,$2,$2,$-0
1,2018-06-30,6.14,$5.48,1.12,$9.07,0.68,$0.48,12.75,$-0.11,0.0,$0.18B,$0.11B,1.65,$0.08B,$0.19B,0.42,$0.31B,$0.11B,33.76%,$0.31B,$0.01B,4.14%,$0.31B,$0.01B,4.14%,$0.31B,$0.04B,11.15%,$0.31B,$0.00B,1.27%,$0.31B,$-0.00B,-1.27%,$-0.00B,$0.19B,-2.08%,$-0.00B,$-0.02B,11.19%,$-0.00B,$0.42B,-0.92%,$0.01B,$0.27B,4.54%,$81,$54,$27,$0,$22,$79,$3,$-2,$0,$1,$-1,$-1,$-1,$6,$3,$35,35,$-0.03,$-0.03,$36,$22,$42,$181,$22,$0,$213,$0,$240,$421,$110,$81,$30,$121,$230,$0,$-47,$-11,$191,$421,$5,$7,$-10,$-3,$-7,$-2,$0,$2,$8,$10,$-0,$0,$31,$0,$0,$0,$0,$30,$-31,$-4,$-35,$0,$0,$-0,$1,$-34,$5,$1,$-0
2,2018-03-31,4.45,$5.62,0.79,$9.43,0.47,$0.24,18.39,$0.08,55.63,$0.18B,$0.10B,1.71,$0.09B,$0.20B,0.44,$0.33B,$0.11B,32.72%,$0.33B,$0.02B,5.81%,$0.33B,$0.02B,5.81%,$0.33B,$0.04B,12.84%,$0.33B,$0.01B,3.67%,$0.33B,$0.00B,0.61%,$0.00B,$0.20B,1.03%,$0.00B,$-0.02B,-4.57%,$0.00B,$0.42B,0.45%,$0.02B,$0.28B,6.47%,$74,$49,$26,$0,$22,$62,$12,$-2,$10,$4,$6,$6,$6,$16,$12,$35,35,$0.17,$0.17,$34,$22,$44,$178,$23,$0,$216,$0,$244,$422,$104,$85,$30,$124,$228,$0,$-46,$-8,$195,$422,$6,$3,$-12,$-8,$-0,$-1,$0,$-3,$6,$3,$-0,$0,$31,$0,$0,$0,$0,$30,$-28,$-2,$-31,$0,$0,$0,$0,$-31,$3,$1,$0
3,2017-12-31,5.13,$5.38,0.95,$9.97,0.51,$0.28,18.22,$-0.09,0.0,$0.17B,$0.11B,1.61,$0.10B,$0.19B,0.56,$0.35B,$0.11B,32.66%,$0.35B,$0.01B,2.31%,$0.35B,$0.01B,2.31%,$0.35B,$0.03B,8.96%,$0.35B,$0.00B,0.58%,$0.35B,$-0.00B,-1.16%,$-0.00B,$0.19B,-2.08%,$-0.00B,$-0.05B,7.48%,$-0.00B,$0.44B,-0.87%,$0.01B,$0.29B,2.68%,$74,$48,$26,$0,$22,$82,$-8,$-2,$-10,$2,$-12,$-12,$-12,$3,$-8,$34,34,$-0.34,$-0.34,$30,$21,$42,$174,$23,$0,$237,$0,$265,$439,$108,$104,$30,$144,$252,$0,$-53,$-9,$187,$439,$-3,$23,$-12,$11,$14,$1,$0,$1,$-1,$7,$-1,$0,$0,$0,$0,$0,$0,$-1,$-12,$2,$-10,$1,$1,$-8,$-7,$-23,$-16,$2,$-8
4,2017-09-30,8.46,$5.70,1.48,$10.77,0.79,$2.15,3.94,$-1.24,0.0,$0.18B,$0.12B,1.57,$0.11B,$0.20B,0.54,$0.37B,$0.12B,33.06%,$0.37B,$-0.03B,-9.14%,$0.37B,$-0.03B,-9.14%,$0.37B,$0.04B,10.48%,$0.37B,$-0.04B,-10.75%,$0.37B,$-0.04B,-11.56%,$-0.04B,$0.20B,-22.31%,$-0.04B,$-0.05B,75.77%,$-0.04B,$0.46B,-9.08%,$-0.03B,$0.30B,-11.24%,$85,$58,$27,$0,$22,$79,$6,$-2,$4,$1,$3,$3,$3,$10,$6,$35,35,$0.09,$0.09,$25,$22,$48,$180,$25,$0,$246,$0,$276,$456,$115,$107,$24,$144,$258,$0,$-41,$-9,$197,$456,$9,$12,$-11,$1,$13,$-1,$0,$-13,$-11,$-1,$-0,$0,$0,$0,$0,$0,$0,$-0,$-10,$2,$-8,$1,$1,$-8,$-8,$-21,$-22,$1,$-8
5,2017-06-30,9.09,$5.64,1.61,$11.28,0.81,$3.71,2.45,$-1.16,0.0,$0.18B,$0.12B,1.51,$0.11B,$0.20B,0.55,$0.39B,$0.13B,33.42%,$0.39B,$-0.03B,-7.71%,$0.39B,$-0.03B,-7.71%,$0.39B,$0.04B,11.31%,$0.39B,$-0.04B,-9.00%,$0.39B,$-0.04B,-10.28%,$-0.04B,$0.20B,-19.56%,$-0.04B,$-0.05B,64.52%,$-0.04B,$0.46B,-8.00%,$-0.03B,$0.30B,-9.42%,$94,$65,$28,$0,$21,$85,$9,$-1,$8,$2,$5,$5,$5,$13,$9,$34,35,$0.16,$0.16,$28,$22,$49,$179,$26,$0,$249,$0,$279,$458,$119,$107,$25,$145,$264,$0,$-42,$-11,$195,$458,$6,$8,$-9,$-1,$17,$-0,$0,$-11,$-3,$2,$-1,$0,$0,$0,$0,$0,$0,$-1,$-8,$-1,$-9,$1,$1,$-5,$-8,$-21,$-19,$1,$-5
6,2017-03-31,10.33,$5.50,1.88,$11.87,0.87,$4.97,2.08,$-1.20,0.0,$0.20B,$0.13B,1.52,$0.11B,$0.19B,0.58,$0.41B,$0.14B,33.42%,$0.41B,$-0.03B,-7.37%,$0.41B,$-0.03B,-7.37%,$0.41B,$0.05B,11.06%,$0.41B,$-0.04B,-9.09%,$0.41B,$-0.04B,-10.07%,$-0.04B,$0.19B,-18.85%,$-0.04B,$-0.06B,62.84%,$-0.04B,$0.48B,-7.68%,$-0.03B,$0.30B,-8.86%,$93,$61,$32,$0,$23,$91,$1,$-2,$-0,$-1,$0,$0,$0,$5,$1,$34,35,$0.00,$0.00,$46,$21,$41,$201,$26,$0,$250,$0,$282,$482,$132,$111,$38,$161,$293,$0,$-44,$-12,$189,$482,$0,$4,$2,$6,$7,$-0,$0,$5,$-2,$5,$-0,$0,$0,$0,$0,$0,$0,$-0,$-4,$0,$-4,$1,$1,$-3,$0,$-6,$-1,$0,$-3
7,2016-12-31,13.61,$5.56,2.45,$12.21,1.11,$5.12,2.66,$-1.11,0.0,$0.21B,$0.15B,1.46,$0.11B,$0.19B,0.6,$0.42B,$0.14B,32.61%,$0.42B,$-0.03B,-6.00%,$0.42B,$-0.03B,-6.00%,$0.42B,$0.05B,12.23%,$0.42B,$-0.03B,-7.91%,$0.42B,$-0.04B,-9.11%,$-0.04B,$0.19B,-16.38%,$-0.04B,$-0.06B,55.68%,$-0.04B,$0.50B,-6.80%,$-0.03B,$0.30B,-6.88%,$100,$64,$36,$0,$21,$150,$-50,$-2,$-52,$-1,$-51,$-51,$-51,$11,$-50,$34,34,$-1.50,$-1.50,$47,$21,$46,$213,$27,$0,$253,$0,$286,$499,$146,$114,$35,$162,$309,$0,$-42,$-13,$190,$499,$-38,$77,$7,$84,$13,$9,$0,$8,$24,$70,$-0,$0,$0,$0,$0,$0,$0,$-0,$-28,$-13,$-41,$1,$1,$-9,$-7,$-56,$12,$2,$-9
8,2016-09-30,10.95,$7.19,1.52,$12.78,0.86,$3.61,3.04,$0.29,37.77,$0.21B,$0.15B,1.48,$0.12B,$0.24B,0.5,$0.42B,$0.13B,31.34%,$0.42B,$0.03B,5.98%,$0.42B,$0.03B,5.98%,$0.42B,$0.05B,11.48%,$0.42B,$0.02B,3.83%,$0.42B,$0.01B,2.39%,$0.01B,$0.24B,4.07%,$0.01B,$-0.07B,-13.99%,$0.01B,$0.56B,1.71%,$0.03B,$0.37B,6.44%,$102,$68,$34,$0,$20,$91,$10,$-2,$9,$3,$6,$6,$6,$15,$10,$34,34,$0.17,$0.17,$43,$24,$46,$213,$29,$0,$315,$0,$349,$562,$145,$123,$34,$173,$317,$0,$12,$-12,$244,$562,$13,$15,$3,$18,$15,$8,$0,$7,$22,$53,$-1,$0,$0,$0,$0,$0,$0,$-1,$-18,$-13,$-31,$1,$1,$-7,$-7,$-44,$8,$2,$-7
9,2016-06-30,8.43,$7.27,1.16,$13.26,0.64,$1.84,4.59,$-0.05,0.0,$0.23B,$0.16B,1.46,$0.14B,$0.25B,0.55,$0.41B,$0.13B,30.92%,$0.41B,$0.01B,3.14%,$0.41B,$0.01B,3.14%,$0.41B,$0.04B,8.45%,$0.41B,$0.00B,0.72%,$0.41B,$-0.00B,-0.24%,$-0.00B,$0.25B,-0.40%,$-0.00B,$-0.07B,1.28%,$-0.00B,$0.59B,-0.17%,$0.01B,$0.38B,3.23%,$112,$78,$34,$0,$20,$104,$9,$-2,$6,$2,$4,$4,$4,$14,$9,$34,34,$0.12,$0.12,$62,$27,$43,$234,$41,$0,$314,$0,$358,$592,$160,$136,$32,$184,$345,$0,$8,$-12,$247,$592,$7,$10,$3,$14,$15,$4,$0,$9,$23,$44,$-0,$0,$0,$0,$0,$0,$0,$-0,$-5,$-9,$-14,$0,$0,$-4,$-2,$-21,$22,$1,$-4
10,2016-03-31,5.95,$7.27,0.82,$13.24,0.45,$0.70,8.52,$-0.09,0.0,$0.22B,$0.14B,1.52,$0.15B,$0.25B,0.62,$0.39B,$0.12B,31.11%,$0.39B,$0.01B,2.06%,$0.39B,$0.01B,2.06%,$0.39B,$0.03B,7.46%,$0.39B,$0.00B,0.26%,$0.39B,$-0.00B,-0.77%,$-0.00B,$0.25B,-1.30%,$-0.00B,$-0.07B,3.92%,$-0.00B,$0.58B,-0.53%,$0.01B,$0.40B,2.12%,$103,$72,$32,$0,$21,$97,$6,$-1,$4,$1,$3,$3,$3,$11,$6,$34,34,$0.09,$0.09,$39,$31,$46,$216,$43,$0,$319,$0,$366,$582,$143,$153,$22,$193,$335,$0,$6,$-10,$247,$582,$3,$5,$1,$6,$13,$2,$0,$-2,$0,$9,$0,$0,$0,$0,$0,$0,$0,$0,$-3,$-4,$-7,$0,$0,$-2,$-1,$-10,$-1,$1,$-2
11,2015-12-31,7.27,$7.22,1.01,$13.25,0.55,$0.48,15.27,$-0.17,0.0,$0.23B,$0.15B,1.54,$0.16B,$0.25B,0.64,$0.37B,$0.11B,29.97%,$0.37B,$0.01B,1.36%,$0.37B,$0.01B,1.36%,$0.37B,$0.02B,6.54%,$0.37B,$-0.00B,-0.82%,$0.37B,$-0.01B,-1.63%,$-0.01B,$0.25B,-2.80%,$-0.01B,$-0.08B,8.11%,$-0.01B,$0.60B,-1.15%,$0.01B,$0.40B,1.44%,$101,$70,$31,$0,$21,$102,$-0,$-3,$-3,$0,$-3,$-3,$-3,$8,$-0,$29,29,$-0.11,$-0.11,$40,$33,$45,$228,$45,$0,$321,$0,$370,$599,$148,$158,$30,$206,$354,$0,$5,$-10,$245,$599,$-6,$20,$15,$35,$-16,$-3,$0,$10,$-16,$13,$2,$0,$-37,$0,$0,$0,$0,$-35,$62,$-11,$52,$0,$0,$-8,$-5,$39,$16,$2,$-8
12,2015-09-30,7.68,$7.39,1.04,$12.64,0.61,$0.88,8.75,$-0.01,0.0,$0.25B,$0.15B,1.65,$0.18B,$0.25B,0.7,$0.34B,$0.10B,29.82%,$0.34B,$0.01B,2.63%,$0.34B,$0.01B,2.63%,$0.34B,$0.02B,6.73%,$0.34B,$0.00B,0.58%,$0.34B,$-0.00B,-0.29%,$-0.00B,$0.25B,-0.51%,$-0.00B,$-0.10B,1.41%,$-0.00B,$0.65B,-0.21%,$0.01B,$0.43B,2.83%,$98,$67,$31,$0,$18,$100,$-2,$-2,$-4,$1,$-5,$-5,$-5,$2,$-2,$29,29,$-0.17,$-0.17,$36,$30,$61,$245,$47,$0,$346,$0,$402,$647,$149,$175,$29,$248,$396,$0,$11,$-9,$251,$647,$-3,$11,$14,$25,$-17,$0,$0,$-18,$-32,$-9,$2,$0,$-37,$0,$0,$0,$0,$-35,$68,$-1,$67,$0,$0,$-6,$-5,$57,$13,$1,$-6
13,2015-06-30,10.55,$6.87,1.54,$11.63,0.91,$1.62,6.51,$0.30,35.16,$0.15B,$0.08B,1.82,$0.10B,$0.18B,0.55,$0.31B,$0.09B,29.97%,$0.31B,$0.02B,5.21%,$0.31B,$0.02B,5.21%,$0.31B,$0.03B,9.45%,$0.31B,$0.01B,2.93%,$0.31B,$0.01B,2.61%,$0.01B,$0.18B,4.45%,$0.01B,$-0.06B,-15.09%,$0.01B,$0.42B,2.00%,$0.02B,$0.28B,5.82%,$87,$60,$27,$0,$14,$82,$4,$-1,$4,$2,$2,$2,$2,$8,$4,$26,27,$0.08,$0.08,$17,$23,$33,$152,$17,$0,$241,$0,$265,$417,$84,$99,$28,$152,$236,$0,$18,$-7,$181,$417,$2,$7,$7,$14,$-7,$0,$0,$-11,$-15,$2,$2,$0,$0,$0,$0,$0,$0,$2,$-4,$3,$-1,$0,$0,$-3,$-2,$-6,$-2,$1,$-3
14,2015-03-31,9.82,$6.83,1.44,$10.92,0.9,$1.79,5.48,$0.39,25.18,$0.15B,$0.08B,1.8,$0.10B,$0.18B,0.57,$0.29B,$0.09B,29.97%,$0.29B,$0.02B,6.62%,$0.29B,$0.02B,6.62%,$0.29B,$0.03B,10.80%,$0.29B,$0.01B,3.83%,$0.29B,$0.01B,3.48%,$0.01B,$0.18B,5.60%,$0.01B,$-0.06B,-23.39%,$0.01B,$0.42B,2.64%,$0.02B,$0.28B,7.12%,$81,$60,$21,$0,$14,$78,$3,$-3,$0,$0,$0,$0,$0,$6,$3,$26,27,$0.01,$0.01,$19,$24,$36,$151,$18,$0,$242,$0,$266,$417,$84,$101,$27,$154,$238,$0,$18,$-8,$179,$417,$0,$3,$4,$8,$-1,$-1,$0,$-9,$-6,$2,$-0,$0,$0,$0,$0,$0,$0,$-0,$-2,$3,$0,$0,$0,$-2,$-1,$-2,$-0,$0,$-2
15,2014-12-31,14.3,$6.90,2.07,$10.07,1.42,$1.94,7.38,$0.50,28.61,$0.14B,$0.08B,1.84,$0.10B,$0.18B,0.57,$0.26B,$0.09B,32.32%,$0.26B,$0.02B,7.98%,$0.26B,$0.02B,7.98%,$0.26B,$0.03B,12.55%,$0.26B,$0.02B,6.08%,$0.26B,$0.01B,4.94%,$0.01B,$0.18B,7.36%,$0.01B,$-0.06B,-39.10%,$0.01B,$0.41B,3.63%,$0.02B,$0.28B,8.13%,$76,$54,$23,$0,$15,$72,$4,$-2,$2,$0,$2,$2,$2,$7,$4,$26,26,$0.07,$0.07,$19,$23,$29,$143,$19,$0,$244,$0,$269,$412,$78,$103,$28,$153,$231,$0,$19,$-7,$181,$412,$13,$11,$1,$12,$2,$2,$0,$-11,$-8,$18,$7,$0,$-44,$0,$0,$0,$0,$-38,$26,$-3,$23,$0,$0,$-6,$-1,$16,$-4,$2,$-6
16,2014-09-30,12.28,$6.91,1.78,$10.48,1.17,$2.12,5.79,$0.54,22.75,$0.13B,$0.06B,2.25,$0.08B,$0.18B,0.43,$0.26B,$0.08B,32.81%,$0.26B,$0.02B,8.20%,$0.26B,$0.02B,8.20%,$0.26B,$0.03B,12.89%,$0.26B,$0.02B,7.03%,$0.26B,$0.01B,5.47%,$0.01B,$0.18B,8.05%,$0.01B,$-0.03B,-56.57%,$0.01B,$0.35B,4.09%,$0.02B,$0.25B,8.41%,$63,$42,$21,$0,$13,$58,$5,$-2,$3,$-1,$4,$4,$4,$8,$5,$26,26,$0.14,$0.14,$18,$27,$18,$125,$18,$0,$203,$0,$225,$351,$56,$76,$11,$117,$173,$0,$19,$-2,$178,$351,$11,$8,$2,$10,$-3,$-0,$0,$-8,$-15,$6,$7,$0,$-8,$0,$0,$0,$0,$-2,$-7,$2,$-5,$0,$0,$-4,$0,$-9,$-5,$1,$-4
17,2014-06-30,14.23,$6.84,2.08,$10.55,1.35,$2.12,6.72,$0.33,43.13,$0.11B,$0.05B,2.51,$0.07B,$0.18B,0.41,$0.24B,$0.08B,32.10%,$0.24B,$0.01B,5.35%,$0.24B,$0.01B,5.35%,$0.24B,$0.02B,9.88%,$0.24B,$0.01B,4.53%,$0.24B,$0.01B,3.70%,$0.01B,$0.18B,5.25%,$0.01B,$-0.02B,-33.96%,$0.01B,$0.33B,2.62%,$0.01B,$0.25B,5.22%,$67,$45,$21,$0,$12,$59,$7,$-1,$6,$2,$4,$4,$4,$10,$7,$26,26,$0.18,$0.17,$18,$24,$19,$114,$19,$0,$195,$0,$219,$334,$46,$72,$10,$112,$158,$0,$17,$-1,$176,$334,$8,$5,$1,$7,$3,$1,$0,$-8,$-13,$2,$6,$0,$0,$0,$0,$0,$0,$6,$-5,$-5,$-10,$-0,$-0,$-3,$0,$-13,$-5,$1,$-3
18,2014-03-31,15.09,$6.71,2.25,$10.42,1.45,$2.24,6.75,$0.33,45.71,$0.11B,$0.05B,2.33,$0.08B,$0.17B,0.44,$0.22B,$0.07B,32.27%,$0.22B,$0.01B,4.09%,$0.22B,$0.01B,4.09%,$0.22B,$0.02B,8.18%,$0.22B,$0.01B,3.64%,$0.22B,$0.01B,3.64%,$0.01B,$0.17B,5.49%,$0.01B,$-0.03B,-52.46%,$0.01B,$0.34B,2.77%,$0.01B,$0.25B,4.38%,$57,$37,$20,$0,$12,$52,$5,$-1,$5,$2,$3,$3,$3,$8,$5,$26,26,$0.12,$0.12,$19,$25,$17,$114,$20,$0,$196,$0,$221,$336,$49,$75,$10,$115,$164,$0,$14,$-1,$172,$336,$3,$3,$1,$4,$1,$0,$0,$-1,$-6,$1,$4,$0,$0,$0,$0,$0,$0,$4,$-7,$0,$-7,$-0,$-0,$-1,$0,$-9,$-3,$0,$-1
19,2013-12-31,14.65,$6.66,2.2,$10.17,1.44,$2.49,5.89,$0.33,44.39,$0.12B,$0.06B,2.1,$0.08B,$0.17B,0.47,$0.20B,$0.06B,31.47%,$0.20B,$0.01B,3.55%,$0.20B,$0.01B,3.55%,$0.20B,$0.01B,7.11%,$0.20B,$0.01B,3.05%,$0.20B,$0.01B,3.55%,$0.01B,$0.17B,5.82%,$0.01B,$-0.03B,-254.55%,$0.01B,$0.35B,2.99%,$0.01B,$0.25B,4.33%,$69,$47,$22,$0,$13,$65,$4,$0,$4,$1,$3,$3,$3,$7,$4,$20,21,$0.10,$0.10,$23,$25,$22,$124,$21,$0,$199,$0,$225,$349,$59,$79,$10,$119,$179,$0,$12,$-1,$170,$349,$7,$7,$1,$8,$3,$2,$0,$1,$10,$24,$-1,$0,$-104,$0,$0,$0,$0,$-106,$86,$3,$89,$-1,$-1,$-4,$-3,$81,$-0,$1,$-4
20,2013-09-30,12.73,$6.58,1.93,$8.84,1.44,$2.36,5.4,$0.40,31.82,$0.12B,$0.06B,2.24,$0.08B,$0.17B,0.49,$0.16B,$0.05B,31.48%,$0.16B,$0.01B,4.32%,$0.16B,$0.01B,4.32%,$0.16B,$0.01B,7.41%,$0.16B,$0.01B,3.70%,$0.16B,$0.01B,4.32%,$0.01B,$0.17B,7.51%,$0.01B,$-0.03B,50.00%,$0.01B,$0.35B,4.12%,$0.01B,$0.25B,6.11%,$50,$35,$15,$0,$9,$53,$-3,$-0,$-4,$-2,$-1,$-1,$-1,$-1,$-3,$20,20,$-0.07,$-0.07,$14,$26,$26,$122,$22,$0,$201,$0,$231,$354,$55,$83,$13,$131,$185,$0,$10,$-2,$168,$354,$4,$3,$1,$4,$6,$1,$0,$-3,$2,$10,$-1,$0,$-104,$0,$0,$0,$0,$-105,$0,$92,$92,$-1,$-1,$-3,$-3,$85,$-9,$1,$-3
21,2013-06-30,11.08,$4.11,2.7,$8.26,1.34,$2.65,4.17,$0.66,16.78,$0.06B,$0.03B,1.77,$0.00B,$0.07B,0.0,$0.15B,$0.05B,32.41%,$0.15B,$0.01B,9.66%,$0.15B,$0.01B,9.66%,$0.15B,$0.02B,12.41%,$0.15B,$0.01B,9.66%,$0.15B,$0.01B,7.59%,$0.01B,$0.07B,17.25%,$0.01B,$0.03B,36.67%,$0.01B,$0.12B,10.73%,$0.01B,$0.07B,21.13%,$44,$30,$14,$0,$8,$41,$3,$-0,$3,$0,$3,$3,$3,$4,$3,$18,18,$0.17,$0.17,$5,$6,$14,$60,$6,$0,$48,$0,$58,$118,$34,$0,$6,$11,$44,$0,$13,$-3,$73,$118,$5,$1,$0,$2,$5,$0,$0,$-3,$1,$8,$-0,$0,$-24,$0,$0,$0,$0,$-25,$0,$-0,$-0,$0,$0,$-2,$0,$-1,$-18,$0,$-2
22,2013-03-31,11.59,$3.96,2.93,$7.85,1.48,$2.71,4.27,$0.64,18.12,$0.06B,$0.04B,1.64,$0.00B,$0.07B,0.01,$0.14B,$0.04B,32.35%,$0.14B,$0.02B,11.03%,$0.14B,$0.02B,11.03%,$0.14B,$0.02B,13.97%,$0.14B,$0.02B,11.03%,$0.14B,$0.01B,7.35%,$0.01B,$0.07B,17.47%,$0.01B,$0.03B,32.26%,$0.01B,$0.11B,10.81%,$0.02B,$0.07B,24.19%,$34,$23,$11,$0,$7,$31,$3,$0,$3,$1,$2,$2,$2,$4,$3,$17,18,$0.13,$0.12,$7,$6,$12,$58,$6,$0,$46,$0,$56,$114,$36,$1,$6,$8,$44,$0,$11,$-3,$70,$114,$2,$0,$0,$1,$7,$-0,$0,$-1,$5,$8,$-0,$0,$-24,$0,$0,$0,$0,$-24,$0,$1,$1,$0,$0,$-1,$0,$0,$-16,$0,$-1
23,2012-12-31,8.89,$3.66,2.43,$7.85,1.13,$2.70,3.29,$0.64,13.89,$0.06B,$0.03B,2.34,$0.00B,$0.06B,0.0,$0.14B,$0.04B,31.85%,$0.14B,$0.02B,11.85%,$0.14B,$0.02B,11.85%,$0.14B,$0.02B,14.07%,$0.14B,$0.02B,11.11%,$0.14B,$0.01B,7.41%,$0.01B,$0.06B,19.61%,$0.01B,$0.04B,31.75%,$0.01B,$0.09B,11.94%,$0.02B,$0.06B,27.59%,$34,$23,$11,$0,$7,$30,$4,$-0,$4,$1,$3,$3,$3,$5,$4,$15,17,$0.20,$0.19,$23,$4,$6,$64,$5,$0,$24,$0,$30,$94,$28,$0,$4,$5,$32,$0,$10,$-2,$62,$94,$11,$1,$2,$3,$-5,$0,$0,$7,$3,$17,$0,$0,$-4,$0,$0,$0,$0,$-4,$0,$0,$0,$-0,$-0,$-2,$0,$-3,$10,$1,$-2
24,2012-09-30,8.69,$3.42,2.54,$8.06,1.08,$2.22,3.91,$0.63,13.79,$0.06B,$0.02B,2.69,$0.01B,$0.05B,0.17,$0.14B,$0.04B,30.94%,$0.14B,$0.02B,11.51%,$0.14B,$0.02B,11.51%,$0.14B,$0.02B,12.95%,$0.14B,$0.02B,10.79%,$0.14B,$0.01B,7.19%,$0.01B,$0.05B,21.62%,$0.01B,$0.03B,35.40%,$0.01B,$0.08B,12.50%,$0.02B,$0.06B,28.70%,$33,$23,$11,$0,$6,$29,$4,$-0,$4,$1,$3,$3,$3,$5,$4,$15,17,$0.22,$0.19,$24,$4,$7,$59,$5,$0,$18,$0,$25,$84,$22,$9,$3,$12,$34,$0,$7,$-2,$50,$84,$8,$1,$1,$2,$2,$-0,$0,$3,$4,$14,$-0,$0,$0,$0,$0,$0,$0,$-0,$0,$0,$0,$-0,$-0,$-2,$0,$-2,$12,$0,$-2
25,2012-06-30,6.99,$3.21,2.18,$8.06,0.87,$1.72,4.08,$0.58,12.05,$0.05B,$0.02B,2.8,$0.01B,$0.05B,0.2,$0.14B,$0.04B,30.22%,$0.14B,$0.02B,10.79%,$0.14B,$0.02B,10.79%,$0.14B,$0.02B,12.23%,$0.14B,$0.01B,10.07%,$0.14B,$0.01B,6.47%,$0.01B,$0.05B,20.45%,$0.01B,$0.03B,34.62%,$0.01B,$0.08B,11.61%,$0.02B,$0.06B,27.91%,$35,$24,$11,$0,$6,$30,$4,$-0,$4,$2,$2,$2,$2,$5,$4,$15,17,$0.17,$0.15,$20,$4,$7,$53,$5,$0,$18,$0,$25,$78,$19,$9,$3,$12,$31,$0,$5,$-2,$47,$78,$5,$1,$0,$1,$5,$-0,$0,$0,$3,$9,$-0,$0,$0,$0,$0,$0,$0,$-0,$0,$0,$0,$-0,$-0,$-1,$0,$-1,$7,$0,$-1
26,2012-03-31,6.83,$3.10,2.2,$7.95,0.86,$1.38,4.94,$0.55,12.41,$0.05B,$0.02B,2.54,$0.01B,$0.05B,0.21,$0.14B,$0.04B,29.20%,$0.14B,$0.01B,10.22%,$0.14B,$0.01B,10.22%,$0.14B,$0.02B,10.95%,$0.14B,$0.01B,9.49%,$0.14B,$0.01B,6.57%,$0.01B,$0.05B,21.43%,$0.01B,$0.03B,37.89%,$0.01B,$0.08B,11.80%,$0.01B,$0.06B,26.92%,$33,$23,$10,$0,$6,$29,$4,$-0,$3,$1,$2,$2,$2,$4,$4,$15,17,$0.14,$0.12,$20,$5,$6,$53,$6,$0,$18,$0,$26,$79,$21,$9,$3,$13,$34,$0,$3,$-2,$45,$79,$2,$0,$0,$1,$3,$-0,$0,$5,$5,$8,$-0,$0,$0,$0,$0,$0,$0,$-0,$0,$0,$0,$0,$0,$-1,$0,$-0,$7,$0,$-1
27,2011-12-31,4.87,$2.96,1.64,$8.13,0.6,$1.01,4.83,$0.51,9.54,$0.05B,$0.02B,2.27,$0.01B,$0.04B,0.22,$0.14B,$0.04B,27.14%,$0.14B,$0.01B,8.57%,$0.14B,$0.01B,8.57%,$0.14B,$0.01B,10.00%,$0.14B,$0.01B,8.57%,$0.14B,$0.01B,5.71%,$0.01B,$0.04B,20.00%,$0.01B,$0.03B,37.21%,$0.01B,$0.08B,10.67%,$0.01B,$0.05B,24.00%,$38,$26,$11,$0,$7,$34,$4,$-0,$4,$1,$3,$3,$3,$4,$4,$14,17,$0.19,$0.17,$13,$4,$11,$53,$6,$0,$18,$0,$26,$79,$24,$10,$3,$13,$36,$0,$1,$-2,$43,$79,$8,$1,$2,$3,$3,$-0,$0,$-1,$-3,$9,$-0,$0,$0,$0,$0,$0,$0,$-0,$0,$0,$0,$-1,$-1,$-1,$0,$-2,$7,$1,$-1
28,2011-09-30,4.97,$2.83,1.75,$8.08,0.62,$0.94,5.27,$0.39,12.75,$0.05B,$0.02B,2.31,$0.01B,$0.04B,0.25,$0.14B,$0.04B,25.90%,$0.14B,$0.01B,6.47%,$0.14B,$0.01B,6.47%,$0.14B,$0.01B,8.63%,$0.14B,$0.01B,6.47%,$0.14B,$0.01B,4.32%,$0.01B,$0.04B,15.79%,$0.01B,$0.02B,31.17%,$0.01B,$0.07B,8.11%,$0.01B,$0.05B,18.65%,$33,$23,$10,$0,$6,$30,$3,$-0,$3,$1,$2,$2,$2,$4,$3,$14,17,$0.16,$0.14,$10,$5,$10,$49,$6,$0,$18,$0,$26,$74,$21,$10,$2,$12,$33,$0,$-1,$-2,$41,$74,$6,$1,$1,$2,$6,$-1,$0,$-2,$-3,$5,$-0,$0,$0,$0,$0,$0,$0,$-0,$0,$0,$0,$-0,$-0,$-0,$0,$-1,$4,$1,$-0
29,2011-06-30,5.88,$2.71,2.17,$8.14,0.72,$0.82,7.17,$0.30,19.59,$0.05B,$0.02B,2.22,$0.01B,$0.04B,0.27,$0.14B,$0.03B,24.29%,$0.14B,$0.01B,5.71%,$0.14B,$0.01B,5.71%,$0.14B,$0.01B,7.14%,$0.14B,$0.01B,5.00%,$0.14B,$0.01B,3.57%,$0.01B,$0.04B,13.79%,$0.01B,$0.02B,28.99%,$0.01B,$0.07B,6.78%,$0.01B,$0.05B,17.02%,$33,$24,$9,$0,$6,$30,$3,$0,$3,$1,$2,$2,$2,$3,$3,$14,17,$0.14,$0.12,$8,$5,$11,$47,$6,$0,$19,$0,$26,$73,$21,$11,$2,$13,$34,$0,$-3,$-1,$39,$73,$3,$1,$1,$1,$7,$-1,$0,$-5,$-2,$2,$0,$0,$0,$0,$0,$0,$0,$0,$0,$0,$0,$-0,$-0,$0,$0,$-0,$3,$0,$0
30,2011-03-31,5.13,$2.56,2.0,$8.27,0.62,$0.65,7.91,$0.21,24.43,$0.05B,$0.02B,1.97,$0.01B,$0.04B,0.29,$0.14B,$0.03B,23.24%,$0.14B,$0.01B,4.23%,$0.14B,$0.01B,4.23%,$0.14B,$0.01B,6.34%,$0.14B,$0.01B,3.52%,$0.14B,$0.00B,2.82%,$0.00B,$0.04B,11.51%,$0.00B,$0.02B,25.40%,$0.00B,$0.07B,5.44%,$0.01B,$0.05B,12.97%,$36,$27,$8,$0,$6,$34,$2,$-0,$2,$1,$1,$1,$1,$3,$2,$14,17,$0.09,$0.08,$7,$5,$9,$48,$6,$0,$19,$0,$26,$74,$24,$11,$2,$13,$37,$0,$-5,$-1,$37,$74,$1,$0,$0,$1,$2,$-0,$0,$-1,$-1,$1,$0,$0,$0,$0,$0,$0,$0,$0,$0,$0,$0,$-0,$-0,$0,$0,$-0,$1,$0,$0
31,2010-12-31,5.18,$2.46,2.11,$8.61,0.6,$0.45,11.62,$0.14,37.02,$0.05B,$0.03B,1.83,$0.01B,$0.04B,0.31,$0.14B,$0.03B,23.40%,$0.14B,$0.01B,3.55%,$0.14B,$0.01B,3.55%,$0.14B,$0.01B,4.96%,$0.14B,$0.00B,2.13%,$0.14B,$0.00B,2.13%,$0.00B,$0.04B,8.96%,$0.00B,$0.02B,20.69%,$0.00B,$0.08B,4.08%,$0.01B,$0.05B,10.81%,$37,$28,$9,$0,$7,$35,$1,$-0,$1,$0,$1,$1,$1,$2,$1,$14,17,$0.05,$0.05,$6,$4,$9,$48,$6,$0,$19,$0,$26,$75,$26,$11,$2,$13,$40,$0,$-6,$-2,$35,$75,$2,$2,$2,$3,$-3,$-0,$0,$1,$-2,$3,$5,$0,$0,$0,$0,$0,$0,$5,$-2,$-0,$-3,$0,$0,$0,$-0,$-3,$4,$1,$0
32,2010-09-30,5.19,$2.37,2.19,$9.02,0.58,$0.99,5.26,$-0.88,0.0,$0.04B,$0.02B,1.78,$0.01B,$0.03B,0.37,$0.14B,$0.03B,22.70%,$0.14B,$-0.01B,-9.22%,$0.14B,$-0.01B,-9.22%,$0.14B,$0.01B,4.26%,$0.14B,$-0.02B,-10.64%,$0.14B,$-0.01B,-8.51%,$-0.01B,$0.03B,-36.64%,$-0.01B,$0.02B,-88.89%,$-0.01B,$0.07B,-16.16%,$-0.01B,$0.05B,-28.42%,$34,$26,$8,$0,$7,$32,$2,$-0,$1,$0,$1,$1,$1,$2,$2,$14,17,$0.05,$0.05,$4,$5,$10,$42,$6,$0,$19,$0,$31,$73,$24,$12,$3,$15,$39,$0,$-7,$-2,$34,$73,$1,$1,$1,$3,$3,$-0,$0,$-2,$-3,$2,$1,$0,$0,$0,$0,$0,$0,$1,$-0,$1,$0,$0,$0,$0,$-0,$0,$3,$1,$0
33,2010-06-30,4.09,$2.30,1.77,$9.29,0.44,$1.70,2.41,$-0.98,0.0,$0.04B,$0.02B,1.76,$0.01B,$0.03B,0.4,$0.14B,$0.03B,22.30%,$0.14B,$-0.02B,-10.79%,$0.14B,$-0.02B,-10.79%,$0.14B,$0.00B,2.88%,$0.14B,$-0.02B,-12.23%,$0.14B,$-0.01B,-10.07%,$-0.01B,$0.03B,-39.44%,$-0.01B,$0.01B,-116.67%,$-0.01B,$0.07B,-17.83%,$-0.02B,$0.05B,-30.77%,$35,$26,$8,$0,$7,$33,$1,$-0,$1,$0,$1,$1,$1,$2,$1,$14,17,$0.04,$0.04,$2,$5,$10,$40,$11,$0,$19,$0,$32,$72,$23,$13,$3,$16,$39,$0,$-8,$-2,$33,$72,$1,$1,$2,$3,$4,$-0,$0,$-2,$-3,$0,$-0,$0,$0,$0,$0,$0,$0,$-0,$-0,$2,$1,$0,$0,$0,$-0,$1,$1,$1,$0
34,2010-03-31,3.1,$2.25,1.38,$9.54,0.33,$2.62,1.18,$-1.05,0.0,$0.04B,$0.03B,1.69,$0.01B,$0.03B,0.45,$0.14B,$0.03B,22.79%,$0.14B,$-0.02B,-11.76%,$0.14B,$-0.02B,-11.76%,$0.14B,$0.00B,1.47%,$0.14B,$-0.02B,-13.97%,$0.14B,$-0.02B,-11.76%,$-0.02B,$0.03B,-41.56%,$-0.02B,$0.01B,-148.84%,$-0.02B,$0.07B,-19.45%,$-0.02B,$0.05B,-30.92%,$35,$27,$8,$0,$7,$34,$1,$-0,$0,$0,$0,$0,$0,$1,$1,$14,14,$0.01,$0.01,$1,$5,$10,$42,$12,$0,$19,$0,$32,$74,$25,$14,$3,$17,$42,$0,$-8,$-2,$32,$74,$0,$0,$1,$2,$1,$-1,$0,$-1,$-3,$-2,$-0,$0,$0,$0,$0,$0,$0,$-0,$-0,$2,$2,$0,$0,$0,$-0,$1,$-1,$0,$0
35,2009-12-31,3.44,$2.22,1.55,$9.60,0.36,$3.29,1.04,$-1.03,0.0,$0.05B,$0.03B,1.49,$0.01B,$0.03B,0.4,$0.14B,$0.03B,23.02%,$0.14B,$-0.02B,-11.51%,$0.14B,$-0.02B,-11.51%,$0.14B,$0.00B,2.16%,$0.14B,$-0.02B,-12.95%,$0.14B,$-0.02B,-11.51%,$-0.02B,$0.03B,-38.32%,$-0.02B,$0.01B,-164.10%,$-0.02B,$0.08B,-18.08%,$-0.02B,$0.04B,-28.83%,$37,$29,$8,$0,$7,$53,$-17,$-1,$-17,$-3,$-14,$-14,$-14,$1,$-17,$14,14,$-1.00,$-1.00,$1,$5,$11,$46,$11,$0,$19,$0,$32,$78,$30,$13,$3,$15,$46,$0,$-8,$-2,$32,$78,$-15,$20,$2,$21,$14,$1,$0,$3,$9,$15,$-1,$0,$0,$0,$0,$0,$0,$-1,$4,$-18,$-14,$0,$0,$0,$0,$-14,$0,$1,$0
36,2009-09-30,3.26,$3.15,1.03,$8.57,0.38,$2.50,1.31,$0.13,25.09,$0.04B,$0.03B,1.53,$0.01B,$0.05B,0.29,$0.13B,$0.04B,30.16%,$0.13B,$0.01B,4.76%,$0.13B,$0.01B,4.76%,$0.13B,$0.01B,6.35%,$0.13B,$0.01B,3.97%,$0.13B,$0.00B,0.79%,$0.00B,$0.05B,2.22%,$0.00B,$0.01B,11.43%,$0.00B,$0.09B,1.01%,$0.01B,$0.06B,9.68%,$32,$25,$7,$0,$7,$32,$-0,$-1,$-1,$-0,$-1,$-1,$-1,$0,$-0,$14,14,$-0.05,$-0.05,$1,$5,$8,$40,$12,$0,$36,$0,$50,$90,$26,$13,$3,$19,$45,$0,$6,$-3,$45,$90,$-1,$2,$4,$6,$17,$1,$0,$2,$8,$13,$-1,$0,$0,$0,$0,$0,$0,$-1,$-2,$-11,$-13,$0,$0,$0,$0,$-13,$-0,$1,$0
37,2009-06-30,3.46,$3.16,1.1,$9.84,0.35,$1.60,2.17,$0.26,13.31,$0.04B,$0.02B,1.56,$0.01B,$0.05B,0.28,$0.15B,$0.04B,28.86%,$0.15B,$0.01B,5.37%,$0.15B,$0.01B,5.37%,$0.15B,$0.01B,7.38%,$0.15B,$0.01B,5.37%,$0.15B,$0.00B,2.01%,$0.00B,$0.05B,6.70%,$0.00B,$0.01B,36.36%,$0.00B,$0.09B,2.82%,$0.01B,$0.06B,13.11%,$32,$25,$8,$0,$8,$33,$-0,$-1,$-1,$-0,$-1,$-1,$-1,$0,$-0,$14,14,$-0.04,$-0.04,$1,$6,$10,$37,$12,$0,$36,$0,$50,$87,$24,$13,$3,$18,$42,$0,$6,$-3,$45,$87,$-0,$1,$4,$6,$21,$0,$0,$1,$8,$14,$-1,$0,$0,$0,$0,$0,$0,$-1,$-2,$-11,$-13,$0,$0,$0,$0,$-13,$-0,$0,$0
38,2009-03-31,2.57,$2.99,0.86,$11.31,0.23,$0.71,3.63,$0.37,6.96,$0.05B,$0.03B,1.57,$0.02B,$0.05B,0.39,$0.17B,$0.05B,25.86%,$0.17B,$0.01B,5.75%,$0.17B,$0.01B,5.75%,$0.17B,$0.01B,8.05%,$0.17B,$0.01B,6.32%,$0.17B,$0.01B,2.87%,$0.01B,$0.05B,11.30%,$0.01B,$0.01B,57.14%,$0.01B,$0.10B,4.43%,$0.01B,$0.06B,16.13%,$38,$29,$9,$0,$7,$37,$1,$-0,$1,$0,$1,$1,$0,$2,$1,$14,15,$0.03,$0.03,$1,$6,$10,$50,$12,$0,$36,$0,$50,$99,$32,$17,$3,$23,$54,$0,$7,$-3,$45,$99,$0,$1,$2,$3,$11,$0,$0,$2,$5,$9,$-1,$0,$0,$0,$0,$0,$0,$-1,$-3,$-5,$-8,$0,$0,$0,$0,$-8,$-0,$0,$0
39,2008-12-31,2.1,$3.11,0.68,$12.00,0.18,$0.02,105.75,$0.30,7.02,$0.07B,$0.05B,1.55,$0.03B,$0.05B,0.57,$0.18B,$0.04B,22.95%,$0.18B,$0.01B,4.37%,$0.18B,$0.01B,4.37%,$0.18B,$0.01B,6.56%,$0.18B,$0.01B,4.92%,$0.18B,$0.00B,2.19%,$0.00B,$0.05B,9.20%,$0.00B,$0.01B,45.71%,$0.00B,$0.12B,3.46%,$0.01B,$0.07B,12.85%,$24,$10,$14,$0,$8,$18,$5,$1,$6,$2,$4,$4,$3,$6,$5,$15,15,$0.23,$0.19,$1,$6,$11,$70,$12,$0,$36,$0,$50,$120,$45,$25,$3,$31,$76,$0,$7,$-3,$45,$120,$5,$3,$1,$4,$-4,$4,$0,$-4,$-4,$5,$-2,$0,$-24,$0,$0,$0,$-0,$-26,$9,$14,$23,$-2,$-2,$0,$0,$21,$1,$1,$0
40,2008-09-30,3.44,$2.94,1.17,$15.30,0.23,$-0.01,0.0,$0.23,14.97,$0.07B,$0.06B,1.11,$0.01B,$0.04B,0.21,$0.23B,$0.04B,16.74%,$0.23B,$0.01B,2.64%,$0.23B,$0.01B,2.64%,$0.23B,$0.01B,3.96%,$0.23B,$0.01B,2.64%,$0.23B,$0.00B,1.32%,$0.00B,$0.04B,7.06%,$0.00B,$0.01B,24.00%,$0.00B,$0.12B,2.73%,$0.01B,$0.05B,10.91%,$55,$44,$12,$0,$9,$53,$2,$-0,$2,$1,$1,$1,$1,$3,$2,$15,16,$0.08,$0.08,$0,$6,$16,$69,$12,$0,$38,$0,$51,$120,$62,$9,$2,$14,$76,$0,$3,$-1,$44,$120,$2,$2,$1,$3,$14,$-1,$0,$-2,$-4,$1,$-2,$0,$-24,$0,$0,$0,$0,$-25,$9,$15,$24,$0,$0,$0,$0,$24,$-0,$1,$0
41,2008-06-30,5.12,$2.87,1.79,$16.08,0.32,$0.28,18.46,$0.29,17.66,$0.07B,$0.05B,1.47,$0.02B,$0.04B,0.44,$0.24B,$0.04B,15.61%,$0.24B,$0.01B,3.38%,$0.24B,$0.01B,3.38%,$0.24B,$0.01B,4.22%,$0.24B,$0.01B,3.38%,$0.24B,$0.00B,1.69%,$0.00B,$0.04B,9.82%,$0.00B,$0.01B,24.62%,$0.00B,$0.11B,3.96%,$0.01B,$0.06B,15.69%,$57,$47,$10,$0,$8,$55,$2,$-0,$2,$1,$1,$1,$1,$3,$2,$15,15,$0.07,$0.07,$1,$6,$16,$67,$12,$0,$32,$0,$45,$112,$46,$19,$2,$24,$69,$0,$2,$-1,$43,$112,$0,$1,$1,$2,$12,$-1,$0,$-1,$-1,$2,$-1,$0,$-15,$0,$0,$0,$0,$-17,$5,$10,$15,$0,$0,$0,$0,$15,$0,$1,$0
42,2008-03-31,7.41,$2.79,2.66,$16.68,0.44,$0.46,15.94,$0.30,24.7,$0.06B,$0.04B,1.54,$0.02B,$0.04B,0.52,$0.24B,$0.04B,15.48%,$0.24B,$0.01B,3.77%,$0.24B,$0.01B,3.77%,$0.24B,$0.01B,4.60%,$0.24B,$0.01B,3.35%,$0.24B,$0.00B,1.67%,$0.00B,$0.04B,10.32%,$0.00B,$0.01B,21.92%,$0.00B,$0.11B,4.28%,$0.01B,$0.06B,20.11%,$47,$41,$6,$0,$7,$48,$-1,$-0,$-1,$-0,$-1,$-1,$-1,$-0,$-1,$15,15,$-0.04,$-0.04,$1,$6,$17,$64,$11,$0,$33,$0,$45,$110,$42,$21,$2,$26,$68,$0,$1,$-1,$42,$110,$-1,$1,$0,$1,$15,$-0,$0,$-6,$-2,$-2,$-1,$0,$-15,$0,$0,$0,$0,$-16,$5,$13,$18,$0,$0,$0,$0,$18,$0,$0,$0
43,2007-12-31,9.55,$2.77,3.45,$16.72,0.57,$0.51,18.64,$0.42,22.73,$0.07B,$0.05B,1.33,$0.00B,$0.04B,0.0,$0.24B,$0.04B,16.60%,$0.24B,$0.01B,5.11%,$0.24B,$0.01B,5.11%,$0.24B,$0.01B,5.96%,$0.24B,$0.01B,4.68%,$0.24B,$0.01B,2.55%,$0.01B,$0.04B,18.75%,$0.01B,$0.02B,38.10%,$0.01B,$0.10B,6.94%,$0.01B,$0.04B,31.37%,$68,$58,$10,$0,$8,$65,$3,$-0,$3,$1,$2,$2,$2,$3,$3,$13,14,$0.13,$0.15,$1,$5,$12,$68,$9,$0,$18,$0,$29,$97,$51,$0,$2,$5,$56,$0,$2,$-1,$41,$97,$6,$2,$1,$3,$-15,$-1,$0,$-5,$-5,$4,$-2,$0,$-10,$0,$0,$0,$0,$-12,$-8,$-3,$-11,$19,$19,$0,$1,$8,$0,$1,$0
44,2007-09-30,13.29,$2.53,5.25,$15.09,0.88,$-0.05,0.0,$0.39,34.07,$0.06B,$0.04B,1.43,$0.00B,$0.04B,0.02,$0.21B,$0.04B,17.31%,$0.21B,$0.01B,5.29%,$0.21B,$0.01B,5.29%,$0.21B,$0.01B,6.73%,$0.21B,$0.01B,4.81%,$0.21B,$0.01B,2.40%,$0.01B,$0.04B,19.61%,$0.01B,$0.02B,46.51%,$0.01B,$0.09B,6.41%,$0.01B,$0.04B,30.99%,$65,$54,$11,$0,$7,$61,$4,$-0,$4,$2,$2,$2,$2,$4,$4,$15,15,$0.15,$0.14,$1,$5,$14,$59,$9,$0,$16,$0,$26,$85,$42,$1,$3,$6,$48,$0,$-0,$-1,$37,$85,$4,$1,$2,$3,$-7,$-1,$0,$-6,$-2,$5,$-1,$0,$-7,$0,$0,$0,$0,$-8,$-6,$-10,$-16,$19,$19,$0,$0,$3,$0,$0,$0
45,2007-06-30,9.98,$2.39,4.18,$13.70,0.73,$-0.60,0.0,$0.33,30.25,$0.06B,$0.04B,1.41,$0.00B,$0.04B,0.05,$0.18B,$0.03B,17.13%,$0.18B,$0.01B,4.97%,$0.18B,$0.01B,4.97%,$0.18B,$0.01B,6.63%,$0.18B,$0.01B,4.42%,$0.18B,$0.00B,2.21%,$0.00B,$0.04B,20.78%,$0.00B,$0.02B,72.73%,$0.00B,$0.08B,5.57%,$0.01B,$0.04B,28.80%,$59,$49,$10,$0,$6,$56,$3,$-1,$2,$1,$1,$1,$1,$4,$3,$13,14,$0.09,$0.08,$1,$6,$15,$56,$9,$0,$16,$0,$26,$82,$40,$2,$3,$7,$47,$0,$-2,$-1,$35,$82,$2,$1,$1,$2,$-2,$-2,$0,$-6,$-1,$3,$-1,$0,$-7,$0,$0,$0,$0,$-8,$-6,$-9,$-15,$19,$19,$0,$0,$4,$0,$0,$0
46,2007-03-31,10.86,$1.29,8.45,$11.80,0.92,$-1.18,0.0,$0.37,29.36,$0.06B,$0.04B,1.47,$0.02B,$0.02B,1.53,$0.15B,$0.03B,17.53%,$0.15B,$0.01B,4.55%,$0.15B,$0.01B,4.55%,$0.15B,$0.01B,6.49%,$0.15B,$0.01B,5.19%,$0.15B,$0.01B,3.25%,$0.01B,$0.02B,37.74%,$0.01B,$-0.00B,1000.00%,$0.01B,$0.08B,7.69%,$0.01B,$0.04B,25.69%,$43,$36,$8,$0,$5,$41,$2,$-1,$2,$1,$1,$1,$1,$3,$2,$11,13,$0.10,$0.08,$0,$4,$14,$56,$9,$0,$16,$0,$26,$82,$38,$23,$4,$29,$67,$0,$-3,$-1,$15,$82,$1,$0,$0,$1,$-4,$-0,$0,$-3,$-3,$-1,$-0,$0,$-7,$0,$0,$0,$0,$-7,$0,$8,$8,$0,$0,$0,$0,$9,$-0,$0,$0
47,2006-12-31,7.8,$1.30,6.0,$10.81,0.72,$-1.28,0.0,$0.22,35.46,$0.04B,$0.03B,1.49,$0.02B,$0.02B,1.0,$0.14B,$0.02B,17.04%,$0.14B,$0.01B,4.44%,$0.14B,$0.01B,4.44%,$0.14B,$0.01B,5.93%,$0.14B,$0.01B,3.70%,$0.14B,$0.00B,2.22%,$0.00B,$0.02B,26.09%,$0.00B,$0.00B,-1200.00%,$0.00B,$0.06B,5.29%,$0.01B,$0.03B,27.59%,$41,$34,$7,$0,$5,$39,$2,$-0,$2,$1,$1,$1,$1,$3,$2,$11,13,$0.11,$0.11,$0,$3,$11,$42,$9,$0,$11,$0,$21,$63,$28,$15,$2,$19,$48,$0,$-4,$-1,$15,$63,$3,$1,$-1,$1,$-14,$-1,$0,$-1,$-8,$-4,$-1,$0,$0,$0,$0,$0,$0,$-1,$-2,$4,$2,$3,$3,$0,$0,$5,$0,$0,$0
