,Date,Stock Price,Book Value per Share,Price to Book Ratio,TTM Sales per Share,Price to Sales Ratio,TTM FCF per Share,Price to FCF Ratio,TTM Net EPS,PE Ratio,Current Assets,Current Liabilities,Current Ratio,Long Term Debt,Shareholder's Equity_x,Debt to Equity Ratio,TTM Revenue_x,TTM Gross Profit,Gross Margin,TTM Revenue_y,TTM Operating Income,Operating Margin,TTM Revenue_x,TTM EBIT,EBIT Margin,TTM Revenue_y,TTM EBITDA,EBITDA Margin,TTM Revenue_x,TTM Pre-Tax Income,Pre-Tax Margin,TTM Revenue_y,TTM Net Income_x,Net Margin,TTM Net Income_y,Shareholder's Equity_y,Return on Equity,TTM Net Income_x,Tangible Equity,Return on Tangible Equity,TTM Net Income_y,Total Assets,Return on Assets,TTM Net Income,LT Investments & Debt,Return on Investment,revenue,cost-goods-sold,gross-profit,research-development-expenses,selling-general-administrative-expenses,operating-expenses,operating-income,total-non-operating-income-expense,pre-tax-income,total-provision-income-taxes,income-after-taxes,income-from-continuous-operations,net-income,ebitda,ebit,basic-shares-outstanding,shares-outstanding,eps-basic-net-earnings-per-share,eps-earnings-per-share-diluted,cash-on-hand,inventory,other-current-assets,total-current-assets,net-property-plant-equipment,long-term-investments,goodwill-intangible-assets-total,other-long-term-assets,total-long-term-assets,total-assets,total-current-liabilities,long-term-debt,other-non-current-liabilities,total-long-term-liabilities,total-liabilities,common-stock-net,retained-earnings-accumulated-deficit,comprehensive-income,total-share-holder-equity,total-liabilities-share-holders-equity,net-income-loss,total-depreciation-amortization-cash-flow,other-non-cash-items,total-non-cash-items,change-in-accounts-receivable,change-in-inventories,change-in-accounts-payable,change-in-assets-liabilities,total-change-in-assets-liabilities,cash-flow-from-operating-activities,net-change-in-property-plant-equipment,net-change-in-intangible-assets,net-acquisitions-divestitures,net-change-in-short-term-investments,net-change-in-long-term-investments,net-change-in-investments-total,investing-activities-other,cash-flow-from-investing-activities,net-long-term-debt,net-current-debt,debt-issuance-retirement-net-total,net-common-equity-issued-repurchased,net-total-equity-issued-repurchased,total-common-preferred-stock-dividends-paid,financial-activities-other,cash-flow-from-financial-activities,net-cash-flow,stock-based-compensation,common-stock-dividends-paid
0,2018-09-30,6.79,$0.00,0.0,$10.33,0.66,$3.05,2.23,$-0.06,0.0,$0.70B,$0.44B,1.58,$0.79B,$0.46B,1.73,$1.07B,$0.31B,28.92%,$1.07B,$0.03B,3.17%,$1.07B,$0.03B,3.17%,$1.07B,$0.20B,18.19%,$1.07B,$-0.00B,-0.37%,$1.07B,$-0.00B,-0.37%,$-0.00B,$0.46B,-0.93%,$-0.00B,$0.10B,-5.46%,$-0.00B,$1.73B,-0.23%,$0.03B,$1.25B,2.75%,$254,$185,$69,$0,$65,$257,$-3,$-10,$-13,$1,$0,$0,$0,$51,$-3,$102,102,$-0.10,$-0.10,$337,$19,$0,$714,$439,$0,$352,$0,$1029,$1743,$473,$776,$7,$817,$1290,$0,$376,$0,$453,$1743,$-8,$76,$17,$93,$27,$0,$0,$7,$31,$112,$-46,$-30,$0,$-10,$0,$-10,$4,$-82,$-5,$0,$-5,$0,$0,$0,$58,$53,$83,$0,$0
1,2018-06-30,5.7,$0.00,0.0,$10.84,0.53,$3.03,1.88,$0.03,190.0,$0.71B,$0.47B,1.51,$0.78B,$0.45B,1.71,$1.10B,$0.32B,29.44%,$1.10B,$0.05B,4.38%,$1.10B,$0.05B,4.38%,$1.10B,$0.21B,18.87%,$1.10B,$0.01B,0.64%,$1.10B,$0.01B,0.46%,$0.01B,$0.45B,1.19%,$0.01B,$0.10B,8.20%,$0.01B,$1.74B,0.29%,$0.05B,$1.23B,3.92%,$265,$189,$76,$0,$63,$252,$13,$-10,$3,$-3,$-10,$-10,$-10,$35,$13,$101,101,$0.02,$0.02,$272,$19,$0,$678,$452,$0,$362,$0,$1065,$1743,$452,$840,$11,$889,$1341,$0,$401,$0,$402,$1743,$2,$38,$11,$49,$5,$0,$0,$4,$17,$65,$-28,$-13,$0,$0,$0,$0,$1,$-40,$10,$0,$10,$0,$0,$0,$-16,$-6,$19,$0,$0
2,2018-03-31,7.13,$0.00,0.0,$11.06,0.64,$2.73,2.61,$0.26,27.42,$0.68B,$0.45B,1.5,$0.84B,$0.40B,2.09,$1.12B,$0.34B,30.32%,$1.12B,$0.08B,7.16%,$1.12B,$0.08B,7.16%,$1.12B,$0.24B,21.56%,$1.12B,$0.04B,3.31%,$1.12B,$0.03B,2.50%,$0.03B,$0.40B,6.91%,$0.03B,$0.04B,58.33%,$0.03B,$1.74B,1.60%,$0.08B,$1.24B,6.49%,$302,$210,$92,$0,$77,$287,$15,$-10,$5,$1,$2,$2,$2,$51,$15,$101,101,$0.03,$0.03,$257,$20,$0,$673,$461,$0,$364,$0,$1083,$1756,$474,$815,$10,$867,$1341,$0,$414,$0,$415,$1756,$33,$160,$50,$210,$38,$-2,$0,$-47,$-19,$223,$-100,$-68,$0,$-22,$0,$-22,$4,$-186,$-191,$0,$-191,$0,$0,$0,$-52,$-243,$-206,$0,$0
3,2017-12-31,10.2,$4.11,2.48,$11.04,0.92,$2.33,4.38,$0.31,32.9,$0.67B,$0.47B,1.42,$0.82B,$0.42B,1.96,$1.12B,$0.34B,30.80%,$1.12B,$0.09B,7.70%,$1.12B,$0.09B,7.70%,$1.12B,$0.25B,22.02%,$1.12B,$0.04B,3.94%,$1.12B,$0.03B,2.95%,$0.03B,$0.42B,8.27%,$0.03B,$0.05B,69.84%,$0.03B,$1.76B,1.90%,$0.09B,$1.23B,7.09%,$276,$190,$86,$0,$63,$253,$23,$-11,$12,$1,$4,$4,$4,$58,$23,$101,101,$0.09,$0.09,$234,$16,$0,$631,$453,$0,$353,$0,$1064,$1695,$437,$798,$16,$853,$1290,$0,$404,$0,$405,$1695,$29,$117,$40,$157,$33,$2,$0,$-53,$-28,$159,$-78,$-49,$0,$-22,$0,$-22,$4,$-145,$-188,$0,$-188,$0,$0,$0,$-46,$-234,$-220,$1,$0
4,2017-09-30,9.23,$0.00,0.0,$10.48,0.88,$2.36,3.91,$0.32,28.84,$0.63B,$0.44B,1.44,$0.80B,$0.41B,1.97,$1.06B,$0.32B,30.47%,$1.06B,$0.08B,7.36%,$1.06B,$0.08B,7.36%,$1.06B,$0.23B,21.51%,$1.06B,$0.04B,3.30%,$1.06B,$0.03B,3.02%,$0.03B,$0.41B,8.37%,$0.03B,$0.05B,73.99%,$0.03B,$1.70B,1.85%,$0.08B,$1.20B,6.50%,$275,$190,$85,$0,$59,$246,$29,$-12,$17,$3,$9,$9,$9,$63,$29,$101,101,$0.13,$0.13,$328,$18,$0,$747,$463,$0,$351,$0,$1076,$1823,$512,$854,$14,$911,$1423,$0,$399,$0,$400,$1823,$20,$77,$25,$102,$30,$1,$0,$-51,$-13,$102,$-67,$-27,$0,$-22,$0,$-22,$-1,$-117,$-90,$0,$-90,$0,$0,$0,$-25,$-115,$-130,$1,$0
5,2017-06-30,9.58,$0.00,0.0,$10.37,0.92,$2.58,3.71,$0.32,29.95,$0.75B,$0.51B,1.46,$0.85B,$0.40B,2.14,$1.05B,$0.32B,30.82%,$1.05B,$0.07B,7.06%,$1.05B,$0.07B,7.06%,$1.05B,$0.22B,21.09%,$1.05B,$0.03B,2.96%,$1.05B,$0.03B,3.05%,$0.03B,$0.40B,8.67%,$0.03B,$0.05B,85.33%,$0.03B,$1.82B,1.84%,$0.07B,$1.25B,6.21%,$264,$183,$81,$0,$62,$245,$19,$-9,$10,$4,$13,$13,$13,$69,$19,$101,101,$0.07,$0.07,$240,$18,$0,$647,$448,$0,$339,$0,$1039,$1686,$466,$786,$17,$844,$1310,$0,$371,$0,$376,$1686,$7,$37,$12,$49,$16,$-1,$0,$-44,$-32,$21,$-25,$-13,$0,$0,$0,$0,$1,$-37,$-142,$0,$-142,$0,$0,$0,$-21,$-163,$-179,$0,$0
6,2017-03-31,10.29,$0.00,0.0,$10.31,1.0,$2.99,3.44,$0.30,34.3,$0.65B,$0.47B,1.39,$0.79B,$0.38B,2.09,$1.04B,$0.33B,31.92%,$1.04B,$0.07B,6.92%,$1.04B,$0.07B,6.92%,$1.04B,$0.21B,20.38%,$1.04B,$0.03B,2.88%,$1.04B,$0.03B,2.88%,$0.03B,$0.38B,8.50%,$0.03B,$0.04B,97.56%,$0.03B,$1.69B,1.76%,$0.07B,$1.16B,6.23%,$245,$174,$71,$0,$63,$238,$7,$-11,$-4,$3,$7,$7,$7,$56,$7,$101,101,$0.02,$0.02,$396,$17,$0,$780,$432,$0,$314,$0,$953,$1733,$501,$833,$16,$883,$1384,$0,$344,$0,$349,$1733,$39,$139,$46,$185,$-7,$5,$0,$4,$2,$203,$-77,$-19,$0,$-2,$0,$-2,$3,$-95,$67,$0,$67,$0,$0,$0,$-51,$16,$124,$2,$0
7,2016-12-31,7.93,$3.47,2.29,$10.40,0.76,$3.48,2.28,$0.39,20.33,$0.78B,$0.50B,1.56,$0.83B,$0.35B,2.39,$1.05B,$0.34B,32.86%,$1.05B,$0.08B,7.64%,$1.05B,$0.08B,7.64%,$1.05B,$0.22B,20.92%,$1.05B,$0.04B,3.92%,$1.05B,$0.04B,3.72%,$0.04B,$0.35B,11.41%,$0.04B,$0.04B,167.74%,$0.04B,$1.73B,2.31%,$0.08B,$1.18B,7.06%,$264,$178,$86,$0,$66,$245,$19,$-11,$8,$-7,$3,$3,$3,$40,$19,$101,101,$0.09,$0.09,$349,$15,$0,$735,$441,$0,$323,$0,$981,$1716,$495,$814,$16,$869,$1364,$0,$348,$0,$352,$1716,$36,$106,$41,$147,$-10,$7,$0,$-12,$-3,$160,$-57,$-14,$0,$-2,$0,$-2,$2,$-71,$32,$0,$32,$0,$0,$0,$-51,$-19,$70,$1,$0
8,2016-09-30,7.49,$0.00,0.0,$10.65,0.7,$3.60,2.08,$0.41,18.27,$0.74B,$0.50B,1.49,$0.81B,$0.35B,2.31,$1.07B,$0.37B,34.21%,$1.07B,$0.10B,8.97%,$1.07B,$0.10B,8.97%,$1.07B,$0.24B,22.34%,$1.07B,$0.05B,4.95%,$1.07B,$0.04B,3.83%,$0.04B,$0.35B,12.41%,$0.04B,$0.03B,410.00%,$0.04B,$1.72B,2.48%,$0.10B,$1.17B,8.65%,$267,$173,$94,$0,$63,$240,$27,$-11,$16,$-1,$9,$9,$9,$56,$27,$101,101,$0.11,$0.11,$329,$17,$0,$709,$437,$0,$313,$0,$963,$1672,$510,$779,$16,$827,$1337,$0,$331,$0,$335,$1672,$27,$69,$28,$97,$-20,$6,$0,$10,$4,$115,$-39,$-11,$0,$-1,$0,$-1,$2,$-49,$17,$0,$17,$0,$0,$0,$-26,$-9,$57,$1,$0
9,2016-06-30,6.57,$0.00,0.0,$10.64,0.62,$3.58,1.84,$0.42,15.64,$0.71B,$0.51B,1.39,$0.78B,$0.34B,2.33,$1.07B,$0.37B,34.80%,$1.07B,$0.10B,9.45%,$1.07B,$0.10B,9.45%,$1.07B,$0.24B,22.36%,$1.07B,$0.06B,5.33%,$1.07B,$0.04B,3.93%,$0.04B,$0.34B,13.25%,$0.04B,$0.02B,-1200.00%,$0.04B,$1.67B,2.59%,$0.10B,$1.11B,9.29%,$271,$178,$93,$0,$66,$244,$27,$-6,$21,$5,$11,$11,$11,$60,$27,$101,101,$0.16,$0.16,$256,$21,$0,$638,$450,$0,$324,$0,$991,$1629,$512,$739,$12,$786,$1298,$0,$327,$0,$331,$1629,$16,$36,$11,$47,$-15,$2,$0,$18,$5,$63,$-18,$-6,$0,$0,$0,$0,$2,$-22,$-36,$0,$-36,$0,$0,$0,$-26,$-62,$-21,$0,$0
10,2016-03-31,7.06,$0.00,0.0,$10.73,0.66,$3.51,2.01,$0.34,20.76,$0.64B,$0.51B,1.25,$0.74B,$0.33B,2.23,$1.08B,$0.37B,34.60%,$1.08B,$0.10B,8.81%,$1.08B,$0.10B,8.81%,$1.08B,$0.24B,22.17%,$1.08B,$0.05B,4.27%,$1.08B,$0.03B,3.15%,$0.03B,$0.33B,11.03%,$0.03B,$0.01B,-172.15%,$0.03B,$1.63B,2.07%,$0.10B,$1.07B,8.57%,$268,$175,$93,$0,$70,$245,$23,$-12,$8,$5,$16,$16,$16,$63,$23,$100,100,$0.05,$0.05,$267,$22,$0,$637,$1616,$0,$322,$201,$2141,$1609,$476,$783,$14,$829,$1305,$0,$300,$0,$304,$1609,$25,$144,$0,$144,$0,$0,$0,$0,$8,$214,$-77,$0,$0,$0,$0,$59,$-7,$-25,$0,$0,$-225,$0,$0,$0,$-66,$-291,$-102,$0,$0
11,2015-12-31,6.2,$0.00,0.0,$10.69,0.58,$3.38,1.84,$0.24,25.83,$0.64B,$0.48B,1.34,$0.78B,$0.30B,2.58,$1.07B,$0.37B,34.08%,$1.07B,$0.08B,7.64%,$1.07B,$0.08B,7.64%,$1.07B,$0.23B,21.04%,$1.07B,$0.03B,3.17%,$1.07B,$0.03B,2.33%,$0.03B,$0.30B,8.45%,$0.03B,$-0.02B,-76.92%,$0.03B,$1.61B,1.51%,$0.08B,$1.09B,7.30%,$263,$171,$92,$0,$68,$239,$24,$-12,$12,$3,$5,$5,$5,$60,$24,$101,101,$0.10,$0.10,$237,$20,$0,$613,$0,$0,$323,$196,$522,$1584,$462,$779,$13,$824,$1286,$0,$295,$0,$298,$1584,$20,$107,$0,$107,$0,$0,$0,$0,$-6,$159,$-58,$0,$0,$0,$0,$34,$-2,$-26,$0,$0,$-222,$0,$0,$0,$-66,$-288,$-155,$0,$0
12,2015-09-30,6.22,$0.00,0.0,$10.73,0.58,$5.04,1.23,$0.32,19.44,$0.61B,$0.46B,1.33,$0.78B,$0.30B,2.61,$1.10B,$0.43B,38.94%,$1.10B,$0.16B,14.10%,$1.10B,$0.16B,14.10%,$1.10B,$0.29B,26.75%,$1.10B,$0.04B,3.18%,$1.10B,$0.03B,3.09%,$0.03B,$0.30B,11.72%,$0.03B,$-0.03B,-80.47%,$0.03B,$1.58B,1.98%,$0.16B,$1.08B,13.48%,$276,$181,$95,$0,$74,$255,$21,$-16,$5,$2,$10,$10,$10,$56,$21,$101,101,$0.03,$0.03,$336,$22,$0,$730,$0,$0,$343,$205,$552,$1759,$513,$901,$11,$946,$1459,$0,$296,$0,$300,$1759,$10,$75,$0,$75,$0,$0,$0,$0,$0,$111,$-42,$0,$0,$0,$0,$36,$1,$-5,$0,$0,$-140,$0,$0,$0,$-35,$-175,$-70,$0,$0
13,2015-06-30,3.82,$0.00,0.0,$11.21,0.34,$6.98,0.55,$0.50,7.64,$0.73B,$0.51B,1.42,$0.90B,$0.30B,3.0,$1.15B,$0.47B,40.79%,$1.15B,$0.18B,15.98%,$1.15B,$0.18B,15.98%,$1.15B,$0.33B,28.38%,$1.15B,$0.06B,5.33%,$1.15B,$0.05B,4.63%,$0.05B,$0.30B,18.56%,$0.05B,$-0.04B,-96.36%,$0.05B,$1.76B,2.95%,$0.18B,$1.20B,15.37%,$267,$181,$86,$0,$72,$253,$14,$-5,$9,$2,$3,$3,$3,$60,$14,$101,101,$0.06,$0.06,$293,$27,$0,$678,$0,$0,$325,$193,$522,$1653,$479,$847,$12,$893,$1372,$0,$277,$0,$281,$1653,$7,$36,$0,$36,$0,$0,$0,$0,$0,$42,$-10,$0,$0,$0,$0,$0,$0,$-10,$0,$0,$-131,$0,$0,$0,$-32,$-163,$-131,$0,$0
14,2015-03-31,4.8,$0.00,0.0,$11.84,0.41,$8.52,0.56,$0.70,6.86,$0.68B,$0.48B,1.42,$0.85B,$0.28B,3.01,$1.21B,$0.51B,42.62%,$1.21B,$0.22B,18.16%,$1.21B,$0.22B,18.16%,$1.21B,$0.37B,30.51%,$1.21B,$0.08B,6.88%,$1.21B,$0.07B,6.05%,$0.07B,$0.28B,26.26%,$0.07B,$-0.04B,-98.32%,$0.07B,$1.65B,3.86%,$0.22B,$1.13B,17.75%,$293,$138,$155,$0,$59,$197,$96,$1,$9,$2,$7,$7,$7,$50,$96,$108,108,$0.13,$0.13,$432,$23,$0,$836,$0,$0,$338,$212,$554,$1862,$621,$912,$12,$960,$1581,$0,$277,$0,$281,$1862,$91,$157,$0,$157,$0,$0,$0,$0,$70,$400,$-73,$0,$0,$0,$0,$1,$-18,$-90,$0,$0,$-284,$0,$0,$-1,$1,$-284,$26,$0,$0
15,2014-12-31,8.65,$0.00,0.0,$12.42,0.7,$9.33,0.93,$0.97,8.92,$0.84B,$0.62B,1.35,$0.91B,$0.28B,3.25,$1.26B,$0.56B,44.50%,$1.26B,$0.26B,20.43%,$1.26B,$0.26B,20.43%,$1.26B,$0.42B,32.86%,$1.26B,$0.12B,9.42%,$1.26B,$0.10B,7.84%,$0.10B,$0.28B,37.04%,$0.10B,$-0.06B,-97.30%,$0.10B,$1.86B,4.99%,$0.26B,$1.19B,20.12%,$309,$178,$131,$0,$79,$257,$52,$-14,$38,$3,$6,$14,$14,$128,$52,$100,100,$0.29,$0.28,$412,$25,$0,$855,$0,$0,$356,$216,$577,$1917,$625,$961,$12,$1012,$1637,$0,$278,$0,$280,$1917,$81,$125,$0,$125,$0,$0,$0,$0,$77,$347,$-53,$0,$0,$0,$0,$0,$-15,$-68,$0,$0,$-210,$0,$0,$-1,$-86,$-297,$-18,$0,$0
16,2014-09-30,10.98,$0.00,0.0,$13.18,0.83,$10.03,1.09,$1.13,9.72,$0.86B,$0.63B,1.37,$0.96B,$0.28B,3.43,$1.32B,$0.53B,39.98%,$1.32B,$0.18B,13.58%,$1.32B,$0.18B,13.58%,$1.32B,$0.35B,26.86%,$1.32B,$0.15B,11.61%,$1.32B,$0.11B,8.65%,$0.11B,$0.28B,45.92%,$0.11B,$-0.08B,-83.67%,$0.11B,$1.92B,5.52%,$0.18B,$1.24B,13.28%,$337,$195,$142,$0,$85,$280,$57,$-30,$27,$9,$29,$29,$29,$87,$57,$100,100,$0.23,$0.23,$466,$26,$0,$978,$0,$0,$390,$228,$625,$2125,$698,$1103,$14,$1157,$1855,$0,$268,$0,$270,$2125,$56,$90,$0,$90,$0,$0,$0,$0,$0,$260,$-37,$0,$0,$0,$0,$0,$-11,$-48,$0,$0,$-152,$0,$0,$-1,$-51,$-204,$8,$0,$0
17,2014-06-30,12.09,$0.00,0.0,$13.55,0.89,$9.82,1.23,$1.00,12.09,$0.98B,$0.70B,1.4,$1.10B,$0.27B,4.09,$1.36B,$0.53B,39.19%,$1.36B,$0.18B,12.99%,$1.36B,$0.18B,12.99%,$1.36B,$0.37B,27.01%,$1.36B,$0.14B,10.18%,$1.36B,$0.10B,7.38%,$0.10B,$0.27B,44.05%,$0.10B,$-0.12B,-59.26%,$0.10B,$2.13B,4.72%,$0.18B,$1.37B,12.63%,$324,$190,$134,$0,$81,$271,$53,$-8,$45,$4,$23,$23,$23,$103,$53,$100,100,$0.33,$0.33,$359,$24,$0,$889,$0,$0,$392,$228,$626,$2035,$664,$1085,$13,$1133,$1797,$0,$240,$0,$238,$2035,$33,$44,$0,$44,$0,$0,$0,$0,$33,$130,$-18,$0,$0,$0,$0,$-29,$-4,$-51,$0,$0,$-153,$0,$0,$-1,$-43,$-197,$-118,$0,$0
18,2014-03-31,13.78,$0.00,0.0,$13.42,1.03,$9.06,1.52,$0.95,14.51,$0.89B,$0.66B,1.34,$1.09B,$0.24B,4.56,$1.36B,$0.52B,38.53%,$1.36B,$0.17B,12.13%,$1.36B,$0.17B,12.13%,$1.36B,$0.36B,26.25%,$1.36B,$0.14B,10.07%,$1.36B,$0.10B,7.06%,$0.10B,$0.24B,47.17%,$0.10B,$-0.15B,-49.23%,$0.10B,$2.04B,4.46%,$0.17B,$1.32B,11.53%,$348,$228,$120,$0,$103,$331,$17,$-12,$43,$12,$33,$33,$33,$97,$17,$100,100,$0.29,$0.29,$453,$24,$0,$994,$0,$0,$400,$246,$652,$2183,$681,$1249,$13,$1297,$1978,$0,$207,$0,$205,$2183,$83,$195,$0,$195,$0,$0,$0,$0,$63,$448,$-74,$0,$0,$0,$0,$-5,$-20,$-99,$0,$0,$-326,$0,$0,$-23,$-103,$-452,$-103,$0,$0
19,2013-12-31,13.92,$0.00,0.0,$13.63,1.02,$8.47,1.64,$0.80,17.4,$0.99B,$0.68B,1.46,$1.25B,$0.21B,6.09,$1.38B,$0.52B,37.65%,$1.38B,$0.15B,10.86%,$1.38B,$0.15B,10.86%,$1.38B,$0.35B,24.98%,$1.38B,$0.12B,8.47%,$1.38B,$0.08B,5.87%,$0.08B,$0.21B,44.32%,$0.08B,$-0.20B,-36.94%,$0.08B,$2.18B,3.69%,$0.15B,$1.45B,10.19%,$346,$211,$135,$0,$86,$297,$49,$-26,$23,$12,$31,$29,$29,$67,$49,$100,100,$0.15,$0.15,$379,$25,$0,$931,$0,$0,$401,$256,$664,$2134,$656,$1228,$14,$1283,$1939,$0,$198,$0,$195,$2134,$53,$145,$0,$145,$0,$0,$0,$0,$74,$334,$-61,$0,$0,$0,$0,$-7,$-11,$-79,$0,$0,$-320,$0,$0,$0,$-101,$-421,$-166,$0,$0
20,2013-09-30,10.86,$0.00,0.0,$14.05,0.77,$8.04,1.35,$0.82,13.24,$0.93B,$0.66B,1.42,$1.23B,$0.20B,6.3,$1.41B,$0.52B,36.88%,$1.41B,$0.15B,10.57%,$1.41B,$0.15B,10.57%,$1.41B,$0.35B,25.11%,$1.41B,$0.12B,8.37%,$1.41B,$0.08B,5.82%,$0.08B,$0.20B,49.70%,$0.08B,$-0.21B,-34.38%,$0.08B,$2.13B,3.67%,$0.15B,$1.42B,9.92%,$342,$207,$135,$0,$89,$296,$46,$-20,$26,$8,$15,$15,$15,$99,$46,$100,106,$0.19,$0.18,$466,$28,$0,$1028,$0,$0,$401,$276,$685,$2257,$681,$1347,$14,$1400,$2081,$0,$179,$0,$176,$2257,$37,$95,$0,$95,$0,$0,$0,$0,$18,$199,$-44,$0,$0,$0,$0,$-3,$-9,$-56,$0,$0,$-155,$0,$0,$0,$-51,$-206,$-63,$0,$0
21,2013-06-30,9.07,$0.00,0.0,$14.29,0.63,$7.55,1.2,$0.99,9.16,$1.03B,$0.68B,1.51,$1.35B,$0.18B,7.65,$1.43B,$0.54B,37.66%,$1.43B,$0.17B,11.58%,$1.43B,$0.17B,11.58%,$1.43B,$0.37B,25.66%,$1.43B,$0.14B,9.69%,$1.43B,$0.10B,6.90%,$0.10B,$0.18B,69.96%,$0.10B,$-0.23B,-38.15%,$0.10B,$2.26B,4.40%,$0.17B,$1.52B,10.98%,$345,$215,$130,$0,$92,$307,$38,$-13,$25,$7,$19,$19,$19,$94,$38,$100,100,$0.18,$0.18,$367,$32,$23,$923,$0,$0,$406,$307,$722,$2199,$659,$1331,$14,$1385,$2044,$0,$159,$0,$155,$2199,$18,$47,$0,$47,$0,$0,$0,$0,$-10,$76,$-23,$0,$0,$0,$0,$-1,$-5,$-29,$0,$0,$-154,$0,$0,$0,$-49,$-203,$-156,$0,$0
22,2013-03-31,8.05,$0.00,0.0,$14.89,0.54,$7.26,1.11,$1.12,7.19,$0.92B,$0.66B,1.4,$1.33B,$0.16B,8.59,$1.47B,$0.57B,38.87%,$1.47B,$0.19B,12.96%,$1.47B,$0.19B,12.96%,$1.47B,$0.39B,26.53%,$1.47B,$0.16B,10.52%,$1.47B,$0.11B,7.53%,$0.11B,$0.16B,96.31%,$0.11B,$-0.25B,-38.64%,$0.11B,$2.20B,4.91%,$0.19B,$1.49B,12.50%,$377,$257,$120,$0,$103,$361,$16,$-13,$44,$7,$18,$18,$18,$85,$16,$97,97,$0.31,$0.31,$511,$30,$0,$1056,$0,$0,$406,$327,$742,$2354,$725,$1441,$15,$1495,$2220,$0,$136,$0,$134,$2354,$142,$205,$0,$205,$0,$0,$0,$0,$-29,$440,$-120,$0,$0,$0,$0,$-53,$-17,$-190,$0,$0,$-84,$0,$0,$-105,$71,$-118,$132,$0,$0
23,2012-12-31,8.14,$0.00,0.0,$15.71,0.52,$7.17,1.13,$1.41,5.77,$1.06B,$0.73B,1.46,$1.44B,$0.13B,10.75,$1.56B,$0.63B,40.36%,$1.56B,$0.23B,14.65%,$1.56B,$0.23B,14.65%,$1.56B,$0.43B,27.89%,$1.56B,$0.19B,12.47%,$1.56B,$0.14B,9.00%,$0.14B,$0.13B,146.60%,$0.14B,$-0.27B,-44.30%,$0.14B,$2.35B,6.06%,$0.23B,$1.58B,14.50%,$370,$215,$155,$0,$90,$304,$66,$-16,$44,$11,$33,$30,$30,$76,$66,$100,100,$0.32,$0.32,$411,$31,$0,$945,$0,$0,$390,$325,$730,$2200,$681,$1361,$17,$1418,$2099,$0,$99,$0,$101,$2200,$105,$146,$0,$146,$0,$0,$0,$0,$5,$319,$-94,$0,$2,$0,$0,$-51,$-12,$-155,$0,$-3,$81,$0,$0,$-98,$-88,$-108,$55,$0,$0
24,2012-09-30,8.5,$0.00,0.0,$16.17,0.53,$6.49,1.31,$1.30,6.54,$0.95B,$0.68B,1.39,$1.36B,$0.10B,13.52,$1.62B,$0.74B,45.82%,$1.62B,$0.34B,21.18%,$1.62B,$0.34B,21.18%,$1.62B,$0.54B,33.50%,$1.62B,$0.17B,10.28%,$1.62B,$0.13B,8.05%,$0.13B,$0.10B,175.08%,$0.13B,$-0.29B,-37.60%,$0.13B,$2.20B,5.70%,$0.34B,$1.46B,22.09%,$382,$214,$168,$0,$97,$311,$71,$-29,$42,$13,$31,$32,$32,$113,$71,$99,99,$0.31,$0.31,$436,$33,$24,$983,$0,$0,$407,$345,$766,$2290,$642,$1516,$20,$1577,$2219,$0,$69,$0,$71,$2290,$75,$99,$0,$99,$0,$0,$0,$0,$-26,$190,$-73,$0,$2,$0,$0,$-171,$-10,$-252,$0,$0,$130,$0,$0,$-67,$-48,$15,$-47,$0,$0
25,2012-06-30,5.69,$0.00,0.0,$16.99,0.33,$6.68,0.85,$1.52,3.74,$0.98B,$0.64B,1.53,$1.52B,$0.07B,21.35,$1.69B,$0.80B,47.05%,$1.69B,$0.37B,21.90%,$1.69B,$0.37B,21.90%,$1.69B,$0.57B,33.35%,$1.69B,$0.19B,11.33%,$1.69B,$0.15B,8.97%,$0.15B,$0.07B,221.09%,$0.15B,$-0.34B,-41.16%,$0.15B,$2.29B,6.58%,$0.37B,$1.59B,23.60%,$427,$242,$185,$0,$110,$352,$75,$-11,$64,$11,$31,$31,$31,$117,$75,$100,100,$0.47,$0.47,$401,$44,$29,$977,$0,$0,$442,$382,$834,$2391,$661,$1588,$22,$1654,$2315,$0,$75,$0,$76,$2391,$47,$53,$0,$53,$0,$0,$0,$0,$-33,$81,$-37,$0,$0,$0,$0,$-167,$-5,$-209,$0,$0,$138,$0,$0,$-51,$-49,$38,$-89,$0,$0
26,2012-03-31,11.38,$0.00,0.0,$17.86,0.64,$7.32,1.55,$1.93,5.89,$0.98B,$0.66B,1.48,$1.59B,$0.08B,20.9,$1.78B,$0.86B,48.34%,$1.78B,$0.42B,23.41%,$1.78B,$0.42B,23.41%,$1.78B,$0.61B,34.55%,$1.78B,$0.24B,13.73%,$1.78B,$0.19B,10.80%,$0.19B,$0.08B,263.92%,$0.19B,$-0.37B,-61.39%,$0.19B,$2.39B,8.48%,$0.42B,$1.66B,27.15%,$436,$204,$232,$0,$102,$306,$130,$-12,$16,$17,$47,$47,$47,$128,$130,$100,100,$0.20,$0.20,$317,$44,$24,$872,$0,$0,$440,$350,$800,$2239,$693,$1432,$19,$1497,$2190,$0,$46,$0,$49,$2239,$216,$193,$0,$193,$0,$0,$0,$0,$-131,$349,$-86,$0,$-382,$0,$0,$52,$-17,$-433,$0,$0,$472,$0,$0,$-225,$-61,$186,$101,$0,$0
27,2011-12-31,15.05,$0.00,0.0,$18.21,0.83,$8.15,1.85,$2.35,6.4,$0.87B,$0.69B,1.26,$1.43B,$0.05B,29.22,$1.81B,$0.91B,50.61%,$1.81B,$0.48B,26.36%,$1.81B,$0.48B,26.36%,$1.81B,$0.67B,37.04%,$1.81B,$0.30B,16.39%,$1.81B,$0.23B,12.90%,$0.23B,$0.05B,296.82%,$0.23B,$-0.39B,-94.33%,$0.23B,$2.24B,10.69%,$0.48B,$1.48B,32.45%,$449,$237,$212,$0,$117,$354,$95,$-24,$70,$13,$3,$20,$20,$183,$95,$99,99,$0.54,$0.54,$363,$37,$23,$925,$0,$0,$463,$345,$818,$2320,$694,$1478,$28,$1547,$2241,$0,$78,$0,$79,$2320,$202,$140,$0,$140,$0,$0,$0,$0,$-170,$299,$-58,$0,$-393,$0,$0,$1,$-15,$-465,$0,$0,$488,$0,$0,$-169,$-62,$257,$91,$0,$0
28,2011-09-30,17.97,$0.00,0.0,$19.05,0.94,$11.61,1.55,$3.14,5.72,$0.93B,$0.69B,1.33,$1.48B,$0.08B,18.71,$1.84B,$0.88B,47.61%,$1.84B,$0.42B,22.85%,$1.84B,$0.42B,22.85%,$1.84B,$0.62B,33.51%,$1.84B,$0.41B,22.47%,$1.84B,$0.30B,16.49%,$0.30B,$0.08B,335.73%,$0.30B,$-0.38B,-169.99%,$0.30B,$2.32B,14.84%,$0.42B,$1.56B,30.08%,$465,$235,$230,$0,$114,$349,$116,$-22,$94,$16,$54,$54,$54,$137,$116,$99,99,$0.72,$0.72,$561,$40,$21,$1082,$0,$0,$197,$251,$448,$2104,$653,$1340,$6,$1364,$2017,$0,$93,$0,$87,$2104,$161,$98,$0,$98,$0,$0,$0,$0,$-73,$219,$-39,$0,$0,$0,$0,$2,$-12,$-49,$0,$0,$252,$0,$0,$-98,$-33,$121,$291,$0,$0
29,2011-06-30,23.85,$0.00,0.0,$19.30,1.24,$13.23,1.8,$3.51,6.8,$1.08B,$0.65B,1.66,$1.34B,$0.09B,15.4,$1.86B,$0.91B,48.68%,$1.86B,$0.47B,25.31%,$1.86B,$0.47B,25.31%,$1.86B,$0.68B,36.49%,$1.86B,$0.47B,24.99%,$1.86B,$0.34B,18.27%,$0.34B,$0.09B,341.71%,$0.34B,$-0.11B,-322.27%,$0.34B,$2.10B,17.94%,$0.47B,$1.43B,36.19%,$456,$216,$240,$0,$105,$321,$135,$-19,$116,$23,$71,$71,$71,$166,$135,$99,99,$0.89,$0.89,$587,$35,$19,$1071,$0,$0,$202,$204,$406,$2056,$630,$1303,$6,$1327,$1957,$0,$105,$0,$99,$2056,$88,$48,$0,$48,$0,$0,$0,$0,$-35,$148,$-23,$0,$0,$0,$0,$1,$-10,$-32,$0,$0,$247,$0,$0,$-9,$-35,$203,$319,$0,$0
30,2011-03-31,26.96,$0.00,0.0,$19.00,1.42,$13.82,1.95,$3.64,7.41,$1.07B,$0.63B,1.7,$1.30B,$0.10B,13.16,$1.83B,$0.90B,48.91%,$1.83B,$0.48B,26.42%,$1.83B,$0.48B,26.42%,$1.83B,$0.69B,37.50%,$1.83B,$0.48B,26.42%,$1.83B,$0.35B,19.27%,$0.35B,$0.10B,338.61%,$0.35B,$-0.10B,-345.23%,$0.35B,$2.06B,19.97%,$0.48B,$1.40B,39.32%,$468,$275,$193,$0,$119,$394,$74,$-16,$133,$28,$88,$88,$88,$183,$74,$90,90,$1.00,$0.99,$264,$30,$18,$728,$0,$0,$212,$168,$380,$1689,$467,$1103,$5,$1126,$1593,$0,$102,$0,$96,$1689,$364,$204,$0,$204,$0,$0,$0,$0,$-80,$671,$-123,$0,$-44,$0,$0,$0,$-84,$-251,$0,$0,$-99,$0,$0,$-372,$-53,$-524,$-104,$0,$0
31,2010-12-31,26.61,$0.00,0.0,$18.69,1.42,$13.77,1.93,$3.60,7.39,$0.73B,$0.47B,1.56,$1.10B,$0.10B,11.49,$1.80B,$0.87B,48.06%,$1.80B,$0.47B,26.19%,$1.80B,$0.47B,26.19%,$1.80B,$0.68B,37.51%,$1.80B,$0.48B,26.69%,$1.80B,$0.35B,19.42%,$0.35B,$0.10B,322.58%,$0.35B,$-0.12B,-368.42%,$0.35B,$1.69B,21.02%,$0.47B,$1.20B,40.08%,$472,$229,$243,$0,$97,$326,$146,$-24,$122,$29,$104,$90,$90,$130,$146,$99,99,$0.92,$0.91,$325,$31,$20,$803,$0,$0,$209,$163,$372,$1732,$529,$1062,$5,$1087,$1616,$0,$120,$0,$116,$1732,$265,$148,$0,$148,$0,$0,$0,$0,$0,$488,$-87,$0,$-29,$0,$0,$-40,$-38,$-194,$0,$-2,$-94,$0,$0,$-174,$-58,$-328,$-34,$0,$0
32,2010-09-30,23.92,$0.00,0.0,$17.89,1.34,$12.21,1.96,$3.34,7.16,$0.80B,$0.53B,1.52,$1.06B,$0.12B,9.16,$1.77B,$0.85B,48.30%,$1.77B,$0.47B,26.64%,$1.77B,$0.47B,26.64%,$1.77B,$0.67B,37.78%,$1.77B,$0.46B,25.90%,$1.77B,$0.33B,18.78%,$0.33B,$0.12B,303.89%,$0.33B,$-0.09B,-376.20%,$0.33B,$1.73B,19.94%,$0.47B,$1.18B,39.92%,$436,$216,$220,$0,$91,$307,$129,$-16,$113,$31,$91,$91,$91,$200,$129,$99,99,$0.85,$0.85,$258,$31,$15,$714,$0,$0,$203,$148,$351,$1594,$423,$1039,$5,$1065,$1488,$0,$108,$0,$106,$1594,$165,$94,$0,$94,$0,$0,$0,$0,$-48,$293,$-55,$0,$0,$0,$0,$-35,$-55,$-145,$0,$-2,$-44,$0,$0,$-158,$-26,$-230,$-82,$0,$0
33,2010-06-30,19.14,$0.00,0.0,$17.59,1.09,$11.84,1.62,$3.20,5.98,$0.71B,$0.42B,1.69,$1.04B,$0.11B,9.8,$1.74B,$0.83B,47.59%,$1.74B,$0.45B,25.83%,$1.74B,$0.45B,25.83%,$1.74B,$0.65B,37.14%,$1.74B,$0.43B,24.57%,$1.74B,$0.32B,18.25%,$0.32B,$0.11B,300.00%,$0.32B,$-0.10B,-368.70%,$0.32B,$1.59B,19.21%,$0.45B,$1.15B,37.84%,$426,$216,$210,$0,$87,$303,$123,$-10,$113,$29,$84,$84,$84,$174,$123,$99,99,$0.86,$0.85,$269,$36,$19,$743,$0,$0,$190,$157,$347,$1645,$430,$1073,$4,$1099,$1529,$0,$122,$0,$116,$1645,$85,$49,$0,$49,$0,$0,$0,$0,$-24,$148,$-28,$0,$0,$0,$0,$-37,$-16,$-81,$0,$-1,$-46,$0,$0,$-69,$-28,$-144,$-77,$0,$0
34,2010-03-31,25.23,$0.00,0.0,$17.33,1.46,$11.70,2.16,$3.06,8.24,$0.74B,$0.43B,1.73,$1.07B,$0.12B,9.25,$1.72B,$0.81B,47.20%,$1.72B,$0.43B,25.29%,$1.72B,$0.43B,25.29%,$1.72B,$0.64B,37.47%,$1.72B,$0.41B,23.95%,$1.72B,$0.31B,17.77%,$0.31B,$0.12B,288.42%,$0.31B,$-0.07B,-374.23%,$0.31B,$1.65B,18.24%,$0.43B,$1.19B,36.12%,$434,$253,$181,$0,$108,$361,$73,$-17,$110,$28,$85,$85,$85,$172,$73,$99,99,$0.73,$0.73,$311,$39,$18,$786,$0,$0,$188,$161,$349,$1690,$454,$1109,$4,$1137,$1591,$0,$105,$0,$99,$1690,$313,$200,$0,$200,$0,$0,$0,$0,$-5,$553,$-106,$0,$0,$0,$0,$-56,$-45,$-207,$0,$2,$173,$0,$0,$-314,$-41,$-180,$166,$0,$0
35,2009-12-31,23.21,$0.00,0.0,$16.80,1.38,$11.55,2.01,$3.05,7.61,$0.79B,$0.45B,1.73,$1.11B,$0.10B,11.2,$1.66B,$0.78B,46.90%,$1.66B,$0.42B,25.02%,$1.66B,$0.42B,25.02%,$1.66B,$0.62B,37.04%,$1.66B,$0.41B,24.65%,$1.66B,$0.30B,18.22%,$0.30B,$0.10B,294.17%,$0.30B,$-0.09B,-396.08%,$0.30B,$1.69B,19.20%,$0.42B,$1.21B,37.07%,$446,$228,$218,$0,$93,$321,$125,$-33,$92,$28,$82,$72,$72,$122,$125,$99,100,$0.78,$0.77,$317,$33,$19,$790,$0,$0,$188,$165,$353,$1693,$447,$1112,$5,$1143,$1590,$0,$109,$0,$103,$1693,$242,$151,$0,$151,$0,$0,$0,$0,$-2,$443,$-75,$0,$0,$0,$0,$-33,$-36,$-144,$0,$0,$175,$0,$0,$-239,$-48,$-112,$187,$0,$0
36,2009-09-30,21.5,$0.00,0.0,$16.59,1.3,$10.63,2.02,$2.97,7.24,$0.79B,$0.45B,1.77,$1.11B,$0.10B,10.8,$1.64B,$0.86B,52.25%,$1.64B,$0.54B,32.70%,$1.64B,$0.54B,32.70%,$1.64B,$0.72B,43.97%,$1.64B,$0.36B,21.99%,$1.64B,$0.30B,17.97%,$0.30B,$0.10B,292.80%,$0.30B,$-0.09B,-386.89%,$0.30B,$1.69B,19.51%,$0.54B,$1.22B,50.35%,$410,$209,$201,$0,$88,$297,$113,$-17,$96,$15,$77,$77,$77,$179,$113,$99,99,$0.72,$0.71,$312,$29,$51,$785,$0,$0,$183,$158,$341,$1659,$423,$1089,$4,$1131,$1554,$0,$108,$0,$105,$1659,$159,$97,$0,$97,$0,$0,$0,$0,$-49,$274,$-50,$0,$0,$0,$0,$0,$-21,$-71,$0,$0,$210,$0,$0,$0,$-171,$39,$242,$0,$0
37,2009-06-30,18.27,$0.00,0.0,$16.98,1.08,$9.69,1.88,$2.92,6.26,$0.79B,$0.42B,1.86,$1.09B,$0.11B,10.37,$1.68B,$0.87B,51.97%,$1.68B,$0.54B,32.30%,$1.68B,$0.54B,32.30%,$1.68B,$0.73B,43.27%,$1.68B,$0.37B,21.81%,$1.68B,$0.29B,17.16%,$0.29B,$0.11B,284.44%,$0.29B,$-0.08B,-369.23%,$0.29B,$1.66B,19.39%,$0.54B,$1.19B,52.18%,$373,$193,$180,$0,$75,$268,$105,$7,$112,$25,$71,$71,$71,$170,$105,$98,99,$0.85,$0.84,$36,$31,$33,$462,$0,$0,$159,$146,$305,$1269,$355,$767,$0,$809,$1164,$0,$103,$0,$105,$1269,$83,$40,$0,$40,$0,$0,$0,$0,$1,$132,$-27,$0,$0,$0,$0,$0,$-11,$-38,$0,$0,$-39,$0,$0,$-64,$-20,$-123,$-29,$0,$0
38,2009-03-31,14.18,$0.00,0.0,$17.64,0.8,$8.67,1.64,$2.90,4.89,$0.46B,$0.36B,1.3,$0.77B,$0.11B,7.31,$1.75B,$0.90B,51.81%,$1.75B,$0.56B,31.98%,$1.75B,$0.56B,31.98%,$1.75B,$0.74B,42.64%,$1.75B,$0.37B,20.97%,$1.75B,$0.29B,16.39%,$0.29B,$0.11B,278.35%,$0.29B,$-0.05B,-352.00%,$0.29B,$1.27B,19.38%,$0.56B,$0.87B,54.19%,$413,$154,$259,$0,$65,$219,$194,$0,$61,$29,$83,$83,$83,$145,$194,$98,98,$0.65,$0.65,$72,$31,$0,$522,$0,$0,$178,$158,$336,$1426,$396,$895,$4,$940,$1336,$0,$93,$0,$90,$1426,$259,$198,$0,$198,$0,$0,$0,$0,$-180,$464,$-108,$0,$0,$0,$0,$10,$-46,$-144,$0,$0,$-49,$0,$0,$-401,$-38,$-488,$-168,$0,$0
39,2008-12-31,14.26,$0.00,0.0,$18.40,0.77,$7.81,1.83,$2.84,5.02,$0.52B,$0.40B,1.32,$0.90B,$0.09B,9.94,$1.82B,$0.93B,50.85%,$1.82B,$0.57B,31.19%,$1.82B,$0.57B,31.19%,$1.82B,$0.77B,42.06%,$1.82B,$0.36B,19.82%,$1.82B,$0.28B,15.38%,$0.28B,$0.09B,268.59%,$0.28B,$-0.09B,-318.18%,$0.28B,$1.43B,17.59%,$0.57B,$0.99B,52.57%,$482,$250,$232,$0,$102,$352,$130,$-33,$97,$18,$43,$64,$64,$228,$130,$98,99,$0.72,$0.72,$57,$40,$0,$574,$0,$0,$197,$178,$375,$1588,$438,$999,$5,$1045,$1483,$0,$105,$0,$105,$1588,$217,$164,$0,$164,$0,$0,$0,$0,$-173,$371,$-99,$0,$0,$0,$0,$4,$-22,$-117,$0,$0,$-54,$0,$0,$-358,$-51,$-463,$-209,$0,$0
40,2008-09-30,18.71,$0.00,0.0,$18.41,1.02,$7.33,2.55,$2.68,6.98,$0.57B,$0.44B,1.31,$1.00B,$0.11B,9.51,$1.82B,$0.79B,43.19%,$1.82B,$0.40B,21.87%,$1.82B,$0.40B,21.87%,$1.82B,$0.62B,34.01%,$1.82B,$0.39B,21.15%,$1.82B,$0.26B,14.51%,$0.26B,$0.11B,194.48%,$0.26B,$-0.09B,-467.26%,$0.26B,$1.59B,16.07%,$0.40B,$1.10B,36.03%,$477,$244,$233,$0,$104,$348,$129,$-33,$96,$27,$70,$70,$70,$183,$129,$98,99,$0.70,$0.69,$58,$45,$0,$574,$0,$0,$202,$182,$384,$1621,$417,$1047,$5,$1093,$1510,$0,$111,$0,$111,$1621,$150,$111,$0,$111,$0,$0,$0,$0,$-91,$194,$-70,$0,$0,$0,$0,$0,$-9,$-79,$0,$176,$-194,$0,$0,$-285,$-26,$-329,$-214,$0,$0
41,2008-06-30,20.8,$0.00,0.0,$17.54,1.19,$6.89,3.02,$2.64,7.88,$0.57B,$0.42B,1.38,$1.05B,$0.11B,9.43,$1.73B,$0.74B,42.49%,$1.73B,$0.36B,20.75%,$1.73B,$0.36B,20.75%,$1.73B,$0.58B,33.58%,$1.73B,$0.36B,20.81%,$1.73B,$0.26B,15.09%,$0.26B,$0.11B,156.99%,$0.26B,$-0.09B,1122.58%,$0.26B,$1.62B,16.34%,$0.36B,$1.16B,33.53%,$449,$247,$202,$0,$87,$334,$115,$-8,$107,$27,$69,$69,$69,$188,$115,$98,99,$0.79,$0.78,$232,$67,$0,$739,$0,$0,$192,$163,$355,$1731,$611,$964,$5,$1009,$1620,$0,$125,$0,$111,$1731,$77,$52,$0,$52,$0,$0,$0,$0,$-115,$53,$-33,$0,$0,$0,$0,$3,$-1,$-31,$0,$0,$-16,$0,$0,$-5,$-25,$-46,$-24,$0,$0
42,2008-03-31,18.71,$0.00,0.0,$16.21,1.15,$6.95,2.69,$2.46,7.6,$0.74B,$0.61B,1.21,$0.96B,$0.11B,8.69,$1.60B,$0.66B,41.35%,$1.60B,$0.31B,19.49%,$1.60B,$0.31B,19.49%,$1.60B,$0.56B,35.34%,$1.60B,$0.34B,21.37%,$1.60B,$0.24B,15.16%,$0.24B,$0.11B,128.55%,$0.24B,$-0.08B,252.74%,$0.24B,$1.73B,15.96%,$0.31B,$1.08B,30.72%,$412,$293,$119,$0,$95,$388,$24,$-19,$85,$30,$77,$77,$77,$167,$24,$98,98,$0.49,$0.49,$237,$64,$0,$695,$0,$0,$178,$142,$320,$1631,$495,$865,$4,$920,$1415,$0,$216,$0,$216,$1631,$227,$201,$0,$201,$0,$0,$0,$0,$-6,$427,$-120,$0,$0,$0,$0,$-28,$0,$-148,$0,$0,$109,$0,$0,$-166,$0,$-57,$222,$0,$0
43,2007-12-31,17.55,$0.00,0.0,$15.20,1.15,$7.22,2.43,$2.19,8.02,$0.70B,$0.50B,1.4,$0.87B,$0.22B,4.01,$1.49B,$0.62B,41.26%,$1.49B,$0.27B,18.02%,$1.49B,$0.27B,18.02%,$1.49B,$0.47B,31.48%,$1.49B,$0.31B,20.56%,$1.49B,$0.22B,14.40%,$0.22B,$0.22B,102.75%,$0.22B,$0.04B,130.50%,$0.22B,$1.63B,15.25%,$0.27B,$1.08B,27.54%,$392,$211,$181,$0,$90,$301,$91,$-19,$72,$25,$60,$48,$48,$81,$91,$98,98,$0.69,$0.68,$130,$36,$0,$531,$0,$0,$0,$291,$291,$1406,$386,$742,$4,$793,$1179,$0,$0,$0,$227,$1406,$172,$144,$0,$144,$0,$0,$0,$0,$-7,$317,$-90,$0,$0,$0,$0,$-16,$0,$-106,$0,$0,$0,$0,$0,$-95,$0,$-95,$116,$0,$0
