,Date,Stock Price,Book Value per Share,Price to Book Ratio,TTM Sales per Share,Price to Sales Ratio,TTM FCF per Share,Price to FCF Ratio,TTM Net EPS,PE Ratio,Current Assets,Current Liabilities,Current Ratio,Long Term Debt,Shareholder's Equity_x,Debt to Equity Ratio,TTM Revenue_x,TTM Gross Profit,Gross Margin,TTM Revenue_y,TTM Operating Income,Operating Margin,TTM Revenue_x,TTM EBIT,EBIT Margin,TTM Revenue_y,TTM EBITDA,EBITDA Margin,TTM Revenue_x,TTM Pre-Tax Income,Pre-Tax Margin,TTM Revenue_y,TTM Net Income_x,Net Margin,TTM Net Income_y,Shareholder's Equity_y,Return on Equity,TTM Net Income_x,Tangible Equity,Return on Tangible Equity,TTM Net Income_y,Total Assets,Return on Assets,TTM Net Income,LT Investments & Debt,Return on Investment,revenue,cost-goods-sold,gross-profit,research-development-expenses,selling-general-administrative-expenses,operating-expenses,operating-income,total-non-operating-income-expense,pre-tax-income,total-provision-income-taxes,income-after-taxes,income-from-continuous-operations,net-income,ebitda,ebit,basic-shares-outstanding,shares-outstanding,eps-basic-net-earnings-per-share,eps-earnings-per-share-diluted,cash-on-hand,inventory,other-current-assets,total-current-assets,net-property-plant-equipment,long-term-investments,goodwill-intangible-assets-total,other-long-term-assets,total-long-term-assets,total-assets,total-current-liabilities,long-term-debt,other-non-current-liabilities,total-long-term-liabilities,total-liabilities,common-stock-net,retained-earnings-accumulated-deficit,comprehensive-income,total-share-holder-equity,total-liabilities-share-holders-equity,net-income-loss,total-depreciation-amortization-cash-flow,other-non-cash-items,total-non-cash-items,change-in-accounts-receivable,change-in-inventories,change-in-accounts-payable,change-in-assets-liabilities,total-change-in-assets-liabilities,cash-flow-from-operating-activities,net-change-in-property-plant-equipment,net-change-in-intangible-assets,net-acquisitions-divestitures,net-change-in-short-term-investments,net-change-in-long-term-investments,net-change-in-investments-total,investing-activities-other,cash-flow-from-investing-activities,net-long-term-debt,net-current-debt,debt-issuance-retirement-net-total,net-common-equity-issued-repurchased,net-total-equity-issued-repurchased,total-common-preferred-stock-dividends-paid,financial-activities-other,cash-flow-from-financial-activities,net-cash-flow,stock-based-compensation,common-stock-dividends-paid
0,2018-09-30,10.5,$1.39,7.57,$2.35,4.48,$-1.61,0.0,$-0.49,0.0,$0.02B,$0.01B,2.86,$0.00B,$0.02B,0.01,$0.03B,$0.01B,40.63%,$0.03B,$-0.01B,-21.88%,$0.03B,$-0.01B,-21.88%,$0.03B,$-0.01B,-18.75%,$0.03B,$-0.01B,-21.88%,$0.03B,$-0.01B,-21.88%,$-0.01B,$0.02B,-35.44%,$-0.01B,$0.02B,-42.42%,$-0.01B,$0.03B,-27.18%,$-0.01B,$0.02B,-35.44%,$9,$7,$3,$2,$3,$12,$-2,$0,$-2,$0,$-2,$-2,$-2,$-2,$-2,$14,14,$-0.16,$-0.16,$7,$6,$0,$22,$2,$0,$3,$0,$6,$28,$8,$0,$0,$1,$8,$0,$-55,$0,$20,$28,$-5,$1,$0,$1,$-6,$-2,$0,$-0,$-4,$-8,$-0,$0,$0,$0,$0,$0,$0,$-0,$-0,$0,$-0,$11,$11,$0,$0,$11,$3,$0,$0
1,2018-06-30,11.1,$1.55,7.15,$2.30,4.83,$-1.69,0.0,$-0.38,0.0,$0.02B,$0.01B,3.53,$0.00B,$0.02B,0.02,$0.03B,$0.01B,45.16%,$0.03B,$-0.01B,-19.35%,$0.03B,$-0.01B,-19.35%,$0.03B,$-0.00B,-12.90%,$0.03B,$-0.01B,-19.35%,$0.03B,$-0.01B,-19.35%,$-0.01B,$0.02B,-32.43%,$-0.01B,$0.02B,-39.34%,$-0.01B,$0.03B,-25.53%,$-0.01B,$0.02B,-32.43%,$9,$6,$3,$2,$3,$10,$-2,$0,$-2,$0,$-2,$-2,$-2,$-2,$-2,$14,14,$-0.12,$-0.12,$10,$6,$0,$24,$2,$0,$3,$0,$6,$29,$7,$0,$0,$1,$7,$0,$-52,$0,$22,$29,$-2,$0,$0,$1,$-5,$-2,$0,$0,$-3,$-5,$-0,$0,$0,$0,$0,$0,$0,$-0,$0,$0,$0,$11,$11,$0,$0,$11,$6,$0,$0
2,2018-03-31,8.0,$1.68,4.76,$2.02,3.96,$-1.81,0.0,$-0.44,0.0,$0.02B,$0.00B,5.17,$0.00B,$0.02B,0.0,$0.03B,$0.01B,50.00%,$0.03B,$-0.01B,-23.08%,$0.03B,$-0.01B,-23.08%,$0.03B,$-0.00B,-15.38%,$0.03B,$-0.01B,-23.08%,$0.03B,$-0.01B,-23.08%,$-0.01B,$0.02B,-35.82%,$-0.01B,$0.02B,-44.44%,$-0.01B,$0.03B,-28.24%,$-0.01B,$0.02B,-35.82%,$8,$4,$4,$2,$2,$8,$-1,$0,$-1,$0,$-1,$-1,$-1,$-0,$-1,$13,13,$-0.05,$-0.05,$12,$6,$0,$23,$2,$0,$3,$1,$6,$29,$4,$0,$0,$0,$5,$0,$-51,$0,$24,$29,$-1,$0,$0,$0,$-2,$-1,$0,$-0,$-2,$-2,$-0,$0,$0,$0,$0,$0,$0,$-0,$0,$0,$0,$11,$11,$0,$0,$11,$9,$0,$0
3,2017-12-31,8.2,$1.06,7.72,$1.95,4.2,$-1.96,0.0,$-0.52,0.0,$0.01B,$0.00B,3.51,$0.00B,$0.01B,0.01,$0.02B,$0.01B,50.00%,$0.02B,$-0.01B,-29.17%,$0.02B,$-0.01B,-29.17%,$0.02B,$-0.01B,-20.83%,$0.02B,$-0.01B,-29.17%,$0.02B,$-0.01B,-29.17%,$-0.01B,$0.01B,-46.67%,$-0.01B,$0.01B,-57.14%,$-0.01B,$0.02B,-36.36%,$-0.01B,$0.01B,-46.67%,$6,$3,$3,$3,$2,$8,$-2,$-0,$-2,$0,$-2,$-2,$-2,$-2,$-2,$12,12,$-0.16,$-0.16,$4,$4,$0,$11,$2,$0,$3,$1,$6,$17,$3,$0,$0,$0,$4,$0,$-50,$0,$13,$17,$-6,$1,$0,$2,$1,$-1,$0,$-1,$-0,$-5,$-1,$0,$0,$0,$0,$0,$-1,$-2,$0,$0,$0,$0,$0,$0,$0,$0,$-7,$0,$0
4,2017-09-30,6.2,$1.21,5.11,$1.87,3.32,$-2.11,0.0,$-0.57,0.0,$0.01B,$0.00B,3.55,$0.00B,$0.02B,0.01,$0.02B,$0.01B,50.00%,$0.02B,$-0.01B,-36.36%,$0.02B,$-0.01B,-36.36%,$0.02B,$-0.01B,-22.73%,$0.02B,$-0.01B,-36.36%,$0.02B,$-0.01B,-36.36%,$-0.01B,$0.02B,-50.00%,$-0.01B,$0.01B,-57.14%,$-0.01B,$0.02B,-39.51%,$-0.01B,$0.02B,-50.00%,$8,$4,$4,$2,$2,$8,$-1,$0,$-1,$0,$-1,$-1,$-1,$-0,$-1,$12,12,$-0.05,$-0.05,$2,$5,$0,$14,$2,$0,$3,$0,$6,$19,$4,$0,$0,$0,$4,$0,$-48,$0,$15,$19,$-4,$1,$0,$1,$-2,$-2,$0,$-0,$-4,$-7,$-1,$0,$-1,$0,$0,$0,$0,$-2,$0,$0,$0,$0,$0,$0,$0,$0,$-9,$0,$0
5,2017-06-30,6.05,$1.25,4.83,$1.59,3.81,$-1.98,0.0,$-0.71,0.0,$0.01B,$0.00B,3.66,$0.00B,$0.02B,0.0,$0.02B,$0.01B,50.00%,$0.02B,$-0.01B,-50.00%,$0.02B,$-0.01B,-50.00%,$0.02B,$-0.01B,-38.89%,$0.02B,$-0.01B,-50.00%,$0.02B,$-0.01B,-50.00%,$-0.01B,$0.02B,-52.17%,$-0.01B,$0.01B,-56.25%,$-0.01B,$0.02B,-42.35%,$-0.01B,$0.02B,-52.17%,$4,$2,$2,$2,$2,$6,$-2,$0,$-2,$0,$-2,$-2,$-2,$-2,$-2,$12,12,$-0.18,$-0.18,$4,$5,$0,$14,$2,$0,$3,$0,$5,$20,$4,$0,$0,$0,$4,$0,$-47,$0,$15,$20,$-4,$1,$0,$1,$-1,$-2,$0,$-0,$-3,$-5,$-1,$0,$-1,$0,$0,$0,$0,$-1,$0,$0,$0,$0,$0,$0,$0,$0,$-7,$0,$0
6,2017-03-31,5.3,$1.41,3.75,$1.59,3.33,$-1.90,0.0,$-1.39,0.0,$0.02B,$0.00B,4.53,$0.00B,$0.02B,0.0,$0.02B,$0.01B,52.94%,$0.02B,$-0.01B,-52.94%,$0.02B,$-0.01B,-52.94%,$0.02B,$-0.01B,-41.18%,$0.02B,$-0.01B,-52.94%,$0.02B,$-0.02B,-88.24%,$-0.02B,$0.02B,-95.24%,$-0.02B,$0.02B,-98.36%,$-0.02B,$0.02B,-76.92%,$-0.01B,$0.02B,-57.14%,$6,$3,$3,$2,$2,$8,$-2,$0,$-2,$0,$-2,$-2,$-2,$-1,$-2,$12,12,$-0.13,$-0.13,$6,$4,$0,$16,$2,$0,$3,$0,$5,$21,$4,$0,$0,$0,$4,$0,$-45,$0,$17,$21,$-2,$0,$0,$1,$-2,$-0,$0,$-0,$-3,$-4,$-0,$0,$-1,$0,$0,$0,$0,$-1,$0,$0,$0,$0,$0,$0,$0,$0,$-5,$0,$0
7,2016-12-31,6.8,$1.43,4.76,$1.76,3.86,$-1.85,0.0,$-1.29,0.0,$0.02B,$0.00B,5.32,$0.00B,$0.02B,0.0,$0.02B,$0.01B,50.00%,$0.02B,$-0.01B,-38.89%,$0.02B,$-0.01B,-38.89%,$0.02B,$-0.01B,-33.33%,$0.02B,$-0.01B,-38.89%,$0.02B,$-0.01B,-72.22%,$-0.01B,$0.02B,-82.54%,$-0.01B,$0.02B,-82.54%,$-0.01B,$0.02B,-67.53%,$-0.01B,$0.02B,-44.44%,$4,$3,$2,$2,$2,$7,$-3,$0,$-3,$0,$-3,$-3,$-3,$-2,$-3,$11,11,$-0.18,$-0.18,$11,$3,$0,$18,$2,$0,$0,$1,$2,$21,$3,$0,$0,$0,$3,$0,$-44,$0,$17,$21,$-13,$1,$6,$7,$-1,$0,$0,$-0,$-1,$-7,$-0,$0,$0,$0,$0,$0,$-1,$-1,$0,$0,$0,$13,$13,$0,$0,$13,$5,$0,$0
8,2016-09-30,7.4,$1.63,4.53,$1.82,4.07,$-1.07,0.0,$-1.15,0.0,$0.02B,$0.00B,6.77,$0.00B,$0.02B,0.0,$0.02B,$0.01B,50.00%,$0.02B,$-0.01B,-27.78%,$0.02B,$-0.01B,-27.78%,$0.02B,$-0.01B,-27.78%,$0.02B,$-0.01B,-27.78%,$0.02B,$-0.01B,-61.11%,$-0.01B,$0.02B,-68.75%,$-0.01B,$0.02B,-68.75%,$-0.01B,$0.02B,-57.14%,$-0.01B,$0.02B,-31.25%,$4,$2,$2,$2,$2,$6,$-2,$0,$-2,$0,$-2,$-2,$-2,$-2,$-2,$11,11,$-0.19,$-0.19,$12,$3,$0,$21,$2,$0,$0,$0,$2,$23,$3,$0,$0,$0,$3,$0,$-41,$0,$20,$23,$-11,$1,$6,$7,$-2,$0,$0,$0,$-2,$-6,$-0,$0,$0,$0,$0,$0,$0,$-0,$0,$0,$0,$13,$13,$0,$0,$13,$7,$0,$0
9,2016-06-30,8.19,$0.95,8.66,$2.20,3.73,$-0.87,0.0,$-1.01,0.0,$0.01B,$0.00B,2.94,$0.00B,$0.01B,0.0,$0.02B,$0.01B,47.62%,$0.02B,$-0.00B,-19.05%,$0.02B,$-0.00B,-19.05%,$0.02B,$-0.00B,-14.29%,$0.02B,$-0.00B,-19.05%,$0.02B,$-0.01B,-42.86%,$-0.01B,$0.01B,-58.06%,$-0.01B,$0.01B,-58.06%,$-0.01B,$0.01B,-46.75%,$-0.00B,$0.01B,-25.81%,$3,$2,$2,$2,$2,$6,$-2,$0,$-2,$6,$-8,$-8,$-8,$-2,$-2,$10,10,$-0.86,$-0.86,$1,$3,$0,$10,$2,$0,$0,$0,$2,$13,$4,$0,$0,$0,$4,$0,$-39,$0,$9,$13,$-9,$1,$6,$7,$-2,$0,$0,$0,$-2,$-4,$-0,$0,$0,$0,$0,$0,$0,$-0,$0,$0,$0,$0,$0,$0,$0,$0,$-4,$0,$0
10,2016-03-31,5.99,$1.80,3.32,$2.56,2.34,$-0.73,0.0,$-0.22,0.0,$0.01B,$0.00B,4.36,$0.00B,$0.02B,0.0,$0.03B,$0.01B,44.00%,$0.03B,$-0.00B,-12.00%,$0.03B,$-0.00B,-12.00%,$0.03B,$-0.00B,-8.00%,$0.03B,$-0.00B,-12.00%,$0.03B,$-0.00B,-8.00%,$-0.00B,$0.02B,-11.11%,$-0.00B,$0.02B,-11.27%,$-0.00B,$0.02B,-9.09%,$-0.00B,$0.02B,-16.67%,$7,$3,$3,$2,$2,$7,$-0,$0,$-0,$-0,$-0,$-0,$-0,$-0,$-0,$10,10,$-0.03,$-0.03,$3,$3,$0,$12,$2,$0,$0,$0,$8,$20,$3,$0,$0,$0,$3,$0,$-31,$0,$17,$20,$-0,$0,$-0,$0,$-2,$0,$0,$0,$-3,$-3,$-0,$0,$0,$0,$0,$0,$0,$-0,$0,$0,$0,$0,$0,$0,$0,$0,$-3,$0,$0
11,2015-12-31,5.33,$1.83,2.91,$2.52,2.12,$-0.59,0.0,$-0.26,0.0,$0.01B,$0.00B,4.01,$0.00B,$0.02B,0.0,$0.02B,$0.01B,45.83%,$0.02B,$-0.00B,-16.67%,$0.02B,$-0.00B,-16.67%,$0.02B,$-0.00B,-12.50%,$0.02B,$-0.00B,-16.67%,$0.02B,$-0.00B,-12.50%,$-0.00B,$0.02B,-16.22%,$-0.00B,$0.02B,-16.44%,$-0.00B,$0.02B,-13.04%,$-0.00B,$0.02B,-21.62%,$4,$3,$2,$1,$2,$6,$-1,$-0,$-1,$-1,$-1,$-1,$-1,$-1,$-1,$10,10,$-0.06,$-0.06,$5,$4,$0,$13,$2,$0,$0,$0,$8,$21,$3,$0,$0,$0,$3,$0,$-30,$0,$18,$21,$-2,$1,$-1,$1,$6,$0,$0,$-0,$4,$2,$-0,$-1,$0,$0,$0,$0,$0,$-1,$0,$0,$0,$0,$0,$0,$0,$0,$1,$0,$0
12,2015-09-30,4.03,$1.89,2.13,$2.80,1.44,$-1.28,0.0,$-0.24,0.0,$0.02B,$0.01B,3.32,$0.00B,$0.02B,0.0,$0.03B,$0.01B,44.44%,$0.03B,$-0.00B,-14.81%,$0.03B,$-0.00B,-14.81%,$0.03B,$-0.00B,-7.41%,$0.03B,$-0.00B,-14.81%,$0.03B,$-0.00B,-7.41%,$-0.00B,$0.02B,-10.53%,$-0.00B,$0.02B,-10.81%,$-0.00B,$0.02B,-8.33%,$-0.00B,$0.02B,-21.05%,$7,$4,$3,$2,$2,$7,$-1,$0,$-1,$-0,$-0,$-0,$-0,$-0,$-1,$10,10,$-0.05,$-0.05,$1,$3,$0,$15,$3,$0,$0,$0,$8,$23,$5,$0,$0,$0,$5,$0,$-30,$0,$18,$23,$-2,$1,$-0,$1,$-1,$1,$0,$-0,$-1,$-3,$-0,$-0,$0,$0,$0,$0,$0,$-1,$0,$0,$0,$0,$0,$0,$0,$0,$-4,$0,$0
13,2015-06-30,4.91,$1.93,2.54,$2.85,1.72,$-1.61,0.0,$-0.22,0.0,$0.02B,$0.01B,3.2,$0.00B,$0.02B,0.0,$0.03B,$0.01B,44.44%,$0.03B,$-0.00B,-11.11%,$0.03B,$-0.00B,-11.11%,$0.03B,$-0.00B,-7.41%,$0.03B,$-0.00B,-11.11%,$0.03B,$-0.00B,-7.41%,$-0.00B,$0.02B,-10.26%,$-0.00B,$0.02B,-10.53%,$-0.00B,$0.02B,-8.25%,$-0.00B,$0.02B,-15.38%,$7,$4,$3,$2,$2,$8,$-1,$0,$-1,$-0,$-1,$-1,$-1,$-1,$-1,$10,10,$-0.07,$-0.07,$2,$4,$0,$16,$3,$0,$0,$0,$8,$24,$5,$0,$0,$0,$5,$0,$-29,$0,$19,$24,$-1,$1,$-0,$0,$-1,$-0,$0,$-0,$-1,$-2,$-0,$-0,$0,$0,$0,$0,$0,$-1,$0,$0,$0,$0,$0,$0,$0,$0,$-3,$0,$0
14,2015-03-31,4.04,$1.99,2.03,$2.93,1.38,$-1.66,0.0,$-0.17,0.0,$0.02B,$0.01B,3.32,$0.00B,$0.02B,0.0,$0.03B,$0.01B,44.44%,$0.03B,$-0.00B,-7.41%,$0.03B,$-0.00B,-7.41%,$0.03B,$-0.00B,-3.70%,$0.03B,$-0.00B,-7.41%,$0.03B,$-0.00B,-3.70%,$-0.00B,$0.02B,-5.06%,$-0.00B,$0.02B,-5.13%,$-0.00B,$0.02B,-4.12%,$-0.00B,$0.02B,-10.13%,$6,$4,$3,$2,$2,$7,$-1,$0,$-1,$-0,$-1,$-1,$-1,$-1,$-1,$10,10,$-0.07,$-0.07,$3,$4,$0,$16,$3,$0,$0,$0,$8,$24,$5,$0,$0,$0,$5,$0,$-29,$0,$19,$24,$-1,$0,$-0,$0,$0,$-0,$0,$0,$-1,$-1,$-0,$-0,$0,$0,$0,$0,$0,$-1,$0,$0,$0,$0,$0,$0,$0,$0,$-2,$0,$0
15,2014-12-31,3.91,$2.05,1.91,$2.90,1.35,$-1.59,0.0,$-0.12,0.0,$0.02B,$0.01B,3.34,$0.00B,$0.02B,0.0,$0.03B,$0.01B,40.74%,$0.03B,$-0.00B,-3.70%,$0.03B,$-0.00B,-3.70%,$0.03B,0,0.00%,$0.03B,$-0.00B,-3.70%,$0.03B,0,0.00%,$0.00B,$0.02B,0.00%,$0.00B,$0.02B,0.00%,$0.00B,$0.03B,0.00%,$-0.00B,$0.02B,-5.00%,$7,$4,$3,$1,$2,$8,$-1,$0,$-1,$-0,$-0,$-0,$-0,$-0,$-1,$10,10,$-0.05,$-0.05,$5,$4,$0,$18,$3,$0,$0,$0,$7,$25,$5,$0,$0,$0,$5,$0,$-28,$0,$20,$25,$-1,$1,$0,$1,$-4,$-0,$0,$0,$-3,$-4,$-1,$0,$0,$0,$0,$0,$0,$-1,$0,$0,$0,$0,$0,$0,$0,$0,$-5,$0,$0
16,2014-09-30,3.72,$2.09,1.78,$2.99,1.25,$-0.89,0.0,$-0.10,0.0,$0.02B,$0.00B,4.45,$0.00B,$0.02B,0.0,$0.03B,$0.01B,39.29%,$0.03B,0,0.00%,$0.03B,0,0.00%,$0.03B,0,0.00%,$0.03B,0,0.00%,$0.03B,0,0.00%,$0.00B,$0.02B,0.00%,$0.00B,$0.02B,0.00%,$0.00B,$0.02B,0.00%,$0.00B,$0.02B,0.00%,$7,$5,$3,$1,$2,$8,$-0,$0,$-0,$0,$-0,$-0,$-0,$-0,$-0,$10,10,$-0.03,$-0.03,$4,$4,$0,$17,$2,$0,$0,$1,$7,$24,$4,$0,$0,$0,$4,$0,$-27,$0,$20,$24,$-1,$1,$0,$1,$-4,$-1,$0,$-0,$-5,$-5,$-1,$0,$0,$0,$0,$0,$0,$-1,$0,$0,$0,$0,$0,$0,$0,$0,$-6,$0,$0
17,2014-06-30,3.43,$2.11,1.63,$3.20,1.07,$-0.26,0.0,$0.00,0.0,$0.02B,$0.00B,4.61,$0.00B,$0.02B,0.0,$0.03B,$0.01B,38.71%,$0.03B,$0.00B,3.23%,$0.03B,$0.00B,3.23%,$0.03B,$0.00B,3.23%,$0.03B,$0.00B,3.23%,$0.03B,$0.00B,3.23%,$0.00B,$0.02B,5.00%,$0.00B,$0.02B,5.00%,$0.00B,$0.02B,4.21%,$0.00B,$0.02B,5.00%,$7,$4,$3,$1,$2,$8,$-0,$-0,$-0,$-0,$-0,$-0,$-0,$-0,$-0,$10,10,$-0.02,$-0.02,$7,$4,$0,$17,$2,$0,$0,$0,$7,$24,$4,$0,$0,$0,$4,$0,$-27,$0,$20,$24,$-0,$0,$-0,$0,$-1,$-1,$0,$-0,$-3,$-3,$-1,$0,$0,$0,$0,$0,$0,$-1,$0,$0,$0,$0,$0,$0,$0,$0,$-3,$0,$0
18,2014-03-31,3.45,$2.13,1.62,$3.01,1.15,$0.10,34.56,$-0.01,0.0,$0.02B,$0.00B,5.26,$0.00B,$0.02B,0.0,$0.03B,$0.01B,37.93%,$0.03B,$0.00B,3.45%,$0.03B,$0.00B,3.45%,$0.03B,$0.00B,3.45%,$0.03B,$0.00B,3.45%,$0.03B,$0.00B,3.45%,$0.00B,$0.02B,5.00%,$0.00B,$0.02B,5.06%,$0.00B,$0.02B,4.21%,$0.00B,$0.02B,5.00%,$6,$4,$2,$1,$1,$6,$-0,$0,$-0,$-0,$-0,$-0,$-0,$-0,$-0,$9,9,$-0.02,$-0.02,$9,$4,$0,$17,$2,$0,$0,$0,$6,$23,$3,$0,$0,$0,$3,$0,$-27,$0,$20,$23,$-0,$0,$-0,$0,$1,$-0,$0,$-0,$-1,$-1,$0,$0,$0,$0,$0,$0,$0,$-0,$0,$0,$0,$0,$0,$0,$0,$0,$-1,$0,$0
19,2013-12-31,3.37,$2.16,1.56,$3.15,1.07,$0.15,22.16,$0.05,67.4,$0.02B,$0.00B,4.3,$0.00B,$0.02B,0.0,$0.03B,$0.01B,40.00%,$0.03B,$0.00B,3.33%,$0.03B,$0.00B,3.33%,$0.03B,$0.00B,6.67%,$0.03B,$0.00B,3.33%,$0.03B,$0.00B,3.33%,$0.00B,$0.02B,5.41%,$0.00B,$0.02B,5.48%,$0.00B,$0.02B,4.49%,$0.00B,$0.02B,5.41%,$8,$5,$3,$2,$2,$8,$-0,$0,$-0,$0,$-0,$-0,$-0,$-0,$-0,$9,10,$-0.03,$-0.02,$10,$3,$0,$19,$2,$0,$0,$0,$6,$24,$4,$0,$0,$0,$4,$0,$-27,$0,$20,$24,$1,$1,$1,$1,$0,$-1,$0,$-0,$0,$2,$-1,$0,$0,$0,$0,$0,$0,$-1,$-0,$0,$-0,$5,$5,$0,$0,$5,$7,$0,$0
20,2013-09-30,3.64,$2.19,1.66,$3.24,1.12,$-0.01,0.0,$0.14,26.0,$0.02B,$0.00B,4.58,$0.00B,$0.02B,0.0,$0.03B,$0.01B,40.00%,$0.03B,$0.00B,6.67%,$0.03B,$0.00B,6.67%,$0.03B,$0.00B,10.00%,$0.03B,$0.00B,6.67%,$0.03B,$0.00B,3.33%,$0.00B,$0.02B,5.88%,$0.00B,$0.02B,6.06%,$0.00B,$0.02B,4.88%,$0.00B,$0.02B,11.76%,$10,$6,$4,$2,$1,$9,$1,$0,$1,$0,$1,$1,$1,$1,$1,$9,10,$0.08,$0.07,$8,$4,$0,$18,$2,$0,$0,$0,$6,$24,$4,$0,$0,$0,$4,$0,$-27,$0,$20,$24,$1,$0,$1,$1,$-1,$-1,$0,$0,$-1,$1,$-1,$-0,$0,$0,$0,$0,$0,$-1,$-0,$0,$-0,$6,$6,$0,$-0,$5,$5,$0,$0
21,2013-06-30,5.0,$2.10,2.38,$2.89,1.73,$0.04,121.36,$0.03,166.67,$0.02B,$0.00B,4.36,$0.00B,$0.02B,0.0,$0.03B,$0.01B,40.00%,$0.03B,$0.00B,4.00%,$0.03B,$0.00B,4.00%,$0.03B,$0.00B,8.00%,$0.03B,$0.00B,4.00%,$0.03B,0,0.00%,$0.00B,$0.02B,0.00%,$0.00B,$0.02B,0.00%,$0.00B,$0.02B,0.00%,$0.00B,$0.02B,6.56%,$5,$3,$2,$2,$1,$6,$-0,$0,$-0,$-0,$-0,$-0,$-0,$-0,$-0,$9,9,$-0.03,$-0.03,$9,$4,$0,$17,$2,$0,$0,$0,$6,$24,$4,$0,$0,$0,$4,$0,$-27,$0,$20,$24,$0,$0,$0,$1,$1,$-1,$0,$-0,$0,$1,$-0,$0,$0,$0,$0,$0,$0,$-0,$-0,$0,$-0,$6,$6,$0,$-0,$5,$6,$0,$0
22,2013-03-31,5.05,$1.76,2.86,$3.02,1.67,$0.16,32.31,$0.10,50.5,$0.01B,$0.00B,3.5,$0.00B,$0.01B,0.0,$0.03B,$0.01B,42.31%,$0.03B,$0.00B,7.69%,$0.03B,$0.00B,7.69%,$0.03B,$0.00B,11.54%,$0.03B,$0.00B,7.69%,$0.03B,0,0.00%,$0.00B,$0.01B,0.00%,$0.00B,$0.01B,0.00%,$0.00B,$0.02B,0.00%,$0.00B,$0.01B,14.55%,$7,$4,$3,$1,$1,$6,$0,$0,$0,$0,$0,$0,$0,$1,$0,$8,9,$0.04,$0.04,$3,$3,$0,$11,$2,$0,$0,$0,$6,$17,$3,$0,$0,$0,$3,$0,$-27,$0,$14,$17,$0,$0,$0,$0,$-0,$-0,$0,$-0,$-1,$0,$-0,$0,$0,$0,$0,$0,$0,$-0,$-0,$0,$-0,$0,$0,$0,$-0,$-0,$-0,$0,$0
23,2012-12-31,4.73,$1.73,2.74,$3.03,1.56,$0.16,28.7,$0.14,33.79,$0.01B,$0.00B,3.26,$0.00B,$0.01B,0.01,$0.03B,$0.01B,42.31%,$0.03B,$0.00B,11.54%,$0.03B,$0.00B,11.54%,$0.03B,$0.00B,11.54%,$0.03B,$0.00B,11.54%,$0.03B,0,0.00%,$0.00B,$0.01B,0.00%,$0.00B,$0.01B,0.00%,$0.00B,$0.02B,0.00%,$0.00B,$0.01B,22.22%,$8,$5,$3,$1,$1,$7,$1,$0,$1,$0,$0,$0,$0,$1,$1,$8,9,$0.07,$0.06,$3,$2,$0,$11,$1,$0,$0,$0,$6,$17,$3,$0,$0,$0,$3,$0,$-27,$0,$14,$17,$1,$1,$1,$1,$-2,$-0,$0,$0,$-2,$1,$-1,$0,$0,$0,$0,$0,$0,$-1,$-0,$0,$-0,$0,$0,$0,$0,$0,$-0,$0,$0
24,2012-09-30,4.74,$1.66,2.86,$2.85,1.66,$0.36,13.24,$0.72,6.58,$0.01B,$0.00B,3.48,$0.00B,$0.01B,0.01,$0.02B,$0.01B,45.83%,$0.02B,$0.00B,12.50%,$0.02B,$0.00B,12.50%,$0.02B,$0.00B,12.50%,$0.02B,$0.00B,12.50%,$0.02B,$0.01B,25.00%,$0.01B,$0.01B,46.15%,$0.01B,$0.01B,47.06%,$0.01B,$0.02B,37.50%,$0.00B,$0.01B,22.64%,$5,$3,$2,$1,$1,$5,$-0,$-0,$-0,$-0,$-0,$-0,$-0,$-0,$-0,$8,8,$-0.04,$-0.04,$3,$3,$0,$10,$1,$0,$0,$0,$7,$16,$3,$0,$0,$0,$3,$0,$-28,$0,$13,$16,$0,$0,$1,$1,$0,$-1,$0,$0,$-0,$1,$-1,$0,$0,$0,$0,$0,$0,$-1,$-0,$0,$-0,$0,$0,$0,$0,$0,$0,$0,$0
25,2012-06-30,4.53,$1.69,2.68,$2.92,1.55,$0.48,9.47,$0.84,5.39,$0.01B,$0.00B,3.38,$0.00B,$0.01B,0.01,$0.03B,$0.01B,48.00%,$0.03B,$0.00B,12.00%,$0.03B,$0.00B,12.00%,$0.03B,$0.00B,16.00%,$0.03B,$0.00B,12.00%,$0.03B,$0.01B,24.00%,$0.01B,$0.01B,52.17%,$0.01B,$0.01B,54.55%,$0.01B,$0.02B,41.38%,$0.00B,$0.01B,25.53%,$6,$4,$3,$1,$1,$6,$1,$-0,$1,$0,$0,$0,$0,$1,$1,$8,9,$0.04,$0.04,$4,$3,$0,$10,$1,$0,$0,$0,$6,$17,$3,$0,$0,$0,$3,$0,$-28,$0,$14,$17,$1,$0,$1,$1,$1,$-1,$0,$0,$0,$2,$-0,$0,$0,$0,$0,$0,$0,$-0,$-0,$0,$-0,$0,$0,$0,$0,$0,$1,$0,$0
26,2012-03-31,3.96,$1.65,2.41,$2.62,1.51,$0.39,10.03,$0.80,4.95,$0.01B,$0.00B,3.2,$0.00B,$0.01B,0.01,$0.02B,$0.01B,47.83%,$0.02B,$0.00B,8.70%,$0.02B,$0.00B,8.70%,$0.02B,$0.00B,13.04%,$0.02B,$0.00B,8.70%,$0.02B,$0.01B,26.09%,$0.01B,$0.01B,63.16%,$0.01B,$0.01B,64.86%,$0.01B,$0.02B,48.98%,$0.00B,$0.01B,20.51%,$7,$3,$3,$1,$1,$6,$1,$-0,$1,$0,$0,$0,$0,$1,$1,$8,9,$0.05,$0.05,$3,$3,$0,$10,$1,$0,$0,$0,$6,$16,$3,$0,$0,$0,$3,$1,$-28,$0,$13,$16,$0,$0,$0,$1,$-1,$-0,$0,$-0,$-1,$0,$-0,$0,$0,$0,$0,$0,$0,$-0,$-0,$0,$-0,$0,$0,$0,$0,$0,$-0,$0,$0
27,2011-12-31,3.36,$1.58,2.13,$2.30,1.46,$0.60,5.62,$0.72,4.67,$0.01B,$0.00B,3.15,$0.00B,$0.01B,0.01,$0.02B,$0.01B,50.00%,$0.02B,$0.00B,5.00%,$0.02B,$0.00B,5.00%,$0.02B,$0.00B,10.00%,$0.02B,$0.00B,5.00%,$0.02B,$0.01B,30.00%,$0.01B,$0.01B,77.42%,$0.01B,$0.01B,82.76%,$0.01B,$0.02B,58.54%,$0.00B,$0.01B,12.50%,$6,$3,$3,$1,$1,$6,$1,$-0,$1,$0,$6,$6,$6,$1,$1,$8,9,$0.71,$0.65,$3,$2,$0,$9,$1,$0,$1,$0,$6,$15,$3,$0,$0,$0,$3,$0,$-28,$0,$12,$15,$6,$0,$-5,$-5,$1,$-1,$0,$-0,$1,$2,$-1,$0,$0,$0,$0,$0,$0,$-1,$-1,$0,$-1,$0,$0,$0,$0,$-1,$1,$0,$0
28,2011-09-30,3.04,$0.85,3.56,$2.22,1.37,$0.51,5.94,$0.32,9.5,$0.01B,$0.00B,2.65,$0.00B,$0.01B,0.02,$0.02B,$0.01B,45.00%,$0.02B,$0.00B,10.00%,$0.02B,$0.00B,10.00%,$0.02B,$0.00B,15.00%,$0.02B,$0.00B,10.00%,$0.02B,$0.00B,10.00%,$0.00B,$0.01B,32.00%,$0.00B,$0.01B,36.36%,$0.00B,$0.01B,22.86%,$0.00B,$0.01B,32.00%,$6,$3,$3,$1,$1,$5,$0,$-0,$0,$0,$0,$0,$0,$1,$0,$8,9,$0.06,$0.06,$3,$3,$0,$8,$1,$0,$1,$0,$2,$10,$3,$0,$0,$0,$3,$1,$-34,$0,$7,$10,$1,$0,$0,$0,$1,$-1,$0,$0,$1,$2,$-0,$0,$0,$0,$0,$0,$0,$-0,$-1,$0,$-1,$0,$0,$0,$0,$-0,$1,$0,$0
29,2011-06-30,3.6,$0.78,4.6,$2.06,1.75,$0.36,9.87,$0.24,15.0,$0.01B,$0.00B,3.33,$0.00B,$0.01B,0.03,$0.02B,$0.01B,42.11%,$0.02B,$0.00B,10.53%,$0.02B,$0.00B,10.53%,$0.02B,$0.00B,10.53%,$0.02B,$0.00B,10.53%,$0.02B,$0.00B,10.53%,$0.00B,$0.01B,36.36%,$0.00B,$0.01B,42.11%,$0.00B,$0.01B,24.24%,$0.00B,$0.01B,36.36%,$4,$2,$2,$1,$1,$3,$0,$-0,$0,$0,$0,$0,$0,$0,$0,$8,9,$0.02,$0.02,$2,$3,$0,$7,$1,$0,$1,$0,$2,$8,$2,$0,$0,$0,$2,$1,$-34,$0,$6,$8,$0,$0,$0,$0,$2,$-2,$0,$-0,$1,$1,$-0,$0,$0,$0,$0,$0,$0,$-0,$-1,$0,$-1,$0,$0,$0,$0,$-1,$0,$0,$0
30,2011-03-31,3.72,$0.73,5.07,$2.08,1.79,$0.23,16.53,$0.32,11.63,$0.01B,$0.00B,3.58,$0.00B,$0.01B,0.03,$0.02B,$0.01B,42.11%,$0.02B,$0.00B,15.79%,$0.02B,$0.00B,15.79%,$0.02B,$0.00B,15.79%,$0.02B,$0.00B,15.79%,$0.02B,$0.00B,15.79%,$0.00B,$0.01B,60.00%,$0.00B,$0.01B,75.00%,$0.00B,$0.01B,38.71%,$0.00B,$0.01B,60.00%,$4,$2,$2,$1,$1,$4,$-0,$-0,$-0,$0,$-0,$-0,$-0,$-0,$-0,$8,8,$0.00,$0.00,$3,$2,$0,$6,$1,$0,$1,$0,$1,$8,$2,$0,$0,$0,$2,$1,$-35,$0,$6,$8,$-0,$0,$0,$0,$2,$-0,$0,$0,$2,$2,$-0,$0,$0,$0,$0,$0,$0,$-0,$-1,$0,$-1,$0,$0,$0,$0,$-1,$1,$0,$0
31,2010-12-31,3.4,$0.75,4.55,$1.97,1.73,$-0.00,0.0,$0.32,10.63,$0.01B,$0.00B,2.48,$0.00B,$0.01B,0.04,$0.02B,$0.01B,38.89%,$0.02B,$0.00B,16.67%,$0.02B,$0.00B,16.67%,$0.02B,$0.00B,16.67%,$0.02B,$0.00B,16.67%,$0.02B,$0.00B,16.67%,$0.00B,$0.01B,70.59%,$0.00B,$0.01B,92.31%,$0.00B,$0.01B,41.38%,$0.00B,$0.01B,70.59%,$6,$3,$2,$-0,$1,$4,$2,$-0,$2,$-1,$3,$3,$2,$2,$2,$8,9,$0.24,$0.24,$2,$1,$0,$8,$1,$0,$1,$0,$1,$9,$3,$0,$0,$0,$3,$1,$-34,$0,$6,$9,$3,$0,$0,$0,$-2,$0,$0,$-0,$-2,$1,$-0,$0,$0,$0,$0,$0,$0,$-0,$0,$0,$0,$0,$0,$0,$0,$0,$1,$0,$0
32,2010-09-30,1.92,$0.50,3.84,$1.71,1.12,$-0.11,0.0,$0.08,24.0,$0.01B,$0.00B,1.75,$0.00B,$0.00B,0.06,$0.02B,$0.01B,43.75%,$0.02B,$0.00B,6.25%,$0.02B,$0.00B,6.25%,$0.02B,$0.00B,6.25%,$0.02B,$0.00B,6.25%,$0.02B,$0.00B,6.25%,$0.00B,$0.00B,28.57%,$0.00B,$0.00B,40.00%,$0.00B,$0.01B,15.38%,$0.00B,$0.00B,28.57%,$5,$2,$2,$1,$1,$4,$0,$-0,$0,$0,$0,$0,$0,$0,$0,$8,8,$0.00,$0.00,$1,$2,$0,$6,$1,$0,$1,$0,$2,$8,$3,$0,$0,$0,$4,$1,$-36,$0,$4,$8,$1,$0,$0,$0,$-1,$-0,$0,$-0,$-1,$0,$-0,$0,$0,$0,$0,$0,$0,$-0,$0,$0,$0,$0,$0,$0,$0,$0,$0,$0,$0
33,2010-06-30,2.24,$0.47,4.72,$1.63,1.37,$-0.04,0.0,$0.08,28.0,$0.01B,$0.00B,1.98,$0.00B,$0.00B,0.07,$0.02B,$0.01B,46.67%,$0.02B,$0.00B,6.67%,$0.02B,$0.00B,6.67%,$0.02B,$0.00B,6.67%,$0.02B,$0.00B,6.67%,$0.02B,$0.00B,6.67%,$0.00B,$0.00B,30.77%,$0.00B,$0.00B,44.44%,$0.00B,$0.01B,16.67%,$0.00B,$0.00B,30.77%,$4,$2,$2,$1,$1,$3,$1,$-0,$1,$1,$0,$0,$1,$1,$1,$8,9,$0.08,$0.08,$1,$2,$0,$5,$1,$0,$1,$0,$2,$6,$2,$0,$0,$0,$3,$1,$-37,$0,$4,$6,$0,$0,$0,$0,$-0,$-0,$0,$-0,$-1,$-0,$-0,$0,$0,$0,$0,$0,$0,$-0,$0,$0,$0,$0,$0,$0,$0,$0,$-0,$0,$0
34,2010-03-31,1.76,$0.39,4.53,$1.56,1.13,$0.09,19.84,0,0.0,$0.00B,$0.00B,1.51,$0.00B,$0.00B,0.02,$0.01B,$0.01B,42.86%,$0.01B,0,0.00%,$0.01B,0,0.00%,$0.01B,0,0.00%,$0.01B,0,0.00%,$0.01B,0,0.00%,$0.00B,$0.00B,0.00%,$0.00B,$0.00B,0.00%,$0.00B,$0.01B,0.00%,$0.00B,$0.00B,0.00%,$3,$1,$1,$1,$1,$3,$-0,$-0,$-0,$0,$-0,$-0,$-0,$-0,$-0,$8,8,$0.00,$0.00,$1,$2,$0,$4,$1,$0,$1,$0,$2,$6,$3,$0,$0,$0,$3,$1,$-37,$0,$3,$6,$-0,$0,$0,$0,$1,$-0,$0,$0,$-0,$-0,$-0,$0,$0,$0,$0,$0,$0,$-0,$-0,$0,$-0,$0,$0,$0,$0,$-0,$-0,$0,$0
35,2009-12-31,2.24,$0.40,5.62,$1.53,1.46,$0.13,16.74,$-0.08,0.0,$0.01B,$0.00B,1.47,$0.00B,$0.00B,0.02,$0.01B,$0.01B,42.86%,$0.01B,0,0.00%,$0.01B,0,0.00%,$0.01B,0,0.00%,$0.01B,0,0.00%,$0.01B,0,0.00%,$0.00B,$0.00B,0.00%,$0.00B,$0.00B,0.00%,$0.00B,$0.01B,0.00%,$0.00B,$0.00B,0.00%,$4,$2,$2,$1,$1,$3,$0,$0,$0,$0,$0,$0,$0,$0,$0,$8,9,$0.08,$0.08,$1,$2,$0,$5,$1,$0,$1,$0,$2,$6,$3,$0,$0,$0,$3,$1,$-37,$0,$3,$6,$309,$0,$0,$1,$-1,$0,$0,$-0,$-1,$0,$-0,$0,$0,$0,$0,$0,$0,$-0,$-0,$0,$-0,$0,$0,$0,$0,$-0,$-0,$0,$0
36,2009-09-30,1.6,$0.36,4.41,$1.47,1.09,$-0.06,0.0,$-0.08,0.0,$0.01B,$0.00B,1.81,$0.00B,$0.00B,0.02,$0.01B,$0.01B,41.67%,$0.01B,$-0.00B,-8.33%,$0.01B,$-0.00B,-8.33%,$0.01B,$-0.00B,-8.33%,$0.01B,$-0.00B,-8.33%,$0.01B,$-0.00B,-8.33%,$-0.00B,$0.00B,-40.00%,$-0.00B,$0.00B,-57.14%,$-0.00B,$0.01B,-16.67%,$-0.00B,$0.00B,-36.36%,$4,$2,$2,$1,$1,$4,$0,$-0,$0,$0,$0,$0,$0,$0,$0,$8,9,$0.00,$0.00,$2,$1,$0,$5,$1,$0,$1,$0,$2,$6,$3,$0,$1,$1,$4,$1,$-37,$0,$3,$6,$0,$0,$0,$0,$-0,$0,$0,$0,$0,$1,$-0,$0,$0,$0,$0,$0,$0,$-0,$0,$0,$0,$0,$0,$0,$0,$0,$1,$0,$0
37,2009-06-30,1.2,$0.32,3.79,$1.46,0.82,$-0.36,0.0,$-0.08,0.0,$0.00B,$0.00B,1.58,$0.00B,$0.00B,0.03,$0.01B,$0.00B,33.33%,$0.01B,$-0.00B,-8.33%,$0.01B,$-0.00B,-8.33%,$0.01B,$-0.00B,-8.33%,$0.01B,$-0.00B,-8.33%,$0.01B,$-0.00B,-8.33%,$-0.00B,$0.00B,-40.00%,$-0.00B,$0.00B,-57.14%,$-0.00B,$0.01B,-16.67%,$-0.00B,$0.00B,-36.36%,$3,$2,$1,$1,$1,$3,$0,$-0,$0,$0,$0,$0,$0,$0,$0,$8,9,$0.00,$0.00,$2,$2,$0,$4,$1,$0,$1,$0,$2,$6,$3,$0,$1,$1,$4,$1,$-38,$0,$2,$6,$-0,$0,$0,$0,$0,$0,$0,$1,$1,$1,$-0,$0,$0,$0,$0,$0,$0,$-0,$0,$0,$0,$0,$0,$0,$0,$0,$1,$0,$0
38,2009-03-31,0.88,$0.29,3.0,$1.46,0.6,$-0.68,0.0,$-0.16,0.0,$0.00B,$0.00B,1.53,$0.00B,$0.00B,0.03,$0.01B,$0.00B,33.33%,$0.01B,$-0.00B,-8.33%,$0.01B,$-0.00B,-8.33%,$0.01B,$-0.00B,-8.33%,$0.01B,$-0.00B,-8.33%,$0.01B,$-0.00B,-8.33%,$-0.00B,$0.00B,-36.36%,$-0.00B,$0.00B,-57.14%,$-0.00B,$0.01B,-16.67%,$-0.00B,$0.00B,-36.36%,$3,$2,$1,$1,$1,$3,$-0,$-0,$-0,$0,$-0,$-0,$-0,$-0,$-0,$8,8,$-0.08,$-0.08,$1,$2,$0,$4,$1,$0,$1,$0,$2,$6,$2,$0,$1,$1,$3,$1,$-38,$0,$2,$6,$-0,$0,$0,$0,$0,$0,$0,$0,$0,$0,$-0,$0,$0,$0,$0,$0,$0,$-0,$-0,$0,$-0,$0,$0,$0,$0,$-0,$0,$0,$0
39,2008-12-31,0.88,$0.33,2.64,$1.45,0.61,$-0.83,0.0,$-0.16,0.0,$0.00B,$0.00B,1.69,$0.00B,$0.00B,0.02,$0.01B,$0.00B,36.36%,$0.01B,$-0.00B,-18.18%,$0.01B,$-0.00B,-18.18%,$0.01B,$-0.00B,-18.18%,$0.01B,$-0.00B,-18.18%,$0.01B,$-0.00B,-18.18%,$-0.00B,$0.00B,-61.54%,$-0.00B,$0.00B,-88.89%,$-0.00B,$0.01B,-32.00%,$-0.00B,$0.00B,-61.54%,$2,$2,$1,$1,$1,$3,$-1,$0,$-1,$0,$-1,$-1,$-1,$-1,$-1,$8,8,$-0.08,$-0.08,$1,$2,$0,$4,$1,$0,$1,$0,$2,$6,$2,$0,$1,$1,$3,$1,$-37,$0,$3,$6,$-2,$0,$0,$1,$0,$-0,$0,$0,$0,$-1,$-0,$0,$0,$0,$0,$0,$0,$-0,$-0,$0,$-0,$0,$0,$0,$0,$-0,$-2,$0,$0
40,2008-09-30,1.2,$0.40,2.99,$2.43,0.49,$-1.58,0.0,$-2.72,0.0,$0.00B,$0.00B,1.59,$0.00B,$0.00B,0.02,$0.01B,$0.00B,27.27%,$0.01B,$-0.00B,-18.18%,$0.01B,$-0.00B,-18.18%,$0.01B,$-0.00B,-18.18%,$0.01B,$-0.00B,-18.18%,$0.01B,$-0.01B,-54.55%,$-0.01B,$0.00B,-171.43%,$-0.01B,$0.00B,-218.18%,$-0.01B,$0.01B,-92.31%,$-0.00B,$0.00B,-57.14%,$4,$2,$1,$1,$1,$4,$-0,$-0,$-0,$0,$-0,$-0,$-0,$-0,$-0,$8,8,$0.00,$0.00,$1,$1,$0,$4,$1,$0,$1,$0,$2,$6,$3,$0,$1,$1,$3,$1,$-37,$0,$3,$6,$-1,$0,$0,$1,$-1,$0,$0,$0,$-1,$-1,$-0,$0,$0,$0,$0,$0,$0,$-0,$-0,$0,$-0,$0,$0,$0,$0,$-0,$-2,$0,$0
41,2008-06-30,2.0,$0.43,4.66,$3.29,0.61,$-2.42,0.0,$-3.28,0.0,$0.00B,$0.00B,1.79,$0.00B,$0.00B,0.02,$0.01B,$0.00B,33.33%,$0.01B,$-0.00B,-33.33%,$0.01B,$-0.00B,-33.33%,$0.01B,$-0.00B,-33.33%,$0.01B,$-0.00B,-33.33%,$0.01B,$-0.01B,-77.78%,$-0.01B,$0.00B,-186.67%,$-0.01B,$0.00B,-215.38%,$-0.01B,$0.01B,-107.69%,$-0.00B,$0.00B,-80.00%,$3,$2,$1,$1,$1,$3,$-0,$0,$-0,$0,$-0,$-0,$-0,$-0,$-0,$8,8,$-0.08,$-0.08,$1,$1,$0,$4,$1,$0,$1,$0,$2,$6,$2,$0,$1,$1,$3,$1,$-37,$0,$3,$6,$-1,$0,$0,$0,$-0,$0,$0,$0,$-1,$-2,$-0,$0,$0,$0,$0,$0,$0,$-0,$-0,$0,$-0,$0,$0,$0,$0,$-0,$-2,$0,$0
42,2008-03-31,1.12,$0.48,2.34,$4.60,0.24,$-2.98,0.0,$-3.84,0.0,$0.01B,$0.00B,1.88,$0.00B,$0.00B,0.02,$0.01B,$0.00B,33.33%,$0.01B,$-0.00B,-44.44%,$0.01B,$-0.00B,-44.44%,$0.01B,$-0.00B,-44.44%,$0.01B,$-0.00B,-44.44%,$0.01B,$-0.01B,-88.89%,$-0.01B,$0.00B,-188.24%,$-0.01B,$0.00B,-200.00%,$-0.01B,$0.01B,-118.52%,$-0.00B,$0.00B,-94.12%,$2,$2,$1,$1,$1,$3,$-1,$0,$-1,$0,$-1,$-1,$-1,$-1,$-1,$8,8,$-0.08,$-0.08,$2,$2,$0,$5,$1,$0,$1,$0,$2,$7,$2,$0,$1,$1,$3,$1,$-36,$0,$4,$7,$-1,$0,$0,$0,$-0,$-0,$0,$-0,$-0,$-1,$-0,$0,$0,$0,$0,$0,$0,$-0,$-0,$0,$-0,$0,$0,$0,$0,$-0,$-1,$0,$0
43,2007-12-31,2.16,$0.56,3.83,$5.68,0.38,$-3.14,0.0,$-4.48,0.0,$0.01B,$0.00B,2.44,$0.00B,$0.00B,0.02,$0.01B,$0.00B,33.33%,$0.01B,$-0.00B,-44.44%,$0.01B,$-0.00B,-44.44%,$0.01B,$-0.00B,-44.44%,$0.01B,$-0.00B,-44.44%,$0.01B,$-0.01B,-88.89%,$-0.01B,$0.00B,-177.78%,$-0.01B,$0.00B,-177.78%,$-0.01B,$0.01B,-118.52%,$-0.00B,$0.00B,-88.89%,$2,$2,$0,$1,$0,$3,$-1,$0,$-1,$0,$-1,$-1,$-5,$-1,$-1,$2,2,$-2.64,$-2.64,$3,$1,$0,$5,$1,$0,$0,$0,$1,$7,$2,$0,$0,$0,$2,$1,$-35,$0,$4,$7,$-3,$0,$0,$1,$0,$-0,$0,$0,$1,$-1,$-0,$0,$0,$0,$0,$0,$0,$-0,$-0,$0,$-0,$1,$1,$-0,$-0,$0,$-1,$0,$-0
44,2007-09-30,4.0,$2.39,1.68,$6.40,0.62,$-5.73,0.0,$-1.92,0.0,$0.01B,$0.00B,3.03,$0.00B,$-0.01B,-0.01,$0.01B,$0.00B,40.00%,$0.01B,$-0.00B,-40.00%,$0.01B,$-0.00B,-40.00%,$0.01B,$-0.00B,-40.00%,$0.01B,$-0.00B,-40.00%,$0.01B,$-0.01B,-60.00%,$-0.01B,$0.00B,-120.00%,$-0.01B,$0.00B,-120.00%,$-0.01B,$0.01B,-85.71%,$-0.00B,$0.00B,-80.00%,$2,$1,$1,$0,$1,$3,$-1,$0,$-1,$0,$-1,$-1,$-1,$-1,$-1,$2,2,$-0.56,$-0.56,$2,$1,$0,$5,$1,$0,$0,$0,$1,$6,$2,$0,$0,$0,$2,$0,$-30,$0,$4,$6,$-2,$0,$0,$0,$-0,$-0,$0,$-0,$-0,$-2,$-0,$0,$0,$0,$0,$0,$0,$-0,$-0,$0,$-0,$0,$0,$-0,$-0,$-0,$-2,$0,$-0
45,2007-06-30,4.08,$2.99,1.37,$5.83,0.7,$-6.36,0.0,$-1.36,0.0,$0.01B,$0.00B,3.2,$0.00B,$-0.01B,-0.01,$0.01B,$0.00B,33.33%,$0.01B,$-0.00B,-44.44%,$0.01B,$-0.00B,-44.44%,$0.01B,$-0.00B,-44.44%,$0.01B,$-0.01B,-55.56%,$0.01B,$-0.01B,-77.78%,$-0.01B,$0.01B,-155.56%,$-0.01B,$0.01B,-155.56%,$-0.01B,$0.01B,-96.55%,$-0.00B,$0.01B,-88.89%,$3,$2,$1,$1,$1,$3,$-1,$0,$-1,$0,$-1,$-1,$-1,$-1,$-1,$2,2,$-0.64,$-0.64,$3,$1,$0,$6,$1,$0,$0,$0,$1,$7,$2,$0,$0,$0,$2,$0,$-29,$0,$5,$7,$-1,$0,$0,$0,$-0,$-0,$0,$-0,$-0,$-1,$-0,$0,$0,$0,$0,$0,$0,$-0,$-0,$0,$-0,$0,$0,$-0,$-0,$-0,$-1,$0,$-0
46,2007-03-31,5.12,$3.46,1.48,$5.47,0.94,$-6.43,0.0,$-1.76,0.0,$0.01B,$0.00B,3.38,$0.00B,$-0.01B,0.0,$0.01B,$0.00B,37.50%,$0.01B,$-0.00B,-50.00%,$0.01B,$-0.00B,-50.00%,$0.01B,$-0.00B,-50.00%,$0.01B,$-0.01B,-62.50%,$0.01B,$-0.01B,-87.50%,$-0.01B,$0.01B,-215.38%,$-0.01B,$0.01B,-215.38%,$-0.01B,$0.01B,-103.70%,$-0.00B,$0.01B,-123.08%,$2,$1,$1,$0,$1,$3,$-1,$0,$-1,$0,$-1,$-1,$-1,$-1,$-1,$1,1,$-0.72,$-0.72,$4,$1,$0,$6,$1,$0,$0,$0,$1,$7,$2,$0,$0,$0,$2,$0,$-28,$0,$5,$7,$-1,$0,$0,$0,$0,$-0,$0,$0,$0,$-0,$-0,$0,$0,$0,$0,$0,$0,$-0,$-0,$0,$-0,$0,$0,$0,$-0,$-0,$-0,$0,$0
47,2006-12-31,6.64,$3.97,1.67,$5.17,1.28,$-6.31,0.0,$-1.04,0.0,$0.01B,$0.00B,3.78,$0.00B,$-0.01B,-0.0,$0.01B,$0.00B,28.57%,$0.01B,$-0.00B,-57.14%,$0.01B,$-0.00B,-57.14%,$0.01B,$-0.00B,-57.14%,$0.01B,$-0.01B,-71.43%,$0.01B,$-0.01B,-114.29%,$-0.01B,$0.01B,-355.56%,$-0.01B,$0.01B,-355.56%,$-0.01B,$0.01B,-133.33%,$-0.00B,$0.01B,-177.78%,$3,$2,$1,$0,$1,$4,$-1,$-0,$-1,$0,$-1,$-1,$-3,$-1,$-1,$1,1,$-1.92,$-1.92,$4,$1,$0,$7,$1,$0,$0,$0,$1,$8,$2,$0,$0,$0,$2,$0,$-27,$0,$6,$8,$-5,$0,$1,$1,$-0,$-0,$0,$-0,$-0,$-4,$-0,$0,$0,$0,$0,$0,$0,$-0,$-0,$0,$0,$0,$9,$-0,$-0,$9,$4,$1,$-0
