,Date,Stock Price,Book Value per Share,Price to Book Ratio,TTM Sales per Share,Price to Sales Ratio,TTM FCF per Share,Price to FCF Ratio,TTM Net EPS,PE Ratio,Current Assets,Current Liabilities,Current Ratio,Long Term Debt,Shareholder's Equity_x,Debt to Equity Ratio,TTM Revenue_x,TTM Gross Profit,Gross Margin,TTM Revenue_y,TTM Operating Income,Operating Margin,TTM Revenue_x,TTM EBIT,EBIT Margin,TTM Revenue_y,TTM EBITDA,EBITDA Margin,TTM Revenue_x,TTM Pre-Tax Income,Pre-Tax Margin,TTM Revenue_y,TTM Net Income_x,Net Margin,TTM Net Income_y,Shareholder's Equity_y,Return on Equity,TTM Net Income_x,Tangible Equity,Return on Tangible Equity,TTM Net Income_y,Total Assets,Return on Assets,TTM Net Income,LT Investments & Debt,Return on Investment,revenue,cost-goods-sold,gross-profit,research-development-expenses,selling-general-administrative-expenses,operating-expenses,operating-income,total-non-operating-income-expense,pre-tax-income,total-provision-income-taxes,income-after-taxes,income-from-continuous-operations,net-income,ebitda,ebit,basic-shares-outstanding,shares-outstanding,eps-basic-net-earnings-per-share,eps-earnings-per-share-diluted,cash-on-hand,inventory,other-current-assets,total-current-assets,net-property-plant-equipment,long-term-investments,goodwill-intangible-assets-total,other-long-term-assets,total-long-term-assets,total-assets,total-current-liabilities,long-term-debt,other-non-current-liabilities,total-long-term-liabilities,total-liabilities,common-stock-net,retained-earnings-accumulated-deficit,comprehensive-income,total-share-holder-equity,total-liabilities-share-holders-equity,net-income-loss,total-depreciation-amortization-cash-flow,other-non-cash-items,total-non-cash-items,change-in-accounts-receivable,change-in-inventories,change-in-accounts-payable,change-in-assets-liabilities,total-change-in-assets-liabilities,cash-flow-from-operating-activities,net-change-in-property-plant-equipment,net-change-in-intangible-assets,net-acquisitions-divestitures,net-change-in-short-term-investments,net-change-in-long-term-investments,net-change-in-investments-total,investing-activities-other,cash-flow-from-investing-activities,net-long-term-debt,net-current-debt,debt-issuance-retirement-net-total,net-common-equity-issued-repurchased,net-total-equity-issued-repurchased,total-common-preferred-stock-dividends-paid,financial-activities-other,cash-flow-from-financial-activities,net-cash-flow,stock-based-compensation,common-stock-dividends-paid
0,2018-06-30,43.48,$14.27,3.05,$42.01,1.03,$-1.40,0.0,$2.23,19.5,$1.02B,$0.23B,4.42,$0.69B,$0.75B,0.93,$2.20B,$0.67B,30.55%,$2.20B,$0.16B,7.44%,$2.20B,$0.16B,7.44%,$2.20B,$0.21B,9.58%,$2.20B,$0.13B,5.81%,$2.20B,$0.12B,5.31%,$0.12B,$0.75B,17.02%,$0.12B,$0.34B,39.33%,$0.12B,$1.71B,7.39%,$0.16B,$1.44B,12.57%,$658,$456,$202,$0,$141,$597,$61,$-8,$53,$11,$42,$42,$42,$74,$61,$51,53,$0.81,$0.79,$218,$428,$0,$1022,$212,$0,$407,$68,$687,$1708,$231,$692,$0,$733,$964,$1,$352,$-1,$745,$1708,$114,$36,$-2,$34,$-102,$-15,$-1,$-13,$-130,$18,$-27,$0,$-87,$0,$-8,$-8,$-4,$-126,$300,$0,$300,$-13,$-13,$0,$-7,$280,$172,$9,$0
1,2018-03-31,43.0,$13.57,3.17,$40.58,1.06,$-1.12,0.0,$2.06,20.87,$1.03B,$0.27B,3.87,$0.69B,$0.71B,0.98,$2.12B,$0.65B,30.85%,$2.12B,$0.16B,7.59%,$2.12B,$0.16B,7.59%,$2.12B,$0.21B,9.72%,$2.12B,$0.13B,5.99%,$2.12B,$0.11B,5.05%,$0.11B,$0.71B,16.26%,$0.11B,$0.30B,36.86%,$0.11B,$1.70B,7.19%,$0.16B,$1.40B,13.29%,$613,$419,$194,$0,$129,$547,$66,$-8,$57,$12,$46,$46,$45,$77,$66,$51,53,$0.89,$0.86,$146,$466,$0,$1034,$211,$0,$410,$50,$670,$1704,$267,$691,$0,$731,$999,$1,$311,$-1,$705,$1704,$72,$23,$-6,$17,$-155,$-58,$41,$-9,$-183,$-94,$-18,$0,$-63,$0,$-7,$-7,$-3,$-91,$300,$0,$300,$-8,$-8,$0,$-6,$285,$100,$6,$0
2,2017-12-31,38.92,$12.77,3.05,$39.90,0.98,$-1.21,0.0,$1.87,20.81,$0.99B,$0.23B,4.42,$0.69B,$0.66B,1.04,$2.08B,$0.64B,31.01%,$2.08B,$0.16B,7.66%,$2.08B,$0.16B,7.66%,$2.08B,$0.20B,9.82%,$2.08B,$0.13B,6.07%,$2.08B,$0.10B,4.67%,$0.10B,$0.66B,15.38%,$0.10B,$0.29B,34.06%,$0.10B,$1.62B,6.91%,$0.16B,$1.35B,14.01%,$442,$310,$132,$0,$109,$419,$23,$-10,$12,$-14,$26,$26,$26,$34,$23,$51,53,$0.52,$0.50,$296,$440,$0,$994,$179,$0,$370,$74,$623,$1617,$225,$691,$0,$730,$955,$1,$266,$-1,$662,$1617,$26,$12,$-12,$-1,$3,$-58,$23,$-1,$-50,$-24,$-8,$0,$0,$0,$-7,$-7,$-1,$-16,$300,$0,$300,$-3,$-3,$0,$-6,$291,$251,$3,$0
3,2017-09-30,38.84,$12.29,3.16,$39.61,0.98,$-1.10,0.0,$1.52,25.55,$0.68B,$0.22B,3.1,$0.40B,$0.64B,0.62,$2.05B,$0.63B,30.82%,$2.05B,$0.16B,7.59%,$2.05B,$0.16B,7.59%,$2.05B,$0.20B,9.74%,$2.05B,$0.13B,6.13%,$2.05B,$0.08B,3.85%,$0.08B,$0.64B,13.06%,$0.08B,$0.27B,29.15%,$0.08B,$1.31B,6.06%,$0.16B,$1.03B,15.07%,$490,$345,$145,$0,$131,$476,$14,$-9,$6,$2,$4,$4,$4,$26,$14,$50,52,$0.09,$0.08,$45,$382,$0,$683,$181,$0,$372,$71,$624,$1307,$220,$395,$0,$450,$670,$1,$239,$-1,$637,$1307,$80,$44,$4,$48,$-32,$-16,$-2,$2,$-13,$114,$-36,$0,$-104,$0,$-12,$-12,$-12,$-165,$-0,$0,$-0,$-28,$-28,$0,$18,$-10,$-61,$11,$0
4,2017-06-30,31.79,$12.16,2.62,$38.24,0.83,$-0.11,0.0,$1.33,23.9,$0.71B,$0.22B,3.24,$0.44B,$0.63B,0.69,$1.98B,$0.61B,30.75%,$1.98B,$0.16B,7.84%,$1.98B,$0.16B,7.84%,$1.98B,$0.20B,10.02%,$1.98B,$0.11B,5.56%,$1.98B,$0.07B,3.49%,$0.07B,$0.63B,11.80%,$0.07B,$0.31B,26.39%,$0.07B,$1.32B,5.43%,$0.16B,$1.06B,15.28%,$575,$391,$183,$0,$125,$517,$58,$-6,$52,$19,$33,$33,$32,$69,$58,$51,52,$0.64,$0.62,$25,$383,$0,$710,$178,$0,$320,$113,$611,$1321,$219,$435,$0,$473,$692,$1,$235,$-1,$629,$1321,$76,$32,$1,$33,$-74,$-17,$3,$12,$-66,$43,$-37,$0,$-99,$0,$-11,$-11,$-3,$-150,$-0,$40,$40,$-26,$-26,$0,$15,$29,$-79,$8,$0
5,2017-03-31,37.07,$11.53,3.22,$37.23,1.0,$1.16,32.01,$1.22,30.39,$0.81B,$0.24B,3.33,$0.50B,$0.59B,0.83,$1.92B,$0.59B,30.73%,$1.92B,$0.15B,7.56%,$1.92B,$0.15B,7.56%,$1.92B,$0.19B,9.86%,$1.92B,$0.10B,5.22%,$1.92B,$0.06B,3.29%,$0.06B,$0.59B,11.12%,$0.06B,$0.27B,26.06%,$0.06B,$1.37B,5.06%,$0.15B,$1.09B,14.69%,$570,$386,$184,$0,$120,$506,$64,$-8,$56,$21,$35,$35,$35,$75,$64,$50,52,$0.69,$0.67,$17,$426,$0,$810,$176,$0,$322,$60,$558,$1368,$244,$496,$0,$530,$774,$1,$203,$-2,$594,$1368,$43,$21,$-2,$19,$-139,$-64,$38,$7,$-158,$-96,$-19,$0,$-60,$0,$-2,$-2,$-1,$-82,$-0,$101,$101,$-20,$-20,$0,$11,$92,$-87,$5,$0
6,2016-12-31,33.09,$10.93,3.03,$37.00,0.89,$2.10,15.72,$1.20,27.58,$0.66B,$0.23B,2.88,$0.40B,$0.56B,0.71,$1.89B,$0.57B,30.40%,$1.89B,$0.14B,7.42%,$1.89B,$0.14B,7.42%,$1.89B,$0.18B,9.69%,$1.89B,$0.10B,5.08%,$1.89B,$0.06B,3.23%,$0.06B,$0.56B,11.06%,$0.06B,$0.24B,26.24%,$0.06B,$1.22B,4.94%,$0.14B,$0.96B,14.41%,$419,$299,$121,$0,$101,$400,$20,$-8,$12,$4,$8,$8,$8,$30,$20,$50,52,$0.15,$0.15,$18,$430,$0,$662,$170,$0,$323,$61,$554,$1217,$230,$395,$0,$427,$657,$1,$168,$-2,$560,$1217,$8,$10,$1,$11,$12,$-68,$32,$-1,$-32,$-13,$-13,$0,$-52,$0,$-2,$-2,$-0,$-67,$-0,$0,$-0,$-8,$-8,$0,$2,$-6,$-86,$3,$0
7,2016-09-30,26.0,$10.86,2.39,$36.31,0.72,$2.49,10.43,$0.87,29.89,$0.68B,$0.20B,3.38,$0.40B,$0.56B,0.71,$1.83B,$0.55B,30.24%,$1.83B,$0.13B,7.05%,$1.83B,$0.13B,7.05%,$1.83B,$0.17B,9.35%,$1.83B,$0.07B,3.83%,$1.83B,$0.04B,2.41%,$0.04B,$0.56B,8.21%,$0.04B,$0.23B,19.38%,$0.04B,$1.18B,3.57%,$0.13B,$0.95B,13.35%,$413,$293,$120,$0,$105,$400,$13,$-23,$-10,$-4,$-6,$-6,$-6,$24,$13,$49,51,$-0.11,$-0.11,$104,$362,$0,$683,$158,$0,$327,$12,$497,$1181,$202,$395,$0,$424,$626,$1,$161,$-1,$555,$1181,$46,$42,$27,$68,$27,$-7,$-3,$8,$37,$151,$-24,$0,$-69,$0,$0,$0,$2,$-91,$-0,$0,$-0,$-11,$-11,$0,$-3,$-14,$45,$8,$0
8,2016-06-30,22.83,$10.97,2.08,$36.00,0.63,$1.31,17.41,$0.89,25.65,$0.70B,$0.20B,3.5,$0.40B,$0.56B,0.71,$1.80B,$0.54B,30.02%,$1.80B,$0.12B,6.49%,$1.80B,$0.12B,6.49%,$1.80B,$0.16B,8.71%,$1.80B,$0.07B,4.05%,$1.80B,$0.05B,2.55%,$0.05B,$0.56B,8.78%,$0.05B,$0.23B,20.38%,$0.05B,$1.22B,3.77%,$0.12B,$0.95B,12.25%,$515,$351,$164,$0,$116,$466,$48,$-7,$42,$15,$27,$27,$26,$60,$48,$49,51,$0.53,$0.51,$52,$362,$0,$701,$159,$0,$328,$29,$516,$1217,$200,$395,$0,$459,$659,$1,$166,$-1,$558,$1217,$51,$30,$15,$46,$-13,$-6,$-8,$5,$-8,$90,$-19,$0,$-65,$0,$0,$0,$1,$-84,$-0,$0,$-0,$-9,$-9,$0,$-3,$-13,$-8,$6,$0
9,2016-03-31,16.34,$10.58,1.54,$35.24,0.46,$0.72,22.75,$0.76,21.5,$0.80B,$0.23B,3.47,$0.50B,$0.53B,0.93,$1.75B,$0.52B,29.73%,$1.75B,$0.11B,6.19%,$1.75B,$0.11B,6.19%,$1.75B,$0.15B,8.30%,$1.75B,$0.06B,3.55%,$1.75B,$0.04B,2.23%,$0.04B,$0.53B,7.61%,$0.04B,$0.24B,17.51%,$0.04B,$1.32B,3.24%,$0.11B,$1.03B,11.44%,$541,$372,$169,$0,$110,$482,$59,$-7,$52,$19,$33,$33,$33,$69,$59,$49,50,$0.67,$0.65,$22,$391,$0,$804,$165,$0,$297,$58,$519,$1323,$231,$496,$62,$559,$790,$1,$140,$-1,$533,$1323,$25,$19,$13,$32,$-112,$-35,$27,$2,$-108,$-51,$-13,$0,$-69,$0,$0,$0,$1,$-81,$-0,$102,$102,$-2,$-2,$0,$-6,$94,$-38,$4,$0
10,2015-12-31,13.52,$9.95,1.36,$34.58,0.39,$-0.24,0.0,$0.58,23.31,$0.69B,$0.22B,3.17,$0.44B,$0.50B,0.87,$1.70B,$0.50B,29.36%,$1.70B,$0.10B,5.81%,$1.70B,$0.10B,5.81%,$1.70B,$0.14B,7.93%,$1.70B,$0.05B,2.82%,$1.70B,$0.03B,1.70%,$0.03B,$0.50B,5.78%,$0.03B,$0.22B,13.63%,$0.03B,$1.21B,2.43%,$0.10B,$0.94B,10.57%,$360,$260,$100,$0,$91,$351,$9,$-23,$-14,$-5,$-9,$-9,$-9,$18,$9,$49,49,$-0.18,$-0.18,$21,$416,$0,$693,$164,$0,$284,$71,$519,$1211,$218,$436,$58,$494,$712,$1,$107,$-0,$499,$1211,$-9,$9,$9,$18,$34,$-61,$23,$-7,$-10,$-0,$-5,$0,$-69,$0,$0,$0,$1,$-73,$-0,$42,$42,$-1,$-1,$0,$-6,$35,$-39,$2,$0
11,2015-09-30,15.47,$10.12,1.53,$33.39,0.46,$0.12,128.38,$0.64,24.17,$0.65B,$0.18B,3.7,$0.40B,$0.51B,0.78,$1.65B,$0.49B,29.58%,$1.65B,$0.09B,5.52%,$1.65B,$0.09B,5.52%,$1.65B,$0.13B,7.70%,$1.65B,$0.05B,3.15%,$1.65B,$0.03B,1.94%,$0.03B,$0.51B,6.46%,$0.03B,$0.22B,15.69%,$0.03B,$1.13B,2.70%,$0.09B,$0.90B,9.89%,$386,$278,$108,$0,$99,$385,$1,$-9,$-7,$-3,$-4,$-4,$-4,$10,$1,$49,50,$-0.09,$-0.09,$61,$336,$0,$654,$163,$0,$285,$30,$478,$1132,$177,$397,$0,$448,$625,$0,$116,$0,$506,$1132,$33,$36,$30,$66,$-9,$4,$-5,$-3,$-11,$87,$-22,$0,$-38,$10,$0,$10,$1,$-50,$-50,$0,$-50,$-18,$-18,$0,$0,$-68,$-31,$8,$0
12,2015-06-30,10.56,$10.33,1.02,$33.19,0.32,$1.19,8.86,$0.65,16.25,$0.67B,$0.20B,3.36,$0.40B,$0.51B,0.78,$1.64B,$0.49B,29.79%,$1.64B,$0.09B,5.56%,$1.64B,$0.09B,5.56%,$1.64B,$0.13B,7.94%,$1.64B,$0.05B,3.11%,$1.64B,$0.03B,1.95%,$0.03B,$0.51B,6.52%,$0.03B,$0.22B,16.33%,$0.03B,$1.16B,2.69%,$0.09B,$0.91B,9.80%,$459,$317,$142,$0,$103,$420,$39,$-8,$31,$11,$19,$19,$19,$48,$39,$48,49,$0.39,$0.38,$56,$340,$0,$674,$163,$0,$293,$25,$481,$1156,$201,$396,$47,$444,$644,$0,$120,$1,$511,$1156,$37,$27,$13,$40,$-29,$-14,$2,$-5,$-21,$57,$-18,$0,$-16,$10,$0,$10,$1,$-23,$-50,$0,$-50,$-17,$-17,$0,$-1,$-68,$-35,$6,$0
13,2015-03-31,9.87,$9.93,0.99,$32.65,0.3,$1.62,6.08,$0.36,27.42,$0.79B,$0.22B,3.52,$0.51B,$0.49B,1.04,$1.62B,$0.47B,28.76%,$1.62B,$0.07B,4.33%,$1.62B,$0.07B,4.33%,$1.62B,$0.11B,6.80%,$1.62B,$0.03B,1.73%,$1.62B,$0.02B,1.11%,$0.02B,$0.49B,3.70%,$0.02B,$0.20B,9.28%,$0.02B,$1.27B,1.51%,$0.07B,$1.00B,7.47%,$498,$348,$150,$0,$100,$448,$50,$-12,$38,$14,$24,$24,$23,$59,$50,$48,49,$0.48,$0.47,$25,$382,$0,$787,$163,$0,$294,$25,$482,$1269,$224,$511,$45,$556,$779,$0,$102,$0,$490,$1269,$18,$18,$8,$27,$-129,$-57,$51,$-8,$-144,$-99,$-11,$0,$-16,$10,$0,$10,$1,$-16,$-50,$115,$65,$-16,$-16,$0,$-1,$48,$-67,$4,$0
14,2014-12-31,8.78,$9.44,0.93,$32.80,0.27,$2.41,3.64,$0.32,27.44,$0.72B,$0.27B,2.63,$0.40B,$0.48B,0.83,$1.62B,$0.46B,28.56%,$1.62B,$0.07B,4.01%,$1.62B,$0.07B,4.01%,$1.62B,$0.11B,6.48%,$1.62B,$0.02B,1.48%,$1.62B,$0.02B,0.99%,$0.02B,$0.48B,3.30%,$0.02B,$0.18B,8.18%,$0.02B,$1.18B,1.34%,$0.07B,$0.87B,6.88%,$307,$219,$88,$0,$87,$306,$1,$-11,$-10,$-4,$-6,$-6,$-6,$10,$1,$49,49,$-0.12,$-0.12,$109,$400,$0,$716,$164,$0,$295,$9,$468,$1184,$272,$395,$42,$437,$709,$1,$80,$1,$475,$1184,$-6,$9,$4,$13,$51,$-74,$40,$-16,$8,$16,$-4,$0,$0,$-0,$0,$-0,$-5,$-9,$-0,$0,$-0,$-4,$-4,$0,$-2,$-5,$1,$2,$0
15,2014-09-30,7.75,$9.54,0.81,$32.58,0.24,$2.68,2.89,$0.18,43.06,$0.67B,$0.17B,3.88,$0.45B,$0.49B,0.93,$1.61B,$0.46B,28.35%,$1.61B,$0.06B,3.49%,$1.61B,$0.06B,3.49%,$1.61B,$0.10B,5.92%,$1.61B,$0.01B,0.81%,$1.61B,$0.01B,0.56%,$0.01B,$0.49B,1.87%,$0.01B,$0.19B,4.64%,$0.01B,$1.15B,0.76%,$0.06B,$0.94B,5.87%,$374,$267,$108,$0,$106,$373,$1,$-10,$-8,$-4,$-4,$-4,$-4,$13,$1,$49,49,$-0.09,$-0.08,$103,$326,$0,$672,$167,$0,$296,$14,$477,$1149,$173,$450,$0,$489,$662,$1,$86,$1,$486,$1149,$10,$38,$17,$55,$3,$70,$-16,$-2,$62,$126,$-8,$0,$-20,$8,$0,$8,$-14,$-35,$-0,$-23,$-23,$-1,$-1,$0,$-3,$-28,$64,$8,$0
16,2014-06-30,9.1,$9.77,0.93,$32.68,0.28,$-0.82,0.0,$-0.21,0.0,$0.68B,$0.18B,3.78,$0.45B,$0.49B,0.91,$1.60B,$0.43B,26.75%,$1.60B,$0.03B,1.81%,$1.60B,$0.03B,1.81%,$1.60B,$0.07B,4.19%,$1.60B,$-0.02B,-1.00%,$1.60B,$-0.01B,-0.63%,$-0.01B,$0.49B,-2.10%,$-0.01B,$0.21B,-5.19%,$-0.01B,$1.17B,-0.84%,$0.03B,$0.94B,3.03%,$438,$319,$119,$0,$101,$420,$18,$-10,$8,$3,$5,$5,$5,$28,$18,$49,50,$0.10,$0.09,$46,$365,$0,$679,$178,$0,$283,$0,$487,$1166,$180,$450,$43,$493,$673,$1,$90,$2,$493,$1166,$14,$27,$14,$40,$-17,$31,$-15,$2,$14,$69,$-9,$0,$-20,$4,$0,$4,$0,$-25,$-0,$-23,$-23,$-1,$-1,$0,$-3,$-27,$17,$6,$0
17,2014-03-31,8.13,$9.64,0.84,$34.01,0.24,$-3.77,0.0,$-0.02,0.0,$0.81B,$0.22B,3.64,$0.55B,$0.49B,1.12,$1.66B,$0.46B,27.84%,$1.66B,$0.04B,2.66%,$1.66B,$0.04B,2.66%,$1.66B,$0.08B,4.83%,$1.66B,$-0.00B,-0.12%,$1.66B,$-0.00B,-0.06%,$-0.00B,$0.49B,-0.21%,$-0.00B,$0.20B,-0.52%,$-0.00B,$1.29B,-0.08%,$0.04B,$1.03B,4.53%,$502,$354,$148,$0,$103,$457,$45,$-10,$34,$13,$21,$21,$21,$54,$45,$49,49,$0.43,$0.43,$31,$403,$0,$813,$185,$0,$284,$0,$482,$1294,$223,$545,$40,$586,$809,$1,$86,$2,$486,$1294,$9,$18,$11,$29,$-129,$-11,$38,$-1,$-97,$-60,$-10,$0,$0,$4,$0,$4,$0,$-6,$-0,$72,$72,$-0,$-0,$0,$-3,$68,$2,$5,$0
18,2013-12-31,6.87,$9.30,0.74,$34.02,0.2,$-6.00,0.0,$0.01,687.0,$0.67B,$0.21B,3.21,$0.45B,$0.46B,0.98,$1.65B,$0.47B,28.21%,$1.65B,$0.05B,2.78%,$1.65B,$0.05B,2.78%,$1.65B,$0.08B,4.90%,$1.65B,$-0.00B,0.00%,$1.65B,$-0.00B,0.00%,$-0.00B,$0.46B,0.00%,$-0.00B,$0.17B,0.00%,$-0.00B,$1.16B,0.00%,$0.05B,$0.91B,4.69%,$291,$211,$80,$0,$88,$299,$-8,$-12,$-21,$-8,$-13,$-13,$-13,$-0,$-8,$48,48,$-0.26,$-0.26,$31,$427,$0,$671,$187,$0,$285,$0,$485,$1156,$209,$449,$39,$488,$697,$0,$65,$2,$459,$1156,$-13,$8,$6,$14,$51,$-35,$17,$-14,$29,$30,$-5,$0,$0,$4,$0,$4,$0,$-2,$-0,$-23,$-23,$-0,$-0,$0,$-3,$-27,$2,$2,$0
19,2013-09-30,7.04,$9.56,0.74,$34.12,0.21,$-7.26,0.0,$-0.05,0.0,$0.67B,$0.18B,3.69,$0.47B,$0.47B,1.01,$1.65B,$0.46B,28.01%,$1.65B,$0.04B,2.48%,$1.65B,$0.04B,2.48%,$1.65B,$0.08B,4.60%,$1.65B,$-0.00B,-0.18%,$1.65B,$-0.00B,-0.12%,$-0.00B,$0.47B,-0.42%,$-0.00B,$0.18B,-1.08%,$-0.00B,$1.16B,-0.16%,$0.04B,$0.94B,4.19%,$369,$288,$81,$0,$100,$395,$-26,$-10,$-37,$-14,$-23,$-23,$-23,$-15,$-26,$48,48,$-0.46,$-0.46,$33,$392,$0,$673,$189,$0,$286,$14,$489,$1161,$182,$472,$0,$509,$691,$0,$78,$1,$470,$1161,$-1,$35,$21,$56,$8,$-62,$-24,$2,$-83,$-28,$-25,$0,$-5,$5,$0,$5,$0,$-25,$-0,$23,$23,$-2,$-2,$0,$-0,$20,$-33,$16,$0
20,2013-06-30,7.1,$10.00,0.71,$34.66,0.2,$-5.13,0.0,$0.21,33.81,$0.75B,$0.21B,3.64,$0.51B,$0.49B,1.04,$1.68B,$0.49B,28.97%,$1.68B,$0.06B,3.51%,$1.68B,$0.06B,3.51%,$1.68B,$0.09B,5.35%,$1.68B,$0.02B,1.01%,$1.68B,$0.01B,0.65%,$0.01B,$0.49B,2.34%,$0.01B,$0.21B,6.00%,$0.01B,$1.25B,0.90%,$0.06B,$1.00B,6.07%,$494,$342,$152,$0,$120,$461,$33,$-11,$22,$8,$14,$14,$14,$41,$33,$48,49,$0.28,$0.28,$38,$413,$0,$749,$191,$0,$286,$0,$496,$1245,$206,$509,$38,$547,$753,$0,$100,$1,$492,$1245,$22,$24,$22,$46,$-41,$-83,$-16,$-3,$-134,$-65,$-20,$0,$-5,$5,$0,$5,$0,$-19,$-0,$60,$60,$-2,$-2,$0,$-0,$57,$-28,$12,$0
21,2013-03-31,8.62,$9.69,0.89,$35.57,0.24,$-2.62,0.0,$0.40,21.55,$0.85B,$0.24B,3.49,$0.59B,$0.48B,1.25,$1.72B,$0.52B,29.98%,$1.72B,$0.08B,4.36%,$1.72B,$0.08B,4.36%,$1.72B,$0.11B,6.16%,$1.72B,$0.03B,1.92%,$1.72B,$0.02B,1.16%,$0.02B,$0.48B,4.29%,$0.02B,$0.19B,11.25%,$0.02B,$1.35B,1.66%,$0.08B,$1.07B,7.88%,$498,$345,$153,$0,$106,$451,$47,$-11,$36,$13,$23,$23,$22,$55,$47,$48,49,$0.46,$0.46,$29,$436,$0,$847,$194,$0,$287,$0,$500,$1347,$243,$593,$35,$628,$871,$0,$86,$1,$476,$1347,$8,$16,$15,$31,$-120,$-106,$38,$-8,$-201,$-162,$-16,$0,$-5,$5,$0,$5,$0,$-16,$-0,$144,$144,$-2,$-2,$0,$-0,$142,$-37,$8,$0
22,2012-12-31,10.02,$9.25,1.08,$35.07,0.29,$-1.26,0.0,$0.39,25.69,$0.65B,$0.21B,3.01,$0.45B,$0.45B,1.0,$1.69B,$0.51B,30.24%,$1.69B,$0.07B,4.32%,$1.69B,$0.07B,4.32%,$1.69B,$0.10B,6.15%,$1.69B,$0.03B,1.89%,$1.69B,$0.02B,1.18%,$0.02B,$0.45B,4.35%,$0.02B,$0.16B,11.78%,$0.02B,$1.15B,1.69%,$0.07B,$0.90B,7.78%,$292,$216,$77,$0,$90,$306,$-13,$-11,$-24,$-9,$-15,$-15,$-15,$-5,$-13,$48,48,$-0.32,$-0.32,$30,$398,$0,$646,$192,$0,$288,$0,$501,$1146,$214,$450,$31,$481,$696,$0,$64,$1,$450,$1146,$-15,$8,$5,$13,$52,$-67,$4,$-17,$-26,$-28,$-8,$0,$-5,$5,$0,$5,$0,$-8,$-0,$1,$1,$-0,$-0,$0,$-1,$0,$-36,$2,$0
23,2012-09-30,11.89,$9.56,1.24,$35.28,0.34,$-0.62,0.0,$0.44,27.02,$0.65B,$0.21B,3.16,$0.45B,$0.47B,0.97,$1.70B,$0.52B,30.29%,$1.70B,$0.08B,4.41%,$1.70B,$0.08B,4.41%,$1.70B,$0.11B,6.18%,$1.70B,$0.04B,2.06%,$1.70B,$0.02B,1.29%,$0.02B,$0.47B,4.86%,$0.02B,$0.18B,13.58%,$0.02B,$1.15B,1.88%,$0.08B,$0.91B,8.02%,$397,$292,$105,$0,$114,$406,$-8,$-9,$-17,$-7,$-10,$-10,$-10,$-1,$-8,$48,48,$-0.23,$-0.21,$71,$330,$0,$652,$191,$0,$289,$18,$498,$1150,$206,$449,$0,$478,$685,$0,$80,$2,$465,$1150,$22,$30,$20,$51,$-7,$-0,$10,$9,$16,$89,$-40,$0,$0,$-5,$0,$-5,$0,$-44,$49,$-35,$14,$-23,$-23,$0,$0,$-9,$36,$8,$0
24,2012-06-30,10.38,$9.80,1.06,$33.72,0.31,$-1.31,0.0,$0.44,23.59,$0.69B,$0.23B,2.95,$0.45B,$0.47B,0.95,$1.68B,$0.51B,30.24%,$1.68B,$0.08B,4.64%,$1.68B,$0.08B,4.64%,$1.68B,$0.11B,6.49%,$1.68B,$0.04B,2.26%,$1.68B,$0.02B,1.25%,$0.02B,$0.47B,4.66%,$0.02B,$0.18B,13.25%,$0.02B,$1.18B,1.82%,$0.08B,$0.92B,8.39%,$534,$353,$181,$0,$132,$485,$49,$-11,$38,$15,$24,$24,$23,$57,$49,$48,48,$0.48,$0.47,$59,$335,$0,$685,$185,$0,$291,$0,$495,$1180,$232,$450,$23,$473,$705,$0,$90,$1,$474,$1180,$33,$23,$16,$39,$-50,$-5,$8,$8,$-8,$64,$-27,$0,$0,$0,$0,$0,$0,$-27,$49,$-35,$14,$-22,$-22,$0,$-1,$-9,$29,$5,$0
25,2012-03-31,9.41,$9.31,1.01,$31.58,0.3,$-2.47,0.0,$0.28,33.61,$0.77B,$0.23B,3.39,$0.57B,$0.45B,1.26,$1.63B,$0.48B,29.20%,$1.63B,$0.07B,4.05%,$1.63B,$0.07B,4.05%,$1.63B,$0.10B,5.89%,$1.63B,$0.03B,1.66%,$1.63B,$0.02B,0.92%,$0.02B,$0.45B,3.29%,$0.02B,$0.16B,9.26%,$0.02B,$1.26B,1.31%,$0.07B,$1.02B,7.07%,$467,$319,$148,$0,$102,$422,$45,$-10,$35,$13,$22,$22,$22,$53,$45,$47,48,$0.46,$0.45,$28,$381,$0,$766,$183,$0,$292,$0,$494,$1260,$226,$567,$19,$585,$811,$0,$67,$1,$449,$1260,$9,$15,$12,$27,$-114,$-51,$33,$3,$-129,$-93,$-17,$0,$0,$0,$0,$0,$0,$-17,$49,$82,$131,$-21,$-21,$0,$-1,$109,$-2,$4,$0
26,2011-12-31,8.16,$8.84,0.92,$30.17,0.27,$-2.23,0.0,$0.37,22.05,$0.60B,$0.19B,3.15,$0.46B,$0.42B,1.09,$1.65B,$0.49B,29.78%,$1.65B,$0.08B,4.91%,$1.65B,$0.08B,4.91%,$1.65B,$0.11B,6.67%,$1.65B,$0.04B,2.61%,$1.65B,$0.03B,1.52%,$0.03B,$0.42B,5.33%,$0.03B,$0.13B,14.33%,$0.03B,$1.09B,2.17%,$0.08B,$0.89B,8.66%,$302,$221,$81,$0,$92,$313,$-11,$-10,$-21,$-8,$-13,$-13,$-13,$-4,$-11,$48,48,$-0.27,$-0.27,$28,$366,$0,$596,$180,$0,$294,$0,$493,$1088,$189,$460,$14,$475,$664,$0,$45,$1,$424,$1088,$-13,$7,$7,$14,$56,$-36,$5,$-14,$2,$3,$-9,$0,$0,$0,$0,$0,$0,$-9,$-0,$25,$25,$-21,$-21,$0,$0,$4,$-2,$2,$0
27,2011-09-30,6.9,$9.04,0.76,$28.48,0.24,$-2.12,0.0,$0.48,14.38,$0.60B,$0.19B,3.14,$0.44B,$0.46B,0.95,$1.63B,$0.49B,30.26%,$1.63B,$0.09B,5.28%,$1.63B,$0.09B,5.28%,$1.63B,$0.12B,7.06%,$1.63B,$0.05B,2.95%,$1.63B,$0.03B,1.72%,$0.03B,$0.46B,5.71%,$0.03B,$0.16B,14.34%,$0.03B,$1.09B,2.42%,$0.09B,$0.89B,9.14%,$377,$279,$98,$0,$103,$381,$-5,$-9,$-14,$-2,$-12,$-12,$-11,$3,$-5,$56,57,$-0.21,$-0.19,$30,$330,$0,$603,$176,$0,$295,$19,$490,$1093,$192,$435,$0,$444,$636,$1,$59,$1,$457,$1093,$28,$29,$32,$61,$0,$-32,$7,$-4,$-38,$51,$-32,$0,$-25,$0,$1,$1,$0,$-56,$-0,$35,$35,$-107,$-107,$0,$-2,$-74,$-79,$7,$0
28,2011-06-30,10.38,$9.20,1.13,$27.15,0.38,$-0.76,0.0,$0.55,18.87,$0.67B,$0.21B,3.21,$0.45B,$0.49B,0.91,$1.60B,$0.50B,31.14%,$1.60B,$0.09B,5.38%,$1.60B,$0.09B,5.38%,$1.60B,$0.13B,7.94%,$1.60B,$0.05B,3.00%,$1.60B,$0.03B,1.88%,$0.03B,$0.49B,5.89%,$0.03B,$0.20B,14.00%,$0.03B,$1.16B,2.57%,$0.09B,$0.94B,9.04%,$484,$335,$149,$0,$113,$448,$37,$-9,$27,$10,$17,$17,$17,$44,$37,$54,54,$0.32,$0.31,$27,$344,$0,$668,$171,$0,$295,$0,$488,$1156,$208,$450,$0,$454,$663,$1,$69,$1,$493,$1156,$40,$21,$20,$41,$-61,$-46,$6,$11,$-83,$-2,$-20,$0,$-24,$0,$0,$0,$0,$-45,$-0,$50,$50,$-82,$-82,$0,$-2,$-34,$-80,$6,$0
29,2011-03-31,8.81,$8.91,0.99,$25.47,0.35,$0.81,10.82,$0.64,13.77,$0.78B,$0.25B,3.14,$0.52B,$0.50B,1.03,$1.58B,$0.51B,32.41%,$1.58B,$0.10B,6.46%,$1.58B,$0.10B,6.46%,$1.58B,$0.14B,9.05%,$1.58B,$0.06B,4.05%,$1.58B,$0.04B,2.47%,$0.04B,$0.50B,7.43%,$0.04B,$0.21B,17.16%,$0.04B,$1.27B,3.32%,$0.10B,$1.02B,10.68%,$486,$322,$163,$0,$104,$426,$60,$-9,$51,$18,$32,$32,$32,$67,$60,$58,58,$0.55,$0.54,$27,$382,$0,$779,$170,$0,$297,$0,$493,$1273,$248,$517,$4,$521,$769,$1,$58,$1,$503,$1273,$23,$14,$12,$26,$-131,$-84,$54,$6,$-155,$-106,$-14,$0,$-24,$0,$0,$0,$0,$-38,$-0,$117,$117,$-52,$-52,$0,$-1,$64,$-80,$3,$0
30,2010-12-31,9.84,$8.42,1.17,$23.96,0.41,$2.58,3.82,$0.59,16.68,$0.62B,$0.20B,3.07,$0.40B,$0.51B,0.79,$1.54B,$0.51B,33.20%,$1.54B,$0.10B,6.71%,$1.54B,$0.10B,6.71%,$1.54B,$0.14B,9.38%,$1.54B,$0.06B,4.17%,$1.54B,$0.04B,2.54%,$0.04B,$0.51B,7.30%,$0.04B,$0.21B,16.74%,$0.04B,$1.11B,3.37%,$0.10B,$0.91B,11.02%,$282,$199,$83,$0,$90,$288,$-6,$-9,$-16,$-6,$-10,$-10,$-10,$1,$-6,$61,61,$-0.16,$-0.16,$91,$342,$0,$615,$166,$0,$294,$0,$497,$1113,$201,$400,$4,$405,$605,$1,$33,$1,$508,$1113,$-10,$7,$1,$8,$53,$-56,$11,$-3,$6,$5,$-5,$0,$-1,$0,$0,$0,$0,$-6,$-0,$0,$-0,$-13,$-13,$0,$-1,$-14,$-16,$2,$0
31,2010-09-30,10.35,$8.64,1.2,$23.37,0.44,$3.21,3.22,$0.71,14.58,$0.63B,$0.19B,3.23,$0.40B,$0.53B,0.75,$1.52B,$0.52B,33.81%,$1.52B,$0.11B,7.22%,$1.52B,$0.11B,7.22%,$1.52B,$0.15B,9.91%,$1.52B,$0.08B,4.99%,$1.52B,$0.05B,3.02%,$0.05B,$0.53B,8.60%,$0.05B,$0.24B,20.04%,$0.05B,$1.13B,3.97%,$0.11B,$0.93B,11.75%,$347,$244,$103,$0,$96,$352,$-5,$-9,$-14,$-5,$-9,$-9,$-9,$15,$-5,$64,65,$-0.15,$-0.15,$107,$286,$0,$628,$165,$0,$294,$0,$503,$1131,$194,$400,$0,$405,$599,$1,$45,$1,$532,$1131,$48,$41,$26,$67,$14,$-1,$3,$4,$20,$135,$-24,$0,$-2,$0,$-15,$-15,$0,$-41,$-8,$0,$-8,$-66,$-66,$0,$-15,$-88,$6,$6,$0
32,2010-06-30,9.51,$8.79,1.08,$23.21,0.41,$4.46,2.13,$0.97,9.8,$0.65B,$0.22B,2.95,$0.40B,$0.56B,0.72,$1.54B,$0.53B,34.31%,$1.54B,$0.14B,8.77%,$1.54B,$0.14B,8.77%,$1.54B,$0.16B,10.59%,$1.54B,$0.11B,6.82%,$1.54B,$0.06B,4.09%,$0.06B,$0.56B,11.69%,$0.06B,$0.25B,27.51%,$0.06B,$1.18B,5.42%,$0.14B,$0.96B,14.35%,$465,$303,$163,$0,$110,$413,$53,$-10,$43,$16,$27,$27,$26,$60,$53,$64,65,$0.41,$0.40,$92,$306,$0,$652,$162,$0,$308,$0,$531,$1184,$221,$400,$4,$404,$626,$1,$58,$0,$558,$1184,$57,$22,$6,$28,$-18,$-22,$10,$16,$7,$91,$-16,$0,$0,$0,$0,$0,$0,$-16,$-8,$0,$-8,$-47,$-47,$0,$-15,$-70,$6,$4,$0
33,2010-03-31,9.87,$8.38,1.18,$22.85,0.43,$5.07,1.95,$1.01,9.77,$0.67B,$0.25B,2.65,$0.40B,$0.54B,0.74,$1.56B,$0.53B,34.06%,$1.56B,$0.13B,8.61%,$1.56B,$0.13B,8.61%,$1.56B,$0.16B,10.41%,$1.56B,$0.11B,7.07%,$1.56B,$0.07B,4.37%,$0.07B,$0.54B,12.63%,$0.07B,$0.23B,29.82%,$0.07B,$1.20B,5.82%,$0.13B,$0.94B,14.22%,$442,$281,$161,$0,$101,$381,$61,$-10,$51,$19,$32,$32,$32,$68,$61,$64,65,$0.49,$0.49,$27,$331,$0,$665,$162,$0,$310,$0,$531,$1196,$251,$400,$4,$404,$656,$1,$34,$0,$540,$1196,$30,$14,$3,$17,$-71,$-46,$38,$16,$-56,$-10,$-9,$0,$0,$0,$0,$0,$0,$-9,$9,$0,$9,$-36,$-36,$0,$-12,$-39,$-59,$3,$0
34,2009-12-31,10.7,$7.90,1.35,$22.86,0.47,$4.87,2.2,$0.99,10.81,$0.60B,$0.20B,2.92,$0.40B,$0.51B,0.79,$1.59B,$0.53B,33.33%,$1.59B,$0.13B,8.18%,$1.59B,$0.13B,8.18%,$1.59B,$0.16B,9.94%,$1.59B,$0.11B,6.98%,$1.59B,$0.07B,4.34%,$0.07B,$0.51B,12.89%,$0.07B,$0.20B,30.80%,$0.07B,$1.12B,5.77%,$0.13B,$0.91B,13.34%,$269,$181,$88,$0,$87,$269,$1,$-4,$-4,$-1,$-2,$-2,$-3,$8,$1,$67,67,$-0.04,$-0.04,$92,$327,$0,$596,$162,$0,$310,$0,$526,$1122,$204,$404,$4,$408,$612,$1,$2,$1,$510,$1122,$-2,$7,$1,$8,$78,$-43,$8,$-3,$38,$44,$-3,$0,$0,$0,$0,$0,$0,$-3,$-1,$0,$-1,$-32,$-32,$0,$-3,$-36,$6,$2,$0
35,2009-09-30,11.75,$8.05,1.46,$22.98,0.51,$4.57,2.57,$0.94,12.5,$0.62B,$0.19B,3.2,$0.41B,$0.55B,0.74,$1.61B,$0.53B,32.65%,$1.61B,$0.13B,7.81%,$1.61B,$0.13B,7.81%,$1.61B,$0.16B,9.60%,$1.61B,$0.11B,6.51%,$1.61B,$0.07B,4.09%,$0.07B,$0.55B,12.41%,$0.07B,$0.24B,29.83%,$0.07B,$1.15B,5.43%,$0.13B,$0.95B,12.70%,$363,$247,$116,$0,$96,$343,$20,$-5,$15,$7,$8,$8,$8,$27,$20,$69,70,$0.11,$0.12,$86,$285,$0,$621,$165,$0,$311,$0,$529,$1151,$194,$405,$5,$409,$604,$1,$12,$1,$547,$1151,$68,$29,$42,$71,$50,$63,$-25,$-2,$83,$222,$-14,$0,$-7,$0,$0,$0,$0,$-21,$-25,$-78,$-103,$-37,$-37,$0,$-2,$-142,$59,$11,$0
36,2009-06-30,10.97,$8.05,1.36,$23.63,0.46,$3.08,3.56,$0.62,17.69,$0.65B,$0.24B,2.75,$0.41B,$0.56B,0.73,$1.67B,$0.53B,31.53%,$1.67B,$0.09B,5.65%,$1.67B,$0.09B,5.65%,$1.67B,$0.15B,9.25%,$1.67B,$0.07B,4.20%,$1.67B,$0.04B,2.64%,$0.04B,$0.56B,8.42%,$0.04B,$0.25B,20.73%,$0.04B,$1.20B,3.54%,$0.09B,$0.96B,9.29%,$482,$317,$165,$0,$113,$431,$52,$-4,$48,$15,$32,$32,$31,$59,$52,$69,70,$0.45,$0.44,$25,$314,$0,$645,$166,$0,$311,$0,$557,$1202,$235,$406,$5,$410,$645,$1,$7,$1,$557,$1202,$59,$22,$11,$33,$-3,$34,$-17,$-3,$41,$133,$-8,$0,$-5,$0,$0,$0,$0,$-13,$-24,$-78,$-102,$-18,$-18,$0,$-2,$-122,$-2,$8,$0
37,2009-03-31,7.61,$7.56,1.01,$23.62,0.32,$1.64,4.64,$0.40,19.03,$0.75B,$0.24B,3.17,$0.54B,$0.53B,1.03,$1.68B,$0.51B,30.61%,$1.68B,$0.08B,4.53%,$1.68B,$0.08B,4.53%,$1.68B,$0.14B,8.17%,$1.68B,$0.05B,2.86%,$1.68B,$0.03B,1.73%,$0.03B,$0.53B,5.64%,$0.03B,$0.21B,14.27%,$0.03B,$1.31B,2.27%,$0.08B,$1.07B,7.26%,$476,$316,$161,$0,$103,$419,$57,$-6,$52,$18,$34,$34,$33,$64,$57,$69,70,$0.48,$0.47,$9,$380,$0,$746,$169,$0,$313,$0,$566,$1312,$235,$544,$6,$550,$785,$1,$-24,$-0,$527,$1312,$27,$15,$8,$23,$-58,$-33,$4,$1,$-77,$-27,$-7,$0,$-5,$0,$0,$0,$0,$-12,$-23,$59,$36,$-13,$-13,$0,$-2,$21,$-18,$6,$0
38,2008-12-31,5.86,$7.07,0.83,$23.53,0.25,$0.88,6.65,$0.21,27.9,$0.61B,$0.20B,3.01,$0.49B,$0.50B,0.98,$1.69B,$0.51B,30.39%,$1.69B,$0.06B,3.80%,$1.69B,$0.06B,3.80%,$1.69B,$0.13B,7.48%,$1.69B,$0.03B,1.90%,$1.69B,$0.02B,0.95%,$0.02B,$0.50B,3.14%,$0.02B,$0.19B,7.94%,$0.02B,$1.19B,1.23%,$0.06B,$0.99B,5.93%,$293,$207,$85,$0,$88,$295,$-3,$-8,$-10,$-4,$-6,$-6,$-6,$5,$-3,$71,71,$-0.09,$-0.09,$9,$394,$0,$609,$172,$0,$308,$0,$585,$1194,$203,$488,$7,$494,$697,$1,$-57,$0,$497,$1194,$-6,$7,$1,$8,$94,$-47,$-13,$-4,$24,$26,$-4,$0,$0,$0,$-0,$-0,$0,$-4,$-22,$-12,$-34,$-3,$-3,$0,$-2,$-39,$-18,$1,$0
39,2008-09-30,5.88,$7.15,0.82,$23.79,0.25,$0.60,9.87,$-3.77,0.0,$0.67B,$0.22B,3.04,$0.52B,$0.51B,1.02,$1.71B,$0.52B,30.54%,$1.71B,$-0.32B,-18.99%,$1.71B,$-0.32B,-18.99%,$1.71B,$0.14B,8.09%,$1.71B,$-0.36B,-21.04%,$1.71B,$-0.27B,-15.71%,$-0.27B,$0.51B,-52.83%,$-0.27B,$0.20B,-133.50%,$-0.27B,$1.26B,-20.10%,$-0.32B,$1.03B,-29.33%,$414,$300,$114,$0,$97,$426,$-12,$-8,$-20,$-6,$-14,$-13,$-14,$26,$-12,$71,71,$-0.20,$-0.19,$27,$349,$0,$672,$174,$0,$309,$105,$588,$1259,$221,$520,$0,$530,$751,$1,$-50,$3,$509,$1259,$-267,$462,$-102,$360,$-13,$30,$-4,$9,$22,$115,$-10,$0,$-5,$0,$-0,$-0,$0,$-15,$-1,$-86,$-87,$-6,$-7,$0,$-0,$-94,$6,$13,$0
40,2008-06-30,4.55,$7.34,0.62,$23.54,0.19,$-1.18,0.0,$-3.59,0.0,$0.71B,$0.22B,3.17,$0.58B,$0.52B,1.11,$1.69B,$0.52B,30.95%,$1.69B,$-0.30B,-17.84%,$1.69B,$-0.30B,-17.84%,$1.69B,$0.13B,7.74%,$1.69B,$-0.34B,-20.20%,$1.69B,$-0.26B,-15.12%,$-0.26B,$0.52B,-44.58%,$-0.26B,$0.21B,-150.37%,$-0.26B,$1.34B,-17.90%,$-0.30B,$1.10B,-25.30%,$493,$340,$153,$0,$119,$459,$34,$-8,$26,$10,$16,$16,$16,$42,$34,$71,72,$0.22,$0.22,$9,$371,$0,$709,$194,$0,$312,$0,$625,$1335,$224,$580,$5,$588,$812,$1,$-37,$4,$523,$1335,$-253,$424,$-105,$320,$-45,$9,$-20,$2,$-36,$30,$-5,$0,$-5,$0,$-0,$-0,$0,$-11,$-2,$-26,$-28,$-3,$-4,$0,$-0,$-32,$-13,$9,$0
41,2008-03-31,4.61,$7.07,0.65,$23.19,0.2,$-2.21,0.0,$-3.59,0.0,$0.80B,$0.22B,3.6,$0.69B,$0.51B,1.36,$1.67B,$0.52B,31.31%,$1.67B,$-0.30B,-17.94%,$1.67B,$-0.30B,-17.94%,$1.67B,$0.13B,8.04%,$1.67B,$-0.34B,-20.58%,$1.67B,$-0.26B,-15.36%,$-0.26B,$0.51B,-40.16%,$-0.26B,$0.21B,-181.56%,$-0.26B,$1.43B,-16.94%,$-0.30B,$1.20B,-23.64%,$485,$325,$160,$0,$115,$440,$45,$-8,$36,$15,$21,$20,$20,$53,$45,$71,72,$0.29,$0.28,$8,$417,$0,$801,$196,$0,$303,$0,$631,$1432,$223,$692,$5,$699,$922,$1,$-52,$4,$510,$1432,$-269,$416,$-111,$306,$-95,$-37,$-11,$6,$-125,$-89,$-1,$0,$-5,$0,$-0,$-0,$0,$-6,$-1,$83,$82,$-0,$-1,$0,$-0,$81,$-13,$7,$0
42,2007-12-31,5.76,$6.78,0.85,$23.20,0.25,$-3.01,0.0,$-3.57,0.0,$0.67B,$0.21B,3.12,$0.60B,$0.49B,1.23,$1.67B,$0.53B,31.53%,$1.67B,$-0.30B,-17.87%,$1.67B,$-0.30B,-17.87%,$1.67B,$0.14B,8.09%,$1.67B,$-0.34B,-20.62%,$1.67B,$-0.26B,-15.29%,$-0.26B,$0.49B,-36.48%,$-0.26B,$0.19B,-236.11%,$-0.26B,$1.31B,-16.07%,$-0.30B,$1.09B,-22.39%,$314,$219,$94,$0,$85,$704,$-391,$-11,$-401,$-112,$-290,$-290,$-290,$17,$-391,$71,71,$-4.07,$-4.07,$8,$435,$0,$667,$199,$0,$301,$0,$639,$1307,$214,$598,$5,$606,$820,$1,$-73,$4,$487,$1307,$-290,$408,$-5,$403,$65,$-56,$0,$-117,$-113,$0,$2,$0,$-5,$0,$0,$0,$0,$-3,$-0,$-10,$-10,$0,$0,$0,$0,$-10,$-13,$1,$0
43,2007-09-30,8.9,$10.82,0.82,$23.25,0.38,$-3.24,0.0,$0.38,23.42,$0.69B,$0.22B,3.18,$0.61B,$0.78B,0.78,$1.67B,$0.53B,31.96%,$1.67B,$0.10B,5.92%,$1.67B,$0.10B,5.92%,$1.67B,$0.13B,7.84%,$1.67B,$0.05B,3.11%,$1.67B,$0.03B,1.92%,$0.03B,$0.78B,4.21%,$0.03B,$0.08B,42.11%,$0.03B,$1.65B,1.94%,$0.10B,$1.38B,7.14%,$401,$284,$117,$0,$107,$391,$10,$-13,$-3,$-1,$-2,$-2,$-2,$19,$10,$71,72,$-0.02,$-0.03,$21,$378,$0,$686,$202,$0,$699,$61,$961,$1647,$215,$607,$0,$655,$870,$1,$217,$5,$777,$1647,$32,$31,$21,$52,$-8,$-52,$13,$5,$-46,$39,$-60,$0,$-34,$-2,$0,$-2,$3,$-92,$1,$45,$46,$0,$0,$0,$0,$46,$-7,$5,$0
44,2007-06-30,12.26,$10.82,1.13,$23.77,0.52,$-2.25,0.0,$0.65,18.86,$0.72B,$0.24B,2.99,$0.61B,$0.78B,0.79,$1.69B,$0.55B,32.64%,$1.69B,$0.11B,6.51%,$1.69B,$0.11B,6.51%,$1.69B,$0.14B,8.22%,$1.69B,$0.07B,3.84%,$1.69B,$0.04B,2.37%,$0.04B,$0.78B,5.35%,$0.04B,$0.09B,56.14%,$0.04B,$1.66B,2.47%,$0.11B,$1.39B,8.06%,$467,$316,$151,$0,$114,$430,$37,$-12,$25,$9,$16,$16,$16,$45,$37,$71,72,$0.22,$0.22,$16,$382,$0,$717,$197,$0,$684,$0,$944,$1660,$240,$613,$29,$644,$884,$1,$219,$4,$776,$1660,$34,$22,$2,$23,$-37,$-49,$17,$-7,$-60,$-3,$-47,$0,$-20,$0,$0,$0,$3,$-63,$-2,$50,$48,$4,$4,$0,$2,$54,$-13,$4,$0
45,2007-03-31,14.77,$10.58,1.4,$24.31,0.61,$-1.95,0.0,$1.71,8.64,$0.80B,$0.24B,3.39,$0.71B,$0.76B,0.94,$1.73B,$0.57B,33.10%,$1.73B,$0.13B,7.68%,$1.73B,$0.13B,7.68%,$1.73B,$0.16B,9.30%,$1.73B,$0.09B,5.26%,$1.73B,$0.06B,3.18%,$0.06B,$0.76B,7.49%,$0.06B,$0.08B,41.04%,$0.06B,$1.73B,3.45%,$0.13B,$1.47B,9.88%,$486,$322,$164,$0,$118,$439,$46,$-11,$35,$13,$22,$21,$21,$54,$46,$71,72,$0.30,$0.30,$15,$409,$0,$798,$185,$0,$680,$0,$934,$1732,$236,$710,$29,$741,$976,$1,$204,$3,$756,$1732,$18,$14,$1,$15,$-93,$-77,$26,$-8,$-150,$-116,$-31,$0,$-18,$0,$0,$0,$3,$-46,$-1,$146,$145,$2,$2,$0,$1,$148,$-14,$2,$0
46,2006-12-31,16.21,$30.79,0.53,$23.53,0.69,$-1.15,0.0,$2.58,6.28,$0.65B,$0.22B,2.94,$0.58B,$0.73B,0.79,$1.65B,$0.55B,33.17%,$1.65B,$0.13B,8.08%,$1.65B,$0.13B,8.08%,$1.65B,$0.16B,9.66%,$1.65B,$0.09B,5.71%,$1.65B,$0.06B,3.65%,$0.06B,$0.73B,8.36%,$0.06B,$0.06B,30.77%,$0.06B,$1.56B,3.85%,$0.13B,$1.31B,10.11%,$317,$216,$102,$0,$96,$311,$6,$-11,$-5,$-2,$-3,$-3,$-3,$13,$6,$71,71,$-0.04,$-0.04,$25,$407,$0,$652,$172,$0,$675,$0,$912,$1564,$222,$579,$29,$610,$832,$0,$182,$3,$733,$1564,$-3,$7,$-0,$7,$63,$-74,$21,$-11,$-7,$-3,$-11,$0,$-9,$0,$0,$0,$3,$-17,$-2,$15,$13,$2,$2,$0,$1,$17,$-4,$1,$0
