,Date,Stock Price,Book Value per Share,Price to Book Ratio,TTM Sales per Share,Price to Sales Ratio,TTM FCF per Share,Price to FCF Ratio,TTM Net EPS,PE Ratio,Current Assets,Current Liabilities,Current Ratio,Long Term Debt,Shareholder's Equity_x,Debt to Equity Ratio,TTM Revenue_x,TTM Gross Profit,Gross Margin,TTM Revenue_y,TTM Operating Income,Operating Margin,TTM Revenue_x,TTM EBIT,EBIT Margin,TTM Revenue_y,TTM EBITDA,EBITDA Margin,TTM Revenue_x,TTM Pre-Tax Income,Pre-Tax Margin,TTM Revenue_y,TTM Net Income_x,Net Margin,TTM Net Income_y,Shareholder's Equity_y,Return on Equity,TTM Net Income_x,Tangible Equity,Return on Tangible Equity,TTM Net Income_y,Total Assets,Return on Assets,TTM Net Income,LT Investments & Debt,Return on Investment,revenue,cost-goods-sold,gross-profit,research-development-expenses,selling-general-administrative-expenses,operating-expenses,operating-income,total-non-operating-income-expense,pre-tax-income,total-provision-income-taxes,income-after-taxes,income-from-continuous-operations,net-income,ebitda,ebit,basic-shares-outstanding,shares-outstanding,eps-basic-net-earnings-per-share,eps-earnings-per-share-diluted,cash-on-hand,inventory,other-current-assets,total-current-assets,net-property-plant-equipment,long-term-investments,goodwill-intangible-assets-total,other-long-term-assets,total-long-term-assets,total-assets,total-current-liabilities,long-term-debt,other-non-current-liabilities,total-long-term-liabilities,total-liabilities,common-stock-net,retained-earnings-accumulated-deficit,comprehensive-income,total-share-holder-equity,total-liabilities-share-holders-equity,net-income-loss,total-depreciation-amortization-cash-flow,other-non-cash-items,total-non-cash-items,change-in-accounts-receivable,change-in-inventories,change-in-accounts-payable,change-in-assets-liabilities,total-change-in-assets-liabilities,cash-flow-from-operating-activities,net-change-in-property-plant-equipment,net-change-in-intangible-assets,net-acquisitions-divestitures,net-change-in-short-term-investments,net-change-in-long-term-investments,net-change-in-investments-total,investing-activities-other,cash-flow-from-investing-activities,net-long-term-debt,net-current-debt,debt-issuance-retirement-net-total,net-common-equity-issued-repurchased,net-total-equity-issued-repurchased,total-common-preferred-stock-dividends-paid,financial-activities-other,cash-flow-from-financial-activities,net-cash-flow,stock-based-compensation,common-stock-dividends-paid
0,2018-09-30,4.67,$0.48,9.74,$0.53,8.84,$0.60,7.76,$-0.42,0.0,$0.02B,$0.03B,0.74,$0.01B,$0.02B,0.74,$0.02B,$0.01B,66.67%,$0.02B,$-0.04B,-246.67%,$0.02B,$-0.04B,-246.67%,$0.02B,$-0.03B,-213.33%,$0.02B,$-0.04B,-260.00%,$0.02B,$-0.04B,-280.00%,$-0.04B,$0.02B,-182.61%,$-0.04B,$-0.03B,184.62%,$-0.04B,$0.07B,-70.59%,$-0.04B,$0.03B,-109.63%,$4,$3,$1,$1,$4,$28,$-24,$-0,$-25,$0,$-25,$-25,$-25,$-23,$-24,$35,35,$-0.71,$-0.71,$7,$1,$0,$18,$0,$0,$49,$0,$49,$68,$25,$14,$9,$23,$48,$0,$-93,$0,$20,$68,$-34,$5,$21,$27,$-0,$-0,$0,$1,$7,$-1,$-0,$0,$0,$0,$0,$0,$1,$1,$0,$0,$0,$4,$4,$0,$-0,$4,$4,$2,$0
1,2018-06-30,4.34,$0.57,7.63,$1.58,2.75,$1.34,3.23,$0.10,43.4,$0.01B,$0.02B,0.62,$0.01B,$0.02B,0.75,$0.04B,$0.03B,94.44%,$0.04B,$0.01B,25.00%,$0.04B,$0.01B,25.00%,$0.04B,$0.01B,36.11%,$0.04B,$0.01B,22.22%,$0.04B,$0.00B,5.56%,$0.00B,$0.02B,8.51%,$0.00B,$-0.03B,-20.00%,$0.00B,$0.06B,4.04%,$0.01B,$0.03B,29.27%,$5,$1,$3,$1,$5,$11,$-6,$-0,$-6,$0,$-6,$-6,$-6,$-3,$-6,$32,32,$-0.19,$-0.19,$2,$2,$0,$12,$0,$0,$50,$0,$50,$62,$19,$14,$9,$24,$43,$0,$-68,$0,$19,$62,$-10,$4,$2,$6,$-0,$-1,$2,$1,$4,$-1,$-0,$0,$0,$0,$0,$0,$0,$-0,$0,$0,$0,$0,$0,$0,$0,$0,$-0,$1,$0
2,2018-03-31,4.29,$0.78,5.48,$1.44,2.97,$1.06,4.04,$0.15,28.6,$0.01B,$0.02B,0.91,$0.02B,$0.03B,0.59,$0.03B,$0.03B,100.00%,$0.03B,$0.01B,41.94%,$0.03B,$0.01B,41.94%,$0.03B,$0.01B,45.16%,$0.03B,$0.01B,38.71%,$0.03B,$0.01B,19.35%,$0.01B,$0.03B,30.77%,$0.01B,$-0.03B,-400.00%,$0.01B,$0.07B,16.90%,$0.01B,$0.04B,56.52%,$4,$1,$4,$2,$4,$8,$-3,$-0,$-4,$0,$-4,$-4,$-4,$-2,$-3,$31,31,$-0.12,$-0.12,$3,$3,$0,$13,$0,$0,$52,$0,$52,$65,$15,$15,$11,$26,$41,$0,$-62,$0,$25,$65,$-4,$1,$1,$2,$0,$-1,$2,$0,$2,$-0,$-0,$0,$0,$0,$0,$0,$0,$-0,$0,$0,$0,$0,$0,$0,$0,$0,$0,$0,$0
3,2017-12-31,3.2,$0.89,3.59,$1.34,2.39,$0.85,3.75,$0.08,40.0,$0.01B,$0.01B,0.96,$0.00B,$0.03B,0.0,$0.03B,$0.03B,100.00%,$0.03B,$0.01B,51.85%,$0.03B,$0.01B,51.85%,$0.03B,$0.01B,51.85%,$0.03B,$0.01B,51.85%,$0.03B,$0.01B,29.63%,$0.01B,$0.03B,60.38%,$0.01B,$-0.00B,152.38%,$0.01B,$0.04B,39.51%,$0.01B,$0.03B,105.66%,$2,$0,$2,$2,$4,$7,$-4,$0,$-4,$-1,$-3,$-3,$-7,$-4,$-4,$18,19,$0.23,$0.23,$2,$0,$0,$11,$0,$0,$32,$0,$32,$43,$11,$0,$4,$4,$15,$0,$-58,$0,$28,$43,$12,$1,$1,$1,$-0,$-0,$0,$-4,$-0,$13,$-0,$0,$-19,$0,$0,$0,$0,$-19,$-2,$0,$-2,$2,$2,$0,$4,$4,$-3,$1,$0
4,2017-09-30,0.85,$0.85,1.0,$1.24,0.69,$-1.47,0.0,$0.01,85.01,$0.03B,$0.01B,5.82,$0.00B,$0.02B,0.0,$0.03B,$0.03B,100.00%,$0.03B,$0.02B,64.00%,$0.03B,$0.02B,64.00%,$0.03B,$0.02B,64.00%,$0.03B,$0.02B,64.00%,$0.03B,$0.01B,52.00%,$0.01B,$0.02B,208.00%,$0.01B,$0.02B,208.00%,$0.01B,$0.03B,118.18%,$0.02B,$0.02B,256.00%,$25,$0,$25,$1,$2,$3,$22,$0,$22,$3,$19,$19,$19,$22,$22,$21,21,$0.52,$0.52,$24,$0,$0,$28,$0,$0,$0,$0,$0,$28,$5,$0,$1,$1,$6,$0,$-55,$0,$22,$28,$15,$0,$1,$1,$0,$0,$-1,$-4,$-1,$15,$-0,$0,$0,$0,$0,$0,$0,$-0,$-2,$0,$-2,$6,$6,$0,$-0,$4,$19,$1,$0
5,2017-06-30,0.57,$0.22,2.58,$0.11,5.37,$-3.42,0.0,$-1.21,0.0,$0.01B,$0.00B,3.58,$0.00B,$0.00B,0.0,$0.00B,0,nan%,$0.00B,$-0.01B,inf%,$0.00B,$-0.01B,inf%,$0.00B,$-0.01B,inf%,$0.00B,$-0.01B,inf%,$0.00B,$-0.01B,inf%,$-0.01B,$0.00B,-1200.00%,$-0.01B,$0.00B,-1200.00%,$-0.01B,$0.01B,-184.62%,$-0.01B,$0.00B,-1200.00%,$0,$0,$0,$0,$1,$2,$-2,$-0,$-2,$0,$-2,$-2,$-2,$-2,$-2,$13,13,$-0.14,$-0.14,$5,$0,$0,$6,$0,$0,$0,$0,$0,$6,$2,$0,$1,$1,$3,$0,$-74,$0,$3,$6,$-4,$0,$1,$1,$0,$0,$-1,$-0,$-1,$-4,$-0,$0,$0,$0,$0,$0,$0,$-0,$-2,$0,$-2,$6,$6,$0,$-0,$4,$0,$1,$0
6,2017-03-31,0.68,$-0.04,-17.27,$0.17,3.97,$-3.98,0.0,$-1.48,0.0,$0.00B,$0.00B,1.26,$0.00B,$0.00B,0.0,$0.00B,$0.00B,100.00%,$0.00B,$-0.01B,-1300.00%,$0.00B,$-0.01B,-1300.00%,$0.00B,$-0.01B,-1300.00%,$0.00B,$-0.01B,-1400.00%,$0.00B,$-0.01B,-1400.00%,$-0.01B,$0.00B,-800.00%,$-0.01B,$0.00B,-800.00%,$-0.01B,$0.00B,-169.70%,$-0.01B,$0.00B,-742.86%,$0,$0,$0,$1,$1,$2,$-2,$-0,$-2,$0,$-2,$-2,$-2,$-2,$-2,$10,10,$-0.19,$-0.19,$3,$0,$0,$3,$0,$0,$0,$0,$0,$4,$3,$0,$1,$1,$4,$0,$-72,$0,$-0,$4,$-2,$0,$0,$0,$-0,$0,$-0,$0,$-1,$-2,$-0,$0,$0,$0,$0,$0,$0,$-0,$-1,$0,$-1,$1,$1,$0,$-0,$0,$-2,$0,$0
7,2016-12-31,0.88,$0.02,40.2,$0.13,6.65,$-4.19,0.0,$-1.88,0.0,$0.01B,$0.00B,1.31,$0.00B,$0.00B,0.0,$0.00B,$0.00B,100.00%,$0.00B,$-0.02B,-1600.00%,$0.00B,$-0.02B,-1600.00%,$0.00B,$-0.02B,-1600.00%,$0.00B,$-0.02B,-1700.00%,$0.00B,$-0.02B,-1700.00%,$-0.02B,$0.00B,-425.00%,$-0.02B,$0.00B,-425.00%,$-0.02B,$0.01B,-147.83%,$-0.02B,$0.00B,-376.47%,$0,$0,$0,$1,$1,$2,$-2,$0,$-2,$0,$-2,$-2,$-2,$-2,$-2,$9,9,$-0.17,$-0.17,$5,$0,$0,$6,$0,$0,$0,$0,$0,$6,$4,$0,$1,$1,$6,$0,$-70,$0,$0,$6,$-16,$0,$2,$2,$-0,$0,$0,$-0,$0,$-15,$-0,$0,$0,$0,$0,$0,$0,$-0,$-3,$0,$-3,$2,$2,$0,$-0,$-1,$-16,$2,$0
8,2016-09-30,4.23,$0.06,65.38,$0.11,37.8,$-7.11,0.0,$-2.23,0.0,$0.01B,$0.01B,1.27,$0.00B,$0.00B,0.0,$0.00B,$0.00B,100.00%,$0.00B,$-0.02B,-1800.00%,$0.00B,$-0.02B,-1800.00%,$0.00B,$-0.02B,-1800.00%,$0.00B,$-0.02B,-1900.00%,$0.00B,$-0.02B,-1900.00%,$-0.02B,$0.00B,-262.07%,$-0.02B,$0.00B,-262.07%,$-0.02B,$0.01B,-122.58%,$-0.02B,$0.00B,-225.00%,$0,$0,$0,$5,$2,$6,$-6,$-0,$-6,$0,$-6,$-6,$-6,$-6,$-6,$9,9,$-0.70,$-0.70,$9,$0,$0,$9,$0,$0,$0,$0,$0,$10,$7,$0,$2,$2,$9,$0,$-68,$0,$1,$10,$-15,$0,$2,$2,$-0,$0,$0,$0,$2,$-11,$-0,$0,$0,$0,$0,$0,$0,$-0,$-2,$0,$-2,$1,$1,$0,$-0,$-1,$-12,$1,$0
