,Date,Stock Price,Book Value per Share,Price to Book Ratio,TTM Sales per Share,Price to Sales Ratio,TTM FCF per Share,Price to FCF Ratio,TTM Net EPS,PE Ratio,Current Assets,Current Liabilities,Current Ratio,Long Term Debt,Shareholder's Equity_x,Debt to Equity Ratio,TTM Revenue_x,TTM Gross Profit,Gross Margin,TTM Revenue_y,TTM Operating Income,Operating Margin,TTM Revenue_x,TTM EBIT,EBIT Margin,TTM Revenue_y,TTM EBITDA,EBITDA Margin,TTM Revenue_x,TTM Pre-Tax Income,Pre-Tax Margin,TTM Revenue_y,TTM Net Income_x,Net Margin,TTM Net Income_y,Shareholder's Equity_y,Return on Equity,TTM Net Income_x,Tangible Equity,Return on Tangible Equity,TTM Net Income_y,Total Assets,Return on Assets,TTM Net Income,LT Investments & Debt,Return on Investment,revenue,cost-goods-sold,gross-profit,research-development-expenses,selling-general-administrative-expenses,operating-expenses,operating-income,total-non-operating-income-expense,pre-tax-income,total-provision-income-taxes,income-after-taxes,income-from-continuous-operations,net-income,ebitda,ebit,basic-shares-outstanding,shares-outstanding,eps-basic-net-earnings-per-share,eps-earnings-per-share-diluted,cash-on-hand,inventory,other-current-assets,total-current-assets,net-property-plant-equipment,long-term-investments,goodwill-intangible-assets-total,other-long-term-assets,total-long-term-assets,total-assets,total-current-liabilities,long-term-debt,other-non-current-liabilities,total-long-term-liabilities,total-liabilities,common-stock-net,retained-earnings-accumulated-deficit,comprehensive-income,total-share-holder-equity,total-liabilities-share-holders-equity,net-income-loss,total-depreciation-amortization-cash-flow,other-non-cash-items,total-non-cash-items,change-in-accounts-receivable,change-in-inventories,change-in-accounts-payable,change-in-assets-liabilities,total-change-in-assets-liabilities,cash-flow-from-operating-activities,net-change-in-property-plant-equipment,net-change-in-intangible-assets,net-acquisitions-divestitures,net-change-in-short-term-investments,net-change-in-long-term-investments,net-change-in-investments-total,investing-activities-other,cash-flow-from-investing-activities,net-long-term-debt,net-current-debt,debt-issuance-retirement-net-total,net-common-equity-issued-repurchased,net-total-equity-issued-repurchased,total-common-preferred-stock-dividends-paid,financial-activities-other,cash-flow-from-financial-activities,net-cash-flow,stock-based-compensation,common-stock-dividends-paid
0,2018-09-30,64.41,$15.38,4.19,$15.85,4.06,$5.47,11.77,$2.50,25.76,$2.39B,$0.91B,2.63,$0.44B,$5.07B,0.09,$5.32B,$4.39B,82.52%,$5.32B,$0.83B,15.60%,$5.32B,$0.83B,15.60%,$5.32B,$1.46B,27.45%,$5.32B,$0.85B,16.01%,$5.32B,$0.84B,15.71%,$0.84B,$5.07B,17.01%,$0.84B,$3.80B,23.15%,$0.84B,$6.79B,12.70%,$0.83B,$5.51B,15.45%,$1340,$230,$1110,$172,$709,$1133,$207,$7,$214,$45,$169,$169,$169,$368,$207,$329,333,$0.51,$0.51,$814,$25,$0,$2387,$1697,$338,$1269,$212,$4399,$6785,$907,$439,$0,$813,$1720,$4,$5445,$-101,$5066,$6785,$499,$474,$91,$565,$-250,$-9,$22,$196,$-16,$1047,$-515,$-24,$0,$-23,$0,$-23,$0,$-562,$-75,$0,$-75,$-263,$-263,$0,$-7,$-346,$128,$74,$0
1,2018-06-30,59.79,$14.83,4.03,$15.60,3.83,$5.31,11.26,$2.51,23.82,$2.38B,$0.84B,2.85,$0.44B,$4.88B,0.09,$5.25B,$4.35B,82.82%,$5.25B,$0.87B,16.57%,$5.25B,$0.87B,16.57%,$5.25B,$1.49B,28.28%,$5.25B,$0.89B,16.89%,$5.25B,$0.84B,16.05%,$0.84B,$4.88B,17.63%,$0.84B,$3.59B,24.37%,$0.84B,$6.53B,13.10%,$0.87B,$5.32B,16.54%,$1368,$239,$1129,$168,$731,$1159,$208,$7,$215,$46,$169,$169,$169,$368,$208,$330,334,$0.51,$0.51,$886,$15,$0,$2379,$1666,$118,$1289,$208,$4150,$6529,$836,$439,$0,$814,$1650,$4,$5276,$-93,$4879,$6529,$329,$313,$51,$364,$-186,$0,$43,$141,$16,$709,$-332,$-16,$0,$137,$0,$137,$0,$-211,$-75,$0,$-75,$-266,$-266,$0,$-9,$-350,$140,$49,$0
2,2018-03-31,58.0,$14.77,3.93,$15.32,3.79,$4.96,11.69,$2.53,22.92,$2.37B,$0.80B,2.95,$0.44B,$4.90B,0.09,$5.18B,$4.29B,82.88%,$5.18B,$0.91B,17.60%,$5.18B,$0.91B,17.60%,$5.18B,$1.51B,29.18%,$5.18B,$0.92B,17.86%,$5.18B,$0.85B,16.50%,$0.85B,$4.90B,18.36%,$0.85B,$3.59B,25.81%,$0.85B,$6.51B,13.52%,$0.91B,$5.34B,17.69%,$1293,$231,$1062,$162,$682,$1098,$195,$5,$200,$40,$160,$160,$160,$348,$195,$332,337,$0.48,$0.48,$921,$14,$0,$2365,$1601,$172,$1314,$211,$4146,$6512,$803,$439,$0,$808,$1611,$4,$5106,$-71,$4900,$6512,$160,$153,$22,$174,$-71,$1,$8,$118,$74,$409,$-153,$-8,$0,$-50,$0,$-50,$0,$-211,$0,$-75,$-75,$-78,$-78,$0,$-2,$-154,$42,$25,$0
3,2017-12-31,67.39,$14.39,4.68,$15.23,4.43,$4.63,14.55,$2.57,26.22,$2.38B,$0.79B,3.01,$0.52B,$4.79B,0.11,$5.14B,$4.29B,83.39%,$5.14B,$0.96B,18.67%,$5.14B,$0.96B,18.67%,$5.14B,$1.54B,29.97%,$5.14B,$0.97B,18.81%,$5.14B,$0.87B,16.86%,$0.87B,$4.79B,19.46%,$0.87B,$3.45B,28.03%,$0.87B,$6.47B,14.12%,$0.96B,$5.30B,19.29%,$1314,$229,$1085,$162,$681,$1095,$219,$3,$222,$-115,$337,$337,$337,$375,$219,$331,338,$1.03,$1.00,$806,$16,$0,$2380,$1603,$197,$1333,$134,$4089,$6469,$790,$515,$0,$894,$1684,$4,$4939,$-73,$4785,$6469,$867,$581,$130,$711,$-33,$-1,$7,$-194,$-270,$1308,$-636,$-30,$0,$-340,$0,$-340,$0,$-1006,$0,$0,$0,$-97,$-97,$0,$-14,$-111,$200,$83,$0
4,2017-09-30,71.32,$13.73,5.19,$15.00,4.75,$4.08,17.49,$2.01,35.48,$2.23B,$0.81B,2.77,$0.52B,$4.56B,0.11,$5.09B,$4.25B,83.48%,$5.09B,$0.95B,18.74%,$5.09B,$0.95B,18.74%,$5.09B,$1.51B,29.71%,$5.09B,$0.96B,18.90%,$5.09B,$0.68B,13.37%,$0.68B,$4.56B,16.04%,$0.68B,$3.21B,23.78%,$0.68B,$6.23B,11.47%,$0.95B,$5.09B,19.98%,$1276,$203,$1073,$154,$649,$1028,$248,$3,$250,$73,$177,$177,$177,$394,$248,$332,339,$0.53,$0.52,$852,$16,$0,$2232,$1587,$112,$1353,$145,$4001,$6232,$807,$521,$0,$861,$1668,$4,$4602,$-73,$4564,$6232,$530,$425,$96,$521,$-19,$-1,$-13,$1,$-93,$959,$-472,$-22,$0,$-99,$0,$-99,$0,$-594,$0,$0,$0,$38,$38,$0,$-11,$28,$402,$59,$0
5,2017-06-30,66.47,$13.14,5.06,$14.67,4.53,$3.66,18.16,$1.98,33.57,$2.01B,$0.84B,2.39,$0.53B,$4.36B,0.12,$5.00B,$4.18B,83.58%,$5.00B,$0.95B,18.96%,$5.00B,$0.95B,18.96%,$5.00B,$1.49B,29.77%,$5.00B,$0.95B,19.08%,$5.00B,$0.67B,13.47%,$0.67B,$4.36B,16.14%,$0.67B,$2.98B,24.33%,$0.67B,$6.06B,11.48%,$0.95B,$4.88B,20.14%,$1292,$223,$1069,$143,$654,$1043,$249,$3,$252,$72,$180,$180,$180,$393,$249,$331,338,$0.54,$0.53,$637,$15,$0,$2012,$1594,$111,$1372,$185,$4046,$6059,$842,$525,$0,$861,$1703,$4,$4425,$-84,$4356,$6059,$353,$279,$65,$344,$-80,$0,$34,$12,$-101,$596,$-332,$-14,$0,$5,$0,$5,$0,$-342,$0,$0,$0,$38,$38,$0,$-11,$28,$290,$39,$0
6,2017-03-31,58.85,$12.45,4.73,$14.38,4.09,$3.53,16.66,$1.93,30.49,$1.83B,$0.83B,2.19,$0.53B,$4.11B,0.13,$4.92B,$4.12B,83.68%,$4.92B,$0.94B,19.09%,$4.92B,$0.94B,19.09%,$4.92B,$1.46B,29.68%,$4.92B,$0.95B,19.21%,$4.92B,$0.66B,13.40%,$0.66B,$4.11B,16.10%,$0.66B,$2.72B,24.70%,$0.66B,$5.80B,11.38%,$0.94B,$4.65B,20.28%,$1260,$199,$1061,$146,$649,$1016,$244,$-1,$243,$70,$173,$173,$173,$379,$244,$330,336,$0.52,$0.52,$532,$19,$0,$1826,$1569,$77,$1389,$191,$3977,$5803,$834,$533,$0,$857,$1690,$4,$4245,$-100,$4113,$5803,$173,$135,$29,$164,$-34,$-4,$-22,$52,$-33,$304,$-159,$-6,$0,$62,$0,$62,$0,$-104,$0,$0,$0,$11,$11,$0,$-6,$4,$208,$18,$0
7,2016-12-31,47.37,$11.92,3.98,$13.92,3.4,$3.57,13.27,$1.84,25.74,$1.62B,$0.85B,1.92,$0.54B,$3.93B,0.14,$4.80B,$4.02B,83.76%,$4.80B,$0.91B,18.97%,$4.80B,$0.91B,18.97%,$4.80B,$1.42B,29.52%,$4.80B,$0.92B,19.16%,$4.80B,$0.64B,13.26%,$0.64B,$3.93B,15.73%,$0.64B,$2.52B,24.52%,$0.64B,$5.63B,11.08%,$0.91B,$4.47B,19.84%,$1258,$215,$1043,$146,$662,$1046,$212,$4,$216,$66,$150,$150,$150,$345,$212,$338,344,$0.45,$0.45,$356,$15,$0,$1619,$1553,$109,$1410,$219,$4011,$5630,$845,$538,$0,$857,$1702,$4,$4094,$-110,$3928,$5630,$636,$504,$63,$567,$78,$-1,$-13,$-65,$42,$1246,$-753,$-18,$0,$-18,$0,$-18,$0,$-790,$0,$0,$0,$-636,$-636,$0,$-40,$-677,$-231,$75,$0
8,2016-09-30,61.75,$12.60,4.9,$13.61,4.54,$3.31,18.64,$1.88,32.85,$2.00B,$0.83B,2.41,$0.54B,$4.28B,0.13,$4.71B,$3.95B,83.81%,$4.71B,$0.93B,19.62%,$4.71B,$0.93B,19.62%,$4.71B,$1.42B,30.14%,$4.71B,$0.93B,19.75%,$4.71B,$0.65B,13.83%,$0.65B,$4.28B,16.18%,$0.65B,$2.84B,25.47%,$0.65B,$5.95B,11.40%,$0.93B,$4.81B,20.20%,$1185,$183,$1002,$137,$600,$942,$242,$-0,$242,$72,$170,$170,$170,$370,$242,$339,345,$0.50,$0.49,$693,$20,$0,$1998,$1476,$144,$1440,$199,$3950,$5949,$828,$536,$0,$842,$1670,$4,$3945,$-85,$4278,$5949,$487,$371,$31,$402,$44,$-6,$-20,$-36,$19,$908,$-557,$-13,$0,$-126,$0,$-126,$0,$-696,$0,$0,$0,$-140,$-140,$0,$-40,$-180,$29,$57,$0
9,2016-06-30,58.6,$12.01,4.88,$13.38,4.38,$2.68,21.89,$1.81,32.38,$1.93B,$0.82B,2.37,$0.55B,$4.05B,0.14,$4.66B,$3.89B,83.44%,$4.66B,$0.90B,19.28%,$4.66B,$0.90B,19.28%,$4.66B,$1.38B,29.68%,$4.66B,$0.91B,19.43%,$4.66B,$0.63B,13.51%,$0.63B,$4.05B,16.05%,$0.63B,$2.59B,25.84%,$0.63B,$5.78B,11.20%,$0.90B,$4.60B,20.05%,$1216,$206,$1010,$135,$610,$975,$241,$2,$244,$77,$166,$166,$166,$366,$241,$338,344,$0.49,$0.48,$630,$17,$0,$1934,$1438,$90,$1461,$204,$3846,$5780,$815,$546,$0,$910,$1726,$4,$3775,$-82,$4054,$5780,$317,$244,$58,$302,$41,$-3,$-5,$-52,$-22,$597,$-373,$-7,$0,$-58,$0,$-58,$0,$-438,$0,$0,$0,$-175,$-175,$0,$-5,$-180,$-25,$38,$0
10,2016-03-31,52.96,$11.59,4.57,$13.04,4.06,$2.09,25.32,$1.66,31.9,$1.73B,$0.78B,2.23,$0.55B,$3.92B,0.14,$4.57B,$3.81B,83.42%,$4.57B,$0.83B,18.15%,$4.57B,$0.83B,18.15%,$4.57B,$1.30B,28.49%,$4.57B,$0.83B,18.22%,$4.57B,$0.58B,12.66%,$0.58B,$3.92B,14.93%,$0.58B,$2.43B,24.29%,$0.58B,$5.59B,10.43%,$0.83B,$4.47B,18.69%,$1138,$176,$963,$134,$592,$923,$215,$2,$217,$67,$150,$150,$150,$335,$215,$340,346,$0.44,$0.43,$503,$23,$0,$1729,$1366,$203,$1490,$200,$3866,$5594,$776,$554,$0,$902,$1678,$4,$3608,$-68,$3916,$5594,$150,$119,$26,$145,$102,$-8,$-23,$-37,$41,$336,$-175,$-4,$0,$-125,$0,$-125,$0,$-304,$0,$0,$0,$-140,$-140,$0,$-0,$-140,$-107,$18,$0
11,2015-12-31,60.17,$11.38,5.29,$12.59,4.78,$1.82,33.05,$1.55,38.82,$1.83B,$0.78B,2.35,$0.56B,$3.87B,0.15,$4.43B,$3.67B,83.03%,$4.43B,$0.78B,17.65%,$4.43B,$0.78B,17.65%,$4.43B,$1.23B,27.86%,$4.43B,$0.78B,17.67%,$4.43B,$0.54B,12.18%,$0.54B,$3.87B,14.11%,$0.54B,$2.38B,23.20%,$0.54B,$5.56B,9.83%,$0.78B,$4.43B,17.80%,$1175,$199,$976,$141,$583,$948,$227,$1,$228,$62,$166,$166,$166,$350,$227,$343,351,$0.49,$0.47,$513,$16,$0,$1828,$1309,$173,$1487,$202,$3734,$5562,$778,$563,$0,$914,$1692,$4,$3458,$-76,$3870,$5562,$539,$452,$135,$588,$-160,$13,$0,$-46,$-87,$1040,$-627,$-21,$-1478,$720,$0,$720,$0,$-1406,$486,$0,$486,$-294,$-294,$0,$-48,$144,$-233,$70,$0
12,2015-09-30,59.93,$11.22,5.34,$11.88,5.04,$1.76,33.97,$1.49,40.22,$1.80B,$0.84B,2.15,$0.57B,$3.84B,0.15,$4.18B,$3.45B,82.64%,$4.18B,$0.76B,18.18%,$4.18B,$0.76B,18.18%,$4.18B,$1.17B,28.09%,$4.18B,$0.76B,18.25%,$4.18B,$0.52B,12.48%,$0.52B,$3.84B,13.91%,$0.52B,$2.33B,20.78%,$0.52B,$5.52B,9.98%,$0.76B,$4.41B,18.13%,$1128,$191,$937,$133,$565,$913,$215,$0,$216,$68,$147,$147,$147,$331,$215,$344,351,$0.43,$0.42,$465,$24,$0,$1804,$1187,$301,$1506,$193,$3719,$5523,$839,$573,$0,$846,$1686,$3,$3292,$-65,$3837,$5523,$373,$329,$58,$387,$-176,$5,$-8,$-45,$-166,$594,$-460,$-18,$-1372,$503,$0,$503,$0,$-1348,$500,$0,$500,$-158,$-158,$0,$46,$388,$-373,$53,$0
13,2015-06-30,69.06,$11.21,6.16,$11.08,6.24,$2.22,31.12,$1.44,47.96,$1.88B,$0.78B,2.42,$0.57B,$3.86B,0.15,$3.89B,$3.21B,82.66%,$3.89B,$0.73B,18.83%,$3.89B,$0.73B,18.83%,$3.89B,$1.11B,28.45%,$3.89B,$0.74B,18.93%,$3.89B,$0.50B,12.94%,$0.50B,$3.86B,13.84%,$0.50B,$2.38B,18.91%,$0.50B,$5.49B,10.18%,$0.73B,$4.43B,18.51%,$1126,$192,$934,$138,$599,$954,$172,$-1,$171,$56,$115,$115,$115,$285,$172,$344,352,$0.33,$0.33,$558,$29,$0,$1884,$1155,$299,$1487,$169,$3601,$5485,$778,$567,$0,$843,$1621,$3,$3144,$-57,$3864,$5485,$226,$214,$37,$251,$-130,$0,$-4,$-37,$-154,$323,$-300,$-7,$-1372,$448,$0,$448,$0,$-1231,$500,$0,$500,$33,$33,$0,$40,$573,$-341,$34,$0
14,2015-03-31,73.26,$10.79,6.79,$10.32,7.1,$2.68,27.3,$1.48,49.5,$1.91B,$0.79B,2.41,$0.56B,$3.71B,0.15,$3.61B,$2.97B,82.15%,$3.61B,$0.75B,20.81%,$3.61B,$0.75B,20.81%,$3.61B,$1.08B,29.99%,$3.61B,$0.76B,21.00%,$3.61B,$0.52B,14.31%,$0.52B,$3.71B,14.84%,$0.52B,$2.20B,18.69%,$0.52B,$5.35B,11.15%,$0.75B,$4.28B,20.40%,$996,$169,$827,$127,$515,$829,$167,$0,$167,$56,$111,$111,$111,$267,$167,$343,352,$0.32,$0.32,$684,$23,$0,$1911,$1103,$205,$1508,$169,$3441,$5353,$792,$564,$0,$850,$1642,$3,$3029,$-62,$3710,$5353,$111,$100,$20,$120,$-72,$8,$6,$23,$-17,$214,$-145,$-3,$-1372,$515,$0,$515,$0,$-1006,$500,$0,$500,$19,$19,$0,$34,$553,$-245,$15,$0
15,2014-12-31,64.66,$10.42,6.21,$9.71,6.66,$2.61,24.81,$1.50,43.11,$2.35B,$0.63B,3.7,$0.06B,$3.57B,0.02,$3.40B,$2.80B,82.22%,$3.40B,$0.76B,22.42%,$3.40B,$0.76B,22.42%,$3.40B,$1.07B,31.30%,$3.40B,$0.77B,22.72%,$3.40B,$0.53B,15.46%,$0.53B,$3.57B,15.62%,$0.53B,$3.12B,18.04%,$0.53B,$4.53B,12.11%,$0.76B,$3.63B,22.09%,$926,$173,$753,$107,$434,$721,$205,$3,$208,$61,$148,$148,$148,$290,$205,$342,350,$0.43,$0.42,$1421,$24,$0,$2349,$924,$231,$447,$159,$2182,$4531,$634,$63,$0,$330,$965,$3,$2918,$-44,$3566,$4531,$525,$302,$166,$469,$-75,$8,$3,$-10,$-147,$847,$-454,$-14,$-7,$191,$0,$191,$0,$-285,$-15,$0,$-15,$-185,$-185,$0,$80,$-120,$433,$59,$0
16,2014-09-30,59.57,$9.95,5.99,$9.33,6.39,$1.96,30.34,$1.25,47.66,$2.24B,$0.67B,3.33,$0.09B,$3.40B,0.03,$3.27B,$2.70B,82.46%,$3.27B,$0.64B,19.62%,$3.27B,$0.64B,19.62%,$3.27B,$0.93B,28.51%,$3.27B,$0.65B,19.93%,$3.27B,$0.44B,13.39%,$0.44B,$3.40B,13.40%,$0.44B,$2.94B,15.56%,$0.44B,$4.39B,10.34%,$0.64B,$3.48B,19.07%,$840,$140,$700,$97,$411,$652,$188,$2,$190,$61,$129,$129,$129,$264,$188,$341,349,$0.38,$0.37,$1332,$29,$0,$2235,$889,$226,$454,$185,$2157,$4393,$671,$87,$0,$325,$996,$3,$2771,$-23,$3396,$4393,$378,$217,$65,$282,$-37,$4,$20,$17,$-36,$624,$-331,$-10,$-7,$154,$0,$154,$0,$-195,$-0,$0,$-0,$-198,$-198,$0,$66,$-131,$294,$43,$0
17,2014-06-30,51.58,$9.56,5.4,$8.99,5.74,$1.72,29.93,$1.21,42.63,$1.90B,$0.67B,2.83,$0.10B,$3.26B,0.03,$3.16B,$2.61B,82.47%,$3.16B,$0.62B,19.72%,$3.16B,$0.62B,19.72%,$3.16B,$0.91B,28.64%,$3.16B,$0.64B,20.09%,$3.16B,$0.42B,13.42%,$0.42B,$3.26B,13.30%,$0.42B,$2.80B,15.49%,$0.42B,$4.27B,10.27%,$0.62B,$3.36B,18.89%,$852,$162,$689,$97,$397,$660,$192,$3,$194,$65,$129,$129,$129,$263,$192,$342,350,$0.38,$0.37,$989,$32,$0,$1903,$864,$479,$461,$173,$2362,$4265,$673,$96,$0,$333,$1006,$3,$2642,$-5,$3260,$4265,$249,$142,$31,$173,$-15,$1,$-1,$30,$-17,$404,$-219,$-7,$-7,$71,$0,$71,$0,$-162,$-0,$0,$-0,$-203,$-203,$0,$72,$-131,$113,$28,$0
18,2014-03-31,56.25,$9.46,5.95,$8.56,6.57,$1.70,33.16,$1.16,48.49,$1.92B,$0.61B,3.13,$0.11B,$3.25B,0.03,$3.02B,$2.50B,82.86%,$3.02B,$0.60B,19.79%,$3.02B,$0.60B,19.79%,$3.02B,$0.87B,28.88%,$3.02B,$0.61B,20.23%,$3.02B,$0.41B,13.53%,$0.41B,$3.25B,13.12%,$0.41B,$2.80B,15.33%,$0.41B,$4.19B,10.14%,$0.60B,$3.35B,18.48%,$785,$129,$656,$92,$386,$607,$178,$3,$181,$61,$120,$120,$120,$248,$178,$344,352,$0.35,$0.34,$1031,$28,$0,$1915,$845,$437,$446,$182,$2276,$4191,$612,$105,$0,$333,$945,$3,$2513,$-10,$3246,$4191,$120,$70,$16,$86,$25,$4,$-30,$5,$-50,$156,$-114,$-3,$0,$-20,$0,$-20,$0,$-138,$-0,$0,$-0,$-67,$-67,$0,$65,$-2,$18,$14,$0
19,2013-12-31,55.74,$9.21,6.05,$8.26,6.75,$1.95,28.64,$1.13,49.33,$1.76B,$0.64B,2.75,$0.11B,$3.17B,0.04,$2.91B,$2.40B,82.31%,$2.91B,$0.58B,19.79%,$2.91B,$0.58B,19.79%,$2.91B,$0.84B,28.82%,$2.91B,$0.59B,20.23%,$2.91B,$0.40B,13.67%,$0.40B,$3.17B,13.16%,$0.40B,$2.72B,15.47%,$0.40B,$4.10B,10.16%,$0.58B,$3.28B,18.28%,$795,$142,$653,$92,$464,$712,$84,$3,$87,$26,$60,$60,$60,$158,$84,$344,352,$0.17,$0.17,$879,$32,$0,$1762,$793,$555,$452,$190,$2337,$4098,$640,$112,$0,$290,$931,$3,$2393,$-13,$3168,$4098,$398,$264,$24,$287,$-10,$-8,$4,$-18,$10,$696,$-528,$-57,$-68,$-36,$0,$-36,$0,$-688,$-25,$0,$-25,$-139,$-139,$0,$44,$-119,$-115,$46,$0
20,2013-09-30,52.55,$8.97,5.86,$8.03,6.55,$2.68,19.63,$1.28,41.22,$1.70B,$0.58B,2.91,$0.13B,$3.08B,0.04,$2.83B,$2.30B,81.39%,$2.83B,$0.65B,23.07%,$2.83B,$0.65B,23.07%,$2.83B,$0.90B,31.92%,$2.83B,$0.67B,23.71%,$2.83B,$0.45B,15.92%,$0.45B,$3.08B,15.30%,$0.45B,$2.63B,17.95%,$0.45B,$3.97B,11.78%,$0.65B,$3.21B,21.21%,$728,$120,$608,$83,$356,$559,$169,$4,$173,$57,$115,$115,$115,$236,$169,$343,351,$0.34,$0.33,$922,$28,$0,$1701,$725,$577,$448,$191,$2265,$3966,$584,$131,$0,$305,$889,$3,$2333,$-13,$3077,$3966,$338,$189,$53,$243,$41,$-4,$-19,$-43,$-27,$554,$-344,$-40,$-68,$-832,$825,$-7,$0,$-459,$-10,$0,$-10,$-146,$-146,$0,$33,$-122,$-30,$34,$0
21,2013-06-30,48.05,$8.60,5.58,$7.88,6.1,$3.00,15.99,$1.23,39.22,$1.71B,$0.61B,2.83,$0.13B,$2.95B,0.05,$2.77B,$2.22B,79.99%,$2.77B,$0.63B,22.75%,$2.77B,$0.63B,22.75%,$2.77B,$0.87B,31.36%,$2.77B,$0.65B,23.36%,$2.77B,$0.43B,15.65%,$0.43B,$2.95B,15.25%,$0.43B,$2.50B,17.69%,$0.43B,$3.84B,11.74%,$0.63B,$3.08B,21.16%,$708,$126,$582,$82,$333,$541,$166,$3,$169,$56,$113,$113,$113,$229,$166,$344,352,$0.33,$0.32,$970,$24,$0,$1713,$675,$514,$451,$191,$2131,$3844,$605,$133,$0,$287,$893,$3,$2218,$-24,$2951,$3844,$223,$122,$23,$145,$39,$0,$5,$-40,$22,$390,$-213,$-36,$-68,$-4,$0,$-4,$0,$-320,$-10,$0,$-10,$-125,$-125,$0,$21,$-113,$-46,$21,$0
22,2013-03-31,47.37,$8.44,5.61,$7.69,6.16,$3.13,15.14,$1.19,39.97,$1.73B,$0.57B,3.02,$0.14B,$2.90B,0.05,$2.70B,$2.13B,78.69%,$2.70B,$0.60B,22.23%,$2.70B,$0.60B,22.23%,$2.70B,$0.83B,30.74%,$2.70B,$0.62B,22.86%,$2.70B,$0.42B,15.50%,$0.42B,$2.90B,15.24%,$0.42B,$2.44B,17.46%,$0.42B,$3.77B,11.77%,$0.60B,$3.04B,20.84%,$680,$127,$553,$81,$315,$523,$157,$3,$160,$50,$110,$110,$110,$216,$157,$344,353,$0.32,$0.31,$1005,$22,$0,$1728,$606,$516,$457,$178,$2038,$3765,$572,$135,$0,$293,$866,$2,$2105,$-14,$2899,$3765,$110,$59,$12,$71,$72,$2,$-11,$-27,$32,$214,$-84,$-23,$-68,$-17,$0,$-17,$0,$-192,$-10,$0,$-10,$-55,$-55,$0,$9,$-56,$-36,$11,$0
23,2012-12-31,38.76,$8.23,4.71,$7.59,5.11,$3.08,12.56,$1.13,34.3,$1.79B,$0.58B,3.09,$0.14B,$2.83B,0.05,$2.66B,$2.06B,77.21%,$2.66B,$0.57B,21.43%,$2.66B,$0.57B,21.43%,$2.66B,$0.80B,29.84%,$2.66B,$0.59B,22.07%,$2.66B,$0.40B,14.94%,$0.40B,$2.83B,15.10%,$0.40B,$2.45B,17.09%,$0.40B,$3.70B,11.69%,$0.57B,$2.97B,20.66%,$710,$153,$557,$79,$318,$550,$160,$7,$168,$56,$112,$112,$112,$221,$160,$342,351,$0.32,$0.32,$1037,$24,$0,$1791,$570,$509,$380,$188,$1914,$3704,$580,$137,$0,$291,$871,$3,$1995,$-5,$2834,$3704,$397,$223,$44,$267,$-84,$-0,$35,$31,$44,$708,$-284,$-23,$-41,$-355,$0,$-355,$0,$-702,$-17,$0,$-17,$38,$38,$0,$45,$66,$74,$36,$0
24,2012-09-30,38.69,$7.86,4.92,$7.34,5.27,$2.91,13.31,$1.08,35.83,$1.75B,$0.50B,3.52,$0.14B,$2.70B,0.05,$2.57B,$1.98B,77.20%,$2.57B,$0.55B,21.36%,$2.57B,$0.55B,21.36%,$2.57B,$0.77B,29.84%,$2.57B,$0.56B,21.79%,$2.57B,$0.38B,14.67%,$0.38B,$2.70B,15.05%,$0.38B,$2.42B,16.97%,$0.38B,$3.47B,11.68%,$0.55B,$2.84B,20.95%,$676,$150,$527,$78,$301,$529,$148,$3,$151,$52,$99,$99,$99,$204,$148,$343,352,$0.29,$0.28,$1039,$24,$0,$1746,$552,$463,$278,$171,$1725,$3470,$496,$142,$0,$278,$774,$2,$1883,$-6,$2697,$3470,$285,$162,$47,$209,$-31,$-1,$31,$8,$33,$528,$-202,$-7,$0,$-1000,$663,$-336,$0,$-546,$-2,$0,$-2,$31,$31,$0,$33,$62,$45,$26,$0
25,2012-06-30,41.33,$7.50,5.51,$7.06,5.86,$2.67,15.47,$1.03,40.32,$1.66B,$0.47B,3.57,$0.13B,$2.57B,0.05,$2.47B,$1.91B,77.37%,$2.47B,$0.52B,21.13%,$2.47B,$0.52B,21.13%,$2.47B,$0.74B,29.93%,$2.47B,$0.53B,21.57%,$2.47B,$0.36B,14.48%,$0.36B,$2.57B,14.98%,$0.36B,$2.29B,16.93%,$0.36B,$3.30B,11.63%,$0.52B,$2.69B,20.94%,$637,$148,$490,$74,$280,$501,$136,$3,$139,$41,$98,$98,$98,$190,$136,$341,351,$0.29,$0.28,$980,$23,$0,$1661,$535,$412,$281,$154,$1638,$3299,$465,$126,$0,$265,$731,$2,$1784,$-13,$2569,$3299,$187,$106,$6,$112,$31,$1,$15,$-6,$47,$346,$-125,$-6,$0,$-208,$0,$-208,$0,$-339,$-1,$0,$-1,$25,$25,$0,$30,$54,$60,$17,$0
26,2012-03-31,38.08,$7.17,5.31,$6.75,5.64,$2.49,15.27,$0.96,39.87,$1.59B,$0.44B,3.59,$0.11B,$2.44B,0.04,$2.35B,$1.84B,78.37%,$2.35B,$0.49B,20.95%,$2.35B,$0.49B,20.95%,$2.35B,$0.71B,30.13%,$2.35B,$0.50B,21.42%,$2.35B,$0.33B,14.07%,$0.33B,$2.44B,14.56%,$0.33B,$2.16B,16.48%,$0.33B,$3.14B,11.31%,$0.49B,$2.55B,20.82%,$641,$158,$483,$71,$285,$514,$127,$3,$130,$41,$89,$89,$89,$180,$127,$340,350,$0.26,$0.26,$894,$14,$0,$1591,$496,$375,$285,$140,$1548,$3140,$444,$108,$0,$252,$696,$2,$1686,$-4,$2444,$3140,$89,$53,$3,$56,$7,$9,$20,$9,$18,$163,$-49,$-3,$0,$-100,$0,$-100,$0,$-152,$-1,$0,$-1,$11,$11,$0,$16,$26,$38,$8,$0
27,2011-12-31,30.63,$6.81,4.49,$6.34,4.83,$2.41,12.68,$0.89,34.51,$1.50B,$0.44B,3.42,$0.09B,$2.31B,0.04,$2.20B,$1.76B,79.95%,$2.20B,$0.46B,20.87%,$2.20B,$0.46B,20.87%,$2.20B,$0.67B,30.54%,$2.20B,$0.47B,21.32%,$2.20B,$0.31B,13.93%,$0.31B,$2.31B,14.16%,$0.31B,$2.02B,15.96%,$0.31B,$3.00B,11.04%,$0.46B,$2.40B,20.41%,$616,$132,$484,$73,$273,$478,$138,$2,$140,$49,$91,$91,$91,$193,$138,$337,348,$0.27,$0.26,$775,$23,$0,$1502,$489,$359,$287,$114,$1498,$3000,$439,$87,$0,$251,$690,$2,$1597,$-12,$2311,$3000,$307,$213,$6,$218,$-129,$-12,$18,$44,$21,$546,$-188,$-21,$-65,$-291,$0,$-291,$0,$-565,$-26,$0,$-26,$39,$39,$0,$36,$49,$29,$28,$0
28,2011-09-30,34.26,$6.52,5.26,$6.04,5.67,$2.18,15.69,$0.83,41.4,$1.42B,$0.38B,3.77,$0.10B,$2.21B,0.05,$2.09B,$1.68B,80.60%,$2.09B,$0.43B,20.35%,$2.09B,$0.43B,20.35%,$2.09B,$0.64B,30.46%,$2.09B,$0.43B,20.79%,$2.09B,$0.29B,13.75%,$0.29B,$2.21B,13.89%,$0.29B,$1.96B,15.56%,$0.29B,$2.84B,10.88%,$0.43B,$2.31B,19.79%,$572,$120,$451,$73,$258,$451,$120,$3,$123,$44,$79,$79,$79,$175,$120,$338,349,$0.24,$0.23,$755,$12,$0,$1423,$494,$335,$243,$102,$1420,$2844,$378,$99,$0,$259,$636,$2,$1506,$-12,$2207,$2844,$215,$157,$30,$186,$-104,$-1,$8,$20,$-24,$378,$-137,$-8,$-28,$-256,$0,$-256,$0,$-430,$0,$-1,$-1,$36,$36,$0,$33,$69,$17,$20,$0
29,2011-06-30,30.56,$6.30,4.85,$5.75,5.31,$2.07,14.75,$0.78,39.17,$1.31B,$0.35B,3.74,$0.09B,$2.13B,0.04,$1.98B,$1.62B,81.66%,$1.98B,$0.40B,20.16%,$1.98B,$0.40B,20.16%,$1.98B,$0.60B,30.52%,$1.98B,$0.41B,20.46%,$1.98B,$0.27B,13.59%,$0.27B,$2.13B,13.68%,$0.27B,$1.89B,15.33%,$0.27B,$2.72B,10.69%,$0.40B,$2.22B,19.49%,$524,$98,$426,$70,$248,$416,$108,$3,$111,$39,$72,$72,$72,$161,$108,$337,347,$0.22,$0.21,$682,$13,$0,$1313,$498,$330,$245,$87,$1407,$2721,$351,$85,$0,$240,$591,$2,$1427,$12,$2130,$2721,$137,$103,$21,$124,$-36,$-2,$3,$3,$-12,$249,$-93,$-5,$-28,$-182,$0,$-182,$0,$-308,$0,$-0,$-0,$30,$30,$0,$26,$55,$-0,$13,$0
30,2011-03-31,27.8,$6.02,4.62,$5.58,4.98,$1.97,14.11,$0.73,37.95,$1.20B,$0.32B,3.82,$0.07B,$2.02B,0.04,$1.91B,$1.57B,82.05%,$1.91B,$0.38B,19.73%,$1.91B,$0.38B,19.73%,$1.91B,$0.58B,30.14%,$1.91B,$0.38B,19.88%,$1.91B,$0.25B,13.19%,$0.25B,$2.02B,13.54%,$0.25B,$1.82B,15.17%,$0.25B,$2.56B,10.51%,$0.38B,$2.10B,19.41%,$492,$91,$401,$71,$236,$398,$94,$2,$96,$31,$65,$65,$65,$144,$94,$334,345,$0.19,$0.19,$611,$14,$0,$1204,$496,$338,$202,$75,$1358,$2562,$315,$74,$0,$224,$539,$1,$1355,$8,$2023,$2562,$65,$50,$13,$63,$7,$-3,$0,$-2,$-1,$127,$-42,$-3,$0,$-145,$0,$-145,$0,$-190,$0,$-0,$-0,$16,$16,$0,$15,$31,$-30,$7,$0
31,2010-12-31,23.69,$5.72,4.14,$5.42,4.37,$1.88,12.6,$0.69,34.2,$1.15B,$0.31B,3.75,$0.07B,$1.91B,0.04,$1.85B,$1.53B,82.70%,$1.85B,$0.36B,19.41%,$1.85B,$0.36B,19.41%,$1.85B,$0.55B,29.84%,$1.85B,$0.36B,19.51%,$1.85B,$0.24B,12.81%,$0.24B,$1.91B,13.41%,$0.24B,$1.71B,15.12%,$0.24B,$2.42B,10.31%,$0.36B,$1.97B,19.38%,$500,$95,$405,$71,$231,$397,$103,$1,$104,$34,$71,$71,$71,$156,$103,$330,342,$0.21,$0.20,$571,$11,$0,$1146,$499,$264,$200,$69,$1277,$2423,$306,$68,$0,$211,$517,$2,$1291,$-4,$1905,$2423,$237,$193,$54,$247,$-17,$0,$31,$11,$-28,$456,$-183,$-11,$-14,$-312,$0,$-312,$0,$-521,$-28,$0,$-28,$35,$35,$0,$28,$35,$-27,$24,$0
32,2010-09-30,21.0,$5.41,3.88,$5.35,3.93,$1.49,14.06,$0.67,31.58,$1.14B,$0.33B,3.5,$0.09B,$1.81B,0.05,$1.82B,$1.51B,83.26%,$1.82B,$0.35B,19.22%,$1.82B,$0.35B,19.22%,$1.82B,$0.54B,29.79%,$1.82B,$0.35B,19.33%,$1.82B,$0.23B,12.44%,$0.23B,$1.81B,13.40%,$0.23B,$1.61B,15.17%,$0.23B,$2.36B,10.14%,$0.35B,$1.90B,19.62%,$463,$79,$384,$67,$222,$369,$94,$0,$94,$33,$61,$61,$61,$143,$94,$330,341,$0.19,$0.18,$565,$8,$0,$1138,$501,$205,$200,$70,$1221,$2358,$325,$93,$0,$224,$549,$1,$1220,$-2,$1809,$2358,$167,$141,$36,$177,$-3,$3,$24,$2,$-9,$335,$-137,$-8,$-14,$-248,$0,$-248,$0,$-408,$-2,$0,$-2,$23,$23,$0,$19,$40,$-30,$17,$0
33,2010-06-30,18.97,$5.13,3.7,$5.21,3.64,$1.18,16.03,$0.63,30.12,$1.19B,$0.32B,3.67,$0.09B,$1.71B,0.05,$1.76B,$1.47B,83.31%,$1.76B,$0.33B,18.50%,$1.76B,$0.33B,18.50%,$1.76B,$0.52B,29.34%,$1.76B,$0.33B,18.62%,$1.76B,$0.21B,12.09%,$0.21B,$1.71B,13.23%,$0.21B,$1.51B,15.04%,$0.21B,$2.25B,9.89%,$0.33B,$1.80B,19.08%,$456,$78,$378,$68,$223,$370,$86,$-0,$86,$31,$55,$55,$55,$133,$86,$329,341,$0.17,$0.17,$633,$9,$0,$1186,$507,$45,$199,$67,$1060,$2246,$323,$91,$0,$214,$538,$1,$1159,$-22,$1708,$2246,$106,$91,$17,$108,$13,$2,$15,$-5,$2,$216,$-97,$-3,$-14,$-109,$0,$-109,$0,$-224,$-2,$0,$-2,$14,$14,$0,$15,$27,$14,$11,$0
34,2010-03-31,21.23,$4.96,4.28,$5.08,4.18,$1.02,20.81,$0.60,35.54,$1.14B,$0.31B,3.74,$0.09B,$1.65B,0.06,$1.71B,$1.43B,83.45%,$1.71B,$0.31B,17.89%,$1.71B,$0.31B,17.89%,$1.71B,$0.50B,29.06%,$1.71B,$0.31B,18.01%,$1.71B,$0.20B,11.81%,$0.20B,$1.65B,13.11%,$0.20B,$1.45B,14.99%,$0.20B,$2.16B,9.69%,$0.31B,$1.74B,18.58%,$431,$68,$363,$67,$221,$356,$76,$2,$77,$27,$50,$50,$50,$120,$76,$328,340,$0.15,$0.15,$609,$10,$0,$1140,$516,$0,$201,$70,$1024,$2164,$305,$91,$0,$213,$518,$1,$1104,$-10,$1646,$2164,$50,$45,$9,$54,$34,$1,$6,$14,$2,$106,$-53,$-2,$-14,$-53,$0,$-53,$0,$-122,$-0,$0,$-0,$8,$8,$0,$9,$17,$-2,$5,$0
35,2009-12-31,20.61,$4.83,4.26,$5.00,4.12,$0.97,21.14,$0.57,36.0,$1.15B,$0.36B,3.2,$0.10B,$1.58B,0.06,$1.67B,$1.39B,83.24%,$1.67B,$0.29B,17.47%,$1.67B,$0.29B,17.47%,$1.67B,$0.48B,28.85%,$1.67B,$0.29B,17.53%,$1.67B,$0.19B,11.55%,$0.19B,$1.58B,13.15%,$0.19B,$1.40B,15.12%,$0.19B,$2.15B,9.55%,$0.29B,$1.68B,18.48%,$466,$79,$387,$74,$219,$373,$93,$1,$94,$33,$60,$60,$60,$145,$93,$324,336,$0.18,$0.18,$559,$11,$0,$1146,$509,$0,$185,$75,$1002,$2149,$358,$96,$0,$210,$568,$1,$1054,$-3,$1581,$2149,$193,$190,$12,$201,$-47,$0,$-53,$2,$-47,$347,$-209,$-12,$-4,$-169,$0,$-169,$0,$-394,$0,$-32,$-32,$30,$30,$0,$19,$17,$-29,$16,$0
36,2009-09-30,18.7,$4.57,4.09,$5.00,3.74,$0.87,21.42,$0.61,30.66,$1.01B,$0.31B,3.3,$0.12B,$1.51B,0.08,$1.67B,$1.38B,82.70%,$1.67B,$0.30B,17.95%,$1.67B,$0.30B,17.95%,$1.67B,$0.49B,29.02%,$1.67B,$0.30B,18.01%,$1.67B,$0.21B,12.27%,$0.21B,$1.51B,14.64%,$0.21B,$1.32B,17.00%,$0.21B,$2.05B,10.49%,$0.30B,$1.63B,19.77%,$409,$69,$340,$67,$202,$339,$71,$0,$71,$22,$48,$48,$48,$119,$71,$325,337,$0.15,$0.14,$435,$13,$0,$1013,$506,$95,$191,$14,$1039,$2052,$307,$119,$0,$239,$546,$1,$993,$-4,$1506,$2052,$133,$138,$19,$157,$7,$-1,$-46,$-22,$-51,$239,$-149,$-9,$-4,$-14,$0,$-14,$0,$-175,$-7,$0,$-7,$25,$25,$0,$15,$33,$97,$11,$0
37,2009-06-30,15.57,$4.37,3.57,$5.05,3.08,$0.78,20.07,$0.60,25.85,$0.94B,$0.30B,3.09,$0.12B,$1.43B,0.09,$1.69B,$1.39B,82.61%,$1.69B,$0.30B,17.63%,$1.69B,$0.30B,17.63%,$1.69B,$0.48B,28.31%,$1.69B,$0.30B,17.69%,$1.69B,$0.20B,11.99%,$0.20B,$1.43B,15.07%,$0.20B,$1.24B,17.66%,$0.20B,$1.98B,10.64%,$0.30B,$1.55B,20.24%,$404,$67,$337,$65,$206,$338,$66,$0,$66,$22,$44,$44,$44,$113,$66,$323,334,$0.14,$0.13,$384,$13,$0,$938,$501,$99,$193,$15,$1037,$1975,$304,$123,$0,$243,$547,$1,$945,$-8,$1428,$1975,$85,$89,$15,$105,$32,$-2,$-36,$-14,$-23,$166,$-104,$-6,$-4,$19,$0,$19,$0,$-95,$-7,$0,$-7,$13,$13,$0,$7,$13,$83,$7,$0
38,2009-03-31,10.99,$4.17,2.63,$5.05,2.18,$0.73,14.99,$0.58,19.03,$0.88B,$0.32B,2.74,$0.11B,$1.36B,0.08,$1.68B,$1.39B,82.30%,$1.68B,$0.28B,16.86%,$1.68B,$0.28B,16.86%,$1.68B,$0.46B,27.26%,$1.68B,$0.29B,16.98%,$1.68B,$0.19B,11.46%,$0.19B,$1.36B,14.97%,$0.19B,$1.16B,17.71%,$0.19B,$1.91B,10.43%,$0.28B,$1.47B,19.88%,$392,$66,$327,$65,$200,$330,$62,$-0,$62,$21,$41,$41,$41,$105,$62,$321,331,$0.13,$0.12,$347,$13,$0,$876,$498,$100,$195,$15,$1033,$1909,$320,$114,$0,$233,$553,$1,$901,$-18,$1356,$1909,$41,$43,$7,$50,$32,$-3,$-5,$-3,$7,$98,$-61,$-2,$-4,$26,$0,$26,$0,$-41,$-0,$0,$-0,$3,$3,$0,$1,$4,$55,$4,$0
39,2008-12-31,9.61,$4.05,2.37,$5.01,1.92,$0.63,15.22,$0.57,17.01,$0.86B,$0.34B,2.52,$0.11B,$1.31B,0.09,$1.68B,$1.38B,82.23%,$1.68B,$0.28B,16.58%,$1.68B,$0.28B,16.58%,$1.68B,$0.45B,26.77%,$1.68B,$0.28B,16.76%,$1.68B,$0.19B,11.27%,$0.19B,$1.31B,15.19%,$0.19B,$1.11B,18.05%,$0.19B,$1.88B,10.48%,$0.28B,$1.42B,19.86%,$466,$88,$378,$69,$207,$364,$101,$1,$102,$31,$72,$72,$72,$148,$101,$322,334,$0.22,$0.22,$309,$10,$0,$859,$483,$105,$199,$16,$1022,$1881,$341,$111,$0,$227,$569,$1,$860,$-13,$1312,$1881,$189,$170,$12,$183,$-108,$-3,$2,$-3,$-89,$282,$-178,$-4,$-6,$18,$0,$18,$0,$-171,$0,$-15,$-15,$-13,$-13,$0,$16,$-12,$88,$15,$0
40,2008-09-30,11.16,$3.91,2.85,$4.80,2.32,$0.40,27.59,$0.47,23.62,$0.82B,$0.29B,2.79,$0.16B,$1.27B,0.13,$1.61B,$1.33B,82.63%,$1.61B,$0.24B,14.69%,$1.61B,$0.24B,14.69%,$1.61B,$0.40B,24.97%,$1.61B,$0.24B,14.82%,$1.61B,$0.16B,9.84%,$0.16B,$1.27B,13.17%,$0.16B,$1.07B,15.73%,$0.16B,$1.83B,9.00%,$0.24B,$1.43B,17.21%,$423,$72,$350,$68,$215,$355,$68,$0,$68,$23,$45,$45,$45,$111,$68,$323,335,$0.14,$0.14,$297,$11,$0,$821,$473,$102,$201,$16,$1006,$1827,$294,$160,$0,$267,$560,$1,$789,$-4,$1266,$1827,$117,$124,$13,$136,$-51,$-4,$-19,$2,$-70,$184,$-126,$-2,$-6,$-59,$0,$-59,$0,$-193,$-8,$0,$-8,$10,$10,$0,$14,$16,$-1,$11,$0
41,2008-06-30,11.3,$3.79,2.98,$4.66,2.42,$0.19,59.26,$0.45,25.38,$0.78B,$0.29B,2.67,$0.17B,$1.22B,0.14,$1.56B,$1.29B,83.03%,$1.56B,$0.22B,14.27%,$1.56B,$0.22B,14.27%,$1.56B,$0.38B,24.61%,$1.56B,$0.22B,14.40%,$1.56B,$0.14B,9.25%,$0.14B,$1.22B,12.49%,$0.14B,$1.02B,15.01%,$0.14B,$1.78B,8.43%,$0.22B,$1.39B,16.66%,$403,$72,$331,$66,$212,$350,$53,$1,$54,$18,$35,$35,$35,$95,$53,$322,334,$0.11,$0.11,$291,$13,$0,$779,$471,$102,$203,$17,$1004,$1783,$291,$171,$0,$268,$560,$1,$744,$3,$1223,$1783,$72,$80,$10,$90,$-10,$-3,$-3,$-3,$-26,$136,$-89,$-1,$-3,$55,$0,$55,$0,$-38,$-7,$0,$-7,$10,$10,$0,$11,$14,$108,$7,$0
42,2008-03-31,9.32,$3.66,2.55,$4.62,2.02,$-0.03,0.0,$0.43,21.55,$0.73B,$0.28B,2.6,$0.18B,$1.18B,0.15,$1.54B,$1.27B,82.27%,$1.54B,$0.22B,14.09%,$1.54B,$0.22B,14.09%,$1.54B,$0.37B,24.22%,$1.54B,$0.22B,14.16%,$1.54B,$0.14B,8.83%,$0.14B,$1.18B,12.32%,$0.14B,$0.99B,14.93%,$0.14B,$1.73B,8.22%,$0.22B,$1.35B,16.87%,$385,$64,$320,$69,$195,$328,$56,$1,$57,$20,$37,$37,$37,$95,$56,$322,334,$0.12,$0.11,$251,$12,$0,$731,$480,$101,$188,$17,$994,$1725,$282,$177,$0,$267,$548,$1,$708,$3,$1177,$1725,$37,$39,$6,$44,$-0,$-2,$-12,$-7,$-30,$51,$-48,$-0,$0,$55,$0,$55,$0,$7,$-0,$0,$-0,$6,$6,$0,$9,$14,$68,$3,$0
43,2007-12-31,14.1,$3.53,3.99,$4.57,3.08,$-0.11,0.0,$0.41,34.81,$0.82B,$0.29B,2.84,$0.18B,$1.13B,0.16,$1.52B,$1.24B,81.53%,$1.52B,$0.20B,13.41%,$1.52B,$0.20B,13.41%,$1.52B,$0.36B,23.41%,$1.52B,$0.20B,13.41%,$1.52B,$0.13B,8.35%,$0.13B,$1.13B,12.06%,$0.13B,$0.94B,14.83%,$0.13B,$1.69B,7.92%,$0.20B,$1.31B,16.48%,$395,$69,$326,$72,$195,$336,$59,$1,$59,$18,$41,$41,$41,$100,$59,$318,333,$0.13,$0.13,$345,$11,$0,$819,$463,$0,$191,$17,$871,$1690,$288,$178,$0,$269,$558,$1,$671,$8,$1132,$1690,$127,$153,$12,$165,$-23,$5,$2,$4,$-17,$275,$-247,$-4,$-24,$-13,$0,$-13,$0,$-288,$0,$-22,$-22,$29,$29,$0,$30,$37,$20,$16,$0
44,2007-09-30,14.95,$3.39,4.42,$4.55,3.28,$-0.07,0.0,$0.40,37.15,$0.74B,$0.27B,2.8,$0.19B,$1.08B,0.18,$1.51B,$1.21B,80.03%,$1.51B,$0.20B,12.94%,$1.51B,$0.20B,12.94%,$1.51B,$0.34B,22.76%,$1.51B,$0.20B,13.01%,$1.51B,$0.13B,8.29%,$0.13B,$1.08B,12.50%,$0.13B,$0.89B,15.51%,$0.13B,$1.63B,8.04%,$0.20B,$1.27B,16.41%,$373,$58,$315,$68,$193,$319,$54,$-1,$54,$22,$31,$31,$31,$93,$54,$319,334,$0.10,$0.09,$308,$13,$0,$744,$478,$0,$195,$18,$888,$1632,$266,$191,$0,$285,$551,$1,$635,$7,$1081,$1632,$86,$111,$13,$123,$3,$7,$-32,$1,$-27,$182,$-196,$-1,$-24,$34,$0,$34,$0,$-187,$-13,$0,$-13,$24,$24,$0,$25,$36,$32,$13,$0
45,2007-06-30,13.87,$3.23,4.3,$4.49,3.09,$0.04,326.29,$0.38,36.74,$0.72B,$0.27B,2.68,$0.18B,$1.03B,0.18,$1.48B,$1.17B,78.90%,$1.48B,$0.19B,12.51%,$1.48B,$0.19B,12.51%,$1.48B,$0.32B,21.91%,$1.48B,$0.19B,12.58%,$1.48B,$0.12B,8.18%,$0.12B,$1.03B,12.77%,$0.12B,$0.83B,16.01%,$0.12B,$1.57B,8.04%,$0.19B,$1.21B,16.30%,$387,$81,$306,$64,$194,$338,$48,$0,$48,$21,$27,$27,$27,$85,$48,$317,332,$0.09,$0.08,$282,$12,$0,$718,$443,$0,$198,$17,$852,$1571,$268,$184,$0,$277,$546,$1,$599,$3,$1025,$1571,$55,$72,$7,$79,$2,$6,$-20,$5,$-29,$104,$-133,$-1,$-24,$24,$0,$24,$0,$-133,$-12,$0,$-12,$18,$18,$0,$19,$25,$-4,$9,$0
46,2007-03-31,13.61,$3.08,4.42,$4.34,3.13,$0.16,84.18,$0.36,38.08,$0.72B,$0.27B,2.62,$0.19B,$0.97B,0.19,$1.42B,$1.13B,79.20%,$1.42B,$0.18B,12.44%,$1.42B,$0.18B,12.44%,$1.42B,$0.31B,21.64%,$1.42B,$0.18B,12.44%,$1.42B,$0.12B,8.29%,$0.12B,$0.97B,13.14%,$0.12B,$0.77B,16.57%,$0.12B,$1.52B,8.10%,$0.18B,$1.16B,16.29%,$366,$72,$293,$67,$184,$323,$43,$-0,$43,$15,$28,$28,$28,$78,$43,$315,331,$0.09,$0.09,$277,$13,$0,$715,$397,$0,$203,$18,$808,$1523,$273,$188,$0,$276,$549,$1,$568,$1,$973,$1523,$28,$35,$8,$42,$5,$5,$-7,$-7,$-28,$42,$-66,$-0,$-25,$0,$16,$16,$0,$-75,$0,$-0,$-0,$11,$11,$0,$6,$17,$-16,$4,$0
47,2006-12-31,11.38,$2.94,3.87,$4.22,2.69,$0.22,50.62,$0.34,33.7,$0.75B,$0.31B,2.41,$0.19B,$0.92B,0.2,$1.38B,$1.09B,78.88%,$1.38B,$0.17B,12.05%,$1.38B,$0.17B,12.05%,$1.38B,$0.29B,21.19%,$1.38B,$0.17B,12.12%,$1.38B,$0.11B,7.98%,$0.11B,$0.92B,12.88%,$0.11B,$0.74B,16.30%,$0.11B,$1.50B,7.79%,$0.17B,$1.11B,15.91%,$381,$89,$292,$65,$177,$330,$50,$1,$51,$12,$39,$39,$39,$87,$50,$311,327,$0.13,$0.12,$309,$18,$0,$751,$358,$0,$183,$16,$745,$1496,$312,$187,$0,$262,$574,$1,$544,$1,$922,$1496,$110,$125,$22,$148,$-39,$-8,$14,$-10,$-25,$233,$-193,$-0,$-14,$29,$0,$29,$0,$-178,$0,$-31,$-31,$22,$22,$0,$8,$-1,$49,$19,$0
