,Date,Stock Price,Book Value per Share,Price to Book Ratio,TTM Sales per Share,Price to Sales Ratio,TTM FCF per Share,Price to FCF Ratio,TTM Net EPS,PE Ratio,Current Assets,Current Liabilities,Current Ratio,Long Term Debt,Shareholder's Equity_x,Debt to Equity Ratio,TTM Revenue_x,TTM Gross Profit,Gross Margin,TTM Revenue_y,TTM Operating Income,Operating Margin,TTM Revenue_x,TTM EBIT,EBIT Margin,TTM Revenue_y,TTM EBITDA,EBITDA Margin,TTM Revenue_x,TTM Pre-Tax Income,Pre-Tax Margin,TTM Revenue_y,TTM Net Income_x,Net Margin,TTM Net Income_y,Shareholder's Equity_y,Return on Equity,TTM Net Income_x,Tangible Equity,Return on Tangible Equity,TTM Net Income_y,Total Assets,Return on Assets,TTM Net Income,LT Investments & Debt,Return on Investment,revenue,cost-goods-sold,gross-profit,research-development-expenses,selling-general-administrative-expenses,operating-expenses,operating-income,total-non-operating-income-expense,pre-tax-income,total-provision-income-taxes,income-after-taxes,income-from-continuous-operations,net-income,ebitda,ebit,basic-shares-outstanding,shares-outstanding,eps-basic-net-earnings-per-share,eps-earnings-per-share-diluted,cash-on-hand,inventory,other-current-assets,total-current-assets,net-property-plant-equipment,long-term-investments,goodwill-intangible-assets-total,other-long-term-assets,total-long-term-assets,total-assets,total-current-liabilities,long-term-debt,other-non-current-liabilities,total-long-term-liabilities,total-liabilities,common-stock-net,retained-earnings-accumulated-deficit,comprehensive-income,total-share-holder-equity,total-liabilities-share-holders-equity,net-income-loss,total-depreciation-amortization-cash-flow,other-non-cash-items,total-non-cash-items,change-in-accounts-receivable,change-in-inventories,change-in-accounts-payable,change-in-assets-liabilities,total-change-in-assets-liabilities,cash-flow-from-operating-activities,net-change-in-property-plant-equipment,net-change-in-intangible-assets,net-acquisitions-divestitures,net-change-in-short-term-investments,net-change-in-long-term-investments,net-change-in-investments-total,investing-activities-other,cash-flow-from-investing-activities,net-long-term-debt,net-current-debt,debt-issuance-retirement-net-total,net-common-equity-issued-repurchased,net-total-equity-issued-repurchased,total-common-preferred-stock-dividends-paid,financial-activities-other,cash-flow-from-financial-activities,net-cash-flow,stock-based-compensation,common-stock-dividends-paid
0,2018-09-30,7.21,$0.68,10.66,$0.60,12.01,$-0.90,0.0,$-0.42,0.0,$0.15B,$0.04B,3.48,$0.02B,$0.09B,0.26,$0.07B,$0.04B,56.76%,$0.07B,$-0.05B,-68.92%,$0.07B,$-0.05B,-68.92%,$0.07B,$-0.05B,-64.86%,$0.07B,$-0.05B,-71.62%,$0.07B,$-0.05B,-70.27%,$-0.05B,$0.09B,-67.75%,$-0.05B,$0.09B,-69.33%,$-0.05B,$0.16B,-37.41%,$-0.05B,$0.12B,-49.04%,$19,$8,$11,$11,$14,$33,$-14,$-1,$-14,$0,$-14,$-14,$-14,$-13,$-14,$134,134,$-0.11,$-0.11,$119,$13,$7,$150,$3,$0,$2,$7,$12,$162,$43,$24,$3,$27,$70,$0,$-763,$-0,$92,$162,$-41,$1,$8,$10,$2,$1,$3,$-3,$8,$-24,$-1,$0,$0,$-50,$0,$-50,$0,$-51,$-0,$0,$-0,$7,$7,$0,$79,$86,$11,$8,$0
1,2018-06-30,6.67,$0.68,9.87,$0.58,11.59,$-1.10,0.0,$-0.43,0.0,$0.14B,$0.03B,5.03,$0.03B,$0.09B,0.29,$0.07B,$0.04B,57.35%,$0.07B,$-0.05B,-72.06%,$0.07B,$-0.05B,-72.06%,$0.07B,$-0.05B,-69.12%,$0.07B,$-0.05B,-76.47%,$0.07B,$-0.05B,-75.00%,$-0.05B,$0.09B,-80.95%,$-0.05B,$0.09B,-83.27%,$-0.05B,$0.15B,-41.55%,$-0.05B,$0.12B,-53.41%,$19,$8,$12,$10,$14,$32,$-13,$-1,$-13,$0,$-13,$-13,$-13,$-12,$-13,$131,131,$-0.10,$-0.10,$112,$13,$5,$141,$2,$0,$2,$7,$11,$152,$28,$26,$7,$33,$61,$0,$-748,$-0,$90,$152,$-27,$1,$5,$6,$1,$1,$0,$-2,$2,$-19,$-0,$0,$0,$-51,$0,$-51,$0,$-52,$-0,$0,$-0,$5,$5,$0,$69,$74,$3,$5,$0
2,2018-03-31,5.48,$0.66,8.36,$0.53,10.26,$-1.24,0.0,$-0.49,0.0,$0.13B,$0.02B,5.66,$0.03B,$0.09B,0.33,$0.06B,$0.03B,56.67%,$0.06B,$-0.05B,-86.67%,$0.06B,$-0.05B,-86.67%,$0.06B,$-0.05B,-85.00%,$0.06B,$-0.05B,-86.67%,$0.06B,$-0.06B,-91.67%,$-0.06B,$0.09B,-109.45%,$-0.06B,$0.08B,-113.99%,$-0.06B,$0.14B,-52.13%,$-0.05B,$0.11B,-69.10%,$17,$7,$10,$9,$14,$30,$-13,$-0,$-14,$0,$-14,$-14,$-14,$-13,$-13,$125,125,$-0.11,$-0.11,$106,$13,$4,$134,$2,$0,$2,$7,$11,$144,$24,$28,$7,$35,$59,$0,$-735,$-0,$86,$144,$-14,$0,$3,$3,$2,$1,$-0,$-1,$1,$-10,$-0,$0,$0,$-45,$0,$-45,$0,$-45,$0,$-0,$-0,$1,$1,$0,$58,$59,$4,$2,$0
3,2017-12-31,3.38,$0.34,10.03,$0.48,7.05,$-1.32,0.0,$-0.56,0.0,$0.09B,$0.02B,3.89,$0.03B,$0.04B,0.77,$0.05B,$0.03B,56.86%,$0.05B,$-0.06B,-111.76%,$0.05B,$-0.06B,-111.76%,$0.05B,$-0.06B,-109.80%,$0.05B,$-0.06B,-111.76%,$0.05B,$-0.06B,-117.65%,$-0.06B,$0.04B,-153.85%,$-0.06B,$0.04B,-162.16%,$-0.06B,$0.10B,-66.12%,$-0.06B,$0.07B,-95.40%,$19,$9,$9,$8,$12,$29,$-11,$-1,$-12,$-0,$-11,$-11,$-11,$-10,$-11,$108,108,$-0.10,$-0.10,$61,$14,$2,$90,$2,$0,$2,$4,$8,$98,$23,$30,$6,$36,$59,$0,$-721,$-0,$39,$98,$-61,$2,$10,$12,$-6,$-2,$2,$2,$-4,$-52,$-0,$0,$0,$1,$0,$1,$0,$0,$10,$0,$10,$2,$2,$0,$30,$43,$-9,$9,$0
4,2017-09-30,2.73,$0.33,8.38,$0.42,6.43,$-1.36,0.0,$-0.59,0.0,$0.09B,$0.02B,3.71,$0.03B,$0.04B,0.8,$0.04B,$0.03B,59.09%,$0.04B,$-0.06B,-138.64%,$0.04B,$-0.06B,-138.64%,$0.04B,$-0.06B,-138.64%,$0.04B,$-0.06B,-136.36%,$0.04B,$-0.06B,-143.18%,$-0.06B,$0.04B,-144.00%,$-0.06B,$0.04B,-150.90%,$-0.06B,$0.10B,-68.48%,$-0.06B,$0.07B,-101.67%,$13,$5,$8,$8,$12,$25,$-12,$-1,$-13,$0,$-13,$-13,$-13,$-12,$-12,$110,110,$-0.12,$-0.12,$60,$14,$4,$88,$2,$0,$2,$4,$9,$97,$24,$30,$6,$36,$60,$0,$-710,$-0,$37,$97,$-49,$1,$8,$9,$-4,$-2,$4,$1,$-2,$-42,$-0,$0,$0,$5,$0,$5,$0,$5,$10,$0,$10,$2,$2,$0,$19,$32,$-6,$7,$0
5,2017-06-30,2.51,$0.36,6.97,$0.41,6.17,$-1.40,0.0,$-0.61,0.0,$0.07B,$0.03B,2.94,$0.01B,$0.04B,0.3,$0.04B,$0.02B,56.10%,$0.04B,$-0.06B,-153.66%,$0.04B,$-0.06B,-153.66%,$0.04B,$-0.06B,-153.66%,$0.04B,$-0.06B,-151.22%,$0.04B,$-0.06B,-156.10%,$-0.06B,$0.04B,-121.90%,$-0.06B,$0.04B,-126.73%,$-0.06B,$0.08B,-66.15%,$-0.06B,$0.05B,-96.92%,$11,$4,$7,$9,$14,$27,$-16,$3,$-13,$4,$-17,$-17,$-17,$-16,$-16,$105,105,$-0.16,$-0.16,$51,$12,$3,$74,$3,$0,$2,$5,$9,$83,$25,$12,$7,$19,$44,$0,$-696,$-0,$39,$83,$-36,$1,$5,$6,$-1,$0,$1,$1,$0,$-29,$-0,$0,$0,$18,$0,$18,$0,$17,$-2,$0,$-2,$2,$2,$0,$10,$10,$-2,$5,$0
6,2017-03-31,4.45,$0.40,11.15,$0.39,11.37,$-1.39,0.0,$-0.63,0.0,$0.08B,$0.03B,2.86,$0.01B,$0.04B,0.25,$0.04B,$0.02B,51.28%,$0.04B,$-0.06B,-164.10%,$0.04B,$-0.06B,-164.10%,$0.04B,$-0.06B,-161.54%,$0.04B,$-0.07B,-169.23%,$0.04B,$-0.07B,-166.67%,$-0.07B,$0.04B,-105.69%,$-0.07B,$0.04B,-109.70%,$-0.07B,$0.09B,-61.32%,$-0.06B,$0.05B,-86.20%,$8,$4,$5,$9,$14,$27,$-18,$-0,$-19,$0,$-19,$-19,$-19,$-18,$-18,$104,104,$-0.18,$-0.18,$54,$13,$3,$76,$3,$0,$2,$4,$9,$85,$26,$10,$7,$17,$43,$0,$-679,$-0,$41,$85,$-19,$0,$2,$3,$1,$-0,$0,$0,$-1,$-16,$-0,$0,$0,$6,$0,$6,$0,$6,$0,$-1,$-1,$0,$0,$0,$-0,$-1,$-12,$2,$0
7,2016-12-31,4.35,$0.56,7.79,$0.39,11.25,$-1.37,0.0,$-0.62,0.0,$0.09B,$0.03B,3.5,$0.01B,$0.06B,0.22,$0.04B,$0.02B,46.15%,$0.04B,$-0.06B,-156.41%,$0.04B,$-0.06B,-156.41%,$0.04B,$-0.06B,-153.85%,$0.04B,$-0.06B,-161.54%,$0.04B,$-0.06B,-161.54%,$-0.06B,$0.06B,-87.20%,$-0.06B,$0.06B,-90.32%,$-0.06B,$0.10B,-53.96%,$-0.06B,$0.07B,-70.93%,$12,$6,$6,$9,$12,$27,$-15,$0,$-15,$-1,$-14,$-14,$-14,$-15,$-15,$102,102,$-0.13,$-0.13,$72,$13,$2,$94,$3,$0,$2,$4,$9,$103,$27,$12,$6,$19,$46,$0,$-661,$0,$58,$103,$-63,$2,$9,$10,$-1,$-2,$3,$-3,$-1,$-54,$-1,$0,$0,$-19,$0,$-19,$0,$-20,$-1,$0,$-1,$3,$3,$0,$22,$25,$-49,$8,$0
8,2016-09-30,6.21,$0.70,8.89,$0.37,16.83,$-1.37,0.0,$-0.64,0.0,$0.11B,$0.02B,4.72,$0.01B,$0.07B,0.2,$0.04B,$0.02B,40.54%,$0.04B,$-0.06B,-164.86%,$0.04B,$-0.06B,-164.86%,$0.04B,$-0.06B,-162.16%,$0.04B,$-0.07B,-175.68%,$0.04B,$-0.06B,-172.97%,$-0.06B,$0.07B,-78.53%,$-0.06B,$0.07B,-81.01%,$-0.06B,$0.12B,-50.89%,$-0.06B,$0.09B,-63.21%,$10,$5,$5,$7,$12,$25,$-14,$-1,$-15,$-0,$-14,$-14,$-14,$-14,$-14,$103,103,$-0.14,$-0.14,$81,$12,$5,$108,$3,$0,$2,$3,$8,$116,$23,$14,$6,$21,$44,$0,$-647,$3,$72,$116,$-49,$1,$8,$9,$-2,$-1,$2,$-3,$-4,$-44,$-0,$0,$0,$-38,$0,$-38,$0,$-39,$-1,$0,$-1,$3,$3,$0,$22,$24,$-58,$6,$0
9,2016-06-30,6.24,$0.73,8.59,$0.35,17.83,$-1.38,0.0,$-0.67,0.0,$0.11B,$0.03B,4.36,$0.01B,$0.08B,0.18,$0.04B,$0.01B,34.29%,$0.04B,$-0.06B,-180.00%,$0.04B,$-0.06B,-180.00%,$0.04B,$-0.06B,-177.14%,$0.04B,$-0.07B,-188.57%,$0.04B,$-0.07B,-188.57%,$-0.07B,$0.08B,-75.43%,$-0.07B,$0.07B,-77.88%,$-0.07B,$0.12B,-50.57%,$-0.06B,$0.09B,-61.02%,$9,$5,$4,$9,$12,$26,$-17,$-0,$-17,$1,$-18,$-18,$-18,$-16,$-17,$102,102,$-0.18,$-0.18,$89,$12,$5,$112,$3,$0,$2,$3,$8,$120,$26,$14,$6,$20,$46,$0,$-633,$3,$75,$120,$-35,$1,$6,$7,$1,$-1,$2,$-0,$0,$-28,$-0,$0,$0,$-51,$0,$-51,$0,$-51,$-0,$0,$-0,$1,$1,$0,$15,$15,$-63,$4,$0
10,2016-03-31,5.93,$0.82,7.22,$0.35,16.89,$-1.43,0.0,$-0.66,0.0,$0.12B,$0.02B,5.23,$0.02B,$0.08B,0.18,$0.04B,$0.01B,28.57%,$0.04B,$-0.06B,-177.14%,$0.04B,$-0.06B,-177.14%,$0.04B,$-0.06B,-174.29%,$0.04B,$-0.07B,-191.43%,$0.04B,$-0.06B,-182.86%,$-0.06B,$0.08B,-66.32%,$-0.06B,$0.08B,-68.27%,$-0.06B,$0.13B,-46.29%,$-0.06B,$0.10B,-54.75%,$8,$4,$3,$7,$12,$23,$-15,$-1,$-16,$1,$-17,$-17,$-17,$-15,$-15,$99,99,$-0.17,$-0.17,$96,$11,$6,$119,$3,$0,$2,$3,$9,$128,$23,$15,$6,$22,$44,$0,$-615,$3,$84,$128,$-17,$0,$3,$3,$2,$-0,$1,$-1,$0,$-13,$-0,$0,$0,$-45,$0,$-45,$0,$-45,$0,$-0,$-0,$1,$1,$0,$7,$8,$-50,$2,$0
11,2015-12-31,6.32,$0.96,6.61,$0.36,17.77,$-1.46,0.0,$-0.66,0.0,$0.13B,$0.02B,5.97,$0.02B,$0.10B,0.18,$0.04B,$0.01B,28.57%,$0.04B,$-0.06B,-174.29%,$0.04B,$-0.06B,-174.29%,$0.04B,$-0.06B,-171.43%,$0.04B,$-0.06B,-171.43%,$0.04B,$-0.06B,-160.00%,$-0.06B,$0.10B,-54.37%,$-0.06B,$0.09B,-55.72%,$-0.06B,$0.14B,-39.44%,$-0.06B,$0.11B,-51.59%,$10,$6,$3,$7,$11,$25,$-15,$-2,$-17,$-2,$-15,$-15,$-15,$-15,$-15,$96,97,$-0.15,$-0.10,$108,$11,$5,$130,$4,$0,$2,$3,$9,$139,$22,$17,$6,$23,$45,$0,$-598,$7,$95,$139,$-56,$2,$0,$2,$-0,$4,$-4,$2,$3,$-51,$-1,$0,$0,$2,$0,$2,$0,$2,$10,$0,$10,$13,$13,$0,$75,$98,$48,$7,$0
12,2015-09-30,4.54,$0.98,4.62,$0.38,11.91,$-1.48,0.0,$-0.76,0.0,$0.13B,$0.02B,6.45,$0.02B,$0.10B,0.19,$0.04B,$0.01B,28.57%,$0.04B,$-0.06B,-168.57%,$0.04B,$-0.06B,-168.57%,$0.04B,$-0.06B,-165.71%,$0.04B,$-0.06B,-180.00%,$0.04B,$-0.06B,-174.29%,$-0.06B,$0.10B,-67.97%,$-0.06B,$0.09B,-70.11%,$-0.06B,$0.14B,-47.75%,$-0.06B,$0.11B,-57.28%,$8,$6,$2,$8,$11,$24,$-16,$1,$-16,$0,$-16,$-16,$-16,$-16,$-16,$97,98,$-0.16,$-0.17,$107,$13,$1,$128,$4,$0,$2,$1,$7,$135,$20,$18,$1,$20,$40,$0,$-583,$5,$96,$135,$-41,$1,$-2,$-0,$-0,$2,$-3,$1,$-1,$-42,$-1,$0,$0,$-21,$0,$-21,$-0,$-21,$10,$-0,$10,$7,$7,$0,$75,$92,$28,$5,$0
13,2015-06-30,5.19,$1.14,4.54,$0.43,11.93,$-1.47,0.0,$-0.74,0.0,$0.14B,$0.02B,6.5,$0.02B,$0.11B,0.16,$0.04B,$0.01B,35.14%,$0.04B,$-0.05B,-145.95%,$0.04B,$-0.05B,-145.95%,$0.04B,$-0.05B,-143.24%,$0.04B,$-0.06B,-156.76%,$0.04B,$-0.06B,-151.35%,$-0.06B,$0.11B,-72.26%,$-0.06B,$0.11B,-74.67%,$-0.06B,$0.15B,-49.23%,$-0.05B,$0.13B,-60.85%,$9,$7,$2,$5,$12,$24,$-16,$-2,$-18,$-2,$-16,$-16,$-16,$-15,$-16,$96,96,$-0.17,$-0.17,$123,$14,$1,$144,$4,$0,$2,$1,$7,$151,$22,$17,$1,$19,$41,$0,$-567,$7,$111,$151,$-25,$1,$-2,$-2,$0,$1,$-4,$1,$-4,$-30,$-0,$0,$0,$-48,$0,$-48,$-0,$-48,$10,$0,$10,$5,$5,$0,$75,$91,$12,$3,$0
14,2015-03-31,4.17,$1.15,3.62,$0.46,9.1,$-1.43,0.0,$-0.73,0.0,$0.14B,$0.02B,5.99,$0.01B,$0.11B,0.09,$0.04B,$0.02B,40.54%,$0.04B,$-0.05B,-132.43%,$0.04B,$-0.05B,-132.43%,$0.04B,$-0.05B,-132.43%,$0.04B,$-0.05B,-129.73%,$0.04B,$-0.05B,-129.73%,$-0.05B,$0.11B,-79.01%,$-0.05B,$0.11B,-82.05%,$-0.05B,$0.14B,-50.39%,$-0.05B,$0.12B,-69.75%,$8,$5,$3,$6,$12,$22,$-14,$5,$-9,$0,$-9,$-9,$-9,$-14,$-14,$93,95,$-0.10,$-0.17,$112,$16,$2,$136,$4,$0,$2,$1,$7,$143,$23,$9,$1,$11,$33,$0,$-551,$-0,$110,$143,$-9,$0,$-5,$-4,$0,$-1,$0,$-0,$-2,$-16,$-0,$0,$0,$-66,$0,$-66,$0,$-66,$0,$-0,$-0,$1,$1,$0,$76,$76,$-5,$1,$0
15,2014-12-31,6.24,$0.52,12.08,$0.48,12.96,$-1.41,0.0,$-0.68,0.0,$0.08B,$0.03B,2.57,$0.01B,$0.04B,0.24,$0.04B,$0.02B,43.24%,$0.04B,$-0.04B,-118.92%,$0.04B,$-0.04B,-118.92%,$0.04B,$-0.04B,-118.92%,$0.04B,$-0.04B,-105.41%,$0.04B,$-0.04B,-105.41%,$-0.04B,$0.04B,-87.64%,$-0.04B,$0.04B,-92.86%,$-0.04B,$0.08B,-50.16%,$-0.04B,$0.05B,-85.02%,$10,$7,$3,$5,$11,$23,$-13,$-7,$-20,$0,$-20,$-20,$-20,$-13,$-13,$75,77,$-0.16,$-0.17,$51,$15,$2,$75,$4,$0,$2,$1,$7,$82,$29,$10,$1,$11,$40,$0,$-542,$-0,$42,$82,$-39,$1,$-2,$-1,$1,$3,$-1,$-1,$-0,$-40,$-2,$0,$0,$-1,$0,$-1,$0,$-3,$6,$0,$6,$12,$12,$0,$18,$36,$-7,$5,$0
16,2014-09-30,4.01,$0.60,6.64,$0.49,8.14,$-1.26,0.0,$-0.53,0.0,$0.07B,$0.02B,3.44,$0.01B,$0.05B,0.21,$0.04B,$0.02B,47.22%,$0.04B,$-0.04B,-108.33%,$0.04B,$-0.04B,-108.33%,$0.04B,$-0.04B,-105.56%,$0.04B,$-0.03B,-69.44%,$0.04B,$-0.03B,-69.44%,$-0.03B,$0.05B,-55.87%,$-0.03B,$0.05B,-59.17%,$-0.03B,$0.08B,-32.05%,$-0.04B,$0.06B,-78.39%,$10,$6,$5,$7,$9,$22,$-11,$1,$-11,$0,$-11,$-11,$-11,$-11,$-11,$75,76,$-0.14,$-0.16,$48,$14,$2,$73,$4,$0,$3,$0,$7,$79,$21,$10,$1,$11,$32,$0,$-522,$-0,$47,$79,$-19,$1,$-10,$-9,$-1,$-1,$-2,$-2,$-3,$-31,$-2,$0,$0,$2,$0,$2,$0,$1,$0,$6,$6,$10,$10,$0,$7,$24,$-7,$4,$0
17,2014-06-30,4.15,$0.60,6.95,$0.51,8.17,$-1.12,0.0,$-0.67,0.0,$0.07B,$0.02B,3.24,$0.01B,$0.04B,0.22,$0.04B,$0.02B,43.24%,$0.04B,$-0.04B,-97.30%,$0.04B,$-0.04B,-97.30%,$0.04B,$-0.04B,-94.59%,$0.04B,$-0.03B,-91.89%,$0.04B,$-0.04B,-94.59%,$-0.04B,$0.04B,-83.33%,$-0.04B,$0.04B,-89.17%,$-0.04B,$0.08B,-44.87%,$-0.04B,$0.05B,-80.90%,$9,$5,$4,$5,$10,$20,$-11,$3,$-8,$0,$-8,$-8,$-8,$-11,$-11,$73,75,$-0.10,$-0.16,$50,$13,$1,$70,$4,$0,$3,$0,$7,$77,$22,$10,$1,$11,$33,$0,$-511,$0,$44,$77,$-8,$1,$-10,$-10,$2,$-1,$-3,$-0,$-2,$-19,$-1,$0,$0,$7,$0,$7,$0,$5,$6,$0,$6,$3,$3,$0,$4,$13,$-1,$2,$0
18,2014-03-31,4.8,$0.62,7.76,$0.53,9.0,$-1.04,0.0,$-0.60,0.0,$0.07B,$0.03B,2.46,$0.00B,$0.05B,0.0,$0.04B,$0.02B,42.11%,$0.04B,$-0.03B,-84.21%,$0.04B,$-0.03B,-84.21%,$0.04B,$-0.03B,-81.58%,$0.04B,$-0.03B,-86.84%,$0.04B,$-0.03B,-89.47%,$-0.03B,$0.05B,-75.98%,$-0.03B,$0.04B,-81.44%,$-0.03B,$0.07B,-42.77%,$-0.03B,$0.05B,-71.51%,$8,$4,$4,$5,$8,$17,$-9,$9,$-0,$0,$-0,$-0,$-0,$-9,$-9,$72,75,$-0.12,$-0.12,$48,$11,$1,$67,$3,$0,$3,$0,$6,$73,$27,$0,$1,$1,$28,$0,$-503,$0,$45,$73,$-0,$0,$-8,$-8,$1,$1,$-2,$-1,$-2,$-10,$-1,$0,$0,$4,$0,$4,$0,$3,$0,$-0,$-0,$1,$1,$0,$0,$1,$-5,$1,$0
19,2013-12-31,6.45,$0.60,10.83,$0.59,10.9,$-1.04,0.0,$-0.65,0.0,$0.08B,$0.04B,1.98,$0.00B,$0.04B,0.0,$0.04B,$0.02B,42.50%,$0.04B,$-0.03B,-70.00%,$0.04B,$-0.03B,-70.00%,$0.04B,$-0.03B,-67.50%,$0.04B,$-0.04B,-107.50%,$0.04B,$-0.04B,-110.00%,$-0.04B,$0.04B,-90.26%,$-0.04B,$0.04B,-96.17%,$-0.04B,$0.08B,-52.23%,$-0.03B,$0.04B,-56.85%,$9,$5,$4,$5,$7,$17,$-8,$2,$-6,$0,$-6,$-6,$-6,$-7,$-8,$68,68,$-0.08,$-0.08,$58,$13,$0,$78,$2,$0,$3,$0,$5,$83,$39,$0,$1,$1,$41,$0,$-503,$0,$43,$83,$-43,$1,$18,$19,$-2,$-2,$-2,$0,$-2,$-27,$-1,$0,$0,$-29,$0,$-29,$-0,$-29,$-8,$3,$-4,$2,$2,$0,$61,$59,$3,$3,$0
20,2013-09-30,6.72,$0.51,13.28,$0.65,10.4,$-0.89,0.0,$-0.62,0.0,$0.08B,$0.04B,1.75,$0.00B,$0.04B,0.0,$0.04B,$0.02B,42.86%,$0.04B,$-0.02B,-57.14%,$0.04B,$-0.02B,-57.14%,$0.04B,$-0.02B,-54.76%,$0.04B,$-0.04B,-92.86%,$0.04B,$-0.04B,-95.24%,$-0.04B,$0.04B,-93.57%,$-0.04B,$0.03B,-100.63%,$-0.04B,$0.08B,-52.81%,$-0.02B,$0.04B,-54.55%,$11,$7,$4,$4,$8,$19,$-8,$-12,$-20,$0,$-21,$-21,$-21,$-8,$-8,$70,70,$-0.29,$-0.29,$53,$13,$0,$75,$2,$0,$3,$0,$5,$79,$43,$0,$1,$1,$44,$0,$-497,$-0,$36,$79,$-37,$0,$19,$20,$-3,$-1,$-3,$0,$-2,$-20,$-0,$0,$0,$-29,$0,$-29,$-0,$-30,$0,$-4,$-4,$1,$1,$0,$51,$47,$-2,$2,$0
21,2013-06-30,4.42,$0.79,5.61,$0.64,6.86,$-0.79,0.0,$-0.41,0.0,$0.08B,$0.03B,2.95,$0.00B,$0.06B,0.0,$0.04B,$0.02B,46.15%,$0.04B,$-0.02B,-51.28%,$0.04B,$-0.02B,-51.28%,$0.04B,$-0.02B,-48.72%,$0.04B,$-0.02B,-56.41%,$0.04B,$-0.02B,-56.41%,$-0.02B,$0.06B,-57.89%,$-0.02B,$0.05B,-62.86%,$-0.02B,$0.08B,-32.23%,$-0.02B,$0.06B,-50.00%,$10,$6,$4,$4,$8,$17,$-7,$0,$-7,$0,$-7,$-7,$-7,$-7,$-7,$70,72,$-0.10,$-0.10,$58,$13,$0,$78,$2,$0,$3,$0,$5,$83,$26,$0,$1,$1,$28,$0,$-477,$0,$55,$83,$-17,$0,$6,$6,$-1,$-1,$-2,$1,$-3,$-14,$-0,$0,$0,$-0,$0,$-0,$0,$-0,$0,$-6,$-6,$0,$0,$0,$51,$46,$32,$2,$0
22,2013-03-31,4.42,$0.87,5.07,$0.67,6.6,$-0.76,0.0,$-0.42,0.0,$0.09B,$0.03B,3.16,$0.00B,$0.06B,0.04,$0.04B,$0.02B,47.37%,$0.04B,$-0.02B,-47.37%,$0.04B,$-0.02B,-47.37%,$0.04B,$-0.02B,-44.74%,$0.04B,$-0.02B,-44.74%,$0.04B,$-0.02B,-44.74%,$-0.02B,$0.06B,-58.62%,$-0.02B,$0.06B,-65.38%,$-0.02B,$0.09B,-28.81%,$-0.02B,$0.06B,-56.69%,$10,$5,$5,$3,$7,$15,$-5,$-5,$-10,$0,$-10,$-10,$-10,$-5,$-5,$60,60,$-0.17,$-0.17,$69,$12,$0,$87,$2,$0,$3,$0,$5,$92,$28,$2,$1,$4,$31,$0,$-470,$0,$61,$92,$-10,$0,$6,$6,$-0,$-2,$-3,$1,$-4,$-8,$-0,$0,$0,$0,$0,$0,$0,$-0,$0,$-1,$-1,$0,$0,$0,$52,$51,$42,$1,$0
23,2012-12-31,3.16,$0.34,9.3,$0.67,4.7,$-0.70,0.0,$-0.42,0.0,$0.04B,$0.03B,1.72,$0.00B,$0.02B,0.15,$0.04B,$0.02B,43.24%,$0.04B,$-0.02B,-48.65%,$0.04B,$-0.02B,-48.65%,$0.04B,$-0.02B,-43.24%,$0.04B,$-0.02B,-43.24%,$0.04B,$-0.02B,-43.24%,$-0.02B,$0.02B,-86.49%,$-0.02B,$0.02B,-103.23%,$-0.02B,$0.05B,-32.65%,$-0.02B,$0.02B,-82.76%,$11,$5,$5,$2,$7,$14,$-4,$2,$-2,$0,$-2,$-2,$-2,$-3,$-4,$55,55,$-0.02,$0.02,$27,$10,$2,$44,$2,$0,$3,$0,$5,$49,$26,$3,$1,$4,$30,$0,$-460,$0,$19,$49,$-16,$1,$1,$1,$2,$-4,$3,$-2,$1,$-14,$-0,$0,$0,$0,$0,$0,$-0,$0,$-1,$2,$0,$0,$0,$0,$14,$15,$1,$3,$0
24,2012-09-30,3.4,$0.30,11.15,$0.70,4.87,$-0.77,0.0,$-0.51,0.0,$0.04B,$0.03B,1.6,$0.00B,$0.02B,0.2,$0.04B,$0.02B,41.67%,$0.04B,$-0.02B,-47.22%,$0.04B,$-0.02B,-47.22%,$0.04B,$-0.02B,-44.44%,$0.04B,$-0.02B,-61.11%,$0.04B,$-0.02B,-61.11%,$-0.02B,$0.02B,-120.55%,$-0.02B,$0.01B,-144.26%,$-0.02B,$0.05B,-45.83%,$-0.02B,$0.02B,-77.27%,$8,$4,$4,$2,$6,$13,$-4,$1,$-3,$0,$-3,$-3,$-3,$-4,$-4,$55,55,$-0.06,$-0.08,$27,$10,$0,$44,$2,$0,$3,$0,$5,$49,$27,$3,$1,$4,$32,$0,$-458,$0,$17,$49,$-14,$1,$2,$2,$2,$-3,$1,$-1,$1,$-11,$-0,$0,$0,$0,$0,$0,$0,$0,$-0,$1,$1,$0,$0,$0,$11,$12,$1,$2,$0
25,2012-06-30,3.32,$0.34,9.83,$0.74,4.49,$-0.87,0.0,$-0.38,0.0,$0.04B,$0.02B,1.8,$0.00B,$0.02B,0.2,$0.04B,$0.02B,43.24%,$0.04B,$-0.02B,-43.24%,$0.04B,$-0.02B,-43.24%,$0.04B,$-0.02B,-40.54%,$0.04B,$-0.02B,-45.95%,$0.04B,$-0.02B,-45.95%,$-0.02B,$0.02B,-94.44%,$-0.02B,$0.02B,-113.33%,$-0.02B,$0.05B,-37.78%,$-0.02B,$0.02B,-71.91%,$9,$6,$4,$2,$7,$14,$-5,$3,$-2,$0,$-2,$-2,$-2,$-5,$-5,$54,55,$-0.04,$-0.10,$27,$9,$0,$41,$2,$0,$3,$0,$5,$46,$23,$4,$1,$5,$28,$0,$-455,$0,$19,$46,$-11,$0,$2,$2,$2,$-3,$-1,$0,$-1,$-9,$-0,$0,$0,$0,$0,$0,$0,$0,$-0,$0,$0,$0,$0,$0,$10,$10,$1,$1,$0
26,2012-03-31,4.02,$0.35,11.33,$0.71,5.63,$-0.93,0.0,$-0.41,0.0,$0.05B,$0.03B,1.7,$0.00B,$0.01B,0.42,$0.04B,$0.02B,42.86%,$0.04B,$-0.02B,-48.57%,$0.04B,$-0.02B,-48.57%,$0.04B,$-0.02B,-42.86%,$0.04B,$-0.02B,-60.00%,$0.04B,$-0.02B,-60.00%,$-0.02B,$0.02B,-127.27%,$-0.02B,$0.02B,-155.56%,$-0.02B,$0.05B,-48.55%,$-0.02B,$0.02B,-82.93%,$9,$6,$3,$2,$6,$13,$-5,$-4,$-9,$0,$-9,$-9,$-9,$-4,$-5,$53,53,$-0.17,$-0.17,$32,$9,$0,$47,$2,$0,$3,$0,$5,$52,$27,$4,$1,$5,$33,$0,$-453,$0,$19,$52,$-9,$0,$5,$5,$1,$-2,$-1,$-0,$-0,$-4,$-0,$0,$0,$0,$0,$0,$-0,$0,$0,$-0,$-0,$0,$0,$0,$10,$10,$6,$1,$0
27,2011-12-31,2.8,$0.36,7.83,$0.69,4.07,$-0.97,0.0,$-0.35,0.0,$0.04B,$0.02B,1.88,$0.01B,$0.01B,0.53,$0.03B,$0.02B,45.45%,$0.03B,$-0.02B,-48.48%,$0.03B,$-0.02B,-48.48%,$0.03B,$-0.02B,-45.45%,$0.03B,$-0.02B,-51.52%,$0.03B,$-0.02B,-51.52%,$-0.02B,$0.02B,-103.03%,$-0.02B,$0.02B,-125.93%,$-0.02B,$0.05B,-40.72%,$-0.02B,$0.02B,-79.01%,$10,$6,$4,$2,$6,$14,$-3,$-4,$-8,$0,$-8,$-8,$-8,$-3,$-3,$48,48,$-0.16,$-0.16,$26,$6,$1,$40,$2,$0,$3,$1,$6,$45,$21,$5,$1,$6,$27,$0,$-444,$0,$18,$45,$-17,$1,$1,$2,$-1,$-1,$1,$-0,$-1,$-16,$-0,$0,$0,$1,$0,$1,$0,$1,$-5,$7,$2,$0,$0,$0,$9,$12,$-3,$2,$0
28,2011-09-30,2.12,$0.34,6.31,$0.63,3.36,$-1.04,0.0,$-0.25,0.0,$0.03B,$0.01B,2.16,$0.01B,$0.01B,0.74,$0.03B,$0.01B,48.28%,$0.03B,$-0.02B,-62.07%,$0.03B,$-0.02B,-62.07%,$0.03B,$-0.02B,-55.17%,$0.03B,$-0.01B,-37.93%,$0.03B,$-0.01B,-37.93%,$-0.01B,$0.02B,-61.11%,$-0.01B,$0.01B,-74.58%,$-0.01B,$0.04B,-25.88%,$-0.02B,$0.02B,-84.71%,$9,$5,$5,$2,$5,$12,$-3,$5,$2,$0,$2,$2,$2,$-3,$-3,$48,49,$0.05,$0.05,$15,$10,$0,$31,$2,$0,$3,$1,$6,$37,$14,$5,$1,$6,$20,$0,$-436,$0,$16,$37,$-9,$1,$-2,$-2,$0,$-3,$1,$-0,$-4,$-15,$-0,$0,$0,$0,$0,$0,$-0,$0,$-5,$5,$-0,$0,$0,$0,$0,$0,$-14,$1,$0
29,2011-06-30,3.0,$0.28,10.8,$0.57,5.28,$-1.04,0.0,$-0.40,0.0,$0.03B,$0.02B,1.49,$0.00B,$0.00B,0.58,$0.03B,$0.01B,48.00%,$0.03B,$-0.02B,-76.00%,$0.03B,$-0.02B,-76.00%,$0.03B,$-0.02B,-64.00%,$0.03B,$-0.02B,-68.00%,$0.03B,$-0.02B,-68.00%,$-0.02B,$0.01B,-100.00%,$-0.02B,$0.01B,-123.64%,$-0.02B,$0.04B,-41.21%,$-0.02B,$0.02B,-95.00%,$7,$4,$3,$2,$6,$12,$-6,$-1,$-6,$0,$-6,$-6,$-6,$-5,$-6,$48,48,$-0.13,$-0.13,$18,$10,$0,$33,$2,$0,$3,$1,$6,$39,$22,$2,$2,$4,$26,$0,$-438,$0,$13,$39,$-12,$1,$3,$3,$0,$-4,$1,$0,$-3,$-11,$-0,$0,$0,$0,$0,$0,$-0,$0,$-1,$0,$-1,$0,$0,$0,$0,$-1,$-12,$1,$0
30,2011-03-31,2.91,$0.40,7.24,$0.58,5.02,$-1.04,0.0,$-0.41,0.0,$0.04B,$0.02B,1.77,$0.00B,$0.01B,0.28,$0.02B,$0.01B,50.00%,$0.02B,$-0.02B,-70.83%,$0.02B,$-0.02B,-70.83%,$0.02B,$-0.01B,-58.33%,$0.02B,$-0.02B,-70.83%,$0.02B,$-0.02B,-70.83%,$-0.02B,$0.02B,-101.49%,$-0.02B,$0.02B,-119.30%,$-0.02B,$0.05B,-43.59%,$-0.02B,$0.02B,-83.95%,$7,$4,$3,$2,$6,$11,$-4,$-1,$-5,$0,$-5,$-5,$-5,$-4,$-4,$47,47,$-0.11,$-0.11,$24,$9,$0,$39,$2,$0,$3,$1,$6,$46,$22,$3,$2,$4,$27,$0,$-432,$0,$19,$46,$-5,$0,$2,$2,$-0,$-3,$2,$-0,$-2,$-5,$-0,$0,$0,$0,$0,$0,$-0,$0,$-0,$0,$-0,$0,$0,$0,$0,$-0,$-5,$0,$0
31,2010-12-31,2.46,$0.50,4.91,$0.59,4.19,$-1.09,0.0,$-0.43,0.0,$0.04B,$0.02B,2.12,$0.00B,$0.01B,0.22,$0.02B,$0.01B,52.17%,$0.02B,$-0.02B,-73.91%,$0.02B,$-0.02B,-73.91%,$0.02B,$-0.01B,-60.87%,$0.02B,$-0.02B,-73.91%,$0.02B,$-0.02B,-73.91%,$-0.02B,$0.02B,-104.62%,$-0.02B,$0.02B,-117.24%,$-0.02B,$0.05B,-47.89%,$-0.02B,$0.03B,-85.00%,$6,$4,$3,$1,$6,$11,$-5,$2,$-2,$0,$-2,$-2,$-2,$-4,$-5,$40,40,$-0.05,$-0.05,$30,$6,$0,$42,$2,$0,$3,$1,$6,$48,$20,$3,$2,$5,$24,$0,$-427,$0,$24,$48,$-17,$1,$2,$2,$-1,$2,$-1,$0,$0,$-14,$-2,$0,$0,$2,$0,$2,$0,$-0,$-0,$5,$5,$0,$0,$0,$21,$26,$12,$2,$0
32,2010-09-30,3.84,$0.31,12.48,$0.58,6.57,$-1.11,0.0,$-0.50,0.0,$0.03B,$0.02B,1.72,$0.00B,$0.00B,1.28,$0.02B,$0.01B,50.00%,$0.02B,$-0.02B,-77.27%,$0.02B,$-0.02B,-77.27%,$0.02B,$-0.02B,-68.18%,$0.02B,$-0.02B,-90.91%,$0.02B,$-0.02B,-90.91%,$-0.02B,$0.01B,-129.03%,$-0.02B,$0.01B,-135.59%,$-0.02B,$0.03B,-62.50%,$-0.02B,$0.02B,-91.89%,$5,$2,$3,$1,$5,$8,$-4,$-0,$-4,$0,$-4,$-4,$-4,$-3,$-4,$39,39,$-0.09,$-0.09,$13,$7,$0,$25,$3,$0,$3,$1,$7,$32,$15,$4,$2,$5,$20,$0,$-424,$0,$12,$32,$-14,$1,$4,$4,$0,$1,$-1,$-0,$0,$-10,$-2,$0,$0,$1,$0,$1,$-0,$-0,$-0,$5,$5,$0,$0,$0,$0,$5,$-5,$1,$0
33,2010-06-30,3.16,$0.31,10.18,$0.59,5.31,$-1.15,0.0,$-0.56,0.0,$0.03B,$0.01B,2.07,$0.00B,$0.00B,1.57,$0.02B,$0.01B,40.91%,$0.02B,$-0.02B,-86.36%,$0.02B,$-0.02B,-86.36%,$0.02B,$-0.02B,-81.82%,$0.02B,$-0.02B,-100.00%,$0.02B,$-0.02B,-100.00%,$-0.02B,$0.01B,-115.79%,$-0.02B,$0.01B,-115.79%,$-0.02B,$0.03B,-63.31%,$-0.02B,$0.02B,-90.48%,$6,$3,$3,$1,$5,$10,$-4,$-2,$-6,$0,$-6,$-6,$-6,$-3,$-4,$39,39,$-0.14,$-0.14,$16,$6,$0,$27,$2,$0,$0,$1,$3,$30,$13,$4,$1,$5,$18,$0,$-420,$0,$12,$30,$-11,$0,$3,$3,$0,$1,$-1,$-0,$-0,$-8,$-1,$0,$0,$1,$0,$1,$-0,$0,$-0,$5,$5,$0,$0,$0,$0,$5,$-3,$1,$0
34,2010-03-31,2.79,$0.44,6.39,$0.57,4.88,$-1.22,0.0,$-0.61,0.0,$0.03B,$0.01B,2.79,$0.01B,$0.01B,0.6,$0.02B,$0.01B,40.00%,$0.02B,$-0.02B,-100.00%,$0.02B,$-0.02B,-100.00%,$0.02B,$-0.02B,-100.00%,$0.02B,$-0.02B,-110.00%,$0.02B,$-0.02B,-110.00%,$-0.02B,$0.02B,-102.33%,$-0.02B,$0.02B,-102.33%,$-0.02B,$0.03B,-61.11%,$-0.02B,$0.02B,-88.89%,$6,$3,$3,$1,$5,$10,$-4,$-1,$-5,$0,$-5,$-5,$-5,$-4,$-4,$39,39,$-0.14,$-0.14,$19,$7,$0,$31,$1,$0,$0,$1,$2,$32,$11,$5,$0,$5,$16,$0,$-415,$0,$17,$32,$-5,$0,$1,$1,$-0,$1,$-2,$0,$-2,$-6,$-0,$0,$0,$1,$0,$1,$0,$0,$-0,$5,$5,$0,$0,$0,$0,$5,$-0,$0,$0
35,2009-12-31,1.99,$0.55,3.59,$0.53,3.75,$-1.29,0.0,$-0.71,0.0,$0.03B,$0.01B,2.51,$0.00B,$0.01B,0.0,$0.02B,$0.01B,35.29%,$0.02B,$-0.02B,-135.29%,$0.02B,$-0.02B,-135.29%,$0.02B,$-0.02B,-135.29%,$0.02B,$-0.02B,-141.18%,$0.02B,$-0.02B,-141.18%,$-0.02B,$0.02B,-100.00%,$-0.02B,$0.02B,-100.00%,$-0.02B,$0.03B,-63.58%,$-0.02B,$0.02B,-95.83%,$5,$4,$2,$2,$5,$10,$-5,$0,$-5,$0,$-5,$-5,$-5,$-5,$-5,$35,35,$-0.11,$-0.11,$20,$8,$0,$32,$1,$0,$0,$1,$2,$34,$13,$0,$0,$0,$13,$0,$-410,$0,$21,$34,$-24,$1,$3,$4,$1,$3,$0,$-0,$6,$-15,$-0,$0,$0,$9,$0,$9,$0,$9,$-0,$0,$-0,$0,$0,$0,$12,$12,$7,$2,$0
36,2009-09-30,2.19,$0.67,3.28,$0.49,4.51,$-1.96,0.0,$-0.78,0.0,$0.04B,$0.02B,2.25,$0.00B,$0.02B,0.0,$0.02B,$0.01B,31.25%,$0.02B,$-0.03B,-156.25%,$0.02B,$-0.03B,-156.25%,$0.02B,$-0.03B,-156.25%,$0.02B,$-0.03B,-162.50%,$0.02B,$-0.03B,-162.50%,$-0.03B,$0.03B,-95.41%,$-0.03B,$0.03B,-95.41%,$-0.03B,$0.04B,-63.41%,$-0.03B,$0.03B,-91.74%,$5,$4,$1,$1,$5,$11,$-6,$0,$-6,$0,$-6,$-6,$-6,$-6,$-6,$35,35,$-0.16,$-0.16,$23,$8,$0,$38,$1,$2,$0,$1,$5,$43,$17,$0,$0,$0,$17,$0,$-405,$0,$26,$43,$-19,$1,$2,$2,$1,$3,$0,$-0,$5,$-12,$-0,$0,$0,$9,$0,$9,$-0,$9,$-0,$0,$-0,$12,$12,$0,$0,$12,$9,$2,$0
37,2009-06-30,1.03,$0.66,1.55,$0.47,2.21,$-2.51,0.0,$-0.89,0.0,$0.03B,$0.01B,2.33,$0.00B,$0.01B,0.0,$0.02B,$0.01B,40.00%,$0.02B,$-0.03B,-180.00%,$0.02B,$-0.03B,-180.00%,$0.02B,$-0.03B,-173.33%,$0.02B,$-0.03B,-186.67%,$0.02B,$-0.03B,-186.67%,$-0.03B,$0.02B,-91.06%,$-0.03B,$0.02B,-91.06%,$-0.03B,$0.04B,-64.74%,$-0.03B,$0.02B,-87.80%,$4,$3,$2,$2,$5,$10,$-5,$-1,$-6,$0,$-6,$-6,$-6,$-5,$-5,$33,33,$-0.19,$-0.19,$13,$10,$0,$30,$1,$2,$0,$1,$5,$35,$13,$0,$0,$0,$13,$0,$-400,$0,$22,$35,$-14,$0,$1,$2,$1,$1,$0,$0,$2,$-10,$-0,$0,$0,$7,$0,$7,$0,$7,$0,$0,$0,$0,$0,$0,$0,$0,$-3,$1,$0
38,2009-03-31,0.68,$0.84,0.81,$0.46,1.47,$-2.80,0.0,$-0.98,0.0,$0.03B,$0.01B,2.94,$0.00B,$0.02B,0.0,$0.02B,$0.01B,33.33%,$0.02B,$-0.03B,-206.67%,$0.02B,$-0.03B,-206.67%,$0.02B,$-0.03B,-200.00%,$0.02B,$-0.03B,-206.67%,$0.02B,$-0.03B,-206.67%,$-0.03B,$0.03B,-83.22%,$-0.03B,$0.03B,-83.22%,$-0.03B,$0.04B,-61.39%,$-0.03B,$0.03B,-83.22%,$3,$2,$1,$2,$6,$11,$-7,$0,$-7,$0,$-7,$-7,$-7,$-7,$-7,$33,33,$-0.23,$-0.23,$15,$11,$0,$34,$2,$2,$0,$1,$5,$39,$12,$0,$0,$0,$12,$0,$-393,$0,$27,$39,$-7,$0,$0,$1,$1,$0,$-2,$0,$-0,$-7,$-0,$0,$0,$4,$0,$4,$0,$4,$0,$0,$0,$0,$0,$0,$0,$0,$-3,$1,$0
39,2008-12-31,0.7,$1.05,0.66,$0.51,1.37,$-2.92,0.0,$-0.91,0.0,$0.04B,$0.01B,3.26,$0.00B,$0.03B,0.0,$0.02B,$0.01B,41.18%,$0.02B,$-0.03B,-182.35%,$0.02B,$-0.03B,-182.35%,$0.02B,$-0.03B,-176.47%,$0.02B,$-0.03B,-176.47%,$0.02B,$-0.03B,-176.47%,$-0.03B,$0.03B,-67.42%,$-0.03B,$0.03B,-67.42%,$-0.03B,$0.05B,-51.50%,$-0.03B,$0.03B,-69.66%,$4,$3,$1,$2,$6,$11,$-7,$1,$-7,$0,$-7,$-7,$-7,$-7,$-7,$32,32,$-0.20,$-0.20,$23,$11,$0,$42,$2,$2,$0,$1,$5,$47,$13,$0,$0,$0,$13,$0,$-386,$0,$34,$47,$-29,$1,$2,$3,$1,$-4,$-2,$-0,$-8,$-34,$-2,$0,$0,$25,$0,$25,$0,$23,$-0,$0,$-0,$1,$1,$0,$0,$1,$-9,$2,$0
40,2008-09-30,4.13,$1.22,3.39,$0.47,8.73,$-3.01,0.0,$-1.07,0.0,$0.05B,$0.01B,3.82,$0.00B,$0.03B,0.0,$0.02B,$0.01B,46.67%,$0.02B,$-0.04B,-233.33%,$0.02B,$-0.04B,-233.33%,$0.02B,$-0.03B,-226.67%,$0.02B,$-0.03B,-220.00%,$0.02B,$-0.03B,-226.67%,$-0.03B,$0.04B,-66.67%,$-0.03B,$0.04B,-66.67%,$-0.03B,$0.05B,-51.52%,$-0.04B,$0.04B,-68.63%,$4,$2,$2,$2,$7,$11,$-8,$-0,$-8,$0,$-8,$-8,$-8,$-7,$-8,$33,33,$-0.24,$-0.24,$29,$10,$0,$48,$2,$2,$0,$1,$4,$52,$13,$0,$0,$0,$13,$0,$-380,$0,$40,$52,$-23,$0,$2,$2,$1,$-4,$0,$-0,$-7,$-28,$-1,$0,$0,$23,$0,$23,$0,$22,$-0,$0,$0,$1,$1,$0,$-0,$1,$-4,$2,$0
41,2008-06-30,4.09,$1.47,2.78,$0.45,9.02,$-2.91,0.0,$-1.09,0.0,$0.06B,$0.02B,3.69,$0.00B,$0.04B,0.0,$0.01B,$0.01B,50.00%,$0.01B,$-0.04B,-250.00%,$0.01B,$-0.04B,-250.00%,$0.01B,$-0.04B,-250.00%,$0.01B,$-0.03B,-228.57%,$0.01B,$-0.04B,-250.00%,$-0.04B,$0.05B,-60.09%,$-0.04B,$0.05B,-60.09%,$-0.04B,$0.06B,-47.14%,$-0.04B,$0.05B,-60.09%,$4,$3,$1,$3,$7,$13,$-9,$0,$-9,$0,$-9,$-9,$-9,$-9,$-9,$32,32,$-0.28,$-0.28,$39,$12,$0,$60,$2,$2,$0,$1,$5,$64,$16,$0,$0,$0,$16,$0,$-371,$0,$48,$64,$-15,$0,$1,$1,$0,$-4,$0,$-0,$-5,$-19,$-1,$0,$0,$21,$0,$21,$0,$20,$-0,$0,$0,$1,$1,$0,$-0,$1,$3,$1,$0
42,2008-03-31,5.77,$1.73,3.34,$0.43,13.41,$-2.92,0.0,$-1.37,0.0,$0.07B,$0.01B,4.74,$0.00B,$0.05B,0.0,$0.01B,$0.01B,61.54%,$0.01B,$-0.04B,-330.77%,$0.01B,$-0.04B,-330.77%,$0.01B,$-0.04B,-330.77%,$0.01B,$-0.04B,-300.00%,$0.01B,$-0.04B,-338.46%,$-0.04B,$0.06B,-66.92%,$-0.04B,$0.06B,-66.92%,$-0.04B,$0.07B,-54.15%,$-0.04B,$0.06B,-65.40%,$5,$2,$3,$3,$7,$12,$-7,$1,$-6,$0,$-6,$-6,$-6,$-7,$-7,$32,32,$-0.18,$-0.18,$47,$10,$0,$65,$2,$2,$0,$1,$5,$70,$14,$0,$0,$0,$14,$0,$-362,$0,$56,$70,$-6,$0,$1,$1,$0,$-2,$0,$-0,$-5,$-11,$-0,$0,$0,$12,$0,$12,$0,$12,$-0,$0,$-0,$1,$1,$0,$0,$1,$2,$1,$0
43,2007-12-31,6.51,$1.86,3.49,$0.35,18.76,$-3.02,0.0,$-1.42,0.0,$0.07B,$0.02B,4.03,$0.00B,$0.05B,0.0,$0.01B,$0.01B,60.00%,$0.01B,$-0.04B,-430.00%,$0.01B,$-0.04B,-430.00%,$0.01B,$-0.04B,-430.00%,$0.01B,$-0.04B,-390.00%,$0.01B,$-0.05B,-450.00%,$-0.05B,$0.06B,-59.60%,$-0.05B,$0.06B,-59.60%,$-0.05B,$0.08B,-49.86%,$-0.04B,$0.06B,-56.95%,$2,$2,$1,$4,$7,$13,$-11,$1,$-10,$0,$-10,$-10,$-11,$-11,$-11,$32,32,$-0.36,$-0.36,$57,$7,$0,$74,$1,$2,$0,$1,$4,$78,$18,$0,$0,$0,$18,$0,$-357,$0,$60,$78,$-45,$1,$12,$13,$-2,$-5,$3,$-0,$-5,$-37,$-1,$0,$0,$10,$0,$10,$0,$9,$-0,$0,$-0,$2,$2,$0,$0,$1,$-27,$3,$0
44,2007-09-30,8.73,$2.16,4.04,$0.74,11.79,$-2.36,0.0,$-0.96,0.0,$0.08B,$0.02B,5.13,$0.00B,$0.06B,0.0,$0.02B,$0.02B,81.82%,$0.02B,$-0.03B,-136.36%,$0.02B,$-0.03B,-136.36%,$0.02B,$-0.03B,-136.36%,$0.02B,$-0.03B,-118.18%,$0.02B,$-0.03B,-140.91%,$-0.03B,$0.07B,-36.15%,$-0.03B,$0.07B,-36.15%,$-0.03B,$0.09B,-31.08%,$-0.03B,$0.07B,-34.99%,$3,$2,$2,$4,$6,$11,$-8,$1,$-7,$0,$-7,$-7,$-9,$-8,$-8,$32,32,$-0.29,$-0.29,$69,$4,$0,$81,$1,$2,$0,$1,$4,$85,$16,$0,$0,$0,$16,$0,$-345,$-0,$69,$85,$-34,$1,$11,$11,$-2,$-2,$0,$-0,$-2,$-25,$-0,$0,$0,$16,$0,$16,$0,$16,$-0,$0,$-0,$1,$1,$0,$0,$1,$-8,$1,$0
45,2007-06-30,6.76,$2.44,2.77,$0.93,7.29,$-2.12,0.0,$-0.73,0.0,$0.09B,$0.01B,6.22,$0.00B,$0.07B,0.0,$0.03B,$0.02B,88.89%,$0.03B,$-0.03B,-92.59%,$0.03B,$-0.03B,-92.59%,$0.03B,$-0.03B,-92.59%,$0.03B,$-0.02B,-77.78%,$0.03B,$-0.02B,-88.89%,$-0.02B,$0.08B,-27.67%,$-0.02B,$0.08B,-27.67%,$-0.02B,$0.09B,-23.82%,$-0.03B,$0.08B,-28.82%,$3,$1,$2,$4,$6,$20,$-17,$1,$-16,$0,$-16,$-16,$-18,$-17,$-17,$32,32,$-0.56,$-0.56,$74,$4,$0,$88,$1,$2,$0,$0,$4,$92,$14,$0,$0,$0,$14,$0,$-336,$-0,$78,$92,$-25,$0,$10,$11,$-3,$-2,$0,$0,$-5,$-19,$-0,$0,$0,$6,$0,$6,$0,$6,$-0,$0,$-0,$0,$0,$0,$0,$0,$-13,$1,$0
46,2007-03-31,6.75,$2.99,2.26,$1.06,6.37,$-1.82,0.0,$-0.35,0.0,$0.09B,$0.01B,8.36,$0.00B,$0.09B,0.0,$0.03B,$0.03B,93.33%,$0.03B,$-0.01B,-46.67%,$0.03B,$-0.01B,-46.67%,$0.03B,$-0.01B,-46.67%,$0.03B,$-0.01B,-33.33%,$0.03B,$-0.01B,-36.67%,$-0.01B,$0.10B,-12.83%,$-0.01B,$0.10B,-12.83%,$-0.01B,$0.11B,-10.95%,$-0.01B,$0.10B,-16.33%,$2,$1,$1,$3,$5,$9,$-7,$1,$-6,$0,$-6,$-6,$-7,$-7,$-7,$32,32,$-0.21,$-0.21,$80,$3,$0,$93,$2,$11,$0,$0,$13,$106,$11,$0,$0,$0,$11,$0,$-318,$0,$95,$106,$-7,$0,$1,$1,$-4,$-1,$0,$0,$-8,$-14,$-0,$0,$0,$7,$0,$7,$0,$7,$-0,$0,$-0,$0,$0,$0,$0,$0,$-7,$1,$0
47,2006-12-31,5.86,$3.18,1.84,$1.29,4.54,$-1.45,0.0,$-0.18,0.0,$0.10B,$0.02B,6.94,$0.00B,$0.09B,0.0,$0.04B,$0.03B,97.14%,$0.04B,$-0.01B,-28.57%,$0.04B,$-0.01B,-28.57%,$0.04B,$-0.01B,-28.57%,$0.04B,$-0.01B,-14.29%,$0.04B,$-0.01B,-14.29%,$-0.01B,$0.10B,-6.13%,$-0.01B,$0.10B,-6.13%,$-0.01B,$0.12B,-5.05%,$-0.01B,$0.10B,-12.27%,$14,$1,$13,$7,$4,$12,$2,$1,$3,$0,$3,$3,$3,$2,$2,$29,30,$0.10,$0.10,$93,$2,$0,$103,$2,$11,$0,$0,$13,$116,$15,$0,$0,$0,$15,$0,$-311,$-0,$101,$116,$-5,$1,$-7,$-7,$-1,$-2,$5,$-7,$-3,$-15,$-1,$0,$0,$-7,$0,$-7,$0,$-8,$-5,$0,$-5,$68,$68,$0,$0,$63,$41,$3,$0
