,Date,Stock Price,Book Value per Share,Price to Book Ratio,TTM Sales per Share,Price to Sales Ratio,TTM FCF per Share,Price to FCF Ratio,TTM Net EPS,PE Ratio,Current Assets,Current Liabilities,Current Ratio,Long Term Debt,Shareholder's Equity_x,Debt to Equity Ratio,TTM Revenue_x,TTM Gross Profit,Gross Margin,TTM Revenue_y,TTM Operating Income,Operating Margin,TTM Revenue_x,TTM EBIT,EBIT Margin,TTM Revenue_y,TTM EBITDA,EBITDA Margin,TTM Revenue_x,TTM Pre-Tax Income,Pre-Tax Margin,TTM Revenue_y,TTM Net Income_x,Net Margin,TTM Net Income_y,Shareholder's Equity_y,Return on Equity,TTM Net Income_x,Tangible Equity,Return on Tangible Equity,TTM Net Income_y,Total Assets,Return on Assets,TTM Net Income,LT Investments & Debt,Return on Investment,revenue,cost-goods-sold,gross-profit,research-development-expenses,selling-general-administrative-expenses,operating-expenses,operating-income,total-non-operating-income-expense,pre-tax-income,total-provision-income-taxes,income-after-taxes,income-from-continuous-operations,net-income,ebitda,ebit,basic-shares-outstanding,shares-outstanding,eps-basic-net-earnings-per-share,eps-earnings-per-share-diluted,cash-on-hand,inventory,other-current-assets,total-current-assets,net-property-plant-equipment,long-term-investments,goodwill-intangible-assets-total,other-long-term-assets,total-long-term-assets,total-assets,total-current-liabilities,long-term-debt,other-non-current-liabilities,total-long-term-liabilities,total-liabilities,common-stock-net,retained-earnings-accumulated-deficit,comprehensive-income,total-share-holder-equity,total-liabilities-share-holders-equity,net-income-loss,total-depreciation-amortization-cash-flow,other-non-cash-items,total-non-cash-items,change-in-accounts-receivable,change-in-inventories,change-in-accounts-payable,change-in-assets-liabilities,total-change-in-assets-liabilities,cash-flow-from-operating-activities,net-change-in-property-plant-equipment,net-change-in-intangible-assets,net-acquisitions-divestitures,net-change-in-short-term-investments,net-change-in-long-term-investments,net-change-in-investments-total,investing-activities-other,cash-flow-from-investing-activities,net-long-term-debt,net-current-debt,debt-issuance-retirement-net-total,net-common-equity-issued-repurchased,net-total-equity-issued-repurchased,total-common-preferred-stock-dividends-paid,financial-activities-other,cash-flow-from-financial-activities,net-cash-flow,stock-based-compensation,common-stock-dividends-paid
0,2018-09-30,3.75,$0.75,5.03,$2.49,1.51,$1.09,3.43,$0.36,10.42,$0.37B,$0.16B,2.28,$0.79B,$0.19B,4.18,$0.62B,$0.26B,41.68%,$0.62B,$0.15B,23.59%,$0.62B,$0.15B,23.59%,$0.62B,$0.46B,74.31%,$0.62B,$0.10B,15.67%,$0.62B,$0.14B,23.10%,$0.14B,$0.19B,190.03%,$0.14B,$-0.80B,-15.19%,$0.14B,$1.47B,9.12%,$0.15B,$0.98B,14.41%,$124,$74,$49,$0,$28,$103,$21,$-7,$14,$3,$11,$11,$69,$85,$21,$264,265,$0.18,$0.18,$56,$0,$186,$372,$99,$0,$987,$13,$1100,$1471,$163,$789,$62,$1120,$1283,$20,$-1634,$-200,$189,$1471,$102,$222,$-51,$172,$25,$0,$0,$-174,$-188,$85,$-12,$0,$0,$0,$0,$0,$0,$-12,$-274,$0,$-274,$106,$106,$0,$-12,$-181,$1,$6,$0
1,2018-06-30,4.15,$0.41,10.07,$2.79,1.49,$1.30,3.2,$0.11,37.73,$0.44B,$0.22B,1.95,$0.82B,$0.10B,7.91,$0.61B,$0.25B,40.88%,$0.61B,$0.14B,22.96%,$0.61B,$0.14B,22.96%,$0.61B,$0.46B,74.59%,$0.61B,$0.08B,13.68%,$0.61B,$0.07B,10.75%,$0.07B,$0.10B,498.11%,$0.07B,$-0.87B,-6.51%,$0.07B,$1.52B,4.14%,$0.14B,$0.93B,13.82%,$160,$89,$70,$0,$25,$114,$46,$-17,$28,$7,$21,$21,$26,$124,$46,$235,259,$0.07,$0.06,$40,$0,$249,$436,$97,$0,$976,$14,$1086,$1522,$223,$822,$104,$1195,$1418,$20,$-1702,$-213,$104,$1522,$33,$159,$2,$160,$8,$0,$0,$-111,$-118,$76,$-8,$0,$0,$0,$0,$0,$0,$-8,$-195,$0,$-195,$106,$106,$0,$-2,$-92,$-14,$2,$0
2,2018-03-31,4.2,$0.09,45.5,$2.79,1.5,$1.22,3.44,$0.12,35.0,$0.47B,$0.22B,2.16,$1.05B,$0.01B,77.03,$0.60B,$0.25B,41.26%,$0.60B,$0.14B,22.96%,$0.60B,$0.14B,22.96%,$0.60B,$0.45B,74.38%,$0.60B,$0.09B,14.81%,$0.60B,$0.07B,11.31%,$0.07B,$0.01B,-247.27%,$0.07B,$-1.05B,-6.39%,$0.07B,$1.65B,4.24%,$0.14B,$1.07B,13.19%,$139,$92,$47,$0,$26,$118,$21,$-11,$10,$4,$6,$6,$7,$102,$21,$158,242,$0.02,$0.01,$74,$0,$254,$469,$106,$0,$1060,$16,$1181,$1650,$217,$1054,$98,$1419,$1636,$12,$-1729,$-175,$14,$1650,$7,$81,$-3,$78,$23,$0,$0,$-43,$-18,$67,$-4,$0,$0,$0,$0,$0,$0,$-4,$-63,$0,$-63,$2,$2,$0,$-0,$-60,$19,$1,$0
3,2017-12-31,4.65,$-0.04,-117.13,$2.94,1.58,$1.25,3.71,$0.02,232.5,$0.47B,$0.19B,2.47,$1.09B,$-0.01B,-188.17,$0.57B,$0.24B,40.94%,$0.57B,$0.13B,22.65%,$0.57B,$0.13B,22.65%,$0.57B,$0.43B,74.22%,$0.57B,$0.08B,13.07%,$0.57B,$0.05B,8.71%,$0.05B,$-0.01B,-83.33%,$0.05B,$-1.05B,-4.69%,$0.05B,$1.63B,3.24%,$0.13B,$1.08B,12.94%,$196,$104,$92,$0,$35,$138,$58,$-12,$45,$9,$37,$37,$41,$149,$58,$156,236,$0.20,$0.21,$55,$0,$251,$465,$104,$0,$1043,$17,$1163,$1628,$188,$1086,$95,$1446,$1634,$12,$-1736,$-187,$-6,$1628,$49,$295,$18,$314,$2,$0,$0,$-269,$-268,$95,$-25,$0,$0,$0,$0,$0,$0,$-25,$-62,$0,$-62,$1,$1,$0,$2,$-58,$14,$4,$0
4,2017-09-30,4.05,$-0.41,-9.89,$2.87,1.41,$1.20,3.38,$-0.03,0.0,$0.42B,$0.22B,1.96,$1.07B,$-0.06B,-17.99,$0.49B,$0.21B,42.48%,$0.49B,$0.11B,23.17%,$0.49B,$0.11B,23.17%,$0.49B,$0.40B,81.30%,$0.49B,$0.06B,11.79%,$0.49B,$0.04B,7.11%,$0.04B,$-0.06B,-41.06%,$0.04B,$-1.09B,-3.33%,$0.04B,$1.57B,2.36%,$0.11B,$1.01B,11.90%,$119,$78,$42,$0,$26,$103,$16,$-15,$1,$3,$-2,$-2,$-8,$83,$16,$156,156,$-0.07,$-0.07,$67,$0,$234,$423,$100,$0,$1029,$20,$1149,$1573,$216,$1067,$87,$1416,$1632,$12,$-1776,$-200,$-59,$1573,$9,$204,$13,$217,$35,$0,$0,$-174,$-135,$91,$-16,$0,$0,$0,$0,$0,$0,$-16,$-61,$0,$-61,$1,$1,$0,$2,$-58,$26,$2,$0
5,2017-06-30,4.0,$-0.40,-9.89,$2.80,1.43,$1.00,4.01,$-0.10,0.0,$0.40B,$0.18B,2.21,$1.09B,$-0.06B,-18.59,$0.48B,$0.20B,41.79%,$0.48B,$0.11B,22.66%,$0.48B,$0.11B,22.66%,$0.48B,$0.35B,73.18%,$0.48B,$0.05B,9.56%,$0.48B,$0.02B,4.78%,$0.02B,$-0.06B,-23.12%,$0.02B,$-1.08B,-2.19%,$0.02B,$1.56B,1.58%,$0.11B,$1.03B,11.57%,$147,$80,$67,$0,$24,$104,$43,$-11,$33,$7,$25,$25,$28,$113,$43,$156,236,$0.10,$0.07,$95,$0,$121,$403,$116,$0,$1018,$22,$1155,$1558,$182,$1088,$87,$1435,$1617,$12,$-1769,$-209,$-59,$1558,$17,$138,$9,$147,$7,$0,$0,$-106,$-107,$57,$-12,$0,$0,$0,$0,$0,$0,$-12,$-1,$0,$-1,$1,$1,$0,$3,$2,$47,$2,$0
6,2017-03-31,3.1,$-0.80,-3.86,$3.36,0.92,$0.85,3.64,$-1.15,0.0,$0.36B,$0.19B,1.84,$1.02B,$-0.12B,-8.79,$0.51B,$0.20B,40.08%,$0.51B,$0.11B,21.61%,$0.51B,$0.11B,21.61%,$0.51B,$0.37B,73.28%,$0.51B,$-0.12B,-24.17%,$0.51B,$-0.15B,-29.67%,$-0.15B,$-0.12B,136.96%,$-0.15B,$-1.05B,14.40%,$-0.15B,$1.42B,-10.64%,$0.11B,$0.90B,11.92%,$112,$78,$34,$0,$21,$99,$13,$-17,$-4,$2,$-6,$-6,$-11,$81,$13,$155,155,$-0.09,$-0.09,$91,$0,$118,$358,$109,$0,$933,$21,$1062,$1420,$194,$1017,$68,$1342,$1536,$12,$-1797,$-241,$-116,$1420,$-11,$68,$3,$71,$27,$0,$0,$-35,$-10,$50,$-6,$0,$0,$0,$0,$0,$0,$-6,$-0,$0,$-0,$0,$0,$0,$0,$-0,$45,$1,$0
7,2016-12-31,2.55,$-0.74,-3.43,$3.51,0.73,$0.79,3.22,$-1.37,0.0,$0.34B,$0.17B,1.98,$1.00B,$-0.11B,-9.4,$0.53B,$0.20B,38.21%,$0.53B,$0.11B,19.96%,$0.53B,$0.11B,19.96%,$0.53B,$0.40B,75.67%,$0.53B,$-0.16B,-30.23%,$0.53B,$-0.18B,-34.22%,$-0.18B,$-0.11B,263.74%,$-0.18B,$-0.99B,17.64%,$-0.18B,$1.39B,-12.52%,$0.11B,$0.90B,11.09%,$114,$48,$66,$0,$24,$72,$42,$-14,$28,$-1,$29,$29,$26,$123,$42,$151,151,$0.15,$0.15,$41,$0,$158,$340,$89,$0,$880,$82,$1050,$1391,$172,$1001,$69,$1326,$1497,$11,$-1786,$-244,$-107,$1391,$-181,$291,$210,$501,$-17,$0,$0,$-246,$-261,$59,$-22,$0,$0,$0,$0,$0,$0,$-22,$-8,$0,$-8,$7,$7,$0,$-22,$-22,$-19,$3,$0
8,2016-09-30,2.31,$-0.82,-2.83,$3.34,0.69,$0.93,2.49,$-1.54,0.0,$0.33B,$0.20B,1.69,$1.06B,$-0.12B,-9.11,$0.50B,$0.19B,38.15%,$0.50B,$0.10B,20.68%,$0.50B,$0.10B,20.68%,$0.50B,$0.36B,71.49%,$0.50B,$-0.17B,-34.94%,$0.50B,$-0.21B,-41.16%,$-0.21B,$-0.12B,942.53%,$-0.21B,$-1.10B,20.71%,$-0.21B,$1.44B,-14.14%,$0.10B,$0.94B,10.62%,$108,$73,$34,$0,$23,$96,$11,$-22,$-11,$1,$-12,$-12,$-20,$35,$11,$153,153,$-0.14,$-0.14,$64,$0,$130,$333,$109,$0,$982,$20,$1112,$1444,$197,$1060,$52,$1364,$1561,$11,$-1807,$-233,$-116,$1444,$-202,$211,$188,$398,$20,$0,$0,$-163,$-140,$57,$-15,$0,$0,$0,$0,$0,$0,$-15,$-7,$0,$-7,$6,$6,$0,$-22,$-23,$-1,$2,$0
9,2016-06-30,2.11,$-0.72,-2.94,$3.44,0.61,$1.01,2.09,$-1.58,0.0,$0.33B,$0.16B,2.04,$1.05B,$-0.10B,-10.36,$0.51B,$0.19B,36.88%,$0.51B,$0.12B,23.87%,$0.51B,$0.12B,23.87%,$0.51B,$0.44B,86.00%,$0.51B,$-0.19B,-36.49%,$0.51B,$-0.21B,-41.62%,$-0.21B,$-0.10B,-644.27%,$-0.21B,$-1.06B,22.54%,$-0.21B,$1.42B,-14.47%,$0.12B,$0.95B,13.20%,$175,$105,$70,$0,$26,$131,$44,$-180,$-136,$5,$-141,$-141,$-146,$134,$44,$149,149,$-0.98,$-0.98,$46,$0,$119,$333,$106,$0,$962,$21,$1089,$1422,$163,$1053,$57,$1360,$1524,$11,$-1787,$-238,$-102,$1422,$-182,$187,$178,$366,$1,$0,$0,$-139,$-166,$18,$-11,$0,$0,$0,$0,$0,$0,$-11,$-7,$0,$-7,$5,$5,$0,$-22,$-24,$-15,$2,$0
10,2016-03-31,2.55,$0.38,6.65,$3.40,0.75,$1.15,2.21,$-0.69,0.0,$0.36B,$0.19B,1.95,$0.95B,$0.05B,18.16,$0.50B,$0.18B,36.67%,$0.50B,$0.11B,22.65%,$0.50B,$0.11B,22.65%,$0.50B,$0.44B,87.17%,$0.50B,$-0.06B,-11.42%,$0.50B,$-0.08B,-15.63%,$-0.08B,$0.05B,-87.64%,$-0.08B,$-0.94B,8.83%,$-0.08B,$1.50B,-5.29%,$0.11B,$1.00B,13.07%,$129,$98,$31,$0,$23,$121,$8,$-48,$-40,$1,$-41,$-41,$-40,$106,$8,$147,147,$-0.31,$-0.31,$98,$0,$123,$364,$112,$0,$987,$32,$1131,$1495,$186,$946,$65,$1256,$1443,$11,$-1646,$-224,$52,$1495,$-41,$98,$0,$98,$31,$0,$0,$-51,$-18,$40,$-6,$0,$0,$0,$0,$0,$0,$-6,$-0,$0,$-0,$0,$0,$0,$-0,$-1,$37,$1,$0
11,2015-12-31,2.69,$0.58,4.65,$3.38,0.8,$1.08,2.48,$-0.91,0.0,$0.36B,$0.15B,2.45,$0.91B,$0.08B,11.55,$0.50B,$0.18B,36.09%,$0.50B,$0.09B,17.74%,$0.50B,$0.09B,17.74%,$0.50B,$0.41B,81.65%,$0.50B,$-0.09B,-17.54%,$0.50B,$-0.12B,-23.19%,$-0.12B,$0.08B,-115.00%,$-0.12B,$-0.86B,13.35%,$-0.12B,$1.44B,-7.88%,$0.09B,$0.99B,11.19%,$86,$31,$55,$0,$15,$46,$40,$-27,$13,$-5,$17,$17,$1,$81,$40,$147,147,$-0.10,$-0.10,$62,$0,$129,$358,$109,$0,$942,$31,$1082,$1440,$146,$909,$66,$1215,$1362,$11,$-1605,$-242,$79,$1440,$-116,$317,$117,$434,$-7,$0,$0,$-239,$-239,$80,$-24,$0,$0,$0,$0,$0,$0,$-24,$-35,$0,$-35,$0,$0,$0,$6,$-29,$30,$2,$0
12,2015-09-30,2.16,$0.75,2.86,$4.27,0.51,$0.06,34.12,$-1.34,0.0,$0.33B,$0.43B,0.77,$0.63B,$0.10B,6.12,$0.63B,$0.20B,32.27%,$0.63B,$0.09B,13.74%,$0.63B,$0.09B,13.74%,$0.63B,$0.49B,77.48%,$0.63B,$-0.12B,-19.17%,$0.63B,$-0.18B,-28.59%,$-0.18B,$0.10B,-119.73%,$-0.18B,$-0.88B,21.21%,$-0.18B,$1.48B,-11.91%,$0.09B,$0.73B,11.25%,$117,$86,$31,$0,$2,$88,$29,$-50,$-22,$-0,$-22,$-22,$-26,$115,$29,$147,147,$-0.18,$-0.18,$62,$0,$146,$334,$109,$0,$985,$49,$1143,$1477,$431,$626,$80,$943,$1375,$11,$-1594,$-230,$102,$1477,$-104,$276,$59,$334,$39,$0,$0,$-212,$-151,$79,$-26,$0,$0,$0,$0,$0,$0,$-26,$-27,$0,$-27,$0,$0,$0,$-1,$-28,$27,$2,$0
13,2015-06-30,2.18,$0.91,2.41,$4.37,0.5,$-0.53,0.0,$-1.54,0.0,$0.35B,$0.45B,0.77,$0.62B,$0.12B,5.04,$0.64B,$0.20B,30.63%,$0.64B,$0.05B,7.66%,$0.64B,$0.05B,7.66%,$0.64B,$0.46B,71.56%,$0.64B,$-0.15B,-23.28%,$0.64B,$-0.21B,-32.66%,$-0.21B,$0.12B,-92.48%,$-0.21B,$-0.85B,25.76%,$-0.21B,$1.48B,-13.29%,$0.05B,$0.74B,5.53%,$167,$101,$66,$0,$29,$130,$36,$-45,$-8,$3,$-12,$-12,$-13,$133,$36,$147,147,$-0.09,$-0.09,$38,$0,$148,$349,$106,$0,$975,$53,$1134,$1482,$452,$620,$55,$908,$1359,$11,$-1572,$-235,$123,$1482,$-83,$190,$54,$244,$3,$0,$0,$-136,$-120,$42,$-14,$0,$0,$0,$0,$0,$0,$-14,$-27,$0,$-27,$0,$0,$0,$-1,$-27,$4,$1,$0
14,2015-03-31,2.66,$0.71,3.77,$4.55,0.59,$-0.90,0.0,$-1.81,0.0,$0.34B,$0.45B,0.74,$0.59B,$0.10B,6.2,$0.67B,$0.20B,29.58%,$0.67B,$0.04B,5.41%,$0.67B,$0.04B,5.41%,$0.67B,$0.46B,69.07%,$0.67B,$-0.18B,-27.03%,$0.67B,$-0.25B,-37.84%,$-0.25B,$0.10B,-74.89%,$-0.25B,$-0.85B,32.73%,$-0.25B,$1.44B,-14.89%,$0.04B,$0.69B,3.44%,$126,$99,$27,$0,$44,$143,$-17,$-53,$-70,$0,$-70,$-70,$-77,$76,$-17,$147,147,$-0.53,$-0.53,$53,$0,$154,$336,$100,$0,$942,$57,$1099,$1435,$454,$593,$65,$885,$1339,$11,$-1564,$-275,$96,$1435,$-74,$93,$9,$102,$31,$0,$0,$-64,$2,$31,$-7,$0,$0,$0,$0,$0,$0,$-7,$-0,$0,$-0,$0,$0,$0,$-1,$-1,$19,$0,$0
15,2014-12-31,3.21,$2.05,1.57,$4.65,0.69,$-1.00,0.0,$-1.61,0.0,$0.38B,$0.45B,0.83,$0.62B,$0.28B,2.24,$0.68B,$0.19B,28.05%,$0.68B,$0.04B,5.58%,$0.68B,$0.04B,5.58%,$0.68B,$0.47B,69.16%,$0.68B,$-0.15B,-22.47%,$0.68B,$-0.23B,-33.33%,$-0.23B,$0.28B,-55.37%,$-0.23B,$-0.80B,29.03%,$-0.23B,$1.62B,-12.46%,$0.04B,$0.90B,3.13%,$216,$138,$78,$0,$39,$178,$38,$-58,$-20,$-2,$-18,$-18,$-63,$161,$38,$147,147,$-0.54,$-0.54,$34,$0,$165,$375,$114,$0,$1072,$58,$1244,$1619,$451,$621,$46,$892,$1342,$11,$-1490,$-170,$277,$1619,$-232,$432,$151,$583,$-27,$0,$0,$-389,$-416,$-65,$-29,$0,$0,$0,$0,$0,$0,$-29,$-139,$0,$-139,$192,$192,$0,$-14,$39,$-68,$1,$0
16,2014-09-30,2.25,$3.01,0.75,$4.71,0.48,$-1.08,0.0,$-1.79,0.0,$0.37B,$0.26B,1.42,$0.81B,$0.41B,1.98,$0.66B,$0.14B,20.94%,$0.66B,$-0.10B,-14.57%,$0.66B,$-0.10B,-14.57%,$0.66B,$0.38B,56.90%,$0.66B,$-0.24B,-36.87%,$0.66B,$-0.27B,-40.36%,$-0.27B,$0.41B,-58.98%,$-0.27B,$-0.75B,33.56%,$-0.27B,$1.75B,-13.94%,$-0.10B,$1.21B,-7.16%,$131,$106,$25,$0,$33,$139,$-8,$-43,$-51,$1,$-51,$-51,$-56,$88,$-8,$147,147,$-0.38,$-0.38,$73,$0,$163,$366,$172,$0,$1158,$58,$1388,$1754,$257,$806,$64,$1089,$1346,$11,$-1415,$-121,$408,$1754,$-154,$309,$45,$355,$29,$0,$0,$-262,$-216,$-14,$-20,$0,$0,$0,$0,$0,$0,$-20,$-163,$0,$-163,$192,$192,$-0,$-13,$16,$-32,$1,$-0
17,2014-06-30,2.82,$4.18,0.67,$4.72,0.6,$-1.36,0.0,$-1.57,0.0,$0.46B,$0.31B,1.48,$0.83B,$0.57B,1.46,$0.66B,$0.11B,16.69%,$0.66B,$-0.13B,-20.03%,$0.66B,$-0.13B,-20.03%,$0.66B,$0.35B,52.66%,$0.66B,$-0.22B,-32.78%,$0.66B,$-0.24B,-35.96%,$-0.24B,$0.57B,-47.49%,$-0.24B,$-0.69B,29.01%,$-0.24B,$1.96B,-11.85%,$-0.13B,$1.39B,-9.27%,$193,$126,$67,$0,$42,$170,$23,$-62,$-39,$2,$-41,$-41,$-56,$135,$23,$146,146,$-0.39,$-0.39,$88,$0,$178,$456,$189,$0,$1253,$63,$1505,$1961,$309,$826,$45,$1087,$1396,$11,$-1363,$-19,$565,$1961,$-101,$214,$47,$261,$-19,$0,$0,$-153,$-173,$-13,$-14,$0,$0,$0,$0,$0,$0,$-14,$-163,$0,$-163,$192,$192,$-0,$-13,$16,$-16,$1,$-0
18,2014-03-31,2.97,$2.89,1.03,$4.84,0.61,$-1.60,0.0,$-1.55,0.0,$0.46B,$0.35B,1.3,$0.97B,$0.39B,2.47,$0.64B,$0.08B,11.99%,$0.64B,$-0.16B,-24.92%,$0.64B,$-0.16B,-24.92%,$0.64B,$0.32B,49.38%,$0.64B,$-0.22B,-34.42%,$0.64B,$-0.22B,-34.58%,$-0.22B,$0.39B,-43.19%,$-0.22B,$-0.90B,26.53%,$-0.22B,$1.96B,-10.91%,$-0.16B,$1.36B,-10.94%,$141,$120,$21,$0,$30,$155,$-15,$-28,$-43,$-2,$-41,$-41,$-52,$87,$-15,$146,146,$-0.35,$-0.35,$112,$0,$194,$460,$195,$0,$1286,$15,$1495,$1955,$353,$965,$35,$1211,$1565,$11,$-1311,$-10,$390,$1955,$-49,$102,$5,$107,$24,$0,$0,$-57,$-41,$18,$-9,$0,$0,$0,$0,$0,$0,$-9,$-0,$0,$-0,$0,$0,$-0,$-1,$-1,$7,$0,$-0
19,2013-12-31,3.84,$3.27,1.17,$5.38,0.71,$-1.80,0.0,$-2.44,0.0,$0.53B,$0.32B,1.63,$0.96B,$0.44B,2.18,$0.63B,$0.05B,8.52%,$0.63B,$-0.18B,-28.39%,$0.63B,$-0.18B,-28.39%,$0.63B,$0.30B,47.16%,$0.63B,$-0.30B,-46.53%,$0.63B,$-0.28B,-43.85%,$-0.28B,$0.44B,-50.75%,$-0.28B,$-0.84B,33.71%,$-0.28B,$1.96B,-13.53%,$-0.18B,$1.40B,-11.62%,$194,$169,$25,$0,$32,$290,$-96,$-13,$-110,$-5,$-105,$-105,$-102,$65,$-96,$126,126,$-0.52,$-0.52,$102,$0,$256,$527,$143,$0,$1278,$14,$1435,$1962,$323,$963,$27,$1198,$1521,$11,$-1263,$-12,$441,$1962,$-282,$479,$80,$560,$4,$0,$0,$-356,$-339,$-61,$-30,$0,$0,$0,$0,$0,$0,$-30,$-312,$0,$-312,$157,$357,$0,$14,$59,$-34,$6,$0
20,2013-09-30,5.25,$4.46,1.18,$6.27,0.84,$-1.84,0.0,$-7.31,0.0,$0.46B,$0.31B,1.46,$0.95B,$0.60B,1.58,$0.63B,$0.10B,15.15%,$0.63B,$-0.56B,-89.15%,$0.63B,$-0.56B,-89.15%,$0.63B,$-0.11B,-17.54%,$0.63B,$-0.69B,-109.25%,$0.63B,$-0.67B,-106.86%,$-0.67B,$0.60B,-112.56%,$-0.67B,$-0.85B,82.31%,$-0.67B,$2.12B,-31.79%,$-0.56B,$1.55B,-33.78%,$131,$134,$-3,$0,$37,$175,$-44,$20,$-24,$-2,$-22,$-22,$-27,$60,$-44,$146,146,$-0.18,$-0.18,$123,$0,$195,$457,$197,$0,$1450,$16,$1663,$2120,$313,$946,$56,$1206,$1520,$11,$-1158,$37,$600,$2120,$-173,$318,$9,$326,$46,$0,$0,$-252,$-208,$-55,$-21,$0,$0,$0,$0,$0,$0,$-21,$-311,$0,$-311,$157,$357,$-0,$14,$60,$-17,$4,$-0
21,2013-06-30,3.31,$4.65,0.71,$6.96,0.48,$-2.21,0.0,$-7.51,0.0,$0.50B,$0.30B,1.66,$0.92B,$0.63B,1.47,$0.64B,$0.11B,16.82%,$0.64B,$-0.53B,-83.81%,$0.64B,$-0.53B,-83.81%,$0.64B,$-0.07B,-11.01%,$0.64B,$-0.69B,-109.12%,$0.64B,$-0.68B,-106.13%,$-0.68B,$0.63B,-93.26%,$-0.68B,$-0.77B,83.64%,$-0.68B,$2.10B,-29.78%,$-0.53B,$1.55B,-28.50%,$176,$141,$34,$0,$34,$180,$-5,$-39,$-44,$-3,$-41,$-41,$-41,$105,$-5,$122,122,$-0.34,$-0.34,$145,$0,$187,$500,$193,$0,$1391,$16,$1600,$2100,$301,$922,$52,$1174,$1475,$11,$-1135,$37,$625,$2100,$-150,$213,$50,$263,$12,$0,$0,$-152,$-150,$-37,$-15,$0,$0,$0,$0,$0,$0,$-15,$-311,$0,$-311,$157,$357,$-0,$15,$61,$5,$2,$-0
22,2013-03-31,4.22,$6.81,0.62,$8.70,0.49,$-2.68,0.0,$-7.11,0.0,$0.45B,$0.29B,1.57,$1.17B,$0.53B,2.23,$0.67B,$0.13B,19.82%,$0.67B,$-0.50B,-75.11%,$0.67B,$-0.50B,-75.11%,$0.67B,$-0.05B,-6.86%,$0.67B,$-0.65B,-96.87%,$0.67B,$-0.63B,-93.89%,$-0.63B,$0.53B,-76.04%,$-0.63B,$-0.85B,77.06%,$-0.63B,$2.04B,-26.35%,$-0.50B,$1.70B,-24.95%,$133,$135,$-2,$0,$33,$168,$-35,$-82,$-117,$-8,$-109,$-109,$-108,$69,$-35,$88,88,$-1.23,$-1.23,$123,$0,$184,$449,$194,$0,$1372,$21,$1586,$2035,$286,$1172,$52,$1224,$1510,$6,$-1094,$48,$525,$2035,$-109,$104,$43,$147,$39,$0,$0,$-64,$-41,$-2,$-10,$0,$0,$0,$0,$0,$0,$-10,$-0,$-20,$-21,$0,$0,$-0,$20,$-1,$-18,$1,$-0
23,2012-12-31,6.18,$8.18,0.76,$9.80,0.63,$-3.17,0.0,$-6.10,0.0,$0.52B,$0.29B,1.78,$1.20B,$0.63B,1.9,$0.71B,$0.16B,22.84%,$0.71B,$-0.48B,-67.94%,$0.71B,$-0.48B,-67.94%,$0.71B,$-0.02B,-3.26%,$0.71B,$-0.55B,-78.01%,$0.71B,$-0.54B,-75.89%,$-0.54B,$0.63B,-55.43%,$-0.54B,$-0.79B,63.61%,$-0.54B,$2.18B,-20.77%,$-0.48B,$1.83B,-22.04%,$187,$122,$66,$0,$24,$662,$-475,$-25,$-500,$-7,$-492,$-492,$-494,$-344,$-475,$77,77,$-6.45,$-6.45,$140,$0,$194,$519,$207,$0,$1425,$24,$1656,$2175,$291,$1199,$53,$1252,$1543,$6,$-983,$46,$631,$2175,$-546,$457,$455,$912,$5,$0,$0,$-397,$-393,$-28,$-31,$0,$0,$0,$0,$0,$0,$-31,$29,$0,$29,$15,$15,$-0,$-31,$13,$-45,$4,$-0
24,2012-09-30,6.51,$14.44,0.45,$11.66,0.56,$-2.46,0.0,$-1.63,0.0,$0.59B,$0.28B,2.11,$1.29B,$1.11B,1.16,$0.80B,$0.24B,29.56%,$0.80B,$-0.02B,-2.01%,$0.80B,$-0.02B,-2.01%,$0.80B,$0.52B,65.66%,$0.80B,$-0.12B,-15.47%,$0.80B,$-0.11B,-14.21%,$-0.11B,$1.11B,-10.64%,$-0.11B,$-0.82B,13.09%,$-0.11B,$2.76B,-4.18%,$-0.02B,$2.41B,-0.70%,$140,$131,$9,$0,$28,$158,$-18,$-15,$-33,$-1,$-33,$-33,$-32,$100,$-18,$88,88,$-0.36,$-0.36,$126,$0,$307,$592,$203,$0,$1936,$24,$2163,$2755,$281,$1291,$69,$1360,$1640,$6,$-488,$27,$1114,$2755,$-43,$326,$-57,$270,$26,$0,$0,$-279,$-283,$-57,$-21,$0,$0,$0,$0,$0,$0,$-21,$138,$0,$138,$15,$15,$-0,$-138,$15,$-61,$3,$-0
25,2012-06-30,5.07,$13.68,0.37,$12.65,0.4,$-1.63,0.0,$-2.54,0.0,$0.52B,$0.38B,1.38,$1.10B,$1.04B,1.06,$0.82B,$0.24B,29.39%,$0.82B,$-0.01B,-1.34%,$0.82B,$-0.01B,-1.34%,$0.82B,$0.49B,59.88%,$0.82B,$-0.18B,-21.95%,$0.82B,$-0.16B,-19.88%,$-0.16B,$1.04B,-15.13%,$-0.16B,$-0.81B,18.26%,$-0.16B,$2.60B,-5.97%,$-0.01B,$2.15B,-0.47%,$211,$151,$60,$0,$37,$188,$24,$-24,$0,$-3,$3,$3,$4,$129,$24,$67,67,$0.06,$0.06,$125,$0,$198,$524,$198,$0,$1852,$23,$2073,$2598,$379,$1104,$70,$1175,$1554,$6,$-456,$-14,$1044,$2598,$-11,$208,$-40,$168,$-19,$0,$0,$-170,$-206,$-48,$-11,$0,$0,$0,$0,$0,$0,$-11,$-16,$0,$-16,$15,$15,$-0,$-1,$-2,$-62,$2,$-0
26,2012-03-31,7.1,$16.64,0.43,$13.34,0.53,$-0.51,0.0,$-2.58,0.0,$0.51B,$0.38B,1.36,$1.24B,$1.07B,1.16,$0.86B,$0.25B,29.22%,$0.86B,$0.00B,0.47%,$0.86B,$0.00B,0.47%,$0.86B,$0.51B,59.14%,$0.86B,$-0.17B,-20.02%,$0.86B,$-0.17B,-19.32%,$-0.17B,$1.07B,-14.33%,$-0.17B,$-0.94B,18.17%,$-0.17B,$2.77B,-5.77%,$0.00B,$2.31B,0.16%,$167,$141,$26,$0,$36,$178,$-10,$-7,$-17,$-4,$-14,$-14,$-13,$92,$-10,$64,64,$-0.21,$-0.21,$150,$0,$177,$513,$220,$0,$2012,$28,$2260,$2773,$377,$1240,$85,$1325,$1702,$5,$-439,$85,$1072,$2773,$-14,$102,$-30,$73,$13,$0,$0,$-121,$-92,$-33,$-7,$0,$0,$0,$0,$0,$0,$-7,$-0,$0,$-0,$0,$0,$0,$-1,$-1,$-36,$1,$0
27,2011-12-31,6.52,$15.81,0.41,$13.42,0.49,$0.50,13.11,$-2.70,0.0,$0.54B,$0.26B,2.11,$1.32B,$1.02B,1.3,$0.87B,$0.25B,28.55%,$0.87B,$0.01B,0.69%,$0.87B,$0.01B,0.69%,$0.87B,$0.50B,57.34%,$0.87B,$-0.18B,-20.23%,$0.87B,$-0.17B,-20.12%,$-0.17B,$1.02B,-14.20%,$-0.17B,$-0.88B,19.30%,$-0.17B,$2.68B,-5.87%,$0.01B,$2.34B,0.23%,$277,$137,$140,$0,$83,$289,$-12,$-61,$-73,$4,$-77,$-77,$-72,$201,$-12,$64,64,$-1.13,$-1.13,$186,$0,$160,$538,$217,$0,$1900,$27,$2143,$2682,$256,$1323,$85,$1408,$1664,$5,$-426,$18,$1018,$2682,$-180,$489,$119,$608,$17,$0,$0,$-392,$-398,$30,$-33,$0,$0,$0,$-10,$-10,$0,$-43,$-36,$0,$-36,$0,$0,$-0,$-2,$-38,$-58,$6,$-0
28,2011-09-30,7.81,$18.26,0.43,$13.14,0.59,$-0.94,0.0,$-1.99,0.0,$0.50B,$0.26B,1.9,$1.34B,$1.18B,1.14,$0.85B,$0.18B,21.54%,$0.85B,$0.06B,7.10%,$0.85B,$0.06B,7.10%,$0.85B,$0.45B,53.02%,$0.85B,$-0.12B,-14.67%,$0.85B,$-0.13B,-15.15%,$-0.13B,$1.18B,-9.98%,$-0.13B,$-0.94B,14.54%,$-0.13B,$2.87B,-4.23%,$0.06B,$2.51B,2.27%,$165,$151,$15,$0,$28,$178,$-13,$-77,$-90,$-8,$-82,$-82,$-82,$69,$-13,$64,64,$-1.27,$-1.27,$167,$0,$174,$500,$231,$0,$2116,$27,$2375,$2874,$264,$1338,$97,$1435,$1699,$5,$-353,$100,$1176,$2874,$-102,$276,$19,$294,$56,$0,$0,$-201,$-175,$17,$-21,$0,$0,$0,$-9,$-9,$0,$-30,$-62,$0,$-62,$0,$0,$-0,$-3,$-65,$-77,$5,$-0
29,2011-06-30,19.75,$21.22,0.93,$12.66,1.56,$-2.02,0.0,$-0.67,0.0,$0.63B,$0.32B,1.94,$1.39B,$1.37B,1.02,$0.81B,$0.17B,20.88%,$0.81B,$0.05B,5.90%,$0.81B,$0.05B,5.90%,$0.81B,$0.43B,52.70%,$0.81B,$-0.03B,-3.69%,$0.81B,$-0.04B,-5.28%,$-0.04B,$1.37B,-3.27%,$-0.04B,$-0.89B,5.08%,$-0.04B,$3.17B,-1.40%,$0.05B,$2.76B,1.78%,$250,$180,$70,$0,$31,$210,$39,$-32,$8,$7,$1,$1,$1,$146,$39,$64,65,$0.02,$0.02,$198,$0,$199,$627,$259,$0,$2258,$30,$2546,$3173,$324,$1392,$91,$1483,$1807,$5,$-271,$208,$1367,$3173,$-20,$194,$-23,$171,$7,$0,$0,$-132,$-122,$29,$-14,$0,$0,$0,$-9,$-9,$0,$-23,$-58,$0,$-58,$0,$0,$-0,$-2,$-60,$-47,$3,$-0
30,2011-03-31,21.06,$20.80,1.01,$11.95,1.76,$-2.88,0.0,$1.90,11.08,$0.60B,$0.30B,1.97,$1.37B,$1.34B,1.03,$0.77B,$0.16B,20.23%,$0.77B,$0.03B,4.44%,$0.77B,$0.03B,4.44%,$0.77B,$0.40B,51.96%,$0.77B,$-0.09B,-11.49%,$0.77B,$0.12B,15.80%,$0.12B,$1.34B,9.59%,$0.12B,$-0.89B,-15.24%,$0.12B,$3.12B,4.09%,$0.03B,$2.71B,1.31%,$173,$151,$22,$0,$30,$180,$-8,$-12,$-20,$1,$-21,$-21,$-21,$80,$-8,$64,64,$-0.33,$-0.33,$217,$0,$188,$596,$264,$0,$2232,$30,$2526,$3122,$302,$1374,$106,$1481,$1783,$5,$-265,$186,$1339,$3122,$-21,$87,$-22,$66,$39,$0,$0,$-54,$-14,$30,$-5,$0,$0,$0,$-1,$-1,$0,$-6,$-55,$0,$-55,$0,$0,$0,$-2,$-57,$-27,$2,$0
31,2010-12-31,20.35,$19.38,1.05,$11.52,1.77,$-3.79,0.0,$1.56,13.04,$0.61B,$0.24B,2.52,$1.35B,$1.25B,1.08,$0.74B,$0.14B,19.27%,$0.74B,$0.02B,3.12%,$0.74B,$0.02B,3.12%,$0.74B,$0.38B,51.56%,$0.74B,$-0.11B,-15.20%,$0.74B,$0.10B,13.57%,$0.10B,$1.25B,8.32%,$0.10B,$-0.80B,-14.17%,$0.10B,$2.94B,3.46%,$0.02B,$2.59B,0.91%,$257,$182,$75,$0,$33,$216,$42,$-64,$-22,$4,$-25,$-25,$-26,$153,$42,$64,64,$-0.40,$-0.40,$244,$0,$159,$612,$251,$0,$2046,$32,$2328,$2941,$243,$1346,$104,$1450,$1693,$5,$-234,$78,$1248,$2941,$97,$358,$-206,$152,$-20,$0,$0,$-275,$-298,$-50,$-46,$0,$0,$0,$-411,$-411,$0,$-457,$27,$0,$27,$1,$1,$-0,$-20,$7,$-202,$7,$-0
32,2010-09-30,24.95,$20.36,1.23,$11.82,2.11,$-3.03,0.0,$1.08,23.1,$0.65B,$0.23B,2.78,$1.39B,$1.31B,1.06,$0.71B,$0.13B,18.07%,$0.71B,$0.01B,0.70%,$0.71B,$0.01B,0.70%,$0.71B,$0.34B,48.04%,$0.71B,$-0.14B,-19.05%,$0.71B,$0.07B,9.94%,$0.07B,$1.31B,6.00%,$0.07B,$-0.80B,-11.25%,$0.07B,$3.04B,2.47%,$0.01B,$2.70B,0.20%,$134,$131,$3,$0,$29,$160,$-25,$30,$4,$1,$3,$3,$3,$50,$-25,$64,64,$0.05,$0.05,$303,$0,$186,$645,$256,$0,$2111,$29,$2396,$3041,$232,$1385,$114,$1499,$1731,$5,$-208,$117,$1310,$3041,$122,$246,$-235,$11,$40,$0,$0,$-201,$-174,$-41,$-32,$0,$0,$0,$-411,$-411,$0,$-444,$49,$0,$49,$0,$0,$-0,$-6,$43,$-143,$5,$-0
33,2010-06-30,19.9,$17.89,1.11,$11.82,1.68,$-2.31,0.0,$0.68,29.26,$0.65B,$0.26B,2.5,$1.24B,$1.15B,1.07,$0.71B,$0.13B,18.36%,$0.71B,$0.01B,1.27%,$0.71B,$0.01B,1.27%,$0.71B,$0.34B,47.60%,$0.71B,$-0.16B,-22.18%,$0.71B,$0.05B,6.50%,$0.05B,$1.15B,3.97%,$0.05B,$-0.68B,-8.25%,$0.05B,$2.74B,1.59%,$0.01B,$2.39B,0.37%,$202,$146,$55,$0,$30,$176,$25,$-76,$-50,$3,$-53,$-53,$165,$115,$25,$64,64,$2.59,$2.59,$315,$0,$150,$647,$225,$0,$1835,$29,$2089,$2736,$259,$1236,$90,$1326,$1585,$5,$-211,$-37,$1151,$2736,$119,$170,$-177,$-6,$-12,$0,$0,$-128,$-135,$-23,$-17,$0,$0,$0,$-417,$-417,$0,$-434,$41,$0,$41,$0,$0,$-0,$-6,$35,$-131,$3,$-0
34,2010-03-31,29.31,$17.27,1.7,$12.21,2.4,$-1.39,0.0,$-1.44,0.0,$0.90B,$0.31B,2.87,$1.34B,$1.10B,1.22,$0.69B,$0.13B,19.16%,$0.69B,$0.01B,1.89%,$0.69B,$0.01B,1.89%,$0.69B,$0.32B,45.86%,$0.69B,$-0.06B,-8.85%,$0.69B,$-0.10B,-13.79%,$-0.10B,$1.10B,-8.14%,$-0.10B,$-0.54B,19.14%,$-0.10B,$2.83B,-3.28%,$0.01B,$2.43B,0.53%,$144,$134,$9,$0,$28,$163,$-19,$-25,$-44,$-2,$-42,$-42,$-42,$62,$-19,$64,64,$-0.67,$-0.67,$494,$0,$253,$903,$256,$0,$1637,$34,$1927,$2831,$314,$1335,$84,$1419,$1733,$5,$-376,$65,$1097,$2831,$-46,$81,$-4,$77,$17,$0,$0,$-50,$-57,$-26,$-8,$0,$0,$0,$-0,$-0,$0,$-8,$66,$0,$66,$0,$0,$0,$0,$67,$17,$2,$0
35,2009-12-31,23.61,$18.44,1.28,$13.17,1.79,$-0.21,0.0,$-1.82,0.0,$0.88B,$0.35B,2.5,$1.26B,$1.17B,1.08,$0.68B,$0.15B,22.47%,$0.68B,$-0.04B,-5.73%,$0.68B,$-0.04B,-5.73%,$0.68B,$0.24B,34.95%,$0.68B,$-0.07B,-9.69%,$0.68B,$-0.10B,-14.24%,$-0.10B,$1.17B,-8.80%,$-0.10B,$-0.50B,18.76%,$-0.10B,$2.87B,-3.50%,$-0.04B,$2.43B,-1.67%,$234,$172,$62,$0,$38,$210,$24,$-70,$-46,$4,$-50,$-50,$-55,$116,$24,$54,54,$-0.86,$-0.86,$446,$0,$255,$881,$275,$0,$1672,$44,$1991,$2873,$352,$1260,$89,$1349,$1701,$5,$-334,$96,$1172,$2873,$-108,$277,$36,$313,$45,$0,$0,$-173,$-198,$7,$-47,$0,$0,$0,$-18,$-18,$-10,$-75,$259,$0,$259,$234,$234,$-2,$-17,$475,$352,$6,$-2
36,2009-09-30,34.25,$19.83,1.73,$13.36,2.56,$1.98,17.31,$-8.57,0.0,$1.17B,$0.49B,2.37,$1.35B,$1.22B,1.11,$0.64B,$0.21B,33.18%,$0.64B,$-0.03B,-4.85%,$0.64B,$-0.03B,-4.85%,$0.64B,$0.19B,30.05%,$0.64B,$-0.02B,-2.82%,$0.64B,$-0.37B,-57.90%,$-0.37B,$1.22B,-34.12%,$-0.37B,$-0.51B,69.19%,$-0.37B,$3.17B,-13.93%,$-0.03B,$2.57B,-1.38%,$128,$124,$4,$0,$25,$149,$-21,$3,$-17,$1,$-18,$-18,$-22,$44,$-21,$61,61,$-0.35,$-0.35,$811,$0,$206,$1173,$207,$17,$1723,$48,$1994,$3167,$494,$1351,$105,$1456,$1951,$5,$-279,$156,$1216,$3167,$-49,$185,$-16,$168,$67,$0,$0,$-152,$-114,$6,$-31,$0,$0,$0,$-6,$-6,$-5,$-42,$546,$0,$546,$234,$234,$-2,$-286,$492,$424,$5,$-2
37,2009-06-30,19.69,$19.33,1.02,$16.01,1.23,$5.07,3.88,$-8.57,0.0,$0.86B,$0.26B,3.33,$1.18B,$1.19B,0.99,$0.71B,$0.25B,35.11%,$0.71B,$-0.00B,-0.42%,$0.71B,$-0.00B,-0.42%,$0.71B,$0.23B,32.72%,$0.71B,$0.00B,0.14%,$0.71B,$-0.37B,-51.54%,$-0.37B,$1.19B,-32.14%,$-0.37B,$-0.44B,63.28%,$-0.37B,$2.73B,-14.05%,$-0.00B,$2.36B,-0.13%,$183,$126,$57,$0,$28,$154,$29,$17,$46,$10,$36,$36,$24,$94,$29,$52,52,$0.47,$0.47,$506,$0,$164,$859,$197,$17,$1624,$32,$1869,$2728,$258,$1178,$106,$1284,$1542,$5,$-257,$102,$1186,$2728,$-25,$120,$-4,$116,$44,$0,$0,$-124,$-60,$31,$-16,$0,$0,$0,$-1,$-1,$0,$-17,$195,$0,$195,$237,$237,$0,$0,$432,$399,$3,$0
38,2009-03-31,11.46,$19.77,0.58,$19.57,0.59,$6.81,1.68,$-7.46,0.0,$0.64B,$0.24B,2.65,$1.15B,$0.84B,1.38,$0.83B,$0.32B,38.73%,$0.83B,$0.07B,8.03%,$0.83B,$0.07B,8.03%,$0.83B,$0.32B,38.73%,$0.83B,$0.03B,3.48%,$0.83B,$-0.33B,-39.33%,$-0.33B,$0.84B,-25.94%,$-0.33B,$-0.62B,54.64%,$-0.33B,$2.32B,-11.93%,$0.07B,$1.99B,2.87%,$136,$107,$30,$0,$19,$208,$-71,$23,$-49,$-11,$-38,$-38,$-44,$-16,$-71,$42,42,$-1.05,$-1.05,$307,$0,$172,$642,$185,$17,$1460,$21,$1682,$2324,$243,$1153,$92,$1245,$1487,$3,$-281,$9,$837,$2324,$-47,$55,$38,$94,$46,$0,$0,$-72,$-12,$34,$-7,$0,$0,$0,$-23,$-23,$0,$-30,$224,$0,$224,$0,$0,$0,$0,$225,$204,$2,$0
39,2008-12-31,21.72,$25.95,0.84,$21.57,1.01,$7.58,2.86,$-6.06,0.0,$0.50B,$0.23B,2.16,$0.97B,$1.10B,0.88,$0.92B,$0.37B,40.07%,$0.92B,$0.18B,19.87%,$0.92B,$0.18B,19.87%,$0.92B,$0.46B,49.73%,$0.92B,$0.08B,9.01%,$0.92B,$-0.27B,-29.32%,$-0.27B,$1.10B,-18.73%,$-0.27B,$-0.57B,53.18%,$-0.27B,$2.41B,-9.21%,$0.18B,$2.07B,7.33%,$192,$71,$121,$0,$24,$160,$32,$-30,$2,$23,$-21,$-21,$-328,$70,$32,$42,43,$-7.76,$-7.69,$107,$0,$166,$495,$207,$17,$1669,$19,$1912,$2407,$229,$967,$112,$1079,$1308,$3,$-237,$202,$1098,$2407,$-267,$273,$398,$671,$-21,$0,$0,$-208,$-266,$137,$-75,$0,$0,$0,$-180,$-180,$2,$-253,$510,$0,$510,$1,$1,$-4,$-62,$444,$-34,$6,$-4
40,2008-09-30,65.4,$34.16,1.91,$24.24,2.7,$6.78,9.64,$3.29,19.88,$0.60B,$0.24B,2.46,$1.05B,$1.45B,0.72,$1.03B,$0.39B,37.41%,$1.03B,$0.25B,24.59%,$1.03B,$0.25B,24.59%,$1.03B,$0.58B,56.27%,$1.03B,$0.17B,16.33%,$1.03B,$0.13B,12.73%,$0.13B,$1.45B,8.64%,$0.13B,$-0.69B,-31.64%,$0.13B,$2.99B,4.49%,$0.25B,$2.49B,10.21%,$201,$159,$42,$0,$35,$193,$7,$-5,$2,$21,$-19,$-19,$-19,$85,$7,$42,42,$-0.45,$-0.45,$226,$0,$194,$598,$215,$17,$2134,$23,$2389,$2987,$243,$1046,$153,$1297,$1541,$3,$66,$359,$1446,$2987,$59,$236,$31,$266,$44,$0,$0,$-230,$-153,$172,$-59,$0,$0,$0,$-402,$-402,$2,$-459,$450,$0,$450,$1,$1,$-2,$-63,$386,$83,$6,$-2
41,2008-06-30,90.53,$39.62,2.29,$23.72,3.82,$5.30,17.07,$3.19,28.38,$0.82B,$0.25B,3.3,$1.10B,$1.68B,0.66,$1.00B,$0.41B,40.78%,$1.00B,$0.27B,27.32%,$1.00B,$0.27B,27.32%,$1.00B,$0.58B,57.53%,$1.00B,$0.15B,15.15%,$1.00B,$0.13B,13.06%,$0.13B,$1.68B,8.93%,$0.13B,$-0.52B,-43.38%,$0.13B,$3.28B,4.83%,$0.27B,$2.78B,11.87%,$305,$175,$130,$0,$31,$206,$99,$-24,$74,$9,$66,$66,$63,$184,$99,$42,43,$1.50,$1.48,$377,$0,$175,$818,$229,$17,$2196,$22,$2463,$3281,$248,$1104,$49,$1356,$1604,$3,$104,$577,$1677,$3281,$78,$158,$52,$211,$-13,$0,$0,$-182,$-160,$128,$-41,$0,$0,$0,$-247,$-247,$2,$-287,$462,$0,$462,$1,$1,$-1,$-63,$399,$233,$4,$-1
42,2008-03-31,85.23,$36.52,2.33,$21.82,3.91,$3.19,26.73,$2.44,34.93,$1.00B,$0.26B,3.86,$1.11B,$1.55B,0.72,$0.91B,$0.37B,40.37%,$0.91B,$0.24B,26.48%,$0.91B,$0.24B,26.48%,$0.91B,$0.52B,56.78%,$0.91B,$0.13B,14.44%,$0.91B,$0.10B,11.27%,$0.10B,$1.55B,7.86%,$0.10B,$-0.25B,-43.64%,$0.10B,$3.05B,4.36%,$0.24B,$2.65B,12.04%,$223,$147,$76,$0,$31,$178,$45,$-40,$5,$-10,$16,$16,$14,$119,$45,$42,43,$0.34,$0.34,$596,$0,$177,$1003,$210,$17,$1798,$25,$2049,$3053,$260,$1106,$35,$1247,$1507,$3,$69,$483,$1545,$3053,$14,$73,$40,$113,$17,$0,$0,$-87,$-43,$85,$-24,$0,$0,$0,$0,$0,$0,$-24,$463,$0,$463,$0,$0,$-1,$-63,$398,$452,$2,$-1
43,2007-12-31,115.98,$33.08,3.51,$20.23,5.73,$2.25,51.54,$2.08,55.76,$0.54B,$0.23B,2.28,$0.59B,$1.40B,0.42,$0.84B,$0.34B,40.17%,$0.84B,$0.21B,25.03%,$0.84B,$0.21B,25.03%,$0.84B,$0.47B,55.42%,$0.84B,$0.13B,15.61%,$0.84B,$0.09B,10.61%,$0.09B,$1.40B,7.53%,$0.09B,$-0.20B,-38.40%,$0.09B,$2.34B,4.31%,$0.21B,$1.99B,12.14%,$300,$163,$137,$0,$78,$198,$102,$-15,$87,$2,$85,$95,$73,$191,$102,$41,42,$1.76,$1.75,$143,$0,$168,$535,$175,$17,$1596,$15,$1803,$2338,$234,$586,$95,$704,$939,$3,$54,$291,$1400,$2338,$106,$254,$46,$301,$-57,$0,$0,$-259,$-300,$107,$-79,$0,$0,$0,$-157,$-157,$0,$-236,$26,$0,$26,$114,$114,$-5,$1,$136,$-3,$6,$-5
44,2007-09-30,91.71,$29.53,3.11,$18.33,5.0,$1.97,46.63,$1.01,90.8,$0.49B,$0.25B,1.99,$0.57B,$1.25B,0.45,$0.75B,$0.31B,40.64%,$0.75B,$0.18B,24.44%,$0.75B,$0.18B,24.44%,$0.75B,$0.40B,53.52%,$0.75B,$0.09B,11.29%,$0.75B,$0.04B,5.58%,$0.04B,$1.25B,3.85%,$0.04B,$-0.24B,-17.72%,$0.04B,$2.17B,2.17%,$0.18B,$1.81B,11.39%,$175,$108,$66,$0,$18,$146,$28,$-43,$-14,$0,$-14,$-19,$-19,$83,$28,$41,41,$-0.45,$-0.45,$194,$0,$143,$489,$155,$17,$1487,$19,$1678,$2168,$246,$566,$17,$675,$921,$3,$-19,$214,$1247,$2168,$16,$166,$43,$209,$12,$0,$0,$-178,$-129,$96,$-46,$0,$0,$0,$-143,$-143,$0,$-188,$26,$0,$26,$113,$113,$-3,$1,$136,$47,$4,$-3
45,2007-06-30,97.58,$25.71,3.79,$16.85,5.79,$1.65,59.29,$1.56,62.55,$0.43B,$0.21B,1.99,$0.54B,$1.05B,0.51,$0.69B,$0.27B,39.28%,$0.69B,$0.16B,23.62%,$0.69B,$0.16B,23.62%,$0.69B,$0.36B,52.75%,$0.69B,$0.10B,14.64%,$0.69B,$0.07B,9.42%,$0.07B,$1.05B,6.42%,$0.07B,$-0.26B,-27.54%,$0.07B,$1.90B,3.59%,$0.16B,$1.59B,10.77%,$216,$127,$90,$0,$16,$150,$67,$-13,$54,$13,$40,$35,$35,$126,$67,$41,41,$0.84,$0.83,$118,$0,$124,$427,$130,$17,$1308,$19,$1474,$1900,$214,$539,$9,$633,$847,$3,$-1,$114,$1053,$1900,$34,$111,$1,$112,$-26,$0,$0,$-109,$-124,$22,$-25,$0,$0,$0,$-63,$-63,$0,$-88,$29,$0,$29,$3,$3,$-0,$0,$31,$-29,$3,$-0
46,2007-03-31,88.45,$25.17,3.51,$15.43,5.73,$2.19,40.33,$0.94,94.1,$0.43B,$0.21B,1.99,$0.50B,$1.03B,0.48,$0.63B,$0.25B,39.30%,$0.63B,$0.14B,22.19%,$0.63B,$0.14B,22.19%,$0.63B,$0.32B,50.71%,$0.63B,$0.06B,9.35%,$0.63B,$0.04B,6.18%,$0.04B,$1.03B,3.98%,$0.04B,$-0.24B,-16.74%,$0.04B,$1.85B,2.23%,$0.14B,$1.53B,9.56%,$148,$104,$44,$0,$16,$135,$13,$-9,$4,$5,$-1,$-0,$-0,$65,$13,$41,41,$-0.01,$-0.01,$163,$0,$114,$425,$122,$17,$1266,$19,$1424,$1848,$214,$499,$20,$604,$818,$3,$-35,$127,$1030,$1848,$-0,$52,$0,$52,$10,$0,$0,$-52,$-20,$32,$-12,$0,$0,$0,$-9,$-9,$-0,$-21,$-1,$0,$-1,$2,$2,$-0,$0,$1,$11,$1,$-0
47,2006-12-31,70.0,$25.43,2.75,$14.94,4.68,$2.26,30.92,$0.47,148.94,$0.41B,$0.18B,2.26,$0.49B,$1.04B,0.48,$0.60B,$0.24B,40.13%,$0.60B,$0.14B,23.71%,$0.60B,$0.14B,23.71%,$0.60B,$0.31B,51.08%,$0.60B,$0.05B,8.46%,$0.60B,$0.02B,3.48%,$0.02B,$1.04B,2.24%,$0.02B,$-0.22B,-8.91%,$0.02B,$1.82B,1.23%,$0.14B,$1.53B,10.13%,$214,$108,$106,$0,$20,$138,$76,$-35,$41,$6,$35,$29,$26,$129,$76,$40,41,$0.69,$0.68,$151,$0,$107,$414,$116,$19,$1253,$17,$1405,$1819,$183,$494,$22,$600,$783,$3,$-32,$133,$1036,$1819,$20,$164,$88,$252,$-42,$0,$0,$-179,$-197,$75,$-60,$0,$0,$0,$-73,$-73,$6,$-127,$-40,$0,$-40,$172,$172,$-1,$0,$131,$74,$4,$-1
