,Date,Stock Price,Book Value per Share,Price to Book Ratio,TTM Sales per Share,Price to Sales Ratio,TTM FCF per Share,Price to FCF Ratio,TTM Net EPS,PE Ratio,Current Assets,Current Liabilities,Current Ratio,Long Term Debt,Shareholder's Equity_x,Debt to Equity Ratio,TTM Revenue_x,TTM Gross Profit,Gross Margin,TTM Revenue_y,TTM Operating Income,Operating Margin,TTM Revenue_x,TTM EBIT,EBIT Margin,TTM Revenue_y,TTM EBITDA,EBITDA Margin,TTM Revenue_x,TTM Pre-Tax Income,Pre-Tax Margin,TTM Revenue_y,TTM Net Income_x,Net Margin,TTM Net Income_y,Shareholder's Equity_y,Return on Equity,TTM Net Income_x,Tangible Equity,Return on Tangible Equity,TTM Net Income_y,Total Assets,Return on Assets,TTM Net Income,LT Investments & Debt,Return on Investment,revenue,cost-goods-sold,gross-profit,research-development-expenses,selling-general-administrative-expenses,operating-expenses,operating-income,total-non-operating-income-expense,pre-tax-income,total-provision-income-taxes,income-after-taxes,income-from-continuous-operations,net-income,ebitda,ebit,basic-shares-outstanding,shares-outstanding,eps-basic-net-earnings-per-share,eps-earnings-per-share-diluted,cash-on-hand,inventory,other-current-assets,total-current-assets,net-property-plant-equipment,long-term-investments,goodwill-intangible-assets-total,other-long-term-assets,total-long-term-assets,total-assets,total-current-liabilities,long-term-debt,other-non-current-liabilities,total-long-term-liabilities,total-liabilities,common-stock-net,retained-earnings-accumulated-deficit,comprehensive-income,total-share-holder-equity,total-liabilities-share-holders-equity,net-income-loss,total-depreciation-amortization-cash-flow,other-non-cash-items,total-non-cash-items,change-in-accounts-receivable,change-in-inventories,change-in-accounts-payable,change-in-assets-liabilities,total-change-in-assets-liabilities,cash-flow-from-operating-activities,net-change-in-property-plant-equipment,net-change-in-intangible-assets,net-acquisitions-divestitures,net-change-in-short-term-investments,net-change-in-long-term-investments,net-change-in-investments-total,investing-activities-other,cash-flow-from-investing-activities,net-long-term-debt,net-current-debt,debt-issuance-retirement-net-total,net-common-equity-issued-repurchased,net-total-equity-issued-repurchased,total-common-preferred-stock-dividends-paid,financial-activities-other,cash-flow-from-financial-activities,net-cash-flow,stock-based-compensation,common-stock-dividends-paid
0,2018-09-30,54.44,$26.58,2.05,$18.73,2.91,$12.16,4.48,$3.01,18.09,$1.60B,$0.79B,2.03,$4.70B,$6.16B,0.76,$4.40B,$0.81B,18.52%,$4.40B,$0.67B,15.26%,$4.40B,$0.67B,15.26%,$4.40B,$1.57B,35.78%,$4.40B,$0.39B,8.85%,$4.40B,$0.71B,16.06%,$0.71B,$6.16B,10.93%,$0.71B,$3.80B,17.26%,$0.71B,$13.16B,5.32%,$0.67B,$10.86B,6.02%,$1040,$867,$173,$0,$53,$904,$136,$-53,$83,$12,$71,$71,$30,$369,$136,$234,235,$0.13,$0.13,$1022,$264,$21,$1597,$8772,$96,$2361,$330,$11559,$13156,$788,$4697,$421,$6205,$6993,$2,$2474,$-308,$6163,$13156,$333,$667,$39,$706,$31,$-3,$0,$237,$239,$1243,$-259,$0,$0,$0,$0,$0,$21,$-238,$0,$0,$0,$-77,$-77,$-210,$-527,$-814,$187,$17,$-210
1,2018-06-30,44.12,$27.08,1.63,$18.04,2.45,$12.80,3.45,$2.51,17.58,$1.35B,$0.48B,2.8,$4.70B,$6.32B,0.74,$4.23B,$0.65B,15.43%,$4.23B,$0.50B,11.78%,$4.23B,$0.50B,11.78%,$4.23B,$1.39B,32.96%,$4.23B,$0.19B,4.52%,$4.23B,$0.59B,13.94%,$0.59B,$6.32B,9.09%,$0.59B,$3.96B,14.34%,$0.59B,$12.99B,4.30%,$0.50B,$11.02B,4.43%,$1300,$988,$312,$0,$53,$1026,$274,$-56,$218,$44,$174,$174,$148,$515,$274,$234,235,$0.63,$0.63,$728,$257,$24,$1348,$8841,$94,$2364,$340,$11639,$12987,$482,$4695,$437,$6183,$6665,$2,$2514,$-309,$6322,$12987,$262,$434,$3,$437,$-34,$21,$0,$-42,$-101,$598,$-129,$0,$0,$0,$0,$0,$11,$-118,$0,$0,$0,$4,$4,$-140,$-447,$-583,$-107,$11,$-140
2,2018-03-31,37.22,$28.56,1.3,$17.31,2.15,$15.14,2.46,$1.89,19.69,$1.66B,$0.63B,2.65,$4.69B,$6.67B,0.7,$4.05B,$0.51B,12.67%,$4.05B,$0.33B,8.20%,$4.05B,$0.33B,8.20%,$4.05B,$1.20B,29.70%,$4.05B,$0.00B,0.05%,$4.05B,$0.44B,10.96%,$0.44B,$6.67B,6.84%,$0.44B,$4.28B,10.76%,$0.44B,$13.52B,3.13%,$0.33B,$11.36B,2.93%,$957,$767,$190,$0,$57,$796,$161,$-56,$105,$17,$88,$88,$63,$354,$161,$234,235,$0.27,$0.27,$936,$401,$21,$1660,$9031,$100,$2381,$350,$11862,$13522,$626,$4693,$462,$6231,$6857,$2,$2436,$-248,$6665,$13522,$88,$193,$29,$222,$61,$-97,$0,$46,$-28,$282,$-60,$0,$0,$0,$0,$0,$5,$-55,$0,$0,$0,$2,$2,$-70,$-59,$-127,$101,$6,$-70
3,2017-12-31,41.66,$28.65,1.45,$17.69,2.36,$15.35,2.71,$1.52,27.41,$1.47B,$0.58B,2.53,$4.69B,$6.68B,0.7,$4.13B,$0.43B,10.41%,$4.13B,$0.23B,5.54%,$4.13B,$0.23B,5.54%,$4.13B,$1.11B,26.92%,$4.13B,$-0.13B,-3.03%,$4.13B,$0.36B,8.67%,$0.36B,$6.68B,5.57%,$0.36B,$4.31B,8.81%,$0.36B,$13.46B,2.45%,$0.23B,$11.38B,1.99%,$1099,$960,$139,$0,$52,$999,$100,$-117,$-17,$-520,$503,$503,$465,$335,$100,$234,234,$1.99,$1.99,$835,$275,$15,$1465,$9175,$108,$2371,$344,$11998,$13463,$580,$4692,$460,$6199,$6779,$2,$2443,$-263,$6684,$13463,$450,$883,$-474,$409,$-57,$40,$0,$48,$839,$1631,$-453,$0,$0,$9,$16,$25,$20,$-408,$-1148,$0,$-1148,$1,$1,$-280,$-137,$-1564,$-329,$17,$-280
4,2017-09-30,34.14,$26.75,1.28,$16.71,2.04,$3.54,9.65,$-1.83,0.0,$2.65B,$1.55B,1.71,$4.99B,$6.24B,0.8,$3.90B,$0.39B,9.88%,$3.90B,$0.03B,0.74%,$3.90B,$0.03B,0.74%,$3.90B,$0.88B,22.58%,$3.90B,$-0.44B,-11.36%,$3.90B,$-0.43B,-10.95%,$-0.43B,$6.24B,-6.70%,$-0.43B,$3.87B,-10.62%,$-0.43B,$14.86B,-2.84%,$0.03B,$11.23B,0.25%,$870,$859,$11,$0,$45,$907,$-37,$-78,$-115,$-47,$-68,$-68,$-87,$189,$-37,$233,233,$-0.37,$-0.37,$1992,$316,$22,$2651,$9372,$109,$2369,$356,$12206,$14857,$1551,$4988,$486,$7066,$8617,$2,$2048,$-275,$6240,$14857,$-53,$648,$37,$685,$-29,$12,$0,$855,$843,$1401,$-277,$0,$0,$9,$0,$9,$12,$-256,$0,$0,$0,$1,$1,$-210,$-126,$-335,$823,$13,$-210
5,2017-06-30,26.89,$27.40,0.98,$15.89,1.69,$-6.51,0.0,$-1.59,0.0,$2.68B,$1.44B,1.86,$4.99B,$6.39B,0.78,$3.71B,$0.38B,10.14%,$3.71B,$-0.04B,-0.94%,$3.71B,$-0.04B,-0.94%,$3.71B,$0.74B,19.90%,$3.71B,$-0.46B,-12.38%,$3.71B,$-0.37B,-9.98%,$-0.37B,$6.39B,-5.64%,$-0.37B,$4.03B,-8.79%,$-0.37B,$14.94B,-2.43%,$-0.04B,$11.38B,-0.29%,$1124,$951,$173,$0,$49,$1016,$108,$-79,$29,$5,$24,$24,$3,$325,$108,$234,234,$0.01,$0.01,$2005,$325,$29,$2675,$9441,$120,$2360,$340,$12261,$14936,$1441,$4986,$487,$7105,$8546,$2,$2205,$-325,$6390,$14936,$15,$422,$81,$503,$-35,$10,$0,$706,$669,$1187,$-173,$0,$0,$9,$0,$9,$6,$-158,$0,$0,$0,$0,$0,$-140,$-59,$-199,$836,$8,$-140
6,2017-03-31,27.92,$27.37,1.02,$15.94,1.75,$-14.84,0.0,$-1.40,0.0,$2.81B,$0.85B,3.29,$5.78B,$6.38B,0.91,$3.72B,$0.73B,19.63%,$3.72B,$0.10B,2.56%,$3.72B,$0.10B,2.56%,$3.72B,$0.83B,22.38%,$3.72B,$-0.31B,-8.34%,$3.72B,$-0.33B,-8.77%,$-0.33B,$6.38B,-4.83%,$-0.33B,$4.03B,-7.41%,$-0.33B,$15.19B,-2.11%,$0.10B,$12.16B,0.77%,$1037,$930,$107,$0,$46,$979,$58,$-80,$-22,$-13,$-9,$-9,$-23,$263,$58,$233,233,$-0.10,$-0.10,$1316,$364,$29,$2805,$9552,$141,$2350,$337,$12380,$15185,$853,$5780,$553,$7949,$8802,$2,$2272,$-378,$6383,$15185,$-9,$205,$38,$243,$-9,$-15,$0,$146,$122,$356,$-86,$0,$0,$0,$0,$0,$0,$-86,$0,$0,$0,$0,$0,$-70,$-54,$-124,$147,$4,$-70
7,2016-12-31,29.68,$27.85,1.07,$15.79,1.88,$-17.40,0.0,$-1.19,0.0,$2.66B,$0.69B,3.87,$5.78B,$6.49B,0.89,$3.69B,$0.84B,22.80%,$3.69B,$0.13B,3.64%,$3.69B,$0.13B,3.64%,$3.69B,$0.81B,22.04%,$3.69B,$-0.23B,-6.13%,$3.69B,$-0.28B,-7.52%,$-0.28B,$6.49B,-3.98%,$-0.28B,$4.15B,-6.03%,$-0.28B,$15.13B,-1.78%,$0.13B,$12.27B,1.07%,$867,$773,$94,$0,$33,$967,$-100,$-235,$-335,$-47,$-288,$-288,$-320,$103,$-100,$233,233,$-1.37,$-1.37,$1169,$339,$70,$2655,$9652,$139,$2345,$340,$12476,$15131,$686,$5778,$545,$7953,$8639,$2,$2365,$-398,$6492,$15131,$-158,$678,$841,$1519,$18,$-7,$0,$-120,$-803,$617,$-2197,$0,$0,$0,$0,$0,$20,$-2177,$74,$0,$74,$0,$0,$-280,$2645,$2439,$878,$19,$-280
8,2016-09-30,22.71,$29.94,0.76,$16.80,1.35,$-15.92,0.0,$0.29,78.31,$2.93B,$0.97B,3.03,$5.54B,$6.98B,0.79,$3.93B,$1.03B,26.09%,$3.93B,$0.37B,9.43%,$3.93B,$0.37B,9.43%,$3.93B,$0.98B,24.87%,$3.93B,$0.21B,5.29%,$3.93B,$0.07B,1.78%,$0.07B,$6.98B,1.09%,$0.07B,$4.62B,1.73%,$0.07B,$15.63B,0.47%,$0.37B,$12.52B,3.10%,$680,$678,$2,$0,$44,$781,$-101,$-30,$-131,$-131,$0,$0,$-30,$47,$-101,$233,233,$-0.13,$-0.13,$1561,$312,$21,$2931,$9725,$287,$2359,$330,$12701,$15632,$966,$5540,$504,$7686,$8652,$2,$2892,$-273,$6980,$15632,$130,$475,$606,$1081,$55,$-4,$0,$1,$-620,$591,$-1811,$0,$0,$0,$0,$0,$20,$-1791,$0,$0,$0,$0,$0,$-209,$2678,$2469,$1268,$15,$-209
9,2016-06-30,22.18,$30.73,0.72,$17.84,1.24,$-13.71,0.0,$0.81,27.38,$3.37B,$0.77B,4.37,$5.54B,$7.17B,0.77,$4.18B,$1.19B,28.44%,$4.18B,$0.53B,12.70%,$4.18B,$0.53B,12.70%,$4.18B,$1.12B,26.76%,$4.18B,$0.36B,8.68%,$4.18B,$0.19B,4.54%,$0.19B,$7.17B,3.27%,$0.19B,$4.80B,5.56%,$0.19B,$15.76B,1.34%,$0.53B,$12.71B,4.68%,$1134,$607,$527,$0,$52,$896,$238,$-60,$178,$95,$83,$83,$47,$419,$238,$233,234,$0.20,$0.20,$2015,$231,$34,$3374,$9413,$289,$2363,$323,$12388,$15762,$773,$5540,$497,$7824,$8597,$2,$2991,$-243,$7165,$15762,$130,$327,$700,$1027,$24,$81,$0,$-76,$-711,$446,$-1377,$0,$0,$0,$0,$0,$19,$-1358,$0,$0,$0,$0,$0,$-140,$2775,$2635,$1722,$9,$-140
10,2016-03-31,28.55,$30.87,0.92,$18.54,1.54,$-11.95,0.0,$2.10,13.59,$3.52B,$1.27B,2.77,$5.54B,$7.19B,0.77,$4.36B,$1.35B,30.93%,$4.36B,$0.92B,21.18%,$4.36B,$0.92B,21.18%,$4.36B,$1.43B,32.91%,$4.36B,$0.79B,18.04%,$4.36B,$0.50B,11.36%,$0.50B,$7.19B,9.65%,$0.50B,$4.81B,17.60%,$0.50B,$15.58B,3.80%,$0.92B,$12.73B,8.84%,$1004,$787,$217,$0,$45,$907,$97,$-35,$62,$15,$47,$47,$26,$243,$97,$233,234,$0.11,$0.11,$2701,$304,$46,$3520,$9052,$298,$2384,$327,$12061,$15581,$1273,$5539,$620,$7114,$8387,$2,$3014,$-202,$7194,$15581,$47,$146,$57,$203,$4,$16,$0,$105,$96,$346,$-674,$0,$1,$0,$0,$0,$11,$-662,$0,$0,$0,$0,$0,$-70,$2787,$2717,$2403,$4,$-70
11,2015-12-31,36.78,$18.82,1.95,$18.21,2.02,$-10.17,0.0,$2.95,12.48,$1.13B,$1.22B,0.93,$5.54B,$4.39B,1.26,$4.31B,$1.55B,35.91%,$4.31B,$1.19B,27.69%,$4.31B,$1.19B,27.69%,$4.31B,$1.67B,38.83%,$4.31B,$1.06B,24.56%,$4.31B,$0.70B,16.25%,$0.70B,$4.39B,15.77%,$0.70B,$2.00B,31.93%,$0.70B,$12.68B,5.83%,$1.19B,$9.92B,12.54%,$1115,$835,$280,$0,$50,$978,$137,$-38,$99,$63,$36,$36,$27,$269,$137,$235,236,$0.12,$0.12,$309,$321,$45,$1127,$8539,$298,$2390,$329,$11556,$12683,$1215,$5537,$628,$7081,$8296,$2,$3058,$-250,$4387,$12683,$734,$480,$287,$767,$-4,$-71,$0,$-164,$-345,$1207,$-2457,$0,$-552,$0,$13,$13,$20,$-2976,$1000,$0,$1000,$-548,$-548,$-282,$-93,$77,$-1711,$17,$-282
12,2015-09-30,40.21,$19.17,2.1,$18.22,2.21,$-6.35,0.0,$3.80,10.58,$1.76B,$1.27B,1.39,$5.59B,$4.47B,1.25,$4.41B,$1.71B,38.81%,$4.41B,$1.47B,33.43%,$4.41B,$1.47B,33.43%,$4.41B,$1.92B,43.48%,$4.41B,$1.34B,30.28%,$4.41B,$0.91B,20.66%,$0.91B,$4.47B,20.32%,$0.91B,$2.06B,39.38%,$0.91B,$12.87B,7.82%,$1.47B,$10.06B,15.81%,$928,$763,$165,$0,$42,$869,$59,$-35,$24,$20,$4,$97,$90,$188,$59,$233,234,$0.39,$0.39,$969,$330,$35,$1764,$7940,$360,$2407,$399,$11106,$12870,$1274,$5593,$627,$7129,$8402,$2,$3101,$-214,$4468,$12870,$698,$348,$42,$390,$16,$-72,$0,$79,$-14,$1074,$-1782,$0,$-554,$0,$13,$13,$24,$-2299,$1000,$0,$1000,$-548,$-548,$-212,$-61,$179,$-1054,$13,$-212
13,2015-06-30,57.29,$19.26,2.97,$17.95,3.19,$-3.67,0.0,$3.94,14.55,$1.37B,$0.75B,1.81,$4.59B,$4.48B,1.03,$4.40B,$1.85B,41.96%,$4.40B,$1.66B,37.76%,$4.40B,$1.66B,37.76%,$4.40B,$2.07B,47.05%,$4.40B,$1.51B,34.35%,$4.40B,$0.95B,21.63%,$0.95B,$4.48B,20.78%,$0.95B,$2.39B,38.26%,$0.95B,$11.00B,8.39%,$1.66B,$9.07B,18.12%,$1311,$625,$686,$0,$38,$681,$630,$-29,$601,$200,$401,$365,$352,$734,$630,$235,236,$1.50,$1.49,$864,$205,$34,$1366,$6466,$809,$2091,$267,$9632,$10998,$754,$4593,$400,$5769,$6523,$2,$3080,$-206,$4476,$10998,$601,$219,$-2,$217,$-4,$-8,$0,$-304,$-319,$499,$-1024,$0,$0,$0,$13,$13,$10,$-1001,$0,$0,$0,$-516,$-516,$-143,$-21,$-680,$-1187,$8,$-143
14,2015-03-31,50.32,$18.58,2.71,$18.15,2.77,$-1.93,0.0,$3.67,13.72,$2.38B,$1.31B,1.82,$4.59B,$4.42B,1.04,$4.56B,$1.75B,38.37%,$4.56B,$1.56B,34.25%,$4.56B,$1.56B,34.25%,$4.56B,$1.97B,43.08%,$4.56B,$1.39B,30.48%,$4.56B,$0.91B,20.00%,$0.91B,$4.42B,19.54%,$0.91B,$2.33B,35.39%,$0.91B,$11.49B,7.99%,$1.56B,$9.01B,16.87%,$954,$538,$416,$0,$40,$587,$367,$-33,$334,$113,$221,$236,$231,$482,$367,$240,241,$0.96,$0.96,$1842,$268,$20,$2380,$5925,$854,$2090,$237,$9106,$11485,$1311,$4593,$380,$5756,$7067,$1,$3334,$-240,$4419,$11485,$236,$115,$-20,$95,$24,$-68,$0,$171,$200,$531,$-442,$0,$0,$0,$0,$0,$12,$-430,$0,$0,$0,$-230,$-230,$-72,$-12,$-314,$-218,$4,$-72
15,2014-12-31,48.1,$18.92,2.54,$18.31,2.63,$-0.99,0.0,$5.29,9.1,$2.53B,$0.98B,2.58,$4.59B,$4.57B,1.0,$4.74B,$1.78B,37.49%,$4.74B,$2.37B,49.88%,$4.74B,$2.37B,49.88%,$4.74B,$2.76B,58.17%,$4.74B,$2.19B,46.11%,$4.74B,$1.39B,29.33%,$1.39B,$4.57B,28.42%,$1.39B,$2.48B,49.66%,$1.39B,$11.25B,11.92%,$2.37B,$9.17B,24.94%,$1216,$773,$444,$0,$33,$798,$418,$-42,$376,$132,$244,$251,$238,$513,$418,$256,257,$1.09,$1.10,$2083,$203,$19,$2531,$5526,$862,$2093,$244,$8724,$11254,$980,$4593,$375,$5702,$6682,$3,$3175,$-160,$4573,$11254,$1437,$393,$-604,$-211,$39,$64,$0,$202,$195,$1421,$-1798,$0,$1372,$5,$0,$5,$77,$-344,$1494,$0,$1494,$-1917,$-1917,$-256,$-108,$-787,$286,$17,$-256
16,2014-09-30,49.0,$19.53,2.51,$18.06,2.71,$2.70,18.18,$5.47,8.97,$3.34B,$1.05B,3.18,$4.59B,$4.86B,0.95,$4.85B,$1.93B,39.73%,$4.85B,$2.51B,51.78%,$4.85B,$2.51B,51.78%,$4.85B,$2.91B,59.92%,$4.85B,$2.34B,48.14%,$4.85B,$1.48B,30.48%,$1.48B,$4.86B,28.93%,$1.48B,$2.76B,49.03%,$1.48B,$11.66B,12.83%,$2.51B,$9.45B,26.93%,$921,$620,$301,$0,$38,$675,$247,$-46,$201,$71,$130,$141,$131,$342,$247,$248,249,$0.53,$0.52,$2797,$255,$47,$3339,$5050,$925,$2094,$252,$8321,$11660,$1049,$4592,$349,$5756,$6805,$1,$3679,$-72,$4855,$11660,$1186,$299,$-696,$-397,$97,$14,$0,$355,$388,$1177,$-1263,$0,$1354,$5,$0,$5,$26,$122,$1494,$0,$1494,$-1579,$-1579,$-181,$-88,$-355,$940,$14,$-181
17,2014-06-30,41.96,$19.51,2.15,$18.18,2.31,$5.85,7.18,$5.76,7.29,$3.41B,$0.72B,4.73,$4.59B,$4.85B,0.95,$5.03B,$2.01B,40.03%,$5.03B,$2.65B,52.71%,$5.03B,$2.65B,52.71%,$5.03B,$3.05B,60.67%,$5.03B,$2.48B,49.33%,$5.03B,$1.58B,31.46%,$1.58B,$4.85B,30.06%,$1.58B,$2.75B,49.81%,$1.58B,$11.31B,13.98%,$2.65B,$9.44B,29.10%,$1473,$882,$590,$0,$40,$941,$531,$-51,$480,$157,$323,$325,$313,$629,$531,$255,256,$1.22,$1.22,$2839,$205,$51,$3406,$4605,$943,$2096,$255,$7899,$11305,$720,$4592,$317,$5740,$6460,$1,$3622,$-22,$4845,$11305,$1045,$203,$-694,$-491,$-12,$64,$0,$-43,$1,$555,$-679,$0,$1354,$0,$0,$0,$-474,$200,$1494,$0,$1494,$-1582,$-1582,$-107,$-77,$-272,$483,$10,$-107
18,2014-03-31,45.29,$20.13,2.25,$18.19,2.49,$6.91,6.55,$6.21,7.29,$4.91B,$1.44B,3.42,$4.59B,$5.31B,0.87,$5.27B,$2.29B,43.41%,$5.27B,$2.95B,56.04%,$5.27B,$2.95B,56.04%,$5.27B,$3.36B,63.78%,$5.27B,$2.80B,53.20%,$5.27B,$1.77B,33.52%,$1.77B,$5.31B,32.80%,$1.77B,$3.21B,53.41%,$1.77B,$12.48B,15.99%,$2.95B,$9.90B,33.34%,$1133,$690,$443,$0,$42,$-37,$1170,$-40,$1130,$413,$717,$720,$709,$1275,$1170,$274,275,$2.59,$2.58,$4184,$384,$83,$4911,$4282,$934,$2095,$254,$7564,$12476,$1436,$4592,$318,$5732,$7167,$1,$4379,$-52,$5308,$12476,$720,$105,$-720,$-615,$32,$-112,$0,$377,$644,$750,$-391,$0,$1354,$0,$0,$0,$-494,$469,$1494,$0,$1494,$-772,$-772,$-55,$-64,$603,$1819,$4,$-55
19,2013-12-31,40.31,$19.48,2.07,$18.32,2.2,$7.29,5.53,$4.92,8.19,$2.63B,$0.83B,3.18,$3.10B,$5.44B,0.57,$5.48B,$2.52B,46.03%,$5.48B,$2.41B,44.05%,$5.48B,$2.41B,44.05%,$5.48B,$2.82B,51.54%,$5.48B,$2.21B,40.37%,$5.48B,$1.47B,26.76%,$1.47B,$5.44B,26.21%,$1.47B,$3.34B,41.64%,$1.47B,$10.68B,13.93%,$2.41B,$8.54B,29.01%,$1326,$733,$594,$0,$45,$762,$565,$-40,$525,$187,$338,$341,$326,$662,$565,$294,296,$1.16,$1.17,$1865,$274,$167,$2630,$4102,$926,$2096,$246,$8048,$10678,$828,$3098,$326,$4411,$5240,$1,$3726,$-43,$5438,$10678,$1533,$411,$-100,$310,$0,$-80,$0,$-193,$-376,$1467,$-811,$0,$-73,$14,$0,$14,$-149,$-1019,$1498,$0,$1498,$-1399,$-1399,$-129,$-950,$-980,$-564,$13,$-129
20,2013-09-30,36.3,$19.06,1.9,$18.42,1.97,$10.85,3.34,$5.26,6.9,$3.06B,$0.91B,3.35,$3.10B,$5.46B,0.57,$5.63B,$2.58B,45.86%,$5.63B,$2.46B,43.75%,$5.63B,$2.46B,43.75%,$5.63B,$2.88B,51.10%,$5.63B,$2.27B,40.37%,$5.63B,$1.61B,28.60%,$1.61B,$5.46B,27.75%,$1.61B,$3.40B,43.08%,$1.61B,$10.80B,15.50%,$2.46B,$8.56B,30.22%,$1097,$711,$386,$0,$32,$712,$385,$-40,$346,$109,$237,$244,$234,$486,$385,$287,288,$0.82,$0.81,$2398,$357,$38,$3060,$4250,$932,$2065,$292,$7739,$10799,$913,$3098,$456,$4424,$5337,$1,$3881,$-73,$5462,$10799,$1191,$314,$22,$336,$45,$-86,$0,$107,$-98,$1429,$-622,$0,$0,$7,$0,$7,$-116,$-731,$1498,$0,$1498,$-1105,$-1105,$-72,$-986,$-665,$11,$10,$-72
21,2013-06-30,29.47,$18.42,1.6,$18.88,1.56,$13.41,2.2,$5.72,5.15,$2.72B,$0.58B,4.71,$3.10B,$5.34B,0.58,$5.89B,$2.90B,49.19%,$5.89B,$2.75B,46.59%,$5.89B,$2.75B,46.59%,$5.89B,$3.16B,53.62%,$5.89B,$2.57B,43.57%,$5.89B,$1.78B,30.19%,$1.78B,$5.34B,30.00%,$1.78B,$3.28B,46.02%,$1.78B,$10.25B,17.38%,$2.75B,$8.44B,34.72%,$1715,$850,$865,$0,$45,$881,$834,$-31,$803,$283,$520,$518,$498,$940,$834,$296,298,$1.69,$1.68,$2008,$321,$27,$2720,$4087,$899,$2065,$282,$7532,$10252,$577,$3098,$450,$4331,$4908,$1,$3673,$-115,$5343,$10252,$948,$214,$-39,$175,$-56,$-44,$0,$-301,$-554,$568,$-395,$0,$0,$6,$0,$6,$-77,$-466,$1498,$0,$1498,$-910,$-910,$-49,$-969,$-430,$-341,$6,$-49
22,2013-03-31,32.64,$20.20,1.62,$18.44,1.77,$15.59,2.09,$5.91,5.53,$2.91B,$1.29B,2.26,$1.60B,$6.12B,0.26,$5.91B,$3.08B,52.02%,$5.91B,$2.92B,49.32%,$5.91B,$2.92B,49.32%,$5.91B,$3.34B,56.49%,$5.91B,$2.72B,46.07%,$5.91B,$1.89B,31.91%,$1.89B,$6.12B,31.61%,$1.89B,$4.05B,48.32%,$1.89B,$10.34B,18.96%,$2.92B,$7.72B,38.51%,$1337,$661,$675,$0,$44,$709,$628,$-92,$536,$107,$429,$429,$407,$735,$628,$312,314,$1.31,$1.29,$2210,$386,$30,$2908,$3938,$906,$2065,$322,$7431,$10338,$1285,$1600,$450,$2935,$4221,$1,$3842,$-110,$6118,$10338,$429,$107,$-83,$24,$-25,$-110,$0,$369,$226,$679,$-150,$0,$0,$0,$0,$0,$-47,$-197,$0,$0,$0,$-496,$-496,$-25,$-8,$-528,$-65,$3,$-25
23,2012-12-31,34.77,$19.96,1.74,$18.78,1.85,$15.53,2.24,$5.72,6.08,$2.81B,$0.95B,2.96,$1.60B,$6.28B,0.26,$6.10B,$3.11B,51.00%,$6.10B,$2.96B,48.48%,$6.10B,$2.96B,48.48%,$6.10B,$3.38B,55.36%,$6.10B,$2.83B,46.35%,$6.10B,$1.85B,30.28%,$1.85B,$6.28B,31.97%,$1.85B,$4.22B,49.73%,$1.85B,$10.17B,18.91%,$2.96B,$7.88B,40.06%,$1481,$825,$656,$0,$40,$865,$616,$-28,$588,$242,$346,$355,$471,$717,$616,$320,324,$1.49,$1.48,$2275,$278,$28,$2808,$3901,$936,$2065,$258,$7359,$10167,$950,$1600,$396,$2935,$3885,$1,$3461,$-50,$6282,$10167,$1923,$420,$-251,$169,$53,$35,$0,$111,$283,$2376,$-507,$0,$0,$48,$0,$48,$-55,$-514,$-13,$0,$-13,$-485,$-485,$-103,$-196,$-797,$1068,$12,$-103
24,2012-09-30,37.96,$19.02,2.0,$19.11,1.99,$15.15,2.51,$5.57,6.81,$3.02B,$1.19B,2.53,$1.61B,$5.98B,0.27,$6.34B,$3.32B,52.39%,$6.34B,$3.17B,50.02%,$6.34B,$3.17B,50.02%,$6.34B,$3.59B,56.65%,$6.34B,$3.04B,47.91%,$6.34B,$1.82B,28.64%,$1.82B,$5.98B,33.36%,$1.82B,$3.91B,53.75%,$1.82B,$10.18B,19.17%,$3.17B,$7.58B,44.96%,$1359,$657,$702,$0,$37,$692,$667,$-27,$640,$206,$434,$458,$403,$767,$667,$314,318,$1.29,$1.27,$2221,$310,$25,$3015,$3722,$992,$2065,$242,$7168,$10183,$1194,$1605,$387,$3011,$4205,$1,$3016,$-38,$5978,$10183,$1568,$319,$-105,$214,$-68,$3,$0,$373,$172,$1954,$-250,$0,$0,$31,$0,$31,$-2,$-221,$28,$0,$28,$-487,$-487,$-77,$-183,$-720,$1014,$9,$-77
25,2012-06-30,33.03,$17.56,1.88,$18.84,1.75,$15.03,2.2,$5.25,6.29,$2.00B,$0.56B,3.6,$1.61B,$5.50B,0.29,$6.39B,$3.26B,51.02%,$6.39B,$3.09B,48.34%,$6.39B,$3.09B,48.34%,$6.39B,$3.51B,54.95%,$6.39B,$2.95B,46.18%,$6.39B,$1.74B,27.31%,$1.74B,$5.50B,33.96%,$1.74B,$3.44B,56.78%,$1.74B,$9.12B,18.88%,$3.09B,$7.11B,45.74%,$1736,$692,$1043,$0,$41,$731,$1005,$-45,$960,$309,$651,$678,$606,$1121,$1005,$322,326,$1.88,$1.86,$1383,$230,$24,$1997,$3701,$1000,$2065,$210,$7122,$9119,$555,$1605,$441,$3063,$3619,$1,$2638,$-75,$5500,$9119,$1110,$219,$-37,$182,$-90,$76,$0,$-126,$-244,$1049,$-151,$0,$0,$16,$0,$16,$-2,$-137,$-13,$0,$-13,$-495,$-495,$-52,$-178,$-738,$176,$6,$-52
26,2012-03-31,31.07,$16.35,1.9,$18.51,1.68,$14.67,2.12,$4.74,6.56,$2.46B,$1.25B,1.97,$1.62B,$5.36B,0.3,$6.45B,$3.08B,47.77%,$6.45B,$2.93B,45.37%,$6.45B,$2.93B,45.37%,$6.45B,$3.33B,51.57%,$6.45B,$2.80B,43.46%,$6.45B,$1.63B,25.19%,$1.63B,$5.36B,31.90%,$1.63B,$3.30B,53.65%,$1.63B,$9.62B,17.45%,$2.93B,$6.98B,43.62%,$1528,$816,$712,$0,$34,$856,$671,$-30,$641,$207,$434,$432,$368,$774,$671,$328,333,$1.12,$1.11,$1713,$266,$15,$2458,$3713,$1006,$2065,$228,$7159,$9617,$1251,$1618,$439,$3006,$4256,$1,$3183,$-72,$5361,$9617,$432,$103,$46,$149,$-192,$44,$0,$160,$23,$603,$-60,$0,$0,$0,$0,$0,$-2,$-63,$0,$0,$0,$4,$4,$-26,$-12,$-34,$506,$3,$-26
27,2011-12-31,24.6,$15.08,1.63,$17.17,1.43,$14.86,1.66,$4.41,5.58,$1.80B,$1.03B,1.74,$1.62B,$4.93B,0.33,$6.10B,$2.90B,47.47%,$6.10B,$2.79B,45.75%,$6.10B,$2.79B,45.75%,$6.10B,$3.21B,52.57%,$6.10B,$2.65B,43.39%,$6.10B,$1.54B,25.24%,$1.54B,$4.93B,31.08%,$1.54B,$2.87B,53.31%,$1.54B,$8.98B,16.71%,$2.79B,$6.55B,42.49%,$1718,$853,$865,$0,$37,$889,$829,$-32,$797,$302,$495,$502,$439,$930,$829,$347,350,$1.33,$1.32,$1207,$304,$18,$1799,$3736,$929,$2065,$301,$7176,$8975,$1031,$1618,$436,$3010,$4042,$1,$2841,$-99,$4933,$8975,$1761,$416,$3,$419,$-36,$-39,$0,$-134,$-101,$2079,$-193,$0,$0,$38,$0,$38,$-19,$-174,$-346,$0,$-346,$-985,$-985,$-69,$-100,$-1499,$409,$11,$-69
28,2011-09-30,20.89,$13.22,1.58,$16.05,1.3,$12.38,1.69,$3.63,5.75,$2.06B,$1.50B,1.37,$1.61B,$4.75B,0.34,$5.62B,$2.51B,44.75%,$5.62B,$2.40B,42.65%,$5.62B,$2.40B,42.65%,$5.62B,$2.82B,50.14%,$5.62B,$2.23B,39.77%,$5.62B,$1.30B,23.14%,$1.30B,$4.75B,26.93%,$1.30B,$2.69B,47.07%,$1.30B,$9.25B,14.20%,$2.40B,$6.36B,36.72%,$1404,$766,$638,$0,$31,$822,$582,$-32,$551,$185,$366,$382,$331,$684,$582,$347,350,$0.95,$0.95,$1426,$342,$22,$2058,$3739,$1057,$2065,$232,$7188,$9246,$1503,$1613,$351,$2994,$4496,$1,$2428,$-67,$4750,$9246,$1259,$315,$-18,$297,$-34,$-75,$0,$444,$399,$1955,$-118,$0,$0,$37,$0,$37,$31,$-50,$-346,$0,$-346,$-787,$-787,$-43,$-103,$-1279,$628,$8,$-43
29,2011-06-30,23.93,$14.87,1.61,$14.58,1.64,$8.40,2.85,$2.82,8.48,$2.08B,$1.10B,1.9,$1.61B,$5.33B,0.3,$5.13B,$2.05B,39.88%,$5.13B,$1.95B,38.02%,$5.13B,$1.95B,38.02%,$5.13B,$2.38B,46.38%,$5.13B,$1.76B,34.34%,$5.13B,$1.02B,19.82%,$1.02B,$5.33B,21.57%,$1.02B,$3.27B,38.49%,$1.02B,$9.42B,11.31%,$1.95B,$6.95B,29.68%,$1802,$934,$867,$0,$32,$957,$845,$-30,$815,$281,$534,$544,$487,$940,$845,$358,361,$1.36,$1.35,$1359,$277,$20,$2080,$3870,$1085,$2065,$225,$7340,$9420,$1095,$1613,$350,$2994,$4088,$1,$2126,$-22,$5332,$9420,$876,$213,$-56,$157,$-179,$-4,$0,$-28,$-111,$922,$-58,$0,$0,$25,$0,$25,$31,$-2,$-346,$0,$-346,$9,$9,$-14,$-10,$-362,$558,$5,$-14
30,2011-03-31,23.09,$13.42,1.72,$13.43,1.72,$5.86,3.94,$1.78,12.97,$1.81B,$1.38B,1.31,$1.61B,$4.79B,0.34,$4.64B,$1.58B,33.99%,$4.64B,$1.46B,31.40%,$4.64B,$1.46B,31.40%,$4.64B,$1.94B,41.86%,$4.64B,$1.17B,25.21%,$4.64B,$0.64B,13.69%,$0.64B,$4.79B,14.33%,$0.64B,$2.73B,27.02%,$0.64B,$9.19B,7.22%,$1.46B,$6.41B,22.29%,$1174,$649,$525,$0,$31,$640,$534,$-52,$483,$159,$324,$333,$282,$653,$534,$357,361,$0.79,$0.78,$1137,$395,$16,$1809,$3924,$1084,$2065,$213,$7381,$9190,$1384,$1613,$348,$3014,$4398,$1,$1646,$-27,$4792,$9190,$333,$119,$-45,$73,$-18,$-123,$0,$322,$265,$671,$-16,$0,$0,$1,$0,$1,$31,$16,$-346,$0,$-346,$3,$3,$-7,$-0,$-351,$336,$2,$-7
31,2010-12-31,22.79,$12.44,1.83,$12.24,1.86,$4.15,5.5,$0.98,23.26,$1.34B,$0.95B,1.41,$1.95B,$4.43B,0.44,$3.97B,$1.18B,29.76%,$3.97B,$0.90B,22.57%,$3.97B,$0.90B,22.57%,$3.97B,$1.29B,32.53%,$3.97B,$0.69B,17.35%,$3.97B,$0.35B,8.80%,$0.35B,$4.43B,9.52%,$0.35B,$2.37B,16.60%,$0.35B,$8.75B,4.88%,$0.90B,$6.39B,16.68%,$1238,$754,$484,$0,$33,$803,$435,$-50,$385,$169,$216,$227,$200,$541,$435,$324,327,$0.65,$0.64,$801,$270,$31,$1341,$3942,$1080,$2065,$231,$7413,$8754,$949,$1954,$343,$3372,$4321,$1,$1371,$-53,$4433,$8754,$441,$395,$32,$426,$71,$80,$0,$153,$327,$1194,$-242,$0,$-3178,$210,$167,$377,$-28,$-3070,$1189,$0,$1189,$1155,$1155,$-46,$-320,$1977,$101,$8,$-46
32,2010-09-30,16.09,$12.10,1.33,$10.51,1.53,$3.08,5.22,$0.63,25.46,$1.20B,$0.73B,1.65,$2.26B,$4.30B,0.52,$3.23B,$0.82B,25.42%,$3.23B,$0.53B,16.42%,$3.23B,$0.53B,16.42%,$3.23B,$0.85B,26.22%,$3.23B,$0.39B,11.97%,$3.23B,$0.20B,6.18%,$0.20B,$4.30B,6.68%,$0.20B,$2.21B,10.27%,$0.20B,$8.62B,3.58%,$0.53B,$6.56B,12.62%,$917,$747,$170,$0,$29,$780,$137,$-58,$79,$19,$60,$71,$48,$247,$137,$356,360,$0.14,$0.13,$648,$271,$22,$1199,$3929,$1111,$2096,$242,$7419,$8618,$725,$2256,$303,$3590,$4316,$1,$1178,$-36,$4302,$8618,$214,$289,$25,$313,$78,$76,$0,$51,$107,$634,$-176,$0,$-3178,$194,$167,$361,$27,$-2965,$1489,$0,$1489,$1151,$1151,$-39,$-318,$2282,$-49,$6,$-39
33,2010-06-30,10.68,$11.80,0.9,$9.71,1.1,$3.42,3.12,$0.65,16.33,$1.27B,$0.58B,2.18,$2.58B,$4.20B,0.62,$2.75B,$0.78B,28.25%,$2.75B,$0.48B,17.62%,$2.75B,$0.48B,17.62%,$2.75B,$0.72B,26.14%,$2.75B,$0.40B,14.56%,$2.75B,$0.19B,6.95%,$0.19B,$4.20B,8.09%,$0.19B,$2.10B,10.41%,$0.19B,$8.60B,4.75%,$0.48B,$6.78B,16.09%,$1308,$911,$397,$0,$28,$958,$350,$-129,$222,$90,$132,$137,$105,$500,$350,$337,341,$0.31,$0.31,$601,$287,$24,$1267,$3908,$1065,$2096,$219,$7328,$8595,$581,$2583,$302,$3820,$4400,$1,$1137,$-85,$4195,$8595,$143,$178,$-31,$147,$-45,$101,$0,$-249,$-244,$46,$-95,$0,$-3178,$193,$167,$360,$27,$-2886,$1839,$0,$1839,$1151,$1151,$-32,$-213,$2744,$-96,$4,$-32
34,2010-03-31,15.33,$7.16,2.14,$9.90,1.55,$5.05,3.03,$1.21,12.65,$1.55B,$0.63B,2.45,$0.01B,$1.74B,0.0,$2.43B,$0.81B,33.17%,$2.43B,$0.53B,21.77%,$2.43B,$0.53B,21.77%,$2.43B,$0.64B,26.26%,$2.43B,$0.57B,23.62%,$2.43B,$0.30B,12.30%,$0.30B,$1.74B,17.25%,$0.30B,$1.74B,17.26%,$0.30B,$2.63B,12.25%,$0.53B,$1.74B,30.48%,$502,$373,$129,$0,$16,$529,$-27,$28,$2,$-4,$6,$6,$-4,$2,$-27,$243,243,$-0.02,$-0.02,$1036,$287,$6,$1550,$790,$179,$1,$74,$1083,$2633,$633,$5,$200,$261,$894,$1,$1039,$-54,$1739,$2633,$6,$28,$-15,$13,$-26,$-79,$0,$133,$28,$48,$-23,$0,$0,$162,$167,$329,$-4,$302,$0,$0,$0,$0,$0,$-5,$-32,$-36,$313,$2,$-5
35,2009-12-31,15.24,$7.19,2.12,$10.61,1.44,$5.86,2.6,$1.49,10.26,$1.28B,$0.48B,2.67,$0.01B,$1.75B,0.0,$2.61B,$0.84B,32.16%,$2.61B,$0.68B,26.06%,$2.61B,$0.68B,26.06%,$2.61B,$0.78B,29.97%,$2.61B,$0.70B,26.72%,$2.61B,$0.37B,14.03%,$0.37B,$1.75B,22.12%,$0.37B,$1.74B,22.13%,$0.37B,$2.50B,15.19%,$0.68B,$1.75B,41.06%,$507,$381,$126,$0,$16,$436,$71,$12,$84,$26,$58,$57,$51,$99,$71,$243,246,$0.21,$0.21,$882,$208,$11,$1283,$794,$340,$1,$41,$1212,$2495,$480,$5,$197,$270,$750,$1,$1048,$-43,$1745,$2495,$449,$101,$-107,$-6,$21,$440,$0,$-185,$239,$682,$-226,$0,$0,$-125,$-127,$-251,$-10,$-488,$0,$0,$0,$3,$3,$-19,$-108,$-124,$72,$7,$-19
36,2009-09-30,14.46,$7.25,2.0,$12.35,1.17,$5.81,2.49,$2.00,7.25,$1.09B,$0.33B,3.3,$0.00B,$1.76B,0.0,$3.17B,$1.07B,33.84%,$3.17B,$0.95B,30.03%,$3.17B,$0.95B,30.03%,$3.17B,$1.05B,33.14%,$3.17B,$0.96B,30.25%,$3.17B,$0.51B,15.91%,$0.51B,$1.76B,32.45%,$0.51B,$1.76B,32.47%,$0.51B,$2.36B,21.20%,$0.95B,$1.76B,61.24%,$430,$306,$124,$0,$15,$340,$90,$2,$92,$32,$59,$60,$39,$117,$90,$243,247,$0.16,$0.16,$703,$220,$19,$1085,$767,$428,$1,$40,$1272,$2357,$329,$0,$205,$269,$598,$1,$1002,$-64,$1759,$2357,$391,$73,$-91,$-17,$43,$427,$0,$-233,$197,$571,$-173,$0,$0,$-152,$-247,$-399,$-10,$-581,$0,$0,$0,$3,$3,$-15,$-108,$-120,$-128,$5,$-15
37,2009-06-30,12.42,$6.97,1.78,$14.14,0.88,$5.96,2.08,$2.00,6.2,$1.28B,$0.31B,4.15,$0.00B,$1.69B,0.0,$3.77B,$1.07B,28.45%,$3.77B,$0.97B,25.66%,$3.77B,$0.97B,25.66%,$3.77B,$1.06B,28.21%,$3.77B,$0.97B,25.87%,$3.77B,$0.51B,13.63%,$0.51B,$1.69B,33.30%,$0.51B,$1.69B,33.32%,$0.51B,$2.28B,20.13%,$0.97B,$1.69B,62.66%,$991,$564,$427,$0,$17,$596,$395,$1,$396,$147,$249,$248,$213,$420,$395,$242,246,$0.88,$0.87,$921,$214,$11,$1284,$739,$180,$1,$39,$995,$2279,$310,$0,$203,$280,$590,$1,$970,$-66,$1690,$2279,$331,$46,$-65,$-19,$40,$407,$0,$-277,$175,$487,$-122,$0,$0,$-53,$0,$-53,$-8,$-182,$0,$0,$0,$1,$1,$-10,$-111,$-120,$191,$3,$-10
38,2009-03-31,11.9,$5.89,2.02,$14.14,0.84,$6.02,1.98,$2.14,5.56,$1.50B,$0.87B,1.73,$0.00B,$1.43B,0.0,$3.94B,$1.11B,28.31%,$3.94B,$1.02B,26.00%,$3.94B,$1.02B,26.00%,$3.94B,$1.12B,28.46%,$3.94B,$1.04B,26.38%,$3.94B,$0.59B,14.97%,$0.59B,$1.43B,38.58%,$0.59B,$1.42B,38.60%,$0.59B,$2.51B,22.06%,$1.02B,$1.43B,66.90%,$681,$518,$162,$0,$15,$557,$124,$1,$125,$41,$84,$83,$63,$146,$124,$242,246,$0.26,$0.26,$839,$460,$11,$1495,$706,$212,$1,$38,$1011,$2506,$866,$0,$216,$216,$1082,$1,$761,$-80,$1425,$2506,$83,$22,$-46,$-24,$-14,$134,$0,$99,$233,$292,$-69,$0,$0,$-32,$0,$-32,$-8,$-109,$0,$0,$0,$0,$0,$-5,$0,$-5,$179,$2,$-5
39,2008-12-31,8.21,$5.58,1.47,$13.69,0.6,$6.03,1.36,$2.44,3.36,$1.43B,$0.82B,1.75,$0.00B,$1.35B,0.0,$3.92B,$1.22B,31.19%,$3.92B,$1.15B,29.35%,$3.92B,$1.15B,29.35%,$3.92B,$1.25B,31.91%,$3.92B,$1.18B,29.97%,$3.92B,$0.69B,17.47%,$0.69B,$1.35B,45.48%,$0.69B,$1.35B,45.51%,$0.69B,$2.39B,25.60%,$1.15B,$1.35B,76.23%,$1072,$711,$361,$0,$15,$728,$344,$3,$347,$104,$243,$240,$190,$369,$344,$277,282,$0.72,$0.71,$625,$589,$18,$1433,$662,$223,$1,$40,$954,$2388,$818,$0,$213,$219,$1037,$1,$703,$-75,$1351,$2388,$802,$101,$121,$222,$-44,$-417,$0,$63,$-385,$639,$-131,$0,$0,$296,$0,$296,$-5,$160,$0,$0,$0,$-490,$-490,$-22,$-28,$-541,$259,$8,$-22
40,2008-09-30,15.24,$5.97,2.55,$12.89,1.18,$6.31,2.42,$2.20,6.94,$2.04B,$0.96B,2.13,$0.01B,$1.70B,0.0,$3.70B,$1.10B,29.67%,$3.70B,$1.02B,27.59%,$3.70B,$1.02B,27.59%,$3.70B,$1.12B,30.26%,$3.70B,$1.09B,29.42%,$3.70B,$0.63B,17.02%,$0.63B,$1.70B,43.00%,$0.63B,$1.70B,43.03%,$0.63B,$3.02B,24.39%,$1.02B,$1.70B,69.44%,$1021,$900,$121,$0,$17,$918,$103,$3,$106,$28,$78,$77,$47,$127,$103,$284,289,$0.17,$0.16,$1152,$617,$36,$2042,$665,$240,$1,$43,$977,$3019,$960,$5,$162,$362,$1322,$1,$894,$-30,$1696,$3019,$562,$76,$122,$198,$-10,$-387,$0,$287,$-145,$614,$-104,$0,$0,$-31,$0,$-31,$-5,$-140,$0,$0,$0,$10,$10,$-17,$-5,$-12,$462,$7,$-17
41,2008-06-30,25.45,$5.79,4.4,$11.40,2.23,$6.05,4.21,$2.34,10.88,$1.77B,$0.91B,1.94,$0.01B,$1.64B,0.0,$3.26B,$1.13B,34.57%,$3.26B,$1.06B,32.36%,$3.26B,$1.06B,32.36%,$3.26B,$1.15B,35.30%,$3.26B,$1.12B,34.20%,$3.26B,$0.67B,20.53%,$0.67B,$1.64B,51.61%,$0.67B,$1.63B,51.64%,$0.67B,$2.77B,29.33%,$1.06B,$1.64B,81.03%,$1161,$691,$470,$0,$18,$709,$452,$8,$460,$160,$301,$308,$289,$478,$452,$282,288,$1.02,$1.00,$1045,$369,$182,$1771,$649,$275,$1,$42,$997,$2767,$914,$5,$148,$219,$1133,$1,$853,$-28,$1635,$2767,$485,$51,$-129,$-78,$-28,$-137,$0,$93,$109,$517,$-70,$0,$0,$24,$0,$24,$-5,$-51,$0,$0,$0,$4,$4,$-11,$-18,$-26,$439,$5,$-11
42,2008-03-31,17.25,$4.76,3.62,$10.37,1.66,$5.43,3.18,$1.66,10.36,$1.52B,$0.99B,1.54,$0.01B,$1.34B,0.0,$2.95B,$0.84B,28.33%,$2.95B,$0.76B,25.86%,$2.95B,$0.76B,25.86%,$2.95B,$0.85B,28.94%,$2.95B,$0.80B,27.14%,$2.95B,$0.48B,16.10%,$0.48B,$1.34B,42.30%,$0.48B,$1.34B,42.33%,$0.48B,$2.53B,23.88%,$0.76B,$1.35B,67.66%,$667,$396,$271,$0,$18,$416,$252,$11,$262,$87,$176,$177,$159,$277,$252,$282,288,$0.56,$0.55,$852,$445,$66,$1517,$636,$305,$1,$43,$1014,$2531,$986,$5,$144,$202,$1188,$1,$570,$-28,$1343,$2531,$177,$26,$-59,$-34,$-7,$-213,$0,$262,$153,$297,$-34,$0,$0,$226,$0,$226,$-5,$187,$0,$0,$0,$2,$2,$-6,$5,$1,$486,$2,$-6
43,2007-12-31,18.3,$4.22,4.34,$9.73,1.88,$5.12,3.58,$1.31,13.93,$1.28B,$0.63B,2.03,$0.01B,$1.19B,0.0,$2.76B,$0.67B,24.31%,$2.76B,$0.60B,21.81%,$2.76B,$0.60B,21.81%,$2.76B,$0.69B,24.93%,$2.76B,$0.63B,22.71%,$2.76B,$0.37B,13.53%,$0.37B,$1.19B,37.50%,$0.37B,$1.19B,37.53%,$0.37B,$2.01B,21.24%,$0.60B,$1.19B,60.15%,$853,$617,$236,$0,$17,$638,$214,$47,$261,$72,$189,$190,$135,$238,$214,$279,284,$0.48,$0.47,$861,$232,$38,$1279,$624,$42,$1,$45,$733,$2013,$629,$5,$142,$196,$826,$1,$417,$-21,$1187,$2013,$427,$85,$27,$111,$-29,$-54,$0,$189,$152,$690,$-101,$0,$0,$-194,$-27,$-221,$-21,$-343,$0,$0,$0,$17,$17,$-5,$-17,$-5,$341,$10,$-5
44,2007-09-30,12.62,$3.68,3.43,$8.71,1.45,$3.57,3.54,$0.87,14.57,$1.14B,$0.56B,2.02,$0.01B,$1.03B,0.01,$2.45B,$0.48B,19.48%,$2.45B,$0.40B,16.25%,$2.45B,$0.40B,16.25%,$2.45B,$0.48B,19.76%,$2.45B,$0.38B,15.43%,$2.45B,$0.25B,10.04%,$0.25B,$1.03B,27.65%,$0.25B,$1.03B,27.67%,$0.25B,$1.83B,15.62%,$0.40B,$1.03B,44.52%,$583,$432,$151,$0,$17,$445,$138,$-5,$133,$46,$87,$87,$87,$159,$138,$278,285,$0.31,$0.30,$730,$237,$22,$1139,$618,$0,$1,$46,$687,$1825,$564,$5,$156,$233,$797,$1,$283,$-29,$1028,$1825,$237,$61,$55,$116,$-23,$-59,$0,$236,$150,$504,$-74,$0,$0,$-377,$0,$-377,$-8,$-459,$0,$0,$0,$11,$11,$-3,$-25,$-18,$28,$7,$-3
45,2007-06-30,9.95,$3.35,2.97,$8.11,1.23,$2.50,3.98,$0.59,16.93,$0.92B,$0.43B,2.15,$0.01B,$0.93B,0.01,$2.27B,$0.35B,15.54%,$2.27B,$0.27B,12.01%,$2.27B,$0.27B,12.01%,$2.27B,$0.36B,15.89%,$2.27B,$0.26B,11.30%,$2.27B,$0.17B,7.33%,$0.17B,$0.93B,20.05%,$0.17B,$0.93B,20.07%,$0.17B,$1.59B,11.51%,$0.27B,$0.94B,32.69%,$849,$671,$178,$0,$18,$690,$159,$-15,$145,$51,$94,$94,$94,$180,$159,$277,283,$0.34,$0.33,$566,$180,$20,$923,$596,$0,$1,$46,$665,$1588,$429,$5,$159,$225,$654,$1,$197,$-31,$934,$1588,$151,$41,$37,$78,$-37,$-3,$0,$73,$74,$302,$-39,$0,$0,$-206,$0,$-206,$-8,$-254,$0,$0,$0,$8,$8,$-2,$-27,$-21,$34,$4,$-2
46,2007-03-31,6.4,$3.00,2.14,$7.61,0.84,$1.72,3.73,$0.41,15.54,$0.94B,$0.58B,1.61,$0.00B,$0.83B,0.01,$2.11B,$0.28B,13.06%,$2.11B,$0.20B,9.41%,$2.11B,$0.20B,9.41%,$2.11B,$0.29B,13.78%,$2.11B,$0.18B,8.60%,$2.11B,$0.12B,5.46%,$0.12B,$0.83B,14.60%,$0.12B,$0.83B,14.62%,$0.12B,$1.60B,8.58%,$0.20B,$0.83B,25.01%,$472,$367,$105,$0,$14,$382,$90,$-3,$87,$30,$57,$57,$57,$110,$90,$276,281,$0.21,$0.20,$491,$304,$24,$937,$594,$0,$1,$45,$661,$1598,$581,$4,$156,$187,$768,$1,$105,$-33,$830,$1598,$57,$20,$-23,$-3,$-3,$-127,$0,$228,$136,$191,$-21,$0,$0,$-163,$0,$-163,$-8,$-192,$0,$0,$0,$3,$3,$-1,$1,$3,$2,$2,$-1
47,2006-12-31,4.26,$2.78,1.53,$7.39,0.58,$1.14,3.74,$0.12,36.07,$0.63B,$0.35B,1.79,$0.00B,$0.77B,0.01,$2.03B,$0.15B,7.23%,$2.03B,$0.07B,3.49%,$2.03B,$0.07B,3.49%,$2.03B,$0.17B,8.11%,$2.03B,$0.05B,2.61%,$2.03B,$0.03B,1.62%,$0.03B,$0.77B,4.33%,$0.03B,$0.77B,4.33%,$0.03B,$1.29B,2.61%,$0.07B,$0.77B,9.26%,$545,$502,$43,$0,$14,$534,$11,$2,$13,$5,$8,$8,$8,$35,$11,$275,276,$0.03,$0.03,$326,$176,$18,$633,$597,$0,$1,$46,$657,$1290,$353,$4,$152,$170,$523,$1,$49,$-33,$767,$1290,$33,$95,$77,$172,$-62,$52,$0,$3,$-1,$204,$-59,$0,$0,$-121,$0,$-121,$-11,$-191,$0,$0,$0,$0,$0,$-4,$-19,$-23,$-12,$8,$-4
