,Date,Stock Price,Book Value per Share,Price to Book Ratio,TTM Sales per Share,Price to Sales Ratio,TTM FCF per Share,Price to FCF Ratio,TTM Net EPS,PE Ratio,Current Assets,Current Liabilities,Current Ratio,Long Term Debt,Shareholder's Equity_x,Debt to Equity Ratio,TTM Revenue_x,TTM Gross Profit,Gross Margin,TTM Revenue_y,TTM Operating Income,Operating Margin,TTM Revenue_x,TTM EBIT,EBIT Margin,TTM Revenue_y,TTM EBITDA,EBITDA Margin,TTM Revenue_x,TTM Pre-Tax Income,Pre-Tax Margin,TTM Revenue_y,TTM Net Income_x,Net Margin,TTM Net Income_y,Shareholder's Equity_y,Return on Equity,TTM Net Income_x,Tangible Equity,Return on Tangible Equity,TTM Net Income_y,Total Assets,Return on Assets,TTM Net Income,LT Investments & Debt,Return on Investment,revenue,cost-goods-sold,gross-profit,research-development-expenses,selling-general-administrative-expenses,operating-expenses,operating-income,total-non-operating-income-expense,pre-tax-income,total-provision-income-taxes,income-after-taxes,income-from-continuous-operations,net-income,ebitda,ebit,basic-shares-outstanding,shares-outstanding,eps-basic-net-earnings-per-share,eps-earnings-per-share-diluted,cash-on-hand,inventory,other-current-assets,total-current-assets,net-property-plant-equipment,long-term-investments,goodwill-intangible-assets-total,other-long-term-assets,total-long-term-assets,total-assets,total-current-liabilities,long-term-debt,other-non-current-liabilities,total-long-term-liabilities,total-liabilities,common-stock-net,retained-earnings-accumulated-deficit,comprehensive-income,total-share-holder-equity,total-liabilities-share-holders-equity,net-income-loss,total-depreciation-amortization-cash-flow,other-non-cash-items,total-non-cash-items,change-in-accounts-receivable,change-in-inventories,change-in-accounts-payable,change-in-assets-liabilities,total-change-in-assets-liabilities,cash-flow-from-operating-activities,net-change-in-property-plant-equipment,net-change-in-intangible-assets,net-acquisitions-divestitures,net-change-in-short-term-investments,net-change-in-long-term-investments,net-change-in-investments-total,investing-activities-other,cash-flow-from-investing-activities,net-long-term-debt,net-current-debt,debt-issuance-retirement-net-total,net-common-equity-issued-repurchased,net-total-equity-issued-repurchased,total-common-preferred-stock-dividends-paid,financial-activities-other,cash-flow-from-financial-activities,net-cash-flow,stock-based-compensation,common-stock-dividends-paid
0,2018-06-30,13.08,$9.70,1.35,$2.58,5.06,$1.96,6.68,$0.73,17.91,$7.42B,$5.41B,1.37,$2.28B,$1.34B,1.7,$0.35B,$0.22B,63.69%,$0.35B,$0.13B,36.60%,$0.35B,0,0.00%,$0.35B,0,0.00%,$0.35B,$0.13B,36.60%,$0.35B,$0.10B,28.24%,$0.10B,$1.34B,7.23%,$0.10B,$1.34B,7.23%,$0.10B,$9.05B,1.08%,$0.13B,$3.62B,3.47%,$88,$33,$55,$0,$25,$57,$30,$0,$30,$8,$22,$22,$22,$0,$0,$134,135,$0.17,$0.17,$182,$0,$0,$7421,$86,$1321,$0,$221,$1627,$9049,$5414,$2275,$0,$2293,$7707,$1,$205,$4,$1341,$9049,$78,$10,$-7,$3,$16,$0,$0,$0,$10,$90,$-7,$0,$0,$0,$24,$24,$-60,$-42,$-100,$0,$-100,$0,$0,$-107,$-11,$-217,$-170,$2,$-107
1,2018-03-31,11.96,$9.87,1.21,$2.57,4.66,$1.72,6.97,$0.72,16.61,$7.34B,$5.46B,1.35,$2.27B,$1.37B,1.67,$0.34B,$0.22B,64.24%,$0.34B,$0.13B,37.50%,$0.34B,0,0.00%,$0.34B,0,0.00%,$0.34B,$0.13B,37.50%,$0.34B,$0.10B,28.20%,$0.10B,$1.37B,7.13%,$0.10B,$1.37B,7.13%,$0.10B,$9.12B,1.07%,$0.13B,$3.64B,3.50%,$87,$32,$55,$0,$24,$55,$32,$0,$32,$8,$23,$23,$23,$0,$0,$134,134,$0.17,$0.17,$141,$0,$0,$7341,$85,$1471,$0,$219,$1775,$9116,$5459,$2274,$0,$2293,$7752,$1,$227,$5,$1365,$9116,$55,$7,$-5,$2,$16,$0,$0,$2,$10,$67,$-4,$0,$0,$0,$-126,$-126,$-21,$-151,$-100,$0,$-100,$0,$0,$-62,$35,$-126,$-211,$1,$-62
2,2017-12-31,12.9,$9.77,1.32,$2.54,5.09,$1.51,8.55,$0.71,18.18,$7.22B,$5.35B,1.35,$2.27B,$1.35B,1.68,$0.34B,$0.22B,65.00%,$0.34B,$0.13B,38.24%,$0.34B,0,0.00%,$0.34B,0,0.00%,$0.34B,$0.13B,38.24%,$0.34B,$0.10B,28.24%,$0.10B,$1.35B,7.03%,$0.10B,$1.35B,7.03%,$0.10B,$8.99B,1.05%,$0.13B,$3.63B,3.48%,$86,$31,$55,$0,$22,$53,$33,$0,$33,$1,$32,$32,$32,$0,$0,$134,134,$0.24,$0.24,$29,$0,$0,$7219,$85,$1468,$0,$219,$1771,$8990,$5347,$2274,$0,$2292,$7640,$1,$216,$3,$1351,$8990,$32,$3,$-9,$-6,$16,$0,$0,$2,$17,$43,$-2,$0,$0,$0,$-123,$-123,$-11,$-136,$-100,$0,$-100,$0,$0,$-50,$-80,$-230,$-323,$1,$-50
3,2017-09-30,13.76,$9.90,1.39,$2.50,5.51,$1.39,9.91,$0.62,22.2,$7.55B,$5.43B,1.39,$2.37B,$1.37B,1.74,$0.34B,$0.22B,65.37%,$0.34B,$0.13B,38.21%,$0.34B,0,0.00%,$0.34B,0,0.00%,$0.34B,$0.13B,38.21%,$0.34B,$0.09B,25.37%,$0.09B,$1.37B,6.21%,$0.09B,$1.37B,6.21%,$0.09B,$9.19B,0.93%,$0.13B,$3.74B,3.38%,$86,$31,$56,$0,$23,$54,$32,$0,$32,$11,$21,$21,$21,$0,$0,$134,134,$0.16,$0.16,$352,$0,$0,$7547,$85,$1345,$0,$217,$1646,$9193,$5426,$2374,$0,$2398,$7825,$1,$235,$3,$1368,$9193,$84,$14,$-8,$5,$7,$0,$0,$-1,$-4,$85,$-9,$0,$0,$0,$397,$397,$-242,$146,$-200,$0,$-200,$9,$9,$-118,$147,$-162,$70,$3,$-118
4,2017-06-30,13.22,$9.83,1.34,$2.47,5.36,$1.35,9.82,$0.63,20.99,$7.37B,$5.35B,1.38,$2.37B,$1.36B,1.75,$0.33B,$0.22B,65.45%,$0.33B,$0.13B,37.88%,$0.33B,0,0.00%,$0.33B,0,0.00%,$0.33B,$0.13B,38.18%,$0.33B,$0.09B,25.76%,$0.09B,$1.36B,6.18%,$0.09B,$1.36B,6.18%,$0.09B,$9.10B,0.93%,$0.13B,$3.73B,3.25%,$85,$30,$55,$0,$23,$53,$32,$0,$32,$11,$21,$21,$21,$0,$0,$134,134,$0.16,$0.16,$130,$0,$0,$7371,$84,$1445,$0,$204,$1732,$9103,$5346,$2373,$0,$2398,$7744,$1,$225,$4,$1359,$9103,$64,$10,$-7,$3,$0,$0,$0,$0,$-10,$57,$-7,$0,$0,$0,$295,$295,$-280,$8,$-400,$200,$-200,$9,$9,$-107,$81,$-217,$-152,$2,$-107
5,2017-03-31,13.3,$10.00,1.33,$2.44,5.45,$1.35,9.85,$0.62,21.46,$7.43B,$5.37B,1.39,$2.47B,$1.38B,1.79,$0.33B,$0.21B,65.64%,$0.33B,$0.12B,37.73%,$0.33B,0,0.00%,$0.33B,0,0.00%,$0.33B,$0.12B,38.04%,$0.33B,$0.09B,26.07%,$0.09B,$1.38B,6.15%,$0.09B,$1.38B,6.15%,$0.09B,$9.25B,0.92%,$0.12B,$3.86B,3.13%,$83,$29,$55,$0,$22,$51,$33,$0,$33,$11,$22,$22,$22,$0,$0,$134,134,$0.16,$0.16,$241,$0,$0,$7434,$83,$1525,$0,$204,$1812,$9246,$5366,$2473,$0,$2498,$7864,$1,$249,$4,$1382,$9246,$42,$7,$-4,$3,$0,$0,$0,$1,$-6,$38,$-4,$0,$0,$0,$214,$214,$-235,$-24,$-100,$0,$-100,$8,$8,$-62,$98,$-55,$-41,$2,$-62
6,2016-12-31,14.89,$9.92,1.5,$2.44,6.11,$1.36,10.96,$0.62,24.01,$7.22B,$5.27B,1.37,$2.47B,$1.37B,1.81,$0.33B,$0.21B,65.85%,$0.33B,$0.12B,37.54%,$0.33B,0,0.00%,$0.33B,0,0.00%,$0.33B,$0.12B,37.85%,$0.33B,$0.09B,26.15%,$0.09B,$1.37B,6.13%,$0.09B,$1.37B,6.13%,$0.09B,$9.14B,0.92%,$0.12B,$3.84B,3.06%,$81,$28,$53,$0,$22,$50,$31,$0,$31,$10,$21,$21,$21,$0,$0,$134,134,$0.15,$0.15,$151,$0,$0,$7222,$84,$1627,$0,$206,$1918,$9140,$5274,$2473,$0,$2497,$7771,$1,$239,$5,$1368,$9140,$21,$4,$-2,$1,$0,$0,$0,$-0,$5,$27,$-2,$0,$0,$0,$110,$110,$-113,$-5,$-100,$0,$-100,$5,$5,$-50,$-8,$-153,$-131,$1,$-50
7,2016-09-30,12.43,$10.13,1.23,$2.44,5.1,$1.33,9.31,$0.63,19.72,$7.24B,$5.28B,1.37,$2.57B,$1.39B,1.85,$0.32B,$0.22B,66.36%,$0.32B,$0.12B,37.35%,$0.32B,0,0.00%,$0.32B,0,0.00%,$0.32B,$0.12B,37.65%,$0.32B,$0.09B,26.23%,$0.09B,$1.39B,6.11%,$0.09B,$1.39B,6.11%,$0.09B,$9.27B,0.92%,$0.12B,$3.97B,3.00%,$81,$28,$53,$0,$24,$52,$29,$0,$30,$10,$21,$21,$21,$0,$0,$133,133,$0.16,$0.16,$282,$0,$0,$7240,$83,$1738,$0,$206,$2027,$9267,$5277,$2572,$0,$2598,$7874,$1,$268,$6,$1393,$9267,$83,$14,$-9,$5,$0,$0,$0,$2,$-4,$85,$-15,$0,$0,$0,$445,$445,$-330,$99,$-900,$0,$-900,$4,$4,$-112,$332,$-675,$-491,$3,$-112
8,2016-06-30,12.25,$10.06,1.22,$2.42,5.07,$1.36,9.01,$0.61,20.07,$6.99B,$5.16B,1.35,$2.67B,$1.38B,1.94,$0.32B,$0.22B,66.56%,$0.32B,$0.12B,37.15%,$0.32B,0,0.00%,$0.32B,0,0.00%,$0.32B,$0.12B,37.15%,$0.32B,$0.08B,25.70%,$0.08B,$1.38B,5.94%,$0.08B,$1.38B,5.94%,$0.08B,$9.24B,0.88%,$0.12B,$4.05B,2.81%,$81,$28,$53,$0,$23,$51,$30,$0,$30,$9,$21,$21,$21,$0,$0,$133,133,$0.15,$0.15,$153,$0,$0,$6992,$82,$1970,$0,$198,$2250,$9242,$5163,$2672,$0,$2698,$7861,$1,$259,$7,$1381,$9242,$63,$11,$-7,$4,$0,$0,$0,$0,$-5,$62,$-11,$0,$0,$0,$213,$213,$-213,$-11,$-800,$0,$-800,$1,$1,$-100,$229,$-671,$-620,$3,$-100
9,2016-03-31,11.35,$10.23,1.11,$2.39,4.74,$1.38,8.22,$0.60,18.92,$6.97B,$5.22B,1.34,$2.67B,$1.40B,1.9,$0.32B,$0.21B,66.67%,$0.32B,$0.12B,37.07%,$0.32B,0,0.00%,$0.32B,0,0.00%,$0.32B,$0.12B,37.07%,$0.32B,$0.08B,25.55%,$0.08B,$1.40B,5.82%,$0.08B,$1.40B,5.82%,$0.08B,$9.32B,0.88%,$0.12B,$4.08B,2.76%,$82,$27,$55,$0,$23,$51,$32,$0,$32,$10,$22,$22,$22,$0,$0,$133,133,$0.16,$0.16,$204,$0,$0,$6973,$81,$2063,$0,$200,$2344,$9317,$5216,$2672,$0,$2698,$7913,$1,$283,$7,$1403,$9317,$42,$7,$-4,$3,$0,$0,$0,$0,$-1,$44,$-8,$0,$0,$0,$119,$119,$-145,$-35,$-800,$0,$-800,$0,$0,$-56,$278,$-578,$-569,$2,$-56
10,2015-12-31,10.68,$10.14,1.05,$2.36,4.53,$1.40,7.61,$0.58,18.41,$6.90B,$5.05B,1.37,$2.67B,$1.39B,1.92,$0.32B,$0.21B,66.35%,$0.32B,$0.12B,36.48%,$0.32B,0,0.00%,$0.32B,0,0.00%,$0.32B,$0.12B,36.48%,$0.32B,$0.08B,24.84%,$0.08B,$1.39B,5.53%,$0.08B,$1.39B,5.53%,$0.08B,$9.13B,0.83%,$0.12B,$4.06B,2.54%,$80,$26,$54,$0,$24,$50,$30,$0,$30,$9,$21,$21,$21,$0,$0,$133,133,$0.16,$0.16,$232,$0,$0,$6897,$79,$1956,$0,$201,$2236,$9133,$5046,$2671,$0,$2697,$7743,$1,$273,$6,$1391,$9133,$21,$4,$-2,$2,$0,$0,$0,$0,$4,$26,$-5,$0,$0,$0,$221,$221,$-41,$175,$-800,$0,$-800,$0,$0,$-45,$102,$-742,$-540,$1,$-45
11,2015-09-30,10.03,$10.33,0.97,$2.34,4.28,$1.44,6.99,$0.57,17.6,$7.40B,$4.93B,1.5,$3.47B,$1.42B,2.45,$0.32B,$0.21B,66.04%,$0.32B,$0.12B,36.48%,$0.32B,0,0.00%,$0.32B,0,0.00%,$0.32B,$0.12B,36.48%,$0.32B,$0.08B,24.53%,$0.08B,$1.42B,5.39%,$0.08B,$1.42B,5.39%,$0.08B,$9.84B,0.82%,$0.12B,$4.89B,2.52%,$80,$26,$53,$0,$25,$52,$28,$0,$28,$9,$19,$19,$19,$0,$0,$135,135,$0.15,$0.15,$773,$0,$0,$7399,$76,$2180,$0,$190,$2445,$9844,$4931,$3471,$0,$3497,$8428,$1,$297,$8,$1416,$9844,$78,$17,$-4,$12,$0,$0,$0,$4,$-4,$87,$-12,$0,$0,$0,$436,$436,$-442,$-18,$-120,$0,$-120,$-50,$-50,$-114,$178,$-106,$-38,$4,$-114
12,2015-06-30,9.9,$10.29,0.96,$2.33,4.25,$1.49,6.64,$0.58,17.08,$6.54B,$4.89B,1.34,$2.79B,$1.43B,1.96,$0.32B,$0.21B,66.35%,$0.32B,$0.12B,37.11%,$0.32B,0,0.00%,$0.32B,0,0.00%,$0.32B,$0.12B,37.11%,$0.32B,$0.08B,24.84%,$0.08B,$1.43B,5.39%,$0.08B,$1.43B,5.39%,$0.08B,$9.13B,0.83%,$0.12B,$4.22B,2.53%,$79,$27,$52,$0,$23,$51,$29,$0,$29,$9,$20,$20,$20,$0,$0,$136,136,$0.14,$0.14,$47,$0,$0,$6544,$73,$2373,$0,$142,$2588,$9131,$4886,$2793,$0,$2819,$7704,$1,$295,$8,$1427,$9131,$59,$13,$-6,$7,$0,$0,$0,$3,$-4,$62,$-7,$0,$0,$0,$241,$241,$-265,$-31,$-800,$0,$-800,$-30,$-30,$-103,$137,$-795,$-764,$3,$-103
13,2015-03-31,10.0,$10.50,0.95,$2.31,4.34,$1.53,6.53,$0.58,17.25,$7.39B,$4.93B,1.5,$3.59B,$1.48B,2.43,$0.32B,$0.21B,66.56%,$0.32B,$0.12B,37.22%,$0.32B,0,0.00%,$0.32B,0,0.00%,$0.32B,$0.12B,37.22%,$0.32B,$0.08B,24.92%,$0.08B,$1.48B,5.32%,$0.08B,$1.48B,5.32%,$0.08B,$10.02B,0.83%,$0.12B,$5.07B,2.52%,$79,$27,$52,$0,$23,$50,$29,$0,$29,$10,$19,$19,$19,$0,$0,$136,136,$0.14,$0.14,$1021,$0,$0,$7386,$72,$2423,$0,$141,$2637,$10023,$4929,$3592,$0,$3617,$8546,$1,$328,$10,$1477,$10023,$40,$8,$-4,$5,$0,$0,$0,$3,$-0,$44,$-5,$0,$0,$0,$193,$193,$-133,$55,$0,$0,$0,$-7,$-7,$-57,$175,$111,$210,$2,$-57
14,2014-12-31,10.16,$10.42,0.97,$2.28,4.45,$1.53,6.64,$0.58,17.52,$6.47B,$4.78B,1.36,$2.79B,$1.47B,1.9,$0.32B,$0.21B,66.46%,$0.32B,$0.12B,37.34%,$0.32B,0,0.00%,$0.32B,0,0.00%,$0.32B,$0.12B,37.34%,$0.32B,$0.08B,25.32%,$0.08B,$1.47B,5.34%,$0.08B,$1.47B,5.34%,$0.08B,$9.06B,0.86%,$0.12B,$4.26B,2.63%,$80,$27,$53,$0,$23,$50,$30,$0,$30,$10,$20,$20,$20,$0,$0,$136,136,$0.15,$0.15,$209,$0,$0,$6470,$71,$2372,$0,$144,$2586,$9056,$4776,$2791,$0,$2814,$7590,$1,$320,$8,$1466,$9056,$20,$4,$-2,$2,$0,$0,$0,$1,$6,$29,$-3,$0,$0,$0,$238,$238,$-29,$206,$-800,$0,$-800,$-7,$-7,$-46,$15,$-838,$-602,$1,$-46
15,2014-09-30,9.15,$10.59,0.86,$2.24,4.09,$1.49,6.12,$0.55,16.63,$7.04B,$4.76B,1.48,$3.59B,$1.49B,2.41,$0.31B,$0.21B,65.92%,$0.31B,$0.11B,36.31%,$0.31B,0,0.00%,$0.31B,0,0.00%,$0.31B,$0.11B,36.31%,$0.31B,$0.08B,24.84%,$0.08B,$1.49B,5.12%,$0.08B,$1.49B,5.12%,$0.08B,$9.87B,0.84%,$0.11B,$5.08B,2.52%,$80,$26,$54,$0,$24,$50,$30,$0,$30,$10,$20,$20,$20,$0,$0,$139,139,$0.16,$0.16,$811,$0,$0,$7044,$71,$2607,$0,$144,$2821,$9865,$4760,$3590,$0,$3612,$8372,$1,$347,$7,$1493,$9865,$78,$19,$1,$20,$1,$0,$0,$2,$-6,$92,$-7,$0,$0,$0,$310,$310,$-275,$28,$750,$0,$750,$-79,$-79,$-138,$45,$577,$697,$4,$-138
16,2014-06-30,9.35,$10.53,0.89,$2.20,4.25,$1.46,6.4,$0.51,18.34,$6.24B,$4.72B,1.32,$2.79B,$1.50B,1.86,$0.31B,$0.20B,65.06%,$0.31B,$0.11B,34.94%,$0.31B,0,0.00%,$0.31B,0,0.00%,$0.31B,$0.11B,34.94%,$0.31B,$0.07B,23.72%,$0.07B,$1.50B,4.75%,$0.07B,$1.50B,4.75%,$0.07B,$9.03B,0.81%,$0.11B,$4.29B,2.49%,$78,$26,$52,$0,$23,$48,$29,$0,$29,$9,$20,$20,$20,$0,$0,$138,138,$0.14,$0.14,$88,$0,$0,$6244,$70,$2607,$0,$110,$2787,$9031,$4722,$2788,$0,$2810,$7532,$1,$342,$7,$1499,$9031,$57,$14,$0,$14,$1,$0,$0,$2,$-5,$67,$-5,$0,$0,$0,$308,$308,$-174,$130,$-50,$0,$-50,$-66,$-66,$-128,$22,$-222,$-25,$3,$-128
17,2014-03-31,9.4,$10.69,0.88,$2.19,4.29,$1.46,6.44,$0.50,18.81,$6.19B,$4.78B,1.3,$2.79B,$1.53B,1.82,$0.31B,$0.20B,64.22%,$0.31B,$0.11B,34.19%,$0.31B,0,0.00%,$0.31B,0,0.00%,$0.31B,$0.11B,34.19%,$0.31B,$0.07B,23.00%,$0.07B,$1.53B,4.53%,$0.07B,$1.53B,4.53%,$0.07B,$9.12B,0.79%,$0.11B,$4.32B,2.42%,$78,$26,$51,$0,$22,$48,$29,$0,$29,$10,$20,$20,$20,$0,$0,$139,139,$0.14,$0.14,$115,$0,$0,$6192,$70,$2742,$0,$112,$2923,$9115,$4777,$2787,$0,$2808,$7585,$1,$370,$5,$1530,$9115,$38,$10,$0,$10,$1,$0,$0,$1,$-4,$44,$-4,$0,$0,$0,$171,$171,$-95,$72,$-50,$0,$-50,$-57,$-57,$-83,$75,$-114,$1,$2,$-83
18,2013-12-31,9.01,$10.65,0.85,$2.19,4.11,$1.43,6.28,$0.48,18.77,$6.14B,$4.69B,1.31,$2.84B,$1.57B,1.81,$0.32B,$0.20B,63.29%,$0.32B,$0.11B,33.23%,$0.32B,0,0.00%,$0.32B,0,0.00%,$0.32B,$0.11B,33.23%,$0.32B,$0.07B,22.15%,$0.07B,$1.57B,4.33%,$0.07B,$1.57B,4.33%,$0.07B,$9.11B,0.76%,$0.11B,$4.41B,2.33%,$78,$28,$50,$0,$23,$51,$26,$0,$26,$9,$18,$18,$18,$0,$0,$143,143,$0.12,$0.12,$89,$0,$0,$6136,$71,$2791,$0,$112,$2975,$9111,$4686,$2836,$0,$2855,$7542,$1,$376,$5,$1569,$9111,$18,$5,$0,$6,$1,$0,$0,$1,$2,$25,$-3,$0,$0,$0,$121,$121,$-66,$53,$0,$0,$0,$-7,$-7,$-72,$-24,$-103,$-25,$1,$-72
19,2013-09-30,8.88,$11.04,0.8,$2.21,4.01,$1.41,6.32,$0.48,18.5,$6.07B,$4.70B,1.29,$2.83B,$1.63B,1.74,$0.32B,$0.20B,62.62%,$0.32B,$0.11B,32.71%,$0.32B,0,0.00%,$0.32B,0,0.00%,$0.32B,$0.11B,32.71%,$0.32B,$0.07B,21.81%,$0.07B,$1.63B,4.26%,$0.07B,$1.63B,4.26%,$0.07B,$9.19B,0.76%,$0.11B,$4.47B,2.31%,$78,$28,$50,$0,$25,$53,$25,$0,$25,$9,$16,$16,$16,$0,$0,$145,145,$0.11,$0.11,$114,$0,$0,$6073,$70,$2917,$0,$127,$3114,$9186,$4700,$2834,$0,$2854,$7554,$1,$432,$7,$1632,$9186,$69,$22,$9,$32,$0,$0,$0,$11,$1,$102,$-19,$0,$0,$0,$480,$480,$-345,$116,$-70,$0,$-70,$-92,$-92,$-147,$63,$-246,$-28,$9,$-147
20,2013-06-30,8.62,$10.99,0.78,$2.21,3.89,$1.43,6.05,$0.48,17.96,$5.95B,$4.70B,1.27,$2.90B,$1.63B,1.79,$0.33B,$0.20B,61.89%,$0.33B,$0.11B,32.93%,$0.33B,0,0.00%,$0.33B,0,0.00%,$0.33B,$0.11B,32.93%,$0.33B,$0.07B,21.95%,$0.07B,$1.63B,4.27%,$0.07B,$1.63B,4.27%,$0.07B,$9.24B,0.77%,$0.11B,$4.53B,2.35%,$79,$29,$50,$0,$23,$52,$27,$0,$27,$9,$18,$18,$18,$0,$0,$143,143,$0.13,$0.13,$131,$0,$0,$5948,$65,$3121,$0,$105,$3291,$9240,$4695,$2901,$0,$2921,$7615,$1,$427,$7,$1625,$9240,$53,$17,$3,$20,$2,$0,$0,$8,$1,$75,$-11,$0,$0,$0,$276,$276,$-181,$84,$0,$0,$0,$-89,$-89,$-136,$56,$-169,$-10,$7,$-136
21,2013-03-31,8.52,$11.00,0.77,$2.21,3.85,$1.41,6.03,$0.47,18.12,$5.79B,$4.78B,1.21,$2.95B,$1.64B,1.8,$0.34B,$0.21B,61.01%,$0.34B,$0.11B,32.74%,$0.34B,0,0.00%,$0.34B,0,0.00%,$0.34B,$0.11B,32.74%,$0.34B,$0.07B,21.73%,$0.07B,$1.64B,4.20%,$0.07B,$1.64B,4.20%,$0.07B,$9.39B,0.78%,$0.11B,$4.59B,2.37%,$81,$31,$50,$0,$23,$54,$27,$0,$27,$9,$18,$18,$18,$0,$0,$145,145,$0.12,$0.12,$49,$0,$0,$5788,$62,$3330,$0,$214,$3605,$9394,$4779,$2949,$0,$2972,$7751,$1,$425,$18,$1643,$9394,$35,$11,$3,$14,$2,$0,$0,$1,$-6,$44,$-6,$0,$0,$0,$85,$85,$-106,$-27,$-50,$0,$-50,$-72,$-72,$-125,$137,$-110,$-93,$5,$-125
22,2012-12-31,8.19,$10.98,0.75,$2.21,3.71,$1.44,5.69,$0.47,17.44,$5.77B,$4.65B,1.24,$2.90B,$1.67B,1.74,$0.34B,$0.21B,60.76%,$0.34B,$0.11B,32.85%,$0.34B,0,0.00%,$0.34B,0,0.00%,$0.34B,$0.11B,32.85%,$0.34B,$0.07B,21.51%,$0.07B,$1.67B,4.10%,$0.07B,$1.67B,4.10%,$0.07B,$9.24B,0.79%,$0.11B,$4.57B,2.40%,$83,$32,$51,$0,$25,$57,$26,$0,$26,$9,$18,$18,$18,$0,$0,$148,148,$0.12,$0.12,$105,$0,$0,$5770,$60,$3292,$0,$117,$3469,$9239,$4648,$2897,$0,$2921,$7569,$2,$428,$20,$1670,$9239,$18,$6,$2,$7,$2,$0,$0,$-2,$-4,$21,$-2,$0,$0,$0,$128,$128,$-30,$95,$0,$0,$0,$-39,$-39,$-114,$-0,$-153,$-37,$3,$-114
23,2012-09-30,7.85,$11.63,0.68,$2.21,3.56,$1.48,5.3,$0.47,16.71,$5.78B,$4.65B,1.24,$2.90B,$1.81B,1.6,$0.35B,$0.21B,59.66%,$0.35B,$0.12B,32.95%,$0.35B,0,0.00%,$0.35B,0,0.00%,$0.35B,$0.12B,32.95%,$0.35B,$0.08B,21.31%,$0.08B,$1.81B,4.01%,$0.08B,$1.81B,4.01%,$0.08B,$9.38B,0.79%,$0.12B,$4.70B,2.43%,$85,$33,$52,$0,$24,$58,$28,$0,$28,$10,$18,$18,$18,$0,$0,$158,158,$0.11,$0.11,$142,$0,$0,$5776,$58,$3428,$0,$117,$3602,$9378,$4651,$2895,$0,$2920,$7572,$2,$536,$24,$1806,$9378,$75,$22,$11,$34,$1,$0,$0,$10,$-2,$106,$-13,$0,$0,$0,$547,$547,$-458,$77,$0,$0,$0,$-147,$-147,$-64,$48,$-162,$21,$8,$-64
24,2012-06-30,7.75,$11.59,0.67,$2.24,3.46,$1.21,6.38,$0.46,16.85,$5.41B,$4.67B,1.16,$2.89B,$1.83B,1.58,$0.36B,$0.21B,57.78%,$0.36B,$0.11B,31.67%,$0.36B,0,0.00%,$0.36B,0,0.00%,$0.36B,$0.11B,31.67%,$0.36B,$0.07B,20.56%,$0.07B,$1.83B,3.89%,$0.07B,$1.83B,3.89%,$0.07B,$9.42B,0.78%,$0.11B,$4.73B,2.38%,$87,$34,$52,$0,$23,$57,$29,$0,$29,$11,$19,$19,$19,$0,$0,$157,157,$0.12,$0.12,$173,$0,$0,$5410,$55,$3838,$0,$118,$4010,$9421,$4672,$2893,$0,$2915,$7588,$2,$540,$24,$1833,$9421,$57,$16,$4,$20,$3,$0,$0,$5,$-0,$77,$-9,$0,$0,$0,$138,$138,$-61,$68,$0,$0,$0,$-107,$-107,$-52,$66,$-93,$52,$5,$-52
25,2012-03-31,7.7,$11.57,0.67,$2.27,3.39,$0.98,7.88,$0.44,17.51,$5.40B,$4.75B,1.14,$2.89B,$1.91B,1.51,$0.37B,$0.21B,56.13%,$0.37B,$0.11B,30.25%,$0.37B,0,0.00%,$0.37B,0,0.00%,$0.37B,$0.11B,30.25%,$0.37B,$0.07B,19.62%,$0.07B,$1.91B,3.73%,$0.07B,$1.91B,3.73%,$0.07B,$9.57B,0.76%,$0.11B,$4.80B,2.29%,$89,$36,$54,$0,$23,$59,$30,$0,$30,$11,$19,$19,$19,$0,$0,$162,162,$0.12,$0.12,$144,$0,$0,$5395,$52,$4011,$0,$115,$4178,$9573,$4748,$2891,$0,$2913,$7661,$2,$559,$25,$1912,$9573,$38,$11,$3,$14,$3,$0,$0,$4,$-1,$51,$-4,$0,$0,$0,$-33,$-33,$-77,$-114,$0,$0,$0,$-22,$-22,$-40,$148,$86,$23,$3,$-40
26,2011-12-31,7.43,$11.53,0.64,$2.28,3.26,$0.71,10.55,$0.42,17.7,$5.42B,$4.57B,1.19,$2.90B,$1.93B,1.5,$0.37B,$0.20B,53.93%,$0.37B,$0.10B,28.18%,$0.37B,0,0.00%,$0.37B,0,0.00%,$0.37B,$0.10B,28.18%,$0.37B,$0.07B,18.70%,$0.07B,$1.93B,3.57%,$0.07B,$1.93B,3.57%,$0.07B,$9.42B,0.72%,$0.10B,$4.83B,2.13%,$91,$39,$52,$0,$23,$62,$29,$0,$29,$10,$19,$19,$19,$0,$0,$162,162,$0.12,$0.12,$170,$0,$0,$5423,$50,$3830,$0,$118,$3998,$9421,$4573,$2896,$0,$2917,$7490,$2,$560,$26,$1931,$9421,$19,$5,$2,$7,$1,$0,$0,$0,$3,$29,$-2,$0,$0,$0,$152,$152,$-76,$75,$0,$0,$0,$0,$0,$-28,$-27,$-55,$49,$2,$-28
27,2011-09-30,6.7,$11.58,0.58,$2.28,2.93,$0.49,13.8,$0.23,29.12,$5.30B,$4.60B,1.15,$2.89B,$1.94B,1.49,$0.37B,$0.19B,51.88%,$0.37B,$0.06B,15.32%,$0.37B,0,0.00%,$0.37B,0,0.00%,$0.37B,$0.06B,15.32%,$0.37B,$0.04B,10.48%,$0.04B,$1.94B,2.00%,$0.04B,$1.94B,2.00%,$0.04B,$9.45B,0.40%,$0.06B,$4.83B,1.15%,$93,$43,$50,$0,$25,$67,$26,$0,$26,$9,$17,$17,$17,$0,$0,$163,163,$0.11,$0.11,$121,$0,$0,$5300,$48,$3983,$0,$119,$4151,$9451,$4596,$2894,$0,$2915,$7511,$2,$569,$27,$1940,$9451,$38,$20,$2,$21,$3,$0,$0,$1,$6,$66,$-13,$0,$0,$0,$-935,$-935,$14,$-933,$-130,$0,$-130,$1076,$1076,$-150,$127,$923,$56,$6,$-150
28,2011-06-30,7.41,$11.55,0.64,$2.30,3.23,$0.47,15.89,$0.22,33.68,$5.36B,$4.63B,1.16,$3.02B,$1.93B,1.56,$0.38B,$0.19B,50.80%,$0.38B,$0.06B,14.63%,$0.38B,0,0.00%,$0.38B,0,0.00%,$0.38B,$0.06B,14.63%,$0.38B,$0.04B,9.84%,$0.04B,$1.93B,2.16%,$0.04B,$1.93B,2.16%,$0.04B,$9.60B,0.39%,$0.06B,$4.95B,1.16%,$94,$44,$50,$0,$24,$68,$26,$0,$26,$9,$17,$17,$17,$0,$0,$162,162,$0.10,$0.10,$162,$0,$0,$5356,$47,$4090,$0,$110,$4246,$9602,$4630,$3019,$0,$3039,$7668,$2,$564,$27,$1934,$9602,$22,$14,$8,$22,$1,$0,$0,$1,$-4,$40,$-8,$0,$0,$0,$-1038,$-1038,$2,$-1044,$-4,$0,$-4,$1076,$1076,$-138,$166,$1101,$97,$5,$-138
29,2011-03-31,7.05,$11.50,0.61,$2.31,3.05,$0.40,17.76,$0.22,32.06,$5.25B,$4.79B,1.1,$3.00B,$1.93B,1.56,$0.38B,$0.19B,49.87%,$0.38B,$0.06B,14.44%,$0.38B,0,0.00%,$0.38B,0,0.00%,$0.38B,$0.06B,14.44%,$0.38B,$0.04B,9.71%,$0.04B,$1.93B,2.52%,$0.04B,$1.93B,2.52%,$0.04B,$9.73B,0.40%,$0.06B,$4.92B,1.22%,$91,$44,$47,$0,$23,$68,$23,$0,$23,$8,$16,$16,$16,$0,$0,$161,162,$0.10,$0.10,$122,$0,$0,$5249,$43,$4326,$0,$114,$4484,$9733,$4792,$2995,$0,$3015,$7807,$2,$559,$27,$1926,$9733,$4,$9,$2,$12,$1,$0,$0,$5,$-10,$6,$-4,$0,$0,$0,$-1275,$-1275,$68,$-1211,$-25,$0,$-25,$1076,$1076,$-126,$336,$1261,$57,$3,$-126
30,2010-12-31,7.05,$12.05,0.59,$2.35,3.0,$0.42,16.66,$0.21,33.59,$6.48B,$4.74B,1.37,$3.02B,$2.02B,1.5,$0.39B,$0.19B,49.23%,$0.39B,$0.06B,14.10%,$0.39B,0,0.00%,$0.39B,0,0.00%,$0.39B,$0.06B,14.10%,$0.39B,$0.04B,9.23%,$0.04B,$2.02B,2.95%,$0.04B,$2.02B,2.95%,$0.04B,$9.80B,0.41%,$0.06B,$5.04B,1.28%,$94,$47,$46,$0,$64,$111,$-18,$0,$-18,$-6,$-11,$-11,$-11,$0,$0,$166,166,$-0.07,$-0.07,$1330,$0,$0,$6480,$42,$3165,$0,$112,$3318,$9798,$4743,$3019,$0,$3036,$7779,$2,$653,$28,$2019,$9798,$-11,$4,$3,$7,$3,$0,$0,$0,$-3,$-7,$-2,$0,$0,$0,$-110,$-110,$45,$-67,$0,$0,$0,$1076,$1076,$-17,$279,$1338,$1265,$1,$-17
31,2010-09-30,6.25,$13.00,0.48,$2.46,2.54,$0.46,13.48,$0.41,15.24,$5.26B,$4.48B,1.18,$3.02B,$0.96B,3.14,$0.41B,$0.20B,50.00%,$0.41B,$0.11B,25.74%,$0.41B,0,0.00%,$0.41B,0,0.00%,$0.41B,$0.11B,25.74%,$0.41B,$0.07B,16.67%,$0.07B,$0.96B,7.14%,$0.07B,$0.96B,7.14%,$0.07B,$8.49B,0.80%,$0.11B,$3.98B,2.60%,$97,$49,$48,$0,$24,$73,$24,$0,$24,$9,$15,$15,$15,$0,$0,$166,166,$0.09,$0.09,$65,$0,$0,$5264,$41,$3061,$0,$120,$3223,$8487,$4475,$3017,$0,$3050,$7525,$1,$801,$32,$962,$8487,$68,$17,$9,$26,$1,$0,$0,$-27,$-35,$59,$-8,$0,$0,$0,$-460,$-460,$430,$-38,$-95,$0,$-95,$-10,$-10,$-48,$157,$3,$24,$7,$-48
32,2010-06-30,8.26,$5.73,1.44,$2.52,3.27,$1.23,6.72,$0.42,19.67,$5.42B,$4.44B,1.22,$3.11B,$0.96B,3.24,$0.42B,$0.21B,49.28%,$0.42B,$0.11B,25.84%,$0.42B,0,0.00%,$0.42B,0,0.00%,$0.42B,$0.11B,25.84%,$0.42B,$0.07B,16.75%,$0.07B,$0.96B,7.39%,$0.07B,$0.96B,7.39%,$0.07B,$8.54B,0.83%,$0.11B,$4.07B,2.66%,$99,$51,$49,$0,$22,$73,$26,$0,$26,$9,$17,$17,$17,$0,$0,$166,166,$0.10,$0.10,$76,$0,$0,$5424,$41,$2960,$0,$119,$3120,$8543,$4438,$3110,$0,$3145,$7583,$1,$796,$36,$960,$8543,$52,$13,$-18,$-5,$-3,$0,$0,$-10,$-19,$28,$-7,$0,$0,$199,$-351,$-152,$86,$-72,$0,$0,$0,$-4,$-4,$-38,$121,$79,$35,$5,$-38
33,2010-03-31,9.21,$5.65,1.63,$2.60,3.55,$2.06,4.46,$0.41,22.3,$5.47B,$4.40B,1.24,$3.11B,$0.95B,3.29,$0.43B,$0.21B,49.07%,$0.43B,$0.11B,24.88%,$0.43B,0,0.00%,$0.43B,0,0.00%,$0.43B,$0.11B,24.88%,$0.43B,$0.07B,15.81%,$0.07B,$0.95B,7.25%,$0.07B,$0.95B,7.25%,$0.07B,$8.49B,0.81%,$0.11B,$4.06B,2.64%,$100,$51,$49,$0,$26,$77,$23,$0,$23,$8,$15,$15,$15,$0,$0,$166,166,$0.09,$0.09,$61,$0,$0,$5473,$40,$2863,$0,$109,$3012,$8485,$4399,$3109,$0,$3141,$7539,$1,$790,$31,$946,$8485,$36,$9,$-23,$-14,$-1,$0,$0,$-1,$-10,$12,$-5,$0,$0,$199,$-263,$-63,$41,$-45,$0,$0,$0,$-4,$-4,$-27,$84,$53,$20,$4,$-27
34,2009-12-31,7.62,$5.62,1.35,$2.66,2.86,$2.47,3.09,$0.43,17.58,$5.56B,$4.29B,1.3,$3.11B,$0.94B,3.3,$0.44B,$0.22B,48.75%,$0.44B,$0.11B,25.62%,$0.44B,0,0.00%,$0.44B,0,0.00%,$0.44B,$0.11B,25.62%,$0.44B,$0.07B,16.10%,$0.07B,$0.94B,7.63%,$0.07B,$0.94B,7.63%,$0.07B,$8.38B,0.85%,$0.11B,$4.05B,2.79%,$112,$54,$58,$0,$26,$80,$32,$0,$32,$11,$21,$21,$21,$0,$0,$166,166,$0.13,$0.13,$105,$0,$0,$5560,$40,$2664,$0,$111,$2815,$8375,$4293,$3108,$0,$3140,$7433,$1,$786,$31,$942,$8375,$21,$4,$-28,$-24,$0,$0,$0,$-1,$5,$2,$-3,$0,$0,$199,$-63,$136,$-16,$117,$0,$0,$0,$-2,$-2,$-17,$-35,$-54,$64,$2,$-17
35,2009-09-30,7.76,$5.61,1.38,$2.66,2.91,$2.62,2.96,$0.40,19.38,$5.68B,$4.33B,1.31,$3.11B,$0.94B,3.3,$0.44B,$0.21B,46.49%,$0.44B,$0.11B,24.04%,$0.44B,0,0.00%,$0.44B,0,0.00%,$0.44B,$0.11B,24.04%,$0.44B,$0.07B,14.97%,$0.07B,$0.94B,7.18%,$0.07B,$0.94B,7.18%,$0.07B,$8.40B,0.80%,$0.11B,$4.05B,2.59%,$107,$56,$50,$0,$24,$80,$27,$0,$27,$10,$17,$17,$17,$0,$0,$166,166,$0.10,$0.10,$41,$0,$0,$5678,$38,$2606,$0,$82,$2726,$8404,$4325,$3106,$0,$3137,$7462,$1,$782,$34,$941,$8404,$66,$12,$15,$27,$98,$0,$0,$0,$97,$191,$-13,$0,$0,$0,$-40,$-40,$-387,$-441,$-20,$0,$-20,$-1,$-1,$-44,$269,$204,$-46,$9,$-44
36,2009-06-30,8.92,$5.50,1.62,$2.70,3.3,$1.99,4.47,$0.40,22.43,$5.65B,$4.25B,1.33,$3.13B,$0.92B,3.39,$0.45B,$0.20B,45.19%,$0.45B,$0.10B,23.27%,$0.45B,0,0.00%,$0.45B,0,0.00%,$0.45B,$0.10B,23.27%,$0.45B,$0.07B,14.54%,$0.07B,$0.92B,7.21%,$0.07B,$0.92B,7.21%,$0.07B,$8.32B,0.79%,$0.10B,$4.05B,2.55%,$111,$57,$54,$0,$30,$87,$25,$0,$25,$9,$15,$15,$15,$0,$0,$166,166,$0.09,$0.09,$74,$0,$0,$5649,$35,$2555,$0,$80,$2671,$8319,$4248,$3125,$0,$3149,$7397,$1,$775,$24,$923,$8319,$49,$7,$10,$17,$98,$0,$0,$1,$101,$168,$-9,$0,$0,$0,$-6,$-6,$-322,$-337,$0,$0,$0,$-1,$-1,$-34,$191,$156,$-13,$7,$-34
37,2009-03-31,8.69,$5.46,1.59,$2.70,3.22,$1.33,6.54,$0.39,22.09,$5.61B,$4.20B,1.33,$3.13B,$0.92B,3.41,$0.45B,$0.19B,43.05%,$0.45B,$0.10B,22.87%,$0.45B,0,0.00%,$0.45B,0,0.00%,$0.45B,$0.10B,22.87%,$0.45B,$0.06B,14.35%,$0.06B,$0.92B,7.22%,$0.06B,$0.92B,7.23%,$0.06B,$8.27B,0.79%,$0.10B,$4.04B,2.53%,$111,$58,$53,$0,$24,$83,$29,$0,$29,$11,$18,$18,$18,$0,$0,$166,166,$0.11,$0.11,$52,$0,$0,$5609,$33,$2550,$0,$78,$2661,$8270,$4204,$3125,$0,$3149,$7353,$1,$770,$25,$916,$8270,$34,$4,$6,$9,$32,$0,$0,$0,$32,$80,$-6,$0,$0,$0,$2,$2,$-237,$-241,$0,$0,$0,$-1,$-1,$-23,$150,$126,$-35,$4,$-23
38,2008-12-31,10.36,$5.35,1.94,$2.69,3.85,$1.12,9.28,$0.35,29.3,$5.63B,$3.93B,1.43,$3.31B,$0.90B,3.69,$0.45B,$0.18B,40.00%,$0.45B,$0.09B,20.45%,$0.45B,0,0.00%,$0.45B,0,0.00%,$0.45B,$0.09B,20.45%,$0.45B,$0.06B,13.03%,$0.06B,$0.90B,6.63%,$0.06B,$0.90B,6.65%,$0.06B,$8.16B,0.72%,$0.09B,$4.21B,2.28%,$112,$64,$48,$0,$23,$87,$25,$0,$25,$9,$16,$16,$16,$0,$0,$165,166,$0.10,$0.10,$143,$0,$0,$5632,$32,$2413,$0,$80,$2525,$8157,$3933,$3311,$0,$3327,$7260,$1,$762,$14,$897,$8157,$16,$1,$2,$3,$2,$0,$0,$1,$8,$27,$-3,$0,$0,$0,$121,$121,$-136,$-18,$150,$0,$150,$1,$1,$-13,$-90,$47,$56,$2,$-13
39,2008-09-30,9.94,$5.20,1.91,$2.67,3.72,$1.08,9.2,$0.31,32.12,$5.44B,$4.02B,1.35,$3.16B,$0.87B,3.63,$0.44B,$0.16B,37.19%,$0.44B,$0.08B,18.14%,$0.44B,0,0.00%,$0.44B,0,0.00%,$0.44B,$0.08B,18.14%,$0.44B,$0.05B,11.56%,$0.05B,$0.87B,5.88%,$0.05B,$0.87B,5.91%,$0.05B,$8.06B,0.64%,$0.08B,$4.03B,2.04%,$113,$65,$47,$0,$22,$87,$25,$0,$25,$10,$16,$16,$16,$0,$0,$165,165,$0.10,$0.10,$87,$0,$0,$5442,$30,$2501,$0,$83,$2614,$8055,$4020,$3161,$0,$3164,$7184,$1,$759,$-6,$871,$8055,$51,$7,$11,$19,$4,$0,$0,$-6,$12,$82,$-9,$0,$0,$0,$-428,$-428,$-35,$-473,$-300,$660,$360,$-7,$-7,$-41,$3,$315,$-76,$8,$-41
40,2008-06-30,8.33,$5.15,1.62,$2.63,3.17,$3.32,2.51,$0.25,33.65,$5.45B,$4.03B,1.35,$3.00B,$0.86B,3.47,$0.43B,$0.15B,33.87%,$0.43B,$0.07B,15.21%,$0.43B,0,0.00%,$0.43B,0,0.00%,$0.43B,$0.07B,15.21%,$0.43B,$0.04B,9.45%,$0.04B,$0.86B,4.73%,$0.04B,$0.86B,4.76%,$0.04B,$7.89B,0.52%,$0.07B,$3.87B,1.73%,$110,$66,$44,$0,$21,$88,$23,$0,$23,$8,$14,$14,$14,$0,$0,$165,165,$0.09,$0.09,$86,$0,$0,$5448,$28,$2340,$5,$71,$2444,$7892,$4027,$3001,$0,$3001,$7028,$1,$754,$-5,$864,$7892,$35,$6,$2,$8,$2,$0,$0,$-2,$11,$54,$-5,$0,$0,$0,$-268,$-268,$-36,$-309,$-200,$400,$200,$-7,$-7,$-31,$17,$179,$-76,$6,$-31
41,2008-03-31,8.19,$5.18,1.58,$2.61,3.13,$5.65,1.45,$0.20,40.31,$5.59B,$4.16B,1.34,$3.00B,$0.87B,3.45,$0.43B,$0.14B,31.32%,$0.43B,$0.06B,12.76%,$0.43B,0,0.00%,$0.43B,0,0.00%,$0.43B,$0.06B,12.76%,$0.43B,$0.03B,7.89%,$0.03B,$0.87B,3.92%,$0.03B,$0.86B,3.94%,$0.03B,$8.04B,0.43%,$0.06B,$3.87B,1.44%,$110,$71,$39,$0,$21,$92,$18,$0,$18,$6,$12,$12,$12,$0,$0,$165,165,$0.07,$0.07,$265,$0,$0,$5590,$26,$2295,$5,$120,$2445,$8035,$4160,$3001,$0,$3006,$7166,$1,$750,$6,$869,$8035,$21,$3,$-0,$3,$6,$0,$0,$-1,$15,$40,$-1,$0,$0,$0,$-149,$-149,$-2,$-152,$-200,$350,$150,$-7,$-7,$-21,$92,$214,$102,$4,$-21
42,2007-12-31,6.67,$5.15,1.3,$2.61,2.55,$7.99,0.83,$0.19,35.94,$5.60B,$4.03B,1.39,$3.05B,$0.86B,3.54,$0.43B,$0.13B,30.16%,$0.43B,$0.05B,11.83%,$0.43B,0,0.00%,$0.43B,0,0.00%,$0.43B,$0.05B,11.83%,$0.43B,$0.03B,6.96%,$0.03B,$0.86B,3.46%,$0.03B,$0.86B,3.48%,$0.03B,$7.95B,0.38%,$0.05B,$3.91B,1.33%,$108,$74,$34,$0,$19,$94,$14,$0,$14,$5,$9,$9,$9,$0,$0,$165,165,$0.05,$0.05,$254,$0,$0,$5598,$26,$2248,$5,$67,$2348,$7946,$4033,$3050,$0,$3050,$7083,$1,$749,$3,$863,$7946,$9,$1,$-0,$1,$4,$0,$0,$0,$7,$19,$-1,$0,$0,$0,$-165,$-165,$-19,$-185,$0,$250,$250,$-7,$-7,$-10,$25,$257,$91,$2,$-10
43,2007-09-30,7.25,$5.16,1.4,$2.64,2.75,$10.38,0.7,$0.19,37.29,$5.50B,$4.02B,1.37,$2.79B,$0.87B,3.21,$0.44B,$0.13B,29.89%,$0.44B,$0.05B,12.41%,$0.44B,0,0.00%,$0.44B,0,0.00%,$0.44B,$0.05B,12.41%,$0.44B,$0.03B,7.13%,$0.03B,$0.87B,3.57%,$0.03B,$0.87B,3.59%,$0.03B,$7.68B,0.39%,$0.05B,$3.65B,1.38%,$106,$76,$30,$0,$19,$95,$11,$0,$11,$4,$6,$6,$6,$0,$0,$165,165,$0.04,$0.04,$163,$0,$0,$5498,$27,$2078,$0,$73,$2178,$7676,$4023,$2786,$0,$2786,$6808,$1,$750,$1,$868,$7676,$32,$4,$17,$21,$2,$397,$0,$2,$394,$447,$-5,$0,$0,$0,$219,$219,$-118,$97,$-550,$0,$-550,$1,$1,$-42,$28,$-564,$-20,$8,$-42
44,2007-06-30,7.7,$5.17,1.49,$2.67,2.88,$8.15,0.94,$0.22,34.88,$5.48B,$4.03B,1.36,$2.92B,$0.87B,3.36,$0.44B,$0.14B,30.61%,$0.44B,$0.06B,13.61%,$0.44B,0,0.00%,$0.44B,0,0.00%,$0.44B,$0.06B,13.38%,$0.44B,$0.04B,7.94%,$0.04B,$0.87B,4.03%,$0.04B,$0.86B,4.06%,$0.04B,$7.82B,0.43%,$0.06B,$3.79B,1.48%,$107,$76,$32,$0,$20,$96,$12,$0,$12,$4,$7,$7,$7,$0,$0,$165,165,$0.04,$0.04,$189,$0,$0,$5482,$27,$2288,$6,$17,$2342,$7824,$4030,$2924,$0,$2924,$6954,$1,$754,$0,$870,$7824,$26,$3,$-2,$1,$4,$397,$0,$-0,$412,$439,$-4,$0,$0,$0,$6,$6,$-28,$-26,$-400,$0,$-400,$2,$2,$-32,$23,$-407,$5,$6,$-32
45,2007-03-31,7.79,$5.18,1.5,$2.68,2.91,$5.89,1.32,$0.24,32.06,$5.50B,$4.10B,1.34,$3.13B,$0.87B,3.59,$0.44B,$0.14B,31.67%,$0.44B,$0.07B,15.16%,$0.44B,0,0.00%,$0.44B,0,0.00%,$0.44B,$0.07B,14.93%,$0.44B,$0.04B,8.82%,$0.04B,$0.87B,4.51%,$0.04B,$0.86B,4.53%,$0.04B,$8.10B,0.48%,$0.07B,$4.00B,1.62%,$110,$76,$34,$0,$20,$96,$14,$0,$14,$6,$8,$8,$8,$0,$0,$165,165,$0.05,$0.05,$242,$0,$0,$5503,$28,$2534,$6,$16,$2594,$8097,$4098,$3128,$0,$3128,$7227,$1,$757,$0,$871,$8097,$19,$2,$-1,$0,$2,$397,$0,$-0,$410,$429,$-4,$0,$0,$0,$-243,$-243,$6,$-240,$-200,$0,$-200,$2,$2,$-22,$90,$-129,$59,$4,$-22
46,2006-12-31,7.81,$5.17,1.51,$2.67,2.93,$3.57,2.19,$0.27,28.53,$5.46B,$4.02B,1.36,$3.32B,$0.87B,3.83,$0.44B,$0.15B,33.18%,$0.44B,$0.08B,17.05%,$0.44B,0,0.00%,$0.44B,0,0.00%,$0.44B,$0.07B,16.82%,$0.44B,$0.05B,10.23%,$0.05B,$0.87B,5.21%,$0.05B,$0.86B,5.23%,$0.05B,$8.21B,0.55%,$0.08B,$4.19B,1.80%,$112,$77,$34,$0,$18,$95,$17,$0,$17,$6,$10,$10,$10,$0,$0,$164,165,$0.06,$0.06,$187,$0,$0,$5459,$28,$2681,$7,$17,$2747,$8206,$4015,$3324,$0,$3324,$7339,$1,$759,$-0,$867,$8206,$10,$1,$-1,$-0,$2,$397,$0,$-2,$405,$415,$-2,$0,$0,$0,$-394,$-394,$-7,$-403,$0,$0,$0,$1,$1,$-11,$2,$-8,$4,$2,$-11
