,Date,Stock Price,Book Value per Share,Price to Book Ratio,TTM Sales per Share,Price to Sales Ratio,TTM FCF per Share,Price to FCF Ratio,TTM Net EPS,PE Ratio,Current Assets,Current Liabilities,Current Ratio,Long Term Debt,Shareholder's Equity_x,Debt to Equity Ratio,TTM Revenue_x,TTM Gross Profit,Gross Margin,TTM Revenue_y,TTM Operating Income,Operating Margin,TTM Revenue_x,TTM EBIT,EBIT Margin,TTM Revenue_y,TTM EBITDA,EBITDA Margin,TTM Revenue_x,TTM Pre-Tax Income,Pre-Tax Margin,TTM Revenue_y,TTM Net Income_x,Net Margin,TTM Net Income_y,Shareholder's Equity_y,Return on Equity,TTM Net Income_x,Tangible Equity,Return on Tangible Equity,TTM Net Income_y,Total Assets,Return on Assets,TTM Net Income,LT Investments & Debt,Return on Investment,revenue,cost-goods-sold,gross-profit,research-development-expenses,selling-general-administrative-expenses,operating-expenses,operating-income,total-non-operating-income-expense,pre-tax-income,total-provision-income-taxes,income-after-taxes,income-from-continuous-operations,net-income,ebitda,ebit,basic-shares-outstanding,shares-outstanding,eps-basic-net-earnings-per-share,eps-earnings-per-share-diluted,cash-on-hand,inventory,other-current-assets,total-current-assets,net-property-plant-equipment,long-term-investments,goodwill-intangible-assets-total,other-long-term-assets,total-long-term-assets,total-assets,total-current-liabilities,long-term-debt,other-non-current-liabilities,total-long-term-liabilities,total-liabilities,common-stock-net,retained-earnings-accumulated-deficit,comprehensive-income,total-share-holder-equity,total-liabilities-share-holders-equity,net-income-loss,total-depreciation-amortization-cash-flow,other-non-cash-items,total-non-cash-items,change-in-accounts-receivable,change-in-inventories,change-in-accounts-payable,change-in-assets-liabilities,total-change-in-assets-liabilities,cash-flow-from-operating-activities,net-change-in-property-plant-equipment,net-change-in-intangible-assets,net-acquisitions-divestitures,net-change-in-short-term-investments,net-change-in-long-term-investments,net-change-in-investments-total,investing-activities-other,cash-flow-from-investing-activities,net-long-term-debt,net-current-debt,debt-issuance-retirement-net-total,net-common-equity-issued-repurchased,net-total-equity-issued-repurchased,total-common-preferred-stock-dividends-paid,financial-activities-other,cash-flow-from-financial-activities,net-cash-flow,stock-based-compensation,common-stock-dividends-paid
0,2018-09-30,104.44,$51.75,2.02,$20.97,4.98,$20.86,5.01,$6.60,15.82,$17.55B,$27.68B,0.63,$0.24B,$3.16B,0.07,$1.36B,$1.29B,94.70%,$1.36B,$0.49B,35.79%,$1.36B,0,0.00%,$1.36B,0,0.00%,$1.36B,$0.49B,35.79%,$1.36B,$0.43B,31.30%,$0.43B,$3.31B,12.92%,$0.43B,$2.65B,16.16%,$0.43B,$31.22B,1.36%,$0.49B,$3.54B,13.79%,$356,$27,$329,$0,$196,$223,$133,$0,$133,$15,$118,$118,$115,$0,$0,$64,65,$1.80,$1.78,$3442,$0,$0,$17550,$541,$12290,$659,$183,$13673,$31223,$27680,$235,$0,$235,$27915,$1,$2369,$-141,$3308,$31223,$336,$101,$61,$162,$-19,$-1,$-18,$0,$-38,$460,$-44,$0,$0,$0,$-664,$-664,$-696,$-1404,$0,$-64,$-64,$26,$26,$-129,$-524,$-690,$-1634,$10,$-123
1,2018-06-30,108.24,$51.79,2.09,$20.27,5.34,$19.61,5.52,$6.23,17.37,$17.35B,$27.14B,0.64,$0.24B,$3.17B,0.07,$1.31B,$1.26B,95.96%,$1.31B,$0.46B,34.78%,$1.31B,0,0.00%,$1.31B,0,0.00%,$1.31B,$0.46B,34.78%,$1.31B,$0.40B,30.59%,$0.40B,$3.31B,12.30%,$0.40B,$2.65B,15.42%,$0.40B,$30.69B,1.28%,$0.46B,$3.54B,13.05%,$343,$21,$322,$0,$197,$218,$125,$0,$125,$14,$111,$111,$109,$0,$0,$64,65,$1.70,$1.68,$3337,$0,$0,$17352,$540,$11954,$659,$182,$13335,$30687,$27143,$235,$0,$235,$27378,$1,$2297,$-63,$3310,$30687,$218,$74,$41,$114,$-50,$-2,$-26,$0,$-78,$254,$-33,$0,$0,$0,$-273,$-273,$-581,$-887,$0,$-170,$-170,$25,$25,$-84,$-876,$-1105,$-1738,$7,$-80
2,2018-03-31,105.46,$50.84,2.07,$19.60,5.38,$18.90,5.58,$5.84,18.06,$18.31B,$27.98B,0.65,$0.24B,$3.10B,0.08,$1.27B,$1.23B,97.16%,$1.27B,$0.43B,33.91%,$1.27B,0,0.00%,$1.27B,0,0.00%,$1.27B,$0.43B,33.91%,$1.27B,$0.38B,29.57%,$0.38B,$3.24B,11.58%,$0.38B,$2.58B,14.54%,$0.38B,$31.46B,1.21%,$0.43B,$3.48B,12.38%,$335,$14,$321,$0,$203,$217,$118,$0,$118,$11,$106,$106,$104,$0,$0,$64,65,$1.63,$1.61,$4701,$0,$0,$18313,$521,$11784,$660,$181,$13146,$31459,$27981,$235,$0,$235,$28216,$1,$2234,$-53,$3243,$31459,$106,$33,$18,$51,$24,$1,$28,$0,$53,$211,$-5,$0,$0,$0,$-21,$-21,$-227,$-253,$0,$-116,$-116,$19,$19,$-39,$-195,$-330,$-372,$3,$-37
3,2017-12-31,93.6,$51.95,1.8,$18.99,4.93,$17.65,5.3,$5.51,16.99,$18.47B,$28.22B,0.65,$0.24B,$3.15B,0.07,$1.23B,$1.20B,97.96%,$1.23B,$0.41B,33.22%,$1.23B,0,0.00%,$1.23B,0,0.00%,$1.23B,$0.41B,33.22%,$1.23B,$0.35B,28.83%,$0.35B,$3.30B,11.06%,$0.35B,$2.64B,13.93%,$0.35B,$31.75B,1.15%,$0.41B,$3.53B,11.87%,$324,$10,$314,$0,$204,$215,$110,$0,$110,$9,$101,$101,$97,$0,$0,$64,65,$1.54,$1.53,$5074,$0,$0,$18465,$521,$11921,$660,$180,$13283,$31748,$28215,$235,$0,$235,$28450,$1,$2187,$80,$3298,$31748,$364,$138,$40,$178,$-71,$-4,$71,$0,$-4,$538,$-30,$0,$0,$0,$545,$545,$-1187,$-671,$-2,$171,$169,$-34,$-34,$-152,$1061,$1044,$912,$13,$-144
4,2017-09-30,93.34,$50.53,1.85,$18.71,4.99,$16.82,5.55,$5.26,17.74,$18.00B,$27.57B,0.65,$0.24B,$3.05B,0.08,$1.20B,$1.18B,98.50%,$1.20B,$0.39B,32.45%,$1.20B,0,0.00%,$1.20B,0,0.00%,$1.20B,$0.39B,32.45%,$1.20B,$0.34B,28.12%,$0.34B,$3.19B,10.80%,$0.34B,$2.53B,13.70%,$0.34B,$30.99B,1.11%,$0.39B,$3.42B,11.60%,$309,$8,$301,$0,$197,$206,$103,$0,$103,$10,$93,$93,$91,$0,$0,$64,65,$1.43,$1.41,$5112,$0,$0,$18002,$521,$11627,$660,$180,$12988,$30990,$27566,$235,$0,$235,$27801,$1,$2133,$58,$3189,$30990,$264,$91,$33,$124,$10,$-3,$-40,$0,$-32,$355,$-22,$0,$0,$0,$919,$919,$-745,$152,$-2,$21,$19,$-55,$-55,$-114,$592,$443,$950,$9,$-108
5,2017-06-30,91.72,$50.20,1.83,$18.35,5.0,$16.48,5.57,$5.09,18.02,$16.47B,$26.75B,0.62,$0.24B,$3.08B,0.08,$1.17B,$1.16B,98.89%,$1.17B,$0.38B,32.23%,$1.17B,0,0.00%,$1.17B,0,0.00%,$1.17B,$0.38B,32.23%,$1.17B,$0.33B,27.71%,$0.33B,$3.22B,10.41%,$0.33B,$2.56B,13.21%,$0.33B,$30.21B,1.08%,$0.38B,$3.46B,11.26%,$300,$4,$296,$0,$196,$201,$99,$0,$99,$14,$86,$86,$83,$0,$0,$64,65,$1.30,$1.29,$3734,$0,$0,$16466,$520,$12380,$661,$179,$13740,$30206,$26748,$235,$0,$235,$26982,$1,$2079,$51,$3224,$30206,$170,$68,$21,$89,$-28,$-7,$-36,$0,$-71,$188,$-13,$0,$0,$0,$221,$221,$-549,$-341,$-2,$-52,$-54,$44,$44,$-75,$-198,$-283,$-435,$6,$-71
6,2017-03-31,86.36,$48.46,1.78,$18.08,4.78,$16.30,5.3,$4.91,17.59,$16.91B,$27.19B,0.62,$0.24B,$2.95B,0.08,$1.14B,$1.13B,99.04%,$1.14B,$0.36B,31.38%,$1.14B,0,0.00%,$1.14B,0,0.00%,$1.14B,$0.36B,31.38%,$1.14B,$0.31B,27.19%,$0.31B,$3.10B,10.03%,$0.31B,$2.44B,12.76%,$0.31B,$30.53B,1.04%,$0.36B,$3.33B,10.76%,$295,$3,$292,$0,$195,$199,$96,$0,$96,$11,$85,$85,$83,$0,$0,$64,65,$1.29,$1.28,$4546,$0,$0,$16911,$521,$12253,$661,$178,$13613,$30525,$27193,$235,$0,$235,$27427,$1,$2032,$-6,$3097,$30525,$85,$30,$9,$39,$56,$-1,$-49,$0,$6,$130,$-5,$0,$0,$0,$241,$241,$-213,$23,$-2,$-82,$-83,$25,$25,$-37,$331,$235,$388,$3,$-35
7,2016-12-31,85.15,$47.30,1.8,$18.17,4.69,$16.38,5.2,$4.70,18.12,$16.38B,$26.96B,0.61,$0.24B,$2.86B,0.08,$1.14B,$1.13B,99.03%,$1.14B,$0.34B,29.96%,$1.14B,0,0.00%,$1.14B,0,0.00%,$1.14B,$0.34B,29.96%,$1.14B,$0.30B,25.92%,$0.30B,$3.00B,9.60%,$0.30B,$2.34B,12.24%,$0.30B,$30.20B,1.01%,$0.34B,$3.24B,10.30%,$298,$3,$295,$0,$202,$206,$92,$0,$92,$9,$84,$84,$81,$0,$0,$62,63,$1.30,$1.28,$4158,$0,$0,$16377,$526,$12454,$662,$178,$13819,$30196,$26958,$236,$0,$236,$27194,$1,$1986,$-25,$3003,$30196,$304,$128,$35,$163,$-23,$-0,$-6,$0,$-29,$438,$5,$0,$-0,$0,$-871,$-871,$-507,$-1374,$0,$83,$83,$78,$78,$-143,$1468,$1486,$550,$12,$-135
8,2016-09-30,68.97,$50.27,1.37,$17.72,3.89,$13.29,5.19,$4.32,15.96,$15.77B,$26.21B,0.6,$0.24B,$3.02B,0.08,$1.11B,$1.10B,99.01%,$1.11B,$0.31B,27.97%,$1.11B,0,0.00%,$1.11B,0,0.00%,$1.11B,$0.31B,27.97%,$1.11B,$0.27B,24.19%,$0.27B,$3.16B,8.83%,$0.27B,$2.50B,11.29%,$0.27B,$29.60B,0.93%,$0.31B,$3.40B,9.48%,$280,$3,$277,$0,$185,$189,$91,$0,$91,$11,$80,$80,$78,$0,$0,$62,63,$1.24,$1.24,$4021,$0,$0,$15773,$564,$12427,$662,$177,$13830,$29603,$26205,$236,$0,$236,$26441,$1,$1943,$216,$3162,$29603,$221,$83,$23,$106,$11,$0,$-3,$0,$9,$335,$-31,$0,$0,$0,$-405,$-405,$-111,$-547,$0,$-89,$-89,$48,$48,$-107,$764,$616,$404,$8,$-101
9,2016-06-30,60.64,$50.55,1.2,$17.61,3.44,$12.26,4.95,$4.25,14.27,$15.19B,$25.60B,0.59,$0.24B,$2.99B,0.08,$1.11B,$1.09B,99.00%,$1.11B,$0.31B,27.87%,$1.11B,0,0.00%,$1.11B,0,0.00%,$1.11B,$0.31B,27.87%,$1.11B,$0.27B,23.98%,$0.27B,$3.14B,8.89%,$0.27B,$2.47B,11.43%,$0.27B,$28.98B,0.93%,$0.31B,$3.37B,9.57%,$271,$3,$269,$0,$188,$192,$80,$0,$80,$8,$72,$72,$69,$0,$0,$62,62,$1.12,$1.11,$3393,$0,$0,$15190,$564,$12384,$662,$176,$13786,$28976,$25604,$236,$0,$236,$25840,$1,$1914,$281,$3137,$28976,$140,$63,$16,$79,$-35,$0,$-5,$0,$-39,$180,$-22,$0,$0,$0,$12,$12,$-113,$-123,$0,$-160,$-160,$4,$4,$-71,$-56,$-283,$-226,$5,$-67
10,2016-03-31,52.02,$48.27,1.08,$17.41,2.99,$10.04,5.18,$4.25,12.24,$15.57B,$25.17B,0.62,$0.24B,$2.85B,0.08,$1.10B,$1.09B,98.91%,$1.10B,$0.31B,28.57%,$1.10B,0,0.00%,$1.10B,0,0.00%,$1.10B,$0.31B,28.57%,$1.10B,$0.27B,24.29%,$0.27B,$2.99B,9.16%,$0.27B,$2.33B,11.86%,$0.27B,$28.40B,0.94%,$0.31B,$3.23B,9.96%,$289,$3,$286,$0,$207,$211,$78,$0,$78,$9,$69,$69,$67,$0,$0,$62,62,$1.07,$1.07,$3880,$0,$0,$15569,$557,$11435,$663,$176,$12831,$28400,$25172,$236,$0,$236,$25408,$1,$1879,$179,$2992,$28400,$69,$28,$10,$38,$29,$-0,$-6,$0,$23,$130,$-6,$0,$0,$0,$623,$623,$-55,$563,$0,$-200,$-200,$0,$0,$-35,$-187,$-421,$272,$2,$-33
11,2015-12-31,56.02,$46.63,1.2,$16.95,3.31,$8.08,6.93,$4.28,13.09,$15.30B,$25.44B,0.6,$0.24B,$2.75B,0.09,$1.08B,$1.07B,98.79%,$1.08B,$0.32B,29.68%,$1.08B,0,0.00%,$1.08B,0,0.00%,$1.08B,$0.32B,29.68%,$1.08B,$0.27B,25.05%,$0.27B,$2.89B,9.33%,$0.27B,$2.23B,12.11%,$0.27B,$28.57B,0.96%,$0.32B,$3.13B,10.22%,$272,$3,$269,$0,$207,$210,$62,$0,$62,$4,$58,$58,$55,$0,$0,$63,63,$0.90,$0.90,$3608,$0,$0,$15299,$559,$11869,$663,$175,$13267,$28566,$25440,$236,$0,$236,$25676,$1,$1845,$114,$2890,$28566,$279,$116,$42,$157,$-27,$-1,$-13,$0,$-42,$395,$-145,$0,$0,$0,$-598,$-598,$-496,$-1239,$0,$90,$90,$-86,$-86,$-140,$208,$71,$-773,$13,$-132
12,2015-09-30,58.91,$46.64,1.26,$16.87,3.49,$6.65,8.86,$4.49,13.12,$15.31B,$25.20B,0.61,$0.24B,$2.76B,0.09,$1.07B,$1.06B,98.79%,$1.07B,$0.35B,32.31%,$1.07B,0,0.00%,$1.07B,0,0.00%,$1.07B,$0.35B,32.31%,$1.07B,$0.29B,26.61%,$0.29B,$2.91B,9.88%,$0.29B,$2.24B,12.84%,$0.29B,$28.34B,1.01%,$0.35B,$3.14B,11.08%,$273,$3,$270,$0,$182,$185,$88,$0,$88,$12,$76,$76,$74,$0,$0,$63,63,$1.18,$1.17,$3775,$0,$0,$15312,$540,$11650,$664,$175,$13029,$28341,$25199,$237,$0,$237,$25436,$1,$1823,$134,$2905,$28341,$221,$85,$11,$96,$32,$-1,$11,$0,$42,$359,$-119,$0,$0,$0,$-334,$-334,$-364,$-817,$0,$-171,$-171,$-63,$-63,$-105,$188,$-151,$-609,$8,$-99
13,2015-06-30,72.21,$45.45,1.59,$16.66,4.33,$4.34,16.65,$4.51,16.01,$14.98B,$24.67B,0.61,$0.24B,$2.73B,0.09,$1.06B,$1.05B,98.77%,$1.06B,$0.35B,33.21%,$1.06B,0,0.00%,$1.06B,0,0.00%,$1.06B,$0.35B,33.21%,$1.06B,$0.29B,26.98%,$0.29B,$2.87B,9.99%,$0.29B,$2.21B,13.02%,$0.29B,$27.78B,1.03%,$0.35B,$3.11B,11.35%,$265,$3,$262,$0,$175,$179,$86,$0,$86,$13,$73,$73,$71,$0,$0,$63,64,$1.12,$1.11,$3285,$0,$0,$14978,$526,$11439,$665,$174,$12804,$27782,$24673,$237,$0,$237,$24910,$1,$1783,$82,$2872,$27782,$145,$49,$5,$54,$-65,$-0,$-18,$0,$-83,$116,$-97,$0,$0,$0,$-132,$-132,$-407,$-636,$0,$-211,$-211,$-2,$-2,$-70,$-294,$-576,$-1096,$5,$-66
14,2015-03-31,63.03,$46.09,1.37,$16.56,3.81,$4.92,12.81,$4.42,14.26,$15.34B,$25.01B,0.61,$0.24B,$2.77B,0.09,$1.05B,$1.03B,98.66%,$1.05B,$0.35B,33.02%,$1.05B,0,0.00%,$1.05B,0,0.00%,$1.05B,$0.35B,33.02%,$1.05B,$0.28B,26.72%,$0.28B,$2.91B,9.87%,$0.28B,$2.25B,12.89%,$0.28B,$28.16B,1.02%,$0.35B,$3.15B,11.25%,$268,$4,$264,$0,$179,$183,$84,$0,$84,$12,$72,$72,$70,$0,$0,$63,64,$1.11,$1.10,$3860,$0,$0,$15343,$487,$11490,$666,$173,$12816,$28159,$25011,$237,$0,$237,$25248,$1,$1748,$160,$2911,$28159,$72,$27,$5,$32,$-40,$-0,$-9,$0,$-50,$55,$-52,$0,$0,$0,$-81,$-81,$-223,$-355,$0,$-199,$-199,$1,$1,$-34,$14,$-219,$-519,$3,$-32
15,2014-12-31,63.97,$45.15,1.42,$16.28,3.93,$5.84,10.96,$4.28,14.95,$15.61B,$25.19B,0.62,$0.24B,$2.71B,0.09,$1.02B,$1.01B,98.73%,$1.02B,$0.34B,32.81%,$1.02B,0,0.00%,$1.02B,0,0.00%,$1.02B,$0.34B,32.81%,$1.02B,$0.27B,26.35%,$0.27B,$2.85B,9.78%,$0.27B,$2.19B,12.71%,$0.27B,$28.28B,1.01%,$0.34B,$3.09B,11.22%,$265,$4,$262,$0,$172,$177,$88,$0,$88,$16,$73,$73,$70,$0,$0,$62,63,$1.12,$1.12,$4380,$0,$0,$15609,$442,$11388,$667,$172,$12669,$28278,$25189,$237,$0,$237,$25426,$1,$1710,$142,$2851,$28278,$278,$101,$25,$127,$-88,$1,$-28,$0,$-115,$290,$-132,$0,$831,$0,$-2192,$-2192,$-789,$-2282,$0,$85,$85,$28,$28,$-135,$1823,$1800,$-192,$13,$-127
16,2014-09-30,68.84,$44.69,1.54,$16.03,4.29,$5.83,11.82,$4.16,16.55,$16.28B,$24.32B,0.67,$0.24B,$2.67B,0.09,$1.00B,$0.98B,98.60%,$1.00B,$0.32B,32.46%,$1.00B,0,0.00%,$1.00B,0,0.00%,$1.00B,$0.32B,32.46%,$1.00B,$0.26B,26.05%,$0.26B,$2.82B,9.75%,$0.26B,$2.15B,12.60%,$0.26B,$27.37B,1.01%,$0.32B,$3.06B,11.18%,$262,$4,$259,$0,$163,$168,$94,$0,$94,$17,$77,$77,$75,$0,$0,$63,64,$1.19,$1.18,$5317,$0,$0,$16281,$397,$9854,$667,$171,$11089,$27371,$24316,$237,$0,$237,$24553,$1,$1673,$155,$2818,$27371,$205,$74,$8,$81,$-54,$1,$-58,$0,$-112,$175,$-81,$0,$831,$0,$-598,$-598,$-549,$-398,$0,$-137,$-137,$26,$26,$-101,$1180,$967,$744,$7,$-95
17,2014-06-30,71.0,$44.01,1.61,$15.76,4.5,$5.85,12.14,$3.93,18.07,$15.93B,$23.52B,0.68,$0.24B,$2.63B,0.09,$0.97B,$0.95B,98.25%,$0.97B,$0.30B,31.10%,$0.97B,0,0.00%,$0.97B,0,0.00%,$0.97B,$0.30B,31.10%,$0.97B,$0.24B,25.03%,$0.24B,$2.77B,9.41%,$0.24B,$2.11B,12.09%,$0.24B,$26.52B,0.98%,$0.30B,$3.01B,10.75%,$253,$3,$249,$0,$168,$172,$80,$0,$80,$14,$67,$67,$65,$0,$0,$62,62,$1.04,$1.03,$5036,$0,$0,$15931,$369,$9389,$665,$170,$10593,$26523,$23516,$237,$0,$237,$23753,$1,$1631,$160,$2771,$26523,$128,$40,$10,$50,$-35,$1,$-44,$0,$-78,$100,$-45,$0,$831,$0,$12,$12,$-487,$311,$0,$-105,$-105,$20,$20,$-67,$205,$53,$464,$5,$-63
18,2014-03-31,68.84,$42.14,1.63,$15.54,4.43,$4.37,15.73,$3.85,17.88,$15.12B,$21.90B,0.69,$0.22B,$2.42B,0.09,$0.95B,$0.93B,98.00%,$0.95B,$0.29B,30.95%,$0.95B,0,0.00%,$0.95B,0,0.00%,$0.95B,$0.29B,30.95%,$0.95B,$0.24B,24.74%,$0.24B,$2.57B,9.41%,$0.24B,$2.02B,12.02%,$0.24B,$24.69B,0.99%,$0.29B,$2.79B,10.80%,$241,$3,$238,$0,$164,$168,$73,$0,$73,$12,$61,$61,$59,$0,$0,$61,62,$0.97,$0.96,$5194,$0,$0,$15116,$321,$8565,$542,$142,$9569,$24685,$21895,$224,$0,$224,$22119,$1,$1599,$143,$2566,$24685,$61,$24,$5,$28,$11,$1,$-29,$0,$-17,$73,$-13,$0,$0,$0,$588,$588,$-235,$339,$0,$-153,$-153,$17,$17,$-33,$378,$210,$622,$2,$-30
19,2013-12-31,65.64,$41.51,1.58,$15.49,4.24,$2.77,23.73,$3.80,17.27,$14.28B,$21.58B,0.66,$0.22B,$2.37B,0.09,$0.95B,$0.92B,97.67%,$0.95B,$0.29B,30.66%,$0.95B,0,0.00%,$0.95B,0,0.00%,$0.95B,$0.29B,30.66%,$0.95B,$0.23B,24.42%,$0.23B,$2.51B,9.37%,$0.23B,$1.97B,12.00%,$0.23B,$24.31B,0.99%,$0.29B,$2.74B,10.78%,$242,$5,$238,$0,$160,$165,$77,$0,$77,$15,$63,$63,$61,$0,$0,$60,61,$1.00,$0.99,$4573,$0,$0,$14280,$313,$9035,$543,$141,$10033,$24313,$21575,$224,$0,$224,$21799,$1,$1575,$140,$2514,$24313,$238,$80,$32,$112,$-21,$15,$-170,$0,$-176,$174,$-21,$0,$-2,$0,$-53,$-53,$-310,$-386,$-0,$107,$107,$-76,$69,$-126,$1194,$1243,$1031,$12,$-120
20,2013-09-30,61.36,$41.80,1.47,$15.36,4.0,$4.82,12.74,$3.79,16.19,$13.82B,$20.83B,0.66,$0.22B,$2.34B,0.1,$0.94B,$0.92B,97.34%,$0.94B,$0.29B,31.14%,$0.94B,0,0.00%,$0.94B,0,0.00%,$0.94B,$0.29B,31.14%,$0.94B,$0.23B,24.55%,$0.23B,$2.48B,9.46%,$0.23B,$1.94B,12.16%,$0.23B,$23.53B,1.01%,$0.29B,$2.71B,10.99%,$235,$5,$229,$0,$156,$162,$72,$0,$72,$12,$60,$60,$58,$0,$0,$60,61,$0.96,$0.96,$4335,$0,$0,$13816,$307,$8726,$541,$140,$9714,$23530,$20825,$224,$0,$224,$21049,$1,$1546,$146,$2481,$23530,$175,$59,$20,$79,$2,$15,$-171,$0,$-154,$100,$-8,$0,$0,$0,$318,$318,$-96,$213,$-0,$26,$26,$-79,$66,$-94,$484,$481,$795,$7,$-89
21,2013-06-30,57.28,$41.26,1.39,$15.24,3.76,$7.42,7.72,$3.78,15.15,$12.38B,$19.92B,0.62,$0.22B,$2.28B,0.1,$0.94B,$0.91B,97.33%,$0.94B,$0.30B,31.76%,$0.94B,0,0.00%,$0.94B,0,0.00%,$0.94B,$0.30B,31.76%,$0.94B,$0.23B,24.71%,$0.23B,$2.43B,9.52%,$0.23B,$1.89B,12.26%,$0.23B,$22.57B,1.03%,$0.30B,$2.65B,11.21%,$232,$6,$226,$0,$153,$159,$72,$0,$72,$13,$60,$60,$57,$0,$0,$60,61,$0.95,$0.94,$2918,$0,$0,$12384,$306,$9200,$542,$140,$10188,$22572,$19920,$224,$0,$224,$20144,$1,$1525,$156,$2428,$22572,$115,$37,$13,$51,$-48,$13,$-164,$0,$-199,$-33,$-2,$0,$0,$0,$-109,$-109,$-22,$-133,$-0,$-11,$-11,$-110,$35,$-62,$-419,$-457,$-624,$5,$-59
22,2013-03-31,52.82,$40.74,1.3,$15.08,3.5,$10.52,5.02,$3.78,13.97,$12.59B,$19.83B,0.64,$0.22B,$2.30B,0.1,$0.93B,$0.90B,97.20%,$0.93B,$0.30B,32.19%,$0.93B,0,0.00%,$0.93B,0,0.00%,$0.93B,$0.30B,32.19%,$0.93B,$0.23B,24.97%,$0.23B,$2.44B,9.62%,$0.23B,$1.90B,12.43%,$0.23B,$22.50B,1.05%,$0.30B,$2.67B,11.35%,$237,$6,$231,$0,$161,$168,$69,$0,$69,$14,$55,$55,$55,$0,$0,$61,61,$0.91,$0.91,$3241,$0,$0,$12587,$303,$8926,$543,$139,$9911,$22498,$19831,$224,$0,$224,$20054,$1,$1500,$214,$2443,$22498,$55,$18,$8,$26,$7,$7,$-141,$0,$-127,$-45,$6,$0,$0,$0,$196,$196,$49,$251,$-0,$-51,$-51,$-124,$21,$-29,$-453,$-512,$-307,$2,$-29
23,2012-12-31,45.12,$39.32,1.15,$14.94,3.02,$12.69,3.56,$3.86,11.69,$12.97B,$20.48B,0.63,$0.22B,$2.42B,0.09,$0.92B,$0.89B,97.07%,$0.92B,$0.31B,33.55%,$0.92B,0,0.00%,$0.92B,0,0.00%,$0.92B,$0.31B,33.55%,$0.92B,$0.24B,25.84%,$0.24B,$2.42B,10.00%,$0.24B,$1.87B,12.97%,$0.24B,$23.12B,1.10%,$0.31B,$2.64B,11.87%,$237,$6,$230,$0,$149,$157,$80,$0,$80,$20,$60,$60,$61,$0,$0,$61,62,$0.99,$0.98,$3555,$0,$0,$12967,$316,$9160,$544,$138,$10157,$23124,$20483,$224,$0,$224,$20707,$1,$1476,$238,$2417,$23124,$238,$59,$12,$72,$37,$-16,$-30,$0,$-9,$300,$-20,$0,$-7,$0,$-903,$-903,$-1226,$-2155,$-0,$-161,$-161,$10,$10,$-117,$2741,$2473,$617,$13,$-117
24,2012-09-30,46.92,$39.35,1.19,$14.79,3.17,$12.21,3.84,$3.78,12.41,$11.77B,$19.21B,0.61,$0.22B,$2.42B,0.09,$0.91B,$0.88B,96.92%,$0.91B,$0.30B,33.30%,$0.91B,0,0.00%,$0.91B,0,0.00%,$0.91B,$0.30B,33.30%,$0.91B,$0.23B,25.49%,$0.23B,$2.42B,9.89%,$0.23B,$1.87B,12.87%,$0.23B,$21.85B,1.11%,$0.30B,$2.64B,11.79%,$229,$7,$223,$0,$146,$154,$76,$0,$76,$17,$59,$59,$58,$0,$0,$61,62,$0.95,$0.95,$2767,$0,$0,$11766,$317,$9083,$545,$137,$10081,$21848,$19205,$224,$0,$224,$19429,$1,$1445,$275,$2419,$21848,$178,$43,$9,$53,$45,$-1,$-5,$0,$39,$269,$-16,$0,$-7,$0,$-879,$-879,$-813,$-1715,$-0,$-121,$-121,$10,$10,$-87,$1489,$1290,$-155,$8,$-87
25,2012-06-30,46.18,$38.48,1.2,$14.89,3.1,$11.98,3.86,$3.72,12.41,$11.02B,$18.28B,0.6,$0.22B,$2.36B,0.1,$0.92B,$0.88B,96.61%,$0.92B,$0.31B,33.33%,$0.92B,0,0.00%,$0.92B,0,0.00%,$0.92B,$0.31B,33.33%,$0.92B,$0.23B,25.03%,$0.23B,$2.36B,9.94%,$0.23B,$1.82B,13.01%,$0.23B,$20.87B,1.13%,$0.31B,$2.59B,12.07%,$226,$7,$219,$0,$144,$151,$74,$0,$74,$16,$58,$58,$58,$0,$0,$61,62,$0.94,$0.94,$2312,$0,$0,$11024,$320,$8841,$546,$136,$9843,$20866,$18280,$224,$0,$224,$18504,$1,$1416,$253,$2363,$20866,$119,$28,$5,$33,$18,$-3,$1,$0,$15,$167,$-12,$0,$-7,$0,$-672,$-672,$-492,$-1184,$-0,$-66,$-66,$7,$7,$-58,$520,$404,$-612,$5,$-58
26,2012-03-31,45.97,$37.81,1.22,$14.93,3.08,$11.98,3.84,$3.69,12.46,$10.48B,$17.87B,0.59,$0.22B,$2.32B,0.1,$0.92B,$0.88B,96.07%,$0.92B,$0.30B,32.75%,$0.92B,0,0.00%,$0.92B,0,0.00%,$0.92B,$0.30B,32.75%,$0.92B,$0.23B,24.78%,$0.23B,$2.32B,10.06%,$0.23B,$1.77B,13.23%,$0.23B,$20.42B,1.15%,$0.30B,$2.54B,11.91%,$229,$7,$222,$0,$142,$150,$79,$0,$79,$18,$61,$61,$61,$0,$0,$61,62,$0.99,$0.99,$2146,$0,$0,$10480,$322,$8934,$547,$135,$9937,$20417,$17873,$224,$0,$224,$18096,$1,$1388,$244,$2321,$20417,$61,$14,$1,$15,$39,$-3,$-9,$0,$26,$102,$-8,$0,$-7,$0,$-781,$-781,$-129,$-925,$-0,$-85,$-85,$6,$6,$-28,$152,$45,$-779,$3,$-28
27,2011-12-31,41.13,$37.27,1.1,$14.89,2.76,$11.58,3.55,$3.55,11.59,$11.17B,$17.81B,0.63,$0.22B,$2.28B,0.1,$0.91B,$0.87B,95.51%,$0.91B,$0.29B,31.33%,$0.91B,0,0.00%,$0.91B,0,0.00%,$0.91B,$0.29B,31.33%,$0.91B,$0.22B,23.88%,$0.22B,$2.28B,9.90%,$0.22B,$1.75B,13.12%,$0.22B,$20.32B,1.14%,$0.29B,$2.51B,11.44%,$226,$8,$218,$0,$143,$152,$74,$0,$74,$19,$55,$55,$55,$0,$0,$61,61,$0.90,$0.89,$2921,$0,$0,$11170,$319,$8156,$539,$134,$9147,$20317,$17810,$224,$0,$224,$18034,$1,$1355,$248,$2284,$20317,$218,$49,$41,$90,$-24,$1,$-11,$0,$-33,$274,$-25,$0,$-1,$0,$-2518,$-2518,$89,$-2455,$-150,$247,$97,$5,$5,$-112,$2278,$2268,$87,$16,$-112
28,2011-09-30,34.97,$36.69,0.95,$14.91,2.35,$14.26,2.45,$3.52,9.93,$12.79B,$17.02B,0.75,$0.22B,$2.25B,0.1,$0.91B,$0.87B,95.06%,$0.91B,$0.28B,30.63%,$0.91B,0,0.00%,$0.91B,0,0.00%,$0.91B,$0.28B,30.63%,$0.91B,$0.22B,23.71%,$0.22B,$2.25B,10.07%,$0.22B,$1.71B,13.46%,$0.22B,$19.49B,1.18%,$0.28B,$2.47B,11.24%,$234,$9,$225,$0,$145,$156,$78,$0,$78,$24,$55,$55,$55,$0,$0,$61,61,$0.89,$0.89,$4503,$0,$0,$12789,$322,$5706,$540,$133,$6700,$19490,$17019,$224,$0,$224,$17243,$1,$1328,$244,$2247,$19490,$162,$36,$32,$67,$32,$-1,$-1,$0,$30,$259,$-22,$0,$-1,$0,$-103,$-103,$-6,$-132,$-150,$183,$33,$6,$6,$-84,$1585,$1539,$1666,$10,$-84
29,2011-06-30,42.57,$35.54,1.2,$14.81,2.87,$14.90,2.86,$3.53,12.06,$11.71B,$15.93B,0.74,$0.37B,$2.18B,0.17,$0.90B,$0.85B,94.57%,$0.90B,$0.27B,30.01%,$0.90B,0,0.00%,$0.90B,0,0.00%,$0.90B,$0.27B,30.01%,$0.90B,$0.22B,23.92%,$0.22B,$2.18B,10.22%,$0.22B,$1.64B,13.75%,$0.22B,$18.48B,1.20%,$0.27B,$2.55B,10.90%,$227,$12,$215,$0,$145,$158,$69,$0,$69,$14,$56,$56,$56,$0,$0,$61,61,$0.91,$0.91,$3435,$0,$0,$11707,$316,$5782,$541,$132,$6771,$18478,$15928,$374,$0,$374,$16302,$1,$1301,$203,$2177,$18478,$108,$23,$26,$50,$26,$1,$-18,$0,$9,$166,$-11,$0,$-1,$0,$-255,$-255,$28,$-239,$-0,$98,$98,$6,$6,$-56,$625,$673,$600,$8,$-56
30,2011-03-31,43.49,$34.25,1.27,$14.83,2.93,$14.90,2.92,$3.49,12.46,$10.95B,$15.47B,0.71,$0.37B,$2.10B,0.18,$0.90B,$0.85B,94.45%,$0.90B,$0.27B,30.08%,$0.90B,0,0.00%,$0.90B,0,0.00%,$0.90B,$0.27B,30.08%,$0.90B,$0.21B,23.64%,$0.21B,$2.10B,10.25%,$0.21B,$1.56B,13.86%,$0.21B,$17.94B,1.21%,$0.27B,$2.47B,11.04%,$226,$12,$214,$0,$148,$161,$65,$0,$65,$13,$52,$52,$52,$0,$0,$61,61,$0.85,$0.85,$2719,$0,$0,$10953,$313,$6003,$541,$131,$6988,$17942,$15471,$374,$0,$374,$15844,$1,$1274,$155,$2097,$17942,$52,$9,$13,$23,$28,$-6,$-25,$0,$-3,$71,$-3,$0,$0,$0,$-556,$-556,$79,$-480,$-0,$78,$78,$6,$6,$-28,$230,$286,$-122,$4,$-28
31,2010-12-31,44.37,$33.74,1.32,$14.87,2.98,$15.13,2.93,$3.43,12.94,$11.19B,$15.18B,0.74,$0.37B,$2.06B,0.18,$0.90B,$0.85B,94.10%,$0.90B,$0.27B,29.70%,$0.90B,0,0.00%,$0.90B,0,0.00%,$0.90B,$0.27B,29.70%,$0.90B,$0.21B,23.25%,$0.21B,$2.06B,10.24%,$0.21B,$1.52B,13.95%,$0.21B,$17.62B,1.21%,$0.27B,$2.44B,11.02%,$224,$13,$212,$0,$144,$158,$67,$0,$67,$14,$53,$53,$53,$0,$0,$60,61,$0.88,$0.88,$2836,$0,$0,$11187,$317,$5441,$542,$130,$6430,$17617,$15182,$374,$0,$374,$15555,$1,$1249,$154,$2062,$17617,$209,$46,$58,$103,$88,$1,$23,$0,$112,$425,$-16,$0,$0,$0,$-580,$-580,$196,$-400,$-19,$-6,$-25,$41,$41,$-108,$1167,$1075,$1099,$15,$-108
32,2010-09-30,38.47,$34.78,1.11,$15.24,2.52,$11.68,3.29,$3.42,11.25,$11.24B,$15.25B,0.74,$0.37B,$2.12B,0.18,$0.92B,$0.86B,93.57%,$0.92B,$0.27B,29.19%,$0.92B,0,0.00%,$0.92B,0,0.00%,$0.92B,$0.27B,29.19%,$0.92B,$0.21B,22.55%,$0.21B,$2.12B,10.35%,$0.21B,$1.57B,14.23%,$0.21B,$17.74B,1.22%,$0.27B,$2.49B,11.23%,$226,$13,$213,$0,$141,$156,$70,$0,$70,$15,$55,$55,$55,$0,$0,$61,61,$0.90,$0.90,$2868,$0,$0,$11239,$315,$5512,$543,$129,$6499,$17738,$15248,$374,$0,$374,$15622,$1,$1224,$251,$2116,$17738,$156,$34,$38,$72,$18,$1,$36,$0,$55,$283,$-8,$0,$0,$0,$-514,$-514,$273,$-249,$-19,$-51,$-70,$31,$31,$-81,$1217,$1098,$1131,$10,$-81
33,2010-06-30,36.06,$33.65,1.07,$15.28,2.36,$9.70,3.72,$3.27,11.03,$11.06B,$14.63B,0.76,$0.39B,$2.04B,0.19,$0.92B,$0.85B,92.58%,$0.92B,$0.25B,27.48%,$0.92B,0,0.00%,$0.92B,0,0.00%,$0.92B,$0.25B,27.48%,$0.92B,$0.20B,21.48%,$0.20B,$2.04B,10.12%,$0.20B,$1.50B,14.06%,$0.20B,$17.06B,1.19%,$0.25B,$2.43B,10.52%,$225,$13,$212,$0,$142,$157,$69,$0,$69,$16,$53,$53,$53,$0,$0,$60,61,$0.87,$0.87,$2665,$0,$0,$11062,$319,$5007,$545,$128,$5998,$17060,$14633,$386,$0,$386,$15019,$1,$1196,$216,$2041,$17060,$101,$22,$25,$48,$1,$0,$9,$0,$10,$158,$-6,$0,$0,$0,$-53,$-53,$267,$209,$-7,$-44,$-50,$25,$25,$-53,$639,$561,$927,$7,$-53
34,2010-03-31,38.53,$32.25,1.19,$15.35,2.51,$8.60,4.48,$3.03,12.72,$11.05B,$14.42B,0.77,$0.39B,$1.95B,0.2,$0.92B,$0.84B,91.49%,$0.92B,$0.23B,25.41%,$0.92B,0,0.00%,$0.92B,0,0.00%,$0.92B,$0.23B,25.41%,$0.92B,$0.18B,19.85%,$0.18B,$1.95B,9.65%,$0.18B,$1.40B,13.59%,$0.18B,$16.76B,1.12%,$0.23B,$2.34B,9.73%,$224,$15,$209,$0,$147,$163,$61,$0,$61,$13,$48,$48,$48,$0,$0,$60,60,$0.79,$0.79,$2576,$0,$0,$11047,$323,$4719,$546,$127,$5714,$16761,$14419,$393,$0,$393,$14812,$1,$1171,$164,$1949,$16761,$48,$11,$15,$27,$15,$-0,$-4,$0,$11,$85,$-4,$0,$0,$0,$179,$179,$167,$342,$-0,$-1,$-1,$17,$17,$-26,$421,$411,$838,$4,$-26
35,2009-12-31,33.98,$31.55,1.08,$15.42,2.2,$8.05,4.22,$3.00,11.33,$10.40B,$14.00B,0.74,$0.39B,$1.89B,0.21,$0.92B,$0.83B,90.40%,$0.92B,$0.23B,25.30%,$0.92B,0,0.00%,$0.92B,0,0.00%,$0.92B,$0.23B,25.30%,$0.92B,$0.18B,19.52%,$0.18B,$1.89B,9.68%,$0.18B,$1.35B,13.76%,$0.18B,$16.29B,1.13%,$0.23B,$2.29B,9.60%,$243,$18,$225,$0,$155,$174,$68,$0,$68,$17,$51,$51,$51,$0,$0,$59,60,$0.85,$0.86,$1738,$0,$0,$10401,$324,$4890,$547,$125,$5887,$16288,$14001,$393,$0,$393,$14394,$1,$1150,$154,$1894,$16288,$179,$40,$65,$104,$62,$-2,$-69,$0,$-9,$274,$-78,$0,$-1,$0,$-1252,$-1252,$411,$-919,$-0,$-591,$-591,$18,$18,$-102,$1805,$1130,$484,$13,$-102
36,2009-09-30,34.46,$31.80,1.08,$15.34,2.25,$7.60,4.54,$3.03,11.37,$10.63B,$13.63B,0.78,$0.62B,$1.91B,0.33,$0.91B,$0.81B,89.02%,$0.91B,$0.24B,26.23%,$0.91B,0,0.00%,$0.91B,0,0.00%,$0.91B,$0.24B,26.23%,$0.91B,$0.18B,19.87%,$0.18B,$1.91B,9.96%,$0.18B,$1.36B,14.28%,$0.18B,$16.16B,1.16%,$0.24B,$2.53B,10.03%,$225,$22,$203,$0,$148,$171,$54,$0,$54,$10,$45,$45,$45,$0,$0,$60,60,$0.75,$0.75,$1804,$0,$0,$10634,$313,$4538,$549,$124,$5524,$16158,$13630,$623,$0,$623,$14252,$1,$1125,$197,$1906,$16158,$128,$29,$43,$71,$73,$-0,$-58,$0,$15,$214,$-62,$0,$-1,$0,$-846,$-846,$284,$-626,$230,$-620,$-390,$18,$18,$-76,$1413,$964,$552,$9,$-76
37,2009-06-30,30.25,$30.12,1.0,$15.69,1.93,$8.08,3.75,$3.10,9.76,$10.48B,$13.37B,0.78,$0.62B,$1.80B,0.35,$0.93B,$0.82B,88.17%,$0.93B,$0.26B,27.42%,$0.93B,0,0.00%,$0.93B,0,0.00%,$0.93B,$0.26B,27.42%,$0.93B,$0.19B,19.89%,$0.19B,$1.80B,10.61%,$0.19B,$1.25B,15.51%,$0.19B,$15.79B,1.23%,$0.26B,$2.42B,11.33%,$225,$23,$202,$0,$151,$176,$50,$0,$50,$12,$38,$38,$38,$0,$0,$59,59,$0.64,$0.63,$1530,$0,$0,$10482,$296,$4334,$549,$124,$5303,$15785,$13365,$623,$0,$623,$13988,$1,$1110,$122,$1797,$15785,$83,$19,$25,$44,$61,$-1,$-64,$0,$-3,$123,$-39,$0,$-1,$0,$-749,$-749,$185,$-605,$230,$-417,$-187,$9,$9,$-51,$988,$759,$278,$6,$-51
38,2009-03-31,30.25,$30.35,1.0,$15.90,1.9,$7.74,3.91,$3.36,9.0,$10.36B,$12.91B,0.8,$0.62B,$1.80B,0.35,$0.94B,$0.82B,87.14%,$0.94B,$0.28B,29.76%,$0.94B,0,0.00%,$0.94B,0,0.00%,$0.94B,$0.28B,29.76%,$0.94B,$0.20B,21.25%,$0.20B,$1.80B,11.90%,$0.20B,$1.25B,17.73%,$0.20B,$15.33B,1.38%,$0.28B,$2.43B,13.14%,$224,$24,$199,$0,$137,$164,$60,$0,$60,$15,$45,$45,$45,$0,$0,$59,59,$0.76,$0.76,$1232,$0,$0,$10357,$286,$4015,$551,$122,$4974,$15331,$12905,$623,$0,$623,$13528,$1,$1100,$154,$1803,$15331,$45,$6,$9,$15,$78,$-2,$-64,$0,$12,$72,$-24,$0,$-1,$0,$-422,$-422,$62,$-384,$230,$-439,$-209,$0,$0,$-25,$524,$291,$-22,$3,$-25
39,2008-12-31,32.02,$29.68,1.08,$16.29,1.97,$7.13,4.49,$3.49,9.18,$10.53B,$12.88B,0.82,$0.39B,$1.76B,0.22,$0.96B,$0.82B,85.25%,$0.96B,$0.30B,30.74%,$0.96B,0,0.00%,$0.96B,0,0.00%,$0.96B,$0.30B,30.74%,$0.96B,$0.21B,21.60%,$0.21B,$1.76B,12.81%,$0.21B,$1.21B,19.44%,$0.21B,$15.03B,1.47%,$0.30B,$2.16B,14.67%,$237,$29,$207,$0,$130,$161,$75,$0,$75,$22,$53,$53,$53,$0,$0,$59,59,$0.89,$0.89,$1252,$0,$0,$10534,$267,$3561,$551,$121,$4501,$15034,$12878,$393,$0,$393,$13271,$1,$1080,$137,$1764,$15034,$207,$34,$47,$82,$-128,$-3,$76,$0,$-55,$234,$-66,$0,$-1,$0,$-39,$-39,$-1124,$-1229,$-8,$140,$133,$14,$14,$-98,$987,$1036,$41,$10,$-98
40,2008-09-30,37.33,$27.17,1.37,$16.57,2.25,$7.31,5.1,$3.53,10.58,$9.96B,$12.06B,0.83,$0.39B,$1.61B,0.24,$0.98B,$0.81B,82.67%,$0.98B,$0.30B,30.78%,$0.98B,0,0.00%,$0.98B,0,0.00%,$0.98B,$0.30B,30.58%,$0.98B,$0.21B,21.41%,$0.21B,$1.61B,13.53%,$0.21B,$1.06B,21.08%,$0.21B,$14.06B,1.53%,$0.30B,$2.00B,15.51%,$244,$32,$212,$0,$140,$174,$70,$0,$70,$21,$49,$49,$49,$0,$0,$59,59,$0.83,$0.83,$1154,$0,$0,$9962,$248,$3178,$553,$120,$4100,$14061,$12058,$393,$0,$393,$12451,$1,$1053,$18,$1611,$14061,$154,$25,$21,$46,$19,$-13,$15,$0,$21,$221,$-42,$0,$-0,$0,$240,$240,$-867,$-670,$-8,$353,$346,$13,$13,$-73,$96,$381,$-68,$7,$-73
41,2008-06-30,30.54,$26.11,1.17,$16.94,1.8,$7.11,4.3,$3.66,8.35,$9.53B,$11.73B,0.81,$0.40B,$1.54B,0.26,$1.00B,$0.80B,79.76%,$1.00B,$0.31B,31.31%,$1.00B,0,0.00%,$1.00B,0,0.00%,$1.00B,$0.31B,31.11%,$1.00B,$0.22B,21.64%,$0.22B,$1.54B,14.51%,$0.22B,$0.99B,23.12%,$0.22B,$13.67B,1.60%,$0.31B,$1.94B,16.58%,$236,$35,$202,$0,$124,$161,$75,$0,$75,$23,$53,$53,$53,$0,$0,$59,59,$0.89,$0.89,$903,$0,$0,$9532,$238,$3228,$554,$119,$4139,$13671,$11734,$395,$0,$395,$12129,$1,$1032,$-15,$1542,$13671,$105,$16,$8,$25,$-47,$-2,$10,$0,$-39,$92,$-28,$0,$-0,$0,$170,$170,$-620,$-478,$-5,$25,$19,$5,$5,$-48,$103,$79,$-307,$5,$-48
42,2008-03-31,32.01,$26.85,1.19,$17.21,1.86,$7.11,4.5,$3.66,8.75,$9.58B,$11.82B,0.81,$0.40B,$1.58B,0.25,$1.02B,$0.79B,77.34%,$1.02B,$0.32B,30.96%,$1.02B,0,0.00%,$1.02B,0,0.00%,$1.02B,$0.32B,30.76%,$1.02B,$0.22B,21.29%,$0.22B,$1.58B,15.04%,$0.22B,$1.02B,24.48%,$0.22B,$13.79B,1.63%,$0.32B,$1.97B,17.13%,$246,$46,$200,$0,$122,$170,$76,$0,$76,$23,$53,$53,$53,$0,$0,$59,59,$0.90,$0.89,$1296,$0,$0,$9578,$222,$3320,$556,$118,$4216,$13794,$11822,$395,$0,$395,$12217,$1,$1010,$64,$1577,$13794,$53,$8,$2,$10,$-59,$-2,$17,$0,$-44,$19,$-7,$0,$-0,$0,$149,$149,$-234,$-92,$-5,$-8,$-14,$-7,$-7,$-24,$202,$158,$85,$2,$-24
43,2007-12-31,30.14,$25.18,1.2,$17.32,1.74,$5.17,5.83,$3.55,8.49,$9.18B,$11.61B,0.79,$0.40B,$1.48B,0.27,$1.04B,$0.79B,75.82%,$1.04B,$0.31B,29.96%,$1.04B,0,0.00%,$1.04B,0,0.00%,$1.04B,$0.31B,29.77%,$1.04B,$0.21B,20.42%,$0.21B,$1.48B,15.04%,$0.21B,$0.92B,24.98%,$0.21B,$13.49B,1.61%,$0.31B,$1.88B,17.11%,$255,$58,$197,$0,$114,$174,$81,$0,$79,$25,$55,$55,$55,$0,$0,$59,60,$0.93,$0.95,$1208,$0,$0,$9176,$220,$3415,$558,$116,$4309,$13485,$11608,$400,$0,$400,$12008,$1,$992,$-7,$1477,$13485,$212,$29,$12,$42,$-54,$-3,$4,$0,$-52,$201,$-21,$0,$-3,$0,$-50,$-50,$-387,$-461,$-30,$69,$39,$-87,$-87,$-91,$150,$12,$-248,$10,$-91
44,2007-09-30,29.37,$23.74,1.24,$17.29,1.7,$0.73,40.48,$3.46,8.49,$8.82B,$11.38B,0.78,$0.40B,$1.39B,0.29,$1.02B,$0.77B,75.27%,$1.02B,$0.30B,29.42%,$1.02B,0,0.00%,$1.02B,0,0.00%,$1.02B,$0.30B,29.42%,$1.02B,$0.21B,20.04%,$0.21B,$1.39B,14.80%,$0.21B,$0.83B,24.92%,$0.21B,$13.17B,1.56%,$0.30B,$1.79B,16.72%,$266,$64,$201,$0,$117,$184,$82,$0,$82,$26,$56,$56,$56,$0,$0,$58,59,$0.97,$0.95,$1184,$0,$0,$8819,$217,$3455,$560,$115,$4348,$13167,$11380,$400,$0,$400,$11780,$1,$966,$-58,$1387,$13167,$157,$21,$9,$31,$-39,$-1,$33,$0,$-8,$181,$-14,$0,$-2,$0,$79,$79,$-69,$-7,$-29,$29,$-0,$-91,$-91,$-67,$-286,$-444,$-271,$7,$-67
45,2007-06-30,30.85,$22.99,1.34,$16.99,1.82,$-5.30,0.0,$3.39,9.1,$8.89B,$11.18B,0.79,$0.41B,$1.36B,0.3,$0.99B,$0.75B,75.25%,$0.99B,$0.29B,29.48%,$0.99B,0,0.00%,$0.99B,0,0.00%,$0.99B,$0.29B,29.48%,$0.99B,$0.20B,20.02%,$0.20B,$1.36B,15.09%,$0.20B,$0.80B,24.00%,$0.20B,$12.95B,1.56%,$0.29B,$1.77B,16.90%,$257,$64,$194,$0,$113,$179,$78,$0,$78,$25,$54,$54,$54,$0,$0,$59,60,$0.90,$0.89,$1248,$0,$0,$8885,$220,$3169,$562,$114,$4065,$12949,$11183,$408,$0,$408,$11591,$1,$938,$-87,$1358,$12949,$101,$13,$4,$17,$-56,$-1,$16,$0,$-42,$76,$-12,$0,$-2,$0,$123,$123,$-32,$77,$-22,$-35,$-57,$-53,$-53,$-44,$-206,$-360,$-207,$5,$-44
46,2007-03-31,29.75,$23.64,1.26,$16.79,1.77,$-9.83,0.0,$3.36,8.85,$9.16B,$11.34B,0.81,$0.42B,$1.42B,0.3,$0.97B,$0.73B,75.78%,$0.97B,$0.29B,29.71%,$0.97B,0,0.00%,$0.97B,0,0.00%,$0.97B,$0.29B,29.71%,$0.97B,$0.19B,20.08%,$0.19B,$1.42B,15.70%,$0.19B,$0.85B,23.65%,$0.19B,$13.18B,1.57%,$0.29B,$1.84B,17.39%,$260,$65,$195,$0,$122,$189,$70,$0,$70,$23,$47,$47,$47,$0,$0,$60,61,$0.79,$0.78,$1429,$0,$0,$9156,$217,$3126,$564,$113,$4020,$13176,$11336,$423,$0,$423,$11759,$1,$910,$-48,$1418,$13176,$47,$7,$2,$9,$-131,$-3,$-23,$0,$-157,$-101,$-5,$0,$-2,$0,$225,$225,$-67,$151,$-7,$51,$44,$4,$4,$-20,$-106,$-79,$-28,$2,$-20
47,2006-12-31,31.34,$23.01,1.36,$16.40,1.91,$-12.76,0.0,$3.41,9.19,$8.99B,$11.42B,0.79,$0.43B,$1.38B,0.31,$0.92B,$0.71B,76.84%,$0.92B,$0.29B,30.95%,$0.92B,0,0.00%,$0.92B,0,0.00%,$0.92B,$0.29B,30.95%,$0.92B,$0.19B,21.00%,$0.19B,$1.38B,17.10%,$0.19B,$0.81B,24.49%,$0.19B,$13.22B,1.62%,$0.29B,$1.81B,18.52%,$240,$61,$180,$0,$107,$170,$71,$0,$71,$22,$48,$48,$48,$0,$0,$55,57,$0.85,$0.85,$1454,$0,$0,$8989,$220,$3341,$563,$112,$4235,$13224,$11419,$429,$0,$429,$11847,$1,$883,$-55,$1377,$13224,$194,$24,$2,$26,$16,$-3,$-285,$0,$-272,$-53,$-27,$0,$-100,$0,$-63,$-63,$-179,$-369,$-19,$106,$86,$38,$38,$-73,$-98,$-47,$-469,$9,$-73
