,Date,Stock Price,Book Value per Share,Price to Book Ratio,TTM Sales per Share,Price to Sales Ratio,TTM FCF per Share,Price to FCF Ratio,TTM Net EPS,PE Ratio,Current Assets,Current Liabilities,Current Ratio,Long Term Debt,Shareholder's Equity_x,Debt to Equity Ratio,TTM Revenue_x,TTM Gross Profit,Gross Margin,TTM Revenue_y,TTM Operating Income,Operating Margin,TTM Revenue_x,TTM EBIT,EBIT Margin,TTM Revenue_y,TTM EBITDA,EBITDA Margin,TTM Revenue_x,TTM Pre-Tax Income,Pre-Tax Margin,TTM Revenue_y,TTM Net Income_x,Net Margin,TTM Net Income_y,Shareholder's Equity_y,Return on Equity,TTM Net Income_x,Tangible Equity,Return on Tangible Equity,TTM Net Income_y,Total Assets,Return on Assets,TTM Net Income,LT Investments & Debt,Return on Investment,revenue,cost-goods-sold,gross-profit,research-development-expenses,selling-general-administrative-expenses,operating-expenses,operating-income,total-non-operating-income-expense,pre-tax-income,total-provision-income-taxes,income-after-taxes,income-from-continuous-operations,net-income,ebitda,ebit,basic-shares-outstanding,shares-outstanding,eps-basic-net-earnings-per-share,eps-earnings-per-share-diluted,cash-on-hand,inventory,other-current-assets,total-current-assets,net-property-plant-equipment,long-term-investments,goodwill-intangible-assets-total,other-long-term-assets,total-long-term-assets,total-assets,total-current-liabilities,long-term-debt,other-non-current-liabilities,total-long-term-liabilities,total-liabilities,common-stock-net,retained-earnings-accumulated-deficit,comprehensive-income,total-share-holder-equity,total-liabilities-share-holders-equity,net-income-loss,total-depreciation-amortization-cash-flow,other-non-cash-items,total-non-cash-items,change-in-accounts-receivable,change-in-inventories,change-in-accounts-payable,change-in-assets-liabilities,total-change-in-assets-liabilities,cash-flow-from-operating-activities,net-change-in-property-plant-equipment,net-change-in-intangible-assets,net-acquisitions-divestitures,net-change-in-short-term-investments,net-change-in-long-term-investments,net-change-in-investments-total,investing-activities-other,cash-flow-from-investing-activities,net-long-term-debt,net-current-debt,debt-issuance-retirement-net-total,net-common-equity-issued-repurchased,net-total-equity-issued-repurchased,total-common-preferred-stock-dividends-paid,financial-activities-other,cash-flow-from-financial-activities,net-cash-flow,stock-based-compensation,common-stock-dividends-paid
0,2018-09-30,36.06,$29.68,1.22,$29.11,1.24,$1.84,19.6,$0.87,41.45,$1.95B,$1.07B,1.83,$1.14B,$3.48B,0.33,$3.56B,$1.10B,30.86%,$3.56B,$0.01B,0.34%,$3.56B,$0.01B,0.34%,$3.56B,$0.34B,9.48%,$3.56B,$-0.04B,-1.10%,$3.56B,$0.11B,3.01%,$0.11B,$3.48B,2.93%,$0.11B,$0.01B,91.06%,$0.11B,$6.45B,1.62%,$0.01B,$4.61B,0.25%,$875,$604,$271,$0,$195,$815,$60,$-10,$50,$12,$38,$38,$31,$99,$60,$118,118,$0.27,$0.26,$286,$484,$227,$1951,$494,$0,$3465,$0,$4495,$6446,$1069,$1136,$763,$1899,$2968,$0,$946,$-736,$3478,$6446,$106,$111,$7,$117,$-52,$-57,$0,$-20,$-123,$101,$-22,$0,$-65,$139,$0,$139,$0,$52,$-94,$189,$95,$-195,$-195,$0,$-1,$-101,$24,$19,$0
1,2018-06-30,30.65,$29.74,1.03,$28.52,1.07,$1.94,15.83,$0.98,31.28,$1.95B,$1.08B,1.81,$1.07B,$3.54B,0.3,$3.53B,$1.09B,30.92%,$3.53B,$0.03B,0.77%,$3.53B,$0.03B,0.77%,$3.53B,$0.35B,9.82%,$3.53B,$-0.03B,-0.74%,$3.53B,$0.12B,3.46%,$0.12B,$3.54B,3.34%,$0.12B,$0.07B,96.06%,$0.12B,$6.46B,1.81%,$0.03B,$4.61B,0.56%,$925,$638,$287,$0,$205,$860,$66,$-5,$61,$-7,$68,$68,$38,$101,$66,$123,123,$0.31,$0.31,$258,$490,$213,$1947,$511,$0,$3466,$0,$4515,$6463,$1075,$1067,$783,$1851,$2925,$0,$915,$-699,$3537,$6463,$71,$72,$2,$74,$-65,$-54,$0,$-12,$-111,$34,$-25,$0,$-32,$0,$154,$154,$0,$97,$-56,$82,$26,$-141,$-141,$0,$-1,$-116,$-4,$13,$0
2,2018-03-31,31.9,$31.11,1.03,$27.84,1.15,$2.44,13.05,$1.10,29.0,$2.16B,$1.10B,1.98,$1.12B,$3.84B,0.29,$3.45B,$1.06B,30.77%,$3.45B,$0.03B,0.90%,$3.45B,$0.03B,0.90%,$3.45B,$0.35B,10.21%,$3.45B,$-0.03B,-0.73%,$3.45B,$0.14B,3.97%,$0.14B,$3.84B,3.79%,$0.14B,$0.21B,318.60%,$0.14B,$6.88B,2.02%,$0.03B,$4.96B,0.64%,$881,$610,$271,$0,$201,$819,$62,$-24,$38,$6,$32,$32,$25,$99,$62,$124,124,$0.20,$0.20,$403,$499,$267,$2163,$547,$0,$3628,$0,$4716,$6879,$1095,$1122,$820,$1942,$3038,$0,$876,$-508,$3841,$6879,$29,$37,$14,$51,$-18,$-42,$0,$-3,$-82,$-3,$-11,$0,$-52,$0,$9,$9,$0,$-54,$-19,$74,$56,$3,$3,$0,$-1,$57,$6,$6,$0
3,2017-12-31,39.62,$30.24,1.31,$26.67,1.49,$2.79,14.22,$1.21,32.74,$2.07B,$1.10B,1.89,$1.06B,$3.73B,0.28,$3.30B,$1.03B,31.20%,$3.30B,$0.03B,0.88%,$3.30B,$0.03B,0.88%,$3.30B,$0.35B,10.45%,$3.30B,$-0.01B,-0.36%,$3.30B,$0.15B,4.57%,$0.15B,$3.73B,4.37%,$0.15B,$0.17B,-173.56%,$0.15B,$6.71B,2.26%,$0.03B,$4.78B,0.62%,$874,$606,$268,$0,$199,$1050,$-176,$-12,$-188,$-4,$-184,$-184,$13,$38,$-176,$123,123,$0.12,$0.11,$412,$430,$258,$2070,$553,$0,$3556,$0,$4640,$6710,$1097,$1055,$830,$1885,$2982,$0,$846,$-574,$3727,$6710,$170,$316,$-235,$81,$-44,$-34,$0,$36,$-32,$219,$-69,$0,$144,$0,$0,$0,$15,$90,$309,$-586,$-277,$7,$7,$0,$-10,$-280,$40,$22,$0
4,2017-09-30,41.64,$28.54,1.46,$24.32,1.71,$3.06,13.61,$1.42,29.32,$2.32B,$1.29B,1.8,$1.34B,$3.51B,0.38,$3.01B,$0.93B,31.01%,$3.01B,$0.26B,8.70%,$3.01B,$0.26B,8.70%,$3.01B,$0.40B,13.28%,$3.01B,$0.23B,7.54%,$3.01B,$0.18B,5.84%,$0.18B,$3.51B,5.34%,$0.18B,$0.05B,-101.44%,$0.18B,$6.84B,2.67%,$0.26B,$4.85B,5.70%,$845,$581,$264,$0,$182,$770,$75,$-11,$63,$14,$50,$50,$46,$108,$75,$123,124,$0.37,$0.37,$260,$415,$683,$2315,$513,$0,$3463,$0,$4523,$6838,$1289,$1335,$701,$2036,$3325,$0,$833,$-754,$3514,$6838,$152,$102,$2,$104,$-96,$-38,$0,$-3,$-141,$115,$-21,$0,$-57,$0,$0,$0,$0,$-78,$328,$-317,$10,$5,$5,$0,$-9,$6,$51,$16,$0
5,2017-06-30,39.37,$27.41,1.44,$23.74,1.66,$2.79,14.1,$1.28,30.76,$1.96B,$1.15B,1.71,$1.32B,$3.37B,0.39,$2.93B,$0.91B,30.95%,$2.93B,$0.25B,8.38%,$2.93B,$0.25B,8.38%,$2.93B,$0.38B,13.09%,$2.93B,$0.22B,7.36%,$2.93B,$0.16B,5.39%,$0.16B,$3.37B,4.92%,$0.16B,$-0.26B,-55.00%,$0.16B,$6.73B,2.43%,$0.25B,$4.70B,5.44%,$848,$590,$258,$0,$177,$778,$70,$-9,$62,$20,$42,$42,$53,$107,$70,$123,124,$0.43,$0.43,$272,$455,$253,$1958,$580,$0,$3637,$0,$4772,$6730,$1147,$1322,$889,$2211,$3358,$0,$787,$-839,$3372,$6730,$100,$69,$-1,$67,$-59,$-30,$0,$15,$-69,$99,$-27,$0,$-50,$0,$16,$16,$0,$-61,$346,$-336,$10,$3,$3,$0,$-8,$5,$50,$12,$0
6,2017-03-31,39.26,$26.11,1.5,$24.68,1.59,$2.46,15.94,$1.17,33.56,$1.78B,$1.08B,1.65,$1.25B,$3.21B,0.39,$3.04B,$0.95B,31.25%,$3.04B,$0.25B,8.18%,$3.04B,$0.25B,8.18%,$3.04B,$0.39B,12.68%,$3.04B,$0.22B,7.16%,$3.04B,$0.15B,4.77%,$0.15B,$3.21B,4.59%,$0.15B,$-0.31B,-42.90%,$0.15B,$6.43B,2.24%,$0.25B,$4.46B,5.55%,$734,$494,$240,$0,$175,$673,$60,$-9,$51,$13,$38,$38,$39,$92,$60,$123,124,$0.31,$0.31,$208,$427,$244,$1781,$575,$0,$3518,$0,$4649,$6430,$1082,$1245,$892,$2136,$3218,$0,$734,$-931,$3211,$6430,$41,$32,$5,$37,$-1,$-18,$0,$-11,$-38,$40,$-12,$0,$0,$0,$0,$0,$0,$-12,$-9,$-38,$-47,$2,$2,$0,$-2,$-47,$-14,$6,$0
7,2016-12-31,35.93,$25.19,1.43,$25.87,1.39,$2.23,16.09,$1.04,34.55,$1.74B,$1.06B,1.64,$1.29B,$3.09B,0.42,$3.19B,$0.99B,31.14%,$3.19B,$0.24B,7.44%,$3.19B,$0.24B,7.44%,$3.19B,$0.38B,11.93%,$3.19B,$0.21B,6.47%,$3.19B,$0.13B,4.05%,$0.13B,$3.09B,4.08%,$0.13B,$-0.17B,-32.93%,$0.13B,$6.34B,1.97%,$0.24B,$4.38B,5.22%,$585,$413,$172,$0,$101,$529,$57,$-6,$51,$7,$44,$44,$38,$93,$57,$123,123,$0.31,$0.31,$209,$365,$326,$1739,$505,$0,$3267,$307,$4600,$6338,$1060,$1287,$899,$2185,$3245,$0,$685,$-988,$3093,$6338,$145,$143,$22,$165,$-51,$20,$0,$-69,$-63,$247,$-63,$0,$-26,$0,$0,$0,$7,$-82,$-38,$-81,$-119,$-19,$-19,$0,$-8,$-145,$24,$19,$0
8,2016-09-30,31.43,$25.83,1.22,$25.36,1.24,$2.61,12.02,$1.09,28.83,$1.80B,$1.08B,1.68,$1.38B,$3.17B,0.44,$3.13B,$0.97B,31.09%,$3.13B,$0.23B,7.22%,$3.13B,$0.23B,7.22%,$3.13B,$0.38B,12.04%,$3.13B,$0.19B,6.10%,$3.13B,$0.14B,4.31%,$0.14B,$3.17B,4.21%,$0.14B,$-0.40B,-27.69%,$0.14B,$6.54B,2.03%,$0.23B,$4.55B,4.90%,$767,$528,$238,$0,$168,$708,$59,$-7,$52,$11,$41,$41,$28,$92,$59,$123,123,$0.23,$0.23,$192,$424,$265,$1803,$632,$0,$3573,$0,$4739,$6542,$1075,$1379,$920,$2299,$3374,$0,$648,$-868,$3169,$6542,$102,$107,$16,$123,$-28,$3,$0,$-74,$-123,$102,$-42,$0,$0,$0,$0,$0,$0,$-42,$-28,$-17,$-45,$-20,$-20,$0,$-8,$-73,$-6,$14,$0
9,2016-06-30,26.46,$25.75,1.03,$26.88,0.98,$3.08,8.59,$1.01,26.2,$1.79B,$1.09B,1.64,$1.40B,$3.16B,0.44,$3.33B,$1.03B,30.94%,$3.33B,$0.21B,6.39%,$3.33B,$0.21B,6.39%,$3.33B,$0.37B,11.10%,$3.33B,$0.17B,5.22%,$3.33B,$0.13B,3.75%,$0.13B,$3.16B,3.86%,$0.13B,$-0.47B,-23.56%,$0.13B,$6.58B,1.85%,$0.21B,$4.56B,4.55%,$957,$656,$301,$0,$214,$884,$73,$-9,$64,$20,$44,$44,$40,$109,$73,$123,123,$0.32,$0.32,$185,$432,$264,$1787,$635,$0,$3625,$0,$4789,$6576,$1088,$1400,$930,$2330,$3418,$0,$620,$-845,$3158,$6576,$70,$74,$13,$87,$-14,$-7,$0,$-77,$-100,$56,$-25,$0,$0,$0,$0,$0,$0,$-25,$-19,$-3,$-21,$-20,$-20,$0,$-5,$-47,$-13,$11,$0
10,2016-03-31,28.59,$26.41,1.08,$27.29,1.05,$3.22,8.89,$1.11,25.76,$1.79B,$1.10B,1.63,$1.44B,$3.24B,0.45,$3.40B,$1.06B,31.12%,$3.40B,$0.24B,6.97%,$3.40B,$0.24B,6.97%,$3.40B,$0.39B,11.53%,$3.40B,$0.19B,5.65%,$3.40B,$0.14B,4.06%,$0.14B,$3.24B,4.17%,$0.14B,$-0.52B,-26.67%,$0.14B,$6.72B,2.01%,$0.24B,$4.68B,4.99%,$877,$596,$281,$0,$214,$828,$48,$-9,$39,$13,$26,$26,$23,$86,$48,$123,123,$0.18,$0.18,$196,$454,$253,$1785,$651,$0,$3762,$0,$4939,$6724,$1098,$1440,$947,$2387,$3485,$0,$580,$-718,$3239,$6724,$26,$38,$6,$44,$24,$-24,$0,$-17,$-54,$16,$-15,$0,$0,$0,$0,$0,$0,$-15,$-9,$23,$14,$-20,$-20,$0,$1,$-5,$-1,$5,$0
11,2015-12-31,23.35,$26.37,0.89,$27.45,0.85,$3.11,7.51,$1.35,17.3,$1.73B,$1.12B,1.55,$1.41B,$3.26B,0.43,$3.43B,$1.07B,31.19%,$3.43B,$0.27B,7.75%,$3.43B,$0.27B,7.75%,$3.43B,$0.42B,12.23%,$3.43B,$0.22B,6.35%,$3.43B,$0.17B,4.86%,$0.17B,$3.26B,5.05%,$0.17B,$-0.56B,-32.67%,$0.17B,$6.73B,2.41%,$0.27B,$4.67B,5.60%,$529,$375,$153,$0,$75,$483,$46,$-10,$36,$-3,$38,$38,$44,$90,$46,$124,125,$0.35,$0.35,$197,$420,$225,$1731,$645,$0,$3813,$0,$5002,$6733,$1116,$1412,$948,$2360,$3476,$0,$557,$-687,$3257,$6733,$187,$155,$4,$158,$64,$-0,$0,$-106,$-42,$304,$-70,$0,$-196,$0,$0,$0,$19,$-247,$-483,$394,$-89,$-21,$-21,$0,$-21,$-131,$-108,$16,$0
12,2015-09-30,29.91,$26.60,1.12,$33.05,0.9,$3.69,8.1,$1.63,18.35,$2.00B,$1.21B,1.66,$1.53B,$3.30B,0.46,$4.11B,$1.31B,31.87%,$4.11B,$0.33B,7.95%,$4.11B,$0.33B,7.95%,$4.11B,$0.48B,11.75%,$4.11B,$0.28B,6.79%,$4.11B,$0.20B,4.94%,$0.20B,$3.30B,6.09%,$0.20B,$-0.58B,-39.57%,$0.20B,$7.04B,2.88%,$0.33B,$4.84B,6.81%,$969,$673,$296,$0,$237,$924,$46,$-11,$35,$11,$24,$24,$18,$85,$46,$124,125,$0.15,$0.15,$221,$450,$338,$1999,$664,$0,$3880,$0,$5041,$7040,$1205,$1532,$998,$2530,$3736,$0,$513,$-629,$3304,$7040,$139,$111,$22,$133,$-39,$-21,$0,$-63,$-119,$152,$-33,$0,$-185,$0,$0,$0,$0,$-217,$-473,$493,$20,$3,$3,$0,$-10,$13,$-84,$12,$0
13,2015-06-30,46.15,$27.60,1.67,$34.59,1.33,$3.87,11.91,$2.07,22.29,$2.01B,$1.20B,1.67,$1.38B,$3.43B,0.4,$4.31B,$1.39B,32.21%,$4.31B,$0.40B,9.29%,$4.31B,$0.40B,9.29%,$4.31B,$0.56B,13.01%,$4.31B,$0.35B,8.08%,$4.31B,$0.26B,5.99%,$0.26B,$3.43B,7.61%,$0.26B,$-0.42B,-51.78%,$0.26B,$7.01B,3.60%,$0.40B,$4.81B,8.20%,$1025,$697,$328,$0,$223,$929,$97,$-14,$82,$23,$59,$59,$53,$131,$97,$124,125,$0.43,$0.42,$212,$447,$321,$2005,$672,$0,$3843,$0,$5005,$7010,$1203,$1377,$1001,$2378,$3581,$0,$495,$-491,$3429,$7010,$115,$71,$18,$89,$-35,$-22,$0,$-67,$-138,$67,$-18,$0,$0,$0,$0,$0,$0,$-18,$-464,$329,$-135,$3,$3,$0,$-4,$-135,$-93,$9,$0
14,2015-03-31,47.73,$26.23,1.82,$35.96,1.33,$3.45,13.85,$3.18,15.01,$2.02B,$1.26B,1.61,$1.43B,$3.25B,0.44,$4.48B,$1.45B,32.30%,$4.48B,$0.40B,8.91%,$4.48B,$0.40B,8.91%,$4.48B,$0.58B,12.95%,$4.48B,$0.35B,7.77%,$4.48B,$0.40B,8.86%,$0.40B,$3.25B,11.52%,$0.40B,$-0.50B,-73.65%,$0.40B,$6.95B,5.36%,$0.40B,$4.68B,7.92%,$911,$617,$294,$0,$213,$834,$77,$-12,$65,$9,$56,$56,$52,$114,$77,$124,125,$0.42,$0.42,$207,$456,$345,$2023,$680,$0,$3746,$0,$4923,$6945,$1255,$1428,$1013,$2442,$3697,$0,$442,$-604,$3249,$6945,$56,$37,$8,$45,$-36,$-34,$0,$-53,$-103,$-2,$-11,$0,$0,$0,$0,$0,$0,$-11,$-15,$-54,$-69,$1,$1,$0,$-3,$-71,$-99,$4,$0
15,2014-12-31,51.57,$27.09,1.9,$37.92,1.36,$2.85,18.07,$2.98,17.31,$2.07B,$1.28B,1.62,$1.53B,$3.35B,0.46,$4.62B,$1.48B,31.99%,$4.62B,$0.41B,8.87%,$4.62B,$0.41B,8.87%,$4.62B,$0.59B,12.65%,$4.62B,$0.36B,7.74%,$4.62B,$0.37B,8.00%,$0.37B,$3.35B,10.62%,$0.37B,$-0.56B,-100.82%,$0.37B,$7.21B,5.03%,$0.41B,$4.88B,8.20%,$1206,$815,$392,$0,$255,$1099,$107,$-10,$97,$11,$86,$86,$80,$153,$107,$121,123,$0.70,$0.68,$305,$443,$297,$2074,$727,$0,$3917,$0,$5137,$7212,$1280,$1527,$1052,$2579,$3859,$0,$390,$-444,$3352,$7212,$420,$175,$-113,$62,$-20,$58,$0,$-108,$-96,$386,$-84,$0,$-949,$0,$0,$0,$3,$-1030,$134,$-44,$91,$614,$594,$-4,$-31,$650,$-6,$18,$0
16,2014-09-30,56.97,$28.60,1.99,$39.76,1.43,$3.29,17.3,$2.65,21.5,$2.22B,$1.37B,1.62,$1.61B,$3.54B,0.46,$4.59B,$1.44B,31.47%,$4.59B,$0.42B,9.22%,$4.59B,$0.42B,9.22%,$4.59B,$0.58B,12.73%,$4.59B,$0.34B,7.32%,$4.59B,$0.33B,7.08%,$0.33B,$3.54B,9.76%,$0.33B,$-0.52B,-92.53%,$0.33B,$7.53B,4.51%,$0.42B,$5.15B,8.76%,$1164,$791,$373,$0,$245,$1046,$119,$-15,$104,$23,$81,$81,$73,$162,$119,$124,125,$0.59,$0.59,$287,$522,$310,$2218,$772,$0,$4054,$0,$5311,$7529,$1369,$1608,$1015,$2623,$3992,$0,$309,$-178,$3537,$7529,$334,$129,$-132,$-2,$-39,$5,$0,$-14,$-131,$202,$-59,$0,$-949,$0,$0,$0,$0,$-1008,$150,$70,$220,$613,$593,$-4,$-22,$787,$-25,$13,$0
17,2014-06-30,74.54,$29.51,2.53,$39.26,1.9,$3.34,22.35,$2.54,29.35,$2.41B,$1.42B,1.7,$1.81B,$3.65B,0.5,$4.44B,$1.39B,31.34%,$4.44B,$0.41B,9.17%,$4.44B,$0.41B,9.17%,$4.44B,$0.56B,12.53%,$4.44B,$0.32B,7.14%,$4.44B,$0.30B,6.80%,$0.30B,$3.65B,9.78%,$0.30B,$-0.58B,-105.78%,$0.30B,$7.93B,4.37%,$0.41B,$5.46B,8.98%,$1199,$811,$388,$0,$279,$1104,$96,$-14,$82,$-116,$198,$198,$192,$151,$96,$124,125,$1.55,$1.53,$334,$569,$355,$2411,$812,$0,$4228,$0,$5517,$7928,$1417,$1812,$1050,$2861,$4278,$0,$236,$4,$3649,$7928,$253,$87,$-139,$-53,$-49,$-20,$0,$-29,$-164,$37,$-42,$0,$-949,$0,$0,$0,$0,$-991,$150,$237,$387,$613,$593,$-4,$-10,$966,$23,$8,$0
18,2014-03-31,71.33,$27.49,2.59,$39.34,1.81,$3.83,18.65,$1.53,46.62,$2.34B,$1.31B,1.78,$1.11B,$3.40B,0.33,$4.31B,$1.34B,31.08%,$4.31B,$0.42B,9.81%,$4.31B,$0.42B,9.81%,$4.31B,$0.54B,12.56%,$4.31B,$0.33B,7.63%,$4.31B,$0.16B,3.78%,$0.16B,$3.40B,5.87%,$0.16B,$0.19B,-76.17%,$0.16B,$6.77B,2.53%,$0.42B,$4.50B,10.27%,$1054,$729,$326,$0,$232,$967,$88,$-12,$75,$21,$55,$55,$25,$119,$88,$112,114,$0.22,$0.22,$482,$473,$323,$2342,$747,$0,$3206,$0,$4429,$6771,$1313,$1108,$954,$2061,$3375,$0,$44,$-47,$3397,$6771,$55,$31,$5,$36,$-40,$-30,$0,$-11,$-158,$-67,$-13,$0,$0,$0,$0,$0,$0,$-13,$0,$-337,$-337,$612,$592,$-4,$-4,$247,$171,$4,$0
19,2013-12-31,63.69,$26.89,2.37,$40.05,1.59,$4.19,15.19,$1.52,41.9,$2.13B,$1.38B,1.54,$1.46B,$2.74B,0.53,$4.21B,$1.31B,31.04%,$4.21B,$0.41B,9.67%,$4.21B,$0.41B,9.67%,$4.21B,$0.53B,12.48%,$4.21B,$0.30B,7.20%,$4.21B,$0.16B,3.76%,$0.16B,$2.74B,6.46%,$0.16B,$-0.50B,-36.94%,$0.16B,$6.60B,2.54%,$0.41B,$4.20B,10.51%,$1171,$814,$357,$0,$220,$1052,$120,$-45,$75,$31,$44,$44,$35,$152,$120,$99,100,$0.33,$0.33,$311,$444,$354,$2132,$754,$0,$3242,$0,$4469,$6601,$1384,$1458,$1018,$2476,$3860,$0,$19,$-47,$2741,$6601,$209,$119,$54,$173,$-99,$80,$0,$-130,$-20,$362,$-71,$0,$-372,$0,$0,$0,$-31,$-475,$-629,$320,$-309,$324,$324,$-20,$-40,$-45,$-171,$13,$0
20,2013-09-30,56.49,$25.22,2.24,$39.66,1.42,$2.29,24.62,$1.34,42.16,$2.37B,$1.32B,1.79,$1.39B,$2.57B,0.54,$4.06B,$1.26B,30.94%,$4.06B,$0.34B,8.34%,$4.06B,$0.34B,8.34%,$4.06B,$0.46B,11.25%,$4.06B,$0.26B,6.33%,$4.06B,$0.14B,3.40%,$0.14B,$2.57B,6.00%,$0.14B,$-0.25B,-28.57%,$0.14B,$6.33B,2.26%,$0.34B,$3.96B,8.96%,$1015,$694,$320,$0,$209,$912,$103,$-18,$85,$20,$65,$65,$50,$134,$103,$102,115,$0.49,$0.48,$639,$453,$300,$2367,$678,$0,$2824,$0,$3967,$6334,$1321,$1389,$1053,$2443,$3764,$0,$-13,$-181,$2570,$6334,$165,$87,$30,$116,$-115,$22,$0,$-49,$-94,$187,$-51,$0,$-14,$0,$0,$0,$0,$-65,$-224,$-10,$-234,$323,$323,$-15,$-30,$44,$157,$10,$0
21,2013-06-30,52.11,$23.62,2.21,$40.94,1.27,$0.60,87.42,$0.90,57.9,$2.29B,$1.25B,1.83,$1.41B,$2.40B,0.59,$4.00B,$1.23B,30.61%,$4.00B,$0.29B,7.20%,$4.00B,$0.29B,7.20%,$4.00B,$0.42B,10.52%,$4.00B,$0.20B,5.00%,$4.00B,$0.09B,2.30%,$0.09B,$2.40B,4.18%,$0.09B,$-0.29B,-16.94%,$0.09B,$6.09B,1.52%,$0.29B,$3.82B,7.67%,$1074,$736,$338,$0,$222,$962,$112,$-18,$94,$26,$67,$67,$53,$137,$112,$98,112,$0.53,$0.52,$588,$467,$298,$2287,$661,$0,$2697,$0,$3807,$6094,$1249,$1411,$1030,$2441,$3690,$0,$-63,$-299,$2404,$6094,$99,$56,$21,$77,$-86,$4,$0,$-44,$-90,$86,$-36,$0,$0,$0,$0,$0,$0,$-36,$-224,$-8,$-231,$323,$323,$-10,$-11,$70,$105,$6,$0
22,2013-03-31,46.54,$21.93,2.12,$42.34,1.1,$-0.61,0.0,$0.45,103.42,$1.99B,$1.27B,1.57,$1.45B,$2.06B,0.7,$3.97B,$1.20B,30.25%,$3.97B,$0.24B,5.94%,$3.97B,$0.24B,5.94%,$3.97B,$0.39B,9.76%,$3.97B,$0.14B,3.55%,$3.97B,$0.05B,1.16%,$0.05B,$2.06B,2.16%,$0.05B,$-0.66B,-7.78%,$0.05B,$5.85B,0.76%,$0.24B,$3.51B,6.31%,$947,$656,$291,$0,$214,$875,$72,$-23,$49,$17,$32,$32,$20,$102,$72,$94,95,$0.21,$0.21,$235,$505,$320,$1987,$676,$0,$2729,$0,$3860,$5846,$1267,$1446,$1069,$2515,$3782,$0,$-116,$-264,$2064,$5846,$32,$30,$7,$37,$-66,$-19,$0,$-19,$-83,$-13,$-18,$0,$0,$0,$0,$0,$0,$-18,$-210,$9,$-200,$1,$1,$-5,$-6,$-211,$-248,$3,$0
23,2012-12-31,40.35,$22.92,1.76,$43.21,0.93,$-1.85,0.0,$-1.09,0.0,$2.13B,$1.18B,1.8,$1.69B,$2.16B,0.79,$3.91B,$1.15B,29.47%,$3.91B,$0.14B,3.58%,$3.91B,$0.14B,3.58%,$3.91B,$0.32B,8.28%,$3.91B,$0.05B,1.25%,$3.91B,$-0.08B,-2.12%,$-0.08B,$2.16B,-3.83%,$-0.08B,$-0.72B,15.66%,$-0.08B,$6.15B,-1.36%,$0.14B,$3.85B,3.64%,$1027,$720,$308,$0,$247,$975,$52,$-23,$29,$4,$25,$25,$15,$84,$52,$91,91,$0.30,$0.30,$482,$494,$282,$2132,$689,$0,$2878,$0,$4017,$6148,$1182,$1694,$1117,$2810,$3992,$0,$-139,$-147,$2156,$6148,$-42,$183,$34,$217,$-37,$27,$0,$-79,$-1,$174,$-83,$0,$-1860,$0,$0,$0,$2,$-1941,$1200,$-40,$1160,$757,$757,$316,$-49,$2183,$407,$9,$0
24,2012-09-30,36.67,$23.19,1.58,$35.94,1.02,$-1.86,0.0,$-1.59,0.0,$2.23B,$1.22B,1.83,$1.66B,$2.18B,0.76,$3.06B,$0.91B,29.60%,$3.06B,$0.08B,2.61%,$3.06B,$0.08B,2.61%,$3.06B,$0.24B,7.73%,$3.06B,$0.01B,0.36%,$3.06B,$-0.11B,-3.72%,$-0.11B,$2.18B,-6.81%,$-0.11B,$-0.50B,31.34%,$-0.11B,$6.06B,-2.37%,$0.08B,$3.84B,2.71%,$954,$666,$288,$0,$217,$903,$52,$-24,$28,$14,$14,$14,$4,$98,$52,$94,95,$0.04,$0.04,$517,$519,$314,$2234,$662,$0,$2675,$0,$3822,$6056,$1221,$1659,$996,$2655,$3876,$0,$-154,$-81,$2180,$6056,$-67,$151,$47,$198,$-70,$-28,$0,$-11,$-121,$9,$-59,$0,$-1692,$0,$0,$0,$0,$-1751,$1210,$-39,$1171,$755,$755,$321,$-47,$2199,$442,$6,$0
25,2012-06-30,27.57,$22.41,1.23,$29.71,0.93,$-0.64,0.0,$-1.55,0.0,$2.30B,$1.24B,1.86,$1.66B,$2.10B,0.79,$2.28B,$0.68B,29.82%,$2.28B,$0.03B,1.45%,$2.28B,$0.03B,1.45%,$2.28B,$0.15B,6.58%,$2.28B,$-0.01B,-0.57%,$2.28B,$-0.11B,-5.00%,$-0.11B,$2.10B,-9.58%,$-0.11B,$-0.48B,48.93%,$-0.11B,$6.01B,-3.20%,$0.03B,$3.76B,1.59%,$1046,$731,$315,$0,$232,$985,$60,$-26,$35,$16,$19,$19,$7,$104,$60,$94,95,$0.07,$0.07,$539,$530,$322,$2296,$651,$0,$2588,$470,$3709,$6005,$1237,$1658,$1006,$2664,$3901,$0,$-158,$-147,$2104,$6005,$-82,$105,$51,$156,$-101,$-40,$0,$24,$-105,$-31,$-41,$0,$-1662,$0,$0,$0,$0,$-1703,$1213,$-38,$1174,$754,$754,$326,$-39,$2215,$464,$4,$0
26,2012-03-31,35.24,$23.67,1.49,$22.89,1.54,$0.61,57.42,$-1.39,0.0,$2.34B,$1.20B,1.95,$1.70B,$2.22B,0.76,$1.42B,$0.43B,30.26%,$1.42B,$-0.01B,-0.70%,$1.42B,$-0.01B,-0.70%,$1.42B,$0.07B,4.93%,$1.42B,$-0.03B,-2.32%,$1.42B,$-0.11B,-7.81%,$-0.11B,$2.22B,-15.27%,$-0.11B,$-0.42B,105.97%,$-0.11B,$6.13B,-4.76%,$-0.01B,$3.92B,-0.83%,$886,$645,$242,$0,$212,$910,$-24,$-19,$-43,$57,$-100,$-100,$-109,$38,$-24,$82,82,$-1.33,$-1.33,$580,$555,$329,$2339,$682,$0,$2639,$0,$3792,$6130,$1201,$1696,$1014,$2710,$3910,$0,$-165,$-53,$2220,$6130,$-100,$62,$50,$112,$-66,$-56,$0,$14,$-121,$-109,$-19,$0,$-1654,$0,$0,$0,$0,$-1673,$1241,$-39,$1202,$753,$753,$331,$-5,$2282,$505,$1,$0
27,2011-12-31,28.48,$4.33,6.58,$15.66,1.82,$2.22,12.85,$0.09,316.44,$0.35B,$0.24B,1.46,$0.10B,$0.19B,0.54,$0.69B,$0.24B,34.73%,$0.69B,$0.03B,3.60%,$0.69B,$0.03B,3.60%,$0.69B,$0.05B,7.06%,$0.69B,$0.02B,2.88%,$0.69B,$0.01B,0.72%,$0.01B,$0.19B,2.16%,$0.01B,$-0.06B,166.67%,$0.01B,$1.09B,0.47%,$0.03B,$0.29B,8.08%,$178,$116,$62,$0,$39,$185,$-8,$-1,$-9,$7,$-16,$-16,$-16,$-3,$-8,$44,44,$-0.37,$-0.36,$75,$56,$102,$351,$91,$0,$246,$0,$737,$1089,$240,$102,$558,$659,$899,$0,$-56,$-171,$189,$1089,$5,$23,$25,$48,$-6,$11,$0,$7,$5,$57,$-14,$0,$-56,$0,$0,$0,$0,$-70,$-10,$39,$29,$4,$4,$0,$0,$33,$15,$5,$0
28,2011-09-30,20.26,$5.63,3.6,$15.46,1.31,$2.37,8.56,$0.66,30.7,$0.35B,$0.21B,1.63,$0.07B,$0.25B,0.27,$0.68B,$0.24B,34.99%,$0.68B,$0.05B,7.76%,$0.68B,$0.05B,7.76%,$0.68B,$0.08B,11.27%,$0.68B,$0.05B,6.88%,$0.68B,$0.03B,4.39%,$0.03B,$0.25B,12.59%,$0.03B,$0.03B,141.18%,$0.03B,$1.04B,2.87%,$0.05B,$0.31B,17.15%,$170,$110,$61,$0,$41,$165,$5,$-1,$4,$1,$4,$4,$4,$11,$5,$44,44,$0.08,$0.08,$64,$79,$78,$345,$91,$0,$217,$321,$694,$1039,$212,$65,$393,$581,$793,$0,$-39,$-128,$245,$1039,$21,$18,$6,$24,$2,$-11,$0,$6,$-3,$42,$-11,$0,$-22,$0,$0,$0,$0,$-33,$-8,$0,$-8,$2,$2,$0,$0,$-5,$4,$4,$0
29,2011-06-30,24.8,$5.84,4.25,$14.66,1.69,$2.27,10.94,$0.71,34.93,$0.34B,$0.21B,1.67,$0.07B,$0.25B,0.28,$0.65B,$0.23B,34.88%,$0.65B,$0.06B,8.84%,$0.65B,$0.06B,8.84%,$0.65B,$0.08B,12.25%,$0.65B,$0.05B,7.75%,$0.65B,$0.03B,4.96%,$0.03B,$0.25B,13.70%,$0.03B,$0.03B,160.00%,$0.03B,$1.06B,3.08%,$0.06B,$0.33B,18.58%,$187,$122,$65,$0,$44,$170,$17,$-1,$15,$5,$10,$10,$10,$24,$17,$44,44,$0.24,$0.23,$64,$79,$80,$342,$94,$0,$225,$329,$721,$1064,$205,$71,$404,$604,$809,$0,$-43,$-114,$254,$1064,$17,$13,$2,$14,$3,$-11,$0,$5,$-3,$28,$-6,$0,$-22,$0,$0,$0,$0,$-29,$-5,$3,$-2,$2,$2,$0,$0,$-0,$4,$3,$0
30,2011-03-31,22.95,$5.47,4.2,$13.27,1.73,$2.27,10.09,$0.53,43.3,$0.33B,$0.21B,1.61,$0.07B,$0.24B,0.31,$0.58B,$0.20B,34.94%,$0.58B,$0.05B,7.75%,$0.58B,$0.05B,7.75%,$0.58B,$0.06B,11.02%,$0.58B,$0.04B,6.54%,$0.58B,$0.02B,4.13%,$0.02B,$0.24B,11.10%,$0.02B,$0.01B,143.28%,$0.02B,$1.06B,2.37%,$0.05B,$0.31B,15.46%,$159,$105,$53,$0,$38,$147,$11,$-2,$10,$3,$7,$7,$7,$17,$11,$43,44,$0.15,$0.15,$45,$77,$87,$334,$93,$0,$226,$337,$728,$1062,$208,$74,$412,$617,$825,$0,$-54,$-119,$238,$1062,$7,$6,$0,$6,$-0,$-8,$0,$0,$-8,$5,$-3,$0,$-22,$0,$0,$0,$0,$-25,$-3,$4,$1,$1,$1,$0,$0,$2,$-15,$2,$0
31,2010-12-31,18.41,$4.98,3.69,$12.45,1.48,$2.55,7.22,$0.36,51.14,$0.32B,$0.19B,1.68,$0.07B,$0.22B,0.34,$0.54B,$0.19B,35.42%,$0.54B,$0.04B,6.46%,$0.54B,$0.04B,6.46%,$0.54B,$0.05B,9.59%,$0.54B,$0.03B,4.98%,$0.54B,$0.02B,3.14%,$0.02B,$0.22B,8.29%,$0.02B,$0.02B,93.15%,$0.02B,$1.02B,1.71%,$0.04B,$0.29B,12.44%,$167,$107,$60,$0,$46,$147,$20,$-2,$18,$9,$9,$9,$9,$25,$20,$43,44,$0.20,$0.20,$61,$58,$87,$321,$89,$0,$201,$340,$701,$1022,$192,$73,$416,$614,$806,$0,$-60,$-131,$216,$1022,$16,$17,$3,$20,$-6,$12,$0,$8,$26,$62,$-12,$0,$-28,$0,$0,$0,$0,$-40,$-9,$0,$-9,$1,$1,$0,$0,$-8,$11,$3,$0
32,2010-09-30,14.87,$5.21,2.85,$11.66,1.28,$2.06,7.22,$0.28,53.11,$0.29B,$0.17B,1.72,$0.08B,$0.23B,0.33,$0.51B,$0.18B,35.38%,$0.51B,$0.03B,4.94%,$0.51B,$0.03B,4.94%,$0.51B,$0.04B,8.10%,$0.51B,$0.02B,3.36%,$0.51B,$0.02B,2.96%,$0.02B,$0.23B,7.31%,$0.02B,$0.02B,61.22%,$0.02B,$1.00B,1.51%,$0.03B,$0.30B,8.81%,$132,$85,$47,$2,$30,$124,$9,$-2,$7,$1,$6,$6,$6,$13,$9,$43,44,$0.13,$0.13,$43,$59,$69,$285,$91,$0,$203,$351,$719,$1004,$166,$75,$429,$612,$778,$0,$-69,$-111,$226,$1004,$8,$12,$-3,$9,$1,$12,$0,$-1,$18,$35,$-9,$0,$-27,$0,$0,$0,$0,$-36,$-6,$0,$-6,$1,$1,$0,$0,$-6,$-7,$2,$0
33,2010-06-30,10.41,$4.25,2.45,$11.59,0.9,$2.07,5.02,$0.19,54.79,$0.28B,$0.14B,1.95,$0.08B,$0.19B,0.42,$0.50B,$0.18B,35.39%,$0.50B,$0.03B,5.17%,$0.50B,$0.03B,5.17%,$0.50B,$0.04B,8.35%,$0.50B,$0.02B,3.58%,$0.50B,$0.02B,2.98%,$0.02B,$0.19B,7.58%,$0.02B,$0.02B,65.93%,$0.02B,$0.97B,1.51%,$0.03B,$0.26B,9.32%,$123,$80,$43,$2,$28,$118,$5,$-2,$3,$1,$2,$2,$2,$9,$5,$43,44,$0.05,$0.05,$63,$56,$68,$280,$84,$0,$169,$359,$686,$966,$144,$78,$440,$637,$781,$0,$-90,$-131,$185,$966,$2,$8,$-2,$5,$9,$9,$0,$5,$20,$27,$-5,$0,$0,$0,$0,$0,$0,$-5,$-4,$0,$-4,$1,$1,$0,$0,$-3,$13,$2,$0
34,2010-03-31,11.77,$4.47,2.63,$11.75,1.0,$1.85,6.36,$0.24,49.04,$0.29B,$0.15B,1.94,$0.08B,$0.19B,0.41,$0.51B,$0.18B,35.36%,$0.51B,$0.03B,5.70%,$0.51B,$0.03B,5.70%,$0.51B,$0.05B,8.84%,$0.51B,$0.02B,4.32%,$0.51B,$0.02B,3.34%,$0.02B,$0.19B,8.61%,$0.02B,$0.02B,83.95%,$0.02B,$0.99B,1.73%,$0.03B,$0.27B,10.31%,$120,$78,$42,$2,$29,$119,$1,$-2,$-1,$-0,$-0,$-0,$-0,$5,$1,$43,43,$-0.01,$-0.01,$60,$65,$59,$285,$88,$0,$175,$356,$705,$989,$147,$80,$438,$649,$796,$0,$-92,$-118,$193,$989,$-0,$4,$-1,$2,$6,$4,$0,$7,$14,$16,$-2,$0,$0,$0,$0,$0,$0,$-2,$-1,$0,$-1,$0,$0,$0,$0,$-1,$10,$1,$0
35,2009-12-31,12.04,$5.02,2.4,$12.12,0.99,$1.71,7.04,$0.42,28.67,$0.30B,$0.15B,1.97,$0.08B,$0.22B,0.38,$0.53B,$0.19B,35.43%,$0.53B,$0.04B,7.62%,$0.53B,$0.04B,7.62%,$0.53B,$0.06B,10.67%,$0.53B,$0.03B,6.29%,$0.53B,$0.02B,4.57%,$0.02B,$0.22B,12.53%,$0.02B,$0.04B,168.42%,$0.02B,$1.01B,2.51%,$0.04B,$0.30B,14.40%,$131,$84,$47,$1,$27,$121,$10,$-2,$8,$1,$7,$7,$7,$14,$10,$43,43,$0.16,$0.16,$50,$71,$70,$298,$92,$0,$175,$358,$709,$1006,$151,$83,$440,$638,$789,$0,$-76,$-110,$217,$1006,$24,$16,$5,$21,$16,$11,$0,$-12,$-6,$39,$-11,$0,$-2,$0,$0,$0,$0,$-12,$-5,$0,$-5,$0,$0,$0,$0,$-5,$21,$3,$0
36,2009-09-30,10.63,$4.55,2.34,$13.50,0.79,$-0.36,0.0,$0.54,19.69,$0.31B,$0.16B,1.99,$0.09B,$0.20B,0.43,$0.55B,$0.20B,35.62%,$0.55B,$0.05B,9.58%,$0.55B,$0.05B,9.58%,$0.55B,$0.07B,12.30%,$0.55B,$0.05B,8.32%,$0.55B,$0.03B,5.06%,$0.03B,$0.20B,15.64%,$0.03B,$0.02B,2800.00%,$0.03B,$1.03B,3.01%,$0.05B,$0.28B,19.79%,$129,$82,$46,$2,$28,$119,$10,$-2,$8,$2,$6,$6,$6,$14,$10,$43,43,$0.13,$0.13,$51,$77,$69,$308,$93,$0,$181,$377,$717,$1025,$155,$85,$451,$674,$829,$0,$-97,$-109,$197,$1025,$17,$12,$4,$16,$16,$6,$0,$-6,$1,$34,$-8,$0,$-1,$0,$0,$0,$0,$-9,$-4,$0,$-4,$0,$0,$0,$0,$-4,$22,$2,$0
37,2009-06-30,7.72,$4.24,1.82,$14.01,0.55,$-1.97,0.0,$0.81,9.53,$0.29B,$0.14B,2.07,$0.09B,$0.18B,0.48,$0.58B,$0.21B,35.53%,$0.58B,$0.06B,11.09%,$0.58B,$0.06B,11.09%,$0.58B,$0.08B,13.69%,$0.58B,$0.06B,9.88%,$0.58B,$0.04B,6.24%,$0.04B,$0.18B,19.02%,$0.04B,$0.01B,327.27%,$0.04B,$0.90B,3.95%,$0.06B,$0.27B,22.86%,$129,$85,$45,$2,$29,$121,$8,$-2,$7,$2,$4,$4,$4,$12,$8,$43,43,$0.10,$0.10,$38,$82,$62,$290,$92,$0,$178,$271,$610,$900,$141,$88,$353,$576,$717,$0,$-102,$-116,$183,$900,$11,$7,$0,$8,$15,$-1,$0,$5,$-1,$18,$-6,$0,$0,$0,$0,$0,$0,$-6,$-3,$0,$-3,$0,$0,$0,$0,$-3,$9,$1,$0
38,2009-03-31,6.87,$3.90,1.76,$15.70,0.44,$-4.16,0.0,$-0.30,0.0,$0.28B,$0.14B,2.02,$0.09B,$0.17B,0.54,$0.61B,$0.22B,35.63%,$0.61B,$0.02B,2.46%,$0.61B,$0.02B,2.46%,$0.61B,$0.03B,4.93%,$0.61B,$0.01B,0.99%,$0.61B,$-0.00B,-0.49%,$-0.00B,$0.17B,-1.49%,$-0.00B,$-0.01B,-14.46%,$-0.00B,$0.89B,-0.33%,$0.02B,$0.26B,5.10%,$136,$88,$48,$1,$30,$125,$12,$-2,$10,$3,$7,$7,$7,$16,$12,$43,43,$0.16,$0.16,$34,$80,$63,$283,$88,$0,$174,$274,$606,$889,$140,$90,$357,$580,$721,$0,$-106,$-126,$169,$889,$7,$4,$-1,$3,$10,$-3,$0,$8,$1,$11,$-3,$0,$0,$0,$0,$0,$0,$-3,$-2,$0,$-2,$0,$0,$0,$0,$-2,$6,$1,$0
