,Date,Stock Price,Book Value per Share,Price to Book Ratio,TTM Sales per Share,Price to Sales Ratio,TTM FCF per Share,Price to FCF Ratio,TTM Net EPS,PE Ratio,Current Assets,Current Liabilities,Current Ratio,Long Term Debt,Shareholder's Equity_x,Debt to Equity Ratio,TTM Revenue_x,TTM Gross Profit,Gross Margin,TTM Revenue_y,TTM Operating Income,Operating Margin,TTM Revenue_x,TTM EBIT,EBIT Margin,TTM Revenue_y,TTM EBITDA,EBITDA Margin,TTM Revenue_x,TTM Pre-Tax Income,Pre-Tax Margin,TTM Revenue_y,TTM Net Income_x,Net Margin,TTM Net Income_y,Shareholder's Equity_y,Return on Equity,TTM Net Income_x,Tangible Equity,Return on Tangible Equity,TTM Net Income_y,Total Assets,Return on Assets,TTM Net Income,LT Investments & Debt,Return on Investment,revenue,cost-goods-sold,gross-profit,research-development-expenses,selling-general-administrative-expenses,operating-expenses,operating-income,total-non-operating-income-expense,pre-tax-income,total-provision-income-taxes,income-after-taxes,income-from-continuous-operations,net-income,ebitda,ebit,basic-shares-outstanding,shares-outstanding,eps-basic-net-earnings-per-share,eps-earnings-per-share-diluted,cash-on-hand,inventory,other-current-assets,total-current-assets,net-property-plant-equipment,long-term-investments,goodwill-intangible-assets-total,other-long-term-assets,total-long-term-assets,total-assets,total-current-liabilities,long-term-debt,other-non-current-liabilities,total-long-term-liabilities,total-liabilities,common-stock-net,retained-earnings-accumulated-deficit,comprehensive-income,total-share-holder-equity,total-liabilities-share-holders-equity,net-income-loss,total-depreciation-amortization-cash-flow,other-non-cash-items,total-non-cash-items,change-in-accounts-receivable,change-in-inventories,change-in-accounts-payable,change-in-assets-liabilities,total-change-in-assets-liabilities,cash-flow-from-operating-activities,net-change-in-property-plant-equipment,net-change-in-intangible-assets,net-acquisitions-divestitures,net-change-in-short-term-investments,net-change-in-long-term-investments,net-change-in-investments-total,investing-activities-other,cash-flow-from-investing-activities,net-long-term-debt,net-current-debt,debt-issuance-retirement-net-total,net-common-equity-issued-repurchased,net-total-equity-issued-repurchased,total-common-preferred-stock-dividends-paid,financial-activities-other,cash-flow-from-financial-activities,net-cash-flow,stock-based-compensation,common-stock-dividends-paid
0,2018-09-30,0.87,$9.91,0.09,$7.30,0.12,$2.21,0.39,$0.62,1.4,$0.40B,$0.08B,5.19,$0.01B,$0.39B,0.02,$0.28B,$0.07B,25.09%,$0.28B,$0.03B,12.01%,$0.28B,$0.03B,12.01%,$0.28B,$0.04B,14.13%,$0.28B,$0.03B,11.31%,$0.28B,$-0.00B,-0.71%,$-0.00B,$0.39B,-0.49%,$-0.00B,$0.36B,-0.52%,$-0.00B,$0.47B,-0.41%,$0.03B,$0.39B,8.15%,$58,$41,$16,$0,$6,$47,$11,$-0,$11,$2,$9,$9,$9,$12,$11,$39,39,$0.23,$0.23,$153,$86,$19,$398,$29,$0,$27,$15,$71,$470,$77,$7,$0,$7,$84,$0,$244,$-20,$386,$470,$9,$1,$-0,$1,$32,$-34,$-4,$4,$-2,$9,$-0,$0,$0,$0,$0,$0,$0,$-0,$0,$-0,$-0,$0,$0,$0,$0,$-0,$2,$0,$0
1,2018-06-30,1.15,$10.09,0.11,$7.44,0.15,$2.31,0.5,$0.52,2.21,$0.41B,$0.08B,4.91,$0.01B,$0.39B,0.02,$0.29B,$0.07B,25.78%,$0.29B,$0.03B,10.45%,$0.29B,$0.03B,10.45%,$0.29B,$0.04B,12.89%,$0.29B,$0.03B,9.76%,$0.29B,$-0.01B,-2.09%,$-0.01B,$0.39B,-1.45%,$-0.01B,$0.36B,-1.56%,$-0.01B,$0.48B,-1.25%,$0.03B,$0.40B,7.11%,$78,$63,$15,$0,$12,$75,$3,$-0,$3,$31,$-27,$-27,$-27,$5,$3,$39,39,$-0.71,$-0.70,$151,$54,$25,$407,$31,$0,$28,$16,$76,$483,$83,$7,$0,$7,$90,$0,$236,$-4,$393,$483,$-7,$7,$16,$23,$-50,$25,$8,$31,$12,$28,$-0,$0,$0,$0,$0,$0,$-0,$-0,$0,$-3,$-3,$0,$0,$0,$0,$-3,$28,$0,$0
2,2018-03-31,1.26,$11.49,0.11,$7.40,0.17,$2.15,0.59,$0.62,2.03,$0.42B,$0.05B,8.64,$0.01B,$0.44B,0.02,$0.29B,$0.08B,27.37%,$0.29B,$0.03B,11.58%,$0.29B,$0.03B,11.58%,$0.29B,$0.04B,14.04%,$0.29B,$0.03B,10.53%,$0.29B,$0.03B,8.77%,$0.03B,$0.44B,6.01%,$0.03B,$0.41B,6.49%,$0.03B,$0.50B,5.28%,$0.03B,$0.45B,7.80%,$83,$61,$21,$0,$12,$73,$10,$-0,$9,$2,$8,$8,$8,$11,$10,$39,39,$0.20,$0.19,$154,$81,$20,$417,$34,$0,$30,$18,$82,$499,$48,$8,$0,$8,$56,$0,$264,$20,$443,$499,$21,$5,$8,$13,$-19,$2,$1,$7,$-5,$28,$-0,$0,$-0,$0,$0,$0,$-0,$-0,$0,$-6,$-6,$0,$0,$0,$0,$-6,$31,$0,$0
3,2017-12-31,1.24,$10.87,0.11,$7.39,0.17,$2.01,0.62,$0.64,1.94,$0.40B,$0.05B,7.65,$0.01B,$0.42B,0.02,$0.28B,$0.08B,27.56%,$0.28B,$0.03B,11.66%,$0.28B,$0.03B,11.66%,$0.28B,$0.04B,14.84%,$0.28B,$0.03B,10.95%,$0.28B,$0.03B,8.83%,$0.03B,$0.42B,6.25%,$0.03B,$0.39B,6.78%,$0.03B,$0.48B,5.49%,$0.03B,$0.43B,8.10%,$64,$45,$19,$0,$9,$54,$10,$-1,$9,$2,$8,$8,$8,$12,$10,$39,39,$0.20,$0.20,$145,$106,$22,$398,$33,$0,$30,$17,$81,$478,$52,$7,$0,$7,$59,$0,$257,$3,$419,$478,$13,$4,$-0,$4,$20,$-26,$3,$7,$4,$21,$-0,$0,$0,$0,$0,$0,$-0,$-0,$0,$-2,$-2,$0,$0,$0,$0,$-1,$22,$0,$0
4,2017-09-30,1.23,$10.45,0.12,$7.29,0.17,$1.96,0.63,$0.59,2.08,$0.38B,$0.05B,7.6,$0.01B,$0.40B,0.02,$0.28B,$0.08B,28.06%,$0.28B,$0.03B,10.79%,$0.28B,$0.03B,10.79%,$0.28B,$0.04B,15.11%,$0.28B,$0.03B,10.43%,$0.28B,$0.02B,8.27%,$0.02B,$0.40B,5.94%,$0.02B,$0.37B,6.45%,$0.02B,$0.46B,5.26%,$0.03B,$0.41B,7.60%,$62,$43,$19,$0,$12,$55,$7,$-0,$7,$2,$5,$5,$5,$9,$7,$38,38,$0.13,$0.13,$134,$120,$20,$379,$33,$0,$31,$18,$82,$461,$50,$9,$0,$9,$58,$0,$249,$-5,$403,$461,$5,$2,$-0,$2,$38,$-41,$4,$6,$5,$12,$-0,$0,$0,$0,$0,$0,$-0,$-0,$0,$-1,$-1,$0,$0,$0,$0,$-1,$11,$0,$0
5,2017-06-30,1.28,$10.31,0.12,$7.31,0.18,$1.78,0.72,$0.66,1.94,$0.37B,$0.05B,7.46,$0.01B,$0.40B,0.02,$0.28B,$0.08B,29.50%,$0.28B,$0.03B,11.51%,$0.28B,$0.03B,11.51%,$0.28B,$0.05B,17.99%,$0.28B,$0.03B,11.15%,$0.28B,$0.03B,8.99%,$0.03B,$0.40B,6.57%,$0.03B,$0.37B,7.15%,$0.03B,$0.46B,5.89%,$0.03B,$0.41B,8.28%,$76,$57,$19,$0,$13,$70,$6,$-0,$5,$2,$4,$4,$4,$8,$6,$38,38,$0.10,$0.10,$123,$78,$25,$371,$34,$0,$30,$19,$85,$456,$50,$8,$0,$8,$58,$0,$245,$-5,$398,$456,$25,$18,$10,$27,$-31,$10,$13,$-19,$-30,$22,$-0,$0,$-0,$0,$0,$0,$-6,$-6,$0,$3,$3,$0,$0,$0,$1,$3,$20,$1,$0
6,2017-03-31,1.3,$9.84,0.13,$7.47,0.17,$2.15,0.61,$0.71,1.83,$0.35B,$0.04B,8.86,$0.01B,$0.38B,0.02,$0.28B,$0.08B,29.89%,$0.28B,$0.03B,11.74%,$0.28B,$0.03B,11.74%,$0.28B,$0.06B,20.64%,$0.28B,$0.03B,11.74%,$0.28B,$0.03B,9.25%,$0.03B,$0.38B,6.96%,$0.03B,$0.35B,7.59%,$0.03B,$0.43B,6.27%,$0.03B,$0.39B,8.71%,$81,$60,$21,$0,$12,$72,$10,$0,$10,$2,$8,$8,$8,$13,$10,$39,39,$0.21,$0.21,$118,$46,$29,$350,$34,$0,$31,$12,$77,$427,$40,$8,$0,$8,$48,$0,$241,$-19,$379,$427,$21,$15,$7,$22,$-47,$39,$6,$-15,$-20,$23,$-0,$0,$-6,$0,$0,$0,$-0,$-6,$0,$1,$1,$0,$0,$0,$1,$2,$15,$1,$0
7,2016-12-31,1.2,$9.56,0.13,$7.48,0.16,$2.09,0.57,$0.72,1.67,$0.34B,$0.03B,11.49,$0.01B,$0.37B,0.02,$0.28B,$0.09B,31.54%,$0.28B,$0.03B,11.83%,$0.28B,$0.03B,11.83%,$0.28B,$0.07B,23.30%,$0.28B,$0.03B,11.83%,$0.28B,$0.03B,9.32%,$0.03B,$0.37B,6.98%,$0.03B,$0.34B,7.58%,$0.03B,$0.40B,6.37%,$0.03B,$0.38B,8.77%,$59,$40,$19,$0,$12,$52,$7,$-0,$7,$1,$6,$6,$6,$12,$7,$38,38,$0.15,$0.15,$117,$64,$29,$336,$34,$0,$30,$4,$68,$404,$29,$7,$0,$7,$36,$0,$233,$-22,$368,$404,$13,$12,$1,$14,$-13,$20,$1,$-7,$-8,$18,$-0,$0,$0,$0,$0,$0,$0,$-0,$0,$0,$0,$0,$0,$0,$0,$0,$14,$1,$0
8,2016-09-30,1.46,$10.19,0.14,$7.47,0.2,$2.03,0.72,$0.69,2.12,$0.34B,$0.04B,9.44,$0.00B,$0.38B,0.0,$0.28B,$0.09B,33.21%,$0.28B,$0.03B,11.55%,$0.28B,$0.03B,11.55%,$0.28B,$0.07B,24.91%,$0.28B,$0.03B,11.55%,$0.28B,$0.02B,8.66%,$0.02B,$0.38B,6.46%,$0.02B,$0.35B,7.00%,$0.02B,$0.41B,5.79%,$0.03B,$0.38B,8.57%,$62,$38,$23,$0,$14,$53,$9,$-0,$9,$2,$7,$7,$7,$17,$9,$38,38,$0.20,$0.20,$108,$79,$31,$337,$37,$0,$31,$8,$76,$412,$36,$0,$0,$0,$36,$0,$228,$-7,$377,$412,$7,$7,$0,$8,$0,$8,$1,$-9,$-10,$5,$-0,$0,$0,$0,$0,$0,$0,$-0,$0,$0,$0,$0,$0,$0,$0,$0,$5,$0,$0
9,2016-06-30,1.33,$10.02,0.13,$7.33,0.18,$2.09,0.64,$0.69,1.93,$0.33B,$0.04B,8.47,$0.01B,$0.37B,0.02,$0.27B,$0.09B,34.57%,$0.27B,$0.03B,11.90%,$0.27B,$0.03B,11.90%,$0.27B,$0.07B,26.77%,$0.27B,$0.03B,11.90%,$0.27B,$0.02B,8.92%,$0.02B,$0.37B,6.50%,$0.02B,$0.34B,7.03%,$0.02B,$0.42B,5.68%,$0.03B,$0.38B,8.63%,$79,$58,$21,$0,$14,$72,$7,$0,$7,$2,$5,$5,$5,$16,$7,$37,37,$0.13,$0.13,$103,$87,$25,$333,$38,$0,$32,$14,$83,$417,$39,$7,$0,$7,$46,$0,$221,$-6,$370,$417,$25,$40,$4,$45,$-49,$14,$-1,$-0,$-35,$34,$-0,$0,$1,$0,$0,$0,$0,$1,$0,$-18,$-18,$0,$0,$0,$1,$-17,$10,$4,$0
10,2016-03-31,1.35,$10.16,0.13,$7.49,0.18,$3.13,0.43,$0.78,1.73,$0.31B,$0.02B,12.91,$0.00B,$0.38B,0.0,$0.27B,$0.10B,37.17%,$0.27B,$0.04B,13.38%,$0.27B,$0.04B,13.38%,$0.27B,$0.08B,29.37%,$0.27B,$0.04B,13.38%,$0.27B,$0.03B,10.04%,$0.03B,$0.38B,7.30%,$0.03B,$0.35B,7.88%,$0.03B,$0.40B,6.34%,$0.04B,$0.38B,9.74%,$79,$54,$25,$0,$14,$68,$10,$0,$10,$2,$8,$8,$8,$20,$10,$37,37,$0.22,$0.22,$90,$109,$38,$312,$40,$0,$26,$22,$88,$400,$24,$0,$0,$0,$24,$0,$217,$6,$376,$400,$20,$31,$3,$34,$-10,$-13,$0,$-12,$-34,$20,$-0,$0,$0,$0,$0,$0,$0,$-0,$0,$-18,$-18,$0,$0,$0,$0,$-17,$-3,$3,$0
11,2015-12-31,1.53,$9.86,0.16,$7.65,0.2,$4.25,0.36,$0.85,1.8,$0.33B,$0.06B,5.15,$0.00B,$0.36B,0.0,$0.27B,$0.10B,38.29%,$0.27B,$0.04B,14.50%,$0.27B,$0.04B,14.50%,$0.27B,$0.08B,31.23%,$0.27B,$0.04B,14.50%,$0.27B,$0.03B,10.78%,$0.03B,$0.36B,7.92%,$0.03B,$0.34B,8.57%,$0.03B,$0.43B,6.69%,$0.04B,$0.36B,10.66%,$57,$34,$23,$0,$17,$51,$6,$-0,$6,$1,$4,$4,$4,$16,$6,$37,37,$0.12,$0.12,$100,$118,$47,$331,$40,$0,$27,$30,$97,$428,$64,$0,$0,$0,$64,$0,$209,$3,$364,$428,$12,$21,$2,$24,$-1,$-24,$0,$8,$-20,$16,$-0,$0,$0,$0,$0,$0,$0,$-0,$0,$-3,$-3,$0,$0,$0,$0,$-3,$7,$2,$0
12,2015-09-30,1.71,$9.92,0.17,$7.73,0.22,$4.98,0.34,$0.89,1.92,$0.34B,$0.08B,4.2,$0.00B,$0.37B,0.0,$0.27B,$0.10B,38.72%,$0.27B,$0.04B,15.04%,$0.27B,$0.04B,15.04%,$0.27B,$0.09B,32.71%,$0.27B,$0.04B,15.04%,$0.27B,$0.03B,11.28%,$0.03B,$0.37B,8.29%,$0.03B,$0.34B,9.01%,$0.03B,$0.45B,6.88%,$0.04B,$0.37B,11.06%,$54,$30,$24,$0,$15,$45,$9,$-0,$9,$2,$7,$7,$7,$20,$9,$36,36,$0.20,$0.20,$94,$105,$69,$337,$42,$0,$28,$40,$110,$446,$80,$0,$0,$0,$80,$0,$205,$11,$366,$446,$7,$11,$1,$12,$-2,$-8,$1,$1,$-12,$7,$-0,$0,$0,$0,$0,$0,$0,$-0,$0,$-2,$-2,$0,$0,$0,$0,$-2,$1,$1,$0
13,2015-06-30,2.12,$10.39,0.2,$7.80,0.27,$5.32,0.4,$0.94,2.26,$0.30B,$0.06B,5.37,$0.00B,$0.37B,0.0,$0.26B,$0.10B,39.54%,$0.26B,$0.04B,15.59%,$0.26B,$0.04B,15.59%,$0.26B,$0.09B,33.84%,$0.26B,$0.04B,15.59%,$0.26B,$0.03B,11.79%,$0.03B,$0.37B,8.71%,$0.03B,$0.34B,9.50%,$0.03B,$0.43B,7.23%,$0.04B,$0.37B,11.52%,$79,$50,$28,$0,$17,$67,$11,$-0,$11,$3,$8,$8,$8,$23,$11,$34,34,$0.23,$0.23,$93,$101,$41,$304,$45,$0,$29,$52,$125,$430,$57,$0,$0,$0,$57,$0,$199,$26,$373,$430,$31,$48,$5,$53,$21,$-25,$-1,$-15,$-17,$68,$-0,$0,$0,$0,$0,$0,$-3,$-3,$0,$-1,$-1,$4,$4,$-2,$0,$1,$66,$5,$-2
14,2015-03-31,1.76,$10.30,0.17,$7.79,0.23,$3.82,0.46,$0.81,2.17,$0.29B,$0.07B,4.35,$0.00B,$0.36B,0.0,$0.26B,$0.10B,39.06%,$0.26B,$0.04B,14.45%,$0.26B,$0.04B,14.45%,$0.26B,$0.08B,32.42%,$0.26B,$0.04B,14.06%,$0.26B,$0.03B,10.55%,$0.03B,$0.36B,7.81%,$0.03B,$0.33B,8.55%,$0.03B,$0.43B,6.44%,$0.04B,$0.36B,10.71%,$79,$51,$28,$0,$15,$67,$13,$-0,$13,$3,$10,$10,$10,$25,$13,$35,35,$0.29,$0.29,$75,$124,$16,$292,$46,$0,$29,$62,$137,$429,$67,$0,$0,$0,$67,$0,$191,$25,$361,$429,$23,$36,$4,$40,$17,$-47,$1,$17,$-6,$58,$-0,$0,$0,$0,$0,$0,$-7,$-8,$0,$-3,$-3,$2,$2,$-2,$0,$-3,$48,$4,$-2
15,2014-12-31,1.52,$10.00,0.15,$7.72,0.2,$2.17,0.7,$0.75,2.03,$0.29B,$0.09B,3.14,$0.00B,$0.35B,0.0,$0.25B,$0.10B,39.68%,$0.25B,$0.03B,13.77%,$0.25B,$0.03B,13.77%,$0.25B,$0.08B,30.77%,$0.25B,$0.03B,13.36%,$0.25B,$0.02B,9.72%,$0.02B,$0.35B,7.13%,$0.02B,$0.32B,7.83%,$0.02B,$0.44B,5.90%,$0.03B,$0.35B,10.10%,$54,$31,$23,$0,$16,$47,$7,$-0,$7,$2,$5,$5,$5,$19,$7,$33,33,$0.16,$0.16,$59,$147,$9,$290,$46,$0,$30,$72,$150,$440,$92,$0,$0,$0,$92,$0,$181,$23,$347,$440,$13,$24,$3,$27,$18,$-71,$-1,$48,$-2,$39,$-0,$0,$0,$0,$0,$0,$-7,$-8,$0,$-0,$-0,$1,$1,$0,$0,$1,$32,$3,$0
16,2014-09-30,1.89,$10.53,0.18,$7.37,0.26,$1.00,1.9,$0.71,2.66,$0.26B,$0.07B,3.52,$0.00B,$0.34B,0.0,$0.23B,$0.09B,40.17%,$0.23B,$0.03B,13.68%,$0.23B,$0.03B,13.68%,$0.23B,$0.07B,31.20%,$0.23B,$0.03B,13.25%,$0.23B,$0.02B,9.83%,$0.02B,$0.34B,6.97%,$0.02B,$0.31B,7.69%,$0.02B,$0.42B,5.89%,$0.03B,$0.34B,9.70%,$51,$27,$25,$0,$14,$41,$10,$-0,$10,$2,$8,$8,$8,$22,$10,$32,32,$0.25,$0.25,$41,$101,$38,$257,$47,$0,$30,$78,$158,$415,$73,$0,$0,$0,$73,$0,$179,$23,$342,$415,$8,$12,$1,$13,$14,$-25,$-1,$6,$-4,$17,$-0,$0,$0,$0,$0,$0,$-2,$-3,$0,$-1,$-1,$0,$0,$0,$0,$-1,$14,$1,$0
17,2014-06-30,2.1,$10.26,0.2,$7.46,0.28,$0.30,7.02,$0.81,2.6,$0.23B,$0.06B,3.74,$0.00B,$0.33B,0.0,$0.23B,$0.09B,39.06%,$0.23B,$0.04B,15.02%,$0.23B,$0.04B,15.02%,$0.23B,$0.07B,30.04%,$0.23B,$0.03B,14.59%,$0.23B,$0.03B,10.73%,$0.03B,$0.33B,7.76%,$0.03B,$0.30B,8.59%,$0.03B,$0.39B,6.61%,$0.04B,$0.33B,10.87%,$72,$48,$24,$0,$14,$66,$7,$-1,$6,$2,$4,$4,$4,$17,$7,$31,31,$0.11,$0.11,$27,$75,$33,$228,$48,$0,$30,$84,$165,$393,$61,$0,$0,$0,$61,$0,$172,$23,$332,$393,$26,$33,$13,$47,$-3,$-41,$-0,$12,$-55,$17,$-2,$0,$0,$0,$0,$0,$-72,$-74,$0,$8,$8,$0,$0,$0,$1,$9,$-48,$8,$0
18,2014-03-31,2.76,$10.25,0.27,$7.67,0.36,$-0.19,0.0,$1.21,2.28,$0.22B,$0.05B,4.01,$0.00B,$0.33B,0.0,$0.23B,$0.09B,39.83%,$0.23B,$0.05B,19.91%,$0.23B,$0.05B,19.91%,$0.23B,$0.08B,32.90%,$0.23B,$0.05B,19.91%,$0.23B,$0.04B,15.15%,$0.04B,$0.33B,11.17%,$0.04B,$0.30B,12.42%,$0.04B,$0.38B,9.54%,$0.05B,$0.33B,14.68%,$70,$44,$26,$0,$15,$60,$10,$-0,$10,$2,$7,$7,$7,$18,$10,$32,32,$0.23,$0.23,$24,$72,$31,$215,$74,$0,$31,$59,$164,$380,$54,$0,$0,$0,$54,$0,$168,$23,$326,$380,$21,$23,$8,$32,$-2,$-38,$-0,$4,$-52,$1,$-1,$0,$0,$0,$0,$0,$-65,$-66,$0,$13,$13,$0,$0,$0,$0,$13,$-51,$7,$0
19,2013-12-31,3.46,$10.05,0.34,$7.82,0.44,$-0.11,0.0,$1.46,2.37,$0.20B,$0.06B,3.65,$0.00B,$0.32B,0.0,$0.23B,$0.09B,38.77%,$0.23B,$0.05B,23.35%,$0.23B,$0.05B,23.35%,$0.23B,$0.08B,34.80%,$0.23B,$0.05B,23.35%,$0.23B,$0.04B,18.06%,$0.04B,$0.32B,13.62%,$0.04B,$0.29B,15.21%,$0.04B,$0.38B,11.57%,$0.05B,$0.32B,17.61%,$41,$22,$19,$0,$13,$35,$5,$-0,$5,$1,$4,$4,$4,$16,$5,$32,32,$0.12,$0.12,$14,$72,$39,$202,$80,$0,$31,$61,$173,$375,$55,$0,$0,$0,$55,$0,$161,$25,$320,$375,$14,$16,$5,$21,$10,$-37,$-0,$3,$-34,$0,$-1,$0,$0,$0,$0,$0,$-65,$-66,$0,$4,$4,$0,$0,$0,$0,$4,$-61,$5,$0
20,2013-09-30,4.35,$9.76,0.45,$8.06,0.54,$0.00,0.0,$1.64,2.65,$0.22B,$0.05B,4.13,$0.00B,$0.31B,0.0,$0.23B,$0.09B,37.28%,$0.23B,$0.06B,25.44%,$0.23B,$0.06B,25.44%,$0.23B,$0.08B,33.33%,$0.23B,$0.06B,25.44%,$0.23B,$0.05B,19.74%,$0.05B,$0.31B,15.71%,$0.05B,$0.28B,17.65%,$0.05B,$0.36B,13.26%,$0.06B,$0.31B,20.24%,$50,$28,$22,$0,$9,$37,$13,$-0,$13,$3,$10,$10,$10,$19,$13,$30,30,$0.35,$0.35,$45,$50,$31,$222,$85,$0,$32,$26,$143,$364,$54,$0,$0,$0,$54,$0,$158,$23,$310,$364,$10,$6,$2,$8,$-10,$-15,$1,$4,$-22,$-4,$-1,$0,$0,$0,$0,$0,$-26,$-26,$0,$0,$0,$0,$0,$0,$0,$0,$-30,$2,$0
21,2013-06-30,2.7,$9.91,0.27,$7.82,0.35,$0.24,11.27,$1.61,1.68,$0.23B,$0.05B,4.38,$0.00B,$0.30B,0.0,$0.22B,$0.08B,36.70%,$0.22B,$0.06B,25.69%,$0.22B,$0.06B,25.69%,$0.22B,$0.07B,32.57%,$0.22B,$0.06B,25.69%,$0.22B,$0.04B,20.18%,$0.04B,$0.30B,16.18%,$0.04B,$0.27B,18.33%,$0.04B,$0.35B,13.61%,$0.06B,$0.30B,20.59%,$70,$45,$25,$0,$7,$52,$18,$-0,$18,$3,$14,$14,$14,$23,$18,$28,28,$0.51,$0.51,$75,$35,$32,$227,$51,$0,$32,$39,$122,$349,$52,$0,$0,$0,$52,$0,$149,$22,$297,$349,$45,$15,$3,$15,$-22,$-5,$-4,$-8,$-31,$32,$-32,$0,$0,$0,$0,$0,$-0,$-32,$0,$2,$0,$0,$0,$0,$0,$2,$3,$3,$0
22,2013-03-31,3.06,$0.00,0.0,$7.44,0.41,$0.05,65.9,$1.51,2.03,$0.21B,$0.05B,4.1,$0.00B,$0.28B,0.0,$0.21B,$0.08B,37.56%,$0.21B,$0.05B,25.85%,$0.21B,$0.05B,25.85%,$0.21B,$0.06B,31.22%,$0.21B,$0.05B,25.37%,$0.21B,$0.04B,20.00%,$0.04B,$0.28B,15.88%,$0.04B,$0.25B,18.12%,$0.04B,$0.33B,13.31%,$0.05B,$0.28B,20.52%,$66,$44,$22,$0,$5,$49,$17,$0,$17,$3,$13,$13,$13,$21,$17,$28,28,$0.48,$0.48,$78,$48,$10,$210,$0,$0,$32,$0,$32,$329,$51,$0,$0,$0,$51,$0,$155,$0,$277,$329,$31,$10,$3,$13,$-12,$-19,$-2,$2,$-26,$17,$-15,$0,$0,$0,$0,$0,$-0,$-15,$0,$3,$3,$0,$0,$0,$0,$3,$6,$3,$0
23,2012-12-31,3.13,$0.00,0.0,$7.30,0.43,$-0.39,0.0,$1.49,2.1,$0.20B,$0.05B,3.79,$0.00B,$0.26B,0.0,$0.20B,$0.08B,38.69%,$0.20B,$0.05B,26.13%,$0.20B,$0.05B,26.13%,$0.20B,$0.06B,30.65%,$0.20B,$0.05B,25.13%,$0.20B,$0.04B,20.10%,$0.04B,$0.26B,16.24%,$0.04B,$0.23B,18.71%,$0.04B,$0.32B,13.49%,$0.05B,$0.26B,21.12%,$42,$26,$16,$0,$6,$32,$10,$0,$10,$2,$8,$8,$8,$13,$10,$28,28,$0.30,$0.30,$75,$51,$11,$199,$0,$0,$32,$0,$32,$315,$53,$0,$0,$0,$53,$0,$141,$0,$262,$315,$17,$6,$2,$8,$0,$-23,$-2,$7,$-14,$11,$-8,$0,$0,$0,$0,$0,$-0,$-9,$0,$1,$1,$0,$0,$0,$0,$1,$3,$2,$0
24,2012-09-30,3.13,$0.00,0.0,$7.54,0.42,$-0.78,0.0,$1.48,2.12,$0.19B,$0.05B,3.81,$0.00B,$0.25B,0.0,$0.20B,$0.08B,37.75%,$0.20B,$0.05B,25.49%,$0.20B,$0.05B,25.49%,$0.20B,$0.06B,29.41%,$0.20B,$0.05B,24.51%,$0.20B,$0.04B,19.61%,$0.04B,$0.25B,17.06%,$0.04B,$0.22B,19.85%,$0.04B,$0.30B,13.97%,$0.05B,$0.25B,22.17%,$40,$23,$17,$0,$6,$28,$11,$-0,$11,$2,$9,$9,$9,$14,$11,$27,27,$0.32,$0.32,$74,$29,$16,$186,$0,$0,$32,$0,$32,$300,$49,$0,$0,$0,$49,$0,$133,$0,$252,$300,$9,$3,$1,$4,$-6,$-0,$-1,$-2,$-7,$6,$-4,$0,$0,$0,$0,$0,$-0,$-5,$0,$1,$1,$0,$0,$0,$0,$1,$2,$1,$0
25,2012-06-30,3.4,$8.82,0.39,$8.08,0.42,$-0.96,0.0,$1.56,2.18,$0.18B,$0.05B,3.83,$0.00B,$0.23B,0.0,$0.22B,$0.08B,36.41%,$0.22B,$0.05B,24.88%,$0.22B,$0.05B,24.88%,$0.22B,$0.06B,28.11%,$0.22B,$0.05B,23.96%,$0.22B,$0.04B,19.35%,$0.04B,$0.24B,18.86%,$0.04B,$0.21B,22.13%,$0.04B,$0.29B,15.34%,$0.05B,$0.24B,24.24%,$57,$36,$22,$0,$7,$43,$15,$-0,$14,$3,$11,$11,$11,$16,$15,$27,27,$0.41,$0.41,$72,$29,$13,$175,$103,$0,$33,$0,$136,$288,$46,$0,$0,$0,$46,$0,$109,$16,$242,$288,$42,$6,$3,$6,$-44,$-4,$1,$-9,$-45,$6,$-12,$0,$0,$0,$0,$0,$0,$-12,$0,$10,$0,$0,$0,$0,$0,$10,$6,$3,$0
26,2012-03-31,4.11,$0.00,0.0,$8.20,0.5,$-0.48,0.0,$1.53,2.69,$0.17B,$0.05B,3.19,$0.00B,$0.23B,0.0,$0.22B,$0.08B,35.45%,$0.22B,$0.05B,23.64%,$0.22B,$0.05B,23.64%,$0.22B,$0.06B,27.27%,$0.22B,$0.05B,23.18%,$0.22B,$0.04B,18.18%,$0.04B,$0.23B,19.02%,$0.04B,$0.20B,22.63%,$0.04B,$0.28B,15.53%,$0.05B,$0.23B,24.73%,$60,$38,$22,$0,$7,$44,$16,$-1,$15,$3,$12,$12,$12,$18,$16,$27,27,$0.46,$0.46,$68,$36,$7,$172,$0,$0,$33,$0,$33,$283,$54,$0,$0,$0,$54,$0,$113,$0,$229,$283,$31,$5,$0,$5,$0,$0,$0,$0,$-37,$-1,$-9,$0,$0,$0,$0,$0,$0,$-9,$0,$10,$0,$0,$0,$0,$0,$10,$2,$0,$0
27,2011-12-31,2.87,$0.00,0.0,$7.65,0.37,$0.20,14.63,$1.43,2.0,$0.17B,$0.06B,2.78,$0.00B,$0.22B,0.0,$0.21B,$0.07B,35.61%,$0.21B,$0.05B,23.41%,$0.21B,$0.05B,23.41%,$0.21B,$0.06B,27.32%,$0.21B,$0.05B,23.41%,$0.21B,$0.04B,18.54%,$0.04B,$0.22B,19.41%,$0.04B,$0.18B,23.38%,$0.04B,$0.27B,15.48%,$0.05B,$0.22B,24.52%,$47,$31,$16,$0,$6,$37,$10,$-0,$10,$2,$8,$8,$8,$12,$10,$27,27,$0.29,$0.29,$68,$45,$6,$166,$0,$0,$33,$0,$34,$274,$60,$0,$0,$0,$60,$0,$101,$0,$215,$274,$18,$3,$0,$3,$0,$0,$0,$0,$-25,$-3,$-5,$0,$0,$0,$0,$0,$0,$-5,$0,$10,$0,$0,$0,$0,$0,$10,$3,$0,$0
28,2011-09-30,4.57,$0.00,0.0,$7.24,0.63,$0.40,11.47,$1.38,3.31,$0.15B,$0.05B,3.21,$0.00B,$0.21B,0.0,$0.19B,$0.07B,35.75%,$0.19B,$0.05B,23.83%,$0.19B,$0.05B,23.83%,$0.19B,$0.05B,27.46%,$0.19B,$0.05B,23.83%,$0.19B,$0.04B,18.65%,$0.04B,$0.21B,19.81%,$0.04B,$0.17B,24.00%,$0.04B,$0.25B,15.81%,$0.05B,$0.21B,25.31%,$53,$34,$19,$0,$6,$40,$13,$-0,$13,$2,$11,$11,$11,$15,$13,$27,27,$0.40,$0.40,$71,$36,$14,$145,$0,$0,$33,$0,$34,$250,$45,$0,$0,$0,$45,$0,$93,$0,$205,$250,$11,$1,$0,$1,$0,$0,$0,$0,$-15,$-2,$-1,$0,$0,$0,$0,$0,$0,$-1,$0,$8,$0,$0,$0,$0,$0,$8,$6,$0,$0
29,2011-06-30,4.76,$0.00,0.0,$6.78,0.7,$0.33,14.42,$1.28,3.72,$0.12B,$0.03B,3.78,$0.00B,$0.19B,0.0,$0.18B,$0.06B,35.00%,$0.18B,$0.04B,23.89%,$0.18B,$0.04B,23.89%,$0.18B,$0.05B,27.22%,$0.18B,$0.04B,23.89%,$0.18B,$0.03B,18.33%,$0.03B,$0.19B,19.64%,$0.03B,$0.16B,24.00%,$0.03B,$0.22B,15.49%,$0.04B,$0.19B,25.60%,$60,$39,$21,$0,$9,$48,$13,$0,$13,$3,$9,$9,$9,$15,$13,$27,27,$0.38,$0.38,$66,$24,$12,$119,$0,$0,$33,$0,$34,$223,$31,$0,$0,$0,$31,$0,$82,$0,$192,$223,$33,$6,$4,$6,$-1,$7,$-0,$-19,$-9,$34,$-26,$0,$-7,$0,$0,$0,$0,$-33,$0,$0,$0,$0,$0,$0,$0,$0,$3,$4,$0
30,2011-03-31,6.59,$0.00,0.0,$5.20,1.27,$0.32,20.78,$1.15,5.73,$0.14B,$0.06B,2.19,$0.00B,$0.17B,0.0,$0.14B,$0.05B,34.56%,$0.14B,$0.03B,22.79%,$0.14B,$0.03B,22.79%,$0.14B,$0.04B,26.47%,$0.14B,$0.03B,22.79%,$0.14B,$0.03B,22.06%,$0.03B,$0.17B,19.70%,$0.03B,$0.14B,23.58%,$0.03B,$0.24B,15.77%,$0.03B,$0.17B,20.36%,$45,$28,$17,$0,$5,$33,$12,$-0,$12,$3,$9,$10,$10,$14,$12,$26,27,$0.37,$0.36,$67,$29,$19,$140,$0,$0,$32,$2,$34,$235,$64,$0,$0,$0,$64,$0,$73,$0,$171,$235,$23,$4,$0,$4,$0,$0,$0,$0,$-5,$24,$-16,$0,$-7,$0,$0,$0,$-2,$-24,$0,$2,$0,$0,$0,$0,$0,$2,$5,$0,$0
31,2010-12-31,8.6,$0.00,0.0,$4.07,2.11,$0.14,59.97,$1.01,8.51,$0.12B,$0.04B,2.69,$0.00B,$0.16B,0.0,$0.10B,$0.04B,36.54%,$0.10B,$0.03B,24.04%,$0.10B,$0.03B,24.04%,$0.10B,$0.03B,28.85%,$0.10B,$0.03B,24.04%,$0.10B,$0.03B,24.04%,$0.03B,$0.16B,17.89%,$0.03B,$0.13B,20.88%,$0.03B,$0.20B,15.38%,$0.03B,$0.16B,17.89%,$35,$23,$12,$0,$4,$27,$8,$-0,$8,$2,$6,$6,$6,$9,$8,$26,26,$0.24,$0.24,$57,$30,$16,$118,$0,$0,$29,$6,$35,$203,$44,$0,$0,$0,$44,$0,$63,$0,$159,$203,$14,$2,$0,$2,$0,$0,$0,$0,$-17,$1,$-4,$0,$-7,$0,$0,$0,$0,$-11,$0,$2,$0,$0,$0,$0,$0,$2,$-6,$0,$0
32,2010-09-30,8.39,$0.00,0.0,$3.21,2.61,$0.24,34.53,$0.97,8.65,$0.11B,$0.04B,2.73,$0.00B,$0.15B,0.0,$0.08B,$0.04B,46.25%,$0.08B,$0.03B,35.00%,$0.08B,$0.03B,35.00%,$0.08B,$0.03B,40.00%,$0.08B,$0.03B,35.00%,$0.08B,$0.02B,30.00%,$0.02B,$0.15B,24.00%,$0.02B,$0.12B,27.59%,$0.02B,$0.19B,21.48%,$0.03B,$0.15B,28.00%,$40,$26,$13,$0,$4,$30,$10,$-0,$10,$2,$8,$8,$8,$11,$10,$26,26,$0.30,$0.30,$54,$27,$15,$113,$0,$0,$28,$3,$31,$191,$41,$0,$0,$0,$41,$0,$57,$0,$150,$191,$8,$1,$0,$1,$0,$0,$0,$0,$-13,$-4,$-1,$0,$-7,$0,$0,$0,$0,$-8,$0,$2,$0,$0,$0,$0,$0,$2,$-8,$0,$0
33,2010-06-30,8.58,$0.00,0.0,$2.21,3.87,$0.42,20.44,$0.91,9.43,$0.09B,$0.00B,27.53,$0.00B,$0.13B,0.0,$0.05B,$0.03B,60.78%,$0.05B,$0.02B,47.06%,$0.05B,$0.02B,47.06%,$0.05B,$0.03B,52.94%,$0.05B,$0.02B,47.06%,$0.05B,$0.02B,41.18%,$0.02B,$0.13B,25.00%,$0.02B,$0.12B,28.00%,$0.02B,$0.13B,23.86%,$0.02B,$0.13B,28.57%,$16,$11,$5,$0,$3,$15,$1,$0,$1,$2,$-0,$6,$6,$2,$1,$24,24,$0.25,$0.25,$62,$11,$0,$89,$0,$0,$12,$1,$13,$132,$3,$0,$0,$0,$3,$0,$49,$0,$129,$132,$21,$3,$0,$3,$0,$0,$0,$0,$-13,$12,$-6,$0,$0,$0,$0,$0,$-11,$-17,$0,$-3,$0,$0,$52,$0,$0,$48,$45,$0,$0
34,2010-03-31,13.38,$0.00,0.0,$2.12,6.3,$0.16,85.54,$0.90,14.86,$0.08B,$0.00B,24.11,$0.00B,$0.12B,0.0,$0.05B,$0.03B,69.57%,$0.05B,$0.03B,60.87%,$0.05B,$0.03B,60.87%,$0.05B,$0.03B,63.04%,$0.05B,$0.03B,60.87%,$0.05B,$0.02B,41.30%,$0.02B,$0.12B,31.67%,$0.02B,$0.11B,35.35%,$0.02B,$0.12B,26.95%,$0.03B,$0.12B,46.67%,$13,$5,$8,$0,$2,$7,$6,$0,$6,$1,$5,$5,$5,$8,$6,$24,24,$0.22,$0.22,$58,$11,$1,$83,$0,$0,$12,$0,$12,$124,$3,$0,$0,$0,$3,$0,$43,$0,$121,$124,$15,$2,$0,$2,$0,$0,$0,$0,$-11,$7,$-4,$0,$0,$0,$0,$0,$-11,$-15,$0,$-3,$0,$0,$51,$0,$0,$48,$40,$0,$0
35,2009-12-31,14.05,$0.00,0.0,$2.05,6.85,$0.03,501.67,$0.89,15.78,$0.00B,$0.00B,0.0,$0.00B,$0.00B,0.0,$0.04B,$0.03B,69.05%,$0.04B,$0.03B,61.90%,$0.04B,$0.03B,61.90%,$0.04B,$0.03B,61.90%,$0.04B,$0.03B,64.29%,$0.04B,$0.02B,42.86%,$0.02B,$0.00B,48.98%,$0.02B,$0.00B,54.14%,$0.02B,$0.00B,33.64%,$0.03B,$0.00B,70.75%,$11,$0,$11,$0,$0,$0,$11,$0,$11,$0,$11,$5,$5,$11,$11,$23,23,$0.20,$0.20,$0,$0,$0,$0,$0,$0,$0,$0,$0,$0,$0,$0,$0,$0,$0,$0,$0,$0,$0,$0,$0,$0,$0,$0,$0,$0,$0,$0,$0,$0,$0,$0,$0,$0,$0,$0,$0,$0,$0,$0,$0,$0,$0,$0,$0,$0,$0,$0,$0
36,2009-09-30,11.2,$0.00,0.0,$1.95,5.74,$-0.04,0.0,$0.83,13.49,$0.06B,$0.01B,5.28,$0.00B,$0.09B,0.0,$0.04B,$0.02B,57.89%,$0.04B,$0.02B,47.37%,$0.04B,$0.02B,47.37%,$0.04B,$0.02B,50.00%,$0.04B,$0.02B,50.00%,$0.04B,$0.02B,42.11%,$0.02B,$0.09B,37.65%,$0.02B,$0.07B,41.29%,$0.02B,$0.10B,23.97%,$0.02B,$0.09B,42.35%,$11,$4,$7,$0,$1,$5,$6,$-0,$6,$1,$5,$5,$5,$6,$6,$22,22,$0.24,$0.24,$35,$8,$0,$55,$0,$0,$12,$0,$12,$96,$10,$0,$0,$0,$10,$0,$33,$0,$86,$96,$0,$0,$0,$0,$0,$0,$0,$0,$0,$0,$0,$0,$0,$0,$0,$0,$0,$0,$0,$0,$0,$0,$0,$0,$0,$0,$0,$0,$0
37,2009-06-30,7.73,$0.00,0.0,$1.91,4.04,$-0.02,0.0,$0.78,9.91,$0.03B,$0.01B,3.98,$0.00B,$0.03B,0.0,$0.04B,$0.02B,55.56%,$0.04B,$0.02B,44.44%,$0.04B,$0.02B,44.44%,$0.04B,$0.02B,50.00%,$0.04B,$0.02B,47.22%,$0.04B,$0.01B,38.89%,$0.01B,$0.03B,53.33%,$0.01B,$0.03B,55.45%,$0.01B,$0.06B,24.78%,$0.02B,$0.03B,60.95%,$11,$4,$6,$0,$1,$5,$5,$-0,$5,$1,$4,$4,$4,$4,$5,$18,18,$0.24,$0.24,$18,$7,$0,$34,$0,$0,$1,$0,$1,$62,$8,$0,$21,$21,$29,$0,$28,$0,$33,$62,$0,$0,$0,$0,$0,$0,$0,$0,$0,$0,$0,$0,$0,$0,$0,$0,$0,$0,$0,$0,$0,$0,$0,$0,$0,$0,$0,$0,$0
38,2009-03-31,3.2,$0.00,0.0,$1.73,1.85,$-0.10,0.0,$0.61,5.25,$0.03B,$0.01B,4.0,$0.00B,$0.03B,0.0,$0.03B,$0.02B,46.88%,$0.03B,$0.01B,31.25%,$0.03B,$0.01B,31.25%,$0.03B,$0.01B,43.75%,$0.03B,$0.02B,56.25%,$0.03B,$0.01B,34.38%,$0.01B,$0.03B,49.44%,$0.01B,$0.03B,51.76%,$0.01B,$0.06B,20.56%,$0.01B,$0.03B,44.94%,$9,$4,$5,$0,$1,$4,$4,$0,$5,$1,$4,$4,$4,$5,$4,$19,19,$0.21,$0.21,$14,$8,$0,$29,$0,$0,$1,$0,$1,$56,$7,$0,$21,$21,$28,$0,$24,$0,$28,$56,$10,$1,$0,$1,$0,$0,$0,$0,$-10,$1,$-0,$0,$0,$0,$0,$0,$-3,$-4,$0,$-1,$0,$0,$0,$0,$0,$-0,$-3,$0,$0
