,Date,Stock Price,Book Value per Share,Price to Book Ratio,TTM Sales per Share,Price to Sales Ratio,TTM FCF per Share,Price to FCF Ratio,TTM Net EPS,PE Ratio,Current Assets,Current Liabilities,Current Ratio,Long Term Debt,Shareholder's Equity_x,Debt to Equity Ratio,TTM Revenue_x,TTM Gross Profit,Gross Margin,TTM Revenue_y,TTM Operating Income,Operating Margin,TTM Revenue_x,TTM EBIT,EBIT Margin,TTM Revenue_y,TTM EBITDA,EBITDA Margin,TTM Revenue_x,TTM Pre-Tax Income,Pre-Tax Margin,TTM Revenue_y,TTM Net Income_x,Net Margin,TTM Net Income_y,Shareholder's Equity_y,Return on Equity,TTM Net Income_x,Tangible Equity,Return on Tangible Equity,TTM Net Income_y,Total Assets,Return on Assets,TTM Net Income,LT Investments & Debt,Return on Investment,revenue,cost-goods-sold,gross-profit,research-development-expenses,selling-general-administrative-expenses,operating-expenses,operating-income,total-non-operating-income-expense,pre-tax-income,total-provision-income-taxes,income-after-taxes,income-from-continuous-operations,net-income,ebitda,ebit,basic-shares-outstanding,shares-outstanding,eps-basic-net-earnings-per-share,eps-earnings-per-share-diluted,cash-on-hand,inventory,other-current-assets,total-current-assets,net-property-plant-equipment,long-term-investments,goodwill-intangible-assets-total,other-long-term-assets,total-long-term-assets,total-assets,total-current-liabilities,long-term-debt,other-non-current-liabilities,total-long-term-liabilities,total-liabilities,common-stock-net,retained-earnings-accumulated-deficit,comprehensive-income,total-share-holder-equity,total-liabilities-share-holders-equity,net-income-loss,total-depreciation-amortization-cash-flow,other-non-cash-items,total-non-cash-items,change-in-accounts-receivable,change-in-inventories,change-in-accounts-payable,change-in-assets-liabilities,total-change-in-assets-liabilities,cash-flow-from-operating-activities,net-change-in-property-plant-equipment,net-change-in-intangible-assets,net-acquisitions-divestitures,net-change-in-short-term-investments,net-change-in-long-term-investments,net-change-in-investments-total,investing-activities-other,cash-flow-from-investing-activities,net-long-term-debt,net-current-debt,debt-issuance-retirement-net-total,net-common-equity-issued-repurchased,net-total-equity-issued-repurchased,total-common-preferred-stock-dividends-paid,financial-activities-other,cash-flow-from-financial-activities,net-cash-flow,stock-based-compensation,common-stock-dividends-paid
0,2018-09-30,3.85,$0.00,0.0,$0.33,11.71,$-0.76,0.0,$-0.37,0.0,$0.04B,$0.01B,4.61,$0.00B,$0.00B,0.0,$0.02B,$0.02B,94.44%,$0.02B,$-0.02B,-122.22%,$0.02B,$-0.02B,-122.22%,$0.02B,$-0.02B,-122.22%,$0.02B,$-0.02B,-122.22%,$0.02B,$-0.02B,-122.22%,$-0.02B,$0.04B,-63.77%,$-0.02B,$0.04B,-63.77%,$-0.02B,$0.05B,-48.89%,$-0.02B,$0.04B,-63.77%,$8,$1,$7,$8,$3,$11,$-3,$0,$-3,$0,$-3,$-3,$-3,$-3,$-3,$57,57,$-0.05,$-0.05,$35,$0,$0,$44,$4,$0,$0,$3,$7,$51,$10,$0,$3,$3,$13,$0,$0,$0,$38,$51,$0,$0,$0,$0,$0,$0,$0,$0,$0,$0,$0,$0,$0,$0,$0,$0,$0,$0,$0,$0,$0,$0,$0,$0,$0,$0,$0,$0,$0
1,2018-06-30,3.3,$0.71,4.66,$0.19,17.15,$-0.76,0.0,$-0.56,0.0,$0.04B,$0.01B,5.92,$0.00B,$0.04B,0.0,$0.01B,$0.01B,100.00%,$0.01B,$-0.03B,-290.00%,$0.01B,$-0.03B,-290.00%,$0.01B,$-0.03B,-290.00%,$0.01B,$-0.03B,-290.00%,$0.01B,$-0.03B,-290.00%,$-0.03B,$0.04B,-84.06%,$-0.03B,$0.04B,-84.06%,$-0.03B,$0.05B,-65.91%,$-0.03B,$0.04B,-84.06%,$0,$0,$0,$8,$2,$10,$-10,$0,$-10,$0,$-10,$-10,$-10,$-10,$-10,$53,53,$-0.19,$-0.19,$43,$0,$0,$44,$4,$0,$0,$3,$7,$51,$7,$0,$3,$3,$10,$0,$-318,$0,$41,$51,$-10,$1,$1,$2,$0,$0,$0,$-1,$0,$-8,$-0,$0,$0,$11,$0,$11,$-39,$-28,$0,$0,$0,$21,$21,$0,$0,$21,$-16,$1,$0
2,2018-03-31,4.45,$0.00,0.0,$0.19,23.13,$-0.91,0.0,$-0.55,0.0,$0.03B,$0.01B,5.81,$0.00B,$0.00B,0.0,$0.01B,$0.01B,100.00%,$0.01B,$-0.03B,-280.00%,$0.01B,$-0.03B,-280.00%,$0.01B,$-0.03B,-280.00%,$0.01B,$-0.03B,-280.00%,$0.01B,$-0.03B,-280.00%,$-0.03B,$0.03B,-77.78%,$-0.03B,$0.03B,-77.78%,$-0.03B,$0.04B,-61.88%,$-0.03B,$0.03B,-77.78%,$10,$0,$10,$7,$2,$10,$0,$-0,$0,$0,$0,$0,$0,$0,$0,$52,52,$0.00,$0.00,$21,$0,$0,$32,$4,$0,$0,$3,$7,$39,$6,$0,$3,$3,$9,$0,$0,$0,$30,$39,$0,$0,$0,$0,$0,$0,$0,$0,$0,$0,$0,$0,$0,$0,$0,$0,$0,$0,$0,$0,$0,$0,$0,$0,$0,$0,$0,$0,$0
3,2017-12-31,2.5,$0.00,0.0,0,0.0,$-0.91,0.0,$-0.72,0.0,$0.03B,$0.01B,5.03,$0.00B,$0.00B,0.0,$0.00B,0,nan%,$0.00B,$-0.04B,inf%,$0.00B,$-0.04B,inf%,$0.00B,$-0.04B,inf%,$0.00B,$-0.04B,inf%,$0.00B,$-0.04B,inf%,$-0.04B,$0.03B,-87.06%,$-0.04B,$0.03B,-87.06%,$-0.04B,$0.04B,-71.84%,$-0.04B,$0.03B,-87.06%,$0,$0,$0,$7,$2,$9,$-9,$0,$-9,$0,$-9,$-9,$-9,$-9,$-9,$51,51,$-0.18,$-0.18,$30,$0,$0,$31,$5,$0,$0,$3,$8,$39,$6,$0,$3,$3,$9,$0,$0,$0,$29,$39,$-37,$2,$3,$4,$0,$0,$0,$1,$2,$-31,$-0,$0,$0,$72,$0,$72,$-25,$46,$0,$0,$0,$0,$0,$0,$0,$0,$16,$3,$0
4,2017-09-30,3.8,$0.00,0.0,$0.00,0.0,$-0.74,0.0,$-0.71,0.0,$0.04B,$0.01B,6.73,$0.00B,$0.00B,0.0,$0.00B,0,nan%,$0.00B,$-0.04B,inf%,$0.00B,$-0.04B,inf%,$0.00B,$-0.04B,inf%,$0.00B,$-0.04B,inf%,$0.00B,$-0.04B,inf%,$-0.04B,$0.04B,-70.24%,$-0.04B,$0.04B,-70.24%,$-0.04B,$0.05B,-60.50%,$-0.04B,$0.04B,-72.20%,$0,$0,$0,$8,$2,$10,$-10,$0,$-10,$0,$-10,$-10,$-10,$-10,$-10,$51,51,$-0.19,$-0.19,$38,$0,$0,$39,$5,$0,$0,$3,$8,$47,$6,$0,$3,$3,$9,$0,$0,$0,$38,$47,$0,$0,$0,$0,$0,$0,$0,$0,$0,$0,$0,$0,$0,$0,$0,$0,$0,$0,$0,$0,$0,$0,$0,$0,$0,$0,$0,$0,$0
5,2017-06-30,3.8,$0.92,4.11,$0.00,0.0,$-0.74,0.0,$-0.67,0.0,$0.05B,$0.01B,9.38,$0.00B,$0.05B,0.0,$0.00B,0,nan%,$0.00B,$-0.04B,inf%,$0.00B,$-0.04B,inf%,$0.00B,$-0.04B,inf%,$0.00B,$-0.03B,inf%,$0.00B,$-0.03B,inf%,$-0.03B,$0.05B,-57.38%,$-0.03B,$0.05B,-57.38%,$-0.03B,$0.06B,-50.56%,$-0.04B,$0.05B,-59.07%,$0,$0,$0,$7,$2,$9,$-9,$0,$-9,$0,$-9,$-9,$-9,$-9,$-9,$51,51,$-0.18,$-0.18,$46,$0,$0,$48,$5,$0,$0,$3,$8,$56,$5,$0,$3,$3,$8,$0,$-289,$0,$47,$56,$-18,$1,$1,$2,$0,$0,$0,$0,$1,$-15,$-0,$0,$0,$36,$0,$36,$-13,$22,$0,$0,$0,$0,$0,$0,$0,$0,$7,$1,$0
6,2017-03-31,4.3,$0.00,0.0,$0.01,353.14,$-0.61,0.0,$-0.62,0.0,$0.06B,$0.01B,10.63,$0.00B,$0.00B,0.0,$0.00B,0,nan%,$0.00B,$-0.03B,inf%,$0.00B,$-0.03B,inf%,$0.00B,$-0.03B,inf%,$0.00B,$-0.03B,inf%,$0.00B,$-0.03B,inf%,$-0.03B,$0.06B,-47.94%,$-0.03B,$0.06B,-47.94%,$-0.03B,$0.06B,-43.10%,$-0.03B,$0.06B,-49.44%,$0,$0,$0,$7,$2,$9,$-9,$0,$-9,$0,$-9,$-9,$-9,$-9,$-9,$51,51,$-0.17,$-0.17,$54,$0,$0,$56,$6,$0,$0,$3,$8,$64,$5,$0,$3,$3,$8,$0,$0,$0,$56,$64,$0,$0,$0,$0,$0,$0,$0,$0,$0,$0,$0,$0,$0,$0,$0,$0,$0,$0,$0,$0,$0,$0,$0,$0,$0,$0,$0,$0,$0
7,2016-12-31,5.1,$1.24,4.11,$0.01,363.94,$-0.61,0.0,$-0.62,0.0,$0.06B,$0.01B,13.22,$0.00B,$0.06B,0.0,$0.00B,0,nan%,$0.00B,$-0.03B,inf%,$0.00B,$-0.03B,inf%,$0.00B,$-0.03B,inf%,$0.00B,$-0.03B,inf%,$0.00B,$-0.03B,inf%,$-0.03B,$0.06B,-43.54%,$-0.03B,$0.06B,-43.54%,$-0.03B,$0.07B,-39.51%,$-0.03B,$0.06B,-44.90%,$0,$0,$0,$6,$2,$9,$-9,$0,$-8,$0,$-8,$-8,$-8,$-9,$-9,$51,51,$-0.17,$-0.17,$62,$0,$0,$63,$6,$0,$0,$2,$8,$71,$5,$0,$3,$3,$8,$0,$-271,$0,$64,$71,$-32,$1,$3,$4,$8,$0,$0,$0,$7,$-20,$-3,$0,$0,$69,$0,$69,$-51,$16,$0,$0,$0,$2,$2,$0,$0,$2,$-1,$3,$0
8,2016-09-30,6.3,$0.00,0.0,$0.18,35.49,$-0.73,0.0,$-0.46,0.0,$0.07B,$0.01B,14.9,$0.00B,$0.00B,0.0,$0.01B,$0.01B,87.50%,$0.01B,$-0.03B,-312.50%,$0.01B,$-0.03B,-312.50%,$0.01B,$-0.02B,-300.00%,$0.01B,$-0.02B,-300.00%,$0.01B,$-0.02B,-300.00%,$-0.02B,$0.07B,-30.00%,$-0.02B,$0.07B,-30.00%,$-0.02B,$0.08B,-27.27%,$-0.03B,$0.07B,-31.25%,$0,$0,$0,$6,$2,$8,$-8,$0,$-8,$0,$-8,$-8,$-8,$-8,$-8,$51,51,$-0.15,$-0.15,$68,$0,$0,$69,$6,$0,$0,$3,$9,$78,$5,$0,$3,$3,$8,$0,$0,$0,$70,$78,$0,$0,$0,$0,$0,$0,$0,$0,$0,$0,$0,$0,$0,$0,$0,$0,$0,$0,$0,$0,$0,$0,$0,$0,$0,$0,$0,$0,$0
9,2016-06-30,6.48,$0.00,0.0,$0.18,35.87,$-0.73,0.0,$-0.44,0.0,$0.08B,$0.01B,16.73,$0.00B,$0.00B,0.0,$0.01B,$0.01B,87.50%,$0.01B,$-0.02B,-300.00%,$0.01B,$-0.02B,-300.00%,$0.01B,$-0.02B,-287.50%,$0.01B,$-0.02B,-287.50%,$0.01B,$-0.02B,-287.50%,$-0.02B,$0.08B,-27.14%,$-0.02B,$0.08B,-27.14%,$-0.02B,$0.08B,-24.80%,$-0.02B,$0.08B,-28.32%,$0,$0,$0,$5,$2,$8,$-7,$0,$-7,$0,$-7,$-7,$-7,$-7,$-7,$51,51,$-0.13,$-0.13,$74,$0,$0,$76,$6,$0,$0,$2,$9,$84,$5,$0,$3,$3,$7,$0,$0,$0,$77,$84,$-15,$1,$1,$2,$7,$0,$0,$0,$6,$-8,$-1,$0,$0,$54,$0,$54,$-38,$15,$0,$0,$0,$1,$1,$0,$0,$1,$9,$1,$0
10,2016-03-31,5.58,$0.00,0.0,$0.18,31.83,$-0.57,0.0,$-0.45,0.0,$0.08B,$0.01B,14.32,$0.00B,$0.00B,0.0,$0.01B,$0.01B,87.50%,$0.01B,$-0.02B,-300.00%,$0.01B,$-0.02B,-300.00%,$0.01B,$-0.02B,-287.50%,$0.01B,$-0.02B,-287.50%,$0.01B,$-0.02B,-287.50%,$-0.02B,$0.08B,-25.77%,$-0.02B,$0.08B,-25.77%,$-0.02B,$0.09B,-23.59%,$-0.02B,$0.08B,-26.89%,$0,$0,$0,$7,$2,$9,$-9,$0,$-9,$0,$-9,$-9,$-9,$-9,$-9,$51,51,$-0.17,$-0.17,$82,$0,$0,$83,$6,$0,$0,$2,$9,$91,$6,$0,$3,$3,$9,$0,$0,$0,$83,$91,$0,$0,$0,$0,$0,$0,$0,$0,$0,$0,$0,$0,$0,$0,$0,$0,$0,$0,$0,$0,$0,$0,$0,$0,$0,$0,$0,$0,$0
11,2015-12-31,6.39,$1.78,3.59,$0.18,34.79,$-0.57,0.0,$-0.40,0.0,$0.09B,$0.01B,13.28,$0.00B,$0.09B,0.0,$0.01B,$0.01B,77.78%,$0.01B,$-0.02B,-233.33%,$0.01B,$-0.02B,-233.33%,$0.01B,$-0.02B,-222.22%,$0.01B,$-0.02B,-222.22%,$0.01B,$-0.02B,-222.22%,$-0.02B,$0.09B,-21.33%,$-0.02B,$0.09B,-21.33%,$-0.02B,$0.10B,-19.66%,$-0.02B,$0.09B,-22.40%,$8,$1,$7,$6,$2,$9,$-1,$1,$-0,$0,$-0,$-0,$-0,$-0,$-1,$51,51,$-0.01,$-0.01,$82,$0,$0,$91,$6,$0,$0,$2,$8,$99,$7,$0,$3,$3,$9,$0,$-239,$0,$90,$99,$-20,$1,$3,$1,$-8,$0,$0,$-3,$-10,$-26,$-3,$0,$0,$47,$0,$47,$-35,$10,$0,$0,$0,$1,$1,$0,$0,$1,$-15,$4,$0
12,2015-09-30,5.17,$0.00,0.0,$0.15,34.51,$-0.26,0.0,$-0.42,0.0,$0.08B,$0.01B,15.0,$0.00B,$0.00B,0.0,$0.01B,$0.01B,75.00%,$0.01B,$-0.02B,-262.50%,$0.01B,$-0.02B,-262.50%,$0.01B,$-0.02B,-262.50%,$0.01B,$-0.02B,-262.50%,$0.01B,$-0.02B,-262.50%,$-0.02B,$0.09B,-21.48%,$-0.02B,$0.09B,-21.48%,$-0.02B,$0.10B,-19.86%,$-0.02B,$0.09B,-21.48%,$0,$0,$0,$5,$2,$7,$-7,$0,$-7,$0,$-7,$-7,$-7,$-7,$-7,$50,50,$-0.13,$-0.13,$75,$0,$0,$77,$0,$0,$0,$17,$17,$97,$5,$0,$3,$3,$8,$0,$0,$0,$89,$97,$0,$0,$0,$0,$0,$0,$0,$0,$0,$0,$0,$0,$0,$0,$0,$0,$0,$0,$0,$0,$0,$0,$0,$0,$0,$0,$0,$0,$0
13,2015-06-30,6.94,$0.00,0.0,$0.18,38.5,$-0.26,0.0,$-0.40,0.0,$0.10B,$0.01B,18.69,$0.00B,$0.10B,0.0,$0.01B,$0.01B,70.00%,$0.01B,$-0.02B,-190.00%,$0.01B,$-0.02B,-190.00%,$0.01B,$-0.02B,-190.00%,$0.01B,$-0.02B,-190.00%,$0.01B,$-0.02B,-190.00%,$-0.02B,$0.10B,-18.63%,$-0.02B,$0.10B,-18.63%,$-0.02B,$0.10B,-17.23%,$-0.02B,$0.10B,-18.63%,$0,$0,$0,$5,$2,$7,$-7,$0,$-7,$0,$-7,$-7,$-7,$-7,$-7,$50,50,$-0.14,$-0.14,$97,$0,$0,$98,$0,$2,$0,$0,$2,$103,$5,$0,$3,$3,$8,$0,$-232,$0,$95,$103,$0,$0,$0,$0,$0,$0,$0,$0,$0,$0,$0,$0,$0,$0,$0,$0,$0,$0,$0,$0,$0,$0,$0,$0,$0,$0,$0,$0,$0
14,2015-03-31,7.05,$0.00,0.0,$0.22,32.75,$-0.39,0.0,$-0.33,0.0,$0.07B,$0.01B,13.11,$0.00B,$0.00B,0.0,$0.01B,$0.01B,66.67%,$0.01B,$-0.02B,-125.00%,$0.01B,$-0.02B,-125.00%,$0.01B,$-0.02B,-125.00%,$0.01B,$-0.01B,-116.67%,$0.01B,$-0.01B,-116.67%,$-0.01B,$0.10B,-13.63%,$-0.01B,$0.10B,-13.63%,$-0.01B,$0.11B,-12.17%,$-0.02B,$0.10B,-14.60%,$1,$0,$0,$5,$2,$7,$-6,$0,$-6,$0,$-6,$-6,$-6,$-6,$-6,$50,50,$-0.12,$-0.12,$67,$0,$0,$69,$0,$2,$0,$35,$37,$108,$5,$0,$2,$2,$8,$0,$0,$0,$101,$108,$0,$0,$0,$0,$0,$0,$0,$0,$0,$0,$0,$0,$0,$0,$0,$0,$0,$0,$0,$0,$0,$0,$0,$0,$0,$0,$0,$0,$0
15,2014-12-31,8.33,$2.11,3.95,$0.25,32.77,$-0.39,0.0,$-0.25,0.0,$0.08B,$0.01B,11.41,$0.00B,$0.11B,0.0,$0.01B,$0.01B,69.23%,$0.01B,$-0.01B,-92.31%,$0.01B,$-0.01B,-92.31%,$0.01B,$-0.01B,-92.31%,$0.01B,$-0.01B,-76.92%,$0.01B,$-0.01B,-76.92%,$-0.01B,$0.11B,-9.76%,$-0.01B,$0.11B,-9.76%,$-0.01B,$0.12B,-8.37%,$-0.01B,$0.11B,-11.71%,$7,$1,$6,$5,$2,$8,$-1,$-0,$-1,$0,$-2,$-1,$-1,$-1,$-1,$50,50,$-0.03,$-0.03,$74,$0,$47,$75,$3,$2,$0,$35,$37,$115,$7,$0,$2,$2,$9,$0,$-219,$1,$106,$115,$-11,$1,$2,$1,$0,$0,$0,$-4,$-2,$-11,$-2,$0,$0,$20,$-0,$2,$-65,$-64,$0,$0,$0,$72,$72,$0,$0,$72,$-3,$4,$0
16,2014-09-30,8.57,$0.00,0.0,$0.17,51.92,$-0.29,0.0,$-0.31,0.0,$0.11B,$0.01B,21.59,$0.00B,$0.00B,0.0,$0.01B,$0.00B,50.00%,$0.01B,$-0.02B,-250.00%,$0.01B,$-0.01B,-112.50%,$0.01B,$-0.02B,-250.00%,$0.01B,$-0.01B,-87.50%,$0.01B,$-0.01B,-150.00%,$-0.01B,$0.11B,-14.29%,$-0.01B,$0.11B,-14.29%,$-0.01B,$0.12B,-11.43%,$-0.02B,$0.11B,-23.81%,$2,$1,$1,$4,$2,$6,$-5,$-1,$-5,$0,$-5,$-5,$-5,$-5,$-5,$49,49,$-0.11,$-0.11,$109,$0,$0,$110,$0,$2,$0,$0,$2,$115,$5,$0,$3,$3,$8,$0,$0,$0,$106,$115,$0,$0,$0,$0,$0,$0,$0,$0,$0,$0,$0,$0,$0,$0,$0,$0,$0,$0,$0,$0,$0,$0,$0,$0,$0,$0,$0,$0,$0
17,2014-06-30,8.99,$0.00,0.0,$0.17,52.67,$-0.29,0.0,$-0.32,0.0,$0.12B,$0.01B,17.2,$0.00B,$0.10B,0.0,$0.01B,$0.00B,37.50%,$0.01B,$-0.02B,-237.50%,$0.01B,$-0.01B,-100.00%,$0.01B,$-0.02B,-237.50%,$0.01B,$-0.01B,-87.50%,$0.01B,$-0.01B,-150.00%,$-0.01B,$0.10B,-18.68%,$-0.01B,$0.10B,-18.68%,$-0.01B,$0.12B,-13.33%,$-0.02B,$0.10B,-29.57%,$2,$1,$1,$3,$1,$5,$-3,$1,$-2,$0,$-2,$-2,$-2,$-3,$-3,$48,50,$-0.05,$-0.07,$113,$0,$2,$117,$0,$2,$0,$0,$2,$122,$7,$0,$16,$17,$23,$0,$-212,$0,$98,$122,$-4,$0,$0,$0,$0,$0,$0,$0,$0,$-7,$0,$0,$0,$0,$0,$9,$0,$9,$0,$0,$0,$0,$72,$0,$0,$72,$74,$0,$0
18,2014-03-31,10.51,$0.00,0.0,$0.13,79.73,$-0.16,0.0,$-0.34,0.0,$0.12B,$0.01B,14.56,$0.00B,$0.00B,0.0,$0.01B,$0.00B,33.33%,$0.01B,$-0.02B,-266.67%,$0.01B,$-0.01B,-83.33%,$0.01B,$-0.02B,-266.67%,$0.01B,$-0.01B,-83.33%,$0.01B,$-0.01B,-216.67%,$-0.01B,$0.10B,-28.89%,$-0.01B,$0.10B,-28.89%,$-0.01B,$0.13B,-18.91%,$-0.02B,$0.10B,-35.56%,$2,$1,$1,$3,$1,$5,$-3,$1,$-2,$0,$-2,$-2,$-2,$-3,$-3,$43,43,$-0.04,$-0.04,$121,$0,$0,$122,$0,$0,$0,$2,$2,$126,$8,$0,$17,$17,$26,$0,$0,$0,$100,$126,$0,$0,$0,$0,$0,$0,$0,$0,$0,$0,$0,$0,$0,$0,$0,$0,$0,$0,$0,$0,$0,$0,$0,$0,$0,$0,$0,$0,$0
19,2013-12-31,8.95,$0.00,0.0,$0.09,102.79,$-0.16,0.0,$-0.39,0.0,$0.05B,$0.01B,6.88,$0.00B,$0.03B,0.0,$0.00B,$0.00B,25.00%,$0.00B,$-0.02B,-425.00%,$0.00B,$-0.01B,-150.00%,$0.00B,$-0.02B,-425.00%,$0.00B,$-0.01B,-150.00%,$0.00B,$-0.01B,-350.00%,$-0.01B,$0.03B,-54.90%,$-0.01B,$0.03B,-54.90%,$-0.01B,$0.06B,-30.60%,$-0.02B,$0.03B,-66.67%,$2,$1,$1,$7,$3,$11,$-9,$3,$2,$0,$2,$-3,$-3,$-9,$2,$41,43,$-0.07,$-0.09,$51,$0,$0,$53,$0,$2,$0,$0,$2,$57,$8,$0,$16,$17,$25,$0,$-208,$0,$32,$57,$-14,$0,$1,$0,$0,$0,$0,$6,$7,$-6,$-0,$0,$0,$7,$0,$-15,$4,$-12,$0,$0,$0,$25,$25,$0,$5,$30,$12,$4,$0
20,2013-09-30,10.26,$0.00,0.0,$0.05,208.32,$-0.33,0.0,$-0.45,0.0,$0.05B,$0.01B,5.64,$0.00B,$0.00B,0.0,$0.00B,0,0.00%,$0.00B,$-0.01B,-600.00%,$0.00B,$-0.01B,-600.00%,$0.00B,$-0.01B,-600.00%,$0.00B,$-0.01B,-650.00%,$0.00B,$-0.02B,-800.00%,$-0.02B,$0.03B,-72.73%,$-0.02B,$0.03B,-72.73%,$-0.02B,$0.06B,-41.29%,$-0.01B,$0.03B,-54.55%,$2,$1,$0,$3,$2,$6,$-4,$-0,$-5,$0,$-5,$-5,$-5,$-4,$-4,$39,39,$-0.12,$-0.12,$48,$0,$0,$52,$0,$2,$0,$0,$2,$55,$9,$0,$16,$19,$28,$0,$0,$0,$27,$55,$0,$0,$0,$0,$0,$0,$0,$0,$0,$0,$0,$0,$0,$0,$0,$0,$0,$0,$0,$0,$0,$0,$0,$0,$0,$0,$0,$0,$0
21,2013-06-30,5.43,$0.00,0.0,$0.01,469.38,$-0.33,0.0,$-0.43,0.0,$0.03B,$0.00B,16.26,$0.00B,$0.02B,0.0,$0.00B,0,nan%,$0.00B,$-0.01B,inf%,$0.00B,$-0.01B,inf%,$0.00B,$-0.01B,inf%,$0.00B,$-0.01B,inf%,$0.00B,$-0.02B,inf%,$-0.02B,$0.02B,-75.00%,$-0.02B,$0.02B,-75.00%,$-0.02B,$0.04B,-46.88%,$-0.01B,$0.02B,-60.00%,$0,$0,$0,$0,$0,$0,$0,$0,$0,$0,$0,$-3,$-3,$0,$0,$38,38,$-0.08,$-0.09,$33,$0,$0,$34,$0,$2,$0,$0,$2,$37,$2,$0,$14,$14,$16,$0,$-201,$0,$21,$37,$0,$0,$0,$0,$0,$0,$0,$0,$0,$0,$0,$0,$0,$0,$0,$0,$0,$0,$0,$0,$0,$0,$0,$0,$0,$0,$0,$0,$0
22,2013-03-31,5.07,$0.00,0.0,$0.01,461.35,$-0.49,0.0,$-0.36,0.0,$0.03B,$0.00B,17.12,$0.00B,$0.00B,0.0,$0.00B,0,nan%,$0.00B,$-0.02B,inf%,$0.00B,$-0.02B,inf%,$0.00B,$-0.02B,inf%,$0.00B,$-0.01B,inf%,$0.00B,$-0.01B,inf%,$-0.01B,$0.02B,-64.20%,$-0.01B,$0.02B,-64.20%,$-0.01B,$0.03B,-42.98%,$-0.02B,$0.02B,-74.07%,$0,$0,$0,$3,$1,$4,$-4,$1,$-3,$0,$-3,$-3,$-3,$-4,$-4,$37,37,$-0.09,$-0.09,$25,$0,$6,$30,$0,$2,$0,$0,$2,$34,$2,$0,$10,$10,$12,$0,$0,$0,$22,$34,$0,$0,$0,$0,$0,$0,$0,$0,$0,$0,$0,$0,$0,$0,$0,$0,$0,$0,$0,$0,$0,$0,$0,$0,$0,$0,$0,$0,$0
23,2012-12-31,4.92,$0.00,0.0,$0.01,0.0,$-0.49,0.0,$-0.39,0.0,$0.03B,$0.00B,18.53,$0.00B,$0.02B,0.0,$0.00B,0,nan%,$0.00B,$-0.01B,inf%,$0.00B,$-0.01B,inf%,$0.00B,$-0.01B,inf%,$0.00B,$-0.01B,inf%,$0.00B,$-0.01B,inf%,$-0.01B,$0.02B,-70.00%,$-0.01B,$0.02B,-70.00%,$-0.01B,$0.03B,-47.06%,$-0.01B,$0.02B,-70.00%,$0,$0,$-0,$3,$1,$4,$-4,$-2,$-5,$0,$-5,$-5,$-5,$-4,$-4,$36,36,$-0.15,$-0.15,$25,$0,$0,$26,$0,$2,$0,$0,$2,$29,$1,$0,$10,$10,$11,$0,$-194,$0,$18,$29,$-14,$0,$0,$0,$0,$0,$0,$0,$-0,$-11,$-1,$0,$0,$0,$0,$13,$-0,$12,$0,$0,$0,$0,$6,$0,$3,$9,$11,$0,$0
24,2012-09-30,3.76,$0.00,0.0,$0.00,0.0,$-0.43,0.0,$-0.37,0.0,$0.02B,$0.00B,11.86,$0.00B,$0.00B,0.0,$0.00B,0,nan%,$0.00B,$-0.01B,inf%,$0.00B,$-0.01B,inf%,$0.00B,$-0.01B,inf%,$0.00B,$-0.01B,inf%,$0.00B,$-0.01B,inf%,$-0.01B,$0.02B,-63.41%,$-0.01B,$0.02B,-63.41%,$-0.01B,$0.03B,-43.70%,$-0.01B,$0.02B,-63.41%,$0,$0,$0,$3,$1,$4,$-4,$0,$-4,$0,$-4,$-4,$-4,$-4,$-4,$36,37,$-0.10,$-0.10,$20,$0,$1,$21,$0,$6,$0,$0,$6,$28,$2,$0,$8,$8,$9,$0,$0,$0,$19,$28,$0,$0,$0,$0,$0,$0,$0,$0,$0,$0,$0,$0,$0,$0,$0,$0,$0,$0,$0,$0,$0,$0,$0,$0,$0,$0,$0,$0,$0
25,2012-06-30,3.86,$0.00,0.0,0,0.0,$-0.43,0.0,$-0.37,0.0,$0.02B,$0.00B,14.7,$0.00B,$0.02B,0.0,$0.00B,0,nan%,$0.00B,$-0.01B,inf%,$0.00B,$-0.01B,inf%,$0.00B,$-0.01B,inf%,$0.00B,$-0.01B,inf%,$0.00B,$-0.01B,inf%,$-0.01B,$0.02B,-61.18%,$-0.01B,$0.02B,-61.18%,$-0.01B,$0.03B,-43.33%,$-0.01B,$0.02B,-56.47%,$0,$0,$0,$2,$1,$3,$-3,$2,$-1,$0,$-1,$-1,$-1,$-3,$-3,$36,36,$-0.02,$-0.02,$22,$0,$0,$23,$0,$6,$0,$0,$7,$30,$2,$0,$7,$7,$8,$0,$-180,$0,$22,$30,$-5,$0,$0,$0,$0,$0,$0,$0,$-1,$-6,$-0,$0,$0,$0,$0,$3,$0,$3,$0,$0,$0,$0,$5,$0,$0,$5,$3,$0,$0
26,2012-03-31,5.99,$0.00,0.0,0,0.0,$-0.38,0.0,$-0.41,0.0,$0.03B,$0.00B,12.32,$0.00B,$0.00B,0.0,$0.00B,0,nan%,$0.00B,$-0.01B,inf%,$0.00B,$-0.01B,inf%,$0.00B,$-0.01B,inf%,$0.00B,$-0.01B,inf%,$0.00B,$-0.01B,inf%,$-0.01B,$0.02B,-62.92%,$-0.01B,$0.02B,-62.92%,$-0.01B,$0.03B,-45.90%,$-0.01B,$0.02B,-53.93%,$0,$0,$0,$2,$1,$3,$-3,$-1,$-4,$0,$-4,$-4,$-4,$-3,$-3,$35,35,$-0.12,$-0.12,$25,$0,$0,$26,$0,$6,$0,$0,$6,$32,$2,$0,$9,$9,$11,$0,$0,$0,$21,$32,$0,$0,$0,$0,$0,$0,$0,$0,$0,$0,$0,$0,$0,$0,$0,$0,$0,$0,$0,$0,$0,$0,$0,$0,$0,$0,$0,$0,$0
27,2011-12-31,4.95,$0.00,0.0,0,0.0,$-0.38,0.0,$-0.35,0.0,$0.02B,$0.00B,13.53,$0.00B,$0.02B,0.0,$0.00B,0,nan%,$0.00B,$-0.01B,inf%,$0.00B,$-0.01B,inf%,$0.00B,$-0.01B,inf%,$0.00B,$-0.01B,inf%,$0.00B,$-0.01B,inf%,$-0.01B,$0.02B,-50.53%,$-0.01B,$0.02B,-50.53%,$-0.01B,$0.03B,-38.71%,$-0.01B,$0.02B,-46.32%,$0,$0,$0,$2,$1,$3,$-3,$-1,$-4,$0,$-4,$-4,$-4,$-3,$-3,$34,34,$-0.13,$-0.13,$22,$0,$0,$23,$0,$4,$0,$1,$6,$29,$2,$0,$8,$8,$10,$0,$-176,$0,$20,$29,$-12,$0,$0,$0,$0,$0,$0,$0,$-1,$-9,$-0,$0,$0,$0,$0,$15,$-16,$-1,$0,$0,$0,$0,$2,$0,$7,$9,$-1,$0,$0
28,2011-09-30,4.0,$0.00,0.0,$0.01,0.0,$-0.24,0.0,$-0.28,0.0,$0.02B,$0.00B,16.27,$0.00B,$0.00B,0.0,$0.00B,0,nan%,$0.00B,$-0.01B,inf%,$0.00B,$-0.01B,inf%,$0.00B,$-0.01B,inf%,$0.00B,$-0.01B,inf%,$0.00B,$-0.01B,inf%,$-0.01B,$0.02B,-38.83%,$-0.01B,$0.02B,-38.83%,$-0.01B,$0.03B,-30.53%,$-0.01B,$0.02B,-38.83%,$0,$0,$0,$2,$1,$3,$-3,$-0,$-4,$0,$-4,$-4,$-4,$-3,$-3,$34,34,$-0.10,$-0.10,$22,$0,$0,$22,$0,$4,$0,$2,$6,$29,$1,$0,$5,$5,$6,$0,$0,$0,$22,$29,$0,$0,$0,$0,$0,$0,$0,$0,$0,$0,$0,$0,$0,$0,$0,$0,$0,$0,$0,$0,$0,$0,$0,$0,$0,$0,$0,$0,$0
29,2011-06-30,4.06,$0.00,0.0,$0.01,0.0,$-0.35,0.0,$-0.23,0.0,$0.03B,$0.00B,20.06,$0.00B,$0.03B,0.0,$0.00B,0,nan%,$0.00B,$-0.01B,inf%,$0.00B,$-0.01B,inf%,$0.00B,$-0.01B,inf%,$0.00B,$-0.01B,inf%,$0.00B,$-0.01B,inf%,$-0.01B,$0.03B,-29.63%,$-0.01B,$0.03B,-29.63%,$-0.01B,$0.03B,-24.24%,$-0.01B,$0.03B,-33.33%,$0,$0,$0,$1,$2,$3,$-3,$1,$-2,$0,$-2,$-2,$-2,$-3,$-3,$34,34,$-0.06,$-0.06,$24,$0,$0,$25,$0,$5,$0,$2,$7,$32,$1,$0,$5,$5,$6,$0,$-173,$0,$26,$32,$-4,$0,$0,$0,$0,$0,$0,$0,$-1,$-4,$-0,$0,$0,$0,$0,$-3,$-0,$-3,$0,$0,$0,$0,$1,$0,$5,$6,$-1,$0,$0
30,2011-03-31,5.14,$0.00,0.0,$0.03,173.01,$-0.23,0.0,$-0.20,0.0,$0.03B,$0.00B,16.65,$0.00B,$0.00B,0.0,$0.00B,$0.00B,100.00%,$0.00B,$-0.01B,-700.00%,$0.00B,$-0.01B,-700.00%,$0.00B,$-0.01B,-700.00%,$0.00B,$-0.01B,-700.00%,$0.00B,$-0.01B,-700.00%,$-0.01B,$0.03B,-25.93%,$-0.01B,$0.03B,-25.93%,$-0.01B,$0.03B,-21.71%,$-0.01B,$0.03B,-25.93%,$0,$0,$0,$2,$1,$2,$-2,$1,$-2,$0,$-2,$-2,$-2,$-2,$-2,$34,34,$-0.06,$-0.06,$26,$0,$0,$26,$0,$6,$0,$2,$7,$34,$2,$0,$6,$6,$8,$0,$0,$0,$27,$34,$0,$0,$0,$0,$0,$0,$0,$0,$0,$0,$0,$0,$0,$0,$0,$0,$0,$0,$0,$0,$0,$0,$0,$0,$0,$0,$0,$0,$0
31,2010-12-31,4.92,$0.00,0.0,$0.03,146.88,$-0.23,0.0,$-0.22,0.0,$0.03B,$0.00B,11.5,$0.00B,$0.03B,0.0,$0.00B,$0.00B,100.00%,$0.00B,$-0.01B,-800.00%,$0.00B,$-0.01B,-800.00%,$0.00B,$-0.01B,-800.00%,$0.00B,$-0.01B,-800.00%,$0.00B,$-0.01B,-800.00%,$-0.01B,$0.03B,-29.09%,$-0.01B,$0.03B,-29.09%,$-0.01B,$0.04B,-25.20%,$-0.01B,$0.03B,-29.09%,$0,$0,$0,$2,$1,$3,$-2,$0,$-2,$0,$-2,$-2,$-2,$-2,$-2,$34,34,$-0.06,$-0.06,$23,$0,$5,$28,$0,$6,$0,$2,$8,$36,$2,$0,$6,$6,$8,$0,$-168,$0,$28,$36,$-7,$0,$0,$0,$0,$0,$0,$0,$1,$-4,$-0,$0,$0,$0,$0,$-14,$-0,$-14,$0,$0,$0,$0,$10,$0,$0,$10,$-8,$0,$0
32,2010-09-30,4.72,$0.00,0.0,$0.03,164.48,$-0.36,0.0,$-0.23,0.0,$0.02B,$0.00B,18.41,$0.00B,$0.03B,0.0,$0.00B,$0.00B,100.00%,$0.00B,$-0.01B,-800.00%,$0.00B,$-0.01B,-800.00%,$0.00B,$-0.01B,-800.00%,$0.00B,$-0.01B,-800.00%,$0.00B,$-0.01B,-800.00%,$-0.01B,$0.03B,-29.36%,$-0.01B,$0.03B,-29.36%,$-0.01B,$0.03B,-26.45%,$-0.01B,$0.03B,-29.36%,$0,$0,$0,$1,$1,$2,$-2,$0,$-2,$0,$-2,$-2,$-2,$-2,$-2,$33,33,$-0.05,$-0.05,$22,$0,$1,$22,$0,$7,$0,$0,$7,$30,$1,$0,$2,$2,$3,$0,$-166,$0,$27,$30,$-5,$0,$0,$0,$0,$0,$0,$0,$-0,$-3,$-0,$0,$0,$0,$0,$-17,$0,$-17,$0,$0,$0,$0,$9,$0,$0,$9,$-11,$0,$0
33,2010-06-30,3.33,$0.00,0.0,$0.03,116.04,$-0.44,0.0,$-0.24,0.0,$0.02B,$0.00B,20.22,$0.00B,$0.00B,0.0,$0.00B,$0.00B,100.00%,$0.00B,$-0.01B,-800.00%,$0.00B,$-0.01B,-800.00%,$0.00B,$-0.01B,-800.00%,$0.00B,$-0.01B,-800.00%,$0.00B,$-0.01B,-800.00%,$-0.01B,$0.03B,-35.16%,$-0.01B,$0.03B,-35.16%,$-0.01B,$0.03B,-31.07%,$-0.01B,$0.03B,-35.16%,$1,$0,$1,$1,$1,$2,$-1,$0,$-1,$0,$-1,$-1,$-1,$-1,$-1,$33,33,$-0.03,$-0.03,$21,$0,$0,$23,$0,$4,$0,$1,$5,$29,$1,$0,$1,$1,$3,$0,$0,$0,$26,$29,$0,$0,$0,$0,$0,$0,$0,$0,$0,$0,$0,$0,$0,$0,$0,$0,$0,$0,$0,$0,$0,$0,$0,$0,$0,$0,$0,$0,$0
34,2010-03-31,4.9,$0.00,0.0,$0.01,392.68,$-0.59,0.0,$-0.13,0.0,$0.02B,$0.00B,15.04,$0.00B,$0.00B,0.0,$0.00B,0,nan%,$0.00B,$-0.01B,inf%,$0.00B,$-0.01B,inf%,$0.00B,$-0.01B,inf%,$0.00B,$-0.01B,inf%,$0.00B,$-0.01B,inf%,$-0.01B,$0.03B,-26.32%,$-0.01B,$0.03B,-26.32%,$-0.01B,$0.03B,-22.73%,$-0.01B,$0.03B,-47.37%,$0,$0,$0,$2,$1,$3,$-3,$-0,$-3,$0,$-3,$-3,$-3,$-3,$-3,$33,33,$-0.08,$-0.08,$23,$0,$0,$24,$0,$7,$0,$0,$7,$32,$2,$0,$1,$1,$3,$0,$0,$0,$29,$32,$0,$0,$0,$0,$0,$0,$0,$0,$0,$0,$0,$0,$0,$0,$0,$0,$0,$0,$0,$0,$0,$0,$0,$0,$0,$0,$0,$0,$0
35,2009-12-31,4.85,$0.00,0.0,$0.01,0.0,$-0.59,0.0,$-0.13,0.0,$0.02B,$0.00B,16.54,$0.00B,$0.03B,0.0,$0.00B,0,nan%,$0.00B,$-0.01B,inf%,$0.00B,$-0.01B,inf%,$0.00B,$-0.01B,inf%,$0.00B,$-0.00B,inf%,$0.00B,$-0.00B,inf%,$-0.00B,$0.03B,-28.57%,$-0.00B,$0.03B,-28.57%,$-0.00B,$0.03B,-23.53%,$-0.01B,$0.03B,-57.14%,$0,$0,$0,$1,$1,$2,$-2,$-0,$-2,$0,$-2,$-2,$-2,$-2,$-2,$29,29,$-0.07,$-0.07,$16,$0,$0,$24,$0,$5,$0,$0,$5,$30,$1,$0,$1,$1,$3,$0,$-157,$0,$27,$30,$-4,$0,$-0,$0,$0,$0,$0,$0,$-1,$-7,$0,$0,$0,$0,$0,$6,$-0,$6,$0,$0,$0,$0,$12,$0,$0,$12,$10,$0,$0
36,2009-09-30,3.06,$0.00,0.0,$0.01,0.0,$-0.69,0.0,$-0.19,0.0,$0.01B,$0.00B,7.83,$0.00B,$0.00B,0.0,$0.00B,0,nan%,$0.00B,$-0.01B,inf%,$0.00B,$-0.01B,inf%,$0.00B,$-0.01B,inf%,$0.00B,$-0.01B,inf%,$0.00B,$-0.01B,inf%,$-0.01B,$0.01B,-61.54%,$-0.01B,$0.01B,-61.54%,$-0.01B,$0.01B,-46.15%,$-0.01B,$0.01B,-102.56%,$0,$0,$0,$1,$1,$2,$-2,$0,$-2,$0,$-2,$-2,$-2,$-2,$-2,$29,29,$-0.06,$-0.06,$10,$0,$0,$10,$0,$0,$0,$1,$1,$12,$1,$0,$1,$1,$3,$0,$0,$0,$9,$12,$-2,$0,$-0,$0,$0,$0,$0,$0,$-1,$-5,$0,$0,$0,$0,$0,$6,$0,$6,$0,$0,$0,$0,$0,$0,$0,$0,$1,$0,$0
37,2009-06-30,2.01,$0.00,0.0,$0.01,0.0,$-0.51,0.0,$-0.25,0.0,$0.01B,$0.00B,8.62,$0.00B,$0.01B,0.0,$0.00B,0,nan%,$0.00B,$-0.01B,inf%,$0.00B,$-0.01B,inf%,$0.00B,$-0.01B,inf%,$0.00B,$-0.01B,inf%,$0.00B,$-0.01B,inf%,$-0.01B,$0.01B,-60.87%,$-0.01B,$0.01B,-60.87%,$-0.01B,$0.01B,-46.67%,$-0.01B,$0.01B,-95.65%,$0,$0,$0,$1,$1,$2,$-2,$4,$2,$0,$2,$2,$2,$-1,$-2,$29,29,$0.08,$0.08,$11,$0,$1,$12,$0,$0,$0,$1,$1,$14,$1,$0,$1,$1,$3,$0,$4,$0,$11,$14,$0,$0,$0,$0,$0,$0,$0,$0,$-1,$-4,$0,$0,$0,$0,$0,$6,$0,$6,$0,$0,$0,$0,$0,$0,$0,$0,$2,$0,$0
38,2009-03-31,0.66,$0.00,0.0,$0.00,0.0,$-0.35,0.0,$-0.43,0.0,$0.01B,$0.00B,6.81,$0.00B,$0.00B,0.0,$0.00B,0,nan%,$0.00B,$-0.01B,inf%,$0.00B,$-0.01B,inf%,$0.00B,$-0.01B,inf%,$0.00B,$-0.01B,inf%,$0.00B,$-0.01B,inf%,$-0.01B,$0.01B,-92.31%,$-0.01B,$0.01B,-92.31%,$-0.01B,$0.01B,-70.59%,$-0.01B,$0.01B,-92.31%,$0,$0,$0,$1,$1,$2,$-2,$-0,$-2,$0,$-2,$-2,$-2,$-2,$-2,$29,29,$-0.08,$-0.08,$4,$0,$0,$10,$0,$0,$0,$1,$1,$12,$1,$0,$1,$1,$3,$0,$0,$0,$9,$12,$0,$0,$0,$0,$0,$0,$0,$0,$0,$0,$0,$0,$0,$0,$0,$0,$0,$0,$0,$0,$0,$0,$0,$0,$0,$0,$0,$0,$0
39,2008-12-31,0.43,$0.00,0.0,$0.01,36.08,$-0.35,0.0,$-0.44,0.0,$0.01B,$0.00B,4.05,$0.00B,$0.01B,0.0,$0.00B,0,nan%,$0.00B,$-0.01B,inf%,$0.00B,$-0.01B,inf%,$0.00B,$-0.01B,inf%,$0.00B,$-0.01B,inf%,$0.00B,$-0.01B,inf%,$-0.01B,$0.01B,-80.00%,$-0.01B,$0.01B,-80.00%,$-0.01B,$0.01B,-62.34%,$-0.01B,$0.01B,-86.67%,$0,$0,$0,$3,$1,$4,$-4,$-0,$-4,$0,$-4,$-4,$-4,$-4,$-4,$29,29,$-0.13,$-0.13,$11,$0,$0,$12,$0,$1,$0,$0,$1,$14,$3,$0,$1,$1,$4,$0,$-157,$0,$10,$14,$-13,$0,$0,$1,$0,$0,$0,$0,$0,$-10,$-0,$0,$0,$0,$0,$13,$-0,$13,$0,$0,$0,$0,$0,$0,$0,$0,$3,$0,$0
40,2008-09-30,1.66,$0.00,0.0,$0.01,112.86,$-0.30,0.0,$-0.42,0.0,$0.01B,$0.00B,4.3,$0.00B,$0.00B,0.0,$0.00B,0,nan%,$0.00B,$-0.01B,inf%,$0.00B,$-0.01B,inf%,$0.00B,$-0.01B,inf%,$0.00B,$-0.01B,inf%,$0.00B,$-0.01B,inf%,$-0.01B,$0.02B,-65.67%,$-0.01B,$0.02B,-65.67%,$-0.01B,$0.02B,-51.76%,$-0.01B,$0.02B,-71.64%,$0,$0,$0,$2,$1,$3,$-3,$0,$-3,$0,$-3,$-3,$-3,$-3,$-3,$28,28,$-0.12,$-0.12,$11,$0,$0,$11,$0,$6,$0,$2,$8,$20,$3,$0,$2,$2,$4,$0,$0,$0,$16,$20,$0,$0,$0,$0,$0,$0,$0,$0,$0,$0,$0,$0,$0,$0,$0,$0,$0,$0,$0,$0,$0,$0,$0,$0,$0,$0,$0,$0,$0
41,2008-06-30,2.15,$0.00,0.0,$0.02,121.78,$-0.30,0.0,$-0.39,0.0,$0.01B,$0.00B,4.81,$0.00B,$0.00B,0.0,$0.00B,0,nan%,$0.00B,$-0.01B,inf%,$0.00B,$-0.01B,inf%,$0.00B,$-0.01B,inf%,$0.00B,$-0.01B,inf%,$0.00B,$-0.01B,inf%,$-0.01B,$0.02B,-61.97%,$-0.01B,$0.02B,-61.97%,$-0.01B,$0.02B,-48.89%,$-0.01B,$0.02B,-67.61%,$0,$0,$0,$2,$1,$3,$-3,$0,$-3,$0,$-3,$-3,$-3,$-3,$-3,$28,28,$-0.10,$-0.10,$13,$0,$0,$14,$0,$5,$0,$2,$6,$22,$3,$0,$2,$2,$5,$0,$0,$0,$17,$22,$0,$0,$0,$0,$0,$0,$0,$0,$0,$0,$0,$0,$0,$0,$0,$0,$0,$0,$0,$0,$0,$0,$0,$0,$0,$0,$0,$0,$0
42,2008-03-31,2.09,$0.00,0.0,$0.02,128.46,$-0.30,0.0,$-0.40,0.0,$0.02B,$0.00B,6.66,$0.00B,$0.00B,0.0,$0.00B,0,nan%,$0.00B,$-0.01B,inf%,$0.00B,$-0.01B,inf%,$0.00B,$-0.01B,inf%,$0.00B,$-0.01B,inf%,$0.00B,$-0.01B,inf%,$-0.01B,$0.02B,-58.67%,$-0.01B,$0.02B,-58.67%,$-0.01B,$0.02B,-47.31%,$-0.01B,$0.02B,-64.00%,$0,$0,$0,$2,$1,$3,$-3,$0,$-2,$0,$-2,$-2,$-2,$-3,$-3,$28,28,$-0.09,$-0.09,$15,$0,$0,$16,$0,$0,$0,$4,$4,$21,$2,$0,$2,$2,$4,$0,$0,$0,$17,$21,$0,$0,$0,$0,$0,$0,$0,$0,$0,$0,$0,$0,$0,$0,$0,$0,$0,$0,$0,$0,$0,$0,$0,$0,$0,$0,$0,$0,$0
43,2007-12-31,1.6,$0.00,0.0,$0.01,0.0,$-0.30,0.0,$-0.42,0.0,$0.02B,$0.00B,5.62,$0.00B,$0.02B,0.0,$0.00B,0,nan%,$0.00B,$-0.01B,inf%,$0.00B,$-0.01B,inf%,$0.00B,$-0.01B,inf%,$0.00B,$-0.01B,inf%,$0.00B,$-0.01B,inf%,$-0.01B,$0.02B,-58.54%,$-0.01B,$0.02B,-58.54%,$-0.01B,$0.02B,-48.00%,$-0.01B,$0.02B,-58.54%,$0,$0,$0,$2,$1,$3,$-3,$0,$-3,$0,$-3,$-3,$-3,$-3,$-3,$28,28,$-0.11,$-0.11,$15,$0,$0,$16,$0,$4,$0,$0,$4,$22,$3,$0,$1,$1,$4,$0,$-145,$0,$17,$22,$-12,$1,$0,$1,$0,$0,$0,$0,$-0,$-8,$-0,$0,$0,$0,$0,$3,$0,$3,$0,$0,$0,$0,$0,$0,$0,$0,$-5,$0,$0
44,2007-09-30,2.49,$0.00,0.0,$0.00,0.0,$-0.36,0.0,$-0.45,0.0,$0.02B,$0.00B,5.46,$0.00B,$0.00B,0.0,$0.00B,0,nan%,$0.00B,$-0.01B,inf%,$0.00B,$-0.01B,inf%,$0.00B,$-0.01B,inf%,$0.00B,$-0.01B,inf%,$0.00B,$-0.01B,inf%,$-0.01B,$0.02B,-57.14%,$-0.01B,$0.02B,-57.14%,$-0.01B,$0.03B,-47.71%,$-0.01B,$0.02B,-57.14%,$0,$0,$0,$2,$1,$3,$-3,$0,$-3,$0,$-3,$-3,$-3,$-3,$-3,$28,28,$-0.09,$-0.09,$15,$0,$0,$16,$0,$1,$0,$6,$7,$25,$3,$0,$2,$2,$5,$0,$0,$0,$20,$25,$0,$0,$0,$0,$0,$0,$0,$0,$0,$0,$0,$0,$0,$0,$0,$0,$0,$0,$0,$0,$0,$0,$0,$0,$0,$0,$0,$0,$0
45,2007-06-30,2.91,$0.00,0.0,$0.00,0.0,$-0.36,0.0,$-0.45,0.0,$0.02B,$0.00B,10.0,$0.00B,$0.00B,0.0,$0.00B,0,nan%,$0.00B,$-0.01B,inf%,$0.00B,$-0.01B,inf%,$0.00B,$-0.01B,inf%,$0.00B,$-0.01B,inf%,$0.00B,$-0.01B,inf%,$-0.01B,$0.02B,-47.52%,$-0.01B,$0.02B,-47.52%,$-0.01B,$0.03B,-40.68%,$-0.01B,$0.02B,-51.49%,$0,$0,$0,$2,$1,$3,$-3,$0,$-3,$0,$-3,$-3,$-3,$-3,$-3,$28,28,$-0.11,$-0.11,$19,$0,$0,$20,$0,$0,$0,$3,$4,$25,$2,$0,$2,$2,$4,$0,$0,$0,$21,$25,$0,$0,$0,$0,$0,$0,$0,$0,$0,$0,$0,$0,$0,$0,$0,$0,$0,$0,$0,$0,$0,$0,$0,$0,$0,$0,$0,$0,$0
46,2007-03-31,2.66,$0.00,0.0,$0.00,0.0,$-0.36,0.0,$-0.47,0.0,$0.03B,$0.00B,11.45,$0.00B,$0.00B,0.0,$0.00B,0,nan%,$0.00B,$-0.01B,inf%,$0.00B,$-0.01B,inf%,$0.00B,$-0.01B,inf%,$0.00B,$-0.01B,inf%,$0.00B,$-0.01B,inf%,$-0.01B,$0.02B,-46.43%,$-0.01B,$0.02B,-46.43%,$-0.01B,$0.03B,-40.31%,$-0.01B,$0.02B,-50.00%,$0,$0,$0,$2,$1,$3,$-3,$0,$-3,$0,$-3,$-3,$-3,$-3,$-3,$28,28,$-0.11,$-0.11,$24,$0,$0,$25,$0,$0,$0,$1,$1,$28,$2,$0,$2,$2,$4,$0,$0,$0,$24,$28,$0,$0,$0,$0,$0,$0,$0,$0,$0,$0,$0,$0,$0,$0,$0,$0,$0,$0,$0,$0,$0,$0,$0,$0,$0,$0,$0,$0,$0
47,2006-12-31,2.59,$0.00,0.0,$0.01,0.0,$-0.36,0.0,$-0.47,0.0,$0.03B,$0.00B,8.9,$0.00B,$0.03B,0.0,$0.00B,0,nan%,$0.00B,$-0.01B,inf%,$0.00B,$-0.01B,inf%,$0.00B,$-0.01B,inf%,$0.00B,$-0.01B,inf%,$0.00B,$-0.01B,inf%,$-0.01B,$0.03B,-42.28%,$-0.01B,$0.03B,-42.28%,$-0.01B,$0.03B,-37.14%,$-0.01B,$0.03B,-45.53%,$0,$0,$0,$3,$1,$4,$-4,$1,$-4,$0,$-4,$-4,$-4,$-4,$-4,$28,28,$-0.14,$-0.14,$25,$0,$0,$26,$0,$2,$0,$0,$2,$31,$3,$0,$2,$2,$5,$0,$-133,$0,$26,$31,$-13,$1,$0,$1,$0,$0,$0,$0,$-0,$-10,$-0,$0,$0,$0,$0,$7,$0,$7,$0,$0,$0,$0,$1,$0,$0,$1,$-2,$0,$0
