,Date,Stock Price,Book Value per Share,Price to Book Ratio,TTM Sales per Share,Price to Sales Ratio,TTM FCF per Share,Price to FCF Ratio,TTM Net EPS,PE Ratio,Current Assets,Current Liabilities,Current Ratio,Long Term Debt,Shareholder's Equity_x,Debt to Equity Ratio,TTM Revenue_x,TTM Gross Profit,Gross Margin,TTM Revenue_y,TTM Operating Income,Operating Margin,TTM Revenue_x,TTM EBIT,EBIT Margin,TTM Revenue_y,TTM EBITDA,EBITDA Margin,TTM Revenue_x,TTM Pre-Tax Income,Pre-Tax Margin,TTM Revenue_y,TTM Net Income_x,Net Margin,TTM Net Income_y,Shareholder's Equity_y,Return on Equity,TTM Net Income_x,Tangible Equity,Return on Tangible Equity,TTM Net Income_y,Total Assets,Return on Assets,TTM Net Income,LT Investments & Debt,Return on Investment,revenue,cost-goods-sold,gross-profit,research-development-expenses,selling-general-administrative-expenses,operating-expenses,operating-income,total-non-operating-income-expense,pre-tax-income,total-provision-income-taxes,income-after-taxes,income-from-continuous-operations,net-income,ebitda,ebit,basic-shares-outstanding,shares-outstanding,eps-basic-net-earnings-per-share,eps-earnings-per-share-diluted,cash-on-hand,inventory,other-current-assets,total-current-assets,net-property-plant-equipment,long-term-investments,goodwill-intangible-assets-total,other-long-term-assets,total-long-term-assets,total-assets,total-current-liabilities,long-term-debt,other-non-current-liabilities,total-long-term-liabilities,total-liabilities,common-stock-net,retained-earnings-accumulated-deficit,comprehensive-income,total-share-holder-equity,total-liabilities-share-holders-equity,net-income-loss,total-depreciation-amortization-cash-flow,other-non-cash-items,total-non-cash-items,change-in-accounts-receivable,change-in-inventories,change-in-accounts-payable,change-in-assets-liabilities,total-change-in-assets-liabilities,cash-flow-from-operating-activities,net-change-in-property-plant-equipment,net-change-in-intangible-assets,net-acquisitions-divestitures,net-change-in-short-term-investments,net-change-in-long-term-investments,net-change-in-investments-total,investing-activities-other,cash-flow-from-investing-activities,net-long-term-debt,net-current-debt,debt-issuance-retirement-net-total,net-common-equity-issued-repurchased,net-total-equity-issued-repurchased,total-common-preferred-stock-dividends-paid,financial-activities-other,cash-flow-from-financial-activities,net-cash-flow,stock-based-compensation,common-stock-dividends-paid
0,2018-09-30,55.82,$6.68,8.36,$4.36,12.79,$2.31,24.17,$0.82,68.07,$0.80B,$0.11B,7.18,$0.00B,$1.15B,0.0,$0.78B,$0.60B,76.86%,$0.78B,$0.23B,29.18%,$0.78B,$0.23B,29.18%,$0.78B,$0.25B,31.88%,$0.78B,$0.24B,30.72%,$0.78B,$0.15B,18.77%,$0.15B,$1.15B,13.27%,$0.15B,$1.03B,14.98%,$0.15B,$1.33B,11.32%,$0.23B,$1.15B,20.63%,$232,$59,$173,$30,$66,$154,$78,$3,$81,$1,$80,$80,$80,$83,$78,$172,177,$0.47,$0.45,$527,$94,$14,$798,$89,$282,$124,$4,$526,$1325,$111,$0,$64,$64,$175,$0,$671,$-40,$1149,$1325,$174,$16,$29,$45,$-18,$-28,$-1,$-5,$-67,$152,$-27,$0,$0,$0,$19,$19,$0,$-8,$0,$0,$0,$-116,$-116,$-23,$-1,$-141,$1,$31,$-23
1,2018-06-30,44.57,$6.27,7.11,$4.54,9.82,$2.28,19.57,$0.94,47.42,$0.76B,$0.13B,6.1,$0.00B,$1.08B,0.0,$0.81B,$0.62B,76.72%,$0.81B,$0.26B,32.02%,$0.81B,$0.26B,32.02%,$0.81B,$0.28B,34.48%,$0.81B,$0.27B,33.37%,$0.81B,$0.17B,20.69%,$0.17B,$1.08B,15.32%,$0.17B,$0.95B,17.32%,$0.17B,$1.28B,13.20%,$0.26B,$1.08B,23.71%,$211,$54,$157,$27,$67,$148,$63,$3,$67,$10,$56,$56,$56,$69,$63,$172,177,$0.33,$0.32,$483,$90,$4,$760,$88,$272,$125,$2,$517,$1276,$125,$0,$72,$73,$197,$0,$619,$-39,$1079,$1276,$93,$11,$19,$30,$-19,$-23,$-11,$13,$-51,$73,$-22,$0,$0,$0,$95,$95,$0,$73,$0,$0,$0,$-106,$-106,$-16,$-1,$-123,$23,$22,$-16
2,2018-03-31,51.9,$6.23,8.33,$4.34,11.96,$2.43,21.38,$0.94,55.5,$0.67B,$0.11B,5.93,$0.00B,$1.08B,0.0,$0.78B,$0.60B,77.28%,$0.78B,$0.26B,32.99%,$0.78B,$0.26B,32.99%,$0.78B,$0.28B,35.30%,$0.78B,$0.27B,34.15%,$0.78B,$0.17B,21.57%,$0.17B,$1.08B,15.42%,$0.17B,$0.95B,17.46%,$0.17B,$1.27B,13.50%,$0.26B,$1.08B,23.58%,$170,$40,$129,$31,$64,$135,$35,$3,$38,$1,$37,$37,$37,$40,$35,$173,180,$0.21,$0.21,$447,$96,$4,$671,$85,$356,$126,$2,$598,$1269,$113,$0,$78,$79,$192,$0,$623,$-32,$1077,$1269,$37,$5,$11,$16,$25,$-27,$5,$8,$1,$55,$-13,$0,$0,$0,$26,$26,$0,$13,$0,$0,$0,$-58,$-58,$-8,$0,$-66,$3,$13,$-8
3,2017-12-31,61.0,$6.31,9.66,$4.17,14.61,$2.43,25.11,$0.98,62.24,$0.63B,$0.11B,5.59,$0.00B,$1.10B,0.0,$0.75B,$0.58B,77.54%,$0.75B,$0.26B,34.63%,$0.75B,$0.26B,34.63%,$0.75B,$0.28B,36.90%,$0.75B,$0.27B,35.70%,$0.75B,$0.18B,23.53%,$0.18B,$1.10B,16.40%,$0.18B,$0.97B,18.50%,$0.18B,$1.29B,14.65%,$0.26B,$1.10B,24.13%,$165,$26,$139,$27,$61,$114,$51,$2,$53,$80,$-27,$-27,$-27,$56,$51,$173,180,$-0.16,$-0.15,$405,$68,$7,$630,$78,$423,$126,$2,$658,$1288,$113,$0,$79,$79,$192,$0,$669,$-35,$1096,$1288,$177,$17,$28,$45,$-55,$-37,$12,$-4,$2,$224,$-29,$0,$-24,$0,$-52,$-52,$0,$-106,$0,$0,$0,$-69,$-69,$-29,$-2,$-100,$27,$32,$-29
4,2017-09-30,54.98,$6.55,8.4,$4.00,13.75,$2.31,23.78,$1.36,40.57,$0.65B,$0.11B,5.89,$0.00B,$1.13B,0.0,$0.71B,$0.54B,76.40%,$0.71B,$0.25B,34.83%,$0.71B,$0.25B,34.83%,$0.71B,$0.26B,37.08%,$0.71B,$0.26B,36.10%,$0.71B,$0.24B,33.85%,$0.24B,$1.13B,23.17%,$0.24B,$1.01B,26.09%,$0.24B,$1.26B,21.16%,$0.25B,$1.13B,23.85%,$266,$68,$198,$26,$61,$155,$111,$2,$113,$10,$102,$102,$102,$115,$111,$173,179,$0.59,$0.57,$385,$48,$52,$645,$66,$387,$128,$3,$613,$1259,$110,$0,$15,$15,$125,$0,$727,$-37,$1134,$1259,$204,$13,$23,$36,$-58,$-19,$19,$-55,$-100,$140,$-20,$0,$-24,$0,$13,$13,$-0,$-32,$0,$0,$0,$-55,$-55,$-21,$-2,$-78,$32,$23,$-21
5,2017-06-30,42.29,$6.08,6.96,$3.36,12.58,$2.19,19.28,$1.09,38.8,$0.58B,$0.09B,6.58,$0.00B,$1.05B,0.0,$0.59B,$0.46B,77.61%,$0.59B,$0.19B,32.32%,$0.59B,$0.19B,32.32%,$0.59B,$0.21B,34.85%,$0.59B,$0.20B,33.67%,$0.59B,$0.19B,32.49%,$0.19B,$1.05B,19.45%,$0.19B,$0.92B,21.78%,$0.19B,$1.16B,17.89%,$0.19B,$1.05B,19.35%,$178,$42,$136,$23,$53,$118,$60,$2,$62,$5,$56,$56,$56,$64,$60,$173,179,$0.33,$0.32,$411,$36,$6,$582,$61,$355,$130,$3,$579,$1161,$88,$0,$15,$21,$109,$0,$669,$-43,$1052,$1161,$102,$8,$14,$22,$-19,$-8,$12,$-18,$-34,$91,$-12,$0,$-26,$0,$-25,$-25,$0,$-63,$0,$0,$0,$-27,$-27,$-14,$0,$-41,$-11,$15,$-14
6,2017-03-31,41.78,$5.84,7.16,$3.22,12.98,$2.01,20.79,$1.02,40.96,$0.59B,$0.08B,7.87,$0.00B,$1.01B,0.0,$0.56B,$0.44B,77.62%,$0.56B,$0.18B,32.33%,$0.56B,$0.18B,32.33%,$0.56B,$0.20B,34.81%,$0.56B,$0.19B,33.75%,$0.56B,$0.18B,31.97%,$0.18B,$1.01B,18.92%,$0.18B,$0.91B,21.03%,$0.18B,$1.10B,17.48%,$0.18B,$1.01B,19.13%,$139,$33,$107,$23,$47,$102,$37,$2,$39,$-6,$45,$45,$45,$41,$37,$173,178,$0.26,$0.25,$468,$33,$1,$594,$57,$313,$103,$2,$502,$1096,$76,$0,$10,$10,$85,$0,$653,$-54,$1011,$1096,$45,$4,$7,$11,$-2,$-5,$7,$-6,$-9,$48,$-6,$0,$-0,$0,$-22,$-22,$-0,$-29,$0,$0,$0,$-1,$-1,$-6,$0,$-7,$13,$7,$-6
7,2016-12-31,31.63,$5.60,5.65,$2.99,10.57,$1.92,16.46,$0.85,37.21,$0.53B,$0.07B,8.0,$0.00B,$0.96B,0.0,$0.52B,$0.41B,77.88%,$0.52B,$0.16B,30.96%,$0.52B,$0.16B,30.96%,$0.52B,$0.18B,33.65%,$0.52B,$0.17B,32.50%,$0.52B,$0.15B,28.85%,$0.15B,$0.96B,16.46%,$0.15B,$0.86B,18.29%,$0.15B,$1.04B,15.24%,$0.16B,$0.96B,17.67%,$129,$27,$103,$19,$43,$89,$40,$3,$43,$5,$38,$38,$38,$44,$40,$171,174,$0.23,$0.23,$421,$27,$2,$526,$54,$324,$104,$2,$512,$1039,$66,$0,$10,$10,$76,$0,$644,$-56,$963,$1039,$150,$15,$13,$29,$-13,$10,$2,$-5,$4,$182,$-13,$0,$-14,$0,$-95,$-95,$0,$-122,$0,$0,$0,$-4,$-4,$-25,$-0,$-29,$28,$21,$-25
8,2016-09-30,26.25,$5.51,4.76,$2.81,9.35,$1.58,16.66,$0.75,35.23,$0.53B,$0.07B,7.69,$0.00B,$0.94B,0.0,$0.49B,$0.38B,76.89%,$0.49B,$0.14B,28.63%,$0.49B,$0.14B,28.63%,$0.49B,$0.15B,31.49%,$0.49B,$0.15B,30.27%,$0.49B,$0.13B,26.79%,$0.13B,$0.94B,14.94%,$0.13B,$0.86B,16.59%,$0.13B,$1.02B,13.84%,$0.14B,$0.94B,15.96%,$148,$33,$115,$19,$42,$93,$55,$2,$56,$3,$54,$54,$54,$58,$55,$171,175,$0.32,$0.31,$390,$27,$10,$531,$56,$316,$88,$3,$489,$1020,$69,$0,$7,$7,$76,$0,$640,$-46,$944,$1020,$111,$11,$14,$25,$-38,$11,$2,$-12,$-30,$107,$-10,$0,$-2,$0,$-70,$-70,$-0,$-83,$0,$0,$0,$4,$4,$-19,$-0,$-15,$9,$16,$-19
9,2016-06-30,21.37,$5.21,4.1,$2.57,8.31,$1.43,14.95,$1.04,20.65,$0.49B,$0.07B,7.02,$0.00B,$0.89B,0.0,$0.45B,$0.34B,76.17%,$0.45B,$0.11B,25.17%,$0.45B,$0.11B,25.17%,$0.45B,$0.13B,28.51%,$0.45B,$0.12B,26.95%,$0.45B,$0.18B,40.31%,$0.18B,$0.89B,21.44%,$0.18B,$0.80B,23.92%,$0.18B,$0.96B,19.82%,$0.11B,$0.89B,13.38%,$147,$35,$112,$20,$43,$98,$50,$2,$52,$9,$43,$43,$43,$53,$50,$170,174,$0.25,$0.25,$350,$26,$26,$486,$53,$308,$86,$3,$479,$964,$69,$0,$8,$9,$78,$0,$603,$-48,$887,$964,$58,$8,$9,$16,$-18,$12,$6,$-29,$-25,$49,$-5,$0,$-0,$0,$-29,$-29,$0,$-34,$0,$0,$0,$-0,$-0,$-12,$-0,$-13,$3,$11,$-12
10,2016-03-31,19.28,$5.00,3.85,$2.53,7.62,$1.22,15.75,$1.04,18.63,$0.49B,$0.05B,9.08,$0.00B,$0.85B,0.0,$0.45B,$0.34B,76.91%,$0.45B,$0.12B,25.78%,$0.45B,$0.12B,25.78%,$0.45B,$0.13B,29.37%,$0.45B,$0.12B,27.35%,$0.45B,$0.18B,40.81%,$0.18B,$0.85B,22.17%,$0.18B,$0.76B,24.81%,$0.18B,$0.91B,20.41%,$0.12B,$0.85B,14.01%,$96,$21,$75,$21,$38,$80,$16,$1,$18,$3,$15,$15,$15,$20,$16,$170,173,$0.09,$0.09,$400,$36,$0,$493,$53,$250,$87,$3,$421,$914,$54,$0,$8,$9,$63,$0,$576,$-46,$851,$914,$15,$4,$4,$8,$-1,$3,$2,$3,$4,$28,$-2,$0,$0,$0,$4,$4,$0,$1,$0,$0,$0,$3,$3,$-6,$0,$-3,$28,$7,$-6
11,2015-12-31,16.68,$4.87,3.43,$2.55,6.55,$1.07,15.55,$1.07,15.67,$0.44B,$0.05B,8.28,$0.00B,$0.83B,0.0,$0.45B,$0.35B,76.94%,$0.45B,$0.12B,26.83%,$0.45B,$0.12B,26.83%,$0.45B,$0.14B,30.38%,$0.45B,$0.13B,28.16%,$0.45B,$0.19B,41.69%,$0.19B,$0.83B,23.51%,$0.19B,$0.74B,26.42%,$0.19B,$0.89B,21.54%,$0.12B,$0.83B,15.13%,$98,$23,$74,$18,$38,$79,$19,$3,$22,$3,$19,$19,$19,$23,$19,$173,176,$0.11,$0.11,$348,$37,$0,$444,$53,$273,$88,$3,$443,$888,$54,$0,$8,$8,$62,$0,$567,$-52,$826,$888,$187,$15,$-60,$-45,$-4,$-9,$-9,$1,$-14,$128,$-18,$-10,$103,$0,$-85,$-85,$0,$-11,$0,$0,$0,$-99,$-99,$-18,$0,$-117,$-4,$20,$-18
12,2015-09-30,16.95,$4.79,3.54,$2.49,6.81,$1.25,13.57,$1.11,15.34,$0.49B,$0.07B,7.17,$0.00B,$0.81B,0.0,$0.44B,$0.35B,78.05%,$0.44B,$0.13B,28.51%,$0.44B,$0.13B,28.51%,$0.44B,$0.14B,32.13%,$0.44B,$0.13B,29.41%,$0.44B,$0.20B,44.34%,$0.20B,$0.81B,25.22%,$0.20B,$0.72B,28.44%,$0.20B,$0.89B,22.89%,$0.13B,$0.81B,16.21%,$108,$26,$81,$17,$36,$79,$28,$1,$29,$3,$26,$26,$104,$32,$28,$173,176,$0.61,$0.60,$352,$40,$0,$486,$51,$241,$89,$3,$401,$887,$68,$0,$7,$7,$75,$0,$554,$-48,$813,$887,$168,$11,$-65,$-54,$-31,$-11,$-7,$5,$-31,$84,$-13,$-10,$-1,$0,$-26,$-26,$104,$54,$0,$0,$0,$-99,$-99,$-12,$0,$-111,$24,$16,$-12
13,2015-06-30,23.67,$4.55,5.2,$2.74,8.63,$1.15,20.63,$0.80,29.77,$0.49B,$0.08B,6.09,$0.00B,$0.79B,0.0,$0.49B,$0.38B,78.07%,$0.49B,$0.15B,31.35%,$0.49B,$0.15B,31.35%,$0.49B,$0.17B,34.63%,$0.49B,$0.16B,32.38%,$0.49B,$0.14B,29.10%,$0.14B,$0.79B,18.75%,$0.14B,$0.71B,21.25%,$0.14B,$0.88B,16.94%,$0.15B,$0.79B,20.20%,$144,$31,$113,$18,$43,$92,$52,$1,$53,$9,$44,$44,$44,$56,$52,$174,178,$0.25,$0.25,$285,$39,$91,$490,$50,$234,$85,$3,$388,$878,$80,$0,$5,$5,$85,$0,$546,$-47,$793,$878,$64,$7,$9,$17,$-5,$-11,$-2,$-50,$-63,$18,$-10,$-10,$0,$0,$30,$30,$0,$10,$0,$0,$0,$-14,$-14,$-6,$0,$-21,$6,$12,$-6
14,2015-03-31,24.37,$4.40,5.54,$2.45,9.93,$1.25,19.53,$0.70,35.06,$0.31B,$0.07B,4.63,$0.00B,$0.77B,0.0,$0.44B,$0.34B,78.44%,$0.44B,$0.13B,29.13%,$0.44B,$0.13B,29.13%,$0.44B,$0.14B,32.57%,$0.44B,$0.13B,30.28%,$0.44B,$0.12B,28.44%,$0.12B,$0.77B,16.99%,$0.12B,$0.68B,19.43%,$0.12B,$0.84B,15.33%,$0.13B,$0.77B,17.40%,$101,$22,$79,$17,$40,$79,$22,$1,$23,$4,$19,$19,$21,$26,$22,$174,177,$0.12,$0.12,$178,$48,$0,$310,$49,$370,$91,$2,$528,$838,$67,$0,$4,$4,$71,$0,$544,$-50,$767,$838,$21,$4,$6,$9,$-8,$-15,$-5,$5,$-26,$3,$-4,$0,$0,$0,$-27,$-27,$0,$-31,$0,$0,$0,$10,$10,$0,$0,$10,$-20,$7,$0
15,2014-12-31,20.31,$4.25,4.77,$2.39,8.49,$1.34,15.21,$0.69,29.65,$0.27B,$0.08B,3.37,$0.00B,$0.74B,0.0,$0.43B,$0.33B,78.17%,$0.43B,$0.13B,29.81%,$0.43B,$0.13B,29.81%,$0.43B,$0.14B,33.33%,$0.43B,$0.13B,30.99%,$0.43B,$0.12B,28.64%,$0.12B,$0.74B,17.34%,$0.12B,$0.65B,19.98%,$0.12B,$0.82B,15.66%,$0.13B,$0.74B,18.05%,$89,$17,$72,$13,$34,$65,$24,$1,$25,$3,$22,$22,$27,$28,$24,$174,178,$0.16,$0.15,$146,$29,$30,$272,$46,$401,$87,$2,$550,$822,$81,$0,$5,$5,$85,$0,$524,$-39,$736,$822,$121,$14,$12,$26,$-1,$-12,$11,$2,$16,$164,$-21,$0,$0,$0,$-83,$-83,$0,$-104,$0,$0,$0,$-43,$-43,$0,$0,$-43,$15,$15,$0
16,2014-09-30,19.79,$4.22,4.69,$2.43,8.15,$1.01,19.52,$0.65,30.45,$0.26B,$0.08B,3.28,$0.00B,$0.73B,0.0,$0.43B,$0.34B,77.37%,$0.43B,$0.13B,29.56%,$0.43B,$0.13B,29.56%,$0.43B,$0.14B,32.79%,$0.43B,$0.13B,30.48%,$0.43B,$0.12B,26.56%,$0.12B,$0.73B,16.90%,$0.12B,$0.64B,19.64%,$0.12B,$0.82B,15.31%,$0.13B,$0.73B,18.81%,$154,$38,$117,$18,$44,$99,$55,$2,$57,$9,$48,$48,$50,$59,$55,$174,178,$0.29,$0.29,$88,$31,$13,$258,$39,$409,$93,$2,$559,$816,$79,$0,$4,$4,$82,$0,$522,$-34,$734,$816,$95,$11,$-11,$-0,$-52,$-7,$4,$9,$-31,$63,$-9,$0,$0,$0,$-45,$-45,$0,$-54,$0,$0,$0,$-19,$-19,$0,$7,$-12,$-2,$11,$0
17,2014-06-30,18.87,$3.93,4.8,$2.07,9.11,$1.01,18.71,$0.48,39.31,$0.27B,$0.07B,3.62,$0.00B,$0.68B,0.0,$0.37B,$0.29B,77.57%,$0.37B,$0.10B,25.95%,$0.37B,$0.10B,25.95%,$0.37B,$0.11B,29.73%,$0.37B,$0.10B,26.76%,$0.37B,$0.09B,23.24%,$0.09B,$0.68B,13.10%,$0.09B,$0.59B,15.32%,$0.09B,$0.76B,11.94%,$0.10B,$0.68B,14.62%,$92,$18,$74,$13,$36,$66,$26,$1,$27,$4,$23,$23,$26,$29,$26,$174,178,$0.15,$0.15,$124,$31,$0,$268,$38,$344,$95,$2,$492,$760,$74,$0,$4,$4,$78,$0,$480,$-29,$683,$760,$44,$7,$7,$14,$-17,$-5,$0,$-6,$-27,$32,$-5,$0,$0,$0,$-12,$-12,$0,$-18,$0,$0,$0,$-18,$-18,$0,$3,$-14,$-0,$8,$0
18,2014-03-31,16.64,$3.81,4.37,$2.04,8.15,$1.06,15.76,$0.43,38.7,$0.19B,$0.05B,3.62,$0.00B,$0.66B,0.0,$0.37B,$0.28B,76.16%,$0.37B,$0.09B,24.66%,$0.37B,$0.09B,24.66%,$0.37B,$0.11B,28.77%,$0.37B,$0.09B,25.48%,$0.37B,$0.08B,21.10%,$0.08B,$0.66B,12.04%,$0.08B,$0.57B,14.14%,$0.08B,$0.72B,11.04%,$0.09B,$0.66B,14.07%,$91,$21,$70,$13,$35,$68,$22,$0,$23,$4,$19,$19,$19,$26,$22,$174,179,$0.11,$0.11,$84,$28,$0,$190,$38,$380,$95,$2,$528,$718,$53,$0,$4,$4,$56,$0,$466,$-29,$661,$718,$19,$4,$1,$5,$0,$0,$0,$-6,$-6,$17,$-3,$0,$0,$0,$-7,$-7,$0,$-10,$0,$0,$0,$-8,$-8,$0,$2,$-6,$2,$4,$0
19,2013-12-31,18.76,$3.71,5.06,$1.99,9.43,$1.07,17.56,$0.42,45.21,$0.33B,$0.06B,5.44,$0.00B,$0.64B,0.0,$0.36B,$0.27B,75.77%,$0.36B,$0.09B,24.23%,$0.36B,$0.09B,24.23%,$0.36B,$0.10B,28.45%,$0.36B,$0.09B,25.07%,$0.36B,$0.07B,20.85%,$0.07B,$0.64B,11.86%,$0.07B,$0.55B,13.99%,$0.07B,$0.71B,10.86%,$0.09B,$0.64B,13.78%,$96,$22,$74,$13,$36,$71,$25,$0,$25,$4,$20,$20,$20,$28,$25,$174,179,$0.12,$0.12,$225,$26,$0,$332,$37,$230,$96,$2,$378,$710,$61,$0,$5,$5,$66,$0,$462,$-30,$644,$710,$74,$14,$3,$16,$-11,$1,$3,$0,$6,$95,$-10,$-4,$0,$0,$-75,$-75,$0,$-88,$0,$0,$0,$-20,$-20,$0,$8,$-12,$-5,$11,$0
20,2013-09-30,15.38,$3.65,4.21,$1.92,7.99,$1.11,13.84,$0.40,38.93,$0.32B,$0.05B,6.3,$0.00B,$0.64B,0.0,$0.34B,$0.26B,75.37%,$0.34B,$0.08B,24.05%,$0.34B,$0.08B,24.05%,$0.34B,$0.10B,28.45%,$0.34B,$0.09B,24.93%,$0.34B,$0.07B,20.53%,$0.07B,$0.64B,11.55%,$0.07B,$0.54B,13.70%,$0.07B,$0.69B,10.59%,$0.08B,$0.64B,13.53%,$91,$21,$69,$12,$34,$67,$23,$0,$24,$3,$21,$21,$21,$27,$23,$175,179,$0.12,$0.12,$217,$28,$0,$319,$36,$227,$94,$2,$374,$693,$51,$0,$4,$4,$55,$0,$462,$-30,$638,$693,$53,$10,$2,$12,$-7,$-1,$0,$-6,$-6,$59,$-6,$0,$0,$0,$-73,$-73,$0,$-79,$0,$0,$0,$-2,$-2,$0,$7,$5,$-15,$8,$0
21,2013-06-30,11.11,$3.53,3.14,$1.88,5.92,$1.20,9.27,$0.38,29.05,$0.28B,$0.05B,5.64,$0.00B,$0.62B,0.0,$0.33B,$0.25B,75.45%,$0.33B,$0.08B,24.55%,$0.33B,$0.08B,24.55%,$0.33B,$0.10B,29.09%,$0.33B,$0.08B,25.15%,$0.33B,$0.07B,20.30%,$0.07B,$0.62B,11.21%,$0.07B,$0.52B,13.35%,$0.07B,$0.67B,10.26%,$0.08B,$0.62B,13.55%,$87,$21,$65,$12,$33,$66,$20,$1,$21,$4,$17,$17,$17,$24,$20,$174,177,$0.10,$0.10,$183,$27,$0,$277,$35,$243,$95,$2,$393,$670,$49,$0,$6,$6,$55,$0,$457,$-33,$615,$670,$32,$7,$2,$9,$-4,$-1,$0,$2,$-2,$39,$-4,$0,$0,$0,$-38,$-38,$0,$-43,$0,$0,$0,$4,$4,$0,$3,$7,$3,$6,$0
22,2013-03-31,10.36,$3.45,3.0,$1.87,5.53,$1.20,8.61,$0.40,25.89,$0.26B,$0.05B,5.46,$0.00B,$0.60B,0.0,$0.33B,$0.25B,75.84%,$0.33B,$0.08B,25.69%,$0.33B,$0.08B,25.69%,$0.33B,$0.10B,30.58%,$0.33B,$0.09B,26.61%,$0.33B,$0.07B,21.41%,$0.07B,$0.60B,11.82%,$0.07B,$0.50B,14.13%,$0.07B,$0.65B,10.81%,$0.08B,$0.60B,14.19%,$81,$19,$61,$11,$32,$63,$18,$1,$19,$3,$16,$16,$16,$22,$18,$173,177,$0.09,$0.09,$168,$26,$0,$257,$35,$245,$95,$3,$395,$653,$47,$0,$6,$6,$53,$0,$452,$-32,$599,$653,$16,$4,$1,$4,$0,$0,$0,$-1,$-1,$19,$-2,$0,$0,$0,$-28,$-28,$0,$-30,$0,$0,$0,$9,$9,$0,$1,$11,$-2,$3,$0
23,2012-12-31,9.04,$3.32,2.72,$1.86,4.86,$1.17,7.74,$0.39,23.03,$0.24B,$0.05B,4.78,$0.00B,$0.57B,0.0,$0.32B,$0.25B,75.93%,$0.32B,$0.08B,25.93%,$0.32B,$0.08B,25.93%,$0.32B,$0.10B,30.86%,$0.32B,$0.09B,26.54%,$0.32B,$0.07B,20.99%,$0.07B,$0.57B,11.54%,$0.07B,$0.48B,13.84%,$0.07B,$0.63B,10.56%,$0.08B,$0.57B,14.25%,$82,$20,$62,$11,$30,$62,$21,$1,$21,$5,$16,$16,$16,$24,$21,$171,175,$0.09,$0.10,$150,$26,$0,$240,$35,$238,$96,$3,$388,$628,$50,$0,$5,$5,$55,$0,$436,$-30,$572,$628,$68,$17,$4,$20,$5,$2,$-0,$5,$13,$101,$-10,$0,$0,$0,$-29,$-29,$0,$-39,$0,$0,$0,$17,$17,$-66,$4,$-45,$7,$9,$-66
24,2012-09-30,8.22,$3.52,2.33,$1.88,4.37,$1.10,7.45,$0.41,20.18,$0.25B,$0.05B,4.83,$0.00B,$0.61B,0.0,$0.33B,$0.25B,75.77%,$0.33B,$0.09B,26.07%,$0.33B,$0.09B,26.07%,$0.33B,$0.10B,31.29%,$0.33B,$0.09B,26.69%,$0.33B,$0.07B,21.78%,$0.07B,$0.61B,12.14%,$0.07B,$0.51B,14.62%,$0.07B,$0.66B,11.10%,$0.09B,$0.61B,14.54%,$80,$20,$61,$10,$29,$58,$22,$0,$22,$4,$18,$18,$18,$26,$22,$172,175,$0.11,$0.10,$156,$25,$0,$250,$34,$260,$97,$3,$412,$662,$52,$0,$5,$5,$57,$0,$473,$-29,$605,$662,$52,$13,$1,$13,$0,$0,$0,$10,$10,$75,$-8,$0,$0,$0,$-46,$-46,$0,$-54,$0,$0,$0,$16,$16,$-14,$3,$5,$16,$7,$-14
25,2012-06-30,7.5,$3.45,2.17,$1.89,3.98,$1.05,7.16,$0.41,18.3,$0.37B,$0.05B,7.39,$0.00B,$0.59B,0.0,$0.33B,$0.25B,75.77%,$0.33B,$0.09B,26.07%,$0.33B,$0.09B,26.07%,$0.33B,$0.10B,31.60%,$0.33B,$0.09B,26.99%,$0.33B,$0.07B,21.78%,$0.07B,$0.59B,12.48%,$0.07B,$0.49B,15.16%,$0.07B,$0.65B,11.38%,$0.09B,$0.59B,14.95%,$84,$21,$64,$10,$30,$61,$23,$2,$25,$5,$20,$20,$20,$28,$23,$171,174,$0.12,$0.11,$266,$25,$0,$370,$34,$125,$99,$3,$277,$647,$50,$0,$5,$5,$55,$0,$460,$-26,$592,$647,$34,$9,$0,$9,$0,$0,$0,$-3,$-3,$40,$-5,$0,$0,$0,$134,$134,$0,$129,$0,$0,$0,$14,$14,$-9,$3,$8,$168,$5,$-9
26,2012-03-31,10.01,$3.44,2.91,$1.89,5.3,$1.11,9.03,$0.41,24.41,$0.30B,$0.04B,6.84,$0.00B,$0.59B,0.0,$0.33B,$0.25B,76.00%,$0.33B,$0.09B,26.46%,$0.33B,$0.09B,26.46%,$0.33B,$0.10B,31.69%,$0.33B,$0.09B,27.08%,$0.33B,$0.07B,21.54%,$0.07B,$0.59B,12.60%,$0.07B,$0.49B,15.41%,$0.07B,$0.64B,11.42%,$0.09B,$0.59B,15.47%,$78,$19,$59,$10,$31,$60,$18,$0,$18,$4,$14,$14,$14,$22,$18,$170,174,$0.09,$0.08,$201,$28,$0,$303,$33,$184,$100,$3,$335,$638,$44,$0,$5,$5,$49,$0,$445,$-11,$589,$638,$14,$4,$0,$5,$0,$0,$0,$-6,$-6,$13,$-2,$0,$0,$0,$-20,$-20,$0,$-22,$0,$0,$0,$13,$13,$-4,$3,$12,$3,$3,$-4
27,2011-12-31,8.44,$3.27,2.58,$1.88,4.48,$1.16,7.26,$0.41,20.71,$0.29B,$0.05B,5.27,$0.00B,$0.55B,0.0,$0.32B,$0.24B,76.01%,$0.32B,$0.09B,26.48%,$0.32B,$0.09B,26.48%,$0.32B,$0.10B,31.78%,$0.32B,$0.09B,27.41%,$0.32B,$0.07B,21.81%,$0.07B,$0.55B,13.09%,$0.07B,$0.45B,16.19%,$0.07B,$0.61B,11.77%,$0.09B,$0.55B,15.90%,$84,$21,$63,$10,$31,$62,$22,$0,$22,$3,$19,$19,$19,$26,$22,$167,171,$0.11,$0.11,$183,$28,$0,$285,$32,$175,$101,$3,$327,$612,$54,$0,$5,$5,$59,$0,$435,$-17,$553,$612,$70,$16,$4,$20,$-2,$-6,$0,$4,$-4,$86,$-8,$0,$0,$0,$-82,$-82,$0,$-90,$0,$0,$0,$21,$21,$-15,$4,$10,$5,$8,$-15
28,2011-09-30,6.37,$3.22,1.98,$1.92,3.32,$1.14,5.58,$0.42,15.35,$0.27B,$0.05B,5.19,$0.00B,$0.54B,0.0,$0.32B,$0.24B,75.16%,$0.32B,$0.09B,26.71%,$0.32B,$0.09B,26.71%,$0.32B,$0.10B,31.99%,$0.32B,$0.09B,27.64%,$0.32B,$0.07B,22.05%,$0.07B,$0.54B,13.79%,$0.07B,$0.44B,17.26%,$0.07B,$0.60B,12.35%,$0.09B,$0.54B,16.71%,$80,$19,$61,$11,$28,$58,$22,$1,$23,$5,$18,$18,$18,$27,$22,$169,172,$0.11,$0.11,$173,$29,$0,$274,$31,$174,$102,$2,$324,$599,$53,$0,$4,$4,$57,$0,$420,$-8,$541,$599,$51,$12,$2,$14,$0,$0,$0,$-2,$-2,$62,$-6,$0,$0,$0,$-71,$-71,$0,$-76,$0,$0,$0,$18,$18,$-11,$4,$11,$-3,$6,$-11
29,2011-06-30,8.31,$3.21,2.59,$1.92,4.32,$1.08,7.67,$0.42,19.66,$0.34B,$0.06B,6.04,$0.00B,$0.54B,0.0,$0.32B,$0.24B,74.76%,$0.32B,$0.09B,27.13%,$0.32B,$0.09B,27.13%,$0.32B,$0.10B,32.18%,$0.32B,$0.09B,28.08%,$0.32B,$0.07B,22.40%,$0.07B,$0.54B,14.54%,$0.07B,$0.44B,18.50%,$0.07B,$0.60B,12.90%,$0.09B,$0.54B,17.61%,$83,$19,$64,$11,$29,$59,$24,$1,$25,$6,$19,$19,$19,$28,$24,$167,171,$0.12,$0.11,$245,$27,$0,$342,$31,$109,$104,$2,$260,$603,$57,$0,$6,$6,$62,$0,$405,$5,$540,$603,$33,$8,$1,$9,$0,$0,$0,$6,$6,$48,$-4,$0,$0,$0,$-53,$-53,$0,$-57,$0,$0,$0,$21,$21,$-7,$2,$16,$9,$4,$-7
30,2011-03-31,6.61,$3.04,2.17,$1.89,3.5,$0.94,7.01,$0.41,16.31,$0.30B,$0.05B,5.65,$0.00B,$0.51B,0.0,$0.31B,$0.23B,73.86%,$0.31B,$0.08B,26.47%,$0.31B,$0.08B,26.47%,$0.31B,$0.10B,31.37%,$0.31B,$0.08B,27.12%,$0.31B,$0.07B,21.90%,$0.07B,$0.51B,14.82%,$0.07B,$0.40B,19.35%,$0.07B,$0.57B,13.06%,$0.08B,$0.51B,17.92%,$74,$18,$56,$9,$29,$57,$17,$0,$18,$4,$14,$14,$14,$21,$17,$165,169,$0.08,$0.08,$207,$27,$0,$304,$30,$109,$105,$2,$261,$565,$54,$0,$6,$6,$59,$0,$390,$-0,$505,$565,$14,$4,$1,$5,$0,$0,$0,$2,$2,$21,$-2,$0,$0,$0,$-24,$-24,$0,$-26,$0,$0,$0,$10,$10,$-3,$1,$7,$4,$2,$-3
31,2010-12-31,6.86,$2.88,2.38,$1.82,3.77,$0.88,7.76,$0.38,18.05,$0.28B,$0.05B,5.13,$0.00B,$0.47B,0.0,$0.29B,$0.21B,73.20%,$0.29B,$0.08B,25.77%,$0.29B,$0.08B,25.77%,$0.29B,$0.09B,30.58%,$0.29B,$0.08B,26.12%,$0.29B,$0.06B,21.31%,$0.06B,$0.47B,14.61%,$0.06B,$0.37B,19.54%,$0.06B,$0.53B,12.85%,$0.08B,$0.47B,17.68%,$85,$24,$61,$9,$29,$62,$23,$0,$23,$3,$20,$20,$20,$27,$23,$160,161,$0.12,$0.12,$181,$23,$0,$279,$30,$102,$105,$2,$254,$533,$54,$0,$5,$5,$60,$0,$380,$-9,$473,$533,$61,$13,$2,$15,$-15,$-6,$0,$-8,$-0,$76,$-6,$0,$0,$0,$-171,$-171,$0,$-176,$0,$0,$0,$28,$28,$-10,$2,$20,$-87,$3,$-10
32,2010-09-30,6.24,$2.72,2.29,$1.62,3.86,$0.49,12.75,$0.27,23.53,$0.26B,$0.06B,4.34,$0.00B,$0.44B,0.0,$0.26B,$0.19B,72.76%,$0.26B,$0.05B,20.62%,$0.26B,$0.05B,20.62%,$0.26B,$0.07B,25.68%,$0.26B,$0.05B,20.62%,$0.26B,$0.04B,16.34%,$0.04B,$0.44B,10.38%,$0.04B,$0.33B,14.18%,$0.04B,$0.50B,9.15%,$0.05B,$0.44B,13.10%,$75,$19,$56,$8,$26,$53,$22,$0,$23,$4,$18,$18,$18,$26,$22,$159,160,$0.12,$0.11,$152,$24,$0,$257,$28,$89,$107,$2,$242,$500,$59,$0,$5,$5,$64,$0,$363,$-6,$435,$500,$42,$9,$-1,$8,$0,$0,$0,$-3,$-3,$47,$-3,$0,$0,$0,$-119,$-119,$0,$-122,$0,$0,$0,$7,$7,$-7,$0,$1,$-82,$2,$-7
33,2010-06-30,4.08,$2.49,1.64,$1.41,2.9,$0.19,21.3,$0.18,22.64,$0.23B,$0.06B,4.17,$0.00B,$0.40B,0.0,$0.22B,$0.16B,71.75%,$0.22B,$0.03B,14.35%,$0.22B,$0.03B,14.35%,$0.22B,$0.04B,19.73%,$0.22B,$0.03B,13.90%,$0.22B,$0.03B,13.00%,$0.03B,$0.40B,7.29%,$0.03B,$0.29B,10.07%,$0.03B,$0.45B,6.50%,$0.03B,$0.40B,8.05%,$72,$19,$53,$8,$26,$53,$19,$0,$19,$4,$15,$15,$15,$22,$19,$159,159,$0.10,$0.10,$135,$20,$0,$228,$28,$65,$107,$10,$226,$454,$55,$0,$5,$5,$60,$0,$348,$-23,$395,$454,$23,$6,$-0,$6,$0,$0,$0,$-8,$-8,$21,$-2,$0,$0,$0,$-81,$-81,$0,$-83,$0,$0,$0,$0,$0,$-4,$-0,$-4,$-82,$0,$-4
34,2010-03-31,4.27,$2.48,1.72,$1.21,3.52,$0.03,131.05,$0.05,94.94,$0.25B,$0.04B,5.87,$0.00B,$0.39B,0.0,$0.19B,$0.13B,69.27%,$0.19B,$0.01B,2.60%,$0.19B,$0.01B,2.60%,$0.19B,$0.02B,8.85%,$0.19B,$0.00B,2.08%,$0.19B,$0.01B,4.17%,$0.01B,$0.39B,2.01%,$0.01B,$0.29B,2.77%,$0.01B,$0.44B,1.80%,$0.01B,$0.39B,1.25%,$59,$16,$43,$8,$24,$48,$11,$-0,$11,$3,$9,$9,$9,$14,$11,$159,159,$0.06,$0.06,$170,$18,$0,$248,$28,$33,$109,$10,$195,$443,$42,$0,$7,$7,$49,$0,$335,$-10,$394,$443,$9,$3,$-0,$2,$0,$0,$0,$-1,$-1,$10,$-1,$0,$0,$0,$-7,$-7,$0,$-8,$0,$0,$0,$0,$0,$-2,$0,$-2,$-5,$-0,$-2
35,2009-12-31,4.08,$2.49,1.64,$1.11,3.68,$-0.03,0.0,$-0.03,0.0,$0.25B,$0.04B,6.45,$0.00B,$0.39B,0.0,$0.18B,$0.12B,68.00%,$0.18B,$-0.01B,-6.86%,$0.18B,$-0.01B,-6.86%,$0.18B,$-0.00B,-0.57%,$0.18B,$-0.01B,-6.29%,$0.18B,$-0.00B,-2.29%,$-0.00B,$0.39B,-1.00%,$-0.00B,$0.28B,-1.38%,$-0.00B,$0.44B,-0.90%,$-0.01B,$0.39B,-3.01%,$51,$16,$35,$8,$27,$51,$1,$-0,$0,$0,$0,$0,$0,$4,$1,$159,159,$0.01,$0.01,$175,$17,$0,$249,$29,$27,$111,$10,$191,$440,$39,$0,$7,$7,$45,$0,$328,$-3,$394,$440,$-5,$11,$13,$24,$-0,$9,$0,$-5,$-7,$12,$-5,$0,$-5,$0,$10,$10,$0,$-0,$0,$0,$0,$-9,$-9,$-12,$-0,$-21,$-7,$9,$-12
36,2009-09-30,3.76,$2.57,1.46,$1.10,3.43,$0.25,15.31,$-0.02,0.0,$0.25B,$0.03B,7.88,$0.00B,$0.41B,0.0,$0.18B,$0.12B,68.75%,$0.18B,$-0.02B,-8.52%,$0.18B,$-0.02B,-8.52%,$0.18B,$-0.00B,-1.70%,$0.18B,$-0.01B,-5.11%,$0.18B,$-0.00B,-1.14%,$-0.00B,$0.41B,-0.50%,$-0.00B,$0.30B,-0.68%,$-0.00B,$0.45B,-0.44%,$-0.02B,$0.41B,-3.72%,$41,$12,$29,$7,$21,$40,$1,$0,$1,$-3,$5,$5,$5,$4,$1,$159,159,$0.03,$0.03,$183,$21,$0,$254,$29,$23,$112,$10,$193,$447,$32,$0,$6,$6,$39,$0,$330,$0,$408,$447,$-5,$8,$7,$15,$0,$0,$0,$-9,$-9,$0,$-5,$0,$-5,$0,$14,$14,$0,$5,$0,$0,$0,$0,$0,$-10,$-0,$-10,$0,$5,$-10
37,2009-06-30,3.24,$2.51,1.29,$1.22,2.66,$0.48,6.75,$0.02,184.95,$0.25B,$0.04B,7.06,$0.00B,$0.40B,0.0,$0.20B,$0.14B,69.70%,$0.20B,$-0.01B,-4.04%,$0.20B,$-0.01B,-4.04%,$0.20B,$0.00B,2.02%,$0.20B,0,0.00%,$0.20B,$0.00B,2.02%,$0.00B,$0.40B,0.97%,$0.00B,$0.29B,1.33%,$0.00B,$0.44B,0.86%,$-0.01B,$0.40B,-1.94%,$41,$15,$26,$8,$22,$49,$-8,$0,$-8,$-1,$-6,$-6,$-6,$-5,$-8,$159,159,$-0.04,$-0.04,$180,$22,$0,$252,$28,$26,$109,$10,$193,$444,$36,$0,$10,$10,$46,$0,$327,$-6,$398,$444,$-10,$6,$4,$9,$0,$0,$0,$-3,$-3,$-3,$-3,$0,$0,$0,$12,$12,$0,$9,$0,$0,$0,$0,$0,$-8,$-0,$-8,$-2,$4,$-8
38,2009-03-31,3.04,$2.50,1.22,$1.35,2.25,$0.66,4.6,$0.09,33.83,$0.25B,$0.04B,6.32,$0.00B,$0.40B,0.0,$0.22B,$0.16B,71.43%,$0.22B,$0.01B,4.91%,$0.22B,$0.01B,4.91%,$0.22B,$0.02B,10.27%,$0.22B,$0.02B,8.93%,$0.22B,$0.02B,7.14%,$0.02B,$0.40B,3.73%,$0.02B,$0.29B,5.07%,$0.02B,$0.45B,3.27%,$0.01B,$0.40B,2.57%,$42,$13,$29,$9,$26,$49,$-6,$2,$-4,$-1,$-3,$-3,$-3,$-4,$-6,$159,159,$-0.02,$-0.02,$176,$24,$0,$248,$28,$31,$109,$10,$197,$446,$39,$0,$10,$10,$49,$0,$336,$-15,$396,$446,$-3,$3,$2,$5,$0,$0,$0,$-1,$-1,$1,$-2,$0,$0,$0,$9,$9,$0,$8,$0,$0,$0,$0,$0,$-6,$-0,$-6,$-4,$2,$-6
39,2008-12-31,3.33,$2.60,1.28,$1.44,2.32,$0.74,4.5,$0.16,20.49,$0.26B,$0.05B,5.18,$0.00B,$0.41B,0.0,$0.24B,$0.17B,71.60%,$0.24B,$0.03B,10.29%,$0.24B,$0.03B,10.29%,$0.24B,$0.04B,15.64%,$0.24B,$0.04B,14.40%,$0.24B,$0.03B,11.11%,$0.03B,$0.41B,6.05%,$0.03B,$0.30B,8.21%,$0.03B,$0.47B,5.29%,$0.03B,$0.41B,5.60%,$52,$15,$37,$9,$29,$53,$-2,$4,$2,$0,$2,$2,$2,$2,$-2,$166,166,$0.02,$0.02,$180,$25,$0,$264,$28,$41,$112,$11,$210,$474,$51,$0,$10,$10,$61,$0,$345,$-6,$413,$474,$27,$13,$15,$28,$9,$-1,$0,$4,$4,$59,$-6,$0,$-1,$0,$69,$69,$3,$65,$0,$0,$0,$-78,$-78,$-19,$2,$-96,$23,$10,$-19
40,2008-09-30,4.48,$2.70,1.66,$1.50,2.99,$0.67,6.69,$0.21,21.09,$0.29B,$0.05B,5.53,$0.00B,$0.44B,0.0,$0.26B,$0.19B,72.27%,$0.26B,$0.04B,15.23%,$0.26B,$0.04B,15.23%,$0.26B,$0.05B,19.92%,$0.26B,$0.05B,18.36%,$0.26B,$0.04B,14.06%,$0.04B,$0.44B,7.79%,$0.04B,$0.33B,10.51%,$0.04B,$0.50B,6.83%,$0.04B,$0.44B,8.44%,$63,$17,$46,$9,$29,$55,$8,$2,$10,$-1,$11,$11,$11,$11,$8,$165,166,$0.07,$0.07,$189,$27,$0,$285,$27,$47,$115,$10,$217,$502,$51,$0,$10,$10,$61,$0,$349,$-3,$440,$502,$25,$9,$13,$22,$0,$0,$0,$-8,$-8,$39,$-4,$0,$-1,$0,$51,$51,$3,$49,$0,$0,$0,$-54,$-54,$-13,$2,$-66,$21,$7,$-13
41,2008-06-30,5.09,$2.78,1.83,$1.43,3.56,$0.65,7.83,$0.19,27.12,$0.30B,$0.05B,6.23,$0.00B,$0.47B,0.0,$0.25B,$0.18B,72.18%,$0.25B,$0.04B,15.32%,$0.25B,$0.04B,15.32%,$0.25B,$0.05B,20.16%,$0.25B,$0.05B,18.95%,$0.25B,$0.03B,12.90%,$0.03B,$0.47B,6.84%,$0.03B,$0.35B,9.28%,$0.03B,$0.53B,5.97%,$0.04B,$0.47B,8.13%,$67,$19,$48,$9,$28,$56,$11,$1,$12,$3,$9,$9,$6,$14,$11,$168,170,$0.03,$0.03,$208,$29,$3,$304,$28,$54,$118,$9,$230,$534,$49,$0,$19,$19,$68,$0,$344,$7,$466,$534,$14,$6,$5,$11,$0,$0,$0,$3,$3,$28,$-4,$0,$-1,$0,$35,$35,$0,$31,$0,$0,$0,$-32,$-32,$-7,$2,$-38,$27,$4,$-7
42,2008-03-31,4.8,$2.78,1.73,$1.34,3.57,$0.59,8.1,$0.18,27.05,$0.31B,$0.05B,6.54,$0.00B,$0.47B,0.0,$0.24B,$0.17B,71.19%,$0.24B,$0.03B,13.14%,$0.24B,$0.03B,13.14%,$0.24B,$0.04B,18.22%,$0.24B,$0.04B,17.37%,$0.24B,$0.03B,12.71%,$0.03B,$0.47B,6.48%,$0.03B,$0.34B,8.86%,$0.03B,$0.53B,5.65%,$0.03B,$0.47B,6.69%,$61,$17,$43,$9,$27,$53,$8,$3,$11,$3,$9,$9,$8,$11,$8,$172,172,$0.05,$0.05,$213,$28,$0,$308,$28,$42,$126,$10,$225,$532,$47,$0,$20,$20,$67,$0,$342,$10,$466,$532,$8,$3,$1,$4,$0,$0,$0,$2,$2,$14,$-2,$0,$0,$0,$48,$48,$0,$47,$0,$0,$0,$-30,$-30,$-4,$0,$-33,$35,$2,$-4
43,2007-12-31,4.41,$2.75,1.61,$1.28,3.45,$0.55,8.0,$0.15,28.94,$0.31B,$0.04B,7.14,$0.00B,$0.48B,0.0,$0.23B,$0.16B,71.68%,$0.23B,$0.03B,12.39%,$0.23B,$0.03B,12.39%,$0.23B,$0.04B,17.26%,$0.23B,$0.04B,15.93%,$0.23B,$0.03B,11.95%,$0.03B,$0.48B,5.81%,$0.03B,$0.36B,7.94%,$0.03B,$0.54B,5.08%,$0.03B,$0.48B,6.02%,$65,$17,$48,$9,$27,$54,$12,$2,$14,$3,$11,$11,$11,$15,$12,$175,176,$0.07,$0.06,$217,$27,$6,$313,$27,$51,$121,$9,$226,$540,$44,$0,$19,$19,$63,$0,$337,$-2,$476,$540,$27,$11,$9,$21,$3,$0,$0,$2,$1,$48,$-5,$0,$-1,$0,$14,$14,$0,$9,$0,$0,$0,$-26,$-26,$-15,$0,$-41,$17,$12,$-15
44,2007-09-30,3.87,$2.66,1.45,$1.22,3.18,$0.54,7.18,$0.14,27.19,$0.29B,$0.06B,4.88,$0.00B,$0.46B,0.0,$0.22B,$0.16B,71.23%,$0.22B,$0.03B,11.87%,$0.22B,$0.03B,11.87%,$0.22B,$0.04B,16.89%,$0.22B,$0.03B,15.53%,$0.22B,$0.03B,11.87%,$0.03B,$0.46B,5.60%,$0.03B,$0.34B,7.70%,$0.03B,$0.54B,4.92%,$0.03B,$0.46B,5.60%,$55,$15,$40,$8,$24,$47,$7,$2,$10,$2,$8,$8,$7,$10,$7,$173,174,$0.04,$0.04,$195,$30,$0,$289,$26,$70,$126,$8,$250,$539,$59,$0,$18,$18,$77,$0,$330,$-6,$462,$539,$16,$8,$-1,$7,$0,$0,$0,$13,$13,$36,$-3,$0,$-1,$0,$20,$20,$0,$16,$0,$0,$0,$-26,$-26,$-11,$0,$-37,$20,$8,$-11
45,2007-06-30,4.89,$2.60,1.88,$1.22,4.0,$0.56,8.72,$0.16,31.57,$0.25B,$0.05B,5.03,$0.00B,$0.45B,0.0,$0.22B,$0.16B,71.62%,$0.22B,$0.03B,13.51%,$0.22B,$0.03B,13.51%,$0.22B,$0.04B,18.47%,$0.22B,$0.04B,16.22%,$0.22B,$0.03B,13.06%,$0.03B,$0.45B,6.23%,$0.03B,$0.32B,8.58%,$0.03B,$0.51B,5.51%,$0.03B,$0.45B,6.44%,$55,$18,$37,$8,$25,$50,$4,$2,$6,$2,$4,$4,$4,$7,$4,$175,177,$0.02,$0.02,$161,$33,$0,$253,$27,$85,$126,$8,$259,$512,$50,$0,$13,$13,$63,$0,$326,$-10,$449,$512,$8,$6,$-2,$3,$0,$0,$0,$6,$6,$18,$-3,$0,$-1,$0,$11,$11,$0,$8,$0,$0,$0,$-28,$-28,$-8,$0,$-35,$-9,$6,$-8
46,2007-03-31,4.69,$2.67,1.76,$1.24,3.77,$0.60,7.84,$0.19,24.38,$0.30B,$0.05B,6.27,$0.00B,$0.47B,0.0,$0.23B,$0.17B,73.04%,$0.23B,$0.04B,16.96%,$0.23B,$0.04B,16.96%,$0.23B,$0.05B,21.74%,$0.23B,$0.04B,19.13%,$0.23B,$0.04B,15.65%,$0.04B,$0.47B,7.63%,$0.04B,$0.35B,10.50%,$0.04B,$0.53B,6.76%,$0.04B,$0.47B,8.27%,$51,$14,$37,$8,$24,$46,$5,$2,$6,$2,$5,$5,$5,$7,$5,$178,180,$0.03,$0.03,$207,$33,$0,$303,$27,$59,$127,$8,$231,$534,$48,$0,$13,$13,$61,$0,$326,$-10,$473,$534,$5,$3,$2,$5,$0,$0,$0,$-3,$-3,$6,$-1,$0,$0,$0,$4,$4,$0,$2,$0,$0,$0,$-2,$-2,$-4,$0,$-5,$4,$3,$-4
47,2006-12-31,5.14,$2.67,1.93,$1.27,4.06,$0.64,8.04,$0.21,24.19,$0.31B,$0.05B,6.74,$0.00B,$0.47B,0.0,$0.24B,$0.17B,72.69%,$0.24B,$0.05B,18.91%,$0.24B,$0.05B,18.91%,$0.24B,$0.06B,23.53%,$0.24B,$0.05B,21.01%,$0.24B,$0.04B,16.81%,$0.04B,$0.47B,8.38%,$0.04B,$0.35B,11.49%,$0.04B,$0.53B,7.44%,$0.05B,$0.47B,9.42%,$58,$16,$42,$8,$24,$48,$10,$2,$12,$2,$10,$10,$10,$13,$10,$182,187,$0.05,$0.05,$216,$31,$0,$313,$26,$51,$128,$2,$216,$529,$46,$0,$8,$8,$55,$0,$329,$-11,$474,$529,$40,$12,$13,$25,$4,$-11,$0,$-2,$-16,$48,$-4,$0,$-3,$0,$60,$60,$0,$53,$0,$0,$0,$-76,$-76,$-15,$1,$-90,$15,$14,$-15
