,Date,Stock Price,Book Value per Share,Price to Book Ratio,TTM Sales per Share,Price to Sales Ratio,TTM FCF per Share,Price to FCF Ratio,TTM Net EPS,PE Ratio,Current Assets,Current Liabilities,Current Ratio,Long Term Debt,Shareholder's Equity_x,Debt to Equity Ratio,TTM Revenue_x,TTM Gross Profit,Gross Margin,TTM Revenue_y,TTM Operating Income,Operating Margin,TTM Revenue_x,TTM EBIT,EBIT Margin,TTM Revenue_y,TTM EBITDA,EBITDA Margin,TTM Revenue_x,TTM Pre-Tax Income,Pre-Tax Margin,TTM Revenue_y,TTM Net Income_x,Net Margin,TTM Net Income_y,Shareholder's Equity_y,Return on Equity,TTM Net Income_x,Tangible Equity,Return on Tangible Equity,TTM Net Income_y,Total Assets,Return on Assets,TTM Net Income,LT Investments & Debt,Return on Investment,revenue,cost-goods-sold,gross-profit,research-development-expenses,selling-general-administrative-expenses,operating-expenses,operating-income,total-non-operating-income-expense,pre-tax-income,total-provision-income-taxes,income-after-taxes,income-from-continuous-operations,net-income,ebitda,ebit,basic-shares-outstanding,shares-outstanding,eps-basic-net-earnings-per-share,eps-earnings-per-share-diluted,cash-on-hand,inventory,other-current-assets,total-current-assets,net-property-plant-equipment,long-term-investments,goodwill-intangible-assets-total,other-long-term-assets,total-long-term-assets,total-assets,total-current-liabilities,long-term-debt,other-non-current-liabilities,total-long-term-liabilities,total-liabilities,common-stock-net,retained-earnings-accumulated-deficit,comprehensive-income,total-share-holder-equity,total-liabilities-share-holders-equity,net-income-loss,total-depreciation-amortization-cash-flow,other-non-cash-items,total-non-cash-items,change-in-accounts-receivable,change-in-inventories,change-in-accounts-payable,change-in-assets-liabilities,total-change-in-assets-liabilities,cash-flow-from-operating-activities,net-change-in-property-plant-equipment,net-change-in-intangible-assets,net-acquisitions-divestitures,net-change-in-short-term-investments,net-change-in-long-term-investments,net-change-in-investments-total,investing-activities-other,cash-flow-from-investing-activities,net-long-term-debt,net-current-debt,debt-issuance-retirement-net-total,net-common-equity-issued-repurchased,net-total-equity-issued-repurchased,total-common-preferred-stock-dividends-paid,financial-activities-other,cash-flow-from-financial-activities,net-cash-flow,stock-based-compensation,common-stock-dividends-paid
0,2018-09-30,59.37,$9.57,6.21,$16.31,3.64,$6.42,9.24,$3.30,17.99,$0.96B,$1.03B,0.94,$1.80B,$2.35B,0.77,$4.11B,$1.85B,45.02%,$4.11B,$0.81B,19.81%,$4.11B,$0.81B,19.81%,$4.11B,$0.95B,23.19%,$4.11B,$0.74B,18.08%,$4.11B,$0.83B,20.27%,$0.83B,$2.35B,37.25%,$0.83B,$-1.93B,-40.30%,$0.83B,$5.97B,13.97%,$0.81B,$4.16B,19.77%,$1038,$578,$460,$0,$256,$833,$204,$-17,$187,$41,$146,$146,$146,$240,$204,$246,251,$0.60,$0.58,$188,$391,$20,$960,$588,$9,$4287,$123,$5007,$5967,$1027,$1804,$210,$2587,$3614,$293,$3744,$-43,$2353,$5967,$426,$105,$25,$130,$-17,$-61,$0,$30,$12,$568,$-30,$0,$-50,$0,$0,$0,$-2,$-82,$0,$-270,$-270,$-142,$-142,$-160,$-3,$-574,$-91,$20,$-160
1,2018-06-30,52.95,$9.06,5.84,$15.97,3.32,$5.86,9.03,$3.24,16.34,$0.87B,$1.10B,0.79,$1.80B,$2.22B,0.81,$4.04B,$1.83B,45.28%,$4.04B,$0.81B,20.02%,$4.04B,$0.81B,20.02%,$4.04B,$0.94B,23.37%,$4.04B,$0.74B,18.39%,$4.04B,$0.82B,20.30%,$0.82B,$2.22B,38.38%,$0.82B,$-2.08B,-38.12%,$0.82B,$5.90B,13.76%,$0.81B,$4.02B,19.77%,$1028,$573,$455,$0,$281,$854,$174,$-18,$155,$34,$122,$122,$122,$208,$174,$245,249,$0.50,$0.49,$89,$369,$63,$870,$593,$9,$4305,$122,$5029,$5899,$1101,$1803,$208,$2578,$3678,$293,$3651,$-49,$2221,$5899,$280,$70,$17,$87,$-5,$-39,$0,$-4,$-42,$323,$-20,$0,$-50,$0,$0,$0,$-2,$-71,$0,$-160,$-160,$-171,$-171,$-106,$-2,$-440,$-190,$16,$-106
2,2018-03-31,49.93,$8.77,5.7,$15.36,3.25,$5.58,8.95,$3.04,16.43,$0.89B,$1.23B,0.72,$1.80B,$2.14B,0.84,$3.91B,$1.78B,45.63%,$3.91B,$0.76B,19.39%,$3.91B,$0.76B,19.39%,$3.91B,$0.89B,22.74%,$3.91B,$0.70B,18.03%,$3.91B,$0.77B,19.72%,$0.77B,$2.14B,37.74%,$0.77B,$-2.18B,-39.70%,$0.77B,$5.94B,13.64%,$0.76B,$3.95B,20.10%,$1006,$555,$452,$0,$231,$786,$220,$-20,$201,$43,$158,$158,$158,$256,$220,$245,250,$0.64,$0.63,$120,$357,$53,$891,$601,$9,$4323,$119,$5052,$5943,$1231,$1802,$201,$2569,$3800,$293,$3582,$-34,$2143,$5943,$158,$36,$1,$36,$-11,$-24,$0,$-5,$-38,$156,$-10,$0,$-50,$0,$0,$0,$-0,$-60,$0,$-17,$-17,$-184,$-184,$-53,$-2,$-256,$-159,$3,$-53
3,2017-12-31,49.52,$8.96,5.53,$14.72,3.37,$5.50,9.01,$2.92,16.96,$1.00B,$0.94B,1.07,$2.10B,$2.22B,0.95,$3.78B,$1.73B,45.79%,$3.78B,$0.73B,19.41%,$3.78B,$0.73B,19.41%,$3.78B,$0.86B,22.70%,$3.78B,$0.69B,18.35%,$3.78B,$0.74B,19.70%,$0.74B,$2.22B,37.41%,$0.74B,$-2.06B,-44.66%,$0.74B,$6.02B,14.09%,$0.73B,$4.32B,21.33%,$1033,$552,$481,$0,$267,$818,$215,$-16,$199,$-207,$406,$406,$406,$249,$215,$251,256,$1.63,$1.58,$279,$331,$45,$1000,$608,$9,$4279,$118,$5015,$6015,$935,$2103,$197,$2862,$3797,$293,$3479,$-36,$2218,$6015,$743,$125,$-218,$-93,$-10,$-25,$0,$48,$33,$682,$-45,$0,$-1260,$0,$0,$0,$2,$-1303,$1421,$-156,$1266,$-358,$-358,$-190,$-18,$699,$91,$18,$-190
4,2017-09-30,47.63,$7.82,6.09,$14.10,3.38,$5.32,8.95,$1.74,27.37,$1.00B,$0.95B,1.05,$2.10B,$1.95B,1.08,$3.64B,$1.66B,45.51%,$3.64B,$0.69B,18.99%,$3.64B,$0.69B,18.99%,$3.64B,$0.81B,22.26%,$3.64B,$0.66B,18.25%,$3.64B,$0.45B,12.31%,$0.45B,$1.95B,23.23%,$0.45B,$-2.27B,-32.58%,$0.45B,$5.95B,9.21%,$0.69B,$4.06B,22.84%,$968,$529,$439,$0,$240,$769,$199,$-12,$187,$54,$133,$133,$133,$231,$199,$250,255,$0.53,$0.52,$237,$336,$53,$1003,$602,$9,$4225,$115,$4950,$5953,$953,$2104,$190,$3047,$4000,$293,$3121,$-36,$1953,$5953,$338,$92,$47,$139,$-40,$-33,$0,$27,$-52,$424,$-21,$0,$-1260,$0,$0,$0,$3,$-1278,$1421,$-110,$1312,$-262,$-262,$-143,$-18,$889,$49,$15,$-143
5,2017-06-30,50.81,$7.41,6.85,$13.62,3.73,$5.52,9.21,$1.69,30.06,$0.88B,$1.21B,0.72,$0.89B,$1.85B,0.48,$3.54B,$1.61B,45.54%,$3.54B,$0.69B,19.42%,$3.54B,$0.69B,19.42%,$3.54B,$0.80B,22.61%,$3.54B,$0.67B,18.89%,$3.54B,$0.44B,12.39%,$0.44B,$1.85B,22.28%,$0.44B,$-1.25B,-45.39%,$0.44B,$4.67B,9.87%,$0.69B,$2.74B,25.34%,$898,$488,$410,$0,$287,$775,$123,$-6,$117,$44,$73,$73,$73,$153,$123,$250,256,$0.29,$0.29,$238,$292,$44,$877,$573,$10,$3097,$111,$3790,$4667,$1212,$894,$188,$1607,$2819,$293,$3035,$-41,$1848,$4667,$204,$59,$23,$82,$-7,$-30,$0,$25,$-37,$249,$-10,$0,$-235,$0,$0,$0,$3,$-242,$200,$203,$403,$-273,$-273,$-96,$-1,$33,$50,$12,$-96
6,2017-03-31,48.65,$7.68,6.33,$13.46,3.61,$5.65,8.62,$1.83,26.66,$0.76B,$1.17B,0.65,$0.69B,$1.94B,0.36,$3.52B,$1.61B,45.75%,$3.52B,$0.74B,21.02%,$3.52B,$0.74B,21.02%,$3.52B,$0.85B,24.14%,$3.52B,$0.72B,20.53%,$3.52B,$0.48B,13.58%,$0.48B,$1.94B,23.76%,$0.48B,$-1.08B,-56.57%,$0.48B,$4.49B,10.97%,$0.74B,$2.63B,27.33%,$877,$478,$399,$0,$203,$681,$196,$-6,$190,$59,$132,$132,$132,$225,$196,$254,260,$0.52,$0.51,$140,$280,$30,$755,$579,$8,$3019,$127,$3733,$4488,$1167,$693,$171,$1385,$2552,$293,$3009,$-57,$1936,$4488,$132,$29,$12,$41,$-11,$-21,$0,$-1,$-42,$132,$-3,$0,$-160,$0,$0,$0,$4,$-159,$0,$159,$159,$-134,$-134,$-48,$-0,$-24,$-48,$2,$-48
7,2016-12-31,42.94,$7.79,5.51,$13.30,3.23,$5.79,7.41,$1.75,24.61,$0.76B,$1.00B,0.76,$0.69B,$1.98B,0.35,$3.49B,$1.59B,45.55%,$3.49B,$0.72B,20.73%,$3.49B,$0.72B,20.73%,$3.49B,$0.83B,23.82%,$3.49B,$0.71B,20.21%,$3.49B,$0.46B,13.14%,$0.46B,$1.98B,22.86%,$0.46B,$-0.90B,-58.12%,$0.46B,$4.35B,10.65%,$0.72B,$2.67B,26.76%,$896,$488,$408,$0,$235,$723,$173,$-4,$170,$59,$110,$110,$110,$201,$173,$258,262,$0.43,$0.42,$188,$258,$24,$757,$589,$9,$2876,$124,$3597,$4354,$1002,$693,$169,$1374,$2376,$293,$2926,$-64,$1978,$4354,$459,$108,$46,$154,$-13,$19,$0,$-46,$44,$655,$-50,$0,$-305,$0,$0,$0,$1,$-355,$0,$69,$69,$-350,$-350,$-183,$24,$-440,$-142,$16,$-183
8,2016-09-30,46.38,$8.21,5.65,$13.15,3.53,$5.52,8.4,$1.74,26.73,$0.81B,$0.79B,1.02,$0.70B,$2.12B,0.33,$3.47B,$1.58B,45.52%,$3.47B,$0.72B,20.74%,$3.47B,$0.72B,20.74%,$3.47B,$0.83B,23.77%,$3.47B,$0.70B,20.20%,$3.47B,$0.46B,13.20%,$0.46B,$2.12B,22.69%,$0.46B,$-0.64B,-64.01%,$0.46B,$4.28B,10.69%,$0.72B,$2.82B,26.50%,$871,$475,$396,$0,$200,$675,$196,$-4,$192,$68,$124,$124,$124,$222,$196,$258,263,$0.48,$0.47,$232,$286,$21,$805,$593,$8,$2759,$118,$3478,$4283,$786,$699,$145,$1377,$2163,$293,$2861,$-52,$2120,$4283,$349,$80,$34,$115,$13,$-7,$0,$-28,$31,$495,$-28,$0,$-176,$0,$0,$0,$1,$-203,$0,$-127,$-127,$-152,$-152,$-137,$24,$-393,$-98,$14,$-137
9,2016-06-30,49.71,$7.82,6.36,$13.07,3.8,$5.11,9.73,$1.72,28.98,$0.82B,$0.93B,0.88,$0.70B,$2.01B,0.35,$3.46B,$1.57B,45.35%,$3.46B,$0.72B,20.65%,$3.46B,$0.72B,20.65%,$3.46B,$0.82B,23.66%,$3.46B,$0.70B,20.08%,$3.46B,$0.45B,13.11%,$0.45B,$2.01B,22.69%,$0.45B,$-0.76B,-64.70%,$0.45B,$4.31B,10.63%,$0.72B,$2.71B,26.47%,$877,$469,$408,$0,$233,$702,$175,$-4,$171,$59,$112,$112,$112,$202,$175,$257,262,$0.43,$0.43,$211,$290,$38,$818,$595,$9,$2771,$118,$3492,$4310,$927,$701,$146,$1371,$2298,$146,$2783,$-50,$2012,$4310,$225,$54,$26,$80,$0,$-9,$0,$-21,$-9,$297,$-18,$0,$-176,$0,$0,$0,$-0,$-194,$0,$24,$24,$-171,$-171,$-92,$13,$-226,$-119,$12,$-92
10,2016-03-31,44.45,$7.49,5.93,$12.89,3.45,$4.85,9.17,$1.57,28.4,$0.79B,$1.01B,0.78,$0.70B,$1.92B,0.36,$3.43B,$1.54B,44.73%,$3.43B,$0.68B,19.87%,$3.43B,$0.68B,19.87%,$3.43B,$0.79B,22.87%,$3.43B,$0.64B,18.76%,$3.43B,$0.42B,12.12%,$0.42B,$1.92B,20.89%,$0.42B,$-0.86B,-61.13%,$0.42B,$4.29B,9.79%,$0.68B,$2.62B,25.34%,$849,$470,$379,$0,$200,$670,$180,$-7,$173,$60,$113,$113,$113,$207,$180,$259,264,$0.44,$0.43,$194,$291,$23,$786,$601,$8,$2783,$115,$3507,$4292,$1013,$700,$143,$1359,$2372,$146,$2717,$-43,$1920,$4292,$113,$28,$14,$42,$5,$-9,$0,$-11,$22,$178,$-9,$0,$-175,$0,$0,$0,$-1,$-184,$0,$94,$94,$-187,$-187,$-46,$3,$-136,$-136,$6,$-46
11,2015-12-31,40.85,$7.78,5.25,$12.69,3.22,$4.66,8.77,$1.54,26.61,$0.91B,$0.87B,1.04,$0.69B,$2.02B,0.34,$3.40B,$1.51B,44.54%,$3.40B,$0.67B,19.85%,$3.40B,$0.67B,19.85%,$3.40B,$0.78B,22.86%,$3.40B,$0.64B,18.73%,$3.40B,$0.41B,12.08%,$0.41B,$2.02B,20.62%,$0.41B,$-0.60B,-62.98%,$0.41B,$4.26B,9.62%,$0.67B,$2.72B,25.07%,$874,$476,$397,$0,$228,$704,$169,$-4,$165,$56,$109,$109,$109,$194,$169,$262,267,$0.43,$0.42,$330,$274,$26,$906,$610,$8,$2624,$109,$3351,$4257,$873,$693,$183,$1361,$2234,$293,$2650,$-46,$2023,$4257,$410,$101,$60,$161,$34,$-39,$0,$-17,$29,$606,$-62,$0,$-75,$0,$0,$0,$-5,$-141,$-250,$212,$-38,$-335,$-335,$-175,$13,$-535,$-93,$16,$-175
12,2015-09-30,40.21,$7.82,5.14,$12.57,3.2,$4.33,9.29,$1.52,26.54,$0.85B,$0.78B,1.09,$0.71B,$2.05B,0.34,$3.39B,$1.51B,44.43%,$3.39B,$0.67B,19.75%,$3.39B,$0.67B,19.75%,$3.39B,$0.77B,22.70%,$3.39B,$0.63B,18.63%,$3.39B,$0.41B,12.05%,$0.41B,$2.05B,20.32%,$0.41B,$-0.58B,-65.33%,$0.41B,$4.22B,9.52%,$0.67B,$2.76B,24.70%,$862,$476,$386,$0,$195,$671,$191,$-5,$186,$65,$120,$120,$120,$216,$191,$262,267,$0.46,$0.45,$211,$274,$22,$852,$610,$8,$2634,$114,$3366,$4218,$783,$706,$157,$1385,$2168,$146,$2585,$-45,$2050,$4218,$301,$76,$53,$130,$-20,$-37,$0,$-9,$-27,$409,$-45,$0,$-75,$0,$0,$0,$-3,$-123,$0,$-122,$-122,$-240,$-240,$-131,$13,$-480,$-212,$14,$-131
13,2015-06-30,38.74,$7.54,5.14,$12.43,3.12,$4.34,8.93,$1.49,26.0,$0.85B,$0.89B,0.96,$0.70B,$1.97B,0.36,$3.37B,$1.49B,44.16%,$3.37B,$0.66B,19.45%,$3.37B,$0.66B,19.45%,$3.37B,$0.75B,22.33%,$3.37B,$0.62B,18.35%,$3.37B,$0.40B,12.00%,$0.40B,$1.97B,20.02%,$0.40B,$-0.67B,-66.37%,$0.40B,$4.23B,9.36%,$0.66B,$2.67B,24.23%,$847,$474,$373,$0,$231,$705,$142,$-23,$120,$46,$74,$74,$74,$168,$142,$262,267,$0.28,$0.28,$203,$271,$20,$848,$616,$9,$2645,$111,$3380,$4228,$886,$700,$159,$1371,$2257,$146,$2508,$-34,$1972,$4228,$181,$51,$40,$92,$-23,$-28,$0,$-7,$-25,$248,$-34,$0,$-75,$0,$0,$0,$-2,$-111,$0,$-23,$-23,$-247,$-247,$-88,$10,$-348,$-220,$12,$-88
14,2015-03-31,40.62,$7.31,5.56,$12.20,3.33,$4.22,9.62,$1.54,26.38,$0.93B,$1.05B,0.89,$0.70B,$1.91B,0.37,$3.33B,$1.47B,44.17%,$3.33B,$0.65B,19.56%,$3.33B,$0.65B,19.56%,$3.33B,$0.75B,22.39%,$3.33B,$0.63B,19.02%,$3.33B,$0.42B,12.59%,$0.42B,$1.91B,20.65%,$0.42B,$-0.75B,-78.03%,$0.42B,$4.35B,9.85%,$0.65B,$2.61B,24.09%,$812,$457,$356,$0,$183,$640,$172,$-7,$165,$58,$107,$107,$107,$198,$172,$264,269,$0.41,$0.40,$300,$257,$25,$932,$618,$25,$2654,$116,$3413,$4345,$1050,$704,$163,$1386,$2436,$146,$2478,$-56,$1909,$4345,$107,$26,$8,$34,$-22,$-15,$0,$-9,$-1,$144,$-22,$0,$-75,$0,$0,$0,$-1,$-98,$0,$127,$127,$-245,$-245,$-44,$8,$-154,$-123,$2,$-44
15,2014-12-31,37.33,$7.88,4.74,$11.97,3.12,$4.11,9.08,$1.51,24.8,$1.02B,$0.91B,1.13,$0.69B,$2.10B,0.33,$3.30B,$1.45B,44.06%,$3.30B,$0.64B,19.44%,$3.30B,$0.64B,19.44%,$3.30B,$0.73B,22.20%,$3.30B,$0.63B,18.95%,$3.30B,$0.42B,12.58%,$0.42B,$2.10B,19.95%,$0.42B,$-0.50B,-97.19%,$0.42B,$4.36B,9.91%,$0.64B,$2.79B,23.39%,$866,$476,$390,$0,$226,$702,$164,$-4,$160,$53,$107,$107,$107,$187,$164,$270,275,$0.40,$0.40,$423,$246,$26,$1018,$616,$25,$2597,$103,$3341,$4359,$905,$690,$163,$1352,$2257,$146,$2415,$-35,$2102,$4359,$414,$91,$37,$128,$-2,$2,$0,$-25,$-5,$540,$-71,$0,$-216,$0,$0,$0,$-2,$-288,$300,$-7,$293,$-446,$-446,$-168,$14,$-307,$-74,$17,$-168
16,2014-09-30,33.09,$7.81,4.24,$11.73,2.82,$3.93,8.41,$1.44,22.98,$0.99B,$0.92B,1.08,$0.65B,$2.09B,0.31,$3.26B,$1.44B,44.09%,$3.26B,$0.62B,19.11%,$3.26B,$0.62B,19.11%,$3.26B,$0.71B,21.87%,$3.26B,$0.60B,18.56%,$3.26B,$0.40B,12.29%,$0.40B,$2.09B,18.78%,$0.40B,$-0.52B,-119.49%,$0.40B,$4.33B,9.60%,$0.62B,$2.74B,22.37%,$842,$474,$368,$0,$190,$665,$177,$-4,$173,$57,$116,$116,$116,$199,$177,$267,272,$0.44,$0.43,$370,$262,$20,$993,$596,$25,$2608,$104,$3333,$4326,$918,$650,$156,$1320,$2238,$146,$2350,$-14,$2087,$4326,$307,$68,$32,$99,$5,$-10,$0,$-18,$1,$409,$-36,$0,$-216,$0,$0,$0,$-1,$-254,$0,$250,$250,$-411,$-411,$-126,$15,$-272,$-127,$15,$-126
17,2014-06-30,32.84,$7.56,4.34,$11.49,2.86,$3.79,8.67,$1.40,23.54,$0.86B,$0.65B,1.34,$0.65B,$2.02B,0.32,$3.22B,$1.43B,44.50%,$3.22B,$0.61B,19.05%,$3.22B,$0.61B,19.05%,$3.22B,$0.70B,21.81%,$3.22B,$0.59B,18.46%,$3.22B,$0.39B,12.18%,$0.39B,$2.02B,18.10%,$0.39B,$-0.39B,-152.53%,$0.39B,$3.99B,9.48%,$0.61B,$2.67B,21.77%,$808,$452,$356,$0,$218,$670,$138,$-3,$135,$46,$89,$89,$89,$161,$138,$270,275,$0.33,$0.33,$197,$271,$34,$864,$586,$25,$2407,$106,$3124,$3988,$645,$650,$160,$1323,$1968,$146,$2275,$5,$2020,$3988,$191,$46,$27,$73,$-10,$-19,$0,$-31,$-57,$207,$-17,$0,$0,$0,$0,$0,$-1,$-18,$0,$-1,$-1,$-417,$-417,$-85,$12,$-490,$-300,$13,$-85
18,2014-03-31,32.28,$7.78,4.15,$11.33,2.85,$3.60,8.97,$1.38,23.47,$0.95B,$0.66B,1.45,$0.65B,$2.11B,0.31,$3.20B,$1.43B,44.62%,$3.20B,$0.62B,19.26%,$3.20B,$0.62B,19.26%,$3.20B,$0.70B,22.01%,$3.20B,$0.59B,18.48%,$3.20B,$0.39B,12.20%,$0.39B,$2.11B,17.75%,$0.39B,$-0.31B,-165.78%,$0.39B,$4.09B,9.40%,$0.62B,$2.76B,21.63%,$782,$443,$339,$0,$177,$620,$162,$-5,$157,$54,$103,$103,$103,$185,$162,$276,281,$0.37,$0.37,$300,$265,$26,$954,$588,$24,$2419,$102,$3133,$4086,$659,$650,$157,$1314,$1973,$146,$2229,$-1,$2113,$4086,$103,$23,$8,$31,$-14,$-14,$0,$-13,$-32,$102,$-6,$0,$0,$0,$0,$0,$-0,$-7,$0,$-1,$-1,$-253,$-253,$-43,$6,$-290,$-197,$2,$-43
19,2013-12-31,30.82,$8.28,3.72,$11.32,2.72,$3.48,8.87,$1.39,22.18,$1.12B,$0.65B,1.71,$0.65B,$2.30B,0.28,$3.20B,$1.44B,45.01%,$3.20B,$0.62B,19.50%,$3.20B,$0.62B,19.50%,$3.20B,$0.71B,22.28%,$3.20B,$0.60B,18.69%,$3.20B,$0.40B,12.36%,$0.40B,$2.30B,18.03%,$0.40B,$-0.13B,-157.06%,$0.40B,$4.26B,9.53%,$0.62B,$2.95B,21.93%,$823,$451,$372,$0,$227,$678,$145,$-5,$139,$47,$92,$92,$92,$167,$145,$277,282,$0.34,$0.33,$497,$251,$22,$1116,$594,$25,$2427,$99,$3144,$4260,$651,$650,$158,$1309,$1960,$146,$2169,$0,$2300,$4260,$394,$91,$41,$132,$-31,$-7,$0,$-35,$-29,$500,$-67,$0,$0,$0,$0,$0,$-10,$-77,$0,$-99,$-99,$-28,$-28,$-155,$23,$-260,$154,$17,$-155
20,2013-09-30,27.81,$8.04,3.46,$11.24,2.47,$3.52,7.9,$1.35,20.6,$1.07B,$0.64B,1.66,$0.65B,$2.23B,0.29,$3.18B,$1.42B,44.75%,$3.18B,$0.61B,19.26%,$3.18B,$0.61B,19.26%,$3.18B,$0.71B,22.16%,$3.18B,$0.59B,18.48%,$3.18B,$0.38B,12.07%,$0.38B,$2.23B,18.02%,$0.38B,$-0.21B,-119.25%,$0.38B,$4.20B,9.36%,$0.61B,$2.88B,22.05%,$805,$440,$365,$0,$197,$637,$168,$-5,$163,$55,$108,$108,$108,$189,$168,$278,283,$0.39,$0.38,$446,$258,$20,$1065,$576,$26,$2441,$91,$3134,$4199,$640,$650,$155,$1328,$1968,$146,$2115,$-4,$2231,$4199,$302,$68,$31,$99,$-24,$-15,$0,$-16,$-26,$377,$-30,$0,$0,$0,$-6,$-6,$-3,$-39,$0,$-100,$-100,$-34,$-34,$-116,$20,$-230,$103,$15,$-116
21,2013-06-30,28.45,$7.75,3.67,$10.94,2.6,$3.23,8.81,$1.30,21.88,$0.91B,$0.58B,1.57,$0.65B,$2.15B,0.3,$3.10B,$1.39B,44.71%,$3.10B,$0.59B,19.02%,$3.10B,$0.59B,19.02%,$3.10B,$0.68B,21.99%,$3.10B,$0.57B,18.41%,$3.10B,$0.37B,11.93%,$0.37B,$2.15B,17.72%,$0.37B,$-0.30B,-190.97%,$0.37B,$4.05B,9.22%,$0.59B,$2.80B,21.55%,$788,$437,$351,$0,$211,$647,$141,$-8,$132,$46,$87,$87,$87,$163,$141,$277,282,$0.31,$0.31,$274,$256,$36,$911,$577,$24,$2447,$89,$3137,$4048,$580,$650,$154,$1321,$1901,$146,$2046,$-12,$2147,$4048,$194,$46,$22,$69,$-31,$-14,$0,$-27,$-104,$161,$-20,$0,$0,$0,$-5,$-5,$-1,$-26,$0,$-99,$-99,$-37,$-37,$-78,$18,$-195,$-69,$12,$-78
22,2013-03-31,29.66,$7.55,3.93,$10.60,2.8,$3.25,9.12,$1.28,23.26,$0.91B,$0.66B,1.39,$0.65B,$2.09B,0.31,$3.01B,$1.34B,44.49%,$3.01B,$0.57B,18.97%,$3.01B,$0.57B,18.97%,$3.01B,$0.66B,21.99%,$3.01B,$0.56B,18.67%,$3.01B,$0.36B,12.03%,$0.36B,$2.09B,17.68%,$0.36B,$-0.37B,-579.20%,$0.36B,$4.07B,9.58%,$0.57B,$2.74B,21.98%,$779,$429,$350,$0,$181,$610,$169,$-6,$163,$56,$108,$108,$108,$193,$169,$277,282,$0.39,$0.38,$279,$259,$23,$912,$585,$25,$2456,$88,$3153,$4065,$656,$649,$158,$1323,$1979,$146,$1998,$-3,$2086,$4065,$108,$24,$6,$30,$-31,$-15,$0,$-9,$-65,$72,$-10,$0,$0,$-20,$-3,$-23,$0,$-33,$0,$-50,$-50,$-45,$-45,$-39,$14,$-119,$-83,$2,$-39
23,2012-12-31,24.47,$7.43,3.3,$10.22,2.39,$3.38,7.25,$1.23,19.98,$0.93B,$0.73B,1.29,$0.65B,$2.06B,0.32,$2.92B,$1.29B,44.22%,$2.92B,$0.55B,18.65%,$2.92B,$0.55B,18.65%,$2.92B,$0.63B,21.59%,$2.92B,$0.54B,18.55%,$2.92B,$0.35B,11.98%,$0.35B,$2.06B,17.21%,$0.35B,$-0.41B,366.49%,$0.35B,$4.10B,9.87%,$0.55B,$2.71B,21.94%,$810,$451,$358,$0,$224,$675,$135,$-4,$130,$49,$81,$81,$81,$160,$135,$280,285,$0.30,$0.29,$343,$242,$28,$934,$586,$23,$2469,$87,$3164,$4098,$726,$649,$141,$1311,$2037,$146,$1929,$3,$2061,$4098,$350,$85,$29,$114,$-9,$-1,$0,$-19,$61,$524,$-75,$0,$-652,$0,$-14,$-14,$-1,$-741,$400,$251,$651,$-222,$-222,$-135,$11,$305,$92,$12,$-135
24,2012-09-30,24.55,$7.38,3.33,$9.89,2.48,$3.04,8.07,$1.16,21.16,$1.44B,$0.65B,2.2,$0.65B,$2.06B,0.32,$2.84B,$1.25B,44.00%,$2.84B,$0.53B,18.54%,$2.84B,$0.53B,18.54%,$2.84B,$0.61B,21.35%,$2.84B,$0.53B,18.64%,$2.84B,$0.33B,11.71%,$0.33B,$2.06B,16.42%,$0.33B,$0.30B,125.90%,$0.33B,$3.84B,10.08%,$0.53B,$2.71B,22.16%,$725,$398,$328,$0,$182,$580,$145,$1,$146,$52,$94,$94,$94,$166,$145,$279,284,$0.34,$0.33,$891,$225,$35,$1436,$542,$20,$1755,$86,$2404,$3840,$652,$649,$133,$1129,$1782,$146,$1882,$7,$2058,$3840,$269,$59,$26,$85,$-17,$-23,$0,$-25,$-38,$316,$-50,$0,$0,$0,$-10,$-10,$-652,$-711,$652,$0,$652,$-180,$-180,$-101,$11,$381,$-10,$11,$-101
25,2012-06-30,25.1,$7.13,3.52,$9.73,2.58,$3.06,8.22,$1.10,22.82,$0.73B,$0.42B,1.75,$0.25B,$1.99B,0.13,$2.82B,$1.23B,43.74%,$2.82B,$0.51B,18.02%,$2.82B,$0.51B,18.02%,$2.82B,$0.59B,20.82%,$2.82B,$0.51B,18.09%,$2.82B,$0.32B,11.32%,$0.32B,$1.99B,15.67%,$0.32B,$0.23B,119.92%,$0.32B,$3.12B,10.20%,$0.51B,$2.24B,22.23%,$696,$393,$303,$0,$181,$574,$122,$1,$123,$44,$79,$79,$79,$143,$122,$279,284,$0.29,$0.28,$184,$226,$43,$732,$533,$17,$1760,$75,$2385,$3116,$419,$250,$122,$712,$1131,$146,$1822,$0,$1985,$3116,$175,$39,$18,$57,$-12,$-27,$0,$-16,$-43,$189,$-40,$0,$0,$0,$-7,$-7,$-1,$-48,$0,$30,$30,$-183,$-183,$-68,$13,$-208,$-67,$9,$-68
26,2012-03-31,22.16,$7.21,3.07,$9.60,2.31,$3.04,7.29,$1.11,20.06,$0.76B,$0.41B,1.87,$0.25B,$2.03B,0.12,$2.80B,$1.23B,43.96%,$2.80B,$0.50B,18.01%,$2.80B,$0.50B,18.01%,$2.80B,$0.58B,20.80%,$2.80B,$0.51B,18.08%,$2.80B,$0.32B,11.54%,$0.32B,$2.03B,15.77%,$0.32B,$0.26B,118.32%,$0.32B,$3.14B,10.38%,$0.50B,$2.28B,21.93%,$691,$388,$303,$0,$160,$548,$143,$1,$143,$47,$96,$96,$96,$162,$143,$285,290,$0.34,$0.33,$232,$213,$38,$759,$518,$15,$1768,$75,$2376,$3135,$405,$250,$114,$700,$1105,$146,$1776,$10,$2030,$3135,$96,$19,$3,$22,$-5,$-11,$0,$-12,$-4,$114,$-15,$0,$0,$0,$-3,$-3,$-0,$-19,$0,$-3,$-3,$-85,$-85,$-34,$4,$-117,$-19,$2,$-34
27,2011-12-31,20.51,$7.17,2.86,$9.43,2.18,$2.95,6.96,$1.06,19.31,$0.76B,$0.38B,1.97,$0.25B,$2.04B,0.12,$2.75B,$1.22B,44.20%,$2.75B,$0.49B,17.90%,$2.75B,$0.49B,17.90%,$2.75B,$0.57B,20.77%,$2.75B,$0.50B,18.01%,$2.75B,$0.31B,11.31%,$0.31B,$2.04B,15.33%,$0.31B,$0.27B,117.91%,$0.31B,$3.12B,10.14%,$0.49B,$2.29B,21.59%,$731,$415,$317,$0,$199,$614,$117,$1,$118,$54,$64,$64,$64,$136,$117,$286,292,$0.22,$0.22,$251,$201,$33,$755,$506,$12,$1773,$72,$2362,$3118,$384,$250,$106,$693,$1077,$146,$1714,$3,$2041,$3118,$310,$77,$74,$151,$-35,$-9,$0,$-25,$-23,$438,$-77,$0,$-69,$0,$-3,$-3,$1,$-148,$0,$-87,$-87,$-53,$-53,$-97,$11,$-227,$62,$11,$-97
28,2011-09-30,19.73,$7.26,2.72,$9.19,2.15,$3.00,6.58,$1.01,19.64,$0.80B,$0.39B,2.03,$0.25B,$2.09B,0.12,$2.68B,$1.19B,44.49%,$2.68B,$0.46B,17.01%,$2.68B,$0.46B,17.01%,$2.68B,$0.53B,19.89%,$2.68B,$0.45B,16.75%,$2.68B,$0.29B,10.99%,$0.29B,$2.09B,14.80%,$0.29B,$0.31B,126.72%,$0.29B,$3.14B,9.72%,$0.46B,$2.34B,20.35%,$701,$391,$310,$0,$184,$575,$126,$-0,$126,$46,$80,$80,$80,$146,$126,$287,293,$0.28,$0.27,$275,$225,$21,$799,$477,$10,$1777,$81,$2345,$3144,$394,$250,$89,$665,$1058,$146,$1675,$17,$2086,$3144,$246,$59,$47,$106,$-29,$-29,$0,$-15,$-32,$319,$-41,$0,$-65,$2,$0,$2,$-1,$-105,$0,$-86,$-86,$20,$20,$-73,$10,$-129,$86,$10,$-73
29,2011-06-30,18.03,$7.10,2.54,$9.07,1.99,$2.95,6.12,$0.98,18.49,$0.70B,$0.37B,1.89,$0.25B,$2.04B,0.12,$2.63B,$1.17B,44.43%,$2.63B,$0.44B,16.80%,$2.63B,$0.44B,16.80%,$2.63B,$0.52B,19.65%,$2.63B,$0.43B,16.27%,$2.63B,$0.28B,10.79%,$0.28B,$2.04B,14.79%,$0.28B,$0.25B,152.07%,$0.28B,$3.06B,9.35%,$0.44B,$2.29B,19.77%,$675,$375,$300,$0,$182,$557,$118,$1,$119,$36,$83,$83,$83,$138,$118,$287,292,$0.29,$0.29,$163,$216,$35,$703,$474,$10,$1785,$84,$2353,$3055,$371,$250,$86,$647,$1018,$146,$1619,$31,$2038,$3055,$166,$39,$29,$68,$-35,$-16,$0,$-11,$-61,$172,$-24,$0,$-65,$1,$0,$1,$-0,$-87,$0,$-90,$-90,$17,$17,$-49,$5,$-117,$-26,$8,$-49
30,2011-03-31,17.57,$6.83,2.57,$8.98,1.96,$2.83,6.22,$0.95,18.54,$0.66B,$0.36B,1.84,$0.25B,$1.95B,0.13,$2.60B,$1.16B,44.67%,$2.60B,$0.44B,17.10%,$2.60B,$0.44B,17.10%,$2.60B,$0.52B,19.91%,$2.60B,$0.43B,16.37%,$2.60B,$0.28B,10.59%,$0.28B,$1.95B,14.90%,$0.28B,$0.23B,198.92%,$0.28B,$2.95B,9.01%,$0.44B,$2.20B,19.87%,$642,$354,$288,$0,$157,$511,$131,$1,$132,$48,$84,$84,$84,$151,$131,$286,291,$0.30,$0.29,$159,$213,$26,$663,$468,$10,$1726,$85,$2289,$2953,$361,$250,$87,$641,$1002,$73,$1561,$26,$1951,$2953,$84,$19,$15,$34,$-15,$-15,$0,$-9,$-38,$80,$-7,$0,$0,$1,$0,$1,$-0,$-6,$0,$-90,$-90,$6,$6,$-24,$2,$-106,$-30,$2,$-24
31,2010-12-31,15.21,$6.57,2.32,$8.97,1.7,$2.82,5.39,$0.94,16.23,$0.65B,$0.45B,1.45,$0.25B,$1.87B,0.13,$2.59B,$1.16B,44.71%,$2.59B,$0.45B,17.18%,$2.59B,$0.45B,17.18%,$2.59B,$0.52B,19.92%,$2.59B,$0.42B,16.14%,$2.59B,$0.27B,10.46%,$0.27B,$1.87B,15.25%,$0.27B,$0.14B,286.02%,$0.27B,$2.95B,8.75%,$0.45B,$2.12B,19.82%,$657,$364,$292,$0,$212,$577,$80,$-9,$71,$24,$47,$47,$47,$97,$80,$284,289,$0.17,$0.16,$189,$195,$18,$650,$468,$9,$1730,$88,$2296,$2945,$447,$250,$85,$627,$1074,$146,$1502,$16,$1871,$2945,$271,$72,$63,$134,$-13,$24,$0,$-2,$24,$429,$-56,$0,$-126,$2,$0,$2,$-1,$-180,$-532,$55,$-477,$16,$16,$-44,$1,$-504,$-258,$12,$-44
32,2010-09-30,14.28,$6.40,2.23,$9.04,1.58,$2.56,5.57,$0.96,14.87,$0.97B,$0.51B,1.9,$0.51B,$1.82B,0.28,$2.60B,$1.15B,44.20%,$2.60B,$0.46B,17.51%,$2.60B,$0.46B,17.51%,$2.60B,$0.53B,20.39%,$2.60B,$0.43B,16.59%,$2.60B,$0.28B,10.64%,$0.28B,$1.82B,16.20%,$0.28B,$0.13B,535.27%,$0.28B,$3.20B,8.82%,$0.46B,$2.33B,20.13%,$657,$368,$289,$0,$176,$544,$113,$-7,$106,$36,$70,$70,$70,$131,$113,$284,289,$0.25,$0.24,$454,$215,$25,$965,$456,$10,$1690,$79,$2235,$3200,$508,$512,$82,$874,$1381,$73,$1467,$6,$1819,$3200,$224,$54,$43,$97,$-33,$2,$0,$-4,$-32,$289,$-29,$0,$-81,$2,$0,$2,$-0,$-108,$-123,$-35,$-158,$11,$11,$-32,$7,$-172,$6,$10,$-32
33,2010-06-30,13.75,$6.14,2.24,$9.02,1.52,$2.55,5.4,$0.97,14.25,$0.88B,$0.47B,1.88,$0.54B,$1.74B,0.31,$2.59B,$1.15B,44.23%,$2.59B,$0.46B,17.78%,$2.59B,$0.46B,17.78%,$2.59B,$0.54B,20.79%,$2.59B,$0.44B,16.93%,$2.59B,$0.28B,10.68%,$0.28B,$1.74B,16.87%,$0.28B,$0.06B,-6925.00%,$0.28B,$3.11B,8.88%,$0.46B,$2.28B,20.65%,$641,$350,$291,$0,$171,$521,$120,$-4,$116,$42,$74,$74,$74,$138,$120,$284,289,$0.26,$0.26,$364,$231,$19,$875,$451,$13,$1684,$88,$2235,$3111,$466,$541,$115,$902,$1368,$73,$1410,$-7,$1743,$3111,$154,$36,$15,$52,$-30,$-17,$0,$-3,$-82,$124,$-12,$0,$-70,$2,$0,$2,$0,$-81,$-82,$-33,$-115,$10,$10,$-20,$5,$-121,$-83,$8,$-20
34,2010-03-31,14.65,$5.92,2.47,$8.99,1.63,$2.75,5.33,$0.91,16.1,$0.95B,$0.53B,1.82,$0.57B,$1.68B,0.34,$2.58B,$1.14B,44.19%,$2.58B,$0.44B,17.09%,$2.58B,$0.44B,17.09%,$2.58B,$0.52B,20.27%,$2.58B,$0.42B,16.23%,$2.58B,$0.26B,10.14%,$0.26B,$1.68B,16.58%,$0.26B,$0.05B,-427.87%,$0.26B,$3.13B,8.43%,$0.44B,$2.25B,19.95%,$635,$349,$286,$0,$154,$503,$132,$-7,$125,$45,$80,$80,$80,$150,$132,$283,288,$0.28,$0.28,$447,$228,$18,$954,$452,$12,$1625,$90,$2179,$3133,$525,$569,$120,$932,$1457,$73,$1345,$4,$1677,$3133,$80,$18,$5,$23,$-24,$-13,$0,$-2,$-31,$72,$-1,$0,$-0,$1,$0,$1,$1,$1,$-41,$-30,$-71,$5,$5,$-10,$3,$-73,$-1,$2,$-10
35,2009-12-31,13.19,$5.68,2.32,$8.82,1.5,$2.75,4.8,$0.85,15.48,$0.93B,$0.57B,1.64,$0.60B,$1.60B,0.37,$2.52B,$1.10B,43.67%,$2.52B,$0.41B,16.38%,$2.52B,$0.41B,16.38%,$2.52B,$0.50B,19.75%,$2.52B,$0.39B,15.55%,$2.52B,$0.24B,9.68%,$0.24B,$1.60B,16.24%,$0.24B,$-0.03B,-176.17%,$0.24B,$3.12B,8.04%,$0.41B,$2.20B,18.98%,$671,$386,$285,$0,$194,$579,$91,$-6,$85,$32,$53,$53,$53,$112,$91,$282,286,$0.19,$0.18,$447,$217,$22,$928,$456,$13,$1633,$89,$2190,$3118,$567,$597,$112,$950,$1517,$73,$1275,$10,$1602,$3118,$244,$85,$45,$131,$6,$-11,$0,$5,$30,$401,$-105,$0,$-1,$1,$0,$1,$1,$-104,$-72,$31,$-41,$10,$10,$-32,$5,$-58,$249,$13,$-32
36,2009-09-30,12.35,$5.49,2.25,$8.74,1.41,$2.60,4.74,$0.82,15.02,$0.94B,$0.58B,1.63,$0.66B,$1.54B,0.43,$2.50B,$1.07B,42.89%,$2.50B,$0.40B,16.11%,$2.50B,$0.40B,16.11%,$2.50B,$0.49B,19.48%,$2.50B,$0.38B,15.15%,$2.50B,$0.24B,9.42%,$0.24B,$1.54B,16.37%,$0.24B,$-0.10B,-110.98%,$0.24B,$3.12B,7.95%,$0.40B,$2.20B,18.65%,$646,$361,$285,$0,$187,$528,$118,$-5,$113,$43,$70,$70,$70,$139,$118,$282,286,$0.25,$0.25,$419,$227,$31,$940,$442,$12,$1640,$88,$2182,$3122,$577,$658,$102,$1000,$1578,$73,$1232,$5,$1544,$3122,$191,$65,$42,$107,$-9,$-22,$0,$-25,$11,$309,$-57,$0,$-1,$1,$0,$1,$0,$-56,$-51,$30,$-21,$5,$5,$-22,$2,$-37,$221,$11,$-22
37,2009-06-30,11.8,$5.25,2.25,$8.70,1.36,$2.41,4.9,$0.75,15.73,$0.84B,$0.50B,1.67,$0.70B,$1.48B,0.47,$2.48B,$1.04B,41.77%,$2.48B,$0.37B,14.92%,$2.48B,$0.37B,14.92%,$2.48B,$0.45B,18.27%,$2.48B,$0.34B,13.71%,$2.48B,$0.21B,8.63%,$0.21B,$1.48B,15.47%,$0.21B,$-0.17B,-76.77%,$0.21B,$3.01B,7.41%,$0.37B,$2.17B,17.30%,$623,$342,$282,$0,$183,$524,$99,$-4,$95,$37,$58,$58,$58,$121,$99,$281,286,$0.21,$0.20,$357,$215,$4,$838,$424,$11,$1644,$88,$2167,$3005,$501,$699,$101,$1029,$1530,$73,$1172,$-0,$1475,$3005,$121,$44,$27,$71,$-8,$-12,$0,$-1,$3,$195,$-27,$0,$-0,$1,$0,$1,$-0,$-26,$-34,$27,$-7,$4,$4,$-13,$2,$-14,$159,$9,$-13
38,2009-03-31,11.33,$4.95,2.29,$8.61,1.32,$2.26,5.01,$0.71,15.9,$0.76B,$0.46B,1.65,$0.74B,$1.39B,0.53,$2.45B,$1.00B,40.64%,$2.45B,$0.35B,14.40%,$2.45B,$0.35B,14.40%,$2.45B,$0.43B,17.54%,$2.45B,$0.32B,13.06%,$2.45B,$0.20B,8.24%,$0.20B,$1.39B,15.37%,$0.20B,$-0.26B,-74.26%,$0.20B,$2.90B,7.28%,$0.35B,$2.13B,17.09%,$581,$332,$249,$0,$145,$476,$105,$-5,$99,$37,$63,$63,$63,$126,$105,$281,285,$0.22,$0.22,$280,$200,$31,$757,$399,$10,$1649,$86,$2144,$2901,$460,$740,$94,$1051,$1510,$73,$1120,$-24,$1390,$2901,$63,$22,$13,$34,$-8,$-2,$0,$-3,$-5,$92,$-21,$0,$-0,$1,$0,$1,$-0,$-21,$-17,$32,$15,$2,$2,$-6,$1,$12,$82,$3,$-6
39,2008-12-31,12.15,$4.75,2.56,$8.52,1.43,$2.24,5.41,$0.70,17.48,$0.67B,$0.39B,1.72,$0.78B,$1.33B,0.59,$2.42B,$0.97B,40.07%,$2.42B,$0.34B,14.07%,$2.42B,$0.34B,14.07%,$2.42B,$0.41B,17.00%,$2.42B,$0.31B,12.71%,$2.42B,$0.20B,8.05%,$0.20B,$1.33B,15.60%,$0.20B,$-0.32B,-74.93%,$0.20B,$2.80B,7.32%,$0.34B,$2.11B,17.15%,$645,$391,$254,$0,$174,$565,$80,$-9,$71,$27,$44,$44,$44,$100,$80,$271,284,$0.16,$0.16,$198,$199,$32,$665,$385,$10,$1655,$86,$2136,$2801,$387,$781,$93,$1083,$1470,$73,$1064,$-20,$1332,$2801,$195,$71,$41,$112,$26,$2,$0,$-15,$29,$336,$-83,$0,$-384,$1,$0,$1,$-0,$-466,$212,$-112,$100,$12,$12,$-23,$-2,$87,$-52,$12,$-23
40,2008-09-30,13.42,$4.77,2.81,$8.31,1.61,$2.09,6.42,$0.66,20.49,$0.70B,$0.41B,1.68,$0.80B,$1.34B,0.6,$2.36B,$0.94B,39.82%,$2.36B,$0.32B,13.53%,$2.36B,$0.32B,13.53%,$2.36B,$0.38B,16.24%,$2.36B,$0.29B,12.13%,$2.36B,$0.18B,7.76%,$0.18B,$1.34B,15.42%,$0.18B,$-0.36B,-73.86%,$0.18B,$2.84B,7.04%,$0.32B,$2.14B,16.72%,$631,$380,$251,$0,$166,$545,$86,$-11,$75,$26,$49,$49,$49,$106,$86,$274,285,$0.18,$0.17,$176,$222,$0,$695,$350,$10,$1698,$87,$2147,$2843,$414,$802,$87,$1094,$1508,$73,$1026,$27,$1335,$2843,$151,$52,$16,$68,$-12,$-8,$0,$-2,$4,$222,$-28,$0,$-384,$1,$0,$1,$-0,$-411,$223,$-97,$126,$11,$11,$-17,$-3,$117,$-74,$9,$-17
41,2008-06-30,12.16,$4.51,2.7,$8.17,1.49,$1.87,6.5,$0.67,18.15,$0.78B,$0.38B,2.02,$0.68B,$1.20B,0.57,$2.31B,$0.92B,39.75%,$2.31B,$0.32B,13.96%,$2.31B,$0.32B,13.96%,$2.31B,$0.38B,16.47%,$2.31B,$0.29B,12.57%,$2.31B,$0.19B,8.06%,$0.19B,$1.20B,16.75%,$0.19B,$-0.14B,-77.66%,$0.19B,$2.55B,7.42%,$0.32B,$1.88B,17.79%,$594,$351,$242,$0,$161,$512,$82,$-6,$75,$30,$46,$46,$46,$98,$82,$266,284,$0.17,$0.17,$256,$219,$0,$777,$340,$10,$1343,$80,$1775,$2551,$384,$679,$86,$968,$1351,$70,$983,$44,$1200,$2551,$102,$32,$10,$41,$-22,$-6,$0,$-1,$-13,$130,$-5,$0,$-1,$1,$0,$1,$-0,$-5,$-17,$-99,$-116,$6,$6,$-11,$1,$-120,$6,$7,$-11
42,2008-03-31,11.69,$4.27,2.74,$8.02,1.46,$1.61,7.26,$0.65,17.91,$0.69B,$0.35B,1.98,$0.69B,$1.13B,0.61,$2.26B,$0.89B,39.49%,$2.26B,$0.32B,14.03%,$2.26B,$0.32B,14.03%,$2.26B,$0.37B,16.51%,$2.26B,$0.28B,12.44%,$2.26B,$0.18B,8.01%,$0.18B,$1.13B,17.18%,$0.18B,$-0.21B,-60.08%,$0.18B,$2.47B,7.35%,$0.32B,$1.83B,17.97%,$553,$329,$224,$0,$131,$460,$93,$-5,$87,$31,$56,$56,$56,$108,$93,$265,283,$0.21,$0.20,$208,$215,$0,$693,$340,$10,$1346,$75,$1772,$2465,$349,$693,$94,$983,$1332,$70,$943,$34,$1133,$2465,$56,$15,$5,$20,$3,$-4,$0,$-4,$-13,$63,$3,$0,$-0,$1,$0,$1,$-0,$4,$-8,$-100,$-108,$3,$3,$-5,$2,$-109,$-42,$2,$-5
43,2007-12-31,11.63,$3.89,2.99,$7.90,1.47,$1.44,8.07,$0.62,18.92,$0.74B,$0.46B,1.61,$0.71B,$1.08B,0.66,$2.22B,$0.87B,39.10%,$2.22B,$0.31B,13.78%,$2.22B,$0.31B,13.78%,$2.22B,$0.36B,16.31%,$2.22B,$0.26B,11.89%,$2.22B,$0.17B,7.66%,$0.17B,$1.08B,16.98%,$0.17B,$-0.27B,-47.39%,$0.17B,$2.53B,6.98%,$0.31B,$1.79B,17.72%,$580,$358,$222,$0,$164,$522,$58,$-9,$49,$17,$32,$32,$32,$71,$58,$263,281,$0.12,$0.12,$250,$214,$1,$735,$351,$10,$1354,$82,$1797,$2532,$458,$707,$88,$994,$1452,$70,$892,$39,$1080,$2532,$169,$57,$29,$85,$-7,$-14,$5,$-2,$-6,$249,$-42,$0,$-1,$0,$0,$0,$1,$-43,$-90,$13,$-77,$16,$16,$-20,$8,$-74,$139,$11,$-20
44,2007-09-30,10.11,$3.90,2.59,$7.75,1.3,$1.21,8.36,$0.59,17.13,$0.69B,$0.46B,1.49,$0.72B,$1.03B,0.7,$2.17B,$0.85B,39.24%,$2.17B,$0.29B,13.48%,$2.17B,$0.29B,13.48%,$2.17B,$0.35B,16.11%,$2.17B,$0.25B,11.40%,$2.17B,$0.16B,7.48%,$0.16B,$1.03B,17.11%,$0.16B,$-0.33B,-38.97%,$0.16B,$2.48B,6.78%,$0.29B,$1.75B,17.23%,$580,$351,$229,$0,$141,$492,$89,$-9,$79,$28,$52,$52,$52,$103,$89,$264,281,$0.20,$0.19,$178,$220,$0,$688,$347,$10,$1359,$73,$1793,$2481,$462,$716,$73,$989,$1451,$70,$865,$26,$1029,$2481,$137,$43,$27,$70,$-35,$-22,$0,$-6,$-48,$159,$-29,$0,$-1,$1,$0,$1,$-0,$-30,$-82,$15,$-67,$10,$10,$-14,$6,$-66,$68,$9,$-14
45,2007-06-30,10.39,$3.69,2.81,$7.56,1.37,$1.02,10.18,$0.55,19.07,$0.59B,$0.42B,1.42,$0.72B,$0.97B,0.74,$2.11B,$0.82B,39.14%,$2.11B,$0.27B,12.92%,$2.11B,$0.27B,12.92%,$2.11B,$0.33B,15.58%,$2.11B,$0.23B,10.69%,$2.11B,$0.15B,7.08%,$0.15B,$0.97B,16.58%,$0.15B,$-0.39B,-31.75%,$0.15B,$2.38B,6.32%,$0.27B,$1.70B,16.22%,$546,$330,$217,$0,$140,$470,$77,$-10,$66,$26,$41,$41,$41,$91,$77,$263,281,$0.16,$0.15,$107,$212,$3,$589,$344,$11,$1362,$66,$1787,$2375,$415,$724,$71,$987,$1402,$70,$819,$21,$973,$2375,$86,$29,$19,$48,$-11,$-15,$0,$-9,$-58,$75,$-25,$0,$-1,$0,$0,$0,$-0,$-26,$-73,$14,$-59,$9,$9,$-9,$5,$-54,$-4,$6,$-9
46,2007-03-31,10.78,$3.50,3.08,$7.29,1.48,$0.87,12.38,$0.53,20.25,$0.58B,$0.43B,1.36,$0.76B,$0.92B,0.82,$2.02B,$0.79B,39.25%,$2.02B,$0.26B,12.98%,$2.02B,$0.26B,12.98%,$2.02B,$0.32B,15.66%,$2.02B,$0.22B,10.75%,$2.02B,$0.14B,7.14%,$0.14B,$0.92B,16.89%,$0.14B,$-0.44B,-32.60%,$0.14B,$2.36B,6.35%,$0.26B,$1.68B,16.35%,$514,$314,$200,$0,$118,$432,$82,$-12,$70,$25,$45,$45,$45,$97,$82,$262,280,$0.17,$0.17,$108,$214,$3,$577,$337,$11,$1363,$68,$1783,$2361,$425,$756,$69,$1014,$1439,$70,$783,$13,$922,$2361,$45,$15,$7,$22,$2,$-20,$0,$-3,$-37,$30,$-11,$0,$-1,$0,$0,$0,$0,$-12,$-40,$13,$-26,$6,$6,$-5,$4,$-21,$-3,$3,$-5
47,2006-12-31,9.12,$3.30,2.76,$7.07,1.29,$0.82,11.17,$0.52,17.62,$0.56B,$0.44B,1.25,$0.79B,$0.86B,0.92,$1.95B,$0.76B,39.11%,$1.95B,$0.25B,12.95%,$1.95B,$0.25B,12.95%,$1.95B,$0.30B,15.62%,$1.95B,$0.21B,10.95%,$1.95B,$0.14B,7.14%,$0.14B,$0.86B,17.21%,$0.14B,$-0.50B,-33.78%,$0.14B,$2.33B,6.40%,$0.25B,$1.66B,16.55%,$526,$322,$204,$0,$160,$482,$44,$-12,$32,$8,$24,$24,$24,$58,$44,$259,276,$0.09,$0.09,$110,$195,$0,$556,$340,$10,$1366,$56,$1778,$2334,$444,$793,$47,$1026,$1470,$70,$740,$12,$864,$2334,$139,$52,$34,$85,$-14,$-13,$-4,$-8,$-38,$186,$-48,$0,$-339,$2,$0,$2,$-1,$-386,$180,$-3,$177,$12,$12,$-17,$6,$178,$-16,$11,$-17
