,Date,Stock Price,Book Value per Share,Price to Book Ratio,TTM Sales per Share,Price to Sales Ratio,TTM FCF per Share,Price to FCF Ratio,TTM Net EPS,PE Ratio,Current Assets,Current Liabilities,Current Ratio,Long Term Debt,Shareholder's Equity_x,Debt to Equity Ratio,TTM Revenue_x,TTM Gross Profit,Gross Margin,TTM Revenue_y,TTM Operating Income,Operating Margin,TTM Revenue_x,TTM EBIT,EBIT Margin,TTM Revenue_y,TTM EBITDA,EBITDA Margin,TTM Revenue_x,TTM Pre-Tax Income,Pre-Tax Margin,TTM Revenue_y,TTM Net Income_x,Net Margin,TTM Net Income_y,Shareholder's Equity_y,Return on Equity,TTM Net Income_x,Tangible Equity,Return on Tangible Equity,TTM Net Income_y,Total Assets,Return on Assets,TTM Net Income,LT Investments & Debt,Return on Investment,revenue,cost-goods-sold,gross-profit,research-development-expenses,selling-general-administrative-expenses,operating-expenses,operating-income,total-non-operating-income-expense,pre-tax-income,total-provision-income-taxes,income-after-taxes,income-from-continuous-operations,net-income,ebitda,ebit,basic-shares-outstanding,shares-outstanding,eps-basic-net-earnings-per-share,eps-earnings-per-share-diluted,cash-on-hand,inventory,other-current-assets,total-current-assets,net-property-plant-equipment,long-term-investments,goodwill-intangible-assets-total,other-long-term-assets,total-long-term-assets,total-assets,total-current-liabilities,long-term-debt,other-non-current-liabilities,total-long-term-liabilities,total-liabilities,common-stock-net,retained-earnings-accumulated-deficit,comprehensive-income,total-share-holder-equity,total-liabilities-share-holders-equity,net-income-loss,total-depreciation-amortization-cash-flow,other-non-cash-items,total-non-cash-items,change-in-accounts-receivable,change-in-inventories,change-in-accounts-payable,change-in-assets-liabilities,total-change-in-assets-liabilities,cash-flow-from-operating-activities,net-change-in-property-plant-equipment,net-change-in-intangible-assets,net-acquisitions-divestitures,net-change-in-short-term-investments,net-change-in-long-term-investments,net-change-in-investments-total,investing-activities-other,cash-flow-from-investing-activities,net-long-term-debt,net-current-debt,debt-issuance-retirement-net-total,net-common-equity-issued-repurchased,net-total-equity-issued-repurchased,total-common-preferred-stock-dividends-paid,financial-activities-other,cash-flow-from-financial-activities,net-cash-flow,stock-based-compensation,common-stock-dividends-paid
0,2018-09-30,277.7,$37.85,7.34,$68.65,4.05,$15.38,18.06,$26.68,10.41,$0.23B,$0.21B,1.09,$0.88B,$0.52B,1.71,$0.97B,$0.28B,29.34%,$0.97B,$0.17B,17.05%,$0.97B,$0.17B,17.05%,$0.97B,$0.24B,24.59%,$0.97B,$0.19B,19.11%,$0.97B,$0.38B,39.15%,$0.38B,$0.52B,77.66%,$0.38B,$-0.09B,-1403.70%,$0.38B,$1.71B,20.57%,$0.17B,$1.40B,11.53%,$221,$174,$48,$0,$22,$201,$21,$54,$75,$17,$58,$58,$56,$37,$21,$14,14,$4.15,$4.12,$170,$0,$26,$230,$753,$108,$603,$18,$1481,$1712,$211,$881,$18,$986,$1197,$12,$504,$-1,$515,$1712,$341,$46,$-245,$-199,$0,$0,$0,$-38,$-7,$135,$-126,$0,$13,$0,$0,$0,$961,$849,$-300,$0,$-300,$-515,$-515,$-24,$-61,$-899,$85,$17,$-24
1,2018-06-30,296.5,$33.32,8.9,$65.20,4.55,$19.69,15.05,$23.64,12.54,$0.35B,$0.27B,1.29,$0.88B,$0.45B,1.95,$0.94B,$0.28B,30.08%,$0.94B,$0.17B,18.11%,$0.94B,$0.17B,18.11%,$0.94B,$0.26B,27.22%,$0.94B,$0.13B,14.09%,$0.94B,$0.34B,36.02%,$0.34B,$0.45B,65.92%,$0.34B,$-0.03B,-203.90%,$0.34B,$1.70B,17.03%,$0.17B,$1.34B,11.29%,$379,$218,$162,$0,$23,$243,$137,$-1,$136,$33,$103,$103,$103,$152,$137,$14,14,$7.60,$7.55,$295,$0,$22,$354,$669,$177,$484,$13,$1343,$1697,$274,$882,$18,$969,$1243,$6,$448,$-1,$453,$1697,$285,$30,$-208,$-179,$0,$0,$0,$1,$56,$162,$-72,$0,$0,$0,$0,$0,$965,$892,$-244,$0,$-244,$-515,$-515,$-24,$-63,$-845,$209,$13,$-24
2,2018-03-31,244.05,$25.45,9.59,$58.12,4.2,$19.49,12.52,$20.90,11.68,$0.30B,$0.29B,1.02,$0.88B,$0.34B,2.57,$0.90B,$0.27B,29.42%,$0.90B,$0.16B,17.37%,$0.90B,$0.16B,17.37%,$0.90B,$0.26B,28.43%,$0.90B,$0.12B,12.94%,$0.90B,$0.32B,34.85%,$0.32B,$0.34B,56.99%,$0.32B,$-0.14B,-95.74%,$0.32B,$1.60B,14.70%,$0.16B,$1.23B,9.84%,$189,$150,$40,$0,$18,$170,$20,$-3,$17,$3,$14,$14,$182,$34,$20,$14,15,$12.61,$12.55,$234,$0,$26,$295,$635,$173,$485,$13,$1306,$1601,$289,$883,$17,$968,$1257,$0,$345,$-1,$344,$1601,$182,$14,$-217,$-203,$0,$0,$0,$24,$77,$56,$-34,$0,$0,$0,$0,$0,$971,$937,$-243,$0,$-243,$-514,$-514,$-24,$-63,$-844,$149,$6,$-24
3,2017-12-31,232.7,$41.58,5.6,$55.03,4.23,$19.63,11.85,$8.79,26.47,$0.26B,$0.45B,0.57,$1.13B,$0.64B,1.76,$0.88B,$0.25B,28.77%,$0.88B,$0.15B,16.53%,$0.88B,$0.15B,16.53%,$0.88B,$0.26B,29.45%,$0.88B,$0.10B,11.66%,$0.88B,$0.14B,15.86%,$0.14B,$0.64B,21.91%,$0.14B,$0.15B,-31.95%,$0.14B,$2.36B,6.07%,$0.15B,$1.77B,8.59%,$179,$145,$34,$0,$24,$192,$-13,$-31,$-43,$-78,$34,$34,$38,$15,$-13,$15,16,$2.50,$2.46,$83,$0,$19,$256,$608,$171,$487,$14,$2103,$2359,$453,$1125,$16,$1266,$1719,$7,$634,$-1,$640,$2359,$141,$115,$0,$115,$0,$0,$0,$-10,$-37,$218,$-117,$0,$-24,$0,$-24,$-24,$12,$-154,$199,$0,$199,$-189,$-189,$-22,$-48,$-60,$6,$27,$-22
4,2017-09-30,204.87,$40.67,5.04,$53.11,3.86,$24.87,8.24,$7.93,25.84,$0.24B,$0.41B,0.57,$1.11B,$0.63B,1.77,$0.87B,$0.25B,28.41%,$0.87B,$0.19B,22.06%,$0.87B,$0.19B,22.06%,$0.87B,$0.31B,35.80%,$0.87B,$0.17B,19.86%,$0.87B,$0.13B,14.90%,$0.13B,$0.63B,19.84%,$0.13B,$-0.65B,-30.41%,$0.13B,$2.33B,5.66%,$0.19B,$1.73B,11.53%,$197,$149,$48,$0,$20,$170,$27,$-4,$23,$10,$13,$13,$17,$56,$27,$15,16,$1.09,$1.08,$95,$0,$66,$235,$619,$174,$1274,$26,$2093,$2327,$412,$1106,$19,$1289,$1701,$0,$627,$-1,$626,$2327,$102,$87,$-6,$81,$0,$0,$0,$-40,$-16,$167,$-89,$0,$-23,$0,$-24,$-24,$12,$-125,$201,$0,$201,$-181,$-181,$-22,$-30,$-32,$12,$18,$-22
5,2017-06-30,182.12,$39.05,4.66,$58.36,3.12,$28.40,6.41,$7.37,24.71,$0.21B,$0.44B,0.47,$1.06B,$0.60B,1.76,$0.97B,$0.26B,27.06%,$0.97B,$0.19B,19.65%,$0.97B,$0.19B,19.65%,$0.97B,$0.31B,32.20%,$0.97B,$0.17B,17.39%,$0.97B,$0.12B,12.45%,$0.12B,$0.60B,18.13%,$0.12B,$-0.68B,-29.24%,$0.12B,$2.28B,5.37%,$0.19B,$1.66B,11.76%,$339,$196,$144,$0,$20,$216,$123,$-3,$120,$47,$73,$73,$78,$152,$123,$16,16,$4.86,$4.81,$73,$0,$65,$209,$603,$168,$1281,$21,$2073,$2282,$441,$1055,$18,$1240,$1681,$0,$603,$-2,$601,$2282,$86,$58,$6,$64,$0,$0,$0,$-31,$19,$168,$-64,$0,$-23,$0,$-24,$-24,$14,$-97,$149,$0,$149,$-181,$-181,$-22,$-28,$-81,$-10,$12,$-22
6,2017-03-31,157.83,$41.75,3.78,$63.34,2.49,$29.78,5.3,$6.67,23.66,$0.21B,$0.42B,0.51,$0.95B,$0.69B,1.38,$1.07B,$0.27B,25.47%,$1.07B,$0.19B,17.26%,$1.07B,$0.19B,17.26%,$1.07B,$0.31B,28.82%,$1.07B,$0.16B,15.02%,$1.07B,$0.11B,10.45%,$0.11B,$0.69B,16.30%,$0.11B,$-0.58B,-27.84%,$0.11B,$2.26B,4.99%,$0.19B,$1.64B,11.50%,$168,$140,$28,$0,$19,$159,$9,$-6,$3,$1,$2,$2,$7,$37,$9,$16,17,$0.44,$0.44,$80,$0,$67,$213,$591,$165,$1268,$20,$2043,$2256,$422,$953,$18,$1145,$1567,$113,$577,$-1,$689,$2256,$7,$29,$1,$30,$0,$0,$0,$21,$28,$65,$-38,$0,$0,$0,$-24,$-24,$10,$-51,$46,$0,$46,$-9,$-9,$-22,$-33,$-17,$-3,$5,$-22
7,2016-12-31,149.48,$41.52,3.6,$70.34,2.13,$31.08,4.81,$6.39,23.39,$0.25B,$0.47B,0.53,$0.91B,$0.69B,1.33,$1.19B,$0.29B,24.16%,$1.19B,$0.18B,15.27%,$1.19B,$0.18B,15.27%,$1.19B,$0.31B,25.92%,$1.19B,$0.16B,13.17%,$1.19B,$0.11B,9.06%,$0.11B,$0.69B,16.13%,$0.11B,$0.21B,-24.90%,$0.11B,$2.25B,4.82%,$0.18B,$1.59B,11.40%,$162,$136,$26,$0,$20,$129,$32,$-7,$26,$6,$19,$19,$27,$65,$32,$16,17,$1.62,$1.60,$80,$0,$18,$246,$561,$139,$476,$10,$2008,$2254,$468,$908,$14,$1101,$1569,$117,$570,$-1,$685,$2254,$108,$126,$13,$138,$0,$0,$0,$-13,$-20,$227,$-29,$0,$0,$0,$-8,$-8,$-14,$-51,$139,$0,$139,$-37,$-37,$-19,$-285,$-202,$-26,$19,$-19
8,2016-09-30,144.17,$41.89,3.44,$52.68,2.74,$31.88,4.52,$5.22,27.62,$0.20B,$0.39B,0.52,$0.91B,$0.70B,1.31,$0.89B,$0.24B,26.66%,$0.89B,$0.17B,18.56%,$0.89B,$0.17B,18.56%,$0.89B,$0.29B,32.73%,$0.89B,$0.14B,16.09%,$0.89B,$0.09B,10.01%,$0.09B,$0.70B,13.63%,$0.09B,$-0.61B,-13.36%,$0.09B,$2.23B,3.96%,$0.17B,$1.60B,10.69%,$303,$239,$65,$9,$28,$277,$27,$-6,$20,$12,$9,$9,$9,$59,$27,$16,17,$0.52,$0.52,$88,$0,$62,$201,$573,$131,$1300,$19,$2024,$2225,$391,$907,$76,$1138,$1529,$131,$565,$-0,$695,$2225,$81,$93,$0,$94,$0,$0,$0,$-14,$14,$189,$-44,$-3,$0,$0,$0,$0,$0,$-46,$138,$0,$138,$-18,$-18,$-19,$-261,$-160,$-18,$14,$-19
9,2016-06-30,124.47,$40.95,3.04,$50.45,2.47,$34.11,3.65,$4.94,25.2,$0.21B,$0.43B,0.49,$0.91B,$0.68B,1.34,$0.87B,$0.23B,26.79%,$0.87B,$0.15B,16.97%,$0.87B,$0.15B,16.97%,$0.87B,$0.27B,31.41%,$0.87B,$0.13B,14.78%,$0.87B,$0.08B,9.70%,$0.08B,$0.68B,12.53%,$0.08B,$-0.63B,-12.70%,$0.08B,$2.25B,3.72%,$0.15B,$1.59B,9.95%,$439,$284,$154,$10,$25,$321,$117,$-6,$112,$42,$70,$70,$69,$148,$117,$17,17,$4.16,$4.11,$87,$0,$62,$210,$578,$130,$1313,$17,$2039,$2248,$432,$914,$75,$1137,$1568,$124,$556,$-0,$680,$2248,$73,$61,$-6,$56,$0,$0,$0,$3,$39,$167,$-35,$0,$0,$0,$0,$0,$-1,$-36,$143,$0,$143,$-18,$-18,$-19,$-258,$-151,$-19,$9,$-19
10,2016-03-31,145.67,$37.09,3.93,$47.77,3.05,$36.02,4.04,$3.93,37.07,$0.20B,$0.42B,0.47,$0.98B,$0.62B,1.58,$0.84B,$0.23B,26.91%,$0.84B,$0.14B,16.27%,$0.84B,$0.14B,16.27%,$0.84B,$0.26B,31.10%,$0.84B,$0.12B,14.11%,$0.84B,$0.07B,8.25%,$0.07B,$0.62B,10.01%,$0.07B,$-0.71B,-10.55%,$0.07B,$2.24B,3.04%,$0.14B,$1.60B,9.59%,$288,$245,$43,$11,$23,$282,$6,$-7,$-1,$-4,$3,$3,$3,$37,$6,$17,17,$0.17,$0.16,$74,$0,$65,$198,$573,$130,$1324,$13,$2040,$2238,$420,$977,$78,$1199,$1619,$133,$487,$-1,$619,$2238,$3,$31,$-12,$19,$0,$0,$0,$51,$45,$67,$-16,$0,$0,$0,$1,$1,$0,$-15,$205,$0,$205,$-1,$-1,$-19,$-260,$-75,$-23,$4,$-19
11,2015-12-31,139.38,$37.18,3.75,$45.31,3.08,$37.69,3.7,$3.68,37.87,$0.22B,$0.64B,0.34,$0.77B,$0.62B,1.24,$0.80B,$0.22B,27.03%,$0.80B,$0.13B,15.77%,$0.80B,$0.13B,15.77%,$0.80B,$0.25B,30.91%,$0.80B,$0.12B,14.52%,$0.80B,$0.06B,8.01%,$0.06B,$0.62B,9.02%,$0.06B,$-0.72B,-9.88%,$0.06B,$2.28B,2.80%,$0.13B,$1.38B,9.23%,$-141,$-117,$-25,$0,$7,$-156,$15,$-4,$12,$-2,$13,$13,$8,$47,$15,$17,18,$0.48,$0.46,$104,$0,$47,$220,$573,$130,$1338,$17,$2058,$2277,$640,$766,$111,$1020,$1660,$134,$484,$-1,$617,$2277,$65,$119,$48,$168,$0,$0,$0,$3,$32,$265,$-43,$0,$-1,$0,$-25,$-25,$4,$-66,$18,$0,$18,$-146,$-146,$-17,$-45,$-191,$7,$14,$-17
12,2015-09-30,130.78,$43.61,3.0,$62.89,2.08,$30.12,4.34,$2.44,53.6,$0.21B,$0.61B,0.34,$0.57B,$0.77B,0.75,$1.11B,$0.26B,23.10%,$1.11B,$0.10B,8.75%,$1.11B,$0.10B,8.75%,$1.11B,$0.21B,18.59%,$1.11B,$0.09B,7.67%,$1.11B,$0.04B,3.79%,$0.04B,$0.77B,5.75%,$0.04B,$-0.59B,-6.56%,$0.04B,$2.26B,1.82%,$0.10B,$1.34B,7.01%,$280,$220,$60,$10,$25,$270,$9,$-5,$5,$1,$4,$4,$4,$40,$9,$17,18,$0.24,$0.24,$79,$0,$49,$209,$571,$106,$1351,$22,$2051,$2260,$614,$572,$143,$881,$1494,$271,$496,$-0,$766,$2260,$58,$88,$40,$127,$0,$0,$0,$0,$38,$223,$-31,$-2,$0,$0,$6,$6,$-1,$-28,$-183,$0,$-183,$-7,$-7,$-17,$-3,$-210,$-17,$11,$-17
13,2015-06-30,122.22,$43.03,2.84,$57.20,2.14,$23.15,5.28,$2.40,50.92,$0.22B,$0.64B,0.34,$0.60B,$0.76B,0.79,$1.00B,$0.23B,22.48%,$1.00B,$0.10B,9.59%,$1.00B,$0.10B,9.59%,$1.00B,$0.19B,19.18%,$1.00B,$0.08B,8.39%,$1.00B,$0.04B,4.10%,$0.04B,$0.76B,5.71%,$0.04B,$-0.61B,-9.36%,$0.04B,$2.30B,1.98%,$0.10B,$1.36B,7.25%,$409,$262,$147,$10,$22,$303,$106,$-4,$102,$47,$55,$55,$54,$136,$106,$17,18,$3.12,$3.10,$88,$0,$41,$215,$590,$107,$1363,$24,$2084,$2299,$635,$600,$145,$908,$1543,$266,$491,$-1,$756,$2299,$54,$58,$18,$76,$0,$0,$0,$3,$65,$194,$-23,$0,$0,$0,$6,$6,$-1,$-18,$-157,$0,$-157,$-6,$-6,$-17,$-3,$-183,$-9,$6,$-17
14,2015-03-31,112.37,$39.74,2.83,$51.05,2.2,$17.97,6.25,$2.51,44.77,$0.20B,$0.34B,0.59,$0.69B,$0.70B,0.98,$0.90B,$0.19B,21.34%,$0.90B,$0.08B,9.39%,$0.90B,$0.08B,9.39%,$0.90B,$0.17B,18.55%,$0.90B,$0.07B,8.27%,$0.90B,$0.04B,4.92%,$0.04B,$0.70B,6.23%,$0.04B,$-0.68B,-18.90%,$0.04B,$2.30B,2.39%,$0.08B,$1.39B,6.70%,$251,$217,$34,$10,$22,$255,$-4,$1,$-3,$-1,$-2,$-2,$-2,$24,$-4,$17,17,$-0.09,$-0.09,$70,$0,$40,$203,$590,$109,$1377,$24,$2100,$2302,$342,$687,$408,$1262,$1604,$263,$436,$-1,$699,$2302,$-2,$28,$5,$33,$0,$0,$0,$43,$59,$90,$-10,$0,$0,$0,$6,$6,$-1,$-5,$-71,$0,$-71,$-5,$-5,$-17,$-8,$-101,$-18,$3,$-17
15,2014-12-31,93.14,$40.06,2.32,$46.15,2.02,$15.18,6.14,$2.56,36.38,$0.24B,$0.34B,0.72,$0.75B,$0.70B,1.08,$0.81B,$0.18B,22.19%,$0.81B,$0.09B,11.10%,$0.81B,$0.09B,11.10%,$0.81B,$0.16B,19.61%,$0.81B,$0.08B,9.37%,$0.81B,$0.05B,5.55%,$0.05B,$0.70B,6.36%,$0.05B,$-0.69B,-409.09%,$0.05B,$2.36B,2.81%,$0.09B,$1.45B,7.66%,$168,$153,$15,$0,$18,$182,$-14,$-5,$-19,$-5,$-14,$-14,$-14,$6,$-14,$17,18,$-0.73,$-0.73,$94,$0,$25,$243,$595,$110,$1391,$18,$2114,$2356,$336,$753,$401,$1320,$1656,$262,$438,$-0,$700,$2356,$46,$68,$28,$96,$0,$0,$0,$-1,$-1,$142,$-54,$-2,$-366,$0,$-19,$-19,$0,$-440,$401,$0,$401,$-69,$-69,$-15,$5,$322,$23,$12,$-15
16,2014-09-30,94.32,$41.28,2.28,$45.63,2.07,$15.54,6.07,$3.04,31.03,$0.13B,$0.17B,0.76,$0.38B,$0.72B,0.54,$0.81B,$0.18B,22.61%,$0.81B,$0.10B,12.30%,$0.81B,$0.10B,12.30%,$0.81B,$0.16B,20.37%,$0.81B,$0.09B,10.56%,$0.81B,$0.05B,6.58%,$0.05B,$0.72B,7.48%,$0.05B,$0.22B,24.85%,$0.05B,$1.33B,3.93%,$0.10B,$1.10B,9.17%,$173,$145,$29,$0,$18,$165,$8,$-4,$4,$1,$4,$4,$3,$26,$8,$17,17,$0.21,$0.20,$69,$0,$16,$126,$592,$99,$493,$23,$1206,$1332,$167,$383,$20,$450,$617,$246,$469,$0,$715,$1332,$60,$48,$5,$53,$-1,$0,$3,$-24,$1,$114,$-48,$-2,$0,$0,$-0,$-0,$-9,$-60,$14,$2,$16,$-63,$-63,$-15,$6,$-57,$-3,$11,$-15
17,2014-06-30,87.17,$41.01,2.13,$45.93,1.9,$16.41,5.31,$3.36,25.94,$0.15B,$0.22B,0.7,$0.37B,$0.71B,0.52,$0.82B,$0.18B,22.52%,$0.82B,$0.10B,12.36%,$0.82B,$0.10B,12.36%,$0.82B,$0.16B,20.07%,$0.82B,$0.09B,11.38%,$0.82B,$0.06B,7.22%,$0.06B,$0.71B,8.30%,$0.06B,$0.22B,27.73%,$0.06B,$1.36B,4.41%,$0.10B,$1.08B,9.46%,$303,$191,$113,$0,$19,$209,$94,$-2,$92,$35,$57,$57,$57,$110,$94,$18,18,$3.23,$3.21,$82,$0,$18,$154,$596,$97,$493,$23,$1209,$1363,$221,$369,$20,$433,$654,$244,$465,$0,$709,$1363,$57,$31,$4,$35,$-14,$0,$28,$-24,$27,$119,$-38,$0,$0,$0,$-7,$-7,$0,$-45,$-0,$6,$5,$-65,$-65,$-15,$3,$-72,$2,$8,$-15
18,2014-03-31,88.32,$39.46,2.24,$44.79,1.97,$16.16,5.46,$2.96,29.84,$0.15B,$0.22B,0.69,$0.37B,$0.71B,0.52,$0.80B,$0.18B,21.93%,$0.80B,$0.09B,11.15%,$0.80B,$0.09B,11.15%,$0.80B,$0.15B,18.92%,$0.80B,$0.08B,10.28%,$0.80B,$0.05B,6.52%,$0.05B,$0.71B,7.32%,$0.05B,$0.21B,21.80%,$0.05B,$1.35B,4.06%,$0.09B,$1.07B,8.78%,$167,$145,$23,$0,$21,$166,$2,$-3,$-1,$-0,$-1,$-1,$-1,$17,$2,$17,17,$-0.04,$-0.04,$78,$0,$21,$149,$591,$95,$496,$21,$1202,$1351,$215,$366,$18,$432,$646,$296,$408,$0,$705,$1351,$-1,$15,$3,$18,$-0,$0,$10,$26,$34,$52,$-20,$0,$0,$0,$-7,$-7,$0,$-27,$-3,$2,$-2,$-7,$-7,$-15,$1,$-23,$2,$5,$-15
19,2013-12-31,86.72,$39.27,2.21,$43.48,1.99,$16.19,5.36,$3.06,28.34,$0.16B,$0.21B,0.75,$0.37B,$0.71B,0.52,$0.78B,$0.17B,22.08%,$0.78B,$0.09B,11.55%,$0.78B,$0.09B,11.55%,$0.78B,$0.15B,19.51%,$0.78B,$0.08B,10.78%,$0.78B,$0.05B,6.93%,$0.05B,$0.71B,7.74%,$0.05B,$0.21B,21.41%,$0.05B,$1.35B,4.44%,$0.09B,$1.07B,9.89%,$162,$145,$17,$0,$22,$167,$-5,$-4,$-10,$-4,$-6,$-6,$-6,$11,$-5,$17,18,$-0.31,$-0.33,$81,$0,$12,$161,$585,$86,$499,$21,$1192,$1352,$213,$369,$18,$434,$647,$296,$409,$0,$705,$1352,$55,$62,$31,$93,$0,$0,$0,$8,$-3,$145,$-49,$-3,$-155,$0,$-1,$-1,$-71,$-278,$159,$-5,$154,$-10,$-10,$0,$-5,$140,$8,$21,$0
20,2013-09-30,82.87,$40.29,2.06,$43.46,1.91,$16.76,4.94,$3.53,23.47,$0.15B,$0.18B,0.82,$0.33B,$0.72B,0.45,$0.77B,$0.18B,22.87%,$0.77B,$0.10B,12.66%,$0.77B,$0.10B,12.66%,$0.77B,$0.16B,20.54%,$0.77B,$0.10B,12.27%,$0.77B,$0.06B,8.14%,$0.06B,$0.72B,9.23%,$0.06B,$0.22B,23.91%,$0.06B,$1.29B,5.45%,$0.10B,$1.05B,12.22%,$185,$154,$31,$0,$21,$175,$10,$2,$12,$3,$9,$9,$9,$26,$10,$17,18,$0.52,$0.52,$84,$0,$14,$148,$576,$0,$504,$60,$1140,$1288,$180,$325,$18,$384,$564,$294,$430,$0,$724,$1288,$61,$46,$17,$63,$-8,$0,$6,$-18,$-9,$114,$-30,$-5,$-155,$0,$-28,$-28,$-4,$-221,$115,$-1,$114,$-5,$-5,$0,$4,$113,$7,$16,$0
21,2013-06-30,75.52,$39.55,1.91,$42.51,1.78,$16.42,4.6,$3.35,22.54,$0.16B,$0.20B,0.77,$0.15B,$0.71B,0.22,$0.75B,$0.17B,22.81%,$0.75B,$0.10B,12.73%,$0.75B,$0.10B,12.73%,$0.75B,$0.15B,20.42%,$0.75B,$0.09B,11.94%,$0.75B,$0.06B,7.96%,$0.06B,$0.71B,9.02%,$0.06B,$0.32B,20.55%,$0.06B,$1.13B,5.61%,$0.10B,$0.86B,13.31%,$284,$179,$104,$0,$22,$201,$82,$-1,$81,$31,$50,$50,$50,$97,$82,$17,18,$2.85,$2.81,$83,$0,$17,$156,$537,$0,$390,$46,$973,$1129,$203,$153,$23,$217,$420,$288,$421,$0,$709,$1129,$51,$30,$10,$40,$-17,$0,$16,$-19,$8,$100,$-24,$-2,$0,$0,$-0,$-0,$-16,$-43,$-56,$1,$-55,$-4,$-4,$0,$3,$-56,$2,$10,$0
22,2013-03-31,67.08,$36.41,1.84,$42.16,1.59,$16.70,4.02,$3.31,20.27,$0.13B,$0.38B,0.35,$0.00B,$0.65B,0.0,$0.74B,$0.17B,22.27%,$0.74B,$0.10B,12.96%,$0.74B,$0.10B,12.96%,$0.74B,$0.15B,20.65%,$0.74B,$0.09B,12.15%,$0.74B,$0.06B,7.83%,$0.06B,$0.65B,8.93%,$0.06B,$0.26B,19.76%,$0.06B,$1.10B,5.65%,$0.10B,$0.65B,14.06%,$148,$128,$20,$0,$18,$145,$3,$-2,$1,$0,$1,$1,$1,$18,$3,$17,18,$0.06,$0.06,$73,$0,$22,$133,$539,$0,$391,$34,$964,$1097,$378,$0,$22,$65,$443,$283,$371,$0,$654,$1097,$1,$15,$4,$19,$4,$0,$-0,$32,$27,$47,$-14,$0,$0,$0,$-4,$-4,$-2,$-20,$-22,$-4,$-26,$-1,$-1,$0,$2,$-25,$2,$3,$0
23,2012-12-31,63.64,$36.93,1.72,$41.79,1.52,$17.49,3.64,$3.33,19.11,$0.15B,$0.41B,0.36,$0.00B,$0.64B,0.0,$0.73B,$0.16B,22.30%,$0.73B,$0.10B,13.27%,$0.73B,$0.10B,13.27%,$0.73B,$0.15B,20.93%,$0.73B,$0.09B,12.45%,$0.73B,$0.06B,7.93%,$0.06B,$0.64B,9.14%,$0.06B,$0.25B,19.68%,$0.06B,$1.11B,5.87%,$0.10B,$0.64B,13.97%,$157,$136,$22,$0,$19,$155,$3,$-2,$1,$-1,$2,$2,$3,$18,$3,$17,17,$0.15,$0.15,$75,$0,$13,$147,$543,$19,$394,$12,$967,$1114,$407,$0,$21,$63,$470,$275,$370,$0,$644,$1114,$58,$56,$19,$74,$-5,$0,$3,$2,$10,$144,$-40,$-2,$-143,$0,$-2,$-2,$-9,$-197,$82,$1,$83,$1,$1,$-22,$1,$63,$10,$8,$-22
24,2012-09-30,59.37,$37.48,1.58,$41.50,1.43,$20.34,2.92,$3.63,16.36,$0.13B,$0.16B,0.84,$0.07B,$0.65B,0.11,$0.72B,$0.16B,22.27%,$0.72B,$0.10B,13.83%,$0.72B,$0.10B,13.83%,$0.72B,$0.16B,21.44%,$0.72B,$0.10B,13.14%,$0.72B,$0.06B,8.85%,$0.06B,$0.65B,10.34%,$0.06B,$0.33B,21.44%,$0.06B,$0.94B,6.77%,$0.10B,$0.72B,14.05%,$165,$139,$26,$0,$18,$157,$8,$-1,$7,$1,$6,$6,$6,$21,$8,$17,18,$0.34,$0.34,$75,$0,$12,$133,$470,$0,$321,$16,$806,$939,$159,$70,$22,$126,$285,$275,$380,$0,$654,$939,$56,$41,$8,$49,$-13,$0,$0,$-8,$-3,$102,$-25,$-2,$-7,$0,$-2,$-2,$1,$-36,$-58,$-3,$-61,$3,$3,$-10,$4,$-64,$3,$6,$-10
25,2012-06-30,55.65,$37.10,1.5,$41.92,1.33,$22.73,2.45,$4.46,12.48,$0.15B,$0.19B,0.82,$0.06B,$0.65B,0.1,$0.72B,$0.16B,22.24%,$0.72B,$0.10B,14.09%,$0.72B,$0.10B,14.09%,$0.72B,$0.16B,21.82%,$0.72B,$0.12B,16.02%,$0.72B,$0.08B,10.77%,$0.08B,$0.65B,12.95%,$0.08B,$0.33B,27.73%,$0.08B,$0.96B,8.21%,$0.10B,$0.71B,14.25%,$271,$174,$97,$0,$20,$189,$82,$-1,$81,$32,$49,$49,$48,$96,$82,$17,18,$2.82,$2.77,$85,$0,$14,$152,$472,$0,$321,$15,$808,$959,$186,$63,$32,$128,$314,$272,$374,$0,$646,$959,$50,$27,$5,$33,$-20,$0,$6,$-8,$13,$96,$-16,$0,$-7,$0,$-2,$-2,$-3,$-28,$-65,$1,$-63,$2,$2,$-10,$7,$-64,$4,$4,$-10
26,2012-03-31,52.92,$34.17,1.55,$41.19,1.28,$23.73,2.23,$4.06,13.03,$0.12B,$0.17B,0.72,$0.11B,$0.59B,0.18,$0.70B,$0.15B,21.34%,$0.70B,$0.09B,12.38%,$0.70B,$0.09B,12.38%,$0.70B,$0.14B,20.34%,$0.70B,$0.10B,14.65%,$0.70B,$0.07B,9.82%,$0.07B,$0.59B,11.86%,$0.07B,$0.27B,26.51%,$0.07B,$0.94B,7.19%,$0.09B,$0.70B,11.98%,$138,$120,$18,$0,$16,$134,$4,$-1,$2,$1,$1,$1,$1,$18,$4,$17,17,$0.08,$0.08,$71,$0,$18,$124,$475,$0,$324,$14,$813,$937,$172,$108,$31,$173,$344,$268,$325,$0,$593,$937,$1,$14,$2,$16,$9,$0,$-2,$37,$38,$55,$-9,$0,$-7,$0,$-1,$-1,$-6,$-23,$-20,$-3,$-23,$0,$0,$-10,$2,$-31,$2,$2,$-10
27,2011-12-31,49.35,$34.00,1.45,$41.30,1.19,$24.45,2.02,$3.78,13.05,$0.14B,$0.17B,0.83,$0.13B,$0.58B,0.22,$0.70B,$0.15B,20.80%,$0.70B,$0.08B,11.48%,$0.70B,$0.08B,11.48%,$0.70B,$0.14B,19.51%,$0.70B,$0.10B,13.77%,$0.70B,$0.07B,9.33%,$0.07B,$0.58B,11.61%,$0.07B,$0.27B,27.25%,$0.07B,$0.95B,6.69%,$0.08B,$0.71B,10.86%,$149,$129,$20,$0,$14,$143,$6,$-2,$5,$0,$4,$4,$9,$20,$6,$17,17,$0.43,$0.41,$72,$0,$10,$144,$477,$0,$318,$9,$804,$948,$173,$128,$30,$191,$364,$260,$324,$0,$584,$948,$64,$55,$18,$73,$-0,$0,$14,$9,$33,$173,$-23,$-2,$0,$0,$-1,$-1,$-1,$-27,$-138,$-0,$-138,$-1,$-1,$-8,$1,$-146,$0,$6,$-8
28,2011-09-30,36.51,$34.13,1.07,$41.35,0.88,$15.54,2.35,$3.22,11.34,$0.15B,$0.16B,0.92,$0.16B,$0.59B,0.27,$0.69B,$0.14B,20.29%,$0.69B,$0.07B,10.22%,$0.69B,$0.07B,10.22%,$0.69B,$0.12B,18.10%,$0.69B,$0.09B,12.41%,$0.69B,$0.05B,7.88%,$0.05B,$0.59B,9.99%,$0.05B,$0.27B,24.94%,$0.05B,$0.96B,5.46%,$0.07B,$0.74B,9.27%,$166,$140,$26,$0,$17,$156,$10,$18,$28,$8,$20,$20,$20,$24,$10,$17,17,$1.17,$1.17,$77,$0,$19,$146,$482,$0,$320,$9,$811,$957,$159,$156,$30,$212,$371,$259,$326,$0,$586,$957,$57,$41,$4,$45,$2,$0,$0,$-3,$30,$131,$-17,$-2,$0,$0,$-0,$-0,$0,$-19,$-109,$5,$-104,$-0,$-0,$-8,$0,$-112,$-0,$4,$-8
29,2011-06-30,42.17,$32.90,1.28,$40.35,1.05,$8.71,4.84,$2.01,20.98,$0.18B,$0.21B,0.85,$0.19B,$0.56B,0.33,$0.67B,$0.13B,19.79%,$0.67B,$0.06B,9.45%,$0.67B,$0.06B,9.45%,$0.67B,$0.12B,17.39%,$0.67B,$0.06B,9.00%,$0.67B,$0.03B,4.95%,$0.03B,$0.56B,6.31%,$0.03B,$0.24B,15.09%,$0.03B,$1.00B,3.43%,$0.06B,$0.75B,8.64%,$250,$164,$86,$0,$19,$182,$67,$0,$68,$28,$40,$40,$39,$81,$67,$16,17,$2.39,$2.37,$98,$0,$20,$178,$487,$0,$323,$10,$821,$999,$209,$185,$16,$225,$434,$258,$307,$0,$564,$999,$37,$28,$0,$28,$-8,$0,$9,$1,$40,$105,$-11,$-2,$0,$0,$0,$0,$-1,$-14,$-80,$1,$-79,$-0,$-0,$-8,$1,$-87,$4,$3,$-8
30,2011-03-31,38.82,$30.31,1.28,$40.06,0.97,$3.55,10.93,$1.49,26.05,$0.15B,$0.19B,0.75,$0.24B,$0.51B,0.47,$0.63B,$0.11B,17.41%,$0.63B,$0.04B,6.96%,$0.63B,$0.04B,6.96%,$0.63B,$0.10B,15.03%,$0.63B,$0.04B,6.17%,$0.63B,$0.02B,3.48%,$0.02B,$0.51B,4.31%,$0.02B,$0.18B,9.69%,$0.02B,$0.98B,2.36%,$0.04B,$0.74B,6.26%,$132,$118,$13,$0,$16,$134,$-3,$-2,$-5,$-2,$-3,$-3,$-3,$11,$-3,$16,16,$-0.19,$-0.19,$82,$0,$25,$145,$502,$0,$325,$12,$839,$984,$194,$238,$19,$283,$478,$240,$267,$0,$506,$984,$-3,$14,$2,$16,$10,$0,$-2,$37,$48,$60,$-5,$0,$0,$0,$0,$0,$0,$-5,$-42,$-4,$-46,$-0,$-0,$-8,$-0,$-55,$0,$2,$-8
31,2010-12-31,40.6,$30.55,1.33,$38.28,1.06,$0.36,113.09,$1.05,38.67,$0.17B,$0.19B,0.9,$0.28B,$0.51B,0.55,$0.59B,$0.09B,16.07%,$0.59B,$0.03B,5.30%,$0.59B,$0.03B,5.30%,$0.59B,$0.08B,13.33%,$0.59B,$0.03B,4.79%,$0.59B,$0.02B,2.74%,$0.02B,$0.51B,3.31%,$0.02B,$0.18B,6.54%,$0.02B,$1.02B,1.84%,$0.03B,$0.79B,4.84%,$137,$123,$14,$0,$18,$142,$-4,$-2,$-6,$-2,$-4,$-4,$-2,$8,$-4,$15,16,$-0.11,$-0.12,$89,$0,$20,$170,$507,$0,$328,$12,$848,$1018,$189,$280,$18,$323,$512,$237,$270,$0,$506,$1018,$16,$47,$11,$58,$0,$0,$2,$-10,$-15,$60,$-62,$-3,$-170,$0,$-0,$-0,$-0,$-235,$194,$2,$196,$-0,$-0,$-7,$-0,$188,$13,$5,$-7
32,2010-09-30,33.04,$31.04,1.06,$37.77,0.87,$-0.29,0.0,$0.66,50.06,$0.13B,$0.18B,0.72,$0.12B,$0.52B,0.24,$0.56B,$0.08B,14.89%,$0.56B,$0.03B,4.43%,$0.56B,$0.03B,4.43%,$0.56B,$0.07B,12.06%,$0.56B,$0.02B,4.26%,$0.56B,$0.01B,1.95%,$0.01B,$0.52B,2.40%,$0.01B,$0.27B,4.16%,$0.01B,$0.85B,1.39%,$0.03B,$0.64B,4.41%,$148,$129,$19,$0,$15,$144,$3,$-0,$3,$-1,$4,$4,$-1,$16,$3,$16,17,$-0.04,$-0.04,$76,$0,$20,$126,$466,$0,$240,$13,$724,$850,$175,$124,$20,$160,$335,$235,$280,$0,$515,$850,$18,$34,$4,$38,$2,$0,$-7,$-4,$-2,$55,$-56,$-3,$-32,$0,$-0,$-0,$-0,$-92,$62,$-17,$45,$-1,$-1,$-7,$-0,$38,$1,$2,$-7
33,2010-06-30,30.34,$31.27,0.97,$36.39,0.83,$2.03,14.93,$0.53,57.25,$0.14B,$0.19B,0.73,$0.13B,$0.51B,0.25,$0.52B,$0.08B,15.67%,$0.52B,$0.02B,4.64%,$0.52B,$0.02B,4.64%,$0.52B,$0.06B,11.99%,$0.52B,$0.02B,4.45%,$0.52B,$0.01B,1.93%,$0.01B,$0.51B,2.30%,$0.01B,$0.27B,3.80%,$0.01B,$0.87B,1.36%,$0.02B,$0.64B,4.65%,$215,$151,$64,$0,$16,$167,$48,$-1,$47,$19,$28,$28,$28,$60,$48,$14,15,$1.85,$1.85,$82,$0,$25,$142,$471,$0,$240,$13,$731,$873,$194,$128,$21,$164,$359,$234,$281,$0,$514,$873,$19,$22,$3,$25,$-5,$0,$9,$-4,$13,$58,$-52,$0,$-32,$0,$0,$0,$-1,$-85,$66,$-21,$46,$-1,$-1,$-7,$0,$38,$11,$2,$-7
34,2010-03-31,34.69,$29.07,1.19,$34.77,1.0,$5.51,6.3,$0.88,39.42,$0.10B,$0.19B,0.56,$0.10B,$0.40B,0.24,$0.48B,$0.08B,16.60%,$0.48B,$0.03B,5.60%,$0.48B,$0.03B,5.60%,$0.48B,$0.06B,12.66%,$0.48B,$0.03B,5.60%,$0.48B,$0.01B,2.70%,$0.01B,$0.40B,3.15%,$0.01B,$0.25B,4.93%,$0.01B,$0.73B,1.93%,$0.03B,$0.50B,5.81%,$85,$88,$-3,$0,$13,$101,$-16,$-0,$-16,$-8,$-8,$-8,$-9,$-6,$-16,$14,14,$-0.64,$-0.64,$48,$0,$25,$104,$463,$0,$148,$13,$624,$728,$186,$95,$19,$142,$328,$147,$253,$0,$400,$728,$-9,$10,$0,$10,$6,$0,$-1,$24,$19,$21,$-19,$0,$0,$0,$0,$0,$-1,$-20,$9,$-0,$9,$-0,$-0,$-7,$0,$2,$4,$1,$-7
35,2009-12-31,34.55,$29.74,1.16,$33.94,1.02,$7.10,4.87,$1.16,29.78,$0.11B,$0.19B,0.57,$0.09B,$0.41B,0.21,$0.47B,$0.09B,18.26%,$0.47B,$0.03B,7.22%,$0.47B,$0.03B,7.22%,$0.47B,$0.07B,13.80%,$0.47B,$0.03B,7.22%,$0.47B,$0.02B,3.61%,$0.02B,$0.41B,4.15%,$0.02B,$0.26B,6.52%,$0.02B,$0.73B,2.63%,$0.03B,$0.49B,7.56%,$116,$112,$4,$0,$13,$126,$-10,$-1,$-10,$-4,$-7,$-7,$-7,$-2,$-10,$14,14,$-0.45,$-0.46,$49,$0,$16,$105,$458,$0,$150,$13,$621,$725,$185,$86,$19,$133,$318,$145,$262,$0,$407,$725,$17,$30,$4,$34,$2,$0,$-6,$3,$20,$71,$-82,$-3,$-4,$0,$-2,$-2,$-0,$-91,$28,$2,$30,$0,$0,$-7,$-2,$21,$1,$3,$-7
36,2009-09-30,35.15,$30.65,1.15,$34.36,1.02,$10.66,3.3,$1.37,25.66,$0.08B,$0.14B,0.54,$0.02B,$0.42B,0.04,$0.48B,$0.09B,18.87%,$0.48B,$0.04B,8.18%,$0.48B,$0.04B,8.18%,$0.48B,$0.07B,14.47%,$0.48B,$0.04B,7.97%,$0.48B,$0.02B,4.19%,$0.02B,$0.42B,4.92%,$0.02B,$0.27B,7.75%,$0.02B,$0.62B,3.20%,$0.04B,$0.44B,8.87%,$101,$85,$16,$0,$13,$98,$2,$-0,$2,$4,$-1,$-1,$-2,$10,$2,$14,14,$-0.17,$-0.17,$30,$0,$15,$75,$387,$0,$150,$11,$548,$623,$138,$15,$21,$64,$203,$145,$275,$0,$420,$623,$24,$22,$2,$25,$-3,$0,$-6,$-5,$14,$63,$-32,$-3,$-4,$0,$-2,$-2,$0,$-41,$-10,$-2,$-12,$0,$0,$-7,$0,$-18,$4,$2,$-7
37,2009-06-30,30.73,$30.78,1.0,$34.04,0.9,$11.69,2.63,$1.72,17.87,$0.09B,$0.13B,0.69,$0.01B,$0.42B,0.03,$0.48B,$0.09B,18.91%,$0.48B,$0.04B,8.61%,$0.48B,$0.04B,8.61%,$0.48B,$0.07B,14.71%,$0.48B,$0.04B,8.40%,$0.48B,$0.02B,5.04%,$0.02B,$0.42B,5.96%,$0.02B,$0.27B,9.44%,$0.02B,$0.62B,3.86%,$0.04B,$0.44B,9.23%,$180,$117,$63,$0,$12,$129,$51,$0,$51,$20,$31,$31,$31,$59,$51,$14,14,$2.20,$2.20,$26,$0,$17,$87,$373,$0,$147,$11,$531,$617,$125,$14,$20,$70,$196,$144,$278,$0,$422,$617,$26,$15,$1,$16,$-15,$0,$13,$5,$23,$65,$-11,$0,$0,$0,$-1,$-1,$-0,$-12,$-43,$-1,$-44,$-0,$-0,$-7,$1,$-51,$2,$2,$-7
38,2009-03-31,27.44,$28.48,0.96,$34.02,0.81,$12.72,2.16,$1.62,16.94,$0.09B,$0.13B,0.67,$0.05B,$0.39B,0.12,$0.48B,$0.09B,19.37%,$0.48B,$0.04B,8.63%,$0.48B,$0.04B,8.63%,$0.48B,$0.07B,14.53%,$0.48B,$0.04B,8.21%,$0.48B,$0.02B,4.63%,$0.02B,$0.39B,5.54%,$0.02B,$0.24B,8.85%,$0.02B,$0.62B,3.53%,$0.04B,$0.44B,9.29%,$74,$70,$3,$0,$12,$83,$-9,$0,$-9,$-3,$-5,$-5,$-5,$-2,$-9,$14,14,$-0.36,$-0.36,$22,$0,$16,$87,$373,$0,$148,$15,$536,$623,$130,$46,$19,$103,$233,$143,$247,$0,$390,$623,$-5,$7,$0,$8,$7,$0,$-3,$27,$25,$28,$-4,$0,$0,$0,$0,$0,$-0,$-4,$-11,$-2,$-13,$0,$0,$-7,$0,$-20,$4,$1,$-7
39,2008-12-31,36.9,$28.77,1.28,$33.27,1.11,$13.52,2.73,$2.03,18.18,$0.10B,$0.13B,0.77,$0.06B,$0.39B,0.15,$0.47B,$0.09B,18.63%,$0.47B,$0.05B,11.35%,$0.47B,$0.05B,11.35%,$0.47B,$0.08B,17.34%,$0.47B,$0.05B,10.49%,$0.47B,$0.03B,6.00%,$0.03B,$0.39B,7.14%,$0.03B,$0.25B,11.53%,$0.03B,$0.64B,4.49%,$0.05B,$0.45B,12.02%,$122,$114,$8,$0,$13,$127,$-5,$-0,$-6,$-2,$-3,$-3,$-4,$2,$-5,$14,14,$-0.28,$-0.28,$26,$0,$10,$100,$375,$0,$148,$13,$537,$638,$130,$57,$18,$113,$244,$142,$252,$0,$394,$638,$29,$29,$12,$41,$11,$0,$9,$-6,$8,$78,$-39,$0,$-8,$0,$0,$0,$-2,$-49,$-25,$-1,$-26,$0,$0,$-7,$1,$-32,$-3,$4,$-7
40,2008-09-30,44.11,$29.52,1.49,$30.98,1.42,$11.35,3.89,$1.87,23.59,$0.08B,$0.10B,0.74,$0.05B,$0.40B,0.13,$0.43B,$0.09B,20.51%,$0.43B,$0.05B,12.21%,$0.43B,$0.05B,12.21%,$0.43B,$0.08B,18.43%,$0.43B,$0.05B,10.60%,$0.43B,$0.03B,5.99%,$0.03B,$0.40B,6.74%,$0.03B,$0.26B,10.96%,$0.03B,$0.61B,4.19%,$0.05B,$0.45B,12.03%,$100,$83,$16,$0,$12,$95,$4,$-1,$4,$1,$2,$2,$2,$11,$4,$14,14,$0.18,$0.18,$28,$0,$12,$75,$371,$0,$149,$14,$534,$609,$102,$51,$21,$104,$205,$141,$262,$0,$404,$609,$33,$21,$6,$27,$6,$0,$5,$-6,$15,$75,$-29,$0,$-4,$0,$-3,$-3,$-1,$-35,$-32,$-3,$-35,$0,$0,$-7,$0,$-41,$-2,$3,$-7
41,2008-06-30,31.4,$29.26,1.07,$31.28,1.0,$9.54,3.29,$1.75,17.95,$0.09B,$0.14B,0.64,$0.02B,$0.40B,0.06,$0.44B,$0.09B,20.78%,$0.44B,$0.05B,12.33%,$0.44B,$0.05B,12.33%,$0.44B,$0.08B,18.26%,$0.44B,$0.05B,10.27%,$0.44B,$0.03B,5.71%,$0.03B,$0.40B,6.59%,$0.03B,$0.25B,10.79%,$0.03B,$0.62B,4.05%,$0.05B,$0.43B,12.29%,$179,$115,$65,$0,$14,$128,$51,$-1,$50,$21,$29,$29,$29,$58,$51,$14,14,$2.11,$2.10,$30,$0,$14,$91,$366,$0,$150,$15,$531,$622,$143,$24,$22,$78,$222,$140,$260,$0,$400,$622,$30,$14,$4,$19,$-5,$0,$26,$-4,$36,$85,$-16,$0,$0,$0,$-2,$-2,$-1,$-19,$-58,$2,$-56,$0,$0,$-7,$1,$-62,$3,$2,$-7
42,2008-03-31,42.54,$27.04,1.57,$30.69,1.39,$6.61,6.43,$1.76,24.17,$0.10B,$0.14B,0.7,$0.06B,$0.37B,0.17,$0.43B,$0.09B,20.28%,$0.43B,$0.05B,11.89%,$0.43B,$0.05B,11.89%,$0.43B,$0.08B,17.72%,$0.43B,$0.04B,10.26%,$0.43B,$0.03B,5.83%,$0.03B,$0.37B,6.69%,$0.03B,$0.22B,11.05%,$0.03B,$0.63B,4.07%,$0.05B,$0.43B,11.47%,$66,$68,$-2,$0,$12,$63,$3,$-1,$1,$1,$1,$1,$1,$10,$3,$14,14,$0.05,$0.05,$27,$0,$17,$96,$365,$0,$150,$15,$530,$626,$138,$64,$21,$119,$256,$139,$231,$0,$370,$626,$1,$7,$2,$9,$6,$0,$2,$28,$35,$45,$-9,$0,$0,$0,$-1,$-1,$-1,$-10,$-18,$-3,$-21,$0,$0,$-7,$0,$-28,$7,$1,$-7
43,2007-12-31,48.61,$26.88,1.81,$29.58,1.64,$4.68,10.39,$1.10,44.19,$0.10B,$0.12B,0.85,$0.08B,$0.37B,0.22,$0.41B,$0.08B,20.44%,$0.41B,$0.03B,8.27%,$0.41B,$0.03B,8.27%,$0.41B,$0.06B,13.87%,$0.41B,$0.03B,7.06%,$0.41B,$0.02B,3.89%,$0.02B,$0.37B,4.36%,$0.02B,$0.22B,6.67%,$0.02B,$0.63B,2.73%,$0.03B,$0.45B,7.99%,$89,$79,$10,$0,$16,$94,$-5,$-4,$-9,$-4,$-5,$-5,$-6,$1,$-5,$13,14,$-0.41,$-0.42,$27,$0,$10,$103,$362,$0,$144,$16,$522,$625,$121,$82,$20,$136,$257,$138,$230,$0,$368,$625,$16,$23,$6,$29,$-5,$0,$2,$5,$5,$51,$-43,$0,$-91,$0,$0,$0,$-3,$-136,$73,$3,$77,$2,$2,$-7,$0,$73,$-13,$6,$-7
44,2007-09-30,44.6,$27.77,1.61,$29.08,1.53,$5.74,7.77,$1.41,31.63,$0.08B,$0.10B,0.86,$0.07B,$0.38B,0.18,$0.40B,$0.08B,20.40%,$0.40B,$0.04B,10.45%,$0.40B,$0.04B,10.45%,$0.40B,$0.06B,15.92%,$0.40B,$0.04B,10.20%,$0.40B,$0.02B,4.98%,$0.02B,$0.38B,5.51%,$0.02B,$0.23B,7.87%,$0.02B,$0.60B,3.53%,$0.04B,$0.45B,10.40%,$104,$86,$18,$0,$13,$99,$5,$-2,$3,$2,$1,$1,$1,$11,$5,$14,14,$0.06,$0.06,$28,$0,$10,$81,$356,$0,$147,$16,$518,$599,$95,$69,$22,$124,$219,$137,$243,$0,$380,$599,$22,$17,$5,$22,$3,$0,$2,$1,$11,$55,$-35,$0,$-88,$0,$-1,$-1,$-3,$-127,$60,$3,$63,$3,$3,$-7,$0,$60,$-12,$5,$-7
45,2007-06-30,46.76,$27.61,1.69,$28.78,1.62,$6.09,7.68,$1.99,23.5,$0.09B,$0.11B,0.86,$0.07B,$0.38B,0.18,$0.40B,$0.08B,19.75%,$0.40B,$0.04B,10.63%,$0.40B,$0.04B,10.63%,$0.40B,$0.06B,15.95%,$0.40B,$0.04B,10.89%,$0.40B,$0.03B,7.09%,$0.03B,$0.38B,7.87%,$0.03B,$0.23B,10.51%,$0.03B,$0.61B,5.10%,$0.04B,$0.45B,10.92%,$170,$109,$61,$0,$13,$122,$48,$1,$49,$20,$29,$29,$29,$54,$48,$13,14,$2.11,$2.11,$25,$0,$13,$90,$352,$0,$148,$17,$516,$606,$105,$69,$23,$125,$230,$135,$242,$0,$377,$606,$21,$11,$3,$13,$-11,$0,$12,$10,$18,$53,$-25,$0,$-88,$0,$-1,$-1,$-1,$-116,$60,$0,$60,$2,$2,$-7,$1,$57,$-6,$3,$-7
46,2007-03-31,40.52,$25.52,1.59,$28.54,1.42,$6.88,5.89,$2.33,17.39,$0.09B,$0.10B,0.86,$0.01B,$0.34B,0.04,$0.39B,$0.08B,19.85%,$0.39B,$0.05B,13.40%,$0.39B,$0.05B,13.40%,$0.39B,$0.07B,18.56%,$0.39B,$0.05B,13.40%,$0.39B,$0.03B,8.25%,$0.03B,$0.34B,9.21%,$0.03B,$0.27B,11.55%,$0.03B,$0.52B,5.99%,$0.05B,$0.36B,14.27%,$48,$53,$-5,$0,$10,$62,$-14,$0,$-14,$-5,$-8,$-8,$-8,$-9,$-14,$13,13,$-0.61,$-0.61,$29,$0,$15,$88,$342,$0,$69,$16,$428,$516,$102,$14,$22,$70,$172,$131,$213,$0,$344,$516,$-8,$5,$1,$6,$11,$0,$-7,$32,$22,$20,$-11,$0,$-9,$0,$-0,$-0,$0,$-20,$5,$0,$5,$1,$1,$-7,$0,$0,$-0,$0,$-7
47,2006-12-31,38.15,$26.09,1.46,$27.72,1.38,$6.29,6.06,$2.15,17.74,$0.13B,$0.13B,1.01,$0.01B,$0.35B,0.04,$0.38B,$0.08B,19.95%,$0.38B,$0.05B,13.30%,$0.38B,$0.05B,13.30%,$0.38B,$0.07B,18.62%,$0.38B,$0.05B,13.30%,$0.38B,$0.03B,7.98%,$0.03B,$0.35B,8.87%,$0.03B,$0.28B,11.21%,$0.03B,$0.55B,5.63%,$0.05B,$0.36B,13.90%,$80,$72,$8,$0,$12,$78,$3,$-0,$3,$0,$2,$2,$-2,$8,$3,$13,14,$-0.10,$-0.11,$33,$0,$34,$129,$336,$0,$70,$12,$418,$546,$127,$13,$22,$69,$196,$129,$221,$0,$350,$546,$30,$21,$29,$50,$1,$0,$-1,$-2,$-10,$70,$-47,$0,$-0,$0,$0,$0,$0,$-47,$-16,$-4,$-20,$8,$8,$-7,$1,$-17,$6,$1,$-7
