,Date,Stock Price,Book Value per Share,Price to Book Ratio,TTM Sales per Share,Price to Sales Ratio,TTM FCF per Share,Price to FCF Ratio,TTM Net EPS,PE Ratio,Current Assets,Current Liabilities,Current Ratio,Long Term Debt,Shareholder's Equity_x,Debt to Equity Ratio,TTM Revenue_x,TTM Gross Profit,Gross Margin,TTM Revenue_y,TTM Operating Income,Operating Margin,TTM Revenue_x,TTM EBIT,EBIT Margin,TTM Revenue_y,TTM EBITDA,EBITDA Margin,TTM Revenue_x,TTM Pre-Tax Income,Pre-Tax Margin,TTM Revenue_y,TTM Net Income_x,Net Margin,TTM Net Income_y,Shareholder's Equity_y,Return on Equity,TTM Net Income_x,Tangible Equity,Return on Tangible Equity,TTM Net Income_y,Total Assets,Return on Assets,TTM Net Income,LT Investments & Debt,Return on Investment,revenue,cost-goods-sold,gross-profit,research-development-expenses,selling-general-administrative-expenses,operating-expenses,operating-income,total-non-operating-income-expense,pre-tax-income,total-provision-income-taxes,income-after-taxes,income-from-continuous-operations,net-income,ebitda,ebit,basic-shares-outstanding,shares-outstanding,eps-basic-net-earnings-per-share,eps-earnings-per-share-diluted,cash-on-hand,inventory,other-current-assets,total-current-assets,net-property-plant-equipment,long-term-investments,goodwill-intangible-assets-total,other-long-term-assets,total-long-term-assets,total-assets,total-current-liabilities,long-term-debt,other-non-current-liabilities,total-long-term-liabilities,total-liabilities,common-stock-net,retained-earnings-accumulated-deficit,comprehensive-income,total-share-holder-equity,total-liabilities-share-holders-equity,net-income-loss,total-depreciation-amortization-cash-flow,other-non-cash-items,total-non-cash-items,change-in-accounts-receivable,change-in-inventories,change-in-accounts-payable,change-in-assets-liabilities,total-change-in-assets-liabilities,cash-flow-from-operating-activities,net-change-in-property-plant-equipment,net-change-in-intangible-assets,net-acquisitions-divestitures,net-change-in-short-term-investments,net-change-in-long-term-investments,net-change-in-investments-total,investing-activities-other,cash-flow-from-investing-activities,net-long-term-debt,net-current-debt,debt-issuance-retirement-net-total,net-common-equity-issued-repurchased,net-total-equity-issued-repurchased,total-common-preferred-stock-dividends-paid,financial-activities-other,cash-flow-from-financial-activities,net-cash-flow,stock-based-compensation,common-stock-dividends-paid
0,2018-09-30,319.58,$35.67,8.96,$104.36,3.06,$26.33,12.14,$12.24,26.11,$0.21B,$0.18B,1.14,$0.13B,$0.57B,0.23,$1.75B,$0.55B,31.20%,$1.75B,$0.23B,13.29%,$1.75B,$0.23B,13.29%,$1.75B,$0.27B,15.46%,$1.75B,$0.24B,13.41%,$1.75B,$0.21B,11.75%,$0.21B,$0.57B,37.95%,$0.21B,$0.03B,2423.53%,$0.21B,$0.98B,22.03%,$0.23B,$0.70B,35.45%,$444,$305,$139,$0,$67,$382,$62,$1,$63,$12,$51,$51,$51,$71,$62,$16,17,$3.19,$3.06,$67,$6,$0,$206,$154,$70,$540,$9,$773,$979,$180,$130,$17,$231,$411,$35,$1176,$0,$568,$979,$151,$30,$13,$43,$5,$-0,$12,$-3,$37,$231,$-37,$0,$-13,$0,$0,$0,$0,$-49,$29,$-15,$13,$-124,$-124,$-14,$-1,$-125,$56,$14,$-14
1,2018-06-30,321.5,$34.76,9.25,$102.91,3.12,$23.20,13.86,$11.31,28.43,$0.17B,$0.17B,1.04,$0.10B,$0.56B,0.19,$1.73B,$0.54B,31.11%,$1.73B,$0.23B,13.04%,$1.73B,$0.23B,13.04%,$1.73B,$0.26B,15.24%,$1.73B,$0.23B,13.09%,$1.73B,$0.19B,11.01%,$0.19B,$0.56B,36.52%,$0.19B,$0.02B,-1727.27%,$0.19B,$0.93B,20.79%,$0.23B,$0.66B,36.28%,$442,$306,$136,$0,$68,$384,$58,$-0,$58,$3,$55,$55,$55,$68,$58,$16,17,$3.43,$3.27,$13,$6,$0,$173,$146,$68,$533,$8,$755,$928,$166,$103,$17,$205,$372,$35,$1129,$0,$556,$928,$100,$20,$13,$33,$-6,$-0,$-15,$-1,$-12,$121,$-24,$0,$-2,$0,$0,$0,$1,$-25,$2,$-1,$1,$-85,$-85,$-9,$-2,$-94,$2,$10,$-9
2,2018-03-31,272.37,$31.98,8.52,$102.55,2.66,$21.93,12.42,$6.69,40.71,$0.16B,$0.18B,0.91,$0.13B,$0.51B,0.26,$1.70B,$0.53B,31.19%,$1.70B,$0.13B,7.53%,$1.70B,$0.13B,7.53%,$1.70B,$0.17B,9.71%,$1.70B,$0.13B,7.65%,$1.70B,$0.11B,6.65%,$0.11B,$0.51B,22.85%,$0.11B,$-0.03B,-318.31%,$0.11B,$0.91B,12.42%,$0.13B,$0.64B,21.43%,$439,$305,$135,$0,$69,$383,$56,$-0,$56,$11,$45,$45,$45,$66,$56,$16,17,$2.79,$2.66,$14,$5,$0,$161,$145,$66,$533,$7,$751,$913,$177,$133,$17,$228,$406,$35,$1079,$0,$507,$913,$45,$10,$3,$12,$2,$0,$-8,$1,$8,$65,$-13,$0,$-1,$0,$0,$0,$0,$-14,$41,$-7,$35,$-79,$-79,$-5,$-0,$-49,$3,$5,$-5
3,2017-12-31,242.32,$33.69,7.19,$100.70,2.41,$22.37,10.83,$5.81,41.71,$0.18B,$0.19B,0.91,$0.09B,$0.54B,0.17,$1.67B,$0.52B,30.97%,$1.67B,$0.11B,6.78%,$1.67B,$0.11B,6.78%,$1.67B,$0.15B,9.00%,$1.67B,$0.12B,7.02%,$1.67B,$0.10B,5.88%,$0.10B,$0.54B,19.88%,$0.10B,$0.01B,-274.13%,$0.10B,$0.92B,10.86%,$0.11B,$0.63B,18.93%,$428,$291,$137,$0,$72,$372,$57,$2,$58,$4,$55,$55,$55,$66,$57,$16,17,$3.40,$3.30,$11,$5,$0,$176,$143,$62,$532,$7,$744,$920,$194,$91,$17,$186,$380,$35,$1039,$0,$540,$920,$98,$37,$40,$77,$1,$0,$13,$-1,$-13,$162,$-64,$0,$-5,$0,$0,$0,$1,$-68,$-8,$7,$-1,$-82,$-82,$-17,$1,$-99,$-4,$15,$-17
4,2017-09-30,201.23,$30.08,6.69,$99.15,2.03,$22.20,9.06,$4.50,44.72,$0.14B,$0.27B,0.5,$0.07B,$0.48B,0.15,$1.64B,$0.50B,30.65%,$1.64B,$0.11B,6.64%,$1.64B,$0.11B,6.64%,$1.64B,$0.15B,8.90%,$1.64B,$0.11B,6.76%,$1.64B,$0.08B,4.57%,$0.08B,$0.48B,15.34%,$0.08B,$-0.05B,-193.55%,$0.08B,$0.90B,8.40%,$0.11B,$0.55B,18.32%,$417,$288,$129,$0,$67,$363,$54,$0,$54,$19,$35,$35,$35,$63,$54,$16,17,$2.22,$2.13,$19,$6,$0,$135,$143,$60,$528,$7,$760,$895,$269,$73,$16,$148,$418,$35,$989,$0,$478,$895,$44,$28,$78,$106,$28,$0,$2,$-1,$41,$191,$-50,$0,$-1,$0,$0,$0,$0,$-51,$-26,$-8,$-34,$-91,$-91,$-13,$1,$-137,$4,$11,$-13
5,2017-06-30,203.4,$28.48,7.14,$97.82,2.08,$19.72,10.31,$3.99,50.98,$0.16B,$0.27B,0.58,$0.12B,$0.45B,0.25,$1.62B,$0.49B,29.99%,$1.62B,$0.10B,6.06%,$1.62B,$0.10B,6.06%,$1.62B,$0.14B,8.35%,$1.62B,$0.10B,6.18%,$1.62B,$0.07B,4.14%,$0.07B,$0.45B,13.64%,$0.07B,$-0.08B,-184.83%,$0.07B,$0.91B,7.62%,$0.10B,$0.57B,16.20%,$415,$286,$129,$0,$69,$454,$-39,$1,$-38,$-17,$-22,$-22,$-22,$-30,$-39,$16,16,$-1.35,$-1.35,$14,$6,$0,$156,$140,$59,$528,$7,$754,$910,$269,$115,$16,$189,$457,$34,$958,$0,$453,$910,$8,$19,$72,$91,$6,$0,$-7,$-1,$1,$100,$-28,$0,$-1,$0,$0,$0,$0,$-29,$16,$-1,$15,$-80,$-80,$-8,$0,$-73,$-2,$8,$-8
6,2017-03-31,181.45,$31.30,5.8,$95.09,1.91,$18.39,9.87,$6.82,26.61,$0.18B,$0.16B,1.07,$0.14B,$0.50B,0.28,$1.59B,$0.47B,29.52%,$1.59B,$0.18B,10.99%,$1.59B,$0.18B,10.99%,$1.59B,$0.21B,13.38%,$1.59B,$0.18B,11.24%,$1.59B,$0.11B,7.16%,$0.11B,$0.50B,23.10%,$0.11B,$-0.03B,-335.29%,$0.11B,$0.89B,13.18%,$0.18B,$0.64B,28.52%,$406,$285,$121,$0,$69,$364,$41,$1,$43,$13,$30,$30,$30,$51,$41,$16,17,$1.84,$1.78,$47,$5,$0,$176,$119,$57,$527,$7,$710,$886,$164,$138,$16,$221,$386,$34,$984,$0,$501,$886,$30,$9,$6,$15,$18,$0,$-11,$2,$24,$69,$-9,$0,$0,$0,$0,$0,$-0,$-9,$38,$-9,$30,$-53,$-53,$-4,$0,$-28,$32,$4,$-4
7,2016-12-31,159.09,$32.38,4.91,$93.67,1.7,$14.58,10.91,$6.49,24.51,$0.17B,$0.17B,0.99,$0.10B,$0.52B,0.19,$1.58B,$0.46B,29.25%,$1.58B,$0.18B,11.29%,$1.58B,$0.18B,11.29%,$1.58B,$0.22B,13.71%,$1.58B,$0.18B,11.23%,$1.58B,$0.11B,6.92%,$0.11B,$0.52B,22.27%,$0.11B,$-0.00B,-286.84%,$0.11B,$0.88B,12.61%,$0.18B,$0.62B,29.32%,$403,$279,$124,$0,$63,$350,$53,$-1,$52,$20,$32,$32,$32,$62,$53,$16,17,$1.98,$1.93,$15,$6,$0,$170,$121,$54,$527,$7,$710,$880,$172,$100,$16,$184,$356,$34,$958,$0,$524,$880,$109,$37,$22,$59,$-42,$1,$1,$-5,$-32,$135,$-40,$0,$0,$0,$0,$0,$-0,$-40,$18,$-1,$17,$-103,$-103,$-16,$7,$-95,$1,$10,$-16
8,2016-09-30,139.64,$30.22,4.62,$92.52,1.51,$16.20,8.62,$6.27,22.27,$0.13B,$0.17B,0.79,$0.10B,$0.49B,0.21,$1.57B,$0.46B,29.26%,$1.57B,$0.17B,11.07%,$1.57B,$0.17B,11.07%,$1.57B,$0.21B,13.55%,$1.57B,$0.17B,11.07%,$1.57B,$0.11B,6.81%,$0.11B,$0.49B,21.98%,$0.11B,$-0.04B,-262.58%,$0.11B,$0.84B,12.48%,$0.17B,$0.59B,28.99%,$393,$282,$111,$0,$59,$350,$43,$1,$43,$17,$27,$27,$27,$52,$43,$16,17,$1.66,$1.62,$21,$6,$0,$133,$120,$55,$527,$7,$710,$842,$167,$103,$15,$188,$355,$34,$930,$0,$487,$842,$77,$28,$16,$44,$8,$0,$-5,$-3,$8,$128,$-30,$0,$0,$0,$0,$0,$-0,$-30,$19,$2,$21,$-105,$-105,$-12,$4,$-92,$7,$8,$-12
9,2016-06-30,134.68,$28.69,4.7,$90.98,1.48,$15.00,8.98,$6.30,21.38,$0.15B,$0.17B,0.88,$0.14B,$0.46B,0.3,$1.57B,$0.46B,29.58%,$1.57B,$0.18B,11.57%,$1.57B,$0.18B,11.57%,$1.57B,$0.22B,14.06%,$1.57B,$0.18B,11.37%,$1.57B,$0.11B,6.96%,$0.11B,$0.46B,22.37%,$0.11B,$-0.07B,-267.48%,$0.11B,$0.85B,12.51%,$0.18B,$0.60B,29.79%,$390,$276,$114,$0,$63,$352,$38,$2,$41,$16,$25,$25,$25,$48,$38,$16,17,$1.51,$1.48,$17,$6,$0,$147,$119,$53,$527,$7,$706,$853,$167,$140,$15,$224,$391,$34,$908,$0,$462,$853,$50,$18,$10,$28,$-1,$0,$-5,$-2,$-5,$73,$-20,$0,$0,$0,$0,$0,$0,$-20,$56,$-5,$51,$-96,$-96,$-8,$2,$-51,$3,$6,$-8
10,2016-03-31,133.59,$29.46,4.53,$89.71,1.49,$14.74,9.07,$6.37,20.97,$0.18B,$0.19B,0.94,$0.13B,$0.49B,0.26,$1.56B,$0.46B,29.54%,$1.56B,$0.19B,12.07%,$1.56B,$0.19B,12.07%,$1.56B,$0.23B,14.45%,$1.56B,$0.18B,11.62%,$1.56B,$0.11B,7.13%,$0.11B,$0.49B,22.60%,$0.11B,$-0.04B,-300.00%,$0.11B,$0.88B,12.62%,$0.19B,$0.61B,30.59%,$390,$278,$112,$0,$59,$346,$44,$-4,$41,$16,$25,$25,$25,$54,$44,$17,17,$1.49,$1.45,$15,$6,$0,$180,$119,$49,$527,$7,$703,$883,$192,$127,$14,$207,$398,$34,$887,$0,$485,$883,$25,$9,$2,$11,$-41,$0,$-8,$-0,$-29,$7,$-11,$0,$0,$0,$0,$0,$0,$-11,$54,$7,$61,$-54,$-54,$-4,$2,$5,$1,$2,$-4
11,2015-12-31,147.47,$30.55,4.83,$88.54,1.67,$15.20,9.7,$6.32,23.33,$0.15B,$0.17B,0.88,$0.08B,$0.51B,0.16,$1.54B,$0.46B,29.53%,$1.54B,$0.19B,11.98%,$1.54B,$0.19B,11.98%,$1.54B,$0.22B,14.25%,$1.54B,$0.18B,11.66%,$1.54B,$0.11B,7.19%,$0.11B,$0.51B,22.69%,$0.11B,$-0.01B,-294.04%,$0.11B,$0.85B,12.57%,$0.19B,$0.60B,29.87%,$399,$276,$123,$0,$65,$349,$49,$-0,$49,$19,$30,$30,$30,$59,$49,$17,17,$1.78,$1.73,$15,$6,$0,$151,$117,$49,$527,$7,$702,$852,$171,$84,$13,$168,$339,$34,$866,$0,$513,$852,$110,$36,$33,$69,$4,$-0,$0,$-13,$-8,$172,$-44,$0,$-7,$0,$0,$0,$0,$-50,$-56,$-1,$-57,$-60,$-60,$-16,$12,$-121,$1,$13,$-16
12,2015-09-30,131.18,$29.12,4.51,$86.93,1.51,$11.63,11.28,$6.31,20.79,$0.20B,$0.19B,1.08,$0.13B,$0.49B,0.27,$1.52B,$0.45B,29.46%,$1.52B,$0.19B,12.20%,$1.52B,$0.19B,12.20%,$1.52B,$0.22B,14.44%,$1.52B,$0.18B,11.81%,$1.52B,$0.11B,7.28%,$0.11B,$0.49B,23.43%,$0.11B,$-0.04B,-213.46%,$0.11B,$0.90B,12.55%,$0.19B,$0.62B,30.08%,$386,$272,$114,$0,$56,$336,$50,$-3,$47,$18,$29,$29,$29,$59,$50,$17,17,$1.71,$1.65,$38,$7,$0,$201,$111,$50,$528,$7,$697,$898,$187,$131,$13,$222,$409,$34,$840,$0,$489,$898,$80,$26,$16,$43,$-10,$-0,$5,$-8,$-10,$113,$-30,$0,$-7,$0,$0,$0,$0,$-36,$-9,$-2,$-11,$-37,$-37,$-12,$7,$-52,$24,$8,$-12
13,2015-06-30,128.65,$28.41,4.53,$85.09,1.51,$7.97,16.15,$6.05,21.26,$0.19B,$0.16B,1.17,$0.15B,$0.48B,0.32,$1.50B,$0.44B,29.21%,$1.50B,$0.18B,11.76%,$1.50B,$0.18B,11.76%,$1.50B,$0.21B,14.04%,$1.50B,$0.17B,11.56%,$1.50B,$0.11B,7.15%,$0.11B,$0.48B,23.29%,$0.11B,$-0.05B,-165.25%,$0.11B,$0.89B,12.19%,$0.18B,$0.63B,28.85%,$382,$271,$111,$0,$58,$337,$45,$-0,$44,$17,$27,$27,$27,$53,$45,$17,17,$1.60,$1.55,$33,$6,$0,$190,$108,$52,$529,$7,$695,$885,$162,$153,$13,$246,$407,$34,$815,$0,$478,$885,$52,$18,$11,$28,$-2,$-0,$-2,$-4,$-10,$70,$-19,$0,$-7,$0,$0,$0,$0,$-25,$13,$-7,$6,$-28,$-28,$-7,$3,$-26,$19,$6,$-7
14,2015-03-31,116.96,$28.07,4.17,$83.31,1.4,$6.49,18.03,$5.86,19.96,$0.21B,$0.17B,1.22,$0.15B,$0.48B,0.32,$1.47B,$0.43B,29.10%,$1.47B,$0.17B,11.74%,$1.47B,$0.17B,11.74%,$1.47B,$0.21B,14.11%,$1.47B,$0.17B,11.47%,$1.47B,$0.10B,7.06%,$0.10B,$0.48B,23.06%,$0.10B,$-0.05B,-144.95%,$0.10B,$0.90B,12.00%,$0.17B,$0.63B,28.73%,$377,$269,$108,$0,$59,$336,$41,$-0,$40,$16,$25,$25,$25,$49,$41,$17,17,$1.45,$1.40,$28,$6,$0,$208,$105,$52,$522,$8,$687,$896,$172,$154,$13,$248,$419,$34,$792,$0,$477,$896,$25,$9,$1,$9,$-25,$0,$-10,$1,$-21,$12,$-9,$0,$0,$0,$0,$0,$0,$-8,$14,$-2,$12,$-1,$-1,$-4,$2,$10,$14,$2,$-4
15,2014-12-31,103.31,$26.72,3.87,$81.32,1.27,$5.18,19.96,$5.58,18.51,$0.18B,$0.18B,0.99,$0.14B,$0.45B,0.31,$1.46B,$0.42B,28.93%,$1.46B,$0.17B,11.62%,$1.46B,$0.17B,11.62%,$1.46B,$0.21B,14.16%,$1.46B,$0.16B,11.20%,$1.46B,$0.10B,6.87%,$0.10B,$0.45B,22.56%,$0.10B,$-0.07B,-125.79%,$0.10B,$0.86B,11.62%,$0.17B,$0.59B,30.40%,$379,$263,$116,$0,$60,$329,$50,$-1,$49,$20,$30,$30,$30,$59,$50,$17,18,$1.77,$1.70,$14,$6,$0,$175,$105,$49,$523,$8,$685,$860,$176,$141,$13,$233,$409,$33,$771,$0,$451,$860,$99,$37,$28,$65,$-46,$1,$-26,$6,$-54,$110,$-44,$0,$-0,$0,$0,$0,$0,$-44,$-39,$10,$-30,$-96,$-96,$-14,$3,$-137,$-70,$8,$-14
16,2014-09-30,100.4,$25.57,3.93,$78.81,1.27,$7.98,12.59,$5.15,19.49,$0.19B,$0.20B,0.96,$0.15B,$0.43B,0.35,$1.43B,$0.41B,28.63%,$1.43B,$0.16B,11.09%,$1.43B,$0.16B,11.09%,$1.43B,$0.20B,13.82%,$1.43B,$0.15B,10.67%,$1.43B,$0.09B,6.53%,$0.09B,$0.43B,21.01%,$0.09B,$-0.09B,-115.53%,$0.09B,$0.87B,10.71%,$0.16B,$0.59B,30.38%,$358,$256,$102,$0,$54,$318,$40,$-0,$40,$15,$25,$25,$25,$49,$40,$17,18,$1.44,$1.39,$19,$6,$0,$189,$102,$48,$523,$8,$681,$870,$197,$153,$11,$240,$437,$33,$745,$0,$432,$870,$70,$28,$21,$49,$-50,$0,$-30,$4,$-68,$51,$-32,$0,$-0,$0,$0,$0,$0,$-32,$-13,$22,$9,$-86,$-86,$-11,$2,$-85,$-66,$5,$-11
17,2014-06-30,91.25,$25.86,3.53,$76.88,1.19,$13.20,6.91,$4.70,19.41,$0.17B,$0.16B,1.06,$0.16B,$0.44B,0.35,$1.41B,$0.40B,28.69%,$1.41B,$0.15B,10.44%,$1.41B,$0.15B,10.44%,$1.41B,$0.19B,13.35%,$1.41B,$0.14B,9.80%,$1.41B,$0.09B,6.04%,$0.09B,$0.44B,19.25%,$0.09B,$-0.08B,-103.66%,$0.09B,$0.84B,9.75%,$0.15B,$0.60B,30.61%,$360,$257,$103,$0,$54,$319,$42,$-2,$40,$15,$24,$24,$24,$51,$42,$17,18,$1.41,$1.36,$28,$7,$0,$166,$97,$47,$523,$8,$676,$842,$157,$155,$11,$240,$397,$33,$724,$0,$444,$842,$45,$20,$16,$36,$-7,$-0,$-34,$-3,$-36,$45,$-19,$0,$-0,$0,$0,$0,$0,$-20,$-27,$-0,$-27,$-49,$-49,$-7,$1,$-82,$-57,$3,$-7
18,2014-03-31,86.89,$25.57,3.4,$75.57,1.15,$15.58,5.58,$4.11,21.14,$0.20B,$0.34B,0.59,$0.00B,$0.45B,0.0,$1.41B,$0.40B,28.68%,$1.41B,$0.13B,9.32%,$1.41B,$0.13B,9.32%,$1.41B,$0.17B,12.31%,$1.41B,$0.12B,8.68%,$1.41B,$0.08B,5.41%,$0.08B,$0.45B,16.86%,$0.08B,$-0.08B,-104.47%,$0.08B,$0.87B,8.58%,$0.13B,$0.45B,29.06%,$358,$258,$100,$0,$56,$322,$37,$-3,$34,$13,$21,$21,$21,$47,$37,$18,18,$1.17,$1.12,$39,$7,$0,$198,$94,$46,$523,$8,$670,$869,$338,$0,$11,$85,$423,$33,$703,$0,$446,$869,$21,$11,$12,$23,$-28,$0,$-33,$-0,$-55,$-12,$-8,$0,$-0,$0,$0,$0,$0,$-8,$0,$0,$0,$-23,$-23,$-3,$1,$-25,$-45,$2,$-3
19,2013-12-31,74.26,$25.53,2.91,$75.29,0.99,$16.82,4.42,$4.16,17.85,$0.23B,$0.36B,0.62,$0.00B,$0.45B,0.0,$1.41B,$0.41B,28.64%,$1.41B,$0.13B,9.41%,$1.41B,$0.13B,9.41%,$1.41B,$0.18B,12.45%,$1.41B,$0.12B,8.77%,$1.41B,$0.08B,5.45%,$0.08B,$0.45B,16.74%,$0.08B,$-0.08B,-121.74%,$0.08B,$0.89B,8.62%,$0.13B,$0.45B,26.38%,$349,$246,$103,$0,$58,$309,$39,$-2,$38,$15,$23,$23,$23,$50,$39,$18,19,$1.29,$1.28,$84,$7,$0,$225,$93,$42,$523,$10,$669,$894,$364,$0,$11,$81,$445,$32,$686,$0,$449,$894,$77,$43,$12,$55,$-9,$0,$40,$-10,$19,$151,$-29,$0,$-2,$0,$0,$0,$0,$-31,$0,$-11,$-11,$-81,$-81,$-14,$2,$-105,$15,$8,$-14
20,2013-09-30,69.11,$24.34,2.84,$75.59,0.91,$15.27,4.53,$4.28,16.15,$0.22B,$0.38B,0.58,$0.00B,$0.43B,0.0,$1.43B,$0.41B,28.52%,$1.43B,$0.14B,9.76%,$1.43B,$0.14B,9.76%,$1.43B,$0.18B,12.69%,$1.43B,$0.13B,9.00%,$1.43B,$0.08B,5.65%,$0.08B,$0.43B,17.57%,$0.08B,$-0.10B,-130.65%,$0.08B,$0.88B,9.15%,$0.14B,$0.43B,25.50%,$341,$243,$98,$0,$49,$312,$29,$-4,$26,$8,$17,$17,$17,$40,$29,$18,19,$0.96,$0.94,$83,$7,$0,$216,$90,$41,$524,$11,$665,$882,$376,$0,$11,$78,$455,$32,$667,$0,$427,$882,$54,$32,$2,$34,$5,$0,$49,$-9,$47,$136,$-19,$0,$-2,$0,$0,$0,$0,$-21,$0,$-11,$-11,$-81,$-81,$-10,$1,$-101,$14,$6,$-10
21,2013-06-30,69.81,$25.93,2.69,$75.45,0.93,$11.58,6.03,$4.41,15.83,$0.23B,$0.34B,0.69,$0.00B,$0.48B,0.0,$1.45B,$0.41B,28.27%,$1.45B,$0.15B,10.16%,$1.45B,$0.15B,10.16%,$1.45B,$0.19B,13.06%,$1.45B,$0.14B,9.47%,$1.45B,$0.09B,5.87%,$0.09B,$0.48B,17.97%,$0.09B,$-0.04B,-170.00%,$0.09B,$0.90B,9.65%,$0.15B,$0.48B,24.34%,$357,$255,$102,$0,$53,$331,$26,$-2,$24,$9,$15,$15,$15,$36,$26,$19,19,$0.79,$0.77,$113,$6,$0,$233,$90,$41,$524,$11,$666,$899,$338,$0,$12,$79,$418,$32,$653,$0,$481,$899,$37,$21,$4,$26,$12,$1,$15,$-5,$22,$85,$-12,$0,$-2,$0,$0,$0,$0,$-14,$0,$-12,$-12,$-10,$-10,$-7,$1,$-28,$44,$4,$-7
22,2013-03-31,76.89,$25.73,2.99,$74.90,1.03,$9.62,7.99,$4.74,16.22,$0.24B,$0.16B,1.47,$0.18B,$0.48B,0.37,$1.44B,$0.40B,27.98%,$1.44B,$0.16B,11.15%,$1.44B,$0.16B,11.15%,$1.44B,$0.20B,13.99%,$1.44B,$0.15B,10.25%,$1.44B,$0.09B,6.30%,$0.09B,$0.48B,19.59%,$0.09B,$-0.04B,-158.26%,$0.09B,$0.90B,10.54%,$0.16B,$0.66B,25.23%,$367,$264,$102,$0,$56,$328,$39,$-2,$36,$14,$22,$22,$22,$50,$39,$19,19,$1.20,$1.17,$73,$7,$0,$236,$90,$39,$523,$11,$663,$899,$161,$177,$12,$255,$416,$32,$642,$0,$483,$899,$22,$11,$4,$15,$-37,$0,$-1,$-3,$-29,$8,$-5,$0,$0,$0,$0,$0,$0,$-5,$0,$-3,$-3,$7,$7,$-3,$0,$1,$3,$2,$-3
23,2012-12-31,65.79,$24.46,2.69,$73.84,0.89,$9.39,7.0,$4.63,14.21,$0.20B,$0.16B,1.26,$0.18B,$0.45B,0.39,$1.43B,$0.40B,27.76%,$1.43B,$0.16B,10.98%,$1.43B,$0.16B,10.98%,$1.43B,$0.20B,13.71%,$1.43B,$0.15B,10.14%,$1.43B,$0.09B,6.22%,$0.09B,$0.45B,19.68%,$0.09B,$-0.07B,-128.99%,$0.09B,$0.86B,10.51%,$0.16B,$0.63B,25.16%,$369,$262,$107,$0,$53,$323,$46,$-3,$43,$17,$27,$27,$27,$56,$46,$19,19,$1.42,$1.39,$70,$7,$0,$198,$92,$36,$523,$11,$662,$860,$157,$175,$11,$250,$406,$32,$623,$0,$453,$860,$89,$40,$14,$54,$-24,$2,$5,$-0,$-12,$132,$-35,$0,$-6,$0,$0,$0,$0,$-41,$0,$2,$2,$-52,$-52,$-13,$4,$-60,$31,$8,$-13
24,2012-09-30,66.27,$24.73,2.68,$71.51,0.93,$11.31,5.86,$4.54,14.6,$0.21B,$0.15B,1.39,$0.17B,$0.48B,0.36,$1.41B,$0.39B,27.78%,$1.41B,$0.16B,11.13%,$1.41B,$0.16B,11.13%,$1.41B,$0.20B,13.89%,$1.41B,$0.14B,10.21%,$1.41B,$0.09B,6.24%,$0.09B,$0.48B,19.89%,$0.09B,$-0.05B,-113.18%,$0.09B,$0.87B,10.59%,$0.16B,$0.65B,25.65%,$354,$257,$98,$0,$53,$318,$36,$-2,$34,$13,$21,$21,$21,$47,$36,$19,19,$1.10,$1.07,$69,$8,$0,$205,$90,$35,$523,$11,$660,$865,$148,$173,$11,$242,$390,$31,$600,$0,$475,$865,$63,$30,$7,$37,$-30,$1,$4,$2,$-22,$77,$-26,$0,$-6,$0,$0,$0,$1,$-32,$0,$-3,$-3,$-4,$-4,$-10,$3,$-14,$31,$7,$-10
25,2012-06-30,57.64,$23.55,2.45,$69.46,0.83,$12.71,4.54,$4.51,12.78,$0.18B,$0.14B,1.25,$0.17B,$0.45B,0.38,$1.40B,$0.39B,27.90%,$1.40B,$0.16B,11.59%,$1.40B,$0.16B,11.59%,$1.40B,$0.20B,14.31%,$1.40B,$0.15B,10.44%,$1.40B,$0.09B,6.37%,$0.09B,$0.45B,20.69%,$0.09B,$-0.07B,-101.14%,$0.09B,$0.83B,10.88%,$0.16B,$0.62B,27.09%,$354,$257,$97,$0,$50,$315,$40,$-5,$35,$14,$21,$21,$21,$49,$40,$19,19,$1.12,$1.10,$60,$8,$0,$178,$89,$33,$520,$12,$653,$831,$143,$171,$12,$241,$384,$31,$582,$0,$447,$831,$42,$19,$4,$23,$-9,$1,$-4,$3,$-10,$55,$-18,$0,$-2,$0,$0,$0,$0,$-20,$0,$1,$1,$-9,$-9,$-6,$1,$-13,$22,$4,$-6
26,2012-03-31,59.6,$22.71,2.62,$66.58,0.9,$12.51,4.76,$4.35,13.7,$0.18B,$0.16B,1.14,$0.17B,$0.43B,0.39,$1.38B,$0.39B,28.10%,$1.38B,$0.16B,11.47%,$1.38B,$0.16B,11.47%,$1.38B,$0.20B,14.23%,$1.38B,$0.14B,10.46%,$1.38B,$0.09B,6.39%,$0.09B,$0.43B,19.97%,$0.09B,$-0.09B,-114.29%,$0.09B,$0.83B,10.69%,$0.16B,$0.60B,26.05%,$353,$257,$95,$0,$53,$318,$35,$-2,$33,$13,$20,$20,$20,$44,$35,$19,19,$1.08,$1.06,$34,$8,$0,$177,$89,$35,$519,$12,$654,$831,$155,$169,$12,$242,$397,$31,$564,$0,$434,$831,$20,$9,$1,$10,$-35,$0,$-4,$3,$-20,$10,$-12,$0,$-0,$0,$0,$0,$0,$-12,$0,$0,$0,$-0,$-0,$-3,$1,$-2,$-4,$2,$-3
27,2011-12-31,48.57,$21.71,2.24,$63.69,0.76,$14.56,3.34,$4.13,11.76,$0.15B,$0.15B,1.04,$0.17B,$0.41B,0.4,$1.36B,$0.39B,28.41%,$1.36B,$0.15B,11.37%,$1.36B,$0.15B,11.37%,$1.36B,$0.19B,14.17%,$1.36B,$0.14B,10.33%,$1.36B,$0.09B,6.35%,$0.09B,$0.41B,19.19%,$0.09B,$-0.11B,-125.55%,$0.09B,$0.80B,10.47%,$0.15B,$0.58B,25.16%,$350,$248,$102,$0,$49,$304,$46,$-4,$42,$17,$26,$26,$26,$56,$46,$21,21,$1.31,$1.28,$38,$9,$0,$151,$83,$32,$519,$12,$645,$796,$145,$167,$10,$237,$382,$31,$547,$0,$414,$796,$86,$38,$27,$65,$27,$-1,$-1,$-4,$23,$174,$-30,$0,$-4,$0,$0,$0,$-1,$-34,$0,$-1,$-1,$-140,$-140,$-13,$1,$-152,$-12,$11,$-13
28,2011-09-30,51.99,$21.55,2.41,$61.57,0.84,$10.27,5.06,$3.80,13.68,$0.17B,$0.16B,1.05,$0.17B,$0.43B,0.39,$1.34B,$0.38B,28.64%,$1.34B,$0.15B,10.89%,$1.34B,$0.15B,10.89%,$1.34B,$0.18B,13.72%,$1.34B,$0.14B,10.07%,$1.34B,$0.08B,6.19%,$0.08B,$0.43B,18.03%,$0.08B,$-0.09B,-148.88%,$0.08B,$0.82B,10.00%,$0.15B,$0.59B,23.46%,$341,$245,$96,$0,$48,$300,$41,$-5,$36,$14,$22,$22,$22,$51,$41,$21,21,$1.06,$1.04,$21,$9,$0,$169,$83,$31,$517,$15,$646,$815,$161,$165,$10,$228,$389,$31,$524,$0,$426,$815,$60,$28,$11,$39,$-6,$-1,$3,$1,$9,$108,$-23,$0,$-4,$0,$0,$0,$-1,$-28,$0,$2,$2,$-102,$-102,$-9,$1,$-109,$-29,$9,$-9
29,2011-06-30,61.8,$22.97,2.69,$59.29,1.04,$7.95,7.77,$3.67,16.84,$0.20B,$0.14B,1.51,$0.16B,$0.49B,0.33,$1.32B,$0.38B,28.86%,$1.32B,$0.14B,10.76%,$1.32B,$0.14B,10.76%,$1.32B,$0.18B,13.56%,$1.32B,$0.13B,10.08%,$1.32B,$0.08B,6.21%,$0.08B,$0.49B,16.83%,$0.08B,$-0.03B,-309.43%,$0.08B,$0.85B,9.64%,$0.14B,$0.65B,21.94%,$333,$240,$94,$0,$50,$298,$36,$-3,$33,$13,$20,$20,$20,$45,$36,$21,22,$0.96,$0.94,$51,$9,$0,$204,$81,$33,$517,$15,$647,$851,$135,$163,$7,$226,$361,$31,$506,$0,$489,$851,$38,$18,$11,$30,$-9,$-1,$-7,$-4,$-17,$51,$-15,$0,$-4,$0,$0,$0,$-1,$-20,$0,$-8,$-8,$-18,$-18,$-6,$1,$-31,$1,$7,$-6
30,2011-03-31,62.69,$21.91,2.86,$57.53,1.09,$6.64,9.44,$3.55,17.66,$0.18B,$0.14B,1.35,$0.16B,$0.46B,0.35,$1.30B,$0.38B,29.03%,$1.30B,$0.14B,10.75%,$1.30B,$0.14B,10.75%,$1.30B,$0.18B,13.59%,$1.30B,$0.13B,10.06%,$1.30B,$0.08B,6.22%,$0.08B,$0.46B,16.42%,$0.08B,$-0.05B,-450.00%,$0.08B,$0.82B,9.48%,$0.14B,$0.63B,21.49%,$331,$237,$93,$0,$56,$300,$31,$-1,$29,$11,$18,$18,$18,$40,$31,$21,22,$0.86,$0.84,$60,$8,$0,$184,$79,$32,$514,$14,$639,$823,$136,$161,$6,$223,$359,$31,$488,$0,$464,$823,$18,$9,$7,$17,$18,$-0,$-12,$-1,$14,$49,$-6,$0,$0,$0,$0,$0,$-0,$-6,$0,$-8,$-8,$-21,$-21,$-3,$-1,$-32,$10,$5,$-3
31,2010-12-31,59.64,$21.71,2.75,$55.60,1.07,$4.77,12.5,$3.55,16.8,$0.20B,$0.15B,1.32,$0.16B,$0.46B,0.35,$1.28B,$0.38B,29.30%,$1.28B,$0.14B,11.17%,$1.28B,$0.14B,11.17%,$1.28B,$0.18B,14.06%,$1.28B,$0.13B,10.47%,$1.28B,$0.08B,6.41%,$0.08B,$0.46B,16.34%,$0.08B,$-0.05B,-1093.33%,$0.08B,$0.83B,9.51%,$0.14B,$0.62B,21.72%,$336,$235,$101,$0,$55,$298,$38,$-1,$37,$15,$23,$23,$23,$48,$38,$23,23,$1.00,$0.98,$50,$8,$0,$197,$79,$28,$516,$10,$633,$830,$149,$159,$7,$219,$368,$30,$473,$0,$462,$830,$82,$37,$19,$55,$-69,$-0,$14,$-1,$-51,$86,$-26,$0,$-9,$0,$0,$0,$-1,$-36,$0,$-1,$-1,$-104,$-104,$-12,$4,$-113,$-62,$12,$-12
32,2010-09-30,53.38,$23.51,2.27,$54.33,0.98,$8.28,6.45,$3.35,15.93,$0.28B,$0.15B,1.81,$0.16B,$0.53B,0.3,$1.25B,$0.37B,29.35%,$1.25B,$0.14B,10.91%,$1.25B,$0.14B,10.91%,$1.25B,$0.17B,13.79%,$1.25B,$0.13B,10.10%,$1.25B,$0.08B,6.17%,$0.08B,$0.53B,15.23%,$0.08B,$0.03B,-4400.00%,$0.08B,$0.90B,8.96%,$0.14B,$0.69B,20.60%,$320,$228,$93,$0,$48,$284,$37,$-3,$34,$13,$21,$21,$21,$46,$37,$23,23,$0.93,$0.91,$137,$8,$0,$276,$79,$26,$506,$11,$622,$898,$152,$157,$7,$213,$365,$30,$454,$0,$534,$898,$59,$27,$11,$38,$-60,$-0,$12,$1,$-40,$58,$-19,$0,$-0,$0,$0,$0,$-0,$-20,$0,$-0,$-0,$-7,$-7,$-9,$2,$-13,$25,$8,$-9
33,2010-06-30,51.06,$22.61,2.26,$53.45,0.96,$9.56,5.34,$3.28,15.57,$0.24B,$0.14B,1.72,$0.16B,$0.51B,0.3,$1.22B,$0.36B,29.49%,$1.22B,$0.13B,10.78%,$1.22B,$0.13B,10.78%,$1.22B,$0.17B,13.64%,$1.22B,$0.12B,10.13%,$1.22B,$0.08B,6.13%,$0.08B,$0.51B,15.42%,$0.08B,$0.01B,-348.84%,$0.08B,$0.87B,8.98%,$0.13B,$0.67B,20.65%,$315,$224,$91,$0,$50,$281,$34,$-3,$31,$12,$19,$19,$19,$43,$34,$23,23,$0.83,$0.82,$109,$8,$0,$244,$78,$26,$507,$10,$622,$866,$142,$156,$6,$211,$353,$30,$436,$0,$513,$866,$38,$18,$8,$26,$-53,$-0,$3,$-0,$-44,$20,$-12,$0,$-0,$0,$0,$0,$-0,$-12,$0,$-1,$-1,$-7,$-7,$-5,$2,$-11,$-3,$6,$-5
34,2010-03-31,50.71,$21.91,2.31,$52.82,0.96,$10.81,4.69,$3.22,15.75,$0.23B,$0.15B,1.58,$0.15B,$0.50B,0.31,$1.20B,$0.36B,29.73%,$1.20B,$0.13B,10.47%,$1.20B,$0.13B,10.47%,$1.20B,$0.16B,13.37%,$1.20B,$0.12B,10.05%,$1.20B,$0.07B,6.06%,$0.07B,$0.50B,15.62%,$0.07B,$-0.01B,-176.97%,$0.07B,$0.85B,8.98%,$0.13B,$0.65B,20.37%,$309,$219,$90,$0,$49,$274,$34,$-3,$32,$12,$19,$19,$19,$43,$34,$23,23,$0.86,$0.84,$112,$8,$0,$232,$75,$26,$507,$14,$622,$854,$147,$154,$5,$210,$356,$30,$420,$0,$498,$854,$19,$8,$1,$10,$-36,$-0,$-0,$2,$-21,$8,$-5,$0,$0,$0,$0,$0,$-0,$-6,$0,$-1,$-1,$0,$0,$-3,$1,$-2,$-0,$2,$-3
35,2009-12-31,44.63,$21.10,2.12,$52.43,0.85,$11.73,3.81,$3.23,13.82,$0.20B,$0.14B,1.46,$0.15B,$0.48B,0.32,$1.19B,$0.36B,29.92%,$1.19B,$0.13B,10.67%,$1.19B,$0.13B,10.67%,$1.19B,$0.16B,13.53%,$1.19B,$0.12B,10.17%,$1.19B,$0.07B,6.13%,$0.07B,$0.48B,16.33%,$0.07B,$-0.03B,-116.80%,$0.07B,$0.82B,9.21%,$0.13B,$0.63B,21.27%,$303,$211,$92,$0,$54,$272,$31,$-2,$29,$11,$18,$18,$18,$40,$31,$22,23,$0.80,$0.79,$112,$8,$0,$198,$75,$24,$508,$14,$621,$819,$136,$152,$5,$206,$342,$30,$403,$0,$477,$819,$74,$35,$29,$64,$34,$0,$-8,$-3,$23,$161,$-21,$0,$-2,$0,$0,$0,$1,$-23,$-15,$-5,$-20,$-4,$-4,$-8,$3,$-29,$109,$13,$-8
36,2009-09-30,40.73,$20.26,2.01,$51.60,0.79,$9.30,4.38,$3.29,12.38,$0.18B,$0.15B,1.25,$0.15B,$0.46B,0.33,$1.18B,$0.36B,30.11%,$1.18B,$0.14B,11.45%,$1.18B,$0.14B,11.45%,$1.18B,$0.17B,14.33%,$1.18B,$0.13B,10.60%,$1.18B,$0.07B,6.19%,$0.07B,$0.46B,17.10%,$0.07B,$-0.05B,-87.95%,$0.07B,$0.80B,9.39%,$0.14B,$0.61B,23.34%,$297,$209,$88,$0,$48,$264,$33,$-1,$32,$12,$19,$19,$19,$41,$33,$22,23,$0.86,$0.84,$42,$8,$0,$182,$74,$22,$509,$14,$619,$801,$145,$150,$4,$199,$344,$30,$388,$0,$457,$801,$56,$26,$14,$39,$-17,$-0,$-5,$-1,$-15,$81,$-13,$0,$-2,$0,$0,$0,$-1,$-16,$-15,$-7,$-22,$-1,$-1,$-5,$2,$-26,$38,$7,$-5
37,2009-06-30,36.54,$19.42,1.88,$51.18,0.71,$9.68,3.77,$3.24,11.28,$0.16B,$0.14B,1.11,$0.15B,$0.44B,0.34,$1.17B,$0.35B,30.17%,$1.17B,$0.14B,11.71%,$1.17B,$0.14B,11.71%,$1.17B,$0.17B,14.70%,$1.17B,$0.12B,10.51%,$1.17B,$0.07B,6.07%,$0.07B,$0.44B,17.73%,$0.07B,$-0.07B,-65.89%,$0.07B,$0.78B,9.30%,$0.14B,$0.59B,24.19%,$295,$207,$88,$0,$50,$267,$28,$0,$28,$11,$17,$17,$17,$37,$28,$22,23,$0.77,$0.76,$17,$8,$0,$159,$73,$20,$510,$14,$617,$776,$143,$149,$4,$197,$339,$30,$372,$0,$437,$776,$37,$17,$10,$27,$-12,$-1,$-4,$-0,$-21,$43,$-7,$0,$-2,$0,$0,$0,$-0,$-9,$-10,$-9,$-19,$-0,$-0,$-3,$1,$-21,$13,$4,$-3
38,2009-03-31,35.95,$18.56,1.94,$50.08,0.72,$9.47,3.8,$3.21,11.2,$0.15B,$0.16B,0.97,$0.15B,$0.42B,0.36,$1.16B,$0.35B,29.97%,$1.16B,$0.14B,11.92%,$1.16B,$0.14B,11.92%,$1.16B,$0.17B,14.85%,$1.16B,$0.12B,10.54%,$1.16B,$0.07B,6.04%,$0.07B,$0.42B,18.42%,$0.07B,$-0.09B,-55.45%,$0.07B,$0.77B,9.22%,$0.14B,$0.57B,24.51%,$295,$207,$88,$0,$46,$260,$35,$-3,$32,$12,$19,$19,$19,$43,$35,$22,23,$0.86,$0.85,$12,$8,$0,$153,$74,$23,$511,$14,$621,$774,$158,$149,$5,$199,$357,$30,$356,$0,$417,$774,$19,$8,$4,$12,$-12,$-1,$-8,$1,$-6,$25,$-2,$0,$-2,$0,$0,$0,$-0,$-4,$-11,$-0,$-11,$-0,$-0,$-1,$-0,$-13,$8,$2,$-1
39,2008-12-31,36.7,$17.70,2.07,$48.80,0.75,$9.92,3.7,$3.05,12.03,$0.14B,$0.15B,0.88,$0.16B,$0.40B,0.4,$1.15B,$0.34B,29.44%,$1.15B,$0.13B,11.59%,$1.15B,$0.13B,11.59%,$1.15B,$0.17B,14.55%,$1.15B,$0.12B,10.10%,$1.15B,$0.07B,5.84%,$0.07B,$0.40B,18.24%,$0.07B,$-0.11B,-48.91%,$0.07B,$0.76B,8.84%,$0.13B,$0.56B,23.50%,$292,$201,$91,$0,$42,$253,$39,$-6,$33,$14,$19,$19,$18,$48,$39,$23,23,$0.82,$0.81,$4,$8,$0,$136,$77,$23,$510,$14,$624,$760,$154,$158,$6,$209,$363,$30,$338,$0,$397,$760,$67,$35,$15,$49,$-7,$-1,$6,$-2,$-5,$112,$-26,$0,$-11,$0,$0,$0,$8,$-29,$-19,$7,$-11,$-69,$-69,$-6,$2,$-85,$-1,$7,$-6
40,2008-09-30,37.83,$15.69,2.41,$47.69,0.79,$9.25,4.09,$3.04,12.44,$0.13B,$0.15B,0.86,$0.21B,$0.35B,0.59,$1.14B,$0.34B,29.42%,$1.14B,$0.13B,11.12%,$1.14B,$0.13B,11.12%,$1.14B,$0.16B,14.19%,$1.14B,$0.11B,9.72%,$1.14B,$0.07B,5.87%,$0.07B,$0.35B,18.66%,$0.07B,$-0.15B,-46.61%,$0.07B,$0.74B,8.81%,$0.13B,$0.56B,22.20%,$288,$202,$86,$0,$44,$253,$35,$-5,$30,$13,$17,$17,$17,$44,$35,$23,23,$0.75,$0.74,$7,$7,$0,$126,$71,$29,$502,$16,$618,$744,$145,$207,$6,$247,$393,$29,$326,$0,$351,$744,$49,$26,$8,$34,$6,$-1,$-1,$2,$6,$90,$-13,$0,$7,$0,$0,$0,$-0,$-6,$-8,$-2,$-10,$-69,$-69,$-4,$1,$-82,$2,$5,$-4
41,2008-06-30,33.68,$15.50,2.17,$46.20,0.73,$8.88,3.79,$2.99,11.27,$0.14B,$0.14B,0.95,$0.22B,$0.36B,0.61,$1.13B,$0.33B,29.28%,$1.13B,$0.12B,10.91%,$1.13B,$0.12B,10.91%,$1.13B,$0.16B,13.75%,$1.13B,$0.11B,9.67%,$1.13B,$0.07B,6.03%,$0.07B,$0.36B,19.03%,$0.07B,$-0.15B,-46.66%,$0.07B,$0.76B,8.87%,$0.12B,$0.57B,21.41%,$283,$201,$82,$0,$46,$254,$29,$-2,$27,$10,$16,$16,$16,$37,$29,$23,24,$0.69,$0.68,$2,$8,$0,$137,$72,$31,$502,$16,$621,$758,$144,$218,$6,$259,$403,$29,$310,$0,$355,$758,$32,$17,$5,$22,$-5,$-1,$-2,$0,$-12,$42,$-9,$0,$9,$0,$0,$0,$-0,$-0,$-5,$8,$3,$-46,$-46,$-3,$1,$-45,$-3,$3,$-3
42,2008-03-31,38.76,$15.43,2.51,$45.10,0.86,$8.26,4.69,$2.64,14.68,$0.15B,$0.15B,0.99,$0.21B,$0.37B,0.58,$1.12B,$0.33B,29.69%,$1.12B,$0.12B,11.12%,$1.12B,$0.12B,11.12%,$1.12B,$0.16B,13.90%,$1.12B,$0.10B,8.70%,$1.12B,$0.06B,5.47%,$0.06B,$0.37B,17.44%,$0.06B,$-0.14B,-39.74%,$0.06B,$0.77B,7.90%,$0.12B,$0.58B,21.40%,$285,$206,$79,$0,$43,$255,$30,$-4,$26,$10,$16,$16,$16,$38,$30,$24,24,$0.66,$0.65,$30,$7,$0,$148,$73,$30,$503,$15,$621,$769,$150,$212,$6,$253,$403,$29,$294,$0,$366,$769,$16,$9,$2,$10,$12,$-1,$-6,$1,$13,$40,$-4,$0,$10,$0,$0,$0,$-0,$6,$-3,$-1,$-4,$-16,$-16,$-1,$1,$-20,$25,$1,$-1
43,2007-12-31,51.27,$15.21,3.37,$43.69,1.17,$8.01,6.4,$2.58,19.87,$0.14B,$0.15B,0.91,$0.22B,$0.36B,0.59,$1.10B,$0.33B,30.36%,$1.10B,$0.12B,11.18%,$1.10B,$0.12B,11.18%,$1.10B,$0.15B,13.91%,$1.10B,$0.10B,8.82%,$1.10B,$0.06B,5.55%,$0.06B,$0.36B,16.84%,$0.06B,$-0.14B,-43.19%,$0.06B,$0.77B,7.87%,$0.12B,$0.58B,21.34%,$286,$197,$89,$0,$47,$253,$33,$-4,$28,$11,$18,$18,$18,$43,$33,$25,25,$0.74,$0.72,$5,$7,$0,$137,$75,$29,$504,$15,$633,$770,$151,$215,$6,$255,$406,$29,$278,$0,$364,$770,$62,$30,$29,$59,$-18,$-0,$-8,$-1,$-21,$100,$-24,$0,$-6,$0,$0,$0,$-2,$-32,$73,$-56,$17,$-102,$-102,$-6,$-1,$-92,$-24,$11,$-6
44,2007-09-30,56.97,$14.36,3.97,$42.49,1.34,$7.86,7.25,$2.42,23.54,$0.13B,$0.16B,0.82,$0.23B,$0.34B,0.65,$1.09B,$0.33B,30.11%,$1.09B,$0.12B,11.23%,$1.09B,$0.12B,11.23%,$1.09B,$0.15B,13.63%,$1.09B,$0.10B,9.12%,$1.09B,$0.06B,5.62%,$0.06B,$0.34B,16.20%,$0.06B,$-0.16B,-48.03%,$0.06B,$0.77B,7.81%,$0.12B,$0.57B,21.23%,$273,$193,$80,$0,$43,$242,$31,$-3,$28,$11,$17,$17,$18,$37,$31,$24,24,$0.76,$0.74,$17,$7,$0,$133,$73,$29,$502,$16,$636,$768,$162,$225,$6,$262,$425,$29,$260,$0,$344,$768,$44,$20,$20,$40,$5,$-0,$-10,$0,$7,$90,$-17,$0,$-7,$0,$0,$0,$-1,$-26,$84,$-53,$32,$-101,$-101,$-4,$-4,$-77,$-13,$9,$-4
45,2007-06-30,60.69,$13.58,4.47,$40.88,1.48,$5.81,10.44,$1.98,30.65,$0.15B,$0.15B,0.98,$0.27B,$0.33B,0.83,$1.07B,$0.32B,29.52%,$1.07B,$0.11B,10.68%,$1.07B,$0.11B,10.68%,$1.07B,$0.14B,13.12%,$1.07B,$0.09B,8.43%,$1.07B,$0.05B,4.78%,$0.05B,$0.33B,12.94%,$0.05B,$-0.18B,-46.58%,$0.05B,$0.78B,6.50%,$0.11B,$0.59B,19.72%,$271,$189,$83,$0,$46,$241,$30,$-15,$15,$6,$9,$9,$9,$37,$30,$25,25,$0.38,$0.38,$7,$7,$0,$145,$72,$29,$502,$16,$634,$780,$148,$268,$6,$307,$455,$29,$243,$0,$325,$780,$26,$13,$19,$32,$-11,$-0,$-15,$-1,$-28,$30,$-11,$0,$-6,$0,$0,$0,$-1,$-17,$114,$-41,$73,$-101,$-101,$-3,$-3,$-35,$-22,$8,$-3
46,2007-03-31,44.78,$16.43,2.73,$39.34,1.14,$5.58,8.02,$2.08,21.53,$0.15B,$0.16B,0.95,$0.15B,$0.42B,0.36,$1.05B,$0.30B,28.90%,$1.05B,$0.11B,10.53%,$1.05B,$0.11B,10.53%,$1.05B,$0.14B,12.92%,$1.05B,$0.10B,9.28%,$1.05B,$0.06B,5.26%,$0.06B,$0.42B,13.22%,$0.06B,$-0.09B,-61.97%,$0.06B,$0.78B,7.00%,$0.11B,$0.57B,19.12%,$270,$188,$82,$0,$48,$241,$29,$-3,$26,$10,$16,$16,$16,$36,$29,$26,26,$0.63,$0.62,$30,$7,$0,$153,$69,$28,$503,$16,$631,$784,$160,$150,$5,$208,$368,$29,$235,$0,$416,$784,$16,$6,$6,$13,$5,$-0,$-9,$-0,$6,$35,$-3,$0,$-4,$0,$0,$0,$-0,$-7,$-0,$-2,$-2,$-24,$-24,$-2,$1,$-27,$1,$5,$-2
47,2006-12-31,33.78,$16.32,2.07,$38.13,0.89,$5.44,6.21,$1.91,17.69,$0.16B,$0.17B,0.98,$0.15B,$0.42B,0.36,$1.02B,$0.29B,28.26%,$1.02B,$0.11B,10.30%,$1.02B,$0.11B,10.30%,$1.02B,$0.13B,12.66%,$1.02B,$0.09B,8.93%,$1.02B,$0.05B,5.00%,$0.05B,$0.42B,12.39%,$0.05B,$-0.08B,-54.11%,$0.05B,$0.79B,6.46%,$0.11B,$0.57B,18.04%,$272,$190,$82,$0,$45,$240,$32,$-2,$30,$11,$19,$19,$18,$38,$32,$26,27,$0.68,$0.66,$29,$7,$0,$162,$70,$26,$504,$16,$631,$793,$166,$150,$4,$206,$372,$29,$216,$0,$421,$793,$51,$24,$29,$53,$-13,$-0,$-13,$2,$-5,$99,$-22,$0,$-5,$0,$0,$0,$-1,$-28,$-85,$3,$-82,$-16,$-16,$-6,$6,$-99,$-28,$1,$-6
