,Date,Stock Price,Book Value per Share,Price to Book Ratio,TTM Sales per Share,Price to Sales Ratio,TTM FCF per Share,Price to FCF Ratio,TTM Net EPS,PE Ratio,Current Assets,Current Liabilities,Current Ratio,Long Term Debt,Shareholder's Equity_x,Debt to Equity Ratio,TTM Revenue_x,TTM Gross Profit,Gross Margin,TTM Revenue_y,TTM Operating Income,Operating Margin,TTM Revenue_x,TTM EBIT,EBIT Margin,TTM Revenue_y,TTM EBITDA,EBITDA Margin,TTM Revenue_x,TTM Pre-Tax Income,Pre-Tax Margin,TTM Revenue_y,TTM Net Income_x,Net Margin,TTM Net Income_y,Shareholder's Equity_y,Return on Equity,TTM Net Income_x,Tangible Equity,Return on Tangible Equity,TTM Net Income_y,Total Assets,Return on Assets,TTM Net Income,LT Investments & Debt,Return on Investment,revenue,cost-goods-sold,gross-profit,research-development-expenses,selling-general-administrative-expenses,operating-expenses,operating-income,total-non-operating-income-expense,pre-tax-income,total-provision-income-taxes,income-after-taxes,income-from-continuous-operations,net-income,ebitda,ebit,basic-shares-outstanding,shares-outstanding,eps-basic-net-earnings-per-share,eps-earnings-per-share-diluted,cash-on-hand,inventory,other-current-assets,total-current-assets,net-property-plant-equipment,long-term-investments,goodwill-intangible-assets-total,other-long-term-assets,total-long-term-assets,total-assets,total-current-liabilities,long-term-debt,other-non-current-liabilities,total-long-term-liabilities,total-liabilities,common-stock-net,retained-earnings-accumulated-deficit,comprehensive-income,total-share-holder-equity,total-liabilities-share-holders-equity,net-income-loss,total-depreciation-amortization-cash-flow,other-non-cash-items,total-non-cash-items,change-in-accounts-receivable,change-in-inventories,change-in-accounts-payable,change-in-assets-liabilities,total-change-in-assets-liabilities,cash-flow-from-operating-activities,net-change-in-property-plant-equipment,net-change-in-intangible-assets,net-acquisitions-divestitures,net-change-in-short-term-investments,net-change-in-long-term-investments,net-change-in-investments-total,investing-activities-other,cash-flow-from-investing-activities,net-long-term-debt,net-current-debt,debt-issuance-retirement-net-total,net-common-equity-issued-repurchased,net-total-equity-issued-repurchased,total-common-preferred-stock-dividends-paid,financial-activities-other,cash-flow-from-financial-activities,net-cash-flow,stock-based-compensation,common-stock-dividends-paid
0,2018-09-30,36.35,$9.95,3.65,$48.99,0.74,$2.23,16.27,$0.75,48.47,$0.32B,$0.12B,2.71,$0.28B,$0.30B,0.94,$1.41B,$0.36B,25.37%,$1.41B,$0.05B,3.27%,$1.41B,$0.05B,3.27%,$1.41B,$0.07B,5.05%,$1.41B,$0.03B,1.92%,$1.41B,$0.02B,1.49%,$0.02B,$0.30B,7.98%,$0.02B,$-0.02B,-40.38%,$0.02B,$0.72B,3.01%,$0.05B,$0.58B,8.10%,$361,$270,$92,$0,$0,$351,$10,$-5,$6,$1,$4,$4,$4,$17,$10,$29,30,$0.14,$0.14,$50,$110,$0,$318,$65,$0,$315,$4,$397,$715,$117,$280,$12,$300,$417,$0,$94,$-3,$298,$715,$12,$18,$9,$27,$-4,$-4,$0,$-3,$-5,$34,$-9,$0,$-12,$0,$0,$0,$0,$-21,$0,$-2,$-2,$0,$0,$0,$-2,$-4,$8,$3,$0
1,2018-06-30,28.5,$8.92,3.2,$48.71,0.59,$1.91,14.92,$0.72,39.58,$0.31B,$0.12B,2.59,$0.31B,$0.26B,1.22,$1.37B,$0.35B,25.24%,$1.37B,$0.05B,3.36%,$1.37B,$0.05B,3.36%,$1.37B,$0.07B,5.11%,$1.37B,$0.03B,1.90%,$1.37B,$0.02B,1.46%,$0.02B,$0.26B,8.35%,$0.02B,$-0.06B,-26.40%,$0.02B,$0.71B,2.93%,$0.05B,$0.57B,8.31%,$370,$277,$93,$0,$0,$355,$15,$-5,$10,$3,$7,$7,$7,$21,$15,$28,30,$0.24,$0.24,$40,$116,$0,$309,$72,$0,$318,$4,$399,$708,$119,$313,$12,$333,$452,$0,$90,$-3,$256,$708,$7,$12,$4,$16,$-0,$-10,$0,$0,$-4,$19,$-6,$0,$-12,$0,$0,$0,$0,$-17,$0,$-2,$-2,$0,$0,$0,$-1,$-3,$-2,$2,$0
2,2018-03-31,23.0,$8.66,2.66,$48.35,0.48,$2.02,11.39,$0.62,37.1,$0.29B,$0.10B,2.88,$0.31B,$0.25B,1.26,$1.33B,$0.34B,25.21%,$1.33B,$0.04B,3.23%,$1.33B,$0.04B,3.23%,$1.33B,$0.07B,5.03%,$1.33B,$0.02B,1.65%,$1.33B,$0.02B,1.28%,$0.02B,$0.25B,7.56%,$0.02B,$-0.06B,-20.36%,$0.02B,$0.68B,2.55%,$0.04B,$0.56B,7.97%,$319,$239,$80,$0,$0,$313,$6,$-5,$1,$0,$1,$1,$1,$12,$6,$28,28,$0.02,$0.02,$45,$102,$0,$290,$70,$0,$313,$3,$391,$681,$101,$314,$11,$332,$433,$0,$83,$-2,$249,$681,$1,$6,$2,$8,$6,$1,$0,$2,$2,$11,$-3,$0,$-2,$0,$0,$0,$0,$-5,$0,$-1,$-1,$0,$0,$0,$-0,$-2,$4,$1,$0
3,2017-12-31,20.5,$8.74,2.35,$48.13,0.43,$1.92,10.7,$0.54,37.96,$0.30B,$0.11B,2.74,$0.31B,$0.25B,1.26,$1.30B,$0.33B,25.35%,$1.30B,$0.04B,3.07%,$1.30B,$0.04B,3.07%,$1.30B,$0.06B,4.92%,$1.30B,$0.02B,1.38%,$1.30B,$0.01B,1.08%,$0.01B,$0.25B,6.64%,$0.01B,$-0.07B,-15.14%,$0.01B,$0.69B,2.15%,$0.04B,$0.56B,7.60%,$357,$265,$92,$0,$0,$342,$15,$-5,$10,$1,$9,$9,$9,$21,$15,$26,27,$0.36,$0.35,$42,$102,$0,$297,$68,$0,$314,$3,$391,$688,$108,$314,$11,$331,$439,$0,$83,$-2,$249,$688,$14,$23,$6,$29,$-14,$-12,$0,$3,$-12,$31,$-12,$0,$-30,$0,$0,$0,$0,$-42,$0,$-13,$-13,$34,$34,$0,$-2,$19,$9,$3,$0
4,2017-09-30,19.3,$7.70,2.51,$48.29,0.4,$2.09,9.22,$0.53,36.42,$0.26B,$0.12B,2.26,$0.32B,$0.20B,1.54,$1.29B,$0.33B,25.39%,$1.29B,$0.05B,3.65%,$1.29B,$0.05B,3.65%,$1.29B,$0.07B,5.51%,$1.29B,$0.02B,1.86%,$1.29B,$0.01B,1.09%,$0.01B,$0.20B,7.11%,$0.01B,$-0.11B,-13.79%,$0.01B,$0.66B,2.19%,$0.05B,$0.52B,9.16%,$325,$244,$81,$0,$0,$315,$10,$-6,$5,$2,$3,$3,$3,$16,$10,$26,27,$0.11,$0.11,$4,$110,$0,$261,$69,$0,$316,$3,$394,$655,$115,$315,$11,$335,$450,$0,$73,$-2,$204,$655,$5,$17,$7,$24,$-6,$-20,$0,$-1,$-6,$23,$-10,$0,$-30,$0,$0,$0,$0,$-40,$0,$-12,$-12,$0,$0,$0,$-1,$-13,$-29,$2,$0
5,2017-06-30,13.0,$7.48,1.74,$47.89,0.27,$1.98,6.57,$0.47,27.66,$0.27B,$0.11B,2.51,$0.32B,$0.20B,1.6,$1.26B,$0.32B,25.38%,$1.26B,$0.05B,3.57%,$1.26B,$0.05B,3.57%,$1.26B,$0.07B,5.47%,$1.26B,$0.02B,1.67%,$1.26B,$0.01B,0.95%,$0.01B,$0.20B,6.25%,$0.01B,$-0.09B,-11.79%,$0.01B,$0.64B,1.89%,$0.05B,$0.51B,8.84%,$332,$249,$83,$0,$0,$319,$12,$-6,$6,$3,$4,$4,$4,$18,$12,$26,27,$0.14,$0.14,$37,$96,$0,$274,$65,$0,$290,$3,$363,$638,$109,$315,$8,$331,$440,$0,$71,$-2,$197,$638,$2,$11,$4,$15,$-3,$-9,$0,$4,$4,$22,$-6,$0,$0,$0,$0,$0,$0,$-6,$0,$-10,$-10,$0,$0,$0,$-1,$-11,$4,$2,$0
6,2017-03-31,13.9,$7.30,1.9,$46.97,0.3,$1.24,11.25,0,0.0,$0.26B,$0.10B,2.5,$0.32B,$0.19B,1.64,$1.22B,$0.31B,25.33%,$1.22B,$0.04B,3.61%,$1.22B,$0.04B,3.61%,$1.22B,$0.07B,5.49%,$1.22B,$0.00B,0.08%,$1.22B,$-0.00B,0.00%,$-0.00B,$0.19B,0.00%,$-0.00B,$-0.10B,0.00%,$-0.00B,$0.63B,0.00%,$0.04B,$0.51B,8.64%,$288,$214,$74,$0,$0,$285,$3,$-6,$-3,$-1,$-2,$-2,$-2,$9,$3,$26,26,$-0.06,$-0.06,$36,$91,$0,$261,$64,$0,$292,$6,$368,$629,$104,$316,$8,$332,$436,$0,$67,$-2,$193,$629,$-2,$5,$3,$8,$5,$-3,$0,$4,$2,$8,$-4,$0,$0,$0,$0,$0,$0,$-4,$0,$-1,$-1,$0,$0,$0,$-0,$-1,$3,$1,$0
7,2016-12-31,15.8,$7.37,2.14,$45.94,0.34,$1.29,12.25,$0.10,158.0,$0.26B,$0.11B,2.46,$0.32B,$0.19B,1.64,$1.19B,$0.30B,25.23%,$1.19B,$0.05B,3.86%,$1.19B,$0.05B,3.86%,$1.19B,$0.07B,5.70%,$1.19B,$0.01B,0.50%,$1.19B,$0.00B,0.25%,$0.00B,$0.19B,1.60%,$0.00B,$-0.10B,-2.93%,$0.00B,$0.63B,0.49%,$0.05B,$0.51B,9.29%,$343,$254,$89,$0,$0,$320,$22,$-6,$16,$7,$9,$9,$9,$28,$22,$26,26,$0.36,$0.36,$33,$87,$0,$264,$62,$0,$295,$6,$369,$634,$107,$318,$8,$332,$440,$0,$69,$-2,$194,$634,$3,$20,$23,$43,$-3,$7,$0,$-11,$-7,$39,$-16,$0,$-20,$0,$0,$0,$0,$-36,$201,$-159,$42,$0,$0,$0,$-15,$27,$30,$3,$0
8,2016-09-30,11.14,$7.02,1.59,$43.78,0.25,$1.63,6.84,$0.01,0.0,$0.27B,$0.10B,2.58,$0.32B,$0.18B,1.73,$1.14B,$0.29B,25.31%,$1.14B,$0.04B,3.42%,$1.14B,$0.04B,3.42%,$1.14B,$0.06B,5.25%,$1.14B,$0.00B,0.09%,$1.14B,$0.00B,0.09%,$0.00B,$0.18B,0.54%,$0.00B,$-0.11B,-0.98%,$0.00B,$0.63B,0.17%,$0.04B,$0.50B,8.10%,$298,$224,$74,$0,$0,$290,$8,$-6,$2,$1,$1,$1,$1,$14,$8,$26,26,$0.05,$0.05,$26,$89,$0,$265,$59,$0,$298,$4,$367,$632,$103,$319,$16,$345,$448,$0,$59,$-2,$184,$632,$-6,$15,$28,$43,$5,$6,$0,$-17,$-15,$21,$-12,$0,$-20,$0,$0,$0,$0,$-31,$222,$-157,$66,$0,$0,$0,$-32,$34,$24,$2,$0
9,2016-06-30,16.0,$6.93,2.31,$42.49,0.38,$1.76,9.09,$0.16,100.0,$0.29B,$0.10B,3.01,$0.33B,$0.18B,1.82,$1.12B,$0.29B,25.45%,$1.12B,$0.04B,3.93%,$1.12B,$0.04B,3.93%,$1.12B,$0.06B,5.63%,$1.12B,$0.01B,0.71%,$1.12B,$0.01B,0.45%,$0.01B,$0.18B,2.69%,$0.01B,$-0.10B,-4.96%,$0.01B,$0.64B,0.84%,$0.04B,$0.52B,9.32%,$291,$219,$72,$0,$0,$280,$11,$-26,$-14,$-6,$-8,$-8,$-8,$16,$11,$26,26,$-0.33,$-0.33,$48,$91,$0,$286,$57,$0,$282,$3,$349,$636,$95,$333,$16,$358,$453,$0,$58,$-2,$183,$636,$-7,$9,$26,$35,$3,$2,$0,$-12,$-24,$3,$-8,$0,$0,$0,$0,$0,$0,$-8,$209,$-130,$78,$0,$0,$0,$-28,$50,$46,$1,$0
10,2016-03-31,20.29,$7.24,2.8,$41.69,0.49,$1.68,12.09,$0.62,32.73,$0.22B,$0.09B,2.4,$0.26B,$0.19B,1.38,$1.11B,$0.29B,25.68%,$1.11B,$0.04B,3.78%,$1.11B,$0.04B,3.78%,$1.11B,$0.06B,5.59%,$1.11B,$0.03B,2.52%,$1.11B,$0.02B,1.44%,$0.02B,$0.19B,8.68%,$0.02B,$-0.10B,-15.46%,$0.02B,$0.57B,2.76%,$0.04B,$0.45B,9.06%,$261,$195,$66,$0,$0,$255,$5,$-4,$2,$1,$1,$1,$1,$10,$5,$26,26,$0.04,$0.04,$3,$91,$0,$221,$56,$0,$285,$3,$349,$571,$92,$263,$16,$289,$381,$0,$66,$-2,$190,$571,$1,$4,$3,$8,$10,$2,$0,$-0,$0,$9,$-3,$0,$0,$0,$0,$0,$0,$-3,$-3,$-2,$-5,$0,$0,$0,$-0,$-6,$0,$1,$0
11,2015-12-31,16.68,$7.15,2.33,$39.64,0.42,$1.44,11.56,$0.62,26.9,$0.23B,$0.10B,2.22,$0.27B,$0.19B,1.42,$1.05B,$0.27B,25.69%,$1.05B,$0.04B,3.82%,$1.05B,$0.04B,3.82%,$1.05B,$0.06B,5.54%,$1.05B,$0.03B,2.67%,$1.05B,$0.02B,1.53%,$0.02B,$0.19B,9.21%,$0.02B,$-0.10B,-21.48%,$0.02B,$0.58B,3.02%,$0.04B,$0.46B,9.48%,$292,$215,$77,$0,$0,$277,$15,$-4,$11,$5,$7,$7,$7,$20,$15,$26,27,$0.26,$0.26,$2,$93,$0,$229,$54,$0,$288,$4,$351,$580,$103,$267,$17,$289,$392,$0,$65,$-3,$188,$580,$16,$17,$7,$23,$-11,$-6,$0,$-0,$-2,$38,$-5,$0,$-124,$0,$0,$0,$0,$-129,$118,$-24,$94,$0,$0,$0,$-3,$91,$-1,$4,$0
12,2015-09-30,14.16,$6.91,2.05,$37.66,0.38,$-0.35,0.0,$0.58,24.41,$0.23B,$0.09B,2.56,$0.28B,$0.18B,1.57,$0.98B,$0.25B,25.33%,$0.98B,$0.04B,3.78%,$0.98B,$0.04B,3.78%,$0.98B,$0.05B,5.31%,$0.98B,$0.03B,2.76%,$0.98B,$0.01B,1.43%,$0.01B,$0.18B,8.56%,$0.01B,$-0.11B,-31.11%,$0.01B,$0.58B,2.93%,$0.04B,$0.47B,9.77%,$276,$206,$70,$0,$0,$263,$13,$-4,$9,$4,$5,$5,$5,$17,$13,$26,27,$0.20,$0.20,$1,$93,$0,$227,$53,$0,$290,$5,$353,$580,$88,$284,$18,$310,$399,$0,$59,$-2,$182,$580,$10,$12,$4,$15,$-3,$-6,$0,$0,$-8,$17,$-3,$0,$-124,$0,$0,$0,$0,$-127,$119,$-7,$112,$0,$0,$0,$-3,$109,$-2,$3,$0
13,2015-06-30,21.24,$6.73,3.15,$35.85,0.59,$-1.46,0.0,$0.55,38.62,$0.23B,$0.08B,2.75,$0.31B,$0.18B,1.73,$0.91B,$0.23B,25.14%,$0.91B,$0.03B,3.62%,$0.91B,$0.03B,3.62%,$0.91B,$0.05B,5.05%,$0.91B,$0.03B,2.74%,$0.91B,$0.01B,1.43%,$0.01B,$0.18B,8.48%,$0.01B,$-0.11B,-85.25%,$0.01B,$0.59B,3.07%,$0.03B,$0.48B,9.94%,$281,$209,$72,$0,$0,$272,$9,$-4,$6,$2,$3,$3,$3,$15,$9,$26,27,$0.13,$0.13,$2,$92,$0,$226,$65,$0,$287,$5,$362,$588,$82,$305,$15,$329,$411,$0,$54,$-1,$177,$588,$4,$8,$3,$11,$-4,$-5,$0,$2,$-8,$7,$-14,$0,$-124,$0,$0,$0,$0,$-138,$138,$-5,$132,$0,$0,$0,$-2,$130,$-1,$2,$0
14,2015-03-31,22.43,$5.89,3.81,$33.98,0.66,$-1.49,0.0,$0.57,39.35,$0.18B,$0.07B,2.5,$0.14B,$0.15B,0.93,$0.84B,$0.21B,24.79%,$0.84B,$0.03B,3.91%,$0.84B,$0.03B,3.91%,$0.84B,$0.04B,4.98%,$0.84B,$0.03B,2.97%,$0.84B,$0.01B,1.66%,$0.01B,$0.15B,9.77%,$0.01B,$0.02B,105.66%,$0.01B,$0.37B,3.84%,$0.03B,$0.28B,11.76%,$198,$148,$50,$0,$0,$195,$3,$-1,$2,$1,$1,$1,$1,$6,$3,$25,25,$0.04,$0.04,$2,$71,$0,$178,$55,$0,$127,$5,$192,$370,$71,$137,$7,$152,$223,$0,$50,$-1,$148,$370,$1,$3,$-0,$2,$3,$4,$0,$2,$4,$7,$-8,$0,$0,$0,$0,$0,$0,$-8,$3,$-2,$1,$0,$0,$0,$-2,$-1,$-1,$0,$0
15,2014-12-31,23.04,$5.86,3.93,$33.52,0.69,$-1.29,0.0,$0.59,39.05,$0.19B,$0.08B,2.45,$0.14B,$0.15B,0.93,$0.83B,$0.21B,24.64%,$0.83B,$0.03B,4.09%,$0.83B,$0.03B,4.09%,$0.83B,$0.04B,5.05%,$0.83B,$0.03B,3.00%,$0.83B,$0.01B,1.68%,$0.01B,$0.15B,10.04%,$0.01B,$0.02B,180.65%,$0.01B,$0.38B,3.89%,$0.03B,$0.28B,12.24%,$224,$168,$56,$0,$0,$213,$12,$-2,$10,$4,$5,$5,$5,$14,$12,$25,25,$0.21,$0.21,$3,$76,$0,$189,$48,$0,$129,$5,$187,$376,$77,$136,$8,$152,$229,$0,$49,$-1,$147,$376,$14,$9,$1,$10,$-21,$-11,$0,$7,$-15,$10,$-24,$0,$0,$0,$0,$0,$0,$-24,$0,$-7,$-7,$0,$0,$0,$4,$-3,$-17,$1,$0
16,2014-09-30,16.26,$5.64,2.88,$33.28,0.49,$-0.76,0.0,$0.57,28.53,$0.18B,$0.06B,2.89,$0.14B,$0.14B,0.97,$0.80B,$0.20B,24.72%,$0.80B,$0.03B,4.00%,$0.80B,$0.03B,4.00%,$0.80B,$0.04B,4.99%,$0.80B,$0.02B,2.87%,$0.80B,$0.01B,1.75%,$0.01B,$0.14B,10.31%,$0.01B,$0.01B,560.00%,$0.01B,$0.36B,3.95%,$0.03B,$0.28B,11.63%,$208,$157,$51,$0,$0,$199,$9,$-2,$7,$3,$4,$4,$4,$11,$9,$25,25,$0.17,$0.17,$5,$71,$0,$179,$41,$0,$130,$4,$179,$358,$62,$138,$9,$155,$217,$0,$44,$-1,$141,$358,$9,$7,$1,$8,$-12,$-6,$0,$5,$-17,$1,$-16,$0,$0,$0,$0,$0,$0,$-15,$0,$-5,$-5,$0,$0,$0,$5,$-0,$-15,$1,$0
17,2014-06-30,19.77,$5.47,3.61,$32.97,0.6,$0.28,70.96,$0.60,32.95,$0.18B,$0.06B,2.9,$0.14B,$0.14B,1.01,$0.76B,$0.19B,25.00%,$0.76B,$0.03B,4.19%,$0.76B,$0.03B,4.19%,$0.76B,$0.04B,5.37%,$0.76B,$0.02B,3.01%,$0.76B,$0.01B,1.83%,$0.01B,$0.14B,10.59%,$0.01B,$0.00B,509.09%,$0.01B,$0.36B,4.03%,$0.03B,$0.28B,11.74%,$213,$161,$52,$0,$0,$205,$9,$-2,$6,$3,$4,$4,$4,$11,$9,$25,25,$0.16,$0.15,$15,$67,$0,$177,$38,$0,$134,$4,$178,$355,$61,$139,$9,$156,$218,$0,$40,$-0,$137,$355,$5,$5,$0,$5,$-7,$-2,$0,$6,$-7,$3,$-10,$0,$0,$0,$0,$0,$0,$-10,$0,$-3,$-3,$0,$0,$0,$5,$2,$-5,$1,$0
18,2014-03-31,21.4,$5.31,4.03,$32.49,0.66,$1.40,15.27,$0.70,30.57,$0.17B,$0.06B,2.86,$0.14B,$0.13B,1.05,$0.72B,$0.18B,25.38%,$0.72B,$0.03B,4.72%,$0.72B,$0.03B,4.72%,$0.72B,$0.04B,5.96%,$0.72B,$0.03B,3.61%,$0.72B,$0.02B,2.08%,$0.02B,$0.13B,13.67%,$0.02B,$-0.00B,-100.00%,$0.02B,$0.35B,4.58%,$0.03B,$0.27B,13.39%,$187,$141,$46,$0,$0,$183,$4,$-2,$2,$1,$1,$1,$1,$6,$4,$25,25,$0.04,$0.04,$26,$64,$0,$174,$34,$0,$135,$6,$177,$350,$61,$140,$8,$157,$217,$0,$36,$-1,$133,$350,$1,$2,$-0,$2,$2,$0,$0,$8,$7,$10,$-6,$0,$0,$0,$0,$0,$0,$-6,$0,$-2,$-2,$0,$0,$0,$3,$1,$6,$0,$0
19,2013-12-31,29.16,$5.28,5.53,$31.60,0.92,$1.79,16.29,$0.77,37.87,$0.18B,$0.06B,2.88,$0.14B,$0.13B,1.07,$0.67B,$0.17B,25.56%,$0.67B,$0.04B,5.35%,$0.67B,$0.04B,5.35%,$0.67B,$0.05B,6.69%,$0.67B,$0.03B,4.31%,$0.67B,$0.02B,2.53%,$0.02B,$0.13B,19.54%,$0.02B,$-0.00B,-59.13%,$0.02B,$0.36B,5.74%,$0.04B,$0.27B,15.79%,$193,$144,$49,$0,$0,$183,$10,$-2,$8,$3,$5,$5,$5,$12,$10,$22,22,$0.19,$0.19,$20,$65,$0,$180,$28,$0,$135,$9,$175,$355,$63,$141,$11,$160,$223,$0,$35,$-0,$132,$355,$17,$8,$2,$10,$-6,$0,$0,$-10,$-17,$11,$-12,$0,$-78,$0,$0,$0,$0,$-90,$25,$-5,$20,$75,$75,$0,$4,$99,$20,$1,$0
20,2013-09-30,23.1,$5.07,4.55,$29.62,0.78,$2.09,11.07,$0.75,30.8,$0.19B,$0.06B,3.43,$0.14B,$0.13B,1.11,$0.62B,$0.16B,25.52%,$0.62B,$0.03B,5.46%,$0.62B,$0.03B,5.46%,$0.62B,$0.04B,6.74%,$0.62B,$0.03B,4.49%,$0.62B,$0.02B,2.57%,$0.02B,$0.13B,25.10%,$0.02B,$0.01B,-41.56%,$0.02B,$0.33B,6.15%,$0.03B,$0.27B,17.04%,$171,$127,$44,$0,$0,$161,$9,$-2,$7,$3,$4,$4,$4,$12,$9,$21,21,$0.20,$0.20,$55,$57,$0,$188,$18,$0,$115,$10,$143,$331,$55,$141,$3,$150,$204,$0,$30,$-0,$127,$331,$12,$6,$2,$8,$-2,$-1,$0,$-0,$-5,$15,$-6,$0,$-54,$0,$0,$0,$0,$-60,$25,$-4,$21,$75,$75,$0,$3,$100,$54,$1,$0
21,2013-06-30,17.2,$2.24,7.69,$27.50,0.63,$1.97,8.72,$0.73,23.56,$0.13B,$0.06B,2.1,$0.16B,$0.05B,3.26,$0.58B,$0.15B,25.48%,$0.58B,$0.03B,5.55%,$0.58B,$0.03B,5.55%,$0.58B,$0.04B,6.76%,$0.58B,$0.03B,4.68%,$0.58B,$0.02B,2.77%,$0.02B,$0.05B,39.26%,$0.02B,$-0.07B,-30.33%,$0.02B,$0.28B,7.00%,$0.03B,$0.20B,18.66%,$170,$126,$44,$0,$0,$159,$11,$-2,$9,$4,$5,$5,$5,$13,$11,$21,21,$0.26,$0.25,$2,$56,$0,$133,$16,$0,$115,$11,$142,$275,$63,$155,$3,$164,$228,$0,$26,$-0,$47,$275,$8,$4,$2,$5,$-1,$1,$0,$1,$7,$21,$-3,$0,$-54,$0,$0,$0,$0,$-57,$40,$-4,$36,$0,$0,$0,$2,$39,$2,$1,$0
22,2013-03-31,18.47,$1.99,9.28,$24.90,0.74,$1.40,13.16,$0.69,26.77,$0.10B,$0.05B,2.09,$0.13B,$0.04B,3.01,$0.52B,$0.13B,25.48%,$0.52B,$0.03B,5.75%,$0.52B,$0.03B,5.75%,$0.52B,$0.04B,6.70%,$0.52B,$0.03B,4.98%,$0.52B,$0.02B,2.87%,$0.02B,$0.04B,40.82%,$0.02B,$-0.06B,-38.71%,$0.02B,$0.22B,7.67%,$0.03B,$0.17B,20.58%,$139,$104,$35,$0,$0,$134,$6,$-1,$5,$2,$3,$3,$3,$8,$6,$21,21,$0.13,$0.13,$1,$39,$0,$101,$12,$0,$99,$11,$122,$224,$48,$127,$3,$133,$181,$0,$21,$0,$42,$224,$3,$2,$2,$4,$5,$3,$0,$1,$7,$13,$-1,$0,$-22,$0,$0,$0,$0,$-23,$11,$-2,$8,$0,$0,$0,$2,$11,$1,$0,$0
23,2012-12-31,15.81,$1.87,8.45,$22.95,0.69,$1.02,15.46,$0.69,22.91,$0.11B,$0.05B,2.21,$0.12B,$0.04B,3.04,$0.48B,$0.12B,25.78%,$0.48B,$0.03B,6.03%,$0.48B,$0.03B,6.03%,$0.48B,$0.03B,6.86%,$0.48B,$0.03B,5.41%,$0.48B,$0.02B,3.12%,$0.02B,$0.04B,45.80%,$0.02B,$-0.04B,-61.86%,$0.02B,$0.21B,9.08%,$0.03B,$0.16B,24.37%,$143,$106,$36,$0,$0,$135,$8,$-1,$7,$3,$4,$4,$4,$9,$8,$21,21,$0.17,$0.17,$0,$40,$0,$106,$9,$0,$81,$14,$105,$210,$48,$119,$1,$123,$171,$0,$18,$0,$39,$210,$15,$4,$3,$8,$-8,$-5,$0,$-2,$-14,$8,$-3,$0,$-73,$0,$0,$0,$0,$-76,$98,$-30,$67,$0,$0,$0,$-2,$65,$-2,$2,$0
24,2012-09-30,16.38,$1.69,9.69,$22.60,0.72,$1.59,10.33,$0.77,21.27,$0.10B,$0.05B,2.12,$0.12B,$0.04B,3.41,$0.46B,$0.12B,26.15%,$0.46B,$0.03B,6.81%,$0.46B,$0.03B,6.81%,$0.46B,$0.03B,7.47%,$0.46B,$0.03B,6.15%,$0.46B,$0.02B,3.52%,$0.02B,$0.04B,55.17%,$0.02B,$-0.05B,-112.28%,$0.02B,$0.21B,11.45%,$0.03B,$0.16B,32.63%,$125,$92,$32,$0,$0,$117,$7,$-1,$6,$2,$4,$4,$4,$9,$7,$21,21,$0.18,$0.18,$2,$38,$0,$100,$9,$0,$80,$14,$105,$205,$47,$121,$1,$122,$169,$0,$14,$0,$35,$205,$11,$3,$3,$6,$-2,$-2,$0,$-3,$-7,$9,$-3,$0,$-73,$0,$0,$0,$0,$-76,$99,$-30,$69,$0,$0,$0,$-2,$67,$0,$1,$0
25,2012-06-30,18.05,$1.48,12.16,$22.09,0.82,$1.54,11.73,$0.53,34.06,$0.08B,$0.04B,1.85,$0.07B,$0.03B,2.2,$0.43B,$0.11B,26.39%,$0.43B,$0.03B,6.71%,$0.43B,$0.03B,6.71%,$0.43B,$0.03B,7.18%,$0.43B,$0.02B,4.63%,$0.43B,$0.01B,2.55%,$0.01B,$0.03B,44.44%,$0.01B,$-0.01B,-338.46%,$0.01B,$0.14B,9.76%,$0.03B,$0.10B,41.13%,$115,$84,$30,$0,$0,$106,$9,$-1,$8,$3,$4,$4,$4,$9,$9,$21,21,$0.22,$0.21,$2,$27,$0,$79,$6,$0,$42,$14,$64,$143,$43,$68,$1,$69,$112,$0,$11,$0,$31,$143,$7,$2,$1,$3,$-0,$-2,$0,$-1,$-3,$8,$-2,$0,$-20,$0,$0,$0,$0,$-22,$45,$-29,$16,$0,$0,$0,$-2,$14,$0,$0,$0
