,Date,Stock Price,Book Value per Share,Price to Book Ratio,TTM Sales per Share,Price to Sales Ratio,TTM FCF per Share,Price to FCF Ratio,TTM Net EPS,PE Ratio,Current Assets,Current Liabilities,Current Ratio,Long Term Debt,Shareholder's Equity_x,Debt to Equity Ratio,TTM Revenue_x,TTM Gross Profit,Gross Margin,TTM Revenue_y,TTM Operating Income,Operating Margin,TTM Revenue_x,TTM EBIT,EBIT Margin,TTM Revenue_y,TTM EBITDA,EBITDA Margin,TTM Revenue_x,TTM Pre-Tax Income,Pre-Tax Margin,TTM Revenue_y,TTM Net Income_x,Net Margin,TTM Net Income_y,Shareholder's Equity_y,Return on Equity,TTM Net Income_x,Tangible Equity,Return on Tangible Equity,TTM Net Income_y,Total Assets,Return on Assets,TTM Net Income,LT Investments & Debt,Return on Investment,revenue,cost-goods-sold,gross-profit,research-development-expenses,selling-general-administrative-expenses,operating-expenses,operating-income,total-non-operating-income-expense,pre-tax-income,total-provision-income-taxes,income-after-taxes,income-from-continuous-operations,net-income,ebitda,ebit,basic-shares-outstanding,shares-outstanding,eps-basic-net-earnings-per-share,eps-earnings-per-share-diluted,cash-on-hand,inventory,other-current-assets,total-current-assets,net-property-plant-equipment,long-term-investments,goodwill-intangible-assets-total,other-long-term-assets,total-long-term-assets,total-assets,total-current-liabilities,long-term-debt,other-non-current-liabilities,total-long-term-liabilities,total-liabilities,common-stock-net,retained-earnings-accumulated-deficit,comprehensive-income,total-share-holder-equity,total-liabilities-share-holders-equity,net-income-loss,total-depreciation-amortization-cash-flow,other-non-cash-items,total-non-cash-items,change-in-accounts-receivable,change-in-inventories,change-in-accounts-payable,change-in-assets-liabilities,total-change-in-assets-liabilities,cash-flow-from-operating-activities,net-change-in-property-plant-equipment,net-change-in-intangible-assets,net-acquisitions-divestitures,net-change-in-short-term-investments,net-change-in-long-term-investments,net-change-in-investments-total,investing-activities-other,cash-flow-from-investing-activities,net-long-term-debt,net-current-debt,debt-issuance-retirement-net-total,net-common-equity-issued-repurchased,net-total-equity-issued-repurchased,total-common-preferred-stock-dividends-paid,financial-activities-other,cash-flow-from-financial-activities,net-cash-flow,stock-based-compensation,common-stock-dividends-paid
0,2018-09-30,53.4,$39.04,1.37,$12.29,4.34,$10.20,5.23,$3.04,17.57,$16.20B,$17.69B,0.92,$0.43B,$2.79B,0.16,$0.88B,$0.76B,86.41%,$0.88B,$0.32B,36.13%,$0.88B,0,0.00%,$0.88B,0,0.00%,$0.88B,$0.32B,35.90%,$0.88B,$0.22B,24.69%,$0.22B,$2.79B,7.99%,$0.22B,$1.62B,13.96%,$0.22B,$20.91B,1.09%,$0.32B,$3.22B,10.27%,$236,$39,$197,$0,$116,$155,$82,$0,$82,$11,$70,$70,$70,$0,$0,$71,72,$0.99,$0.98,$665,$0,$0,$16200,$123,$3345,$1165,$73,$4706,$20905,$17686,$431,$0,$431,$18117,$71,$568,$-58,$2789,$20905,$211,$31,$44,$75,$-81,$0,$13,$-0,$-69,$218,$-9,$0,$0,$0,$-774,$-774,$-651,$-1435,$58,$-368,$-310,$3,$3,$-65,$1797,$1426,$209,$6,$-65
1,2018-06-30,55.67,$38.52,1.45,$11.77,4.73,$8.96,6.21,$2.62,21.25,$15.79B,$17.20B,0.92,$0.33B,$2.75B,0.12,$0.84B,$0.74B,87.91%,$0.84B,$0.31B,36.61%,$0.84B,0,0.00%,$0.84B,0,0.00%,$0.84B,$0.29B,33.89%,$0.84B,$0.19B,22.27%,$0.19B,$2.75B,6.97%,$0.19B,$1.59B,12.28%,$0.19B,$20.28B,0.96%,$0.31B,$3.08B,10.07%,$228,$32,$196,$0,$114,$146,$81,$0,$81,$12,$69,$69,$69,$0,$0,$71,72,$0.97,$0.96,$525,$0,$0,$15788,$126,$3133,$1166,$70,$4495,$20283,$17201,$331,$0,$331,$17532,$71,$522,$-47,$2751,$20283,$141,$20,$22,$43,$-12,$0,$-6,$-0,$-18,$165,$-7,$0,$0,$0,$-540,$-540,$-432,$-979,$-42,$59,$17,$3,$3,$-40,$904,$883,$69,$4,$-40
2,2018-03-31,54.41,$37.89,1.44,$11.37,4.79,$7.84,6.94,$2.39,22.77,$15.42B,$16.68B,0.92,$0.37B,$2.70B,0.14,$0.81B,$0.73B,89.30%,$0.81B,$0.30B,37.39%,$0.81B,0,0.00%,$0.81B,0,0.00%,$0.81B,$0.28B,34.44%,$0.81B,$0.17B,21.03%,$0.17B,$2.70B,6.40%,$0.17B,$1.54B,11.38%,$0.17B,$19.76B,0.89%,$0.30B,$3.08B,9.92%,$218,$26,$192,$0,$110,$136,$83,$0,$83,$13,$70,$70,$70,$0,$0,$71,72,$0.99,$0.97,$553,$0,$0,$15420,$126,$2974,$1167,$69,$4336,$19756,$16680,$373,$0,$373,$17053,$71,$471,$-41,$2703,$19756,$70,$10,$3,$13,$34,$0,$-9,$-0,$25,$108,$-3,$0,$0,$0,$-365,$-365,$-69,$-437,$0,$125,$125,$1,$1,$-20,$321,$426,$98,$2,$-20
3,2017-12-31,52.93,$37.48,1.41,$10.86,4.87,$7.42,7.14,$2.09,25.33,$15.28B,$16.24B,0.94,$0.37B,$2.67B,0.14,$0.78B,$0.70B,90.46%,$0.78B,$0.29B,36.73%,$0.78B,0,0.00%,$0.78B,0,0.00%,$0.78B,$0.26B,33.12%,$0.78B,$0.15B,19.20%,$0.15B,$2.67B,5.63%,$0.15B,$1.50B,10.10%,$0.15B,$19.28B,0.79%,$0.29B,$3.04B,9.28%,$201,$23,$178,$0,$105,$128,$73,$-3,$71,$61,$9,$9,$9,$0,$0,$71,72,$0.14,$0.12,$456,$0,$0,$15281,$127,$2641,$1169,$64,$4000,$19281,$16239,$373,$0,$373,$16612,$71,$419,$-25,$2669,$19281,$150,$43,$140,$183,$-118,$0,$60,$0,$-58,$275,$-13,$0,$0,$0,$-800,$-800,$-1170,$-1983,$-225,$0,$-225,$4,$4,$-78,$1989,$1690,$-18,$17,$-78
4,2017-09-30,51.48,$37.57,1.37,$12.05,4.27,$9.04,5.69,$2.62,19.65,$15.29B,$16.28B,0.94,$0.40B,$2.67B,0.15,$0.77B,$0.71B,91.86%,$0.77B,$0.30B,38.24%,$0.77B,0,0.00%,$0.77B,0,0.00%,$0.77B,$0.25B,32.56%,$0.77B,$0.19B,24.16%,$0.19B,$2.67B,7.13%,$0.19B,$1.50B,12.88%,$0.19B,$19.35B,1.02%,$0.30B,$3.07B,9.54%,$197,$21,$176,$0,$104,$125,$72,$-21,$51,$10,$40,$40,$40,$0,$0,$71,72,$0.57,$0.56,$709,$0,$0,$15293,$142,$2687,$1170,$62,$4061,$19354,$16283,$398,$0,$398,$16681,$71,$425,$-25,$2673,$19354,$140,$32,$74,$106,$-157,$0,$40,$0,$-117,$129,$-12,$0,$0,$0,$-833,$-833,$-847,$-1691,$-200,$1147,$947,$3,$3,$-59,$905,$1797,$235,$15,$-59
5,2017-06-30,47.39,$37.11,1.28,$11.94,3.97,$7.29,6.5,$2.27,20.88,$14.99B,$15.71B,0.95,$0.44B,$2.64B,0.17,$0.71B,$0.66B,93.22%,$0.71B,$0.28B,38.98%,$0.71B,0,0.00%,$0.71B,0,0.00%,$0.71B,$0.22B,30.37%,$0.71B,$0.16B,22.32%,$0.16B,$2.64B,6.09%,$0.16B,$1.47B,11.10%,$0.16B,$18.78B,0.89%,$0.28B,$3.08B,8.77%,$197,$17,$180,$0,$104,$121,$76,$-0,$75,$23,$52,$52,$52,$0,$0,$71,71,$0.73,$0.73,$619,$0,$0,$14986,$146,$2413,$1171,$65,$3795,$18781,$15706,$436,$0,$436,$16142,$71,$405,$-34,$2639,$18781,$100,$21,$51,$72,$-92,$0,$8,$0,$-84,$87,$-10,$0,$0,$0,$-555,$-555,$-680,$-1246,$-162,$1192,$1030,$2,$2,$-39,$310,$1303,$145,$7,$-39
6,2017-03-31,49.78,$36.56,1.36,$11.87,4.19,$7.29,6.83,$2.21,22.52,$14.33B,$14.55B,0.99,$0.49B,$2.60B,0.19,$0.62B,$0.58B,93.98%,$0.62B,$0.24B,38.86%,$0.62B,0,0.00%,$0.62B,0,0.00%,$0.62B,$0.18B,28.62%,$0.62B,$0.13B,21.46%,$0.13B,$2.60B,6.00%,$0.13B,$1.43B,10.65%,$0.13B,$17.64B,0.85%,$0.24B,$3.09B,9.05%,$181,$13,$168,$0,$104,$117,$64,$-4,$60,$12,$48,$48,$48,$0,$0,$71,71,$0.67,$0.67,$442,$0,$0,$14334,$143,$1923,$1172,$65,$3303,$17637,$14546,$491,$0,$491,$15037,$71,$372,$-38,$2600,$17637,$48,$10,$26,$36,$11,$0,$-19,$0,$-8,$76,$-2,$0,$0,$0,$-66,$-66,$-285,$-353,$-107,$131,$24,$2,$2,$-19,$238,$245,$-33,$4,$-19
7,2016-12-31,52.46,$36.57,1.43,$11.91,4.41,$6.70,7.83,$2.14,24.51,$14.12B,$14.18B,1.0,$0.60B,$2.58B,0.23,$0.53B,$0.50B,94.56%,$0.53B,$0.21B,39.59%,$0.53B,0,0.00%,$0.53B,0,0.00%,$0.53B,$0.15B,27.95%,$0.53B,$0.11B,20.26%,$0.11B,$2.58B,5.98%,$0.11B,$1.41B,10.20%,$0.11B,$17.36B,0.81%,$0.21B,$3.18B,9.93%,$199,$12,$187,$0,$103,$115,$84,$-18,$66,$19,$47,$47,$47,$0,$0,$49,50,$0.70,$0.67,$474,$0,$0,$14120,$145,$1858,$1174,$58,$3235,$17355,$14176,$598,$0,$598,$14774,$71,$340,$-40,$2582,$17355,$108,$33,$38,$71,$148,$0,$-46,$0,$101,$281,$-18,$0,$326,$0,$-13,$-13,$-838,$-543,$24,$0,$24,$2,$2,$-49,$522,$498,$236,$13,$-49
8,2016-09-30,42.51,$36.37,1.17,$10.67,3.98,$4.01,10.61,$2.14,19.87,$14.15B,$14.14B,1.0,$0.68B,$2.56B,0.26,$0.44B,$0.41B,94.94%,$0.44B,$0.17B,37.93%,$0.44B,0,0.00%,$0.44B,0,0.00%,$0.44B,$0.12B,27.36%,$0.44B,$0.09B,20.00%,$0.09B,$2.56B,6.15%,$0.09B,$1.39B,9.86%,$0.09B,$17.38B,0.77%,$0.17B,$3.24B,10.03%,$131,$7,$125,$0,$73,$80,$52,$-37,$14,$3,$11,$11,$11,$0,$0,$49,50,$0.23,$0.23,$557,$0,$0,$14148,$144,$1867,$1173,$51,$3236,$17384,$14143,$677,$0,$677,$14820,$70,$311,$-25,$2564,$17384,$61,$21,$19,$40,$-61,$0,$-35,$0,$-96,$5,$-10,$0,$326,$0,$7,$7,$-565,$-242,$52,$10,$62,$4,$4,$-30,$520,$555,$318,$6,$-30
9,2016-06-30,35.72,$27.45,1.3,$10.61,3.37,$5.42,6.59,$2.57,13.9,$8.08B,$8.46B,0.96,$0.00B,$1.05B,0.0,$0.40B,$0.38B,94.79%,$0.40B,$0.15B,36.72%,$0.40B,0,0.00%,$0.40B,0,0.00%,$0.40B,$0.14B,34.49%,$0.40B,$0.10B,24.81%,$0.10B,$1.05B,9.77%,$0.10B,$0.73B,14.22%,$0.10B,$9.51B,1.07%,$0.15B,$1.05B,13.65%,$104,$5,$98,$0,$59,$64,$39,$-3,$36,$11,$26,$26,$26,$0,$0,$38,39,$0.67,$0.67,$233,$0,$0,$8079,$103,$1011,$321,$0,$1435,$9514,$8464,$0,$0,$0,$8464,$38,$311,$-26,$1050,$9514,$49,$13,$4,$17,$-17,$0,$-4,$0,$-21,$45,$-4,$0,$0,$0,$56,$56,$-379,$-327,$129,$159,$288,$1,$1,$-20,$7,$276,$-6,$2,$-20
10,2016-03-31,33.96,$26.99,1.26,$10.47,3.24,$5.04,6.73,$2.44,13.92,$7.84B,$8.27B,0.95,$0.00B,$1.03B,0.0,$0.39B,$0.37B,95.12%,$0.39B,$0.14B,36.25%,$0.39B,0,0.00%,$0.39B,0,0.00%,$0.39B,$0.13B,33.68%,$0.39B,$0.09B,23.91%,$0.09B,$1.03B,9.24%,$0.09B,$0.71B,13.59%,$0.09B,$9.30B,1.01%,$0.14B,$1.03B,13.21%,$99,$5,$94,$0,$58,$63,$36,$-3,$33,$10,$24,$24,$24,$0,$0,$38,39,$0.61,$0.60,$291,$0,$0,$7842,$106,$1032,$323,$0,$1461,$9304,$8271,$0,$0,$0,$8271,$38,$295,$-27,$1032,$9304,$24,$6,$1,$8,$-0,$0,$-12,$0,$-12,$19,$-2,$0,$0,$0,$34,$34,$-99,$-68,$31,$0,$31,$0,$0,$-10,$79,$101,$53,$1,$-10
11,2015-12-31,32.37,$26.62,1.22,$10.38,3.12,$4.78,6.77,$2.38,13.6,$7.69B,$7.93B,0.97,$0.24B,$1.02B,0.24,$0.37B,$0.35B,95.16%,$0.37B,$0.13B,35.48%,$0.37B,0,0.00%,$0.37B,0,0.00%,$0.37B,$0.12B,33.33%,$0.37B,$0.09B,23.39%,$0.09B,$1.02B,9.14%,$0.09B,$0.70B,13.25%,$0.09B,$9.19B,0.99%,$0.13B,$1.26B,13.04%,$101,$5,$96,$0,$58,$63,$38,$-2,$36,$10,$26,$26,$26,$0,$0,$36,36,$0.69,$0.67,$239,$0,$0,$7693,$106,$1064,$314,$11,$1496,$9189,$7930,$242,$0,$242,$8173,$38,$282,$-29,$1016,$9189,$87,$25,$11,$36,$-17,$0,$-3,$0,$-20,$103,$-9,$0,$17,$0,$60,$60,$-477,$-409,$119,$0,$119,$2,$2,$-37,$277,$362,$56,$3,$-37
12,2015-09-30,30.34,$26.18,1.16,$10.15,2.99,$4.62,6.57,$2.18,13.92,$7.69B,$8.27B,0.93,$0.00B,$1.00B,0.0,$0.35B,$0.33B,95.16%,$0.35B,$0.12B,34.47%,$0.35B,0,0.00%,$0.35B,0,0.00%,$0.35B,$0.11B,31.34%,$0.35B,$0.08B,21.65%,$0.08B,$1.00B,8.48%,$0.08B,$0.67B,12.12%,$0.08B,$9.27B,0.92%,$0.12B,$1.00B,13.49%,$99,$5,$94,$0,$59,$64,$35,$-1,$34,$10,$24,$24,$24,$0,$0,$38,38,$0.64,$0.64,$292,$0,$0,$7691,$111,$1137,$326,$0,$1574,$9265,$8266,$0,$0,$0,$8266,$38,$266,$-29,$998,$9265,$61,$22,$-0,$22,$-19,$0,$-8,$0,$-28,$55,$-5,$0,$17,$0,$-4,$-4,$-421,$-414,$125,$0,$125,$2,$2,$-27,$368,$468,$109,$3,$-27
13,2015-06-30,30.75,$25.74,1.19,$9.75,3.15,$4.72,6.52,$2.05,15.0,$7.43B,$8.04B,0.92,$0.00B,$0.98B,0.0,$0.32B,$0.31B,95.06%,$0.32B,$0.11B,34.26%,$0.32B,0,0.00%,$0.32B,0,0.00%,$0.32B,$0.10B,30.86%,$0.32B,$0.07B,21.30%,$0.07B,$0.98B,8.14%,$0.07B,$0.65B,11.01%,$0.07B,$9.02B,0.91%,$0.11B,$0.98B,13.09%,$90,$4,$86,$0,$55,$59,$32,$-3,$28,$9,$19,$19,$19,$0,$0,$35,35,$0.54,$0.54,$215,$0,$0,$7427,$112,$1156,$327,$0,$1594,$9021,$8040,$0,$0,$0,$8040,$38,$251,$-31,$981,$9021,$37,$12,$2,$14,$-7,$0,$-16,$0,$-23,$28,$-3,$0,$17,$0,$-24,$-24,$-243,$-254,$25,$104,$129,$1,$1,$-17,$144,$258,$32,$1,$-17
14,2015-03-31,28.94,$24.68,1.17,$9.54,3.03,$5.22,5.55,$2.05,14.12,$6.18B,$6.74B,0.92,$0.00B,$0.81B,0.0,$0.31B,$0.29B,94.75%,$0.31B,$0.10B,33.77%,$0.31B,0,0.00%,$0.31B,0,0.00%,$0.31B,$0.10B,31.15%,$0.31B,$0.07B,21.64%,$0.07B,$0.81B,8.24%,$0.07B,$0.60B,10.51%,$0.07B,$7.55B,0.95%,$0.10B,$0.81B,12.86%,$82,$3,$78,$0,$51,$55,$27,$-1,$26,$8,$18,$18,$18,$0,$0,$33,33,$0.54,$0.54,$394,$0,$0,$6181,$96,$1062,$212,$0,$1370,$7552,$6741,$0,$0,$0,$6741,$33,$242,$-30,$811,$7552,$18,$6,$1,$7,$-10,$0,$-7,$0,$-17,$7,$-1,$0,$0,$0,$5,$5,$-17,$-13,$0,$-17,$-17,$0,$0,$-8,$241,$216,$211,$1,$-8
15,2014-12-31,28.05,$24.32,1.15,$9.30,3.01,$5.67,4.94,$1.97,14.24,$5.95B,$6.53B,0.91,$0.00B,$0.80B,0.0,$0.29B,$0.27B,94.48%,$0.29B,$0.10B,33.10%,$0.29B,0,0.00%,$0.29B,0,0.00%,$0.29B,$0.09B,30.69%,$0.29B,$0.06B,21.38%,$0.06B,$0.80B,8.01%,$0.06B,$0.58B,9.97%,$0.06B,$7.32B,0.94%,$0.10B,$0.80B,12.40%,$80,$4,$76,$0,$50,$53,$27,$-4,$22,$7,$15,$15,$15,$0,$0,$31,32,$0.47,$0.46,$183,$0,$0,$5946,$97,$1065,$213,$0,$1376,$7322,$6525,$0,$0,$0,$6525,$33,$232,$-32,$797,$7322,$62,$17,$6,$22,$-0,$0,$6,$0,$6,$90,$-13,$0,$-14,$0,$123,$123,$-574,$-479,$-10,$0,$-10,$77,$77,$-30,$223,$261,$-128,$3,$-30
16,2014-09-30,24.42,$24.47,1.0,$9.20,2.65,$6.10,4.0,$1.99,12.27,$5.49B,$5.80B,0.95,$0.00B,$0.80B,0.0,$0.28B,$0.26B,94.27%,$0.28B,$0.09B,31.90%,$0.28B,0,0.00%,$0.28B,0,0.00%,$0.28B,$0.09B,31.18%,$0.28B,$0.06B,21.86%,$0.06B,$0.80B,8.14%,$0.06B,$0.67B,9.89%,$0.06B,$6.60B,0.96%,$0.09B,$0.80B,11.87%,$72,$4,$68,$0,$43,$46,$25,$-1,$24,$7,$17,$17,$17,$0,$0,$33,33,$0.51,$0.51,$382,$0,$0,$5490,$80,$895,$132,$0,$1107,$6597,$5795,$0,$0,$0,$5795,$33,$224,$-20,$802,$6597,$47,$12,$3,$15,$-4,$0,$0,$0,$-4,$58,$-11,$0,$0,$0,$64,$64,$-399,$-347,$0,$-4,$-4,$77,$77,$-22,$309,$360,$71,$2,$-22
17,2014-06-30,25.28,$24.22,1.04,$9.45,2.68,$6.76,3.74,$2.01,12.58,$5.10B,$5.44B,0.94,$0.00B,$0.79B,0.0,$0.28B,$0.26B,94.18%,$0.28B,$0.09B,30.91%,$0.28B,0,0.00%,$0.28B,0,0.00%,$0.28B,$0.08B,30.55%,$0.28B,$0.06B,21.45%,$0.06B,$0.79B,8.23%,$0.06B,$0.66B,10.10%,$0.06B,$6.23B,0.94%,$0.09B,$0.79B,11.85%,$71,$4,$67,$0,$43,$47,$24,$-1,$23,$7,$16,$16,$16,$0,$0,$30,30,$0.54,$0.54,$140,$0,$0,$5101,$74,$924,$133,$0,$1131,$6232,$5438,$0,$0,$0,$5438,$33,$215,$-18,$793,$6232,$30,$8,$3,$11,$-3,$0,$1,$0,$-2,$39,$-3,$0,$0,$0,$37,$37,$-255,$-221,$0,$-22,$-22,$77,$77,$-14,$-30,$11,$-170,$1,$-14
18,2014-03-31,28.98,$23.63,1.23,$9.59,3.02,$6.97,4.16,$1.98,14.64,$5.20B,$5.63B,0.92,$0.00B,$0.71B,0.0,$0.27B,$0.26B,93.77%,$0.27B,$0.08B,29.67%,$0.27B,0,0.00%,$0.27B,0,0.00%,$0.27B,$0.08B,29.67%,$0.27B,$0.06B,20.88%,$0.06B,$0.71B,8.49%,$0.06B,$0.57B,10.60%,$0.06B,$6.34B,0.93%,$0.08B,$0.71B,12.06%,$67,$4,$63,$0,$44,$48,$20,$0,$20,$6,$14,$14,$14,$0,$0,$30,30,$0.46,$0.46,$382,$0,$0,$5195,$75,$936,$133,$0,$1144,$6338,$5633,$0,$0,$0,$5633,$30,$206,$-19,$706,$6338,$14,$4,$2,$6,$0,$0,$1,$0,$1,$21,$-2,$0,$0,$0,$24,$24,$-108,$-85,$0,$34,$34,$1,$1,$-7,$108,$136,$72,$1,$-7
19,2013-12-31,28.07,$23.38,1.2,$9.83,2.86,$6.56,4.28,$2.00,14.04,$5.02B,$5.49B,0.91,$0.00B,$0.70B,0.0,$0.28B,$0.26B,93.45%,$0.28B,$0.08B,29.09%,$0.28B,0,0.00%,$0.28B,0,0.00%,$0.28B,$0.08B,29.09%,$0.28B,$0.06B,20.36%,$0.06B,$0.70B,8.67%,$0.06B,$0.56B,10.94%,$0.06B,$6.19B,0.92%,$0.08B,$0.70B,12.38%,$69,$4,$65,$0,$44,$48,$20,$0,$20,$6,$14,$14,$14,$0,$0,$28,28,$0.48,$0.48,$311,$0,$0,$5017,$75,$958,$134,$0,$1167,$6185,$5488,$0,$0,$0,$5488,$30,$199,$-21,$697,$6185,$57,$16,$10,$27,$19,$0,$2,$-15,$6,$90,$-9,$0,$0,$0,$-155,$-155,$-485,$-648,$-34,$17,$-17,$55,$55,$-25,$201,$213,$-345,$3,$-25
20,2013-09-30,24.56,$22.61,1.09,$9.86,2.49,$6.78,3.62,$1.94,12.66,$5.06B,$5.59B,0.91,$0.00B,$0.67B,0.0,$0.27B,$0.26B,93.07%,$0.27B,$0.08B,27.74%,$0.27B,0,0.00%,$0.27B,0,0.00%,$0.27B,$0.08B,27.74%,$0.27B,$0.05B,19.71%,$0.05B,$0.67B,8.70%,$0.05B,$0.54B,11.11%,$0.05B,$6.26B,0.90%,$0.08B,$0.67B,12.07%,$68,$4,$64,$0,$43,$47,$21,$0,$21,$6,$15,$15,$15,$0,$0,$28,28,$0.54,$0.53,$493,$0,$0,$5063,$74,$988,$134,$0,$1195,$6258,$5585,$0,$0,$0,$5585,$30,$192,$-35,$673,$6258,$42,$12,$-7,$5,$16,$0,$-1,$0,$16,$63,$-5,$0,$0,$0,$-182,$-182,$-358,$-545,$0,$13,$13,$54,$54,$-18,$269,$319,$-163,$2,$-18
21,2013-06-30,22.68,$22.14,1.02,$9.79,2.32,$6.75,3.36,$1.89,12.0,$4.59B,$5.20B,0.88,$0.00B,$0.61B,0.0,$0.27B,$0.25B,92.62%,$0.27B,$0.07B,26.94%,$0.27B,0,0.00%,$0.27B,0,0.00%,$0.27B,$0.07B,26.94%,$0.27B,$0.05B,19.19%,$0.05B,$0.61B,8.63%,$0.05B,$0.48B,11.06%,$0.05B,$5.81B,0.89%,$0.07B,$0.61B,11.77%,$69,$4,$64,$0,$44,$48,$20,$0,$20,$6,$14,$14,$14,$0,$0,$28,28,$0.52,$0.51,$207,$0,$0,$4590,$73,$1009,$135,$0,$1217,$5806,$5197,$0,$0,$0,$5197,$28,$183,$-35,$610,$5806,$27,$8,$-10,$-1,$18,$0,$-2,$0,$16,$42,$-3,$0,$0,$0,$-201,$-201,$-171,$-374,$-34,$37,$2,$0,$0,$-12,$-108,$-117,$-449,$1,$-12
22,2013-03-31,22.84,$21.97,1.04,$9.71,2.35,$7.03,3.25,$1.88,12.15,$4.82B,$5.39B,0.9,$0.00B,$0.61B,0.0,$0.27B,$0.25B,92.16%,$0.27B,$0.07B,27.24%,$0.27B,0,0.00%,$0.27B,0,0.00%,$0.27B,$0.07B,27.24%,$0.27B,$0.05B,19.40%,$0.05B,$0.61B,8.71%,$0.05B,$0.47B,11.12%,$0.05B,$5.99B,0.91%,$0.07B,$0.61B,11.69%,$69,$5,$64,$0,$45,$50,$19,$0,$19,$6,$13,$13,$13,$0,$0,$28,28,$0.48,$0.48,$579,$0,$0,$4821,$74,$961,$135,$0,$1170,$5991,$5386,$0,$0,$0,$5386,$28,$174,$-31,$605,$5991,$13,$4,$3,$7,$10,$0,$-8,$-15,$-13,$7,$-1,$0,$0,$0,$-145,$-145,$-22,$-167,$-34,$37,$3,$-0,$-0,$-6,$86,$83,$-77,$1,$-6
23,2012-12-31,20.39,$21.69,0.94,$9.63,2.12,$7.04,2.9,$1.85,11.02,$4.89B,$5.29B,0.93,$0.03B,$0.60B,0.06,$0.27B,$0.24B,91.70%,$0.27B,$0.07B,27.17%,$0.27B,0,0.00%,$0.27B,0,0.00%,$0.27B,$0.07B,27.17%,$0.27B,$0.05B,19.25%,$0.05B,$0.60B,8.63%,$0.05B,$0.46B,10.99%,$0.05B,$5.92B,0.91%,$0.07B,$0.63B,11.45%,$68,$5,$63,$0,$47,$52,$16,$0,$16,$4,$12,$12,$12,$0,$0,$27,28,$0.43,$0.42,$656,$0,$0,$4889,$75,$817,$136,$0,$1028,$5917,$5287,$34,$0,$34,$5321,$27,$167,$-31,$596,$5917,$51,$17,$32,$48,$5,$0,$2,$-12,$-4,$95,$-10,$0,$339,$0,$30,$30,$-306,$53,$-9,$7,$-2,$0,$0,$-23,$150,$126,$274,$2,$-23
24,2012-09-30,20.57,$21.75,0.95,$9.65,2.13,$7.37,2.79,$1.84,11.18,$4.52B,$4.95B,0.91,$0.04B,$0.60B,0.06,$0.27B,$0.24B,90.94%,$0.27B,$0.07B,27.17%,$0.27B,0,0.00%,$0.27B,0,0.00%,$0.27B,$0.07B,27.17%,$0.27B,$0.05B,18.87%,$0.05B,$0.60B,8.55%,$0.05B,$0.47B,10.86%,$0.05B,$5.58B,0.92%,$0.07B,$0.64B,11.52%,$65,$6,$60,$0,$41,$47,$18,$0,$18,$5,$13,$13,$13,$0,$0,$27,28,$0.48,$0.48,$439,$0,$0,$4521,$68,$868,$124,$0,$1060,$5580,$4945,$37,$0,$37,$4982,$27,$161,$-23,$598,$5580,$39,$13,$1,$14,$16,$0,$-6,$0,$11,$64,$-8,$0,$0,$0,$-19,$-19,$-197,$-224,$-6,$8,$2,$0,$0,$-17,$232,$217,$57,$1,$-17
25,2012-06-30,18.11,$21.42,0.85,$9.65,1.88,$7.76,2.33,$1.78,10.18,$4.27B,$4.73B,0.9,$0.04B,$0.59B,0.07,$0.27B,$0.24B,89.81%,$0.27B,$0.07B,26.42%,$0.27B,0,0.00%,$0.27B,0,0.00%,$0.27B,$0.07B,26.42%,$0.27B,$0.05B,18.49%,$0.05B,$0.59B,8.46%,$0.05B,$0.47B,10.77%,$0.05B,$5.35B,0.91%,$0.07B,$0.63B,11.26%,$66,$6,$60,$0,$40,$46,$20,$0,$20,$6,$14,$14,$14,$0,$0,$27,28,$0.50,$0.50,$242,$0,$0,$4267,$67,$893,$124,$0,$1085,$5352,$4725,$38,$0,$38,$4763,$27,$154,$-24,$589,$5352,$26,$9,$9,$18,$20,$0,$0,$-12,$8,$52,$-5,$0,$0,$0,$-45,$-45,$-139,$-189,$-5,$-4,$-9,$-0,$-0,$-11,$17,$-3,$-140,$1,$-11
26,2012-03-31,19.55,$21.10,0.93,$9.58,2.04,$8.25,2.37,$1.68,11.64,$4.39B,$4.83B,0.91,$0.04B,$0.58B,0.07,$0.26B,$0.23B,88.97%,$0.26B,$0.07B,25.10%,$0.26B,0,0.00%,$0.26B,0,0.00%,$0.26B,$0.07B,25.10%,$0.26B,$0.05B,17.49%,$0.05B,$0.58B,8.00%,$0.05B,$0.46B,10.22%,$0.05B,$5.45B,0.86%,$0.07B,$0.62B,10.55%,$66,$6,$60,$0,$42,$48,$18,$0,$18,$5,$12,$12,$12,$0,$0,$27,28,$0.45,$0.45,$474,$0,$0,$4393,$67,$867,$124,$0,$1058,$5452,$4829,$42,$0,$42,$4871,$27,$145,$-24,$580,$5452,$12,$4,$5,$9,$8,$0,$-9,$-12,$-13,$9,$-3,$0,$0,$0,$-17,$-17,$-18,$-37,$-1,$31,$30,$-0,$-0,$-6,$95,$119,$92,$0,$-6
27,2011-12-31,17.63,$20.82,0.85,$9.53,1.85,$9.21,1.91,$1.56,11.3,$4.30B,$4.73B,0.91,$0.04B,$0.57B,0.08,$0.26B,$0.23B,88.12%,$0.26B,$0.06B,23.37%,$0.26B,0,0.00%,$0.26B,0,0.00%,$0.26B,$0.06B,23.37%,$0.26B,$0.04B,16.48%,$0.04B,$0.57B,7.53%,$0.04B,$0.45B,9.66%,$0.04B,$5.34B,0.81%,$0.06B,$0.62B,9.69%,$68,$7,$61,$0,$45,$52,$16,$0,$16,$4,$11,$11,$11,$0,$0,$27,28,$0.42,$0.42,$382,$0,$0,$4298,$66,$851,$125,$0,$1041,$5339,$4725,$43,$0,$43,$4768,$27,$138,$-25,$572,$5339,$43,$16,$32,$48,$12,$0,$-1,$0,$11,$102,$-9,$0,$0,$0,$-111,$-111,$-181,$-300,$-31,$61,$30,$0,$0,$-22,$35,$43,$-154,$2,$-22
28,2011-09-30,12.53,$21.02,0.6,$9.58,1.31,$8.44,1.49,$1.42,8.83,$4.45B,$4.82B,0.92,$0.05B,$0.58B,0.08,$0.26B,$0.23B,87.26%,$0.26B,$0.06B,21.24%,$0.26B,0,0.00%,$0.26B,0,0.00%,$0.26B,$0.06B,21.24%,$0.26B,$0.04B,15.44%,$0.04B,$0.58B,7.04%,$0.04B,$0.45B,9.05%,$0.04B,$5.44B,0.75%,$0.06B,$0.62B,8.67%,$65,$8,$57,$0,$42,$50,$16,$0,$16,$4,$12,$12,$12,$0,$0,$27,28,$0.42,$0.42,$611,$0,$0,$4452,$65,$797,$125,$0,$987,$5440,$4817,$46,$0,$46,$4863,$27,$133,$-14,$577,$5440,$32,$12,$21,$32,$11,$0,$-3,$0,$8,$72,$-5,$0,$0,$0,$-54,$-54,$-102,$-161,$-28,$60,$31,$0,$0,$-16,$149,$164,$75,$1,$-16
29,2011-06-30,15.18,$20.78,0.73,$9.65,1.57,$7.64,1.99,$1.32,11.5,$4.21B,$4.56B,0.92,$0.07B,$0.57B,0.13,$0.26B,$0.23B,86.59%,$0.26B,$0.05B,19.54%,$0.26B,0,0.00%,$0.26B,0,0.00%,$0.26B,$0.05B,19.54%,$0.26B,$0.04B,14.18%,$0.04B,$0.57B,6.56%,$0.04B,$0.45B,8.45%,$0.04B,$5.20B,0.70%,$0.05B,$0.64B,7.97%,$64,$8,$56,$0,$40,$49,$16,$0,$16,$5,$11,$11,$11,$0,$0,$27,27,$0.40,$0.40,$400,$0,$0,$4211,$65,$802,$126,$0,$993,$5204,$4561,$72,$0,$72,$4633,$27,$126,$-13,$571,$5204,$20,$8,$14,$22,$24,$0,$-3,$0,$21,$63,$-3,$0,$0,$0,$-58,$-58,$-78,$-139,$-2,$34,$32,$0,$0,$-11,$-81,$-60,$-136,$0,$-11
30,2011-03-31,15.96,$20.54,0.78,$9.74,1.64,$7.05,2.26,$1.09,14.64,$4.39B,$4.70B,0.94,$0.07B,$0.56B,0.13,$0.26B,$0.22B,85.82%,$0.26B,$0.04B,16.09%,$0.26B,0,0.00%,$0.26B,0,0.00%,$0.26B,$0.04B,16.09%,$0.26B,$0.03B,11.49%,$0.03B,$0.56B,5.35%,$0.03B,$0.44B,6.90%,$0.03B,$5.34B,0.57%,$0.04B,$0.64B,6.56%,$64,$8,$56,$0,$43,$51,$13,$0,$13,$4,$9,$9,$9,$0,$0,$27,27,$0.33,$0.33,$642,$0,$0,$4394,$65,$750,$126,$0,$941,$5335,$4699,$73,$0,$73,$4771,$27,$121,$-15,$564,$5335,$9,$4,$8,$11,$21,$0,$-7,$0,$13,$34,$-1,$0,$0,$0,$-8,$-8,$-7,$-16,$-1,$43,$42,$0,$0,$-5,$51,$87,$105,$0,$-5
31,2010-12-31,17.56,$20.41,0.86,$9.72,1.81,$6.79,2.59,$0.86,20.42,$4.31B,$4.61B,0.93,$0.07B,$0.56B,0.13,$0.25B,$0.21B,84.58%,$0.25B,$0.03B,12.65%,$0.25B,0,0.00%,$0.25B,0,0.00%,$0.25B,$0.03B,12.65%,$0.25B,$0.02B,9.09%,$0.02B,$0.56B,4.28%,$0.02B,$0.43B,5.42%,$0.02B,$5.25B,0.46%,$0.03B,$0.63B,5.17%,$66,$9,$57,$0,$47,$56,$10,$0,$10,$2,$8,$8,$8,$0,$0,$26,26,$0.29,$0.29,$536,$0,$0,$4309,$66,$744,$127,$0,$937,$5246,$4612,$74,$0,$74,$4686,$27,$117,$-14,$560,$5246,$23,$14,$51,$65,$-10,$0,$9,$-10,$-11,$77,$-8,$0,$17,$0,$46,$46,$-107,$-52,$-52,$2,$-50,$0,$0,$-21,$220,$150,$175,$1,$-21
32,2010-09-30,16.21,$20.44,0.79,$9.64,1.68,$5.78,2.8,$0.70,23.16,$4.42B,$4.75B,0.93,$0.09B,$0.56B,0.15,$0.25B,$0.20B,83.27%,$0.25B,$0.03B,10.20%,$0.25B,0,0.00%,$0.25B,0,0.00%,$0.25B,$0.03B,10.20%,$0.25B,$0.02B,7.35%,$0.02B,$0.56B,3.49%,$0.02B,$0.44B,4.33%,$0.02B,$5.40B,0.38%,$0.03B,$0.65B,4.16%,$67,$10,$57,$0,$45,$55,$12,$0,$12,$3,$9,$9,$9,$0,$0,$27,27,$0.32,$0.32,$721,$0,$0,$4419,$66,$790,$125,$0,$981,$5400,$4754,$85,$0,$85,$4839,$27,$115,$-11,$561,$5400,$16,$10,$37,$47,$-9,$0,$-3,$0,$-12,$51,$-6,$0,$17,$0,$28,$28,$-46,$-7,$-40,$14,$-26,$0,$0,$-16,$356,$314,$359,$1,$-16
33,2010-06-30,16.94,$20.27,0.84,$9.62,1.76,$6.29,2.69,$0.48,35.28,$4.09B,$4.48B,0.91,$0.09B,$0.56B,0.16,$0.24B,$0.19B,82.20%,$0.24B,$0.02B,6.78%,$0.24B,0,0.00%,$0.24B,0,0.00%,$0.24B,$0.02B,6.78%,$0.24B,$0.01B,4.66%,$0.01B,$0.56B,2.22%,$0.01B,$0.43B,2.70%,$0.01B,$5.12B,0.25%,$0.02B,$0.64B,2.72%,$64,$10,$54,$0,$47,$57,$7,$0,$7,$2,$4,$4,$4,$0,$0,$26,26,$0.17,$0.17,$398,$0,$0,$4090,$69,$837,$124,$0,$1030,$5121,$4478,$87,$0,$87,$4564,$27,$112,$-12,$556,$5121,$7,$6,$28,$34,$3,$0,$1,$0,$5,$46,$-4,$0,$17,$0,$-20,$-20,$-43,$-50,$-39,$2,$-38,$0,$0,$-10,$88,$40,$36,$1,$-10
34,2010-03-31,18.21,$19.76,0.92,$9.67,1.88,$5.42,3.36,$0.41,44.42,$3.45B,$3.74B,0.92,$0.08B,$0.47B,0.17,$0.23B,$0.19B,81.39%,$0.23B,$0.01B,5.19%,$0.23B,0,0.00%,$0.23B,0,0.00%,$0.23B,$0.01B,5.19%,$0.23B,$0.01B,3.90%,$0.01B,$0.47B,1.89%,$0.01B,$0.40B,2.24%,$0.01B,$4.29B,0.21%,$0.01B,$0.55B,2.08%,$56,$10,$46,$0,$43,$53,$3,$0,$3,$0,$2,$2,$2,$0,$0,$24,24,$0.10,$0.10,$447,$0,$0,$3450,$54,$713,$75,$0,$842,$4293,$3740,$80,$0,$80,$3820,$24,$113,$-13,$472,$4293,$2,$17,$-0,$17,$5,$0,$1,$0,$6,$25,$-2,$0,$0,$0,$33,$33,$-7,$23,$-10,$-3,$-13,$0,$0,$-5,$56,$39,$87,$0,$-5
35,2009-12-31,18.01,$19.85,0.91,$9.78,1.84,$4.46,4.04,$0.42,42.88,$3.38B,$3.69B,0.92,$0.09B,$0.47B,0.19,$0.23B,$0.19B,80.69%,$0.23B,$0.01B,5.15%,$0.23B,0,0.00%,$0.23B,0,0.00%,$0.23B,$0.01B,5.15%,$0.23B,$0.01B,4.29%,$0.01B,$0.47B,2.08%,$0.01B,$0.40B,2.46%,$0.01B,$4.25B,0.24%,$0.01B,$0.56B,2.03%,$58,$11,$47,$0,$44,$55,$3,$0,$3,$1,$3,$3,$3,$0,$0,$24,24,$0.11,$0.11,$361,$0,$0,$3376,$54,$746,$75,$0,$875,$4251,$3686,$90,$0,$90,$3776,$24,$115,$-13,$474,$4251,$10,$10,$51,$61,$-18,$0,$0,$-8,$-25,$46,$-7,$0,$0,$0,$-177,$-177,$-48,$-232,$-45,$7,$-38,$0,$0,$-28,$439,$373,$187,$0,$-28
36,2009-09-30,16.44,$20.06,0.82,$9.91,1.66,$5.38,3.05,$0.38,43.26,$3.47B,$3.67B,0.95,$0.12B,$0.48B,0.24,$0.24B,$0.19B,80.08%,$0.24B,$0.01B,4.24%,$0.24B,0,0.00%,$0.24B,0,0.00%,$0.24B,$0.01B,4.24%,$0.24B,$0.01B,3.81%,$0.01B,$0.48B,1.85%,$0.01B,$0.40B,2.20%,$0.01B,$4.27B,0.22%,$0.01B,$0.59B,1.65%,$58,$11,$47,$0,$44,$55,$3,$0,$3,$1,$2,$2,$2,$0,$0,$24,24,$0.10,$0.10,$466,$0,$0,$3473,$53,$667,$75,$0,$796,$4268,$3674,$115,$0,$115,$3789,$24,$120,$-12,$479,$4268,$7,$7,$41,$48,$-4,$0,$4,$0,$0,$56,$-5,$0,$0,$0,$-96,$-96,$-46,$-147,$0,$-20,$-20,$0,$0,$-21,$425,$384,$292,$1,$-21
37,2009-06-30,14.8,$20.23,0.73,$10.07,1.47,$4.96,2.98,$0.24,61.66,$3.21B,$3.40B,0.95,$0.12B,$0.48B,0.24,$0.24B,$0.19B,78.75%,$0.24B,$0.01B,2.08%,$0.24B,0,0.00%,$0.24B,0,0.00%,$0.24B,$0.01B,2.08%,$0.24B,$0.01B,2.50%,$0.01B,$0.48B,1.22%,$0.01B,$0.41B,1.44%,$0.01B,$4.00B,0.15%,$0.01B,$0.60B,0.82%,$59,$11,$48,$0,$45,$57,$3,$0,$3,$0,$2,$2,$2,$0,$0,$24,24,$0.10,$0.10,$208,$0,$0,$3212,$53,$659,$75,$0,$787,$3999,$3400,$115,$0,$115,$3515,$24,$124,$-13,$483,$3999,$5,$5,$29,$34,$-21,$0,$1,$0,$-20,$20,$-3,$0,$0,$0,$-89,$-89,$-12,$-103,$-20,$-0,$-20,$0,$0,$-14,$152,$118,$34,$0,$-14
38,2009-03-31,15.24,$20.40,0.75,$10.26,1.49,$5.40,2.82,$0.54,28.22,$3.22B,$3.36B,0.96,$0.13B,$0.49B,0.26,$0.24B,$0.19B,77.46%,$0.24B,$0.02B,6.56%,$0.24B,0,0.00%,$0.24B,0,0.00%,$0.24B,$0.02B,6.56%,$0.24B,$0.01B,5.74%,$0.01B,$0.49B,2.80%,$0.01B,$0.41B,3.30%,$0.01B,$3.98B,0.36%,$0.02B,$0.61B,2.58%,$58,$12,$46,$0,$43,$55,$3,$0,$3,$1,$3,$3,$3,$0,$0,$24,24,$0.11,$0.11,$226,$0,$0,$3215,$53,$632,$75,$0,$760,$3976,$3363,$125,$0,$125,$3488,$24,$129,$-13,$487,$3976,$3,$2,$14,$16,$-21,$0,$2,$0,$-19,$1,$-1,$0,$0,$0,$-63,$-63,$20,$-44,$-10,$-12,$-22,$0,$0,$-7,$126,$96,$53,$0,$-7
39,2008-12-31,20.06,$20.58,0.97,$10.47,1.92,$6.00,3.35,$0.84,23.89,$3.18B,$3.25B,0.98,$0.14B,$0.49B,0.28,$0.25B,$0.19B,75.10%,$0.25B,$0.03B,10.84%,$0.25B,0,0.00%,$0.25B,0,0.00%,$0.25B,$0.03B,10.84%,$0.25B,$0.02B,8.43%,$0.02B,$0.49B,4.14%,$0.02B,$0.42B,4.88%,$0.02B,$3.87B,0.55%,$0.03B,$0.63B,4.30%,$61,$13,$48,$0,$47,$60,$1,$0,$1,$-0,$2,$2,$2,$0,$0,$24,24,$0.06,$0.06,$173,$0,$0,$3177,$53,$570,$75,$0,$698,$3874,$3248,$135,$0,$135,$3383,$24,$134,$-13,$492,$3874,$20,$9,$41,$50,$-13,$0,$12,$0,$-0,$70,$-9,$0,$0,$0,$50,$50,$-225,$-184,$-15,$36,$21,$2,$2,$-28,$103,$98,$-16,$1,$-28
40,2008-09-30,22.12,$21.19,1.04,$10.63,2.08,$5.63,3.93,$1.18,18.74,$3.07B,$3.19B,0.96,$0.09B,$0.51B,0.18,$0.26B,$0.18B,71.76%,$0.26B,$0.04B,15.69%,$0.26B,0,0.00%,$0.26B,0,0.00%,$0.26B,$0.04B,15.69%,$0.26B,$0.03B,11.37%,$0.03B,$0.51B,5.68%,$0.03B,$0.43B,6.67%,$0.03B,$3.79B,0.77%,$0.04B,$0.60B,6.29%,$62,$15,$47,$0,$49,$64,$-2,$0,$-2,$-1,$-1,$-1,$-1,$0,$0,$24,24,$-0.04,$-0.04,$114,$0,$0,$3073,$51,$589,$76,$0,$716,$3788,$3192,$90,$0,$90,$3282,$24,$139,$-4,$506,$3788,$18,$7,$30,$37,$-9,$0,$1,$0,$-8,$47,$-5,$0,$0,$0,$26,$26,$-159,$-138,$0,$-33,$-33,$2,$2,$-21,$68,$16,$-76,$0,$-21
41,2008-06-30,14.35,$21.58,0.66,$10.87,1.32,$5.42,2.65,$1.66,8.64,$3.00B,$3.09B,0.97,$0.13B,$0.51B,0.25,$0.26B,$0.18B,68.97%,$0.26B,$0.06B,21.84%,$0.26B,0,0.00%,$0.26B,0,0.00%,$0.26B,$0.06B,21.84%,$0.26B,$0.04B,15.71%,$0.04B,$0.51B,8.04%,$0.04B,$0.44B,9.45%,$0.04B,$3.74B,1.09%,$0.06B,$0.64B,8.85%,$63,$16,$48,$0,$33,$49,$14,$0,$14,$5,$10,$10,$10,$0,$0,$24,24,$0.40,$0.40,$123,$0,$0,$3001,$49,$612,$76,$0,$737,$3738,$3094,$130,$0,$130,$3224,$24,$147,$-2,$514,$3738,$19,$5,$8,$13,$-1,$0,$-2,$0,$-2,$30,$-2,$0,$0,$0,$7,$7,$-66,$-62,$-20,$-12,$-32,$0,$0,$-14,$11,$-34,$-67,$0,$-14
42,2008-03-31,16.56,$21.60,0.77,$10.98,1.51,$5.31,3.12,$1.65,10.04,$3.07B,$3.16B,0.97,$0.13B,$0.52B,0.25,$0.27B,$0.18B,66.17%,$0.27B,$0.06B,21.43%,$0.27B,0,0.00%,$0.27B,0,0.00%,$0.27B,$0.06B,21.43%,$0.27B,$0.04B,15.41%,$0.04B,$0.52B,8.07%,$0.04B,$0.44B,9.50%,$0.04B,$3.80B,1.08%,$0.06B,$0.65B,8.85%,$63,$19,$44,$0,$30,$49,$14,$0,$14,$5,$10,$10,$10,$0,$0,$24,24,$0.41,$0.41,$262,$0,$0,$3072,$49,$602,$76,$0,$727,$3799,$3155,$130,$0,$130,$3285,$24,$145,$1,$515,$3799,$10,$2,$3,$5,$-2,$0,$2,$0,$-0,$15,$-1,$0,$0,$0,$20,$20,$9,$27,$-20,$-19,$-39,$0,$0,$-7,$77,$31,$73,$0,$-7
43,2007-12-31,16.33,$21.35,0.76,$10.99,1.49,$5.29,3.09,$1.60,10.21,$3.01B,$3.10B,0.97,$0.15B,$0.51B,0.3,$0.27B,$0.17B,64.68%,$0.27B,$0.06B,20.82%,$0.27B,0,0.00%,$0.27B,0,0.00%,$0.27B,$0.06B,20.82%,$0.27B,$0.04B,14.87%,$0.04B,$0.51B,7.86%,$0.04B,$0.43B,9.26%,$0.04B,$3.75B,1.05%,$0.06B,$0.66B,8.57%,$67,$22,$44,$0,$30,$52,$14,$0,$14,$4,$10,$10,$10,$0,$0,$24,24,$0.41,$0.41,$190,$0,$0,$3011,$50,$617,$77,$0,$743,$3754,$3096,$150,$0,$150,$3246,$24,$142,$-2,$508,$3754,$39,$9,$7,$16,$3,$0,$1,$0,$4,$58,$-5,$0,$0,$0,$29,$29,$-1,$22,$5,$-12,$-7,$-25,$-25,$-28,$-22,$-82,$-1,$0,$-28
44,2007-09-30,16.46,$21.04,0.78,$10.91,1.51,$5.26,3.13,$1.64,10.04,$3.04B,$3.19B,0.95,$0.13B,$0.50B,0.25,$0.27B,$0.17B,64.55%,$0.27B,$0.06B,22.01%,$0.27B,0,0.00%,$0.27B,0,0.00%,$0.27B,$0.06B,22.01%,$0.27B,$0.04B,15.30%,$0.04B,$0.50B,8.06%,$0.04B,$0.43B,9.51%,$0.04B,$3.82B,1.08%,$0.06B,$0.63B,9.05%,$68,$25,$44,$0,$28,$53,$15,$0,$15,$5,$11,$11,$11,$0,$0,$24,24,$0.44,$0.44,$203,$0,$0,$3043,$48,$654,$77,$0,$780,$3823,$3194,$125,$0,$125,$3319,$24,$139,$-6,$504,$3823,$29,$7,$6,$12,$-4,$0,$1,$0,$-3,$39,$-2,$0,$0,$0,$-13,$-13,$-12,$-27,$-20,$-6,$-26,$-22,$-22,$-21,$69,$1,$12,$0,$-21
45,2007-06-30,17.36,$20.79,0.84,$10.71,1.62,$3.86,4.5,$1.66,10.46,$3.02B,$3.14B,0.96,$0.14B,$0.51B,0.27,$0.27B,$0.17B,64.91%,$0.27B,$0.06B,23.02%,$0.27B,0,0.00%,$0.27B,0,0.00%,$0.27B,$0.06B,23.02%,$0.27B,$0.04B,15.47%,$0.04B,$0.51B,8.02%,$0.04B,$0.43B,9.47%,$0.04B,$3.79B,1.08%,$0.06B,$0.64B,9.14%,$68,$25,$44,$0,$30,$54,$14,$0,$14,$5,$10,$10,$10,$0,$0,$25,25,$0.39,$0.39,$196,$0,$0,$3016,$48,$643,$78,$0,$769,$3785,$3143,$135,$0,$135,$3278,$24,$135,$-9,$506,$3785,$19,$5,$3,$8,$-0,$0,$-0,$0,$-0,$26,$-1,$0,$0,$0,$-6,$-6,$8,$1,$-10,$-24,$-34,$-13,$-13,$-14,$38,$-22,$5,$0,$-14
46,2007-03-31,19.78,$20.86,0.95,$10.49,1.89,$3.81,5.19,$1.76,11.24,$3.06B,$3.14B,0.97,$0.17B,$0.52B,0.32,$0.26B,$0.17B,65.90%,$0.26B,$0.07B,24.90%,$0.26B,0,0.00%,$0.26B,0,0.00%,$0.26B,$0.07B,24.90%,$0.26B,$0.04B,16.48%,$0.04B,$0.52B,8.42%,$0.04B,$0.44B,9.91%,$0.04B,$3.82B,1.13%,$0.07B,$0.68B,9.31%,$66,$24,$42,$0,$28,$53,$13,$0,$13,$4,$9,$9,$9,$0,$0,$25,25,$0.36,$0.36,$231,$0,$0,$3055,$49,$635,$78,$0,$763,$3817,$3135,$165,$0,$165,$3300,$25,$133,$-8,$518,$3817,$9,$2,$2,$4,$-1,$0,$3,$0,$2,$15,$-1,$0,$0,$0,$4,$4,$7,$10,$0,$-31,$-31,$-0,$-0,$-7,$54,$16,$41,$0,$-7
47,2006-12-31,21.9,$20.46,1.07,$10.31,2.12,$3.98,5.51,$1.87,11.71,$3.02B,$3.14B,0.96,$0.15B,$0.51B,0.29,$0.26B,$0.17B,67.32%,$0.26B,$0.07B,27.24%,$0.26B,0,0.00%,$0.26B,0,0.00%,$0.26B,$0.07B,27.24%,$0.26B,$0.05B,17.90%,$0.05B,$0.51B,9.05%,$0.05B,$0.43B,10.61%,$0.05B,$3.79B,1.22%,$0.07B,$0.65B,9.96%,$66,$24,$43,$0,$26,$50,$17,$0,$17,$5,$11,$11,$11,$0,$0,$25,25,$0.46,$0.46,$191,$0,$0,$3023,$49,$638,$79,$0,$766,$3789,$3136,$145,$0,$145,$3281,$25,$123,$-9,$508,$3789,$47,$10,$6,$16,$2,$0,$-1,$0,$2,$65,$-11,$0,$0,$0,$107,$107,$-124,$-28,$-52,$5,$-46,$-8,$-8,$-27,$78,$-3,$33,$0,$-27
