,Date,Stock Price,Book Value per Share,Price to Book Ratio,TTM Sales per Share,Price to Sales Ratio,TTM FCF per Share,Price to FCF Ratio,TTM Net EPS,PE Ratio,Current Assets,Current Liabilities,Current Ratio,Long Term Debt,Shareholder's Equity_x,Debt to Equity Ratio,TTM Revenue_x,TTM Gross Profit,Gross Margin,TTM Revenue_y,TTM Operating Income,Operating Margin,TTM Revenue_x,TTM EBIT,EBIT Margin,TTM Revenue_y,TTM EBITDA,EBITDA Margin,TTM Revenue_x,TTM Pre-Tax Income,Pre-Tax Margin,TTM Revenue_y,TTM Net Income_x,Net Margin,TTM Net Income_y,Shareholder's Equity_y,Return on Equity,TTM Net Income_x,Tangible Equity,Return on Tangible Equity,TTM Net Income_y,Total Assets,Return on Assets,TTM Net Income,LT Investments & Debt,Return on Investment,revenue,cost-goods-sold,gross-profit,research-development-expenses,selling-general-administrative-expenses,operating-expenses,operating-income,total-non-operating-income-expense,pre-tax-income,total-provision-income-taxes,income-after-taxes,income-from-continuous-operations,net-income,ebitda,ebit,basic-shares-outstanding,shares-outstanding,eps-basic-net-earnings-per-share,eps-earnings-per-share-diluted,cash-on-hand,inventory,other-current-assets,total-current-assets,net-property-plant-equipment,long-term-investments,goodwill-intangible-assets-total,other-long-term-assets,total-long-term-assets,total-assets,total-current-liabilities,long-term-debt,other-non-current-liabilities,total-long-term-liabilities,total-liabilities,common-stock-net,retained-earnings-accumulated-deficit,comprehensive-income,total-share-holder-equity,total-liabilities-share-holders-equity,net-income-loss,total-depreciation-amortization-cash-flow,other-non-cash-items,total-non-cash-items,change-in-accounts-receivable,change-in-inventories,change-in-accounts-payable,change-in-assets-liabilities,total-change-in-assets-liabilities,cash-flow-from-operating-activities,net-change-in-property-plant-equipment,net-change-in-intangible-assets,net-acquisitions-divestitures,net-change-in-short-term-investments,net-change-in-long-term-investments,net-change-in-investments-total,investing-activities-other,cash-flow-from-investing-activities,net-long-term-debt,net-current-debt,debt-issuance-retirement-net-total,net-common-equity-issued-repurchased,net-total-equity-issued-repurchased,total-common-preferred-stock-dividends-paid,financial-activities-other,cash-flow-from-financial-activities,net-cash-flow,stock-based-compensation,common-stock-dividends-paid
0,2018-09-30,4.49,$-0.04,-104.91,$10.28,0.44,$6.33,0.71,$0.65,6.91,$1.24B,$2.98B,0.42,$9.38B,$-1.71B,-5.49,$9.68B,$7.68B,79.31%,$9.68B,$0.99B,10.26%,$9.68B,$0.99B,10.26%,$9.68B,$2.17B,22.37%,$9.68B,$0.69B,7.12%,$9.68B,$0.60B,6.17%,$0.60B,$-0.04B,-382.08%,$0.60B,$-0.04B,-382.08%,$0.60B,$12.66B,4.82%,$0.99B,$9.34B,10.67%,$2418,$496,$1922,$0,$1346,$2138,$280,$-194,$86,$1,$85,$85,$60,$571,$280,$910,911,$0.07,$0.07,$4,$0,$180,$1235,$11177,$0,$0,$247,$11424,$12659,$2976,$9380,$342,$9722,$12698,$9,$-16173,$-32,$-39,$12659,$363,$867,$350,$1217,$0,$0,$0,$116,$116,$1595,$215,$0,$0,$0,$74,$74,$-1481,$-1192,$-48,$-136,$-184,$0,$0,$-73,$-147,$-404,$-1,$25,$-4
1,2018-06-30,5.24,$-0.13,-40.75,$9.76,0.54,$5.73,0.91,$0.53,9.89,$1.24B,$2.87B,0.43,$9.24B,$-1.79B,-5.17,$9.21B,$7.18B,77.98%,$9.21B,$0.81B,8.77%,$9.21B,$0.81B,8.77%,$9.21B,$1.94B,21.04%,$9.21B,$0.59B,6.37%,$9.21B,$0.50B,5.39%,$0.50B,$-0.12B,-153.80%,$0.50B,$-0.12B,-153.80%,$0.50B,$12.34B,4.06%,$0.81B,$9.12B,8.70%,$2255,$478,$1777,$0,$1413,$2225,$30,$-55,$-25,$-9,$-16,$-16,$-40,$320,$30,$909,909,$-0.04,$-0.04,$3,$0,$177,$1240,$10850,$0,$0,$251,$11101,$12341,$2873,$9238,$347,$9585,$12458,$9,$-16257,$-40,$-117,$12341,$278,$576,$245,$821,$0,$0,$0,$94,$94,$1091,$262,$0,$0,$0,$74,$74,$-979,$-643,$0,$-275,$-275,$0,$0,$-49,$-126,$-450,$-2,$18,$-3
2,2018-03-31,3.02,$-0.11,-28.28,$9.33,0.32,$4.92,0.61,$1.04,2.9,$1.22B,$2.35B,0.52,$9.33B,$-1.77B,-5.27,$9.23B,$7.19B,77.84%,$9.23B,$1.18B,12.74%,$9.23B,$1.18B,12.74%,$9.23B,$2.24B,24.25%,$9.23B,$1.11B,11.99%,$9.23B,$1.01B,10.90%,$1.01B,$-0.10B,-216.69%,$1.01B,$-0.10B,-216.69%,$1.01B,$12.09B,8.31%,$1.18B,$9.23B,12.67%,$2489,$503,$1986,$0,$1376,$2211,$278,$16,$294,$0,$294,$294,$268,$564,$278,$907,1053,$0.30,$0.29,$4,$0,$138,$1224,$10592,$0,$0,$270,$10862,$12086,$2354,$9325,$504,$9829,$12183,$9,$-16240,$-47,$-97,$12086,$294,$286,$8,$294,$0,$0,$0,$104,$104,$656,$321,$0,$0,$74,$0,$74,$-442,$-47,$-581,$0,$-581,$0,$0,$-25,$-4,$-610,$-1,$9,$-2
3,2017-12-31,3.96,$-0.41,-9.65,$10.00,0.4,$5.00,0.79,$0.83,4.77,$1.53B,$2.36B,0.65,$9.92B,$-2.04B,-4.86,$9.50B,$7.46B,78.59%,$9.50B,$1.14B,11.99%,$9.50B,$1.14B,11.99%,$9.50B,$2.13B,22.47%,$9.50B,$0.96B,10.06%,$9.50B,$0.81B,8.56%,$0.81B,$-0.37B,-109.75%,$0.81B,$-0.37B,-109.75%,$0.81B,$12.43B,6.77%,$1.14B,$9.55B,12.58%,$2519,$526,$1993,$0,$1290,$2114,$405,$-71,$334,$0,$334,$334,$309,$711,$405,$906,906,$0.35,$0.40,$5,$0,$198,$1525,$10680,$0,$0,$220,$10900,$12425,$2356,$9921,$520,$10441,$12797,$9,$-16525,$-57,$-372,$12425,$953,$995,$-643,$352,$-163,$0,$0,$0,$-471,$745,$998,$0,$0,$0,$0,$0,$-2186,$-1188,$-1007,$781,$-226,$0,$0,$-191,$-17,$-434,$-877,$49,$-8
4,2017-09-30,4.3,$-0.78,-5.54,$9.87,0.44,$3.74,1.15,$-0.34,0.0,$1.18B,$2.22B,0.53,$9.90B,$-2.38B,-4.17,$9.00B,$6.91B,76.84%,$9.00B,$0.44B,4.88%,$9.00B,$0.44B,4.88%,$9.00B,$1.36B,15.13%,$9.00B,$0.09B,1.00%,$9.00B,$-0.23B,-2.50%,$-0.23B,$-0.70B,23.72%,$-0.23B,$-0.70B,23.72%,$-0.23B,$11.98B,-1.85%,$0.44B,$9.20B,4.96%,$1943,$520,$1423,$0,$1073,$1849,$94,$-111,$-17,$0,$-17,$-17,$-41,$342,$94,$909,909,$-0.05,$-0.05,$5,$0,$181,$1178,$10580,$0,$0,$223,$10803,$11981,$2218,$9899,$568,$10467,$12685,$9,$-16987,$-67,$-704,$11981,$619,$689,$-642,$47,$0,$0,$0,$-366,$-366,$273,$995,$0,$0,$0,$0,$0,$-1597,$-602,$-1009,$645,$-364,$0,$0,$-167,$-17,$-548,$-877,$38,$-7
5,2017-06-30,4.97,$-0.76,-6.58,$10.66,0.47,$2.89,1.72,$-1.83,0.0,$1.25B,$2.16B,0.58,$9.85B,$-2.36B,-4.18,$9.33B,$7.13B,76.41%,$9.33B,$-0.89B,-9.53%,$9.33B,$-0.89B,-9.53%,$9.33B,$0.06B,0.65%,$9.33B,$-1.11B,-11.86%,$9.33B,$-1.44B,-15.44%,$-1.44B,$-0.68B,143.31%,$-1.44B,$-0.68B,143.31%,$-1.44B,$11.92B,-11.72%,$-0.89B,$9.17B,-10.37%,$2281,$497,$1784,$0,$1135,$1882,$399,$97,$496,$1,$495,$495,$470,$622,$399,$908,1114,$0.52,$0.47,$13,$0,$215,$1247,$10418,$0,$0,$255,$10673,$11920,$2158,$9850,$596,$10446,$12604,$9,$-16969,$-75,$-684,$11920,$636,$441,$-745,$-304,$0,$0,$0,$-347,$-347,$-58,$808,$0,$0,$0,$0,$0,$-1031,$-223,$-1004,$575,$-429,$0,$0,$-142,$-17,$-588,$-869,$27,$-5
6,2017-03-31,5.94,$-1.33,-4.47,$10.85,0.55,$2.57,2.31,$-4.78,0.0,$1.36B,$2.79B,0.49,$9.51B,$-2.87B,-3.31,$8.67B,$6.31B,72.71%,$8.67B,$-3.07B,-35.41%,$8.67B,$-3.07B,-35.41%,$8.67B,$-2.04B,-23.50%,$8.67B,$-3.38B,-38.96%,$8.67B,$-3.73B,-43.00%,$-3.73B,$-1.20B,479.77%,$-3.73B,$-1.20B,479.77%,$-3.73B,$11.70B,-29.40%,$-3.07B,$8.31B,-36.15%,$2753,$490,$2263,$0,$1413,$2512,$241,$-99,$142,$1,$141,$141,$75,$459,$241,$906,907,$0.08,$0.08,$249,$0,$168,$1360,$10081,$0,$0,$258,$10339,$11699,$2788,$9509,$605,$10114,$12902,$9,$-17463,$-82,$-1203,$11699,$141,$218,$-339,$-121,$0,$0,$0,$113,$113,$99,$813,$0,$0,$0,$0,$0,$-433,$380,$-982,$0,$-982,$0,$0,$-116,$-14,$-1112,$-633,$11,$-2
7,2016-12-31,7.02,$-1.34,-5.22,$10.74,0.65,$0.91,7.7,$-6.30,0.0,$2.14B,$3.65B,0.59,$9.94B,$-2.97B,-3.34,$7.87B,$5.31B,67.42%,$7.87B,$-4.41B,-56.03%,$7.87B,$-4.41B,-56.03%,$7.87B,$-3.30B,-41.97%,$7.87B,$-4.59B,-58.30%,$7.87B,$-4.92B,-62.44%,$-4.92B,$-1.20B,5868.66%,$-4.92B,$-1.20B,5868.66%,$-4.92B,$13.03B,-36.14%,$-4.41B,$8.74B,-47.29%,$2021,$577,$1444,$0,$1467,$2316,$-295,$-236,$-531,$0,$-341,$-341,$-729,$-62,$-295,$764,764,$-0.64,$-0.64,$882,$0,$203,$2142,$10609,$0,$0,$277,$10886,$13028,$3648,$9938,$645,$10583,$14231,$9,$-17474,$-96,$-1203,$13028,$-4399,$1107,$3963,$5070,$-4,$0,$0,$0,$-761,$-204,$712,$0,$0,$0,$0,$0,$-1372,$-660,$952,$0,$952,$0,$0,$-10,$-21,$921,$57,$52,$-10
8,2016-09-30,6.27,$-1.20,-5.22,$12.09,0.52,$1.51,4.15,$-8.82,0.0,$1.07B,$3.61B,0.3,$9.02B,$-3.97B,-2.27,$8.50B,$5.60B,65.91%,$8.50B,$-7.04B,-82.76%,$8.50B,$-7.04B,-82.76%,$8.50B,$-5.81B,-68.29%,$8.50B,$-6.89B,-81.08%,$8.50B,$-6.30B,-74.07%,$-6.30B,$-0.93B,-771.33%,$-6.30B,$-0.93B,-771.33%,$-6.30B,$12.52B,-42.92%,$-7.04B,$8.09B,-68.17%,$2276,$637,$1639,$0,$1349,$3510,$-1234,$20,$-1214,$0,$-1214,$-1214,$-1257,$-958,$-1234,$777,777,$-1.62,$-1.62,$4,$0,$170,$1067,$11051,$0,$0,$405,$11456,$12523,$3606,$9022,$827,$9849,$13455,$8,$-17028,$-101,$-932,$12523,$-4058,$874,$3924,$4798,$0,$0,$0,$-614,$-614,$50,$373,$0,$0,$0,$0,$0,$-952,$-579,$-479,$240,$-239,$0,$0,$-8,$-45,$-292,$-821,$40,$-8
9,2016-06-30,4.28,$0.30,14.49,$14.26,0.3,$2.05,2.08,$-14.36,0.0,$1.20B,$3.78B,0.32,$8.62B,$-2.81B,-3.07,$9.60B,$6.61B,68.80%,$9.60B,$-11.25B,-117.23%,$9.60B,$-11.25B,-117.23%,$9.60B,$-9.78B,-101.89%,$9.60B,$-11.25B,-117.23%,$9.60B,$-9.73B,-101.40%,$-9.73B,$0.23B,-445.34%,$-9.73B,$0.23B,-445.34%,$-9.73B,$13.49B,-57.73%,$-11.25B,$8.85B,-92.99%,$1622,$663,$959,$0,$1358,$3405,$-1783,$7,$-1776,$0,$-1776,$-1776,$-1818,$-1477,$-1783,$724,724,$-2.51,$-2.51,$4,$0,$248,$1204,$11685,$0,$0,$598,$12283,$13487,$3777,$8621,$860,$9481,$13258,$8,$-15873,$-104,$229,$13487,$-2844,$598,$2736,$3334,$0,$0,$0,$-765,$-765,$-326,$583,$0,$0,$0,$0,$0,$-682,$-99,$-472,$100,$-372,$0,$0,$-6,$-18,$-396,$-821,$25,$-6
10,2016-03-31,4.12,$2.30,1.79,$17.34,0.24,$2.30,1.79,$-18.15,0.0,$1.49B,$2.83B,0.53,$10.06B,$-1.47B,-6.87,$11.50B,$8.40B,73.08%,$11.50B,$-14.98B,-130.25%,$11.50B,$-14.98B,-130.25%,$11.50B,$-13.18B,-114.58%,$11.50B,$-15.07B,-131.09%,$11.50B,$-12.07B,-104.94%,$-12.07B,$1.57B,-257.33%,$-12.07B,$1.57B,-257.33%,$-12.07B,$15.36B,-58.47%,$-14.98B,$11.63B,-99.10%,$1953,$688,$1265,$0,$1041,$3052,$-1099,$31,$-1068,$0,$-1068,$-1068,$-1111,$-807,$-1099,$668,668,$-1.66,$-1.66,$16,$0,$539,$1492,$13291,$0,$0,$574,$13865,$15357,$2833,$10062,$891,$10953,$13786,$7,$-14123,$-99,$1571,$15357,$-1068,$292,$1047,$1339,$0,$0,$0,$-684,$-684,$-421,$-15,$0,$0,$0,$0,$0,$-258,$-273,$-105,$0,$-105,$0,$0,$-5,$-5,$-115,$-809,$12,$-5
11,2015-12-31,4.5,$3.61,1.25,$19.28,0.23,$3.34,1.35,$-22.43,0.0,$2.48B,$3.69B,0.67,$10.31B,$-0.67B,-15.51,$12.76B,$9.60B,75.20%,$12.76B,$-18.92B,-148.22%,$12.76B,$-18.92B,-148.22%,$12.76B,$-16.69B,-130.76%,$12.76B,$-19.10B,-149.62%,$12.76B,$-14.74B,-115.47%,$-14.74B,$2.40B,-186.80%,$-14.74B,$2.40B,-186.80%,$-14.74B,$17.31B,-58.04%,$-18.92B,$12.71B,-102.51%,$2649,$910,$1739,$0,$1446,$5568,$-2919,$85,$-2834,$-648,$-2186,$-2186,$-2110,$-2563,$-2919,$662,662,$-3.19,$-3.19,$825,$0,$526,$2480,$14298,$0,$0,$536,$14834,$17314,$3685,$10311,$921,$11232,$14917,$7,$-13202,$-99,$2397,$17314,$-14635,$2229,$14430,$16659,$1186,$0,$0,$0,$-1034,$1234,$-398,$0,$0,$0,$-1,$-1,$-3052,$-3451,$-508,$0,$-508,$0,$0,$-374,$-184,$-1066,$-3283,$78,$-203
12,2015-09-30,7.33,$6.85,1.07,$24.64,0.3,$14.28,0.51,$-18.26,0.0,$3.58B,$4.56B,0.79,$10.67B,$1.48B,7.19,$17.34B,$12.57B,72.50%,$17.34B,$-15.04B,-86.74%,$17.34B,$-15.04B,-86.74%,$17.34B,$-12.42B,-71.65%,$17.34B,$-15.31B,-88.30%,$17.34B,$-12.04B,-69.46%,$-12.04B,$4.55B,-101.70%,$-12.04B,$4.55B,-101.70%,$-12.04B,$21.29B,-38.54%,$-15.04B,$15.22B,-66.49%,$3376,$734,$2642,$0,$2029,$8829,$-5453,$-123,$-5576,$-937,$-4639,$-4639,$-4695,$-4934,$-5453,$663,663,$-7.08,$-7.08,$1759,$0,$545,$3579,$16959,$225,$0,$523,$17707,$21286,$4557,$10674,$935,$12183,$16740,$7,$-11017,$-119,$4546,$21286,$-12450,$1873,$12485,$14358,$0,$0,$0,$-877,$-877,$1055,$-333,$0,$0,$0,$-1,$-1,$-2571,$-2905,$0,$0,$0,$0,$0,$-324,$-175,$-499,$-2349,$61,$-196
13,2015-06-30,11.17,$15.44,0.72,$28.19,0.4,$17.47,0.64,$-10.92,0.0,$4.23B,$5.13B,0.83,$10.66B,$7.18B,1.48,$19.67B,$15.33B,77.97%,$19.67B,$-8.41B,-42.78%,$19.67B,$-8.41B,-42.78%,$19.67B,$-5.59B,-28.42%,$19.67B,$-8.61B,-43.76%,$19.67B,$-7.18B,-36.50%,$-7.18B,$10.24B,-47.50%,$-7.18B,$10.24B,-47.50%,$-7.18B,$28.60B,-19.91%,$-8.41B,$20.90B,-32.21%,$3521,$764,$2757,$0,$2533,$9028,$-5507,$-89,$-5596,$-1506,$-4090,$-4090,$-4151,$-4872,$-5507,$662,662,$-6.27,$-6.27,$2089,$0,$641,$4231,$23615,$255,$0,$497,$24367,$28598,$5128,$10655,$1164,$13227,$18355,$7,$-6364,$-131,$10243,$28598,$-7810,$1354,$7903,$9257,$0,$0,$0,$-719,$-719,$737,$-338,$0,$0,$0,$-1,$-1,$-2173,$-2512,$0,$0,$0,$0,$0,$-261,$-21,$-282,$-2057,$43,$-175
14,2015-03-31,14.08,$21.66,0.65,$30.68,0.46,$20.86,0.67,$-4.43,0.0,$5.40B,$5.37B,1.01,$10.62B,$11.31B,0.94,$21.30B,$17.45B,81.92%,$21.30B,$-2.30B,-10.78%,$21.30B,$-2.30B,-10.78%,$21.30B,$0.63B,2.97%,$21.30B,$-2.64B,-12.39%,$21.30B,$-2.88B,-13.54%,$-2.88B,$14.37B,-16.83%,$-2.88B,$14.37B,-16.83%,$-2.88B,$34.37B,-7.36%,$-2.30B,$25.00B,-8.10%,$3218,$757,$2461,$0,$1809,$8258,$-5040,$-52,$-5092,$-1372,$-3720,$-3720,$-3782,$-4321,$-5040,$661,661,$-5.72,$-5.72,$2945,$0,$810,$5398,$28385,$268,$0,$322,$28975,$34373,$5366,$10623,$1194,$14634,$20000,$7,$-2256,$-134,$14373,$34373,$-3720,$719,$3890,$4609,$0,$0,$0,$-459,$-459,$423,$-165,$0,$0,$0,$-1,$-1,$-1306,$-1472,$0,$0,$0,$0,$0,$-131,$-21,$-152,$-1201,$23,$-88
15,2014-12-31,19.36,$27.44,0.71,$32.41,0.6,$21.40,0.9,$1.83,10.58,$7.47B,$5.66B,1.32,$11.15B,$15.14B,0.74,$23.13B,$19.74B,85.38%,$23.13B,$3.48B,15.04%,$23.13B,$3.48B,15.04%,$23.13B,$6.39B,27.64%,$23.13B,$3.20B,13.84%,$23.13B,$1.27B,5.50%,$1.27B,$18.21B,7.01%,$1.27B,$18.21B,7.01%,$1.27B,$40.75B,3.09%,$3.48B,$29.36B,11.63%,$7224,$2514,$4710,$0,$2996,$6264,$960,$-6,$954,$286,$668,$668,$585,$1704,$960,$659,772,$0.88,$0.85,$4146,$0,$1086,$7468,$32515,$265,$0,$503,$33283,$40751,$5656,$11154,$1344,$16890,$22546,$7,$1483,$-143,$18205,$40751,$2056,$2915,$-45,$2870,$-21,$0,$0,$0,$-512,$4634,$4779,$0,$0,$239,$0,$239,$-4564,$454,$492,$-382,$110,$0,$0,$-578,$-1349,$-1817,$3271,$59,$-407
16,2014-09-30,22.64,$26.58,0.85,$32.42,0.7,$19.93,1.14,$0.78,29.02,$3.13B,$5.60B,0.56,$11.59B,$14.57B,0.8,$22.02B,$20.87B,94.78%,$22.02B,$2.77B,12.56%,$22.02B,$2.77B,12.56%,$22.02B,$5.66B,25.71%,$22.02B,$2.13B,9.66%,$22.02B,$0.53B,2.43%,$0.53B,$17.63B,2.94%,$0.53B,$17.63B,2.94%,$0.53B,$40.52B,1.29%,$2.77B,$29.22B,9.12%,$5703,$298,$5405,$0,$3591,$4529,$1174,$-45,$1129,$437,$692,$692,$169,$1900,$1174,$660,660,$0.26,$0.26,$128,$0,$425,$3129,$36652,$254,$0,$483,$37389,$40518,$5602,$11592,$1408,$17285,$22887,$7,$945,$-151,$17631,$40518,$1387,$2171,$538,$2709,$0,$0,$0,$-348,$-348,$3805,$-975,$0,$0,$239,$-14,$225,$-2188,$-2938,$169,$0,$169,$0,$0,$-446,$-1337,$-1614,$-747,$59,$-318
17,2014-06-30,28.87,$27.61,1.05,$31.20,0.93,$23.15,1.25,$0.76,37.99,$4.37B,$5.79B,0.75,$11.55B,$15.26B,0.76,$21.18B,$20.05B,94.65%,$21.18B,$2.03B,9.58%,$21.18B,$2.03B,9.58%,$21.18B,$4.93B,23.27%,$21.18B,$1.39B,6.54%,$21.18B,$0.52B,2.46%,$0.52B,$18.33B,2.84%,$0.52B,$18.33B,2.84%,$0.52B,$41.13B,1.24%,$2.03B,$29.87B,6.59%,$5152,$282,$4870,$0,$3328,$4542,$610,$-239,$371,$141,$230,$230,$145,$1349,$610,$659,659,$0.22,$0.22,$1537,$0,$318,$4370,$36011,$264,$0,$482,$36757,$41127,$5792,$11549,$1688,$17010,$22802,$7,$833,$-154,$18325,$41127,$696,$1445,$671,$2116,$0,$0,$0,$-240,$-240,$2643,$-15,$0,$0,$239,$-5,$234,$-1999,$-1780,$110,$0,$110,$0,$0,$-308,$-40,$-238,$625,$40,$-222
18,2014-03-31,23.72,$27.86,0.85,$29.53,0.8,$23.77,1.0,$1.20,19.77,$4.28B,$5.96B,0.72,$12.65B,$15.42B,0.82,$20.70B,$19.56B,94.49%,$20.70B,$2.59B,12.49%,$20.70B,$2.59B,12.49%,$20.70B,$5.47B,26.41%,$20.70B,$2.02B,9.77%,$20.70B,$0.83B,4.02%,$0.83B,$18.48B,4.55%,$0.83B,$18.48B,4.55%,$0.83B,$42.61B,1.97%,$2.59B,$31.13B,8.31%,$5046,$288,$4758,$0,$3109,$4313,$733,$13,$746,$280,$466,$466,$374,$1439,$733,$658,765,$0.57,$0.54,$1079,$0,$360,$4275,$37522,$288,$0,$520,$38330,$42605,$5958,$12653,$1689,$18170,$24128,$7,$1012,$-153,$18477,$42605,$466,$706,$437,$1143,$0,$0,$0,$-323,$-323,$1291,$-575,$0,$0,$239,$-3,$236,$-660,$-999,$59,$0,$59,$0,$0,$-154,$-30,$-125,$167,$20,$-111
19,2013-12-31,25.04,$27.31,0.92,$28.19,0.89,$23.92,1.05,$0.68,36.82,$3.66B,$5.52B,0.66,$12.89B,$15.08B,0.86,$19.08B,$17.92B,93.93%,$19.08B,$2.07B,10.84%,$19.08B,$2.07B,10.84%,$19.08B,$4.97B,26.06%,$19.08B,$1.44B,7.56%,$19.08B,$0.47B,2.48%,$0.47B,$18.14B,2.61%,$0.47B,$18.14B,2.61%,$0.47B,$41.78B,1.12%,$2.07B,$31.03B,6.63%,$6114,$282,$5832,$0,$2855,$5865,$249,$-368,$-119,$-46,$-73,$-73,$-154,$973,$249,$653,653,$-0.23,$-0.19,$912,$0,$299,$3656,$37134,$477,$0,$515,$38126,$41782,$5515,$12886,$1834,$18127,$23642,$7,$688,$-162,$18140,$41782,$894,$2903,$1081,$3984,$5,$0,$0,$0,$-386,$4614,$2385,$0,$0,$115,$-44,$71,$-5423,$-2967,$65,$0,$65,$0,$0,$-619,$-543,$-1097,$550,$98,$-448
20,2013-09-30,23.8,$27.58,0.86,$24.33,0.98,$21.60,1.1,$1.31,18.17,$3.99B,$5.68B,0.7,$12.74B,$15.29B,0.83,$16.50B,$15.33B,92.87%,$16.50B,$2.58B,15.61%,$16.50B,$2.58B,15.61%,$16.50B,$5.48B,33.19%,$16.50B,$2.12B,12.86%,$16.50B,$0.89B,5.36%,$0.89B,$18.35B,4.89%,$0.89B,$18.35B,4.89%,$0.89B,$42.29B,2.10%,$2.58B,$31.08B,8.32%,$4867,$282,$4585,$0,$3191,$4431,$436,$-49,$387,$147,$240,$240,$156,$1168,$436,$656,656,$0.24,$0.24,$1062,$0,$307,$3994,$37121,$615,$0,$558,$38294,$42288,$5678,$12736,$2103,$18262,$23940,$7,$905,$-169,$18348,$42288,$967,$2179,$782,$2961,$0,$0,$0,$-372,$-372,$3586,$1339,$0,$0,$115,$-8,$107,$-3493,$-2047,$-54,$0,$-54,$0,$0,$-467,$-318,$-839,$700,$78,$-339
21,2013-06-30,18.66,$27.31,0.68,$21.53,0.87,$13.96,1.34,$-2.12,0.0,$3.59B,$5.62B,0.64,$13.06B,$15.14B,0.86,$14.61B,$13.39B,91.68%,$14.61B,$-1.05B,-7.22%,$14.61B,$-1.05B,-7.22%,$14.61B,$1.94B,13.31%,$14.61B,$-1.50B,-10.23%,$14.61B,$-1.33B,-9.08%,$-1.33B,$18.20B,-7.39%,$-1.33B,$18.20B,-7.39%,$-1.33B,$42.15B,-3.09%,$-1.05B,$31.26B,-3.34%,$4675,$288,$4387,$0,$2193,$3508,$1167,$-158,$1009,$384,$625,$625,$457,$1888,$1167,$653,760,$0.70,$0.66,$758,$0,$346,$3592,$37349,$636,$0,$568,$38553,$42145,$5620,$13057,$2004,$18321,$23941,$7,$805,$-170,$18204,$42145,$728,$1447,$365,$1812,$0,$0,$0,$-341,$-341,$2205,$1298,$0,$0,$102,$-4,$98,$-2971,$-1575,$326,$0,$326,$0,$0,$-313,$-253,$-240,$390,$56,$-227
22,2013-03-31,18.61,$27.01,0.69,$19.89,0.94,$8.76,2.13,$-1.54,0.0,$2.88B,$5.79B,0.5,$13.45B,$14.95B,0.9,$13.32B,$12.06B,90.53%,$13.32B,$-1.48B,-11.13%,$13.32B,$-1.48B,-11.13%,$13.32B,$1.46B,10.99%,$13.32B,$-0.80B,-6.04%,$13.32B,$-0.85B,-6.41%,$-0.85B,$18.01B,-4.65%,$-0.85B,$18.01B,-4.65%,$-0.85B,$42.48B,-1.93%,$-1.48B,$31.46B,-4.60%,$3424,$307,$3117,$0,$1908,$3207,$217,$-52,$165,$63,$102,$102,$15,$943,$217,$651,651,$0.02,$0.02,$114,$0,$172,$2884,$38147,$711,$0,$739,$39597,$42481,$5785,$13449,$2212,$18682,$24467,$7,$495,$-170,$18014,$42481,$102,$726,$361,$1087,$0,$0,$0,$-255,$-255,$924,$-219,$0,$0,$0,$-3,$-3,$-1523,$-1745,$766,$0,$766,$0,$0,$-158,$-41,$567,$-254,$32,$-115
23,2012-12-31,15.08,$26.94,0.56,$18.39,0.82,$6.61,2.28,$-1.67,0.0,$2.95B,$6.27B,0.47,$12.16B,$14.83B,0.82,$12.32B,$11.01B,89.41%,$12.32B,$-1.69B,-13.75%,$12.32B,$-1.69B,-13.75%,$12.32B,$1.12B,9.07%,$12.32B,$-0.97B,-7.91%,$12.32B,$-0.94B,-7.63%,$-0.94B,$17.90B,-5.06%,$-0.94B,$17.90B,-5.06%,$-0.94B,$41.61B,-2.08%,$-1.69B,$30.05B,-5.23%,$3538,$300,$3238,$0,$1825,$2782,$756,$-194,$562,$219,$343,$343,$257,$1478,$756,$643,643,$0.39,$0.55,$398,$0,$215,$2948,$37167,$728,$0,$768,$38663,$41611,$6266,$12157,$2485,$17449,$23715,$7,$437,$-182,$17896,$41611,$-594,$2811,$1631,$4442,$-68,$0,$0,$0,$-1083,$2837,$2564,$0,$0,$2000,$-395,$1605,$-9153,$-4984,$1653,$0,$1653,$0,$0,$-616,$1046,$2083,$-64,$120,$-445
24,2012-09-30,17.04,$26.60,0.64,$16.52,1.03,$8.70,1.96,$-1.43,0.0,$3.61B,$6.46B,0.56,$15.76B,$14.63B,1.08,$11.51B,$10.21B,88.75%,$11.51B,$-1.71B,-14.89%,$11.51B,$-1.71B,-14.89%,$11.51B,$0.95B,8.22%,$11.51B,$-0.74B,-6.40%,$11.51B,$-0.77B,-6.67%,$-0.77B,$17.69B,-4.13%,$-0.77B,$17.69B,-4.13%,$-0.77B,$45.67B,-1.70%,$-1.71B,$33.45B,-5.35%,$2970,$320,$2650,$0,$1537,$6164,$-3194,$-37,$-3231,$-1260,$-1971,$-1971,$-2055,$-2365,$-3194,$644,644,$-3.19,$-3.19,$298,$0,$330,$3611,$40603,$647,$0,$810,$42060,$45671,$6456,$15755,$2351,$21524,$27980,$7,$241,$-188,$17691,$45671,$-938,$2089,$1697,$3786,$0,$0,$0,$-946,$-946,$1978,$-2065,$0,$0,$2000,$-261,$1739,$-7828,$-8154,$5424,$0,$5424,$0,$0,$-461,$1018,$5981,$-209,$93,$-333
25,2012-06-30,16.72,$29.87,0.56,$17.19,0.97,$16.23,1.03,$2.99,5.59,$4.52B,$6.26B,0.72,$14.33B,$16.73B,0.86,$12.51B,$11.26B,89.95%,$12.51B,$2.96B,23.69%,$12.51B,$2.96B,23.69%,$12.51B,$5.29B,42.29%,$12.51B,$4.01B,32.01%,$12.51B,$2.17B,17.31%,$2.17B,$19.79B,11.88%,$2.17B,$19.79B,11.88%,$2.17B,$47.53B,4.95%,$2.96B,$34.12B,9.66%,$3389,$335,$3054,$0,$1293,$2651,$738,$962,$1700,$663,$1037,$1037,$929,$1408,$738,$642,751,$1.45,$1.29,$1248,$0,$360,$4516,$41874,$544,$0,$592,$43010,$47526,$6259,$14329,$2367,$21479,$27738,$7,$2352,$-181,$19788,$47526,$1033,$1260,$-489,$771,$0,$0,$0,$-776,$-776,$1029,$-1472,$0,$0,$2000,$-128,$1872,$-5321,$-4921,$3564,$0,$3564,$0,$0,$-302,$1310,$4572,$673,$63,$-216
26,2012-03-31,20.74,$28.52,0.73,$17.10,1.21,$24.01,0.86,$2.43,8.54,$3.92B,$6.66B,0.59,$13.08B,$15.83B,0.83,$12.44B,$11.26B,90.48%,$12.44B,$3.21B,25.81%,$12.44B,$3.21B,25.81%,$12.44B,$5.30B,42.58%,$12.44B,$3.14B,25.25%,$12.44B,$1.70B,13.70%,$1.70B,$18.89B,9.93%,$1.70B,$18.89B,9.93%,$1.70B,$45.59B,4.15%,$3.21B,$31.98B,11.25%,$2419,$349,$2070,$0,$1380,$2413,$6,$-11,$-5,$-2,$-3,$-3,$-71,$596,$6,$642,642,$-0.11,$-0.11,$519,$0,$177,$3924,$39616,$1618,$0,$431,$41665,$45589,$6664,$13082,$2965,$20031,$26695,$7,$1481,$-159,$18894,$45589,$-3,$590,$337,$927,$0,$0,$0,$-636,$-636,$274,$-956,$0,$0,$0,$-73,$-73,$-2621,$-3650,$2405,$0,$2405,$0,$0,$-138,$1196,$3463,$87,$32,$-95
27,2011-12-31,19.88,$27.24,0.73,$15.87,1.25,$29.72,0.67,$2.22,8.95,$3.18B,$7.08B,0.45,$10.63B,$14.90B,0.71,$11.64B,$10.56B,90.78%,$11.64B,$2.92B,25.11%,$11.64B,$2.92B,25.11%,$11.64B,$4.84B,41.63%,$11.64B,$2.88B,24.75%,$11.64B,$1.57B,13.49%,$1.57B,$17.96B,9.70%,$1.57B,$17.96B,9.70%,$1.57B,$41.84B,4.09%,$2.92B,$28.59B,10.91%,$2728,$291,$2437,$0,$1412,$1991,$737,$63,$800,$313,$487,$487,$429,$1307,$737,$637,752,$0.67,$0.73,$395,$0,$138,$3177,$36760,$1531,$0,$367,$38658,$41835,$7082,$10626,$2682,$16792,$23874,$7,$1608,$-166,$17961,$41835,$1757,$1923,$810,$2733,$-530,$0,$0,$0,$1416,$5903,$1980,$0,$-339,$0,$101,$101,$-7554,$-5812,$-2358,$0,$-2358,$0,$0,$-388,$2904,$158,$249,$153,$-216
28,2011-09-30,22.78,$24.71,0.92,$15.04,1.51,$22.10,1.03,$1.87,12.18,$3.47B,$6.20B,0.56,$11.79B,$13.24B,0.89,$10.88B,$9.86B,90.59%,$10.88B,$2.51B,23.09%,$10.88B,$2.51B,23.09%,$10.88B,$4.24B,38.95%,$10.88B,$2.44B,22.45%,$10.88B,$1.32B,12.15%,$1.32B,$16.30B,8.52%,$1.32B,$16.30B,8.52%,$1.32B,$40.12B,3.55%,$2.51B,$28.09B,9.44%,$3977,$282,$3695,$0,$1593,$2494,$1483,$28,$1511,$589,$922,$922,$879,$1981,$1483,$638,753,$1.38,$1.23,$111,$0,$148,$3470,$35138,$1166,$0,$348,$36652,$40122,$6195,$11789,$2316,$17629,$23824,$7,$1234,$-106,$16298,$40122,$1269,$1353,$1364,$2717,$0,$0,$0,$-274,$-274,$3724,$1850,$0,$-339,$0,$126,$126,$-5352,$-3715,$-1181,$489,$-692,$0,$0,$-279,$971,$0,$9,$119,$-151
29,2011-06-30,26.39,$23.54,1.12,$13.23,2.0,$12.69,2.08,$1.39,18.98,$3.13B,$5.73B,0.55,$10.05B,$12.42B,0.81,$9.49B,$8.51B,89.74%,$9.49B,$1.85B,19.47%,$9.49B,$1.85B,19.47%,$9.49B,$3.53B,37.19%,$9.49B,$1.84B,19.39%,$9.49B,$0.96B,10.10%,$0.96B,$15.48B,6.28%,$0.96B,$15.48B,6.28%,$0.96B,$36.66B,2.68%,$1.85B,$25.53B,7.03%,$3318,$262,$3056,$0,$1542,$2333,$985,$-150,$835,$325,$510,$510,$467,$1414,$985,$635,751,$0.74,$0.68,$109,$0,$294,$3126,$32052,$1105,$0,$373,$33530,$36656,$5728,$10047,$2916,$15445,$21173,$7,$411,$-99,$15483,$36656,$347,$855,$1389,$2244,$0,$0,$0,$-495,$-495,$2093,$3307,$0,$-339,$0,$212,$212,$-3420,$-240,$-2947,$448,$-2499,$0,$0,$-181,$834,$-1846,$7,$79,$-95
30,2011-03-31,29.7,$22.80,1.3,$11.98,2.48,$4.48,6.63,$1.08,27.5,$3.54B,$4.67B,0.76,$9.92B,$11.93B,0.83,$8.18B,$7.26B,88.70%,$8.18B,$1.31B,16.00%,$8.18B,$1.31B,16.00%,$8.18B,$2.97B,36.33%,$8.18B,$1.42B,17.33%,$8.18B,$0.73B,8.88%,$0.73B,$15.00B,4.81%,$0.73B,$15.00B,4.81%,$0.73B,$34.80B,2.10%,$1.31B,$24.91B,4.99%,$1612,$238,$1374,$0,$1160,$1896,$-284,$18,$-266,$-104,$-162,$-162,$-205,$142,$-284,$634,634,$-0.32,$-0.32,$849,$0,$376,$3544,$29709,$1228,$0,$319,$31256,$34800,$4669,$9915,$3106,$15136,$19805,$7,$0,$-212,$14995,$34800,$-162,$426,$1110,$1536,$0,$0,$0,$-663,$-663,$718,$2229,$0,$0,$0,$4,$4,$-7,$2226,$-2857,$119,$-2738,$0,$0,$-91,$632,$-2197,$747,$40,$-48
31,2010-12-31,22.91,$23.34,0.98,$13.76,1.67,$1.54,14.85,$2.32,9.87,$3.27B,$4.49B,0.73,$12.64B,$12.20B,1.04,$9.37B,$8.47B,90.47%,$9.37B,$2.81B,29.95%,$9.37B,$2.81B,29.95%,$9.37B,$4.42B,47.18%,$9.37B,$2.88B,30.79%,$9.37B,$1.66B,17.76%,$1.66B,$15.26B,11.56%,$1.66B,$15.26B,11.56%,$1.66B,$37.18B,4.97%,$2.81B,$27.90B,10.75%,$1975,$242,$1733,$0,$1074,$1646,$329,$34,$363,$140,$223,$223,$181,$701,$329,$631,706,$0.28,$0.25,$102,$0,$1051,$3266,$32378,$1208,$0,$327,$33913,$37179,$4490,$12640,$2401,$17425,$21915,$7,$190,$-168,$15264,$37179,$1774,$1614,$1671,$3285,$-769,$0,$0,$0,$-52,$5117,$-3096,$0,$0,$0,$-134,$-134,$-5273,$-8503,$347,$20,$367,$0,$2562,$-281,$533,$3181,$-205,$147,$-189
32,2010-09-30,19.97,$23.34,0.86,$14.59,1.37,$0.65,30.93,$1.20,16.64,$3.27B,$4.12B,0.79,$11.45B,$12.21B,0.94,$9.61B,$8.76B,91.08%,$9.61B,$1.76B,18.34%,$9.61B,$1.76B,18.34%,$9.61B,$3.49B,36.25%,$9.61B,$1.72B,17.91%,$9.61B,$0.95B,9.90%,$0.95B,$15.27B,6.97%,$0.95B,$15.27B,6.97%,$0.95B,$34.33B,3.01%,$1.76B,$26.72B,6.98%,$2581,$231,$2350,$0,$1010,$1764,$817,$90,$907,$349,$558,$558,$515,$1271,$817,$632,744,$0.81,$0.75,$609,$0,$1210,$3273,$29480,$1189,$0,$391,$31060,$34333,$4123,$11445,$1578,$14937,$19060,$7,$57,$25,$15273,$34333,$1550,$1242,$994,$2236,$0,$0,$0,$173,$173,$3971,$-5468,$0,$-95,$0,$-113,$-113,$11,$-5665,$-872,$116,$-756,$0,$2562,$-191,$381,$1996,$302,$111,$-142
33,2010-06-30,18.41,$22.76,0.81,$14.02,1.31,$1.28,14.41,$0.75,24.55,$3.02B,$3.66B,0.83,$10.50B,$11.75B,0.89,$8.84B,$8.00B,90.45%,$8.84B,$1.34B,15.19%,$8.84B,$1.34B,15.19%,$8.84B,$2.97B,33.56%,$8.84B,$1.12B,12.69%,$8.84B,$0.62B,7.04%,$0.62B,$14.82B,4.77%,$0.62B,$14.82B,4.77%,$0.62B,$32.17B,2.04%,$1.34B,$25.32B,5.41%,$2012,$213,$1799,$0,$906,$1565,$447,$-33,$414,$159,$255,$255,$235,$858,$447,$631,635,$0.37,$0.37,$601,$0,$1058,$3018,$27830,$1047,$0,$274,$29151,$32169,$3655,$10501,$1570,$13699,$17354,$7,$-410,$75,$14815,$32169,$993,$788,$762,$1550,$0,$0,$0,$414,$414,$2978,$-3626,$0,$0,$0,$-109,$-109,$3,$-3732,$-1334,$-324,$-1658,$0,$2562,$-106,$250,$1048,$294,$67,$-95
34,2010-03-31,20.7,$18.77,1.1,$13.59,1.52,$-0.48,0.0,$0.77,26.88,$3.34B,$3.12B,1.07,$12.20B,$11.75B,1.04,$8.51B,$7.66B,90.06%,$8.51B,$1.32B,15.52%,$8.51B,$1.32B,15.52%,$8.51B,$2.87B,33.71%,$8.51B,$1.10B,12.89%,$8.51B,$0.63B,7.35%,$0.63B,$12.22B,5.06%,$0.63B,$12.22B,5.06%,$0.63B,$30.29B,2.08%,$1.32B,$24.42B,5.31%,$2798,$207,$2591,$0,$972,$1586,$1212,$-12,$1200,$462,$738,$738,$732,$1589,$1212,$630,647,$1.17,$1.14,$516,$0,$1400,$3335,$25655,$1005,$0,$293,$26953,$30288,$3123,$12204,$1372,$14949,$18072,$7,$-665,$265,$12216,$30288,$738,$377,$141,$518,$0,$0,$0,$-78,$-78,$1183,$-75,$0,$-1030,$0,$0,$0,$91,$-1014,$0,$25,$25,$0,$0,$-53,$68,$40,$209,$32,$-47
35,2009-12-31,22.59,$19.05,1.19,$12.61,1.79,$-3.34,0.0,$-9.78,0.0,$2.45B,$2.69B,0.91,$12.30B,$11.88B,1.04,$7.70B,$6.83B,88.63%,$7.70B,$-8.95B,-116.14%,$7.70B,$-8.95B,-116.14%,$7.70B,$-7.25B,-94.14%,$7.70B,$-9.29B,-120.59%,$7.70B,$-5.85B,-75.99%,$-5.85B,$12.34B,-47.79%,$-5.85B,$12.34B,-47.79%,$-5.85B,$29.91B,-19.55%,$-8.95B,$24.64B,-35.83%,$2223,$207,$2016,$0,$872,$2936,$-713,$-86,$-799,$-299,$-500,$-500,$-530,$-233,$-713,$612,612,$-0.63,$-0.63,$307,$0,$790,$2446,$26710,$404,$0,$354,$27468,$29914,$2688,$12295,$1531,$14885,$17573,$6,$-1261,$102,$12341,$29914,$-5805,$1694,$8559,$10253,$-31,$0,$0,$0,$-131,$4356,$-3153,$0,$-2268,$0,$-40,$-40,$-1,$-5462,$-651,$-249,$-900,$0,$0,$-214,$778,$-336,$-1442,$140,$-191
36,2009-09-30,24.72,$19.91,1.24,$14.45,1.71,$2.16,11.45,$-10.45,0.0,$2.51B,$2.51B,1.0,$12.07B,$12.36B,0.98,$8.46B,$7.56B,89.37%,$8.46B,$-9.62B,-113.65%,$8.46B,$-9.62B,-113.65%,$8.46B,$-7.82B,-92.44%,$8.46B,$-10.10B,-119.36%,$8.46B,$-6.33B,-74.75%,$-6.33B,$12.83B,-47.14%,$-6.33B,$12.83B,-47.14%,$-6.33B,$29.72B,-19.70%,$-9.62B,$24.90B,-36.49%,$1811,$218,$1593,$0,$666,$1414,$397,$-90,$307,$115,$192,$192,$186,$754,$397,$619,626,$0.30,$0.30,$520,$0,$690,$2508,$26378,$422,$0,$411,$27211,$29719,$2514,$12073,$987,$14376,$16890,$6,$-737,$274,$12829,$29719,$-5306,$1214,$7205,$8419,$0,$0,$0,$10,$10,$3131,$-3995,$0,$381,$0,$-40,$-40,$0,$-3654,$1346,$-2608,$-1262,$0,$0,$-153,$709,$-706,$-1229,$104,$-135
37,2009-06-30,17.21,$19.06,0.9,$24.30,0.71,$8.00,2.15,$-5.14,0.0,$2.95B,$2.97B,0.99,$13.57B,$11.54B,1.18,$14.14B,$13.22B,93.49%,$14.14B,$-4.54B,-32.07%,$14.14B,$-4.54B,-32.07%,$14.14B,$-2.57B,-18.20%,$14.14B,$-5.01B,-35.39%,$14.14B,$-3.22B,-22.77%,$-3.22B,$12.00B,-22.50%,$-3.22B,$12.00B,-22.50%,$-3.22B,$30.47B,-9.28%,$-4.54B,$25.57B,-16.30%,$1673,$213,$1460,$0,$598,$1249,$424,$-36,$388,$145,$243,$243,$237,$757,$424,$603,610,$0.39,$0.39,$554,$0,$1272,$2948,$26736,$394,$0,$391,$27521,$30469,$2974,$13568,$1019,$15493,$18467,$6,$-929,$438,$12002,$30469,$-5498,$857,$6634,$7491,$0,$0,$0,$-7,$-7,$1998,$-3694,$0,$228,$0,$2,$2,$-1,$-3465,$1346,$-1153,$193,$0,$0,$-101,$180,$272,$-1195,$68,$-89
38,2009-03-31,14.75,$18.92,0.78,$20.68,0.71,$8.32,1.77,$-8.51,0.0,$2.85B,$3.36B,0.85,$12.93B,$11.32B,1.14,$12.01B,$11.09B,92.29%,$12.01B,$-7.49B,-62.37%,$12.01B,$-7.49B,-62.37%,$12.01B,$-5.30B,-44.09%,$12.01B,$-7.98B,-66.44%,$12.01B,$-5.10B,-42.45%,$-5.10B,$11.82B,-36.74%,$-5.10B,$11.82B,-36.74%,$-5.10B,$29.66B,-13.94%,$-7.49B,$24.75B,-27.50%,$1995,$238,$1757,$0,$636,$11048,$-9053,$-131,$-9184,$-3444,$-5740,$-5740,$-5746,$-8529,$-9053,$597,597,$-9.63,$-9.63,$83,$0,$1585,$2853,$25856,$378,$0,$574,$26808,$29661,$3362,$12933,$694,$14481,$17843,$6,$-1171,$582,$11818,$29661,$-5740,$524,$6210,$6734,$0,$0,$0,$262,$262,$1261,$-1946,$0,$-413,$0,$-8,$-8,$0,$-2367,$1346,$-1832,$-486,$0,$0,$-50,$-24,$-560,$-1666,$34,$-44
39,2008-12-31,13.92,$28.02,0.5,$20.61,0.68,$9.17,1.52,$0.85,16.38,$4.29B,$3.62B,1.19,$13.18B,$16.51B,0.8,$11.63B,$10.74B,92.36%,$11.63B,$1.46B,12.53%,$11.63B,$1.46B,12.53%,$11.63B,$3.68B,31.65%,$11.63B,$0.99B,8.52%,$11.63B,$0.50B,4.33%,$0.50B,$17.02B,3.65%,$0.50B,$17.02B,3.65%,$0.50B,$38.59B,1.34%,$1.46B,$30.19B,5.40%,$2982,$230,$2752,$0,$765,$4366,$-1384,$-226,$-1610,$-614,$-996,$-996,$-1002,$-803,$-1384,$536,545,$-1.55,$-1.24,$1749,$58,$1161,$4292,$33308,$444,$0,$288,$34301,$38593,$3621,$13175,$531,$17955,$21576,$6,$4569,$267,$17017,$38593,$604,$2223,$2474,$4697,$-22,$0,$0,$0,$58,$5357,$-1288,$0,$-8593,$0,$-74,$-74,$-10,$-9965,$3808,$330,$4138,$2598,$2598,$-183,$-197,$6356,$1748,$132,$-148
40,2008-09-30,30.73,$28.22,1.09,$19.42,1.58,$1.53,20.12,$2.66,11.55,$4.11B,$3.60B,1.14,$14.35B,$15.90B,0.9,$10.74B,$9.90B,92.18%,$10.74B,$3.45B,32.18%,$10.74B,$3.45B,32.18%,$10.74B,$5.69B,52.98%,$10.74B,$3.10B,28.84%,$10.74B,$1.67B,15.55%,$1.67B,$16.41B,13.28%,$1.67B,$16.41B,13.28%,$1.67B,$40.02B,4.69%,$3.45B,$30.75B,13.70%,$7491,$239,$7252,$0,$1209,$2013,$5478,$-77,$5401,$2079,$3322,$3322,$3291,$6001,$5478,$554,588,$5.94,$5.62,$1964,$292,$525,$4111,$34845,$603,$0,$459,$35907,$40018,$3601,$14345,$934,$20010,$23611,$6,$5604,$44,$16407,$40018,$1600,$1642,$998,$2640,$0,$0,$0,$142,$142,$4387,$-1764,$0,$-6481,$0,$-59,$-59,$21,$-8283,$3348,$210,$3558,$2598,$2598,$-135,$-162,$5859,$1963,$100,$-106
41,2008-06-30,56.4,$18.85,2.99,$10.60,5.32,$-4.65,0.0,$-2.23,0.0,$3.18B,$7.30B,0.44,$13.01B,$9.59B,1.36,$5.27B,$4.51B,85.49%,$5.27B,$-1.31B,-24.83%,$5.27B,$-1.31B,-24.83%,$5.27B,$0.92B,17.45%,$5.27B,$-1.71B,-32.35%,$5.27B,$-1.28B,-24.21%,$-1.28B,$10.28B,-11.12%,$-1.28B,$10.28B,-11.12%,$-1.28B,$38.02B,-3.86%,$-1.31B,$23.29B,-5.63%,$-455,$219,$-674,$0,$1264,$2078,$-2533,$-55,$-2588,$-996,$-1592,$-1592,$-1643,$-1965,$-2533,$521,521,$-3.16,$-3.16,$0,$159,$65,$3175,$33463,$644,$0,$741,$34848,$38023,$7297,$13014,$3883,$20450,$27747,$5,$2338,$-1174,$10276,$38023,$-1722,$1119,$3583,$4702,$0,$0,$0,$-202,$-202,$2798,$-4077,$0,$-1971,$0,$-81,$-81,$-244,$-6373,$2136,$610,$2746,$1011,$1011,$-88,$-95,$3574,$-1,$61,$-66
42,2008-03-31,39.41,$22.31,1.77,$15.56,2.53,$-3.87,0.0,$1.76,22.39,$1.95B,$4.22B,0.46,$12.25B,$10.51B,1.17,$7.83B,$7.13B,91.07%,$7.83B,$2.06B,26.31%,$7.83B,$2.06B,26.31%,$7.83B,$4.21B,53.70%,$7.83B,$1.72B,21.95%,$7.83B,$0.86B,10.97%,$0.86B,$11.47B,7.28%,$0.86B,$11.47B,7.28%,$0.86B,$33.46B,2.82%,$2.06B,$23.72B,9.08%,$1611,$201,$1410,$0,$928,$1715,$-104,$-108,$-212,$-82,$-130,$-130,$-142,$447,$-104,$493,493,$-0.29,$-0.29,$1,$107,$40,$1946,$30519,$603,$0,$394,$31516,$33462,$4220,$12250,$1402,$17772,$21992,$5,$3973,$-543,$11470,$33462,$-130,$551,$1080,$1631,$0,$0,$0,$-17,$-17,$1515,$-1662,$0,$-1021,$0,$-9,$-9,$0,$-2692,$1214,$44,$1258,$4,$4,$-45,$-40,$1177,$0,$29,$-33
43,2007-12-31,33.43,$23.73,1.41,$15.36,2.18,$-4.44,0.0,$2.53,13.21,$1.40B,$2.76B,0.51,$10.95B,$11.17B,0.98,$7.80B,$7.16B,91.79%,$7.80B,$2.65B,33.97%,$7.80B,$2.65B,33.97%,$7.80B,$4.68B,59.94%,$7.80B,$2.35B,30.09%,$7.80B,$1.23B,15.81%,$1.23B,$12.13B,10.53%,$1.23B,$12.13B,10.53%,$1.23B,$30.73B,4.32%,$2.65B,$23.08B,12.26%,$2088,$180,$1908,$0,$715,$1475,$613,$-118,$495,$188,$307,$307,$163,$1204,$613,$456,487,$0.34,$0.40,$1,$87,$234,$1396,$28337,$612,$0,$389,$29338,$30734,$2761,$10950,$885,$15843,$18604,$5,$4150,$-11,$12130,$30734,$1455,$2025,$1187,$3212,$-192,$-65,$0,$126,$299,$4974,$-5062,$0,$-3018,$0,$116,$116,$0,$-7964,$3379,$-98,$3281,$15,$15,$-210,$-98,$2988,$-2,$84,$-115
44,2007-09-30,30.02,$25.31,1.19,$15.14,1.98,$-3.56,0.0,$3.19,9.41,$1.28B,$2.39B,0.54,$10.87B,$10.05B,1.08,$7.58B,$6.99B,92.26%,$7.58B,$2.87B,37.88%,$7.58B,$2.87B,37.88%,$7.58B,$4.71B,62.17%,$7.58B,$2.61B,34.45%,$7.58B,$1.52B,19.98%,$1.52B,$12.00B,13.19%,$1.52B,$12.00B,13.19%,$1.52B,$29.89B,5.62%,$2.87B,$22.88B,14.01%,$2027,$165,$1862,$0,$601,$1312,$715,$-115,$600,$228,$372,$372,$346,$1234,$715,$454,517,$0.76,$0.72,$2,$112,$290,$1280,$27548,$618,$0,$443,$28609,$29889,$2390,$10872,$685,$15495,$17885,$5,$3892,$179,$12004,$29889,$1148,$1434,$711,$2145,$0,$0,$0,$90,$90,$3389,$-4274,$0,$-2331,$0,$117,$117,$0,$-6488,$3379,$-54,$3325,$8,$8,$-163,$-72,$3098,$-1,$59,$-85
45,2007-06-30,29.4,$24.68,1.19,$15.22,1.93,$-1.23,0.0,$3.60,8.17,$1.29B,$2.21B,0.58,$9.42B,$9.67B,0.97,$7.48B,$6.94B,92.70%,$7.48B,$3.11B,41.56%,$7.48B,$3.11B,41.56%,$7.48B,$4.81B,64.21%,$7.48B,$2.90B,38.70%,$7.48B,$1.69B,22.61%,$1.69B,$11.63B,15.33%,$1.69B,$11.63B,15.33%,$1.69B,$27.70B,6.69%,$3.11B,$21.04B,16.12%,$2105,$153,$1952,$0,$611,$1269,$836,$0,$836,$318,$518,$518,$492,$1320,$836,$452,515,$1.09,$1.01,$4,$95,$278,$1293,$25363,$643,$0,$397,$26403,$27696,$2213,$9417,$701,$13857,$16070,$5,$3576,$170,$11626,$27696,$776,$915,$508,$1423,$0,$0,$0,$-78,$-78,$2122,$-2987,$0,$-1128,$0,$112,$112,$0,$-4003,$2044,$-10,$2034,$6,$6,$-106,$-52,$1882,$1,$30,$-54
46,2007-03-31,26.19,$24.06,1.09,$14.83,1.77,$-3.69,0.0,$3.41,7.68,$1.22B,$2.18B,0.56,$8.37B,$9.12B,0.92,$6.96B,$6.45B,92.63%,$6.96B,$2.95B,42.33%,$6.96B,$2.95B,42.33%,$6.96B,$4.51B,64.78%,$6.96B,$2.67B,38.28%,$6.96B,$1.53B,22.01%,$1.53B,$11.08B,14.76%,$1.53B,$11.08B,14.76%,$1.53B,$25.73B,6.55%,$2.95B,$19.45B,16.50%,$1580,$142,$1438,$0,$501,$1094,$486,$-70,$416,$158,$258,$258,$232,$917,$486,$451,516,$0.51,$0.50,$4,$89,$130,$1223,$23398,$704,$0,$407,$24509,$25732,$2180,$8371,$696,$12475,$14655,$5,$3114,$123,$11077,$25732,$258,$431,$436,$867,$0,$0,$0,$-147,$-147,$977,$-1426,$0,$-426,$0,$-17,$-17,$0,$-1869,$975,$-8,$967,$3,$3,$-53,$-24,$893,$1,$14,$-27
47,2006-12-31,24.59,$24.60,1.0,$16.28,1.51,$-3.10,0.0,$4.35,5.65,$1.15B,$1.89B,0.61,$7.38B,$9.29B,0.79,$7.33B,$6.84B,93.31%,$7.33B,$3.41B,46.59%,$7.33B,$3.41B,46.59%,$7.33B,$4.88B,66.56%,$7.33B,$3.26B,44.43%,$7.33B,$1.90B,25.99%,$1.90B,$11.25B,20.15%,$1.90B,$11.25B,20.15%,$1.90B,$24.42B,8.86%,$3.41B,$18.63B,20.78%,$1869,$127,$1742,$0,$476,$1034,$835,$-75,$760,$290,$470,$470,$445,$1242,$835,$398,459,$1.02,$0.96,$3,$58,$248,$1154,$21904,$699,$0,$660,$23263,$24417,$1890,$7376,$553,$11276,$13166,$5,$2913,$528,$11251,$24417,$2003,$1463,$571,$2034,$-22,$-126,$0,$-74,$803,$4843,$-4520,$0,$-4027,$0,$-395,$-395,$0,$-8942,$1861,$70,$1931,$1746,$2304,$-175,$-18,$4042,$-57,$84,$-87
