,Date,Stock Price,Book Value per Share,Price to Book Ratio,TTM Sales per Share,Price to Sales Ratio,TTM FCF per Share,Price to FCF Ratio,TTM Net EPS,PE Ratio,Current Assets,Current Liabilities,Current Ratio,Long Term Debt,Shareholder's Equity_x,Debt to Equity Ratio,TTM Revenue_x,TTM Gross Profit,Gross Margin,TTM Revenue_y,TTM Operating Income,Operating Margin,TTM Revenue_x,TTM EBIT,EBIT Margin,TTM Revenue_y,TTM EBITDA,EBITDA Margin,TTM Revenue_x,TTM Pre-Tax Income,Pre-Tax Margin,TTM Revenue_y,TTM Net Income_x,Net Margin,TTM Net Income_y,Shareholder's Equity_y,Return on Equity,TTM Net Income_x,Tangible Equity,Return on Tangible Equity,TTM Net Income_y,Total Assets,Return on Assets,TTM Net Income,LT Investments & Debt,Return on Investment,revenue,cost-goods-sold,gross-profit,research-development-expenses,selling-general-administrative-expenses,operating-expenses,operating-income,total-non-operating-income-expense,pre-tax-income,total-provision-income-taxes,income-after-taxes,income-from-continuous-operations,net-income,ebitda,ebit,basic-shares-outstanding,shares-outstanding,eps-basic-net-earnings-per-share,eps-earnings-per-share-diluted,cash-on-hand,inventory,other-current-assets,total-current-assets,net-property-plant-equipment,long-term-investments,goodwill-intangible-assets-total,other-long-term-assets,total-long-term-assets,total-assets,total-current-liabilities,long-term-debt,other-non-current-liabilities,total-long-term-liabilities,total-liabilities,common-stock-net,retained-earnings-accumulated-deficit,comprehensive-income,total-share-holder-equity,total-liabilities-share-holders-equity,net-income-loss,total-depreciation-amortization-cash-flow,other-non-cash-items,total-non-cash-items,change-in-accounts-receivable,change-in-inventories,change-in-accounts-payable,change-in-assets-liabilities,total-change-in-assets-liabilities,cash-flow-from-operating-activities,net-change-in-property-plant-equipment,net-change-in-intangible-assets,net-acquisitions-divestitures,net-change-in-short-term-investments,net-change-in-long-term-investments,net-change-in-investments-total,investing-activities-other,cash-flow-from-investing-activities,net-long-term-debt,net-current-debt,debt-issuance-retirement-net-total,net-common-equity-issued-repurchased,net-total-equity-issued-repurchased,total-common-preferred-stock-dividends-paid,financial-activities-other,cash-flow-from-financial-activities,net-cash-flow,stock-based-compensation,common-stock-dividends-paid
0,2018-09-30,97.92,$11.35,8.63,$116.83,0.84,$9.33,10.49,$4.47,21.91,$2.81B,$1.52B,1.85,$1.34B,$1.57B,0.86,$16.45B,$2.62B,15.94%,$16.45B,$0.87B,5.28%,$16.45B,$0.87B,5.28%,$16.45B,$0.96B,5.86%,$16.45B,$0.83B,5.03%,$16.45B,$0.63B,3.83%,$0.63B,$1.57B,42.03%,$0.63B,$0.18B,679.25%,$0.63B,$4.49B,14.41%,$0.87B,$2.91B,34.11%,$4292,$3598,$694,$0,$448,$4046,$246,$-7,$239,$64,$176,$176,$176,$270,$246,$139,140,$1.27,$1.25,$298,$0,$201,$2805,$232,$0,$1385,$61,$1688,$4493,$1515,$1341,$25,$1411,$2926,$14,$3729,$-57,$1567,$4493,$477,$72,$66,$138,$-268,$0,$121,$-37,$-88,$529,$-36,$-14,$-1,$0,$0,$0,$-2,$-53,$591,$-715,$-124,$-156,$-156,$-195,$-21,$-495,$-36,$68,$-195
1,2018-06-30,83.66,$10.94,7.65,$113.04,0.74,$7.14,11.72,$4.07,20.56,$2.76B,$1.53B,1.81,$1.34B,$1.52B,0.88,$15.95B,$2.52B,15.82%,$15.95B,$0.82B,5.12%,$15.95B,$0.82B,5.12%,$15.95B,$0.91B,5.72%,$15.95B,$0.77B,4.84%,$15.95B,$0.57B,3.59%,$0.57B,$1.52B,39.63%,$0.57B,$0.12B,2102.75%,$0.57B,$4.45B,13.35%,$0.82B,$2.86B,34.82%,$4276,$3605,$671,$0,$452,$4057,$219,$-5,$214,$55,$159,$159,$159,$243,$219,$139,141,$1.14,$1.13,$311,$0,$182,$2759,$228,$0,$1396,$60,$1695,$4453,$1525,$1341,$27,$1410,$2935,$14,$3617,$-47,$1518,$4453,$301,$48,$38,$86,$-215,$0,$102,$-26,$-79,$308,$-21,$-10,$-1,$0,$0,$0,$-2,$-33,$591,$-649,$-58,$-84,$-84,$-131,$-19,$-291,$-23,$45,$-131
2,2018-03-31,93.22,$10.65,8.75,$108.83,0.86,$5.98,15.59,$3.72,25.06,$2.59B,$1.99B,1.3,$0.75B,$1.49B,0.51,$15.38B,$2.43B,15.77%,$15.38B,$0.78B,5.07%,$15.38B,$0.78B,5.07%,$15.38B,$0.87B,5.68%,$15.38B,$0.73B,4.75%,$15.38B,$0.53B,3.41%,$0.53B,$1.49B,37.48%,$0.53B,$0.07B,-2876.71%,$0.53B,$4.31B,12.59%,$0.78B,$2.24B,36.22%,$3925,$3299,$626,$0,$434,$3734,$192,$-11,$181,$39,$142,$142,$142,$216,$192,$140,141,$1.02,$1.01,$350,$0,$161,$2591,$231,$0,$1415,$60,$1717,$4308,$1994,$750,$26,$829,$2823,$14,$3523,$-19,$1485,$4308,$142,$24,$19,$43,$-10,$0,$22,$-6,$15,$201,$-12,$-4,$0,$0,$0,$0,$-1,$-16,$0,$-64,$-64,$-23,$-23,$-65,$-18,$-171,$16,$18,$-65
3,2017-12-31,88.17,$10.22,8.63,$105.12,0.84,$5.20,16.96,$3.57,24.7,$2.51B,$1.99B,1.26,$0.75B,$1.43B,0.53,$14.87B,$2.37B,15.93%,$14.87B,$0.78B,5.21%,$14.87B,$0.78B,5.21%,$14.87B,$0.87B,5.84%,$14.87B,$0.73B,4.90%,$14.87B,$0.51B,3.40%,$0.51B,$1.43B,37.17%,$0.51B,$-0.00B,-874.46%,$0.51B,$4.24B,12.50%,$0.78B,$2.18B,37.88%,$3960,$3328,$632,$0,$421,$3749,$211,$-18,$193,$41,$153,$153,$153,$235,$211,$141,141,$1.09,$1.08,$334,$0,$0,$2511,$230,$0,$1427,$60,$1725,$4236,$1987,$750,$27,$823,$2810,$14,$3437,$-18,$1426,$4236,$505,$93,$14,$107,$-364,$0,$144,$-28,$-232,$384,$-40,$-18,$-49,$0,$0,$0,$-1,$-108,$250,$-25,$225,$-147,$-147,$-258,$-22,$-202,$86,$42,$-258
4,2017-09-30,74.91,$9.69,7.73,$101.00,0.74,$5.96,12.58,$3.35,22.36,$2.46B,$1.99B,1.24,$0.75B,$1.36B,0.55,$14.32B,$2.30B,16.05%,$14.32B,$0.76B,5.29%,$14.32B,$0.76B,5.29%,$14.32B,$0.85B,5.93%,$14.32B,$0.73B,5.06%,$14.32B,$0.47B,3.31%,$0.47B,$1.36B,36.00%,$0.47B,$-0.08B,-511.05%,$0.47B,$4.18B,12.15%,$0.76B,$2.11B,39.04%,$3784,$3191,$594,$0,$399,$3590,$194,$-10,$184,$65,$119,$119,$119,$218,$194,$140,141,$0.85,$0.85,$297,$0,$0,$2455,$233,$0,$1436,$46,$1721,$4176,$1986,$750,$18,$834,$2821,$14,$3350,$-23,$1355,$4176,$352,$69,$17,$86,$-377,$0,$166,$-2,$-222,$218,$-32,$-14,$-48,$0,$0,$0,$0,$-95,$250,$-21,$229,$-107,$-107,$-193,$-21,$-91,$50,$25,$-193
5,2017-06-30,67.2,$9.51,7.07,$97.65,0.69,$6.88,9.77,$3.40,19.76,$2.29B,$1.80B,1.27,$0.75B,$1.34B,0.56,$13.90B,$2.26B,16.29%,$13.90B,$0.78B,5.58%,$13.90B,$0.78B,5.58%,$13.90B,$0.86B,6.19%,$13.90B,$0.75B,5.36%,$13.90B,$0.48B,3.48%,$0.48B,$1.34B,37.37%,$0.48B,$-0.06B,-434.08%,$0.48B,$3.97B,12.83%,$0.78B,$2.09B,41.72%,$3710,$3136,$574,$0,$392,$3528,$182,$-9,$172,$61,$111,$111,$111,$205,$182,$141,142,$0.79,$0.78,$273,$0,$0,$2285,$234,$0,$1397,$44,$1681,$3966,$1797,$750,$18,$831,$2629,$14,$3295,$-37,$1337,$3966,$233,$45,$9,$55,$-245,$0,$135,$-11,$-138,$150,$-24,$-9,$-2,$0,$0,$0,$-1,$-36,$250,$-148,$102,$-51,$-51,$-129,$-20,$-97,$26,$17,$-129
6,2017-03-31,75.12,$9.32,8.06,$94.48,0.8,$7.48,10.04,$3.62,20.75,$2.09B,$1.88B,1.12,$0.50B,$1.32B,0.38,$13.49B,$2.28B,16.93%,$13.49B,$0.83B,6.13%,$13.49B,$0.83B,6.13%,$13.49B,$0.91B,6.73%,$13.49B,$0.80B,5.93%,$13.49B,$0.52B,3.83%,$0.52B,$1.32B,40.42%,$0.52B,$-0.09B,-607.06%,$0.52B,$3.78B,14.26%,$0.83B,$1.82B,46.55%,$3415,$2847,$569,$0,$381,$3227,$188,$-9,$179,$57,$122,$122,$122,$210,$188,$141,142,$0.86,$0.86,$230,$0,$0,$2093,$235,$0,$1404,$41,$1683,$3776,$1877,$500,$18,$583,$2460,$14,$3248,$-44,$1316,$3776,$122,$22,$5,$27,$-95,$0,$47,$-7,$-57,$93,$-14,$-3,$-2,$0,$0,$0,$0,$-18,$0,$0,$0,$-13,$-13,$-65,$-19,$-97,$-18,$12,$-65
7,2016-12-31,70.8,$8.90,7.95,$91.81,0.77,$7.56,9.37,$3.59,19.72,$2.01B,$1.85B,1.09,$0.50B,$1.26B,0.4,$13.15B,$2.28B,17.32%,$13.15B,$0.84B,6.38%,$13.15B,$0.84B,6.38%,$13.15B,$0.91B,6.95%,$13.15B,$0.81B,6.17%,$13.15B,$0.51B,3.90%,$0.51B,$1.26B,41.18%,$0.51B,$-0.14B,-722.54%,$0.51B,$3.69B,14.80%,$0.84B,$1.76B,48.00%,$3415,$2853,$562,$0,$368,$3221,$194,$-3,$190,$68,$122,$122,$122,$216,$194,$143,143,$0.87,$0.86,$248,$0,$0,$2008,$233,$0,$1400,$44,$1680,$3688,$1846,$500,$19,$584,$2430,$14,$3191,$-61,$1258,$3688,$513,$75,$39,$114,$-173,$0,$116,$-10,$-100,$529,$-73,$-18,$-220,$0,$0,$0,$-1,$-313,$0,$290,$290,$-154,$-154,$-245,$-18,$-127,$79,$38,$-245
8,2016-09-30,67.69,$8.95,7.56,$90.01,0.75,$9.12,7.42,$3.61,18.75,$1.97B,$1.80B,1.09,$0.50B,$1.27B,0.39,$12.94B,$2.29B,17.66%,$12.94B,$0.86B,6.64%,$12.94B,$0.86B,6.64%,$12.94B,$0.93B,7.17%,$12.94B,$0.82B,6.35%,$12.94B,$0.52B,4.00%,$0.52B,$1.27B,42.50%,$0.52B,$-0.16B,-941.82%,$0.52B,$3.66B,15.51%,$0.86B,$1.77B,49.98%,$3356,$2797,$558,$0,$347,$3144,$211,$-7,$204,$75,$129,$129,$129,$229,$211,$143,143,$0.90,$0.90,$224,$0,$0,$1968,$226,$0,$1425,$45,$1697,$3664,$1800,$500,$19,$595,$2394,$14,$3123,$-38,$1270,$3664,$391,$53,$39,$91,$-138,$0,$94,$-15,$-106,$377,$-56,$-15,$-220,$0,$0,$0,$-1,$-292,$0,$275,$275,$-93,$-93,$-191,$-19,$-28,$56,$31,$-191
9,2016-06-30,70.89,$8.84,8.02,$90.15,0.79,$9.95,7.12,$3.67,19.32,$1.88B,$1.49B,1.26,$0.50B,$1.26B,0.4,$13.00B,$2.32B,17.82%,$13.00B,$0.88B,6.77%,$13.00B,$0.88B,6.77%,$13.00B,$0.95B,7.30%,$13.00B,$0.84B,6.49%,$13.00B,$0.53B,4.06%,$0.53B,$1.26B,44.59%,$0.53B,$0.05B,-1345.22%,$0.53B,$3.35B,16.24%,$0.88B,$1.76B,52.32%,$3300,$2706,$594,$0,$360,$3066,$234,$-6,$227,$84,$143,$143,$143,$252,$234,$143,143,$1.00,$1.00,$207,$0,$0,$1879,$212,$0,$1217,$41,$1470,$3349,$1491,$500,$19,$595,$2086,$14,$3057,$-38,$1263,$3349,$262,$35,$30,$65,$-94,$0,$53,$-21,$-80,$247,$-33,$-10,$0,$0,$0,$0,$-0,$-44,$0,$15,$15,$-33,$-33,$-128,$-18,$-164,$39,$26,$-128
10,2016-03-31,70.46,$8.33,8.46,$91.44,0.77,$10.10,6.98,$3.61,19.52,$1.71B,$1.37B,1.24,$0.50B,$1.19B,0.42,$13.25B,$2.31B,17.41%,$13.25B,$0.88B,6.61%,$13.25B,$0.88B,6.61%,$13.25B,$0.94B,7.12%,$13.25B,$0.84B,6.34%,$13.25B,$0.52B,3.94%,$0.52B,$1.19B,45.54%,$0.52B,$-0.03B,-650.47%,$0.52B,$3.16B,15.98%,$0.88B,$1.69B,53.21%,$3074,$2511,$563,$0,$364,$2875,$199,$-9,$190,$71,$119,$119,$119,$216,$199,$144,144,$0.83,$0.83,$179,$0,$0,$1706,$196,$0,$1224,$37,$1457,$3162,$1372,$500,$19,$598,$1970,$14,$2978,$-34,$1192,$3162,$119,$17,$17,$34,$42,$0,$-23,$-7,$-49,$104,$-13,$-5,$0,$0,$0,$0,$-1,$-19,$0,$20,$20,$-14,$-14,$-64,$-18,$-77,$11,$15,$-64
11,2015-12-31,58.52,$8.02,7.3,$92.59,0.63,$10.13,5.78,$3.51,16.67,$1.73B,$1.45B,1.2,$0.50B,$1.15B,0.44,$13.48B,$2.27B,16.84%,$13.48B,$0.86B,6.37%,$13.48B,$0.86B,6.37%,$13.48B,$0.93B,6.86%,$13.48B,$0.82B,6.10%,$13.48B,$0.51B,3.78%,$0.51B,$1.15B,45.74%,$0.51B,$-0.08B,-435.97%,$0.51B,$3.18B,15.41%,$0.86B,$1.65B,53.26%,$3211,$2640,$571,$0,$356,$2996,$215,$-13,$201,$75,$127,$127,$127,$231,$215,$145,145,$0.89,$0.88,$168,$0,$0,$1731,$191,$0,$1229,$34,$1454,$3184,$1449,$500,$20,$585,$2034,$14,$2923,$-38,$1150,$3184,$510,$66,$44,$110,$108,$0,$-53,$1,$91,$718,$-28,$-17,$-370,$0,$0,$0,$360,$-54,$0,$-155,$-155,$-214,$-214,$-236,$-3,$-608,$39,$58,$-236
12,2015-09-30,63.46,$7.85,8.08,$93.26,0.68,$8.71,7.29,$3.40,18.67,$1.86B,$1.58B,1.17,$0.50B,$1.13B,0.44,$13.62B,$2.20B,16.15%,$13.62B,$0.83B,6.11%,$13.62B,$0.83B,6.11%,$13.62B,$0.90B,6.57%,$13.62B,$0.80B,5.89%,$13.62B,$0.50B,3.63%,$0.50B,$1.13B,45.54%,$0.50B,$-0.09B,-747.17%,$0.50B,$3.31B,14.95%,$0.83B,$1.63B,52.43%,$3419,$2831,$589,$0,$356,$3187,$233,$-7,$226,$87,$139,$139,$139,$250,$233,$145,145,$0.96,$0.96,$143,$0,$0,$1856,$190,$0,$1224,$42,$1456,$3313,$1581,$500,$24,$600,$2181,$14,$2860,$-44,$1131,$3313,$383,$50,$48,$97,$-39,$0,$23,$-6,$-16,$464,$-19,$-13,$-367,$0,$0,$0,$360,$-40,$0,$-75,$-75,$-148,$-148,$-171,$-4,$-398,$14,$44,$-171
13,2015-06-30,58.14,$7.66,7.59,$93.25,0.62,$7.58,7.67,$3.29,17.67,$1.94B,$1.70B,1.15,$0.50B,$1.11B,0.45,$13.67B,$2.14B,15.65%,$13.67B,$0.80B,5.87%,$13.67B,$0.80B,5.87%,$13.67B,$0.86B,6.31%,$13.67B,$0.77B,5.65%,$13.67B,$0.48B,3.52%,$0.48B,$1.11B,45.42%,$0.48B,$-0.12B,-2346.34%,$0.48B,$3.40B,14.95%,$0.80B,$1.61B,51.44%,$3545,$2961,$584,$0,$355,$3316,$229,$-6,$223,$86,$137,$137,$137,$246,$229,$146,146,$0.94,$0.94,$171,$0,$0,$1944,$191,$0,$1230,$39,$1460,$3404,$1695,$500,$23,$597,$2292,$15,$2778,$-38,$1112,$3404,$244,$33,$39,$71,$-88,$0,$57,$-19,$-64,$251,$-12,$-8,$-369,$0,$0,$0,$360,$-29,$0,$25,$25,$-80,$-80,$-115,$-4,$-174,$43,$31,$-115
14,2015-03-31,67.83,$7.26,9.35,$92.59,0.73,$6.70,10.12,$3.15,21.53,$1.85B,$1.65B,1.12,$0.50B,$1.06B,0.47,$13.63B,$2.08B,15.23%,$13.63B,$0.77B,5.67%,$13.63B,$0.77B,5.67%,$13.63B,$0.83B,6.10%,$13.63B,$0.74B,5.46%,$13.63B,$0.46B,3.40%,$0.46B,$1.06B,44.80%,$0.46B,$-0.18B,1683.64%,$0.46B,$3.31B,14.81%,$0.77B,$1.56B,50.41%,$3301,$2776,$525,$0,$343,$3119,$182,$-10,$172,$66,$106,$106,$106,$198,$182,$146,146,$0.73,$0.73,$136,$0,$0,$1847,$191,$0,$1236,$35,$1462,$3309,$1651,$500,$23,$600,$2251,$15,$2698,$-42,$1058,$3309,$106,$16,$20,$36,$-28,$0,$21,$-11,$-43,$100,$-4,$-3,$-369,$0,$0,$0,$360,$-16,$0,$25,$25,$-31,$-31,$-57,$-4,$-68,$7,$15,$-57
15,2014-12-31,69.03,$7.15,9.66,$91.13,0.76,$6.07,11.38,$3.05,22.63,$2.11B,$1.58B,1.34,$0.50B,$1.05B,0.48,$13.47B,$2.01B,14.91%,$13.47B,$0.75B,5.55%,$13.47B,$0.75B,5.55%,$13.47B,$0.81B,5.98%,$13.47B,$0.72B,5.37%,$13.47B,$0.45B,3.34%,$0.45B,$1.05B,44.36%,$0.45B,$0.12B,548.78%,$0.45B,$3.21B,14.81%,$0.75B,$1.55B,49.39%,$3357,$2855,$502,$0,$314,$3169,$188,$-6,$181,$68,$113,$113,$113,$201,$188,$147,148,$0.78,$0.77,$488,$0,$0,$2105,$152,$0,$923,$33,$1109,$3214,$1576,$500,$25,$591,$2167,$15,$2649,$-29,$1047,$3214,$450,$57,$58,$115,$-137,$0,$40,$7,$-52,$513,$-22,$-7,$0,$0,$0,$0,$-359,$-389,$0,$230,$230,$-152,$-152,$-215,$-7,$-144,$-33,$48,$-215
16,2014-09-30,60.81,$6.95,8.75,$88.45,0.69,$4.69,12.95,$2.90,20.97,$1.83B,$1.33B,1.37,$0.50B,$1.02B,0.49,$13.27B,$1.95B,14.70%,$13.27B,$0.72B,5.39%,$13.27B,$0.72B,5.39%,$13.27B,$0.77B,5.83%,$13.27B,$0.69B,5.21%,$13.27B,$0.43B,3.24%,$0.43B,$1.02B,43.53%,$0.43B,$0.09B,873.10%,$0.43B,$2.94B,14.65%,$0.72B,$1.52B,48.06%,$3467,$2940,$528,$0,$324,$3264,$203,$-6,$197,$72,$125,$125,$125,$217,$203,$147,147,$0.85,$0.85,$128,$0,$0,$1825,$157,$0,$929,$31,$1117,$2942,$1329,$500,$22,$594,$1923,$15,$2593,$-21,$1019,$2942,$337,$43,$49,$93,$-207,$0,$67,$-4,$-124,$305,$-19,$-6,$0,$0,$0,$0,$0,$-25,$0,$-30,$-30,$-115,$-115,$-158,$-6,$-308,$-34,$34,$-158
17,2014-06-30,58.18,$6.84,8.51,$85.95,0.68,$3.73,15.58,$2.74,21.23,$1.91B,$1.43B,1.33,$0.50B,$1.01B,0.5,$13.12B,$1.89B,14.37%,$13.12B,$0.69B,5.25%,$13.12B,$0.69B,5.25%,$13.12B,$0.75B,5.70%,$13.12B,$0.67B,5.09%,$13.12B,$0.41B,3.15%,$0.41B,$1.01B,42.13%,$0.41B,$0.07B,1139.31%,$0.41B,$3.04B,14.13%,$0.69B,$1.51B,46.48%,$3503,$2982,$521,$0,$321,$3303,$200,$-6,$194,$76,$119,$119,$119,$215,$200,$148,148,$0.80,$0.80,$144,$0,$0,$1909,$160,$0,$936,$31,$1128,$3037,$1431,$500,$21,$596,$2027,$15,$2521,$-12,$1010,$3037,$212,$29,$32,$61,$-261,$0,$121,$-14,$-145,$128,$-15,$-4,$0,$0,$0,$0,$0,$-19,$0,$25,$25,$-41,$-41,$-105,$-6,$-127,$-18,$16,$-105
18,2014-03-31,47.51,$6.61,7.19,$82.84,0.57,$3.22,14.77,$2.64,17.99,$1.82B,$1.38B,1.32,$0.50B,$0.98B,0.51,$12.90B,$1.84B,14.24%,$12.90B,$0.67B,5.19%,$12.90B,$0.67B,5.19%,$12.90B,$0.73B,5.65%,$12.90B,$0.66B,5.08%,$12.90B,$0.41B,3.15%,$0.41B,$0.98B,36.83%,$0.41B,$0.04B,263.21%,$0.41B,$2.96B,14.03%,$0.67B,$1.48B,45.35%,$3143,$2685,$457,$0,$300,$2986,$157,$-6,$151,$58,$93,$93,$93,$172,$157,$149,149,$0.63,$0.63,$143,$0,$0,$1823,$164,$0,$942,$31,$1137,$2960,$1380,$500,$21,$598,$1979,$15,$2455,$-11,$982,$2960,$93,$15,$16,$31,$-169,$0,$88,$-16,$-110,$14,$-11,$-1,$0,$0,$0,$0,$0,$-12,$0,$35,$35,$3,$3,$-52,$-7,$-21,$-19,$5,$-52
19,2013-12-31,52.55,$6.26,8.4,$80.39,0.65,$2.78,18.91,$2.65,19.83,$1.66B,$1.27B,1.31,$0.50B,$0.94B,0.53,$12.75B,$1.84B,14.40%,$12.75B,$0.68B,5.35%,$12.75B,$0.68B,5.35%,$12.75B,$0.74B,5.80%,$12.75B,$0.67B,5.29%,$12.75B,$0.42B,3.26%,$0.42B,$0.94B,33.83%,$0.42B,$-0.01B,150.05%,$0.42B,$2.80B,14.54%,$0.68B,$1.44B,46.10%,$3153,$2708,$444,$0,$289,$2998,$155,$-6,$149,$56,$93,$93,$93,$170,$155,$157,157,$0.62,$0.62,$162,$0,$0,$1664,$161,$0,$947,$31,$1138,$2803,$1270,$500,$22,$593,$1863,$15,$2414,$-11,$940,$2803,$416,$57,$50,$107,$-87,$0,$47,$-5,$-175,$348,$-40,$-8,$19,$0,$0,$0,$0,$-29,$500,$121,$621,$-742,$-742,$-220,$-24,$-365,$-48,$9,$-220
20,2013-09-30,53.34,$6.48,8.23,$78.66,0.68,$3.44,15.5,$3.61,14.78,$1.75B,$1.31B,1.34,$0.50B,$0.99B,0.51,$12.57B,$1.84B,14.61%,$12.57B,$0.66B,5.26%,$12.57B,$0.66B,5.26%,$12.57B,$0.72B,5.70%,$12.57B,$0.94B,7.49%,$12.57B,$0.58B,4.61%,$0.58B,$0.99B,42.25%,$0.58B,$0.04B,139.43%,$0.58B,$2.89B,20.23%,$0.66B,$1.49B,44.20%,$3317,$2853,$463,$0,$287,$3140,$176,$-3,$174,$66,$108,$108,$108,$190,$176,$157,157,$0.69,$0.69,$130,$0,$0,$1753,$156,$0,$951,$32,$1138,$2892,$1306,$500,$22,$597,$1903,$15,$2374,$-12,$989,$2892,$323,$42,$50,$92,$-197,$0,$103,$-10,$-232,$183,$-28,$-6,$19,$0,$0,$0,$0,$-15,$500,$96,$596,$-650,$-650,$-167,$-25,$-246,$-80,$11,$-167
21,2013-06-30,50.1,$9.38,5.34,$75.43,0.66,$3.94,12.72,$3.64,13.76,$1.78B,$1.33B,1.34,$0.00B,$1.50B,0.0,$12.13B,$1.81B,14.89%,$12.13B,$0.67B,5.54%,$12.13B,$0.67B,5.54%,$12.13B,$0.72B,5.95%,$12.13B,$0.95B,7.86%,$12.13B,$0.59B,4.84%,$0.59B,$1.50B,40.59%,$0.59B,$0.55B,92.77%,$0.59B,$2.92B,21.74%,$0.67B,$1.50B,46.47%,$3288,$2816,$473,$0,$290,$3106,$182,$-1,$182,$70,$112,$112,$112,$197,$182,$160,160,$0.70,$0.70,$150,$0,$0,$1783,$153,$0,$954,$32,$1139,$2922,$1331,$0,$22,$91,$1422,$16,$2320,$-15,$1499,$2922,$215,$28,$42,$70,$-199,$0,$100,$-12,$-227,$58,$-18,$-4,$19,$0,$0,$0,$0,$-3,$0,$112,$112,$-86,$-86,$-113,$-24,$-111,$-60,$10,$-113
22,2013-03-31,52.57,$9.28,5.67,$73.09,0.72,$4.26,12.34,$3.65,14.4,$1.69B,$1.25B,1.35,$0.00B,$1.49B,0.0,$11.80B,$1.76B,14.91%,$11.80B,$0.68B,5.72%,$11.80B,$0.68B,5.72%,$11.80B,$0.72B,6.09%,$11.80B,$0.96B,8.12%,$11.80B,$0.59B,5.00%,$0.59B,$1.49B,42.42%,$0.59B,$0.53B,82.43%,$0.59B,$2.83B,23.32%,$0.68B,$1.49B,48.53%,$2994,$2539,$456,$0,$287,$2826,$169,$-0,$169,$65,$103,$103,$103,$183,$169,$161,161,$0.64,$0.64,$160,$0,$0,$1691,$151,$0,$957,$32,$1140,$2831,$1249,$0,$21,$91,$1341,$16,$2265,$-12,$1490,$2831,$103,$14,$35,$49,$-74,$0,$51,$-12,$-210,$-58,$-9,$-1,$0,$0,$0,$0,$0,$-10,$0,$137,$137,$-38,$-38,$-56,$-24,$19,$-50,$5,$-56
23,2012-12-31,55.56,$9.33,5.96,$70.11,0.79,$5.09,10.92,$3.66,15.18,$1.67B,$1.23B,1.36,$0.00B,$1.50B,0.0,$11.36B,$1.72B,15.13%,$11.36B,$0.68B,5.95%,$11.36B,$0.68B,5.95%,$11.36B,$0.71B,6.29%,$11.36B,$0.96B,8.44%,$11.36B,$0.59B,5.23%,$0.59B,$1.50B,44.65%,$0.59B,$0.55B,74.79%,$0.59B,$2.80B,25.22%,$0.68B,$1.50B,50.82%,$2971,$2526,$445,$0,$311,$2837,$134,$282,$416,$159,$256,$256,$256,$146,$134,$162,162,$1.60,$1.59,$210,$0,$0,$1672,$150,$0,$960,$22,$1132,$2804,$1232,$0,$23,$68,$1300,$16,$2218,$-9,$1504,$2804,$594,$38,$-222,$-184,$-88,$0,$62,$5,$51,$460,$-36,$-15,$-309,$0,$0,$0,$0,$-359,$0,$248,$248,$-226,$-226,$-275,$-11,$-264,$-164,$59,$-275
24,2012-09-30,51.19,$8.01,6.39,$67.36,0.76,$4.86,10.54,$2.75,18.61,$1.73B,$0.94B,1.84,$0.00B,$1.29B,0.0,$10.96B,$1.68B,15.29%,$10.96B,$0.71B,6.52%,$10.96B,$0.71B,6.52%,$10.96B,$0.75B,6.84%,$10.96B,$0.72B,6.54%,$10.96B,$0.45B,4.08%,$0.45B,$1.29B,35.30%,$0.45B,$0.91B,50.93%,$0.45B,$2.24B,20.42%,$0.71B,$1.29B,56.39%,$2880,$2448,$433,$0,$245,$2693,$187,$0,$187,$71,$116,$116,$116,$196,$187,$161,161,$0.72,$0.72,$273,$0,$72,$1726,$134,$0,$383,$0,$517,$2243,$938,$0,$14,$14,$952,$16,$2020,$-10,$1291,$2243,$337,$26,$36,$62,$-203,$0,$112,$-2,$-132,$267,$-28,$-11,$0,$0,$0,$0,$0,$-39,$0,$0,$0,$-153,$-153,$-163,$-12,$-328,$-101,$21,$-163
25,2012-06-30,50.85,$7.88,6.45,$65.85,0.77,$5.05,10.06,$2.73,18.63,$1.71B,$0.95B,1.8,$0.00B,$1.28B,0.0,$10.77B,$1.67B,15.46%,$10.77B,$0.71B,6.60%,$10.77B,$0.71B,6.60%,$10.77B,$0.75B,6.92%,$10.77B,$0.71B,6.62%,$10.77B,$0.45B,4.13%,$0.45B,$1.28B,35.30%,$0.45B,$0.88B,51.25%,$0.45B,$2.24B,20.48%,$0.71B,$1.28B,56.41%,$2956,$2530,$426,$0,$241,$2771,$185,$1,$186,$71,$115,$115,$115,$194,$185,$162,162,$0.71,$0.71,$241,$0,$0,$1708,$132,$0,$400,$0,$532,$2240,$949,$0,$12,$12,$962,$16,$1957,$-12,$1278,$2240,$221,$17,$26,$43,$-229,$0,$130,$-6,$-154,$110,$-17,$-8,$0,$0,$0,$0,$0,$-25,$0,$0,$0,$-95,$-95,$-109,$-12,$-216,$-133,$17,$-109
26,2012-03-31,56.58,$7.67,7.38,$64.02,0.88,$4.89,11.58,$2.69,21.03,$1.60B,$0.87B,1.84,$0.00B,$1.25B,0.0,$10.52B,$1.66B,15.75%,$10.52B,$0.71B,6.71%,$10.52B,$0.71B,6.71%,$10.52B,$0.74B,7.02%,$10.52B,$0.71B,6.72%,$10.52B,$0.44B,4.19%,$0.44B,$1.25B,34.92%,$0.44B,$0.85B,50.57%,$0.44B,$2.13B,20.40%,$0.71B,$1.25B,55.90%,$2552,$2137,$415,$0,$245,$2383,$170,$0,$170,$63,$107,$107,$107,$178,$170,$163,163,$0.65,$0.65,$311,$0,$0,$1601,$131,$0,$402,$0,$533,$2134,$872,$0,$14,$14,$886,$16,$1897,$-9,$1248,$2134,$107,$8,$19,$27,$-61,$0,$43,$1,$-57,$77,$-10,$-4,$0,$0,$0,$0,$0,$-14,$0,$0,$0,$-58,$-58,$-55,$-13,$-125,$-62,$10,$-55
27,2011-12-31,59.99,$7.64,7.85,$62.64,0.96,$4.76,12.61,$2.63,22.81,$1.61B,$0.88B,1.84,$0.00B,$1.25B,0.0,$10.34B,$1.63B,15.79%,$10.34B,$0.69B,6.70%,$10.34B,$0.69B,6.70%,$10.34B,$0.73B,7.01%,$10.34B,$0.69B,6.71%,$10.34B,$0.43B,4.17%,$0.43B,$1.25B,34.26%,$0.43B,$0.88B,49.60%,$0.43B,$2.14B,20.03%,$0.69B,$1.25B,55.09%,$2568,$2167,$401,$0,$229,$2396,$172,$1,$173,$64,$109,$109,$109,$181,$172,$164,165,$0.67,$0.66,$374,$0,$0,$1612,$127,$0,$370,$30,$526,$2138,$877,$0,$12,$13,$890,$16,$1845,$-9,$1248,$2138,$432,$32,$55,$88,$-163,$0,$68,$-12,$-89,$430,$-36,$-17,$0,$0,$9,$9,$5,$-38,$0,$0,$0,$-222,$-222,$-195,$2,$-415,$-25,$39,$-195
28,2011-09-30,58.57,$7.72,7.59,$61.06,0.96,$4.34,13.5,$2.58,22.7,$1.66B,$0.90B,1.85,$0.00B,$1.27B,0.0,$10.09B,$1.62B,16.04%,$10.09B,$0.69B,6.79%,$10.09B,$0.69B,6.79%,$10.09B,$0.72B,7.08%,$10.09B,$0.69B,6.79%,$10.09B,$0.43B,4.21%,$0.43B,$1.27B,34.08%,$0.43B,$0.87B,49.59%,$0.43B,$2.18B,20.08%,$0.69B,$1.27B,54.93%,$2695,$2272,$423,$0,$239,$2511,$184,$0,$184,$70,$114,$114,$114,$192,$184,$164,164,$0.70,$0.70,$383,$0,$0,$1657,$115,$0,$398,$0,$523,$2179,$897,$0,$15,$15,$911,$16,$1791,$-9,$1268,$2179,$322,$24,$39,$63,$-209,$0,$111,$-3,$-92,$294,$-17,$-12,$0,$0,$9,$9,$5,$-15,$0,$0,$0,$-146,$-146,$-146,$0,$-293,$-16,$32,$-146
29,2011-06-30,67.17,$7.78,8.63,$59.29,1.13,$3.40,19.73,$2.50,26.87,$1.68B,$0.89B,1.88,$0.00B,$1.29B,0.0,$9.82B,$1.58B,16.08%,$9.82B,$0.67B,6.79%,$9.82B,$0.67B,6.79%,$9.82B,$0.70B,7.10%,$9.82B,$0.67B,6.79%,$9.82B,$0.41B,4.22%,$0.41B,$1.29B,33.86%,$0.41B,$0.89B,49.61%,$0.41B,$2.19B,20.03%,$0.67B,$1.29B,54.55%,$2708,$2290,$418,$0,$238,$2528,$180,$0,$180,$69,$111,$111,$111,$188,$180,$165,165,$0.67,$0.67,$316,$0,$0,$1676,$115,$0,$395,$0,$518,$2194,$890,$0,$15,$15,$905,$17,$1725,$-7,$1288,$2194,$208,$15,$26,$41,$-279,$0,$131,$-8,$-171,$79,$-12,$-8,$0,$0,$9,$9,$0,$-10,$0,$0,$0,$-53,$-53,$-98,$-0,$-150,$-83,$23,$-98
30,2011-03-31,62.92,$7.41,8.5,$57.70,1.09,$3.01,20.91,$2.42,26.0,$1.58B,$0.85B,1.86,$0.00B,$1.23B,0.0,$9.56B,$1.53B,15.96%,$9.56B,$0.64B,6.72%,$9.56B,$0.64B,6.72%,$9.56B,$0.67B,7.04%,$9.56B,$0.64B,6.73%,$9.56B,$0.40B,4.18%,$0.40B,$1.23B,33.98%,$0.40B,$0.83B,50.58%,$0.40B,$2.10B,20.01%,$0.64B,$1.23B,54.63%,$2365,$1975,$390,$0,$234,$2209,$157,$0,$157,$60,$97,$97,$97,$164,$157,$165,166,$0.59,$0.59,$360,$0,$0,$1582,$115,$0,$394,$0,$514,$2096,$852,$0,$17,$17,$869,$17,$1662,$-8,$1228,$2096,$97,$7,$13,$20,$-142,$0,$82,$-4,$-65,$53,$-6,$-4,$0,$0,$8,$8,$0,$-1,$0,$0,$0,$-38,$-38,$-49,$-2,$-89,$-39,$13,$-49
31,2010-12-31,67.79,$7.25,9.35,$55.89,1.21,$2.73,24.81,$2.33,29.09,$1.48B,$0.77B,1.92,$0.00B,$1.20B,0.0,$9.27B,$1.47B,15.84%,$9.27B,$0.62B,6.71%,$9.27B,$0.62B,6.71%,$9.27B,$0.65B,7.04%,$9.27B,$0.62B,6.72%,$9.27B,$0.39B,4.17%,$0.39B,$1.20B,34.07%,$0.39B,$0.83B,51.55%,$0.39B,$2.00B,19.99%,$0.62B,$1.20B,54.77%,$2325,$1937,$388,$0,$224,$2161,$164,$0,$164,$61,$103,$103,$103,$171,$164,$165,166,$0.63,$0.62,$408,$0,$0,$1482,$114,$0,$373,$19,$514,$1996,$772,$0,$20,$20,$792,$17,$1614,$-6,$1204,$1996,$387,$29,$62,$91,$-164,$0,$15,$2,$-133,$345,$-18,$-11,$0,$0,$42,$42,$-5,$9,$0,$0,$0,$-127,$-127,$-169,$7,$-289,$61,$37,$-169
32,2010-09-30,58.67,$7.05,8.32,$53.75,1.09,$2.78,21.08,$2.23,26.31,$1.47B,$0.79B,1.86,$0.00B,$1.17B,0.0,$8.96B,$1.42B,15.85%,$8.96B,$0.60B,6.71%,$8.96B,$0.60B,6.71%,$8.96B,$0.63B,7.07%,$8.96B,$0.60B,6.72%,$8.96B,$0.37B,4.15%,$0.37B,$1.17B,33.67%,$0.37B,$0.78B,51.81%,$0.37B,$1.98B,19.63%,$0.60B,$1.17B,54.40%,$2420,$2038,$383,$0,$216,$2254,$166,$0,$166,$64,$103,$103,$103,$174,$166,$165,166,$0.62,$0.62,$284,$0,$0,$1467,$116,$0,$391,$0,$515,$1982,$789,$0,$22,$22,$812,$17,$1560,$-5,$1171,$1982,$284,$22,$45,$67,$-268,$0,$65,$-3,$-214,$137,$-14,$-8,$0,$0,$17,$17,$-5,$-9,$0,$0,$0,$-97,$-97,$-127,$9,$-214,$-88,$23,$-127
33,2010-06-30,46.53,$6.66,6.99,$50.72,0.92,$3.32,14.0,$2.18,21.34,$1.41B,$0.79B,1.78,$0.00B,$1.11B,0.0,$8.49B,$1.39B,16.37%,$8.49B,$0.59B,6.95%,$8.49B,$0.59B,6.95%,$8.49B,$0.62B,7.31%,$8.49B,$0.59B,6.96%,$8.49B,$0.36B,4.29%,$0.36B,$1.11B,33.35%,$0.36B,$0.72B,51.72%,$0.36B,$1.92B,19.57%,$0.59B,$1.11B,54.05%,$2454,$2089,$365,$0,$208,$2298,$156,$0,$157,$60,$97,$97,$97,$164,$156,$165,166,$0.59,$0.59,$216,$0,$0,$1411,$115,$0,$387,$0,$511,$1922,$792,$0,$25,$25,$817,$17,$1499,$-11,$1105,$1922,$181,$15,$30,$45,$-271,$0,$91,$-8,$-216,$10,$-8,$-5,$0,$0,$2,$2,$-5,$-16,$0,$0,$0,$-80,$-80,$-85,$4,$-161,$-171,$12,$-85
34,2010-03-31,46.49,$6.40,7.27,$47.27,0.98,$3.71,12.52,$2.13,21.83,$1.32B,$0.76B,1.75,$0.00B,$1.06B,0.0,$7.96B,$1.38B,17.29%,$7.96B,$0.58B,7.33%,$7.96B,$0.58B,7.33%,$7.96B,$0.61B,7.71%,$7.96B,$0.59B,7.35%,$7.96B,$0.36B,4.51%,$0.36B,$1.06B,32.92%,$0.36B,$0.67B,50.56%,$0.36B,$1.84B,19.61%,$0.58B,$1.06B,53.55%,$2075,$1742,$333,$0,$197,$1939,$136,$0,$136,$52,$84,$84,$84,$144,$136,$165,167,$0.51,$0.50,$282,$0,$0,$1323,$116,$0,$389,$0,$519,$1842,$756,$0,$23,$23,$779,$17,$1444,$-6,$1063,$1842,$84,$8,$10,$18,$-119,$0,$37,$-4,$-98,$4,$-3,$-1,$0,$0,$-2,$-2,$-0,$-6,$0,$0,$0,$-63,$-63,$-42,$2,$-103,$-108,$5,$-42
35,2009-12-31,48.66,$6.46,7.53,$44.70,1.09,$3.98,12.22,$2.13,22.84,$1.31B,$0.73B,1.79,$0.00B,$1.08B,0.0,$7.58B,$1.38B,18.25%,$7.58B,$0.59B,7.72%,$7.58B,$0.59B,7.72%,$7.58B,$0.62B,8.12%,$7.58B,$0.59B,7.75%,$7.58B,$0.36B,4.75%,$0.36B,$1.08B,32.71%,$0.36B,$0.70B,49.28%,$0.36B,$1.83B,19.92%,$0.59B,$1.08B,53.16%,$2008,$1669,$339,$0,$196,$1866,$143,$1,$143,$56,$88,$88,$88,$151,$143,$168,169,$0.53,$0.52,$386,$0,$0,$1307,$118,$0,$380,$15,$527,$1834,$732,$0,$23,$23,$754,$17,$1402,$-2,$1080,$1834,$361,$31,$38,$69,$-58,$0,$22,$-13,$-57,$373,$-30,$-4,$-41,$0,$-48,$-48,$0,$-124,$0,$0,$0,$-249,$-249,$-163,$10,$-402,$-157,$21,$-163
36,2009-09-30,47.64,$6.66,7.15,$44.15,1.08,$4.42,10.78,$2.13,22.36,$1.31B,$0.70B,1.88,$0.00B,$1.12B,0.0,$7.52B,$1.39B,18.45%,$7.52B,$0.58B,7.76%,$7.52B,$0.58B,7.76%,$7.52B,$0.61B,8.16%,$7.52B,$0.59B,7.80%,$7.52B,$0.36B,4.80%,$0.36B,$1.12B,32.60%,$0.36B,$0.72B,48.29%,$0.36B,$1.84B,20.02%,$0.58B,$1.12B,52.74%,$1955,$1602,$353,$0,$198,$1800,$155,$0,$155,$60,$95,$95,$95,$162,$155,$167,169,$0.57,$0.57,$388,$0,$0,$1312,$119,$0,$395,$0,$530,$1842,$698,$0,$25,$26,$724,$17,$1357,$0,$1118,$1842,$273,$22,$29,$51,$-53,$0,$8,$-15,$-81,$242,$-26,$-3,$-44,$0,$-9,$-9,$0,$-81,$0,$0,$0,$-163,$-163,$-122,$8,$-277,$-118,$17,$-122
37,2009-06-30,42.83,$6.53,6.55,$45.99,0.93,$4.06,10.55,$2.10,20.4,$1.32B,$0.69B,1.91,$0.00B,$1.10B,0.0,$7.89B,$1.39B,17.59%,$7.89B,$0.58B,7.33%,$7.89B,$0.58B,7.33%,$7.89B,$0.61B,7.71%,$7.89B,$0.58B,7.38%,$7.89B,$0.36B,4.57%,$0.36B,$1.10B,32.64%,$0.36B,$0.74B,47.95%,$0.36B,$1.80B,19.75%,$0.58B,$1.10B,52.40%,$1926,$1574,$352,$0,$202,$1776,$150,$1,$151,$58,$92,$92,$92,$157,$150,$168,170,$0.55,$0.54,$357,$0,$0,$1317,$112,$0,$358,$0,$487,$1804,$690,$0,$11,$12,$702,$17,$1303,$-2,$1101,$1804,$178,$15,$17,$32,$-97,$0,$21,$-14,$-123,$86,$-18,$-2,$-12,$0,$2,$2,$0,$-30,$0,$0,$0,$-114,$-114,$-81,$4,$-190,$-138,$12,$-81
38,2009-03-31,37.29,$6.50,5.73,$48.02,0.78,$3.96,9.42,$2.08,17.93,$1.28B,$0.63B,2.02,$0.00B,$1.10B,0.0,$8.28B,$1.38B,16.61%,$8.28B,$0.57B,6.92%,$8.28B,$0.57B,6.92%,$8.28B,$0.60B,7.28%,$8.28B,$0.58B,6.97%,$8.28B,$0.36B,4.32%,$0.36B,$1.10B,32.51%,$0.36B,$0.76B,47.26%,$0.36B,$1.75B,19.24%,$0.57B,$1.10B,52.03%,$1688,$1349,$339,$0,$201,$1551,$137,$0,$138,$52,$85,$85,$85,$145,$137,$169,171,$0.50,$0.50,$452,$0,$0,$1279,$109,$0,$347,$0,$470,$1749,$634,$0,$11,$12,$646,$17,$1251,$-5,$1103,$1749,$85,$7,$8,$16,$26,$0,$-47,$-7,$-42,$59,$-12,$0,$0,$0,$1,$1,$0,$-11,$0,$0,$0,$-49,$-49,$-40,$2,$-87,$-45,$6,$-40
39,2008-12-31,44.72,$6.50,6.88,$49.54,0.9,$3.80,11.78,$2.08,21.5,$1.35B,$0.70B,1.93,$0.00B,$1.11B,0.0,$8.58B,$1.38B,16.03%,$8.58B,$0.57B,6.67%,$8.58B,$0.57B,6.67%,$8.58B,$0.60B,7.02%,$8.58B,$0.58B,6.74%,$8.58B,$0.36B,4.18%,$0.36B,$1.11B,32.78%,$0.36B,$0.77B,47.35%,$0.36B,$1.82B,18.97%,$0.57B,$1.11B,52.23%,$1955,$1611,$344,$0,$202,$1813,$142,$1,$143,$55,$89,$89,$89,$150,$142,$169,173,$0.53,$0.52,$497,$0,$0,$1348,$104,$0,$340,$9,$468,$1816,$698,$0,$10,$11,$709,$17,$1207,$2,$1107,$1816,$359,$31,$38,$70,$100,$0,$-71,$0,$19,$448,$-23,$-1,$-60,$0,$114,$114,$1,$31,$-9,$0,$-9,$-178,$-178,$-151,$12,$-326,$156,$21,$-151
40,2008-09-30,41.22,$6.50,6.34,$49.44,0.83,$2.86,14.42,$2.05,20.11,$1.46B,$0.81B,1.8,$0.00B,$1.10B,0.0,$8.58B,$1.35B,15.79%,$8.58B,$0.56B,6.56%,$8.58B,$0.56B,6.56%,$8.58B,$0.59B,6.90%,$8.58B,$0.57B,6.66%,$8.58B,$0.36B,4.14%,$0.36B,$1.10B,32.90%,$0.36B,$0.74B,47.11%,$0.36B,$1.92B,18.77%,$0.56B,$1.10B,52.18%,$2317,$1965,$352,$0,$203,$2168,$149,$2,$150,$57,$94,$94,$94,$156,$149,$169,172,$0.55,$0.54,$315,$0,$0,$1457,$102,$0,$364,$0,$466,$1923,$810,$0,$11,$12,$822,$17,$1160,$2,$1101,$1923,$270,$23,$31,$55,$-183,$0,$58,$-3,$-150,$175,$-16,$0,$-60,$0,$114,$114,$1,$38,$-9,$0,$-9,$-130,$-130,$-113,$10,$-244,$-27,$17,$-113
41,2008-06-30,44.17,$6.43,6.87,$46.77,0.94,$2.79,15.84,$1.99,22.19,$1.53B,$0.85B,1.8,$0.00B,$1.09B,0.0,$8.12B,$1.32B,16.19%,$8.12B,$0.55B,6.72%,$8.12B,$0.55B,6.72%,$8.12B,$0.58B,7.08%,$8.12B,$0.56B,6.84%,$8.12B,$0.35B,4.25%,$0.35B,$1.09B,32.54%,$0.35B,$0.77B,46.23%,$0.35B,$1.96B,18.58%,$0.55B,$1.09B,51.50%,$2322,$1981,$341,$0,$197,$2177,$145,$2,$146,$56,$90,$90,$90,$152,$145,$170,173,$0.53,$0.52,$357,$0,$0,$1530,$102,$0,$325,$0,$426,$1956,$850,$0,$11,$12,$862,$17,$1104,$6,$1094,$1956,$177,$15,$24,$39,$-243,$0,$140,$-5,$-153,$63,$-11,$0,$-10,$0,$77,$77,$1,$57,$0,$0,$0,$-78,$-78,$-76,$9,$-146,$-20,$13,$-76
42,2008-03-31,43.66,$6.32,6.91,$44.17,0.99,$2.90,15.05,$1.94,22.51,$1.45B,$0.78B,1.86,$0.00B,$1.08B,0.0,$7.68B,$1.29B,16.73%,$7.68B,$0.53B,6.91%,$7.68B,$0.53B,6.91%,$7.68B,$0.56B,7.28%,$7.68B,$0.54B,7.07%,$7.68B,$0.34B,4.39%,$0.34B,$1.08B,32.44%,$0.34B,$0.76B,46.24%,$0.34B,$1.87B,18.72%,$0.53B,$1.08B,51.11%,$1985,$1647,$338,$0,$202,$1849,$136,$2,$139,$52,$86,$86,$86,$144,$136,$170,174,$0.51,$0.50,$415,$0,$0,$1452,$102,$0,$320,$0,$422,$1874,$783,$0,$11,$12,$795,$17,$1052,$3,$1079,$1874,$86,$8,$12,$20,$-97,$0,$55,$-10,$-80,$26,$-6,$0,$0,$0,$81,$81,$1,$76,$0,$0,$0,$-32,$-32,$-38,$8,$-62,$41,$8,$-38
43,2007-12-31,43.26,$6.10,7.09,$42.03,1.03,$3.05,14.2,$1.86,23.26,$1.39B,$0.76B,1.83,$0.00B,$1.04B,0.0,$7.32B,$1.24B,17.00%,$7.32B,$0.51B,6.97%,$7.32B,$0.51B,6.97%,$7.32B,$0.54B,7.34%,$7.32B,$0.52B,7.15%,$7.32B,$0.32B,4.43%,$0.32B,$1.04B,31.89%,$0.32B,$0.75B,45.70%,$0.32B,$1.81B,18.49%,$0.51B,$1.04B,50.20%,$1952,$1629,$323,$0,$190,$1819,$133,$3,$136,$51,$85,$85,$85,$140,$133,$170,174,$0.50,$0.49,$455,$0,$0,$1389,$102,$0,$293,$11,$422,$1811,$758,$0,$10,$11,$769,$17,$1003,$0,$1042,$1811,$324,$27,$36,$64,$-153,$0,$70,$-5,$-79,$308,$-44,$0,$-22,$0,$10,$10,$-0,$-56,$0,$0,$0,$-154,$-154,$-125,$17,$-262,$-10,$38,$-125
44,2007-09-30,43.21,$5.99,7.22,$40.21,1.07,$3.25,13.29,$1.78,24.28,$1.37B,$0.75B,1.83,$0.00B,$1.03B,0.0,$7.01B,$1.20B,17.13%,$7.01B,$0.49B,6.95%,$7.01B,$0.49B,6.95%,$7.01B,$0.51B,7.34%,$7.01B,$0.50B,7.15%,$7.01B,$0.31B,4.44%,$0.31B,$1.03B,31.37%,$0.31B,$0.71B,45.19%,$0.31B,$1.79B,18.21%,$0.49B,$1.03B,49.12%,$1865,$1552,$313,$0,$181,$1733,$132,$3,$135,$52,$84,$84,$84,$139,$132,$170,173,$0.49,$0.48,$411,$0,$0,$1369,$97,$0,$319,$0,$416,$1785,$749,$0,$9,$10,$759,$17,$956,$1,$1026,$1785,$239,$20,$31,$52,$-178,$0,$84,$-4,$-111,$180,$-32,$0,$-22,$0,$-3,$-3,$-0,$-57,$0,$0,$0,$-108,$-108,$-94,$13,$-189,$-67,$32,$-94
45,2007-06-30,41.65,$5.86,7.11,$39.25,1.06,$3.53,11.79,$1.70,24.5,$1.33B,$0.71B,1.87,$0.00B,$1.01B,0.0,$6.86B,$1.17B,16.99%,$6.86B,$0.47B,6.80%,$6.86B,$0.47B,6.80%,$6.86B,$0.49B,7.18%,$6.86B,$0.48B,7.00%,$6.86B,$0.30B,4.33%,$0.30B,$1.01B,30.80%,$0.30B,$0.70B,44.43%,$0.30B,$1.73B,17.91%,$0.47B,$1.01B,48.33%,$1880,$1569,$311,$0,$181,$1750,$130,$3,$133,$51,$82,$82,$82,$136,$130,$171,174,$0.48,$0.47,$420,$0,$0,$1326,$94,$0,$309,$0,$403,$1729,$711,$0,$8,$10,$720,$17,$903,$2,$1009,$1729,$155,$13,$21,$34,$-119,$0,$75,$-8,$-94,$96,$-24,$0,$-9,$0,$-7,$-7,$-0,$-39,$0,$0,$0,$-66,$-66,$-63,$10,$-118,$-60,$24,$-63
46,2007-03-31,37.98,$5.72,6.64,$38.17,0.99,$3.69,10.3,$1.61,23.59,$1.29B,$0.69B,1.88,$0.00B,$0.99B,0.0,$6.68B,$1.13B,16.85%,$6.68B,$0.44B,6.59%,$6.68B,$0.44B,6.59%,$6.68B,$0.47B,6.98%,$6.68B,$0.45B,6.80%,$6.68B,$0.28B,4.22%,$0.28B,$0.99B,30.27%,$0.28B,$0.68B,43.99%,$0.28B,$1.68B,17.54%,$0.44B,$0.99B,47.24%,$1619,$1322,$297,$0,$182,$1504,$115,$4,$119,$46,$73,$73,$73,$122,$115,$171,175,$0.43,$0.42,$463,$0,$0,$1292,$86,$0,$306,$0,$393,$1684,$688,$0,$8,$9,$697,$17,$852,$1,$987,$1684,$73,$7,$17,$23,$-39,$0,$44,$-9,$-41,$55,$-10,$0,$-9,$0,$-1,$-1,$0,$-21,$0,$0,$0,$-23,$-23,$-31,$6,$-48,$-13,$12,$-31
47,2006-12-31,32.2,$5.47,5.89,$37.46,0.86,$3.71,8.67,$1.52,21.19,$1.26B,$0.69B,1.83,$0.00B,$0.94B,0.0,$6.56B,$1.08B,16.52%,$6.56B,$0.42B,6.36%,$6.56B,$0.42B,6.36%,$6.56B,$0.44B,6.74%,$6.56B,$0.43B,6.56%,$6.56B,$0.27B,4.07%,$0.27B,$0.94B,29.83%,$0.27B,$0.67B,43.24%,$0.27B,$1.63B,17.30%,$0.42B,$0.94B,46.59%,$1643,$1364,$279,$0,$168,$1532,$110,$3,$114,$42,$72,$72,$72,$117,$110,$171,175,$0.42,$0.42,$473,$0,$0,$1256,$82,$0,$278,$9,$376,$1632,$687,$0,$0,$1,$688,$17,$808,$-0,$944,$1632,$267,$24,$46,$70,$-55,$0,$58,$-1,$7,$343,$-42,$0,$-40,$0,$-1,$-1,$1,$-81,$0,$0,$0,$-67,$-67,$-91,$12,$-146,$118,$47,$-91
