,Date,Stock Price,Book Value per Share,Price to Book Ratio,TTM Sales per Share,Price to Sales Ratio,TTM FCF per Share,Price to FCF Ratio,TTM Net EPS,PE Ratio,Current Assets,Current Liabilities,Current Ratio,Long Term Debt,Shareholder's Equity_x,Debt to Equity Ratio,TTM Revenue_x,TTM Gross Profit,Gross Margin,TTM Revenue_y,TTM Operating Income,Operating Margin,TTM Revenue_x,TTM EBIT,EBIT Margin,TTM Revenue_y,TTM EBITDA,EBITDA Margin,TTM Revenue_x,TTM Pre-Tax Income,Pre-Tax Margin,TTM Revenue_y,TTM Net Income_x,Net Margin,TTM Net Income_y,Shareholder's Equity_y,Return on Equity,TTM Net Income_x,Tangible Equity,Return on Tangible Equity,TTM Net Income_y,Total Assets,Return on Assets,TTM Net Income,LT Investments & Debt,Return on Investment,revenue,cost-goods-sold,gross-profit,research-development-expenses,selling-general-administrative-expenses,operating-expenses,operating-income,total-non-operating-income-expense,pre-tax-income,total-provision-income-taxes,income-after-taxes,income-from-continuous-operations,net-income,ebitda,ebit,basic-shares-outstanding,shares-outstanding,eps-basic-net-earnings-per-share,eps-earnings-per-share-diluted,cash-on-hand,inventory,other-current-assets,total-current-assets,net-property-plant-equipment,long-term-investments,goodwill-intangible-assets-total,other-long-term-assets,total-long-term-assets,total-assets,total-current-liabilities,long-term-debt,other-non-current-liabilities,total-long-term-liabilities,total-liabilities,common-stock-net,retained-earnings-accumulated-deficit,comprehensive-income,total-share-holder-equity,total-liabilities-share-holders-equity,net-income-loss,total-depreciation-amortization-cash-flow,other-non-cash-items,total-non-cash-items,change-in-accounts-receivable,change-in-inventories,change-in-accounts-payable,change-in-assets-liabilities,total-change-in-assets-liabilities,cash-flow-from-operating-activities,net-change-in-property-plant-equipment,net-change-in-intangible-assets,net-acquisitions-divestitures,net-change-in-short-term-investments,net-change-in-long-term-investments,net-change-in-investments-total,investing-activities-other,cash-flow-from-investing-activities,net-long-term-debt,net-current-debt,debt-issuance-retirement-net-total,net-common-equity-issued-repurchased,net-total-equity-issued-repurchased,total-common-preferred-stock-dividends-paid,financial-activities-other,cash-flow-from-financial-activities,net-cash-flow,stock-based-compensation,common-stock-dividends-paid
0,2018-07-31,8.7,$5.10,1.71,$17.79,0.49,$2.54,3.43,$0.71,12.25,$0.52B,$0.26B,2.01,$0.06B,$0.64B,0.1,$2.23B,$0.84B,37.85%,$2.23B,$0.12B,5.30%,$2.23B,$0.12B,5.30%,$2.23B,$0.21B,9.43%,$2.23B,$0.12B,5.21%,$2.23B,$0.09B,4.09%,$0.09B,$0.64B,14.04%,$0.09B,$0.51B,17.75%,$0.09B,$1.06B,8.38%,$0.12B,$0.70B,16.76%,$545,$348,$197,$0,$174,$522,$23,$-0,$22,$6,$17,$17,$17,$46,$23,$125,125,$0.13,$0.13,$239,$224,$0,$521,$394,$0,$136,$13,$543,$1063,$259,$61,$97,$163,$422,$1,$608,$-0,$641,$1063,$46,$46,$-1,$45,$0,$9,$10,$6,$9,$100,$-20,$0,$0,$-2,$0,$-2,$0,$-21,$-8,$0,$-8,$-28,$-28,$-22,$-3,$-61,$18,$10,$-22
1,2018-04-30,9.83,$5.11,1.92,$18.03,0.55,$2.29,4.29,$0.76,12.94,$0.56B,$0.30B,1.88,$0.05B,$0.66B,0.08,$2.26B,$0.86B,37.82%,$2.26B,$0.13B,5.75%,$2.26B,$0.13B,5.75%,$2.26B,$0.22B,9.91%,$2.26B,$0.13B,5.71%,$2.26B,$0.10B,4.29%,$0.10B,$0.66B,15.10%,$0.10B,$0.53B,19.12%,$0.10B,$1.12B,8.92%,$0.13B,$0.71B,18.61%,$562,$335,$227,$0,$186,$521,$40,$-0,$40,$11,$29,$29,$29,$63,$40,$125,125,$0.23,$0.23,$255,$254,$0,$562,$408,$0,$136,$11,$554,$1116,$299,$50,$99,$156,$455,$1,$602,$-0,$661,$1116,$29,$22,$-0,$22,$0,$-21,$9,$12,$11,$62,$-10,$0,$0,$-1,$0,$-1,$0,$-11,$-4,$0,$-4,$1,$1,$-11,$-3,$-17,$33,$5,$-11
2,2018-01-31,9.32,$5.15,1.81,$18.18,0.51,$1.93,4.82,$0.79,11.8,$0.52B,$0.27B,1.93,$0.05B,$0.66B,0.08,$2.28B,$0.87B,37.89%,$2.28B,$0.15B,6.35%,$2.28B,$0.15B,6.35%,$2.28B,$0.24B,10.56%,$2.28B,$0.14B,6.26%,$2.28B,$0.10B,4.47%,$0.10B,$0.66B,16.18%,$0.10B,$0.52B,20.60%,$0.10B,$1.09B,9.41%,$0.15B,$0.71B,21.01%,$588,$366,$222,$0,$192,$558,$30,$-0,$29,$1,$28,$28,$28,$52,$30,$125,125,$0.22,$0.22,$220,$234,$0,$515,$421,$0,$136,$16,$573,$1088,$267,$54,$103,$164,$431,$1,$600,$-0,$656,$1088,$101,$96,$6,$102,$-0,$-1,$2,$-5,$-36,$167,$-49,$0,$0,$-10,$0,$-10,$0,$-58,$-16,$0,$-16,$-25,$-25,$-43,$-7,$-91,$18,$21,$-43
3,2017-10-31,7.76,$4.97,1.56,$18.14,0.43,$2.54,3.06,$0.67,11.58,$0.50B,$0.27B,1.86,$0.06B,$0.64B,0.09,$2.30B,$0.86B,37.28%,$2.30B,$0.14B,5.92%,$2.30B,$0.14B,5.92%,$2.30B,$0.24B,10.32%,$2.30B,$0.14B,5.88%,$2.30B,$0.09B,3.83%,$0.09B,$0.64B,14.22%,$0.09B,$0.50B,18.21%,$0.09B,$1.08B,8.08%,$0.14B,$0.69B,19.93%,$532,$336,$197,$0,$171,$507,$25,$-0,$25,$8,$17,$17,$17,$49,$25,$125,125,$0.13,$0.13,$186,$265,$0,$500,$425,$0,$136,$17,$577,$1077,$268,$57,$108,$173,$442,$1,$582,$0,$635,$1077,$73,$74,$4,$78,$1,$-33,$19,$5,$-56,$95,$-27,$0,$0,$-10,$0,$-10,$0,$-37,$-13,$0,$-13,$-24,$-24,$-32,$-6,$-74,$-16,$15,$-32
4,2017-07-31,8.8,$4.82,1.83,$18.51,0.48,$2.84,3.1,$0.72,12.22,$0.47B,$0.26B,1.78,$0.06B,$0.62B,0.1,$2.36B,$0.89B,37.65%,$2.36B,$0.14B,6.01%,$2.36B,$0.14B,6.01%,$2.36B,$0.25B,10.42%,$2.36B,$0.14B,5.97%,$2.36B,$0.10B,4.02%,$0.10B,$0.62B,15.45%,$0.10B,$0.48B,19.83%,$0.10B,$1.07B,8.65%,$0.14B,$0.68B,20.81%,$579,$369,$209,$0,$174,$543,$35,$-0,$35,$12,$23,$23,$23,$60,$35,$126,126,$0.18,$0.18,$186,$235,$0,$471,$444,$0,$136,$17,$596,$1067,$264,$61,$112,$185,$449,$1,$566,$0,$618,$1067,$56,$50,$4,$54,$0,$-3,$-1,$5,$-43,$67,$-18,$0,$0,$-0,$0,$-0,$0,$-19,$-9,$0,$-9,$-20,$-20,$-21,$-6,$-56,$-7,$10,$-21
5,2017-04-30,13.17,$4.74,2.78,$18.82,0.7,$3.19,4.12,$0.71,18.55,$0.49B,$0.30B,1.65,$0.07B,$0.61B,0.11,$2.42B,$0.92B,38.09%,$2.42B,$0.15B,6.00%,$2.42B,$0.15B,6.00%,$2.42B,$0.25B,10.38%,$2.42B,$0.14B,5.91%,$2.42B,$0.10B,3.93%,$0.10B,$0.61B,15.50%,$0.10B,$0.48B,19.93%,$0.10B,$1.11B,8.55%,$0.15B,$0.68B,21.19%,$584,$346,$237,$0,$183,$529,$55,$-0,$54,$21,$34,$34,$34,$80,$55,$126,126,$0.26,$0.26,$170,$274,$0,$491,$461,$0,$136,$18,$615,$1106,$297,$65,$116,$195,$492,$1,$553,$-0,$613,$1106,$34,$25,$7,$32,$0,$-42,$6,$6,$-49,$17,$-10,$0,$0,$-0,$0,$-0,$0,$-10,$-5,$0,$-5,$-8,$-8,$-11,$-6,$-30,$-23,$6,$-11
6,2017-01-31,12.78,$4.73,2.7,$19.07,0.67,$3.29,3.89,$0.68,18.79,$0.48B,$0.30B,1.58,$0.07B,$0.61B,0.11,$2.48B,$0.95B,38.19%,$2.48B,$0.14B,5.69%,$2.48B,$0.14B,5.69%,$2.48B,$0.25B,10.09%,$2.48B,$0.14B,5.61%,$2.48B,$0.09B,3.71%,$0.09B,$0.61B,15.01%,$0.09B,$0.47B,19.29%,$0.09B,$1.11B,8.22%,$0.14B,$0.68B,20.49%,$601,$387,$213,$0,$192,$579,$21,$-0,$21,$7,$14,$14,$14,$48,$21,$129,129,$0.11,$0.11,$193,$232,$0,$478,$477,$0,$136,$18,$631,$1109,$303,$69,$119,$197,$500,$1,$541,$-0,$609,$1109,$91,$109,$5,$114,$27,$1,$-13,$-8,$26,$231,$-32,$0,$0,$-0,$0,$-0,$0,$-32,$-8,$0,$-8,$-92,$-92,$-42,$-6,$-147,$52,$21,$-42
7,2016-10-31,11.0,$4.79,2.3,$18.98,0.58,$2.64,4.17,$0.42,26.19,$0.46B,$0.28B,1.62,$0.08B,$0.62B,0.12,$2.51B,$0.95B,37.88%,$2.51B,$0.11B,4.23%,$2.51B,$0.11B,4.23%,$2.51B,$0.22B,8.61%,$2.51B,$0.10B,4.11%,$2.51B,$0.06B,2.27%,$0.06B,$0.62B,9.19%,$0.06B,$0.48B,11.76%,$0.06B,$1.11B,5.03%,$0.11B,$0.69B,15.16%,$597,$367,$230,$0,$188,$566,$31,$-1,$31,$7,$24,$24,$24,$58,$31,$129,129,$0.18,$0.18,$131,$261,$0,$461,$496,$0,$136,$18,$650,$1110,$284,$75,$123,$207,$491,$1,$538,$-0,$619,$1110,$78,$83,$-0,$82,$26,$-28,$-4,$-6,$-15,$145,$-36,$0,$0,$-0,$0,$-0,$0,$-36,$-8,$0,$-8,$-74,$-74,$-32,$-5,$-118,$-10,$15,$-32
8,2016-07-31,11.25,$4.62,2.44,$19.09,0.59,$2.26,4.98,$0.15,74.98,$0.45B,$0.30B,1.51,$0.08B,$0.61B,0.13,$2.56B,$0.97B,37.91%,$2.56B,$0.05B,1.92%,$2.56B,$0.05B,1.92%,$2.56B,$0.21B,8.06%,$2.56B,$0.05B,1.80%,$2.56B,$0.02B,0.82%,$0.02B,$0.61B,3.27%,$0.02B,$0.47B,4.15%,$0.02B,$1.12B,1.80%,$0.05B,$0.69B,6.77%,$636,$395,$241,$0,$187,$598,$38,$-0,$37,$14,$23,$23,$23,$65,$38,$129,129,$0.17,$0.17,$151,$236,$0,$452,$515,$0,$136,$19,$670,$1121,$299,$77,$126,$213,$512,$1,$514,$0,$610,$1121,$54,$55,$-4,$52,$26,$-2,$-3,$-3,$16,$122,$-25,$0,$0,$-0,$0,$-0,$0,$-26,$-5,$0,$-5,$-55,$-55,$-21,$-4,$-86,$11,$10,$-21
9,2016-04-30,11.73,$4.63,2.53,$19.11,0.61,$2.01,5.84,$0.00,0.0,$0.45B,$0.30B,1.52,$0.08B,$0.61B,0.13,$2.61B,$0.99B,38.10%,$2.61B,$-0.02B,-0.58%,$2.61B,$-0.02B,-0.58%,$2.61B,$0.21B,8.17%,$2.61B,$-0.02B,-0.65%,$2.61B,0,0.00%,$0.00B,$0.61B,0.00%,$0.00B,$0.48B,0.00%,$0.00B,$1.14B,0.00%,$-0.02B,$0.69B,-2.00%,$643,$381,$262,$0,$208,$592,$51,$-0,$50,$19,$31,$31,$31,$79,$51,$132,132,$0.23,$0.23,$107,$268,$17,$451,$535,$0,$136,$14,$686,$1136,$297,$80,$129,$226,$523,$1,$502,$0,$613,$1136,$31,$28,$1,$29,$0,$-34,$5,$-4,$-28,$33,$-13,$0,$0,$-0,$0,$-0,$0,$-13,$-3,$0,$-3,$-35,$-35,$-11,$-4,$-53,$-33,$6,$-11
10,2016-01-31,9.6,$4.72,2.03,$19.08,0.5,$2.01,4.77,$-0.01,0.0,$0.47B,$0.30B,1.56,$0.08B,$0.64B,0.13,$2.66B,$1.03B,38.59%,$2.66B,$-0.01B,-0.49%,$2.66B,$-0.01B,-0.49%,$2.66B,$0.22B,8.15%,$2.66B,$-0.02B,-0.56%,$2.66B,$0.00B,0.08%,$0.00B,$0.64B,0.29%,$0.00B,$0.50B,0.38%,$0.00B,$1.17B,0.16%,$-0.01B,$0.72B,-1.67%,$632,$414,$217,$0,$217,$646,$-14,$-0,$-15,$6,$-21,$-21,$-21,$14,$-14,$138,139,$-0.14,$-0.14,$140,$234,$17,$465,$551,$0,$136,$14,$701,$1166,$298,$82,$131,$228,$526,$1,$492,$0,$640,$1166,$2,$231,$-2,$229,$-29,$-7,$-12,$0,$-31,$200,$-76,$0,$0,$76,$0,$76,$0,$0,$93,$0,$93,$-279,$-279,$-44,$-13,$-243,$-43,$30,$-44
11,2015-10-31,12.69,$5.07,2.5,$19.06,0.67,$2.21,5.75,$-0.06,0.0,$0.52B,$0.31B,1.7,$0.09B,$0.71B,0.12,$2.71B,$0.75B,27.58%,$2.71B,$-0.04B,-1.29%,$2.71B,$-0.04B,-1.29%,$2.71B,$0.23B,8.43%,$2.71B,$-0.04B,-1.33%,$2.71B,$-0.01B,-0.33%,$-0.01B,$0.71B,-1.17%,$-0.01B,$0.57B,-1.57%,$-0.01B,$1.25B,-0.68%,$-0.04B,$0.79B,-4.20%,$645,$396,$249,$0,$226,$671,$-26,$-0,$-26,$-15,$-12,$-12,$-12,$48,$-26,$136,136,$-0.09,$-0.09,$139,$269,$42,$521,$556,$0,$136,$41,$732,$1253,$307,$85,$135,$240,$547,$1,$524,$1,$706,$1253,$23,$203,$-27,$175,$-16,$-45,$7,$-12,$-68,$130,$-67,$0,$0,$79,$0,$79,$0,$13,$95,$0,$95,$-250,$-250,$-33,$3,$-185,$-42,$21,$-33
12,2015-07-31,13.9,$5.10,2.73,$18.79,0.74,$2.30,6.05,$0.20,69.5,$0.54B,$0.32B,1.72,$0.09B,$0.71B,0.12,$2.73B,$0.86B,31.58%,$2.73B,$0.03B,1.21%,$2.73B,$0.03B,1.21%,$2.73B,$0.25B,9.24%,$2.73B,$0.03B,1.17%,$2.73B,$0.03B,1.06%,$0.03B,$0.71B,3.47%,$0.03B,$0.58B,4.80%,$0.03B,$1.27B,2.10%,$0.03B,$0.80B,3.75%,$686,$421,$265,$0,$207,$711,$-26,$-1,$-26,$-28,$2,$2,$2,$72,$-26,$139,139,$0.02,$0.02,$157,$239,$86,$544,$564,$0,$136,$23,$722,$1266,$316,$87,$139,$240,$556,$1,$536,$1,$710,$1266,$35,$129,$-16,$113,$-11,$-15,$-3,$-8,$-35,$112,$-43,$0,$0,$79,$0,$79,$0,$36,$98,$0,$98,$-250,$-250,$-22,$2,$-172,$-24,$14,$-22
13,2015-04-30,15.33,$4.97,3.08,$18.35,0.84,$2.40,6.37,$0.38,40.33,$0.49B,$0.35B,1.39,$0.09B,$0.71B,0.13,$2.71B,$0.95B,34.93%,$2.71B,$0.11B,3.91%,$2.71B,$0.11B,3.91%,$2.71B,$0.26B,9.48%,$2.71B,$0.11B,3.87%,$2.71B,$0.06B,2.07%,$0.06B,$0.71B,6.25%,$0.06B,$0.46B,8.97%,$0.06B,$1.35B,3.93%,$0.11B,$0.80B,11.55%,$698,$402,$296,$0,$228,$645,$53,$-0,$52,$20,$33,$33,$33,$83,$53,$143,144,$0.22,$0.22,$146,$270,$24,$490,$585,$0,$254,$18,$857,$1346,$352,$90,$142,$281,$634,$1,$545,$0,$712,$1346,$33,$31,$7,$38,$0,$-35,$-9,$-3,$-29,$42,$-20,$0,$0,$78,$0,$78,$0,$58,$124,$0,$124,$-250,$-250,$-11,$2,$-135,$-36,$8,$-11
14,2015-01-31,15.1,$6.17,2.45,$18.07,0.84,$2.47,6.1,$0.42,35.95,$0.56B,$0.30B,1.84,$0.00B,$0.94B,0.0,$2.70B,$1.03B,38.37%,$2.70B,$0.12B,4.34%,$2.70B,$0.12B,4.34%,$2.70B,$0.27B,9.94%,$2.70B,$0.12B,4.34%,$2.70B,$0.06B,2.30%,$0.06B,$0.94B,6.53%,$0.06B,$0.69B,9.25%,$0.06B,$1.44B,4.29%,$0.12B,$0.94B,12.32%,$676,$740,$-64,$0,$-74,$712,$-36,$0,$-36,$-5,$-32,$-32,$-32,$25,$-36,$149,149,$-0.21,$-0.21,$260,$235,$17,$558,$606,$0,$255,$19,$880,$1439,$303,$0,$142,$192,$495,$2,$534,$1,$944,$1439,$65,$152,$5,$157,$0,$3,$13,$-3,$60,$282,$-120,$0,$0,$-11,$0,$-11,$0,$-130,$0,$0,$0,$-12,$-12,$-46,$2,$-56,$97,$26,$-46
15,2014-10-31,13.58,$6.41,2.12,$17.45,0.78,$2.01,6.75,$0.63,21.56,$0.54B,$0.31B,1.74,$0.00B,$0.98B,0.0,$2.63B,$1.41B,53.56%,$2.63B,$0.16B,6.09%,$2.63B,$0.16B,6.09%,$2.63B,$0.35B,13.43%,$2.63B,$0.16B,6.09%,$2.63B,$0.09B,3.58%,$0.09B,$0.98B,9.99%,$0.09B,$0.69B,14.40%,$0.09B,$1.48B,6.59%,$0.16B,$0.98B,17.00%,$666,$302,$364,$0,$322,$623,$42,$0,$42,$16,$26,$26,$26,$72,$42,$149,149,$0.17,$0.17,$191,$294,$0,$538,$641,$0,$286,$13,$940,$1478,$309,$0,$147,$189,$498,$2,$578,$0,$980,$1478,$96,$91,$-4,$87,$0,$-56,$31,$-5,$-2,$181,$-98,$0,$0,$-8,$0,$-8,$0,$-106,$0,$0,$0,$-12,$-12,$-34,$2,$-44,$31,$20,$-34
16,2014-07-31,14.17,$6.19,2.29,$17.21,0.82,$1.85,7.65,$0.28,50.62,$0.50B,$0.30B,1.68,$0.00B,$0.95B,0.0,$2.62B,$1.41B,53.76%,$2.62B,$0.10B,3.86%,$2.62B,$0.10B,3.86%,$2.62B,$0.29B,11.23%,$2.62B,$0.10B,3.86%,$2.62B,$0.04B,1.53%,$0.04B,$0.95B,4.19%,$0.04B,$0.66B,6.01%,$0.04B,$1.43B,2.79%,$0.10B,$0.95B,10.57%,$671,$320,$351,$0,$305,$624,$47,$-0,$47,$17,$30,$30,$29,$77,$47,$149,149,$0.20,$0.20,$209,$238,$0,$497,$636,$0,$287,$11,$934,$1431,$297,$0,$142,$189,$486,$2,$551,$0,$946,$1431,$70,$60,$-2,$58,$0,$0,$13,$-2,$25,$153,$-63,$0,$0,$22,$0,$22,$0,$-41,$0,$0,$0,$-12,$-12,$-23,$1,$-34,$78,$13,$-23
17,2014-04-30,14.17,$6.07,2.34,$16.83,0.84,$1.70,8.33,$0.35,40.49,$0.49B,$0.30B,1.62,$0.00B,$0.93B,0.0,$2.60B,$1.41B,54.39%,$2.60B,$0.12B,4.77%,$2.60B,$0.12B,4.77%,$2.60B,$0.32B,12.16%,$2.60B,$0.12B,4.77%,$2.60B,$0.05B,2.04%,$0.05B,$0.93B,5.34%,$0.05B,$0.64B,7.75%,$0.05B,$1.43B,3.61%,$0.12B,$0.93B,12.50%,$682,$299,$383,$0,$319,$618,$64,$0,$64,$24,$40,$40,$39,$94,$64,$148,149,$0.26,$0.26,$172,$269,$0,$492,$637,$0,$289,$10,$935,$1428,$304,$0,$144,$193,$498,$2,$542,$0,$930,$1428,$40,$30,$-0,$30,$0,$-31,$6,$-2,$-2,$67,$-35,$0,$0,$25,$0,$25,$0,$-9,$0,$0,$0,$-3,$-3,$-11,$1,$-14,$44,$6,$-11
18,2014-01-31,14.75,$5.97,2.47,$16.46,0.9,$1.66,8.88,$0.40,36.86,$0.44B,$0.27B,1.62,$0.00B,$0.91B,0.0,$2.59B,$1.42B,54.77%,$2.59B,$0.14B,5.45%,$2.59B,$0.14B,5.45%,$2.59B,$0.33B,12.83%,$2.59B,$0.14B,5.45%,$2.59B,$0.06B,2.47%,$0.06B,$0.91B,6.23%,$0.06B,$0.62B,9.14%,$0.06B,$1.37B,4.25%,$0.14B,$0.91B,13.72%,$610,$301,$310,$0,$302,$603,$7,$0,$7,$8,$-0,$-0,$0,$110,$7,$155,156,$0.01,$0.01,$152,$238,$0,$441,$631,$0,$290,$9,$930,$1371,$273,$0,$139,$189,$462,$2,$525,$0,$909,$1371,$66,$191,$18,$209,$0,$-31,$2,$-0,$-38,$237,$-139,$0,$0,$156,$0,$156,$0,$18,$0,$0,$0,$-239,$-239,$-38,$2,$-275,$-20,$27,$-38
19,2013-10-31,15.17,$6.53,2.32,$16.52,0.92,$2.27,6.68,$0.59,25.72,$0.57B,$0.27B,2.09,$0.00B,$1.04B,0.0,$2.63B,$1.45B,55.31%,$2.63B,$0.18B,6.96%,$2.63B,$0.18B,6.96%,$2.63B,$0.30B,11.37%,$2.63B,$0.18B,6.96%,$2.63B,$0.10B,3.61%,$0.10B,$1.04B,8.85%,$0.10B,$0.75B,13.06%,$0.10B,$1.51B,6.10%,$0.18B,$1.04B,17.04%,$656,$292,$364,$0,$309,$673,$-17,$0,$-17,$12,$-28,$-28,$-28,$13,$-17,$155,155,$-0.18,$-0.18,$250,$267,$0,$573,$635,$0,$291,$9,$935,$1508,$274,$0,$144,$197,$472,$2,$662,$0,$1036,$1508,$66,$88,$85,$173,$0,$-61,$23,$-2,$-64,$175,$-113,$0,$0,$75,$0,$75,$0,$-38,$0,$0,$0,$-116,$-116,$-27,$1,$-141,$-4,$20,$-27
20,2013-07-31,15.1,$6.80,2.22,$16.17,0.93,$2.91,5.19,$1.02,14.81,$0.57B,$0.28B,2.04,$0.00B,$1.09B,0.0,$2.61B,$1.45B,55.71%,$2.61B,$0.27B,10.23%,$2.61B,$0.27B,10.23%,$2.61B,$0.38B,14.56%,$2.61B,$0.27B,10.23%,$2.61B,$0.16B,6.28%,$0.16B,$1.09B,14.95%,$0.16B,$0.73B,22.42%,$0.16B,$1.57B,10.33%,$0.27B,$1.09B,24.33%,$650,$293,$356,$0,$286,$580,$70,$0,$70,$26,$44,$44,$42,$99,$70,$157,158,$0.27,$0.27,$302,$211,$0,$570,$623,$0,$365,$8,$996,$1566,$280,$0,$142,$193,$473,$2,$726,$0,$1093,$1566,$95,$59,$9,$67,$0,$-4,$1,$-3,$-19,$143,$-72,$0,$0,$64,$0,$64,$0,$-8,$0,$0,$0,$-82,$-82,$-18,$1,$-99,$37,$14,$-18
21,2013-04-30,16.06,$6.61,2.43,$15.94,1.01,$3.35,4.8,$1.07,15.01,$0.59B,$0.31B,1.88,$0.00B,$1.07B,0.0,$2.60B,$1.46B,56.11%,$2.60B,$0.28B,10.88%,$2.60B,$0.28B,10.88%,$2.60B,$0.39B,15.10%,$2.60B,$0.28B,10.88%,$2.60B,$0.17B,6.69%,$0.17B,$1.07B,15.90%,$0.17B,$0.71B,23.92%,$0.17B,$1.58B,10.98%,$0.28B,$1.07B,25.86%,$671,$284,$387,$0,$305,$590,$81,$0,$81,$30,$51,$51,$50,$110,$81,$159,160,$0.31,$0.31,$288,$243,$0,$587,$614,$0,$365,$8,$988,$1575,$312,$0,$138,$190,$502,$2,$716,$0,$1073,$1575,$51,$29,$7,$36,$0,$-37,$14,$2,$-23,$63,$-35,$0,$0,$70,$0,$70,$0,$35,$0,$0,$0,$-62,$-62,$-9,$1,$-70,$29,$7,$-9
22,2013-01-31,15.71,$6.72,2.34,$15.69,1.0,$3.75,4.19,$1.08,14.55,$0.60B,$0.30B,1.98,$0.00B,$1.09B,0.0,$2.58B,$1.45B,56.24%,$2.58B,$0.29B,11.15%,$2.58B,$0.29B,11.15%,$2.58B,$0.40B,15.30%,$2.58B,$0.29B,11.19%,$2.58B,$0.18B,6.86%,$0.18B,$1.09B,16.23%,$0.18B,$0.73B,24.50%,$0.18B,$1.58B,11.22%,$0.29B,$1.09B,26.42%,$652,$305,$347,$0,$296,$603,$49,$0,$49,$18,$32,$32,$31,$77,$49,$163,164,$0.20,$0.19,$329,$207,$0,$598,$608,$0,$366,$8,$983,$1581,$302,$0,$132,$185,$487,$2,$743,$0,$1093,$1581,$180,$108,$0,$109,$0,$-12,$29,$-4,$79,$368,$-165,$0,$0,$-84,$0,$-84,$0,$-248,$0,$0,$0,$-95,$-95,$-35,$8,$-122,$-2,$26,$-35
23,2012-10-31,16.25,$6.79,2.39,$15.06,1.08,$3.23,5.03,$1.04,15.63,$0.66B,$0.32B,2.1,$0.00B,$1.13B,0.0,$2.50B,$1.40B,56.14%,$2.50B,$0.28B,11.12%,$2.50B,$0.28B,11.12%,$2.50B,$0.38B,15.33%,$2.50B,$0.28B,11.16%,$2.50B,$0.17B,6.84%,$0.17B,$1.13B,15.99%,$0.17B,$0.76B,24.42%,$0.17B,$1.63B,11.11%,$0.28B,$1.13B,26.00%,$637,$272,$364,$0,$297,$570,$67,$0,$67,$25,$42,$42,$41,$94,$67,$163,164,$0.25,$0.25,$371,$234,$0,$663,$591,$0,$368,$7,$966,$1629,$316,$0,$133,$182,$498,$2,$790,$0,$1130,$1629,$149,$80,$-6,$74,$0,$-40,$37,$2,$67,$290,$-120,$0,$0,$-104,$0,$-104,$0,$-224,$0,$0,$0,$-27,$-27,$-26,$7,$-46,$20,$19,$-26
24,2012-07-31,13.35,$6.52,2.05,$14.40,0.93,$4.74,2.82,$0.95,14.05,$0.60B,$0.29B,2.06,$0.00B,$1.08B,0.0,$2.40B,$1.34B,55.85%,$2.40B,$0.25B,10.54%,$2.40B,$0.25B,10.54%,$2.40B,$0.36B,14.83%,$2.40B,$0.26B,10.62%,$2.40B,$0.16B,6.50%,$0.16B,$1.08B,15.00%,$0.16B,$0.71B,23.30%,$0.16B,$1.55B,10.42%,$0.25B,$1.08B,24.33%,$642,$280,$362,$0,$276,$556,$86,$0,$86,$33,$53,$53,$52,$112,$86,$164,165,$0.32,$0.32,$358,$192,$0,$602,$577,$0,$369,$7,$952,$1554,$292,$0,$130,$181,$472,$2,$760,$0,$1082,$1554,$107,$53,$-3,$49,$0,$3,$31,$6,$69,$226,$-79,$0,$0,$-60,$0,$-60,$0,$-138,$0,$0,$0,$-23,$-23,$-18,$3,$-37,$51,$11,$-18
25,2012-04-30,13.34,$6.30,2.12,$13.70,0.97,$4.24,3.15,$0.88,15.15,$0.61B,$0.31B,1.94,$0.00B,$1.06B,0.0,$2.31B,$1.29B,55.76%,$2.31B,$0.24B,10.22%,$2.31B,$0.24B,10.22%,$2.31B,$0.34B,14.59%,$2.31B,$0.24B,10.30%,$2.31B,$0.15B,6.36%,$0.15B,$1.06B,14.28%,$0.15B,$0.69B,20.47%,$0.15B,$1.55B,10.04%,$0.24B,$1.06B,22.92%,$651,$272,$379,$0,$292,$564,$86,$0,$87,$33,$54,$54,$53,$112,$86,$164,165,$0.32,$0.32,$341,$214,$0,$605,$565,$0,$370,$7,$941,$1547,$313,$0,$128,$178,$490,$2,$741,$0,$1056,$1547,$54,$26,$-3,$24,$0,$-19,$39,$3,$60,$137,$-41,$0,$0,$-5,$0,$-5,$0,$-46,$0,$0,$0,$3,$3,$-9,$3,$-3,$88,$5,$-9
26,2012-01-31,9.9,$6.09,1.63,$12.80,0.77,$4.00,2.48,$0.82,12.07,$0.50B,$0.24B,2.09,$0.00B,$1.01B,0.0,$2.20B,$1.23B,55.87%,$2.20B,$0.22B,10.15%,$2.20B,$0.22B,10.15%,$2.20B,$0.32B,14.66%,$2.20B,$0.22B,10.20%,$2.20B,$0.14B,6.33%,$0.14B,$1.01B,13.48%,$0.14B,$0.64B,17.87%,$0.14B,$1.43B,9.64%,$0.22B,$1.01B,21.62%,$569,$271,$298,$0,$259,$531,$39,$0,$39,$14,$25,$25,$25,$65,$39,$169,170,$0.15,$0.15,$248,$194,$0,$497,$550,$0,$371,$7,$928,$1425,$238,$0,$126,$178,$416,$2,$705,$0,$1009,$1425,$141,$99,$16,$115,$0,$-21,$-15,$-3,$-1,$255,$-132,$0,$-214,$345,$0,$345,$0,$-0,$0,$0,$0,$-179,$-179,$-34,$2,$-211,$44,$15,$-34
27,2011-10-31,10.64,$6.04,1.76,$12.13,0.88,$4.21,2.53,$0.79,13.47,$0.54B,$0.28B,1.95,$0.00B,$1.01B,0.0,$2.10B,$1.18B,56.23%,$2.10B,$0.22B,10.23%,$2.10B,$0.22B,10.23%,$2.10B,$0.31B,14.80%,$2.10B,$0.22B,10.28%,$2.10B,$0.13B,6.37%,$0.13B,$1.01B,12.82%,$0.13B,$0.64B,15.75%,$0.13B,$1.47B,9.31%,$0.22B,$1.01B,20.57%,$539,$237,$302,$0,$255,$497,$42,$1,$43,$16,$26,$26,$26,$67,$42,$167,168,$0.16,$0.16,$240,$248,$0,$544,$542,$0,$372,$7,$921,$1465,$279,$0,$126,$173,$453,$2,$713,$0,$1012,$1465,$116,$73,$9,$82,$0,$-73,$29,$-1,$-17,$181,$245,$0,$-213,$0,$0,$0,$0,$33,$0,$0,$0,$-154,$-154,$-26,$1,$-179,$35,$11,$-26
28,2011-07-31,12.94,$6.05,2.14,$11.64,1.11,$2.33,5.55,$0.79,16.38,$0.75B,$0.25B,3.06,$0.00B,$1.04B,0.0,$2.05B,$1.16B,56.45%,$2.05B,$0.22B,10.61%,$2.05B,$0.22B,10.61%,$2.05B,$0.31B,15.25%,$2.05B,$0.22B,10.65%,$2.05B,$0.14B,6.70%,$0.14B,$1.04B,13.00%,$0.14B,$0.91B,14.91%,$0.14B,$1.42B,9.61%,$0.22B,$1.04B,20.58%,$551,$242,$309,$0,$240,$482,$69,$0,$69,$26,$43,$43,$43,$93,$69,$171,172,$0.25,$0.25,$504,$191,$0,$752,$525,$0,$136,$6,$666,$1418,$246,$0,$127,$130,$376,$2,$746,$1,$1042,$1418,$89,$48,$4,$53,$0,$-31,$17,$-12,$-19,$123,$-56,$0,$0,$86,$0,$86,$0,$30,$0,$0,$0,$-95,$-95,$-18,$2,$-111,$41,$8,$-18
29,2011-04-30,12.49,$6.03,2.07,$11.05,1.13,$2.37,5.27,$0.71,17.6,$0.81B,$0.27B,2.99,$0.00B,$1.06B,0.0,$1.96B,$1.11B,56.38%,$1.96B,$0.20B,9.95%,$1.96B,$0.20B,9.95%,$1.96B,$0.29B,14.80%,$1.96B,$0.20B,10.05%,$1.96B,$0.12B,6.33%,$0.12B,$1.06B,11.78%,$0.12B,$0.93B,13.52%,$0.12B,$1.46B,8.74%,$0.20B,$1.06B,18.53%,$537,$219,$318,$0,$245,$464,$73,$0,$73,$27,$46,$46,$45,$97,$73,$175,176,$0.26,$0.26,$566,$199,$0,$810,$508,$0,$136,$7,$651,$1461,$271,$0,$128,$128,$398,$2,$772,$1,$1062,$1461,$46,$24,$-1,$23,$0,$-39,$14,$3,$8,$77,$-16,$0,$0,$91,$0,$91,$0,$75,$0,$0,$0,$-35,$-35,$-9,$1,$-43,$109,$4,$-9
30,2011-01-31,9.3,$5.99,1.55,$10.69,0.87,$2.39,3.9,$0.65,14.3,$0.76B,$0.22B,3.42,$0.00B,$1.07B,0.0,$1.91B,$1.07B,56.12%,$1.91B,$0.18B,9.29%,$1.91B,$0.18B,9.29%,$1.91B,$0.27B,14.23%,$1.91B,$0.18B,9.45%,$1.91B,$0.11B,5.98%,$0.11B,$1.07B,10.97%,$0.11B,$0.93B,12.62%,$0.11B,$1.42B,8.13%,$0.18B,$1.07B,17.04%,$475,$222,$253,$0,$222,$444,$31,$0,$31,$10,$21,$21,$20,$54,$31,$177,178,$0.12,$0.11,$549,$160,$0,$757,$517,$0,$136,$6,$659,$1416,$221,$0,$130,$130,$351,$2,$780,$0,$1065,$1416,$115,$94,$27,$121,$0,$-21,$27,$-9,$3,$240,$-73,$0,$0,$-148,$0,$-148,$0,$-221,$0,$0,$0,$-16,$-16,$-28,$3,$-41,$-22,$11,$-28
31,2010-10-31,8.25,$5.90,1.4,$10.46,0.79,$2.27,3.63,$0.63,13.09,$0.74B,$0.23B,3.23,$0.00B,$1.05B,0.0,$1.87B,$1.05B,56.48%,$1.87B,$0.17B,9.22%,$1.87B,$0.17B,9.22%,$1.87B,$0.27B,14.31%,$1.87B,$0.18B,9.38%,$1.87B,$0.11B,6.00%,$0.11B,$1.05B,11.00%,$0.11B,$0.91B,12.69%,$0.11B,$1.41B,8.13%,$0.17B,$1.05B,16.90%,$483,$208,$275,$0,$231,$439,$44,$0,$45,$16,$29,$29,$29,$68,$44,$176,177,$0.16,$0.16,$506,$179,$0,$740,$528,$0,$136,$5,$670,$1410,$229,$0,$133,$133,$362,$2,$767,$1,$1048,$1410,$95,$70,$27,$98,$-1,$-41,$22,$1,$-15,$177,$-59,$0,$0,$-97,$0,$-97,$0,$-155,$0,$0,$0,$-17,$-17,$-21,$1,$-37,$-15,$9,$-21
32,2010-07-31,7.92,$5.77,1.37,$10.23,0.77,$2.44,3.25,$0.60,13.2,$0.68B,$0.22B,3.16,$0.00B,$1.04B,0.0,$1.83B,$1.04B,56.61%,$1.83B,$0.16B,8.96%,$1.83B,$0.16B,8.96%,$1.83B,$0.26B,14.15%,$1.83B,$0.17B,9.13%,$1.83B,$0.11B,5.79%,$0.11B,$1.04B,10.64%,$0.11B,$0.90B,12.31%,$0.11B,$1.39B,7.78%,$0.16B,$1.04B,16.46%,$465,$206,$259,$0,$212,$418,$47,$0,$48,$17,$30,$30,$30,$71,$47,$177,179,$0.17,$0.17,$487,$147,$0,$679,$527,$0,$136,$5,$708,$1387,$215,$0,$137,$137,$352,$2,$756,$1,$1035,$1387,$66,$47,$-5,$42,$-4,$-8,$15,$-3,$2,$110,$-34,$0,$0,$-83,$0,$-83,$0,$-117,$0,$0,$0,$1,$1,$-14,$1,$-12,$-19,$6,$-14
33,2010-04-30,12.54,$5.63,2.23,$9.97,1.26,$2.62,4.78,$0.51,24.59,$0.68B,$0.25B,2.76,$0.00B,$1.01B,0.0,$1.79B,$1.01B,56.47%,$1.79B,$0.14B,7.90%,$1.79B,$0.14B,7.90%,$1.79B,$0.24B,13.22%,$1.79B,$0.14B,8.01%,$1.79B,$0.09B,5.10%,$0.09B,$1.01B,9.37%,$0.09B,$0.87B,10.89%,$0.09B,$1.39B,6.79%,$0.14B,$1.01B,14.52%,$482,$200,$282,$0,$227,$427,$55,$0,$56,$20,$35,$35,$35,$78,$55,$177,179,$0.20,$0.20,$482,$160,$0,$683,$512,$0,$136,$25,$711,$1394,$248,$0,$140,$140,$388,$2,$733,$0,$1007,$1394,$35,$23,$-4,$19,$0,$-22,$15,$-1,$25,$79,$-15,$0,$0,$-63,$0,$-63,$0,$-78,$0,$0,$0,$1,$1,$-7,$1,$-6,$-4,$3,$-7
34,2010-01-31,10.72,$5.51,1.95,$9.59,1.12,$2.58,4.16,$0.39,27.5,$0.60B,$0.20B,3.08,$0.00B,$0.98B,0.0,$1.71B,$0.96B,55.95%,$1.71B,$0.11B,6.30%,$1.71B,$0.11B,6.30%,$1.71B,$0.20B,11.90%,$1.71B,$0.11B,6.42%,$1.71B,$0.07B,4.08%,$0.07B,$0.98B,7.38%,$0.07B,$0.85B,8.62%,$0.07B,$1.32B,5.35%,$0.11B,$0.98B,11.39%,$436,$198,$238,$0,$212,$410,$26,$0,$26,$9,$18,$18,$18,$50,$26,$177,179,$0.10,$0.10,$424,$139,$0,$600,$522,$0,$136,$25,$719,$1319,$195,$0,$142,$142,$337,$2,$712,$0,$982,$1319,$70,$96,$8,$105,$0,$-6,$23,$13,$41,$215,$-68,$0,$0,$-144,$0,$-144,$0,$-212,$0,$0,$0,$4,$4,$0,$3,$7,$10,$7,$0
35,2009-10-31,10.04,$5.41,1.86,$9.27,1.08,$1.73,5.82,$0.06,167.26,$0.62B,$0.24B,2.59,$0.00B,$0.96B,0.0,$1.65B,$0.89B,53.73%,$1.65B,$0.02B,1.21%,$1.65B,$0.02B,1.21%,$1.65B,$0.11B,6.90%,$1.65B,$0.02B,1.39%,$1.65B,$0.01B,0.67%,$0.01B,$0.96B,1.19%,$0.01B,$0.83B,1.39%,$0.01B,$1.35B,0.86%,$0.02B,$0.96B,2.16%,$447,$190,$257,$0,$221,$411,$36,$0,$37,$14,$23,$23,$23,$60,$36,$178,179,$0.13,$0.13,$423,$160,$0,$622,$529,$0,$136,$27,$731,$1353,$240,$0,$151,$151,$390,$2,$694,$0,$962,$1353,$52,$72,$21,$94,$2,$-28,$41,$-3,$55,$200,$-51,$0,$0,$-120,$0,$-120,$0,$-171,$0,$0,$0,$4,$4,$0,$1,$5,$34,$7,$0
36,2009-07-31,9.63,$5.24,1.84,$9.01,1.07,$0.79,12.19,$-0.06,0.0,$0.56B,$0.21B,2.64,$0.00B,$0.93B,0.0,$1.60B,$0.84B,52.63%,$1.60B,$-0.02B,-1.13%,$1.60B,$-0.02B,-1.13%,$1.60B,$0.08B,4.76%,$1.60B,$-0.01B,-0.81%,$1.60B,$-0.01B,-0.63%,$-0.01B,$0.93B,-1.08%,$-0.01B,$0.80B,-1.27%,$-0.01B,$1.30B,-0.79%,$-0.02B,$0.93B,-1.95%,$420,$189,$231,$0,$207,$396,$24,$-0,$24,$9,$15,$15,$15,$48,$24,$177,179,$0.08,$0.08,$378,$130,$0,$557,$538,$0,$136,$27,$739,$1296,$211,$0,$153,$153,$364,$2,$671,$0,$932,$1296,$29,$49,$15,$63,$2,$2,$26,$-4,$52,$144,$-36,$0,$0,$-91,$0,$-91,$0,$-128,$0,$0,$0,$1,$1,$0,$0,$1,$18,$4,$0
37,2009-04-30,6.42,$5.16,1.24,$8.95,0.72,$0.60,10.75,$-0.10,0.0,$0.54B,$0.19B,2.86,$0.00B,$0.92B,0.0,$1.58B,$0.82B,51.99%,$1.58B,$-0.03B,-2.15%,$1.58B,$-0.03B,-2.15%,$1.58B,$0.06B,3.85%,$1.58B,$-0.03B,-1.71%,$1.58B,$-0.02B,-1.14%,$-0.02B,$0.92B,-1.95%,$-0.02B,$0.78B,-2.28%,$-0.02B,$1.26B,-1.43%,$-0.03B,$0.92B,-3.68%,$411,$177,$233,$0,$212,$389,$22,$1,$23,$8,$14,$14,$14,$46,$22,$177,178,$0.08,$0.08,$325,$146,$0,$544,$540,$0,$136,$5,$717,$1261,$190,$0,$155,$155,$345,$2,$656,$0,$916,$1261,$14,$25,$15,$39,$3,$-13,$13,$-2,$15,$69,$-13,$0,$0,$12,$0,$12,$0,$-0,$0,$0,$0,$0,$0,$0,$0,$0,$69,$2,$0
38,2009-01-31,3.33,$5.09,0.65,$8.96,0.37,$0.26,12.83,$-0.11,0.0,$0.49B,$0.16B,2.97,$0.00B,$0.90B,0.0,$1.58B,$0.82B,51.77%,$1.58B,$-0.04B,-2.47%,$1.58B,$-0.04B,-2.47%,$1.58B,$0.06B,3.67%,$1.58B,$-0.03B,-1.96%,$1.58B,$-0.02B,-1.20%,$-0.02B,$0.90B,-2.05%,$-0.02B,$0.77B,-2.40%,$-0.02B,$1.23B,-1.51%,$-0.04B,$0.90B,-4.21%,$373,$207,$166,$0,$228,$436,$-62,$1,$-61,$-21,$-41,$-41,$-41,$-40,$-62,$177,177,$-0.23,$-0.23,$269,$132,$0,$486,$561,$0,$136,$5,$740,$1226,$164,$0,$160,$160,$324,$2,$642,$0,$902,$1226,$-19,$98,$-6,$91,$4,$12,$-22,$4,$27,$99,$-105,$0,$0,$18,$0,$18,$0,$-86,$0,$0,$0,$-0,$-0,$0,$-1,$-1,$13,$13,$0
39,2008-10-31,2.86,$5.31,0.54,$9.16,0.31,$0.32,8.79,$0.00,0.0,$0.53B,$0.17B,3.14,$0.00B,$0.94B,0.0,$1.62B,$0.85B,52.41%,$1.62B,$-0.01B,-0.68%,$1.62B,$-0.01B,-0.68%,$1.62B,$0.09B,5.44%,$1.62B,$-0.00B,-0.12%,$1.62B,$0.00B,0.06%,$0.00B,$0.94B,0.11%,$0.00B,$0.81B,0.13%,$0.00B,$1.28B,0.08%,$-0.01B,$0.94B,-1.18%,$394,$183,$211,$0,$213,$396,$-2,$2,$1,$-1,$2,$2,$2,$22,$-2,$177,177,$0.01,$0.01,$256,$187,$0,$525,$584,$0,$136,$9,$759,$1284,$167,$0,$174,$174,$342,$2,$683,$0,$942,$1284,$21,$75,$3,$78,$-1,$-43,$-6,$-3,$-25,$74,$-92,$0,$0,$54,$0,$54,$0,$-38,$0,$0,$0,$0,$0,$0,$0,$0,$36,$9,$0
40,2008-07-31,4.68,$5.31,0.88,$9.29,0.5,$0.63,7.46,$0.12,38.98,$0.50B,$0.15B,3.37,$0.00B,$0.94B,0.0,$1.64B,$0.88B,53.60%,$1.64B,$0.01B,0.85%,$1.64B,$0.01B,0.85%,$1.64B,$0.11B,6.83%,$1.64B,$0.03B,1.83%,$1.64B,$0.02B,1.40%,$0.02B,$0.94B,2.48%,$0.02B,$0.80B,2.91%,$0.02B,$1.26B,1.83%,$0.01B,$0.94B,1.51%,$405,$192,$213,$0,$205,$397,$8,$2,$10,$3,$7,$7,$7,$33,$8,$176,177,$0.04,$0.04,$278,$143,$0,$497,$586,$0,$136,$11,$759,$1256,$148,$0,$171,$171,$319,$2,$681,$0,$937,$1256,$19,$51,$6,$57,$-1,$1,$-22,$-4,$-3,$73,$0,$0,$0,$8,$-69,$-61,$0,$-61,$0,$0,$0,$0,$0,$0,$0,$0,$12,$6,$0
41,2008-04-30,5.94,$5.26,1.13,$9.46,0.63,$0.49,12.23,$0.30,19.79,$0.48B,$0.17B,2.85,$0.00B,$0.93B,0.0,$1.67B,$0.92B,54.94%,$1.67B,$0.06B,3.83%,$1.67B,$0.06B,3.83%,$1.67B,$0.16B,9.52%,$1.67B,$0.08B,4.79%,$1.67B,$0.06B,3.29%,$0.06B,$0.93B,5.99%,$0.06B,$0.79B,7.03%,$0.06B,$1.26B,4.46%,$0.06B,$0.93B,6.97%,$410,$181,$229,$0,$212,$393,$17,$2,$19,$6,$13,$13,$13,$43,$17,$176,177,$0.07,$0.07,$271,$161,$0,$483,$582,$0,$136,$38,$779,$1262,$170,$0,$165,$165,$335,$2,$674,$0,$927,$1262,$13,$26,$1,$27,$-3,$-17,$-19,$-1,$-4,$36,$-40,$0,$0,$27,$0,$27,$0,$-13,$0,$0,$0,$0,$0,$0,$0,$0,$23,$3,$0
42,2008-01-31,9.06,$5.18,1.75,$9.71,0.93,$0.71,12.74,$0.50,18.12,$0.49B,$0.18B,2.69,$0.00B,$0.91B,0.0,$1.71B,$0.97B,56.53%,$1.71B,$0.12B,7.12%,$1.71B,$0.12B,7.12%,$1.71B,$0.21B,12.43%,$1.71B,$0.14B,8.05%,$1.71B,$0.09B,5.19%,$0.09B,$0.91B,9.88%,$0.09B,$0.78B,11.63%,$0.09B,$1.25B,7.37%,$0.12B,$0.91B,13.54%,$409,$214,$195,$0,$229,$444,$-34,$3,$-32,$-11,$-20,$-20,$-21,$-10,$-34,$176,177,$-0.11,$-0.12,$274,$144,$0,$487,$568,$0,$136,$37,$763,$1250,$181,$0,$156,$156,$338,$2,$661,$0,$913,$1250,$89,$92,$12,$104,$-19,$-32,$24,$-4,$16,$209,$-202,$-33,$-6,$-22,$15,$-7,$13,$-235,$0,$0,$0,$3,$3,$0,$0,$3,$-23,$17,$0
43,2007-10-31,11.04,$5.28,2.09,$9.88,1.12,$1.07,10.3,$0.72,15.33,$0.51B,$0.19B,2.72,$0.00B,$0.93B,0.0,$1.75B,$1.02B,58.00%,$1.75B,$0.19B,10.91%,$1.75B,$0.19B,10.91%,$1.75B,$0.28B,16.23%,$1.75B,$0.21B,11.83%,$1.75B,$0.13B,7.31%,$0.13B,$0.93B,14.65%,$0.13B,$0.79B,17.12%,$0.13B,$1.26B,11.03%,$0.19B,$0.93B,21.87%,$416,$173,$242,$0,$219,$393,$23,$10,$33,$10,$24,$24,$24,$46,$23,$176,176,$0.13,$0.13,$289,$168,$0,$512,$551,$0,$136,$38,$745,$1257,$188,$0,$140,$140,$328,$2,$682,$0,$929,$1257,$109,$67,$3,$70,$-2,$-56,$41,$-6,$2,$182,$-147,$-33,$-6,$-39,$15,$-24,$0,$-210,$0,$0,$0,$3,$3,$0,$-0,$3,$-25,$13,$0
44,2007-07-31,16.26,$5.13,3.17,$9.81,1.66,$1.15,14.15,$0.83,19.59,$0.46B,$0.14B,3.17,$0.00B,$0.90B,0.0,$1.74B,$1.01B,58.41%,$1.74B,$0.23B,13.42%,$1.74B,$0.23B,13.42%,$1.74B,$0.32B,18.49%,$1.74B,$0.24B,13.94%,$1.74B,$0.15B,8.41%,$0.15B,$0.90B,17.45%,$0.15B,$0.77B,20.32%,$0.15B,$1.17B,13.20%,$0.23B,$0.90B,27.85%,$436,$184,$252,$0,$194,$378,$58,$3,$60,$22,$39,$39,$39,$80,$58,$176,177,$0.22,$0.22,$287,$123,$0,$456,$508,$0,$136,$47,$708,$1165,$144,$0,$118,$118,$262,$2,$658,$0,$903,$1165,$86,$44,$6,$51,$4,$-11,$5,$-5,$-7,$129,$-81,$-33,$-6,$-37,$0,$-37,$0,$-157,$0,$0,$0,$3,$3,$0,$-0,$3,$-25,$10,$0
45,2007-04-30,22.14,$4.87,4.54,$9.60,2.31,$1.16,19.14,$0.91,24.33,$0.50B,$0.19B,2.67,$0.00B,$0.86B,0.0,$1.70B,$1.01B,59.07%,$1.70B,$0.26B,15.15%,$1.70B,$0.26B,15.15%,$1.70B,$0.34B,20.02%,$1.70B,$0.27B,15.74%,$1.70B,$0.16B,9.45%,$0.16B,$0.86B,20.28%,$0.16B,$0.72B,23.54%,$0.16B,$1.16B,15.37%,$0.26B,$0.86B,32.49%,$453,$173,$280,$0,$205,$378,$75,$2,$77,$28,$49,$49,$47,$97,$75,$175,177,$0.27,$0.27,$274,$141,$38,$500,$488,$0,$136,$21,$658,$1159,$187,$0,$114,$114,$301,$2,$619,$0,$858,$1159,$47,$22,$3,$26,$2,$-30,$18,$-1,$16,$88,$-52,$-33,$-6,$-12,$0,$-12,$0,$-104,$0,$0,$0,$2,$2,$0,$-0,$1,$-14,$5,$0
46,2007-01-31,17.54,$4.57,3.83,$9.17,1.91,$1.15,15.27,$0.93,18.86,$0.47B,$0.14B,3.39,$0.00B,$0.80B,0.0,$1.64B,$0.97B,58.93%,$1.64B,$0.26B,16.03%,$1.64B,$0.26B,16.03%,$1.64B,$0.34B,20.72%,$1.64B,$0.28B,16.76%,$1.64B,$0.17B,10.12%,$0.17B,$0.80B,21.03%,$0.17B,$0.71B,24.14%,$0.17B,$1.06B,16.21%,$0.26B,$0.80B,33.31%,$445,$203,$241,$0,$207,$410,$35,$2,$37,$13,$24,$24,$18,$61,$35,$177,178,$0.11,$0.10,$276,$111,$38,$474,$457,$0,$97,$21,$586,$1061,$140,$0,$117,$117,$257,$2,$572,$0,$804,$1061,$167,$76,$4,$80,$-5,$-15,$8,$-4,$42,$289,$-218,$0,$-1,$163,$0,$163,$-8,$-63,$0,$0,$0,$-194,$-194,$0,$2,$-191,$34,$21,$0
47,2006-10-31,20.1,$4.45,4.52,$8.74,2.3,$1.41,14.21,$1.07,18.78,$0.48B,$0.16B,2.98,$0.00B,$0.78B,0.0,$1.57B,$0.95B,60.37%,$1.57B,$0.30B,18.77%,$1.57B,$0.30B,18.77%,$1.57B,$0.36B,22.90%,$1.57B,$0.31B,19.53%,$1.57B,$0.19B,12.21%,$0.19B,$0.78B,24.30%,$0.19B,$0.68B,27.88%,$0.19B,$1.04B,19.03%,$0.30B,$0.78B,37.34%,$402,$161,$241,$0,$175,$337,$65,$2,$68,$25,$43,$43,$42,$83,$65,$175,176,$0.24,$0.24,$254,$138,$38,$483,$423,$0,$103,$21,$555,$1038,$162,$0,$94,$94,$256,$2,$554,$-0,$782,$1038,$148,$50,$3,$53,$-7,$-42,$30,$-5,$13,$214,$-165,$0,$-1,$150,$0,$150,$-8,$-23,$0,$0,$0,$-194,$-194,$0,$3,$-191,$-0,$17,$0
