,Date,Stock Price,Book Value per Share,Price to Book Ratio,TTM Sales per Share,Price to Sales Ratio,TTM FCF per Share,Price to FCF Ratio,TTM Net EPS,PE Ratio,Current Assets,Current Liabilities,Current Ratio,Long Term Debt,Shareholder's Equity_x,Debt to Equity Ratio,TTM Revenue_x,TTM Gross Profit,Gross Margin,TTM Revenue_y,TTM Operating Income,Operating Margin,TTM Revenue_x,TTM EBIT,EBIT Margin,TTM Revenue_y,TTM EBITDA,EBITDA Margin,TTM Revenue_x,TTM Pre-Tax Income,Pre-Tax Margin,TTM Revenue_y,TTM Net Income_x,Net Margin,TTM Net Income_y,Shareholder's Equity_y,Return on Equity,TTM Net Income_x,Tangible Equity,Return on Tangible Equity,TTM Net Income_y,Total Assets,Return on Assets,TTM Net Income,LT Investments & Debt,Return on Investment,revenue,cost-goods-sold,gross-profit,research-development-expenses,selling-general-administrative-expenses,operating-expenses,operating-income,total-non-operating-income-expense,pre-tax-income,total-provision-income-taxes,income-after-taxes,income-from-continuous-operations,net-income,ebitda,ebit,basic-shares-outstanding,shares-outstanding,eps-basic-net-earnings-per-share,eps-earnings-per-share-diluted,cash-on-hand,inventory,other-current-assets,total-current-assets,net-property-plant-equipment,long-term-investments,goodwill-intangible-assets-total,other-long-term-assets,total-long-term-assets,total-assets,total-current-liabilities,long-term-debt,other-non-current-liabilities,total-long-term-liabilities,total-liabilities,common-stock-net,retained-earnings-accumulated-deficit,comprehensive-income,total-share-holder-equity,total-liabilities-share-holders-equity,net-income-loss,total-depreciation-amortization-cash-flow,other-non-cash-items,total-non-cash-items,change-in-accounts-receivable,change-in-inventories,change-in-accounts-payable,change-in-assets-liabilities,total-change-in-assets-liabilities,cash-flow-from-operating-activities,net-change-in-property-plant-equipment,net-change-in-intangible-assets,net-acquisitions-divestitures,net-change-in-short-term-investments,net-change-in-long-term-investments,net-change-in-investments-total,investing-activities-other,cash-flow-from-investing-activities,net-long-term-debt,net-current-debt,debt-issuance-retirement-net-total,net-common-equity-issued-repurchased,net-total-equity-issued-repurchased,total-common-preferred-stock-dividends-paid,financial-activities-other,cash-flow-from-financial-activities,net-cash-flow,stock-based-compensation,common-stock-dividends-paid
0,2018-05-31,29.31,$0.00,0.0,0.0,0.0,0.0,0.0,0.0,0.0,$7.04B,$6.38B,1.1,$1.91B,$5.90B,0.32,$31.88B,$0.86B,2.71%,$31.88B,$0.21B,0.65%,$31.88B,$0.21B,0.65%,$31.88B,$0.74B,2.33%,$31.88B,$0.38B,1.19%,$31.88B,$0.53B,1.65%,$0.53B,$8.16B,6.55%,$0.53B,$8.16B,6.55%,$0.53B,$16.94B,3.14%,$0.21B,$10.07B,2.08%,$9028,$8729,$299,$0,$162,$8887,$141,$149,$289,$60,$229,$229,$229,$270,$141,$0,0,$0.00,$0.00,$534,$2941,$1362,$7035,$5140,$3787,$0,$974,$9901,$16936,$6381,$1906,$279,$2393,$8773,$0,$0,$-170,$8163,$16936,$575,$402,$-293,$109,$-217,$-367,$0,$-323,$-832,$-148,$-208,$0,$235,$0,$11,$11,$-110,$-72,$775,$0,$775,$0,$0,$-127,$-77,$571,$353,$0,$0
1,2018-02-28,29.17,$0.00,0.0,0.0,0.0,0.0,0.0,0.0,0.0,$7.19B,$6.67B,1.08,$1.92B,$5.80B,0.33,$31.47B,$0.81B,2.58%,$31.47B,$-0.16B,-0.52%,$31.47B,$-0.16B,-0.52%,$31.47B,$0.38B,1.20%,$31.47B,$-0.12B,-0.38%,$31.47B,$0.25B,0.80%,$0.25B,$8.06B,3.16%,$0.25B,$8.06B,3.16%,$0.25B,$17.09B,1.50%,$-0.16B,$9.98B,-1.65%,$6851,$6709,$142,$0,$187,$6884,$-33,$18,$-15,$-181,$167,$167,$167,$104,$-33,$0,0,$0.00,$0.00,$190,$3650,$1587,$7194,$5180,$3753,$0,$959,$9891,$17085,$6670,$1916,$265,$2353,$9023,$0,$0,$-168,$8062,$17085,$346,$273,$-175,$98,$169,$-1076,$0,$-149,$-1100,$-655,$-86,$0,$54,$-20,$10,$-10,$-55,$-97,$903,$0,$903,$0,$0,$-84,$-55,$764,$9,$0,$0
2,2017-11-30,28.65,$0.00,0.0,0.0,0.0,0.0,0.0,0.0,0.0,$6.68B,$6.24B,1.07,$1.94B,$5.67B,0.34,$31.94B,$0.91B,2.85%,$31.94B,$-0.12B,-0.38%,$31.94B,$-0.12B,-0.38%,$31.94B,$0.42B,1.32%,$31.94B,$-0.08B,-0.25%,$31.94B,$0.10B,0.31%,$0.10B,$7.94B,1.25%,$0.10B,$7.94B,1.25%,$0.10B,$16.78B,0.58%,$-0.12B,$9.88B,-1.21%,$8049,$7736,$313,$0,$140,$7872,$177,$23,$200,$20,$180,$180,$180,$313,$177,$0,0,$0.00,$0.00,$252,$3046,$1322,$6679,$5266,$3777,$0,$1062,$10105,$16784,$6244,$1937,$315,$2603,$8847,$0,$0,$-178,$7938,$16784,$180,$137,$-11,$125,$-81,$-472,$0,$-333,$-445,$-140,$-31,$0,$29,$0,$5,$5,$-67,$-63,$349,$0,$349,$0,$0,$-42,$-35,$272,$71,$0,$0
3,2017-08-31,29.23,$0.00,0.0,0.0,0.0,0.0,0.0,0.0,0.0,$5.62B,$5.43B,1.03,$2.02B,$5.64B,0.36,$31.93B,$0.95B,2.97%,$31.93B,$-0.11B,-0.35%,$31.93B,$-0.11B,-0.35%,$31.93B,$0.44B,1.36%,$31.93B,$-0.05B,-0.17%,$31.93B,$0.13B,0.40%,$0.13B,$7.91B,1.62%,$0.13B,$7.91B,1.62%,$0.13B,$15.97B,0.73%,$-0.11B,$9.93B,-1.12%,$7952,$7843,$109,$0,$145,$8031,$-78,$-16,$-95,$-44,$-51,$-51,$-51,$56,$-78,$0,0,$0.00,$0.00,$181,$2577,$987,$5615,$5356,$3751,$0,$1252,$10359,$15974,$5433,$2023,$279,$2635,$8068,$0,$0,$-184,$7906,$15974,$127,$547,$363,$910,$122,$-294,$0,$-130,$-104,$933,$-447,$0,$-4,$0,$-17,$-17,$62,$-405,$-286,$0,$-286,$0,$0,$-168,$-168,$-621,$-98,$0,$0
4,2017-05-31,28.31,$0.00,0.0,0.0,0.0,0.0,0.0,0.0,0.0,$7.00B,$6.69B,1.05,$2.05B,$5.60B,0.37,$32.16B,$0.98B,3.05%,$32.16B,$-0.04B,-0.12%,$32.16B,$-0.04B,-0.12%,$32.16B,$0.51B,1.60%,$32.16B,$0.05B,0.16%,$32.16B,$0.18B,0.55%,$0.18B,$7.86B,2.24%,$0.18B,$7.86B,2.24%,$0.18B,$17.22B,0.99%,$-0.04B,$9.91B,-0.39%,$8614,$8367,$247,$0,$153,$8844,$-230,$21,$-209,$-163,$-46,$-46,$-45,$-96,$-230,$0,0,$0.00,$0.00,$267,$2684,$1327,$7000,$5409,$3842,$0,$971,$10222,$17222,$6689,$2046,$276,$2674,$9363,$0,$0,$-210,$7859,$17222,$178,$413,$262,$675,$-55,$-345,$0,$-400,$-648,$205,$-281,$0,$0,$0,$0,$0,$-93,$-374,$528,$0,$528,$0,$0,$-125,$-247,$155,$-12,$0,$0
5,2017-02-28,28.4,$0.00,0.0,0.0,0.0,0.0,0.0,0.0,0.0,$8.28B,$7.76B,1.07,$2.05B,$5.72B,0.36,$31.35B,$1.05B,3.36%,$31.35B,$0.34B,1.08%,$31.35B,$0.34B,1.08%,$31.35B,$0.89B,2.85%,$31.35B,$0.46B,1.46%,$31.35B,$0.41B,1.31%,$0.41B,$7.96B,5.21%,$0.41B,$7.96B,5.21%,$0.41B,$18.56B,2.27%,$0.34B,$10.01B,3.38%,$7320,$7080,$241,$0,$158,$7310,$11,$13,$24,$9,$15,$15,$15,$149,$11,$0,0,$0.00,$0.00,$250,$3752,$1579,$8279,$5404,$3802,$0,$1073,$10280,$18558,$7756,$2052,$273,$2841,$10597,$0,$0,$-211,$7962,$18558,$224,$278,$141,$420,$153,$-1389,$0,$-109,$-1287,$-643,$-202,$0,$0,$-3,$3,$0,$-84,$-285,$1097,$0,$1097,$0,$0,$-84,$-114,$900,$-30,$0,$0
6,2016-11-30,27.79,$0.00,0.0,0.0,0.0,0.0,0.0,0.0,0.0,$8.09B,$7.71B,1.05,$1.96B,$5.69B,0.34,$30.67B,$0.90B,2.94%,$30.67B,$0.24B,0.77%,$30.67B,$0.24B,0.77%,$30.67B,$0.78B,2.54%,$30.67B,$0.36B,1.16%,$30.67B,$0.37B,1.19%,$0.37B,$7.93B,4.67%,$0.37B,$7.93B,4.67%,$0.37B,$18.43B,2.04%,$0.24B,$9.89B,2.35%,$8048,$7696,$353,$0,$148,$7862,$186,$39,$226,$17,$209,$209,$209,$326,$186,$0,0,$0.00,$0.00,$515,$3118,$1403,$8089,$5443,$3829,$0,$1069,$10341,$18430,$7710,$1959,$333,$2789,$10499,$0,$0,$-226,$7931,$18430,$209,$140,$16,$156,$-17,$-754,$0,$-99,$-126,$238,$-115,$0,$0,$0,$0,$0,$-212,$-327,$364,$0,$364,$0,$0,$-42,$5,$327,$236,$0,$0
7,2016-08-31,30.12,$0.00,0.0,0.0,0.0,0.0,0.0,0.0,0.0,$6.94B,$6.52B,1.06,$2.08B,$5.62B,0.37,$30.35B,$0.96B,3.16%,$30.35B,$0.31B,1.02%,$30.35B,$0.31B,1.02%,$30.35B,$0.83B,2.74%,$30.35B,$0.42B,1.39%,$30.35B,$0.42B,1.39%,$0.42B,$7.87B,5.42%,$0.42B,$7.87B,5.42%,$0.42B,$17.31B,2.42%,$0.31B,$9.95B,3.15%,$8182,$8042,$141,$0,$125,$8188,$-6,$18,$12,$14,$-2,$-2,$-2,$135,$-6,$0,0,$0.00,$0.00,$279,$2371,$1404,$6935,$5488,$3796,$0,$1093,$10377,$17312,$6521,$2083,$354,$2925,$9446,$0,$0,$-212,$7866,$17312,$424,$521,$-13,$508,$46,$339,$0,$76,$332,$1263,$-712,$0,$-12,$0,$-2855,$-2855,$-167,$-3747,$2354,$0,$2354,$0,$0,$-163,$-377,$1814,$-675,$0,$0
8,2016-05-31,27.91,$0.00,0.0,0.0,0.0,0.0,0.0,0.0,0.0,$7.87B,$7.05B,1.12,$2.41B,$5.62B,0.43,$30.15B,$1.16B,3.85%,$30.15B,$0.38B,1.26%,$30.15B,$0.38B,1.26%,$30.15B,$0.88B,2.90%,$30.15B,$0.48B,1.60%,$30.15B,$0.56B,1.84%,$0.56B,$7.87B,7.17%,$0.56B,$7.87B,7.17%,$0.56B,$18.26B,3.28%,$0.38B,$10.28B,3.96%,$7797,$7479,$318,$0,$143,$7649,$148,$46,$195,$5,$190,$190,$190,$284,$148,$0,0,$0.00,$0.00,$346,$2874,$1807,$7873,$5453,$3857,$0,$1074,$10385,$18258,$7047,$2411,$359,$3344,$10391,$0,$0,$-214,$7867,$18258,$426,$380,$-99,$281,$121,$-165,$0,$-328,$-444,$262,$-570,$0,$-10,$0,$-2790,$-2790,$-235,$-3604,$3287,$0,$3287,$0,$0,$-121,$-425,$2741,$-607,$0,$0
9,2016-02-29,25.98,$0.00,0.0,0.0,0.0,0.0,0.0,0.0,0.0,$7.65B,$6.76B,1.13,$2.44B,$5.54B,0.44,$31.10B,$1.15B,3.71%,$31.10B,$0.38B,1.22%,$31.10B,$0.38B,1.22%,$31.10B,$0.84B,2.69%,$31.10B,$0.46B,1.47%,$31.10B,$0.54B,1.75%,$0.54B,$7.70B,7.04%,$0.54B,$7.70B,7.04%,$0.54B,$17.83B,3.33%,$0.38B,$10.14B,4.10%,$6639,$6550,$89,$0,$181,$6731,$-92,$15,$-76,$-46,$-30,$-30,$-31,$33,$-92,$0,0,$0.00,$0.00,$340,$3000,$1843,$7652,$5402,$3799,$0,$971,$10173,$17825,$6762,$2435,$375,$3361,$10123,$0,$0,$-229,$7702,$17825,$236,$244,$-64,$179,$352,$-338,$0,$-135,$-96,$319,$-442,$0,$-10,$0,$-2793,$-2793,$0,$-3245,$2799,$0,$2799,$0,$0,$-81,$-408,$2310,$-614,$0,$0
10,2015-11-30,25.8,$0.00,0.0,0.0,0.0,0.0,0.0,0.0,0.0,$9.14B,$6.43B,1.42,$1.23B,$5.63B,0.22,$32.81B,$1.31B,4.00%,$32.81B,$0.55B,1.66%,$32.81B,$0.55B,1.66%,$32.81B,$0.97B,2.97%,$32.81B,$0.62B,1.90%,$32.81B,$0.67B,2.04%,$0.67B,$7.80B,8.66%,$0.67B,$7.80B,8.66%,$0.67B,$16.48B,4.21%,$0.55B,$9.03B,6.12%,$7729,$7317,$412,$0,$152,$7469,$260,$30,$290,$24,$266,$266,$266,$379,$260,$0,0,$0.00,$0.00,$1257,$3127,$1762,$9139,$5331,$1011,$0,$997,$7339,$16479,$6430,$1233,$430,$2250,$8680,$0,$0,$-218,$7799,$16479,$266,$119,$-27,$92,$-24,$-467,$0,$-48,$58,$416,$-268,$0,$0,$0,$5,$5,$-138,$-400,$490,$0,$490,$0,$0,$-41,$-164,$286,$303,$0,$0
11,2015-08-31,25.39,$0.00,0.0,0.0,0.0,0.0,0.0,0.0,0.0,$8.01B,$5.26B,1.52,$1.26B,$5.50B,0.23,$34.58B,$1.49B,4.31%,$34.58B,$0.72B,2.07%,$34.58B,$0.72B,2.07%,$34.58B,$1.12B,3.23%,$34.58B,$0.77B,2.22%,$34.58B,$0.78B,2.26%,$0.78B,$7.67B,10.34%,$0.78B,$7.67B,10.34%,$0.78B,$15.23B,4.92%,$0.72B,$8.93B,8.18%,$7986,$7645,$341,$0,$144,$7922,$64,$8,$72,$-60,$131,$131,$131,$179,$64,$0,0,$0.00,$0.00,$954,$2652,$1585,$8009,$5193,$1002,$0,$1024,$7220,$15228,$5257,$1261,$460,$2302,$7559,$0,$0,$-214,$7669,$15228,$780,$401,$52,$453,$314,$71,$0,$-491,$-663,$570,$-1388,$0,$-305,$0,$-64,$-64,$-151,$-1909,$-187,$0,$-187,$0,$1010,$-134,$-536,$154,$-1179,$0,$0
12,2015-05-31,25.35,$0.00,0.0,0.0,0.0,0.0,0.0,0.0,0.0,$9.10B,$5.77B,1.58,$1.17B,$5.55B,0.21,$36.59B,$1.45B,3.97%,$36.59B,$0.80B,2.19%,$36.59B,$0.80B,2.19%,$36.59B,$1.21B,3.30%,$36.59B,$0.83B,2.27%,$36.59B,$0.85B,2.32%,$0.85B,$7.72B,11.72%,$0.85B,$7.72B,11.72%,$0.85B,$15.72B,5.35%,$0.80B,$8.89B,9.43%,$8741,$8429,$312,$0,$165,$8594,$147,$24,$171,$-7,$178,$178,$178,$244,$147,$0,0,$0.00,$0.00,$1102,$3119,$1806,$9100,$4648,$999,$0,$972,$6619,$15719,$5771,$1172,$460,$2226,$7998,$0,$0,$-160,$7721,$15719,$649,$286,$-8,$278,$-10,$-333,$0,$-325,$-954,$-27,$-980,$0,$-9,$-170,$-38,$-208,$-122,$-1319,$-52,$0,$-52,$0,$1010,$-93,$-549,$316,$-1031,$0,$0
13,2015-02-28,25.16,$0.00,0.0,0.0,0.0,0.0,0.0,0.0,0.0,$9.79B,$6.08B,1.61,$1.17B,$5.49B,0.21,$39.81B,$1.65B,4.14%,$39.81B,$1.00B,2.52%,$39.81B,$1.00B,2.52%,$39.81B,$1.39B,3.49%,$39.81B,$1.10B,2.76%,$39.81B,$1.05B,2.64%,$1.05B,$7.66B,15.23%,$1.05B,$7.66B,15.23%,$1.05B,$15.97B,6.69%,$1.00B,$8.83B,12.26%,$8356,$8110,$246,$0,$171,$8281,$75,$16,$90,$-2,$93,$93,$93,$172,$75,$0,0,$0.00,$0.00,$1262,$3698,$2311,$9786,$4405,$995,$0,$787,$6187,$15973,$6083,$1168,$452,$2230,$8313,$0,$0,$-162,$7660,$15973,$471,$189,$52,$240,$439,$-913,$0,$-110,$-1214,$-502,$-553,$0,$-2,$-315,$-49,$-364,$13,$-907,$34,$0,$34,$0,$1010,$-55,$-454,$535,$-871,$0,$0
14,2014-11-30,24.64,$0.00,0.0,0.0,0.0,0.0,0.0,0.0,0.0,$10.60B,$7.17B,1.48,$1.21B,$5.49B,0.22,$41.14B,$1.84B,4.48%,$41.14B,$1.21B,2.95%,$41.14B,$1.21B,2.95%,$41.14B,$1.58B,3.84%,$41.14B,$1.30B,3.16%,$41.14B,$1.22B,2.96%,$1.22B,$7.16B,19.00%,$1.22B,$7.16B,19.00%,$1.22B,$16.60B,7.97%,$1.21B,$8.37B,15.71%,$9499,$8907,$592,$0,$162,$9069,$430,$6,$436,$57,$378,$378,$379,$522,$430,$0,0,$0.00,$0.00,$1669,$3660,$2279,$10599,$4235,$980,$0,$783,$5997,$16596,$7171,$1211,$469,$2266,$9438,$0,$0,$-158,$7159,$16596,$378,$92,$-0,$92,$171,$-875,$0,$-286,$-443,$27,$-302,$0,$6,$-315,$-34,$-349,$-185,$-831,$6,$0,$6,$0,$493,$-22,$-128,$348,$-465,$0,$0
15,2014-08-31,24.42,$0.00,0.0,0.0,0.0,0.0,0.0,0.0,0.0,$9.40B,$6.23B,1.51,$1.40B,$5.28B,0.27,$42.66B,$1.65B,3.87%,$42.66B,$1.05B,2.46%,$42.66B,$1.05B,2.46%,$42.66B,$1.40B,3.28%,$42.66B,$1.13B,2.65%,$42.66B,$1.08B,2.53%,$1.08B,$6.47B,17.99%,$1.08B,$6.47B,17.99%,$1.08B,$15.30B,7.31%,$1.05B,$7.87B,14.29%,$9990,$9687,$304,$0,$155,$9841,$149,$-17,$132,$-68,$199,$199,$200,$269,$149,$0,0,$0.00,$0.00,$2133,$2760,$1516,$9398,$4180,$923,$0,$795,$5898,$15296,$6229,$1404,$481,$2600,$8829,$0,$0,$-157,$6467,$15296,$1083,$351,$-107,$244,$101,$-38,$0,$241,$114,$1441,$-910,$0,$-281,$0,$63,$63,$-188,$-1316,$51,$0,$51,$0,$703,$-51,$-502,$201,$325,$0,$0
16,2014-05-31,24.45,$0.00,0.0,0.0,0.0,0.0,0.0,0.0,0.0,$9.65B,$6.15B,1.57,$1.31B,$5.30B,0.25,$43.62B,$1.66B,3.79%,$43.62B,$1.05B,2.41%,$43.62B,$1.05B,2.41%,$43.62B,$1.39B,3.19%,$43.62B,$1.13B,2.58%,$43.62B,$1.00B,2.30%,$1.00B,$6.32B,17.67%,$1.00B,$6.32B,17.67%,$1.00B,$14.95B,7.00%,$1.05B,$7.63B,14.95%,$11967,$11461,$507,$0,$159,$11620,$348,$92,$440,$60,$380,$380,$379,$426,$348,$0,0,$0.00,$0.00,$1549,$2838,$1779,$9648,$3670,$908,$0,$719,$5297,$14945,$6147,$1311,$1023,$2481,$8628,$0,$0,$-159,$6317,$14945,$884,$231,$-30,$200,$-242,$-150,$0,$-8,$-612,$472,$-652,$0,$-114,$0,$66,$66,$-325,$-1026,$-140,$241,$101,$0,$703,$-30,$-479,$295,$-259,$0,$0
17,2014-02-28,21.32,$0.00,0.0,0.0,0.0,0.0,0.0,0.0,0.0,$9.26B,$6.17B,1.5,$1.32B,$5.09B,0.26,$43.59B,$1.61B,3.68%,$43.59B,$1.02B,2.34%,$43.59B,$1.02B,2.34%,$43.59B,$1.35B,3.10%,$43.59B,$0.96B,2.21%,$43.59B,$0.88B,2.01%,$0.88B,$5.70B,16.36%,$0.88B,$5.70B,16.36%,$0.88B,$14.30B,6.31%,$1.02B,$7.01B,15.24%,$9680,$9239,$441,$0,$156,$9395,$286,$5,$290,$30,$261,$261,$260,$362,$286,$0,0,$0.00,$0.00,$909,$3382,$2314,$9264,$3468,$807,$0,$765,$5040,$14304,$6174,$1316,$971,$2434,$8608,$0,$0,$-165,$5697,$14304,$504,$152,$-4,$148,$460,$-694,$0,$109,$-683,$-31,$-386,$0,$-98,$0,$-13,$-13,$-247,$-744,$-135,$185,$50,$0,$283,$-18,$-435,$-120,$-899,$0,$0
18,2013-11-30,21.88,$0.00,0.0,0.0,0.0,0.0,0.0,0.0,0.0,$9.88B,$6.61B,1.49,$1.34B,$4.96B,0.27,$43.80B,$1.64B,3.73%,$43.80B,$1.07B,2.45%,$43.80B,$1.07B,2.45%,$43.80B,$1.39B,3.18%,$43.80B,$0.97B,2.22%,$43.80B,$0.89B,2.03%,$0.89B,$5.56B,17.32%,$0.89B,$5.56B,17.32%,$0.89B,$14.62B,6.55%,$1.07B,$6.90B,16.52%,$11026,$10625,$401,$0,$133,$10758,$268,$2,$270,$27,$243,$243,$242,$343,$268,$0,0,$0.00,$0.00,$2143,$3031,$1647,$9879,$3284,$779,$0,$673,$4736,$14616,$6611,$1340,$959,$2444,$9055,$0,$0,$-157,$5560,$14616,$243,$76,$20,$96,$59,$-374,$0,$-2,$180,$519,$-167,$0,$-8,$0,$-11,$-11,$-213,$-399,$-111,$171,$60,$0,$283,$-6,$-123,$214,$334,$0,$0
19,2013-08-31,23.98,$0.00,0.0,0.0,0.0,0.0,0.0,0.0,0.0,$8.91B,$5.79B,1.54,$1.45B,$4.83B,0.3,$44.48B,$1.78B,4.00%,$44.48B,$1.23B,2.75%,$44.48B,$1.23B,2.75%,$44.48B,$1.54B,3.46%,$44.48B,$1.09B,2.44%,$44.48B,$0.99B,2.23%,$0.99B,$5.15B,20.16%,$0.99B,$5.15B,20.16%,$0.99B,$13.50B,7.35%,$1.23B,$6.60B,19.56%,$10951,$10645,$306,$0,$156,$10801,$150,$-25,$125,$3,$123,$123,$123,$262,$150,$0,0,$0.00,$0.00,$1809,$2665,$1502,$8911,$3171,$766,$0,$656,$4594,$13504,$5785,$1450,$419,$2566,$8352,$0,$0,$-157,$5153,$13504,$996,$311,$64,$375,$-106,$557,$0,$637,$1101,$2473,$-686,$0,$-13,$0,$-8,$-8,$211,$-495,$131,$86,$217,$0,$0,$-25,$-670,$-478,$1495,$0,$0
20,2013-05-31,23.75,$0.00,0.0,0.0,0.0,0.0,0.0,0.0,0.0,$8.82B,$5.86B,1.51,$1.30B,$4.69B,0.28,$44.53B,$2.00B,4.48%,$44.53B,$1.47B,3.30%,$44.53B,$1.47B,3.30%,$44.53B,$1.73B,3.89%,$44.53B,$1.32B,2.95%,$44.53B,$1.23B,2.76%,$1.23B,$5.01B,25.89%,$1.23B,$5.01B,25.89%,$1.23B,$13.12B,9.09%,$1.47B,$6.31B,24.22%,$11937,$11480,$457,$0,$139,$11618,$318,$-39,$279,$27,$252,$252,$251,$386,$318,$0,0,$0.00,$0.00,$734,$2938,$1646,$8818,$3045,$738,$0,$514,$4297,$13115,$5858,$1301,$740,$2250,$8108,$0,$0,$-227,$5007,$13115,$874,$199,$-9,$190,$-445,$284,$0,$452,$383,$1446,$-475,$0,$-12,$0,$-7,$-7,$26,$-468,$44,$70,$113,$0,$0,$-18,$-651,$-556,$420,$0,$0
21,2013-02-28,22.94,$0.00,0.0,0.0,0.0,0.0,0.0,0.0,0.0,$9.04B,$6.07B,1.49,$1.30B,$4.54B,0.29,$43.61B,$2.16B,4.94%,$43.61B,$1.64B,3.75%,$43.61B,$1.64B,3.75%,$43.61B,$1.90B,4.36%,$43.61B,$1.48B,3.39%,$43.61B,$1.39B,3.18%,$1.39B,$4.86B,30.13%,$1.39B,$4.86B,30.13%,$1.39B,$13.17B,10.55%,$1.64B,$6.15B,27.62%,$9882,$9412,$471,$0,$135,$9546,$336,$-37,$299,$24,$276,$276,$275,$403,$336,$0,0,$0.00,$0.00,$478,$3627,$2183,$9040,$2967,$694,$0,$465,$4126,$13166,$6071,$1296,$737,$2240,$8311,$0,$0,$-230,$4855,$13166,$621,$132,$1,$133,$257,$-405,$0,$704,$276,$1030,$-270,$0,$-8,$0,$-7,$-7,$47,$-238,$-51,$56,$5,$0,$0,$-12,$-623,$-630,$164,$0,$0
22,2012-11-30,21.95,$0.00,0.0,0.0,0.0,0.0,0.0,0.0,0.0,$10.20B,$7.24B,1.41,$1.30B,$4.37B,0.3,$42.58B,$1.92B,4.50%,$42.58B,$1.41B,3.30%,$42.58B,$1.41B,3.30%,$42.58B,$1.67B,3.91%,$42.58B,$1.27B,2.98%,$42.58B,$1.19B,2.79%,$1.19B,$4.69B,26.89%,$1.19B,$4.69B,26.89%,$1.19B,$14.25B,9.37%,$1.41B,$5.98B,24.35%,$11710,$11164,$546,$0,$124,$11289,$421,$-39,$382,$36,$346,$346,$344,$486,$421,$0,0,$0.00,$0.00,$1160,$3642,$2242,$10202,$2892,$682,$0,$476,$4050,$14252,$7241,$1298,$823,$2326,$9567,$0,$0,$-232,$4685,$14252,$346,$65,$45,$110,$-27,$-423,$0,$374,$631,$1086,$-141,$0,$-8,$0,$-8,$-8,$-74,$-231,$-46,$73,$27,$0,$0,$-6,$-31,$-10,$846,$0,$0
23,2012-08-31,21.61,$0.00,0.0,0.0,0.0,0.0,0.0,0.0,0.0,$9.67B,$6.82B,1.42,$1.33B,$4.15B,0.32,$40.60B,$2.01B,4.95%,$40.60B,$1.51B,3.72%,$40.60B,$1.51B,3.72%,$40.60B,$1.77B,4.35%,$40.60B,$1.42B,3.49%,$40.60B,$1.26B,3.10%,$1.26B,$4.47B,29.52%,$1.26B,$4.47B,29.52%,$1.26B,$13.65B,10.37%,$1.51B,$5.81B,26.79%,$10998,$10475,$523,$0,$130,$10605,$393,$-38,$355,$-6,$361,$361,$361,$459,$393,$0,0,$0.00,$0.00,$314,$3204,$2558,$9667,$2786,$673,$0,$518,$3978,$13645,$6819,$1332,$752,$2353,$9172,$0,$0,$-233,$4473,$13645,$1336,$253,$43,$297,$-377,$-253,$0,$-118,$-914,$719,$-464,$0,$-166,$0,$-83,$-83,$19,$-694,$-97,$-28,$-124,$0,$0,$-25,$-490,$-639,$-624,$0,$0
24,2012-05-31,20.15,$0.00,0.0,0.0,0.0,0.0,0.0,0.0,0.0,$7.66B,$4.80B,1.59,$1.39B,$4.06B,0.34,$40.21B,$1.85B,4.61%,$40.21B,$1.35B,3.35%,$40.21B,$1.35B,3.35%,$40.21B,$1.61B,3.99%,$40.21B,$1.30B,3.23%,$40.21B,$1.11B,2.75%,$1.11B,$4.38B,26.23%,$1.11B,$4.38B,26.23%,$1.11B,$11.47B,9.37%,$1.35B,$5.77B,24.02%,$11023,$10407,$616,$0,$129,$10536,$487,$-46,$441,$34,$407,$407,$405,$552,$487,$0,0,$0.00,$0.00,$689,$2635,$985,$7657,$2707,$632,$0,$477,$3816,$11473,$4803,$1392,$634,$2293,$7096,$0,$0,$-197,$4377,$11473,$975,$188,$4,$192,$-300,$306,$0,$292,$-172,$995,$-333,$0,$-159,$0,$-24,$-24,$66,$-450,$-56,$-186,$-241,$0,$0,$-18,$-524,$-784,$-248,$0,$0
25,2012-02-29,19.7,$0.00,0.0,0.0,0.0,0.0,0.0,0.0,0.0,$7.62B,$4.92B,1.55,$1.40B,$3.82B,0.37,$39.66B,$1.68B,4.22%,$39.66B,$1.20B,3.02%,$39.66B,$1.20B,3.02%,$39.66B,$1.45B,3.66%,$39.66B,$1.32B,3.34%,$39.66B,$1.06B,2.67%,$1.06B,$4.14B,25.51%,$1.06B,$4.14B,25.51%,$1.06B,$11.37B,8.83%,$1.20B,$5.53B,22.02%,$8844,$8612,$232,$0,$127,$8739,$105,$-15,$90,$11,$79,$79,$78,$168,$105,$0,0,$0.00,$0.00,$508,$3306,$1135,$7619,$2637,$612,$0,$499,$3748,$11367,$4923,$1397,$644,$2307,$7230,$0,$0,$-192,$4137,$11367,$568,$123,$-0,$123,$393,$-466,$0,$497,$-85,$606,$-216,$0,$-158,$0,$-13,$-13,$44,$-343,$-40,$-147,$-187,$0,$0,$-12,$-489,$-688,$-430,$0,$0
26,2011-11-30,19.27,$0.00,0.0,0.0,0.0,0.0,0.0,0.0,0.0,$8.62B,$5.74B,1.5,$1.38B,$3.77B,0.37,$38.52B,$1.74B,4.51%,$38.52B,$1.28B,3.33%,$38.52B,$1.28B,3.33%,$38.52B,$1.54B,3.99%,$38.52B,$1.45B,3.76%,$38.52B,$1.18B,3.05%,$1.18B,$4.08B,28.83%,$1.18B,$4.08B,28.83%,$1.18B,$12.14B,9.74%,$1.28B,$5.47B,24.45%,$9734,$9094,$640,$0,$113,$9207,$527,$3,$531,$42,$489,$489,$416,$587,$527,$0,0,$0.00,$0.00,$1796,$3013,$1052,$8620,$2504,$586,$0,$427,$3516,$12137,$5739,$1384,$667,$2314,$8052,$0,$0,$-194,$4084,$12137,$489,$60,$17,$76,$238,$-228,$0,$332,$592,$1157,$-114,$0,$-32,$0,$-3,$-3,$33,$-117,$-39,$-71,$-110,$0,$0,$-6,$-62,$-178,$858,$0,$0
27,2011-08-31,17.98,$0.00,0.0,0.0,0.0,0.0,0.0,0.0,0.0,$8.74B,$5.96B,1.47,$1.41B,$3.95B,0.36,$36.92B,$1.40B,3.80%,$36.92B,$0.97B,2.61%,$36.92B,$0.97B,2.61%,$36.92B,$1.22B,3.29%,$36.92B,$1.15B,3.11%,$36.92B,$0.96B,2.61%,$0.96B,$4.27B,24.11%,$0.96B,$4.27B,24.11%,$0.96B,$12.22B,8.32%,$0.97B,$5.68B,19.12%,$10605,$10242,$364,$0,$134,$10376,$229,$7,$237,$-0,$237,$237,$207,$298,$229,$0,0,$0.00,$0.00,$938,$2768,$2051,$8737,$2420,$596,$0,$463,$3480,$12217,$5961,$1411,$580,$1991,$7952,$0,$0,$-175,$4265,$12217,$1061,$251,$-67,$184,$-715,$-797,$0,$-303,$-944,$301,$-393,$0,$-67,$0,$259,$259,$-349,$-551,$517,$458,$975,$0,$0,$-25,$-163,$787,$543,$0,$0
28,2011-05-31,18.38,$0.00,0.0,0.0,0.0,0.0,0.0,0.0,0.0,$8.86B,$6.68B,1.33,$0.95B,$3.80B,0.25,$32.93B,$1.29B,3.91%,$32.93B,$0.89B,2.69%,$32.93B,$0.89B,2.69%,$32.93B,$1.13B,3.42%,$32.93B,$1.08B,3.29%,$32.93B,$0.91B,2.76%,$0.91B,$4.12B,23.77%,$0.91B,$4.12B,23.77%,$0.91B,$12.25B,8.51%,$0.89B,$5.07B,18.69%,$10472,$10032,$439,$0,$104,$10136,$336,$130,$466,$60,$406,$406,$358,$400,$336,$0,0,$0.00,$0.00,$290,$3046,$2285,$8862,$2389,$570,$0,$428,$3387,$12249,$6679,$949,$502,$1451,$8131,$0,$0,$-197,$4118,$12249,$824,$182,$-98,$84,$-784,$-1083,$0,$-299,$-1292,$-384,$-295,$0,$-67,$0,$252,$252,$-533,$-643,$55,$1094,$1149,$0,$0,$-18,$-218,$912,$-105,$0,$0
29,2011-02-28,18.22,$0.00,0.0,0.0,0.0,0.0,0.0,0.0,0.0,$8.18B,$6.47B,1.26,$0.93B,$3.53B,0.26,$29.03B,$1.10B,3.79%,$29.03B,$0.71B,2.44%,$29.03B,$0.71B,2.44%,$29.03B,$0.94B,3.22%,$29.03B,$0.80B,2.75%,$29.03B,$0.70B,2.40%,$0.70B,$3.85B,18.86%,$0.70B,$3.85B,18.86%,$0.70B,$11.69B,7.30%,$0.71B,$4.78B,15.36%,$7706,$7413,$293,$0,$102,$7516,$191,$24,$214,$2,$212,$212,$195,$252,$191,$0,0,$0.00,$0.00,$184,$3232,$2379,$8175,$2355,$721,$0,$442,$3518,$11693,$6466,$931,$450,$1381,$7847,$0,$0,$-201,$3847,$11693,$418,$118,$-45,$73,$-247,$-1271,$0,$-120,$-1449,$-957,$-221,$0,$-66,$0,$21,$21,$-486,$-751,$55,$1648,$1703,$0,$0,$-12,$-193,$1497,$-211,$0,$0
30,2010-11-30,17.63,$0.00,0.0,0.0,0.0,0.0,0.0,0.0,0.0,$6.63B,$4.95B,1.34,$0.93B,$3.41B,0.27,$27.21B,$0.98B,3.58%,$27.21B,$0.59B,2.17%,$27.21B,$0.59B,2.17%,$27.21B,$0.82B,3.00%,$27.21B,$0.68B,2.48%,$27.21B,$0.58B,2.15%,$0.58B,$3.73B,16.27%,$0.58B,$3.73B,16.27%,$0.58B,$10.10B,6.80%,$0.59B,$4.66B,13.11%,$8133,$7826,$307,$0,$98,$7924,$209,$23,$231,$25,$206,$206,$202,$266,$209,$0,0,$0.00,$0.00,$264,$2604,$1393,$6630,$2290,$705,$0,$474,$3469,$10099,$4949,$934,$487,$1421,$6370,$0,$0,$-199,$3729,$10099,$206,$57,$1,$58,$-171,$-643,$0,$-144,$-641,$-376,$-179,$0,$-3,$0,$17,$17,$-291,$-457,$62,$690,$751,$0,$0,$-6,$-43,$702,$-130,$0,$0
31,2010-08-31,16.83,$0.00,0.0,0.0,0.0,0.0,0.0,0.0,0.0,$5.32B,$3.71B,1.43,$0.87B,$3.29B,0.27,$25.27B,$0.87B,3.45%,$25.27B,$0.50B,1.99%,$25.27B,$0.50B,1.99%,$25.27B,$0.73B,2.87%,$25.27B,$0.58B,2.31%,$25.27B,$0.50B,1.99%,$0.50B,$3.60B,14.31%,$0.50B,$3.60B,14.31%,$0.50B,$8.67B,6.16%,$0.50B,$4.48B,11.37%,$6618,$6369,$249,$0,$98,$6467,$151,$20,$171,$4,$167,$167,$154,$207,$151,$0,0,$0.00,$0.00,$395,$1961,$1052,$5316,$2253,$719,$0,$377,$3350,$8666,$3712,$874,$475,$1349,$5062,$0,$0,$-205,$3604,$8666,$535,$221,$-22,$199,$-124,$-426,$0,$-256,$-584,$150,$-322,$0,$-6,$0,$81,$81,$-43,$-290,$-85,$15,$-70,$0,$0,$-23,$-144,$-237,$-378,$0,$0
32,2010-05-31,16.35,$0.00,0.0,0.0,0.0,0.0,0.0,0.0,0.0,$4.56B,$2.74B,1.66,$0.92B,$3.26B,0.28,$25.31B,$0.81B,3.19%,$25.31B,$0.46B,1.82%,$25.31B,$0.46B,1.82%,$25.31B,$0.69B,2.71%,$25.31B,$0.53B,2.10%,$25.31B,$0.45B,1.76%,$0.45B,$3.58B,12.93%,$0.45B,$3.58B,12.93%,$0.45B,$7.69B,5.59%,$0.46B,$4.49B,10.50%,$6576,$6324,$252,$0,$96,$6420,$156,$26,$181,$22,$159,$159,$145,$211,$156,$0,0,$0.00,$0.00,$305,$1651,$569,$4564,$2195,$653,$0,$280,$3129,$7693,$2743,$916,$456,$1372,$4114,$0,$0,$-158,$3578,$7693,$368,$166,$-6,$159,$-160,$-124,$0,$-221,$-546,$-19,$-235,$0,$0,$0,$99,$99,$-58,$-194,$-47,$-33,$-80,$0,$0,$-17,$-154,$-251,$-467,$0,$0
33,2010-02-28,16.32,$0.00,0.0,0.0,0.0,0.0,0.0,0.0,0.0,$4.77B,$3.06B,1.56,$0.95B,$3.16B,0.3,$24.89B,$0.71B,2.87%,$24.89B,$0.37B,1.50%,$24.89B,$0.37B,1.50%,$24.89B,$0.60B,2.40%,$24.89B,$0.44B,1.77%,$24.89B,$0.37B,1.47%,$0.37B,$3.45B,10.74%,$0.37B,$3.45B,10.74%,$0.37B,$7.88B,4.49%,$0.37B,$4.39B,8.52%,$5878,$5712,$167,$0,$92,$5804,$75,$18,$93,$7,$86,$86,$83,$131,$75,$0,0,$0.00,$0.00,$221,$2035,$729,$4767,$2171,$650,$0,$295,$3116,$7883,$3062,$948,$427,$1374,$4437,$0,$0,$-159,$3446,$7883,$209,$111,$2,$113,$81,$-509,$0,$-18,$-554,$-232,$-166,$0,$0,$0,$85,$85,$-46,$-128,$-15,$-49,$-64,$0,$0,$-11,$-114,$-188,$-552,$0,$0
34,2009-11-30,15.78,$0.00,0.0,0.0,0.0,0.0,0.0,0.0,0.0,$5.26B,$3.56B,1.48,$0.95B,$3.12B,0.31,$24.19B,$0.76B,3.15%,$24.19B,$0.41B,1.71%,$24.19B,$0.41B,1.71%,$24.19B,$0.64B,2.62%,$24.19B,$0.46B,1.92%,$24.19B,$0.36B,1.50%,$0.36B,$3.41B,10.78%,$0.36B,$3.41B,10.78%,$0.36B,$8.38B,4.44%,$0.41B,$4.36B,9.44%,$6195,$5993,$203,$0,$81,$6073,$122,$16,$138,$16,$123,$123,$120,$177,$122,$0,0,$0.00,$0.00,$754,$1859,$581,$5257,$2125,$698,$0,$298,$3120,$8377,$3557,$953,$461,$1414,$4971,$0,$0,$-156,$3406,$8377,$123,$55,$10,$65,$-244,$-333,$0,$4,$-217,$-30,$-76,$0,$0,$0,$38,$38,$6,$-32,$-11,$15,$4,$0,$0,$-5,$43,$41,$-19,$0,$0
35,2009-08-31,15.14,$0.00,0.0,0.0,0.0,0.0,0.0,0.0,0.0,$4.75B,$3.12B,1.52,$0.99B,$3.05B,0.32,$25.73B,$0.88B,3.42%,$25.73B,$0.53B,2.04%,$25.73B,$0.53B,2.04%,$25.73B,$0.75B,2.90%,$25.73B,$0.50B,1.96%,$25.73B,$0.38B,1.48%,$0.38B,$3.33B,11.42%,$0.38B,$3.33B,11.42%,$0.38B,$7.87B,4.58%,$0.53B,$4.32B,12.01%,$6656,$6470,$186,$0,$78,$6548,$108,$11,$119,$16,$103,$103,$97,$166,$108,$0,0,$0.00,$0.00,$773,$1526,$619,$4746,$2099,$728,$0,$297,$3124,$7870,$3119,$988,$429,$1417,$4537,$0,$0,$-156,$3333,$7870,$440,$221,$139,$360,$693,$896,$0,$10,$934,$1735,$-307,$0,$-76,$0,$-39,$-39,$131,$-290,$-119,$-251,$-370,$0,$0,$-20,$-419,$-809,$636,$0,$0
36,2009-05-31,14.24,$0.00,0.0,0.0,0.0,0.0,0.0,0.0,0.0,$5.24B,$3.52B,1.49,$1.03B,$3.13B,0.33,$28.49B,$1.02B,3.56%,$28.49B,$0.64B,2.23%,$28.49B,$0.64B,2.23%,$28.49B,$0.86B,3.01%,$28.49B,$0.58B,2.05%,$28.49B,$0.43B,1.51%,$0.43B,$3.41B,13.23%,$0.43B,$3.41B,13.23%,$0.43B,$8.37B,5.02%,$0.64B,$4.44B,14.79%,$6163,$6005,$158,$0,$90,$6095,$68,$23,$91,$14,$77,$77,$65,$124,$68,$0,0,$0.00,$0.00,$166,$2023,$957,$5237,$2055,$758,$0,$321,$3134,$8370,$3520,$1026,$412,$1439,$4959,$0,$0,$-84,$3412,$8370,$338,$163,$53,$216,$505,$367,$0,$-31,$125,$678,$-217,$-1,$-76,$0,$-63,$-63,$73,$-285,$-69,$61,$-8,$0,$0,$-15,$-341,$-363,$30,$0,$0
37,2009-02-28,13.66,$0.00,0.0,0.0,0.0,0.0,0.0,0.0,0.0,$5.13B,$3.37B,1.52,$1.06B,$3.08B,0.34,$31.66B,$1.14B,3.59%,$31.66B,$0.76B,2.41%,$31.66B,$0.76B,2.41%,$31.66B,$0.98B,3.10%,$31.66B,$0.71B,2.23%,$31.66B,$0.55B,1.75%,$0.55B,$3.36B,17.80%,$0.55B,$3.36B,17.80%,$0.55B,$8.17B,6.40%,$0.76B,$4.42B,18.20%,$5177,$4962,$215,$0,$99,$5061,$116,$-0,$116,$14,$102,$102,$82,$168,$116,$0,0,$0.00,$0.00,$347,$1982,$1273,$5128,$2014,$705,$0,$325,$3044,$8172,$3373,$1058,$380,$1438,$4811,$0,$0,$-86,$3360,$8172,$261,$107,$57,$164,$987,$404,$0,$120,$509,$934,$-132,$-1,$-76,$0,$-39,$-39,$124,$-125,$-39,$-221,$-260,$0,$0,$-9,$-330,$-599,$210,$0,$0
38,2008-11-30,13.28,$0.00,0.0,0.0,0.0,0.0,0.0,0.0,0.0,$5.90B,$4.12B,1.43,$1.06B,$3.01B,0.35,$33.38B,$1.18B,3.54%,$33.38B,$0.83B,2.48%,$33.38B,$0.83B,2.48%,$33.38B,$1.05B,3.13%,$33.38B,$0.79B,2.35%,$33.38B,$0.64B,1.91%,$0.64B,$3.24B,21.56%,$0.64B,$3.24B,21.56%,$0.64B,$8.84B,7.01%,$0.83B,$4.31B,20.38%,$7734,$7413,$321,$0,$88,$7501,$233,$-54,$178,$19,$159,$159,$137,$288,$233,$0,0,$0.00,$0.00,$783,$2054,$1144,$5895,$1970,$721,$0,$251,$2943,$8838,$4117,$1062,$415,$1477,$5594,$0,$0,$-87,$3244,$8838,$159,$55,$65,$120,$675,$321,$0,$133,$718,$997,$-61,$-1,$-40,$0,$-72,$-72,$97,$-77,$-22,$-137,$-159,$0,$0,$-5,$-109,$-273,$647,$0,$0
39,2008-08-31,13.18,$0.00,0.0,0.0,0.0,0.0,0.0,0.0,0.0,$5.85B,$4.11B,1.42,$1.08B,$2.96B,0.36,$32.17B,$1.18B,3.65%,$32.17B,$0.84B,2.62%,$32.17B,$0.84B,2.62%,$32.17B,$1.05B,3.27%,$32.17B,$0.95B,2.94%,$32.17B,$0.80B,2.50%,$0.80B,$2.96B,28.64%,$0.80B,$2.96B,28.64%,$0.80B,$8.77B,8.90%,$0.84B,$4.03B,21.72%,$9414,$9093,$321,$0,$102,$9195,$219,$-19,$199,$-18,$217,$217,$145,$277,$219,$0,0,$0.00,$0.00,$137,$2368,$1037,$5849,$1948,$785,$0,$190,$2923,$8772,$4111,$1076,$424,$1706,$5816,$0,$0,$0,$2956,$8772,$875,$210,$-53,$158,$-832,$-518,$0,$294,$-227,$805,$-331,$-3,$-47,$0,$-205,$-205,$-77,$-664,$501,$-565,$-65,$0,$0,$-16,$-282,$-363,$-221,$0,$0
40,2008-05-31,12.96,$0.00,0.0,0.0,0.0,0.0,0.0,0.0,0.0,$5.87B,$4.21B,1.4,$1.12B,$2.87B,0.39,$27.75B,$1.24B,4.46%,$27.75B,$0.94B,3.39%,$27.75B,$0.94B,3.39%,$27.75B,$1.14B,4.09%,$27.75B,$1.04B,3.74%,$27.75B,$0.96B,3.44%,$0.96B,$2.87B,35.58%,$0.96B,$2.87B,35.58%,$0.96B,$8.80B,11.21%,$0.94B,$3.99B,25.82%,$9337,$9056,$281,$0,$87,$9143,$194,$18,$212,$24,$189,$189,$189,$248,$194,$0,0,$0.00,$0.00,$250,$2166,$1215,$5865,$1924,$784,$0,$231,$2939,$8804,$4205,$1124,$409,$1734,$5939,$0,$0,$0,$2865,$8804,$658,$152,$-21,$131,$-766,$-318,$0,$203,$-276,$512,$-269,$-2,$-46,$0,$-180,$-180,$-71,$-569,$545,$-265,$280,$0,$0,$-12,$-320,$-52,$-108,$0,$0
41,2008-02-29,12.76,$0.00,0.0,0.0,0.0,0.0,0.0,0.0,0.0,$7.12B,$5.56B,1.28,$1.15B,$2.79B,0.41,$23.15B,$1.29B,5.57%,$23.15B,$1.01B,4.38%,$23.15B,$1.01B,4.38%,$23.15B,$1.19B,5.15%,$23.15B,$1.09B,4.70%,$23.15B,$1.01B,4.35%,$1.01B,$2.79B,39.17%,$1.01B,$2.79B,39.17%,$1.01B,$10.07B,12.80%,$1.01B,$3.95B,29.74%,$6891,$6634,$258,$0,$75,$6709,$183,$15,$197,$29,$168,$168,$168,$233,$183,$0,0,$0.00,$0.00,$122,$2714,$2270,$7119,$1874,$849,$0,$224,$2947,$10066,$5556,$1153,$371,$1716,$7273,$0,$0,$0,$2793,$10066,$469,$98,$-83,$14,$-604,$-873,$0,$90,$-916,$-433,$-203,$-2,$-5,$0,$-173,$-173,$-19,$-402,$570,$300,$870,$0,$-7,$0,$-263,$599,$-235,$0,$0
42,2007-11-30,12.26,$0.00,0.0,0.0,0.0,0.0,0.0,0.0,0.0,$5.55B,$4.29B,1.3,$0.98B,$2.60B,0.38,$19.99B,$1.18B,5.90%,$19.99B,$0.92B,4.60%,$19.99B,$0.92B,4.60%,$19.99B,$1.09B,5.45%,$19.99B,$0.98B,4.91%,$19.99B,$0.92B,4.61%,$0.92B,$2.60B,38.01%,$0.92B,$2.60B,38.01%,$0.92B,$8.44B,13.55%,$0.92B,$3.58B,29.28%,$6525,$6211,$315,$0,$66,$6277,$248,$90,$338,$37,$301,$301,$301,$295,$248,$0,0,$0.00,$0.00,$187,$2236,$1165,$5554,$1836,$807,$0,$242,$2885,$8439,$4289,$975,$381,$1548,$5837,$0,$0,$0,$2602,$8439,$301,$47,$-56,$-8,$-545,$-395,$0,$4,$-278,$15,$-128,$-1,$-4,$0,$-153,$-153,$-32,$-317,$381,$-229,$152,$0,$0,$-4,$-17,$132,$-171,$0,$0
43,2007-08-31,12.13,$0.00,0.0,0.0,0.0,0.0,0.0,0.0,0.0,$3.94B,$3.12B,1.26,$0.59B,$2.48B,0.24,$17.22B,$1.09B,6.31%,$17.22B,$0.84B,4.88%,$17.22B,$0.84B,4.88%,$17.22B,$1.01B,5.84%,$17.22B,$0.80B,4.64%,$17.22B,$0.76B,4.40%,$0.76B,$2.48B,32.69%,$0.76B,$2.48B,32.69%,$0.76B,$6.75B,12.44%,$0.84B,$3.07B,28.50%,$4998,$4612,$385,$0,$70,$4682,$316,$-24,$291,$-6,$297,$297,$297,$359,$316,$0,0,$0.00,$0.00,$358,$1667,$511,$3937,$1728,$881,$0,$209,$2818,$6754,$3115,$589,$377,$1164,$4279,$0,$0,$0,$2475,$6754,$757,$164,$125,$288,$-278,$-528,$0,$-43,$-638,$407,$-394,$-9,$-15,$0,$-80,$-80,$-31,$-530,$-57,$633,$576,$0,$0,$-13,$-195,$368,$245,$0,$0
44,2007-05-31,12.06,$0.00,0.0,0.0,0.0,0.0,0.0,0.0,0.0,$3.44B,$2.50B,1.38,$0.63B,$2.40B,0.26,$16.25B,$0.96B,5.90%,$16.25B,$0.72B,4.42%,$16.25B,$0.72B,4.42%,$16.25B,$0.89B,5.48%,$16.25B,$0.69B,4.26%,$16.25B,$0.63B,3.90%,$0.63B,$2.40B,28.81%,$0.63B,$2.40B,28.81%,$0.63B,$6.17B,11.26%,$0.72B,$3.03B,25.14%,$4732,$4402,$331,$0,$65,$4466,$266,$-3,$263,$23,$240,$240,$240,$306,$266,$0,0,$0.00,$0.00,$246,$1197,$561,$3444,$1626,$811,$0,$287,$2724,$6168,$2503,$630,$421,$1262,$3765,$0,$0,$0,$2403,$6168,$460,$121,$65,$186,$-314,$-59,$0,$-126,$-374,$271,$-249,$-8,$0,$0,$-69,$-69,$-56,$-382,$-54,$507,$452,$0,$0,$-9,$-198,$244,$133,$0,$0
45,2007-02-28,11.93,$0.00,0.0,0.0,0.0,0.0,0.0,0.0,0.0,$3.26B,$2.44B,1.34,$0.65B,$2.22B,0.29,$15.26B,$0.85B,5.54%,$15.26B,$0.61B,3.98%,$15.26B,$0.61B,3.98%,$15.26B,$0.77B,5.07%,$15.26B,$0.59B,3.86%,$15.26B,$0.53B,3.48%,$0.53B,$2.22B,25.50%,$0.53B,$2.22B,25.50%,$0.53B,$5.86B,9.98%,$0.61B,$2.88B,22.03%,$3735,$3587,$148,$0,$59,$3645,$89,$0,$90,$6,$84,$84,$84,$130,$89,$0,0,$0.00,$0.00,$140,$1270,$772,$3264,$1563,$755,$0,$278,$2596,$5860,$2435,$654,$386,$1203,$3638,$0,$0,$0,$2222,$5860,$220,$81,$44,$125,$1,$-134,$0,$-188,$-414,$-69,$-150,$-1,$0,$0,$-67,$-67,$-18,$-236,$-29,$531,$502,$0,$0,$-6,$-164,$332,$28,$0,$0
46,2006-11-30,11.85,$0.00,0.0,0.0,0.0,0.0,0.0,0.0,0.0,$3.03B,$2.19B,1.39,$0.67B,$2.16B,0.31,$14.68B,$0.81B,5.52%,$14.68B,$0.58B,3.93%,$14.68B,$0.58B,3.93%,$14.68B,$0.73B,4.99%,$14.68B,$0.54B,3.70%,$14.68B,$0.49B,3.32%,$0.49B,$2.16B,24.45%,$0.49B,$2.16B,24.45%,$0.49B,$5.55B,9.82%,$0.58B,$2.83B,21.49%,$3751,$3529,$222,$0,$52,$3581,$170,$-17,$154,$17,$136,$136,$136,$211,$170,$0,0,$0.00,$0.00,$112,$1180,$593,$3028,$1525,$713,$0,$284,$2523,$5550,$2185,$666,$374,$1204,$3388,$0,$0,$0,$2162,$5550,$136,$40,$41,$82,$-40,$-45,$0,$-245,$-251,$-33,$-80,$-1,$0,$0,$-65,$-65,$-35,$-181,$-18,$269,$252,$0,$0,$-3,$-35,$214,$-0,$0,$0
