,Date,Stock Price,Book Value per Share,Price to Book Ratio,TTM Sales per Share,Price to Sales Ratio,TTM FCF per Share,Price to FCF Ratio,TTM Net EPS,PE Ratio,Current Assets,Current Liabilities,Current Ratio,Long Term Debt,Shareholder's Equity_x,Debt to Equity Ratio,TTM Revenue_x,TTM Gross Profit,Gross Margin,TTM Revenue_y,TTM Operating Income,Operating Margin,TTM Revenue_x,TTM EBIT,EBIT Margin,TTM Revenue_y,TTM EBITDA,EBITDA Margin,TTM Revenue_x,TTM Pre-Tax Income,Pre-Tax Margin,TTM Revenue_y,TTM Net Income_x,Net Margin,TTM Net Income_y,Shareholder's Equity_y,Return on Equity,TTM Net Income_x,Tangible Equity,Return on Tangible Equity,TTM Net Income_y,Total Assets,Return on Assets,TTM Net Income,LT Investments & Debt,Return on Investment,revenue,cost-goods-sold,gross-profit,research-development-expenses,selling-general-administrative-expenses,operating-expenses,operating-income,total-non-operating-income-expense,pre-tax-income,total-provision-income-taxes,income-after-taxes,income-from-continuous-operations,net-income,ebitda,ebit,basic-shares-outstanding,shares-outstanding,eps-basic-net-earnings-per-share,eps-earnings-per-share-diluted,cash-on-hand,inventory,other-current-assets,total-current-assets,net-property-plant-equipment,long-term-investments,goodwill-intangible-assets-total,other-long-term-assets,total-long-term-assets,total-assets,total-current-liabilities,long-term-debt,other-non-current-liabilities,total-long-term-liabilities,total-liabilities,common-stock-net,retained-earnings-accumulated-deficit,comprehensive-income,total-share-holder-equity,total-liabilities-share-holders-equity,net-income-loss,total-depreciation-amortization-cash-flow,other-non-cash-items,total-non-cash-items,change-in-accounts-receivable,change-in-inventories,change-in-accounts-payable,change-in-assets-liabilities,total-change-in-assets-liabilities,cash-flow-from-operating-activities,net-change-in-property-plant-equipment,net-change-in-intangible-assets,net-acquisitions-divestitures,net-change-in-short-term-investments,net-change-in-long-term-investments,net-change-in-investments-total,investing-activities-other,cash-flow-from-investing-activities,net-long-term-debt,net-current-debt,debt-issuance-retirement-net-total,net-common-equity-issued-repurchased,net-total-equity-issued-repurchased,total-common-preferred-stock-dividends-paid,financial-activities-other,cash-flow-from-financial-activities,net-cash-flow,stock-based-compensation,common-stock-dividends-paid
0,2018-09-30,32.07,$17.72,1.81,$10.01,3.2,$3.74,8.58,$1.86,17.24,$0.13B,$0.08B,1.75,$0.76B,$1.07B,0.71,$0.60B,$0.21B,34.34%,$0.60B,$0.11B,18.26%,$0.60B,$0.11B,18.26%,$0.60B,$0.19B,31.49%,$0.60B,$0.11B,18.93%,$0.60B,$0.11B,18.59%,$0.11B,$1.07B,10.59%,$0.11B,$1.04B,10.96%,$0.11B,$1.93B,5.66%,$0.11B,$1.83B,5.86%,$156,$104,$52,$0,$4,$127,$29,$25,$54,$1,$53,$53,$53,$48,$29,$59,60,$0.90,$0.89,$99,$0,$0,$131,$1740,$0,$35,$25,$1800,$1931,$75,$755,$31,$786,$861,$1,$0,$8,$1070,$1931,$84,$59,$-27,$31,$-12,$0,$0,$1,$-2,$113,$-30,$0,$90,$0,$0,$0,$0,$60,$-75,$0,$-75,$-1,$-1,$-71,$-2,$-149,$24,$6,$-71
1,2018-06-30,31.64,$17.18,1.84,$10.07,3.14,$3.46,9.15,$1.21,26.15,$0.10B,$0.07B,1.53,$0.83B,$1.04B,0.8,$0.60B,$0.21B,34.39%,$0.60B,$0.11B,18.36%,$0.60B,$0.11B,18.36%,$0.60B,$0.19B,31.55%,$0.60B,$0.08B,13.36%,$0.60B,$0.07B,12.02%,$0.07B,$1.04B,6.92%,$0.07B,$1.00B,7.16%,$0.07B,$1.97B,3.63%,$0.11B,$1.87B,5.84%,$163,$104,$59,$0,$5,$128,$35,$-9,$26,$3,$24,$24,$24,$55,$35,$59,60,$0.40,$0.40,$69,$0,$0,$103,$1747,$0,$35,$85,$1867,$1970,$67,$832,$32,$865,$932,$1,$0,$7,$1038,$1970,$30,$39,$4,$43,$-13,$0,$0,$-2,$-13,$60,$-19,$0,$0,$0,$0,$0,$0,$-19,$3,$0,$3,$-1,$-1,$-48,$-2,$-47,$-5,$4,$-48
2,2018-03-31,27.46,$17.14,1.6,$10.09,2.72,$3.35,8.2,$1.13,24.3,$0.09B,$0.07B,1.32,$0.83B,$1.04B,0.8,$0.60B,$0.20B,34.11%,$0.60B,$0.11B,18.06%,$0.60B,$0.11B,18.06%,$0.60B,$0.19B,31.27%,$0.60B,$0.08B,13.21%,$0.60B,$0.07B,11.20%,$0.07B,$1.04B,6.25%,$0.07B,$1.00B,6.46%,$0.07B,$1.96B,3.34%,$0.11B,$1.87B,5.68%,$135,$97,$38,$0,$5,$122,$13,$-9,$4,$-2,$7,$7,$7,$33,$13,$59,60,$0.11,$0.11,$62,$0,$0,$87,$1814,$0,$35,$28,$1877,$1964,$66,$832,$31,$863,$929,$1,$0,$6,$1035,$1964,$7,$20,$2,$22,$-5,$0,$0,$-3,$-8,$20,$-10,$0,$0,$0,$0,$0,$0,$-10,$2,$0,$2,$-1,$-1,$-24,$0,$-23,$-13,$2,$-24
3,2017-12-31,26.37,$17.49,1.51,$10.12,2.61,$3.30,7.99,$1.11,23.76,$0.10B,$0.07B,1.46,$0.83B,$1.05B,0.79,$0.60B,$0.20B,33.78%,$0.60B,$0.11B,17.89%,$0.60B,$0.11B,17.89%,$0.60B,$0.19B,31.10%,$0.60B,$0.08B,13.21%,$0.60B,$0.07B,11.04%,$0.07B,$1.05B,5.96%,$0.07B,$1.01B,6.16%,$0.07B,$1.98B,3.26%,$0.11B,$1.88B,5.59%,$143,$86,$56,$0,$5,$111,$32,$-3,$29,$2,$28,$28,$27,$52,$32,$59,59,$0.47,$0.46,$75,$0,$0,$96,$1823,$0,$35,$21,$1880,$1975,$66,$830,$32,$861,$927,$1,$0,$2,$1048,$1975,$76,$78,$-10,$68,$-1,$0,$0,$-0,$-0,$144,$-55,$0,$46,$0,$0,$0,$6,$-4,$92,$0,$92,$-1,$-126,$-103,$-2,$-139,$1,$7,$-96
4,2017-09-30,25.88,$17.30,1.5,$10.18,2.54,$3.98,6.5,$0.81,31.94,$0.11B,$0.07B,1.56,$0.88B,$1.04B,0.84,$0.60B,$0.19B,31.67%,$0.60B,$0.10B,15.83%,$0.60B,$0.10B,15.83%,$0.60B,$0.17B,29.00%,$0.60B,$0.06B,10.33%,$0.60B,$0.05B,8.00%,$0.05B,$1.04B,4.20%,$0.05B,$1.01B,4.34%,$0.05B,$2.03B,2.36%,$0.10B,$1.92B,4.93%,$158,$105,$53,$0,$4,$129,$30,$-9,$21,$2,$19,$19,$14,$49,$30,$59,59,$0.24,$0.24,$78,$0,$0,$106,$1828,$0,$35,$59,$1923,$2029,$68,$877,$44,$921,$989,$1,$0,$0,$1040,$2029,$49,$59,$6,$65,$-9,$0,$0,$-2,$-5,$107,$-42,$0,$0,$0,$0,$0,$0,$-42,$141,$0,$141,$-1,$-126,$-79,$-2,$-67,$-1,$6,$-72
5,2017-06-30,23.13,$19.43,1.19,$10.30,2.25,$4.65,4.97,$0.97,23.85,$0.12B,$0.07B,1.77,$0.77B,$1.17B,0.66,$0.61B,$0.19B,31.96%,$0.61B,$0.10B,16.31%,$0.61B,$0.10B,16.31%,$0.61B,$0.18B,29.49%,$0.61B,$0.07B,11.04%,$0.61B,$0.06B,9.56%,$0.06B,$1.17B,4.90%,$0.06B,$1.13B,5.06%,$0.06B,$2.05B,2.84%,$0.10B,$1.94B,5.11%,$162,$105,$57,$0,$5,$129,$33,$-8,$25,$3,$22,$22,$19,$53,$33,$59,59,$0.32,$0.32,$91,$0,$0,$117,$1875,$0,$36,$22,$1932,$2049,$66,$770,$45,$815,$881,$1,$0,$-0,$1168,$2049,$30,$39,$4,$43,$-6,$0,$0,$-4,$-9,$63,$-29,$0,$0,$0,$0,$0,$0,$-29,$34,$0,$34,$-1,$-1,$-53,$-2,$-22,$12,$4,$-48
6,2017-03-31,22.29,$19.49,1.14,$10.43,2.14,$5.14,4.34,$1.09,20.45,$0.10B,$0.06B,1.52,$0.76B,$1.17B,0.64,$0.61B,$0.20B,32.57%,$0.61B,$0.11B,17.10%,$0.61B,$0.11B,17.10%,$0.61B,$0.18B,29.97%,$0.61B,$0.07B,12.05%,$0.61B,$0.07B,10.59%,$0.07B,$1.17B,5.46%,$0.07B,$1.14B,5.63%,$0.07B,$2.03B,3.17%,$0.11B,$1.93B,5.41%,$135,$99,$36,$0,$5,$123,$12,$-8,$4,$-4,$8,$8,$6,$32,$12,$59,59,$0.09,$0.09,$75,$0,$0,$95,$1880,$0,$36,$22,$1938,$2033,$63,$755,$45,$799,$862,$1,$0,$0,$1171,$2033,$8,$19,$2,$21,$0,$0,$0,$-4,$-5,$24,$-16,$0,$0,$0,$0,$0,$0,$-16,$17,$0,$17,$-1,$-1,$-27,$-0,$-11,$-4,$2,$-25
7,2016-12-31,23.66,$19.92,1.19,$10.52,2.25,$5.37,4.4,$1.13,20.94,$0.10B,$0.07B,1.54,$0.74B,$1.19B,0.62,$0.62B,$0.20B,32.90%,$0.62B,$0.11B,17.58%,$0.62B,$0.11B,17.58%,$0.62B,$0.19B,30.16%,$0.62B,$0.08B,12.58%,$0.62B,$0.07B,10.81%,$0.07B,$1.19B,5.60%,$0.07B,$1.15B,5.77%,$0.07B,$2.04B,3.24%,$0.11B,$1.93B,5.58%,$145,$101,$44,$0,$5,$125,$20,$-8,$12,$0,$12,$12,$9,$40,$20,$59,59,$0.16,$0.16,$79,$0,$0,$99,$1883,$0,$36,$18,$1936,$2035,$65,$737,$45,$782,$847,$1,$0,$-0,$1189,$2035,$77,$77,$9,$86,$-4,$0,$0,$0,$-2,$160,$-32,$0,$2,$0,$0,$0,$4,$-26,$-33,$0,$-33,$-3,$-3,$-104,$-1,$-141,$-7,$10,$-94
8,2016-09-30,20.63,$20.00,1.03,$10.57,1.95,$5.18,3.98,$1.18,17.48,$0.13B,$0.07B,1.82,$0.75B,$1.20B,0.62,$0.62B,$0.21B,33.49%,$0.62B,$0.11B,18.20%,$0.62B,$0.11B,18.20%,$0.62B,$0.19B,30.60%,$0.62B,$0.08B,13.20%,$0.62B,$0.07B,11.27%,$0.07B,$1.20B,5.82%,$0.07B,$1.17B,6.01%,$0.07B,$2.07B,3.37%,$0.11B,$1.95B,5.74%,$165,$107,$57,$0,$4,$130,$34,$-8,$26,$0,$26,$26,$24,$54,$34,$59,59,$0.40,$0.40,$98,$0,$0,$125,$1887,$0,$36,$17,$1941,$2065,$68,$750,$45,$795,$864,$1,$0,$-0,$1202,$2065,$65,$58,$7,$64,$-11,$0,$0,$1,$-6,$122,$-18,$0,$2,$0,$0,$0,$-1,$-16,$-20,$0,$-20,$-0,$-0,$-78,$-1,$-99,$6,$7,$-71
9,2016-06-30,20.58,$19.96,1.03,$10.57,1.95,$4.74,4.34,$1.20,17.15,$0.13B,$0.07B,1.84,$0.77B,$1.20B,0.64,$0.62B,$0.21B,33.66%,$0.62B,$0.12B,18.52%,$0.62B,$0.12B,18.52%,$0.62B,$0.19B,30.76%,$0.62B,$0.08B,13.37%,$0.62B,$0.07B,11.43%,$0.07B,$1.20B,5.89%,$0.07B,$1.16B,6.07%,$0.07B,$2.08B,3.39%,$0.12B,$1.97B,5.81%,$169,$107,$63,$0,$5,$130,$39,$-7,$32,$4,$29,$29,$26,$58,$39,$59,59,$0.44,$0.44,$100,$0,$0,$125,$1898,$0,$36,$21,$1955,$2080,$68,$767,$46,$812,$880,$1,$0,$-0,$1200,$2080,$39,$38,$4,$42,$-10,$0,$0,$-3,$-8,$72,$-9,$0,$2,$0,$0,$0,$-4,$-11,$-3,$0,$-3,$-0,$-0,$-52,$-1,$-56,$5,$5,$-47
10,2016-03-31,23.02,$19.89,1.16,$10.44,2.2,$4.20,5.48,$1.12,20.55,$0.11B,$0.07B,1.71,$0.78B,$1.20B,0.65,$0.61B,$0.21B,33.55%,$0.61B,$0.11B,18.40%,$0.61B,$0.11B,18.40%,$0.61B,$0.19B,30.62%,$0.61B,$0.08B,12.87%,$0.61B,$0.07B,10.91%,$0.07B,$1.20B,5.54%,$0.07B,$1.16B,5.71%,$0.07B,$2.08B,3.18%,$0.11B,$1.97B,5.67%,$141,$100,$40,$0,$5,$124,$16,$-8,$8,$-2,$10,$10,$8,$35,$16,$59,59,$0.13,$0.13,$90,$0,$0,$112,$1912,$0,$36,$24,$1972,$2084,$65,$778,$46,$823,$889,$1,$0,$-0,$1195,$2084,$10,$19,$2,$21,$-6,$0,$0,$-3,$-6,$25,$-4,$0,$0,$0,$0,$0,$-3,$-7,$7,$0,$7,$-0,$-0,$-26,$-3,$-22,$-4,$2,$-24
11,2015-12-31,21.56,$20.27,1.06,$10.09,2.14,$3.73,5.79,$0.97,22.23,$0.11B,$0.06B,1.7,$0.77B,$1.21B,0.64,$0.58B,$0.19B,32.82%,$0.58B,$0.10B,17.53%,$0.58B,$0.10B,17.53%,$0.58B,$0.17B,29.90%,$0.58B,$0.07B,11.86%,$0.58B,$0.06B,9.97%,$0.06B,$1.21B,4.78%,$0.06B,$1.17B,4.92%,$0.06B,$2.09B,2.78%,$0.10B,$1.98B,5.15%,$146,$98,$48,$0,$5,$122,$24,$-8,$16,$1,$15,$15,$12,$43,$24,$57,58,$0.23,$0.23,$91,$0,$0,$107,$1927,$0,$36,$18,$1981,$2088,$63,$770,$46,$816,$878,$1,$0,$-0,$1210,$2088,$68,$72,$8,$80,$-1,$0,$0,$2,$5,$152,$-37,$0,$-255,$0,$0,$0,$3,$-289,$100,$0,$100,$152,$152,$-91,$-3,$159,$21,$8,$-81
12,2015-09-30,21.99,$20.43,1.08,$9.99,2.2,$2.38,9.24,$0.88,24.99,$0.12B,$0.07B,1.72,$0.78B,$1.22B,0.64,$0.56B,$0.18B,32.32%,$0.56B,$0.09B,16.79%,$0.56B,$0.09B,16.79%,$0.56B,$0.16B,28.93%,$0.56B,$0.06B,11.07%,$0.56B,$0.05B,9.46%,$0.05B,$1.22B,4.48%,$0.05B,$1.18B,4.63%,$0.05B,$2.12B,2.66%,$0.09B,$2.00B,4.96%,$165,$107,$58,$0,$4,$129,$36,$-8,$27,$0,$27,$27,$25,$55,$36,$59,59,$0.42,$0.42,$88,$0,$0,$115,$1939,$0,$37,$18,$2001,$2116,$67,$784,$46,$830,$897,$1,$0,$-1,$1219,$2116,$53,$53,$6,$59,$-12,$0,$0,$1,$-2,$109,$-30,$0,$-255,$0,$0,$0,$1,$-284,$107,$0,$107,$152,$152,$-65,$-3,$192,$16,$6,$-58
13,2015-06-30,25.34,$20.38,1.24,$9.78,2.59,$1.41,18.0,$0.98,25.85,$0.12B,$0.06B,1.78,$0.81B,$1.22B,0.66,$0.53B,$0.17B,32.13%,$0.53B,$0.09B,16.73%,$0.53B,$0.09B,16.73%,$0.53B,$0.15B,28.52%,$0.53B,$0.07B,12.36%,$0.53B,$0.05B,10.27%,$0.05B,$1.22B,4.69%,$0.05B,$1.18B,4.85%,$0.05B,$2.13B,2.83%,$0.09B,$2.02B,4.85%,$162,$103,$60,$0,$5,$126,$37,$-8,$28,$4,$24,$24,$22,$55,$37,$59,59,$0.37,$0.36,$86,$0,$0,$115,$1952,$0,$37,$20,$2016,$2131,$64,$807,$44,$850,$915,$1,$0,$-1,$1216,$2131,$26,$34,$4,$38,$-13,$0,$0,$-1,$-8,$55,$-24,$0,$-255,$0,$0,$0,$5,$-275,$130,$0,$130,$152,$152,$-42,$-3,$238,$19,$4,$-37
14,2015-03-31,27.8,$20.34,1.37,$9.66,2.88,$0.95,29.28,$1.00,27.8,$0.09B,$0.05B,1.67,$0.71B,$1.21B,0.58,$0.49B,$0.16B,31.64%,$0.49B,$0.08B,16.63%,$0.49B,$0.08B,16.63%,$0.49B,$0.14B,28.19%,$0.49B,$0.06B,12.37%,$0.49B,$0.05B,10.34%,$0.05B,$1.21B,4.72%,$0.05B,$1.18B,4.88%,$0.05B,$2.01B,2.87%,$0.08B,$1.92B,4.86%,$109,$84,$25,$0,$5,$104,$5,$-7,$-2,$-3,$2,$2,$-1,$21,$5,$54,54,$-0.02,$-0.02,$70,$0,$0,$89,$1855,$0,$37,$25,$1925,$2014,$53,$709,$38,$747,$800,$1,$0,$-1,$1213,$2014,$2,$16,$2,$17,$-4,$0,$0,$-6,$-12,$7,$-13,$0,$-160,$0,$0,$0,$3,$-170,$32,$0,$32,$152,$152,$-19,$-3,$163,$-0,$2,$-16
15,2014-12-31,30.27,$19.74,1.53,$9.58,3.16,$0.84,36.14,$1.02,29.67,$0.09B,$0.05B,1.61,$0.55B,$1.08B,0.51,$0.48B,$0.15B,31.94%,$0.48B,$0.08B,17.12%,$0.48B,$0.08B,17.12%,$0.48B,$0.14B,28.60%,$0.48B,$0.06B,12.94%,$0.48B,$0.05B,10.86%,$0.05B,$1.08B,5.14%,$0.05B,$1.05B,5.34%,$0.05B,$1.72B,3.12%,$0.08B,$1.63B,5.18%,$124,$86,$38,$0,$4,$108,$16,$-7,$9,$0,$9,$9,$7,$31,$16,$50,51,$0.12,$0.11,$73,$0,$0,$86,$1580,$0,$37,$11,$1634,$1720,$53,$552,$33,$585,$638,$1,$0,$0,$1082,$1720,$61,$55,$-1,$53,$1,$0,$0,$-0,$5,$120,$-87,$0,$-120,$0,$0,$0,$-2,$-210,$20,$0,$20,$142,$142,$-69,$-2,$91,$1,$6,$-59
16,2014-09-30,23.52,$19.91,1.18,$9.51,2.47,$1.72,13.71,$1.08,21.78,$0.24B,$0.05B,4.74,$0.59B,$1.09B,0.54,$0.47B,$0.15B,31.91%,$0.47B,$0.09B,18.20%,$0.47B,$0.09B,18.20%,$0.47B,$0.14B,29.55%,$0.47B,$0.07B,13.92%,$0.47B,$0.05B,11.56%,$0.05B,$1.09B,5.52%,$0.05B,$1.06B,5.75%,$0.05B,$1.77B,3.33%,$0.09B,$1.68B,5.51%,$131,$85,$46,$0,$4,$101,$30,$0,$30,$1,$29,$29,$26,$43,$30,$50,51,$0.52,$0.52,$221,$0,$0,$242,$1428,$0,$37,$52,$1524,$1766,$51,$589,$33,$622,$673,$1,$0,$0,$1093,$1766,$52,$40,$-3,$37,$-9,$0,$0,$0,$-4,$86,$-68,$0,$-10,$0,$0,$0,$-6,$-83,$58,$0,$58,$144,$144,$-50,$-2,$149,$152,$4,$-42
17,2014-06-30,24.15,$18.73,1.29,$9.48,2.55,$2.46,9.81,$0.91,26.54,$0.10B,$0.05B,1.9,$0.58B,$0.94B,0.62,$0.46B,$0.15B,31.88%,$0.46B,$0.08B,17.90%,$0.46B,$0.08B,17.90%,$0.46B,$0.14B,29.69%,$0.46B,$0.06B,12.01%,$0.46B,$0.05B,9.83%,$0.05B,$0.94B,4.80%,$0.05B,$0.90B,5.01%,$0.05B,$1.60B,2.86%,$0.08B,$1.51B,5.48%,$129,$82,$47,$0,$4,$98,$31,$-7,$24,$3,$21,$21,$19,$44,$31,$49,49,$0.38,$0.38,$76,$0,$0,$97,$1441,$0,$38,$15,$1500,$1597,$51,$577,$32,$608,$660,$1,$0,$0,$938,$1597,$23,$27,$3,$30,$-8,$0,$0,$-3,$-6,$47,$-43,$0,$0,$0,$0,$0,$-2,$-46,$45,$0,$45,$-0,$-0,$-32,$-2,$10,$11,$3,$-28
18,2014-03-31,20.35,$18.63,1.09,$9.27,2.2,$2.93,6.94,$0.83,24.52,$0.09B,$0.05B,1.79,$0.56B,$0.93B,0.61,$0.45B,$0.14B,31.69%,$0.45B,$0.08B,17.30%,$0.45B,$0.08B,17.30%,$0.45B,$0.13B,29.21%,$0.45B,$0.05B,11.46%,$0.45B,$0.04B,9.21%,$0.04B,$0.93B,4.40%,$0.04B,$0.89B,4.59%,$0.04B,$1.58B,2.61%,$0.08B,$1.50B,5.16%,$95,$73,$22,$0,$4,$89,$5,$-7,$-1,$-3,$2,$2,$-0,$19,$5,$49,49,$-0.01,$-0.01,$69,$0,$0,$87,$1432,$0,$39,$14,$1490,$1576,$48,$564,$32,$596,$644,$1,$0,$-0,$932,$1576,$2,$13,$1,$15,$-5,$0,$0,$-3,$-6,$10,$-22,$0,$0,$0,$0,$0,$0,$-21,$33,$0,$33,$-0,$-0,$-15,$0,$17,$6,$1,$-13
19,2013-12-31,19.77,$19.09,1.04,$8.92,2.22,$3.14,6.29,$0.72,27.46,$0.08B,$0.05B,1.65,$0.53B,$0.95B,0.56,$0.42B,$0.14B,32.07%,$0.42B,$0.07B,17.10%,$0.42B,$0.07B,17.10%,$0.42B,$0.12B,28.74%,$0.42B,$0.05B,11.16%,$0.42B,$0.04B,8.55%,$0.04B,$0.95B,3.88%,$0.04B,$0.91B,4.05%,$0.04B,$1.55B,2.36%,$0.07B,$1.48B,4.96%,$112,$77,$34,$0,$3,$93,$19,$-7,$12,$0,$12,$12,$9,$32,$19,$47,47,$0.21,$0.21,$63,$0,$0,$76,$1422,$0,$39,$10,$1478,$1554,$46,$532,$30,$562,$608,$0,$0,$-0,$947,$1554,$45,$48,$5,$53,$-3,$0,$0,$-4,$1,$100,$-28,$0,$-330,$0,$8,$8,$-11,$-362,$127,$0,$127,$188,$188,$-54,$-4,$257,$-4,$5,$-45
20,2013-09-30,18.21,$19.08,0.95,$9.06,2.01,$2.91,6.25,$0.73,24.94,$0.09B,$0.05B,1.88,$0.56B,$0.93B,0.61,$0.39B,$0.13B,32.49%,$0.39B,$0.07B,17.26%,$0.39B,$0.07B,17.26%,$0.39B,$0.11B,28.93%,$0.39B,$0.05B,11.42%,$0.39B,$0.04B,8.88%,$0.04B,$0.93B,3.96%,$0.04B,$0.89B,4.15%,$0.04B,$1.57B,2.42%,$0.07B,$1.49B,4.94%,$122,$80,$43,$0,$3,$95,$27,$-8,$20,$1,$19,$19,$17,$41,$27,$48,48,$0.35,$0.35,$72,$0,$0,$92,$1426,$0,$39,$8,$1481,$1573,$49,$564,$30,$594,$643,$0,$0,$-0,$930,$1573,$34,$35,$4,$38,$-10,$0,$0,$-0,$0,$72,$-20,$0,$-330,$0,$8,$8,$-8,$-350,$159,$0,$159,$169,$169,$-39,$-3,$285,$8,$3,$-32
21,2013-06-30,15.91,$18.95,0.84,$8.80,1.81,$2.62,6.08,$0.59,26.96,$0.09B,$0.05B,1.86,$0.58B,$0.92B,0.63,$0.35B,$0.11B,32.47%,$0.35B,$0.06B,16.09%,$0.35B,$0.06B,16.09%,$0.35B,$0.10B,27.59%,$0.35B,$0.04B,10.06%,$0.35B,$0.03B,7.18%,$0.03B,$0.92B,2.97%,$0.03B,$0.88B,3.11%,$0.03B,$1.58B,1.85%,$0.06B,$1.50B,4.36%,$116,$73,$42,$0,$5,$89,$26,$-6,$20,$3,$17,$17,$15,$38,$26,$48,48,$0.30,$0.30,$70,$0,$0,$93,$1429,$0,$39,$12,$1487,$1580,$50,$580,$29,$609,$659,$0,$0,$-0,$921,$1580,$15,$21,$2,$24,$-12,$0,$0,$-1,$-2,$36,$-10,$0,$-330,$0,$8,$8,$-4,$-336,$175,$0,$175,$165,$165,$-25,$-5,$310,$10,$2,$-20
22,2013-03-31,17.35,$18.87,0.92,$8.49,2.04,$2.45,7.08,$0.57,30.44,$0.14B,$0.04B,3.75,$0.42B,$0.92B,0.46,$0.30B,$0.10B,32.11%,$0.30B,$0.05B,15.38%,$0.30B,$0.05B,15.38%,$0.30B,$0.08B,27.09%,$0.30B,$0.03B,8.70%,$0.30B,$0.02B,6.35%,$0.02B,$0.92B,2.56%,$0.02B,$0.88B,2.71%,$0.02B,$1.41B,1.58%,$0.05B,$1.34B,4.03%,$71,$55,$16,$0,$6,$70,$0,$-5,$-5,$-2,$-3,$-3,$-5,$10,$0,$44,44,$-0.11,$-0.11,$131,$0,$0,$144,$1205,$0,$39,$9,$1261,$1405,$38,$421,$28,$450,$488,$0,$0,$-1,$916,$1405,$-3,$10,$1,$11,$-5,$0,$0,$-3,$-4,$4,$-5,$0,$-101,$0,$8,$8,$-1,$-99,$16,$0,$16,$165,$165,$-11,$-2,$168,$73,$1,$-9
23,2012-12-31,15.63,$19.28,0.81,$8.48,1.84,$2.38,6.55,$0.65,24.05,$0.07B,$0.04B,1.87,$0.41B,$0.77B,0.53,$0.28B,$0.09B,33.09%,$0.28B,$0.05B,17.63%,$0.28B,$0.05B,17.63%,$0.28B,$0.08B,29.14%,$0.28B,$0.03B,10.43%,$0.28B,$0.02B,8.27%,$0.02B,$0.77B,3.59%,$0.02B,$0.73B,3.83%,$0.02B,$1.23B,2.10%,$0.05B,$1.17B,4.71%,$85,$58,$27,$0,$5,$70,$15,$-5,$10,$0,$10,$10,$8,$25,$15,$34,34,$0.20,$0.20,$57,$0,$0,$65,$1108,$0,$39,$14,$1168,$1233,$35,$405,$26,$431,$466,$0,$0,$-1,$767,$1233,$27,$32,$3,$35,$-0,$0,$0,$0,$6,$68,$-24,$0,$-232,$0,$-8,$-8,$-7,$-270,$-2,$0,$-2,$132,$253,$-32,$-4,$215,$12,$3,$-29
24,2012-09-30,14.72,$19.37,0.76,$7.89,1.87,$2.23,6.6,$0.55,26.76,$0.06B,$0.04B,1.69,$0.36B,$0.77B,0.46,$0.25B,$0.08B,33.33%,$0.25B,$0.09B,36.14%,$0.25B,$0.04B,16.87%,$0.25B,$0.12B,47.79%,$0.25B,$0.02B,8.84%,$0.25B,$0.02B,7.23%,$0.02B,$0.77B,3.11%,$0.02B,$0.73B,3.34%,$0.02B,$1.19B,1.75%,$0.09B,$1.12B,9.19%,$76,$48,$28,$0,$5,$61,$15,$-5,$10,$1,$9,$9,$7,$23,$15,$33,33,$0.21,$0.21,$49,$0,$0,$64,$1064,$0,$40,$14,$1123,$1188,$38,$356,$26,$382,$420,$0,$0,$-1,$767,$1188,$17,$22,$2,$25,$-7,$0,$0,$-0,$3,$44,$-18,$0,$-187,$0,$-6,$-6,$-5,$-216,$-52,$0,$-52,$132,$253,$-21,$-2,$179,$7,$2,$-21
25,2012-06-30,12.61,$16.03,0.79,$7.22,1.75,$2.17,5.82,$0.52,24.26,$0.05B,$0.03B,1.8,$0.42B,$0.52B,0.82,$0.23B,$0.07B,32.89%,$0.23B,$0.13B,56.44%,$0.23B,$0.04B,16.44%,$0.23B,$0.15B,68.44%,$0.23B,$0.02B,8.00%,$0.23B,$0.02B,7.56%,$0.02B,$0.52B,3.29%,$0.02B,$0.48B,3.55%,$0.02B,$0.99B,1.77%,$0.13B,$0.94B,13.81%,$67,$42,$25,$0,$3,$51,$16,$-5,$11,$1,$9,$9,$9,$23,$16,$32,32,$0.28,$0.28,$38,$0,$0,$49,$878,$0,$40,$13,$935,$985,$27,$420,$22,$442,$469,$0,$0,$-1,$515,$985,$8,$14,$2,$16,$-6,$0,$0,$-1,$-0,$24,$-12,$0,$-2,$0,$-5,$-5,$-3,$-21,$12,$0,$12,$-1,$-1,$-13,$-1,$-4,$-1,$2,$-13
26,2012-03-31,13.0,$15.95,0.81,$6.38,2.04,$2.14,6.08,$0.30,43.32,$0.04B,$0.02B,1.75,$0.42B,$0.51B,0.81,$0.20B,$0.06B,32.32%,$0.20B,$0.15B,76.26%,$0.20B,$0.03B,13.13%,$0.20B,$0.18B,88.89%,$0.20B,$0.01B,5.05%,$0.20B,$0.01B,5.05%,$0.01B,$0.51B,1.92%,$0.01B,$0.47B,2.08%,$0.01B,$0.98B,1.11%,$0.15B,$0.93B,17.40%,$50,$38,$12,$0,$1,$48,$3,$-5,$-2,$-2,$-1,$-1,$-1,$10,$3,$32,32,$-0.03,$-0.03,$30,$0,$0,$40,$877,$0,$40,$13,$935,$975,$23,$417,$23,$440,$462,$0,$0,$-1,$512,$975,$-1,$7,$1,$8,$-3,$0,$0,$-3,$-5,$2,$-5,$0,$-2,$0,$-2,$-2,$-1,$-10,$10,$0,$10,$-1,$-1,$-6,$-1,$1,$-7,$1,$-6
27,2011-12-31,11.04,$16.17,0.68,$5.89,1.88,$2.25,4.92,$0.25,44.18,$0.04B,$0.02B,1.97,$0.41B,$0.52B,0.78,$0.17B,$0.06B,33.14%,$0.17B,$0.17B,100.00%,$0.17B,$0.02B,12.79%,$0.17B,$0.19B,112.79%,$0.17B,$0.01B,5.23%,$0.17B,$0.01B,5.23%,$0.01B,$0.52B,1.72%,$0.01B,$0.48B,1.85%,$0.01B,$0.97B,1.11%,$0.17B,$0.93B,21.99%,$56,$38,$18,$0,$9,$0,$56,$-5,$3,$0,$3,$3,$3,$63,$8,$29,29,$0.14,$0.14,$36,$0,$0,$42,$879,$0,$40,$4,$929,$971,$21,$408,$22,$430,$451,$0,$0,$-1,$520,$971,$9,$21,$3,$24,$1,$0,$0,$-0,$3,$37,$-3,$0,$-482,$0,$0,$0,$-7,$-492,$264,$0,$264,$230,$230,$-23,$-6,$466,$10,$3,$-23
28,2011-09-30,8.51,$16.25,0.52,$5.92,1.44,$1.98,4.29,$0.07,121.61,$0.16B,$0.02B,7.04,$0.36B,$0.52B,0.7,$0.14B,$0.05B,32.61%,$0.14B,$0.10B,71.74%,$0.14B,$0.01B,9.42%,$0.14B,$0.12B,84.78%,$0.14B,$0.00B,2.90%,$0.14B,$0.01B,3.62%,$0.01B,$0.52B,1.06%,$0.01B,$0.49B,1.15%,$0.01B,$0.92B,0.74%,$0.10B,$0.89B,15.17%,$52,$33,$19,$0,$1,$0,$52,$-4,$6,$-0,$6,$6,$6,$58,$10,$32,32,$0.18,$0.18,$151,$0,$0,$159,$703,$0,$35,$14,$756,$915,$23,$363,$6,$370,$392,$0,$0,$-1,$523,$915,$6,$14,$2,$17,$-3,$0,$0,$-1,$2,$25,$-1,$0,$-316,$0,$0,$0,$-8,$-325,$220,$0,$220,$230,$230,$-17,$-4,$429,$130,$2,$-17
29,2011-06-30,11.83,$16.29,0.73,$6.29,1.88,$1.86,6.35,$-0.03,0.0,$0.04B,$0.02B,2.24,$0.20B,$0.52B,0.39,$0.10B,$0.03B,30.77%,$0.10B,$0.07B,62.50%,$0.10B,$0.01B,4.81%,$0.10B,$0.08B,75.96%,$0.10B,$-0.00B,-0.96%,$0.10B,0,0.00%,$0.00B,$0.52B,0.00%,$0.00B,$0.49B,0.00%,$0.00B,$0.75B,0.00%,$0.07B,$0.73B,13.01%,$40,$26,$15,$0,$4,$0,$40,$-2,$3,$1,$2,$2,$2,$45,$5,$32,32,$0.06,$0.06,$35,$0,$0,$42,$666,$0,$35,$6,$711,$752,$19,$204,$6,$210,$229,$0,$0,$0,$524,$752,$0,$8,$1,$10,$-2,$0,$0,$-0,$2,$12,$-1,$0,$-270,$0,$0,$0,$-3,$-274,$60,$0,$60,$230,$230,$-10,$-2,$278,$16,$1,$-10
30,2011-03-31,11.93,$16.40,0.73,$6.32,1.89,$1.76,6.76,$0.06,198.84,$0.20B,$0.01B,18.04,$0.06B,$0.53B,0.11,$0.08B,$0.02B,28.95%,$0.08B,$0.03B,34.21%,$0.08B,$0.00B,1.32%,$0.08B,$0.04B,47.37%,$0.08B,$-0.00B,-3.95%,$0.08B,$-0.00B,-1.32%,$-0.00B,$0.53B,-0.34%,$-0.00B,$0.49B,-0.39%,$-0.00B,$0.61B,-0.27%,$0.03B,$0.59B,7.21%,$24,$19,$5,$0,$1,$0,$24,$-2,$-3,$-1,$-2,$-2,$-2,$28,$-1,$22,22,$-0.08,$-0.08,$191,$0,$0,$195,$362,$0,$36,$9,$410,$605,$11,$60,$6,$66,$77,$0,$0,$0,$527,$605,$-2,$4,$1,$4,$-0,$0,$0,$-1,$-2,$1,$-0,$0,$-4,$0,$0,$0,$-1,$-5,$-45,$0,$-45,$230,$230,$-4,$-1,$181,$177,$1,$-4
31,2010-12-31,12.74,$16.56,0.77,$5.50,2.32,$1.86,6.83,$-0.00,0.0,$0.02B,$0.01B,1.55,$0.11B,$0.31B,0.34,$0.05B,$0.02B,33.33%,$0.05B,$0.00B,1.85%,$0.05B,$0.00B,1.85%,$0.05B,$0.01B,12.96%,$0.05B,$-0.00B,-1.85%,$0.05B,0,0.00%,$0.00B,$0.31B,0.00%,$0.00B,$0.27B,0.00%,$0.00B,$0.43B,0.00%,$0.00B,$0.41B,0.39%,$22,$16,$6,$0,$3,$39,$-17,$-1,$-2,$-0,$-1,$-1,$-1,$-14,$-1,$11,11,$-0.16,$-0.16,$13,$0,$0,$17,$365,$0,$36,$5,$408,$425,$11,$105,$4,$109,$120,$0,$0,$0,$305,$425,$-1,$6,$2,$8,$-2,$0,$0,$-1,$5,$12,$-2,$0,$-406,$0,$0,$0,$-3,$-411,$105,$0,$105,$312,$312,$-2,$-6,$410,$11,$2,$-2
