,Date,Stock Price,Book Value per Share,Price to Book Ratio,TTM Sales per Share,Price to Sales Ratio,TTM FCF per Share,Price to FCF Ratio,TTM Net EPS,PE Ratio,Current Assets,Current Liabilities,Current Ratio,Long Term Debt,Shareholder's Equity_x,Debt to Equity Ratio,TTM Revenue_x,TTM Gross Profit,Gross Margin,TTM Revenue_y,TTM Operating Income,Operating Margin,TTM Revenue_x,TTM EBIT,EBIT Margin,TTM Revenue_y,TTM EBITDA,EBITDA Margin,TTM Revenue_x,TTM Pre-Tax Income,Pre-Tax Margin,TTM Revenue_y,TTM Net Income_x,Net Margin,TTM Net Income_y,Shareholder's Equity_y,Return on Equity,TTM Net Income_x,Tangible Equity,Return on Tangible Equity,TTM Net Income_y,Total Assets,Return on Assets,TTM Net Income,LT Investments & Debt,Return on Investment,revenue,cost-goods-sold,gross-profit,research-development-expenses,selling-general-administrative-expenses,operating-expenses,operating-income,total-non-operating-income-expense,pre-tax-income,total-provision-income-taxes,income-after-taxes,income-from-continuous-operations,net-income,ebitda,ebit,basic-shares-outstanding,shares-outstanding,eps-basic-net-earnings-per-share,eps-earnings-per-share-diluted,cash-on-hand,inventory,other-current-assets,total-current-assets,net-property-plant-equipment,long-term-investments,goodwill-intangible-assets-total,other-long-term-assets,total-long-term-assets,total-assets,total-current-liabilities,long-term-debt,other-non-current-liabilities,total-long-term-liabilities,total-liabilities,common-stock-net,retained-earnings-accumulated-deficit,comprehensive-income,total-share-holder-equity,total-liabilities-share-holders-equity,net-income-loss,total-depreciation-amortization-cash-flow,other-non-cash-items,total-non-cash-items,change-in-accounts-receivable,change-in-inventories,change-in-accounts-payable,change-in-assets-liabilities,total-change-in-assets-liabilities,cash-flow-from-operating-activities,net-change-in-property-plant-equipment,net-change-in-intangible-assets,net-acquisitions-divestitures,net-change-in-short-term-investments,net-change-in-long-term-investments,net-change-in-investments-total,investing-activities-other,cash-flow-from-investing-activities,net-long-term-debt,net-current-debt,debt-issuance-retirement-net-total,net-common-equity-issued-repurchased,net-total-equity-issued-repurchased,total-common-preferred-stock-dividends-paid,financial-activities-other,cash-flow-from-financial-activities,net-cash-flow,stock-based-compensation,common-stock-dividends-paid
0,2018-09-30,325.88,$197.57,1.65,$172.28,1.89,$26.48,12.31,$38.52,8.46,$2.73B,$11.85B,0.23,$69.14B,$45.23B,1.53,$43.01B,$15.60B,36.27%,$43.01B,$4.99B,11.59%,$43.01B,$4.99B,11.59%,$43.01B,$15.51B,36.07%,$43.01B,$1.76B,4.08%,$43.01B,$10.49B,24.39%,$10.49B,$45.23B,22.61%,$10.49B,$-61.78B,-17.05%,$10.49B,$146.09B,7.17%,$4.99B,$114.36B,4.36%,$10892,$7012,$3880,$0,$0,$9512,$1380,$-687,$693,$109,$584,$584,$493,$3862,$1380,$231,234,$2.14,$2.11,$612,$0,$0,$2729,$34740,$0,$107009,$1607,$143356,$146085,$11850,$69135,$2451,$89007,$100857,$0,$4828,$-2,$45228,$146085,$1146,$7784,$-53,$7731,$-101,$0,$0,$-97,$-278,$8599,$-6692,$0,$0,$0,$0,$0,$-738,$-7430,$2588,$0,$2588,$-3631,$-3631,$-114,$27,$-1130,$39,$213,$-114
1,2018-06-30,293.21,$196.00,1.5,$166.14,1.76,$28.38,10.33,$36.60,8.01,$2.75B,$14.02B,0.2,$66.73B,$45.64B,1.46,$42.57B,$15.48B,36.35%,$42.57B,$4.52B,10.61%,$42.57B,$4.52B,10.61%,$42.57B,$15.26B,35.85%,$42.57B,$1.18B,2.77%,$42.57B,$10.04B,23.59%,$10.04B,$45.64B,21.96%,$10.04B,$-61.94B,-15.99%,$10.04B,$146.25B,6.84%,$4.52B,$112.37B,4.00%,$10854,$6873,$3981,$0,$0,$9494,$1360,$-980,$380,$41,$339,$339,$273,$3952,$1360,$234,237,$1.17,$1.15,$773,$0,$0,$2750,$34411,$0,$107583,$1507,$143501,$146251,$14024,$66730,$2479,$86585,$100609,$0,$4307,$-2,$45642,$146251,$562,$5302,$39,$5341,$16,$0,$0,$-55,$-108,$5795,$-4574,$0,$0,$0,$0,$0,$-533,$-5107,$2128,$0,$2128,$-2566,$-2566,$-76,$-22,$-536,$152,$142,$-76
2,2018-03-31,311.22,$197.62,1.57,$159.10,1.96,$31.03,10.03,$35.97,8.65,$2.40B,$11.60B,0.21,$67.61B,$47.13B,1.44,$42.07B,$15.28B,36.31%,$42.07B,$4.21B,10.00%,$42.07B,$4.21B,10.00%,$42.07B,$14.96B,35.54%,$42.07B,$1.04B,2.48%,$42.07B,$9.91B,23.55%,$9.91B,$47.13B,21.58%,$9.91B,$-61.06B,-15.67%,$9.91B,$146.15B,6.74%,$4.21B,$114.73B,3.75%,$10657,$6836,$3821,$0,$0,$9615,$1042,$-791,$251,$28,$223,$223,$168,$3752,$1042,$238,241,$0.71,$0.70,$576,$0,$0,$2398,$34002,$0,$108188,$1563,$143753,$146151,$11602,$67609,$2464,$87424,$99026,$0,$4034,$-1,$47125,$146151,$223,$2710,$-29,$2681,$226,$0,$0,$-131,$-205,$2699,$-2183,$0,$0,$0,$0,$0,$-555,$-2738,$744,$0,$744,$-708,$-708,$-39,$-3,$-6,$-45,$72,$-39
3,2017-12-31,335.96,$208.53,1.61,$152.16,2.21,$33.61,10.0,$35.84,9.37,$2.56B,$11.09B,0.23,$68.19B,$47.53B,1.44,$41.58B,$15.04B,36.17%,$41.58B,$4.11B,9.87%,$41.58B,$4.11B,9.87%,$41.58B,$14.69B,35.34%,$41.58B,$1.03B,2.47%,$41.58B,$9.90B,23.80%,$9.90B,$47.53B,21.23%,$9.90B,$-61.29B,-15.66%,$9.90B,$146.62B,6.69%,$4.11B,$115.72B,3.69%,$10602,$6684,$3918,$0,$0,$9398,$1204,$-773,$431,$-9186,$9617,$9617,$9553,$3946,$1204,$257,297,$37.25,$32.81,$621,$0,$0,$2555,$33888,$0,$108824,$1356,$144068,$146623,$11090,$68186,$2502,$88002,$99092,$0,$3832,$-1,$47531,$146623,$10115,$10588,$-9190,$1398,$-84,$0,$0,$76,$441,$11954,$-8681,$0,$0,$0,$0,$0,$583,$-8098,$8769,$0,$8769,$-13264,$-13264,$-153,$-122,$-4770,$-914,$261,$-153
4,2017-09-30,363.42,$170.58,2.13,$160.19,2.27,$34.15,10.64,$2.95,123.19,$4.13B,$10.42B,0.4,$66.06B,$42.58B,1.55,$41.25B,$14.90B,36.12%,$41.25B,$3.98B,9.64%,$41.25B,$3.98B,9.64%,$41.25B,$14.32B,34.70%,$41.25B,$1.38B,3.34%,$41.25B,$0.80B,1.93%,$0.80B,$42.58B,1.68%,$0.80B,$-66.88B,-1.26%,$0.80B,$148.23B,0.54%,$3.98B,$108.64B,3.62%,$10458,$6703,$3755,$0,$0,$9549,$909,$-791,$118,$26,$92,$92,$48,$3610,$909,$254,258,$0.19,$0.19,$2164,$0,$0,$4132,$33300,$0,$109459,$1337,$144096,$148228,$10419,$66064,$2591,$95231,$105650,$0,$1206,$-2,$42578,$148228,$498,$7846,$145,$7991,$-101,$0,$0,$37,$207,$8696,$-6096,$0,$0,$0,$0,$0,$213,$-5883,$6581,$0,$6581,$-8559,$-8559,$-115,$-91,$-2184,$629,$198,$-115
5,2017-06-30,336.85,$179.36,1.88,$156.16,2.16,$29.09,11.58,$3.45,97.64,$2.56B,$8.12B,0.32,$63.25B,$46.43B,1.36,$40.83B,$14.70B,36.00%,$40.83B,$3.98B,9.74%,$40.83B,$3.98B,9.74%,$40.83B,$14.05B,34.42%,$40.83B,$1.52B,3.73%,$40.83B,$0.94B,2.29%,$0.94B,$46.43B,1.90%,$0.94B,$-63.67B,-1.52%,$0.94B,$146.96B,0.63%,$3.98B,$109.68B,3.60%,$10357,$6575,$3782,$0,$0,$9305,$1052,$-809,$243,$48,$195,$195,$139,$3647,$1052,$263,267,$0.53,$0.52,$694,$0,$0,$2564,$32948,$0,$110101,$1347,$144396,$146960,$8123,$63248,$2582,$92404,$100527,$0,$1158,$-4,$46433,$146960,$406,$5145,$84,$5229,$61,$0,$0,$-41,$153,$5788,$-3703,$0,$0,$0,$0,$0,$148,$-3555,$1617,$0,$1617,$-4566,$-4566,$-75,$-50,$-3074,$-841,$134,$-75
6,2017-03-31,327.32,$185.84,1.76,$147.44,2.22,$22.87,14.31,$17.88,18.31,$4.67B,$9.52B,0.49,$60.84B,$49.90B,1.22,$36.64B,$13.07B,35.69%,$36.64B,$3.10B,8.45%,$36.64B,$3.10B,8.45%,$36.64B,$12.01B,32.79%,$36.64B,$1.22B,3.32%,$36.64B,$3.87B,10.55%,$3.87B,$49.90B,7.64%,$3.87B,$-60.84B,-6.34%,$3.87B,$149.44B,2.59%,$3.10B,$110.74B,2.79%,$10164,$6579,$3585,$0,$0,$9223,$941,$-705,$236,$25,$211,$211,$155,$3491,$941,$269,273,$0.58,$0.57,$2920,$0,$0,$4666,$32699,$0,$110746,$1333,$144778,$149444,$9520,$60837,$2607,$90020,$99540,$0,$1019,$-6,$49904,$149444,$211,$2550,$-17,$2533,$236,$0,$0,$-83,$99,$2843,$-1555,$0,$0,$0,$0,$0,$-157,$-1712,$1165,$0,$1165,$-850,$-850,$-38,$-23,$254,$1385,$69,$-38
7,2016-12-31,287.92,$186.61,1.54,$135.15,2.13,$18.11,15.9,$15.45,18.63,$3.30B,$9.57B,0.35,$59.72B,$50.37B,1.19,$29.00B,$10.35B,35.68%,$29.00B,$2.46B,8.47%,$29.00B,$2.46B,8.47%,$29.00B,$9.36B,32.28%,$29.00B,$0.82B,2.83%,$29.00B,$3.52B,12.14%,$3.52B,$50.37B,9.25%,$3.52B,$-61.07B,-7.37%,$3.52B,$149.07B,2.89%,$2.46B,$110.09B,2.66%,$10275,$6498,$3777,$0,$0,$9202,$1073,$-294,$779,$210,$569,$569,$454,$3568,$1073,$207,235,$1.48,$1.94,$1535,$0,$0,$3300,$32963,$0,$111433,$1371,$145767,$149067,$9572,$59719,$2745,$89129,$98701,$0,$733,$-7,$50366,$149067,$3745,$6907,$-3591,$3316,$-160,$0,$0,$111,$980,$8041,$-5325,$0,$0,$0,$0,$0,$-5965,$-11290,$1823,$0,$1823,$3306,$3306,$-96,$-254,$4779,$1530,$244,$-96
8,2016-09-30,269.97,$186.75,1.45,$116.22,2.32,$11.67,23.13,$12.58,21.47,$2.78B,$8.65B,0.32,$59.95B,$51.08B,1.17,$21.24B,$7.46B,35.12%,$21.24B,$1.71B,8.03%,$21.24B,$1.71B,8.03%,$21.24B,$6.66B,31.37%,$21.24B,$-0.07B,-0.32%,$21.24B,$2.95B,13.87%,$2.95B,$51.08B,11.57%,$2.95B,$-60.77B,-8.53%,$2.95B,$148.90B,3.12%,$1.71B,$111.02B,2.32%,$10037,$6482,$3555,$0,$0,$9126,$911,$-645,$266,$16,$250,$250,$189,$3348,$911,$271,275,$0.70,$0.69,$1165,$0,$0,$2781,$32881,$0,$111849,$1386,$146116,$148897,$8647,$59946,$2969,$89175,$97822,$0,$1007,$-8,$51075,$148897,$3176,$4412,$-3387,$1025,$-2,$0,$0,$85,$614,$4815,$-3437,$0,$0,$0,$0,$0,$-6468,$-9905,$1877,$0,$1877,$4623,$4623,$-55,$-195,$6250,$1160,$168,$-55
9,2016-06-30,228.64,$187.67,1.22,$103.68,2.21,$11.11,20.57,$12.42,18.41,$2.33B,$8.81B,0.26,$60.13B,$51.03B,1.18,$13.65B,$4.73B,34.67%,$13.65B,$1.07B,7.82%,$13.65B,$1.07B,7.82%,$13.65B,$4.13B,30.22%,$13.65B,$-0.42B,-3.10%,$13.65B,$2.81B,20.59%,$2.81B,$51.03B,22.12%,$2.81B,$-61.06B,-13.17%,$2.81B,$149.20B,4.23%,$1.07B,$111.16B,1.97%,$6161,$4004,$2157,$0,$0,$5991,$170,$-235,$-65,$-3179,$3114,$3114,$3067,$1606,$170,$183,205,$16.73,$15.17,$555,$0,$0,$2325,$33358,$0,$112091,$1421,$146870,$149195,$8807,$60132,$2885,$89356,$98163,$0,$818,$-9,$51032,$149195,$2926,$1975,$-3328,$-1353,$-100,$0,$0,$11,$441,$2014,$-1689,$0,$0,$0,$0,$0,$-6414,$-8103,$1927,$0,$1927,$4925,$4925,$-18,$-195,$6639,$550,$87,$-18
10,2016-03-31,202.43,$-2.15,-94.09,$97.70,2.07,$12.26,16.51,$-3.74,0.0,$1.61B,$1.93B,0.84,$37.12B,$-0.22B,-169.52,$9.92B,$3.41B,34.33%,$9.92B,$1.17B,11.76%,$9.92B,$1.17B,11.76%,$9.92B,$3.32B,33.43%,$9.92B,$-0.45B,-4.48%,$9.92B,$-0.38B,-3.81%,$-0.38B,$-0.22B,640.68%,$-0.38B,$-8.19B,4.65%,$-0.38B,$40.52B,-1.13%,$1.17B,$36.91B,3.90%,$2530,$1671,$859,$0,$0,$2228,$302,$-462,$-160,$28,$-188,$-188,$-188,$841,$302,$102,102,$-1.86,$-1.86,$1278,$0,$0,$1612,$8294,$0,$7974,$22644,$38912,$40524,$1925,$37124,$76,$38818,$40743,$0,$-2249,$-11,$-219,$40524,$-188,$539,$67,$606,$24,$0,$0,$-21,$6,$424,$-429,$0,$0,$0,$0,$0,$-107,$-536,$1412,$0,$1412,$-11,$-11,$0,$-16,$1385,$1273,$24,$0
11,2015-12-31,183.1,$-0.41,-447.57,$96.18,1.9,$14.06,13.02,$-2.69,0.0,$0.35B,$1.97B,0.18,$35.72B,$-0.05B,-776.59,$9.75B,$3.33B,34.12%,$9.75B,$1.11B,11.42%,$9.75B,$1.11B,11.42%,$9.75B,$3.24B,33.21%,$9.75B,$-0.33B,-3.39%,$9.75B,$-0.27B,-2.78%,$-0.27B,$-0.05B,-1806.67%,$-0.27B,$-8.08B,3.34%,$-0.27B,$39.32B,-0.92%,$1.11B,$35.68B,4.60%,$2512,$1624,$888,$0,$0,$2189,$323,$-433,$-110,$12,$-122,$-122,$-122,$868,$323,$101,101,$-1.20,$-1.19,$5,$0,$0,$345,$8345,$0,$8030,$22596,$38971,$39316,$1972,$35723,$77,$37390,$39362,$0,$-2061,$-13,$-46,$39316,$-271,$2125,$184,$2309,$5,$0,$0,$-3,$321,$2359,$-1840,$0,$0,$0,$0,$0,$-15192,$-17032,$14719,$0,$14719,$-8,$-8,$0,$-36,$14675,$2,$78,$0
12,2015-09-30,175.43,$0.59,297.09,$95.43,1.84,$10.34,16.96,$-1.97,0.0,$0.41B,$1.83B,0.22,$33.28B,$0.06B,554.68,$9.60B,$3.27B,34.07%,$9.60B,$1.07B,11.12%,$9.60B,$1.07B,11.12%,$9.60B,$3.18B,33.14%,$9.60B,$-0.22B,-2.30%,$9.60B,$-0.20B,-2.05%,$-0.20B,$0.06B,-312.70%,$-0.20B,$-8.03B,2.43%,$-0.20B,$36.87B,-0.77%,$1.07B,$33.34B,5.19%,$2450,$1620,$830,$0,$0,$2177,$273,$-361,$-88,$-142,$54,$54,$54,$811,$273,$101,102,$0.54,$0.53,$0,$0,$0,$406,$8281,$0,$8090,$20096,$36467,$36873,$1829,$33281,$87,$34984,$36813,$0,$-1911,$-15,$60,$36873,$-149,$1580,$141,$1721,$-7,$0,$0,$-11,$176,$1748,$-1292,$0,$0,$0,$0,$0,$-12573,$-13865,$12151,$0,$12151,$-2,$-2,$0,$-35,$12114,$-3,$58,$0
13,2015-06-30,171.25,$-0.31,-559.64,$94.77,1.81,$6.41,26.71,$-3.04,0.0,$0.46B,$1.64B,0.28,$13.90B,$-0.03B,-448.26,$9.44B,$3.21B,34.01%,$9.44B,$1.01B,10.73%,$9.44B,$1.01B,10.73%,$9.44B,$3.12B,33.10%,$9.44B,$-0.13B,-1.35%,$9.44B,$-0.30B,-3.22%,$-0.30B,$-0.03B,-420.76%,$-0.30B,$-8.18B,3.72%,$-0.30B,$17.32B,-1.40%,$1.01B,$13.87B,6.08%,$2430,$1601,$829,$0,$0,$2161,$269,$-356,$-87,$35,$-122,$-122,$-122,$797,$269,$101,101,$-1.21,$-1.21,$30,$0,$0,$456,$8244,$0,$8152,$467,$16863,$17319,$1636,$13896,$73,$15714,$17350,$0,$-1965,$-17,$-31,$17319,$-203,$1042,$252,$1294,$-37,$0,$0,$-20,$-38,$1059,$-783,$0,$0,$0,$0,$0,$7025,$6242,$-7232,$0,$-7232,$-17,$-17,$0,$-25,$-7274,$27,$38,$0
14,2015-03-31,193.11,$0.76,254.19,$93.87,2.06,$4.70,41.05,$-2.30,0.0,$7.50B,$8.57B,0.88,$13.98B,$0.08B,181.57,$9.27B,$3.16B,34.11%,$9.27B,$0.98B,10.57%,$9.27B,$0.98B,10.57%,$9.27B,$3.09B,33.35%,$9.27B,$-0.02B,-0.22%,$9.27B,$-0.23B,-2.45%,$-0.23B,$0.08B,-206.83%,$-0.23B,$-8.14B,2.77%,$-0.23B,$24.41B,-1.04%,$0.98B,$14.06B,5.86%,$2362,$1581,$781,$0,$0,$2113,$249,$-295,$-46,$35,$-81,$-81,$-81,$763,$249,$101,101,$-0.81,$-0.81,$7132,$0,$0,$7502,$8275,$0,$8216,$417,$16908,$24410,$8569,$13981,$77,$15764,$24333,$0,$-1843,$-19,$77,$24410,$-81,$514,$48,$562,$21,$0,$0,$-26,$25,$528,$-351,$0,$0,$0,$0,$0,$-90,$-441,$-60,$0,$-60,$-10,$-10,$0,$0,$-70,$17,$0,$0
15,2014-12-31,166.62,$1.44,115.57,$93.35,1.78,$3.35,49.8,$-1.88,0.0,$0.35B,$1.64B,0.21,$20.89B,$0.15B,143.06,$9.11B,$3.14B,34.42%,$9.11B,$0.97B,10.66%,$9.11B,$0.97B,10.66%,$9.11B,$3.07B,33.74%,$9.11B,$0.05B,0.58%,$9.11B,$-0.18B,-2.01%,$-0.18B,$0.15B,-149.69%,$-0.18B,$-8.13B,2.21%,$-0.18B,$24.39B,-0.91%,$0.97B,$21.03B,5.79%,$2360,$1529,$831,$0,$0,$2083,$277,$-277,$0,$48,$-48,$-48,$-48,$811,$277,$98,98,$-0.49,$-0.49,$3,$0,$0,$345,$8373,$0,$8279,$7391,$24043,$24388,$1635,$20887,$72,$22607,$24242,$0,$-1762,$-22,$146,$24388,$-183,$2102,$342,$2444,$-51,$0,$0,$-9,$98,$2359,$-2221,$0,$0,$0,$0,$0,$-7083,$-9304,$6826,$0,$6826,$104,$104,$0,$-3,$6927,$-18,$55,$0
16,2014-09-30,151.37,$0.98,154.18,$92.57,1.64,$5.55,27.27,$-1.01,0.0,$0.37B,$1.59B,0.23,$17.60B,$0.10B,181.39,$8.90B,$3.06B,34.36%,$8.90B,$0.94B,10.51%,$8.90B,$0.94B,10.51%,$8.90B,$3.00B,33.76%,$8.90B,$0.09B,0.99%,$8.90B,$-0.10B,-1.08%,$-0.10B,$0.10B,-77.73%,$-0.10B,$-8.26B,1.15%,$-0.10B,$20.95B,-0.53%,$0.94B,$17.69B,6.19%,$2287,$1518,$769,$0,$0,$2069,$218,$-212,$6,$59,$-53,$-53,$-53,$753,$218,$98,98,$-0.54,$-0.54,$10,$0,$0,$370,$8305,$0,$8354,$3921,$20580,$20950,$1586,$17595,$62,$19267,$20853,$0,$-1703,$-25,$97,$20950,$-135,$1568,$209,$1777,$-36,$0,$0,$22,$87,$1729,$-1678,$0,$0,$0,$0,$0,$-3487,$-5165,$3400,$0,$3400,$25,$25,$0,$0,$3425,$-11,$0,$0
17,2014-06-30,158.38,$1.21,130.74,$92.08,1.72,$8.30,19.09,$-1.22,0.0,$0.34B,$1.61B,0.21,$14.02B,$0.12B,117.81,$8.73B,$3.01B,34.48%,$8.73B,$0.93B,10.61%,$8.73B,$0.93B,10.61%,$8.73B,$2.95B,33.83%,$8.73B,$0.07B,0.79%,$8.73B,$-0.11B,-1.29%,$-0.11B,$0.12B,-98.69%,$-0.11B,$-8.31B,1.34%,$-0.11B,$17.37B,-0.65%,$0.93B,$14.14B,6.49%,$2259,$1479,$780,$0,$0,$2023,$236,$-216,$20,$65,$-45,$-45,$-45,$764,$236,$98,98,$-0.47,$-0.47,$9,$0,$0,$337,$8197,$0,$8424,$411,$17032,$17369,$1606,$14019,$71,$15644,$17250,$0,$-1650,$-30,$119,$17369,$-82,$1033,$152,$1185,$-18,$0,$0,$18,$106,$1209,$-1109,$0,$0,$0,$0,$0,$43,$-1066,$-171,$0,$-171,$12,$12,$0,$4,$-155,$-12,$0,$0
18,2014-03-31,123.2,$1.30,94.93,$90.62,1.36,$9.37,13.14,$-1.81,0.0,$0.30B,$1.52B,0.2,$14.09B,$0.13B,110.95,$8.44B,$2.91B,34.43%,$8.44B,$0.93B,10.97%,$8.44B,$0.93B,10.97%,$8.44B,$2.86B,33.89%,$8.44B,$0.01B,0.13%,$8.44B,$-0.16B,-1.94%,$-0.16B,$0.13B,-164.00%,$-0.16B,$-8.38B,2.00%,$-0.16B,$17.30B,-0.97%,$0.93B,$14.22B,6.64%,$2202,$1447,$755,$0,$0,$1962,$240,$-213,$27,$64,$-37,$-37,$-37,$745,$240,$96,96,$-0.39,$-0.39,$4,$0,$0,$304,$8079,$0,$8503,$411,$16993,$17297,$1523,$14090,$65,$15647,$17170,$0,$-1605,$-35,$127,$17297,$-37,$505,$74,$579,$18,$0,$0,$-17,$20,$577,$-539,$0,$0,$0,$0,$0,$40,$-499,$-95,$0,$-95,$-5,$-5,$0,$5,$-95,$-17,$0,$0
19,2013-12-31,136.76,$1.57,86.93,$88.87,1.54,$10.40,13.15,$-1.89,0.0,$0.32B,$1.47B,0.22,$14.18B,$0.15B,93.91,$8.16B,$2.81B,34.46%,$8.16B,$0.91B,11.15%,$8.16B,$0.91B,11.15%,$8.16B,$2.76B,33.88%,$8.16B,$-0.05B,-0.60%,$8.16B,$-0.17B,-2.07%,$-0.17B,$0.15B,-168.16%,$-0.17B,$-8.42B,2.12%,$-0.17B,$17.30B,-1.03%,$0.91B,$14.33B,6.67%,$2148,$1395,$753,$0,$0,$1907,$241,$-206,$35,$-4,$39,$39,$39,$741,$241,$92,92,$0.45,$0.45,$21,$0,$0,$322,$7981,$0,$8575,$417,$16973,$17295,$1467,$14181,$65,$15677,$17144,$0,$-1568,$-41,$151,$17295,$-169,$1854,$267,$2121,$10,$0,$0,$0,$124,$2158,$-1825,$0,$0,$0,$0,$0,$-618,$-2443,$262,$0,$262,$89,$89,$0,$-52,$299,$14,$0,$0
20,2013-09-30,134.76,$0.65,208.0,$86.80,1.55,$8.24,16.35,$-2.73,0.0,$0.36B,$1.38B,0.26,$14.31B,$0.06B,234.53,$7.92B,$2.74B,34.62%,$7.92B,$0.87B,11.02%,$7.92B,$0.87B,11.02%,$7.92B,$2.69B,34.00%,$7.92B,$-0.08B,-0.95%,$7.92B,$-0.25B,-3.13%,$-0.25B,$0.06B,-248.00%,$-0.25B,$-8.57B,3.20%,$-0.25B,$17.25B,-1.55%,$0.87B,$14.37B,6.57%,$2118,$1397,$721,$0,$0,$1909,$209,$-222,$-13,$57,$-70,$-70,$-70,$702,$209,$93,93,$-0.75,$-0.75,$41,$0,$0,$357,$7838,$0,$8633,$422,$16893,$17250,$1382,$14306,$69,$15807,$17189,$0,$-1600,$-48,$61,$17250,$-208,$1354,$259,$1613,$10,$0,$0,$56,$158,$1563,$-1259,$0,$0,$0,$0,$0,$-667,$-1926,$392,$0,$392,$56,$56,$0,$-51,$397,$34,$0,$0
21,2013-06-30,123.85,$0.66,186.44,$84.90,1.46,$6.03,20.54,$-2.94,0.0,$0.33B,$1.28B,0.26,$12.81B,$0.06B,210.03,$7.68B,$2.66B,34.61%,$7.68B,$0.88B,11.39%,$7.68B,$0.88B,11.39%,$7.68B,$2.63B,34.18%,$7.68B,$-0.08B,-1.04%,$7.68B,$-0.27B,-3.45%,$-0.27B,$0.06B,-207.03%,$-0.27B,$-7.47B,3.53%,$-0.27B,$15.59B,-1.67%,$0.88B,$12.87B,6.76%,$1972,$1295,$677,$0,$0,$1736,$236,$-274,$-38,$58,$-96,$-96,$-96,$672,$236,$91,91,$-1.06,$-1.06,$44,$0,$0,$333,$7313,$0,$7534,$409,$15256,$15589,$1280,$12812,$62,$14248,$15528,$0,$-1530,$-56,$61,$15589,$-138,$861,$185,$1046,$11,$0,$0,$-6,$64,$1025,$-834,$0,$0,$0,$0,$0,$-12,$-846,$-115,$0,$-115,$5,$5,$0,$-32,$-142,$37,$0,$0
22,2013-03-31,104.18,$1.41,73.94,$84.16,1.24,$5.21,20.0,$-2.81,0.0,$0.37B,$1.29B,0.29,$12.82B,$0.13B,99.35,$7.59B,$2.66B,35.05%,$7.59B,$0.91B,11.96%,$7.59B,$0.91B,11.96%,$7.59B,$2.64B,34.74%,$7.59B,$-0.06B,-0.75%,$7.59B,$-0.25B,-3.32%,$-0.25B,$0.13B,-145.04%,$-0.25B,$-7.47B,3.35%,$-0.25B,$15.64B,-1.59%,$0.91B,$12.95B,6.99%,$1917,$1258,$659,$0,$0,$1694,$223,$-256,$-33,$9,$-42,$-42,$-42,$648,$223,$91,91,$-0.47,$-0.47,$92,$0,$0,$374,$7259,$0,$7599,$407,$15265,$15639,$1290,$12816,$125,$14220,$15510,$0,$-1434,$-64,$129,$15639,$-42,$425,$60,$485,$26,$0,$0,$-4,$98,$541,$-412,$0,$0,$0,$0,$0,$-20,$-432,$-40,$0,$-40,$0,$0,$0,$-11,$-51,$58,$0,$0
23,2012-12-31,76.24,$1.63,46.81,$83.35,0.91,$5.05,15.09,$-3.40,0.0,$0.33B,$1.22B,0.27,$12.81B,$0.15B,85.96,$7.50B,$2.64B,35.23%,$7.50B,$0.92B,12.19%,$7.50B,$0.92B,12.19%,$7.50B,$2.63B,35.02%,$7.50B,$-0.05B,-0.63%,$7.50B,$-0.30B,-4.05%,$-0.30B,$0.15B,-136.32%,$-0.30B,$-7.52B,4.03%,$-0.30B,$15.60B,-1.93%,$0.92B,$12.96B,7.02%,$1913,$1228,$685,$0,$0,$1708,$205,$-196,$9,$49,$-40,$-40,$-40,$671,$205,$90,90,$-0.43,$-0.43,$34,$0,$0,$330,$7206,$0,$7664,$396,$15266,$15596,$1224,$12808,$94,$14223,$15447,$0,$-1392,$-75,$149,$15596,$-304,$1713,$350,$2063,$34,$0,$0,$37,$117,$1876,$-1745,$0,$0,$0,$0,$0,$8,$-1737,$-71,$0,$-71,$4,$4,$0,$-67,$-134,$5,$0,$0
24,2012-09-30,75.06,$1.89,39.64,$81.34,0.92,$8.07,9.31,$-3.64,0.0,$1.23B,$2.12B,0.58,$12.82B,$0.17B,74.1,$7.43B,$3.00B,40.39%,$7.43B,$0.98B,13.13%,$7.43B,$0.98B,13.13%,$7.43B,$2.63B,35.46%,$7.43B,$-0.06B,-0.75%,$7.43B,$-0.33B,-4.46%,$-0.33B,$0.17B,-114.93%,$-0.33B,$-7.56B,4.38%,$-0.33B,$16.50B,-2.10%,$0.98B,$12.99B,7.44%,$1880,$1242,$638,$0,$0,$1669,$211,$-229,$-18,$69,$-87,$-87,$-87,$635,$211,$90,90,$-0.96,$-0.96,$895,$0,$0,$1229,$7159,$0,$7732,$377,$15268,$16497,$2116,$12820,$334,$14208,$16324,$0,$-1348,$-83,$173,$16497,$-264,$1247,$310,$1557,$18,$0,$0,$13,$98,$1391,$-1296,$0,$0,$0,$0,$0,$17,$-1279,$799,$0,$799,$9,$9,$0,$-54,$754,$866,$0,$0
25,2012-06-30,70.87,$2.68,26.47,$78.94,0.9,$10.36,6.84,$-3.55,0.0,$0.37B,$1.19B,0.31,$12.79B,$0.24B,52.4,$7.35B,$3.38B,45.93%,$7.35B,$1.00B,13.61%,$7.35B,$1.00B,13.61%,$7.35B,$2.64B,35.90%,$7.35B,$-0.05B,-0.69%,$7.35B,$-0.33B,-4.47%,$-0.33B,$0.24B,-71.41%,$-0.33B,$-7.56B,4.42%,$-0.33B,$15.55B,-2.11%,$1.00B,$13.03B,7.57%,$1884,$1204,$680,$0,$0,$1615,$269,$-284,$-15,$68,$-83,$-83,$-83,$684,$269,$90,90,$-0.93,$-0.93,$32,$0,$0,$367,$7024,$0,$7802,$360,$15186,$15553,$1194,$12786,$342,$14115,$15309,$0,$-1261,$-76,$244,$15553,$-177,$823,$234,$1057,$16,$0,$0,$-11,$32,$923,$-808,$0,$0,$0,$0,$0,$23,$-785,$-102,$0,$-102,$-4,$-4,$0,$-29,$-135,$3,$0,$0
26,2012-03-31,63.45,$3.59,17.7,$76.13,0.83,$11.38,5.58,$-3.71,0.0,$0.34B,$1.14B,0.3,$12.80B,$0.33B,39.27,$7.26B,$3.71B,51.03%,$7.26B,$1.00B,13.80%,$7.26B,$1.00B,13.80%,$7.26B,$2.62B,36.07%,$7.26B,$-0.06B,-0.85%,$7.26B,$-0.35B,-4.86%,$-0.35B,$0.33B,-53.02%,$-0.35B,$-7.55B,4.83%,$-0.35B,$15.52B,-2.26%,$1.00B,$13.13B,7.49%,$1827,$1186,$641,$0,$0,$1597,$230,$-253,$-23,$71,$-94,$-94,$-94,$638,$230,$90,90,$-1.05,$-1.05,$31,$0,$0,$338,$6906,$0,$7879,$396,$15181,$15519,$1140,$12802,$334,$14053,$15193,$0,$-1178,$-64,$326,$15519,$-94,$408,$99,$507,$40,$0,$0,$3,$41,$454,$-340,$0,$0,$0,$0,$0,$-25,$-365,$-70,$0,$-70,$-3,$-3,$0,$-14,$-87,$2,$0,$0
27,2011-12-31,56.94,$4.50,12.66,$73.09,0.78,$11.00,5.18,$-3.73,0.0,$0.36B,$1.16B,0.31,$12.86B,$0.41B,31.43,$7.20B,$4.07B,56.44%,$7.20B,$1.04B,14.45%,$7.20B,$1.04B,14.45%,$7.20B,$2.63B,36.55%,$7.20B,$-0.07B,-0.97%,$7.20B,$-0.37B,-5.12%,$-0.37B,$0.41B,-41.94%,$-0.37B,$-7.54B,5.16%,$-0.37B,$15.60B,-2.35%,$1.04B,$13.27B,7.69%,$1834,$794,$1040,$0,$364,$1569,$265,$-265,$0,$67,$-67,$-67,$-67,$676,$265,$95,95,$-0.70,$-0.70,$29,$0,$0,$357,$6897,$0,$7946,$401,$15244,$15601,$1157,$12856,$332,$14035,$15192,$0,$-1082,$-65,$409,$15601,$-369,$1592,$467,$2059,$-24,$0,$0,$34,$47,$1737,$-1311,$0,$0,$0,$0,$0,$-55,$-1366,$417,$0,$417,$-728,$-728,$0,$-62,$-373,$-2,$0,$0
28,2011-09-30,46.84,$8.88,5.28,$71.28,0.66,$13.55,3.46,$-3.86,0.0,$0.34B,$1.08B,0.31,$12.58B,$0.86B,14.56,$7.15B,$4.06B,56.79%,$7.15B,$1.06B,14.75%,$7.15B,$1.06B,14.75%,$7.15B,$2.63B,36.71%,$7.15B,$-0.07B,-0.99%,$7.15B,$-0.39B,-5.41%,$-0.39B,$0.86B,-33.74%,$-0.39B,$-7.16B,5.56%,$-0.39B,$15.64B,-2.46%,$1.06B,$13.45B,7.72%,$1809,$792,$1017,$0,$374,$1572,$237,$-250,$-13,$72,$-85,$-85,$-85,$642,$237,$98,98,$-0.87,$-0.87,$32,$0,$0,$335,$6903,$0,$8020,$380,$15303,$15638,$1081,$12581,$1112,$13693,$14774,$0,$-537,$-77,$864,$15638,$-302,$1181,$376,$1557,$-5,$0,$0,$-4,$31,$1312,$-984,$0,$0,$0,$0,$0,$-120,$-1104,$156,$0,$156,$-323,$-323,$0,$-41,$-208,$0,$0,$0
29,2011-06-30,54.26,$10.70,5.07,$70.13,0.77,$14.84,3.66,$-3.92,0.0,$0.49B,$1.09B,0.45,$12.62B,$1.06B,11.86,$7.11B,$4.03B,56.61%,$7.11B,$1.06B,14.87%,$7.11B,$1.06B,14.87%,$7.11B,$2.61B,36.67%,$7.11B,$-0.04B,-0.62%,$7.11B,$-0.40B,-5.58%,$-0.40B,$1.06B,-30.26%,$-0.40B,$-6.99B,5.79%,$-0.40B,$15.81B,-2.49%,$1.06B,$13.68B,7.65%,$1791,$784,$1007,$0,$343,$1521,$270,$-296,$-26,$81,$-107,$-107,$-107,$663,$270,$99,99,$-1.08,$-1.08,$194,$0,$0,$490,$6879,$0,$8054,$386,$15319,$15809,$1087,$12620,$1038,$13658,$14745,$0,$-452,$-66,$1064,$15809,$-217,$776,$295,$1071,$5,$0,$0,$10,$53,$907,$-680,$0,$0,$0,$0,$0,$-14,$-694,$195,$0,$195,$-207,$-207,$0,$-39,$-51,$162,$0,$0
30,2011-03-31,50.63,$11.88,4.26,$69.31,0.73,$15.79,3.21,$-3.63,0.0,$0.33B,$1.03B,0.32,$12.55B,$1.18B,10.62,$7.09B,$4.02B,56.64%,$7.09B,$1.04B,14.69%,$7.09B,$1.04B,14.69%,$7.09B,$2.58B,36.37%,$7.09B,$-0.02B,-0.23%,$7.09B,$-0.37B,-5.23%,$-0.37B,$1.18B,-25.52%,$-0.37B,$-6.95B,5.46%,$-0.37B,$15.71B,-2.32%,$1.04B,$13.74B,7.45%,$1770,$768,$1002,$0,$345,$1501,$269,$-300,$-31,$79,$-110,$-110,$-110,$652,$269,$102,102,$-1.07,$-1.07,$54,$0,$0,$333,$6870,$0,$8131,$371,$15372,$15705,$1028,$12554,$941,$13495,$14523,$0,$-345,$-46,$1182,$15705,$-110,$383,$156,$539,$24,$0,$0,$-2,$18,$447,$-356,$0,$0,$0,$0,$0,$-25,$-381,$180,$0,$180,$-207,$-207,$0,$-17,$-44,$22,$0,$0
31,2010-12-31,38.94,$14.27,2.73,$68.73,0.57,$17.02,2.29,$-2.32,0.0,$0.36B,$1.05B,0.34,$12.31B,$1.48B,8.33,$7.06B,$4.00B,56.59%,$7.06B,$1.02B,14.51%,$7.06B,$1.02B,14.51%,$7.06B,$2.55B,36.10%,$7.06B,$0.06B,0.82%,$7.06B,$-0.24B,-3.36%,$-0.24B,$1.48B,-14.82%,$-0.24B,$-6.73B,3.52%,$-0.24B,$15.74B,-1.47%,$1.02B,$13.78B,7.22%,$1784,$747,$1037,$0,$362,$1505,$279,$-280,$-1,$84,$-85,$-85,$-85,$669,$279,$102,102,$-0.83,$-0.83,$32,$0,$0,$356,$6819,$0,$8208,$354,$15381,$15737,$1049,$12306,$336,$13210,$14259,$0,$-235,$-57,$1478,$15737,$-237,$1524,$442,$1966,$1,$0,$0,$56,$199,$1928,$-1209,$0,$0,$0,$0,$0,$39,$-1170,$-1237,$0,$-1237,$-6,$-144,$0,$-82,$-1463,$-705,$0,$0
