,Date,Stock Price,Book Value per Share,Price to Book Ratio,TTM Sales per Share,Price to Sales Ratio,TTM FCF per Share,Price to FCF Ratio,TTM Net EPS,PE Ratio,Current Assets,Current Liabilities,Current Ratio,Long Term Debt,Shareholder's Equity_x,Debt to Equity Ratio,TTM Revenue_x,TTM Gross Profit,Gross Margin,TTM Revenue_y,TTM Operating Income,Operating Margin,TTM Revenue_x,TTM EBIT,EBIT Margin,TTM Revenue_y,TTM EBITDA,EBITDA Margin,TTM Revenue_x,TTM Pre-Tax Income,Pre-Tax Margin,TTM Revenue_y,TTM Net Income_x,Net Margin,TTM Net Income_y,Shareholder's Equity_y,Return on Equity,TTM Net Income_x,Tangible Equity,Return on Tangible Equity,TTM Net Income_y,Total Assets,Return on Assets,TTM Net Income,LT Investments & Debt,Return on Investment,revenue,cost-goods-sold,gross-profit,research-development-expenses,selling-general-administrative-expenses,operating-expenses,operating-income,total-non-operating-income-expense,pre-tax-income,total-provision-income-taxes,income-after-taxes,income-from-continuous-operations,net-income,ebitda,ebit,basic-shares-outstanding,shares-outstanding,eps-basic-net-earnings-per-share,eps-earnings-per-share-diluted,cash-on-hand,inventory,other-current-assets,total-current-assets,net-property-plant-equipment,long-term-investments,goodwill-intangible-assets-total,other-long-term-assets,total-long-term-assets,total-assets,total-current-liabilities,long-term-debt,other-non-current-liabilities,total-long-term-liabilities,total-liabilities,common-stock-net,retained-earnings-accumulated-deficit,comprehensive-income,total-share-holder-equity,total-liabilities-share-holders-equity,net-income-loss,total-depreciation-amortization-cash-flow,other-non-cash-items,total-non-cash-items,change-in-accounts-receivable,change-in-inventories,change-in-accounts-payable,change-in-assets-liabilities,total-change-in-assets-liabilities,cash-flow-from-operating-activities,net-change-in-property-plant-equipment,net-change-in-intangible-assets,net-acquisitions-divestitures,net-change-in-short-term-investments,net-change-in-long-term-investments,net-change-in-investments-total,investing-activities-other,cash-flow-from-investing-activities,net-long-term-debt,net-current-debt,debt-issuance-retirement-net-total,net-common-equity-issued-repurchased,net-total-equity-issued-repurchased,total-common-preferred-stock-dividends-paid,financial-activities-other,cash-flow-from-financial-activities,net-cash-flow,stock-based-compensation,common-stock-dividends-paid
0,2018-06-30,12.51,$0.00,0.0,0,0.0,0,0.0,0,0.0,$13.10B,$35.04B,0.37,$2.25B,$48.55B,0.05,$0.00B,0,nan%,$0.00B,0,nan%,$0.00B,0,nan%,$0.00B,0,nan%,$0.00B,0,nan%,$0.00B,0,nan%,$0.00B,$48.55B,0.00%,$0.00B,$48.12B,0.00%,$0.00B,$86.44B,0.00%,$0.00B,$50.80B,0.00%,$0,$0,$0,$0,$0,$0,$0,$0,$0,$0,$0,$0,$0,$0,$0,$0,0,$0.00,$0.00,$6605,$304,$1834,$13104,$0,$6311,$435,$4798,$12197,$86437,$35040,$2246,$233,$2847,$37887,$39861,$11930,$0,$48550,$86437,$0,$0,$0,$0,$0,$0,$0,$0,$0,$7987,$-3888,$0,$0,$0,$0,$0,$-142,$-4030,$0,$0,$0,$0,$0,$-250,$-2900,$-3150,$809,$0,$0
1,2017-12-31,13.45,$0.00,0.0,$4.33,3.11,$-0.43,0.0,$0.16,84.07,$11.79B,$37.29B,0.32,$3.30B,$46.78B,0.07,$10.20B,$10.20B,100.00%,$10.20B,$10.20B,100.00%,$10.20B,$10.20B,100.00%,$10.20B,$10.20B,100.00%,$10.20B,$10.20B,100.00%,$10.20B,$0.37B,3.66%,$0.37B,$46.78B,0.99%,$0.37B,$46.35B,1.00%,$0.37B,$87.91B,0.41%,$10.20B,$50.08B,23.88%,$0,$0,$0,$0,$0,$0,$0,$0,$0,$0,$0,$0,$0,$0,$0,$0,0,$0.00,$0.00,$5921,$344,$2121,$11792,$156535,$6131,$426,$4616,$168626,$87913,$37290,$3298,$67,$3846,$41136,$39048,$10897,$0,$46777,$87913,$398,$11910,$0,$11910,$0,$0,$0,$0,$311,$13072,$-6697,$0,$-96,$0,$0,$-479,$-3,$-7275,$0,$-37455,$21691,$0,$11520,$0,$-123,$-4367,$1415,$0,$0
2,2017-06-30,14.87,$0.00,0.0,$8.63,1.72,$-0.12,0.0,$0.24,61.97,$14.01B,$48.05B,0.29,$4.86B,$33.59B,0.15,$20.92B,$20.92B,100.00%,$20.92B,$20.92B,100.00%,$20.92B,$20.92B,100.00%,$20.92B,$20.92B,100.00%,$20.92B,$20.92B,100.00%,$20.92B,$0.56B,2.69%,$0.56B,$33.59B,1.60%,$0.56B,$33.19B,1.62%,$0.56B,$86.97B,0.62%,$20.92B,$38.46B,51.33%,$0,$0,$0,$0,$0,$0,$0,$0,$0,$0,$0,$0,$0,$0,$0,$0,0,$0.00,$0.00,$5256,$261,$1945,$14011,$0,$5668,$404,$4638,$11517,$86973,$48046,$4861,$32,$5332,$53379,$26113,$10459,$0,$33594,$86973,$0,$0,$0,$0,$0,$0,$0,$0,$0,$6804,$-5290,$0,$0,$0,$0,$0,$-85,$-5375,$0,$0,$0,$0,$0,$0,$65,$65,$1487,$0,$0
3,2016-12-31,11.48,$0.00,0.0,$13.26,0.87,$-0.22,0.0,$0.49,23.43,$11.84B,$49.35B,0.24,$5.81B,$32.79B,0.18,$32.45B,$32.45B,100.00%,$32.45B,$32.45B,100.00%,$32.45B,$32.45B,100.00%,$32.45B,$32.45B,100.00%,$32.45B,$32.45B,100.00%,$32.45B,$1.19B,3.67%,$1.19B,$32.79B,3.29%,$1.19B,$32.39B,3.33%,$1.19B,$88.46B,1.31%,$32.45B,$38.61B,77.48%,$0,$0,$0,$0,$0,$0,$0,$0,$0,$0,$0,$0,$0,$0,$0,$0,0,$0.00,$0.00,$3675,$350,$2020,$11843,$150733,$5437,$399,$4942,$162373,$88457,$49353,$5814,$49,$6311,$55664,$25796,$9984,$0,$32793,$88457,$113,$11062,$0,$11062,$0,$0,$0,$0,$-562,$10744,$-13826,$0,$-16,$0,$0,$0,$51,$-13791,$0,$-7937,$11676,$0,$0,$-586,$142,$3295,$271,$0,$0
4,2015-12-31,11.71,$0.00,0.0,$18.14,0.65,$-0.29,0.0,$0.70,16.73,$9.12B,$54.07B,0.17,$6.55B,$37.20B,0.18,$44.59B,$40.15B,90.04%,$44.59B,$33.45B,75.03%,$44.59B,$33.45B,75.03%,$44.59B,$33.45B,75.03%,$44.59B,$33.17B,74.38%,$44.59B,$1.71B,3.83%,$1.71B,$37.20B,4.57%,$1.71B,$36.76B,4.63%,$1.71B,$98.21B,1.88%,$33.45B,$43.75B,78.51%,$10200,$0,$10200,$0,$0,$0,$10200,$0,$10200,$0,$10200,$373,$373,$10200,$10200,$2357,2357,$0.16,$0.16,$3550,$635,$1748,$9118,$164586,$6086,$446,$8496,$180522,$98205,$54074,$6545,$57,$6928,$61002,$28818,$11721,$0,$37203,$98205,$2258,$12347,$0,$12347,$0,$0,$0,$0,$-537,$13564,$-14589,$0,$-162,$0,$0,$-8,$60,$-14699,$0,$-1954,$3252,$0,$0,$-747,$0,$551,$-572,$0,$0
5,2015-09-30,12.4,$0.00,0.0,$19.08,0.65,$1.31,9.44,$0.64,19.37,$10.60B,$47.00B,0.23,$5.39B,$36.84B,0.15,$45.62B,$41.18B,90.27%,$45.62B,$34.49B,75.59%,$45.62B,$34.49B,75.59%,$45.62B,$34.49B,75.59%,$45.62B,$34.20B,74.96%,$45.62B,$1.58B,3.45%,$1.58B,$36.84B,4.24%,$1.58B,$36.40B,4.29%,$1.58B,$89.49B,1.78%,$34.49B,$42.23B,82.50%,$10723,$0,$10723,$0,$0,$0,$10723,$0,$10723,$0,$10723,$190,$190,$10723,$10723,$2395,2491,$0.08,$0.08,$4224,$800,$2118,$10596,$0,$1331,$443,$5351,$8213,$89487,$47001,$5389,$25,$5645,$52646,$28638,$11408,$0,$36841,$89487,$0,$0,$0,$0,$0,$0,$0,$0,$0,$10397,$-9606,$0,$0,$0,$0,$0,$-464,$-10070,$0,$0,$0,$0,$0,$-742,$662,$-80,$168,$0,$0
6,2015-06-30,15.24,$0.00,0.0,$19.10,0.8,$1.00,15.3,$0.81,18.82,$9.01B,$44.91B,0.2,$5.23B,$37.72B,0.14,$45.61B,$41.17B,90.26%,$45.61B,$34.47B,75.58%,$45.61B,$34.47B,75.58%,$45.61B,$34.47B,75.58%,$45.61B,$34.19B,74.96%,$45.61B,$2.02B,4.42%,$2.02B,$37.72B,5.42%,$2.02B,$37.26B,5.49%,$2.02B,$88.13B,2.32%,$34.47B,$42.95B,82.93%,$11529,$0,$11529,$0,$0,$0,$11529,$0,$11529,$0,$11529,$627,$627,$11529,$11529,$2395,2490,$0.26,$0.25,$2687,$941,$1898,$9012,$0,$1551,$455,$5333,$8335,$88129,$44912,$5227,$29,$5499,$50411,$29409,$11519,$0,$37718,$88129,$0,$0,$0,$0,$0,$0,$0,$0,$0,$6286,$-6535,$0,$0,$0,$0,$0,$-267,$-6801,$0,$0,$0,$0,$0,$-762,$-198,$-961,$-1477,$0,$0
7,2015-03-31,14.56,$0.00,0.0,$19.26,0.76,$1.10,13.28,$0.79,18.43,$10.11B,$46.28B,0.22,$3.91B,$37.60B,0.1,$45.95B,$41.51B,90.34%,$45.95B,$34.82B,75.77%,$45.95B,$34.82B,75.77%,$45.95B,$34.82B,75.77%,$45.95B,$34.53B,75.14%,$45.95B,$1.95B,4.24%,$1.95B,$37.60B,5.30%,$1.95B,$37.15B,5.37%,$1.95B,$88.06B,2.27%,$34.82B,$41.51B,86.16%,$12137,$4441,$7696,$0,$3539,$11136,$1001,$-262,$714,$198,$516,$517,$517,$1001,$1001,$2395,2490,$0.21,$0.21,$4085,$981,$1772,$10105,$0,$1587,$452,$5448,$8648,$88060,$46279,$3913,$32,$4183,$50461,$29194,$11592,$0,$37599,$88060,$0,$0,$0,$0,$0,$0,$0,$0,$0,$3104,$-3293,$0,$0,$0,$0,$0,$-117,$-3410,$0,$0,$0,$0,$0,$0,$0,$256,$-50,$0,$0
8,2014-12-31,12.83,$0.00,0.0,$19.43,0.66,$2.37,5.41,$0.81,15.84,$9.12B,$47.05B,0.19,$3.85B,$36.67B,0.11,$46.32B,$41.86B,90.38%,$46.32B,$34.76B,75.05%,$46.32B,$34.76B,75.05%,$46.32B,$34.76B,75.05%,$46.32B,$34.53B,74.56%,$46.32B,$1.97B,4.26%,$1.97B,$36.67B,5.41%,$1.97B,$36.23B,5.48%,$1.97B,$87.85B,2.32%,$34.76B,$40.52B,87.64%,$11233,$0,$11233,$0,$0,$0,$11233,$0,$11233,$0,$11233,$242,$242,$11233,$11233,$2131,2131,$0.11,$0.10,$4088,$706,$1616,$9118,$166631,$1440,$447,$5198,$174718,$87850,$47049,$3849,$35,$4128,$51177,$28866,$10947,$0,$36673,$87850,$2568,$11905,$0,$11905,$0,$0,$0,$0,$-213,$14198,$-11700,$0,$-496,$0,$0,$0,$57,$-12139,$0,$-4192,$3198,$0,$141,$-593,$0,$-1446,$613,$0,$0
9,2014-09-30,14.34,$0.00,0.0,$19.56,0.73,$1.29,11.11,$0.86,16.67,$8.60B,$41.57B,0.21,$4.57B,$36.73B,0.12,$47.30B,$42.85B,90.58%,$47.30B,$35.74B,75.56%,$47.30B,$35.74B,75.56%,$47.30B,$35.74B,75.56%,$47.30B,$35.52B,75.08%,$47.30B,$2.06B,4.36%,$2.06B,$36.73B,5.68%,$2.06B,$36.28B,5.75%,$2.06B,$83.38B,2.43%,$35.74B,$41.30B,91.34%,$10711,$0,$10711,$0,$0,$0,$10711,$0,$10711,$0,$10711,$631,$631,$10711,$10711,$2383,2479,$0.26,$0.25,$3053,$618,$2182,$8602,$0,$1354,$450,$5308,$8541,$83383,$41567,$4566,$368,$5084,$46651,$29021,$10976,$0,$36732,$83383,$0,$0,$0,$0,$0,$0,$0,$0,$0,$0,$0,$0,$0,$0,$0,$0,$0,$0,$0,$0,$0,$0,$0,$0,$0,$0,$0,$0,$0
10,2014-06-30,14.62,$0.00,0.0,$20.14,0.73,$1.29,11.33,$0.81,18.05,$8.67B,$43.84B,0.2,$2.21B,$36.09B,0.06,$49.06B,$44.61B,90.92%,$49.06B,$37.50B,76.44%,$49.06B,$37.50B,76.44%,$49.06B,$37.50B,76.44%,$49.06B,$37.28B,75.98%,$49.06B,$1.93B,3.94%,$1.93B,$36.09B,5.38%,$1.93B,$35.64B,5.45%,$1.93B,$83.85B,2.28%,$37.50B,$38.30B,98.33%,$11872,$0,$11872,$0,$0,$0,$11872,$0,$11872,$0,$11872,$559,$559,$11872,$11872,$2382,2479,$0.23,$0.23,$3139,$716,$1788,$8670,$0,$1124,$450,$4760,$7674,$83849,$43841,$2211,$1488,$3919,$47760,$28905,$0,$0,$36089,$83849,$0,$0,$0,$0,$0,$0,$0,$0,$0,$0,$0,$0,$0,$0,$0,$0,$0,$0,$0,$0,$0,$0,$0,$0,$0,$0,$0,$0,$0
11,2014-03-31,12.32,$0.00,0.0,$20.56,0.6,$1.29,9.54,$0.82,15.02,$9.36B,$46.55B,0.2,$2.23B,$36.31B,0.06,$49.07B,$44.62B,90.92%,$49.07B,$37.51B,76.45%,$49.07B,$37.51B,76.45%,$49.07B,$37.51B,76.45%,$49.07B,$37.29B,75.98%,$49.07B,$1.93B,3.92%,$1.93B,$36.31B,5.43%,$1.93B,$35.86B,5.50%,$1.93B,$85.33B,2.28%,$37.51B,$38.54B,100.81%,$12503,$4455,$8048,$0,$4124,$11558,$945,$-227,$718,$178,$540,$540,$540,$945,$945,$2378,2477,$0.23,$0.23,$3682,$986,$1977,$9361,$0,$1036,$453,$5056,$7812,$85332,$46550,$2228,$36,$2468,$49018,$0,$10483,$0,$36314,$85332,$0,$0,$0,$0,$0,$0,$0,$0,$0,$2976,$0,$0,$0,$0,$0,$0,$0,$-2464,$0,$0,$0,$0,$0,$0,$0,$-354,$156,$0,$0
12,2013-12-31,14.09,$0.00,0.0,$20.08,0.7,$1.18,11.97,$0.71,19.85,$8.63B,$48.77B,0.18,$2.23B,$36.16B,0.06,$47.82B,$43.28B,90.51%,$47.82B,$37.10B,77.60%,$47.82B,$37.10B,77.60%,$47.82B,$37.10B,77.60%,$47.82B,$36.97B,77.32%,$47.82B,$1.69B,3.53%,$1.69B,$36.16B,4.85%,$1.69B,$35.70B,4.92%,$1.69B,$87.41B,2.03%,$37.10B,$38.39B,102.79%,$12214,$0,$12214,$0,$0,$0,$12214,$0,$12214,$0,$12214,$332,$332,$12214,$12214,$2260,2260,$0.15,$0.15,$3561,$914,$1596,$8625,$164371,$1073,$458,$4846,$171860,$87413,$48770,$2226,$43,$2483,$51253,$385,$10047,$0,$36160,$87413,$2265,$11265,$0,$11265,$0,$0,$0,$0,$-373,$12965,$-12763,$0,$0,$0,$0,$-4,$29,$-12738,$0,$-7529,$8109,$0,$182,$-444,$0,$318,$538,$0,$0
13,2013-09-30,14.43,$0.00,0.0,$18.99,0.76,$-0.22,0.0,$0.67,21.54,$8.62B,$45.50B,0.19,$2.19B,$35.14B,0.06,$45.74B,$41.20B,90.07%,$45.74B,$35.03B,76.58%,$45.74B,$35.03B,76.58%,$45.74B,$35.03B,76.58%,$45.74B,$34.89B,76.29%,$45.74B,$1.62B,3.54%,$1.62B,$35.14B,4.74%,$1.62B,$34.69B,4.80%,$1.62B,$83.09B,1.97%,$35.03B,$37.33B,100.05%,$12472,$0,$12472,$0,$0,$0,$12472,$0,$12472,$0,$12472,$503,$503,$12472,$12472,$2548,2548,$0.20,$0.20,$3087,$1073,$1952,$8623,$0,$1013,$450,$3958,$6814,$83092,$45501,$2193,$38,$2454,$47955,$377,$9700,$0,$35137,$83092,$0,$0,$0,$0,$0,$0,$0,$0,$0,$0,$0,$0,$0,$0,$0,$0,$0,$0,$0,$0,$0,$0,$0,$0,$0,$0,$0,$0,$0
14,2013-06-30,12.3,$0.00,0.0,$18.07,0.68,$-0.22,0.0,$0.60,20.5,$7.52B,$46.58B,0.16,$0.40B,$34.19B,0.01,$43.31B,$38.77B,89.52%,$43.31B,$32.60B,75.27%,$43.31B,$32.60B,75.27%,$43.31B,$32.60B,75.27%,$43.31B,$32.47B,74.96%,$43.31B,$1.44B,3.31%,$1.44B,$34.19B,4.27%,$1.44B,$33.74B,4.33%,$1.44B,$81.44B,1.80%,$32.60B,$34.59B,94.02%,$11882,$0,$11882,$0,$0,$0,$11882,$0,$11882,$0,$11882,$551,$551,$11882,$11882,$2279,2279,$0.24,$0.24,$2173,$813,$1851,$7519,$0,$0,$447,$4610,$6376,$81441,$46580,$403,$43,$670,$47250,$374,$9142,$0,$34191,$81441,$0,$0,$0,$0,$0,$0,$0,$0,$0,$0,$0,$0,$0,$0,$0,$0,$0,$0,$0,$0,$0,$0,$0,$0,$0,$0,$0,$0,$0
15,2013-03-31,12.45,$0.00,0.0,$16.81,0.74,$-0.22,0.0,$0.52,23.95,$7.74B,$46.07B,0.17,$0.40B,$33.67B,0.01,$41.02B,$36.48B,88.93%,$41.02B,$30.30B,73.89%,$41.02B,$30.30B,73.89%,$41.02B,$30.30B,73.89%,$41.02B,$30.17B,73.56%,$41.02B,$1.27B,3.09%,$1.27B,$33.67B,3.82%,$1.27B,$33.23B,3.87%,$1.27B,$80.41B,1.63%,$30.30B,$34.07B,85.54%,$11247,$4539,$6707,$0,$3486,$10710,$536,$-134,$403,$100,$303,$303,$303,$536,$536,$2357,2466,$0.13,$0.12,$2271,$1084,$1872,$7739,$0,$0,$441,$4428,$5981,$80414,$46069,$400,$47,$674,$46743,$368,$8941,$0,$33672,$80414,$0,$0,$0,$0,$0,$0,$0,$0,$0,$2682,$0,$0,$0,$0,$0,$0,$0,$-2891,$0,$0,$0,$0,$0,$0,$0,$-432,$-641,$0,$0
16,2012-12-31,15.05,$0.00,0.0,$16.34,0.92,$-0.17,0.0,$0.46,32.71,$7.73B,$48.53B,0.16,$0.41B,$33.63B,0.01,$39.50B,$35.48B,89.80%,$39.50B,$32.01B,81.03%,$39.50B,$32.01B,81.03%,$39.50B,$32.01B,81.03%,$39.50B,$29.98B,75.89%,$39.50B,$1.13B,2.85%,$1.13B,$33.63B,3.41%,$1.13B,$33.18B,3.46%,$1.13B,$82.84B,1.49%,$32.01B,$34.04B,87.73%,$10136,$0,$10136,$0,$0,$0,$10136,$0,$10136,$0,$10136,$261,$261,$10136,$10136,$2347,2347,$0.11,$0.11,$2934,$931,$1538,$7732,$151144,$894,$445,$3544,$157076,$82844,$48526,$407,$53,$690,$49216,$371,$8705,$0,$33628,$82844,$1528,$9800,$0,$9800,$0,$0,$0,$0,$102,$11335,$-14394,$0,$-1656,$0,$0,$44,$39,$-15967,$0,$-5370,$10874,$0,$0,$-367,$0,$5137,$505,$0,$0
17,2012-09-30,15.07,$0.00,0.0,$12.02,1.25,$1.14,13.25,$0.35,43.05,$6.29B,$37.55B,0.17,$3.11B,$32.88B,0.1,$37.81B,$33.78B,89.35%,$37.81B,$30.31B,80.18%,$37.81B,$30.31B,80.18%,$37.81B,$30.31B,80.18%,$37.81B,$28.28B,74.81%,$37.81B,$0.86B,2.27%,$0.86B,$32.88B,2.64%,$0.86B,$32.45B,2.67%,$0.86B,$73.83B,1.18%,$30.31B,$35.99B,81.29%,$10046,$0,$10046,$0,$0,$0,$10046,$0,$10046,$0,$10046,$320,$320,$10046,$10046,$2529,2529,$0.13,$0.13,$1934,$677,$1151,$6288,$0,$0,$438,$4125,$5724,$73833,$37554,$3110,$30,$3395,$40949,$366,$8421,$0,$32884,$73833,$0,$0,$0,$0,$0,$0,$0,$0,$0,$0,$0,$0,$0,$0,$0,$0,$0,$0,$0,$0,$0,$0,$0,$0,$0,$0,$0,$0,$0
18,2012-06-30,11.59,$0.00,0.0,$11.78,0.98,$1.14,10.19,$0.33,35.13,$7.15B,$36.72B,0.2,$5.01B,$32.60B,0.15,$36.34B,$32.31B,88.91%,$36.34B,$28.84B,79.37%,$36.34B,$28.84B,79.37%,$36.34B,$28.84B,79.37%,$36.34B,$26.81B,73.79%,$36.34B,$0.79B,2.18%,$0.79B,$32.60B,2.44%,$0.79B,$32.16B,2.47%,$0.79B,$74.64B,1.11%,$28.84B,$37.61B,76.47%,$9586,$0,$9586,$0,$0,$0,$9586,$0,$9586,$0,$9586,$384,$384,$9586,$9586,$2203,2423,$0.17,$0.16,$2971,$916,$1098,$7145,$0,$0,$439,$4121,$5656,$74635,$36721,$5005,$36,$5314,$42035,$366,$8116,$0,$32600,$74635,$0,$0,$0,$0,$0,$0,$0,$0,$0,$0,$0,$0,$0,$0,$0,$0,$0,$0,$0,$0,$0,$0,$0,$0,$0,$0,$0,$0,$0
19,2012-03-31,15.34,$0.00,0.0,$11.12,1.38,$1.14,13.49,$0.33,46.49,$7.08B,$33.07B,0.21,$5.49B,$32.81B,0.17,$34.95B,$30.92B,88.47%,$34.95B,$27.45B,78.55%,$34.95B,$27.45B,78.55%,$34.95B,$27.45B,78.55%,$34.95B,$25.42B,72.75%,$34.95B,$0.80B,2.28%,$0.80B,$32.81B,2.47%,$0.80B,$32.37B,2.50%,$0.80B,$71.68B,1.15%,$27.45B,$38.30B,72.97%,$9735,$4028,$5707,$1087,$0,$7495,$2240,$-2012,$211,$51,$160,$160,$160,$2240,$2240,$2357,2378,$0.06,$0.06,$2879,$1017,$1153,$7081,$0,$0,$440,$4334,$5709,$71683,$33073,$5485,$35,$5799,$38872,$367,$8121,$0,$32812,$71683,$0,$0,$0,$0,$0,$0,$0,$0,$0,$2705,$0,$0,$0,$0,$0,$0,$0,$-2675,$0,$0,$0,$0,$0,$0,$0,$421,$450,$0,$0
20,2011-12-31,19.31,$0.00,0.0,$9.98,1.94,$0.71,27.37,$0.28,68.96,$6.01B,$33.16B,0.18,$5.35B,$31.91B,0.17,$32.67B,$31.07B,95.11%,$32.67B,$26.26B,80.40%,$32.67B,$26.26B,80.40%,$32.67B,$26.26B,80.40%,$32.67B,$25.25B,77.29%,$32.67B,$0.66B,2.02%,$0.66B,$31.91B,2.07%,$0.66B,$31.49B,2.10%,$0.66B,$70.72B,0.97%,$26.26B,$37.26B,70.54%,$8441,$0,$8441,$0,$0,$0,$8441,$0,$8441,$0,$8441,$-6,$-6,$8441,$8441,$0,0,$0.00,$0.00,$2389,$721,$1136,$6014,$0,$0,$430,$4295,$5513,$70716,$33159,$5348,$14,$5643,$38802,$358,$7770,$0,$31914,$70716,$868,$8993,$0,$8993,$0,$0,$0,$0,$673,$10306,$-11847,$0,$0,$0,$0,$0,$-1014,$-12860,$0,$1701,$27,$0,$5,$-321,$-20,$1393,$-1161,$0,$0
21,2011-09-30,18.64,$0.00,0.0,$12.35,1.51,$0.24,77.8,$0.31,60.13,$5.93B,$29.86B,0.2,$5.40B,$32.29B,0.17,$31.06B,$29.46B,94.86%,$31.06B,$24.65B,79.38%,$31.06B,$24.65B,79.38%,$31.06B,$24.65B,79.38%,$31.06B,$23.64B,76.12%,$31.06B,$0.75B,2.42%,$0.75B,$32.29B,2.38%,$0.75B,$31.86B,2.41%,$0.75B,$67.88B,1.12%,$24.65B,$37.69B,66.56%,$8574,$0,$8574,$0,$0,$0,$8574,$0,$8574,$0,$8574,$253,$253,$8574,$8574,$2301,2301,$0.11,$0.11,$2355,$684,$1127,$5926,$0,$0,$432,$4324,$5662,$67880,$29858,$5400,$24,$5730,$35588,$361,$4870,$0,$32292,$67880,$0,$0,$0,$0,$0,$0,$0,$0,$0,$0,$0,$0,$0,$0,$0,$0,$0,$0,$0,$0,$0,$0,$0,$0,$0,$0,$0,$0,$0
22,2011-06-30,18.52,$0.00,0.0,$11.22,1.65,$0.24,77.3,$0.24,77.17,$5.99B,$30.16B,0.2,$5.36B,$31.87B,0.17,$28.90B,$27.30B,94.47%,$28.90B,$22.50B,77.85%,$28.90B,$22.50B,77.85%,$28.90B,$22.50B,77.85%,$28.90B,$21.48B,74.34%,$28.90B,$0.61B,2.11%,$0.61B,$31.87B,1.96%,$0.61B,$31.45B,1.98%,$0.61B,$67.75B,0.93%,$22.50B,$37.23B,62.36%,$8198,$0,$8198,$0,$0,$0,$8198,$0,$8198,$0,$8198,$389,$389,$8198,$8198,$2486,2486,$0.16,$0.16,$2825,$630,$929,$5991,$125853,$0,$427,$4535,$131680,$67747,$30160,$5360,$24,$5715,$35875,$356,$4802,$0,$31872,$67747,$0,$0,$0,$0,$0,$0,$0,$0,$0,$0,$0,$0,$0,$0,$0,$0,$0,$0,$0,$0,$0,$0,$0,$0,$0,$0,$0,$0,$0
23,2011-03-31,15.07,$0.00,0.0,$10.56,1.43,$0.24,62.91,$0.17,88.67,$7.26B,$29.86B,0.24,$5.34B,$31.40B,0.17,$26.83B,$25.23B,94.05%,$26.83B,$20.42B,76.14%,$26.83B,$20.42B,76.14%,$26.83B,$20.42B,76.14%,$26.83B,$19.41B,72.35%,$26.83B,$0.43B,1.59%,$0.43B,$31.40B,1.39%,$0.43B,$30.98B,1.41%,$0.43B,$66.93B,0.66%,$20.42B,$36.74B,58.98%,$7452,$1597,$5855,$0,$2668,$6402,$1050,$-1015,$35,$10,$25,$25,$25,$1050,$1050,$2523,2523,$0.01,$0.01,$3787,$653,$1331,$7263,$0,$0,$421,$4496,$5624,$66933,$29861,$5340,$0,$5668,$35529,$351,$4690,$0,$31404,$66933,$0,$0,$0,$0,$0,$0,$0,$0,$0,$1780,$0,$0,$0,$0,$0,$0,$0,$-2274,$0,$0,$0,$0,$0,$0,$0,$822,$327,$0,$0
24,2010-12-31,12.94,$0.00,0.0,$10.22,1.27,$0.74,17.51,$0.23,56.26,$6.40B,$30.04B,0.21,$5.31B,$31.19B,0.17,$25.29B,$23.92B,94.60%,$25.29B,$19.63B,77.64%,$25.29B,$19.63B,77.64%,$25.29B,$19.63B,77.64%,$25.29B,$19.59B,77.48%,$25.29B,$0.57B,2.24%,$0.57B,$31.19B,1.86%,$0.57B,$30.77B,1.89%,$0.57B,$66.89B,0.91%,$19.63B,$36.50B,58.94%,$6831,$0,$6831,$0,$0,$0,$6831,$0,$6831,$0,$6831,$86,$86,$6831,$6831,$2874,2874,$0.03,$0.03,$3449,$565,$974,$6395,$0,$0,$420,$4608,$5028,$66887,$30036,$5307,$25,$5663,$35699,$350,$7043,$0,$31188,$66887,$723,$8247,$0,$8247,$0,$0,$0,$0,$961,$10052,$-11391,$0,$0,$0,$0,$0,$559,$-10832,$0,$-644,$4218,$0,$0,$-556,$-15,$3003,$2223,$0,$0
25,2010-09-30,13.22,$0.00,0.0,$10.46,1.26,$-0.13,0.0,$0.21,62.96,$4.41B,$27.79B,0.16,$3.48B,$30.36B,0.12,$24.16B,$22.80B,94.35%,$24.16B,$18.51B,76.60%,$24.16B,$18.51B,76.60%,$24.16B,$18.51B,76.60%,$24.16B,$18.47B,76.43%,$24.16B,$0.51B,2.12%,$0.51B,$30.36B,1.70%,$0.51B,$29.95B,1.72%,$0.51B,$62.01B,0.84%,$18.51B,$33.84B,57.77%,$6419,$0,$6419,$0,$0,$0,$6419,$0,$6419,$0,$6419,$111,$111,$6419,$6419,$2473,2473,$0.04,$0.04,$1680,$298,$1036,$4407,$0,$0,$410,$3834,$5048,$62010,$27791,$3477,$27,$3855,$31647,$342,$4353,$0,$30364,$62010,$0,$0,$0,$0,$0,$0,$0,$0,$0,$0,$0,$0,$0,$0,$0,$0,$0,$0,$0,$0,$0,$0,$0,$0,$0,$0,$0,$0,$0
26,2010-06-30,12.08,$0.00,0.0,$7.87,1.54,$-0.13,0.0,$0.17,71.04,$3.82B,$29.42B,0.13,$1.57B,$29.87B,0.05,$17.74B,$16.38B,92.30%,$17.74B,$12.09B,68.14%,$17.74B,$12.09B,68.14%,$17.74B,$12.09B,68.14%,$17.74B,$12.05B,67.90%,$17.74B,$0.40B,2.27%,$0.40B,$29.87B,1.33%,$0.40B,$29.47B,1.33%,$0.40B,$61.25B,0.69%,$12.09B,$31.44B,38.47%,$6124,$0,$6124,$0,$0,$0,$6124,$0,$6124,$0,$6124,$205,$205,$6124,$6124,$2328,2328,$0.09,$0.09,$1165,$343,$902,$3818,$0,$0,$407,$3610,$4860,$61253,$29421,$1571,$27,$1958,$31380,$340,$4039,$0,$29873,$61253,$0,$0,$0,$0,$0,$0,$0,$0,$0,$0,$0,$0,$0,$0,$0,$0,$0,$0,$0,$0,$0,$0,$0,$0,$0,$0,$0,$0,$0
27,2010-03-31,9.93,$0.00,0.0,$5.24,1.9,$-0.13,0.0,$0.08,124.14,$4.09B,$27.39B,0.15,$1.13B,$30.33B,0.04,$17.19B,$14.59B,84.87%,$17.19B,$6.66B,38.71%,$17.19B,$6.66B,38.71%,$17.19B,$6.66B,38.71%,$17.19B,$6.60B,38.40%,$17.19B,$0.72B,4.19%,$0.72B,$30.33B,2.38%,$0.72B,$29.92B,2.37%,$0.72B,$59.25B,1.29%,$6.66B,$31.46B,21.15%,$5912,$1365,$4546,$0,$2356,$5653,$259,$-59,$217,$51,$166,$165,$165,$259,$259,$2258,2258,$0.07,$0.07,$1472,$323,$947,$4094,$0,$0,$407,$3763,$4919,$59254,$27394,$1134,$28,$1534,$28928,$339,$7317,$0,$30325,$59254,$0,$0,$0,$0,$0,$0,$0,$0,$0,$2720,$0,$0,$0,$0,$0,$0,$0,$-2516,$0,$0,$0,$0,$0,$0,$0,$-47,$157,$0,$0
28,2009-12-31,11.68,$0.00,0.0,$2.62,4.46,$-1.33,0.0,$0.01,1167.69,$4.49B,$29.29B,0.15,$1.14B,$30.27B,0.04,$21.88B,$17.42B,79.59%,$21.88B,$7.97B,36.41%,$21.88B,$7.97B,36.41%,$21.88B,$7.97B,36.41%,$21.88B,$6.13B,28.03%,$21.88B,$4.22B,19.30%,$4.22B,$30.27B,13.93%,$4.22B,$29.86B,13.89%,$4.22B,$61.14B,7.87%,$7.97B,$31.41B,25.31%,$5707,$0,$5707,$0,$0,$0,$5707,$0,$5707,$0,$5707,$32,$32,$5707,$5707,$2180,2180,$0.01,$0.01,$1292,$354,$1548,$4488,$0,$0,$406,$4002,$5171,$61139,$29294,$1137,$27,$1577,$30871,$339,$7155,$0,$30268,$61139,$1800,$6976,$0,$6976,$0,$0,$0,$0,$380,$8464,$-11364,$0,$-1310,$0,$0,$-97,$-474,$-13245,$0,$6323,$-206,$0,$0,$-670,$-1019,$4427,$-354,$0,$0
29,2009-06-30,11.88,$0.00,0.0,$3.63,3.27,0,0.0,0,0.0,$3.94B,$18.52B,0.21,$1.17B,$0.00B,0.0,$344.60B,$340.07B,98.68%,$344.60B,$324.03B,94.03%,$344.60B,$324.03B,94.03%,$344.60B,$324.03B,94.03%,$344.60B,$1.48B,0.43%,$344.60B,$379.31B,110.07%,$379.31B,$30.24B,1433.33%,$379.31B,$31.82B,1428.54%,$379.31B,$51.50B,866.65%,$324.03B,$31.41B,1185.17%,$0,$0,$0,$0,$0,$0,$0,$0,$0,$0,$0,$0,$0,$0,$0,$0,0,$0.00,$0.00,$1136,$166,$1185,$3943,$0,$0,$0,$2588,$3450,$51501,$18518,$1167,$0,$1167,$19685,$0,$0,$0,$30243,$51501,$0,$0,$0,$0,$0,$0,$0,$0,$0,$0,$0,$0,$0,$0,$0,$0,$0,$0,$0,$0,$0,$0,$0,$0,$0,$0,$0,$0,$0
30,2009-03-31,8.88,$0.00,0.0,$3.65,2.43,0,0.0,0,0.0,$5.42B,$19.28B,0.28,$1.17B,$30.46B,0.04,$714.36B,$709.82B,99.37%,$714.36B,$693.79B,97.12%,$714.36B,$693.79B,97.12%,$714.36B,$693.79B,97.12%,$714.36B,$371.24B,51.97%,$714.36B,$729.25B,102.09%,$729.25B,$30.46B,3245.19%,$729.25B,$30.05B,3304.64%,$729.25B,$51.58B,2016.37%,$693.79B,$31.63B,3001.68%,$5574,$1235,$4339,$0,$1936,$4884,$690,$-12,$678,$154,$524,$524,$524,$690,$690,$0,0,$0.00,$0.00,$1287,$134,$2573,$5423,$0,$0,$407,$2515,$3708,$51578,$19277,$1167,$191,$1841,$21118,$342,$8469,$0,$30461,$51578,$0,$0,$0,$0,$0,$0,$0,$0,$0,$0,$0,$0,$0,$0,$0,$0,$0,$0,$0,$0,$0,$0,$0,$0,$0,$0,$0,$0,$0
31,2008-12-31,10.4,$0.00,0.0,$4.08,2.55,$0.00,0.0,$0.20,52.01,$5.29B,$18.35B,0.29,$1.17B,$30.30B,0.04,$1031.22B,$1027.03B,99.59%,$1031.22B,$1012.35B,98.17%,$1031.22B,$1012.35B,98.17%,$1031.22B,$1012.35B,98.17%,$1031.22B,$370.95B,35.97%,$1031.22B,$1017.57B,98.68%,$1017.57B,$30.30B,5551.09%,$1017.57B,$29.89B,5678.88%,$1017.57B,$50.56B,3572.37%,$1012.35B,$31.47B,5403.00%,$10601,$3231,$7370,$0,$1972,$9031,$1570,$-1821,$-251,$-122,$-129,$-129,$3668,$1570,$1570,$0,0,$0.00,$0.00,$1389,$172,$2475,$5294,$0,$0,$406,$2462,$3649,$50557,$18354,$1172,$235,$1905,$20259,$341,$5511,$0,$30298,$50557,$1193,$6988,$96,$7084,$0,$0,$0,$0,$-590,$8403,$-6962,$0,$3460,$0,$0,$0,$-163,$-3665,$0,$-1622,$-2337,$0,$66,$-891,$-356,$-5140,$-402,$0,$0
32,2008-09-30,12.89,$0.00,0.0,$4.58,2.81,$0.01,0.0,$0.24,53.71,$3.23B,$6.50B,0.5,$0.00B,$14.85B,0.0,$1172.53B,$1171.57B,99.92%,$1172.53B,$1162.68B,99.16%,$1172.53B,$1162.68B,99.16%,$1172.53B,$1162.68B,99.16%,$1172.53B,$523.11B,44.61%,$1172.53B,$1572.52B,134.11%,$1572.52B,$14.85B,11161.91%,$1572.52B,$14.45B,11503.84%,$1572.52B,$21.44B,7500.23%,$1162.68B,$14.85B,8154.61%,$328424,$67,$328357,$0,$4229,$6654,$321769,$46,$1053,$278,$775,$375121,$375121,$321769,$321769,$0,90468,$0.00,$0.34,$590,$121,$2150,$3226,$0,$0,$405,$1416,$1892,$21435,$6498,$0,$0,$85,$6582,$210,$5215,$0,$14853,$21435,$0,$0,$0,$0,$0,$0,$0,$0,$0,$0,$0,$0,$0,$0,$0,$0,$0,$0,$0,$0,$0,$0,$0,$0,$0,$0,$0,$0,$0
33,2008-06-30,15.79,$0.00,0.0,$1.07,14.82,$0.01,0.0,$0.24,65.79,$1.74B,$5.45B,0.32,$0.23B,$14.28B,0.02,$936.23B,$935.33B,99.90%,$936.23B,$933.04B,99.66%,$936.23B,$933.04B,99.66%,$936.23B,$933.04B,99.66%,$936.23B,$614.18B,65.60%,$936.23B,$1595.10B,170.38%,$1595.10B,$14.28B,11853.11%,$1595.10B,$13.88B,12236.14%,$1595.10B,$21.10B,7851.85%,$933.04B,$14.50B,6818.84%,$369757,$0,$369757,$0,$0,$0,$369757,$0,$369757,$0,$369757,$349939,$349939,$369757,$369757,$0,17496940,$0.00,$0.02,$990,$117,$303,$1742,$0,$0,$399,$3093,$3552,$21096,$5446,$227,$1058,$1375,$6821,$207,$4772,$0,$14275,$21096,$0,$0,$0,$0,$0,$0,$0,$0,$0,$0,$0,$0,$0,$0,$0,$0,$0,$0,$0,$0,$0,$0,$0,$0,$0,$0,$0,$0,$0
34,2008-03-31,17.9,$0.00,0.0,$2.53,7.07,$0.01,0.0,$0.25,71.6,$2.69B,$6.55B,0.41,$0.22B,$13.90B,0.02,$569.76B,$568.87B,99.84%,$569.76B,$566.57B,99.44%,$569.76B,$566.57B,99.44%,$569.76B,$566.57B,99.44%,$569.76B,$247.71B,43.48%,$569.76B,$1245.19B,218.55%,$1245.19B,$13.90B,9983.85%,$1245.19B,$13.46B,10334.78%,$1245.19B,$20.85B,6331.99%,$566.57B,$14.12B,4305.76%,$322437,$893,$321544,$0,$1491,$3187,$319250,$14,$390,$108,$283,$288843,$288843,$319250,$319250,$1416,754412,$0.20,$0.02,$1462,$313,$450,$2692,$0,$0,$440,$1802,$2331,$20850,$6554,$224,$0,$398,$6952,$201,$4125,$0,$13898,$20850,$0,$0,$0,$0,$0,$0,$0,$0,$0,$1083,$0,$0,$0,$0,$0,$0,$0,$-662,$0,$0,$0,$0,$0,$0,$0,$22,$443,$0,$0
35,2007-12-31,18.85,$0.00,0.0,$4.54,4.15,$0.85,22.07,$0.25,75.4,$2.31B,$6.75B,0.34,$0.23B,$13.33B,0.02,$250.40B,$249.62B,99.69%,$250.40B,$247.67B,98.91%,$250.40B,$247.67B,98.91%,$250.40B,$247.67B,98.91%,$250.40B,$247.69B,98.92%,$250.40B,$956.60B,382.03%,$956.60B,$13.33B,8228.96%,$956.60B,$12.90B,8533.61%,$956.60B,$20.48B,5021.96%,$247.67B,$13.56B,1947.75%,$151908,$0,$151908,$0,$0,$0,$151908,$0,$151908,$0,$151908,$558615,$558615,$151908,$151908,$295708,300361,$0.04,$0.04,$1003,$347,$518,$2308,$0,$0,$431,$1762,$2252,$20484,$6749,$228,$0,$408,$7157,$197,$4312,$0,$13327,$20484,$1776,$3657,$0,$3657,$0,$0,$0,$0,$-674,$4432,$-2936,$0,$-121,$0,$0,$0,$-366,$-3423,$0,$-1503,$0,$0,$43,$-313,$0,$-1773,$-763,$0,$0
36,2007-09-30,17.54,$0.00,0.0,$6.13,2.86,$2.50,7.02,$0.17,103.16,$2.26B,$6.07B,0.37,$0.23B,$12.33B,0.02,$101.55B,$100.77B,99.23%,$101.55B,$98.81B,97.31%,$101.55B,$98.81B,97.31%,$101.55B,$98.81B,97.31%,$101.55B,$98.83B,97.33%,$101.55B,$397.92B,391.86%,$397.92B,$12.33B,3671.98%,$397.92B,$11.91B,3815.63%,$397.92B,$18.83B,2137.27%,$98.81B,$12.55B,801.15%,$92124,$0,$92124,$0,$0,$0,$92124,$0,$92124,$0,$92124,$397706,$397706,$92124,$92124,$0,829233,$0.00,$0.03,$1131,$354,$337,$2260,$0,$0,$415,$1550,$2088,$18830,$6068,$225,$1,$432,$6500,$190,$3663,$0,$12329,$18830,$0,$0,$0,$0,$0,$0,$0,$0,$0,$0,$0,$0,$0,$0,$0,$0,$0,$0,$0,$0,$0,$0,$0,$0,$0,$0,$0,$0,$0
37,2007-06-30,14.5,$0.00,0.0,$8.38,1.73,$2.50,5.8,$0.31,46.77,$2.28B,$5.86B,0.39,$2.07B,$10.33B,0.2,$12.38B,$11.60B,93.70%,$12.38B,$9.65B,77.92%,$12.38B,$9.65B,77.92%,$12.38B,$9.65B,77.92%,$12.38B,$9.67B,78.08%,$12.38B,$0.39B,3.17%,$0.39B,$10.33B,3.82%,$0.39B,$9.93B,3.98%,$0.39B,$18.50B,2.12%,$9.65B,$12.40B,79.64%,$3291,$0,$3291,$0,$0,$0,$3291,$0,$3291,$0,$3291,$22,$22,$3291,$3291,$2214,2214,$0.01,$0.01,$1195,$337,$313,$2278,$0,$0,$409,$1474,$1978,$18496,$5857,$2069,$1,$2305,$8162,$175,$3218,$0,$10334,$18496,$0,$0,$0,$0,$0,$0,$0,$0,$0,$0,$0,$0,$0,$0,$0,$0,$0,$0,$0,$0,$0,$0,$0,$0,$0,$0,$0,$0,$0
38,2007-03-31,11.73,$0.00,0.0,$9.26,1.27,$2.50,4.69,$0.44,26.65,$2.29B,$5.75B,0.4,$1.84B,$10.51B,0.18,$12.07B,$11.29B,93.54%,$12.07B,$9.34B,77.35%,$12.07B,$9.34B,77.35%,$12.07B,$9.34B,77.35%,$12.07B,$9.36B,77.52%,$12.07B,$0.55B,4.52%,$0.55B,$10.51B,5.40%,$0.55B,$10.10B,5.63%,$0.55B,$18.38B,2.99%,$9.34B,$12.35B,80.29%,$3077,$780,$2297,$0,$1227,$2735,$343,$21,$363,$111,$253,$253,$253,$343,$343,$1265,1265,$0.20,$0.20,$1182,$332,$334,$2290,$0,$0,$406,$1443,$1919,$18383,$5752,$1841,$1,$2123,$7874,$174,$3465,$0,$10509,$18383,$0,$0,$0,$0,$0,$0,$0,$0,$0,$1074,$0,$0,$0,$0,$0,$0,$0,$-588,$0,$0,$0,$0,$0,$0,$0,$-878,$-392,$0,$0
39,2006-12-31,12.34,$0.00,0.0,$8.47,1.46,$2.34,5.28,$0.34,36.29,$2.62B,$6.45B,0.41,$1.85B,$10.18B,0.18,$11.84B,$11.17B,94.38%,$11.84B,$9.27B,78.33%,$11.84B,$9.27B,78.33%,$11.84B,$9.27B,78.33%,$11.84B,$9.25B,78.13%,$11.84B,$0.47B,3.93%,$0.47B,$10.18B,4.70%,$0.47B,$9.77B,4.90%,$0.47B,$18.76B,2.58%,$9.27B,$12.03B,81.93%,$3056,$0,$3056,$0,$0,$0,$3056,$0,$3056,$0,$3056,$-58,$-58,$3056,$3056,$1458,1458,$-0.04,$-0.04,$1586,$299,$294,$2617,$0,$0,$403,$1432,$1875,$18764,$6446,$1853,$1,$2143,$8589,$172,$3183,$0,$10175,$18764,$832,$3412,$0,$3412,$0,$0,$0,$0,$99,$4543,$-2138,$0,$0,$0,$0,$0,$-84,$-2222,$0,$-1223,$-129,$0,$69,$-177,$0,$-1461,$860,$0,$0
