,Date,Stock Price,Book Value per Share,Price to Book Ratio,TTM Sales per Share,Price to Sales Ratio,TTM FCF per Share,Price to FCF Ratio,TTM Net EPS,PE Ratio,Current Assets,Current Liabilities,Current Ratio,Long Term Debt,Shareholder's Equity_x,Debt to Equity Ratio,TTM Revenue_x,TTM Gross Profit,Gross Margin,TTM Revenue_y,TTM Operating Income,Operating Margin,TTM Revenue_x,TTM EBIT,EBIT Margin,TTM Revenue_y,TTM EBITDA,EBITDA Margin,TTM Revenue_x,TTM Pre-Tax Income,Pre-Tax Margin,TTM Revenue_y,TTM Net Income_x,Net Margin,TTM Net Income_y,Shareholder's Equity_y,Return on Equity,TTM Net Income_x,Tangible Equity,Return on Tangible Equity,TTM Net Income_y,Total Assets,Return on Assets,TTM Net Income,LT Investments & Debt,Return on Investment,revenue,cost-goods-sold,gross-profit,research-development-expenses,selling-general-administrative-expenses,operating-expenses,operating-income,total-non-operating-income-expense,pre-tax-income,total-provision-income-taxes,income-after-taxes,income-from-continuous-operations,net-income,ebitda,ebit,basic-shares-outstanding,shares-outstanding,eps-basic-net-earnings-per-share,eps-earnings-per-share-diluted,cash-on-hand,inventory,other-current-assets,total-current-assets,net-property-plant-equipment,long-term-investments,goodwill-intangible-assets-total,other-long-term-assets,total-long-term-assets,total-assets,total-current-liabilities,long-term-debt,other-non-current-liabilities,total-long-term-liabilities,total-liabilities,common-stock-net,retained-earnings-accumulated-deficit,comprehensive-income,total-share-holder-equity,total-liabilities-share-holders-equity,net-income-loss,total-depreciation-amortization-cash-flow,other-non-cash-items,total-non-cash-items,change-in-accounts-receivable,change-in-inventories,change-in-accounts-payable,change-in-assets-liabilities,total-change-in-assets-liabilities,cash-flow-from-operating-activities,net-change-in-property-plant-equipment,net-change-in-intangible-assets,net-acquisitions-divestitures,net-change-in-short-term-investments,net-change-in-long-term-investments,net-change-in-investments-total,investing-activities-other,cash-flow-from-investing-activities,net-long-term-debt,net-current-debt,debt-issuance-retirement-net-total,net-common-equity-issued-repurchased,net-total-equity-issued-repurchased,total-common-preferred-stock-dividends-paid,financial-activities-other,cash-flow-from-financial-activities,net-cash-flow,stock-based-compensation,common-stock-dividends-paid
0,2018-09-30,208.25,$63.91,3.26,$179.73,1.16,$46.81,4.45,$11.22,18.56,$33.42B,$34.17B,0.98,$25.04B,$15.56B,1.61,$44.54B,$17.44B,39.16%,$44.54B,$4.11B,9.23%,$44.54B,$4.11B,9.23%,$44.54B,$4.69B,10.53%,$44.54B,$4.11B,9.23%,$44.54B,$2.76B,6.19%,$2.76B,$15.56B,18.96%,$2.76B,$9.43B,32.85%,$2.76B,$82.96B,4.07%,$4.11B,$40.60B,16.64%,$11457,$6803,$4654,$0,$0,$10424,$1033,$0,$1033,$259,$774,$774,$772,$1195,$1033,$243,246,$3.18,$3.14,$24032,$0,$0,$33421,$1559,$28976,$6129,$10389,$49535,$82956,$34168,$25041,$8162,$33233,$67401,$74,$18474,$-1857,$15555,$82956,$2499,$438,$53,$491,$-143,$0,$113,$611,$654,$3644,$-346,$0,$0,$0,$-1316,$-1316,$-12,$-1674,$19753,$-109,$19644,$-269,$-269,$0,$-260,$19115,$21060,$0,$0
1,2018-06-30,169.95,$60.58,2.81,$174.57,0.97,$45.92,3.7,$10.29,16.52,$12.92B,$34.84B,0.37,$5.20B,$14.74B,0.35,$43.57B,$17.09B,39.23%,$43.57B,$3.90B,8.95%,$43.57B,$3.90B,8.95%,$43.57B,$4.46B,10.23%,$43.57B,$3.90B,8.95%,$43.57B,$2.55B,5.85%,$2.55B,$14.74B,17.94%,$2.55B,$8.60B,31.53%,$2.55B,$63.10B,4.08%,$3.90B,$19.94B,20.12%,$11477,$6845,$4632,$0,$0,$10375,$1102,$0,$1102,$294,$808,$808,$806,$1238,$1102,$242,245,$3.32,$3.29,$3634,$0,$0,$12923,$1554,$29339,$6147,$10699,$50179,$63102,$34838,$5195,$8287,$13521,$48359,$74,$17722,$-1843,$14743,$63102,$1725,$276,$42,$318,$55,$0,$-246,$1098,$977,$3020,$-220,$0,$0,$0,$-1078,$-1078,$-501,$-1799,$-131,$-5,$-136,$-283,$-283,$0,$-123,$-542,$662,$0,$0
2,2018-03-31,167.74,$58.39,2.87,$168.19,1.0,$42.57,3.94,$10.15,16.53,$12.17B,$35.45B,0.34,$5.19B,$14.20B,0.37,$42.52B,$16.66B,39.18%,$42.52B,$3.93B,9.25%,$42.52B,$3.93B,9.25%,$42.52B,$4.49B,10.57%,$42.52B,$3.93B,9.25%,$42.52B,$2.55B,6.01%,$2.55B,$14.20B,18.05%,$2.55B,$8.03B,31.66%,$2.55B,$63.14B,4.11%,$3.93B,$19.39B,20.49%,$11380,$6772,$4608,$0,$0,$10162,$1218,$0,$1218,$301,$917,$917,$915,$1358,$1218,$242,246,$3.78,$3.72,$2771,$0,$0,$12171,$1552,$29864,$6170,$10973,$50970,$63141,$35453,$5191,$8253,$13493,$48946,$74,$16933,$-1547,$14195,$63141,$917,$140,$42,$182,$-22,$0,$-191,$879,$926,$2025,$-103,$0,$0,$0,$-1597,$-1597,$0,$-1700,$-131,$-3,$-134,$-290,$-290,$0,$-106,$-530,$-201,$0,$0
3,2017-12-31,203.04,$56.23,3.61,$162.21,1.25,$40.48,5.02,$8.73,23.26,$12.40B,$34.38B,0.36,$5.20B,$13.71B,0.38,$41.62B,$16.21B,38.95%,$41.62B,$3.61B,8.66%,$41.62B,$3.61B,8.66%,$41.62B,$4.17B,10.02%,$41.62B,$3.61B,8.66%,$41.62B,$2.24B,5.38%,$2.24B,$13.71B,15.80%,$2.24B,$7.55B,27.55%,$2.24B,$61.76B,3.63%,$3.61B,$18.91B,18.91%,$10228,$6678,$3550,$0,$0,$9470,$758,$0,$758,$491,$267,$267,$266,$899,$758,$251,255,$1.13,$1.11,$2972,$0,$0,$12398,$1563,$28619,$6164,$10739,$49361,$61759,$34377,$5199,$8423,$13671,$48048,$74,$15800,$-1082,$13711,$61759,$2232,$566,$326,$892,$-19,$0,$639,$250,$962,$4086,$-471,$0,$-209,$0,$-1023,$-1023,$0,$-1703,$18,$80,$98,$-2594,$-2594,$0,$-155,$-2651,$-213,$0,$0
4,2017-09-30,186.9,$57.17,3.27,$160.41,1.17,$40.04,4.67,$9.13,20.47,$13.13B,$34.10B,0.39,$5.21B,$14.15B,0.37,$41.33B,$16.47B,39.86%,$41.33B,$3.45B,8.35%,$41.33B,$3.45B,8.35%,$41.33B,$4.03B,9.75%,$41.33B,$3.45B,8.35%,$41.33B,$2.35B,5.69%,$2.35B,$14.15B,16.61%,$2.35B,$8.14B,28.80%,$2.35B,$61.94B,3.85%,$3.45B,$19.35B,18.21%,$10489,$6187,$4302,$0,$0,$9665,$824,$0,$824,$262,$562,$562,$560,$963,$824,$249,253,$2.25,$2.21,$3656,$0,$0,$13125,$1526,$28245,$6001,$10794,$48811,$61936,$34100,$5207,$8432,$13691,$47791,$74,$15590,$-1124,$14145,$61936,$1965,$425,$169,$594,$-46,$0,$221,$770,$952,$3511,$-340,$0,$-33,$0,$-727,$-727,$0,$-1100,$21,$-16,$5,$-1850,$-1850,$0,$-123,$-1968,$471,$0,$0
5,2017-06-30,167.35,$57.56,2.91,$157.05,1.07,$38.37,4.36,$8.68,19.28,$13.33B,$34.04B,0.39,$4.62B,$14.55B,0.32,$40.72B,$16.02B,39.33%,$40.72B,$3.37B,8.28%,$40.72B,$3.37B,8.28%,$40.72B,$3.96B,9.72%,$40.72B,$3.37B,8.28%,$40.72B,$2.25B,5.52%,$2.25B,$14.55B,15.93%,$2.25B,$8.55B,27.67%,$2.25B,$61.74B,3.70%,$3.37B,$19.17B,17.92%,$10425,$6225,$4200,$0,$0,$9291,$1134,$0,$1134,$324,$810,$810,$813,$1274,$1134,$254,258,$3.20,$3.15,$3611,$0,$0,$13332,$1509,$27932,$6000,$10755,$48406,$61738,$34043,$4622,$8468,$13148,$47191,$74,$15102,$-1146,$14547,$61738,$1403,$286,$-66,$220,$-158,$0,$-159,$887,$653,$2276,$-194,$0,$-14,$0,$-80,$-80,$-444,$-732,$-250,$-14,$-264,$-819,$-819,$0,$-60,$-1143,$426,$0,$0
6,2017-03-31,146.46,$55.57,2.64,$155.04,0.94,$34.21,4.28,$7.50,19.53,$13.70B,$34.04B,0.4,$4.62B,$14.23B,0.33,$40.26B,$15.59B,38.71%,$40.26B,$3.05B,7.58%,$40.26B,$3.05B,7.58%,$40.26B,$3.65B,9.06%,$40.26B,$3.05B,7.58%,$40.26B,$1.95B,4.83%,$1.95B,$14.23B,14.08%,$1.95B,$8.25B,24.86%,$1.95B,$61.15B,3.23%,$3.05B,$18.85B,16.43%,$10474,$6316,$4158,$0,$0,$9584,$890,$0,$890,$297,$593,$593,$598,$1036,$890,$256,260,$2.34,$2.30,$4155,$0,$0,$13695,$1519,$27259,$5982,$10447,$47452,$61147,$34044,$4621,$8197,$12874,$46918,$74,$14356,$-1252,$14229,$61147,$593,$146,$-35,$111,$-14,$0,$-186,$784,$875,$1579,$-91,$0,$0,$0,$-26,$-26,$0,$-117,$-250,$-10,$-260,$-201,$-201,$0,$-54,$-515,$970,$0,$0
7,2016-12-31,133.32,$53.44,2.49,$152.81,0.87,$31.60,4.22,$7.20,18.52,$12.74B,$32.88B,0.39,$4.76B,$13.73B,0.35,$39.67B,$15.18B,38.27%,$39.67B,$2.98B,7.51%,$39.67B,$2.98B,7.51%,$39.67B,$3.59B,9.05%,$39.67B,$2.98B,7.51%,$39.67B,$1.87B,4.71%,$1.87B,$13.73B,13.89%,$1.87B,$7.75B,25.12%,$1.87B,$59.36B,3.13%,$2.98B,$18.48B,16.35%,$9944,$6131,$3813,$0,$0,$9339,$605,$0,$605,$231,$374,$374,$382,$755,$605,$255,260,$1.49,$1.46,$3185,$0,$0,$12740,$1536,$26815,$5980,$10167,$46620,$59360,$32879,$4756,$7940,$12754,$45633,$74,$13855,$-1382,$13727,$59360,$1843,$610,$-95,$515,$805,$0,$124,$738,$1668,$4026,$-461,$0,$-4,$0,$-2008,$-2008,$-101,$-2574,$0,$-148,$-148,$-103,$-103,$0,$26,$-225,$1217,$0,$0
8,2016-09-30,130.26,$54.49,2.39,$151.08,0.86,$27.16,4.8,$7.37,17.67,$13.34B,$33.78B,0.4,$4.78B,$13.98B,0.34,$39.25B,$15.03B,38.28%,$39.25B,$3.03B,7.73%,$39.25B,$3.03B,7.73%,$39.25B,$3.63B,9.24%,$39.25B,$3.03B,7.73%,$39.25B,$1.91B,4.87%,$1.91B,$13.98B,14.68%,$1.91B,$7.98B,27.30%,$1.91B,$60.76B,3.24%,$3.03B,$18.76B,16.98%,$9880,$6035,$3845,$0,$0,$9138,$742,$0,$742,$290,$452,$452,$456,$892,$742,$256,260,$1.78,$1.76,$3224,$0,$0,$13340,$1561,$27101,$6007,$10767,$47422,$60762,$33776,$4780,$8156,$13004,$46780,$74,$13487,$-715,$13982,$60762,$1469,$460,$-47,$413,$316,$0,$9,$1029,$1297,$3179,$-362,$0,$-5,$0,$-1226,$-1226,$-101,$-1694,$0,$-143,$-143,$-116,$-116,$0,$4,$-255,$1256,$0,$0
9,2016-06-30,127.93,$52.12,2.45,$149.08,0.86,$21.85,5.86,$7.71,16.59,$13.49B,$33.31B,0.41,$4.79B,$13.36B,0.36,$38.76B,$14.80B,38.18%,$38.76B,$3.17B,8.18%,$38.76B,$3.17B,8.18%,$38.76B,$3.76B,9.71%,$38.76B,$3.17B,8.18%,$38.76B,$2.00B,5.16%,$2.00B,$13.36B,16.05%,$2.00B,$7.35B,31.07%,$2.00B,$59.51B,3.45%,$3.17B,$18.15B,18.23%,$9960,$6191,$3769,$0,$0,$9147,$813,$0,$813,$310,$503,$503,$510,$965,$813,$255,260,$2.00,$1.97,$2454,$0,$0,$13488,$1556,$25863,$6017,$10587,$46018,$59506,$33312,$4789,$7970,$12830,$46142,$74,$13046,$-844,$13364,$59506,$1017,$310,$-52,$258,$-524,$0,$-58,$520,$-8,$1267,$-254,$0,$-4,$0,$-314,$-314,$0,$-572,$0,$-111,$-111,$-125,$-125,$0,$13,$-223,$486,$0,$0
10,2016-03-31,137.17,$49.48,2.77,$147.19,0.93,$21.55,6.37,$8.00,17.15,$13.08B,$33.35B,0.39,$4.79B,$12.68B,0.38,$38.29B,$14.75B,38.51%,$38.29B,$3.29B,8.60%,$38.29B,$3.29B,8.60%,$38.29B,$3.88B,10.14%,$38.29B,$3.29B,8.60%,$38.29B,$2.08B,5.43%,$2.08B,$12.68B,17.40%,$2.08B,$6.66B,35.12%,$2.08B,$58.88B,3.62%,$3.29B,$17.48B,19.44%,$9884,$6129,$3755,$0,$0,$9065,$819,$0,$819,$305,$514,$514,$519,$977,$819,$255,259,$2.04,$2.00,$2401,$0,$0,$13082,$1534,$25447,$6029,$10773,$45802,$58884,$33351,$4791,$7985,$12849,$46200,$74,$12541,$-988,$12684,$58884,$514,$158,$43,$201,$-213,$0,$-263,$420,$206,$921,$-112,$0,$0,$0,$-248,$-248,$0,$-360,$0,$-6,$-6,$-129,$-129,$0,$-11,$-146,$433,$0,$0
11,2015-12-31,146.22,$46.95,3.11,$145.33,1.01,$20.81,7.03,$8.04,18.19,$12.48B,$32.12B,0.39,$5.02B,$12.04B,0.42,$37.88B,$14.59B,38.51%,$37.88B,$3.33B,8.78%,$37.88B,$3.33B,8.78%,$37.88B,$3.91B,10.33%,$37.88B,$3.33B,8.78%,$37.88B,$2.09B,5.53%,$2.09B,$12.04B,18.17%,$2.09B,$6.03B,38.14%,$2.09B,$57.09B,3.65%,$3.33B,$17.06B,20.08%,$9528,$5872,$3656,$0,$0,$8869,$659,$0,$659,$241,$418,$418,$426,$793,$659,$256,261,$1.65,$1.64,$1968,$0,$0,$12475,$1534,$24713,$6019,$10309,$44613,$57088,$32122,$5020,$7833,$12922,$45044,$74,$12121,$-1250,$12044,$57088,$2077,$585,$64,$649,$-890,$0,$423,$699,$207,$2933,$-510,$0,$-99,$0,$-1127,$-1127,$0,$-1736,$-44,$-21,$-65,$-517,$-517,$0,$-27,$-609,$548,$0,$0
12,2015-09-30,134.91,$45.78,2.95,$142.01,0.95,$17.78,7.59,$8.17,16.51,$13.03B,$32.09B,0.41,$5.06B,$11.79B,0.43,$37.28B,$14.40B,38.63%,$37.28B,$3.40B,9.12%,$37.28B,$3.40B,9.12%,$37.28B,$4.00B,10.74%,$37.28B,$3.40B,9.12%,$37.28B,$2.14B,5.73%,$2.14B,$11.79B,19.05%,$2.14B,$5.75B,41.18%,$2.14B,$56.91B,3.75%,$3.40B,$16.84B,20.93%,$9389,$5769,$3620,$0,$0,$8511,$878,$0,$878,$334,$544,$544,$547,$1027,$878,$256,261,$2.14,$2.10,$2381,$0,$0,$13031,$1483,$23899,$6040,$10581,$43878,$56909,$32091,$5056,$7908,$13031,$45122,$74,$11706,$-1215,$11787,$56909,$1659,$451,$40,$491,$-990,$0,$219,$382,$-353,$1797,$-357,$0,$-110,$0,$170,$170,$0,$-297,$-44,$-15,$-59,$-400,$-400,$0,$-44,$-503,$961,$0,$0
13,2015-06-30,161.87,$43.93,3.68,$138.91,1.17,$16.48,9.82,$8.08,20.03,$12.78B,$32.40B,0.39,$5.05B,$11.30B,0.45,$36.64B,$14.18B,38.69%,$36.64B,$3.34B,9.11%,$36.64B,$3.34B,9.11%,$36.64B,$3.94B,10.75%,$36.64B,$3.34B,9.11%,$36.64B,$2.12B,5.79%,$2.12B,$11.30B,19.19%,$2.12B,$5.26B,42.10%,$2.12B,$57.13B,3.74%,$3.34B,$16.35B,20.77%,$9492,$5776,$3716,$0,$0,$8556,$936,$0,$936,$352,$584,$584,$588,$1087,$936,$256,260,$2.30,$2.26,$1969,$0,$0,$12780,$1502,$23819,$6041,$11033,$44352,$57132,$32396,$5046,$8311,$13433,$45829,$74,$11178,$-1125,$11303,$57132,$1115,$302,$-2,$300,$-1060,$0,$216,$495,$-232,$1183,$-246,$0,$-107,$0,$257,$257,$0,$-96,$-44,$-10,$-54,$-408,$-408,$0,$-58,$-520,$549,$0,$0
14,2015-03-31,129.34,$42.54,3.04,$134.76,0.96,$15.71,8.23,$7.94,16.29,$13.03B,$33.63B,0.39,$5.06B,$10.96B,0.46,$35.89B,$13.88B,38.67%,$35.89B,$3.31B,9.21%,$35.89B,$3.31B,9.21%,$35.89B,$3.89B,10.85%,$35.89B,$3.31B,9.21%,$35.89B,$2.11B,5.87%,$2.11B,$10.96B,19.21%,$2.11B,$4.93B,42.52%,$2.11B,$58.12B,3.74%,$3.31B,$16.02B,20.67%,$9467,$5873,$3594,$0,$0,$8613,$854,$0,$854,$323,$531,$531,$533,$1005,$854,$257,261,$2.08,$2.04,$2620,$0,$0,$13027,$1486,$24408,$6029,$11377,$45095,$58122,$33627,$5062,$8392,$13537,$47164,$74,$10635,$-934,$10958,$58122,$531,$151,$-58,$93,$-560,$0,$157,$295,$113,$737,$-115,$0,$-107,$0,$173,$173,$0,$-49,$894,$-5,$889,$-314,$-314,$0,$-45,$530,$1200,$0,$0
15,2014-12-31,102.8,$41.61,2.47,$129.48,0.79,$14.76,6.96,$7.82,13.15,$11.26B,$31.68B,0.36,$4.98B,$10.79B,0.46,$34.91B,$13.58B,38.90%,$34.91B,$3.30B,9.46%,$34.91B,$3.30B,9.46%,$34.91B,$3.89B,11.15%,$34.91B,$3.30B,9.46%,$34.91B,$2.10B,6.02%,$2.10B,$10.79B,19.34%,$2.10B,$4.80B,43.27%,$2.10B,$55.87B,3.78%,$3.30B,$15.77B,20.80%,$8928,$5458,$3470,$0,$0,$8196,$732,$0,$732,$270,$462,$462,$467,$885,$732,$264,269,$1.81,$1.78,$1420,$0,$0,$11257,$1502,$24342,$5989,$10985,$44613,$55870,$31684,$4979,$8328,$13397,$45081,$74,$10289,$-936,$10789,$55870,$2094,$588,$-176,$412,$-758,$0,$202,$97,$-348,$2158,$-473,$0,$0,$0,$-1369,$-1369,$-24,$-1866,$0,$-112,$-112,$-1502,$-1502,$0,$-21,$-1635,$-1375,$0,$0
16,2014-09-30,90.59,$42.55,2.13,$124.87,0.73,$9.16,9.89,$7.34,12.34,$11.28B,$30.78B,0.37,$5.02B,$11.18B,0.45,$34.14B,$13.15B,38.52%,$34.14B,$3.11B,9.10%,$34.14B,$3.11B,9.10%,$34.14B,$3.70B,10.82%,$34.14B,$3.11B,9.10%,$34.14B,$2.00B,5.85%,$2.00B,$11.18B,18.45%,$2.00B,$5.17B,41.62%,$2.00B,$55.65B,3.61%,$3.11B,$16.20B,19.62%,$8757,$5360,$3397,$0,$0,$7939,$818,$0,$818,$287,$531,$531,$534,$964,$818,$261,266,$2.04,$2.01,$1621,$0,$0,$11281,$1494,$24333,$6003,$11022,$44372,$55653,$30779,$5024,$8582,$13699,$44478,$92,$15196,$-419,$11175,$55653,$1632,$435,$-118,$317,$-525,$0,$-39,$34,$-477,$1472,$-350,$0,$0,$0,$-1031,$-1031,$-24,$-1405,$0,$-104,$-104,$-1163,$-1163,$0,$43,$-1224,$-1174,$0,$0
17,2014-06-30,91.87,$41.39,2.22,$120.39,0.76,$3.86,23.79,$7.28,12.62,$11.76B,$31.18B,0.38,$5.02B,$10.95B,0.46,$33.45B,$12.88B,38.49%,$33.45B,$3.09B,9.24%,$33.45B,$3.09B,9.24%,$33.45B,$3.68B,10.99%,$33.45B,$3.09B,9.24%,$33.45B,$2.02B,6.02%,$2.02B,$10.95B,19.20%,$2.02B,$4.92B,45.16%,$2.02B,$55.93B,3.67%,$3.09B,$15.97B,19.91%,$8733,$5319,$3414,$0,$0,$7832,$901,$0,$901,$329,$572,$572,$573,$1040,$901,$265,270,$2.16,$2.12,$1967,$0,$0,$11756,$1498,$23997,$6033,$11135,$44173,$55929,$31179,$5022,$8643,$13798,$44977,$92,$14677,$-273,$10952,$55929,$1101,$289,$-93,$196,$-593,$0,$78,$120,$-295,$1002,$-236,$0,$0,$0,$-608,$-608,$12,$-832,$0,$-96,$-96,$-949,$-949,$0,$38,$-1007,$-828,$0,$0
18,2014-03-31,83.64,$39.35,2.13,$115.83,0.72,$-2.22,0.0,$6.92,12.09,$11.92B,$31.10B,0.38,$5.02B,$10.57B,0.48,$32.69B,$12.54B,38.36%,$32.69B,$2.96B,9.04%,$32.69B,$2.96B,9.04%,$32.69B,$3.55B,10.86%,$32.69B,$2.96B,9.04%,$32.69B,$1.95B,5.96%,$1.95B,$10.57B,19.09%,$1.95B,$4.54B,46.58%,$1.95B,$55.17B,3.58%,$2.96B,$15.59B,19.41%,$8496,$5197,$3299,$0,$0,$7643,$853,$0,$853,$324,$529,$529,$528,$1003,$853,$270,274,$1.96,$1.92,$2276,$0,$0,$11921,$1450,$23389,$6030,$10918,$43252,$55173,$31098,$5022,$8388,$13506,$44604,$92,$14136,$-433,$10569,$55173,$529,$150,$-28,$122,$-389,$0,$-107,$85,$-161,$490,$-97,$0,$0,$0,$-421,$-421,$12,$-506,$0,$-6,$-6,$-572,$-572,$0,$79,$-499,$-519,$0,$0
19,2013-12-31,87.34,$38.40,2.27,$113.16,0.77,$-6.73,0.0,$5.20,16.8,$12.09B,$30.39B,0.4,$5.01B,$10.58B,0.47,$32.38B,$11.52B,35.56%,$32.38B,$2.18B,6.72%,$32.38B,$2.18B,6.72%,$32.38B,$2.77B,8.56%,$32.38B,$2.18B,6.72%,$32.38B,$1.48B,4.56%,$1.48B,$10.58B,14.80%,$1.48B,$4.55B,37.25%,$1.48B,$54.34B,2.72%,$2.18B,$15.60B,14.52%,$8151,$5111,$3040,$0,$0,$7615,$536,$0,$536,$176,$360,$360,$361,$688,$536,$279,285,$1.30,$1.27,$2795,$0,$0,$12085,$1464,$22365,$6029,$10906,$42251,$54336,$30393,$5014,$8252,$13362,$43755,$92,$13676,$-520,$10581,$54336,$1478,$597,$-16,$581,$259,$0,$-483,$1136,$856,$719,$-527,$0,$-76,$0,$660,$660,$-42,$15,$-15,$-101,$-116,$-853,$-853,$0,$39,$-930,$-183,$0,$0
20,2013-09-30,76.74,$35.65,2.15,$110.85,0.69,$-0.70,0.0,$5.32,14.42,$12.30B,$30.88B,0.4,$5.03B,$9.87B,0.51,$31.85B,$11.39B,35.78%,$31.85B,$2.26B,7.09%,$31.85B,$2.26B,7.09%,$31.85B,$2.86B,8.97%,$31.85B,$2.26B,7.09%,$31.85B,$1.52B,4.79%,$1.52B,$9.87B,15.60%,$1.52B,$3.84B,40.46%,$1.52B,$54.04B,2.82%,$2.26B,$14.91B,15.28%,$8066,$4944,$3122,$0,$0,$7267,$799,$0,$799,$246,$553,$553,$553,$945,$799,$278,284,$1.99,$1.95,$3055,$0,$0,$12295,$1451,$22053,$6035,$10581,$41748,$54043,$30884,$5034,$8156,$13285,$44169,$92,$13327,$-959,$9874,$54043,$1118,$445,$34,$479,$284,$0,$-524,$979,$706,$107,$-414,$0,$0,$0,$1238,$1238,$-84,$740,$-7,$-91,$-98,$-704,$-704,$-11,$42,$-771,$77,$0,$-11
21,2013-06-30,72.37,$34.48,2.1,$107.67,0.67,$4.62,15.65,$4.98,14.53,$12.59B,$30.96B,0.41,$5.03B,$9.78B,0.52,$31.11B,$11.18B,35.93%,$31.11B,$2.18B,7.00%,$31.11B,$2.18B,7.00%,$31.11B,$2.77B,8.90%,$31.11B,$2.18B,7.00%,$31.11B,$1.44B,4.62%,$1.44B,$9.78B,14.84%,$1.44B,$3.79B,38.63%,$1.44B,$53.83B,2.66%,$2.18B,$14.81B,14.83%,$7980,$4901,$3079,$0,$0,$7213,$767,$0,$767,$261,$506,$506,$505,$916,$767,$282,287,$1.79,$1.76,$3209,$0,$0,$12593,$1191,$21864,$5986,$10598,$41236,$53829,$30958,$5030,$7965,$13096,$44054,$92,$12806,$-1014,$9775,$53829,$565,$299,$23,$322,$164,$0,$-359,$870,$586,$-723,$-209,$0,$0,$0,$1396,$1396,$-40,$1147,$0,$-19,$-19,$-186,$-186,$-11,$62,$-154,$231,$0,$-11
22,2013-03-31,62.27,$33.81,1.84,$105.42,0.59,$13.61,4.57,$4.53,13.75,$12.76B,$32.22B,0.4,$5.00B,$9.66B,0.52,$30.55B,$10.81B,35.40%,$30.55B,$2.00B,6.54%,$30.55B,$2.00B,6.54%,$30.55B,$2.58B,8.46%,$30.55B,$2.00B,6.54%,$30.55B,$1.31B,4.29%,$1.31B,$9.66B,13.79%,$1.31B,$3.67B,36.36%,$1.31B,$54.94B,2.43%,$2.00B,$14.66B,13.80%,$8183,$5909,$2274,$0,$0,$8109,$74,$0,$74,$15,$59,$59,$57,$224,$74,$284,289,$0.20,$0.20,$3306,$0,$0,$12763,$1109,$22776,$5990,$10796,$42176,$54939,$32221,$4995,$7950,$13058,$45279,$92,$12328,$-756,$9660,$54939,$59,$150,$-27,$123,$170,$0,$-328,$756,$488,$-805,$-84,$0,$-40,$0,$1086,$1086,$0,$962,$0,$195,$195,$-41,$-41,$0,$31,$185,$328,$0,$0
23,2012-12-31,53.34,$34.18,1.56,$100.50,0.53,$19.66,2.71,$5.61,9.51,$11.01B,$31.11B,0.35,$4.99B,$9.77B,0.51,$29.12B,$11.22B,38.53%,$29.12B,$2.48B,8.51%,$29.12B,$2.48B,8.51%,$29.12B,$3.04B,10.43%,$29.12B,$2.48B,8.51%,$29.12B,$1.62B,5.57%,$1.62B,$9.77B,17.60%,$1.62B,$3.77B,47.85%,$1.62B,$53.73B,3.04%,$2.48B,$14.76B,17.43%,$7620,$4701,$2919,$0,$0,$7001,$619,$0,$619,$212,$407,$407,$409,$773,$619,$285,290,$1.43,$1.41,$2978,$0,$0,$11011,$1120,$23918,$6001,$10112,$42723,$53734,$31108,$4986,$7757,$12857,$43965,$92,$12330,$-671,$9769,$53734,$1624,$560,$151,$711,$-9,$0,$-132,$127,$15,$2350,$-408,$0,$-3581,$0,$132,$132,$0,$-3857,$-326,$98,$-228,$-87,$-87,$-11,$98,$-228,$-1712,$0,$-11
24,2012-09-30,47.06,$33.26,1.42,$93.64,0.5,$16.85,2.79,$5.24,8.98,$10.34B,$30.65B,0.34,$4.99B,$9.53B,0.52,$26.84B,$10.61B,39.53%,$26.84B,$2.29B,8.53%,$26.84B,$2.29B,8.53%,$26.84B,$2.79B,10.39%,$26.84B,$2.29B,8.53%,$26.84B,$1.49B,5.54%,$1.49B,$9.53B,16.94%,$1.49B,$3.65B,40.66%,$1.49B,$53.53B,2.82%,$2.29B,$14.52B,16.64%,$7323,$4419,$2904,$0,$0,$6605,$718,$0,$718,$252,$466,$466,$466,$854,$718,$285,290,$1.64,$1.61,$2236,$0,$0,$10341,$1136,$24156,$5878,$10591,$43190,$53531,$30653,$4986,$8362,$13348,$44001,$92,$11962,$-553,$9530,$53531,$1217,$406,$33,$439,$30,$0,$-394,$124,$-99,$1557,$-329,$0,$-3468,$0,$-67,$-67,$0,$-3864,$-326,$142,$-184,$-27,$-27,$-11,$72,$-150,$-2454,$0,$-11
25,2012-06-30,43.9,$31.30,1.4,$89.00,0.49,$16.12,2.72,$4.37,10.05,$10.90B,$31.19B,0.35,$4.99B,$9.02B,0.55,$25.12B,$9.80B,39.02%,$25.12B,$1.85B,7.34%,$25.12B,$1.85B,7.34%,$25.12B,$2.29B,9.13%,$25.12B,$1.85B,7.34%,$25.12B,$1.20B,4.79%,$1.20B,$9.02B,14.45%,$1.20B,$3.31B,30.83%,$1.20B,$53.55B,2.35%,$1.85B,$14.01B,14.42%,$7422,$4706,$2716,$0,$0,$6834,$588,$0,$588,$208,$380,$380,$377,$732,$588,$286,291,$1.33,$1.31,$3045,$0,$0,$10899,$1115,$23604,$5710,$10826,$42654,$53553,$31192,$4985,$8354,$13339,$44531,$92,$11501,$-671,$9022,$53553,$751,$270,$25,$295,$-59,$0,$143,$618,$831,$1877,$-208,$0,$-3197,$0,$-18,$-18,$0,$-3423,$-326,$131,$-195,$52,$52,$-11,$62,$-92,$-1645,$0,$-11
26,2012-03-31,49.14,$29.71,1.65,$83.64,0.59,$11.81,4.16,$4.56,10.78,$10.20B,$30.75B,0.33,$4.99B,$8.56B,0.58,$23.21B,$9.47B,40.78%,$23.21B,$1.85B,7.97%,$23.21B,$1.85B,7.97%,$23.21B,$2.24B,9.64%,$23.21B,$1.85B,7.97%,$23.21B,$1.22B,5.25%,$1.22B,$8.56B,15.29%,$1.22B,$2.84B,29.14%,$1.22B,$52.79B,2.46%,$1.85B,$13.55B,15.53%,$6754,$4074,$2680,$0,$0,$6202,$552,$0,$552,$181,$371,$371,$371,$678,$552,$285,289,$1.30,$1.28,$2111,$0,$0,$10195,$1083,$23555,$5726,$10809,$42590,$52785,$30753,$4990,$8481,$13471,$44224,$92,$11123,$-722,$8561,$52785,$371,$126,$28,$154,$-245,$0,$-166,$722,$416,$941,$-81,$0,$-3199,$0,$-139,$-139,$0,$-3419,$-326,$145,$-181,$45,$45,$0,$30,$-106,$-2579,$0,$0
27,2011-12-31,41.87,$28.00,1.5,$80.03,0.52,$8.75,4.78,$4.85,8.63,$12.30B,$29.62B,0.42,$4.99B,$7.99B,0.62,$21.87B,$9.14B,41.81%,$21.87B,$1.88B,8.58%,$21.87B,$1.88B,8.58%,$21.87B,$2.22B,10.16%,$21.87B,$1.88B,8.58%,$21.87B,$1.26B,5.76%,$1.26B,$7.99B,16.62%,$1.26B,$4.83B,28.35%,$1.26B,$50.70B,2.62%,$1.88B,$12.98B,17.07%,$5337,$3030,$2307,$0,$0,$4905,$432,$0,$432,$159,$273,$273,$273,$525,$432,$271,274,$0.98,$0.98,$4690,$0,$0,$12304,$1024,$22742,$3164,$9843,$38393,$50697,$29620,$4990,$8093,$13083,$42703,$92,$10787,$-787,$7994,$50697,$1261,$345,$130,$475,$-31,$0,$344,$-312,$-245,$1491,$-422,$0,$-102,$0,$-746,$-746,$0,$-1270,$2225,$-1,$2224,$509,$509,$-11,$145,$2867,$3085,$0,$-11
28,2011-09-30,41.81,$28.71,1.46,$79.84,0.52,$10.10,4.14,$5.50,7.6,$9.65B,$29.24B,0.33,$2.88B,$7.76B,0.37,$21.83B,$9.22B,42.21%,$21.83B,$1.92B,8.80%,$21.83B,$1.92B,8.80%,$21.83B,$2.26B,10.36%,$21.83B,$1.92B,8.80%,$21.83B,$1.38B,6.33%,$1.38B,$7.76B,19.06%,$1.38B,$4.65B,33.52%,$1.38B,$47.80B,2.96%,$1.92B,$10.64B,19.24%,$5610,$3510,$2100,$0,$0,$5337,$273,$0,$273,$90,$183,$183,$183,$359,$273,$269,272,$0.68,$0.67,$1902,$0,$0,$9646,$978,$22877,$3116,$9443,$38158,$47804,$29242,$2883,$7918,$10801,$40043,$88,$10855,$-441,$7761,$47804,$988,$252,$106,$358,$-125,$0,$293,$-69,$-103,$1243,$-291,$0,$1,$0,$-936,$-936,$0,$-1226,$585,$-279,$306,$-125,$-125,$-11,$107,$277,$297,$0,$-11
29,2011-06-30,51.27,$27.92,1.84,$78.52,0.65,$10.54,4.87,$5.89,8.7,$9.53B,$28.28B,0.34,$2.88B,$7.55B,0.38,$21.49B,$9.32B,43.37%,$21.49B,$2.11B,9.83%,$21.49B,$2.11B,9.83%,$21.49B,$2.44B,11.36%,$21.49B,$2.11B,9.83%,$21.49B,$1.51B,7.01%,$1.51B,$7.55B,21.73%,$1.51B,$4.41B,39.60%,$1.51B,$47.03B,3.25%,$2.11B,$10.43B,22.07%,$5507,$3129,$2378,$0,$0,$4915,$592,$0,$592,$201,$391,$391,$391,$675,$592,$269,273,$1.46,$1.43,$1774,$0,$0,$9527,$953,$22006,$3136,$9634,$37506,$47033,$28275,$2883,$8327,$11210,$39485,$88,$10658,$-436,$7548,$47033,$805,$166,$149,$315,$-81,$0,$-297,$-19,$-541,$579,$-187,$0,$1,$0,$-518,$-518,$0,$-704,$585,$-252,$333,$-129,$-129,$-11,$80,$273,$169,$0,$-11
30,2011-03-31,44.14,$25.94,1.7,$77.61,0.57,$11.45,3.85,$5.45,8.1,$9.48B,$28.20B,0.34,$2.88B,$7.02B,0.41,$21.33B,$9.08B,42.54%,$21.33B,$1.96B,9.18%,$21.33B,$1.96B,9.18%,$21.33B,$2.27B,10.65%,$21.33B,$1.96B,9.18%,$21.33B,$1.41B,6.60%,$1.41B,$7.02B,21.54%,$1.41B,$3.89B,40.51%,$1.41B,$46.52B,3.09%,$1.96B,$9.91B,21.55%,$5411,$3055,$2356,$0,$0,$4832,$579,$0,$579,$165,$414,$414,$413,$662,$579,$270,274,$1.53,$1.51,$1656,$0,$0,$9483,$912,$21525,$3135,$9632,$37034,$46517,$28197,$2883,$8413,$11296,$39493,$88,$10270,$-569,$7024,$46517,$414,$83,$112,$195,$-131,$0,$-366,$26,$-558,$51,$-73,$0,$-12,$0,$-231,$-231,$0,$-316,$589,$-216,$373,$-86,$-86,$0,$18,$305,$51,$0,$0
31,2010-12-31,36.51,$24.51,1.49,$76.57,0.48,$12.76,2.86,$4.90,7.45,$9.42B,$28.82B,0.33,$2.29B,$6.66B,0.34,$21.13B,$8.84B,41.84%,$21.13B,$1.80B,8.53%,$21.13B,$1.80B,8.53%,$21.13B,$2.09B,9.91%,$21.13B,$1.80B,8.53%,$21.13B,$1.28B,6.05%,$1.28B,$6.66B,20.50%,$1.28B,$3.54B,39.48%,$1.28B,$45.68B,2.84%,$1.80B,$8.95B,20.91%,$5304,$2923,$2381,$0,$0,$4827,$477,$0,$477,$81,$396,$396,$395,$565,$477,$273,275,$1.46,$1.44,$1605,$0,$0,$9418,$912,$21183,$3119,$9146,$36264,$45682,$28823,$2288,$7908,$10196,$39019,$88,$9879,$-614,$6663,$45682,$1283,$292,$100,$392,$99,$0,$-272,$239,$68,$1743,$-300,$0,$-539,$0,$-503,$-503,$0,$-1342,$273,$59,$332,$-137,$-137,$-11,$90,$274,$681,$0,$-11
32,2010-09-30,35.63,$23.94,1.49,$74.14,0.48,$9.11,3.91,$4.40,8.1,$9.25B,$29.16B,0.32,$2.51B,$6.49B,0.39,$20.46B,$8.63B,42.17%,$20.46B,$1.83B,8.96%,$20.46B,$1.83B,8.96%,$20.46B,$2.10B,10.25%,$20.46B,$1.83B,8.96%,$20.46B,$1.21B,5.93%,$1.21B,$6.49B,20.47%,$1.21B,$3.37B,40.57%,$1.21B,$45.98B,2.74%,$1.83B,$9.00B,21.96%,$5266,$3062,$2204,$0,$0,$4802,$464,$0,$464,$156,$308,$308,$307,$540,$464,$270,273,$1.13,$1.13,$1404,$0,$0,$9248,$894,$21789,$3119,$9258,$36731,$45979,$29162,$2510,$7821,$10331,$39493,$88,$9421,$-285,$6486,$45979,$887,$204,$118,$322,$-43,$0,$16,$63,$74,$1283,$-209,$0,$-332,$0,$-517,$-517,$0,$-1058,$294,$38,$332,$-170,$-170,$-11,$99,$250,$480,$0,$-11
33,2010-06-30,30.93,$21.94,1.41,$71.20,0.43,$5.36,5.77,$4.46,6.94,$9.39B,$28.69B,0.33,$2.51B,$5.99B,0.42,$19.71B,$8.51B,43.16%,$19.71B,$1.86B,9.42%,$19.71B,$1.86B,9.42%,$19.71B,$2.11B,10.69%,$19.71B,$1.86B,9.42%,$19.71B,$1.24B,6.27%,$1.24B,$5.99B,22.07%,$1.24B,$3.11B,45.39%,$1.24B,$44.43B,2.84%,$1.86B,$8.50B,23.20%,$5353,$3219,$2134,$0,$0,$4914,$439,$0,$439,$144,$295,$295,$294,$506,$439,$275,278,$1.07,$1.06,$1449,$0,$0,$9389,$875,$21015,$2879,$8409,$35043,$44432,$28694,$2510,$7237,$9747,$38441,$88,$9129,$-539,$5991,$44432,$579,$128,$99,$227,$-83,$0,$-87,$119,$-33,$773,$-120,$0,$-5,$0,$-411,$-411,$0,$-536,$293,$32,$325,$-85,$-85,$-11,$72,$301,$525,$0,$-11
34,2010-03-31,36.43,$21.01,1.73,$68.23,0.53,$2.92,12.49,$4.98,7.32,$9.33B,$28.32B,0.33,$2.21B,$5.82B,0.38,$18.85B,$8.59B,45.57%,$18.85B,$2.05B,10.86%,$18.85B,$2.05B,10.86%,$18.85B,$2.31B,12.24%,$18.85B,$2.05B,10.86%,$18.85B,$1.38B,7.31%,$1.38B,$5.82B,26.34%,$1.38B,$2.94B,58.58%,$1.38B,$43.86B,3.22%,$2.05B,$8.03B,26.91%,$5205,$3084,$2121,$0,$0,$4783,$422,$0,$422,$138,$284,$284,$283,$483,$422,$276,278,$1.03,$1.02,$1299,$0,$0,$9334,$860,$20344,$2879,$8495,$34530,$43864,$28323,$2212,$7514,$9726,$38049,$88,$8840,$-530,$5815,$43864,$284,$61,$51,$112,$-125,$0,$-299,$343,$-2,$394,$-52,$0,$-5,$0,$-66,$-66,$0,$-123,$-2,$40,$38,$24,$24,$0,$45,$107,$375,$0,$0
35,2009-12-31,35.08,$19.80,1.77,$67.00,0.52,$1.73,20.26,$4.72,7.43,$8.88B,$27.84B,0.32,$2.44B,$5.43B,0.45,$18.41B,$8.38B,45.53%,$18.41B,$1.90B,10.31%,$18.41B,$1.90B,10.31%,$18.41B,$2.17B,11.76%,$18.41B,$1.90B,10.31%,$18.41B,$1.30B,7.07%,$1.30B,$5.43B,27.51%,$1.30B,$2.55B,70.10%,$1.30B,$43.01B,3.09%,$1.90B,$7.87B,26.80%,$4636,$2468,$2168,$0,$0,$4128,$508,$0,$508,$177,$331,$331,$330,$569,$508,$274,275,$1.20,$1.20,$924,$0,$0,$8882,$862,$20077,$2876,$8344,$34131,$43013,$27837,$2436,$7311,$9747,$37584,$88,$8625,$-618,$5429,$43013,$1305,$268,$329,$597,$79,$0,$-1321,$30,$-1157,$745,$-307,$0,$0,$0,$-1178,$-1178,$0,$-1485,$146,$53,$199,$30,$30,$-11,$89,$307,$-418,$0,$-11
36,2009-09-30,27.94,$18.89,1.48,$67.44,0.41,$5.16,5.42,$2.76,10.12,$9.01B,$28.06B,0.32,$2.44B,$5.17B,0.47,$18.60B,$7.52B,40.42%,$18.60B,$1.05B,5.66%,$18.60B,$1.05B,5.66%,$18.60B,$1.32B,7.11%,$18.60B,$1.05B,5.66%,$18.60B,$0.76B,4.10%,$0.76B,$5.17B,17.85%,$0.76B,$2.29B,54.54%,$0.76B,$42.65B,1.83%,$1.05B,$7.60B,16.09%,$4517,$2433,$2084,$0,$0,$4030,$487,$0,$487,$157,$330,$330,$329,$549,$487,$273,276,$1.20,$1.19,$836,$0,$0,$9006,$827,$19911,$2876,$8130,$33647,$42653,$28063,$2435,$6987,$9422,$37485,$88,$8303,$-516,$5168,$42653,$974,$207,$294,$501,$-73,$0,$-1126,$22,$-1206,$269,$-218,$0,$0,$0,$-856,$-856,$0,$-1074,$344,$-117,$227,$9,$9,$-11,$65,$290,$-506,$0,$-11
37,2009-06-30,23.96,$16.49,1.45,$68.61,0.35,$8.12,2.95,$2.19,10.94,$9.30B,$28.15B,0.33,$2.44B,$4.50B,0.54,$18.93B,$7.32B,38.66%,$18.93B,$0.80B,4.22%,$18.93B,$0.80B,4.22%,$18.93B,$1.07B,5.65%,$18.93B,$0.80B,4.22%,$18.93B,$0.61B,3.20%,$0.61B,$4.50B,14.60%,$0.61B,$1.62B,47.57%,$0.61B,$41.65B,1.47%,$0.80B,$6.93B,12.63%,$4488,$2273,$2215,$0,$0,$3858,$630,$0,$630,$195,$435,$435,$435,$706,$630,$274,275,$1.59,$1.58,$1022,$0,$0,$9304,$805,$18787,$2876,$7757,$32345,$41649,$28154,$2435,$6562,$8997,$37151,$88,$7986,$-837,$4498,$41649,$644,$145,$227,$372,$-80,$0,$-1076,$211,$-904,$112,$-136,$0,$0,$0,$-512,$-512,$0,$-648,$344,$-210,$134,$0,$0,$-11,$88,$211,$-320,$0,$-11
38,2009-03-31,17.5,$14.07,1.24,$69.55,0.25,$9.74,1.8,$1.58,11.07,$9.78B,$29.21B,0.34,$2.09B,$3.84B,0.54,$19.31B,$7.20B,37.29%,$19.31B,$0.58B,3.01%,$19.31B,$0.58B,3.01%,$19.31B,$0.84B,4.36%,$19.31B,$0.58B,3.01%,$19.31B,$0.44B,2.29%,$0.44B,$3.84B,10.50%,$0.44B,$0.96B,32.85%,$0.44B,$41.23B,1.07%,$0.58B,$5.92B,9.23%,$4773,$2856,$1917,$0,$0,$4500,$273,$0,$273,$65,$208,$208,$208,$342,$273,$273,273,$0.76,$0.76,$1375,$0,$0,$9783,$804,$18033,$2876,$7502,$31451,$41234,$29213,$2086,$6097,$8183,$37396,$88,$7536,$-1036,$3838,$41234,$209,$69,$177,$246,$-135,$0,$-464,$306,$-383,$72,$-60,$0,$0,$0,$-106,$-106,$0,$-166,$-2,$88,$86,$0,$0,$0,$51,$137,$33,$0,$0
39,2008-12-31,16.71,$13.28,1.26,$68.80,0.24,$10.73,1.56,$1.03,16.23,$9.72B,$29.84B,0.33,$2.09B,$3.60B,0.58,$19.10B,$6.87B,35.99%,$19.10B,$0.38B,2.00%,$19.10B,$0.38B,2.00%,$19.10B,$0.63B,3.28%,$19.10B,$0.38B,2.00%,$19.10B,$0.29B,1.53%,$0.29B,$3.60B,6.56%,$0.29B,$0.72B,15.68%,$0.29B,$41.41B,0.71%,$0.38B,$5.69B,5.84%,$4817,$3517,$1300,$0,$0,$5155,$-338,$0,$-338,$-128,$-210,$-210,$-209,$-275,$-338,$277,279,$-0.75,$-0.73,$1342,$0,$0,$9722,$804,$18212,$2878,$7384,$31684,$41406,$29838,$2090,$5880,$7970,$37808,$88,$7374,$-1074,$3598,$41406,$294,$244,$-93,$151,$282,$0,$1466,$-465,$1211,$1656,$-257,$0,$-1319,$0,$-988,$-988,$-8,$-2572,$297,$281,$578,$-341,$-341,$-14,$91,$314,$-628,$0,$-14
40,2008-09-30,33.7,$17.05,1.98,$66.88,0.5,$9.72,3.47,$2.73,12.35,$9.75B,$27.64B,0.35,$2.09B,$4.64B,0.45,$18.74B,$7.42B,39.58%,$18.74B,$1.11B,5.93%,$18.74B,$1.11B,5.93%,$18.74B,$1.34B,7.15%,$18.74B,$1.11B,5.93%,$18.74B,$0.76B,4.08%,$0.76B,$4.64B,16.12%,$0.76B,$1.78B,31.52%,$0.76B,$40.78B,1.87%,$1.11B,$6.73B,16.45%,$4852,$2966,$1886,$0,$0,$4619,$233,$0,$233,$62,$171,$171,$171,$297,$233,$276,277,$0.62,$0.62,$1078,$0,$0,$9753,$791,$18072,$2859,$7475,$31023,$40776,$27644,$2090,$6400,$8490,$36134,$88,$7582,$-254,$4642,$40776,$503,$181,$-59,$122,$63,$0,$717,$-350,$425,$1050,$-179,$0,$-1301,$0,$-812,$-812,$-12,$-2304,$297,$309,$606,$-303,$-303,$-14,$88,$377,$-892,$0,$-14
41,2008-06-30,35.1,$17.26,2.03,$64.87,0.54,$8.88,3.95,$3.39,10.35,$9.61B,$27.57B,0.35,$2.09B,$4.75B,0.44,$18.30B,$7.45B,40.70%,$18.30B,$1.38B,7.54%,$18.30B,$1.38B,7.54%,$18.30B,$1.59B,8.70%,$18.30B,$1.38B,7.54%,$18.30B,$0.96B,5.23%,$0.96B,$4.75B,20.66%,$0.96B,$1.92B,36.94%,$0.96B,$41.42B,2.36%,$1.38B,$6.84B,20.98%,$4863,$2768,$2095,$0,$0,$4450,$413,$0,$413,$140,$273,$273,$272,$477,$413,$275,282,$0.97,$0.96,$805,$0,$0,$9605,$789,$18470,$2837,$7949,$31810,$41415,$27572,$2090,$6999,$9089,$36661,$88,$7412,$-84,$4754,$41415,$331,$117,$-68,$49,$86,$0,$363,$-266,$179,$559,$-128,$0,$-1309,$0,$-910,$-910,$0,$-2347,$298,$417,$715,$-182,$-182,$-14,$104,$623,$-1165,$0,$-14
42,2008-03-31,40.24,$17.14,2.35,$62.72,0.64,$8.68,4.64,$3.10,12.98,$11.53B,$27.48B,0.42,$2.09B,$4.81B,0.43,$17.82B,$7.08B,39.71%,$17.82B,$1.30B,7.27%,$17.82B,$1.30B,7.27%,$17.82B,$1.49B,8.35%,$17.82B,$1.30B,7.27%,$17.82B,$0.88B,4.96%,$0.88B,$4.81B,19.86%,$0.88B,$3.03B,32.97%,$0.88B,$40.99B,2.18%,$1.30B,$6.90B,20.50%,$4569,$2976,$1593,$0,$0,$4495,$74,$0,$74,$18,$56,$56,$58,$127,$74,$273,273,$0.21,$0.20,$2850,$0,$0,$11530,$649,$17845,$1784,$7474,$29458,$40988,$27481,$2090,$6603,$8693,$36174,$88,$7142,$38,$4814,$40988,$59,$53,$-86,$-33,$-55,$0,$596,$-279,$326,$352,$-68,$0,$-7,$0,$-88,$-88,$0,$-163,$298,$312,$610,$33,$33,$-3,$50,$690,$880,$0,$-3
43,2007-12-31,53.24,$16.98,3.14,$60.74,0.88,$8.85,6.02,$3.87,13.77,$10.71B,$26.47B,0.4,$1.79B,$4.75B,0.38,$17.62B,$7.28B,41.30%,$17.62B,$1.63B,9.27%,$17.62B,$1.63B,9.27%,$17.62B,$1.83B,10.37%,$17.62B,$1.63B,9.27%,$17.62B,$1.12B,6.33%,$1.12B,$4.75B,26.01%,$1.12B,$2.97B,44.12%,$1.12B,$40.07B,2.72%,$1.63B,$6.54B,26.88%,$4456,$2612,$1844,$0,$0,$4065,$391,$0,$391,$125,$266,$266,$263,$438,$391,$286,290,$0.89,$0.90,$1970,$0,$0,$10706,$625,$17763,$1783,$7578,$29359,$40065,$26469,$1790,$7058,$8848,$35317,$88,$7113,$51,$4748,$40065,$1118,$194,$-62,$132,$206,$0,$150,$-274,$92,$1342,$-180,$0,$24,$0,$425,$425,$0,$269,$120,$-20,$100,$-937,$-937,$-11,$-193,$-1041,$578,$0,$-11
44,2007-09-30,52.8,$15.17,3.48,$57.86,0.91,$6.34,8.32,$3.70,14.28,$10.47B,$26.98B,0.39,$1.79B,$4.24B,0.42,$17.37B,$7.26B,41.79%,$17.37B,$1.59B,9.16%,$17.37B,$1.59B,9.16%,$17.37B,$1.79B,10.31%,$17.37B,$1.59B,9.16%,$17.37B,$1.08B,6.24%,$1.08B,$4.24B,25.92%,$1.08B,$2.46B,44.53%,$1.08B,$39.80B,2.61%,$1.59B,$6.03B,27.22%,$4413,$2496,$1917,$0,$0,$3911,$502,$0,$502,$139,$363,$363,$365,$551,$502,$280,284,$1.30,$1.28,$1421,$0,$0,$10470,$601,$17923,$1774,$7303,$29330,$39800,$26976,$1793,$6795,$8588,$35564,$88,$6865,$-176,$4236,$39800,$852,$147,$-106,$41,$-61,$0,$76,$-196,$-127,$766,$-109,$0,$20,$0,$182,$182,$0,$93,$120,$36,$156,$-954,$-954,$-8,$-27,$-833,$29,$0,$-8
45,2007-06-30,51.73,$14.14,3.66,$55.09,0.94,$4.92,10.52,$3.33,15.52,$10.29B,$27.32B,0.38,$1.79B,$4.01B,0.45,$17.10B,$7.14B,41.77%,$17.10B,$1.54B,8.98%,$17.10B,$1.54B,8.98%,$17.10B,$1.74B,10.15%,$17.10B,$1.54B,8.98%,$17.10B,$1.02B,5.95%,$1.02B,$4.01B,24.29%,$1.02B,$2.27B,41.46%,$1.02B,$41.53B,2.41%,$1.54B,$5.80B,27.12%,$4381,$2659,$1722,$0,$0,$4053,$328,$0,$328,$111,$217,$217,$198,$372,$328,$285,290,$0.70,$0.68,$1104,$0,$0,$10289,$568,$18028,$1741,$9138,$31237,$41526,$27316,$1792,$8409,$10201,$37517,$88,$6513,$-257,$4009,$41526,$487,$98,$-78,$20,$-23,$0,$-31,$-115,$-89,$418,$-35,$0,$42,$0,$-100,$-100,$-11,$-104,$120,$7,$127,$-722,$-722,$-5,$-3,$-603,$-288,$0,$-5
46,2007-03-31,47.09,$14.43,3.26,$51.66,0.91,$3.64,12.95,$3.43,13.73,$10.85B,$27.89B,0.39,$1.79B,$4.15B,0.43,$16.81B,$7.20B,42.82%,$16.81B,$1.62B,9.61%,$16.81B,$1.62B,9.61%,$16.81B,$1.82B,10.85%,$16.81B,$1.62B,9.61%,$16.81B,$1.09B,6.49%,$1.09B,$4.15B,25.06%,$1.09B,$2.41B,41.15%,$1.09B,$42.38B,2.58%,$1.62B,$5.94B,28.73%,$4374,$2579,$1795,$0,$0,$3961,$413,$0,$413,$136,$277,$277,$289,$467,$413,$290,296,$1.00,$0.98,$1589,$0,$0,$10853,$603,$18651,$1739,$8915,$31525,$42378,$27891,$1792,$8543,$10335,$38226,$40,$6375,$-171,$4152,$42378,$289,$54,$-40,$14,$29,$0,$-74,$20,$75,$378,$-19,$0,$31,$0,$-157,$-157,$-6,$-151,$-87,$510,$423,$-450,$-450,$-2,$-1,$-30,$197,$0,$-2
47,2006-12-31,43.43,$43.89,0.99,$48.07,0.9,$2.11,20.61,$3.41,12.73,$10.90B,$28.12B,0.39,$1.29B,$4.33B,0.3,$16.55B,$7.28B,43.97%,$16.55B,$1.73B,10.46%,$16.55B,$1.73B,10.46%,$16.55B,$1.94B,11.72%,$16.55B,$1.73B,10.46%,$16.55B,$1.16B,6.98%,$1.16B,$4.33B,24.79%,$1.16B,$2.59B,38.72%,$1.16B,$42.40B,2.70%,$1.73B,$5.62B,29.90%,$4205,$2379,$1826,$0,$0,$3856,$349,$0,$349,$117,$232,$232,$232,$402,$349,$331,337,$0.79,$0.77,$1392,$0,$0,$10896,$632,$18326,$1736,$9176,$31503,$42399,$28123,$1294,$8652,$9946,$38069,$40,$6177,$-169,$4330,$42399,$1155,$208,$-516,$-308,$162,$0,$-106,$-506,$-205,$642,$-136,$0,$-6,$0,$1735,$1735,$-45,$1548,$146,$-9,$137,$-2514,$-2514,$-12,$-124,$-2513,$-317,$0,$-12
