,Date,Stock Price,Book Value per Share,Price to Book Ratio,TTM Sales per Share,Price to Sales Ratio,TTM FCF per Share,Price to FCF Ratio,TTM Net EPS,PE Ratio,Current Assets,Current Liabilities,Current Ratio,Long Term Debt,Shareholder's Equity_x,Debt to Equity Ratio,TTM Revenue_x,TTM Gross Profit,Gross Margin,TTM Revenue_y,TTM Operating Income,Operating Margin,TTM Revenue_x,TTM EBIT,EBIT Margin,TTM Revenue_y,TTM EBITDA,EBITDA Margin,TTM Revenue_x,TTM Pre-Tax Income,Pre-Tax Margin,TTM Revenue_y,TTM Net Income_x,Net Margin,TTM Net Income_y,Shareholder's Equity_y,Return on Equity,TTM Net Income_x,Tangible Equity,Return on Tangible Equity,TTM Net Income_y,Total Assets,Return on Assets,TTM Net Income,LT Investments & Debt,Return on Investment,revenue,cost-goods-sold,gross-profit,research-development-expenses,selling-general-administrative-expenses,operating-expenses,operating-income,total-non-operating-income-expense,pre-tax-income,total-provision-income-taxes,income-after-taxes,income-from-continuous-operations,net-income,ebitda,ebit,basic-shares-outstanding,shares-outstanding,eps-basic-net-earnings-per-share,eps-earnings-per-share-diluted,cash-on-hand,inventory,other-current-assets,total-current-assets,net-property-plant-equipment,long-term-investments,goodwill-intangible-assets-total,other-long-term-assets,total-long-term-assets,total-assets,total-current-liabilities,long-term-debt,other-non-current-liabilities,total-long-term-liabilities,total-liabilities,common-stock-net,retained-earnings-accumulated-deficit,comprehensive-income,total-share-holder-equity,total-liabilities-share-holders-equity,net-income-loss,total-depreciation-amortization-cash-flow,other-non-cash-items,total-non-cash-items,change-in-accounts-receivable,change-in-inventories,change-in-accounts-payable,change-in-assets-liabilities,total-change-in-assets-liabilities,cash-flow-from-operating-activities,net-change-in-property-plant-equipment,net-change-in-intangible-assets,net-acquisitions-divestitures,net-change-in-short-term-investments,net-change-in-long-term-investments,net-change-in-investments-total,investing-activities-other,cash-flow-from-investing-activities,net-long-term-debt,net-current-debt,debt-issuance-retirement-net-total,net-common-equity-issued-repurchased,net-total-equity-issued-repurchased,total-common-preferred-stock-dividends-paid,financial-activities-other,cash-flow-from-financial-activities,net-cash-flow,stock-based-compensation,common-stock-dividends-paid
0,2018-09-30,8.4,$3.61,2.33,$4.92,1.71,$4.40,1.91,$-0.35,0.0,$0.09B,$1.31B,0.07,$0.00B,$0.18B,0.0,$0.25B,$0.06B,23.17%,$0.25B,$-0.00B,-1.63%,$0.25B,$-0.00B,-1.63%,$0.25B,$0.02B,8.54%,$0.25B,$-0.00B,-1.63%,$0.25B,$-0.06B,-25.20%,$-0.06B,$0.18B,-30.58%,$-0.06B,$0.15B,-35.99%,$-0.06B,$1.60B,-3.79%,$-0.00B,$0.18B,-1.97%,$61,$37,$24,$0,$18,$56,$6,$0,$6,$20,$-15,$-15,$-15,$11,$6,$50,50,$-0.30,$-0.30,$69,$0,$0,$85,$6,$1321,$30,$2,$1517,$1602,$1310,$0,$53,$111,$1421,$263,$-76,$5,$181,$1602,$-17,$15,$69,$84,$1,$0,$33,$10,$-1,$65,$-0,$0,$0,$0,$-42,$-42,$0,$-42,$0,$0,$0,$0,$0,$0,$-0,$-0,$23,$0,$0
1,2018-06-30,7.79,$3.71,2.1,$4.98,1.56,$4.45,1.75,$0.02,389.5,$0.08B,$1.31B,0.06,$0.00B,$0.20B,0.0,$0.25B,$0.04B,17.67%,$0.25B,$-0.01B,-2.81%,$0.25B,$-0.01B,-2.81%,$0.25B,$0.02B,7.23%,$0.25B,$-0.01B,-2.81%,$0.25B,$-0.04B,-17.67%,$-0.04B,$0.20B,-19.69%,$-0.04B,$0.17B,-22.98%,$-0.04B,$1.65B,-2.67%,$-0.01B,$0.20B,-3.13%,$60,$47,$12,$0,$16,$64,$-4,$0,$-4,$-2,$-3,$-3,$-3,$1,$-4,$50,50,$-0.05,$-0.05,$63,$0,$0,$79,$6,$1311,$30,$3,$1574,$1653,$1312,$0,$46,$143,$1455,$263,$-61,$7,$197,$1653,$-3,$10,$-2,$8,$1,$0,$32,$-0,$36,$42,$-0,$0,$0,$0,$-25,$-25,$0,$-25,$0,$0,$0,$0,$0,$0,$0,$0,$17,$0,$0
2,2018-03-31,7.32,$4.18,1.75,$5.00,1.46,$4.47,1.64,$0.08,91.5,$0.06B,$1.29B,0.04,$0.00B,$0.21B,0.0,$0.25B,$0.05B,18.00%,$0.25B,$-0.00B,-0.40%,$0.25B,$-0.00B,-0.40%,$0.25B,$0.02B,9.60%,$0.25B,$-0.00B,-0.40%,$0.25B,$-0.04B,-16.00%,$-0.04B,$0.21B,-16.75%,$-0.04B,$0.18B,-19.51%,$-0.04B,$1.65B,-2.44%,$-0.00B,$0.21B,-0.42%,$57,$46,$11,$0,$8,$55,$3,$0,$3,$3,$0,$0,$0,$8,$3,$50,50,$0.00,$0.00,$41,$0,$0,$56,$6,$1329,$31,$2,$1590,$1645,$1294,$0,$44,$142,$1436,$263,$-59,$16,$209,$1645,$0,$5,$-1,$4,$2,$0,$15,$-3,$18,$22,$-0,$0,$0,$0,$-27,$-27,$0,$-27,$0,$0,$0,$0,$0,$0,$0,$0,$-5,$0,$0
3,2017-12-31,7.35,$4.46,1.65,$5.04,1.46,$4.45,1.65,$0.12,61.25,$0.06B,$1.28B,0.05,$0.00B,$0.22B,0.0,$0.25B,$0.05B,18.18%,$0.25B,$-0.00B,-1.19%,$0.25B,$-0.00B,-1.19%,$0.25B,$0.02B,8.70%,$0.25B,$-0.00B,-1.19%,$0.25B,$-0.04B,-15.02%,$-0.04B,$0.22B,-15.20%,$-0.04B,$0.19B,-17.72%,$-0.04B,$1.64B,-2.33%,$-0.00B,$0.22B,-1.20%,$68,$57,$10,$0,$19,$77,$-9,$0,$-9,$35,$-44,$-44,$-44,$1,$-9,$50,50,$-0.89,$-0.89,$46,$0,$0,$63,$7,$1325,$31,$1,$1582,$1644,$1277,$0,$50,$144,$1421,$263,$-54,$26,$224,$1644,$-38,$24,$20,$45,$0,$0,$76,$-1,$87,$93,$-1,$0,$0,$1,$-84,$-84,$0,$-85,$0,$0,$0,$0,$0,$0,$3,$3,$11,$0,$0
4,2017-09-30,7.35,$5.28,1.39,$5.05,1.46,$4.62,1.59,$0.12,61.25,$0.06B,$1.25B,0.05,$0.00B,$0.26B,0.0,$0.25B,$0.04B,17.39%,$0.25B,$0.01B,2.37%,$0.25B,$0.01B,2.37%,$0.25B,$0.03B,9.88%,$0.25B,$0.01B,2.37%,$0.25B,$0.01B,2.37%,$0.01B,$0.26B,2.34%,$0.01B,$0.23B,2.74%,$0.01B,$1.65B,0.37%,$0.01B,$0.26B,2.34%,$64,$53,$11,$0,$7,$61,$3,$0,$3,$-0,$3,$3,$3,$8,$3,$50,50,$0.07,$0.07,$45,$0,$0,$60,$8,$1303,$36,$2,$1591,$1651,$1253,$0,$50,$134,$1387,$263,$-10,$23,$264,$1651,$6,$15,$-4,$11,$2,$0,$52,$-5,$52,$69,$-1,$0,$0,$0,$-60,$-60,$0,$-62,$0,$0,$0,$0,$0,$0,$2,$2,$9,$0,$0
5,2017-06-30,7.38,$5.15,1.43,$4.99,1.48,$4.63,1.59,$0.10,73.8,$0.05B,$1.23B,0.04,$0.00B,$0.26B,0.0,$0.25B,$0.04B,16.73%,$0.25B,$0.01B,3.19%,$0.25B,$0.01B,3.19%,$0.25B,$0.03B,10.36%,$0.25B,$0.01B,3.19%,$0.25B,$0.01B,2.39%,$0.01B,$0.26B,2.34%,$0.01B,$0.22B,2.75%,$0.01B,$1.62B,0.38%,$0.01B,$0.26B,3.13%,$61,$48,$13,$0,$10,$59,$2,$0,$2,$2,$1,$1,$1,$7,$2,$50,50,$0.01,$0.01,$34,$0,$0,$49,$8,$1286,$37,$2,$1575,$1624,$1232,$0,$49,$134,$1366,$263,$-14,$20,$258,$1624,$3,$10,$-3,$7,$1,$0,$32,$-3,$34,$43,$-1,$0,$0,$1,$-46,$-46,$0,$-46,$0,$0,$0,$0,$0,$0,$1,$1,$-2,$0,$0
6,2017-03-31,7.43,$5.08,1.46,$5.00,1.49,$4.63,1.6,$0.12,61.92,$0.06B,$1.22B,0.05,$0.00B,$0.25B,0.0,$0.25B,$0.04B,15.54%,$0.25B,$0.01B,3.59%,$0.25B,$0.01B,3.59%,$0.25B,$0.03B,10.36%,$0.25B,$0.01B,3.59%,$0.25B,$0.01B,2.39%,$0.01B,$0.25B,2.34%,$0.01B,$0.22B,2.74%,$0.01B,$1.61B,0.38%,$0.01B,$0.25B,3.51%,$60,$47,$12,$0,$11,$59,$1,$0,$1,$-1,$2,$2,$2,$6,$1,$50,50,$0.04,$0.04,$41,$0,$0,$56,$8,$1260,$37,$2,$1554,$1610,$1215,$0,$53,$141,$1356,$263,$-14,$17,$254,$1610,$2,$5,$-5,$-0,$2,$0,$15,$-2,$20,$22,$-0,$0,$0,$0,$-17,$-17,$0,$-17,$0,$0,$0,$0,$0,$0,$1,$1,$6,$0,$0
7,2016-12-31,9.82,$4.97,1.97,$4.90,2.0,$4.63,2.12,$0.04,245.5,$0.05B,$1.20B,0.04,$0.00B,$0.25B,0.0,$0.25B,$0.04B,14.63%,$0.25B,$0.01B,2.85%,$0.25B,$0.01B,2.85%,$0.25B,$0.02B,9.35%,$0.25B,$0.01B,2.85%,$0.25B,$0.00B,0.81%,$0.00B,$0.25B,0.78%,$0.00B,$0.21B,0.92%,$0.00B,$1.58B,0.13%,$0.01B,$0.25B,2.74%,$68,$60,$8,$0,$8,$68,$-0,$0,$-0,$-0,$0,$0,$0,$4,$-0,$50,50,$0.00,$0.00,$36,$0,$0,$52,$8,$1240,$38,$1,$1531,$1584,$1196,$0,$57,$139,$1335,$263,$-16,$14,$249,$1584,$2,$18,$-8,$10,$-1,$0,$75,$7,$91,$102,$-2,$0,$0,$-0,$-150,$-150,$0,$-152,$0,$0,$0,$0,$0,$0,$2,$2,$-47,$0,$0
8,2016-09-30,9.36,$5.25,1.78,$4.79,1.96,$4.35,2.15,0,0.0,$0.05B,$1.18B,0.04,$0.00B,$0.26B,0.0,$0.24B,$0.03B,14.17%,$0.24B,$0.01B,2.50%,$0.24B,$0.01B,2.50%,$0.24B,$0.02B,9.17%,$0.24B,$0.01B,2.50%,$0.24B,0,0.00%,$0.00B,$0.26B,0.00%,$0.00B,$0.23B,0.00%,$0.00B,$1.57B,0.00%,$0.01B,$0.26B,2.35%,$62,$52,$9,$0,$4,$57,$5,$0,$5,$2,$3,$3,$3,$9,$5,$50,50,$0.06,$0.06,$32,$0,$0,$47,$7,$1240,$38,$2,$1519,$1566,$1177,$0,$48,$127,$1304,$263,$-21,$32,$263,$1566,$2,$13,$-5,$8,$1,$0,$52,$-1,$59,$69,$-1,$0,$0,$-0,$-120,$-121,$0,$-122,$0,$0,$0,$0,$0,$0,$2,$2,$-51,$0,$0
9,2016-06-30,7.6,$5.21,1.46,$4.71,1.61,$4.24,1.79,$-0.05,0.0,$0.07B,$1.16B,0.06,$0.00B,$0.26B,0.0,$0.24B,$0.03B,12.71%,$0.24B,$0.00B,0.42%,$0.24B,$0.00B,0.42%,$0.24B,$0.02B,7.20%,$0.24B,$0.00B,0.42%,$0.24B,$-0.00B,-1.27%,$-0.00B,$0.26B,-1.19%,$-0.00B,$0.22B,-1.41%,$-0.00B,$1.55B,-0.20%,$0.00B,$0.26B,0.40%,$61,$51,$10,$0,$7,$59,$3,$0,$3,$1,$1,$1,$1,$7,$3,$50,50,$0.03,$0.03,$53,$0,$0,$69,$7,$1204,$38,$3,$1478,$1547,$1157,$0,$55,$129,$1286,$263,$-23,$33,$261,$1547,$-1,$8,$-0,$8,$0,$0,$32,$1,$36,$43,$-1,$0,$0,$-0,$-73,$-74,$0,$-74,$0,$0,$0,$0,$0,$0,$1,$1,$-30,$0,$0
10,2016-03-31,7.24,$4.97,1.46,$4.69,1.54,$4.18,1.73,$-0.08,0.0,$0.06B,$1.14B,0.05,$0.00B,$0.25B,0.0,$0.24B,$0.03B,11.91%,$0.24B,$-0.00B,-1.28%,$0.24B,$-0.00B,-1.28%,$0.24B,$0.01B,5.53%,$0.24B,$-0.00B,-1.28%,$0.24B,$-0.01B,-2.55%,$-0.01B,$0.25B,-2.41%,$-0.01B,$0.21B,-2.88%,$-0.01B,$1.50B,-0.41%,$-0.00B,$0.25B,-1.21%,$55,$46,$9,$0,$10,$56,$-1,$0,$-1,$1,$-2,$-2,$-2,$3,$-1,$50,50,$-0.05,$-0.05,$45,$0,$0,$60,$6,$1170,$39,$3,$1441,$1501,$1139,$0,$47,$112,$1252,$263,$-25,$22,$249,$1501,$-2,$4,$8,$12,$1,$0,$16,$-1,$11,$21,$-0,$0,$0,$0,$-59,$-59,$0,$-59,$0,$0,$0,$0,$0,$0,$1,$1,$-37,$0,$0
11,2015-12-31,7.43,$4.93,1.51,$4.72,1.57,$4.11,1.81,$-0.03,0.0,$0.10B,$1.11B,0.09,$0.00B,$0.25B,0.0,$0.24B,$0.03B,11.02%,$0.24B,$-0.00B,-0.85%,$0.24B,$-0.00B,-0.85%,$0.24B,$0.01B,5.93%,$0.24B,$-0.00B,-0.85%,$0.24B,$-0.00B,-1.69%,$-0.00B,$0.25B,-1.59%,$-0.00B,$0.21B,-1.89%,$-0.00B,$1.48B,-0.27%,$-0.00B,$0.25B,-0.79%,$62,$56,$6,$0,$7,$64,$-1,$0,$-1,$0,$-2,$-2,$-2,$3,$-1,$50,50,$-0.03,$-0.03,$83,$0,$0,$99,$6,$1103,$40,$1,$1382,$1481,$1114,$0,$48,$120,$1234,$263,$-18,$14,$247,$1481,$-3,$15,$9,$24,$-1,$0,$77,$-3,$66,$87,$-1,$0,$0,$-0,$-57,$-57,$0,$-58,$0,$0,$0,$0,$0,$0,$3,$3,$32,$0,$0
12,2015-09-30,7.42,$4.99,1.49,$4.72,1.57,$4.29,1.73,$0.01,742.0,$0.06B,$1.10B,0.05,$0.00B,$0.25B,0.0,$0.24B,$0.03B,10.55%,$0.24B,$-0.01B,-3.80%,$0.24B,$-0.01B,-3.80%,$0.24B,$0.01B,2.53%,$0.24B,$-0.01B,-3.80%,$0.24B,$-0.01B,-5.49%,$-0.01B,$0.25B,-5.10%,$-0.01B,$0.21B,-6.08%,$-0.01B,$1.48B,-0.90%,$-0.01B,$0.25B,-3.53%,$58,$53,$5,$0,$5,$58,$-0,$0,$-0,$-0,$0,$0,$0,$4,$-0,$50,50,$0.00,$0.00,$43,$0,$0,$58,$6,$1133,$40,$2,$1417,$1475,$1100,$0,$47,$125,$1225,$263,$-20,$19,$250,$1475,$-1,$11,$1,$12,$0,$0,$56,$-3,$52,$63,$-0,$0,$0,$-0,$-72,$-72,$0,$-73,$0,$0,$0,$0,$0,$0,$2,$2,$-8,$0,$0
13,2015-06-30,7.46,$4.98,1.5,$4.70,1.59,$4.37,1.71,$0.05,149.2,$0.05B,$1.08B,0.05,$0.00B,$0.25B,0.0,$0.24B,$0.03B,11.44%,$0.24B,$-0.01B,-2.54%,$0.24B,$-0.01B,-2.54%,$0.24B,$0.01B,3.39%,$0.24B,$-0.01B,-2.54%,$0.24B,$-0.01B,-4.66%,$-0.01B,$0.25B,-4.25%,$-0.01B,$0.21B,-5.06%,$-0.01B,$1.45B,-0.78%,$-0.01B,$0.25B,-2.32%,$60,$52,$8,$0,$8,$61,$-1,$0,$-1,$1,$-2,$-2,$-2,$3,$-1,$50,50,$-0.04,$-0.04,$38,$0,$0,$53,$6,$1116,$41,$3,$1397,$1450,$1081,$0,$45,$120,$1201,$263,$-21,$18,$249,$1450,$-1,$7,$1,$8,$-0,$0,$37,$-0,$33,$40,$-0,$0,$0,$0,$-54,$-54,$0,$-54,$0,$0,$0,$0,$0,$0,$1,$1,$-13,$0,$0
14,2015-03-31,6.16,$5.23,1.18,$4.63,1.33,$4.43,1.39,$0.08,77.0,$0.06B,$1.06B,0.05,$0.00B,$0.26B,0.0,$0.23B,$0.03B,11.16%,$0.23B,$-0.00B,-1.29%,$0.23B,$-0.00B,-1.29%,$0.23B,$0.01B,4.29%,$0.23B,$-0.00B,-1.29%,$0.23B,$-0.01B,-3.43%,$-0.01B,$0.26B,-3.04%,$-0.01B,$0.22B,-3.62%,$-0.01B,$1.44B,-0.58%,$-0.00B,$0.26B,-1.14%,$56,$49,$7,$0,$6,$56,$0,$0,$0,$-0,$0,$0,$0,$4,$0,$50,50,$0.01,$0.01,$41,$0,$0,$56,$6,$1114,$41,$2,$1388,$1444,$1059,$0,$46,$123,$1182,$263,$-19,$29,$262,$1444,$0,$4,$-1,$2,$0,$0,$17,$-1,$14,$17,$-0,$0,$0,$0,$-27,$-27,$0,$-27,$0,$0,$0,$0,$0,$0,$1,$1,$-9,$0,$0
15,2014-12-31,7.6,$5.16,1.47,$4.57,1.66,$4.50,1.69,$0.09,84.44,$0.07B,$1.04B,0.06,$0.00B,$0.26B,0.0,$0.23B,$0.03B,11.30%,$0.23B,$-0.00B,-0.43%,$0.23B,$-0.00B,-0.43%,$0.23B,$0.01B,4.78%,$0.23B,$-0.00B,-0.43%,$0.23B,$-0.01B,-3.04%,$-0.01B,$0.26B,-2.68%,$-0.01B,$0.22B,-3.20%,$-0.01B,$1.42B,-0.53%,$-0.00B,$0.26B,-0.38%,$63,$58,$5,$0,$13,$72,$-8,$0,$-8,$2,$-11,$-11,$-11,$-5,$-8,$50,51,$-0.21,$-0.21,$51,$0,$0,$66,$6,$1078,$42,$1,$1352,$1418,$1038,$0,$42,$121,$1159,$263,$-19,$26,$258,$1418,$-6,$13,$-79,$-66,$0,$0,$82,$9,$170,$98,$-0,$0,$-5,$0,$-99,$-99,$0,$-104,$0,$0,$0,$0,$0,$0,$2,$2,$-4,$0,$0
16,2014-09-30,6.46,$5.33,1.21,$4.47,1.45,$4.21,1.53,$0.11,58.73,$0.07B,$1.01B,0.07,$0.00B,$0.27B,0.0,$0.22B,$0.03B,11.61%,$0.22B,$0.01B,3.57%,$0.22B,$0.01B,3.57%,$0.22B,$0.02B,9.38%,$0.22B,$0.01B,3.57%,$0.22B,$0.01B,2.23%,$0.01B,$0.27B,1.93%,$0.01B,$0.22B,2.32%,$0.01B,$1.32B,0.39%,$0.01B,$0.27B,3.09%,$57,$50,$7,$0,$3,$54,$3,$0,$3,$1,$2,$2,$2,$6,$3,$50,50,$0.05,$0.05,$57,$0,$0,$71,$6,$1042,$42,$2,$1247,$1318,$1008,$0,$33,$44,$1052,$263,$-8,$23,$267,$1318,$5,$10,$-1,$9,$1,$0,$57,$-5,$53,$67,$-0,$0,$-5,$0,$-61,$-61,$0,$-66,$0,$0,$0,$0,$0,$0,$2,$2,$2,$0,$0
17,2014-06-30,7.4,$5.30,1.4,$4.39,1.68,$3.96,1.87,$0.10,74.0,$0.07B,$0.99B,0.07,$0.00B,$0.27B,0.0,$0.22B,$0.03B,11.76%,$0.22B,$0.01B,3.62%,$0.22B,$0.01B,3.62%,$0.22B,$0.02B,9.50%,$0.22B,$0.01B,3.62%,$0.22B,$0.01B,2.26%,$0.01B,$0.27B,1.97%,$0.01B,$0.22B,2.37%,$0.01B,$1.30B,0.40%,$0.01B,$0.27B,3.15%,$57,$49,$7,$0,$5,$55,$2,$0,$2,$0,$1,$1,$1,$5,$2,$50,50,$0.02,$0.02,$57,$0,$0,$72,$7,$1023,$43,$3,$1226,$1298,$986,$0,$35,$47,$1033,$263,$-10,$24,$265,$1298,$2,$6,$-1,$5,$1,$0,$38,$-2,$36,$43,$-0,$0,$-5,$0,$-35,$-35,$0,$-41,$0,$0,$0,$0,$0,$0,$0,$0,$3,$0,$0
18,2014-03-31,7.4,$5.12,1.45,$4.34,1.71,$3.75,1.97,$0.10,74.0,$0.07B,$0.97B,0.07,$0.00B,$0.26B,0.0,$0.22B,$0.03B,11.47%,$0.22B,$0.01B,3.67%,$0.22B,$0.01B,3.67%,$0.22B,$0.02B,9.63%,$0.22B,$0.01B,3.67%,$0.22B,$0.01B,2.29%,$0.01B,$0.26B,2.00%,$0.01B,$0.21B,2.41%,$0.01B,$1.26B,0.41%,$0.01B,$0.26B,3.20%,$53,$46,$7,$0,$5,$51,$2,$0,$2,$0,$1,$1,$1,$5,$2,$50,50,$0.02,$0.02,$52,$0,$0,$69,$7,$990,$44,$2,$1191,$1260,$966,$0,$30,$38,$1004,$263,$-11,$16,$256,$1260,$1,$3,$-1,$2,$1,$0,$18,$-3,$17,$21,$-0,$0,$-5,$0,$-18,$-18,$0,$-23,$0,$0,$0,$0,$0,$0,$-0,$-0,$-2,$0,$0
19,2013-12-31,8.75,$4.91,1.78,$4.27,2.05,$3.71,2.36,$0.10,87.5,$0.07B,$0.94B,0.08,$0.00B,$0.25B,0.0,$0.22B,$0.03B,11.63%,$0.22B,$0.01B,3.26%,$0.22B,$0.01B,3.26%,$0.22B,$0.02B,9.30%,$0.22B,$0.01B,3.26%,$0.22B,$0.01B,2.33%,$0.01B,$0.25B,1.99%,$0.01B,$0.20B,2.39%,$0.01B,$1.22B,0.42%,$0.01B,$0.25B,2.78%,$57,$52,$5,$0,$3,$55,$1,$0,$1,$1,$1,$1,$1,$5,$1,$50,50,$0.02,$0.02,$55,$0,$0,$70,$7,$950,$41,$1,$1146,$1216,$941,$0,$27,$29,$970,$263,$-13,$7,$246,$1216,$5,$13,$-3,$9,$5,$0,$70,$-8,$68,$81,$-0,$0,$0,$2,$-87,$-84,$0,$-85,$0,$0,$0,$0,$0,$0,$2,$2,$-2,$0,$0
20,2013-09-30,8.64,$4.95,1.75,$4.21,2.05,$3.46,2.5,$0.07,123.43,$0.06B,$0.92B,0.06,$0.00B,$0.25B,0.0,$0.21B,$0.02B,10.85%,$0.21B,$0.01B,2.83%,$0.21B,$0.01B,2.83%,$0.21B,$0.02B,8.02%,$0.21B,$0.01B,2.83%,$0.21B,$0.00B,1.89%,$0.00B,$0.25B,1.56%,$0.00B,$0.21B,1.88%,$0.00B,$1.19B,0.34%,$0.01B,$0.25B,2.34%,$54,$46,$7,$0,$4,$51,$3,$0,$3,$1,$2,$2,$2,$6,$3,$50,50,$0.03,$0.03,$42,$0,$0,$56,$7,$944,$42,$2,$1138,$1194,$915,$0,$27,$32,$946,$263,$-13,$10,$248,$1194,$4,$9,$-3,$6,$6,$0,$48,$-11,$44,$54,$-0,$0,$0,$2,$-72,$-70,$0,$-70,$0,$0,$0,$0,$0,$0,$1,$1,$-15,$0,$0
21,2013-06-30,5.98,$4.96,1.2,$4.18,1.43,$3.33,1.8,$0.10,59.8,$0.06B,$0.90B,0.07,$0.00B,$0.25B,0.0,$0.21B,$0.02B,10.95%,$0.21B,$0.01B,3.33%,$0.21B,$0.01B,3.33%,$0.21B,$0.02B,8.57%,$0.21B,$0.01B,3.33%,$0.21B,$0.01B,2.38%,$0.01B,$0.25B,1.92%,$0.01B,$0.21B,2.31%,$0.01B,$1.18B,0.43%,$0.01B,$0.25B,2.69%,$54,$47,$6,$0,$4,$52,$2,$0,$2,$0,$1,$1,$1,$5,$2,$50,50,$0.03,$0.03,$41,$0,$0,$58,$7,$927,$42,$2,$1120,$1179,$898,$0,$25,$31,$930,$263,$-15,$12,$249,$1179,$2,$6,$-2,$4,$3,$0,$32,$-9,$27,$33,$-0,$0,$0,$2,$-51,$-49,$0,$-49,$0,$0,$0,$0,$0,$0,$1,$1,$-15,$0,$0
22,2013-03-31,8.39,$5.27,1.59,$4.11,2.04,$3.27,2.57,$0.08,104.88,$0.06B,$0.88B,0.07,$0.00B,$0.26B,0.0,$0.21B,$0.02B,10.68%,$0.21B,$0.01B,2.43%,$0.21B,$0.01B,2.43%,$0.21B,$0.02B,7.77%,$0.21B,$0.01B,2.43%,$0.21B,$0.00B,1.94%,$0.00B,$0.26B,1.53%,$0.00B,$0.22B,1.83%,$0.00B,$1.19B,0.34%,$0.01B,$0.26B,1.91%,$50,$43,$7,$0,$5,$48,$1,$0,$1,$0,$1,$1,$1,$4,$1,$50,50,$0.02,$0.02,$43,$0,$0,$60,$7,$938,$43,$3,$1128,$1188,$883,$0,$24,$41,$924,$263,$-16,$29,$264,$1188,$1,$3,$-1,$2,$3,$0,$15,$-4,$15,$18,$-0,$0,$0,$-1,$-31,$-32,$0,$-32,$0,$0,$0,$0,$0,$0,$0,$0,$-14,$0,$0
23,2012-12-31,11.05,$5.25,2.1,$4.05,2.73,$3.21,3.44,$0.09,122.78,$0.08B,$0.87B,0.09,$0.00B,$0.26B,0.0,$0.20B,$0.02B,10.84%,$0.20B,$0.01B,2.96%,$0.20B,$0.01B,2.96%,$0.20B,$0.02B,7.88%,$0.20B,$0.01B,2.96%,$0.20B,$0.01B,2.46%,$0.01B,$0.26B,1.94%,$0.01B,$0.22B,2.33%,$0.01B,$1.18B,0.44%,$0.01B,$0.26B,2.32%,$54,$51,$3,$0,$3,$55,$-0,$0,$-0,$-0,$-0,$-0,$-0,$2,$-0,$50,50,$-0.01,$-0.01,$56,$0,$0,$77,$7,$911,$43,$1,$1098,$1175,$867,$0,$27,$44,$912,$263,$-17,$29,$263,$1175,$5,$10,$-3,$7,$-1,$0,$66,$-8,$58,$69,$-1,$0,$0,$-0,$-49,$-49,$0,$-50,$0,$0,$0,$1,$1,$0,$3,$4,$23,$0,$0
24,2012-09-30,10.49,$5.27,1.99,$4.03,2.61,$3.09,3.39,$0.12,87.42,$0.06B,$0.85B,0.07,$0.00B,$0.26B,0.0,$0.20B,$0.03B,12.44%,$0.20B,$0.01B,3.98%,$0.20B,$0.01B,3.98%,$0.20B,$0.02B,8.96%,$0.20B,$0.01B,3.98%,$0.20B,$0.01B,3.48%,$0.01B,$0.26B,2.75%,$0.01B,$0.22B,3.34%,$0.01B,$1.15B,0.63%,$0.01B,$0.26B,3.14%,$52,$45,$7,$0,$3,$48,$4,$0,$4,$1,$3,$3,$3,$7,$4,$50,50,$0.06,$0.06,$40,$0,$0,$59,$7,$907,$44,$2,$1093,$1152,$845,$0,$23,$42,$888,$263,$-17,$30,$264,$1152,$5,$7,$-4,$3,$-0,$0,$48,$-10,$40,$48,$-0,$0,$0,$-0,$-43,$-43,$0,$-44,$0,$0,$0,$1,$1,$0,$2,$3,$7,$0,$0
25,2012-06-30,9.75,$5.11,1.91,$3.95,2.47,$2.99,3.26,$0.11,88.64,$0.09B,$0.83B,0.11,$0.00B,$0.26B,0.0,$0.20B,$0.03B,13.20%,$0.20B,$0.01B,3.55%,$0.20B,$0.01B,3.55%,$0.20B,$0.02B,8.12%,$0.20B,$0.01B,3.55%,$0.20B,$0.01B,3.05%,$0.01B,$0.26B,2.38%,$0.01B,$0.21B,2.91%,$0.01B,$1.13B,0.55%,$0.01B,$0.26B,2.78%,$50,$45,$5,$0,$4,$49,$0,$0,$0,$-0,$0,$0,$0,$3,$0,$50,50,$0.01,$0.01,$69,$0,$0,$94,$8,$852,$45,$3,$1036,$1129,$828,$0,$31,$46,$874,$262,$-20,$25,$255,$1129,$2,$4,$-2,$2,$1,$0,$31,$-6,$26,$30,$-0,$0,$0,$-2,$7,$4,$0,$4,$0,$0,$0,$0,$0,$0,$1,$2,$36,$0,$0
26,2012-03-31,9.88,$5.03,1.97,$3.93,2.51,$2.93,3.37,$0.17,58.12,$0.08B,$0.81B,0.1,$0.00B,$0.25B,0.0,$0.20B,$0.03B,15.38%,$0.20B,$0.01B,5.64%,$0.20B,$0.01B,5.64%,$0.20B,$0.02B,9.74%,$0.20B,$0.01B,5.64%,$0.20B,$0.01B,4.62%,$0.01B,$0.25B,3.62%,$0.01B,$0.21B,4.46%,$0.01B,$1.11B,0.84%,$0.01B,$0.25B,4.42%,$47,$39,$7,$0,$5,$45,$2,$0,$2,$1,$2,$2,$2,$4,$2,$50,50,$0.03,$0.03,$61,$0,$0,$79,$8,$845,$45,$2,$1027,$1106,$809,$0,$31,$46,$855,$262,$-20,$21,$251,$1106,$2,$2,$-1,$1,$0,$0,$14,$-3,$13,$15,$-0,$0,$0,$0,$12,$12,$0,$12,$0,$0,$0,$0,$0,$0,$1,$1,$28,$0,$0
27,2011-12-31,9.69,$4.95,1.96,$3.90,2.48,$2.91,3.33,$0.18,53.83,$0.05B,$0.79B,0.07,$0.00B,$0.25B,0.0,$0.19B,$0.03B,15.54%,$0.19B,$0.01B,5.70%,$0.19B,$0.01B,5.70%,$0.19B,$0.02B,10.36%,$0.19B,$0.01B,5.70%,$0.19B,$0.01B,4.66%,$0.01B,$0.25B,3.70%,$0.01B,$0.20B,4.60%,$0.01B,$1.08B,0.86%,$0.01B,$0.25B,4.52%,$52,$47,$6,$0,$3,$51,$2,$0,$2,$-0,$2,$2,$2,$4,$2,$50,50,$0.04,$0.06,$33,$0,$0,$53,$8,$847,$46,$1,$1027,$1080,$794,$0,$23,$37,$831,$262,$-22,$19,$248,$1080,$8,$8,$-4,$5,$-0,$0,$58,$-7,$51,$64,$-2,$0,$0,$-2,$-81,$-83,$0,$-85,$0,$0,$0,$2,$2,$0,$2,$4,$-16,$0,$0
28,2011-09-30,6.41,$5.10,1.26,$3.95,1.62,$2.83,2.26,$0.35,18.31,$0.08B,$0.77B,0.11,$0.00B,$0.26B,0.0,$0.20B,$0.04B,18.37%,$0.20B,$0.02B,9.18%,$0.20B,$0.02B,9.18%,$0.20B,$0.03B,13.78%,$0.20B,$0.02B,9.18%,$0.20B,$0.02B,7.65%,$0.02B,$0.26B,6.29%,$0.02B,$0.21B,7.92%,$0.02B,$1.08B,1.46%,$0.02B,$0.26B,7.55%,$48,$41,$8,$0,$4,$46,$3,$0,$3,$1,$2,$2,$2,$5,$3,$50,50,$0.04,$0.04,$64,$0,$0,$82,$8,$801,$47,$2,$992,$1075,$774,$0,$28,$46,$820,$262,$-15,$19,$255,$1075,$7,$6,$-2,$4,$1,$0,$39,$-8,$33,$44,$-2,$0,$0,$-2,$-29,$-31,$0,$-32,$0,$0,$0,$2,$2,$0,$2,$3,$15,$0,$0
29,2011-06-30,6.82,$4.84,1.41,$3.90,1.75,$2.79,2.45,$0.33,20.67,$0.08B,$0.75B,0.1,$0.00B,$0.24B,0.0,$0.19B,$0.04B,18.13%,$0.19B,$0.02B,9.33%,$0.19B,$0.02B,9.33%,$0.19B,$0.03B,13.99%,$0.19B,$0.02B,9.33%,$0.19B,$0.02B,7.77%,$0.02B,$0.24B,6.41%,$0.02B,$0.19B,8.13%,$0.02B,$1.04B,1.49%,$0.02B,$0.24B,7.69%,$48,$40,$9,$0,$3,$44,$4,$0,$4,$1,$3,$3,$3,$6,$4,$50,50,$0.06,$0.04,$58,$0,$0,$77,$8,$774,$48,$2,$964,$1041,$754,$0,$32,$46,$800,$260,$-18,$9,$241,$1041,$5,$4,$-1,$3,$1,$0,$25,$-6,$21,$28,$-1,$0,$0,$0,$-19,$-19,$0,$-21,$0,$0,$0,$0,$0,$0,$1,$1,$9,$0,$0
30,2011-03-31,7.3,$4.64,1.57,$3.86,1.89,$2.71,2.69,$0.33,22.12,$0.06B,$0.74B,0.07,$0.00B,$0.23B,0.0,$0.19B,$0.04B,18.85%,$0.19B,$0.02B,9.42%,$0.19B,$0.02B,9.42%,$0.19B,$0.03B,14.14%,$0.19B,$0.02B,9.42%,$0.19B,$0.02B,7.85%,$0.02B,$0.23B,6.51%,$0.02B,$0.18B,8.31%,$0.02B,$1.01B,1.51%,$0.02B,$0.23B,7.81%,$45,$38,$7,$0,$4,$43,$2,$0,$2,$1,$2,$2,$2,$5,$2,$50,50,$0.03,$0.03,$37,$0,$0,$55,$7,$767,$49,$3,$954,$1009,$741,$0,$28,$38,$779,$260,$-21,$2,$230,$1009,$2,$2,$-1,$1,$1,$0,$12,$-4,$11,$14,$-1,$0,$0,$0,$-27,$-27,$0,$-27,$0,$0,$0,$0,$0,$0,$1,$1,$-12,$0,$0
31,2010-12-31,7.45,$4.58,1.63,$3.83,1.95,$2.69,2.77,$0.32,23.28,$0.07B,$0.73B,0.1,$0.00B,$0.23B,0.0,$0.19B,$0.03B,16.32%,$0.19B,$0.02B,9.47%,$0.19B,$0.02B,9.47%,$0.19B,$0.03B,13.68%,$0.19B,$0.02B,9.47%,$0.19B,$0.02B,7.89%,$0.02B,$0.23B,6.56%,$0.02B,$0.18B,8.44%,$0.02B,$0.99B,1.54%,$0.02B,$0.23B,7.88%,$55,$43,$12,$0,$10,$46,$9,$0,$9,$0,$8,$8,$8,$11,$9,$50,50,$0.17,$0.17,$50,$0,$0,$70,$7,$733,$50,$1,$917,$987,$728,$0,$22,$31,$759,$260,$-23,$1,$228,$987,$15,$8,$-8,$0,$2,$0,$46,$-5,$45,$61,$-2,$0,$0,$3,$-63,$-60,$0,$-62,$0,$0,$0,$0,$0,$0,$3,$3,$1,$0,$0
32,2010-09-30,6.89,$4.77,1.44,$3.84,1.79,$2.58,2.67,$0.29,23.76,$0.09B,$0.71B,0.12,$0.00B,$0.24B,0.0,$0.19B,$0.03B,17.46%,$0.19B,$0.02B,8.99%,$0.19B,$0.02B,8.99%,$0.19B,$0.03B,13.23%,$0.19B,$0.02B,8.99%,$0.19B,$0.02B,7.94%,$0.02B,$0.24B,6.65%,$0.02B,$0.19B,8.62%,$0.02B,$1.00B,1.56%,$0.02B,$0.24B,7.54%,$45,$38,$7,$0,$3,$42,$3,$0,$3,$1,$2,$2,$2,$5,$3,$50,50,$0.03,$0.03,$65,$0,$0,$85,$7,$735,$50,$2,$915,$1000,$710,$0,$39,$54,$763,$260,$-32,$20,$237,$1000,$6,$6,$-1,$5,$3,$0,$30,$-7,$28,$39,$0,$0,$0,$3,$-27,$-24,$0,$-24,$0,$0,$0,$0,$0,$0,$2,$2,$17,$0,$0
33,2010-06-30,6.66,$4.56,1.46,$3.83,1.74,$2.52,2.65,$0.30,22.2,$0.10B,$0.70B,0.15,$0.00B,$0.23B,0.0,$0.19B,$0.03B,15.34%,$0.19B,$0.02B,8.99%,$0.19B,$0.02B,8.99%,$0.19B,$0.03B,13.23%,$0.19B,$0.02B,8.99%,$0.19B,$0.02B,7.94%,$0.02B,$0.23B,6.82%,$0.02B,$0.18B,8.94%,$0.02B,$0.97B,1.60%,$0.02B,$0.23B,7.73%,$46,$36,$10,$0,$5,$42,$4,$0,$4,$1,$3,$3,$3,$6,$4,$50,50,$0.07,$0.07,$81,$0,$0,$103,$7,$691,$51,$3,$870,$972,$696,$0,$37,$50,$746,$260,$-33,$11,$227,$972,$5,$3,$-1,$3,$2,$0,$19,$-5,$17,$24,$-1,$0,$0,$3,$6,$9,$0,$8,$0,$0,$0,$0,$0,$0,$1,$1,$33,$0,$0
34,2010-03-31,6.91,$4.47,1.54,$3.85,1.8,$2.51,2.75,$0.26,26.58,$0.07B,$0.69B,0.1,$0.00B,$0.22B,0.0,$0.19B,$0.02B,11.17%,$0.19B,$0.02B,9.04%,$0.19B,$0.02B,9.04%,$0.19B,$0.02B,12.77%,$0.19B,$0.02B,9.04%,$0.19B,$0.01B,7.45%,$0.01B,$0.22B,6.57%,$0.01B,$0.17B,8.74%,$0.01B,$0.94B,1.52%,$0.02B,$0.22B,7.97%,$44,$42,$2,$0,$-1,$41,$2,$0,$2,$1,$2,$2,$2,$4,$2,$50,50,$0.03,$0.03,$48,$0,$0,$69,$6,$695,$52,$2,$871,$940,$686,$0,$23,$32,$718,$260,$-36,$10,$222,$940,$2,$2,$-1,$1,$1,$0,$9,$-3,$10,$13,$0,$0,$0,$3,$-16,$-14,$0,$-14,$0,$0,$0,$0,$0,$0,$0,$0,$-1,$0,$0
35,2009-12-31,6.53,$4.35,1.5,$3.92,1.67,$2.46,2.66,$0.20,32.65,$0.07B,$0.68B,0.11,$0.00B,$0.22B,0.0,$0.19B,$0.02B,12.70%,$0.19B,$0.02B,11.11%,$0.19B,$0.02B,11.11%,$0.19B,$0.03B,14.29%,$0.19B,$0.02B,11.11%,$0.19B,$0.02B,7.94%,$0.02B,$0.22B,7.33%,$0.02B,$0.16B,9.97%,$0.02B,$0.93B,1.67%,$0.02B,$0.22B,10.27%,$54,$41,$14,$0,$-2,$46,$8,$0,$8,$1,$8,$8,$8,$10,$8,$49,49,$0.16,$0.20,$49,$0,$0,$73,$6,$679,$53,$1,$854,$927,$675,$0,$28,$36,$711,$260,$-38,$5,$216,$927,$17,$7,$-9,$-2,$2,$0,$40,$-3,$37,$52,$-0,$0,$10,$-0,$-78,$-78,$0,$-69,$0,$0,$0,$0,$0,$0,$1,$2,$-15,$0,$0
36,2009-09-30,6.34,$4.34,1.46,$3.33,1.91,$2.44,2.6,$-0.45,0.0,$0.10B,$0.66B,0.15,$0.00B,$0.22B,0.0,$0.16B,$-0.01B,-8.23%,$0.16B,$-0.01B,-5.06%,$0.16B,$-0.01B,-5.06%,$0.16B,$-0.00B,-1.90%,$0.16B,$-0.01B,-5.06%,$0.16B,$-0.01B,-8.86%,$-0.01B,$0.22B,-7.17%,$-0.01B,$0.16B,-9.86%,$-0.01B,$0.92B,-1.60%,$-0.01B,$0.22B,-4.10%,$45,$42,$3,$0,$-1,$42,$3,$0,$3,$1,$2,$2,$2,$5,$3,$49,49,$0.04,$0.04,$78,$0,$0,$98,$6,$647,$53,$2,$822,$920,$661,$0,$36,$44,$704,$260,$-46,$13,$215,$920,$10,$5,$-7,$-2,$2,$0,$27,$-3,$29,$36,$0,$0,$10,$-0,$-33,$-33,$0,$-24,$0,$0,$0,$0,$0,$0,$1,$2,$14,$0,$0
37,2009-06-30,6.08,$4.17,1.46,$3.33,1.83,$2.49,2.44,$-0.53,0.0,$0.12B,$0.65B,0.18,$0.00B,$0.19B,0.0,$0.15B,$-0.02B,-11.76%,$0.15B,$-0.01B,-7.19%,$0.15B,$-0.01B,-7.19%,$0.15B,$-0.01B,-4.58%,$0.15B,$-0.01B,-7.19%,$0.15B,$-0.02B,-11.76%,$-0.02B,$0.20B,-9.69%,$-0.02B,$0.15B,-13.31%,$-0.02B,$0.89B,-2.13%,$-0.01B,$0.20B,-5.92%,$45,$43,$2,$0,$-2,$42,$4,$0,$4,$0,$3,$3,$2,$5,$4,$48,48,$0.04,$0.04,$95,$0,$0,$117,$6,$598,$54,$3,$774,$890,$651,$0,$37,$40,$691,$250,$-48,$-1,$200,$890,$8,$3,$-6,$-3,$1,$0,$17,$-3,$17,$22,$0,$0,$10,$-0,$-1,$-2,$0,$8,$0,$0,$0,$0,$0,$0,$1,$1,$31,$0,$0
38,2009-03-31,7.27,$3.90,1.87,$3.36,2.16,$2.58,2.81,$-0.50,0.0,$0.08B,$0.64B,0.13,$0.00B,$0.18B,0.0,$0.15B,$-0.02B,-11.26%,$0.15B,$-0.01B,-7.28%,$0.15B,$-0.01B,-7.28%,$0.15B,$-0.01B,-4.64%,$0.15B,$-0.01B,-7.28%,$0.15B,$-0.02B,-11.92%,$-0.02B,$0.19B,-9.82%,$-0.02B,$0.13B,-13.28%,$-0.02B,$0.85B,-2.18%,$-0.01B,$0.19B,-6.00%,$45,$39,$5,$0,$-1,$39,$6,$0,$6,$1,$4,$4,$3,$7,$6,$47,47,$0.07,$0.03,$60,$0,$0,$83,$6,$595,$56,$3,$771,$853,$640,$0,$23,$26,$666,$251,$-51,$-11,$187,$853,$4,$2,$-2,$-0,$1,$0,$7,$-3,$5,$9,$0,$0,$10,$-1,$-23,$-24,$0,$-14,$0,$0,$0,$0,$0,$0,$1,$1,$-4,$0,$0
39,2008-12-31,9.7,$3.84,2.52,$3.32,2.92,$2.67,3.63,$-0.42,0.0,$0.09B,$0.63B,0.14,$0.00B,$0.17B,0.0,$0.15B,$-0.02B,-12.33%,$0.15B,$-0.01B,-8.90%,$0.15B,$-0.01B,-8.90%,$0.15B,$-0.01B,-6.16%,$0.15B,$-0.01B,-8.90%,$0.15B,$-0.02B,-13.01%,$-0.02B,$0.18B,-10.31%,$-0.02B,$0.13B,-13.60%,$-0.02B,$0.83B,-2.35%,$-0.01B,$0.18B,-7.06%,$23,$46,$-23,$0,$-3,$44,$-21,$0,$-21,$-0,$-21,$-21,$-21,$-20,$-21,$44,44,$-0.49,$-0.49,$64,$0,$0,$88,$6,$577,$51,$1,$744,$832,$625,$0,$24,$28,$653,$244,$-55,$-6,$179,$832,$-16,$4,$27,$31,$-1,$0,$36,$-3,$31,$46,$0,$0,$-8,$16,$-22,$-6,$0,$-14,$0,$0,$0,$0,$10,$0,$1,$11,$43,$0,$0
40,2008-09-30,8.22,$3.96,2.08,$3.97,2.07,$2.54,3.24,$0.17,48.35,$0.07B,$0.60B,0.12,$0.00B,$0.17B,0.0,$0.17B,$0.01B,6.40%,$0.17B,$0.02B,9.88%,$0.17B,$0.02B,9.88%,$0.17B,$0.02B,12.21%,$0.17B,$0.02B,9.88%,$0.17B,$0.01B,4.07%,$0.01B,$0.18B,3.74%,$0.01B,$0.14B,4.86%,$0.01B,$0.81B,0.88%,$0.02B,$0.18B,9.09%,$40,$42,$-2,$0,$-2,$41,$-0,$0,$-0,$0,$-1,$-1,$-2,$1,$-0,$44,44,$-0.04,$-0.04,$46,$0,$0,$69,$7,$584,$42,$2,$744,$813,$597,$0,$39,$39,$636,$232,$-35,$-21,$177,$813,$5,$3,$4,$8,$1,$0,$21,$2,$22,$35,$0,$0,$0,$10,$-22,$-12,$0,$-12,$0,$0,$0,$0,$1,$0,$1,$2,$25,$0,$0
41,2008-06-30,6.13,$4.30,1.42,$4.07,1.51,$2.29,2.68,$0.31,19.77,$0.06B,$0.59B,0.1,$0.00B,$0.18B,0.0,$0.17B,$0.02B,9.20%,$0.17B,$0.02B,13.22%,$0.17B,$0.02B,13.22%,$0.17B,$0.03B,15.52%,$0.17B,$0.02B,13.22%,$0.17B,$0.01B,7.47%,$0.01B,$0.19B,7.07%,$0.01B,$0.15B,9.27%,$0.01B,$0.80B,1.67%,$0.02B,$0.19B,12.50%,$43,$40,$3,$0,$-2,$39,$4,$0,$4,$1,$3,$3,$2,$5,$4,$44,44,$0.06,$0.06,$40,$0,$0,$60,$6,$585,$43,$2,$741,$801,$586,$0,$22,$25,$611,$228,$-34,$-8,$190,$801,$6,$2,$2,$4,$1,$0,$14,$-1,$14,$24,$0,$0,$0,$18,$-25,$-7,$0,$-7,$0,$0,$0,$0,$0,$0,$1,$1,$18,$0,$0
42,2008-03-31,6.69,$4.33,1.55,$4.08,1.64,$2.09,3.19,$0.32,20.91,$0.04B,$0.58B,0.07,$0.00B,$0.18B,0.0,$0.17B,$0.02B,9.30%,$0.17B,$0.02B,13.95%,$0.17B,$0.02B,13.95%,$0.17B,$0.03B,16.86%,$0.17B,$0.02B,13.95%,$0.17B,$0.01B,8.14%,$0.01B,$0.19B,7.99%,$0.01B,$0.15B,10.69%,$0.01B,$0.79B,1.84%,$0.02B,$0.19B,13.69%,$40,$36,$4,$0,$-1,$36,$4,$0,$4,$2,$3,$3,$2,$5,$4,$44,44,$0.05,$0.05,$21,$0,$0,$42,$7,$597,$43,$3,$752,$794,$576,$0,$22,$27,$603,$229,$-37,$-4,$191,$794,$3,$1,$2,$3,$1,$0,$6,$-0,$7,$13,$0,$0,$0,$0,$-13,$-13,$0,$-13,$0,$0,$0,$0,$0,$0,$0,$0,$-0,$0,$0
43,2007-12-31,5.53,$4.32,1.28,$4.10,1.35,$1.97,2.8,$0.32,17.28,$0.04B,$0.57B,0.08,$0.00B,$0.18B,0.0,$0.17B,$0.01B,8.24%,$0.17B,$0.02B,14.12%,$0.17B,$0.02B,14.12%,$0.17B,$0.03B,17.06%,$0.17B,$0.02B,14.12%,$0.17B,$0.01B,8.24%,$0.01B,$0.19B,8.40%,$0.01B,$0.15B,11.52%,$0.01B,$0.79B,1.88%,$0.02B,$0.19B,14.39%,$49,$43,$6,$0,$-4,$40,$9,$0,$9,$3,$6,$6,$5,$10,$9,$42,42,$0.13,$0.18,$21,$0,$0,$43,$7,$592,$44,$1,$745,$788,$567,$0,$26,$31,$598,$229,$-40,$-2,$190,$788,$17,$6,$0,$6,$1,$0,$34,$-17,$15,$38,$0,$0,$0,$-18,$-41,$-59,$0,$-59,$0,$0,$0,$17,$17,$0,$0,$18,$-3,$0,$0
44,2007-09-30,7.65,$3.98,1.92,$3.91,1.95,$2.01,3.81,$0.30,25.5,$0.03B,$0.55B,0.06,$0.00B,$0.15B,0.0,$0.16B,$0.01B,6.79%,$0.16B,$0.02B,13.58%,$0.16B,$0.02B,13.58%,$0.16B,$0.03B,17.28%,$0.16B,$0.02B,13.58%,$0.16B,$0.01B,8.02%,$0.01B,$0.17B,8.27%,$0.01B,$0.12B,11.69%,$0.01B,$0.74B,1.79%,$0.02B,$0.17B,13.99%,$42,$39,$3,$0,$-4,$36,$6,$0,$6,$1,$5,$5,$4,$7,$6,$41,41,$0.10,$0.10,$13,$0,$0,$34,$7,$556,$45,$2,$706,$740,$554,$0,$20,$22,$575,$212,$-46,$-5,$165,$740,$11,$4,$0,$4,$2,$0,$22,$-14,$7,$22,$0,$0,$0,$0,$-34,$-34,$0,$-34,$0,$0,$0,$0,$0,$0,$0,$0,$-11,$0,$0
45,2007-06-30,7.04,$3.75,1.88,$3.84,1.83,$2.06,3.41,$0.25,28.16,$0.03B,$0.55B,0.06,$0.00B,$0.14B,0.0,$0.16B,$0.01B,6.29%,$0.16B,$0.02B,12.58%,$0.16B,$0.02B,12.58%,$0.16B,$0.03B,16.98%,$0.16B,$0.02B,12.58%,$0.16B,$0.01B,6.92%,$0.01B,$0.16B,7.13%,$0.01B,$0.11B,10.30%,$0.01B,$0.72B,1.54%,$0.02B,$0.16B,12.97%,$41,$38,$3,$0,$-3,$36,$5,$0,$5,$2,$4,$4,$3,$7,$5,$41,41,$0.07,$0.07,$10,$0,$0,$30,$7,$545,$46,$2,$695,$724,$546,$0,$24,$24,$569,$213,$-50,$-10,$155,$724,$6,$3,$-0,$3,$2,$0,$14,$-8,$6,$15,$0,$0,$0,$0,$-30,$-30,$0,$-30,$0,$0,$0,$0,$0,$0,$0,$0,$-14,$0,$0
46,2007-03-31,7.31,$3.79,1.93,$3.78,1.93,$1.98,3.69,$0.19,38.47,$0.04B,$0.54B,0.08,$0.00B,$0.14B,0.0,$0.16B,$0.01B,3.21%,$0.16B,$0.02B,10.26%,$0.16B,$0.02B,10.26%,$0.16B,$0.02B,14.10%,$0.16B,$0.02B,10.26%,$0.16B,$0.01B,5.13%,$0.01B,$0.16B,5.31%,$0.01B,$0.11B,7.88%,$0.01B,$0.72B,1.14%,$0.02B,$0.16B,10.61%,$38,$37,$2,$0,$-3,$35,$4,$0,$4,$1,$2,$2,$2,$5,$4,$41,41,$0.05,$0.00,$20,$0,$0,$40,$7,$535,$46,$3,$681,$722,$538,$0,$24,$27,$565,$213,$-54,$-5,$157,$722,$2,$1,$0,$2,$1,$0,$6,$-3,$3,$7,$0,$0,$0,$0,$-12,$-12,$0,$-12,$0,$0,$0,$0,$0,$0,$0,$0,$-5,$0,$0
47,2006-12-31,6.6,$3.69,1.79,$3.74,1.76,$1.96,3.37,$0.15,44.0,$0.05B,$0.53B,0.09,$0.00B,$0.14B,0.0,$0.16B,$0.00B,1.29%,$0.16B,$0.01B,9.03%,$0.16B,$0.01B,9.03%,$0.16B,$0.02B,12.90%,$0.16B,$0.01B,9.03%,$0.16B,$0.01B,4.52%,$0.01B,$0.15B,4.75%,$0.01B,$0.11B,7.24%,$0.01B,$0.71B,1.01%,$0.01B,$0.15B,9.49%,$41,$38,$3,$0,$-5,$34,$7,$0,$7,$3,$4,$4,$4,$9,$7,$41,41,$0.08,$0.08,$25,$0,$0,$47,$7,$522,$47,$1,$665,$711,$532,$0,$24,$27,$559,$213,$-56,$-6,$152,$711,$9,$7,$-0,$7,$2,$0,$32,$-12,$23,$39,$0,$0,$0,$0,$-34,$-34,$0,$-34,$0,$0,$0,$0,$0,$0,$1,$1,$6,$0,$0
