,Date,Stock Price,Book Value per Share,Price to Book Ratio,TTM Sales per Share,Price to Sales Ratio,TTM FCF per Share,Price to FCF Ratio,TTM Net EPS,PE Ratio,Current Assets,Current Liabilities,Current Ratio,Long Term Debt,Shareholder's Equity_x,Debt to Equity Ratio,TTM Revenue_x,TTM Gross Profit,Gross Margin,TTM Revenue_y,TTM Operating Income,Operating Margin,TTM Revenue_x,TTM EBIT,EBIT Margin,TTM Revenue_y,TTM EBITDA,EBITDA Margin,TTM Revenue_x,TTM Pre-Tax Income,Pre-Tax Margin,TTM Revenue_y,TTM Net Income_x,Net Margin,TTM Net Income_y,Shareholder's Equity_y,Return on Equity,TTM Net Income_x,Tangible Equity,Return on Tangible Equity,TTM Net Income_y,Total Assets,Return on Assets,TTM Net Income,LT Investments & Debt,Return on Investment,revenue,cost-goods-sold,gross-profit,research-development-expenses,selling-general-administrative-expenses,operating-expenses,operating-income,total-non-operating-income-expense,pre-tax-income,total-provision-income-taxes,income-after-taxes,income-from-continuous-operations,net-income,ebitda,ebit,basic-shares-outstanding,shares-outstanding,eps-basic-net-earnings-per-share,eps-earnings-per-share-diluted,cash-on-hand,inventory,other-current-assets,total-current-assets,net-property-plant-equipment,long-term-investments,goodwill-intangible-assets-total,other-long-term-assets,total-long-term-assets,total-assets,total-current-liabilities,long-term-debt,other-non-current-liabilities,total-long-term-liabilities,total-liabilities,common-stock-net,retained-earnings-accumulated-deficit,comprehensive-income,total-share-holder-equity,total-liabilities-share-holders-equity,net-income-loss,total-depreciation-amortization-cash-flow,other-non-cash-items,total-non-cash-items,change-in-accounts-receivable,change-in-inventories,change-in-accounts-payable,change-in-assets-liabilities,total-change-in-assets-liabilities,cash-flow-from-operating-activities,net-change-in-property-plant-equipment,net-change-in-intangible-assets,net-acquisitions-divestitures,net-change-in-short-term-investments,net-change-in-long-term-investments,net-change-in-investments-total,investing-activities-other,cash-flow-from-investing-activities,net-long-term-debt,net-current-debt,debt-issuance-retirement-net-total,net-common-equity-issued-repurchased,net-total-equity-issued-repurchased,total-common-preferred-stock-dividends-paid,financial-activities-other,cash-flow-from-financial-activities,net-cash-flow,stock-based-compensation,common-stock-dividends-paid
0,2015-06-30,39.03,$0.00,0.0,$22.60,1.73,$-12.45,0.0,$3.86,10.11,$51.97B,$40.82B,1.27,$11.98B,$7.44B,1.61,$5.45B,$4.63B,84.91%,$5.45B,$2.03B,37.19%,$5.45B,0,0.00%,$5.45B,0,0.00%,$5.45B,$1.13B,20.72%,$5.45B,$0.93B,17.05%,$0.93B,$7.44B,12.44%,$0.93B,$5.47B,16.62%,$0.93B,$63.31B,1.43%,$2.03B,$19.42B,13.50%,$1420,$419,$1001,$0,$721,$1180,$240,$0,$240,$64,$176,$176,$163,$0,$0,$0,0,$0.00,$0.00,$5345,$0,$0,$51974,$0,$6135,$1973,$2189,$10297,$63305,$40821,$11982,$3061,$15044,$55865,$192,$2388,$0,$7440,$63305,$0,$0,$0,$0,$0,$0,$0,$0,$0,$0,$0,$0,$0,$0,$0,$0,$0,$0,$0,$0,$0,$0,$0,$0,$0,$0,$0,$0,$0
1,2015-03-31,35.16,$0.00,0.0,$24.00,1.47,$-12.45,0.0,$3.82,9.2,$51.19B,$46.03B,1.11,$5.84B,$6.98B,0.84,$5.70B,$4.62B,81.11%,$5.70B,$1.96B,34.47%,$5.70B,0,0.00%,$5.70B,0,0.00%,$5.70B,$1.11B,19.46%,$5.70B,$0.90B,15.79%,$0.90B,$6.98B,11.81%,$0.90B,$5.00B,15.54%,$0.90B,$62.59B,1.36%,$1.96B,$12.82B,14.32%,$2020,$560,$1460,$0,$1087,$1692,$327,$0,$327,$78,$249,$249,$237,$0,$0,$0,0,$0.00,$0.00,$5080,$0,$0,$51189,$0,$939,$1978,$7486,$10403,$62593,$46026,$5843,$3559,$9592,$55618,$192,$2085,$0,$6975,$62593,$0,$0,$0,$0,$0,$0,$0,$0,$0,$0,$0,$0,$0,$0,$0,$0,$0,$0,$0,$0,$0,$0,$0,$0,$0,$0,$0,$0,$0
2,2014-12-31,42.8,$0.00,0.0,$29.36,1.46,$-12.45,0.0,$3.96,10.81,$53.16B,$48.61B,1.09,$5.72B,$6.93B,0.83,$6.75B,$5.40B,79.93%,$6.75B,$2.46B,36.41%,$6.75B,0,0.00%,$6.75B,0,0.00%,$6.75B,$1.03B,15.27%,$6.75B,$0.91B,13.52%,$0.91B,$7.03B,11.80%,$0.91B,$5.37B,15.34%,$0.91B,$62.16B,1.37%,$2.46B,$12.75B,17.65%,$1997,$574,$1424,$0,$1034,$1655,$342,$0,$342,$124,$218,$218,$209,$0,$0,$0,0,$0.00,$0.00,$8548,$0,$0,$53163,$0,$2787,$1660,$2067,$6514,$62164,$48610,$5719,$599,$6524,$55135,$129,$6410,$0,$7029,$62164,$785,$508,$0,$508,$0,$0,$0,$0,$-4328,$-2405,$-589,$0,$0,$0,$0,$613,$0,$24,$0,$0,$-124,$0,$1097,$-298,$-4,$672,$-822,$0,$0
3,2014-09-30,50.37,$0.00,0.0,$31.25,1.61,$9.13,5.52,$4.30,11.71,$60.80B,$53.98B,1.13,$6.65B,$8.46B,0.79,$7.07B,$4.93B,69.78%,$7.07B,$1.90B,26.86%,$7.07B,0,0.00%,$7.07B,0,0.00%,$7.07B,$1.34B,18.89%,$7.07B,$0.97B,13.75%,$0.97B,$8.46B,12.67%,$0.97B,$6.55B,16.72%,$0.97B,$71.82B,1.41%,$1.90B,$15.12B,13.48%,$1617,$452,$1165,$0,$734,$1223,$394,$0,$394,$104,$291,$291,$271,$0,$0,$0,0,$0.00,$0.00,$10570,$0,$0,$60803,$0,$3190,$1910,$2900,$8000,$71819,$53980,$6654,$2472,$9377,$63357,$255,$7714,$0,$8462,$71819,$0,$0,$0,$0,$0,$0,$0,$0,$0,$0,$0,$0,$0,$0,$0,$0,$0,$0,$0,$0,$0,$0,$0,$0,$0,$0,$0,$0,$0
4,2014-06-30,50.98,$0.00,0.0,$31.80,1.6,$9.13,5.59,$4.25,12.0,$56.20B,$52.16B,1.08,$6.15B,$7.99B,0.77,$7.03B,$4.93B,70.11%,$7.03B,$2.00B,28.47%,$7.03B,0,0.00%,$7.03B,0,0.00%,$7.03B,$1.26B,17.99%,$7.03B,$0.94B,13.44%,$0.94B,$7.99B,13.27%,$0.94B,$6.22B,16.68%,$0.94B,$67.17B,1.44%,$2.00B,$14.14B,14.85%,$1530,$466,$1065,$0,$815,$1316,$214,$0,$214,$74,$140,$140,$135,$0,$0,$0,0,$0.00,$0.00,$8351,$0,$0,$56199,$0,$3578,$1770,$2809,$8157,$67173,$52157,$6150,$634,$7029,$59186,$242,$7285,$0,$7987,$67173,$0,$0,$0,$0,$0,$0,$0,$0,$0,$0,$0,$0,$0,$0,$0,$0,$0,$0,$0,$0,$0,$0,$0,$0,$0,$0,$0,$0,$0
5,2014-03-31,49.47,$0.00,0.0,$30.58,1.62,$9.13,5.42,$3.69,13.41,$54.49B,$50.45B,1.08,$6.22B,$7.48B,0.83,$6.64B,$4.76B,71.61%,$6.64B,$1.66B,24.91%,$6.64B,0,0.00%,$6.64B,0,0.00%,$6.64B,$1.02B,15.35%,$6.64B,$0.81B,12.16%,$0.81B,$7.48B,12.07%,$0.81B,$5.67B,14.42%,$0.81B,$65.22B,1.27%,$1.66B,$13.70B,12.50%,$1563,$478,$1085,$0,$760,$1273,$290,$0,$290,$84,$206,$206,$196,$0,$0,$0,0,$0.00,$0.00,$9624,$0,$0,$54488,$0,$3509,$1808,$4265,$9582,$65222,$50449,$6217,$834,$7292,$57740,$230,$6817,$0,$7481,$65222,$0,$0,$0,$0,$0,$0,$0,$0,$0,$0,$0,$0,$0,$0,$0,$0,$0,$0,$0,$0,$0,$0,$0,$0,$0,$0,$0,$0,$0
6,2013-12-31,42.63,$0.00,0.0,$27.06,1.58,$9.13,4.67,$3.77,11.31,$59.32B,$56.32B,1.05,$6.66B,$6.75B,0.99,$5.83B,$4.14B,71.05%,$5.83B,$0.99B,16.96%,$5.83B,0,0.00%,$5.83B,0,0.00%,$5.83B,$1.04B,17.90%,$5.83B,$0.81B,13.97%,$0.81B,$6.75B,12.67%,$0.81B,$4.81B,14.27%,$0.81B,$70.64B,1.32%,$0.99B,$13.40B,7.08%,$1564,$474,$1090,$0,$754,$1264,$300,$0,$300,$110,$190,$190,$183,$0,$0,$0,0,$0.00,$0.00,$12073,$0,$0,$59319,$0,$5279,$1938,$2865,$10082,$70641,$56321,$6657,$675,$7573,$63895,$230,$6077,$0,$6746,$70641,$818,$417,$0,$417,$0,$0,$0,$0,$1188,$2844,$-820,$0,$0,$0,$0,$-948,$-29,$-1797,$0,$3213,$-197,$0,$0,$-341,$0,$2676,$3909,$0,$0
7,2013-09-30,49.62,$0.00,0.0,$24.29,2.04,$2.07,23.94,$3.82,12.99,$51.29B,$45.77B,1.12,$6.41B,$6.24B,1.03,$5.15B,$3.46B,67.15%,$5.15B,$0.90B,17.44%,$5.15B,0,0.00%,$5.15B,0,0.00%,$5.15B,$1.00B,19.46%,$5.15B,$0.81B,15.67%,$0.81B,$6.24B,12.68%,$0.81B,$5.94B,13.35%,$0.81B,$59.11B,1.40%,$0.90B,$12.65B,6.45%,$1578,$489,$1089,$0,$798,$1322,$257,$0,$257,$-38,$294,$294,$-55,$0,$0,$0,0,$0.00,$0.00,$11344,$0,$0,$51294,$0,$4588,$298,$2060,$6946,$59108,$45773,$6412,$643,$7095,$52868,$221,$5589,$0,$6240,$59108,$0,$0,$0,$0,$0,$0,$0,$0,$0,$0,$0,$0,$0,$0,$0,$0,$0,$0,$0,$0,$0,$0,$0,$0,$0,$0,$0,$0,$0
8,2013-06-30,48.4,$0.00,0.0,$24.25,2.0,$2.07,23.35,$4.15,11.66,$50.26B,$45.28B,1.11,$6.90B,$6.30B,1.09,$5.13B,$3.41B,66.53%,$5.13B,$0.82B,15.96%,$5.13B,0,0.00%,$5.13B,0,0.00%,$5.13B,$1.09B,21.21%,$5.13B,$0.88B,17.10%,$0.88B,$6.30B,13.78%,$0.88B,$5.98B,14.52%,$0.88B,$58.94B,1.57%,$0.82B,$13.20B,5.66%,$1457,$478,$979,$0,$632,$1149,$308,$0,$308,$117,$191,$191,$181,$0,$0,$0,0,$0.00,$0.00,$10282,$0,$0,$50263,$0,$4982,$320,$2521,$7823,$58943,$45276,$6900,$421,$7362,$52638,$230,$5640,$0,$6304,$58943,$0,$0,$0,$0,$0,$0,$0,$0,$0,$0,$0,$0,$0,$0,$0,$0,$0,$0,$0,$0,$0,$0,$0,$0,$0,$0,$0,$0,$0
9,2013-03-31,53.78,$0.00,0.0,$24.87,2.16,$2.07,25.94,$4.56,11.79,$49.62B,$40.75B,1.22,$10.15B,$6.41B,1.59,$5.26B,$3.56B,67.71%,$5.26B,$1.01B,19.27%,$5.26B,0,0.00%,$5.26B,0,0.00%,$5.26B,$1.26B,23.99%,$5.26B,$0.97B,18.34%,$0.97B,$6.41B,15.28%,$0.97B,$6.08B,16.13%,$0.97B,$57.76B,1.80%,$1.01B,$16.56B,6.95%,$1479,$438,$1041,$0,$673,$1147,$332,$0,$332,$109,$223,$223,$220,$0,$0,$0,0,$0.00,$0.00,$10085,$0,$0,$49624,$0,$3156,$323,$2478,$5957,$57763,$40751,$10150,$415,$10607,$51358,$239,$5685,$0,$6405,$57763,$0,$0,$0,$0,$0,$0,$0,$0,$0,$0,$0,$0,$0,$0,$0,$0,$0,$0,$0,$0,$0,$0,$0,$0,$0,$0,$0,$0,$0
10,2012-12-31,56.23,$0.00,0.0,$23.92,2.35,$2.07,27.12,$4.47,12.58,$46.76B,$37.36B,1.25,$6.75B,$6.50B,1.04,$5.08B,$3.46B,68.09%,$5.08B,$1.02B,19.98%,$5.08B,0,0.00%,$5.08B,0,0.00%,$5.08B,$1.22B,23.92%,$5.08B,$0.95B,18.66%,$0.95B,$6.50B,15.36%,$0.95B,$6.18B,16.24%,$0.95B,$54.83B,1.86%,$1.02B,$13.25B,7.64%,$1406,$411,$995,$0,$655,$1112,$294,$0,$294,$165,$128,$128,$119,$0,$0,$0,0,$0.00,$0.00,$8394,$0,$0,$46757,$0,$3211,$320,$3793,$7324,$54833,$37357,$6753,$4223,$10976,$48333,$239,$5740,$0,$6500,$54833,$963,$306,$0,$306,$0,$0,$0,$0,$7237,$1022,$-592,$0,$77,$0,$0,$179,$0,$-336,$0,$1242,$-2130,$0,$934,$-330,$0,$-284,$249,$0,$0
11,2012-09-30,50.13,$0.00,0.0,$24.45,2.05,$-12.08,0.0,$4.55,11.02,$35.71B,$34.93B,1.02,$8.67B,$6.24B,1.39,$5.23B,$3.71B,70.99%,$5.23B,$0.88B,16.92%,$5.23B,0,0.00%,$5.23B,0,0.00%,$5.23B,$1.26B,24.09%,$5.23B,$0.97B,18.64%,$0.97B,$6.24B,16.84%,$0.97B,$5.91B,17.92%,$0.97B,$52.19B,1.99%,$0.88B,$14.91B,7.00%,$1199,$875,$325,$0,$1239,$2216,$-1017,$0,$287,$-25,$312,$202,$197,$0,$0,$240,240,$0.82,$0.82,$8252,$0,$0,$35711,$0,$3529,$332,$11749,$15610,$52189,$34926,$8671,$2305,$11021,$45947,$237,$5487,$0,$6241,$52189,$0,$0,$0,$0,$0,$0,$0,$0,$0,$0,$0,$0,$0,$0,$0,$0,$0,$0,$0,$0,$0,$0,$0,$0,$0,$0,$0,$0,$0
12,2012-06-30,51.57,$0.00,0.0,$24.09,2.14,$-12.08,0.0,$4.54,11.36,$32.70B,$35.57B,0.92,$7.54B,$6.11B,1.23,$5.07B,$3.67B,72.28%,$5.07B,$0.98B,19.22%,$5.07B,0,0.00%,$5.07B,0,0.00%,$5.07B,$1.23B,24.27%,$5.07B,$0.96B,18.88%,$0.96B,$6.11B,17.64%,$0.96B,$5.77B,18.92%,$0.96B,$49.71B,2.02%,$0.98B,$13.65B,8.85%,$1212,$366,$846,$0,$587,$999,$213,$0,$213,$28,$185,$185,$187,$0,$0,$0,0,$0.00,$0.00,$6422,$0,$0,$32697,$0,$5967,$343,$9875,$16185,$49713,$35574,$7538,$445,$8030,$43604,$237,$5329,$0,$6108,$49713,$0,$0,$0,$0,$0,$0,$0,$0,$0,$0,$0,$0,$0,$0,$0,$0,$0,$0,$0,$0,$0,$0,$0,$0,$0,$0,$0,$0,$0
13,2012-03-31,53.56,$0.00,0.0,$27.92,1.92,$-12.08,0.0,$4.71,11.37,$39.34B,$31.54B,1.25,$5.48B,$5.84B,0.94,$5.72B,$4.45B,77.82%,$5.72B,$1.91B,33.45%,$5.72B,0,0.00%,$5.72B,0,0.00%,$5.72B,$1.25B,21.92%,$5.72B,$0.98B,17.06%,$0.98B,$5.84B,19.42%,$0.98B,$5.50B,21.00%,$0.98B,$47.17B,2.14%,$1.91B,$11.32B,20.13%,$1402,$376,$1026,$0,$597,$974,$429,$0,$359,$81,$278,$274,$278,$0,$0,$244,244,$1.12,$1.12,$6022,$0,$0,$39344,$0,$3300,$345,$3264,$6908,$47173,$31539,$5482,$4274,$9792,$41331,$239,$5043,$0,$5842,$47173,$0,$0,$0,$0,$0,$0,$0,$0,$0,$0,$0,$0,$0,$0,$0,$0,$0,$0,$0,$0,$0,$0,$0,$0,$0,$0,$0,$0,$0
14,2011-12-31,49.03,$0.00,0.0,$24.62,1.99,$-12.08,0.0,$4.49,10.92,$39.48B,$35.87B,1.1,$5.67B,$4.95B,1.15,$5.21B,$4.08B,78.43%,$5.21B,$1.67B,32.04%,$5.21B,0,0.00%,$5.21B,0,0.00%,$5.21B,$1.17B,22.55%,$5.21B,$0.99B,18.98%,$0.99B,$4.95B,21.45%,$0.99B,$4.57B,23.42%,$0.99B,$47.01B,2.28%,$1.67B,$10.62B,19.89%,$1337,$364,$973,$0,$416,$822,$515,$0,$434,$174,$260,$250,$250,$0,$0,$240,240,$1.04,$1.04,$6457,$0,$0,$39475,$0,$3271,$374,$2993,$6637,$47005,$35867,$5670,$481,$6191,$42058,$217,$4202,$0,$4946,$47005,$856,$203,$0,$203,$0,$0,$0,$0,$-3169,$-2028,$-565,$0,$89,$0,$0,$275,$-67,$-267,$0,$1072,$2235,$0,$0,$-271,$0,$3036,$810,$0,$0
15,2011-09-30,45.58,$0.00,0.0,$24.21,1.88,$-9.58,0.0,$4.31,10.57,$38.29B,$37.09B,1.03,$3.68B,$4.83B,0.76,$5.04B,$4.09B,81.12%,$5.04B,$1.94B,38.41%,$5.04B,0,0.00%,$5.04B,0,0.00%,$5.04B,$1.07B,21.20%,$5.04B,$0.93B,18.50%,$0.93B,$4.83B,21.36%,$0.93B,$4.42B,23.45%,$0.93B,$45.96B,2.32%,$1.94B,$8.50B,24.94%,$1288,$-349,$1637,$0,$501,$337,$951,$0,$32,$-36,$68,$205,$205,$0,$0,$240,240,$0.85,$0.85,$6362,$0,$0,$38288,$0,$3383,$410,$2964,$6757,$45955,$37086,$3679,$327,$4043,$41129,$225,$4057,$0,$4826,$45955,$0,$0,$0,$0,$0,$0,$0,$0,$0,$0,$0,$0,$0,$0,$0,$0,$0,$0,$0,$0,$0,$0,$0,$0,$0,$0,$0,$0,$0
16,2011-06-30,54.3,$0.00,0.0,$23.32,2.33,$-9.58,0.0,$4.25,12.78,$34.81B,$32.77B,1.06,$3.11B,$4.48B,0.69,$4.82B,$3.97B,82.29%,$4.82B,$1.95B,40.36%,$4.82B,0,0.00%,$4.82B,0,0.00%,$4.82B,$1.05B,21.82%,$4.82B,$0.91B,18.91%,$0.91B,$4.48B,21.75%,$0.91B,$4.11B,23.94%,$0.91B,$42.09B,2.43%,$1.95B,$7.60B,24.67%,$1426,$432,$994,$0,$788,$1293,$133,$0,$305,$85,$220,$197,$197,$0,$0,$240,240,$0.85,$0.85,$5785,$0,$0,$34813,$0,$3170,$376,$2919,$6466,$42088,$32767,$3113,$1688,$4836,$37604,$0,$3704,$0,$4484,$42088,$0,$0,$0,$0,$0,$0,$0,$0,$0,$0,$0,$0,$0,$0,$0,$0,$0,$0,$0,$0,$0,$0,$0,$0,$0,$0,$0,$0,$0
17,2011-03-31,50.71,$0.00,0.0,$17.64,2.87,$-9.58,0.0,$3.92,12.94,$31.73B,$29.95B,1.06,$2.66B,$4.17B,0.64,$3.70B,$2.91B,78.58%,$3.70B,$1.01B,27.15%,$3.70B,0,0.00%,$3.70B,0,0.00%,$3.70B,$0.97B,26.31%,$3.70B,$0.85B,22.85%,$0.85B,$4.17B,21.17%,$0.85B,$3.78B,23.47%,$0.85B,$38.44B,2.41%,$1.01B,$6.82B,13.47%,$1644,$629,$1015,$0,$581,$1279,$364,$0,$337,$94,$243,$247,$247,$0,$0,$230,230,$1.08,$1.08,$5069,$0,$0,$31726,$0,$3242,$390,$2402,$6033,$38439,$29946,$2658,$1635,$4327,$34273,$0,$3389,$0,$4166,$38439,$0,$0,$0,$0,$0,$0,$0,$0,$0,$0,$0,$0,$0,$0,$0,$0,$0,$0,$0,$0,$0,$0,$0,$0,$0,$0,$0,$0,$0
18,2010-12-31,49.82,$0.00,0.0,$19.19,2.6,$-9.58,0.0,$3.59,13.88,$27.93B,$25.56B,1.09,$4.14B,$3.97B,1.04,$4.00B,$3.22B,80.35%,$4.00B,$1.39B,34.79%,$4.00B,0,0.00%,$4.00B,0,0.00%,$4.00B,$0.97B,24.29%,$4.00B,$0.74B,18.42%,$0.74B,$3.97B,19.20%,$0.74B,$3.60B,21.42%,$0.74B,$34.05B,2.20%,$1.39B,$8.11B,18.12%,$2393,$643,$1750,$0,$676,$1383,$1010,$0,$357,$102,$254,$264,$264,$0,$0,$219,219,$1.18,$1.18,$4326,$0,$0,$27929,$0,$3090,$375,$2031,$5496,$34048,$25559,$4135,$345,$4515,$30074,$0,$3242,$0,$3974,$34048,$751,$179,$0,$179,$0,$0,$0,$0,$-2613,$-1602,$-285,$0,$0,$0,$0,$-233,$-53,$-571,$0,$664,$864,$0,$0,$-262,$326,$1592,$-636,$0,$0
19,2010-09-30,52.23,$0.00,0.0,$19.02,2.75,$13.05,4.0,$3.37,15.5,$29.02B,$26.10B,1.11,$4.87B,$4.15B,1.17,$4.01B,$3.04B,75.75%,$4.01B,$0.87B,21.78%,$4.01B,0,0.00%,$4.01B,0,0.00%,$4.01B,$1.05B,26.17%,$4.01B,$0.70B,17.44%,$0.70B,$4.15B,18.77%,$0.70B,$3.76B,21.09%,$0.70B,$35.57B,2.14%,$0.87B,$9.03B,12.37%,$1608,$433,$1175,$0,$691,$1216,$392,$0,$337,$77,$261,$264,$264,$0,$0,$222,222,$1.19,$1.19,$4873,$0,$0,$29017,$0,$3140,$396,$2427,$5963,$35568,$26103,$4874,$401,$5313,$31416,$0,$3305,$0,$4152,$35568,$0,$0,$0,$0,$0,$0,$0,$0,$0,$0,$0,$0,$0,$0,$0,$0,$0,$0,$0,$0,$0,$0,$0,$0,$0,$0,$0,$0,$0
20,2010-06-30,39.68,$0.00,0.0,$19.24,2.06,$13.05,3.04,$3.16,12.56,$26.55B,$26.24B,1.01,$2.18B,$3.69B,0.59,$4.04B,$2.98B,73.79%,$4.04B,$0.88B,21.81%,$4.04B,0,0.00%,$4.04B,0,0.00%,$4.04B,$1.00B,24.85%,$4.04B,$0.66B,16.26%,$0.66B,$3.69B,18.71%,$0.66B,$3.29B,21.21%,$0.66B,$32.50B,2.10%,$0.88B,$5.88B,13.27%,$1380,$395,$985,$0,$687,$1146,$234,$0,$233,$64,$168,$169,$169,$0,$0,$213,213,$0.80,$0.80,$4491,$0,$0,$26553,$0,$2894,$404,$2039,$5338,$32495,$26242,$2183,$340,$2559,$28801,$0,$2954,$0,$3693,$32495,$0,$0,$0,$0,$0,$0,$0,$0,$0,$0,$0,$0,$0,$0,$0,$0,$0,$0,$0,$0,$0,$0,$0,$0,$0,$0,$0,$0,$0
21,2010-03-31,35.91,$0.00,0.0,$19.12,1.88,$13.05,2.75,$2.99,12.01,$25.97B,$23.28B,1.12,$4.19B,$3.54B,1.18,$4.06B,$2.88B,70.78%,$4.06B,$0.80B,19.67%,$4.06B,0,0.00%,$4.06B,0,0.00%,$4.06B,$0.93B,22.90%,$4.06B,$0.63B,15.51%,$0.63B,$3.54B,19.17%,$0.63B,$3.12B,21.96%,$0.63B,$31.60B,2.08%,$0.80B,$7.72B,11.97%,$1262,$414,$847,$0,$772,$1242,$19,$0,$93,$-20,$113,$111,$111,$0,$0,$213,213,$0.52,$0.52,$4902,$0,$0,$25967,$0,$2866,$414,$1823,$5102,$31601,$23284,$4186,$559,$4780,$28064,$0,$2802,$0,$3537,$31601,$0,$0,$0,$0,$0,$0,$0,$0,$0,$0,$0,$0,$0,$0,$0,$0,$0,$0,$0,$0,$0,$0,$0,$0,$0,$0,$0,$0,$0
22,2009-12-31,35.53,$0.00,0.0,$19.12,1.86,$13.05,2.72,$2.99,11.88,$25.75B,$24.94B,1.03,$2.09B,$3.52B,0.59,$3.81B,$2.50B,65.56%,$3.81B,$0.44B,11.42%,$3.81B,0,0.00%,$3.81B,0,0.00%,$3.81B,$0.86B,22.55%,$3.81B,$0.60B,15.65%,$0.60B,$3.52B,19.60%,$0.60B,$3.09B,22.84%,$0.60B,$30.93B,2.04%,$0.44B,$5.60B,7.03%,$1577,$444,$1133,$0,$727,$1233,$343,$0,$380,$105,$276,$270,$270,$0,$0,$213,213,$1.26,$1.26,$5370,$0,$0,$25748,$0,$2773,$428,$1487,$4688,$30932,$24943,$2087,$333,$2473,$27416,$197,$2801,$0,$3516,$30932,$615,$178,$0,$178,$0,$0,$0,$0,$1796,$2776,$-89,$0,$0,$0,$0,$-280,$-109,$-479,$0,$-1532,$332,$0,$0,$-240,$0,$-1440,$857,$0,$0
23,2009-09-30,33.3,$0.00,0.0,$21.29,1.56,$-1.75,0.0,$2.74,12.15,$24.59B,$22.29B,1.1,$4.05B,$3.30B,1.23,$4.15B,$2.67B,64.32%,$4.15B,$0.59B,14.10%,$4.15B,0,0.00%,$4.15B,0,0.00%,$4.15B,$0.62B,14.87%,$4.15B,$0.53B,12.87%,$0.53B,$3.30B,18.78%,$0.53B,$2.89B,22.19%,$0.53B,$30.04B,1.88%,$0.59B,$7.35B,9.28%,$931,$438,$493,$0,$129,$628,$302,$0,$296,$37,$258,$257,$257,$0,$0,$207,207,$1.24,$1.24,$4138,$0,$0,$24589,$0,$2715,$410,$1678,$4803,$30044,$22287,$4050,$248,$4459,$26746,$0,$2622,$0,$3297,$30044,$0,$0,$0,$0,$0,$0,$0,$0,$0,$0,$0,$0,$0,$0,$0,$0,$0,$0,$0,$0,$0,$0,$0,$0,$0,$0,$0,$0,$0
24,2009-06-30,23.47,$0.00,0.0,$18.55,1.27,$-1.75,0.0,$2.74,8.57,$23.71B,$22.13B,1.07,$3.22B,$2.80B,1.15,$4.28B,$2.72B,63.66%,$4.28B,$0.59B,13.68%,$4.28B,0,0.00%,$4.28B,0,0.00%,$4.28B,$0.65B,15.25%,$4.28B,$0.74B,17.31%,$0.74B,$2.80B,26.46%,$0.74B,$2.38B,31.83%,$0.74B,$28.47B,2.58%,$0.59B,$6.02B,10.16%,$1360,$420,$940,$0,$738,$1205,$155,$0,$319,$76,$243,$239,$239,$0,$0,$211,211,$1.13,$1.13,$4078,$0,$0,$23708,$0,$2370,$418,$1389,$4177,$28470,$22134,$3220,$235,$3541,$25674,$177,$2248,$0,$2796,$28470,$0,$0,$0,$0,$0,$0,$0,$0,$0,$0,$0,$0,$0,$0,$0,$0,$0,$0,$0,$0,$0,$0,$0,$0,$0,$0,$0,$0,$0
25,2009-03-31,14.85,$0.00,0.0,$19.35,0.77,$-1.75,0.0,$3.13,4.75,$22.70B,$21.15B,1.07,$3.22B,$2.55B,1.26,$5.37B,$4.14B,77.15%,$5.37B,$2.49B,46.41%,$5.37B,0,0.00%,$5.37B,0,0.00%,$5.37B,$2.55B,47.51%,$5.37B,$0.99B,18.46%,$0.99B,$2.55B,29.47%,$0.99B,$2.08B,33.10%,$0.99B,$27.28B,3.28%,$2.49B,$5.77B,42.37%,$1393,$397,$996,$0,$732,$1180,$214,$0,$267,$65,$202,$199,$199,$0,$0,$213,213,$0.93,$0.93,$3901,$0,$0,$22703,$0,$2289,$472,$1267,$4027,$27277,$21148,$3217,$278,$3575,$24724,$165,$2045,$0,$2553,$27277,$0,$0,$0,$0,$0,$0,$0,$0,$0,$0,$0,$0,$0,$0,$0,$0,$0,$0,$0,$0,$0,$0,$0,$0,$0,$0,$0,$0,$0
26,2008-12-31,17.6,$0.00,0.0,$18.38,0.96,$-1.75,0.0,$3.21,5.48,$23.26B,$21.14B,1.1,$3.35B,$2.66B,1.26,$5.79B,$4.57B,78.82%,$5.79B,$2.82B,48.75%,$5.79B,0,0.00%,$5.79B,0,0.00%,$5.79B,$2.82B,48.75%,$5.79B,$1.12B,19.39%,$1.12B,$2.73B,28.76%,$1.12B,$2.28B,30.75%,$1.12B,$27.54B,3.55%,$2.82B,$6.08B,43.20%,$1396,$366,$1030,$0,$641,$1053,$344,$0,$333,$83,$250,$253,$253,$0,$0,$216,216,$1.17,$1.17,$3716,$0,$0,$23257,$0,$2033,$450,$1276,$3759,$27538,$21139,$3349,$263,$3672,$24811,$138,$2347,$0,$2726,$27538,$575,$140,$0,$140,$0,$0,$0,$0,$-954,$-3,$-328,$0,$0,$0,$0,$-402,$17,$-714,$0,$738,$353,$0,$0,$-199,$0,$892,$174,$0,$0
27,2008-09-30,20.84,$0.00,0.0,$10.94,1.9,$-15.86,0.0,$3.35,6.22,$26.23B,$25.79B,1.02,$2.05B,$3.11B,0.66,$4.21B,$3.61B,85.76%,$4.21B,$2.73B,64.70%,$4.21B,0,0.00%,$4.21B,0,0.00%,$4.21B,$2.73B,64.70%,$4.21B,$1.32B,31.28%,$1.32B,$3.11B,34.07%,$1.32B,$2.56B,36.55%,$1.32B,$31.30B,4.22%,$2.73B,$5.17B,41.19%,$1077,$333,$744,$0,$517,$906,$171,$0,$340,$72,$268,$283,$283,$0,$0,$215,215,$1.32,$1.32,$3657,$0,$0,$26228,$0,$2532,$551,$1482,$4565,$31299,$25793,$2053,$291,$2392,$28186,$213,$2516,$0,$3113,$31299,$0,$0,$0,$0,$0,$0,$0,$0,$0,$0,$0,$0,$0,$0,$0,$0,$0,$0,$0,$0,$0,$0,$0,$0,$0,$0,$0,$0,$0
28,2008-06-30,22.72,$0.00,0.0,$16.74,1.36,$-15.86,0.0,$4.10,5.54,$28.95B,$27.70B,1.05,$1.46B,$5.06B,0.29,$4.74B,$3.99B,84.11%,$4.74B,$2.83B,59.67%,$4.74B,0,0.00%,$4.74B,0,0.00%,$4.74B,$2.83B,59.67%,$4.74B,$1.27B,26.76%,$1.27B,$5.06B,29.62%,$1.27B,$5.06B,32.28%,$1.27B,$34.58B,3.57%,$2.83B,$6.52B,34.64%,$1207,$309,$897,$0,$619,$961,$246,$0,$291,$49,$242,$223,$223,$0,$0,$199,199,$1.12,$1.12,$4827,$0,$0,$28950,$0,$3573,$4,$1489,$5067,$34576,$27700,$1456,$359,$1815,$29515,$394,$3247,$0,$5061,$34576,$0,$0,$0,$0,$0,$0,$0,$0,$0,$0,$0,$0,$0,$0,$0,$0,$0,$0,$0,$0,$0,$0,$0,$0,$0,$0,$0,$0,$0
29,2008-03-31,25.43,$0.00,0.0,$15.15,1.68,$-15.86,0.0,$3.62,7.02,$27.35B,$24.33B,1.12,$3.67B,$4.72B,0.78,$4.04B,$2.87B,71.07%,$4.04B,$1.04B,25.77%,$4.04B,0,0.00%,$4.04B,0,0.00%,$4.04B,$1.04B,25.77%,$4.04B,$1.07B,26.56%,$1.07B,$4.72B,27.41%,$1.07B,$4.71B,31.85%,$1.07B,$33.03B,2.95%,$1.04B,$8.39B,11.76%,$2042,$260,$1782,$0,$594,$890,$1153,$0,$290,$74,$216,$217,$217,$0,$0,$197,197,$1.10,$1.10,$4300,$0,$0,$27347,$0,$3245,$6,$1925,$5176,$33028,$24325,$3670,$315,$3985,$28310,$0,$2994,$0,$4717,$33028,$0,$0,$0,$0,$0,$0,$0,$0,$0,$0,$0,$0,$0,$0,$0,$0,$0,$0,$0,$0,$0,$0,$0,$0,$0,$0,$0,$0,$0
30,2007-12-31,24.2,$0.00,0.0,$14.45,1.68,$-15.86,0.0,$3.42,7.08,$22.14B,$19.19B,1.15,$3.82B,$2.51B,1.53,$3.25B,$2.26B,69.38%,$3.25B,$0.72B,22.12%,$3.25B,0,0.00%,$3.25B,0,0.00%,$3.25B,$0.72B,22.12%,$3.25B,$0.91B,28.06%,$0.91B,$2.58B,29.11%,$0.91B,$2.10B,35.29%,$0.91B,$25.89B,2.82%,$0.72B,$6.40B,9.31%,$880,$220,$660,$0,$535,$782,$98,$0,$253,$64,$189,$265,$265,$0,$0,$279,279,$0.95,$0.95,$3592,$0,$0,$22135,$0,$1869,$485,$971,$3325,$25885,$19186,$3823,$250,$4118,$23304,$153,$2207,$0,$2581,$25885,$539,$116,$0,$116,$0,$0,$0,$0,$-6815,$-6030,$-286,$0,$0,$0,$0,$115,$75,$-95,$0,$496,$1431,$0,$15,$-200,$5983,$7725,$1599,$0,$0
31,2007-09-30,24.46,$0.00,0.0,$14.48,1.69,$-16.37,0.0,$3.31,7.39,$41.60B,$36.70B,1.13,$6.57B,$4.77B,1.38,$3.45B,$2.95B,85.67%,$3.45B,$2.39B,69.28%,$3.45B,0,0.00%,$3.45B,0,0.00%,$3.45B,$0.29B,8.53%,$3.45B,$0.70B,20.42%,$0.70B,$4.77B,24.32%,$0.70B,$3.85B,28.59%,$0.70B,$48.68B,2.37%,$2.39B,$11.34B,33.80%,$909,$161,$748,$0,$284,$471,$438,$0,$234,$51,$183,$227,$227,$0,$0,$197,197,$1.14,$1.14,$6361,$0,$0,$41597,$0,$3508,$917,$1855,$6280,$48684,$36698,$6569,$479,$7219,$43917,$0,$3790,$0,$4767,$48684,$0,$0,$0,$0,$0,$0,$0,$0,$0,$0,$0,$0,$0,$0,$0,$0,$0,$0,$0,$0,$0,$0,$0,$0,$0,$0,$0,$0,$0
32,2007-06-30,22.82,$0.00,0.0,$10.79,2.12,$-16.37,0.0,$2.13,10.71,$31.76B,$28.33B,1.12,$5.70B,$3.61B,1.58,$2.60B,$2.05B,79.01%,$2.60B,$1.10B,42.28%,$2.60B,0,0.00%,$2.60B,0,0.00%,$2.60B,$0.41B,15.83%,$2.60B,$0.46B,17.71%,$0.46B,$3.61B,18.38%,$0.46B,$2.83B,20.11%,$0.46B,$38.08B,1.93%,$1.10B,$9.31B,20.90%,$991,$213,$778,$0,$487,$734,$257,$0,$275,$69,$206,$203,$203,$0,$0,$191,191,$1.06,$1.06,$4661,$0,$0,$31761,$0,$3105,$779,$1698,$5582,$38084,$28331,$5697,$388,$6143,$34474,$0,$2672,$0,$3610,$38084,$0,$0,$0,$0,$0,$0,$0,$0,$0,$0,$0,$0,$0,$0,$0,$0,$0,$0,$0,$0,$0,$0,$0,$0,$0,$0,$0,$0,$0
33,2007-03-31,19.06,$0.00,0.0,$9.91,1.92,$-16.37,0.0,$1.77,10.77,$14.62B,$12.74B,1.15,$2.26B,$1.57B,1.44,$1.79B,$1.36B,76.01%,$1.79B,$0.59B,32.72%,$1.79B,0,0.00%,$1.79B,0,0.00%,$1.79B,$0.26B,14.60%,$1.79B,$0.31B,17.17%,$0.31B,$1.57B,12.77%,$0.31B,$1.56B,12.95%,$0.31B,$16.77B,1.35%,$0.59B,$3.84B,14.35%,$922,$200,$723,$0,$477,$710,$212,$0,$212,$61,$151,$151,$151,$0,$0,$197,197,$0.77,$0.77,$2799,$0,$0,$14621,$0,$1194,$15,$623,$1832,$16773,$12744,$2263,$169,$2455,$15199,$0,$1151,$0,$1574,$16773,$0,$0,$0,$0,$0,$0,$0,$0,$0,$0,$0,$0,$0,$0,$0,$0,$0,$0,$0,$0,$0,$0,$0,$0,$0,$0,$0,$0,$0
34,2006-12-31,21.24,$0.00,0.0,$9.97,2.13,$-16.37,0.0,$1.78,11.93,$13.09B,$11.43B,1.15,$2.15B,$1.58B,1.37,$1.75B,$1.19B,68.19%,$1.75B,$0.19B,10.87%,$1.75B,0,0.00%,$1.75B,0,0.00%,$1.75B,$0.41B,23.63%,$1.75B,$0.30B,17.22%,$0.30B,$1.63B,10.71%,$0.30B,$1.61B,10.87%,$0.30B,$15.41B,1.15%,$0.19B,$3.78B,4.43%,$1179,$212,$966,$0,$449,$694,$485,$0,$251,$74,$177,$156,$156,$0,$0,$251,251,$0.62,$0.62,$2088,$0,$0,$13089,$0,$1345,$18,$635,$1998,$15405,$11429,$2153,$173,$2348,$13776,$138,$1368,$0,$1629,$15405,$335,$66,$0,$66,$0,$0,$0,$0,$-3013,$-2572,$-93,$0,$0,$0,$0,$1271,$6,$1185,$0,$-328,$-154,$0,$0,$-165,$2158,$1511,$123,$0,$0
